{"id":"gen9vgc2023regulatione-1991195576","p1":"whyismynamejeff","p2":"stestatsuki","format":"[Gen 9] VGC 2023 Regulation E","log":"|j|\u2606whyismynamejeff\n|j|\u2606stestatsuki\n|t:|1700055942\n|gametype|doubles\n|player|p1|whyismynamejeff|colress|1046\n|player|p2|stestatsuki|gloria-masters|1019\n|teamsize|p1|6\n|teamsize|p2|6\n|gen|9\n|tier|[Gen 9] VGC 2023 Regulation E\n|rated|\n|rule|Species Clause: Limit one of each Pok\u00e9mon\n|rule|Item Clause: Limit one of each item\n|clearpoke\n|poke|p1|Farigiraf, L50, F|\n|poke|p1|Iron Hands, L50|\n|poke|p1|Urshifu-*, L50, M|\n|poke|p1|Chien-Pao, L50|\n|poke|p1|Tornadus, L50, M|\n|poke|p1|Flutter Mane, L50|\n|poke|p2|Tornadus, L50, M|\n|poke|p2|Landorus-Therian, L50, M|\n|poke|p2|Flutter Mane, L50|\n|poke|p2|Ogerpon-Hearthflame, L50, F|\n|poke|p2|Rillaboom, L50, F|\n|poke|p2|Chien-Pao, L50|\n|teampreview|4\nstestatsuki has agreed to open team sheets.\nwhyismynamejeff rejected open team sheets.\n|c|\u2606whyismynamejeff|nuh uh\n|inactive|Battle timer is ON: inactive players will automatically lose when time's up. (requested by stestatsuki)\n|\n|t:|1700055985\n|start\n|switch|p1a: Clowdy Howdy|Tornadus, L50, M|100\/100\n|switch|p1b: Big Misdreavus|Flutter Mane, L50|100\/100\n|switch|p2a: Tornadus|Tornadus, L50, M|100\/100\n|switch|p2b: Rillaboom|Rillaboom, L50, F|100\/100\n|-fieldstart|move: Grassy Terrain|[from] ability: Grassy Surge|[of] p2b: Rillaboom\n|turn|1\n|c|\u2606whyismynamejeff|i shalnt revea the sauce\n|\n|t:|1700056004\n|move|p2b: Rillaboom|Fake Out|p1a: Clowdy Howdy\n|-damage|p1a: Clowdy Howdy|83\/100\n|move|p2a: Tornadus|Tailwind|p2a: Tornadus\n|-sidestart|p2: stestatsuki|move: Tailwind\n|move|p1a: Clowdy Howdy|Tailwind|p1a: Clowdy Howdy\n|-sidestart|p1: whyismynamejeff|move: Tailwind\n|move|p1b: Big Misdreavus|Thunderbolt|p2a: Tornadus\n|-supereffective|p2a: Tornadus\n|-damage|p2a: Tornadus|0 fnt\n|faint|p2a: Tornadus\n|\n|upkeep\n|\n|t:|1700056019\n|switch|p2a: Flutter Mane|Flutter Mane, L50|100\/100\n|turn|2\n|\n|t:|1700056028\n|-terastallize|p2a: Flutter Mane|Fairy\n|move|p1b: Big Misdreavus|Thunderbolt|p2a: Flutter Mane\n|-damage|p2a: Flutter Mane|60\/100\n|move|p2a: Flutter Mane|Shadow Ball|p1b: Big Misdreavus\n|-supereffective|p1b: Big Misdreavus\n|-damage|p1b: Big Misdreavus|0 fnt\n|faint|p1b: Big Misdreavus\n|-end|p1b: Big Misdreavus|Protosynthesis|[silent]\n|move|p1a: Clowdy Howdy|Bleakwind Storm|p2a: Flutter Mane|[spread] p2a,p2b\n|-supereffective|p2b: Rillaboom\n|-damage|p2a: Flutter Mane|23\/100\n|-damage|p2b: Rillaboom|48\/100\n|move|p2b: Rillaboom|Wood Hammer|p1a: Clowdy Howdy\n|-resisted|p1a: Clowdy Howdy\n|-damage|p1a: Clowdy Howdy|34\/100\n|-damage|p2b: Rillaboom|34\/100|[from] Recoil\n|\n|-heal|p2a: Flutter Mane|29\/100|[from] Grassy Terrain\n|-heal|p2b: Rillaboom|40\/100|[from] Grassy Terrain\n|upkeep\n|\n|t:|1700056043\n|switch|p1b: Sword Cat|Chien-Pao, L50|100\/100\n|-ability|p1b: Sword Cat|Sword of Ruin\n|turn|3\n|inactive|stestatsuki has 30 seconds left.\n|\n|t:|1700056069\n|move|p2a: Flutter Mane|Shadow Ball|p1a: Clowdy Howdy\n|-damage|p1a: Clowdy Howdy|0 fnt\n|faint|p1a: Clowdy Howdy\n|move|p1b: Sword Cat|Ice Spinner|p2b: Rillaboom\n|-supereffective|p2b: Rillaboom\n|-damage|p2b: Rillaboom|0 fnt\n|-fieldend|move: Grassy Terrain\n|faint|p2b: Rillaboom\n|\n|upkeep\n|\n|t:|1700056079\n|switch|p1a: Water Bear|Urshifu-Rapid-Strike, L50, M|100\/100\n|switch|p2b: Ogerpon|Ogerpon-Hearthflame, L50, F|100\/100\n|-ability|p2b: Ogerpon|Mold Breaker\n|turn|4\n|\n|t:|1700056096\n|move|p2b: Ogerpon|Follow Me|p2b: Ogerpon\n|-singleturn|p2b: Ogerpon|move: Follow Me\n|move|p1b: Sword Cat|Sucker Punch||[still]\n|-fail|p1b: Sword Cat\n|move|p1a: Water Bear|Surging Strikes|p2b: Ogerpon\n|-crit|p2b: Ogerpon\n|-damage|p2b: Ogerpon|69\/100\n|-crit|p2b: Ogerpon\n|-damage|p2b: Ogerpon|38\/100\n|-crit|p2b: Ogerpon\n|-damage|p2b: Ogerpon|5\/100\n|-hitcount|p2b: Ogerpon|3\n|move|p2a: Flutter Mane|Shadow Ball|p1a: Water Bear\n|-damage|p1a: Water Bear|19\/100\n|\n|-sideend|p1: whyismynamejeff|move: Tailwind\n|-sideend|p2: stestatsuki|move: Tailwind\n|upkeep\n|turn|5\n|\n|t:|1700056121\n|move|p1b: Sword Cat|Sucker Punch|p2b: Ogerpon\n|-damage|p2b: Ogerpon|0 fnt\n|faint|p2b: Ogerpon\n|move|p1a: Water Bear|Surging Strikes|p2a: Flutter Mane\n|-crit|p2a: Flutter Mane\n|-damage|p2a: Flutter Mane|0 fnt\n|faint|p2a: Flutter Mane\n|-end|p2a: Flutter Mane|Protosynthesis|[silent]\n|-hitcount|p2: Flutter Mane|1\n|\n|win|whyismynamejeff\n|raw|whyismynamejeff's rating: 1046 &rarr; <strong>1077<\/strong><br \/>(+31 for winning)\n|raw|stestatsuki's rating: 1019 &rarr; <strong>1007<\/strong><br \/>(-12 for losing)\n|l|\u2606stestatsuki\n","uploadtime":1700056144,"views":8,"p1id":"whyismynamejeff","p2id":"stestatsuki","formatid":"gen9vgc2023regulatione","rating":1007,"private":0,"password":""}