{"id":"gen9vgc2023regulatione-1990776875","p1":"VilliBoiii","p2":"MasterJalan","format":"[Gen 9] VGC 2023 Regulation E","log":"|j|\u2606VilliBoiii\n|j|\u2606MasterJalan\n|t:|1699999799\n|gametype|doubles\n|player|p1|VilliBoiii|265|1000\n|player|p2|MasterJalan|2|1097\n|teamsize|p1|6\n|teamsize|p2|6\n|gen|9\n|tier|[Gen 9] VGC 2023 Regulation E\n|rated|\n|rule|Species Clause: Limit one of each Pok\u00e9mon\n|rule|Item Clause: Limit one of each item\n|clearpoke\n|poke|p1|Annihilape, L50, F|\n|poke|p1|Iron Valiant, L50|\n|poke|p1|Scream Tail, L50|\n|poke|p1|Maushold-Four, L50|\n|poke|p1|Fletchling, L50, F|\n|poke|p1|Garganacl, L50, M|\n|poke|p2|Dragonite, L50, F|\n|poke|p2|Gengar, L50, M|\n|poke|p2|Gastrodon, L50, F|\n|poke|p2|Gardevoir, L50, F|\n|poke|p2|Arcanine-Hisui, L50, M|\n|poke|p2|Brute Bonnet, L50|\n|teampreview|4\n|inactive|Battle timer is ON: inactive players will automatically lose when time's up. (requested by MasterJalan)\n|inactive|MasterJalan has 60 seconds left.\n|\n|t:|1699999834\n|start\n|switch|p1a: barnacle|Garganacl, L50, M|100\/100\n|switch|p1b: deadmau5|Maushold-Four, L50|100\/100\n|switch|p2a: Gardevoir|Gardevoir, L50, F, shiny|100\/100\n|switch|p2b: Gengar|Gengar, L50, M|100\/100\n|-ability|p2a: Gardevoir|Clear Body|[from] ability: Trace|[of] p1a: barnacle\n|turn|1\n|inactive|VilliBoiii has 30 seconds left.\n|inactive|MasterJalan has 30 seconds left.\n|\n|t:|1699999864\n|move|p1b: deadmau5|Protect|p1b: deadmau5\n|-singleturn|p1b: deadmau5|Protect\n|move|p2b: Gengar|Taunt|p1b: deadmau5\n|-activate|p1b: deadmau5|move: Protect\n|move|p2a: Gardevoir|Calm Mind|p2a: Gardevoir\n|-boost|p2a: Gardevoir|spa|1\n|-boost|p2a: Gardevoir|spd|1\n|move|p1a: barnacle|Stone Edge|p2b: Gengar\n|-damage|p2b: Gengar|3\/100\n|-start|p1a: barnacle|Disable|Stone Edge|[from] ability: Cursed Body|[of] p2b: Gengar\n|\n|upkeep\n|turn|2\n|\n|t:|1699999886\n|move|p1b: deadmau5|Protect|p1b: deadmau5\n|-singleturn|p1b: deadmau5|Protect\n|move|p2b: Gengar|Destiny Bond|p2b: Gengar\n|-singlemove|p2b: Gengar|Destiny Bond\n|move|p2a: Gardevoir|Calm Mind|p2a: Gardevoir\n|-boost|p2a: Gardevoir|spa|1\n|-boost|p2a: Gardevoir|spd|1\n|move|p1a: barnacle|Earthquake|p2b: Gengar|[spread] p2a,p2b\n|-activate|p1b: deadmau5|move: Protect\n|-supereffective|p2b: Gengar\n|-damage|p2a: Gardevoir|76\/100\n|-damage|p2b: Gengar|0 fnt\n|faint|p2b: Gengar\n|-activate|p2b: Gengar|move: Destiny Bond\n|faint|p1a: barnacle\n|\n|upkeep\n|\n|t:|1699999902\n|switch|p2b: Dragonite|Dragonite, L50, F, shiny|100\/100\n|switch|p1a: jigglypiggly|Scream Tail, L50|100\/100\n|turn|3\n|\n|t:|1699999923\n|-terastallize|p2b: Dragonite|Steel\n|move|p1a: jigglypiggly|Protect|p1a: jigglypiggly\n|-singleturn|p1a: jigglypiggly|Protect\n|move|p1b: deadmau5|Encore|p2a: Gardevoir\n|-start|p2a: Gardevoir|Encore\n|move|p2b: Dragonite|Iron Head|p1a: jigglypiggly\n|-activate|p1a: jigglypiggly|move: Protect\n|move|p2a: Gardevoir|Calm Mind|p2a: Gardevoir\n|-boost|p2a: Gardevoir|spa|1\n|-boost|p2a: Gardevoir|spd|1\n|\n|upkeep\n|turn|4\n|inactive|VilliBoiii has 30 seconds left.\n|inactive|VilliBoiii has 20 seconds left.\n|\n|t:|1699999963\n|-terastallize|p1a: jigglypiggly|Water\n|move|p1b: deadmau5|Population Bomb|p2a: Gardevoir\n|-damage|p2a: Gardevoir|67\/100\n|-damage|p2a: Gardevoir|60\/100\n|-damage|p2a: Gardevoir|52\/100\n|-damage|p2a: Gardevoir|44\/100\n|-enditem|p2a: Gardevoir|Sitrus Berry|[eat]\n|-heal|p2a: Gardevoir|68\/100|[from] item: Sitrus Berry\n|-damage|p2a: Gardevoir|61\/100\n|-damage|p2a: Gardevoir|54\/100\n|-damage|p2a: Gardevoir|46\/100\n|-damage|p2a: Gardevoir|38\/100\n|-damage|p2a: Gardevoir|30\/100\n|-damage|p2a: Gardevoir|22\/100\n|-hitcount|p2a: Gardevoir|10\n|move|p2b: Dragonite|Iron Head|p1a: jigglypiggly\n|-resisted|p1a: jigglypiggly\n|-damage|p1a: jigglypiggly|78\/100\n|move|p1a: jigglypiggly|Disable|p2a: Gardevoir\n|-start|p2a: Gardevoir|Disable|Calm Mind\n|cant|p2a: Gardevoir|Disable|Calm Mind\n|\n|upkeep\n|turn|5\n|inactive|VilliBoiii has 30 seconds left.\n|inactive|MasterJalan has 30 seconds left.\n|c|\u2606MasterJalan|u fucker\n|inactive|VilliBoiii has 20 seconds left.\n|\n|t:|1700000000\n|move|p1a: jigglypiggly|Protect|p1a: jigglypiggly\n|-singleturn|p1a: jigglypiggly|Protect\n|move|p1b: deadmau5|Population Bomb|p2a: Gardevoir\n|-damage|p2a: Gardevoir|13\/100\n|-damage|p2a: Gardevoir|6\/100\n|-damage|p2a: Gardevoir|0 fnt\n|faint|p2a: Gardevoir\n|-hitcount|p2: Gardevoir|3\n|move|p2b: Dragonite|Iron Head|p1b: deadmau5\n|-crit|p1b: deadmau5\n|-damage|p1b: deadmau5|0 fnt\n|faint|p1b: deadmau5\n|\n|upkeep\n|\n|t:|1700000012\n|switch|p1b: bird|Fletchling, L50, F|100\/100\n|switch|p2a: Gastrodon|Gastrodon, L50, F, shiny|100\/100\n|turn|6\n|\n|t:|1700000036\n|move|p1b: bird|Protect|p1b: bird\n|-singleturn|p1b: bird|Protect\n|move|p2b: Dragonite|Iron Head|p1b: bird\n|-activate|p1b: bird|move: Protect\n|move|p1a: jigglypiggly|Perish Song|p1a: jigglypiggly\n|-start|p1a: jigglypiggly|perish3|[silent]\n|-start|p1b: bird|perish3|[silent]\n|-start|p2a: Gastrodon|perish3|[silent]\n|-start|p2b: Dragonite|perish3|[silent]\n|-fieldactivate|move: Perish Song\n|move|p2a: Gastrodon|Yawn|p1a: jigglypiggly\n|-start|p1a: jigglypiggly|move: Yawn|[of] p2a: Gastrodon\n|\n|-start|p2b: Dragonite|perish3\n|-start|p1a: jigglypiggly|perish3\n|-start|p1b: bird|perish3\n|-start|p2a: Gastrodon|perish3\n|-status|p1b: bird|tox|[from] item: Toxic Orb\n|upkeep\n|turn|7\n|inactive|VilliBoiii has 30 seconds left.\n|inactive|VilliBoiii has 20 seconds left.\n|inactive|VilliBoiii has 15 seconds left.\n|inactive|VilliBoiii has 10 seconds left.\n|inactive|VilliBoiii has 5 seconds left.\n|\n|t:|1700000091\n|move|p1b: bird|Aerial Ace|p2a: Gastrodon\n|-damage|p2a: Gastrodon|89\/100\n|move|p2b: Dragonite|Iron Head|p1a: jigglypiggly\n|-resisted|p1a: jigglypiggly\n|-damage|p1a: jigglypiggly|55\/100\n|cant|p1a: jigglypiggly|flinch\n|move|p2a: Gastrodon|Hydro Pump|p1b: bird\n|-damage|p1b: bird|0 fnt\n|faint|p1b: bird\n|\n|-heal|p2a: Gastrodon|95\/100|[from] item: Leftovers\n|-end|p1a: jigglypiggly|move: Yawn|[silent]\n|-status|p1a: jigglypiggly|slp\n|-start|p2b: Dragonite|perish2\n|-start|p1a: jigglypiggly|perish2\n|-start|p2a: Gastrodon|perish2\n|upkeep\n|turn|8\n|c|\u2606VilliBoiii|:(\n|-message|VilliBoiii forfeited.\n|\n|win|MasterJalan\n|raw|VilliBoiii's rating: 1000 &rarr; <strong>1000<\/strong><br \/>(+0 for losing)\n|raw|MasterJalan's rating: 1097 &rarr; <strong>1116<\/strong><br \/>(+19 for winning)\n|l|\u2606VilliBoiii\n","uploadtime":1699999990,"views":9,"p1id":"villiboiii","p2id":"masterjalan","formatid":"gen9vgc2023regulatione","rating":1000,"private":0,"password":""}