{"id":"gen9vgc2023regulatione-1994875928","p1":"the brit crit","p2":"Tagiruz","format":"[Gen 9] VGC 2023 Regulation E","log":"|j|\u2606the brit crit\n|j|\u2606Tagiruz\n|n|\u2606the brit crit|thebritcrit\n|n|\u2606Tagiruz|tagiruz\n|html|View the match progress at <a href=\"\/game-bestof3-gen9vgc2023regulatione-1994868642\">game-bestof3-gen9vgc2023regulatione-1994868642<\/a>\n|t:|1700500816\n|gametype|doubles\n|player|p1|the brit crit|leon-tower|\n|player|p2|Tagiruz|hugh|\n|teamsize|p1|6\n|teamsize|p2|6\n|gen|9\n|tier|[Gen 9] VGC 2023 Regulation E\n|rated|Tournament battle\n|rule|Species Clause: Limit one of each Pok\u00e9mon\n|rule|Item Clause: Limit one of each item\n|clearpoke\n|poke|p1|Urshifu-*, L50, M|\n|poke|p1|Gothitelle, L50, F|\n|poke|p1|Flutter Mane, L50|\n|poke|p1|Rillaboom, L50, F|\n|poke|p1|Ogerpon-Hearthflame, L50, F|\n|poke|p1|Gastrodon, L50, F|\n|poke|p2|Baxcalibur, L50, F|\n|poke|p2|Tornadus, L50, M|\n|poke|p2|Arcanine-Hisui, L50, M|\n|poke|p2|Ninetales-Alola, L50, M|\n|poke|p2|Rillaboom, L50, F|\n|poke|p2|Urshifu-*, L50, M|\n|teampreview|4\n|showteam|p1|Urshifu-Rapid-Strike||MysticWater|UnseenFist|SurgingStrikes,AquaJet,Uturn,Protect|||M|||50|,,,,,Water]Gothitelle||SitrusBerry|ShadowTag|FakeOut,Psychic,Taunt,Protect|||F|||50|,,,,,Dark]Flutter Mane||BoosterEnergy|Protosynthesis|Moonblast,DazzlingGleam,ShadowBall,Protect||||||50|,,,,,Fairy]Rillaboom||AssaultVest|GrassySurge|FakeOut,DrumBeating,GrassyGlide,Uturn|||F|||50|,,,,,Fire]Ogerpon-Hearthflame||HearthflameMask|MoldBreaker|IvyCudgel,GrassyGlide,FollowMe,SpikyShield|||F|||50|,,,,,Fire]Gastrodon||Leftovers|StickyHold|EarthPower,IcyWind,Yawn,Protect|||F|||50|,,,,,Poison\n|showteam|p2|Baxcalibur||LoadedDice|ThermalExchange|IcicleSpear,HighHorsepower,DragonDance,Protect|||F|||50|,,,,,Poison]Tornadus||CovertCloak|Prankster|BleakwindStorm,RainDance,Taunt,Tailwind|||M|||50|,,,,,Flying]Arcanine-Hisui||SitrusBerry|Intimidate|RockSlide,FlareBlitz,WillOWisp,Protect|||M|||50|,,,,,Fairy]Ninetales-Alola||LightClay|SnowWarning|FreezeDry,Moonblast,Encore,AuroraVeil|||M|||50|,,,,,Water]Rillaboom||MiracleSeed|GrassySurge|WoodHammer,GrassyGlide,FakeOut,Protect|||F|||50|,,,,,Fire]Urshifu-Rapid-Strike||ChoiceScarf|UnseenFist|AquaJet,SurgingStrikes,CloseCombat,Uturn|||M|||50|,,,,,Water\n|j| PizzaTimeJoshua\n|j|%Radio Free C-Side\n|\n|t:|1700500863\n|start\n|switch|p1a: Gothitelle|Gothitelle, L50, F|100\/100\n|switch|p1b: Gastrodon|Gastrodon, L50, F|100\/100\n|switch|p2a: Princess|Ninetales-Alola, L50, M|100\/100\n|switch|p2b: Rajang|Rillaboom, L50, F, shiny|100\/100\n|-weather|Snow|[from] ability: Snow Warning|[of] p2a: Princess\n|-fieldstart|move: Grassy Terrain|[from] ability: Grassy Surge|[of] p2b: Rajang\n|turn|1\n|\n|t:|1700500911\n|move|p1a: Gothitelle|Fake Out|p2b: Rajang\n|-damage|p2b: Rajang|96\/100\n|cant|p2b: Rajang|flinch\n|move|p2a: Princess|Encore|p1a: Gothitelle\n|-start|p1a: Gothitelle|Encore\n|move|p1b: Gastrodon|Yawn|p2a: Princess\n|-start|p2a: Princess|move: Yawn|[of] p1b: Gastrodon\n|\n|-weather|Snow|[upkeep]\n|-heal|p2b: Rajang|100\/100|[from] Grassy Terrain\n|upkeep\n|turn|2\n|\n|t:|1700500945\n|switch|p1a: Flutter Mane|Flutter Mane, L50|100\/100\n|-enditem|p1a: Flutter Mane|Booster Energy\n|-activate|p1a: Flutter Mane|ability: Protosynthesis|[fromitem]\n|-start|p1a: Flutter Mane|protosynthesisspa\n|-terastallize|p1b: Gastrodon|Poison\n|move|p2b: Rajang|Grassy Glide|p1b: Gastrodon\n|-resisted|p1b: Gastrodon\n|-damage|p1b: Gastrodon|80\/100\n|move|p2a: Princess|Freeze-Dry|p1b: Gastrodon\n|-damage|p1b: Gastrodon|64\/100\n|move|p1b: Gastrodon|Yawn|p2b: Rajang\n|-start|p2b: Rajang|move: Yawn|[of] p1b: Gastrodon\n|\n|-weather|Snow|[upkeep]\n|-heal|p1b: Gastrodon|70\/100|[from] Grassy Terrain\n|-heal|p1b: Gastrodon|76\/100|[from] item: Leftovers\n|-end|p2a: Princess|move: Yawn|[silent]\n|-status|p2a: Princess|slp\n|upkeep\n|turn|3\n|\n|t:|1700500979\n|switch|p2a: Cloudy|Tornadus, L50, M|100\/100\n|move|p2b: Rajang|Protect|p2b: Rajang\n|-singleturn|p2b: Rajang|Protect\n|move|p1a: Flutter Mane|Dazzling Gleam|p2a: Cloudy|[spread] p2a\n|-activate|p2b: Rajang|move: Protect\n|-damage|p2a: Cloudy|46\/100\n|move|p1b: Gastrodon|Earth Power|p2b: Rajang\n|-activate|p2b: Rajang|move: Protect\n|\n|-weather|Snow|[upkeep]\n|-heal|p1b: Gastrodon|82\/100|[from] Grassy Terrain\n|-heal|p1b: Gastrodon|89\/100|[from] item: Leftovers\n|-end|p2b: Rajang|move: Yawn|[silent]\n|-status|p2b: Rajang|slp\n|upkeep\n|turn|4\n|inactive|Battle timer is ON: inactive players will automatically lose when time's up. (requested by the brit crit)\n|\n|t:|1700501020\n|move|p2a: Cloudy|Tailwind|p2a: Cloudy\n|-sidestart|p2: Tagiruz|move: Tailwind\n|cant|p2b: Rajang|slp\n|move|p1a: Flutter Mane|Dazzling Gleam|p2b: Rajang|[spread] p2a,p2b\n|-damage|p2a: Cloudy|0 fnt\n|-damage|p2b: Rajang|47\/100 slp\n|faint|p2a: Cloudy\n|move|p1b: Gastrodon|Icy Wind|p2b: Rajang\n|-supereffective|p2b: Rajang\n|-damage|p2b: Rajang|20\/100 slp\n|-unboost|p2b: Rajang|spe|1\n|\n|-weather|Snow|[upkeep]\n|-heal|p2b: Rajang|26\/100 slp|[from] Grassy Terrain\n|-heal|p1b: Gastrodon|95\/100|[from] Grassy Terrain\n|-heal|p1b: Gastrodon|100\/100|[from] item: Leftovers\n|upkeep\n|\n|t:|1700501026\n|switch|p2a: Otis|Arcanine-Hisui, L50, M|100\/100\n|-ability|p2a: Otis|Intimidate|boost\n|-unboost|p1a: Flutter Mane|atk|1\n|-unboost|p1b: Gastrodon|atk|1\n|turn|5\n|\n|t:|1700501043\n|-end|p1a: Flutter Mane|Protosynthesis|[silent]\n|switch|p1a: Gothitelle|Gothitelle, L50, F|100\/100\n|-terastallize|p2a: Otis|Fairy\n|move|p2a: Otis|Flare Blitz|p1a: Gothitelle\n|-damage|p1a: Gothitelle|41\/100\n|-enditem|p1a: Gothitelle|Sitrus Berry|[eat]\n|-heal|p1a: Gothitelle|66\/100|[from] item: Sitrus Berry\n|-damage|p2a: Otis|85\/100|[from] Recoil\n|cant|p2b: Rajang|slp\n|move|p1b: Gastrodon|Yawn|p2a: Otis\n|-start|p2a: Otis|move: Yawn|[of] p1b: Gastrodon\n|\n|-weather|none\n|-heal|p2a: Otis|91\/100|[from] Grassy Terrain\n|-heal|p2b: Rajang|32\/100 slp|[from] Grassy Terrain\n|-heal|p1a: Gothitelle|71\/100|[from] Grassy Terrain\n|-fieldend|move: Grassy Terrain\n|upkeep\n|turn|6\n|inactive|Tagiruz has 30 seconds left.\n|\n|t:|1700501078\n|-curestatus|p2b: Rajang|slp|[msg]\n|move|p2b: Rajang|Protect|p2b: Rajang\n|-singleturn|p2b: Rajang|Protect\n|move|p1a: Gothitelle|Fake Out|p2a: Otis\n|-damage|p2a: Otis|86\/100\n|cant|p2a: Otis|flinch\n|move|p1b: Gastrodon|Icy Wind|p2a: Otis|[spread] p2a\n|-activate|p2b: Rajang|move: Protect\n|-damage|p2a: Otis|77\/100\n|-unboost|p2a: Otis|spe|1\n|\n|-end|p2a: Otis|move: Yawn|[silent]\n|-status|p2a: Otis|slp\n|upkeep\n|turn|7\n|\n|t:|1700501092\n|cant|p2a: Otis|slp\n|move|p2b: Rajang|Wood Hammer|p1a: Gothitelle\n|-damage|p1a: Gothitelle|0 fnt\n|faint|p1a: Gothitelle\n|-damage|p2b: Rajang|13\/100|[from] Recoil\n|move|p1b: Gastrodon|Icy Wind|p2b: Rajang|[spread] p2a,p2b\n|-supereffective|p2b: Rajang\n|-damage|p2a: Otis|69\/100 slp\n|-damage|p2b: Rajang|0 fnt\n|-unboost|p2a: Otis|spe|1\n|faint|p2b: Rajang\n|\n|-sideend|p2: Tagiruz|move: Tailwind\n|upkeep\n|\n|t:|1700501105\n|switch|p1a: Flutter Mane|Flutter Mane, L50|100\/100\n|switch|p2b: Princess|Ninetales-Alola, L50, M|100\/100 slp\n|-weather|Snow|[from] ability: Snow Warning|[of] p2b: Princess\n|turn|8\n|\n|t:|1700501127\n|-curestatus|p2a: Otis|slp|[msg]\n|move|p2a: Otis|Protect|p2a: Otis\n|-singleturn|p2a: Otis|Protect\n|move|p1a: Flutter Mane|Moonblast|p2b: Princess\n|-damage|p2b: Princess|44\/100 slp\n|cant|p2b: Princess|slp\n|move|p1b: Gastrodon|Icy Wind|p2b: Princess|[spread] p2b\n|-activate|p2a: Otis|move: Protect\n|-resisted|p2b: Princess\n|-damage|p2b: Princess|39\/100 slp\n|-unboost|p2b: Princess|spe|1\n|\n|-weather|Snow|[upkeep]\n|upkeep\n|turn|9\n|\n|t:|1700501148\n|move|p1a: Flutter Mane|Moonblast|p2b: Princess\n|-damage|p2b: Princess|0 fnt\n|faint|p2b: Princess\n|move|p1b: Gastrodon|Yawn|p2a: Otis\n|-start|p2a: Otis|move: Yawn|[of] p1b: Gastrodon\n|move|p2a: Otis|Flare Blitz|p1b: Gastrodon\n|-crit|p1b: Gastrodon\n|-damage|p1b: Gastrodon|35\/100\n|-damage|p2a: Otis|46\/100|[from] Recoil\n|-enditem|p2a: Otis|Sitrus Berry|[eat]\n|-heal|p2a: Otis|71\/100|[from] item: Sitrus Berry\n|\n|-weather|Snow|[upkeep]\n|-heal|p1b: Gastrodon|41\/100|[from] item: Leftovers\n|upkeep\n|turn|10\n|\n|t:|1700501158\n|move|p1a: Flutter Mane|Protect|p1a: Flutter Mane\n|-singleturn|p1a: Flutter Mane|Protect\n|move|p1b: Gastrodon|Protect|p1b: Gastrodon\n|-singleturn|p1b: Gastrodon|Protect\n|move|p2a: Otis|Rock Slide|p1b: Gastrodon|[spread] \n|-activate|p1a: Flutter Mane|move: Protect\n|-activate|p1b: Gastrodon|move: Protect\n|\n|-weather|Snow|[upkeep]\n|-heal|p1b: Gastrodon|47\/100|[from] item: Leftovers\n|-end|p2a: Otis|move: Yawn|[silent]\n|-status|p2a: Otis|slp\n|upkeep\n|turn|11\n|\n|t:|1700501165\n|move|p1a: Flutter Mane|Moonblast|p2a: Otis\n|-damage|p2a: Otis|20\/100 slp\n|-unboost|p2a: Otis|spa|1\n|move|p1b: Gastrodon|Earth Power|p2a: Otis\n|-damage|p2a: Otis|0 fnt\n|faint|p2a: Otis\n|\n|win|the brit crit\n|c|\u2606Tagiruz|gg\n|l| PizzaTimeJoshua\n|l| Radio Free C-Side\n|c|\u2606the brit crit|ggs\n|l|\u2606Tagiruz\n|j|\u2606Tagiruz\n|player|p2|Tagiruz|hugh\n","uploadtime":1700501182,"views":2,"p1id":"thebritcrit","p2id":"tagiruz","formatid":"gen9vgc2023regulatione","rating":0,"private":0,"password":""}