{"id":"gen9vgc2023regulatione-1992877839","p1":"leolc0926","p2":"Strin","format":"[Gen 9] VGC 2023 Regulation E","log":"|j|\u2606leolc0926\n|j|\u2606Strin\n|t:|1700243209\n|gametype|doubles\n|player|p1|leolc0926|steven|1480\n|player|p2|Strin|101|1423\n|teamsize|p1|6\n|teamsize|p2|6\n|gen|9\n|tier|[Gen 9] VGC 2023 Regulation E\n|rated|\n|rule|Species Clause: Limit one of each Pok\u00e9mon\n|rule|Item Clause: Limit one of each item\n|clearpoke\n|poke|p1|Indeedee-F, L50, F|\n|poke|p1|Armarouge, L50, M|\n|poke|p1|Torkoal, L50, M|\n|poke|p1|Kingambit, L50, F|\n|poke|p1|Enamorus-Therian, L50, F|\n|poke|p1|Lilligant-Hisui, L50, F|\n|poke|p2|Charjabug, L50, M|\n|poke|p2|Chi-Yu, L50|\n|poke|p2|Tornadus, L50, M|\n|poke|p2|Munkidori, L50, M|\n|poke|p2|Urshifu-*, L50, F|\n|poke|p2|Flutter Mane, L50|\n|teampreview|4\nleolc0926 has agreed to open team sheets.\n|inactive|Battle timer is ON: inactive players will automatically lose when time's up. (requested by Strin)\n|\n|t:|1700243238\n|start\n|switch|p1a: \u7ba1\u4e8b\u4fa0|Indeedee-F, L50, F|100\/100\n|switch|p1b: \u30b0\u30ec\u30f3\u30a2\u30eb\u30de|Armarouge, L50, M|100\/100\n|switch|p2a: Her dad|Tornadus, L50, M|100\/100\n|switch|p2b: Her|Flutter Mane, L50|100\/100\n|-fieldstart|move: Psychic Terrain|[from] ability: Psychic Surge|[of] p1a: \u7ba1\u4e8b\u4fa0\n|-enditem|p1a: \u7ba1\u4e8b\u4fa0|Psychic Seed\n|-boost|p1a: \u7ba1\u4e8b\u4fa0|spd|1|[from] item: Psychic Seed\n|turn|1\n|inactive|Strin has 30 seconds left.\n|\n|t:|1700243268\n|move|p1b: \u30b0\u30ec\u30f3\u30a2\u30eb\u30de|Protect|p1b: \u30b0\u30ec\u30f3\u30a2\u30eb\u30de\n|-singleturn|p1b: \u30b0\u30ec\u30f3\u30a2\u30eb\u30de|Protect\n|move|p2b: Her|Dazzling Gleam|p1a: \u7ba1\u4e8b\u4fa0|[spread] p1a\n|-activate|p1b: \u30b0\u30ec\u30f3\u30a2\u30eb\u30de|move: Protect\n|-damage|p1a: \u7ba1\u4e8b\u4fa0|80\/100\n|move|p2a: Her dad|Bleakwind Storm|p1b: \u30b0\u30ec\u30f3\u30a2\u30eb\u30de|[spread] p1a\n|-activate|p1b: \u30b0\u30ec\u30f3\u30a2\u30eb\u30de|move: Protect\n|-damage|p1a: \u7ba1\u4e8b\u4fa0|54\/100\n|-unboost|p1a: \u7ba1\u4e8b\u4fa0|spe|1\n|move|p1a: \u7ba1\u4e8b\u4fa0|Trick Room|p1a: \u7ba1\u4e8b\u4fa0\n|-fieldstart|move: Trick Room|[of] p1a: \u7ba1\u4e8b\u4fa0\n|\n|upkeep\n|turn|2\n|inactive|leolc0926 has 30 seconds left.\n|\n|t:|1700243295\n|-end|p2b: Her|Protosynthesis|[silent]\n|switch|p2b: Her goldfish|Chi-Yu, L50|100\/100\n|-ability|p2b: Her goldfish|Beads of Ruin\n|move|p1a: \u7ba1\u4e8b\u4fa0|Helping Hand|p1b: \u30b0\u30ec\u30f3\u30a2\u30eb\u30de\n|-singleturn|p1b: \u30b0\u30ec\u30f3\u30a2\u30eb\u30de|Helping Hand|[of] p1a: \u7ba1\u4e8b\u4fa0\n|move|p1b: \u30b0\u30ec\u30f3\u30a2\u30eb\u30de|Expanding Force|p2b: Her goldfish|[spread] p2a\n|-immune|p2b: Her goldfish\n|-damage|p2a: Her dad|0 fnt\n|faint|p2a: Her dad\n|-damage|p1b: \u30b0\u30ec\u30f3\u30a2\u30eb\u30de|91\/100|[from] item: Life Orb\n|\n|upkeep\n|\n|t:|1700243306\n|switch|p2a: \u201cDon\u2019tWryBoutHim\u201d|Charjabug, L50, M, shiny|100\/100\n|turn|3\n|\n|t:|1700243318\n|move|p2a: \u201cDon\u2019tWryBoutHim\u201d|Protect|p2a: \u201cDon\u2019tWryBoutHim\u201d\n|-singleturn|p2a: \u201cDon\u2019tWryBoutHim\u201d|Protect\n|move|p2b: Her goldfish|Protect|p2b: Her goldfish\n|-singleturn|p2b: Her goldfish|Protect\n|move|p1a: \u7ba1\u4e8b\u4fa0|Follow Me|p1a: \u7ba1\u4e8b\u4fa0\n|-singleturn|p1a: \u7ba1\u4e8b\u4fa0|move: Follow Me\n|move|p1b: \u30b0\u30ec\u30f3\u30a2\u30eb\u30de|Armor Cannon|p2b: Her goldfish\n|-activate|p2b: Her goldfish|move: Protect\n|\n|upkeep\n|turn|4\n|\n|t:|1700243336\n|move|p1a: \u7ba1\u4e8b\u4fa0|Follow Me|p1a: \u7ba1\u4e8b\u4fa0\n|-singleturn|p1a: \u7ba1\u4e8b\u4fa0|move: Follow Me\n|move|p2a: \u201cDon\u2019tWryBoutHim\u201d|Struggle Bug|p1b: \u30b0\u30ec\u30f3\u30a2\u30eb\u30de|[spread] p1a,p1b\n|-supereffective|p1a: \u7ba1\u4e8b\u4fa0\n|-damage|p1a: \u7ba1\u4e8b\u4fa0|39\/100\n|-damage|p1b: \u30b0\u30ec\u30f3\u30a2\u30eb\u30de|78\/100\n|-unboost|p1a: \u7ba1\u4e8b\u4fa0|spa|1\n|-unboost|p1b: \u30b0\u30ec\u30f3\u30a2\u30eb\u30de|spa|1\n|move|p1b: \u30b0\u30ec\u30f3\u30a2\u30eb\u30de|Armor Cannon|p2a: \u201cDon\u2019tWryBoutHim\u201d\n|-supereffective|p2a: \u201cDon\u2019tWryBoutHim\u201d\n|-damage|p2a: \u201cDon\u2019tWryBoutHim\u201d|0 fnt\n|-unboost|p1b: \u30b0\u30ec\u30f3\u30a2\u30eb\u30de|def|1\n|-unboost|p1b: \u30b0\u30ec\u30f3\u30a2\u30eb\u30de|spd|1\n|faint|p2a: \u201cDon\u2019tWryBoutHim\u201d\n|-damage|p1b: \u30b0\u30ec\u30f3\u30a2\u30eb\u30de|69\/100|[from] item: Life Orb\n|move|p2b: Her goldfish|Dark Pulse|p1a: \u7ba1\u4e8b\u4fa0\n|-supereffective|p1a: \u7ba1\u4e8b\u4fa0\n|-damage|p1a: \u7ba1\u4e8b\u4fa0|0 fnt\n|faint|p1a: \u7ba1\u4e8b\u4fa0\n|-damage|p2b: Her goldfish|91\/100|[from] item: Life Orb\n|\n|upkeep\n|inactive|leolc0926 has 30 seconds left.\n|\n|t:|1700243363\n|switch|p2a: Her|Flutter Mane, L50|100\/100\n|switch|p1a: \u5927\u9171\u4fa0|Kingambit, L50, F|100\/100\n|turn|5\n|\n|t:|1700243385\n|move|p2b: Her goldfish|Protect|p2b: Her goldfish\n|-singleturn|p2b: Her goldfish|Protect\n|move|p1a: \u5927\u9171\u4fa0|Swords Dance|p1a: \u5927\u9171\u4fa0\n|-boost|p1a: \u5927\u9171\u4fa0|atk|2\n|move|p1b: \u30b0\u30ec\u30f3\u30a2\u30eb\u30de|Armor Cannon|p2a: Her\n|-damage|p2a: Her|20\/100\n|-unboost|p1b: \u30b0\u30ec\u30f3\u30a2\u30eb\u30de|def|1\n|-unboost|p1b: \u30b0\u30ec\u30f3\u30a2\u30eb\u30de|spd|1\n|-damage|p1b: \u30b0\u30ec\u30f3\u30a2\u30eb\u30de|59\/100|[from] item: Life Orb\n|move|p2a: Her|Moonblast|p1b: \u30b0\u30ec\u30f3\u30a2\u30eb\u30de\n|-resisted|p1b: \u30b0\u30ec\u30f3\u30a2\u30eb\u30de\n|-damage|p1b: \u30b0\u30ec\u30f3\u30a2\u30eb\u30de|0 fnt\n|faint|p1b: \u30b0\u30ec\u30f3\u30a2\u30eb\u30de\n|\n|-fieldend|move: Trick Room\n|-fieldend|move: Psychic Terrain\n|upkeep\n|\n|t:|1700243400\n|switch|p1b: \u55b7\u706b\u4fa0|Torkoal, L50, M|100\/100\n|-weather|SunnyDay|[from] ability: Drought|[of] p1b: \u55b7\u706b\u4fa0\n|-activate|p2a: Her|ability: Protosynthesis\n|-start|p2a: Her|protosynthesisspa\n|turn|6\n|\n|t:|1700243421\n|-terastallize|p1a: \u5927\u9171\u4fa0|Fire\n|move|p1a: \u5927\u9171\u4fa0|Sucker Punch|p2a: Her\n|-damage|p2a: Her|0 fnt\n|faint|p2a: Her\n|-end|p2a: Her|Protosynthesis|[silent]\n|move|p2b: Her goldfish|Heat Wave|p1b: \u55b7\u706b\u4fa0|[spread] p1a,p1b\n|-resisted|p1a: \u5927\u9171\u4fa0\n|-resisted|p1b: \u55b7\u706b\u4fa0\n|-damage|p1a: \u5927\u9171\u4fa0|54\/100\n|-damage|p1b: \u55b7\u706b\u4fa0|32\/100\n|-damage|p2b: Her goldfish|81\/100|[from] item: Life Orb\n|move|p1b: \u55b7\u706b\u4fa0|Earth Power|p2b: Her goldfish\n|-supereffective|p2b: Her goldfish\n|-damage|p2b: Her goldfish|18\/100\n|\n|-weather|SunnyDay|[upkeep]\n|upkeep\n|turn|7\n|c|\u2606leolc0926|gg\n|\n|t:|1700243433\n|move|p1a: \u5927\u9171\u4fa0|Sucker Punch|p2b: Her goldfish\n|-resisted|p2b: Her goldfish\n|-crit|p2b: Her goldfish\n|-damage|p2b: Her goldfish|0 fnt\n|faint|p2b: Her goldfish\n|\n|win|leolc0926\n|raw|leolc0926's rating: 1480 &rarr; <strong>1497<\/strong><br \/>(+17 for winning)\n|raw|Strin's rating: 1423 &rarr; <strong>1406<\/strong><br \/>(-17 for losing)\n|l|\u2606Strin\n","uploadtime":1700243441,"views":9,"p1id":"leolc0926","p2id":"strin","formatid":"gen9vgc2023regulatione","rating":1406,"private":0,"password":""}