{"id":"gen9vgc2023regulatione-1993267829","p1":"DNDStwo","p2":"Toedscool4school","format":"[Gen 9] VGC 2023 Regulation E","log":"|j|\u2606DNDStwo\n|j|\u2606Toedscool4school\n|t:|1700287155\n|gametype|doubles\n|player|p1|DNDStwo|101|1468\n|player|p2|Toedscool4school|sada-ai|1565\n|teamsize|p1|6\n|teamsize|p2|6\n|gen|9\n|tier|[Gen 9] VGC 2023 Regulation E\n|rated|\n|rule|Species Clause: Limit one of each Pok\u00e9mon\n|rule|Item Clause: Limit one of each item\n|clearpoke\n|poke|p1|Ninetales-Alola, L50, F|\n|poke|p1|Iron Bundle, L50|\n|poke|p1|Baxcalibur, L50, M|\n|poke|p1|Weavile, L50, M|\n|poke|p1|Sinistcha, L50|\n|poke|p1|Arcanine-Hisui, L50, F|\n|poke|p2|Chien-Pao, L50|\n|poke|p2|Regieleki, L50|\n|poke|p2|Urshifu-*, L50, F|\n|poke|p2|Tornadus, L50, M|\n|poke|p2|Rillaboom, L50, M|\n|poke|p2|Pelipper, L50, M|\n|teampreview|4\n|inactive|Battle timer is ON: inactive players will automatically lose when time's up. (requested by Toedscool4school)\n|inactive|DNDStwo has 60 seconds left.\n|\n|t:|1700287196\n|start\n|switch|p1a: Weavile|Weavile, L50, M|100\/100\n|switch|p1b: Iron Bundle|Iron Bundle, L50|100\/100\n|switch|p2a: Urshifu|Urshifu-Rapid-Strike, L50, F|100\/100\n|switch|p2b: Tornadus|Tornadus, L50, M|100\/100\n|-enditem|p1b: Iron Bundle|Booster Energy\n|-activate|p1b: Iron Bundle|ability: Quark Drive|[fromitem]\n|-start|p1b: Iron Bundle|quarkdrivespe\n|turn|1\n|inactive|DNDStwo has 30 seconds left.\n|\n|t:|1700287221\n|move|p2b: Tornadus|Protect|p2b: Tornadus\n|-singleturn|p2b: Tornadus|Protect\n|move|p2a: Urshifu|Protect|p2a: Urshifu\n|-singleturn|p2a: Urshifu|Protect\n|move|p1a: Weavile|Fake Out|p2b: Tornadus\n|-activate|p2b: Tornadus|move: Protect\n|move|p1b: Iron Bundle|Freeze-Dry|p2a: Urshifu\n|-activate|p2a: Urshifu|move: Protect\n|\n|upkeep\n|turn|2\n|\n|t:|1700287240\n|switch|p1a: Ninetales|Ninetales-Alola, L50, F|100\/100\n|-weather|Snow|[from] ability: Snow Warning|[of] p1a: Ninetales\n|move|p2b: Tornadus|Tailwind|p2b: Tornadus\n|-sidestart|p2: Toedscool4school|move: Tailwind\n|move|p1b: Iron Bundle|Blizzard|p2a: Urshifu|[spread] p2a,p2b\n|-resisted|p2a: Urshifu\n|-crit|p2a: Urshifu\n|-supereffective|p2b: Tornadus\n|-damage|p2a: Urshifu|57\/100\n|-damage|p2b: Tornadus|0 fnt\n|faint|p2b: Tornadus\n|move|p2a: Urshifu|Surging Strikes|p1a: Ninetales\n|-crit|p1a: Ninetales\n|-damage|p1a: Ninetales|76\/100\n|-crit|p1a: Ninetales\n|-damage|p1a: Ninetales|49\/100\n|-crit|p1a: Ninetales\n|-damage|p1a: Ninetales|21\/100\n|-hitcount|p1a: Ninetales|3\n|\n|-weather|Snow|[upkeep]\n|upkeep\n|\n|t:|1700287252\n|switch|p2b: Regieleki|Regieleki, L50|100\/100\n|turn|3\n|\n|t:|1700287275\n|-terastallize|p1b: Iron Bundle|Ghost\n|-terastallize|p2a: Urshifu|Water\n|move|p1a: Ninetales|Protect|p1a: Ninetales\n|-singleturn|p1a: Ninetales|Protect\n|move|p2a: Urshifu|Aqua Jet|p1b: Iron Bundle\n|-damage|p1b: Iron Bundle|52\/100\n|move|p2b: Regieleki|Electroweb|p1b: Iron Bundle|[spread] p1b\n|-activate|p1a: Ninetales|move: Protect\n|-damage|p1b: Iron Bundle|0 fnt\n|faint|p1b: Iron Bundle\n|-end|p1b: Iron Bundle|Quark Drive|[silent]\n|\n|-weather|Snow|[upkeep]\n|upkeep\n|\n|t:|1700287292\n|switch|p1b: Weavile|Weavile, L50, M|100\/100\n|turn|4\n|\n|t:|1700287308\n|move|p2a: Urshifu|Aqua Jet|p1a: Ninetales\n|-damage|p1a: Ninetales|0 fnt\n|faint|p1a: Ninetales\n|move|p2b: Regieleki|Electroweb|p1b: Weavile\n|-damage|p1b: Weavile|24\/100\n|-unboost|p1b: Weavile|spe|1\n|move|p1b: Weavile|Knock Off|p2b: Regieleki\n|-damage|p2b: Regieleki|7\/100\n|-enditem|p2b: Regieleki|Choice Specs|[from] move: Knock Off|[of] p1b: Weavile\n|\n|-weather|Snow|[upkeep]\n|upkeep\n|\n|t:|1700287318\n|switch|p1a: Arcanine|Arcanine-Hisui, L50, F|100\/100\n|-ability|p1a: Arcanine|Intimidate|boost\n|-unboost|p2a: Urshifu|atk|1\n|-unboost|p2b: Regieleki|atk|1\n|turn|5\n|\n|t:|1700287333\n|move|p1a: Arcanine|Extreme Speed|p2a: Urshifu\n|-damage|p2a: Urshifu|13\/100\n|move|p2a: Urshifu|Aqua Jet|p1b: Weavile\n|-damage|p1b: Weavile|0 fnt\n|faint|p1b: Weavile\n|move|p2b: Regieleki|Electroweb|p1a: Arcanine\n|-damage|p1a: Arcanine|60\/100\n|-unboost|p1a: Arcanine|spe|1\n|\n|-weather|Snow|[upkeep]\n|-sideend|p2: Toedscool4school|move: Tailwind\n|upkeep\n|turn|6\n|\n|t:|1700287344\n|move|p1a: Arcanine|Extreme Speed|p2b: Regieleki\n|-damage|p2b: Regieleki|0 fnt\n|faint|p2b: Regieleki\n|move|p2a: Urshifu|Surging Strikes|p1a: Arcanine\n|-supereffective|p1a: Arcanine\n|-crit|p1a: Arcanine\n|-damage|p1a: Arcanine|0 fnt\n|faint|p1a: Arcanine\n|-hitcount|p1: Arcanine|1\n|\n|win|Toedscool4school\n|raw|DNDStwo's rating: 1468 &rarr; <strong>1453<\/strong><br \/>(-15 for losing)\n|raw|Toedscool4school's rating: 1565 &rarr; <strong>1580<\/strong><br \/>(+15 for winning)\n","uploadtime":1700287347,"views":11,"p1id":"dndstwo","p2id":"toedscool4school","formatid":"gen9vgc2023regulatione","rating":1453,"private":0,"password":""}