{"id":"gen9vgc2023regulatione-1996491359","p1":"slimejrlegit","p2":"urcamazurca","format":"[Gen 9] VGC 2023 Regulation E","log":"|j|\u2606slimejrlegit\n|j|\u2606urcamazurca\n|t:|1700687183\n|gametype|doubles\n|player|p1|slimejrlegit|170|1245\n|player|p2|urcamazurca|cynthia-gen4|1259\n|teamsize|p1|6\n|teamsize|p2|6\n|gen|9\n|tier|[Gen 9] VGC 2023 Regulation E\n|rated|\n|rule|Species Clause: Limit one of each Pok\u00e9mon\n|rule|Item Clause: Limit one of each item\n|clearpoke\n|poke|p1|Ceruledge, L50, F|\n|poke|p1|Brute Bonnet, L50|\n|poke|p1|Dondozo, L50, M|\n|poke|p1|Enamorus, L50, F|\n|poke|p1|Tatsugiri, L50, M|\n|poke|p1|Regieleki, L50|\n|poke|p2|Chi-Yu, L50|\n|poke|p2|Iron Hands, L50|\n|poke|p2|Farigiraf, L50, M|\n|poke|p2|Iron Bundle, L50|\n|poke|p2|Landorus-Therian, L50, M|\n|poke|p2|Ursaluna, L50, M|\n|teampreview|4\n|inactive|Battle timer is ON: inactive players will automatically lose when time's up. (requested by urcamazurca)\n|\n|t:|1700687207\n|start\n|switch|p1a: Brute Bonnet|Brute Bonnet, L50|100\/100\n|switch|p1b: Ceruledge|Ceruledge, L50, F|100\/100\n|switch|p2a: Enzo|Iron Hands, L50|100\/100\n|switch|p2b: Giraffa|Farigiraf, L50, M|100\/100\n|-enditem|p1a: Brute Bonnet|Booster Energy\n|-activate|p1a: Brute Bonnet|ability: Protosynthesis|[fromitem]\n|-start|p1a: Brute Bonnet|protosynthesisspd\n|turn|1\n|inactive|urcamazurca has 30 seconds left.\n|\n|t:|1700687232\n|-terastallize|p2b: Giraffa|Fairy\n|move|p2a: Enzo|Fake Out|p1a: Brute Bonnet\n|-damage|p1a: Brute Bonnet|88\/100\n|move|p1b: Ceruledge|Swords Dance|p1b: Ceruledge\n|-boost|p1b: Ceruledge|atk|2\n|cant|p1a: Brute Bonnet|flinch\n|move|p2b: Giraffa|Trick Room|p2b: Giraffa\n|-fieldstart|move: Trick Room|[of] p2b: Giraffa\n|\n|upkeep\n|turn|2\n|inactive|slimejrlegit has 30 seconds left.\n|inactive|urcamazurca has 30 seconds left.\n|inactive|slimejrlegit has 20 seconds left.\n|inactive|urcamazurca has 20 seconds left.\n|\n|t:|1700687269\n|move|p1b: Ceruledge|Protect|p1b: Ceruledge\n|-singleturn|p1b: Ceruledge|Protect\n|move|p2a: Enzo|Drain Punch|p1a: Brute Bonnet\n|-supereffective|p1a: Brute Bonnet\n|-damage|p1a: Brute Bonnet|18\/100\n|move|p1a: Brute Bonnet|Spore|p2a: Enzo\n|-status|p2a: Enzo|slp|[from] move: Spore\n|move|p2b: Giraffa|Psychic|p1a: Brute Bonnet\n|-immune|p1a: Brute Bonnet\n|\n|upkeep\n|turn|3\n|c|\u2606slimejrlegit|Oh you\u2019re bold\n|inactive|slimejrlegit has 30 seconds left.\n|inactive|urcamazurca has 30 seconds left.\n|inactive|slimejrlegit has 20 seconds left.\n|\n|t:|1700687305\n|switch|p2b: Orso|Ursaluna, L50, M|100\/100\n|cant|p2a: Enzo|slp\n|move|p1a: Brute Bonnet|Spore|p2b: Orso\n|-status|p2b: Orso|slp|[from] move: Spore\n|move|p1b: Ceruledge|Swords Dance|p1b: Ceruledge\n|-boost|p1b: Ceruledge|atk|2\n|\n|upkeep\n|turn|4\n|c|\u2606slimejrlegit|He\u2019s like that\n|c|\u2606slimejrlegit|the super shroom\n|\n|t:|1700687324\n|cant|p2b: Orso|slp\n|cant|p2a: Enzo|slp\n|move|p1a: Brute Bonnet|Synthesis|p1a: Brute Bonnet\n|-heal|p1a: Brute Bonnet|68\/100\n|move|p1b: Ceruledge|Bitter Blade|p2a: Enzo\n|-damage|p2a: Enzo|6\/100 slp\n|\n|upkeep\n|turn|5\n|\n|t:|1700687338\n|move|p1b: Ceruledge|Protect|p1b: Ceruledge\n|-singleturn|p1b: Ceruledge|Protect\n|cant|p2b: Orso|slp\n|cant|p2a: Enzo|slp\n|move|p1a: Brute Bonnet|Spore|p2a: Enzo\n|-fail|p2a: Enzo|slp\n|\n|-fieldend|move: Trick Room\n|upkeep\n|turn|6\n|inactive|slimejrlegit has 30 seconds left.\n|\n|t:|1700687370\n|-curestatus|p2b: Orso|slp|[msg]\n|move|p2b: Orso|Protect|p2b: Orso\n|-singleturn|p2b: Orso|Protect\n|move|p1b: Ceruledge|Bitter Blade|p2b: Orso\n|-activate|p2b: Orso|move: Protect\n|move|p1a: Brute Bonnet|Pollen Puff|p2b: Orso\n|-activate|p2b: Orso|move: Protect\n|-curestatus|p2a: Enzo|slp|[msg]\n|move|p2a: Enzo|Drain Punch|p1a: Brute Bonnet\n|-supereffective|p1a: Brute Bonnet\n|-damage|p1a: Brute Bonnet|4\/100\n|-heal|p2a: Enzo|36\/100|[from] drain|[of] p1a: Brute Bonnet\n|\n|-status|p2b: Orso|brn|[from] item: Flame Orb\n|upkeep\n|turn|7\n|\n|t:|1700687394\n|move|p1b: Ceruledge|Protect|p1b: Ceruledge\n|-singleturn|p1b: Ceruledge|Protect\n|move|p1a: Brute Bonnet|Spore|p2a: Enzo\n|-status|p2a: Enzo|slp|[from] move: Spore\n|cant|p2a: Enzo|slp\n|move|p2b: Orso|Headlong Rush|p1b: Ceruledge\n|-activate|p1b: Ceruledge|move: Protect\n|\n|-damage|p2b: Orso|95\/100 brn|[from] brn\n|upkeep\n|turn|8\n|\n|t:|1700687413\n|-end|p2a: Enzo|Quark Drive|[silent]\n|switch|p2a: Cane|Landorus-Therian, L50, M|100\/100\n|-ability|p2a: Cane|Intimidate|boost\n|-unboost|p1a: Brute Bonnet|atk|1\n|-fail|p1b: Ceruledge|unboost|[from] item: Clear Amulet|[of] p1b: Ceruledge\n|move|p2b: Orso|Protect|p2b: Orso\n|-singleturn|p2b: Orso|Protect\n|move|p1b: Ceruledge|Bitter Blade|p2b: Orso\n|-activate|p2b: Orso|move: Protect\n|move|p1a: Brute Bonnet|Pollen Puff|p2b: Orso\n|-activate|p2b: Orso|move: Protect\n|\n|-damage|p2b: Orso|89\/100 brn|[from] brn\n|upkeep\n|turn|9\n|inactive|slimejrlegit has 30 seconds left.\n|\n|t:|1700687440\n|switch|p1b: Tatsugiri|Tatsugiri, L50, M|100\/100\n|-end|p1a: Brute Bonnet|Protosynthesis|[silent]\n|switch|p1a: BOZO|Dondozo, L50, M, shiny|100\/100\n|-activate|p1b: Tatsugiri|ability: Commander|[of] p1a: BOZO\n|-boost|p1a: BOZO|atk|2\n|-boost|p1a: BOZO|spa|2\n|-boost|p1a: BOZO|spe|2\n|-boost|p1a: BOZO|def|2\n|-boost|p1a: BOZO|spd|2\n|move|p2a: Cane|Stomping Tantrum|p1b: Tatsugiri|[miss]\n|-miss|p2a: Cane|p1b: Tatsugiri\n|move|p2b: Orso|Facade|p1a: BOZO\n|-damage|p1a: BOZO|60\/100\n|\n|-heal|p1a: BOZO|67\/100|[from] item: Leftovers\n|-damage|p2b: Orso|83\/100 brn|[from] brn\n|upkeep\n|turn|10\n|inactive|urcamazurca has 30 seconds left.\n|\n|t:|1700687472\n|switch|p2a: Giraffa|Farigiraf, L50, M, tera:Fairy|100\/100\n|move|p1a: BOZO|Protect|p1a: BOZO\n|-singleturn|p1a: BOZO|Protect\n|move|p2b: Orso|Facade|p1a: BOZO\n|-activate|p1a: BOZO|move: Protect\n|\n|-heal|p1a: BOZO|73\/100|[from] item: Leftovers\n|-damage|p2b: Orso|77\/100 brn|[from] brn\n|upkeep\n|turn|11\n|\n|t:|1700687486\n|move|p2b: Orso|Protect|p2b: Orso\n|-singleturn|p2b: Orso|Protect\n|move|p1a: BOZO|Liquidation|p2a: Giraffa\n|-damage|p2a: Giraffa|42\/100\n|-enditem|p2a: Giraffa|Sitrus Berry|[eat]\n|-heal|p2a: Giraffa|67\/100|[from] item: Sitrus Berry\n|move|p2a: Giraffa|Trick Room|p2a: Giraffa\n|-fieldstart|move: Trick Room|[of] p2a: Giraffa\n|\n|-heal|p1a: BOZO|79\/100|[from] item: Leftovers\n|-damage|p2b: Orso|71\/100 brn|[from] brn\n|upkeep\n|turn|12\n|\n|t:|1700687510\n|move|p2a: Giraffa|Helping Hand|p2b: Orso\n|-singleturn|p2b: Orso|Helping Hand|[of] p2a: Giraffa\n|move|p1a: BOZO|Protect|p1a: BOZO\n|-singleturn|p1a: BOZO|Protect\n|move|p2b: Orso|Facade|p1a: BOZO\n|-activate|p1a: BOZO|move: Protect\n|\n|-heal|p1a: BOZO|85\/100|[from] item: Leftovers\n|-damage|p2b: Orso|65\/100 brn|[from] brn\n|upkeep\n|turn|13\n|\n|t:|1700687535\n|move|p2a: Giraffa|Helping Hand|p2b: Orso\n|-singleturn|p2b: Orso|Helping Hand|[of] p2a: Giraffa\n|move|p2b: Orso|Facade|p1a: BOZO\n|-damage|p1a: BOZO|27\/100\n|move|p1a: BOZO|Liquidation|p2b: Orso\n|-supereffective|p2b: Orso\n|-damage|p2b: Orso|0 fnt\n|faint|p2b: Orso\n|\n|-heal|p1a: BOZO|33\/100|[from] item: Leftovers\n|upkeep\n|\n|t:|1700687548\n|switch|p2b: Cane|Landorus-Therian, L50, M|100\/100\n|-ability|p2b: Cane|Intimidate|boost\n|-unboost|p1a: BOZO|atk|1\n|-unboost|p1b: Tatsugiri|atk|1\n|turn|14\n|\n|t:|1700687567\n|switch|p2b: Enzo|Iron Hands, L50|36\/100 slp\n|move|p1a: BOZO|Liquidation|p2b: Enzo\n|-damage|p2b: Enzo|0 fnt\n|faint|p2b: Enzo\n|-end|p2b: Enzo|Quark Drive|[silent]\n|move|p2a: Giraffa|Trick Room|p2a: Giraffa\n|-fieldend|move: Trick Room\n|\n|-heal|p1a: BOZO|39\/100|[from] item: Leftovers\n|upkeep\n|\n|t:|1700687578\n|switch|p2b: Cane|Landorus-Therian, L50, M|100\/100\n|-ability|p2b: Cane|Intimidate|boost\n|-unboost|p1a: BOZO|atk|1\n|-unboost|p1b: Tatsugiri|atk|1\n|turn|15\n|c|\u2606slimejrlegit|Use trick room again\n|c|\u2606slimejrlegit|it\u2019ll help\n|inactive|urcamazurca has 30 seconds left.\n|\n|t:|1700687607\n|move|p1a: BOZO|Protect|p1a: BOZO\n|-singleturn|p1a: BOZO|Protect\n|move|p2b: Cane|Stomping Tantrum|p1a: BOZO\n|-activate|p1a: BOZO|move: Protect\n|move|p2a: Giraffa|Dazzling Gleam|p1b: Tatsugiri|[spread] \n|-miss|p2a: Giraffa|p1b: Tatsugiri\n|-activate|p1a: BOZO|move: Protect\n|\n|-heal|p1a: BOZO|46\/100|[from] item: Leftovers\n|upkeep\n|turn|16\n|c|\u2606slimejrlegit|Nooo trick room\n|c|\u2606slimejrlegit|I\u2019m telling you\n|\n|t:|1700687627\n|move|p2b: Cane|Stomping Tantrum|p1a: BOZO\n|-damage|p1a: BOZO|31\/100\n|move|p1a: BOZO|Liquidation|p2b: Cane\n|-supereffective|p2b: Cane\n|-damage|p2b: Cane|24\/100\n|move|p2a: Giraffa|Dazzling Gleam|p1a: BOZO|[spread] p1a\n|-miss|p2a: Giraffa|p1b: Tatsugiri\n|-damage|p1a: BOZO|20\/100\n|\n|-heal|p1a: BOZO|27\/100|[from] item: Leftovers\n|upkeep\n|turn|17\n|c|\u2606slimejrlegit|Cmon man\n|c|\u2606slimejrlegit|Tr\n|c|\u2606slimejrlegit|Tr\n|c|\u2606slimejrlegit|tr\n|c|\u2606slimejrlegit|tr\n|inactive|urcamazurca has 30 seconds left.\n|\n|t:|1700687656\n|move|p2a: Giraffa|Helping Hand|p2b: Cane\n|-singleturn|p2b: Cane|Helping Hand|[of] p2a: Giraffa\n|move|p1a: BOZO|Protect|p1a: BOZO\n|-singleturn|p1a: BOZO|Protect\n|move|p2b: Cane|Stomping Tantrum|p1a: BOZO\n|-activate|p1a: BOZO|move: Protect\n|\n|-heal|p1a: BOZO|33\/100|[from] item: Leftovers\n|upkeep\n|turn|18\n|c|\u2606slimejrlegit|Stop using the wrong moves\n|\n|t:|1700687672\n|move|p2a: Giraffa|Helping Hand|p2b: Cane\n|-singleturn|p2b: Cane|Helping Hand|[of] p2a: Giraffa\n|move|p2b: Cane|Stomping Tantrum|p1a: BOZO\n|-damage|p1a: BOZO|14\/100\n|move|p1a: BOZO|Liquidation|p2b: Cane\n|-supereffective|p2b: Cane\n|-damage|p2b: Cane|0 fnt\n|faint|p2b: Cane\n|\n|-heal|p1a: BOZO|20\/100|[from] item: Leftovers\n|upkeep\n|turn|19\n|c|\u2606slimejrlegit|Trick room\n|c|\u2606slimejrlegit|I know you wanna use ir\n|inactive|urcamazurca has 30 seconds left.\n|c|\u2606slimejrlegit|Cmon man\n|\n|t:|1700687697\n|move|p1a: BOZO|Protect|p1a: BOZO\n|-singleturn|p1a: BOZO|Protect\n|move|p2a: Giraffa|Dazzling Gleam|p1b: Tatsugiri|[spread] \n|-miss|p2a: Giraffa|p1b: Tatsugiri\n|-activate|p1a: BOZO|move: Protect\n|\n|-heal|p1a: BOZO|26\/100|[from] item: Leftovers\n|upkeep\n|turn|20\n|inactive|urcamazurca has 25 seconds left this turn.\n|c|\u2606slimejrlegit|I\u2019m letting yoy\n|inactive|urcamazurca has 20 seconds left.\n|c|\u2606slimejrlegit|im literally letting you\n|\n|t:|1700687715\n|move|p1a: BOZO|Order Up|p2a: Giraffa\n|-immune|p2a: Giraffa\n|move|p2a: Giraffa|Dazzling Gleam|p1a: BOZO|[spread] p1a\n|-miss|p2a: Giraffa|p1b: Tatsugiri\n|-crit|p1a: BOZO\n|-damage|p1a: BOZO|0 fnt\n|faint|p1a: BOZO\n|\n|upkeep\n|inactive|urcamazurca has 20 seconds left this turn.\n|\n|t:|1700687719\n|switch|p1a: Brute Bonnet|Brute Bonnet, L50|4\/100\n|turn|21\n|inactive|urcamazurca has 20 seconds left this turn.\n|inactive|urcamazurca has 15 seconds left.\n|\n|t:|1700687726\n|move|p1b: Tatsugiri|Icy Wind|p2a: Giraffa\n|-damage|p2a: Giraffa|46\/100\n|-unboost|p2a: Giraffa|spe|1\n|move|p1a: Brute Bonnet|Spore|p2a: Giraffa\n|-status|p2a: Giraffa|slp|[from] move: Spore\n|cant|p2a: Giraffa|slp\n|\n|upkeep\n|turn|22\n|inactive|urcamazurca has 15 seconds left this turn.\n|inactive|urcamazurca has 10 seconds left.\n|\n|t:|1700687736\n|switch|p1b: Ceruledge|Ceruledge, L50, F|100\/100\n|move|p1a: Brute Bonnet|Synthesis|p1a: Brute Bonnet\n|-heal|p1a: Brute Bonnet|54\/100\n|-curestatus|p2a: Giraffa|slp|[msg]\n|move|p2a: Giraffa|Dazzling Gleam|p1b: Ceruledge|[spread] p1a,p1b\n|-supereffective|p1a: Brute Bonnet\n|-resisted|p1b: Ceruledge\n|-damage|p1a: Brute Bonnet|25\/100\n|-damage|p1b: Ceruledge|89\/100\n|\n|upkeep\n|turn|23\n|inactive|urcamazurca has 10 seconds left this turn.\n|inactive|urcamazurca has 5 seconds left.\n|c|\u2606slimejrlegit|Trick room cmon\n|-message|urcamazurca lost due to inactivity.\n|\n|win|slimejrlegit\n|raw|slimejrlegit's rating: 1245 &rarr; <strong>1271<\/strong><br \/>(+26 for winning)\n|raw|urcamazurca's rating: 1259 &rarr; <strong>1233<\/strong><br \/>(-26 for losing)\n|c|\u2606urcamazurca|Lol\n|l|\u2606urcamazurca\n","uploadtime":1700687798,"views":2,"p1id":"slimejrlegit","p2id":"urcamazurca","formatid":"gen9vgc2023regulatione","rating":1233,"private":0,"password":""}