{"id":"gen9vgc2023regulatione-1993075589","p1":"Matcha Man Savage","p2":"hoffmann1313","format":"[Gen 9] VGC 2023 Regulation E","log":"|j|\u2606Matcha Man Savage\n|j|\u2606hoffmann1313\n|t:|1700261958\n|gametype|doubles\n|player|p1|Matcha Man Savage|1|1353\n|player|p2|hoffmann1313|170|1333\n|teamsize|p1|6\n|teamsize|p2|6\n|gen|9\n|tier|[Gen 9] VGC 2023 Regulation E\n|rated|\n|rule|Species Clause: Limit one of each Pok\u00e9mon\n|rule|Item Clause: Limit one of each item\n|clearpoke\n|poke|p1|Chi-Yu, L50|\n|poke|p1|Flutter Mane, L50|\n|poke|p1|Iron Bundle, L50|\n|poke|p1|Landorus-Therian, L50, M|\n|poke|p1|Tornadus, L50, M|\n|poke|p1|Iron Hands, L50|\n|poke|p2|Ogerpon-Wellspring, L50, F|\n|poke|p2|Urshifu-*, L50, F|\n|poke|p2|Pelipper, L50, F|\n|poke|p2|Ludicolo, L50, F|\n|poke|p2|Floatzel, L50, F|\n|poke|p2|Basculegion-F, L50, F|\n|teampreview|4\n|inactive|Battle timer is ON: inactive players will automatically lose when time's up. (requested by hoffmann1313)\n|inactive|Matcha Man Savage also wants the timer to be on.\n|inactive|Matcha Man Savage has 60 seconds left.\n|inactive|hoffmann1313 has 60 seconds left.\n|\n|t:|1700262016\n|start\n|switch|p1a: Tornadus|Tornadus, L50, M|100\/100\n|switch|p1b: RoboSanta|Iron Bundle, L50|100\/100\n|switch|p2a: Pelipper|Pelipper, L50, F|100\/100\n|switch|p2b: Floatzel|Floatzel, L50, F|100\/100\n|-weather|RainDance|[from] ability: Drizzle|[of] p2a: Pelipper\n|-enditem|p1b: RoboSanta|Booster Energy\n|-activate|p1b: RoboSanta|ability: Quark Drive|[fromitem]\n|-start|p1b: RoboSanta|quarkdrivespe\n|turn|1\n|\n|t:|1700262037\n|move|p2a: Pelipper|Wide Guard|p2a: Pelipper\n|-singleturn|p2a: Pelipper|Wide Guard\n|move|p1a: Tornadus|Sunny Day|p1a: Tornadus\n|-weather|SunnyDay\n|move|p1b: RoboSanta|Freeze-Dry|p2b: Floatzel\n|-supereffective|p2b: Floatzel\n|-damage|p2b: Floatzel|0 fnt\n|faint|p2b: Floatzel\n|\n|-weather|SunnyDay|[upkeep]\n|upkeep\n|\n|t:|1700262045\n|switch|p2b: Urshifu|Urshifu-Rapid-Strike, L50, F|100\/100\n|turn|2\n|\n|t:|1700262059\n|switch|p1a: Chi-Yu|Chi-Yu, L50|100\/100\n|-ability|p1a: Chi-Yu|Beads of Ruin\n|switch|p2a: Basculegion|Basculegion-F, L50, F|100\/100\n|-terastallize|p2b: Urshifu|Electric\n|move|p1b: RoboSanta|Freeze-Dry|p2a: Basculegion\n|-supereffective|p2a: Basculegion\n|-damage|p2a: Basculegion|0 fnt\n|faint|p2a: Basculegion\n|move|p2b: Urshifu|Thunder Punch|p1b: RoboSanta\n|-supereffective|p1b: RoboSanta\n|-damage|p1b: RoboSanta|13\/100\n|\n|-weather|SunnyDay|[upkeep]\n|upkeep\n|\n|t:|1700262068\n|switch|p2a: Pelipper|Pelipper, L50, F|100\/100\n|-weather|RainDance|[from] ability: Drizzle|[of] p2a: Pelipper\n|turn|3\n|inactive|Matcha Man Savage has 30 seconds left.\n|\n|t:|1700262095\n|move|p1a: Chi-Yu|Protect|p1a: Chi-Yu\n|-singleturn|p1a: Chi-Yu|Protect\n|move|p2b: Urshifu|Aqua Jet|p1b: RoboSanta\n|-resisted|p1b: RoboSanta\n|-damage|p1b: RoboSanta|0 fnt\n|faint|p1b: RoboSanta\n|-end|p1b: RoboSanta|Quark Drive|[silent]\n|move|p2a: Pelipper|Weather Ball|p1a: Chi-Yu\n|-activate|p1a: Chi-Yu|move: Protect\n|\n|-weather|RainDance|[upkeep]\n|upkeep\n|\n|t:|1700262099\n|switch|p1b: Tornadus|Tornadus, L50, M|100\/100\n|turn|4\n|\n|t:|1700262121\n|move|p2a: Pelipper|Wide Guard|p2a: Pelipper\n|-singleturn|p2a: Pelipper|Wide Guard\n|move|p1b: Tornadus|Sunny Day|p1b: Tornadus\n|-weather|SunnyDay\n|move|p2b: Urshifu|Surging Strikes|p1a: Chi-Yu\n|-supereffective|p1a: Chi-Yu\n|-crit|p1a: Chi-Yu\n|-damage|p1a: Chi-Yu|76\/100\n|-supereffective|p1a: Chi-Yu\n|-crit|p1a: Chi-Yu\n|-damage|p1a: Chi-Yu|55\/100\n|-supereffective|p1a: Chi-Yu\n|-crit|p1a: Chi-Yu\n|-damage|p1a: Chi-Yu|33\/100\n|-hitcount|p1a: Chi-Yu|3\n|move|p1a: Chi-Yu|Overheat|p2b: Urshifu\n|-enditem|p2b: Urshifu|Focus Sash\n|-damage|p2b: Urshifu|1\/100\n|-unboost|p1a: Chi-Yu|spa|2\n|-damage|p1a: Chi-Yu|24\/100|[from] item: Life Orb\n|\n|-weather|SunnyDay|[upkeep]\n|upkeep\n|turn|5\n|inactive|Matcha Man Savage has 30 seconds left.\n|\n|t:|1700262149\n|move|p2b: Urshifu|Aqua Jet|p1a: Chi-Yu\n|-supereffective|p1a: Chi-Yu\n|-crit|p1a: Chi-Yu\n|-damage|p1a: Chi-Yu|0 fnt\n|faint|p1a: Chi-Yu\n|move|p1b: Tornadus|Tailwind|p1b: Tornadus\n|-sidestart|p1: Matcha Man Savage|move: Tailwind\n|move|p2a: Pelipper|Weather Ball|p1b: Tornadus\n|-damage|p1b: Tornadus|56\/100\n|\n|-weather|SunnyDay|[upkeep]\n|upkeep\n|\n|t:|1700262152\n|switch|p1a: Tairy Fera|Flutter Mane, L50|100\/100\n|-activate|p1a: Tairy Fera|ability: Protosynthesis\n|-start|p1a: Tairy Fera|protosynthesisspa\n|turn|6\n|\n|t:|1700262168\n|move|p2b: Urshifu|Protect|p2b: Urshifu\n|-singleturn|p2b: Urshifu|Protect\n|move|p1a: Tairy Fera|Shadow Ball|p2b: Urshifu\n|-activate|p2b: Urshifu|move: Protect\n|move|p1b: Tornadus|Bleakwind Storm|p2b: Urshifu|[spread] \n|-activate|p2b: Urshifu|move: Protect\n|-miss|p1b: Tornadus|p2a: Pelipper\n|move|p2a: Pelipper|Weather Ball|p1a: Tairy Fera\n|-damage|p1a: Tairy Fera|72\/100\n|\n|-weather|SunnyDay|[upkeep]\n|upkeep\n|turn|7\n|\n|t:|1700262188\n|move|p2b: Urshifu|Aqua Jet|p1a: Tairy Fera\n|-damage|p1a: Tairy Fera|57\/100\n|move|p1a: Tairy Fera|Shadow Ball|p2b: Urshifu\n|-crit|p2b: Urshifu\n|-damage|p2b: Urshifu|0 fnt\n|faint|p2b: Urshifu\n|move|p1b: Tornadus|Bleakwind Storm|p2a: Pelipper\n|-damage|p2a: Pelipper|37\/100\n|-unboost|p2a: Pelipper|spe|1\n|move|p2a: Pelipper|Weather Ball|p1a: Tairy Fera\n|-damage|p1a: Tairy Fera|30\/100\n|\n|-weather|SunnyDay|[upkeep]\n|upkeep\n|turn|8\n|-message|hoffmann1313 forfeited.\n|\n|win|Matcha Man Savage\n|raw|Matcha Man Savage's rating: 1353 &rarr; <strong>1371<\/strong><br \/>(+18 for winning)\n|raw|hoffmann1313's rating: 1316 &rarr; <strong>1298<\/strong><br \/>(-18 for losing)\n|l|\u2606hoffmann1313\n","uploadtime":1700263748,"views":12,"p1id":"matchamansavage","p2id":"hoffmann1313","formatid":"gen9vgc2023regulatione","rating":1298,"private":0,"password":""}