{"id":"gen9vgc2023regulatione-1994852149","p1":"GreenMachine798","p2":"LotharJ","format":"[Gen 9] VGC 2023 Regulation E","log":"|j|\u2606GreenMachine798\n|j|\u2606LotharJ\n|t:|1700498669\n|gametype|doubles\n|player|p1|GreenMachine798|steven|1402\n|player|p2|LotharJ|102|1472\n|teamsize|p1|6\n|teamsize|p2|6\n|gen|9\n|tier|[Gen 9] VGC 2023 Regulation E\n|rated|\n|rule|Species Clause: Limit one of each Pok\u00e9mon\n|rule|Item Clause: Limit one of each item\n|clearpoke\n|poke|p1|Iron Hands, L50|\n|poke|p1|Flutter Mane, L50|\n|poke|p1|Ogerpon-Wellspring, L50, F|\n|poke|p1|Landorus-Therian, L50, M|\n|poke|p1|Heatran, L50, F|\n|poke|p1|Amoonguss, L50, F|\n|poke|p2|Flutter Mane, L50|\n|poke|p2|Landorus-Therian, L50, M|\n|poke|p2|Heatran, L50, M|\n|poke|p2|Ninetales-Alola, L50, F|\n|poke|p2|Rillaboom, L50, M|\n|poke|p2|Gastrodon, L50, F|\n|teampreview|4\n|inactive|Battle timer is ON: inactive players will automatically lose when time's up. (requested by LotharJ)\n|\n|t:|1700498690\n|start\n|switch|p1a: Iron Hands|Iron Hands, L50|100\/100\n|switch|p1b: Landorus|Landorus-Therian, L50, M|100\/100\n|switch|p2a: Heatran|Heatran, L50, M, shiny|100\/100\n|switch|p2b: Ninetales|Ninetales-Alola, L50, F, shiny|100\/100\n|-ability|p1b: Landorus|Intimidate|boost\n|-unboost|p2a: Heatran|atk|1\n|-unboost|p2b: Ninetales|atk|1\n|-weather|Snow|[from] ability: Snow Warning|[of] p2b: Ninetales\n|turn|1\n|\n|t:|1700498708\n|move|p1a: Iron Hands|Fake Out|p2b: Ninetales\n|-damage|p2b: Ninetales|87\/100\n|move|p1b: Landorus|Stomping Tantrum|p2a: Heatran\n|-supereffective|p2a: Heatran\n|-damage|p2a: Heatran|0 fnt\n|faint|p2a: Heatran\n|cant|p2b: Ninetales|flinch\n|\n|-weather|Snow|[upkeep]\n|upkeep\n|\n|t:|1700498719\n|switch|p2a: Gastrodon|Gastrodon, L50, F, shiny|100\/100\n|turn|2\n|\n|t:|1700498729\n|move|p1b: Landorus|Stomping Tantrum|p2b: Ninetales\n|-damage|p2b: Ninetales|49\/100\n|move|p2b: Ninetales|Encore|p1a: Iron Hands\n|-start|p1a: Iron Hands|Encore\n|move|p1a: Iron Hands|Fake Out||[still]\n|-hint|Fake Out only works on your first turn out.\n|-fail|p1a: Iron Hands\n|move|p2a: Gastrodon|Ice Beam|p1b: Landorus\n|-supereffective|p1b: Landorus\n|-damage|p1b: Landorus|12\/100\n|\n|-weather|Snow|[upkeep]\n|upkeep\n|turn|3\n|inactive|LotharJ has 30 seconds left.\n|\n|t:|1700498754\n|-end|p1a: Iron Hands|Quark Drive|[silent]\n|switch|p1a: Heatran|Heatran, L50, F|100\/100\n|move|p1b: Landorus|Stomping Tantrum|p2b: Ninetales\n|-damage|p2b: Ninetales|11\/100\n|move|p2b: Ninetales|Aurora Veil|p2b: Ninetales\n|-sidestart|p2: LotharJ|move: Aurora Veil\n|move|p2a: Gastrodon|Yawn|p1a: Heatran\n|-start|p1a: Heatran|move: Yawn|[of] p2a: Gastrodon\n|\n|-weather|Snow|[upkeep]\n|upkeep\n|turn|4\n|inactive|LotharJ has 30 seconds left.\n|\n|t:|1700498786\n|switch|p1b: Ogerpon|Ogerpon-Wellspring, L50, F|100\/100\n|switch|p2b: Rillaboom|Rillaboom, L50, M, shiny|100\/100\n|-fieldstart|move: Grassy Terrain|[from] ability: Grassy Surge|[of] p2b: Rillaboom\n|move|p1a: Heatran|Heat Wave|p2a: Gastrodon|[spread] p2a,p2b\n|-resisted|p2a: Gastrodon\n|-supereffective|p2b: Rillaboom\n|-damage|p2a: Gastrodon|89\/100\n|-damage|p2b: Rillaboom|56\/100\n|move|p2a: Gastrodon|Ice Beam|p1b: Ogerpon\n|-damage|p1b: Ogerpon|79\/100\n|\n|-weather|Snow|[upkeep]\n|-heal|p1b: Ogerpon|85\/100|[from] Grassy Terrain\n|-heal|p2b: Rillaboom|62\/100|[from] Grassy Terrain\n|-heal|p2a: Gastrodon|95\/100|[from] Grassy Terrain\n|-end|p1a: Heatran|move: Yawn|[silent]\n|-status|p1a: Heatran|slp\n|upkeep\n|turn|5\n|inactive|LotharJ has 30 seconds left.\n|inactive|LotharJ has 20 seconds left.\n|\n|t:|1700498826\n|switch|p1a: Landorus|Landorus-Therian, L50, M|12\/100\n|-ability|p1a: Landorus|Intimidate|boost\n|-unboost|p2a: Gastrodon|atk|1\n|-unboost|p2b: Rillaboom|atk|1\n|move|p1b: Ogerpon|Spiky Shield|p1b: Ogerpon\n|-singleturn|p1b: Ogerpon|move: Protect\n|move|p2a: Gastrodon|Protect|p2a: Gastrodon\n|-singleturn|p2a: Gastrodon|Protect\n|move|p2b: Rillaboom|U-turn|p1b: Ogerpon\n|-activate|p1b: Ogerpon|move: Protect\n|-damage|p2b: Rillaboom|50\/100|[from] Spiky Shield|[of] p1b: Ogerpon\n|\n|-weather|none\n|-heal|p1b: Ogerpon|91\/100|[from] Grassy Terrain\n|-heal|p2b: Rillaboom|56\/100|[from] Grassy Terrain\n|-heal|p2a: Gastrodon|100\/100|[from] Grassy Terrain\n|upkeep\n|turn|6\n|\n|t:|1700498849\n|-terastallize|p2a: Gastrodon|Poison\n|move|p2b: Rillaboom|Grassy Glide|p1a: Landorus\n|-damage|p1a: Landorus|0 fnt\n|faint|p1a: Landorus\n|move|p1b: Ogerpon|Horn Leech|p2a: Gastrodon\n|-resisted|p2a: Gastrodon\n|-damage|p2a: Gastrodon|86\/100\n|-heal|p1b: Ogerpon|99\/100|[from] drain|[of] p2a: Gastrodon\n|move|p2a: Gastrodon|Yawn|p1b: Ogerpon\n|-start|p1b: Ogerpon|move: Yawn|[of] p2a: Gastrodon\n|\n|-heal|p1b: Ogerpon|100\/100|[from] Grassy Terrain\n|-heal|p2b: Rillaboom|62\/100|[from] Grassy Terrain\n|-heal|p2a: Gastrodon|92\/100|[from] Grassy Terrain\n|upkeep\n|\n|t:|1700498862\n|switch|p1a: Iron Hands|Iron Hands, L50|100\/100\n|turn|7\n|\n|t:|1700498872\n|switch|p1b: Heatran|Heatran, L50, F|100\/100 slp\n|switch|p2b: Ninetales|Ninetales-Alola, L50, F, shiny|11\/100\n|-weather|Snow|[from] ability: Snow Warning|[of] p2b: Ninetales\n|move|p1a: Iron Hands|Fake Out|p2a: Gastrodon\n|-damage|p2a: Gastrodon|85\/100\n|cant|p2a: Gastrodon|flinch\n|\n|-weather|Snow|[upkeep]\n|-heal|p2b: Ninetales|17\/100|[from] Grassy Terrain\n|-heal|p2a: Gastrodon|91\/100|[from] Grassy Terrain\n|upkeep\n|turn|8\n|\n|t:|1700498891\n|move|p2b: Ninetales|Encore|p1a: Iron Hands\n|-start|p1a: Iron Hands|Encore\n|cant|p1b: Heatran|slp\n|move|p1a: Iron Hands|Fake Out||[still]\n|-hint|Fake Out only works on your first turn out.\n|-fail|p1a: Iron Hands\n|move|p2a: Gastrodon|Earth Power|p1b: Heatran\n|-supereffective|p1b: Heatran\n|-damage|p1b: Heatran|6\/100 slp\n|\n|-weather|Snow|[upkeep]\n|-heal|p2b: Ninetales|23\/100|[from] Grassy Terrain\n|-heal|p1b: Heatran|12\/100 slp|[from] Grassy Terrain\n|-heal|p1b: Heatran|18\/100 slp|[from] item: Leftovers\n|-heal|p2a: Gastrodon|97\/100|[from] Grassy Terrain\n|-fieldend|move: Grassy Terrain\n|upkeep\n|turn|9\n|\n|t:|1700498916\n|-end|p1a: Iron Hands|Quark Drive|[silent]\n|switch|p1a: Ogerpon|Ogerpon-Wellspring, L50, F|100\/100\n|-curestatus|p1b: Heatran|slp|[msg]\n|move|p1b: Heatran|Protect|p1b: Heatran\n|-singleturn|p1b: Heatran|Protect\n|move|p2b: Ninetales|Freeze-Dry|p1b: Heatran\n|-activate|p1b: Heatran|move: Protect\n|move|p2a: Gastrodon|Yawn|p1a: Ogerpon\n|-start|p1a: Ogerpon|move: Yawn|[of] p2a: Gastrodon\n|\n|-weather|Snow|[upkeep]\n|-heal|p1b: Heatran|24\/100|[from] item: Leftovers\n|upkeep\n|turn|10\n|inactive|LotharJ has 30 seconds left.\n|\n|t:|1700498950\n|switch|p1b: Iron Hands|Iron Hands, L50|100\/100\n|move|p2b: Ninetales|Encore||[still]\n|-fail|p2b: Ninetales\n|move|p1a: Ogerpon|Ivy Cudgel|p2a: Gastrodon|[anim] Ivy Cudgel Water\n|-ability|p2a: Gastrodon|Storm Drain|boost\n|-boost|p2a: Gastrodon|spa|1\n|move|p2a: Gastrodon|Yawn||[still]\n|-fail|p2a: Gastrodon\n|\n|-weather|Snow|[upkeep]\n|-end|p1a: Ogerpon|move: Yawn|[silent]\n|-status|p1a: Ogerpon|slp\n|-sideend|p2: LotharJ|move: Aurora Veil\n|upkeep\n|turn|11\n|inactive|LotharJ has 30 seconds left.\n|inactive|LotharJ has 20 seconds left.\n|\n|t:|1700498989\n|switch|p2b: Rillaboom|Rillaboom, L50, M, shiny|62\/100\n|-fieldstart|move: Grassy Terrain|[from] ability: Grassy Surge|[of] p2b: Rillaboom\n|cant|p1a: Ogerpon|slp\n|move|p1b: Iron Hands|Drain Punch|p2b: Rillaboom\n|-damage|p2b: Rillaboom|29\/100\n|move|p2a: Gastrodon|Earth Power|p1b: Iron Hands\n|-supereffective|p1b: Iron Hands\n|-damage|p1b: Iron Hands|58\/100\n|\n|-weather|none\n|-heal|p2b: Rillaboom|35\/100|[from] Grassy Terrain\n|-heal|p1b: Iron Hands|64\/100|[from] Grassy Terrain\n|-heal|p2a: Gastrodon|100\/100|[from] Grassy Terrain\n|upkeep\n|turn|12\n|inactive|LotharJ has 30 seconds left.\n|inactive|LotharJ has 20 seconds left.\n|inactive|LotharJ has 15 seconds left.\n|\n|t:|1700499031\n|-end|p1b: Iron Hands|Quark Drive|[silent]\n|switch|p1b: Heatran|Heatran, L50, F|24\/100\n|cant|p1a: Ogerpon|slp\n|move|p2b: Rillaboom|Wood Hammer|p1b: Heatran\n|-resisted|p1b: Heatran\n|-crit|p1b: Heatran\n|-damage|p1b: Heatran|0 fnt\n|faint|p1b: Heatran\n|-damage|p2b: Rillaboom|28\/100|[from] Recoil\n|move|p2a: Gastrodon|Earth Power|p1a: Ogerpon\n|-resisted|p1a: Ogerpon\n|-damage|p1a: Ogerpon|77\/100 slp\n|\n|-heal|p1a: Ogerpon|82\/100 slp|[from] Grassy Terrain\n|-heal|p2b: Rillaboom|34\/100|[from] Grassy Terrain\n|upkeep\n|\n|t:|1700499043\n|switch|p1b: Iron Hands|Iron Hands, L50|64\/100\n|turn|13\n|\n|t:|1700499066\n|move|p1b: Iron Hands|Fake Out|p2a: Gastrodon\n|-damage|p2a: Gastrodon|89\/100\n|cant|p1a: Ogerpon|slp\n|move|p2b: Rillaboom|Wood Hammer|p1b: Iron Hands\n|-damage|p1b: Iron Hands|8\/100\n|-damage|p2b: Rillaboom|10\/100|[from] Recoil\n|cant|p2a: Gastrodon|flinch\n|\n|-heal|p1a: Ogerpon|88\/100 slp|[from] Grassy Terrain\n|-heal|p2b: Rillaboom|17\/100|[from] Grassy Terrain\n|-heal|p1b: Iron Hands|14\/100|[from] Grassy Terrain\n|-heal|p2a: Gastrodon|95\/100|[from] Grassy Terrain\n|upkeep\n|turn|14\n|inactive|LotharJ has 30 seconds left.\n|\n|t:|1700499094\n|move|p2b: Rillaboom|Grassy Glide|p1b: Iron Hands\n|-damage|p1b: Iron Hands|0 fnt\n|faint|p1b: Iron Hands\n|-end|p1b: Iron Hands|Quark Drive|[silent]\n|-curestatus|p1a: Ogerpon|slp|[msg]\n|move|p1a: Ogerpon|Horn Leech|p2a: Gastrodon\n|-resisted|p2a: Gastrodon\n|-damage|p2a: Gastrodon|72\/100\n|-heal|p1a: Ogerpon|100\/100|[from] drain|[of] p2a: Gastrodon\n|move|p2a: Gastrodon|Yawn|p1a: Ogerpon\n|-start|p1a: Ogerpon|move: Yawn|[of] p2a: Gastrodon\n|\n|-heal|p2b: Rillaboom|23\/100|[from] Grassy Terrain\n|-heal|p2a: Gastrodon|78\/100|[from] Grassy Terrain\n|upkeep\n|turn|15\n|\n|t:|1700499113\n|move|p2a: Gastrodon|Protect|p2a: Gastrodon\n|-singleturn|p2a: Gastrodon|Protect\n|move|p1a: Ogerpon|Horn Leech|p2b: Rillaboom\n|-resisted|p2b: Rillaboom\n|-damage|p2b: Rillaboom|0 fnt\n|faint|p2b: Rillaboom\n|\n|-heal|p2a: Gastrodon|84\/100|[from] Grassy Terrain\n|-end|p1a: Ogerpon|move: Yawn|[silent]\n|-status|p1a: Ogerpon|slp\n|-fieldend|move: Grassy Terrain\n|upkeep\n|\n|t:|1700499124\n|switch|p2b: Ninetales|Ninetales-Alola, L50, F, shiny|23\/100\n|-weather|Snow|[from] ability: Snow Warning|[of] p2b: Ninetales\n|turn|16\n|\n|t:|1700499135\n|-terastallize|p1a: Ogerpon|Water\n|detailschange|p1a: Ogerpon|Ogerpon-Wellspring-Tera, L50, F, tera:Water\n|-ability|p1a: Ogerpon|Embody Aspect (Wellspring)|boost\n|-boost|p1a: Ogerpon|spd|1\n|cant|p1a: Ogerpon|slp\n|move|p2b: Ninetales|Freeze-Dry|p1a: Ogerpon\n|-supereffective|p1a: Ogerpon\n|-damage|p1a: Ogerpon|71\/100 slp\n|move|p2a: Gastrodon|Ice Beam|p1a: Ogerpon\n|-resisted|p1a: Ogerpon\n|-damage|p1a: Ogerpon|61\/100 slp\n|\n|-weather|Snow|[upkeep]\n|upkeep\n|turn|17\n|\n|t:|1700499151\n|move|p2b: Ninetales|Aurora Veil|p2b: Ninetales\n|-sidestart|p2: LotharJ|move: Aurora Veil\n|cant|p1a: Ogerpon|slp\n|move|p2a: Gastrodon|Earth Power|p1a: Ogerpon\n|-damage|p1a: Ogerpon|27\/100 slp\n|\n|-weather|Snow|[upkeep]\n|upkeep\n|turn|18\n|\n|t:|1700499162\n|-curestatus|p1a: Ogerpon|slp|[msg]\n|move|p1a: Ogerpon|Spiky Shield|p1a: Ogerpon\n|-singleturn|p1a: Ogerpon|move: Protect\n|move|p2b: Ninetales|Freeze-Dry|p1a: Ogerpon\n|-activate|p1a: Ogerpon|move: Protect\n|move|p2a: Gastrodon|Earth Power|p1a: Ogerpon\n|-activate|p1a: Ogerpon|move: Protect\n|\n|-weather|Snow|[upkeep]\n|upkeep\n|turn|19\n|\n|t:|1700499171\n|move|p2b: Ninetales|Encore|p1a: Ogerpon\n|-start|p1a: Ogerpon|Encore\n|move|p1a: Ogerpon|Spiky Shield||[still]\n|-fail|p1a: Ogerpon\n|move|p2a: Gastrodon|Earth Power|p1a: Ogerpon\n|-damage|p1a: Ogerpon|0 fnt\n|faint|p1a: Ogerpon\n|\n|win|LotharJ\n|raw|GreenMachine798's rating: 1402 &rarr; <strong>1386<\/strong><br \/>(-16 for losing)\n|raw|LotharJ's rating: 1472 &rarr; <strong>1488<\/strong><br \/>(+16 for winning)\n|l|\u2606GreenMachine798\n","uploadtime":1700499196,"views":7,"p1id":"greenmachine798","p2id":"lotharj","formatid":"gen9vgc2023regulatione","rating":1386,"private":0,"password":""}