{"id":"gen9vgc2023regulatione-1997577139","p1":"Daehkcarc420","p2":"MaksiDbetter","format":"[Gen 9] VGC 2023 Regulation E","log":"|j|\u2606Daehkcarc420\n|j|\u2606MaksiDbetter\n|t:|1700828098\n|gametype|doubles\n|player|p1|Daehkcarc420|2|1133\n|player|p2|MaksiDbetter|alder|1160\n|teamsize|p1|6\n|teamsize|p2|4\n|gen|9\n|tier|[Gen 9] VGC 2023 Regulation E\n|rated|\n|rule|Species Clause: Limit one of each Pok\u00e9mon\n|rule|Item Clause: Limit one of each item\n|clearpoke\n|poke|p1|Lurantis, L50, M|\n|poke|p1|Goodra-Hisui, L50, M|\n|poke|p1|Armarouge, L50, F|\n|poke|p1|Indeedee-F, L50, F|\n|poke|p1|Sinistcha, L50|\n|poke|p1|Dusclops, L50, F|\n|poke|p2|Flutter Mane, L50|\n|poke|p2|Rillaboom, L50, M|\n|poke|p2|Landorus-Therian, L50, M|\n|poke|p2|Ogerpon-Wellspring, L50, F|\n|teampreview|4\n|inactive|Battle timer is ON: inactive players will automatically lose when time's up. (requested by Daehkcarc420)\n|\n|t:|1700828114\n|start\n|switch|p1a: Lurantis|Lurantis, L50, M|100\/100\n|switch|p1b: Armarouge|Armarouge, L50, F|100\/100\n|switch|p2a: Flutter Mane|Flutter Mane, L50, shiny|100\/100\n|switch|p2b: Landorus|Landorus-Therian, L50, M|100\/100\n|-ability|p2b: Landorus|Intimidate|boost\n|-boost|p1a: Lurantis|atk|1\n|-unboost|p1b: Armarouge|atk|1\n|turn|1\n|\n|t:|1700828129\n|switch|p2b: Rillaboom|Rillaboom, L50, M|100\/100\n|-fieldstart|move: Grassy Terrain|[from] ability: Grassy Surge|[of] p2b: Rillaboom\n|-terastallize|p1b: Armarouge|Fairy\n|move|p1a: Lurantis|Protect|p1a: Lurantis\n|-singleturn|p1a: Lurantis|Protect\n|move|p2a: Flutter Mane|Dazzling Gleam|p1a: Lurantis|[spread] p1b\n|-activate|p1a: Lurantis|move: Protect\n|-damage|p1b: Armarouge|64\/100\n|move|p1b: Armarouge|Trick Room|p1b: Armarouge\n|-fieldstart|move: Trick Room|[of] p1b: Armarouge\n|\n|-heal|p1b: Armarouge|70\/100|[from] Grassy Terrain\n|upkeep\n|turn|2\n|inactive|Daehkcarc420 has 30 seconds left.\n|inactive|MaksiDbetter has 30 seconds left.\n|\n|t:|1700828157\n|switch|p1b: Goodra|Goodra-Hisui, L50, M|100\/100\n|move|p2b: Rillaboom|Fake Out|p1b: Goodra\n|-resisted|p1b: Goodra\n|-damage|p1b: Goodra|94\/100\n|move|p1a: Lurantis|Superpower|p2b: Rillaboom\n|-damage|p2b: Rillaboom|53\/100\n|-boost|p1a: Lurantis|atk|1\n|-boost|p1a: Lurantis|def|1\n|move|p2a: Flutter Mane|Moonblast|p1a: Lurantis\n|-damage|p1a: Lurantis|41\/100\n|\n|-heal|p1a: Lurantis|47\/100|[from] Grassy Terrain\n|-heal|p1b: Goodra|99\/100|[from] Grassy Terrain\n|-heal|p1b: Goodra|100\/100|[from] item: Leftovers\n|-heal|p2b: Rillaboom|59\/100|[from] Grassy Terrain\n|upkeep\n|turn|3\n|\n|t:|1700828174\n|move|p1a: Lurantis|Protect|p1a: Lurantis\n|-singleturn|p1a: Lurantis|Protect\n|move|p2a: Flutter Mane|Protect|p2a: Flutter Mane\n|-singleturn|p2a: Flutter Mane|Protect\n|move|p1b: Goodra|Heavy Slam|p2a: Flutter Mane\n|-activate|p2a: Flutter Mane|move: Protect\n|move|p2b: Rillaboom|U-turn|p1a: Lurantis\n|-activate|p1a: Lurantis|move: Protect\n|\n|-heal|p1a: Lurantis|53\/100|[from] Grassy Terrain\n|-heal|p2b: Rillaboom|65\/100|[from] Grassy Terrain\n|upkeep\n|turn|4\n|\n|t:|1700828187\n|-terastallize|p2a: Flutter Mane|Water\n|move|p1a: Lurantis|Superpower|p2b: Rillaboom\n|-damage|p2b: Rillaboom|0 fnt\n|-boost|p1a: Lurantis|atk|1\n|-boost|p1a: Lurantis|def|1\n|faint|p2b: Rillaboom\n|move|p1b: Goodra|Heavy Slam|p2a: Flutter Mane\n|-resisted|p2a: Flutter Mane\n|-damage|p2a: Flutter Mane|58\/100\n|move|p2a: Flutter Mane|Moonblast|p1b: Goodra\n|-damage|p1b: Goodra|71\/100\n|\n|-heal|p1a: Lurantis|59\/100|[from] Grassy Terrain\n|-heal|p1b: Goodra|77\/100|[from] Grassy Terrain\n|-heal|p1b: Goodra|83\/100|[from] item: Leftovers\n|-heal|p2a: Flutter Mane|64\/100|[from] Grassy Terrain\n|upkeep\n|\n|t:|1700828195\n|switch|p2b: Landorus|Landorus-Therian, L50, M|100\/100\n|-ability|p2b: Landorus|Intimidate|boost\n|-boost|p1a: Lurantis|atk|1\n|-unboost|p1b: Goodra|atk|1\n|turn|5\n|\n|t:|1700828203\n|move|p1a: Lurantis|Petal Blizzard|p2b: Landorus|[spread] p2a,p2b\n|-ability|p1b: Goodra|Sap Sipper|boost\n|-boost|p1b: Goodra|atk|1\n|-supereffective|p2a: Flutter Mane\n|-damage|p2a: Flutter Mane|0 fnt\n|-damage|p2b: Landorus|0 fnt\n|faint|p2a: Flutter Mane\n|-end|p2a: Flutter Mane|Protosynthesis|[silent]\n|faint|p2b: Landorus\n|move|p1b: Goodra|Life Dew|p1b: Goodra|[spread] p1a,p1b\n|-heal|p1a: Lurantis|84\/100\n|-heal|p1b: Goodra|100\/100\n|\n|-heal|p1a: Lurantis|90\/100|[from] Grassy Terrain\n|-fieldend|move: Trick Room\n|-fieldend|move: Grassy Terrain\n|upkeep\n|-message|MaksiDbetter forfeited.\n|\n|win|Daehkcarc420\n|raw|Daehkcarc420's rating: 1133 &rarr; <strong>1160<\/strong><br \/>(+27 for winning)\n|raw|MaksiDbetter's rating: 1160 &rarr; <strong>1133<\/strong><br \/>(-27 for losing)\n|l|\u2606MaksiDbetter\n","uploadtime":1700828217,"views":7,"p1id":"daehkcarc420","p2id":"maksidbetter","formatid":"gen9vgc2023regulatione","rating":1133,"private":0,"password":""}