{"id":"gen9vgc2023regulatione-1999614368","p1":"isaiahthecreator","p2":"LowEloGrind","format":"[Gen 9] VGC 2023 Regulation E","log":"|j|\u2606isaiahthecreator\n|j|\u2606LowEloGrind\n|t:|1701101335\n|gametype|doubles\n|player|p1|isaiahthecreator|skyla|1117\n|player|p2|LowEloGrind|1|1236\n|teamsize|p1|6\n|teamsize|p2|6\n|gen|9\n|tier|[Gen 9] VGC 2023 Regulation E\n|rated|\n|rule|Species Clause: Limit one of each Pok\u00e9mon\n|rule|Item Clause: Limit one of each item\n|clearpoke\n|poke|p1|Quaquaval, L50, M|\n|poke|p1|Chien-Pao, L50|\n|poke|p1|Amoonguss, L50, M|\n|poke|p1|Heatran, L50, F|\n|poke|p1|Tornadus, L50, M|\n|poke|p1|Ursaluna, L50, F|\n|poke|p2|Iron Hands, L50|\n|poke|p2|Sinistcha, L50|\n|poke|p2|Arcanine-Hisui, L50, F|\n|poke|p2|Moltres-Galar, L50|\n|poke|p2|Iron Bundle, L50|\n|poke|p2|Ninetales-Alola, L50, M|\n|teampreview|4\n|\n|t:|1701101357\n|start\n|switch|p1a: Amoonguss|Amoonguss, L50, M|100\/100\n|switch|p1b: Ursaluna|Ursaluna, L50, F|100\/100\n|switch|p2a: Under the Tree|Iron Bundle, L50|100\/100\n|switch|p2b: Snowing!!!!!|Ninetales-Alola, L50, M|100\/100\n|-weather|Snow|[from] ability: Snow Warning|[of] p2b: Snowing!!!!!\n|-enditem|p2a: Under the Tree|Booster Energy\n|-activate|p2a: Under the Tree|ability: Quark Drive|[fromitem]\n|-start|p2a: Under the Tree|quarkdrivespe\n|turn|1\n|inactive|Battle timer is ON: inactive players will automatically lose when time's up. (requested by LowEloGrind)\n|inactive|isaiahthecreator has 60 seconds left.\n|\n|t:|1701101407\n|switch|p1b: Chien-Pao|Chien-Pao, L50|100\/100\n|-ability|p1b: Chien-Pao|Sword of Ruin\n|move|p2a: Under the Tree|Freeze-Dry|p1a: Amoonguss\n|-supereffective|p1a: Amoonguss\n|-damage|p1a: Amoonguss|40\/100\n|move|p2b: Snowing!!!!!|Blizzard|p1a: Amoonguss|[spread] p1a,p1b\n|-supereffective|p1a: Amoonguss\n|-resisted|p1b: Chien-Pao\n|-damage|p1a: Amoonguss|0 fnt\n|-damage|p1b: Chien-Pao|81\/100\n|faint|p1a: Amoonguss\n|\n|-weather|Snow|[upkeep]\n|upkeep\n|\n|t:|1701101422\n|switch|p1a: Tornadus|Tornadus, L50, M|100\/100\n|turn|2\n|\n|t:|1701101431\n|move|p2a: Under the Tree|Icy Wind|p1a: Tornadus|[spread] p1a,p1b\n|-supereffective|p1a: Tornadus\n|-resisted|p1b: Chien-Pao\n|-damage|p1a: Tornadus|50\/100\n|-damage|p1b: Chien-Pao|64\/100\n|-unboost|p1b: Chien-Pao|spe|1\n|move|p1a: Tornadus|Bleakwind Storm|p2b: Snowing!!!!!|[spread] p2b\n|-miss|p1a: Tornadus|p2a: Under the Tree\n|-damage|p2b: Snowing!!!!!|70\/100\n|-unboost|p2b: Snowing!!!!!|spe|1\n|move|p1b: Chien-Pao|Sacred Sword|p2a: Under the Tree\n|-supereffective|p2a: Under the Tree\n|-damage|p2a: Under the Tree|22\/100\n|-damage|p1b: Chien-Pao|55\/100|[from] item: Life Orb\n|move|p2b: Snowing!!!!!|Aurora Veil|p2b: Snowing!!!!!\n|-sidestart|p2: LowEloGrind|move: Aurora Veil\n|\n|-weather|Snow|[upkeep]\n|upkeep\n|turn|3\n|inactive|LowEloGrind has 30 seconds left.\n|\n|t:|1701101458\n|move|p1a: Tornadus|Taunt|p2b: Snowing!!!!!\n|-start|p2b: Snowing!!!!!|move: Taunt\n|move|p1b: Chien-Pao|Sucker Punch|p2a: Under the Tree\n|-damage|p2a: Under the Tree|0 fnt\n|faint|p2a: Under the Tree\n|-end|p2a: Under the Tree|Quark Drive|[silent]\n|-damage|p1b: Chien-Pao|45\/100|[from] item: Life Orb\n|move|p2b: Snowing!!!!!|Blizzard|p1b: Chien-Pao|[spread] p1a,p1b\n|-supereffective|p1a: Tornadus\n|-resisted|p1b: Chien-Pao\n|-damage|p1a: Tornadus|0 fnt\n|-damage|p1b: Chien-Pao|26\/100\n|faint|p1a: Tornadus\n|\n|-weather|Snow|[upkeep]\n|upkeep\n|\n|t:|1701101480\n|switch|p1a: Ursaluna|Ursaluna, L50, F|100\/100\n|switch|p2a: Sanitized|Iron Hands, L50|100\/100\n|turn|4\n|\n|t:|1701101487\n|-terastallize|p1b: Chien-Pao|Ghost\n|move|p1b: Chien-Pao|Sacred Sword|p2b: Snowing!!!!!\n|-damage|p2b: Snowing!!!!!|46\/100\n|-damage|p1b: Chien-Pao|16\/100|[from] item: Life Orb\n|move|p2b: Snowing!!!!!|Blizzard|p1b: Chien-Pao|[spread] p1a,p1b\n|-supereffective|p1a: Ursaluna\n|-damage|p1a: Ursaluna|48\/100\n|-damage|p1b: Chien-Pao|0 fnt\n|-status|p1a: Ursaluna|frz\n|faint|p1b: Chien-Pao\n|move|p2a: Sanitized|Swords Dance|p2a: Sanitized\n|-boost|p2a: Sanitized|atk|2\n|cant|p1a: Ursaluna|frz\n|\n|-weather|Snow|[upkeep]\n|upkeep\n|turn|5\n|-message|isaiahthecreator forfeited.\n|\n|win|LowEloGrind\n|raw|isaiahthecreator's rating: 1117 &rarr; <strong>1100<\/strong><br \/>(-17 for losing)\n|raw|LowEloGrind's rating: 1236 &rarr; <strong>1253<\/strong><br \/>(+17 for winning)\n|l|\u2606isaiahthecreator\n","uploadtime":1701101505,"views":8,"p1id":"isaiahthecreator","p2id":"lowelogrind","formatid":"gen9vgc2023regulatione","rating":1100,"private":0,"password":""}