{"id":"gen9vgc2023regulatione-1991406193","p1":"Toola Roola","p2":"ChuyMcfly","format":"[Gen 9] VGC 2023 Regulation E","log":"|j|\u2606Toola Roola\n|j|\u2606ChuyMcfly\n|t:|1700074420\n|gametype|doubles\n|player|p1|Toola Roola|marley|1155\n|player|p2|ChuyMcfly|guzma|1211\n|teamsize|p1|6\n|teamsize|p2|6\n|gen|9\n|tier|[Gen 9] VGC 2023 Regulation E\n|rated|\n|rule|Species Clause: Limit one of each Pok\u00e9mon\n|rule|Item Clause: Limit one of each item\n|clearpoke\n|poke|p1|Mimikyu, L50, F|\n|poke|p1|Iron Hands, L50|\n|poke|p1|Roaring Moon, L50|\n|poke|p1|Flutter Mane, L50|\n|poke|p1|Weezing, L50, M|\n|poke|p1|Ogerpon-Wellspring, L50, F|\n|poke|p2|Roaring Moon, L50|\n|poke|p2|Dragonite, L50, F|\n|poke|p2|Chien-Pao, L50|\n|poke|p2|Salamence, L50, M|\n|poke|p2|Flutter Mane, L50|\n|poke|p2|Volcarona, L50, F|\n|teampreview|4\n|\n|t:|1700074498\n|start\n|switch|p1a: Weezing|Weezing, L50, M|100\/100\n|switch|p1b: Mimikyu|Mimikyu, L50, F|100\/100\n|switch|p2a: Salamence|Salamence, L50, M, shiny|100\/100\n|switch|p2b: Flutter Mane|Flutter Mane, L50|100\/100\n|-ability|p1a: Weezing|Neutralizing Gas\n|turn|1\n|\n|t:|1700074582\n|move|p1b: Mimikyu|Baby-Doll Eyes|p2a: Salamence\n|-unboost|p2a: Salamence|atk|1\n|move|p2b: Flutter Mane|Imprison|p2b: Flutter Mane\n|-start|p2b: Flutter Mane|move: Imprison\n|move|p2a: Salamence|Air Slash|p1a: Weezing\n|-damage|p1a: Weezing|48\/100\n|-damage|p2a: Salamence|90\/100|[from] item: Life Orb\n|cant|p1a: Weezing|flinch\n|\n|-heal|p1a: Weezing|54\/100|[from] item: Leftovers\n|upkeep\n|turn|2\n|\n|t:|1700074605\n|move|p1a: Weezing|Protect|p1a: Weezing\n|-singleturn|p1a: Weezing|Protect\n|move|p2b: Flutter Mane|Dazzling Gleam|p1a: Weezing|[spread] p1b\n|-activate|p1a: Weezing|move: Protect\n|-activate|p1b: Mimikyu|ability: Disguise\n|-damage|p1b: Mimikyu|100\/100\n|detailschange|p1b: Mimikyu|Mimikyu-Busted, L50, F\n|-damage|p1b: Mimikyu|88\/100|[from] pokemon: Mimikyu-Busted\n|move|p2a: Salamence|Air Slash|p1a: Weezing\n|-activate|p1a: Weezing|move: Protect\n|move|p1b: Mimikyu|Shadow Claw|p2b: Flutter Mane\n|-supereffective|p2b: Flutter Mane\n|-damage|p2b: Flutter Mane|0 fnt\n|faint|p2b: Flutter Mane\n|-end|p2b: Flutter Mane|Protosynthesis|[silent]\n|\n|-heal|p1a: Weezing|60\/100|[from] item: Leftovers\n|upkeep\n|\n|t:|1700074614\n|switch|p2b: Roaring Moon|Roaring Moon, L50, shiny|100\/100\n|-enditem|p2b: Roaring Moon|Booster Energy\n|-activate|p2b: Roaring Moon|ability: Protosynthesis|[fromitem]\n|-start|p2b: Roaring Moon|protosynthesisspe\n|turn|3\n|\n|t:|1700074639\n|-end|p1a: Weezing|ability: Neutralizing Gas\n|-ability|p2a: Salamence|Intimidate|boost\n|-unboost|p1a: Weezing|atk|1\n|-unboost|p1b: Mimikyu|atk|1\n|switch|p1a: Iron Hands|Iron Hands, L50|100\/100\n|move|p2b: Roaring Moon|Protect|p2b: Roaring Moon\n|-singleturn|p2b: Roaring Moon|Protect\n|move|p1b: Mimikyu|Baby-Doll Eyes|p2b: Roaring Moon\n|-activate|p2b: Roaring Moon|move: Protect\n|move|p2a: Salamence|Air Slash|p1a: Iron Hands\n|-damage|p1a: Iron Hands|77\/100\n|-damage|p2a: Salamence|80\/100|[from] item: Life Orb\n|\n|upkeep\n|turn|4\n|\n|t:|1700074679\n|-terastallize|p2b: Roaring Moon|Flying\n|move|p1a: Iron Hands|Fake Out|p2b: Roaring Moon\n|-damage|p2b: Roaring Moon|81\/100\n|move|p1b: Mimikyu|Baby-Doll Eyes|p2b: Roaring Moon\n|-unboost|p2b: Roaring Moon|atk|1\n|cant|p2b: Roaring Moon|flinch\n|move|p2a: Salamence|Air Slash|p1b: Mimikyu\n|-damage|p1b: Mimikyu|39\/100\n|-damage|p2a: Salamence|70\/100|[from] item: Life Orb\n|\n|upkeep\n|turn|5\n|\n|t:|1700074723\n|move|p1b: Mimikyu|Baby-Doll Eyes|p2b: Roaring Moon\n|-unboost|p2b: Roaring Moon|atk|1\n|move|p2b: Roaring Moon|Knock Off|p1a: Iron Hands\n|-resisted|p1a: Iron Hands\n|-damage|p1a: Iron Hands|68\/100\n|-enditem|p1a: Iron Hands|Assault Vest|[from] move: Knock Off|[of] p2b: Roaring Moon\n|move|p2a: Salamence|Air Slash|p1b: Mimikyu\n|-damage|p1b: Mimikyu|0 fnt\n|faint|p1b: Mimikyu\n|-damage|p2a: Salamence|60\/100|[from] item: Life Orb\n|move|p1a: Iron Hands|Wild Charge|p2b: Roaring Moon\n|-supereffective|p2b: Roaring Moon\n|-damage|p2b: Roaring Moon|0 fnt\n|faint|p2b: Roaring Moon\n|-end|p2b: Roaring Moon|Protosynthesis|[silent]\n|-damage|p1a: Iron Hands|53\/100|[from] Recoil\n|\n|upkeep\n|\n|t:|1700074739\n|switch|p2b: Chien-Pao|Chien-Pao, L50|100\/100\n|switch|p1b: Roaring Moon|Roaring Moon, L50|100\/100\n|-ability|p2b: Chien-Pao|Sword of Ruin\n|-enditem|p1b: Roaring Moon|Booster Energy\n|-activate|p1b: Roaring Moon|ability: Protosynthesis|[fromitem]\n|-start|p1b: Roaring Moon|protosynthesisatk\n|turn|6\n|\n|t:|1700074773\n|move|p1b: Roaring Moon|Protect|p1b: Roaring Moon\n|-singleturn|p1b: Roaring Moon|Protect\n|move|p2b: Chien-Pao|Ice Shard|p1b: Roaring Moon\n|-activate|p1b: Roaring Moon|move: Protect\n|move|p2a: Salamence|Tailwind|p2a: Salamence\n|-sidestart|p2: ChuyMcfly|move: Tailwind\n|move|p1a: Iron Hands|Drain Punch|p2b: Chien-Pao\n|-supereffective|p2b: Chien-Pao\n|-enditem|p2b: Chien-Pao|Focus Sash\n|-damage|p2b: Chien-Pao|1\/100\n|-heal|p1a: Iron Hands|85\/100|[from] drain|[of] p2b: Chien-Pao\n|\n|upkeep\n|turn|7\n|\n|t:|1700074803\n|-end|p1b: Roaring Moon|Protosynthesis|[silent]\n|switch|p1b: Weezing|Weezing, L50, M|60\/100\n|-ability|p1b: Weezing|Neutralizing Gas\n|move|p2b: Chien-Pao|Throat Chop|p1a: Iron Hands\n|-resisted|p1a: Iron Hands\n|-damage|p1a: Iron Hands|71\/100\n|-start|p1a: Iron Hands|Throat Chop|[silent]\n|move|p2a: Salamence|Air Slash|p1a: Iron Hands\n|-damage|p1a: Iron Hands|33\/100\n|-damage|p2a: Salamence|50\/100|[from] item: Life Orb\n|move|p1a: Iron Hands|Wild Charge|p2a: Salamence\n|-damage|p2a: Salamence|0 fnt\n|faint|p2a: Salamence\n|-damage|p1a: Iron Hands|25\/100|[from] Recoil\n|\n|-heal|p1b: Weezing|66\/100|[from] item: Leftovers\n|upkeep\n|turn|8\n|\n|t:|1700074848\n|move|p2b: Chien-Pao|Throat Chop|p1a: Iron Hands\n|-resisted|p1a: Iron Hands\n|-damage|p1a: Iron Hands|11\/100\n|move|p1b: Weezing|Will-O-Wisp|p2b: Chien-Pao\n|-status|p2b: Chien-Pao|brn\n|move|p1a: Iron Hands|Drain Punch|p2b: Chien-Pao\n|-supereffective|p2b: Chien-Pao\n|-crit|p2b: Chien-Pao\n|-damage|p2b: Chien-Pao|0 fnt\n|-heal|p1a: Iron Hands|11\/100|[from] drain|[of] p2b: Chien-Pao\n|faint|p2b: Chien-Pao\n|\n|win|Toola Roola\n|raw|Toola Roola's rating: 1155 &rarr; <strong>1184<\/strong><br \/>(+29 for winning)\n|raw|ChuyMcfly's rating: 1211 &rarr; <strong>1182<\/strong><br \/>(-29 for losing)\n|c|\u2606Toola Roola|GGs\n|l|\u2606ChuyMcfly\n","uploadtime":1700074868,"views":22,"p1id":"toolaroola","p2id":"chuymcfly","formatid":"gen9vgc2023regulatione","rating":1182,"private":0,"password":""}