{"id":"gen9vgc2023regulatione-2000044198","p1":"TiresomeSJ","p2":"RiggedTheGame","format":"[Gen 9] VGC 2023 Regulation E","log":"|j|\u2606TiresomeSJ\n|j|\u2606RiggedTheGame\n|t:|1701145316\n|gametype|doubles\n|player|p1|TiresomeSJ|2|\n|player|p2|RiggedTheGame|102|\n|teamsize|p1|6\n|teamsize|p2|6\n|gen|9\n|tier|[Gen 9] VGC 2023 Regulation E\n|rule|Species Clause: Limit one of each Pok\u00e9mon\n|rule|Item Clause: Limit one of each item\n|clearpoke\n|poke|p1|Garchomp, L50, F|\n|poke|p1|Glimmora, L50, M|\n|poke|p1|Sandaconda, L50, F|\n|poke|p1|Ting-Lu, L50|\n|poke|p1|Great Tusk, L50|\n|poke|p1|Tyranitar, L50, F|\n|poke|p2|Maushold, L50|\n|poke|p2|Cresselia, L50, F|\n|poke|p2|Grimmsnarl, L50, M|\n|poke|p2|Torkoal, L50, M|\n|poke|p2|Landorus-Therian, L50, M|\n|poke|p2|Clodsire, L50, F|\n|teampreview|4\n|c|\u2606RiggedTheGame|DUEL\n|c|\u2606RiggedTheGame|YES I CAN CHAT HERE\n|j| Frandum\n|l| Frandum\n|j| Frandum\n|\n|t:|1701145371\n|start\n|switch|p1a: How|Sandaconda, L50, F|100\/100\n|switch|p1b: John Goodman|Tyranitar, L50, F|100\/100\n|switch|p2a: TorCOAL|Torkoal, L50, M|100\/100\n|switch|p2b: Cresselia|Cresselia, L50, F|100\/100\n|-weather|Sandstorm|[from] ability: Sand Stream|[of] p1b: John Goodman\n|-weather|SunnyDay|[from] ability: Drought|[of] p2a: TorCOAL\n|turn|1\n|c| Frandum|Let\u2019s see who cooks\n|c| Frandum|Why did you both lead with weather\n|\n|t:|1701145411\n|-terastallize|p2a: TorCOAL|Grass\n|move|p2b: Cresselia|Helping Hand|p2a: TorCOAL\n|-singleturn|p2a: TorCOAL|Helping Hand|[of] p2b: Cresselia\n|move|p1a: How|Minimize|p1a: How\n|-boost|p1a: How|evasion|2\n|move|p2a: TorCOAL|Solar Beam||[still]\n|-prepare|p2a: TorCOAL|Solar Beam\n|-anim|p2a: TorCOAL|Solar Beam|p1b: John Goodman\n|-supereffective|p1b: John Goodman\n|-damage|p1b: John Goodman|16\/100\n|move|p1b: John Goodman|Dragon Tail|p2a: TorCOAL\n|-damage|p2a: TorCOAL|82\/100\n|drag|p2a: Grimmsnarl|Grimmsnarl, L50, M|100\/100\n|\n|-weather|SunnyDay|[upkeep]\n|upkeep\n|turn|2\n|c| Frandum|BIG DAMAGE\n|c|\u2606RiggedTheGame|DRAGON TAIL\n|\n|t:|1701145447\n|switch|p1b: Bowl|Ting-Lu, L50|100\/100\n|-ability|p1b: Bowl|Vessel of Ruin\n|move|p2a: Grimmsnarl|Light Screen|p2a: Grimmsnarl\n|-sidestart|p2: RiggedTheGame|move: Light Screen\n|move|p2b: Cresselia|Ice Beam|p1b: Bowl\n|-supereffective|p1b: Bowl\n|-damage|p1b: Bowl|80\/100\n|move|p1a: How|Glare|p2a: Grimmsnarl\n|-status|p2a: Grimmsnarl|par\n|\n|-weather|SunnyDay|[upkeep]\n|upkeep\n|turn|3\n|\n|t:|1701145481\n|move|p2b: Cresselia|Protect|p2b: Cresselia\n|-singleturn|p2b: Cresselia|Protect\n|move|p2a: Grimmsnarl|Reflect|p2a: Grimmsnarl\n|-sidestart|p2: RiggedTheGame|Reflect\n|move|p1a: How|Minimize|p1a: How\n|-boost|p1a: How|evasion|2\n|move|p1b: Bowl|Earth Power|p2b: Cresselia\n|-activate|p2b: Cresselia|move: Protect\n|\n|-weather|SunnyDay|[upkeep]\n|upkeep\n|turn|4\n|\n|t:|1701145509\n|move|p2a: Grimmsnarl|Parting Shot|p1a: How|[miss]\n|-miss|p2a: Grimmsnarl|p1a: How\n|move|p2b: Cresselia|Ice Beam|p1a: How|[miss]\n|-miss|p2b: Cresselia|p1a: How\n|move|p1a: How|Minimize|p1a: How\n|-boost|p1a: How|evasion|2\n|move|p1b: Bowl|Ruination|p2b: Cresselia\n|-damage|p2b: Cresselia|51\/100\n|\n|-weather|SunnyDay|[upkeep]\n|upkeep\n|turn|5\n|c|\u2606RiggedTheGame|NOOOOO\n|c|\u2606RiggedTheGame|RNG GODS\n|c|\u2606RiggedTheGame|KILL THE SNAKE\n|\n|t:|1701145531\n|move|p2a: Grimmsnarl|Parting Shot|p1b: Bowl\n|-hint|Since gen 7, Dark is immune to Prankster moves.\n|-immune|p1b: Bowl\n|move|p2b: Cresselia|Ice Beam|p1a: How|[miss]\n|-miss|p2b: Cresselia|p1a: How\n|move|p1a: How|Minimize|p1a: How\n|-boost|p1a: How|evasion|0\n|move|p1b: Bowl|Earth Power|p2b: Cresselia\n|-immune|p2b: Cresselia|[from] ability: Levitate\n|\n|-weather|none\n|upkeep\n|turn|6\n|c| Frandum|Bowl is cookin\n|c| Frandum|WHY DID YOU PARTING SHOT THE DARK TYPE\n|\n|t:|1701145552\n|move|p2b: Cresselia|Lunar Blessing|p2b: Cresselia|[spread] p2a,p2b\n|-curestatus|p2a: Grimmsnarl|par|[msg]\n|-heal|p2b: Cresselia|76\/100\n|move|p1a: How|Sandstorm|p1a: How\n|-weather|Sandstorm\n|move|p2a: Grimmsnarl|Spirit Break|p1b: Bowl\n|-supereffective|p1b: Bowl\n|-damage|p1b: Bowl|46\/100\n|-unboost|p1b: Bowl|spa|1\n|move|p1b: Bowl|Ruination|p2a: Grimmsnarl\n|-damage|p2a: Grimmsnarl|50\/100\n|\n|-weather|Sandstorm|[upkeep]\n|-damage|p2a: Grimmsnarl|45\/100|[from] Sandstorm\n|upkeep\n|turn|7\n|c|\u2606RiggedTheGame|HA\n|\n|t:|1701145575\n|move|p2b: Cresselia|Lunar Blessing|p2b: Cresselia|[spread] p2a,p2b\n|-heal|p2a: Grimmsnarl|69\/100\n|-heal|p2b: Cresselia|100\/100\n|move|p1a: How|Last Resort|p2b: Cresselia\n|-damage|p2b: Cresselia|88\/100\n|move|p2a: Grimmsnarl|Spirit Break|p1b: Bowl\n|-supereffective|p1b: Bowl\n|-damage|p1b: Bowl|9\/100\n|-unboost|p1b: Bowl|spa|1\n|move|p1b: Bowl|Earth Power|p2a: Grimmsnarl\n|-damage|p2a: Grimmsnarl|60\/100\n|\n|-weather|Sandstorm|[upkeep]\n|-damage|p2a: Grimmsnarl|54\/100|[from] Sandstorm\n|upkeep\n|turn|8\n|c|\u2606RiggedTheGame|MY ULTIMATE PLAN\n|\n|t:|1701145602\n|switch|p2a: Oppenheimer|Maushold, L50, shiny|100\/100\n|move|p2b: Cresselia|Ice Beam|p1b: Bowl\n|-supereffective|p1b: Bowl\n|-damage|p1b: Bowl|0 fnt\n|faint|p1b: Bowl\n|move|p1a: How|Last Resort|p2a: Oppenheimer\n|-damage|p2a: Oppenheimer|65\/100\n|\n|-weather|Sandstorm|[upkeep]\n|-damage|p2a: Oppenheimer|59\/100|[from] Sandstorm\n|upkeep\n|\n|t:|1701145615\n|switch|p1b: RAAAAAAGH|Garchomp, L50, F|100\/100\n|turn|9\n|\n|t:|1701145629\n|move|p2b: Cresselia|Helping Hand|p2a: Oppenheimer\n|-singleturn|p2a: Oppenheimer|Helping Hand|[of] p2b: Cresselia\n|move|p1b: RAAAAAAGH|Brick Break|p2b: Cresselia\n|-sideend|p2: RiggedTheGame|Reflect\n|-sideend|p2: RiggedTheGame|move: Light Screen\n|-resisted|p2b: Cresselia\n|-damage|p2b: Cresselia|79\/100\n|move|p2a: Oppenheimer|Play Rough|p1b: RAAAAAAGH\n|-supereffective|p1b: RAAAAAAGH\n|-crit|p1b: RAAAAAAGH\n|-damage|p1b: RAAAAAAGH|0 fnt\n|faint|p1b: RAAAAAAGH\n|move|p1a: How|Last Resort|p2a: Oppenheimer\n|-damage|p2a: Oppenheimer|10\/100\n|\n|-weather|Sandstorm|[upkeep]\n|-damage|p2a: Oppenheimer|4\/100|[from] Sandstorm\n|upkeep\n|c| Frandum|Garchomp is interesting against Cresselia\n|c|\u2606RiggedTheGame|MY SCREENS\n|\n|t:|1701145645\n|switch|p1b: John Goodman|Tyranitar, L50, F|16\/100\n|turn|10\n|c|\u2606RiggedTheGame|joel\n|c|\u2606RiggedTheGame|I bet you didnt expect this but\n|c| Frandum|Rig I\u2019m surprised you didn\u2019t use Lando\n|\n|t:|1701145679\n|move|p2b: Cresselia|Helping Hand|p2a: Oppenheimer\n|-singleturn|p2a: Oppenheimer|Helping Hand|[of] p2b: Cresselia\n|move|p2a: Oppenheimer|Bullet Seed|p1a: How|[miss]\n|-miss|p2a: Oppenheimer|p1a: How\n|move|p1a: How|Last Resort|p2a: Oppenheimer\n|-damage|p2a: Oppenheimer|0 fnt\n|faint|p2a: Oppenheimer\n|move|p1b: John Goodman|Fire Punch|p2b: Cresselia\n|-damage|p2b: Cresselia|59\/100\n|\n|-weather|none\n|upkeep\n|c|\u2606RiggedTheGame|kill me\n|\n|t:|1701145695\n|switch|p2a: Grimmsnarl|Grimmsnarl, L50, M|54\/100\n|turn|11\n|\n|t:|1701145713\n|move|p2b: Cresselia|Lunar Blessing|p2b: Cresselia|[spread] p2a,p2b\n|-heal|p2a: Grimmsnarl|79\/100\n|-heal|p2b: Cresselia|84\/100\n|move|p1a: How|Last Resort|p2a: Grimmsnarl\n|-damage|p2a: Grimmsnarl|48\/100\n|move|p1b: John Goodman|Fire Punch|p2a: Grimmsnarl\n|-crit|p2a: Grimmsnarl\n|-damage|p2a: Grimmsnarl|2\/100\n|move|p2a: Grimmsnarl|Spirit Break|p1b: John Goodman\n|-supereffective|p1b: John Goodman\n|-damage|p1b: John Goodman|0 fnt\n|faint|p1b: John Goodman\n|\n|upkeep\n|turn|12\n|c|\u2606RiggedTheGame|LISTEN\n|c| Frandum|Quick question why didn\u2019t you bring Landorus?\n|c|\u2606RiggedTheGame|IM GONNA RNG THIS\n|c|\u2606RiggedTheGame|actually idk\n|c| Frandum|Most of his team is physical so it would be a beast in this battle\n|\n|t:|1701145750\n|move|p2a: Grimmsnarl|Reflect|p2a: Grimmsnarl\n|-sidestart|p2: RiggedTheGame|Reflect\n|move|p2b: Cresselia|Ice Beam|p1a: How|[miss]\n|-miss|p2b: Cresselia|p1a: How\n|move|p1a: How|Last Resort|p2a: Grimmsnarl\n|-damage|p2a: Grimmsnarl|0 fnt\n|faint|p2a: Grimmsnarl\n|\n|upkeep\n|c|\u2606RiggedTheGame|AN ICE BEAM WILL HIT EVENTUALLY\n|\n|t:|1701145761\n|switch|p2a: TorCOAL|Torkoal, L50, M, tera:Grass|82\/100\n|-weather|SunnyDay|[from] ability: Drought|[of] p2a: TorCOAL\n|turn|13\n|c| Frandum|This is gonna take a good minite\n|\n|t:|1701145772\n|move|p2b: Cresselia|Helping Hand|p2a: TorCOAL\n|-singleturn|p2a: TorCOAL|Helping Hand|[of] p2b: Cresselia\n|move|p1a: How|Sandstorm|p1a: How\n|-weather|Sandstorm\n|move|p2a: TorCOAL|Solar Beam||[still]\n|-prepare|p2a: TorCOAL|Solar Beam\n|\n|-weather|Sandstorm|[upkeep]\n|-damage|p2a: TorCOAL|76\/100|[from] Sandstorm\n|upkeep\n|turn|14\n|\n|t:|1701145785\n|move|p2b: Cresselia|Helping Hand|p2a: TorCOAL\n|-singleturn|p2a: TorCOAL|Helping Hand|[of] p2b: Cresselia\n|move|p1a: How|Last Resort|p2a: TorCOAL\n|-damage|p2a: TorCOAL|60\/100\n|move|p2a: TorCOAL|Solar Beam|p1a: How|[from]lockedmove|[miss]\n|-miss|p2a: TorCOAL|p1a: How\n|\n|-weather|Sandstorm|[upkeep]\n|-damage|p2a: TorCOAL|53\/100|[from] Sandstorm\n|upkeep\n|turn|15\n|c|\u2606RiggedTheGame|it will hit\n|\n|t:|1701145804\n|-terastallize|p1a: How|Ground\n|move|p2b: Cresselia|Lunar Blessing|p2b: Cresselia|[spread] p2a,p2b\n|-heal|p2a: TorCOAL|78\/100\n|-heal|p2b: Cresselia|100\/100\n|move|p1a: How|Last Resort|p2a: TorCOAL\n|-damage|p2a: TorCOAL|63\/100\n|move|p2a: TorCOAL|Solar Beam||[still]\n|-prepare|p2a: TorCOAL|Solar Beam\n|\n|-weather|Sandstorm|[upkeep]\n|-damage|p2a: TorCOAL|57\/100|[from] Sandstorm\n|upkeep\n|turn|16\n|c|\u2606RiggedTheGame|eventually\n|\n|t:|1701145829\n|move|p2b: Cresselia|Helping Hand|p2a: TorCOAL\n|-singleturn|p2a: TorCOAL|Helping Hand|[of] p2b: Cresselia\n|move|p1a: How|Glare|p2a: TorCOAL\n|-status|p2a: TorCOAL|par\n|move|p2a: TorCOAL|Solar Beam|p1a: How|[from]lockedmove|[miss]\n|-miss|p2a: TorCOAL|p1a: How\n|\n|-weather|Sandstorm|[upkeep]\n|-damage|p2a: TorCOAL|50\/100 par|[from] Sandstorm\n|upkeep\n|turn|17\n|c| Frandum|This is gonna take forever\u2026\n|\n|t:|1701145850\n|move|p2b: Cresselia|Lunar Blessing|p2b: Cresselia|[spread] p2a,p2b\n|-heal|p2a: TorCOAL|75\/100 par\n|-curestatus|p2a: TorCOAL|par|[msg]\n|move|p1a: How|Sandstorm||[still]\n|-fail|p1a: How\n|move|p2a: TorCOAL|Solar Beam||[still]\n|-prepare|p2a: TorCOAL|Solar Beam\n|\n|-weather|none\n|upkeep\n|turn|18\n|\n|t:|1701145862\n|move|p2b: Cresselia|Helping Hand|p2a: TorCOAL\n|-singleturn|p2a: TorCOAL|Helping Hand|[of] p2b: Cresselia\n|move|p1a: How|Sandstorm|p1a: How\n|-weather|Sandstorm\n|move|p2a: TorCOAL|Solar Beam|p1a: How|[from]lockedmove|[miss]\n|-miss|p2a: TorCOAL|p1a: How\n|\n|-weather|Sandstorm|[upkeep]\n|-damage|p2a: TorCOAL|69\/100|[from] Sandstorm\n|upkeep\n|turn|19\n|\n|t:|1701145891\n|move|p2b: Cresselia|Ice Beam|p1a: How|[miss]\n|-miss|p2b: Cresselia|p1a: How\n|move|p1a: How|Glare|p2a: TorCOAL\n|-status|p2a: TorCOAL|par\n|cant|p2a: TorCOAL|par\n|\n|-weather|Sandstorm|[upkeep]\n|-damage|p2a: TorCOAL|63\/100 par|[from] Sandstorm\n|-sideend|p2: RiggedTheGame|Reflect\n|upkeep\n|turn|20\n|\n|t:|1701145911\n|move|p2b: Cresselia|Lunar Blessing|p2b: Cresselia|[spread] p2a,p2b\n|-heal|p2a: TorCOAL|88\/100 par\n|-curestatus|p2a: TorCOAL|par|[msg]\n|move|p1a: How|Minimize|p1a: How\n|-boost|p1a: How|evasion|0\n|move|p2a: TorCOAL|Solar Beam||[still]\n|-prepare|p2a: TorCOAL|Solar Beam\n|\n|-weather|Sandstorm|[upkeep]\n|-damage|p2a: TorCOAL|82\/100|[from] Sandstorm\n|upkeep\n|turn|21\n|\n|t:|1701145924\n|move|p2b: Cresselia|Helping Hand|p2a: TorCOAL\n|-singleturn|p2a: TorCOAL|Helping Hand|[of] p2b: Cresselia\n|move|p1a: How|Minimize|p1a: How\n|-boost|p1a: How|evasion|0\n|move|p2a: TorCOAL|Solar Beam|p1a: How|[from]lockedmove|[miss]\n|-miss|p2a: TorCOAL|p1a: How\n|\n|-weather|Sandstorm|[upkeep]\n|-damage|p2a: TorCOAL|75\/100|[from] Sandstorm\n|upkeep\n|turn|22\n|\n|t:|1701145941\n|move|p2b: Cresselia|Ice Beam|p1a: How|[miss]\n|-miss|p2b: Cresselia|p1a: How\n|move|p1a: How|Minimize|p1a: How\n|-boost|p1a: How|evasion|0\n|move|p2a: TorCOAL|Solar Beam||[still]\n|-prepare|p2a: TorCOAL|Solar Beam\n|\n|-weather|none\n|upkeep\n|turn|23\n|\n|t:|1701145953\n|move|p2b: Cresselia|Helping Hand|p2a: TorCOAL\n|-singleturn|p2a: TorCOAL|Helping Hand|[of] p2b: Cresselia\n|move|p1a: How|Minimize|p1a: How\n|-boost|p1a: How|evasion|0\n|move|p2a: TorCOAL|Solar Beam|p1a: How|[from]lockedmove|[miss]\n|-miss|p2a: TorCOAL|p1a: How\n|\n|upkeep\n|turn|24\n|\n|t:|1701145972\n|move|p2b: Cresselia|Ice Beam|p1a: How\n|-supereffective|p1a: How\n|-damage|p1a: How|58\/100\n|move|p1a: How|Minimize|p1a: How\n|-boost|p1a: How|evasion|0\n|move|p2a: TorCOAL|Solar Beam||[still]\n|-prepare|p2a: TorCOAL|Solar Beam\n|\n|upkeep\n|turn|25\n|c|\u2606RiggedTheGame|YES\n|c|\u2606RiggedTheGame|SOMETHING HIT\n|\n|t:|1701145989\n|move|p2b: Cresselia|Helping Hand|p2a: TorCOAL\n|-singleturn|p2a: TorCOAL|Helping Hand|[of] p2b: Cresselia\n|move|p1a: How|Minimize|p1a: How\n|-boost|p1a: How|evasion|0\n|move|p2a: TorCOAL|Solar Beam|p1a: How|[from]lockedmove\n|-supereffective|p1a: How\n|-damage|p1a: How|0 fnt\n|faint|p1a: How\n|\n|win|RiggedTheGame\n|c| Frandum|Wait shouldn\u2019t last resort be doing more bow\n|c|\u2606RiggedTheGame|YES\n","uploadtime":1701146006,"views":12,"p1id":"tiresomesj","p2id":"riggedthegame","formatid":"gen9vgc2023regulatione","rating":0,"private":0,"password":""}