{"id":"gen9vgc2023regulatione-1989135406","p1":"Sr. del almidon","p2":"DKthe_star","format":"[Gen 9] VGC 2023 Regulation E","log":"|j|\u2606Sr. del almidon\n|j|\u2606DKthe_star\n|t:|1699816022\n|gametype|doubles\n|player|p1|Sr. del almidon|102|1081\n|player|p2|DKthe_star|veteran|1053\n|teamsize|p1|6\n|teamsize|p2|6\n|gen|9\n|tier|[Gen 9] VGC 2023 Regulation E\n|rated|\n|rule|Species Clause: Limit one of each Pok\u00e9mon\n|rule|Item Clause: Limit one of each item\n|clearpoke\n|poke|p1|Moltres-Galar, L50|\n|poke|p1|Wo-Chien, L50|\n|poke|p1|Scizor, L50, F|\n|poke|p1|Grimmsnarl, L50, M|\n|poke|p1|Sinistcha, L50|\n|poke|p1|Cresselia, L50, F|\n|poke|p2|Scream Tail, L50|\n|poke|p2|Gothitelle, L50, M|\n|poke|p2|Dondozo, L50, F|\n|poke|p2|Iron Hands, L50|\n|poke|p2|Dragonite, L50, M|\n|poke|p2|Arcanine-Hisui, L50, F|\n|teampreview|4\n|inactive|Battle timer is ON: inactive players will automatically lose when time's up. (requested by DKthe_star)\n|\n|t:|1699816067\n|start\n|switch|p1a: Grimmsnarl|Grimmsnarl, L50, M|100\/100\n|switch|p1b: Wo-Chien|Wo-Chien, L50|100\/100\n|switch|p2a: Arcanine|Arcanine-Hisui, L50, F|100\/100\n|switch|p2b: Scream Tail|Scream Tail, L50|100\/100\n|-ability|p2a: Arcanine|Intimidate|boost\n|-unboost|p1a: Grimmsnarl|atk|1\n|-unboost|p1b: Wo-Chien|atk|1\n|-ability|p1b: Wo-Chien|Tablets of Ruin\n|turn|1\n|\n|t:|1699816093\n|-terastallize|p1b: Wo-Chien|Dark\n|move|p1a: Grimmsnarl|Reflect|p1a: Grimmsnarl\n|-sidestart|p1: Sr. del almidon|Reflect\n|move|p2b: Scream Tail|Encore|p1a: Grimmsnarl\n|-start|p1a: Grimmsnarl|Encore\n|move|p2a: Arcanine|Rock Slide|p1b: Wo-Chien|[spread] p1a,p1b\n|-crit|p1a: Grimmsnarl\n|-damage|p1a: Grimmsnarl|61\/100\n|-damage|p1b: Wo-Chien|90\/100\n|move|p1b: Wo-Chien|Leech Seed|p2a: Arcanine\n|-start|p2a: Arcanine|move: Leech Seed\n|\n|-damage|p2a: Arcanine|88\/100|[from] Leech Seed|[of] p1b: Wo-Chien\n|-heal|p1b: Wo-Chien|100\/100|[silent]\n|upkeep\n|turn|2\n|inactive|Sr. del almidon has 30 seconds left.\n|inactive|DKthe_star has 30 seconds left.\n|inactive|DKthe_star has 20 seconds left.\n|\n|t:|1699816129\n|switch|p1a: Moltres|Moltres-Galar, L50|100\/100\n|move|p2b: Scream Tail|Dazzling Gleam|p1b: Wo-Chien|[spread] p1a,p1b\n|-supereffective|p1a: Moltres\n|-supereffective|p1b: Wo-Chien\n|-damage|p1a: Moltres|75\/100\n|-damage|p1b: Wo-Chien|74\/100\n|move|p2a: Arcanine|Flare Blitz|p1a: Moltres\n|-crit|p1a: Moltres\n|-damage|p1a: Moltres|21\/100\n|-damage|p2a: Arcanine|68\/100|[from] Recoil\n|-ability|p1a: Moltres|Berserk|boost\n|-boost|p1a: Moltres|spa|1\n|-enditem|p2a: Arcanine|Mirror Herb\n|-boost|p2a: Arcanine|spa|1|[from] item: Mirror Herb\n|move|p1b: Wo-Chien|Leech Seed|p2b: Scream Tail\n|-start|p2b: Scream Tail|move: Leech Seed\n|\n|-heal|p1a: Moltres|28\/100|[from] item: Leftovers\n|-damage|p2b: Scream Tail|88\/100|[from] Leech Seed|[of] p1b: Wo-Chien\n|-heal|p1b: Wo-Chien|90\/100|[silent]\n|-damage|p2a: Arcanine|55\/100|[from] Leech Seed|[of] p1b: Wo-Chien\n|-heal|p1b: Wo-Chien|100\/100|[silent]\n|upkeep\n|turn|3\n|inactive|Sr. del almidon has 30 seconds left.\n|inactive|DKthe_star has 30 seconds left.\n|inactive|Sr. del almidon has 20 seconds left.\n|inactive|Sr. del almidon has 15 seconds left.\n|\n|t:|1699816171\n|move|p2b: Scream Tail|Dazzling Gleam|p1a: Moltres|[spread] p1a,p1b\n|-supereffective|p1a: Moltres\n|-supereffective|p1b: Wo-Chien\n|-damage|p1a: Moltres|3\/100\n|-damage|p1b: Wo-Chien|78\/100\n|move|p2a: Arcanine|Close Combat|p1b: Wo-Chien\n|-supereffective|p1b: Wo-Chien\n|-damage|p1b: Wo-Chien|48\/100\n|-unboost|p2a: Arcanine|def|1\n|-unboost|p2a: Arcanine|spd|1\n|move|p1a: Moltres|Fiery Wrath|p2a: Arcanine|[spread] p2a,p2b\n|-damage|p2a: Arcanine|0 fnt\n|-damage|p2b: Scream Tail|58\/100\n|faint|p2a: Arcanine\n|move|p1b: Wo-Chien|Snarl|p2b: Scream Tail\n|-damage|p2b: Scream Tail|36\/100\n|-unboost|p2b: Scream Tail|spa|1\n|\n|-heal|p2b: Scream Tail|42\/100|[from] item: Leftovers\n|-heal|p1a: Moltres|9\/100|[from] item: Leftovers\n|-damage|p2b: Scream Tail|29\/100|[from] Leech Seed|[of] p1b: Wo-Chien\n|-heal|p1b: Wo-Chien|64\/100|[silent]\n|upkeep\n|\n|t:|1699816196\n|switch|p2a: Iron Hands|Iron Hands, L50|100\/100\n|turn|4\n|\n|t:|1699816211\n|-end|p2b: Scream Tail|Protosynthesis|[silent]\n|switch|p2b: Gothitelle|Gothitelle, L50, M|100\/100\n|move|p1b: Wo-Chien|Protect|p1b: Wo-Chien\n|-singleturn|p1b: Wo-Chien|Protect\n|move|p1a: Moltres|Air Slash|p2a: Iron Hands\n|-damage|p2a: Iron Hands|80\/100\n|move|p2a: Iron Hands|Drain Punch|p1a: Moltres\n|-damage|p1a: Moltres|0 fnt\n|-heal|p2a: Iron Hands|83\/100|[from] drain|[of] p1a: Moltres\n|faint|p1a: Moltres\n|\n|upkeep\n|\n|t:|1699816230\n|switch|p1a: Sinistcha|Sinistcha, L50|100\/100\n|-heal|p1b: Wo-Chien|89\/100|[from] ability: Hospitality|[of] p1a: Sinistcha\n|turn|5\n|\n|t:|1699816247\n|-terastallize|p2a: Iron Hands|Fire\n|move|p2b: Gothitelle|Fake Out|p1b: Wo-Chien\n|-crit|p1b: Wo-Chien\n|-damage|p1b: Wo-Chien|84\/100\n|cant|p1b: Wo-Chien|flinch\n|move|p2a: Iron Hands|Close Combat|p1b: Wo-Chien\n|-supereffective|p1b: Wo-Chien\n|-damage|p1b: Wo-Chien|36\/100\n|-unboost|p2a: Iron Hands|def|1\n|-unboost|p2a: Iron Hands|spd|1\n|move|p1a: Sinistcha|Matcha Gotcha|p2b: Gothitelle|[spread] p2a,p2b\n|-resisted|p2a: Iron Hands\n|-damage|p2a: Iron Hands|73\/100\n|-damage|p2b: Gothitelle|75\/100\n|\n|upkeep\n|turn|6\n|\n|t:|1699816271\n|move|p1b: Wo-Chien|Protect|p1b: Wo-Chien\n|-singleturn|p1b: Wo-Chien|Protect\n|move|p2b: Gothitelle|Hypnosis|p1a: Sinistcha\n|-status|p1a: Sinistcha|slp|[from] move: Hypnosis\n|move|p2a: Iron Hands|Drain Punch|p1b: Wo-Chien\n|-activate|p1b: Wo-Chien|move: Protect\n|cant|p1a: Sinistcha|slp\n|\n|upkeep\n|turn|7\n|\n|t:|1699816295\n|move|p2b: Gothitelle|Heal Pulse|p2a: Iron Hands\n|-heal|p2a: Iron Hands|100\/100\n|move|p1b: Wo-Chien|Leech Seed|p2b: Gothitelle\n|-start|p2b: Gothitelle|move: Leech Seed\n|move|p2a: Iron Hands|Close Combat|p1b: Wo-Chien\n|-supereffective|p1b: Wo-Chien\n|-damage|p1b: Wo-Chien|0 fnt\n|-unboost|p2a: Iron Hands|def|1\n|-unboost|p2a: Iron Hands|spd|1\n|faint|p1b: Wo-Chien\n|cant|p1a: Sinistcha|slp\n|\n|upkeep\n|\n|t:|1699816306\n|switch|p1b: Grimmsnarl|Grimmsnarl, L50, M|61\/100\n|turn|8\n|\n|t:|1699816318\n|move|p2b: Gothitelle|Hypnosis|p1b: Grimmsnarl\n|-status|p1b: Grimmsnarl|slp|[from] move: Hypnosis\n|cant|p1b: Grimmsnarl|slp\n|move|p2a: Iron Hands|Wild Charge|p1b: Grimmsnarl\n|-damage|p1b: Grimmsnarl|18\/100 slp\n|-damage|p2a: Iron Hands|91\/100|[from] Recoil\n|cant|p1a: Sinistcha|slp\n|\n|-damage|p2b: Gothitelle|63\/100|[from] Leech Seed|[of] p1b: Grimmsnarl\n|-heal|p1b: Grimmsnarl|27\/100 slp|[silent]\n|-sideend|p1: Sr. del almidon|Reflect\n|upkeep\n|turn|9\n|inactive|DKthe_star has 30 seconds left.\n|\n|t:|1699816344\n|switch|p2b: Scream Tail|Scream Tail, L50|29\/100\n|-curestatus|p1b: Grimmsnarl|slp|[msg]\n|move|p1b: Grimmsnarl|Reflect|p1b: Grimmsnarl\n|-sidestart|p1: Sr. del almidon|Reflect\n|move|p2a: Iron Hands|Wild Charge|p1b: Grimmsnarl\n|-damage|p1b: Grimmsnarl|0 fnt\n|faint|p1b: Grimmsnarl\n|-damage|p2a: Iron Hands|85\/100|[from] Recoil\n|-curestatus|p1a: Sinistcha|slp|[msg]\n|move|p1a: Sinistcha|Strength Sap|p2a: Iron Hands\n|-unboost|p2a: Iron Hands|atk|1\n|\n|-heal|p2b: Scream Tail|35\/100|[from] item: Leftovers\n|upkeep\n|turn|10\n|c|\u2606Sr. del almidon|U suck\n|inactive|DKthe_star has 30 seconds left.\n|\n|t:|1699816370\n|move|p2b: Scream Tail|Encore|p1a: Sinistcha\n|-start|p1a: Sinistcha|Encore\n|move|p2a: Iron Hands|Volt Switch|p1a: Sinistcha\n|-resisted|p1a: Sinistcha\n|-damage|p1a: Sinistcha|93\/100\n|\n|t:|1699816376\n|-end|p2a: Iron Hands|Quark Drive|[silent]\n|switch|p2a: Gothitelle|Gothitelle, L50, M|63\/100|[from] Volt Switch\n|move|p1a: Sinistcha|Strength Sap|p2b: Scream Tail\n|-unboost|p2b: Scream Tail|atk|1\n|-heal|p1a: Sinistcha|100\/100\n|\n|-heal|p2b: Scream Tail|41\/100|[from] item: Leftovers\n|upkeep\n|turn|11\n|\n|t:|1699816397\n|move|p2b: Scream Tail|Perish Song|p2b: Scream Tail\n|-start|p1a: Sinistcha|perish3|[silent]\n|-start|p2a: Gothitelle|perish3|[silent]\n|-start|p2b: Scream Tail|perish3|[silent]\n|-fieldactivate|move: Perish Song\n|move|p2a: Gothitelle|Heal Pulse|p2b: Scream Tail\n|-heal|p2b: Scream Tail|91\/100\n|move|p1a: Sinistcha|Strength Sap|p2a: Gothitelle\n|-unboost|p2a: Gothitelle|atk|1\n|\n|-heal|p2b: Scream Tail|97\/100|[from] item: Leftovers\n|-start|p2b: Scream Tail|perish3\n|-start|p2a: Gothitelle|perish3\n|-start|p1a: Sinistcha|perish3\n|upkeep\n|turn|12\n|-message|Sr. del almidon forfeited.\n|\n|win|DKthe_star\n|raw|Sr. del almidon's rating: 1081 &rarr; <strong>1057<\/strong><br \/>(-24 for losing)\n|raw|DKthe_star's rating: 1053 &rarr; <strong>1088<\/strong><br \/>(+35 for winning)\n|l|\u2606Sr. del almidon\n","uploadtime":1699816443,"views":15,"p1id":"srdelalmidon","p2id":"dkthestar","formatid":"gen9vgc2023regulatione","rating":1057,"private":0,"password":""}