{"id":"gen9vgc2023regulatione-1999222564","p1":"Turnips-suck","p2":"Chamdy","format":"[Gen 9] VGC 2023 Regulation E","log":"|j|\u2606Turnips-suck\n|j|\u2606Chamdy\n|n|\u2606Turnips-suck|turnipssuck\n|n|\u2606Chamdy|chamdy\n|html|View the match progress at <a href=\"\/game-bestof3-gen9vgc2023regulatione-1999221081\">game-bestof3-gen9vgc2023regulatione-1999221081<\/a>\n|t:|1701047356\n|gametype|doubles\n|player|p1|Turnips-suck|elesa|\n|player|p2|Chamdy|cilan|\n|teamsize|p1|6\n|teamsize|p2|6\n|gen|9\n|tier|[Gen 9] VGC 2023 Regulation E\n|rule|Species Clause: Limit one of each Pok\u00e9mon\n|rule|Item Clause: Limit one of each item\n|clearpoke\n|poke|p1|Noivern, L50, M|\n|poke|p1|Ogerpon-Wellspring, L50, F|\n|poke|p1|Stantler, L50, M|\n|poke|p1|Slowking-Galar, L50, F|\n|poke|p1|Mudsdale, L50, F|\n|poke|p1|Rotom-Heat, L50|\n|poke|p2|Bronzor, L50|\n|poke|p2|Tornadus-Therian, L50, M|\n|poke|p2|Mienshao, L50, M|\n|poke|p2|Pachirisu, L50, F|\n|poke|p2|Ursaluna-Bloodmoon, L50, M|\n|poke|p2|Chandelure, L50, F|\n|teampreview|4\n|inactive|Battle timer is ON: inactive players will automatically lose when time's up. (requested by Turnips-suck)\n|inactiveoff|Battle timer is now OFF.\n|c|\u2606Turnips-suck|glhf 2\n|c|\u2606Chamdy|glhf\n|\n|t:|1701047388\n|start\n|switch|p1a: Stereo-type|Noivern, L50, M|100\/100\n|switch|p1b: Dr. Malpractice|Slowking-Galar, L50, F|100\/100\n|switch|p2a: GUESS WHAT|Bronzor, L50|100\/100\n|switch|p2b: BACK AGAIN|Mienshao, L50, M, shiny|100\/100\n|-item|p2a: GUESS WHAT|Eviolite|[from] ability: Frisk|[of] p1a: Stereo-type|[identify]\n|-item|p2b: BACK AGAIN|Assault Vest|[from] ability: Frisk|[of] p1a: Stereo-type|[identify]\n|turn|1\n|\n|t:|1701047438\n|move|p1a: Stereo-type|Tailwind|p1a: Stereo-type\n|-sidestart|p1: Turnips-suck|move: Tailwind\n|move|p2b: BACK AGAIN|Ice Spinner|p1a: Stereo-type\n|-supereffective|p1a: Stereo-type\n|-damage|p1a: Stereo-type|0 fnt\n|faint|p1a: Stereo-type\n|move|p1b: Dr. Malpractice|Psychic|p2b: BACK AGAIN\n|-supereffective|p2b: BACK AGAIN\n|-damage|p2b: BACK AGAIN|23\/100\n|move|p2a: GUESS WHAT|Trick Room|p2a: GUESS WHAT\n|-fieldstart|move: Trick Room|[of] p2a: GUESS WHAT\n|\n|upkeep\n|\n|t:|1701047443\n|switch|p1a: Easy Bake|Rotom-Heat, L50, shiny|100\/100\n|turn|2\n|\n|t:|1701047451\n|move|p2a: GUESS WHAT|Helping Hand|p2b: BACK AGAIN\n|-singleturn|p2b: BACK AGAIN|Helping Hand|[of] p2a: GUESS WHAT\n|move|p1b: Dr. Malpractice|Snarl|p2b: BACK AGAIN|[spread] p2a,p2b\n|-supereffective|p2a: GUESS WHAT\n|-resisted|p2b: BACK AGAIN\n|-damage|p2a: GUESS WHAT|86\/100\n|-damage|p2b: BACK AGAIN|17\/100\n|-unboost|p2a: GUESS WHAT|spa|1\n|-unboost|p2b: BACK AGAIN|spa|1\n|move|p2b: BACK AGAIN|Close Combat|p1a: Easy Bake\n|-damage|p1a: Easy Bake|3\/100\n|-unboost|p2b: BACK AGAIN|def|1\n|-unboost|p2b: BACK AGAIN|spd|1\n|move|p1a: Easy Bake|Nasty Plot|p1a: Easy Bake\n|-boost|p1a: Easy Bake|spa|2\n|\n|upkeep\n|turn|3\n|\n|t:|1701047467\n|-terastallize|p1b: Dr. Malpractice|Fighting\n|move|p2a: GUESS WHAT|Helping Hand|p2b: BACK AGAIN\n|-singleturn|p2b: BACK AGAIN|Helping Hand|[of] p2a: GUESS WHAT\n|move|p1b: Dr. Malpractice|Psychic|p2b: BACK AGAIN\n|-supereffective|p2b: BACK AGAIN\n|-damage|p2b: BACK AGAIN|0 fnt\n|faint|p2b: BACK AGAIN\n|move|p1a: Easy Bake|Overheat|p2a: GUESS WHAT\n|-supereffective|p2a: GUESS WHAT\n|-damage|p2a: GUESS WHAT|24\/100\n|-unboost|p1a: Easy Bake|spa|2\n|\n|upkeep\n|\n|t:|1701047473\n|switch|p2b: YOUR|Ursaluna-Bloodmoon, L50, M|100\/100\n|-enditem|p2b: YOUR|Room Service\n|-unboost|p2b: YOUR|spe|1|[from] item: Room Service\n|turn|4\n|\n|t:|1701047483\n|move|p2a: GUESS WHAT|Helping Hand|p2b: YOUR\n|-singleturn|p2b: YOUR|Helping Hand|[of] p2a: GUESS WHAT\n|move|p1a: Easy Bake|Protect|p1a: Easy Bake\n|-singleturn|p1a: Easy Bake|Protect\n|move|p2b: YOUR|Hyper Voice|p1a: Easy Bake|[spread] p1b\n|-activate|p1a: Easy Bake|move: Protect\n|-damage|p1b: Dr. Malpractice|75\/100\n|move|p1b: Dr. Malpractice|Focus Blast|p2b: YOUR\n|-supereffective|p2b: YOUR\n|-damage|p2b: YOUR|10\/100\n|\n|-sideend|p1: Turnips-suck|move: Tailwind\n|upkeep\n|turn|5\n|\n|t:|1701047496\n|move|p2b: YOUR|Blood Moon|p1b: Dr. Malpractice\n|-damage|p1b: Dr. Malpractice|39\/100\n|move|p2a: GUESS WHAT|Rain Dance|p2a: GUESS WHAT\n|-weather|RainDance\n|move|p1b: Dr. Malpractice|Snarl|p2b: YOUR|[spread] p2a,p2b\n|-supereffective|p2a: GUESS WHAT\n|-damage|p2a: GUESS WHAT|9\/100\n|-damage|p2b: YOUR|0 fnt\n|-unboost|p2a: GUESS WHAT|spa|1\n|faint|p2b: YOUR\n|move|p1a: Easy Bake|Tera Blast|p2a: GUESS WHAT\n|-resisted|p2a: GUESS WHAT\n|-damage|p2a: GUESS WHAT|2\/100\n|\n|-weather|RainDance|[upkeep]\n|-fieldend|move: Trick Room\n|upkeep\n|\n|t:|1701047502\n|switch|p2b: IM BACK|Tornadus-Therian, L50, M, shiny|100\/100\n|turn|6\n|\n|t:|1701047510\n|-terastallize|p2b: IM BACK|Flying\n|move|p2a: GUESS WHAT|Helping Hand|p2b: IM BACK\n|-singleturn|p2b: IM BACK|Helping Hand|[of] p2a: GUESS WHAT\n|move|p2b: IM BACK|Bleakwind Storm|p1a: Easy Bake|[spread] p1a,p1b\n|-resisted|p1a: Easy Bake\n|-supereffective|p1b: Dr. Malpractice\n|-damage|p1a: Easy Bake|0 fnt\n|-damage|p1b: Dr. Malpractice|0 fnt\n|faint|p1a: Easy Bake\n|faint|p1b: Dr. Malpractice\n|\n|-weather|RainDance|[upkeep]\n|upkeep\n|\n|t:|1701047512\n|switch|p1b: Pool Noodle|Ogerpon-Wellspring, L50, F|100\/100\n|turn|7\n|c|\u2606Turnips-suck|gg\n|\n|t:|1701047520\n|move|p2a: GUESS WHAT|Helping Hand|p2b: IM BACK\n|-singleturn|p2b: IM BACK|Helping Hand|[of] p2a: GUESS WHAT\n|move|p1b: Pool Noodle|Ivy Cudgel|p2b: IM BACK|[anim] Ivy Cudgel Water\n|-damage|p2b: IM BACK|0 fnt\n|faint|p2b: IM BACK\n|\n|-weather|RainDance|[upkeep]\n|upkeep\n|turn|8\n|c|\u2606Chamdy|gg\n|c|\u2606Chamdy|i calced like an idiot\n|\n|t:|1701047532\n|move|p1b: Pool Noodle|Ivy Cudgel|p2a: GUESS WHAT|[anim] Ivy Cudgel Water\n|-damage|p2a: GUESS WHAT|0 fnt\n|faint|p2a: GUESS WHAT\n|\n|win|Turnips-suck\n|c|\u2606Turnips-suck|I thought for sure you outsped there\n","uploadtime":1701047538,"views":19,"p1id":"turnipssuck","p2id":"chamdy","formatid":"gen9vgc2023regulatione","rating":0,"private":0,"password":""}