{"id":"gen9vgc2023regulatione-1993690792","p1":"lurkingSombres","p2":"BlaiktroutVGC","format":"[Gen 9] VGC 2023 Regulation E","log":"|j|\u2606lurkingSombres\n|j|\u2606BlaiktroutVGC\n|t:|1700345998\n|gametype|doubles\n|player|p1|lurkingSombres|candice|1373\n|player|p2|BlaiktroutVGC|rosa|1343\n|teamsize|p1|6\n|teamsize|p2|6\n|gen|9\n|tier|[Gen 9] VGC 2023 Regulation E\n|rated|\n|rule|Species Clause: Limit one of each Pok\u00e9mon\n|rule|Item Clause: Limit one of each item\n|clearpoke\n|poke|p1|Milotic, L50, M|\n|poke|p1|Sinistcha, L50|\n|poke|p1|Ogerpon-Hearthflame, L50, F|\n|poke|p1|Iron Hands, L50|\n|poke|p1|Flutter Mane, L50|\n|poke|p1|Tyranitar, L50, F|\n|poke|p2|Empoleon, L50, M|\n|poke|p2|Ogerpon-Hearthflame, L50, F|\n|poke|p2|Flutter Mane, L50|\n|poke|p2|Rillaboom, L50, M|\n|poke|p2|Tornadus, L50, M|\n|poke|p2|Arcanine-Hisui, L50, M|\n|teampreview|4\n|\n|t:|1700346027\n|start\n|switch|p1a: Milotic|Milotic, L50, M|100\/100\n|switch|p1b: Iron Hands|Iron Hands, L50|100\/100\n|switch|p2a: Ogerpon|Ogerpon-Hearthflame, L50, F|100\/100\n|switch|p2b: Tornadus|Tornadus, L50, M|100\/100\n|-ability|p2a: Ogerpon|Mold Breaker\n|turn|1\n|\n|t:|1700346050\n|-terastallize|p2a: Ogerpon|Fire\n|detailschange|p2a: Ogerpon|Ogerpon-Hearthflame-Tera, L50, F, tera:Fire\n|-ability|p2a: Ogerpon|Embody Aspect (Hearthflame)|boost\n|-boost|p2a: Ogerpon|atk|1\n|move|p2a: Ogerpon|Spiky Shield|p2a: Ogerpon\n|-singleturn|p2a: Ogerpon|move: Protect\n|move|p2b: Tornadus|Sunny Day|p2b: Tornadus\n|-weather|SunnyDay\n|move|p1a: Milotic|Icy Wind|p2b: Tornadus|[spread] p2b\n|-activate|p2a: Ogerpon|move: Protect\n|-supereffective|p2b: Tornadus\n|-damage|p2b: Tornadus|76\/100\n|move|p1b: Iron Hands|Wild Charge|p2b: Tornadus\n|-supereffective|p2b: Tornadus\n|-crit|p2b: Tornadus\n|-damage|p2b: Tornadus|0 fnt\n|faint|p2b: Tornadus\n|-damage|p1b: Iron Hands|88\/100|[from] Recoil\n|\n|-weather|SunnyDay|[upkeep]\n|upkeep\n|\n|t:|1700346066\n|switch|p2b: Rillaboom|Rillaboom, L50, M|100\/100\n|-fieldstart|move: Grassy Terrain|[from] ability: Grassy Surge|[of] p2b: Rillaboom\n|turn|2\n|\n|t:|1700346079\n|-terastallize|p1a: Milotic|Dragon\n|move|p2a: Ogerpon|Ivy Cudgel|p1b: Iron Hands|[anim] Ivy Cudgel Fire\n|-damage|p1b: Iron Hands|0 fnt\n|faint|p1b: Iron Hands\n|-end|p1b: Iron Hands|Quark Drive|[silent]\n|move|p2b: Rillaboom|Wood Hammer|p1a: Milotic\n|-resisted|p1a: Milotic\n|-damage|p1a: Milotic|70\/100\n|-damage|p2b: Rillaboom|90\/100|[from] Recoil\n|move|p1a: Milotic|Icy Wind|p2a: Ogerpon|[spread] p2a,p2b\n|-resisted|p2a: Ogerpon\n|-supereffective|p2b: Rillaboom\n|-damage|p2a: Ogerpon|95\/100\n|-damage|p2b: Rillaboom|75\/100\n|-unboost|p2a: Ogerpon|spe|1\n|-unboost|p2b: Rillaboom|spe|1\n|\n|-weather|SunnyDay|[upkeep]\n|-heal|p2a: Ogerpon|100\/100|[from] Grassy Terrain\n|-heal|p1a: Milotic|76\/100|[from] Grassy Terrain\n|-heal|p1a: Milotic|82\/100|[from] item: Leftovers\n|-heal|p2b: Rillaboom|81\/100|[from] Grassy Terrain\n|upkeep\n|\n|t:|1700346094\n|switch|p1b: Sinistcha|Sinistcha, L50|100\/100\n|-heal|p1a: Milotic|100\/100|[from] ability: Hospitality|[of] p1b: Sinistcha\n|turn|3\n|\n|t:|1700346104\n|move|p2a: Ogerpon|Ivy Cudgel|p1b: Sinistcha|[anim] Ivy Cudgel Fire\n|-supereffective|p1b: Sinistcha\n|-damage|p1b: Sinistcha|0 fnt\n|faint|p1b: Sinistcha\n|move|p1a: Milotic|Scald|p2a: Ogerpon\n|-supereffective|p2a: Ogerpon\n|-damage|p2a: Ogerpon|68\/100\n|move|p2b: Rillaboom|U-turn|p1a: Milotic\n|-damage|p1a: Milotic|82\/100\n|\n|t:|1700346113\n|switch|p2b: Empoleon|Empoleon, L50, M|100\/100|[from] U-turn\n|\n|-weather|SunnyDay|[upkeep]\n|-heal|p2a: Ogerpon|74\/100|[from] Grassy Terrain\n|-heal|p1a: Milotic|88\/100|[from] Grassy Terrain\n|-heal|p1a: Milotic|94\/100|[from] item: Leftovers\n|upkeep\n|\n|t:|1700346115\n|switch|p1b: Ogerpon|Ogerpon-Hearthflame, L50, F|100\/100\n|-ability|p1b: Ogerpon|Mold Breaker\n|turn|4\n|\n|t:|1700346146\n|move|p1b: Ogerpon|Brick Break|p2b: Empoleon\n|-supereffective|p2b: Empoleon\n|-crit|p2b: Empoleon\n|-damage|p2b: Empoleon|15\/100\n|move|p2a: Ogerpon|Ivy Cudgel|p1b: Ogerpon|[anim] Ivy Cudgel Fire\n|-damage|p1b: Ogerpon|0 fnt\n|faint|p1b: Ogerpon\n|move|p1a: Milotic|Scald|p2b: Empoleon\n|-resisted|p2b: Empoleon\n|-damage|p2b: Empoleon|8\/100\n|-status|p2b: Empoleon|brn\n|move|p2b: Empoleon|Icy Wind|p1a: Milotic\n|-supereffective|p1a: Milotic\n|-damage|p1a: Milotic|65\/100\n|-unboost|p1a: Milotic|spe|1\n|-ability|p1a: Milotic|Competitive|boost\n|-boost|p1a: Milotic|spa|2\n|\n|-weather|SunnyDay|[upkeep]\n|-heal|p2a: Ogerpon|80\/100|[from] Grassy Terrain\n|-heal|p2b: Empoleon|14\/100 brn|[from] Grassy Terrain\n|-heal|p2b: Empoleon|20\/100 brn|[from] item: Leftovers\n|-heal|p1a: Milotic|71\/100|[from] Grassy Terrain\n|-heal|p1a: Milotic|77\/100|[from] item: Leftovers\n|-damage|p2b: Empoleon|14\/100 brn|[from] brn\n|upkeep\n|turn|5\n|\n|t:|1700346177\n|move|p1a: Milotic|Protect|p1a: Milotic\n|-singleturn|p1a: Milotic|Protect\n|move|p2a: Ogerpon|Ivy Cudgel|p1a: Milotic|[anim] Ivy Cudgel Fire\n|-activate|p1a: Milotic|move: Protect\n|move|p2b: Empoleon|Flash Cannon|p1a: Milotic\n|-activate|p1a: Milotic|move: Protect\n|\n|-weather|none\n|-heal|p2a: Ogerpon|86\/100|[from] Grassy Terrain\n|-heal|p2b: Empoleon|20\/100 brn|[from] Grassy Terrain\n|-heal|p2b: Empoleon|26\/100 brn|[from] item: Leftovers\n|-heal|p1a: Milotic|83\/100|[from] Grassy Terrain\n|-heal|p1a: Milotic|89\/100|[from] item: Leftovers\n|-damage|p2b: Empoleon|20\/100 brn|[from] brn\n|upkeep\n|turn|6\n|\n|t:|1700346193\n|move|p2a: Ogerpon|Ivy Cudgel|p1a: Milotic|[anim] Ivy Cudgel Fire\n|-resisted|p1a: Milotic\n|-damage|p1a: Milotic|45\/100\n|move|p2b: Empoleon|Flash Cannon|p1a: Milotic\n|-damage|p1a: Milotic|16\/100\n|move|p1a: Milotic|Scald|p2a: Ogerpon\n|-supereffective|p2a: Ogerpon\n|-damage|p2a: Ogerpon|0 fnt\n|faint|p2a: Ogerpon\n|\n|-heal|p2b: Empoleon|26\/100 brn|[from] Grassy Terrain\n|-heal|p2b: Empoleon|31\/100 brn|[from] item: Leftovers\n|-heal|p1a: Milotic|22\/100|[from] Grassy Terrain\n|-heal|p1a: Milotic|28\/100|[from] item: Leftovers\n|-damage|p2b: Empoleon|26\/100 brn|[from] brn\n|-fieldend|move: Grassy Terrain\n|upkeep\n|\n|t:|1700346199\n|switch|p2a: Rillaboom|Rillaboom, L50, M|81\/100\n|-fieldstart|move: Grassy Terrain|[from] ability: Grassy Surge|[of] p2a: Rillaboom\n|turn|7\n|\n|t:|1700346206\n|move|p1a: Milotic|Protect|p1a: Milotic\n|-singleturn|p1a: Milotic|Protect\n|move|p2a: Rillaboom|Fake Out|p1a: Milotic\n|-activate|p1a: Milotic|move: Protect\n|move|p2b: Empoleon|Flash Cannon|p1a: Milotic\n|-activate|p1a: Milotic|move: Protect\n|\n|-heal|p2a: Rillaboom|87\/100|[from] Grassy Terrain\n|-heal|p2b: Empoleon|31\/100 brn|[from] Grassy Terrain\n|-heal|p2b: Empoleon|37\/100 brn|[from] item: Leftovers\n|-heal|p1a: Milotic|34\/100|[from] Grassy Terrain\n|-heal|p1a: Milotic|40\/100|[from] item: Leftovers\n|-damage|p2b: Empoleon|31\/100 brn|[from] brn\n|upkeep\n|turn|8\n|\n|t:|1700346212\n|move|p2a: Rillaboom|Wood Hammer|p1a: Milotic\n|-resisted|p1a: Milotic\n|-crit|p1a: Milotic\n|-damage|p1a: Milotic|0 fnt\n|faint|p1a: Milotic\n|-damage|p2a: Rillaboom|74\/100|[from] Recoil\n|\n|win|BlaiktroutVGC\n|raw|lurkingSombres's rating: 1373 &rarr; <strong>1351<\/strong><br \/>(-22 for losing)\n|raw|BlaiktroutVGC's rating: 1343 &rarr; <strong>1365<\/strong><br \/>(+22 for winning)\n|l|\u2606lurkingSombres\n|c|\u2606BlaiktroutVGC|gg\n","uploadtime":1700346226,"views":7,"p1id":"lurkingsombres","p2id":"blaiktroutvgc","formatid":"gen9vgc2023regulatione","rating":1351,"private":0,"password":""}