{"id":"gen9vgc2023regulatione-1990926080","p1":"ImmatWork","p2":"PhantomOrionVgc","format":"[Gen 9] VGC 2023 Regulation E","log":"|j|\u2606ImmatWork\n|j|\u2606PhantomOrionVgc\n|t:|1700015918\n|gametype|doubles\n|player|p1|ImmatWork|psychic-gen4|1179\n|player|p2|PhantomOrionVgc|caitlin-masters|1079\n|teamsize|p1|6\n|teamsize|p2|6\n|gen|9\n|tier|[Gen 9] VGC 2023 Regulation E\n|rated|\n|rule|Species Clause: Limit one of each Pok\u00e9mon\n|rule|Item Clause: Limit one of each item\n|clearpoke\n|poke|p1|Tyranitar, L50, M|\n|poke|p1|Orthworm, L50, M|\n|poke|p1|Garchomp, L50, M|\n|poke|p1|Gastrodon, L50, F|\n|poke|p1|Dugtrio, L50, F|\n|poke|p1|Gliscor, L50, F|\n|poke|p2|Farigiraf, L50, F|\n|poke|p2|Baxcalibur, L50, F|\n|poke|p2|Ninetales-Alola, L50, F|\n|poke|p2|Heatran, L50, M|\n|poke|p2|Weezing-Galar, L50, M|\n|poke|p2|Iron Hands, L50|\n|teampreview|4\nPhantomOrionVgc has agreed to open team sheets.\n|inactive|Battle timer is ON: inactive players will automatically lose when time's up. (requested by PhantomOrionVgc)\n|\n|t:|1700016029\n|start\n|switch|p1a: Tyranitar|Tyranitar, L50, M|100\/100\n|switch|p1b: Orthworm|Orthworm, L50, M|100\/100\n|switch|p2a: Weezing|Weezing-Galar, L50, M|100\/100\n|switch|p2b: Farigiraf|Farigiraf, L50, F|100\/100\n|-ability|p2a: Weezing|Neutralizing Gas\n|turn|1\n|\n|t:|1700016050\n|-terastallize|p2a: Weezing|Water\n|move|p1b: Orthworm|Shed Tail|p1b: Orthworm\n|-start|p1b: Orthworm|Substitute|[from] move: Shed Tail\n|-damage|p1b: Orthworm|50\/100\n|-enditem|p1b: Orthworm|Sitrus Berry|[eat]\n|-heal|p1b: Orthworm|75\/100|[from] item: Sitrus Berry\n|\n|t:|1700016059\n|switch|p1b: Garchomp|Garchomp, L50, M|100\/100|[from] Shed Tail\n|move|p2a: Weezing|Will-O-Wisp|p1a: Tyranitar\n|-status|p1a: Tyranitar|brn\n|move|p1a: Tyranitar|Thunder Wave|p2a: Weezing\n|-status|p2a: Weezing|par\n|move|p2b: Farigiraf|Night Shade|p1b: Garchomp\n|-end|p1b: Garchomp|Substitute\n|\n|-damage|p1a: Tyranitar|94\/100 brn|[from] brn\n|upkeep\n|turn|2\n|inactive|PhantomOrionVgc has 30 seconds left.\n|inactive|ImmatWork has 30 seconds left.\n|inactive|PhantomOrionVgc has 20 seconds left.\n|inactive|ImmatWork has 20 seconds left.\n|inactive|PhantomOrionVgc has 15 seconds left.\n|inactive|ImmatWork has 15 seconds left.\n|inactive|PhantomOrionVgc has 10 seconds left.\n|inactive|ImmatWork has 10 seconds left.\n|inactive|PhantomOrionVgc has 5 seconds left.\n|\n|t:|1700016111\n|move|p1b: Garchomp|Swords Dance|p1b: Garchomp\n|-boost|p1b: Garchomp|atk|2\n|move|p1a: Tyranitar|Power Gem|p2a: Weezing\n|-damage|p2a: Weezing|49\/100 par\n|move|p2b: Farigiraf|Night Shade|p1b: Garchomp\n|-damage|p1b: Garchomp|73\/100\n|move|p2a: Weezing|Will-O-Wisp|p1b: Garchomp\n|-status|p1b: Garchomp|brn\n|\n|-damage|p1b: Garchomp|67\/100 brn|[from] brn\n|-damage|p1a: Tyranitar|88\/100 brn|[from] brn\n|upkeep\n|turn|3\n|\n|t:|1700016128\n|-terastallize|p1a: Tyranitar|Flying\n|move|p1a: Tyranitar|Helping Hand|p1b: Garchomp\n|-singleturn|p1b: Garchomp|Helping Hand|[of] p1a: Tyranitar\n|move|p1b: Garchomp|Earthquake|p2b: Farigiraf|[spread] p2a,p2b\n|-immune|p1a: Tyranitar\n|-crit|p2a: Weezing\n|-damage|p2a: Weezing|0 fnt\n|-damage|p2b: Farigiraf|66\/100\n|faint|p2a: Weezing\n|-end|p2a: Weezing|ability: Neutralizing Gas\n|-weather|Sandstorm|[from] ability: Sand Stream|[of] p1a: Tyranitar\n|move|p2b: Farigiraf|Night Shade|p1b: Garchomp|[miss]\n|-miss|p2b: Farigiraf|p1b: Garchomp\n|\n|-weather|Sandstorm|[upkeep]\n|-damage|p1a: Tyranitar|82\/100 brn|[from] Sandstorm\n|-damage|p2b: Farigiraf|60\/100|[from] Sandstorm\n|-damage|p1b: Garchomp|61\/100 brn|[from] brn\n|-damage|p1a: Tyranitar|76\/100 brn|[from] brn\n|upkeep\n|\n|t:|1700016137\n|switch|p2a: Ninetales|Ninetales-Alola, L50, F|100\/100\n|-weather|Snow|[from] ability: Snow Warning|[of] p2a: Ninetales\n|turn|4\n|\n|t:|1700016147\n|switch|p1a: Orthworm|Orthworm, L50, M|75\/100\n|move|p2b: Farigiraf|Helping Hand|p2a: Ninetales\n|-singleturn|p2a: Ninetales|Helping Hand|[of] p2b: Farigiraf\n|move|p1b: Garchomp|Protect|p1b: Garchomp\n|-singleturn|p1b: Garchomp|Protect\n|move|p2a: Ninetales|Icy Wind|p1a: Orthworm|[spread] p1a\n|-activate|p1b: Garchomp|move: Protect\n|-resisted|p1a: Orthworm\n|-damage|p1a: Orthworm|65\/100\n|-unboost|p1a: Orthworm|spe|1\n|\n|-weather|Snow|[upkeep]\n|-damage|p1b: Garchomp|55\/100 brn|[from] brn\n|upkeep\n|turn|5\n|\n|t:|1700016172\n|switch|p1b: Tyranitar|Tyranitar, L50, M, tera:Flying|76\/100 brn\n|-weather|Sandstorm|[from] ability: Sand Stream|[of] p1b: Tyranitar\n|move|p2b: Farigiraf|Helping Hand|p2a: Ninetales\n|-singleturn|p2a: Ninetales|Helping Hand|[of] p2b: Farigiraf\n|move|p2a: Ninetales|Icy Wind|p1b: Tyranitar|[spread] p1a,p1b\n|-resisted|p1a: Orthworm\n|-supereffective|p1b: Tyranitar\n|-damage|p1a: Orthworm|55\/100\n|-damage|p1b: Tyranitar|48\/100 brn\n|-unboost|p1a: Orthworm|spe|1\n|-unboost|p1b: Tyranitar|spe|1\n|move|p1a: Orthworm|Iron Head|p2a: Ninetales\n|-supereffective|p2a: Ninetales\n|-damage|p2a: Ninetales|0 fnt\n|faint|p2a: Ninetales\n|\n|-weather|Sandstorm|[upkeep]\n|-damage|p2b: Farigiraf|54\/100|[from] Sandstorm\n|-damage|p1b: Tyranitar|42\/100 brn|[from] Sandstorm\n|-damage|p1b: Tyranitar|36\/100 brn|[from] brn\n|upkeep\n|\n|t:|1700016175\n|switch|p2a: Baxcalibur|Baxcalibur, L50, F|100\/100\n|turn|6\n|\n|t:|1700016192\n|move|p2a: Baxcalibur|Protect|p2a: Baxcalibur\n|-singleturn|p2a: Baxcalibur|Protect\n|move|p2b: Farigiraf|Night Shade|p1a: Orthworm\n|-damage|p1a: Orthworm|26\/100\n|move|p1b: Tyranitar|Thunder Wave|p2a: Baxcalibur\n|-activate|p2a: Baxcalibur|move: Protect\n|move|p1a: Orthworm|Shed Tail|p1a: Orthworm\n|-fail|p1a: Orthworm|move: Shed Tail|[weak]\n|\n|-weather|Sandstorm|[upkeep]\n|-damage|p2a: Baxcalibur|94\/100|[from] Sandstorm\n|-damage|p2b: Farigiraf|48\/100|[from] Sandstorm\n|-damage|p1b: Tyranitar|30\/100 brn|[from] Sandstorm\n|-damage|p1b: Tyranitar|24\/100 brn|[from] brn\n|upkeep\n|turn|7\n|\n|t:|1700016207\n|move|p2a: Baxcalibur|Scale Shot|p1b: Tyranitar|[miss]\n|-miss|p2a: Baxcalibur|p1b: Tyranitar\n|move|p2b: Farigiraf|Night Shade|p1a: Orthworm\n|-damage|p1a: Orthworm|0 fnt\n|faint|p1a: Orthworm\n|move|p1b: Tyranitar|Thunder Wave|p2b: Farigiraf\n|-status|p2b: Farigiraf|par\n|\n|-weather|Sandstorm|[upkeep]\n|-damage|p2a: Baxcalibur|88\/100|[from] Sandstorm\n|-damage|p1b: Tyranitar|17\/100 brn|[from] Sandstorm\n|-damage|p2b: Farigiraf|41\/100 par|[from] Sandstorm\n|-damage|p1b: Tyranitar|11\/100 brn|[from] brn\n|upkeep\n|\n|t:|1700016216\n|switch|p1a: Dugtrio|Dugtrio, L50, F|100\/100\n|turn|8\n|\n|t:|1700016230\n|move|p1b: Tyranitar|Helping Hand|p1a: Dugtrio\n|-singleturn|p1a: Dugtrio|Helping Hand|[of] p1b: Tyranitar\n|move|p2a: Baxcalibur|Protect|p2a: Baxcalibur\n|-singleturn|p2a: Baxcalibur|Protect\n|move|p1a: Dugtrio|Rock Slide|p2a: Baxcalibur|[spread] p2b\n|-activate|p2a: Baxcalibur|move: Protect\n|-damage|p2b: Farigiraf|12\/100 par\n|-damage|p1a: Dugtrio|90\/100|[from] item: Life Orb\n|move|p2b: Farigiraf|Trick Room|p2b: Farigiraf\n|-fieldstart|move: Trick Room|[of] p2b: Farigiraf\n|\n|-weather|Sandstorm|[upkeep]\n|-damage|p2b: Farigiraf|6\/100 par|[from] Sandstorm\n|-damage|p1b: Tyranitar|5\/100 brn|[from] Sandstorm\n|-damage|p2a: Baxcalibur|82\/100|[from] Sandstorm\n|-damage|p1b: Tyranitar|0 fnt|[from] brn\n|faint|p1b: Tyranitar\n|upkeep\n|\n|t:|1700016240\n|switch|p1b: Garchomp|Garchomp, L50, M|55\/100 brn\n|turn|9\n|\n|t:|1700016255\n|move|p2b: Farigiraf|Ally Switch|p2b: Farigiraf\n|swap|p2b: Farigiraf|0|[from] move: Ally Switch\n|move|p2b: Baxcalibur|Icicle Spear|p1a: Dugtrio\n|-supereffective|p1a: Dugtrio\n|-damage|p1a: Dugtrio|14\/100\n|-supereffective|p1a: Dugtrio\n|-damage|p1a: Dugtrio|0 fnt\n|faint|p1a: Dugtrio\n|-hitcount|p1: Dugtrio|2\n|move|p1b: Garchomp|Dragon Claw|p2a: Farigiraf\n|-damage|p2a: Farigiraf|0 fnt\n|-damage|p1b: Garchomp|39\/100 brn|[from] item: Rocky Helmet|[of] p2a: Farigiraf\n|faint|p2a: Farigiraf\n|\n|-weather|none\n|-damage|p1b: Garchomp|33\/100 brn|[from] brn\n|upkeep\n|turn|10\n|-message|ImmatWork forfeited.\n|\n|win|PhantomOrionVgc\n|raw|ImmatWork's rating: 1179 &rarr; <strong>1147<\/strong><br \/>(-32 for losing)\n|raw|PhantomOrionVgc's rating: 1079 &rarr; <strong>1115<\/strong><br \/>(+36 for winning)\n|l|\u2606ImmatWork\n","uploadtime":1700016268,"views":13,"p1id":"immatwork","p2id":"phantomorionvgc","formatid":"gen9vgc2023regulatione","rating":1115,"private":0,"password":""}