{"id":"gen9vgc2023regulatione-1999525620","p1":"KaosCarter","p2":"AndrewsWho","format":"[Gen 9] VGC 2023 Regulation E","log":"|j|\u2606KaosCarter\n|j|\u2606AndrewsWho\n|n|\u2606KaosCarter|kaoscarter\n|n|\u2606AndrewsWho|andrewswho\n|html|View the match progress at <a href=\"\/game-bestof3-gen9vgc2023regulatione-1999523030\">game-bestof3-gen9vgc2023regulatione-1999523030<\/a>\n|t:|1701092529\n|gametype|doubles\n|player|p1|KaosCarter|acetrainer-gen4dp|\n|player|p2|AndrewsWho|cynthia-gen4|\n|teamsize|p1|6\n|teamsize|p2|6\n|gen|9\n|tier|[Gen 9] VGC 2023 Regulation E\n|rule|Species Clause: Limit one of each Pok\u00e9mon\n|rule|Item Clause: Limit one of each item\n|clearpoke\n|poke|p1|Heatran, L50, M|\n|poke|p1|Tornadus, L50, M|\n|poke|p1|Sneasler, L50, F|\n|poke|p1|Indeedee-F, L50, F|\n|poke|p1|Shiftry, L50, M|\n|poke|p1|Chi-Yu, L50|\n|poke|p2|Arcanine-Hisui, L50, F|\n|poke|p2|Urshifu-*, L50, F|\n|poke|p2|Tornadus, L50, M|\n|poke|p2|Gholdengo, L50|\n|poke|p2|Iron Hands, L50|\n|poke|p2|Amoonguss, L50, F|\n|teampreview|4\nKaosCarter has agreed to open team sheets.\nAndrewsWho has agreed to open team sheets.\n|showteam|p1|Heatran||SitrusBerry|FlashFire|EarthPower,FlashCannon,HeatWave,Protect|||M|||50|,,,,,Fairy]Tornadus||MentalHerb|Prankster|BleakwindStorm,Tailwind,SunnyDay,ScaryFace|||M|||50|,,,,,Ghost]Sneasler||ClearAmulet|PoisonTouch|DireClaw,CloseCombat,Protect,FakeOut|||F|||50|,,,,,Flying]Indeedee-F||PsychicSeed|PsychicSurge|FollowMe,Psyshock,TrickRoom,Imprison|||F|||50|,,,,,Fairy]Shiftry||FocusSash|WindRider|SuckerPunch,Reversal,LeafBlade,FakeOut|||M|||50|,,,,,Ghost]Chi-Yu||ChoiceSpecs|BeadsofRuin|HeatWave,Psychic,Overheat,DarkPulse||||||50|,,,,,Ghost\n|showteam|p2|Arcanine-Hisui||ChoiceBand|Intimidate|RockSlide,FlareBlitz,ExtremeSpeed,HeadSmash|||F|||50|,,,,,Fairy]Urshifu-Rapid-Strike||MysticWater|UnseenFist|SurgingStrikes,AquaJet,CloseCombat,Detect|||F|||50|,,,,,Water]Tornadus||RockyHelmet|Prankster|BleakwindStorm,Tailwind,RainDance,Protect|||M|||50|,,,,,Steel]Gholdengo||KasibBerry|GoodasGold|MakeItRain,ShadowBall,Protect,NastyPlot||||||50|,,,,,Dragon]Iron Hands||AssaultVest|QuarkDrive|WildCharge,DrainPunch,VoltSwitch,FakeOut||||||50|,,,,,Water]Amoonguss||SitrusBerry|Regenerator|PollenPuff,Spore,RagePowder,Protect|||F|||50|,,,,,Water\n|inactive|Battle timer is ON: inactive players will automatically lose when time's up. (requested by KaosCarter)\n|\n|t:|1701092561\n|start\n|switch|p1a: Sneasler|Sneasler, L50, F|100\/100\n|switch|p1b: Tornadus|Tornadus, L50, M|100\/100\n|switch|p2a: Tornadus|Tornadus, L50, M|100\/100\n|switch|p2b: Arcanine|Arcanine-Hisui, L50, F|100\/100\n|-ability|p2b: Arcanine|Intimidate|boost\n|-fail|p1a: Sneasler|unboost|[from] item: Clear Amulet|[of] p1a: Sneasler\n|-unboost|p1b: Tornadus|atk|1\n|turn|1\n|inactive|KaosCarter has 30 seconds left.\n|\n|t:|1701092590\n|move|p1a: Sneasler|Fake Out|p2b: Arcanine\n|-resisted|p2b: Arcanine\n|-damage|p2b: Arcanine|91\/100\n|-status|p2b: Arcanine|psn|[from] ability: Poison Touch|[of] p1a: Sneasler\n|move|p1b: Tornadus|Tailwind|p1b: Tornadus\n|-sidestart|p1: KaosCarter|move: Tailwind\n|cant|p2b: Arcanine|flinch\n|move|p2a: Tornadus|Bleakwind Storm|p1a: Sneasler|[spread] p1a\n|-miss|p2a: Tornadus|p1b: Tornadus\n|-supereffective|p1a: Sneasler\n|-damage|p1a: Sneasler|23\/100\n|\n|-damage|p2b: Arcanine|79\/100 psn|[from] psn\n|upkeep\n|turn|2\n|inactive|KaosCarter has 30 seconds left.\n|inactive|KaosCarter has 20 seconds left.\n|\n|t:|1701092628\n|switch|p1b: Shiftry|Shiftry, L50, M|100\/100\n|-ability|p1b: Shiftry|Wind Rider|boost\n|-boost|p1b: Shiftry|atk|1\n|-terastallize|p2b: Arcanine|Fairy\n|move|p1a: Sneasler|Protect|p1a: Sneasler\n|-singleturn|p1a: Sneasler|Protect\n|move|p2a: Tornadus|Tailwind|p2a: Tornadus\n|-sidestart|p2: AndrewsWho|move: Tailwind\n|move|p2b: Arcanine|Rock Slide|p1b: Shiftry|[spread] p1b\n|-activate|p1a: Sneasler|move: Protect\n|-damage|p1b: Shiftry|33\/100\n|\n|-damage|p2b: Arcanine|66\/100 psn|[from] psn\n|upkeep\n|turn|3\n|inactive|AndrewsWho has 30 seconds left.\n|\n|t:|1701092657\n|switch|p2b: Gholdengo|Gholdengo, L50|100\/100\n|move|p2a: Tornadus|Protect|p2a: Tornadus\n|-singleturn|p2a: Tornadus|Protect\n|move|p1b: Shiftry|Fake Out|p2b: Gholdengo\n|-immune|p2b: Gholdengo\n|move|p1a: Sneasler|Dire Claw|p2b: Gholdengo\n|-immune|p2b: Gholdengo\n|\n|upkeep\n|turn|4\n|\n|t:|1701092681\n|switch|p1a: Chi-Yu|Chi-Yu, L50|100\/100\n|-ability|p1a: Chi-Yu|Beads of Ruin\n|switch|p2a: Arcanine|Arcanine-Hisui, L50, F, tera:Fairy|66\/100 psn\n|-ability|p2a: Arcanine|Intimidate|boost\n|-unboost|p1a: Chi-Yu|atk|1\n|-unboost|p1b: Shiftry|atk|1\n|switch|p1b: Tornadus|Tornadus, L50, M|100\/100\n|move|p2b: Gholdengo|Protect||[still]\n|-fail|p2b: Gholdengo\n|\n|-damage|p2a: Arcanine|54\/100 psn|[from] psn\n|-sideend|p1: KaosCarter|move: Tailwind\n|upkeep\n|turn|5\n|inactive|KaosCarter has 30 seconds left.\n|\n|t:|1701092715\n|switch|p2b: Urshifu|Urshifu-Rapid-Strike, L50, F|100\/100\n|move|p1b: Tornadus|Tailwind|p1b: Tornadus\n|-sidestart|p1: KaosCarter|move: Tailwind\n|move|p1a: Chi-Yu|Heat Wave|p2a: Arcanine|[spread] p2a,p2b\n|-resisted|p2b: Urshifu\n|-damage|p2a: Arcanine|0 fnt\n|-damage|p2b: Urshifu|51\/100\n|faint|p2a: Arcanine\n|\n|-sideend|p2: AndrewsWho|move: Tailwind\n|upkeep\n|\n|t:|1701092724\n|switch|p2a: Tornadus|Tornadus, L50, M|100\/100\n|turn|6\n|\n|t:|1701092733\n|move|p2a: Tornadus|Tailwind|p2a: Tornadus\n|-sidestart|p2: AndrewsWho|move: Tailwind\n|move|p1b: Tornadus|Bleakwind Storm|p2a: Tornadus|[spread] p2b\n|-miss|p1b: Tornadus|p2a: Tornadus\n|-supereffective|p2b: Urshifu\n|-damage|p2b: Urshifu|0 fnt\n|faint|p2b: Urshifu\n|move|p1a: Chi-Yu|Heat Wave|p2a: Tornadus\n|-damage|p2a: Tornadus|0 fnt\n|faint|p2a: Tornadus\n|\n|upkeep\n|\n|t:|1701092740\n|switch|p2b: Gholdengo|Gholdengo, L50|100\/100\n|turn|7\n|\n|t:|1701092748\n|move|p1b: Tornadus|Sunny Day|p1b: Tornadus\n|-weather|SunnyDay\n|move|p1a: Chi-Yu|Heat Wave|p2b: Gholdengo|[miss]\n|-miss|p1a: Chi-Yu|p2b: Gholdengo\n|move|p2b: Gholdengo|Make It Rain|p1b: Tornadus|[spread] p1a,p1b\n|-resisted|p1a: Chi-Yu\n|-damage|p1a: Chi-Yu|75\/100\n|-damage|p1b: Tornadus|19\/100\n|-unboost|p2b: Gholdengo|spa|1\n|\n|-weather|SunnyDay|[upkeep]\n|upkeep\n|turn|8\n|\n|t:|1701092772\n|move|p1b: Tornadus|Bleakwind Storm|p2b: Gholdengo|[miss]\n|-miss|p1b: Tornadus|p2b: Gholdengo\n|move|p1a: Chi-Yu|Heat Wave|p2b: Gholdengo\n|-supereffective|p2b: Gholdengo\n|-damage|p2b: Gholdengo|0 fnt\n|faint|p2b: Gholdengo\n|\n|win|KaosCarter\n|c|&|\/uhtml prompt-andrewswho,AndrewsWho is ready for game 3!\n|c|&|\/uhtml prompt-kaoscarter,KaosCarter is ready for game 3!\nBoth players are ready! Starting next match!\n|l|\u2606AndrewsWho\n","uploadtime":1701093117,"views":10,"p1id":"kaoscarter","p2id":"andrewswho","formatid":"gen9vgc2023regulatione","rating":0,"private":0,"password":""}