{"id":"gen9vgc2023regulatione-1997371276","p1":"eru_kh","p2":"lilbookcase","format":"[Gen 9] VGC 2023 Regulation E","log":"|j|\u2606eru_kh\n|j|\u2606lilbookcase\n|t:|1700795427\n|gametype|doubles\n|player|p1|eru_kh|102|1531\n|player|p2|lilbookcase|doctor|1411\n|teamsize|p1|6\n|teamsize|p2|6\n|gen|9\n|tier|[Gen 9] VGC 2023 Regulation E\n|rated|\n|rule|Species Clause: Limit one of each Pok\u00e9mon\n|rule|Item Clause: Limit one of each item\n|clearpoke\n|poke|p1|Kommo-o, L50, M|\n|poke|p1|Ursaluna-Bloodmoon, L50, M|\n|poke|p1|Grimmsnarl, L50, M|\n|poke|p1|Sinistcha, L50|\n|poke|p1|Rillaboom, L50, M|\n|poke|p1|Heatran, L50, M|\n|poke|p2|Garchomp, L50, F|\n|poke|p2|Amoonguss, L50, F|\n|poke|p2|Iron Hands, L50|\n|poke|p2|Gholdengo, L50|\n|poke|p2|Tornadus, L50, M|\n|poke|p2|Urshifu-*, L50, M|\n|teampreview|4\n|\n|t:|1700795468\n|start\n|switch|p1a: Heatran|Heatran, L50, M|100\/100\n|switch|p1b: Grimmsnarl|Grimmsnarl, L50, M|100\/100\n|switch|p2a: Garchomp|Garchomp, L50, F|100\/100\n|switch|p2b: Iron Hands|Iron Hands, L50|100\/100\n|turn|1\n|\n|t:|1700795484\n|move|p1b: Grimmsnarl|Fake Out|p2a: Garchomp\n|-damage|p2a: Garchomp|89\/100\n|-damage|p1b: Grimmsnarl|88\/100|[from] ability: Rough Skin|[of] p2a: Garchomp\n|move|p2b: Iron Hands|Fake Out|p1b: Grimmsnarl\n|-damage|p1b: Grimmsnarl|73\/100\n|cant|p2a: Garchomp|flinch\n|move|p1a: Heatran|Iron Defense|p1a: Heatran\n|-boost|p1a: Heatran|def|2\n|\n|upkeep\n|turn|2\n|\n|t:|1700795523\n|move|p1a: Heatran|Protect|p1a: Heatran\n|-singleturn|p1a: Heatran|Protect\n|move|p1b: Grimmsnarl|Reflect|p1b: Grimmsnarl\n|-sidestart|p1: eru_kh|Reflect\n|move|p2a: Garchomp|Swords Dance|p2a: Garchomp\n|-boost|p2a: Garchomp|atk|2\n|move|p2b: Iron Hands|Heavy Slam|p1b: Grimmsnarl\n|-supereffective|p1b: Grimmsnarl\n|-damage|p1b: Grimmsnarl|8\/100\n|\n|upkeep\n|turn|3\n|\n|t:|1700795549\n|-terastallize|p1a: Heatran|Water\n|move|p1b: Grimmsnarl|Parting Shot|p2a: Garchomp\n|-fail|p2a: Garchomp|unboost|[from] item: Clear Amulet|[of] p2a: Garchomp\n|move|p2a: Garchomp|Stomping Tantrum|p1a: Heatran\n|-damage|p1a: Heatran|84\/100\n|move|p1a: Heatran|Iron Defense|p1a: Heatran\n|-boost|p1a: Heatran|def|2\n|move|p2b: Iron Hands|Heavy Slam|p1b: Grimmsnarl\n|-supereffective|p1b: Grimmsnarl\n|-damage|p1b: Grimmsnarl|0 fnt\n|faint|p1b: Grimmsnarl\n|\n|-heal|p1a: Heatran|90\/100|[from] item: Leftovers\n|upkeep\n|\n|t:|1700795553\n|switch|p1b: Kommo-o|Kommo-o, L50, M|100\/100\n|turn|4\n|\n|t:|1700795572\n|-end|p2b: Iron Hands|Quark Drive|[silent]\n|switch|p2b: Tornadus|Tornadus, L50, M|100\/100\n|move|p2a: Garchomp|Dragon Claw|p1b: Kommo-o\n|-supereffective|p1b: Kommo-o\n|-damage|p1b: Kommo-o|0 fnt\n|faint|p1b: Kommo-o\n|move|p1a: Heatran|Magma Storm|p2b: Tornadus\n|-damage|p2b: Tornadus|60\/100\n|-activate|p2b: Tornadus|move: Magma Storm|[of] p1a: Heatran\n|\n|-heal|p1a: Heatran|96\/100|[from] item: Leftovers\n|-damage|p2b: Tornadus|47\/100|[from] move: Magma Storm|[partiallytrapped]\n|upkeep\n|\n|t:|1700795582\n|switch|p1b: Sinistcha|Sinistcha, L50|100\/100\n|-heal|p1a: Heatran|100\/100|[from] ability: Hospitality|[of] p1b: Sinistcha\n|turn|5\n|\n|t:|1700795598\n|move|p2b: Tornadus|Rain Dance|p2b: Tornadus\n|-weather|RainDance\n|move|p2a: Garchomp|Dragon Claw|p1b: Sinistcha\n|-damage|p1b: Sinistcha|63\/100\n|move|p1a: Heatran|Iron Defense|p1a: Heatran\n|-boost|p1a: Heatran|def|2\n|move|p1b: Sinistcha|Trick Room|p1b: Sinistcha\n|-fieldstart|move: Trick Room|[of] p1b: Sinistcha\n|\n|-weather|RainDance|[upkeep]\n|-damage|p2b: Tornadus|35\/100|[from] move: Magma Storm|[partiallytrapped]\n|upkeep\n|turn|6\n|\n|t:|1700795619\n|move|p1b: Sinistcha|Matcha Gotcha|p2a: Garchomp|[spread] p2a,p2b\n|-resisted|p2b: Tornadus\n|-damage|p2a: Garchomp|61\/100\n|-heal|p1b: Sinistcha|77\/100|[from] drain|[of] p2a: Garchomp\n|-damage|p2b: Tornadus|22\/100\n|-heal|p1b: Sinistcha|84\/100|[from] drain|[of] p2b: Tornadus\n|-status|p2a: Garchomp|brn\n|move|p1a: Heatran|Body Press|p2a: Garchomp\n|-damage|p2a: Garchomp|0 fnt\n|-damage|p1a: Heatran|88\/100|[from] ability: Rough Skin|[of] p2a: Garchomp\n|faint|p2a: Garchomp\n|move|p2b: Tornadus|Bleakwind Storm|p1b: Sinistcha|[spread] p1a,p1b\n|-supereffective|p1b: Sinistcha\n|-damage|p1a: Heatran|56\/100\n|-damage|p1b: Sinistcha|0 fnt\n|faint|p1b: Sinistcha\n|\n|-weather|RainDance|[upkeep]\n|-heal|p1a: Heatran|62\/100|[from] item: Leftovers\n|-damage|p2b: Tornadus|10\/100|[from] move: Magma Storm|[partiallytrapped]\n|upkeep\n|\n|t:|1700795641\n|switch|p2a: Iron Hands|Iron Hands, L50|100\/100\n|turn|7\n|\n|t:|1700795662\n|-end|p2a: Iron Hands|Quark Drive|[silent]\n|switch|p2a: Gholdengo|Gholdengo, L50|100\/100\n|move|p1a: Heatran|Protect|p1a: Heatran\n|-singleturn|p1a: Heatran|Protect\n|move|p2b: Tornadus|Tailwind|p2b: Tornadus\n|-sidestart|p2: lilbookcase|move: Tailwind\n|\n|-weather|RainDance|[upkeep]\n|-heal|p1a: Heatran|68\/100|[from] item: Leftovers\n|-damage|p2b: Tornadus|0 fnt|[from] move: Magma Storm|[partiallytrapped]\n|faint|p2b: Tornadus\n|upkeep\n|\n|t:|1700795668\n|switch|p2b: Iron Hands|Iron Hands, L50|100\/100\n|turn|8\n|\n|t:|1700795677\n|move|p2b: Iron Hands|Fake Out|p1a: Heatran\n|-damage|p1a: Heatran|66\/100\n|cant|p1a: Heatran|flinch\n|move|p2a: Gholdengo|Nasty Plot|p2a: Gholdengo\n|-boost|p2a: Gholdengo|spa|2\n|\n|-weather|RainDance|[upkeep]\n|-heal|p1a: Heatran|72\/100|[from] item: Leftovers\n|upkeep\n|turn|9\n|\n|t:|1700795694\n|move|p2a: Gholdengo|Protect|p2a: Gholdengo\n|-singleturn|p2a: Gholdengo|Protect\n|move|p1a: Heatran|Magma Storm|p2a: Gholdengo\n|-activate|p2a: Gholdengo|move: Protect\n|move|p2b: Iron Hands|Wild Charge|p1a: Heatran\n|-supereffective|p1a: Heatran\n|-crit|p1a: Heatran\n|-damage|p1a: Heatran|0 fnt\n|faint|p1a: Heatran\n|-damage|p2b: Iron Hands|86\/100|[from] Recoil\n|\n|win|lilbookcase\n|raw|eru_kh's rating: 1531 &rarr; <strong>1504<\/strong><br \/>(-27 for losing)\n|raw|lilbookcase's rating: 1411 &rarr; <strong>1438<\/strong><br \/>(+27 for winning)\n|l|\u2606eru_kh\n","uploadtime":1700795709,"views":5,"p1id":"erukh","p2id":"lilbookcase","formatid":"gen9vgc2023regulatione","rating":1438,"private":0,"password":""}