{"id":"gen9vgc2023regulatione-1999721082","p1":"kidturtle","p2":"whyismynamejeff","format":"[Gen 9] VGC 2023 Regulation E","log":"|j|\u2606kidturtle\n|j|\u2606whyismynamejeff\n|n|\u2606kidturtle|kidturtle\n|n|\u2606whyismynamejeff|whyismynamejeff\n|html|View the match progress at <a href=\"\/game-bestof3-gen9vgc2023regulatione-1999721081\">game-bestof3-gen9vgc2023regulatione-1999721081<\/a>\n|t:|1701110813\n|gametype|doubles\n|player|p1|kidturtle|hoopster|\n|player|p2|whyismynamejeff|colress|\n|teamsize|p1|6\n|teamsize|p2|6\n|gen|9\n|tier|[Gen 9] VGC 2023 Regulation E\n|rated|Tournament battle\n|rule|Species Clause: Limit one of each Pok\u00e9mon\n|rule|Item Clause: Limit one of each item\n|clearpoke\n|poke|p1|Ursaluna, L50, M|\n|poke|p1|Cresselia, L50, F|\n|poke|p1|Flutter Mane, L50|\n|poke|p1|Chi-Yu, L50|\n|poke|p1|Iron Hands, L50|\n|poke|p1|Urshifu-*, L50, M|\n|poke|p2|Iron Hands, L50|\n|poke|p2|Landorus-Therian, L50, M|\n|poke|p2|Sinistcha, L50|\n|poke|p2|Grimmsnarl, L50, M|\n|poke|p2|Goodra-Hisui, L50, F|\n|poke|p2|Toxapex, L50, F|\n|teampreview|4\n|showteam|p1|Ursaluna||FlameOrb|Guts|Facade,Earthquake,SwordsDance,Protect|||M|||50|,,,,,Ghost]Cresselia||MentalHerb|Levitate|IceBeam,AllySwitch,LunarBlessing,TrickRoom|||F|||50|,,,,,Fairy]Flutter Mane||BoosterEnergy|Protosynthesis|IcyWind,ShadowBall,Moonblast,Protect||||||50|,,,,,Fairy]Chi-Yu||ChoiceSpecs|BeadsofRuin|BurningJealousy,DarkPulse,Overheat,Snarl||||||50|,,,,,Ghost]Iron Hands||SitrusBerry|QuarkDrive|DrainPunch,WildCharge,FakeOut,SwordsDance||||||50|,,,,,Fire]Urshifu||FocusSash|UnseenFist|Detect,WickedBlow,CloseCombat,SuckerPunch|||M|||50|,,,,,Dark\n|showteam|p2|Iron Hands||AssaultVest|QuarkDrive|FakeOut,VoltSwitch,WildCharge,DrainPunch||||||50|,,,,,Grass]Landorus-Therian||ChoiceScarf|Intimidate|StompingTantrum,TeraBlast,RockSlide,Uturn|||M|||50|,,,,,Flying]Sinistcha||SitrusBerry|Hospitality|MatchaGotcha,ShadowBall,CalmMind,RagePowder||||||50|,,,,,Fire]Grimmsnarl||CovertCloak|Prankster|SpiritBreak,PartingShot,Taunt,LightScreen|||M|||50|,,,,,Steel]Goodra-Hisui||Leftovers|SapSipper|HeavySlam,BodyPress,Shelter,LifeDew|||F|||50|,,,,,Water]Toxapex||BindingBand|Regenerator|Infestation,Recover,Substitute,BanefulBunker|||F|||50|,,,,,Dragon\n|inactive|Battle timer is ON: inactive players will automatically lose when time's up. (requested by kidturtle)\n|inactive|kidturtle has 60 seconds left.\n|inactive|whyismynamejeff has 60 seconds left.\n|\n|t:|1701110852\n|start\n|switch|p1a: Flutter Mane|Flutter Mane, L50, shiny|100\/100\n|switch|p1b: Chi-Yu|Chi-Yu, L50|100\/100\n|switch|p2a: Toxapex|Toxapex, L50, F|100\/100\n|switch|p2b: Grimmsnarl|Grimmsnarl, L50, M|100\/100\n|-ability|p1b: Chi-Yu|Beads of Ruin\n|-enditem|p1a: Flutter Mane|Booster Energy\n|-activate|p1a: Flutter Mane|ability: Protosynthesis|[fromitem]\n|-start|p1a: Flutter Mane|protosynthesisspe\n|turn|1\n|\n|t:|1701110874\n|-end|p1a: Flutter Mane|Protosynthesis|[silent]\n|switch|p1a: Cresselia|Cresselia, L50, F|100\/100\n|switch|p1b: Ursaluna|Ursaluna, L50, M|100\/100\n|move|p2a: Toxapex|Baneful Bunker|p2a: Toxapex\n|-singleturn|p2a: Toxapex|move: Protect\n|move|p2b: Grimmsnarl|Spirit Break|p1b: Ursaluna\n|-damage|p1b: Ursaluna|79\/100\n|-unboost|p1b: Ursaluna|spa|1\n|\n|-status|p1b: Ursaluna|brn|[from] item: Flame Orb\n|upkeep\n|turn|2\n|inactive|whyismynamejeff has 30 seconds left.\n|\n|t:|1701110905\n|move|p2b: Grimmsnarl|Taunt|p1a: Cresselia\n|-start|p1a: Cresselia|move: Taunt\n|-enditem|p1a: Cresselia|Mental Herb\n|-end|p1a: Cresselia|move: Taunt\n|move|p2a: Toxapex|Infestation|p1b: Ursaluna\n|-damage|p1b: Ursaluna|76\/100 brn\n|-activate|p1b: Ursaluna|move: Infestation|[of] p2a: Toxapex\n|move|p1b: Ursaluna|Swords Dance|p1b: Ursaluna\n|-boost|p1b: Ursaluna|atk|2\n|move|p1a: Cresselia|Trick Room|p1a: Cresselia\n|-fieldstart|move: Trick Room|[of] p1a: Cresselia\n|\n|-damage|p1b: Ursaluna|70\/100 brn|[from] brn\n|-damage|p1b: Ursaluna|54\/100 brn|[from] move: Infestation|[partiallytrapped]\n|upkeep\n|turn|3\n|c|\u2606whyismynamejeff|i clicked the wrong mon\n|inactive|whyismynamejeff has 30 seconds left.\n|\n|t:|1701110932\n|move|p2a: Toxapex|Baneful Bunker|p2a: Toxapex\n|-singleturn|p2a: Toxapex|move: Protect\n|move|p2b: Grimmsnarl|Parting Shot|p1b: Ursaluna\n|-unboost|p1b: Ursaluna|atk|1\n|-unboost|p1b: Ursaluna|spa|1\n|\n|t:|1701110940\n|switch|p2b: Goodra|Goodra-Hisui, L50, F|100\/100|[from] Parting Shot\n|move|p1b: Ursaluna|Facade|p2a: Toxapex\n|-activate|p2a: Toxapex|move: Protect\n|move|p1a: Cresselia|Lunar Blessing|p1a: Cresselia|[spread] p1a,p1b\n|-heal|p1b: Ursaluna|79\/100 brn\n|-curestatus|p1b: Ursaluna|brn|[msg]\n|\n|-damage|p1b: Ursaluna|62\/100|[from] move: Infestation|[partiallytrapped]\n|-status|p1b: Ursaluna|brn|[from] item: Flame Orb\n|upkeep\n|turn|4\n|\n|t:|1701110960\n|-terastallize|p1b: Ursaluna|Ghost\n|move|p1b: Ursaluna|Earthquake|p2a: Toxapex|[spread] p2a,p2b\n|-immune|p1a: Cresselia|[from] ability: Levitate\n|-supereffective|p2a: Toxapex\n|-supereffective|p2b: Goodra\n|-crit|p2b: Goodra\n|-damage|p2a: Toxapex|0 fnt\n|-damage|p2b: Goodra|0 fnt\n|faint|p2a: Toxapex\n|faint|p2b: Goodra\n|move|p1a: Cresselia|Lunar Blessing|p1a: Cresselia|[spread] p1a,p1b\n|-heal|p1b: Ursaluna|87\/100 brn\n|-curestatus|p1b: Ursaluna|brn|[msg]\n|\n|-end|p1b: Ursaluna|Infestation|[partiallytrapped]|[silent]\n|-status|p1b: Ursaluna|brn|[from] item: Flame Orb\n|upkeep\n|c|\u2606whyismynamejeff|JESUS\n|\n|t:|1701110975\n|switch|p2a: Sinistcha|Sinistcha, L50|100\/100\n|switch|p2b: Grimmsnarl|Grimmsnarl, L50, M|100\/100\n|turn|5\n|\n|t:|1701110993\n|move|p2b: Grimmsnarl|Taunt|p1a: Cresselia\n|-start|p1a: Cresselia|move: Taunt\n|move|p1b: Ursaluna|Earthquake|p2b: Grimmsnarl|[spread] p2a,p2b\n|-immune|p1a: Cresselia|[from] ability: Levitate\n|-resisted|p2a: Sinistcha\n|-crit|p2a: Sinistcha\n|-damage|p2a: Sinistcha|39\/100\n|-damage|p2b: Grimmsnarl|0 fnt\n|-enditem|p2a: Sinistcha|Sitrus Berry|[eat]\n|-heal|p2a: Sinistcha|63\/100|[from] item: Sitrus Berry\n|faint|p2b: Grimmsnarl\n|move|p2a: Sinistcha|Shadow Ball|p1b: Ursaluna\n|-supereffective|p1b: Ursaluna\n|-damage|p1b: Ursaluna|31\/100 brn\n|-unboost|p1b: Ursaluna|spd|1\n|move|p1a: Cresselia|Ice Beam|p2a: Sinistcha\n|-supereffective|p2a: Sinistcha\n|-damage|p2a: Sinistcha|33\/100\n|\n|-damage|p1b: Ursaluna|25\/100 brn|[from] brn\n|upkeep\n|turn|6\n|\n|t:|1701111012\n|move|p1b: Ursaluna|Earthquake|p2a: Sinistcha|[spread] p2a\n|-immune|p1a: Cresselia|[from] ability: Levitate\n|-resisted|p2a: Sinistcha\n|-damage|p2a: Sinistcha|0 fnt\n|faint|p2a: Sinistcha\n|\n|win|kidturtle\n|c|&|\/uhtml prompt-kidturtle,kidturtle is ready for game 2!\n|inactive|whyismynamejeff has 50 seconds to confirm battle start!\n|c|&|\/uhtml prompt-whyismynamejeff,whyismynamejeff is ready for game 2!\nBoth players are ready! Starting next match!\n","uploadtime":1701111019,"views":5,"p1id":"kidturtle","p2id":"whyismynamejeff","formatid":"gen9vgc2023regulatione","rating":0,"private":0,"password":""}