{"id":"gen9vgc2023regulatione-1999807914","p1":"giorgioi","p2":"starkhd","format":"[Gen 9] VGC 2023 Regulation E","log":"|j|\u2606giorgioi\n|j|\u2606starkhd\n|t:|1701118569\n|gametype|doubles\n|player|p1|giorgioi|169|1312\n|player|p2|starkhd|169|1403\n|teamsize|p1|6\n|teamsize|p2|6\n|gen|9\n|tier|[Gen 9] VGC 2023 Regulation E\n|rated|\n|rule|Species Clause: Limit one of each Pok\u00e9mon\n|rule|Item Clause: Limit one of each item\n|clearpoke\n|poke|p1|Okidogi, L50, M|\n|poke|p1|Roaring Moon, L50|\n|poke|p1|Ninetales-Alola, L50, M|\n|poke|p1|Heatran, L50, M|\n|poke|p1|Ogerpon-Wellspring, L50, F|\n|poke|p1|Landorus-Therian, L50, M|\n|poke|p2|Ninetales-Alola, L50, M|\n|poke|p2|Roaring Moon, L50|\n|poke|p2|Gholdengo, L50|\n|poke|p2|Heatran, L50, F|\n|poke|p2|Iron Hands, L50|\n|poke|p2|Ogerpon-Wellspring, L50, F|\n|teampreview|4\n|inactive|Battle timer is ON: inactive players will automatically lose when time's up. (requested by starkhd)\n|inactive|giorgioi has 60 seconds left.\n|\n|t:|1701118641\n|start\n|switch|p1a: Okidogi|Okidogi, L50, M|100\/100\n|switch|p1b: Ninetales|Ninetales-Alola, L50, M|100\/100\n|switch|p2a: Goku|Roaring Moon, L50, shiny|100\/100\n|switch|p2b: Nova|Ninetales-Alola, L50, M, shiny|100\/100\n|-weather|Snow|[from] ability: Snow Warning|[of] p1b: Ninetales\n|-enditem|p2a: Goku|Booster Energy\n|-activate|p2a: Goku|ability: Protosynthesis|[fromitem]\n|-start|p2a: Goku|protosynthesisspe\n|turn|1\n|inactive|starkhd has 30 seconds left.\n|inactive|starkhd has 20 seconds left.\n|inactive|starkhd has 15 seconds left.\n|inactive|starkhd has 10 seconds left.\n|inactive|starkhd has 5 seconds left.\n|\n|t:|1701118692\n|-terastallize|p2a: Goku|Poison\n|move|p2a: Goku|Knock Off|p1a: Okidogi\n|-resisted|p1a: Okidogi\n|-damage|p1a: Okidogi|83\/100\n|-enditem|p1a: Okidogi|Leftovers|[from] move: Knock Off|[of] p2a: Goku\n|move|p1b: Ninetales|Aurora Veil|p1b: Ninetales\n|-sidestart|p1: giorgioi|move: Aurora Veil\n|move|p2b: Nova|Aurora Veil|p2b: Nova\n|-sidestart|p2: starkhd|move: Aurora Veil\n|move|p1a: Okidogi|Bulk Up|p1a: Okidogi\n|-boost|p1a: Okidogi|atk|1\n|-boost|p1a: Okidogi|def|1\n|\n|-weather|Snow|[upkeep]\n|upkeep\n|turn|2\n|\n|t:|1701118712\n|switch|p2b: Gajeel|Gholdengo, L50, shiny|100\/100\n|move|p2a: Goku|Breaking Swipe|p1a: Okidogi|[spread] p1a\n|-immune|p1b: Ninetales\n|-damage|p1a: Okidogi|75\/100\n|-unboost|p1a: Okidogi|atk|1\n|move|p1b: Ninetales|Icy Wind|p2b: Gajeel|[spread] p2a,p2b\n|-resisted|p2b: Gajeel\n|-damage|p2a: Goku|94\/100\n|-damage|p2b: Gajeel|96\/100\n|-unboost|p2a: Goku|spe|1\n|-unboost|p2b: Gajeel|spe|1\n|move|p1a: Okidogi|Gunk Shot|p2b: Gajeel\n|-immune|p2b: Gajeel\n|\n|-weather|Snow|[upkeep]\n|upkeep\n|turn|3\n|inactive|giorgioi has 30 seconds left.\n|inactive|giorgioi has 20 seconds left.\n|inactive|giorgioi has 15 seconds left.\n|inactive|giorgioi has 10 seconds left.\n|inactive|giorgioi has 5 seconds left.\n|\n|t:|1701118764\n|move|p2a: Goku|Tailwind|p2a: Goku\n|-sidestart|p2: starkhd|move: Tailwind\n|move|p1b: Ninetales|Icy Wind|p2b: Gajeel|[spread] p2a,p2b\n|-resisted|p2b: Gajeel\n|-damage|p2a: Goku|87\/100\n|-damage|p2b: Gajeel|92\/100\n|-unboost|p2a: Goku|spe|1\n|-unboost|p2b: Gajeel|spe|1\n|move|p2b: Gajeel|Make It Rain|p1a: Okidogi|[spread] p1a,p1b\n|-supereffective|p1b: Ninetales\n|-damage|p1a: Okidogi|21\/100\n|-damage|p1b: Ninetales|0 fnt\n|-unboost|p2b: Gajeel|spa|1\n|faint|p1b: Ninetales\n|move|p1a: Okidogi|Bulk Up|p1a: Okidogi\n|-boost|p1a: Okidogi|atk|1\n|-boost|p1a: Okidogi|def|1\n|\n|-weather|Snow|[upkeep]\n|upkeep\n|\n|t:|1701118772\n|switch|p1b: Heatran|Heatran, L50, M|100\/100\n|turn|4\n|inactive|starkhd has 30 seconds left.\n|\n|t:|1701118798\n|move|p2a: Goku|Knock Off|p1b: Heatran\n|-damage|p1b: Heatran|76\/100\n|-enditem|p1b: Heatran|Assault Vest|[from] move: Knock Off|[of] p2a: Goku\n|move|p2b: Gajeel|Make It Rain|p1b: Heatran|[spread] p1a,p1b\n|-resisted|p1b: Heatran\n|-damage|p1a: Okidogi|0 fnt\n|-damage|p1b: Heatran|68\/100\n|-unboost|p2b: Gajeel|spa|1\n|faint|p1a: Okidogi\n|move|p1b: Heatran|Heat Wave|p2b: Gajeel|[spread] p2a,p2b\n|-supereffective|p2b: Gajeel\n|-damage|p2a: Goku|65\/100\n|-damage|p2b: Gajeel|41\/100\n|\n|-weather|Snow|[upkeep]\n|upkeep\n|\n|t:|1701118806\n|switch|p1a: Landorus|Landorus-Therian, L50, M|100\/100\n|-ability|p1a: Landorus|Intimidate|boost\n|-unboost|p2a: Goku|atk|1\n|-unboost|p2b: Gajeel|atk|1\n|turn|5\n|inactive|giorgioi has 30 seconds left.\n|\n|t:|1701118834\n|switch|p2b: Franky|Iron Hands, L50, shiny|100\/100\n|move|p2a: Goku|Knock Off|p1a: Landorus\n|-damage|p1a: Landorus|80\/100\n|-enditem|p1a: Landorus|Choice Scarf|[from] move: Knock Off|[of] p2a: Goku\n|move|p1a: Landorus|Stomping Tantrum|p2b: Franky\n|-supereffective|p2b: Franky\n|-damage|p2b: Franky|58\/100\n|move|p1b: Heatran|Heat Wave|p2a: Goku|[spread] p2a,p2b\n|-damage|p2a: Goku|45\/100\n|-damage|p2b: Franky|46\/100\n|-status|p2b: Franky|brn\n|\n|-weather|none\n|-damage|p2b: Franky|40\/100 brn|[from] brn\n|upkeep\n|turn|6\n|\n|t:|1701118855\n|-end|p2b: Franky|Quark Drive|[silent]\n|switch|p2b: Nova|Ninetales-Alola, L50, M, shiny|100\/100\n|-weather|Snow|[from] ability: Snow Warning|[of] p2b: Nova\n|move|p2a: Goku|Breaking Swipe|p1b: Heatran|[spread] p1a,p1b\n|-resisted|p1b: Heatran\n|-damage|p1a: Landorus|70\/100\n|-damage|p1b: Heatran|65\/100\n|-unboost|p1a: Landorus|atk|1\n|-unboost|p1b: Heatran|atk|1\n|move|p1a: Landorus|Stomping Tantrum|p2b: Nova\n|-damage|p2b: Nova|85\/100\n|move|p1b: Heatran|Heat Wave|p2a: Goku|[spread] p2a,p2b\n|-supereffective|p2b: Nova\n|-damage|p2a: Goku|23\/100\n|-damage|p2b: Nova|40\/100\n|\n|-weather|Snow|[upkeep]\n|-sideend|p2: starkhd|move: Tailwind\n|upkeep\n|turn|7\n|inactive|giorgioi has 30 seconds left.\n|inactive|starkhd has 30 seconds left.\n|\n|t:|1701118882\n|move|p2b: Nova|Icy Wind|p1b: Heatran|[spread] p1a,p1b\n|-supereffective|p1a: Landorus\n|-resisted|p1b: Heatran\n|-damage|p1a: Landorus|33\/100\n|-damage|p1b: Heatran|63\/100\n|-unboost|p1a: Landorus|spe|1\n|-unboost|p1b: Heatran|spe|1\n|move|p2a: Goku|Breaking Swipe|p1b: Heatran|[spread] p1a,p1b\n|-resisted|p1b: Heatran\n|-damage|p1a: Landorus|24\/100\n|-damage|p1b: Heatran|59\/100\n|-unboost|p1a: Landorus|atk|1\n|-unboost|p1b: Heatran|atk|1\n|move|p1a: Landorus|Rock Slide|p2b: Nova|[spread] p2a,p2b\n|-supereffective|p2b: Nova\n|-damage|p2a: Goku|16\/100\n|-damage|p2b: Nova|29\/100\n|move|p1b: Heatran|Heat Wave|p2b: Nova|[spread] p2a,p2b\n|-supereffective|p2b: Nova\n|-damage|p2a: Goku|0 fnt\n|-damage|p2b: Nova|0 fnt\n|faint|p2a: Goku\n|-end|p2a: Goku|Protosynthesis|[silent]\n|faint|p2b: Nova\n|\n|-weather|Snow|[upkeep]\n|upkeep\n|\n|t:|1701118897\n|switch|p2a: Franky|Iron Hands, L50, shiny|40\/100 brn\n|switch|p2b: Gajeel|Gholdengo, L50, shiny|41\/100\n|turn|8\n|\n|t:|1701118916\n|move|p2a: Franky|Fake Out|p1b: Heatran\n|-resisted|p1b: Heatran\n|-damage|p1b: Heatran|58\/100\n|move|p2b: Gajeel|Shadow Ball|p1a: Landorus\n|-damage|p1a: Landorus|0 fnt\n|faint|p1a: Landorus\n|cant|p1b: Heatran|flinch\n|\n|-weather|Snow|[upkeep]\n|-damage|p2a: Franky|34\/100 brn|[from] brn\n|-sideend|p1: giorgioi|move: Aurora Veil\n|-sideend|p2: starkhd|move: Aurora Veil\n|upkeep\n|turn|9\n|\n|t:|1701118923\n|move|p2b: Gajeel|Shadow Ball|p1b: Heatran\n|-damage|p1b: Heatran|1\/100\n|move|p2a: Franky|Drain Punch|p1b: Heatran\n|-supereffective|p1b: Heatran\n|-damage|p1b: Heatran|0 fnt\n|-heal|p2a: Franky|34\/100 brn|[from] drain|[of] p1b: Heatran\n|faint|p1b: Heatran\n|\n|win|starkhd\n|raw|giorgioi's rating: 1312 &rarr; <strong>1297<\/strong><br \/>(-15 for losing)\n|raw|starkhd's rating: 1403 &rarr; <strong>1418<\/strong><br \/>(+15 for winning)\n|l|\u2606giorgioi\n","uploadtime":1701118934,"views":4,"p1id":"giorgioi","p2id":"starkhd","formatid":"gen9vgc2023regulatione","rating":1297,"private":0,"password":""}