{"id":"gen9vgc2023regulatione-1989423428","p1":"BrokenFairyKing","p2":"mofonguero","format":"[Gen 9] VGC 2023 Regulation E","log":"|j|\u2606BrokenFairyKing\n|j|\u2606mofonguero\n|n|\u2606BrokenFairyKing|brokenfairyking\n|n|\u2606mofonguero|mofonguero\n|html|View the match progress at <a href=\"\/game-bestof3-gen9vgc2023regulatione-1989423427\">game-bestof3-gen9vgc2023regulatione-1989423427<\/a>\n|t:|1699848387\n|gametype|doubles\n|player|p1|BrokenFairyKing|harlequin|\n|player|p2|mofonguero|waiter|\n|teamsize|p1|6\n|teamsize|p2|6\n|gen|9\n|tier|[Gen 9] VGC 2023 Regulation E\n|rule|Species Clause: Limit one of each Pok\u00e9mon\n|rule|Item Clause: Limit one of each item\n|clearpoke\n|poke|p1|Ursaluna-Bloodmoon, L50, M|\n|poke|p1|Oranguru, L50, F|\n|poke|p1|Dusclops, L50, M|\n|poke|p1|Ogerpon-Wellspring, L50, F|\n|poke|p1|Trevenant, L50, F|\n|poke|p1|Iron Hands, L50|\n|poke|p2|Ninetales-Alola, L50, M|\n|poke|p2|Baxcalibur, L50, F|\n|poke|p2|Rillaboom, L50, F|\n|poke|p2|Ogerpon-Wellspring, L50, F|\n|poke|p2|Heatran, L50, M|\n|poke|p2|Flutter Mane, L50|\n|teampreview|4\n|inactive|Battle timer is ON: inactive players will automatically lose when time's up. (requested by BrokenFairyKing)\n|inactive|mofonguero also wants the timer to be on.\n|inactive|mofonguero has 60 seconds left.\nmofonguero has agreed to open team sheets.\n|inactive|BrokenFairyKing has 60 seconds left.\n|\n|t:|1699848446\n|start\n|switch|p1a: Ursaluna|Ursaluna-Bloodmoon, L50, M|100\/100\n|switch|p1b: Oranguru|Oranguru, L50, F|100\/100\n|switch|p2a: Ninetales|Ninetales-Alola, L50, M|100\/100\n|switch|p2b: Baxcalibur|Baxcalibur, L50, F|100\/100\n|-weather|Snow|[from] ability: Snow Warning|[of] p2a: Ninetales\n|turn|1\n|\n|t:|1699848463\n|move|p1a: Ursaluna|Protect|p1a: Ursaluna\n|-singleturn|p1a: Ursaluna|Protect\n|move|p2a: Ninetales|Aurora Veil|p2a: Ninetales\n|-sidestart|p2: mofonguero|move: Aurora Veil\n|move|p2b: Baxcalibur|Swords Dance|p2b: Baxcalibur\n|-boost|p2b: Baxcalibur|atk|2\n|move|p1b: Oranguru|Trick Room|p1b: Oranguru\n|-fieldstart|move: Trick Room|[of] p1b: Oranguru\n|\n|-weather|Snow|[upkeep]\n|upkeep\n|turn|2\n|\n|t:|1699848475\n|switch|p2a: Rillaboom|Rillaboom, L50, F|100\/100\n|-fieldstart|move: Grassy Terrain|[from] ability: Grassy Surge|[of] p2a: Rillaboom\n|-terastallize|p1a: Ursaluna|Normal\n|move|p1a: Ursaluna|Blood Moon|p2b: Baxcalibur\n|-damage|p2b: Baxcalibur|28\/100\n|move|p1b: Oranguru|Instruct|p1a: Ursaluna\n|-singleturn|p1a: Ursaluna|move: Instruct|[of] p1b: Oranguru\n|move|p1a: Ursaluna|Blood Moon|p2b: Baxcalibur\n|-damage|p2b: Baxcalibur|0 fnt\n|faint|p2b: Baxcalibur\n|-hint|Some effects can force a Pokemon to use Blood Moon again in a row.\n|\n|-weather|Snow|[upkeep]\n|upkeep\n|\n|t:|1699848490\n|switch|p2b: Heatran|Heatran, L50, M|100\/100\n|turn|3\n|\n|t:|1699848501\n|move|p1a: Ursaluna|Protect|p1a: Ursaluna\n|-singleturn|p1a: Ursaluna|Protect\n|move|p1b: Oranguru|Taunt|p2b: Heatran\n|-start|p2b: Heatran|move: Taunt\n|move|p2a: Rillaboom|Wood Hammer|p1b: Oranguru\n|-damage|p1b: Oranguru|40\/100\n|-damage|p2a: Rillaboom|81\/100|[from] Recoil\n|move|p2b: Heatran|Heat Wave|p1a: Ursaluna|[spread] p1b\n|-activate|p1a: Ursaluna|move: Protect\n|-damage|p1b: Oranguru|10\/100\n|\n|-weather|Snow|[upkeep]\n|-heal|p1b: Oranguru|16\/100|[from] Grassy Terrain\n|-heal|p2a: Rillaboom|87\/100|[from] Grassy Terrain\n|upkeep\n|turn|4\n|\n|t:|1699848522\n|switch|p2b: Ninetales|Ninetales-Alola, L50, M|100\/100\n|move|p2a: Rillaboom|Grassy Glide|p1b: Oranguru\n|-damage|p1b: Oranguru|0 fnt\n|faint|p1b: Oranguru\n|move|p1a: Ursaluna|Blood Moon|p2a: Rillaboom\n|-damage|p2a: Rillaboom|27\/100\n|\n|-weather|Snow|[upkeep]\n|-heal|p2a: Rillaboom|33\/100|[from] Grassy Terrain\n|upkeep\n|\n|t:|1699848533\n|switch|p1b: Iron Hands|Iron Hands, L50|100\/100\n|turn|5\n|\n|t:|1699848549\n|switch|p2a: Heatran|Heatran, L50, M|100\/100\n|move|p2b: Ninetales|Protect|p2b: Ninetales\n|-singleturn|p2b: Ninetales|Protect\n|move|p1a: Ursaluna|Hyper Voice|p2a: Heatran|[spread] p2a\n|-activate|p2b: Ninetales|move: Protect\n|-resisted|p2a: Heatran\n|-damage|p2a: Heatran|81\/100\n|move|p1b: Iron Hands|Drain Punch|p2a: Heatran\n|-supereffective|p2a: Heatran\n|-damage|p2a: Heatran|26\/100\n|\n|-weather|none\n|-heal|p2a: Heatran|32\/100|[from] Grassy Terrain\n|-heal|p2a: Heatran|39\/100|[from] item: Leftovers\n|-fieldend|move: Trick Room\n|upkeep\n|turn|6\n|inactive|BrokenFairyKing has 30 seconds left.\n|inactive|mofonguero has 30 seconds left.\n|inactive|BrokenFairyKing has 20 seconds left.\n|inactive|mofonguero has 20 seconds left.\n|\n|t:|1699848585\n|-terastallize|p2a: Heatran|Fairy\n|move|p2b: Ninetales|Moonblast|p1a: Ursaluna\n|-crit|p1a: Ursaluna\n|-damage|p1a: Ursaluna|52\/100\n|move|p2a: Heatran|Earth Power|p1b: Iron Hands\n|-supereffective|p1b: Iron Hands\n|-damage|p1b: Iron Hands|68\/100\n|move|p1b: Iron Hands|Drain Punch|p2b: Ninetales\n|-damage|p2b: Ninetales|67\/100\n|-heal|p1b: Iron Hands|81\/100|[from] drain|[of] p2b: Ninetales\n|move|p1a: Ursaluna|Blood Moon|p2a: Heatran\n|-damage|p2a: Heatran|0 fnt\n|faint|p2a: Heatran\n|\n|-heal|p2b: Ninetales|73\/100|[from] Grassy Terrain\n|-heal|p1b: Iron Hands|87\/100|[from] Grassy Terrain\n|-heal|p1a: Ursaluna|58\/100|[from] Grassy Terrain\n|-fieldend|move: Grassy Terrain\n|upkeep\n|\n|t:|1699848592\n|switch|p2a: Rillaboom|Rillaboom, L50, F|33\/100\n|-fieldstart|move: Grassy Terrain|[from] ability: Grassy Surge|[of] p2a: Rillaboom\n|turn|7\n|\n|t:|1699848608\n|move|p1a: Ursaluna|Protect|p1a: Ursaluna\n|-singleturn|p1a: Ursaluna|Protect\n|move|p2a: Rillaboom|Fake Out|p1b: Iron Hands\n|-damage|p1b: Iron Hands|77\/100\n|move|p2b: Ninetales|Moonblast|p1b: Iron Hands\n|-supereffective|p1b: Iron Hands\n|-damage|p1b: Iron Hands|48\/100\n|cant|p1b: Iron Hands|flinch\n|\n|-heal|p2b: Ninetales|79\/100|[from] Grassy Terrain\n|-heal|p2a: Rillaboom|39\/100|[from] Grassy Terrain\n|-heal|p1b: Iron Hands|53\/100|[from] Grassy Terrain\n|-heal|p1a: Ursaluna|64\/100|[from] Grassy Terrain\n|upkeep\n|turn|8\n|\n|t:|1699848632\n|move|p2b: Ninetales|Moonblast|p1b: Iron Hands\n|-supereffective|p1b: Iron Hands\n|-damage|p1b: Iron Hands|25\/100\n|move|p2a: Rillaboom|Wood Hammer|p1a: Ursaluna\n|-damage|p1a: Ursaluna|5\/100\n|-damage|p2a: Rillaboom|18\/100|[from] Recoil\n|move|p1b: Iron Hands|Drain Punch|p2a: Rillaboom\n|-damage|p2a: Rillaboom|0 fnt\n|-heal|p1b: Iron Hands|33\/100|[from] drain|[of] p2a: Rillaboom\n|faint|p2a: Rillaboom\n|move|p1a: Ursaluna|Blood Moon|p2b: Ninetales\n|-crit|p2b: Ninetales\n|-damage|p2b: Ninetales|0 fnt\n|faint|p2b: Ninetales\n|\n|win|BrokenFairyKing\n|c|&|\/uhtml prompt-mofonguero,mofonguero is ready for game 2!\n|c|&|\/uhtml prompt-brokenfairyking,BrokenFairyKing is ready for game 2!\nBoth players are ready! Starting next match!\n","uploadtime":1699849319,"views":25,"p1id":"brokenfairyking","p2id":"mofonguero","formatid":"gen9vgc2023regulatione","rating":0,"private":0,"password":""}