{"id":"gen9vgc2023regulatione-1993561058","p1":"cb-sooner","p2":"Jard13255","format":"[Gen 9] VGC 2023 Regulation E","log":"|j|\u2606cb-sooner\n|j|\u2606Jard13255\n|n|\u2606cb-sooner|cbsooner\n|n|\u2606Jard13255|jard13255\n|html|View the match progress at <a href=\"\/game-bestof3-gen9vgc2023regulatione-1993561057\">game-bestof3-gen9vgc2023regulatione-1993561057<\/a>\n|t:|1700331895\n|gametype|doubles\n|player|p1|cb-sooner|lucas|\n|player|p2|Jard13255|102|\n|teamsize|p1|6\n|teamsize|p2|6\n|gen|9\n|tier|[Gen 9] VGC 2023 Regulation E\n|rule|Species Clause: Limit one of each Pok\u00e9mon\n|rule|Item Clause: Limit one of each item\n|clearpoke\n|poke|p1|Urshifu-*, L50, F|\n|poke|p1|Iron Bundle, L50|\n|poke|p1|Landorus-Therian, L50, M|\n|poke|p1|Sylveon, L50, M|\n|poke|p1|Ogerpon-Hearthflame, L50, F|\n|poke|p1|Tornadus, L50, M|\n|poke|p2|Gyarados, L50, F|\n|poke|p2|Garganacl, L50, M|\n|poke|p2|Sinistcha, L50|\n|poke|p2|Iron Hands, L50|\n|poke|p2|Grimmsnarl, L50, M|\n|poke|p2|Glimmora, L50, M|\n|teampreview|4\ncb-sooner has agreed to open team sheets.\nJard13255 has agreed to open team sheets.\n|showteam|p1|Urshifu||BlackGlasses|UnseenFist|WickedBlow,CloseCombat,SuckerPunch,Protect|||F|||50|,,,,,Dark]Iron Bundle||BoosterEnergy|QuarkDrive|IcyWind,HydroPump,FreezeDry,Protect||||||50|,,,,,Ghost]Landorus-Therian||ChoiceScarf|Intimidate|StompingTantrum,TeraBlast,Uturn,RockSlide|||M|||50|,,,,,Flying]Sylveon||FairyFeather|Pixilate|HyperVoice,QuickAttack,TeraBlast,Protect|||M|||50|,,,,,Steel]Ogerpon-Hearthflame||HearthflameMask|MoldBreaker|IvyCudgel,HornLeech,FollowMe,SpikyShield|||F|||50|,,,,,Fire]Tornadus||CovertCloak|Prankster|BleakwindStorm,Tailwind,Taunt,Uturn|||M|||50|,,,,,Ghost\n|showteam|p2|Gyarados||AguavBerry|Intimidate|Protect,Waterfall,Taunt,DragonTail|||F|||50|,,,,,Dragon]Garganacl||Leftovers|PurifyingSalt|SaltCure,Protect,Recover,StealthRock|||M|||50|,,,,,Flying]Sinistcha||RockyHelmet|Hospitality|MatchaGotcha,Protect,StrengthSap,Hex||||||50|,,,,,Water]Iron Hands||FigyBerry|QuarkDrive|Protect,DrainPunch,FakeOut,ThunderPunch||||||50|,,,,,Fairy]Grimmsnarl||LightClay|Prankster|SpiritBreak,Reflect,LightScreen,PartingShot|||M|||50|,,,,,Fire]Glimmora||AssaultVest|ToxicDebris|MortalSpin,EarthPower,PowerGem,Venoshock|||M|||50|,,,,,Grass\n|\n|t:|1700331988\n|start\n|switch|p1a: Wayne Larva|Landorus-Therian, L50, M|100\/100\n|switch|p1b: Carsoro|Ogerpon-Hearthflame, L50, F|100\/100\n|switch|p2a: Garganacl|Garganacl, L50, M|100\/100\n|switch|p2b: Iron Hands|Iron Hands, L50|100\/100\n|-ability|p1a: Wayne Larva|Intimidate|boost\n|-unboost|p2a: Garganacl|atk|1\n|-unboost|p2b: Iron Hands|atk|1\n|-ability|p1b: Carsoro|Mold Breaker\n|turn|1\n|\n|t:|1700332020\n|-terastallize|p1b: Carsoro|Fire\n|detailschange|p1b: Carsoro|Ogerpon-Hearthflame-Tera, L50, F, tera:Fire\n|-ability|p1b: Carsoro|Embody Aspect (Hearthflame)|boost\n|-boost|p1b: Carsoro|atk|1\n|-terastallize|p2a: Garganacl|Flying\n|move|p2b: Iron Hands|Fake Out|p1a: Wayne Larva\n|-crit|p1a: Wayne Larva\n|-damage|p1a: Wayne Larva|75\/100\n|cant|p1a: Wayne Larva|flinch\n|move|p1b: Carsoro|Ivy Cudgel|p2b: Iron Hands|[anim] Ivy Cudgel Fire\n|-damage|p2b: Iron Hands|22\/100\n|-enditem|p2b: Iron Hands|Figy Berry|[eat]\n|-heal|p2b: Iron Hands|56\/100|[from] item: Figy Berry\n|move|p2a: Garganacl|Stealth Rock|p1b: Carsoro\n|-sidestart|p1: cb-sooner|move: Stealth Rock\n|\n|upkeep\n|turn|2\n|\n|t:|1700332046\n|-end|p2b: Iron Hands|Quark Drive|[silent]\n|switch|p2b: Gyarados|Gyarados, L50, F|100\/100\n|-ability|p2b: Gyarados|Intimidate|boost\n|-unboost|p1a: Wayne Larva|atk|1\n|-unboost|p1b: Carsoro|atk|1\n|move|p1a: Wayne Larva|Stomping Tantrum|p2b: Gyarados\n|-immune|p2b: Gyarados\n|move|p1b: Carsoro|Ivy Cudgel|p2a: Garganacl|[anim] Ivy Cudgel Fire\n|-damage|p2a: Garganacl|51\/100\n|move|p2a: Garganacl|Salt Cure|p1b: Carsoro\n|-supereffective|p1b: Carsoro\n|-damage|p1b: Carsoro|76\/100\n|-start|p1b: Carsoro|Salt Cure\n|\n|-heal|p2a: Garganacl|57\/100|[from] item: Leftovers\n|-damage|p1b: Carsoro|64\/100|[from] Salt Cure\n|upkeep\n|turn|3\n|\n|t:|1700332099\n|switch|p1a: Walky|Sylveon, L50, M|100\/100\n|-damage|p1a: Walky|88\/100|[from] Stealth Rock\n|move|p1b: Carsoro|Ivy Cudgel|p2a: Garganacl|[anim] Ivy Cudgel Fire\n|-crit|p2a: Garganacl\n|-damage|p2a: Garganacl|0 fnt\n|faint|p2a: Garganacl\n|move|p2b: Gyarados|Dragon Tail|p1a: Walky\n|-immune|p1a: Walky\n|\n|-damage|p1b: Carsoro|51\/100|[from] Salt Cure\n|upkeep\n|\n|t:|1700332119\n|switch|p2a: Glimmora|Glimmora, L50, M|100\/100\n|turn|4\n|\n|t:|1700332137\n|switch|p1b: Wayne Larva|Landorus-Therian, L50, M|75\/100\n|-damage|p1b: Wayne Larva|63\/100|[from] Stealth Rock\n|-ability|p1b: Wayne Larva|Intimidate|boost\n|-unboost|p2a: Glimmora|atk|1\n|-unboost|p2b: Gyarados|atk|1\n|move|p1a: Walky|Protect|p1a: Walky\n|-singleturn|p1a: Walky|Protect\n|move|p2a: Glimmora|Mortal Spin|p1a: Walky|[spread] p1b\n|-activate|p1a: Walky|move: Protect\n|-resisted|p1b: Wayne Larva\n|-damage|p1b: Wayne Larva|61\/100\n|-status|p1b: Wayne Larva|psn\n|move|p2b: Gyarados|Waterfall|p1b: Wayne Larva\n|-supereffective|p1b: Wayne Larva\n|-damage|p1b: Wayne Larva|5\/100 psn\n|\n|-damage|p1b: Wayne Larva|0 fnt|[from] psn\n|faint|p1b: Wayne Larva\n|upkeep\n|\n|t:|1700332159\n|switch|p1b: Pengy|Iron Bundle, L50|100\/100\n|-damage|p1b: Pengy|76\/100|[from] Stealth Rock\n|-enditem|p1b: Pengy|Booster Energy\n|-activate|p1b: Pengy|ability: Quark Drive|[fromitem]\n|-start|p1b: Pengy|quarkdrivespe\n|turn|5\n|\n|t:|1700332177\n|move|p2b: Gyarados|Protect|p2b: Gyarados\n|-singleturn|p2b: Gyarados|Protect\n|move|p1b: Pengy|Hydro Pump|p2a: Glimmora\n|-supereffective|p2a: Glimmora\n|-damage|p2a: Glimmora|27\/100\n|move|p2a: Glimmora|Power Gem|p1b: Pengy\n|-supereffective|p1b: Pengy\n|-damage|p1b: Pengy|0 fnt\n|faint|p1b: Pengy\n|-end|p1b: Pengy|Quark Drive|[silent]\n|move|p1a: Walky|Hyper Voice|p2b: Gyarados|[spread] p2a\n|-activate|p2b: Gyarados|move: Protect\n|-resisted|p2a: Glimmora\n|-damage|p2a: Glimmora|11\/100\n|\n|upkeep\n|\n|t:|1700332192\n|switch|p1b: Carsoro|Ogerpon-Hearthflame-Tera, L50, F, tera:Fire|51\/100\n|-damage|p1b: Carsoro|27\/100|[from] Stealth Rock\n|-ability|p1b: Carsoro|Embody Aspect (Hearthflame)|boost\n|-boost|p1b: Carsoro|atk|1\n|turn|6\n|\n|t:|1700332209\n|move|p1a: Walky|Quick Attack|p2a: Glimmora\n|-resisted|p2a: Glimmora\n|-damage|p2a: Glimmora|5\/100\n|-activate|p2a: Glimmora|ability: Toxic Debris\n|-sidestart|p1: cb-sooner|move: Toxic Spikes\n|move|p1b: Carsoro|Horn Leech|p2b: Gyarados\n|-damage|p2b: Gyarados|45\/100\n|-heal|p1b: Carsoro|63\/100|[from] drain|[of] p2b: Gyarados\n|move|p2a: Glimmora|Mortal Spin|p1a: Walky|[spread] p1a,p1b\n|-supereffective|p1a: Walky\n|-damage|p1a: Walky|81\/100\n|-damage|p1b: Carsoro|59\/100\n|-status|p1a: Walky|psn\n|-status|p1b: Carsoro|psn\n|move|p2b: Gyarados|Waterfall|p1b: Carsoro\n|-supereffective|p1b: Carsoro\n|-damage|p1b: Carsoro|0 fnt\n|faint|p1b: Carsoro\n|\n|-damage|p1a: Walky|68\/100 psn|[from] psn\n|upkeep\n|turn|7\n|\n|t:|1700332235\n|move|p2a: Glimmora|Venoshock|p1a: Walky\n|-supereffective|p1a: Walky\n|-damage|p1a: Walky|0 fnt\n|faint|p1a: Walky\n|\n|win|Jard13255\n|inactive|cb-sooner has 50 seconds to confirm battle start!\n|inactive|Jard13255 has 50 seconds to confirm battle start!\n|c|&|\/uhtml prompt-cbsooner,cb-sooner is ready for game 2!\n|inactive|Jard13255 has 40 seconds to confirm battle start!\n|inactive|Jard13255 has 30 seconds to confirm battle start!\n|inactive|Jard13255 has 20 seconds to confirm battle start!\n|c|&|\/uhtml prompt-cbsooner,cb-sooner is ready for game 2!\n|c|&|\/uhtml prompt-jard13255,Jard13255 is ready for game 2!\nBoth players are ready! Starting next match!\n","uploadtime":1700332777,"views":11,"p1id":"cbsooner","p2id":"jard13255","formatid":"gen9vgc2023regulatione","rating":0,"private":0,"password":""}