{"id":"gen9vgc2023regulatione-1994293394","p1":"Sour Cigar","p2":"Axel316","format":"[Gen 9] VGC 2023 Regulation E","log":"|j|\u2606Sour Cigar\n|j|\u2606Axel316\n|t:|1700427908\n|gametype|doubles\n|player|p1|Sour Cigar|cynthia|1363\n|player|p2|Axel316|266|1430\n|teamsize|p1|6\n|teamsize|p2|6\n|gen|9\n|tier|[Gen 9] VGC 2023 Regulation E\n|rated|\n|rule|Species Clause: Limit one of each Pok\u00e9mon\n|rule|Item Clause: Limit one of each item\n|clearpoke\n|poke|p1|Urshifu-*, L50, M|\n|poke|p1|Gholdengo, L50|\n|poke|p1|Roaring Moon, L50|\n|poke|p1|Amoonguss, L50, F|\n|poke|p1|Iron Hands, L50|\n|poke|p1|Arcanine-Hisui, L50, F|\n|poke|p2|Zapdos-Galar, L50|\n|poke|p2|Heatran, L50, M|\n|poke|p2|Tornadus, L50, M|\n|poke|p2|Sinistcha, L50|\n|poke|p2|Ogerpon-Cornerstone, L50, F|\n|poke|p2|Roaring Moon, L50|\n|teampreview|4\n|inactive|Battle timer is ON: inactive players will automatically lose when time's up. (requested by Sour Cigar)\nSour Cigar has agreed to open team sheets.\n|inactive|Sour Cigar has 60 seconds left.\n|inactive|Axel316 has 60 seconds left.\n|inactive|Sour Cigar has 30 seconds left.\n|inactive|Axel316 has 30 seconds left.\n|inactive|Axel316 has 20 seconds left.\n|inactive|Axel316 has 15 seconds left.\n|\n|t:|1700427987\n|start\n|switch|p1a: Gholdengo|Gholdengo, L50|100\/100\n|switch|p1b: Brian Hands|Iron Hands, L50, shiny|100\/100\n|switch|p2a: Zapdos|Zapdos-Galar, L50|100\/100\n|switch|p2b: Tornadus|Tornadus, L50, M|100\/100\n|turn|1\n|\n|t:|1700428010\n|move|p2a: Zapdos|Protect|p2a: Zapdos\n|-singleturn|p2a: Zapdos|Protect\n|move|p2b: Tornadus|Bleakwind Storm|p1b: Brian Hands|[spread] p1a,p1b\n|-resisted|p1a: Gholdengo\n|-damage|p1a: Gholdengo|85\/100\n|-damage|p1b: Brian Hands|84\/100\n|move|p1a: Gholdengo|Nasty Plot|p1a: Gholdengo\n|-boost|p1a: Gholdengo|spa|2\n|move|p1b: Brian Hands|Wild Charge|p2a: Zapdos\n|-activate|p2a: Zapdos|move: Protect\n|\n|upkeep\n|turn|2\n|inactive|Axel316 has 30 seconds left.\n|\n|t:|1700428036\n|move|p2b: Tornadus|Bleakwind Storm|p1b: Brian Hands|[spread] p1b\n|-miss|p2b: Tornadus|p1a: Gholdengo\n|-damage|p1b: Brian Hands|68\/100\n|-unboost|p1b: Brian Hands|spe|1\n|move|p2a: Zapdos|Thunderous Kick|p1b: Brian Hands\n|-damage|p1b: Brian Hands|33\/100\n|-unboost|p1b: Brian Hands|def|1\n|-damage|p2a: Zapdos|91\/100|[from] item: Life Orb\n|move|p1a: Gholdengo|Make It Rain|p2a: Zapdos|[spread] p2a,p2b\n|-damage|p2a: Zapdos|0 fnt\n|-damage|p2b: Tornadus|0 fnt\n|-unboost|p1a: Gholdengo|spa|1\n|faint|p2a: Zapdos\n|faint|p2b: Tornadus\n|-damage|p1a: Gholdengo|75\/100|[from] item: Life Orb\n|move|p1b: Brian Hands|Wild Charge|p2: Zapdos|[notarget]\n|-fail|p1b: Brian Hands\n|\n|upkeep\n|\n|t:|1700428057\n|switch|p2b: Roaring Moon|Roaring Moon, L50|100\/100\n|switch|p2a: Sinistcha|Sinistcha, L50|100\/100\n|-enditem|p2b: Roaring Moon|Booster Energy\n|-activate|p2b: Roaring Moon|ability: Protosynthesis|[fromitem]\n|-start|p2b: Roaring Moon|protosynthesisatk\n|turn|3\n|\n|t:|1700428077\n|-end|p1b: Brian Hands|Quark Drive|[silent]\n|switch|p1b: Roaring Moon|Roaring Moon, L50|100\/100\n|-enditem|p1b: Roaring Moon|Booster Energy\n|-activate|p1b: Roaring Moon|ability: Protosynthesis|[fromitem]\n|-start|p1b: Roaring Moon|protosynthesisspe\n|-terastallize|p2b: Roaring Moon|Fairy\n|move|p1a: Gholdengo|Protect|p1a: Gholdengo\n|-singleturn|p1a: Gholdengo|Protect\n|move|p2b: Roaring Moon|Knock Off|p1a: Gholdengo\n|-activate|p1a: Gholdengo|move: Protect\n|move|p2a: Sinistcha|Matcha Gotcha|p1b: Roaring Moon|[spread] p1b\n|-activate|p1a: Gholdengo|move: Protect\n|-resisted|p1b: Roaring Moon\n|-damage|p1b: Roaring Moon|90\/100\n|-status|p1b: Roaring Moon|brn\n|\n|-damage|p1b: Roaring Moon|84\/100 brn|[from] brn\n|upkeep\n|turn|4\n|inactive|Axel316 has 30 seconds left.\n|\n|t:|1700428104\n|move|p1b: Roaring Moon|Tailwind|p1b: Roaring Moon\n|-sidestart|p1: Sour Cigar|move: Tailwind\n|move|p1a: Gholdengo|Make It Rain|p2b: Roaring Moon|[spread] p2a,p2b\n|-supereffective|p2b: Roaring Moon\n|-damage|p2a: Sinistcha|17\/100\n|-damage|p2b: Roaring Moon|0 fnt\n|-unboost|p1a: Gholdengo|spa|1\n|faint|p2b: Roaring Moon\n|-end|p2b: Roaring Moon|Protosynthesis|[silent]\n|-damage|p1a: Gholdengo|66\/100|[from] item: Life Orb\n|move|p2a: Sinistcha|Strength Sap|p1b: Roaring Moon\n|-unboost|p1b: Roaring Moon|atk|1\n|-heal|p2a: Sinistcha|100\/100\n|\n|-damage|p1b: Roaring Moon|78\/100 brn|[from] brn\n|upkeep\n|turn|5\n|-message|Axel316 forfeited.\n|\n|win|Sour Cigar\n|raw|Sour Cigar's rating: 1363 &rarr; <strong>1387<\/strong><br \/>(+24 for winning)\n|raw|Axel316's rating: 1430 &rarr; <strong>1406<\/strong><br \/>(-24 for losing)\n|l|\u2606Axel316\n","uploadtime":1700428134,"views":6,"p1id":"sourcigar","p2id":"axel316","formatid":"gen9vgc2023regulatione","rating":1387,"private":0,"password":""}