{"id":"gen9vgc2023regulatione-1988705634","p1":"5ver","p2":"CharlienoB","format":"[Gen 9] VGC 2023 Regulation E","log":"|j|\u26065ver\n|j|\u2606CharlienoB\n|t:|1699752920\n|gametype|doubles\n|player|p1|5ver|102|1213\n|player|p2|CharlienoB|102|1112\n|teamsize|p1|6\n|teamsize|p2|6\n|gen|9\n|tier|[Gen 9] VGC 2023 Regulation E\n|rated|\n|rule|Species Clause: Limit one of each Pok\u00e9mon\n|rule|Item Clause: Limit one of each item\n|clearpoke\n|poke|p1|Ursaluna-Bloodmoon, L50, M|\n|poke|p1|Wo-Chien, L50|\n|poke|p1|Chi-Yu, L50|\n|poke|p1|Empoleon, L50, F|\n|poke|p1|Milotic, L50, F|\n|poke|p1|Iron Valiant, L50|\n|poke|p2|Maushold, L50|\n|poke|p2|Arcanine-Hisui, L50, M|\n|poke|p2|Sinistcha, L50|\n|poke|p2|Iron Bundle, L50|\n|poke|p2|Iron Hands, L50|\n|poke|p2|Ninetales-Alola, L50, F|\n|teampreview|4\n|inactive|Battle timer is ON: inactive players will automatically lose when time's up. (requested by 5ver)\n|inactive|5ver has 60 seconds left.\n|\n|t:|1699752963\n|start\n|switch|p1a: Milotic|Milotic, L50, F|100\/100\n|switch|p1b: Chi-Yu|Chi-Yu, L50|100\/100\n|switch|p2a: Ninetales|Ninetales-Alola, L50, F|100\/100\n|switch|p2b: Iron Bundle|Iron Bundle, L50|100\/100\n|-weather|Snow|[from] ability: Snow Warning|[of] p2a: Ninetales\n|-ability|p1b: Chi-Yu|Beads of Ruin\n|-enditem|p2b: Iron Bundle|Booster Energy\n|-activate|p2b: Iron Bundle|ability: Quark Drive|[fromitem]\n|-start|p2b: Iron Bundle|quarkdrivespe\n|turn|1\n|\n|t:|1699752987\n|move|p2b: Iron Bundle|Hydro Pump|p1b: Chi-Yu\n|-supereffective|p1b: Chi-Yu\n|-enditem|p1b: Chi-Yu|Focus Sash\n|-damage|p1b: Chi-Yu|1\/100\n|move|p2a: Ninetales|Aurora Veil|p2a: Ninetales\n|-sidestart|p2: CharlienoB|move: Aurora Veil\n|move|p1b: Chi-Yu|Heat Wave|p2a: Ninetales|[spread] p2a,p2b\n|-supereffective|p2a: Ninetales\n|-damage|p2a: Ninetales|44\/100\n|-damage|p2b: Iron Bundle|40\/100\n|move|p1a: Milotic|Icy Wind|p2a: Ninetales|[spread] p2a,p2b\n|-resisted|p2a: Ninetales\n|-resisted|p2b: Iron Bundle\n|-damage|p2a: Ninetales|39\/100\n|-damage|p2b: Iron Bundle|36\/100\n|-unboost|p2a: Ninetales|spe|1\n|-unboost|p2b: Iron Bundle|spe|1\n|\n|-weather|Snow|[upkeep]\n|upkeep\n|turn|2\n|\n|t:|1699753009\n|move|p1b: Chi-Yu|Protect|p1b: Chi-Yu\n|-singleturn|p1b: Chi-Yu|Protect\n|move|p2b: Iron Bundle|Blizzard|p1a: Milotic|[spread] p1a\n|-activate|p1b: Chi-Yu|move: Protect\n|-resisted|p1a: Milotic\n|-damage|p1a: Milotic|84\/100\n|-status|p1a: Milotic|frz\n|move|p2a: Ninetales|Icy Wind|p1b: Chi-Yu|[spread] p1a\n|-activate|p1b: Chi-Yu|move: Protect\n|-resisted|p1a: Milotic\n|-damage|p1a: Milotic|79\/100 frz\n|-unboost|p1a: Milotic|spe|1\n|-ability|p1a: Milotic|Competitive|boost\n|-boost|p1a: Milotic|spa|2\n|-curestatus|p1a: Milotic|frz|[msg]\n|move|p1a: Milotic|Icy Wind|p2a: Ninetales|[spread] p2a,p2b\n|-resisted|p2a: Ninetales\n|-resisted|p2b: Iron Bundle\n|-damage|p2a: Ninetales|30\/100\n|-damage|p2b: Iron Bundle|27\/100\n|-unboost|p2a: Ninetales|spe|1\n|-unboost|p2b: Iron Bundle|spe|1\n|\n|-weather|Snow|[upkeep]\n|upkeep\n|turn|3\n|inactive|CharlienoB has 30 seconds left.\n|\n|t:|1699753035\n|move|p2b: Iron Bundle|Protect|p2b: Iron Bundle\n|-singleturn|p2b: Iron Bundle|Protect\n|move|p1b: Chi-Yu|Heat Wave|p2a: Ninetales|[spread] p2a\n|-activate|p2b: Iron Bundle|move: Protect\n|-supereffective|p2a: Ninetales\n|-damage|p2a: Ninetales|0 fnt\n|faint|p2a: Ninetales\n|move|p1a: Milotic|Icy Wind|p2b: Iron Bundle\n|-activate|p2b: Iron Bundle|move: Protect\n|\n|-weather|Snow|[upkeep]\n|upkeep\n|\n|t:|1699753048\n|switch|p2a: Maushold|Maushold, L50|100\/100\n|turn|4\n|\n|t:|1699753070\n|switch|p1b: Wo-Chien|Wo-Chien, L50|100\/100\n|-ability|p1b: Wo-Chien|Tablets of Ruin\n|-terastallize|p2a: Maushold|Grass\n|move|p2b: Iron Bundle|Freeze-Dry|p1b: Wo-Chien\n|-supereffective|p1b: Wo-Chien\n|-damage|p1b: Wo-Chien|50\/100\n|move|p2a: Maushold|Bullet Seed|p1a: Milotic\n|-supereffective|p1a: Milotic\n|-damage|p1a: Milotic|60\/100\n|-supereffective|p1a: Milotic\n|-damage|p1a: Milotic|40\/100\n|-enditem|p1a: Milotic|Sitrus Berry|[eat]\n|-heal|p1a: Milotic|65\/100|[from] item: Sitrus Berry\n|-supereffective|p1a: Milotic\n|-damage|p1a: Milotic|46\/100\n|-supereffective|p1a: Milotic\n|-damage|p1a: Milotic|24\/100\n|-supereffective|p1a: Milotic\n|-damage|p1a: Milotic|6\/100\n|-hitcount|p1a: Milotic|5\n|move|p1a: Milotic|Scald|p2a: Maushold\n|-resisted|p2a: Maushold\n|-crit|p2a: Maushold\n|-damage|p2a: Maushold|47\/100\n|\n|-weather|Snow|[upkeep]\n|-heal|p1b: Wo-Chien|57\/100|[from] item: Leftovers\n|upkeep\n|turn|5\n|inactive|CharlienoB has 30 seconds left.\n|inactive|5ver has 30 seconds left.\n|\n|t:|1699753106\n|move|p2b: Iron Bundle|Blizzard|p1a: Milotic|[spread] p1a,p1b\n|-resisted|p1a: Milotic\n|-supereffective|p1b: Wo-Chien\n|-damage|p1a: Milotic|0 fnt\n|-damage|p1b: Wo-Chien|0 fnt\n|faint|p1a: Milotic\n|faint|p1b: Wo-Chien\n|move|p2a: Maushold|Population Bomb|p1: Milotic|[notarget]\n|-fail|p2a: Maushold\n|\n|-weather|none\n|upkeep\n|\n|t:|1699753108\n|switch|p1a: Ursaluna|Ursaluna-Bloodmoon, L50, M|100\/100\n|switch|p1b: Chi-Yu|Chi-Yu, L50|1\/100\n|-ability|p1b: Chi-Yu|Beads of Ruin\n|turn|6\n|\n|t:|1699753126\n|-end|p2b: Iron Bundle|Quark Drive|[silent]\n|switch|p2b: Arcanine|Arcanine-Hisui, L50, M|100\/100\n|-ability|p2b: Arcanine|Intimidate|boost\n|-unboost|p1a: Ursaluna|atk|1\n|-unboost|p1b: Chi-Yu|atk|1\n|-terastallize|p1a: Ursaluna|Normal\n|move|p1b: Chi-Yu|Protect|p1b: Chi-Yu\n|-singleturn|p1b: Chi-Yu|Protect\n|move|p2a: Maushold|Protect|p2a: Maushold\n|-singleturn|p2a: Maushold|Protect\n|move|p1a: Ursaluna|Hyper Voice|p2b: Arcanine|[spread] p2b\n|-activate|p2a: Maushold|move: Protect\n|-resisted|p2b: Arcanine\n|-damage|p2b: Arcanine|74\/100\n|-enditem|p1a: Ursaluna|Throat Spray\n|-boost|p1a: Ursaluna|spa|1|[from] item: Throat Spray\n|\n|upkeep\n|turn|7\n|inactive|CharlienoB has 30 seconds left.\n|\n|t:|1699753158\n|move|p1b: Chi-Yu|Protect|p1b: Chi-Yu\n|-singleturn|p1b: Chi-Yu|Protect\n|move|p2b: Arcanine|Extreme Speed|p1b: Chi-Yu\n|-activate|p1b: Chi-Yu|move: Protect\n|move|p2a: Maushold|Bullet Seed|p1a: Ursaluna\n|-damage|p1a: Ursaluna|92\/100\n|-damage|p1a: Ursaluna|83\/100\n|-damage|p1a: Ursaluna|74\/100\n|-damage|p1a: Ursaluna|66\/100\n|-damage|p1a: Ursaluna|57\/100\n|-hitcount|p1a: Ursaluna|5\n|move|p1a: Ursaluna|Earth Power|p2b: Arcanine\n|-supereffective|p2b: Arcanine\n|-damage|p2b: Arcanine|0 fnt\n|faint|p2b: Arcanine\n|\n|upkeep\n|\n|t:|1699753176\n|switch|p2b: Iron Bundle|Iron Bundle, L50|27\/100\n|turn|8\n|\n|t:|1699753187\n|move|p2b: Iron Bundle|Blizzard|p1a: Ursaluna|[spread] p1a,p1b\n|-resisted|p1b: Chi-Yu\n|-damage|p1a: Ursaluna|7\/100\n|-damage|p1b: Chi-Yu|0 fnt\n|faint|p1b: Chi-Yu\n|move|p2a: Maushold|Population Bomb|p1a: Ursaluna\n|-damage|p1a: Ursaluna|0 fnt\n|faint|p1a: Ursaluna\n|-hitcount|p1: Ursaluna|1\n|\n|win|CharlienoB\n|raw|5ver's rating: 1213 &rarr; <strong>1181<\/strong><br \/>(-32 for losing)\n|raw|CharlienoB's rating: 1112 &rarr; <strong>1144<\/strong><br \/>(+32 for winning)\n|l|\u26065ver\n","uploadtime":1699753200,"views":20,"p1id":"5ver","p2id":"charlienob","formatid":"gen9vgc2023regulatione","rating":1144,"private":0,"password":""}