{"id":"gen9vgc2023regulatione-1997691811","p1":"TheTalenAndersen","p2":"Darkbadger2606","format":"[Gen 9] VGC 2023 Regulation E","log":"|j|\u2606TheTalenAndersen\n|j|\u2606Darkbadger2606\n|n|\u2606TheTalenAndersen|thetalenandersen\n|n|\u2606Darkbadger2606|darkbadger2606\n|html|View the match progress at <a href=\"\/game-bestof3-gen9vgc2023regulatione-1997688759\">game-bestof3-gen9vgc2023regulatione-1997688759<\/a>\n|t:|1700842332\n|gametype|doubles\n|player|p1|TheTalenAndersen|acetrainer-gen4dp|\n|player|p2|Darkbadger2606|linebacker|\n|teamsize|p1|6\n|teamsize|p2|6\n|gen|9\n|tier|[Gen 9] VGC 2023 Regulation E\n|rule|Species Clause: Limit one of each Pok\u00e9mon\n|rule|Item Clause: Limit one of each item\n|clearpoke\n|poke|p1|Pincurchin, L50, F|\n|poke|p1|Arcanine-Hisui, L50, F|\n|poke|p1|Cresselia, L50, F|\n|poke|p1|Zapdos-Galar, L50|\n|poke|p1|Morpeko, L50, F|\n|poke|p1|Camerupt, L50, F|\n|poke|p2|Sandy Shocks, L50|\n|poke|p2|Espathra, L50, M|\n|poke|p2|Chi-Yu, L50|\n|poke|p2|Illumise, L50, F|\n|poke|p2|Ogerpon-Hearthflame, L50, F|\n|poke|p2|Bisharp, L50, F|\n|teampreview|4\n|c|\u2606Darkbadger2606|G2\n|c|\u2606Darkbadger2606|glhf\n|j| deathbane98\n|c|\u2606TheTalenAndersen|glhf\n|\n|t:|1700842391\n|start\n|switch|p1a: Legend|Arcanine-Hisui, L50, F|100\/100\n|switch|p1b: Ramsey|Morpeko, L50, F|100\/100\n|switch|p2a: Chi-Yu|Chi-Yu, L50|100\/100\n|switch|p2b: Illumise|Illumise, L50, F, shiny|100\/100\n|-ability|p2a: Chi-Yu|Beads of Ruin\n|turn|1\n|j| Abused24\n|\n|t:|1700842425\n|-terastallize|p2a: Chi-Yu|Dragon\n|move|p1b: Ramsey|Fake Out|p2a: Chi-Yu\n|-damage|p2a: Chi-Yu|81\/100\n|move|p2b: Illumise|Tailwind|p2b: Illumise\n|-sidestart|p2: Darkbadger2606|move: Tailwind\n|cant|p2a: Chi-Yu|flinch\n|move|p1a: Legend|Rock Slide|p2a: Chi-Yu|[spread] p2a\n|-miss|p1a: Legend|p2b: Illumise\n|-damage|p2a: Chi-Yu|16\/100\n|\n|-formechange|p1b: Ramsey|Morpeko-Hangry||[from] ability: Hunger Switch\n|upkeep\n|turn|2\n|\n|t:|1700842467\n|-terastallize|p1a: Legend|Fairy\n|move|p2b: Illumise|Thunder Wave|p1a: Legend\n|-status|p1a: Legend|par\n|move|p2a: Chi-Yu|Dark Pulse|p1a: Legend\n|-resisted|p1a: Legend\n|-damage|p1a: Legend|49\/100 par\n|move|p1b: Ramsey|Volt Switch|p2b: Illumise\n|-damage|p2b: Illumise|76\/100\n|\n|t:|1700842483\n|switch|p1b: Meep Meep|Zapdos-Galar, L50, shiny|100\/100|[from] Volt Switch\n|move|p1a: Legend|Rock Slide|p2a: Chi-Yu|[spread] p2a,p2b\n|-supereffective|p2b: Illumise\n|-damage|p2a: Chi-Yu|0 fnt\n|-damage|p2b: Illumise|0 fnt\n|faint|p2a: Chi-Yu\n|faint|p2b: Illumise\n|\n|upkeep\n|\n|t:|1700842488\n|switch|p2a: Sandy Shocks|Sandy Shocks, L50, shiny|100\/100\n|switch|p2b: Ogerpon|Ogerpon-Hearthflame, L50, F|100\/100\n|-ability|p2b: Ogerpon|Mold Breaker\n|-enditem|p2a: Sandy Shocks|Booster Energy\n|-activate|p2a: Sandy Shocks|ability: Protosynthesis|[fromitem]\n|-start|p2a: Sandy Shocks|protosynthesisspe\n|turn|3\n|j| GreeeenGator\n|\n|t:|1700842553\n|switch|p1a: Catha|Cresselia, L50, F|100\/100\n|move|p1b: Meep Meep|Protect|p1b: Meep Meep\n|-singleturn|p1b: Meep Meep|Protect\n|move|p2a: Sandy Shocks|Thunderbolt|p1b: Meep Meep\n|-activate|p1b: Meep Meep|move: Protect\n|move|p2b: Ogerpon|Ivy Cudgel|p1a: Catha|[anim] Ivy Cudgel Fire\n|-damage|p1a: Catha|63\/100\n|\n|upkeep\n|turn|4\n|\n|t:|1700842589\n|move|p1a: Catha|Helping Hand|p1b: Meep Meep\n|-singleturn|p1b: Meep Meep|Helping Hand|[of] p1a: Catha\n|move|p2a: Sandy Shocks|Thunderbolt|p1b: Meep Meep\n|-supereffective|p1b: Meep Meep\n|-damage|p1b: Meep Meep|2\/100\n|move|p2b: Ogerpon|Ivy Cudgel|p1b: Meep Meep|[anim] Ivy Cudgel Fire\n|-damage|p1b: Meep Meep|0 fnt\n|-enditem|p1b: Meep Meep|Jaboca Berry|[eat]\n|-damage|p2b: Ogerpon|88\/100|[from] item: Jaboca Berry|[of] p1b: Meep Meep\n|faint|p1b: Meep Meep\n|\n|-sideend|p2: Darkbadger2606|move: Tailwind\n|upkeep\n|\n|t:|1700842615\n|switch|p1b: Ramsey|Morpeko, L50, F|100\/100\n|turn|5\n|\n|t:|1700842635\n|move|p1b: Ramsey|Fake Out|p2b: Ogerpon\n|-damage|p2b: Ogerpon|71\/100\n|move|p2a: Sandy Shocks|Earth Power|p1b: Ramsey\n|-supereffective|p1b: Ramsey\n|-damage|p1b: Ramsey|0 fnt\n|faint|p1b: Ramsey\n|cant|p2b: Ogerpon|flinch\n|move|p1a: Catha|Lunar Blessing|p1a: Catha\n|-heal|p1a: Catha|88\/100\n|\n|upkeep\n|\n|t:|1700842647\n|switch|p1b: Legend|Arcanine-Hisui, L50, F, tera:Fairy|49\/100 par\n|turn|6\n|\n|t:|1700842666\n|move|p2a: Sandy Shocks|Thunderbolt|p1b: Legend\n|-damage|p1b: Legend|0 fnt\n|faint|p1b: Legend\n|move|p2b: Ogerpon|Ivy Cudgel|p1a: Catha|[anim] Ivy Cudgel Fire\n|-damage|p1a: Catha|50\/100\n|move|p1a: Catha|Lunar Blessing|p1a: Catha\n|-heal|p1a: Catha|75\/100\n|\n|upkeep\n|turn|7\n|c|\u2606TheTalenAndersen|gg\n|c|\u2606Darkbadger2606|gg\n|\n|t:|1700842679\n|move|p2a: Sandy Shocks|Thunderbolt|p1a: Catha\n|-damage|p1a: Catha|52\/100\n|move|p2b: Ogerpon|Ivy Cudgel|p1a: Catha|[anim] Ivy Cudgel Fire\n|-damage|p1a: Catha|15\/100\n|move|p1a: Catha|Ice Beam|p2a: Sandy Shocks\n|-supereffective|p2a: Sandy Shocks\n|-damage|p2a: Sandy Shocks|61\/100\n|\n|upkeep\n|turn|8\n|\n|t:|1700842701\n|move|p2a: Sandy Shocks|Thunderbolt|p1a: Catha\n|-damage|p1a: Catha|0 fnt\n|faint|p1a: Catha\n|\n|win|Darkbadger2606\n|l| GreeeenGator\n|l| Abused24\n|l| deathbane98\n","uploadtime":1700842770,"views":12,"p1id":"thetalenandersen","p2id":"darkbadger2606","formatid":"gen9vgc2023regulatione","rating":0,"private":0,"password":""}