{"id":"gen9vgc2023regulatione-2000373868","p1":"uvehdebictorr","p2":"Lurvas","format":"[Gen 9] VGC 2023 Regulation E","log":"|j|\u2606uvehdebictorr\n|j|\u2606Lurvas\n|t:|1701189403\n|gametype|doubles\n|player|p1|uvehdebictorr|266|1149\n|player|p2|Lurvas|alder|1145\n|teamsize|p1|6\n|teamsize|p2|6\n|gen|9\n|tier|[Gen 9] VGC 2023 Regulation E\n|rated|\n|rule|Species Clause: Limit one of each Pok\u00e9mon\n|rule|Item Clause: Limit one of each item\n|clearpoke\n|poke|p1|Ninetales-Alola, L50, F|\n|poke|p1|Ursaluna, L50, M|\n|poke|p1|Chi-Yu, L50|\n|poke|p1|Rillaboom, L50, F|\n|poke|p1|Iron Hands, L50|\n|poke|p1|Tornadus, L50, M|\n|poke|p2|Urshifu-*, L50, F|\n|poke|p2|Rillaboom, L50, M|\n|poke|p2|Flutter Mane, L50|\n|poke|p2|Arcanine-Hisui, L50, M|\n|poke|p2|Chien-Pao, L50|\n|poke|p2|Tornadus, L50, M|\n|teampreview|4\n|inactive|Battle timer is ON: inactive players will automatically lose when time's up. (requested by Lurvas)\nLurvas has agreed to open team sheets.\n|\n|t:|1701189434\n|start\n|switch|p1a: Tornadus|Tornadus, L50, M|100\/100\n|switch|p1b: Ninetales|Ninetales-Alola, L50, F|100\/100\n|switch|p2a: Chien-Pao|Chien-Pao, L50|100\/100\n|switch|p2b: Rillaboom|Rillaboom, L50, M|100\/100\n|-ability|p2a: Chien-Pao|Sword of Ruin\n|-weather|Snow|[from] ability: Snow Warning|[of] p1b: Ninetales\n|-fieldstart|move: Grassy Terrain|[from] ability: Grassy Surge|[of] p2b: Rillaboom\n|turn|1\n|\n|t:|1701189455\n|move|p2b: Rillaboom|Fake Out|p1b: Ninetales\n|-damage|p1b: Ninetales|85\/100\n|move|p1a: Tornadus|Tailwind|p1a: Tornadus\n|-sidestart|p1: uvehdebictorr|move: Tailwind\n|cant|p1b: Ninetales|flinch\n|move|p2a: Chien-Pao|Icicle Crash|p1a: Tornadus\n|-supereffective|p1a: Tornadus\n|-damage|p1a: Tornadus|0 fnt\n|faint|p1a: Tornadus\n|\n|-weather|Snow|[upkeep]\n|-heal|p1b: Ninetales|91\/100|[from] Grassy Terrain\n|upkeep\n|\n|t:|1701189466\n|switch|p1a: Chi-Yu|Chi-Yu, L50|100\/100\n|-ability|p1a: Chi-Yu|Beads of Ruin\n|turn|2\n|\n|t:|1701189488\n|switch|p2b: Tornadus|Tornadus, L50, M|100\/100\n|move|p2a: Chien-Pao|Sucker Punch|p1a: Chi-Yu\n|-resisted|p1a: Chi-Yu\n|-damage|p1a: Chi-Yu|64\/100\n|move|p1a: Chi-Yu|Heat Wave|p2a: Chien-Pao|[spread] p2a,p2b\n|-supereffective|p2a: Chien-Pao\n|-crit|p2b: Tornadus\n|-enditem|p2a: Chien-Pao|Focus Sash\n|-damage|p2a: Chien-Pao|1\/100\n|-damage|p2b: Tornadus|10\/100\n|move|p1b: Ninetales|Aurora Veil|p1b: Ninetales\n|-sidestart|p1: uvehdebictorr|move: Aurora Veil\n|\n|-weather|Snow|[upkeep]\n|-heal|p1a: Chi-Yu|70\/100|[from] Grassy Terrain\n|-heal|p1b: Ninetales|97\/100|[from] Grassy Terrain\n|-heal|p2a: Chien-Pao|7\/100|[from] Grassy Terrain\n|upkeep\n|turn|3\n|\n|t:|1701189506\n|move|p1a: Chi-Yu|Protect|p1a: Chi-Yu\n|-singleturn|p1a: Chi-Yu|Protect\n|move|p2b: Tornadus|Tailwind|p2b: Tornadus\n|-sidestart|p2: Lurvas|move: Tailwind\n|move|p2a: Chien-Pao|Sacred Sword|p1a: Chi-Yu\n|-activate|p1a: Chi-Yu|move: Protect\n|move|p1b: Ninetales|Blizzard|p2a: Chien-Pao|[spread] p2a,p2b\n|-resisted|p2a: Chien-Pao\n|-supereffective|p2b: Tornadus\n|-damage|p2a: Chien-Pao|0 fnt\n|-damage|p2b: Tornadus|0 fnt\n|faint|p2a: Chien-Pao\n|faint|p2b: Tornadus\n|\n|-weather|Snow|[upkeep]\n|-heal|p1a: Chi-Yu|76\/100|[from] Grassy Terrain\n|-heal|p1b: Ninetales|100\/100|[from] Grassy Terrain\n|upkeep\n|\n|t:|1701189521\n|switch|p2a: Arcanine|Arcanine-Hisui, L50, M|100\/100\n|switch|p2b: Rillaboom|Rillaboom, L50, M|100\/100\n|-ability|p2a: Arcanine|Intimidate|boost\n|-unboost|p1a: Chi-Yu|atk|1\n|-unboost|p1b: Ninetales|atk|1\n|turn|4\n|\n|t:|1701189533\n|-terastallize|p1b: Ninetales|Water\n|move|p2b: Rillaboom|Fake Out|p1a: Chi-Yu\n|-damage|p1a: Chi-Yu|61\/100\n|cant|p1a: Chi-Yu|flinch\n|move|p2a: Arcanine|Rock Slide|p1b: Ninetales|[spread] p1a,p1b\n|-supereffective|p1a: Chi-Yu\n|-damage|p1a: Chi-Yu|0 fnt\n|-damage|p1b: Ninetales|65\/100\n|faint|p1a: Chi-Yu\n|move|p1b: Ninetales|Tera Blast|p2a: Arcanine|[anim] Tera Blast Water\n|-supereffective|p2a: Arcanine\n|-damage|p2a: Arcanine|0 fnt\n|faint|p2a: Arcanine\n|\n|-weather|Snow|[upkeep]\n|-heal|p1b: Ninetales|71\/100|[from] Grassy Terrain\n|-sideend|p1: uvehdebictorr|move: Tailwind\n|upkeep\n|\n|t:|1701189549\n|switch|p1a: Iron Hands|Iron Hands, L50|100\/100\n|-enditem|p1a: Iron Hands|Booster Energy\n|-activate|p1a: Iron Hands|ability: Quark Drive|[fromitem]\n|-start|p1a: Iron Hands|quarkdriveatk\n|turn|5\n|\n|t:|1701189562\n|move|p2b: Rillaboom|Drum Beating|p1b: Ninetales\n|-supereffective|p1b: Ninetales\n|-damage|p1b: Ninetales|0 fnt\n|faint|p1b: Ninetales\n|move|p1a: Iron Hands|Heavy Slam|p2b: Rillaboom\n|-damage|p2b: Rillaboom|48\/100\n|\n|-weather|none\n|-heal|p2b: Rillaboom|54\/100|[from] Grassy Terrain\n|-fieldend|move: Grassy Terrain\n|upkeep\n|turn|6\n|\n|t:|1701189578\n|-terastallize|p2b: Rillaboom|Water\n|move|p2b: Rillaboom|Stomping Tantrum|p1a: Iron Hands\n|-supereffective|p1a: Iron Hands\n|-damage|p1a: Iron Hands|78\/100\n|move|p1a: Iron Hands|Wild Charge|p2b: Rillaboom\n|-supereffective|p2b: Rillaboom\n|-damage|p2b: Rillaboom|0 fnt\n|faint|p2b: Rillaboom\n|-damage|p1a: Iron Hands|68\/100|[from] Recoil\n|\n|win|uvehdebictorr\n|raw|uvehdebictorr's rating: 1149 &rarr; <strong>1174<\/strong><br \/>(+25 for winning)\n|raw|Lurvas's rating: 1145 &rarr; <strong>1120<\/strong><br \/>(-25 for losing)\n|c|\u2606Lurvas|gg\n|c|\u2606uvehdebictorr|gg\n","uploadtime":1701189590,"views":14,"p1id":"uvehdebictorr","p2id":"lurvas","formatid":"gen9vgc2023regulatione","rating":1120,"private":0,"password":""}