{"id":"gen9vgc2023regulatione-2000321276","p1":"CaltonD","p2":"t_bone_4","format":"[Gen 9] VGC 2023 Regulation E","log":"|j|\u2606CaltonD\n|j|\u2606t_bone_4\n|t:|1701184754\n|gametype|doubles\n|player|p1|CaltonD|170|1085\n|player|p2|t_bone_4|cilan|1113\n|teamsize|p1|6\n|teamsize|p2|6\n|gen|9\n|tier|[Gen 9] VGC 2023 Regulation E\n|rated|\n|rule|Species Clause: Limit one of each Pok\u00e9mon\n|rule|Item Clause: Limit one of each item\n|clearpoke\n|poke|p1|Arcanine, L50, M|\n|poke|p1|Ogerpon-Wellspring, L50, F|\n|poke|p1|Iron Hands, L50|\n|poke|p1|Dusclops, L50, M|\n|poke|p1|Weezing-Galar, L50, F|\n|poke|p1|Cresselia, L50, F|\n|poke|p2|Rillaboom, L50, M|\n|poke|p2|Armarouge, L50, M|\n|poke|p2|Milotic, L50, M|\n|poke|p2|Kommo-o, L50, F|\n|poke|p2|Corviknight, L50, F|\n|poke|p2|Grimmsnarl, L50, M|\n|teampreview|4\n|inactive|Battle timer is ON: inactive players will automatically lose when time's up. (requested by t_bone_4)\nt_bone_4 rejected open team sheets.\n|inactive|t_bone_4 has 60 seconds left.\n|\n|t:|1701184788\n|start\n|switch|p1a: Cresselia|Cresselia, L50, F|100\/100\n|switch|p1b: Arcanine|Arcanine, L50, M|100\/100\n|switch|p2a: Rillaboom|Rillaboom, L50, M|100\/100\n|switch|p2b: Grimmsnarl|Grimmsnarl, L50, M|100\/100\n|-ability|p1b: Arcanine|Intimidate|boost\n|-unboost|p2a: Rillaboom|atk|1\n|-unboost|p2b: Grimmsnarl|atk|1\n|-fieldstart|move: Grassy Terrain|[from] ability: Grassy Surge|[of] p2a: Rillaboom\n|turn|1\n|inactive|CaltonD has 30 seconds left.\n|\n|t:|1701184819\n|move|p2a: Rillaboom|Fake Out|p1b: Arcanine\n|-damage|p1b: Arcanine|90\/100\n|move|p2b: Grimmsnarl|Reflect|p2b: Grimmsnarl\n|-sidestart|p2: t_bone_4|Reflect\n|cant|p1b: Arcanine|flinch\n|move|p1a: Cresselia|Calm Mind|p1a: Cresselia\n|-boost|p1a: Cresselia|spa|1\n|-boost|p1a: Cresselia|spd|1\n|\n|-heal|p1b: Arcanine|96\/100|[from] Grassy Terrain\n|upkeep\n|turn|2\n|\n|t:|1701184835\n|move|p1a: Cresselia|Protect|p1a: Cresselia\n|-singleturn|p1a: Cresselia|Protect\n|move|p2b: Grimmsnarl|Light Screen|p2b: Grimmsnarl\n|-sidestart|p2: t_bone_4|move: Light Screen\n|move|p1b: Arcanine|Flare Blitz|p2a: Rillaboom\n|-supereffective|p2a: Rillaboom\n|-damage|p2a: Rillaboom|44\/100\n|-status|p2a: Rillaboom|brn\n|-damage|p1b: Arcanine|73\/100|[from] Recoil\n|move|p2a: Rillaboom|Knock Off|p1a: Cresselia\n|-activate|p1a: Cresselia|move: Protect\n|\n|-heal|p1b: Arcanine|79\/100|[from] Grassy Terrain\n|-heal|p2a: Rillaboom|50\/100 brn|[from] Grassy Terrain\n|-damage|p2a: Rillaboom|44\/100 brn|[from] brn\n|upkeep\n|turn|3\n|inactive|CaltonD has 30 seconds left.\n|\n|t:|1701184865\n|-terastallize|p1a: Cresselia|Electric\n|move|p2b: Grimmsnarl|Thunder Wave|p1b: Arcanine\n|-status|p1b: Arcanine|par\n|move|p1a: Cresselia|Calm Mind|p1a: Cresselia\n|-boost|p1a: Cresselia|spa|1\n|-boost|p1a: Cresselia|spd|1\n|move|p2a: Rillaboom|Knock Off|p1a: Cresselia\n|-damage|p1a: Cresselia|92\/100\n|-enditem|p1a: Cresselia|Leftovers|[from] move: Knock Off|[of] p2a: Rillaboom\n|move|p1b: Arcanine|Snarl|p2a: Rillaboom|[spread] p2a,p2b\n|-resisted|p2b: Grimmsnarl\n|-damage|p2a: Rillaboom|39\/100 brn\n|-damage|p2b: Grimmsnarl|99\/100\n|-unboost|p2a: Rillaboom|spa|1\n|-unboost|p2b: Grimmsnarl|spa|1\n|\n|-heal|p2a: Rillaboom|45\/100 brn|[from] Grassy Terrain\n|-heal|p2b: Grimmsnarl|100\/100|[from] Grassy Terrain\n|-heal|p1b: Arcanine|85\/100 par|[from] Grassy Terrain\n|-damage|p2a: Rillaboom|39\/100 brn|[from] brn\n|upkeep\n|turn|4\n|inactive|CaltonD has 30 seconds left.\n|inactive|t_bone_4 has 30 seconds left.\n|\n|t:|1701184892\n|move|p1a: Cresselia|Dazzling Gleam|p2b: Grimmsnarl|[spread] p2a,p2b\n|-supereffective|p2b: Grimmsnarl\n|-damage|p2a: Rillaboom|27\/100 brn\n|-damage|p2b: Grimmsnarl|77\/100\n|move|p2a: Rillaboom|U-turn|p1a: Cresselia\n|-crit|p1a: Cresselia\n|-damage|p1a: Cresselia|79\/100\n|\n|t:|1701184900\n|switch|p2a: Milotic|Milotic, L50, M|100\/100|[from] U-turn\n|move|p2b: Grimmsnarl|Spirit Break|p1a: Cresselia\n|-damage|p1a: Cresselia|65\/100\n|-unboost|p1a: Cresselia|spa|1\n|move|p1b: Arcanine|Flare Blitz|p2a: Milotic\n|-resisted|p2a: Milotic\n|-damage|p2a: Milotic|90\/100\n|-damage|p1b: Arcanine|80\/100 par|[from] Recoil\n|\n|-heal|p2a: Milotic|96\/100|[from] Grassy Terrain\n|-heal|p2b: Grimmsnarl|83\/100|[from] Grassy Terrain\n|-heal|p1b: Arcanine|87\/100 par|[from] Grassy Terrain\n|-status|p2a: Milotic|brn|[from] item: Flame Orb\n|upkeep\n|turn|5\n|\n|t:|1701184922\n|move|p1a: Cresselia|Calm Mind|p1a: Cresselia\n|-boost|p1a: Cresselia|spa|1\n|-boost|p1a: Cresselia|spd|1\n|move|p2a: Milotic|Scald|p1b: Arcanine\n|-supereffective|p1b: Arcanine\n|-damage|p1b: Arcanine|25\/100 par\n|move|p2b: Grimmsnarl|Spirit Break|p1a: Cresselia\n|-damage|p1a: Cresselia|52\/100\n|-unboost|p1a: Cresselia|spa|1\n|cant|p1b: Arcanine|par\n|\n|-heal|p2a: Milotic|100\/100 brn|[from] Grassy Terrain\n|-heal|p2b: Grimmsnarl|89\/100|[from] Grassy Terrain\n|-heal|p1b: Arcanine|31\/100 par|[from] Grassy Terrain\n|-damage|p2a: Milotic|95\/100 brn|[from] brn\n|-fieldend|move: Grassy Terrain\n|upkeep\n|turn|6\n|\n|t:|1701184945\n|move|p1b: Arcanine|Protect|p1b: Arcanine\n|-singleturn|p1b: Arcanine|Protect\n|move|p1a: Cresselia|Lunar Blessing|p1a: Cresselia|[spread] p1a,p1b\n|-heal|p1a: Cresselia|77\/100\n|-heal|p1b: Arcanine|56\/100 par\n|-curestatus|p1b: Arcanine|par|[msg]\n|move|p2a: Milotic|Scald|p1b: Arcanine\n|-activate|p1b: Arcanine|move: Protect\n|move|p2b: Grimmsnarl|Spirit Break|p1a: Cresselia\n|-damage|p1a: Cresselia|63\/100\n|-unboost|p1a: Cresselia|spa|1\n|\n|-damage|p2a: Milotic|89\/100 brn|[from] brn\n|upkeep\n|turn|7\n|\n|t:|1701184966\n|switch|p1b: Iron Hands|Iron Hands, L50|100\/100\n|-enditem|p1b: Iron Hands|Booster Energy\n|-activate|p1b: Iron Hands|ability: Quark Drive|[fromitem]\n|-start|p1b: Iron Hands|quarkdriveatk\n|move|p2b: Grimmsnarl|Thunder Wave|p1b: Iron Hands\n|-immune|p1b: Iron Hands\n|move|p1a: Cresselia|Dazzling Gleam|p2a: Milotic|[spread] p2a,p2b\n|-supereffective|p2b: Grimmsnarl\n|-damage|p2a: Milotic|82\/100 brn\n|-damage|p2b: Grimmsnarl|77\/100\n|move|p2a: Milotic|Scald|p1b: Iron Hands\n|-damage|p1b: Iron Hands|75\/100\n|\n|-damage|p2a: Milotic|76\/100 brn|[from] brn\n|upkeep\n|turn|8\n|inactive|CaltonD has 30 seconds left.\n|inactive|t_bone_4 has 30 seconds left.\n|\n|t:|1701184996\n|move|p1b: Iron Hands|Fake Out|p2a: Milotic\n|-damage|p2a: Milotic|70\/100 brn\n|move|p1a: Cresselia|Calm Mind|p1a: Cresselia\n|-boost|p1a: Cresselia|spa|1\n|-boost|p1a: Cresselia|spd|1\n|cant|p2a: Milotic|flinch\n|move|p2b: Grimmsnarl|Spirit Break|p1a: Cresselia\n|-damage|p1a: Cresselia|49\/100\n|-unboost|p1a: Cresselia|spa|1\n|\n|-damage|p2a: Milotic|64\/100 brn|[from] brn\n|-sideend|p2: t_bone_4|Reflect\n|upkeep\n|turn|9\n|\n|t:|1701185014\n|move|p1a: Cresselia|Protect|p1a: Cresselia\n|-singleturn|p1a: Cresselia|Protect\n|move|p2b: Grimmsnarl|Reflect|p2b: Grimmsnarl\n|-sidestart|p2: t_bone_4|Reflect\n|move|p2a: Milotic|Scald|p1b: Iron Hands\n|-damage|p1b: Iron Hands|48\/100\n|move|p1b: Iron Hands|Wild Charge|p2a: Milotic\n|-supereffective|p2a: Milotic\n|-damage|p2a: Milotic|16\/100 brn\n|-damage|p1b: Iron Hands|39\/100|[from] Recoil\n|\n|-damage|p2a: Milotic|10\/100 brn|[from] brn\n|-sideend|p2: t_bone_4|move: Light Screen\n|upkeep\n|turn|10\n|\n|t:|1701185033\n|move|p1a: Cresselia|Lunar Blessing|p1a: Cresselia|[spread] p1a,p1b\n|-heal|p1a: Cresselia|74\/100\n|-heal|p1b: Iron Hands|64\/100\n|move|p2a: Milotic|Recover|p2a: Milotic\n|-heal|p2a: Milotic|60\/100 brn\n|move|p2b: Grimmsnarl|Spirit Break|p1b: Iron Hands\n|-supereffective|p1b: Iron Hands\n|-damage|p1b: Iron Hands|39\/100\n|-unboost|p1b: Iron Hands|spa|1\n|move|p1b: Iron Hands|Drain Punch|p2b: Grimmsnarl\n|-damage|p2b: Grimmsnarl|33\/100\n|-heal|p1b: Iron Hands|56\/100|[from] drain|[of] p2b: Grimmsnarl\n|\n|-damage|p2a: Milotic|54\/100 brn|[from] brn\n|upkeep\n|turn|11\n|inactive|t_bone_4 has 30 seconds left.\n|\n|t:|1701185058\n|move|p2b: Grimmsnarl|Light Screen|p2b: Grimmsnarl\n|-sidestart|p2: t_bone_4|move: Light Screen\n|move|p1a: Cresselia|Lunar Blessing|p1a: Cresselia|[spread] p1a,p1b\n|-heal|p1a: Cresselia|99\/100\n|-heal|p1b: Iron Hands|81\/100\n|move|p2a: Milotic|Recover|p2a: Milotic\n|-heal|p2a: Milotic|100\/100 brn\n|move|p1b: Iron Hands|Drain Punch|p2b: Grimmsnarl\n|-damage|p2b: Grimmsnarl|0 fnt\n|-heal|p1b: Iron Hands|94\/100|[from] drain|[of] p2b: Grimmsnarl\n|faint|p2b: Grimmsnarl\n|\n|-damage|p2a: Milotic|95\/100 brn|[from] brn\n|upkeep\n|\n|t:|1701185072\n|switch|p2b: Kommo-o|Kommo-o, L50, F|100\/100\n|turn|12\n|\n|t:|1701185089\n|-end|p1b: Iron Hands|Quark Drive|[silent]\n|switch|p1b: Dusclops|Dusclops, L50, M, shiny|100\/100\n|-ability|p1b: Dusclops|Pressure\n|-terastallize|p2b: Kommo-o|Ghost\n|move|p2b: Kommo-o|Clangorous Soul|p2b: Kommo-o\n|-boost|p2b: Kommo-o|atk|1\n|-boost|p2b: Kommo-o|def|1\n|-boost|p2b: Kommo-o|spa|1\n|-boost|p2b: Kommo-o|spd|1\n|-boost|p2b: Kommo-o|spe|1\n|-damage|p2b: Kommo-o|68\/100\n|move|p1a: Cresselia|Calm Mind|p1a: Cresselia\n|-boost|p1a: Cresselia|spa|1\n|-boost|p1a: Cresselia|spd|1\n|move|p2a: Milotic|Scald|p1b: Dusclops\n|-damage|p1b: Dusclops|80\/100\n|\n|-heal|p2b: Kommo-o|74\/100|[from] item: Leftovers\n|-damage|p2a: Milotic|89\/100 brn|[from] brn\n|upkeep\n|turn|13\n|inactive|CaltonD has 30 seconds left.\n|inactive|t_bone_4 has 30 seconds left.\n|\n|t:|1701185120\n|switch|p2a: Rillaboom|Rillaboom, L50, M|27\/100 brn\n|-fieldstart|move: Grassy Terrain|[from] ability: Grassy Surge|[of] p2a: Rillaboom\n|move|p1a: Cresselia|Protect|p1a: Cresselia\n|-singleturn|p1a: Cresselia|Protect\n|move|p2b: Kommo-o|Shadow Claw|p1b: Dusclops\n|-supereffective|p1b: Dusclops\n|-damage|p1b: Dusclops|11\/100\n|move|p1b: Dusclops|Trick Room|p1b: Dusclops\n|-fieldstart|move: Trick Room|[of] p1b: Dusclops\n|\n|-heal|p1b: Dusclops|17\/100|[from] Grassy Terrain\n|-heal|p2a: Rillaboom|33\/100 brn|[from] Grassy Terrain\n|-heal|p2b: Kommo-o|80\/100|[from] Grassy Terrain\n|-heal|p2b: Kommo-o|86\/100|[from] item: Leftovers\n|-damage|p2a: Rillaboom|27\/100 brn|[from] brn\n|upkeep\n|turn|14\n|\n|t:|1701185141\n|move|p2a: Rillaboom|Fake Out|p1a: Cresselia\n|-damage|p1a: Cresselia|93\/100\n|move|p1b: Dusclops|Pain Split|p2b: Kommo-o\n|-sethp|p2b: Kommo-o|50\/100|[from] move: Pain Split|[silent]\n|-sethp|p1b: Dusclops|64\/100|[from] move: Pain Split\n|cant|p1a: Cresselia|flinch\n|move|p2b: Kommo-o|Shadow Claw|p1b: Dusclops\n|-supereffective|p1b: Dusclops\n|-damage|p1b: Dusclops|0 fnt\n|faint|p1b: Dusclops\n|\n|-heal|p2a: Rillaboom|33\/100 brn|[from] Grassy Terrain\n|-heal|p2b: Kommo-o|55\/100|[from] Grassy Terrain\n|-heal|p2b: Kommo-o|61\/100|[from] item: Leftovers\n|-damage|p2a: Rillaboom|27\/100 brn|[from] brn\n|upkeep\n|\n|t:|1701185160\n|switch|p1b: Iron Hands|Iron Hands, L50|94\/100\n|turn|15\n|inactive|t_bone_4 has 30 seconds left.\n|inactive|t_bone_4 has 20 seconds left.\n|\n|t:|1701185197\n|switch|p2a: Milotic|Milotic, L50, M|89\/100 brn\n|move|p2b: Kommo-o|Protect|p2b: Kommo-o\n|-singleturn|p2b: Kommo-o|Protect\n|move|p1b: Iron Hands|Wild Charge|p2b: Kommo-o\n|-activate|p2b: Kommo-o|move: Protect\n|move|p1a: Cresselia|Dazzling Gleam|p2a: Milotic|[spread] p2a\n|-activate|p2b: Kommo-o|move: Protect\n|-damage|p2a: Milotic|79\/100 brn\n|\n|-heal|p1b: Iron Hands|99\/100|[from] Grassy Terrain\n|-heal|p2a: Milotic|85\/100 brn|[from] Grassy Terrain\n|-heal|p2b: Kommo-o|67\/100|[from] Grassy Terrain\n|-heal|p2b: Kommo-o|73\/100|[from] item: Leftovers\n|-damage|p2a: Milotic|79\/100 brn|[from] brn\n|upkeep\n|turn|16\n|inactive|t_bone_4 has 30 seconds left.\n|\n|t:|1701185226\n|move|p1b: Iron Hands|Wild Charge|p2b: Kommo-o\n|-damage|p2b: Kommo-o|49\/100\n|-damage|p1b: Iron Hands|96\/100|[from] Recoil\n|move|p2a: Milotic|Scald|p1b: Iron Hands\n|-crit|p1b: Iron Hands\n|-damage|p1b: Iron Hands|63\/100\n|-status|p1b: Iron Hands|brn\n|move|p1a: Cresselia|Dazzling Gleam|p2a: Milotic|[spread] p2a,p2b\n|-damage|p2a: Milotic|71\/100 brn\n|-damage|p2b: Kommo-o|40\/100\n|move|p2b: Kommo-o|Drain Punch|p1a: Cresselia\n|-damage|p1a: Cresselia|55\/100\n|-heal|p2b: Kommo-o|65\/100|[from] drain|[of] p1a: Cresselia\n|\n|-heal|p1b: Iron Hands|69\/100 brn|[from] Grassy Terrain\n|-heal|p2a: Milotic|77\/100 brn|[from] Grassy Terrain\n|-heal|p2b: Kommo-o|71\/100|[from] Grassy Terrain\n|-heal|p2b: Kommo-o|77\/100|[from] item: Leftovers\n|-damage|p1b: Iron Hands|63\/100 brn|[from] brn\n|-damage|p2a: Milotic|71\/100 brn|[from] brn\n|-sideend|p2: t_bone_4|Reflect\n|upkeep\n|turn|17\n|inactive|CaltonD has 30 seconds left.\n|inactive|t_bone_4 has 30 seconds left.\n|inactive|t_bone_4 has 20 seconds left.\n|\n|t:|1701185264\n|move|p1b: Iron Hands|Wild Charge|p2b: Kommo-o\n|-damage|p2b: Kommo-o|59\/100\n|-damage|p1b: Iron Hands|60\/100 brn|[from] Recoil\n|move|p2a: Milotic|Scald|p1b: Iron Hands\n|-damage|p1b: Iron Hands|37\/100 brn\n|move|p1a: Cresselia|Lunar Blessing|p1a: Cresselia|[spread] p1a,p1b\n|-heal|p1a: Cresselia|80\/100\n|-heal|p1b: Iron Hands|62\/100 brn\n|-curestatus|p1b: Iron Hands|brn|[msg]\n|move|p2b: Kommo-o|Clangorous Soul|p2b: Kommo-o\n|-boost|p2b: Kommo-o|atk|1\n|-boost|p2b: Kommo-o|def|1\n|-boost|p2b: Kommo-o|spa|1\n|-boost|p2b: Kommo-o|spd|1\n|-boost|p2b: Kommo-o|spe|1\n|-damage|p2b: Kommo-o|27\/100\n|\n|-heal|p1b: Iron Hands|68\/100|[from] Grassy Terrain\n|-heal|p2a: Milotic|77\/100 brn|[from] Grassy Terrain\n|-heal|p2b: Kommo-o|33\/100|[from] Grassy Terrain\n|-heal|p2b: Kommo-o|39\/100|[from] item: Leftovers\n|-damage|p2a: Milotic|71\/100 brn|[from] brn\n|-fieldend|move: Trick Room\n|-fieldend|move: Grassy Terrain\n|upkeep\n|turn|18\n|inactive|t_bone_4 has 30 seconds left.\n|inactive|t_bone_4 has 20 seconds left.\n|inactive|CaltonD has 30 seconds left.\n|inactive|t_bone_4 has 15 seconds left.\n|inactive|t_bone_4 has 10 seconds left.\n|\n|t:|1701185296\n|-end|p1b: Iron Hands|Quark Drive|[silent]\n|switch|p1b: Arcanine|Arcanine, L50, M|56\/100\n|-ability|p1b: Arcanine|Intimidate|boost\n|-unboost|p2a: Milotic|atk|1\n|-unboost|p2b: Kommo-o|atk|1\n|move|p2b: Kommo-o|Drain Punch|p1a: Cresselia\n|-damage|p1a: Cresselia|42\/100\n|-heal|p2b: Kommo-o|64\/100|[from] drain|[of] p1a: Cresselia\n|move|p1a: Cresselia|Dazzling Gleam|p2b: Kommo-o|[spread] p2a,p2b\n|-damage|p2a: Milotic|61\/100 brn\n|-damage|p2b: Kommo-o|57\/100\n|move|p2a: Milotic|Scald|p1b: Arcanine\n|-supereffective|p1b: Arcanine\n|-damage|p1b: Arcanine|1\/100\n|\n|-heal|p2b: Kommo-o|63\/100|[from] item: Leftovers\n|-damage|p2a: Milotic|55\/100 brn|[from] brn\n|-sideend|p2: t_bone_4|move: Light Screen\n|upkeep\n|turn|19\n|inactive|CaltonD has 30 seconds left this turn.\n|inactive|t_bone_4 has 10 seconds left this turn.\n|inactive|t_bone_4 has 5 seconds left.\n|inactive|CaltonD has 20 seconds left.\n|-message|t_bone_4 lost due to inactivity.\n|\n|win|CaltonD\n|raw|CaltonD's rating: 1085 &rarr; <strong>1114<\/strong><br \/>(+29 for winning)\n|raw|t_bone_4's rating: 1113 &rarr; <strong>1086<\/strong><br \/>(-27 for losing)\n|l|\u2606t_bone_4\n","uploadtime":1701185340,"views":4,"p1id":"caltond","p2id":"tbone4","formatid":"gen9vgc2023regulatione","rating":1086,"private":0,"password":""}