{"id":"gen9vgc2023regulatione-1989355039","p1":"Silenncce","p2":"DarkenedKira","format":"[Gen 9] VGC 2023 Regulation E","log":"|j|\u2606Silenncce\n|j|\u2606DarkenedKira\n|t:|1699839999\n|gametype|doubles\n|player|p1|Silenncce|lucas|\n|player|p2|DarkenedKira|lucian|\n|teamsize|p1|6\n|teamsize|p2|6\n|gen|9\n|tier|[Gen 9] VGC 2023 Regulation E\n|rule|Species Clause: Limit one of each Pok\u00e9mon\n|rule|Item Clause: Limit one of each item\n|clearpoke\n|poke|p1|Slither Wing, L50|\n|poke|p1|Kleavor, L50, F|\n|poke|p1|Iron Treads, L50|\n|poke|p1|Decidueye-Hisui, L50, M|\n|poke|p1|Toxicroak, L50, F|\n|poke|p1|Raichu, L50, M|\n|poke|p2|Golduck, L50, M|\n|poke|p2|Iron Valiant, L50|\n|poke|p2|Lumineon, L50, M|\n|poke|p2|Haxorus, L50, M|\n|poke|p2|Flutter Mane, L50|\n|poke|p2|Wigglytuff, L50, M|\n|teampreview|4\n|j| rytheyan\n|j| PurplePhantom_exe\n|\n|t:|1699840028\n|start\n|switch|p1a: frog|Toxicroak, L50, F|100\/100\n|switch|p1b: rat|Raichu, L50, M|100\/100\n|switch|p2a: Wise Mystical|Golduck, L50, M, shiny|100\/100\n|switch|p2b: Chungus|Wigglytuff, L50, M, shiny|100\/100\n|-item|p1a: frog|Leftovers|[from] ability: Frisk|[of] p2b: Chungus|[identify]\n|-item|p1b: rat|Expert Belt|[from] ability: Frisk|[of] p2b: Chungus|[identify]\n|turn|1\n|c|\u2606Silenncce|?swift swim\n|c| PurplePhantom_exe|its \/data\n|\n|t:|1699840089\n|-terastallize|p2a: Wise Mystical|Steel\n|move|p1b: rat|Thunder Wave|p2b: Chungus\n|-status|p2b: Chungus|par\n|move|p1a: frog|Rain Dance|p1a: frog\n|-weather|RainDance\n|move|p2a: Wise Mystical|Rain Dance||[still]\n|-fail|p2a: Wise Mystical\n|move|p2b: Chungus|Light Screen|p2b: Chungus\n|-sidestart|p2: DarkenedKira|move: Light Screen\n|\n|-weather|RainDance|[upkeep]\n|upkeep\n|turn|2\n|\n|t:|1699840113\n|move|p2a: Wise Mystical|Blizzard|p1b: rat|[spread] p1a,p1b\n|-damage|p1a: frog|70\/100\n|-damage|p1b: rat|74\/100\n|move|p1b: rat|Grass Knot|p2a: Wise Mystical\n|-resisted|p2a: Wise Mystical\n|-damage|p2a: Wise Mystical|94\/100\n|move|p1a: frog|Chilling Water|p2b: Chungus\n|-damage|p2b: Chungus|89\/100 par\n|-unboost|p2b: Chungus|atk|1\n|move|p2b: Chungus|Reflect|p2b: Chungus\n|-sidestart|p2: DarkenedKira|Reflect\n|\n|-weather|RainDance|[upkeep]\n|-heal|p1a: frog|82\/100|[from] ability: Dry Skin\n|-heal|p1a: frog|88\/100|[from] item: Leftovers\n|upkeep\n|turn|3\n|\n|t:|1699840136\n|move|p2a: Wise Mystical|Ice Beam|p1b: rat\n|-damage|p1b: rat|45\/100\n|-status|p1b: rat|frz\n|cant|p1b: rat|frz\n|move|p1a: frog|Focus Blast|p2a: Wise Mystical\n|-supereffective|p2a: Wise Mystical\n|-damage|p2a: Wise Mystical|25\/100\n|cant|p2b: Chungus|par\n|\n|-weather|RainDance|[upkeep]\n|-heal|p1a: frog|99\/100|[from] ability: Dry Skin\n|-heal|p1a: frog|100\/100|[from] item: Leftovers\n|upkeep\n|turn|4\n|\n|t:|1699840157\n|move|p2a: Wise Mystical|Ice Beam|p1a: frog\n|-damage|p1a: frog|67\/100\n|cant|p1b: rat|frz\n|move|p1a: frog|Focus Blast|p2a: Wise Mystical\n|-supereffective|p2a: Wise Mystical\n|-crit|p2a: Wise Mystical\n|-damage|p2a: Wise Mystical|0 fnt\n|faint|p2a: Wise Mystical\n|move|p2b: Chungus|Heal Pulse|p2: Wise Mystical|[notarget]\n|-fail|p2b: Chungus\n|\n|-weather|RainDance|[upkeep]\n|-heal|p1a: frog|78\/100|[from] ability: Dry Skin\n|-heal|p1a: frog|84\/100|[from] item: Leftovers\n|upkeep\n|\n|t:|1699840167\n|switch|p2a: Wet Dream|Iron Valiant, L50, shiny|100\/100\n|-enditem|p2a: Wet Dream|Booster Energy\n|-activate|p2a: Wet Dream|ability: Quark Drive|[fromitem]\n|-start|p2a: Wet Dream|quarkdriveatk\n|turn|5\n|\n|t:|1699840201\n|move|p2a: Wet Dream|Ice Punch|p1a: frog\n|-damage|p1a: frog|22\/100\n|cant|p1b: rat|frz\n|move|p1a: frog|Chilling Water|p2a: Wet Dream\n|-crit|p2a: Wet Dream\n|-damage|p2a: Wet Dream|52\/100\n|-unboost|p2a: Wet Dream|atk|1\n|move|p2b: Chungus|Heal Pulse|p2a: Wet Dream\n|-heal|p2a: Wet Dream|100\/100\n|\n|-weather|none\n|-heal|p1a: frog|28\/100|[from] item: Leftovers\n|upkeep\n|turn|6\n|inactive|Battle timer is ON: inactive players will automatically lose when time's up. (requested by DarkenedKira)\n|c|\u2606DarkenedKira|oops!\n|c|\u2606DarkenedKira|forgot timer\n|\n|t:|1699840262\n|switch|p1a: elephant|Iron Treads, L50, shiny|100\/100\n|move|p2a: Wet Dream|Ice Punch|p1a: elephant\n|-damage|p1a: elephant|79\/100\n|-damage|p2a: Wet Dream|84\/100|[from] item: Rocky Helmet|[of] p1a: elephant\n|cant|p1b: rat|frz\n|move|p2b: Chungus|Heal Pulse|p2a: Wet Dream\n|-heal|p2a: Wet Dream|100\/100\n|\n|upkeep\n|turn|7\n|\n|t:|1699840282\n|move|p1a: elephant|Iron Head|p2a: Wet Dream\n|-supereffective|p2a: Wet Dream\n|-crit|p2a: Wet Dream\n|-damage|p2a: Wet Dream|0 fnt\n|faint|p2a: Wet Dream\n|-end|p2a: Wet Dream|Quark Drive|[silent]\n|cant|p1b: rat|frz\n|cant|p2b: Chungus|par\n|\n|upkeep\n|\n|t:|1699840285\n|switch|p2a: Forgettable|Lumineon, L50, M|100\/100\n|turn|8\n|\n|t:|1699840307\n|move|p1a: elephant|Rapid Spin|p2b: Chungus\n|-crit|p2b: Chungus\n|-damage|p2b: Chungus|62\/100 par\n|-boost|p1a: elephant|spe|1\n|cant|p1b: rat|frz\n|move|p2a: Forgettable|Chilling Water|p1b: rat\n|-damage|p1b: rat|0 fnt\n|faint|p1b: rat\n|cant|p2b: Chungus|par\n|\n|-sideend|p2: DarkenedKira|move: Light Screen\n|upkeep\n|\n|t:|1699840322\n|switch|p1b: frog|Toxicroak, L50, F|28\/100\n|turn|9\n|-message|DarkenedKira forfeited.\n|\n|win|Silenncce\n|c| PurplePhantom_exe|:0\n|l|\u2606DarkenedKira\n|l| PurplePhantom_exe\n|l|\u2606Silenncce\n","uploadtime":1699840349,"views":12,"p1id":"silenncce","p2id":"darkenedkira","formatid":"gen9vgc2023regulatione","rating":0,"private":0,"password":""}