{"id":"gen9vgc2023regulatione-2000355227","p1":"cocoliche","p2":"Lurvas","format":"[Gen 9] VGC 2023 Regulation E","log":"|j|\u2606cocoliche\n|j|\u2606Lurvas\n|t:|1701187773\n|gametype|doubles\n|player|p1|cocoliche|veteran|1041\n|player|p2|Lurvas|alder|1164\n|teamsize|p1|6\n|teamsize|p2|6\n|gen|9\n|tier|[Gen 9] VGC 2023 Regulation E\n|rated|\n|rule|Species Clause: Limit one of each Pok\u00e9mon\n|rule|Item Clause: Limit one of each item\n|clearpoke\n|poke|p1|Arcanine-Hisui, L50, F|\n|poke|p1|Chien-Pao, L50|\n|poke|p1|Dragonite, L50, M|\n|poke|p1|Thundurus, L50, M|\n|poke|p1|Masquerain, L50, M|\n|poke|p1|Rillaboom, L50, F|\n|poke|p2|Urshifu-*, L50, F|\n|poke|p2|Rillaboom, L50, F|\n|poke|p2|Flutter Mane, L50|\n|poke|p2|Arcanine-Hisui, L50, M|\n|poke|p2|Chien-Pao, L50|\n|poke|p2|Tornadus, L50, M|\n|teampreview|4\nLurvas has agreed to open team sheets.\n|inactive|Battle timer is ON: inactive players will automatically lose when time's up. (requested by Lurvas)\n|inactive|cocoliche has 60 seconds left.\n|\n|t:|1701187810\n|start\n|switch|p1a: Arcanine|Arcanine-Hisui, L50, F, shiny|100\/100\n|switch|p1b: Masquerain|Masquerain, L50, M, shiny|100\/100\n|switch|p2a: Tornadus|Tornadus, L50, M|100\/100\n|switch|p2b: Rillaboom|Rillaboom, L50, F|100\/100\n|-fieldstart|move: Grassy Terrain|[from] ability: Grassy Surge|[of] p2b: Rillaboom\n|-ability|p1b: Masquerain|Intimidate|boost\n|-unboost|p2a: Tornadus|atk|1\n|-unboost|p2b: Rillaboom|atk|1\n|-ability|p1a: Arcanine|Intimidate|boost\n|-unboost|p2a: Tornadus|atk|1\n|-unboost|p2b: Rillaboom|atk|1\n|turn|1\n|\n|t:|1701187828\n|move|p2b: Rillaboom|Fake Out|p1a: Arcanine\n|-resisted|p1a: Arcanine\n|-damage|p1a: Arcanine|97\/100\n|move|p2a: Tornadus|Rain Dance|p2a: Tornadus\n|-weather|RainDance\n|move|p1b: Masquerain|Tailwind|p1b: Masquerain\n|-sidestart|p1: cocoliche|move: Tailwind\n|cant|p1a: Arcanine|flinch\n|\n|-weather|RainDance|[upkeep]\n|-heal|p1a: Arcanine|100\/100|[from] Grassy Terrain\n|upkeep\n|turn|2\n|\n|t:|1701187848\n|switch|p2b: Urshifu|Urshifu-Rapid-Strike, L50, F|100\/100\n|move|p1b: Masquerain|Hurricane|p2b: Urshifu\n|-supereffective|p2b: Urshifu\n|-damage|p2b: Urshifu|7\/100\n|-start|p2b: Urshifu|confusion\n|move|p1a: Arcanine|Flare Blitz|p2b: Urshifu\n|-resisted|p2b: Urshifu\n|-damage|p2b: Urshifu|0 fnt\n|faint|p2b: Urshifu\n|-damage|p1a: Arcanine|99\/100|[from] Recoil\n|move|p2a: Tornadus|Bleakwind Storm|p1b: Masquerain|[spread] p1a,p1b\n|-resisted|p1a: Arcanine\n|-supereffective|p1b: Masquerain\n|-crit|p1b: Masquerain\n|-damage|p1a: Arcanine|86\/100\n|-damage|p1b: Masquerain|16\/100\n|\n|-weather|RainDance|[upkeep]\n|-heal|p1a: Arcanine|92\/100|[from] Grassy Terrain\n|upkeep\n|\n|t:|1701187864\n|switch|p2b: Arcanine|Arcanine-Hisui, L50, M|100\/100\n|-ability|p2b: Arcanine|Intimidate|boost\n|-unboost|p1a: Arcanine|atk|1\n|-unboost|p1b: Masquerain|atk|1\n|turn|3\n|\n|t:|1701187876\n|-terastallize|p2b: Arcanine|Fairy\n|move|p2a: Tornadus|Tailwind|p2a: Tornadus\n|-sidestart|p2: Lurvas|move: Tailwind\n|move|p2b: Arcanine|Rock Slide|p1a: Arcanine|[spread] p1a,p1b\n|-supereffective|p1a: Arcanine\n|-supereffective|p1b: Masquerain\n|-damage|p1a: Arcanine|0 fnt\n|-damage|p1b: Masquerain|0 fnt\n|faint|p1a: Arcanine\n|faint|p1b: Masquerain\n|\n|-weather|RainDance|[upkeep]\n|upkeep\n|\n|t:|1701187884\n|switch|p1b: Dragonite|Dragonite, L50, M|100\/100\n|switch|p1a: Rillaboom|Rillaboom, L50, F, shiny|100\/100\n|turn|4\n|\n|t:|1701187907\n|switch|p2b: Rillaboom|Rillaboom, L50, F|100\/100\n|move|p1a: Rillaboom|Fake Out|p2b: Rillaboom\n|-damage|p2b: Rillaboom|85\/100\n|move|p2a: Tornadus|Bleakwind Storm|p1b: Dragonite|[spread] p1a,p1b\n|-supereffective|p1a: Rillaboom\n|-damage|p1a: Rillaboom|50\/100\n|-damage|p1b: Dragonite|72\/100\n|-unboost|p1a: Rillaboom|spe|1\n|move|p1b: Dragonite|Earthquake|p2a: Tornadus|[spread] p1a,p2b\n|-immune|p2a: Tornadus\n|-resisted|p1a: Rillaboom\n|-resisted|p2b: Rillaboom\n|-damage|p1a: Rillaboom|44\/100\n|-damage|p2b: Rillaboom|79\/100\n|\n|-weather|RainDance|[upkeep]\n|-heal|p2b: Rillaboom|85\/100|[from] Grassy Terrain\n|-heal|p1a: Rillaboom|50\/100|[from] Grassy Terrain\n|-sideend|p1: cocoliche|move: Tailwind\n|upkeep\n|turn|5\n|\n|t:|1701187930\n|-terastallize|p1b: Dragonite|Normal\n|move|p1b: Dragonite|Extreme Speed|p2a: Tornadus\n|-damage|p2a: Tornadus|58\/100\n|move|p2a: Tornadus|Bleakwind Storm|p1a: Rillaboom|[spread] p1a,p1b\n|-supereffective|p1a: Rillaboom\n|-crit|p1b: Dragonite\n|-damage|p1a: Rillaboom|0 fnt\n|-damage|p1b: Dragonite|23\/100\n|faint|p1a: Rillaboom\n|move|p2b: Rillaboom|Drum Beating|p1b: Dragonite\n|-damage|p1b: Dragonite|0 fnt\n|faint|p1b: Dragonite\n|\n|win|Lurvas\n|raw|cocoliche's rating: 1041 &rarr; <strong>1030<\/strong><br \/>(-11 for losing)\n|raw|Lurvas's rating: 1164 &rarr; <strong>1181<\/strong><br \/>(+17 for winning)\n|c|\u2606Lurvas|gg\n","uploadtime":1701187947,"views":15,"p1id":"cocoliche","p2id":"lurvas","formatid":"gen9vgc2023regulatione","rating":1030,"private":0,"password":""}