{"id":"gen9vgc2023regulatione-1999344840","p1":"newbucket","p2":"MythAst","format":"[Gen 9] VGC 2023 Regulation E","log":"|j|\u2606newbucket\n|j|\u2606MythAst\n|t:|1701063794\n|gametype|doubles\n|player|p1|newbucket|li|1437\n|player|p2|MythAst|n-masters3|1337\n|teamsize|p1|6\n|teamsize|p2|6\n|gen|9\n|tier|[Gen 9] VGC 2023 Regulation E\n|rated|\n|rule|Species Clause: Limit one of each Pok\u00e9mon\n|rule|Item Clause: Limit one of each item\n|clearpoke\n|poke|p1|Ogerpon, L50, F|\n|poke|p1|Gholdengo, L50|\n|poke|p1|Roaring Moon, L50|\n|poke|p1|Flutter Mane, L50|\n|poke|p1|Iron Hands, L50|\n|poke|p1|Rotom-Wash, L50|\n|poke|p2|Tatsugiri, L50, F|\n|poke|p2|Dondozo, L50, M|\n|poke|p2|Chien-Pao, L50|\n|poke|p2|Chi-Yu, L50|\n|poke|p2|Flutter Mane, L50|\n|poke|p2|Dragonite, L50, F|\n|teampreview|4\n|inactive|Battle timer is ON: inactive players will automatically lose when time's up. (requested by MythAst)\n|inactive|newbucket also wants the timer to be on.\n|c|\u2606newbucket|god i hate 2-2-2\n|c|\u2606newbucket|glhf\n|inactive|newbucket has 60 seconds left.\n|inactive|MythAst has 60 seconds left.\n|c|\u2606MythAst|u too\nMythAst has agreed to open team sheets.\n|inactive|newbucket has 30 seconds left.\n|inactive|newbucket has 20 seconds left.\n|inactive|newbucket has 15 seconds left.\n|\n|t:|1701063872\n|start\n|switch|p1a: Rotom|Rotom-Wash, L50|100\/100\n|switch|p1b: Roaring Moon|Roaring Moon, L50|100\/100\n|switch|p2a: Chien-Pao|Chien-Pao, L50|100\/100\n|switch|p2b: Dragonite|Dragonite, L50, F|100\/100\n|-ability|p2a: Chien-Pao|Sword of Ruin\n|-enditem|p1b: Roaring Moon|Booster Energy\n|-activate|p1b: Roaring Moon|ability: Protosynthesis|[fromitem]\n|-start|p1b: Roaring Moon|protosynthesisspe\n|turn|1\n|inactive|newbucket has 30 seconds left.\n|\n|t:|1701063898\n|-terastallize|p2b: Dragonite|Normal\n|move|p1b: Roaring Moon|Protect|p1b: Roaring Moon\n|-singleturn|p1b: Roaring Moon|Protect\n|move|p2b: Dragonite|Extreme Speed|p1b: Roaring Moon\n|-activate|p1b: Roaring Moon|move: Protect\n|move|p2a: Chien-Pao|Crunch|p1a: Rotom\n|-damage|p1a: Rotom|36\/100\n|-enditem|p1a: Rotom|Sitrus Berry|[eat]\n|-heal|p1a: Rotom|61\/100|[from] item: Sitrus Berry\n|move|p1a: Rotom|Will-O-Wisp|p2b: Dragonite\n|-status|p2b: Dragonite|brn\n|\n|-damage|p2b: Dragonite|95\/100 brn|[from] brn\n|upkeep\n|turn|2\n|\n|t:|1701063921\n|-terastallize|p1b: Roaring Moon|Poison\n|move|p2b: Dragonite|Extreme Speed|p1b: Roaring Moon\n|-damage|p1b: Roaring Moon|46\/100\n|move|p1b: Roaring Moon|Tailwind|p1b: Roaring Moon\n|-sidestart|p1: newbucket|move: Tailwind\n|move|p1a: Rotom|Will-O-Wisp|p2a: Chien-Pao\n|-status|p2a: Chien-Pao|brn\n|move|p2a: Chien-Pao|Icicle Crash|p1b: Roaring Moon\n|-damage|p1b: Roaring Moon|5\/100\n|\n|-damage|p2a: Chien-Pao|95\/100 brn|[from] brn\n|-damage|p2b: Dragonite|89\/100 brn|[from] brn\n|upkeep\n|turn|3\n|\n|t:|1701063945\n|-end|p1b: Roaring Moon|Protosynthesis|[silent]\n|switch|p1b: Flutter Mane|Flutter Mane, L50|100\/100\n|move|p2b: Dragonite|Extreme Speed|p1b: Flutter Mane\n|-immune|p1b: Flutter Mane\n|move|p1a: Rotom|Thunderbolt|p2b: Dragonite\n|-damage|p2b: Dragonite|53\/100 brn\n|move|p2a: Chien-Pao|Crunch|p1a: Rotom\n|-damage|p1a: Rotom|29\/100\n|\n|-damage|p2a: Chien-Pao|89\/100 brn|[from] brn\n|-damage|p2b: Dragonite|47\/100 brn|[from] brn\n|upkeep\n|turn|4\n|\n|t:|1701063967\n|switch|p1a: Iron Hands|Iron Hands, L50|100\/100\n|move|p2b: Dragonite|Extreme Speed|p1a: Iron Hands\n|-damage|p1a: Iron Hands|70\/100\n|move|p1b: Flutter Mane|Dazzling Gleam|p2a: Chien-Pao|[spread] p2a,p2b\n|-supereffective|p2a: Chien-Pao\n|-damage|p2a: Chien-Pao|0 fnt\n|-damage|p2b: Dragonite|16\/100 brn\n|faint|p2a: Chien-Pao\n|\n|-damage|p2b: Dragonite|10\/100 brn|[from] brn\n|upkeep\n|\n|t:|1701063979\n|switch|p2a: Tatsugiri|Tatsugiri, L50, F|100\/100\n|turn|5\n|inactive|newbucket has 30 seconds left.\n|inactive|newbucket has 20 seconds left.\n|inactive|newbucket has 15 seconds left.\n|\n|t:|1701064021\n|-end|p1a: Iron Hands|Quark Drive|[silent]\n|switch|p1a: Roaring Moon|Roaring Moon, L50, tera:Poison|5\/100\n|switch|p2b: Dondozo|Dondozo, L50, M|100\/100\n|-activate|p2a: Tatsugiri|ability: Commander|[of] p2b: Dondozo\n|-boost|p2b: Dondozo|atk|2\n|-boost|p2b: Dondozo|spa|2\n|-boost|p2b: Dondozo|spe|2\n|-boost|p2b: Dondozo|def|2\n|-boost|p2b: Dondozo|spd|2\n|move|p1b: Flutter Mane|Shadow Ball|p2b: Dondozo\n|-damage|p2b: Dondozo|78\/100\n|\n|-heal|p2b: Dondozo|84\/100|[from] item: Leftovers\n|-sideend|p1: newbucket|move: Tailwind\n|upkeep\n|turn|6\n|inactive|newbucket has 30 seconds left.\n|inactive|newbucket has 20 seconds left.\n|inactive|newbucket has 15 seconds left.\n|inactive|newbucket has 10 seconds left.\n|inactive|newbucket has 5 seconds left.\n|\n|t:|1701064073\n|move|p2b: Dondozo|Protect|p2b: Dondozo\n|-singleturn|p2b: Dondozo|Protect\n|move|p1b: Flutter Mane|Shadow Ball|p2b: Dondozo\n|-activate|p2b: Dondozo|move: Protect\n|move|p1a: Roaring Moon|Tailwind|p1a: Roaring Moon\n|-sidestart|p1: newbucket|move: Tailwind\n|\n|-heal|p2b: Dondozo|90\/100|[from] item: Leftovers\n|upkeep\n|turn|7\n|\n|t:|1701064093\n|move|p1b: Flutter Mane|Shadow Ball|p2b: Dondozo\n|-damage|p2b: Dondozo|67\/100\n|move|p1a: Roaring Moon|Knock Off|p2b: Dondozo\n|-damage|p2b: Dondozo|49\/100\n|-enditem|p2b: Dondozo|Leftovers|[from] move: Knock Off|[of] p1a: Roaring Moon\n|move|p2b: Dondozo|Heavy Slam|p1b: Flutter Mane\n|-supereffective|p1b: Flutter Mane\n|-enditem|p1b: Flutter Mane|Focus Sash\n|-damage|p1b: Flutter Mane|1\/100\n|\n|upkeep\n|turn|8\n|inactive|newbucket has 30 seconds left.\n|\n|t:|1701064118\n|-end|p1a: Roaring Moon|Protosynthesis|[silent]\n|switch|p1a: Iron Hands|Iron Hands, L50|70\/100\n|move|p1b: Flutter Mane|Shadow Ball|p2b: Dondozo\n|-damage|p2b: Dondozo|26\/100\n|-unboost|p2b: Dondozo|spd|1\n|move|p2b: Dondozo|Order Up|p1a: Iron Hands\n|-damage|p1a: Iron Hands|37\/100\n|-boost|p2b: Dondozo|atk|1\n|\n|upkeep\n|turn|9\n|inactive|newbucket has 30 seconds left.\n|\n|t:|1701064152\n|-end|p1a: Iron Hands|Quark Drive|[silent]\n|switch|p1a: Roaring Moon|Roaring Moon, L50, tera:Poison|5\/100\n|move|p2b: Dondozo|Protect|p2b: Dondozo\n|-singleturn|p2b: Dondozo|Protect\n|move|p1b: Flutter Mane|Shadow Ball|p2b: Dondozo\n|-activate|p2b: Dondozo|move: Protect\n|\n|-sideend|p1: newbucket|move: Tailwind\n|upkeep\n|turn|10\n|\n|t:|1701064169\n|move|p1b: Flutter Mane|Protect|p1b: Flutter Mane\n|-singleturn|p1b: Flutter Mane|Protect\n|move|p1a: Roaring Moon|Tailwind|p1a: Roaring Moon\n|-sidestart|p1: newbucket|move: Tailwind\n|move|p2b: Dondozo|Heavy Slam|p1b: Flutter Mane\n|-activate|p1b: Flutter Mane|move: Protect\n|\n|upkeep\n|turn|11\n|\n|t:|1701064176\n|move|p1b: Flutter Mane|Shadow Ball|p2b: Dondozo\n|-damage|p2b: Dondozo|0 fnt\n|faint|p2b: Dondozo\n|move|p1a: Roaring Moon|Breaking Swipe|p2a: Tatsugiri\n|-supereffective|p2a: Tatsugiri\n|-damage|p2a: Tatsugiri|0 fnt\n|faint|p2a: Tatsugiri\n|\n|upkeep\n|c|\u2606newbucket|gg\n|\n|t:|1701064183\n|switch|p2b: Dragonite|Dragonite, L50, F, tera:Normal|10\/100 brn\n|turn|12\n|\n|t:|1701064191\n|move|p2b: Dragonite|Extreme Speed|p1a: Roaring Moon\n|-damage|p1a: Roaring Moon|0 fnt\n|faint|p1a: Roaring Moon\n|-end|p1a: Roaring Moon|Protosynthesis|[silent]\n|move|p1b: Flutter Mane|Moonblast|p2b: Dragonite\n|-damage|p2b: Dragonite|0 fnt\n|faint|p2b: Dragonite\n|\n|win|newbucket\n|raw|newbucket's rating: 1437 &rarr; <strong>1451<\/strong><br \/>(+14 for winning)\n|raw|MythAst's rating: 1337 &rarr; <strong>1323<\/strong><br \/>(-14 for losing)\n|c|\u2606MythAst|gg\n","uploadtime":1701064201,"views":17,"p1id":"newbucket","p2id":"mythast","formatid":"gen9vgc2023regulatione","rating":1323,"private":0,"password":""}