{"id":"gen9vgc2023regulatione-2000679694","p1":"AndyLaVGC","p2":"just aa kid","format":"[Gen 9] VGC 2023 Regulation E","log":"|j|\u2606AndyLaVGC\n|j|\u2606just aa kid\n|t:|1701217968\n|gametype|doubles\n|player|p1|AndyLaVGC|lucas|1486\n|player|p2|just aa kid|iris-gen5bw2|1504\n|teamsize|p1|6\n|teamsize|p2|6\n|gen|9\n|tier|[Gen 9] VGC 2023 Regulation E\n|rated|\n|rule|Species Clause: Limit one of each Pok\u00e9mon\n|rule|Item Clause: Limit one of each item\n|clearpoke\n|poke|p1|Regidrago, L50|\n|poke|p1|Armarouge, L50, M|\n|poke|p1|Indeedee-F, L50, F|\n|poke|p1|Chien-Pao, L50|\n|poke|p1|Tornadus, L50, M|\n|poke|p1|Urshifu-*, L50, F|\n|poke|p2|Salamence, L50, M|\n|poke|p2|Amoonguss, L50, M|\n|poke|p2|Iron Bundle, L50|\n|poke|p2|Regieleki, L50|\n|poke|p2|Chi-Yu, L50|\n|poke|p2|Arcanine-Hisui, L50, F|\n|teampreview|4\n|inactive|Battle timer is ON: inactive players will automatically lose when time's up. (requested by just aa kid)\njust aa kid has agreed to open team sheets.\n|inactive|AndyLaVGC has 60 seconds left.\n|\n|t:|1701218000\n|start\n|switch|p1a: Regidrago|Regidrago, L50|100\/100\n|switch|p1b: Indeedee|Indeedee-F, L50, F|100\/100\n|switch|p2a: Iron Bundle|Iron Bundle, L50|100\/100\n|switch|p2b: Chi-Yu|Chi-Yu, L50|100\/100\n|-ability|p2b: Chi-Yu|Beads of Ruin\n|-fieldstart|move: Psychic Terrain|[from] ability: Psychic Surge|[of] p1b: Indeedee\n|-enditem|p2a: Iron Bundle|Booster Energy\n|-activate|p2a: Iron Bundle|ability: Quark Drive|[fromitem]\n|-start|p2a: Iron Bundle|quarkdrivespe\n|turn|1\n|\n|t:|1701218013\n|-terastallize|p1b: Indeedee|Fairy\n|move|p1a: Regidrago|Protect|p1a: Regidrago\n|-singleturn|p1a: Regidrago|Protect\n|move|p2a: Iron Bundle|Icy Wind|p1b: Indeedee|[spread] \n|-activate|p1a: Regidrago|move: Protect\n|-miss|p2a: Iron Bundle|p1b: Indeedee\n|move|p2b: Chi-Yu|Heat Wave|p1a: Regidrago|[spread] p1b\n|-activate|p1a: Regidrago|move: Protect\n|-damage|p1b: Indeedee|50\/100\n|move|p1b: Indeedee|Trick Room|p1b: Indeedee\n|-fieldstart|move: Trick Room|[of] p1b: Indeedee\n|\n|upkeep\n|turn|2\n|inactive|just aa kid has 30 seconds left.\n|\n|t:|1701218041\n|move|p2a: Iron Bundle|Protect|p2a: Iron Bundle\n|-singleturn|p2a: Iron Bundle|Protect\n|move|p1b: Indeedee|Dazzling Gleam|p2a: Iron Bundle|[spread] p2b\n|-activate|p2a: Iron Bundle|move: Protect\n|-damage|p2b: Chi-Yu|79\/100\n|move|p1a: Regidrago|Dragon Energy|p2b: Chi-Yu|[spread] p2b\n|-activate|p2a: Iron Bundle|move: Protect\n|-damage|p2b: Chi-Yu|0 fnt\n|faint|p2b: Chi-Yu\n|\n|upkeep\n|\n|t:|1701218047\n|switch|p2b: Amoonguss|Amoonguss, L50, M|100\/100\n|turn|3\n|\n|t:|1701218072\n|move|p1b: Indeedee|Follow Me|p1b: Indeedee\n|-singleturn|p1b: Indeedee|move: Follow Me\n|move|p2b: Amoonguss|Spore|p1b: Indeedee\n|-activate|p1b: Indeedee|item: Safety Goggles|Spore\n|move|p1a: Regidrago|Dragon Energy|p2a: Iron Bundle|[spread] p2a,p2b\n|-damage|p2a: Iron Bundle|0 fnt\n|-damage|p2b: Amoonguss|8\/100\n|-enditem|p2b: Amoonguss|Sitrus Berry|[eat]\n|-heal|p2b: Amoonguss|33\/100|[from] item: Sitrus Berry\n|faint|p2a: Iron Bundle\n|-end|p2a: Iron Bundle|Quark Drive|[silent]\n|\n|upkeep\n|\n|t:|1701218081\n|switch|p2a: Salamence|Salamence, L50, M|100\/100\n|-ability|p2a: Salamence|Intimidate|boost\n|-unboost|p1a: Regidrago|atk|1\n|-unboost|p1b: Indeedee|atk|1\n|turn|4\n|\n|t:|1701218093\n|-terastallize|p2a: Salamence|Steel\n|move|p2b: Amoonguss|Protect|p2b: Amoonguss\n|-singleturn|p2b: Amoonguss|Protect\n|move|p1b: Indeedee|Follow Me|p1b: Indeedee\n|-singleturn|p1b: Indeedee|move: Follow Me\n|move|p1a: Regidrago|Dragon Energy|p2a: Salamence|[spread] p2a\n|-activate|p2b: Amoonguss|move: Protect\n|-resisted|p2a: Salamence\n|-damage|p2a: Salamence|47\/100\n|move|p2a: Salamence|Iron Head|p1b: Indeedee\n|-supereffective|p1b: Indeedee\n|-damage|p1b: Indeedee|0 fnt\n|faint|p1b: Indeedee\n|\n|upkeep\n|\n|t:|1701218101\n|switch|p1b: Armarouge|Armarouge, L50, M|100\/100\n|turn|5\n|\n|t:|1701218112\n|move|p2a: Salamence|Protect|p2a: Salamence\n|-singleturn|p2a: Salamence|Protect\n|move|p2b: Amoonguss|Spore|p1a: Regidrago\n|-status|p1a: Regidrago|slp|[from] move: Spore\n|cant|p1a: Regidrago|slp\n|move|p1b: Armarouge|Expanding Force|p2a: Salamence|[spread] p2b\n|-activate|p2a: Salamence|move: Protect\n|-supereffective|p2b: Amoonguss\n|-damage|p2b: Amoonguss|0 fnt\n|faint|p2b: Amoonguss\n|\n|-fieldend|move: Trick Room\n|-fieldend|move: Psychic Terrain\n|upkeep\n|turn|6\n|\n|t:|1701218124\n|move|p2a: Salamence|Dual Wingbeat|p1b: Armarouge\n|-damage|p1b: Armarouge|80\/100\n|-damage|p1b: Armarouge|60\/100\n|-hitcount|p1b: Armarouge|2\n|-curestatus|p1a: Regidrago|slp|[msg]\n|move|p1a: Regidrago|Dragon Energy|p2a: Salamence\n|-resisted|p2a: Salamence\n|-damage|p2a: Salamence|0 fnt\n|faint|p2a: Salamence\n|\n|win|AndyLaVGC\n|raw|AndyLaVGC's rating: 1486 &rarr; <strong>1507<\/strong><br \/>(+21 for winning)\n|raw|just aa kid's rating: 1504 &rarr; <strong>1483<\/strong><br \/>(-21 for losing)\n","uploadtime":1701218133,"views":5,"p1id":"andylavgc","p2id":"justaakid","formatid":"gen9vgc2023regulatione","rating":1483,"private":0,"password":""}