{"id":"gen9vgc2023regulatione-1991002890","p1":"BananenErik","p2":"CharlienoB","format":"[Gen 9] VGC 2023 Regulation E","log":"|j|\u2606BananenErik\n|j|\u2606CharlienoB\n|t:|1700026208\n|gametype|doubles\n|player|p1|BananenErik|1|1186\n|player|p2|CharlienoB|169|1085\n|teamsize|p1|6\n|teamsize|p2|6\n|gen|9\n|tier|[Gen 9] VGC 2023 Regulation E\n|rated|\n|rule|Species Clause: Limit one of each Pok\u00e9mon\n|rule|Item Clause: Limit one of each item\n|clearpoke\n|poke|p1|Inteleon, L50, M|\n|poke|p1|Tornadus, L50, M|\n|poke|p1|Clefairy, L50, M|\n|poke|p1|Flutter Mane, L50|\n|poke|p1|Iron Hands, L50|\n|poke|p1|Overqwil, L50, F|\n|poke|p2|Iron Hands, L50|\n|poke|p2|Espathra, L50, F|\n|poke|p2|Clefairy, L50, F|\n|poke|p2|Brute Bonnet, L50|\n|poke|p2|Volcarona, L50, M|\n|poke|p2|Empoleon, L50, M|\n|teampreview|4\n|\n|t:|1700026227\n|start\n|switch|p1a: Inteleon|Inteleon, L50, M|100\/100\n|switch|p1b: Tornadus|Tornadus, L50, M|100\/100\n|switch|p2a: Espathra|Espathra, L50, F|100\/100\n|switch|p2b: Clefairy|Clefairy, L50, F|100\/100\n|turn|1\n|\n|t:|1700026240\n|move|p2b: Clefairy|Follow Me|p2b: Clefairy\n|-singleturn|p2b: Clefairy|move: Follow Me\n|move|p1b: Tornadus|Tailwind|p1b: Tornadus\n|-sidestart|p1: BananenErik|move: Tailwind\n|move|p1a: Inteleon|Taunt|p2b: Clefairy\n|-start|p2b: Clefairy|move: Taunt\n|move|p2a: Espathra|Calm Mind|p2a: Espathra\n|-boost|p2a: Espathra|spa|1\n|-boost|p2a: Espathra|spd|1\n|\n|-ability|p2a: Espathra|Speed Boost|boost\n|-boost|p2a: Espathra|spe|1\n|upkeep\n|turn|2\n|\n|t:|1700026264\n|switch|p2b: Iron Hands|Iron Hands, L50|100\/100\n|move|p1b: Tornadus|Rain Dance|p1b: Tornadus\n|-weather|RainDance\n|move|p1a: Inteleon|Snipe Shot|p2a: Espathra\n|-damage|p2a: Espathra|48\/100\n|move|p2a: Espathra|Lumina Crash|p1a: Inteleon\n|-damage|p1a: Inteleon|35\/100\n|-unboost|p1a: Inteleon|spd|2\n|\n|-weather|RainDance|[upkeep]\n|-heal|p2a: Espathra|54\/100|[from] item: Leftovers\n|-ability|p2a: Espathra|Speed Boost|boost\n|-boost|p2a: Espathra|spe|1\n|upkeep\n|turn|3\n|\n|t:|1700026288\n|-terastallize|p1a: Inteleon|Flying\n|-terastallize|p2a: Espathra|Fairy\n|move|p2b: Iron Hands|Fake Out|p1a: Inteleon\n|-damage|p1a: Inteleon|9\/100\n|move|p1b: Tornadus|Bleakwind Storm|p2b: Iron Hands|[spread] p2a,p2b\n|-damage|p2a: Espathra|24\/100\n|-damage|p2b: Iron Hands|77\/100\n|cant|p1a: Inteleon|flinch\n|move|p2a: Espathra|Dazzling Gleam|p1b: Tornadus|[spread] p1a,p1b\n|-damage|p1a: Inteleon|0 fnt\n|-damage|p1b: Tornadus|55\/100\n|faint|p1a: Inteleon\n|\n|-weather|RainDance|[upkeep]\n|-heal|p2a: Espathra|30\/100|[from] item: Leftovers\n|-ability|p2a: Espathra|Speed Boost|boost\n|-boost|p2a: Espathra|spe|1\n|upkeep\n|\n|t:|1700026299\n|switch|p1a: Clefairy|Clefairy, L50, M|100\/100\n|turn|4\n|\n|t:|1700026312\n|move|p2a: Espathra|Protect|p2a: Espathra\n|-singleturn|p2a: Espathra|Protect\n|move|p1a: Clefairy|Follow Me|p1a: Clefairy\n|-singleturn|p1a: Clefairy|move: Follow Me\n|move|p1b: Tornadus|Bleakwind Storm|p2a: Espathra|[spread] p2b\n|-activate|p2a: Espathra|move: Protect\n|-damage|p2b: Iron Hands|54\/100\n|move|p2b: Iron Hands|Heavy Slam|p1a: Clefairy\n|-supereffective|p1a: Clefairy\n|-damage|p1a: Clefairy|19\/100\n|\n|-weather|RainDance|[upkeep]\n|-heal|p2a: Espathra|36\/100|[from] item: Leftovers\n|-sideend|p1: BananenErik|move: Tailwind\n|-ability|p2a: Espathra|Speed Boost|boost\n|-boost|p2a: Espathra|spe|1\n|upkeep\n|turn|5\n|\n|t:|1700026343\n|move|p1a: Clefairy|Helping Hand|p1b: Tornadus\n|-singleturn|p1b: Tornadus|Helping Hand|[of] p1a: Clefairy\n|move|p2a: Espathra|Calm Mind|p2a: Espathra\n|-boost|p2a: Espathra|spa|1\n|-boost|p2a: Espathra|spd|1\n|move|p1b: Tornadus|Bleakwind Storm|p2b: Iron Hands|[spread] p2a,p2b\n|-damage|p2a: Espathra|0 fnt\n|-damage|p2b: Iron Hands|22\/100\n|-unboost|p2b: Iron Hands|spe|1\n|faint|p2a: Espathra\n|move|p2b: Iron Hands|Wild Charge|p1b: Tornadus\n|-supereffective|p1b: Tornadus\n|-damage|p1b: Tornadus|0 fnt\n|faint|p1b: Tornadus\n|-damage|p2b: Iron Hands|13\/100|[from] Recoil\n|\n|-weather|RainDance|[upkeep]\n|upkeep\n|\n|t:|1700026363\n|switch|p1b: Flutter Mane|Flutter Mane, L50|100\/100\n|switch|p2a: Clefairy|Clefairy, L50, F|100\/100\n|-enditem|p1b: Flutter Mane|Booster Energy\n|-activate|p1b: Flutter Mane|ability: Protosynthesis|[fromitem]\n|-start|p1b: Flutter Mane|protosynthesisspe\n|turn|6\n|\n|t:|1700026380\n|move|p1a: Clefairy|Helping Hand|p1b: Flutter Mane\n|-singleturn|p1b: Flutter Mane|Helping Hand|[of] p1a: Clefairy\n|move|p2a: Clefairy|Protect|p2a: Clefairy\n|-singleturn|p2a: Clefairy|Protect\n|move|p1b: Flutter Mane|Dazzling Gleam|p2b: Iron Hands|[spread] p2b\n|-activate|p2a: Clefairy|move: Protect\n|-supereffective|p2b: Iron Hands\n|-damage|p2b: Iron Hands|0 fnt\n|faint|p2b: Iron Hands\n|-end|p2b: Iron Hands|Quark Drive|[silent]\n|\n|-weather|none\n|upkeep\n|\n|t:|1700026392\n|switch|p2b: Volcarona|Volcarona, L50, M|100\/100\n|turn|7\n|\n|t:|1700026400\n|move|p1a: Clefairy|Helping Hand|p1b: Flutter Mane\n|-singleturn|p1b: Flutter Mane|Helping Hand|[of] p1a: Clefairy\n|move|p2a: Clefairy|Follow Me|p2a: Clefairy\n|-singleturn|p2a: Clefairy|move: Follow Me\n|move|p1b: Flutter Mane|Moonblast|p2a: Clefairy\n|-damage|p2a: Clefairy|43\/100\n|-unboost|p2a: Clefairy|spa|1\n|move|p2b: Volcarona|Quiver Dance|p2b: Volcarona\n|-boost|p2b: Volcarona|spa|1\n|-boost|p2b: Volcarona|spd|1\n|-boost|p2b: Volcarona|spe|1\n|\n|upkeep\n|turn|8\n|\n|t:|1700026418\n|move|p1a: Clefairy|Helping Hand|p1b: Flutter Mane\n|-singleturn|p1b: Flutter Mane|Helping Hand|[of] p1a: Clefairy\n|move|p2a: Clefairy|Follow Me|p2a: Clefairy\n|-singleturn|p2a: Clefairy|move: Follow Me\n|move|p1b: Flutter Mane|Moonblast|p2a: Clefairy\n|-damage|p2a: Clefairy|0 fnt\n|faint|p2a: Clefairy\n|move|p2b: Volcarona|Fiery Dance|p1b: Flutter Mane\n|-damage|p1b: Flutter Mane|57\/100\n|\n|upkeep\n|turn|9\n|\n|t:|1700026440\n|move|p1b: Flutter Mane|Moonblast|p2b: Volcarona\n|-resisted|p2b: Volcarona\n|-damage|p2b: Volcarona|85\/100\n|move|p2b: Volcarona|Quiver Dance|p2b: Volcarona\n|-boost|p2b: Volcarona|spa|1\n|-boost|p2b: Volcarona|spd|1\n|-boost|p2b: Volcarona|spe|1\n|move|p1a: Clefairy|Heal Pulse|p1b: Flutter Mane\n|-heal|p1b: Flutter Mane|100\/100\n|\n|upkeep\n|turn|10\n|\n|t:|1700026456\n|move|p1a: Clefairy|Helping Hand|p1b: Flutter Mane\n|-singleturn|p1b: Flutter Mane|Helping Hand|[of] p1a: Clefairy\n|move|p1b: Flutter Mane|Moonblast|p2b: Volcarona\n|-resisted|p2b: Volcarona\n|-damage|p2b: Volcarona|70\/100\n|move|p2b: Volcarona|Quiver Dance|p2b: Volcarona\n|-boost|p2b: Volcarona|spa|1\n|-boost|p2b: Volcarona|spd|1\n|-boost|p2b: Volcarona|spe|1\n|\n|upkeep\n|turn|11\n|\n|t:|1700026468\n|move|p1a: Clefairy|Helping Hand|p1b: Flutter Mane\n|-singleturn|p1b: Flutter Mane|Helping Hand|[of] p1a: Clefairy\n|move|p1b: Flutter Mane|Shadow Ball|p2b: Volcarona\n|-damage|p2b: Volcarona|48\/100\n|move|p2b: Volcarona|Struggle Bug|p1b: Flutter Mane|[spread] p1a,p1b\n|-resisted|p1a: Clefairy\n|-resisted|p1b: Flutter Mane\n|-damage|p1a: Clefairy|0 fnt\n|-damage|p1b: Flutter Mane|92\/100\n|-unboost|p1b: Flutter Mane|spa|1\n|faint|p1a: Clefairy\n|\n|upkeep\n|turn|12\n|-message|BananenErik forfeited.\n|\n|win|CharlienoB\n|raw|BananenErik's rating: 1186 &rarr; <strong>1154<\/strong><br \/>(-32 for losing)\n|raw|CharlienoB's rating: 1085 &rarr; <strong>1120<\/strong><br \/>(+35 for winning)\n|l|\u2606BananenErik\n","uploadtime":1700026493,"views":8,"p1id":"bananenerik","p2id":"charlienob","formatid":"gen9vgc2023regulatione","rating":1120,"private":0,"password":""}