{"id":"gen9vgc2023regulatione-1990559993","p1":"Suave Swan","p2":"intark","format":"[Gen 9] VGC 2023 Regulation E","log":"|j|\u2606Suave Swan\n|j|\u2606intark\n|t:|1699981458\n|gametype|doubles\n|player|p1|Suave Swan|2|1320\n|player|p2|intark|artist|1301\n|teamsize|p1|6\n|teamsize|p2|6\n|gen|9\n|tier|[Gen 9] VGC 2023 Regulation E\n|rated|\n|rule|Species Clause: Limit one of each Pok\u00e9mon\n|rule|Item Clause: Limit one of each item\n|clearpoke\n|poke|p1|Bellibolt, L50, F|\n|poke|p1|Toedscruel, L50, F|\n|poke|p1|Cloyster, L50, M|\n|poke|p1|Hariyama, L50, F|\n|poke|p1|Gardevoir, L50, F|\n|poke|p1|Squawkabilly, L50, M|\n|poke|p2|Hydreigon, L50, F|\n|poke|p2|Tornadus, L50, M|\n|poke|p2|Gholdengo, L50|\n|poke|p2|Arcanine-Hisui, L50, F|\n|poke|p2|Rillaboom, L50, M|\n|poke|p2|Urshifu-*, L50, M|\n|teampreview|4\nintark has agreed to open team sheets.\n|inactive|Battle timer is ON: inactive players will automatically lose when time's up. (requested by Suave Swan)\n|\n|t:|1699981521\n|start\n|switch|p1a: Toedscruel|Toedscruel, L50, F|100\/100\n|switch|p1b: Bellibolt|Bellibolt, L50, F|100\/100\n|switch|p2a: Gholdengo|Gholdengo, L50|100\/100\n|switch|p2b: Arcanine|Arcanine-Hisui, L50, F|100\/100\n|-ability|p2b: Arcanine|Intimidate|boost\n|-unboost|p1a: Toedscruel|atk|1\n|-unboost|p1b: Bellibolt|atk|1\n|turn|1\n|inactive|Suave Swan has 30 seconds left.\n|inactive|intark has 30 seconds left.\n|inactive|Suave Swan has 20 seconds left.\n|inactive|Suave Swan has 15 seconds left.\n|\n|t:|1699981563\n|switch|p2b: Rillaboom|Rillaboom, L50, M|100\/100\n|-fieldstart|move: Grassy Terrain|[from] ability: Grassy Surge|[of] p2b: Rillaboom\n|-terastallize|p1a: Toedscruel|Water\n|move|p2a: Gholdengo|Nasty Plot|p2a: Gholdengo\n|-boost|p2a: Gholdengo|spa|2\n|move|p1b: Bellibolt|Thunderbolt|p2a: Gholdengo\n|-crit|p2a: Gholdengo\n|-damage|p2a: Gholdengo|33\/100\n|-status|p2a: Gholdengo|par\n|move|p1a: Toedscruel|Spore|p2b: Rillaboom\n|-immune|p2b: Rillaboom\n|\n|-heal|p2a: Gholdengo|40\/100 par|[from] Grassy Terrain\n|-heal|p2a: Gholdengo|46\/100 par|[from] item: Leftovers\n|upkeep\n|turn|2\n|inactive|intark has 30 seconds left.\n|\n|t:|1699981589\n|switch|p1a: Squawkabilly|Squawkabilly, L50, M|100\/100\n|-ability|p1a: Squawkabilly|Intimidate|boost\n|-unboost|p2a: Gholdengo|atk|1\n|-unboost|p2b: Rillaboom|atk|1\n|-terastallize|p2a: Gholdengo|Dragon\n|move|p2b: Rillaboom|High Horsepower|p1b: Bellibolt\n|-supereffective|p1b: Bellibolt\n|-damage|p1b: Bellibolt|65\/100\n|-start|p1b: Bellibolt|Charge|High Horsepower|[from] ability: Electromorphosis\n|move|p2a: Gholdengo|Shadow Ball|p1b: Bellibolt\n|-damage|p1b: Bellibolt|2\/100\n|-start|p1b: Bellibolt|Charge|Shadow Ball|[from] ability: Electromorphosis\n|move|p1b: Bellibolt|Thunderbolt|p2a: Gholdengo\n|-resisted|p2a: Gholdengo\n|-crit|p2a: Gholdengo\n|-damage|p2a: Gholdengo|0 fnt\n|faint|p2a: Gholdengo\n|-end|p1b: Bellibolt|Charge|[silent]\n|\n|-heal|p1b: Bellibolt|8\/100|[from] Grassy Terrain\n|upkeep\n|\n|t:|1699981608\n|switch|p2a: Arcanine|Arcanine-Hisui, L50, F|100\/100\n|-ability|p2a: Arcanine|Intimidate|boost\n|-unboost|p1a: Squawkabilly|atk|1\n|-unboost|p1b: Bellibolt|atk|1\n|turn|3\n|inactive|Suave Swan has 30 seconds left.\n|\n|t:|1699981635\n|move|p2a: Arcanine|Extreme Speed|p1a: Squawkabilly\n|-damage|p1a: Squawkabilly|33\/100\n|move|p2b: Rillaboom|Grassy Glide|p1b: Bellibolt\n|-damage|p1b: Bellibolt|0 fnt\n|faint|p1b: Bellibolt\n|move|p1a: Squawkabilly|Parting Shot|p2a: Arcanine\n|-unboost|p2a: Arcanine|atk|1\n|-unboost|p2a: Arcanine|spa|1\n|\n|t:|1699981649\n|switch|p1a: Gardevoir|Gardevoir, L50, F|100\/100|[from] Parting Shot\n|\n|upkeep\n|\n|t:|1699981653\n|switch|p1b: Squawkabilly|Squawkabilly, L50, M|33\/100\n|-ability|p1b: Squawkabilly|Intimidate|boost\n|-unboost|p2a: Arcanine|atk|1\n|-unboost|p2b: Rillaboom|atk|1\n|turn|4\n|\n|t:|1699981674\n|switch|p1b: Toedscruel|Toedscruel, L50, F, tera:Water|100\/100\n|switch|p2b: Tornadus|Tornadus, L50, M|100\/100\n|move|p2a: Arcanine|Extreme Speed|p1b: Toedscruel\n|-damage|p1b: Toedscruel|83\/100\n|move|p1a: Gardevoir|Calm Mind|p1a: Gardevoir\n|-boost|p1a: Gardevoir|spa|1\n|-boost|p1a: Gardevoir|spd|1\n|\n|-heal|p1b: Toedscruel|89\/100|[from] Grassy Terrain\n|upkeep\n|turn|5\n|\n|t:|1699981697\n|switch|p2a: Rillaboom|Rillaboom, L50, M|100\/100\n|move|p2b: Tornadus|Taunt|p1b: Toedscruel\n|-start|p1b: Toedscruel|move: Taunt\n|move|p1a: Gardevoir|Calm Mind|p1a: Gardevoir\n|-boost|p1a: Gardevoir|spa|1\n|-boost|p1a: Gardevoir|spd|1\n|cant|p1b: Toedscruel|move: Taunt|Trick Room\n|\n|-heal|p1b: Toedscruel|95\/100|[from] Grassy Terrain\n|-fieldend|move: Grassy Terrain\n|upkeep\n|turn|6\n|\n|t:|1699981719\n|switch|p2b: Arcanine|Arcanine-Hisui, L50, F|100\/100\n|-ability|p2b: Arcanine|Intimidate|boost\n|-unboost|p1a: Gardevoir|atk|1\n|-unboost|p1b: Toedscruel|atk|1\n|switch|p1b: Squawkabilly|Squawkabilly, L50, M|33\/100\n|-ability|p1b: Squawkabilly|Intimidate|boost\n|-unboost|p2a: Rillaboom|atk|1\n|-unboost|p2b: Arcanine|atk|1\n|move|p2a: Rillaboom|Fake Out|p1a: Gardevoir\n|-damage|p1a: Gardevoir|92\/100\n|cant|p1a: Gardevoir|flinch\n|\n|-heal|p1a: Gardevoir|98\/100|[from] item: Leftovers\n|upkeep\n|turn|7\n|inactive|Suave Swan has 30 seconds left.\n|\n|t:|1699981745\n|switch|p1b: Toedscruel|Toedscruel, L50, F, tera:Water|95\/100\n|move|p2b: Arcanine|Rock Slide|p1b: Toedscruel|[spread] p1a,p1b\n|-damage|p1a: Gardevoir|70\/100\n|-damage|p1b: Toedscruel|69\/100\n|move|p2a: Rillaboom|Grassy Glide|p1b: Toedscruel\n|-supereffective|p1b: Toedscruel\n|-crit|p1b: Toedscruel\n|-damage|p1b: Toedscruel|0 fnt\n|faint|p1b: Toedscruel\n|move|p1a: Gardevoir|Will-O-Wisp|p2a: Rillaboom\n|-status|p2a: Rillaboom|brn\n|\n|-heal|p1a: Gardevoir|76\/100|[from] item: Leftovers\n|-damage|p2a: Rillaboom|95\/100 brn|[from] brn\n|upkeep\n|\n|t:|1699981762\n|switch|p1b: Squawkabilly|Squawkabilly, L50, M|33\/100\n|-ability|p1b: Squawkabilly|Intimidate|boost\n|-unboost|p2a: Rillaboom|atk|1\n|-unboost|p2b: Arcanine|atk|1\n|turn|8\n|\n|t:|1699981783\n|switch|p2a: Tornadus|Tornadus, L50, M|100\/100\n|move|p1b: Squawkabilly|Brave Bird|p2a: Tornadus\n|-damage|p2a: Tornadus|54\/100\n|-damage|p1b: Squawkabilly|18\/100|[from] Recoil\n|move|p2b: Arcanine|Rock Slide|p1b: Squawkabilly|[spread] p1a,p1b\n|-supereffective|p1b: Squawkabilly\n|-damage|p1a: Gardevoir|55\/100\n|-damage|p1b: Squawkabilly|0 fnt\n|faint|p1b: Squawkabilly\n|move|p1a: Gardevoir|Calm Mind|p1a: Gardevoir\n|-boost|p1a: Gardevoir|spa|1\n|-boost|p1a: Gardevoir|spd|1\n|\n|-heal|p1a: Gardevoir|61\/100|[from] item: Leftovers\n|upkeep\n|turn|9\n|\n|t:|1699981803\n|move|p1a: Gardevoir|Protect|p1a: Gardevoir\n|-singleturn|p1a: Gardevoir|Protect\n|move|p2b: Arcanine|Rock Slide|p1a: Gardevoir\n|-activate|p1a: Gardevoir|move: Protect\n|move|p2a: Tornadus|Bleakwind Storm|p1a: Gardevoir\n|-activate|p1a: Gardevoir|move: Protect\n|\n|-heal|p1a: Gardevoir|67\/100|[from] item: Leftovers\n|upkeep\n|turn|10\n|\n|t:|1699981819\n|switch|p2b: Rillaboom|Rillaboom, L50, M|95\/100 brn\n|-fieldstart|move: Grassy Terrain|[from] ability: Grassy Surge|[of] p2b: Rillaboom\n|move|p2a: Tornadus|Taunt|p1a: Gardevoir\n|-start|p1a: Gardevoir|move: Taunt\n|move|p1a: Gardevoir|Draining Kiss|p2a: Tornadus\n|-damage|p2a: Tornadus|0 fnt\n|-heal|p1a: Gardevoir|100\/100|[from] drain|[of] p2a: Tornadus\n|faint|p2a: Tornadus\n|\n|-heal|p2b: Rillaboom|100\/100 brn|[from] Grassy Terrain\n|-damage|p2b: Rillaboom|95\/100 brn|[from] brn\n|upkeep\n|\n|t:|1699981832\n|switch|p2a: Arcanine|Arcanine-Hisui, L50, F|100\/100\n|-ability|p2a: Arcanine|Intimidate|boost\n|-unboost|p1a: Gardevoir|atk|1\n|turn|11\n|\n|t:|1699981840\n|move|p2b: Rillaboom|Fake Out|p1a: Gardevoir\n|-damage|p1a: Gardevoir|94\/100\n|move|p2a: Arcanine|Flare Blitz|p1a: Gardevoir\n|-damage|p1a: Gardevoir|11\/100\n|-damage|p2a: Arcanine|73\/100|[from] Recoil\n|cant|p1a: Gardevoir|flinch\n|\n|-heal|p2a: Arcanine|79\/100|[from] Grassy Terrain\n|-heal|p2b: Rillaboom|100\/100 brn|[from] Grassy Terrain\n|-heal|p1a: Gardevoir|16\/100|[from] Grassy Terrain\n|-heal|p1a: Gardevoir|22\/100|[from] item: Leftovers\n|-damage|p2b: Rillaboom|95\/100 brn|[from] brn\n|upkeep\n|turn|12\n|\n|t:|1699981855\n|move|p2b: Rillaboom|Grassy Glide|p1a: Gardevoir\n|-damage|p1a: Gardevoir|4\/100\n|move|p2a: Arcanine|Flare Blitz|p1a: Gardevoir\n|-damage|p1a: Gardevoir|0 fnt\n|faint|p1a: Gardevoir\n|-damage|p2a: Arcanine|78\/100|[from] Recoil\n|\n|win|intark\n|raw|Suave Swan's rating: 1320 &rarr; <strong>1299<\/strong><br \/>(-21 for losing)\n|raw|intark's rating: 1301 &rarr; <strong>1322<\/strong><br \/>(+21 for winning)\n|l|\u2606Suave Swan\n","uploadtime":1699981868,"views":17,"p1id":"suaveswan","p2id":"intark","formatid":"gen9vgc2023regulatione","rating":1299,"private":0,"password":""}