{"id":"gen9vgc2023regulatione-1989889131","p1":"therealrumpleman","p2":"FAMILIARCOL","format":"[Gen 9] VGC 2023 Regulation E","log":"|j|\u2606therealrumpleman\n|j|\u2606FAMILIARCOL\n|t:|1699904165\n|gametype|doubles\n|player|p1|therealrumpleman|koga|1479\n|player|p2|FAMILIARCOL|pokemonranger-gen4|1510\n|teamsize|p1|6\n|teamsize|p2|6\n|gen|9\n|tier|[Gen 9] VGC 2023 Regulation E\n|rated|\n|rule|Species Clause: Limit one of each Pok\u00e9mon\n|rule|Item Clause: Limit one of each item\n|clearpoke\n|poke|p1|Ogerpon-Wellspring, L50, F|\n|poke|p1|Landorus, L50, M|\n|poke|p1|Arcanine-Hisui, L50, F|\n|poke|p1|Roaring Moon, L50|\n|poke|p1|Flutter Mane, L50|\n|poke|p1|Iron Hands, L50|\n|poke|p2|Urshifu-*, L50, F|\n|poke|p2|Flutter Mane, L50|\n|poke|p2|Chi-Yu, L50|\n|poke|p2|Dragonite, L50, F|\n|poke|p2|Tornadus, L50, M|\n|poke|p2|Sinistcha, L50|\n|teampreview|4\n|inactive|Battle timer is ON: inactive players will automatically lose when time's up. (requested by FAMILIARCOL)\ntherealrumpleman has agreed to open team sheets.\nFAMILIARCOL has agreed to open team sheets.\n|inactive|therealrumpleman has 30 seconds left.\n|inactive|therealrumpleman has 20 seconds left.\n|inactive|therealrumpleman has 15 seconds left.\n|inactive|therealrumpleman has 10 seconds left.\n|\n|t:|1699904227\n|start\n|switch|p1a: Roaring Moon|Roaring Moon, L50|100\/100\n|switch|p1b: Iron Hands|Iron Hands, L50|100\/100\n|switch|p2a: Flutter Mane|Flutter Mane, L50, shiny|100\/100\n|switch|p2b: Tornadus|Tornadus, L50, M|100\/100\n|-enditem|p1a: Roaring Moon|Booster Energy\n|-activate|p1a: Roaring Moon|ability: Protosynthesis|[fromitem]\n|-start|p1a: Roaring Moon|protosynthesisspe\n|turn|1\n|\n|t:|1699904247\n|-terastallize|p2a: Flutter Mane|Fairy\n|-terastallize|p1b: Iron Hands|Grass\n|move|p1a: Roaring Moon|Protect|p1a: Roaring Moon\n|-singleturn|p1a: Roaring Moon|Protect\n|move|p2b: Tornadus|Tailwind|p2b: Tornadus\n|-sidestart|p2: FAMILIARCOL|move: Tailwind\n|move|p2a: Flutter Mane|Dazzling Gleam|p1a: Roaring Moon|[spread] p1b\n|-activate|p1a: Roaring Moon|move: Protect\n|-damage|p1b: Iron Hands|67\/100\n|move|p1b: Iron Hands|Heavy Slam|p2a: Flutter Mane\n|-supereffective|p2a: Flutter Mane\n|-damage|p2a: Flutter Mane|0 fnt\n|faint|p2a: Flutter Mane\n|-end|p2a: Flutter Mane|Protosynthesis|[silent]\n|\n|upkeep\n|\n|t:|1699904265\n|switch|p2a: Chi-Yu|Chi-Yu, L50|100\/100\n|-ability|p2a: Chi-Yu|Beads of Ruin\n|turn|2\n|\n|t:|1699904276\n|-end|p1b: Iron Hands|Quark Drive|[silent]\n|switch|p1b: Arcanine|Arcanine-Hisui, L50, F|100\/100\n|-ability|p1b: Arcanine|Intimidate|boost\n|-unboost|p2a: Chi-Yu|atk|1\n|-unboost|p2b: Tornadus|atk|1\n|move|p2b: Tornadus|Bleakwind Storm|p1b: Arcanine|[spread] p1a\n|-miss|p2b: Tornadus|p1b: Arcanine\n|-damage|p1a: Roaring Moon|56\/100\n|move|p2a: Chi-Yu|Heat Wave|p1b: Arcanine|[spread] p1a,p1b\n|-resisted|p1a: Roaring Moon\n|-resisted|p1b: Arcanine\n|-damage|p1a: Roaring Moon|30\/100\n|-damage|p1b: Arcanine|83\/100\n|move|p1a: Roaring Moon|Acrobatics|p2a: Chi-Yu\n|-damage|p2a: Chi-Yu|40\/100\n|-enditem|p2a: Chi-Yu|Sitrus Berry|[eat]\n|-heal|p2a: Chi-Yu|65\/100|[from] item: Sitrus Berry\n|\n|upkeep\n|turn|3\n|inactive|therealrumpleman has 30 seconds left.\n|\n|t:|1699904306\n|move|p1a: Roaring Moon|Protect|p1a: Roaring Moon\n|-singleturn|p1a: Roaring Moon|Protect\n|move|p1b: Arcanine|Extreme Speed|p2a: Chi-Yu\n|-damage|p2a: Chi-Yu|0 fnt\n|faint|p2a: Chi-Yu\n|move|p2b: Tornadus|Bleakwind Storm|p1a: Roaring Moon|[spread] p1b\n|-activate|p1a: Roaring Moon|move: Protect\n|-resisted|p1b: Arcanine\n|-damage|p1b: Arcanine|64\/100\n|\n|upkeep\n|\n|t:|1699904317\n|switch|p2a: Dragonite|Dragonite, L50, F, shiny|100\/100\n|turn|4\n|\n|t:|1699904336\n|move|p1b: Arcanine|Extreme Speed|p2b: Tornadus\n|-damage|p2b: Tornadus|48\/100\n|move|p2b: Tornadus|Bleakwind Storm|p1b: Arcanine|[spread] p1a\n|-miss|p2b: Tornadus|p1b: Arcanine\n|-damage|p1a: Roaring Moon|0 fnt\n|faint|p1a: Roaring Moon\n|-end|p1a: Roaring Moon|Protosynthesis|[silent]\n|move|p2a: Dragonite|Dragon Dance|p2a: Dragonite\n|-boost|p2a: Dragonite|atk|1\n|-boost|p2a: Dragonite|spe|1\n|\n|-sideend|p2: FAMILIARCOL|move: Tailwind\n|upkeep\n|\n|t:|1699904351\n|switch|p1a: Iron Hands|Iron Hands, L50, tera:Grass|67\/100\n|turn|5\n|\n|t:|1699904365\n|move|p1a: Iron Hands|Fake Out|p2a: Dragonite\n|-damage|p2a: Dragonite|93\/100\n|move|p1b: Arcanine|Extreme Speed|p2b: Tornadus\n|-damage|p2b: Tornadus|0 fnt\n|faint|p2b: Tornadus\n|cant|p2a: Dragonite|flinch\n|\n|upkeep\n|turn|6\n|\n|t:|1699904381\n|move|p1b: Arcanine|Extreme Speed|p2a: Dragonite\n|-damage|p2a: Dragonite|55\/100\n|move|p2a: Dragonite|Stomping Tantrum|p1b: Arcanine\n|-supereffective|p1b: Arcanine\n|-damage|p1b: Arcanine|0 fnt\n|faint|p1b: Arcanine\n|move|p1a: Iron Hands|Wild Charge|p2a: Dragonite\n|-damage|p2a: Dragonite|7\/100\n|-damage|p1a: Iron Hands|57\/100|[from] Recoil\n|\n|upkeep\n|\n|t:|1699904386\n|switch|p1b: Ogerpon|Ogerpon-Wellspring, L50, F|100\/100\n|turn|7\n|\n|t:|1699904394\n|move|p2a: Dragonite|Aerial Ace|p1a: Iron Hands\n|-supereffective|p1a: Iron Hands\n|-damage|p1a: Iron Hands|0 fnt\n|faint|p1a: Iron Hands\n|-end|p1a: Iron Hands|Quark Drive|[silent]\n|move|p1b: Ogerpon|Ivy Cudgel|p2a: Dragonite\n|-resisted|p2a: Dragonite\n|-damage|p2a: Dragonite|0 fnt\n|faint|p2a: Dragonite\n|\n|win|therealrumpleman\n|raw|therealrumpleman's rating: 1479 &rarr; <strong>1501<\/strong><br \/>(+22 for winning)\n|raw|FAMILIARCOL's rating: 1510 &rarr; <strong>1488<\/strong><br \/>(-22 for losing)\n|c|\u2606therealrumpleman|gg wp\n","uploadtime":1699904401,"views":14,"p1id":"therealrumpleman","p2id":"familiarcol","formatid":"gen9vgc2023regulatione","rating":1488,"private":0,"password":""}