{"id":"gen9vgc2023regulatione-2000122928","p1":"SpoupSpoup","p2":"xingshen","format":"[Gen 9] VGC 2023 Regulation E","log":"|j|\u2606SpoupSpoup\n|j|\u2606xingshen\n|t:|1701158950\n|gametype|doubles\n|player|p1|SpoupSpoup|winona|1308\n|player|p2|xingshen|101|1324\n|teamsize|p1|6\n|teamsize|p2|6\n|gen|9\n|tier|[Gen 9] VGC 2023 Regulation E\n|rated|\n|rule|Species Clause: Limit one of each Pok\u00e9mon\n|rule|Item Clause: Limit one of each item\n|clearpoke\n|poke|p1|Landorus, L50, M|\n|poke|p1|Tyranitar, L50, M|\n|poke|p1|Flutter Mane, L50|\n|poke|p1|Infernape, L50, M|\n|poke|p1|Iron Bundle, L50|\n|poke|p1|Indeedee-F, L50, F|\n|poke|p2|Indeedee-F, L50, F|\n|poke|p2|Sneasler, L50, F|\n|poke|p2|Salamence, L50, M|\n|poke|p2|Gholdengo, L50|\n|poke|p2|Ogerpon-Wellspring, L50, F|\n|poke|p2|Urshifu-*, L50, F|\n|teampreview|4\n|\n|t:|1701158997\n|start\n|switch|p1a: Iron Bundle|Iron Bundle, L50|100\/100\n|switch|p1b: Tyranitar|Tyranitar, L50, M|100\/100\n|switch|p2a: Indeedee|Indeedee-F, L50, F|100\/100\n|switch|p2b: Sneasler|Sneasler, L50, F|100\/100\n|-fieldstart|move: Psychic Terrain|[from] ability: Psychic Surge|[of] p2a: Indeedee\n|-enditem|p2b: Sneasler|Psychic Seed\n|-boost|p2b: Sneasler|spd|1|[from] item: Psychic Seed\n|-weather|Sandstorm|[from] ability: Sand Stream|[of] p1b: Tyranitar\n|-enditem|p1a: Iron Bundle|Booster Energy\n|-activate|p1a: Iron Bundle|ability: Quark Drive|[fromitem]\n|-start|p1a: Iron Bundle|quarkdrivespe\n|turn|1\n|\n|t:|1701159038\n|switch|p1b: Flutter Mane|Flutter Mane, L50|100\/100\n|-terastallize|p1a: Iron Bundle|Ghost\n|move|p2a: Indeedee|Follow Me|p2a: Indeedee\n|-singleturn|p2a: Indeedee|move: Follow Me\n|move|p2b: Sneasler|Dire Claw|p1a: Iron Bundle\n|-resisted|p1a: Iron Bundle\n|-damage|p1a: Iron Bundle|73\/100\n|-status|p1a: Iron Bundle|slp\n|cant|p1a: Iron Bundle|slp\n|\n|-weather|Sandstorm|[upkeep]\n|-damage|p2b: Sneasler|95\/100|[from] Sandstorm\n|-damage|p1a: Iron Bundle|67\/100 slp|[from] Sandstorm\n|-damage|p1b: Flutter Mane|94\/100|[from] Sandstorm\n|-damage|p2a: Indeedee|94\/100|[from] Sandstorm\n|upkeep\n|turn|2\n|\n|t:|1701159064\n|-end|p1b: Flutter Mane|Protosynthesis|[silent]\n|switch|p1b: Landorus|Landorus, L50, M, shiny|100\/100\n|move|p2a: Indeedee|Helping Hand|p2b: Sneasler\n|-singleturn|p2b: Sneasler|Helping Hand|[of] p2a: Indeedee\n|move|p2b: Sneasler|Dire Claw|p1b: Landorus\n|-resisted|p1b: Landorus\n|-damage|p1b: Landorus|68\/100\n|-status|p1b: Landorus|psn\n|cant|p1a: Iron Bundle|slp\n|\n|-weather|Sandstorm|[upkeep]\n|-damage|p2b: Sneasler|89\/100|[from] Sandstorm\n|-damage|p1a: Iron Bundle|61\/100 slp|[from] Sandstorm\n|-damage|p2a: Indeedee|88\/100|[from] Sandstorm\n|-damage|p1b: Landorus|55\/100 psn|[from] psn\n|upkeep\n|turn|3\n|\n|t:|1701159090\n|move|p2a: Indeedee|Helping Hand|p2b: Sneasler\n|-singleturn|p2b: Sneasler|Helping Hand|[of] p2a: Indeedee\n|move|p1b: Landorus|Protect|p1b: Landorus\n|-singleturn|p1b: Landorus|Protect\n|move|p2b: Sneasler|Acrobatics|p1b: Landorus\n|-activate|p1b: Landorus|move: Protect\n|-curestatus|p1a: Iron Bundle|slp|[msg]\n|move|p1a: Iron Bundle|Hydro Pump|p2b: Sneasler\n|-damage|p2b: Sneasler|42\/100\n|\n|-weather|Sandstorm|[upkeep]\n|-damage|p2b: Sneasler|36\/100|[from] Sandstorm\n|-damage|p1a: Iron Bundle|55\/100|[from] Sandstorm\n|-damage|p2a: Indeedee|82\/100|[from] Sandstorm\n|-damage|p1b: Landorus|43\/100 psn|[from] psn\n|upkeep\n|turn|4\n|\n|t:|1701159118\n|move|p2a: Indeedee|Follow Me|p2a: Indeedee\n|-singleturn|p2a: Indeedee|move: Follow Me\n|move|p2b: Sneasler|Acrobatics|p1b: Landorus\n|-damage|p1b: Landorus|0 fnt\n|faint|p1b: Landorus\n|move|p1a: Iron Bundle|Hydro Pump|p2a: Indeedee\n|-damage|p2a: Indeedee|30\/100\n|\n|-weather|Sandstorm|[upkeep]\n|-damage|p2b: Sneasler|30\/100|[from] Sandstorm\n|-damage|p1a: Iron Bundle|49\/100|[from] Sandstorm\n|-damage|p2a: Indeedee|24\/100|[from] Sandstorm\n|-enditem|p2a: Indeedee|Aguav Berry|[eat]\n|-heal|p2a: Indeedee|58\/100|[from] item: Aguav Berry\n|upkeep\n|\n|t:|1701159130\n|switch|p1b: Flutter Mane|Flutter Mane, L50|94\/100\n|turn|5\n|\n|t:|1701159145\n|-end|p1b: Flutter Mane|Protosynthesis|[silent]\n|switch|p1b: Tyranitar|Tyranitar, L50, M|100\/100\n|move|p2a: Indeedee|Follow Me|p2a: Indeedee\n|-singleturn|p2a: Indeedee|move: Follow Me\n|move|p2b: Sneasler|Dire Claw|p1b: Tyranitar\n|-resisted|p1b: Tyranitar\n|-damage|p1b: Tyranitar|82\/100\n|-status|p1b: Tyranitar|par\n|move|p1a: Iron Bundle|Icy Wind|p2a: Indeedee|[spread] p2a,p2b\n|-crit|p2a: Indeedee\n|-damage|p2a: Indeedee|26\/100\n|-damage|p2b: Sneasler|12\/100\n|-unboost|p2a: Indeedee|spe|1\n|-unboost|p2b: Sneasler|spe|1\n|\n|-weather|none\n|-fieldend|move: Psychic Terrain\n|upkeep\n|turn|6\n|\n|t:|1701159181\n|switch|p1b: Flutter Mane|Flutter Mane, L50|94\/100\n|move|p2a: Indeedee|Helping Hand|p2b: Sneasler\n|-singleturn|p2b: Sneasler|Helping Hand|[of] p2a: Indeedee\n|move|p1a: Iron Bundle|Icy Wind|p2a: Indeedee|[spread] p2a,p2b\n|-damage|p2a: Indeedee|6\/100\n|-damage|p2b: Sneasler|0 fnt\n|-unboost|p2a: Indeedee|spe|1\n|faint|p2b: Sneasler\n|\n|upkeep\n|\n|t:|1701159194\n|switch|p2b: Urshifu|Urshifu-Rapid-Strike, L50, F|100\/100\n|turn|7\n|\n|t:|1701159205\n|-terastallize|p2b: Urshifu|Water\n|move|p2a: Indeedee|Follow Me|p2a: Indeedee\n|-singleturn|p2a: Indeedee|move: Follow Me\n|move|p1a: Iron Bundle|Freeze-Dry|p2a: Indeedee\n|-damage|p2a: Indeedee|0 fnt\n|faint|p2a: Indeedee\n|move|p2b: Urshifu|Surging Strikes|p1a: Iron Bundle\n|-crit|p1a: Iron Bundle\n|-damage|p1a: Iron Bundle|13\/100\n|-crit|p1a: Iron Bundle\n|-damage|p1a: Iron Bundle|0 fnt\n|faint|p1a: Iron Bundle\n|-end|p1a: Iron Bundle|Quark Drive|[silent]\n|-hitcount|p1: Iron Bundle|2\n|move|p1b: Flutter Mane|Dazzling Gleam|p2b: Urshifu\n|-damage|p2b: Urshifu|0 fnt\n|faint|p2b: Urshifu\n|\n|upkeep\n|\n|t:|1701159225\n|switch|p1a: Tyranitar|Tyranitar, L50, M|82\/100 par\n|switch|p2a: Salamence|Salamence, L50, M|100\/100\n|-ability|p2a: Salamence|Intimidate|boost\n|-unboost|p1a: Tyranitar|atk|1\n|-unboost|p1b: Flutter Mane|atk|1\n|-weather|Sandstorm|[from] ability: Sand Stream|[of] p1a: Tyranitar\n|turn|8\n|c|\u2606SpoupSpoup|you have a win con, good luck\n|inactive|Battle timer is ON: inactive players will automatically lose when time's up. (requested by SpoupSpoup)\n|inactive|xingshen has 60 seconds left.\n|inactive|xingshen has 30 seconds left.\n|inactive|xingshen has 20 seconds left.\n|inactive|xingshen has 15 seconds left.\n|inactive|xingshen has 10 seconds left.\n|inactive|xingshen has 5 seconds left.\n|\n|t:|1701159484\n|move|p1b: Flutter Mane|Dazzling Gleam|p2a: Salamence\n|-supereffective|p2a: Salamence\n|-damage|p2a: Salamence|0 fnt\n|faint|p2a: Salamence\n|\n|win|SpoupSpoup\n|raw|SpoupSpoup's rating: 1308 &rarr; <strong>1329<\/strong><br \/>(+21 for winning)\n|raw|xingshen's rating: 1324 &rarr; <strong>1303<\/strong><br \/>(-21 for losing)\n|l|\u2606xingshen\n","uploadtime":1701159523,"views":16,"p1id":"spoupspoup","p2id":"xingshen","formatid":"gen9vgc2023regulatione","rating":1303,"private":0,"password":""}