{"id":"gen9vgc2023regulatione-1993624281","p1":"Drookez","p2":"SnoaeCone","format":"[Gen 9] VGC 2023 Regulation E","log":"|j|\u2606Drookez\n|j|\u2606SnoaeCone\n|n|\u2606Drookez|drookez\n|n|\u2606SnoaeCone|snoaecone\n|html|View the match progress at <a href=\"\/game-bestof3-gen9vgc2023regulatione-1993617200\">game-bestof3-gen9vgc2023regulatione-1993617200<\/a>\n|t:|1700338737\n|gametype|doubles\n|player|p1|Drookez|whitney|\n|player|p2|SnoaeCone|caitlin|\n|teamsize|p1|6\n|teamsize|p2|6\n|gen|9\n|tier|[Gen 9] VGC 2023 Regulation E\n|rule|Species Clause: Limit one of each Pok\u00e9mon\n|rule|Item Clause: Limit one of each item\n|clearpoke\n|poke|p1|Clefairy, L50, F|\n|poke|p1|Kommo-o, L50, F|\n|poke|p1|Milotic, L50, F|\n|poke|p1|Arcanine-Hisui, L50, M|\n|poke|p1|Sinistcha, L50|\n|poke|p1|Snorlax, L50, F|\n|poke|p2|Ninetales-Alola, L50, F|\n|poke|p2|Sinistcha-Masterpiece, L50|\n|poke|p2|Armarouge, L50, F|\n|poke|p2|Indeedee-F, L50, F|\n|poke|p2|Baxcalibur, L50, F|\n|poke|p2|Fezandipiti, L50, M|\n|teampreview|4\nSnoaeCone has agreed to open team sheets.\nDrookez has agreed to open team sheets.\n|showteam|p1|Clefairy||Eviolite|FriendGuard|DazzlingGleam,IcyWind,HelpingHand,FollowMe|||F|||50|,,,,,Dark]Kommo-o||ThroatSpray|Soundproof|ClangorousSoul,ClangingScales,FlashCannon,Protect|||F|||50|,,,,,Steel]Milotic||Leftovers|Competitive|Scald,IceBeam,IcyWind,Protect|||F|||50|,,,,,Steel]Arcanine-Hisui||SitrusBerry|Intimidate|FlareBlitz,RockSlide,ExtremeSpeed,Protect|||M|||50|,,,,,Normal]Sinistcha||RockyHelmet|Hospitality|MatchaGotcha,StrengthSap,RagePowder,Protect||||||50|,,,,,Fire]Snorlax||AssaultVest|ThickFat|Facade,HeavySlam,IcePunch,HighHorsepower|||F|||50|,,,,,Ghost\n|showteam|p2|Ninetales-Alola||LightClay|SnowWarning|AuroraVeil,Blizzard,Encore,Moonblast|||F|||50|,,,,,Water]Sinistcha-Masterpiece||Leftovers|Hospitality|MatchaGotcha,RagePowder,TrickRoom,StrengthSap||||||50|,,,,,Steel]Armarouge||LifeOrb|FlashFire|ExpandingForce,ArmorCannon,TrickRoom,Protect|||F|||50|,,,,,Grass]Indeedee-F||PsychicSeed|PsychicSurge|FollowMe,HelpingHand,TrickRoom,DazzlingGleam|||F|||50|,,,,,Fairy]Baxcalibur||LoadedDice|ThermalExchange|IcicleSpear,ScaleShot,SwordsDance,Protect|||F|||50|,,,,,Fairy]Fezandipiti||CovertCloak|ToxicChain|IcyWind,DazzlingGleam,Venoshock,Tailwind|||M|||50|,,,,,Flying\n|\n|t:|1700338771\n|start\n|switch|p1a: Evermore|Arcanine-Hisui, L50, M|100\/100\n|switch|p1b: Lover|Clefairy, L50, F|100\/100\n|switch|p2a: Yuki|Ninetales-Alola, L50, F, shiny|100\/100\n|switch|p2b: Baxcalibur|Baxcalibur, L50, F|100\/100\n|-weather|Snow|[from] ability: Snow Warning|[of] p2a: Yuki\n|-ability|p1a: Evermore|Intimidate|boost\n|-unboost|p2a: Yuki|atk|1\n|-unboost|p2b: Baxcalibur|atk|1\n|turn|1\n|\n|t:|1700338799\n|move|p1b: Lover|Helping Hand|p1a: Evermore\n|-singleturn|p1a: Evermore|Helping Hand|[of] p1b: Lover\n|move|p2b: Baxcalibur|Protect|p2b: Baxcalibur\n|-singleturn|p2b: Baxcalibur|Protect\n|move|p2a: Yuki|Aurora Veil|p2a: Yuki\n|-sidestart|p2: SnoaeCone|move: Aurora Veil\n|move|p1a: Evermore|Flare Blitz|p2b: Baxcalibur\n|-activate|p2b: Baxcalibur|move: Protect\n|\n|-weather|Snow|[upkeep]\n|upkeep\n|turn|2\n|\n|t:|1700338827\n|switch|p2b: Armarouge|Armarouge, L50, F|100\/100\n|move|p1b: Lover|Helping Hand|p1a: Evermore\n|-singleturn|p1a: Evermore|Helping Hand|[of] p1b: Lover\n|move|p2a: Yuki|Moonblast|p1a: Evermore\n|-resisted|p1a: Evermore\n|-damage|p1a: Evermore|88\/100\n|move|p1a: Evermore|Flare Blitz|p2b: Armarouge\n|-start|p2b: Armarouge|ability: Flash Fire\n|\n|-weather|Snow|[upkeep]\n|upkeep\n|turn|3\n|\n|t:|1700338856\n|switch|p2a: Cuppa|Sinistcha-Masterpiece, L50|100\/100\n|switch|p1a: Debut|Snorlax, L50, F|100\/100\n|move|p2b: Armarouge|Protect|p2b: Armarouge\n|-singleturn|p2b: Armarouge|Protect\n|move|p1b: Lover|Dazzling Gleam|p2b: Armarouge|[spread] p2a\n|-activate|p2b: Armarouge|move: Protect\n|-damage|p2a: Cuppa|90\/100\n|\n|-weather|Snow|[upkeep]\n|-heal|p2a: Cuppa|96\/100|[from] item: Leftovers\n|upkeep\n|turn|4\n|j| CyborgPigeon\n|\n|t:|1700338883\n|move|p1b: Lover|Helping Hand|p1a: Debut\n|-singleturn|p1a: Debut|Helping Hand|[of] p1b: Lover\n|move|p2a: Cuppa|Rage Powder|p2a: Cuppa\n|-singleturn|p2a: Cuppa|move: Rage Powder\n|move|p2b: Armarouge|Armor Cannon|p1b: Lover\n|-damage|p1b: Lover|0 fnt\n|-unboost|p2b: Armarouge|def|1\n|-unboost|p2b: Armarouge|spd|1\n|faint|p1b: Lover\n|-damage|p2b: Armarouge|91\/100|[from] item: Life Orb\n|move|p1a: Debut|Ice Punch|p2a: Cuppa\n|-supereffective|p2a: Cuppa\n|-damage|p2a: Cuppa|60\/100\n|\n|-weather|Snow|[upkeep]\n|-heal|p2a: Cuppa|66\/100|[from] item: Leftovers\n|upkeep\n|\n|t:|1700338897\n|switch|p1b: Evermore|Arcanine-Hisui, L50, M|88\/100\n|-ability|p1b: Evermore|Intimidate|boost\n|-unboost|p2a: Cuppa|atk|1\n|-unboost|p2b: Armarouge|atk|1\n|turn|5\n|\n|t:|1700338915\n|switch|p2a: Yuki|Ninetales-Alola, L50, F, shiny|100\/100\n|move|p2b: Armarouge|Protect|p2b: Armarouge\n|-singleturn|p2b: Armarouge|Protect\n|move|p1b: Evermore|Flare Blitz|p2a: Yuki\n|-supereffective|p2a: Yuki\n|-damage|p2a: Yuki|31\/100\n|-damage|p1b: Evermore|66\/100|[from] Recoil\n|move|p1a: Debut|High Horsepower|p2b: Armarouge\n|-activate|p2b: Armarouge|move: Protect\n|\n|-weather|none\n|upkeep\n|turn|6\n|\n|t:|1700338958\n|-terastallize|p2b: Armarouge|Grass\n|move|p2a: Yuki|Moonblast|p1a: Debut\n|-damage|p1a: Debut|88\/100\n|move|p1b: Evermore|Rock Slide|p2a: Yuki|[spread] p2b\n|-miss|p1b: Evermore|p2a: Yuki\n|-damage|p2b: Armarouge|62\/100\n|move|p2b: Armarouge|Expanding Force|p1b: Evermore\n|-damage|p1b: Evermore|0 fnt\n|faint|p1b: Evermore\n|-damage|p2b: Armarouge|52\/100|[from] item: Life Orb\n|move|p1a: Debut|Facade|p2b: Armarouge\n|-damage|p2b: Armarouge|19\/100\n|\n|upkeep\n|\n|t:|1700338972\n|switch|p1b: Folklore|Kommo-o, L50, F|100\/100\n|turn|7\n|\n|t:|1700339010\n|move|p1b: Folklore|Protect|p1b: Folklore\n|-singleturn|p1b: Folklore|Protect\n|move|p2b: Armarouge|Protect|p2b: Armarouge\n|-singleturn|p2b: Armarouge|Protect\n|move|p2a: Yuki|Moonblast|p1b: Folklore\n|-activate|p1b: Folklore|move: Protect\n|move|p1a: Debut|Facade|p2b: Armarouge\n|-activate|p2b: Armarouge|move: Protect\n|\n|upkeep\n|turn|8\n|\n|t:|1700339036\n|-terastallize|p1b: Folklore|Steel\n|move|p2a: Yuki|Moonblast|p1b: Folklore\n|-resisted|p1b: Folklore\n|-damage|p1b: Folklore|87\/100\n|move|p1b: Folklore|Clangorous Soul|p1b: Folklore\n|-boost|p1b: Folklore|atk|1\n|-boost|p1b: Folklore|def|1\n|-boost|p1b: Folklore|spa|1\n|-boost|p1b: Folklore|spd|1\n|-boost|p1b: Folklore|spe|1\n|-damage|p1b: Folklore|54\/100\n|-enditem|p1b: Folklore|Throat Spray\n|-boost|p1b: Folklore|spa|1|[from] item: Throat Spray\n|move|p2b: Armarouge|Armor Cannon|p1a: Debut\n|-damage|p1a: Debut|60\/100\n|-unboost|p2b: Armarouge|def|1\n|-unboost|p2b: Armarouge|spd|1\n|-damage|p2b: Armarouge|9\/100|[from] item: Life Orb\n|move|p1a: Debut|Facade|p2b: Armarouge\n|-damage|p2b: Armarouge|0 fnt\n|faint|p2b: Armarouge\n|\n|-sideend|p2: SnoaeCone|move: Aurora Veil\n|upkeep\n|\n|t:|1700339062\n|switch|p2b: Cuppa|Sinistcha-Masterpiece, L50|66\/100\n|-heal|p2a: Yuki|56\/100|[from] ability: Hospitality|[of] p2b: Cuppa\n|turn|9\n|\n|t:|1700339076\n|move|p2b: Cuppa|Rage Powder|p2b: Cuppa\n|-singleturn|p2b: Cuppa|move: Rage Powder\n|move|p1b: Folklore|Clanging Scales|p2b: Cuppa|[spread] p2b\n|-immune|p2a: Yuki\n|-damage|p2b: Cuppa|0 fnt\n|faint|p2b: Cuppa\n|-unboost|p1b: Folklore|def|1\n|move|p2a: Yuki|Encore|p1b: Folklore\n|-start|p1b: Folklore|Encore\n|move|p1a: Debut|Heavy Slam|p2a: Yuki\n|-supereffective|p2a: Yuki\n|-damage|p2a: Yuki|0 fnt\n|faint|p2a: Yuki\n|\n|upkeep\n|\n|t:|1700339090\n|switch|p2a: Baxcalibur|Baxcalibur, L50, F|100\/100\n|turn|10\n|c|\u2606SnoaeCone|gg\n|\n|t:|1700339103\n|move|p1b: Folklore|Clanging Scales|p2a: Baxcalibur\n|-supereffective|p2a: Baxcalibur\n|-damage|p2a: Baxcalibur|0 fnt\n|faint|p2a: Baxcalibur\n|\n|win|Drookez\n|c|\u2606Drookez|gg\n","uploadtime":1700339155,"views":9,"p1id":"drookez","p2id":"snoaecone","formatid":"gen9vgc2023regulatione","rating":0,"private":0,"password":""}