{"id":"gen9vgc2023regulatione-1993075052","p1":"BigBusted","p2":"luk29powavgcwp","format":"[Gen 9] VGC 2023 Regulation E","log":"|j|\u2606BigBusted\n|j|\u2606luk29powavgcwp\n|t:|1700261897\n|gametype|doubles\n|player|p1|BigBusted|unknown|1103\n|player|p2|luk29powavgcwp|102|1147\n|teamsize|p1|6\n|teamsize|p2|6\n|gen|9\n|tier|[Gen 9] VGC 2023 Regulation E\n|rated|\n|rule|Species Clause: Limit one of each Pok\u00e9mon\n|rule|Item Clause: Limit one of each item\n|clearpoke\n|poke|p1|Okidogi, L50, M|\n|poke|p1|Flutter Mane, L50|\n|poke|p1|Landorus-Therian, L50, M|\n|poke|p1|Zapdos, L50|\n|poke|p1|Tornadus, L50, M|\n|poke|p1|Gyarados, L50, M|\n|poke|p2|Weezing, L50, F|\n|poke|p2|Slaking, L50, M|\n|poke|p2|Sinistcha-Masterpiece, L50|\n|poke|p2|Dragonite, L50, M|\n|poke|p2|Landorus-Therian, L50, M|\n|poke|p2|Chien-Pao, L50|\n|teampreview|4\n|inactive|Battle timer is ON: inactive players will automatically lose when time's up. (requested by BigBusted)\n|inactive|luk29powavgcwp has 60 seconds left.\n|inactive|luk29powavgcwp has 30 seconds left.\n|inactive|luk29powavgcwp has 20 seconds left.\n|\n|t:|1700261975\n|start\n|switch|p1a: Landorus|Landorus-Therian, L50, M|100\/100\n|switch|p1b: Gyarados|Gyarados, L50, M|100\/100\n|switch|p2a: Landorus|Landorus-Therian, L50, M|100\/100\n|switch|p2b: Weezing|Weezing, L50, F|100\/100\n|-ability|p2b: Weezing|Neutralizing Gas\n|turn|1\n|inactive|luk29powavgcwp has 30 seconds left.\n|inactive|luk29powavgcwp has 20 seconds left.\n|inactive|luk29powavgcwp has 15 seconds left.\n|\n|t:|1700262020\n|move|p1b: Gyarados|Protect|p1b: Gyarados\n|-singleturn|p1b: Gyarados|Protect\n|move|p2a: Landorus|Rock Slide|p1a: Landorus|[spread] p1a\n|-activate|p1b: Gyarados|move: Protect\n|-damage|p1a: Landorus|76\/100\n|move|p1a: Landorus|Swords Dance|p1a: Landorus\n|-boost|p1a: Landorus|atk|2\n|move|p2b: Weezing|Will-O-Wisp|p1a: Landorus\n|-status|p1a: Landorus|brn\n|-enditem|p1a: Landorus|Lum Berry|[eat]\n|-curestatus|p1a: Landorus|brn|[msg]\n|\n|upkeep\n|turn|2\n|inactive|luk29powavgcwp has 30 seconds left.\n|\n|t:|1700262048\n|move|p1a: Landorus|Protect|p1a: Landorus\n|-singleturn|p1a: Landorus|Protect\n|move|p2b: Weezing|Protect|p2b: Weezing\n|-singleturn|p2b: Weezing|Protect\n|move|p2a: Landorus|Rock Slide|p1b: Gyarados|[spread] p1b\n|-activate|p1a: Landorus|move: Protect\n|-supereffective|p1b: Gyarados\n|-damage|p1b: Gyarados|50\/100\n|-enditem|p1b: Gyarados|Sitrus Berry|[eat]\n|-heal|p1b: Gyarados|75\/100|[from] item: Sitrus Berry\n|move|p1b: Gyarados|Dragon Dance|p1b: Gyarados\n|-boost|p1b: Gyarados|atk|1\n|-boost|p1b: Gyarados|spe|1\n|\n|upkeep\n|turn|3\n|inactive|luk29powavgcwp has 30 seconds left.\n|\n|t:|1700262073\n|-end|p2b: Weezing|ability: Neutralizing Gas\n|-ability|p2a: Landorus|Intimidate|boost\n|-unboost|p1a: Landorus|atk|1\n|-unboost|p1b: Gyarados|atk|1\n|-ability|p1b: Gyarados|Intimidate|boost\n|-unboost|p2a: Landorus|atk|1\n|-unboost|p2b: Weezing|atk|1\n|-ability|p1a: Landorus|Intimidate|boost\n|-unboost|p2a: Landorus|atk|1\n|-unboost|p2b: Weezing|atk|1\n|switch|p2b: Chien-Pao|Chien-Pao, L50|100\/100\n|-ability|p2b: Chien-Pao|Sword of Ruin\n|move|p2a: Landorus|Rock Slide|p1a: Landorus|[spread] p1a,p1b\n|-supereffective|p1b: Gyarados\n|-damage|p1a: Landorus|61\/100\n|-damage|p1b: Gyarados|47\/100\n|move|p1b: Gyarados|Waterfall|p2b: Chien-Pao\n|-damage|p2b: Chien-Pao|38\/100\n|move|p1a: Landorus|Earthquake|p2a: Landorus|[spread] p2b\n|-immune|p1b: Gyarados\n|-immune|p2a: Landorus\n|-damage|p2b: Chien-Pao|0 fnt\n|faint|p2b: Chien-Pao\n|\n|upkeep\n|inactive|luk29powavgcwp has 30 seconds left.\n|\n|t:|1700262098\n|switch|p2b: Dragonite|Dragonite, L50, M|100\/100\n|turn|4\n|inactive|luk29powavgcwp has 30 seconds left.\n|\n|t:|1700262132\n|-terastallize|p2b: Dragonite|Normal\n|move|p1b: Gyarados|Protect|p1b: Gyarados\n|-singleturn|p1b: Gyarados|Protect\n|move|p2b: Dragonite|Extreme Speed|p1b: Gyarados\n|-activate|p1b: Gyarados|move: Protect\n|move|p2a: Landorus|Rock Slide|p1a: Landorus|[spread] p1a\n|-activate|p1b: Gyarados|move: Protect\n|-damage|p1a: Landorus|50\/100\n|move|p1a: Landorus|Rock Slide|p2a: Landorus|[spread] p2b\n|-miss|p1a: Landorus|p2a: Landorus\n|-damage|p2b: Dragonite|84\/100\n|\n|upkeep\n|turn|5\n|\n|t:|1700262157\n|switch|p1b: Flutter Mane|Flutter Mane, L50|100\/100\n|-enditem|p1b: Flutter Mane|Booster Energy\n|-activate|p1b: Flutter Mane|ability: Protosynthesis|[fromitem]\n|-start|p1b: Flutter Mane|protosynthesisspa\n|move|p2b: Dragonite|Extreme Speed|p1a: Landorus\n|-damage|p1a: Landorus|0 fnt\n|faint|p1a: Landorus\n|move|p2a: Landorus|Rock Slide|p1b: Flutter Mane\n|-damage|p1b: Flutter Mane|71\/100\n|\n|upkeep\n|\n|t:|1700262168\n|switch|p1a: Gyarados|Gyarados, L50, M|47\/100\n|-ability|p1a: Gyarados|Intimidate|boost\n|-unboost|p2a: Landorus|atk|1\n|-unboost|p2b: Dragonite|atk|1\n|turn|6\n|inactive|BigBusted has 30 seconds left.\n|\n|t:|1700262197\n|switch|p1a: Okidogi|Okidogi, L50, M|100\/100\n|move|p2a: Landorus|Rock Slide|p1b: Flutter Mane|[spread] p1b\n|-miss|p2a: Landorus|p1a: Okidogi\n|-damage|p1b: Flutter Mane|51\/100\n|move|p1b: Flutter Mane|Moonblast|p2a: Landorus\n|-damage|p2a: Landorus|22\/100\n|move|p2b: Dragonite|Iron Head|p1b: Flutter Mane\n|-supereffective|p1b: Flutter Mane\n|-damage|p1b: Flutter Mane|0 fnt\n|faint|p1b: Flutter Mane\n|-end|p1b: Flutter Mane|Protosynthesis|[silent]\n|\n|upkeep\n|\n|t:|1700262209\n|switch|p1b: Gyarados|Gyarados, L50, M|47\/100\n|-ability|p1b: Gyarados|Intimidate|boost\n|-unboost|p2a: Landorus|atk|1\n|-unboost|p2b: Dragonite|atk|1\n|turn|7\n|\n|t:|1700262220\n|switch|p2b: Weezing|Weezing, L50, F|100\/100\n|-ability|p2b: Weezing|Neutralizing Gas\n|move|p2a: Landorus|Rock Slide|p1a: Okidogi|[spread] p1a,p1b\n|-resisted|p1a: Okidogi\n|-supereffective|p1b: Gyarados\n|-damage|p1a: Okidogi|97\/100\n|-damage|p1b: Gyarados|29\/100\n|move|p1b: Gyarados|Dragon Dance|p1b: Gyarados\n|-boost|p1b: Gyarados|atk|1\n|-boost|p1b: Gyarados|spe|1\n|move|p1a: Okidogi|Drain Punch|p2b: Weezing\n|-resisted|p2b: Weezing\n|-damage|p2b: Weezing|85\/100\n|-heal|p1a: Okidogi|100\/100|[from] drain|[of] p2b: Weezing\n|\n|-heal|p2b: Weezing|91\/100|[from] item: Leftovers\n|upkeep\n|turn|8\n|inactive|BigBusted has 30 seconds left.\n|inactive|luk29powavgcwp has 30 seconds left.\n|inactive|luk29powavgcwp has 20 seconds left.\n|\n|t:|1700262257\n|move|p2a: Landorus|Rock Slide|p1a: Okidogi|[spread] p1a,p1b\n|-resisted|p1a: Okidogi\n|-supereffective|p1b: Gyarados\n|-damage|p1a: Okidogi|98\/100\n|-damage|p1b: Gyarados|13\/100\n|move|p1b: Gyarados|Waterfall|p2b: Weezing\n|-damage|p2b: Weezing|40\/100\n|move|p1a: Okidogi|Body Slam|p2b: Weezing\n|-damage|p2b: Weezing|13\/100\n|cant|p2b: Weezing|flinch\n|\n|-heal|p2b: Weezing|19\/100|[from] item: Leftovers\n|upkeep\n|turn|9\n|inactive|BigBusted has 30 seconds left.\n|inactive|BigBusted has 20 seconds left.\n|\n|t:|1700262294\n|move|p1b: Gyarados|Protect|p1b: Gyarados\n|-singleturn|p1b: Gyarados|Protect\n|move|p2a: Landorus|Rock Slide|p1b: Gyarados|[spread] p1a\n|-activate|p1b: Gyarados|move: Protect\n|-resisted|p1a: Okidogi\n|-damage|p1a: Okidogi|95\/100\n|move|p1a: Okidogi|Poison Jab|p2a: Landorus\n|-resisted|p2a: Landorus\n|-damage|p2a: Landorus|0 fnt\n|faint|p2a: Landorus\n|move|p2b: Weezing|Will-O-Wisp|p1a: Okidogi\n|-status|p1a: Okidogi|brn\n|\n|-heal|p2b: Weezing|24\/100|[from] item: Leftovers\n|-damage|p1a: Okidogi|89\/100 brn|[from] brn\n|upkeep\n|\n|t:|1700262313\n|switch|p2a: Dragonite|Dragonite, L50, M, tera:Normal|84\/100\n|turn|10\n|inactive|luk29powavgcwp has 30 seconds left.\n|\n|t:|1700262346\n|move|p1b: Gyarados|Protect||[still]\n|-fail|p1b: Gyarados\n|move|p2a: Dragonite|Extreme Speed|p1a: Okidogi\n|-damage|p1a: Okidogi|47\/100 brn\n|move|p1a: Okidogi|Drain Punch|p2a: Dragonite\n|-supereffective|p2a: Dragonite\n|-damage|p2a: Dragonite|45\/100\n|-heal|p1a: Okidogi|67\/100 brn|[from] drain|[of] p2a: Dragonite\n|move|p2b: Weezing|Sludge Bomb|p1b: Gyarados\n|-damage|p1b: Gyarados|0 fnt\n|faint|p1b: Gyarados\n|\n|-heal|p2b: Weezing|30\/100|[from] item: Leftovers\n|-damage|p1a: Okidogi|61\/100 brn|[from] brn\n|upkeep\n|turn|11\n|inactive|luk29powavgcwp has 30 seconds left.\n|\n|t:|1700262375\n|move|p2a: Dragonite|Extreme Speed|p1a: Okidogi\n|-damage|p1a: Okidogi|13\/100 brn\n|move|p1a: Okidogi|Drain Punch|p2a: Dragonite\n|-supereffective|p2a: Dragonite\n|-damage|p2a: Dragonite|4\/100\n|-heal|p1a: Okidogi|34\/100 brn|[from] drain|[of] p2a: Dragonite\n|move|p2b: Weezing|Sludge Bomb|p1a: Okidogi\n|-resisted|p1a: Okidogi\n|-damage|p1a: Okidogi|25\/100 brn\n|\n|-heal|p2b: Weezing|36\/100|[from] item: Leftovers\n|-damage|p1a: Okidogi|19\/100 brn|[from] brn\n|upkeep\n|turn|12\n|-message|BigBusted forfeited.\n|\n|win|luk29powavgcwp\n|raw|BigBusted's rating: 1103 &rarr; <strong>1081<\/strong><br \/>(-22 for losing)\n|raw|luk29powavgcwp's rating: 1147 &rarr; <strong>1169<\/strong><br \/>(+22 for winning)\n|l|\u2606BigBusted\n","uploadtime":1700262394,"views":10,"p1id":"bigbusted","p2id":"luk29powavgcwp","formatid":"gen9vgc2023regulatione","rating":1081,"private":0,"password":""}