{"id":"gen9vgc2023regulatione-1989471453","p1":"SomkeyNoodles","p2":"Dfhjgcgj","format":"[Gen 9] VGC 2023 Regulation E","log":"|j|\u2606SomkeyNoodles\n|j|\u2606Dfhjgcgj\n|t:|1699855848\n|gametype|doubles\n|player|p1|SomkeyNoodles|101|1075\n|player|p2|Dfhjgcgj|dawn-gen4pt|1030\n|teamsize|p1|6\n|teamsize|p2|6\n|gen|9\n|tier|[Gen 9] VGC 2023 Regulation E\n|rated|\n|rule|Species Clause: Limit one of each Pok\u00e9mon\n|rule|Item Clause: Limit one of each item\n|clearpoke\n|poke|p1|Cinderace, L50, F|\n|poke|p1|Tornadus, L50, M|\n|poke|p1|Dipplin, L50, M|\n|poke|p1|Barraskewda, L50, F|\n|poke|p1|Indeedee-F, L50, F|\n|poke|p1|Salamence, L50, F|\n|poke|p2|Wo-Chien, L50|\n|poke|p2|Ting-Lu, L50|\n|poke|p2|Grimmsnarl, L50, M|\n|poke|p2|Amoonguss, L50, F|\n|poke|p2|Dusclops, L50, M|\n|poke|p2|Landorus-Therian, L50, M|\n|teampreview|4\n|inactive|Battle timer is ON: inactive players will automatically lose when time's up. (requested by Dfhjgcgj)\n|\n|t:|1699855902\n|start\n|switch|p1a: Cinderace|Cinderace, L50, F|100\/100\n|switch|p1b: Tornadus|Tornadus, L50, M|100\/100\n|switch|p2a: Grimmsnarl|Grimmsnarl, L50, M|100\/100\n|switch|p2b: Landorus|Landorus-Therian, L50, M|100\/100\n|-ability|p2b: Landorus|Intimidate|boost\n|-unboost|p1a: Cinderace|atk|1\n|-unboost|p1b: Tornadus|atk|1\n|turn|1\n|inactive|SomkeyNoodles has 30 seconds left.\n|\n|t:|1699855930\n|move|p1a: Cinderace|Protect|p1a: Cinderace\n|-start|p1a: Cinderace|typechange|Normal|[from] ability: Libero\n|-singleturn|p1a: Cinderace|Protect\n|move|p1b: Tornadus|Tailwind|p1b: Tornadus\n|-sidestart|p1: SomkeyNoodles|move: Tailwind\n|move|p2a: Grimmsnarl|Light Screen|p2a: Grimmsnarl\n|-sidestart|p2: Dfhjgcgj|move: Light Screen\n|move|p2b: Landorus|Stealth Rock|p1b: Tornadus\n|-sidestart|p1: SomkeyNoodles|move: Stealth Rock\n|\n|upkeep\n|turn|2\n|\n|t:|1699855949\n|move|p1b: Tornadus|Substitute|p1b: Tornadus\n|-start|p1b: Tornadus|Substitute\n|-damage|p1b: Tornadus|76\/100\n|move|p2a: Grimmsnarl|Reflect|p2a: Grimmsnarl\n|-sidestart|p2: Dfhjgcgj|Reflect\n|move|p1a: Cinderace|Pyro Ball|p2b: Landorus\n|-damage|p2b: Landorus|78\/100\n|-damage|p1a: Cinderace|91\/100|[from] item: Life Orb\n|move|p2b: Landorus|Sand Tomb|p1a: Cinderace\n|-crit|p1a: Cinderace\n|-damage|p1a: Cinderace|55\/100\n|-activate|p1a: Cinderace|move: Sand Tomb|[of] p2b: Landorus\n|\n|-heal|p2b: Landorus|84\/100|[from] item: Leftovers\n|-damage|p1a: Cinderace|43\/100|[from] move: Sand Tomb|[partiallytrapped]\n|upkeep\n|turn|3\n|inactive|Dfhjgcgj has 30 seconds left.\n|\n|t:|1699855979\n|switch|p2a: Wo-Chien|Wo-Chien, L50|100\/100\n|-ability|p2a: Wo-Chien|Tablets of Ruin\n|-terastallize|p1b: Tornadus|Flying\n|move|p2b: Landorus|Protect|p2b: Landorus\n|-singleturn|p2b: Landorus|Protect\n|move|p1a: Cinderace|Pyro Ball|p2b: Landorus\n|-activate|p2b: Landorus|move: Protect\n|move|p1b: Tornadus|Bleakwind Storm|p2a: Wo-Chien|[spread] \n|-activate|p2b: Landorus|move: Protect\n|-miss|p1b: Tornadus|p2a: Wo-Chien\n|\n|-heal|p2b: Landorus|90\/100|[from] item: Leftovers\n|-damage|p1a: Cinderace|31\/100|[from] move: Sand Tomb|[partiallytrapped]\n|upkeep\n|turn|4\n|inactive|Dfhjgcgj has 30 seconds left.\n|\n|t:|1699856008\n|-terastallize|p2a: Wo-Chien|Water\n|move|p1a: Cinderace|Pyro Ball|p2a: Wo-Chien\n|-resisted|p2a: Wo-Chien\n|-crit|p2a: Wo-Chien\n|-damage|p2a: Wo-Chien|73\/100\n|-damage|p1a: Cinderace|21\/100|[from] item: Life Orb\n|move|p1b: Tornadus|Bleakwind Storm|p2b: Landorus|[spread] p2b\n|-miss|p1b: Tornadus|p2a: Wo-Chien\n|-damage|p2b: Landorus|63\/100\n|move|p2b: Landorus|Sand Tomb|p1b: Tornadus\n|-immune|p1b: Tornadus\n|move|p2a: Wo-Chien|Foul Play|p1b: Tornadus\n|-end|p1b: Tornadus|Substitute\n|\n|-heal|p2b: Landorus|69\/100|[from] item: Leftovers\n|-damage|p1a: Cinderace|9\/100|[from] move: Sand Tomb|[partiallytrapped]\n|-sideend|p1: SomkeyNoodles|move: Tailwind\n|upkeep\n|turn|5\n|inactive|Dfhjgcgj has 30 seconds left.\n|inactive|Dfhjgcgj has 20 seconds left.\n|inactive|Dfhjgcgj has 15 seconds left.\n|\n|t:|1699856049\n|switch|p2b: Grimmsnarl|Grimmsnarl, L50, M|100\/100\n|move|p1b: Tornadus|Substitute|p1b: Tornadus\n|-start|p1b: Tornadus|Substitute\n|-damage|p1b: Tornadus|51\/100\n|move|p1a: Cinderace|Pyro Ball|p2b: Grimmsnarl\n|-damage|p2b: Grimmsnarl|86\/100\n|-damage|p1a: Cinderace|0 fnt|[from] item: Life Orb\n|faint|p1a: Cinderace\n|move|p2a: Wo-Chien|Foul Play|p1b: Tornadus\n|-crit|p1b: Tornadus\n|-end|p1b: Tornadus|Substitute\n|\n|upkeep\n|\n|t:|1699856062\n|switch|p1a: Dipplin|Dipplin, L50, M|100\/100\n|-damage|p1a: Dipplin|88\/100|[from] Stealth Rock\n|-ability|p1a: Dipplin|Supersweet Syrup\n|-ability|p1a: Dipplin|Supersweet Syrup|boost\n|-unboost|p2a: Wo-Chien|evasion|1\n|-unboost|p2b: Grimmsnarl|evasion|1\n|turn|6\n|\n|t:|1699856074\n|switch|p1a: Indeedee|Indeedee-F, L50, F|100\/100\n|-damage|p1a: Indeedee|88\/100|[from] Stealth Rock\n|-fieldstart|move: Psychic Terrain|[from] ability: Psychic Surge|[of] p1a: Indeedee\n|-enditem|p1a: Indeedee|Psychic Seed\n|-boost|p1a: Indeedee|spd|1|[from] item: Psychic Seed\n|move|p2b: Grimmsnarl|Fake Out|p1b: Tornadus\n|-hint|Psychic Terrain doesn't affect Pok\u00e9mon immune to Ground.\n|-crit|p1b: Tornadus\n|-damage|p1b: Tornadus|32\/100\n|move|p1b: Tornadus|Bleakwind Storm|p2b: Grimmsnarl|[spread] p2a,p2b\n|-damage|p2a: Wo-Chien|55\/100\n|-damage|p2b: Grimmsnarl|48\/100\n|-unboost|p2a: Wo-Chien|spe|1\n|move|p2a: Wo-Chien|Leech Seed|p1b: Tornadus\n|-start|p1b: Tornadus|move: Leech Seed\n|\n|-damage|p1b: Tornadus|19\/100|[from] Leech Seed|[of] p2a: Wo-Chien\n|-heal|p2a: Wo-Chien|65\/100|[silent]\n|upkeep\n|turn|7\n|inactive|Dfhjgcgj has 30 seconds left.\n|\n|t:|1699856107\n|move|p1a: Indeedee|Helping Hand|p1b: Tornadus\n|-singleturn|p1b: Tornadus|Helping Hand|[of] p1a: Indeedee\n|move|p2b: Grimmsnarl|Light Screen||[still]\n|-fail|p2b: Grimmsnarl\n|move|p1b: Tornadus|Bleakwind Storm|p2a: Wo-Chien|[spread] p2a,p2b\n|-crit|p2b: Grimmsnarl\n|-damage|p2a: Wo-Chien|40\/100\n|-damage|p2b: Grimmsnarl|0 fnt\n|faint|p2b: Grimmsnarl\n|move|p2a: Wo-Chien|Pollen Puff|p2: Grimmsnarl|[notarget]\n|-fail|p2a: Wo-Chien\n|\n|-damage|p1b: Tornadus|7\/100|[from] Leech Seed|[of] p2a: Wo-Chien\n|-heal|p2a: Wo-Chien|49\/100|[silent]\n|upkeep\n|\n|t:|1699856119\n|switch|p2b: Landorus|Landorus-Therian, L50, M|69\/100\n|-ability|p2b: Landorus|Intimidate|boost\n|-unboost|p1a: Indeedee|atk|1\n|-unboost|p1b: Tornadus|atk|1\n|turn|8\n|inactive|SomkeyNoodles has 30 seconds left.\n|inactive|SomkeyNoodles has 20 seconds left.\n|inactive|SomkeyNoodles has 15 seconds left.\n|inactive|SomkeyNoodles has 10 seconds left.\n|-message|SomkeyNoodles forfeited.\n|\n|win|Dfhjgcgj\n|raw|SomkeyNoodles's rating: 1075 &rarr; <strong>1051<\/strong><br \/>(-24 for losing)\n|raw|Dfhjgcgj's rating: 1030 &rarr; <strong>1070<\/strong><br \/>(+40 for winning)\n|l|\u2606SomkeyNoodles\n","uploadtime":1699856170,"views":9,"p1id":"somkeynoodles","p2id":"dfhjgcgj","formatid":"gen9vgc2023regulatione","rating":1051,"private":0,"password":""}