{"id":"gen9vgc2023regulatione-1995927693","p1":"mewtwomaster10000","p2":"Katatatat_","format":"[Gen 9] VGC 2023 Regulation E","log":"|j|\u2606mewtwomaster10000\n|j|\u2606Katatatat_\n|t:|1700618369\n|gametype|doubles\n|player|p1|mewtwomaster10000|gambler|1094\n|player|p2|Katatatat_|hilbert|1000\n|teamsize|p1|6\n|teamsize|p2|6\n|gen|9\n|tier|[Gen 9] VGC 2023 Regulation E\n|rated|\n|rule|Species Clause: Limit one of each Pok\u00e9mon\n|rule|Item Clause: Limit one of each item\n|clearpoke\n|poke|p1|Tornadus, L50, M|\n|poke|p1|Brute Bonnet, L50|\n|poke|p1|Shiftry, L50, M|\n|poke|p1|Ogerpon-Hearthflame, L50, F|\n|poke|p1|Clefairy, L50, M|\n|poke|p1|Flutter Mane, L50|\n|poke|p2|Landorus-Therian, L50, M|\n|poke|p2|Ninetales-Alola, L50, F|\n|poke|p2|Amoonguss, L50, M|\n|poke|p2|Iron Hands, L50|\n|poke|p2|Arcanine-Hisui, L50, F|\n|poke|p2|Flutter Mane, L50|\n|teampreview|4\n|inactive|Battle timer is ON: inactive players will automatically lose when time's up. (requested by Katatatat_)\nmewtwomaster10000 rejected open team sheets.\n|inactive|mewtwomaster10000 has 60 seconds left.\n|\n|t:|1700618413\n|start\n|switch|p1a: Tornadus|Tornadus, L50, M, shiny|100\/100\n|switch|p1b: Clefairy|Clefairy, L50, M, shiny|100\/100\n|switch|p2a: Ninetales|Ninetales-Alola, L50, F|100\/100\n|switch|p2b: Flutter Mane|Flutter Mane, L50|100\/100\n|-weather|Snow|[from] ability: Snow Warning|[of] p2a: Ninetales\n|-enditem|p2b: Flutter Mane|Booster Energy\n|-activate|p2b: Flutter Mane|ability: Protosynthesis|[fromitem]\n|-start|p2b: Flutter Mane|protosynthesisspe\n|turn|1\n|inactive|mewtwomaster10000 has 30 seconds left.\n|\n|t:|1700618440\n|move|p1b: Clefairy|Follow Me|p1b: Clefairy\n|-singleturn|p1b: Clefairy|move: Follow Me\n|move|p1a: Tornadus|Tailwind|p1a: Tornadus\n|-sidestart|p1: mewtwomaster10000|move: Tailwind\n|move|p2b: Flutter Mane|Icy Wind|p1b: Clefairy|[spread] p1a,p1b\n|-supereffective|p1a: Tornadus\n|-damage|p1a: Tornadus|77\/100\n|-damage|p1b: Clefairy|87\/100\n|-unboost|p1a: Tornadus|spe|1\n|-unboost|p1b: Clefairy|spe|1\n|move|p2a: Ninetales|Aurora Veil|p2a: Ninetales\n|-sidestart|p2: Katatatat_|move: Aurora Veil\n|\n|-weather|Snow|[upkeep]\n|-heal|p1a: Tornadus|83\/100|[from] item: Leftovers\n|upkeep\n|turn|2\n|\n|t:|1700618464\n|move|p1b: Clefairy|Follow Me|p1b: Clefairy\n|-singleturn|p1b: Clefairy|move: Follow Me\n|move|p1a: Tornadus|Taunt|p2a: Ninetales\n|-start|p2a: Ninetales|move: Taunt\n|move|p2b: Flutter Mane|Moonblast|p1b: Clefairy\n|-damage|p1b: Clefairy|45\/100\n|-unboost|p1b: Clefairy|spa|1\n|move|p2a: Ninetales|Blizzard|p1a: Tornadus|[spread] p1a,p1b\n|-supereffective|p1a: Tornadus\n|-damage|p1a: Tornadus|32\/100\n|-damage|p1b: Clefairy|17\/100\n|\n|-weather|Snow|[upkeep]\n|-heal|p1a: Tornadus|38\/100|[from] item: Leftovers\n|upkeep\n|turn|3\n|inactive|mewtwomaster10000 has 30 seconds left.\n|\n|t:|1700618493\n|switch|p1a: Ogerpon|Ogerpon-Hearthflame, L50, F|100\/100\n|-ability|p1a: Ogerpon|Mold Breaker\n|move|p2b: Flutter Mane|Moonblast|p1a: Ogerpon\n|-resisted|p1a: Ogerpon\n|-damage|p1a: Ogerpon|81\/100\n|-unboost|p1a: Ogerpon|spa|1\n|move|p2a: Ninetales|Blizzard|p1a: Ogerpon|[spread] p1a,p1b\n|-damage|p1a: Ogerpon|54\/100\n|-damage|p1b: Clefairy|0 fnt\n|faint|p1b: Clefairy\n|\n|-weather|Snow|[upkeep]\n|upkeep\n|\n|t:|1700618508\n|switch|p1b: Brute Bonnet|Brute Bonnet, L50|100\/100\n|turn|4\n|inactive|mewtwomaster10000 has 30 seconds left.\n|\n|t:|1700618543\n|-terastallize|p1b: Brute Bonnet|Fire\n|move|p1b: Brute Bonnet|Rage Powder|p1b: Brute Bonnet\n|-singleturn|p1b: Brute Bonnet|move: Rage Powder\n|move|p2b: Flutter Mane|Moonblast|p1b: Brute Bonnet\n|-resisted|p1b: Brute Bonnet\n|-damage|p1b: Brute Bonnet|75\/100\n|move|p1a: Ogerpon|Swords Dance|p1a: Ogerpon\n|-boost|p1a: Ogerpon|atk|2\n|move|p2a: Ninetales|Blizzard|p1a: Ogerpon|[spread] p1a,p1b\n|-resisted|p1b: Brute Bonnet\n|-damage|p1a: Ogerpon|19\/100\n|-damage|p1b: Brute Bonnet|57\/100\n|-status|p1a: Ogerpon|frz\n|\n|-weather|Snow|[upkeep]\n|-end|p2a: Ninetales|move: Taunt\n|-sideend|p1: mewtwomaster10000|move: Tailwind\n|upkeep\n|turn|5\n|inactive|mewtwomaster10000 has 30 seconds left.\n|\n|t:|1700618568\n|move|p1b: Brute Bonnet|Rage Powder|p1b: Brute Bonnet\n|-singleturn|p1b: Brute Bonnet|move: Rage Powder\n|move|p2b: Flutter Mane|Shadow Ball|p1b: Brute Bonnet\n|-damage|p1b: Brute Bonnet|17\/100\n|-unboost|p1b: Brute Bonnet|spd|1\n|move|p2a: Ninetales|Blizzard|p1a: Ogerpon|[spread] p1a,p1b\n|-resisted|p1b: Brute Bonnet\n|-damage|p1a: Ogerpon|0 fnt\n|-damage|p1b: Brute Bonnet|0 fnt\n|faint|p1a: Ogerpon\n|faint|p1b: Brute Bonnet\n|-end|p1b: Brute Bonnet|Protosynthesis|[silent]\n|\n|-weather|none\n|upkeep\n|-message|mewtwomaster10000 forfeited.\n|\n|win|Katatatat_\n|raw|mewtwomaster10000's rating: 1075 &rarr; <strong>1049<\/strong><br \/>(-26 for losing)\n|raw|Katatatat_'s rating: 1000 &rarr; <strong>1049<\/strong><br \/>(+49 for winning)\n|l|\u2606mewtwomaster10000\n","uploadtime":1700618589,"views":11,"p1id":"mewtwomaster10000","p2id":"katatatat","formatid":"gen9vgc2023regulatione","rating":1049,"private":0,"password":""}