{"id":"gen9vgc2023regulatione-1993849535","p1":"iPetBigfoot","p2":"LameLiarLeo","format":"[Gen 9] VGC 2023 Regulation E","log":"|j|\u2606iPetBigfoot\n|j|\u2606LameLiarLeo\n|n|\u2606iPetBigfoot|ipetbigfoot\n|n|\u2606LameLiarLeo|lameliarleo\n|html|View the match progress at <a href=\"\/game-bestof3-gen9vgc2023regulatione-1993849534\">game-bestof3-gen9vgc2023regulatione-1993849534<\/a>\n|t:|1700365031\n|gametype|doubles\n|player|p1|iPetBigfoot|carmine-festival|\n|player|p2|LameLiarLeo|caitlin|\n|teamsize|p1|6\n|teamsize|p2|6\n|gen|9\n|tier|[Gen 9] VGC 2023 Regulation E\n|rule|Species Clause: Limit one of each Pok\u00e9mon\n|rule|Item Clause: Limit one of each item\n|clearpoke\n|poke|p1|Chien-Pao, L50|\n|poke|p1|Amoonguss, L50, F|\n|poke|p1|Iron Hands, L50|\n|poke|p1|Landorus-Therian, L50, M|\n|poke|p1|Heatran, L50, M|\n|poke|p1|Urshifu-*, L50, F|\n|poke|p2|Iron Valiant, L50|\n|poke|p2|Gholdengo, L50|\n|poke|p2|Ogerpon-Wellspring, L50, F|\n|poke|p2|Rillaboom, L50, F|\n|poke|p2|Heatran, L50, F|\n|poke|p2|Ninetales-Alola, L50, M|\n|teampreview|4\n|inactive|Battle timer is ON: inactive players will automatically lose when time's up. (requested by LameLiarLeo)\niPetBigfoot has agreed to open team sheets.\nLameLiarLeo has agreed to open team sheets.\n|showteam|p1|Chien-Pao||FocusSash|SwordofRuin|IcicleCrash,Crunch,SuckerPunch,Protect||||||50|,,,,,Ghost]Amoonguss||SitrusBerry|Regenerator|PollenPuff,Spore,RagePowder,Protect|||F|||50|,,,,,Water]Iron Hands||AssaultVest|QuarkDrive|FakeOut,DrainPunch,WildCharge,HeavySlam||||||50|,,,,,Grass]Landorus-Therian||ChoiceScarf|Intimidate|StompingTantrum,TeraBlast,RockSlide,Uturn|||M|||50|,,,,,Flying]Heatran||Leftovers|FlashFire|HeatWave,EarthPower,Substitute,Protect|||M|||50|,,,,,Grass]Urshifu-Rapid-Strike||MysticWater|UnseenFist|SurgingStrikes,CloseCombat,AquaJet,Detect|||F|||50|,,,,,Water\n|showteam|p2|Iron Valiant||BoosterEnergy|QuarkDrive|CloseCombat,Moonblast,Encore,Disable||||||50|,,,,,Ghost]Gholdengo||Leftovers|GoodasGold|MakeItRain,ShadowBall,NastyPlot,Protect||||||50|,,,,,Dragon]Ogerpon-Wellspring||WellspringMask|WaterAbsorb|IvyCudgel,HornLeech,FollowMe,SpikyShield|||F|||50|,,,,,Water]Rillaboom||AssaultVest|GrassySurge|FakeOut,WoodHammer,GrassyGlide,Uturn|||F|||50|,,,,,Fire]Heatran||LifeOrb|FlashFire|HeatWave,TeraBlast,EarthPower,Protect|||F|||50|,,,,,Fairy]Ninetales-Alola||SitrusBerry|SnowWarning|Blizzard,IcyWind,AuroraVeil,Protect|||M|||50|,,,,,Fire\n|c|\u2606iPetBigfoot|turn timer off\n|inactiveoff|Battle timer is now OFF.\n|\n|t:|1700365079\n|start\n|switch|p1a: Heatran|Heatran, L50, M|100\/100\n|switch|p1b: Iron Hands|Iron Hands, L50|100\/100\n|switch|p2a: Ninetales|Ninetales-Alola, L50, M|100\/100\n|switch|p2b: Rillaboom|Rillaboom, L50, F|100\/100\n|-weather|Snow|[from] ability: Snow Warning|[of] p2a: Ninetales\n|-fieldstart|move: Grassy Terrain|[from] ability: Grassy Surge|[of] p2b: Rillaboom\n|turn|1\n|\n|t:|1700365114\n|move|p2b: Rillaboom|Fake Out|p1a: Heatran\n|-resisted|p1a: Heatran\n|-damage|p1a: Heatran|95\/100\n|move|p1b: Iron Hands|Fake Out|p2a: Ninetales\n|-damage|p2a: Ninetales|88\/100\n|cant|p2a: Ninetales|flinch\n|cant|p1a: Heatran|flinch\n|\n|-weather|Snow|[upkeep]\n|-heal|p2a: Ninetales|94\/100|[from] Grassy Terrain\n|-heal|p1a: Heatran|100\/100|[from] Grassy Terrain\n|upkeep\n|turn|2\n|\n|t:|1700365131\n|switch|p2b: Heatran|Heatran, L50, F|100\/100\n|move|p2a: Ninetales|Aurora Veil|p2a: Ninetales\n|-sidestart|p2: LameLiarLeo|move: Aurora Veil\n|move|p1a: Heatran|Substitute|p1a: Heatran\n|-start|p1a: Heatran|Substitute\n|-damage|p1a: Heatran|76\/100\n|move|p1b: Iron Hands|Heavy Slam|p2a: Ninetales\n|-supereffective|p2a: Ninetales\n|-damage|p2a: Ninetales|0 fnt\n|faint|p2a: Ninetales\n|\n|-weather|Snow|[upkeep]\n|-heal|p1a: Heatran|81\/100|[from] Grassy Terrain\n|-heal|p1a: Heatran|87\/100|[from] item: Leftovers\n|upkeep\n|\n|t:|1700365143\n|switch|p2a: Iron Valiant|Iron Valiant, L50|100\/100\n|-enditem|p2a: Iron Valiant|Booster Energy\n|-activate|p2a: Iron Valiant|ability: Quark Drive|[fromitem]\n|-start|p2a: Iron Valiant|quarkdrivespe\n|turn|3\n|c|\u2606iPetBigfoot|I've missed sub tran\n|\n|t:|1700365170\n|move|p2a: Iron Valiant|Disable|p1b: Iron Hands\n|-start|p1b: Iron Hands|Disable|Heavy Slam\n|move|p2b: Heatran|Earth Power|p1b: Iron Hands\n|-supereffective|p1b: Iron Hands\n|-damage|p1b: Iron Hands|59\/100\n|-damage|p2b: Heatran|91\/100|[from] item: Life Orb\n|move|p1a: Heatran|Earth Power|p2b: Heatran\n|-supereffective|p2b: Heatran\n|-damage|p2b: Heatran|20\/100\n|cant|p1b: Iron Hands|Disable|Heavy Slam\n|\n|-weather|Snow|[upkeep]\n|-heal|p2b: Heatran|26\/100|[from] Grassy Terrain\n|-heal|p1a: Heatran|93\/100|[from] Grassy Terrain\n|-heal|p1a: Heatran|99\/100|[from] item: Leftovers\n|-heal|p1b: Iron Hands|65\/100|[from] Grassy Terrain\n|upkeep\n|turn|4\n|\n|t:|1700365201\n|switch|p2b: Rillaboom|Rillaboom, L50, F|100\/100\n|move|p2a: Iron Valiant|Encore|p1b: Iron Hands\n|-start|p1b: Iron Hands|Encore\n|move|p1a: Heatran|Earth Power|p2b: Rillaboom\n|-resisted|p2b: Rillaboom\n|-damage|p2b: Rillaboom|92\/100\n|cant|p1b: Iron Hands|Disable|Heavy Slam\n|\n|-weather|Snow|[upkeep]\n|-heal|p2b: Rillaboom|98\/100|[from] Grassy Terrain\n|-heal|p1a: Heatran|100\/100|[from] Grassy Terrain\n|-heal|p1b: Iron Hands|71\/100|[from] Grassy Terrain\n|upkeep\n|turn|5\n|\n|t:|1700365216\n|-end|p1b: Iron Hands|Quark Drive|[silent]\n|switch|p1b: Amoonguss|Amoonguss, L50, F|100\/100\n|move|p1a: Heatran|Protect|p1a: Heatran\n|-singleturn|p1a: Heatran|Protect\n|move|p2a: Iron Valiant|Encore|p1a: Heatran\n|-activate|p1a: Heatran|move: Protect\n|move|p2b: Rillaboom|Wood Hammer|p1b: Amoonguss\n|-resisted|p1b: Amoonguss\n|-damage|p1b: Amoonguss|87\/100\n|-damage|p2b: Rillaboom|93\/100|[from] Recoil\n|\n|-weather|none\n|-heal|p2b: Rillaboom|99\/100|[from] Grassy Terrain\n|-heal|p1b: Amoonguss|93\/100|[from] Grassy Terrain\n|-fieldend|move: Grassy Terrain\n|upkeep\n|turn|6\n|\n|t:|1700365259\n|switch|p2b: Heatran|Heatran, L50, F|26\/100\n|move|p2a: Iron Valiant|Disable||[still]\n|-fail|p2a: Iron Valiant\n|move|p1a: Heatran|Heat Wave|p2a: Iron Valiant|[spread] p2a\n|-start|p2b: Heatran|ability: Flash Fire\n|-damage|p2a: Iron Valiant|54\/100\n|-status|p2a: Iron Valiant|brn\n|move|p1b: Amoonguss|Spore||[still]\n|-fail|p1b: Amoonguss\n|\n|-damage|p2a: Iron Valiant|48\/100 brn|[from] brn\n|-sideend|p2: LameLiarLeo|move: Aurora Veil\n|upkeep\n|turn|7\n|\n|t:|1700365287\n|-end|p2a: Iron Valiant|Quark Drive|[silent]\n|switch|p2a: Rillaboom|Rillaboom, L50, F|99\/100\n|-fieldstart|move: Grassy Terrain|[from] ability: Grassy Surge|[of] p2a: Rillaboom\n|move|p1b: Amoonguss|Protect|p1b: Amoonguss\n|-singleturn|p1b: Amoonguss|Protect\n|move|p2b: Heatran|Heat Wave|p1b: Amoonguss|[spread] \n|-activate|p1b: Amoonguss|move: Protect\n|-start|p1a: Heatran|ability: Flash Fire\n|move|p1a: Heatran|Heat Wave|p2a: Rillaboom|[spread] p2a\n|-immune|p2b: Heatran|[from] ability: Flash Fire\n|-supereffective|p2a: Rillaboom\n|-damage|p2a: Rillaboom|18\/100\n|-status|p2a: Rillaboom|brn\n|\n|-heal|p2a: Rillaboom|24\/100 brn|[from] Grassy Terrain\n|-heal|p2b: Heatran|32\/100|[from] Grassy Terrain\n|-heal|p1b: Amoonguss|99\/100|[from] Grassy Terrain\n|-damage|p2a: Rillaboom|18\/100 brn|[from] brn\n|upkeep\n|turn|8\n|c|\u2606LameLiarLeo|I hate your plays sm\n|c|\u2606LameLiarLeo|So random\n|c|\u2606iPetBigfoot|why\n|c|\u2606iPetBigfoot|you're sounding like plopy\n|c|\u2606iPetBigfoot|I just make reads\n|\n|t:|1700365324\n|switch|p1b: Iron Hands|Iron Hands, L50|71\/100\n|move|p1a: Heatran|Protect|p1a: Heatran\n|-singleturn|p1a: Heatran|Protect\n|move|p2a: Rillaboom|Fake Out|p1a: Heatran\n|-activate|p1a: Heatran|move: Protect\n|move|p2b: Heatran|Heat Wave|p1b: Iron Hands|[spread] p1b\n|-activate|p1a: Heatran|move: Protect\n|-damage|p1b: Iron Hands|34\/100\n|-damage|p2b: Heatran|22\/100|[from] item: Life Orb\n|\n|-heal|p2a: Rillaboom|24\/100 brn|[from] Grassy Terrain\n|-heal|p2b: Heatran|28\/100|[from] Grassy Terrain\n|-heal|p1b: Iron Hands|40\/100|[from] Grassy Terrain\n|-damage|p2a: Rillaboom|18\/100 brn|[from] brn\n|upkeep\n|turn|9\n|\n|t:|1700365341\n|move|p1b: Iron Hands|Fake Out|p2b: Heatran\n|-resisted|p2b: Heatran\n|-damage|p2b: Heatran|22\/100\n|move|p2a: Rillaboom|Wood Hammer|p1b: Iron Hands\n|-damage|p1b: Iron Hands|14\/100\n|-damage|p2a: Rillaboom|8\/100 brn|[from] Recoil\n|cant|p2b: Heatran|flinch\n|move|p1a: Heatran|Heat Wave|p2b: Heatran|[spread] p2a\n|-immune|p2b: Heatran|[from] ability: Flash Fire\n|-supereffective|p2a: Rillaboom\n|-damage|p2a: Rillaboom|0 fnt\n|faint|p2a: Rillaboom\n|\n|-heal|p2b: Heatran|28\/100|[from] Grassy Terrain\n|-heal|p1b: Iron Hands|20\/100|[from] Grassy Terrain\n|upkeep\n|\n|t:|1700365344\n|switch|p2a: Iron Valiant|Iron Valiant, L50|48\/100 brn\n|turn|10\n|\n|t:|1700365359\n|move|p1a: Heatran|Protect|p1a: Heatran\n|-singleturn|p1a: Heatran|Protect\n|move|p2a: Iron Valiant|Encore|p1b: Iron Hands\n|-start|p1b: Iron Hands|Encore\n|move|p2b: Heatran|Earth Power|p1a: Heatran\n|-activate|p1a: Heatran|move: Protect\n|move|p1b: Iron Hands|Fake Out||[still]\n|-hint|Fake Out only works on your first turn out.\n|-fail|p1b: Iron Hands\n|\n|-heal|p2a: Iron Valiant|54\/100 brn|[from] Grassy Terrain\n|-heal|p2b: Heatran|34\/100|[from] Grassy Terrain\n|-heal|p1b: Iron Hands|26\/100|[from] Grassy Terrain\n|-damage|p2a: Iron Valiant|48\/100 brn|[from] brn\n|upkeep\n|turn|11\n|\n|t:|1700365383\n|-terastallize|p1a: Heatran|Grass\n|move|p1b: Iron Hands|Fake Out||[still]\n|-hint|Fake Out only works on your first turn out.\n|-fail|p1b: Iron Hands\n|move|p2a: Iron Valiant|Encore|p1a: Heatran\n|-start|p1a: Heatran|Encore\n|move|p2b: Heatran|Heat Wave|p1a: Heatran|[spread] p1b\n|-immune|p1a: Heatran|[from] ability: Flash Fire\n|-damage|p1b: Iron Hands|0 fnt\n|faint|p1b: Iron Hands\n|-end|p1b: Iron Hands|Quark Drive|[silent]\n|-damage|p2b: Heatran|24\/100|[from] item: Life Orb\n|move|p1a: Heatran|Protect||[still]\n|-fail|p1a: Heatran\n|\n|-heal|p2a: Iron Valiant|54\/100 brn|[from] Grassy Terrain\n|-heal|p2b: Heatran|30\/100|[from] Grassy Terrain\n|-damage|p2a: Iron Valiant|48\/100 brn|[from] brn\n|-fieldend|move: Grassy Terrain\n|upkeep\n|\n|t:|1700365406\n|switch|p1b: Landorus|Landorus-Therian, L50, M|100\/100\n|-ability|p1b: Landorus|Intimidate|boost\n|-unboost|p2a: Iron Valiant|atk|1\n|-unboost|p2b: Heatran|atk|1\n|turn|12\n|\n|t:|1700365423\n|move|p2b: Heatran|Protect|p2b: Heatran\n|-singleturn|p2b: Heatran|Protect\n|move|p1a: Heatran|Protect|p1a: Heatran\n|-singleturn|p1a: Heatran|Protect\n|move|p1b: Landorus|Stomping Tantrum|p2a: Iron Valiant\n|-damage|p2a: Iron Valiant|0 fnt\n|faint|p2a: Iron Valiant\n|-end|p2a: Iron Valiant|Quark Drive|[silent]\n|\n|upkeep\n|turn|13\n|\n|t:|1700365433\n|move|p1a: Heatran|Protect||[still]\n|-fail|p1a: Heatran\n|move|p1b: Landorus|Stomping Tantrum|p2b: Heatran\n|-supereffective|p2b: Heatran\n|-damage|p2b: Heatran|0 fnt\n|faint|p2b: Heatran\n|\n|win|iPetBigfoot\n|c|&|\/uhtml prompt-ipetbigfoot,iPetBigfoot is ready for game 2!\n|c|&|\/uhtml prompt-lameliarleo,LameLiarLeo is ready for game 2!\nBoth players are ready! Starting next match!\n|l|\u2606iPetBigfoot\n","uploadtime":1700366283,"views":10,"p1id":"ipetbigfoot","p2id":"lameliarleo","formatid":"gen9vgc2023regulatione","rating":0,"private":0,"password":""}