{"id":"gen9vgc2023regulatione-1993659908","p1":"Sun mack2828","p2":"lllllHONGlllll","format":"[Gen 9] VGC 2023 Regulation E","log":"|j|\u2606Sun mack2828\n|j|\u2606lllllHONGlllll\n|t:|1700342619\n|gametype|doubles\n|player|p1|Sun mack2828|bruno|1350\n|player|p2|lllllHONGlllll|veteranf|1261\n|teamsize|p1|6\n|teamsize|p2|6\n|gen|9\n|tier|[Gen 9] VGC 2023 Regulation E\n|rated|\n|rule|Species Clause: Limit one of each Pok\u00e9mon\n|rule|Item Clause: Limit one of each item\n|clearpoke\n|poke|p1|Urshifu-*, L50, M|\n|poke|p1|Kingambit, L50, F|\n|poke|p1|Ogerpon-Hearthflame, L50, F|\n|poke|p1|Amoonguss, L50, M|\n|poke|p1|Chien-Pao, L50|\n|poke|p1|Dragonite, L50, M|\n|poke|p2|Ogerpon-Wellspring, L50, F|\n|poke|p2|Dusclops, L50, F|\n|poke|p2|Ursaluna-Bloodmoon, L50, M|\n|poke|p2|Iron Hands, L50|\n|poke|p2|Landorus-Therian, L50, M|\n|poke|p2|Chi-Yu, L50|\n|teampreview|4\n|\n|t:|1700342644\n|start\n|switch|p1a: Amoonguss|Amoonguss, L50, M|100\/100\n|switch|p1b: Urshifu|Urshifu-Rapid-Strike, L50, M|100\/100\n|switch|p2a: Dusclops|Dusclops, L50, F, shiny|100\/100\n|switch|p2b: Iron Hands|Iron Hands, L50, shiny|100\/100\n|-ability|p2a: Dusclops|Pressure\n|turn|1\n|\n|t:|1700342665\n|-terastallize|p1b: Urshifu|Poison\n|move|p2b: Iron Hands|Fake Out|p1a: Amoonguss\n|-damage|p1a: Amoonguss|83\/100\n|move|p1b: Urshifu|Surging Strikes|p2b: Iron Hands\n|-crit|p2b: Iron Hands\n|-damage|p2b: Iron Hands|87\/100\n|-crit|p2b: Iron Hands\n|-damage|p2b: Iron Hands|72\/100\n|-crit|p2b: Iron Hands\n|-damage|p2b: Iron Hands|57\/100\n|-hitcount|p2b: Iron Hands|3\n|cant|p1a: Amoonguss|flinch\n|move|p2a: Dusclops|Will-O-Wisp|p1b: Urshifu\n|-status|p1b: Urshifu|brn\n|\n|-damage|p1b: Urshifu|94\/100 brn|[from] brn\n|upkeep\n|turn|2\n|\n|t:|1700342712\n|move|p1b: Urshifu|Surging Strikes|p2b: Iron Hands\n|-crit|p2b: Iron Hands\n|-damage|p2b: Iron Hands|50\/100\n|-crit|p2b: Iron Hands\n|-damage|p2b: Iron Hands|44\/100\n|-crit|p2b: Iron Hands\n|-damage|p2b: Iron Hands|37\/100\n|-hitcount|p2b: Iron Hands|3\n|move|p1a: Amoonguss|Spore|p2a: Dusclops\n|-status|p2a: Dusclops|slp|[from] move: Spore\n|move|p2b: Iron Hands|Heavy Slam|p1b: Urshifu\n|-damage|p1b: Urshifu|63\/100 brn\n|cant|p2a: Dusclops|slp\n|\n|-damage|p1b: Urshifu|57\/100 brn|[from] brn\n|upkeep\n|turn|3\n|\n|t:|1700342743\n|switch|p2a: Chi-Yu|Chi-Yu, L50|100\/100\n|-ability|p2a: Chi-Yu|Beads of Ruin\n|move|p1b: Urshifu|Surging Strikes|p2b: Iron Hands\n|-crit|p2b: Iron Hands\n|-damage|p2b: Iron Hands|30\/100\n|-crit|p2b: Iron Hands\n|-damage|p2b: Iron Hands|22\/100\n|-crit|p2b: Iron Hands\n|-damage|p2b: Iron Hands|16\/100\n|-hitcount|p2b: Iron Hands|3\n|move|p1a: Amoonguss|Spore|p2b: Iron Hands\n|-status|p2b: Iron Hands|slp|[from] move: Spore\n|cant|p2b: Iron Hands|slp\n|\n|-damage|p1b: Urshifu|50\/100 brn|[from] brn\n|upkeep\n|turn|4\n|\n|t:|1700342765\n|-end|p2b: Iron Hands|Quark Drive|[silent]\n|switch|p2b: Dusclops|Dusclops, L50, F, shiny|100\/100 slp\n|-ability|p2b: Dusclops|Pressure\n|-terastallize|p2a: Chi-Yu|Ghost\n|move|p1a: Amoonguss|Protect|p1a: Amoonguss\n|-singleturn|p1a: Amoonguss|Protect\n|move|p1b: Urshifu|Surging Strikes|p2a: Chi-Yu\n|-crit|p2a: Chi-Yu\n|-damage|p2a: Chi-Yu|81\/100\n|-crit|p2a: Chi-Yu\n|-damage|p2a: Chi-Yu|64\/100\n|-crit|p2a: Chi-Yu\n|-damage|p2a: Chi-Yu|45\/100\n|-hitcount|p2a: Chi-Yu|3\n|move|p2a: Chi-Yu|Heat Wave|p1a: Amoonguss|[spread] p1b\n|-activate|p1a: Amoonguss|move: Protect\n|-damage|p1b: Urshifu|0 fnt\n|faint|p1b: Urshifu\n|\n|upkeep\n|\n|t:|1700342786\n|switch|p1b: Dragonite|Dragonite, L50, M, shiny|100\/100\n|turn|5\n|\n|t:|1700342809\n|switch|p1a: Chien-Pao|Chien-Pao, L50|100\/100\n|-ability|p1a: Chien-Pao|Sword of Ruin\n|move|p2a: Chi-Yu|Heat Wave|p1b: Dragonite|[spread] p1a,p1b\n|-supereffective|p1a: Chien-Pao\n|-resisted|p1b: Dragonite\n|-enditem|p1a: Chien-Pao|Focus Sash\n|-damage|p1a: Chien-Pao|1\/100\n|-damage|p1b: Dragonite|75\/100\n|move|p1b: Dragonite|Outrage|p2a: Chi-Yu\n|-damage|p2a: Chi-Yu|0 fnt\n|faint|p2a: Chi-Yu\n|cant|p2b: Dusclops|slp\n|\n|upkeep\n|\n|t:|1700342832\n|switch|p2a: Ursaluna|Ursaluna-Bloodmoon, L50, M|100\/100\n|turn|6\n|\n|t:|1700342842\n|move|p2a: Ursaluna|Protect|p2a: Ursaluna\n|-singleturn|p2a: Ursaluna|Protect\n|move|p1a: Chien-Pao|Ice Spinner|p2b: Dusclops\n|-damage|p2b: Dusclops|64\/100 slp\n|move|p1b: Dragonite|Outrage|p2b: Dusclops|[from]lockedmove\n|-damage|p2b: Dusclops|0 fnt\n|faint|p2b: Dusclops\n|\n|upkeep\n|\n|t:|1700342852\n|switch|p2b: Iron Hands|Iron Hands, L50, shiny|16\/100 slp\n|turn|7\n|\n|t:|1700342865\n|cant|p2b: Iron Hands|slp\n|move|p1a: Chien-Pao|Ice Spinner|p2a: Ursaluna\n|-supereffective|p2a: Ursaluna\n|-damage|p2a: Ursaluna|20\/100\n|-enditem|p2a: Ursaluna|Weakness Policy\n|-boost|p2a: Ursaluna|atk|2|[from] item: Weakness Policy\n|-boost|p2a: Ursaluna|spa|2|[from] item: Weakness Policy\n|move|p1b: Dragonite|Outrage|p2a: Ursaluna|[from]lockedmove\n|-damage|p2a: Ursaluna|0 fnt\n|faint|p2a: Ursaluna\n|-start|p1b: Dragonite|confusion|[fatigue]\n|\n|upkeep\n|turn|8\n|-message|lllllHONGlllll forfeited.\n|\n|win|Sun mack2828\n|raw|Sun mack2828's rating: 1350 &rarr; <strong>1365<\/strong><br \/>(+15 for winning)\n|raw|lllllHONGlllll's rating: 1261 &rarr; <strong>1242<\/strong><br \/>(-19 for losing)\n|l|\u2606lllllHONGlllll\n","uploadtime":1700342882,"views":13,"p1id":"sunmack2828","p2id":"lllllhonglllll","formatid":"gen9vgc2023regulatione","rating":1242,"private":0,"password":""}