{"id":"gen9vgc2023regulatione-2000080080","p1":"Super Melusine","p2":"whyismynamejeff","format":"[Gen 9] VGC 2023 Regulation E","log":"|j|\u2606Super Melusine\n|j|\u2606whyismynamejeff\n|t:|1701151030\n|gametype|doubles\n|player|p1|Super Melusine|265|\n|player|p2|whyismynamejeff|colress|\n|teamsize|p1|6\n|teamsize|p2|6\n|gen|9\n|tier|[Gen 9] VGC 2023 Regulation E\n|rated|Tournament battle\n|rule|Species Clause: Limit one of each Pok\u00e9mon\n|rule|Item Clause: Limit one of each item\n|clearpoke\n|poke|p1|Flutter Mane, L50|\n|poke|p1|Arcanine-Hisui, L50, M|\n|poke|p1|Urshifu-*, L50, F|\n|poke|p1|Ogerpon-Wellspring, L50, F|\n|poke|p1|Cresselia, L50, F|\n|poke|p1|Ursaluna, L50, F|\n|poke|p2|Farigiraf, L50, M|\n|poke|p2|Iron Hands, L50|\n|poke|p2|Urshifu-*, L50, F|\n|poke|p2|Chien-Pao, L50|\n|poke|p2|Tornadus, L50, M|\n|poke|p2|Flutter Mane, L50|\n|teampreview|4\n|showteam|p1|Flutter Mane||ChoiceSpecs|Protosynthesis|DazzlingGleam,ShadowBall,Moonblast,MysticalFire||||||50|,,,,,Water]Arcanine-Hisui||LifeOrb|Intimidate|FlareBlitz,RockSlide,ExtremeSpeed,Protect|||M|||50|,,,,,Water]Urshifu||FocusSash|UnseenFist|WickedBlow,SuckerPunch,CloseCombat,Protect|||F|||50|,,,,,Dark]Ogerpon-Wellspring||WellspringMask|WaterAbsorb|SpikyShield,IvyCudgel,FollowMe,HornLeech|||F|||50|,,,,,Water]Cresselia||RockyHelmet|Levitate|Moonblast,TrickRoom,AllySwitch,LunarBlessing|||F|||50|,,,,,Fairy]Ursaluna||FlameOrb|Guts|Facade,Earthquake,SwordsDance,Protect|||F|||50|,,,,,Dragon\n|showteam|p2|Farigiraf||SitrusBerry|ArmorTail|TrickRoom,Imprison,Psychic,DazzlingGleam|||M|||50|,,,,,Fairy]Iron Hands||AssaultVest|QuarkDrive|WildCharge,DrainPunch,HeavySlam,FakeOut||||||50|,,,,,Grass]Urshifu-Rapid-Strike||ChoiceScarf|UnseenFist|SurgingStrikes,AquaJet,CloseCombat,Uturn|||F|||50|,,,,,Water]Chien-Pao||FocusSash|SwordofRuin|SuckerPunch,Crunch,IceSpinner,Protect||||||50|,,,,,Dark]Tornadus||CovertCloak|Prankster|Tailwind,BleakwindStorm,RainDance,Taunt|||M|||50|,,,,,Flying]Flutter Mane||ChoiceSpecs|Protosynthesis|DazzlingGleam,Moonblast,Thunderbolt,ShadowBall||||||50|,,,,,Fairy\n|\n|t:|1701151081\n|start\n|switch|p1a: Flutter Mane|Flutter Mane, L50|100\/100\n|switch|p1b: Arcanine|Arcanine-Hisui, L50, M|100\/100\n|switch|p2a: Sparky Hariyama|Iron Hands, L50, shiny|100\/100\n|switch|p2b: Sword Cat|Chien-Pao, L50|100\/100\n|-ability|p2b: Sword Cat|Sword of Ruin\n|-ability|p1b: Arcanine|Intimidate|boost\n|-unboost|p2a: Sparky Hariyama|atk|1\n|-unboost|p2b: Sword Cat|atk|1\n|turn|1\n|\n|t:|1701151108\n|-terastallize|p1a: Flutter Mane|Water\n|move|p2b: Sword Cat|Protect|p2b: Sword Cat\n|-singleturn|p2b: Sword Cat|Protect\n|move|p2a: Sparky Hariyama|Fake Out|p1b: Arcanine\n|-resisted|p1b: Arcanine\n|-damage|p1b: Arcanine|93\/100\n|move|p1a: Flutter Mane|Dazzling Gleam|p2a: Sparky Hariyama|[spread] p2a\n|-activate|p2b: Sword Cat|move: Protect\n|-supereffective|p2a: Sparky Hariyama\n|-damage|p2a: Sparky Hariyama|50\/100\n|cant|p1b: Arcanine|flinch\n|\n|upkeep\n|turn|2\n|\n|t:|1701151133\n|move|p2b: Sword Cat|Sucker Punch|p1b: Arcanine\n|-damage|p1b: Arcanine|56\/100\n|move|p1a: Flutter Mane|Dazzling Gleam|p2b: Sword Cat|[spread] p2a,p2b\n|-supereffective|p2a: Sparky Hariyama\n|-supereffective|p2b: Sword Cat\n|-damage|p2a: Sparky Hariyama|0 fnt\n|-enditem|p2b: Sword Cat|Focus Sash\n|-damage|p2b: Sword Cat|1\/100\n|faint|p2a: Sparky Hariyama\n|-end|p2a: Sparky Hariyama|Quark Drive|[silent]\n|move|p1b: Arcanine|Rock Slide|p2b: Sword Cat|[miss]\n|-miss|p1b: Arcanine|p2b: Sword Cat\n|\n|upkeep\n|\n|t:|1701151144\n|switch|p2a: Water Bear|Urshifu-Rapid-Strike, L50, F|100\/100\n|turn|3\n|\n|t:|1701151158\n|switch|p1b: Ogerpon|Ogerpon-Wellspring, L50, F|100\/100\n|move|p2b: Sword Cat|Protect|p2b: Sword Cat\n|-singleturn|p2b: Sword Cat|Protect\n|move|p2a: Water Bear|Aqua Jet|p1b: Ogerpon\n|-immune|p1b: Ogerpon|[from] ability: Water Absorb\n|move|p1a: Flutter Mane|Dazzling Gleam|p2b: Sword Cat|[spread] p2a\n|-activate|p2b: Sword Cat|move: Protect\n|-supereffective|p2a: Water Bear\n|-damage|p2a: Water Bear|0 fnt\n|faint|p2a: Water Bear\n|\n|upkeep\n|\n|t:|1701151168\n|switch|p2a: Big Misdreavus|Flutter Mane, L50|100\/100\n|turn|4\n|\n|t:|1701151201\n|move|p1b: Ogerpon|Follow Me|p1b: Ogerpon\n|-singleturn|p1b: Ogerpon|move: Follow Me\n|move|p2a: Big Misdreavus|Thunderbolt|p1b: Ogerpon\n|-damage|p1b: Ogerpon|61\/100\n|move|p1a: Flutter Mane|Dazzling Gleam|p2a: Big Misdreavus|[spread] p2a,p2b\n|-supereffective|p2b: Sword Cat\n|-damage|p2a: Big Misdreavus|59\/100\n|-damage|p2b: Sword Cat|0 fnt\n|faint|p2b: Sword Cat\n|\n|upkeep\n|turn|5\n|\n|t:|1701151237\n|move|p2a: Big Misdreavus|Thunderbolt|p1a: Flutter Mane\n|-supereffective|p1a: Flutter Mane\n|-damage|p1a: Flutter Mane|22\/100\n|move|p1a: Flutter Mane|Dazzling Gleam|p2a: Big Misdreavus\n|-crit|p2a: Big Misdreavus\n|-damage|p2a: Big Misdreavus|0 fnt\n|faint|p2a: Big Misdreavus\n|-end|p2a: Big Misdreavus|Protosynthesis|[silent]\n|\n|win|Super Melusine\n|n|\u2606Super Melusine|supermelusine\n|n|\u2606whyismynamejeff|whyismynamejeff\n","uploadtime":1701151244,"views":6,"p1id":"supermelusine","p2id":"whyismynamejeff","formatid":"gen9vgc2023regulatione","rating":0,"private":0,"password":""}