{"id":"gen9vgc2023regulatione-1990192450","p1":"Moxiemencefan21","p2":"testingtothetop69","format":"[Gen 9] VGC 2023 Regulation E","log":"|j|\u2606Moxiemencefan21\n|j|\u2606testingtothetop69\n|t:|1699935307\n|gametype|doubles\n|player|p1|Moxiemencefan21|1|1385\n|player|p2|testingtothetop69|baker|1358\n|teamsize|p1|6\n|teamsize|p2|6\n|gen|9\n|tier|[Gen 9] VGC 2023 Regulation E\n|rated|\n|rule|Species Clause: Limit one of each Pok\u00e9mon\n|rule|Item Clause: Limit one of each item\n|clearpoke\n|poke|p1|Flutter Mane, L50|\n|poke|p1|Chi-Yu, L50|\n|poke|p1|Roaring Moon, L50|\n|poke|p1|Torkoal, L50, M|\n|poke|p1|Ogerpon-Wellspring, L50, F|\n|poke|p1|Rillaboom, L50, M|\n|poke|p2|Sinistcha-Masterpiece, L50|\n|poke|p2|Tornadus, L50, M|\n|poke|p2|Ogerpon, L50, F|\n|poke|p2|Landorus-Therian, L50, M|\n|poke|p2|Armarouge, L50, M|\n|poke|p2|Indeedee-F, L50, F|\n|teampreview|4\n|inactive|Battle timer is ON: inactive players will automatically lose when time's up. (requested by testingtothetop69)\n|\n|t:|1699935361\n|start\n|switch|p1a: Chi-Yu|Chi-Yu, L50|100\/100\n|switch|p1b: Keanu Reeves|Flutter Mane, L50|100\/100\n|switch|p2a: Armarouge|Armarouge, L50, M|100\/100\n|switch|p2b: Landorus|Landorus-Therian, L50, M|100\/100\n|-ability|p2b: Landorus|Intimidate|boost\n|-unboost|p1a: Chi-Yu|atk|1\n|-unboost|p1b: Keanu Reeves|atk|1\n|-ability|p1a: Chi-Yu|Beads of Ruin\n|turn|1\n|inactive|Moxiemencefan21 has 30 seconds left.\n|inactive|Moxiemencefan21 has 20 seconds left.\n|inactive|testingtothetop69 has 30 seconds left.\n|inactive|Moxiemencefan21 has 15 seconds left.\n|inactive|Moxiemencefan21 has 10 seconds left.\n|\n|t:|1699935407\n|move|p2a: Armarouge|Wide Guard|p2a: Armarouge\n|-singleturn|p2a: Armarouge|Wide Guard\n|move|p2b: Landorus|U-turn|p1a: Chi-Yu\n|-damage|p1a: Chi-Yu|59\/100\n|\n|t:|1699935412\n|switch|p2b: Indeedee|Indeedee-F, L50, F|100\/100|[from] U-turn\n|-fieldstart|move: Psychic Terrain|[from] ability: Psychic Surge|[of] p2b: Indeedee\n|-enditem|p2b: Indeedee|Psychic Seed\n|-boost|p2b: Indeedee|spd|1|[from] item: Psychic Seed\n|move|p1b: Keanu Reeves|Dazzling Gleam|p2a: Armarouge|[spread] \n|-activate|p2a: Armarouge|move: Wide Guard\n|-activate|p2b: Indeedee|move: Wide Guard\n|move|p1a: Chi-Yu|Snarl|p2b: Indeedee|[spread] \n|-activate|p2a: Armarouge|move: Wide Guard\n|-activate|p2b: Indeedee|move: Wide Guard\n|\n|upkeep\n|turn|2\n|inactive|Moxiemencefan21 has 30 seconds left.\n|\n|t:|1699935441\n|move|p2a: Armarouge|Wide Guard|p2a: Armarouge\n|-singleturn|p2a: Armarouge|Wide Guard\n|move|p1b: Keanu Reeves|Dazzling Gleam|p2a: Armarouge|[spread] \n|-activate|p2a: Armarouge|move: Wide Guard\n|-activate|p2b: Indeedee|move: Wide Guard\n|move|p1a: Chi-Yu|Dark Pulse|p2b: Indeedee\n|-supereffective|p2b: Indeedee\n|-damage|p2b: Indeedee|18\/100\n|move|p2b: Indeedee|Psychic|p1b: Keanu Reeves\n|-damage|p1b: Keanu Reeves|47\/100\n|\n|upkeep\n|turn|3\n|inactive|Moxiemencefan21 has 30 seconds left.\n|\n|t:|1699935466\n|move|p2a: Armarouge|Wide Guard|p2a: Armarouge\n|-singleturn|p2a: Armarouge|Wide Guard\n|move|p1b: Keanu Reeves|Dazzling Gleam|p2a: Armarouge|[spread] \n|-activate|p2a: Armarouge|move: Wide Guard\n|-activate|p2b: Indeedee|move: Wide Guard\n|move|p1a: Chi-Yu|Snarl|p2b: Indeedee|[spread] \n|-activate|p2a: Armarouge|move: Wide Guard\n|-activate|p2b: Indeedee|move: Wide Guard\n|move|p2b: Indeedee|Psychic|p1b: Keanu Reeves\n|-crit|p1b: Keanu Reeves\n|-damage|p1b: Keanu Reeves|0 fnt\n|faint|p1b: Keanu Reeves\n|-end|p1b: Keanu Reeves|Protosynthesis|[silent]\n|\n|upkeep\n|\n|t:|1699935473\n|switch|p1b: Roaring Moon|Roaring Moon, L50|100\/100\n|-enditem|p1b: Roaring Moon|Booster Energy\n|-activate|p1b: Roaring Moon|ability: Protosynthesis|[fromitem]\n|-start|p1b: Roaring Moon|protosynthesisspe\n|turn|4\n|\n|t:|1699935492\n|switch|p2a: Landorus|Landorus-Therian, L50, M|100\/100\n|-ability|p2a: Landorus|Intimidate|boost\n|-unboost|p1a: Chi-Yu|atk|1\n|-unboost|p1b: Roaring Moon|atk|1\n|move|p1b: Roaring Moon|Knock Off|p2b: Indeedee\n|-supereffective|p2b: Indeedee\n|-crit|p2b: Indeedee\n|-damage|p2b: Indeedee|0 fnt\n|faint|p2b: Indeedee\n|move|p1a: Chi-Yu|Dark Pulse|p2a: Landorus\n|-damage|p2a: Landorus|7\/100\n|\n|upkeep\n|\n|t:|1699935501\n|switch|p2b: Armarouge|Armarouge, L50, M|100\/100\n|turn|5\n|\n|t:|1699935523\n|move|p1b: Roaring Moon|Knock Off|p2a: Landorus\n|-damage|p2a: Landorus|0 fnt\n|-enditem|p2a: Landorus|Choice Scarf|[from] move: Knock Off|[of] p1b: Roaring Moon\n|faint|p2a: Landorus\n|move|p1a: Chi-Yu|Dark Pulse|p2b: Armarouge\n|-supereffective|p2b: Armarouge\n|-damage|p2b: Armarouge|0 fnt\n|faint|p2b: Armarouge\n|\n|-fieldend|move: Psychic Terrain\n|upkeep\n|\n|t:|1699935531\n|switch|p2b: Ogerpon|Ogerpon, L50, F|100\/100\n|turn|6\n|\n|t:|1699935543\n|move|p1b: Roaring Moon|Tailwind|p1b: Roaring Moon\n|-sidestart|p1: Moxiemencefan21|move: Tailwind\n|move|p1a: Chi-Yu|Heat Wave|p2b: Ogerpon|[miss]\n|-miss|p1a: Chi-Yu|p2b: Ogerpon\n|move|p2b: Ogerpon|Play Rough|p1b: Roaring Moon\n|-supereffective|p1b: Roaring Moon\n|-damage|p1b: Roaring Moon|0 fnt\n|faint|p1b: Roaring Moon\n|-end|p1b: Roaring Moon|Protosynthesis|[silent]\n|\n|upkeep\n|\n|t:|1699935550\n|switch|p1b: Torkoal|Torkoal, L50, M|100\/100\n|-weather|SunnyDay|[from] ability: Drought|[of] p1b: Torkoal\n|turn|7\n|\n|t:|1699935561\n|-terastallize|p1b: Torkoal|Fire\n|-terastallize|p2b: Ogerpon|Grass\n|detailschange|p2b: Ogerpon|Ogerpon-Teal-Tera, L50, F, tera:Grass\n|-ability|p2b: Ogerpon|Embody Aspect (Teal)|boost\n|-boost|p2b: Ogerpon|spe|1\n|move|p1a: Chi-Yu|Heat Wave|p2b: Ogerpon\n|-supereffective|p2b: Ogerpon\n|-enditem|p2b: Ogerpon|Focus Sash\n|-damage|p2b: Ogerpon|1\/100\n|move|p2b: Ogerpon|Ivy Cudgel|p1a: Chi-Yu\n|-resisted|p1a: Chi-Yu\n|-crit|p1a: Chi-Yu\n|-damage|p1a: Chi-Yu|0 fnt\n|faint|p1a: Chi-Yu\n|move|p1b: Torkoal|Eruption|p2b: Ogerpon\n|-supereffective|p2b: Ogerpon\n|-damage|p2b: Ogerpon|0 fnt\n|faint|p2b: Ogerpon\n|\n|win|Moxiemencefan21\n|raw|Moxiemencefan21's rating: 1385 &rarr; <strong>1403<\/strong><br \/>(+18 for winning)\n|raw|testingtothetop69's rating: 1358 &rarr; <strong>1340<\/strong><br \/>(-18 for losing)\n","uploadtime":1699935587,"views":8,"p1id":"moxiemencefan21","p2id":"testingtothetop69","formatid":"gen9vgc2023regulatione","rating":1340,"private":0,"password":""}