{"id":"gen9vgc2023regulatione-1992999037","p1":"joyfulwraith","p2":"luk29powavgcwp","format":"[Gen 9] VGC 2023 Regulation E","log":"|j|\u2606joyfulwraith\n|j|\u2606luk29powavgcwp\n|t:|1700254101\n|gametype|doubles\n|player|p1|joyfulwraith|101|1102\n|player|p2|luk29powavgcwp|102|1086\n|teamsize|p1|6\n|teamsize|p2|6\n|gen|9\n|tier|[Gen 9] VGC 2023 Regulation E\n|rated|\n|rule|Species Clause: Limit one of each Pok\u00e9mon\n|rule|Item Clause: Limit one of each item\n|clearpoke\n|poke|p1|Tornadus, L50, M|\n|poke|p1|Landorus-Therian, L50, M|\n|poke|p1|Flutter Mane, L50|\n|poke|p1|Ogerpon, L50, F|\n|poke|p1|Chien-Pao, L50|\n|poke|p1|Empoleon, L50, F|\n|poke|p2|Tornadus, L50, M|\n|poke|p2|Landorus-Therian, L50, M|\n|poke|p2|Gholdengo, L50|\n|poke|p2|Ogerpon-Hearthflame, L50, F|\n|poke|p2|Urshifu-*, L50, M|\n|poke|p2|Iron Bundle, L50|\n|teampreview|4\n|inactive|Battle timer is ON: inactive players will automatically lose when time's up. (requested by luk29powavgcwp)\n|\n|t:|1700254155\n|start\n|switch|p1a: Ogerpon|Ogerpon, L50, F|100\/100\n|switch|p1b: Empoleon|Empoleon, L50, F|100\/100\n|switch|p2a: Tornadus|Tornadus, L50, M|100\/100\n|switch|p2b: Ogerpon|Ogerpon-Hearthflame, L50, F|100\/100\n|-ability|p2b: Ogerpon|Mold Breaker\n|turn|1\n|inactive|joyfulwraith has 30 seconds left.\n|inactive|luk29powavgcwp has 30 seconds left.\n|inactive|joyfulwraith has 20 seconds left.\n|inactive|joyfulwraith has 15 seconds left.\n|\n|t:|1700254196\n|move|p2a: Tornadus|Bleakwind Storm|p1a: Ogerpon|[spread] p1a,p1b\n|-supereffective|p1a: Ogerpon\n|-resisted|p1b: Empoleon\n|-damage|p1a: Ogerpon|8\/100\n|-damage|p1b: Empoleon|90\/100\n|-unboost|p1a: Ogerpon|spe|1\n|-ability|p1a: Ogerpon|Defiant|boost\n|-boost|p1a: Ogerpon|atk|2\n|-enditem|p1a: Ogerpon|Sitrus Berry|[eat]\n|-heal|p1a: Ogerpon|32\/100|[from] item: Sitrus Berry\n|move|p2b: Ogerpon|Substitute|p2b: Ogerpon\n|-start|p2b: Ogerpon|Substitute\n|-damage|p2b: Ogerpon|75\/100\n|move|p1a: Ogerpon|Play Rough|p2b: Ogerpon\n|-resisted|p2b: Ogerpon\n|-end|p2b: Ogerpon|Substitute\n|move|p1b: Empoleon|Ice Beam|p2a: Tornadus\n|-supereffective|p2a: Tornadus\n|-damage|p2a: Tornadus|9\/100\n|\n|upkeep\n|turn|2\n|inactive|luk29powavgcwp has 30 seconds left.\n|\n|t:|1700254228\n|move|p1a: Ogerpon|Spiky Shield|p1a: Ogerpon\n|-singleturn|p1a: Ogerpon|move: Protect\n|move|p2a: Tornadus|Tailwind|p2a: Tornadus\n|-sidestart|p2: luk29powavgcwp|move: Tailwind\n|move|p1b: Empoleon|Vacuum Wave|p2a: Tornadus\n|-resisted|p2a: Tornadus\n|-damage|p2a: Tornadus|0 fnt\n|faint|p2a: Tornadus\n|move|p2b: Ogerpon|Wood Hammer|p1b: Empoleon\n|-damage|p1b: Empoleon|12\/100\n|-damage|p2b: Ogerpon|44\/100|[from] Recoil\n|\n|upkeep\n|\n|t:|1700254242\n|switch|p2a: Iron Bundle|Iron Bundle, L50|100\/100\n|-enditem|p2a: Iron Bundle|Booster Energy\n|-activate|p2a: Iron Bundle|ability: Quark Drive|[fromitem]\n|-start|p2a: Iron Bundle|quarkdrivespe\n|turn|3\n|inactive|joyfulwraith has 30 seconds left.\n|\n|t:|1700254270\n|move|p2a: Iron Bundle|Icy Wind|p1a: Ogerpon|[spread] p1a,p1b\n|-supereffective|p1a: Ogerpon\n|-resisted|p1b: Empoleon\n|-damage|p1a: Ogerpon|0 fnt\n|-damage|p1b: Empoleon|10\/100\n|-unboost|p1b: Empoleon|spe|1\n|-ability|p1b: Empoleon|Competitive|boost\n|-boost|p1b: Empoleon|spa|2\n|faint|p1a: Ogerpon\n|move|p2b: Ogerpon|Ivy Cudgel|p1b: Empoleon|[anim] Ivy Cudgel Fire\n|-damage|p1b: Empoleon|0 fnt\n|faint|p1b: Empoleon\n|\n|upkeep\n|\n|t:|1700254281\n|switch|p1a: Chien-Pao|Chien-Pao, L50|100\/100\n|switch|p1b: Tornadus|Tornadus, L50, M|100\/100\n|-ability|p1a: Chien-Pao|Sword of Ruin\n|turn|4\n|\n|t:|1700254303\n|move|p2b: Ogerpon|Spiky Shield|p2b: Ogerpon\n|-singleturn|p2b: Ogerpon|move: Protect\n|move|p1b: Tornadus|Tailwind|p1b: Tornadus\n|-sidestart|p1: joyfulwraith|move: Tailwind\n|move|p2a: Iron Bundle|Icy Wind|p1b: Tornadus|[spread] p1a,p1b\n|-resisted|p1a: Chien-Pao\n|-supereffective|p1b: Tornadus\n|-damage|p1a: Chien-Pao|86\/100\n|-damage|p1b: Tornadus|58\/100\n|-unboost|p1a: Chien-Pao|spe|1\n|move|p1a: Chien-Pao|Sacred Sword|p2a: Iron Bundle\n|-supereffective|p2a: Iron Bundle\n|-damage|p2a: Iron Bundle|2\/100\n|\n|upkeep\n|turn|5\n|\n|t:|1700254327\n|move|p1b: Tornadus|Protect|p1b: Tornadus\n|-singleturn|p1b: Tornadus|Protect\n|move|p1a: Chien-Pao|Protect|p1a: Chien-Pao\n|-singleturn|p1a: Chien-Pao|Protect\n|move|p2a: Iron Bundle|Icy Wind|p1a: Chien-Pao|[spread] \n|-activate|p1a: Chien-Pao|move: Protect\n|-activate|p1b: Tornadus|move: Protect\n|move|p2b: Ogerpon|Ivy Cudgel|p1b: Tornadus|[anim] Ivy Cudgel Fire\n|-activate|p1b: Tornadus|move: Protect\n|\n|-sideend|p2: luk29powavgcwp|move: Tailwind\n|upkeep\n|turn|6\n|\n|t:|1700254350\n|move|p2a: Iron Bundle|Freeze-Dry|p1b: Tornadus\n|-supereffective|p1b: Tornadus\n|-damage|p1b: Tornadus|0 fnt\n|faint|p1b: Tornadus\n|move|p1a: Chien-Pao|Icicle Crash|p2b: Ogerpon\n|-damage|p2b: Ogerpon|0 fnt\n|faint|p2b: Ogerpon\n|\n|upkeep\n|\n|t:|1700254359\n|switch|p2b: Urshifu|Urshifu, L50, M|100\/100\n|turn|7\n|\n|t:|1700254371\n|-terastallize|p2b: Urshifu|Poison\n|move|p2a: Iron Bundle|Icy Wind|p1a: Chien-Pao\n|-resisted|p1a: Chien-Pao\n|-damage|p1a: Chien-Pao|68\/100\n|-unboost|p1a: Chien-Pao|spe|1\n|move|p1a: Chien-Pao|Sacred Sword|p2a: Iron Bundle\n|-supereffective|p2a: Iron Bundle\n|-damage|p2a: Iron Bundle|0 fnt\n|faint|p2a: Iron Bundle\n|-end|p2a: Iron Bundle|Quark Drive|[silent]\n|move|p2b: Urshifu|Close Combat|p1a: Chien-Pao\n|-supereffective|p1a: Chien-Pao\n|-damage|p1a: Chien-Pao|0 fnt\n|-unboost|p2b: Urshifu|def|1\n|-unboost|p2b: Urshifu|spd|1\n|faint|p1a: Chien-Pao\n|\n|win|luk29powavgcwp\n|raw|joyfulwraith's rating: 1102 &rarr; <strong>1076<\/strong><br \/>(-26 for losing)\n|raw|luk29powavgcwp's rating: 1086 &rarr; <strong>1114<\/strong><br \/>(+28 for winning)\n|l|\u2606joyfulwraith\n","uploadtime":1700254392,"views":25,"p1id":"joyfulwraith","p2id":"luk29powavgcwp","formatid":"gen9vgc2023regulatione","rating":1076,"private":0,"password":""}