{"id":"gen9vgc2023regulatione-1995897259","p1":"elektriktoad","p2":"EdChen2000","format":"[Gen 9] VGC 2023 Regulation E","log":"|j|\u2606elektriktoad\n|j|\u2606EdChen2000\n|t:|1700614893\n|gametype|doubles\n|player|p1|elektriktoad|janine|1476\n|player|p2|EdChen2000|swimmerf|1530\n|teamsize|p1|6\n|teamsize|p2|6\n|gen|9\n|tier|[Gen 9] VGC 2023 Regulation E\n|rated|\n|rule|Species Clause: Limit one of each Pok\u00e9mon\n|rule|Item Clause: Limit one of each item\n|clearpoke\n|poke|p1|Muk-Alola, L50, F|\n|poke|p1|Scovillain, L50, F|\n|poke|p1|Sableye, L50, F|\n|poke|p1|Garganacl, L50, F|\n|poke|p1|Goodra-Hisui, L50, M|\n|poke|p1|Ogerpon-Wellspring, L50, F|\n|poke|p2|Urshifu-*, L50, M|\n|poke|p2|Gholdengo, L50|\n|poke|p2|Tornadus, L50, M|\n|poke|p2|Arcanine-Hisui, L50, M|\n|poke|p2|Regidrago, L50|\n|poke|p2|Rillaboom, L50, M|\n|teampreview|4\n|\n|t:|1700614924\n|start\n|switch|p1a: Muk|Muk-Alola, L50, F|100\/100\n|switch|p1b: Scovillain|Scovillain, L50, F|100\/100\n|switch|p2a: Regidrago|Regidrago, L50|100\/100\n|switch|p2b: Tornadus|Tornadus, L50, M|100\/100\n|turn|1\n|inactive|Battle timer is ON: inactive players will automatically lose when time's up. (requested by EdChen2000)\n|\n|t:|1700614945\n|move|p1a: Muk|Protect|p1a: Muk\n|-singleturn|p1a: Muk|Protect\n|move|p2b: Tornadus|Tailwind|p2b: Tornadus\n|-sidestart|p2: EdChen2000|move: Tailwind\n|move|p2a: Regidrago|Dragon Energy|p1b: Scovillain|[spread] p1b\n|-activate|p1a: Muk|move: Protect\n|-damage|p1b: Scovillain|0 fnt\n|faint|p1b: Scovillain\n|-ability|p1a: Muk|Moody|[from] ability: Power of Alchemy|[of] p1b: Scovillain\n|\n|-ability|p1a: Muk|Moody|boost\n|-boost|p1a: Muk|spd|2\n|-unboost|p1a: Muk|spe|1\n|upkeep\n|\n|t:|1700614957\n|switch|p1b: Sableye|Sableye, L50, F|100\/100\n|turn|2\n|\n|t:|1700614973\n|switch|p2b: Urshifu|Urshifu-Rapid-Strike, L50, M|100\/100\n|move|p1b: Sableye|Disable|p2a: Regidrago\n|-start|p2a: Regidrago|Disable|Dragon Energy\n|cant|p2a: Regidrago|Disable|Dragon Energy\n|move|p1a: Muk|Minimize|p1a: Muk\n|-boost|p1a: Muk|evasion|2\n|\n|-ability|p1a: Muk|Moody|boost\n|-boost|p1a: Muk|spa|2\n|-unboost|p1a: Muk|def|1\n|upkeep\n|turn|3\n|inactive|EdChen2000 has 30 seconds left.\n|\n|t:|1700615001\n|-terastallize|p2b: Urshifu|Water\n|move|p1b: Sableye|Encore|p2a: Regidrago\n|-start|p2a: Regidrago|Encore\n|move|p2b: Urshifu|Surging Strikes|p1a: Muk|[miss]\n|-miss|p2b: Urshifu|p1a: Muk\n|cant|p2a: Regidrago|Disable|Dragon Energy\n|move|p1a: Muk|Toxic|p2b: Urshifu\n|-status|p2b: Urshifu|tox\n|\n|-damage|p2b: Urshifu|94\/100 tox|[from] psn\n|-ability|p1a: Muk|Moody|boost\n|-boost|p1a: Muk|spd|2\n|-unboost|p1a: Muk|spa|1\n|upkeep\n|turn|4\n|\n|t:|1700615021\n|switch|p2a: Rillaboom|Rillaboom, L50, M|100\/100\n|-fieldstart|move: Grassy Terrain|[from] ability: Grassy Surge|[of] p2a: Rillaboom\n|move|p1b: Sableye|Disable|p2b: Urshifu\n|-start|p2b: Urshifu|Disable|Surging Strikes\n|cant|p2b: Urshifu|Disable|Surging Strikes\n|move|p1a: Muk|Minimize|p1a: Muk\n|-boost|p1a: Muk|evasion|2\n|\n|-heal|p2b: Urshifu|100\/100 tox|[from] Grassy Terrain\n|-damage|p2b: Urshifu|88\/100 tox|[from] psn\n|-sideend|p2: EdChen2000|move: Tailwind\n|-ability|p1a: Muk|Moody|boost\n|-boost|p1a: Muk|spd|2\n|-unboost|p1a: Muk|spa|1\n|upkeep\n|turn|5\n|inactive|elektriktoad has 30 seconds left.\n|\n|t:|1700615052\n|switch|p2b: Regidrago|Regidrago, L50|100\/100\n|move|p2a: Rillaboom|High Horsepower|p1a: Muk|[miss]\n|-miss|p2a: Rillaboom|p1a: Muk\n|move|p1b: Sableye|Foul Play|p2b: Regidrago\n|-damage|p2b: Regidrago|69\/100\n|move|p1a: Muk|Toxic|p2a: Rillaboom\n|-status|p2a: Rillaboom|tox\n|\n|-heal|p2b: Regidrago|75\/100|[from] Grassy Terrain\n|-damage|p2a: Rillaboom|95\/100 tox|[from] psn\n|-ability|p1a: Muk|Moody|boost\n|-boost|p1a: Muk|spe|2\n|-unboost|p1a: Muk|atk|1\n|upkeep\n|turn|6\n|\n|t:|1700615071\n|move|p1b: Sableye|Protect|p1b: Sableye\n|-singleturn|p1b: Sableye|Protect\n|move|p2b: Regidrago|Draco Meteor|p1b: Sableye\n|-activate|p1b: Sableye|move: Protect\n|move|p1a: Muk|Knock Off|p2b: Regidrago\n|-damage|p2b: Regidrago|51\/100\n|-enditem|p2b: Regidrago|Dragon Fang|[from] move: Knock Off|[of] p1a: Muk\n|move|p2a: Rillaboom|High Horsepower|p1a: Muk|[miss]\n|-miss|p2a: Rillaboom|p1a: Muk\n|\n|-heal|p2b: Regidrago|57\/100|[from] Grassy Terrain\n|-heal|p2a: Rillaboom|100\/100 tox|[from] Grassy Terrain\n|-damage|p2a: Rillaboom|89\/100 tox|[from] psn\n|-ability|p1a: Muk|Moody|boost\n|-boost|p1a: Muk|def|2\n|-unboost|p1a: Muk|spa|1\n|upkeep\n|turn|7\n|\n|t:|1700615094\n|move|p1b: Sableye|Disable|p2b: Regidrago\n|-start|p2b: Regidrago|Disable|Draco Meteor\n|cant|p2b: Regidrago|Disable|Draco Meteor\n|move|p1a: Muk|Toxic|p2b: Regidrago\n|-status|p2b: Regidrago|tox\n|move|p2a: Rillaboom|High Horsepower|p1a: Muk|[miss]\n|-miss|p2a: Rillaboom|p1a: Muk\n|\n|-heal|p2b: Regidrago|64\/100 tox|[from] Grassy Terrain\n|-heal|p2a: Rillaboom|95\/100 tox|[from] Grassy Terrain\n|-damage|p2b: Regidrago|57\/100 tox|[from] psn\n|-damage|p2a: Rillaboom|77\/100 tox|[from] psn\n|-ability|p1a: Muk|Moody|boost\n|-boost|p1a: Muk|atk|2\n|-unboost|p1a: Muk|def|1\n|upkeep\n|turn|8\n|\n|t:|1700615113\n|move|p1b: Sableye|Disable|p2a: Rillaboom\n|-start|p2a: Rillaboom|Disable|High Horsepower\n|move|p2b: Regidrago|Earth Power|p1a: Muk|[miss]\n|-miss|p2b: Regidrago|p1a: Muk\n|move|p1a: Muk|Minimize|p1a: Muk\n|-boost|p1a: Muk|evasion|2\n|cant|p2a: Rillaboom|Disable|High Horsepower\n|\n|-heal|p2b: Regidrago|64\/100 tox|[from] Grassy Terrain\n|-heal|p2a: Rillaboom|83\/100 tox|[from] Grassy Terrain\n|-damage|p2b: Regidrago|51\/100 tox|[from] psn\n|-damage|p2a: Rillaboom|60\/100 tox|[from] psn\n|-fieldend|move: Grassy Terrain\n|-ability|p1a: Muk|Moody|boost\n|-boost|p1a: Muk|spa|2\n|-unboost|p1a: Muk|def|1\n|upkeep\n|turn|9\n|inactive|EdChen2000 has 30 seconds left.\n|\n|t:|1700615147\n|switch|p2b: Urshifu|Urshifu-Rapid-Strike, L50, M, tera:Water|88\/100 tox\n|move|p1a: Muk|Knock Off|p2b: Urshifu\n|-damage|p2b: Urshifu|43\/100 tox\n|-enditem|p2b: Urshifu|Mystic Water|[from] move: Knock Off|[of] p1a: Muk\n|move|p2a: Rillaboom|Wood Hammer|p1b: Sableye\n|-damage|p1b: Sableye|37\/100\n|-damage|p2a: Rillaboom|44\/100 tox|[from] Recoil\n|move|p1b: Sableye|Foul Play|p2a: Rillaboom\n|-damage|p2a: Rillaboom|0 fnt\n|faint|p2a: Rillaboom\n|\n|-damage|p2b: Urshifu|37\/100 tox|[from] psn\n|-ability|p1a: Muk|Moody|boost\n|-boost|p1a: Muk|atk|2\n|-unboost|p1a: Muk|spa|1\n|upkeep\n|\n|t:|1700615171\n|switch|p2a: Regidrago|Regidrago, L50|51\/100 tox\n|turn|10\n|\n|t:|1700615183\n|move|p2b: Urshifu|Surging Strikes|p1a: Muk|[miss]\n|-miss|p2b: Urshifu|p1a: Muk\n|move|p2a: Regidrago|Draco Meteor|p1b: Sableye|[miss]\n|-miss|p2a: Regidrago|p1b: Sableye\n|move|p1a: Muk|Knock Off|p2b: Urshifu\n|-damage|p2b: Urshifu|0 fnt\n|faint|p2b: Urshifu\n|move|p1b: Sableye|Foul Play|p2a: Regidrago\n|-damage|p2a: Regidrago|21\/100 tox\n|\n|-damage|p2a: Regidrago|15\/100 tox|[from] psn\n|-ability|p1a: Muk|Moody|boost\n|-boost|p1a: Muk|atk|2\n|-unboost|p1a: Muk|spd|1\n|upkeep\n|-message|EdChen2000 forfeited.\n|\n|win|elektriktoad\n|raw|elektriktoad's rating: 1476 &rarr; <strong>1499<\/strong><br \/>(+23 for winning)\n|raw|EdChen2000's rating: 1530 &rarr; <strong>1507<\/strong><br \/>(-23 for losing)\n|l|\u2606EdChen2000\n","uploadtime":1700615205,"views":17,"p1id":"elektriktoad","p2id":"edchen2000","formatid":"gen9vgc2023regulatione","rating":1499,"private":0,"password":""}