{"id":"gen9vgc2023regulatione-1999370273","p1":"Joshbutt","p2":"SuperZ124","format":"[Gen 9] VGC 2023 Regulation E","log":"|j|\u2606Joshbutt\n|j|\u2606SuperZ124\n|t:|1701068517\n|gametype|doubles\n|player|p1|Joshbutt|266|1034\n|player|p2|SuperZ124|ruinmaniac|1049\n|teamsize|p1|6\n|teamsize|p2|6\n|gen|9\n|tier|[Gen 9] VGC 2023 Regulation E\n|rated|\n|rule|Species Clause: Limit one of each Pok\u00e9mon\n|rule|Item Clause: Limit one of each item\n|clearpoke\n|poke|p1|Kingambit, L50, M|\n|poke|p1|Haxorus, L50, F|\n|poke|p1|Annihilape, L50, F|\n|poke|p1|Golem-Alola, L50, F|\n|poke|p1|Conkeldurr, L50, F|\n|poke|p1|Rabsca, L50, F|\n|poke|p2|Ninetales, L50, F|\n|poke|p2|Arcanine-Hisui, L50, F|\n|poke|p2|Flutter Mane, L50|\n|poke|p2|Regieleki, L50|\n|poke|p2|Slither Wing, L50|\n|poke|p2|Rillaboom, L50, M|\n|teampreview|4\n|\n|t:|1701068537\n|start\n|switch|p1a: Golem|Golem-Alola, L50, F, shiny|100\/100\n|switch|p1b: Rabsca|Rabsca, L50, F, shiny|100\/100\n|switch|p2a: Regieleki|Regieleki, L50|100\/100\n|switch|p2b: Ninetales|Ninetales, L50, F|100\/100\n|-item|p2a: Regieleki|Air Balloon\n|-weather|SunnyDay|[from] ability: Drought|[of] p2b: Ninetales\n|turn|1\n|\n|t:|1701068559\n|move|p2b: Ninetales|Protect|p2b: Ninetales\n|-singleturn|p2b: Ninetales|Protect\n|move|p2a: Regieleki|Light Screen|p2a: Regieleki\n|-sidestart|p2: SuperZ124|move: Light Screen\n|move|p1a: Golem|Explosion|p2a: Regieleki|[spread] p2a\n|-activate|p2b: Ninetales|move: Protect\n|-activate|p1b: Rabsca|ability: Telepathy\n|-resisted|p2a: Regieleki\n|-damage|p2a: Regieleki|0 fnt\n|-enditem|p2a: Regieleki|Air Balloon\n|faint|p1a: Golem\n|faint|p2a: Regieleki\n|move|p1b: Rabsca|Revival Blessing|p1b: Rabsca\n|-enditem|p1b: Rabsca|Leppa Berry|[eat]\n|-activate|p1b: Rabsca|item: Leppa Berry|Revival Blessing|[consumed]\n|\n|t:|1701068571\n|-heal|p1: Golem|50\/100|[from] move: Revival Blessing\n|\n|-weather|SunnyDay|[upkeep]\n|upkeep\n|switch|p1a: Golem|Golem-Alola, L50, F, shiny|50\/100\n|\n|t:|1701068581\n|switch|p2a: Rillaboom|Rillaboom, L50, M|100\/100\n|-fieldstart|move: Grassy Terrain|[from] ability: Grassy Surge|[of] p2a: Rillaboom\n|turn|2\n|\n|t:|1701068608\n|move|p2a: Rillaboom|Fake Out|p1a: Golem\n|-resisted|p1a: Golem\n|-damage|p1a: Golem|45\/100\n|cant|p1a: Golem|flinch\n|move|p2b: Ninetales|Heat Wave|p1b: Rabsca|[spread] p1a,p1b\n|-resisted|p1a: Golem\n|-supereffective|p1b: Rabsca\n|-damage|p1a: Golem|18\/100\n|-damage|p1b: Rabsca|37\/100\n|-status|p1a: Golem|brn\n|move|p1b: Rabsca|Revival Blessing||[still]\n|-fail|p1b: Rabsca\n|\n|-weather|SunnyDay|[upkeep]\n|-heal|p1a: Golem|24\/100 brn|[from] Grassy Terrain\n|-heal|p1b: Rabsca|43\/100|[from] Grassy Terrain\n|-damage|p1a: Golem|18\/100 brn|[from] brn\n|upkeep\n|turn|3\n|\n|t:|1701068626\n|move|p2a: Rillaboom|Protect|p2a: Rillaboom\n|-singleturn|p2a: Rillaboom|Protect\n|move|p2b: Ninetales|Protect|p2b: Ninetales\n|-singleturn|p2b: Ninetales|Protect\n|move|p1a: Golem|Explosion|p2a: Rillaboom|[spread] \n|-activate|p2a: Rillaboom|move: Protect\n|-activate|p2b: Ninetales|move: Protect\n|-activate|p1b: Rabsca|ability: Telepathy\n|faint|p1a: Golem\n|move|p1b: Rabsca|Bug Buzz|p2a: Rillaboom\n|-activate|p2a: Rillaboom|move: Protect\n|\n|-weather|SunnyDay|[upkeep]\n|-heal|p1b: Rabsca|49\/100|[from] Grassy Terrain\n|upkeep\n|\n|t:|1701068632\n|switch|p1a: Haxorus|Haxorus, L50, F, shiny|100\/100\n|turn|4\n|\n|t:|1701068661\n|switch|p2a: Flutter Mane|Flutter Mane, L50|100\/100\n|-activate|p2a: Flutter Mane|ability: Protosynthesis\n|-start|p2a: Flutter Mane|protosynthesisspe\n|-terastallize|p1a: Haxorus|Bug\n|move|p1a: Haxorus|First Impression|p2a: Flutter Mane\n|-resisted|p2a: Flutter Mane\n|-damage|p2a: Flutter Mane|60\/100\n|-damage|p1a: Haxorus|91\/100|[from] item: Life Orb\n|move|p2b: Ninetales|Heat Wave|p1a: Haxorus|[spread] p1a,p1b\n|-supereffective|p1a: Haxorus\n|-supereffective|p1b: Rabsca\n|-damage|p1a: Haxorus|0 fnt\n|-damage|p1b: Rabsca|0 fnt\n|faint|p1a: Haxorus\n|faint|p1b: Rabsca\n|\n|-weather|SunnyDay|[upkeep]\n|-heal|p2a: Flutter Mane|67\/100|[from] Grassy Terrain\n|upkeep\n|\n|t:|1701068674\n|switch|p1b: Kingambit|Kingambit, L50, M|100\/100\n|-activate|p1b: Kingambit|ability: Supreme Overlord\n|-start|p1b: Kingambit|fallen4|[silent]\n|turn|5\n|\n|t:|1701068714\n|-terastallize|p2a: Flutter Mane|Fairy\n|move|p1b: Kingambit|Sucker Punch|p2b: Ninetales\n|-enditem|p2b: Ninetales|Focus Sash\n|-damage|p2b: Ninetales|1\/100\n|move|p2a: Flutter Mane|Draining Kiss|p1b: Kingambit\n|-damage|p1b: Kingambit|33\/100\n|-heal|p2a: Flutter Mane|100\/100|[from] drain|[of] p1b: Kingambit\n|move|p2b: Ninetales|Heat Wave|p1b: Kingambit\n|-supereffective|p1b: Kingambit\n|-damage|p1b: Kingambit|0 fnt\n|faint|p1b: Kingambit\n|-end|p1b: Kingambit|fallen4|[silent]\n|\n|win|SuperZ124\n|raw|Joshbutt's rating: 1034 &rarr; <strong>1020<\/strong><br \/>(-14 for losing)\n|raw|SuperZ124's rating: 1049 &rarr; <strong>1080<\/strong><br \/>(+31 for winning)\n|l|\u2606Joshbutt\n","uploadtime":1701068736,"views":6,"p1id":"joshbutt","p2id":"superz124","formatid":"gen9vgc2023regulatione","rating":1020,"private":0,"password":""}