{"id":"gen9vgc2023regulatione-1988903843","p1":"Fair Playz Gamer","p2":"qwertyslopmcflop","format":"[Gen 9] VGC 2023 Regulation E","log":"|j|\u2606Fair Playz Gamer\n|j|\u2606qwertyslopmcflop\n|t:|1699784766\n|gametype|doubles\n|player|p1|Fair Playz Gamer|dawn|\n|player|p2|qwertyslopmcflop|li|\n|teamsize|p1|6\n|teamsize|p2|6\n|gen|9\n|tier|[Gen 9] VGC 2023 Regulation E\n|rated|Tournament battle\n|rule|Species Clause: Limit one of each Pok\u00e9mon\n|rule|Item Clause: Limit one of each item\n|clearpoke\n|poke|p1|Flutter Mane, L50|\n|poke|p1|Roaring Moon, L50|\n|poke|p1|Iron Hands, L50|\n|poke|p1|Landorus-Therian, L50, M|\n|poke|p1|Ogerpon-Wellspring, L50, F|\n|poke|p1|Heatran, L50, F|\n|poke|p2|Tornadus, L50, M|\n|poke|p2|Urshifu-*, L50, M|\n|poke|p2|Iron Hands, L50|\n|poke|p2|Farigiraf, L50, F|\n|poke|p2|Chien-Pao, L50|\n|poke|p2|Decidueye-Hisui, L50, F|\n|teampreview|4\n|inactive|Battle timer is ON: inactive players will automatically lose when time's up. (requested by qwertyslopmcflop)\n|c|\u2606qwertyslopmcflop|GLHF\n|l|\u2606Fair Playz Gamer\n|inactive|Fair Playz Gamer disconnected and has a minute to reconnect!\n|player|p1|\n|inactiveoff|Battle timer is now OFF.\n|c|\u2606qwertyslopmcflop|dw i gotchu lil bro\n|j|\u2606Fair Playz Gamer\n|player|p1|Fair Playz Gamer|dawn\n|l|\u2606Fair Playz Gamer\n|player|p1|\n|j| Stromini\n|j|\u2606Fair Playz Gamer\n|player|p1|Fair Playz Gamer|dawn\n|j| 4KuserVGC\n|c|\u2606Fair Playz Gamer|Ty for waiting\n|c| 4KuserVGC|finals\n|c|\u2606Fair Playz Gamer|finals\n|c|\u2606qwertyslopmcflop|ye ye\n|c|\u2606qwertyslopmcflop|np\n|inactive|Battle timer is ON: inactive players will automatically lose when time's up. (requested by qwertyslopmcflop)\n|c|\u2606qwertyslopmcflop|wait this is finals?\n|c|\u2606qwertyslopmcflop|What\n|c| 4KuserVGC|yep\n|c|\u2606Fair Playz Gamer|Yes\n|c|\u2606qwertyslopmcflop|nawh\n|c| 4KuserVGC|deci win this\n|\n|t:|1699784878\n|start\n|switch|p1a: Slayyy|Iron Hands, L50, shiny|100\/100\n|switch|p1b: W|Ogerpon-Wellspring, L50, F|100\/100\n|switch|p2a: Tornadus|Tornadus, L50, M|100\/100\n|switch|p2b: Urshifu|Urshifu-Rapid-Strike, L50, M|100\/100\n|turn|1\n|c|\u2606Fair Playz Gamer|deci wins this\n|c| 4KuserVGC|i'll be so memey\n|c|\u2606qwertyslopmcflop|wait i didnt bring deci\n|c|\u2606Fair Playz Gamer|No sheets bruh\n|c|\u2606qwertyslopmcflop|the matchup was good :(\n|c| 4KuserVGC|rip\n|\n|t:|1699784902\n|-terastallize|p1b: W|Water\n|detailschange|p1b: W|Ogerpon-Wellspring-Tera, L50, F, tera:Water\n|-ability|p1b: W|Embody Aspect (Wellspring)|boost\n|-boost|p1b: W|spd|1\n|move|p2b: Urshifu|Detect|p2b: Urshifu\n|-singleturn|p2b: Urshifu|Protect\n|move|p2a: Tornadus|Tailwind|p2a: Tornadus\n|-sidestart|p2: qwertyslopmcflop|move: Tailwind\n|move|p1b: W|Ivy Cudgel|p2a: Tornadus\n|-damage|p2a: Tornadus|20\/100\n|move|p1a: Slayyy|Wild Charge|p2b: Urshifu\n|-activate|p2b: Urshifu|move: Protect\n|\n|upkeep\n|turn|2\n|\n|t:|1699784917\n|switch|p2b: Iron Hands|Iron Hands, L50|100\/100\n|move|p2a: Tornadus|Rain Dance|p2a: Tornadus\n|-weather|RainDance\n|move|p1b: W|Ivy Cudgel|p2a: Tornadus\n|-damage|p2a: Tornadus|0 fnt\n|faint|p2a: Tornadus\n|move|p1a: Slayyy|Wild Charge|p2b: Iron Hands\n|-resisted|p2b: Iron Hands\n|-damage|p2b: Iron Hands|84\/100\n|-damage|p1a: Slayyy|96\/100|[from] Recoil\n|\n|-weather|RainDance|[upkeep]\n|upkeep\n|c|\u2606Fair Playz Gamer|Wate\n|c|\u2606Fair Playz Gamer|wait\n|c|\u2606Fair Playz Gamer|rain dance?\/\n|\n|t:|1699784927\n|switch|p2a: Urshifu|Urshifu-Rapid-Strike, L50, M|100\/100\n|turn|3\n|c|\u2606qwertyslopmcflop|Yes\n|\n|t:|1699784938\n|-terastallize|p2a: Urshifu|Water\n|move|p2b: Iron Hands|Fake Out|p1b: W\n|-damage|p1b: W|84\/100\n|cant|p1b: W|flinch\n|move|p2a: Urshifu|Surging Strikes|p1a: Slayyy\n|-crit|p1a: Slayyy\n|-damage|p1a: Slayyy|60\/100\n|-crit|p1a: Slayyy\n|-damage|p1a: Slayyy|23\/100\n|-crit|p1a: Slayyy\n|-damage|p1a: Slayyy|0 fnt\n|faint|p1a: Slayyy\n|-end|p1a: Slayyy|Quark Drive|[silent]\n|-hitcount|p1: Slayyy|3\n|\n|-weather|RainDance|[upkeep]\n|upkeep\n|c|\u2606qwertyslopmcflop|:3\n|\n|t:|1699784947\n|switch|p1a: Oh boy|Heatran, L50, F, shiny|100\/100\n|turn|4\n|c|\u2606Fair Playz Gamer|Wrong Mon oops\n|c| 4KuserVGC|rip\n|\n|t:|1699784965\n|move|p1b: W|Spiky Shield|p1b: W\n|-singleturn|p1b: W|move: Protect\n|move|p2a: Urshifu|Surging Strikes|p1a: Oh boy\n|-supereffective|p1a: Oh boy\n|-crit|p1a: Oh boy\n|-damage|p1a: Oh boy|12\/100\n|-supereffective|p1a: Oh boy\n|-crit|p1a: Oh boy\n|-damage|p1a: Oh boy|0 fnt\n|faint|p1a: Oh boy\n|-hitcount|p1: Oh boy|2\n|move|p2b: Iron Hands|Wild Charge|p1b: W\n|-activate|p1b: W|move: Protect\n|-damage|p2b: Iron Hands|72\/100|[from] Spiky Shield|[of] p1b: W\n|\n|-weather|RainDance|[upkeep]\n|-sideend|p2: qwertyslopmcflop|move: Tailwind\n|upkeep\n|\n|t:|1699784970\n|switch|p1a: Angry|Landorus-Therian, L50, M, shiny|100\/100\n|-ability|p1a: Angry|Intimidate|boost\n|-unboost|p2a: Urshifu|atk|1\n|-unboost|p2b: Iron Hands|atk|1\n|turn|5\n|c|\u2606qwertyslopmcflop|are u playing mind games\n|c|\u2606qwertyslopmcflop|0-0\n|c|\u2606qwertyslopmcflop|oh u stalled tailwind\n|\n|t:|1699784984\n|move|p2a: Urshifu|Aqua Jet|p1a: Angry\n|-supereffective|p1a: Angry\n|-damage|p1a: Angry|13\/100\n|move|p1a: Angry|Stomping Tantrum|p2b: Iron Hands\n|-supereffective|p2b: Iron Hands\n|-damage|p2b: Iron Hands|14\/100\n|move|p1b: W|Ivy Cudgel|p2b: Iron Hands\n|-damage|p2b: Iron Hands|0 fnt\n|faint|p2b: Iron Hands\n|-end|p2b: Iron Hands|Quark Drive|[silent]\n|\n|-weather|RainDance|[upkeep]\n|upkeep\n|\n|t:|1699784992\n|switch|p2b: Chien-Pao|Chien-Pao, L50|100\/100\n|-ability|p2b: Chien-Pao|Sword of Ruin\n|turn|6\n|\n|t:|1699785001\n|move|p1b: W|Follow Me|p1b: W\n|-singleturn|p1b: W|move: Follow Me\n|move|p2b: Chien-Pao|Sucker Punch||[still]\n|-fail|p2b: Chien-Pao\n|move|p2a: Urshifu|Aqua Jet|p1b: W\n|-resisted|p1b: W\n|-damage|p1b: W|57\/100\n|move|p1a: Angry|Stomping Tantrum|p2b: Chien-Pao\n|-damage|p2b: Chien-Pao|39\/100\n|\n|-weather|none\n|upkeep\n|turn|7\n|c|\u2606qwertyslopmcflop|oh no\n|c| 4KuserVGC|you can win this\n|\n|t:|1699785019\n|move|p2b: Chien-Pao|Protect|p2b: Chien-Pao\n|-singleturn|p2b: Chien-Pao|Protect\n|move|p2a: Urshifu|Detect|p2a: Urshifu\n|-singleturn|p2a: Urshifu|Protect\n|move|p1a: Angry|Stomping Tantrum|p2a: Urshifu\n|-activate|p2a: Urshifu|move: Protect\n|move|p1b: W|Horn Leech|p2a: Urshifu\n|-activate|p2a: Urshifu|move: Protect\n|\n|upkeep\n|turn|8\n|c| 4KuserVGC|jut make the right plays\n|c|\u2606Fair Playz Gamer|I lose this 100%\n|inactive|qwertyslopmcflop has 30 seconds left.\n|\n|t:|1699785046\n|move|p1a: Angry|Stomping Tantrum|p2b: Chien-Pao\n|-damage|p2b: Chien-Pao|0 fnt\n|faint|p2b: Chien-Pao\n|move|p2a: Urshifu|Surging Strikes|p1b: W\n|-resisted|p1b: W\n|-crit|p1b: W\n|-damage|p1b: W|36\/100\n|-resisted|p1b: W\n|-crit|p1b: W\n|-damage|p1b: W|19\/100\n|-resisted|p1b: W\n|-crit|p1b: W\n|-damage|p1b: W|0 fnt\n|faint|p1b: W\n|-hitcount|p1: W|3\n|\n|upkeep\n|turn|9\n|j| trainerrodpractice\n|c|\u2606qwertyslopmcflop|cap\n|c|\u2606Fair Playz Gamer|Gg\n|c| 4KuserVGC|gg\n|\n|t:|1699785058\n|move|p2a: Urshifu|Aqua Jet|p1a: Angry\n|-supereffective|p1a: Angry\n|-damage|p1a: Angry|0 fnt\n|faint|p1a: Angry\n|\n|win|qwertyslopmcflop\n|n|\u2606qwertyslopmcflop|qwertyslopmcflop\n|n| Stromini|stromini\n|n|\u2606Fair Playz Gamer|fairplayzgamer\n|n| 4KuserVGC|4kuservgc\n|n| trainerrodpractice|trainerrodpractice\n","uploadtime":1699785060,"views":9,"p1id":"fairplayzgamer","p2id":"qwertyslopmcflop","formatid":"gen9vgc2023regulatione","rating":0,"private":0,"password":""}