{"id":"gen9vgc2023regulatione-1998551335","p1":"ProToDiend","p2":"Zakmancho","format":"[Gen 9] VGC 2023 Regulation E","log":"|j|\u2606ProToDiend\n|j|\u2606Zakmancho\n|t:|1700955323\n|gametype|doubles\n|player|p1|ProToDiend|169|1326\n|player|p2|Zakmancho|102|1455\n|teamsize|p1|6\n|teamsize|p2|6\n|gen|9\n|tier|[Gen 9] VGC 2023 Regulation E\n|rated|\n|rule|Species Clause: Limit one of each Pok\u00e9mon\n|rule|Item Clause: Limit one of each item\n|clearpoke\n|poke|p1|Thundurus, L50, M|\n|poke|p1|Enamorus, L50, F|\n|poke|p1|Iron Hands, L50|\n|poke|p1|Iron Bundle, L50|\n|poke|p1|Urshifu-*, L50, F|\n|poke|p1|Chi-Yu, L50|\n|poke|p2|Tyranitar, L50, M|\n|poke|p2|Ogerpon-Wellspring, L50, F|\n|poke|p2|Ursaluna-Bloodmoon, L50, M|\n|poke|p2|Rillaboom, L50, M|\n|poke|p2|Flutter Mane, L50|\n|poke|p2|Iron Hands, L50|\n|teampreview|4\n|inactive|Battle timer is ON: inactive players will automatically lose when time's up. (requested by ProToDiend)\n|\n|t:|1700955352\n|start\n|switch|p1a: Iron Hands|Iron Hands, L50|100\/100\n|switch|p1b: Thundurus|Thundurus, L50, M|100\/100\n|switch|p2a: Iron Hands|Iron Hands, L50|100\/100\n|switch|p2b: Ogerpon|Ogerpon-Wellspring, L50, F|100\/100\n|turn|1\n|\n|t:|1700955374\n|move|p2b: Ogerpon|Spiky Shield|p2b: Ogerpon\n|-singleturn|p2b: Ogerpon|move: Protect\n|move|p1a: Iron Hands|Fake Out|p2a: Iron Hands\n|-damage|p2a: Iron Hands|91\/100\n|move|p1b: Thundurus|Wildbolt Storm|p2a: Iron Hands|[spread] p2a\n|-activate|p2b: Ogerpon|move: Protect\n|-resisted|p2a: Iron Hands\n|-damage|p2a: Iron Hands|80\/100\n|cant|p2a: Iron Hands|flinch\n|\n|upkeep\n|turn|2\n|inactive|Zakmancho has 30 seconds left.\n|\n|t:|1700955399\n|switch|p2b: Tyranitar|Tyranitar, L50, M|100\/100\n|-weather|Sandstorm|[from] ability: Sand Stream|[of] p2b: Tyranitar\n|move|p1b: Thundurus|Scary Face|p2b: Tyranitar\n|-hint|Since gen 7, Dark is immune to Prankster moves.\n|-immune|p2b: Tyranitar\n|move|p1a: Iron Hands|Wild Charge|p2b: Tyranitar\n|-damage|p2b: Tyranitar|52\/100\n|-damage|p1a: Iron Hands|92\/100|[from] Recoil\n|move|p2a: Iron Hands|Swords Dance|p2a: Iron Hands\n|-boost|p2a: Iron Hands|atk|2\n|\n|-weather|Sandstorm|[upkeep]\n|-damage|p1b: Thundurus|95\/100|[from] Sandstorm\n|-damage|p1a: Iron Hands|86\/100|[from] Sandstorm\n|-damage|p2a: Iron Hands|74\/100|[from] Sandstorm\n|upkeep\n|turn|3\n|inactive|ProToDiend has 30 seconds left.\n|inactive|Zakmancho has 30 seconds left.\n|\n|t:|1700955433\n|switch|p2b: Flutter Mane|Flutter Mane, L50|100\/100\n|-enditem|p2b: Flutter Mane|Booster Energy\n|-activate|p2b: Flutter Mane|ability: Protosynthesis|[fromitem]\n|-start|p2b: Flutter Mane|protosynthesisspa\n|move|p1b: Thundurus|Wildbolt Storm|p2b: Flutter Mane|[spread] p2a,p2b\n|-resisted|p2a: Iron Hands\n|-damage|p2a: Iron Hands|62\/100\n|-damage|p2b: Flutter Mane|66\/100\n|move|p1a: Iron Hands|Drain Punch|p2b: Flutter Mane\n|-immune|p2b: Flutter Mane\n|move|p2a: Iron Hands|Drain Punch|p1a: Iron Hands\n|-damage|p1a: Iron Hands|33\/100\n|-heal|p2a: Iron Hands|88\/100|[from] drain|[of] p1a: Iron Hands\n|\n|-weather|Sandstorm|[upkeep]\n|-damage|p2b: Flutter Mane|60\/100|[from] Sandstorm\n|-damage|p1b: Thundurus|89\/100|[from] Sandstorm\n|-damage|p1a: Iron Hands|27\/100|[from] Sandstorm\n|-damage|p2a: Iron Hands|82\/100|[from] Sandstorm\n|upkeep\n|turn|4\n|inactive|ProToDiend has 30 seconds left.\n|inactive|Zakmancho has 30 seconds left.\n|\n|t:|1700955463\n|move|p2b: Flutter Mane|Protect|p2b: Flutter Mane\n|-singleturn|p2b: Flutter Mane|Protect\n|move|p1b: Thundurus|Eerie Impulse|p2b: Flutter Mane\n|-activate|p2b: Flutter Mane|move: Protect\n|move|p1a: Iron Hands|Heavy Slam|p2b: Flutter Mane\n|-activate|p2b: Flutter Mane|move: Protect\n|move|p2a: Iron Hands|Drain Punch|p1a: Iron Hands\n|-damage|p1a: Iron Hands|0 fnt\n|-heal|p2a: Iron Hands|96\/100|[from] drain|[of] p1a: Iron Hands\n|faint|p1a: Iron Hands\n|-end|p1a: Iron Hands|Quark Drive|[silent]\n|\n|-weather|Sandstorm|[upkeep]\n|-damage|p2b: Flutter Mane|54\/100|[from] Sandstorm\n|-damage|p1b: Thundurus|83\/100|[from] Sandstorm\n|-damage|p2a: Iron Hands|89\/100|[from] Sandstorm\n|upkeep\n|\n|t:|1700955478\n|switch|p1a: Iron Bundle|Iron Bundle, L50|100\/100\n|turn|5\n|-message|ProToDiend forfeited.\n|\n|win|Zakmancho\n|raw|ProToDiend's rating: 1326 &rarr; <strong>1313<\/strong><br \/>(-13 for losing)\n|raw|Zakmancho's rating: 1455 &rarr; <strong>1468<\/strong><br \/>(+13 for winning)\n","uploadtime":1700955643,"views":5,"p1id":"protodiend","p2id":"zakmancho","formatid":"gen9vgc2023regulatione","rating":1313,"private":0,"password":""}