{"id":"gen9vgc2023regulatione-1993017722","p1":"hash brown enjoyer","p2":"stottzy","format":"[Gen 9] VGC 2023 Regulation E","log":"|j|\u2606hash brown enjoyer\n|j|\u2606stottzy\n|n|\u2606hash brown enjoyer|hashbrownenjoyer\n|n|\u2606stottzy|stottzy\n|html|View the match progress at <a href=\"\/game-bestof3-gen9vgc2023regulatione-1993015241\">game-bestof3-gen9vgc2023regulatione-1993015241<\/a>\n|t:|1700255909\n|gametype|doubles\n|player|p1|hash brown enjoyer|ingo|\n|player|p2|stottzy|102|\n|teamsize|p1|6\n|teamsize|p2|6\n|gen|9\n|tier|[Gen 9] VGC 2023 Regulation E\n|rule|Species Clause: Limit one of each Pok\u00e9mon\n|rule|Item Clause: Limit one of each item\n|clearpoke\n|poke|p1|Rillaboom, L50, M|\n|poke|p1|Chandelure, L50, F|\n|poke|p1|Bruxish, L50, F|\n|poke|p1|Kleavor, L50, M|\n|poke|p1|Sneasler, L50, M|\n|poke|p1|Salamence, L50, M|\n|poke|p2|Urshifu-*, L50, F|\n|poke|p2|Tornadus, L50, M|\n|poke|p2|Raichu, L50, F|\n|poke|p2|Skeledirge, L50, M|\n|poke|p2|Cetitan, L50, F|\n|poke|p2|Frosmoth, L50, M|\n|teampreview|4\n|j| Memes4.0\n|\n|t:|1700255946\n|start\n|switch|p1a: Rillaboom|Rillaboom, L50, M|100\/100\n|switch|p1b: Chandelure|Chandelure, L50, F|100\/100\n|switch|p2a: Tornadus|Tornadus, L50, M|100\/100\n|switch|p2b: Skeledirge|Skeledirge, L50, M|100\/100\n|-fieldstart|move: Grassy Terrain|[from] ability: Grassy Surge|[of] p1a: Rillaboom\n|turn|1\n|\n|t:|1700255974\n|-terastallize|p2a: Tornadus|Ghost\n|-terastallize|p1b: Chandelure|Water\n|move|p1a: Rillaboom|Fake Out|p2a: Tornadus\n|-immune|p2a: Tornadus\n|move|p2a: Tornadus|Taunt|p1b: Chandelure\n|-start|p1b: Chandelure|move: Taunt\n|move|p1b: Chandelure|Shadow Ball|p2b: Skeledirge\n|-supereffective|p2b: Skeledirge\n|-damage|p2b: Skeledirge|18\/100\n|move|p2b: Skeledirge|Will-O-Wisp|p1a: Rillaboom\n|-status|p1a: Rillaboom|brn\n|\n|-heal|p2b: Skeledirge|24\/100|[from] Grassy Terrain\n|-damage|p1a: Rillaboom|94\/100 brn|[from] brn\n|upkeep\n|turn|2\n|\n|t:|1700256000\n|move|p2a: Tornadus|Tailwind|p2a: Tornadus\n|-sidestart|p2: stottzy|move: Tailwind\n|move|p2b: Skeledirge|Torch Song|p1a: Rillaboom\n|-supereffective|p1a: Rillaboom\n|-damage|p1a: Rillaboom|10\/100 brn\n|-boost|p2b: Skeledirge|spa|1\n|-enditem|p2b: Skeledirge|Throat Spray\n|-boost|p2b: Skeledirge|spa|1|[from] item: Throat Spray\n|move|p1a: Rillaboom|Wood Hammer|p2a: Tornadus\n|-damage|p2a: Tornadus|41\/100\n|-damage|p1a: Rillaboom|0 fnt|[from] Recoil\n|faint|p1a: Rillaboom\n|move|p1b: Chandelure|Shadow Ball|p2b: Skeledirge\n|-supereffective|p2b: Skeledirge\n|-damage|p2b: Skeledirge|0 fnt\n|faint|p2b: Skeledirge\n|\n|-heal|p2a: Tornadus|47\/100|[from] Grassy Terrain\n|upkeep\n|\n|t:|1700256012\n|switch|p1a: Sneasler|Sneasler, L50, M|100\/100\n|switch|p2b: Raichu|Raichu, L50, F|100\/100\n|-item|p2b: Raichu|Air Balloon\n|-enditem|p1a: Sneasler|Grassy Seed\n|-boost|p1a: Sneasler|def|1|[from] item: Grassy Seed\n|turn|3\n|\n|t:|1700256035\n|switch|p1b: Kleavor|Kleavor, L50, M|100\/100\n|move|p1a: Sneasler|Dire Claw|p2b: Raichu\n|-damage|p2b: Raichu|48\/100\n|-enditem|p2b: Raichu|Air Balloon\n|move|p2a: Tornadus|Bleakwind Storm|p1a: Sneasler|[spread] p1a,p1b\n|-supereffective|p1a: Sneasler\n|-damage|p1a: Sneasler|18\/100\n|-damage|p1b: Kleavor|53\/100\n|-unboost|p1b: Kleavor|spe|1\n|move|p2b: Raichu|Nuzzle|p1b: Kleavor\n|-damage|p1b: Kleavor|45\/100\n|-status|p1b: Kleavor|par\n|\n|-heal|p1a: Sneasler|24\/100|[from] Grassy Terrain\n|-heal|p2a: Tornadus|53\/100|[from] Grassy Terrain\n|-heal|p2b: Raichu|54\/100|[from] Grassy Terrain\n|-heal|p1b: Kleavor|51\/100 par|[from] Grassy Terrain\n|upkeep\n|turn|4\n|\n|t:|1700256066\n|move|p1a: Sneasler|Close Combat|p2b: Raichu\n|-damage|p2b: Raichu|0 fnt\n|-unboost|p1a: Sneasler|def|1\n|-unboost|p1a: Sneasler|spd|1\n|faint|p2b: Raichu\n|move|p2a: Tornadus|Bleakwind Storm|p1a: Sneasler|[spread] p1a\n|-miss|p2a: Tornadus|p1b: Kleavor\n|-supereffective|p1a: Sneasler\n|-damage|p1a: Sneasler|0 fnt\n|faint|p1a: Sneasler\n|cant|p1b: Kleavor|par\n|\n|-heal|p2a: Tornadus|58\/100|[from] Grassy Terrain\n|-heal|p1b: Kleavor|57\/100 par|[from] Grassy Terrain\n|upkeep\n|\n|t:|1700256079\n|switch|p1a: Chandelure|Chandelure, L50, F, tera:Water|100\/100\n|switch|p2b: Urshifu|Urshifu-Rapid-Strike, L50, F|100\/100\n|turn|5\n|\n|t:|1700256094\n|move|p2a: Tornadus|Bleakwind Storm|p1a: Chandelure|[spread] p1b\n|-miss|p2a: Tornadus|p1a: Chandelure\n|-damage|p1b: Kleavor|3\/100 par\n|move|p2b: Urshifu|Surging Strikes|p1b: Kleavor\n|-supereffective|p1b: Kleavor\n|-crit|p1b: Kleavor\n|-damage|p1b: Kleavor|0 fnt\n|faint|p1b: Kleavor\n|-hitcount|p1: Kleavor|1\n|move|p1a: Chandelure|Will-O-Wisp|p2b: Urshifu\n|-status|p2b: Urshifu|brn\n|\n|-heal|p2a: Tornadus|64\/100|[from] Grassy Terrain\n|-damage|p2b: Urshifu|94\/100 brn|[from] brn\n|-sideend|p2: stottzy|move: Tailwind\n|-fieldend|move: Grassy Terrain\n|upkeep\n|turn|6\n|\n|t:|1700256111\n|move|p2a: Tornadus|Taunt|p1a: Chandelure\n|-start|p1a: Chandelure|move: Taunt\n|move|p2b: Urshifu|Surging Strikes|p1a: Chandelure\n|-resisted|p1a: Chandelure\n|-crit|p1a: Chandelure\n|-damage|p1a: Chandelure|95\/100\n|-resisted|p1a: Chandelure\n|-crit|p1a: Chandelure\n|-damage|p1a: Chandelure|90\/100\n|-resisted|p1a: Chandelure\n|-crit|p1a: Chandelure\n|-damage|p1a: Chandelure|85\/100\n|-hitcount|p1a: Chandelure|3\n|move|p1a: Chandelure|Shadow Ball|p2a: Tornadus\n|-supereffective|p2a: Tornadus\n|-damage|p2a: Tornadus|0 fnt\n|faint|p2a: Tornadus\n|\n|-damage|p2b: Urshifu|88\/100 brn|[from] brn\n|upkeep\n|turn|7\n|\n|t:|1700256130\n|move|p2b: Urshifu|Surging Strikes|p1a: Chandelure\n|-resisted|p1a: Chandelure\n|-crit|p1a: Chandelure\n|-damage|p1a: Chandelure|80\/100\n|-resisted|p1a: Chandelure\n|-crit|p1a: Chandelure\n|-damage|p1a: Chandelure|74\/100\n|-resisted|p1a: Chandelure\n|-crit|p1a: Chandelure\n|-damage|p1a: Chandelure|69\/100\n|-hitcount|p1a: Chandelure|3\n|move|p1a: Chandelure|Shadow Ball|p2b: Urshifu\n|-damage|p2b: Urshifu|23\/100 brn\n|\n|-damage|p2b: Urshifu|17\/100 brn|[from] brn\n|upkeep\n|turn|8\n|\n|t:|1700256142\n|move|p2b: Urshifu|Close Combat|p1a: Chandelure\n|-damage|p1a: Chandelure|42\/100\n|-unboost|p2b: Urshifu|def|1\n|-unboost|p2b: Urshifu|spd|1\n|-enditem|p1a: Chandelure|Sitrus Berry|[eat]\n|-heal|p1a: Chandelure|67\/100|[from] item: Sitrus Berry\n|move|p1a: Chandelure|Shadow Ball|p2b: Urshifu\n|-crit|p2b: Urshifu\n|-damage|p2b: Urshifu|0 fnt\n|faint|p2b: Urshifu\n|\n|win|hash brown enjoyer\n|c|\u2606stottzy|gg\n|c|\u2606hash brown enjoyer|gg\n","uploadtime":1700256159,"views":34,"p1id":"hashbrownenjoyer","p2id":"stottzy","formatid":"gen9vgc2023regulatione","rating":0,"private":0,"password":""}