{"id":"gen9vgc2023regulatione-1991987687","p1":"KimiTheWeeb","p2":"Lukijani","format":"[Gen 9] VGC 2023 Regulation E","log":"|j|\u2606KimiTheWeeb\n|j|\u2606Lukijani\n|t:|1700145407\n|gametype|doubles\n|player|p1|KimiTheWeeb|maid|1311\n|player|p2|Lukijani|1|1243\n|teamsize|p1|6\n|teamsize|p2|6\n|gen|9\n|tier|[Gen 9] VGC 2023 Regulation E\n|rated|\n|rule|Species Clause: Limit one of each Pok\u00e9mon\n|rule|Item Clause: Limit one of each item\n|clearpoke\n|poke|p1|Kommo-o, L50, M|\n|poke|p1|Clefairy, L50, M|\n|poke|p1|Arcanine-Hisui, L50, M|\n|poke|p1|Rillaboom, L50, M|\n|poke|p1|Milotic, L50, M|\n|poke|p1|Fezandipiti, L50, M|\n|poke|p2|Ninetales-Alola, L50, F|\n|poke|p2|Ogerpon-Wellspring, L50, F|\n|poke|p2|Heatran, L50, F|\n|poke|p2|Fezandipiti, L50, M|\n|poke|p2|Dipplin, L50, M|\n|poke|p2|Baxcalibur, L50, M|\n|teampreview|4\n|inactive|Battle timer is ON: inactive players will automatically lose when time's up. (requested by Lukijani)\n|inactive|Lukijani has 60 seconds left.\n|\n|t:|1700145451\n|start\n|switch|p1a: Milotic|Milotic, L50, M|100\/100\n|switch|p1b: Fezandipiti|Fezandipiti, L50, M|100\/100\n|switch|p2a: Dipplin|Dipplin, L50, M, shiny|100\/100\n|switch|p2b: Baxcalibur|Baxcalibur, L50, M|100\/100\n|-ability|p2a: Dipplin|Supersweet Syrup\n|-ability|p2a: Dipplin|Supersweet Syrup|boost\n|-unboost|p1a: Milotic|evasion|1\n|-ability|p1a: Milotic|Competitive|boost\n|-boost|p1a: Milotic|spa|2\n|-unboost|p1b: Fezandipiti|evasion|1\n|turn|1\n|inactive|Lukijani has 30 seconds left.\n|inactive|Lukijani has 20 seconds left.\n|inactive|Lukijani has 15 seconds left.\n|inactive|Lukijani has 10 seconds left.\n|\n|t:|1700145496\n|-terastallize|p2b: Baxcalibur|Poison\n|move|p2b: Baxcalibur|Scale Shot|p1a: Milotic\n|-damage|p1a: Milotic|87\/100\n|-damage|p1a: Milotic|72\/100\n|-damage|p1a: Milotic|58\/100\n|-damage|p1a: Milotic|45\/100\n|-enditem|p1a: Milotic|Sitrus Berry|[eat]\n|-heal|p1a: Milotic|69\/100|[from] item: Sitrus Berry\n|-hitcount|p1a: Milotic|4\n|-unboost|p2b: Baxcalibur|def|1\n|-boost|p2b: Baxcalibur|spe|1\n|move|p1b: Fezandipiti|Icy Wind|p2a: Dipplin|[spread] p2a,p2b\n|-supereffective|p2a: Dipplin\n|-damage|p2a: Dipplin|77\/100\n|-damage|p2b: Baxcalibur|91\/100\n|-unboost|p2a: Dipplin|spe|1\n|-unboost|p2b: Baxcalibur|spe|1\n|move|p1a: Milotic|Icy Wind|p2b: Baxcalibur|[spread] p2a,p2b\n|-supereffective|p2a: Dipplin\n|-crit|p2b: Baxcalibur\n|-damage|p2a: Dipplin|30\/100\n|-damage|p2b: Baxcalibur|56\/100\n|-unboost|p2a: Dipplin|spe|1\n|-unboost|p2b: Baxcalibur|spe|1\n|move|p2a: Dipplin|Infestation|p1a: Milotic\n|-damage|p1a: Milotic|66\/100\n|-activate|p1a: Milotic|move: Infestation|[of] p2a: Dipplin\n|\n|-damage|p1a: Milotic|54\/100|[from] move: Infestation|[partiallytrapped]\n|upkeep\n|turn|2\n|inactive|KimiTheWeeb has 30 seconds left.\n|inactive|Lukijani has 30 seconds left.\n|inactive|KimiTheWeeb has 20 seconds left.\n|inactive|Lukijani has 20 seconds left.\n|inactive|Lukijani has 15 seconds left.\n|inactive|Lukijani has 10 seconds left.\n|\n|t:|1700145544\n|move|p1a: Milotic|Protect|p1a: Milotic\n|-singleturn|p1a: Milotic|Protect\n|move|p2b: Baxcalibur|Protect|p2b: Baxcalibur\n|-singleturn|p2b: Baxcalibur|Protect\n|move|p1b: Fezandipiti|Icy Wind|p2b: Baxcalibur|[spread] p2a\n|-activate|p2b: Baxcalibur|move: Protect\n|-supereffective|p2a: Dipplin\n|-damage|p2a: Dipplin|4\/100\n|-unboost|p2a: Dipplin|spe|1\n|-status|p2a: Dipplin|tox|[from] ability: Toxic Chain|[of] p1b: Fezandipiti\n|move|p2a: Dipplin|Syrup Bomb|p1a: Milotic\n|-activate|p1a: Milotic|move: Protect\n|\n|-damage|p2a: Dipplin|0 fnt|[from] psn\n|faint|p2a: Dipplin\n|-end|p1a: Milotic|Infestation|[partiallytrapped]|[silent]\n|upkeep\n|\n|t:|1700145548\n|switch|p2a: Ninetales|Ninetales-Alola, L50, F, shiny|100\/100\n|-weather|Snow|[from] ability: Snow Warning|[of] p2a: Ninetales\n|turn|3\n|\n|t:|1700145570\n|move|p2a: Ninetales|Aurora Veil|p2a: Ninetales\n|-sidestart|p2: Lukijani|move: Aurora Veil\n|move|p1b: Fezandipiti|Icy Wind|p2a: Ninetales|[spread] p2a,p2b\n|-resisted|p2a: Ninetales\n|-damage|p2a: Ninetales|98\/100\n|-damage|p2b: Baxcalibur|50\/100\n|-unboost|p2a: Ninetales|spe|1\n|-unboost|p2b: Baxcalibur|spe|1\n|move|p1a: Milotic|Scald|p2b: Baxcalibur\n|-damage|p2b: Baxcalibur|7\/100\n|move|p2b: Baxcalibur|Scale Shot|p1a: Milotic\n|-damage|p1a: Milotic|40\/100\n|-damage|p1a: Milotic|25\/100\n|-damage|p1a: Milotic|10\/100\n|-damage|p1a: Milotic|0 fnt\n|faint|p1a: Milotic\n|-hitcount|p1: Milotic|4\n|-unboost|p2b: Baxcalibur|def|1\n|-boost|p2b: Baxcalibur|spe|1\n|\n|-weather|Snow|[upkeep]\n|upkeep\n|\n|t:|1700145592\n|switch|p1a: Kommo-o|Kommo-o, L50, M|100\/100\n|turn|4\n|\n|t:|1700145615\n|switch|p2b: Fezandipiti|Fezandipiti, L50, M|100\/100\n|-terastallize|p1a: Kommo-o|Steel\n|move|p1a: Kommo-o|Clangorous Soul|p1a: Kommo-o\n|-boost|p1a: Kommo-o|atk|1\n|-boost|p1a: Kommo-o|def|1\n|-boost|p1a: Kommo-o|spa|1\n|-boost|p1a: Kommo-o|spd|1\n|-boost|p1a: Kommo-o|spe|1\n|-damage|p1a: Kommo-o|68\/100\n|move|p1b: Fezandipiti|Icy Wind|p2a: Ninetales|[spread] p2a,p2b\n|-resisted|p2a: Ninetales\n|-damage|p2a: Ninetales|95\/100\n|-damage|p2b: Fezandipiti|97\/100\n|-unboost|p2a: Ninetales|spe|1\n|move|p2a: Ninetales|Blizzard|p1a: Kommo-o|[spread] p1a,p1b\n|-resisted|p1a: Kommo-o\n|-damage|p1a: Kommo-o|59\/100\n|-damage|p1b: Fezandipiti|83\/100\n|\n|-weather|Snow|[upkeep]\n|-heal|p1a: Kommo-o|65\/100|[from] item: Leftovers\n|upkeep\n|turn|5\n|inactive|KimiTheWeeb has 30 seconds left.\n|\n|t:|1700145641\n|move|p1a: Kommo-o|Flash Cannon|p2a: Ninetales\n|-supereffective|p2a: Ninetales\n|-damage|p2a: Ninetales|0 fnt\n|faint|p2a: Ninetales\n|move|p2b: Fezandipiti|Tailwind|p2b: Fezandipiti\n|-sidestart|p2: Lukijani|move: Tailwind\n|move|p1b: Fezandipiti|Tailwind|p1b: Fezandipiti\n|-sidestart|p1: KimiTheWeeb|move: Tailwind\n|\n|-weather|Snow|[upkeep]\n|-heal|p1a: Kommo-o|71\/100|[from] item: Leftovers\n|upkeep\n|\n|t:|1700145649\n|switch|p2a: Baxcalibur|Baxcalibur, L50, M, tera:Poison|7\/100\n|turn|6\n|\n|t:|1700145658\n|move|p1a: Kommo-o|Flash Cannon|p2a: Baxcalibur\n|-damage|p2a: Baxcalibur|0 fnt\n|faint|p2a: Baxcalibur\n|move|p2b: Fezandipiti|Icy Wind|p1b: Fezandipiti|[spread] p1a,p1b\n|-resisted|p1a: Kommo-o\n|-damage|p1a: Kommo-o|69\/100\n|-damage|p1b: Fezandipiti|77\/100\n|-unboost|p1a: Kommo-o|spe|1\n|move|p1b: Fezandipiti|Icy Wind|p2b: Fezandipiti\n|-damage|p2b: Fezandipiti|91\/100\n|\n|-weather|Snow|[upkeep]\n|-heal|p1a: Kommo-o|75\/100|[from] item: Leftovers\n|upkeep\n|turn|7\n|-message|Lukijani forfeited.\n|\n|win|KimiTheWeeb\n|raw|KimiTheWeeb's rating: 1311 &rarr; <strong>1327<\/strong><br \/>(+16 for winning)\n|raw|Lukijani's rating: 1243 &rarr; <strong>1223<\/strong><br \/>(-20 for losing)\n|l|\u2606Lukijani\n","uploadtime":1700145695,"views":35,"p1id":"kimitheweeb","p2id":"lukijani","formatid":"gen9vgc2023regulatione","rating":1223,"private":0,"password":""}