{"id":"gen9vgc2023regulatione-1991404811","p1":"kidturtle","p2":"ribombeeforubers","format":"[Gen 9] VGC 2023 Regulation E","log":"|j|\u2606kidturtle\n|j|\u2606ribombeeforubers\n|t:|1700074304\n|gametype|doubles\n|player|p1|kidturtle|hoopster|\n|player|p2|ribombeeforubers|2|\n|teamsize|p1|6\n|teamsize|p2|6\n|gen|9\n|tier|[Gen 9] VGC 2023 Regulation E\n|rated|Tournament battle\n|rule|Species Clause: Limit one of each Pok\u00e9mon\n|rule|Item Clause: Limit one of each item\n|clearpoke\n|poke|p1|Ursaluna, L50, M|\n|poke|p1|Cresselia, L50, F|\n|poke|p1|Flutter Mane, L50|\n|poke|p1|Chi-Yu, L50|\n|poke|p1|Iron Hands, L50|\n|poke|p1|Urshifu-*, L50, M|\n|poke|p2|Ogerpon-Hearthflame, L50, F|\n|poke|p2|Heatran, L50, M|\n|poke|p2|Iron Hands, L50|\n|poke|p2|Iron Bundle, L50|\n|poke|p2|Dragonite, L50, F|\n|poke|p2|Grimmsnarl, L50, M|\n|teampreview|4\n|showteam|p1|Ursaluna||FlameOrb|Guts|Facade,Earthquake,SwordsDance,Protect|||M|||50|,,,,,Ghost]Cresselia||MentalHerb|Levitate|IceBeam,AllySwitch,LunarBlessing,TrickRoom|||F|||50|,,,,,Fairy]Flutter Mane||BoosterEnergy|Protosynthesis|IcyWind,ShadowBall,Moonblast,Protect||||||50|,,,,,Fairy]Chi-Yu||ChoiceSpecs|BeadsofRuin|BurningJealousy,DarkPulse,Overheat,Snarl||||||50|,,,,,Ghost]Iron Hands||SitrusBerry|QuarkDrive|DrainPunch,WildCharge,FakeOut,SwordsDance||||||50|,,,,,Fire]Urshifu||FocusSash|UnseenFist|Detect,WickedBlow,CloseCombat,SuckerPunch|||M|||50|,,,,,Dark\n|showteam|p2|Ogerpon-Hearthflame||HearthflameMask|MoldBreaker|IvyCudgel,HornLeech,StompingTantrum,SpikyShield|||F|||50|,,,,,Fire]Heatran||SitrusBerry|FlashFire|HeatWave,FlashCannon,EarthPower,Protect|||M|||50|,,,,,Grass]Iron Hands||LumBerry|QuarkDrive|DrainPunch,ThunderPunch,SwordsDance,FakeOut||||||50|,,,,,Electric]Iron Bundle||BoosterEnergy|QuarkDrive|FreezeDry,IcyWind,HydroPump,Protect||||||50|,,,,,Ghost]Dragonite||AssaultVest|InnerFocus|ExtremeSpeed,DragonClaw,Bulldoze,RockTomb|||F|||50|,,,,,Normal]Grimmsnarl||LightClay|Prankster|LightScreen,Reflect,PartingShot,ThunderWave|||M|||50|,,,,,Steel\n|inactive|Battle timer is ON: inactive players will automatically lose when time's up. (requested by kidturtle)\n|c|\u2606ribombeeforubers|gl hf\n|c|\u2606kidturtle|thx u 2\n|inactive|kidturtle has 60 seconds left.\n|inactive|ribombeeforubers has 60 seconds left.\n|c|\u2606ribombeeforubers|ty and you're welcome\n|inactive|kidturtle has 30 seconds left.\n|inactive|kidturtle has 20 seconds left.\n|\n|t:|1700074381\n|start\n|switch|p1a: Iron Hands|Iron Hands, L50|100\/100\n|switch|p1b: Cresselia|Cresselia, L50, F|100\/100\n|switch|p2a: Grimmsnarl|Grimmsnarl, L50, M|100\/100\n|switch|p2b: Ogerpon|Ogerpon-Hearthflame, L50, F|100\/100\n|-ability|p2b: Ogerpon|Mold Breaker\n|turn|1\n|inactive|ribombeeforubers has 30 seconds left.\n|inactive|ribombeeforubers has 20 seconds left.\n|inactive|ribombeeforubers has 15 seconds left.\n|inactive|ribombeeforubers has 10 seconds left.\n|inactive|ribombeeforubers has 5 seconds left.\n|\n|t:|1700074436\n|move|p2a: Grimmsnarl|Light Screen|p2a: Grimmsnarl\n|-sidestart|p2: ribombeeforubers|move: Light Screen\n|move|p2b: Ogerpon|Ivy Cudgel|p1a: Iron Hands|[anim] Ivy Cudgel Fire\n|-damage|p1a: Iron Hands|58\/100\n|move|p1a: Iron Hands|Swords Dance|p1a: Iron Hands\n|-boost|p1a: Iron Hands|atk|2\n|move|p1b: Cresselia|Trick Room|p1b: Cresselia\n|-fieldstart|move: Trick Room|[of] p1b: Cresselia\n|\n|upkeep\n|turn|2\n|inactive|ribombeeforubers has 30 seconds left.\n|inactive|ribombeeforubers has 20 seconds left.\n|inactive|ribombeeforubers has 15 seconds left.\n|inactive|ribombeeforubers has 10 seconds left.\n|\n|t:|1700074486\n|switch|p1b: Ursaluna|Ursaluna, L50, M|100\/100\n|move|p2b: Ogerpon|Spiky Shield|p2b: Ogerpon\n|-singleturn|p2b: Ogerpon|move: Protect\n|move|p2a: Grimmsnarl|Reflect|p2a: Grimmsnarl\n|-sidestart|p2: ribombeeforubers|Reflect\n|move|p1a: Iron Hands|Drain Punch|p2b: Ogerpon\n|-activate|p2b: Ogerpon|move: Protect\n|-damage|p1a: Iron Hands|46\/100|[from] Spiky Shield|[of] p2b: Ogerpon\n|-enditem|p1a: Iron Hands|Sitrus Berry|[eat]\n|-heal|p1a: Iron Hands|71\/100|[from] item: Sitrus Berry\n|\n|-status|p1b: Ursaluna|brn|[from] item: Flame Orb\n|upkeep\n|turn|3\n|c|\u2606ribombeeforubers|oh I'm sorry I forgot to look at what I was doing\n|inactive|kidturtle has 30 seconds left.\n|inactive|ribombeeforubers has 30 seconds left.\n|inactive|kidturtle has 20 seconds left.\n|inactive|ribombeeforubers has 20 seconds left.\n|inactive|ribombeeforubers has 15 seconds left.\n|\n|t:|1700074526\n|switch|p2b: Iron Hands|Iron Hands, L50|100\/100\n|move|p2a: Grimmsnarl|Parting Shot|p1a: Iron Hands\n|-unboost|p1a: Iron Hands|atk|1\n|-unboost|p1a: Iron Hands|spa|1\n|\n|t:|1700074530\n|switch|p2a: Ogerpon|Ogerpon-Hearthflame, L50, F|100\/100|[from] Parting Shot\n|-ability|p2a: Ogerpon|Mold Breaker\n|move|p1b: Ursaluna|Facade|p2b: Iron Hands\n|-damage|p2b: Iron Hands|47\/100\n|move|p1a: Iron Hands|Drain Punch|p2b: Iron Hands\n|-damage|p2b: Iron Hands|16\/100\n|-heal|p1a: Iron Hands|88\/100|[from] drain|[of] p2b: Iron Hands\n|\n|-damage|p1b: Ursaluna|95\/100 brn|[from] brn\n|upkeep\n|turn|4\n|\n|t:|1700074549\n|-terastallize|p1b: Ursaluna|Ghost\n|move|p2b: Iron Hands|Fake Out|p1a: Iron Hands\n|-damage|p1a: Iron Hands|77\/100\n|move|p1b: Ursaluna|Facade|p2a: Ogerpon\n|-damage|p2a: Ogerpon|0 fnt\n|faint|p2a: Ogerpon\n|cant|p1a: Iron Hands|flinch\n|\n|-damage|p1b: Ursaluna|89\/100 brn|[from] brn\n|upkeep\n|inactive|ribombeeforubers has 30 seconds left.\n|\n|t:|1700074575\n|switch|p2a: Iron Bundle|Iron Bundle, L50|100\/100\n|-enditem|p2a: Iron Bundle|Booster Energy\n|-activate|p2a: Iron Bundle|ability: Quark Drive|[fromitem]\n|-start|p2a: Iron Bundle|quarkdrivespe\n|turn|5\n|\n|t:|1700074587\n|move|p2a: Iron Bundle|Protect|p2a: Iron Bundle\n|-singleturn|p2a: Iron Bundle|Protect\n|move|p2b: Iron Hands|Drain Punch|p1a: Iron Hands\n|-damage|p1a: Iron Hands|44\/100\n|-heal|p2b: Iron Hands|31\/100|[from] drain|[of] p1a: Iron Hands\n|move|p1b: Ursaluna|Facade|p2b: Iron Hands\n|-damage|p2b: Iron Hands|0 fnt\n|faint|p2b: Iron Hands\n|-end|p2b: Iron Hands|Quark Drive|[silent]\n|move|p1a: Iron Hands|Drain Punch|p2a: Iron Bundle\n|-activate|p2a: Iron Bundle|move: Protect\n|\n|-damage|p1b: Ursaluna|83\/100 brn|[from] brn\n|-fieldend|move: Trick Room\n|upkeep\n|\n|t:|1700074596\n|switch|p2b: Grimmsnarl|Grimmsnarl, L50, M|100\/100\n|turn|6\n|\n|t:|1700074619\n|-terastallize|p2a: Iron Bundle|Ghost\n|move|p1b: Ursaluna|Protect|p1b: Ursaluna\n|-singleturn|p1b: Ursaluna|Protect\n|move|p2b: Grimmsnarl|Parting Shot|p1b: Ursaluna\n|-activate|p1b: Ursaluna|move: Protect\n|move|p2a: Iron Bundle|Hydro Pump|p1a: Iron Hands\n|-damage|p1a: Iron Hands|0 fnt\n|faint|p1a: Iron Hands\n|-end|p1a: Iron Hands|Quark Drive|[silent]\n|\n|-damage|p1b: Ursaluna|77\/100 brn|[from] brn\n|upkeep\n|\n|t:|1700074630\n|switch|p1a: Urshifu|Urshifu, L50, M|100\/100\n|turn|7\n|\n|t:|1700074665\n|switch|p1b: Cresselia|Cresselia, L50, F|100\/100\n|move|p1a: Urshifu|Detect|p1a: Urshifu\n|-singleturn|p1a: Urshifu|Protect\n|move|p2b: Grimmsnarl|Parting Shot|p1b: Cresselia\n|-unboost|p1b: Cresselia|atk|1\n|-unboost|p1b: Cresselia|spa|1\n|move|p2a: Iron Bundle|Freeze-Dry|p1a: Urshifu\n|-activate|p1a: Urshifu|move: Protect\n|\n|upkeep\n|turn|8\n|inactive|ribombeeforubers has 30 seconds left.\n|\n|t:|1700074690\n|move|p2b: Grimmsnarl|Thunder Wave|p1b: Cresselia\n|-status|p1b: Cresselia|par\n|move|p2a: Iron Bundle|Freeze-Dry|p1a: Urshifu\n|-damage|p1a: Urshifu|43\/100\n|move|p1a: Urshifu|Wicked Blow|p2a: Iron Bundle\n|-supereffective|p2a: Iron Bundle\n|-crit|p2a: Iron Bundle\n|-damage|p2a: Iron Bundle|0 fnt\n|faint|p2a: Iron Bundle\n|-end|p2a: Iron Bundle|Quark Drive|[silent]\n|move|p1b: Cresselia|Trick Room|p1b: Cresselia\n|-fieldstart|move: Trick Room|[of] p1b: Cresselia\n|\n|-sideend|p2: ribombeeforubers|move: Light Screen\n|upkeep\n|turn|9\n|c|\u2606kidturtle|gg\n|\n|t:|1700074712\n|move|p2b: Grimmsnarl|Thunder Wave|p1b: Cresselia\n|-fail|p1b: Cresselia|par\n|move|p1b: Cresselia|Lunar Blessing|p1b: Cresselia|[spread] p1a,p1b\n|-heal|p1a: Urshifu|68\/100\n|-curestatus|p1b: Cresselia|par|[msg]\n|move|p1a: Urshifu|Close Combat|p2b: Grimmsnarl\n|-damage|p2b: Grimmsnarl|42\/100\n|-unboost|p1a: Urshifu|def|1\n|-unboost|p1a: Urshifu|spd|1\n|\n|-sideend|p2: ribombeeforubers|Reflect\n|upkeep\n|turn|10\n|c|\u2606ribombeeforubers|gg\n|inactive|ribombeeforubers has 30 seconds left.\n|inactive|ribombeeforubers has 20 seconds left.\n|\n|t:|1700074748\n|move|p2b: Grimmsnarl|Parting Shot|p1b: Cresselia\n|-unboost|p1b: Cresselia|atk|1\n|-unboost|p1b: Cresselia|spa|1\n|move|p1b: Cresselia|Lunar Blessing|p1b: Cresselia|[spread] p1a,p1b\n|-heal|p1a: Urshifu|94\/100\n|move|p1a: Urshifu|Close Combat|p2b: Grimmsnarl\n|-damage|p2b: Grimmsnarl|0 fnt\n|-unboost|p1a: Urshifu|def|1\n|-unboost|p1a: Urshifu|spd|1\n|faint|p2b: Grimmsnarl\n|\n|win|kidturtle\n|n|\u2606kidturtle|kidturtle\n|n|\u2606ribombeeforubers|ribombeeforubers\n","uploadtime":1700074754,"views":14,"p1id":"kidturtle","p2id":"ribombeeforubers","formatid":"gen9vgc2023regulatione","rating":0,"private":0,"password":""}