{"id":"gen9vgc2023regulatione-1998646300","p1":"Spler","p2":"JuanitoPinilla","format":"[Gen 9] VGC 2023 Regulation E","log":"|j|\u2606Spler\n|j|\u2606JuanitoPinilla\n|t:|1700967108\n|gametype|doubles\n|player|p1|Spler|170|1440\n|player|p2|JuanitoPinilla|265|1357\n|teamsize|p1|6\n|teamsize|p2|6\n|gen|9\n|tier|[Gen 9] VGC 2023 Regulation E\n|rated|\n|rule|Species Clause: Limit one of each Pok\u00e9mon\n|rule|Item Clause: Limit one of each item\n|clearpoke\n|poke|p1|Landorus-Therian, L50, M|\n|poke|p1|Flutter Mane, L50|\n|poke|p1|Amoonguss, L50, M|\n|poke|p1|Iron Hands, L50|\n|poke|p1|Heatran, L50, M|\n|poke|p1|Urshifu-*, L50, M|\n|poke|p2|Volcarona, L50, M|\n|poke|p2|Grimmsnarl, L50, M|\n|poke|p2|Talonflame, L50, F|\n|poke|p2|Salamence, L50, F|\n|poke|p2|Scizor, L50, M|\n|poke|p2|Empoleon, L50, M|\n|teampreview|4\n|\n|t:|1700967149\n|start\n|switch|p1a: Iron Hands|Iron Hands, L50|100\/100\n|switch|p1b: Urshifu|Urshifu, L50, M|100\/100\n|switch|p2a: Empoleon|Empoleon, L50, M|100\/100\n|switch|p2b: Talonflame|Talonflame, L50, F|100\/100\n|turn|1\n|\n|t:|1700967174\n|-terastallize|p1b: Urshifu|Dark\n|move|p1a: Iron Hands|Fake Out|p2b: Talonflame\n|-damage|p2b: Talonflame|77\/100\n|move|p2b: Talonflame|Brave Bird|p1b: Urshifu\n|-damage|p1b: Urshifu|50\/100\n|-damage|p2b: Talonflame|58\/100|[from] Recoil\n|move|p1b: Urshifu|Wicked Blow|p2b: Talonflame\n|-crit|p2b: Talonflame\n|-damage|p2b: Talonflame|0 fnt\n|faint|p2b: Talonflame\n|move|p2a: Empoleon|Icy Wind|p1a: Iron Hands|[spread] p1a,p1b\n|-damage|p1a: Iron Hands|92\/100\n|-damage|p1b: Urshifu|29\/100\n|-unboost|p1a: Iron Hands|spe|1\n|-unboost|p1b: Urshifu|spe|1\n|\n|upkeep\n|\n|t:|1700967190\n|switch|p2b: Salamence|Salamence, L50, F|100\/100\n|-ability|p2b: Salamence|Intimidate|boost\n|-unboost|p1a: Iron Hands|atk|1\n|-unboost|p1b: Urshifu|atk|1\n|turn|2\n|\n|t:|1700967211\n|move|p2a: Empoleon|Vacuum Wave|p1b: Urshifu\n|-supereffective|p1b: Urshifu\n|-damage|p1b: Urshifu|0 fnt\n|faint|p1b: Urshifu\n|move|p2b: Salamence|Dragon Dance|p2b: Salamence\n|-boost|p2b: Salamence|atk|1\n|-boost|p2b: Salamence|spe|1\n|move|p1a: Iron Hands|Wild Charge|p2a: Empoleon\n|-supereffective|p2a: Empoleon\n|-damage|p2a: Empoleon|33\/100\n|-damage|p1a: Iron Hands|81\/100|[from] Recoil\n|\n|upkeep\n|\n|t:|1700967223\n|switch|p1b: Heatran|Heatran, L50, M|100\/100\n|turn|3\n|\n|t:|1700967233\n|move|p2b: Salamence|Dual Wingbeat|p1a: Iron Hands\n|-damage|p1a: Iron Hands|60\/100\n|-damage|p1a: Iron Hands|39\/100\n|-hitcount|p1a: Iron Hands|2\n|move|p1b: Heatran|Will-O-Wisp|p2b: Salamence|[miss]\n|-miss|p1b: Heatran|p2b: Salamence\n|move|p2a: Empoleon|Hydro Cannon|p1b: Heatran\n|-supereffective|p1b: Heatran\n|-damage|p1b: Heatran|0 fnt\n|-mustrecharge|p2a: Empoleon\n|faint|p1b: Heatran\n|move|p1a: Iron Hands|Drain Punch|p2a: Empoleon\n|-supereffective|p2a: Empoleon\n|-damage|p2a: Empoleon|0 fnt\n|-heal|p1a: Iron Hands|49\/100|[from] drain|[of] p2a: Empoleon\n|faint|p2a: Empoleon\n|\n|upkeep\n|\n|t:|1700967249\n|switch|p1b: Landorus|Landorus-Therian, L50, M|100\/100\n|switch|p2a: Volcarona|Volcarona, L50, M|100\/100\n|-ability|p1b: Landorus|Intimidate|boost\n|-unboost|p2a: Volcarona|atk|1\n|-unboost|p2b: Salamence|atk|1\n|turn|4\n|inactive|Battle timer is ON: inactive players will automatically lose when time's up. (requested by Spler)\n|\n|t:|1700967263\n|-terastallize|p2a: Volcarona|Water\n|move|p1b: Landorus|Rock Slide|p2b: Salamence|[spread] p2a,p2b\n|-supereffective|p2b: Salamence\n|-crit|p2b: Salamence\n|-damage|p2a: Volcarona|71\/100\n|-damage|p2b: Salamence|25\/100\n|move|p2b: Salamence|Dual Wingbeat|p1a: Iron Hands\n|-damage|p1a: Iron Hands|33\/100\n|-damage|p1a: Iron Hands|18\/100\n|-hitcount|p1a: Iron Hands|2\n|move|p2a: Volcarona|Quiver Dance|p2a: Volcarona\n|-boost|p2a: Volcarona|spa|1\n|-boost|p2a: Volcarona|spd|1\n|-boost|p2a: Volcarona|spe|1\n|move|p1a: Iron Hands|Wild Charge|p2b: Salamence\n|-damage|p2b: Salamence|0 fnt\n|faint|p2b: Salamence\n|-damage|p1a: Iron Hands|13\/100|[from] Recoil\n|\n|upkeep\n|turn|5\n|inactive|JuanitoPinilla has 30 seconds left.\n|\n|t:|1700967291\n|move|p1b: Landorus|Rock Slide|p2a: Volcarona\n|-damage|p2a: Volcarona|33\/100\n|-enditem|p2a: Volcarona|Sitrus Berry|[eat]\n|-heal|p2a: Volcarona|58\/100|[from] item: Sitrus Berry\n|move|p2a: Volcarona|Quiver Dance|p2a: Volcarona\n|-boost|p2a: Volcarona|spa|1\n|-boost|p2a: Volcarona|spd|1\n|-boost|p2a: Volcarona|spe|1\n|move|p1a: Iron Hands|Wild Charge|p2a: Volcarona\n|-supereffective|p2a: Volcarona\n|-damage|p2a: Volcarona|0 fnt\n|faint|p2a: Volcarona\n|-damage|p1a: Iron Hands|3\/100|[from] Recoil\n|\n|win|Spler\n|raw|Spler's rating: 1440 &rarr; <strong>1455<\/strong><br \/>(+15 for winning)\n|raw|JuanitoPinilla's rating: 1357 &rarr; <strong>1342<\/strong><br \/>(-15 for losing)\n|l|\u2606JuanitoPinilla\n","uploadtime":1700967308,"views":1,"p1id":"spler","p2id":"juanitopinilla","formatid":"gen9vgc2023regulatione","rating":1342,"private":0,"password":""}