{"id":"gen9vgc2023regulatione-1988934107","p1":"Aylona","p2":"tiaguitovgc","format":"[Gen 9] VGC 2023 Regulation E","log":"|j|\u2606Aylona\n|j|\u2606tiaguitovgc\n|t:|1699790509\n|gametype|doubles\n|player|p1|Aylona|morty|\n|player|p2|tiaguitovgc|blaine|\n|teamsize|p1|6\n|teamsize|p2|6\n|gen|9\n|tier|[Gen 9] VGC 2023 Regulation E\n|rated|Tournament battle\n|rule|Species Clause: Limit one of each Pok\u00e9mon\n|rule|Item Clause: Limit one of each item\n|clearpoke\n|poke|p1|Annihilape, L50, M|\n|poke|p1|Iron Hands, L50|\n|poke|p1|Arcanine-Hisui, L50, M|\n|poke|p1|Sinistcha, L50|\n|poke|p1|Indeedee-F, L50, F|\n|poke|p1|Hatterene, L50, F|\n|poke|p2|Tornadus, L50, M|\n|poke|p2|Arcanine-Hisui, L50, F|\n|poke|p2|Iron Hands, L50|\n|poke|p2|Gholdengo, L50|\n|poke|p2|Urshifu-*, L50, M|\n|poke|p2|Ogerpon-Wellspring, L50, F|\n|teampreview|4\n|j| Seen Silver\n|\n|t:|1699790539\n|start\n|switch|p1a: Arcanine|Arcanine-Hisui, L50, M|100\/100\n|switch|p1b: Iron Hands|Iron Hands, L50|100\/100\n|switch|p2a: Tornadus|Tornadus, L50, M|100\/100\n|switch|p2b: Gholdengo|Gholdengo, L50|100\/100\n|-ability|p1a: Arcanine|Intimidate|boost\n|-unboost|p2a: Tornadus|atk|1\n|-unboost|p2b: Gholdengo|atk|1\n|turn|1\n|j| A13XOW\n|\n|t:|1699790560\n|-terastallize|p2b: Gholdengo|Dragon\n|move|p2a: Tornadus|Tailwind|p2a: Tornadus\n|-sidestart|p2: tiaguitovgc|move: Tailwind\n|move|p2b: Gholdengo|Nasty Plot|p2b: Gholdengo\n|-boost|p2b: Gholdengo|spa|2\n|move|p1a: Arcanine|Flare Blitz|p2b: Gholdengo\n|-resisted|p2b: Gholdengo\n|-damage|p2b: Gholdengo|64\/100\n|-damage|p1a: Arcanine|88\/100|[from] Recoil\n|move|p1b: Iron Hands|Wild Charge|p2a: Tornadus\n|-supereffective|p2a: Tornadus\n|-damage|p2a: Tornadus|0 fnt\n|faint|p2a: Tornadus\n|-damage|p1b: Iron Hands|81\/100|[from] Recoil\n|\n|-heal|p2b: Gholdengo|70\/100|[from] item: Leftovers\n|upkeep\n|\n|t:|1699790577\n|switch|p2a: Urshifu|Urshifu-Rapid-Strike, L50, M|100\/100\n|turn|2\n|\n|t:|1699790613\n|switch|p1a: Sinistcha|Sinistcha, L50|100\/100\n|-heal|p1b: Iron Hands|100\/100|[from] ability: Hospitality|[of] p1a: Sinistcha\n|-terastallize|p1b: Iron Hands|Grass\n|move|p2a: Urshifu|Surging Strikes|p1a: Sinistcha\n|-resisted|p1a: Sinistcha\n|-crit|p1a: Sinistcha\n|-damage|p1a: Sinistcha|92\/100\n|-resisted|p1a: Sinistcha\n|-crit|p1a: Sinistcha\n|-damage|p1a: Sinistcha|82\/100\n|-resisted|p1a: Sinistcha\n|-crit|p1a: Sinistcha\n|-damage|p1a: Sinistcha|72\/100\n|-hitcount|p1a: Sinistcha|3\n|move|p2b: Gholdengo|Make It Rain|p1b: Iron Hands|[spread] p1a,p1b\n|-damage|p1a: Sinistcha|0 fnt\n|-damage|p1b: Iron Hands|59\/100\n|-unboost|p2b: Gholdengo|spa|1\n|faint|p1a: Sinistcha\n|move|p1b: Iron Hands|Wild Charge|p2a: Urshifu\n|-supereffective|p2a: Urshifu\n|-damage|p2a: Urshifu|3\/100\n|-damage|p1b: Iron Hands|40\/100|[from] Recoil\n|\n|-heal|p2b: Gholdengo|77\/100|[from] item: Leftovers\n|upkeep\n|j| FunneeMonkee\n|\n|t:|1699790636\n|switch|p1a: Annihilape|Annihilape, L50, M|100\/100\n|turn|3\n|\n|t:|1699790672\n|move|p2a: Urshifu|Surging Strikes|p1a: Annihilape\n|-crit|p1a: Annihilape\n|-damage|p1a: Annihilape|80\/100\n|-crit|p1a: Annihilape\n|-damage|p1a: Annihilape|62\/100\n|-crit|p1a: Annihilape\n|-damage|p1a: Annihilape|41\/100\n|-hitcount|p1a: Annihilape|3\n|move|p2b: Gholdengo|Shadow Ball|p1a: Annihilape\n|-supereffective|p1a: Annihilape\n|-damage|p1a: Annihilape|0 fnt\n|faint|p1a: Annihilape\n|move|p1b: Iron Hands|Drain Punch|p2b: Gholdengo\n|-damage|p2b: Gholdengo|44\/100\n|-heal|p1b: Iron Hands|53\/100|[from] drain|[of] p2b: Gholdengo\n|\n|-heal|p2b: Gholdengo|50\/100|[from] item: Leftovers\n|upkeep\n|\n|t:|1699790687\n|switch|p1a: Arcanine|Arcanine-Hisui, L50, M|88\/100\n|-ability|p1a: Arcanine|Intimidate|boost\n|-unboost|p2a: Urshifu|atk|1\n|-unboost|p2b: Gholdengo|atk|1\n|turn|4\n|\n|t:|1699790712\n|switch|p2a: Arcanine|Arcanine-Hisui, L50, F|100\/100\n|-ability|p2a: Arcanine|Intimidate|boost\n|-unboost|p1a: Arcanine|atk|1\n|-unboost|p1b: Iron Hands|atk|1\n|move|p1a: Arcanine|Extreme Speed|p2a: Arcanine\n|-resisted|p2a: Arcanine\n|-damage|p2a: Arcanine|84\/100\n|move|p2b: Gholdengo|Make It Rain|p1b: Iron Hands|[spread] p1a,p1b\n|-damage|p1a: Arcanine|13\/100\n|-damage|p1b: Iron Hands|20\/100\n|-unboost|p2b: Gholdengo|spa|1\n|move|p1b: Iron Hands|Drain Punch|p2b: Gholdengo\n|-damage|p2b: Gholdengo|28\/100\n|-heal|p1b: Iron Hands|29\/100|[from] drain|[of] p2b: Gholdengo\n|\n|-heal|p2b: Gholdengo|35\/100|[from] item: Leftovers\n|-sideend|p2: tiaguitovgc|move: Tailwind\n|upkeep\n|turn|5\n|\n|t:|1699790733\n|move|p2b: Gholdengo|Protect|p2b: Gholdengo\n|-singleturn|p2b: Gholdengo|Protect\n|move|p1a: Arcanine|Extreme Speed|p2b: Gholdengo\n|-activate|p2b: Gholdengo|move: Protect\n|move|p2a: Arcanine|Flare Blitz|p1b: Iron Hands\n|-supereffective|p1b: Iron Hands\n|-damage|p1b: Iron Hands|0 fnt\n|faint|p1b: Iron Hands\n|-end|p1b: Iron Hands|Quark Drive|[silent]\n|-damage|p2a: Arcanine|72\/100|[from] Recoil\n|\n|-heal|p2b: Gholdengo|41\/100|[from] item: Leftovers\n|upkeep\n|turn|6\n|-message|Aylona forfeited.\n|\n|win|tiaguitovgc\n|n|\u2606Aylona|aylona\n|n|\u2606tiaguitovgc|tiaguitovgc\n|n| Seen Silver|seensilver\n|n| A13XOW|a13xow\n|n| FunneeMonkee|funneemonkee\n","uploadtime":1699790743,"views":18,"p1id":"aylona","p2id":"tiaguitovgc","formatid":"gen9vgc2023regulatione","rating":0,"private":0,"password":""}