{"id":"gen9vgc2023regulatione-1993343504","p1":"GervaVGC","p2":"zephiel97","format":"[Gen 9] VGC 2023 Regulation E","log":"|j|\u2606GervaVGC\n|n|\u2606GervaVGC|gervavgc\n|html|View the match progress at <a href=\"\/game-bestof3-gen9vgc2023regulatione-1993339430\">game-bestof3-gen9vgc2023regulatione-1993339430<\/a>\n|t:|1700302448\n|gametype|doubles\n|player|p1|GervaVGC|clown|\n|player|p2|zephiel97|169|\n|teamsize|p1|6\n|teamsize|p2|6\n|gen|9\n|tier|[Gen 9] VGC 2023 Regulation E\n|rule|Species Clause: Limit one of each Pok\u00e9mon\n|rule|Item Clause: Limit one of each item\n|clearpoke\n|poke|p1|Roaring Moon, L50|\n|poke|p1|Flutter Mane, L50|\n|poke|p1|Iron Hands, L50|\n|poke|p1|Amoonguss, L50, F|\n|poke|p1|Heatran, L50, F|\n|poke|p1|Landorus-Therian, L50, M|\n|poke|p2|Arcanine-Hisui, L50, M|\n|poke|p2|Gholdengo, L50|\n|poke|p2|Urshifu-*, L50, M|\n|poke|p2|Iron Hands, L50|\n|poke|p2|Amoonguss, L50, F|\n|poke|p2|Tornadus, L50, M|\n|teampreview|4\n|c|\u2606GervaVGC|ok tutto apposto ahah\nGervaVGC has agreed to open team sheets.\n|j|\u2606zephiel97\n|c|\u2606zephiel97|Ah ecco, fatto\n|c|\u2606zephiel97|Scusa a cora\nzephiel97 has agreed to open team sheets.\n|showteam|p1|Roaring Moon||BoosterEnergy|Protosynthesis|Acrobatics,KnockOff,DragonDance,Protect||||||50|,,,,,Flying]Flutter Mane||ChoiceSpecs|Protosynthesis|Moonblast,DazzlingGleam,ShadowBall,PerishSong||||||50|,,,,,Fairy]Iron Hands||AssaultVest|QuarkDrive|WildCharge,DrainPunch,VoltSwitch,FakeOut||||||50|,,,,,Water]Amoonguss||RockyHelmet|Regenerator|PollenPuff,Spore,RagePowder,Protect|||F|||50|,,,,,Fire]Heatran||Leftovers|FlashFire|MagmaStorm,Substitute,EarthPower,Protect|||F|||50|,,,,,Fairy]Landorus-Therian||ChoiceScarf|Intimidate|StompingTantrum,TeraBlast,RockSlide,Uturn|||M|||50|,,,,,Flying\n|showteam|p2|Arcanine-Hisui||ChoiceBand|Intimidate|FlareBlitz,HeadSmash,RockSlide,ExtremeSpeed|||M|||50|,,,,,Normal]Gholdengo||Leftovers|GoodasGold|MakeItRain,ShadowBall,NastyPlot,Protect||||||50|,,,,,Dragon]Urshifu-Rapid-Strike||ChoiceScarf|UnseenFist|SurgingStrikes,AquaJet,CloseCombat,Uturn|||M|||50|,,,,,Water]Iron Hands||AssaultVest|QuarkDrive|DrainPunch,WildCharge,HeavySlam,FakeOut||||||50|,,,,,Water]Amoonguss||SitrusBerry|Regenerator|PollenPuff,Spore,RagePowder,Protect|||F|||50|,,,,,Water]Tornadus||RockyHelmet|Prankster|BleakwindStorm,Taunt,Tailwind,RainDance|||M|||50|,,,,,Steel\n|\n|t:|1700302634\n|start\n|switch|p1a: Iron Hands|Iron Hands, L50|100\/100\n|switch|p1b: Landorus|Landorus-Therian, L50, M|100\/100\n|switch|p2a: Gholdengo|Gholdengo, L50|100\/100\n|switch|p2b: Arcanine|Arcanine-Hisui, L50, M|100\/100\n|-ability|p1b: Landorus|Intimidate|boost\n|-unboost|p2a: Gholdengo|atk|1\n|-unboost|p2b: Arcanine|atk|1\n|-ability|p2b: Arcanine|Intimidate|boost\n|-unboost|p1a: Iron Hands|atk|1\n|-unboost|p1b: Landorus|atk|1\n|turn|1\n|\n|t:|1700302671\n|switch|p2b: Amoonguss|Amoonguss, L50, F|100\/100\n|-end|p1a: Iron Hands|Quark Drive|[silent]\n|switch|p1a: Roaring Moon|Roaring Moon, L50|100\/100\n|-enditem|p1a: Roaring Moon|Booster Energy\n|-activate|p1a: Roaring Moon|ability: Protosynthesis|[fromitem]\n|-start|p1a: Roaring Moon|protosynthesisatk\n|-terastallize|p2a: Gholdengo|Dragon\n|move|p1b: Landorus|U-turn|p2b: Amoonguss\n|-damage|p2b: Amoonguss|87\/100\n|\n|t:|1700302682\n|switch|p1b: Iron Hands|Iron Hands, L50|100\/100|[from] U-turn\n|move|p2a: Gholdengo|Nasty Plot|p2a: Gholdengo\n|-boost|p2a: Gholdengo|spa|2\n|\n|upkeep\n|turn|2\n|\n|t:|1700302749\n|switch|p2b: Arcanine|Arcanine-Hisui, L50, M|100\/100\n|-ability|p2b: Arcanine|Intimidate|boost\n|-unboost|p1a: Roaring Moon|atk|1\n|-unboost|p1b: Iron Hands|atk|1\n|move|p1b: Iron Hands|Fake Out|p2b: Arcanine\n|-resisted|p2b: Arcanine\n|-damage|p2b: Arcanine|94\/100\n|move|p1a: Roaring Moon|Dragon Dance|p1a: Roaring Moon\n|-boost|p1a: Roaring Moon|atk|1\n|-boost|p1a: Roaring Moon|spe|1\n|move|p2a: Gholdengo|Make It Rain|p1b: Iron Hands|[spread] p1a,p1b\n|-resisted|p1b: Iron Hands\n|-damage|p1a: Roaring Moon|15\/100\n|-damage|p1b: Iron Hands|78\/100\n|-unboost|p2a: Gholdengo|spa|1\n|\n|upkeep\n|turn|3\n|\n|t:|1700302775\n|-end|p1b: Iron Hands|Quark Drive|[silent]\n|switch|p1b: Amoonguss|Amoonguss, L50, F|100\/100\n|move|p1a: Roaring Moon|Protect|p1a: Roaring Moon\n|-singleturn|p1a: Roaring Moon|Protect\n|move|p2b: Arcanine|Extreme Speed|p1a: Roaring Moon\n|-activate|p1a: Roaring Moon|move: Protect\n|move|p2a: Gholdengo|Nasty Plot|p2a: Gholdengo\n|-boost|p2a: Gholdengo|spa|2\n|\n|upkeep\n|turn|4\n|\n|t:|1700302800\n|-end|p1a: Roaring Moon|Protosynthesis|[silent]\n|switch|p1a: Iron Hands|Iron Hands, L50|78\/100\n|move|p1b: Amoonguss|Protect|p1b: Amoonguss\n|-singleturn|p1b: Amoonguss|Protect\n|move|p2b: Arcanine|Extreme Speed|p1b: Amoonguss\n|-activate|p1b: Amoonguss|move: Protect\n|move|p2a: Gholdengo|Make It Rain|p1b: Amoonguss|[spread] p1a\n|-activate|p1b: Amoonguss|move: Protect\n|-resisted|p1a: Iron Hands\n|-damage|p1a: Iron Hands|49\/100\n|-unboost|p2a: Gholdengo|spa|1\n|\n|upkeep\n|turn|5\n|\n|t:|1700302821\n|switch|p2b: Amoonguss|Amoonguss, L50, F|100\/100\n|move|p1a: Iron Hands|Fake Out|p2a: Gholdengo\n|-damage|p2a: Gholdengo|86\/100\n|cant|p2a: Gholdengo|flinch\n|move|p1b: Amoonguss|Pollen Puff|p1a: Iron Hands\n|-heal|p1a: Iron Hands|99\/100\n|\n|-heal|p2a: Gholdengo|93\/100|[from] item: Leftovers\n|upkeep\n|turn|6\n|\n|t:|1700302837\n|-end|p1a: Iron Hands|Quark Drive|[silent]\n|switch|p1a: Roaring Moon|Roaring Moon, L50|15\/100\n|move|p1b: Amoonguss|Protect|p1b: Amoonguss\n|-singleturn|p1b: Amoonguss|Protect\n|move|p2a: Gholdengo|Nasty Plot|p2a: Gholdengo\n|-boost|p2a: Gholdengo|spa|2\n|move|p2b: Amoonguss|Spore|p1a: Roaring Moon\n|-status|p1a: Roaring Moon|slp|[from] move: Spore\n|\n|-heal|p2a: Gholdengo|99\/100|[from] item: Leftovers\n|upkeep\n|turn|7\n|\n|t:|1700302860\n|switch|p1b: Iron Hands|Iron Hands, L50|99\/100\n|cant|p1a: Roaring Moon|slp\n|move|p2a: Gholdengo|Make It Rain|p1b: Iron Hands|[spread] p1a,p1b\n|-resisted|p1b: Iron Hands\n|-damage|p1a: Roaring Moon|0 fnt\n|-damage|p1b: Iron Hands|62\/100\n|-unboost|p2a: Gholdengo|spa|1\n|faint|p1a: Roaring Moon\n|-end|p1a: Roaring Moon|Protosynthesis|[silent]\n|move|p2b: Amoonguss|Spore|p1b: Iron Hands\n|-status|p1b: Iron Hands|slp|[from] move: Spore\n|\n|-heal|p2a: Gholdengo|100\/100|[from] item: Leftovers\n|upkeep\n|\n|t:|1700302879\n|switch|p1a: Landorus|Landorus-Therian, L50, M|100\/100\n|-ability|p1a: Landorus|Intimidate|boost\n|-unboost|p2a: Gholdengo|atk|1\n|-unboost|p2b: Amoonguss|atk|1\n|turn|8\n|\n|t:|1700302887\n|-terastallize|p1a: Landorus|Flying\n|move|p2b: Amoonguss|Rage Powder|p2b: Amoonguss\n|-singleturn|p2b: Amoonguss|move: Rage Powder\n|move|p1a: Landorus|Tera Blast|p2b: Amoonguss|[anim] Tera Blast Flying\n|-supereffective|p2b: Amoonguss\n|-damage|p2b: Amoonguss|11\/100\n|-enditem|p2b: Amoonguss|Sitrus Berry|[eat]\n|-heal|p2b: Amoonguss|36\/100|[from] item: Sitrus Berry\n|move|p2a: Gholdengo|Make It Rain|p1b: Iron Hands|[spread] p1a,p1b\n|-resisted|p1b: Iron Hands\n|-crit|p1b: Iron Hands\n|-damage|p1a: Landorus|0 fnt\n|-damage|p1b: Iron Hands|19\/100 slp\n|-unboost|p2a: Gholdengo|spa|1\n|faint|p1a: Landorus\n|cant|p1b: Iron Hands|slp\n|\n|upkeep\n|c|\u2606GervaVGC|gg\n|-message|GervaVGC forfeited.\n|\n|win|zephiel97\n|c|\u2606zephiel97|gg\n","uploadtime":1700302909,"views":33,"p1id":"gervavgc","p2id":"zephiel97","formatid":"gen9vgc2023regulatione","rating":0,"private":0,"password":""}