{"id":"gen9vgc2023regulatione-2000047172","p1":"dinokitae","p2":"HeffNastyy","format":"[Gen 9] VGC 2023 Regulation E","log":"|j|\u2606dinokitae\n|j|\u2606HeffNastyy\n|t:|1701145744\n|gametype|doubles\n|player|p1|dinokitae|officeworker|1441\n|player|p2|HeffNastyy|lance|1543\n|teamsize|p1|6\n|teamsize|p2|6\n|gen|9\n|tier|[Gen 9] VGC 2023 Regulation E\n|rated|\n|rule|Species Clause: Limit one of each Pok\u00e9mon\n|rule|Item Clause: Limit one of each item\n|clearpoke\n|poke|p1|Torterra, L50, M|\n|poke|p1|Iron Bundle, L50|\n|poke|p1|Chi-Yu, L50|\n|poke|p1|Farigiraf, L50, F|\n|poke|p1|Milotic, L50, F|\n|poke|p1|Goodra-Hisui, L50, F|\n|poke|p2|Tornadus, L50, M|\n|poke|p2|Arcanine-Hisui, L50, F|\n|poke|p2|Gholdengo, L50|\n|poke|p2|Urshifu-*, L50, F|\n|poke|p2|Rillaboom, L50, M|\n|poke|p2|Zapdos, L50|\n|teampreview|4\n|inactive|Battle timer is ON: inactive players will automatically lose when time's up. (requested by dinokitae)\n|inactive|HeffNastyy has 60 seconds left.\n|\n|t:|1701145802\n|start\n|switch|p1a: \uc704\uc720\uc774|Chi-Yu, L50|100\/100\n|switch|p1b: \ud1a0\ub300\ubd80\uae30|Torterra, L50, M|100\/100\n|switch|p2a: Urshifu|Urshifu-Rapid-Strike, L50, F|100\/100\n|switch|p2b: Gholdengo|Gholdengo, L50|100\/100\n|-ability|p1a: \uc704\uc720\uc774|Beads of Ruin\n|turn|1\n|inactive|HeffNastyy has 30 seconds left.\n|\n|t:|1701145833\n|-terastallize|p2b: Gholdengo|Dragon\n|move|p1a: \uc704\uc720\uc774|Heat Wave|p2a: Urshifu|[spread] p2a,p2b\n|-resisted|p2a: Urshifu\n|-resisted|p2b: Gholdengo\n|-damage|p2a: Urshifu|60\/100\n|-damage|p2b: Gholdengo|72\/100\n|move|p2a: Urshifu|U-turn|p1b: \ud1a0\ub300\ubd80\uae30\n|-supereffective|p1b: \ud1a0\ub300\ubd80\uae30\n|-damage|p1b: \ud1a0\ub300\ubd80\uae30|55\/100\n|\n|t:|1701145840\n|switch|p2a: Zapdos|Zapdos, L50|100\/100|[from] U-turn\n|move|p2b: Gholdengo|Nasty Plot|p2b: Gholdengo\n|-boost|p2b: Gholdengo|spa|2\n|move|p1b: \ud1a0\ub300\ubd80\uae30|Earthquake|p2b: Gholdengo|[spread] p1a,p2b\n|-immune|p2a: Zapdos\n|-supereffective|p1a: \uc704\uc720\uc774\n|-damage|p1a: \uc704\uc720\uc774|0 fnt\n|-damage|p2b: Gholdengo|37\/100\n|faint|p1a: \uc704\uc720\uc774\n|\n|upkeep\n|\n|t:|1701145849\n|switch|p1a: \ubbf8\ub044\ub798\uace4|Goodra-Hisui, L50, F|100\/100\n|turn|2\n|inactive|HeffNastyy has 30 seconds left.\n|\n|t:|1701145877\n|move|p1b: \ud1a0\ub300\ubd80\uae30|Wide Guard|p1b: \ud1a0\ub300\ubd80\uae30\n|-singleturn|p1b: \ud1a0\ub300\ubd80\uae30|Wide Guard\n|move|p2a: Zapdos|Hurricane|p1a: \ubbf8\ub044\ub798\uace4\n|-resisted|p1a: \ubbf8\ub044\ub798\uace4\n|-damage|p1a: \ubbf8\ub044\ub798\uace4|92\/100\n|move|p2b: Gholdengo|Shadow Ball|p1a: \ubbf8\ub044\ub798\uace4\n|-damage|p1a: \ubbf8\ub044\ub798\uace4|52\/100\n|-damage|p2b: Gholdengo|27\/100|[from] item: Life Orb\n|move|p1a: \ubbf8\ub044\ub798\uace4|Acid Spray|p2a: Zapdos\n|-damage|p2a: Zapdos|91\/100\n|-unboost|p2a: Zapdos|spd|2\n|\n|upkeep\n|turn|3\n|\n|t:|1701145899\n|move|p2a: Zapdos|Hurricane|p1b: \ud1a0\ub300\ubd80\uae30\n|-supereffective|p1b: \ud1a0\ub300\ubd80\uae30\n|-damage|p1b: \ud1a0\ub300\ubd80\uae30|0 fnt\n|faint|p1b: \ud1a0\ub300\ubd80\uae30\n|move|p2b: Gholdengo|Nasty Plot|p2b: Gholdengo\n|-boost|p2b: Gholdengo|spa|2\n|move|p1a: \ubbf8\ub044\ub798\uace4|Heavy Slam|p2b: Gholdengo\n|-damage|p2b: Gholdengo|0 fnt\n|faint|p2b: Gholdengo\n|\n|upkeep\n|\n|t:|1701145911\n|switch|p2b: Urshifu|Urshifu-Rapid-Strike, L50, F|60\/100\n|switch|p1b: \ud0a4\ud0a4\ub9c1|Farigiraf, L50, F|100\/100\n|turn|4\n|\n|t:|1701145925\n|-terastallize|p1b: \ud0a4\ud0a4\ub9c1|Fairy\n|move|p2b: Urshifu|Close Combat|p1a: \ubbf8\ub044\ub798\uace4\n|-supereffective|p1a: \ubbf8\ub044\ub798\uace4\n|-crit|p1a: \ubbf8\ub044\ub798\uace4\n|-damage|p1a: \ubbf8\ub044\ub798\uace4|0 fnt\n|-unboost|p2b: Urshifu|def|1\n|-unboost|p2b: Urshifu|spd|1\n|faint|p1a: \ubbf8\ub044\ub798\uace4\n|move|p2a: Zapdos|Hurricane|p1b: \ud0a4\ud0a4\ub9c1\n|-crit|p1b: \ud0a4\ud0a4\ub9c1\n|-damage|p1b: \ud0a4\ud0a4\ub9c1|19\/100\n|-start|p1b: \ud0a4\ud0a4\ub9c1|confusion\n|-activate|p1b: \ud0a4\ud0a4\ub9c1|confusion\n|move|p1b: \ud0a4\ud0a4\ub9c1|Trick Room|p1b: \ud0a4\ud0a4\ub9c1\n|-fieldstart|move: Trick Room|[of] p1b: \ud0a4\ud0a4\ub9c1\n|\n|upkeep\n|turn|5\n|\n|t:|1701145945\n|switch|p2b: Rillaboom|Rillaboom, L50, M|100\/100\n|-fieldstart|move: Grassy Terrain|[from] ability: Grassy Surge|[of] p2b: Rillaboom\n|-activate|p1b: \ud0a4\ud0a4\ub9c1|confusion\n|move|p1b: \ud0a4\ud0a4\ub9c1|Dazzling Gleam|p2a: Zapdos|[spread] p2a,p2b\n|-damage|p2a: Zapdos|51\/100\n|-damage|p2b: Rillaboom|84\/100\n|move|p2a: Zapdos|Thunderbolt|p1b: \ud0a4\ud0a4\ub9c1\n|-damage|p1b: \ud0a4\ud0a4\ub9c1|0 fnt\n|faint|p1b: \ud0a4\ud0a4\ub9c1\n|\n|win|HeffNastyy\n|raw|dinokitae's rating: 1441 &rarr; <strong>1427<\/strong><br \/>(-14 for losing)\n|raw|HeffNastyy's rating: 1543 &rarr; <strong>1557<\/strong><br \/>(+14 for winning)\n|l|\u2606dinokitae\n","uploadtime":1701145959,"views":8,"p1id":"dinokitae","p2id":"heffnastyy","formatid":"gen9vgc2023regulatione","rating":1427,"private":0,"password":""}