{"id":"gen9vgc2023regulatione-1996445284","p1":"wolfenite","p2":"atworkyolo14","format":"[Gen 9] VGC 2023 Regulation E","log":"|j|\u2606wolfenite\n|j|\u2606atworkyolo14\n|t:|1700682696\n|gametype|doubles\n|player|p1|wolfenite|pokemonranger-gen4|1253\n|player|p2|atworkyolo14|266|1336\n|teamsize|p1|6\n|teamsize|p2|6\n|gen|9\n|tier|[Gen 9] VGC 2023 Regulation E\n|rated|\n|rule|Species Clause: Limit one of each Pok\u00e9mon\n|rule|Item Clause: Limit one of each item\n|clearpoke\n|poke|p1|Ogerpon, L50, F|\n|poke|p1|Garchomp, L50, M|\n|poke|p1|Rotom-Wash, L50|\n|poke|p1|Chien-Pao, L50|\n|poke|p1|Orthworm, L50, M|\n|poke|p1|Chandelure, L50, F|\n|poke|p2|Oranguru, L50, M|\n|poke|p2|Arcanine-Hisui, L50, M|\n|poke|p2|Sinistcha-Masterpiece, L50|\n|poke|p2|Iron Hands, L50|\n|poke|p2|Ursaluna-Bloodmoon, L50, M|\n|poke|p2|Moltres-Galar, L50|\n|teampreview|4\n|inactive|Battle timer is ON: inactive players will automatically lose when time's up. (requested by atworkyolo14)\n|inactive|wolfenite also wants the timer to be on.\n|\n|t:|1700682705\n|start\n|switch|p1a: Ogerpon|Ogerpon, L50, F|100\/100\n|switch|p1b: Chien-Pao|Chien-Pao, L50|100\/100\n|switch|p2a: Oranguru|Oranguru, L50, M|100\/100\n|switch|p2b: Iron Hands|Iron Hands, L50|100\/100\n|-ability|p1b: Chien-Pao|Sword of Ruin\n|turn|1\n|\n|t:|1700682718\n|-terastallize|p1a: Ogerpon|Grass\n|detailschange|p1a: Ogerpon|Ogerpon-Teal-Tera, L50, F, tera:Grass\n|-ability|p1a: Ogerpon|Embody Aspect (Teal)|boost\n|-boost|p1a: Ogerpon|spe|1\n|move|p2b: Iron Hands|Fake Out|p1a: Ogerpon\n|-damage|p1a: Ogerpon|73\/100\n|cant|p1a: Ogerpon|flinch\n|move|p1b: Chien-Pao|Ice Spinner|p2b: Iron Hands\n|-damage|p2b: Iron Hands|60\/100\n|move|p2a: Oranguru|Trick Room|p2a: Oranguru\n|-fieldstart|move: Trick Room|[of] p2a: Oranguru\n|\n|upkeep\n|turn|2\n|\n|t:|1700682740\n|move|p2b: Iron Hands|Drain Punch|p1b: Chien-Pao\n|-supereffective|p1b: Chien-Pao\n|-enditem|p1b: Chien-Pao|Focus Sash\n|-damage|p1b: Chien-Pao|1\/100\n|-heal|p2b: Iron Hands|92\/100|[from] drain|[of] p1b: Chien-Pao\n|move|p2a: Oranguru|Instruct|p2b: Iron Hands\n|-singleturn|p2b: Iron Hands|move: Instruct|[of] p2a: Oranguru\n|move|p2b: Iron Hands|Drain Punch|p1b: Chien-Pao\n|-supereffective|p1b: Chien-Pao\n|-damage|p1b: Chien-Pao|0 fnt\n|-heal|p2b: Iron Hands|93\/100|[from] drain|[of] p1b: Chien-Pao\n|faint|p1b: Chien-Pao\n|move|p1a: Ogerpon|Ivy Cudgel|p2b: Iron Hands\n|-damage|p2b: Iron Hands|22\/100\n|\n|upkeep\n|\n|t:|1700682756\n|switch|p1b: Chandelure|Chandelure, L50, F|100\/100\n|turn|3\n|\n|t:|1700682763\n|move|p2b: Iron Hands|Wild Charge|p1b: Chandelure\n|-damage|p1b: Chandelure|20\/100\n|-damage|p2b: Iron Hands|11\/100|[from] Recoil\n|move|p2a: Oranguru|Instruct|p2b: Iron Hands\n|-singleturn|p2b: Iron Hands|move: Instruct|[of] p2a: Oranguru\n|move|p2b: Iron Hands|Wild Charge|p1b: Chandelure\n|-damage|p1b: Chandelure|0 fnt\n|faint|p1b: Chandelure\n|-damage|p2b: Iron Hands|8\/100|[from] Recoil\n|move|p1a: Ogerpon|Ivy Cudgel|p2b: Iron Hands\n|-damage|p2b: Iron Hands|0 fnt\n|faint|p2b: Iron Hands\n|-end|p2b: Iron Hands|Quark Drive|[silent]\n|\n|upkeep\n|\n|t:|1700682767\n|switch|p2b: Ursaluna|Ursaluna-Bloodmoon, L50, M|100\/100\n|switch|p1b: Orthworm|Orthworm, L50, M|100\/100\n|turn|4\n|\n|t:|1700682774\n|-terastallize|p2b: Ursaluna|Normal\n|move|p2b: Ursaluna|Hyper Voice|p1b: Orthworm|[spread] p1a,p1b\n|-resisted|p1b: Orthworm\n|-damage|p1a: Ogerpon|15\/100\n|-damage|p1b: Orthworm|72\/100\n|-enditem|p2b: Ursaluna|Throat Spray\n|-boost|p2b: Ursaluna|spa|1|[from] item: Throat Spray\n|move|p2a: Oranguru|Instruct|p2b: Ursaluna\n|-singleturn|p2b: Ursaluna|move: Instruct|[of] p2a: Oranguru\n|move|p2b: Ursaluna|Hyper Voice|p1a: Ogerpon|[spread] p1a,p1b\n|-resisted|p1b: Orthworm\n|-damage|p1a: Ogerpon|0 fnt\n|-damage|p1b: Orthworm|32\/100\n|faint|p1a: Ogerpon\n|move|p1b: Orthworm|Body Press|p2b: Ursaluna\n|-supereffective|p2b: Ursaluna\n|-damage|p2b: Ursaluna|68\/100\n|\n|-heal|p1b: Orthworm|38\/100|[from] item: Leftovers\n|upkeep\n|turn|5\n|\n|t:|1700682789\n|move|p2b: Ursaluna|Blood Moon|p1b: Orthworm\n|-resisted|p1b: Orthworm\n|-damage|p1b: Orthworm|0 fnt\n|faint|p1b: Orthworm\n|\n|win|atworkyolo14\n|raw|wolfenite's rating: 1253 &rarr; <strong>1234<\/strong><br \/>(-19 for losing)\n|raw|atworkyolo14's rating: 1336 &rarr; <strong>1351<\/strong><br \/>(+15 for winning)\n|l|\u2606wolfenite\n","uploadtime":1700682801,"views":3,"p1id":"wolfenite","p2id":"atworkyolo14","formatid":"gen9vgc2023regulatione","rating":1234,"private":0,"password":""}