{"id":"gen9vgc2023regulatione-1997945061","p1":"Amazon-Kai","p2":"Iciclebutagainn","format":"[Gen 9] VGC 2023 Regulation E","log":"|j|\u2606Amazon-Kai\n|j|\u2606Iciclebutagainn\n|t:|1700870531\n|gametype|doubles\n|player|p1|Amazon-Kai|265|1205\n|player|p2|Iciclebutagainn|clown|1217\n|teamsize|p1|6\n|teamsize|p2|6\n|gen|9\n|tier|[Gen 9] VGC 2023 Regulation E\n|rated|\n|rule|Species Clause: Limit one of each Pok\u00e9mon\n|rule|Item Clause: Limit one of each item\n|clearpoke\n|poke|p1|Tornadus, L50, M|\n|poke|p1|Arcanine-Hisui, L50, F|\n|poke|p1|Iron Hands, L50|\n|poke|p1|Gholdengo, L50|\n|poke|p1|Urshifu-*, L50, M|\n|poke|p1|Ogerpon-Wellspring, L50, F|\n|poke|p2|Iron Hands, L50|\n|poke|p2|Arcanine-Hisui, L50, F|\n|poke|p2|Urshifu-*, L50, F|\n|poke|p2|Tornadus, L50, M|\n|poke|p2|Gholdengo, L50|\n|poke|p2|Rillaboom, L50, M|\n|teampreview|4\n|inactive|Battle timer is ON: inactive players will automatically lose when time's up. (requested by Iciclebutagainn)\nIciclebutagainn has agreed to open team sheets.\nAmazon-Kai has agreed to open team sheets.\n|inactive|Amazon-Kai has 30 seconds left.\n|inactive|Iciclebutagainn has 30 seconds left.\n|inactive|Amazon-Kai has 20 seconds left.\n|\n|t:|1700870593\n|start\n|switch|p1a: Tornadus|Tornadus, L50, M|100\/100\n|switch|p1b: Arcanine|Arcanine-Hisui, L50, F|100\/100\n|switch|p2a: Tornadus|Tornadus, L50, M|100\/100\n|switch|p2b: Iron Hands|Iron Hands, L50|100\/100\n|-ability|p1b: Arcanine|Intimidate|boost\n|-unboost|p2a: Tornadus|atk|1\n|-unboost|p2b: Iron Hands|atk|1\n|turn|1\n|\n|t:|1700870606\n|move|p2b: Iron Hands|Fake Out|p1b: Arcanine\n|-resisted|p1b: Arcanine\n|-damage|p1b: Arcanine|95\/100\n|move|p1a: Tornadus|Taunt|p2a: Tornadus\n|-start|p2a: Tornadus|move: Taunt\n|cant|p2a: Tornadus|move: Taunt|Tailwind\n|cant|p1b: Arcanine|flinch\n|\n|upkeep\n|turn|2\n|\n|t:|1700870622\n|switch|p2a: Arcanine|Arcanine-Hisui, L50, F|100\/100\n|-ability|p2a: Arcanine|Intimidate|boost\n|-unboost|p1a: Tornadus|atk|1\n|-unboost|p1b: Arcanine|atk|1\n|move|p1a: Tornadus|Tailwind|p1a: Tornadus\n|-sidestart|p1: Amazon-Kai|move: Tailwind\n|move|p1b: Arcanine|Rock Slide|p2a: Arcanine|[spread] p2a,p2b\n|-supereffective|p2a: Arcanine\n|-resisted|p2b: Iron Hands\n|-damage|p2a: Arcanine|36\/100\n|-damage|p2b: Iron Hands|90\/100\n|move|p2b: Iron Hands|Drain Punch|p1b: Arcanine\n|-supereffective|p1b: Arcanine\n|-damage|p1b: Arcanine|30\/100\n|-heal|p2b: Iron Hands|100\/100|[from] drain|[of] p1b: Arcanine\n|\n|upkeep\n|turn|3\n|inactive|Amazon-Kai has 30 seconds left.\n|\n|t:|1700870651\n|switch|p1b: Ogerpon|Ogerpon-Wellspring, L50, F|100\/100\n|move|p2a: Arcanine|Extreme Speed|p1b: Ogerpon\n|-damage|p1b: Ogerpon|61\/100\n|move|p1a: Tornadus|Bleakwind Storm|p2a: Arcanine|[spread] p2a,p2b\n|-resisted|p2a: Arcanine\n|-damage|p2a: Arcanine|16\/100\n|-damage|p2b: Iron Hands|85\/100\n|move|p2b: Iron Hands|Wild Charge|p1a: Tornadus\n|-supereffective|p1a: Tornadus\n|-damage|p1a: Tornadus|19\/100\n|-damage|p2b: Iron Hands|69\/100|[from] Recoil\n|\n|upkeep\n|turn|4\n|\n|t:|1700870670\n|move|p2a: Arcanine|Extreme Speed|p1a: Tornadus\n|-damage|p1a: Tornadus|0 fnt\n|faint|p1a: Tornadus\n|move|p1b: Ogerpon|Ivy Cudgel|p2b: Iron Hands|[anim] Ivy Cudgel Water\n|-damage|p2b: Iron Hands|25\/100\n|move|p2b: Iron Hands|Wild Charge|p1b: Ogerpon\n|-damage|p1b: Ogerpon|22\/100\n|-damage|p2b: Iron Hands|18\/100|[from] Recoil\n|\n|upkeep\n|\n|t:|1700870680\n|switch|p1a: Urshifu|Urshifu-Rapid-Strike, L50, M|100\/100\n|turn|5\n|inactive|Amazon-Kai has 30 seconds left.\n|\n|t:|1700870714\n|-end|p2b: Iron Hands|Quark Drive|[silent]\n|switch|p2b: Tornadus|Tornadus, L50, M|100\/100\n|move|p1b: Ogerpon|Spiky Shield|p1b: Ogerpon\n|-singleturn|p1b: Ogerpon|move: Protect\n|move|p2a: Arcanine|Extreme Speed|p1b: Ogerpon\n|-activate|p1b: Ogerpon|move: Protect\n|-damage|p2a: Arcanine|3\/100|[from] Spiky Shield|[of] p1b: Ogerpon\n|move|p1a: Urshifu|Surging Strikes|p2b: Tornadus\n|-crit|p2b: Tornadus\n|-damage|p2b: Tornadus|78\/100\n|-crit|p2b: Tornadus\n|-damage|p2b: Tornadus|56\/100\n|-crit|p2b: Tornadus\n|-damage|p2b: Tornadus|34\/100\n|-enditem|p2b: Tornadus|Sitrus Berry|[eat]\n|-heal|p2b: Tornadus|59\/100|[from] item: Sitrus Berry\n|-hitcount|p2b: Tornadus|3\n|\n|-sideend|p1: Amazon-Kai|move: Tailwind\n|upkeep\n|turn|6\n|\n|t:|1700870739\n|move|p1b: Ogerpon|Spiky Shield|p1b: Ogerpon\n|-singleturn|p1b: Ogerpon|move: Protect\n|move|p2a: Arcanine|Extreme Speed|p1b: Ogerpon\n|-activate|p1b: Ogerpon|move: Protect\n|-damage|p2a: Arcanine|0 fnt|[from] Spiky Shield|[of] p1b: Ogerpon\n|faint|p2a: Arcanine\n|move|p2b: Tornadus|Tailwind|p2b: Tornadus\n|-sidestart|p2: Iciclebutagainn|move: Tailwind\n|move|p1a: Urshifu|Surging Strikes|p2b: Tornadus\n|-crit|p2b: Tornadus\n|-damage|p2b: Tornadus|36\/100\n|-crit|p2b: Tornadus\n|-damage|p2b: Tornadus|12\/100\n|-crit|p2b: Tornadus\n|-damage|p2b: Tornadus|0 fnt\n|faint|p2b: Tornadus\n|-hitcount|p2: Tornadus|3\n|\n|upkeep\n|\n|t:|1700870745\n|switch|p2a: Urshifu|Urshifu-Rapid-Strike, L50, F|100\/100\n|switch|p2b: Iron Hands|Iron Hands, L50|18\/100\n|turn|7\n|inactive|Amazon-Kai has 30 seconds left.\n|inactive|Amazon-Kai has 20 seconds left.\n|\n|t:|1700870781\n|switch|p1a: Arcanine|Arcanine-Hisui, L50, F|30\/100\n|-ability|p1a: Arcanine|Intimidate|boost\n|-unboost|p2a: Urshifu|atk|1\n|-unboost|p2b: Iron Hands|atk|1\n|-terastallize|p2a: Urshifu|Water\n|move|p2b: Iron Hands|Fake Out|p1b: Ogerpon\n|-damage|p1b: Ogerpon|11\/100\n|cant|p1b: Ogerpon|flinch\n|move|p2a: Urshifu|Surging Strikes|p1a: Arcanine\n|-supereffective|p1a: Arcanine\n|-crit|p1a: Arcanine\n|-damage|p1a: Arcanine|0 fnt\n|faint|p1a: Arcanine\n|-hitcount|p1: Arcanine|1\n|\n|upkeep\n|\n|t:|1700870794\n|switch|p1a: Urshifu|Urshifu-Rapid-Strike, L50, M|100\/100\n|turn|8\n|\n|t:|1700870816\n|-terastallize|p1a: Urshifu|Water\n|move|p1b: Ogerpon|Follow Me|p1b: Ogerpon\n|-singleturn|p1b: Ogerpon|move: Follow Me\n|move|p2a: Urshifu|Surging Strikes|p1b: Ogerpon\n|-heal|p1b: Ogerpon|35\/100|[from] ability: Water Absorb|[of] p2a: Urshifu\n|move|p1a: Urshifu|Surging Strikes|p2b: Iron Hands\n|-crit|p2b: Iron Hands\n|-damage|p2b: Iron Hands|0 fnt\n|faint|p2b: Iron Hands\n|-end|p2b: Iron Hands|Quark Drive|[silent]\n|-hitcount|p2: Iron Hands|1\n|\n|upkeep\n|turn|9\n|c|\u2606Amazon-Kai|gg\n|\n|t:|1700870830\n|move|p1b: Ogerpon|Follow Me|p1b: Ogerpon\n|-singleturn|p1b: Ogerpon|move: Follow Me\n|move|p2a: Urshifu|Surging Strikes|p1b: Ogerpon\n|-heal|p1b: Ogerpon|60\/100|[from] ability: Water Absorb|[of] p2a: Urshifu\n|move|p1a: Urshifu|Surging Strikes|p2a: Urshifu\n|-resisted|p2a: Urshifu\n|-crit|p2a: Urshifu\n|-damage|p2a: Urshifu|86\/100\n|-resisted|p2a: Urshifu\n|-crit|p2a: Urshifu\n|-damage|p2a: Urshifu|71\/100\n|-resisted|p2a: Urshifu\n|-crit|p2a: Urshifu\n|-damage|p2a: Urshifu|56\/100\n|-hitcount|p2a: Urshifu|3\n|\n|-sideend|p2: Iciclebutagainn|move: Tailwind\n|upkeep\n|turn|10\n|c|\u2606Iciclebutagainn|Gg\n|\n|t:|1700870842\n|move|p1b: Ogerpon|Follow Me|p1b: Ogerpon\n|-singleturn|p1b: Ogerpon|move: Follow Me\n|move|p1a: Urshifu|Surging Strikes|p2a: Urshifu\n|-resisted|p2a: Urshifu\n|-crit|p2a: Urshifu\n|-damage|p2a: Urshifu|43\/100\n|-resisted|p2a: Urshifu\n|-crit|p2a: Urshifu\n|-damage|p2a: Urshifu|30\/100\n|-resisted|p2a: Urshifu\n|-crit|p2a: Urshifu\n|-damage|p2a: Urshifu|17\/100\n|-hitcount|p2a: Urshifu|3\n|move|p2a: Urshifu|Surging Strikes|p1b: Ogerpon\n|-heal|p1b: Ogerpon|84\/100|[from] ability: Water Absorb|[of] p2a: Urshifu\n|\n|upkeep\n|turn|11\n|\n|t:|1700870856\n|move|p1b: Ogerpon|Follow Me|p1b: Ogerpon\n|-singleturn|p1b: Ogerpon|move: Follow Me\n|move|p1a: Urshifu|Surging Strikes|p2a: Urshifu\n|-resisted|p2a: Urshifu\n|-crit|p2a: Urshifu\n|-damage|p2a: Urshifu|3\/100\n|-resisted|p2a: Urshifu\n|-crit|p2a: Urshifu\n|-damage|p2a: Urshifu|0 fnt\n|faint|p2a: Urshifu\n|-hitcount|p2: Urshifu|2\n|\n|win|Amazon-Kai\n|raw|Amazon-Kai's rating: 1205 &rarr; <strong>1231<\/strong><br \/>(+26 for winning)\n|raw|Iciclebutagainn's rating: 1217 &rarr; <strong>1191<\/strong><br \/>(-26 for losing)\n","uploadtime":1700870859,"views":22,"p1id":"amazonkai","p2id":"iciclebutagainn","formatid":"gen9vgc2023regulatione","rating":1191,"private":0,"password":""}