{"id":"gen9vgc2023regulatione-1994439372","p1":"Teh Umby","p2":"donmitchie","format":"[Gen 9] VGC 2023 Regulation E","log":"|j|\u2606Teh Umby\n|j|\u2606donmitchie\n|n|\u2606Teh Umby|tehumby\n|n|\u2606donmitchie|donmitchie\n|html|View the match progress at <a href=\"\/game-bestof3-gen9vgc2023regulatione-1994433415\">game-bestof3-gen9vgc2023regulatione-1994433415<\/a>\n|t:|1700444084\n|gametype|doubles\n|player|p1|Teh Umby|clair|\n|player|p2|donmitchie|169|\n|teamsize|p1|6\n|teamsize|p2|6\n|gen|9\n|tier|[Gen 9] VGC 2023 Regulation E\n|rule|Species Clause: Limit one of each Pok\u00e9mon\n|rule|Item Clause: Limit one of each item\n|clearpoke\n|poke|p1|Roaring Moon, L50|\n|poke|p1|Sinistcha, L50|\n|poke|p1|Politoed, L50, M|\n|poke|p1|Thundurus-Therian, L50, M|\n|poke|p1|Tinkaton, L50, F|\n|poke|p1|Inteleon, L50, F|\n|poke|p2|Fletchinder, L50, F|\n|poke|p2|Urshifu-*, L50, M|\n|poke|p2|Amoonguss, L50, M|\n|poke|p2|Pelipper, L50, M|\n|poke|p2|Farigiraf, L50, M|\n|poke|p2|Dragalge, L50, F|\n|teampreview|4\n|inactive|Battle timer is ON: inactive players will automatically lose when time's up. (requested by donmitchie)\n|inactive|Teh Umby has 60 seconds left.\n|inactive|donmitchie has 60 seconds left.\n|inactive|Teh Umby has 30 seconds left.\n|inactive|donmitchie has 30 seconds left.\n|inactive|Teh Umby has 20 seconds left.\n|inactive|donmitchie has 20 seconds left.\n|inactive|Teh Umby has 15 seconds left.\n|inactive|donmitchie has 15 seconds left.\n|inactive|Teh Umby has 10 seconds left.\n|inactive|donmitchie has 10 seconds left.\n|inactiveoff|Battle timer is now OFF.\n|c|\u2606donmitchie|oops\n|\n|t:|1700444190\n|start\n|switch|p1a: Thundurus|Thundurus-Therian, L50, M|100\/100\n|switch|p1b: Tinkaton|Tinkaton, L50, F|100\/100\n|switch|p2a: Fletchinder|Fletchinder, L50, F|100\/100\n|switch|p2b: Farigiraf|Farigiraf, L50, M|100\/100\n|-ability|p1b: Tinkaton|Mold Breaker\n|turn|1\n|\n|t:|1700444237\n|move|p2a: Fletchinder|Tailwind|p2a: Fletchinder\n|-sidestart|p2: donmitchie|move: Tailwind\n|move|p2b: Farigiraf|Hyper Voice|p1a: Thundurus|[spread] p1a,p1b\n|-resisted|p1b: Tinkaton\n|-damage|p1a: Thundurus|57\/100\n|-damage|p1b: Tinkaton|85\/100\n|-enditem|p2b: Farigiraf|Throat Spray\n|-boost|p2b: Farigiraf|spa|1|[from] item: Throat Spray\n|move|p1a: Thundurus|Thunderbolt|p2b: Farigiraf\n|-damage|p2b: Farigiraf|35\/100\n|-damage|p1a: Thundurus|48\/100|[from] item: Life Orb\n|move|p1b: Tinkaton|Gigaton Hammer|p2b: Farigiraf\n|-damage|p2b: Farigiraf|0 fnt\n|faint|p2b: Farigiraf\n|\n|upkeep\n|\n|t:|1700444253\n|switch|p2b: Urshifu|Urshifu-Rapid-Strike, L50, M|100\/100\n|turn|2\n|\n|t:|1700444290\n|switch|p1a: Sinistcha|Sinistcha, L50|100\/100\n|-heal|p1b: Tinkaton|100\/100|[from] ability: Hospitality|[of] p1a: Sinistcha\n|-terastallize|p2b: Urshifu|Water\n|move|p2a: Fletchinder|Will-O-Wisp|p1b: Tinkaton\n|-status|p1b: Tinkaton|brn\n|move|p2b: Urshifu|Surging Strikes|p1a: Sinistcha\n|-resisted|p1a: Sinistcha\n|-crit|p1a: Sinistcha\n|-damage|p1a: Sinistcha|85\/100\n|-resisted|p1a: Sinistcha\n|-crit|p1a: Sinistcha\n|-damage|p1a: Sinistcha|67\/100\n|-resisted|p1a: Sinistcha\n|-crit|p1a: Sinistcha\n|-damage|p1a: Sinistcha|49\/100\n|-hitcount|p1a: Sinistcha|3\n|move|p1b: Tinkaton|Play Rough|p2b: Urshifu\n|-damage|p2b: Urshifu|81\/100\n|\n|-heal|p1a: Sinistcha|55\/100|[from] item: Leftovers\n|-damage|p1b: Tinkaton|94\/100 brn|[from] brn\n|upkeep\n|turn|3\n|\n|t:|1700444328\n|move|p1a: Sinistcha|Protect|p1a: Sinistcha\n|-singleturn|p1a: Sinistcha|Protect\n|move|p2a: Fletchinder|Taunt|p1a: Sinistcha\n|-activate|p1a: Sinistcha|move: Protect\n|move|p2b: Urshifu|Surging Strikes|p1b: Tinkaton\n|-crit|p1b: Tinkaton\n|-damage|p1b: Tinkaton|54\/100 brn\n|-crit|p1b: Tinkaton\n|-damage|p1b: Tinkaton|8\/100 brn\n|-crit|p1b: Tinkaton\n|-damage|p1b: Tinkaton|0 fnt\n|faint|p1b: Tinkaton\n|-hitcount|p1: Tinkaton|3\n|\n|-heal|p1a: Sinistcha|62\/100|[from] item: Leftovers\n|upkeep\n|\n|t:|1700444350\n|switch|p1b: Thundurus|Thundurus-Therian, L50, M|48\/100\n|turn|4\n|\n|t:|1700444381\n|-terastallize|p1a: Sinistcha|Ghost\n|move|p2b: Urshifu|Detect|p2b: Urshifu\n|-singleturn|p2b: Urshifu|Protect\n|move|p1a: Sinistcha|Rage Powder|p1a: Sinistcha\n|-singleturn|p1a: Sinistcha|move: Rage Powder\n|move|p2a: Fletchinder|Brave Bird|p1a: Sinistcha\n|-damage|p1a: Sinistcha|23\/100\n|-damage|p2a: Fletchinder|84\/100|[from] Recoil\n|move|p1b: Thundurus|Thunderbolt|p2a: Fletchinder\n|-supereffective|p2a: Fletchinder\n|-damage|p2a: Fletchinder|0 fnt\n|faint|p2a: Fletchinder\n|-damage|p1b: Thundurus|38\/100|[from] item: Life Orb\n|\n|-heal|p1a: Sinistcha|29\/100|[from] item: Leftovers\n|-sideend|p2: donmitchie|move: Tailwind\n|upkeep\n|\n|t:|1700444390\n|switch|p2a: Dragalge|Dragalge, L50, F|100\/100\n|turn|5\n|\n|t:|1700444406\n|move|p1a: Sinistcha|Rage Powder|p1a: Sinistcha\n|-singleturn|p1a: Sinistcha|move: Rage Powder\n|move|p2b: Urshifu|Aqua Jet|p1a: Sinistcha\n|-damage|p1a: Sinistcha|0 fnt\n|faint|p1a: Sinistcha\n|move|p1b: Thundurus|Thunderbolt|p2b: Urshifu\n|-supereffective|p2b: Urshifu\n|-damage|p2b: Urshifu|0 fnt\n|faint|p2b: Urshifu\n|-damage|p1b: Thundurus|28\/100|[from] item: Life Orb\n|move|p2a: Dragalge|Sludge Bomb|p1b: Thundurus\n|-damage|p1b: Thundurus|0 fnt\n|faint|p1b: Thundurus\n|-damage|p2a: Dragalge|90\/100|[from] item: Life Orb\n|\n|upkeep\n|\n|t:|1700444420\n|switch|p1b: Roaring Moon|Roaring Moon, L50|100\/100\n|-enditem|p1b: Roaring Moon|Booster Energy\n|-activate|p1b: Roaring Moon|ability: Protosynthesis|[fromitem]\n|-start|p1b: Roaring Moon|protosynthesisspe\n|turn|6\n|\n|t:|1700444495\n|move|p1b: Roaring Moon|Knock Off|p2a: Dragalge\n|-damage|p2a: Dragalge|28\/100\n|-enditem|p2a: Dragalge|Life Orb|[from] move: Knock Off|[of] p1b: Roaring Moon\n|move|p2a: Dragalge|Draco Meteor|p1b: Roaring Moon\n|-supereffective|p1b: Roaring Moon\n|-damage|p1b: Roaring Moon|0 fnt\n|-unboost|p2a: Dragalge|spa|2\n|faint|p1b: Roaring Moon\n|-end|p1b: Roaring Moon|Protosynthesis|[silent]\n|\n|win|donmitchie\n|c|\u2606Teh Umby|gg\n|c|\u2606donmitchie|gg\n","uploadtime":1700444506,"views":31,"p1id":"tehumby","p2id":"donmitchie","formatid":"gen9vgc2023regulatione","rating":0,"private":0,"password":""}