{"id":"gen9vgc2023regulatione-1988508481","p1":"nishanth_11","p2":"cryorizzlord2","format":"[Gen 9] VGC 2023 Regulation E","log":"|j|\u203dnishanth_11\n|j|\u203dcryorizzlord2\n|t:|1699730462\n|gametype|doubles\n|player|p1|nishanth_11|265|1413\n|player|p2|cryorizzlord2|pokemonranger-gen4|1311\n|teamsize|p1|6\n|teamsize|p2|6\n|gen|9\n|tier|[Gen 9] VGC 2023 Regulation E\n|rated|\n|rule|Species Clause: Limit one of each Pok\u00e9mon\n|rule|Item Clause: Limit one of each item\n|clearpoke\n|poke|p1|Iron Hands, L50|\n|poke|p1|Landorus-Therian, L50, M|\n|poke|p1|Sinistcha-Masterpiece, L50|\n|poke|p1|Ceruledge, L50, M|\n|poke|p1|Tornadus, L50, M|\n|poke|p1|Maushold-Four, L50|\n|poke|p2|Urshifu-*, L50, M|\n|poke|p2|Amoonguss, L50, M|\n|poke|p2|Gholdengo, L50|\n|poke|p2|Arcanine-Hisui, L50, F|\n|poke|p2|Tornadus, L50, M|\n|poke|p2|Chien-Pao, L50|\n|teampreview|4\n|inactive|Battle timer is ON: inactive players will automatically lose when time's up. (requested by cryorizzlord2)\n|inactive|nishanth_11 also wants the timer to be on.\n|inactive|cryorizzlord2 has 60 seconds left.\n|j| DarkRinoRex\n|inactive|cryorizzlord2 has 30 seconds left.\n|\n|t:|1699730527\n|start\n|switch|p1a: Ceruledge|Ceruledge, L50, M|100\/100\n|switch|p1b: Landorus|Landorus-Therian, L50, M|100\/100\n|switch|p2a: Tornadus|Tornadus, L50, M|100\/100\n|switch|p2b: Arcanine|Arcanine-Hisui, L50, F, shiny|100\/100\n|-ability|p1b: Landorus|Intimidate|boost\n|-unboost|p2a: Tornadus|atk|1\n|-unboost|p2b: Arcanine|atk|1\n|-ability|p2b: Arcanine|Intimidate|boost\n|-fail|p1a: Ceruledge|unboost|[from] item: Clear Amulet|[of] p1a: Ceruledge\n|-unboost|p1b: Landorus|atk|1\n|turn|1\n|inactive|cryorizzlord2 has 30 seconds left.\n|inactive|cryorizzlord2 has 20 seconds left.\n|inactive|cryorizzlord2 has 15 seconds left.\n|\n|t:|1699730569\n|switch|p2b: Amoonguss|Amoonguss, L50, M, shiny|100\/100\n|move|p2a: Tornadus|Leer|p1a: Ceruledge|[spread] p1a,p1b\n|-fail|p1a: Ceruledge|unboost|[from] item: Clear Amulet|[of] p1a: Ceruledge\n|-unboost|p1b: Landorus|def|1\n|move|p1b: Landorus|Stomping Tantrum|p2b: Amoonguss\n|-damage|p2b: Amoonguss|75\/100\n|move|p1a: Ceruledge|Swords Dance|p1a: Ceruledge\n|-boost|p1a: Ceruledge|atk|2\n|\n|upkeep\n|turn|2\n|inactive|nishanth_11 has 30 seconds left.\n|inactive|cryorizzlord2 has 30 seconds left.\n|inactive|nishanth_11 has 20 seconds left.\n|inactive|nishanth_11 has 15 seconds left.\n|\n|t:|1699730612\n|switch|p1b: Iron Hands|Iron Hands, L50|100\/100\n|-terastallize|p2b: Amoonguss|Water\n|move|p1a: Ceruledge|Protect|p1a: Ceruledge\n|-singleturn|p1a: Ceruledge|Protect\n|move|p2a: Tornadus|Rain Dance|p2a: Tornadus\n|-weather|RainDance\n|move|p2b: Amoonguss|Spore|p1a: Ceruledge\n|-activate|p1a: Ceruledge|move: Protect\n|\n|-weather|RainDance|[upkeep]\n|upkeep\n|turn|3\n|inactive|nishanth_11 has 30 seconds left.\n|inactive|cryorizzlord2 has 30 seconds left.\n|\n|t:|1699730643\n|switch|p2b: Arcanine|Arcanine-Hisui, L50, F, shiny|100\/100\n|-ability|p2b: Arcanine|Intimidate|boost\n|-fail|p1a: Ceruledge|unboost|[from] item: Clear Amulet|[of] p1a: Ceruledge\n|-unboost|p1b: Iron Hands|atk|1\n|move|p1b: Iron Hands|Fake Out|p2b: Arcanine\n|-resisted|p2b: Arcanine\n|-damage|p2b: Arcanine|95\/100\n|move|p1a: Ceruledge|Poltergeist|p2b: Arcanine\n|-activate|p2b: Arcanine|move: Poltergeist|Choice Band\n|-damage|p2b: Arcanine|0 fnt\n|faint|p2b: Arcanine\n|move|p2a: Tornadus|Bleakwind Storm|p1a: Ceruledge|[spread] p1a,p1b\n|-damage|p1a: Ceruledge|62\/100\n|-damage|p1b: Iron Hands|84\/100\n|\n|-weather|RainDance|[upkeep]\n|upkeep\n|inactive|cryorizzlord2 has 30 seconds left.\n|\n|t:|1699730671\n|switch|p2b: Gholdengo|Gholdengo, L50|100\/100\n|turn|4\n|\n|t:|1699730689\n|move|p2a: Tornadus|Tailwind|p2a: Tornadus\n|-sidestart|p2: cryorizzlord2|move: Tailwind\n|move|p2b: Gholdengo|Shadow Ball|p1a: Ceruledge\n|-supereffective|p1a: Ceruledge\n|-damage|p1a: Ceruledge|0 fnt\n|faint|p1a: Ceruledge\n|move|p1b: Iron Hands|Wild Charge|p2a: Tornadus\n|-supereffective|p2a: Tornadus\n|-damage|p2a: Tornadus|36\/100\n|-damage|p1b: Iron Hands|72\/100|[from] Recoil\n|\n|-weather|RainDance|[upkeep]\n|upkeep\n|\n|t:|1699730707\n|switch|p1a: Sinistcha|Sinistcha-Masterpiece, L50|100\/100\n|-heal|p1b: Iron Hands|96\/100|[from] ability: Hospitality|[of] p1a: Sinistcha\n|turn|5\n|\n|t:|1699730725\n|-end|p1b: Iron Hands|Quark Drive|[silent]\n|switch|p1b: Landorus|Landorus-Therian, L50, M|100\/100\n|-ability|p1b: Landorus|Intimidate|boost\n|-unboost|p2a: Tornadus|atk|1\n|-unboost|p2b: Gholdengo|atk|1\n|-terastallize|p1a: Sinistcha|Fire\n|move|p2a: Tornadus|Bleakwind Storm|p1b: Landorus|[spread] p1a,p1b\n|-damage|p1a: Sinistcha|65\/100\n|-damage|p1b: Landorus|52\/100\n|-unboost|p1b: Landorus|spe|1\n|move|p2b: Gholdengo|Nasty Plot|p2b: Gholdengo\n|-boost|p2b: Gholdengo|spa|2\n|move|p1a: Sinistcha|Trick Room|p1a: Sinistcha\n|-fieldstart|move: Trick Room|[of] p1a: Sinistcha\n|\n|-weather|RainDance|[upkeep]\n|upkeep\n|turn|6\n|\n|t:|1699730750\n|switch|p2a: Amoonguss|Amoonguss, L50, M, shiny, tera:Water|100\/100\n|move|p2b: Gholdengo|Protect|p2b: Gholdengo\n|-singleturn|p2b: Gholdengo|Protect\n|move|p1a: Sinistcha|Shadow Ball|p2b: Gholdengo\n|-activate|p2b: Gholdengo|move: Protect\n|move|p1b: Landorus|Rock Slide|p2b: Gholdengo|[spread] p2a\n|-activate|p2b: Gholdengo|move: Protect\n|-damage|p2a: Amoonguss|84\/100\n|\n|-weather|none\n|upkeep\n|turn|7\n|inactive|cryorizzlord2 has 30 seconds left.\n|\n|t:|1699730785\n|switch|p1b: Iron Hands|Iron Hands, L50|96\/100\n|move|p2a: Amoonguss|Spore|p1a: Sinistcha\n|-status|p1a: Sinistcha|slp|[from] move: Spore\n|cant|p1a: Sinistcha|slp\n|move|p2b: Gholdengo|Make It Rain|p1b: Iron Hands|[spread] p1a,p1b\n|-resisted|p1a: Sinistcha\n|-resisted|p1b: Iron Hands\n|-damage|p1a: Sinistcha|16\/100 slp\n|-damage|p1b: Iron Hands|73\/100\n|-unboost|p2b: Gholdengo|spa|1\n|\n|-sideend|p2: cryorizzlord2|move: Tailwind\n|upkeep\n|turn|8\n|\n|t:|1699730807\n|move|p2a: Amoonguss|Protect|p2a: Amoonguss\n|-singleturn|p2a: Amoonguss|Protect\n|move|p1b: Iron Hands|Fake Out|p2a: Amoonguss\n|-activate|p2a: Amoonguss|move: Protect\n|cant|p1a: Sinistcha|slp\n|move|p2b: Gholdengo|Nasty Plot|p2b: Gholdengo\n|-boost|p2b: Gholdengo|spa|2\n|\n|upkeep\n|turn|9\n|inactive|cryorizzlord2 has 30 seconds left.\n|\n|t:|1699730834\n|move|p2a: Amoonguss|Spore|p1b: Iron Hands\n|-status|p1b: Iron Hands|slp|[from] move: Spore\n|cant|p1b: Iron Hands|slp\n|cant|p1a: Sinistcha|slp\n|move|p2b: Gholdengo|Shadow Ball|p1a: Sinistcha\n|-damage|p1a: Sinistcha|0 fnt\n|faint|p1a: Sinistcha\n|\n|-fieldend|move: Trick Room\n|upkeep\n|\n|t:|1699730845\n|switch|p1a: Landorus|Landorus-Therian, L50, M|52\/100\n|-ability|p1a: Landorus|Intimidate|boost\n|-unboost|p2a: Amoonguss|atk|1\n|-unboost|p2b: Gholdengo|atk|1\n|turn|10\n|\n|t:|1699730858\n|move|p2a: Amoonguss|Rage Powder|p2a: Amoonguss\n|-singleturn|p2a: Amoonguss|move: Rage Powder\n|move|p1a: Landorus|Rock Slide|p2a: Amoonguss|[spread] p2a,p2b\n|-resisted|p2b: Gholdengo\n|-damage|p2a: Amoonguss|66\/100\n|-damage|p2b: Gholdengo|90\/100\n|move|p2b: Gholdengo|Shadow Ball|p1a: Landorus\n|-damage|p1a: Landorus|0 fnt\n|faint|p1a: Landorus\n|cant|p1b: Iron Hands|slp\n|\n|-heal|p2b: Gholdengo|96\/100|[from] item: Leftovers\n|upkeep\n|turn|11\n|-message|nishanth_11 forfeited.\n|\n|win|cryorizzlord2\n|raw|nishanth_11's rating: 1413 &rarr; <strong>1387<\/strong><br \/>(-26 for losing)\n|raw|cryorizzlord2's rating: 1311 &rarr; <strong>1337<\/strong><br \/>(+26 for winning)\n|l|\u203dnishanth_11\n","uploadtime":1699730888,"views":18,"p1id":"nishanth11","p2id":"cryorizzlord2","formatid":"gen9vgc2023regulatione","rating":1337,"private":0,"password":""}