{"id":"gen9vgc2023regulatione-1998405547","p1":"sdfghjnhgh","p2":"Oliver9001","format":"[Gen 9] VGC 2023 Regulation E","log":"|j|\u2606sdfghjnhgh\n|j|\u2606Oliver9001\n|t:|1700938674\n|gametype|doubles\n|player|p1|sdfghjnhgh|schoolkid-gen4|1049\n|player|p2|Oliver9001|red|1154\n|teamsize|p1|6\n|teamsize|p2|6\n|gen|9\n|tier|[Gen 9] VGC 2023 Regulation E\n|rated|\n|rule|Species Clause: Limit one of each Pok\u00e9mon\n|rule|Item Clause: Limit one of each item\n|clearpoke\n|poke|p1|Arcanine-Hisui, L50, M|\n|poke|p1|Rillaboom, L50, M|\n|poke|p1|Tornadus, L50, M|\n|poke|p1|Palafin, L50, M|\n|poke|p1|Flutter Mane, L50|\n|poke|p1|Chien-Pao, L50|\n|poke|p2|Rillaboom, L50, M|\n|poke|p2|Flutter Mane, L50|\n|poke|p2|Roaring Moon, L50|\n|poke|p2|Regieleki, L50|\n|poke|p2|Chien-Pao, L50|\n|poke|p2|Urshifu-*, L50, M|\n|teampreview|4\n|inactive|Battle timer is ON: inactive players will automatically lose when time's up. (requested by Oliver9001)\n|inactive|sdfghjnhgh has 60 seconds left.\n|inactive|Oliver9001 has 60 seconds left.\nOliver9001 has agreed to open team sheets.\n|\n|t:|1700938719\n|start\n|switch|p1a: Palafin|Palafin, L50, M|100\/100\n|switch|p1b: Flutter Mane|Flutter Mane, L50|100\/100\n|switch|p2a: Regieleki|Regieleki, L50|100\/100\n|switch|p2b: Roaring Moon|Roaring Moon, L50|100\/100\n|-enditem|p1b: Flutter Mane|Booster Energy\n|-activate|p1b: Flutter Mane|ability: Protosynthesis|[fromitem]\n|-start|p1b: Flutter Mane|protosynthesisspe\n|-enditem|p2b: Roaring Moon|Booster Energy\n|-activate|p2b: Roaring Moon|ability: Protosynthesis|[fromitem]\n|-start|p2b: Roaring Moon|protosynthesisspe\n|turn|1\n|\n|t:|1700938736\n|detailschange|p1a: Palafin|Palafin-Hero, L50, M\n|switch|p1a: Rillaboom|Rillaboom, L50, M|100\/100\n|-fieldstart|move: Grassy Terrain|[from] ability: Grassy Surge|[of] p1a: Rillaboom\n|-terastallize|p2b: Roaring Moon|Poison\n|move|p1b: Flutter Mane|Dazzling Gleam|p2b: Roaring Moon|[spread] p2a,p2b\n|-resisted|p2b: Roaring Moon\n|-damage|p2a: Regieleki|44\/100\n|-damage|p2b: Roaring Moon|89\/100\n|move|p2b: Roaring Moon|Tailwind|p2b: Roaring Moon\n|-sidestart|p2: Oliver9001|move: Tailwind\n|move|p2a: Regieleki|Electroweb|p1a: Rillaboom|[spread] p1a,p1b\n|-resisted|p1a: Rillaboom\n|-damage|p1a: Rillaboom|90\/100\n|-damage|p1b: Flutter Mane|74\/100\n|-unboost|p1a: Rillaboom|spe|1\n|-unboost|p1b: Flutter Mane|spe|1\n|\n|-heal|p2b: Roaring Moon|95\/100|[from] Grassy Terrain\n|-heal|p2a: Regieleki|50\/100|[from] Grassy Terrain\n|-heal|p1b: Flutter Mane|80\/100|[from] Grassy Terrain\n|-heal|p1a: Rillaboom|96\/100|[from] Grassy Terrain\n|upkeep\n|turn|2\n|inactive|Oliver9001 has 30 seconds left.\n|\n|t:|1700938767\n|move|p2a: Regieleki|Protect|p2a: Regieleki\n|-singleturn|p2a: Regieleki|Protect\n|move|p1a: Rillaboom|Fake Out|p2b: Roaring Moon\n|-damage|p2b: Roaring Moon|79\/100\n|cant|p2b: Roaring Moon|flinch\n|move|p1b: Flutter Mane|Moonblast|p2a: Regieleki\n|-activate|p2a: Regieleki|move: Protect\n|\n|-heal|p2b: Roaring Moon|85\/100|[from] Grassy Terrain\n|-heal|p2a: Regieleki|56\/100|[from] Grassy Terrain\n|-heal|p1b: Flutter Mane|86\/100|[from] Grassy Terrain\n|-heal|p1a: Rillaboom|100\/100|[from] Grassy Terrain\n|upkeep\n|turn|3\n|\n|t:|1700938786\n|move|p1a: Rillaboom|Grassy Glide|p2a: Regieleki\n|-damage|p2a: Regieleki|0 fnt\n|faint|p2a: Regieleki\n|move|p2b: Roaring Moon|Acrobatics|p1a: Rillaboom\n|-supereffective|p1a: Rillaboom\n|-damage|p1a: Rillaboom|43\/100\n|move|p1b: Flutter Mane|Shadow Ball|p2b: Roaring Moon\n|-damage|p2b: Roaring Moon|50\/100\n|-unboost|p2b: Roaring Moon|spd|1\n|\n|-heal|p2b: Roaring Moon|56\/100|[from] Grassy Terrain\n|-heal|p1b: Flutter Mane|92\/100|[from] Grassy Terrain\n|-heal|p1a: Rillaboom|49\/100|[from] Grassy Terrain\n|upkeep\n|\n|t:|1700938804\n|switch|p2a: Rillaboom|Rillaboom, L50, M|100\/100\n|turn|4\n|\n|t:|1700938818\n|move|p2a: Rillaboom|Grassy Glide|p1b: Flutter Mane\n|-damage|p1b: Flutter Mane|11\/100\n|move|p2b: Roaring Moon|Acrobatics|p1a: Rillaboom\n|-supereffective|p1a: Rillaboom\n|-damage|p1a: Rillaboom|0 fnt\n|faint|p1a: Rillaboom\n|move|p1b: Flutter Mane|Shadow Ball|p2b: Roaring Moon\n|-damage|p2b: Roaring Moon|8\/100\n|\n|-heal|p2b: Roaring Moon|14\/100|[from] Grassy Terrain\n|-heal|p1b: Flutter Mane|17\/100|[from] Grassy Terrain\n|-sideend|p2: Oliver9001|move: Tailwind\n|upkeep\n|\n|t:|1700938829\n|switch|p1a: Palafin|Palafin-Hero, L50, M|100\/100\n|-activate|p1a: Palafin|ability: Zero to Hero\n|turn|5\n|\n|t:|1700938836\n|-terastallize|p1a: Palafin|Flying\n|move|p2b: Roaring Moon|Protect|p2b: Roaring Moon\n|-singleturn|p2b: Roaring Moon|Protect\n|move|p1b: Flutter Mane|Protect|p1b: Flutter Mane\n|-singleturn|p1b: Flutter Mane|Protect\n|move|p1a: Palafin|Jet Punch|p2b: Roaring Moon\n|-activate|p2b: Roaring Moon|move: Protect\n|move|p2a: Rillaboom|Grassy Glide|p1a: Palafin\n|-resisted|p1a: Palafin\n|-damage|p1a: Palafin|78\/100\n|\n|-heal|p2b: Roaring Moon|20\/100|[from] Grassy Terrain\n|-heal|p1b: Flutter Mane|23\/100|[from] Grassy Terrain\n|-fieldend|move: Grassy Terrain\n|upkeep\n|turn|6\n|\n|t:|1700938856\n|-end|p1b: Flutter Mane|Protosynthesis|[silent]\n|switch|p1b: Chien-Pao|Chien-Pao, L50|100\/100\n|-ability|p1b: Chien-Pao|Sword of Ruin\n|move|p2b: Roaring Moon|Protect|p2b: Roaring Moon\n|-singleturn|p2b: Roaring Moon|Protect\n|move|p2a: Rillaboom|Protect|p2a: Rillaboom\n|-singleturn|p2a: Rillaboom|Protect\n|move|p1a: Palafin|Jet Punch|p2b: Roaring Moon\n|-activate|p2b: Roaring Moon|move: Protect\n|\n|upkeep\n|turn|7\n|\n|t:|1700938872\n|switch|p2a: Urshifu|Urshifu-Rapid-Strike, L50, M|100\/100\n|move|p1a: Palafin|Jet Punch|p2b: Roaring Moon\n|-damage|p2b: Roaring Moon|0 fnt\n|faint|p2b: Roaring Moon\n|-end|p2b: Roaring Moon|Protosynthesis|[silent]\n|move|p1b: Chien-Pao|Icicle Crash|p2a: Urshifu\n|-resisted|p2a: Urshifu\n|-damage|p2a: Urshifu|72\/100\n|\n|upkeep\n|\n|t:|1700938882\n|switch|p2b: Rillaboom|Rillaboom, L50, M|100\/100\n|-fieldstart|move: Grassy Terrain|[from] ability: Grassy Surge|[of] p2b: Rillaboom\n|turn|8\n|\n|t:|1700938897\n|switch|p1b: Flutter Mane|Flutter Mane, L50|23\/100\n|move|p2b: Rillaboom|Fake Out|p1b: Flutter Mane\n|-immune|p1b: Flutter Mane\n|move|p2a: Urshifu|Surging Strikes|p1a: Palafin\n|-crit|p1a: Palafin\n|-damage|p1a: Palafin|56\/100\n|-crit|p1a: Palafin\n|-damage|p1a: Palafin|35\/100\n|-crit|p1a: Palafin\n|-damage|p1a: Palafin|10\/100\n|-hitcount|p1a: Palafin|3\n|move|p1a: Palafin|Acrobatics|p2a: Urshifu\n|-supereffective|p2a: Urshifu\n|-damage|p2a: Urshifu|0 fnt\n|faint|p2a: Urshifu\n|\n|-heal|p1b: Flutter Mane|29\/100|[from] Grassy Terrain\n|upkeep\n|turn|9\n|-message|Oliver9001 forfeited.\n|\n|win|sdfghjnhgh\n|raw|sdfghjnhgh's rating: 1049 &rarr; <strong>1091<\/strong><br \/>(+42 for winning)\n|raw|Oliver9001's rating: 1154 &rarr; <strong>1122<\/strong><br \/>(-32 for losing)\n|l|\u2606Oliver9001\n","uploadtime":1700938926,"views":3,"p1id":"sdfghjnhgh","p2id":"oliver9001","formatid":"gen9vgc2023regulatione","rating":1091,"private":0,"password":""}