{"id":"gen9vgc2023regulatione-1994316896","p1":"sonaw4","p2":"TakinaVGC","format":"[Gen 9] VGC 2023 Regulation E","log":"|j|\u2606sonaw4\n|j|\u2606TakinaVGC\n|n|\u2606sonaw4|sonaw4\n|n|\u2606TakinaVGC|takinavgc\n|html|View the match progress at <a href=\"\/game-bestof3-gen9vgc2023regulatione-1994313508\">game-bestof3-gen9vgc2023regulatione-1994313508<\/a>\n|t:|1700430393\n|gametype|doubles\n|player|p1|sonaw4|101|\n|player|p2|TakinaVGC|cynthia|\n|teamsize|p1|6\n|teamsize|p2|6\n|gen|9\n|tier|[Gen 9] VGC 2023 Regulation E\n|rule|Species Clause: Limit one of each Pok\u00e9mon\n|rule|Item Clause: Limit one of each item\n|clearpoke\n|poke|p1|Urshifu-*, L50, M|\n|poke|p1|Thundurus, L50, M|\n|poke|p1|Amoonguss, L50, F|\n|poke|p1|Roaring Moon, L50|\n|poke|p1|Chien-Pao, L50|\n|poke|p1|Landorus-Therian, L50, M|\n|poke|p2|Arcanine-Hisui, L50, F|\n|poke|p2|Tornadus, L50, M|\n|poke|p2|Urshifu-*, L50, M|\n|poke|p2|Rillaboom, L50, M|\n|poke|p2|Regidrago, L50|\n|poke|p2|Scizor, L50, M|\n|teampreview|4\nTakinaVGC has agreed to open team sheets.\nsonaw4 has agreed to open team sheets.\n|showteam|p1|Urshifu-Rapid-Strike||ChoiceScarf|UnseenFist|SurgingStrikes,AquaJet,BrickBreak,Uturn|||M|||50|,,,,,Water]Thundurus||CovertCloak|Prankster|ThunderWave,Thunderbolt,WildboltStorm,RainDance|||M|||50|,,,,,Electric]Amoonguss||SitrusBerry|Regenerator|Spore,RagePowder,PollenPuff,ClearSmog|||F|||50|,,,,,Rock]Roaring Moon||BoosterEnergy|Protosynthesis|Protect,Acrobatics,DragonClaw,KnockOff||||||50|,,,,,Flying]Chien-Pao||FocusSash|SwordofRuin|IceSpinner,IcyWind,Protect,ThroatChop||||||50|,,,,,Ghost]Landorus-Therian||AssaultVest|Intimidate|StompingTantrum,RockSlide,BrickBreak,TeraBlast|||M|||50|,,,,,Fire\n|showteam|p2|Arcanine-Hisui||ChoiceBand|Intimidate|FlareBlitz,RockSlide,ExtremeSpeed,HeadSmash|||F|||50|,,,,,Water]Tornadus||SharpBeak|Prankster|Tailwind,BleakwindStorm,RainDance,Protect|||M|||50|,,,,,Dragon]Urshifu-Rapid-Strike||MysticWater|UnseenFist|SurgingStrikes,AquaJet,CloseCombat,Protect|||M|||50|,,,,,Water]Rillaboom||AssaultVest|GrassySurge|FakeOut,GrassyGlide,WoodHammer,HighHorsepower|||M|||50|,,,,,Fire]Regidrago||DragonFang|DragonsMaw|DragonEnergy,DracoMeteor,EarthPower,Protect||||||50|,,,,,Steel]Scizor||ClearAmulet|Technician|BulletPunch,BugBite,Protect,DualWingbeat|||M|||50|,,,,,Water\n|j| Van. Volcanucks\n|\n|t:|1700430583\n|start\n|switch|p1a: Landorus|Landorus-Therian, L50, M|100\/100\n|switch|p1b: Chien-Pao|Chien-Pao, L50|100\/100\n|switch|p2a: Arcanine|Arcanine-Hisui, L50, F|100\/100\n|switch|p2b: Tornadus|Tornadus, L50, M|100\/100\n|-ability|p1b: Chien-Pao|Sword of Ruin\n|-ability|p1a: Landorus|Intimidate|boost\n|-unboost|p2a: Arcanine|atk|1\n|-unboost|p2b: Tornadus|atk|1\n|-ability|p2a: Arcanine|Intimidate|boost\n|-unboost|p1a: Landorus|atk|1\n|-unboost|p1b: Chien-Pao|atk|1\n|turn|1\n|\n|t:|1700430616\n|switch|p1a: Thundurus|Thundurus, L50, M|100\/100\n|-terastallize|p2a: Arcanine|Water\n|move|p2b: Tornadus|Protect|p2b: Tornadus\n|-singleturn|p2b: Tornadus|Protect\n|move|p1b: Chien-Pao|Ice Spinner|p2b: Tornadus\n|-activate|p2b: Tornadus|move: Protect\n|move|p2a: Arcanine|Rock Slide|p1a: Thundurus|[spread] p1a,p1b\n|-supereffective|p1a: Thundurus\n|-supereffective|p1b: Chien-Pao\n|-crit|p1b: Chien-Pao\n|-damage|p1a: Thundurus|9\/100\n|-enditem|p1b: Chien-Pao|Focus Sash\n|-damage|p1b: Chien-Pao|1\/100\n|\n|upkeep\n|turn|2\n|\n|t:|1700430639\n|move|p1b: Chien-Pao|Protect|p1b: Chien-Pao\n|-singleturn|p1b: Chien-Pao|Protect\n|move|p2b: Tornadus|Tailwind|p2b: Tornadus\n|-sidestart|p2: TakinaVGC|move: Tailwind\n|move|p1a: Thundurus|Thunder Wave|p2b: Tornadus\n|-status|p2b: Tornadus|par\n|move|p2a: Arcanine|Rock Slide|p1b: Chien-Pao|[spread] p1a\n|-activate|p1b: Chien-Pao|move: Protect\n|-supereffective|p1a: Thundurus\n|-damage|p1a: Thundurus|0 fnt\n|faint|p1a: Thundurus\n|\n|upkeep\n|\n|t:|1700430654\n|switch|p1a: Landorus|Landorus-Therian, L50, M|100\/100\n|-ability|p1a: Landorus|Intimidate|boost\n|-unboost|p2a: Arcanine|atk|1\n|-unboost|p2b: Tornadus|atk|1\n|turn|3\n|\n|t:|1700430678\n|switch|p2a: Urshifu|Urshifu-Rapid-Strike, L50, M|100\/100\n|move|p1b: Chien-Pao|Ice Spinner|p2b: Tornadus\n|-supereffective|p2b: Tornadus\n|-damage|p2b: Tornadus|23\/100 par\n|move|p2b: Tornadus|Bleakwind Storm|p1a: Landorus|[spread] p1b\n|-miss|p2b: Tornadus|p1a: Landorus\n|-damage|p1b: Chien-Pao|0 fnt\n|faint|p1b: Chien-Pao\n|move|p1a: Landorus|Stomping Tantrum|p2a: Urshifu\n|-damage|p2a: Urshifu|52\/100\n|\n|upkeep\n|\n|t:|1700430689\n|switch|p1b: Roaring Moon|Roaring Moon, L50|100\/100\n|-enditem|p1b: Roaring Moon|Booster Energy\n|-activate|p1b: Roaring Moon|ability: Protosynthesis|[fromitem]\n|-start|p1b: Roaring Moon|protosynthesisatk\n|turn|4\n|\n|t:|1700430732\n|move|p1b: Roaring Moon|Protect|p1b: Roaring Moon\n|-singleturn|p1b: Roaring Moon|Protect\n|cant|p2b: Tornadus|par\n|move|p2a: Urshifu|Surging Strikes|p1a: Landorus\n|-supereffective|p1a: Landorus\n|-crit|p1a: Landorus\n|-damage|p1a: Landorus|50\/100\n|-supereffective|p1a: Landorus\n|-crit|p1a: Landorus\n|-damage|p1a: Landorus|8\/100\n|-supereffective|p1a: Landorus\n|-crit|p1a: Landorus\n|-damage|p1a: Landorus|0 fnt\n|faint|p1a: Landorus\n|-hitcount|p1: Landorus|3\n|\n|upkeep\n|turn|5\n|\n|t:|1700430762\n|-terastallize|p1b: Roaring Moon|Flying\n|move|p2a: Urshifu|Surging Strikes|p1b: Roaring Moon\n|-crit|p1b: Roaring Moon\n|-damage|p1b: Roaring Moon|71\/100\n|-crit|p1b: Roaring Moon\n|-damage|p1b: Roaring Moon|38\/100\n|-crit|p1b: Roaring Moon\n|-damage|p1b: Roaring Moon|5\/100\n|-hitcount|p1b: Roaring Moon|3\n|move|p1b: Roaring Moon|Acrobatics|p2a: Urshifu\n|-supereffective|p2a: Urshifu\n|-crit|p2a: Urshifu\n|-damage|p2a: Urshifu|0 fnt\n|faint|p2a: Urshifu\n|move|p2b: Tornadus|Bleakwind Storm|p1b: Roaring Moon\n|-damage|p1b: Roaring Moon|0 fnt\n|faint|p1b: Roaring Moon\n|-end|p1b: Roaring Moon|Protosynthesis|[silent]\n|\n|win|TakinaVGC\n","uploadtime":1700430775,"views":8,"p1id":"sonaw4","p2id":"takinavgc","formatid":"gen9vgc2023regulatione","rating":0,"private":0,"password":""}