{"id":"gen9vgc2023regulatione-1989725552","p1":"loreleichichis","p2":"resdcfgtrews","format":"[Gen 9] VGC 2023 Regulation E","log":"|j|\u2606loreleichichis\n|j|\u203dresdcfgtrews\n|t:|1699890399\n|gametype|doubles\n|player|p1|loreleichichis|swimmerf|1145\n|player|p2|resdcfgtrews|1|1091\n|teamsize|p1|6\n|teamsize|p2|6\n|gen|9\n|tier|[Gen 9] VGC 2023 Regulation E\n|rated|\n|rule|Species Clause: Limit one of each Pok\u00e9mon\n|rule|Item Clause: Limit one of each item\n|clearpoke\n|poke|p1|Gliscor, L50, M|\n|poke|p1|Arcanine-Hisui, L50, M|\n|poke|p1|Ogerpon-Wellspring, L50, F|\n|poke|p1|Okidogi, L50, M|\n|poke|p1|Empoleon, L50, M|\n|poke|p1|Golem-Alola, L50, F|\n|poke|p2|Meowscarada, L50, M|\n|poke|p2|Lycanroc-Dusk, L50, F|\n|poke|p2|Scream Tail, L50|\n|poke|p2|Roaring Moon, L50|\n|poke|p2|Volcarona, L50, M|\n|poke|p2|Quaquaval, L50, M|\n|teampreview|4\n|\n|t:|1699890447\n|start\n|switch|p1a: Golem|Golem-Alola, L50, F|100\/100\n|switch|p1b: Gliscor|Gliscor, L50, M|100\/100\n|switch|p2a: Meowscarada|Meowscarada, L50, M|100\/100\n|switch|p2b: Volcarona|Volcarona, L50, M|100\/100\n|turn|1\n|\n|t:|1699890466\n|move|p2b: Volcarona|Protect|p2b: Volcarona\n|-singleturn|p2b: Volcarona|Protect\n|move|p1a: Golem|Wide Guard|p1a: Golem\n|-singleturn|p1a: Golem|Wide Guard\n|move|p2a: Meowscarada|Flower Trick|p1a: Golem\n|-supereffective|p1a: Golem\n|-crit|p1a: Golem\n|-enditem|p1a: Golem|Focus Sash\n|-damage|p1a: Golem|1\/100\n|move|p1b: Gliscor|Tailwind|p1b: Gliscor\n|-sidestart|p1: loreleichichis|move: Tailwind\n|\n|-status|p1b: Gliscor|tox|[from] item: Toxic Orb\n|upkeep\n|turn|2\n|\n|t:|1699890499\n|switch|p1a: Ogerpon|Ogerpon-Wellspring, L50, F|100\/100\n|move|p1b: Gliscor|U-turn|p2a: Meowscarada\n|-supereffective|p2a: Meowscarada\n|-crit|p2a: Meowscarada\n|-damage|p2a: Meowscarada|0 fnt\n|faint|p2a: Meowscarada\n|\n|t:|1699890522\n|switch|p1b: Golem|Golem-Alola, L50, F|1\/100|[from] U-turn\n|move|p2b: Volcarona|Quiver Dance|p2b: Volcarona\n|-boost|p2b: Volcarona|spa|1\n|-boost|p2b: Volcarona|spd|1\n|-boost|p2b: Volcarona|spe|1\n|\n|upkeep\n|\n|t:|1699890530\n|switch|p2a: Quaquaval|Quaquaval, L50, M|100\/100\n|turn|3\n|\n|t:|1699890544\n|move|p1a: Ogerpon|Follow Me|p1a: Ogerpon\n|-singleturn|p1a: Ogerpon|move: Follow Me\n|move|p2b: Volcarona|Fiery Dance|p1a: Ogerpon\n|-damage|p1a: Ogerpon|26\/100\n|-boost|p2b: Volcarona|spa|1\n|move|p2a: Quaquaval|Brick Break|p1a: Ogerpon\n|-damage|p1a: Ogerpon|0 fnt\n|faint|p1a: Ogerpon\n|-ability|p2a: Quaquaval|Moxie|boost\n|-boost|p2a: Quaquaval|atk|1\n|move|p1b: Golem|Explosion|p2b: Volcarona|[spread] p2a,p2b\n|-supereffective|p2a: Quaquaval\n|-crit|p2a: Quaquaval\n|-damage|p2a: Quaquaval|0 fnt\n|-damage|p2b: Volcarona|0 fnt\n|faint|p1b: Golem\n|faint|p2a: Quaquaval\n|faint|p2b: Volcarona\n|\n|upkeep\n|\n|t:|1699890564\n|switch|p1a: Empoleon|Empoleon, L50, M|100\/100\n|switch|p2a: Roaring Moon|Roaring Moon, L50|100\/100\n|switch|p1b: Gliscor|Gliscor, L50, M|100\/100 tox\n|turn|4\n|\n|t:|1699890575\n|move|p1b: Gliscor|Rock Slide|p2a: Roaring Moon\n|-damage|p2a: Roaring Moon|73\/100\n|move|p2a: Roaring Moon|Brick Break|p1a: Empoleon\n|-supereffective|p1a: Empoleon\n|-damage|p1a: Empoleon|46\/100\n|move|p1a: Empoleon|Icy Wind|p2a: Roaring Moon\n|-supereffective|p2a: Roaring Moon\n|-damage|p2a: Roaring Moon|34\/100\n|-unboost|p2a: Roaring Moon|spe|1\n|\n|-sideend|p1: loreleichichis|move: Tailwind\n|upkeep\n|turn|5\n|\n|t:|1699890600\n|move|p1b: Gliscor|Rock Slide|p2a: Roaring Moon\n|-damage|p2a: Roaring Moon|8\/100\n|move|p2a: Roaring Moon|Brick Break|p1a: Empoleon\n|-supereffective|p1a: Empoleon\n|-damage|p1a: Empoleon|0 fnt\n|faint|p1a: Empoleon\n|\n|upkeep\n|turn|6\n|\n|t:|1699890611\n|move|p2a: Roaring Moon|Protect|p2a: Roaring Moon\n|-singleturn|p2a: Roaring Moon|Protect\n|move|p1b: Gliscor|Rock Slide|p2a: Roaring Moon\n|-activate|p2a: Roaring Moon|move: Protect\n|\n|upkeep\n|turn|7\n|\n|t:|1699890626\n|move|p1b: Gliscor|Rock Slide|p2a: Roaring Moon\n|-damage|p2a: Roaring Moon|0 fnt\n|faint|p2a: Roaring Moon\n|-end|p2a: Roaring Moon|Protosynthesis|[silent]\n|\n|win|loreleichichis\n|raw|loreleichichis's rating: 1145 &rarr; <strong>1166<\/strong><br \/>(+21 for winning)\n|raw|resdcfgtrews's rating: 1091 &rarr; <strong>1071<\/strong><br \/>(-20 for losing)\n|l|\u203dresdcfgtrews\n","uploadtime":1699890643,"views":7,"p1id":"loreleichichis","p2id":"resdcfgtrews","formatid":"gen9vgc2023regulatione","rating":1071,"private":0,"password":""}