{"id":"gen9vgc2023regulatione-1990562113","p1":"Larquee","p2":"Jigglypuff529","format":"[Gen 9] VGC 2023 Regulation E","log":"|j|\u2606Larquee\n|j|\u2606Jigglypuff529\n|t:|1699981630\n|gametype|doubles\n|player|p1|Larquee|101|1099\n|player|p2|Jigglypuff529|koga|1000\n|teamsize|p1|6\n|teamsize|p2|6\n|gen|9\n|tier|[Gen 9] VGC 2023 Regulation E\n|rated|\n|rule|Species Clause: Limit one of each Pok\u00e9mon\n|rule|Item Clause: Limit one of each item\n|clearpoke\n|poke|p1|Moltres-Galar, L50|\n|poke|p1|Iron Hands, L50|\n|poke|p1|Landorus-Therian, L50, M|\n|poke|p1|Ogerpon-Wellspring, L50, F|\n|poke|p1|Flutter Mane, L50|\n|poke|p1|Weezing, L50, M|\n|poke|p2|Ninetales-Alola, L50, M|\n|poke|p2|Iron Hands, L50|\n|poke|p2|Ogerpon-Hearthflame, L50, F|\n|poke|p2|Glimmora, L50, F|\n|poke|p2|Dondozo, L50, F|\n|poke|p2|Tatsugiri, L50, M|\n|teampreview|4\n|inactive|Battle timer is ON: inactive players will automatically lose when time's up. (requested by Larquee)\n|inactive|Larquee has 60 seconds left.\n|inactive|Jigglypuff529 has 60 seconds left.\n|\n|t:|1699981690\n|start\n|switch|p1a: Weezing|Weezing, L50, M|100\/100\n|switch|p1b: Flutter Mane|Flutter Mane, L50|100\/100\n|switch|p2a: Ninetales|Ninetales-Alola, L50, M|100\/100\n|switch|p2b: Glimmora|Glimmora, L50, F|100\/100\n|-ability|p1a: Weezing|Neutralizing Gas\n|turn|1\n|\n|t:|1699981714\n|move|p2a: Ninetales|Protect|p2a: Ninetales\n|-singleturn|p2a: Ninetales|Protect\n|move|p1b: Flutter Mane|Dazzling Gleam|p2b: Glimmora|[spread] p2b\n|-activate|p2a: Ninetales|move: Protect\n|-resisted|p2b: Glimmora\n|-crit|p2b: Glimmora\n|-damage|p2b: Glimmora|62\/100\n|move|p2b: Glimmora|Mortal Spin|p1a: Weezing|[spread] p1a,p1b\n|-resisted|p1a: Weezing\n|-damage|p1a: Weezing|99\/100\n|-damage|p1b: Flutter Mane|90\/100\n|-status|p1b: Flutter Mane|psn\n|move|p1a: Weezing|Sludge Bomb|p2a: Ninetales\n|-activate|p2a: Ninetales|move: Protect\n|\n|-heal|p1a: Weezing|100\/100|[from] item: Leftovers\n|-damage|p1b: Flutter Mane|78\/100 psn|[from] psn\n|upkeep\n|turn|2\n|inactive|Jigglypuff529 has 30 seconds left.\n|\n|t:|1699981746\n|move|p1b: Flutter Mane|Dazzling Gleam|p2b: Glimmora|[spread] p2a,p2b\n|-resisted|p2b: Glimmora\n|-damage|p2a: Ninetales|54\/100\n|-damage|p2b: Glimmora|35\/100\n|-enditem|p2b: Glimmora|Sitrus Berry|[eat]\n|-heal|p2b: Glimmora|59\/100|[from] item: Sitrus Berry\n|move|p2a: Ninetales|Moonblast|p1b: Flutter Mane\n|-damage|p1b: Flutter Mane|47\/100 psn\n|move|p2b: Glimmora|Power Gem|p1a: Weezing\n|-damage|p1a: Weezing|51\/100\n|move|p1a: Weezing|Taunt|p2a: Ninetales\n|-start|p2a: Ninetales|move: Taunt\n|\n|-heal|p1a: Weezing|57\/100|[from] item: Leftovers\n|-damage|p1b: Flutter Mane|35\/100 psn|[from] psn\n|upkeep\n|turn|3\n|inactive|Larquee has 30 seconds left.\n|inactive|Jigglypuff529 has 30 seconds left.\n|inactive|Jigglypuff529 has 20 seconds left.\n|inactive|Jigglypuff529 has 15 seconds left.\n|inactive|Jigglypuff529 has 10 seconds left.\n|\n|t:|1699981794\n|-end|p1b: Flutter Mane|Protosynthesis|[silent]\n|switch|p1b: Iron Hands|Iron Hands, L50, shiny|100\/100\n|switch|p2a: Dondozo|Dondozo, L50, F|100\/100\n|move|p2b: Glimmora|Power Gem|p1a: Weezing\n|-damage|p1a: Weezing|3\/100\n|move|p1a: Weezing|Sludge Bomb|p2a: Dondozo\n|-damage|p2a: Dondozo|74\/100\n|-status|p2a: Dondozo|psn\n|\n|-heal|p1a: Weezing|9\/100|[from] item: Leftovers\n|-heal|p2a: Dondozo|80\/100 psn|[from] item: Leftovers\n|-damage|p2a: Dondozo|67\/100 psn|[from] psn\n|upkeep\n|turn|4\n|inactive|Larquee has 30 seconds left.\n|inactive|Jigglypuff529 has 30 seconds left.\n|\n|t:|1699981823\n|switch|p2a: Ninetales|Ninetales-Alola, L50, M|54\/100\n|move|p2b: Glimmora|Spiky Shield|p2b: Glimmora\n|-singleturn|p2b: Glimmora|move: Protect\n|move|p1a: Weezing|Protect|p1a: Weezing\n|-singleturn|p1a: Weezing|Protect\n|move|p1b: Iron Hands|Drain Punch|p2b: Glimmora\n|-activate|p2b: Glimmora|move: Protect\n|-damage|p1b: Iron Hands|88\/100|[from] Spiky Shield|[of] p2b: Glimmora\n|\n|-heal|p1a: Weezing|14\/100|[from] item: Leftovers\n|upkeep\n|turn|5\n|\n|t:|1699981842\n|move|p2a: Ninetales|Protect|p2a: Ninetales\n|-singleturn|p2a: Ninetales|Protect\n|move|p1a: Weezing|Protect||[still]\n|-fail|p1a: Weezing\n|move|p2b: Glimmora|Power Gem|p1a: Weezing\n|-damage|p1a: Weezing|0 fnt\n|faint|p1a: Weezing\n|-end|p1a: Weezing|ability: Neutralizing Gas\n|-weather|Snow|[from] ability: Snow Warning|[of] p2a: Ninetales\n|move|p1b: Iron Hands|Heavy Slam|p2a: Ninetales\n|-activate|p2a: Ninetales|move: Protect\n|\n|-weather|Snow|[upkeep]\n|upkeep\n|\n|t:|1699981851\n|switch|p1a: Flutter Mane|Flutter Mane, L50|35\/100 psn\n|turn|6\n|inactive|Larquee has 30 seconds left.\n|inactive|Jigglypuff529 has 30 seconds left.\n|\n|t:|1699981884\n|switch|p2b: Dondozo|Dondozo, L50, F|67\/100 psn\n|move|p1a: Flutter Mane|Shadow Ball|p2a: Ninetales\n|-damage|p2a: Ninetales|0 fnt\n|faint|p2a: Ninetales\n|move|p1b: Iron Hands|Heavy Slam|p2b: Dondozo\n|-resisted|p2b: Dondozo\n|-damage|p2b: Dondozo|62\/100 psn\n|\n|-weather|Snow|[upkeep]\n|-heal|p2b: Dondozo|68\/100 psn|[from] item: Leftovers\n|-damage|p1a: Flutter Mane|23\/100 psn|[from] psn\n|-damage|p2b: Dondozo|56\/100 psn|[from] psn\n|upkeep\n|\n|t:|1699981900\n|switch|p2a: Glimmora|Glimmora, L50, F|59\/100\n|turn|7\n|\n|t:|1699981920\n|move|p2b: Dondozo|Protect|p2b: Dondozo\n|-singleturn|p2b: Dondozo|Protect\n|move|p1a: Flutter Mane|Shadow Ball|p2b: Dondozo\n|-activate|p2b: Dondozo|move: Protect\n|move|p2a: Glimmora|Mortal Spin|p1a: Flutter Mane|[spread] p1a,p1b\n|-damage|p1a: Flutter Mane|13\/100 psn\n|-damage|p1b: Iron Hands|85\/100\n|-status|p1b: Iron Hands|psn\n|move|p1b: Iron Hands|Drain Punch|p2a: Glimmora\n|-damage|p2a: Glimmora|13\/100\n|-heal|p1b: Iron Hands|100\/100 psn|[from] drain|[of] p2a: Glimmora\n|-activate|p2a: Glimmora|ability: Toxic Debris\n|-sidestart|p1: Larquee|move: Toxic Spikes\n|\n|-weather|Snow|[upkeep]\n|-heal|p2b: Dondozo|62\/100 psn|[from] item: Leftovers\n|-damage|p1a: Flutter Mane|0 fnt|[from] psn\n|faint|p1a: Flutter Mane\n|-end|p1a: Flutter Mane|Protosynthesis|[silent]\n|-damage|p2b: Dondozo|49\/100 psn|[from] psn\n|-damage|p1b: Iron Hands|88\/100 psn|[from] psn\n|upkeep\n|\n|t:|1699981925\n|switch|p1a: Ogerpon|Ogerpon-Wellspring, L50, F|100\/100\n|-status|p1a: Ogerpon|psn\n|turn|8\n|inactive|Jigglypuff529 has 30 seconds left.\n|inactive|Jigglypuff529 has 20 seconds left.\n|inactive|Jigglypuff529 has 15 seconds left.\n|\n|t:|1699981966\n|-terastallize|p1a: Ogerpon|Water\n|detailschange|p1a: Ogerpon|Ogerpon-Wellspring-Tera, L50, F, tera:Water\n|-ability|p1a: Ogerpon|Embody Aspect (Wellspring)|boost\n|-boost|p1a: Ogerpon|spd|1\n|-terastallize|p2b: Dondozo|Dragon\n|move|p2a: Glimmora|Spiky Shield|p2a: Glimmora\n|-singleturn|p2a: Glimmora|move: Protect\n|move|p1a: Ogerpon|Horn Leech|p2b: Dondozo\n|-resisted|p2b: Dondozo\n|-damage|p2b: Dondozo|33\/100 psn\n|move|p2b: Dondozo|Earthquake|p1b: Iron Hands|[spread] p1a,p1b\n|-activate|p2a: Glimmora|move: Protect\n|-supereffective|p1b: Iron Hands\n|-damage|p1a: Ogerpon|68\/100 psn\n|-damage|p1b: Iron Hands|55\/100 psn\n|move|p1b: Iron Hands|Drain Punch|p2a: Glimmora\n|-activate|p2a: Glimmora|move: Protect\n|-damage|p1b: Iron Hands|43\/100 psn|[from] Spiky Shield|[of] p2a: Glimmora\n|\n|-weather|Snow|[upkeep]\n|-heal|p2b: Dondozo|39\/100 psn|[from] item: Leftovers\n|-damage|p1a: Ogerpon|56\/100 psn|[from] psn\n|-damage|p2b: Dondozo|27\/100 psn|[from] psn\n|-damage|p1b: Iron Hands|31\/100 psn|[from] psn\n|upkeep\n|turn|9\n|inactive|Larquee has 30 seconds left.\n|inactive|Jigglypuff529 has 30 seconds left.\n|inactive|Larquee has 20 seconds left.\n|inactive|Larquee has 15 seconds left.\n|\n|t:|1699982010\n|switch|p2a: Tatsugiri|Tatsugiri, L50, M|100\/100\n|-activate|p2a: Tatsugiri|ability: Commander|[of] p2b: Dondozo\n|-boost|p2b: Dondozo|atk|2\n|-boost|p2b: Dondozo|spa|2\n|-boost|p2b: Dondozo|spe|2\n|-boost|p2b: Dondozo|def|2\n|-boost|p2b: Dondozo|spd|2\n|move|p2b: Dondozo|Order Up|p1a: Ogerpon\n|-damage|p1a: Ogerpon|0 fnt\n|faint|p1a: Ogerpon\n|-boost|p2b: Dondozo|atk|1\n|move|p1b: Iron Hands|Drain Punch|p2b: Dondozo\n|-damage|p2b: Dondozo|10\/100 psn\n|-heal|p1b: Iron Hands|40\/100 psn|[from] drain|[of] p2b: Dondozo\n|\n|-weather|none\n|-heal|p2b: Dondozo|16\/100 psn|[from] item: Leftovers\n|-damage|p2b: Dondozo|4\/100 psn|[from] psn\n|-damage|p1b: Iron Hands|27\/100 psn|[from] psn\n|upkeep\n|turn|10\n|\n|t:|1699982033\n|move|p2b: Dondozo|Earthquake|p1b: Iron Hands|[spread] p1b\n|-miss|p2b: Dondozo|p2a: Tatsugiri\n|-supereffective|p1b: Iron Hands\n|-damage|p1b: Iron Hands|0 fnt\n|faint|p1b: Iron Hands\n|-end|p1b: Iron Hands|Quark Drive|[silent]\n|\n|win|Jigglypuff529\n|raw|Larquee's rating: 1099 &rarr; <strong>1067<\/strong><br \/>(-32 for losing)\n|raw|Jigglypuff529's rating: 1000 &rarr; <strong>1051<\/strong><br \/>(+51 for winning)\n|l|\u2606Larquee\n","uploadtime":1699982056,"views":15,"p1id":"larquee","p2id":"jigglypuff529","formatid":"gen9vgc2023regulatione","rating":1051,"private":0,"password":""}