{"id":"gen9vgc2023regulatione-1990099057","p1":"Idonotcare0982","p2":"cosmixdd","format":"[Gen 9] VGC 2023 Regulation E","log":"|j|\u2606Idonotcare0982\n|j|\u2606cosmixdd\n|n|\u2606Idonotcare0982|idonotcare0982\n|n|\u2606cosmixdd|cosmixdd\n|html|View the match progress at <a href=\"\/game-bestof3-gen9vgc2023regulatione-1990093918\">game-bestof3-gen9vgc2023regulatione-1990093918<\/a>\n|t:|1699924411\n|gametype|doubles\n|player|p1|Idonotcare0982|ghetsis-gen5bw|\n|player|p2|cosmixdd|acetrainer-gen4dp|\n|teamsize|p1|6\n|teamsize|p2|6\n|gen|9\n|tier|[Gen 9] VGC 2023 Regulation E\n|rule|Species Clause: Limit one of each Pok\u00e9mon\n|rule|Item Clause: Limit one of each item\n|clearpoke\n|poke|p1|Arcanine-Hisui, L50, F|\n|poke|p1|Urshifu-*, L50, F|\n|poke|p1|Tornadus, L50, M|\n|poke|p1|Ogerpon-Wellspring, L50, F|\n|poke|p1|Gholdengo, L50|\n|poke|p1|Iron Hands, L50|\n|poke|p2|Thundurus-Therian, L50, M|\n|poke|p2|Iron Hands, L50|\n|poke|p2|Ogerpon-Wellspring, L50, F|\n|poke|p2|Arcanine-Hisui, L50, M|\n|poke|p2|Pelipper, L50, F|\n|poke|p2|Annihilape, L50, M|\n|teampreview|4\n|inactive|Battle timer is ON: inactive players will automatically lose when time's up. (requested by cosmixdd)\ncosmixdd has agreed to open team sheets.\n|\n|t:|1699924441\n|start\n|switch|p1a: Iron Hands|Iron Hands, L50|100\/100\n|switch|p1b: Arcanine|Arcanine-Hisui, L50, F, shiny|100\/100\n|switch|p2a: Pelipper|Pelipper, L50, F|100\/100\n|switch|p2b: Ogerpon|Ogerpon-Wellspring, L50, F|100\/100\n|-ability|p1b: Arcanine|Intimidate|boost\n|-unboost|p2a: Pelipper|atk|1\n|-unboost|p2b: Ogerpon|atk|1\n|-weather|RainDance|[from] ability: Drizzle|[of] p2a: Pelipper\n|turn|1\n|inactive|Idonotcare0982 has 30 seconds left.\n|inactive|cosmixdd has 30 seconds left.\n|inactive|cosmixdd has 20 seconds left.\n|inactive|cosmixdd has 15 seconds left.\n|inactive|Idonotcare0982 has 20 seconds left.\n|inactive|cosmixdd has 10 seconds left.\n|inactive|cosmixdd has 5 seconds left.\n|\n|t:|1699924494\n|switch|p1b: Ogerpon|Ogerpon-Wellspring, L50, F|100\/100\n|-terastallize|p2a: Pelipper|Grass\n|move|p2b: Ogerpon|Ivy Cudgel|p1b: Ogerpon\n|-immune|p1b: Ogerpon|[from] ability: Water Absorb\n|move|p2a: Pelipper|Tailwind|p2a: Pelipper\n|-sidestart|p2: cosmixdd|move: Tailwind\n|move|p1a: Iron Hands|Wild Charge|p2a: Pelipper\n|-resisted|p2a: Pelipper\n|-damage|p2a: Pelipper|70\/100\n|-damage|p1a: Iron Hands|96\/100|[from] Recoil\n|\n|-weather|RainDance|[upkeep]\n|upkeep\n|turn|2\n|inactive|Idonotcare0982 has 30 seconds left.\n|inactive|cosmixdd has 30 seconds left.\n|\n|t:|1699924528\n|-terastallize|p1b: Ogerpon|Water\n|detailschange|p1b: Ogerpon|Ogerpon-Wellspring-Tera, L50, F, tera:Water\n|-ability|p1b: Ogerpon|Embody Aspect (Wellspring)|boost\n|-boost|p1b: Ogerpon|spd|1\n|move|p2b: Ogerpon|Ivy Cudgel|p1a: Iron Hands\n|-damage|p1a: Iron Hands|55\/100\n|move|p2a: Pelipper|Hurricane|p1a: Iron Hands\n|-damage|p1a: Iron Hands|31\/100\n|move|p1b: Ogerpon|Ivy Cudgel|p2a: Pelipper\n|-resisted|p2a: Pelipper\n|-damage|p2a: Pelipper|0 fnt\n|faint|p2a: Pelipper\n|move|p1a: Iron Hands|Drain Punch|p2b: Ogerpon\n|-damage|p2b: Ogerpon|60\/100\n|-heal|p1a: Iron Hands|48\/100|[from] drain|[of] p2b: Ogerpon\n|\n|-weather|RainDance|[upkeep]\n|upkeep\n|\n|t:|1699924540\n|switch|p2a: Thundurus|Thundurus-Therian, L50, M|100\/100\n|turn|3\n|\n|t:|1699924569\n|switch|p1b: Arcanine|Arcanine-Hisui, L50, F, shiny|100\/100\n|-ability|p1b: Arcanine|Intimidate|boost\n|-unboost|p2a: Thundurus|atk|1\n|-unboost|p2b: Ogerpon|atk|1\n|move|p2a: Thundurus|Wildbolt Storm|p1a: Iron Hands|[spread] p1a,p1b\n|-resisted|p1a: Iron Hands\n|-damage|p1a: Iron Hands|31\/100\n|-damage|p1b: Arcanine|29\/100\n|move|p2b: Ogerpon|Ivy Cudgel|p1a: Iron Hands\n|-damage|p1a: Iron Hands|4\/100\n|move|p1a: Iron Hands|Wild Charge|p2b: Ogerpon\n|-damage|p2b: Ogerpon|12\/100\n|-damage|p1a: Iron Hands|0 fnt|[from] Recoil\n|faint|p1a: Iron Hands\n|-end|p1a: Iron Hands|Quark Drive|[silent]\n|\n|-weather|RainDance|[upkeep]\n|upkeep\n|\n|t:|1699924586\n|switch|p1a: Tornadus|Tornadus, L50, M|100\/100\n|turn|4\n|\n|t:|1699924593\n|move|p2b: Ogerpon|Follow Me|p2b: Ogerpon\n|-singleturn|p2b: Ogerpon|move: Follow Me\n|move|p1a: Tornadus|Tailwind|p1a: Tornadus\n|-sidestart|p1: Idonotcare0982|move: Tailwind\n|move|p1b: Arcanine|Rock Slide|p2a: Thundurus|[spread] p2a,p2b\n|-supereffective|p2a: Thundurus\n|-damage|p2a: Thundurus|10\/100\n|-damage|p2b: Ogerpon|0 fnt\n|faint|p2b: Ogerpon\n|move|p2a: Thundurus|Wildbolt Storm|p1b: Arcanine|[spread] p1a,p1b\n|-supereffective|p1a: Tornadus\n|-damage|p1a: Tornadus|0 fnt\n|-damage|p1b: Arcanine|0 fnt\n|faint|p1a: Tornadus\n|faint|p1b: Arcanine\n|\n|-weather|RainDance|[upkeep]\n|-sideend|p2: cosmixdd|move: Tailwind\n|upkeep\n|\n|t:|1699924603\n|switch|p1a: Ogerpon|Ogerpon-Wellspring-Tera, L50, F, tera:Water|100\/100\n|switch|p2b: Iron Hands|Iron Hands, L50|100\/100\n|-ability|p1a: Ogerpon|Embody Aspect (Wellspring)|boost\n|-boost|p1a: Ogerpon|spd|1\n|turn|5\n|\n|t:|1699924608\n|move|p1a: Ogerpon|Spiky Shield|p1a: Ogerpon\n|-singleturn|p1a: Ogerpon|move: Protect\n|move|p2b: Iron Hands|Fake Out|p1a: Ogerpon\n|-activate|p1a: Ogerpon|move: Protect\n|-damage|p2b: Iron Hands|88\/100|[from] Spiky Shield|[of] p1a: Ogerpon\n|move|p2a: Thundurus|Wildbolt Storm|p1a: Ogerpon\n|-activate|p1a: Ogerpon|move: Protect\n|\n|-weather|RainDance|[upkeep]\n|upkeep\n|turn|6\n|\n|t:|1699924625\n|move|p1a: Ogerpon|Ivy Cudgel|p2a: Thundurus\n|-damage|p2a: Thundurus|0 fnt\n|faint|p2a: Thundurus\n|move|p2b: Iron Hands|Wild Charge|p1a: Ogerpon\n|-supereffective|p1a: Ogerpon\n|-damage|p1a: Ogerpon|0 fnt\n|faint|p1a: Ogerpon\n|-damage|p2b: Iron Hands|69\/100|[from] Recoil\n|\n|win|cosmixdd\n|c|\u2606cosmixdd|ggs man great fight\n|c|\u2606Idonotcare0982|Gg\n|c|\u2606Idonotcare0982|Do you got the replays or me\n","uploadtime":1699924721,"views":11,"p1id":"idonotcare0982","p2id":"cosmixdd","formatid":"gen9vgc2023regulatione","rating":0,"private":0,"password":""}