{"id":"gen9vgc2023regulatione-1991766285","p1":"MidianVGC","p2":"battleman199","format":"[Gen 9] VGC 2023 Regulation E","log":"|j|\u2606MidianVGC\n|j|\u2606battleman199\n|t:|1700113470\n|gametype|doubles\n|player|p1|MidianVGC|2|1335\n|player|p2|battleman199|265|1249\n|teamsize|p1|6\n|teamsize|p2|6\n|gen|9\n|tier|[Gen 9] VGC 2023 Regulation E\n|rated|\n|rule|Species Clause: Limit one of each Pok\u00e9mon\n|rule|Item Clause: Limit one of each item\n|clearpoke\n|poke|p1|Iron Bundle, L50|\n|poke|p1|Ninetales-Alola, L50, F|\n|poke|p1|Iron Hands, L50|\n|poke|p1|Tornadus, L50, M|\n|poke|p1|Ogerpon-Hearthflame, L50, F|\n|poke|p1|Chi-Yu, L50|\n|poke|p2|Ninetales-Alola, L50, M|\n|poke|p2|Landorus-Therian, L50, M|\n|poke|p2|Baxcalibur, L50, F|\n|poke|p2|Chien-Pao, L50|\n|poke|p2|Regieleki, L50|\n|poke|p2|Kingambit, L50, F|\n|teampreview|4\n|inactive|Battle timer is ON: inactive players will automatically lose when time's up. (requested by battleman199)\n|inactive|MidianVGC has 60 seconds left.\n|\n|t:|1700113512\n|start\n|switch|p1a: Ninetales|Ninetales-Alola, L50, F|100\/100\n|switch|p1b: Iron Hands|Iron Hands, L50, shiny|100\/100\n|switch|p2a: Landorus|Landorus-Therian, L50, M|100\/100\n|switch|p2b: Regieleki|Regieleki, L50|100\/100\n|-ability|p2a: Landorus|Intimidate|boost\n|-unboost|p1a: Ninetales|atk|1\n|-unboost|p1b: Iron Hands|atk|1\n|-weather|Snow|[from] ability: Snow Warning|[of] p1a: Ninetales\n|turn|1\n|\n|t:|1700113525\n|switch|p2a: Baxcalibur|Baxcalibur, L50, F|100\/100\n|move|p2b: Regieleki|Protect|p2b: Regieleki\n|-singleturn|p2b: Regieleki|Protect\n|move|p1b: Iron Hands|Fake Out|p2b: Regieleki\n|-activate|p2b: Regieleki|move: Protect\n|move|p1a: Ninetales|Aurora Veil|p1a: Ninetales\n|-sidestart|p1: MidianVGC|move: Aurora Veil\n|\n|-weather|Snow|[upkeep]\n|upkeep\n|turn|2\n|inactive|MidianVGC has 30 seconds left.\n|\n|t:|1700113551\n|-terastallize|p2a: Baxcalibur|Poison\n|move|p1a: Ninetales|Helping Hand|p1b: Iron Hands\n|-singleturn|p1b: Iron Hands|Helping Hand|[of] p1a: Ninetales\n|move|p2b: Regieleki|Thunderbolt|p1a: Ninetales\n|-damage|p1a: Ninetales|60\/100\n|-damage|p2b: Regieleki|91\/100|[from] item: Life Orb\n|move|p2a: Baxcalibur|Swords Dance|p2a: Baxcalibur\n|-boost|p2a: Baxcalibur|atk|2\n|move|p1b: Iron Hands|Drain Punch|p2a: Baxcalibur\n|-resisted|p2a: Baxcalibur\n|-damage|p2a: Baxcalibur|80\/100\n|\n|-weather|Snow|[upkeep]\n|upkeep\n|turn|3\n|\n|t:|1700113571\n|move|p2b: Regieleki|Thunderbolt|p1a: Ninetales\n|-damage|p1a: Ninetales|17\/100\n|-damage|p2b: Regieleki|81\/100|[from] item: Life Orb\n|move|p1a: Ninetales|Blizzard|p2a: Baxcalibur|[spread] p2a,p2b\n|-damage|p2a: Baxcalibur|53\/100\n|-damage|p2b: Regieleki|33\/100\n|move|p2a: Baxcalibur|Scale Shot|p1b: Iron Hands\n|-damage|p1b: Iron Hands|87\/100\n|-damage|p1b: Iron Hands|76\/100\n|-crit|p1b: Iron Hands\n|-damage|p1b: Iron Hands|48\/100\n|-damage|p1b: Iron Hands|36\/100\n|-hitcount|p1b: Iron Hands|4\n|-unboost|p2a: Baxcalibur|def|1\n|-boost|p2a: Baxcalibur|spe|1\n|move|p1b: Iron Hands|Drain Punch|p2b: Regieleki\n|-damage|p2b: Regieleki|0 fnt\n|-heal|p1b: Iron Hands|47\/100|[from] drain|[of] p2b: Regieleki\n|faint|p2b: Regieleki\n|\n|-weather|Snow|[upkeep]\n|upkeep\n|\n|t:|1700113583\n|switch|p2b: Landorus|Landorus-Therian, L50, M|100\/100\n|-ability|p2b: Landorus|Intimidate|boost\n|-unboost|p1a: Ninetales|atk|1\n|-unboost|p1b: Iron Hands|atk|1\n|turn|4\n|inactive|MidianVGC has 30 seconds left.\n|inactive|MidianVGC has 20 seconds left.\n|inactive|MidianVGC has 15 seconds left.\n|\n|t:|1700113625\n|-end|p1b: Iron Hands|Quark Drive|[silent]\n|switch|p1b: Tornadus|Tornadus, L50, M, shiny|100\/100\n|move|p2b: Landorus|Stomping Tantrum|p1b: Tornadus\n|-immune|p1b: Tornadus\n|move|p2a: Baxcalibur|Icicle Spear|p1a: Ninetales\n|-resisted|p1a: Ninetales\n|-damage|p1a: Ninetales|8\/100\n|-resisted|p1a: Ninetales\n|-damage|p1a: Ninetales|0 fnt\n|faint|p1a: Ninetales\n|-hitcount|p1: Ninetales|2\n|\n|-weather|Snow|[upkeep]\n|upkeep\n|\n|t:|1700113641\n|switch|p1a: Iron Hands|Iron Hands, L50, shiny|47\/100\n|turn|5\n|inactive|MidianVGC has 30 seconds left.\n|\n|t:|1700113669\n|switch|p2b: Kingambit|Kingambit, L50, F|100\/100\n|move|p2a: Baxcalibur|Protect|p2a: Baxcalibur\n|-singleturn|p2a: Baxcalibur|Protect\n|move|p1a: Iron Hands|Fake Out|p2a: Baxcalibur\n|-activate|p2a: Baxcalibur|move: Protect\n|move|p1b: Tornadus|Tailwind|p1b: Tornadus\n|-sidestart|p1: MidianVGC|move: Tailwind\n|\n|-weather|none\n|upkeep\n|turn|6\n|\n|t:|1700113692\n|switch|p2b: Landorus|Landorus-Therian, L50, M|100\/100\n|-ability|p2b: Landorus|Intimidate|boost\n|-unboost|p1a: Iron Hands|atk|1\n|-unboost|p1b: Tornadus|atk|1\n|move|p1b: Tornadus|Bleakwind Storm|p2a: Baxcalibur|[spread] p2a,p2b\n|-damage|p2a: Baxcalibur|18\/100\n|-damage|p2b: Landorus|53\/100\n|-unboost|p2a: Baxcalibur|spe|1\n|move|p2a: Baxcalibur|Icicle Spear|p1b: Tornadus\n|-supereffective|p1b: Tornadus\n|-damage|p1b: Tornadus|57\/100\n|-supereffective|p1b: Tornadus\n|-damage|p1b: Tornadus|12\/100\n|-supereffective|p1b: Tornadus\n|-damage|p1b: Tornadus|0 fnt\n|faint|p1b: Tornadus\n|-hitcount|p1: Tornadus|3\n|move|p1a: Iron Hands|Ice Punch|p2b: Landorus\n|-supereffective|p2b: Landorus\n|-damage|p2b: Landorus|0 fnt\n|faint|p2b: Landorus\n|\n|upkeep\n|inactive|battleman199 has 30 seconds left.\n|\n|t:|1700113725\n|switch|p1b: Chi-Yu|Chi-Yu, L50|100\/100\n|switch|p2b: Kingambit|Kingambit, L50, F|100\/100\n|-ability|p1b: Chi-Yu|Beads of Ruin\n|turn|7\n|inactive|MidianVGC has 30 seconds left.\n|\n|t:|1700113752\n|move|p2a: Baxcalibur|Protect|p2a: Baxcalibur\n|-singleturn|p2a: Baxcalibur|Protect\n|move|p2b: Kingambit|Protect|p2b: Kingambit\n|-singleturn|p2b: Kingambit|Protect\n|move|p1b: Chi-Yu|Heat Wave|p2a: Baxcalibur|[spread] \n|-activate|p2a: Baxcalibur|move: Protect\n|-activate|p2b: Kingambit|move: Protect\n|move|p1a: Iron Hands|Drain Punch|p2b: Kingambit\n|-activate|p2b: Kingambit|move: Protect\n|\n|upkeep\n|turn|8\n|\n|t:|1700113766\n|move|p2b: Kingambit|Protect|p2b: Kingambit\n|-singleturn|p2b: Kingambit|Protect\n|move|p1b: Chi-Yu|Heat Wave|p2b: Kingambit|[spread] p2a\n|-activate|p2b: Kingambit|move: Protect\n|-damage|p2a: Baxcalibur|0 fnt\n|faint|p2a: Baxcalibur\n|move|p1a: Iron Hands|Drain Punch|p2b: Kingambit\n|-activate|p2b: Kingambit|move: Protect\n|\n|-sideend|p1: MidianVGC|move: Tailwind\n|-sideend|p1: MidianVGC|move: Aurora Veil\n|upkeep\n|turn|9\n|\n|t:|1700113777\n|move|p1b: Chi-Yu|Heat Wave|p2b: Kingambit\n|-supereffective|p2b: Kingambit\n|-damage|p2b: Kingambit|0 fnt\n|faint|p2b: Kingambit\n|\n|win|MidianVGC\n|raw|MidianVGC's rating: 1335 &rarr; <strong>1350<\/strong><br \/>(+15 for winning)\n|raw|battleman199's rating: 1249 &rarr; <strong>1230<\/strong><br \/>(-19 for losing)\n|l|\u2606battleman199\n","uploadtime":1700113928,"views":26,"p1id":"midianvgc","p2id":"battleman199","formatid":"gen9vgc2023regulatione","rating":1230,"private":0,"password":""}