{"id":"gen9vgc2023regulatione-1991678283","p1":"Snowheart94","p2":"Disobedient_vgc","format":"[Gen 9] VGC 2023 Regulation E","log":"|j|\u2606Snowheart94\n|j|\u2606Disobedient_vgc\n|n|\u2606Snowheart94|snowheart94\n|n|\u2606Disobedient_vgc|disobedientvgc\n|html|View the match progress at <a href=\"\/game-bestof3-gen9vgc2023regulatione-1991678282\">game-bestof3-gen9vgc2023regulatione-1991678282<\/a>\n|t:|1700101661\n|gametype|doubles\n|player|p1|Snowheart94|dawn|\n|player|p2|Disobedient_vgc|shadowtriad|\n|teamsize|p1|6\n|teamsize|p2|6\n|gen|9\n|tier|[Gen 9] VGC 2023 Regulation E\n|rule|Species Clause: Limit one of each Pok\u00e9mon\n|rule|Item Clause: Limit one of each item\n|clearpoke\n|poke|p1|Kommo-o, L50, M|\n|poke|p1|Tyranitar, L50, F|\n|poke|p1|Rillaboom, L50, M|\n|poke|p1|Flutter Mane, L50|\n|poke|p1|Arcanine-Hisui, L50, F|\n|poke|p1|Iron Bundle, L50|\n|poke|p2|Typhlosion-Hisui, L50, F|\n|poke|p2|Ninetales, L50, F|\n|poke|p2|Lilligant-Hisui, L50, F|\n|poke|p2|Flutter Mane, L50|\n|poke|p2|Tornadus, L50, M|\n|poke|p2|Iron Hands, L50|\n|teampreview|4\nSnowheart94 has agreed to open team sheets.\nDisobedient_vgc has agreed to open team sheets.\n|showteam|p1|Kommo-o||Leftovers|Bulletproof|BodyPress,IronDefense,IronHead,Protect|||M|||50|,,,,,Steel]Tyranitar||AssaultVest|SandStream|KnockOff,RockSlide,LowKick,TeraBlast|||F|||50|,,,,,Psychic]Rillaboom||MiracleSeed|GrassySurge|FakeOut,WoodHammer,GrassyGlide,Taunt|||M|||50|,,,,,Grass]Flutter Mane||ChoiceSpecs|Protosynthesis|DazzlingGleam,Moonblast,ShadowBall,Thunderbolt||||||50|,,,,,Fairy]Arcanine-Hisui||SitrusBerry|Intimidate|FlareBlitz,RockSlide,ExtremeSpeed,WillOWisp|||F|||50|,,,,,Water]Iron Bundle||BoosterEnergy|QuarkDrive|FreezeDry,IcyWind,HydroPump,Protect||||||50|,,,,,Ice\n|showteam|p2|Typhlosion-Hisui||ChoiceScarf|Blaze|Eruption,ShadowBall,SolarBeam,HeatWave|||F|||50|,,,,,Fire]Ninetales||HeatRock|Drought|Roar,Protect,WillOWisp,FireBlast|||F|||50|,,,,,Steel]Lilligant-Hisui||FocusSash|Chlorophyll|SolarBlade,CloseCombat,AfterYou,SleepPowder|||F|||50|,,,,,Ghost]Flutter Mane||ChoiceSpecs|Protosynthesis|DazzlingGleam,MysticalFire,Thunderbolt,ShadowBall||||||50|,,,,,Fairy]Tornadus||CovertCloak|Prankster|BleakwindStorm,Tailwind,SunnyDay,Taunt|||M|||50|,,,,,Steel]Iron Hands||AssaultVest|QuarkDrive|DrainPunch,WildCharge,FakeOut,VoltSwitch||||||50|,,,,,Grass\n|\n|t:|1700101796\n|start\n|switch|p1a: Tyranitar|Tyranitar, L50, F|100\/100\n|switch|p1b: Arcanine|Arcanine-Hisui, L50, F|100\/100\n|switch|p2a: Tornadus|Tornadus, L50, M|100\/100\n|switch|p2b: Lilligant|Lilligant-Hisui, L50, F|100\/100\n|-ability|p1b: Arcanine|Intimidate|boost\n|-unboost|p2a: Tornadus|atk|1\n|-unboost|p2b: Lilligant|atk|1\n|-weather|Sandstorm|[from] ability: Sand Stream|[of] p1a: Tyranitar\n|turn|1\n|\n|t:|1700101850\n|move|p2a: Tornadus|Sunny Day|p2a: Tornadus\n|-weather|SunnyDay\n|move|p2b: Lilligant|Solar Blade||[still]\n|-prepare|p2b: Lilligant|Solar Blade\n|-anim|p2b: Lilligant|Solar Blade|p1a: Tyranitar\n|-supereffective|p1a: Tyranitar\n|-damage|p1a: Tyranitar|28\/100\n|move|p1b: Arcanine|Flare Blitz|p2b: Lilligant\n|-supereffective|p2b: Lilligant\n|-enditem|p2b: Lilligant|Focus Sash\n|-damage|p2b: Lilligant|1\/100\n|-damage|p1b: Arcanine|76\/100|[from] Recoil\n|move|p1a: Tyranitar|Rock Slide|p2b: Lilligant|[spread] p2a,p2b\n|-supereffective|p2a: Tornadus\n|-resisted|p2b: Lilligant\n|-damage|p2a: Tornadus|16\/100\n|-damage|p2b: Lilligant|0 fnt\n|faint|p2b: Lilligant\n|\n|-weather|SunnyDay|[upkeep]\n|upkeep\n|\n|t:|1700101866\n|switch|p2b: Typhlosion|Typhlosion-Hisui, L50, F|100\/100\n|turn|2\n|\n|t:|1700101943\n|switch|p1a: Rillaboom|Rillaboom, L50, M|100\/100\n|-fieldstart|move: Grassy Terrain|[from] ability: Grassy Surge|[of] p1a: Rillaboom\n|-terastallize|p2b: Typhlosion|Fire\n|-terastallize|p1b: Arcanine|Water\n|move|p2a: Tornadus|Tailwind|p2a: Tornadus\n|-sidestart|p2: Disobedient_vgc|move: Tailwind\n|move|p2b: Typhlosion|Eruption|p1a: Rillaboom|[spread] p1a,p1b\n|-supereffective|p1a: Rillaboom\n|-resisted|p1b: Arcanine\n|-damage|p1a: Rillaboom|0 fnt\n|-damage|p1b: Arcanine|15\/100\n|-enditem|p1b: Arcanine|Sitrus Berry|[eat]\n|-heal|p1b: Arcanine|40\/100|[from] item: Sitrus Berry\n|faint|p1a: Rillaboom\n|move|p1b: Arcanine|Rock Slide|p2b: Typhlosion|[spread] p2a,p2b\n|-supereffective|p2a: Tornadus\n|-supereffective|p2b: Typhlosion\n|-damage|p2a: Tornadus|0 fnt\n|-damage|p2b: Typhlosion|36\/100\n|faint|p2a: Tornadus\n|\n|-weather|SunnyDay|[upkeep]\n|-heal|p2b: Typhlosion|42\/100|[from] Grassy Terrain\n|-heal|p1b: Arcanine|46\/100|[from] Grassy Terrain\n|upkeep\n|\n|t:|1700101965\n|switch|p2a: Flutter Mane|Flutter Mane, L50|100\/100\n|switch|p1a: Tyranitar|Tyranitar, L50, F|28\/100\n|-activate|p2a: Flutter Mane|ability: Protosynthesis\n|-start|p2a: Flutter Mane|protosynthesisspe\n|-weather|Sandstorm|[from] ability: Sand Stream|[of] p1a: Tyranitar\n|-end|p2a: Flutter Mane|Protosynthesis\n|turn|3\n|\n|t:|1700102000\n|move|p1b: Arcanine|Extreme Speed|p2b: Typhlosion\n|-damage|p2b: Typhlosion|13\/100\n|move|p2b: Typhlosion|Eruption|p1a: Tyranitar|[spread] p1a,p1b\n|-resisted|p1a: Tyranitar\n|-resisted|p1b: Arcanine\n|-damage|p1a: Tyranitar|25\/100\n|-damage|p1b: Arcanine|37\/100\n|move|p2a: Flutter Mane|Dazzling Gleam|p1a: Tyranitar|[spread] p1a,p1b\n|-supereffective|p1a: Tyranitar\n|-damage|p1a: Tyranitar|0 fnt\n|-damage|p1b: Arcanine|0 fnt\n|faint|p1a: Tyranitar\n|faint|p1b: Arcanine\n|\n|-weather|Sandstorm|[upkeep]\n|-damage|p2b: Typhlosion|7\/100|[from] Sandstorm\n|-damage|p2a: Flutter Mane|94\/100|[from] Sandstorm\n|-heal|p2b: Typhlosion|13\/100|[from] Grassy Terrain\n|-heal|p2a: Flutter Mane|100\/100|[from] Grassy Terrain\n|upkeep\n|\n|t:|1700102025\n|switch|p1b: Iron Bundle|Iron Bundle, L50|100\/100\n|-enditem|p1b: Iron Bundle|Booster Energy\n|-activate|p1b: Iron Bundle|ability: Quark Drive|[fromitem]\n|-start|p1b: Iron Bundle|quarkdrivespe\n|turn|4\n|\n|t:|1700102040\n|move|p1b: Iron Bundle|Protect|p1b: Iron Bundle\n|-singleturn|p1b: Iron Bundle|Protect\n|move|p2b: Typhlosion|Eruption|p1b: Iron Bundle\n|-activate|p1b: Iron Bundle|move: Protect\n|move|p2a: Flutter Mane|Dazzling Gleam|p1b: Iron Bundle\n|-activate|p1b: Iron Bundle|move: Protect\n|\n|-weather|Sandstorm|[upkeep]\n|-damage|p2b: Typhlosion|7\/100|[from] Sandstorm\n|-damage|p2a: Flutter Mane|94\/100|[from] Sandstorm\n|-damage|p1b: Iron Bundle|94\/100|[from] Sandstorm\n|-heal|p2b: Typhlosion|13\/100|[from] Grassy Terrain\n|-heal|p2a: Flutter Mane|100\/100|[from] Grassy Terrain\n|-heal|p1b: Iron Bundle|100\/100|[from] Grassy Terrain\n|upkeep\n|turn|5\n|\n|t:|1700102083\n|move|p1b: Iron Bundle|Protect||[still]\n|-fail|p1b: Iron Bundle\n|move|p2b: Typhlosion|Eruption|p1b: Iron Bundle\n|-damage|p1b: Iron Bundle|55\/100\n|move|p2a: Flutter Mane|Dazzling Gleam|p1b: Iron Bundle\n|-damage|p1b: Iron Bundle|0 fnt\n|faint|p1b: Iron Bundle\n|-end|p1b: Iron Bundle|Quark Drive|[silent]\n|\n|win|Disobedient_vgc\n|inactive|Snowheart94 has 50 seconds to confirm battle start!\n|inactive|Disobedient_vgc has 50 seconds to confirm battle start!\n|c|&|\/uhtml prompt-disobedientvgc,Disobedient_vgc is ready for game 2!\n|c|&|\/uhtml prompt-snowheart94,Snowheart94 is ready for game 2!\nBoth players are ready! Starting next match!\n|l|\u2606Snowheart94\n","uploadtime":1700104396,"views":18,"p1id":"snowheart94","p2id":"disobedientvgc","formatid":"gen9vgc2023regulatione","rating":0,"private":0,"password":""}