{"id":"gen9vgc2023regulatione-1996564947","p1":"Sevenstrength","p2":"Zachimations","format":"[Gen 9] VGC 2023 Regulation E","log":"|j|\u2606Sevenstrength\n|j|\u2606Zachimations\n|t:|1700694896\n|gametype|doubles\n|player|p1|Sevenstrength|bruno|1032\n|player|p2|Zachimations|sordward|1136\n|teamsize|p1|6\n|teamsize|p2|6\n|gen|9\n|tier|[Gen 9] VGC 2023 Regulation E\n|rated|\n|rule|Species Clause: Limit one of each Pok\u00e9mon\n|rule|Item Clause: Limit one of each item\n|clearpoke\n|poke|p1|Iron Hands, L50|\n|poke|p1|Kommo-o, L50, M|\n|poke|p1|Sinistcha, L50|\n|poke|p1|Snorlax, L50, F|\n|poke|p1|Arcanine, L50, F|\n|poke|p1|Clefairy, L50, M|\n|poke|p2|Baxcalibur, L50, M|\n|poke|p2|Ninetales-Alola, L50, M|\n|poke|p2|Ogerpon-Wellspring, L50, F|\n|poke|p2|Landorus-Therian, L50, M|\n|poke|p2|Heatran, L50, M|\n|poke|p2|Sinistcha, L50|\n|teampreview|4\n|inactive|Battle timer is ON: inactive players will automatically lose when time's up. (requested by Zachimations)\n|inactive|Sevenstrength also wants the timer to be on.\n|\n|t:|1700694924\n|start\n|switch|p1a: Snorlax|Snorlax, L50, F|100\/100\n|switch|p1b: Arcanine|Arcanine, L50, F|100\/100\n|switch|p2a: Furrycon|Ninetales-Alola, L50, M|100\/100\n|switch|p2b: Shrexy|Ogerpon-Wellspring, L50, F|100\/100\n|-weather|Snow|[from] ability: Snow Warning|[of] p2a: Furrycon\n|-ability|p1b: Arcanine|Intimidate|boost\n|-unboost|p2a: Furrycon|atk|1\n|-unboost|p2b: Shrexy|atk|1\n|turn|1\n|inactive|Sevenstrength has 30 seconds left.\n|inactive|Sevenstrength has 20 seconds left.\n|inactive|Sevenstrength has 15 seconds left.\n|\n|t:|1700694965\n|move|p2a: Furrycon|Aurora Veil|p2a: Furrycon\n|-sidestart|p2: Zachimations|move: Aurora Veil\n|move|p1b: Arcanine|Will-O-Wisp|p2b: Shrexy\n|-status|p2b: Shrexy|brn\n|move|p2b: Shrexy|Ivy Cudgel|p1b: Arcanine|[anim] Ivy Cudgel Water\n|-supereffective|p1b: Arcanine\n|-crit|p1b: Arcanine\n|-damage|p1b: Arcanine|0 fnt\n|faint|p1b: Arcanine\n|move|p1a: Snorlax|Belly Drum|p1a: Snorlax\n|-damage|p1a: Snorlax|50\/100\n|-setboost|p1a: Snorlax|atk|6|[from] move: Belly Drum\n|-enditem|p1a: Snorlax|Sitrus Berry|[eat]\n|-heal|p1a: Snorlax|75\/100|[from] item: Sitrus Berry\n|\n|-weather|Snow|[upkeep]\n|-damage|p2b: Shrexy|95\/100 brn|[from] brn\n|upkeep\n|\n|t:|1700694984\n|switch|p1b: Iron Hands|Iron Hands, L50|100\/100\n|turn|2\n|\n|t:|1700694997\n|move|p2a: Furrycon|Protect|p2a: Furrycon\n|-singleturn|p2a: Furrycon|Protect\n|move|p2b: Shrexy|Spiky Shield|p2b: Shrexy\n|-singleturn|p2b: Shrexy|move: Protect\n|move|p1b: Iron Hands|Fake Out|p2b: Shrexy\n|-activate|p2b: Shrexy|move: Protect\n|-damage|p1b: Iron Hands|88\/100|[from] Spiky Shield|[of] p2b: Shrexy\n|move|p1a: Snorlax|Facade|p2a: Furrycon\n|-activate|p2a: Furrycon|move: Protect\n|\n|-weather|Snow|[upkeep]\n|-damage|p2b: Shrexy|89\/100 brn|[from] brn\n|upkeep\n|turn|3\n|\n|t:|1700695016\n|-end|p1b: Iron Hands|Quark Drive|[silent]\n|switch|p1b: Sinistcha|Sinistcha, L50|100\/100\n|-heal|p1a: Snorlax|100\/100|[from] ability: Hospitality|[of] p1b: Sinistcha\n|move|p2a: Furrycon|Moonblast|p1b: Sinistcha\n|-damage|p1b: Sinistcha|64\/100\n|move|p2b: Shrexy|Ivy Cudgel|p1a: Snorlax|[anim] Ivy Cudgel Water\n|-damage|p1a: Snorlax|85\/100\n|move|p1a: Snorlax|Facade|p2a: Furrycon\n|-damage|p2a: Furrycon|17\/100\n|\n|-weather|Snow|[upkeep]\n|-damage|p2b: Shrexy|83\/100 brn|[from] brn\n|upkeep\n|turn|4\n|\n|t:|1700695036\n|move|p2b: Shrexy|Follow Me|p2b: Shrexy\n|-singleturn|p2b: Shrexy|move: Follow Me\n|move|p2a: Furrycon|Blizzard|p1b: Sinistcha|[spread] p1a,p1b\n|-supereffective|p1b: Sinistcha\n|-crit|p1b: Sinistcha\n|-damage|p1a: Snorlax|75\/100\n|-damage|p1b: Sinistcha|0 fnt\n|faint|p1b: Sinistcha\n|move|p1a: Snorlax|Facade|p2b: Shrexy\n|-damage|p2b: Shrexy|5\/100 brn\n|\n|-weather|Snow|[upkeep]\n|-damage|p2b: Shrexy|0 fnt|[from] brn\n|faint|p2b: Shrexy\n|upkeep\n|\n|t:|1700695047\n|switch|p2b: Plop|Baxcalibur, L50, M|100\/100\n|switch|p1b: Iron Hands|Iron Hands, L50|88\/100\n|turn|5\n|\n|t:|1700695058\n|move|p2a: Furrycon|Protect|p2a: Furrycon\n|-singleturn|p2a: Furrycon|Protect\n|move|p1b: Iron Hands|Fake Out|p2b: Plop\n|-damage|p2b: Plop|94\/100\n|cant|p2b: Plop|flinch\n|move|p1a: Snorlax|Facade|p2b: Plop\n|-damage|p2b: Plop|48\/100\n|\n|-weather|none\n|upkeep\n|turn|6\n|\n|t:|1700695071\n|switch|p2a: Drake|Sinistcha, L50|100\/100\n|-heal|p2b: Plop|72\/100|[from] ability: Hospitality|[of] p2a: Drake\n|move|p2b: Plop|Protect|p2b: Plop\n|-singleturn|p2b: Plop|Protect\n|move|p1b: Iron Hands|Drain Punch|p2b: Plop\n|-activate|p2b: Plop|move: Protect\n|move|p1a: Snorlax|Facade|p2a: Drake\n|-immune|p2a: Drake\n|\n|upkeep\n|turn|7\n|\n|t:|1700695095\n|switch|p2a: Furrycon|Ninetales-Alola, L50, M|17\/100\n|-weather|Snow|[from] ability: Snow Warning|[of] p2a: Furrycon\n|move|p1a: Snorlax|Protect|p1a: Snorlax\n|-singleturn|p1a: Snorlax|Protect\n|move|p2b: Plop|Swords Dance|p2b: Plop\n|-boost|p2b: Plop|atk|2\n|move|p1b: Iron Hands|Drain Punch|p2b: Plop\n|-supereffective|p2b: Plop\n|-damage|p2b: Plop|36\/100\n|-heal|p1b: Iron Hands|100\/100|[from] drain|[of] p2b: Plop\n|\n|-weather|Snow|[upkeep]\n|upkeep\n|turn|8\n|inactive|Sevenstrength has 30 seconds left.\n|\n|t:|1700695123\n|-terastallize|p2b: Plop|Poison\n|-terastallize|p1a: Snorlax|Water\n|move|p2a: Furrycon|Moonblast|p1b: Iron Hands\n|-supereffective|p1b: Iron Hands\n|-damage|p1b: Iron Hands|54\/100\n|-unboost|p1b: Iron Hands|spa|1\n|move|p2b: Plop|Scale Shot|p1a: Snorlax\n|-damage|p1a: Snorlax|54\/100\n|-damage|p1a: Snorlax|31\/100\n|-damage|p1a: Snorlax|9\/100\n|-damage|p1a: Snorlax|0 fnt\n|faint|p1a: Snorlax\n|-hitcount|p1: Snorlax|4\n|-unboost|p2b: Plop|def|1\n|-boost|p2b: Plop|spe|1\n|move|p1b: Iron Hands|Drain Punch|p2a: Furrycon\n|-damage|p2a: Furrycon|0 fnt\n|-heal|p1b: Iron Hands|59\/100|[from] drain|[of] p2a: Furrycon\n|faint|p2a: Furrycon\n|\n|-weather|Snow|[upkeep]\n|-sideend|p2: Zachimations|move: Aurora Veil\n|upkeep\n|\n|t:|1700695135\n|switch|p2a: Drake|Sinistcha, L50|100\/100\n|-heal|p2b: Plop|60\/100|[from] ability: Hospitality|[of] p2a: Drake\n|turn|9\n|-message|Sevenstrength forfeited.\n|\n|win|Zachimations\n|raw|Sevenstrength's rating: 1032 &rarr; <strong>1022<\/strong><br \/>(-10 for losing)\n|raw|Zachimations's rating: 1136 &rarr; <strong>1154<\/strong><br \/>(+18 for winning)\n|l|\u2606Sevenstrength\n","uploadtime":1700695143,"views":11,"p1id":"sevenstrength","p2id":"zachimations","formatid":"gen9vgc2023regulatione","rating":1022,"private":0,"password":""}