{"id":"gen9vgc2023regulatione-1989145752","p1":"Hassan SSJ","p2":"Barbie120","format":"[Gen 9] VGC 2023 Regulation E","log":"|j|\u2606Hassan SSJ\n|j|\u2606Barbie120\n|t:|1699817097\n|gametype|doubles\n|player|p1|Hassan SSJ|lucas-gen4pt|1245\n|player|p2|Barbie120|1|1230\n|teamsize|p1|6\n|teamsize|p2|6\n|gen|9\n|tier|[Gen 9] VGC 2023 Regulation E\n|rated|\n|rule|Species Clause: Limit one of each Pok\u00e9mon\n|rule|Item Clause: Limit one of each item\n|clearpoke\n|poke|p1|Ogerpon-Wellspring, L50, F|\n|poke|p1|Flutter Mane, L50|\n|poke|p1|Chi-Yu, L50|\n|poke|p1|Landorus-Therian, L50, M|\n|poke|p1|Kingambit, L50, F|\n|poke|p1|Iron Hands, L50|\n|poke|p2|Houndstone, L50, F|\n|poke|p2|Tyranitar, L50, M|\n|poke|p2|Sinistcha-Masterpiece, L50|\n|poke|p2|Armarouge, L50, M|\n|poke|p2|Landorus-Therian, L50, M|\n|poke|p2|Milotic, L50, F|\n|teampreview|4\n|inactive|Battle timer is ON: inactive players will automatically lose when time's up. (requested by Hassan SSJ)\n|inactive|Hassan SSJ has 60 seconds left.\n|inactive|Barbie120 has 60 seconds left.\n|\n|t:|1699817133\n|start\n|switch|p1a: Iron Hands|Iron Hands, L50|100\/100\n|switch|p1b: Flutter Mane|Flutter Mane, L50|100\/100\n|switch|p2a: Milotic|Milotic, L50, F|100\/100\n|switch|p2b: Houndstone|Houndstone, L50, F|100\/100\n|-enditem|p1b: Flutter Mane|Booster Energy\n|-activate|p1b: Flutter Mane|ability: Protosynthesis|[fromitem]\n|-start|p1b: Flutter Mane|protosynthesisspe\n|turn|1\n|\n|t:|1699817154\n|switch|p2a: Tyranitar|Tyranitar, L50, M|100\/100\n|-weather|Sandstorm|[from] ability: Sand Stream|[of] p2a: Tyranitar\n|move|p1b: Flutter Mane|Protect|p1b: Flutter Mane\n|-singleturn|p1b: Flutter Mane|Protect\n|move|p1a: Iron Hands|Fake Out|p2a: Tyranitar\n|-resisted|p2a: Tyranitar\n|-damage|p2a: Tyranitar|94\/100\n|move|p2b: Houndstone|Will-O-Wisp|p1a: Iron Hands\n|-status|p1a: Iron Hands|brn\n|\n|-weather|Sandstorm|[upkeep]\n|-damage|p1b: Flutter Mane|95\/100|[from] Sandstorm\n|-damage|p1a: Iron Hands|94\/100 brn|[from] Sandstorm\n|-damage|p1a: Iron Hands|88\/100 brn|[from] brn\n|upkeep\n|turn|2\n|\n|t:|1699817179\n|move|p2b: Houndstone|Ally Switch|p2b: Houndstone\n|swap|p2b: Houndstone|0|[from] move: Ally Switch\n|move|p1b: Flutter Mane|Dazzling Gleam|p2a: Houndstone|[spread] p2a,p2b\n|-supereffective|p2b: Tyranitar\n|-damage|p2a: Houndstone|68\/100\n|-damage|p2b: Tyranitar|77\/100\n|move|p2b: Tyranitar|High Horsepower|p1a: Iron Hands\n|-supereffective|p1a: Iron Hands\n|-damage|p1a: Iron Hands|47\/100 brn\n|move|p1a: Iron Hands|Drain Punch|p2a: Houndstone\n|-immune|p2a: Houndstone\n|\n|-weather|Sandstorm|[upkeep]\n|-damage|p1b: Flutter Mane|89\/100|[from] Sandstorm\n|-damage|p1a: Iron Hands|41\/100 brn|[from] Sandstorm\n|-damage|p1a: Iron Hands|35\/100 brn|[from] brn\n|upkeep\n|turn|3\n|\n|t:|1699817196\n|move|p1b: Flutter Mane|Dazzling Gleam|p2b: Tyranitar|[spread] p2a,p2b\n|-supereffective|p2b: Tyranitar\n|-damage|p2a: Houndstone|36\/100\n|-damage|p2b: Tyranitar|59\/100\n|move|p2a: Houndstone|Last Respects|p1b: Flutter Mane\n|-supereffective|p1b: Flutter Mane\n|-damage|p1b: Flutter Mane|24\/100\n|move|p2b: Tyranitar|Heavy Slam|p1b: Flutter Mane\n|-supereffective|p1b: Flutter Mane\n|-crit|p1b: Flutter Mane\n|-damage|p1b: Flutter Mane|0 fnt\n|faint|p1b: Flutter Mane\n|-end|p1b: Flutter Mane|Protosynthesis|[silent]\n|move|p1a: Iron Hands|Drain Punch|p2b: Tyranitar\n|-supereffective|p2b: Tyranitar\n|-damage|p2b: Tyranitar|0 fnt\n|-heal|p1a: Iron Hands|60\/100 brn|[from] drain|[of] p2b: Tyranitar\n|faint|p2b: Tyranitar\n|\n|-weather|Sandstorm|[upkeep]\n|-damage|p1a: Iron Hands|54\/100 brn|[from] Sandstorm\n|-damage|p1a: Iron Hands|48\/100 brn|[from] brn\n|upkeep\n|inactive|Hassan SSJ has 30 seconds left.\n|\n|t:|1699817221\n|switch|p1b: Ogerpon|Ogerpon-Wellspring, L50, F|100\/100\n|switch|p2b: Milotic|Milotic, L50, F|100\/100\n|turn|4\n|\n|t:|1699817236\n|move|p2a: Houndstone|Will-O-Wisp|p1b: Ogerpon\n|-status|p1b: Ogerpon|brn\n|move|p1b: Ogerpon|Horn Leech|p2b: Milotic\n|-supereffective|p2b: Milotic\n|-damage|p2b: Milotic|66\/100\n|move|p2b: Milotic|Coil|p2b: Milotic\n|-boost|p2b: Milotic|atk|1\n|-boost|p2b: Milotic|def|1\n|-boost|p2b: Milotic|accuracy|1\n|move|p1a: Iron Hands|Wild Charge|p2b: Milotic\n|-supereffective|p2b: Milotic\n|-damage|p2b: Milotic|30\/100\n|-damage|p1a: Iron Hands|41\/100 brn|[from] Recoil\n|\n|-weather|Sandstorm|[upkeep]\n|-damage|p1b: Ogerpon|94\/100 brn|[from] Sandstorm\n|-damage|p2b: Milotic|23\/100|[from] Sandstorm\n|-damage|p1a: Iron Hands|35\/100 brn|[from] Sandstorm\n|-heal|p2b: Milotic|30\/100|[from] item: Leftovers\n|-damage|p1b: Ogerpon|88\/100 brn|[from] brn\n|-damage|p1a: Iron Hands|29\/100 brn|[from] brn\n|upkeep\n|turn|5\n|\n|t:|1699817260\n|move|p2a: Houndstone|Last Respects|p1b: Ogerpon\n|-damage|p1b: Ogerpon|49\/100 brn\n|move|p1b: Ogerpon|Ivy Cudgel|p2a: Houndstone\n|-crit|p2a: Houndstone\n|-damage|p2a: Houndstone|0 fnt\n|faint|p2a: Houndstone\n|move|p2b: Milotic|Coil|p2b: Milotic\n|-boost|p2b: Milotic|atk|1\n|-boost|p2b: Milotic|def|1\n|-boost|p2b: Milotic|accuracy|1\n|move|p1a: Iron Hands|Wild Charge|p2b: Milotic\n|-supereffective|p2b: Milotic\n|-damage|p2b: Milotic|3\/100\n|-damage|p1a: Iron Hands|23\/100 brn|[from] Recoil\n|\n|-weather|none\n|-heal|p2b: Milotic|9\/100|[from] item: Leftovers\n|-damage|p1b: Ogerpon|43\/100 brn|[from] brn\n|-damage|p1a: Iron Hands|17\/100 brn|[from] brn\n|upkeep\n|\n|t:|1699817265\n|switch|p2a: Armarouge|Armarouge, L50, M|100\/100\n|turn|6\n|\n|t:|1699817285\n|-terastallize|p1b: Ogerpon|Water\n|detailschange|p1b: Ogerpon|Ogerpon-Wellspring-Tera, L50, F, tera:Water\n|-ability|p1b: Ogerpon|Embody Aspect (Wellspring)|boost\n|-boost|p1b: Ogerpon|spd|1\n|-terastallize|p2a: Armarouge|Fighting\n|move|p2b: Milotic|Protect|p2b: Milotic\n|-singleturn|p2b: Milotic|Protect\n|move|p1b: Ogerpon|Ivy Cudgel|p2a: Armarouge\n|-damage|p2a: Armarouge|66\/100\n|-ability|p2a: Armarouge|Weak Armor|boost\n|-unboost|p2a: Armarouge|def|1\n|-boost|p2a: Armarouge|spe|2\n|move|p2a: Armarouge|Aura Sphere|p1b: Ogerpon\n|-damage|p1b: Ogerpon|11\/100 brn\n|move|p1a: Iron Hands|Wild Charge|p2b: Milotic\n|-activate|p2b: Milotic|move: Protect\n|\n|-heal|p2b: Milotic|16\/100|[from] item: Leftovers\n|-damage|p1b: Ogerpon|5\/100 brn|[from] brn\n|-damage|p1a: Iron Hands|11\/100 brn|[from] brn\n|upkeep\n|turn|7\n|inactive|Barbie120 has 30 seconds left.\n|inactive|Barbie120 has 20 seconds left.\n|\n|t:|1699817324\n|-end|p1a: Iron Hands|Quark Drive|[silent]\n|switch|p1a: Chi-Yu|Chi-Yu, L50|100\/100\n|-ability|p1a: Chi-Yu|Beads of Ruin\n|move|p1b: Ogerpon|Spiky Shield|p1b: Ogerpon\n|-singleturn|p1b: Ogerpon|move: Protect\n|move|p2a: Armarouge|Aura Sphere|p1b: Ogerpon\n|-activate|p1b: Ogerpon|move: Protect\n|move|p2b: Milotic|Hydro Pump|p1a: Chi-Yu\n|-supereffective|p1a: Chi-Yu\n|-damage|p1a: Chi-Yu|3\/100\n|\n|-heal|p2b: Milotic|22\/100|[from] item: Leftovers\n|-damage|p1b: Ogerpon|0 fnt|[from] brn\n|faint|p1b: Ogerpon\n|upkeep\n|\n|t:|1699817339\n|switch|p1b: Iron Hands|Iron Hands, L50|11\/100 brn\n|turn|8\n|\n|t:|1699817352\n|move|p2a: Armarouge|Protect|p2a: Armarouge\n|-singleturn|p2a: Armarouge|Protect\n|move|p2b: Milotic|Protect|p2b: Milotic\n|-singleturn|p2b: Milotic|Protect\n|move|p1a: Chi-Yu|Snarl|p2a: Armarouge|[spread] \n|-activate|p2a: Armarouge|move: Protect\n|-activate|p2b: Milotic|move: Protect\n|move|p1b: Iron Hands|Drain Punch|p2a: Armarouge\n|-activate|p2a: Armarouge|move: Protect\n|\n|-heal|p2b: Milotic|28\/100|[from] item: Leftovers\n|-damage|p1b: Iron Hands|5\/100 brn|[from] brn\n|upkeep\n|turn|9\n|-message|Hassan SSJ forfeited.\n|\n|win|Barbie120\n|raw|Hassan SSJ's rating: 1245 &rarr; <strong>1219<\/strong><br \/>(-26 for losing)\n|raw|Barbie120's rating: 1230 &rarr; <strong>1256<\/strong><br \/>(+26 for winning)\n|l|\u2606Hassan SSJ\n","uploadtime":1699817376,"views":23,"p1id":"hassanssj","p2id":"barbie120","formatid":"gen9vgc2023regulatione","rating":1219,"private":0,"password":""}