{"id":"gen9vgc2023regulatione-1989824485","p1":"jwtw","p2":"ChrolloLucilfer24","format":"[Gen 9] VGC 2023 Regulation E","log":"|j|\u2606jwtw\n|j|\u2606ChrolloLucilfer24\n|t:|1699898828\n|gametype|doubles\n|player|p1|jwtw|n|1316\n|player|p2|ChrolloLucilfer24|burglar|1210\n|teamsize|p1|6\n|teamsize|p2|6\n|gen|9\n|tier|[Gen 9] VGC 2023 Regulation E\n|rated|\n|rule|Species Clause: Limit one of each Pok\u00e9mon\n|rule|Item Clause: Limit one of each item\n|clearpoke\n|poke|p1|Ogerpon-Wellspring, L50, F|\n|poke|p1|Chi-Yu, L50|\n|poke|p1|Tornadus, L50, M|\n|poke|p1|Flutter Mane, L50|\n|poke|p1|Gholdengo, L50|\n|poke|p1|Landorus-Therian, L50, M|\n|poke|p2|Sneasler, L50, M|\n|poke|p2|Armarouge, L50, F|\n|poke|p2|Indeedee-F, L50, F|\n|poke|p2|Milotic, L50, F|\n|poke|p2|Arcanine-Hisui, L50, F|\n|poke|p2|Urshifu-*, L50, F|\n|teampreview|4\n|inactive|Battle timer is ON: inactive players will automatically lose when time's up. (requested by jwtw)\n|inactive|jwtw has 60 seconds left.\n|inactive|jwtw has 30 seconds left.\n|inactive|jwtw has 20 seconds left.\n|\n|t:|1699898908\n|start\n|switch|p1a: Chi-Yu|Chi-Yu, L50|100\/100\n|switch|p1b: Gholdengo|Gholdengo, L50|100\/100\n|switch|p2a: Urshifu|Urshifu, L50, F|100\/100\n|switch|p2b: Arcanine|Arcanine-Hisui, L50, F|100\/100\n|-ability|p1a: Chi-Yu|Beads of Ruin\n|-ability|p2b: Arcanine|Intimidate|boost\n|-unboost|p1a: Chi-Yu|atk|1\n|-unboost|p1b: Gholdengo|atk|1\n|turn|1\n|inactive|jwtw has 30 seconds left.\n|inactive|ChrolloLucilfer24 has 30 seconds left.\n|inactive|jwtw has 20 seconds left.\n|\n|t:|1699898944\n|-terastallize|p1b: Gholdengo|Dragon\n|move|p2a: Urshifu|U-turn|p1a: Chi-Yu\n|-damage|p1a: Chi-Yu|60\/100\n|\n|t:|1699898949\n|switch|p2a: Indeedee|Indeedee-F, L50, F|100\/100|[from] U-turn\n|-fieldstart|move: Psychic Terrain|[from] ability: Psychic Surge|[of] p2a: Indeedee\n|move|p1a: Chi-Yu|Will-O-Wisp|p2a: Indeedee\n|-status|p2a: Indeedee|brn\n|move|p2b: Arcanine|Flare Blitz|p1b: Gholdengo\n|-resisted|p1b: Gholdengo\n|-damage|p1b: Gholdengo|64\/100\n|-damage|p2b: Arcanine|87\/100|[from] Recoil\n|move|p1b: Gholdengo|Make It Rain|p2b: Arcanine|[spread] p2a,p2b\n|-damage|p2a: Indeedee|43\/100 brn\n|-damage|p2b: Arcanine|5\/100\n|-unboost|p1b: Gholdengo|spa|1\n|\n|-heal|p1b: Gholdengo|71\/100|[from] item: Leftovers\n|-damage|p2a: Indeedee|37\/100 brn|[from] brn\n|upkeep\n|turn|2\n|inactive|ChrolloLucilfer24 has 30 seconds left.\n|\n|t:|1699898979\n|move|p2a: Indeedee|Protect|p2a: Indeedee\n|-singleturn|p2a: Indeedee|Protect\n|move|p1a: Chi-Yu|Dark Pulse|p2a: Indeedee\n|-activate|p2a: Indeedee|move: Protect\n|move|p2b: Arcanine|Flare Blitz|p1b: Gholdengo\n|-resisted|p1b: Gholdengo\n|-damage|p1b: Gholdengo|32\/100\n|-damage|p2b: Arcanine|0 fnt|[from] Recoil\n|faint|p2b: Arcanine\n|move|p1b: Gholdengo|Nasty Plot|p1b: Gholdengo\n|-boost|p1b: Gholdengo|spa|2\n|\n|-heal|p1b: Gholdengo|38\/100|[from] item: Leftovers\n|-damage|p2a: Indeedee|30\/100 brn|[from] brn\n|upkeep\n|\n|t:|1699898995\n|switch|p2b: Armarouge|Armarouge, L50, F|100\/100\n|turn|3\n|\n|t:|1699899003\n|-terastallize|p2b: Armarouge|Grass\n|move|p2a: Indeedee|Helping Hand|p2b: Armarouge\n|-singleturn|p2b: Armarouge|Helping Hand|[of] p2a: Indeedee\n|move|p1a: Chi-Yu|Dark Pulse|p2a: Indeedee\n|-supereffective|p2a: Indeedee\n|-damage|p2a: Indeedee|0 fnt\n|faint|p2a: Indeedee\n|-damage|p1a: Chi-Yu|50\/100|[from] item: Life Orb\n|move|p2b: Armarouge|Expanding Force|p1b: Gholdengo|[spread] p1b\n|-immune|p1a: Chi-Yu\n|-damage|p1b: Gholdengo|0 fnt\n|faint|p1b: Gholdengo\n|\n|upkeep\n|inactive|jwtw has 30 seconds left.\n|\n|t:|1699899035\n|switch|p2a: Urshifu|Urshifu, L50, F|100\/100\n|switch|p1b: Flutter Mane|Flutter Mane, L50|100\/100\n|turn|4\n|\n|t:|1699899058\n|move|p2b: Armarouge|Protect|p2b: Armarouge\n|-singleturn|p2b: Armarouge|Protect\n|move|p2a: Urshifu|Close Combat|p1a: Chi-Yu\n|-supereffective|p1a: Chi-Yu\n|-damage|p1a: Chi-Yu|0 fnt\n|-unboost|p2a: Urshifu|def|1\n|-unboost|p2a: Urshifu|spd|1\n|faint|p1a: Chi-Yu\n|move|p1b: Flutter Mane|Moonblast|p2a: Urshifu\n|-supereffective|p2a: Urshifu\n|-damage|p2a: Urshifu|0 fnt\n|faint|p2a: Urshifu\n|\n|upkeep\n|\n|t:|1699899069\n|switch|p1a: Ogerpon|Ogerpon-Wellspring, L50, F|100\/100\n|turn|5\n|\n|t:|1699899081\n|move|p1b: Flutter Mane|Protect|p1b: Flutter Mane\n|-singleturn|p1b: Flutter Mane|Protect\n|move|p1a: Ogerpon|Spiky Shield|p1a: Ogerpon\n|-singleturn|p1a: Ogerpon|move: Protect\n|move|p2b: Armarouge|Expanding Force|p1a: Ogerpon|[spread] \n|-activate|p1a: Ogerpon|move: Protect\n|-activate|p1b: Flutter Mane|move: Protect\n|\n|-fieldend|move: Psychic Terrain\n|upkeep\n|turn|6\n|inactive|jwtw has 30 seconds left.\n|\n|t:|1699899112\n|move|p1a: Ogerpon|Follow Me|p1a: Ogerpon\n|-singleturn|p1a: Ogerpon|move: Follow Me\n|move|p1b: Flutter Mane|Moonblast|p2b: Armarouge\n|-damage|p2b: Armarouge|36\/100\n|move|p2b: Armarouge|Expanding Force|p1a: Ogerpon\n|-damage|p1a: Ogerpon|58\/100\n|\n|upkeep\n|turn|7\n|\n|t:|1699899124\n|move|p1a: Ogerpon|Follow Me|p1a: Ogerpon\n|-singleturn|p1a: Ogerpon|move: Follow Me\n|move|p1b: Flutter Mane|Moonblast|p2b: Armarouge\n|-damage|p2b: Armarouge|0 fnt\n|faint|p2b: Armarouge\n|\n|win|jwtw\n|raw|jwtw's rating: 1316 &rarr; <strong>1330<\/strong><br \/>(+14 for winning)\n|raw|ChrolloLucilfer24's rating: 1210 &rarr; <strong>1192<\/strong><br \/>(-18 for losing)\n|l|\u2606ChrolloLucilfer24\n","uploadtime":1699899135,"views":13,"p1id":"jwtw","p2id":"chrollolucilfer24","formatid":"gen9vgc2023regulatione","rating":1192,"private":0,"password":""}