{"id":"gen9vgc2023regulatione-1993544767","p1":"KaosCarter","p2":"Beru98","format":"[Gen 9] VGC 2023 Regulation E","log":"|j|\u2606KaosCarter\n|j|\u2606Beru98\n|n|\u2606KaosCarter|kaoscarter\n|n|\u2606Beru98|beru98\n|html|View the match progress at <a href=\"\/game-bestof3-gen9vgc2023regulatione-1993542711\">game-bestof3-gen9vgc2023regulatione-1993542711<\/a>\n|t:|1700330116\n|gametype|doubles\n|player|p1|KaosCarter|acetrainer-gen4dp|\n|player|p2|Beru98|1|\n|teamsize|p1|6\n|teamsize|p2|6\n|gen|9\n|tier|[Gen 9] VGC 2023 Regulation E\n|rule|Species Clause: Limit one of each Pok\u00e9mon\n|rule|Item Clause: Limit one of each item\n|clearpoke\n|poke|p1|Heatran, L50, M|\n|poke|p1|Tornadus, L50, M|\n|poke|p1|Sneasler, L50, F|\n|poke|p1|Shiftry, L50, M|\n|poke|p1|Chi-Yu, L50|\n|poke|p1|Indeedee-F, L50, F|\n|poke|p2|Tornadus, L50, M|\n|poke|p2|Arcanine-Hisui, L50, F|\n|poke|p2|Iron Hands, L50|\n|poke|p2|Gholdengo, L50|\n|poke|p2|Urshifu-*, L50, M|\n|poke|p2|Ogerpon-Wellspring, L50, F|\n|teampreview|4\n|inactive|Battle timer is ON: inactive players will automatically lose when time's up. (requested by KaosCarter)\nKaosCarter has agreed to open team sheets.\n|inactiveoff|Battle timer is now OFF.\nBeru98 has agreed to open team sheets.\n|showteam|p1|Heatran||SitrusBerry|FlashFire|Protect,HeatWave,EarthPower,FlashCannon|||M|||50|,,,,,Fairy]Tornadus||MentalHerb|Prankster|BleakwindStorm,Tailwind,SunnyDay,ScaryFace|||M|||50|,,,,,Ghost]Sneasler||ClearAmulet|PoisonTouch|Protect,DireClaw,CloseCombat,FakeOut|||F|||50|,,,,,Flying]Shiftry||FocusSash|WindRider|SuckerPunch,Reversal,LeafBlade,FakeOut|||M|||50|,,,,,Ghost]Chi-Yu||ChoiceSpecs|BeadsofRuin|HeatWave,Psychic,Overheat,DarkPulse||||||50|,,,,,Ghost]Indeedee-F||PsychicSeed|PsychicSurge|FollowMe,Psyshock,TrickRoom,Imprison|||F|||50|,,,,,Fairy\n|showteam|p2|Tornadus||CovertCloak|Prankster|BleakwindStorm,Tailwind,Taunt,RainDance|||M|||50|,,,,,Dragon]Arcanine-Hisui||ChoiceBand|Intimidate|FlareBlitz,RockSlide,ExtremeSpeed,TeraBlast|||F|||50|,,,,,Fairy]Iron Hands||AssaultVest|QuarkDrive|WildCharge,DrainPunch,HeavySlam,FakeOut||||||50|,,,,,Grass]Gholdengo||Leftovers|GoodasGold|MakeItRain,ShadowBall,NastyPlot,Protect||||||50|,,,,,Dragon]Urshifu-Rapid-Strike||ChoiceScarf|UnseenFist|SurgingStrikes,CloseCombat,AquaJet,Uturn|||M|||50|,,,,,Water]Ogerpon-Wellspring||WellspringMask|WaterAbsorb|IvyCudgel,PowerWhip,FollowMe,SpikyShield|||F|||50|,,,,,Water\n|inactive|Battle timer is ON: inactive players will automatically lose when time's up. (requested by KaosCarter)\n|\n|t:|1700330176\n|start\n|switch|p1a: Tornadus|Tornadus, L50, M|100\/100\n|switch|p1b: Sneasler|Sneasler, L50, F|100\/100\n|switch|p2a: Tornadus|Tornadus, L50, M|100\/100\n|switch|p2b: Urshifu|Urshifu-Rapid-Strike, L50, M|100\/100\n|turn|1\n|inactive|Beru98 has 30 seconds left.\n|inactive|KaosCarter has 30 seconds left.\n|inactive|KaosCarter has 20 seconds left.\n|inactive|KaosCarter has 15 seconds left.\n|\n|t:|1700330222\n|switch|p2b: Arcanine|Arcanine-Hisui, L50, F|100\/100\n|-ability|p2b: Arcanine|Intimidate|boost\n|-unboost|p1a: Tornadus|atk|1\n|-fail|p1b: Sneasler|unboost|[from] item: Clear Amulet|[of] p1b: Sneasler\n|move|p1b: Sneasler|Fake Out|p2b: Arcanine\n|-resisted|p2b: Arcanine\n|-damage|p2b: Arcanine|92\/100\n|move|p1a: Tornadus|Bleakwind Storm|p2b: Arcanine|[spread] p2a,p2b\n|-resisted|p2b: Arcanine\n|-damage|p2a: Tornadus|67\/100\n|-damage|p2b: Arcanine|72\/100\n|move|p2a: Tornadus|Bleakwind Storm|p1a: Tornadus|[spread] p1a,p1b\n|-supereffective|p1b: Sneasler\n|-crit|p1b: Sneasler\n|-damage|p1a: Tornadus|62\/100\n|-damage|p1b: Sneasler|0 fnt\n|faint|p1b: Sneasler\n|\n|upkeep\n|\n|t:|1700330239\n|switch|p1b: Shiftry|Shiftry, L50, M|100\/100\n|turn|2\n|\n|t:|1700330253\n|move|p1b: Shiftry|Fake Out|p2b: Arcanine\n|-resisted|p2b: Arcanine\n|-damage|p2b: Arcanine|65\/100\n|move|p1a: Tornadus|Tailwind|p1a: Tornadus\n|-sidestart|p1: KaosCarter|move: Tailwind\n|-ability|p1b: Shiftry|Wind Rider|boost\n|-boost|p1b: Shiftry|atk|1\n|move|p2a: Tornadus|Tailwind|p2a: Tornadus\n|-sidestart|p2: Beru98|move: Tailwind\n|cant|p2b: Arcanine|flinch\n|\n|upkeep\n|turn|3\n|\n|t:|1700330270\n|switch|p2a: Iron Hands|Iron Hands, L50|100\/100\n|move|p1a: Tornadus|Scary Face|p2b: Arcanine\n|-unboost|p2b: Arcanine|spe|2\n|move|p1b: Shiftry|Leaf Blade|p2b: Arcanine\n|-damage|p2b: Arcanine|0 fnt\n|faint|p2b: Arcanine\n|\n|upkeep\n|\n|t:|1700330276\n|switch|p2b: Urshifu|Urshifu-Rapid-Strike, L50, M|100\/100\n|turn|4\n|inactive|KaosCarter has 30 seconds left.\n|\n|t:|1700330306\n|-terastallize|p1b: Shiftry|Ghost\n|move|p2a: Iron Hands|Fake Out|p1b: Shiftry\n|-immune|p1b: Shiftry\n|move|p1a: Tornadus|Scary Face|p2b: Urshifu\n|-unboost|p2b: Urshifu|spe|2\n|move|p1b: Shiftry|Leaf Blade|p2b: Urshifu\n|-supereffective|p2b: Urshifu\n|-damage|p2b: Urshifu|0 fnt\n|faint|p2b: Urshifu\n|\n|upkeep\n|\n|t:|1700330311\n|switch|p2b: Tornadus|Tornadus, L50, M|67\/100\n|turn|5\n|\n|t:|1700330330\n|move|p1a: Tornadus|Bleakwind Storm|p2a: Iron Hands|[spread] p2a\n|-miss|p1a: Tornadus|p2b: Tornadus\n|-damage|p2a: Iron Hands|81\/100\n|-unboost|p2a: Iron Hands|spe|1\n|move|p2b: Tornadus|Bleakwind Storm|p1b: Shiftry|[spread] p1a\n|-ability|p1b: Shiftry|Wind Rider|boost\n|-boost|p1b: Shiftry|atk|1\n|-damage|p1a: Tornadus|22\/100\n|move|p1b: Shiftry|Leaf Blade|p2a: Iron Hands\n|-damage|p2a: Iron Hands|22\/100\n|move|p2a: Iron Hands|Wild Charge|p1b: Shiftry\n|-damage|p1b: Shiftry|28\/100\n|-damage|p2a: Iron Hands|8\/100|[from] Recoil\n|\n|-sideend|p2: Beru98|move: Tailwind\n|-sideend|p1: KaosCarter|move: Tailwind\n|upkeep\n|turn|6\n|\n|t:|1700330351\n|-terastallize|p2a: Iron Hands|Grass\n|move|p1a: Tornadus|Tailwind|p1a: Tornadus\n|-sidestart|p1: KaosCarter|move: Tailwind\n|-ability|p1b: Shiftry|Wind Rider|boost\n|-boost|p1b: Shiftry|atk|1\n|move|p1b: Shiftry|Leaf Blade|p2a: Iron Hands\n|-resisted|p2a: Iron Hands\n|-damage|p2a: Iron Hands|0 fnt\n|faint|p2a: Iron Hands\n|-end|p2a: Iron Hands|Quark Drive|[silent]\n|move|p2b: Tornadus|Bleakwind Storm|p1b: Shiftry|[spread] p1a\n|-ability|p1b: Shiftry|Wind Rider|boost\n|-boost|p1b: Shiftry|atk|1\n|-damage|p1a: Tornadus|0 fnt\n|faint|p1a: Tornadus\n|\n|upkeep\n|\n|t:|1700330367\n|switch|p1a: Chi-Yu|Chi-Yu, L50|100\/100\n|-ability|p1a: Chi-Yu|Beads of Ruin\n|turn|7\n|\n|t:|1700330376\n|move|p1b: Shiftry|Sucker Punch|p2b: Tornadus\n|-damage|p2b: Tornadus|0 fnt\n|faint|p2b: Tornadus\n|\n|win|KaosCarter\n|c|\u2606KaosCarter|Ggs\n|l|\u2606Beru98\n","uploadtime":1700330387,"views":7,"p1id":"kaoscarter","p2id":"beru98","formatid":"gen9vgc2023regulatione","rating":0,"private":0,"password":""}