{"id":"gen9vgc2023regulatione-1993466657","p1":"ZakyVGC","p2":"Thacrow","format":"[Gen 9] VGC 2023 Regulation E","log":"|j|\u2606ZakyVGC\n|j|\u2606Thacrow\n|t:|1700321385\n|gametype|doubles\n|player|p1|ZakyVGC|169|\n|player|p2|Thacrow|steven|\n|teamsize|p1|6\n|teamsize|p2|6\n|gen|9\n|tier|[Gen 9] VGC 2023 Regulation E\n|rated|Tournament battle\n|rule|Species Clause: Limit one of each Pok\u00e9mon\n|rule|Item Clause: Limit one of each item\n|clearpoke\n|poke|p1|Urshifu-*, L50, F|\n|poke|p1|Arcanine-Hisui, L50, M|\n|poke|p1|Rillaboom, L50, F|\n|poke|p1|Flutter Mane, L50|\n|poke|p1|Tornadus, L50, M|\n|poke|p1|Chien-Pao, L50|\n|poke|p2|Goodra, L50, F|\n|poke|p2|Urshifu-*, L50, M|\n|poke|p2|Rillaboom, L50, M|\n|poke|p2|Flutter Mane, L50|\n|poke|p2|Drifblim, L50, M|\n|poke|p2|Heatran, L50, F|\n|teampreview|4\n|showteam|p1|Urshifu-Rapid-Strike||MysticWater|UnseenFist|SurgingStrikes,CloseCombat,AquaJet,Detect|||F|||50|,,,,,Water]Arcanine-Hisui||ChoiceBand|Intimidate|ExtremeSpeed,RockSlide,FlareBlitz,HeadSmash|||M|||50|,,,,,Normal]Rillaboom||AssaultVest|GrassySurge|WoodHammer,GrassyGlide,Uturn,FakeOut|||F|||50|,,,,,Ghost]Flutter Mane||BoosterEnergy|Protosynthesis|Moonblast,ShadowBall,DazzlingGleam,Protect||||||50|,,,,,Fairy]Tornadus||RockyHelmet|Prankster|BleakwindStorm,Taunt,Tailwind,RainDance|||M|||50|,,,,,Ghost]Chien-Pao||FocusSash|SwordofRuin|IcicleCrash,SuckerPunch,SacredSword,Protect||||||50|,,,,,Ghost\n|showteam|p2|Goodra||AssaultVest|SapSipper|Scald,AcidSpray,DracoMeteor,Flamethrower|||F|||50|,,,,,Water]Urshifu-Rapid-Strike||FocusSash|UnseenFist|SurgingStrikes,CloseCombat,AquaJet,Protect|||M|||50|,,,,,Water]Rillaboom||MiracleSeed|GrassySurge|GrassyGlide,WoodHammer,FakeOut,Protect|||M|||50|,,,,,Fire]Flutter Mane||BoosterEnergy|Protosynthesis|IcyWind,ShadowBall,Moonblast,Protect||||||50|,,,,,Fairy]Drifblim||GrassySeed|Unburden|WillOWisp,Tailwind,NightShade,StrengthSap|||M|||50|,,,,,Dark]Heatran||LifeOrb|FlashFire|FlashCannon,HeatWave,Protect,EarthPower|||F|||50|,,,,,Grass\n|inactive|Battle timer is ON: inactive players will automatically lose when time's up. (requested by ZakyVGC)\n|inactive|Thacrow also wants the timer to be on.\n|c|\u2606ZakyVGC|gl\n|j| the mango champ\n|j| Topperlecat\n|c|\u2606Thacrow|u2\n|l| the mango champ\n|inactive|ZakyVGC has 60 seconds left.\n|inactive|Thacrow has 60 seconds left.\n|c| Topperlecat|goodra and drifblim is wild\n|\n|t:|1700321426\n|start\n|switch|p1a: Tornadus|Tornadus, L50, M|100\/100\n|switch|p1b: Arcanine|Arcanine-Hisui, L50, M|100\/100\n|switch|p2a: Rillaboom|Rillaboom, L50, M|100\/100\n|switch|p2b: Drifblim|Drifblim, L50, M|100\/100\n|-ability|p1b: Arcanine|Intimidate|boost\n|-unboost|p2a: Rillaboom|atk|1\n|-unboost|p2b: Drifblim|atk|1\n|-fieldstart|move: Grassy Terrain|[from] ability: Grassy Surge|[of] p2a: Rillaboom\n|-enditem|p2b: Drifblim|Grassy Seed\n|-boost|p2b: Drifblim|def|1|[from] item: Grassy Seed\n|turn|1\n|j|@Bright Size\n|\n|t:|1700321445\n|-terastallize|p1a: Tornadus|Ghost\n|move|p2a: Rillaboom|Fake Out|p1b: Arcanine\n|-resisted|p1b: Arcanine\n|-crit|p1b: Arcanine\n|-damage|p1b: Arcanine|88\/100\n|move|p1a: Tornadus|Taunt|p2b: Drifblim\n|-start|p2b: Drifblim|move: Taunt\n|cant|p2b: Drifblim|move: Taunt|Tailwind\n|cant|p1b: Arcanine|flinch\n|\n|-heal|p1b: Arcanine|94\/100|[from] Grassy Terrain\n|upkeep\n|turn|2\n|inactive|ZakyVGC has 30 seconds left.\n|\n|t:|1700321479\n|switch|p2b: Urshifu|Urshifu-Rapid-Strike, L50, M|100\/100\n|move|p2a: Rillaboom|Protect|p2a: Rillaboom\n|-singleturn|p2a: Rillaboom|Protect\n|move|p1b: Arcanine|Head Smash|p2b: Urshifu\n|-resisted|p2b: Urshifu\n|-damage|p2b: Urshifu|38\/100\n|-damage|p1b: Arcanine|64\/100|[from] Recoil\n|move|p1a: Tornadus|Bleakwind Storm|p2a: Rillaboom|[spread] p2b\n|-activate|p2a: Rillaboom|move: Protect\n|-supereffective|p2b: Urshifu\n|-damage|p2b: Urshifu|0 fnt\n|faint|p2b: Urshifu\n|\n|-heal|p1b: Arcanine|70\/100|[from] Grassy Terrain\n|upkeep\n|\n|t:|1700321495\n|switch|p2b: Drifblim|Drifblim, L50, M|100\/100\n|turn|3\n|\n|t:|1700321509\n|-terastallize|p2b: Drifblim|Dark\n|move|p1a: Tornadus|Taunt|p2b: Drifblim\n|-hint|Since gen 7, Dark is immune to Prankster moves.\n|-immune|p2b: Drifblim\n|move|p1b: Arcanine|Head Smash|p2b: Drifblim\n|-damage|p2b: Drifblim|2\/100\n|-damage|p1b: Arcanine|0 fnt|[from] Recoil\n|faint|p1b: Arcanine\n|move|p2a: Rillaboom|Wood Hammer|p1a: Tornadus\n|-damage|p1a: Tornadus|8\/100\n|-damage|p2a: Rillaboom|84\/100|[from] item: Rocky Helmet|[of] p1a: Tornadus\n|-damage|p2a: Rillaboom|56\/100|[from] Recoil\n|move|p2b: Drifblim|Tailwind|p2b: Drifblim\n|-sidestart|p2: Thacrow|move: Tailwind\n|\n|-heal|p2a: Rillaboom|62\/100|[from] Grassy Terrain\n|-heal|p2b: Drifblim|8\/100|[from] Grassy Terrain\n|-heal|p1a: Tornadus|14\/100|[from] Grassy Terrain\n|upkeep\n|\n|t:|1700321532\n|switch|p1b: Chien-Pao|Chien-Pao, L50|100\/100\n|-ability|p1b: Chien-Pao|Sword of Ruin\n|turn|4\n|\n|t:|1700321540\n|move|p1b: Chien-Pao|Protect|p1b: Chien-Pao\n|-singleturn|p1b: Chien-Pao|Protect\n|move|p2a: Rillaboom|Grassy Glide|p1a: Tornadus\n|-damage|p1a: Tornadus|0 fnt\n|-damage|p2a: Rillaboom|46\/100|[from] item: Rocky Helmet|[of] p1a: Tornadus\n|faint|p1a: Tornadus\n|move|p2b: Drifblim|Strength Sap|p1b: Chien-Pao\n|-activate|p1b: Chien-Pao|move: Protect\n|\n|-heal|p2a: Rillaboom|51\/100|[from] Grassy Terrain\n|-heal|p2b: Drifblim|15\/100|[from] Grassy Terrain\n|upkeep\n|l|@Bright Size\n|\n|t:|1700321546\n|switch|p1a: Flutter Mane|Flutter Mane, L50|100\/100\n|-enditem|p1a: Flutter Mane|Booster Energy\n|-activate|p1a: Flutter Mane|ability: Protosynthesis|[fromitem]\n|-start|p1a: Flutter Mane|protosynthesisspe\n|turn|5\n|j|%Radio Free C-Side\n|\n|t:|1700321567\n|move|p1b: Chien-Pao|Sucker Punch||[still]\n|-fail|p1b: Chien-Pao\n|move|p1a: Flutter Mane|Moonblast|p2a: Rillaboom\n|-damage|p2a: Rillaboom|0 fnt\n|faint|p2a: Rillaboom\n|move|p2b: Drifblim|Will-O-Wisp|p1b: Chien-Pao\n|-status|p1b: Chien-Pao|brn\n|\n|-heal|p2b: Drifblim|21\/100|[from] Grassy Terrain\n|-damage|p1b: Chien-Pao|95\/100 brn|[from] brn\n|-fieldend|move: Grassy Terrain\n|upkeep\n|\n|t:|1700321572\n|switch|p2a: Flutter Mane|Flutter Mane, L50|100\/100\n|-enditem|p2a: Flutter Mane|Booster Energy\n|-activate|p2a: Flutter Mane|ability: Protosynthesis|[fromitem]\n|-start|p2a: Flutter Mane|protosynthesisspe\n|turn|6\n|\n|t:|1700321587\n|move|p1b: Chien-Pao|Sucker Punch|p2a: Flutter Mane\n|-damage|p2a: Flutter Mane|64\/100\n|move|p2a: Flutter Mane|Shadow Ball|p1a: Flutter Mane\n|-supereffective|p1a: Flutter Mane\n|-damage|p1a: Flutter Mane|25\/100\n|move|p1a: Flutter Mane|Dazzling Gleam|p2a: Flutter Mane|[spread] p2a,p2b\n|-supereffective|p2b: Drifblim\n|-damage|p2a: Flutter Mane|38\/100\n|-damage|p2b: Drifblim|0 fnt\n|faint|p2b: Drifblim\n|\n|-damage|p1b: Chien-Pao|89\/100 brn|[from] brn\n|-sideend|p2: Thacrow|move: Tailwind\n|upkeep\n|turn|7\n|c|\u2606Thacrow|wow, still slower\n|j| Bakonlikescufant\n|c|\u2606Thacrow|need more speed investment\n|inactive|Thacrow has 30 seconds left.\n|\n|t:|1700321618\n|move|p1a: Flutter Mane|Shadow Ball|p2a: Flutter Mane\n|-supereffective|p2a: Flutter Mane\n|-damage|p2a: Flutter Mane|0 fnt\n|faint|p2a: Flutter Mane\n|-end|p2a: Flutter Mane|Protosynthesis|[silent]\n|\n|win|ZakyVGC\n|n|\u2606ZakyVGC|zakyvgc\n|n|\u2606Thacrow|thacrow\n|n| Topperlecat|topperlecat\n|n| Radio Free C-Side|radiofreecside\n|n| Bakonlikescufant|bakonlikescufant\n","uploadtime":1700321622,"views":7,"p1id":"zakyvgc","p2id":"thacrow","formatid":"gen9vgc2023regulatione","rating":0,"private":0,"password":""}