{"id":"gen9vgc2023regulatione-1997706010","p1":"SERENA2024","p2":"clockworkmango","format":"[Gen 9] VGC 2023 Regulation E","log":"|j|\u2606SERENA2024\n|j|\u2606clockworkmango\n|t:|1700843902\n|gametype|doubles\n|player|p1|SERENA2024|266|1364\n|player|p2|clockworkmango|juggler|1496\n|teamsize|p1|6\n|teamsize|p2|6\n|gen|9\n|tier|[Gen 9] VGC 2023 Regulation E\n|rated|\n|rule|Species Clause: Limit one of each Pok\u00e9mon\n|rule|Item Clause: Limit one of each item\n|clearpoke\n|poke|p1|Indeedee-F, L50, F|\n|poke|p1|Drifblim, L50, F|\n|poke|p1|Dondozo, L50, M|\n|poke|p1|Tatsugiri, L50, F|\n|poke|p1|Annihilape, L50, F|\n|poke|p1|Maushold-Four, L50|\n|poke|p2|Ursaluna, L50, F|\n|poke|p2|Roaring Moon, L50|\n|poke|p2|Armarouge, L50, F|\n|poke|p2|Torkoal, L50, M|\n|poke|p2|Indeedee-F, L50, F|\n|poke|p2|Bronzong, L50|\n|teampreview|4\n|\n|t:|1700843926\n|start\n|switch|p1a: Indeedee|Indeedee-F, L50, F|100\/100\n|switch|p1b: Drifblim|Drifblim, L50, F|100\/100\n|switch|p2a: Roaring Moon|Roaring Moon, L50|100\/100\n|switch|p2b: Armarouge|Armarouge, L50, F|100\/100\n|-fieldstart|move: Psychic Terrain|[from] ability: Psychic Surge|[of] p1a: Indeedee\n|-enditem|p1b: Drifblim|Psychic Seed\n|-boost|p1b: Drifblim|spd|1|[from] item: Psychic Seed\n|-enditem|p2a: Roaring Moon|Booster Energy\n|-activate|p2a: Roaring Moon|ability: Protosynthesis|[fromitem]\n|-start|p2a: Roaring Moon|protosynthesisspe\n|turn|1\n|\n|t:|1700843976\n|-terastallize|p1b: Drifblim|Dark\n|move|p1b: Drifblim|Minimize|p1b: Drifblim\n|-boost|p1b: Drifblim|evasion|2\n|move|p2a: Roaring Moon|Tailwind|p2a: Roaring Moon\n|-sidestart|p2: clockworkmango|move: Tailwind\n|move|p2b: Armarouge|Expanding Force|p1b: Drifblim|[spread] p1a\n|-immune|p1b: Drifblim\n|-resisted|p1a: Indeedee\n|-damage|p1a: Indeedee|68\/100\n|move|p1a: Indeedee|Skill Swap|p2b: Armarouge\n|-activate|p1a: Indeedee|move: Skill Swap|Weak Armor|Psychic Surge|[of] p2b: Armarouge\n|\n|upkeep\n|turn|2\n|inactive|Battle timer is ON: inactive players will automatically lose when time's up. (requested by SERENA2024)\n|\n|t:|1700844005\n|move|p2a: Roaring Moon|Knock Off|p1a: Indeedee\n|-supereffective|p1a: Indeedee\n|-damage|p1a: Indeedee|0 fnt\n|-enditem|p1a: Indeedee|Sitrus Berry|[from] move: Knock Off|[of] p2a: Roaring Moon\n|faint|p1a: Indeedee\n|move|p1b: Drifblim|Minimize|p1b: Drifblim\n|-boost|p1b: Drifblim|evasion|2\n|move|p2b: Armarouge|Heat Wave|p1b: Drifblim\n|-damage|p1b: Drifblim|58\/100\n|\n|upkeep\n|\n|t:|1700844021\n|switch|p1a: Tatsugiri|Tatsugiri, L50, F, shiny|100\/100\n|turn|3\n|inactive|clockworkmango has 30 seconds left.\n|\n|t:|1700844046\n|switch|p2b: Indeedee|Indeedee-F, L50, F|100\/100\n|move|p1a: Tatsugiri|Protect|p1a: Tatsugiri\n|-singleturn|p1a: Tatsugiri|Protect\n|move|p2a: Roaring Moon|Knock Off|p1a: Tatsugiri\n|-activate|p1a: Tatsugiri|move: Protect\n|move|p1b: Drifblim|Minimize|p1b: Drifblim\n|-boost|p1b: Drifblim|evasion|2\n|\n|upkeep\n|turn|4\n|\n|t:|1700844068\n|move|p2a: Roaring Moon|Knock Off|p1a: Tatsugiri\n|-damage|p1a: Tatsugiri|4\/100\n|-enditem|p1a: Tatsugiri|Focus Sash|[from] move: Knock Off|[of] p2a: Roaring Moon\n|move|p1b: Drifblim|Baton Pass|p1b: Drifblim\n|\n|t:|1700844074\n|switch|p1b: Dondozo|Dondozo, L50, M|100\/100|[from] Baton Pass\n|-activate|p1a: Tatsugiri|ability: Commander|[of] p1b: Dondozo\n|-boost|p1b: Dondozo|atk|2\n|-boost|p1b: Dondozo|spa|2\n|-boost|p1b: Dondozo|spe|2\n|-boost|p1b: Dondozo|def|2\n|-boost|p1b: Dondozo|spd|2\n|move|p2b: Indeedee|Dazzling Gleam|p1a: Tatsugiri|[spread] p1b\n|-miss|p2b: Indeedee|p1a: Tatsugiri\n|-damage|p1b: Dondozo|97\/100\n|\n|-heal|p1b: Dondozo|100\/100|[from] item: Leftovers\n|-sideend|p2: clockworkmango|move: Tailwind\n|upkeep\n|turn|5\n|inactive|clockworkmango has 30 seconds left.\n|inactive|clockworkmango has 20 seconds left.\n|inactive|clockworkmango has 15 seconds left.\n|inactive|clockworkmango has 10 seconds left.\n|inactive|clockworkmango has 5 seconds left.\n|\n|t:|1700844124\n|move|p2a: Roaring Moon|U-turn|p1b: Dondozo|[miss]\n|-miss|p2a: Roaring Moon|p1b: Dondozo\n|move|p1b: Dondozo|Order Up|p2a: Roaring Moon\n|-supereffective|p2a: Roaring Moon\n|-damage|p2a: Roaring Moon|0 fnt\n|faint|p2a: Roaring Moon\n|-end|p2a: Roaring Moon|Protosynthesis|[silent]\n|-boost|p1b: Dondozo|atk|1\n|move|p2b: Indeedee|Trick Room|p2b: Indeedee\n|-fieldstart|move: Trick Room|[of] p2b: Indeedee\n|\n|-fieldend|move: Psychic Terrain\n|upkeep\n|\n|t:|1700844135\n|switch|p2a: Bronzong|Bronzong, L50|100\/100\n|turn|6\n|\n|t:|1700844144\n|move|p2b: Indeedee|Follow Me|p2b: Indeedee\n|-singleturn|p2b: Indeedee|move: Follow Me\n|move|p2a: Bronzong|Skill Swap|p1b: Dondozo\n|-activate|p2a: Bronzong|move: Skill Swap|Unaware|Levitate|[of] p1b: Dondozo\n|move|p1b: Dondozo|Order Up|p2b: Indeedee\n|-damage|p2b: Indeedee|54\/100\n|-boost|p1b: Dondozo|atk|1\n|\n|upkeep\n|turn|7\n|inactive|clockworkmango has 30 seconds left.\n|\n|t:|1700844177\n|move|p2a: Bronzong|Iron Defense|p2a: Bronzong\n|-boost|p2a: Bronzong|def|2\n|move|p2b: Indeedee|Dazzling Gleam|p1a: Tatsugiri|[spread] \n|-miss|p2b: Indeedee|p1a: Tatsugiri\n|-miss|p2b: Indeedee|p1b: Dondozo\n|move|p1b: Dondozo|Earthquake|p2b: Indeedee|[spread] p2a,p2b\n|-miss|p1b: Dondozo|p1a: Tatsugiri\n|-supereffective|p2a: Bronzong\n|-damage|p2a: Bronzong|88\/100\n|-damage|p2b: Indeedee|7\/100\n|\n|upkeep\n|turn|8\n|\n|t:|1700844199\n|move|p2a: Bronzong|Iron Defense|p2a: Bronzong\n|-boost|p2a: Bronzong|def|2\n|move|p2b: Indeedee|Dazzling Gleam|p1a: Tatsugiri|[spread] \n|-miss|p2b: Indeedee|p1a: Tatsugiri\n|-miss|p2b: Indeedee|p1b: Dondozo\n|move|p1b: Dondozo|Earthquake|p2a: Bronzong|[spread] p2a,p2b\n|-miss|p1b: Dondozo|p1a: Tatsugiri\n|-supereffective|p2a: Bronzong\n|-damage|p2a: Bronzong|80\/100\n|-damage|p2b: Indeedee|0 fnt\n|faint|p2b: Indeedee\n|\n|upkeep\n|\n|t:|1700844212\n|switch|p2b: Armarouge|Armarouge, L50, F|100\/100\n|turn|9\n|\n|t:|1700844218\n|move|p1b: Dondozo|Protect|p1b: Dondozo\n|-singleturn|p1b: Dondozo|Protect\n|move|p2b: Armarouge|Endure|p2b: Armarouge\n|-singleturn|p2b: Armarouge|move: Endure\n|move|p2a: Bronzong|Iron Defense|p2a: Bronzong\n|-boost|p2a: Bronzong|def|2\n|\n|-fieldend|move: Trick Room\n|upkeep\n|turn|10\n|inactive|clockworkmango has 30 seconds left.\n|\n|t:|1700844248\n|move|p2b: Armarouge|Expanding Force|p1b: Dondozo|[miss]\n|-miss|p2b: Armarouge|p1b: Dondozo\n|move|p1b: Dondozo|Earthquake|p2a: Bronzong|[spread] p2a,p2b\n|-miss|p1b: Dondozo|p1a: Tatsugiri\n|-supereffective|p2a: Bronzong\n|-supereffective|p2b: Armarouge\n|-damage|p2a: Bronzong|73\/100\n|-damage|p2b: Armarouge|0 fnt\n|faint|p2b: Armarouge\n|move|p2a: Bronzong|Body Press|p1b: Dondozo\n|-damage|p1b: Dondozo|34\/100\n|\n|-heal|p1b: Dondozo|40\/100|[from] item: Leftovers\n|upkeep\n|turn|11\n|\n|t:|1700844268\n|move|p1b: Dondozo|Tera Blast|p2a: Bronzong\n|-resisted|p2a: Bronzong\n|-damage|p2a: Bronzong|68\/100\n|move|p2a: Bronzong|Body Press|p1b: Dondozo\n|-damage|p1b: Dondozo|0 fnt\n|faint|p1b: Dondozo\n|\n|upkeep\n|\n|t:|1700844272\n|switch|p1b: Drifblim|Drifblim, L50, F, tera:Dark|58\/100\n|turn|12\n|\n|t:|1700844284\n|move|p1b: Drifblim|Acrobatics|p2a: Bronzong\n|-resisted|p2a: Bronzong\n|-damage|p2a: Bronzong|65\/100\n|move|p1a: Tatsugiri|Draco Meteor|p2a: Bronzong\n|-resisted|p2a: Bronzong\n|-damage|p2a: Bronzong|34\/100\n|-unboost|p1a: Tatsugiri|spa|2\n|move|p2a: Bronzong|Body Press|p1b: Drifblim\n|-supereffective|p1b: Drifblim\n|-damage|p1b: Drifblim|0 fnt\n|faint|p1b: Drifblim\n|\n|upkeep\n|turn|13\n|\n|t:|1700844297\n|move|p1a: Tatsugiri|Draco Meteor|p2a: Bronzong\n|-resisted|p2a: Bronzong\n|-damage|p2a: Bronzong|1\/100\n|-unboost|p1a: Tatsugiri|spa|2\n|move|p2a: Bronzong|Body Press|p1a: Tatsugiri\n|-damage|p1a: Tatsugiri|0 fnt\n|faint|p1a: Tatsugiri\n|\n|win|clockworkmango\n|raw|SERENA2024's rating: 1364 &rarr; <strong>1351<\/strong><br \/>(-13 for losing)\n|raw|clockworkmango's rating: 1496 &rarr; <strong>1509<\/strong><br \/>(+13 for winning)\n|l|\u2606SERENA2024\n","uploadtime":1700844334,"views":10,"p1id":"serena2024","p2id":"clockworkmango","formatid":"gen9vgc2023regulatione","rating":1351,"private":0,"password":""}