{"id":"gen9vgc2023regulatione-1999930090","p1":"TapedCrusader","p2":"Doomguy1016","format":"[Gen 9] VGC 2023 Regulation E","log":"|j|\u2606TapedCrusader\n|j|\u2606Doomguy1016\n|t:|1701131331\n|gametype|doubles\n|player|p1|TapedCrusader|blue|1530\n|player|p2|Doomguy1016|red|1538\n|teamsize|p1|6\n|teamsize|p2|6\n|gen|9\n|tier|[Gen 9] VGC 2023 Regulation E\n|rated|\n|rule|Species Clause: Limit one of each Pok\u00e9mon\n|rule|Item Clause: Limit one of each item\n|clearpoke\n|poke|p1|Gholdengo, L50|\n|poke|p1|Urshifu-*, L50, M|\n|poke|p1|Iron Hands, L50|\n|poke|p1|Tornadus, L50, M|\n|poke|p1|Arcanine-Hisui, L50, F|\n|poke|p1|Rillaboom, L50, M|\n|poke|p2|Dragonite, L50, M|\n|poke|p2|Chien-Pao, L50|\n|poke|p2|Urshifu-*, L50, F|\n|poke|p2|Houndstone, L50, M|\n|poke|p2|Amoonguss, L50, F|\n|poke|p2|Heatran, L50, F|\n|teampreview|4\n|inactive|Battle timer is ON: inactive players will automatically lose when time's up. (requested by TapedCrusader)\n|inactive|TapedCrusader has 60 seconds left.\n|inactive|Doomguy1016 has 60 seconds left.\n|\n|t:|1701131378\n|start\n|switch|p1a: Arcanine|Arcanine-Hisui, L50, F|100\/100\n|switch|p1b: Gholdengo|Gholdengo, L50|100\/100\n|switch|p2a: Urshifu|Urshifu, L50, F|100\/100\n|switch|p2b: Chien-Pao|Chien-Pao, L50|100\/100\n|-ability|p2b: Chien-Pao|Sword of Ruin\n|-ability|p1a: Arcanine|Intimidate|boost\n|-unboost|p2a: Urshifu|atk|1\n|-unboost|p2b: Chien-Pao|atk|1\n|turn|1\n|inactive|TapedCrusader has 30 seconds left.\n|inactive|Doomguy1016 has 30 seconds left.\n|\n|t:|1701131410\n|switch|p1b: Iron Hands|Iron Hands, L50|100\/100\n|-terastallize|p2a: Urshifu|Dark\n|-terastallize|p1a: Arcanine|Fairy\n|move|p2b: Chien-Pao|Throat Chop|p1b: Iron Hands\n|-resisted|p1b: Iron Hands\n|-damage|p1b: Iron Hands|84\/100\n|-start|p1b: Iron Hands|Throat Chop|[silent]\n|-damage|p2b: Chien-Pao|91\/100|[from] item: Life Orb\n|move|p2a: Urshifu|Wicked Blow|p1a: Arcanine\n|-resisted|p1a: Arcanine\n|-crit|p1a: Arcanine\n|-damage|p1a: Arcanine|3\/100\n|move|p1a: Arcanine|Rock Slide|p2b: Chien-Pao|[spread] p2a,p2b\n|-supereffective|p2b: Chien-Pao\n|-damage|p2a: Urshifu|44\/100\n|-damage|p2b: Chien-Pao|0 fnt\n|faint|p2b: Chien-Pao\n|\n|upkeep\n|c|\u2606TapedCrusader|Jesus\n|c|\u2606TapedCrusader|Lol\n|\n|t:|1701131433\n|switch|p2b: Amoonguss|Amoonguss, L50, F|100\/100\n|turn|2\n|\n|t:|1701131452\n|-end|p1b: Iron Hands|Quark Drive|[silent]\n|switch|p1b: Rillaboom|Rillaboom, L50, M|100\/100\n|-fieldstart|move: Grassy Terrain|[from] ability: Grassy Surge|[of] p1b: Rillaboom\n|move|p2a: Urshifu|Wicked Blow|p1a: Arcanine\n|-resisted|p1a: Arcanine\n|-crit|p1a: Arcanine\n|-damage|p1a: Arcanine|0 fnt\n|faint|p1a: Arcanine\n|move|p2b: Amoonguss|Spore|p1b: Rillaboom\n|-immune|p1b: Rillaboom\n|\n|-heal|p2a: Urshifu|50\/100|[from] Grassy Terrain\n|upkeep\n|\n|t:|1701131465\n|switch|p1a: Gholdengo|Gholdengo, L50|100\/100\n|turn|3\n|\n|t:|1701131474\n|switch|p2a: Dragonite|Dragonite, L50, M|100\/100\n|move|p1b: Rillaboom|Grassy Glide|p2a: Dragonite\n|-resisted|p2a: Dragonite\n|-damage|p2a: Dragonite|95\/100\n|move|p1a: Gholdengo|Nasty Plot|p1a: Gholdengo\n|-boost|p1a: Gholdengo|spa|2\n|move|p2b: Amoonguss|Pollen Puff|p2a: Dragonite\n|-heal|p2a: Dragonite|100\/100\n|\n|upkeep\n|turn|4\n|\n|t:|1701131495\n|move|p1b: Rillaboom|Grassy Glide|p2a: Dragonite\n|-resisted|p2a: Dragonite\n|-damage|p2a: Dragonite|95\/100\n|move|p1a: Gholdengo|Make It Rain|p2b: Amoonguss|[spread] p2a,p2b\n|-damage|p2a: Dragonite|16\/100\n|-damage|p2b: Amoonguss|23\/100\n|-unboost|p1a: Gholdengo|spa|1\n|-enditem|p2b: Amoonguss|Sitrus Berry|[eat]\n|-heal|p2b: Amoonguss|48\/100|[from] item: Sitrus Berry\n|move|p2a: Dragonite|Dragon Dance|p2a: Dragonite\n|-boost|p2a: Dragonite|atk|1\n|-boost|p2a: Dragonite|spe|1\n|move|p2b: Amoonguss|Pollen Puff|p2a: Dragonite\n|-heal|p2a: Dragonite|66\/100\n|\n|-heal|p2b: Amoonguss|54\/100|[from] Grassy Terrain\n|upkeep\n|turn|5\n|inactive|TapedCrusader has 30 seconds left.\n|\n|t:|1701131520\n|switch|p1b: Iron Hands|Iron Hands, L50|84\/100\n|move|p2a: Dragonite|Stomping Tantrum|p1a: Gholdengo\n|-supereffective|p1a: Gholdengo\n|-damage|p1a: Gholdengo|14\/100\n|move|p1a: Gholdengo|Make It Rain|p2a: Dragonite|[spread] p2a,p2b\n|-damage|p2a: Dragonite|0 fnt\n|-damage|p2b: Amoonguss|0 fnt\n|-unboost|p1a: Gholdengo|spa|1\n|faint|p2a: Dragonite\n|faint|p2b: Amoonguss\n|\n|-heal|p1a: Gholdengo|20\/100|[from] Grassy Terrain\n|-heal|p1a: Gholdengo|26\/100|[from] item: Leftovers\n|-heal|p1b: Iron Hands|89\/100|[from] Grassy Terrain\n|upkeep\n|\n|t:|1701131527\n|switch|p2b: Urshifu|Urshifu, L50, F, tera:Dark|50\/100\n|turn|6\n|c|\u2606TapedCrusader|Gg\n|\n|t:|1701131542\n|move|p2b: Urshifu|Wicked Blow|p1b: Iron Hands\n|-resisted|p1b: Iron Hands\n|-crit|p1b: Iron Hands\n|-damage|p1b: Iron Hands|51\/100\n|move|p1a: Gholdengo|Make It Rain|p2b: Urshifu\n|-damage|p2b: Urshifu|0 fnt\n|-unboost|p1a: Gholdengo|spa|1\n|faint|p2b: Urshifu\n|\n|win|TapedCrusader\n|raw|TapedCrusader's rating: 1530 &rarr; <strong>1550<\/strong><br \/>(+20 for winning)\n|raw|Doomguy1016's rating: 1538 &rarr; <strong>1518<\/strong><br \/>(-20 for losing)\n|l|\u2606Doomguy1016\n","uploadtime":1701131625,"views":25,"p1id":"tapedcrusader","p2id":"doomguy1016","formatid":"gen9vgc2023regulatione","rating":1518,"private":0,"password":""}