{"id":"gen9vgc2023regulatione-1991506382","p1":"Astra15","p2":"Storm149","format":"[Gen 9] VGC 2023 Regulation E","log":"|j|\u2606Astra15\n|j|\u2606Storm149\n|t:|1700083192\n|gametype|doubles\n|player|p1|Astra15|hugh|\n|player|p2|Storm149|red|\n|teamsize|p1|6\n|teamsize|p2|6\n|gen|9\n|tier|[Gen 9] VGC 2023 Regulation E\n|rule|Species Clause: Limit one of each Pok\u00e9mon\n|rule|Item Clause: Limit one of each item\n|clearpoke\n|poke|p1|Amoonguss, L50, M|\n|poke|p1|Pelipper, L50, F|\n|poke|p1|Goodra, L50, M|\n|poke|p1|Urshifu-*, L50, M|\n|poke|p1|Mamoswine, L50, M|\n|poke|p1|Pawmot, L50, F|\n|poke|p2|Ursaluna-Bloodmoon, L50, M|\n|poke|p2|Slowbro-Galar, L50, M|\n|poke|p2|Lumineon, L50, M|\n|poke|p2|Foongus, L50, F|\n|poke|p2|Hatterene, L50, F|\n|poke|p2|Glastrier, L50|\n|teampreview|4\nStorm149 rejected open team sheets.\n|\n|t:|1700083209\n|start\n|switch|p1a: Pelipper|Pelipper, L50, F|100\/100\n|switch|p1b: Urshifu|Urshifu-Rapid-Strike, L50, M|100\/100\n|switch|p2a: Dark Magician Girl|Hatterene, L50, F|100\/100\n|switch|p2b: Slowbro|Slowbro-Galar, L50, M|100\/100\n|-weather|RainDance|[from] ability: Drizzle|[of] p1a: Pelipper\n|turn|1\n|\n|t:|1700083228\n|move|p1b: Urshifu|Surging Strikes|p2a: Dark Magician Girl\n|-crit|p2a: Dark Magician Girl\n|-damage|p2a: Dark Magician Girl|58\/100\n|-crit|p2a: Dark Magician Girl\n|-damage|p2a: Dark Magician Girl|18\/100\n|-crit|p2a: Dark Magician Girl\n|-damage|p2a: Dark Magician Girl|0 fnt\n|faint|p2a: Dark Magician Girl\n|-hitcount|p2: Dark Magician Girl|3\n|move|p1a: Pelipper|Weather Ball|p2b: Slowbro\n|-damage|p2b: Slowbro|38\/100\n|move|p2b: Slowbro|Psychic|p1b: Urshifu\n|-supereffective|p1b: Urshifu\n|-damage|p1b: Urshifu|0 fnt\n|faint|p1b: Urshifu\n|\n|-weather|RainDance|[upkeep]\n|upkeep\n|\n|t:|1700083250\n|switch|p1b: Pawmot|Pawmot, L50, F|100\/100\n|switch|p2a: Ursaluna|Ursaluna-Bloodmoon, L50, M|100\/100\n|turn|2\n|-activate|p2b: Slowbro|ability: Quick Draw\n|\n|t:|1700083259\n|-terastallize|p2a: Ursaluna|Poison\n|move|p2b: Slowbro|Psychic|p1b: Pawmot\n|-supereffective|p1b: Pawmot\n|-enditem|p1b: Pawmot|Focus Sash\n|-damage|p1b: Pawmot|1\/100\n|move|p1b: Pawmot|Revival Blessing|p1b: Pawmot\n|\n|t:|1700083266\n|-heal|p1: Urshifu|50\/100|[from] move: Revival Blessing\n|move|p1a: Pelipper|Weather Ball|p2a: Ursaluna\n|-damage|p2a: Ursaluna|47\/100\n|move|p2a: Ursaluna|Hyper Voice|p1a: Pelipper|[spread] p1a,p1b\n|-damage|p1a: Pelipper|41\/100\n|-damage|p1b: Pawmot|0 fnt\n|faint|p1b: Pawmot\n|-enditem|p2a: Ursaluna|Throat Spray\n|-boost|p2a: Ursaluna|spa|1|[from] item: Throat Spray\n|\n|-weather|RainDance|[upkeep]\n|-heal|p1a: Pelipper|47\/100|[from] item: Leftovers\n|upkeep\n|\n|t:|1700083275\n|switch|p1b: Urshifu|Urshifu-Rapid-Strike, L50, M|50\/100\n|turn|3\n|-activate|p2b: Slowbro|ability: Quick Draw\n|\n|t:|1700083285\n|move|p1b: Urshifu|Protect|p1b: Urshifu\n|-singleturn|p1b: Urshifu|Protect\n|move|p2b: Slowbro|Psychic|p1b: Urshifu\n|-activate|p1b: Urshifu|move: Protect\n|move|p1a: Pelipper|Tailwind|p1a: Pelipper\n|-sidestart|p1: Astra15|move: Tailwind\n|move|p2a: Ursaluna|Hyper Voice|p1b: Urshifu|[spread] p1a\n|-activate|p1b: Urshifu|move: Protect\n|-damage|p1a: Pelipper|0 fnt\n|faint|p1a: Pelipper\n|\n|-weather|RainDance|[upkeep]\n|upkeep\n|\n|t:|1700083297\n|switch|p1a: Goodra|Goodra, L50, M|100\/100\n|turn|4\n|-activate|p2b: Slowbro|item: Quick Claw\n|\n|t:|1700083307\n|move|p2b: Slowbro|Psychic|p1b: Urshifu\n|-supereffective|p1b: Urshifu\n|-damage|p1b: Urshifu|0 fnt\n|faint|p1b: Urshifu\n|move|p1a: Goodra|Draco Meteor|p2b: Slowbro\n|-damage|p2b: Slowbro|0 fnt\n|-unboost|p1a: Goodra|spa|2\n|faint|p2b: Slowbro\n|move|p2a: Ursaluna|Blood Moon|p1a: Goodra\n|-damage|p1a: Goodra|52\/100\n|\n|-weather|RainDance|[upkeep]\n|upkeep\n|\n|t:|1700083321\n|switch|p2b: Glastrier|Glastrier, L50|100\/100\n|turn|5\n|\n|t:|1700083339\n|move|p1a: Goodra|Draco Meteor|p2b: Glastrier\n|-damage|p2b: Glastrier|74\/100\n|-unboost|p1a: Goodra|spa|2\n|move|p2a: Ursaluna|Hyper Voice|p1a: Goodra\n|-damage|p1a: Goodra|20\/100\n|move|p2b: Glastrier|Icicle Crash|p1a: Goodra\n|-supereffective|p1a: Goodra\n|-damage|p1a: Goodra|0 fnt\n|faint|p1a: Goodra\n|-damage|p2b: Glastrier|64\/100|[from] item: Life Orb\n|\n|win|Storm149\n","uploadtime":1700083344,"views":13,"p1id":"astra15","p2id":"storm149","formatid":"gen9vgc2023regulatione","rating":0,"private":0,"password":""}