{"id":"gen9vgc2023regulatione-1998084708","p1":"azubbang","p2":"hangentori","format":"[Gen 9] VGC 2023 Regulation E","log":"|j|\u2606azubbang\n|j|\u2606hangentori\n|n|\u2606azubbang|azubbang\n|n|\u2606hangentori|hangentori\n|html|View the match progress at <a href=\"\/game-bestof3-gen9vgc2023regulatione-1998080366\">game-bestof3-gen9vgc2023regulatione-1998080366<\/a>\n|t:|1700888762\n|gametype|doubles\n|player|p1|azubbang|nurse|\n|player|p2|hangentori|101|\n|teamsize|p1|6\n|teamsize|p2|6\n|gen|9\n|tier|[Gen 9] VGC 2023 Regulation E\n|rule|Species Clause: Limit one of each Pok\u00e9mon\n|rule|Item Clause: Limit one of each item\n|clearpoke\n|poke|p1|Thundurus-Therian, L50, M|\n|poke|p1|Heatran, L50, M|\n|poke|p1|Roaring Moon, L50|\n|poke|p1|Ogerpon-Wellspring, L50, F|\n|poke|p1|Weezing, L50, F|\n|poke|p1|Landorus-Therian, L50, M|\n|poke|p2|Weezing, L50, M|\n|poke|p2|Roaring Moon, L50|\n|poke|p2|Chien-Pao, L50|\n|poke|p2|Dragonite, L50, F|\n|poke|p2|Chi-Yu, L50|\n|poke|p2|Flutter Mane, L50|\n|teampreview|4\nazubbang has agreed to open team sheets.\nhangentori has agreed to open team sheets.\n|showteam|p1|Thundurus-Therian||AssaultVest|VoltAbsorb|Thunderbolt,WildboltStorm,GrassKnot,VoltSwitch|||M|||50|,,,,,Steel]Heatran||LifeOrb|FlashFire|Protect,HeatWave,FlashCannon,EarthPower|||M|||50|,,,,,Fairy]Roaring Moon||BoosterEnergy|Protosynthesis|Protect,KnockOff,Acrobatics,Tailwind||||||50|,,,,,Flying]Ogerpon-Wellspring||WellspringMask|WaterAbsorb|SpikyShield,IvyCudgel,HornLeech,SwordsDance|||F|||50|,,,,,Water]Weezing||SitrusBerry|NeutralizingGas|Protect,GunkShot,WillOWisp,Taunt|||F|||50|,,,,,Ghost]Landorus-Therian||ChoiceBand|Intimidate|StompingTantrum,RockTomb,TeraBlast,Uturn|||M|||50|,,,,,Ground\n|showteam|p2|Weezing||Leftovers|NeutralizingGas|Taunt,WillOWisp,Protect,SludgeBomb|||M|||50|,,,,,Ghost]Roaring Moon||BoosterEnergy|Protosynthesis|Tailwind,BreakingSwipe,KnockOff,Protect||||||50|,,,,,Poison]Chien-Pao||FocusSash|SwordofRuin|IcicleCrash,SuckerPunch,Protect,SacredSword||||||50|,,,,,Ghost]Dragonite||ChoiceBand|InnerFocus|ExtremeSpeed,Outrage,IronHead,StompingTantrum|||F|||50|,,,,,Normal]Chi-Yu||ChoiceSpecs|BeadsofRuin|HeatWave,Overheat,DarkPulse,Snarl||||||50|,,,,,Ghost]Flutter Mane||FairyFeather|Protosynthesis|Moonblast,DazzlingGleam,ShadowBall,Protect||||||50|,,,,,Fairy\n|\n|t:|1700888799\n|start\n|switch|p1a: Weezing|Weezing, L50, F|100\/100\n|switch|p1b: Roaring Moon|Roaring Moon, L50|100\/100\n|switch|p2a: Roaring Moon|Roaring Moon, L50|100\/100\n|switch|p2b: Chien-Pao|Chien-Pao, L50|100\/100\n|-ability|p1a: Weezing|Neutralizing Gas\n|-enditem|p1b: Roaring Moon|Booster Energy\n|-activate|p1b: Roaring Moon|ability: Protosynthesis|[fromitem]\n|-start|p1b: Roaring Moon|protosynthesisspe\n|-enditem|p2a: Roaring Moon|Booster Energy\n|-activate|p2a: Roaring Moon|ability: Protosynthesis|[fromitem]\n|-start|p2a: Roaring Moon|protosynthesisspe\n|turn|1\n|\n|t:|1700888828\n|move|p1b: Roaring Moon|Protect|p1b: Roaring Moon\n|-singleturn|p1b: Roaring Moon|Protect\n|move|p2a: Roaring Moon|Tailwind|p2a: Roaring Moon\n|-sidestart|p2: hangentori|move: Tailwind\n|move|p2b: Chien-Pao|Icicle Crash|p1b: Roaring Moon\n|-activate|p1b: Roaring Moon|move: Protect\n|move|p1a: Weezing|Will-O-Wisp|p2b: Chien-Pao\n|-status|p2b: Chien-Pao|brn\n|\n|-damage|p2b: Chien-Pao|95\/100 brn|[from] brn\n|upkeep\n|turn|2\n|\n|t:|1700888862\n|move|p2a: Roaring Moon|Breaking Swipe|p1a: Weezing|[spread] p1a,p1b\n|-supereffective|p1b: Roaring Moon\n|-damage|p1a: Weezing|81\/100\n|-damage|p1b: Roaring Moon|43\/100\n|-unboost|p1a: Weezing|atk|1\n|-unboost|p1b: Roaring Moon|atk|1\n|move|p2b: Chien-Pao|Icicle Crash|p1b: Roaring Moon\n|-supereffective|p1b: Roaring Moon\n|-damage|p1b: Roaring Moon|0 fnt\n|faint|p1b: Roaring Moon\n|-end|p1b: Roaring Moon|Protosynthesis|[silent]\n|move|p1a: Weezing|Will-O-Wisp|p2a: Roaring Moon|[miss]\n|-miss|p1a: Weezing|p2a: Roaring Moon\n|\n|-damage|p2b: Chien-Pao|89\/100 brn|[from] brn\n|upkeep\n|\n|t:|1700888878\n|switch|p1b: Landorus|Landorus-Therian, L50, M|100\/100\n|turn|3\n|\n|t:|1700888904\n|switch|p1b: Heatran|Heatran, L50, M|100\/100\n|move|p2a: Roaring Moon|Knock Off|p1b: Heatran\n|-damage|p1b: Heatran|59\/100\n|-enditem|p1b: Heatran|Life Orb|[from] move: Knock Off|[of] p2a: Roaring Moon\n|move|p2b: Chien-Pao|Icicle Crash|p1b: Heatran\n|-resisted|p1b: Heatran\n|-damage|p1b: Heatran|55\/100\n|move|p1a: Weezing|Will-O-Wisp|p2a: Roaring Moon\n|-status|p2a: Roaring Moon|brn\n|\n|-damage|p2a: Roaring Moon|94\/100 brn|[from] brn\n|-damage|p2b: Chien-Pao|83\/100 brn|[from] brn\n|upkeep\n|turn|4\n|\n|t:|1700888932\n|-terastallize|p1b: Heatran|Fairy\n|move|p2a: Roaring Moon|Protect|p2a: Roaring Moon\n|-singleturn|p2a: Roaring Moon|Protect\n|move|p2b: Chien-Pao|Sacred Sword|p1b: Heatran\n|-resisted|p1b: Heatran\n|-damage|p1b: Heatran|49\/100\n|move|p1b: Heatran|Heat Wave|p2b: Chien-Pao|[spread] p2b\n|-activate|p2a: Roaring Moon|move: Protect\n|-supereffective|p2b: Chien-Pao\n|-damage|p2b: Chien-Pao|0 fnt\n|faint|p2b: Chien-Pao\n|move|p1a: Weezing|Gunk Shot|p2a: Roaring Moon\n|-activate|p2a: Roaring Moon|move: Protect\n|\n|-damage|p2a: Roaring Moon|88\/100 brn|[from] brn\n|-sideend|p2: hangentori|move: Tailwind\n|upkeep\n|\n|t:|1700888948\n|switch|p2b: Dragonite|Dragonite, L50, F|100\/100\n|turn|5\n|\n|t:|1700888963\n|move|p1b: Heatran|Protect|p1b: Heatran\n|-singleturn|p1b: Heatran|Protect\n|move|p2a: Roaring Moon|Tailwind|p2a: Roaring Moon\n|-sidestart|p2: hangentori|move: Tailwind\n|move|p2b: Dragonite|Iron Head|p1b: Heatran\n|-activate|p1b: Heatran|move: Protect\n|move|p1a: Weezing|Will-O-Wisp|p2b: Dragonite\n|-status|p2b: Dragonite|brn\n|\n|-damage|p2a: Roaring Moon|82\/100 brn|[from] brn\n|-damage|p2b: Dragonite|95\/100 brn|[from] brn\n|upkeep\n|turn|6\n|\n|t:|1700888990\n|switch|p1b: Landorus|Landorus-Therian, L50, M|100\/100\n|move|p2a: Roaring Moon|Knock Off|p1a: Weezing\n|-damage|p1a: Weezing|60\/100\n|-enditem|p1a: Weezing|Sitrus Berry|[from] move: Knock Off|[of] p2a: Roaring Moon\n|move|p2b: Dragonite|Iron Head|p1b: Landorus\n|-damage|p1b: Landorus|76\/100\n|move|p1a: Weezing|Gunk Shot|p2b: Dragonite\n|-damage|p2b: Dragonite|69\/100 brn\n|\n|-damage|p2a: Roaring Moon|76\/100 brn|[from] brn\n|-damage|p2b: Dragonite|63\/100 brn|[from] brn\n|upkeep\n|turn|7\n|\n|t:|1700889022\n|move|p2a: Roaring Moon|Breaking Swipe|p1b: Landorus|[spread] p1a,p1b\n|-damage|p1a: Weezing|50\/100\n|-damage|p1b: Landorus|64\/100\n|-unboost|p1a: Weezing|atk|1\n|-unboost|p1b: Landorus|atk|1\n|move|p2b: Dragonite|Iron Head|p1b: Landorus\n|-crit|p1b: Landorus\n|-damage|p1b: Landorus|24\/100\n|move|p1b: Landorus|Rock Tomb|p2b: Dragonite\n|-supereffective|p2b: Dragonite\n|-damage|p2b: Dragonite|16\/100 brn\n|-unboost|p2b: Dragonite|spe|1\n|move|p1a: Weezing|Gunk Shot|p2b: Dragonite\n|-damage|p2b: Dragonite|0 fnt\n|faint|p2b: Dragonite\n|\n|-damage|p2a: Roaring Moon|70\/100 brn|[from] brn\n|upkeep\n|\n|t:|1700889038\n|switch|p2b: Flutter Mane|Flutter Mane, L50|100\/100\n|turn|8\n|\n|t:|1700889075\n|move|p2a: Roaring Moon|Knock Off|p1b: Landorus\n|-damage|p1b: Landorus|0 fnt\n|-enditem|p1b: Landorus|Choice Band|[from] move: Knock Off|[of] p2a: Roaring Moon\n|faint|p1b: Landorus\n|move|p2b: Flutter Mane|Shadow Ball|p1a: Weezing\n|-damage|p1a: Weezing|5\/100\n|move|p1a: Weezing|Gunk Shot|p2b: Flutter Mane|[miss]\n|-miss|p1a: Weezing|p2b: Flutter Mane\n|\n|-damage|p2a: Roaring Moon|63\/100 brn|[from] brn\n|-sideend|p2: hangentori|move: Tailwind\n|upkeep\n|\n|t:|1700889082\n|switch|p1b: Heatran|Heatran, L50, M, tera:Fairy|49\/100\n|turn|9\n|\n|t:|1700889108\n|-terastallize|p2b: Flutter Mane|Fairy\n|move|p1b: Heatran|Protect|p1b: Heatran\n|-singleturn|p1b: Heatran|Protect\n|move|p2a: Roaring Moon|Knock Off|p1b: Heatran\n|-activate|p1b: Heatran|move: Protect\n|move|p2b: Flutter Mane|Moonblast|p1b: Heatran\n|-activate|p1b: Heatran|move: Protect\n|move|p1a: Weezing|Gunk Shot|p2b: Flutter Mane|[miss]\n|-miss|p1a: Weezing|p2b: Flutter Mane\n|\n|-damage|p2a: Roaring Moon|57\/100 brn|[from] brn\n|upkeep\n|turn|10\n|\n|t:|1700889124\n|move|p1b: Heatran|Protect||[still]\n|-fail|p1b: Heatran\n|move|p2a: Roaring Moon|Knock Off|p1b: Heatran\n|-resisted|p1b: Heatran\n|-damage|p1b: Heatran|42\/100\n|move|p2b: Flutter Mane|Moonblast|p1b: Heatran\n|-damage|p1b: Heatran|0 fnt\n|faint|p1b: Heatran\n|move|p1a: Weezing|Gunk Shot|p2b: Flutter Mane\n|-supereffective|p2b: Flutter Mane\n|-damage|p2b: Flutter Mane|27\/100\n|-status|p2b: Flutter Mane|psn\n|\n|-damage|p2b: Flutter Mane|15\/100 psn|[from] psn\n|-damage|p2a: Roaring Moon|51\/100 brn|[from] brn\n|upkeep\n|turn|11\n|\n|t:|1700889141\n|move|p1a: Weezing|Protect|p1a: Weezing\n|-singleturn|p1a: Weezing|Protect\n|move|p2a: Roaring Moon|Knock Off|p1a: Weezing\n|-activate|p1a: Weezing|move: Protect\n|move|p2b: Flutter Mane|Moonblast|p1a: Weezing\n|-activate|p1a: Weezing|move: Protect\n|\n|-damage|p2b: Flutter Mane|3\/100 psn|[from] psn\n|-damage|p2a: Roaring Moon|45\/100 brn|[from] brn\n|upkeep\n|turn|12\n|\n|t:|1700889153\n|move|p1a: Weezing|Protect||[still]\n|-fail|p1a: Weezing\n|move|p2a: Roaring Moon|Knock Off|p1a: Weezing\n|-damage|p1a: Weezing|0 fnt\n|faint|p1a: Weezing\n|-end|p1a: Weezing|ability: Neutralizing Gas\n|\n|win|hangentori\n|c|\u2606azubbang|gg\n|c|\u2606hangentori|gg\n|l|\u2606azubbang\n|j|\u2606azubbang\n|player|p1|azubbang|nurse\n","uploadtime":1700889280,"views":3,"p1id":"azubbang","p2id":"hangentori","formatid":"gen9vgc2023regulatione","rating":0,"private":0,"password":""}