{"id":"gen9vgc2023regulatione-1993310059","p1":"DoggoGGO","p2":"carpe_panem","format":"[Gen 9] VGC 2023 Regulation E","log":"|j|\u2606DoggoGGO\n|j|\u2606carpe_panem\n|t:|1700295444\n|gametype|doubles\n|player|p1|DoggoGGO|pokemonrangerf|1102\n|player|p2|carpe_panem|101|1151\n|teamsize|p1|6\n|teamsize|p2|6\n|gen|9\n|tier|[Gen 9] VGC 2023 Regulation E\n|rated|\n|rule|Species Clause: Limit one of each Pok\u00e9mon\n|rule|Item Clause: Limit one of each item\n|clearpoke\n|poke|p1|Sinistcha-Masterpiece, L50|\n|poke|p1|Clefairy, L50, F|\n|poke|p1|Ogerpon-Wellspring, L50, F|\n|poke|p1|Arcanine-Hisui, L50, M|\n|poke|p1|Iron Hands, L50|\n|poke|p1|Chi-Yu, L50|\n|poke|p2|Torterra, L50, M|\n|poke|p2|Grimmsnarl, L50, M|\n|poke|p2|Urshifu-*, L50, M|\n|poke|p2|Cresselia, L50, F|\n|poke|p2|Ursaluna-Bloodmoon, L50, M|\n|poke|p2|Sinistcha, L50|\n|teampreview|4\n|\n|t:|1700295479\n|start\n|switch|p1a: The Tea Sis|Sinistcha-Masterpiece, L50|100\/100\n|switch|p1b: Pipii|Clefairy, L50, F|100\/100\n|switch|p2a: Torterra|Torterra, L50, M|100\/100\n|switch|p2b: Grimmsnarl|Grimmsnarl, L50, M|100\/100\n|turn|1\n|\n|t:|1700295493\n|move|p1b: Pipii|Follow Me|p1b: Pipii\n|-singleturn|p1b: Pipii|move: Follow Me\n|move|p2b: Grimmsnarl|Light Screen|p2b: Grimmsnarl\n|-sidestart|p2: carpe_panem|move: Light Screen\n|move|p1a: The Tea Sis|Nasty Plot|p1a: The Tea Sis\n|-boost|p1a: The Tea Sis|spa|2\n|move|p2a: Torterra|Iron Defense|p2a: Torterra\n|-boost|p2a: Torterra|def|2\n|\n|upkeep\n|turn|2\n|\n|t:|1700295508\n|move|p1b: Pipii|Follow Me|p1b: Pipii\n|-singleturn|p1b: Pipii|move: Follow Me\n|move|p2b: Grimmsnarl|Reflect|p2b: Grimmsnarl\n|-sidestart|p2: carpe_panem|Reflect\n|move|p1a: The Tea Sis|Nasty Plot|p1a: The Tea Sis\n|-boost|p1a: The Tea Sis|spa|2\n|move|p2a: Torterra|Amnesia|p2a: Torterra\n|-boost|p2a: Torterra|spd|2\n|\n|upkeep\n|turn|3\n|\n|t:|1700295529\n|-terastallize|p1a: The Tea Sis|Grass\n|move|p1b: Pipii|Helping Hand|p1a: The Tea Sis\n|-singleturn|p1a: The Tea Sis|Helping Hand|[of] p1b: Pipii\n|move|p2b: Grimmsnarl|Parting Shot|p1a: The Tea Sis\n|-unboost|p1a: The Tea Sis|atk|1\n|-unboost|p1a: The Tea Sis|spa|1\n|\n|t:|1700295538\n|switch|p2b: Sinistcha|Sinistcha, L50|100\/100|[from] Parting Shot\n|move|p1a: The Tea Sis|Matcha Gotcha|p2b: Sinistcha|[spread] p2a,p2b\n|-resisted|p2b: Sinistcha\n|-damage|p2a: Torterra|51\/100\n|-damage|p2b: Sinistcha|45\/100\n|-status|p2a: Torterra|brn\n|move|p2a: Torterra|Iron Defense|p2a: Torterra\n|-boost|p2a: Torterra|def|2\n|\n|-damage|p2a: Torterra|45\/100 brn|[from] brn\n|upkeep\n|-enditem|p2a: Torterra|Sitrus Berry|[eat]\n|-heal|p2a: Torterra|70\/100 brn|[from] item: Sitrus Berry\n|turn|4\n|\n|t:|1700295607\n|move|p1b: Pipii|Helping Hand|p1a: The Tea Sis\n|-singleturn|p1a: The Tea Sis|Helping Hand|[of] p1b: Pipii\n|move|p2b: Sinistcha|Life Dew|p2b: Sinistcha|[spread] p2a,p2b\n|-heal|p2a: Torterra|95\/100 brn\n|-heal|p2b: Sinistcha|70\/100\n|move|p1a: The Tea Sis|Matcha Gotcha|p2b: Sinistcha|[spread] p2a,p2b\n|-resisted|p2b: Sinistcha\n|-damage|p2a: Torterra|50\/100 brn\n|-damage|p2b: Sinistcha|19\/100\n|-enditem|p2b: Sinistcha|Wiki Berry|[eat]\n|-heal|p2b: Sinistcha|52\/100|[from] item: Wiki Berry\n|move|p2a: Torterra|Iron Defense|p2a: Torterra\n|-boost|p2a: Torterra|def|2\n|\n|-damage|p2a: Torterra|44\/100 brn|[from] brn\n|upkeep\n|turn|5\n|\n|t:|1700295632\n|move|p1b: Pipii|Helping Hand|p1a: The Tea Sis\n|-singleturn|p1a: The Tea Sis|Helping Hand|[of] p1b: Pipii\n|move|p1a: The Tea Sis|Matcha Gotcha|p2a: Torterra|[spread] p2a,p2b\n|-resisted|p2b: Sinistcha\n|-damage|p2a: Torterra|0 fnt\n|-damage|p2b: Sinistcha|4\/100\n|-status|p2b: Sinistcha|brn\n|faint|p2a: Torterra\n|move|p2b: Sinistcha|Life Dew|p2b: Sinistcha\n|-heal|p2b: Sinistcha|29\/100 brn\n|\n|-damage|p2b: Sinistcha|23\/100 brn|[from] brn\n|upkeep\n|\n|t:|1700295646\n|switch|p2a: Ursaluna|Ursaluna-Bloodmoon, L50, M|100\/100\n|turn|6\n|\n|t:|1700295656\n|-terastallize|p2a: Ursaluna|Grass\n|move|p1b: Pipii|Follow Me|p1b: Pipii\n|-singleturn|p1b: Pipii|move: Follow Me\n|move|p1a: The Tea Sis|Matcha Gotcha|p2b: Sinistcha|[spread] p2a,p2b\n|-resisted|p2a: Ursaluna\n|-resisted|p2b: Sinistcha\n|-damage|p2a: Ursaluna|61\/100\n|-damage|p2b: Sinistcha|0 fnt\n|faint|p2b: Sinistcha\n|move|p2a: Ursaluna|Blood Moon|p1b: Pipii\n|-damage|p1b: Pipii|20\/100\n|-damage|p2a: Ursaluna|51\/100|[from] item: Life Orb\n|\n|upkeep\n|\n|t:|1700295679\n|switch|p2b: Grimmsnarl|Grimmsnarl, L50, M|100\/100\n|turn|7\n|\n|t:|1700295689\n|move|p1b: Pipii|Follow Me|p1b: Pipii\n|-singleturn|p1b: Pipii|move: Follow Me\n|move|p2b: Grimmsnarl|Parting Shot|p1b: Pipii\n|-unboost|p1b: Pipii|atk|1\n|-unboost|p1b: Pipii|spa|1\n|move|p1a: The Tea Sis|Matcha Gotcha|p2b: Grimmsnarl|[spread] p2b\n|-miss|p1a: The Tea Sis|p2a: Ursaluna\n|-damage|p2b: Grimmsnarl|34\/100\n|move|p2a: Ursaluna|Hyper Voice|p1a: The Tea Sis|[spread] p1a,p1b\n|-damage|p1a: The Tea Sis|44\/100\n|-damage|p1b: Pipii|0 fnt\n|faint|p1b: Pipii\n|-damage|p2a: Ursaluna|42\/100|[from] item: Life Orb\n|\n|upkeep\n|\n|t:|1700295708\n|switch|p1b: OU|Ogerpon-Wellspring, L50, F|100\/100\n|turn|8\n|\n|t:|1700295715\n|move|p1b: OU|Follow Me|p1b: OU\n|-singleturn|p1b: OU|move: Follow Me\n|move|p2b: Grimmsnarl|Parting Shot|p1b: OU\n|-unboost|p1b: OU|atk|1\n|-unboost|p1b: OU|spa|1\n|move|p1a: The Tea Sis|Matcha Gotcha|p2a: Ursaluna|[spread] p2a,p2b\n|-resisted|p2a: Ursaluna\n|-damage|p2a: Ursaluna|2\/100\n|-heal|p1a: The Tea Sis|68\/100|[from] drain|[of] p2a: Ursaluna\n|-damage|p2b: Grimmsnarl|0 fnt\n|-heal|p1a: The Tea Sis|87\/100|[from] drain|[of] p2b: Grimmsnarl\n|faint|p2b: Grimmsnarl\n|move|p2a: Ursaluna|Blood Moon|p1b: OU\n|-damage|p1b: OU|0 fnt\n|faint|p1b: OU\n|-damage|p2a: Ursaluna|0 fnt|[from] item: Life Orb\n|faint|p2a: Ursaluna\n|\n|win|DoggoGGO\n|raw|DoggoGGO's rating: 1102 &rarr; <strong>1131<\/strong><br \/>(+29 for winning)\n|raw|carpe_panem's rating: 1151 &rarr; <strong>1122<\/strong><br \/>(-29 for losing)\n|l|\u2606carpe_panem\n","uploadtime":1700295737,"views":7,"p1id":"doggoggo","p2id":"carpepanem","formatid":"gen9vgc2023regulatione","rating":1122,"private":0,"password":""}