{"id":"gen9vgc2023regulatione-1999977809","p1":"PsychoR&R","p2":"AWOLxSick","format":"[Gen 9] VGC 2023 Regulation E","log":"|j|\u2606PsychoR&R\n|j|\u2606AWOLxSick\n|t:|1701136892\n|gametype|doubles\n|player|p1|PsychoR&R|170|1621\n|player|p2|AWOLxSick|biker|1509\n|teamsize|p1|6\n|teamsize|p2|6\n|gen|9\n|tier|[Gen 9] VGC 2023 Regulation E\n|rated|\n|rule|Species Clause: Limit one of each Pok\u00e9mon\n|rule|Item Clause: Limit one of each item\n|clearpoke\n|poke|p1|Roaring Moon, L50|\n|poke|p1|Weezing, L50, F|\n|poke|p1|Arcanine-Hisui, L50, M|\n|poke|p1|Gholdengo, L50|\n|poke|p1|Urshifu-*, L50, F|\n|poke|p1|Brambleghast, L50, M|\n|poke|p2|Moltres-Galar, L50|\n|poke|p2|Arcanine-Hisui, L50, M|\n|poke|p2|Munkidori, L50, M|\n|poke|p2|Iron Hands, L50|\n|poke|p2|Ninetales-Alola, L50, F|\n|poke|p2|Ogerpon-Wellspring, L50, F|\n|teampreview|4\n|inactive|Battle timer is ON: inactive players will automatically lose when time's up. (requested by AWOLxSick)\nPsychoR&R has agreed to open team sheets.\n|inactive|AWOLxSick has 60 seconds left.\n|\n|t:|1701136939\n|start\n|switch|p1a: Roaring Moon|Roaring Moon, L50|100\/100\n|switch|p1b: Weezing|Weezing, L50, F|100\/100\n|switch|p2a: Munkidori|Munkidori, L50, M|100\/100\n|switch|p2b: Ninetales|Ninetales-Alola, L50, F|100\/100\n|-ability|p1b: Weezing|Neutralizing Gas\n|-enditem|p1a: Roaring Moon|Booster Energy\n|-activate|p1a: Roaring Moon|ability: Protosynthesis|[fromitem]\n|-start|p1a: Roaring Moon|protosynthesisspe\n|turn|1\n|\n|t:|1701136962\n|-terastallize|p1b: Weezing|Ghost\n|move|p1a: Roaring Moon|Protect|p1a: Roaring Moon\n|-singleturn|p1a: Roaring Moon|Protect\n|move|p2b: Ninetales|Icy Wind|p1a: Roaring Moon|[spread] p1b\n|-activate|p1a: Roaring Moon|move: Protect\n|-damage|p1b: Weezing|86\/100\n|-unboost|p1b: Weezing|spe|1\n|move|p2a: Munkidori|Psyshock|p1b: Weezing\n|-damage|p1b: Weezing|49\/100\n|-enditem|p1b: Weezing|Sitrus Berry|[eat]\n|-heal|p1b: Weezing|74\/100|[from] item: Sitrus Berry\n|move|p1b: Weezing|Gunk Shot|p2b: Ninetales\n|-supereffective|p2b: Ninetales\n|-damage|p2b: Ninetales|9\/100\n|\n|upkeep\n|turn|2\n|inactive|AWOLxSick has 30 seconds left.\n|\n|t:|1701136989\n|-end|p1b: Weezing|ability: Neutralizing Gas\n|-weather|Snow|[from] ability: Snow Warning|[of] p2b: Ninetales\n|switch|p1b: Arcanine|Arcanine-Hisui, L50, M|100\/100\n|-ability|p1b: Arcanine|Intimidate|boost\n|-unboost|p2a: Munkidori|atk|1\n|-unboost|p2b: Ninetales|atk|1\n|move|p1a: Roaring Moon|Knock Off|p2a: Munkidori\n|-supereffective|p2a: Munkidori\n|-enditem|p2a: Munkidori|Focus Sash\n|-damage|p2a: Munkidori|1\/100\n|move|p2b: Ninetales|Icy Wind|p1b: Arcanine|[spread] p1a,p1b\n|-supereffective|p1a: Roaring Moon\n|-resisted|p1b: Arcanine\n|-damage|p1a: Roaring Moon|79\/100\n|-damage|p1b: Arcanine|94\/100\n|-unboost|p1a: Roaring Moon|spe|1\n|-unboost|p1b: Arcanine|spe|1\n|move|p2a: Munkidori|Sludge Bomb|p1b: Arcanine\n|-resisted|p1b: Arcanine\n|-damage|p1b: Arcanine|66\/100\n|\n|-weather|Snow|[upkeep]\n|upkeep\n|turn|3\n|inactive|AWOLxSick has 30 seconds left.\n|\n|t:|1701137024\n|move|p2b: Ninetales|Icy Wind|p1a: Roaring Moon|[spread] p1b\n|-miss|p2b: Ninetales|p1a: Roaring Moon\n|-resisted|p1b: Arcanine\n|-damage|p1b: Arcanine|59\/100\n|-unboost|p1b: Arcanine|spe|1\n|move|p1a: Roaring Moon|Tailwind|p1a: Roaring Moon\n|-sidestart|p1: PsychoR&R|move: Tailwind\n|move|p2a: Munkidori|Parting Shot|p1b: Arcanine\n|-unboost|p1b: Arcanine|atk|1\n|-unboost|p1b: Arcanine|spa|1\n|j| 5Sscreen\n|\n|t:|1701137039\n|switch|p2a: Arcanine|Arcanine-Hisui, L50, M|100\/100|[from] Parting Shot\n|-ability|p2a: Arcanine|Intimidate|boost\n|-unboost|p1a: Roaring Moon|atk|1\n|-unboost|p1b: Arcanine|atk|1\n|move|p1b: Arcanine|Rock Slide|p2a: Arcanine|[spread] p2a,p2b\n|-supereffective|p2a: Arcanine\n|-supereffective|p2b: Ninetales\n|-damage|p2a: Arcanine|50\/100\n|-damage|p2b: Ninetales|0 fnt\n|faint|p2b: Ninetales\n|\n|-weather|Snow|[upkeep]\n|upkeep\n|\n|t:|1701137057\n|switch|p2b: Munkidori|Munkidori, L50, M|1\/100\n|-item|p1b: Arcanine|Choice Band|[from] ability: Frisk|[of] p2b: Munkidori|[identify]\n|turn|4\n|\n|t:|1701137066\n|switch|p1b: Weezing|Weezing, L50, F, tera:Ghost|74\/100\n|-ability|p1b: Weezing|Neutralizing Gas\n|-terastallize|p2a: Arcanine|Fairy\n|move|p2b: Munkidori|Fake Out|p1a: Roaring Moon\n|-damage|p1a: Roaring Moon|71\/100\n|cant|p1a: Roaring Moon|flinch\n|move|p2a: Arcanine|Rock Slide|p1a: Roaring Moon|[spread] p1a,p1b\n|-damage|p1a: Roaring Moon|22\/100\n|-damage|p1b: Weezing|36\/100\n|\n|-weather|Snow|[upkeep]\n|upkeep\n|turn|5\n|\n|t:|1701137088\n|move|p1a: Roaring Moon|Knock Off|p2b: Munkidori\n|-supereffective|p2b: Munkidori\n|-damage|p2b: Munkidori|0 fnt\n|faint|p2b: Munkidori\n|move|p1b: Weezing|Gunk Shot|p2a: Arcanine\n|-supereffective|p2a: Arcanine\n|-damage|p2a: Arcanine|0 fnt\n|faint|p2a: Arcanine\n|\n|-weather|Snow|[upkeep]\n|upkeep\n|\n|t:|1701137094\n|switch|p2b: Moltres|Moltres-Galar, L50|100\/100\n|turn|6\n|\n|t:|1701137103\n|move|p1a: Roaring Moon|Knock Off|p2b: Moltres\n|-resisted|p2b: Moltres\n|-damage|p2b: Moltres|84\/100\n|-enditem|p2b: Moltres|Sitrus Berry|[from] move: Knock Off|[of] p1a: Roaring Moon\n|move|p1b: Weezing|Taunt|p2b: Moltres\n|-start|p2b: Moltres|move: Taunt\n|cant|p2b: Moltres|move: Taunt|Nasty Plot\n|\n|-weather|none\n|-sideend|p1: PsychoR&R|move: Tailwind\n|upkeep\n|turn|7\n|\n|t:|1701137113\n|move|p1a: Roaring Moon|Tailwind|p1a: Roaring Moon\n|-sidestart|p1: PsychoR&R|move: Tailwind\n|move|p1b: Weezing|Will-O-Wisp|p2b: Moltres\n|-status|p2b: Moltres|brn\n|move|p2b: Moltres|Fiery Wrath|p1b: Weezing|[spread] p1a,p1b\n|-resisted|p1a: Roaring Moon\n|-supereffective|p1b: Weezing\n|-damage|p1a: Roaring Moon|7\/100\n|-damage|p1b: Weezing|0 fnt\n|faint|p1b: Weezing\n|-end|p1b: Weezing|ability: Neutralizing Gas\n|\n|-damage|p2b: Moltres|78\/100 brn|[from] brn\n|upkeep\n|\n|t:|1701137124\n|switch|p1b: Arcanine|Arcanine-Hisui, L50, M|59\/100\n|-ability|p1b: Arcanine|Intimidate|boost\n|-unboost|p2b: Moltres|atk|1\n|turn|8\n|\n|t:|1701137132\n|move|p1a: Roaring Moon|Breaking Swipe|p2b: Moltres\n|-damage|p2b: Moltres|59\/100 brn\n|-unboost|p2b: Moltres|atk|1\n|move|p1b: Arcanine|Rock Slide|p2b: Moltres\n|-supereffective|p2b: Moltres\n|-damage|p2b: Moltres|0 fnt\n|faint|p2b: Moltres\n|\n|win|PsychoR&R\n|raw|PsychoR&amp;R's rating: 1621 &rarr; <strong>1635<\/strong><br \/>(+14 for winning)\n|raw|AWOLxSick's rating: 1509 &rarr; <strong>1495<\/strong><br \/>(-14 for losing)\n|l|\u2606AWOLxSick\n|l|\u2606PsychoR&R\n","uploadtime":1701137234,"views":17,"p1id":"psychorr","p2id":"awolxsick","formatid":"gen9vgc2023regulatione","rating":1495,"private":0,"password":""}