{"id":"gen9vgc2023regulatione-1994205585","p1":"SquidBox","p2":"hunter16k","format":"[Gen 9] VGC 2023 Regulation E","log":"|j|\u2606SquidBox\n|j|\u2606hunter16k\n|t:|1700418757\n|gametype|doubles\n|player|p1|SquidBox|cyrus|\n|player|p2|hunter16k|skyla|\n|teamsize|p1|6\n|teamsize|p2|6\n|gen|9\n|tier|[Gen 9] VGC 2023 Regulation E\n|rule|Species Clause: Limit one of each Pok\u00e9mon\n|rule|Item Clause: Limit one of each item\n|clearpoke\n|poke|p1|Mudsdale, L50, M|\n|poke|p1|Ogerpon-Hearthflame, L50, F|\n|poke|p1|Qwilfish-Hisui, L50, M|\n|poke|p1|Talonflame, L50, F|\n|poke|p1|Walking Wake, L50|\n|poke|p1|Flutter Mane, L50|\n|poke|p2|Arcanine, L50, M|\n|poke|p2|Dragonite, L50, M|\n|poke|p2|Scizor, L50, M|\n|poke|p2|Milotic, L50, M|\n|poke|p2|Regieleki, L50|\n|poke|p2|Mesprit, L50|\n|teampreview|4\n|inactive|Battle timer is ON: inactive players will automatically lose when time's up. (requested by SquidBox)\nSquidBox rejected open team sheets.\n|inactive|SquidBox has 60 seconds left.\n|inactive|SquidBox has 30 seconds left.\n|\n|t:|1700418822\n|start\n|switch|p1a: Mudsdale|Mudsdale, L50, M|100\/100\n|switch|p1b: Qwilfish|Qwilfish-Hisui, L50, M|100\/100\n|switch|p2a: Arcanine|Arcanine, L50, M|100\/100\n|switch|p2b: Dragonite|Dragonite, L50, M|100\/100\n|-ability|p2a: Arcanine|Intimidate|boost\n|-fail|p1a: Mudsdale|unboost|Attack|[from] ability: Own Tempo|[of] p1a: Mudsdale\n|-unboost|p1b: Qwilfish|atk|1\n|-ability|p1b: Qwilfish|Intimidate|boost\n|-unboost|p2a: Arcanine|atk|1\n|-unboost|p2b: Dragonite|atk|1\n|turn|1\n|inactive|SquidBox has 30 seconds left.\n|inactive|hunter16k has 30 seconds left.\n|inactive|hunter16k has 20 seconds left.\n|inactive|hunter16k has 15 seconds left.\n|inactive|hunter16k has 10 seconds left.\n|\n|t:|1700418872\n|switch|p2b: Milotic|Milotic, L50, M|100\/100\n|move|p2a: Arcanine|Will-O-Wisp|p1b: Qwilfish\n|-status|p1b: Qwilfish|brn\n|move|p1b: Qwilfish|Gunk Shot|p2b: Milotic|[miss]\n|-miss|p1b: Qwilfish|p2b: Milotic\n|move|p1a: Mudsdale|Rock Slide|p2b: Milotic|[spread] p2a,p2b\n|-supereffective|p2a: Arcanine\n|-damage|p2a: Arcanine|53\/100\n|-damage|p2b: Milotic|82\/100\n|\n|-heal|p2b: Milotic|88\/100|[from] item: Leftovers\n|-damage|p1b: Qwilfish|95\/100 brn|[from] brn\n|upkeep\n|turn|2\n|inactive|SquidBox has 30 seconds left.\n|inactive|hunter16k has 30 seconds left.\n|inactive|SquidBox has 20 seconds left.\n|inactive|SquidBox has 15 seconds left.\n|\n|t:|1700418915\n|switch|p1b: Ogerpon|Ogerpon-Hearthflame, L50, F|100\/100\n|-ability|p1b: Ogerpon|Mold Breaker\n|-terastallize|p1a: Mudsdale|Ice\n|move|p2a: Arcanine|Protect|p2a: Arcanine\n|-singleturn|p2a: Arcanine|Protect\n|move|p2b: Milotic|Scald|p1a: Mudsdale\n|-damage|p1a: Mudsdale|83\/100\n|move|p1a: Mudsdale|High Horsepower|p2a: Arcanine\n|-activate|p2a: Arcanine|move: Protect\n|\n|-heal|p2b: Milotic|94\/100|[from] item: Leftovers\n|upkeep\n|turn|3\n|inactive|SquidBox has 30 seconds left.\n|inactive|hunter16k has 30 seconds left.\n|inactive|hunter16k has 20 seconds left.\n|inactive|SquidBox has 20 seconds left.\n|inactive|hunter16k has 15 seconds left.\n|inactive|hunter16k has 10 seconds left.\n|\n|t:|1700418962\n|switch|p2a: Scizor|Scizor, L50, M|100\/100\n|switch|p1a: Qwilfish|Qwilfish-Hisui, L50, M|95\/100 brn\n|-ability|p1a: Qwilfish|Intimidate|boost\n|-unboost|p2a: Scizor|atk|1\n|-unboost|p2b: Milotic|atk|1\n|-terastallize|p2b: Milotic|Dragon\n|move|p1b: Ogerpon|Horn Leech|p2b: Milotic\n|-resisted|p2b: Milotic\n|-damage|p2b: Milotic|74\/100\n|move|p2b: Milotic|Recover|p2b: Milotic\n|-heal|p2b: Milotic|100\/100\n|\n|-damage|p1a: Qwilfish|89\/100 brn|[from] brn\n|upkeep\n|turn|4\n|inactive|SquidBox has 30 seconds left.\n|inactive|hunter16k has 30 seconds left.\n|inactive|SquidBox has 20 seconds left.\n|inactive|hunter16k has 20 seconds left.\n|inactive|SquidBox has 15 seconds left.\n|\n|t:|1700419003\n|switch|p1a: Mudsdale|Mudsdale, L50, M, tera:Ice|83\/100\n|switch|p2a: Dragonite|Dragonite, L50, M|100\/100\n|move|p2b: Milotic|Protect|p2b: Milotic\n|-singleturn|p2b: Milotic|Protect\n|move|p1b: Ogerpon|Ivy Cudgel|p2a: Dragonite|[anim] Ivy Cudgel Fire\n|-resisted|p2a: Dragonite\n|-damage|p2a: Dragonite|71\/100\n|\n|upkeep\n|turn|5\n|\n|t:|1700419031\n|move|p2b: Milotic|Helping Hand|p2a: Dragonite\n|-singleturn|p2a: Dragonite|Helping Hand|[of] p2b: Milotic\n|move|p1b: Ogerpon|Knock Off|p2b: Milotic\n|-damage|p2b: Milotic|70\/100\n|-enditem|p2b: Milotic|Leftovers|[from] move: Knock Off|[of] p1b: Ogerpon\n|move|p2a: Dragonite|Iron Head|p1a: Mudsdale\n|-supereffective|p1a: Mudsdale\n|-damage|p1a: Mudsdale|0 fnt\n|faint|p1a: Mudsdale\n|\n|upkeep\n|\n|t:|1700419045\n|switch|p1a: Flutter Mane|Flutter Mane, L50|100\/100\n|turn|6\n|\n|t:|1700419062\n|switch|p2a: Arcanine|Arcanine, L50, M|53\/100\n|-ability|p2a: Arcanine|Intimidate|boost\n|-unboost|p1a: Flutter Mane|atk|1\n|-unboost|p1b: Ogerpon|atk|1\n|move|p2b: Milotic|Protect|p2b: Milotic\n|-singleturn|p2b: Milotic|Protect\n|move|p1a: Flutter Mane|Dazzling Gleam|p2b: Milotic|[spread] p2a\n|-activate|p2b: Milotic|move: Protect\n|-resisted|p2a: Arcanine\n|-damage|p2a: Arcanine|30\/100\n|-enditem|p2a: Arcanine|Sitrus Berry|[eat]\n|-heal|p2a: Arcanine|55\/100|[from] item: Sitrus Berry\n|move|p1b: Ogerpon|Knock Off|p2a: Arcanine\n|-damage|p2a: Arcanine|37\/100\n|\n|upkeep\n|turn|7\n|inactive|SquidBox has 30 seconds left.\n|inactive|hunter16k has 30 seconds left.\n|inactive|hunter16k has 20 seconds left.\n|inactive|hunter16k has 15 seconds left.\n|inactive|hunter16k has 10 seconds left.\n|\n|t:|1700419110\n|move|p2a: Arcanine|Protect|p2a: Arcanine\n|-singleturn|p2a: Arcanine|Protect\n|move|p1a: Flutter Mane|Dazzling Gleam|p2a: Arcanine|[spread] p2b\n|-activate|p2a: Arcanine|move: Protect\n|-supereffective|p2b: Milotic\n|-damage|p2b: Milotic|3\/100\n|move|p1b: Ogerpon|Ivy Cudgel|p2b: Milotic|[anim] Ivy Cudgel Fire\n|-resisted|p2b: Milotic\n|-damage|p2b: Milotic|0 fnt\n|faint|p2b: Milotic\n|\n|upkeep\n|\n|t:|1700419122\n|switch|p2b: Scizor|Scizor, L50, M|100\/100\n|turn|8\n|inactive|hunter16k has 30 seconds left.\n|inactive|hunter16k has 20 seconds left.\n|\n|t:|1700419159\n|-end|p1a: Flutter Mane|Protosynthesis|[silent]\n|switch|p1a: Qwilfish|Qwilfish-Hisui, L50, M|89\/100 brn\n|-ability|p1a: Qwilfish|Intimidate|boost\n|-unboost|p2a: Arcanine|atk|1\n|-unboost|p2b: Scizor|atk|1\n|switch|p2a: Dragonite|Dragonite, L50, M|71\/100\n|move|p2b: Scizor|Bullet Punch|p1a: Qwilfish\n|-damage|p1a: Qwilfish|66\/100 brn\n|move|p1b: Ogerpon|Ivy Cudgel|p2b: Scizor|[anim] Ivy Cudgel Fire\n|-supereffective|p2b: Scizor\n|-damage|p2b: Scizor|0 fnt\n|faint|p2b: Scizor\n|\n|-damage|p1a: Qwilfish|60\/100 brn|[from] brn\n|upkeep\n|\n|t:|1700419173\n|switch|p2b: Arcanine|Arcanine, L50, M|37\/100\n|-ability|p2b: Arcanine|Intimidate|boost\n|-unboost|p1a: Qwilfish|atk|1\n|-unboost|p1b: Ogerpon|atk|1\n|turn|9\n|\n|t:|1700419196\n|move|p2b: Arcanine|Extreme Speed|p1a: Qwilfish\n|-damage|p1a: Qwilfish|41\/100 brn\n|move|p1b: Ogerpon|Knock Off|p2a: Dragonite\n|-damage|p2a: Dragonite|53\/100\n|-enditem|p2a: Dragonite|Assault Vest|[from] move: Knock Off|[of] p1b: Ogerpon\n|move|p1a: Qwilfish|Crunch|p2b: Arcanine\n|-crit|p2b: Arcanine\n|-damage|p2b: Arcanine|14\/100\n|move|p2a: Dragonite|Iron Head|p1b: Ogerpon\n|-resisted|p1b: Ogerpon\n|-damage|p1b: Ogerpon|82\/100\n|\n|-damage|p1a: Qwilfish|35\/100 brn|[from] brn\n|upkeep\n|turn|10\n|\n|t:|1700419219\n|move|p2b: Arcanine|Protect|p2b: Arcanine\n|-singleturn|p2b: Arcanine|Protect\n|move|p1b: Ogerpon|Horn Leech|p2a: Dragonite\n|-resisted|p2a: Dragonite\n|-damage|p2a: Dragonite|48\/100\n|-heal|p1b: Ogerpon|85\/100|[from] drain|[of] p2a: Dragonite\n|move|p1a: Qwilfish|Crunch|p2b: Arcanine\n|-activate|p2b: Arcanine|move: Protect\n|move|p2a: Dragonite|Aerial Ace|p1b: Ogerpon\n|-supereffective|p1b: Ogerpon\n|-damage|p1b: Ogerpon|0 fnt\n|faint|p1b: Ogerpon\n|\n|-damage|p1a: Qwilfish|29\/100 brn|[from] brn\n|upkeep\n|\n|t:|1700419229\n|switch|p1b: Flutter Mane|Flutter Mane, L50|100\/100\n|turn|11\n|inactive|hunter16k has 30 seconds left.\n|\n|t:|1700419260\n|move|p2b: Arcanine|Helping Hand|p2a: Dragonite\n|-singleturn|p2a: Dragonite|Helping Hand|[of] p2b: Arcanine\n|move|p1b: Flutter Mane|Dazzling Gleam|p2a: Dragonite|[spread] p2a,p2b\n|-supereffective|p2a: Dragonite\n|-resisted|p2b: Arcanine\n|-damage|p2a: Dragonite|0 fnt\n|-damage|p2b: Arcanine|0 fnt\n|faint|p2a: Dragonite\n|faint|p2b: Arcanine\n|\n|win|SquidBox\n|l|\u2606hunter16k\n","uploadtime":1700419311,"views":13,"p1id":"squidbox","p2id":"hunter16k","formatid":"gen9vgc2023regulatione","rating":0,"private":0,"password":""}