{"id":"gen9vgc2023regulatione-1998552266","p1":"stuboiiiii","p2":"Hilariousname","format":"[Gen 9] VGC 2023 Regulation E","log":"|j|\u2606stuboiiiii\n|j|\u2606Hilariousname\n|t:|1700955435\n|gametype|doubles\n|player|p1|stuboiiiii|2|1169\n|player|p2|Hilariousname|clown|1138\n|teamsize|p1|6\n|teamsize|p2|6\n|gen|9\n|tier|[Gen 9] VGC 2023 Regulation E\n|rated|\n|rule|Species Clause: Limit one of each Pok\u00e9mon\n|rule|Item Clause: Limit one of each item\n|clearpoke\n|poke|p1|Gothitelle, L50, F|\n|poke|p1|Scream Tail, L50|\n|poke|p1|Flutter Mane, L50|\n|poke|p1|Rillaboom, L50, M|\n|poke|p1|Amoonguss, L50, F|\n|poke|p1|Chi-Yu, L50|\n|poke|p2|Cetitan, L50, F|\n|poke|p2|Ninetales-Alola, L50, F|\n|poke|p2|Sinistcha, L50|\n|poke|p2|Gholdengo, L50|\n|poke|p2|Iron Bundle, L50|\n|poke|p2|Gyarados, L50, F|\n|teampreview|4\n|inactive|Battle timer is ON: inactive players will automatically lose when time's up. (requested by Hilariousname)\n|inactive|stuboiiiii has 60 seconds left.\nHilariousname rejected open team sheets.\n|inactive|stuboiiiii has 30 seconds left.\n|inactive|stuboiiiii has 20 seconds left.\n|inactive|stuboiiiii has 15 seconds left.\n|\n|t:|1700955512\n|start\n|switch|p1a: Chi-Yu|Chi-Yu, L50|100\/100\n|switch|p1b: Flutter Mane|Flutter Mane, L50, shiny|100\/100\n|switch|p2a: Ninetales|Ninetales-Alola, L50, F, shiny|100\/100\n|switch|p2b: Gholdengo|Gholdengo, L50|100\/100\n|-weather|Snow|[from] ability: Snow Warning|[of] p2a: Ninetales\n|-ability|p1a: Chi-Yu|Beads of Ruin\n|turn|1\n|inactive|stuboiiiii has 30 seconds left.\n|inactive|stuboiiiii has 20 seconds left.\n|inactive|Hilariousname has 30 seconds left.\n|inactive|stuboiiiii has 15 seconds left.\n|\n|t:|1700955553\n|-terastallize|p2a: Ninetales|Fire\n|move|p1b: Flutter Mane|Protect|p1b: Flutter Mane\n|-singleturn|p1b: Flutter Mane|Protect\n|move|p2b: Gholdengo|Make It Rain|p1a: Chi-Yu|[spread] p1a\n|-activate|p1b: Flutter Mane|move: Protect\n|-resisted|p1a: Chi-Yu\n|-damage|p1a: Chi-Yu|79\/100\n|-unboost|p2b: Gholdengo|spa|1\n|move|p2a: Ninetales|Aurora Veil|p2a: Ninetales\n|-sidestart|p2: Hilariousname|move: Aurora Veil\n|move|p1a: Chi-Yu|Nasty Plot|p1a: Chi-Yu\n|-boost|p1a: Chi-Yu|spa|2\n|\n|-weather|Snow|[upkeep]\n|-heal|p1a: Chi-Yu|84\/100|[from] item: Leftovers\n|upkeep\n|turn|2\n|inactive|stuboiiiii has 30 seconds left.\n|inactive|Hilariousname has 30 seconds left.\n|inactive|stuboiiiii has 20 seconds left.\n|inactive|stuboiiiii has 15 seconds left.\n|inactive|stuboiiiii has 10 seconds left.\n|\n|t:|1700955602\n|switch|p2b: Sinistcha|Sinistcha, L50|100\/100\n|move|p2a: Ninetales|Protect|p2a: Ninetales\n|-singleturn|p2a: Ninetales|Protect\n|move|p1b: Flutter Mane|Icy Wind|p2a: Ninetales|[spread] p2b\n|-activate|p2a: Ninetales|move: Protect\n|-supereffective|p2b: Sinistcha\n|-damage|p2b: Sinistcha|71\/100\n|-unboost|p2b: Sinistcha|spe|1\n|move|p1a: Chi-Yu|Nasty Plot|p1a: Chi-Yu\n|-boost|p1a: Chi-Yu|spa|2\n|\n|-weather|Snow|[upkeep]\n|-heal|p1a: Chi-Yu|90\/100|[from] item: Leftovers\n|upkeep\n|turn|3\n|\n|t:|1700955625\n|move|p1b: Flutter Mane|Icy Wind|p2b: Sinistcha|[spread] p2a,p2b\n|-resisted|p2a: Ninetales\n|-supereffective|p2b: Sinistcha\n|-damage|p2a: Ninetales|95\/100\n|-damage|p2b: Sinistcha|41\/100\n|-unboost|p2a: Ninetales|spe|1\n|-unboost|p2b: Sinistcha|spe|1\n|move|p1a: Chi-Yu|Snarl|p2b: Sinistcha|[spread] p2a,p2b\n|-supereffective|p2b: Sinistcha\n|-damage|p2a: Ninetales|34\/100\n|-damage|p2b: Sinistcha|0 fnt\n|-unboost|p2a: Ninetales|spa|1\n|faint|p2b: Sinistcha\n|move|p2a: Ninetales|Icy Wind|p1b: Flutter Mane|[spread] p1a,p1b\n|-resisted|p1a: Chi-Yu\n|-damage|p1a: Chi-Yu|86\/100\n|-damage|p1b: Flutter Mane|89\/100\n|-unboost|p1a: Chi-Yu|spe|1\n|-unboost|p1b: Flutter Mane|spe|1\n|\n|-weather|Snow|[upkeep]\n|-heal|p1a: Chi-Yu|92\/100|[from] item: Leftovers\n|upkeep\n|\n|t:|1700955648\n|switch|p2b: Iron Bundle|Iron Bundle, L50|100\/100\n|-enditem|p2b: Iron Bundle|Booster Energy\n|-activate|p2b: Iron Bundle|ability: Quark Drive|[fromitem]\n|-start|p2b: Iron Bundle|quarkdrivespe\n|turn|4\n|inactive|stuboiiiii has 30 seconds left.\n|inactive|stuboiiiii has 20 seconds left.\n|\n|t:|1700955687\n|move|p2b: Iron Bundle|Hydro Pump|p1a: Chi-Yu\n|-supereffective|p1a: Chi-Yu\n|-damage|p1a: Chi-Yu|0 fnt\n|faint|p1a: Chi-Yu\n|move|p1b: Flutter Mane|Moonblast|p2b: Iron Bundle\n|-damage|p2b: Iron Bundle|33\/100\n|move|p2a: Ninetales|Icy Wind|p1b: Flutter Mane\n|-damage|p1b: Flutter Mane|78\/100\n|-unboost|p1b: Flutter Mane|spe|1\n|\n|-weather|Snow|[upkeep]\n|upkeep\n|\n|t:|1700955703\n|switch|p1a: Rillaboom|Rillaboom, L50, M, shiny|100\/100\n|-fieldstart|move: Grassy Terrain|[from] ability: Grassy Surge|[of] p1a: Rillaboom\n|turn|5\n|\n|t:|1700955726\n|-terastallize|p1a: Rillaboom|Poison\n|move|p2b: Iron Bundle|Protect|p2b: Iron Bundle\n|-singleturn|p2b: Iron Bundle|Protect\n|move|p2a: Ninetales|Protect|p2a: Ninetales\n|-singleturn|p2a: Ninetales|Protect\n|move|p1a: Rillaboom|Fake Out|p2a: Ninetales\n|-activate|p2a: Ninetales|move: Protect\n|move|p1b: Flutter Mane|Moonblast|p2b: Iron Bundle\n|-activate|p2b: Iron Bundle|move: Protect\n|\n|-weather|none\n|-heal|p2b: Iron Bundle|39\/100|[from] Grassy Terrain\n|-heal|p2a: Ninetales|40\/100|[from] Grassy Terrain\n|-heal|p1b: Flutter Mane|84\/100|[from] Grassy Terrain\n|upkeep\n|turn|6\n|inactive|Hilariousname has 30 seconds left.\n|inactive|Hilariousname has 20 seconds left.\n|\n|t:|1700955765\n|switch|p2a: Gholdengo|Gholdengo, L50|100\/100\n|move|p2b: Iron Bundle|Hydro Pump|p1b: Flutter Mane\n|-damage|p1b: Flutter Mane|31\/100\n|move|p1a: Rillaboom|Knock Off|p2a: Gholdengo\n|-supereffective|p2a: Gholdengo\n|-damage|p2a: Gholdengo|50\/100\n|-enditem|p2a: Gholdengo|Choice Scarf|[from] move: Knock Off|[of] p1a: Rillaboom\n|move|p1b: Flutter Mane|Moonblast|p2b: Iron Bundle\n|-damage|p2b: Iron Bundle|0 fnt\n|faint|p2b: Iron Bundle\n|-end|p2b: Iron Bundle|Quark Drive|[silent]\n|\n|-heal|p2a: Gholdengo|57\/100|[from] Grassy Terrain\n|-heal|p1b: Flutter Mane|36\/100|[from] Grassy Terrain\n|upkeep\n|\n|t:|1700955782\n|switch|p2b: Ninetales|Ninetales-Alola, L50, F, shiny, tera:Fire|40\/100\n|-weather|Snow|[from] ability: Snow Warning|[of] p2b: Ninetales\n|turn|7\n|\n|t:|1700955805\n|move|p2b: Ninetales|Encore|p1a: Rillaboom\n|-start|p1a: Rillaboom|Encore\n|move|p2a: Gholdengo|Shadow Ball|p1b: Flutter Mane\n|-supereffective|p1b: Flutter Mane\n|-damage|p1b: Flutter Mane|0 fnt\n|faint|p1b: Flutter Mane\n|-end|p1b: Flutter Mane|Protosynthesis|[silent]\n|move|p1a: Rillaboom|Knock Off|p2a: Gholdengo\n|-supereffective|p2a: Gholdengo\n|-damage|p2a: Gholdengo|24\/100\n|\n|-weather|Snow|[upkeep]\n|-heal|p2b: Ninetales|47\/100|[from] Grassy Terrain\n|-heal|p2a: Gholdengo|30\/100|[from] Grassy Terrain\n|upkeep\n|\n|t:|1700955815\n|switch|p1b: Amoonguss|Amoonguss, L50, F, shiny|100\/100\n|turn|8\n|\n|t:|1700955828\n|move|p2b: Ninetales|Icy Wind|p1b: Amoonguss|[spread] p1a,p1b\n|-supereffective|p1b: Amoonguss\n|-damage|p1a: Rillaboom|93\/100\n|-damage|p1b: Amoonguss|76\/100\n|-unboost|p1a: Rillaboom|spe|1\n|-unboost|p1b: Amoonguss|spe|1\n|move|p2a: Gholdengo|Shadow Ball|p1a: Rillaboom\n|-damage|p1a: Rillaboom|60\/100\n|move|p1a: Rillaboom|Knock Off|p2a: Gholdengo\n|-supereffective|p2a: Gholdengo\n|-damage|p2a: Gholdengo|0 fnt\n|faint|p2a: Gholdengo\n|move|p1b: Amoonguss|Spore|p2b: Ninetales\n|-status|p2b: Ninetales|slp|[from] move: Spore\n|\n|-weather|Snow|[upkeep]\n|-heal|p2b: Ninetales|53\/100 slp|[from] Grassy Terrain\n|-heal|p1a: Rillaboom|66\/100|[from] Grassy Terrain\n|-heal|p1b: Amoonguss|82\/100|[from] Grassy Terrain\n|-sideend|p2: Hilariousname|move: Aurora Veil\n|upkeep\n|turn|9\n|-message|Hilariousname forfeited.\n|\n|win|stuboiiiii\n|raw|stuboiiiii's rating: 1169 &rarr; <strong>1192<\/strong><br \/>(+23 for winning)\n|raw|Hilariousname's rating: 1138 &rarr; <strong>1115<\/strong><br \/>(-23 for losing)\n|l|\u2606Hilariousname\n","uploadtime":1700955848,"views":4,"p1id":"stuboiiiii","p2id":"hilariousname","formatid":"gen9vgc2023regulatione","rating":1115,"private":0,"password":""}