{"id":"gen9vgc2023regulatione-1997498706","p1":"MiraiQuaza","p2":"Ekser00","format":"[Gen 9] VGC 2023 Regulation E","log":"|j|\u2606MiraiQuaza\n|j|\u2606Ekser00\n|t:|1700815830\n|gametype|doubles\n|player|p1|MiraiQuaza|lucas|1297\n|player|p2|Ekser00|ghetsis|1191\n|teamsize|p1|6\n|teamsize|p2|6\n|gen|9\n|tier|[Gen 9] VGC 2023 Regulation E\n|rated|\n|rule|Species Clause: Limit one of each Pok\u00e9mon\n|rule|Item Clause: Limit one of each item\n|clearpoke\n|poke|p1|Arcanine-Hisui, L50, M|\n|poke|p1|Iron Bundle, L50|\n|poke|p1|Gholdengo, L50|\n|poke|p1|Ogerpon, L50, F|\n|poke|p1|Tornadus, L50, M|\n|poke|p1|Landorus-Therian, L50, M|\n|poke|p2|Iron Bundle, L50|\n|poke|p2|Kingambit, L50, F|\n|poke|p2|Heatran, L50, F|\n|poke|p2|Ogerpon-Cornerstone, L50, F|\n|poke|p2|Iron Hands, L50|\n|poke|p2|Tornadus, L50, M|\n|teampreview|4\n|inactive|Battle timer is ON: inactive players will automatically lose when time's up. (requested by Ekser00)\n|inactive|MiraiQuaza also wants the timer to be on.\n|inactive|MiraiQuaza has 60 seconds left.\n|\n|t:|1700815888\n|start\n|switch|p1a: Ogerpon|Ogerpon, L50, F|100\/100\n|switch|p1b: Tornadus|Tornadus, L50, M|100\/100\n|switch|p2a: Iron Hands|Iron Hands, L50|100\/100\n|switch|p2b: Iron Bundle|Iron Bundle, L50|100\/100\n|-enditem|p2b: Iron Bundle|Booster Energy\n|-activate|p2b: Iron Bundle|ability: Quark Drive|[fromitem]\n|-start|p2b: Iron Bundle|quarkdrivespe\n|turn|1\n|inactive|MiraiQuaza has 30 seconds left.\n|inactive|MiraiQuaza has 20 seconds left.\n|inactive|MiraiQuaza has 15 seconds left.\n|\n|t:|1700815931\n|switch|p1b: Arcanine|Arcanine-Hisui, L50, M|100\/100\n|-ability|p1b: Arcanine|Intimidate|boost\n|-unboost|p2a: Iron Hands|atk|1\n|-unboost|p2b: Iron Bundle|atk|1\n|move|p1a: Ogerpon|Protect|p1a: Ogerpon\n|-singleturn|p1a: Ogerpon|Protect\n|move|p2a: Iron Hands|Fake Out|p1a: Ogerpon\n|-activate|p1a: Ogerpon|move: Protect\n|move|p2b: Iron Bundle|Freeze-Dry|p1a: Ogerpon\n|-activate|p1a: Ogerpon|move: Protect\n|\n|upkeep\n|turn|2\n|inactive|MiraiQuaza has 30 seconds left.\n|inactive|MiraiQuaza has 20 seconds left.\n|\n|t:|1700815970\n|switch|p1b: Tornadus|Tornadus, L50, M|100\/100\n|move|p2b: Iron Bundle|Protect|p2b: Iron Bundle\n|-singleturn|p2b: Iron Bundle|Protect\n|move|p1a: Ogerpon|Ivy Cudgel|p2b: Iron Bundle\n|-activate|p2b: Iron Bundle|move: Protect\n|move|p2a: Iron Hands|Drain Punch|p1b: Tornadus\n|-resisted|p1b: Tornadus\n|-damage|p1b: Tornadus|78\/100\n|\n|upkeep\n|turn|3\n|inactive|Ekser00 has 30 seconds left.\n|\n|t:|1700815995\n|move|p1b: Tornadus|Tailwind|p1b: Tornadus\n|-sidestart|p1: MiraiQuaza|move: Tailwind\n|move|p1a: Ogerpon|Ivy Cudgel|p2b: Iron Bundle\n|-supereffective|p2b: Iron Bundle\n|-crit|p2b: Iron Bundle\n|-damage|p2b: Iron Bundle|0 fnt\n|faint|p2b: Iron Bundle\n|-end|p2b: Iron Bundle|Quark Drive|[silent]\n|move|p2a: Iron Hands|Wild Charge|p1b: Tornadus\n|-supereffective|p1b: Tornadus\n|-damage|p1b: Tornadus|0 fnt\n|faint|p1b: Tornadus\n|-damage|p2a: Iron Hands|88\/100|[from] Recoil\n|\n|upkeep\n|\n|t:|1700816014\n|switch|p2b: Kingambit|Kingambit, L50, F|100\/100\n|switch|p1b: Iron Bundle|Iron Bundle, L50|100\/100\n|-activate|p2b: Kingambit|ability: Supreme Overlord\n|-start|p2b: Kingambit|fallen1|[silent]\n|-enditem|p1b: Iron Bundle|Booster Energy\n|-activate|p1b: Iron Bundle|ability: Quark Drive|[fromitem]\n|-start|p1b: Iron Bundle|quarkdrivespe\n|turn|4\n|inactive|MiraiQuaza has 30 seconds left.\n|inactive|MiraiQuaza has 20 seconds left.\n|inactive|MiraiQuaza has 15 seconds left.\n|\n|t:|1700816057\n|-terastallize|p2b: Kingambit|Flying\n|move|p1b: Iron Bundle|Freeze-Dry|p2a: Iron Hands\n|-damage|p2a: Iron Hands|68\/100\n|move|p1a: Ogerpon|Ivy Cudgel|p2a: Iron Hands\n|-crit|p2a: Iron Hands\n|-damage|p2a: Iron Hands|21\/100\n|move|p2b: Kingambit|Tera Blast|p1a: Ogerpon|[anim] Tera Blast Flying\n|-supereffective|p1a: Ogerpon\n|-damage|p1a: Ogerpon|0 fnt\n|faint|p1a: Ogerpon\n|-damage|p2b: Kingambit|91\/100|[from] item: Life Orb\n|move|p2a: Iron Hands|Drain Punch|p1b: Iron Bundle\n|-supereffective|p1b: Iron Bundle\n|-damage|p1b: Iron Bundle|27\/100\n|-heal|p2a: Iron Hands|41\/100|[from] drain|[of] p1b: Iron Bundle\n|\n|upkeep\n|\n|t:|1700816073\n|switch|p1a: Arcanine|Arcanine-Hisui, L50, M|100\/100\n|-ability|p1a: Arcanine|Intimidate|boost\n|-unboost|p2a: Iron Hands|atk|1\n|-unboost|p2b: Kingambit|atk|1\n|turn|5\n|\n|t:|1700816087\n|-terastallize|p1a: Arcanine|Grass\n|move|p1b: Iron Bundle|Protect|p1b: Iron Bundle\n|-singleturn|p1b: Iron Bundle|Protect\n|move|p2b: Kingambit|Sucker Punch||[still]\n|-fail|p2b: Kingambit\n|move|p1a: Arcanine|Rock Slide|p2b: Kingambit|[spread] p2a\n|-miss|p1a: Arcanine|p2b: Kingambit\n|-resisted|p2a: Iron Hands\n|-damage|p2a: Iron Hands|32\/100\n|move|p2a: Iron Hands|Drain Punch|p1a: Arcanine\n|-damage|p1a: Arcanine|74\/100\n|-heal|p2a: Iron Hands|41\/100|[from] drain|[of] p1a: Arcanine\n|\n|upkeep\n|turn|6\n|\n|t:|1700816108\n|-end|p2a: Iron Hands|Quark Drive|[silent]\n|switch|p2a: Heatran|Heatran, L50, F|100\/100\n|move|p1b: Iron Bundle|Protect||[still]\n|-fail|p1b: Iron Bundle\n|move|p2b: Kingambit|Protect|p2b: Kingambit\n|-singleturn|p2b: Kingambit|Protect\n|move|p1a: Arcanine|Rock Slide|p2a: Heatran|[spread] p2a\n|-activate|p2b: Kingambit|move: Protect\n|-damage|p2a: Heatran|77\/100\n|\n|-sideend|p1: MiraiQuaza|move: Tailwind\n|upkeep\n|turn|7\n|\n|t:|1700816131\n|move|p2b: Kingambit|Sucker Punch|p1b: Iron Bundle\n|-crit|p1b: Iron Bundle\n|-damage|p1b: Iron Bundle|0 fnt\n|faint|p1b: Iron Bundle\n|-end|p1b: Iron Bundle|Quark Drive|[silent]\n|-damage|p2b: Kingambit|81\/100|[from] item: Life Orb\n|move|p1a: Arcanine|Rock Slide|p2a: Heatran|[spread] p2a,p2b\n|-supereffective|p2b: Kingambit\n|-damage|p2a: Heatran|56\/100\n|-damage|p2b: Kingambit|38\/100\n|move|p2a: Heatran|Will-O-Wisp|p1a: Arcanine\n|-status|p1a: Arcanine|brn\n|\n|-damage|p1a: Arcanine|68\/100 brn|[from] brn\n|upkeep\n|turn|8\n|-message|MiraiQuaza forfeited.\n|\n|win|Ekser00\n|raw|MiraiQuaza's rating: 1297 &rarr; <strong>1265<\/strong><br \/>(-32 for losing)\n|raw|Ekser00's rating: 1191 &rarr; <strong>1223<\/strong><br \/>(+32 for winning)\n|l|\u2606MiraiQuaza\n","uploadtime":1700816148,"views":8,"p1id":"miraiquaza","p2id":"ekser00","formatid":"gen9vgc2023regulatione","rating":1223,"private":0,"password":""}