{"id":"gen9vgc2023regulatione-1993750893","p1":"BasedTransSchizo","p2":"JME140593","format":"[Gen 9] VGC 2023 Regulation E","log":"|j|\u2606BasedTransSchizo\n|j|\u2606JME140593\n|t:|1700352881\n|gametype|doubles\n|player|p1|BasedTransSchizo|hexmaniac-gen6|1116\n|player|p2|JME140593|striker|1179\n|teamsize|p1|6\n|teamsize|p2|6\n|gen|9\n|tier|[Gen 9] VGC 2023 Regulation E\n|rated|\n|rule|Species Clause: Limit one of each Pok\u00e9mon\n|rule|Item Clause: Limit one of each item\n|clearpoke\n|poke|p1|Cresselia, L50, F|\n|poke|p1|Ursaluna-Bloodmoon, L50, M|\n|poke|p1|Iron Hands, L50|\n|poke|p1|Ogerpon-Wellspring, L50, F|\n|poke|p1|Arcanine-Hisui, L50, M|\n|poke|p1|Flutter Mane, L50|\n|poke|p2|Chi-Yu, L50|\n|poke|p2|Regieleki, L50|\n|poke|p2|Tornadus, L50, M|\n|poke|p2|Regidrago, L50|\n|poke|p2|Ogerpon-Wellspring, L50, F|\n|poke|p2|Farigiraf, L50, F|\n|teampreview|4\nBasedTransSchizo has agreed to open team sheets.\n|inactive|Battle timer is ON: inactive players will automatically lose when time's up. (requested by BasedTransSchizo)\n|inactive|JME140593 has 60 seconds left.\n|\n|t:|1700352926\n|start\n|switch|p1a: Ursaluna|Ursaluna-Bloodmoon, L50, M|100\/100\n|switch|p1b: Iron Hands|Iron Hands, L50|100\/100\n|switch|p2a: Farigiraf|Farigiraf, L50, F, shiny|100\/100\n|switch|p2b: Ronnie|Regieleki, L50|100\/100\n|turn|1\n|inactive|JME140593 has 30 seconds left.\n|\n|t:|1700352959\n|move|p1b: Iron Hands|Fake Out||[still]\n|cant|p2a: Farigiraf|ability: Armor Tail|Fake Out|[of] p1b: Iron Hands\n|move|p2b: Ronnie|Volt Switch|p1b: Iron Hands\n|-resisted|p1b: Iron Hands\n|-damage|p1b: Iron Hands|84\/100\n|\n|t:|1700352967\n|switch|p2b: Tornadus|Tornadus, L50, M|100\/100|[from] Volt Switch\n|move|p2a: Farigiraf|Psychic|p1b: Iron Hands\n|-supereffective|p1b: Iron Hands\n|-damage|p1b: Iron Hands|41\/100\n|move|p1a: Ursaluna|Hyper Voice|p2b: Tornadus|[spread] p2a,p2b\n|-damage|p2a: Farigiraf|65\/100\n|-damage|p2b: Tornadus|55\/100\n|-enditem|p1a: Ursaluna|Throat Spray\n|-boost|p1a: Ursaluna|spa|1|[from] item: Throat Spray\n|\n|upkeep\n|turn|2\n|inactive|JME140593 has 30 seconds left.\n|\n|t:|1700352996\n|-end|p1b: Iron Hands|Quark Drive|[silent]\n|switch|p1b: Cresselia|Cresselia, L50, F|100\/100\n|move|p2b: Tornadus|Bleakwind Storm|p1b: Cresselia|[spread] p1a,p1b\n|-damage|p1a: Ursaluna|70\/100\n|-damage|p1b: Cresselia|82\/100\n|-unboost|p1a: Ursaluna|spe|1\n|-unboost|p1b: Cresselia|spe|1\n|move|p2a: Farigiraf|Psychic|p1b: Cresselia\n|-resisted|p1b: Cresselia\n|-damage|p1b: Cresselia|69\/100\n|move|p1a: Ursaluna|Blood Moon|p2b: Tornadus\n|-damage|p2b: Tornadus|0 fnt\n|faint|p2b: Tornadus\n|\n|upkeep\n|\n|t:|1700353012\n|switch|p2b: Reggie|Regidrago, L50|100\/100\n|turn|3\n|\n|t:|1700353026\n|move|p1a: Ursaluna|Protect|p1a: Ursaluna\n|-singleturn|p1a: Ursaluna|Protect\n|move|p2b: Reggie|Dragon Energy|p1b: Cresselia|[spread] p1b\n|-activate|p1a: Ursaluna|move: Protect\n|-damage|p1b: Cresselia|18\/100\n|move|p2a: Farigiraf|Imprison|p2a: Farigiraf\n|-start|p2a: Farigiraf|move: Imprison\n|cant|p1b: Cresselia|move: Imprison|Trick Room\n|\n|upkeep\n|turn|4\n|inactive|BasedTransSchizo has 30 seconds left.\n|\n|t:|1700353053\n|move|p1b: Cresselia|Helping Hand|p1a: Ursaluna\n|-singleturn|p1a: Ursaluna|Helping Hand|[of] p1b: Cresselia\n|move|p2b: Reggie|Dragon Energy|p1a: Ursaluna|[spread] p1a,p1b\n|-damage|p1a: Ursaluna|0 fnt\n|-damage|p1b: Cresselia|0 fnt\n|faint|p1a: Ursaluna\n|faint|p1b: Cresselia\n|move|p2a: Farigiraf|Psychic|p1: Ursaluna|[notarget]\n|-fail|p2a: Farigiraf\n|\n|upkeep\n|\n|t:|1700353064\n|switch|p1b: Arcanine|Arcanine-Hisui, L50, M|100\/100\n|switch|p1a: Iron Hands|Iron Hands, L50|41\/100\n|-ability|p1b: Arcanine|Intimidate|boost\n|-unboost|p2a: Farigiraf|atk|1\n|-unboost|p2b: Reggie|atk|1\n|turn|5\n|\n|t:|1700353079\n|move|p1a: Iron Hands|Fake Out||[still]\n|cant|p2a: Farigiraf|ability: Armor Tail|Fake Out|[of] p1a: Iron Hands\n|move|p1b: Arcanine|Rock Slide|p2a: Farigiraf|[spread] p2a,p2b\n|-damage|p2a: Farigiraf|39\/100\n|-damage|p2b: Reggie|76\/100\n|cant|p2b: Reggie|flinch\n|move|p2a: Farigiraf|Psychic|p1a: Iron Hands\n|-supereffective|p1a: Iron Hands\n|-damage|p1a: Iron Hands|2\/100\n|\n|upkeep\n|turn|6\n|\n|t:|1700353099\n|move|p2b: Reggie|Protect|p2b: Reggie\n|-singleturn|p2b: Reggie|Protect\n|move|p1b: Arcanine|Rock Slide|p2a: Farigiraf|[spread] p2a\n|-activate|p2b: Reggie|move: Protect\n|-damage|p2a: Farigiraf|14\/100\n|move|p2a: Farigiraf|Dazzling Gleam|p1b: Arcanine|[spread] p1a,p1b\n|-supereffective|p1a: Iron Hands\n|-resisted|p1b: Arcanine\n|-damage|p1a: Iron Hands|0 fnt\n|-damage|p1b: Arcanine|90\/100\n|faint|p1a: Iron Hands\n|-end|p1a: Iron Hands|Quark Drive|[silent]\n|\n|upkeep\n|turn|7\n|\n|t:|1700353114\n|move|p1b: Arcanine|Rock Slide|p2a: Farigiraf|[spread] p2a,p2b\n|-damage|p2a: Farigiraf|0 fnt\n|-damage|p2b: Reggie|50\/100\n|faint|p2a: Farigiraf\n|move|p2b: Reggie|Draco Meteor|p1b: Arcanine\n|-damage|p1b: Arcanine|0 fnt\n|-unboost|p2b: Reggie|spa|2\n|faint|p1b: Arcanine\n|\n|win|JME140593\n|raw|BasedTransSchizo's rating: 1116 &rarr; <strong>1095<\/strong><br \/>(-21 for losing)\n|raw|JME140593's rating: 1179 &rarr; <strong>1200<\/strong><br \/>(+21 for winning)\n|l|\u2606BasedTransSchizo\n","uploadtime":1700353144,"views":15,"p1id":"basedtransschizo","p2id":"jme140593","formatid":"gen9vgc2023regulatione","rating":1095,"private":0,"password":""}