{"id":"gen9vgc2023regulatione-1996381594","p1":"actornadoboy","p2":"Pabgar","format":"[Gen 9] VGC 2023 Regulation E","log":"|j|\u2606actornadoboy\n|j|\u2606Pabgar\n|n|\u2606actornadoboy|actornadoboy\n|n|\u2606Pabgar|pabgar\n|html|View the match progress at <a href=\"\/game-bestof3-gen9vgc2023regulatione-1996378464\">game-bestof3-gen9vgc2023regulatione-1996378464<\/a>\n|t:|1700676649\n|gametype|doubles\n|player|p1|actornadoboy|boarder|\n|player|p2|Pabgar|169|\n|teamsize|p1|6\n|teamsize|p2|6\n|gen|9\n|tier|[Gen 9] VGC 2023 Regulation E\n|rule|Species Clause: Limit one of each Pok\u00e9mon\n|rule|Item Clause: Limit one of each item\n|clearpoke\n|poke|p1|Regidrago, L50|\n|poke|p1|Farigiraf, L50, M|\n|poke|p1|Tornadus, L50, M|\n|poke|p1|Rillaboom, L50, M|\n|poke|p1|Gholdengo, L50|\n|poke|p1|Urshifu-*, L50, M|\n|poke|p2|Iron Hands, L50|\n|poke|p2|Landorus-Therian, L50, M|\n|poke|p2|Flutter Mane, L50|\n|poke|p2|Heatran, L50, M|\n|poke|p2|Tornadus, L50, M|\n|poke|p2|Dondozo, L50, M|\n|teampreview|4\n|inactive|Battle timer is ON: inactive players will automatically lose when time's up. (requested by actornadoboy)\nactornadoboy has agreed to open team sheets.\nPabgar has agreed to open team sheets.\n|showteam|p1|Regidrago||DracoPlate|DragonsMaw|DragonEnergy,DracoMeteor,EarthPower,Protect||||||50|,,,,,Steel]Farigiraf||SitrusBerry|ArmorTail|DazzlingGleam,HelpingHand,TrickRoom,Imprison|||M|||50|,,,,,Water]Tornadus||CovertCloak|Prankster|Tailwind,BleakwindStorm,RainDance,Taunt|||M|||50|,,,,,Dragon]Rillaboom||AssaultVest|GrassySurge|FakeOut,GrassyGlide,WoodHammer,Uturn|||M|||50|,,,,,Fire]Gholdengo||Leftovers|GoodasGold|MakeItRain,ShadowBall,NastyPlot,Protect||||||50|,,,,,Dragon]Urshifu-Rapid-Strike||ChoiceScarf|UnseenFist|SurgingStrikes,AquaJet,CloseCombat,Uturn|||M|||50|,,,,,Poison\n|showteam|p2|Iron Hands||AssaultVest|QuarkDrive|FakeOut,WildCharge,DrainPunch,HeavySlam||||||50|,,,,,Water]Landorus-Therian||ChoiceScarf|Intimidate|RockSlide,TeraBlast,StompingTantrum,Uturn|||M|||50|,,,,,Flying]Flutter Mane||ChoiceSpecs|Protosynthesis|Thunderbolt,Moonblast,DazzlingGleam,ShadowBall||||||50|,,,,,Fairy]Heatran||SitrusBerry|FlashFire|Protect,EarthPower,MagmaStorm,FlashCannon|||M|||50|,,,,,Grass]Tornadus||CovertCloak|Prankster|BleakwindStorm,Tailwind,SunnyDay,Taunt|||M|||50|,,,,,Electric]Dondozo||Leftovers|Oblivious|Protect,Yawn,HeavySlam,WaveCrash|||M|||50|,,,,,Poison\n|inactive|actornadoboy has 30 seconds left.\n|inactive|actornadoboy has 20 seconds left.\n|\n|t:|1700676700\n|start\n|switch|p1a: Goldman|Gholdengo, L50|100\/100\n|switch|p1b: Vito|Tornadus, L50, M|100\/100\n|switch|p2a: Tornadus|Tornadus, L50, M|100\/100\n|switch|p2b: Flutter Mane|Flutter Mane, L50|100\/100\n|turn|1\n|\n|t:|1700676722\n|-end|p2b: Flutter Mane|Protosynthesis|[silent]\n|switch|p2b: Iron Hands|Iron Hands, L50|100\/100\n|move|p1a: Goldman|Protect|p1a: Goldman\n|-singleturn|p1a: Goldman|Protect\n|move|p1b: Vito|Taunt|p2a: Tornadus\n|-start|p2a: Tornadus|move: Taunt\n|cant|p2a: Tornadus|move: Taunt|Tailwind\n|\n|upkeep\n|turn|2\n|\n|t:|1700676745\n|switch|p2a: Dondozo|Dondozo, L50, M|100\/100\n|move|p1b: Vito|Tailwind|p1b: Vito\n|-sidestart|p1: actornadoboy|move: Tailwind\n|move|p1a: Goldman|Nasty Plot|p1a: Goldman\n|-boost|p1a: Goldman|spa|2\n|move|p2b: Iron Hands|Wild Charge|p1b: Vito\n|-supereffective|p1b: Vito\n|-damage|p1b: Vito|0 fnt\n|faint|p1b: Vito\n|-damage|p2b: Iron Hands|84\/100|[from] Recoil\n|\n|upkeep\n|\n|t:|1700676750\n|switch|p1b: King Julien|Rillaboom, L50, M|100\/100\n|-fieldstart|move: Grassy Terrain|[from] ability: Grassy Surge|[of] p1b: King Julien\n|turn|3\n|inactive|Pabgar has 30 seconds left.\n|\n|t:|1700676785\n|move|p2a: Dondozo|Protect|p2a: Dondozo\n|-singleturn|p2a: Dondozo|Protect\n|move|p1b: King Julien|Fake Out|p2a: Dondozo\n|-activate|p2a: Dondozo|move: Protect\n|move|p1a: Goldman|Nasty Plot|p1a: Goldman\n|-boost|p1a: Goldman|spa|2\n|move|p2b: Iron Hands|Drain Punch|p1b: King Julien\n|-damage|p1b: King Julien|57\/100\n|-heal|p2b: Iron Hands|100\/100|[from] drain|[of] p1b: King Julien\n|\n|-heal|p1b: King Julien|63\/100|[from] Grassy Terrain\n|upkeep\n|turn|4\n|inactive|Pabgar has 30 seconds left.\n|\n|t:|1700676813\n|move|p1b: King Julien|Wood Hammer|p2b: Iron Hands\n|-damage|p2b: Iron Hands|39\/100\n|-damage|p1b: King Julien|38\/100|[from] Recoil\n|move|p1a: Goldman|Shadow Ball|p2a: Dondozo\n|-damage|p2a: Dondozo|15\/100\n|move|p2b: Iron Hands|Wild Charge|p1a: Goldman\n|-damage|p1a: Goldman|57\/100\n|-damage|p2b: Iron Hands|30\/100|[from] Recoil\n|move|p2a: Dondozo|Wave Crash|p1a: Goldman\n|-damage|p1a: Goldman|17\/100\n|-damage|p2a: Dondozo|5\/100|[from] Recoil\n|\n|-heal|p1b: King Julien|44\/100|[from] Grassy Terrain\n|-heal|p1a: Goldman|23\/100|[from] Grassy Terrain\n|-heal|p1a: Goldman|29\/100|[from] item: Leftovers\n|-heal|p2b: Iron Hands|36\/100|[from] Grassy Terrain\n|-heal|p2a: Dondozo|11\/100|[from] Grassy Terrain\n|-heal|p2a: Dondozo|18\/100|[from] item: Leftovers\n|upkeep\n|turn|5\n|inactive|Pabgar has 30 seconds left.\n|\n|t:|1700676840\n|move|p2a: Dondozo|Protect|p2a: Dondozo\n|-singleturn|p2a: Dondozo|Protect\n|move|p1b: King Julien|Wood Hammer|p2b: Iron Hands\n|-damage|p2b: Iron Hands|0 fnt\n|faint|p2b: Iron Hands\n|-end|p2b: Iron Hands|Quark Drive|[silent]\n|-damage|p1b: King Julien|30\/100|[from] Recoil\n|move|p1a: Goldman|Make It Rain|p2a: Dondozo\n|-activate|p2a: Dondozo|move: Protect\n|\n|-heal|p1b: King Julien|36\/100|[from] Grassy Terrain\n|-heal|p1a: Goldman|35\/100|[from] Grassy Terrain\n|-heal|p1a: Goldman|40\/100|[from] item: Leftovers\n|-heal|p2a: Dondozo|24\/100|[from] Grassy Terrain\n|-heal|p2a: Dondozo|30\/100|[from] item: Leftovers\n|-sideend|p1: actornadoboy|move: Tailwind\n|upkeep\n|\n|t:|1700676858\n|switch|p2b: Tornadus|Tornadus, L50, M|100\/100\n|turn|6\n|\n|t:|1700676876\n|-terastallize|p1a: Goldman|Dragon\n|move|p2b: Tornadus|Tailwind|p2b: Tornadus\n|-sidestart|p2: Pabgar|move: Tailwind\n|move|p1b: King Julien|Grassy Glide|p2a: Dondozo\n|-supereffective|p2a: Dondozo\n|-damage|p2a: Dondozo|0 fnt\n|faint|p2a: Dondozo\n|move|p1a: Goldman|Make It Rain|p2b: Tornadus\n|-damage|p2b: Tornadus|0 fnt\n|-unboost|p1a: Goldman|spa|1\n|faint|p2b: Tornadus\n|\n|-heal|p1b: King Julien|42\/100|[from] Grassy Terrain\n|-heal|p1a: Goldman|46\/100|[from] Grassy Terrain\n|-heal|p1a: Goldman|52\/100|[from] item: Leftovers\n|upkeep\n|\n|t:|1700676893\n|switch|p2b: Flutter Mane|Flutter Mane, L50|100\/100\n|turn|7\n|\n|t:|1700676900\n|-terastallize|p2b: Flutter Mane|Fairy\n|move|p1a: Goldman|Protect|p1a: Goldman\n|-singleturn|p1a: Goldman|Protect\n|move|p1b: King Julien|Grassy Glide|p2b: Flutter Mane\n|-damage|p2b: Flutter Mane|44\/100\n|move|p2b: Flutter Mane|Dazzling Gleam|p1a: Goldman|[spread] p1b\n|-activate|p1a: Goldman|move: Protect\n|-damage|p1b: King Julien|0 fnt\n|faint|p1b: King Julien\n|\n|-heal|p2b: Flutter Mane|50\/100|[from] Grassy Terrain\n|-heal|p1a: Goldman|58\/100|[from] Grassy Terrain\n|-heal|p1a: Goldman|64\/100|[from] item: Leftovers\n|-fieldend|move: Grassy Terrain\n|upkeep\n|\n|t:|1700676902\n|switch|p1b: Smokey|Urshifu-Rapid-Strike, L50, M|100\/100\n|turn|8\n|\n|t:|1700676916\n|move|p1b: Smokey|Aqua Jet|p2b: Flutter Mane\n|-damage|p2b: Flutter Mane|15\/100\n|move|p2b: Flutter Mane|Dazzling Gleam|p1b: Smokey|[spread] p1a,p1b\n|-supereffective|p1a: Goldman\n|-supereffective|p1b: Smokey\n|-damage|p1a: Goldman|0 fnt\n|-damage|p1b: Smokey|0 fnt\n|faint|p1a: Goldman\n|faint|p1b: Smokey\n|\n|win|Pabgar\n|c|&|\/uhtml prompt-actornadoboy,actornadoboy is ready for game 3!\n|c|&|\/uhtml prompt-actornadoboy,actornadoboy is ready for game 3!\n|c|&|\/uhtml prompt-actornadoboy,actornadoboy is ready for game 3!\n|c|&|\/uhtml prompt-pabgar,Pabgar is ready for game 3!\nBoth players are ready! Starting next match!\n|l|\u2606actornadoboy\n|l|\u2606Pabgar\n|j|\u2606actornadoboy\n|player|p1|actornadoboy|boarder\n","uploadtime":1700677144,"views":12,"p1id":"actornadoboy","p2id":"pabgar","formatid":"gen9vgc2023regulatione","rating":0,"private":0,"password":""}