{"id":"gen9vgc2023regulatione-1996808298","p1":"InkyBonz10","p2":"Bulba9933","format":"[Gen 9] VGC 2023 Regulation E","log":"|j|\u2606InkyBonz10\n|j|\u2606Bulba9933\n|t:|1700728707\n|gametype|doubles\n|player|p1|InkyBonz10|1|1000\n|player|p2|Bulba9933|erika|1095\n|teamsize|p1|6\n|teamsize|p2|6\n|gen|9\n|tier|[Gen 9] VGC 2023 Regulation E\n|rated|\n|rule|Species Clause: Limit one of each Pok\u00e9mon\n|rule|Item Clause: Limit one of each item\n|clearpoke\n|poke|p1|Dusclops, L50, F|\n|poke|p1|Ursaluna-Bloodmoon, L50, M|\n|poke|p1|Iron Bundle, L50|\n|poke|p1|Iron Hands, L50|\n|poke|p1|Gholdengo, L50|\n|poke|p1|Urshifu-*, L50, M|\n|poke|p2|Politoed, L50, F|\n|poke|p2|Gothitelle, L50, F|\n|poke|p2|Flutter Mane, L50|\n|poke|p2|Amoonguss, L50, M|\n|poke|p2|Kingambit, L50, F|\n|poke|p2|Salamence, L50, F|\n|teampreview|4\n|inactive|Battle timer is ON: inactive players will automatically lose when time's up. (requested by InkyBonz10)\n|inactive|InkyBonz10 has 60 seconds left.\n|\n|t:|1700728739\n|start\n|switch|p1a: Iron Bundle|Iron Bundle, L50|100\/100\n|switch|p1b: Kaido|Dusclops, L50, F|100\/100\n|switch|p2a: Gothitelle|Gothitelle, L50, F, shiny|100\/100\n|switch|p2b: Kingambit|Kingambit, L50, F, shiny|100\/100\n|-item|p2a: Gothitelle|Sitrus Berry|[from] ability: Frisk|[of] p1b: Kaido|[identify]\n|-item|p2b: Kingambit|Black Glasses|[from] ability: Frisk|[of] p1b: Kaido|[identify]\n|-enditem|p1a: Iron Bundle|Booster Energy\n|-activate|p1a: Iron Bundle|ability: Quark Drive|[fromitem]\n|-start|p1a: Iron Bundle|quarkdrivespe\n|turn|1\n|inactive|InkyBonz10 has 30 seconds left.\n|\n|t:|1700728772\n|switch|p1b: Iron Hands|Iron Hands, L50|100\/100\n|move|p2a: Gothitelle|Fake Out|p1a: Iron Bundle\n|-damage|p1a: Iron Bundle|94\/100\n|cant|p1a: Iron Bundle|flinch\n|move|p2b: Kingambit|Swords Dance|p2b: Kingambit\n|-boost|p2b: Kingambit|atk|2\n|\n|upkeep\n|turn|2\n|\n|t:|1700728792\n|move|p2b: Kingambit|Protect|p2b: Kingambit\n|-singleturn|p2b: Kingambit|Protect\n|move|p1b: Iron Hands|Fake Out|p2b: Kingambit\n|-activate|p2b: Kingambit|move: Protect\n|move|p1a: Iron Bundle|Icy Wind|p2b: Kingambit|[spread] p2a\n|-activate|p2b: Kingambit|move: Protect\n|-damage|p2a: Gothitelle|86\/100\n|-unboost|p2a: Gothitelle|spe|1\n|move|p2a: Gothitelle|Trick Room|p2a: Gothitelle\n|-fieldstart|move: Trick Room|[of] p2a: Gothitelle\n|\n|upkeep\n|turn|3\n|inactive|Bulba9933 has 30 seconds left.\n|\n|t:|1700728824\n|switch|p2a: Amoonguss|Amoonguss, L50, M, shiny|100\/100\n|-terastallize|p2b: Kingambit|Poison\n|move|p2b: Kingambit|Swords Dance|p2b: Kingambit\n|-boost|p2b: Kingambit|atk|2\n|move|p1b: Iron Hands|Drain Punch|p2b: Kingambit\n|-resisted|p2b: Kingambit\n|-damage|p2b: Kingambit|85\/100\n|move|p1a: Iron Bundle|Hydro Pump|p2a: Amoonguss\n|-resisted|p2a: Amoonguss\n|-damage|p2a: Amoonguss|82\/100\n|\n|upkeep\n|turn|4\n|inactive|InkyBonz10 has 30 seconds left.\n|\n|t:|1700728859\n|-end|p1b: Iron Hands|Quark Drive|[silent]\n|switch|p1b: Kuma|Ursaluna-Bloodmoon, L50, M|100\/100\n|move|p2a: Amoonguss|Spore|p1b: Kuma\n|-status|p1b: Kuma|slp|[from] move: Spore\n|move|p2b: Kingambit|Kowtow Cleave|p1a: Iron Bundle\n|-damage|p1a: Iron Bundle|0 fnt\n|faint|p1a: Iron Bundle\n|-end|p1a: Iron Bundle|Quark Drive|[silent]\n|\n|upkeep\n|\n|t:|1700728865\n|switch|p1a: Iron Hands|Iron Hands, L50|100\/100\n|turn|5\n|\n|t:|1700728889\n|-terastallize|p1b: Kuma|Normal\n|move|p1a: Iron Hands|Fake Out|p2a: Amoonguss\n|-damage|p2a: Amoonguss|68\/100\n|cant|p2a: Amoonguss|flinch\n|cant|p1b: Kuma|slp\n|move|p2b: Kingambit|Kowtow Cleave|p1b: Kuma\n|-damage|p1b: Kuma|0 fnt\n|faint|p1b: Kuma\n|\n|upkeep\n|\n|t:|1700728900\n|switch|p1b: Kaido|Dusclops, L50, F|100\/100\n|-item|p2a: Amoonguss|Mental Herb|[from] ability: Frisk|[of] p1b: Kaido|[identify]\n|-item|p2b: Kingambit|Black Glasses|[from] ability: Frisk|[of] p1b: Kaido|[identify]\n|turn|6\n|inactive|InkyBonz10 has 30 seconds left.\n|l|\u2606InkyBonz10\n|inactive|InkyBonz10 disconnected and has a minute to reconnect!\n|player|p1|\n|inactive|InkyBonz10 has 20 seconds left.\n|inactive|InkyBonz10 has 15 seconds left.\n|inactive|InkyBonz10 has 10 seconds left.\n|inactive|InkyBonz10 has 5 seconds left.\n|-message|InkyBonz10 lost due to inactivity.\n|\n|win|Bulba9933\n|raw|InkyBonz10's rating: 1000 &rarr; <strong>1000<\/strong><br \/>(+0 for losing)\n|raw|Bulba9933's rating: 1095 &rarr; <strong>1114<\/strong><br \/>(+19 for winning)\n","uploadtime":1700728958,"views":31,"p1id":"inkybonz10","p2id":"bulba9933","formatid":"gen9vgc2023regulatione","rating":1000,"private":0,"password":""}