{"id":"gen9vgc2023regulatione-1997366682","p1":"Slippers_486","p2":"sm_zem","format":"[Gen 9] VGC 2023 Regulation E","log":"|j|\u2606Slippers_486\n|j|\u2606sm_zem\n|t:|1700794847\n|gametype|doubles\n|player|p1|Slippers_486|swimmer-gen4|1091\n|player|p2|sm_zem|1|1098\n|teamsize|p1|6\n|teamsize|p2|6\n|gen|9\n|tier|[Gen 9] VGC 2023 Regulation E\n|rated|\n|rule|Species Clause: Limit one of each Pok\u00e9mon\n|rule|Item Clause: Limit one of each item\n|clearpoke\n|poke|p1|Gholdengo, L50|\n|poke|p1|Articuno-Galar, L50|\n|poke|p1|Raichu, L50, M|\n|poke|p1|Conkeldurr, L50, M|\n|poke|p1|Hydreigon, L50, F|\n|poke|p1|Ogerpon-Wellspring, L50, F|\n|poke|p2|Heatran, L50, M|\n|poke|p2|Arcanine-Hisui, L50, M|\n|poke|p2|Iron Hands, L50|\n|poke|p2|Ogerpon-Wellspring, L50, F|\n|poke|p2|Flutter Mane, L50|\n|poke|p2|Tornadus, L50, M|\n|teampreview|4\n|inactive|Battle timer is ON: inactive players will automatically lose when time's up. (requested by sm_zem)\n|\n|t:|1700794905\n|start\n|switch|p1a: Articuno|Articuno-Galar, L50|100\/100\n|switch|p1b: Raichu|Raichu, L50, M|100\/100\n|switch|p2a: Tornadus|Tornadus, L50, M|100\/100\n|switch|p2b: Iron Hands|Iron Hands, L50|100\/100\n|turn|1\n|inactive|Slippers_486 has 30 seconds left.\n|\n|t:|1700794937\n|move|p2a: Tornadus|Protect|p2a: Tornadus\n|-singleturn|p2a: Tornadus|Protect\n|move|p1b: Raichu|Fake Out|p2a: Tornadus\n|-activate|p2a: Tornadus|move: Protect\n|move|p2b: Iron Hands|Fake Out|p1a: Articuno\n|-damage|p1a: Articuno|81\/100\n|cant|p1a: Articuno|flinch\n|\n|upkeep\n|turn|2\n|inactive|Slippers_486 has 30 seconds left.\n|\n|t:|1700794967\n|move|p2a: Tornadus|Tailwind|p2a: Tornadus\n|-sidestart|p2: sm_zem|move: Tailwind\n|move|p1b: Raichu|Encore|p2b: Iron Hands\n|-start|p2b: Iron Hands|Encore\n|move|p1a: Articuno|Tailwind|p1a: Articuno\n|-sidestart|p1: Slippers_486|move: Tailwind\n|move|p2b: Iron Hands|Fake Out||[still]\n|-hint|Fake Out only works on your first turn out.\n|-fail|p2b: Iron Hands\n|\n|upkeep\n|turn|3\n|inactive|Slippers_486 has 30 seconds left.\n|inactive|Slippers_486 has 20 seconds left.\n|\n|t:|1700795006\n|-end|p2b: Iron Hands|Quark Drive|[silent]\n|switch|p2b: Heatran|Heatran, L50, M|100\/100\n|move|p2a: Tornadus|Protect|p2a: Tornadus\n|-singleturn|p2a: Tornadus|Protect\n|move|p1b: Raichu|Encore|p2a: Tornadus\n|-activate|p2a: Tornadus|move: Protect\n|move|p1a: Articuno|Freezing Glare|p2b: Heatran\n|-resisted|p2b: Heatran\n|-damage|p2b: Heatran|82\/100\n|\n|-heal|p2b: Heatran|88\/100|[from] item: Leftovers\n|upkeep\n|turn|4\n|inactive|Slippers_486 has 30 seconds left.\n|inactive|Slippers_486 has 20 seconds left.\n|\n|t:|1700795042\n|move|p2a: Tornadus|Taunt|p1b: Raichu\n|-start|p1b: Raichu|move: Taunt\n|move|p1b: Raichu|Volt Switch|p2a: Tornadus\n|-supereffective|p2a: Tornadus\n|-damage|p2a: Tornadus|64\/100\n|\n|t:|1700795055\n|switch|p1b: Hydreigon|Hydreigon, L50, F|100\/100|[from] Volt Switch\n|move|p1a: Articuno|U-turn|p2a: Tornadus\n|-resisted|p2a: Tornadus\n|-damage|p2a: Tornadus|57\/100\n|-damage|p1a: Articuno|65\/100|[from] item: Rocky Helmet|[of] p2a: Tornadus\n|\n|t:|1700795068\n|switch|p1a: Raichu|Raichu, L50, M|100\/100|[from] U-turn\n|move|p2b: Heatran|Heat Wave|p1a: Raichu|[spread] p1a,p1b\n|-resisted|p1b: Hydreigon\n|-damage|p1a: Raichu|50\/100\n|-damage|p1b: Hydreigon|81\/100\n|-enditem|p1a: Raichu|Red Card|[of] p2b: Heatran\n|drag|p2b: Iron Hands|Iron Hands, L50|100\/100\n|\n|upkeep\n|turn|5\n|inactive|Slippers_486 has 30 seconds left.\n|inactive|sm_zem has 30 seconds left.\n|inactive|Slippers_486 has 20 seconds left.\n|inactive|sm_zem has 20 seconds left.\n|inactive|Slippers_486 has 15 seconds left.\n|inactive|sm_zem has 15 seconds left.\n|inactive|sm_zem has 10 seconds left.\n|\n|t:|1700795117\n|-end|p2b: Iron Hands|Quark Drive|[silent]\n|switch|p2b: Flutter Mane|Flutter Mane, L50|100\/100\n|-terastallize|p1b: Hydreigon|Fire\n|move|p2a: Tornadus|Protect|p2a: Tornadus\n|-singleturn|p2a: Tornadus|Protect\n|move|p1a: Raichu|Fake Out|p2b: Flutter Mane\n|-immune|p2b: Flutter Mane\n|move|p1b: Hydreigon|Heat Wave|p2b: Flutter Mane|[spread] p2b\n|-activate|p2a: Tornadus|move: Protect\n|-damage|p2b: Flutter Mane|48\/100\n|-damage|p1b: Hydreigon|72\/100|[from] item: Life Orb\n|\n|-sideend|p2: sm_zem|move: Tailwind\n|-sideend|p1: Slippers_486|move: Tailwind\n|upkeep\n|turn|6\n|inactive|Slippers_486 has 30 seconds left.\n|inactive|sm_zem has 30 seconds left.\n|inactive|Slippers_486 has 20 seconds left.\n|inactive|sm_zem has 20 seconds left.\n|inactive|Slippers_486 has 15 seconds left.\n|inactive|Slippers_486 has 10 seconds left.\n|inactive|Slippers_486 has 5 seconds left.\n|\n|t:|1700795169\n|-end|p2b: Flutter Mane|Protosynthesis|[silent]\n|switch|p2b: Heatran|Heatran, L50, M|88\/100\n|move|p2a: Tornadus|Tailwind|p2a: Tornadus\n|-sidestart|p2: sm_zem|move: Tailwind\n|move|p1a: Raichu|Volt Switch|p2a: Tornadus\n|-supereffective|p2a: Tornadus\n|-damage|p2a: Tornadus|18\/100\n|\n|t:|1700795186\n|switch|p1a: Articuno|Articuno-Galar, L50|65\/100|[from] Volt Switch\n|move|p1b: Hydreigon|Heat Wave|p2b: Heatran|[spread] p2a\n|-start|p2b: Heatran|ability: Flash Fire\n|-damage|p2a: Tornadus|0 fnt\n|faint|p2a: Tornadus\n|-damage|p1b: Hydreigon|62\/100|[from] item: Life Orb\n|\n|-heal|p2b: Heatran|94\/100|[from] item: Leftovers\n|upkeep\n|\n|t:|1700795198\n|switch|p2a: Iron Hands|Iron Hands, L50|100\/100\n|turn|7\n|inactive|Slippers_486 has 30 seconds left.\n|inactive|Slippers_486 has 20 seconds left.\n|inactive|Slippers_486 has 15 seconds left.\n|inactive|Slippers_486 has 10 seconds left.\n|\n|t:|1700795245\n|switch|p1b: Raichu|Raichu, L50, M|50\/100\n|move|p2a: Iron Hands|Fake Out|p1a: Articuno\n|-damage|p1a: Articuno|45\/100\n|move|p2b: Heatran|Heat Wave|p1b: Raichu|[spread] p1b\n|-miss|p2b: Heatran|p1a: Articuno\n|-damage|p1b: Raichu|0 fnt\n|faint|p1b: Raichu\n|cant|p1a: Articuno|flinch\n|\n|-heal|p2b: Heatran|100\/100|[from] item: Leftovers\n|upkeep\n|\n|t:|1700795268\n|switch|p1b: Hydreigon|Hydreigon, L50, F, tera:Fire|62\/100\n|turn|8\n|inactive|Slippers_486 has 30 seconds left.\n|\n|t:|1700795303\n|move|p2b: Heatran|Earth Power|p1b: Hydreigon\n|-immune|p1b: Hydreigon|[from] ability: Levitate\n|move|p1a: Articuno|Freezing Glare|p2a: Iron Hands\n|-supereffective|p2a: Iron Hands\n|-damage|p2a: Iron Hands|50\/100\n|move|p2a: Iron Hands|Volt Switch|p1a: Articuno\n|-supereffective|p1a: Articuno\n|-damage|p1a: Articuno|18\/100\n|\n|t:|1700795315\n|-end|p2a: Iron Hands|Quark Drive|[silent]\n|switch|p2a: Flutter Mane|Flutter Mane, L50|48\/100|[from] Volt Switch\n|move|p1b: Hydreigon|Earth Power|p2b: Heatran\n|-supereffective|p2b: Heatran\n|-damage|p2b: Heatran|0 fnt\n|faint|p2b: Heatran\n|-damage|p1b: Hydreigon|53\/100|[from] item: Life Orb\n|\n|upkeep\n|\n|t:|1700795326\n|switch|p2b: Iron Hands|Iron Hands, L50|50\/100\n|turn|9\n|inactive|Slippers_486 has 30 seconds left.\n|inactive|sm_zem has 30 seconds left.\n|inactive|sm_zem has 20 seconds left.\n|inactive|sm_zem has 15 seconds left.\n|\n|t:|1700795367\n|move|p1a: Articuno|Protect|p1a: Articuno\n|-singleturn|p1a: Articuno|Protect\n|move|p2a: Flutter Mane|Shadow Ball|p1b: Hydreigon\n|-damage|p1b: Hydreigon|0 fnt\n|faint|p1b: Hydreigon\n|move|p2b: Iron Hands|Volt Switch|p1a: Articuno\n|-activate|p1a: Articuno|move: Protect\n|\n|-sideend|p2: sm_zem|move: Tailwind\n|upkeep\n|\n|t:|1700795377\n|switch|p1b: Gholdengo|Gholdengo, L50|100\/100\n|turn|10\n|inactive|Slippers_486 has 30 seconds left.\n|inactive|Slippers_486 has 20 seconds left.\n|\n|t:|1700795401\n|move|p1a: Articuno|Protect||[still]\n|-fail|p1a: Articuno\n|move|p2a: Flutter Mane|Shadow Ball|p1b: Gholdengo\n|-supereffective|p1b: Gholdengo\n|-damage|p1b: Gholdengo|0 fnt\n|faint|p1b: Gholdengo\n|move|p2b: Iron Hands|Volt Switch|p1a: Articuno\n|-supereffective|p1a: Articuno\n|-damage|p1a: Articuno|0 fnt\n|faint|p1a: Articuno\n|\n|win|sm_zem\n|inactive|Slippers_486 has 20 seconds left this turn.\n|raw|Slippers_486's rating: 1091 &rarr; <strong>1068<\/strong><br \/>(-23 for losing)\n|raw|sm_zem's rating: 1098 &rarr; <strong>1123<\/strong><br \/>(+25 for winning)\n","uploadtime":1700795419,"views":4,"p1id":"slippers486","p2id":"smzem","formatid":"gen9vgc2023regulatione","rating":1068,"private":0,"password":""}