{"id":"gen9vgc2023regulatione-1995687374","p1":"Cyalia12","p2":"TobiYume","format":"[Gen 9] VGC 2023 Regulation E","log":"|j|\u2606Cyalia12\n|j|\u2606TobiYume\n|n|\u2606Cyalia12|cyalia12\n|n|\u2606TobiYume|tobiyume\n|html|View the match progress at <a href=\"\/game-bestof3-gen9vgc2023regulatione-1995683766\">game-bestof3-gen9vgc2023regulatione-1995683766<\/a>\n|t:|1700593995\n|gametype|doubles\n|player|p1|Cyalia12|youngster-gen4dp|\n|player|p2|TobiYume|n|\n|teamsize|p1|6\n|teamsize|p2|6\n|gen|9\n|tier|[Gen 9] VGC 2023 Regulation E\n|rule|Species Clause: Limit one of each Pok\u00e9mon\n|rule|Item Clause: Limit one of each item\n|clearpoke\n|poke|p1|Chien-Pao, L50|\n|poke|p1|Rillaboom, L50, M|\n|poke|p1|Urshifu-*, L50, M|\n|poke|p1|Gholdengo, L50|\n|poke|p1|Tornadus, L50, M|\n|poke|p1|Arcanine-Hisui, L50, M|\n|poke|p2|Kommo-o, L50, F|\n|poke|p2|Arcanine-Hisui, L50, F|\n|poke|p2|Rillaboom, L50, M|\n|poke|p2|Moltres-Galar, L50|\n|poke|p2|Ninetales-Alola, L50, M|\n|poke|p2|Sinistcha, L50|\n|teampreview|4\nTobiYume has agreed to open team sheets.\n|\n|t:|1700594015\n|start\n|switch|p1a: Tornadus|Tornadus, L50, M|100\/100\n|switch|p1b: Arcanine|Arcanine-Hisui, L50, M|100\/100\n|switch|p2a: Arcanine|Arcanine-Hisui, L50, F|100\/100\n|switch|p2b: Moltres|Moltres-Galar, L50|100\/100\n|-ability|p2a: Arcanine|Intimidate|boost\n|-unboost|p1a: Tornadus|atk|1\n|-unboost|p1b: Arcanine|atk|1\n|-ability|p1b: Arcanine|Intimidate|boost\n|-unboost|p2a: Arcanine|atk|1\n|-unboost|p2b: Moltres|atk|1\n|turn|1\n|\n|t:|1700594029\n|-terastallize|p1b: Arcanine|Fairy\n|move|p1a: Tornadus|Tailwind|p1a: Tornadus\n|-sidestart|p1: Cyalia12|move: Tailwind\n|move|p1b: Arcanine|Rock Slide|p2a: Arcanine|[spread] p2b\n|-miss|p1b: Arcanine|p2a: Arcanine\n|-supereffective|p2b: Moltres\n|-damage|p2b: Moltres|49\/100\n|-ability|p2b: Moltres|Berserk|boost\n|-boost|p2b: Moltres|spa|1\n|-enditem|p2b: Moltres|Sitrus Berry|[eat]\n|-heal|p2b: Moltres|74\/100|[from] item: Sitrus Berry\n|move|p2a: Arcanine|Rock Slide|p1a: Tornadus|[spread] p1a,p1b\n|-supereffective|p1a: Tornadus\n|-damage|p1a: Tornadus|73\/100\n|-damage|p1b: Arcanine|84\/100\n|move|p2b: Moltres|Nasty Plot|p2b: Moltres\n|-boost|p2b: Moltres|spa|2\n|\n|upkeep\n|turn|2\n|\n|t:|1700594057\n|switch|p2a: Sinistcha|Sinistcha, L50|100\/100\n|-heal|p2b: Moltres|99\/100|[from] ability: Hospitality|[of] p2a: Sinistcha\n|move|p2b: Moltres|Protect|p2b: Moltres\n|-singleturn|p2b: Moltres|Protect\n|move|p1a: Tornadus|Rain Dance|p1a: Tornadus\n|-weather|RainDance\n|move|p1b: Arcanine|Rock Slide|p2a: Sinistcha|[spread] p2a\n|-activate|p2b: Moltres|move: Protect\n|-damage|p2a: Sinistcha|76\/100\n|\n|-weather|RainDance|[upkeep]\n|upkeep\n|turn|3\n|\n|t:|1700594070\n|move|p1a: Tornadus|Bleakwind Storm|p2b: Moltres|[spread] p2a,p2b\n|-supereffective|p2a: Sinistcha\n|-damage|p2a: Sinistcha|16\/100\n|-damage|p2b: Moltres|75\/100\n|move|p1b: Arcanine|Rock Slide|p2b: Moltres|[spread] p2a,p2b\n|-supereffective|p2b: Moltres\n|-damage|p2a: Sinistcha|0 fnt\n|-damage|p2b: Moltres|24\/100\n|faint|p2a: Sinistcha\n|-ability|p2b: Moltres|Berserk|boost\n|-boost|p2b: Moltres|spa|1\n|cant|p2b: Moltres|flinch\n|\n|-weather|RainDance|[upkeep]\n|upkeep\n|\n|t:|1700594084\n|switch|p2a: Rillaboom|Rillaboom, L50, M|100\/100\n|-fieldstart|move: Grassy Terrain|[from] ability: Grassy Surge|[of] p2a: Rillaboom\n|turn|4\n|\n|t:|1700594097\n|move|p2b: Moltres|Protect|p2b: Moltres\n|-singleturn|p2b: Moltres|Protect\n|move|p2a: Rillaboom|Grassy Glide|p1b: Arcanine\n|-crit|p1b: Arcanine\n|-damage|p1b: Arcanine|23\/100\n|move|p1a: Tornadus|Bleakwind Storm|p2b: Moltres|[spread] p2a\n|-activate|p2b: Moltres|move: Protect\n|-supereffective|p2a: Rillaboom\n|-damage|p2a: Rillaboom|59\/100\n|-unboost|p2a: Rillaboom|spe|1\n|move|p1b: Arcanine|Rock Slide|p2b: Moltres|[spread] p2a\n|-activate|p2b: Moltres|move: Protect\n|-damage|p2a: Rillaboom|33\/100\n|\n|-weather|RainDance|[upkeep]\n|-heal|p1b: Arcanine|29\/100|[from] Grassy Terrain\n|-heal|p2a: Rillaboom|38\/100|[from] Grassy Terrain\n|-sideend|p1: Cyalia12|move: Tailwind\n|upkeep\n|turn|5\n|\n|t:|1700594121\n|move|p2a: Rillaboom|Grassy Glide|p1b: Arcanine\n|-damage|p1b: Arcanine|0 fnt\n|faint|p1b: Arcanine\n|move|p1a: Tornadus|Bleakwind Storm|p2b: Moltres|[spread] p2a,p2b\n|-supereffective|p2a: Rillaboom\n|-damage|p2a: Rillaboom|0 fnt\n|-damage|p2b: Moltres|0 fnt\n|faint|p2a: Rillaboom\n|faint|p2b: Moltres\n|\n|-weather|RainDance|[upkeep]\n|upkeep\n|\n|t:|1700594129\n|switch|p1b: Urshifu|Urshifu-Rapid-Strike, L50, M|100\/100\n|switch|p2b: Arcanine|Arcanine-Hisui, L50, F|100\/100\n|-ability|p2b: Arcanine|Intimidate|boost\n|-unboost|p1a: Tornadus|atk|1\n|-unboost|p1b: Urshifu|atk|1\n|turn|6\n|\n|t:|1700594136\n|-terastallize|p2b: Arcanine|Water\n|move|p2b: Arcanine|Will-O-Wisp|p1b: Urshifu\n|-status|p1b: Urshifu|brn\n|move|p1a: Tornadus|Bleakwind Storm|p2b: Arcanine\n|-damage|p2b: Arcanine|51\/100\n|move|p1b: Urshifu|Surging Strikes|p2b: Arcanine\n|-resisted|p2b: Arcanine\n|-crit|p2b: Arcanine\n|-damage|p2b: Arcanine|41\/100\n|-resisted|p2b: Arcanine\n|-crit|p2b: Arcanine\n|-damage|p2b: Arcanine|31\/100\n|-resisted|p2b: Arcanine\n|-crit|p2b: Arcanine\n|-damage|p2b: Arcanine|20\/100\n|-hitcount|p2b: Arcanine|3\n|\n|-weather|none\n|-heal|p2b: Arcanine|26\/100|[from] Grassy Terrain\n|-damage|p1b: Urshifu|94\/100 brn|[from] brn\n|upkeep\n|turn|7\n|\n|t:|1700594146\n|move|p1a: Tornadus|Rain Dance|p1a: Tornadus\n|-weather|RainDance\n|move|p2b: Arcanine|Rock Slide|p1b: Urshifu|[spread] p1a,p1b\n|-supereffective|p1a: Tornadus\n|-resisted|p1b: Urshifu\n|-damage|p1a: Tornadus|26\/100\n|-damage|p1b: Urshifu|84\/100 brn\n|move|p1b: Urshifu|Surging Strikes|p2b: Arcanine\n|-resisted|p2b: Arcanine\n|-crit|p2b: Arcanine\n|-damage|p2b: Arcanine|15\/100\n|-resisted|p2b: Arcanine\n|-crit|p2b: Arcanine\n|-damage|p2b: Arcanine|4\/100\n|-resisted|p2b: Arcanine\n|-crit|p2b: Arcanine\n|-damage|p2b: Arcanine|0 fnt\n|faint|p2b: Arcanine\n|-hitcount|p2: Arcanine|3\n|\n|win|Cyalia12\n|c|\u2606Cyalia12|gg\n|c|\u2606TobiYume|gg\n","uploadtime":1700594241,"views":1,"p1id":"cyalia12","p2id":"tobiyume","formatid":"gen9vgc2023regulatione","rating":0,"private":0,"password":""}