{"id":"gen9vgc2023regulatione-1992624393","p1":"flopyflopsters","p2":"PokeReplaysVGC","format":"[Gen 9] VGC 2023 Regulation E","log":"|j|\u2606flopyflopsters\n|j|\u2606PokeReplaysVGC\n|t:|1700216560\n|gametype|doubles\n|player|p1|flopyflopsters|nate|\n|player|p2|PokeReplaysVGC|lillie|\n|teamsize|p1|6\n|teamsize|p2|6\n|gen|9\n|tier|[Gen 9] VGC 2023 Regulation E\n|rated|Tournament battle\n|rule|Species Clause: Limit one of each Pok\u00e9mon\n|rule|Item Clause: Limit one of each item\n|clearpoke\n|poke|p1|Tornadus, L50, M|\n|poke|p1|Urshifu-*, L50, M|\n|poke|p1|Iron Hands, L50|\n|poke|p1|Farigiraf, L50, M|\n|poke|p1|Chien-Pao, L50|\n|poke|p1|Arcanine-Hisui, L50, M|\n|poke|p2|Gholdengo, L50|\n|poke|p2|Tornadus, L50, M|\n|poke|p2|Rillaboom, L50, F|\n|poke|p2|Arcanine-Hisui, L50, M|\n|poke|p2|Urshifu-*, L50, M|\n|poke|p2|Gastrodon-East, L50, M|\n|teampreview|4\n|showteam|p1|Tornadus||RockyHelmet|Prankster|BleakwindStorm,Tailwind,RainDance,Taunt|||M|||50|,,,,,Steel]Urshifu-Rapid-Strike||MysticWater|UnseenFist|SurgingStrikes,CloseCombat,AquaJet,Detect|||M|||50|,,,,,Water]Iron Hands||AssaultVest|QuarkDrive|WildCharge,DrainPunch,HeavySlam,FakeOut||||||50|,,,,,Water]Farigiraf||SitrusBerry|ArmorTail|Psychic,HyperVoice,Imprison,TrickRoom|||M|||50|,,,,,Fairy]Chien-Pao||FocusSash|SwordofRuin|IceSpinner,SuckerPunch,SacredSword,Protect||||||50|,,,,,Poison]Arcanine-Hisui||Leftovers|Intimidate|ExtremeSpeed,TeraBlast,WillOWisp,FlareBlitz|||M|||50|,,,,,Grass\n|showteam|p2|Gholdengo||ChoiceSpecs|GoodasGold|MakeItRain,ShadowBall,Thunderbolt,Psyshock||||||50|,,,,,Steel]Tornadus||RockyHelmet|Prankster|Taunt,Tailwind,BleakwindStorm,Protect|||M|||50|,,,,,Ghost]Rillaboom||AssaultVest|GrassySurge|FakeOut,WoodHammer,GrassyGlide,Uturn|||F|||50|,,,,,Grass]Arcanine-Hisui||ChoiceBand|Intimidate|ExtremeSpeed,RockSlide,FlareBlitz,HeadSmash|||M|||50|,,,,,Normal]Urshifu-Rapid-Strike||ChoiceScarf|UnseenFist|SurgingStrikes,CloseCombat,Uturn,AquaJet|||M|||50|,,,,,Water]Gastrodon-East||Leftovers|StormDrain|EarthPower,IceBeam,Yawn,Protect|||M|||50|,,,,,Fairy\n|inactive|Battle timer is ON: inactive players will automatically lose when time's up. (requested by flopyflopsters)\n|c|\u2606flopyflopsters|GLHF\n|c|\u2606PokeReplaysVGC|u2\n|j| FatalEspresso\n|inactive|flopyflopsters has 60 seconds left.\n|inactive|PokeReplaysVGC has 60 seconds left.\n|l| FatalEspresso\n|inactive|PokeReplaysVGC has 30 seconds left.\n|\n|t:|1700216625\n|start\n|switch|p1a: Jimmy|Tornadus, L50, M|100\/100\n|switch|p1b: Timmy|Urshifu-Rapid-Strike, L50, M|100\/100\n|switch|p2a: Gholdengo|Gholdengo, L50|100\/100\n|switch|p2b: Urshifu|Urshifu-Rapid-Strike, L50, M|100\/100\n|turn|1\n|c|\u2606flopyflopsters|timmy doesnt like your gastro\n|c|\u2606flopyflopsters|one bit\n|inactive|PokeReplaysVGC has 30 seconds left.\n|c|\u2606PokeReplaysVGC|gastro likes timmy\n|c|\u2606flopyflopsters|:(\n|inactive|PokeReplaysVGC has 20 seconds left.\n|inactive|PokeReplaysVGC has 15 seconds left.\n|inactive|PokeReplaysVGC has 10 seconds left.\n|\n|t:|1700216671\n|switch|p1b: Billy|Iron Hands, L50|100\/100\n|move|p2b: Urshifu|U-turn|p1b: Billy\n|-resisted|p1b: Billy\n|-damage|p1b: Billy|92\/100\n|\n|t:|1700216678\n|switch|p2b: Arcanine|Arcanine-Hisui, L50, M|100\/100|[from] U-turn\n|-ability|p2b: Arcanine|Intimidate|boost\n|-unboost|p1a: Jimmy|atk|1\n|-unboost|p1b: Billy|atk|1\n|move|p1a: Jimmy|Bleakwind Storm|p2a: Gholdengo|[spread] p2a,p2b\n|-resisted|p2a: Gholdengo\n|-crit|p2a: Gholdengo\n|-resisted|p2b: Arcanine\n|-damage|p2a: Gholdengo|74\/100\n|-damage|p2b: Arcanine|83\/100\n|-unboost|p2a: Gholdengo|spe|1\n|move|p2a: Gholdengo|Thunderbolt|p1a: Jimmy\n|-supereffective|p1a: Jimmy\n|-damage|p1a: Jimmy|0 fnt\n|faint|p1a: Jimmy\n|\n|upkeep\n|\n|t:|1700216691\n|switch|p1a: Bobby|Arcanine-Hisui, L50, M|100\/100\n|-ability|p1a: Bobby|Intimidate|boost\n|-unboost|p2a: Gholdengo|atk|1\n|-unboost|p2b: Arcanine|atk|1\n|turn|2\n|inactive|PokeReplaysVGC has 30 seconds left.\n|\n|t:|1700216722\n|switch|p2a: Gastrodon|Gastrodon-East, L50, M|100\/100\n|move|p1a: Bobby|Flare Blitz|p2a: Gastrodon\n|-resisted|p2a: Gastrodon\n|-damage|p2a: Gastrodon|74\/100\n|-status|p2a: Gastrodon|brn\n|-damage|p1a: Bobby|90\/100|[from] Recoil\n|move|p2b: Arcanine|Head Smash|p1a: Bobby|[miss]\n|-miss|p2b: Arcanine|p1a: Bobby\n|move|p1b: Billy|Drain Punch|p2b: Arcanine\n|-supereffective|p2b: Arcanine\n|-damage|p2b: Arcanine|20\/100\n|-heal|p1b: Billy|100\/100|[from] drain|[of] p2b: Arcanine\n|\n|-heal|p1a: Bobby|96\/100|[from] item: Leftovers\n|-heal|p2a: Gastrodon|80\/100 brn|[from] item: Leftovers\n|-damage|p2a: Gastrodon|74\/100 brn|[from] brn\n|upkeep\n|turn|3\n|c|\u2606flopyflopsters|:OOOOOOOOOOOooooo\n|c|\u2606flopyflopsters|:OOOOOOOOOOOOOOOOOOOOOOOOOOOOOOOOOOOOOOOOOOOOOOOOOOOOOO\n|c|\u2606flopyflopsters|sorry for the burn :(\n|inactive|flopyflopsters has 30 seconds left.\n|inactive|PokeReplaysVGC has 30 seconds left.\n|c|\u2606PokeReplaysVGC|it's cool happens a lot\n|c|\u2606flopyflopsters|:D\n|inactive|PokeReplaysVGC has 20 seconds left.\n|inactive|PokeReplaysVGC has 15 seconds left.\n|\n|t:|1700216766\n|-terastallize|p1a: Bobby|Grass\n|move|p2a: Gastrodon|Protect|p2a: Gastrodon\n|-singleturn|p2a: Gastrodon|Protect\n|move|p1a: Bobby|Tera Blast|p2a: Gastrodon|[anim] Tera Blast Grass\n|-activate|p2a: Gastrodon|move: Protect\n|move|p2b: Arcanine|Head Smash|p1a: Bobby\n|-damage|p1a: Bobby|7\/100\n|-damage|p2b: Arcanine|0 fnt|[from] Recoil\n|faint|p2b: Arcanine\n|move|p1b: Billy|Drain Punch|p2a: Gastrodon\n|-activate|p2a: Gastrodon|move: Protect\n|\n|-heal|p1a: Bobby|13\/100|[from] item: Leftovers\n|-heal|p2a: Gastrodon|80\/100 brn|[from] item: Leftovers\n|-damage|p2a: Gastrodon|74\/100 brn|[from] brn\n|upkeep\n|j| blindfishptsd\n|\n|t:|1700216784\n|switch|p2b: Urshifu|Urshifu-Rapid-Strike, L50, M|100\/100\n|turn|4\n|\n|t:|1700216797\n|-terastallize|p2a: Gastrodon|Fairy\n|move|p2b: Urshifu|Close Combat|p1a: Bobby\n|-damage|p1a: Bobby|0 fnt\n|-unboost|p2b: Urshifu|def|1\n|-unboost|p2b: Urshifu|spd|1\n|faint|p1a: Bobby\n|move|p2a: Gastrodon|Yawn|p1b: Billy\n|-start|p1b: Billy|move: Yawn|[of] p2a: Gastrodon\n|move|p1b: Billy|Wild Charge|p2b: Urshifu\n|-supereffective|p2b: Urshifu\n|-damage|p2b: Urshifu|0 fnt\n|faint|p2b: Urshifu\n|-damage|p1b: Billy|82\/100|[from] Recoil\n|\n|-heal|p2a: Gastrodon|80\/100 brn|[from] item: Leftovers\n|-damage|p2a: Gastrodon|74\/100 brn|[from] brn\n|upkeep\n|c|\u2606flopyflopsters|stop hurting bobby\n|\n|t:|1700216813\n|switch|p2b: Gholdengo|Gholdengo, L50|74\/100\n|switch|p1a: Timmy|Urshifu-Rapid-Strike, L50, M|100\/100\n|turn|5\n|c|\u2606flopyflopsters|welp ggwp\n|\n|t:|1700216832\n|move|p1a: Timmy|Detect|p1a: Timmy\n|-singleturn|p1a: Timmy|Protect\n|move|p2a: Gastrodon|Protect|p2a: Gastrodon\n|-singleturn|p2a: Gastrodon|Protect\n|move|p2b: Gholdengo|Thunderbolt|p1a: Timmy\n|-activate|p1a: Timmy|move: Protect\n|move|p1b: Billy|Wild Charge|p2b: Gholdengo\n|-damage|p2b: Gholdengo|42\/100\n|-damage|p1b: Billy|76\/100|[from] Recoil\n|\n|-heal|p2a: Gastrodon|80\/100 brn|[from] item: Leftovers\n|-damage|p2a: Gastrodon|74\/100 brn|[from] brn\n|-end|p1b: Billy|move: Yawn|[silent]\n|-status|p1b: Billy|slp\n|upkeep\n|turn|6\n|\n|t:|1700216850\n|move|p1a: Timmy|Close Combat|p2a: Gastrodon\n|-resisted|p2a: Gastrodon\n|-damage|p2a: Gastrodon|44\/100 brn\n|-unboost|p1a: Timmy|def|1\n|-unboost|p1a: Timmy|spd|1\n|move|p2b: Gholdengo|Thunderbolt|p1a: Timmy\n|-supereffective|p1a: Timmy\n|-damage|p1a: Timmy|0 fnt\n|faint|p1a: Timmy\n|move|p2a: Gastrodon|Earth Power|p1b: Billy\n|-supereffective|p1b: Billy\n|-damage|p1b: Billy|46\/100 slp\n|cant|p1b: Billy|slp\n|\n|-heal|p2a: Gastrodon|50\/100 brn|[from] item: Leftovers\n|-damage|p2a: Gastrodon|44\/100 brn|[from] brn\n|upkeep\n|turn|7\n|c|\u2606PokeReplaysVGC|gg i said gastro like timmy he just wants to be friends\n|c|\u2606flopyflopsters|cap\n|c|\u2606flopyflopsters|timmy got eaten\n|\n|t:|1700216870\n|move|p2b: Gholdengo|Thunderbolt|p1b: Billy\n|-resisted|p1b: Billy\n|-damage|p1b: Billy|34\/100 slp\n|move|p2a: Gastrodon|Earth Power|p1b: Billy\n|-supereffective|p1b: Billy\n|-damage|p1b: Billy|0 fnt\n|faint|p1b: Billy\n|-end|p1b: Billy|Quark Drive|[silent]\n|\n|win|PokeReplaysVGC\n|n|\u2606flopyflopsters|flopyflopsters\n|n|\u2606PokeReplaysVGC|pokereplaysvgc\n|n| blindfishptsd|blindfishptsd\n|c|\u2606flopyflopsters|ggwp\n|c|\u2606PokeReplaysVGC|ggs\n|c|\u2606PokeReplaysVGC|thanks\n|l| blindfishptsd\n|c|\u2606flopyflopsters|np\n|l|\u2606flopyflopsters\n","uploadtime":1700216879,"views":8,"p1id":"flopyflopsters","p2id":"pokereplaysvgc","formatid":"gen9vgc2023regulatione","rating":0,"private":0,"password":""}