{"id":"gen9vgc2023regulatione-1990910616","p1":"Luminaryyyyyy","p2":"DamEdge","format":"[Gen 9] VGC 2023 Regulation E","log":"|j|\u2606Luminaryyyyyy\n|j|\u2606DamEdge\n|n|\u2606Luminaryyyyyy|luminaryyyyyy\n|n|\u2606DamEdge|damedge\n|html|View the match progress at <a href=\"\/game-bestof3-gen9vgc2023regulatione-1990908435\">game-bestof3-gen9vgc2023regulatione-1990908435<\/a>\n|t:|1700014150\n|gametype|doubles\n|player|p1|Luminaryyyyyy|iris|\n|player|p2|DamEdge|teamrocket|\n|teamsize|p1|6\n|teamsize|p2|6\n|gen|9\n|tier|[Gen 9] VGC 2023 Regulation E\n|rule|Species Clause: Limit one of each Pok\u00e9mon\n|rule|Item Clause: Limit one of each item\n|clearpoke\n|poke|p1|Sneasel, L50, M|\n|poke|p1|Gardevoir, L50, F|\n|poke|p1|Gliscor, L50, F|\n|poke|p1|Clefairy, L50, M|\n|poke|p1|Gholdengo, L50|\n|poke|p1|Palafin, L50, F|\n|poke|p2|Urshifu-*, L50, F|\n|poke|p2|Tornadus, L50, M|\n|poke|p2|Arcanine-Hisui, L50, F|\n|poke|p2|Hydreigon, L50, F|\n|poke|p2|Revavroom, L50, F|\n|poke|p2|Dipplin, L50, M|\n|teampreview|4\n|j| Omega_Jirachi\n|j| ML Lacius\n|j| LookItUpVGC\n|j| Lkynmbr24\n|j| HappyW\n|j| Salivadora\n|j| 42beets\n|j| ImNextUp\n|c| Lkynmbr24|This new Bo3 feature is so convenient lol\n|\n|t:|1700014172\n|start\n|switch|p1a: Achoo|Sneasel, L50, M|100\/100\n|switch|p1b: Rango|Gholdengo, L50|100\/100\n|switch|p2a: Urshifu|Urshifu-Rapid-Strike, L50, F|100\/100\n|switch|p2b: Arcanine|Arcanine-Hisui, L50, F|100\/100\n|-ability|p2b: Arcanine|Intimidate|boost\n|-fail|p1a: Achoo|unboost|Attack|[from] ability: Inner Focus|[of] p1a: Achoo\n|-unboost|p1b: Rango|atk|1\n|turn|1\n|c| Omega_Jirachi|Agreed\n|j| idontgivetkachuk\n|\n|t:|1700014210\n|-terastallize|p2b: Arcanine|Grass\n|move|p1b: Rango|Protect|p1b: Rango\n|-singleturn|p1b: Rango|Protect\n|move|p1a: Achoo|Fake Out|p2a: Urshifu\n|-damage|p2a: Urshifu|89\/100\n|cant|p2a: Urshifu|flinch\n|move|p2b: Arcanine|Tera Blast|p1b: Rango|[anim] Tera Blast Grass\n|-activate|p1b: Rango|move: Protect\n|\n|upkeep\n|turn|2\n|j| Cruzer108\n|\n|t:|1700014232\n|switch|p1b: Orbussy|Gliscor, L50, F|100\/100\n|switch|p2b: Tornadus|Tornadus, L50, M|100\/100\n|move|p1a: Achoo|Icy Wind|p2a: Urshifu|[spread] p2a,p2b\n|-resisted|p2a: Urshifu\n|-supereffective|p2b: Tornadus\n|-damage|p2a: Urshifu|85\/100\n|-damage|p2b: Tornadus|88\/100\n|-unboost|p2a: Urshifu|spe|1\n|-unboost|p2b: Tornadus|spe|1\n|move|p2a: Urshifu|Surging Strikes|p1a: Achoo\n|-crit|p1a: Achoo\n|-damage|p1a: Achoo|40\/100\n|-crit|p1a: Achoo\n|-damage|p1a: Achoo|0 fnt\n|faint|p1a: Achoo\n|-hitcount|p1: Achoo|2\n|\n|-status|p1b: Orbussy|tox|[from] item: Toxic Orb\n|upkeep\n|c| Cruzer108|ushifu is certainly strong\n|\n|t:|1700014249\n|switch|p1a: Rango|Gholdengo, L50|100\/100\n|turn|3\n|\n|t:|1700014261\n|-terastallize|p1a: Rango|Water\n|move|p1b: Orbussy|Protect|p1b: Orbussy\n|-singleturn|p1b: Orbussy|Protect\n|move|p2a: Urshifu|Protect|p2a: Urshifu\n|-singleturn|p2a: Urshifu|Protect\n|move|p2b: Tornadus|Tailwind|p2b: Tornadus\n|-sidestart|p2: DamEdge|move: Tailwind\n|move|p1a: Rango|Shadow Ball|p2a: Urshifu\n|-activate|p2a: Urshifu|move: Protect\n|\n|upkeep\n|turn|4\n|c| HappyW|:0\n|\n|t:|1700014291\n|move|p2b: Tornadus|Taunt|p1a: Rango\n|-immune|p1a: Rango|[from] ability: Good as Gold\n|move|p2a: Urshifu|Surging Strikes|p1b: Orbussy\n|-supereffective|p1b: Orbussy\n|-crit|p1b: Orbussy\n|-damage|p1b: Orbussy|56\/100 tox\n|-supereffective|p1b: Orbussy\n|-crit|p1b: Orbussy\n|-damage|p1b: Orbussy|13\/100 tox\n|-supereffective|p1b: Orbussy\n|-crit|p1b: Orbussy\n|-damage|p1b: Orbussy|0 fnt\n|faint|p1b: Orbussy\n|-hitcount|p1: Orbussy|3\n|move|p1a: Rango|Nasty Plot|p1a: Rango\n|-boost|p1a: Rango|spa|2\n|\n|upkeep\n|c| Salivadora|cant believe is using a banned pairing now\n|\n|t:|1700014298\n|switch|p1b: Milkers|Gardevoir, L50, F|100\/100\n|-ability|p1b: Milkers|Unseen Fist|[from] ability: Trace|[of] p2a: Urshifu\n|turn|5\n|\n|t:|1700014309\n|move|p1b: Milkers|Moonblast|p2b: Tornadus\n|-damage|p2b: Tornadus|31\/100\n|-unboost|p2b: Tornadus|spa|1\n|-enditem|p2b: Tornadus|Sitrus Berry|[eat]\n|-heal|p2b: Tornadus|55\/100|[from] item: Sitrus Berry\n|move|p2a: Urshifu|Surging Strikes|p1b: Milkers\n|-crit|p1b: Milkers\n|-damage|p1b: Milkers|54\/100\n|-crit|p1b: Milkers\n|-damage|p1b: Milkers|12\/100\n|-crit|p1b: Milkers\n|-damage|p1b: Milkers|0 fnt\n|faint|p1b: Milkers\n|-hitcount|p1: Milkers|3\n|move|p2b: Tornadus|Grass Knot|p1a: Rango\n|-supereffective|p1a: Rango\n|-damage|p1a: Rango|71\/100\n|move|p1a: Rango|Shadow Ball|p2a: Urshifu\n|-damage|p2a: Urshifu|0 fnt\n|faint|p2a: Urshifu\n|\n|upkeep\n|\n|t:|1700014330\n|switch|p2a: Arcanine|Arcanine-Hisui, L50, F, tera:Grass|100\/100\n|-ability|p2a: Arcanine|Intimidate|boost\n|-unboost|p1a: Rango|atk|1\n|turn|6\n|\n|t:|1700014350\n|switch|p2b: Dipplin|Dipplin, L50, M|100\/100\n|-ability|p2b: Dipplin|Supersweet Syrup\n|-ability|p2b: Dipplin|Supersweet Syrup|boost\n|-unboost|p1a: Rango|evasion|1\n|move|p2a: Arcanine|Tera Blast|p1a: Rango|[anim] Tera Blast Grass\n|-supereffective|p1a: Rango\n|-crit|p1a: Rango\n|-damage|p1a: Rango|0 fnt\n|faint|p1a: Rango\n|\n|win|DamEdge\n|c|\u2606Luminaryyyyyy|ggs\n|l| idontgivetkachuk\n|l| ImNextUp\n|c|\u2606DamEdge|ggs!\n|l| 42beets\n|l| Salivadora\n|l| LookItUpVGC\n|l| HappyW\n|l| Lkynmbr24\n|l|\u2606DamEdge\n|l| ML Lacius\n|j|\u2606DamEdge\n|player|p2|DamEdge|teamrocket\n|l| Cruzer108\n|l|\u2606Luminaryyyyyy\n|l| Omega_Jirachi\n","uploadtime":1700014469,"views":12,"p1id":"luminaryyyyyy","p2id":"damedge","formatid":"gen9vgc2023regulatione","rating":0,"private":0,"password":""}