{"id":"gen9vgc2023regulatione-1996803761","p1":"Devlisted","p2":"JetDoesExist","format":"[Gen 9] VGC 2023 Regulation E","log":"|j|\u2606Devlisted\n|j|\u2606JetDoesExist\n|t:|1700727970\n|gametype|doubles\n|player|p1|Devlisted|265|\n|player|p2|JetDoesExist|ethan|\n|teamsize|p1|6\n|teamsize|p2|4\n|gen|9\n|tier|[Gen 9] VGC 2023 Regulation E\n|rule|Species Clause: Limit one of each Pok\u00e9mon\n|rule|Item Clause: Limit one of each item\n|clearpoke\n|poke|p1|Moltres-Galar, L50|\n|poke|p1|Arcanine-Hisui, L50, M|\n|poke|p1|Munkidori, L50, M|\n|poke|p1|Sinistcha, L50|\n|poke|p1|Grimmsnarl, L50, M|\n|poke|p1|Milotic, L50, M|\n|poke|p2|Clefairy, L50, M|\n|poke|p2|Haxorus, L50, F|\n|poke|p2|Sinistcha-Masterpiece, L50|\n|poke|p2|Regidrago, L50|\n|teampreview|4\n|l|\u2606JetDoesExist\n|player|p2|\n|j|\u2606JetDoesExist\n|player|p2|JetDoesExist|ethan\n|inactive|Battle timer is ON: inactive players will automatically lose when time's up. (requested by JetDoesExist)\n|inactive|Devlisted has 60 seconds left.\n|c|\u2606JetDoesExist|\ud83d\udd20\ud83d\udd20\ud83d\udd20\ud83d\udd20\ud83d\udd20\ud83d\udd20\ud83d\udd20\ud83d\udd20\ud83d\udd20\ud83d\udd20\n|\n|t:|1700728061\n|start\n|switch|p1a: Grimmsnarl|Grimmsnarl, L50, M|100\/100\n|switch|p1b: Munkidori|Munkidori, L50, M|100\/100\n|switch|p2a: Clefairy|Clefairy, L50, M|100\/100\n|switch|p2b: Haxorus|Haxorus, L50, F, shiny|100\/100\n|-item|p2a: Clefairy|Eviolite|[from] ability: Frisk|[of] p1b: Munkidori|[identify]\n|-item|p2b: Haxorus|Loaded Dice|[from] ability: Frisk|[of] p1b: Munkidori|[identify]\n|-ability|p2b: Haxorus|Mold Breaker\n|turn|1\n|inactive|JetDoesExist has 30 seconds left.\n|inactive|Devlisted has 30 seconds left.\n|\n|t:|1700728093\n|move|p1b: Munkidori|Fake Out|p2b: Haxorus\n|-damage|p2b: Haxorus|94\/100\n|move|p2a: Clefairy|Follow Me|p2a: Clefairy\n|-singleturn|p2a: Clefairy|move: Follow Me\n|move|p1a: Grimmsnarl|Reflect|p1a: Grimmsnarl\n|-sidestart|p1: Devlisted|Reflect\n|cant|p2b: Haxorus|flinch\n|\n|upkeep\n|turn|2\n|inactive|JetDoesExist has 30 seconds left.\n|\n|t:|1700728121\n|switch|p1a: Arcanine|Arcanine-Hisui, L50, M|100\/100\n|-ability|p1a: Arcanine|Intimidate|boost\n|-unboost|p2a: Clefairy|atk|1\n|-unboost|p2b: Haxorus|atk|1\n|move|p2a: Clefairy|Follow Me|p2a: Clefairy\n|-singleturn|p2a: Clefairy|move: Follow Me\n|move|p1b: Munkidori|Sludge Bomb|p2a: Clefairy\n|-supereffective|p2a: Clefairy\n|-damage|p2a: Clefairy|25\/100\n|move|p2b: Haxorus|Scale Shot|p1b: Munkidori\n|-damage|p1b: Munkidori|90\/100\n|-damage|p1b: Munkidori|80\/100\n|-crit|p1b: Munkidori\n|-damage|p1b: Munkidori|43\/100\n|-damage|p1b: Munkidori|32\/100\n|-hitcount|p1b: Munkidori|4\n|-unboost|p2b: Haxorus|def|1\n|-boost|p2b: Haxorus|spe|1\n|\n|upkeep\n|turn|3\n|inactive|JetDoesExist has 30 seconds left.\n|inactive|JetDoesExist has 20 seconds left.\n|inactive|JetDoesExist has 15 seconds left.\n|inactive|JetDoesExist has 10 seconds left.\n|\n|t:|1700728168\n|switch|p2a: Regidrago|Regidrago, L50|100\/100\n|-terastallize|p1a: Arcanine|Fairy\n|move|p2b: Haxorus|Stomping Tantrum|p1a: Arcanine\n|-damage|p1a: Arcanine|84\/100\n|move|p1b: Munkidori|Sludge Bomb|p2a: Regidrago\n|-damage|p2a: Regidrago|58\/100\n|-status|p2a: Regidrago|psn\n|move|p1a: Arcanine|Tera Blast|p2b: Haxorus|[anim] Tera Blast Fairy\n|-supereffective|p2b: Haxorus\n|-damage|p2b: Haxorus|0 fnt\n|faint|p2b: Haxorus\n|\n|-damage|p2a: Regidrago|46\/100 psn|[from] psn\n|upkeep\n|\n|t:|1700728182\n|switch|p2b: Sinistcha|Sinistcha-Masterpiece, L50|100\/100\n|-heal|p2a: Regidrago|71\/100 psn|[from] ability: Hospitality|[of] p2b: Sinistcha\n|turn|4\n|inactive|Devlisted has 30 seconds left.\n|inactive|Devlisted has 20 seconds left.\n|\n|t:|1700728219\n|-terastallize|p2a: Regidrago|Steel\n|move|p1b: Munkidori|Parting Shot|p2a: Regidrago\n|-unboost|p2a: Regidrago|atk|1\n|-unboost|p2a: Regidrago|spa|1\n|\n|t:|1700728229\n|switch|p1b: Moltres|Moltres-Galar, L50|100\/100|[from] Parting Shot\n|move|p1a: Arcanine|Rock Slide|p2b: Sinistcha|[spread] p2a,p2b\n|-resisted|p2a: Regidrago\n|-damage|p2a: Regidrago|57\/100 psn\n|-damage|p2b: Sinistcha|75\/100\n|cant|p2a: Regidrago|flinch\n|move|p2b: Sinistcha|Life Dew|p2b: Sinistcha|[spread] p2a,p2b\n|-heal|p2a: Regidrago|82\/100 psn\n|-heal|p2b: Sinistcha|100\/100\n|\n|-damage|p2a: Regidrago|70\/100 psn|[from] psn\n|upkeep\n|turn|5\n|inactive|Devlisted has 30 seconds left.\n|inactive|JetDoesExist has 30 seconds left.\n|\n|t:|1700728260\n|switch|p2a: Clefairy|Clefairy, L50, M|25\/100\n|move|p1a: Arcanine|Flare Blitz|p2a: Clefairy\n|-damage|p2a: Clefairy|0 fnt\n|faint|p2a: Clefairy\n|-damage|p1a: Arcanine|77\/100|[from] Recoil\n|move|p1b: Moltres|Air Slash|p2b: Sinistcha|[miss]\n|-miss|p1b: Moltres|p2b: Sinistcha\n|move|p2b: Sinistcha|Stun Spore|p1b: Moltres\n|-status|p1b: Moltres|par\n|\n|upkeep\n|\n|t:|1700728266\n|switch|p2a: Regidrago|Regidrago, L50, tera:Steel|70\/100 psn\n|turn|6\n|\n|t:|1700728287\n|move|p1a: Arcanine|Flare Blitz|p2a: Regidrago\n|-supereffective|p2a: Regidrago\n|-damage|p2a: Regidrago|0 fnt\n|faint|p2a: Regidrago\n|-damage|p1a: Arcanine|42\/100|[from] Recoil\n|move|p2b: Sinistcha|Life Dew||[still]\n|-fail|p2b: Sinistcha|heal\n|move|p1b: Moltres|Air Slash|p2b: Sinistcha\n|-supereffective|p2b: Sinistcha\n|-damage|p2b: Sinistcha|1\/100\n|\n|upkeep\n|turn|7\n|\n|t:|1700728292\n|move|p1a: Arcanine|Flare Blitz|p2b: Sinistcha\n|-supereffective|p2b: Sinistcha\n|-damage|p2b: Sinistcha|0 fnt\n|-damage|p1a: Arcanine|25\/100|[from] item: Rocky Helmet|[of] p2b: Sinistcha\n|faint|p2b: Sinistcha\n|-damage|p1a: Arcanine|25\/100|[from] Recoil\n|\n|win|Devlisted\n","uploadtime":1700728295,"views":4,"p1id":"devlisted","p2id":"jetdoesexist","formatid":"gen9vgc2023regulatione","rating":0,"private":0,"password":""}