{"id":"gen9vgc2023regulatione-1988697946","p1":"Chard.coder","p2":"CharlienoB","format":"[Gen 9] VGC 2023 Regulation E","log":"|j|\u2606Chard.coder\n|j|\u2606CharlienoB\n|t:|1699751999\n|gametype|doubles\n|player|p1|Chard.coder|supernerd|1089\n|player|p2|CharlienoB|102|1141\n|teamsize|p1|4\n|teamsize|p2|6\n|gen|9\n|tier|[Gen 9] VGC 2023 Regulation E\n|rated|\n|rule|Species Clause: Limit one of each Pok\u00e9mon\n|rule|Item Clause: Limit one of each item\n|clearpoke\n|poke|p1|Regieleki, L50|\n|poke|p1|Brute Bonnet, L50|\n|poke|p1|Heatran, L50, M|\n|poke|p1|Urshifu-*, L50, F|\n|poke|p2|Maushold, L50|\n|poke|p2|Arcanine-Hisui, L50, F|\n|poke|p2|Grimmsnarl, L50, M|\n|poke|p2|Sinistcha, L50|\n|poke|p2|Iron Bundle, L50|\n|poke|p2|Iron Hands, L50|\n|teampreview|4\n|\n|t:|1699752022\n|start\n|switch|p1a: Regieleki|Regieleki, L50|100\/100\n|switch|p1b: Brute Bonnet|Brute Bonnet, L50|100\/100\n|switch|p2a: Maushold|Maushold, L50|100\/100\n|switch|p2b: Grimmsnarl|Grimmsnarl, L50, M|100\/100\n|-enditem|p1b: Brute Bonnet|Booster Energy\n|-activate|p1b: Brute Bonnet|ability: Protosynthesis|[fromitem]\n|-start|p1b: Brute Bonnet|protosynthesisspa\n|turn|1\n|\n|t:|1699752048\n|-terastallize|p2a: Maushold|Grass\n|move|p2b: Grimmsnarl|Parting Shot|p1a: Regieleki\n|-unboost|p1a: Regieleki|atk|1\n|-unboost|p1a: Regieleki|spa|1\n|\n|t:|1699752057\n|switch|p2b: Iron Hands|Iron Hands, L50|100\/100|[from] Parting Shot\n|move|p1a: Regieleki|Thunderbolt|p2a: Maushold\n|-resisted|p2a: Maushold\n|-damage|p2a: Maushold|72\/100\n|-damage|p1a: Regieleki|91\/100|[from] item: Life Orb\n|move|p2a: Maushold|Population Bomb|p1a: Regieleki\n|-damage|p1a: Regieleki|71\/100\n|-damage|p1a: Regieleki|53\/100\n|-damage|p1a: Regieleki|36\/100\n|-damage|p1a: Regieleki|17\/100\n|-damage|p1a: Regieleki|0 fnt\n|faint|p1a: Regieleki\n|-hitcount|p1: Regieleki|5\n|move|p1b: Brute Bonnet|Taunt|p2b: Iron Hands\n|-start|p2b: Iron Hands|move: Taunt\n|\n|upkeep\n|\n|t:|1699752078\n|switch|p1a: Heatran|Heatran, L50, M|100\/100\n|turn|2\n|\n|t:|1699752095\n|move|p2b: Iron Hands|Fake Out|p1a: Heatran\n|-resisted|p1a: Heatran\n|-damage|p1a: Heatran|94\/100\n|move|p2a: Maushold|Population Bomb|p1b: Brute Bonnet\n|-damage|p1b: Brute Bonnet|93\/100\n|-damage|p1b: Brute Bonnet|85\/100\n|-damage|p1b: Brute Bonnet|78\/100\n|-damage|p1b: Brute Bonnet|69\/100\n|-damage|p1b: Brute Bonnet|61\/100\n|-damage|p1b: Brute Bonnet|54\/100\n|-damage|p1b: Brute Bonnet|46\/100\n|-damage|p1b: Brute Bonnet|39\/100\n|-hitcount|p1b: Brute Bonnet|8\n|cant|p1a: Heatran|flinch\n|move|p1b: Brute Bonnet|Spore|p2b: Iron Hands\n|-status|p2b: Iron Hands|slp|[from] move: Spore\n|\n|-heal|p1a: Heatran|99\/100|[from] item: Leftovers\n|upkeep\n|turn|3\n|\n|t:|1699752125\n|move|p2a: Maushold|U-turn|p1b: Brute Bonnet\n|-supereffective|p1b: Brute Bonnet\n|-damage|p1b: Brute Bonnet|0 fnt\n|faint|p1b: Brute Bonnet\n|-end|p1b: Brute Bonnet|Protosynthesis|[silent]\n|\n|t:|1699752130\n|switch|p2a: Iron Bundle|Iron Bundle, L50|100\/100|[from] U-turn\n|-enditem|p2a: Iron Bundle|Booster Energy\n|-activate|p2a: Iron Bundle|ability: Quark Drive|[fromitem]\n|-start|p2a: Iron Bundle|quarkdrivespe\n|move|p1a: Heatran|Overheat|p2a: Iron Bundle\n|-damage|p2a: Iron Bundle|0 fnt\n|-unboost|p1a: Heatran|spa|2\n|faint|p2a: Iron Bundle\n|-end|p2a: Iron Bundle|Quark Drive|[silent]\n|cant|p2b: Iron Hands|slp\n|\n|-heal|p1a: Heatran|100\/100|[from] item: Leftovers\n|-end|p2b: Iron Hands|move: Taunt\n|upkeep\n|\n|t:|1699752146\n|switch|p2a: Grimmsnarl|Grimmsnarl, L50, M|100\/100\n|switch|p1b: Urshifu|Urshifu-Rapid-Strike, L50, F|100\/100\n|turn|4\n|\n|t:|1699752173\n|move|p2a: Grimmsnarl|Parting Shot|p1b: Urshifu\n|-unboost|p1b: Urshifu|atk|1\n|-unboost|p1b: Urshifu|spa|1\n|\n|t:|1699752177\n|switch|p2a: Maushold|Maushold, L50, tera:Grass|72\/100|[from] Parting Shot\n|move|p1b: Urshifu|Swords Dance|p1b: Urshifu\n|-boost|p1b: Urshifu|atk|2\n|move|p1a: Heatran|Overheat|p2b: Iron Hands\n|-damage|p2b: Iron Hands|81\/100 slp\n|-unboost|p1a: Heatran|spa|2\n|-curestatus|p2b: Iron Hands|slp|[msg]\n|move|p2b: Iron Hands|Drain Punch|p1a: Heatran\n|-supereffective|p1a: Heatran\n|-damage|p1a: Heatran|31\/100\n|-heal|p2b: Iron Hands|100\/100|[from] drain|[of] p1a: Heatran\n|\n|-heal|p1a: Heatran|37\/100|[from] item: Leftovers\n|upkeep\n|turn|5\n|\n|t:|1699752205\n|-terastallize|p1b: Urshifu|Water\n|move|p1b: Urshifu|Surging Strikes|p2b: Iron Hands\n|-crit|p2b: Iron Hands\n|-damage|p2b: Iron Hands|68\/100\n|-crit|p2b: Iron Hands\n|-damage|p2b: Iron Hands|37\/100\n|-crit|p2b: Iron Hands\n|-damage|p2b: Iron Hands|3\/100\n|-hitcount|p2b: Iron Hands|3\n|move|p2a: Maushold|Bullet Seed|p1b: Urshifu\n|-supereffective|p1b: Urshifu\n|-damage|p1b: Urshifu|76\/100\n|-supereffective|p1b: Urshifu\n|-damage|p1b: Urshifu|51\/100\n|-supereffective|p1b: Urshifu\n|-damage|p1b: Urshifu|26\/100\n|-supereffective|p1b: Urshifu\n|-damage|p1b: Urshifu|1\/100\n|-hitcount|p1b: Urshifu|4\n|move|p1a: Heatran|Flash Cannon|p2b: Iron Hands\n|-resisted|p2b: Iron Hands\n|-damage|p2b: Iron Hands|0 fnt\n|faint|p2b: Iron Hands\n|-end|p2b: Iron Hands|Quark Drive|[silent]\n|\n|-heal|p1a: Heatran|43\/100|[from] item: Leftovers\n|upkeep\n|\n|t:|1699752227\n|switch|p2b: Grimmsnarl|Grimmsnarl, L50, M|100\/100\n|turn|6\n|\n|t:|1699752248\n|move|p2b: Grimmsnarl|Reflect|p2b: Grimmsnarl\n|-sidestart|p2: CharlienoB|Reflect\n|move|p1b: Urshifu|Drain Punch|p2a: Maushold\n|-damage|p2a: Maushold|26\/100\n|-heal|p1b: Urshifu|25\/100|[from] drain|[of] p2a: Maushold\n|move|p2a: Maushold|Population Bomb|p1a: Heatran\n|-resisted|p1a: Heatran\n|-damage|p1a: Heatran|38\/100\n|-resisted|p1a: Heatran\n|-damage|p1a: Heatran|34\/100\n|-resisted|p1a: Heatran\n|-crit|p1a: Heatran\n|-damage|p1a: Heatran|28\/100\n|-resisted|p1a: Heatran\n|-damage|p1a: Heatran|23\/100\n|-resisted|p1a: Heatran\n|-damage|p1a: Heatran|19\/100\n|-hitcount|p1a: Heatran|5\n|move|p1a: Heatran|Overheat|p2a: Maushold|[miss]\n|-miss|p1a: Heatran|p2a: Maushold\n|\n|-heal|p1a: Heatran|25\/100|[from] item: Leftovers\n|upkeep\n|turn|7\n|\n|t:|1699752280\n|move|p2b: Grimmsnarl|Light Screen|p2b: Grimmsnarl\n|-sidestart|p2: CharlienoB|move: Light Screen\n|move|p1b: Urshifu|Drain Punch|p2a: Maushold\n|-damage|p2a: Maushold|0 fnt\n|-heal|p1b: Urshifu|39\/100|[from] drain|[of] p2a: Maushold\n|faint|p2a: Maushold\n|move|p1a: Heatran|Overheat|p2b: Grimmsnarl\n|-damage|p2b: Grimmsnarl|84\/100\n|-unboost|p1a: Heatran|spa|2\n|\n|-heal|p1a: Heatran|31\/100|[from] item: Leftovers\n|upkeep\n|turn|8\n|\n|t:|1699752300\n|move|p2b: Grimmsnarl|Parting Shot|p1b: Urshifu\n|-unboost|p1b: Urshifu|atk|1\n|-unboost|p1b: Urshifu|spa|1\n|move|p1b: Urshifu|Swords Dance|p1b: Urshifu\n|-boost|p1b: Urshifu|atk|2\n|move|p1a: Heatran|Flash Cannon|p2b: Grimmsnarl\n|-supereffective|p2b: Grimmsnarl\n|-damage|p2b: Grimmsnarl|68\/100\n|\n|-heal|p1a: Heatran|37\/100|[from] item: Leftovers\n|upkeep\n|turn|9\n|\n|t:|1699752319\n|move|p2b: Grimmsnarl|Parting Shot|p1b: Urshifu\n|-unboost|p1b: Urshifu|atk|1\n|-unboost|p1b: Urshifu|spa|1\n|move|p1b: Urshifu|Drain Punch|p2b: Grimmsnarl\n|-damage|p2b: Grimmsnarl|26\/100\n|-heal|p1b: Urshifu|63\/100|[from] drain|[of] p2b: Grimmsnarl\n|move|p1a: Heatran|Flash Cannon|p2b: Grimmsnarl\n|-supereffective|p2b: Grimmsnarl\n|-damage|p2b: Grimmsnarl|11\/100\n|\n|-heal|p1a: Heatran|43\/100|[from] item: Leftovers\n|upkeep\n|turn|10\n|\n|t:|1699752335\n|move|p2b: Grimmsnarl|Parting Shot|p1b: Urshifu\n|-unboost|p1b: Urshifu|atk|1\n|-unboost|p1b: Urshifu|spa|1\n|move|p1b: Urshifu|Drain Punch|p2b: Grimmsnarl\n|-damage|p2b: Grimmsnarl|0 fnt\n|-heal|p1b: Urshifu|69\/100|[from] drain|[of] p2b: Grimmsnarl\n|faint|p2b: Grimmsnarl\n|\n|win|Chard.coder\n|raw|Chard.coder's rating: 1089 &rarr; <strong>1120<\/strong><br \/>(+31 for winning)\n|raw|CharlienoB's rating: 1141 &rarr; <strong>1112<\/strong><br \/>(-29 for losing)\n","uploadtime":1699752345,"views":22,"p1id":"chardcoder","p2id":"charlienob","formatid":"gen9vgc2023regulatione","rating":1112,"private":0,"password":""}