{"id":"gen9vgc2023regulatione-1996517600","p1":"Salivadora","p2":"jrod7780","format":"[Gen 9] VGC 2023 Regulation E","log":"|j|\u2606Salivadora\n|j|\u2606jrod7780\n|n|\u2606Salivadora|salivadora\n|n|\u2606jrod7780|jrod7780\n|html|View the match progress at <a href=\"\/game-bestof3-gen9vgc2023regulatione-1996517599\">game-bestof3-gen9vgc2023regulatione-1996517599<\/a>\n|t:|1700689818\n|gametype|doubles\n|player|p1|Salivadora|colress|\n|player|p2|jrod7780|blue|\n|teamsize|p1|6\n|teamsize|p2|6\n|gen|9\n|tier|[Gen 9] VGC 2023 Regulation E\n|rule|Species Clause: Limit one of each Pok\u00e9mon\n|rule|Item Clause: Limit one of each item\n|clearpoke\n|poke|p1|Iron Bundle, L50|\n|poke|p1|Iron Hands, L50|\n|poke|p1|Moltres-Galar, L50|\n|poke|p1|Klefki, L50, F|\n|poke|p1|Delphox, L50, M|\n|poke|p1|Fletchinder, L50, F|\n|poke|p2|Tauros-Paldea-Blaze, L50, M|\n|poke|p2|Volcarona, L50, F|\n|poke|p2|Ogerpon, L50, F|\n|poke|p2|Ninetales-Alola, L50, F|\n|poke|p2|Landorus-Therian, L50, M|\n|poke|p2|Gallade, L50, M|\n|teampreview|4\nSalivadora rejected open team sheets.\n|c|\u2606Salivadora|live battles?\n|c|\u2606jrod7780|yes\n|c|\u2606Salivadora|https:\/\/pokepast.es\/f30f79bfb13db459\n|c|\u2606jrod7780|https:\/\/pokepast.es\/e54300beba68bd75\n|j| Luckiest Ludicolo\n|c|\u2606Salivadora|glhf!\n|c| Luckiest Ludicolo|gl gamers\n|c|\u2606jrod7780|u 2\n|j| Huxley187\n|j| JabsGR\n|j| Lkynmbr24\n|c| JabsGR|good luck to both\n|j| sleepzey\n|j| Raikia\n|c| Huxley187|Rooting for the person with a mon who can set tailwind\n|\n|t:|1700689947\n|start\n|switch|p1a: Iron Bundle|Iron Bundle, L50|100\/100\n|switch|p1b: Iron Hands|Iron Hands, L50|100\/100\n|switch|p2a: Tauros|Tauros-Paldea-Blaze, L50, M|100\/100\n|switch|p2b: Gallade|Gallade, L50, M|100\/100\n|-ability|p2a: Tauros|Intimidate|boost\n|-unboost|p1a: Iron Bundle|atk|1\n|-unboost|p1b: Iron Hands|atk|1\n|turn|1\n|c| Luckiest Ludicolo|me when one of them has 2 mons that can set Tailwind\n|\n|t:|1700689982\n|-terastallize|p2b: Gallade|Ghost\n|move|p1b: Iron Hands|Fake Out|p2a: Tauros\n|-damage|p2a: Tauros|91\/100\n|move|p1a: Iron Bundle|Icy Wind|p2a: Tauros|[spread] p2a,p2b\n|-resisted|p2a: Tauros\n|-damage|p2a: Tauros|81\/100\n|-damage|p2b: Gallade|75\/100\n|-unboost|p2a: Tauros|spe|1\n|-unboost|p2b: Gallade|spe|1\n|move|p2b: Gallade|Psycho Cut|p1b: Iron Hands\n|-supereffective|p1b: Iron Hands\n|-damage|p1b: Iron Hands|0 fnt\n|faint|p1b: Iron Hands\n|-end|p1b: Iron Hands|Quark Drive|[silent]\n|cant|p2a: Tauros|flinch\n|\n|upkeep\n|c| Huxley187|That\u2019s unimportant\n|c| Huxley187|as long as they have one\n|c|\u2606Salivadora|dam\n|\n|t:|1700690002\n|switch|p1b: Moltres|Moltres-Galar, L50|100\/100\n|turn|2\n|\n|t:|1700690019\n|switch|p2b: Ninetales|Ninetales-Alola, L50, F|100\/100\n|-weather|Snow|[from] ability: Snow Warning|[of] p2b: Ninetales\n|move|p1a: Iron Bundle|Hydro Pump|p2a: Tauros\n|-supereffective|p2a: Tauros\n|-damage|p2a: Tauros|0 fnt\n|faint|p2a: Tauros\n|move|p1b: Moltres|Nasty Plot|p1b: Moltres\n|-boost|p1b: Moltres|spa|2\n|\n|-weather|Snow|[upkeep]\n|upkeep\n|\n|t:|1700690029\n|switch|p2a: Gallade|Gallade, L50, M, tera:Ghost|75\/100\n|turn|3\n|\n|t:|1700690044\n|-terastallize|p1b: Moltres|Fairy\n|move|p1a: Iron Bundle|Icy Wind|p2b: Ninetales|[spread] p2a,p2b\n|-resisted|p2b: Ninetales\n|-damage|p2a: Gallade|52\/100\n|-damage|p2b: Ninetales|90\/100\n|-unboost|p2a: Gallade|spe|1\n|-unboost|p2b: Ninetales|spe|1\n|move|p1b: Moltres|Fiery Wrath|p2a: Gallade|[spread] p2a,p2b\n|-supereffective|p2a: Gallade\n|-resisted|p2b: Ninetales\n|-damage|p2a: Gallade|0 fnt\n|-damage|p2b: Ninetales|64\/100\n|faint|p2a: Gallade\n|move|p2b: Ninetales|Aurora Veil|p2b: Ninetales\n|-sidestart|p2: jrod7780|move: Aurora Veil\n|\n|-weather|Snow|[upkeep]\n|upkeep\n|l| Huxley187\n|\n|t:|1700690056\n|switch|p2a: Volcarona|Volcarona, L50, F|100\/100\n|turn|4\n|\n|t:|1700690066\n|move|p1a: Iron Bundle|Hydro Pump|p2a: Volcarona\n|-supereffective|p2a: Volcarona\n|-damage|p2a: Volcarona|35\/100\n|move|p1b: Moltres|Air Slash|p2a: Volcarona\n|-supereffective|p2a: Volcarona\n|-damage|p2a: Volcarona|0 fnt\n|faint|p2a: Volcarona\n|move|p2b: Ninetales|Icy Wind|p1a: Iron Bundle|[spread] p1a,p1b\n|-resisted|p1a: Iron Bundle\n|-damage|p1a: Iron Bundle|94\/100\n|-damage|p1b: Moltres|90\/100\n|-unboost|p1a: Iron Bundle|spe|1\n|-unboost|p1b: Moltres|spe|1\n|\n|-weather|Snow|[upkeep]\n|upkeep\n|turn|5\n|\n|t:|1700690078\n|move|p1a: Iron Bundle|Hydro Pump|p2b: Ninetales\n|-damage|p2b: Ninetales|25\/100\n|move|p2b: Ninetales|Blizzard|p1b: Moltres|[spread] p1a,p1b\n|-resisted|p1a: Iron Bundle\n|-damage|p1a: Iron Bundle|81\/100\n|-damage|p1b: Moltres|67\/100\n|move|p1b: Moltres|Air Slash|p2b: Ninetales\n|-damage|p2b: Ninetales|0 fnt\n|faint|p2b: Ninetales\n|\n|win|Salivadora\n|inactive|Salivadora has 50 seconds to confirm battle start!\n|inactive|jrod7780 has 50 seconds to confirm battle start!\n|c|&|\/uhtml prompt-jrod7780,jrod7780 is ready for game 2!\n|l| JabsGR\n|inactive|Salivadora has 40 seconds to confirm battle start!\n|inactive|Salivadora has 30 seconds to confirm battle start!\n|c|&|\/uhtml prompt-salivadora,Salivadora is ready for game 2!\nBoth players are ready! Starting next match!\n|l| Luckiest Ludicolo\n|l| sleepzey\n|l| Raikia\n|j| Huxley187\n|l|\u2606Salivadora\n|l| Huxley187\n","uploadtime":1700690090,"views":26,"p1id":"salivadora","p2id":"jrod7780","formatid":"gen9vgc2023regulatione","rating":0,"private":0,"password":""}