{"id":"gen9vgc2023regulatione-1989699809","p1":"ConiglioVGC","p2":"Triir","format":"[Gen 9] VGC 2023 Regulation E","log":"|j|\u2606ConiglioVGC\n|j|\u2606Triir\n|n|\u2606ConiglioVGC|conigliovgc\n|n|\u2606Triir|triir\n|html|View the match progress at <a href=\"\/game-bestof3-gen9vgc2023regulatione-1989695999\">game-bestof3-gen9vgc2023regulatione-1989695999<\/a>\n|t:|1699888085\n|gametype|doubles\n|player|p1|ConiglioVGC|101|\n|player|p2|Triir|palmer|\n|teamsize|p1|6\n|teamsize|p2|6\n|gen|9\n|tier|[Gen 9] VGC 2023 Regulation E\n|rule|Species Clause: Limit one of each Pok\u00e9mon\n|rule|Item Clause: Limit one of each item\n|clearpoke\n|poke|p1|Flutter Mane, L50|\n|poke|p1|Chi-Yu, L50|\n|poke|p1|Urshifu-*, L50, F|\n|poke|p1|Rillaboom, L50, M|\n|poke|p1|Landorus-Therian, L50, M|\n|poke|p1|Thundurus, L50, M|\n|poke|p2|Farigiraf, L50, M|\n|poke|p2|Urshifu-*, L50, F|\n|poke|p2|Heatran, L50, M|\n|poke|p2|Chien-Pao, L50|\n|poke|p2|Rillaboom, L50, M|\n|poke|p2|Dragonite, L50, M|\n|teampreview|4\n|j| Crudo de fava\nConiglioVGC has agreed to open team sheets.\nTriir has agreed to open team sheets.\n|showteam|p1|Flutter Mane||BoosterEnergy|Protosynthesis|Moonblast,ShadowBall,IcyWind,Protect||||||50|,,,,,Fairy]Chi-Yu||SitrusBerry|BeadsofRuin|HeatWave,DarkPulse,WillOWisp,Snarl||||||50|,,,,,Ghost]Urshifu-Rapid-Strike||SafetyGoggles|UnseenFist|SurgingStrikes,CloseCombat,AquaJet,Detect|||F|||50|,,,,,Poison]Rillaboom||AssaultVest|GrassySurge|WoodHammer,GrassyGlide,Uturn,FakeOut|||M|||50|,,,,,Water]Landorus-Therian||ChoiceScarf|Intimidate|StompingTantrum,TeraBlast,RockSlide,Uturn|||M|||50|,,,,,Flying]Thundurus||CovertCloak|Prankster|WildboltStorm,RainDance,ScaryFace,EerieImpulse|||M|||50|,,,,,Dark\n|showteam|p2|Farigiraf||RockyHelmet|ArmorTail|TrickRoom,Psychic,DazzlingGleam,HelpingHand|||M|||50|,,,,,Fairy]Urshifu-Rapid-Strike||ChoiceScarf|UnseenFist|SurgingStrikes,CloseCombat,Uturn,AquaJet|||F|||50|,,,,,Water]Heatran||AssaultVest|FlashFire|HeatWave,EarthPower,FlashCannon,TeraBlast|||M|||50|,,,,,Fairy]Chien-Pao||FocusSash|SwordofRuin|IcicleCrash,SuckerPunch,SacredSword,Protect||||||50|,,,,,Ghost]Rillaboom||MiracleSeed|GrassySurge|FakeOut,WoodHammer,GrassyGlide,Protect|||M|||50|,,,,,Grass]Dragonite||ChoiceBand|InnerFocus|ExtremeSpeed,AerialAce,StompingTantrum,Outrage|||M|||50|,,,,,Normal\n|j| glopp_97\n|j| gluon drive\n|j| stecca\n|\n|t:|1699888164\n|start\n|switch|p1a: Rillaboom|Rillaboom, L50, M|100\/100\n|switch|p1b: Flutter Mane|Flutter Mane, L50|100\/100\n|switch|p2a: Chien-Pao|Chien-Pao, L50|100\/100\n|switch|p2b: Dragonite|Dragonite, L50, M|100\/100\n|-ability|p2a: Chien-Pao|Sword of Ruin\n|-fieldstart|move: Grassy Terrain|[from] ability: Grassy Surge|[of] p1a: Rillaboom\n|-enditem|p1b: Flutter Mane|Booster Energy\n|-activate|p1b: Flutter Mane|ability: Protosynthesis|[fromitem]\n|-start|p1b: Flutter Mane|protosynthesisspe\n|turn|1\n|\n|t:|1699888208\n|-terastallize|p2b: Dragonite|Normal\n|move|p2a: Chien-Pao|Protect|p2a: Chien-Pao\n|-singleturn|p2a: Chien-Pao|Protect\n|move|p1a: Rillaboom|Fake Out|p2a: Chien-Pao\n|-activate|p2a: Chien-Pao|move: Protect\n|move|p2b: Dragonite|Extreme Speed|p1a: Rillaboom\n|-damage|p1a: Rillaboom|32\/100\n|move|p1b: Flutter Mane|Moonblast|p2b: Dragonite\n|-damage|p2b: Dragonite|57\/100\n|-unboost|p2b: Dragonite|spa|1\n|\n|-heal|p2b: Dragonite|63\/100|[from] Grassy Terrain\n|-heal|p1a: Rillaboom|38\/100|[from] Grassy Terrain\n|upkeep\n|turn|2\n|\n|t:|1699888298\n|switch|p1a: Chi-Yu|Chi-Yu, L50|100\/100\n|-ability|p1a: Chi-Yu|Beads of Ruin\n|move|p1b: Flutter Mane|Protect|p1b: Flutter Mane\n|-singleturn|p1b: Flutter Mane|Protect\n|move|p2b: Dragonite|Extreme Speed|p1a: Chi-Yu\n|-damage|p1a: Chi-Yu|0 fnt\n|faint|p1a: Chi-Yu\n|move|p2a: Chien-Pao|Icicle Crash|p1b: Flutter Mane\n|-activate|p1b: Flutter Mane|move: Protect\n|\n|-heal|p2b: Dragonite|68\/100|[from] Grassy Terrain\n|upkeep\n|\n|t:|1699888314\n|switch|p1a: Urshifu|Urshifu-Rapid-Strike, L50, F|100\/100\n|turn|3\n|l| Crudo de fava\n|\n|t:|1699888336\n|-terastallize|p1b: Flutter Mane|Fairy\n|move|p2b: Dragonite|Extreme Speed|p1a: Urshifu\n|-damage|p1a: Urshifu|18\/100\n|move|p2a: Chien-Pao|Sucker Punch|p1a: Urshifu\n|-resisted|p1a: Urshifu\n|-damage|p1a: Urshifu|0 fnt\n|faint|p1a: Urshifu\n|move|p1b: Flutter Mane|Moonblast|p2b: Dragonite\n|-damage|p2b: Dragonite|12\/100\n|\n|-heal|p2b: Dragonite|18\/100|[from] Grassy Terrain\n|upkeep\n|\n|t:|1699888345\n|switch|p1a: Rillaboom|Rillaboom, L50, M|38\/100\n|turn|4\n|\n|t:|1699888353\n|switch|p2b: Rillaboom|Rillaboom, L50, M|100\/100\n|move|p2a: Chien-Pao|Protect|p2a: Chien-Pao\n|-singleturn|p2a: Chien-Pao|Protect\n|move|p1a: Rillaboom|Fake Out|p2b: Rillaboom\n|-crit|p2b: Rillaboom\n|-damage|p2b: Rillaboom|77\/100\n|move|p1b: Flutter Mane|Moonblast|p2a: Chien-Pao\n|-activate|p2a: Chien-Pao|move: Protect\n|\n|-heal|p2b: Rillaboom|83\/100|[from] Grassy Terrain\n|-heal|p1a: Rillaboom|44\/100|[from] Grassy Terrain\n|upkeep\n|turn|5\n|\n|t:|1699888364\n|move|p2b: Rillaboom|Fake Out|p1b: Flutter Mane\n|-damage|p1b: Flutter Mane|63\/100\n|move|p1a: Rillaboom|Grassy Glide|p2a: Chien-Pao\n|-damage|p2a: Chien-Pao|50\/100\n|cant|p1b: Flutter Mane|flinch\n|move|p2a: Chien-Pao|Icicle Crash|p1a: Rillaboom\n|-supereffective|p1a: Rillaboom\n|-damage|p1a: Rillaboom|0 fnt\n|faint|p1a: Rillaboom\n|\n|-heal|p1b: Flutter Mane|69\/100|[from] Grassy Terrain\n|-heal|p2a: Chien-Pao|56\/100|[from] Grassy Terrain\n|-heal|p2b: Rillaboom|89\/100|[from] Grassy Terrain\n|-fieldend|move: Grassy Terrain\n|upkeep\n|turn|6\n|\n|t:|1699888373\n|move|p1b: Flutter Mane|Moonblast|p2a: Chien-Pao\n|-supereffective|p2a: Chien-Pao\n|-damage|p2a: Chien-Pao|0 fnt\n|faint|p2a: Chien-Pao\n|move|p2b: Rillaboom|Wood Hammer|p1b: Flutter Mane\n|-damage|p1b: Flutter Mane|0 fnt\n|faint|p1b: Flutter Mane\n|-end|p1b: Flutter Mane|Protosynthesis|[silent]\n|-damage|p2b: Rillaboom|74\/100|[from] Recoil\n|\n|win|Triir\n|c|\u2606Triir|gg\n|l|\u2606ConiglioVGC\n|l| stecca\n|l| glopp_97\n|l| gluon drive\n","uploadtime":1699888473,"views":38,"p1id":"conigliovgc","p2id":"triir","formatid":"gen9vgc2023regulatione","rating":0,"private":0,"password":""}