{"id":"gen9vgc2023regulatione-1991478663","p1":"RangeUnlimited","p2":"JeromeMuskrat","format":"[Gen 9] VGC 2023 Regulation E","log":"|j|\u2606RangeUnlimited\n|j|\u2606JeromeMuskrat\n|t:|1700080664\n|gametype|doubles\n|player|p1|RangeUnlimited|hilda-wonderlauncher|1360\n|player|p2|JeromeMuskrat|169|1442\n|teamsize|p1|6\n|teamsize|p2|6\n|gen|9\n|tier|[Gen 9] VGC 2023 Regulation E\n|rated|\n|rule|Species Clause: Limit one of each Pok\u00e9mon\n|rule|Item Clause: Limit one of each item\n|clearpoke\n|poke|p1|Ogerpon, L50, F|\n|poke|p1|Dragonite, L50, F|\n|poke|p1|Chien-Pao, L50|\n|poke|p1|Tornadus, L50, M|\n|poke|p1|Urshifu-*, L50, F|\n|poke|p1|Flutter Mane, L50|\n|poke|p2|Illumise, L50, F|\n|poke|p2|Chi-Yu, L50|\n|poke|p2|Arcanine-Hisui, L50, F|\n|poke|p2|Flutter Mane, L50|\n|poke|p2|Ogerpon-Wellspring, L50, F|\n|poke|p2|Iron Hands, L50|\n|teampreview|4\n|inactive|Battle timer is ON: inactive players will automatically lose when time's up. (requested by RangeUnlimited)\n|inactive|RangeUnlimited has 60 seconds left.\n|\n|t:|1700080702\n|start\n|switch|p1a: Chien-Pao|Chien-Pao, L50|100\/100\n|switch|p1b: Dragonite|Dragonite, L50, F, shiny|100\/100\n|switch|p2a: Illumise|Illumise, L50, F|100\/100\n|switch|p2b: Arcanine|Arcanine-Hisui, L50, F|100\/100\n|-ability|p1a: Chien-Pao|Sword of Ruin\n|-ability|p2b: Arcanine|Intimidate|boost\n|-unboost|p1a: Chien-Pao|atk|1\n|-fail|p1b: Dragonite|unboost|Attack|[from] ability: Inner Focus|[of] p1b: Dragonite\n|turn|1\n|\n|t:|1700080718\n|-terastallize|p1b: Dragonite|Normal\n|-terastallize|p2b: Arcanine|Grass\n|move|p2a: Illumise|Tailwind|p2a: Illumise\n|-sidestart|p2: JeromeMuskrat|move: Tailwind\n|move|p2b: Arcanine|Rock Slide|p1a: Chien-Pao|[spread] p1a,p1b\n|-supereffective|p1a: Chien-Pao\n|-damage|p1a: Chien-Pao|14\/100\n|-damage|p1b: Dragonite|55\/100\n|cant|p1a: Chien-Pao|flinch\n|move|p1b: Dragonite|Stomping Tantrum|p2b: Arcanine\n|-resisted|p2b: Arcanine\n|-damage|p2b: Arcanine|78\/100\n|\n|upkeep\n|turn|2\n|\n|t:|1700080732\n|move|p2a: Illumise|Helping Hand|p2b: Arcanine\n|-singleturn|p2b: Arcanine|Helping Hand|[of] p2a: Illumise\n|move|p1b: Dragonite|Extreme Speed|p2b: Arcanine\n|-damage|p2b: Arcanine|2\/100\n|-enditem|p2b: Arcanine|Sitrus Berry|[eat]\n|-heal|p2b: Arcanine|27\/100|[from] item: Sitrus Berry\n|move|p1a: Chien-Pao|Sucker Punch|p2b: Arcanine\n|-damage|p2b: Arcanine|0 fnt\n|faint|p2b: Arcanine\n|\n|upkeep\n|\n|t:|1700080741\n|switch|p2b: Flutter Mane|Flutter Mane, L50|100\/100\n|-enditem|p2b: Flutter Mane|Booster Energy\n|-activate|p2b: Flutter Mane|ability: Protosynthesis|[fromitem]\n|-start|p2b: Flutter Mane|protosynthesisspa\n|turn|3\n|\n|t:|1700080751\n|move|p2a: Illumise|Helping Hand|p2b: Flutter Mane\n|-singleturn|p2b: Flutter Mane|Helping Hand|[of] p2a: Illumise\n|move|p1a: Chien-Pao|Protect|p1a: Chien-Pao\n|-singleturn|p1a: Chien-Pao|Protect\n|move|p1b: Dragonite|Protect|p1b: Dragonite\n|-singleturn|p1b: Dragonite|Protect\n|move|p2b: Flutter Mane|Dazzling Gleam|p1a: Chien-Pao|[spread] \n|-activate|p1a: Chien-Pao|move: Protect\n|-activate|p1b: Dragonite|move: Protect\n|\n|upkeep\n|turn|4\n|\n|t:|1700080763\n|move|p2a: Illumise|Encore|p1b: Dragonite\n|-start|p1b: Dragonite|Encore\n|move|p1a: Chien-Pao|Sucker Punch|p2b: Flutter Mane\n|-damage|p2b: Flutter Mane|30\/100\n|move|p1b: Dragonite|Protect|p1b: Dragonite\n|-singleturn|p1b: Dragonite|Protect\n|move|p2b: Flutter Mane|Dazzling Gleam|p1b: Dragonite|[spread] p1a\n|-activate|p1b: Dragonite|move: Protect\n|-supereffective|p1a: Chien-Pao\n|-damage|p1a: Chien-Pao|0 fnt\n|faint|p1a: Chien-Pao\n|\n|-sideend|p2: JeromeMuskrat|move: Tailwind\n|upkeep\n|\n|t:|1700080774\n|switch|p1a: Ogerpon|Ogerpon, L50, F|100\/100\n|turn|5\n|\n|t:|1700080793\n|switch|p1b: Tornadus|Tornadus, L50, M|100\/100\n|move|p1a: Ogerpon|Spiky Shield|p1a: Ogerpon\n|-singleturn|p1a: Ogerpon|move: Protect\n|move|p2a: Illumise|Tailwind|p2a: Illumise\n|-sidestart|p2: JeromeMuskrat|move: Tailwind\n|move|p2b: Flutter Mane|Moonblast|p1a: Ogerpon\n|-activate|p1a: Ogerpon|move: Protect\n|\n|upkeep\n|turn|6\n|\n|t:|1700080815\n|move|p2a: Illumise|Encore|p1a: Ogerpon\n|-start|p1a: Ogerpon|Encore\n|move|p2b: Flutter Mane|Moonblast|p1b: Tornadus\n|-damage|p1b: Tornadus|39\/100\n|-unboost|p1b: Tornadus|spa|1\n|move|p1a: Ogerpon|Spiky Shield||[still]\n|-fail|p1a: Ogerpon\n|move|p1b: Tornadus|Bleakwind Storm|p2a: Illumise|[spread] p2a,p2b\n|-supereffective|p2a: Illumise\n|-damage|p2a: Illumise|54\/100\n|-damage|p2b: Flutter Mane|5\/100\n|\n|upkeep\n|turn|7\n|\n|t:|1700080829\n|move|p2a: Illumise|Helping Hand|p2b: Flutter Mane\n|-singleturn|p2b: Flutter Mane|Helping Hand|[of] p2a: Illumise\n|move|p1a: Ogerpon|Spiky Shield|p1a: Ogerpon\n|-singleturn|p1a: Ogerpon|move: Protect\n|move|p2b: Flutter Mane|Dazzling Gleam|p1a: Ogerpon|[spread] p1b\n|-activate|p1a: Ogerpon|move: Protect\n|-damage|p1b: Tornadus|0 fnt\n|faint|p1b: Tornadus\n|\n|upkeep\n|\n|t:|1700080836\n|switch|p1b: Dragonite|Dragonite, L50, F, shiny, tera:Normal|55\/100\n|turn|8\n|\n|t:|1700080841\n|move|p2a: Illumise|Helping Hand|p2b: Flutter Mane\n|-singleturn|p2b: Flutter Mane|Helping Hand|[of] p2a: Illumise\n|move|p1a: Ogerpon|Spiky Shield|p1a: Ogerpon\n|-singleturn|p1a: Ogerpon|move: Protect\n|move|p1b: Dragonite|Extreme Speed|p2a: Illumise\n|-damage|p2a: Illumise|2\/100\n|move|p2b: Flutter Mane|Moonblast|p1b: Dragonite\n|-damage|p1b: Dragonite|0 fnt\n|faint|p1b: Dragonite\n|\n|-end|p1a: Ogerpon|Encore\n|-sideend|p2: JeromeMuskrat|move: Tailwind\n|upkeep\n|turn|9\n|-message|RangeUnlimited forfeited.\n|\n|win|JeromeMuskrat\n|raw|RangeUnlimited's rating: 1360 &rarr; <strong>1345<\/strong><br \/>(-15 for losing)\n|raw|JeromeMuskrat's rating: 1442 &rarr; <strong>1457<\/strong><br \/>(+15 for winning)\n|l|\u2606RangeUnlimited\n","uploadtime":1700080858,"views":26,"p1id":"rangeunlimited","p2id":"jeromemuskrat","formatid":"gen9vgc2023regulatione","rating":1345,"private":0,"password":""}