{"id":"gen9vgc2023regulatione-1996955391","p1":"Cdogp","p2":"nomis1","format":"[Gen 9] VGC 2023 Regulation E","log":"|j|\u2606Cdogp\n|j|\u2606nomis1\n|t:|1700749291\n|gametype|doubles\n|player|p1|Cdogp|wattson|\n|player|p2|nomis1|nate|\n|teamsize|p1|6\n|teamsize|p2|6\n|gen|9\n|tier|[Gen 9] VGC 2023 Regulation E\n|rated|Tournament battle\n|rule|Species Clause: Limit one of each Pok\u00e9mon\n|rule|Item Clause: Limit one of each item\n|clearpoke\n|poke|p1|Iron Hands, L50|\n|poke|p1|Amoonguss, L50, F|\n|poke|p1|Landorus-Therian, L50, M|\n|poke|p1|Heatran, L50, F|\n|poke|p1|Chien-Pao, L50|\n|poke|p1|Flutter Mane, L50|\n|poke|p2|Dondozo, L50, F|\n|poke|p2|Tatsugiri, L50, F|\n|poke|p2|Glimmora, L50, F|\n|poke|p2|Ogerpon-Hearthflame, L50, F|\n|poke|p2|Roaring Moon, L50|\n|poke|p2|Ninetales-Alola, L50, F|\n|teampreview|4\n|showteam|p1|Iron Hands||AssaultVest|QuarkDrive|FakeOut,DrainPunch,WildCharge,HeavySlam||||||50|,,,,,Water]Amoonguss||RockyHelmet|Regenerator|Spore,RagePowder,PollenPuff,Protect|||F|||50|,,,,,Water]Landorus-Therian||ChoiceScarf|Intimidate|TeraBlast,Uturn,StompingTantrum,RockSlide|||M|||50|,,,,,Flying]Heatran||Leftovers|FlashFire|MagmaStorm,FlashCannon,EarthPower,Protect|||F|||50|,,,,,Grass]Chien-Pao||FocusSash|SwordofRuin|IceSpinner,SuckerPunch,SacredSword,Protect||||||50|,,,,,Ghost]Flutter Mane||BoosterEnergy|Protosynthesis|Moonblast,DazzlingGleam,ShadowBall,Protect||||||50|,,,,,Fairy\n|showteam|p2|Dondozo||Leftovers|Oblivious|OrderUp,WaveCrash,Protect,Substitute|||F|||50|,,,,,Dragon]Tatsugiri||ChoiceScarf|Commander|DracoMeteor,MuddyWater,IcyWind,HelpingHand|||F|||50|,,,,,Steel]Glimmora||FocusSash|ToxicDebris|MortalSpin,EarthPower,SludgeBomb,SpikyShield|||F|||50|,,,,,Water]Ogerpon-Hearthflame||HearthflameMask|MoldBreaker|IvyCudgel,WoodHammer,SpikyShield,SwordsDance|||F|||50|,,,,,Fire]Roaring Moon||BoosterEnergy|Protosynthesis|KnockOff,Acrobatics,Protect,BreakingSwipe||||||50|,,,,,Flying]Ninetales-Alola||CovertCloak|SnowWarning|AuroraVeil,Moonblast,Blizzard,Protect|||F|||50|,,,,,Water\n|inactive|Battle timer is ON: inactive players will automatically lose when time's up. (requested by Cdogp)\n|j| fyfyyalt1\n|\n|t:|1700749318\n|start\n|switch|p1a: Iron Hands|Iron Hands, L50|100\/100\n|switch|p1b: Amoonguss|Amoonguss, L50, F|100\/100\n|switch|p2a: Ninetales|Ninetales-Alola, L50, F|100\/100\n|switch|p2b: Roaring Moon|Roaring Moon, L50|100\/100\n|-weather|Snow|[from] ability: Snow Warning|[of] p2a: Ninetales\n|-enditem|p2b: Roaring Moon|Booster Energy\n|-activate|p2b: Roaring Moon|ability: Protosynthesis|[fromitem]\n|-start|p2b: Roaring Moon|protosynthesisatk\n|turn|1\n|\n|t:|1700749341\n|switch|p1b: Heatran|Heatran, L50, F|100\/100\n|move|p2b: Roaring Moon|Protect|p2b: Roaring Moon\n|-singleturn|p2b: Roaring Moon|Protect\n|move|p2a: Ninetales|Blizzard|p1a: Iron Hands|[spread] p1a,p1b\n|-resisted|p1b: Heatran\n|-damage|p1a: Iron Hands|84\/100\n|-damage|p1b: Heatran|94\/100\n|move|p1a: Iron Hands|Heavy Slam|p2a: Ninetales\n|-supereffective|p2a: Ninetales\n|-damage|p2a: Ninetales|0 fnt\n|faint|p2a: Ninetales\n|\n|-weather|Snow|[upkeep]\n|-heal|p1b: Heatran|99\/100|[from] item: Leftovers\n|upkeep\n|\n|t:|1700749357\n|switch|p2a: Dondozo|Dondozo, L50, F|100\/100\n|turn|2\n|\n|t:|1700749372\n|-terastallize|p1b: Heatran|Grass\n|move|p2a: Dondozo|Protect|p2a: Dondozo\n|-singleturn|p2a: Dondozo|Protect\n|move|p2b: Roaring Moon|Breaking Swipe|p1b: Heatran|[spread] p1a,p1b\n|-damage|p1a: Iron Hands|62\/100\n|-damage|p1b: Heatran|76\/100\n|-unboost|p1a: Iron Hands|atk|1\n|-unboost|p1b: Heatran|atk|1\n|move|p1b: Heatran|Magma Storm|p2a: Dondozo\n|-activate|p2a: Dondozo|move: Protect\n|move|p1a: Iron Hands|Drain Punch|p2b: Roaring Moon\n|-supereffective|p2b: Roaring Moon\n|-damage|p2b: Roaring Moon|24\/100\n|-heal|p1a: Iron Hands|91\/100|[from] drain|[of] p2b: Roaring Moon\n|\n|-weather|Snow|[upkeep]\n|-heal|p1b: Heatran|82\/100|[from] item: Leftovers\n|upkeep\n|turn|3\n|inactive|nomis1 has 30 seconds left.\n|\n|t:|1700749400\n|-end|p2b: Roaring Moon|Protosynthesis|[silent]\n|switch|p2b: Tatsugiri|Tatsugiri, L50, F|100\/100\n|-activate|p2b: Tatsugiri|ability: Commander|[of] p2a: Dondozo\n|-boost|p2a: Dondozo|atk|2\n|-boost|p2a: Dondozo|spa|2\n|-boost|p2a: Dondozo|spe|2\n|-boost|p2a: Dondozo|def|2\n|-boost|p2a: Dondozo|spd|2\n|-terastallize|p2a: Dondozo|Dragon\n|move|p1b: Heatran|Protect|p1b: Heatran\n|-singleturn|p1b: Heatran|Protect\n|move|p2a: Dondozo|Order Up|p1a: Iron Hands\n|-damage|p1a: Iron Hands|42\/100\n|-boost|p2a: Dondozo|atk|1\n|move|p1a: Iron Hands|Drain Punch|p2b: Tatsugiri|[miss]\n|-miss|p1a: Iron Hands|p2b: Tatsugiri\n|\n|-weather|Snow|[upkeep]\n|-heal|p1b: Heatran|88\/100|[from] item: Leftovers\n|upkeep\n|turn|4\n|inactive|nomis1 has 30 seconds left.\n|inactive|nomis1 has 20 seconds left.\n|inactive|nomis1 has 15 seconds left.\n|inactive|nomis1 has 10 seconds left.\n|\n|t:|1700749445\n|move|p2a: Dondozo|Order Up|p1a: Iron Hands\n|-damage|p1a: Iron Hands|0 fnt\n|faint|p1a: Iron Hands\n|-end|p1a: Iron Hands|Quark Drive|[silent]\n|-boost|p2a: Dondozo|atk|1\n|move|p1b: Heatran|Magma Storm|p2a: Dondozo\n|-resisted|p2a: Dondozo\n|-damage|p2a: Dondozo|87\/100\n|-activate|p2a: Dondozo|move: Magma Storm|[of] p1b: Heatran\n|\n|-weather|Snow|[upkeep]\n|-heal|p2a: Dondozo|93\/100|[from] item: Leftovers\n|-heal|p1b: Heatran|94\/100|[from] item: Leftovers\n|-damage|p2a: Dondozo|81\/100|[from] move: Magma Storm|[partiallytrapped]\n|upkeep\n|\n|t:|1700749459\n|switch|p1a: Amoonguss|Amoonguss, L50, F|100\/100\n|turn|5\n|\n|t:|1700749466\n|move|p1a: Amoonguss|Rage Powder|p1a: Amoonguss\n|-singleturn|p1a: Amoonguss|move: Rage Powder\n|move|p2a: Dondozo|Substitute|p2a: Dondozo\n|-start|p2a: Dondozo|Substitute\n|-end|p2a: Dondozo|Magma Storm|[partiallytrapped]|[silent]\n|-damage|p2a: Dondozo|56\/100\n|move|p1b: Heatran|Earth Power|p2a: Dondozo\n|-activate|p2a: Dondozo|move: Substitute|[damage]\n|\n|-weather|none\n|-heal|p2a: Dondozo|62\/100|[from] item: Leftovers\n|-heal|p1b: Heatran|99\/100|[from] item: Leftovers\n|upkeep\n|turn|6\n|\n|t:|1700749478\n|move|p1a: Amoonguss|Rage Powder|p1a: Amoonguss\n|-singleturn|p1a: Amoonguss|move: Rage Powder\n|move|p2a: Dondozo|Order Up|p1a: Amoonguss\n|-damage|p1a: Amoonguss|5\/100\n|-boost|p2a: Dondozo|atk|1\n|move|p1b: Heatran|Earth Power|p2a: Dondozo\n|-end|p2a: Dondozo|Substitute\n|\n|-heal|p2a: Dondozo|68\/100|[from] item: Leftovers\n|-heal|p1b: Heatran|100\/100|[from] item: Leftovers\n|upkeep\n|turn|7\n|\n|t:|1700749495\n|move|p2a: Dondozo|Protect|p2a: Dondozo\n|-singleturn|p2a: Dondozo|Protect\n|move|p1b: Heatran|Flash Cannon|p2a: Dondozo\n|-activate|p2a: Dondozo|move: Protect\n|move|p1a: Amoonguss|Spore|p2a: Dondozo\n|-activate|p2a: Dondozo|move: Protect\n|\n|-heal|p2a: Dondozo|74\/100|[from] item: Leftovers\n|upkeep\n|turn|8\n|inactive|nomis1 has 30 seconds left.\n|\n|t:|1700749525\n|move|p1a: Amoonguss|Rage Powder|p1a: Amoonguss\n|-singleturn|p1a: Amoonguss|move: Rage Powder\n|move|p2a: Dondozo|Substitute|p2a: Dondozo\n|-start|p2a: Dondozo|Substitute\n|-damage|p2a: Dondozo|49\/100\n|move|p1b: Heatran|Flash Cannon|p2a: Dondozo\n|-activate|p2a: Dondozo|move: Substitute|[damage]\n|\n|-heal|p2a: Dondozo|55\/100|[from] item: Leftovers\n|upkeep\n|turn|9\n|\n|t:|1700749539\n|move|p2a: Dondozo|Protect|p2a: Dondozo\n|-singleturn|p2a: Dondozo|Protect\n|move|p1a: Amoonguss|Rage Powder|p1a: Amoonguss\n|-singleturn|p1a: Amoonguss|move: Rage Powder\n|move|p1b: Heatran|Flash Cannon|p2a: Dondozo\n|-activate|p2a: Dondozo|move: Protect\n|\n|-heal|p2a: Dondozo|61\/100|[from] item: Leftovers\n|upkeep\n|turn|10\n|\n|t:|1700749549\n|move|p1a: Amoonguss|Rage Powder|p1a: Amoonguss\n|-singleturn|p1a: Amoonguss|move: Rage Powder\n|move|p2a: Dondozo|Order Up|p1a: Amoonguss\n|-damage|p1a: Amoonguss|0 fnt\n|faint|p1a: Amoonguss\n|-boost|p2a: Dondozo|atk|1\n|move|p1b: Heatran|Flash Cannon|p2a: Dondozo\n|-end|p2a: Dondozo|Substitute\n|\n|-heal|p2a: Dondozo|67\/100|[from] item: Leftovers\n|upkeep\n|\n|t:|1700749553\n|switch|p1a: Valeripsilon|Flutter Mane, L50|100\/100\n|-enditem|p1a: Valeripsilon|Booster Energy\n|-activate|p1a: Valeripsilon|ability: Protosynthesis|[fromitem]\n|-start|p1a: Valeripsilon|protosynthesisspa\n|turn|11\n|\n|t:|1700749574\n|move|p2a: Dondozo|Protect|p2a: Dondozo\n|-singleturn|p2a: Dondozo|Protect\n|move|p1a: Valeripsilon|Moonblast|p2a: Dondozo\n|-activate|p2a: Dondozo|move: Protect\n|move|p1b: Heatran|Flash Cannon|p2a: Dondozo\n|-activate|p2a: Dondozo|move: Protect\n|\n|-heal|p2a: Dondozo|73\/100|[from] item: Leftovers\n|upkeep\n|turn|12\n|\n|t:|1700749587\n|move|p1a: Valeripsilon|Moonblast|p2a: Dondozo\n|-supereffective|p2a: Dondozo\n|-damage|p2a: Dondozo|8\/100\n|-unboost|p2a: Dondozo|spa|1\n|move|p2a: Dondozo|Wave Crash|p1a: Valeripsilon\n|-damage|p1a: Valeripsilon|0 fnt\n|faint|p1a: Valeripsilon\n|-end|p1a: Valeripsilon|Protosynthesis|[silent]\n|-damage|p2a: Dondozo|0 fnt|[from] Recoil\n|faint|p2a: Dondozo\n|move|p1b: Heatran|Flash Cannon|p2b: Tatsugiri\n|-resisted|p2b: Tatsugiri\n|-damage|p2b: Tatsugiri|77\/100\n|\n|upkeep\n|\n|t:|1700749600\n|switch|p2a: Roaring Moon|Roaring Moon, L50|24\/100\n|turn|13\n|\n|t:|1700749614\n|move|p2b: Tatsugiri|Draco Meteor|p1b: Heatran\n|-damage|p1b: Heatran|44\/100\n|-unboost|p2b: Tatsugiri|spa|2\n|move|p2a: Roaring Moon|Acrobatics|p1b: Heatran\n|-supereffective|p1b: Heatran\n|-damage|p1b: Heatran|0 fnt\n|faint|p1b: Heatran\n|\n|win|nomis1\n|n|\u2606Cdogp|cdogp\n|n|\u2606nomis1|nomis1\n|n| fyfyyalt1|fyfyyalt1\n|j| beyontle\n|c|\u2606nomis1|gg\n","uploadtime":1700749625,"views":3,"p1id":"cdogp","p2id":"nomis1","formatid":"gen9vgc2023regulatione","rating":0,"private":0,"password":""}