{"id":"gen9vgc2023regulatione-1990168667","p1":"5Sscreen","p2":"nrjacobs","format":"[Gen 9] VGC 2023 Regulation E","log":"|j|\u26065Sscreen\n|j|\u2606nrjacobs\n|t:|1699932214\n|gametype|doubles\n|player|p1|5Sscreen|pokekid|1204\n|player|p2|nrjacobs|265|1145\n|teamsize|p1|6\n|teamsize|p2|6\n|gen|9\n|tier|[Gen 9] VGC 2023 Regulation E\n|rated|\n|rule|Species Clause: Limit one of each Pok\u00e9mon\n|rule|Item Clause: Limit one of each item\n|clearpoke\n|poke|p1|Goodra-Hisui, L50, M|\n|poke|p1|Sinistcha, L50|\n|poke|p1|Bellibolt, L50, M|\n|poke|p1|Landorus-Therian, L50, M|\n|poke|p1|Grimmsnarl, L50, M|\n|poke|p1|Corviknight, L50, F|\n|poke|p2|Tyranitar, L50, M|\n|poke|p2|Empoleon, L50, M|\n|poke|p2|Gastrodon-East, L50, F|\n|poke|p2|Pelipper, L50, F|\n|poke|p2|Ogerpon-Cornerstone, L50, F|\n|poke|p2|Bronzong, L50|\n|teampreview|4\nnrjacobs has agreed to open team sheets.\n|\n|t:|1699932262\n|start\n|switch|p1a: Grimmsnarl|Grimmsnarl, L50, M|100\/100\n|switch|p1b: Bellibolt|Bellibolt, L50, M|100\/100\n|switch|p2a: Ogerpon|Ogerpon-Cornerstone, L50, F|100\/100\n|switch|p2b: Bronzong|Bronzong, L50, shiny|100\/100\n|turn|1\n|\n|t:|1699932292\n|-terastallize|p2a: Ogerpon|Rock\n|detailschange|p2a: Ogerpon|Ogerpon-Cornerstone-Tera, L50, F, tera:Rock\n|-ability|p2a: Ogerpon|Embody Aspect (Cornerstone)|boost\n|-boost|p2a: Ogerpon|def|1\n|move|p1a: Grimmsnarl|Reflect|p1a: Grimmsnarl\n|-sidestart|p1: 5Sscreen|Reflect\n|move|p2a: Ogerpon|Ivy Cudgel|p1a: Grimmsnarl\n|-crit|p1a: Grimmsnarl\n|-damage|p1a: Grimmsnarl|0 fnt\n|faint|p1a: Grimmsnarl\n|move|p1b: Bellibolt|Muddy Water|p2a: Ogerpon|[spread] p2b\n|-miss|p1b: Bellibolt|p2a: Ogerpon\n|-damage|p2b: Bronzong|86\/100\n|-unboost|p2b: Bronzong|accuracy|1\n|move|p2b: Bronzong|Iron Defense|p2b: Bronzong\n|-boost|p2b: Bronzong|def|2\n|\n|upkeep\n|\n|t:|1699932308\n|switch|p1a: Corviknight|Corviknight, L50, F|100\/100\n|turn|2\n|\n|t:|1699932323\n|move|p2a: Ogerpon|Ivy Cudgel|p1a: Corviknight\n|-damage|p1a: Corviknight|65\/100\n|move|p1a: Corviknight|Iron Defense|p1a: Corviknight\n|-boost|p1a: Corviknight|def|2\n|move|p1b: Bellibolt|Acid Spray|p2a: Ogerpon\n|-resisted|p2a: Ogerpon\n|-damage|p2a: Ogerpon|93\/100\n|-unboost|p2a: Ogerpon|spd|2\n|move|p2b: Bronzong|Iron Defense|p2b: Bronzong\n|-boost|p2b: Bronzong|def|2\n|\n|upkeep\n|turn|3\n|\n|t:|1699932343\n|switch|p1a: Sinistcha|Sinistcha, L50|100\/100\n|move|p2a: Ogerpon|Ivy Cudgel|p1b: Bellibolt\n|-damage|p1b: Bellibolt|65\/100\n|-start|p1b: Bellibolt|Charge|Ivy Cudgel|[from] ability: Electromorphosis\n|move|p1b: Bellibolt|Parabolic Charge|p2b: Bronzong|[spread] p1a,p2a,p2b\n|-resisted|p1a: Sinistcha\n|-damage|p1a: Sinistcha|80\/100\n|-heal|p1b: Bellibolt|74\/100|[from] drain|[of] p1a: Sinistcha\n|-damage|p2a: Ogerpon|10\/100\n|-heal|p1b: Bellibolt|100\/100|[from] drain|[of] p2a: Ogerpon\n|-damage|p2b: Bronzong|57\/100\n|-end|p1b: Bellibolt|Charge|[silent]\n|move|p2b: Bronzong|Trick Room|p2b: Bronzong\n|-fieldstart|move: Trick Room|[of] p2b: Bronzong\n|\n|upkeep\n|turn|4\n|\n|t:|1699932382\n|switch|p2a: Empoleon|Empoleon, L50, M|100\/100\n|move|p1a: Sinistcha|Protect|p1a: Sinistcha\n|-singleturn|p1a: Sinistcha|Protect\n|move|p2b: Bronzong|Body Press|p1b: Bellibolt\n|-damage|p1b: Bellibolt|63\/100\n|-start|p1b: Bellibolt|Charge|Body Press|[from] ability: Electromorphosis\n|move|p1b: Bellibolt|Parabolic Charge|p2a: Empoleon|[spread] p2a,p2b\n|-activate|p1a: Sinistcha|move: Protect\n|-supereffective|p2a: Empoleon\n|-damage|p2a: Empoleon|30\/100\n|-heal|p1b: Bellibolt|94\/100|[from] drain|[of] p2a: Empoleon\n|-damage|p2b: Bronzong|24\/100\n|-heal|p1b: Bellibolt|100\/100|[from] drain|[of] p2b: Bronzong\n|-end|p1b: Bellibolt|Charge|[silent]\n|\n|upkeep\n|turn|5\n|\n|t:|1699932408\n|move|p1a: Sinistcha|Rage Powder|p1a: Sinistcha\n|-singleturn|p1a: Sinistcha|move: Rage Powder\n|move|p2b: Bronzong|Zen Headbutt|p1a: Sinistcha|[miss]\n|-miss|p2b: Bronzong|p1a: Sinistcha\n|move|p1b: Bellibolt|Parabolic Charge|p2b: Bronzong|[spread] p1a,p2a,p2b\n|-resisted|p1a: Sinistcha\n|-supereffective|p2a: Empoleon\n|-crit|p2a: Empoleon\n|-damage|p1a: Sinistcha|72\/100\n|-damage|p2a: Empoleon|0 fnt\n|-damage|p2b: Bronzong|10\/100\n|faint|p2a: Empoleon\n|\n|upkeep\n|\n|t:|1699932418\n|switch|p2a: Gastrodon|Gastrodon-East, L50, F|100\/100\n|turn|6\n|\n|t:|1699932435\n|move|p2b: Bronzong|Zen Headbutt|p1a: Sinistcha|[miss]\n|-miss|p2b: Bronzong|p1a: Sinistcha\n|move|p1b: Bellibolt|Parabolic Charge|p2b: Bronzong|[spread] p1a,p2b\n|-immune|p2a: Gastrodon\n|-resisted|p1a: Sinistcha\n|-damage|p1a: Sinistcha|63\/100\n|-damage|p2b: Bronzong|0 fnt\n|faint|p2b: Bronzong\n|move|p2a: Gastrodon|Earth Power|p1b: Bellibolt\n|-supereffective|p1b: Bellibolt\n|-damage|p1b: Bellibolt|63\/100\n|-start|p1b: Bellibolt|Charge|Earth Power|[from] ability: Electromorphosis\n|move|p1a: Sinistcha|Matcha Gotcha|p2a: Gastrodon\n|-supereffective|p2a: Gastrodon\n|-damage|p2a: Gastrodon|0 fnt\n|-heal|p1a: Sinistcha|100\/100|[from] drain|[of] p2a: Gastrodon\n|faint|p2a: Gastrodon\n|\n|upkeep\n|c|\u2606nrjacobs|broken team\n|\n|t:|1699932456\n|switch|p2a: Ogerpon|Ogerpon-Cornerstone-Tera, L50, F, tera:Rock|10\/100\n|-ability|p2a: Ogerpon|Embody Aspect (Cornerstone)|boost\n|-boost|p2a: Ogerpon|def|1\n|turn|7\n|\n|t:|1699932466\n|move|p2a: Ogerpon|Spiky Shield|p2a: Ogerpon\n|-singleturn|p2a: Ogerpon|move: Protect\n|move|p1b: Bellibolt|Parabolic Charge|p2a: Ogerpon|[spread] p1a\n|-activate|p2a: Ogerpon|move: Protect\n|-resisted|p1a: Sinistcha\n|-damage|p1a: Sinistcha|81\/100\n|-heal|p1b: Bellibolt|72\/100|[from] drain|[of] p1a: Sinistcha\n|-end|p1b: Bellibolt|Charge|[silent]\n|move|p1a: Sinistcha|Hex|p2a: Ogerpon\n|-activate|p2a: Ogerpon|move: Protect\n|\n|-fieldend|move: Trick Room\n|upkeep\n|turn|8\n|\n|t:|1699932485\n|move|p2a: Ogerpon|Spiky Shield|p2a: Ogerpon\n|-singleturn|p2a: Ogerpon|move: Protect\n|move|p1a: Sinistcha|Rage Powder|p1a: Sinistcha\n|-singleturn|p1a: Sinistcha|move: Rage Powder\n|move|p1b: Bellibolt|Parabolic Charge|p2a: Ogerpon|[spread] p1a\n|-activate|p2a: Ogerpon|move: Protect\n|-resisted|p1a: Sinistcha\n|-damage|p1a: Sinistcha|71\/100\n|-heal|p1b: Bellibolt|76\/100|[from] drain|[of] p1a: Sinistcha\n|\n|-sideend|p1: 5Sscreen|Reflect\n|upkeep\n|turn|9\n|\n|t:|1699932497\n|move|p1a: Sinistcha|Rage Powder|p1a: Sinistcha\n|-singleturn|p1a: Sinistcha|move: Rage Powder\n|move|p2a: Ogerpon|Horn Leech|p1a: Sinistcha\n|-resisted|p1a: Sinistcha\n|-damage|p1a: Sinistcha|53\/100\n|-heal|p2a: Ogerpon|21\/100|[from] drain|[of] p1a: Sinistcha\n|move|p1b: Bellibolt|Parabolic Charge|p2a: Ogerpon|[spread] p1a,p2a\n|-resisted|p1a: Sinistcha\n|-damage|p1a: Sinistcha|43\/100\n|-heal|p1b: Bellibolt|80\/100|[from] drain|[of] p1a: Sinistcha\n|-damage|p2a: Ogerpon|0 fnt\n|-heal|p1b: Bellibolt|88\/100|[from] drain|[of] p2a: Ogerpon\n|-enditem|p1a: Sinistcha|Sitrus Berry|[eat]\n|-heal|p1a: Sinistcha|67\/100|[from] item: Sitrus Berry\n|faint|p2a: Ogerpon\n|\n|win|5Sscreen\n|raw|5Sscreen's rating: 1204 &rarr; <strong>1225<\/strong><br \/>(+21 for winning)\n|raw|nrjacobs's rating: 1145 &rarr; <strong>1124<\/strong><br \/>(-21 for losing)\n|c|\u26065Sscreen|gg\n","uploadtime":1699932519,"views":30,"p1id":"5sscreen","p2id":"nrjacobs","formatid":"gen9vgc2023regulatione","rating":1124,"private":0,"password":""}