{"id":"gen9vgc2023regulatione-1998386959","p1":"tycocs","p2":"tyl8","format":"[Gen 9] VGC 2023 Regulation E","log":"|j|\u2606tycocs\n|j|\u2606tyl8\n|t:|1700936582\n|gametype|doubles\n|player|p1|tycocs|169|1516\n|player|p2|tyl8|dawn|1528\n|teamsize|p1|6\n|teamsize|p2|6\n|gen|9\n|tier|[Gen 9] VGC 2023 Regulation E\n|rated|\n|rule|Species Clause: Limit one of each Pok\u00e9mon\n|rule|Item Clause: Limit one of each item\n|clearpoke\n|poke|p1|Arcanine-Hisui, L50, M|\n|poke|p1|Chien-Pao, L50|\n|poke|p1|Flutter Mane, L50|\n|poke|p1|Rillaboom, L50, M|\n|poke|p1|Tornadus, L50, M|\n|poke|p1|Urshifu-*, L50, F|\n|poke|p2|Ninetales-Alola, L50, F|\n|poke|p2|Glastrier, L50|\n|poke|p2|Farigiraf, L50, F|\n|poke|p2|Rillaboom, L50, M|\n|poke|p2|Ting-Lu, L50|\n|poke|p2|Arcanine-Hisui, L50, F|\n|teampreview|4\n|inactive|Battle timer is ON: inactive players will automatically lose when time's up. (requested by tyl8)\n|\n|t:|1700936610\n|start\n|switch|p1a: Chien-Pao|Chien-Pao, L50|100\/100\n|switch|p1b: Tornadus|Tornadus, L50, M|100\/100\n|switch|p2a: Glastrier|Glastrier, L50|100\/100\n|switch|p2b: Rillaboom|Rillaboom, L50, M|100\/100\n|-ability|p1a: Chien-Pao|Sword of Ruin\n|-fieldstart|move: Grassy Terrain|[from] ability: Grassy Surge|[of] p2b: Rillaboom\n|turn|1\n|\n|t:|1700936630\n|switch|p1b: Arcanine|Arcanine-Hisui, L50, M|100\/100\n|-ability|p1b: Arcanine|Intimidate|boost\n|-unboost|p2a: Glastrier|atk|1\n|-unboost|p2b: Rillaboom|atk|1\n|move|p1a: Chien-Pao|Protect|p1a: Chien-Pao\n|-singleturn|p1a: Chien-Pao|Protect\n|move|p2b: Rillaboom|Fake Out|p1b: Arcanine\n|-resisted|p1b: Arcanine\n|-damage|p1b: Arcanine|94\/100\n|move|p2a: Glastrier|Iron Defense|p2a: Glastrier\n|-boost|p2a: Glastrier|def|2\n|\n|-heal|p1b: Arcanine|99\/100|[from] Grassy Terrain\n|upkeep\n|turn|2\n|inactive|tycocs has 30 seconds left.\n|\n|t:|1700936658\n|switch|p2b: Arcanine|Arcanine-Hisui, L50, F|100\/100\n|-ability|p2b: Arcanine|Intimidate|boost\n|-unboost|p1a: Chien-Pao|atk|1\n|-unboost|p1b: Arcanine|atk|1\n|move|p2a: Glastrier|Protect|p2a: Glastrier\n|-singleturn|p2a: Glastrier|Protect\n|move|p1a: Chien-Pao|Sacred Sword|p2a: Glastrier\n|-activate|p2a: Glastrier|move: Protect\n|move|p1b: Arcanine|Flare Blitz|p2b: Arcanine\n|-resisted|p2b: Arcanine\n|-damage|p2b: Arcanine|75\/100\n|-damage|p1b: Arcanine|93\/100|[from] Recoil\n|\n|-heal|p2b: Arcanine|81\/100|[from] Grassy Terrain\n|-heal|p1b: Arcanine|99\/100|[from] Grassy Terrain\n|upkeep\n|turn|3\n|inactive|tycocs has 30 seconds left.\n|inactive|tyl8 has 30 seconds left.\n|\n|t:|1700936687\n|switch|p1a: Tornadus|Tornadus, L50, M|100\/100\n|-terastallize|p2a: Glastrier|Dragon\n|move|p2b: Arcanine|Rock Slide|p1b: Arcanine|[spread] p1a,p1b\n|-supereffective|p1a: Tornadus\n|-supereffective|p1b: Arcanine\n|-damage|p1a: Tornadus|0 fnt\n|-damage|p1b: Arcanine|15\/100\n|faint|p1a: Tornadus\n|cant|p1b: Arcanine|flinch\n|move|p2a: Glastrier|Body Press|p1b: Arcanine\n|-supereffective|p1b: Arcanine\n|-damage|p1b: Arcanine|0 fnt\n|faint|p1b: Arcanine\n|-ability|p2a: Glastrier|Chilling Neigh|boost\n|-boost|p2a: Glastrier|atk|1\n|\n|-heal|p2b: Arcanine|87\/100|[from] Grassy Terrain\n|upkeep\n|\n|t:|1700936706\n|switch|p1a: Urshifu|Urshifu-Rapid-Strike, L50, F|100\/100\n|switch|p1b: Chien-Pao|Chien-Pao, L50|100\/100\n|-ability|p1b: Chien-Pao|Sword of Ruin\n|turn|4\n|\n|t:|1700936720\n|switch|p2b: Rillaboom|Rillaboom, L50, M|100\/100\n|move|p1b: Chien-Pao|Protect|p1b: Chien-Pao\n|-singleturn|p1b: Chien-Pao|Protect\n|move|p1a: Urshifu|Surging Strikes|p2b: Rillaboom\n|-resisted|p2b: Rillaboom\n|-crit|p2b: Rillaboom\n|-damage|p2b: Rillaboom|85\/100\n|-resisted|p2b: Rillaboom\n|-crit|p2b: Rillaboom\n|-damage|p2b: Rillaboom|67\/100\n|-resisted|p2b: Rillaboom\n|-crit|p2b: Rillaboom\n|-damage|p2b: Rillaboom|49\/100\n|-hitcount|p2b: Rillaboom|3\n|move|p2a: Glastrier|Body Press|p1b: Chien-Pao\n|-activate|p1b: Chien-Pao|move: Protect\n|\n|-heal|p2b: Rillaboom|55\/100|[from] Grassy Terrain\n|upkeep\n|turn|5\n|inactive|tycocs has 30 seconds left.\n|\n|t:|1700936749\n|-terastallize|p1b: Chien-Pao|Ghost\n|move|p2b: Rillaboom|Fake Out|p1b: Chien-Pao\n|-immune|p1b: Chien-Pao\n|move|p1b: Chien-Pao|Icicle Crash|p2b: Rillaboom\n|-supereffective|p2b: Rillaboom\n|-damage|p2b: Rillaboom|0 fnt\n|faint|p2b: Rillaboom\n|move|p1a: Urshifu|Surging Strikes|p2a: Glastrier\n|-resisted|p2a: Glastrier\n|-crit|p2a: Glastrier\n|-damage|p2a: Glastrier|89\/100\n|-resisted|p2a: Glastrier\n|-crit|p2a: Glastrier\n|-damage|p2a: Glastrier|77\/100\n|-resisted|p2a: Glastrier\n|-crit|p2a: Glastrier\n|-damage|p2a: Glastrier|66\/100\n|-hitcount|p2a: Glastrier|3\n|move|p2a: Glastrier|Body Press|p1b: Chien-Pao\n|-immune|p1b: Chien-Pao\n|\n|-heal|p2a: Glastrier|72\/100|[from] Grassy Terrain\n|-heal|p2a: Glastrier|78\/100|[from] item: Leftovers\n|-fieldend|move: Grassy Terrain\n|upkeep\n|\n|t:|1700936760\n|switch|p2b: Farigiraf|Farigiraf, L50, F|100\/100\n|turn|6\n|inactive|tycocs has 30 seconds left.\n|\n|t:|1700936786\n|move|p1b: Chien-Pao|Icicle Crash|p2b: Farigiraf\n|-damage|p2b: Farigiraf|56\/100\n|move|p1a: Urshifu|Surging Strikes|p2b: Farigiraf\n|-crit|p2b: Farigiraf\n|-damage|p2b: Farigiraf|28\/100\n|-enditem|p2b: Farigiraf|Sitrus Berry|[eat]\n|-heal|p2b: Farigiraf|53\/100|[from] item: Sitrus Berry\n|-crit|p2b: Farigiraf\n|-damage|p2b: Farigiraf|26\/100\n|-crit|p2b: Farigiraf\n|-damage|p2b: Farigiraf|0 fnt\n|faint|p2b: Farigiraf\n|-hitcount|p2: Farigiraf|3\n|move|p2a: Glastrier|Icicle Crash|p1b: Chien-Pao|[miss]\n|-miss|p2a: Glastrier|p1b: Chien-Pao\n|\n|-heal|p2a: Glastrier|84\/100|[from] item: Leftovers\n|upkeep\n|\n|t:|1700936801\n|switch|p2b: Arcanine|Arcanine-Hisui, L50, F|87\/100\n|-ability|p2b: Arcanine|Intimidate|boost\n|-unboost|p1a: Urshifu|atk|1\n|-unboost|p1b: Chien-Pao|atk|1\n|turn|7\n|\n|t:|1700936820\n|move|p1b: Chien-Pao|Protect|p1b: Chien-Pao\n|-singleturn|p1b: Chien-Pao|Protect\n|move|p2b: Arcanine|Wild Charge|p1a: Urshifu\n|-supereffective|p1a: Urshifu\n|-damage|p1a: Urshifu|0 fnt\n|faint|p1a: Urshifu\n|-damage|p2b: Arcanine|60\/100|[from] Recoil\n|move|p2a: Glastrier|Icicle Crash|p1b: Chien-Pao\n|-activate|p1b: Chien-Pao|move: Protect\n|\n|-heal|p2a: Glastrier|91\/100|[from] item: Leftovers\n|upkeep\n|turn|8\n|\n|t:|1700936835\n|move|p1b: Chien-Pao|Sacred Sword|p2b: Arcanine\n|-supereffective|p2b: Arcanine\n|-damage|p2b: Arcanine|1\/100\n|move|p2b: Arcanine|Wild Charge|p1b: Chien-Pao\n|-damage|p1b: Chien-Pao|35\/100\n|-damage|p2b: Arcanine|0 fnt|[from] Recoil\n|faint|p2b: Arcanine\n|move|p2a: Glastrier|Icicle Crash|p1b: Chien-Pao\n|-damage|p1b: Chien-Pao|0 fnt\n|faint|p1b: Chien-Pao\n|\n|win|tyl8\n|raw|tycocs's rating: 1516 &rarr; <strong>1497<\/strong><br \/>(-19 for losing)\n|raw|tyl8's rating: 1528 &rarr; <strong>1547<\/strong><br \/>(+19 for winning)\n|c|\u2606tyl8|Gg\n|c|\u2606tyl8|Arcanine clutchhhh\n|l|\u2606tycocs\n","uploadtime":1700936856,"views":0,"p1id":"tycocs","p2id":"tyl8","formatid":"gen9vgc2023regulatione","rating":1497,"private":0,"password":""}