{"id":"gen9vgc2023regulatione-1993885152","p1":"Jadedragon61","p2":"BAN SHEDNINJA OK","format":"[Gen 9] VGC 2023 Regulation E","log":"|j|\u2606Jadedragon61\n|j|\u2606BAN SHEDNINJA OK\n|t:|1700369980\n|gametype|doubles\n|player|p1|Jadedragon61|colress|1337\n|player|p2|BAN SHEDNINJA OK|flannery|1391\n|teamsize|p1|6\n|teamsize|p2|6\n|gen|9\n|tier|[Gen 9] VGC 2023 Regulation E\n|rated|\n|rule|Species Clause: Limit one of each Pok\u00e9mon\n|rule|Item Clause: Limit one of each item\n|clearpoke\n|poke|p1|Tyranitar, L50, M|\n|poke|p1|Arcanine-Hisui, L50, M|\n|poke|p1|Rillaboom, L50, M|\n|poke|p1|Kommo-o, L50, M|\n|poke|p1|Iron Bundle, L50|\n|poke|p1|Flutter Mane, L50|\n|poke|p2|Chi-Yu, L50|\n|poke|p2|Ninetales, L50, M|\n|poke|p2|Farigiraf, L50, M|\n|poke|p2|Tornadus, L50, M|\n|poke|p2|Urshifu-*, L50, F|\n|poke|p2|Landorus-Therian, L50, M|\n|teampreview|4\n|inactive|Battle timer is ON: inactive players will automatically lose when time's up. (requested by BAN SHEDNINJA OK)\n|inactive|Jadedragon61 has 60 seconds left.\n|\n|t:|1700370012\n|start\n|switch|p1a: Monke|Rillaboom, L50, M|100\/100\n|switch|p1b: Fish|Flutter Mane, L50|100\/100\n|switch|p2a: Urshifu|Urshifu-Rapid-Strike, L50, F|100\/100\n|switch|p2b: Tornadus|Tornadus, L50, M, shiny|100\/100\n|-fieldstart|move: Grassy Terrain|[from] ability: Grassy Surge|[of] p1a: Monke\n|turn|1\n|\n|t:|1700370028\n|move|p2b: Tornadus|Tailwind|p2b: Tornadus\n|-sidestart|p2: BAN SHEDNINJA OK|move: Tailwind\n|move|p1a: Monke|Grassy Glide|p2a: Urshifu\n|-supereffective|p2a: Urshifu\n|-damage|p2a: Urshifu|14\/100\n|move|p2a: Urshifu|U-turn|p1a: Monke\n|-supereffective|p1a: Monke\n|-damage|p1a: Monke|33\/100\n|\n|t:|1700370039\n|switch|p2a: Chi-Yu|Chi-Yu, L50|100\/100|[from] U-turn\n|-ability|p2a: Chi-Yu|Beads of Ruin\n|move|p1b: Fish|Thunderbolt|p2b: Tornadus\n|-supereffective|p2b: Tornadus\n|-enditem|p2b: Tornadus|Focus Sash\n|-damage|p2b: Tornadus|1\/100\n|\n|-heal|p1a: Monke|39\/100|[from] Grassy Terrain\n|upkeep\n|turn|2\n|inactive|Jadedragon61 has 30 seconds left.\n|\n|t:|1700370066\n|-end|p1b: Fish|Protosynthesis|[silent]\n|switch|p1b: Jade dragon|Tyranitar, L50, M|100\/100\n|-weather|Sandstorm|[from] ability: Sand Stream|[of] p1b: Jade dragon\n|-terastallize|p2a: Chi-Yu|Fire\n|move|p1a: Monke|Protect|p1a: Monke\n|-singleturn|p1a: Monke|Protect\n|move|p2b: Tornadus|Sunny Day|p2b: Tornadus\n|-weather|SunnyDay\n|move|p2a: Chi-Yu|Heat Wave|p1b: Jade dragon|[spread] \n|-activate|p1a: Monke|move: Protect\n|-miss|p2a: Chi-Yu|p1b: Jade dragon\n|\n|-weather|SunnyDay|[upkeep]\n|-heal|p1a: Monke|44\/100|[from] Grassy Terrain\n|upkeep\n|turn|3\n|\n|t:|1700370084\n|switch|p1a: Rock doggo|Arcanine-Hisui, L50, M, shiny|100\/100\n|-ability|p1a: Rock doggo|Intimidate|boost\n|-unboost|p2a: Chi-Yu|atk|1\n|-unboost|p2b: Tornadus|atk|1\n|move|p2a: Chi-Yu|Heat Wave|p1b: Jade dragon|[spread] p1a,p1b\n|-resisted|p1a: Rock doggo\n|-resisted|p1b: Jade dragon\n|-damage|p1a: Rock doggo|59\/100\n|-damage|p1b: Jade dragon|58\/100\n|-status|p1b: Jade dragon|brn\n|move|p2b: Tornadus|Bleakwind Storm|p1b: Jade dragon|[spread] p1a,p1b\n|-resisted|p1a: Rock doggo\n|-resisted|p1b: Jade dragon\n|-damage|p1a: Rock doggo|35\/100\n|-damage|p1b: Jade dragon|48\/100 brn\n|-unboost|p1a: Rock doggo|spe|1\n|-enditem|p1a: Rock doggo|Sitrus Berry|[eat]\n|-heal|p1a: Rock doggo|60\/100|[from] item: Sitrus Berry\n|move|p1b: Jade dragon|Rock Slide|p2a: Chi-Yu|[spread] p2a,p2b\n|-supereffective|p2a: Chi-Yu\n|-supereffective|p2b: Tornadus\n|-damage|p2a: Chi-Yu|47\/100\n|-damage|p2b: Tornadus|0 fnt\n|faint|p2b: Tornadus\n|\n|-weather|SunnyDay|[upkeep]\n|-heal|p2a: Chi-Yu|53\/100|[from] Grassy Terrain\n|-heal|p1a: Rock doggo|66\/100|[from] Grassy Terrain\n|-heal|p1b: Jade dragon|54\/100 brn|[from] Grassy Terrain\n|-damage|p1b: Jade dragon|48\/100 brn|[from] brn\n|upkeep\n|\n|t:|1700370101\n|switch|p2b: Landorus|Landorus-Therian, L50, M, shiny|100\/100\n|-ability|p2b: Landorus|Intimidate|boost\n|-unboost|p1a: Rock doggo|atk|1\n|-unboost|p1b: Jade dragon|atk|1\n|turn|4\n|\n|t:|1700370117\n|switch|p1b: Monke|Rillaboom, L50, M|44\/100\n|move|p1a: Rock doggo|Protect|p1a: Rock doggo\n|-singleturn|p1a: Rock doggo|Protect\n|move|p2b: Landorus|Stomping Tantrum|p1a: Rock doggo\n|-activate|p1a: Rock doggo|move: Protect\n|move|p2a: Chi-Yu|Heat Wave|p1b: Monke|[spread] p1b\n|-activate|p1a: Rock doggo|move: Protect\n|-supereffective|p1b: Monke\n|-damage|p1b: Monke|0 fnt\n|faint|p1b: Monke\n|\n|-weather|SunnyDay|[upkeep]\n|-heal|p2a: Chi-Yu|59\/100|[from] Grassy Terrain\n|-heal|p1a: Rock doggo|72\/100|[from] Grassy Terrain\n|-sideend|p2: BAN SHEDNINJA OK|move: Tailwind\n|upkeep\n|\n|t:|1700370131\n|switch|p1b: Fish|Flutter Mane, L50|100\/100\n|-activate|p1b: Fish|ability: Protosynthesis\n|-start|p1b: Fish|protosynthesisspa\n|turn|5\n|\n|t:|1700370143\n|-terastallize|p1b: Fish|Fairy\n|move|p2b: Landorus|Stomping Tantrum|p1b: Fish\n|-damage|p1b: Fish|31\/100\n|move|p1b: Fish|Moonblast|p2b: Landorus\n|-damage|p2b: Landorus|0 fnt\n|faint|p2b: Landorus\n|move|p2a: Chi-Yu|Heat Wave|p1b: Fish|[spread] p1a,p1b\n|-resisted|p1a: Rock doggo\n|-damage|p1a: Rock doggo|30\/100\n|-damage|p1b: Fish|0 fnt\n|faint|p1b: Fish\n|-end|p1b: Fish|Protosynthesis|[silent]\n|move|p1a: Rock doggo|Rock Slide|p2a: Chi-Yu\n|-supereffective|p2a: Chi-Yu\n|-crit|p2a: Chi-Yu\n|-damage|p2a: Chi-Yu|0 fnt\n|faint|p2a: Chi-Yu\n|\n|-weather|SunnyDay|[upkeep]\n|-heal|p1a: Rock doggo|36\/100|[from] Grassy Terrain\n|-fieldend|move: Grassy Terrain\n|upkeep\n|\n|t:|1700370151\n|switch|p1b: Jade dragon|Tyranitar, L50, M|48\/100 brn\n|switch|p2b: Urshifu|Urshifu-Rapid-Strike, L50, F|14\/100\n|-weather|Sandstorm|[from] ability: Sand Stream|[of] p1b: Jade dragon\n|turn|6\n|\n|t:|1700370156\n|move|p2b: Urshifu|Surging Strikes|p1a: Rock doggo\n|-supereffective|p1a: Rock doggo\n|-crit|p1a: Rock doggo\n|-damage|p1a: Rock doggo|0 fnt\n|faint|p1a: Rock doggo\n|-hitcount|p1: Rock doggo|1\n|move|p1b: Jade dragon|Knock Off|p2b: Urshifu\n|-resisted|p2b: Urshifu\n|-damage|p2b: Urshifu|0 fnt\n|-enditem|p2b: Urshifu|Choice Band|[from] move: Knock Off|[of] p1b: Jade dragon\n|faint|p2b: Urshifu\n|\n|win|Jadedragon61\n|raw|Jadedragon61's rating: 1337 &rarr; <strong>1360<\/strong><br \/>(+23 for winning)\n|raw|BAN SHEDNINJA OK's rating: 1391 &rarr; <strong>1368<\/strong><br \/>(-23 for losing)\n|l|\u2606BAN SHEDNINJA OK\n","uploadtime":1700370168,"views":7,"p1id":"jadedragon61","p2id":"banshedninjaok","formatid":"gen9vgc2023regulatione","rating":1360,"private":0,"password":""}