{"id":"gen9vgc2023regulatione-2000582223","p1":"newusernovice","p2":"WiiCri","format":"[Gen 9] VGC 2023 Regulation E","log":"|j|\u2606newusernovice\n|j|\u2606WiiCri\n|t:|1701207444\n|gametype|doubles\n|player|p1|newusernovice|brawly|1254\n|player|p2|WiiCri|hiker-gen4|1159\n|teamsize|p1|6\n|teamsize|p2|5\n|gen|9\n|tier|[Gen 9] VGC 2023 Regulation E\n|rated|\n|rule|Species Clause: Limit one of each Pok\u00e9mon\n|rule|Item Clause: Limit one of each item\n|clearpoke\n|poke|p1|Kingambit, L50, M|\n|poke|p1|Iron Hands, L50|\n|poke|p1|Tornadus, L50, M|\n|poke|p1|Amoonguss, L50, M|\n|poke|p1|Arcanine-Hisui, L50, M|\n|poke|p1|Landorus-Therian, L50, M|\n|poke|p2|Tyranitar, L50, M|\n|poke|p2|Lycanroc, L50, M|\n|poke|p2|Iron Bundle, L50|\n|poke|p2|Arcanine-Hisui, L50, M|\n|poke|p2|Farigiraf, L50, M|\n|teampreview|4\n|inactive|Battle timer is ON: inactive players will automatically lose when time's up. (requested by newusernovice)\n|\n|t:|1701207473\n|start\n|switch|p1a: Iron Hands|Iron Hands, L50, shiny|100\/100\n|switch|p1b: Landorus|Landorus-Therian, L50, M|100\/100\n|switch|p2a: Iron Bundle|Iron Bundle, L50|100\/100\n|switch|p2b: Farigiraf|Farigiraf, L50, M|100\/100\n|-ability|p1b: Landorus|Intimidate|boost\n|-unboost|p2a: Iron Bundle|atk|1\n|-unboost|p2b: Farigiraf|atk|1\n|-enditem|p2a: Iron Bundle|Booster Energy\n|-activate|p2a: Iron Bundle|ability: Quark Drive|[fromitem]\n|-start|p2a: Iron Bundle|quarkdrivespe\n|turn|1\n|inactive|newusernovice has 30 seconds left.\n|inactive|newusernovice has 20 seconds left.\n|inactive|newusernovice has 15 seconds left.\n|inactive|newusernovice has 10 seconds left.\n|inactive|newusernovice has 5 seconds left.\n|\n|t:|1701207525\n|switch|p1b: Arcanine|Arcanine-Hisui, L50, M|100\/100\n|-ability|p1b: Arcanine|Intimidate|boost\n|-unboost|p2a: Iron Bundle|atk|1\n|-unboost|p2b: Farigiraf|atk|1\n|move|p2a: Iron Bundle|Protect|p2a: Iron Bundle\n|-singleturn|p2a: Iron Bundle|Protect\n|move|p2b: Farigiraf|Psychic|p1a: Iron Hands\n|-supereffective|p1a: Iron Hands\n|-damage|p1a: Iron Hands|32\/100\n|-enditem|p1a: Iron Hands|Sitrus Berry|[eat]\n|-heal|p1a: Iron Hands|57\/100|[from] item: Sitrus Berry\n|move|p1a: Iron Hands|Wild Charge|p2a: Iron Bundle\n|-activate|p2a: Iron Bundle|move: Protect\n|\n|upkeep\n|turn|2\n|inactive|WiiCri has 30 seconds left.\n|inactive|WiiCri has 20 seconds left.\n|\n|t:|1701207563\n|switch|p1b: Kingambit|Kingambit, L50, M, shiny|100\/100\n|move|p2a: Iron Bundle|Freeze-Dry|p1a: Iron Hands\n|-damage|p1a: Iron Hands|22\/100\n|move|p2b: Farigiraf|Dazzling Gleam|p1a: Iron Hands|[spread] p1a,p1b\n|-supereffective|p1a: Iron Hands\n|-damage|p1a: Iron Hands|0 fnt\n|-damage|p1b: Kingambit|85\/100\n|faint|p1a: Iron Hands\n|-end|p1a: Iron Hands|Quark Drive|[silent]\n|\n|upkeep\n|\n|t:|1701207579\n|switch|p1a: Landorus|Landorus-Therian, L50, M|100\/100\n|-ability|p1a: Landorus|Intimidate|boost\n|-unboost|p2a: Iron Bundle|atk|1\n|-unboost|p2b: Farigiraf|atk|1\n|turn|3\n|\n|t:|1701207593\n|-terastallize|p1a: Landorus|Water\n|move|p2a: Iron Bundle|Freeze-Dry|p1a: Landorus\n|-supereffective|p1a: Landorus\n|-damage|p1a: Landorus|24\/100\n|move|p1a: Landorus|Rock Slide|p2a: Iron Bundle|[spread] p2a,p2b\n|-supereffective|p2a: Iron Bundle\n|-damage|p2a: Iron Bundle|23\/100\n|-damage|p2b: Farigiraf|72\/100\n|cant|p2b: Farigiraf|flinch\n|move|p1b: Kingambit|Kowtow Cleave|p2a: Iron Bundle\n|-damage|p2a: Iron Bundle|0 fnt\n|faint|p2a: Iron Bundle\n|-end|p2a: Iron Bundle|Quark Drive|[silent]\n|-damage|p1b: Kingambit|75\/100|[from] item: Life Orb\n|\n|upkeep\n|\n|t:|1701207596\n|switch|p2a: Tyranitar|Tyranitar, L50, M|100\/100\n|-weather|Sandstorm|[from] ability: Sand Stream|[of] p2a: Tyranitar\n|turn|4\n|inactive|newusernovice has 30 seconds left.\n|\n|t:|1701207625\n|-terastallize|p2a: Tyranitar|Flying\n|move|p1a: Landorus|Rock Slide|p2b: Farigiraf|[spread] p2a,p2b\n|-supereffective|p2a: Tyranitar\n|-damage|p2a: Tyranitar|42\/100\n|-damage|p2b: Farigiraf|42\/100\n|cant|p2b: Farigiraf|flinch\n|move|p1b: Kingambit|Iron Head|p2a: Tyranitar\n|-damage|p2a: Tyranitar|0 fnt\n|faint|p2a: Tyranitar\n|-damage|p1b: Kingambit|66\/100|[from] item: Life Orb\n|\n|-weather|Sandstorm|[upkeep]\n|-damage|p1a: Landorus|18\/100|[from] Sandstorm\n|-damage|p2b: Farigiraf|36\/100|[from] Sandstorm\n|upkeep\n|\n|t:|1701207627\n|switch|p2a: Arcanine|Arcanine-Hisui, L50, M, shiny|100\/100\n|-ability|p2a: Arcanine|Intimidate|boost\n|-unboost|p1a: Landorus|atk|1\n|-unboost|p1b: Kingambit|atk|1\n|-ability|p1b: Kingambit|Defiant|boost\n|-boost|p1b: Kingambit|atk|2\n|turn|5\n|inactive|newusernovice has 30 seconds left.\n|\n|t:|1701207656\n|move|p2a: Arcanine|Flare Blitz|p1b: Kingambit\n|-supereffective|p1b: Kingambit\n|-damage|p1b: Kingambit|0 fnt\n|faint|p1b: Kingambit\n|-damage|p2a: Arcanine|76\/100|[from] Recoil\n|-damage|p2a: Arcanine|66\/100|[from] item: Life Orb\n|move|p1a: Landorus|Rock Slide|p2a: Arcanine|[spread] p2a,p2b\n|-supereffective|p2a: Arcanine\n|-damage|p2a: Arcanine|8\/100\n|-damage|p2b: Farigiraf|15\/100\n|move|p2b: Farigiraf|Psychic|p1a: Landorus\n|-damage|p1a: Landorus|0 fnt\n|faint|p1a: Landorus\n|\n|-weather|Sandstorm|[upkeep]\n|-damage|p2b: Farigiraf|9\/100|[from] Sandstorm\n|upkeep\n|\n|t:|1701207665\n|switch|p1a: Arcanine|Arcanine-Hisui, L50, M|100\/100\n|-ability|p1a: Arcanine|Intimidate|boost\n|-unboost|p2a: Arcanine|atk|1\n|-unboost|p2b: Farigiraf|atk|1\n|turn|6\n|\n|t:|1701207673\n|move|p2a: Arcanine|Protect|p2a: Arcanine\n|-singleturn|p2a: Arcanine|Protect\n|move|p1a: Arcanine|Rock Slide|p2b: Farigiraf|[spread] p2b\n|-activate|p2a: Arcanine|move: Protect\n|-damage|p2b: Farigiraf|0 fnt\n|faint|p2b: Farigiraf\n|\n|-weather|Sandstorm|[upkeep]\n|upkeep\n|turn|7\n|\n|t:|1701207677\n|move|p1a: Arcanine|Rock Slide|p2a: Arcanine\n|-supereffective|p2a: Arcanine\n|-damage|p2a: Arcanine|0 fnt\n|faint|p2a: Arcanine\n|\n|win|newusernovice\n|raw|newusernovice's rating: 1254 &rarr; <strong>1272<\/strong><br \/>(+18 for winning)\n|raw|WiiCri's rating: 1159 &rarr; <strong>1141<\/strong><br \/>(-18 for losing)\n|l|\u2606WiiCri\n","uploadtime":1701207692,"views":2,"p1id":"newusernovice","p2id":"wiicri","formatid":"gen9vgc2023regulatione","rating":1141,"private":0,"password":""}