{"id":"gen9vgc2023regulatione-1990746179","p1":"NebbyNoo112","p2":"CharlienoB","format":"[Gen 9] VGC 2023 Regulation E","log":"|j|\u2606NebbyNoo112\n|j|\u2606CharlienoB\n|t:|1699996948\n|gametype|doubles\n|player|p1|NebbyNoo112|170|1015\n|player|p2|CharlienoB|169|1029\n|teamsize|p1|5\n|teamsize|p2|6\n|gen|9\n|tier|[Gen 9] VGC 2023 Regulation E\n|rated|\n|rule|Species Clause: Limit one of each Pok\u00e9mon\n|rule|Item Clause: Limit one of each item\n|clearpoke\n|poke|p1|Ninetales-Alola, L50, M|\n|poke|p1|Zoroark-Hisui, L50, M|\n|poke|p1|Typhlosion-Hisui, L50, F|\n|poke|p1|Annihilape, L50, M|\n|poke|p1|Grimmsnarl, L50, M|\n|poke|p2|Espathra, L50, M|\n|poke|p2|Sinistcha, L50|\n|poke|p2|Chi-Yu, L50|\n|poke|p2|Basculegion, L50, M|\n|poke|p2|Hydreigon, L50, M|\n|poke|p2|Annihilape, L50, M|\n|teampreview|4\n|\n|t:|1699996960\n|start\n|switch|p1a: Wavy|Ninetales-Alola, L50, M|100\/100\n|switch|p1b: Curly|Grimmsnarl, L50, M|100\/100\n|switch|p2a: Annihilape|Annihilape, L50, M|100\/100\n|switch|p2b: Chi-Yu|Chi-Yu, L50|100\/100\n|-weather|Snow|[from] ability: Snow Warning|[of] p1a: Wavy\n|-ability|p2b: Chi-Yu|Beads of Ruin\n|turn|1\n|inactive|Battle timer is ON: inactive players will automatically lose when time's up. (requested by NebbyNoo112)\n|\n|t:|1699996990\n|move|p1b: Curly|Light Screen|p1b: Curly\n|-sidestart|p1: NebbyNoo112|move: Light Screen\n|move|p2a: Annihilape|U-turn|p1b: Curly\n|-damage|p1b: Curly|70\/100\n|\n|t:|1699996997\n|switch|p2a: Espathra|Espathra, L50, M|100\/100|[from] U-turn\n|move|p1a: Wavy|Blizzard|p2b: Chi-Yu|[spread] p2a,p2b\n|-resisted|p2b: Chi-Yu\n|-damage|p2a: Espathra|31\/100\n|-damage|p2b: Chi-Yu|84\/100\n|-enditem|p2a: Espathra|Sitrus Berry|[eat]\n|-heal|p2a: Espathra|57\/100|[from] item: Sitrus Berry\n|-damage|p1a: Wavy|91\/100|[from] item: Life Orb\n|move|p2b: Chi-Yu|Overheat|p1a: Wavy\n|-supereffective|p1a: Wavy\n|-damage|p1a: Wavy|0 fnt\n|-unboost|p2b: Chi-Yu|spa|2\n|faint|p1a: Wavy\n|\n|-weather|Snow|[upkeep]\n|upkeep\n|\n|t:|1699997016\n|switch|p1a: Bedhead|Annihilape, L50, M|100\/100\n|turn|2\n|\n|t:|1699997036\n|switch|p2b: Annihilape|Annihilape, L50, M|100\/100\n|-terastallize|p2a: Espathra|Fairy\n|move|p1b: Curly|Reflect|p1b: Curly\n|-sidestart|p1: NebbyNoo112|Reflect\n|move|p1a: Bedhead|Bitter Malice|p2b: Annihilape\n|-supereffective|p2b: Annihilape\n|-damage|p2b: Annihilape|23\/100\n|-unboost|p2b: Annihilape|atk|1\n|-ability|p2b: Annihilape|Defiant|boost\n|-boost|p2b: Annihilape|atk|2\n|move|p2a: Espathra|Dazzling Gleam|p1b: Curly|[spread] p1a,p1b\n|-supereffective|p1b: Curly\n|-damage|p1a: Bedhead|73\/100\n|-damage|p1b: Curly|50\/100\n|replace|p1a: Dreadlocks|Zoroark-Hisui, L50, M\n|-end|p1a: Dreadlocks|Illusion\n|\n|-weather|Snow|[upkeep]\n|-ability|p2a: Espathra|Speed Boost|boost\n|-boost|p2a: Espathra|spe|1\n|upkeep\n|turn|3\n|inactive|NebbyNoo112 has 30 seconds left.\n|inactive|CharlienoB has 30 seconds left.\n|\n|t:|1699997069\n|move|p2b: Annihilape|U-turn|p1a: Dreadlocks\n|-resisted|p1a: Dreadlocks\n|-damage|p1a: Dreadlocks|52\/100\n|\n|t:|1699997074\n|switch|p2b: Chi-Yu|Chi-Yu, L50|84\/100|[from] U-turn\n|-ability|p2b: Chi-Yu|Beads of Ruin\n|move|p2a: Espathra|Dazzling Gleam|p1b: Curly|[spread] p1a,p1b\n|-supereffective|p1b: Curly\n|-damage|p1a: Dreadlocks|13\/100\n|-damage|p1b: Curly|20\/100\n|-enditem|p1a: Dreadlocks|Aguav Berry|[eat]\n|-heal|p1a: Dreadlocks|46\/100|[from] item: Aguav Berry\n|move|p1a: Dreadlocks|Bitter Malice|p2b: Chi-Yu\n|-resisted|p2b: Chi-Yu\n|-damage|p2b: Chi-Yu|68\/100\n|-unboost|p2b: Chi-Yu|atk|1\n|move|p1b: Curly|Drain Punch|p2a: Espathra\n|-resisted|p2a: Espathra\n|-damage|p2a: Espathra|48\/100\n|-heal|p1b: Curly|25\/100|[from] drain|[of] p2a: Espathra\n|\n|-weather|Snow|[upkeep]\n|-ability|p2a: Espathra|Speed Boost|boost\n|-boost|p2a: Espathra|spe|1\n|upkeep\n|turn|4\n|inactive|NebbyNoo112 has 30 seconds left.\n|inactive|CharlienoB has 30 seconds left.\n|\n|t:|1699997108\n|move|p1b: Curly|Parting Shot|p2b: Chi-Yu\n|-hint|Since gen 7, Dark is immune to Prankster moves.\n|-immune|p2b: Chi-Yu\n|move|p2a: Espathra|Skill Swap|p2b: Chi-Yu\n|-activate|p2a: Espathra|move: Skill Swap|||[of] p2b: Chi-Yu\n|-ability|p2a: Espathra|Beads of Ruin\n|move|p1a: Dreadlocks|Hyper Voice|p2a: Espathra|[spread] p2a,p2b\n|-damage|p2a: Espathra|10\/100\n|-damage|p2b: Chi-Yu|29\/100\n|move|p2b: Chi-Yu|Snarl|p1b: Curly|[spread] p1a,p1b\n|-supereffective|p1a: Dreadlocks\n|-resisted|p1b: Curly\n|-damage|p1a: Dreadlocks|0 fnt\n|-damage|p1b: Curly|21\/100\n|-unboost|p1b: Curly|spa|1\n|faint|p1a: Dreadlocks\n|\n|-weather|Snow|[upkeep]\n|-ability|p2b: Chi-Yu|Speed Boost|boost\n|-boost|p2b: Chi-Yu|spe|1\n|upkeep\n|\n|t:|1699997117\n|switch|p1a: Bedhead|Annihilape, L50, M|100\/100\n|turn|5\n|\n|t:|1699997136\n|move|p2a: Espathra|Dazzling Gleam|p1a: Bedhead|[spread] p1a,p1b\n|-supereffective|p1a: Bedhead\n|-supereffective|p1b: Curly\n|-damage|p1a: Bedhead|72\/100\n|-damage|p1b: Curly|0 fnt\n|faint|p1b: Curly\n|move|p2b: Chi-Yu|Overheat|p1a: Bedhead\n|-damage|p1a: Bedhead|30\/100\n|-unboost|p2b: Chi-Yu|spa|2\n|move|p1a: Bedhead|Close Combat|p2a: Espathra\n|-resisted|p2a: Espathra\n|-damage|p2a: Espathra|0 fnt\n|-unboost|p1a: Bedhead|def|1\n|-unboost|p1a: Bedhead|spd|1\n|faint|p2a: Espathra\n|\n|-weather|none\n|-sideend|p1: NebbyNoo112|move: Light Screen\n|-ability|p2b: Chi-Yu|Speed Boost|boost\n|-boost|p2b: Chi-Yu|spe|1\n|upkeep\n|\n|t:|1699997153\n|switch|p2a: Annihilape|Annihilape, L50, M|23\/100\n|turn|6\n|\n|t:|1699997160\n|move|p2b: Chi-Yu|Overheat|p1a: Bedhead\n|-damage|p1a: Bedhead|0 fnt\n|-unboost|p2b: Chi-Yu|spa|2\n|faint|p1a: Bedhead\n|\n|win|CharlienoB\n|raw|NebbyNoo112's rating: 1015 &rarr; <strong>1003<\/strong><br \/>(-12 for losing)\n|raw|CharlienoB's rating: 1029 &rarr; <strong>1063<\/strong><br \/>(+34 for winning)\n","uploadtime":1699997168,"views":12,"p1id":"nebbynoo112","p2id":"charlienob","formatid":"gen9vgc2023regulatione","rating":1003,"private":0,"password":""}