{"id":"gen9vgc2023regulatione-1999764639","p1":"papesz7","p2":"kidturtle","format":"[Gen 9] VGC 2023 Regulation E","log":"|j|\u2606papesz7\n|j|\u2606kidturtle\n|n|\u2606papesz7|papesz7\n|n|\u2606kidturtle|kidturtle\n|html|View the match progress at <a href=\"\/game-bestof3-gen9vgc2023regulatione-1999762697\">game-bestof3-gen9vgc2023regulatione-1999762697<\/a>\n|t:|1701114614\n|gametype|doubles\n|player|p1|papesz7|swimmer-gen4dp|\n|player|p2|kidturtle|hoopster|\n|teamsize|p1|6\n|teamsize|p2|6\n|gen|9\n|tier|[Gen 9] VGC 2023 Regulation E\n|rated|Tournament battle\n|rule|Species Clause: Limit one of each Pok\u00e9mon\n|rule|Item Clause: Limit one of each item\n|clearpoke\n|poke|p1|Wo-Chien, L50|\n|poke|p1|Armarouge, L50, M|\n|poke|p1|Indeedee-F, L50, F|\n|poke|p1|Glimmora, L50, M|\n|poke|p1|Ursaluna-Bloodmoon, L50, M|\n|poke|p1|Grimmsnarl, L50, M|\n|poke|p2|Ursaluna, L50, M|\n|poke|p2|Cresselia, L50, F|\n|poke|p2|Flutter Mane, L50|\n|poke|p2|Chi-Yu, L50|\n|poke|p2|Iron Hands, L50|\n|poke|p2|Urshifu-*, L50, M|\n|teampreview|4\n|showteam|p1|Wo-Chien||Leftovers|TabletsofRuin|LeechSeed,Protect,GigaDrain,PollenPuff||||||50|,,,,,Poison]Armarouge||LifeOrb|FlashFire|ExpandingForce,ArmorCannon,TrickRoom,AuraSphere|||M|||50|,,,,,Psychic]Indeedee-F||PsychicSeed|PsychicSurge|HyperVoice,FollowMe,TrickRoom,HealPulse|||F|||50|,,,,,Water]Glimmora||RockyHelmet|ToxicDebris|MortalSpin,PowerGem,StealthRock,SludgeBomb|||M|||50|,,,,,Grass]Ursaluna-Bloodmoon||ThroatSpray|MindsEye|BloodMoon,EarthPower,HyperVoice,Protect|||M|||50|,,,,,Poison]Grimmsnarl||CovertCloak|Prankster|SpiritBreak,Reflect,LightScreen,PartingShot|||M|||50|,,,,,Poison\n|showteam|p2|Ursaluna||FlameOrb|Guts|Facade,Earthquake,SwordsDance,Protect|||M|||50|,,,,,Ghost]Cresselia||MentalHerb|Levitate|IceBeam,AllySwitch,LunarBlessing,TrickRoom|||F|||50|,,,,,Fairy]Flutter Mane||BoosterEnergy|Protosynthesis|IcyWind,ShadowBall,Moonblast,Protect||||||50|,,,,,Fairy]Chi-Yu||ChoiceSpecs|BeadsofRuin|BurningJealousy,DarkPulse,Overheat,Snarl||||||50|,,,,,Ghost]Iron Hands||SitrusBerry|QuarkDrive|DrainPunch,WildCharge,FakeOut,SwordsDance||||||50|,,,,,Fire]Urshifu||FocusSash|UnseenFist|Detect,WickedBlow,CloseCombat,SuckerPunch|||M|||50|,,,,,Dark\n|inactive|Battle timer is ON: inactive players will automatically lose when time's up. (requested by kidturtle)\n|\n|t:|1701114631\n|start\n|switch|p1a: Armarouge|Armarouge, L50, M|100\/100\n|switch|p1b: Indeedee|Indeedee-F, L50, F|100\/100\n|switch|p2a: Ursaluna|Ursaluna, L50, M|100\/100\n|switch|p2b: Cresselia|Cresselia, L50, F|100\/100\n|-fieldstart|move: Psychic Terrain|[from] ability: Psychic Surge|[of] p1b: Indeedee\n|-enditem|p1b: Indeedee|Psychic Seed\n|-boost|p1b: Indeedee|spd|1|[from] item: Psychic Seed\n|turn|1\n|\n|t:|1701114649\n|move|p1a: Armarouge|Expanding Force|p2a: Ursaluna|[spread] p2a,p2b\n|-resisted|p2b: Cresselia\n|-damage|p2a: Ursaluna|28\/100\n|-damage|p2b: Cresselia|75\/100\n|-damage|p1a: Armarouge|91\/100|[from] item: Life Orb\n|move|p1b: Indeedee|Hyper Voice|p2a: Ursaluna|[spread] p2a,p2b\n|-damage|p2a: Ursaluna|7\/100\n|-damage|p2b: Cresselia|62\/100\n|move|p2a: Ursaluna|Earthquake|p1b: Indeedee|[spread] p1a,p1b\n|-immune|p2b: Cresselia|[from] ability: Levitate\n|-supereffective|p1a: Armarouge\n|-damage|p1a: Armarouge|4\/100\n|-damage|p1b: Indeedee|55\/100\n|move|p2b: Cresselia|Trick Room|p2b: Cresselia\n|-fieldstart|move: Trick Room|[of] p2b: Cresselia\n|\n|-status|p2a: Ursaluna|brn|[from] item: Flame Orb\n|upkeep\n|turn|2\n|\n|t:|1701114659\n|move|p2a: Ursaluna|Earthquake|p1a: Armarouge|[spread] p1a,p1b\n|-immune|p2b: Cresselia|[from] ability: Levitate\n|-supereffective|p1a: Armarouge\n|-damage|p1a: Armarouge|0 fnt\n|-damage|p1b: Indeedee|0 fnt\n|faint|p1a: Armarouge\n|faint|p1b: Indeedee\n|move|p2b: Cresselia|Lunar Blessing|p2b: Cresselia|[spread] p2a,p2b\n|-heal|p2a: Ursaluna|32\/100 brn\n|-curestatus|p2a: Ursaluna|brn|[msg]\n|-heal|p2b: Cresselia|87\/100\n|\n|-status|p2a: Ursaluna|brn|[from] item: Flame Orb\n|upkeep\n|\n|t:|1701114663\n|switch|p1b: Wo-Chien|Wo-Chien, L50|100\/100\n|switch|p1a: Ursaluna|Ursaluna-Bloodmoon, L50, M|100\/100\n|-ability|p1b: Wo-Chien|Tablets of Ruin\n|turn|3\n|\n|t:|1701114674\n|move|p2a: Ursaluna|Protect|p2a: Ursaluna\n|-singleturn|p2a: Ursaluna|Protect\n|move|p1a: Ursaluna|Hyper Voice|p2a: Ursaluna|[spread] p2b\n|-activate|p2a: Ursaluna|move: Protect\n|-damage|p2b: Cresselia|61\/100\n|-enditem|p1a: Ursaluna|Throat Spray\n|-boost|p1a: Ursaluna|spa|1|[from] item: Throat Spray\n|move|p1b: Wo-Chien|Leech Seed|p2b: Cresselia|[miss]\n|-miss|p1b: Wo-Chien|p2b: Cresselia\n|move|p2b: Cresselia|Lunar Blessing|p2b: Cresselia|[spread] p2a,p2b\n|-heal|p2a: Ursaluna|57\/100 brn\n|-curestatus|p2a: Ursaluna|brn|[msg]\n|-heal|p2b: Cresselia|86\/100\n|\n|-status|p2a: Ursaluna|brn|[from] item: Flame Orb\n|upkeep\n|turn|4\n|\n|t:|1701114696\n|move|p2a: Ursaluna|Facade|p1a: Ursaluna\n|-damage|p1a: Ursaluna|35\/100\n|move|p1a: Ursaluna|Blood Moon|p2a: Ursaluna\n|-damage|p2a: Ursaluna|0 fnt\n|faint|p2a: Ursaluna\n|move|p1b: Wo-Chien|Leech Seed|p2b: Cresselia\n|-start|p2b: Cresselia|move: Leech Seed\n|move|p2b: Cresselia|Lunar Blessing|p2b: Cresselia\n|-heal|p2b: Cresselia|100\/100\n|\n|-damage|p2b: Cresselia|88\/100|[from] Leech Seed|[of] p1b: Wo-Chien\n|upkeep\n|\n|t:|1701114701\n|switch|p2a: Urshifu|Urshifu, L50, M|100\/100\n|turn|5\n|c|\u2606papesz7|u are very fucking annoying i hope you know\n|\n|t:|1701114720\n|switch|p2b: Iron Hands|Iron Hands, L50|100\/100\n|move|p2a: Urshifu|Detect|p2a: Urshifu\n|-singleturn|p2a: Urshifu|Protect\n|move|p1a: Ursaluna|Hyper Voice|p2b: Iron Hands|[spread] p2b\n|-activate|p2a: Urshifu|move: Protect\n|-damage|p2b: Iron Hands|50\/100\n|-enditem|p2b: Iron Hands|Sitrus Berry|[eat]\n|-heal|p2b: Iron Hands|75\/100|[from] item: Sitrus Berry\n|move|p1b: Wo-Chien|Pollen Puff|p1a: Ursaluna\n|-heal|p1a: Ursaluna|85\/100\n|\n|-fieldend|move: Trick Room\n|-fieldend|move: Psychic Terrain\n|upkeep\n|turn|6\n|\n|t:|1701114744\n|-terastallize|p2a: Urshifu|Dark\n|-terastallize|p1a: Ursaluna|Poison\n|move|p2b: Iron Hands|Fake Out|p1b: Wo-Chien\n|-damage|p1b: Wo-Chien|91\/100\n|move|p2a: Urshifu|Wicked Blow|p1a: Ursaluna\n|-crit|p1a: Ursaluna\n|-damage|p1a: Ursaluna|36\/100\n|cant|p1b: Wo-Chien|flinch\n|move|p1a: Ursaluna|Blood Moon|p2a: Urshifu\n|-enditem|p2a: Urshifu|Focus Sash\n|-damage|p2a: Urshifu|1\/100\n|\n|-heal|p1b: Wo-Chien|97\/100|[from] item: Leftovers\n|upkeep\n|turn|7\n|inactive|kidturtle has 30 seconds left.\n|\n|t:|1701114770\n|move|p2a: Urshifu|Wicked Blow|p1a: Ursaluna\n|-crit|p1a: Ursaluna\n|-damage|p1a: Ursaluna|0 fnt\n|faint|p1a: Ursaluna\n|move|p1b: Wo-Chien|Leech Seed|p2b: Iron Hands\n|-start|p2b: Iron Hands|move: Leech Seed\n|move|p2b: Iron Hands|Swords Dance|p2b: Iron Hands\n|-boost|p2b: Iron Hands|atk|2\n|\n|-heal|p1b: Wo-Chien|100\/100|[from] item: Leftovers\n|-damage|p2b: Iron Hands|63\/100|[from] Leech Seed|[of] p1b: Wo-Chien\n|upkeep\n|turn|8\n|c|\u2606kidturtle|gg\n|\n|t:|1701114781\n|move|p2a: Urshifu|Close Combat|p1b: Wo-Chien\n|-supereffective|p1b: Wo-Chien\n|-damage|p1b: Wo-Chien|28\/100\n|-unboost|p2a: Urshifu|def|1\n|-unboost|p2a: Urshifu|spd|1\n|move|p1b: Wo-Chien|Pollen Puff|p2a: Urshifu\n|-supereffective|p2a: Urshifu\n|-damage|p2a: Urshifu|0 fnt\n|faint|p2a: Urshifu\n|move|p2b: Iron Hands|Drain Punch|p1b: Wo-Chien\n|-supereffective|p1b: Wo-Chien\n|-damage|p1b: Wo-Chien|0 fnt\n|-heal|p2b: Iron Hands|74\/100|[from] drain|[of] p1b: Wo-Chien\n|faint|p1b: Wo-Chien\n|\n|win|kidturtle\n","uploadtime":1701114787,"views":4,"p1id":"papesz7","p2id":"kidturtle","formatid":"gen9vgc2023regulatione","rating":0,"private":0,"password":""}