{"id":"gen9vgc2023regulatione-1995086841","p1":"IDKWHATTODOANYMORE","p2":"Chreino","format":"[Gen 9] VGC 2023 Regulation E","log":"|j|\u2606IDKWHATTODOANYMORE\n|j|\u2606Chreino\n|t:|1700521076\n|gametype|doubles\n|player|p1|IDKWHATTODOANYMORE|steven|1404\n|player|p2|Chreino|n|1402\n|teamsize|p1|6\n|teamsize|p2|6\n|gen|9\n|tier|[Gen 9] VGC 2023 Regulation E\n|rated|\n|rule|Species Clause: Limit one of each Pok\u00e9mon\n|rule|Item Clause: Limit one of each item\n|clearpoke\n|poke|p1|Tornadus, L50, M|\n|poke|p1|Urshifu-*, L50, M|\n|poke|p1|Rillaboom, L50, M|\n|poke|p1|Flutter Mane, L50|\n|poke|p1|Heatran, L50, M|\n|poke|p1|Ogerpon-Wellspring, L50, F|\n|poke|p2|Moltres-Galar, L50|\n|poke|p2|Sinistcha-Masterpiece, L50|\n|poke|p2|Grimmsnarl, L50, M|\n|poke|p2|Iron Hands, L50|\n|poke|p2|Landorus-Therian, L50, M|\n|poke|p2|Heatran, L50, F|\n|teampreview|4\n|inactive|Battle timer is ON: inactive players will automatically lose when time's up. (requested by IDKWHATTODOANYMORE)\n|\n|t:|1700521101\n|start\n|switch|p1a: Will smith|Tornadus, L50, M|100\/100\n|switch|p1b: Rillaboom|Rillaboom, L50, M|100\/100\n|switch|p2a: Moltres|Moltres-Galar, L50, shiny|100\/100\n|switch|p2b: Grimmsnarl|Grimmsnarl, L50, M, shiny|100\/100\n|-fieldstart|move: Grassy Terrain|[from] ability: Grassy Surge|[of] p1b: Rillaboom\n|turn|1\n|\n|t:|1700521121\n|move|p1b: Rillaboom|Fake Out|p2b: Grimmsnarl\n|-damage|p2b: Grimmsnarl|81\/100\n|-damage|p1b: Rillaboom|91\/100|[from] item: Life Orb\n|move|p1a: Will smith|Tailwind|p1a: Will smith\n|-sidestart|p1: IDKWHATTODOANYMORE|move: Tailwind\n|cant|p2b: Grimmsnarl|flinch\n|move|p2a: Moltres|Nasty Plot|p2a: Moltres\n|-boost|p2a: Moltres|spa|2\n|\n|-heal|p1b: Rillaboom|96\/100|[from] Grassy Terrain\n|-heal|p2b: Grimmsnarl|87\/100|[from] Grassy Terrain\n|upkeep\n|turn|2\n|\n|t:|1700521136\n|move|p2b: Grimmsnarl|Reflect|p2b: Grimmsnarl\n|-sidestart|p2: Chreino|Reflect\n|move|p1a: Will smith|Bleakwind Storm|p2a: Moltres|[spread] p2a,p2b\n|-damage|p2a: Moltres|72\/100\n|-damage|p2b: Grimmsnarl|54\/100\n|-unboost|p2a: Moltres|spe|1\n|-unboost|p2b: Grimmsnarl|spe|1\n|move|p1b: Rillaboom|Drain Punch|p2a: Moltres\n|-damage|p2a: Moltres|53\/100\n|-heal|p1b: Rillaboom|100\/100|[from] drain|[of] p2a: Moltres\n|-damage|p1b: Rillaboom|91\/100|[from] item: Life Orb\n|move|p2a: Moltres|Nasty Plot|p2a: Moltres\n|-boost|p2a: Moltres|spa|2\n|\n|-heal|p1b: Rillaboom|96\/100|[from] Grassy Terrain\n|-heal|p2b: Grimmsnarl|60\/100|[from] Grassy Terrain\n|upkeep\n|turn|3\n|inactive|IDKWHATTODOANYMORE has 30 seconds left.\n|inactive|Chreino has 30 seconds left.\n|\n|t:|1700521167\n|move|p2b: Grimmsnarl|Parting Shot|p1a: Will smith\n|-unboost|p1a: Will smith|atk|1\n|-unboost|p1a: Will smith|spa|1\n|\n|t:|1700521173\n|switch|p2b: Landorus|Landorus-Therian, L50, M|100\/100|[from] Parting Shot\n|-ability|p2b: Landorus|Intimidate|boost\n|-unboost|p1a: Will smith|atk|1\n|-unboost|p1b: Rillaboom|atk|1\n|move|p1a: Will smith|Bleakwind Storm|p2b: Landorus|[spread] p2a,p2b\n|-damage|p2a: Moltres|33\/100\n|-damage|p2b: Landorus|70\/100\n|-unboost|p2b: Landorus|spe|1\n|-ability|p2a: Moltres|Berserk|boost\n|-boost|p2a: Moltres|spa|1\n|-enditem|p2a: Moltres|Sitrus Berry|[eat]\n|-heal|p2a: Moltres|58\/100|[from] item: Sitrus Berry\n|move|p1b: Rillaboom|Drain Punch|p2a: Moltres\n|-damage|p2a: Moltres|45\/100\n|-heal|p1b: Rillaboom|100\/100|[from] drain|[of] p2a: Moltres\n|-ability|p2a: Moltres|Berserk|boost\n|-boost|p2a: Moltres|spa|1\n|-damage|p1b: Rillaboom|91\/100|[from] item: Life Orb\n|move|p2a: Moltres|Fiery Wrath|p1b: Rillaboom|[spread] p1a,p1b\n|-damage|p1a: Will smith|0 fnt\n|-damage|p1b: Rillaboom|0 fnt\n|faint|p1a: Will smith\n|faint|p1b: Rillaboom\n|\n|upkeep\n|\n|t:|1700521192\n|switch|p1a: freddy faz bear|Urshifu-Rapid-Strike, L50, M|100\/100\n|switch|p1b: ribbon|Flutter Mane, L50|100\/100\n|turn|4\n|\n|t:|1700521217\n|switch|p2b: Sinistcha|Sinistcha-Masterpiece, L50, shiny|100\/100\n|-heal|p2a: Moltres|70\/100|[from] ability: Hospitality|[of] p2b: Sinistcha\n|-terastallize|p2a: Moltres|Poison\n|move|p1b: ribbon|Moonblast|p2a: Moltres\n|-resisted|p2a: Moltres\n|-damage|p2a: Moltres|50\/100\n|move|p1a: freddy faz bear|Surging Strikes|p2b: Sinistcha\n|-resisted|p2b: Sinistcha\n|-crit|p2b: Sinistcha\n|-damage|p2b: Sinistcha|89\/100\n|-damage|p1a: freddy faz bear|84\/100|[from] item: Rocky Helmet|[of] p2b: Sinistcha\n|-resisted|p2b: Sinistcha\n|-crit|p2b: Sinistcha\n|-damage|p2b: Sinistcha|78\/100\n|-damage|p1a: freddy faz bear|67\/100|[from] item: Rocky Helmet|[of] p2b: Sinistcha\n|-resisted|p2b: Sinistcha\n|-crit|p2b: Sinistcha\n|-damage|p2b: Sinistcha|67\/100\n|-damage|p1a: freddy faz bear|51\/100|[from] item: Rocky Helmet|[of] p2b: Sinistcha\n|-hitcount|p2b: Sinistcha|3\n|move|p2a: Moltres|Fiery Wrath|p1a: freddy faz bear|[spread] p1a,p1b\n|-resisted|p1a: freddy faz bear\n|-damage|p1a: freddy faz bear|0 fnt\n|-enditem|p1b: ribbon|Focus Sash\n|-damage|p1b: ribbon|1\/100\n|faint|p1a: freddy faz bear\n|\n|-heal|p1b: ribbon|7\/100|[from] Grassy Terrain\n|-heal|p2b: Sinistcha|73\/100|[from] Grassy Terrain\n|-heal|p2a: Moltres|57\/100|[from] Grassy Terrain\n|-sideend|p1: IDKWHATTODOANYMORE|move: Tailwind\n|upkeep\n|turn|5\n|inactive|Chreino has 30 seconds left.\n|\n|t:|1700521252\n|move|p2b: Sinistcha|Rage Powder|p2b: Sinistcha\n|-singleturn|p2b: Sinistcha|move: Rage Powder\n|move|p1b: ribbon|Shadow Ball|p2b: Sinistcha\n|-supereffective|p2b: Sinistcha\n|-damage|p2b: Sinistcha|0 fnt\n|faint|p2b: Sinistcha\n|move|p2a: Moltres|Fiery Wrath|p1b: ribbon\n|-damage|p1b: ribbon|0 fnt\n|faint|p1b: ribbon\n|-end|p1b: ribbon|Protosynthesis|[silent]\n|\n|win|Chreino\n|raw|IDKWHATTODOANYMORE's rating: 1404 &rarr; <strong>1384<\/strong><br \/>(-20 for losing)\n|raw|Chreino's rating: 1402 &rarr; <strong>1422<\/strong><br \/>(+20 for winning)\n|l|\u2606IDKWHATTODOANYMORE\n","uploadtime":1700521326,"views":13,"p1id":"idkwhattodoanymore","p2id":"chreino","formatid":"gen9vgc2023regulatione","rating":1384,"private":0,"password":""}