{"id":"gen9vgc2023regulatione-1994743002","p1":"BenGetsWeird","p2":"atanasoff x","format":"[Gen 9] VGC 2023 Regulation E","log":"|j|\u2606BenGetsWeird\n|j|\u2606atanasoff x\n|t:|1700488161\n|gametype|doubles\n|player|p1|BenGetsWeird|candice|1352\n|player|p2|atanasoff x|lance|1446\n|teamsize|p1|6\n|teamsize|p2|6\n|gen|9\n|tier|[Gen 9] VGC 2023 Regulation E\n|rated|\n|rule|Species Clause: Limit one of each Pok\u00e9mon\n|rule|Item Clause: Limit one of each item\n|clearpoke\n|poke|p1|Tornadus, L50, M|\n|poke|p1|Regidrago, L50|\n|poke|p1|Heatran, L50, F|\n|poke|p1|Flutter Mane, L50|\n|poke|p1|Urshifu-*, L50, M|\n|poke|p1|Kingambit, L50, F|\n|poke|p2|Regidrago, L50|\n|poke|p2|Scizor, L50, F|\n|poke|p2|Flutter Mane, L50|\n|poke|p2|Tornadus, L50, M|\n|poke|p2|Iron Hands, L50|\n|poke|p2|Gholdengo, L50|\n|teampreview|4\n|inactive|Battle timer is ON: inactive players will automatically lose when time's up. (requested by BenGetsWeird)\n|j| Waque\nBenGetsWeird rejected open team sheets.\n|c|\u2606BenGetsWeird|spider man meme\n|l| Waque\n|inactive|BenGetsWeird has 60 seconds left.\n|\n|t:|1700488208\n|start\n|switch|p1a: Tornadus|Tornadus, L50, M|100\/100\n|switch|p1b: Regidrago|Regidrago, L50, shiny|100\/100\n|switch|p2a: Iron Hands|Iron Hands, L50|100\/100\n|switch|p2b: Regidrago|Regidrago, L50|100\/100\n|turn|1\n|inactive|BenGetsWeird has 30 seconds left.\n|\n|t:|1700488239\n|-terastallize|p1a: Tornadus|Ghost\n|move|p1b: Regidrago|Protect|p1b: Regidrago\n|-singleturn|p1b: Regidrago|Protect\n|move|p2a: Iron Hands|Fake Out|p1b: Regidrago\n|-activate|p1b: Regidrago|move: Protect\n|move|p1a: Tornadus|Tailwind|p1a: Tornadus\n|-sidestart|p1: BenGetsWeird|move: Tailwind\n|move|p2b: Regidrago|Dragon Energy|p1a: Tornadus|[spread] p1a\n|-activate|p1b: Regidrago|move: Protect\n|-damage|p1a: Tornadus|16\/100\n|\n|upkeep\n|turn|2\n|\n|t:|1700488257\n|switch|p2b: Scizor|Scizor, L50, F|100\/100\n|move|p1a: Tornadus|Icy Wind|p2b: Scizor|[spread] p2a,p2b\n|-resisted|p2b: Scizor\n|-damage|p2a: Iron Hands|93\/100\n|-damage|p2b: Scizor|93\/100\n|-unboost|p2a: Iron Hands|spe|1\n|move|p1b: Regidrago|Dragon Energy|p2b: Scizor|[spread] p2a,p2b\n|-resisted|p2b: Scizor\n|-damage|p2a: Iron Hands|39\/100\n|-damage|p2b: Scizor|39\/100\n|move|p2a: Iron Hands|Ice Punch|p1b: Regidrago\n|-supereffective|p1b: Regidrago\n|-damage|p1b: Regidrago|34\/100\n|\n|upkeep\n|turn|3\n|\n|t:|1700488278\n|move|p2b: Scizor|Bullet Punch|p1a: Tornadus\n|-damage|p1a: Tornadus|0 fnt\n|faint|p1a: Tornadus\n|move|p1b: Regidrago|Dragon Energy|p2b: Scizor|[spread] p2a,p2b\n|-resisted|p2b: Scizor\n|-damage|p2a: Iron Hands|20\/100\n|-damage|p2b: Scizor|20\/100\n|move|p2a: Iron Hands|Drain Punch|p1b: Regidrago\n|-damage|p1b: Regidrago|0 fnt\n|-heal|p2a: Iron Hands|38\/100|[from] drain|[of] p1b: Regidrago\n|faint|p1b: Regidrago\n|\n|upkeep\n|\n|t:|1700488287\n|switch|p1a: Kingambit|Kingambit, L50, F, shiny|100\/100\n|switch|p1b: Flutter Mane|Flutter Mane, L50, shiny|100\/100\n|turn|4\n|\n|t:|1700488301\n|move|p1a: Kingambit|Sucker Punch|p2b: Scizor\n|-damage|p2b: Scizor|0 fnt\n|faint|p2b: Scizor\n|move|p1b: Flutter Mane|Dazzling Gleam|p2a: Iron Hands\n|-supereffective|p2a: Iron Hands\n|-crit|p2a: Iron Hands\n|-damage|p2a: Iron Hands|0 fnt\n|faint|p2a: Iron Hands\n|-end|p2a: Iron Hands|Quark Drive|[silent]\n|\n|-sideend|p1: BenGetsWeird|move: Tailwind\n|upkeep\n|\n|t:|1700488308\n|switch|p2b: Regidrago|Regidrago, L50|100\/100\n|switch|p2a: Tornadus|Tornadus, L50, M|100\/100\n|turn|5\n|\n|t:|1700488321\n|move|p1a: Kingambit|Sucker Punch|p2b: Regidrago\n|-crit|p2b: Regidrago\n|-damage|p2b: Regidrago|23\/100\n|move|p2b: Regidrago|Earth Power|p1a: Kingambit\n|-supereffective|p1a: Kingambit\n|-damage|p1a: Kingambit|47\/100\n|move|p1b: Flutter Mane|Dazzling Gleam|p2a: Tornadus|[spread] p2a,p2b\n|-supereffective|p2b: Regidrago\n|-damage|p2a: Tornadus|57\/100\n|-damage|p2b: Regidrago|0 fnt\n|faint|p2b: Regidrago\n|move|p2a: Tornadus|Bleakwind Storm|p1a: Kingambit|[spread] p1a,p1b\n|-resisted|p1a: Kingambit\n|-damage|p1a: Kingambit|28\/100\n|-damage|p1b: Flutter Mane|57\/100\n|-unboost|p1a: Kingambit|spe|1\n|-ability|p1a: Kingambit|Defiant|boost\n|-boost|p1a: Kingambit|atk|2\n|\n|upkeep\n|turn|6\n|-message|atanasoff x forfeited.\n|\n|win|BenGetsWeird\n|raw|BenGetsWeird's rating: 1352 &rarr; <strong>1377<\/strong><br \/>(+25 for winning)\n|raw|atanasoff x's rating: 1446 &rarr; <strong>1421<\/strong><br \/>(-25 for losing)\n|l|\u2606atanasoff x\n","uploadtime":1700488348,"views":13,"p1id":"bengetsweird","p2id":"atanasoffx","formatid":"gen9vgc2023regulatione","rating":1377,"private":0,"password":""}