{"id":"gen9vgc2023regulatione-1995529128","p1":"Pocketeer","p2":"KilnFirelinkAlt","format":"[Gen 9] VGC 2023 Regulation E","log":"|j|\u2606Pocketeer\n|j|\u2606KilnFirelinkAlt\n|t:|1700580158\n|gametype|doubles\n|player|p1|Pocketeer|169|1115\n|player|p2|KilnFirelinkAlt|iris-gen5bw2|1032\n|teamsize|p1|6\n|teamsize|p2|6\n|gen|9\n|tier|[Gen 9] VGC 2023 Regulation E\n|rated|\n|rule|Species Clause: Limit one of each Pok\u00e9mon\n|rule|Item Clause: Limit one of each item\n|clearpoke\n|poke|p1|Articuno-Galar, L50|\n|poke|p1|Shiftry, L50, M|\n|poke|p1|Chien-Pao, L50|\n|poke|p1|Heatran, L50, F|\n|poke|p1|Gastrodon, L50, M|\n|poke|p1|Iron Bundle, L50|\n|poke|p2|Gengar, L50, M|\n|poke|p2|Gyarados, L50, M|\n|poke|p2|Snorlax, L50, M|\n|poke|p2|Scizor, L50, M|\n|poke|p2|Golem, L50, F|\n|poke|p2|Gardevoir, L50, F|\n|teampreview|4\nKilnFirelinkAlt rejected open team sheets.\n|inactive|Battle timer is ON: inactive players will automatically lose when time's up. (requested by KilnFirelinkAlt)\n|\n|t:|1700580198\n|start\n|switch|p1a: Articuno|Articuno-Galar, L50, shiny|100\/100\n|switch|p1b: Iron Bundle|Iron Bundle, L50|100\/100\n|switch|p2a: Gengar|Gengar, L50, M|100\/100\n|switch|p2b: Snorlax|Snorlax, L50, M|100\/100\n|-enditem|p1b: Iron Bundle|Booster Energy\n|-activate|p1b: Iron Bundle|ability: Quark Drive|[fromitem]\n|-start|p1b: Iron Bundle|quarkdrivespe\n|turn|1\n|\n|t:|1700580219\n|-terastallize|p1a: Articuno|Fairy\n|move|p1b: Iron Bundle|Freeze-Dry|p2a: Gengar\n|-damage|p2a: Gengar|48\/100\n|move|p2a: Gengar|Thunderbolt|p1a: Articuno\n|-damage|p1a: Articuno|63\/100\n|move|p1a: Articuno|Tera Blast|p2a: Gengar|[anim] Tera Blast Fairy\n|-resisted|p2a: Gengar\n|-damage|p2a: Gengar|12\/100\n|move|p2b: Snorlax|Yawn|p1b: Iron Bundle\n|-start|p1b: Iron Bundle|move: Yawn|[of] p2b: Snorlax\n|\n|-heal|p2a: Gengar|18\/100|[from] item: Black Sludge\n|upkeep\n|turn|2\n|\n|t:|1700580244\n|-end|p1b: Iron Bundle|Quark Drive|[silent]\n|switch|p1b: Shiftry|Shiftry, L50, M|100\/100\n|move|p2a: Gengar|Sludge Bomb|p1a: Articuno\n|-supereffective|p1a: Articuno\n|-damage|p1a: Articuno|0 fnt\n|faint|p1a: Articuno\n|move|p2b: Snorlax|Curse|p2b: Snorlax\n|-unboost|p2b: Snorlax|spe|1\n|-boost|p2b: Snorlax|atk|1\n|-boost|p2b: Snorlax|def|1\n|\n|-heal|p2a: Gengar|24\/100|[from] item: Black Sludge\n|upkeep\n|\n|t:|1700580253\n|switch|p1a: Chien-Pao|Chien-Pao, L50|100\/100\n|-ability|p1a: Chien-Pao|Sword of Ruin\n|turn|3\n|\n|t:|1700580274\n|switch|p2a: Golem|Golem, L50, F|100\/100\n|move|p1b: Shiftry|Fake Out|p2b: Snorlax\n|-damage|p2b: Snorlax|94\/100\n|move|p1a: Chien-Pao|Crunch|p2b: Snorlax\n|-damage|p2b: Snorlax|60\/100\n|-damage|p1a: Chien-Pao|91\/100|[from] item: Life Orb\n|cant|p2b: Snorlax|flinch\n|\n|-heal|p2b: Snorlax|66\/100|[from] item: Leftovers\n|upkeep\n|turn|4\n|\n|t:|1700580290\n|switch|p2b: Gengar|Gengar, L50, M|24\/100\n|move|p1a: Chien-Pao|Sacred Sword|p2b: Gengar\n|-immune|p2b: Gengar\n|move|p1b: Shiftry|Knock Off|p2b: Gengar\n|-supereffective|p2b: Gengar\n|-damage|p2b: Gengar|0 fnt\n|-enditem|p2b: Gengar|Black Sludge|[from] move: Knock Off|[of] p1b: Shiftry\n|faint|p2b: Gengar\n|move|p2a: Golem|Explosion|p1b: Shiftry|[spread] p1a,p1b\n|-damage|p1a: Chien-Pao|0 fnt\n|-enditem|p1b: Shiftry|Focus Sash\n|-damage|p1b: Shiftry|1\/100\n|faint|p2a: Golem\n|faint|p1a: Chien-Pao\n|\n|upkeep\n|\n|t:|1700580305\n|switch|p1a: Iron Bundle|Iron Bundle, L50|100\/100\n|switch|p2b: Snorlax|Snorlax, L50, M|66\/100\n|switch|p2a: Scizor|Scizor, L50, M|100\/100\n|turn|5\n|-message|Pocketeer forfeited.\n|\n|win|KilnFirelinkAlt\n|raw|Pocketeer's rating: 1115 &rarr; <strong>1084<\/strong><br \/>(-31 for losing)\n|raw|KilnFirelinkAlt's rating: 1032 &rarr; <strong>1075<\/strong><br \/>(+43 for winning)\n|l|\u2606Pocketeer\n","uploadtime":1700580345,"views":15,"p1id":"pocketeer","p2id":"kilnfirelinkalt","formatid":"gen9vgc2023regulatione","rating":1075,"private":0,"password":""}