{"id":"gen9vgc2023regulatione-1995019232","p1":"donezohh","p2":"vlopes777","format":"[Gen 9] VGC 2023 Regulation E","log":"|j|\u2606donezohh\n|j|\u2606vlopes777\n|t:|1700513980\n|gametype|doubles\n|player|p1|donezohh|brock|1208\n|player|p2|vlopes777|pokekid|1266\n|teamsize|p1|6\n|teamsize|p2|6\n|gen|9\n|tier|[Gen 9] VGC 2023 Regulation E\n|rated|\n|rule|Species Clause: Limit one of each Pok\u00e9mon\n|rule|Item Clause: Limit one of each item\n|clearpoke\n|poke|p1|Mimikyu, L50, F|\n|poke|p1|Iron Hands, L50|\n|poke|p1|Ursaluna-Bloodmoon, L50, M|\n|poke|p1|Landorus-Therian, L50, M|\n|poke|p1|Chi-Yu, L50|\n|poke|p1|Ogerpon-Wellspring, L50, F|\n|poke|p2|Landorus-Therian, L50, M|\n|poke|p2|Tornadus, L50, M|\n|poke|p2|Iron Hands, L50|\n|poke|p2|Amoonguss, L50, F|\n|poke|p2|Heatran, L50, M|\n|poke|p2|Flutter Mane, L50|\n|teampreview|4\n|inactive|Battle timer is ON: inactive players will automatically lose when time's up. (requested by vlopes777)\nvlopes777 has agreed to open team sheets.\n|inactive|vlopes777 has 60 seconds left.\n|\n|t:|1700514030\n|start\n|switch|p1a: Mimikyu|Mimikyu, L50, F|100\/100\n|switch|p1b: Iron Hands|Iron Hands, L50|100\/100\n|switch|p2a: D\u00e9m\u00e9t\u00e9ros|Landorus-Therian, L50, M|100\/100\n|switch|p2b: Flutter Mane|Flutter Mane, L50|100\/100\n|-ability|p2a: D\u00e9m\u00e9t\u00e9ros|Intimidate|boost\n|-unboost|p1a: Mimikyu|atk|1\n|-unboost|p1b: Iron Hands|atk|1\n|turn|1\n|inactive|vlopes777 has 30 seconds left.\n|inactive|vlopes777 has 20 seconds left.\n|\n|t:|1700514067\n|-end|p1b: Iron Hands|Quark Drive|[silent]\n|switch|p1b: Ursaluna|Ursaluna-Bloodmoon, L50, M|100\/100\n|-terastallize|p2b: Flutter Mane|Fairy\n|move|p2a: D\u00e9m\u00e9t\u00e9ros|U-turn|p1a: Mimikyu\n|-activate|p1a: Mimikyu|ability: Disguise\n|-damage|p1a: Mimikyu|100\/100\n|detailschange|p1a: Mimikyu|Mimikyu-Busted, L50, F\n|-damage|p1a: Mimikyu|88\/100|[from] pokemon: Mimikyu-Busted\n|\n|t:|1700514089\n|switch|p2a: Iron Hands|Iron Hands, L50|100\/100|[from] U-turn\n|move|p2b: Flutter Mane|Moonblast|p1b: Ursaluna\n|-damage|p1b: Ursaluna|11\/100\n|move|p1a: Mimikyu|Trick Room|p1a: Mimikyu\n|-fieldstart|move: Trick Room|[of] p1a: Mimikyu\n|\n|upkeep\n|turn|2\n|inactive|vlopes777 has 30 seconds left.\n|\n|t:|1700514119\n|-end|p2b: Flutter Mane|Protosynthesis|[silent]\n|switch|p2b: D\u00e9m\u00e9t\u00e9ros|Landorus-Therian, L50, M|100\/100\n|-ability|p2b: D\u00e9m\u00e9t\u00e9ros|Intimidate|boost\n|-unboost|p1a: Mimikyu|atk|1\n|-unboost|p1b: Ursaluna|atk|1\n|-terastallize|p1a: Mimikyu|Water\n|move|p1b: Ursaluna|Protect|p1b: Ursaluna\n|-singleturn|p1b: Ursaluna|Protect\n|move|p2a: Iron Hands|Fake Out|p1b: Ursaluna\n|-activate|p1b: Ursaluna|move: Protect\n|move|p1a: Mimikyu|Will-O-Wisp|p2a: Iron Hands\n|-status|p2a: Iron Hands|brn\n|\n|-damage|p2a: Iron Hands|94\/100 brn|[from] brn\n|upkeep\n|turn|3\n|inactive|donezohh has 30 seconds left.\n|inactive|vlopes777 has 30 seconds left.\n|\n|t:|1700514152\n|move|p1b: Ursaluna|Blood Moon|p2b: D\u00e9m\u00e9t\u00e9ros\n|-damage|p2b: D\u00e9m\u00e9t\u00e9ros|11\/100\n|move|p2a: Iron Hands|Drain Punch|p1b: Ursaluna\n|-supereffective|p1b: Ursaluna\n|-damage|p1b: Ursaluna|0 fnt\n|-heal|p2a: Iron Hands|99\/100 brn|[from] drain|[of] p1b: Ursaluna\n|faint|p1b: Ursaluna\n|move|p1a: Mimikyu|Play Rough|p2a: Iron Hands\n|-supereffective|p2a: Iron Hands\n|-damage|p2a: Iron Hands|76\/100 brn\n|-unboost|p2a: Iron Hands|atk|1\n|move|p2b: D\u00e9m\u00e9t\u00e9ros|U-turn|p1a: Mimikyu\n|-damage|p1a: Mimikyu|56\/100\n|inactive|vlopes777 has 30 seconds left.\n|\n|t:|1700514179\n|switch|p2b: Heatran|Heatran, L50, M|100\/100|[from] U-turn\n|\n|-damage|p2a: Iron Hands|70\/100 brn|[from] brn\n|upkeep\n|\n|t:|1700514184\n|switch|p1b: Iron Hands|Iron Hands, L50|100\/100\n|turn|4\n|inactive|vlopes777 has 30 seconds left.\n|\n|t:|1700514210\n|switch|p1a: Ogerpon|Ogerpon-Wellspring, L50, F|100\/100\n|move|p2b: Heatran|Protect|p2b: Heatran\n|-singleturn|p2b: Heatran|Protect\n|move|p2a: Iron Hands|Heavy Slam|p1a: Ogerpon\n|-resisted|p1a: Ogerpon\n|-damage|p1a: Ogerpon|94\/100\n|move|p1b: Iron Hands|Drain Punch|p2b: Heatran\n|-activate|p2b: Heatran|move: Protect\n|\n|-damage|p2a: Iron Hands|64\/100 brn|[from] brn\n|upkeep\n|turn|5\n|inactive|vlopes777 has 30 seconds left.\n|\n|t:|1700514237\n|switch|p2b: D\u00e9m\u00e9t\u00e9ros|Landorus-Therian, L50, M|11\/100\n|-ability|p2b: D\u00e9m\u00e9t\u00e9ros|Intimidate|boost\n|-unboost|p1a: Ogerpon|atk|1\n|-unboost|p1b: Iron Hands|atk|1\n|move|p2a: Iron Hands|Drain Punch|p1b: Iron Hands\n|-damage|p1b: Iron Hands|92\/100\n|-heal|p2a: Iron Hands|68\/100 brn|[from] drain|[of] p1b: Iron Hands\n|move|p1b: Iron Hands|Drain Punch|p2b: D\u00e9m\u00e9t\u00e9ros\n|-resisted|p2b: D\u00e9m\u00e9t\u00e9ros\n|-damage|p2b: D\u00e9m\u00e9t\u00e9ros|0 fnt\n|-heal|p1b: Iron Hands|96\/100|[from] drain|[of] p2b: D\u00e9m\u00e9t\u00e9ros\n|faint|p2b: D\u00e9m\u00e9t\u00e9ros\n|move|p1a: Ogerpon|Swords Dance|p1a: Ogerpon\n|-boost|p1a: Ogerpon|atk|2\n|\n|-damage|p2a: Iron Hands|62\/100 brn|[from] brn\n|-fieldend|move: Trick Room\n|upkeep\n|\n|t:|1700514257\n|switch|p2b: Flutter Mane|Flutter Mane, L50, tera:Fairy|100\/100\n|turn|6\n|\n|t:|1700514279\n|-end|p1b: Iron Hands|Quark Drive|[silent]\n|switch|p1b: Mimikyu|Mimikyu-Busted, L50, F, tera:Water|56\/100\n|move|p1a: Ogerpon|Spiky Shield|p1a: Ogerpon\n|-singleturn|p1a: Ogerpon|move: Protect\n|move|p2b: Flutter Mane|Moonblast|p1a: Ogerpon\n|-activate|p1a: Ogerpon|move: Protect\n|move|p2a: Iron Hands|Wild Charge|p1a: Ogerpon\n|-activate|p1a: Ogerpon|move: Protect\n|-damage|p2a: Iron Hands|49\/100 brn|[from] Spiky Shield|[of] p1a: Ogerpon\n|\n|-damage|p2a: Iron Hands|43\/100 brn|[from] brn\n|upkeep\n|turn|7\n|inactive|donezohh has 30 seconds left.\n|\n|t:|1700514307\n|move|p2b: Flutter Mane|Moonblast|p1a: Ogerpon\n|-damage|p1a: Ogerpon|0 fnt\n|faint|p1a: Ogerpon\n|move|p1b: Mimikyu|Play Rough|p2a: Iron Hands\n|-supereffective|p2a: Iron Hands\n|-crit|p2a: Iron Hands\n|-damage|p2a: Iron Hands|0 fnt\n|faint|p2a: Iron Hands\n|-end|p2a: Iron Hands|Quark Drive|[silent]\n|\n|upkeep\n|\n|t:|1700514318\n|switch|p1a: Iron Hands|Iron Hands, L50|96\/100\n|switch|p2a: Heatran|Heatran, L50, M|100\/100\n|turn|8\n|\n|t:|1700514343\n|move|p1a: Iron Hands|Fake Out|p2b: Flutter Mane\n|-damage|p2b: Flutter Mane|75\/100\n|cant|p2b: Flutter Mane|flinch\n|move|p2a: Heatran|Flash Cannon|p1b: Mimikyu\n|-resisted|p1b: Mimikyu\n|-damage|p1b: Mimikyu|27\/100\n|-damage|p2a: Heatran|91\/100|[from] item: Life Orb\n|move|p1b: Mimikyu|Trick Room|p1b: Mimikyu\n|-fieldstart|move: Trick Room|[of] p1b: Mimikyu\n|\n|upkeep\n|turn|9\n|\n|t:|1700514365\n|move|p1a: Iron Hands|Heavy Slam|p2b: Flutter Mane\n|-supereffective|p2b: Flutter Mane\n|-damage|p2b: Flutter Mane|0 fnt\n|faint|p2b: Flutter Mane\n|-end|p2b: Flutter Mane|Protosynthesis|[silent]\n|move|p2a: Heatran|Earth Power|p1a: Iron Hands\n|-supereffective|p1a: Iron Hands\n|-damage|p1a: Iron Hands|55\/100\n|-damage|p2a: Heatran|81\/100|[from] item: Life Orb\n|move|p1b: Mimikyu|Play Rough|p2a: Heatran\n|-resisted|p2a: Heatran\n|-damage|p2a: Heatran|74\/100\n|\n|upkeep\n|turn|10\n|\n|t:|1700514381\n|move|p2a: Heatran|Protect|p2a: Heatran\n|-singleturn|p2a: Heatran|Protect\n|move|p1a: Iron Hands|Drain Punch|p2a: Heatran\n|-activate|p2a: Heatran|move: Protect\n|move|p1b: Mimikyu|Play Rough|p2a: Heatran\n|-activate|p2a: Heatran|move: Protect\n|\n|upkeep\n|turn|11\n|\n|t:|1700514389\n|move|p1a: Iron Hands|Drain Punch|p2a: Heatran\n|-supereffective|p2a: Heatran\n|-damage|p2a: Heatran|0 fnt\n|-heal|p1a: Iron Hands|86\/100|[from] drain|[of] p2a: Heatran\n|faint|p2a: Heatran\n|\n|win|donezohh\n|raw|donezohh's rating: 1208 &rarr; <strong>1237<\/strong><br \/>(+29 for winning)\n|raw|vlopes777's rating: 1266 &rarr; <strong>1237<\/strong><br \/>(-29 for losing)\n|l|\u2606donezohh\n","uploadtime":1700514407,"views":5,"p1id":"donezohh","p2id":"vlopes777","formatid":"gen9vgc2023regulatione","rating":1237,"private":0,"password":""}