{"id":"gen9vgc2023regulatione-1989083208","p1":"Granny Pie","p2":"ToastedArt","format":"[Gen 9] VGC 2023 Regulation E","log":"|j|\u2606Granny Pie\n|j|\u2606ToastedArt\n|n|\u2606Granny Pie|grannypie\n|n|\u2606ToastedArt|toastedart\n|html|View the match progress at <a href=\"\/game-bestof3-gen9vgc2023regulatione-1989078980\">game-bestof3-gen9vgc2023regulatione-1989078980<\/a>\n|t:|1699810325\n|gametype|doubles\n|player|p1|Granny Pie|zinnia|\n|player|p2|ToastedArt|iris|\n|teamsize|p1|6\n|teamsize|p2|6\n|gen|9\n|tier|[Gen 9] VGC 2023 Regulation E\n|rule|Species Clause: Limit one of each Pok\u00e9mon\n|rule|Item Clause: Limit one of each item\n|clearpoke\n|poke|p1|Snorlax, L50, M|\n|poke|p1|Sinistcha, L50|\n|poke|p1|Landorus-Therian, L50, M|\n|poke|p1|Iron Hands, L50|\n|poke|p1|Clefairy, L50, F|\n|poke|p1|Kommo-o, L50, F|\n|poke|p2|Weezing, L50, F|\n|poke|p2|Landorus-Therian, L50, M|\n|poke|p2|Ogerpon, L50, F|\n|poke|p2|Roaring Moon, L50|\n|poke|p2|Gholdengo, L50|\n|poke|p2|Iron Hands, L50|\n|teampreview|4\nGranny Pie has agreed to open team sheets.\nToastedArt has agreed to open team sheets.\n|showteam|p1|Snorlax||SitrusBerry|ThickFat|BellyDrum,Protect,Facade,HighHorsepower|||M|||50|,,,,,Water]Sinistcha||MentalHerb|Hospitality|MatchaGotcha,RagePowder,StrengthSap,TrickRoom||||||50|,,,,,Fire]Landorus-Therian||ChoiceScarf|Intimidate|Uturn,StompingTantrum,RockSlide,TeraBlast|||M|||50|,,,,,Flying]Iron Hands||AssaultVest|QuarkDrive|FakeOut,DrainPunch,WildCharge,HeavySlam||||||50|,,,,,Water]Clefairy||Eviolite|FriendGuard|HelpingHand,FollowMe,HealPulse,Protect|||F|||50|,,,,,Grass]Kommo-o||ThroatSpray|Bulletproof|ClangorousSoul,ClangingScales,FlashCannon,Protect|||F|||50|,,,,,Steel\n|showteam|p2|Weezing||SitrusBerry|NeutralizingGas|GunkShot,WillOWisp,Taunt,Protect|||F|||50|,,,,,Grass]Landorus-Therian||AbilityShield|Intimidate|StompingTantrum,TeraBlast,Uturn,RockSlide|||M|||50|,,,,,Flying]Ogerpon||RazorClaw|Defiant|IvyCudgel,SpikyShield,StompingTantrum,SwordsDance|||F|||50|,,,,,Grass]Roaring Moon||BoosterEnergy|Protosynthesis|KnockOff,BreakingSwipe,Tailwind,Protect||||||50|,,,,,Poison]Gholdengo||LifeOrb|GoodasGold|MakeItRain,ShadowBall,NastyPlot,Protect||||||50|,,,,,Water]Iron Hands||AssaultVest|QuarkDrive|WildCharge,DrainPunch,HeavySlam,FakeOut||||||50|,,,,,Fire\n|\n|t:|1699810379\n|start\n|switch|p1a: Ho-kago Tea Time|Sinistcha, L50|100\/100\n|switch|p1b: Maxin' Snorlaxin|Snorlax, L50, M, shiny|100\/100\n|switch|p2a: Gholdengo|Gholdengo, L50|100\/100\n|switch|p2b: Iron Hands|Iron Hands, L50|100\/100\n|turn|1\n|\n|t:|1699810400\n|-terastallize|p1a: Ho-kago Tea Time|Fire\n|move|p2b: Iron Hands|Fake Out|p1b: Maxin' Snorlaxin\n|-damage|p1b: Maxin' Snorlaxin|90\/100\n|move|p2a: Gholdengo|Nasty Plot|p2a: Gholdengo\n|-boost|p2a: Gholdengo|spa|2\n|cant|p1b: Maxin' Snorlaxin|flinch\n|move|p1a: Ho-kago Tea Time|Trick Room|p1a: Ho-kago Tea Time\n|-fieldstart|move: Trick Room|[of] p1a: Ho-kago Tea Time\n|\n|upkeep\n|turn|2\n|\n|t:|1699810429\n|move|p1b: Maxin' Snorlaxin|Protect|p1b: Maxin' Snorlaxin\n|-singleturn|p1b: Maxin' Snorlaxin|Protect\n|move|p1a: Ho-kago Tea Time|Matcha Gotcha|p2a: Gholdengo|[spread] p2a,p2b\n|-resisted|p2a: Gholdengo\n|-damage|p2a: Gholdengo|89\/100\n|-damage|p2b: Iron Hands|87\/100\n|move|p2b: Iron Hands|Drain Punch|p1b: Maxin' Snorlaxin\n|-activate|p1b: Maxin' Snorlaxin|move: Protect\n|move|p2a: Gholdengo|Make It Rain|p1a: Ho-kago Tea Time|[spread] p1a\n|-activate|p1b: Maxin' Snorlaxin|move: Protect\n|-resisted|p1a: Ho-kago Tea Time\n|-damage|p1a: Ho-kago Tea Time|48\/100\n|-unboost|p2a: Gholdengo|spa|1\n|-damage|p2a: Gholdengo|79\/100|[from] item: Life Orb\n|\n|upkeep\n|turn|3\n|\n|t:|1699810451\n|move|p1b: Maxin' Snorlaxin|High Horsepower|p2a: Gholdengo\n|-supereffective|p2a: Gholdengo\n|-damage|p2a: Gholdengo|26\/100\n|move|p1a: Ho-kago Tea Time|Matcha Gotcha|p2a: Gholdengo|[spread] p2a,p2b\n|-resisted|p2a: Gholdengo\n|-damage|p2a: Gholdengo|14\/100\n|-heal|p1a: Ho-kago Tea Time|54\/100|[from] drain|[of] p2a: Gholdengo\n|-damage|p2b: Iron Hands|76\/100\n|-heal|p1a: Ho-kago Tea Time|62\/100|[from] drain|[of] p2b: Iron Hands\n|move|p2b: Iron Hands|Drain Punch|p1b: Maxin' Snorlaxin\n|-supereffective|p1b: Maxin' Snorlaxin\n|-damage|p1b: Maxin' Snorlaxin|34\/100\n|-heal|p2b: Iron Hands|100\/100|[from] drain|[of] p1b: Maxin' Snorlaxin\n|-enditem|p1b: Maxin' Snorlaxin|Sitrus Berry|[eat]\n|-heal|p1b: Maxin' Snorlaxin|59\/100|[from] item: Sitrus Berry\n|move|p2a: Gholdengo|Make It Rain|p1a: Ho-kago Tea Time|[spread] p1a,p1b\n|-resisted|p1a: Ho-kago Tea Time\n|-damage|p1a: Ho-kago Tea Time|22\/100\n|-damage|p1b: Maxin' Snorlaxin|0 fnt\n|-unboost|p2a: Gholdengo|spa|1\n|faint|p1b: Maxin' Snorlaxin\n|-damage|p2a: Gholdengo|4\/100|[from] item: Life Orb\n|\n|upkeep\n|\n|t:|1699810466\n|switch|p1b: Hands-Down|Iron Hands, L50|100\/100\n|turn|4\n|\n|t:|1699810484\n|switch|p2a: Thomas Jefferson|Landorus-Therian, L50, M|100\/100\n|-ability|p2a: Thomas Jefferson|Intimidate|boost\n|-unboost|p1a: Ho-kago Tea Time|atk|1\n|-unboost|p1b: Hands-Down|atk|1\n|move|p1b: Hands-Down|Fake Out|p2b: Iron Hands\n|-damage|p2b: Iron Hands|93\/100\n|move|p1a: Ho-kago Tea Time|Matcha Gotcha|p2b: Iron Hands|[spread] p2b\n|-miss|p1a: Ho-kago Tea Time|p2a: Thomas Jefferson\n|-damage|p2b: Iron Hands|80\/100\n|-heal|p1a: Ho-kago Tea Time|31\/100|[from] drain|[of] p2b: Iron Hands\n|-status|p2b: Iron Hands|brn\n|cant|p2b: Iron Hands|flinch\n|\n|-damage|p2b: Iron Hands|74\/100 brn|[from] brn\n|upkeep\n|turn|5\n|\n|t:|1699810515\n|-end|p1b: Hands-Down|Quark Drive|[silent]\n|switch|p1b: Pipi|Clefairy, L50, F|100\/100\n|move|p1a: Ho-kago Tea Time|Strength Sap|p2b: Iron Hands\n|-unboost|p2b: Iron Hands|atk|1\n|-heal|p1a: Ho-kago Tea Time|100\/100\n|move|p2b: Iron Hands|Drain Punch|p1a: Ho-kago Tea Time\n|-damage|p1a: Ho-kago Tea Time|92\/100\n|-heal|p2b: Iron Hands|77\/100 brn|[from] drain|[of] p1a: Ho-kago Tea Time\n|move|p2a: Thomas Jefferson|Stomping Tantrum|p1b: Pipi\n|-damage|p1b: Pipi|63\/100\n|\n|-damage|p2b: Iron Hands|71\/100 brn|[from] brn\n|-fieldend|move: Trick Room\n|upkeep\n|turn|6\n|\n|t:|1699810536\n|-end|p2b: Iron Hands|Quark Drive|[silent]\n|switch|p2b: Weezing|Weezing, L50, F|100\/100\n|-ability|p2b: Weezing|Neutralizing Gas\n|-block|p2a: Thomas Jefferson|item: Ability Shield\n|move|p1b: Pipi|Follow Me|p1b: Pipi\n|-singleturn|p1b: Pipi|move: Follow Me\n|move|p2a: Thomas Jefferson|Stomping Tantrum|p1b: Pipi\n|-damage|p1b: Pipi|29\/100\n|move|p1a: Ho-kago Tea Time|Matcha Gotcha|p2a: Thomas Jefferson|[spread] p2a\n|-miss|p1a: Ho-kago Tea Time|p2b: Weezing\n|-damage|p2a: Thomas Jefferson|75\/100\n|-heal|p1a: Ho-kago Tea Time|100\/100|[from] drain|[of] p2a: Thomas Jefferson\n|\n|upkeep\n|turn|7\n|\n|t:|1699810559\n|switch|p2a: Gholdengo|Gholdengo, L50|4\/100\n|move|p1b: Pipi|Follow Me|p1b: Pipi\n|-singleturn|p1b: Pipi|move: Follow Me\n|move|p2b: Weezing|Gunk Shot|p1b: Pipi\n|-supereffective|p1b: Pipi\n|-damage|p1b: Pipi|0 fnt\n|faint|p1b: Pipi\n|move|p1a: Ho-kago Tea Time|Trick Room|p1a: Ho-kago Tea Time\n|-fieldstart|move: Trick Room|[of] p1a: Ho-kago Tea Time\n|\n|upkeep\n|\n|t:|1699810566\n|switch|p1b: Hands-Down|Iron Hands, L50|100\/100\n|turn|8\n|\n|t:|1699810581\n|move|p1b: Hands-Down|Fake Out|p2b: Weezing\n|-damage|p2b: Weezing|90\/100\n|cant|p2b: Weezing|flinch\n|move|p1a: Ho-kago Tea Time|Matcha Gotcha|p2b: Weezing|[spread] p2a,p2b\n|-resisted|p2a: Gholdengo\n|-resisted|p2b: Weezing\n|-damage|p2a: Gholdengo|0 fnt\n|-damage|p2b: Weezing|77\/100\n|faint|p2a: Gholdengo\n|\n|upkeep\n|\n|t:|1699810593\n|switch|p2a: Thomas Jefferson|Landorus-Therian, L50, M|75\/100\n|-ability|p2a: Thomas Jefferson|Intimidate|boost\n|-unboost|p1a: Ho-kago Tea Time|atk|1\n|-unboost|p1b: Hands-Down|atk|1\n|turn|9\n|\n|t:|1699810605\n|move|p1b: Hands-Down|Wild Charge|p2b: Weezing\n|-damage|p2b: Weezing|50\/100\n|-enditem|p2b: Weezing|Sitrus Berry|[eat]\n|-heal|p2b: Weezing|75\/100|[from] item: Sitrus Berry\n|-damage|p1b: Hands-Down|95\/100|[from] Recoil\n|move|p2b: Weezing|Will-O-Wisp|p1b: Hands-Down\n|-status|p1b: Hands-Down|brn\n|move|p1a: Ho-kago Tea Time|Matcha Gotcha|p2b: Weezing|[spread] p2a,p2b\n|-resisted|p2b: Weezing\n|-damage|p2a: Thomas Jefferson|47\/100\n|-damage|p2b: Weezing|63\/100\n|-status|p2a: Thomas Jefferson|brn\n|move|p2a: Thomas Jefferson|Stomping Tantrum|p1a: Ho-kago Tea Time\n|-supereffective|p1a: Ho-kago Tea Time\n|-damage|p1a: Ho-kago Tea Time|67\/100\n|\n|-damage|p1b: Hands-Down|89\/100 brn|[from] brn\n|-damage|p2a: Thomas Jefferson|41\/100 brn|[from] brn\n|upkeep\n|turn|10\n|\n|t:|1699810629\n|move|p1b: Hands-Down|Heavy Slam|p2a: Thomas Jefferson\n|-damage|p2a: Thomas Jefferson|26\/100 brn\n|move|p2b: Weezing|Taunt|p1a: Ho-kago Tea Time\n|-start|p1a: Ho-kago Tea Time|move: Taunt\n|-enditem|p1a: Ho-kago Tea Time|Mental Herb\n|-end|p1a: Ho-kago Tea Time|move: Taunt\n|move|p1a: Ho-kago Tea Time|Matcha Gotcha|p2a: Thomas Jefferson|[spread] p2a,p2b\n|-resisted|p2b: Weezing\n|-damage|p2a: Thomas Jefferson|0 fnt\n|-heal|p1a: Ho-kago Tea Time|81\/100|[from] drain|[of] p2a: Thomas Jefferson\n|-damage|p2b: Weezing|49\/100\n|-heal|p1a: Ho-kago Tea Time|88\/100|[from] drain|[of] p2b: Weezing\n|faint|p2a: Thomas Jefferson\n|\n|-damage|p1b: Hands-Down|83\/100 brn|[from] brn\n|upkeep\n|\n|t:|1699810643\n|switch|p2a: Iron Hands|Iron Hands, L50|71\/100 brn\n|turn|11\n|\n|t:|1699810659\n|move|p2a: Iron Hands|Fake Out|p1b: Hands-Down\n|-damage|p1b: Hands-Down|78\/100 brn\n|cant|p1b: Hands-Down|flinch\n|move|p2b: Weezing|Taunt|p1a: Ho-kago Tea Time\n|-start|p1a: Ho-kago Tea Time|move: Taunt\n|move|p1a: Ho-kago Tea Time|Matcha Gotcha|p2a: Iron Hands|[spread] p2b\n|-miss|p1a: Ho-kago Tea Time|p2a: Iron Hands\n|-resisted|p2b: Weezing\n|-damage|p2b: Weezing|35\/100\n|-heal|p1a: Ho-kago Tea Time|94\/100|[from] drain|[of] p2b: Weezing\n|-status|p2b: Weezing|brn\n|\n|-damage|p1b: Hands-Down|72\/100 brn|[from] brn\n|-damage|p2b: Weezing|30\/100 brn|[from] brn\n|-damage|p2a: Iron Hands|65\/100 brn|[from] brn\n|-fieldend|move: Trick Room\n|upkeep\n|turn|12\n|\n|t:|1699810690\n|move|p2a: Iron Hands|Drain Punch|p1a: Ho-kago Tea Time\n|-damage|p1a: Ho-kago Tea Time|78\/100\n|-heal|p2a: Iron Hands|72\/100 brn|[from] drain|[of] p1a: Ho-kago Tea Time\n|move|p1a: Ho-kago Tea Time|Matcha Gotcha|p2a: Iron Hands|[spread] p2a,p2b\n|-resisted|p2b: Weezing\n|-damage|p2a: Iron Hands|60\/100 brn\n|-heal|p1a: Ho-kago Tea Time|86\/100|[from] drain|[of] p2a: Iron Hands\n|-damage|p2b: Weezing|17\/100 brn\n|-heal|p1a: Ho-kago Tea Time|92\/100|[from] drain|[of] p2b: Weezing\n|move|p2b: Weezing|Gunk Shot|p1a: Ho-kago Tea Time\n|-damage|p1a: Ho-kago Tea Time|75\/100\n|move|p1b: Hands-Down|Wild Charge|p2b: Weezing\n|-damage|p2b: Weezing|5\/100 brn\n|-damage|p1b: Hands-Down|70\/100 brn|[from] Recoil\n|\n|-damage|p2a: Iron Hands|54\/100 brn|[from] brn\n|-damage|p2b: Weezing|0 fnt|[from] brn\n|faint|p2b: Weezing\n|-end|p2b: Weezing|ability: Neutralizing Gas\n|-heal|p1b: Hands-Down|94\/100 brn|[from] ability: Hospitality|[of] p1a: Ho-kago Tea Time\n|-damage|p1b: Hands-Down|88\/100 brn|[from] brn\n|upkeep\n|turn|13\n|c|\u2606ToastedArt|winnable\n|\n|t:|1699810720\n|-terastallize|p2a: Iron Hands|Fire\n|move|p2a: Iron Hands|Heavy Slam|p1a: Ho-kago Tea Time\n|-resisted|p1a: Ho-kago Tea Time\n|-damage|p1a: Ho-kago Tea Time|67\/100\n|move|p1a: Ho-kago Tea Time|Matcha Gotcha|p2a: Iron Hands\n|-resisted|p2a: Iron Hands\n|-damage|p2a: Iron Hands|46\/100 brn\n|-heal|p1a: Ho-kago Tea Time|72\/100|[from] drain|[of] p2a: Iron Hands\n|move|p1b: Hands-Down|Drain Punch|p2a: Iron Hands\n|-damage|p2a: Iron Hands|37\/100 brn\n|-heal|p1b: Hands-Down|93\/100 brn|[from] drain|[of] p2a: Iron Hands\n|\n|-damage|p2a: Iron Hands|31\/100 brn|[from] brn\n|-damage|p1b: Hands-Down|87\/100 brn|[from] brn\n|-end|p1a: Ho-kago Tea Time|move: Taunt\n|upkeep\n|turn|14\n|\n|t:|1699810745\n|move|p2a: Iron Hands|Drain Punch|p1a: Ho-kago Tea Time\n|-damage|p1a: Ho-kago Tea Time|55\/100\n|-heal|p2a: Iron Hands|38\/100 brn|[from] drain|[of] p1a: Ho-kago Tea Time\n|move|p1a: Ho-kago Tea Time|Strength Sap|p2a: Iron Hands\n|-unboost|p2a: Iron Hands|atk|1\n|-heal|p1a: Ho-kago Tea Time|100\/100\n|move|p1b: Hands-Down|Drain Punch|p2a: Iron Hands\n|-damage|p2a: Iron Hands|28\/100 brn\n|-heal|p1b: Hands-Down|92\/100 brn|[from] drain|[of] p2a: Iron Hands\n|\n|-damage|p2a: Iron Hands|23\/100 brn|[from] brn\n|-damage|p1b: Hands-Down|86\/100 brn|[from] brn\n|upkeep\n|turn|15\n|\n|t:|1699810766\n|move|p2a: Iron Hands|Drain Punch|p1a: Ho-kago Tea Time\n|-damage|p1a: Ho-kago Tea Time|89\/100\n|-heal|p2a: Iron Hands|27\/100 brn|[from] drain|[of] p1a: Ho-kago Tea Time\n|move|p1a: Ho-kago Tea Time|Matcha Gotcha|p2a: Iron Hands\n|-resisted|p2a: Iron Hands\n|-damage|p2a: Iron Hands|18\/100 brn\n|-heal|p1a: Ho-kago Tea Time|95\/100|[from] drain|[of] p2a: Iron Hands\n|move|p1b: Hands-Down|Drain Punch|p2a: Iron Hands\n|-damage|p2a: Iron Hands|9\/100 brn\n|-heal|p1b: Hands-Down|91\/100 brn|[from] drain|[of] p2a: Iron Hands\n|\n|-damage|p2a: Iron Hands|3\/100 brn|[from] brn\n|-damage|p1b: Hands-Down|85\/100 brn|[from] brn\n|upkeep\n|turn|16\n|-message|ToastedArt forfeited.\n|\n|win|Granny Pie\n|l|\u2606ToastedArt\n","uploadtime":1699810801,"views":16,"p1id":"grannypie","p2id":"toastedart","formatid":"gen9vgc2023regulatione","rating":0,"private":0,"password":""}