{"id":"gen9vgc2023regulatione-1993979740","p1":"Aki nakaha","p2":"Y4kle","format":"[Gen 9] VGC 2023 Regulation E","log":"|j|\u2606Aki nakaha\n|j|\u2606Y4kle\n|t:|1700387261\n|gametype|doubles\n|player|p1|Aki nakaha|iris-gen5bw2|1324\n|player|p2|Y4kle|bugcatcher-gen4dp|1373\n|teamsize|p1|6\n|teamsize|p2|6\n|gen|9\n|tier|[Gen 9] VGC 2023 Regulation E\n|rated|\n|rule|Species Clause: Limit one of each Pok\u00e9mon\n|rule|Item Clause: Limit one of each item\n|clearpoke\n|poke|p1|Tornadus, L50, M|\n|poke|p1|Urshifu-*, L50, F|\n|poke|p1|Dragonite, L50, F|\n|poke|p1|Chien-Pao, L50|\n|poke|p1|Scizor, L50, M|\n|poke|p1|Flutter Mane, L50|\n|poke|p2|Tinkaton, L50, F|\n|poke|p2|Moltres, L50|\n|poke|p2|Landorus, L50, M|\n|poke|p2|Ogerpon, L50, F|\n|poke|p2|Politoed, L50, F|\n|poke|p2|Flutter Mane, L50|\n|teampreview|4\n|inactive|Battle timer is ON: inactive players will automatically lose when time's up. (requested by Y4kle)\nY4kle rejected open team sheets.\n|j| ePhopa\n|inactive|Aki nakaha has 60 seconds left.\n|\n|t:|1700387331\n|start\n|switch|p1a: Scizor|Scizor, L50, M|100\/100\n|switch|p1b: Flutter Mane|Flutter Mane, L50|100\/100\n|switch|p2a: Tinkaton|Tinkaton, L50, F|100\/100\n|switch|p2b: Moltres|Moltres, L50|100\/100\n|-ability|p2a: Tinkaton|Mold Breaker\n|-enditem|p1b: Flutter Mane|Booster Energy\n|-activate|p1b: Flutter Mane|ability: Protosynthesis|[fromitem]\n|-start|p1b: Flutter Mane|protosynthesisspe\n|turn|1\n|inactive|Aki nakaha has 30 seconds left.\n|inactive|Aki nakaha has 20 seconds left.\n|inactive|Aki nakaha has 15 seconds left.\n|\n|t:|1700387376\n|move|p1b: Flutter Mane|Shadow Ball|p2a: Tinkaton\n|-damage|p2a: Tinkaton|68\/100\n|move|p2a: Tinkaton|Gigaton Hammer|p1b: Flutter Mane\n|-supereffective|p1b: Flutter Mane\n|-damage|p1b: Flutter Mane|0 fnt\n|faint|p1b: Flutter Mane\n|-end|p1b: Flutter Mane|Protosynthesis|[silent]\n|move|p2b: Moltres|Tailwind|p2b: Moltres\n|-sidestart|p2: Y4kle|move: Tailwind\n|move|p1a: Scizor|Dual Wingbeat|p2a: Tinkaton\n|-resisted|p2a: Tinkaton\n|-damage|p2a: Tinkaton|57\/100\n|-resisted|p2a: Tinkaton\n|-damage|p2a: Tinkaton|47\/100\n|-enditem|p2a: Tinkaton|Sitrus Berry|[eat]\n|-heal|p2a: Tinkaton|71\/100|[from] item: Sitrus Berry\n|-hitcount|p2a: Tinkaton|2\n|\n|upkeep\n|\n|t:|1700387393\n|switch|p1b: Dragonite|Dragonite, L50, F|100\/100\n|turn|2\n|\n|t:|1700387410\n|-terastallize|p1a: Scizor|Dragon\n|move|p2a: Tinkaton|Knock Off|p1b: Dragonite\n|-damage|p1b: Dragonite|81\/100\n|-enditem|p1b: Dragonite|Choice Band|[from] move: Knock Off|[of] p2a: Tinkaton\n|move|p2b: Moltres|Will-O-Wisp|p1a: Scizor\n|-status|p1a: Scizor|brn\n|move|p1b: Dragonite|Stomping Tantrum|p2a: Tinkaton\n|-supereffective|p2a: Tinkaton\n|-damage|p2a: Tinkaton|15\/100\n|move|p1a: Scizor|Dual Wingbeat|p2a: Tinkaton\n|-resisted|p2a: Tinkaton\n|-damage|p2a: Tinkaton|10\/100\n|-resisted|p2a: Tinkaton\n|-damage|p2a: Tinkaton|4\/100\n|-hitcount|p2a: Tinkaton|2\n|\n|-damage|p1a: Scizor|94\/100 brn|[from] brn\n|upkeep\n|turn|3\n|inactive|Aki nakaha has 30 seconds left.\n|inactive|Y4kle has 30 seconds left.\n|\n|t:|1700387438\n|move|p1b: Dragonite|Extreme Speed|p2a: Tinkaton\n|-resisted|p2a: Tinkaton\n|-damage|p2a: Tinkaton|0 fnt\n|faint|p2a: Tinkaton\n|move|p2b: Moltres|Will-O-Wisp|p1b: Dragonite\n|-status|p1b: Dragonite|brn\n|move|p1a: Scizor|Dual Wingbeat|p2b: Moltres\n|-damage|p2b: Moltres|92\/100\n|-damage|p2b: Moltres|84\/100\n|-hitcount|p2b: Moltres|2\n|\n|-damage|p1b: Dragonite|74\/100 brn|[from] brn\n|-damage|p1a: Scizor|88\/100 brn|[from] brn\n|upkeep\n|\n|t:|1700387458\n|switch|p2a: Landorus|Landorus, L50, M|100\/100\n|turn|4\n|inactive|Y4kle has 30 seconds left.\n|\n|t:|1700387484\n|switch|p1a: Chien-Pao|Chien-Pao, L50|100\/100\n|-ability|p1a: Chien-Pao|Sword of Ruin\n|-terastallize|p2a: Landorus|Poison\n|move|p2b: Moltres|Protect|p2b: Moltres\n|-singleturn|p2b: Moltres|Protect\n|move|p2a: Landorus|Sludge Bomb|p1b: Dragonite\n|-damage|p1b: Dragonite|0 fnt\n|faint|p1b: Dragonite\n|\n|-sideend|p2: Y4kle|move: Tailwind\n|upkeep\n|\n|t:|1700387496\n|switch|p1b: Scizor|Scizor, L50, M, tera:Dragon|88\/100 brn\n|turn|5\n|\n|t:|1700387507\n|move|p1a: Chien-Pao|Protect|p1a: Chien-Pao\n|-singleturn|p1a: Chien-Pao|Protect\n|move|p2a: Landorus|Protect|p2a: Landorus\n|-singleturn|p2a: Landorus|Protect\n|move|p1b: Scizor|Bullet Punch|p2a: Landorus\n|-activate|p2a: Landorus|move: Protect\n|move|p2b: Moltres|Tailwind|p2b: Moltres\n|-sidestart|p2: Y4kle|move: Tailwind\n|\n|-damage|p1b: Scizor|82\/100 brn|[from] brn\n|upkeep\n|turn|6\n|\n|t:|1700387520\n|switch|p2b: Politoed|Politoed, L50, F|100\/100\n|-weather|RainDance|[from] ability: Drizzle|[of] p2b: Politoed\n|move|p1a: Chien-Pao|Sucker Punch|p2a: Landorus\n|-damage|p2a: Landorus|39\/100\n|-damage|p1a: Chien-Pao|91\/100|[from] item: Life Orb\n|move|p1b: Scizor|Bullet Punch|p2a: Landorus\n|-damage|p2a: Landorus|16\/100\n|move|p2a: Landorus|Sandsear Storm|p1b: Scizor|[spread] p1a,p1b\n|-damage|p1a: Chien-Pao|0 fnt\n|-damage|p1b: Scizor|21\/100 brn\n|faint|p1a: Chien-Pao\n|\n|-weather|RainDance|[upkeep]\n|-damage|p1b: Scizor|15\/100 brn|[from] brn\n|upkeep\n|turn|7\n|\n|t:|1700387536\n|move|p2a: Landorus|Protect|p2a: Landorus\n|-singleturn|p2a: Landorus|Protect\n|move|p1b: Scizor|Bullet Punch|p2a: Landorus\n|-activate|p2a: Landorus|move: Protect\n|move|p2b: Politoed|Weather Ball|p1b: Scizor\n|-resisted|p1b: Scizor\n|-damage|p1b: Scizor|0 fnt\n|faint|p1b: Scizor\n|\n|win|Y4kle\n|raw|Aki nakaha's rating: 1324 &rarr; <strong>1307<\/strong><br \/>(-17 for losing)\n|raw|Y4kle's rating: 1373 &rarr; <strong>1390<\/strong><br \/>(+17 for winning)\n|l|\u2606Aki nakaha\n","uploadtime":1700387548,"views":5,"p1id":"akinakaha","p2id":"y4kle","formatid":"gen9vgc2023regulatione","rating":1307,"private":0,"password":""}