{"id":"gen9vgc2023regulatione-1990025846","p1":"MurphyTheMut","p2":"Kewana","format":"[Gen 9] VGC 2023 Regulation E","log":"|j|\u2606MurphyTheMut\n|j|\u2606Kewana\n|t:|1699916645\n|gametype|doubles\n|player|p1|MurphyTheMut|roughneck-gen4|1250\n|player|p2|Kewana|alder|1250\n|teamsize|p1|6\n|teamsize|p2|6\n|gen|9\n|tier|[Gen 9] VGC 2023 Regulation E\n|rated|\n|rule|Species Clause: Limit one of each Pok\u00e9mon\n|rule|Item Clause: Limit one of each item\n|clearpoke\n|poke|p1|Hippowdon, L50, M|\n|poke|p1|Tyranitar, L50, M|\n|poke|p1|Flutter Mane, L50|\n|poke|p1|Indeedee-F, L50, F|\n|poke|p1|Armarouge, L50, F|\n|poke|p1|Kommo-o, L50, M|\n|poke|p2|Maushold-Four, L50|\n|poke|p2|Iron Hands, L50|\n|poke|p2|Flutter Mane, L50|\n|poke|p2|Arcanine, L50, M|\n|poke|p2|Roaring Moon, L50|\n|poke|p2|Iron Bundle, L50|\n|teampreview|4\n|inactive|Battle timer is ON: inactive players will automatically lose when time's up. (requested by Kewana)\n|inactive|MurphyTheMut has 60 seconds left.\n|\n|t:|1699916701\n|start\n|switch|p1a: Indeedee|Indeedee-F, L50, F|100\/100\n|switch|p1b: Hippowdon|Hippowdon, L50, M|100\/100\n|switch|p2a: Hands|Iron Hands, L50|100\/100\n|switch|p2b: AAAAaAAAAAAAA|Flutter Mane, L50|100\/100\n|-fieldstart|move: Psychic Terrain|[from] ability: Psychic Surge|[of] p1a: Indeedee\n|turn|1\n|inactive|MurphyTheMut has 30 seconds left.\n|inactive|Kewana has 30 seconds left.\n|inactive|MurphyTheMut has 20 seconds left.\n|inactive|Kewana has 20 seconds left.\n|inactive|Kewana has 15 seconds left.\n|\n|t:|1699916743\n|move|p2a: Hands|Fake Out|p1b: Hippowdon\n|-activate|p1b: Hippowdon|move: Psychic Terrain\n|move|p2b: AAAAaAAAAAAAA|Moonblast|p1a: Indeedee\n|-damage|p1a: Indeedee|26\/100\n|move|p1b: Hippowdon|Curse|p1b: Hippowdon\n|-unboost|p1b: Hippowdon|spe|1\n|-boost|p1b: Hippowdon|atk|1\n|-boost|p1b: Hippowdon|def|1\n|move|p1a: Indeedee|Trick Room|p1a: Indeedee\n|-fieldstart|move: Trick Room|[of] p1a: Indeedee\n|\n|upkeep\n|turn|2\n|inactive|MurphyTheMut has 30 seconds left.\n|\n|t:|1699916774\n|move|p2a: Hands|Detect|p2a: Hands\n|-singleturn|p2a: Hands|Protect\n|move|p1a: Indeedee|Follow Me|p1a: Indeedee\n|-singleturn|p1a: Indeedee|move: Follow Me\n|move|p1b: Hippowdon|Heavy Slam|p2b: AAAAaAAAAAAAA\n|-supereffective|p2b: AAAAaAAAAAAAA\n|-damage|p2b: AAAAaAAAAAAAA|0 fnt\n|faint|p2b: AAAAaAAAAAAAA\n|-end|p2b: AAAAaAAAAAAAA|Protosynthesis|[silent]\n|-damage|p1b: Hippowdon|91\/100|[from] item: Life Orb\n|\n|upkeep\n|\n|t:|1699916784\n|switch|p2b: David|Iron Bundle, L50|100\/100\n|turn|3\n|inactive|MurphyTheMut has 30 seconds left.\n|inactive|MurphyTheMut has 20 seconds left.\n|\n|t:|1699916821\n|move|p1a: Indeedee|Helping Hand|p1b: Hippowdon\n|-singleturn|p1b: Hippowdon|Helping Hand|[of] p1a: Indeedee\n|move|p2b: David|Protect|p2b: David\n|-singleturn|p2b: David|Protect\n|move|p1b: Hippowdon|Earthquake|p2b: David|[spread] p1a,p2a\n|-activate|p2b: David|move: Protect\n|-supereffective|p2a: Hands\n|-damage|p1a: Indeedee|0 fnt\n|-damage|p2a: Hands|0 fnt\n|faint|p1a: Indeedee\n|faint|p2a: Hands\n|-end|p2a: Hands|Quark Drive|[silent]\n|-damage|p1b: Hippowdon|81\/100|[from] item: Life Orb\n|\n|upkeep\n|\n|t:|1699916839\n|switch|p2a: Roring Moon|Roaring Moon, L50|100\/100\n|switch|p1a: Kommo-o|Kommo-o, L50, M|100\/100\n|-enditem|p2a: Roring Moon|Booster Energy\n|-activate|p2a: Roring Moon|ability: Protosynthesis|[fromitem]\n|-start|p2a: Roring Moon|protosynthesisatk\n|turn|4\n|inactive|MurphyTheMut has 30 seconds left.\n|\n|t:|1699916869\n|-terastallize|p1a: Kommo-o|Steel\n|-terastallize|p2a: Roring Moon|Flying\n|move|p1b: Hippowdon|Heavy Slam|p2b: David\n|-crit|p2b: David\n|-enditem|p2b: David|Focus Sash\n|-damage|p2b: David|1\/100\n|-damage|p1b: Hippowdon|71\/100|[from] item: Life Orb\n|move|p1a: Kommo-o|Body Press|p2b: David\n|-supereffective|p2b: David\n|-damage|p2b: David|0 fnt\n|faint|p2b: David\n|-end|p2b: David|Quark Drive|[silent]\n|move|p2a: Roring Moon|Acrobatics|p1a: Kommo-o\n|-resisted|p1a: Kommo-o\n|-damage|p1a: Kommo-o|76\/100\n|\n|-heal|p1a: Kommo-o|82\/100|[from] item: Leftovers\n|upkeep\n|turn|5\n|-message|Kewana forfeited.\n|\n|win|MurphyTheMut\n|raw|MurphyTheMut's rating: 1250 &rarr; <strong>1275<\/strong><br \/>(+25 for winning)\n|raw|Kewana's rating: 1250 &rarr; <strong>1225<\/strong><br \/>(-25 for losing)\n|l|\u2606Kewana\n|c|\u2606MurphyTheMut|Ow\n","uploadtime":1699916912,"views":31,"p1id":"murphythemut","p2id":"kewana","formatid":"gen9vgc2023regulatione","rating":1225,"private":0,"password":""}