{"id":"gen9vgc2023regulatione-2000035295","p1":"Josuee_29","p2":"JeanRyuPR","format":"[Gen 9] VGC 2023 Regulation E","log":"|j|\u2606Josuee_29\n|j|\u2606JeanRyuPR\n|t:|1701144028\n|gametype|doubles\n|player|p1|Josuee_29|red|\n|player|p2|JeanRyuPR|265|\n|teamsize|p1|6\n|teamsize|p2|6\n|gen|9\n|tier|[Gen 9] VGC 2023 Regulation E\n|rule|Species Clause: Limit one of each Pok\u00e9mon\n|rule|Item Clause: Limit one of each item\n|clearpoke\n|poke|p1|Landorus-Therian, L50, M|\n|poke|p1|Iron Hands, L50|\n|poke|p1|Heatran, L50, M|\n|poke|p1|Flutter Mane, L50|\n|poke|p1|Roaring Moon, L50|\n|poke|p1|Tornadus, L50, M|\n|poke|p2|Roaring Moon, L50|\n|poke|p2|Iron Hands, L50|\n|poke|p2|Ogerpon-Wellspring, L50, F|\n|poke|p2|Heatran, L50, F|\n|poke|p2|Arcanine-Hisui, L50, M|\n|poke|p2|Tornadus, L50, M|\n|teampreview|4\nJeanRyuPR has agreed to open team sheets.\n|\n|t:|1701144122\n|start\n|switch|p1a: Tornadus|Tornadus, L50, M, shiny|100\/100\n|switch|p1b: Iron Hands|Iron Hands, L50|100\/100\n|switch|p2a: Heatran|Heatran, L50, F|100\/100\n|switch|p2b: Tornadus|Tornadus, L50, M|100\/100\n|turn|1\n|\n|t:|1701144160\n|move|p1b: Iron Hands|Fake Out|p2a: Heatran\n|-resisted|p2a: Heatran\n|-damage|p2a: Heatran|94\/100\n|move|p1a: Tornadus|Taunt|p2b: Tornadus\n|-start|p2b: Tornadus|move: Taunt\n|move|p2b: Tornadus|Icy Wind|p1b: Iron Hands|[spread] p1a,p1b\n|-supereffective|p1a: Tornadus\n|-damage|p1a: Tornadus|65\/100\n|-damage|p1b: Iron Hands|87\/100\n|-unboost|p1a: Tornadus|spe|1\n|cant|p2a: Heatran|flinch\n|\n|upkeep\n|turn|2\n|\n|t:|1701144188\n|-terastallize|p2a: Heatran|Fairy\n|move|p1a: Tornadus|Tailwind|p1a: Tornadus\n|-sidestart|p1: Josuee_29|move: Tailwind\n|move|p1b: Iron Hands|Wild Charge|p2b: Tornadus\n|-supereffective|p2b: Tornadus\n|-damage|p2b: Tornadus|0 fnt\n|faint|p2b: Tornadus\n|-damage|p1b: Iron Hands|70\/100|[from] Recoil\n|move|p2a: Heatran|Magma Storm|p1b: Iron Hands\n|-damage|p1b: Iron Hands|32\/100\n|-activate|p1b: Iron Hands|move: Magma Storm|[of] p2a: Heatran\n|\n|-damage|p1b: Iron Hands|20\/100|[from] move: Magma Storm|[partiallytrapped]\n|upkeep\n|\n|t:|1701144208\n|switch|p2b: Iron Hands|Iron Hands, L50|100\/100\n|turn|3\n|\n|t:|1701144247\n|move|p2a: Heatran|Protect|p2a: Heatran\n|-singleturn|p2a: Heatran|Protect\n|move|p1a: Tornadus|Bleakwind Storm|p2b: Iron Hands|[spread] p2b\n|-activate|p2a: Heatran|move: Protect\n|-damage|p2b: Iron Hands|83\/100\n|move|p1b: Iron Hands|Drain Punch|p2a: Heatran\n|-activate|p2a: Heatran|move: Protect\n|move|p2b: Iron Hands|Wild Charge|p1a: Tornadus\n|-supereffective|p1a: Tornadus\n|-damage|p1a: Tornadus|0 fnt\n|faint|p1a: Tornadus\n|-damage|p2b: Iron Hands|72\/100|[from] Recoil\n|\n|-damage|p1b: Iron Hands|7\/100|[from] move: Magma Storm|[partiallytrapped]\n|upkeep\n|\n|t:|1701144279\n|switch|p1a: Heatran|Heatran, L50, M|100\/100\n|turn|4\n|\n|t:|1701144302\n|-terastallize|p1a: Heatran|Grass\n|move|p1a: Heatran|Earth Power|p2b: Iron Hands\n|-supereffective|p2b: Iron Hands\n|-damage|p2b: Iron Hands|38\/100\n|move|p1b: Iron Hands|Drain Punch|p2b: Iron Hands\n|-damage|p2b: Iron Hands|11\/100\n|-heal|p1b: Iron Hands|22\/100|[from] drain|[of] p2b: Iron Hands\n|move|p2a: Heatran|Earth Power|p1a: Heatran\n|-resisted|p1a: Heatran\n|-damage|p1a: Heatran|90\/100\n|move|p2b: Iron Hands|Drain Punch|p1a: Heatran\n|-damage|p1a: Heatran|52\/100\n|-heal|p2b: Iron Hands|25\/100|[from] drain|[of] p1a: Heatran\n|\n|-damage|p1b: Iron Hands|10\/100|[from] move: Magma Storm|[partiallytrapped]\n|upkeep\n|turn|5\n|\n|t:|1701144347\n|move|p2a: Heatran|Protect|p2a: Heatran\n|-singleturn|p2a: Heatran|Protect\n|move|p1a: Heatran|Earth Power|p2b: Iron Hands\n|-supereffective|p2b: Iron Hands\n|-damage|p2b: Iron Hands|0 fnt\n|faint|p2b: Iron Hands\n|-end|p2b: Iron Hands|Quark Drive|[silent]\n|move|p1b: Iron Hands|Drain Punch|p2a: Heatran\n|-activate|p2a: Heatran|move: Protect\n|\n|-damage|p1b: Iron Hands|0 fnt|[from] move: Magma Storm|[partiallytrapped]\n|faint|p1b: Iron Hands\n|-end|p1b: Iron Hands|Quark Drive|[silent]\n|-sideend|p1: Josuee_29|move: Tailwind\n|upkeep\n|\n|t:|1701144362\n|switch|p1b: Landorus|Landorus-Therian, L50, M|100\/100\n|switch|p2b: Ogerpon|Ogerpon-Wellspring, L50, F|100\/100\n|-ability|p1b: Landorus|Intimidate|boost\n|-unboost|p2a: Heatran|atk|1\n|-unboost|p2b: Ogerpon|atk|1\n|turn|6\n|\n|t:|1701144394\n|move|p2b: Ogerpon|Spiky Shield|p2b: Ogerpon\n|-singleturn|p2b: Ogerpon|move: Protect\n|move|p1b: Landorus|Protect|p1b: Landorus\n|-singleturn|p1b: Landorus|Protect\n|move|p1a: Heatran|Tera Blast|p2b: Ogerpon|[anim] Tera Blast Grass\n|-activate|p2b: Ogerpon|move: Protect\n|move|p2a: Heatran|Magma Storm|p1b: Landorus\n|-activate|p1b: Landorus|move: Protect\n|\n|upkeep\n|turn|7\n|\n|t:|1701144425\n|move|p2b: Ogerpon|Ivy Cudgel|p1b: Landorus|[anim] Ivy Cudgel Water\n|-supereffective|p1b: Landorus\n|-crit|p1b: Landorus\n|-damage|p1b: Landorus|0 fnt\n|faint|p1b: Landorus\n|move|p1a: Heatran|Tera Blast|p2b: Ogerpon|[anim] Tera Blast Grass\n|-damage|p2b: Ogerpon|58\/100\n|move|p2a: Heatran|Flash Cannon|p1a: Heatran\n|-damage|p1a: Heatran|28\/100\n|-unboost|p1a: Heatran|spd|1\n|\n|upkeep\n|turn|8\n|\n|t:|1701144451\n|move|p2b: Ogerpon|Ivy Cudgel|p1a: Heatran|[anim] Ivy Cudgel Water\n|-resisted|p1a: Heatran\n|-damage|p1a: Heatran|8\/100\n|move|p1a: Heatran|Flash Cannon|p2a: Heatran\n|-supereffective|p2a: Heatran\n|-damage|p2a: Heatran|24\/100\n|move|p2a: Heatran|Flash Cannon|p1a: Heatran\n|-damage|p1a: Heatran|0 fnt\n|faint|p1a: Heatran\n|\n|win|JeanRyuPR\n","uploadtime":1701144464,"views":6,"p1id":"josuee29","p2id":"jeanryupr","formatid":"gen9vgc2023regulatione","rating":0,"private":0,"password":""}