{"id":"gen9vgc2023regulatione-1991425531","p1":"Mauthor","p2":"jfkWasCoolNAllBut","format":"[Gen 9] VGC 2023 Regulation E","log":"|j|\u2606Mauthor\n|j|\u2606jfkWasCoolNAllBut\n|t:|1700076060\n|gametype|doubles\n|player|p1|Mauthor|2|1039\n|player|p2|jfkWasCoolNAllBut|102|1000\n|teamsize|p1|6\n|teamsize|p2|6\n|gen|9\n|tier|[Gen 9] VGC 2023 Regulation E\n|rated|\n|rule|Species Clause: Limit one of each Pok\u00e9mon\n|rule|Item Clause: Limit one of each item\n|clearpoke\n|poke|p1|Kommo-o, L50, M|\n|poke|p1|Florges-White, L50, F|\n|poke|p1|Ursaluna-Bloodmoon, L50, M|\n|poke|p1|Misdreavus, L50, F|\n|poke|p1|Ninetales-Alola, L50, F|\n|poke|p1|Iron Bundle, L50|\n|poke|p2|Azumarill, L50, F|\n|poke|p2|Snorlax, L50, F|\n|poke|p2|Ogerpon-Hearthflame, L50, F|\n|poke|p2|Flutter Mane, L50|\n|poke|p2|Sinistcha-Masterpiece, L50|\n|poke|p2|Carbink, L50|\n|teampreview|4\n|inactive|Battle timer is ON: inactive players will automatically lose when time's up. (requested by jfkWasCoolNAllBut)\n|\n|t:|1700076094\n|start\n|switch|p1a: Ninetales|Ninetales-Alola, L50, F|100\/100\n|switch|p1b: Kommo-o|Kommo-o, L50, M|100\/100\n|switch|p2a: Snorlax|Snorlax, L50, F|100\/100\n|switch|p2b: Flutter Mane|Flutter Mane, L50|100\/100\n|-weather|Snow|[from] ability: Snow Warning|[of] p1a: Ninetales\n|-enditem|p2b: Flutter Mane|Booster Energy\n|-activate|p2b: Flutter Mane|ability: Protosynthesis|[fromitem]\n|-start|p2b: Flutter Mane|protosynthesisspa\n|turn|1\n|inactive|Mauthor has 30 seconds left.\n|inactive|jfkWasCoolNAllBut has 30 seconds left.\n|inactive|Mauthor has 20 seconds left.\n|\n|t:|1700076132\n|switch|p1b: Florges|Florges-White, L50, F|100\/100\n|move|p2b: Flutter Mane|Shadow Ball|p1a: Ninetales\n|-damage|p1a: Ninetales|50\/100\n|move|p1a: Ninetales|Aurora Veil|p1a: Ninetales\n|-sidestart|p1: Mauthor|move: Aurora Veil\n|move|p2a: Snorlax|Belly Drum|p2a: Snorlax\n|-damage|p2a: Snorlax|51\/100\n|-setboost|p2a: Snorlax|atk|6|[from] move: Belly Drum\n|\n|-weather|Snow|[upkeep]\n|upkeep\n|turn|2\n|\n|t:|1700076154\n|move|p2b: Flutter Mane|Shadow Ball|p1b: Florges\n|-damage|p1b: Florges|77\/100\n|move|p1a: Ninetales|Moonblast|p2a: Snorlax\n|-damage|p2a: Snorlax|34\/100\n|-enditem|p2a: Snorlax|Aguav Berry|[eat]\n|-heal|p2a: Snorlax|67\/100|[from] item: Aguav Berry\n|move|p1b: Florges|Chilling Water|p2a: Snorlax\n|-damage|p2a: Snorlax|59\/100\n|-unboost|p2a: Snorlax|atk|1\n|move|p2a: Snorlax|Rock Slide|p1b: Florges|[spread] p1a,p1b\n|-supereffective|p1a: Ninetales\n|-damage|p1a: Ninetales|5\/100\n|-damage|p1b: Florges|46\/100\n|\n|-weather|Snow|[upkeep]\n|-heal|p1b: Florges|52\/100|[from] item: Leftovers\n|upkeep\n|turn|3\n|inactive|Mauthor has 30 seconds left.\n|\n|t:|1700076181\n|move|p1b: Florges|Protect|p1b: Florges\n|-singleturn|p1b: Florges|Protect\n|move|p2b: Flutter Mane|Shadow Ball|p1a: Ninetales\n|-damage|p1a: Ninetales|0 fnt\n|faint|p1a: Ninetales\n|move|p2a: Snorlax|Body Slam|p1b: Florges\n|-activate|p1b: Florges|move: Protect\n|\n|-weather|Snow|[upkeep]\n|-heal|p1b: Florges|58\/100|[from] item: Leftovers\n|upkeep\n|\n|t:|1700076195\n|switch|p1a: Kommo-o|Kommo-o, L50, M|100\/100\n|turn|4\n|inactive|Mauthor has 30 seconds left.\n|inactive|jfkWasCoolNAllBut has 30 seconds left.\n|inactive|jfkWasCoolNAllBut has 20 seconds left.\n|inactive|jfkWasCoolNAllBut has 15 seconds left.\n|\n|t:|1700076236\n|-terastallize|p1a: Kommo-o|Normal\n|move|p1b: Florges|Helping Hand|p1a: Kommo-o\n|-singleturn|p1a: Kommo-o|Helping Hand|[of] p1b: Florges\n|move|p2b: Flutter Mane|Protect|p2b: Flutter Mane\n|-singleturn|p2b: Flutter Mane|Protect\n|move|p1a: Kommo-o|Aura Sphere|p2a: Snorlax\n|-supereffective|p2a: Snorlax\n|-damage|p2a: Snorlax|2\/100\n|move|p2a: Snorlax|Body Slam|p1a: Kommo-o\n|-damage|p1a: Kommo-o|28\/100\n|-enditem|p1a: Kommo-o|Sitrus Berry|[eat]\n|-heal|p1a: Kommo-o|52\/100|[from] item: Sitrus Berry\n|-activate|p1b: Florges|ability: Symbiosis|Leftovers|[of] p1a: Kommo-o\n|\n|-weather|Snow|[upkeep]\n|-heal|p1a: Kommo-o|58\/100|[from] item: Leftovers\n|upkeep\n|turn|5\n|inactive|jfkWasCoolNAllBut has 30 seconds left.\n|\n|t:|1700076263\n|move|p1a: Kommo-o|Protect|p1a: Kommo-o\n|-singleturn|p1a: Kommo-o|Protect\n|move|p2a: Snorlax|Protect|p2a: Snorlax\n|-singleturn|p2a: Snorlax|Protect\n|move|p2b: Flutter Mane|Dazzling Gleam|p1a: Kommo-o|[spread] p1b\n|-activate|p1a: Kommo-o|move: Protect\n|-damage|p1b: Florges|38\/100\n|move|p1b: Florges|Chilling Water|p2a: Snorlax\n|-activate|p2a: Snorlax|move: Protect\n|\n|-weather|none\n|-heal|p1a: Kommo-o|64\/100|[from] item: Leftovers\n|upkeep\n|turn|6\n|inactive|Mauthor has 30 seconds left.\n|inactive|jfkWasCoolNAllBut has 30 seconds left.\n|inactive|Mauthor has 20 seconds left.\n|inactive|Mauthor has 15 seconds left.\n|inactive|Mauthor has 10 seconds left.\n|\n|t:|1700076312\n|-terastallize|p2a: Snorlax|Ghost\n|move|p2b: Flutter Mane|Dazzling Gleam|p1b: Florges|[spread] p1a,p1b\n|-damage|p1a: Kommo-o|42\/100\n|-damage|p1b: Florges|20\/100\n|move|p1a: Kommo-o|Boomburst|p2a: Snorlax|[spread] p1b\n|-immune|p2a: Snorlax\n|-immune|p2b: Flutter Mane\n|-damage|p1b: Florges|5\/100\n|move|p1b: Florges|Pollen Puff|p2b: Flutter Mane\n|-resisted|p2b: Flutter Mane\n|-damage|p2b: Flutter Mane|94\/100\n|move|p2a: Snorlax|Body Slam|p1a: Kommo-o\n|-damage|p1a: Kommo-o|0 fnt\n|faint|p1a: Kommo-o\n|\n|upkeep\n|-message|Mauthor forfeited.\n|\n|win|jfkWasCoolNAllBut\n|raw|Mauthor's rating: 1039 &rarr; <strong>1021<\/strong><br \/>(-18 for losing)\n|raw|jfkWasCoolNAllBut's rating: 1000 &rarr; <strong>1044<\/strong><br \/>(+44 for winning)\n|l|\u2606Mauthor\n","uploadtime":1700076340,"views":35,"p1id":"mauthor","p2id":"jfkwascoolnallbut","formatid":"gen9vgc2023regulatione","rating":1021,"private":0,"password":""}