{"id":"gen9vgc2023regulatione-1994285618","p1":"hero of zero","p2":"TheScarySmoliv","format":"[Gen 9] VGC 2023 Regulation E","log":"|j|\u2606hero of zero\n|j|\u2606TheScarySmoliv\n|n|\u2606hero of zero|heroofzero\n|n|\u2606TheScarySmoliv|thescarysmoliv\n|html|View the match progress at <a href=\"\/game-bestof3-gen9vgc2023regulatione-1994285617\">game-bestof3-gen9vgc2023regulatione-1994285617<\/a>\n|t:|1700427090\n|gametype|doubles\n|player|p1|hero of zero|burglar|\n|player|p2|TheScarySmoliv|argenta|\n|teamsize|p1|6\n|teamsize|p2|6\n|gen|9\n|tier|[Gen 9] VGC 2023 Regulation E\n|rule|Species Clause: Limit one of each Pok\u00e9mon\n|rule|Item Clause: Limit one of each item\n|clearpoke\n|poke|p1|Makuhita, L50, F|\n|poke|p1|Nymble, L50, M|\n|poke|p1|Qwilfish-Hisui, L50, M|\n|poke|p1|Poltchageist, L50|\n|poke|p1|Geodude, L50, M|\n|poke|p1|Arrokuda, L50, F|\n|poke|p2|Murkrow, L50, F|\n|poke|p2|Piplup, L50, F|\n|poke|p2|Zorua-Hisui, L50, F|\n|poke|p2|Magnemite, L50|\n|poke|p2|Grimer, L50, F|\n|poke|p2|Bagon, L50, M|\n|teampreview|4\n|c|\u2606TheScarySmoliv|glhf\n|c|\u2606hero of zero|glhf\n|c|\u2606TheScarySmoliv|this is tera preview isnt it\n|c|\u2606hero of zero|i'm checking cause i dont actually know\nTheScarySmoliv rejected open team sheets.\n|c|\u2606hero of zero|well it is\n|c|\u2606hero of zero|but you rejected it\n|c|\u2606TheScarySmoliv|no that was the whole team sheet\n|c|\u2606hero of zero|ah i see\n|c|\u2606TheScarySmoliv|yeah with moves and stuff\n|c|\u2606TheScarySmoliv|murkrow ground\n|c|\u2606TheScarySmoliv|piplup grass\n|c|\u2606TheScarySmoliv|zorua ground\n|c|\u2606TheScarySmoliv|magnemite dragon\n|c|\u2606TheScarySmoliv|grimer ground\n|c|\u2606TheScarySmoliv|bagon dragon\n|c|\u2606hero of zero|https:\/\/pokepast.es\/2f39517e7ebf9379\n|c|\u2606TheScarySmoliv|glhf again\n|\n|t:|1700427406\n|start\n|switch|p1a: Poltchageist|Poltchageist, L50|100\/100\n|switch|p1b: Geodude|Geodude, L50, M|100\/100\n|switch|p2a: Dobby|Grimer, L50, F|100\/100\n|switch|p2b: Neville|Piplup, L50, F|100\/100\n|turn|1\n|\n|t:|1700427466\n|move|p1b: Geodude|Wide Guard|p1b: Geodude\n|-singleturn|p1b: Geodude|Wide Guard\n|move|p2a: Dobby|Icy Wind|p1a: Poltchageist|[spread] \n|-activate|p1a: Poltchageist|move: Wide Guard\n|-activate|p1b: Geodude|move: Wide Guard\n|move|p2b: Neville|Ice Beam|p1a: Poltchageist\n|-supereffective|p1a: Poltchageist\n|-damage|p1a: Poltchageist|47\/100\n|move|p1a: Poltchageist|Trick Room|p1a: Poltchageist\n|-fieldstart|move: Trick Room|[of] p1a: Poltchageist\n|\n|upkeep\n|turn|2\n|\n|t:|1700427528\n|switch|p2a: Dobby|Grimer, L50, F|100\/100\n|-terastallize|p2b: Neville|Grass\n|move|p1b: Geodude|Explosion|p2b: Neville|[spread] p2a,p2b\n|-immune|p1a: Poltchageist\n|-enditem|p1b: Geodude|Normal Gem|[from] gem\n|-damage|p2a: Dobby|0 fnt\n|-damage|p2b: Neville|12\/100\n|faint|p1b: Geodude\n|faint|p2a: Dobby\n|move|p2b: Neville|Ice Beam|p1a: Poltchageist\n|-supereffective|p1a: Poltchageist\n|-damage|p1a: Poltchageist|0 fnt\n|faint|p1a: Poltchageist\n|\n|upkeep\n|\n|t:|1700427545\n|switch|p1b: Nymble|Nymble, L50, M|100\/100\n|switch|p2a: Snape|Murkrow, L50, F|100\/100\n|switch|p1a: Makuhita|Makuhita, L50, F|100\/100\n|turn|3\n|\n|t:|1700427568\n|-terastallize|p1b: Nymble|Bug\n|move|p2b: Neville|Protect|p2b: Neville\n|-singleturn|p2b: Neville|Protect\n|move|p1b: Nymble|First Impression|p2a: Snape\n|-resisted|p2a: Snape\n|-crit|p2a: Snape\n|-enditem|p2a: Snape|Focus Sash\n|-damage|p2a: Snape|1\/100\n|replace|p2a: McGonagall|Zorua-Hisui, L50, F\n|-end|p2a: McGonagall|Illusion\n|-damage|p1b: Nymble|91\/100|[from] item: Life Orb\n|move|p1a: Makuhita|Belly Drum|p1a: Makuhita\n|-damage|p1a: Makuhita|50\/100\n|-setboost|p1a: Makuhita|atk|6|[from] move: Belly Drum\n|-enditem|p1a: Makuhita|Sitrus Berry|[eat]\n|-heal|p1a: Makuhita|75\/100|[from] item: Sitrus Berry\n|move|p2a: McGonagall|Tera Blast|p1b: Nymble\n|-damage|p1b: Nymble|0 fnt\n|faint|p1b: Nymble\n|\n|upkeep\n|turn|4\n|\n|t:|1700427598\n|move|p2a: McGonagall|Protect|p2a: McGonagall\n|-singleturn|p2a: McGonagall|Protect\n|move|p1a: Makuhita|Drain Punch|p2b: Neville\n|-damage|p2b: Neville|0 fnt\n|-heal|p1a: Makuhita|81\/100|[from] drain|[of] p2b: Neville\n|faint|p2b: Neville\n|\n|upkeep\n|\n|t:|1700427600\n|switch|p2b: Snape|Murkrow, L50, F|100\/100\n|turn|5\n|\n|t:|1700427609\n|move|p2a: McGonagall|Protect|p2a: McGonagall\n|-singleturn|p2a: McGonagall|Protect\n|move|p2b: Snape|Protect|p2b: Snape\n|-singleturn|p2b: Snape|Protect\n|move|p1a: Makuhita|Drain Punch|p2b: Snape\n|-activate|p2b: Snape|move: Protect\n|\n|-fieldend|move: Trick Room\n|upkeep\n|turn|6\n|\n|t:|1700427620\n|move|p1a: Makuhita|Protect|p1a: Makuhita\n|-singleturn|p1a: Makuhita|Protect\n|move|p2b: Snape|Hurricane|p1a: Makuhita\n|-activate|p1a: Makuhita|move: Protect\n|move|p2a: McGonagall|Shadow Ball|p1a: Makuhita\n|-activate|p1a: Makuhita|move: Protect\n|\n|upkeep\n|turn|7\n|\n|t:|1700427624\n|move|p2b: Snape|Hurricane|p1a: Makuhita|[miss]\n|-miss|p2b: Snape|p1a: Makuhita\n|move|p2a: McGonagall|Shadow Ball|p1a: Makuhita\n|-damage|p1a: Makuhita|22\/100\n|move|p1a: Makuhita|Drain Punch|p2b: Snape\n|-damage|p2b: Snape|0 fnt\n|-heal|p1a: Makuhita|61\/100|[from] drain|[of] p2b: Snape\n|faint|p2b: Snape\n|\n|upkeep\n|turn|8\n|\n|t:|1700427633\n|move|p2a: McGonagall|Shadow Ball|p1a: Makuhita\n|-damage|p1a: Makuhita|0 fnt\n|faint|p1a: Makuhita\n|\n|win|TheScarySmoliv\n|c|&|\/uhtml prompt-heroofzero,hero of zero is ready for game 2!\n|c|\u2606TheScarySmoliv|gg\n|inactive|TheScarySmoliv has 50 seconds to confirm battle start!\n|c|&|\/uhtml prompt-thescarysmoliv,TheScarySmoliv is ready for game 2!\nBoth players are ready! Starting next match!\n|l|\u2606TheScarySmoliv\n|l|\u2606hero of zero\n|j|\u2606TheScarySmoliv\n|player|p2|TheScarySmoliv|argenta\n","uploadtime":1700428170,"views":35,"p1id":"heroofzero","p2id":"thescarysmoliv","formatid":"gen9vgc2023regulatione","rating":0,"private":0,"password":""}