{"id":"gen9vgc2023regulatione-1997688760","p1":"TheTalenAndersen","p2":"Darkbadger2606","format":"[Gen 9] VGC 2023 Regulation E","log":"|j|\u2606TheTalenAndersen\n|j|\u2606Darkbadger2606\n|n|\u2606TheTalenAndersen|thetalenandersen\n|n|\u2606Darkbadger2606|darkbadger2606\n|html|View the match progress at <a href=\"\/game-bestof3-gen9vgc2023regulatione-1997688759\">game-bestof3-gen9vgc2023regulatione-1997688759<\/a>\n|t:|1700841996\n|gametype|doubles\n|player|p1|TheTalenAndersen|acetrainer-gen4dp|\n|player|p2|Darkbadger2606|linebacker|\n|teamsize|p1|6\n|teamsize|p2|6\n|gen|9\n|tier|[Gen 9] VGC 2023 Regulation E\n|rule|Species Clause: Limit one of each Pok\u00e9mon\n|rule|Item Clause: Limit one of each item\n|clearpoke\n|poke|p1|Pincurchin, L50, F|\n|poke|p1|Arcanine-Hisui, L50, F|\n|poke|p1|Cresselia, L50, F|\n|poke|p1|Zapdos-Galar, L50|\n|poke|p1|Morpeko, L50, F|\n|poke|p1|Camerupt, L50, F|\n|poke|p2|Sandy Shocks, L50|\n|poke|p2|Espathra, L50, M|\n|poke|p2|Chi-Yu, L50|\n|poke|p2|Illumise, L50, F|\n|poke|p2|Ogerpon-Hearthflame, L50, F|\n|poke|p2|Bisharp, L50, F|\n|teampreview|4\n|c|\u2606Darkbadger2606|https:\/\/pokepast.es\/3dd90c728ffb81b8\n|c|\u2606Darkbadger2606|glhf\n|c|\u2606Darkbadger2606|You mind spectators?\n|c|\u2606TheTalenAndersen|https:\/\/pokepast.es\/d8acfa10721dfe61\n|c|\u2606TheTalenAndersen|Bring on the spectators\n|c|\u2606TheTalenAndersen|glhf\n|j| deathbane98\n|l| deathbane98\n|j| deathbane98\n|c|\u2606Darkbadger2606|Tell me when your ready and I'll turn timer on\n|c|\u2606TheTalenAndersen|Ready\n|inactive|Battle timer is ON: inactive players will automatically lose when time's up. (requested by Darkbadger2606)\n|l| deathbane98\n|j| deathbane98\n|\n|t:|1700842161\n|start\n|switch|p1a: Catha|Cresselia, L50, F|100\/100\n|switch|p1b: Ouchie|Pincurchin, L50, F|100\/100\n|switch|p2a: Sandy Shocks|Sandy Shocks, L50, shiny|100\/100\n|switch|p2b: Espathra|Espathra, L50, M, shiny|100\/100\n|-fieldstart|move: Electric Terrain|[from] ability: Electric Surge|[of] p1b: Ouchie\n|-enditem|p2a: Sandy Shocks|Booster Energy\n|-activate|p2a: Sandy Shocks|ability: Protosynthesis|[fromitem]\n|-start|p2a: Sandy Shocks|protosynthesisspe\n|turn|1\n|l| deathbane98\n|j| Abused24\n|inactive|TheTalenAndersen has 30 seconds left.\n|\n|t:|1700842192\n|move|p2a: Sandy Shocks|Earth Power|p1b: Ouchie\n|-supereffective|p1b: Ouchie\n|-enditem|p1b: Ouchie|Shuca Berry|[eat]\n|-enditem|p1b: Ouchie|Shuca Berry|[weaken]\n|-damage|p1b: Ouchie|61\/100\n|move|p2b: Espathra|Lumina Crash|p1a: Catha\n|-resisted|p1a: Catha\n|-damage|p1a: Catha|88\/100\n|-unboost|p1a: Catha|spd|2\n|move|p1a: Catha|Sunny Day|p1a: Catha\n|-weather|SunnyDay\n|move|p1b: Ouchie|Toxic Spikes|p2b: Espathra\n|-sidestart|p2: Darkbadger2606|move: Toxic Spikes\n|\n|-weather|SunnyDay|[upkeep]\n|-ability|p2b: Espathra|Speed Boost|boost\n|-boost|p2b: Espathra|spe|1\n|upkeep\n|turn|2\n|j| deathbane98\n|\n|t:|1700842215\n|move|p2a: Sandy Shocks|Earth Power|p1b: Ouchie\n|-supereffective|p1b: Ouchie\n|-crit|p1b: Ouchie\n|-damage|p1b: Ouchie|0 fnt\n|faint|p1b: Ouchie\n|move|p2b: Espathra|Lumina Crash|p1a: Catha\n|-resisted|p1a: Catha\n|-damage|p1a: Catha|67\/100\n|-unboost|p1a: Catha|spd|2\n|move|p1a: Catha|Lunar Blessing|p1a: Catha\n|-heal|p1a: Catha|92\/100\n|\n|-weather|SunnyDay|[upkeep]\n|-ability|p2b: Espathra|Speed Boost|boost\n|-boost|p2b: Espathra|spe|1\n|upkeep\n|l| deathbane98\n|\n|t:|1700842233\n|switch|p1b: Pompeii|Camerupt, L50, F, shiny|100\/100\n|turn|3\n|\n|t:|1700842251\n|-terastallize|p1b: Pompeii|Grass\n|move|p2b: Espathra|Lumina Crash|p1b: Pompeii\n|-damage|p1b: Pompeii|53\/100\n|-unboost|p1b: Pompeii|spd|2\n|move|p2a: Sandy Shocks|Earth Power|p1b: Pompeii\n|-resisted|p1b: Pompeii\n|-damage|p1b: Pompeii|0 fnt\n|faint|p1b: Pompeii\n|move|p1a: Catha|Ice Beam|p2a: Sandy Shocks\n|-supereffective|p2a: Sandy Shocks\n|-damage|p2a: Sandy Shocks|59\/100\n|\n|-weather|SunnyDay|[upkeep]\n|-ability|p2b: Espathra|Speed Boost|boost\n|-boost|p2b: Espathra|spe|1\n|upkeep\n|j| deathbane98\n|\n|t:|1700842270\n|switch|p1b: Meep Meep|Zapdos-Galar, L50, shiny|100\/100\n|turn|4\n|inactive|TheTalenAndersen has 30 seconds left.\n|\n|t:|1700842296\n|move|p2b: Espathra|Lumina Crash|p1b: Meep Meep\n|-supereffective|p1b: Meep Meep\n|-damage|p1b: Meep Meep|5\/100\n|-unboost|p1b: Meep Meep|spd|2\n|-ability|p1b: Meep Meep|Defiant|boost\n|-boost|p1b: Meep Meep|atk|2\n|move|p2a: Sandy Shocks|Thunderbolt|p1b: Meep Meep\n|-supereffective|p1b: Meep Meep\n|-damage|p1b: Meep Meep|0 fnt\n|faint|p1b: Meep Meep\n|move|p1a: Catha|Ice Beam|p2a: Sandy Shocks\n|-supereffective|p2a: Sandy Shocks\n|-damage|p2a: Sandy Shocks|17\/100\n|\n|-weather|SunnyDay|[upkeep]\n|-ability|p2b: Espathra|Speed Boost|boost\n|-boost|p2b: Espathra|spe|1\n|upkeep\n|turn|5\n|l| deathbane98\n|c|\u2606Darkbadger2606|gg\n|\n|t:|1700842319\n|move|p2b: Espathra|Lumina Crash|p1a: Catha\n|-resisted|p1a: Catha\n|-damage|p1a: Catha|60\/100\n|-unboost|p1a: Catha|spd|2\n|move|p2a: Sandy Shocks|Thunderbolt|p1a: Catha\n|-damage|p1a: Catha|0 fnt\n|faint|p1a: Catha\n|\n|win|Darkbadger2606\n|c|&|\/uhtml prompt-darkbadger2606,Darkbadger2606 is ready for game 2!\n|c|&|\/uhtml prompt-darkbadger2606,Darkbadger2606 is ready for game 2!\n|inactive|TheTalenAndersen has 50 seconds to confirm battle start!\n|c|\u2606TheTalenAndersen|gg\n|c|&|\/uhtml prompt-darkbadger2606,Darkbadger2606 is ready for game 2!\n|c|&|\/uhtml prompt-thetalenandersen,TheTalenAndersen is ready for game 2!\nBoth players are ready! Starting next match!\n|j| GreeeenGator\n|l| GreeeenGator\n|l| Abused24\n","uploadtime":1700842756,"views":11,"p1id":"thetalenandersen","p2id":"darkbadger2606","formatid":"gen9vgc2023regulatione","rating":0,"private":0,"password":""}