{"id":"gen9vgc2023regulatione-1988095955","p1":"justincaseuforgot","p2":"Jayanni","format":"[Gen 9] VGC 2023 Regulation E","log":"|j|\u2606justincaseuforgot\n|j|\u2606Jayanni\n|t:|1699669002\n|gametype|doubles\n|player|p1|justincaseuforgot|alder|\n|player|p2|Jayanni|169|\n|teamsize|p1|6\n|teamsize|p2|6\n|gen|9\n|tier|[Gen 9] VGC 2023 Regulation E\n|rule|Species Clause: Limit one of each Pok\u00e9mon\n|rule|Item Clause: Limit one of each item\n|clearpoke\n|poke|p1|Typhlosion-Hisui, L50, M|\n|poke|p1|Torkoal, L50, M|\n|poke|p1|Forretress, L50, F|\n|poke|p1|Clefairy, L50, F|\n|poke|p1|Gengar, L50, M|\n|poke|p1|Espeon, L50, F|\n|poke|p2|Trevenant, L50, F|\n|poke|p2|Dragalge, L50, F|\n|poke|p2|Gliscor, L50, F|\n|poke|p2|Ludicolo, L50, M|\n|poke|p2|Meowscarada, L50, M|\n|poke|p2|Umbreon, L50, F|\n|teampreview|4\n|j| loneleon\njustincaseuforgot has agreed to open team sheets.\nJayanni has agreed to open team sheets.\n|showteam|p1|Typhlosion-Hisui||AssaultVest|Blaze|TeraBlast,InfernalParade,Eruption,Flamethrower|||M|||50|,,,,,Ice]Torkoal||HeatRock|Drought|Protect,Yawn,EarthPower,HeatWave|||M|||50|,,,,,Fire]Forretress||Leftovers|Sturdy|GyroBall,Protect,Curse,ThunderWave|||F|||50|,,,,,Steel]Clefairy||Eviolite|FriendGuard|HelpingHand,HealPulse,DazzlingGleam,FollowMe|||F|||50|,,,,,Fairy]Gengar||LifeOrb|CursedBody|Hex,SludgeBomb,NastyPlot,DazzlingGleam|||M|||50|,,,,,Fairy]Espeon||FocusSash|MagicBounce|WeatherBall,Psyshock,TrickRoom,Protect|||F|||50|,,,,,Fire\n|showteam|p2|Trevenant||SitrusBerry|Frisk|TrickRoom,LeechSeed,Protect,KnockOff|||F|||50|,,,,,Normal]Dragalge||LifeOrb|Adaptability|SludgeBomb,DracoMeteor,Scald,Protect|||F|||50|,,,,,Poison]Gliscor||ToxicOrb|PoisonHeal|SwordsDance,BrickBreak,HighHorsepower,RockSlide|||F|||50|,,,,,Fairy]Ludicolo||AssaultVest|RainDish|RainDance,GigaDrain,Protect,Encore|||M|||50|,,,,,Dragon]Meowscarada||ChoiceBand|Protean|Uturn,KnockOff,BulletSeed,FlowerTrick|||M|||50|,,,,,Grass]Umbreon||Leftovers|InnerFocus|Toxic,Moonlight,Snarl,Curse|||F|||50|,,,,,Steel\n|\n|t:|1699669081\n|start\n|switch|p1a: another pokedoll|Clefairy, L50, F, shiny|100\/100\n|switch|p1b: clefable's shadow|Gengar, L50, M|100\/100\n|switch|p2a: Treva|Trevenant, L50, F, shiny|100\/100\n|switch|p2b: Mister|Dragalge, L50, F, shiny|100\/100\n|-item|p1a: another pokedoll|Eviolite|[from] ability: Frisk|[of] p2a: Treva|[identify]\n|-item|p1b: clefable's shadow|Life Orb|[from] ability: Frisk|[of] p2a: Treva|[identify]\n|turn|1\n|\n|t:|1699669106\n|switch|p1b: tanky sunny poo|Torkoal, L50, M, shiny|100\/100\n|-weather|SunnyDay|[from] ability: Drought|[of] p1b: tanky sunny poo\n|move|p1a: another pokedoll|Follow Me|p1a: another pokedoll\n|-singleturn|p1a: another pokedoll|move: Follow Me\n|move|p2b: Mister|Sludge Bomb|p1a: another pokedoll\n|-supereffective|p1a: another pokedoll\n|-damage|p1a: another pokedoll|0 fnt\n|faint|p1a: another pokedoll\n|-damage|p2b: Mister|91\/100|[from] item: Life Orb\n|move|p2a: Treva|Trick Room|p2a: Treva\n|-fieldstart|move: Trick Room|[of] p2a: Treva\n|\n|-weather|SunnyDay|[upkeep]\n|upkeep\n|\n|t:|1699669118\n|switch|p1a: glow|Typhlosion-Hisui, L50, M, shiny|100\/100\n|turn|2\n|\n|t:|1699669136\n|-terastallize|p1a: glow|Ice\n|move|p1b: tanky sunny poo|Protect|p1b: tanky sunny poo\n|-singleturn|p1b: tanky sunny poo|Protect\n|move|p2a: Treva|Protect|p2a: Treva\n|-singleturn|p2a: Treva|Protect\n|move|p2b: Mister|Draco Meteor|p1a: glow\n|-damage|p1a: glow|25\/100\n|-unboost|p2b: Mister|spa|2\n|-damage|p2b: Mister|81\/100|[from] item: Life Orb\n|move|p1a: glow|Eruption|p2a: Treva|[spread] p2b\n|-activate|p2a: Treva|move: Protect\n|-resisted|p2b: Mister\n|-damage|p2b: Mister|66\/100\n|\n|-weather|SunnyDay|[upkeep]\n|upkeep\n|turn|3\n|\n|t:|1699669161\n|move|p1b: tanky sunny poo|Yawn|p2a: Treva\n|-start|p2a: Treva|move: Yawn|[of] p1b: tanky sunny poo\n|move|p2b: Mister|Sludge Bomb|p1a: glow\n|-damage|p1a: glow|0 fnt\n|faint|p1a: glow\n|-damage|p2b: Mister|56\/100|[from] item: Life Orb\n|move|p2a: Treva|Knock Off|p1b: tanky sunny poo\n|-damage|p1b: tanky sunny poo|75\/100\n|-enditem|p1b: tanky sunny poo|Heat Rock|[from] move: Knock Off|[of] p2a: Treva\n|\n|-weather|SunnyDay|[upkeep]\n|upkeep\n|\n|t:|1699669172\n|switch|p1a: clefable's shadow|Gengar, L50, M|100\/100\n|turn|4\n|\n|t:|1699669203\n|move|p1b: tanky sunny poo|Protect|p1b: tanky sunny poo\n|-singleturn|p1b: tanky sunny poo|Protect\n|move|p2b: Mister|Scald|p1b: tanky sunny poo\n|-activate|p1b: tanky sunny poo|move: Protect\n|move|p2a: Treva|Knock Off|p1a: clefable's shadow\n|-supereffective|p1a: clefable's shadow\n|-damage|p1a: clefable's shadow|11\/100\n|-start|p2a: Treva|Disable|Knock Off|[from] ability: Cursed Body|[of] p1a: clefable's shadow\n|-enditem|p1a: clefable's shadow|Life Orb|[from] move: Knock Off|[of] p2a: Treva\n|move|p1a: clefable's shadow|Sludge Bomb|p2a: Treva\n|-damage|p2a: Treva|58\/100\n|\n|-weather|SunnyDay|[upkeep]\n|-end|p2a: Treva|move: Yawn|[silent]\n|-status|p2a: Treva|slp\n|upkeep\n|turn|5\n|\n|t:|1699669226\n|move|p2b: Mister|Protect|p2b: Mister\n|-singleturn|p2b: Mister|Protect\n|move|p1b: tanky sunny poo|Heat Wave|p2a: Treva|[spread] p2a\n|-activate|p2b: Mister|move: Protect\n|-supereffective|p2a: Treva\n|-damage|p2a: Treva|0 fnt\n|faint|p2a: Treva\n|move|p1a: clefable's shadow|Hex|p2b: Mister\n|-activate|p2b: Mister|move: Protect\n|\n|-weather|SunnyDay|[upkeep]\n|-fieldend|move: Trick Room\n|upkeep\n|\n|t:|1699669248\n|switch|p2a: Gliscor|Gliscor, L50, F, shiny|100\/100\n|turn|6\n|\n|t:|1699669272\n|move|p2b: Mister|Protect|p2b: Mister\n|-singleturn|p2b: Mister|Protect\n|move|p1b: tanky sunny poo|Protect|p1b: tanky sunny poo\n|-singleturn|p1b: tanky sunny poo|Protect\n|move|p1a: clefable's shadow|Sludge Bomb|p2a: Gliscor\n|-resisted|p2a: Gliscor\n|-crit|p2a: Gliscor\n|-damage|p2a: Gliscor|60\/100\n|move|p2a: Gliscor|High Horsepower|p1b: tanky sunny poo\n|-activate|p1b: tanky sunny poo|move: Protect\n|\n|-weather|SunnyDay|[upkeep]\n|-status|p2a: Gliscor|tox|[from] item: Toxic Orb\n|upkeep\n|turn|7\n|\n|t:|1699669293\n|move|p1a: clefable's shadow|Hex|p2a: Gliscor\n|-damage|p2a: Gliscor|0 fnt\n|faint|p2a: Gliscor\n|move|p2b: Mister|Scald|p1b: tanky sunny poo\n|-supereffective|p1b: tanky sunny poo\n|-damage|p1b: tanky sunny poo|55\/100\n|-damage|p2b: Mister|46\/100|[from] item: Life Orb\n|move|p1b: tanky sunny poo|Yawn|p2b: Mister\n|-start|p2b: Mister|move: Yawn|[of] p1b: tanky sunny poo\n|\n|-weather|SunnyDay|[upkeep]\n|upkeep\n|\n|t:|1699669305\n|switch|p2a: Umbreon|Umbreon, L50, F, shiny|100\/100\n|turn|8\n|\n|t:|1699669334\n|-terastallize|p2b: Mister|Poison\n|move|p1a: clefable's shadow|Dazzling Gleam|p2b: Mister|[spread] p2a,p2b\n|-supereffective|p2a: Umbreon\n|-resisted|p2b: Mister\n|-damage|p2a: Umbreon|70\/100\n|-damage|p2b: Mister|36\/100\n|move|p2a: Umbreon|Curse|p2a: Umbreon\n|-unboost|p2a: Umbreon|spe|1\n|-boost|p2a: Umbreon|atk|1\n|-boost|p2a: Umbreon|def|1\n|move|p2b: Mister|Sludge Bomb|p1a: clefable's shadow\n|-resisted|p1a: clefable's shadow\n|-damage|p1a: clefable's shadow|0 fnt\n|faint|p1a: clefable's shadow\n|-damage|p2b: Mister|26\/100|[from] item: Life Orb\n|move|p1b: tanky sunny poo|Earth Power|p2b: Mister\n|-supereffective|p2b: Mister\n|-damage|p2b: Mister|0 fnt\n|faint|p2b: Mister\n|\n|-weather|none\n|-heal|p2a: Umbreon|76\/100|[from] item: Leftovers\n|upkeep\n|turn|9\n|\n|t:|1699669360\n|move|p2a: Umbreon|Snarl|p1b: tanky sunny poo\n|-damage|p1b: tanky sunny poo|40\/100\n|-unboost|p1b: tanky sunny poo|spa|1\n|move|p1b: tanky sunny poo|Yawn|p2a: Umbreon\n|-start|p2a: Umbreon|move: Yawn|[of] p1b: tanky sunny poo\n|\n|-heal|p2a: Umbreon|82\/100|[from] item: Leftovers\n|upkeep\n|turn|10\n|\n|t:|1699669370\n|move|p1b: tanky sunny poo|Protect|p1b: tanky sunny poo\n|-singleturn|p1b: tanky sunny poo|Protect\n|move|p2a: Umbreon|Toxic|p1b: tanky sunny poo\n|-activate|p1b: tanky sunny poo|move: Protect\n|\n|-heal|p2a: Umbreon|88\/100|[from] item: Leftovers\n|-end|p2a: Umbreon|move: Yawn|[silent]\n|-status|p2a: Umbreon|slp\n|upkeep\n|turn|11\n|\n|t:|1699669380\n|cant|p2a: Umbreon|slp\n|move|p1b: tanky sunny poo|Heat Wave|p2a: Umbreon\n|-damage|p2a: Umbreon|68\/100 slp\n|\n|-heal|p2a: Umbreon|74\/100 slp|[from] item: Leftovers\n|upkeep\n|turn|12\n|\n|t:|1699669388\n|cant|p2a: Umbreon|slp\n|move|p1b: tanky sunny poo|Heat Wave|p2a: Umbreon\n|-damage|p2a: Umbreon|57\/100 slp\n|\n|-heal|p2a: Umbreon|62\/100 slp|[from] item: Leftovers\n|upkeep\n|turn|13\n|\n|t:|1699669396\n|-curestatus|p2a: Umbreon|slp|[msg]\n|move|p2a: Umbreon|Toxic|p1b: tanky sunny poo\n|-status|p1b: tanky sunny poo|tox\n|move|p1b: tanky sunny poo|Earth Power|p2a: Umbreon\n|-damage|p2a: Umbreon|50\/100\n|\n|-heal|p2a: Umbreon|56\/100|[from] item: Leftovers\n|-damage|p1b: tanky sunny poo|34\/100 tox|[from] psn\n|upkeep\n|turn|14\n|\n|t:|1699669409\n|move|p2a: Umbreon|Moonlight|p2a: Umbreon\n|-heal|p2a: Umbreon|100\/100\n|move|p1b: tanky sunny poo|Earth Power|p2a: Umbreon\n|-damage|p2a: Umbreon|88\/100\n|\n|-heal|p2a: Umbreon|94\/100|[from] item: Leftovers\n|-damage|p1b: tanky sunny poo|22\/100 tox|[from] psn\n|upkeep\n|turn|15\n|\n|t:|1699669420\n|move|p2a: Umbreon|Curse|p2a: Umbreon\n|-unboost|p2a: Umbreon|spe|1\n|-boost|p2a: Umbreon|atk|1\n|-boost|p2a: Umbreon|def|1\n|move|p1b: tanky sunny poo|Yawn|p2a: Umbreon\n|-start|p2a: Umbreon|move: Yawn|[of] p1b: tanky sunny poo\n|\n|-heal|p2a: Umbreon|100\/100|[from] item: Leftovers\n|-damage|p1b: tanky sunny poo|3\/100 tox|[from] psn\n|upkeep\n|turn|16\n|\n|t:|1699669432\n|move|p2a: Umbreon|Snarl|p1b: tanky sunny poo\n|-damage|p1b: tanky sunny poo|0 fnt\n|faint|p1b: tanky sunny poo\n|\n|win|Jayanni\n|l|\u2606Jayanni\n|j|\u2606Jayanni\n|player|p2|Jayanni|169\n","uploadtime":1699669450,"views":56,"p1id":"justincaseuforgot","p2id":"jayanni","formatid":"gen9vgc2023regulatione","rating":0,"private":0,"password":""}