{"id":"gen9vgc2023regulatione-1991041418","p1":"uttecht","p2":"PhantomOrionVgc","format":"[Gen 9] VGC 2023 Regulation E","log":"|j|\u2606uttecht\n|j|\u2606PhantomOrionVgc\n|t:|1700033099\n|gametype|doubles\n|player|p1|uttecht|hiker-gen4|1318\n|player|p2|PhantomOrionVgc|caitlin-masters|1346\n|teamsize|p1|6\n|teamsize|p2|6\n|gen|9\n|tier|[Gen 9] VGC 2023 Regulation E\n|rated|\n|rule|Species Clause: Limit one of each Pok\u00e9mon\n|rule|Item Clause: Limit one of each item\n|clearpoke\n|poke|p1|Farigiraf, L50, M|\n|poke|p1|Chi-Yu, L50|\n|poke|p1|Iron Hands, L50|\n|poke|p1|Ogerpon-Wellspring, L50, F|\n|poke|p1|Ursaluna-Bloodmoon, L50, M|\n|poke|p1|Flutter Mane, L50|\n|poke|p2|Farigiraf, L50, F|\n|poke|p2|Baxcalibur, L50, F|\n|poke|p2|Ninetales-Alola, L50, F|\n|poke|p2|Heatran, L50, M|\n|poke|p2|Weezing-Galar, L50, M|\n|poke|p2|Iron Hands, L50|\n|teampreview|4\nPhantomOrionVgc has agreed to open team sheets.\nuttecht has agreed to open team sheets.\n|\n|t:|1700033145\n|start\n|switch|p1a: Farigiraf|Farigiraf, L50, M|100\/100\n|switch|p1b: Chi-Yu|Chi-Yu, L50|100\/100\n|switch|p2a: Ninetales|Ninetales-Alola, L50, F|100\/100\n|switch|p2b: Baxcalibur|Baxcalibur, L50, F|100\/100\n|-weather|Snow|[from] ability: Snow Warning|[of] p2a: Ninetales\n|-ability|p1b: Chi-Yu|Beads of Ruin\n|turn|1\n|\n|t:|1700033172\n|switch|p1b: Iron Hands|Iron Hands, L50|100\/100\n|-terastallize|p1a: Farigiraf|Fairy\n|move|p2a: Ninetales|Aurora Veil|p2a: Ninetales\n|-sidestart|p2: PhantomOrionVgc|move: Aurora Veil\n|move|p2b: Baxcalibur|Scale Shot|p1b: Iron Hands\n|-damage|p1b: Iron Hands|90\/100\n|-damage|p1b: Iron Hands|80\/100\n|-damage|p1b: Iron Hands|70\/100\n|-damage|p1b: Iron Hands|59\/100\n|-damage|p1b: Iron Hands|49\/100\n|-hitcount|p1b: Iron Hands|5\n|-unboost|p2b: Baxcalibur|def|1\n|-boost|p2b: Baxcalibur|spe|1\n|move|p1a: Farigiraf|Trick Room|p1a: Farigiraf\n|-fieldstart|move: Trick Room|[of] p1a: Farigiraf\n|\n|-weather|Snow|[upkeep]\n|upkeep\n|turn|2\n|j| 5Sscreen\n|\n|t:|1700033215\n|move|p2a: Ninetales|Protect|p2a: Ninetales\n|-singleturn|p2a: Ninetales|Protect\n|move|p2b: Baxcalibur|Protect|p2b: Baxcalibur\n|-singleturn|p2b: Baxcalibur|Protect\n|move|p1b: Iron Hands|Drain Punch|p2b: Baxcalibur\n|-activate|p2b: Baxcalibur|move: Protect\n|move|p1a: Farigiraf|Imprison|p1a: Farigiraf\n|-start|p1a: Farigiraf|move: Imprison\n|\n|-weather|Snow|[upkeep]\n|upkeep\n|turn|3\n|\n|t:|1700033243\n|-terastallize|p2b: Baxcalibur|Poison\n|move|p1b: Iron Hands|Heavy Slam|p2a: Ninetales\n|-supereffective|p2a: Ninetales\n|-crit|p2a: Ninetales\n|-damage|p2a: Ninetales|0 fnt\n|faint|p2a: Ninetales\n|move|p1a: Farigiraf|Dazzling Gleam|p2b: Baxcalibur\n|-resisted|p2b: Baxcalibur\n|-damage|p2b: Baxcalibur|90\/100\n|move|p2b: Baxcalibur|Icicle Spear|p1b: Iron Hands\n|-damage|p1b: Iron Hands|39\/100\n|-damage|p1b: Iron Hands|29\/100\n|-damage|p1b: Iron Hands|18\/100\n|-damage|p1b: Iron Hands|9\/100\n|-hitcount|p1b: Iron Hands|4\n|\n|-weather|Snow|[upkeep]\n|upkeep\n|\n|t:|1700033256\n|switch|p2a: Iron Hands|Iron Hands, L50|100\/100\n|turn|4\n|\n|t:|1700033263\n|move|p1a: Farigiraf|Helping Hand|p1b: Iron Hands\n|-singleturn|p1b: Iron Hands|Helping Hand|[of] p1a: Farigiraf\n|move|p2b: Baxcalibur|Protect|p2b: Baxcalibur\n|-singleturn|p2b: Baxcalibur|Protect\n|move|p2a: Iron Hands|Drain Punch|p1b: Iron Hands\n|-damage|p1b: Iron Hands|0 fnt\n|faint|p1b: Iron Hands\n|-end|p1b: Iron Hands|Quark Drive|[silent]\n|\n|-weather|Snow|[upkeep]\n|upkeep\n|\n|t:|1700033270\n|switch|p1b: Ursaluna|Ursaluna-Bloodmoon, L50, M|100\/100\n|turn|5\n|\n|t:|1700033290\n|move|p1a: Farigiraf|Helping Hand|p1b: Ursaluna\n|-singleturn|p1b: Ursaluna|Helping Hand|[of] p1a: Farigiraf\n|move|p2a: Iron Hands|Drain Punch|p1b: Ursaluna\n|-supereffective|p1b: Ursaluna\n|-damage|p1b: Ursaluna|39\/100\n|move|p1b: Ursaluna|Earth Power|p2a: Iron Hands\n|-supereffective|p2a: Iron Hands\n|-damage|p2a: Iron Hands|40\/100\n|-unboost|p2a: Iron Hands|spd|1\n|move|p2b: Baxcalibur|Icicle Spear|p1b: Ursaluna\n|-supereffective|p1b: Ursaluna\n|-damage|p1b: Ursaluna|18\/100\n|-supereffective|p1b: Ursaluna\n|-damage|p1b: Ursaluna|0 fnt\n|faint|p1b: Ursaluna\n|-hitcount|p1: Ursaluna|2\n|\n|-weather|none\n|-fieldend|move: Trick Room\n|upkeep\n|\n|t:|1700033301\n|switch|p1b: Chi-Yu|Chi-Yu, L50|100\/100\n|-ability|p1b: Chi-Yu|Beads of Ruin\n|turn|6\n|\n|t:|1700033312\n|-end|p2a: Iron Hands|Quark Drive|[silent]\n|switch|p2a: Heatran|Heatran, L50, M|100\/100\n|move|p1a: Farigiraf|Helping Hand|p1b: Chi-Yu\n|-singleturn|p1b: Chi-Yu|Helping Hand|[of] p1a: Farigiraf\n|move|p2b: Baxcalibur|Scale Shot|p1b: Chi-Yu\n|-damage|p1b: Chi-Yu|77\/100\n|-crit|p1b: Chi-Yu\n|-damage|p1b: Chi-Yu|43\/100\n|-damage|p1b: Chi-Yu|19\/100\n|-damage|p1b: Chi-Yu|0 fnt\n|faint|p1b: Chi-Yu\n|-hitcount|p1: Chi-Yu|4\n|-unboost|p2b: Baxcalibur|def|1\n|-boost|p2b: Baxcalibur|spe|1\n|\n|upkeep\n|turn|7\n|-message|uttecht forfeited.\n|\n|win|PhantomOrionVgc\n|raw|uttecht's rating: 1318 &rarr; <strong>1300<\/strong><br \/>(-18 for losing)\n|raw|PhantomOrionVgc's rating: 1346 &rarr; <strong>1364<\/strong><br \/>(+18 for winning)\n|l|\u2606uttecht\n|l|\u2606PhantomOrionVgc\n","uploadtime":1700033390,"views":11,"p1id":"uttecht","p2id":"phantomorionvgc","formatid":"gen9vgc2023regulatione","rating":1300,"private":0,"password":""}