{"id":"gen9vgc2023regulatione-1998235096","p1":"sprigfetchd","p2":"ElQuePruebaTimsUwU","format":"[Gen 9] VGC 2023 Regulation E","log":"|j|\u2606sprigfetchd\n|j|\u2606ElQuePruebaTimsUwU\n|t:|1700917442\n|gametype|doubles\n|player|p1|sprigfetchd|roxie|1190\n|player|p2|ElQuePruebaTimsUwU|cyrus|1305\n|teamsize|p1|6\n|teamsize|p2|6\n|gen|9\n|tier|[Gen 9] VGC 2023 Regulation E\n|rated|\n|rule|Species Clause: Limit one of each Pok\u00e9mon\n|rule|Item Clause: Limit one of each item\n|clearpoke\n|poke|p1|Braviary-Hisui, L50, M|\n|poke|p1|Qwilfish-Hisui, L50, M|\n|poke|p1|Ogerpon-Wellspring, L50, F|\n|poke|p1|Sinistcha, L50|\n|poke|p1|Roaring Moon, L50|\n|poke|p1|Iron Hands, L50|\n|poke|p2|Gogoat, L50, M|\n|poke|p2|Florges-White, L50, F|\n|poke|p2|Cinderace, L50, M|\n|poke|p2|Kingambit, L50, M|\n|poke|p2|Iron Hands, L50|\n|poke|p2|Tornadus, L50, M|\n|teampreview|4\n|inactive|Battle timer is ON: inactive players will automatically lose when time's up. (requested by sprigfetchd)\n|inactive|sprigfetchd has 60 seconds left.\n|inactive|ElQuePruebaTimsUwU has 60 seconds left.\n|\n|t:|1700917495\n|start\n|switch|p1a: Qwilfish|Qwilfish-Hisui, L50, M|100\/100\n|switch|p1b: Iron Hands|Iron Hands, L50|100\/100\n|switch|p2a: Iron Hands|Iron Hands, L50, shiny|100\/100\n|switch|p2b: Florges|Florges-White, L50, F, shiny|100\/100\n|-ability|p1a: Qwilfish|Intimidate|boost\n|-unboost|p2a: Iron Hands|atk|1\n|-unboost|p2b: Florges|atk|1\n|-enditem|p2a: Iron Hands|Booster Energy\n|-activate|p2b: Florges|ability: Symbiosis|Life Orb|[of] p2a: Iron Hands\n|-activate|p2a: Iron Hands|ability: Quark Drive|[fromitem]\n|-start|p2a: Iron Hands|quarkdrivedef\n|turn|1\n|inactive|ElQuePruebaTimsUwU has 30 seconds left.\n|inactive|ElQuePruebaTimsUwU has 20 seconds left.\n|inactive|ElQuePruebaTimsUwU has 15 seconds left.\n|\n|t:|1700917536\n|-terastallize|p2b: Florges|Steel\n|move|p1b: Iron Hands|Fake Out|p2a: Iron Hands\n|-damage|p2a: Iron Hands|93\/100\n|move|p2b: Florges|Pollen Puff|p2a: Iron Hands\n|-heal|p2a: Iron Hands|100\/100\n|move|p1a: Qwilfish|Barb Barrage|p2b: Florges\n|-immune|p2b: Florges\n|cant|p2a: Iron Hands|flinch\n|\n|upkeep\n|turn|2\n|\n|t:|1700917558\n|move|p2b: Florges|Moonblast|p1b: Iron Hands\n|-supereffective|p1b: Iron Hands\n|-damage|p1b: Iron Hands|58\/100\n|move|p1a: Qwilfish|Minimize|p1a: Qwilfish\n|-boost|p1a: Qwilfish|evasion|2\n|move|p1b: Iron Hands|Drain Punch|p2b: Florges\n|-supereffective|p2b: Florges\n|-damage|p2b: Florges|8\/100\n|-heal|p1b: Iron Hands|89\/100|[from] drain|[of] p2b: Florges\n|move|p2a: Iron Hands|Swords Dance|p2a: Iron Hands\n|-boost|p2a: Iron Hands|atk|2\n|\n|upkeep\n|turn|3\n|inactive|ElQuePruebaTimsUwU has 30 seconds left.\n|\n|t:|1700917585\n|move|p2b: Florges|Moonblast|p1b: Iron Hands\n|-supereffective|p1b: Iron Hands\n|-damage|p1b: Iron Hands|44\/100\n|move|p1a: Qwilfish|Minimize|p1a: Qwilfish\n|-boost|p1a: Qwilfish|evasion|2\n|move|p1b: Iron Hands|Drain Punch|p2b: Florges\n|-supereffective|p2b: Florges\n|-damage|p2b: Florges|0 fnt\n|-heal|p1b: Iron Hands|46\/100|[from] drain|[of] p2b: Florges\n|faint|p2b: Florges\n|move|p2a: Iron Hands|Thunder Punch|p1a: Qwilfish\n|-damage|p1a: Qwilfish|31\/100\n|-damage|p2a: Iron Hands|91\/100|[from] item: Life Orb\n|\n|upkeep\n|\n|t:|1700917604\n|switch|p2b: Tornadus|Tornadus, L50, M|100\/100\n|turn|4\n|\n|t:|1700917625\n|move|p2b: Tornadus|Sunny Day|p2b: Tornadus\n|-weather|SunnyDay\n|move|p1a: Qwilfish|Barb Barrage|p2a: Iron Hands\n|-damage|p2a: Iron Hands|80\/100\n|-status|p2a: Iron Hands|psn\n|move|p1b: Iron Hands|Wild Charge|p2b: Tornadus\n|-supereffective|p2b: Tornadus\n|-damage|p2b: Tornadus|0 fnt\n|faint|p2b: Tornadus\n|-damage|p1b: Iron Hands|31\/100|[from] Recoil\n|move|p2a: Iron Hands|Drain Punch|p1b: Iron Hands\n|-damage|p1b: Iron Hands|0 fnt\n|-heal|p2a: Iron Hands|97\/100 psn|[from] drain|[of] p1b: Iron Hands\n|faint|p1b: Iron Hands\n|-end|p1b: Iron Hands|Quark Drive|[silent]\n|-damage|p2a: Iron Hands|88\/100 psn|[from] item: Life Orb\n|\n|-weather|SunnyDay|[upkeep]\n|-damage|p2a: Iron Hands|76\/100 psn|[from] psn\n|upkeep\n|\n|t:|1700917646\n|switch|p2b: Kingambit|Kingambit, L50, M|100\/100\n|switch|p1b: Sinistcha|Sinistcha, L50|100\/100\n|-heal|p1a: Qwilfish|56\/100|[from] ability: Hospitality|[of] p1b: Sinistcha\n|turn|5\n|\n|t:|1700917668\n|move|p1a: Qwilfish|Barb Barrage|p2a: Iron Hands\n|-damage|p2a: Iron Hands|49\/100 psn\n|move|p1b: Sinistcha|Matcha Gotcha|p2b: Kingambit|[spread] p2a,p2b\n|-resisted|p2b: Kingambit\n|-damage|p2a: Iron Hands|27\/100 psn\n|-damage|p2b: Kingambit|88\/100\n|-status|p2b: Kingambit|brn\n|move|p2b: Kingambit|Swords Dance|p2b: Kingambit\n|-boost|p2b: Kingambit|atk|2\n|move|p2a: Iron Hands|Thunder Punch|p1a: Qwilfish\n|-damage|p1a: Qwilfish|0 fnt\n|faint|p1a: Qwilfish\n|-damage|p2a: Iron Hands|17\/100 psn|[from] item: Life Orb\n|\n|-weather|SunnyDay|[upkeep]\n|-damage|p2a: Iron Hands|5\/100 psn|[from] psn\n|-damage|p2b: Kingambit|83\/100 brn|[from] brn\n|upkeep\n|\n|t:|1700917685\n|switch|p1a: Ogerpon|Ogerpon-Wellspring, L50, F|100\/100\n|turn|6\n|\n|t:|1700917703\n|move|p1a: Ogerpon|Spiky Shield|p1a: Ogerpon\n|-singleturn|p1a: Ogerpon|move: Protect\n|move|p1b: Sinistcha|Matcha Gotcha|p2a: Iron Hands|[spread] p2a,p2b\n|-resisted|p2b: Kingambit\n|-damage|p2a: Iron Hands|0 fnt\n|-damage|p2b: Kingambit|72\/100 brn\n|faint|p2a: Iron Hands\n|-end|p2a: Iron Hands|Quark Drive|[silent]\n|move|p2b: Kingambit|Kowtow Cleave|p1b: Sinistcha\n|-supereffective|p1b: Sinistcha\n|-damage|p1b: Sinistcha|0 fnt\n|faint|p1b: Sinistcha\n|\n|-weather|SunnyDay|[upkeep]\n|-damage|p2b: Kingambit|66\/100 brn|[from] brn\n|upkeep\n|turn|7\n|\n|t:|1700917727\n|-terastallize|p1a: Ogerpon|Water\n|detailschange|p1a: Ogerpon|Ogerpon-Wellspring-Tera, L50, F, tera:Water\n|-ability|p1a: Ogerpon|Embody Aspect (Wellspring)|boost\n|-boost|p1a: Ogerpon|spd|1\n|move|p2b: Kingambit|Sucker Punch|p1a: Ogerpon\n|-damage|p1a: Ogerpon|53\/100\n|move|p1a: Ogerpon|Ivy Cudgel|p2b: Kingambit|[anim] Ivy Cudgel Water\n|-damage|p2b: Kingambit|39\/100 brn\n|\n|-weather|SunnyDay|[upkeep]\n|-damage|p2b: Kingambit|33\/100 brn|[from] brn\n|upkeep\n|turn|8\n|\n|t:|1700917739\n|move|p1a: Ogerpon|Spiky Shield|p1a: Ogerpon\n|-singleturn|p1a: Ogerpon|move: Protect\n|move|p2b: Kingambit|Swords Dance|p2b: Kingambit\n|-boost|p2b: Kingambit|atk|2\n|\n|-weather|none\n|-damage|p2b: Kingambit|27\/100 brn|[from] brn\n|upkeep\n|turn|9\n|\n|t:|1700917749\n|move|p2b: Kingambit|Sucker Punch|p1a: Ogerpon\n|-damage|p1a: Ogerpon|0 fnt\n|faint|p1a: Ogerpon\n|\n|win|ElQuePruebaTimsUwU\n|raw|sprigfetchd's rating: 1190 &rarr; <strong>1173<\/strong><br \/>(-17 for losing)\n|raw|ElQuePruebaTimsUwU's rating: 1305 &rarr; <strong>1319<\/strong><br \/>(+14 for winning)\n|l|\u2606sprigfetchd\n","uploadtime":1700917919,"views":1,"p1id":"sprigfetchd","p2id":"elquepruebatimsuwu","formatid":"gen9vgc2023regulatione","rating":1173,"private":0,"password":""}