{"id":"gen9vgc2023regulatione-1999362452","p1":"Mirai_Burai","p2":"Mallow_sux","format":"[Gen 9] VGC 2023 Regulation E","log":"|j|\u2606Mirai_Burai\n|j|\u2606Mallow_sux\n|n|\u2606Mirai_Burai|miraiburai\n|n|\u2606Mallow_sux|mallowsux\n|html|View the match progress at <a href=\"\/game-bestof3-gen9vgc2023regulatione-1999360644\">game-bestof3-gen9vgc2023regulatione-1999360644<\/a>\n|t:|1701067000\n|gametype|doubles\n|player|p1|Mirai_Burai|skyla|\n|player|p2|Mallow_sux|shauntal|\n|teamsize|p1|6\n|teamsize|p2|6\n|gen|9\n|tier|[Gen 9] VGC 2023 Regulation E\n|rule|Species Clause: Limit one of each Pok\u00e9mon\n|rule|Item Clause: Limit one of each item\n|clearpoke\n|poke|p1|Empoleon, L50, F|\n|poke|p1|Tornadus, L50, M|\n|poke|p1|Ninetales-Alola, L50, F|\n|poke|p1|Sinistcha, L50|\n|poke|p1|Okidogi, L50, M|\n|poke|p1|Urshifu-*, L50, F|\n|poke|p2|Iron Bundle, L50|\n|poke|p2|Tornadus, L50, M|\n|poke|p2|Flutter Mane, L50|\n|poke|p2|Ogerpon-Hearthflame, L50, F|\n|poke|p2|Rillaboom, L50, M|\n|poke|p2|Chi-Yu, L50|\n|teampreview|4\n|\n|t:|1701067058\n|start\n|switch|p1a: Sinistcha|Sinistcha, L50|100\/100\n|switch|p1b: Okidogi|Okidogi, L50, M|100\/100\n|switch|p2a: Tornadus|Tornadus, L50, M|100\/100\n|switch|p2b: Ogerpon|Ogerpon-Hearthflame, L50, F|100\/100\n|-ability|p2b: Ogerpon|Mold Breaker\n|turn|1\n|\n|t:|1701067110\n|switch|p1a: Empoleon|Empoleon, L50, F|100\/100\n|move|p2b: Ogerpon|Spiky Shield|p2b: Ogerpon\n|-singleturn|p2b: Ogerpon|move: Protect\n|move|p2a: Tornadus|Tailwind|p2a: Tornadus\n|-sidestart|p2: Mallow_sux|move: Tailwind\n|move|p1b: Okidogi|Bulk Up|p1b: Okidogi\n|-boost|p1b: Okidogi|atk|1\n|-boost|p1b: Okidogi|def|1\n|\n|upkeep\n|turn|2\n|\n|t:|1701067148\n|move|p2a: Tornadus|Sunny Day|p2a: Tornadus\n|-weather|SunnyDay\n|move|p2b: Ogerpon|Ivy Cudgel|p1b: Okidogi|[anim] Ivy Cudgel Fire\n|-damage|p1b: Okidogi|52\/100\n|move|p1b: Okidogi|Poison Jab|p2b: Ogerpon\n|-supereffective|p2b: Ogerpon\n|-damage|p2b: Ogerpon|0 fnt\n|faint|p2b: Ogerpon\n|move|p1a: Empoleon|Blizzard|p2a: Tornadus|[miss]\n|-miss|p1a: Empoleon|p2a: Tornadus\n|\n|-weather|SunnyDay|[upkeep]\n|-heal|p1b: Okidogi|58\/100|[from] item: Leftovers\n|upkeep\n|\n|t:|1701067172\n|switch|p2b: Flutter Mane|Flutter Mane, L50|100\/100\n|-activate|p2b: Flutter Mane|ability: Protosynthesis\n|-start|p2b: Flutter Mane|protosynthesisspa\n|turn|3\n|\n|t:|1701067195\n|move|p2b: Flutter Mane|Protect|p2b: Flutter Mane\n|-singleturn|p2b: Flutter Mane|Protect\n|move|p2a: Tornadus|Taunt|p1b: Okidogi\n|-start|p1b: Okidogi|move: Taunt\n|move|p1b: Okidogi|Poison Jab|p2a: Tornadus\n|-damage|p2a: Tornadus|38\/100\n|move|p1a: Empoleon|Blizzard|p2a: Tornadus|[spread] p2a\n|-activate|p2b: Flutter Mane|move: Protect\n|-supereffective|p2a: Tornadus\n|-damage|p2a: Tornadus|0 fnt\n|faint|p2a: Tornadus\n|\n|-weather|SunnyDay|[upkeep]\n|-heal|p1b: Okidogi|64\/100|[from] item: Leftovers\n|upkeep\n|\n|t:|1701067214\n|switch|p2a: Chi-Yu|Chi-Yu, L50|100\/100\n|-ability|p2a: Chi-Yu|Beads of Ruin\n|turn|4\n|\n|t:|1701067273\n|-terastallize|p1b: Okidogi|Water\n|move|p2b: Flutter Mane|Moonblast|p1b: Okidogi\n|-damage|p1b: Okidogi|0 fnt\n|faint|p1b: Okidogi\n|move|p2a: Chi-Yu|Heat Wave|p1a: Empoleon|[miss]\n|-miss|p2a: Chi-Yu|p1a: Empoleon\n|move|p1a: Empoleon|Hydro Pump|p2a: Chi-Yu\n|-supereffective|p2a: Chi-Yu\n|-damage|p2a: Chi-Yu|36\/100\n|\n|-weather|SunnyDay|[upkeep]\n|-sideend|p2: Mallow_sux|move: Tailwind\n|upkeep\n|\n|t:|1701067285\n|switch|p1b: Ninetales|Ninetales-Alola, L50, F, shiny|100\/100\n|-weather|Snow|[from] ability: Snow Warning|[of] p1b: Ninetales\n|-end|p2b: Flutter Mane|Protosynthesis\n|turn|5\n|\n|t:|1701067322\n|move|p2b: Flutter Mane|Shadow Ball|p1a: Empoleon\n|-damage|p1a: Empoleon|61\/100\n|-unboost|p1a: Empoleon|spd|1\n|-ability|p1a: Empoleon|Competitive|boost\n|-boost|p1a: Empoleon|spa|2\n|move|p1b: Ninetales|Moonblast|p2a: Chi-Yu\n|-damage|p2a: Chi-Yu|4\/100\n|move|p2a: Chi-Yu|Heat Wave|p1b: Ninetales|[spread] \n|-miss|p2a: Chi-Yu|p1a: Empoleon\n|-miss|p2a: Chi-Yu|p1b: Ninetales\n|move|p1a: Empoleon|Flash Cannon|p2b: Flutter Mane\n|-supereffective|p2b: Flutter Mane\n|-enditem|p2b: Flutter Mane|Focus Sash\n|-damage|p2b: Flutter Mane|1\/100\n|\n|-weather|Snow|[upkeep]\n|upkeep\n|turn|6\n|\n|t:|1701067354\n|-terastallize|p2a: Chi-Yu|Ghost\n|move|p2b: Flutter Mane|Shadow Ball|p1a: Empoleon\n|-damage|p1a: Empoleon|1\/100\n|move|p1b: Ninetales|Aurora Veil|p1b: Ninetales\n|-sidestart|p1: Mirai_Burai|move: Aurora Veil\n|move|p2a: Chi-Yu|Heat Wave|p1a: Empoleon|[spread] p1a,p1b\n|-supereffective|p1b: Ninetales\n|-damage|p1a: Empoleon|0 fnt\n|-damage|p1b: Ninetales|6\/100\n|faint|p1a: Empoleon\n|\n|-weather|Snow|[upkeep]\n|upkeep\n|\n|t:|1701067364\n|switch|p1a: Sinistcha|Sinistcha, L50|100\/100\n|-heal|p1b: Ninetales|31\/100|[from] ability: Hospitality|[of] p1a: Sinistcha\n|turn|7\n|\n|t:|1701067379\n|move|p1b: Ninetales|Protect|p1b: Ninetales\n|-singleturn|p1b: Ninetales|Protect\n|move|p2b: Flutter Mane|Dazzling Gleam|p1b: Ninetales|[spread] p1a\n|-activate|p1b: Ninetales|move: Protect\n|-damage|p1a: Sinistcha|61\/100\n|move|p2a: Chi-Yu|Heat Wave|p1a: Sinistcha|[spread] p1a\n|-activate|p1b: Ninetales|move: Protect\n|-supereffective|p1a: Sinistcha\n|-damage|p1a: Sinistcha|0 fnt\n|faint|p1a: Sinistcha\n|\n|-weather|Snow|[upkeep]\n|upkeep\n|turn|8\n|\n|t:|1701067400\n|move|p2b: Flutter Mane|Moonblast|p1b: Ninetales\n|-damage|p1b: Ninetales|0 fnt\n|faint|p1b: Ninetales\n|\n|win|Mallow_sux\n","uploadtime":1701067451,"views":5,"p1id":"miraiburai","p2id":"mallowsux","formatid":"gen9vgc2023regulatione","rating":0,"private":0,"password":""}