{"id":"gen9vgc2023regulatione-1994591503","p1":"Toedscool4school","p2":"TreeHuger3","format":"[Gen 9] VGC 2023 Regulation E","log":"|j|\u2606Toedscool4school\n|j|\u2606TreeHuger3\n|t:|1700465627\n|gametype|doubles\n|player|p1|Toedscool4school|170|1589\n|player|p2|TreeHuger3|265|1608\n|teamsize|p1|6\n|teamsize|p2|6\n|gen|9\n|tier|[Gen 9] VGC 2023 Regulation E\n|rated|\n|rule|Species Clause: Limit one of each Pok\u00e9mon\n|rule|Item Clause: Limit one of each item\n|clearpoke\n|poke|p1|Dragapult, L50, M|\n|poke|p1|Ogerpon-Hearthflame, L50, F|\n|poke|p1|Vivillon, L50, M|\n|poke|p1|Gyarados, L50, M|\n|poke|p1|Ting-Lu, L50|\n|poke|p1|Kingambit, L50, M|\n|poke|p2|Dondozo, L50, F|\n|poke|p2|Tatsugiri, L50, M|\n|poke|p2|Kingambit, L50, F|\n|poke|p2|Weezing, L50, M|\n|poke|p2|Oranguru, L50, M|\n|poke|p2|Ursaluna-Bloodmoon, L50, M|\n|teampreview|4\n|inactive|Battle timer is ON: inactive players will automatically lose when time's up. (requested by TreeHuger3)\nToedscool4school has agreed to open team sheets.\n|inactive|TreeHuger3 has 60 seconds left.\n|\n|t:|1700465681\n|start\n|switch|p1a: Ogerpon|Ogerpon-Hearthflame, L50, F|100\/100\n|switch|p1b: Ting-Lu|Ting-Lu, L50|100\/100\n|switch|p2a: Kingambit|Kingambit, L50, F|100\/100\n|switch|p2b: Oranguru|Oranguru, L50, M|100\/100\n|-ability|p1a: Ogerpon|Mold Breaker\n|-ability|p1b: Ting-Lu|Vessel of Ruin\n|turn|1\n|\n|t:|1700465705\n|-terastallize|p1a: Ogerpon|Fire\n|detailschange|p1a: Ogerpon|Ogerpon-Hearthflame-Tera, L50, F, tera:Fire\n|-ability|p1a: Ogerpon|Embody Aspect (Hearthflame)|boost\n|-boost|p1a: Ogerpon|atk|1\n|move|p1a: Ogerpon|Ivy Cudgel|p2b: Oranguru|[anim] Ivy Cudgel Fire\n|-crit|p2b: Oranguru\n|-damage|p2b: Oranguru|0 fnt\n|faint|p2b: Oranguru\n|move|p2a: Kingambit|Swords Dance|p2a: Kingambit\n|-boost|p2a: Kingambit|atk|2\n|move|p1b: Ting-Lu|Stomping Tantrum|p2a: Kingambit\n|-supereffective|p2a: Kingambit\n|-damage|p2a: Kingambit|43\/100\n|\n|upkeep\n|inactive|TreeHuger3 has 30 seconds left.\n|\n|t:|1700465735\n|switch|p2b: Weezing|Weezing, L50, M|100\/100\n|-ability|p2b: Weezing|Neutralizing Gas\n|turn|2\n|\n|t:|1700465754\n|switch|p1a: Dragapult|Dragapult, L50, M|100\/100\n|move|p2a: Kingambit|Sucker Punch||[still]\n|-fail|p2a: Kingambit\n|move|p2b: Weezing|Will-O-Wisp|p1b: Ting-Lu\n|-status|p1b: Ting-Lu|brn\n|move|p1b: Ting-Lu|Stomping Tantrum|p2a: Kingambit\n|-supereffective|p2a: Kingambit\n|-damage|p2a: Kingambit|15\/100\n|\n|-damage|p1b: Ting-Lu|94\/100 brn|[from] brn\n|upkeep\n|turn|3\n|\n|t:|1700465779\n|-end|p2b: Weezing|ability: Neutralizing Gas\n|-ability|p1b: Ting-Lu|Vessel of Ruin\n|switch|p2b: Ursaluna|Ursaluna-Bloodmoon, L50, M|100\/100\n|move|p1a: Dragapult|Will-O-Wisp|p2a: Kingambit\n|-status|p2a: Kingambit|brn\n|move|p2a: Kingambit|Kowtow Cleave|p1a: Dragapult\n|-supereffective|p1a: Dragapult\n|-damage|p1a: Dragapult|0 fnt\n|faint|p1a: Dragapult\n|move|p1b: Ting-Lu|Ruination|p2b: Ursaluna\n|-damage|p2b: Ursaluna|50\/100\n|\n|-damage|p2a: Kingambit|9\/100 brn|[from] brn\n|-damage|p1b: Ting-Lu|88\/100 brn|[from] brn\n|upkeep\n|\n|t:|1700465793\n|switch|p1a: Ogerpon|Ogerpon-Hearthflame-Tera, L50, F, tera:Fire|100\/100\n|-ability|p1a: Ogerpon|Embody Aspect (Hearthflame)|boost\n|-boost|p1a: Ogerpon|atk|1\n|turn|4\n|inactive|TreeHuger3 has 30 seconds left.\n|\n|t:|1700465818\n|move|p1a: Ogerpon|Spiky Shield|p1a: Ogerpon\n|-singleturn|p1a: Ogerpon|move: Protect\n|move|p2b: Ursaluna|Protect|p2b: Ursaluna\n|-singleturn|p2b: Ursaluna|Protect\n|move|p2a: Kingambit|Sucker Punch||[still]\n|-fail|p2a: Kingambit\n|move|p1b: Ting-Lu|Ruination|p2b: Ursaluna\n|-activate|p2b: Ursaluna|move: Protect\n|\n|-damage|p2a: Kingambit|3\/100 brn|[from] brn\n|-damage|p1b: Ting-Lu|82\/100 brn|[from] brn\n|upkeep\n|turn|5\n|\n|t:|1700465836\n|switch|p2b: Weezing|Weezing, L50, M|100\/100\n|-ability|p2b: Weezing|Neutralizing Gas\n|move|p2a: Kingambit|Sucker Punch|p1a: Ogerpon\n|-damage|p1a: Ogerpon|33\/100\n|move|p1a: Ogerpon|Ivy Cudgel|p2b: Weezing|[anim] Ivy Cudgel Fire\n|-damage|p2b: Weezing|11\/100\n|-enditem|p2b: Weezing|Sitrus Berry|[eat]\n|-heal|p2b: Weezing|36\/100|[from] item: Sitrus Berry\n|move|p1b: Ting-Lu|Payback|p2b: Weezing\n|-damage|p2b: Weezing|25\/100\n|\n|-damage|p2a: Kingambit|0 fnt|[from] brn\n|faint|p2a: Kingambit\n|-damage|p1b: Ting-Lu|76\/100 brn|[from] brn\n|upkeep\n|\n|t:|1700465851\n|switch|p2a: Ursaluna|Ursaluna-Bloodmoon, L50, M|50\/100\n|turn|6\n|\n|t:|1700465859\n|move|p2a: Ursaluna|Protect|p2a: Ursaluna\n|-singleturn|p2a: Ursaluna|Protect\n|move|p1a: Ogerpon|Ivy Cudgel|p2a: Ursaluna|[anim] Ivy Cudgel Fire\n|-activate|p2a: Ursaluna|move: Protect\n|move|p2b: Weezing|Sludge Bomb|p1a: Ogerpon\n|-damage|p1a: Ogerpon|2\/100\n|move|p1b: Ting-Lu|Stomping Tantrum|p2b: Weezing\n|-supereffective|p2b: Weezing\n|-damage|p2b: Weezing|0 fnt\n|faint|p2b: Weezing\n|-end|p2b: Weezing|ability: Neutralizing Gas\n|-ability|p1b: Ting-Lu|Vessel of Ruin\n|\n|-damage|p1b: Ting-Lu|70\/100 brn|[from] brn\n|upkeep\n|turn|7\n|\n|t:|1700465873\n|-terastallize|p2a: Ursaluna|Normal\n|move|p1a: Ogerpon|Horn Leech|p2a: Ursaluna\n|-damage|p2a: Ursaluna|5\/100\n|-heal|p1a: Ogerpon|34\/100|[from] drain|[of] p2a: Ursaluna\n|move|p1b: Ting-Lu|Payback|p2a: Ursaluna\n|-damage|p2a: Ursaluna|0 fnt\n|faint|p2a: Ursaluna\n|\n|win|Toedscool4school\n|raw|Toedscool4school's rating: 1589 &rarr; <strong>1610<\/strong><br \/>(+21 for winning)\n|raw|TreeHuger3's rating: 1608 &rarr; <strong>1587<\/strong><br \/>(-21 for losing)\n|l|\u2606TreeHuger3\n","uploadtime":1700465883,"views":23,"p1id":"toedscool4school","p2id":"treehuger3","formatid":"gen9vgc2023regulatione","rating":1587,"private":0,"password":""}