{"id":"gen9vgc2023regulatione-1990590734","p1":"2 Rocket Goon","p2":"EpicGamer37","format":"[Gen 9] VGC 2023 Regulation E","log":"|j|\u26062 Rocket Goon\n|j|\u2606EpicGamer37\n|t:|1699983943\n|gametype|doubles\n|player|p1|2 Rocket Goon|proton|1028\n|player|p2|EpicGamer37|lucas|1037\n|teamsize|p1|6\n|teamsize|p2|6\n|gen|9\n|tier|[Gen 9] VGC 2023 Regulation E\n|rated|\n|rule|Species Clause: Limit one of each Pok\u00e9mon\n|rule|Item Clause: Limit one of each item\n|clearpoke\n|poke|p1|Snorlax, L50, M|\n|poke|p1|Clefairy, L50, F|\n|poke|p1|Rotom-Heat, L50|\n|poke|p1|Floatzel, L50, F|\n|poke|p1|Falinks, L50|\n|poke|p1|Oranguru, L50, M|\n|poke|p2|Ogerpon-Hearthflame, L50, F|\n|poke|p2|Flutter Mane, L50|\n|poke|p2|Great Tusk, L50|\n|poke|p2|Ninetales, L50, M|\n|poke|p2|Chi-Yu, L50|\n|poke|p2|Volbeat, L50, M|\n|teampreview|4\n|inactive|Battle timer is ON: inactive players will automatically lose when time's up. (requested by EpicGamer37)\n|inactive|2 Rocket Goon also wants the timer to be on.\n|inactive|EpicGamer37 has 60 seconds left.\n|\n|t:|1699983976\n|start\n|switch|p1a: Bringer of Doom|Snorlax, L50, M|100\/100\n|switch|p1b: Helper of Doom|Clefairy, L50, F|100\/100\n|switch|p2a: Volbeat|Volbeat, L50, M, shiny|100\/100\n|switch|p2b: Flutter Mane|Flutter Mane, L50, shiny|100\/100\n|turn|1\n|\n|t:|1699983987\n|move|p1b: Helper of Doom|Follow Me|p1b: Helper of Doom\n|-singleturn|p1b: Helper of Doom|move: Follow Me\n|move|p2a: Volbeat|Taunt|p1b: Helper of Doom\n|-start|p1b: Helper of Doom|move: Taunt\n|move|p2b: Flutter Mane|Imprison|p2b: Flutter Mane\n|-start|p2b: Flutter Mane|move: Imprison\n|move|p1a: Bringer of Doom|Belly Drum|p1a: Bringer of Doom\n|-damage|p1a: Bringer of Doom|51\/100\n|-setboost|p1a: Bringer of Doom|atk|6|[from] move: Belly Drum\n|\n|upkeep\n|turn|2\n|\n|t:|1699984003\n|switch|p1b: Toaster of Doom|Rotom-Heat, L50|100\/100\n|-terastallize|p2b: Flutter Mane|Fairy\n|move|p2a: Volbeat|Tailwind|p2a: Volbeat\n|-sidestart|p2: EpicGamer37|move: Tailwind\n|move|p2b: Flutter Mane|Dazzling Gleam|p1a: Bringer of Doom|[spread] p1a,p1b\n|-resisted|p1b: Toaster of Doom\n|-damage|p1a: Bringer of Doom|17\/100\n|-damage|p1b: Toaster of Doom|61\/100\n|-enditem|p1a: Bringer of Doom|Sitrus Berry|[eat]\n|-heal|p1a: Bringer of Doom|42\/100|[from] item: Sitrus Berry\n|-damage|p2b: Flutter Mane|90\/100|[from] item: Life Orb\n|move|p1a: Bringer of Doom|Earthquake|p2a: Volbeat|[spread] p2a,p2b\n|-immune|p1b: Toaster of Doom|[from] ability: Levitate\n|-resisted|p2a: Volbeat\n|-damage|p2a: Volbeat|56\/100\n|-damage|p2b: Flutter Mane|0 fnt\n|faint|p2b: Flutter Mane\n|-end|p2b: Flutter Mane|Protosynthesis|[silent]\n|\n|upkeep\n|\n|t:|1699984013\n|switch|p2b: Ninetales|Ninetales, L50, M, shiny|100\/100\n|-weather|SunnyDay|[from] ability: Drought|[of] p2b: Ninetales\n|turn|3\n|\n|t:|1699984028\n|move|p2a: Volbeat|Taunt|p1b: Toaster of Doom\n|-start|p1b: Toaster of Doom|move: Taunt\n|move|p2b: Ninetales|Overheat|p1a: Bringer of Doom\n|-damage|p1a: Bringer of Doom|16\/100\n|-unboost|p2b: Ninetales|spa|2\n|-enditem|p2b: Ninetales|Eject Pack\n|\n|t:|1699984034\n|switch|p2b: Great Tusk|Great Tusk, L50, shiny|100\/100\n|-activate|p2b: Great Tusk|ability: Protosynthesis\n|-start|p2b: Great Tusk|protosynthesisatk\n|cant|p1b: Toaster of Doom|move: Taunt|Trick\n|move|p1a: Bringer of Doom|Earthquake|p2b: Great Tusk|[spread] p2a,p2b\n|-immune|p1b: Toaster of Doom|[from] ability: Levitate\n|-resisted|p2a: Volbeat\n|-damage|p2a: Volbeat|13\/100\n|-damage|p2b: Great Tusk|45\/100\n|\n|-weather|SunnyDay|[upkeep]\n|upkeep\n|turn|4\n|\n|t:|1699984053\n|switch|p1b: Helper of Doom|Clefairy, L50, F|100\/100\n|move|p1a: Bringer of Doom|Protect|p1a: Bringer of Doom\n|-singleturn|p1a: Bringer of Doom|Protect\n|move|p2b: Great Tusk|Close Combat|p1a: Bringer of Doom\n|-activate|p1a: Bringer of Doom|move: Protect\n|move|p2a: Volbeat|Struggle Bug|p1b: Helper of Doom|[spread] p1b\n|-activate|p1a: Bringer of Doom|move: Protect\n|-resisted|p1b: Helper of Doom\n|-damage|p1b: Helper of Doom|98\/100\n|-unboost|p1b: Helper of Doom|spa|1\n|\n|-weather|SunnyDay|[upkeep]\n|upkeep\n|turn|5\n|\n|t:|1699984073\n|move|p1b: Helper of Doom|Follow Me|p1b: Helper of Doom\n|-singleturn|p1b: Helper of Doom|move: Follow Me\n|move|p2a: Volbeat|Taunt|p1b: Helper of Doom\n|-start|p1b: Helper of Doom|move: Taunt\n|move|p2b: Great Tusk|Close Combat|p1b: Helper of Doom\n|-resisted|p1b: Helper of Doom\n|-damage|p1b: Helper of Doom|51\/100\n|-unboost|p2b: Great Tusk|def|1\n|-unboost|p2b: Great Tusk|spd|1\n|move|p1a: Bringer of Doom|Facade|p2b: Great Tusk\n|-damage|p2b: Great Tusk|0 fnt\n|faint|p2b: Great Tusk\n|-end|p2b: Great Tusk|Protosynthesis|[silent]\n|\n|-weather|SunnyDay|[upkeep]\n|-sideend|p2: EpicGamer37|move: Tailwind\n|upkeep\n|\n|t:|1699984080\n|switch|p2b: Ninetales|Ninetales, L50, M, shiny|100\/100\n|turn|6\n|-message|EpicGamer37 forfeited.\n|\n|win|2 Rocket Goon\n|raw|2 Rocket Goon's rating: 1028 &rarr; <strong>1065<\/strong><br \/>(+37 for winning)\n|raw|EpicGamer37's rating: 1037 &rarr; <strong>1021<\/strong><br \/>(-16 for losing)\n|l|\u2606EpicGamer37\n|c|\u26062 Rocket Goon|gg\n","uploadtime":1699984103,"views":8,"p1id":"2rocketgoon","p2id":"epicgamer37","formatid":"gen9vgc2023regulatione","rating":1021,"private":0,"password":""}