{"id":"gen9vgc2023regulatione-1993662942","p1":"Anmeythyst","p2":"Piouspoppy41355","format":"[Gen 9] VGC 2023 Regulation E","log":"|j|\u2606Anmeythyst\n|j|\u2606Piouspoppy41355\n|t:|1700342946\n|gametype|doubles\n|player|p1|Anmeythyst|lusamine-masters|1078\n|player|p2|Piouspoppy41355|266|1019\n|teamsize|p1|6\n|teamsize|p2|6\n|gen|9\n|tier|[Gen 9] VGC 2023 Regulation E\n|rated|\n|rule|Species Clause: Limit one of each Pok\u00e9mon\n|rule|Item Clause: Limit one of each item\n|clearpoke\n|poke|p1|Dachsbun, L50, M|\n|poke|p1|Chi-Yu, L50|\n|poke|p1|Chien-Pao, L50|\n|poke|p1|Dragonite, L50, F|\n|poke|p1|Ogerpon-Wellspring, L50, F|\n|poke|p1|Heatran, L50, M|\n|poke|p2|Cloyster, L50, F|\n|poke|p2|Ninetales-Alola, L50, F|\n|poke|p2|Avalugg-Hisui, L50, F|\n|poke|p2|Articuno, L50|\n|poke|p2|Gardevoir, L50, M|\n|poke|p2|Dusknoir, L50, F|\n|teampreview|4\n|\n|t:|1700342971\n|start\n|switch|p1a: Dachsbun|Dachsbun, L50, M|100\/100\n|switch|p1b: Chi-Yu|Chi-Yu, L50|100\/100\n|switch|p2a: Gardevoir|Gardevoir, L50, M, shiny|100\/100\n|switch|p2b: Ninetales|Ninetales-Alola, L50, F, shiny|100\/100\n|-ability|p1b: Chi-Yu|Beads of Ruin\n|-weather|Snow|[from] ability: Snow Warning|[of] p2b: Ninetales\n|-ability|p2a: Gardevoir|Well-Baked Body|[from] ability: Trace|[of] p1a: Dachsbun\n|turn|1\n|\n|t:|1700343009\n|-terastallize|p2b: Ninetales|Water\n|move|p1b: Chi-Yu|Ruination|p2a: Gardevoir\n|-damage|p2a: Gardevoir|51\/100\n|move|p1a: Dachsbun|Play Rough|p2a: Gardevoir\n|-damage|p2a: Gardevoir|13\/100\n|move|p2b: Ninetales|Aurora Veil|p2b: Ninetales\n|-sidestart|p2: Piouspoppy41355|move: Aurora Veil\n|move|p2a: Gardevoir|Trick Room|p2a: Gardevoir\n|-fieldstart|move: Trick Room|[of] p2a: Gardevoir\n|\n|-weather|Snow|[upkeep]\n|upkeep\n|turn|2\n|\n|t:|1700343040\n|move|p2a: Gardevoir|Mystical Fire|p1b: Chi-Yu\n|-resisted|p1b: Chi-Yu\n|-damage|p1b: Chi-Yu|86\/100\n|-unboost|p1b: Chi-Yu|spa|1\n|move|p2b: Ninetales|Tera Blast|p1b: Chi-Yu|[anim] Tera Blast Water\n|-supereffective|p1b: Chi-Yu\n|-damage|p1b: Chi-Yu|25\/100\n|move|p1a: Dachsbun|Play Rough|p2a: Gardevoir\n|-damage|p2a: Gardevoir|0 fnt\n|faint|p2a: Gardevoir\n|move|p1b: Chi-Yu|Ruination|p2b: Ninetales\n|-damage|p2b: Ninetales|50\/100\n|\n|-weather|Snow|[upkeep]\n|upkeep\n|\n|t:|1700343063\n|switch|p2a: Avalugg|Avalugg-Hisui, L50, F|100\/100\n|turn|3\n|\n|t:|1700343072\n|switch|p1b: Dragonite|Dragonite, L50, F|100\/100\n|move|p2a: Avalugg|Ice Spinner|p1a: Dachsbun\n|-damage|p1a: Dachsbun|66\/100\n|move|p2b: Ninetales|Tera Blast|p1b: Dragonite|[anim] Tera Blast Water\n|-resisted|p1b: Dragonite\n|-damage|p1b: Dragonite|95\/100\n|move|p1a: Dachsbun|Body Press|p2a: Avalugg\n|-supereffective|p2a: Avalugg\n|-crit|p2a: Avalugg\n|-damage|p2a: Avalugg|47\/100\n|-damage|p1a: Dachsbun|50\/100|[from] item: Rocky Helmet|[of] p2a: Avalugg\n|\n|-weather|Snow|[upkeep]\n|-heal|p2a: Avalugg|53\/100|[from] ability: Ice Body\n|upkeep\n|turn|4\n|\n|t:|1700343111\n|move|p1a: Dachsbun|Protect|p1a: Dachsbun\n|-singleturn|p1a: Dachsbun|Protect\n|move|p2a: Avalugg|Ice Spinner|p1b: Dragonite\n|-supereffective|p1b: Dragonite\n|-damage|p1b: Dragonite|0 fnt\n|faint|p1b: Dragonite\n|move|p2b: Ninetales|Blizzard|p1a: Dachsbun\n|-activate|p1a: Dachsbun|move: Protect\n|\n|-weather|Snow|[upkeep]\n|-heal|p2a: Avalugg|59\/100|[from] ability: Ice Body\n|upkeep\n|\n|t:|1700343125\n|switch|p1b: Chi-Yu|Chi-Yu, L50|25\/100\n|-ability|p1b: Chi-Yu|Beads of Ruin\n|turn|5\n|\n|t:|1700343136\n|move|p2a: Avalugg|Ice Spinner|p1a: Dachsbun\n|-damage|p1a: Dachsbun|15\/100\n|move|p2b: Ninetales|Tera Blast|p1b: Chi-Yu|[anim] Tera Blast Water\n|-supereffective|p1b: Chi-Yu\n|-damage|p1b: Chi-Yu|0 fnt\n|faint|p1b: Chi-Yu\n|move|p1a: Dachsbun|Body Press|p2a: Avalugg\n|-supereffective|p2a: Avalugg\n|-damage|p2a: Avalugg|37\/100\n|-damage|p1a: Dachsbun|0 fnt|[from] item: Rocky Helmet|[of] p2a: Avalugg\n|faint|p1a: Dachsbun\n|\n|-weather|Snow|[upkeep]\n|-heal|p2a: Avalugg|43\/100|[from] ability: Ice Body\n|-sideend|p2: Piouspoppy41355|move: Aurora Veil\n|-fieldend|move: Trick Room\n|upkeep\n|\n|t:|1700343163\n|switch|p1a: Chien-Pao|Chien-Pao, L50|100\/100\n|-ability|p1a: Chien-Pao|Sword of Ruin\n|turn|6\n|\n|t:|1700343184\n|move|p1a: Chien-Pao|Sucker Punch|p2b: Ninetales\n|-damage|p2b: Ninetales|7\/100\n|move|p2b: Ninetales|Draining Kiss|p1a: Chien-Pao\n|-supereffective|p1a: Chien-Pao\n|-damage|p1a: Chien-Pao|49\/100\n|-heal|p2b: Ninetales|40\/100|[from] drain|[of] p1a: Chien-Pao\n|move|p2a: Avalugg|High Horsepower|p1a: Chien-Pao\n|-damage|p1a: Chien-Pao|26\/100\n|\n|-weather|Snow|[upkeep]\n|-heal|p2a: Avalugg|49\/100|[from] ability: Ice Body\n|upkeep\n|turn|7\n|\n|t:|1700343203\n|-terastallize|p1a: Chien-Pao|Ghost\n|move|p1a: Chien-Pao|Sucker Punch|p2b: Ninetales\n|-damage|p2b: Ninetales|0 fnt\n|faint|p2b: Ninetales\n|move|p2a: Avalugg|High Horsepower|p1a: Chien-Pao\n|-damage|p1a: Chien-Pao|0 fnt\n|faint|p1a: Chien-Pao\n|\n|win|Piouspoppy41355\n|raw|Anmeythyst's rating: 1078 &rarr; <strong>1053<\/strong><br \/>(-25 for losing)\n|raw|Piouspoppy41355's rating: 1019 &rarr; <strong>1062<\/strong><br \/>(+43 for winning)\n|l|\u2606Anmeythyst\n","uploadtime":1700343567,"views":8,"p1id":"anmeythyst","p2id":"piouspoppy41355","formatid":"gen9vgc2023regulatione","rating":1053,"private":0,"password":""}