{"id":"gen9vgc2023regulatione-2000100071","p1":"Blu is Cute","p2":"onehundredgorillas","format":"[Gen 9] VGC 2023 Regulation E","log":"|j|\u2606Blu is Cute\n|j|\u2606onehundredgorillas\n|t:|1701154753\n|gametype|doubles\n|player|p1|Blu is Cute|waitress-gen4|1054\n|player|p2|onehundredgorillas|rancher|1045\n|teamsize|p1|6\n|teamsize|p2|6\n|gen|9\n|tier|[Gen 9] VGC 2023 Regulation E\n|rated|\n|rule|Species Clause: Limit one of each Pok\u00e9mon\n|rule|Item Clause: Limit one of each item\n|clearpoke\n|poke|p1|Enamorus, L50, F|\n|poke|p1|Grimmsnarl, L50, M|\n|poke|p1|Urshifu-*, L50, F|\n|poke|p1|Amoonguss, L50, F|\n|poke|p1|Tornadus, L50, M|\n|poke|p1|Regieleki, L50|\n|poke|p2|Sableye, L50, F|\n|poke|p2|Ninetales-Alola, L50, M|\n|poke|p2|Iron Bundle, L50|\n|poke|p2|Arcanine-Hisui, L50, F|\n|poke|p2|Gholdengo, L50|\n|poke|p2|Ogerpon, L50, F|\n|teampreview|4\nonehundredgorillas has agreed to open team sheets.\n|inactive|Battle timer is ON: inactive players will automatically lose when time's up. (requested by Blu is Cute)\n|\n|t:|1701154846\n|start\n|switch|p1a: Carmen|Enamorus, L50, F|100\/100\n|switch|p1b: Urshifu|Urshifu-Rapid-Strike, L50, F|100\/100\n|switch|p2a: Gholdengo|Gholdengo, L50|100\/100\n|switch|p2b: Sableye|Sableye, L50, F|100\/100\n|turn|1\n|inactive|Blu is Cute has 30 seconds left.\n|inactive|onehundredgorillas has 30 seconds left.\n|inactive|Blu is Cute has 20 seconds left.\n|inactive|onehundredgorillas has 20 seconds left.\n|inactive|Blu is Cute has 15 seconds left.\n|inactive|onehundredgorillas has 15 seconds left.\n|inactive|Blu is Cute has 10 seconds left.\n|inactive|onehundredgorillas has 10 seconds left.\n|\n|t:|1701154895\n|-terastallize|p1a: Carmen|Steel\n|-terastallize|p2a: Gholdengo|Dragon\n|move|p2b: Sableye|Will-O-Wisp|p1b: Urshifu\n|-status|p1b: Urshifu|brn\n|move|p1b: Urshifu|Surging Strikes|p2a: Gholdengo\n|-resisted|p2a: Gholdengo\n|-crit|p2a: Gholdengo\n|-damage|p2a: Gholdengo|96\/100\n|-resisted|p2a: Gholdengo\n|-crit|p2a: Gholdengo\n|-damage|p2a: Gholdengo|91\/100\n|-resisted|p2a: Gholdengo\n|-crit|p2a: Gholdengo\n|-damage|p2a: Gholdengo|86\/100\n|-hitcount|p2a: Gholdengo|3\n|move|p1a: Carmen|Dazzling Gleam|p2a: Gholdengo|[spread] p2a,p2b\n|-supereffective|p2a: Gholdengo\n|-supereffective|p2b: Sableye\n|-damage|p2a: Gholdengo|29\/100\n|-damage|p2b: Sableye|19\/100\n|move|p2a: Gholdengo|Make It Rain|p1a: Carmen|[spread] p1a,p1b\n|-resisted|p1a: Carmen\n|-resisted|p1b: Urshifu\n|-damage|p1a: Carmen|79\/100\n|-damage|p1b: Urshifu|63\/100 brn\n|-unboost|p2a: Gholdengo|spa|1\n|\n|-heal|p2a: Gholdengo|35\/100|[from] item: Leftovers\n|-damage|p1b: Urshifu|56\/100 brn|[from] brn\n|upkeep\n|turn|2\n|inactive|Blu is Cute has 30 seconds left.\n|inactive|onehundredgorillas has 30 seconds left.\n|\n|t:|1701154930\n|switch|p2a: Ninetales|Ninetales-Alola, L50, M|100\/100\n|-weather|Snow|[from] ability: Snow Warning|[of] p2a: Ninetales\n|move|p2b: Sableye|Gravity|p2b: Sableye\n|-fieldstart|move: Gravity\n|move|p1b: Urshifu|Surging Strikes|p2b: Sableye\n|-crit|p2b: Sableye\n|-damage|p2b: Sableye|7\/100\n|-damage|p1b: Urshifu|40\/100 brn|[from] item: Rocky Helmet|[of] p2b: Sableye\n|-crit|p2b: Sableye\n|-damage|p2b: Sableye|0 fnt\n|-damage|p1b: Urshifu|24\/100 brn|[from] item: Rocky Helmet|[of] p2b: Sableye\n|faint|p2b: Sableye\n|-hitcount|p2: Sableye|2\n|move|p1a: Carmen|Dazzling Gleam|p2a: Ninetales\n|-damage|p2a: Ninetales|64\/100\n|\n|-weather|Snow|[upkeep]\n|-damage|p1b: Urshifu|18\/100 brn|[from] brn\n|upkeep\n|\n|t:|1701154949\n|switch|p2b: Iron Bundle|Iron Bundle, L50|100\/100\n|-enditem|p2b: Iron Bundle|Booster Energy\n|-activate|p2b: Iron Bundle|ability: Quark Drive|[fromitem]\n|-start|p2b: Iron Bundle|quarkdrivespe\n|turn|3\n|\n|t:|1701154960\n|move|p2b: Iron Bundle|Aurora Veil|p2b: Iron Bundle\n|-sidestart|p2: onehundredgorillas|move: Aurora Veil\n|move|p1b: Urshifu|Surging Strikes|p2b: Iron Bundle\n|-resisted|p2b: Iron Bundle\n|-crit|p2b: Iron Bundle\n|-damage|p2b: Iron Bundle|97\/100\n|-resisted|p2b: Iron Bundle\n|-crit|p2b: Iron Bundle\n|-damage|p2b: Iron Bundle|92\/100\n|-resisted|p2b: Iron Bundle\n|-crit|p2b: Iron Bundle\n|-damage|p2b: Iron Bundle|88\/100\n|-hitcount|p2b: Iron Bundle|3\n|move|p1a: Carmen|Iron Head|p2a: Ninetales\n|-supereffective|p2a: Ninetales\n|-damage|p2a: Ninetales|0 fnt\n|faint|p2a: Ninetales\n|\n|-weather|Snow|[upkeep]\n|-damage|p1b: Urshifu|12\/100 brn|[from] brn\n|upkeep\n|\n|t:|1701154973\n|switch|p2a: Gholdengo|Gholdengo, L50, tera:Dragon|35\/100\n|turn|4\n|inactive|Blu is Cute has 30 seconds left.\n|inactive|onehundredgorillas has 30 seconds left.\n|inactive|onehundredgorillas has 20 seconds left.\n|\n|t:|1701155008\n|move|p2b: Iron Bundle|Hydro Pump|p1a: Carmen\n|-damage|p1a: Carmen|31\/100\n|move|p1b: Urshifu|Surging Strikes|p2b: Iron Bundle\n|-resisted|p2b: Iron Bundle\n|-crit|p2b: Iron Bundle\n|-damage|p2b: Iron Bundle|84\/100\n|-resisted|p2b: Iron Bundle\n|-crit|p2b: Iron Bundle\n|-damage|p2b: Iron Bundle|81\/100\n|-resisted|p2b: Iron Bundle\n|-crit|p2b: Iron Bundle\n|-damage|p2b: Iron Bundle|76\/100\n|-hitcount|p2b: Iron Bundle|3\n|move|p1a: Carmen|Play Rough|p2a: Gholdengo\n|-supereffective|p2a: Gholdengo\n|-damage|p2a: Gholdengo|0 fnt\n|faint|p2a: Gholdengo\n|\n|-weather|Snow|[upkeep]\n|-damage|p1b: Urshifu|6\/100 brn|[from] brn\n|upkeep\n|turn|5\n|\n|t:|1701155028\n|move|p2b: Iron Bundle|Blizzard|p1a: Carmen|[spread] p1a,p1b\n|-resisted|p1a: Carmen\n|-resisted|p1b: Urshifu\n|-damage|p1a: Carmen|11\/100\n|-damage|p1b: Urshifu|0 fnt\n|faint|p1b: Urshifu\n|move|p1a: Carmen|Iron Head|p2b: Iron Bundle\n|-damage|p2b: Iron Bundle|54\/100\n|\n|-weather|Snow|[upkeep]\n|upkeep\n|\n|t:|1701155033\n|switch|p1b: Regieleki|Regieleki, L50, shiny|100\/100\n|turn|6\n|\n|t:|1701155045\n|move|p2b: Iron Bundle|Blizzard|p1a: Carmen|[spread] p1a,p1b\n|-resisted|p1a: Carmen\n|-damage|p1a: Carmen|0 fnt\n|-damage|p1b: Regieleki|19\/100\n|faint|p1a: Carmen\n|move|p1b: Regieleki|Thunderbolt|p2b: Iron Bundle\n|-supereffective|p2b: Iron Bundle\n|-damage|p2b: Iron Bundle|0 fnt\n|faint|p2b: Iron Bundle\n|-end|p2b: Iron Bundle|Quark Drive|[silent]\n|\n|win|Blu is Cute\n|raw|Blu is Cute's rating: 1054 &rarr; <strong>1085<\/strong><br \/>(+31 for winning)\n|raw|onehundredgorillas's rating: 1045 &rarr; <strong>1029<\/strong><br \/>(-16 for losing)\n","uploadtime":1701155054,"views":13,"p1id":"bluiscute","p2id":"onehundredgorillas","formatid":"gen9vgc2023regulatione","rating":1029,"private":0,"password":""}