{"id":"gen9vgc2023regulatione-1995964681","p1":"KageXIII","p2":"NoBullyImNoob","format":"[Gen 9] VGC 2023 Regulation E","log":"|j|\u2606KageXIII\n|j|\u2606NoBullyImNoob\n|t:|1700622831\n|gametype|doubles\n|player|p1|KageXIII|grimsley-gen7|1153\n|player|p2|NoBullyImNoob|giovanni|1248\n|teamsize|p1|6\n|teamsize|p2|6\n|gen|9\n|tier|[Gen 9] VGC 2023 Regulation E\n|rated|\n|rule|Species Clause: Limit one of each Pok\u00e9mon\n|rule|Item Clause: Limit one of each item\n|clearpoke\n|poke|p1|Sneasler, L50, M|\n|poke|p1|Rillaboom, L50, M|\n|poke|p1|Landorus-Therian, L50, M|\n|poke|p1|Flutter Mane, L50|\n|poke|p1|Ogerpon-Wellspring, L50, F|\n|poke|p1|Heatran, L50, M|\n|poke|p2|Urshifu-*, L50, F|\n|poke|p2|Tornadus, L50, M|\n|poke|p2|Roaring Moon, L50|\n|poke|p2|Flutter Mane, L50|\n|poke|p2|Milotic, L50, M|\n|poke|p2|Iron Hands, L50|\n|teampreview|4\n|\n|t:|1700622852\n|start\n|switch|p1a: Rillaboom|Rillaboom, L50, M|100\/100\n|switch|p1b: Landorus|Landorus-Therian, L50, M|100\/100\n|switch|p2a: Tornadus|Tornadus, L50, M|100\/100\n|switch|p2b: Roaring Moon|Roaring Moon, L50|100\/100\n|-ability|p1b: Landorus|Intimidate|boost\n|-unboost|p2a: Tornadus|atk|1\n|-unboost|p2b: Roaring Moon|atk|1\n|-fieldstart|move: Grassy Terrain|[from] ability: Grassy Surge|[of] p1a: Rillaboom\n|-enditem|p2b: Roaring Moon|Booster Energy\n|-activate|p2b: Roaring Moon|ability: Protosynthesis|[fromitem]\n|-start|p2b: Roaring Moon|protosynthesisspe\n|turn|1\n|inactive|Battle timer is ON: inactive players will automatically lose when time's up. (requested by KageXIII)\n|\n|t:|1700622883\n|move|p2b: Roaring Moon|Protect|p2b: Roaring Moon\n|-singleturn|p2b: Roaring Moon|Protect\n|move|p2a: Tornadus|Tailwind|p2a: Tornadus\n|-sidestart|p2: NoBullyImNoob|move: Tailwind\n|move|p1b: Landorus|U-turn|p2b: Roaring Moon\n|-activate|p2b: Roaring Moon|move: Protect\n|move|p1a: Rillaboom|Drum Beating|p2b: Roaring Moon\n|-activate|p2b: Roaring Moon|move: Protect\n|\n|upkeep\n|turn|2\n|\n|t:|1700622900\n|-terastallize|p2b: Roaring Moon|Flying\n|move|p2a: Tornadus|Rain Dance|p2a: Tornadus\n|-weather|RainDance\n|move|p2b: Roaring Moon|Acrobatics|p1a: Rillaboom\n|-supereffective|p1a: Rillaboom\n|-damage|p1a: Rillaboom|19\/100\n|move|p1b: Landorus|U-turn|p2b: Roaring Moon\n|-resisted|p2b: Roaring Moon\n|-damage|p2b: Roaring Moon|84\/100\n|\n|t:|1700622912\n|switch|p1b: Sneasler|Sneasler, L50, M, shiny|100\/100|[from] U-turn\n|-enditem|p1b: Sneasler|Grassy Seed\n|-boost|p1b: Sneasler|def|1|[from] item: Grassy Seed\n|move|p1a: Rillaboom|Drum Beating|p2b: Roaring Moon\n|-resisted|p2b: Roaring Moon\n|-damage|p2b: Roaring Moon|50\/100\n|-unboost|p2b: Roaring Moon|spe|1\n|\n|-weather|RainDance|[upkeep]\n|-heal|p1a: Rillaboom|25\/100|[from] Grassy Terrain\n|upkeep\n|turn|3\n|inactive|KageXIII has 30 seconds left.\n|\n|t:|1700622941\n|switch|p1a: Landorus|Landorus-Therian, L50, M|100\/100\n|-ability|p1a: Landorus|Intimidate|boost\n|-unboost|p2a: Tornadus|atk|1\n|-unboost|p2b: Roaring Moon|atk|1\n|move|p2b: Roaring Moon|Protect|p2b: Roaring Moon\n|-singleturn|p2b: Roaring Moon|Protect\n|move|p1b: Sneasler|Protect|p1b: Sneasler\n|-singleturn|p1b: Sneasler|Protect\n|move|p2a: Tornadus|Bleakwind Storm|p1a: Landorus|[spread] p1a\n|-activate|p1b: Sneasler|move: Protect\n|-damage|p1a: Landorus|56\/100\n|-unboost|p1a: Landorus|spe|1\n|\n|-weather|RainDance|[upkeep]\n|upkeep\n|turn|4\n|\n|t:|1700622957\n|move|p2b: Roaring Moon|Acrobatics|p1b: Sneasler\n|-supereffective|p1b: Sneasler\n|-damage|p1b: Sneasler|32\/100\n|move|p1b: Sneasler|Acrobatics|p2a: Tornadus\n|-damage|p2a: Tornadus|51\/100\n|move|p2a: Tornadus|Bleakwind Storm|p1b: Sneasler|[spread] p1a,p1b\n|-supereffective|p1b: Sneasler\n|-damage|p1a: Landorus|16\/100\n|-damage|p1b: Sneasler|0 fnt\n|faint|p1b: Sneasler\n|move|p1a: Landorus|Rock Slide|p2b: Roaring Moon|[spread] p2a,p2b\n|-supereffective|p2a: Tornadus\n|-supereffective|p2b: Roaring Moon\n|-damage|p2a: Tornadus|3\/100\n|-damage|p2b: Roaring Moon|0 fnt\n|-enditem|p2a: Tornadus|Sitrus Berry|[eat]\n|-heal|p2a: Tornadus|28\/100|[from] item: Sitrus Berry\n|faint|p2b: Roaring Moon\n|-end|p2b: Roaring Moon|Protosynthesis|[silent]\n|\n|-weather|RainDance|[upkeep]\n|-sideend|p2: NoBullyImNoob|move: Tailwind\n|upkeep\n|\n|t:|1700622975\n|switch|p2b: Dark Urshifu sucks|Urshifu-Rapid-Strike, L50, F|100\/100\n|switch|p1b: Rillaboom|Rillaboom, L50, M|25\/100\n|turn|5\n|\n|t:|1700622992\n|move|p1b: Rillaboom|Fake Out|p2a: Tornadus\n|-damage|p2a: Tornadus|11\/100\n|cant|p2a: Tornadus|flinch\n|move|p2b: Dark Urshifu sucks|Surging Strikes|p1b: Rillaboom\n|-resisted|p1b: Rillaboom\n|-crit|p1b: Rillaboom\n|-damage|p1b: Rillaboom|8\/100\n|-resisted|p1b: Rillaboom\n|-crit|p1b: Rillaboom\n|-damage|p1b: Rillaboom|0 fnt\n|faint|p1b: Rillaboom\n|-hitcount|p1: Rillaboom|2\n|move|p1a: Landorus|Rock Slide|p2a: Tornadus|[spread] p2a,p2b\n|-supereffective|p2a: Tornadus\n|-resisted|p2b: Dark Urshifu sucks\n|-damage|p2a: Tornadus|0 fnt\n|-damage|p2b: Dark Urshifu sucks|91\/100\n|faint|p2a: Tornadus\n|\n|-weather|RainDance|[upkeep]\n|-heal|p2b: Dark Urshifu sucks|96\/100|[from] Grassy Terrain\n|-fieldend|move: Grassy Terrain\n|upkeep\n|\n|t:|1700623009\n|switch|p2a: Brian Hands|Iron Hands, L50|100\/100\n|switch|p1b: Ogerpon|Ogerpon-Wellspring, L50, F|100\/100\n|turn|6\n|inactive|NoBullyImNoob has 30 seconds left.\n|\n|t:|1700623037\n|move|p2a: Brian Hands|Fake Out|p1a: Landorus\n|-damage|p1a: Landorus|1\/100\n|move|p2b: Dark Urshifu sucks|Close Combat|p1b: Ogerpon\n|-damage|p1b: Ogerpon|51\/100\n|-unboost|p2b: Dark Urshifu sucks|def|1\n|-unboost|p2b: Dark Urshifu sucks|spd|1\n|cant|p1a: Landorus|flinch\n|move|p1b: Ogerpon|Horn Leech|p2b: Dark Urshifu sucks\n|-supereffective|p2b: Dark Urshifu sucks\n|-damage|p2b: Dark Urshifu sucks|0 fnt\n|-heal|p1b: Ogerpon|99\/100|[from] drain|[of] p2b: Dark Urshifu sucks\n|faint|p2b: Dark Urshifu sucks\n|\n|-weather|none\n|upkeep\n|turn|7\n|\n|t:|1700623056\n|move|p1a: Landorus|Rock Slide|p2a: Brian Hands\n|-resisted|p2a: Brian Hands\n|-damage|p2a: Brian Hands|90\/100\n|move|p1b: Ogerpon|Ivy Cudgel|p2a: Brian Hands|[anim] Ivy Cudgel Water\n|-damage|p2a: Brian Hands|57\/100\n|move|p2a: Brian Hands|Drain Punch|p1b: Ogerpon\n|-damage|p1b: Ogerpon|71\/100\n|-heal|p2a: Brian Hands|69\/100|[from] drain|[of] p1b: Ogerpon\n|\n|upkeep\n|turn|8\n|\n|t:|1700623068\n|move|p1a: Landorus|Rock Slide|p2a: Brian Hands\n|-resisted|p2a: Brian Hands\n|-crit|p2a: Brian Hands\n|-damage|p2a: Brian Hands|54\/100\n|move|p1b: Ogerpon|Swords Dance|p1b: Ogerpon\n|-boost|p1b: Ogerpon|atk|2\n|cant|p2a: Brian Hands|flinch\n|\n|upkeep\n|turn|9\n|-message|NoBullyImNoob forfeited.\n|\n|win|KageXIII\n|raw|KageXIII's rating: 1153 &rarr; <strong>1185<\/strong><br \/>(+32 for winning)\n|raw|NoBullyImNoob's rating: 1248 &rarr; <strong>1216<\/strong><br \/>(-32 for losing)\n|l|\u2606KageXIII\n|l|\u2606NoBullyImNoob\n|j|\u2606KageXIII\n|player|p1|KageXIII|grimsley-gen7\n","uploadtime":1700623100,"views":8,"p1id":"kagexiii","p2id":"nobullyimnoob","formatid":"gen9vgc2023regulatione","rating":1185,"private":0,"password":""}