{"id":"gen9vgc2023regulatione-1992010178","p1":"GSGPhysical","p2":"bogvi","format":"[Gen 9] VGC 2023 Regulation E","log":"|j|\u2606GSGPhysical\n|j|\u2606bogvi\n|t:|1700147455\n|gametype|doubles\n|player|p1|GSGPhysical|266|1165\n|player|p2|bogvi|volkner|1169\n|teamsize|p1|6\n|teamsize|p2|6\n|gen|9\n|tier|[Gen 9] VGC 2023 Regulation E\n|rated|\n|rule|Species Clause: Limit one of each Pok\u00e9mon\n|rule|Item Clause: Limit one of each item\n|clearpoke\n|poke|p1|Ogerpon-Cornerstone, L50, F|\n|poke|p1|Landorus-Therian, L50, M|\n|poke|p1|Sinistcha-Masterpiece, L50|\n|poke|p1|Houndstone, L50, M|\n|poke|p1|Tyranitar, L50, M|\n|poke|p1|Heatran, L50, M|\n|poke|p2|Tornadus, L50, M|\n|poke|p2|Landorus-Therian, L50, M|\n|poke|p2|Flutter Mane, L50|\n|poke|p2|Ogerpon-Hearthflame, L50, F|\n|poke|p2|Rillaboom, L50, M|\n|poke|p2|Chien-Pao, L50|\n|teampreview|4\n|inactive|Battle timer is ON: inactive players will automatically lose when time's up. (requested by bogvi)\nGSGPhysical rejected open team sheets.\n|inactive|bogvi has 60 seconds left.\n|\n|t:|1700147489\n|start\n|switch|p1a: Tyranitar|Tyranitar, L50, M|100\/100\n|switch|p1b: Houndstone|Houndstone, L50, M|100\/100\n|switch|p2a: Rillaboom|Rillaboom, L50, M|100\/100\n|switch|p2b: Tornadus|Tornadus, L50, M|100\/100\n|-fieldstart|move: Grassy Terrain|[from] ability: Grassy Surge|[of] p2a: Rillaboom\n|-weather|Sandstorm|[from] ability: Sand Stream|[of] p1a: Tyranitar\n|turn|1\n|\n|t:|1700147511\n|switch|p2b: Landorus|Landorus-Therian, L50, M|100\/100\n|-ability|p2b: Landorus|Intimidate|boost\n|-fail|p1a: Tyranitar|unboost|[from] item: Clear Amulet|[of] p1a: Tyranitar\n|-unboost|p1b: Houndstone|atk|1\n|move|p2a: Rillaboom|Fake Out|p1a: Tyranitar\n|-resisted|p1a: Tyranitar\n|-damage|p1a: Tyranitar|95\/100\n|move|p1b: Houndstone|Will-O-Wisp|p2a: Rillaboom\n|-status|p2a: Rillaboom|brn\n|cant|p1a: Tyranitar|flinch\n|\n|-weather|Sandstorm|[upkeep]\n|-damage|p2a: Rillaboom|95\/100 brn|[from] Sandstorm\n|-heal|p2a: Rillaboom|100\/100 brn|[from] Grassy Terrain\n|-heal|p1a: Tyranitar|100\/100|[from] Grassy Terrain\n|-damage|p2a: Rillaboom|95\/100 brn|[from] brn\n|upkeep\n|turn|2\n|\n|t:|1700147531\n|switch|p2b: Ogerpon|Ogerpon-Hearthflame, L50, F|100\/100\n|-ability|p2b: Ogerpon|Mold Breaker\n|move|p1a: Tyranitar|Protect|p1a: Tyranitar\n|-singleturn|p1a: Tyranitar|Protect\n|move|p1b: Houndstone|Will-O-Wisp|p2b: Ogerpon|[miss]\n|-miss|p1b: Houndstone|p2b: Ogerpon\n|move|p2a: Rillaboom|U-turn|p1a: Tyranitar\n|-activate|p1a: Tyranitar|move: Protect\n|\n|-weather|Sandstorm|[upkeep]\n|-damage|p2b: Ogerpon|95\/100|[from] Sandstorm\n|-damage|p2a: Rillaboom|89\/100 brn|[from] Sandstorm\n|-heal|p2b: Ogerpon|100\/100|[from] Grassy Terrain\n|-heal|p2a: Rillaboom|95\/100 brn|[from] Grassy Terrain\n|-damage|p2a: Rillaboom|89\/100 brn|[from] brn\n|upkeep\n|turn|3\n|inactive|GSGPhysical has 30 seconds left.\n|inactive|bogvi has 30 seconds left.\n|\n|t:|1700147565\n|move|p1b: Houndstone|Ally Switch|p1b: Houndstone\n|swap|p1b: Houndstone|0|[from] move: Ally Switch\n|move|p2b: Ogerpon|Grassy Glide|p1a: Houndstone\n|-damage|p1a: Houndstone|61\/100\n|move|p2a: Rillaboom|U-turn|p1a: Houndstone\n|-resisted|p1a: Houndstone\n|-damage|p1a: Houndstone|56\/100\n|\n|t:|1700147573\n|switch|p2a: Landorus|Landorus-Therian, L50, M|100\/100|[from] U-turn\n|-ability|p2a: Landorus|Intimidate|boost\n|-unboost|p1a: Houndstone|atk|1\n|-fail|p1b: Tyranitar|unboost|[from] item: Clear Amulet|[of] p1b: Tyranitar\n|move|p1b: Tyranitar|Rock Slide|p2a: Landorus|[spread] p2a,p2b\n|-supereffective|p2b: Ogerpon\n|-damage|p2a: Landorus|62\/100\n|-damage|p2b: Ogerpon|25\/100\n|\n|-weather|Sandstorm|[upkeep]\n|-damage|p2b: Ogerpon|19\/100|[from] Sandstorm\n|-heal|p1a: Houndstone|63\/100|[from] Grassy Terrain\n|-heal|p2b: Ogerpon|25\/100|[from] Grassy Terrain\n|upkeep\n|turn|4\n|inactive|bogvi has 30 seconds left.\n|\n|t:|1700147600\n|switch|p2a: Tornadus|Tornadus, L50, M|100\/100\n|move|p1b: Tyranitar|Protect|p1b: Tyranitar\n|-singleturn|p1b: Tyranitar|Protect\n|move|p2b: Ogerpon|Grassy Glide|p1b: Tyranitar\n|-activate|p1b: Tyranitar|move: Protect\n|move|p1a: Houndstone|Will-O-Wisp|p2a: Tornadus\n|-status|p2a: Tornadus|brn\n|\n|-weather|Sandstorm|[upkeep]\n|-damage|p2b: Ogerpon|19\/100|[from] Sandstorm\n|-damage|p2a: Tornadus|94\/100 brn|[from] Sandstorm\n|-heal|p1a: Houndstone|69\/100|[from] Grassy Terrain\n|-heal|p2b: Ogerpon|25\/100|[from] Grassy Terrain\n|-damage|p2a: Tornadus|88\/100 brn|[from] brn\n|upkeep\n|turn|5\n|\n|t:|1700147622\n|move|p2b: Ogerpon|Spiky Shield|p2b: Ogerpon\n|-singleturn|p2b: Ogerpon|move: Protect\n|move|p2a: Tornadus|Taunt|p1a: Houndstone\n|-start|p1a: Houndstone|move: Taunt\n|-enditem|p1a: Houndstone|Mental Herb\n|-end|p1a: Houndstone|move: Taunt\n|move|p1a: Houndstone|Last Respects|p2b: Ogerpon\n|-activate|p2b: Ogerpon|move: Protect\n|move|p1b: Tyranitar|Rock Slide|p2a: Tornadus|[spread] p2a\n|-activate|p2b: Ogerpon|move: Protect\n|-supereffective|p2a: Tornadus\n|-damage|p2a: Tornadus|28\/100 brn\n|\n|-weather|none\n|-heal|p1a: Houndstone|75\/100|[from] Grassy Terrain\n|-heal|p2b: Ogerpon|31\/100|[from] Grassy Terrain\n|-damage|p2a: Tornadus|22\/100 brn|[from] brn\n|-fieldend|move: Grassy Terrain\n|upkeep\n|turn|6\n|inactive|GSGPhysical has 30 seconds left.\n|\n|t:|1700147649\n|move|p1a: Houndstone|Ally Switch|p1a: Houndstone\n|swap|p1a: Houndstone|1|[from] move: Ally Switch\n|move|p2a: Tornadus|Taunt|p1b: Houndstone\n|-start|p1b: Houndstone|move: Taunt\n|move|p2b: Ogerpon|Grassy Glide|p1a: Tyranitar\n|-supereffective|p1a: Tyranitar\n|-damage|p1a: Tyranitar|46\/100\n|move|p1a: Tyranitar|Rock Slide|p2a: Tornadus|[spread] p2b\n|-miss|p1a: Tyranitar|p2a: Tornadus\n|-supereffective|p2b: Ogerpon\n|-damage|p2b: Ogerpon|0 fnt\n|faint|p2b: Ogerpon\n|\n|-damage|p2a: Tornadus|16\/100 brn|[from] brn\n|upkeep\n|\n|t:|1700147669\n|switch|p2b: Rillaboom|Rillaboom, L50, M|89\/100 brn\n|-fieldstart|move: Grassy Terrain|[from] ability: Grassy Surge|[of] p2b: Rillaboom\n|turn|7\n|\n|t:|1700147686\n|move|p1a: Tyranitar|Protect|p1a: Tyranitar\n|-singleturn|p1a: Tyranitar|Protect\n|move|p2a: Tornadus|Tailwind|p2a: Tornadus\n|-sidestart|p2: bogvi|move: Tailwind\n|move|p2b: Rillaboom|Wood Hammer|p1a: Tyranitar\n|-activate|p1a: Tyranitar|move: Protect\n|move|p1b: Houndstone|Last Respects|p2a: Tornadus\n|-damage|p2a: Tornadus|8\/100 brn\n|\n|-heal|p2b: Rillaboom|95\/100 brn|[from] Grassy Terrain\n|-heal|p1a: Tyranitar|52\/100|[from] Grassy Terrain\n|-heal|p1b: Houndstone|81\/100|[from] Grassy Terrain\n|-damage|p2a: Tornadus|2\/100 brn|[from] brn\n|-damage|p2b: Rillaboom|89\/100 brn|[from] brn\n|upkeep\n|turn|8\n|inactive|GSGPhysical has 30 seconds left.\n|inactive|GSGPhysical has 20 seconds left.\n|\n|t:|1700147722\n|-terastallize|p1a: Tyranitar|Ghost\n|move|p2a: Tornadus|Taunt|p1a: Tyranitar\n|-start|p1a: Tyranitar|move: Taunt\n|move|p2b: Rillaboom|Wood Hammer|p1a: Tyranitar\n|-damage|p1a: Tyranitar|17\/100\n|-damage|p2b: Rillaboom|79\/100 brn|[from] Recoil\n|move|p1a: Tyranitar|Knock Off|p2b: Rillaboom\n|-damage|p2b: Rillaboom|24\/100 brn\n|-enditem|p2b: Rillaboom|Assault Vest|[from] move: Knock Off|[of] p1a: Tyranitar\n|move|p1b: Houndstone|Last Respects|p2a: Tornadus\n|-damage|p2a: Tornadus|0 fnt\n|faint|p2a: Tornadus\n|\n|-heal|p2b: Rillaboom|30\/100 brn|[from] Grassy Terrain\n|-heal|p1a: Tyranitar|23\/100|[from] Grassy Terrain\n|-heal|p1b: Houndstone|87\/100|[from] Grassy Terrain\n|-damage|p2b: Rillaboom|24\/100 brn|[from] brn\n|upkeep\n|\n|t:|1700147737\n|switch|p2a: Landorus|Landorus-Therian, L50, M|62\/100\n|-ability|p2a: Landorus|Intimidate|boost\n|-fail|p1a: Tyranitar|unboost|[from] item: Clear Amulet|[of] p1a: Tyranitar\n|-unboost|p1b: Houndstone|atk|1\n|turn|9\n|\n|t:|1700147753\n|move|p2a: Landorus|Rock Slide|p1a: Tyranitar|[spread] p1a,p1b\n|-damage|p1a: Tyranitar|6\/100\n|-damage|p1b: Houndstone|68\/100\n|move|p2b: Rillaboom|Wood Hammer|p1b: Houndstone\n|-damage|p1b: Houndstone|29\/100\n|-damage|p2b: Rillaboom|13\/100 brn|[from] Recoil\n|move|p1a: Tyranitar|Rock Slide|p2a: Landorus|[spread] p2a,p2b\n|-damage|p2a: Landorus|26\/100\n|-damage|p2b: Rillaboom|0 fnt\n|faint|p2b: Rillaboom\n|cant|p1b: Houndstone|flinch\n|\n|-heal|p1a: Tyranitar|12\/100|[from] Grassy Terrain\n|-heal|p1b: Houndstone|35\/100|[from] Grassy Terrain\n|-end|p1b: Houndstone|move: Taunt\n|upkeep\n|turn|10\n|\n|t:|1700147777\n|move|p2a: Landorus|Rock Slide|p1a: Tyranitar|[spread] p1a\n|-miss|p2a: Landorus|p1b: Houndstone\n|-damage|p1a: Tyranitar|0 fnt\n|faint|p1a: Tyranitar\n|move|p1b: Houndstone|Will-O-Wisp|p2a: Landorus\n|-status|p2a: Landorus|brn\n|\n|-heal|p1b: Houndstone|41\/100|[from] Grassy Terrain\n|-damage|p2a: Landorus|20\/100 brn|[from] brn\n|-sideend|p2: bogvi|move: Tailwind\n|upkeep\n|-message|bogvi forfeited.\n|\n|win|GSGPhysical\n|raw|GSGPhysical's rating: 1165 &rarr; <strong>1190<\/strong><br \/>(+25 for winning)\n|raw|bogvi's rating: 1169 &rarr; <strong>1144<\/strong><br \/>(-25 for losing)\n|l|\u2606bogvi\n","uploadtime":1700147790,"views":33,"p1id":"gsgphysical","p2id":"bogvi","formatid":"gen9vgc2023regulatione","rating":1144,"private":0,"password":""}