{"id":"gen9vgc2023regulatione-1992411473","p1":"cgabrielfm","p2":"Abro hilo","format":"[Gen 9] VGC 2023 Regulation E","log":"|j|\u2606cgabrielfm\n|j|\u2606Abro hilo\n|t:|1700184459\n|gametype|doubles\n|player|p1|cgabrielfm|acetrainer-gen4dp|1235\n|player|p2|Abro hilo|pilot|1210\n|teamsize|p1|6\n|teamsize|p2|6\n|gen|9\n|tier|[Gen 9] VGC 2023 Regulation E\n|rated|\n|rule|Species Clause: Limit one of each Pok\u00e9mon\n|rule|Item Clause: Limit one of each item\n|clearpoke\n|poke|p1|Volbeat, L50, M|\n|poke|p1|Sneasler, L50, M|\n|poke|p1|Chien-Pao, L50|\n|poke|p1|Arcanine, L50, F|\n|poke|p1|Scream Tail, L50|\n|poke|p1|Roaring Moon, L50|\n|poke|p2|Empoleon, L50, M|\n|poke|p2|Landorus-Therian, L50, M|\n|poke|p2|Sinistcha, L50|\n|poke|p2|Roaring Moon, L50|\n|poke|p2|Arcanine-Hisui, L50, M|\n|poke|p2|Ninetales-Alola, L50, F|\n|teampreview|4\n|inactive|Battle timer is ON: inactive players will automatically lose when time's up. (requested by cgabrielfm)\ncgabrielfm rejected open team sheets.\n|inactive|Abro hilo has 60 seconds left.\n|\n|t:|1700184498\n|start\n|switch|p1a: Volbeat|Volbeat, L50, M, shiny|100\/100\n|switch|p1b: Sneasler|Sneasler, L50, M|100\/100\n|switch|p2a: Arcanine|Arcanine-Hisui, L50, M|100\/100\n|switch|p2b: Empoleon|Empoleon, L50, M|100\/100\n|-ability|p2a: Arcanine|Intimidate|boost\n|-unboost|p1a: Volbeat|atk|1\n|-unboost|p1b: Sneasler|atk|1\n|turn|1\n|\n|t:|1700184514\n|switch|p2b: Landorus|Landorus-Therian, L50, M, shiny|100\/100\n|-ability|p2b: Landorus|Intimidate|boost\n|-unboost|p1a: Volbeat|atk|1\n|-unboost|p1b: Sneasler|atk|1\n|move|p1a: Volbeat|Swagger|p2b: Landorus\n|-boost|p2b: Landorus|atk|2\n|-enditem|p1b: Sneasler|Mirror Herb\n|-boost|p1b: Sneasler|atk|2|[from] item: Mirror Herb\n|-start|p2b: Landorus|confusion\n|move|p1b: Sneasler|Close Combat|p2a: Arcanine\n|-supereffective|p2a: Arcanine\n|-damage|p2a: Arcanine|0 fnt\n|-unboost|p1b: Sneasler|def|1\n|-unboost|p1b: Sneasler|spd|1\n|faint|p2a: Arcanine\n|\n|upkeep\n|\n|t:|1700184528\n|switch|p2a: Sinistcha|Sinistcha, L50|100\/100\n|turn|2\n|\n|t:|1700184538\n|-terastallize|p2b: Landorus|Flying\n|move|p1b: Sneasler|Protect|p1b: Sneasler\n|-singleturn|p1b: Sneasler|Protect\n|move|p2a: Sinistcha|Rage Powder|p2a: Sinistcha\n|-singleturn|p2a: Sinistcha|move: Rage Powder\n|move|p1a: Volbeat|Thunder Wave|p2a: Sinistcha\n|-status|p2a: Sinistcha|par\n|-activate|p2b: Landorus|confusion\n|move|p2b: Landorus|Tera Blast|p1b: Sneasler|[anim] Tera Blast Flying\n|-activate|p1b: Sneasler|move: Protect\n|\n|upkeep\n|turn|3\n|\n|t:|1700184556\n|switch|p1b: Arcanine|Arcanine, L50, F, shiny|100\/100\n|-ability|p1b: Arcanine|Intimidate|boost\n|-unboost|p2a: Sinistcha|atk|1\n|-unboost|p2b: Landorus|atk|1\n|move|p2a: Sinistcha|Rage Powder|p2a: Sinistcha\n|-singleturn|p2a: Sinistcha|move: Rage Powder\n|move|p1a: Volbeat|Encore|p2a: Sinistcha\n|-start|p2a: Sinistcha|Encore\n|-activate|p2b: Landorus|confusion\n|move|p2b: Landorus|Tera Blast|p1b: Arcanine|[anim] Tera Blast Flying\n|-damage|p1b: Arcanine|0 fnt\n|faint|p1b: Arcanine\n|\n|upkeep\n|\n|t:|1700184580\n|switch|p1b: Chien-Pao|Chien-Pao, L50|100\/100\n|-ability|p1b: Chien-Pao|Sword of Ruin\n|turn|4\n|\n|t:|1700184587\n|move|p1b: Chien-Pao|Protect|p1b: Chien-Pao\n|-singleturn|p1b: Chien-Pao|Protect\n|move|p2a: Sinistcha|Rage Powder|p2a: Sinistcha\n|-singleturn|p2a: Sinistcha|move: Rage Powder\n|-activate|p2b: Landorus|confusion\n|move|p2b: Landorus|Tera Blast|p1b: Chien-Pao|[anim] Tera Blast Flying\n|-activate|p1b: Chien-Pao|move: Protect\n|move|p1a: Volbeat|Lunge|p2a: Sinistcha\n|-damage|p2a: Sinistcha|88\/100 par\n|-unboost|p2a: Sinistcha|atk|1\n|-damage|p1a: Volbeat|84\/100|[from] item: Rocky Helmet|[of] p2a: Sinistcha\n|\n|upkeep\n|turn|5\n|inactive|cgabrielfm has 30 seconds left.\n|inactive|cgabrielfm has 20 seconds left.\n|\n|t:|1700184625\n|move|p2a: Sinistcha|Rage Powder|p2a: Sinistcha\n|-singleturn|p2a: Sinistcha|move: Rage Powder\n|move|p1a: Volbeat|Thunder Wave|p2a: Sinistcha\n|-fail|p2a: Sinistcha|par\n|-end|p2b: Landorus|confusion\n|move|p2b: Landorus|Tera Blast|p1b: Chien-Pao|[anim] Tera Blast Flying\n|-enditem|p1b: Chien-Pao|Focus Sash\n|-damage|p1b: Chien-Pao|1\/100\n|move|p1b: Chien-Pao|Ice Spinner|p2a: Sinistcha\n|-supereffective|p2a: Sinistcha\n|-damage|p2a: Sinistcha|0 fnt\n|-damage|p1b: Chien-Pao|0 fnt|[from] item: Rocky Helmet|[of] p2a: Sinistcha\n|faint|p2a: Sinistcha\n|faint|p1b: Chien-Pao\n|\n|upkeep\n|\n|t:|1700184642\n|switch|p1b: Sneasler|Sneasler, L50, M|100\/100\n|switch|p2a: Empoleon|Empoleon, L50, M|100\/100\n|turn|6\n|\n|t:|1700184658\n|move|p1b: Sneasler|Protect|p1b: Sneasler\n|-singleturn|p1b: Sneasler|Protect\n|move|p1a: Volbeat|Thunder Wave|p2b: Landorus\n|-status|p2b: Landorus|par\n|cant|p2b: Landorus|par\n|move|p2a: Empoleon|Flash Cannon|p1a: Volbeat\n|-damage|p1a: Volbeat|37\/100\n|\n|upkeep\n|turn|7\n|inactive|cgabrielfm has 30 seconds left.\n|\n|t:|1700184684\n|-terastallize|p1b: Sneasler|Flying\n|move|p1a: Volbeat|Thunder Wave|p2a: Empoleon\n|-status|p2a: Empoleon|par\n|move|p1b: Sneasler|Acrobatics|p2b: Landorus\n|-damage|p2b: Landorus|33\/100 par\n|move|p2b: Landorus|Tera Blast|p1b: Sneasler|[anim] Tera Blast Flying\n|-damage|p1b: Sneasler|0 fnt\n|faint|p1b: Sneasler\n|cant|p2a: Empoleon|par\n|\n|upkeep\n|turn|8\n|\n|t:|1700184700\n|move|p1a: Volbeat|Encore|p2b: Landorus\n|-start|p2b: Landorus|Encore\n|move|p2b: Landorus|Tera Blast|p1a: Volbeat|[anim] Tera Blast Flying\n|-supereffective|p1a: Volbeat\n|-damage|p1a: Volbeat|0 fnt\n|faint|p1a: Volbeat\n|\n|win|Abro hilo\n|raw|cgabrielfm's rating: 1235 &rarr; <strong>1208<\/strong><br \/>(-27 for losing)\n|raw|Abro hilo's rating: 1210 &rarr; <strong>1237<\/strong><br \/>(+27 for winning)\n|l|\u2606cgabrielfm\n","uploadtime":1700184712,"views":13,"p1id":"cgabrielfm","p2id":"abrohilo","formatid":"gen9vgc2023regulatione","rating":1208,"private":0,"password":""}