{"id":"gen9vgc2023regulatione-1997496482","p1":"5Sscreen","p2":"poopulis","format":"[Gen 9] VGC 2023 Regulation E","log":"|j|\u26065Sscreen\n|j|\u2606poopulis\n|t:|1700815471\n|gametype|doubles\n|player|p1|5Sscreen|pokekid|1299\n|player|p2|poopulis|170|1267\n|teamsize|p1|6\n|teamsize|p2|6\n|gen|9\n|tier|[Gen 9] VGC 2023 Regulation E\n|rated|\n|rule|Species Clause: Limit one of each Pok\u00e9mon\n|rule|Item Clause: Limit one of each item\n|clearpoke\n|poke|p1|Annihilape, L50, F|\n|poke|p1|Sinistcha, L50|\n|poke|p1|Grimmsnarl, L50, M|\n|poke|p1|Landorus-Therian, L50, M|\n|poke|p1|Bellibolt, L50, M|\n|poke|p1|Corviknight, L50, M|\n|poke|p2|Cresselia, L50, F|\n|poke|p2|Ursaluna-Bloodmoon, L50, M|\n|poke|p2|Arcanine-Hisui, L50, M|\n|poke|p2|Tatsugiri-Droopy, L50, M|\n|poke|p2|Dondozo, L50, M|\n|poke|p2|Iron Hands, L50|\n|teampreview|4\n|\n|t:|1700815516\n|start\n|switch|p1a: Grimmsnarl|Grimmsnarl, L50, M, shiny|100\/100\n|switch|p1b: Bellibolt|Bellibolt, L50, M, shiny|100\/100\n|switch|p2a: Cresselia|Cresselia, L50, F, shiny|100\/100\n|switch|p2b: Iron Hands|Iron Hands, L50|100\/100\n|turn|1\n|inactive|Battle timer is ON: inactive players will automatically lose when time's up. (requested by 5Sscreen)\n|\n|t:|1700815543\n|move|p2b: Iron Hands|Fake Out|p1a: Grimmsnarl\n|-damage|p1a: Grimmsnarl|83\/100\n|cant|p1a: Grimmsnarl|flinch\n|move|p1b: Bellibolt|Acid Spray|p2a: Cresselia\n|-damage|p2a: Cresselia|94\/100\n|-unboost|p2a: Cresselia|spd|2\n|move|p2a: Cresselia|Trick Room|p2a: Cresselia\n|-fieldstart|move: Trick Room|[of] p2a: Cresselia\n|\n|upkeep\n|turn|2\n|inactive|poopulis has 30 seconds left.\n|inactive|poopulis has 20 seconds left.\n|\n|t:|1700815581\n|move|p1a: Grimmsnarl|Light Screen|p1a: Grimmsnarl\n|-sidestart|p1: 5Sscreen|move: Light Screen\n|move|p1b: Bellibolt|Acid Spray|p2b: Iron Hands\n|-damage|p2b: Iron Hands|94\/100\n|-unboost|p2b: Iron Hands|spd|2\n|move|p2b: Iron Hands|Drain Punch|p1b: Bellibolt\n|-damage|p1b: Bellibolt|69\/100\n|-heal|p2b: Iron Hands|100\/100|[from] drain|[of] p1b: Bellibolt\n|-start|p1b: Bellibolt|Charge|Drain Punch|[from] ability: Electromorphosis\n|move|p2a: Cresselia|Psychic|p1b: Bellibolt\n|-damage|p1b: Bellibolt|57\/100\n|-start|p1b: Bellibolt|Charge|Psychic|[from] ability: Electromorphosis\n|\n|upkeep\n|turn|3\n|\n|t:|1700815603\n|-end|p2b: Iron Hands|Quark Drive|[silent]\n|switch|p2b: Ursaluna|Ursaluna-Bloodmoon, L50, M|100\/100\n|move|p2a: Cresselia|Protect|p2a: Cresselia\n|-singleturn|p2a: Cresselia|Protect\n|move|p1a: Grimmsnarl|Parting Shot|p2b: Ursaluna\n|-unboost|p2b: Ursaluna|atk|1\n|-unboost|p2b: Ursaluna|spa|1\n|\n|t:|1700815623\n|switch|p1a: Annihilape|Annihilape, L50, F|100\/100|[from] Parting Shot\n|move|p1b: Bellibolt|Parabolic Charge|p2b: Ursaluna|[spread] p1a\n|-activate|p2a: Cresselia|move: Protect\n|-immune|p2b: Ursaluna\n|-damage|p1a: Annihilape|81\/100\n|-heal|p1b: Bellibolt|67\/100|[from] drain|[of] p1a: Annihilape\n|-end|p1b: Bellibolt|Charge|[silent]\n|\n|-heal|p1a: Annihilape|87\/100|[from] item: Leftovers\n|upkeep\n|turn|4\n|inactive|poopulis has 30 seconds left.\n|\n|t:|1700815651\n|-terastallize|p2b: Ursaluna|Poison\n|move|p1a: Annihilape|Protect|p1a: Annihilape\n|-singleturn|p1a: Annihilape|Protect\n|move|p1b: Bellibolt|Muddy Water|p2b: Ursaluna|[spread] p2a,p2b\n|-damage|p2a: Cresselia|73\/100\n|-damage|p2b: Ursaluna|83\/100\n|-unboost|p2a: Cresselia|accuracy|1\n|move|p2b: Ursaluna|Calm Mind|p2b: Ursaluna\n|-boost|p2b: Ursaluna|spa|1\n|-boost|p2b: Ursaluna|spd|1\n|move|p2a: Cresselia|Psychic|p1a: Annihilape\n|-activate|p1a: Annihilape|move: Protect\n|\n|-heal|p2b: Ursaluna|89\/100|[from] item: Leftovers\n|-heal|p1a: Annihilape|93\/100|[from] item: Leftovers\n|upkeep\n|turn|5\n|inactive|5Sscreen has 30 seconds left.\n|\n|t:|1700815679\n|move|p1b: Bellibolt|Acid Spray|p2b: Ursaluna\n|-resisted|p2b: Ursaluna\n|-damage|p2b: Ursaluna|86\/100\n|-unboost|p2b: Ursaluna|spd|2\n|move|p2b: Ursaluna|Calm Mind|p2b: Ursaluna\n|-boost|p2b: Ursaluna|spa|1\n|-boost|p2b: Ursaluna|spd|1\n|move|p2a: Cresselia|Lunar Blessing|p2a: Cresselia|[spread] p2a,p2b\n|-heal|p2a: Cresselia|98\/100\n|-heal|p2b: Ursaluna|100\/100\n|move|p1a: Annihilape|Rage Fist|p2a: Cresselia\n|-supereffective|p2a: Cresselia\n|-damage|p2a: Cresselia|39\/100\n|\n|-heal|p1a: Annihilape|99\/100|[from] item: Leftovers\n|-fieldend|move: Trick Room\n|upkeep\n|turn|6\n|inactive|5Sscreen has 30 seconds left.\n|inactive|5Sscreen has 20 seconds left.\n|inactive|5Sscreen has 15 seconds left.\n|inactive|poopulis has 30 seconds left.\n|\n|t:|1700815732\n|move|p2a: Cresselia|Protect|p2a: Cresselia\n|-singleturn|p2a: Cresselia|Protect\n|move|p1a: Annihilape|Rage Fist|p2a: Cresselia\n|-activate|p2a: Cresselia|move: Protect\n|move|p2b: Ursaluna|Blood Moon|p1b: Bellibolt\n|-damage|p1b: Bellibolt|16\/100\n|-start|p1b: Bellibolt|Charge|Blood Moon|[from] ability: Electromorphosis\n|move|p1b: Bellibolt|Parabolic Charge|p2b: Ursaluna|[spread] p1a,p2b\n|-activate|p2a: Cresselia|move: Protect\n|-damage|p1a: Annihilape|80\/100\n|-heal|p1b: Bellibolt|26\/100|[from] drain|[of] p1a: Annihilape\n|-damage|p2b: Ursaluna|64\/100\n|-heal|p1b: Bellibolt|44\/100|[from] drain|[of] p2b: Ursaluna\n|-end|p1b: Bellibolt|Charge|[silent]\n|\n|-heal|p1a: Annihilape|86\/100|[from] item: Leftovers\n|-heal|p2b: Ursaluna|70\/100|[from] item: Leftovers\n|upkeep\n|turn|7\n|inactive|5Sscreen has 30 seconds left.\n|inactive|poopulis has 30 seconds left.\n|inactive|5Sscreen has 20 seconds left.\n|\n|t:|1700815768\n|switch|p2a: Iron Hands|Iron Hands, L50|100\/100\n|move|p2b: Ursaluna|Protect|p2b: Ursaluna\n|-singleturn|p2b: Ursaluna|Protect\n|move|p1a: Annihilape|Rage Fist|p2b: Ursaluna\n|-activate|p2b: Ursaluna|move: Protect\n|move|p1b: Bellibolt|Parabolic Charge|p2b: Ursaluna|[spread] p1a,p2a\n|-activate|p2b: Ursaluna|move: Protect\n|-resisted|p2a: Iron Hands\n|-damage|p1a: Annihilape|75\/100\n|-heal|p1b: Bellibolt|50\/100|[from] drain|[of] p1a: Annihilape\n|-damage|p2a: Iron Hands|95\/100\n|-heal|p1b: Bellibolt|52\/100|[from] drain|[of] p2a: Iron Hands\n|\n|-heal|p1a: Annihilape|82\/100|[from] item: Leftovers\n|-heal|p2b: Ursaluna|76\/100|[from] item: Leftovers\n|upkeep\n|turn|8\n|inactive|poopulis has 30 seconds left.\n|\n|t:|1700815798\n|switch|p1b: Corviknight|Corviknight, L50, M, shiny|100\/100\n|move|p2a: Iron Hands|Fake Out|p1b: Corviknight\n|-resisted|p1b: Corviknight\n|-damage|p1b: Corviknight|96\/100\n|-damage|p2a: Iron Hands|79\/100|[from] item: Rocky Helmet|[of] p1b: Corviknight\n|move|p1a: Annihilape|Rage Fist|p2b: Ursaluna\n|-damage|p2b: Ursaluna|3\/100\n|move|p2b: Ursaluna|Earth Power|p1b: Corviknight\n|-immune|p1b: Corviknight\n|\n|-heal|p1a: Annihilape|88\/100|[from] item: Leftovers\n|-heal|p2b: Ursaluna|9\/100|[from] item: Leftovers\n|upkeep\n|turn|9\n|inactive|5Sscreen has 30 seconds left.\n|\n|t:|1700815826\n|move|p2b: Ursaluna|Protect|p2b: Ursaluna\n|-singleturn|p2b: Ursaluna|Protect\n|move|p1a: Annihilape|Rage Fist|p2a: Iron Hands\n|-damage|p2a: Iron Hands|9\/100\n|move|p1b: Corviknight|Brave Bird|p2b: Ursaluna\n|-activate|p2b: Ursaluna|move: Protect\n|move|p2a: Iron Hands|Wild Charge|p1a: Annihilape\n|-damage|p1a: Annihilape|34\/100\n|-damage|p2a: Iron Hands|0 fnt|[from] Recoil\n|faint|p2a: Iron Hands\n|-end|p2a: Iron Hands|Quark Drive|[silent]\n|\n|-heal|p1a: Annihilape|40\/100|[from] item: Leftovers\n|-heal|p2b: Ursaluna|15\/100|[from] item: Leftovers\n|-sideend|p1: 5Sscreen|move: Light Screen\n|upkeep\n|\n|t:|1700815837\n|switch|p2a: Arcanine|Arcanine-Hisui, L50, M|100\/100\n|-ability|p2a: Arcanine|Intimidate|boost\n|-unboost|p1a: Annihilape|atk|1\n|-ability|p1a: Annihilape|Defiant|boost\n|-boost|p1a: Annihilape|atk|2\n|-ability|p1b: Corviknight|Mirror Armor\n|-unboost|p2a: Arcanine|atk|1\n|turn|10\n|inactive|5Sscreen has 30 seconds left.\n|\n|t:|1700815865\n|-terastallize|p1b: Corviknight|Dragon\n|move|p1a: Annihilape|Protect|p1a: Annihilape\n|-singleturn|p1a: Annihilape|Protect\n|move|p2a: Arcanine|Rock Slide|p1a: Annihilape|[spread] p1b\n|-activate|p1a: Annihilape|move: Protect\n|-damage|p1b: Corviknight|78\/100\n|move|p1b: Corviknight|Brave Bird|p2b: Ursaluna\n|-damage|p2b: Ursaluna|0 fnt\n|faint|p2b: Ursaluna\n|-damage|p1b: Corviknight|72\/100|[from] Recoil\n|\n|-heal|p1a: Annihilape|47\/100|[from] item: Leftovers\n|upkeep\n|\n|t:|1700815874\n|switch|p2b: Cresselia|Cresselia, L50, F, shiny|39\/100\n|turn|11\n|inactive|5Sscreen has 30 seconds left.\n|\n|t:|1700815903\n|switch|p1a: Grimmsnarl|Grimmsnarl, L50, M, shiny|83\/100\n|move|p2b: Cresselia|Protect|p2b: Cresselia\n|-singleturn|p2b: Cresselia|Protect\n|move|p2a: Arcanine|Rock Slide|p1a: Grimmsnarl|[spread] p1a\n|-miss|p2a: Arcanine|p1b: Corviknight\n|-damage|p1a: Grimmsnarl|51\/100\n|move|p1b: Corviknight|Body Press|p2a: Arcanine\n|-supereffective|p2a: Arcanine\n|-damage|p2a: Arcanine|42\/100\n|\n|upkeep\n|turn|12\n|-message|poopulis forfeited.\n|\n|win|5Sscreen\n|raw|5Sscreen's rating: 1299 &rarr; <strong>1322<\/strong><br \/>(+23 for winning)\n|raw|poopulis's rating: 1267 &rarr; <strong>1244<\/strong><br \/>(-23 for losing)\n|l|\u2606poopulis\n","uploadtime":1700815921,"views":17,"p1id":"5sscreen","p2id":"poopulis","formatid":"gen9vgc2023regulatione","rating":1244,"private":0,"password":""}