{"id":"gen9vgc2023regulatione-1993254149","p1":"LookItUpVGC","p2":"Darth33","format":"[Gen 9] VGC 2023 Regulation E","log":"|j|\u2606LookItUpVGC\n|j|\u2606Darth33\n|n|\u2606LookItUpVGC|lookitupvgc\n|n|\u2606Darth33|darth33\n|html|View the match progress at <a href=\"\/game-bestof3-gen9vgc2023regulatione-1993251056\">game-bestof3-gen9vgc2023regulatione-1993251056<\/a>\n|t:|1700284865\n|gametype|doubles\n|player|p1|LookItUpVGC|falkner|\n|player|p2|Darth33|doctor|\n|teamsize|p1|6\n|teamsize|p2|6\n|gen|9\n|tier|[Gen 9] VGC 2023 Regulation E\n|rule|Species Clause: Limit one of each Pok\u00e9mon\n|rule|Item Clause: Limit one of each item\n|clearpoke\n|poke|p1|Sinistcha, L50|\n|poke|p1|Ninetales-Alola, L50, M|\n|poke|p1|Cetitan, L50, M|\n|poke|p1|Fletchinder, L50, M|\n|poke|p1|Annihilape, L50, M|\n|poke|p1|Maushold-Four, L50|\n|poke|p2|Hydreigon, L50, F|\n|poke|p2|Armarouge, L50, M|\n|poke|p2|Indeedee, L50, M|\n|poke|p2|Tornadus, L50, M|\n|poke|p2|Cresselia, L50, F|\n|poke|p2|Bisharp, L50, F|\n|teampreview|4\n|inactive|Battle timer is ON: inactive players will automatically lose when time's up. (requested by LookItUpVGC)\nLookItUpVGC rejected open team sheets.\n|inactive|Darth33 has 60 seconds left.\n|\n|t:|1700284902\n|start\n|switch|p1a: Give them a cookie|Maushold-Four, L50|100\/100\n|switch|p1b: Furious George|Annihilape, L50, M|100\/100\n|switch|p2a: Tornadus|Tornadus, L50, M|100\/100\n|switch|p2b: Armarouge|Armarouge, L50, M|100\/100\n|turn|1\n|\n|t:|1700284918\n|-terastallize|p1b: Furious George|Dark\n|move|p2b: Armarouge|Protect|p2b: Armarouge\n|-singleturn|p2b: Armarouge|Protect\n|move|p2a: Tornadus|Tailwind|p2a: Tornadus\n|-sidestart|p2: Darth33|move: Tailwind\n|move|p1a: Give them a cookie|Beat Up|p1b: Furious George\n|-resisted|p1b: Furious George\n|-damage|p1b: Furious George|99\/100\n|-resisted|p1b: Furious George\n|-damage|p1b: Furious George|99\/100\n|-resisted|p1b: Furious George\n|-damage|p1b: Furious George|98\/100\n|-resisted|p1b: Furious George\n|-damage|p1b: Furious George|97\/100\n|-hitcount|p1b: Furious George|4\n|move|p1b: Furious George|Rage Fist|p2b: Armarouge\n|-activate|p2b: Armarouge|move: Protect\n|\n|upkeep\n|turn|2\n|\n|t:|1700284932\n|move|p1a: Give them a cookie|Protect|p1a: Give them a cookie\n|-singleturn|p1a: Give them a cookie|Protect\n|move|p2a: Tornadus|Bleakwind Storm|p1a: Give them a cookie|[spread] p1b\n|-activate|p1a: Give them a cookie|move: Protect\n|-damage|p1b: Furious George|83\/100\n|move|p2b: Armarouge|Heat Wave|p1b: Furious George|[spread] p1b\n|-activate|p1a: Give them a cookie|move: Protect\n|-damage|p1b: Furious George|63\/100\n|-damage|p2b: Armarouge|91\/100|[from] item: Life Orb\n|move|p1b: Furious George|Rage Fist|p2b: Armarouge\n|-supereffective|p2b: Armarouge\n|-damage|p2b: Armarouge|0 fnt\n|faint|p2b: Armarouge\n|\n|upkeep\n|\n|t:|1700284945\n|switch|p2b: Hydreigon|Hydreigon, L50, F|100\/100\n|turn|3\n|\n|t:|1700284968\n|-terastallize|p2b: Hydreigon|Poison\n|move|p1a: Give them a cookie|Follow Me|p1a: Give them a cookie\n|-singleturn|p1a: Give them a cookie|move: Follow Me\n|move|p2a: Tornadus|Bleakwind Storm|p1b: Furious George|[spread] p1a\n|-miss|p2a: Tornadus|p1b: Furious George\n|-damage|p1a: Give them a cookie|49\/100\n|move|p2b: Hydreigon|Heat Wave|p1a: Give them a cookie|[spread] p1a,p1b\n|-damage|p1a: Give them a cookie|21\/100\n|-damage|p1b: Furious George|53\/100\n|move|p1b: Furious George|Rage Fist|p2a: Tornadus\n|-damage|p2a: Tornadus|0 fnt\n|faint|p2a: Tornadus\n|\n|upkeep\n|\n|t:|1700284976\n|switch|p2a: Cresselia|Cresselia, L50, F|100\/100\n|turn|4\n|\n|t:|1700284987\n|move|p1a: Give them a cookie|Protect|p1a: Give them a cookie\n|-singleturn|p1a: Give them a cookie|Protect\n|move|p2b: Hydreigon|Heat Wave|p1b: Furious George|[spread] p1b\n|-activate|p1a: Give them a cookie|move: Protect\n|-damage|p1b: Furious George|43\/100\n|move|p2a: Cresselia|Lunar Blessing||[still]|[spread] \n|-fail|p2a: Cresselia\n|move|p1b: Furious George|Rage Fist|p2a: Cresselia\n|-supereffective|p2a: Cresselia\n|-damage|p2a: Cresselia|0 fnt\n|faint|p2a: Cresselia\n|\n|-sideend|p2: Darth33|move: Tailwind\n|upkeep\n|turn|5\n|\n|t:|1700284997\n|move|p1a: Give them a cookie|Follow Me|p1a: Give them a cookie\n|-singleturn|p1a: Give them a cookie|move: Follow Me\n|move|p2b: Hydreigon|Heat Wave|p1b: Furious George|[spread] p1a,p1b\n|-damage|p1a: Give them a cookie|0 fnt\n|-damage|p1b: Furious George|34\/100\n|faint|p1a: Give them a cookie\n|move|p1b: Furious George|Rage Fist|p2b: Hydreigon\n|-damage|p2b: Hydreigon|0 fnt\n|faint|p2b: Hydreigon\n|\n|win|LookItUpVGC\n|c|\u2606LookItUpVGC|ggs\n","uploadtime":1700285002,"views":32,"p1id":"lookitupvgc","p2id":"darth33","formatid":"gen9vgc2023regulatione","rating":0,"private":0,"password":""}