{"id":"gen9vgc2023regulatione-1990622845","p1":"guillespia","p2":"leolc0926","format":"[Gen 9] VGC 2023 Regulation E","log":"|j|\u2606guillespia\n|j|\u2606leolc0926\n|t:|1699986526\n|gametype|doubles\n|player|p1|guillespia|102|1441\n|player|p2|leolc0926|steven|1557\n|teamsize|p1|6\n|teamsize|p2|6\n|gen|9\n|tier|[Gen 9] VGC 2023 Regulation E\n|rated|\n|rule|Species Clause: Limit one of each Pok\u00e9mon\n|rule|Item Clause: Limit one of each item\n|clearpoke\n|poke|p1|Tatsugiri, L50, F|\n|poke|p1|Dondozo, L50, M|\n|poke|p1|Tornadus, L50, M|\n|poke|p1|Iron Hands, L50|\n|poke|p1|Ogerpon-Hearthflame, L50, F|\n|poke|p1|Glimmora, L50, M|\n|poke|p2|Indeedee-F, L50, F|\n|poke|p2|Armarouge, L50, M|\n|poke|p2|Torkoal, L50, M|\n|poke|p2|Kingambit, L50, F|\n|poke|p2|Enamorus-Therian, L50, F|\n|poke|p2|Lilligant-Hisui, L50, F|\n|teampreview|4\nleolc0926 has agreed to open team sheets.\n|inactive|Battle timer is ON: inactive players will automatically lose when time's up. (requested by leolc0926)\n|\n|t:|1699986587\n|start\n|switch|p1a: Tornadus|Tornadus, L50, M|100\/100\n|switch|p1b: Glimmora|Glimmora, L50, M|100\/100\n|switch|p2a: \u7ba1\u4e8b\u4fa0|Indeedee-F, L50, F|100\/100\n|switch|p2b: \u30b0\u30ec\u30f3\u30a2\u30eb\u30de|Armarouge, L50, M|100\/100\n|-fieldstart|move: Psychic Terrain|[from] ability: Psychic Surge|[of] p2a: \u7ba1\u4e8b\u4fa0\n|-enditem|p2a: \u7ba1\u4e8b\u4fa0|Psychic Seed\n|-boost|p2a: \u7ba1\u4e8b\u4fa0|spd|1|[from] item: Psychic Seed\n|turn|1\n|inactive|guillespia has 30 seconds left.\n|inactive|guillespia has 20 seconds left.\n|\n|t:|1699986625\n|switch|p1a: Dondozo|Dondozo, L50, M|100\/100\n|move|p1b: Glimmora|Mortal Spin|p2b: \u30b0\u30ec\u30f3\u30a2\u30eb\u30de|[spread] p2a,p2b\n|-damage|p2a: \u7ba1\u4e8b\u4fa0|97\/100\n|-damage|p2b: \u30b0\u30ec\u30f3\u30a2\u30eb\u30de|96\/100\n|-status|p2a: \u7ba1\u4e8b\u4fa0|psn\n|-status|p2b: \u30b0\u30ec\u30f3\u30a2\u30eb\u30de|psn\n|move|p2b: \u30b0\u30ec\u30f3\u30a2\u30eb\u30de|Expanding Force|p1b: Glimmora|[spread] p1a,p1b\n|-supereffective|p1b: Glimmora\n|-damage|p1a: Dondozo|14\/100\n|-damage|p1b: Glimmora|0 fnt\n|faint|p1b: Glimmora\n|-damage|p2b: \u30b0\u30ec\u30f3\u30a2\u30eb\u30de|86\/100 psn|[from] item: Life Orb\n|move|p2a: \u7ba1\u4e8b\u4fa0|Trick Room|p2a: \u7ba1\u4e8b\u4fa0\n|-fieldstart|move: Trick Room|[of] p2a: \u7ba1\u4e8b\u4fa0\n|\n|-heal|p1a: Dondozo|20\/100|[from] item: Leftovers\n|-damage|p2a: \u7ba1\u4e8b\u4fa0|84\/100 psn|[from] psn\n|-damage|p2b: \u30b0\u30ec\u30f3\u30a2\u30eb\u30de|74\/100 psn|[from] psn\n|upkeep\n|inactive|guillespia has 30 seconds left.\n|\n|t:|1699986651\n|switch|p1b: Tornadus|Tornadus, L50, M|100\/100\n|turn|2\n|inactive|leolc0926 has 30 seconds left.\n|\n|t:|1699986682\n|switch|p1b: Tatsugiri|Tatsugiri, L50, F|100\/100\n|-activate|p1b: Tatsugiri|ability: Commander|[of] p1a: Dondozo\n|-boost|p1a: Dondozo|atk|2\n|-boost|p1a: Dondozo|spa|2\n|-boost|p1a: Dondozo|spe|2\n|-boost|p1a: Dondozo|def|2\n|-boost|p1a: Dondozo|spd|2\n|-terastallize|p2b: \u30b0\u30ec\u30f3\u30a2\u30eb\u30de|Grass\n|move|p2a: \u7ba1\u4e8b\u4fa0|Helping Hand|p2b: \u30b0\u30ec\u30f3\u30a2\u30eb\u30de\n|-singleturn|p2b: \u30b0\u30ec\u30f3\u30a2\u30eb\u30de|Helping Hand|[of] p2a: \u7ba1\u4e8b\u4fa0\n|move|p1a: Dondozo|Protect|p1a: Dondozo\n|-singleturn|p1a: Dondozo|Protect\n|move|p2b: \u30b0\u30ec\u30f3\u30a2\u30eb\u30de|Expanding Force|p1b: Tatsugiri|[spread] \n|-miss|p2b: \u30b0\u30ec\u30f3\u30a2\u30eb\u30de|p1b: Tatsugiri\n|-activate|p1a: Dondozo|move: Protect\n|\n|-heal|p1a: Dondozo|27\/100|[from] item: Leftovers\n|-damage|p2a: \u7ba1\u4e8b\u4fa0|72\/100 psn|[from] psn\n|-damage|p2b: \u30b0\u30ec\u30f3\u30a2\u30eb\u30de|62\/100 psn|[from] psn\n|upkeep\n|turn|3\n|inactive|guillespia has 30 seconds left.\n|inactive|guillespia has 20 seconds left.\n|\n|t:|1699986717\n|switch|p2a: \u7737\u604b\u4fa0|Enamorus-Therian, L50, F|100\/100\n|move|p2b: \u30b0\u30ec\u30f3\u30a2\u30eb\u30de|Expanding Force|p1a: Dondozo|[spread] p1a\n|-miss|p2b: \u30b0\u30ec\u30f3\u30a2\u30eb\u30de|p1b: Tatsugiri\n|-damage|p1a: Dondozo|0 fnt\n|faint|p1a: Dondozo\n|-damage|p2b: \u30b0\u30ec\u30f3\u30a2\u30eb\u30de|52\/100 psn|[from] item: Life Orb\n|\n|-damage|p2b: \u30b0\u30ec\u30f3\u30a2\u30eb\u30de|40\/100 psn|[from] psn\n|upkeep\n|\n|t:|1699986725\n|switch|p1a: Tornadus|Tornadus, L50, M|100\/100\n|turn|4\n|\n|t:|1699986741\n|-terastallize|p1a: Tornadus|Steel\n|move|p1b: Tatsugiri|Protect|p1b: Tatsugiri\n|-singleturn|p1b: Tatsugiri|Protect\n|move|p2a: \u7737\u604b\u4fa0|Dazzling Gleam|p1b: Tatsugiri|[spread] p1a\n|-activate|p1b: Tatsugiri|move: Protect\n|-resisted|p1a: Tornadus\n|-crit|p1a: Tornadus\n|-damage|p1a: Tornadus|66\/100\n|move|p2b: \u30b0\u30ec\u30f3\u30a2\u30eb\u30de|Expanding Force|p1a: Tornadus|[spread] p1a\n|-activate|p1b: Tatsugiri|move: Protect\n|-resisted|p1a: Tornadus\n|-damage|p1a: Tornadus|21\/100\n|-damage|p2b: \u30b0\u30ec\u30f3\u30a2\u30eb\u30de|31\/100 psn|[from] item: Life Orb\n|move|p1a: Tornadus|Bleakwind Storm|p2a: \u7737\u604b\u4fa0|[spread] p2b\n|-miss|p1a: Tornadus|p2a: \u7737\u604b\u4fa0\n|-supereffective|p2b: \u30b0\u30ec\u30f3\u30a2\u30eb\u30de\n|-damage|p2b: \u30b0\u30ec\u30f3\u30a2\u30eb\u30de|0 fnt\n|faint|p2b: \u30b0\u30ec\u30f3\u30a2\u30eb\u30de\n|\n|upkeep\n|\n|t:|1699986749\n|switch|p2b: \u55b7\u706b\u4fa0|Torkoal, L50, M|100\/100\n|-weather|SunnyDay|[from] ability: Drought|[of] p2b: \u55b7\u706b\u4fa0\n|turn|5\n|inactive|guillespia has 30 seconds left.\n|inactive|guillespia has 20 seconds left.\n|\n|t:|1699986788\n|move|p1a: Tornadus|Rain Dance|p1a: Tornadus\n|-weather|RainDance\n|move|p2b: \u55b7\u706b\u4fa0|Eruption|p1a: Tornadus|[spread] p1a,p1b\n|-supereffective|p1a: Tornadus\n|-resisted|p1b: Tatsugiri\n|-damage|p1a: Tornadus|0 fnt\n|-damage|p1b: Tatsugiri|91\/100\n|faint|p1a: Tornadus\n|move|p2a: \u7737\u604b\u4fa0|Moonblast|p1b: Tatsugiri\n|-supereffective|p1b: Tatsugiri\n|-damage|p1b: Tatsugiri|0 fnt\n|faint|p1b: Tatsugiri\n|\n|win|leolc0926\n|raw|guillespia's rating: 1441 &rarr; <strong>1427<\/strong><br \/>(-14 for losing)\n|raw|leolc0926's rating: 1557 &rarr; <strong>1571<\/strong><br \/>(+14 for winning)\n|c|\u2606leolc0926|gg\n|l|\u2606guillespia\n","uploadtime":1699986801,"views":11,"p1id":"guillespia","p2id":"leolc0926","formatid":"gen9vgc2023regulatione","rating":1427,"private":0,"password":""}