{"id":"gen9vgc2023regulatione-1988889616","p1":"tortwig","p2":"Cinarguncavdi2231","format":"[Gen 9] VGC 2023 Regulation E","log":"|j|\u2606tortwig\n|j|\u2606Cinarguncavdi2231\n|t:|1699781912\n|gametype|doubles\n|player|p1|tortwig|steven-masters3|1257\n|player|p2|Cinarguncavdi2231|guitarist-gen4|1245\n|teamsize|p1|6\n|teamsize|p2|6\n|gen|9\n|tier|[Gen 9] VGC 2023 Regulation E\n|rated|\n|rule|Species Clause: Limit one of each Pok\u00e9mon\n|rule|Item Clause: Limit one of each item\n|clearpoke\n|poke|p1|Moltres-Galar, L50|\n|poke|p1|Sinistcha-Masterpiece, L50|\n|poke|p1|Ninetales-Alola, L50, F|\n|poke|p1|Landorus-Therian, L50, M|\n|poke|p1|Iron Hands, L50|\n|poke|p1|Heatran, L50, F|\n|poke|p2|Flutter Mane, L50|\n|poke|p2|Amoonguss, L50, M|\n|poke|p2|Arcanine, L50, M|\n|poke|p2|Palafin, L50, F|\n|poke|p2|Chien-Pao, L50|\n|poke|p2|Dragapult, L50, M|\n|teampreview|4\n|inactive|Battle timer is ON: inactive players will automatically lose when time's up. (requested by tortwig)\n|inactive|Cinarguncavdi2231 also wants the timer to be on.\n|inactive|tortwig has 60 seconds left.\n|inactive|Cinarguncavdi2231 has 60 seconds left.\n|\n|t:|1699781968\n|start\n|switch|p1a: Ninetales|Ninetales-Alola, L50, F|100\/100\n|switch|p1b: Iron Hands|Iron Hands, L50|100\/100\n|switch|p2a: Amoonguss|Amoonguss, L50, M|100\/100\n|switch|p2b: Arcanine|Arcanine, L50, M|100\/100\n|-weather|Snow|[from] ability: Snow Warning|[of] p1a: Ninetales\n|-ability|p2b: Arcanine|Intimidate|boost\n|-unboost|p1a: Ninetales|atk|1\n|-unboost|p1b: Iron Hands|atk|1\n|turn|1\n|inactive|tortwig has 30 seconds left.\n|\n|t:|1699781998\n|-terastallize|p1a: Ninetales|Water\n|move|p1b: Iron Hands|Fake Out|p2a: Amoonguss\n|-damage|p2a: Amoonguss|90\/100\n|move|p1a: Ninetales|Aurora Veil|p1a: Ninetales\n|-sidestart|p1: tortwig|move: Aurora Veil\n|move|p2b: Arcanine|Will-O-Wisp|p1b: Iron Hands\n|-status|p1b: Iron Hands|brn\n|cant|p2a: Amoonguss|flinch\n|\n|-weather|Snow|[upkeep]\n|-damage|p1b: Iron Hands|95\/100 brn|[from] brn\n|upkeep\n|turn|2\n|\n|t:|1699782015\n|move|p1a: Ninetales|Blizzard|p2b: Arcanine|[spread] p2a,p2b\n|-supereffective|p2a: Amoonguss\n|-resisted|p2b: Arcanine\n|-damage|p2a: Amoonguss|58\/100\n|-damage|p2b: Arcanine|92\/100\n|move|p2b: Arcanine|Flare Blitz|p1b: Iron Hands\n|-damage|p1b: Iron Hands|75\/100 brn\n|-damage|p2b: Arcanine|84\/100|[from] Recoil\n|move|p1b: Iron Hands|Drain Punch|p2b: Arcanine\n|-damage|p2b: Arcanine|68\/100\n|-heal|p1b: Iron Hands|82\/100 brn|[from] drain|[of] p2b: Arcanine\n|move|p2a: Amoonguss|Spore|p1a: Ninetales\n|-status|p1a: Ninetales|slp|[from] move: Spore\n|\n|-weather|Snow|[upkeep]\n|-damage|p1b: Iron Hands|76\/100 brn|[from] brn\n|upkeep\n|turn|3\n|\n|t:|1699782036\n|cant|p1a: Ninetales|slp\n|move|p2b: Arcanine|Flare Blitz|p1b: Iron Hands\n|-damage|p1b: Iron Hands|54\/100 brn\n|-damage|p2b: Arcanine|59\/100|[from] Recoil\n|move|p1b: Iron Hands|Drain Punch|p2b: Arcanine\n|-damage|p2b: Arcanine|42\/100\n|-heal|p1b: Iron Hands|60\/100 brn|[from] drain|[of] p2b: Arcanine\n|move|p2a: Amoonguss|Pollen Puff|p2b: Arcanine\n|-heal|p2b: Arcanine|92\/100\n|\n|-weather|Snow|[upkeep]\n|-damage|p1b: Iron Hands|54\/100 brn|[from] brn\n|upkeep\n|turn|4\n|inactive|Cinarguncavdi2231 has 30 seconds left.\n|\n|t:|1699782061\n|cant|p1a: Ninetales|slp\n|move|p2b: Arcanine|Flare Blitz|p1b: Iron Hands\n|-damage|p1b: Iron Hands|32\/100 brn\n|-damage|p2b: Arcanine|83\/100|[from] Recoil\n|move|p1b: Iron Hands|Drain Punch|p2b: Arcanine\n|-damage|p2b: Arcanine|65\/100\n|-heal|p1b: Iron Hands|39\/100 brn|[from] drain|[of] p2b: Arcanine\n|move|p2a: Amoonguss|Pollen Puff|p2b: Arcanine\n|-heal|p2b: Arcanine|100\/100\n|\n|-weather|Snow|[upkeep]\n|-damage|p1b: Iron Hands|33\/100 brn|[from] brn\n|upkeep\n|turn|5\n|\n|t:|1699782078\n|cant|p1a: Ninetales|slp\n|move|p2b: Arcanine|Flare Blitz|p1b: Iron Hands\n|-damage|p1b: Iron Hands|11\/100 brn\n|-damage|p2b: Arcanine|91\/100|[from] Recoil\n|move|p1b: Iron Hands|Heavy Slam|p2a: Amoonguss\n|-damage|p2a: Amoonguss|41\/100\n|-enditem|p2a: Amoonguss|Sitrus Berry|[eat]\n|-heal|p2a: Amoonguss|66\/100|[from] item: Sitrus Berry\n|move|p2a: Amoonguss|Spore|p1a: Ninetales\n|-fail|p1a: Ninetales|slp\n|\n|-weather|none\n|-damage|p1b: Iron Hands|5\/100 brn|[from] brn\n|upkeep\n|turn|6\n|\n|t:|1699782099\n|move|p2b: Arcanine|Extreme Speed|p1b: Iron Hands\n|-damage|p1b: Iron Hands|0 fnt\n|faint|p1b: Iron Hands\n|-end|p1b: Iron Hands|Quark Drive|[silent]\n|-curestatus|p1a: Ninetales|slp|[msg]\n|move|p1a: Ninetales|Blizzard|p2b: Arcanine|[spread] p2a\n|-miss|p1a: Ninetales|p2b: Arcanine\n|-supereffective|p2a: Amoonguss\n|-damage|p2a: Amoonguss|33\/100\n|move|p2a: Amoonguss|Spore|p1a: Ninetales\n|-status|p1a: Ninetales|slp|[from] move: Spore\n|\n|upkeep\n|\n|t:|1699782109\n|switch|p1b: Moltres|Moltres-Galar, L50|100\/100\n|turn|7\n|\n|t:|1699782125\n|move|p2a: Amoonguss|Protect|p2a: Amoonguss\n|-singleturn|p2a: Amoonguss|Protect\n|cant|p1a: Ninetales|slp\n|move|p2b: Arcanine|Flare Blitz|p1b: Moltres\n|-damage|p1b: Moltres|74\/100\n|-damage|p2b: Arcanine|82\/100|[from] Recoil\n|move|p1b: Moltres|Air Slash|p2a: Amoonguss\n|-activate|p2a: Amoonguss|move: Protect\n|\n|upkeep\n|turn|8\n|\n|t:|1699782142\n|switch|p1a: Sinistcha|Sinistcha-Masterpiece, L50|100\/100\n|-heal|p1b: Moltres|99\/100|[from] ability: Hospitality|[of] p1a: Sinistcha\n|move|p2b: Arcanine|Flare Blitz|p1b: Moltres\n|-damage|p1b: Moltres|74\/100\n|-damage|p2b: Arcanine|73\/100|[from] Recoil\n|move|p1b: Moltres|Nasty Plot|p1b: Moltres\n|-boost|p1b: Moltres|spa|2\n|move|p2a: Amoonguss|Spore|p1b: Moltres\n|-status|p1b: Moltres|slp|[from] move: Spore\n|\n|-sideend|p1: tortwig|move: Aurora Veil\n|upkeep\n|turn|9\n|\n|t:|1699782162\n|switch|p1a: Ninetales|Ninetales-Alola, L50, F, tera:Water|100\/100 slp\n|-weather|Snow|[from] ability: Snow Warning|[of] p1a: Ninetales\n|move|p2b: Arcanine|Flare Blitz|p1a: Ninetales\n|-resisted|p1a: Ninetales\n|-damage|p1a: Ninetales|72\/100 slp\n|-damage|p2b: Arcanine|64\/100|[from] Recoil\n|cant|p1b: Moltres|slp\n|move|p2a: Amoonguss|Pollen Puff|p2b: Arcanine\n|-heal|p2b: Arcanine|100\/100\n|\n|-weather|Snow|[upkeep]\n|upkeep\n|turn|10\n|\n|t:|1699782183\n|switch|p2a: Chien-Pao|Chien-Pao, L50|100\/100\n|-ability|p2a: Chien-Pao|Sword of Ruin\n|cant|p1a: Ninetales|slp\n|move|p2b: Arcanine|Flare Blitz|p1b: Moltres\n|-damage|p1b: Moltres|23\/100 slp\n|-damage|p2b: Arcanine|83\/100|[from] Recoil\n|-ability|p1b: Moltres|Berserk|boost\n|-boost|p1b: Moltres|spa|1\n|-enditem|p1b: Moltres|Sitrus Berry|[eat]\n|-heal|p1b: Moltres|48\/100 slp|[from] item: Sitrus Berry\n|-curestatus|p1b: Moltres|slp|[msg]\n|move|p1b: Moltres|Fiery Wrath|p2a: Chien-Pao|[spread] p2a,p2b\n|-resisted|p2a: Chien-Pao\n|-damage|p2a: Chien-Pao|44\/100\n|-damage|p2b: Arcanine|28\/100\n|\n|-weather|Snow|[upkeep]\n|upkeep\n|turn|11\n|inactive|tortwig has 30 seconds left.\n|inactive|Cinarguncavdi2231 has 30 seconds left.\n|\n|t:|1699782218\n|move|p1b: Moltres|Protect|p1b: Moltres\n|-singleturn|p1b: Moltres|Protect\n|move|p2a: Chien-Pao|Ice Spinner|p1b: Moltres\n|-activate|p1b: Moltres|move: Protect\n|cant|p1a: Ninetales|slp\n|move|p2b: Arcanine|Flare Blitz|p1a: Ninetales\n|-resisted|p1a: Ninetales\n|-damage|p1a: Ninetales|38\/100 slp\n|-damage|p2b: Arcanine|17\/100|[from] Recoil\n|\n|-weather|Snow|[upkeep]\n|upkeep\n|turn|12\n|\n|t:|1699782238\n|switch|p1a: Sinistcha|Sinistcha-Masterpiece, L50|100\/100\n|-heal|p1b: Moltres|73\/100|[from] ability: Hospitality|[of] p1a: Sinistcha\n|move|p2a: Chien-Pao|Ice Spinner|p1b: Moltres\n|-supereffective|p1b: Moltres\n|-damage|p1b: Moltres|0 fnt\n|faint|p1b: Moltres\n|move|p2b: Arcanine|Flare Blitz|p1a: Sinistcha\n|-supereffective|p1a: Sinistcha\n|-damage|p1a: Sinistcha|0 fnt\n|-damage|p2b: Arcanine|0 fnt|[from] item: Rocky Helmet|[of] p1a: Sinistcha\n|faint|p1a: Sinistcha\n|faint|p2b: Arcanine\n|\n|-weather|Snow|[upkeep]\n|upkeep\n|-message|tortwig forfeited.\n|\n|win|Cinarguncavdi2231\n|raw|tortwig's rating: 1257 &rarr; <strong>1231<\/strong><br \/>(-26 for losing)\n|raw|Cinarguncavdi2231's rating: 1245 &rarr; <strong>1271<\/strong><br \/>(+26 for winning)\n|l|\u2606tortwig\n","uploadtime":1699782255,"views":16,"p1id":"tortwig","p2id":"cinarguncavdi2231","formatid":"gen9vgc2023regulatione","rating":1231,"private":0,"password":""}