{"id":"gen9vgc2023regulatione-1995542562","p1":"Astr0Striden","p2":"PokeLegendJack","format":"[Gen 9] VGC 2023 Regulation E","log":"|j|\u2606Astr0Striden\n|j|\u2606PokeLegendJack\n|t:|1700581365\n|gametype|doubles\n|player|p1|Astr0Striden|102|1116\n|player|p2|PokeLegendJack|169|1011\n|teamsize|p1|6\n|teamsize|p2|6\n|gen|9\n|tier|[Gen 9] VGC 2023 Regulation E\n|rated|\n|rule|Species Clause: Limit one of each Pok\u00e9mon\n|rule|Item Clause: Limit one of each item\n|clearpoke\n|poke|p1|Ceruledge, L50, F|\n|poke|p1|Sinistcha, L50|\n|poke|p1|Dondozo, L50, M|\n|poke|p1|Tatsugiri, L50, F|\n|poke|p1|Iron Hands, L50|\n|poke|p1|Landorus-Therian, L50, M|\n|poke|p2|Mamoswine, L50, F|\n|poke|p2|Ribombee, L50, F|\n|poke|p2|Corviknight, L50, F|\n|poke|p2|Azumarill, L50, M|\n|poke|p2|Amoonguss, L50, M|\n|poke|p2|Iron Hands, L50|\n|teampreview|4\n|\n|t:|1700581385\n|start\n|switch|p1a: Sinistcha|Sinistcha, L50|100\/100\n|switch|p1b: Dondozo|Dondozo, L50, M, shiny|100\/100\n|switch|p2a: Ribombee|Ribombee, L50, F|100\/100\n|switch|p2b: Mamoswine|Mamoswine, L50, F|100\/100\n|turn|1\n|\n|t:|1700581435\n|move|p1a: Sinistcha|Protect|p1a: Sinistcha\n|-singleturn|p1a: Sinistcha|Protect\n|move|p2b: Mamoswine|Icicle Crash|p1a: Sinistcha\n|-activate|p1a: Sinistcha|move: Protect\n|move|p2a: Ribombee|Quiver Dance|p2a: Ribombee\n|-boost|p2a: Ribombee|spa|1\n|-boost|p2a: Ribombee|spd|1\n|-boost|p2a: Ribombee|spe|1\n|move|p1b: Dondozo|Heavy Slam|p2a: Ribombee\n|-supereffective|p2a: Ribombee\n|-enditem|p2a: Ribombee|Focus Sash\n|-damage|p2a: Ribombee|1\/100\n|\n|upkeep\n|turn|2\n|\n|t:|1700581451\n|switch|p1a: Ceruledge|Ceruledge, L50, F, shiny|100\/100\n|switch|p1b: Tatsugiri|Tatsugiri, L50, F|100\/100\n|move|p2a: Ribombee|Protect|p2a: Ribombee\n|-singleturn|p2a: Ribombee|Protect\n|move|p2b: Mamoswine|Icicle Crash|p1a: Ceruledge\n|-resisted|p1a: Ceruledge\n|-damage|p1a: Ceruledge|67\/100\n|\n|upkeep\n|turn|3\n|\n|t:|1700581476\n|switch|p2b: Azumarill|Azumarill, L50, M|100\/100\n|move|p1a: Ceruledge|Shadow Sneak|p2a: Ribombee\n|-damage|p2a: Ribombee|0 fnt\n|faint|p2a: Ribombee\n|move|p1b: Tatsugiri|Chilling Water|p2b: Azumarill\n|-resisted|p2b: Azumarill\n|-damage|p2b: Azumarill|80\/100\n|-unboost|p2b: Azumarill|atk|1\n|\n|-heal|p2b: Azumarill|85\/100|[from] item: Leftovers\n|upkeep\n|\n|t:|1700581483\n|switch|p2a: Iron Hands|Iron Hands, L50|100\/100\n|-enditem|p2a: Iron Hands|Booster Energy\n|-activate|p2a: Iron Hands|ability: Quark Drive|[fromitem]\n|-start|p2a: Iron Hands|quarkdriveatk\n|turn|4\n|\n|t:|1700581496\n|switch|p1b: Sinistcha|Sinistcha, L50|100\/100\n|-heal|p1a: Ceruledge|92\/100|[from] ability: Hospitality|[of] p1b: Sinistcha\n|move|p1a: Ceruledge|Protect|p1a: Ceruledge\n|-singleturn|p1a: Ceruledge|Protect\n|move|p2a: Iron Hands|Fake Out|p1b: Sinistcha\n|-immune|p1b: Sinistcha\n|move|p2b: Azumarill|Aqua Jet|p1a: Ceruledge\n|-activate|p1a: Ceruledge|move: Protect\n|\n|-heal|p2b: Azumarill|91\/100|[from] item: Leftovers\n|upkeep\n|turn|5\n|\n|t:|1700581523\n|switch|p1a: Dondozo|Dondozo, L50, M, shiny|100\/100\n|move|p2b: Azumarill|Aqua Jet|p1a: Dondozo\n|-resisted|p1a: Dondozo\n|-damage|p1a: Dondozo|92\/100\n|move|p1b: Sinistcha|Matcha Gotcha|p2a: Iron Hands|[spread] p2a,p2b\n|-supereffective|p2b: Azumarill\n|-damage|p2a: Iron Hands|78\/100\n|-damage|p2b: Azumarill|45\/100\n|move|p2a: Iron Hands|Wild Charge|p1a: Dondozo\n|-supereffective|p1a: Dondozo\n|-damage|p1a: Dondozo|11\/100\n|-damage|p2a: Iron Hands|58\/100|[from] Recoil\n|\n|-heal|p2b: Azumarill|50\/100|[from] item: Leftovers\n|-heal|p1a: Dondozo|18\/100|[from] item: Leftovers\n|upkeep\n|turn|6\n|\n|t:|1700581549\n|move|p1a: Dondozo|Protect|p1a: Dondozo\n|-singleturn|p1a: Dondozo|Protect\n|move|p2b: Azumarill|Aqua Jet|p1a: Dondozo\n|-activate|p1a: Dondozo|move: Protect\n|move|p1b: Sinistcha|Matcha Gotcha|p2a: Iron Hands|[spread] p2a,p2b\n|-supereffective|p2b: Azumarill\n|-damage|p2a: Iron Hands|37\/100\n|-damage|p2b: Azumarill|0 fnt\n|faint|p2b: Azumarill\n|move|p2a: Iron Hands|Wild Charge|p1b: Sinistcha\n|-resisted|p1b: Sinistcha\n|-damage|p1b: Sinistcha|75\/100\n|-damage|p2a: Iron Hands|20\/100|[from] item: Rocky Helmet|[of] p1b: Sinistcha\n|-damage|p2a: Iron Hands|16\/100|[from] Recoil\n|\n|-heal|p1a: Dondozo|24\/100|[from] item: Leftovers\n|upkeep\n|\n|t:|1700581552\n|switch|p2b: Mamoswine|Mamoswine, L50, F|100\/100\n|turn|7\n|\n|t:|1700581576\n|switch|p1b: Tatsugiri|Tatsugiri, L50, F|100\/100\n|-activate|p1b: Tatsugiri|ability: Commander|[of] p1a: Dondozo\n|-boost|p1a: Dondozo|atk|2\n|-boost|p1a: Dondozo|spa|2\n|-boost|p1a: Dondozo|spe|2\n|-boost|p1a: Dondozo|def|2\n|-boost|p1a: Dondozo|spd|2\n|-terastallize|p1a: Dondozo|Ground\n|move|p2b: Mamoswine|Icicle Crash|p1b: Tatsugiri|[miss]\n|-miss|p2b: Mamoswine|p1b: Tatsugiri\n|move|p1a: Dondozo|Earthquake|p2a: Iron Hands|[spread] p2a,p2b\n|-miss|p1a: Dondozo|p1b: Tatsugiri\n|-supereffective|p2a: Iron Hands\n|-damage|p2a: Iron Hands|0 fnt\n|-damage|p2b: Mamoswine|14\/100\n|faint|p2a: Iron Hands\n|-end|p2a: Iron Hands|Quark Drive|[silent]\n|\n|-heal|p1a: Dondozo|30\/100|[from] item: Leftovers\n|upkeep\n|turn|8\n|\n|t:|1700581597\n|move|p2b: Mamoswine|Icicle Crash|p1a: Dondozo\n|-supereffective|p1a: Dondozo\n|-damage|p1a: Dondozo|4\/100\n|move|p1a: Dondozo|Earthquake|p2b: Mamoswine|[spread] p2b\n|-miss|p1a: Dondozo|p1b: Tatsugiri\n|-damage|p2b: Mamoswine|0 fnt\n|faint|p2b: Mamoswine\n|\n|win|Astr0Striden\n|raw|Astr0Striden's rating: 1116 &rarr; <strong>1134<\/strong><br \/>(+18 for winning)\n|raw|PokeLegendJack's rating: 1011 &rarr; <strong>1003<\/strong><br \/>(-8 for losing)\n|l|\u2606PokeLegendJack\n","uploadtime":1700581605,"views":1,"p1id":"astr0striden","p2id":"pokelegendjack","formatid":"gen9vgc2023regulatione","rating":1003,"private":0,"password":""}