{"id":"gen9vgc2023regulatione-1994040125","p1":"testingtothetop69","p2":"tycocs","format":"[Gen 9] VGC 2023 Regulation E","log":"|j|\u2606testingtothetop69\n|j|\u2606tycocs\n|t:|1700398307\n|gametype|doubles\n|player|p1|testingtothetop69|baker|1466\n|player|p2|tycocs|2|1532\n|teamsize|p1|6\n|teamsize|p2|6\n|gen|9\n|tier|[Gen 9] VGC 2023 Regulation E\n|rated|\n|rule|Species Clause: Limit one of each Pok\u00e9mon\n|rule|Item Clause: Limit one of each item\n|clearpoke\n|poke|p1|Ogerpon-Hearthflame, L50, F|\n|poke|p1|Tornadus, L50, M|\n|poke|p1|Slaking, L50, M|\n|poke|p1|Gholdengo, L50|\n|poke|p1|Chi-Yu, L50|\n|poke|p1|Weezing, L50, M|\n|poke|p2|Arcanine-Hisui, L50, M|\n|poke|p2|Chien-Pao, L50|\n|poke|p2|Flutter Mane, L50|\n|poke|p2|Rillaboom, L50, F|\n|poke|p2|Tornadus, L50, M|\n|poke|p2|Urshifu-*, L50, F|\n|teampreview|4\n|inactive|Battle timer is ON: inactive players will automatically lose when time's up. (requested by testingtothetop69)\ntestingtothetop69 rejected open team sheets.\n|c|\u2606testingtothetop69|Glhf\n|\n|t:|1700398335\n|start\n|switch|p1a: Weezing|Weezing, L50, M, shiny|100\/100\n|switch|p1b: Slaking|Slaking, L50, M, shiny|100\/100\n|switch|p2a: Tornadus|Tornadus, L50, M|100\/100\n|switch|p2b: Urshifu|Urshifu-Rapid-Strike, L50, F|100\/100\n|-ability|p1a: Weezing|Neutralizing Gas\n|turn|1\n|\n|t:|1700398349\n|-terastallize|p1b: Slaking|Ghost\n|move|p2b: Urshifu|Detect|p2b: Urshifu\n|-singleturn|p2b: Urshifu|Protect\n|move|p2a: Tornadus|Taunt|p1a: Weezing\n|-start|p1a: Weezing|move: Taunt\n|move|p1b: Slaking|Wild Charge|p2b: Urshifu\n|-activate|p2b: Urshifu|move: Protect\n|move|p1a: Weezing|Sludge Bomb|p2a: Tornadus\n|-damage|p2a: Tornadus|64\/100\n|\n|upkeep\n|turn|2\n|\n|t:|1700398371\n|switch|p2b: Rillaboom|Rillaboom, L50, F|100\/100\n|move|p2a: Tornadus|Rain Dance|p2a: Tornadus\n|-weather|RainDance\n|move|p1b: Slaking|Ice Punch|p2a: Tornadus\n|-supereffective|p2a: Tornadus\n|-damage|p2a: Tornadus|0 fnt\n|-damage|p1b: Slaking|84\/100|[from] item: Rocky Helmet|[of] p2a: Tornadus\n|faint|p2a: Tornadus\n|-damage|p1b: Slaking|74\/100|[from] item: Life Orb\n|move|p1a: Weezing|Sludge Bomb|p2b: Rillaboom\n|-supereffective|p2b: Rillaboom\n|-damage|p2b: Rillaboom|65\/100\n|-status|p2b: Rillaboom|psn\n|\n|-weather|RainDance|[upkeep]\n|-damage|p2b: Rillaboom|53\/100 psn|[from] psn\n|upkeep\n|inactive|tycocs has 30 seconds left.\n|\n|t:|1700398397\n|switch|p2a: Urshifu|Urshifu-Rapid-Strike, L50, F|100\/100\n|turn|3\n|\n|t:|1700398409\n|-terastallize|p2a: Urshifu|Water\n|move|p1b: Slaking|Ice Punch|p2b: Rillaboom\n|-supereffective|p2b: Rillaboom\n|-damage|p2b: Rillaboom|0 fnt\n|faint|p2b: Rillaboom\n|-damage|p1b: Slaking|64\/100|[from] item: Life Orb\n|move|p2a: Urshifu|Surging Strikes|p1a: Weezing\n|-crit|p1a: Weezing\n|-damage|p1a: Weezing|64\/100\n|-crit|p1a: Weezing\n|-damage|p1a: Weezing|30\/100\n|-enditem|p1a: Weezing|Sitrus Berry|[eat]\n|-heal|p1a: Weezing|55\/100|[from] item: Sitrus Berry\n|-crit|p1a: Weezing\n|-damage|p1a: Weezing|19\/100\n|-hitcount|p1a: Weezing|3\n|move|p1a: Weezing|Sludge Bomb|p2a: Urshifu\n|-damage|p2a: Urshifu|64\/100\n|\n|-weather|RainDance|[upkeep]\n|-end|p1a: Weezing|move: Taunt\n|upkeep\n|\n|t:|1700398429\n|switch|p2b: Arcanine|Arcanine-Hisui, L50, M|100\/100\n|turn|4\n|\n|t:|1700398442\n|move|p2a: Urshifu|Detect|p2a: Urshifu\n|-singleturn|p2a: Urshifu|Protect\n|move|p1b: Slaking|High Horsepower|p2b: Arcanine\n|-supereffective|p2b: Arcanine\n|-damage|p2b: Arcanine|0 fnt\n|faint|p2b: Arcanine\n|-damage|p1b: Slaking|55\/100|[from] item: Life Orb\n|move|p1a: Weezing|Shadow Ball|p2a: Urshifu\n|-activate|p2a: Urshifu|move: Protect\n|\n|-weather|RainDance|[upkeep]\n|upkeep\n|turn|5\n|c|\u2606testingtothetop69|Wow\n|c|\u2606testingtothetop69|you got rolled\n|\n|t:|1700398460\n|move|p2a: Urshifu|Aqua Jet|p1a: Weezing\n|-damage|p1a: Weezing|0 fnt\n|faint|p1a: Weezing\n|-end|p1a: Weezing|ability: Neutralizing Gas\n|move|p1b: Slaking|Wild Charge|p2a: Urshifu\n|-supereffective|p2a: Urshifu\n|-damage|p2a: Urshifu|0 fnt\n|faint|p2a: Urshifu\n|-damage|p1b: Slaking|41\/100|[from] Recoil\n|-damage|p1b: Slaking|31\/100|[from] item: Life Orb\n|\n|win|testingtothetop69\n|raw|testingtothetop69's rating: 1466 &rarr; <strong>1490<\/strong><br \/>(+24 for winning)\n|raw|tycocs's rating: 1532 &rarr; <strong>1508<\/strong><br \/>(-24 for losing)\n|l|\u2606tycocs\n|l|\u2606testingtothetop69\n|j|\u2606testingtothetop69\n|player|p1|testingtothetop69|baker\n","uploadtime":1700399024,"views":5,"p1id":"testingtothetop69","p2id":"tycocs","formatid":"gen9vgc2023regulatione","rating":1490,"private":0,"password":""}