{"id":"gen9vgc2023regulatione-1992661626","p1":"aquartertwo","p2":"fairylilipad","format":"[Gen 9] VGC 2023 Regulation E","log":"|j|\u2606aquartertwo\n|j|\u2606fairylilipad\n|n|\u2606aquartertwo|aquartertwo\n|n|\u2606fairylilipad|fairylilipad\n|html|View the match progress at <a href=\"\/game-bestof3-gen9vgc2023regulatione-1992661625\">game-bestof3-gen9vgc2023regulatione-1992661625<\/a>\n|t:|1700221975\n|gametype|doubles\n|player|p1|aquartertwo|clerk|\n|player|p2|fairylilipad|guitarist|\n|teamsize|p1|6\n|teamsize|p2|6\n|gen|9\n|tier|[Gen 9] VGC 2023 Regulation E\n|rule|Species Clause: Limit one of each Pok\u00e9mon\n|rule|Item Clause: Limit one of each item\n|clearpoke\n|poke|p1|Tornadus, L50, M|\n|poke|p1|Flutter Mane, L50|\n|poke|p1|Regidrago, L50|\n|poke|p1|Heatran, L50, F|\n|poke|p1|Urshifu-*, L50, F|\n|poke|p1|Farigiraf, L50, M|\n|poke|p2|Weezing, L50, M|\n|poke|p2|Roaring Moon, L50|\n|poke|p2|Flutter Mane, L50|\n|poke|p2|Ogerpon-Hearthflame, L50, F|\n|poke|p2|Rillaboom, L50, M|\n|poke|p2|Urshifu-*, L50, M|\n|teampreview|4\nfairylilipad has agreed to open team sheets.\naquartertwo has agreed to open team sheets.\n|showteam|p1|Tornadus||MentalHerb|Prankster|BleakwindStorm,Tailwind,SunnyDay,Protect|||M|||50|,,,,,Ghost]Flutter Mane||BoosterEnergy|Protosynthesis|DazzlingGleam,ShadowBall,Substitute,Protect||||||50|,,,,,Water]Regidrago||DragonFang|DragonsMaw|DragonEnergy,DracoMeteor,EarthPower,Protect||||||50|,,,,,Poison]Heatran||LifeOrb|FlashFire|HeatWave,FlashCannon,EarthPower,Protect|||F|||50|,,,,,Fairy]Urshifu||ChoiceScarf|UnseenFist|WickedBlow,SuckerPunch,CloseCombat,IronHead|||F|||50|,,,,,Dark]Farigiraf||RockyHelmet|ArmorTail|Psychic,DazzlingGleam,TrickRoom,Imprison|||M|||50|,,,,,Fairy\n|showteam|p2|Weezing||SitrusBerry|NeutralizingGas|WillOWisp,Taunt,GunkShot,Protect|||M|||50|,,,,,Ghost]Roaring Moon||BoosterEnergy|Protosynthesis|BreakingSwipe,Tailwind,KnockOff,Protect||||||50|,,,,,Poison]Flutter Mane||ChoiceSpecs|Protosynthesis|Thunderbolt,DazzlingGleam,ShadowBall,Moonblast||||||50|,,,,,Fairy]Ogerpon-Hearthflame||HearthflameMask|MoldBreaker|IvyCudgel,GrassyGlide,HornLeech,SpikyShield|||F|||50|,,,,,Fire]Rillaboom||AssaultVest|GrassySurge|FakeOut,HighHorsepower,WoodHammer,GrassyGlide|||M|||50|,,,,,Fire]Urshifu-Rapid-Strike||ChoiceScarf|UnseenFist|SurgingStrikes,CloseCombat,AquaJet,Uturn|||M|||50|,,,,,Water\n|\n|t:|1700222058\n|start\n|switch|p1a: Tornadus|Tornadus, L50, M|100\/100\n|switch|p1b: Heatran|Heatran, L50, F|100\/100\n|switch|p2a: Urshifu|Urshifu-Rapid-Strike, L50, M|100\/100\n|switch|p2b: Rillaboom|Rillaboom, L50, M|100\/100\n|-fieldstart|move: Grassy Terrain|[from] ability: Grassy Surge|[of] p2b: Rillaboom\n|turn|1\n|\n|t:|1700222125\n|-terastallize|p2a: Urshifu|Water\n|-terastallize|p1b: Heatran|Fairy\n|move|p2b: Rillaboom|Fake Out|p1a: Tornadus\n|-damage|p1a: Tornadus|77\/100\n|cant|p1a: Tornadus|flinch\n|move|p2a: Urshifu|Surging Strikes|p1b: Heatran\n|-crit|p1b: Heatran\n|-damage|p1b: Heatran|71\/100\n|-crit|p1b: Heatran\n|-damage|p1b: Heatran|40\/100\n|-crit|p1b: Heatran\n|-damage|p1b: Heatran|12\/100\n|-hitcount|p1b: Heatran|3\n|move|p1b: Heatran|Heat Wave|p2b: Rillaboom|[spread] p2a,p2b\n|-resisted|p2a: Urshifu\n|-supereffective|p2b: Rillaboom\n|-damage|p2a: Urshifu|59\/100\n|-damage|p2b: Rillaboom|36\/100\n|-damage|p1b: Heatran|2\/100|[from] item: Life Orb\n|\n|-heal|p2a: Urshifu|65\/100|[from] Grassy Terrain\n|-heal|p1b: Heatran|8\/100|[from] Grassy Terrain\n|-heal|p2b: Rillaboom|42\/100|[from] Grassy Terrain\n|upkeep\n|turn|2\n|\n|t:|1700222173\n|move|p1b: Heatran|Protect|p1b: Heatran\n|-singleturn|p1b: Heatran|Protect\n|move|p1a: Tornadus|Tailwind|p1a: Tornadus\n|-sidestart|p1: aquartertwo|move: Tailwind\n|move|p2b: Rillaboom|Grassy Glide|p1b: Heatran\n|-activate|p1b: Heatran|move: Protect\n|move|p2a: Urshifu|Surging Strikes|p1a: Tornadus\n|-crit|p1a: Tornadus\n|-damage|p1a: Tornadus|32\/100\n|-crit|p1a: Tornadus\n|-damage|p1a: Tornadus|0 fnt\n|faint|p1a: Tornadus\n|-hitcount|p1: Tornadus|2\n|\n|-heal|p1b: Heatran|14\/100|[from] Grassy Terrain\n|-heal|p2a: Urshifu|72\/100|[from] Grassy Terrain\n|-heal|p2b: Rillaboom|48\/100|[from] Grassy Terrain\n|upkeep\n|\n|t:|1700222196\n|switch|p1a: Regidrago|Regidrago, L50|100\/100\n|turn|3\n|\n|t:|1700222219\n|switch|p2a: Ogerpon|Ogerpon-Hearthflame, L50, F|100\/100\n|-ability|p2a: Ogerpon|Mold Breaker\n|move|p2b: Rillaboom|Grassy Glide|p1b: Heatran\n|-damage|p1b: Heatran|0 fnt\n|faint|p1b: Heatran\n|move|p1a: Regidrago|Dragon Energy|p2a: Ogerpon|[spread] p2a,p2b\n|-damage|p2a: Ogerpon|6\/100\n|-damage|p2b: Rillaboom|0 fnt\n|faint|p2b: Rillaboom\n|\n|-heal|p2a: Ogerpon|12\/100|[from] Grassy Terrain\n|upkeep\n|\n|t:|1700222258\n|switch|p1b: Flutter Mane|Flutter Mane, L50|100\/100\n|switch|p2b: Urshifu|Urshifu-Rapid-Strike, L50, M, tera:Water|72\/100\n|-enditem|p1b: Flutter Mane|Booster Energy\n|-activate|p1b: Flutter Mane|ability: Protosynthesis|[fromitem]\n|-start|p1b: Flutter Mane|protosynthesisspa\n|turn|4\n|\n|t:|1700222303\n|move|p2a: Ogerpon|Spiky Shield|p2a: Ogerpon\n|-singleturn|p2a: Ogerpon|move: Protect\n|move|p2b: Urshifu|Aqua Jet|p1b: Flutter Mane\n|-damage|p1b: Flutter Mane|49\/100\n|move|p1b: Flutter Mane|Shadow Ball|p2b: Urshifu\n|-damage|p2b: Urshifu|0 fnt\n|faint|p2b: Urshifu\n|move|p1a: Regidrago|Dragon Energy|p2a: Ogerpon\n|-activate|p2a: Ogerpon|move: Protect\n|\n|-heal|p1b: Flutter Mane|54\/100|[from] Grassy Terrain\n|-heal|p2a: Ogerpon|18\/100|[from] Grassy Terrain\n|upkeep\n|\n|t:|1700222316\n|switch|p2b: Roaring Moon|Roaring Moon, L50|100\/100\n|-enditem|p2b: Roaring Moon|Booster Energy\n|-activate|p2b: Roaring Moon|ability: Protosynthesis|[fromitem]\n|-start|p2b: Roaring Moon|protosynthesisspe\n|turn|5\n|\n|t:|1700222353\n|move|p1b: Flutter Mane|Protect|p1b: Flutter Mane\n|-singleturn|p1b: Flutter Mane|Protect\n|move|p2b: Roaring Moon|Protect|p2b: Roaring Moon\n|-singleturn|p2b: Roaring Moon|Protect\n|move|p2a: Ogerpon|Grassy Glide|p1b: Flutter Mane\n|-activate|p1b: Flutter Mane|move: Protect\n|move|p1a: Regidrago|Dragon Energy|p2a: Ogerpon|[spread] p2a\n|-activate|p2b: Roaring Moon|move: Protect\n|-damage|p2a: Ogerpon|0 fnt\n|faint|p2a: Ogerpon\n|\n|-heal|p1b: Flutter Mane|60\/100|[from] Grassy Terrain\n|-sideend|p1: aquartertwo|move: Tailwind\n|-fieldend|move: Grassy Terrain\n|upkeep\n|turn|6\n|c|\u2606fairylilipad|gg next haha\n|-message|fairylilipad forfeited.\n|\n|win|aquartertwo\n|l|\u2606fairylilipad\n|c|&|\/uhtml prompt-fairylilipad,fairylilipad is ready for game 2!\n|c|&|\/uhtml prompt-fairylilipad,fairylilipad is ready for game 2!\n|c|&|\/uhtml prompt-fairylilipad,fairylilipad is ready for game 2!\n|j|\u2606fairylilipad\n|player|p2|fairylilipad|guitarist\n|inactive|aquartertwo has 50 seconds to confirm battle start!\n|c|&|\/uhtml prompt-fairylilipad,fairylilipad is ready for game 2!\n|inactive|aquartertwo has 40 seconds to confirm battle start!\n|c|&|\/uhtml prompt-fairylilipad,fairylilipad is ready for game 2!\n|c|&|\/uhtml prompt-aquartertwo,aquartertwo is ready for game 2!\nBoth players are ready! Starting next match!\n|l|\u2606fairylilipad\n|player|p2|\n","uploadtime":1700222394,"views":13,"p1id":"aquartertwo","p2id":"fairylilipad","formatid":"gen9vgc2023regulatione","rating":0,"private":0,"password":""}