{"id":"gen9vgc2023regulatione-2000448851","p1":"Dr. Ausar The Vile","p2":"Lurvas","format":"[Gen 9] VGC 2023 Regulation E","log":"|j|\u2606Dr. Ausar The Vile\n|j|\u2606Lurvas\n|t:|1701195726\n|gametype|doubles\n|player|p1|Dr. Ausar The Vile|101|1207\n|player|p2|Lurvas|alder|1232\n|teamsize|p1|6\n|teamsize|p2|6\n|gen|9\n|tier|[Gen 9] VGC 2023 Regulation E\n|rated|\n|rule|Species Clause: Limit one of each Pok\u00e9mon\n|rule|Item Clause: Limit one of each item\n|clearpoke\n|poke|p1|Flutter Mane, L50|\n|poke|p1|Heatran, L50, M|\n|poke|p1|Iron Hands, L50|\n|poke|p1|Roaring Moon, L50|\n|poke|p1|Urshifu-*, L50, F|\n|poke|p1|Chien-Pao, L50|\n|poke|p2|Urshifu-*, L50, M|\n|poke|p2|Rillaboom, L50, M|\n|poke|p2|Flutter Mane, L50|\n|poke|p2|Arcanine-Hisui, L50, M|\n|poke|p2|Chien-Pao, L50|\n|poke|p2|Tornadus, L50, M|\n|teampreview|4\nLurvas has agreed to open team sheets.\n|inactive|Battle timer is ON: inactive players will automatically lose when time's up. (requested by Lurvas)\n|\n|t:|1701195760\n|start\n|switch|p1a: Metah|Flutter Mane, L50, shiny|100\/100\n|switch|p1b: Syndrome|Iron Hands, L50|100\/100\n|switch|p2a: Flutter Mane|Flutter Mane, L50|100\/100\n|switch|p2b: Chien-Pao|Chien-Pao, L50|100\/100\n|-ability|p2b: Chien-Pao|Sword of Ruin\n|-enditem|p2a: Flutter Mane|Booster Energy\n|-activate|p2a: Flutter Mane|ability: Protosynthesis|[fromitem]\n|-start|p2a: Flutter Mane|protosynthesisspe\n|turn|1\n|inactive|Dr. Ausar The Vile has 30 seconds left.\n|inactive|Dr. Ausar The Vile has 20 seconds left.\n|\n|t:|1701195798\n|move|p2b: Chien-Pao|Protect|p2b: Chien-Pao\n|-singleturn|p2b: Chien-Pao|Protect\n|move|p2a: Flutter Mane|Shadow Ball|p1a: Metah\n|-supereffective|p1a: Metah\n|-damage|p1a: Metah|18\/100\n|move|p1a: Metah|Shadow Ball|p2a: Flutter Mane\n|-supereffective|p2a: Flutter Mane\n|-damage|p2a: Flutter Mane|0 fnt\n|faint|p2a: Flutter Mane\n|-end|p2a: Flutter Mane|Protosynthesis|[silent]\n|move|p1b: Syndrome|Swords Dance|p1b: Syndrome\n|-boost|p1b: Syndrome|atk|2\n|\n|upkeep\n|\n|t:|1701195812\n|switch|p2a: Arcanine|Arcanine-Hisui, L50, M|100\/100\n|-ability|p2a: Arcanine|Intimidate|boost\n|-unboost|p1a: Metah|atk|1\n|-unboost|p1b: Syndrome|atk|1\n|turn|2\n|\n|t:|1701195826\n|-terastallize|p2a: Arcanine|Fairy\n|move|p2b: Chien-Pao|Sucker Punch|p1a: Metah\n|-damage|p1a: Metah|0 fnt\n|faint|p1a: Metah\n|-end|p1a: Metah|Protosynthesis|[silent]\n|move|p2a: Arcanine|Tera Blast|p1b: Syndrome|[anim] Tera Blast Fairy\n|-supereffective|p1b: Syndrome\n|-damage|p1b: Syndrome|8\/100\n|move|p1b: Syndrome|Drain Punch|p2a: Arcanine\n|-resisted|p2a: Arcanine\n|-damage|p2a: Arcanine|55\/100\n|-heal|p1b: Syndrome|23\/100|[from] drain|[of] p2a: Arcanine\n|\n|-heal|p1b: Syndrome|30\/100|[from] item: Leftovers\n|upkeep\n|\n|t:|1701195831\n|switch|p1a: Lambo|Roaring Moon, L50|100\/100\n|-enditem|p1a: Lambo|Booster Energy\n|-activate|p1a: Lambo|ability: Protosynthesis|[fromitem]\n|-start|p1a: Lambo|protosynthesisatk\n|turn|3\n|\n|t:|1701195853\n|move|p1a: Lambo|Protect|p1a: Lambo\n|-singleturn|p1a: Lambo|Protect\n|move|p2b: Chien-Pao|Icicle Crash|p1a: Lambo\n|-activate|p1a: Lambo|move: Protect\n|move|p2a: Arcanine|Tera Blast|p1b: Syndrome|[anim] Tera Blast Fairy\n|-supereffective|p1b: Syndrome\n|-damage|p1b: Syndrome|0 fnt\n|faint|p1b: Syndrome\n|-end|p1b: Syndrome|Quark Drive|[silent]\n|\n|upkeep\n|\n|t:|1701195864\n|switch|p1b: Spoider|Heatran, L50, M, shiny|100\/100\n|turn|4\n|inactive|Dr. Ausar The Vile has 30 seconds left.\n|inactive|Dr. Ausar The Vile has 20 seconds left.\n|inactive|Dr. Ausar The Vile has 15 seconds left.\n|inactive|Dr. Ausar The Vile has 10 seconds left.\n|\n|t:|1701195910\n|switch|p2a: Rillaboom|Rillaboom, L50, M|100\/100\n|-fieldstart|move: Grassy Terrain|[from] ability: Grassy Surge|[of] p2a: Rillaboom\n|-terastallize|p1a: Lambo|Flying\n|move|p2b: Chien-Pao|Sacred Sword|p1b: Spoider\n|-supereffective|p1b: Spoider\n|-damage|p1b: Spoider|26\/100\n|move|p1a: Lambo|Dragon Dance|p1a: Lambo\n|-boost|p1a: Lambo|atk|1\n|-boost|p1a: Lambo|spe|1\n|move|p1b: Spoider|Flash Cannon|p2a: Rillaboom\n|-damage|p2a: Rillaboom|70\/100\n|\n|-heal|p2a: Rillaboom|76\/100|[from] Grassy Terrain\n|-heal|p1b: Spoider|32\/100|[from] Grassy Terrain\n|upkeep\n|turn|5\n|\n|t:|1701195932\n|move|p1a: Lambo|Acrobatics|p2a: Rillaboom\n|-supereffective|p2a: Rillaboom\n|-damage|p2a: Rillaboom|0 fnt\n|faint|p2a: Rillaboom\n|move|p2b: Chien-Pao|Icicle Crash|p1a: Lambo\n|-supereffective|p1a: Lambo\n|-damage|p1a: Lambo|0 fnt\n|faint|p1a: Lambo\n|-end|p1a: Lambo|Protosynthesis|[silent]\n|move|p1b: Spoider|Heat Wave|p2b: Chien-Pao\n|-supereffective|p2b: Chien-Pao\n|-enditem|p2b: Chien-Pao|Focus Sash\n|-damage|p2b: Chien-Pao|1\/100\n|\n|-heal|p2b: Chien-Pao|7\/100|[from] Grassy Terrain\n|-heal|p1b: Spoider|38\/100|[from] Grassy Terrain\n|upkeep\n|\n|t:|1701195946\n|switch|p2a: Arcanine|Arcanine-Hisui, L50, M, tera:Fairy|55\/100\n|-ability|p2a: Arcanine|Intimidate|boost\n|-unboost|p1b: Spoider|atk|1\n|turn|6\n|\n|t:|1701195952\n|move|p2b: Chien-Pao|Sucker Punch|p1b: Spoider\n|-crit|p1b: Spoider\n|-damage|p1b: Spoider|0 fnt\n|faint|p1b: Spoider\n|\n|win|Lurvas\n|raw|Dr. Ausar The Vile's rating: 1207 &rarr; <strong>1184<\/strong><br \/>(-23 for losing)\n|raw|Lurvas's rating: 1232 &rarr; <strong>1255<\/strong><br \/>(+23 for winning)\n|c|\u2606Lurvas|gg\n|l|\u2606Dr. Ausar The Vile\n","uploadtime":1701195981,"views":7,"p1id":"drausarthevile","p2id":"lurvas","formatid":"gen9vgc2023regulatione","rating":1184,"private":0,"password":""}