{"id":"gen9vgc2023regulatione-1996399744","p1":"K41ZER","p2":"lporeotix","format":"[Gen 9] VGC 2023 Regulation E","log":"|j|\u2606K41ZER\n|j|\u2606lporeotix\n|t:|1700678368\n|gametype|doubles\n|player|p1|K41ZER|gentleman|1232\n|player|p2|lporeotix|2|1151\n|teamsize|p1|6\n|teamsize|p2|6\n|gen|9\n|tier|[Gen 9] VGC 2023 Regulation E\n|rated|\n|rule|Species Clause: Limit one of each Pok\u00e9mon\n|rule|Item Clause: Limit one of each item\n|clearpoke\n|poke|p1|Tyranitar, L50, M|\n|poke|p1|Gastrodon, L50, F|\n|poke|p1|Glimmora, L50, F|\n|poke|p1|Arcanine-Hisui, L50, F|\n|poke|p1|Urshifu-*, L50, M|\n|poke|p1|Rillaboom, L50, M|\n|poke|p2|Goodra-Hisui, L50, F|\n|poke|p2|Scream Tail, L50|\n|poke|p2|Amoonguss, L50, F|\n|poke|p2|Rillaboom, L50, M|\n|poke|p2|Arcanine-Hisui, L50, F|\n|poke|p2|Maushold, L50|\n|teampreview|4\n|inactive|Battle timer is ON: inactive players will automatically lose when time's up. (requested by lporeotix)\n|\n|t:|1700678430\n|start\n|switch|p1a: Arcanine|Arcanine-Hisui, L50, F|100\/100\n|switch|p1b: Urshifu|Urshifu-Rapid-Strike, L50, M|100\/100\n|switch|p2a: Scream Tail|Scream Tail, L50|100\/100\n|switch|p2b: Goodra|Goodra-Hisui, L50, F|100\/100\n|-ability|p1a: Arcanine|Intimidate|boost\n|-unboost|p2a: Scream Tail|atk|1\n|-unboost|p2b: Goodra|atk|1\n|turn|1\n|inactive|K41ZER has 30 seconds left.\n|inactive|lporeotix has 30 seconds left.\n|\n|t:|1700678456\n|switch|p2b: Arcanine|Arcanine-Hisui, L50, F|100\/100\n|-ability|p2b: Arcanine|Intimidate|boost\n|-unboost|p1a: Arcanine|atk|1\n|-unboost|p1b: Urshifu|atk|1\n|move|p1b: Urshifu|U-turn|p2a: Scream Tail\n|-damage|p2a: Scream Tail|89\/100\n|\n|t:|1700678463\n|switch|p1b: Glimmora|Glimmora, L50, F, shiny|100\/100|[from] U-turn\n|move|p1a: Arcanine|Flare Blitz|p2a: Scream Tail\n|-damage|p2a: Scream Tail|45\/100\n|-enditem|p2a: Scream Tail|Sitrus Berry|[eat]\n|-heal|p2a: Scream Tail|70\/100|[from] item: Sitrus Berry\n|-damage|p1a: Arcanine|82\/100|[from] Recoil\n|move|p2a: Scream Tail|Trick Room|p2a: Scream Tail\n|-fieldstart|move: Trick Room|[of] p2a: Scream Tail\n|\n|upkeep\n|turn|2\n|inactive|K41ZER has 30 seconds left.\n|inactive|lporeotix has 30 seconds left.\n|inactive|lporeotix has 20 seconds left.\n|inactive|lporeotix has 15 seconds left.\n|inactive|lporeotix has 10 seconds left.\n|inactive|lporeotix has 5 seconds left.\n|\n|t:|1700678514\n|switch|p1a: Tyranitar|Tyranitar, L50, M|100\/100\n|-weather|Sandstorm|[from] ability: Sand Stream|[of] p1a: Tyranitar\n|move|p2a: Scream Tail|Helping Hand|p2b: Arcanine\n|-singleturn|p2b: Arcanine|Helping Hand|[of] p2a: Scream Tail\n|move|p2b: Arcanine|Rock Slide|p1a: Tyranitar|[spread] p1a\n|-miss|p2b: Arcanine|p1b: Glimmora\n|-damage|p1a: Tyranitar|66\/100\n|move|p1b: Glimmora|Earth Power|p2b: Arcanine\n|-supereffective|p2b: Arcanine\n|-damage|p2b: Arcanine|25\/100\n|-unboost|p2b: Arcanine|spd|1\n|-enditem|p2b: Arcanine|Aguav Berry|[eat]\n|-heal|p2b: Arcanine|58\/100|[from] item: Aguav Berry\n|\n|-weather|Sandstorm|[upkeep]\n|-damage|p2a: Scream Tail|64\/100|[from] Sandstorm\n|upkeep\n|turn|3\n|inactive|K41ZER has 30 seconds left.\n|inactive|lporeotix has 30 seconds left.\n|inactive|K41ZER has 20 seconds left.\n|inactive|K41ZER has 15 seconds left.\n|inactive|K41ZER has 10 seconds left.\n|\n|t:|1700678562\n|switch|p2b: Maushold|Maushold, L50|100\/100\n|move|p1b: Glimmora|Sludge Bomb|p2a: Scream Tail\n|-supereffective|p2a: Scream Tail\n|-damage|p2a: Scream Tail|13\/100\n|-status|p2a: Scream Tail|psn\n|move|p1a: Tyranitar|Low Kick|p2b: Maushold\n|-supereffective|p2b: Maushold\n|-damage|p2b: Maushold|81\/100\n|move|p2a: Scream Tail|Fake Tears|p1b: Glimmora\n|-unboost|p1b: Glimmora|spd|2\n|\n|-weather|Sandstorm|[upkeep]\n|-damage|p2a: Scream Tail|7\/100 psn|[from] Sandstorm\n|-damage|p2b: Maushold|75\/100|[from] Sandstorm\n|-damage|p2a: Scream Tail|0 fnt|[from] psn\n|faint|p2a: Scream Tail\n|-end|p2a: Scream Tail|Protosynthesis|[silent]\n|upkeep\n|\n|t:|1700678580\n|switch|p2a: Goodra|Goodra-Hisui, L50, F|100\/100\n|turn|4\n|inactive|K41ZER has 30 seconds left.\n|\n|t:|1700678611\n|switch|p1a: Arcanine|Arcanine-Hisui, L50, F|82\/100\n|-ability|p1a: Arcanine|Intimidate|boost\n|-unboost|p2a: Goodra|atk|1\n|-unboost|p2b: Maushold|atk|1\n|-terastallize|p2a: Goodra|Fairy\n|move|p2a: Goodra|Flash Cannon|p1b: Glimmora\n|-supereffective|p1b: Glimmora\n|-enditem|p1b: Glimmora|Focus Sash\n|-damage|p1b: Glimmora|1\/100\n|move|p1b: Glimmora|Earth Power|p2a: Goodra\n|-damage|p2a: Goodra|88\/100\n|move|p2b: Maushold|Population Bomb|p1a: Arcanine\n|-resisted|p1a: Arcanine\n|-damage|p1a: Arcanine|75\/100\n|-hitcount|p1a: Arcanine|1\n|\n|-weather|Sandstorm|[upkeep]\n|-damage|p2a: Goodra|82\/100|[from] Sandstorm\n|-damage|p2b: Maushold|68\/100|[from] Sandstorm\n|upkeep\n|turn|5\n|inactive|K41ZER has 30 seconds left.\n|inactive|lporeotix has 30 seconds left.\n|inactive|K41ZER has 20 seconds left.\n|inactive|K41ZER has 15 seconds left.\n|\n|t:|1700678651\n|move|p1b: Glimmora|Spiky Shield|p1b: Glimmora\n|-singleturn|p1b: Glimmora|move: Protect\n|move|p2a: Goodra|Flash Cannon|p1a: Arcanine\n|-damage|p1a: Arcanine|43\/100\n|move|p2b: Maushold|Population Bomb|p1b: Glimmora\n|-activate|p1b: Glimmora|move: Protect\n|-damage|p2b: Maushold|56\/100|[from] Spiky Shield|[of] p1b: Glimmora\n|move|p1a: Arcanine|Flare Blitz|p2a: Goodra\n|-damage|p2a: Goodra|0 fnt\n|faint|p2a: Goodra\n|-damage|p1a: Arcanine|16\/100|[from] Recoil\n|\n|-weather|Sandstorm|[upkeep]\n|-damage|p2b: Maushold|50\/100|[from] Sandstorm\n|-fieldend|move: Trick Room\n|upkeep\n|\n|t:|1700678670\n|switch|p2a: Arcanine|Arcanine-Hisui, L50, F|58\/100\n|-ability|p2a: Arcanine|Intimidate|boost\n|-unboost|p1a: Arcanine|atk|1\n|-unboost|p1b: Glimmora|atk|1\n|turn|6\n|\n|t:|1700678693\n|move|p1a: Arcanine|Flare Blitz|p2b: Maushold\n|-damage|p2b: Maushold|0 fnt\n|faint|p2b: Maushold\n|-damage|p1a: Arcanine|0 fnt|[from] Recoil\n|faint|p1a: Arcanine\n|move|p1b: Glimmora|Earth Power|p2a: Arcanine\n|-supereffective|p2a: Arcanine\n|-damage|p2a: Arcanine|0 fnt\n|faint|p2a: Arcanine\n|\n|win|K41ZER\n|raw|K41ZER's rating: 1232 &rarr; <strong>1251<\/strong><br \/>(+19 for winning)\n|raw|lporeotix's rating: 1151 &rarr; <strong>1132<\/strong><br \/>(-19 for losing)\n|l|\u2606lporeotix\n","uploadtime":1700678708,"views":8,"p1id":"k41zer","p2id":"lporeotix","formatid":"gen9vgc2023regulatione","rating":1132,"private":0,"password":""}