{"id":"gen9vgc2023regulatione-1993031022","p1":"Squirly","p2":"Jadedragon61","format":"[Gen 9] VGC 2023 Regulation E","log":"|j|\u2606Squirly\n|j|\u2606Jadedragon61\n|n|\u2606Squirly|squirly\n|n|\u2606Jadedragon61|jadedragon61\n|html|View the match progress at <a href=\"\/game-bestof3-gen9vgc2023regulatione-1993026580\">game-bestof3-gen9vgc2023regulatione-1993026580<\/a>\n|t:|1700257238\n|gametype|doubles\n|player|p1|Squirly|psychic-gen4|\n|player|p2|Jadedragon61|colress|\n|teamsize|p1|6\n|teamsize|p2|6\n|gen|9\n|tier|[Gen 9] VGC 2023 Regulation E\n|rule|Species Clause: Limit one of each Pok\u00e9mon\n|rule|Item Clause: Limit one of each item\n|clearpoke\n|poke|p1|Azumarill, L50, F|\n|poke|p1|Heatran, L50, M|\n|poke|p1|Amoonguss, L50, F|\n|poke|p1|Roaring Moon, L50|\n|poke|p1|Iron Hands, L50|\n|poke|p1|Landorus-Therian, L50, M|\n|poke|p2|Landorus-Therian, L50, M|\n|poke|p2|Iron Hands, L50|\n|poke|p2|Heatran, L50, F|\n|poke|p2|Sylveon, L50, M|\n|poke|p2|Sinistcha, L50|\n|poke|p2|Iron Bundle, L50|\n|teampreview|4\nJadedragon61 has agreed to open team sheets.\n|j| That_Leek\nSquirly has agreed to open team sheets.\n|showteam|p1|Azumarill||MysticWater|HugePower|AquaJet,Liquidation,PlayRough,Protect|||F|||50|,,,,,Water]Heatran||LifeOrb|FlashFire|HeatWave,FlashCannon,EarthPower,Protect|||M|||50|,,,,,Fairy]Amoonguss||SitrusBerry|Regenerator|Spore,RagePowder,PollenPuff,Protect|||F|||50|,,,,,Water]Roaring Moon||BoosterEnergy|Protosynthesis|KnockOff,Acrobatics,DragonDance,Protect||||||50|,,,,,Flying]Iron Hands||AssaultVest|QuarkDrive|FakeOut,WildCharge,DrainPunch,VoltSwitch||||||50|,,,,,Grass]Landorus-Therian||ChoiceScarf|Intimidate|StompingTantrum,TeraBlast,RockSlide,Uturn|||M|||50|,,,,,Flying\n|showteam|p2|Landorus-Therian||ChoiceScarf|Intimidate|StompingTantrum,RockSlide,Uturn,TeraBlast|||M|||50|,,,,,Flying]Iron Hands||AssaultVest|QuarkDrive|FakeOut,DrainPunch,HeavySlam,WildCharge||||||50|,,,,,Water]Heatran||LifeOrb|FlashFire|HeatWave,FlashCannon,EarthPower,Protect|||F|||50|,,,,,Grass]Sylveon||ThroatSpray|Pixilate|HyperVoice,TeraBlast,FakeTears,Detect|||M|||50|,,,,,Fire]Sinistcha||SitrusBerry|Hospitality|MatchaGotcha,TrickRoom,StrengthSap,RagePowder||||||50|,,,,,Water]Iron Bundle||BoosterEnergy|QuarkDrive|FreezeDry,HydroPump,IcyWind,Protect||||||50|,,,,,Poison\n|c|\u2606Jadedragon61|trans squad takes its first victim\n|j| lameliarleo\n|c| lameliarleo|One more\n|j| Kindakaon\n|j| Draxolotl\n|l| Kindakaon\n|\n|t:|1700257338\n|start\n|switch|p1a: Iron Hands|Iron Hands, L50|100\/100\n|switch|p1b: Heatran|Heatran, L50, M|100\/100\n|switch|p2a: Haitatsu!|Iron Bundle, L50, shiny|100\/100\n|switch|p2b: Atsui|Iron Hands, L50, shiny|100\/100\n|-enditem|p2a: Haitatsu!|Booster Energy\n|-activate|p2a: Haitatsu!|ability: Quark Drive|[fromitem]\n|-start|p2a: Haitatsu!|quarkdrivespe\n|turn|1\n|\n|t:|1700257380\n|-terastallize|p1b: Heatran|Fairy\n|move|p1a: Iron Hands|Fake Out|p2b: Atsui\n|-damage|p2b: Atsui|92\/100\n|cant|p2b: Atsui|flinch\n|move|p2a: Haitatsu!|Hydro Pump|p1b: Heatran\n|-damage|p1b: Heatran|48\/100\n|move|p1b: Heatran|Heat Wave|p2a: Haitatsu!|[spread] p2a,p2b\n|-crit|p2b: Atsui\n|-damage|p2a: Haitatsu!|9\/100\n|-damage|p2b: Atsui|38\/100\n|-damage|p1b: Heatran|38\/100|[from] item: Life Orb\n|\n|upkeep\n|turn|2\n|c| lameliarleo|W\n|c|\u2606Jadedragon61|oh shoot i thought my hands was faster\n|c|\u2606Jadedragon61|im in danger\n|c| That_Leek|Bros gonna switch into lando\n|\n|t:|1700257434\n|move|p2a: Haitatsu!|Hydro Pump|p1b: Heatran\n|-damage|p1b: Heatran|0 fnt\n|faint|p1b: Heatran\n|move|p1a: Iron Hands|Volt Switch|p2a: Haitatsu!\n|-supereffective|p2a: Haitatsu!\n|-damage|p2a: Haitatsu!|0 fnt\n|faint|p2a: Haitatsu!\n|-end|p2a: Haitatsu!|Quark Drive|[silent]\n|c|\u2606Jadedragon61|nah fam\n|\n|t:|1700257444\n|-end|p1a: Iron Hands|Quark Drive|[silent]\n|switch|p1a: Amoonguss|Amoonguss, L50, F|100\/100|[from] Volt Switch\n|move|p2b: Atsui|Drain Punch|p1a: Amoonguss\n|-resisted|p1a: Amoonguss\n|-damage|p1a: Amoonguss|82\/100\n|-heal|p2b: Atsui|47\/100|[from] drain|[of] p1a: Amoonguss\n|\n|upkeep\n|\n|t:|1700257458\n|switch|p2a: Kur\u012bmuk\u014dn|Landorus-Therian, L50, M, shiny|100\/100\n|switch|p1b: Iron Hands|Iron Hands, L50|100\/100\n|-ability|p2a: Kur\u012bmuk\u014dn|Intimidate|boost\n|-unboost|p1a: Amoonguss|atk|1\n|-unboost|p1b: Iron Hands|atk|1\n|turn|3\n|c|\u2606Jadedragon61|boo no effect spore amoongus\n|c| lameliarleo|Idk why not bring in sinis here\n|\n|t:|1700257487\n|-end|p2b: Atsui|Quark Drive|[silent]\n|switch|p2b: Ocha|Sinistcha, L50, shiny|100\/100\n|-terastallize|p2a: Kur\u012bmuk\u014dn|Flying\n|move|p1b: Iron Hands|Fake Out|p2a: Kur\u012bmuk\u014dn\n|-damage|p2a: Kur\u012bmuk\u014dn|88\/100\n|cant|p2a: Kur\u012bmuk\u014dn|flinch\n|move|p1a: Amoonguss|Spore|p2a: Kur\u012bmuk\u014dn\n|-status|p2a: Kur\u012bmuk\u014dn|slp|[from] move: Spore\n|\n|upkeep\n|turn|4\n|c|\u2606Jadedragon61|gg\n|c|\u2606Jadedragon61|well played\n|c| lameliarleo|You win i think\n|c|\u2606Jadedragon61|i dont\n|c|\u2606Jadedragon61|he can kill my lando because i terad\n|\n|t:|1700257538\n|cant|p2a: Kur\u012bmuk\u014dn|slp\n|move|p1b: Iron Hands|Volt Switch|p2a: Kur\u012bmuk\u014dn\n|-supereffective|p2a: Kur\u012bmuk\u014dn\n|-damage|p2a: Kur\u012bmuk\u014dn|56\/100 slp\n|c| lameliarleo|Spam rage powder wtf\n|\n|t:|1700257543\n|-end|p1b: Iron Hands|Quark Drive|[silent]\n|switch|p1b: Azumarill|Azumarill, L50, F|100\/100|[from] Volt Switch\n|move|p2b: Ocha|Strength Sap|p1b: Azumarill\n|-unboost|p1b: Azumarill|atk|1\n|move|p1a: Amoonguss|Spore|p2a: Kur\u012bmuk\u014dn\n|-fail|p2a: Kur\u012bmuk\u014dn|slp\n|\n|upkeep\n|turn|5\n|\n|t:|1700257558\n|move|p1a: Amoonguss|Rage Powder|p1a: Amoonguss\n|-singleturn|p1a: Amoonguss|move: Rage Powder\n|cant|p2a: Kur\u012bmuk\u014dn|slp\n|move|p1b: Azumarill|Liquidation|p2a: Kur\u012bmuk\u014dn\n|-damage|p2a: Kur\u012bmuk\u014dn|4\/100 slp\n|move|p2b: Ocha|Matcha Gotcha|p1a: Amoonguss|[spread] p1a,p1b\n|-resisted|p1a: Amoonguss\n|-supereffective|p1b: Azumarill\n|-damage|p1a: Amoonguss|76\/100\n|-damage|p1b: Azumarill|50\/100\n|\n|upkeep\n|turn|6\n|c|\u2606Jadedragon61|lando wake up pleez\n|c|\u2606Squirly|damn azu doesn't hit as hard as it used to\n|c| lameliarleo|I don't get this game\n|\n|t:|1700257599\n|switch|p1a: Iron Hands|Iron Hands, L50|100\/100\n|move|p1b: Azumarill|Protect|p1b: Azumarill\n|-singleturn|p1b: Azumarill|Protect\n|cant|p2a: Kur\u012bmuk\u014dn|slp\n|move|p2b: Ocha|Matcha Gotcha|p1b: Azumarill|[spread] p1a\n|-activate|p1b: Azumarill|move: Protect\n|-damage|p1a: Iron Hands|87\/100\n|\n|upkeep\n|turn|7\n|c| That_Leek|Pollen puff moment\n|c|\u2606Jadedragon61|dont have it\n|c| lameliarleo|Why aren't you redirecting\n|c| That_Leek|I meant into lando\n|c|\u2606Jadedragon61|need to kill azu\n|c| lameliarleo|No\n|c| lameliarleo|I'll explain after game\n|\n|t:|1700257650\n|switch|p2a: Atsui|Iron Hands, L50, shiny|47\/100\n|switch|p1b: Amoonguss|Amoonguss, L50, F|100\/100\n|move|p1a: Iron Hands|Fake Out|p2a: Atsui\n|-damage|p2a: Atsui|36\/100\n|move|p2b: Ocha|Matcha Gotcha|p1a: Iron Hands|[spread] p1a\n|-miss|p2b: Ocha|p1b: Amoonguss\n|-damage|p1a: Iron Hands|74\/100\n|-status|p1a: Iron Hands|brn\n|\n|-damage|p1a: Iron Hands|68\/100 brn|[from] brn\n|upkeep\n|turn|8\n|c|\u2606Jadedragon61|i dont have puff\n|l| lameliarleo\n|j| lameliarleo\n|c|\u2606Jadedragon61|shit sorry\n|\n|t:|1700257681\n|move|p2a: Atsui|Fake Out|p1b: Amoonguss\n|-crit|p1b: Amoonguss\n|-damage|p1b: Amoonguss|81\/100\n|move|p1a: Iron Hands|Drain Punch|p2a: Atsui\n|-damage|p2a: Atsui|23\/100\n|-heal|p1a: Iron Hands|75\/100 brn|[from] drain|[of] p2a: Atsui\n|move|p2b: Ocha|Matcha Gotcha|p1b: Amoonguss|[spread] p1a,p1b\n|-resisted|p1b: Amoonguss\n|-damage|p1a: Iron Hands|61\/100 brn\n|-damage|p1b: Amoonguss|75\/100\n|cant|p1b: Amoonguss|flinch\n|\n|-damage|p1a: Iron Hands|55\/100 brn|[from] brn\n|upkeep\n|turn|9\n|\n|t:|1700257697\n|move|p1a: Iron Hands|Drain Punch|p2a: Atsui\n|-damage|p2a: Atsui|9\/100\n|-heal|p1a: Iron Hands|63\/100 brn|[from] drain|[of] p2a: Atsui\n|move|p2a: Atsui|Drain Punch|p1a: Iron Hands\n|-damage|p1a: Iron Hands|30\/100 brn\n|-heal|p2a: Atsui|25\/100|[from] drain|[of] p1a: Iron Hands\n|move|p2b: Ocha|Matcha Gotcha|p1b: Amoonguss|[spread] p1a,p1b\n|-resisted|p1b: Amoonguss\n|-damage|p1a: Iron Hands|17\/100 brn\n|-damage|p1b: Amoonguss|69\/100\n|move|p1b: Amoonguss|Spore|p2a: Atsui\n|-status|p2a: Atsui|slp|[from] move: Spore\n|\n|-damage|p1a: Iron Hands|10\/100 brn|[from] brn\n|upkeep\n|turn|10\n|c| lameliarleo|This is just\n|c| lameliarleo|Pls\n|c| lameliarleo|Click\n|c| That_Leek|This pains me to watch\n|c| lameliarleo|Ikr\n|c| Draxolotl|Its joever\n|c|\u2606Jadedragon61|why would i rage powder\n|c|\u2606Jadedragon61|it makes no sense\n|c| Draxolotl|Ggs to sock for this\n|c| lameliarleo|???\n|c| That_Leek|This was even more scuffed than our mat h\n|c|\u2606Jadedragon61|i dont have pollen puff\n|c| lameliarleo|Hands and Azu can't kill sinis\n|c| That_Leek|And we had a dc\n|c| lameliarleo|Lando wakes up eventually\n|l| Draxolotl\n|c| lameliarleo|Since you keep redirecting them\n|c|\u2606Jadedragon61|one of these days\n|c| lameliarleo|And then it hits\n|\n|t:|1700257774\n|move|p1a: Iron Hands|Drain Punch|p2a: Atsui\n|-damage|p2a: Atsui|11\/100 slp\n|-heal|p1a: Iron Hands|18\/100 brn|[from] drain|[of] p2a: Atsui\n|cant|p2a: Atsui|slp\n|move|p2b: Ocha|Matcha Gotcha|p1b: Amoonguss|[spread] p1a,p1b\n|-resisted|p1b: Amoonguss\n|-damage|p1a: Iron Hands|4\/100 brn\n|-damage|p1b: Amoonguss|63\/100\n|move|p1b: Amoonguss|Pollen Puff|p1a: Iron Hands\n|-heal|p1a: Iron Hands|54\/100 brn\n|\n|-damage|p1a: Iron Hands|47\/100 brn|[from] brn\n|upkeep\n|turn|11\n|c|\u2606Jadedragon61|lando will wake up\n|c| lameliarleo|And here you just rage powder and heal up with Hands\n|\n|t:|1700257792\n|move|p1a: Iron Hands|Drain Punch|p2a: Atsui\n|-damage|p2a: Atsui|0 fnt\n|-heal|p1a: Iron Hands|53\/100 brn|[from] drain|[of] p2a: Atsui\n|faint|p2a: Atsui\n|-end|p2a: Atsui|Quark Drive|[silent]\n|move|p2b: Ocha|Matcha Gotcha|p1a: Iron Hands|[spread] p1b\n|-miss|p2b: Ocha|p1a: Iron Hands\n|-resisted|p1b: Amoonguss\n|-damage|p1b: Amoonguss|57\/100\n|move|p1b: Amoonguss|Pollen Puff|p1a: Iron Hands\n|-heal|p1a: Iron Hands|100\/100 brn\n|\n|-damage|p1a: Iron Hands|94\/100 brn|[from] brn\n|upkeep\n|c| lameliarleo|Or lose like that\n|\n|t:|1700257804\n|switch|p2a: Kur\u012bmuk\u014dn|Landorus-Therian, L50, M, shiny, tera:Flying|4\/100 slp\n|-ability|p2a: Kur\u012bmuk\u014dn|Intimidate|boost\n|-unboost|p1a: Iron Hands|atk|1\n|-unboost|p1b: Amoonguss|atk|1\n|turn|12\n|c| That_Leek|Finally he started to click the pp button\n|c|\u2606Jadedragon61|this is a close one\n|c| lameliarleo|(No he just Pollen puff kills hands)\n|c|\u2606Jadedragon61|he can definitely win if he plays the end game right\n|c| lameliarleo|At least rage powder this turn..\n|c|\u2606Jadedragon61|not much i can do though\n|\n|t:|1700257884\n|move|p1b: Amoonguss|Protect|p1b: Amoonguss\n|-singleturn|p1b: Amoonguss|Protect\n|move|p2b: Ocha|Rage Powder|p2b: Ocha\n|-singleturn|p2b: Ocha|move: Rage Powder\n|-curestatus|p2a: Kur\u012bmuk\u014dn|slp|[msg]\n|move|p2a: Kur\u012bmuk\u014dn|Tera Blast|p1b: Amoonguss|[anim] Tera Blast Flying\n|-activate|p1b: Amoonguss|move: Protect\n|move|p1a: Iron Hands|Volt Switch|p2b: Ocha\n|-resisted|p2b: Ocha\n|-damage|p2b: Ocha|94\/100\n|c| lameliarleo|FINALLY\n|\n|t:|1700257895\n|-end|p1a: Iron Hands|Quark Drive|[silent]\n|switch|p1a: Azumarill|Azumarill, L50, F|50\/100|[from] Volt Switch\n|\n|upkeep\n|turn|13\n|c| That_Leek|Nooo\n|\n|t:|1700257908\n|move|p2b: Ocha|Rage Powder|p2b: Ocha\n|-singleturn|p2b: Ocha|move: Rage Powder\n|move|p1b: Amoonguss|Rage Powder|p1b: Amoonguss\n|-singleturn|p1b: Amoonguss|move: Rage Powder\n|move|p1a: Azumarill|Aqua Jet|p2b: Ocha\n|-resisted|p2b: Ocha\n|-damage|p2b: Ocha|80\/100\n|move|p2a: Kur\u012bmuk\u014dn|Tera Blast|p1b: Amoonguss|[anim] Tera Blast Flying\n|-supereffective|p1b: Amoonguss\n|-damage|p1b: Amoonguss|0 fnt\n|faint|p1b: Amoonguss\n|\n|upkeep\n|\n|t:|1700257916\n|switch|p1b: Iron Hands|Iron Hands, L50|94\/100 brn\n|turn|14\n|c| lameliarleo|Yh you lose this because of fake out\n|c| That_Leek|he did the move\n|\n|t:|1700257930\n|move|p1b: Iron Hands|Fake Out|p2a: Kur\u012bmuk\u014dn\n|-crit|p2a: Kur\u012bmuk\u014dn\n|-damage|p2a: Kur\u012bmuk\u014dn|0 fnt\n|faint|p2a: Kur\u012bmuk\u014dn\n|move|p1a: Azumarill|Play Rough|p2b: Ocha\n|-damage|p2b: Ocha|25\/100\n|-enditem|p2b: Ocha|Sitrus Berry|[eat]\n|-heal|p2b: Ocha|49\/100|[from] item: Sitrus Berry\n|move|p2b: Ocha|Matcha Gotcha|p1b: Iron Hands|[spread] p1a,p1b\n|-supereffective|p1a: Azumarill\n|-damage|p1a: Azumarill|0 fnt\n|-heal|p2b: Ocha|77\/100|[from] drain|[of] p1a: Azumarill\n|-damage|p1b: Iron Hands|81\/100 brn\n|-heal|p2b: Ocha|86\/100|[from] drain|[of] p1b: Iron Hands\n|faint|p1a: Azumarill\n|\n|-damage|p1b: Iron Hands|75\/100 brn|[from] brn\n|upkeep\n|turn|15\n|c| That_Leek|Yeah but like\n|c| That_Leek|Matcha gothca\n|c| lameliarleo|Oh?\n|c|\u2606Jadedragon61|i think i win yeag\n|c| lameliarleo|Keep playing\n|\n|t:|1700257958\n|move|p1b: Iron Hands|Wild Charge|p2b: Ocha\n|-resisted|p2b: Ocha\n|-damage|p2b: Ocha|74\/100\n|-damage|p1b: Iron Hands|72\/100 brn|[from] Recoil\n|move|p2b: Ocha|Trick Room|p2b: Ocha\n|-fieldstart|move: Trick Room|[of] p2b: Ocha\n|\n|-damage|p1b: Iron Hands|66\/100 brn|[from] brn\n|upkeep\n|turn|16\n|\n|t:|1700257964\n|move|p2b: Ocha|Matcha Gotcha|p1b: Iron Hands\n|-damage|p1b: Iron Hands|46\/100 brn\n|-heal|p2b: Ocha|87\/100|[from] drain|[of] p1b: Iron Hands\n|move|p1b: Iron Hands|Wild Charge|p2b: Ocha\n|-resisted|p2b: Ocha\n|-crit|p2b: Ocha\n|-damage|p2b: Ocha|66\/100\n|-damage|p1b: Iron Hands|42\/100 brn|[from] Recoil\n|\n|-damage|p1b: Iron Hands|36\/100 brn|[from] brn\n|upkeep\n|turn|17\n|c| lameliarleo|And I'm going to rant about how you could've rage powdred the past 5 turns\n|\n|t:|1700257971\n|move|p2b: Ocha|Matcha Gotcha|p1b: Iron Hands\n|-damage|p1b: Iron Hands|18\/100 brn\n|-heal|p2b: Ocha|77\/100|[from] drain|[of] p1b: Iron Hands\n|move|p1b: Iron Hands|Wild Charge|p2b: Ocha\n|-resisted|p2b: Ocha\n|-damage|p2b: Ocha|63\/100\n|-damage|p1b: Iron Hands|16\/100 brn|[from] Recoil\n|\n|-damage|p1b: Iron Hands|10\/100 brn|[from] brn\n|upkeep\n|turn|18\n|c| That_Leek|This was an atrocity\n|\n|t:|1700257980\n|move|p2b: Ocha|Matcha Gotcha|p1b: Iron Hands\n|-damage|p1b: Iron Hands|0 fnt\n|-heal|p2b: Ocha|70\/100|[from] drain|[of] p1b: Iron Hands\n|faint|p1b: Iron Hands\n|-end|p1b: Iron Hands|Quark Drive|[silent]\n|\n|win|Jadedragon61\n|c|\u2606Jadedragon61|gg\n|c|\u2606Squirly|gg\n|c| That_Leek|AV Azu was the play\n|c|\u2606Squirly|no\n|c|\u2606Jadedragon61|didnt bring sylveon at all lol\n|l| That_Leek\n|c|\u2606Squirly|AV azu sucks\n|c| lameliarleo|Anyway\n|c|\u2606Jadedragon61|yeah it does\n|c|\u2606Squirly|used azu a ton back in series 1-3\n|c| lameliarleo|Rage Powder was so free\n|c|\u2606Jadedragon61|bro shut up\n|c|\u2606Jadedragon61|the games over\n|c|\u2606Jadedragon61|i won anyways\n|player|p2|Jadedragon61|colress\n","uploadtime":1700258059,"views":18,"p1id":"squirly","p2id":"jadedragon61","formatid":"gen9vgc2023regulatione","rating":0,"private":0,"password":""}