{"id":"gen9vgc2023regulatione-1987998134","p1":"PSmonteiro","p2":"bb_hachi8","format":"[Gen 9] VGC 2023 Regulation E","log":"|j|\u2606PSmonteiro\n|j|\u2606bb_hachi8\n|n|\u2606PSmonteiro|psmonteiro\n|n|\u2606bb_hachi8|bbhachi8\n|html|View the match progress at <a href=\"\/game-bestof3-gen9vgc2023regulatione-1987998133\">game-bestof3-gen9vgc2023regulatione-1987998133<\/a>\n|t:|1699657438\n|gametype|doubles\n|player|p1|PSmonteiro|drayden|\n|player|p2|bb_hachi8|veteranf|\n|teamsize|p1|6\n|teamsize|p2|6\n|gen|9\n|tier|[Gen 9] VGC 2023 Regulation E\n|rule|Species Clause: Limit one of each Pok\u00e9mon\n|rule|Item Clause: Limit one of each item\n|clearpoke\n|poke|p1|Indeedee-F, L50, F|\n|poke|p1|Armarouge, L50, F|\n|poke|p1|Ursaluna, L50, F|\n|poke|p1|Glastrier, L50|\n|poke|p1|Kingambit, L50, F|\n|poke|p1|Sinistcha-Masterpiece, L50|\n|poke|p2|Tornadus, L50, M|\n|poke|p2|Arcanine-Hisui, L50, M|\n|poke|p2|Iron Hands, L50|\n|poke|p2|Urshifu-*, L50, M|\n|poke|p2|Sinistcha, L50|\n|poke|p2|Chien-Pao, L50|\n|teampreview|4\nbb_hachi8 has agreed to open team sheets.\nPSmonteiro has agreed to open team sheets.\n|showteam|p1|Indeedee-F||Leftovers|PsychicSurge|TrickRoom,Psychic,FollowMe,HealPulse|||F|||50|,,,,,Steel]Armarouge||TwistedSpoon|FlashFire|AllySwitch,ExpandingForce,ArmorCannon,WideGuard|||F|||50|,,,,,Psychic]Ursaluna||FlameOrb|Guts|Protect,Facade,HeadlongRush,ShadowClaw|||F|||50|,,,,,Ghost]Glastrier||AssaultVest|ChillingNeigh|Avalanche,TeraBlast,StompingTantrum,CloseCombat||||||50|,,,,,Water]Kingambit||LifeOrb|Defiant|Protect,KowtowCleave,IronHead,SuckerPunch|||F|||50|,,,,,Dark]Sinistcha-Masterpiece||RedCard|Hospitality|TrickRoom,Scald,MatchaGotcha,StrengthSap||||||50|,,,,,Grass\n|showteam|p2|Tornadus||SharpBeak|Prankster|BleakwindStorm,Tailwind,Taunt,Leer|||M|||50|,,,,,Ghost]Arcanine-Hisui||ChoiceBand|Intimidate|ExtremeSpeed,RockSlide,FlareBlitz,TeraBlast|||M|||50|,,,,,Fairy]Iron Hands||ClearAmulet|QuarkDrive|FakeOut,WildCharge,CloseCombat,IcePunch||||||50|,,,,,Grass]Urshifu-Rapid-Strike||ChoiceScarf|UnseenFist|SurgingStrikes,AquaJet,CloseCombat,Uturn|||M|||50|,,,,,Water]Sinistcha||SitrusBerry|Heatproof|NastyPlot,RagePowder,ShadowBall,MatchaGotcha||||||50|,,,,,Steel]Chien-Pao||FocusSash|SwordofRuin|IceSpinner,SuckerPunch,LashOut,Protect||||||50|,,,,,Ghost\n|j| Rebornsan93\n|j| lucasarreguy\n|j| Marcostap\n|c| Marcostap|se matem\n|c| lucasarreguy|podem come\u00e7ar\n|j| ShimeNaruka\n|j| Yuri\n|\n|t:|1699657594\n|start\n|switch|p1a: Indeedee|Indeedee-F, L50, F|100\/100\n|switch|p1b: Armarouge|Armarouge, L50, F|100\/100\n|switch|p2a: Dollynho|Sinistcha, L50|100\/100\n|switch|p2b: Sherekan|Chien-Pao, L50|100\/100\n|-ability|p2b: Sherekan|Sword of Ruin\n|-fieldstart|move: Psychic Terrain|[from] ability: Psychic Surge|[of] p1a: Indeedee\n|turn|1\n|\n|t:|1699657640\n|move|p1b: Armarouge|Ally Switch|p1b: Armarouge\n|swap|p1b: Armarouge|0|[from] move: Ally Switch\n|move|p2b: Sherekan|Ice Spinner|p1a: Armarouge\n|-resisted|p1a: Armarouge\n|-damage|p1a: Armarouge|72\/100\n|-fieldend|move: Psychic Terrain\n|move|p2a: Dollynho|Shadow Ball|p1b: Indeedee\n|-immune|p1b: Indeedee\n|move|p1b: Indeedee|Trick Room|p1b: Indeedee\n|-fieldstart|move: Trick Room|[of] p1b: Indeedee\n|\n|upkeep\n|turn|2\n|\n|t:|1699657689\n|move|p1b: Indeedee|Follow Me|p1b: Indeedee\n|-singleturn|p1b: Indeedee|move: Follow Me\n|move|p1a: Armarouge|Armor Cannon|p2b: Sherekan\n|-supereffective|p2b: Sherekan\n|-enditem|p2b: Sherekan|Focus Sash\n|-damage|p2b: Sherekan|1\/100\n|-unboost|p1a: Armarouge|def|1\n|-unboost|p1a: Armarouge|spd|1\n|move|p2a: Dollynho|Shadow Ball|p1b: Indeedee\n|-immune|p1b: Indeedee\n|move|p2b: Sherekan|Lash Out|p1b: Indeedee\n|-supereffective|p1b: Indeedee\n|-damage|p1b: Indeedee|0 fnt\n|faint|p1b: Indeedee\n|\n|upkeep\n|\n|t:|1699657708\n|switch|p1b: Glastrier|Glastrier, L50|100\/100\n|turn|3\n|\n|t:|1699657755\n|switch|p1a: Ursaluna|Ursaluna, L50, F|100\/100\n|switch|p2a: Baguera|Arcanine-Hisui, L50, M, shiny|100\/100\n|-ability|p2a: Baguera|Intimidate|boost\n|-unboost|p1a: Ursaluna|atk|1\n|-unboost|p1b: Glastrier|atk|1\n|move|p2b: Sherekan|Protect|p2b: Sherekan\n|-singleturn|p2b: Sherekan|Protect\n|move|p1b: Glastrier|Stomping Tantrum|p2b: Sherekan\n|-activate|p2b: Sherekan|move: Protect\n|\n|-status|p1a: Ursaluna|brn|[from] item: Flame Orb\n|upkeep\n|turn|4\n|\n|t:|1699657869\n|switch|p2a: Dollynho|Sinistcha, L50|100\/100\n|-terastallize|p1b: Glastrier|Water\n|move|p2b: Sherekan|Sucker Punch|p1a: Ursaluna\n|-damage|p1a: Ursaluna|62\/100 brn\n|move|p1b: Glastrier|Tera Blast|p2a: Dollynho|[anim] Tera Blast Water\n|-resisted|p2a: Dollynho\n|-damage|p2a: Dollynho|79\/100\n|move|p1a: Ursaluna|Facade|p2b: Sherekan\n|-damage|p2b: Sherekan|0 fnt\n|faint|p2b: Sherekan\n|\n|-damage|p1a: Ursaluna|56\/100 brn|[from] brn\n|upkeep\n|l| Rebornsan93\n|\n|t:|1699657892\n|switch|p2b: Balu|Urshifu-Rapid-Strike, L50, M|100\/100\n|turn|5\n|j| Rebornsan93\n|\n|t:|1699657986\n|-terastallize|p2a: Dollynho|Steel\n|move|p2a: Dollynho|Rage Powder|p2a: Dollynho\n|-singleturn|p2a: Dollynho|move: Rage Powder\n|move|p1a: Ursaluna|Shadow Claw|p2a: Dollynho\n|-damage|p2a: Dollynho|50\/100\n|-enditem|p2a: Dollynho|Sitrus Berry|[eat]\n|-heal|p2a: Dollynho|75\/100|[from] item: Sitrus Berry\n|move|p2b: Balu|Surging Strikes|p1a: Ursaluna\n|-supereffective|p1a: Ursaluna\n|-crit|p1a: Ursaluna\n|-damage|p1a: Ursaluna|23\/100 brn\n|-supereffective|p1a: Ursaluna\n|-crit|p1a: Ursaluna\n|-damage|p1a: Ursaluna|0 fnt\n|faint|p1a: Ursaluna\n|-hitcount|p1: Ursaluna|2\n|move|p1b: Glastrier|Avalanche|p2a: Dollynho\n|-resisted|p2a: Dollynho\n|-damage|p2a: Dollynho|63\/100\n|\n|-fieldend|move: Trick Room\n|upkeep\n|\n|t:|1699658004\n|switch|p1a: Armarouge|Armarouge, L50, F|72\/100\n|turn|6\n|\n|t:|1699658047\n|move|p1a: Armarouge|Ally Switch|p1a: Armarouge\n|swap|p1a: Armarouge|1|[from] move: Ally Switch\n|move|p2b: Balu|Surging Strikes|p1a: Glastrier\n|-resisted|p1a: Glastrier\n|-crit|p1a: Glastrier\n|-damage|p1a: Glastrier|93\/100\n|-resisted|p1a: Glastrier\n|-crit|p1a: Glastrier\n|-damage|p1a: Glastrier|86\/100\n|-resisted|p1a: Glastrier\n|-crit|p1a: Glastrier\n|-damage|p1a: Glastrier|78\/100\n|-hitcount|p1a: Glastrier|3\n|move|p2a: Dollynho|Matcha Gotcha|p1a: Glastrier|[spread] p1a\n|-miss|p2a: Dollynho|p1b: Armarouge\n|-supereffective|p1a: Glastrier\n|-damage|p1a: Glastrier|48\/100\n|-heal|p2a: Dollynho|81\/100|[from] drain|[of] p1a: Glastrier\n|move|p1a: Glastrier|Stomping Tantrum|p2a: Dollynho\n|-supereffective|p2a: Dollynho\n|-damage|p2a: Dollynho|42\/100\n|\n|upkeep\n|turn|7\n|\n|t:|1699658084\n|move|p2b: Balu|Surging Strikes|p1b: Armarouge\n|-supereffective|p1b: Armarouge\n|-crit|p1b: Armarouge\n|-damage|p1b: Armarouge|31\/100\n|-supereffective|p1b: Armarouge\n|-crit|p1b: Armarouge\n|-damage|p1b: Armarouge|0 fnt\n|faint|p1b: Armarouge\n|-hitcount|p1: Armarouge|2\n|move|p2a: Dollynho|Matcha Gotcha|p1a: Glastrier\n|-supereffective|p1a: Glastrier\n|-crit|p1a: Glastrier\n|-damage|p1a: Glastrier|0 fnt\n|-heal|p2a: Dollynho|69\/100|[from] drain|[of] p1a: Glastrier\n|faint|p1a: Glastrier\n|\n|win|bb_hachi8\n","uploadtime":1699658092,"views":23,"p1id":"psmonteiro","p2id":"bbhachi8","formatid":"gen9vgc2023regulatione","rating":0,"private":0,"password":""}