{"id":"gen9vgc2023regulatione-1990837997","p1":"High Rat Lord","p2":"Atlat","format":"[Gen 9] VGC 2023 Regulation E","log":"|j|\u2606High Rat Lord\n|j|\u2606Atlat\n|n|\u2606High Rat Lord|highratlord\n|n|\u2606Atlat|atlat\n|html|View the match progress at <a href=\"\/game-bestof3-gen9vgc2023regulatione-1990837996\">game-bestof3-gen9vgc2023regulatione-1990837996<\/a>\n|t:|1700006072\n|gametype|doubles\n|player|p1|High Rat Lord|gentleman-gen4|\n|player|p2|Atlat|psychicf-gen4|\n|teamsize|p1|6\n|teamsize|p2|6\n|gen|9\n|tier|[Gen 9] VGC 2023 Regulation E\n|rule|Species Clause: Limit one of each Pok\u00e9mon\n|rule|Item Clause: Limit one of each item\n|clearpoke\n|poke|p1|Klefki, L50, F|\n|poke|p1|Ursaluna-Bloodmoon, L50, M|\n|poke|p1|Garganacl, L50, M|\n|poke|p1|Avalugg, L50, M|\n|poke|p1|Hariyama, L50, F|\n|poke|p1|Kingambit, L50, M|\n|poke|p2|Greavard, L50, M|\n|poke|p2|Skeledirge, L50, M|\n|poke|p2|Toedscruel, L50, F|\n|poke|p2|Chesnaught, L50, F|\n|poke|p2|Weezing, L50, F|\n|poke|p2|Whiscash, L50, M|\n|teampreview|4\n|\n|t:|1700006103\n|start\n|switch|p1a: Counter-Strike 2|Klefki, L50, F|100\/100\n|switch|p1b: Big Randy|Hariyama, L50, F|100\/100\n|switch|p2a: Weezing|Weezing, L50, F, shiny|100\/100\n|switch|p2b: Toedscruel|Toedscruel, L50, F|100\/100\n|-ability|p2a: Weezing|Neutralizing Gas\n|turn|1\n|\n|t:|1700006147\n|move|p1b: Big Randy|Fake Out|p2a: Weezing\n|-damage|p2a: Weezing|89\/100\n|move|p2b: Toedscruel|Spore|p1a: Counter-Strike 2\n|-status|p1a: Counter-Strike 2|slp|[from] move: Spore\n|cant|p2a: Weezing|flinch\n|cant|p1a: Counter-Strike 2|slp\n|\n|-status|p1b: Big Randy|brn|[from] item: Flame Orb\n|upkeep\n|turn|2\n|\n|t:|1700006174\n|switch|p1b: Withered Freddy|Ursaluna-Bloodmoon, L50, M|100\/100\n|move|p2b: Toedscruel|Earth Power|p1b: Withered Freddy\n|-damage|p1b: Withered Freddy|79\/100\n|-unboost|p1b: Withered Freddy|spd|1\n|move|p2a: Weezing|Heat Wave|p1a: Counter-Strike 2|[spread] p1a,p1b\n|-supereffective|p1a: Counter-Strike 2\n|-damage|p1a: Counter-Strike 2|58\/100 slp\n|-damage|p1b: Withered Freddy|59\/100\n|-curestatus|p1a: Counter-Strike 2|slp|[msg]\n|move|p1a: Counter-Strike 2|Trick Room|p1a: Counter-Strike 2\n|-fieldstart|move: Trick Room|[of] p1a: Counter-Strike 2\n|\n|upkeep\n|turn|3\n|\n|t:|1700006245\n|-terastallize|p2b: Toedscruel|Steel\n|move|p2a: Weezing|Protect|p2a: Weezing\n|-singleturn|p2a: Weezing|Protect\n|move|p1b: Withered Freddy|Blood Moon|p2b: Toedscruel\n|-resisted|p2b: Toedscruel\n|-damage|p2b: Toedscruel|68\/100\n|move|p1a: Counter-Strike 2|Light Screen|p1a: Counter-Strike 2\n|-sidestart|p1: High Rat Lord|move: Light Screen\n|move|p2b: Toedscruel|Spore|p1b: Withered Freddy\n|-status|p1b: Withered Freddy|slp|[from] move: Spore\n|\n|upkeep\n|turn|4\n|\n|t:|1700006264\n|cant|p1b: Withered Freddy|slp\n|move|p2a: Weezing|Heat Wave|p1b: Withered Freddy|[spread] p1a,p1b\n|-supereffective|p1a: Counter-Strike 2\n|-crit|p1b: Withered Freddy\n|-damage|p1a: Counter-Strike 2|28\/100\n|-damage|p1b: Withered Freddy|27\/100 slp\n|move|p1a: Counter-Strike 2|Reflect|p1a: Counter-Strike 2\n|-sidestart|p1: High Rat Lord|Reflect\n|move|p2b: Toedscruel|Light Screen|p2b: Toedscruel\n|-sidestart|p2: Atlat|move: Light Screen\n|\n|upkeep\n|turn|5\n|\n|t:|1700006284\n|cant|p1b: Withered Freddy|slp\n|move|p2a: Weezing|Heat Wave|p1b: Withered Freddy|[spread] p1a,p1b\n|-supereffective|p1a: Counter-Strike 2\n|-damage|p1a: Counter-Strike 2|0 fnt\n|-damage|p1b: Withered Freddy|14\/100 slp\n|faint|p1a: Counter-Strike 2\n|move|p2b: Toedscruel|Earth Power|p1b: Withered Freddy\n|-damage|p1b: Withered Freddy|0 fnt\n|faint|p1b: Withered Freddy\n|\n|upkeep\n|\n|t:|1700006293\n|switch|p1b: Big Randy|Hariyama, L50, F|100\/100 brn\n|switch|p1a: Agent Maine|Garganacl, L50, M|100\/100\n|turn|6\n|\n|t:|1700006320\n|switch|p2b: Skeledirge|Skeledirge, L50, M|100\/100\n|-item|p2b: Skeledirge|Air Balloon\n|move|p1b: Big Randy|Fake Out|p2b: Skeledirge\n|-immune|p2b: Skeledirge\n|move|p1a: Agent Maine|Salt Cure|p2b: Skeledirge\n|-supereffective|p2b: Skeledirge\n|-damage|p2b: Skeledirge|80\/100\n|-start|p2b: Skeledirge|Salt Cure\n|-enditem|p2b: Skeledirge|Air Balloon\n|move|p2a: Weezing|Taunt|p1a: Agent Maine\n|-start|p1a: Agent Maine|move: Taunt\n|\n|-damage|p1b: Big Randy|95\/100 brn|[from] brn\n|-damage|p2b: Skeledirge|68\/100|[from] Salt Cure\n|-fieldend|move: Trick Room\n|upkeep\n|turn|7\n|\n|t:|1700006350\n|move|p2a: Weezing|Heat Wave|p1a: Agent Maine|[spread] p1a,p1b\n|-resisted|p1a: Agent Maine\n|-damage|p1a: Agent Maine|96\/100\n|-damage|p1b: Big Randy|82\/100 brn\n|move|p2b: Skeledirge|Torch Song|p1b: Big Randy\n|-damage|p1b: Big Randy|56\/100 brn\n|-boost|p2b: Skeledirge|spa|1\n|move|p1b: Big Randy|Rock Slide|p2b: Skeledirge|[spread] p2a,p2b\n|-supereffective|p2b: Skeledirge\n|-damage|p2a: Weezing|82\/100\n|-damage|p2b: Skeledirge|54\/100\n|move|p1a: Agent Maine|Salt Cure|p2a: Weezing\n|-damage|p2a: Weezing|70\/100\n|-start|p2a: Weezing|Salt Cure\n|\n|-heal|p1a: Agent Maine|100\/100|[from] item: Leftovers\n|-damage|p1b: Big Randy|50\/100 brn|[from] brn\n|-damage|p2a: Weezing|58\/100|[from] Salt Cure\n|-damage|p2b: Skeledirge|42\/100|[from] Salt Cure\n|upkeep\n|turn|8\n|\n|t:|1700006383\n|-end|p2a: Weezing|ability: Neutralizing Gas\n|switch|p2a: Toedscruel|Toedscruel, L50, F, tera:Steel|68\/100\n|move|p2b: Skeledirge|Torch Song|p1b: Big Randy\n|-damage|p1b: Big Randy|16\/100 brn\n|-boost|p2b: Skeledirge|spa|1\n|move|p1b: Big Randy|Headlong Rush|p2b: Skeledirge\n|-supereffective|p2b: Skeledirge\n|-damage|p2b: Skeledirge|0 fnt\n|-unboost|p1b: Big Randy|def|1\n|-unboost|p1b: Big Randy|spd|1\n|faint|p2b: Skeledirge\n|move|p1a: Agent Maine|Body Press|p2a: Toedscruel\n|-supereffective|p2a: Toedscruel\n|-crit|p2a: Toedscruel\n|-damage|p2a: Toedscruel|0 fnt\n|faint|p2a: Toedscruel\n|\n|-damage|p1b: Big Randy|10\/100 brn|[from] brn\n|upkeep\n|\n|t:|1700006401\n|switch|p2a: Chesnaught|Chesnaught, L50, F, shiny|100\/100\n|switch|p2b: Weezing|Weezing, L50, F, shiny|58\/100\n|-ability|p2b: Weezing|Neutralizing Gas\n|turn|9\n|\n|t:|1700006437\n|move|p2a: Chesnaught|Iron Defense|p2a: Chesnaught\n|-boost|p2a: Chesnaught|def|2\n|move|p2b: Weezing|Heat Wave|p1b: Big Randy|[spread] p1b\n|-miss|p2b: Weezing|p1a: Agent Maine\n|-damage|p1b: Big Randy|0 fnt\n|faint|p1b: Big Randy\n|move|p1a: Agent Maine|Salt Cure|p2a: Chesnaught\n|-resisted|p2a: Chesnaught\n|-damage|p2a: Chesnaught|98\/100\n|\n|-end|p1a: Agent Maine|move: Taunt\n|upkeep\n|turn|10\n|\n|t:|1700006473\n|-terastallize|p1a: Agent Maine|Grass\n|move|p2a: Chesnaught|Iron Defense|p2a: Chesnaught\n|-boost|p2a: Chesnaught|def|2\n|move|p2b: Weezing|Taunt|p1a: Agent Maine\n|-start|p1a: Agent Maine|move: Taunt\n|move|p1a: Agent Maine|Salt Cure|p2b: Weezing\n|-damage|p2b: Weezing|48\/100\n|-start|p2b: Weezing|Salt Cure\n|\n|-damage|p2b: Weezing|35\/100|[from] Salt Cure\n|-sideend|p1: High Rat Lord|move: Light Screen\n|upkeep\n|turn|11\n|\n|t:|1700006539\n|move|p2a: Chesnaught|Body Press|p1a: Agent Maine\n|-damage|p1a: Agent Maine|58\/100\n|move|p2b: Weezing|Heat Wave|p1a: Agent Maine\n|-supereffective|p1a: Agent Maine\n|-damage|p1a: Agent Maine|25\/100\n|move|p1a: Agent Maine|Salt Cure|p2a: Chesnaught\n|-resisted|p2a: Chesnaught\n|-damage|p2a: Chesnaught|96\/100\n|\n|-heal|p1a: Agent Maine|31\/100|[from] item: Leftovers\n|-damage|p2b: Weezing|23\/100|[from] Salt Cure\n|-sideend|p1: High Rat Lord|Reflect\n|-sideend|p2: Atlat|move: Light Screen\n|upkeep\n|turn|12\n|c|\u2606Atlat|gg\n|\n|t:|1700006556\n|move|p2a: Chesnaught|Body Press|p1a: Agent Maine\n|-damage|p1a: Agent Maine|0 fnt\n|faint|p1a: Agent Maine\n|\n|win|Atlat\n|c|&|\/uhtml prompt-highratlord,High Rat Lord is ready for game 2!\n","uploadtime":1700006566,"views":54,"p1id":"highratlord","p2id":"atlat","formatid":"gen9vgc2023regulatione","rating":0,"private":0,"password":""}