{"id":"gen9vgc2023regulatione-1998712420","p1":"mitomchuacayhh7","p2":"RLisanidiot","format":"[Gen 9] VGC 2023 Regulation E","log":"|j|\u2606mitomchuacayhh7\n|j|\u2606RLisanidiot\n|t:|1700976342\n|gametype|doubles\n|player|p1|mitomchuacayhh7|169|1022\n|player|p2|RLisanidiot|cynthia-masters|1000\n|teamsize|p1|6\n|teamsize|p2|6\n|gen|9\n|tier|[Gen 9] VGC 2023 Regulation E\n|rated|\n|rule|Species Clause: Limit one of each Pok\u00e9mon\n|rule|Item Clause: Limit one of each item\n|clearpoke\n|poke|p1|Lilligant-Hisui, L50, F|\n|poke|p1|Dipplin, L50, M|\n|poke|p1|Delphox, L50, F|\n|poke|p1|Clefairy, L50, F|\n|poke|p1|Dragonite, L50, M|\n|poke|p1|Tornadus, L50, M|\n|poke|p2|Ninetales-Alola, L50, F|\n|poke|p2|Chien-Pao, L50|\n|poke|p2|Flutter Mane, L50|\n|poke|p2|Tornadus, L50, M|\n|poke|p2|Pachirisu, L50, M|\n|poke|p2|Landorus-Therian, L50, M|\n|teampreview|4\n|inactive|Battle timer is ON: inactive players will automatically lose when time's up. (requested by RLisanidiot)\n|inactive|mitomchuacayhh7 has 60 seconds left.\n|inactive|RLisanidiot has 60 seconds left.\nRLisanidiot has agreed to open team sheets.\n|\n|t:|1700976382\n|start\n|switch|p1a: Dragonite|Dragonite, L50, M|100\/100\n|switch|p1b: Tornadus|Tornadus, L50, M|100\/100\n|switch|p2a: Tornadus|Tornadus, L50, M|100\/100\n|switch|p2b: Landorus|Landorus-Therian, L50, M, shiny|100\/100\n|-ability|p2b: Landorus|Intimidate|boost\n|-unboost|p1a: Dragonite|atk|1\n|-unboost|p1b: Tornadus|atk|1\n|turn|1\n|inactive|mitomchuacayhh7 has 30 seconds left.\n|inactive|mitomchuacayhh7 has 20 seconds left.\n|inactive|mitomchuacayhh7 has 15 seconds left.\n|inactive|mitomchuacayhh7 has 10 seconds left.\n|\n|t:|1700976428\n|move|p1b: Tornadus|Tailwind|p1b: Tornadus\n|-sidestart|p1: mitomchuacayhh7|move: Tailwind\n|move|p2a: Tornadus|Taunt|p1b: Tornadus\n|-start|p1b: Tornadus|move: Taunt\n|-enditem|p1b: Tornadus|Mental Herb\n|-end|p1b: Tornadus|move: Taunt\n|move|p1a: Dragonite|Dragon Dance|p1a: Dragonite\n|-boost|p1a: Dragonite|atk|1\n|-boost|p1a: Dragonite|spe|1\n|move|p2b: Landorus|U-turn|p1a: Dragonite\n|-resisted|p1a: Dragonite\n|-damage|p1a: Dragonite|95\/100\n|\n|t:|1700976441\n|switch|p2b: Chien-Pao|Chien-Pao, L50|100\/100|[from] U-turn\n|-ability|p2b: Chien-Pao|Sword of Ruin\n|\n|-heal|p1a: Dragonite|100\/100|[from] item: Leftovers\n|upkeep\n|turn|2\n|inactive|mitomchuacayhh7 has 30 seconds left.\n|\n|t:|1700976468\n|-terastallize|p1a: Dragonite|Normal\n|move|p1a: Dragonite|Extreme Speed|p2b: Chien-Pao\n|-damage|p2b: Chien-Pao|47\/100\n|move|p1b: Tornadus|Taunt|p2a: Tornadus\n|-start|p2a: Tornadus|move: Taunt\n|-enditem|p2a: Tornadus|Mental Herb\n|-end|p2a: Tornadus|move: Taunt\n|move|p2a: Tornadus|Tailwind|p2a: Tornadus\n|-sidestart|p2: RLisanidiot|move: Tailwind\n|move|p2b: Chien-Pao|Ice Spinner|p1b: Tornadus\n|-supereffective|p1b: Tornadus\n|-damage|p1b: Tornadus|0 fnt\n|faint|p1b: Tornadus\n|\n|upkeep\n|\n|t:|1700976491\n|switch|p1b: Clefairy|Clefairy, L50, F|100\/100\n|turn|3\n|\n|t:|1700976507\n|switch|p2b: Landorus|Landorus-Therian, L50, M, shiny|100\/100\n|-ability|p2b: Landorus|Intimidate|boost\n|-unboost|p1a: Dragonite|atk|1\n|-unboost|p1b: Clefairy|atk|1\n|move|p1a: Dragonite|Extreme Speed|p2b: Landorus\n|-damage|p2b: Landorus|65\/100\n|move|p2a: Tornadus|Bleakwind Storm|p1b: Clefairy|[spread] p1a\n|-miss|p2a: Tornadus|p1b: Clefairy\n|-damage|p1a: Dragonite|90\/100\n|move|p1b: Clefairy|Thunder Wave|p2a: Tornadus\n|-status|p2a: Tornadus|par\n|\n|-heal|p1a: Dragonite|96\/100|[from] item: Leftovers\n|upkeep\n|turn|4\n|inactive|mitomchuacayhh7 has 30 seconds left.\n|inactive|RLisanidiot has 30 seconds left.\n|\n|t:|1700976539\n|move|p1a: Dragonite|Protect|p1a: Dragonite\n|-singleturn|p1a: Dragonite|Protect\n|move|p1b: Clefairy|Follow Me|p1b: Clefairy\n|-singleturn|p1b: Clefairy|move: Follow Me\n|cant|p2a: Tornadus|par\n|move|p2b: Landorus|U-turn|p1b: Clefairy\n|-resisted|p1b: Clefairy\n|-damage|p1b: Clefairy|91\/100\n|\n|t:|1700976547\n|switch|p2b: Chien-Pao|Chien-Pao, L50|47\/100|[from] U-turn\n|-ability|p2b: Chien-Pao|Sword of Ruin\n|\n|-heal|p1a: Dragonite|100\/100|[from] item: Leftovers\n|-sideend|p1: mitomchuacayhh7|move: Tailwind\n|upkeep\n|turn|5\n|\n|t:|1700976562\n|switch|p2b: Landorus|Landorus-Therian, L50, M, shiny|65\/100\n|-ability|p2b: Landorus|Intimidate|boost\n|-unboost|p1a: Dragonite|atk|1\n|-unboost|p1b: Clefairy|atk|1\n|move|p2a: Tornadus|Taunt|p1b: Clefairy\n|-start|p1b: Clefairy|move: Taunt\n|move|p1a: Dragonite|Dragon Dance|p1a: Dragonite\n|-boost|p1a: Dragonite|atk|1\n|-boost|p1a: Dragonite|spe|1\n|cant|p1b: Clefairy|move: Taunt|Thunder Wave\n|\n|-sideend|p2: RLisanidiot|move: Tailwind\n|upkeep\n|turn|6\n|inactive|mitomchuacayhh7 has 30 seconds left.\n|\n|t:|1700976590\n|switch|p1b: Delphox|Delphox, L50, F|100\/100\n|move|p1a: Dragonite|Extreme Speed|p2a: Tornadus\n|-damage|p2a: Tornadus|71\/100 par\n|move|p2b: Landorus|Sandsear Storm|p1b: Delphox|[spread] p1a,p1b\n|-supereffective|p1b: Delphox\n|-damage|p1a: Dragonite|83\/100\n|-damage|p1b: Delphox|24\/100\n|-status|p1a: Dragonite|brn\n|cant|p2a: Tornadus|par\n|\n|-heal|p1a: Dragonite|89\/100 brn|[from] item: Leftovers\n|-damage|p1a: Dragonite|83\/100 brn|[from] brn\n|upkeep\n|turn|7\n|\n|t:|1700976614\n|move|p2a: Tornadus|Rain Dance|p2a: Tornadus\n|-weather|RainDance\n|move|p1a: Dragonite|Dragon Dance|p1a: Dragonite\n|-boost|p1a: Dragonite|atk|1\n|-boost|p1a: Dragonite|spe|1\n|move|p2b: Landorus|Sandsear Storm|p1b: Delphox|[spread] p1a,p1b\n|-supereffective|p1b: Delphox\n|-damage|p1a: Dragonite|49\/100 brn\n|-damage|p1b: Delphox|0 fnt\n|faint|p1b: Delphox\n|\n|-weather|RainDance|[upkeep]\n|-heal|p1a: Dragonite|55\/100 brn|[from] item: Leftovers\n|-damage|p1a: Dragonite|49\/100 brn|[from] brn\n|upkeep\n|\n|t:|1700976627\n|switch|p1b: Clefairy|Clefairy, L50, F|91\/100\n|turn|8\n|-message|mitomchuacayhh7 forfeited.\n|\n|win|RLisanidiot\n|raw|mitomchuacayhh7's rating: 1022 &rarr; <strong>1008<\/strong><br \/>(-14 for losing)\n|raw|RLisanidiot's rating: 1000 &rarr; <strong>1043<\/strong><br \/>(+43 for winning)\n|l|\u2606mitomchuacayhh7\n","uploadtime":1700976635,"views":13,"p1id":"mitomchuacayhh7","p2id":"rlisanidiot","formatid":"gen9vgc2023regulatione","rating":1008,"private":0,"password":""}