{"id":"gen9vgc2023regulatione-1999687600","p1":"Manicminor7","p2":"Kzjrzl","format":"[Gen 9] VGC 2023 Regulation E","log":"|j|\u2606Manicminor7\n|j|\u2606Kzjrzl\n|t:|1701107880\n|gametype|doubles\n|player|p1|Manicminor7|saturn|1109\n|player|p2|Kzjrzl|lance|1159\n|teamsize|p1|6\n|teamsize|p2|6\n|gen|9\n|tier|[Gen 9] VGC 2023 Regulation E\n|rated|\n|rule|Species Clause: Limit one of each Pok\u00e9mon\n|rule|Item Clause: Limit one of each item\n|clearpoke\n|poke|p1|Charjabug, L50, M|\n|poke|p1|Chi-Yu, L50|\n|poke|p1|Flutter Mane, L50|\n|poke|p1|Gyarados, L50, F|\n|poke|p1|Landorus-Therian, L50, M|\n|poke|p1|Amoonguss, L50, M|\n|poke|p2|Flutter Mane, L50|\n|poke|p2|Tornadus, L50, M|\n|poke|p2|Rillaboom, L50, F|\n|poke|p2|Garganacl, L50, F|\n|poke|p2|Arcanine-Hisui, L50, M|\n|poke|p2|Chien-Pao, L50|\n|teampreview|4\n|inactive|Battle timer is ON: inactive players will automatically lose when time's up. (requested by Manicminor7)\n|inactive|Manicminor7 has 60 seconds left.\n|inactive|Manicminor7 has 30 seconds left.\n|\n|t:|1701107942\n|start\n|switch|p1a: Gyarados|Gyarados, L50, F|100\/100\n|switch|p1b: Amoonguss|Amoonguss, L50, M|100\/100\n|switch|p2a: Tornadus|Tornadus, L50, M|100\/100\n|switch|p2b: Garganacl|Garganacl, L50, F|100\/100\n|-ability|p1a: Gyarados|Intimidate|boost\n|-unboost|p2a: Tornadus|atk|1\n|-unboost|p2b: Garganacl|atk|1\n|turn|1\n|\n|t:|1701107967\n|-terastallize|p2b: Garganacl|Ghost\n|move|p1b: Amoonguss|Rage Powder|p1b: Amoonguss\n|-singleturn|p1b: Amoonguss|move: Rage Powder\n|move|p2a: Tornadus|Taunt|p1b: Amoonguss\n|-start|p1b: Amoonguss|move: Taunt\n|move|p1a: Gyarados|Taunt|p2a: Tornadus\n|-start|p2a: Tornadus|move: Taunt\n|move|p2b: Garganacl|Salt Cure|p1b: Amoonguss\n|-damage|p1b: Amoonguss|91\/100\n|-start|p1b: Amoonguss|Salt Cure\n|\n|-heal|p1b: Amoonguss|96\/100|[from] item: Leftovers\n|-damage|p1b: Amoonguss|84\/100|[from] Salt Cure\n|upkeep\n|turn|2\n|\n|t:|1701107988\n|move|p1a: Gyarados|Protect|p1a: Gyarados\n|-singleturn|p1a: Gyarados|Protect\n|move|p2a: Tornadus|Bleakwind Storm|p1b: Amoonguss|[spread] \n|-activate|p1a: Gyarados|move: Protect\n|-miss|p2a: Tornadus|p1b: Amoonguss\n|move|p2b: Garganacl|Salt Cure|p1a: Gyarados\n|-activate|p1a: Gyarados|move: Protect\n|move|p1b: Amoonguss|Leaf Storm|p2b: Garganacl\n|-damage|p2b: Garganacl|65\/100\n|-unboost|p1b: Amoonguss|spa|2\n|\n|-heal|p1b: Amoonguss|90\/100|[from] item: Leftovers\n|-damage|p1b: Amoonguss|78\/100|[from] Salt Cure\n|upkeep\n|turn|3\n|\n|t:|1701108010\n|switch|p1b: Charjabug|Charjabug, L50, M|100\/100\n|move|p2a: Tornadus|Bleakwind Storm|p1a: Gyarados|[spread] p1a\n|-miss|p2a: Tornadus|p1b: Charjabug\n|-damage|p1a: Gyarados|80\/100\n|move|p1a: Gyarados|Waterfall|p2b: Garganacl\n|-crit|p2b: Garganacl\n|-damage|p2b: Garganacl|30\/100\n|-enditem|p2b: Garganacl|Sitrus Berry|[eat]\n|-heal|p2b: Garganacl|55\/100|[from] item: Sitrus Berry\n|cant|p2b: Garganacl|flinch\n|\n|upkeep\n|turn|4\n|\n|t:|1701108032\n|move|p1a: Gyarados|Protect|p1a: Gyarados\n|-singleturn|p1a: Gyarados|Protect\n|move|p2a: Tornadus|Bleakwind Storm|p1b: Charjabug|[spread] p1b\n|-activate|p1a: Gyarados|move: Protect\n|-damage|p1b: Charjabug|77\/100\n|move|p1b: Charjabug|Thunder Wave|p2b: Garganacl\n|-immune|p2b: Garganacl|[from] ability: Purifying Salt\n|move|p2b: Garganacl|Salt Cure|p1a: Gyarados\n|-activate|p1a: Gyarados|move: Protect\n|\n|-end|p2a: Tornadus|move: Taunt\n|upkeep\n|turn|5\n|\n|t:|1701108058\n|move|p2a: Tornadus|Taunt|p1a: Gyarados\n|-start|p1a: Gyarados|move: Taunt\n|move|p1a: Gyarados|Waterfall|p2b: Garganacl\n|-damage|p2b: Garganacl|28\/100\n|move|p1b: Charjabug|Struggle Bug|p2b: Garganacl|[spread] p2a,p2b\n|-resisted|p2a: Tornadus\n|-resisted|p2b: Garganacl\n|-damage|p2a: Tornadus|97\/100\n|-damage|p2b: Garganacl|25\/100\n|-unboost|p2a: Tornadus|spa|1\n|-unboost|p2b: Garganacl|spa|1\n|cant|p2b: Garganacl|flinch\n|\n|upkeep\n|turn|6\n|\n|t:|1701108078\n|move|p2a: Tornadus|Bleakwind Storm|p1b: Charjabug|[spread] p1a,p1b\n|-crit|p1b: Charjabug\n|-damage|p1a: Gyarados|66\/100\n|-damage|p1b: Charjabug|43\/100\n|move|p1a: Gyarados|Waterfall|p2b: Garganacl\n|-damage|p2b: Garganacl|0 fnt\n|faint|p2b: Garganacl\n|move|p1b: Charjabug|Sticky Web|p2a: Tornadus\n|-sidestart|p2: Kzjrzl|move: Sticky Web\n|\n|upkeep\n|\n|t:|1701108088\n|switch|p2b: Arcanine|Arcanine-Hisui, L50, M|100\/100\n|-activate|p2b: Arcanine|move: Sticky Web\n|-unboost|p2b: Arcanine|spe|1\n|-ability|p2b: Arcanine|Intimidate|boost\n|-fail|p1a: Gyarados|unboost|[from] item: Clear Amulet|[of] p1a: Gyarados\n|-unboost|p1b: Charjabug|atk|1\n|turn|7\n|\n|t:|1701108106\n|move|p2a: Tornadus|Tailwind|p2a: Tornadus\n|-sidestart|p2: Kzjrzl|move: Tailwind\n|move|p2b: Arcanine|Rock Slide|p1a: Gyarados|[spread] p1a,p1b\n|-supereffective|p1a: Gyarados\n|-supereffective|p1b: Charjabug\n|-damage|p1a: Gyarados|0 fnt\n|-damage|p1b: Charjabug|0 fnt\n|faint|p1a: Gyarados\n|faint|p1b: Charjabug\n|\n|upkeep\n|\n|t:|1701108120\n|switch|p1a: Amoonguss|Amoonguss, L50, M|100\/100\n|switch|p1b: Flutter Mane|Flutter Mane, L50|100\/100\n|turn|8\n|\n|t:|1701108142\n|-terastallize|p1a: Amoonguss|Water\n|move|p2a: Tornadus|Taunt|p1a: Amoonguss\n|-start|p1a: Amoonguss|move: Taunt\n|move|p2b: Arcanine|Rock Slide|p1a: Amoonguss|[spread] p1a,p1b\n|-damage|p1a: Amoonguss|58\/100\n|-damage|p1b: Flutter Mane|8\/100\n|cant|p1b: Flutter Mane|flinch\n|cant|p1a: Amoonguss|flinch\n|\n|-heal|p1a: Amoonguss|64\/100|[from] item: Leftovers\n|upkeep\n|turn|9\n|-message|Manicminor7 forfeited.\n|\n|win|Kzjrzl\n|raw|Manicminor7's rating: 1109 &rarr; <strong>1088<\/strong><br \/>(-21 for losing)\n|raw|Kzjrzl's rating: 1159 &rarr; <strong>1180<\/strong><br \/>(+21 for winning)\n|l|\u2606Manicminor7\n","uploadtime":1701108159,"views":1,"p1id":"manicminor7","p2id":"kzjrzl","formatid":"gen9vgc2023regulatione","rating":1088,"private":0,"password":""}