{"id":"gen9vgc2023regulatione-1995658153","p1":"AidenGod19","p2":"Kaneiki","format":"[Gen 9] VGC 2023 Regulation E","log":"|j|\u2606AidenGod19\n|j|\u2606Kaneiki\n|t:|1700591465\n|gametype|doubles\n|player|p1|AidenGod19|hilbert|1512\n|player|p2|Kaneiki|dawn|1495\n|teamsize|p1|6\n|teamsize|p2|6\n|gen|9\n|tier|[Gen 9] VGC 2023 Regulation E\n|rated|\n|rule|Species Clause: Limit one of each Pok\u00e9mon\n|rule|Item Clause: Limit one of each item\n|clearpoke\n|poke|p1|Ursaluna, L50, F|\n|poke|p1|Armarouge, L50, M|\n|poke|p1|Indeedee-F, L50, F|\n|poke|p1|Torkoal, L50, M|\n|poke|p1|Cresselia, L50, F|\n|poke|p1|Snorlax, L50, M|\n|poke|p2|Rillaboom, L50, M|\n|poke|p2|Gholdengo, L50|\n|poke|p2|Urshifu-*, L50, F|\n|poke|p2|Tornadus, L50, M|\n|poke|p2|Arcanine-Hisui, L50, F|\n|poke|p2|Flutter Mane, L50|\n|teampreview|4\n|inactive|Battle timer is ON: inactive players will automatically lose when time's up. (requested by Kaneiki)\n|inactive|AidenGod19 has 60 seconds left.\n|\n|t:|1700591513\n|start\n|switch|p1a: Indeedee|Indeedee-F, L50, F, shiny|100\/100\n|switch|p1b: Armarouge|Armarouge, L50, M|100\/100\n|switch|p2a: Tornadus|Tornadus, L50, M|100\/100\n|switch|p2b: Urshifu|Urshifu-Rapid-Strike, L50, F|100\/100\n|-fieldstart|move: Psychic Terrain|[from] ability: Psychic Surge|[of] p1a: Indeedee\n|-enditem|p1a: Indeedee|Psychic Seed\n|-boost|p1a: Indeedee|spd|1|[from] item: Psychic Seed\n|turn|1\n|\n|t:|1700591537\n|switch|p2b: Rillaboom|Rillaboom, L50, M|100\/100\n|-fieldstart|move: Grassy Terrain|[from] ability: Grassy Surge|[of] p2b: Rillaboom\n|move|p1a: Indeedee|Follow Me|p1a: Indeedee\n|-singleturn|p1a: Indeedee|move: Follow Me\n|move|p2a: Tornadus|Taunt|p1a: Indeedee\n|-start|p1a: Indeedee|move: Taunt\n|move|p1b: Armarouge|Trick Room|p1b: Armarouge\n|-fieldstart|move: Trick Room|[of] p1b: Armarouge\n|\n|upkeep\n|turn|2\n|inactive|AidenGod19 has 30 seconds left.\n|inactive|Kaneiki has 30 seconds left.\n|\n|t:|1700591566\n|switch|p1a: Snorlax|Snorlax, L50, M, shiny|100\/100\n|move|p2b: Rillaboom|Fake Out|p1b: Armarouge\n|-damage|p1b: Armarouge|87\/100\n|move|p2a: Tornadus|Rain Dance|p2a: Tornadus\n|-weather|RainDance\n|move|p1b: Armarouge|Expanding Force|p2a: Tornadus\n|-damage|p2a: Tornadus|42\/100\n|\n|-weather|RainDance|[upkeep]\n|-heal|p1b: Armarouge|93\/100|[from] Grassy Terrain\n|upkeep\n|turn|3\n|inactive|AidenGod19 has 30 seconds left.\n|inactive|Kaneiki has 30 seconds left.\n|inactive|AidenGod19 has 20 seconds left.\n|inactive|Kaneiki has 20 seconds left.\n|inactive|AidenGod19 has 15 seconds left.\n|inactive|Kaneiki has 15 seconds left.\n|inactive|Kaneiki has 10 seconds left.\n|\n|t:|1700591613\n|switch|p2b: Gholdengo|Gholdengo, L50|100\/100\n|move|p2a: Tornadus|Taunt|p1a: Snorlax\n|-start|p1a: Snorlax|move: Taunt\n|cant|p1a: Snorlax|move: Taunt|Belly Drum\n|move|p1b: Armarouge|Expanding Force|p2a: Tornadus\n|-damage|p2a: Tornadus|0 fnt\n|faint|p2a: Tornadus\n|\n|-weather|RainDance|[upkeep]\n|-heal|p1b: Armarouge|99\/100|[from] Grassy Terrain\n|upkeep\n|\n|t:|1700591623\n|switch|p2a: Urshifu|Urshifu-Rapid-Strike, L50, F|100\/100\n|turn|4\n|\n|t:|1700591648\n|switch|p1a: Indeedee|Indeedee-F, L50, F, shiny|100\/100\n|-fieldstart|move: Psychic Terrain|[from] ability: Psychic Surge|[of] p1a: Indeedee\n|-terastallize|p2a: Urshifu|Water\n|move|p1b: Armarouge|Wide Guard|p1b: Armarouge\n|-singleturn|p1b: Armarouge|Wide Guard\n|move|p2b: Gholdengo|Nasty Plot|p2b: Gholdengo\n|-boost|p2b: Gholdengo|spa|2\n|move|p2a: Urshifu|Surging Strikes|p1b: Armarouge\n|-supereffective|p1b: Armarouge\n|-crit|p1b: Armarouge\n|-damage|p1b: Armarouge|0 fnt\n|faint|p1b: Armarouge\n|-hitcount|p1: Armarouge|1\n|\n|-weather|RainDance|[upkeep]\n|upkeep\n|\n|t:|1700591669\n|switch|p1b: Torkoal|Torkoal, L50, M|100\/100\n|-weather|SunnyDay|[from] ability: Drought|[of] p1b: Torkoal\n|turn|5\n|inactive|Kaneiki has 30 seconds left.\n|\n|t:|1700591695\n|move|p2b: Gholdengo|Protect|p2b: Gholdengo\n|-singleturn|p2b: Gholdengo|Protect\n|move|p2a: Urshifu|Detect|p2a: Urshifu\n|-singleturn|p2a: Urshifu|Protect\n|move|p1a: Indeedee|Follow Me|p1a: Indeedee\n|-singleturn|p1a: Indeedee|move: Follow Me\n|move|p1b: Torkoal|Eruption|p2a: Urshifu|[spread] \n|-activate|p2a: Urshifu|move: Protect\n|-activate|p2b: Gholdengo|move: Protect\n|\n|-weather|SunnyDay|[upkeep]\n|-fieldend|move: Trick Room\n|upkeep\n|turn|6\n|inactive|AidenGod19 has 30 seconds left.\n|\n|t:|1700591721\n|move|p1b: Torkoal|Protect|p1b: Torkoal\n|-singleturn|p1b: Torkoal|Protect\n|move|p2a: Urshifu|Surging Strikes|p1b: Torkoal\n|-supereffective|p1b: Torkoal\n|-crit|p1b: Torkoal\n|-damage|p1b: Torkoal|73\/100\n|-supereffective|p1b: Torkoal\n|-crit|p1b: Torkoal\n|-damage|p1b: Torkoal|47\/100\n|-supereffective|p1b: Torkoal\n|-crit|p1b: Torkoal\n|-damage|p1b: Torkoal|21\/100\n|-hitcount|p1b: Torkoal|3\n|move|p2b: Gholdengo|Make It Rain|p1b: Torkoal|[spread] p1a\n|-activate|p1b: Torkoal|move: Protect\n|-damage|p1a: Indeedee|24\/100\n|-unboost|p2b: Gholdengo|spa|1\n|move|p1a: Indeedee|Trick Room|p1a: Indeedee\n|-fieldstart|move: Trick Room|[of] p1a: Indeedee\n|\n|-weather|SunnyDay|[upkeep]\n|upkeep\n|turn|7\n|inactive|AidenGod19 has 30 seconds left.\n|inactive|Kaneiki has 30 seconds left.\n|inactive|AidenGod19 has 20 seconds left.\n|inactive|Kaneiki has 20 seconds left.\n|inactive|Kaneiki has 15 seconds left.\n|inactive|Kaneiki has 10 seconds left.\n|inactive|Kaneiki has 5 seconds left.\n|\n|t:|1700591773\n|switch|p2b: Rillaboom|Rillaboom, L50, M|100\/100\n|-fieldstart|move: Grassy Terrain|[from] ability: Grassy Surge|[of] p2b: Rillaboom\n|move|p2a: Urshifu|Aqua Jet|p1b: Torkoal\n|-supereffective|p1b: Torkoal\n|-damage|p1b: Torkoal|0 fnt\n|faint|p1b: Torkoal\n|move|p1a: Indeedee|Heal Pulse|p1: Torkoal|[notarget]\n|-fail|p1a: Indeedee\n|\n|-weather|SunnyDay|[upkeep]\n|-heal|p1a: Indeedee|30\/100|[from] Grassy Terrain\n|upkeep\n|\n|t:|1700591779\n|switch|p1b: Snorlax|Snorlax, L50, M, shiny|100\/100\n|turn|8\n|-message|AidenGod19 forfeited.\n|\n|win|Kaneiki\n|raw|AidenGod19's rating: 1512 &rarr; <strong>1491<\/strong><br \/>(-21 for losing)\n|raw|Kaneiki's rating: 1495 &rarr; <strong>1516<\/strong><br \/>(+21 for winning)\n|l|\u2606AidenGod19\n","uploadtime":1700591811,"views":1,"p1id":"aidengod19","p2id":"kaneiki","formatid":"gen9vgc2023regulatione","rating":1491,"private":0,"password":""}