{"id":"gen9vgc2023regulatione-1998403200","p1":"ESTEBAN1355","p2":"NurDerLenn","format":"[Gen 9] VGC 2023 Regulation E","log":"|j|\u2606ESTEBAN1355\n|j|\u2606NurDerLenn\n|t:|1700938419\n|gametype|doubles\n|player|p1|ESTEBAN1355|102|1032\n|player|p2|NurDerLenn|beauty-gen6xy|1044\n|teamsize|p1|6\n|teamsize|p2|6\n|gen|9\n|tier|[Gen 9] VGC 2023 Regulation E\n|rated|\n|rule|Species Clause: Limit one of each Pok\u00e9mon\n|rule|Item Clause: Limit one of each item\n|clearpoke\n|poke|p1|Zapdos-Galar, L50|\n|poke|p1|Dragonite, L50, M|\n|poke|p1|Chien-Pao, L50|\n|poke|p1|Rillaboom, L50, F|\n|poke|p1|Dondozo, L50, M|\n|poke|p1|Heatran, L50, M|\n|poke|p2|Amoonguss, L50, M|\n|poke|p2|Urshifu-*, L50, M|\n|poke|p2|Arcanine-Hisui, L50, M|\n|poke|p2|Ogerpon-Hearthflame, L50, F|\n|poke|p2|Iron Hands, L50|\n|poke|p2|Tornadus, L50, M|\n|teampreview|4\n|inactive|Battle timer is ON: inactive players will automatically lose when time's up. (requested by NurDerLenn)\nESTEBAN1355 has agreed to open team sheets.\nNurDerLenn has agreed to open team sheets.\n|inactive|ESTEBAN1355 has 30 seconds left.\n|inactive|ESTEBAN1355 has 20 seconds left.\n|\n|t:|1700938470\n|start\n|switch|p1a: Zapdos|Zapdos-Galar, L50|100\/100\n|switch|p1b: Rillaboom|Rillaboom, L50, F|100\/100\n|switch|p2a: Amoonguss|Amoonguss, L50, M, shiny|100\/100\n|switch|p2b: Ogerpon|Ogerpon-Hearthflame, L50, F|100\/100\n|-ability|p2b: Ogerpon|Mold Breaker\n|-fieldstart|move: Grassy Terrain|[from] ability: Grassy Surge|[of] p1b: Rillaboom\n|turn|1\n|\n|t:|1700938482\n|move|p1b: Rillaboom|Fake Out|p2a: Amoonguss\n|-damage|p2a: Amoonguss|84\/100\n|-damage|p1b: Rillaboom|84\/100|[from] item: Rocky Helmet|[of] p2a: Amoonguss\n|cant|p2a: Amoonguss|flinch\n|move|p1a: Zapdos|Brave Bird|p2a: Amoonguss\n|-supereffective|p2a: Amoonguss\n|-damage|p2a: Amoonguss|0 fnt\n|-damage|p1a: Zapdos|84\/100|[from] item: Rocky Helmet|[of] p2a: Amoonguss\n|faint|p2a: Amoonguss\n|-damage|p1a: Zapdos|47\/100|[from] Recoil\n|move|p2b: Ogerpon|Swords Dance|p2b: Ogerpon\n|-boost|p2b: Ogerpon|atk|2\n|\n|-heal|p1b: Rillaboom|90\/100|[from] Grassy Terrain\n|upkeep\n|\n|t:|1700938499\n|switch|p2a: Tornadus|Tornadus, L50, M|100\/100\n|turn|2\n|inactive|NurDerLenn has 30 seconds left.\n|\n|t:|1700938526\n|switch|p1a: Dragonite|Dragonite, L50, M|100\/100\n|switch|p1b: Chien-Pao|Chien-Pao, L50|100\/100\n|-ability|p1b: Chien-Pao|Sword of Ruin\n|move|p2b: Ogerpon|Spiky Shield|p2b: Ogerpon\n|-singleturn|p2b: Ogerpon|move: Protect\n|move|p2a: Tornadus|Tailwind|p2a: Tornadus\n|-sidestart|p2: NurDerLenn|move: Tailwind\n|\n|upkeep\n|turn|3\n|inactive|ESTEBAN1355 has 30 seconds left.\n|inactive|ESTEBAN1355 has 20 seconds left.\n|inactive|NurDerLenn has 30 seconds left.\n|inactive|ESTEBAN1355 has 15 seconds left.\n|inactive|ESTEBAN1355 has 10 seconds left.\n|inactive|NurDerLenn has 20 seconds left.\n|inactive|NurDerLenn has 15 seconds left.\n|\n|t:|1700938579\n|switch|p2a: Iron Hands|Iron Hands, L50|100\/100\n|-terastallize|p1a: Dragonite|Normal\n|move|p2b: Ogerpon|Spiky Shield|p2b: Ogerpon\n|-singleturn|p2b: Ogerpon|move: Protect\n|move|p1a: Dragonite|Extreme Speed|p2b: Ogerpon\n|-activate|p2b: Ogerpon|move: Protect\n|-damage|p1a: Dragonite|88\/100|[from] Spiky Shield|[of] p2b: Ogerpon\n|move|p1b: Chien-Pao|Sucker Punch||[still]\n|-fail|p1b: Chien-Pao\n|\n|-heal|p1a: Dragonite|94\/100|[from] Grassy Terrain\n|upkeep\n|turn|4\n|inactive|ESTEBAN1355 has 30 seconds left.\n|inactive|ESTEBAN1355 has 20 seconds left.\n|inactive|ESTEBAN1355 has 15 seconds left.\n|inactive|ESTEBAN1355 has 10 seconds left.\n|\n|t:|1700938626\n|switch|p1a: Zapdos|Zapdos-Galar, L50|47\/100\n|move|p1b: Chien-Pao|Protect|p1b: Chien-Pao\n|-singleturn|p1b: Chien-Pao|Protect\n|move|p2a: Iron Hands|Fake Out|p1a: Zapdos\n|-damage|p1a: Zapdos|20\/100\n|move|p2b: Ogerpon|Ivy Cudgel|p1a: Zapdos|[anim] Ivy Cudgel Fire\n|-damage|p1a: Zapdos|0 fnt\n|faint|p1a: Zapdos\n|\n|upkeep\n|\n|t:|1700938637\n|switch|p1a: Dragonite|Dragonite, L50, M, tera:Normal|94\/100\n|turn|5\n|\n|t:|1700938658\n|-end|p2a: Iron Hands|Quark Drive|[silent]\n|switch|p2a: Tornadus|Tornadus, L50, M|100\/100\n|move|p2b: Ogerpon|Spiky Shield|p2b: Ogerpon\n|-singleturn|p2b: Ogerpon|move: Protect\n|move|p1a: Dragonite|Extreme Speed|p2a: Tornadus\n|-damage|p2a: Tornadus|0 fnt\n|faint|p2a: Tornadus\n|move|p1b: Chien-Pao|Icicle Crash|p2b: Ogerpon\n|-activate|p2b: Ogerpon|move: Protect\n|\n|-heal|p1a: Dragonite|100\/100|[from] Grassy Terrain\n|-sideend|p2: NurDerLenn|move: Tailwind\n|-fieldend|move: Grassy Terrain\n|upkeep\n|\n|t:|1700938671\n|switch|p2a: Iron Hands|Iron Hands, L50|100\/100\n|turn|6\n|\n|t:|1700938687\n|switch|p1a: Rillaboom|Rillaboom, L50, F|90\/100\n|-fieldstart|move: Grassy Terrain|[from] ability: Grassy Surge|[of] p1a: Rillaboom\n|-terastallize|p2b: Ogerpon|Fire\n|detailschange|p2b: Ogerpon|Ogerpon-Hearthflame-Tera, L50, F, tera:Fire\n|-ability|p2b: Ogerpon|Embody Aspect (Hearthflame)|boost\n|-boost|p2b: Ogerpon|atk|1\n|move|p1b: Chien-Pao|Protect|p1b: Chien-Pao\n|-singleturn|p1b: Chien-Pao|Protect\n|move|p2a: Iron Hands|Fake Out|p1a: Rillaboom\n|-damage|p1a: Rillaboom|67\/100\n|move|p2b: Ogerpon|Ivy Cudgel|p1a: Rillaboom|[anim] Ivy Cudgel Fire\n|-supereffective|p1a: Rillaboom\n|-crit|p1a: Rillaboom\n|-damage|p1a: Rillaboom|0 fnt\n|faint|p1a: Rillaboom\n|\n|upkeep\n|\n|t:|1700938703\n|switch|p1a: Dragonite|Dragonite, L50, M, tera:Normal|100\/100\n|turn|7\n|\n|t:|1700938720\n|move|p1a: Dragonite|Extreme Speed|p2b: Ogerpon\n|-damage|p2b: Ogerpon|0 fnt\n|faint|p2b: Ogerpon\n|move|p1b: Chien-Pao|Icicle Crash|p2a: Iron Hands\n|-damage|p2a: Iron Hands|59\/100\n|move|p2a: Iron Hands|Drain Punch|p1a: Dragonite\n|-supereffective|p1a: Dragonite\n|-damage|p1a: Dragonite|0 fnt\n|-heal|p2a: Iron Hands|94\/100|[from] drain|[of] p1a: Dragonite\n|faint|p1a: Dragonite\n|\n|-heal|p2a: Iron Hands|99\/100|[from] Grassy Terrain\n|upkeep\n|turn|8\n|\n|t:|1700938735\n|move|p1b: Chien-Pao|Icicle Crash|p2a: Iron Hands\n|-crit|p2a: Iron Hands\n|-damage|p2a: Iron Hands|42\/100\n|move|p2a: Iron Hands|Drain Punch|p1b: Chien-Pao\n|-supereffective|p1b: Chien-Pao\n|-enditem|p1b: Chien-Pao|Focus Sash\n|-damage|p1b: Chien-Pao|1\/100\n|-heal|p2a: Iron Hands|72\/100|[from] drain|[of] p1b: Chien-Pao\n|\n|-heal|p1b: Chien-Pao|7\/100|[from] Grassy Terrain\n|-heal|p2a: Iron Hands|78\/100|[from] Grassy Terrain\n|upkeep\n|turn|9\n|\n|t:|1700938748\n|move|p1b: Chien-Pao|Icicle Crash|p2a: Iron Hands\n|-damage|p2a: Iron Hands|38\/100\n|move|p2a: Iron Hands|Drain Punch|p1b: Chien-Pao\n|-supereffective|p1b: Chien-Pao\n|-damage|p1b: Chien-Pao|0 fnt\n|-heal|p2a: Iron Hands|40\/100|[from] drain|[of] p1b: Chien-Pao\n|faint|p1b: Chien-Pao\n|\n|win|NurDerLenn\n|raw|ESTEBAN1355's rating: 1032 &rarr; <strong>1018<\/strong><br \/>(-14 for losing)\n|raw|NurDerLenn's rating: 1044 &rarr; <strong>1076<\/strong><br \/>(+32 for winning)\n|c|\u2606NurDerLenn|ggs\n|l|\u2606ESTEBAN1355\n","uploadtime":1700939068,"views":3,"p1id":"esteban1355","p2id":"nurderlenn","formatid":"gen9vgc2023regulatione","rating":1018,"private":0,"password":""}