{"id":"gen9vgc2023regulatione-1993034189","p1":"elijahsusername","p2":"kavonpokebros","format":"[Gen 9] VGC 2023 Regulation E","log":"|j|\u2606elijahsusername\n|j|\u2606kavonpokebros\n|t:|1700257565\n|gametype|doubles\n|player|p1|elijahsusername|unknownf|1108\n|player|p2|kavonpokebros|worker-gen4|1048\n|teamsize|p1|6\n|teamsize|p2|6\n|gen|9\n|tier|[Gen 9] VGC 2023 Regulation E\n|rated|\n|rule|Species Clause: Limit one of each Pok\u00e9mon\n|rule|Item Clause: Limit one of each item\n|clearpoke\n|poke|p1|Illumise, L50, F|\n|poke|p1|Ursaluna-Bloodmoon, L50, M|\n|poke|p1|Moltres-Galar, L50|\n|poke|p1|Sinistcha-Masterpiece, L50|\n|poke|p1|Iron Hands, L50|\n|poke|p1|Arcanine-Hisui, L50, F|\n|poke|p2|Persian-Alola, L50, M|\n|poke|p2|Arcanine, L50, F|\n|poke|p2|Milotic, L50, M|\n|poke|p2|Mimikyu, L50, M|\n|poke|p2|Appletun, L50, M|\n|poke|p2|Sneasler, L50, F|\n|teampreview|4\n|inactive|Battle timer is ON: inactive players will automatically lose when time's up. (requested by elijahsusername)\nelijahsusername has agreed to open team sheets.\n|inactive|elijahsusername has 60 seconds left.\n|\n|t:|1700257599\n|start\n|switch|p1a: Iron Hands|Iron Hands, L50|100\/100\n|switch|p1b: Ursaluna|Ursaluna-Bloodmoon, L50, M|100\/100\n|switch|p2a: Persian|Persian-Alola, L50, M|100\/100\n|switch|p2b: Sneasler|Sneasler, L50, F|100\/100\n|turn|1\n|inactive|kavonpokebros has 30 seconds left.\n|inactive|kavonpokebros has 20 seconds left.\n|inactive|kavonpokebros has 15 seconds left.\n|\n|t:|1700257640\n|-terastallize|p1b: Ursaluna|Ghost\n|move|p2a: Persian|Fake Out|p1a: Iron Hands\n|-damage|p1a: Iron Hands|96\/100\n|cant|p1a: Iron Hands|flinch\n|move|p2b: Sneasler|Lash Out|p1b: Ursaluna\n|-supereffective|p1b: Ursaluna\n|-damage|p1b: Ursaluna|40\/100\n|move|p1b: Ursaluna|Calm Mind|p1b: Ursaluna\n|-boost|p1b: Ursaluna|spa|1\n|-boost|p1b: Ursaluna|spd|1\n|\n|-heal|p1b: Ursaluna|46\/100|[from] item: Leftovers\n|upkeep\n|turn|2\n|inactive|elijahsusername has 30 seconds left.\n|\n|t:|1700257668\n|-end|p1a: Iron Hands|Quark Drive|[silent]\n|switch|p1a: Sinistcha|Sinistcha-Masterpiece, L50|100\/100\n|-heal|p1b: Ursaluna|71\/100|[from] ability: Hospitality|[of] p1a: Sinistcha\n|move|p1b: Ursaluna|Protect|p1b: Ursaluna\n|-singleturn|p1b: Ursaluna|Protect\n|move|p2a: Persian|Snarl|p1a: Sinistcha|[spread] p1a\n|-activate|p1b: Ursaluna|move: Protect\n|-supereffective|p1a: Sinistcha\n|-crit|p1a: Sinistcha\n|-damage|p1a: Sinistcha|60\/100\n|-unboost|p1a: Sinistcha|spa|1\n|move|p2b: Sneasler|Lash Out|p1b: Ursaluna\n|-activate|p1b: Ursaluna|move: Protect\n|\n|-heal|p1b: Ursaluna|77\/100|[from] item: Leftovers\n|upkeep\n|turn|3\n|inactive|kavonpokebros has 30 seconds left.\n|\n|t:|1700257695\n|switch|p1a: Iron Hands|Iron Hands, L50|96\/100\n|switch|p1b: Moltres|Moltres-Galar, L50|100\/100\n|-terastallize|p2a: Persian|Dark\n|move|p2a: Persian|Snarl|p1b: Moltres|[spread] p1a,p1b\n|-resisted|p1a: Iron Hands\n|-resisted|p1b: Moltres\n|-damage|p1a: Iron Hands|92\/100\n|-damage|p1b: Moltres|94\/100\n|-unboost|p1a: Iron Hands|spa|1\n|-unboost|p1b: Moltres|spa|1\n|move|p2b: Sneasler|Lash Out|p1b: Moltres\n|-resisted|p1b: Moltres\n|-damage|p1b: Moltres|78\/100\n|\n|upkeep\n|turn|4\n|inactive|kavonpokebros has 30 seconds left.\n|\n|t:|1700257722\n|switch|p2b: Arcanine|Arcanine, L50, F|100\/100\n|-ability|p2b: Arcanine|Intimidate|boost\n|-unboost|p1a: Iron Hands|atk|1\n|-unboost|p1b: Moltres|atk|1\n|move|p1a: Iron Hands|Fake Out|p2a: Persian\n|-damage|p2a: Persian|92\/100\n|move|p2a: Persian|Parting Shot|p1a: Iron Hands\n|-unboost|p1a: Iron Hands|atk|1\n|-unboost|p1a: Iron Hands|spa|1\n|\n|t:|1700257733\n|switch|p2a: Milotic|Milotic, L50, M|100\/100|[from] Parting Shot\n|move|p1b: Moltres|Nasty Plot|p1b: Moltres\n|-boost|p1b: Moltres|spa|2\n|-enditem|p2b: Arcanine|Mirror Herb\n|-boost|p2b: Arcanine|spa|2|[from] item: Mirror Herb\n|\n|upkeep\n|turn|5\n|\n|t:|1700257754\n|-end|p1a: Iron Hands|Quark Drive|[silent]\n|switch|p1a: Sinistcha|Sinistcha-Masterpiece, L50|60\/100\n|-heal|p1b: Moltres|100\/100|[from] ability: Hospitality|[of] p1a: Sinistcha\n|move|p1b: Moltres|Fiery Wrath|p2a: Milotic|[spread] p2a,p2b\n|-damage|p2a: Milotic|69\/100\n|-damage|p2b: Arcanine|58\/100\n|cant|p2b: Arcanine|flinch\n|move|p2a: Milotic|Ice Beam|p1b: Moltres\n|-supereffective|p1b: Moltres\n|-damage|p1b: Moltres|44\/100\n|-status|p1b: Moltres|frz\n|-ability|p1b: Moltres|Berserk|boost\n|-boost|p1b: Moltres|spa|1\n|-enditem|p1b: Moltres|Sitrus Berry|[eat]\n|-heal|p1b: Moltres|69\/100 frz|[from] item: Sitrus Berry\n|\n|upkeep\n|turn|6\n|c|\u2606elijahsusername|literally trolling\n|\n|t:|1700257777\n|move|p1a: Sinistcha|Rage Powder|p1a: Sinistcha\n|-singleturn|p1a: Sinistcha|move: Rage Powder\n|cant|p1b: Moltres|frz\n|move|p2b: Arcanine|Flare Blitz|p1a: Sinistcha\n|-supereffective|p1a: Sinistcha\n|-damage|p1a: Sinistcha|0 fnt\n|faint|p1a: Sinistcha\n|-damage|p2b: Arcanine|40\/100|[from] Recoil\n|move|p2a: Milotic|Ice Beam|p1b: Moltres\n|-supereffective|p1b: Moltres\n|-damage|p1b: Moltres|14\/100 frz\n|-ability|p1b: Moltres|Berserk|boost\n|-boost|p1b: Moltres|spa|1\n|\n|upkeep\n|\n|t:|1700257789\n|switch|p1a: Iron Hands|Iron Hands, L50|92\/100\n|turn|7\n|\n|t:|1700257805\n|switch|p2a: Persian|Persian-Alola, L50, M, tera:Dark|92\/100\n|move|p1a: Iron Hands|Fake Out|p2a: Persian\n|-damage|p2a: Persian|80\/100\n|move|p2b: Arcanine|Extreme Speed|p1b: Moltres\n|-damage|p1b: Moltres|0 fnt\n|faint|p1b: Moltres\n|\n|upkeep\n|\n|t:|1700257812\n|switch|p1b: Ursaluna|Ursaluna-Bloodmoon, L50, M, tera:Ghost|77\/100\n|turn|8\n|\n|t:|1700257826\n|move|p2a: Persian|Snarl|p1b: Ursaluna|[spread] p1a,p1b\n|-resisted|p1a: Iron Hands\n|-supereffective|p1b: Ursaluna\n|-damage|p1a: Iron Hands|87\/100\n|-damage|p1b: Ursaluna|41\/100\n|-unboost|p1a: Iron Hands|spa|1\n|-unboost|p1b: Ursaluna|spa|1\n|move|p2b: Arcanine|Will-O-Wisp|p1a: Iron Hands\n|-status|p1a: Iron Hands|brn\n|move|p1a: Iron Hands|Drain Punch|p2a: Persian\n|-supereffective|p2a: Persian\n|-damage|p2a: Persian|49\/100\n|-heal|p1a: Iron Hands|98\/100 brn|[from] drain|[of] p2a: Persian\n|move|p1b: Ursaluna|Calm Mind|p1b: Ursaluna\n|-boost|p1b: Ursaluna|spa|1\n|-boost|p1b: Ursaluna|spd|1\n|\n|-heal|p1b: Ursaluna|47\/100|[from] item: Leftovers\n|-damage|p1a: Iron Hands|92\/100 brn|[from] brn\n|upkeep\n|turn|9\n|-message|elijahsusername forfeited.\n|\n|win|kavonpokebros\n|raw|elijahsusername's rating: 1108 &rarr; <strong>1079<\/strong><br \/>(-29 for losing)\n|raw|kavonpokebros's rating: 1048 &rarr; <strong>1086<\/strong><br \/>(+38 for winning)\n|l|\u2606elijahsusername\n","uploadtime":1700257850,"views":9,"p1id":"elijahsusername","p2id":"kavonpokebros","formatid":"gen9vgc2023regulatione","rating":1079,"private":0,"password":""}