{"id":"gen9vgc2023regulatione-1991624503","p1":"BattlelegendRyan","p2":"Adrenaline50","format":"[Gen 9] VGC 2023 Regulation E","log":"|j|\u2606BattlelegendRyan\n|j|\u2606Adrenaline50\n|t:|1700095527\n|gametype|doubles\n|player|p1|BattlelegendRyan|101|1065\n|player|p2|Adrenaline50|bruno|1138\n|teamsize|p1|6\n|teamsize|p2|6\n|gen|9\n|tier|[Gen 9] VGC 2023 Regulation E\n|rated|\n|rule|Species Clause: Limit one of each Pok\u00e9mon\n|rule|Item Clause: Limit one of each item\n|clearpoke\n|poke|p1|Azumarill, L50, M|\n|poke|p1|Snorlax, L50, F|\n|poke|p1|Ogerpon-Hearthflame, L50, F|\n|poke|p1|Flutter Mane, L50|\n|poke|p1|Sinistcha-Masterpiece, L50|\n|poke|p1|Carbink, L50|\n|poke|p2|Annihilape, L50, M|\n|poke|p2|Ursaluna, L50, M|\n|poke|p2|Spiritomb, L50, M|\n|poke|p2|Maushold-Four, L50|\n|poke|p2|Ogerpon-Wellspring, L50, F|\n|poke|p2|Rillaboom, L50, M|\n|teampreview|4\n|\n|t:|1700095550\n|start\n|switch|p1a: Azumarill|Azumarill, L50, M|100\/100\n|switch|p1b: Ogerpon|Ogerpon-Hearthflame, L50, F|100\/100\n|switch|p2a: Annihilape|Annihilape, L50, M|100\/100\n|switch|p2b: Maushold|Maushold-Four, L50|100\/100\n|-ability|p1b: Ogerpon|Mold Breaker\n|turn|1\n|inactive|Battle timer is ON: inactive players will automatically lose when time's up. (requested by BattlelegendRyan)\n|\n|t:|1700095579\n|move|p1b: Ogerpon|Follow Me|p1b: Ogerpon\n|-singleturn|p1b: Ogerpon|move: Follow Me\n|move|p2b: Maushold|Encore|p1b: Ogerpon\n|-start|p1b: Ogerpon|Encore\n|move|p2a: Annihilape|Bulk Up|p2a: Annihilape\n|-boost|p2a: Annihilape|atk|1\n|-boost|p2a: Annihilape|def|1\n|move|p1a: Azumarill|Belly Drum|p1a: Azumarill\n|-damage|p1a: Azumarill|50\/100\n|-setboost|p1a: Azumarill|atk|6|[from] move: Belly Drum\n|-enditem|p1a: Azumarill|Sitrus Berry|[eat]\n|-heal|p1a: Azumarill|75\/100|[from] item: Sitrus Berry\n|\n|upkeep\n|turn|2\n|inactive|Adrenaline50 has 30 seconds left.\n|\n|t:|1700095608\n|move|p2b: Maushold|Follow Me|p2b: Maushold\n|-singleturn|p2b: Maushold|move: Follow Me\n|move|p1b: Ogerpon|Follow Me|p1b: Ogerpon\n|-singleturn|p1b: Ogerpon|move: Follow Me\n|move|p1a: Azumarill|Aqua Jet|p2b: Maushold\n|-damage|p2b: Maushold|8\/100\n|move|p2a: Annihilape|Rage Fist|p1b: Ogerpon\n|-damage|p1b: Ogerpon|54\/100\n|\n|upkeep\n|turn|3\n|inactive|Adrenaline50 has 30 seconds left.\n|\n|t:|1700095639\n|move|p2b: Maushold|Protect|p2b: Maushold\n|-singleturn|p2b: Maushold|Protect\n|move|p1b: Ogerpon|Follow Me|p1b: Ogerpon\n|-singleturn|p1b: Ogerpon|move: Follow Me\n|move|p1a: Azumarill|Aqua Jet|p2a: Annihilape\n|-damage|p2a: Annihilape|60\/100\n|move|p2a: Annihilape|Drain Punch|p1b: Ogerpon\n|-damage|p1b: Ogerpon|0 fnt\n|-heal|p2a: Annihilape|80\/100|[from] drain|[of] p1b: Ogerpon\n|faint|p1b: Ogerpon\n|\n|upkeep\n|\n|t:|1700095648\n|switch|p1b: Sinistcha|Sinistcha-Masterpiece, L50|100\/100\n|-heal|p1a: Azumarill|100\/100|[from] ability: Hospitality|[of] p1b: Sinistcha\n|turn|4\n|\n|t:|1700095669\n|-terastallize|p2a: Annihilape|Ghost\n|move|p1a: Azumarill|Protect|p1a: Azumarill\n|-singleturn|p1a: Azumarill|Protect\n|move|p2b: Maushold|Follow Me|p2b: Maushold\n|-singleturn|p2b: Maushold|move: Follow Me\n|move|p2a: Annihilape|Rage Fist|p1a: Azumarill\n|-activate|p1a: Azumarill|move: Protect\n|move|p1b: Sinistcha|Matcha Gotcha|p2a: Annihilape|[spread] p2a,p2b\n|-damage|p2a: Annihilape|59\/100\n|-damage|p2b: Maushold|0 fnt\n|-status|p2a: Annihilape|brn\n|-enditem|p2a: Annihilape|Lum Berry|[eat]\n|-curestatus|p2a: Annihilape|brn|[msg]\n|faint|p2b: Maushold\n|\n|upkeep\n|\n|t:|1700095685\n|switch|p2b: Spiritomb|Spiritomb, L50, M|100\/100\n|turn|5\n|\n|t:|1700095709\n|switch|p1b: Flutter Mane|Flutter Mane, L50|100\/100\n|-enditem|p1b: Flutter Mane|Booster Energy\n|-activate|p1b: Flutter Mane|ability: Protosynthesis|[fromitem]\n|-start|p1b: Flutter Mane|protosynthesisspa\n|-terastallize|p1a: Azumarill|Water\n|move|p1a: Azumarill|Aqua Jet|p2a: Annihilape\n|-damage|p2a: Annihilape|0 fnt\n|faint|p2a: Annihilape\n|move|p2b: Spiritomb|Shadow Sneak|p1b: Flutter Mane\n|-supereffective|p1b: Flutter Mane\n|-damage|p1b: Flutter Mane|59\/100\n|\n|upkeep\n|\n|t:|1700095721\n|switch|p2a: Ursaluna|Ursaluna, L50, M, shiny|100\/100\n|turn|6\n|\n|t:|1700095729\n|move|p2a: Ursaluna|Protect|p2a: Ursaluna\n|-singleturn|p2a: Ursaluna|Protect\n|move|p1a: Azumarill|Aqua Jet|p2a: Ursaluna\n|-activate|p2a: Ursaluna|move: Protect\n|move|p2b: Spiritomb|Shadow Sneak|p1b: Flutter Mane\n|-supereffective|p1b: Flutter Mane\n|-damage|p1b: Flutter Mane|20\/100\n|move|p1b: Flutter Mane|Shadow Ball|p2b: Spiritomb\n|-damage|p2b: Spiritomb|55\/100\n|\n|-heal|p2b: Spiritomb|60\/100|[from] item: Leftovers\n|-status|p2a: Ursaluna|brn|[from] item: Flame Orb\n|upkeep\n|turn|7\n|\n|t:|1700095745\n|move|p1a: Azumarill|Aqua Jet|p2a: Ursaluna\n|-supereffective|p2a: Ursaluna\n|-damage|p2a: Ursaluna|0 fnt\n|faint|p2a: Ursaluna\n|move|p2b: Spiritomb|Shadow Sneak|p1b: Flutter Mane\n|-supereffective|p1b: Flutter Mane\n|-damage|p1b: Flutter Mane|0 fnt\n|faint|p1b: Flutter Mane\n|-end|p1b: Flutter Mane|Protosynthesis|[silent]\n|\n|-heal|p2b: Spiritomb|66\/100|[from] item: Leftovers\n|upkeep\n|c|\u2606BattlelegendRyan|ggs\n|\n|t:|1700095756\n|switch|p1b: Sinistcha|Sinistcha-Masterpiece, L50|100\/100\n|turn|8\n|-message|Adrenaline50 forfeited.\n|\n|win|BattlelegendRyan\n|raw|BattlelegendRyan's rating: 1065 &rarr; <strong>1102<\/strong><br \/>(+37 for winning)\n|raw|Adrenaline50's rating: 1138 &rarr; <strong>1108<\/strong><br \/>(-30 for losing)\n|l|\u2606Adrenaline50\n","uploadtime":1700095769,"views":20,"p1id":"battlelegendryan","p2id":"adrenaline50","formatid":"gen9vgc2023regulatione","rating":1102,"private":0,"password":""}