{"id":"gen9vgc2023regulatione-1990795417","p1":"justomeperson","p2":"4Over4","format":"[Gen 9] VGC 2023 Regulation E","log":"|j|\u2606justomeperson\n|j|\u26064Over4\n|t:|1700001622\n|gametype|doubles\n|player|p1|justomeperson|clown|1045\n|player|p2|4Over4|lyra|1027\n|teamsize|p1|6\n|teamsize|p2|6\n|gen|9\n|tier|[Gen 9] VGC 2023 Regulation E\n|rated|\n|rule|Species Clause: Limit one of each Pok\u00e9mon\n|rule|Item Clause: Limit one of each item\n|clearpoke\n|poke|p1|Dragapult, L50, F|\n|poke|p1|Amoonguss, L50, F|\n|poke|p1|Zoroark-Hisui, L50, M|\n|poke|p1|Landorus-Therian, L50, M|\n|poke|p1|Ogerpon-Hearthflame, L50, F|\n|poke|p1|Chien-Pao, L50|\n|poke|p2|Amoonguss, L50, M|\n|poke|p2|Sinistcha-Masterpiece, L50|\n|poke|p2|Ogerpon-Hearthflame, L50, F|\n|poke|p2|Flutter Mane, L50|\n|poke|p2|Landorus-Therian, L50, M|\n|poke|p2|Ursaluna-Bloodmoon, L50, M|\n|teampreview|4\n|inactive|Battle timer is ON: inactive players will automatically lose when time's up. (requested by 4Over4)\n|c|\u2606justomeperson|glhf\njustomeperson rejected open team sheets.\n|\n|t:|1700001640\n|start\n|switch|p1a: Dragapult|Dragapult, L50, F|100\/100\n|switch|p1b: Landorus|Landorus-Therian, L50, M|100\/100\n|switch|p2a: Flutter Mane|Flutter Mane, L50|100\/100\n|switch|p2b: Landorus|Landorus-Therian, L50, M|100\/100\n|-ability|p2b: Landorus|Intimidate|boost\n|-fail|p1a: Dragapult|unboost|[from] ability: Clear Body|[of] p1a: Dragapult\n|-unboost|p1b: Landorus|atk|1\n|-ability|p1b: Landorus|Intimidate|boost\n|-unboost|p2a: Flutter Mane|atk|1\n|-unboost|p2b: Landorus|atk|1\n|-enditem|p2a: Flutter Mane|Booster Energy\n|-activate|p2a: Flutter Mane|ability: Protosynthesis|[fromitem]\n|-start|p2a: Flutter Mane|protosynthesisspe\n|turn|1\n|\n|t:|1700001664\n|-terastallize|p1a: Dragapult|Steel\n|move|p2a: Flutter Mane|Dazzling Gleam|p1a: Dragapult|[spread] p1a,p1b\n|-resisted|p1a: Dragapult\n|-damage|p1a: Dragapult|78\/100\n|-damage|p1b: Landorus|57\/100\n|move|p2b: Landorus|U-turn|p1a: Dragapult\n|-resisted|p1a: Dragapult\n|-damage|p1a: Dragapult|64\/100\n|\n|t:|1700001674\n|switch|p2b: Amoonguss|Amoonguss, L50, M|100\/100|[from] U-turn\n|move|p1a: Dragapult|Phantom Force||[still]\n|-prepare|p1a: Dragapult|Phantom Force\n|-enditem|p1a: Dragapult|Power Herb\n|-anim|p1a: Dragapult|Phantom Force|p2a: Flutter Mane\n|-supereffective|p2a: Flutter Mane\n|-damage|p2a: Flutter Mane|0 fnt\n|faint|p2a: Flutter Mane\n|-end|p2a: Flutter Mane|Protosynthesis|[silent]\n|move|p1b: Landorus|Stealth Rock|p2b: Amoonguss\n|-sidestart|p2: 4Over4|move: Stealth Rock\n|\n|upkeep\n|\n|t:|1700001697\n|switch|p2a: Landorus|Landorus-Therian, L50, M|100\/100\n|-damage|p2a: Landorus|88\/100|[from] Stealth Rock\n|-ability|p2a: Landorus|Intimidate|boost\n|-fail|p1a: Dragapult|unboost|[from] ability: Clear Body|[of] p1a: Dragapult\n|-unboost|p1b: Landorus|atk|1\n|turn|2\n|\n|t:|1700001713\n|move|p2a: Landorus|Stomping Tantrum|p1a: Dragapult\n|-supereffective|p1a: Dragapult\n|-damage|p1a: Dragapult|0 fnt\n|faint|p1a: Dragapult\n|move|p1b: Landorus|Bulk Up|p1b: Landorus\n|-boost|p1b: Landorus|atk|1\n|-boost|p1b: Landorus|def|1\n|move|p2b: Amoonguss|Spore|p1b: Landorus\n|-status|p1b: Landorus|slp|[from] move: Spore\n|\n|upkeep\n|\n|t:|1700001719\n|switch|p1a: Ogerpon|Ogerpon-Hearthflame, L50, F|100\/100\n|-ability|p1a: Ogerpon|Mold Breaker\n|turn|3\n|\n|t:|1700001732\n|switch|p2a: Sinistcha|Sinistcha-Masterpiece, L50|100\/100\n|-damage|p2a: Sinistcha|88\/100|[from] Stealth Rock\n|move|p1a: Ogerpon|Spiky Shield|p1a: Ogerpon\n|-singleturn|p1a: Ogerpon|move: Protect\n|cant|p1b: Landorus|slp\n|move|p2b: Amoonguss|Spore|p1a: Ogerpon\n|-activate|p1a: Ogerpon|move: Protect\n|\n|-heal|p2a: Sinistcha|94\/100|[from] item: Leftovers\n|upkeep\n|turn|4\n|\n|t:|1700001748\n|switch|p1b: Amoonguss|Amoonguss, L50, F|100\/100\n|-terastallize|p2a: Sinistcha|Water\n|move|p1a: Ogerpon|Horn Leech|p2a: Sinistcha\n|-supereffective|p2a: Sinistcha\n|-damage|p2a: Sinistcha|29\/100\n|move|p2b: Amoonguss|Spore|p1a: Ogerpon\n|-immune|p1a: Ogerpon\n|move|p2a: Sinistcha|Trick Room|p2a: Sinistcha\n|-fieldstart|move: Trick Room|[of] p2a: Sinistcha\n|\n|-heal|p2a: Sinistcha|35\/100|[from] item: Leftovers\n|upkeep\n|turn|5\n|\n|t:|1700001773\n|switch|p2b: Landorus|Landorus-Therian, L50, M|88\/100\n|-damage|p2b: Landorus|76\/100|[from] Stealth Rock\n|-ability|p2b: Landorus|Intimidate|boost\n|-unboost|p1a: Ogerpon|atk|1\n|-unboost|p1b: Amoonguss|atk|1\n|move|p1b: Amoonguss|Rage Powder|p1b: Amoonguss\n|-singleturn|p1b: Amoonguss|move: Rage Powder\n|move|p2a: Sinistcha|Strength Sap|p1b: Amoonguss\n|-unboost|p1b: Amoonguss|atk|1\n|-heal|p2a: Sinistcha|66\/100\n|move|p1a: Ogerpon|Horn Leech|p2a: Sinistcha\n|-supereffective|p2a: Sinistcha\n|-damage|p2a: Sinistcha|22\/100\n|\n|-heal|p2a: Sinistcha|28\/100|[from] item: Leftovers\n|upkeep\n|turn|6\n|inactive|4Over4 has 30 seconds left.\n|\n|t:|1700001799\n|switch|p2a: Amoonguss|Amoonguss, L50, M|100\/100\n|-damage|p2a: Amoonguss|88\/100|[from] Stealth Rock\n|switch|p1a: Landorus|Landorus-Therian, L50, M|57\/100 slp\n|-ability|p1a: Landorus|Intimidate|boost\n|-unboost|p2a: Amoonguss|atk|1\n|-unboost|p2b: Landorus|atk|1\n|move|p1b: Amoonguss|Pollen Puff|p1a: Landorus\n|-heal|p1a: Landorus|100\/100 slp\n|move|p2b: Landorus|Rock Slide|p1a: Landorus|[spread] p1a\n|-miss|p2b: Landorus|p1b: Amoonguss\n|-damage|p1a: Landorus|83\/100 slp\n|\n|upkeep\n|turn|7\n|\n|t:|1700001823\n|switch|p2b: Sinistcha|Sinistcha-Masterpiece, L50, tera:Water|28\/100\n|-damage|p2b: Sinistcha|16\/100|[from] Stealth Rock\n|-heal|p2a: Amoonguss|100\/100|[from] ability: Hospitality|[of] p2b: Sinistcha\n|move|p2a: Amoonguss|Pollen Puff|p2b: Sinistcha\n|-heal|p2b: Sinistcha|66\/100\n|move|p1b: Amoonguss|Foul Play|p2b: Sinistcha\n|-damage|p2b: Sinistcha|58\/100\n|cant|p1a: Landorus|slp\n|\n|-heal|p2b: Sinistcha|64\/100|[from] item: Leftovers\n|upkeep\n|turn|8\n|\n|t:|1700001839\n|switch|p1a: Ogerpon|Ogerpon-Hearthflame, L50, F|100\/100\n|-ability|p1a: Ogerpon|Mold Breaker\n|move|p1b: Amoonguss|Rage Powder|p1b: Amoonguss\n|-singleturn|p1b: Amoonguss|move: Rage Powder\n|move|p2a: Amoonguss|Pollen Puff|p2b: Sinistcha\n|-heal|p2b: Sinistcha|100\/100\n|move|p2b: Sinistcha|Matcha Gotcha|p1b: Amoonguss|[spread] p1a,p1b\n|-resisted|p1a: Ogerpon\n|-resisted|p1b: Amoonguss\n|-damage|p1a: Ogerpon|93\/100\n|-damage|p1b: Amoonguss|96\/100\n|\n|-heal|p1b: Amoonguss|100\/100|[from] item: Leftovers\n|-fieldend|move: Trick Room\n|upkeep\n|turn|9\n|inactive|justomeperson has 30 seconds left.\n|inactive|4Over4 has 30 seconds left.\n|\n|t:|1700001870\n|move|p2a: Amoonguss|Protect|p2a: Amoonguss\n|-singleturn|p2a: Amoonguss|Protect\n|move|p1a: Ogerpon|Horn Leech|p2b: Sinistcha\n|-supereffective|p2b: Sinistcha\n|-damage|p2b: Sinistcha|36\/100\n|-heal|p1a: Ogerpon|100\/100|[from] drain|[of] p2b: Sinistcha\n|move|p2b: Sinistcha|Matcha Gotcha|p1b: Amoonguss|[spread] p1a,p1b\n|-resisted|p1a: Ogerpon\n|-resisted|p1b: Amoonguss\n|-damage|p1a: Ogerpon|94\/100\n|-heal|p2b: Sinistcha|39\/100|[from] drain|[of] p1a: Ogerpon\n|-damage|p1b: Amoonguss|96\/100\n|-heal|p2b: Sinistcha|42\/100|[from] drain|[of] p1b: Amoonguss\n|move|p1b: Amoonguss|Foul Play|p2a: Amoonguss\n|-activate|p2a: Amoonguss|move: Protect\n|\n|-heal|p2b: Sinistcha|48\/100|[from] item: Leftovers\n|-heal|p1b: Amoonguss|100\/100|[from] item: Leftovers\n|upkeep\n|turn|10\n|\n|t:|1700001893\n|switch|p2b: Landorus|Landorus-Therian, L50, M|76\/100\n|-damage|p2b: Landorus|64\/100|[from] Stealth Rock\n|-ability|p2b: Landorus|Intimidate|boost\n|-unboost|p1a: Ogerpon|atk|1\n|-unboost|p1b: Amoonguss|atk|1\n|move|p1a: Ogerpon|Horn Leech|p2b: Landorus\n|-damage|p2b: Landorus|29\/100\n|-heal|p1a: Ogerpon|100\/100|[from] drain|[of] p2b: Landorus\n|move|p2a: Amoonguss|Pollen Puff|p2b: Landorus\n|-heal|p2b: Landorus|79\/100\n|move|p1b: Amoonguss|Foul Play|p2a: Amoonguss\n|-damage|p2a: Amoonguss|89\/100\n|\n|upkeep\n|turn|11\n|inactive|4Over4 has 30 seconds left.\n|inactive|justomeperson has 30 seconds left.\n|\n|t:|1700001925\n|switch|p1a: Landorus|Landorus-Therian, L50, M|83\/100 slp\n|-ability|p1a: Landorus|Intimidate|boost\n|-unboost|p2a: Amoonguss|atk|1\n|-unboost|p2b: Landorus|atk|1\n|move|p1b: Amoonguss|Protect|p1b: Amoonguss\n|-singleturn|p1b: Amoonguss|Protect\n|move|p2b: Landorus|U-turn|p1a: Landorus\n|-resisted|p1a: Landorus\n|-damage|p1a: Landorus|72\/100 slp\n|\n|t:|1700001934\n|switch|p2b: Sinistcha|Sinistcha-Masterpiece, L50, tera:Water|48\/100|[from] U-turn\n|-damage|p2b: Sinistcha|36\/100|[from] Stealth Rock\n|-heal|p2a: Amoonguss|100\/100|[from] ability: Hospitality|[of] p2b: Sinistcha\n|move|p2a: Amoonguss|Pollen Puff|p2b: Sinistcha\n|-heal|p2b: Sinistcha|86\/100\n|\n|-heal|p2b: Sinistcha|92\/100|[from] item: Leftovers\n|upkeep\n|turn|12\n|inactive|justomeperson has 30 seconds left.\n|\n|t:|1700001960\n|-curestatus|p1a: Landorus|slp|[msg]\n|move|p1a: Landorus|Bulk Up|p1a: Landorus\n|-boost|p1a: Landorus|atk|1\n|-boost|p1a: Landorus|def|1\n|move|p2b: Sinistcha|Strength Sap|p1a: Landorus\n|-unboost|p1a: Landorus|atk|1\n|-heal|p2b: Sinistcha|100\/100\n|move|p2a: Amoonguss|Pollen Puff|p1a: Landorus\n|-resisted|p1a: Landorus\n|-damage|p1a: Landorus|60\/100\n|move|p1b: Amoonguss|Pollen Puff|p2a: Amoonguss\n|-damage|p2a: Amoonguss|87\/100\n|\n|upkeep\n|turn|13\n|\n|t:|1700001979\n|move|p1b: Amoonguss|Rage Powder|p1b: Amoonguss\n|-singleturn|p1b: Amoonguss|move: Rage Powder\n|move|p1a: Landorus|Earthquake|p2a: Amoonguss|[spread] p1b,p2a,p2b\n|-damage|p1b: Amoonguss|51\/100\n|-damage|p2a: Amoonguss|38\/100\n|-damage|p2b: Sinistcha|72\/100\n|move|p2b: Sinistcha|Matcha Gotcha|p1a: Landorus|[spread] p1a\n|-miss|p2b: Sinistcha|p1b: Amoonguss\n|-damage|p1a: Landorus|30\/100\n|-heal|p2b: Sinistcha|86\/100|[from] drain|[of] p1a: Landorus\n|move|p2a: Amoonguss|Spore|p1a: Landorus\n|-status|p1a: Landorus|slp|[from] move: Spore\n|\n|-heal|p2b: Sinistcha|92\/100|[from] item: Leftovers\n|-heal|p1b: Amoonguss|57\/100|[from] item: Leftovers\n|upkeep\n|turn|14\n|inactive|justomeperson has 30 seconds left.\n|\n|t:|1700002004\n|switch|p1a: Ogerpon|Ogerpon-Hearthflame, L50, F|100\/100\n|-ability|p1a: Ogerpon|Mold Breaker\n|switch|p2a: Landorus|Landorus-Therian, L50, M|79\/100\n|-damage|p2a: Landorus|66\/100|[from] Stealth Rock\n|-ability|p2a: Landorus|Intimidate|boost\n|-unboost|p1a: Ogerpon|atk|1\n|-unboost|p1b: Amoonguss|atk|1\n|move|p2b: Sinistcha|Matcha Gotcha|p1b: Amoonguss|[spread] p1b\n|-miss|p2b: Sinistcha|p1a: Ogerpon\n|-resisted|p1b: Amoonguss\n|-crit|p1b: Amoonguss\n|-damage|p1b: Amoonguss|51\/100\n|-heal|p2b: Sinistcha|96\/100|[from] drain|[of] p1b: Amoonguss\n|move|p1b: Amoonguss|Pollen Puff|p2a: Landorus\n|-resisted|p2a: Landorus\n|-damage|p2a: Landorus|54\/100\n|\n|-heal|p2b: Sinistcha|100\/100|[from] item: Leftovers\n|-heal|p1b: Amoonguss|57\/100|[from] item: Leftovers\n|upkeep\n|turn|15\n|inactive|justomeperson has 30 seconds left.\n|\n|t:|1700002035\n|move|p2a: Landorus|U-turn|p1a: Ogerpon\n|-damage|p1a: Ogerpon|68\/100\n|\n|t:|1700002038\n|switch|p2a: Amoonguss|Amoonguss, L50, M|71\/100|[from] U-turn\n|-damage|p2a: Amoonguss|59\/100|[from] Stealth Rock\n|move|p1a: Ogerpon|Horn Leech|p2b: Sinistcha\n|-supereffective|p2b: Sinistcha\n|-damage|p2b: Sinistcha|53\/100\n|-heal|p1a: Ogerpon|95\/100|[from] drain|[of] p2b: Sinistcha\n|move|p1b: Amoonguss|Foul Play|p2a: Amoonguss\n|-damage|p2a: Amoonguss|43\/100\n|move|p2b: Sinistcha|Trick Room|p2b: Sinistcha\n|-fieldstart|move: Trick Room|[of] p2b: Sinistcha\n|\n|-heal|p1b: Amoonguss|62\/100|[from] item: Leftovers\n|-heal|p2b: Sinistcha|59\/100|[from] item: Leftovers\n|upkeep\n|turn|16\n|inactive|justomeperson has 30 seconds left.\n|\n|t:|1700002070\n|move|p1a: Ogerpon|Spiky Shield|p1a: Ogerpon\n|-singleturn|p1a: Ogerpon|move: Protect\n|move|p2a: Amoonguss|Pollen Puff|p2b: Sinistcha\n|-heal|p2b: Sinistcha|100\/100\n|move|p1b: Amoonguss|Pollen Puff|p2a: Amoonguss\n|-crit|p2a: Amoonguss\n|-damage|p2a: Amoonguss|24\/100\n|move|p2b: Sinistcha|Matcha Gotcha|p1b: Amoonguss|[spread] \n|-activate|p1a: Ogerpon|move: Protect\n|-miss|p2b: Sinistcha|p1b: Amoonguss\n|\n|-heal|p1b: Amoonguss|68\/100|[from] item: Leftovers\n|upkeep\n|turn|17\n|\n|t:|1700002093\n|switch|p2a: Landorus|Landorus-Therian, L50, M|54\/100\n|-damage|p2a: Landorus|42\/100|[from] Stealth Rock\n|-ability|p2a: Landorus|Intimidate|boost\n|-unboost|p1a: Ogerpon|atk|1\n|-unboost|p1b: Amoonguss|atk|1\n|move|p1b: Amoonguss|Rage Powder|p1b: Amoonguss\n|-singleturn|p1b: Amoonguss|move: Rage Powder\n|move|p2b: Sinistcha|Matcha Gotcha|p1b: Amoonguss|[spread] p1a,p1b\n|-resisted|p1a: Ogerpon\n|-resisted|p1b: Amoonguss\n|-damage|p1a: Ogerpon|88\/100\n|-damage|p1b: Amoonguss|65\/100\n|move|p1a: Ogerpon|Ivy Cudgel|p2a: Landorus|[anim] Ivy Cudgel Fire\n|-damage|p2a: Landorus|7\/100\n|\n|-heal|p1b: Amoonguss|71\/100|[from] item: Leftovers\n|upkeep\n|turn|18\n|inactive|justomeperson has 30 seconds left.\n|inactive|4Over4 has 30 seconds left.\n|inactive|justomeperson has 20 seconds left.\n|\n|t:|1700002133\n|switch|p2b: Amoonguss|Amoonguss, L50, M|57\/100\n|-damage|p2b: Amoonguss|44\/100|[from] Stealth Rock\n|move|p1a: Ogerpon|Spiky Shield|p1a: Ogerpon\n|-singleturn|p1a: Ogerpon|move: Protect\n|move|p1b: Amoonguss|Pollen Puff|p2a: Landorus\n|-resisted|p2a: Landorus\n|-damage|p2a: Landorus|0 fnt\n|faint|p2a: Landorus\n|\n|-heal|p1b: Amoonguss|77\/100|[from] item: Leftovers\n|upkeep\n|\n|t:|1700002143\n|switch|p2a: Sinistcha|Sinistcha-Masterpiece, L50, tera:Water|100\/100\n|-damage|p2a: Sinistcha|88\/100|[from] Stealth Rock\n|-heal|p2b: Amoonguss|69\/100|[from] ability: Hospitality|[of] p2a: Sinistcha\n|turn|19\n|inactive|4Over4 has 30 seconds left.\n|\n|t:|1700002151\n|switch|p1a: Landorus|Landorus-Therian, L50, M|30\/100 slp\n|-ability|p1a: Landorus|Intimidate|boost\n|-unboost|p2a: Sinistcha|atk|1\n|-unboost|p2b: Amoonguss|atk|1\n|move|p2b: Amoonguss|Pollen Puff|p1b: Amoonguss\n|-damage|p1b: Amoonguss|64\/100\n|move|p1b: Amoonguss|Pollen Puff|p1a: Landorus\n|-heal|p1a: Landorus|80\/100 slp\n|move|p2a: Sinistcha|Matcha Gotcha|p1b: Amoonguss|[spread] p1b\n|-miss|p2a: Sinistcha|p1a: Landorus\n|-resisted|p1b: Amoonguss\n|-damage|p1b: Amoonguss|60\/100\n|-heal|p2a: Sinistcha|91\/100|[from] drain|[of] p1b: Amoonguss\n|-status|p1b: Amoonguss|brn\n|\n|-heal|p1b: Amoonguss|66\/100 brn|[from] item: Leftovers\n|-heal|p2a: Sinistcha|97\/100|[from] item: Leftovers\n|-damage|p1b: Amoonguss|60\/100 brn|[from] brn\n|-fieldend|move: Trick Room\n|upkeep\n|turn|20\n|inactive|4Over4 has 30 seconds left this turn.\n|inactive|4Over4 has 20 seconds left.\n|inactive|4Over4 has 15 seconds left.\n|\n|t:|1700002171\n|move|p1b: Amoonguss|Protect|p1b: Amoonguss\n|-singleturn|p1b: Amoonguss|Protect\n|cant|p1a: Landorus|slp\n|move|p2a: Sinistcha|Matcha Gotcha|p1b: Amoonguss|[spread] p1a\n|-activate|p1b: Amoonguss|move: Protect\n|-damage|p1a: Landorus|50\/100 slp\n|-heal|p2a: Sinistcha|100\/100|[from] drain|[of] p1a: Landorus\n|move|p2b: Amoonguss|Spore|p1a: Landorus\n|-fail|p1a: Landorus|slp\n|\n|-heal|p1b: Amoonguss|66\/100 brn|[from] item: Leftovers\n|-damage|p1b: Amoonguss|60\/100 brn|[from] brn\n|upkeep\n|turn|21\n|inactive|4Over4 has 15 seconds left this turn.\n|inactive|4Over4 has 10 seconds left.\n|\n|t:|1700002187\n|-curestatus|p1a: Landorus|slp|[msg]\n|move|p1a: Landorus|Earthquake|p2a: Sinistcha|[spread] p1b,p2a,p2b\n|-damage|p1b: Amoonguss|15\/100 brn\n|-damage|p2a: Sinistcha|68\/100\n|-damage|p2b: Amoonguss|22\/100\n|move|p2a: Sinistcha|Matcha Gotcha|p1a: Landorus|[spread] p1a,p1b\n|-resisted|p1b: Amoonguss\n|-damage|p1a: Landorus|18\/100\n|-heal|p2a: Sinistcha|84\/100|[from] drain|[of] p1a: Landorus\n|-damage|p1b: Amoonguss|11\/100 brn\n|-heal|p2a: Sinistcha|86\/100|[from] drain|[of] p1b: Amoonguss\n|move|p2b: Amoonguss|Spore|p1a: Landorus\n|-status|p1a: Landorus|slp|[from] move: Spore\n|move|p1b: Amoonguss|Pollen Puff|p1a: Landorus\n|-heal|p1a: Landorus|68\/100 slp\n|\n|-heal|p2a: Sinistcha|93\/100|[from] item: Leftovers\n|-heal|p1b: Amoonguss|17\/100 brn|[from] item: Leftovers\n|-damage|p1b: Amoonguss|11\/100 brn|[from] brn\n|upkeep\n|turn|22\n|inactive|4Over4 has 10 seconds left this turn.\n|inactive|justomeperson has 30 seconds left.\n|inactive|justomeperson has 20 seconds left.\n|\n|t:|1700002204\n|move|p1b: Amoonguss|Protect|p1b: Amoonguss\n|-singleturn|p1b: Amoonguss|Protect\n|cant|p1a: Landorus|slp\n|move|p2a: Sinistcha|Matcha Gotcha|p1b: Amoonguss|[spread] \n|-activate|p1b: Amoonguss|move: Protect\n|-miss|p2a: Sinistcha|p1a: Landorus\n|move|p2b: Amoonguss|Spore|p1a: Landorus\n|-fail|p1a: Landorus|slp\n|\n|-heal|p2a: Sinistcha|99\/100|[from] item: Leftovers\n|-heal|p1b: Amoonguss|17\/100 brn|[from] item: Leftovers\n|-damage|p1b: Amoonguss|11\/100 brn|[from] brn\n|upkeep\n|turn|23\n|inactive|justomeperson has 20 seconds left this turn.\n|inactive|4Over4 has 10 seconds left this turn.\n|inactive|justomeperson has 15 seconds left.\n|inactive|4Over4 has 5 seconds left.\n|inactive|justomeperson has 10 seconds left.\n|\n|t:|1700002217\n|cant|p1a: Landorus|slp\n|move|p2a: Sinistcha|Matcha Gotcha|p1a: Landorus|[spread] p1a,p1b\n|-resisted|p1b: Amoonguss\n|-damage|p1a: Landorus|35\/100 slp\n|-heal|p2a: Sinistcha|100\/100|[from] drain|[of] p1a: Landorus\n|-damage|p1b: Amoonguss|7\/100 brn\n|move|p1b: Amoonguss|Foul Play|p2b: Amoonguss\n|-damage|p2b: Amoonguss|17\/100\n|move|p2b: Amoonguss|Spore|p1a: Landorus\n|-fail|p1a: Landorus|slp\n|\n|-heal|p1b: Amoonguss|13\/100 brn|[from] item: Leftovers\n|-damage|p1b: Amoonguss|7\/100 brn|[from] brn\n|upkeep\n|turn|24\n|inactive|justomeperson has 10 seconds left this turn.\n|inactive|4Over4 has 5 seconds left this turn.\n|\n|t:|1700002222\n|-curestatus|p1a: Landorus|slp|[msg]\n|move|p1a: Landorus|Earthquake|p2a: Sinistcha|[spread] p1b,p2a,p2b\n|-damage|p1b: Amoonguss|0 fnt\n|-damage|p2a: Sinistcha|71\/100\n|-damage|p2b: Amoonguss|0 fnt\n|faint|p1b: Amoonguss\n|faint|p2b: Amoonguss\n|move|p2a: Sinistcha|Matcha Gotcha|p1a: Landorus\n|-damage|p1a: Landorus|0 fnt\n|-heal|p2a: Sinistcha|87\/100|[from] drain|[of] p1a: Landorus\n|faint|p1a: Landorus\n|\n|-heal|p2a: Sinistcha|93\/100|[from] item: Leftovers\n|upkeep\n|inactive|justomeperson has 10 seconds left this turn.\n|inactive|4Over4 has 5 seconds left this turn.\n|inactive|justomeperson has 5 seconds left.\n|\n|t:|1700002227\n|switch|p1b: Ogerpon|Ogerpon-Hearthflame, L50, F|88\/100\n|-ability|p1b: Ogerpon|Mold Breaker\n|turn|25\n|inactive|justomeperson has 5 seconds left this turn.\n|inactive|4Over4 has 5 seconds left this turn.\n|-message|justomeperson lost due to inactivity.\n|\n|win|4Over4\n|raw|justomeperson's rating: 1045 &rarr; <strong>1027<\/strong><br \/>(-18 for losing)\n|raw|4Over4's rating: 1027 &rarr; <strong>1065<\/strong><br \/>(+38 for winning)\n|l|\u26064Over4\n|c|\u2606justomeperson|gg\n","uploadtime":1700002239,"views":28,"p1id":"justomeperson","p2id":"4over4","formatid":"gen9vgc2023regulatione","rating":1027,"private":0,"password":""}