{"id":"gen9vgc2023regulatione-1999347936","p1":"gamma06","p2":"Atsushi0730","format":"[Gen 9] VGC 2023 Regulation E","log":"|j|\u2606gamma06\n|j|\u2606Atsushi0730\n|t:|1701064338\n|gametype|doubles\n|player|p1|gamma06|policeman|1178\n|player|p2|Atsushi0730|alec-anime|1079\n|teamsize|p1|6\n|teamsize|p2|6\n|gen|9\n|tier|[Gen 9] VGC 2023 Regulation E\n|rated|\n|rule|Species Clause: Limit one of each Pok\u00e9mon\n|rule|Item Clause: Limit one of each item\n|clearpoke\n|poke|p1|Scizor, L50, M|\n|poke|p1|Pelipper, L50, M|\n|poke|p1|Thundurus-Therian, L50, M|\n|poke|p1|Iron Bundle, L50|\n|poke|p1|Urshifu-*, L50, M|\n|poke|p1|Ogerpon-Wellspring, L50, F|\n|poke|p2|Krookodile, L50, M|\n|poke|p2|Meowscarada, L50, M|\n|poke|p2|Flamigo, L50, F|\n|poke|p2|Sableye, L50, M|\n|poke|p2|Indeedee-F, L50, F|\n|poke|p2|Hatterene, L50, F|\n|teampreview|4\n|inactive|Battle timer is ON: inactive players will automatically lose when time's up. (requested by Atsushi0730)\ngamma06 rejected open team sheets.\n|inactive|gamma06 has 60 seconds left.\n|\n|t:|1701064377\n|start\n|switch|p1a: Pelipper|Pelipper, L50, M|100\/100\n|switch|p1b: Thundurus|Thundurus-Therian, L50, M|100\/100\n|switch|p2a: Meowscarada|Meowscarada, L50, M|100\/100\n|switch|p2b: Krookodile|Krookodile, L50, M|100\/100\n|-weather|RainDance|[from] ability: Drizzle|[of] p1a: Pelipper\n|turn|1\n|inactive|gamma06 has 30 seconds left.\n|\n|t:|1701064403\n|-terastallize|p2b: Krookodile|Rock\n|move|p2a: Meowscarada|Flower Trick|p2b: Krookodile\n|-supereffective|p2b: Krookodile\n|-crit|p2b: Krookodile\n|-damage|p2b: Krookodile|12\/100\n|-setboost|p2b: Krookodile|atk|6|[from] ability: Anger Point\n|-enditem|p2b: Krookodile|Salac Berry|[eat]\n|-boost|p2b: Krookodile|spe|1|[from] item: Salac Berry\n|move|p2b: Krookodile|Rock Slide|p1a: Pelipper|[spread] p1a,p1b\n|-supereffective|p1a: Pelipper\n|-supereffective|p1b: Thundurus\n|-enditem|p1a: Pelipper|Focus Sash\n|-damage|p1a: Pelipper|1\/100\n|-damage|p1b: Thundurus|0 fnt\n|faint|p1b: Thundurus\n|move|p1a: Pelipper|Hurricane|p2a: Meowscarada\n|-supereffective|p2a: Meowscarada\n|-damage|p2a: Meowscarada|0 fnt\n|faint|p2a: Meowscarada\n|\n|-weather|RainDance|[upkeep]\n|upkeep\n|inactive|gamma06 has 30 seconds left.\n|\n|t:|1701064432\n|switch|p2a: Flamigo|Flamigo, L50, F|100\/100\n|switch|p1b: Scizor|Scizor, L50, M|100\/100\n|-copyboost|p2a: Flamigo|p2b: Krookodile|[from] ability: Costar\n|turn|2\n|\n|t:|1701064450\n|move|p2b: Krookodile|Protect|p2b: Krookodile\n|-singleturn|p2b: Krookodile|Protect\n|move|p1a: Pelipper|Protect|p1a: Pelipper\n|-singleturn|p1a: Pelipper|Protect\n|move|p2a: Flamigo|Feint|p1a: Pelipper\n|-activate|p1a: Pelipper|move: Feint\n|-damage|p1a: Pelipper|0 fnt\n|faint|p1a: Pelipper\n|move|p1b: Scizor|Bullet Punch|p2b: Krookodile\n|-activate|p2b: Krookodile|move: Protect\n|\n|-weather|RainDance|[upkeep]\n|upkeep\n|\n|t:|1701064461\n|switch|p1a: Ogerpon|Ogerpon-Wellspring, L50, F|100\/100\n|turn|3\n|inactive|Atsushi0730 has 30 seconds left.\n|\n|t:|1701064500\n|move|p2b: Krookodile|Protect|p2b: Krookodile\n|-singleturn|p2b: Krookodile|Protect\n|move|p1b: Scizor|Bullet Punch|p2b: Krookodile\n|-activate|p2b: Krookodile|move: Protect\n|move|p2a: Flamigo|Close Combat|p1b: Scizor\n|-damage|p1b: Scizor|0 fnt\n|-unboost|p2a: Flamigo|def|1\n|-unboost|p2a: Flamigo|spd|1\n|faint|p1b: Scizor\n|move|p1a: Ogerpon|Ivy Cudgel|p2a: Flamigo|[anim] Ivy Cudgel Water\n|-enditem|p2a: Flamigo|Focus Sash\n|-damage|p2a: Flamigo|1\/100\n|\n|-weather|RainDance|[upkeep]\n|upkeep\n|turn|4\n|c|\u2606gamma06|gg\n|\n|t:|1701064519\n|-terastallize|p1a: Ogerpon|Water\n|detailschange|p1a: Ogerpon|Ogerpon-Wellspring-Tera, L50, F, tera:Water\n|-ability|p1a: Ogerpon|Embody Aspect (Wellspring)|boost\n|-boost|p1a: Ogerpon|spd|1\n|move|p1a: Ogerpon|Spiky Shield|p1a: Ogerpon\n|-singleturn|p1a: Ogerpon|move: Protect\n|move|p2b: Krookodile|Power Trip|p1a: Ogerpon\n|-activate|p1a: Ogerpon|move: Protect\n|-damage|p2b: Krookodile|0 fnt|[from] Spiky Shield|[of] p1a: Ogerpon\n|faint|p2b: Krookodile\n|move|p2a: Flamigo|Acrobatics|p1a: Ogerpon\n|-activate|p1a: Ogerpon|move: Protect\n|-damage|p2a: Flamigo|0 fnt|[from] Spiky Shield|[of] p1a: Ogerpon\n|faint|p2a: Flamigo\n|\n|-weather|RainDance|[upkeep]\n|upkeep\n|\n|t:|1701064530\n|switch|p2b: Sableye|Sableye, L50, M|100\/100\n|turn|5\n|\n|t:|1701064538\n|move|p2b: Sableye|Fake Out|p1a: Ogerpon\n|-damage|p1a: Ogerpon|89\/100\n|cant|p1a: Ogerpon|flinch\n|\n|-weather|none\n|upkeep\n|turn|6\n|\n|t:|1701064544\n|move|p2b: Sableye|Skill Swap|p1a: Ogerpon\n|-activate|p2b: Sableye|move: Skill Swap|Embody Aspect (Wellspring)|Prankster|[of] p1a: Ogerpon\n|move|p1a: Ogerpon|Ivy Cudgel|p2b: Sableye|[anim] Ivy Cudgel Water\n|-damage|p2b: Sableye|0 fnt\n|faint|p2b: Sableye\n|\n|win|gamma06\n|raw|gamma06's rating: 1178 &rarr; <strong>1196<\/strong><br \/>(+18 for winning)\n|raw|Atsushi0730's rating: 1079 &rarr; <strong>1063<\/strong><br \/>(-16 for losing)\n|l|\u2606Atsushi0730\n","uploadtime":1701064556,"views":4,"p1id":"gamma06","p2id":"atsushi0730","formatid":"gen9vgc2023regulatione","rating":1063,"private":0,"password":""}