{"id":"gen9vgc2023regulatione-1993861948","p1":"PunkRockObstagoon","p2":"newalttotestteams","format":"[Gen 9] VGC 2023 Regulation E","log":"|j|\u2606PunkRockObstagoon\n|j|\u2606newalttotestteams\n|t:|1700366692\n|gametype|doubles\n|player|p1|PunkRockObstagoon|hilbert|1414\n|player|p2|newalttotestteams|n|1421\n|teamsize|p1|6\n|teamsize|p2|6\n|gen|9\n|tier|[Gen 9] VGC 2023 Regulation E\n|rated|\n|rule|Species Clause: Limit one of each Pok\u00e9mon\n|rule|Item Clause: Limit one of each item\n|clearpoke\n|poke|p1|Spinarak, L50, M|\n|poke|p1|Tatsugiri-Droopy, L50, M|\n|poke|p1|Urshifu-*, L50, M|\n|poke|p1|Lurantis, L50, F|\n|poke|p1|Armarouge, L50, M|\n|poke|p1|Farigiraf, L50, F|\n|poke|p2|Flutter Mane, L50|\n|poke|p2|Ogerpon-Wellspring, L50, F|\n|poke|p2|Iron Hands, L50|\n|poke|p2|Clefairy, L50, M|\n|poke|p2|Kingambit, L50, F|\n|poke|p2|Landorus-Therian, L50, M|\n|teampreview|4\n|inactive|Battle timer is ON: inactive players will automatically lose when time's up. (requested by PunkRockObstagoon)\nnewalttotestteams has agreed to open team sheets.\n|inactive|PunkRockObstagoon has 60 seconds left.\n|\n|t:|1700366724\n|start\n|switch|p1a: Armarouge|Armarouge, L50, M|100\/100\n|switch|p1b: Lurantis|Lurantis, L50, F|100\/100\n|switch|p2a: Kingambit|Kingambit, L50, F|100\/100\n|switch|p2b: Ogerpon|Ogerpon-Wellspring, L50, F|100\/100\n|turn|1\n|\n|t:|1700366742\n|switch|p1a: Tatsugiri|Tatsugiri-Droopy, L50, M|100\/100\n|move|p2b: Ogerpon|Ivy Cudgel|p1a: Tatsugiri|[anim] Ivy Cudgel Water\n|-ability|p1a: Tatsugiri|Storm Drain|boost\n|-boost|p1a: Tatsugiri|spa|1\n|move|p2a: Kingambit|Kowtow Cleave|p1a: Tatsugiri\n|-damage|p1a: Tatsugiri|11\/100\n|move|p1b: Lurantis|Superpower|p2a: Kingambit\n|-supereffective|p2a: Kingambit\n|-damage|p2a: Kingambit|0 fnt\n|-boost|p1b: Lurantis|atk|1\n|-boost|p1b: Lurantis|def|1\n|faint|p2a: Kingambit\n|\n|-heal|p1a: Tatsugiri|17\/100|[from] item: Leftovers\n|upkeep\n|\n|t:|1700366753\n|switch|p2a: Flutter Mane|Flutter Mane, L50|100\/100\n|turn|2\n|\n|t:|1700366764\n|-terastallize|p2a: Flutter Mane|Fairy\n|move|p1a: Tatsugiri|Protect|p1a: Tatsugiri\n|-singleturn|p1a: Tatsugiri|Protect\n|move|p2b: Ogerpon|Follow Me|p2b: Ogerpon\n|-singleturn|p2b: Ogerpon|move: Follow Me\n|move|p2a: Flutter Mane|Dazzling Gleam|p1a: Tatsugiri|[spread] p1b\n|-activate|p1a: Tatsugiri|move: Protect\n|-damage|p1b: Lurantis|64\/100\n|move|p1b: Lurantis|Leaf Blade|p2b: Ogerpon\n|-damage|p2b: Ogerpon|32\/100\n|\n|-heal|p1a: Tatsugiri|23\/100|[from] item: Leftovers\n|upkeep\n|turn|3\n|\n|t:|1700366783\n|switch|p1a: Armarouge|Armarouge, L50, M|100\/100\n|-terastallize|p1b: Lurantis|Fire\n|move|p2a: Flutter Mane|Dazzling Gleam|p1a: Armarouge|[spread] p1a,p1b\n|-resisted|p1a: Armarouge\n|-resisted|p1b: Lurantis\n|-damage|p1a: Armarouge|69\/100\n|-damage|p1b: Lurantis|45\/100\n|move|p2b: Ogerpon|Ivy Cudgel|p1b: Lurantis|[anim] Ivy Cudgel Water\n|-supereffective|p1b: Lurantis\n|-damage|p1b: Lurantis|0 fnt\n|faint|p1b: Lurantis\n|\n|upkeep\n|\n|t:|1700366787\n|switch|p1b: Tatsugiri|Tatsugiri-Droopy, L50, M|23\/100\n|turn|4\n|\n|t:|1700366795\n|move|p1b: Tatsugiri|Protect|p1b: Tatsugiri\n|-singleturn|p1b: Tatsugiri|Protect\n|move|p2a: Flutter Mane|Dazzling Gleam|p1a: Armarouge|[spread] p1a\n|-activate|p1b: Tatsugiri|move: Protect\n|-resisted|p1a: Armarouge\n|-damage|p1a: Armarouge|40\/100\n|move|p2b: Ogerpon|Ivy Cudgel|p1b: Tatsugiri|[anim] Ivy Cudgel Water\n|-activate|p1b: Tatsugiri|ability: Storm Drain\n|-activate|p1b: Tatsugiri|move: Protect\n|move|p1a: Armarouge|Trick Room|p1a: Armarouge\n|-fieldstart|move: Trick Room|[of] p1a: Armarouge\n|\n|-heal|p1b: Tatsugiri|29\/100|[from] item: Leftovers\n|upkeep\n|turn|5\n|\n|t:|1700366808\n|move|p1a: Armarouge|Heat Wave|p2b: Ogerpon|[spread] p2a\n|-miss|p1a: Armarouge|p2b: Ogerpon\n|-damage|p2a: Flutter Mane|59\/100\n|move|p1b: Tatsugiri|Tera Blast|p2b: Ogerpon\n|-damage|p2b: Ogerpon|4\/100\n|move|p2b: Ogerpon|Ivy Cudgel|p1b: Tatsugiri|[anim] Ivy Cudgel Water\n|-activate|p1b: Tatsugiri|ability: Storm Drain\n|-ability|p1b: Tatsugiri|Storm Drain|boost\n|-boost|p1b: Tatsugiri|spa|1\n|move|p2a: Flutter Mane|Dazzling Gleam|p1a: Armarouge|[spread] p1a,p1b\n|-resisted|p1a: Armarouge\n|-supereffective|p1b: Tatsugiri\n|-damage|p1a: Armarouge|6\/100\n|-damage|p1b: Tatsugiri|0 fnt\n|faint|p1b: Tatsugiri\n|\n|upkeep\n|\n|t:|1700366811\n|switch|p1b: Farigiraf|Farigiraf, L50, F|100\/100\n|turn|6\n|\n|t:|1700366831\n|move|p2b: Ogerpon|Follow Me|p2b: Ogerpon\n|-singleturn|p2b: Ogerpon|move: Follow Me\n|move|p1b: Farigiraf|Hyper Voice|p2b: Ogerpon|[spread] p2a,p2b\n|-crit|p2b: Ogerpon\n|-damage|p2a: Flutter Mane|24\/100\n|-damage|p2b: Ogerpon|0 fnt\n|faint|p2b: Ogerpon\n|move|p1a: Armarouge|Heat Wave|p2a: Flutter Mane\n|-damage|p2a: Flutter Mane|0 fnt\n|faint|p2a: Flutter Mane\n|-end|p2a: Flutter Mane|Protosynthesis|[silent]\n|\n|upkeep\n|\n|t:|1700366834\n|switch|p2a: Landorus|Landorus-Therian, L50, M|100\/100\n|-ability|p2a: Landorus|Intimidate|boost\n|-unboost|p1a: Armarouge|atk|1\n|-unboost|p1b: Farigiraf|atk|1\n|turn|7\n|\n|t:|1700366840\n|move|p1b: Farigiraf|Hyper Voice|p2a: Landorus\n|-damage|p2a: Landorus|45\/100\n|move|p1a: Armarouge|Heat Wave|p2a: Landorus\n|-damage|p2a: Landorus|0 fnt\n|faint|p2a: Landorus\n|\n|win|PunkRockObstagoon\n|raw|PunkRockObstagoon's rating: 1414 &rarr; <strong>1434<\/strong><br \/>(+20 for winning)\n|raw|newalttotestteams's rating: 1421 &rarr; <strong>1401<\/strong><br \/>(-20 for losing)\n","uploadtime":1700366842,"views":8,"p1id":"punkrockobstagoon","p2id":"newalttotestteams","formatid":"gen9vgc2023regulatione","rating":1401,"private":0,"password":""}