{"id":"gen9vgc2023regulatione-2000586462","p1":"Guakamou","p2":"gurupatak","format":"[Gen 9] VGC 2023 Regulation E","log":"|j|\u2606Guakamou\n|j|\u2606gurupatak\n|n|\u2606Guakamou|guakamou\n|n|\u2606gurupatak|gurupatak\n|html|View the match progress at <a href=\"\/game-bestof3-gen9vgc2023regulatione-2000586461\">game-bestof3-gen9vgc2023regulatione-2000586461<\/a>\n|t:|1701207853\n|gametype|doubles\n|player|p1|Guakamou|palmer|\n|player|p2|gurupatak|170|\n|teamsize|p1|6\n|teamsize|p2|6\n|gen|9\n|tier|[Gen 9] VGC 2023 Regulation E\n|rule|Species Clause: Limit one of each Pok\u00e9mon\n|rule|Item Clause: Limit one of each item\n|clearpoke\n|poke|p1|Heatran, L50, F|\n|poke|p1|Landorus-Therian, L50, M|\n|poke|p1|Iron Hands, L50|\n|poke|p1|Iron Bundle, L50|\n|poke|p1|Rillaboom, L50, M|\n|poke|p1|Ogerpon-Hearthflame, L50, F|\n|poke|p2|Arcanine-Hisui, L50, F|\n|poke|p2|Basculegion, L50, M|\n|poke|p2|Iron Hands, L50|\n|poke|p2|Tornadus, L50, M|\n|poke|p2|Gholdengo, L50|\n|poke|p2|Farigiraf, L50, M|\n|teampreview|4\n|c|\u2606gurupatak|glhf\n|c|\u2606Guakamou|gl hf :)\nGuakamou has agreed to open team sheets.\n|c|\u2606gurupatak|give me one moment\ngurupatak has agreed to open team sheets.\n|showteam|p1|Heatran||LifeOrb|FlashFire|HeatWave,EarthPower,FlashCannon,Protect|||F|||50|,,,,,Fairy]Landorus-Therian||ChoiceScarf|Intimidate|TeraBlast,Uturn,RockSlide,StompingTantrum|||M|||50|,,,,,Flying]Iron Hands||AssaultVest|QuarkDrive|FakeOut,WildCharge,DrainPunch,HeavySlam||||||50|,,,,,Water]Iron Bundle||BoosterEnergy|QuarkDrive|IcyWind,Encore,FreezeDry,Protect||||||50|,,,,,Ghost]Rillaboom||MiracleSeed|GrassySurge|FakeOut,WoodHammer,Uturn,GrassyGlide|||M|||50|,,,,,Grass]Ogerpon-Hearthflame||HearthflameMask|MoldBreaker|IvyCudgel,GrassyGlide,SwordsDance,SpikyShield|||F|||50|,,,,,Fire\n|showteam|p2|Arcanine-Hisui||ChoiceBand|Intimidate|FlareBlitz,RockSlide,ExtremeSpeed,TeraBlast|||F|||50|,,,,,Fairy]Basculegion||AssaultVest|Adaptability|WaveCrash,LastRespects,PhantomForce,AquaJet|||M|||50|,,,,,Grass]Iron Hands||BoosterEnergy|QuarkDrive|WildCharge,CloseCombat,FakeOut,Detect||||||50|,,,,,Grass]Tornadus||SkyPlate|Prankster|BleakwindStorm,Tailwind,Taunt,Protect|||M|||50|,,,,,Flying]Gholdengo||ChoiceSpecs|GoodasGold|MakeItRain,ShadowBall,Thunderbolt,Trick||||||50|,,,,,Steel]Farigiraf||SafetyGoggles|ArmorTail|Psychic,DazzlingGleam,NastyPlot,TrickRoom|||M|||50|,,,,,Fairy\n|inactive|Battle timer is ON: inactive players will automatically lose when time's up. (requested by gurupatak)\n|\n|t:|1701207902\n|start\n|switch|p1a: Rillaboom|Rillaboom, L50, M|100\/100\n|switch|p1b: Ogerpon|Ogerpon-Hearthflame, L50, F|100\/100\n|switch|p2a: Iron Hands|Iron Hands, L50|100\/100\n|switch|p2b: Farigiraf|Farigiraf, L50, M|100\/100\n|-ability|p1b: Ogerpon|Mold Breaker\n|-fieldstart|move: Grassy Terrain|[from] ability: Grassy Surge|[of] p1a: Rillaboom\n|-enditem|p2a: Iron Hands|Booster Energy\n|-activate|p2a: Iron Hands|ability: Quark Drive|[fromitem]\n|-start|p2a: Iron Hands|quarkdriveatk\n|turn|1\n|inactiveoff|Battle timer is now OFF.\n|c|\u2606gurupatak|pause\n|j| DOUUS Octoto\n|c|\u2606gurupatak|let the commentator join\n|c| DOUUS Octoto|thank you so much!\n|c|\u2606gurupatak|no problem\n|c| DOUUS Octoto|we(re here\n|c|\u2606Guakamou|I mean i'm not the one who put the timer on lol\n|c|\u2606Guakamou|hi !\n|c| DOUUS Octoto|thank you for the notification\n|\n|t:|1701207959\n|switch|p1b: Landorus|Landorus-Therian, L50, M|100\/100\n|-ability|p1b: Landorus|Intimidate|boost\n|-unboost|p2a: Iron Hands|atk|1\n|-unboost|p2b: Farigiraf|atk|1\n|move|p2a: Iron Hands|Fake Out|p1b: Landorus\n|-damage|p1b: Landorus|85\/100\n|move|p1a: Rillaboom|Wood Hammer|p2a: Iron Hands\n|-damage|p2a: Iron Hands|26\/100\n|-damage|p1a: Rillaboom|73\/100|[from] Recoil\n|move|p2b: Farigiraf|Trick Room|p2b: Farigiraf\n|-fieldstart|move: Trick Room|[of] p2b: Farigiraf\n|\n|-heal|p2a: Iron Hands|33\/100|[from] Grassy Terrain\n|-heal|p1a: Rillaboom|79\/100|[from] Grassy Terrain\n|upkeep\n|turn|2\n|c| DOUUS Octoto|highly appreciated\n|\n|t:|1701207981\n|move|p2a: Iron Hands|Detect|p2a: Iron Hands\n|-singleturn|p2a: Iron Hands|Protect\n|move|p2b: Farigiraf|Nasty Plot|p2b: Farigiraf\n|-boost|p2b: Farigiraf|spa|2\n|move|p1a: Rillaboom|Wood Hammer|p2a: Iron Hands\n|-activate|p2a: Iron Hands|move: Protect\n|move|p1b: Landorus|U-turn|p2b: Farigiraf\n|-supereffective|p2b: Farigiraf\n|-damage|p2b: Farigiraf|49\/100\n|\n|t:|1701208008\n|switch|p1b: Iron Hands|Iron Hands, L50|100\/100|[from] U-turn\n|\n|-heal|p2a: Iron Hands|39\/100|[from] Grassy Terrain\n|-heal|p2b: Farigiraf|55\/100|[from] Grassy Terrain\n|-heal|p1a: Rillaboom|85\/100|[from] Grassy Terrain\n|upkeep\n|turn|3\n|\n|t:|1701208037\n|move|p1b: Iron Hands|Wild Charge|p2b: Farigiraf\n|-damage|p2b: Farigiraf|10\/100\n|-damage|p1b: Iron Hands|91\/100|[from] Recoil\n|move|p2a: Iron Hands|Wild Charge|p1b: Iron Hands\n|-resisted|p1b: Iron Hands\n|-damage|p1b: Iron Hands|75\/100\n|-damage|p2a: Iron Hands|34\/100|[from] Recoil\n|move|p2b: Farigiraf|Psychic|p1b: Iron Hands\n|-supereffective|p1b: Iron Hands\n|-damage|p1b: Iron Hands|0 fnt\n|faint|p1b: Iron Hands\n|-end|p1b: Iron Hands|Quark Drive|[silent]\n|move|p1a: Rillaboom|Wood Hammer|p2b: Farigiraf\n|-damage|p2b: Farigiraf|0 fnt\n|faint|p2b: Farigiraf\n|-damage|p1a: Rillaboom|82\/100|[from] Recoil\n|\n|-heal|p2a: Iron Hands|40\/100|[from] Grassy Terrain\n|-heal|p1a: Rillaboom|87\/100|[from] Grassy Terrain\n|upkeep\n|\n|t:|1701208053\n|switch|p1b: Ogerpon|Ogerpon-Hearthflame, L50, F|100\/100\n|switch|p2b: Tornadus|Tornadus, L50, M|100\/100\n|-ability|p1b: Ogerpon|Mold Breaker\n|turn|4\n|\n|t:|1701208068\n|switch|p1a: Landorus|Landorus-Therian, L50, M|85\/100\n|-ability|p1a: Landorus|Intimidate|boost\n|-unboost|p2a: Iron Hands|atk|1\n|-unboost|p2b: Tornadus|atk|1\n|-terastallize|p1b: Ogerpon|Fire\n|detailschange|p1b: Ogerpon|Ogerpon-Hearthflame-Tera, L50, F, tera:Fire\n|-ability|p1b: Ogerpon|Embody Aspect (Hearthflame)|boost\n|-boost|p1b: Ogerpon|atk|1\n|move|p2b: Tornadus|Protect|p2b: Tornadus\n|-singleturn|p2b: Tornadus|Protect\n|move|p2a: Iron Hands|Close Combat|p1b: Ogerpon\n|-damage|p1b: Ogerpon|56\/100\n|-unboost|p2a: Iron Hands|def|1\n|-unboost|p2a: Iron Hands|spd|1\n|move|p1b: Ogerpon|Ivy Cudgel|p2b: Tornadus|[anim] Ivy Cudgel Fire\n|-activate|p2b: Tornadus|move: Protect\n|\n|-heal|p2a: Iron Hands|46\/100|[from] Grassy Terrain\n|-heal|p1b: Ogerpon|61\/100|[from] Grassy Terrain\n|upkeep\n|turn|5\n|\n|t:|1701208121\n|move|p1b: Ogerpon|Spiky Shield|p1b: Ogerpon\n|-singleturn|p1b: Ogerpon|move: Protect\n|move|p2a: Iron Hands|Close Combat|p1b: Ogerpon\n|-activate|p1b: Ogerpon|move: Protect\n|-damage|p2a: Iron Hands|34\/100|[from] Spiky Shield|[of] p1b: Ogerpon\n|move|p2b: Tornadus|Bleakwind Storm|p1b: Ogerpon|[spread] p1a\n|-activate|p1b: Ogerpon|move: Protect\n|-damage|p1a: Landorus|28\/100\n|-unboost|p1a: Landorus|spe|1\n|move|p1a: Landorus|U-turn|p2b: Tornadus\n|-resisted|p2b: Tornadus\n|-damage|p2b: Tornadus|86\/100\n|\n|t:|1701208134\n|switch|p1a: Rillaboom|Rillaboom, L50, M|87\/100|[from] U-turn\n|\n|-heal|p2a: Iron Hands|40\/100|[from] Grassy Terrain\n|-heal|p1a: Rillaboom|93\/100|[from] Grassy Terrain\n|-heal|p1b: Ogerpon|67\/100|[from] Grassy Terrain\n|-fieldend|move: Trick Room\n|-fieldend|move: Grassy Terrain\n|upkeep\n|turn|6\n|\n|t:|1701208143\n|move|p2b: Tornadus|Protect|p2b: Tornadus\n|-singleturn|p2b: Tornadus|Protect\n|move|p1a: Rillaboom|Fake Out|p2b: Tornadus\n|-activate|p2b: Tornadus|move: Protect\n|move|p1b: Ogerpon|Ivy Cudgel|p2a: Iron Hands|[anim] Ivy Cudgel Fire\n|-damage|p2a: Iron Hands|0 fnt\n|faint|p2a: Iron Hands\n|-end|p2a: Iron Hands|Quark Drive|[silent]\n|\n|upkeep\n|\n|t:|1701208148\n|switch|p2a: Basculegion|Basculegion, L50, M|100\/100\n|turn|7\n|inactive|Battle timer is ON: inactive players will automatically lose when time's up. (requested by gurupatak)\n|\n|t:|1701208161\n|switch|p1b: Landorus|Landorus-Therian, L50, M|28\/100\n|-ability|p1b: Landorus|Intimidate|boost\n|-unboost|p2a: Basculegion|atk|1\n|-unboost|p2b: Tornadus|atk|1\n|-terastallize|p2a: Basculegion|Grass\n|move|p2b: Tornadus|Tailwind|p2b: Tornadus\n|-sidestart|p2: gurupatak|move: Tailwind\n|move|p2a: Basculegion|Last Respects|p1b: Landorus\n|-damage|p1b: Landorus|0 fnt\n|faint|p1b: Landorus\n|move|p1a: Rillaboom|U-turn|p2a: Basculegion\n|-supereffective|p2a: Basculegion\n|-damage|p2a: Basculegion|49\/100\n|\n|t:|1701208176\n|switch|p1a: Ogerpon|Ogerpon-Hearthflame-Tera, L50, F, tera:Fire|67\/100|[from] U-turn\n|-ability|p1a: Ogerpon|Embody Aspect (Hearthflame)|boost\n|-boost|p1a: Ogerpon|atk|1\n|\n|upkeep\n|\n|t:|1701208180\n|switch|p1b: Rillaboom|Rillaboom, L50, M|93\/100\n|-fieldstart|move: Grassy Terrain|[from] ability: Grassy Surge|[of] p1b: Rillaboom\n|turn|8\n|\n|t:|1701208185\n|move|p1b: Rillaboom|Fake Out|p2a: Basculegion\n|-damage|p2a: Basculegion|36\/100\n|move|p2b: Tornadus|Bleakwind Storm|p1a: Ogerpon|[spread] p1a,p1b\n|-supereffective|p1b: Rillaboom\n|-damage|p1a: Ogerpon|19\/100\n|-damage|p1b: Rillaboom|0 fnt\n|faint|p1b: Rillaboom\n|cant|p2a: Basculegion|flinch\n|move|p1a: Ogerpon|Ivy Cudgel|p2a: Basculegion|[anim] Ivy Cudgel Fire\n|-supereffective|p2a: Basculegion\n|-damage|p2a: Basculegion|0 fnt\n|faint|p2a: Basculegion\n|\n|-heal|p1a: Ogerpon|25\/100|[from] Grassy Terrain\n|upkeep\n|turn|9\n|c|\u2606gurupatak|pls hit\n|inactive|Guakamou has 30 seconds left.\n|inactive|Guakamou has 20 seconds left.\n|\n|t:|1701208221\n|move|p1a: Ogerpon|Spiky Shield|p1a: Ogerpon\n|-singleturn|p1a: Ogerpon|move: Protect\n|move|p2b: Tornadus|Bleakwind Storm|p1a: Ogerpon\n|-activate|p1a: Ogerpon|move: Protect\n|\n|-heal|p1a: Ogerpon|31\/100|[from] Grassy Terrain\n|upkeep\n|turn|10\n|\n|t:|1701208235\n|move|p1a: Ogerpon|Spiky Shield|p1a: Ogerpon\n|-singleturn|p1a: Ogerpon|move: Protect\n|move|p2b: Tornadus|Bleakwind Storm|p1a: Ogerpon\n|-activate|p1a: Ogerpon|move: Protect\n|\n|-heal|p1a: Ogerpon|37\/100|[from] Grassy Terrain\n|-sideend|p2: gurupatak|move: Tailwind\n|upkeep\n|turn|11\n|c|\u2606gurupatak|it will ko if it hits\n|\n|t:|1701208239\n|move|p1a: Ogerpon|Ivy Cudgel|p2b: Tornadus|[anim] Ivy Cudgel Fire\n|-damage|p2b: Tornadus|0 fnt\n|faint|p2b: Tornadus\n|\n|win|Guakamou\n|c|\u2606gurupatak|noooooo\n|c|\u2606gurupatak|the double lol\n|inactive|Guakamou has 50 seconds to confirm battle start!\n|inactive|gurupatak has 50 seconds to confirm battle start!\n|c|\u2606gurupatak|gg\n|c|\u2606Guakamou|had to try\n|c|\u2606Guakamou|better odds thn the miss\n|c|&|\/uhtml prompt-gurupatak,gurupatak is ready for game 2!\n|inactive|Guakamou has 40 seconds to confirm battle start!\n|c|\u2606Guakamou|gg\n|c|&|\/uhtml prompt-guakamou,Guakamou is ready for game 2!\nBoth players are ready! Starting next match!\n|l| DOUUS Octoto\n|l|\u2606gurupatak\n|l|\u2606Guakamou\n|j|\u2606Guakamou\n|player|p1|Guakamou|palmer\n","uploadtime":1701208949,"views":1,"p1id":"guakamou","p2id":"gurupatak","formatid":"gen9vgc2023regulatione","rating":0,"private":0,"password":""}