{"id":"gen9vgc2023regulatione-1988871214","p1":"larryquest","p2":"Mortipherus","format":"[Gen 9] VGC 2023 Regulation E","log":"|j|\u2606larryquest\n|j|\u2606Mortipherus\n|t:|1699777981\n|gametype|doubles\n|player|p1|larryquest|101|1130\n|player|p2|Mortipherus|biker-gen4|1147\n|teamsize|p1|6\n|teamsize|p2|6\n|gen|9\n|tier|[Gen 9] VGC 2023 Regulation E\n|rated|\n|rule|Species Clause: Limit one of each Pok\u00e9mon\n|rule|Item Clause: Limit one of each item\n|clearpoke\n|poke|p1|Flutter Mane, L50|\n|poke|p1|Kingambit, L50, M|\n|poke|p1|Arcanine, L50, F|\n|poke|p1|Chien-Pao, L50|\n|poke|p1|Dragonite, L50, F|\n|poke|p1|Iron Bundle, L50|\n|poke|p2|Revavroom, L50, F|\n|poke|p2|Landorus-Therian, L50, M|\n|poke|p2|Rillaboom, L50, F|\n|poke|p2|Clefairy, L50, F|\n|poke|p2|Arcanine-Hisui, L50, M|\n|poke|p2|Ogerpon-Wellspring, L50, F|\n|teampreview|4\n|\n|t:|1699777997\n|start\n|switch|p1a: Chien-Pao|Chien-Pao, L50|100\/100\n|switch|p1b: Arcanine|Arcanine, L50, F|100\/100\n|switch|p2a: Revavroom|Revavroom, L50, F, shiny|100\/100\n|switch|p2b: Arcanine|Arcanine-Hisui, L50, M, shiny|100\/100\n|-ability|p1a: Chien-Pao|Sword of Ruin\n|-ability|p2b: Arcanine|Intimidate|boost\n|-unboost|p1a: Chien-Pao|atk|1\n|-unboost|p1b: Arcanine|atk|1\n|-ability|p1b: Arcanine|Intimidate|boost\n|-fail|p2a: Revavroom|unboost|[from] item: Clear Amulet|[of] p2a: Revavroom\n|-unboost|p2b: Arcanine|atk|1\n|turn|1\n|inactive|Battle timer is ON: inactive players will automatically lose when time's up. (requested by Mortipherus)\n|\n|t:|1699778024\n|switch|p2a: Landorus|Landorus-Therian, L50, M|100\/100\n|-ability|p2a: Landorus|Intimidate|boost\n|-unboost|p1a: Chien-Pao|atk|1\n|-unboost|p1b: Arcanine|atk|1\n|-terastallize|p1a: Chien-Pao|Ghost\n|move|p1a: Chien-Pao|Sacred Sword|p2b: Arcanine\n|-supereffective|p2b: Arcanine\n|-damage|p2b: Arcanine|50\/100\n|move|p2b: Arcanine|Rock Slide|p1b: Arcanine|[spread] p1a,p1b\n|-supereffective|p1b: Arcanine\n|-damage|p1a: Chien-Pao|58\/100\n|-damage|p1b: Arcanine|18\/100\n|move|p1b: Arcanine|Flare Blitz|p2a: Landorus\n|-damage|p2a: Landorus|66\/100\n|-status|p2a: Landorus|brn\n|-damage|p1b: Arcanine|7\/100|[from] Recoil\n|\n|-damage|p2a: Landorus|59\/100 brn|[from] brn\n|upkeep\n|turn|2\n|inactive|larryquest has 30 seconds left.\n|inactive|Mortipherus has 30 seconds left.\n|\n|t:|1699778058\n|switch|p1a: Dragonite|Dragonite, L50, F|100\/100\n|move|p1b: Arcanine|Protect|p1b: Arcanine\n|-singleturn|p1b: Arcanine|Protect\n|move|p2a: Landorus|Rock Slide|p1b: Arcanine|[spread] p1a\n|-activate|p1b: Arcanine|move: Protect\n|-supereffective|p1a: Dragonite\n|-damage|p1a: Dragonite|91\/100\n|move|p2b: Arcanine|Rock Slide|p1a: Dragonite|[spread] p1a\n|-activate|p1b: Arcanine|move: Protect\n|-supereffective|p1a: Dragonite\n|-damage|p1a: Dragonite|31\/100\n|\n|-damage|p2a: Landorus|53\/100 brn|[from] brn\n|upkeep\n|turn|3\n|\n|t:|1699778082\n|switch|p2a: Clefairy|Clefairy, L50, F|100\/100\n|move|p1b: Arcanine|Extreme Speed|p2a: Clefairy\n|-damage|p2a: Clefairy|91\/100\n|move|p1a: Dragonite|Aqua Jet|p2b: Arcanine\n|-supereffective|p2b: Arcanine\n|-damage|p2b: Arcanine|0 fnt\n|faint|p2b: Arcanine\n|\n|upkeep\n|\n|t:|1699778093\n|switch|p2b: Landorus|Landorus-Therian, L50, M|53\/100 brn\n|-ability|p2b: Landorus|Intimidate|boost\n|-unboost|p1a: Dragonite|atk|1\n|-unboost|p1b: Arcanine|atk|1\n|turn|4\n|\n|t:|1699778104\n|move|p2a: Clefairy|Helping Hand|p2b: Landorus\n|-singleturn|p2b: Landorus|Helping Hand|[of] p2a: Clefairy\n|move|p1b: Arcanine|Protect|p1b: Arcanine\n|-singleturn|p1b: Arcanine|Protect\n|move|p1a: Dragonite|Aqua Jet|p2b: Landorus\n|-supereffective|p2b: Landorus\n|-damage|p2b: Landorus|30\/100 brn\n|move|p2b: Landorus|Rock Slide|p1a: Dragonite|[spread] p1a\n|-activate|p1b: Arcanine|move: Protect\n|-supereffective|p1a: Dragonite\n|-damage|p1a: Dragonite|3\/100\n|\n|-damage|p2b: Landorus|23\/100 brn|[from] brn\n|upkeep\n|turn|5\n|\n|t:|1699778123\n|move|p1a: Dragonite|Aqua Jet|p2b: Landorus\n|-supereffective|p2b: Landorus\n|-damage|p2b: Landorus|0 fnt\n|faint|p2b: Landorus\n|move|p1b: Arcanine|Will-O-Wisp|p2a: Clefairy\n|-status|p2a: Clefairy|brn\n|move|p2a: Clefairy|Heal Pulse|p2: Landorus|[notarget]\n|-fail|p2a: Clefairy\n|\n|-damage|p2a: Clefairy|85\/100 brn|[from] brn\n|upkeep\n|\n|t:|1699778135\n|switch|p2b: Revavroom|Revavroom, L50, F, shiny|100\/100\n|turn|6\n|\n|t:|1699778152\n|move|p2a: Clefairy|Follow Me|p2a: Clefairy\n|-singleturn|p2a: Clefairy|move: Follow Me\n|move|p1a: Dragonite|Aqua Jet|p2a: Clefairy\n|-damage|p2a: Clefairy|72\/100 brn\n|move|p1b: Arcanine|Will-O-Wisp|p2a: Clefairy\n|-fail|p2a: Clefairy|brn\n|move|p2b: Revavroom|Shift Gear|p2b: Revavroom\n|-boost|p2b: Revavroom|spe|2\n|-boost|p2b: Revavroom|atk|1\n|\n|-damage|p2a: Clefairy|66\/100 brn|[from] brn\n|upkeep\n|turn|7\n|\n|t:|1699778175\n|move|p2a: Clefairy|Follow Me|p2a: Clefairy\n|-singleturn|p2a: Clefairy|move: Follow Me\n|move|p1a: Dragonite|Aqua Jet|p2a: Clefairy\n|-damage|p2a: Clefairy|54\/100 brn\n|move|p2b: Revavroom|Iron Head|p1b: Arcanine\n|-resisted|p1b: Arcanine\n|-damage|p1b: Arcanine|0 fnt\n|faint|p1b: Arcanine\n|\n|-damage|p2a: Clefairy|48\/100 brn|[from] brn\n|upkeep\n|\n|t:|1699778195\n|switch|p1b: Flutter Mane|Flutter Mane, L50|100\/100\n|turn|8\n|\n|t:|1699778206\n|move|p2a: Clefairy|Follow Me|p2a: Clefairy\n|-singleturn|p2a: Clefairy|move: Follow Me\n|move|p1a: Dragonite|Aqua Jet|p2a: Clefairy\n|-damage|p2a: Clefairy|37\/100 brn\n|move|p2b: Revavroom|Iron Head|p1b: Flutter Mane\n|-supereffective|p1b: Flutter Mane\n|-damage|p1b: Flutter Mane|0 fnt\n|faint|p1b: Flutter Mane\n|-end|p1b: Flutter Mane|Protosynthesis|[silent]\n|\n|-damage|p2a: Clefairy|30\/100 brn|[from] brn\n|upkeep\n|\n|t:|1699778215\n|switch|p1b: Chien-Pao|Chien-Pao, L50, tera:Ghost|58\/100\n|-ability|p1b: Chien-Pao|Sword of Ruin\n|turn|9\n|\n|t:|1699778222\n|move|p1b: Chien-Pao|Protect|p1b: Chien-Pao\n|-singleturn|p1b: Chien-Pao|Protect\n|move|p2a: Clefairy|Follow Me|p2a: Clefairy\n|-singleturn|p2a: Clefairy|move: Follow Me\n|move|p1a: Dragonite|Aqua Jet|p2a: Clefairy\n|-damage|p2a: Clefairy|13\/100 brn\n|move|p2b: Revavroom|Iron Head|p1b: Chien-Pao\n|-activate|p1b: Chien-Pao|move: Protect\n|\n|-damage|p2a: Clefairy|7\/100 brn|[from] brn\n|upkeep\n|turn|10\n|\n|t:|1699778247\n|move|p2a: Clefairy|Follow Me|p2a: Clefairy\n|-singleturn|p2a: Clefairy|move: Follow Me\n|move|p1b: Chien-Pao|Sucker Punch||[still]\n|-fail|p1b: Chien-Pao\n|move|p1a: Dragonite|Aqua Jet|p2a: Clefairy\n|-damage|p2a: Clefairy|0 fnt\n|faint|p2a: Clefairy\n|move|p2b: Revavroom|Iron Head|p1b: Chien-Pao\n|-damage|p1b: Chien-Pao|0 fnt\n|faint|p1b: Chien-Pao\n|\n|upkeep\n|turn|11\n|\n|t:|1699778261\n|move|p1a: Dragonite|Aqua Jet|p2b: Revavroom\n|-damage|p2b: Revavroom|86\/100\n|move|p2b: Revavroom|Iron Head|p1a: Dragonite\n|-damage|p1a: Dragonite|0 fnt\n|faint|p1a: Dragonite\n|\n|win|Mortipherus\n|raw|larryquest's rating: 1130 &rarr; <strong>1106<\/strong><br \/>(-24 for losing)\n|raw|Mortipherus's rating: 1147 &rarr; <strong>1171<\/strong><br \/>(+24 for winning)\n|l|\u2606larryquest\n","uploadtime":1699778277,"views":39,"p1id":"larryquest","p2id":"mortipherus","formatid":"gen9vgc2023regulatione","rating":1106,"private":0,"password":""}