{"id":"gen9vgc2023regulatione-1998444371","p1":"Spearstorms","p2":"Hinkle54","format":"[Gen 9] VGC 2023 Regulation E","log":"|j|\u2606Spearstorms\n|j|\u2606Hinkle54\n|n|\u2606Spearstorms|spearstorms\n|n|\u2606Hinkle54|hinkle54\n|html|View the match progress at <a href=\"\/game-bestof3-gen9vgc2023regulatione-1998444370\">game-bestof3-gen9vgc2023regulatione-1998444370<\/a>\n|t:|1700943014\n|gametype|doubles\n|player|p1|Spearstorms|169|\n|player|p2|Hinkle54|clown|\n|teamsize|p1|6\n|teamsize|p2|6\n|gen|9\n|tier|[Gen 9] VGC 2023 Regulation E\n|rule|Species Clause: Limit one of each Pok\u00e9mon\n|rule|Item Clause: Limit one of each item\n|clearpoke\n|poke|p1|Rillaboom, L50, M|\n|poke|p1|Urshifu-*, L50, F|\n|poke|p1|Ninetales-Alola, L50, M|\n|poke|p1|Articuno, L50|\n|poke|p1|Regieleki, L50|\n|poke|p1|Ogerpon-Cornerstone, L50, F|\n|poke|p2|Cresselia, L50, F|\n|poke|p2|Ursaluna, L50, M|\n|poke|p2|Empoleon, L50, F|\n|poke|p2|Enamorus-Therian, L50, F|\n|poke|p2|Skeledirge, L50, F|\n|poke|p2|Pawmot, L50, M|\n|teampreview|4\nSpearstorms has agreed to open team sheets.\nHinkle54 has agreed to open team sheets.\n|showteam|p1|Rillaboom||MiracleSeed|GrassySurge|WoodHammer,FakeOut,GrassyGlide,TeraBlast|||M|||50|,,,,,Water]Urshifu-Rapid-Strike||ChoiceBand|UnseenFist|SurgingStrikes,CloseCombat,AquaJet,PoisonJab|||F|||50|,,,,,Water]Ninetales-Alola||FocusSash|SnowWarning|FreezeDry,AuroraVeil,HelpingHand,Moonblast|||M|||50|,,,,,Ghost]Articuno||BrightPowder|SnowCloak|FreezeDry,Blizzard,Roost,Haze||||||50|,,,,,Ice]Regieleki||LifeOrb|Transistor|EerieImpulse,TeraBlast,Thunderbolt,VoltSwitch||||||50|,,,,,Ice]Ogerpon-Cornerstone||CornerstoneMask|Sturdy|IvyCudgel,SpikyShield,HornLeech,Superpower|||F|||50|,,,,,Rock\n|showteam|p2|Cresselia||CovertCloak|Levitate|TrickRoom,AllySwitch,LunarBlessing,Psychic|||F|||50|,,,,,Water]Ursaluna||FlameOrb|Guts|BrickBreak,RockSlide,Protect,HeavySlam|||M|||50|,,,,,Ghost]Empoleon||SitrusBerry|Competitive|IceBeam,FlashCannon,Protect,WaterPledge|||F|||50|,,,,,Grass]Enamorus-Therian||LifeOrb|Overcoat|Protect,DazzlingGleam,EarthPower,MysticalFire|||F|||50|,,,,,Steel]Skeledirge||RockyHelmet|Unaware|TorchSong,HeatWave,Protect,EarthPower|||F|||50|,,,,,Grass]Pawmot||FocusSash|VoltAbsorb|FakeOut,RevivalBlessing,DoubleShock,CloseCombat|||M|||50|,,,,,Electric\n|c|\u2606Spearstorms|im gonna hve to go afk for 5 min in the middle of this one just so it doesnt look like im taking forever\n|c|\u2606Spearstorms|to help bring in groceries\n|\n|t:|1700943079\n|start\n|switch|p1a: Rillaboom|Rillaboom, L50, M|100\/100\n|switch|p1b: Urshifu|Urshifu-Rapid-Strike, L50, F|100\/100\n|switch|p2a: Cresselia|Cresselia, L50, F|100\/100\n|switch|p2b: Pawmot|Pawmot, L50, M|100\/100\n|-fieldstart|move: Grassy Terrain|[from] ability: Grassy Surge|[of] p1a: Rillaboom\n|turn|1\n|\n|t:|1700943097\n|move|p1a: Rillaboom|Fake Out|p2b: Pawmot\n|-damage|p2b: Pawmot|75\/100\n|cant|p2b: Pawmot|flinch\n|move|p1b: Urshifu|Surging Strikes|p2b: Pawmot\n|-crit|p2b: Pawmot\n|-damage|p2b: Pawmot|23\/100\n|-crit|p2b: Pawmot\n|-damage|p2b: Pawmot|0 fnt\n|faint|p2b: Pawmot\n|-hitcount|p2: Pawmot|2\n|move|p2a: Cresselia|Trick Room|p2a: Cresselia\n|-fieldstart|move: Trick Room|[of] p2a: Cresselia\n|\n|upkeep\n|\n|t:|1700943110\n|switch|p2b: Skeledirge|Skeledirge, L50, F|100\/100\n|turn|2\n|\n|t:|1700943137\n|switch|p1a: Ninetales|Ninetales-Alola, L50, M|100\/100\n|-weather|Snow|[from] ability: Snow Warning|[of] p1a: Ninetales\n|-terastallize|p2b: Skeledirge|Grass\n|-terastallize|p1b: Urshifu|Water\n|move|p2b: Skeledirge|Torch Song|p1a: Ninetales\n|-supereffective|p1a: Ninetales\n|-damage|p1a: Ninetales|3\/100\n|-boost|p2b: Skeledirge|spa|1\n|move|p2a: Cresselia|Psychic|p1b: Urshifu\n|-damage|p1b: Urshifu|56\/100\n|move|p1b: Urshifu|Surging Strikes|p2b: Skeledirge\n|-resisted|p2b: Skeledirge\n|-crit|p2b: Skeledirge\n|-damage|p2b: Skeledirge|84\/100\n|-damage|p1b: Urshifu|39\/100|[from] item: Rocky Helmet|[of] p2b: Skeledirge\n|-resisted|p2b: Skeledirge\n|-crit|p2b: Skeledirge\n|-damage|p2b: Skeledirge|66\/100\n|-damage|p1b: Urshifu|23\/100|[from] item: Rocky Helmet|[of] p2b: Skeledirge\n|-resisted|p2b: Skeledirge\n|-crit|p2b: Skeledirge\n|-damage|p2b: Skeledirge|48\/100\n|-damage|p1b: Urshifu|6\/100|[from] item: Rocky Helmet|[of] p2b: Skeledirge\n|-hitcount|p2b: Skeledirge|3\n|\n|-weather|Snow|[upkeep]\n|-heal|p2b: Skeledirge|54\/100|[from] Grassy Terrain\n|-heal|p1b: Urshifu|12\/100|[from] Grassy Terrain\n|-heal|p1a: Ninetales|9\/100|[from] Grassy Terrain\n|upkeep\n|turn|3\n|\n|t:|1700943229\n|move|p2b: Skeledirge|Heat Wave|p1a: Ninetales|[spread] p1a,p1b\n|-supereffective|p1a: Ninetales\n|-resisted|p1b: Urshifu\n|-damage|p1a: Ninetales|0 fnt\n|-damage|p1b: Urshifu|0 fnt\n|faint|p1a: Ninetales\n|faint|p1b: Urshifu\n|move|p2a: Cresselia|Lunar Blessing|p2a: Cresselia|[spread] p2a,p2b\n|-heal|p2b: Skeledirge|79\/100\n|\n|-weather|Snow|[upkeep]\n|-heal|p2b: Skeledirge|85\/100|[from] Grassy Terrain\n|upkeep\n|\n|t:|1700943232\n|switch|p1b: Articuno|Articuno, L50|100\/100\n|switch|p1a: Rillaboom|Rillaboom, L50, M|100\/100\n|turn|4\n|\n|t:|1700943247\n|move|p1a: Rillaboom|Fake Out|p2b: Skeledirge\n|-damage|p2b: Skeledirge|73\/100\n|-damage|p1a: Rillaboom|84\/100|[from] item: Rocky Helmet|[of] p2b: Skeledirge\n|move|p2a: Cresselia|Ally Switch|p2a: Cresselia\n|swap|p2a: Cresselia|1|[from] move: Ally Switch\n|cant|p2a: Skeledirge|flinch\n|move|p1b: Articuno|Haze|p1b: Articuno\n|-clearallboost\n|\n|-weather|Snow|[upkeep]\n|-heal|p2a: Skeledirge|79\/100|[from] Grassy Terrain\n|-heal|p1a: Rillaboom|90\/100|[from] Grassy Terrain\n|upkeep\n|turn|5\n|\n|t:|1700943266\n|move|p1a: Rillaboom|Grassy Glide|p2b: Cresselia\n|-damage|p2b: Cresselia|64\/100\n|move|p2a: Skeledirge|Torch Song|p1a: Rillaboom\n|-supereffective|p1a: Rillaboom\n|-damage|p1a: Rillaboom|0 fnt\n|-boost|p2a: Skeledirge|spa|1\n|faint|p1a: Rillaboom\n|move|p2b: Cresselia|Psychic|p1b: Articuno\n|-damage|p1b: Articuno|82\/100\n|move|p1b: Articuno|Blizzard|p2b: Cresselia|[spread] p2a,p2b\n|-supereffective|p2a: Skeledirge\n|-damage|p2a: Skeledirge|2\/100\n|-damage|p2b: Cresselia|49\/100\n|\n|-weather|Snow|[upkeep]\n|-heal|p2a: Skeledirge|8\/100|[from] Grassy Terrain\n|-fieldend|move: Trick Room\n|-fieldend|move: Grassy Terrain\n|upkeep\n|turn|6\n|\n|t:|1700943386\n|move|p2a: Skeledirge|Protect|p2a: Skeledirge\n|-singleturn|p2a: Skeledirge|Protect\n|move|p1b: Articuno|Blizzard|p2b: Cresselia|[spread] p2b\n|-activate|p2a: Skeledirge|move: Protect\n|-damage|p2b: Cresselia|33\/100\n|move|p2b: Cresselia|Trick Room|p2b: Cresselia\n|-fieldstart|move: Trick Room|[of] p2b: Cresselia\n|\n|-weather|none\n|upkeep\n|turn|7\n|\n|t:|1700943443\n|move|p2a: Skeledirge|Torch Song|p1b: Articuno\n|-supereffective|p1b: Articuno\n|-damage|p1b: Articuno|0 fnt\n|-boost|p2a: Skeledirge|spa|1\n|faint|p1b: Articuno\n|\n|win|Hinkle54\n|c|&|\/uhtml prompt-spearstorms,Spearstorms is ready for game 2!\n|inactive|Hinkle54 has 50 seconds to confirm battle start!\n","uploadtime":1700943456,"views":26,"p1id":"spearstorms","p2id":"hinkle54","formatid":"gen9vgc2023regulatione","rating":0,"private":0,"password":""}