{"id":"gen9vgc2023regulatione-1991391631","p1":"Guakamou","p2":"ace.bnz","format":"[Gen 9] VGC 2023 Regulation E","log":"|j|\u2606Guakamou\n|j|\u2606ace.bnz\n|n|\u2606Guakamou|guakamou\n|n|\u2606ace.bnz|acebnz\n|html|View the match progress at <a href=\"\/game-bestof3-gen9vgc2023regulatione-1991391630\">game-bestof3-gen9vgc2023regulatione-1991391630<\/a>\n|t:|1700073217\n|gametype|doubles\n|player|p1|Guakamou|palmer|\n|player|p2|ace.bnz|plasmagrunt|\n|teamsize|p1|6\n|teamsize|p2|6\n|gen|9\n|tier|[Gen 9] VGC 2023 Regulation E\n|rule|Species Clause: Limit one of each Pok\u00e9mon\n|rule|Item Clause: Limit one of each item\n|clearpoke\n|poke|p1|Heatran, L50, M|\n|poke|p1|Landorus-Therian, L50, M|\n|poke|p1|Iron Hands, L50|\n|poke|p1|Iron Bundle, L50|\n|poke|p1|Rillaboom, L50, F|\n|poke|p1|Ogerpon-Hearthflame, L50, F|\n|poke|p2|Iron Hands, L50|\n|poke|p2|Roaring Moon, L50|\n|poke|p2|Amoonguss, L50, F|\n|poke|p2|Arcanine-Hisui, L50, M|\n|poke|p2|Gholdengo, L50|\n|poke|p2|Flutter Mane, L50|\n|teampreview|4\nace.bnz has agreed to open team sheets.\nGuakamou has agreed to open team sheets.\n|showteam|p1|Heatran||LifeOrb|FlashFire|HeatWave,EarthPower,FlashCannon,Protect|||M|||50|,,,,,Fairy]Landorus-Therian||ChoiceScarf|Intimidate|TeraBlast,Uturn,RockSlide,StompingTantrum|||M|||50|,,,,,Flying]Iron Hands||AssaultVest|QuarkDrive|FakeOut,WildCharge,DrainPunch,HeavySlam||||||50|,,,,,Water]Iron Bundle||BoosterEnergy|QuarkDrive|IcyWind,Encore,FreezeDry,Protect||||||50|,,,,,Ghost]Rillaboom||MiracleSeed|GrassySurge|FakeOut,WoodHammer,Uturn,GrassyGlide|||F|||50|,,,,,Grass]Ogerpon-Hearthflame||HearthflameMask|MoldBreaker|IvyCudgel,GrassyGlide,SwordsDance,SpikyShield|||F|||50|,,,,,Fire\n|showteam|p2|Iron Hands||AssaultVest|QuarkDrive|FakeOut,HeavySlam,WildCharge,DrainPunch||||||50|,,,,,Water]Roaring Moon||BoosterEnergy|Protosynthesis|Tailwind,Acrobatics,KnockOff,DragonDance||||||50|,,,,,Flying]Amoonguss||SitrusBerry|Regenerator|Spore,RagePowder,PollenPuff,Protect|||F|||50|,,,,,Water]Arcanine-Hisui||ChoiceBand|Intimidate|ExtremeSpeed,FlareBlitz,RockSlide,TeraBlast|||M|||50|,,,,,Fairy]Gholdengo||Leftovers|GoodasGold|MakeItRain,ShadowBall,NastyPlot,Protect||||||50|,,,,,Dragon]Flutter Mane||ChoiceSpecs|Protosynthesis|DazzlingGleam,Moonblast,ShadowBall,PowerGem||||||50|,,,,,Fairy\n|c|\u2606Guakamou|gl hf\n|c|\u2606ace.bnz|you too\n|\n|t:|1700073271\n|start\n|switch|p1a: Iron Hands|Iron Hands, L50|100\/100\n|switch|p1b: Heatran|Heatran, L50, M|100\/100\n|switch|p2a: Iron Hands|Iron Hands, L50|100\/100\n|switch|p2b: Gholdengo|Gholdengo, L50|100\/100\n|turn|1\n|\n|t:|1700073298\n|-terastallize|p2b: Gholdengo|Dragon\n|move|p1a: Iron Hands|Fake Out|p2a: Iron Hands\n|-crit|p2a: Iron Hands\n|-damage|p2a: Iron Hands|83\/100\n|move|p2b: Gholdengo|Nasty Plot|p2b: Gholdengo\n|-boost|p2b: Gholdengo|spa|2\n|move|p1b: Heatran|Heat Wave|p2b: Gholdengo|[spread] p2a,p2b\n|-resisted|p2b: Gholdengo\n|-damage|p2a: Iron Hands|54\/100\n|-damage|p2b: Gholdengo|76\/100\n|-status|p2b: Gholdengo|brn\n|-damage|p1b: Heatran|91\/100|[from] item: Life Orb\n|cant|p2a: Iron Hands|flinch\n|\n|-heal|p2b: Gholdengo|82\/100 brn|[from] item: Leftovers\n|-damage|p2b: Gholdengo|76\/100 brn|[from] brn\n|upkeep\n|turn|2\n|\n|t:|1700073333\n|move|p1b: Heatran|Protect|p1b: Heatran\n|-singleturn|p1b: Heatran|Protect\n|move|p2b: Gholdengo|Shadow Ball|p1a: Iron Hands\n|-damage|p1a: Iron Hands|58\/100\n|-unboost|p1a: Iron Hands|spd|1\n|move|p1a: Iron Hands|Drain Punch|p2b: Gholdengo\n|-damage|p2b: Gholdengo|38\/100 brn\n|-heal|p1a: Iron Hands|73\/100|[from] drain|[of] p2b: Gholdengo\n|move|p2a: Iron Hands|Drain Punch|p1b: Heatran\n|-activate|p1b: Heatran|move: Protect\n|\n|-heal|p2b: Gholdengo|45\/100 brn|[from] item: Leftovers\n|-damage|p2b: Gholdengo|38\/100 brn|[from] brn\n|upkeep\n|turn|3\n|\n|t:|1700073365\n|switch|p2b: Amoonguss|Amoonguss, L50, F|100\/100\n|move|p1b: Heatran|Earth Power|p2a: Iron Hands\n|-supereffective|p2a: Iron Hands\n|-damage|p2a: Iron Hands|2\/100\n|-unboost|p2a: Iron Hands|spd|1\n|-damage|p1b: Heatran|81\/100|[from] item: Life Orb\n|move|p1a: Iron Hands|Drain Punch|p2a: Iron Hands\n|-damage|p2a: Iron Hands|0 fnt\n|-heal|p1a: Iron Hands|74\/100|[from] drain|[of] p2a: Iron Hands\n|faint|p2a: Iron Hands\n|-end|p2a: Iron Hands|Quark Drive|[silent]\n|\n|upkeep\n|\n|t:|1700073377\n|switch|p2a: Roaring Moon|Roaring Moon, L50|100\/100\n|-enditem|p2a: Roaring Moon|Booster Energy\n|-activate|p2a: Roaring Moon|ability: Protosynthesis|[fromitem]\n|-start|p2a: Roaring Moon|protosynthesisspe\n|turn|4\n|\n|t:|1700073386\n|move|p2b: Amoonguss|Rage Powder|p2b: Amoonguss\n|-singleturn|p2b: Amoonguss|move: Rage Powder\n|move|p2a: Roaring Moon|Knock Off|p1b: Heatran\n|-damage|p1b: Heatran|38\/100\n|-enditem|p1b: Heatran|Life Orb|[from] move: Knock Off|[of] p2a: Roaring Moon\n|move|p1b: Heatran|Heat Wave|p2a: Roaring Moon|[spread] p2a,p2b\n|-resisted|p2a: Roaring Moon\n|-supereffective|p2b: Amoonguss\n|-damage|p2a: Roaring Moon|82\/100\n|-damage|p2b: Amoonguss|21\/100\n|-enditem|p2b: Amoonguss|Sitrus Berry|[eat]\n|-heal|p2b: Amoonguss|46\/100|[from] item: Sitrus Berry\n|move|p1a: Iron Hands|Drain Punch|p2b: Amoonguss\n|-resisted|p2b: Amoonguss\n|-damage|p2b: Amoonguss|31\/100\n|-heal|p1a: Iron Hands|81\/100|[from] drain|[of] p2b: Amoonguss\n|\n|upkeep\n|turn|5\n|\n|t:|1700073411\n|switch|p2b: Gholdengo|Gholdengo, L50, tera:Dragon|38\/100 brn\n|move|p2a: Roaring Moon|Acrobatics|p1b: Heatran\n|-resisted|p1b: Heatran\n|-damage|p1b: Heatran|19\/100\n|move|p1b: Heatran|Heat Wave|p2a: Roaring Moon|[spread] p2a,p2b\n|-resisted|p2a: Roaring Moon\n|-resisted|p2b: Gholdengo\n|-damage|p2a: Roaring Moon|60\/100\n|-damage|p2b: Gholdengo|21\/100 brn\n|move|p1a: Iron Hands|Drain Punch|p2a: Roaring Moon\n|-supereffective|p2a: Roaring Moon\n|-damage|p2a: Roaring Moon|0 fnt\n|-heal|p1a: Iron Hands|100\/100|[from] drain|[of] p2a: Roaring Moon\n|faint|p2a: Roaring Moon\n|-end|p2a: Roaring Moon|Protosynthesis|[silent]\n|\n|-heal|p2b: Gholdengo|27\/100 brn|[from] item: Leftovers\n|-damage|p2b: Gholdengo|21\/100 brn|[from] brn\n|upkeep\n|\n|t:|1700073427\n|switch|p2a: Amoonguss|Amoonguss, L50, F|65\/100\n|turn|6\n|c|\u2606ace.bnz|okay that was trash by my side\n|\n|t:|1700073453\n|move|p2a: Amoonguss|Rage Powder|p2a: Amoonguss\n|-singleturn|p2a: Amoonguss|move: Rage Powder\n|move|p2b: Gholdengo|Make It Rain|p1b: Heatran|[spread] p1a,p1b\n|-resisted|p1a: Iron Hands\n|-resisted|p1b: Heatran\n|-damage|p1a: Iron Hands|83\/100\n|-damage|p1b: Heatran|9\/100\n|-unboost|p2b: Gholdengo|spa|1\n|move|p1b: Heatran|Heat Wave|p2a: Amoonguss|[spread] p2a,p2b\n|-supereffective|p2a: Amoonguss\n|-resisted|p2b: Gholdengo\n|-damage|p2a: Amoonguss|0 fnt\n|-damage|p2b: Gholdengo|4\/100 brn\n|faint|p2a: Amoonguss\n|move|p1a: Iron Hands|Drain Punch|p2b: Gholdengo\n|-damage|p2b: Gholdengo|0 fnt\n|-heal|p1a: Iron Hands|85\/100|[from] drain|[of] p2b: Gholdengo\n|faint|p2b: Gholdengo\n|\n|win|Guakamou\n|c|&|\/uhtml prompt-acebnz,ace.bnz is ready for game 2!\n|inactive|Guakamou has 50 seconds to confirm battle start!\n|inactive|Guakamou has 40 seconds to confirm battle start!\n|c|&|\/uhtml prompt-guakamou,Guakamou is ready for game 2!\nBoth players are ready! Starting next match!\n","uploadtime":1700073510,"views":18,"p1id":"guakamou","p2id":"acebnz","formatid":"gen9vgc2023regulatione","rating":0,"private":0,"password":""}