{"id":"gen9vgc2023regulatione-1994313822","p1":"kshckaxx","p2":"DarkFlame2013","format":"[Gen 9] VGC 2023 Regulation E","log":"|j|\u2606kshckaxx\n|j|\u2606DarkFlame2013\n|t:|1700430059\n|gametype|doubles\n|player|p1|kshckaxx|2|1082\n|player|p2|DarkFlame2013|cynthia|1047\n|teamsize|p1|6\n|teamsize|p2|6\n|gen|9\n|tier|[Gen 9] VGC 2023 Regulation E\n|rated|\n|rule|Species Clause: Limit one of each Pok\u00e9mon\n|rule|Item Clause: Limit one of each item\n|clearpoke\n|poke|p1|Garganacl, L50, M|\n|poke|p1|Ninetales-Alola, L50, F|\n|poke|p1|Breloom, L50, M|\n|poke|p1|Iron Hands, L50|\n|poke|p1|Gastrodon, L50, F|\n|poke|p1|Rotom-Heat, L50|\n|poke|p2|Dondozo, L50, F|\n|poke|p2|Scream Tail, L50|\n|poke|p2|Tatsugiri, L50, F|\n|poke|p2|Ditto, L50|\n|poke|p2|Annihilape, L50, M|\n|poke|p2|Staraptor, L50, F|\n|teampreview|4\n|inactive|Battle timer is ON: inactive players will automatically lose when time's up. (requested by DarkFlame2013)\n|\n|t:|1700430079\n|start\n|switch|p1a: Garganacl|Garganacl, L50, M|100\/100\n|switch|p1b: Breloom|Breloom, L50, M|100\/100\n|switch|p2a: Tatsugiri|Tatsugiri, L50, F|100\/100\n|switch|p2b: Scream Tail|Scream Tail, L50|100\/100\n|-enditem|p2b: Scream Tail|Booster Energy\n|-activate|p2b: Scream Tail|ability: Protosynthesis|[fromitem]\n|-start|p2b: Scream Tail|protosynthesisspe\n|turn|1\n|\n|t:|1700430096\n|move|p2a: Tatsugiri|Protect|p2a: Tatsugiri\n|-singleturn|p2a: Tatsugiri|Protect\n|move|p2b: Scream Tail|Perish Song|p2b: Scream Tail\n|-start|p1a: Garganacl|perish3|[silent]\n|-start|p1b: Breloom|perish3|[silent]\n|-start|p2a: Tatsugiri|perish3|[silent]\n|-start|p2b: Scream Tail|perish3|[silent]\n|-fieldactivate|move: Perish Song\n|move|p1b: Breloom|Spore|p2a: Tatsugiri\n|-activate|p2a: Tatsugiri|move: Protect\n|move|p1a: Garganacl|Salt Cure|p2b: Scream Tail\n|-damage|p2b: Scream Tail|89\/100\n|-start|p2b: Scream Tail|Salt Cure\n|\n|-damage|p2b: Scream Tail|77\/100|[from] Salt Cure\n|-start|p2b: Scream Tail|perish3\n|-start|p2a: Tatsugiri|perish3\n|-start|p1b: Breloom|perish3\n|-start|p1a: Garganacl|perish3\n|-status|p2a: Tatsugiri|tox|[from] item: Toxic Orb\n|upkeep\n|turn|2\n|\n|t:|1700430114\n|switch|p1a: Iron Hands|Iron Hands, L50|100\/100\n|-terastallize|p2a: Tatsugiri|Dragon\n|move|p1b: Breloom|Protect|p1b: Breloom\n|-singleturn|p1b: Breloom|Protect\n|move|p2b: Scream Tail|Play Rough|p1b: Breloom\n|-activate|p1b: Breloom|move: Protect\n|move|p2a: Tatsugiri|Draco Meteor|p1a: Iron Hands\n|-damage|p1a: Iron Hands|54\/100\n|-unboost|p2a: Tatsugiri|spa|2\n|\n|-damage|p2a: Tatsugiri|95\/100 tox|[from] psn\n|-damage|p2b: Scream Tail|65\/100|[from] Salt Cure\n|-start|p2b: Scream Tail|perish2\n|-start|p2a: Tatsugiri|perish2\n|-start|p1b: Breloom|perish2\n|upkeep\n|turn|3\n|\n|t:|1700430136\n|move|p2a: Tatsugiri|Protect|p2a: Tatsugiri\n|-singleturn|p2a: Tatsugiri|Protect\n|move|p1a: Iron Hands|Fake Out|p2a: Tatsugiri\n|-activate|p2a: Tatsugiri|move: Protect\n|move|p2b: Scream Tail|Encore|p1b: Breloom\n|-start|p1b: Breloom|Encore\n|move|p1b: Breloom|Protect||[still]\n|-fail|p1b: Breloom\n|\n|-damage|p2a: Tatsugiri|84\/100 tox|[from] psn\n|-damage|p2b: Scream Tail|53\/100|[from] Salt Cure\n|-start|p2b: Scream Tail|perish1\n|-start|p2a: Tatsugiri|perish1\n|-start|p1b: Breloom|perish1\n|upkeep\n|turn|4\n|\n|t:|1700430161\n|-end|p2b: Scream Tail|Protosynthesis|[silent]\n|switch|p2b: Dondozo|Dondozo, L50, F|100\/100\n|-activate|p2a: Tatsugiri|ability: Commander|[of] p2b: Dondozo\n|-boost|p2b: Dondozo|atk|2\n|-boost|p2b: Dondozo|spa|2\n|-boost|p2b: Dondozo|spe|2\n|-boost|p2b: Dondozo|def|2\n|-boost|p2b: Dondozo|spd|2\n|switch|p1b: Garganacl|Garganacl, L50, M|100\/100\n|move|p1a: Iron Hands|Volt Switch|p2b: Dondozo\n|-supereffective|p2b: Dondozo\n|-damage|p2b: Dondozo|88\/100\n|\n|t:|1700430165\n|-end|p1a: Iron Hands|Quark Drive|[silent]\n|switch|p1a: Breloom|Breloom, L50, M|100\/100|[from] Volt Switch\n|\n|-heal|p2b: Dondozo|94\/100|[from] item: Leftovers\n|-damage|p2a: Tatsugiri|67\/100 tox|[from] psn\n|-start|p2a: Tatsugiri|perish0\n|faint|p2a: Tatsugiri\n|upkeep\n|\n|t:|1700430181\n|switch|p2a: Ditto|Ditto, L50|100\/100\n|turn|5\n|\n|t:|1700430189\n|-terastallize|p1b: Garganacl|Poison\n|move|p2a: Ditto|Transform|p2b: Dondozo\n|-transform|p2a: Ditto|p2b: Dondozo\n|move|p2b: Dondozo|Wave Crash|p1b: Garganacl\n|-damage|p1b: Garganacl|29\/100\n|-damage|p2b: Dondozo|75\/100|[from] Recoil\n|move|p1a: Breloom|Toxic|p2b: Dondozo\n|-status|p2b: Dondozo|tox\n|move|p1b: Garganacl|Iron Defense|p1b: Garganacl\n|-boost|p1b: Garganacl|def|2\n|\n|-heal|p2b: Dondozo|81\/100 tox|[from] item: Leftovers\n|-heal|p1b: Garganacl|35\/100|[from] item: Leftovers\n|-damage|p2b: Dondozo|75\/100 tox|[from] psn\n|upkeep\n|turn|6\n|\n|t:|1700430206\n|move|p1b: Garganacl|Protect|p1b: Garganacl\n|-singleturn|p1b: Garganacl|Protect\n|move|p2a: Ditto|Order Up|p1a: Breloom\n|-damage|p1a: Breloom|27\/100\n|move|p2b: Dondozo|Earthquake|p1a: Breloom|[spread] p2a,p1a\n|-activate|p1b: Garganacl|move: Protect\n|-resisted|p1a: Breloom\n|-damage|p2a: Ditto|74\/100\n|-damage|p1a: Breloom|0 fnt\n|faint|p1a: Breloom\n|\n|-heal|p2b: Dondozo|81\/100 tox|[from] item: Leftovers\n|-heal|p1b: Garganacl|41\/100|[from] item: Leftovers\n|-damage|p2b: Dondozo|69\/100 tox|[from] psn\n|upkeep\n|\n|t:|1700430210\n|switch|p1a: Gastrodon|Gastrodon, L50, F|100\/100\n|turn|7\n|\n|t:|1700430217\n|move|p1a: Gastrodon|Protect|p1a: Gastrodon\n|-singleturn|p1a: Gastrodon|Protect\n|move|p2a: Ditto|Order Up|p1a: Gastrodon\n|-activate|p1a: Gastrodon|move: Protect\n|move|p2b: Dondozo|Earthquake|p1b: Garganacl|[spread] p2a,p1b\n|-activate|p1a: Gastrodon|move: Protect\n|-supereffective|p1b: Garganacl\n|-damage|p2a: Ditto|49\/100\n|-damage|p1b: Garganacl|0 fnt\n|faint|p1b: Garganacl\n|\n|-heal|p2b: Dondozo|75\/100 tox|[from] item: Leftovers\n|-damage|p2b: Dondozo|57\/100 tox|[from] psn\n|upkeep\n|-message|kshckaxx forfeited.\n|\n|win|DarkFlame2013\n|raw|kshckaxx's rating: 1082 &rarr; <strong>1057<\/strong><br \/>(-25 for losing)\n|raw|DarkFlame2013's rating: 1047 &rarr; <strong>1083<\/strong><br \/>(+36 for winning)\n|l|\u2606kshckaxx\n","uploadtime":1700430244,"views":30,"p1id":"kshckaxx","p2id":"darkflame2013","formatid":"gen9vgc2023regulatione","rating":1057,"private":0,"password":""}