{"id":"gen9vgc2023regulatione-1999950603","p1":"tachyon cutter","p2":"Jourvicious","format":"[Gen 9] VGC 2023 Regulation E","log":"|j|\u2606tachyon cutter\n|j|\u2606Jourvicious\n|t:|1701133694\n|gametype|doubles\n|player|p1|tachyon cutter|carmine-festival|\n|player|p2|Jourvicious|elesa-masters|\n|teamsize|p1|6\n|teamsize|p2|6\n|gen|9\n|tier|[Gen 9] VGC 2023 Regulation E\n|rated|Tournament battle\n|rule|Species Clause: Limit one of each Pok\u00e9mon\n|rule|Item Clause: Limit one of each item\n|clearpoke\n|poke|p1|Tornadus, L50, M|\n|poke|p1|Gholdengo, L50|\n|poke|p1|Chien-Pao, L50|\n|poke|p1|Arcanine-Hisui, L50, F|\n|poke|p1|Urshifu-*, L50, M|\n|poke|p1|Rillaboom, L50, M|\n|poke|p2|Milotic, L50, F|\n|poke|p2|Sinistcha, L50|\n|poke|p2|Arcanine-Hisui, L50, F|\n|poke|p2|Roaring Moon, L50|\n|poke|p2|Ting-Lu, L50|\n|poke|p2|Iron Hands, L50|\n|teampreview|4\n|showteam|p1|Tornadus||RockyHelmet|Prankster|BleakwindStorm,Tailwind,Taunt,RainDance|||M|||50|,,,,,Steel]Gholdengo||Leftovers|GoodasGold|Protect,MakeItRain,ShadowBall,NastyPlot||||||50|,,,,,Dragon]Chien-Pao||FocusSash|SwordofRuin|Protect,IcicleCrash,LashOut,SuckerPunch||||||50|,,,,,Ghost]Arcanine-Hisui||ChoiceBand|Intimidate|FlareBlitz,RockSlide,ExtremeSpeed,TeraBlast|||F|||50|,,,,,Fairy]Urshifu-Rapid-Strike||SplashPlate|UnseenFist|Protect,SurgingStrikes,CloseCombat,AquaJet|||M|||50|,,,,,Water]Rillaboom||MiracleSeed|GrassySurge|Protect,FakeOut,WoodHammer,GrassyGlide|||M|||50|,,,,,Grass\n|showteam|p2|Milotic||Leftovers|Competitive|Scald,IcyWind,Hypnosis,Coil|||F|||50|,,,,,Dragon]Sinistcha||RockyHelmet|Hospitality|MatchaGotcha,RagePowder,StrengthSap,CalmMind||||||50|,,,,,Water]Arcanine-Hisui||SitrusBerry|Intimidate|FlareBlitz,RockSlide,ExtremeSpeed,WillOWisp|||F|||50|,,,,,Normal]Roaring Moon||BoosterEnergy|Protosynthesis|KnockOff,Acrobatics,Protect,Tailwind||||||50|,,,,,Flying]Ting-Lu||AguavBerry|VesselofRuin|HeavySlam,Ruination,StompingTantrum,Snarl||||||50|,,,,,Poison]Iron Hands||AssaultVest|QuarkDrive|FakeOut,DrainPunch,HeavySlam,VoltSwitch||||||50|,,,,,Fighting\n|inactive|Battle timer is ON: inactive players will automatically lose when time's up. (requested by tachyon cutter)\n|inactive|Jourvicious also wants the timer to be on.\n|j|%Radio Free C-Side\n|j| IcicleStorm13\n|l| IcicleStorm13\n|j| IcicleStorm13\n|l| IcicleStorm13\n|inactive|tachyon cutter has 60 seconds left.\n|inactive|Jourvicious has 60 seconds left.\n|j| Heartsteel Sett\n|\n|t:|1701133742\n|start\n|switch|p1a: Rillaboom|Rillaboom, L50, M|100\/100\n|switch|p1b: Chien-Pao|Chien-Pao, L50|100\/100\n|switch|p2a: Ting-Lu|Ting-Lu, L50|100\/100\n|switch|p2b: Roaring Mid|Roaring Moon, L50|100\/100\n|-ability|p1b: Chien-Pao|Sword of Ruin\n|-fieldstart|move: Grassy Terrain|[from] ability: Grassy Surge|[of] p1a: Rillaboom\n|-ability|p2a: Ting-Lu|Vessel of Ruin\n|-enditem|p2b: Roaring Mid|Booster Energy\n|-activate|p2b: Roaring Mid|ability: Protosynthesis|[fromitem]\n|-start|p2b: Roaring Mid|protosynthesisspe\n|turn|1\n|\n|t:|1701133757\n|switch|p2a: Arcanine|Arcanine-Hisui, L50, F|100\/100\n|-ability|p2a: Arcanine|Intimidate|boost\n|-unboost|p1a: Rillaboom|atk|1\n|-unboost|p1b: Chien-Pao|atk|1\n|move|p2b: Roaring Mid|Protect|p2b: Roaring Mid\n|-singleturn|p2b: Roaring Mid|Protect\n|move|p1a: Rillaboom|Protect|p1a: Rillaboom\n|-singleturn|p1a: Rillaboom|Protect\n|move|p1b: Chien-Pao|Icicle Crash|p2b: Roaring Mid\n|-activate|p2b: Roaring Mid|move: Protect\n|\n|upkeep\n|turn|2\n|inactive|Jourvicious has 30 seconds left.\n|inactive|Jourvicious has 20 seconds left.\n|\n|t:|1701133794\n|switch|p1a: Arcanine|Arcanine-Hisui, L50, F|100\/100\n|-ability|p1a: Arcanine|Intimidate|boost\n|-unboost|p2a: Arcanine|atk|1\n|-unboost|p2b: Roaring Mid|atk|1\n|move|p2b: Roaring Mid|Tailwind|p2b: Roaring Mid\n|-sidestart|p2: Jourvicious|move: Tailwind\n|move|p2a: Arcanine|Rock Slide|p1a: Arcanine|[spread] p1a,p1b\n|-supereffective|p1a: Arcanine\n|-supereffective|p1b: Chien-Pao\n|-damage|p1a: Arcanine|30\/100\n|-damage|p1b: Chien-Pao|49\/100\n|move|p1b: Chien-Pao|Icicle Crash|p2b: Roaring Mid\n|-supereffective|p2b: Roaring Mid\n|-damage|p2b: Roaring Mid|0 fnt\n|faint|p2b: Roaring Mid\n|-end|p2b: Roaring Mid|Protosynthesis|[silent]\n|\n|-heal|p1b: Chien-Pao|55\/100|[from] Grassy Terrain\n|-heal|p1a: Arcanine|36\/100|[from] Grassy Terrain\n|upkeep\n|l|%Radio Free C-Side\n|\n|t:|1701133819\n|switch|p2b: Sinistcha|Sinistcha, L50|100\/100\n|turn|3\n|\n|t:|1701133828\n|move|p1b: Chien-Pao|Protect|p1b: Chien-Pao\n|-singleturn|p1b: Chien-Pao|Protect\n|move|p2a: Arcanine|Rock Slide|p1a: Arcanine|[spread] p1a\n|-activate|p1b: Chien-Pao|move: Protect\n|-supereffective|p1a: Arcanine\n|-damage|p1a: Arcanine|0 fnt\n|faint|p1a: Arcanine\n|move|p2b: Sinistcha|Calm Mind|p2b: Sinistcha\n|-boost|p2b: Sinistcha|spa|1\n|-boost|p2b: Sinistcha|spd|1\n|\n|-heal|p1b: Chien-Pao|60\/100|[from] Grassy Terrain\n|upkeep\n|\n|t:|1701133839\n|switch|p1a: Tornadus|Tornadus, L50, M|100\/100\n|turn|4\n|\n|t:|1701133853\n|-terastallize|p2a: Arcanine|Normal\n|move|p2a: Arcanine|Extreme Speed|p1b: Chien-Pao\n|-damage|p1b: Chien-Pao|27\/100\n|move|p1a: Tornadus|Tailwind|p1a: Tornadus\n|-sidestart|p1: tachyon cutter|move: Tailwind\n|move|p1b: Chien-Pao|Icicle Crash|p2b: Sinistcha\n|-supereffective|p2b: Sinistcha\n|-damage|p2b: Sinistcha|27\/100\n|cant|p2b: Sinistcha|flinch\n|\n|-heal|p1b: Chien-Pao|33\/100|[from] Grassy Terrain\n|-heal|p2b: Sinistcha|33\/100|[from] Grassy Terrain\n|upkeep\n|turn|5\n|\n|t:|1701133871\n|move|p2a: Arcanine|Extreme Speed|p1b: Chien-Pao\n|-damage|p1b: Chien-Pao|0 fnt\n|faint|p1b: Chien-Pao\n|move|p1a: Tornadus|Bleakwind Storm|p2a: Arcanine|[spread] p2b\n|-miss|p1a: Tornadus|p2a: Arcanine\n|-supereffective|p2b: Sinistcha\n|-damage|p2b: Sinistcha|0 fnt\n|faint|p2b: Sinistcha\n|\n|-sideend|p2: Jourvicious|move: Tailwind\n|-fieldend|move: Grassy Terrain\n|upkeep\n|\n|t:|1701133878\n|switch|p1b: Rillaboom|Rillaboom, L50, M|100\/100\n|switch|p2b: Ting-Lu|Ting-Lu, L50|100\/100\n|-fieldstart|move: Grassy Terrain|[from] ability: Grassy Surge|[of] p1b: Rillaboom\n|-ability|p2b: Ting-Lu|Vessel of Ruin\n|turn|6\n|c|\u2606tachyon cutter|ggs\n|c|\u2606Jourvicious|ggs\n|\n|t:|1701133907\n|-terastallize|p1b: Rillaboom|Grass\n|move|p1a: Tornadus|Rain Dance|p1a: Tornadus\n|-weather|RainDance\n|move|p1b: Rillaboom|Wood Hammer|p2a: Arcanine\n|-damage|p2a: Arcanine|0 fnt\n|faint|p2a: Arcanine\n|-damage|p1b: Rillaboom|69\/100|[from] Recoil\n|move|p2b: Ting-Lu|Ruination|p1a: Tornadus\n|-damage|p1a: Tornadus|51\/100\n|\n|-weather|RainDance|[upkeep]\n|-heal|p1b: Rillaboom|75\/100|[from] Grassy Terrain\n|upkeep\n|turn|7\n|\n|t:|1701133918\n|move|p1a: Tornadus|Bleakwind Storm|p2b: Ting-Lu\n|-damage|p2b: Ting-Lu|79\/100\n|move|p1b: Rillaboom|Wood Hammer|p2b: Ting-Lu\n|-supereffective|p2b: Ting-Lu\n|-damage|p2b: Ting-Lu|0 fnt\n|faint|p2b: Ting-Lu\n|-damage|p1b: Rillaboom|41\/100|[from] Recoil\n|\n|win|tachyon cutter\n|n|\u2606tachyon cutter|tachyoncutter\n|n|\u2606Jourvicious|jourvicious\n|n| Heartsteel Sett|heartsteelsett\n","uploadtime":1701133920,"views":4,"p1id":"tachyoncutter","p2id":"jourvicious","formatid":"gen9vgc2023regulatione","rating":0,"private":0,"password":""}