{"id":"gen9vgc2023regulatione-1991369096","p1":"Toc6","p2":"ItemIsYas","format":"[Gen 9] VGC 2023 Regulation E","log":"|j|\u2606Toc6\n|j|\u2606ItemIsYas\n|t:|1700071372\n|gametype|doubles\n|player|p1|Toc6|steven-masters|1125\n|player|p2|ItemIsYas|169|1169\n|teamsize|p1|6\n|teamsize|p2|6\n|gen|9\n|tier|[Gen 9] VGC 2023 Regulation E\n|rated|\n|rule|Species Clause: Limit one of each Pok\u00e9mon\n|rule|Item Clause: Limit one of each item\n|clearpoke\n|poke|p1|Gholdengo, L50|\n|poke|p1|Ogerpon-Wellspring, L50, F|\n|poke|p1|Landorus-Therian, L50, M|\n|poke|p1|Rillaboom, L50, F|\n|poke|p1|Tornadus, L50, M|\n|poke|p1|Heatran, L50, F|\n|poke|p2|Tornadus, L50, M|\n|poke|p2|Flutter Mane, L50|\n|poke|p2|Urshifu-*, L50, M|\n|poke|p2|Amoonguss, L50, M|\n|poke|p2|Chi-Yu, L50|\n|poke|p2|Landorus-Therian, L50, M|\n|teampreview|4\n|inactive|Battle timer is ON: inactive players will automatically lose when time's up. (requested by Toc6)\nToc6 has agreed to open team sheets.\n|\n|t:|1700071395\n|start\n|switch|p1a: Tornadus|Tornadus, L50, M|100\/100\n|switch|p1b: Rillaboom|Rillaboom, L50, F, shiny|100\/100\n|switch|p2a: Flutter Mane|Flutter Mane, L50|100\/100\n|switch|p2b: Chi-Yu|Chi-Yu, L50|100\/100\n|-ability|p2b: Chi-Yu|Beads of Ruin\n|-fieldstart|move: Grassy Terrain|[from] ability: Grassy Surge|[of] p1b: Rillaboom\n|-enditem|p2a: Flutter Mane|Booster Energy\n|-activate|p2a: Flutter Mane|ability: Protosynthesis|[fromitem]\n|-start|p2a: Flutter Mane|protosynthesisspe\n|turn|1\n|\n|t:|1700071415\n|move|p2a: Flutter Mane|Protect|p2a: Flutter Mane\n|-singleturn|p2a: Flutter Mane|Protect\n|move|p1b: Rillaboom|Fake Out|p2b: Chi-Yu\n|-damage|p2b: Chi-Yu|80\/100\n|move|p1a: Tornadus|Rain Dance|p1a: Tornadus\n|-weather|RainDance\n|cant|p2b: Chi-Yu|flinch\n|\n|-weather|RainDance|[upkeep]\n|-heal|p2b: Chi-Yu|86\/100|[from] Grassy Terrain\n|upkeep\n|turn|2\n|\n|t:|1700071435\n|move|p1a: Tornadus|Tailwind|p1a: Tornadus\n|-sidestart|p1: Toc6|move: Tailwind\n|move|p2a: Flutter Mane|Dazzling Gleam|p1a: Tornadus|[spread] p1a,p1b\n|-damage|p1a: Tornadus|53\/100\n|-damage|p1b: Rillaboom|68\/100\n|move|p2b: Chi-Yu|Heat Wave|p1a: Tornadus|[spread] p1a,p1b\n|-supereffective|p1b: Rillaboom\n|-damage|p1a: Tornadus|22\/100\n|-damage|p1b: Rillaboom|28\/100\n|move|p1b: Rillaboom|Wood Hammer|p2a: Flutter Mane\n|-damage|p2a: Flutter Mane|0 fnt\n|faint|p2a: Flutter Mane\n|-end|p2a: Flutter Mane|Protosynthesis|[silent]\n|-damage|p1b: Rillaboom|7\/100|[from] Recoil\n|\n|-weather|RainDance|[upkeep]\n|-heal|p2b: Chi-Yu|92\/100|[from] Grassy Terrain\n|-heal|p1b: Rillaboom|13\/100|[from] Grassy Terrain\n|upkeep\n|\n|t:|1700071448\n|switch|p2a: Tornadus|Tornadus, L50, M|100\/100\n|turn|3\n|\n|t:|1700071461\n|switch|p1b: Ogerpon|Ogerpon-Wellspring, L50, F|100\/100\n|move|p1a: Tornadus|Taunt|p2a: Tornadus\n|-start|p2a: Tornadus|move: Taunt\n|cant|p2a: Tornadus|move: Taunt|Tailwind\n|move|p2b: Chi-Yu|Heat Wave|p1a: Tornadus|[spread] p1a,p1b\n|-damage|p1a: Tornadus|0 fnt\n|-damage|p1b: Ogerpon|74\/100\n|faint|p1a: Tornadus\n|\n|-weather|RainDance|[upkeep]\n|-heal|p1b: Ogerpon|80\/100|[from] Grassy Terrain\n|-heal|p2b: Chi-Yu|98\/100|[from] Grassy Terrain\n|upkeep\n|\n|t:|1700071471\n|switch|p1a: Rillaboom|Rillaboom, L50, F, shiny|13\/100\n|turn|4\n|inactive|Toc6 has 30 seconds left.\n|inactive|ItemIsYas has 30 seconds left.\n|inactive|ItemIsYas has 20 seconds left.\n|\n|t:|1700071510\n|-terastallize|p1b: Ogerpon|Water\n|detailschange|p1b: Ogerpon|Ogerpon-Wellspring-Tera, L50, F, tera:Water\n|-ability|p1b: Ogerpon|Embody Aspect (Wellspring)|boost\n|-boost|p1b: Ogerpon|spd|1\n|move|p1a: Rillaboom|Fake Out|p2b: Chi-Yu\n|-damage|p2b: Chi-Yu|76\/100\n|move|p1b: Ogerpon|Ivy Cudgel|p2a: Tornadus|[anim] Ivy Cudgel Water\n|-damage|p2a: Tornadus|0 fnt\n|faint|p2a: Tornadus\n|cant|p2b: Chi-Yu|flinch\n|\n|-weather|RainDance|[upkeep]\n|-heal|p1b: Ogerpon|86\/100|[from] Grassy Terrain\n|-heal|p2b: Chi-Yu|82\/100|[from] Grassy Terrain\n|-heal|p1a: Rillaboom|18\/100|[from] Grassy Terrain\n|upkeep\n|\n|t:|1700071526\n|switch|p2a: Landorus|Landorus-Therian, L50, M|100\/100\n|-ability|p2a: Landorus|Intimidate|boost\n|-unboost|p1a: Rillaboom|atk|1\n|-unboost|p1b: Ogerpon|atk|1\n|turn|5\n|\n|t:|1700071544\n|switch|p1a: Gholdengo|Gholdengo, L50|100\/100\n|-terastallize|p2a: Landorus|Steel\n|move|p1b: Ogerpon|Ivy Cudgel|p2b: Chi-Yu|[anim] Ivy Cudgel Water\n|-supereffective|p2b: Chi-Yu\n|-crit|p2b: Chi-Yu\n|-damage|p2b: Chi-Yu|0 fnt\n|faint|p2b: Chi-Yu\n|move|p2a: Landorus|Earthquake|p1a: Gholdengo|[spread] p1a,p1b\n|-supereffective|p1a: Gholdengo\n|-damage|p1a: Gholdengo|72\/100\n|-damage|p1b: Ogerpon|61\/100\n|\n|-weather|none\n|-heal|p1b: Ogerpon|67\/100|[from] Grassy Terrain\n|-heal|p1a: Gholdengo|78\/100|[from] Grassy Terrain\n|-sideend|p1: Toc6|move: Tailwind\n|-fieldend|move: Grassy Terrain\n|upkeep\n|turn|6\n|c|\u2606ItemIsYas|Your shit\n|c|\u2606ItemIsYas|\/\/f\n|inactive|ItemIsYas has 30 seconds left.\n|-message|ItemIsYas forfeited.\n|c|\u2606Toc6|youre losing?\n|\n|win|Toc6\n|raw|Toc6's rating: 1125 &rarr; <strong>1153<\/strong><br \/>(+28 for winning)\n|raw|ItemIsYas's rating: 1169 &rarr; <strong>1141<\/strong><br \/>(-28 for losing)\n|l|\u2606ItemIsYas\n|c|\u2606Toc6|lol\n|c|\u2606Toc6|stay bad ig\n","uploadtime":1700071586,"views":9,"p1id":"toc6","p2id":"itemisyas","formatid":"gen9vgc2023regulatione","rating":1141,"private":0,"password":""}