{"id":"gen9vgc2023regulatione-1995248425","p1":"DaddyWex","p2":"raemie4","format":"[Gen 9] VGC 2023 Regulation E","log":"|j|\u2606DaddyWex\n|j|\u2606raemie4\n|t:|1700539916\n|gametype|doubles\n|player|p1|DaddyWex|101|1070\n|player|p2|raemie4|blackbelt-gen4dp|1072\n|teamsize|p1|6\n|teamsize|p2|6\n|gen|9\n|tier|[Gen 9] VGC 2023 Regulation E\n|rated|\n|rule|Species Clause: Limit one of each Pok\u00e9mon\n|rule|Item Clause: Limit one of each item\n|clearpoke\n|poke|p1|Heatran, L50, F|\n|poke|p1|Landorus-Therian, L50, M|\n|poke|p1|Lilligant-Hisui, L50, F|\n|poke|p1|Milotic, L50, M|\n|poke|p1|Regieleki, L50|\n|poke|p1|Sableye, L50, M|\n|poke|p2|Volcarona, L50, M|\n|poke|p2|Ogerpon, L50, F|\n|poke|p2|Iron Bundle, L50|\n|poke|p2|Enamorus-Therian, L50, F|\n|poke|p2|Cyclizar, L50, M|\n|poke|p2|Bisharp, L50, M|\n|teampreview|4\nraemie4 rejected open team sheets.\n|\n|t:|1700539959\n|start\n|switch|p1a: Sableye|Sableye, L50, M|100\/100\n|switch|p1b: Lilligant|Lilligant-Hisui, L50, F|100\/100\n|switch|p2a: Enamorus|Enamorus-Therian, L50, F|100\/100\n|switch|p2b: Ogerpon|Ogerpon, L50, F|100\/100\n|turn|1\n|\n|t:|1700539978\n|move|p1a: Sableye|Gravity|p1a: Sableye\n|-fieldstart|move: Gravity\n|move|p2b: Ogerpon|Horn Leech|p1a: Sableye\n|-damage|p1a: Sableye|41\/100\n|-damage|p2b: Ogerpon|91\/100|[from] item: Life Orb\n|move|p1b: Lilligant|Sleep Powder|p2a: Enamorus\n|-immune|p2a: Enamorus|[from] ability: Overcoat\n|move|p2a: Enamorus|Iron Head|p1a: Sableye\n|-damage|p1a: Sableye|16\/100\n|\n|upkeep\n|turn|2\n|\n|t:|1700540011\n|switch|p1a: Landorus|Landorus-Therian, L50, M|100\/100\n|-ability|p1a: Landorus|Intimidate|boost\n|-fail|p2a: Enamorus|unboost|[from] item: Clear Amulet|[of] p2a: Enamorus\n|-unboost|p2b: Ogerpon|atk|1\n|-ability|p2b: Ogerpon|Defiant|boost\n|-boost|p2b: Ogerpon|atk|2\n|move|p2b: Ogerpon|Horn Leech|p1a: Landorus\n|-damage|p1a: Landorus|22\/100\n|-heal|p2b: Ogerpon|100\/100|[from] drain|[of] p1a: Landorus\n|-damage|p2b: Ogerpon|91\/100|[from] item: Life Orb\n|move|p1b: Lilligant|Close Combat|p2b: Ogerpon\n|-damage|p2b: Ogerpon|0 fnt\n|-unboost|p1b: Lilligant|def|1\n|-unboost|p1b: Lilligant|spd|1\n|faint|p2b: Ogerpon\n|move|p2a: Enamorus|Zen Headbutt|p1b: Lilligant\n|-supereffective|p1b: Lilligant\n|-damage|p1b: Lilligant|5\/100\n|\n|upkeep\n|\n|t:|1700540042\n|switch|p2b: Cyclizar|Cyclizar, L50, M|100\/100\n|turn|3\n|\n|t:|1700540056\n|-terastallize|p2b: Cyclizar|Normal\n|move|p2a: Enamorus|Protect|p2a: Enamorus\n|-singleturn|p2a: Enamorus|Protect\n|move|p1a: Landorus|U-turn|p2a: Enamorus\n|-activate|p2a: Enamorus|move: Protect\n|move|p2b: Cyclizar|Hyper Voice|p1b: Lilligant|[spread] p1a,p1b\n|-damage|p1a: Landorus|0 fnt\n|-damage|p1b: Lilligant|0 fnt\n|faint|p1a: Landorus\n|faint|p1b: Lilligant\n|\n|upkeep\n|\n|t:|1700540067\n|switch|p1b: Sableye|Sableye, L50, M|16\/100\n|switch|p1a: Milotic|Milotic, L50, M|100\/100\n|turn|4\n|\n|t:|1700540085\n|move|p1b: Sableye|Encore|p2a: Enamorus\n|-start|p2a: Enamorus|Encore\n|move|p2b: Cyclizar|Draco Meteor|p1a: Milotic\n|-damage|p1a: Milotic|63\/100\n|-unboost|p2b: Cyclizar|spa|2\n|move|p1a: Milotic|Hypnosis|p2b: Cyclizar\n|-status|p2b: Cyclizar|slp|[from] move: Hypnosis\n|move|p2a: Enamorus|Protect||[still]\n|-fail|p2a: Enamorus\n|\n|-heal|p1a: Milotic|69\/100|[from] item: Leftovers\n|upkeep\n|turn|5\n|\n|t:|1700540105\n|move|p2a: Enamorus|Protect|p2a: Enamorus\n|-singleturn|p2a: Enamorus|Protect\n|move|p1b: Sableye|Encore|p2b: Cyclizar\n|-start|p2b: Cyclizar|Encore\n|cant|p2b: Cyclizar|slp\n|move|p1a: Milotic|Hydro Pump|p2b: Cyclizar\n|-damage|p2b: Cyclizar|38\/100 slp\n|\n|-heal|p1a: Milotic|75\/100|[from] item: Leftovers\n|-fieldend|move: Gravity\n|upkeep\n|turn|6\n|\n|t:|1700540127\n|move|p2a: Enamorus|Protect|p2a: Enamorus\n|-singleturn|p2a: Enamorus|Protect\n|move|p1b: Sableye|Gravity|p1b: Sableye\n|-fieldstart|move: Gravity\n|cant|p2b: Cyclizar|slp\n|move|p1a: Milotic|Hydro Pump|p2b: Cyclizar\n|-damage|p2b: Cyclizar|0 fnt\n|faint|p2b: Cyclizar\n|\n|-heal|p1a: Milotic|82\/100|[from] item: Leftovers\n|-end|p2a: Enamorus|Encore\n|upkeep\n|\n|t:|1700540134\n|switch|p2b: Volcarona|Volcarona, L50, M|100\/100\n|turn|7\n|\n|t:|1700540149\n|move|p1b: Sableye|Encore|p2a: Enamorus\n|-start|p2a: Enamorus|Encore\n|move|p2b: Volcarona|Heat Wave|p1a: Milotic|[spread] p1a,p1b\n|-resisted|p1a: Milotic\n|-damage|p1a: Milotic|67\/100\n|-damage|p1b: Sableye|0 fnt\n|faint|p1b: Sableye\n|move|p1a: Milotic|Hypnosis|p2b: Volcarona\n|-status|p2b: Volcarona|slp|[from] move: Hypnosis\n|move|p2a: Enamorus|Protect||[still]\n|-fail|p2a: Enamorus\n|\n|-heal|p1a: Milotic|73\/100|[from] item: Leftovers\n|upkeep\n|turn|8\n|\n|t:|1700540166\n|move|p2a: Enamorus|Protect|p2a: Enamorus\n|-singleturn|p2a: Enamorus|Protect\n|cant|p2b: Volcarona|slp\n|move|p1a: Milotic|Coil|p1a: Milotic\n|-boost|p1a: Milotic|atk|1\n|-boost|p1a: Milotic|def|1\n|-boost|p1a: Milotic|accuracy|1\n|\n|-heal|p1a: Milotic|80\/100|[from] item: Leftovers\n|upkeep\n|turn|9\n|\n|t:|1700540175\n|move|p2a: Enamorus|Protect|p2a: Enamorus\n|-singleturn|p2a: Enamorus|Protect\n|-curestatus|p2b: Volcarona|slp|[msg]\n|move|p2b: Volcarona|Bug Buzz|p1a: Milotic\n|-damage|p1a: Milotic|42\/100\n|move|p1a: Milotic|Coil|p1a: Milotic\n|-boost|p1a: Milotic|atk|1\n|-boost|p1a: Milotic|def|1\n|-boost|p1a: Milotic|accuracy|1\n|\n|-heal|p1a: Milotic|48\/100|[from] item: Leftovers\n|-end|p2a: Enamorus|Encore\n|upkeep\n|turn|10\n|\n|t:|1700540196\n|-terastallize|p1a: Milotic|Fire\n|move|p2b: Volcarona|Bug Buzz|p1a: Milotic\n|-resisted|p1a: Milotic\n|-damage|p1a: Milotic|30\/100\n|move|p1a: Milotic|Recover|p1a: Milotic\n|-heal|p1a: Milotic|80\/100\n|move|p2a: Enamorus|Zen Headbutt|p1a: Milotic\n|-damage|p1a: Milotic|69\/100\n|\n|-heal|p1a: Milotic|75\/100|[from] item: Leftovers\n|-fieldend|move: Gravity\n|upkeep\n|turn|11\n|\n|t:|1700540212\n|move|p2b: Volcarona|Heat Wave|p1a: Milotic\n|-resisted|p1a: Milotic\n|-damage|p1a: Milotic|54\/100\n|move|p1a: Milotic|Hypnosis|p2a: Enamorus\n|-status|p2a: Enamorus|slp|[from] move: Hypnosis\n|cant|p2a: Enamorus|slp\n|\n|-heal|p1a: Milotic|60\/100|[from] item: Leftovers\n|upkeep\n|turn|12\n|\n|t:|1700540227\n|move|p2b: Volcarona|Quiver Dance|p2b: Volcarona\n|-boost|p2b: Volcarona|spa|1\n|-boost|p2b: Volcarona|spd|1\n|-boost|p2b: Volcarona|spe|1\n|move|p1a: Milotic|Hydro Pump|p2b: Volcarona\n|-supereffective|p2b: Volcarona\n|-damage|p2b: Volcarona|44\/100\n|cant|p2a: Enamorus|slp\n|\n|-heal|p1a: Milotic|66\/100|[from] item: Leftovers\n|upkeep\n|turn|13\n|\n|t:|1700540241\n|move|p2b: Volcarona|Heat Wave|p1a: Milotic\n|-resisted|p1a: Milotic\n|-damage|p1a: Milotic|33\/100\n|move|p1a: Milotic|Hydro Pump|p2b: Volcarona\n|-supereffective|p2b: Volcarona\n|-damage|p2b: Volcarona|0 fnt\n|faint|p2b: Volcarona\n|cant|p2a: Enamorus|slp\n|\n|-heal|p1a: Milotic|40\/100|[from] item: Leftovers\n|upkeep\n|turn|14\n|\n|t:|1700540252\n|move|p1a: Milotic|Recover|p1a: Milotic\n|-heal|p1a: Milotic|90\/100\n|-curestatus|p2a: Enamorus|slp|[msg]\n|move|p2a: Enamorus|Zen Headbutt|p1a: Milotic\n|-damage|p1a: Milotic|80\/100\n|\n|-heal|p1a: Milotic|86\/100|[from] item: Leftovers\n|upkeep\n|turn|15\n|\n|t:|1700540260\n|move|p1a: Milotic|Hypnosis|p2a: Enamorus\n|-status|p2a: Enamorus|slp|[from] move: Hypnosis\n|cant|p2a: Enamorus|slp\n|\n|-heal|p1a: Milotic|92\/100|[from] item: Leftovers\n|upkeep\n|turn|16\n|-message|raemie4 forfeited.\n|\n|win|DaddyWex\n|raw|DaddyWex's rating: 1070 &rarr; <strong>1100<\/strong><br \/>(+30 for winning)\n|raw|raemie4's rating: 1072 &rarr; <strong>1051<\/strong><br \/>(-21 for losing)\n|l|\u2606raemie4\n","uploadtime":1700540274,"views":7,"p1id":"daddywex","p2id":"raemie4","formatid":"gen9vgc2023regulatione","rating":1051,"private":0,"password":""}