{"id":"gen9vgc2023regulatione-1990474729","p1":"SoyNez","p2":"Alexandrequiroga","format":"[Gen 9] VGC 2023 Regulation E","log":"|j|\u2606SoyNez\n|j|\u2606Alexandrequiroga\n|t:|1699974360\n|gametype|doubles\n|player|p1|SoyNez|flannery|1105\n|player|p2|Alexandrequiroga|grimsley|1108\n|teamsize|p1|6\n|teamsize|p2|6\n|gen|9\n|tier|[Gen 9] VGC 2023 Regulation E\n|rated|\n|rule|Species Clause: Limit one of each Pok\u00e9mon\n|rule|Item Clause: Limit one of each item\n|clearpoke\n|poke|p1|Gholdengo, L50|\n|poke|p1|Iron Hands, L50|\n|poke|p1|Amoonguss, L50, M|\n|poke|p1|Salamence, L50, F|\n|poke|p1|Urshifu-*, L50, M|\n|poke|p1|Pelipper, L50, F|\n|poke|p2|Urshifu-*, L50, M|\n|poke|p2|Tornadus, L50, M|\n|poke|p2|Pelipper, L50, F|\n|poke|p2|Tatsugiri-Stretchy, L50, F|\n|poke|p2|Dondozo, L50, F|\n|poke|p2|Flamigo, L50, F|\n|teampreview|4\n|inactive|Battle timer is ON: inactive players will automatically lose when time's up. (requested by Alexandrequiroga)\n|inactive|SoyNez also wants the timer to be on.\n|inactive|SoyNez has 60 seconds left.\n|\n|t:|1699974401\n|start\n|switch|p1a: Iron Hands|Iron Hands, L50|100\/100\n|switch|p1b: Pelipper|Pelipper, L50, F|100\/100\n|switch|p2a: Pelipper|Pelipper, L50, F|100\/100\n|switch|p2b: Tornadus|Tornadus, L50, M|100\/100\n|-weather|RainDance|[from] ability: Drizzle|[of] p1b: Pelipper\n|turn|1\n|inactive|Alexandrequiroga has 30 seconds left.\n|\n|t:|1699974430\n|-terastallize|p2a: Pelipper|Ground\n|-terastallize|p1a: Iron Hands|Water\n|move|p2b: Tornadus|Tailwind|p2b: Tornadus\n|-sidestart|p2: Alexandrequiroga|move: Tailwind\n|move|p2a: Pelipper|Hydro Pump|p1a: Iron Hands\n|-resisted|p1a: Iron Hands\n|-damage|p1a: Iron Hands|85\/100\n|move|p1b: Pelipper|Hurricane|p2b: Tornadus\n|-damage|p2b: Tornadus|49\/100\n|move|p1a: Iron Hands|Wild Charge|p2a: Pelipper\n|-immune|p2a: Pelipper\n|\n|-weather|RainDance|[upkeep]\n|upkeep\n|turn|2\n|\n|t:|1699974448\n|move|p2b: Tornadus|Bleakwind Storm|p1b: Pelipper|[spread] p1a,p1b\n|-crit|p1b: Pelipper\n|-damage|p1a: Iron Hands|66\/100\n|-damage|p1b: Pelipper|39\/100\n|move|p2a: Pelipper|U-turn|p1b: Pelipper\n|-resisted|p1b: Pelipper\n|-damage|p1b: Pelipper|35\/100\n|\n|t:|1699974452\n|switch|p2a: Tatsugiri|Tatsugiri-Stretchy, L50, F|100\/100|[from] U-turn\n|move|p1b: Pelipper|Weather Ball|p2a: Tatsugiri\n|-resisted|p2a: Tatsugiri\n|-damage|p2a: Tatsugiri|84\/100\n|move|p1a: Iron Hands|Wild Charge|p2b: Tornadus\n|-supereffective|p2b: Tornadus\n|-damage|p2b: Tornadus|0 fnt\n|faint|p2b: Tornadus\n|-damage|p1a: Iron Hands|58\/100|[from] Recoil\n|\n|-weather|RainDance|[upkeep]\n|upkeep\n|\n|t:|1699974454\n|switch|p2b: Dondozo|Dondozo, L50, F|100\/100\n|-activate|p2a: Tatsugiri|ability: Commander|[of] p2b: Dondozo\n|-boost|p2b: Dondozo|atk|2\n|-boost|p2b: Dondozo|spa|2\n|-boost|p2b: Dondozo|spe|2\n|-boost|p2b: Dondozo|def|2\n|-boost|p2b: Dondozo|spd|2\n|turn|3\n|\n|t:|1699974468\n|move|p2b: Dondozo|Order Up|p1a: Iron Hands\n|-damage|p1a: Iron Hands|34\/100\n|-boost|p2b: Dondozo|spe|1\n|move|p1b: Pelipper|Hurricane|p2b: Dondozo\n|-damage|p2b: Dondozo|82\/100\n|move|p1a: Iron Hands|Drain Punch|p2b: Dondozo\n|-damage|p2b: Dondozo|72\/100\n|-heal|p1a: Iron Hands|39\/100|[from] drain|[of] p2b: Dondozo\n|\n|-weather|RainDance|[upkeep]\n|-heal|p2b: Dondozo|79\/100|[from] item: Leftovers\n|upkeep\n|turn|4\n|inactive|Alexandrequiroga has 30 seconds left.\n|\n|t:|1699974502\n|switch|p1b: Amoonguss|Amoonguss, L50, M|100\/100\n|move|p2b: Dondozo|Order Up|p1a: Iron Hands\n|-damage|p1a: Iron Hands|15\/100\n|-boost|p2b: Dondozo|spe|1\n|move|p1a: Iron Hands|Wild Charge|p2b: Dondozo\n|-supereffective|p2b: Dondozo\n|-damage|p2b: Dondozo|55\/100\n|-damage|p1a: Iron Hands|9\/100|[from] Recoil\n|\n|-weather|RainDance|[upkeep]\n|-heal|p2b: Dondozo|62\/100|[from] item: Leftovers\n|-sideend|p2: Alexandrequiroga|move: Tailwind\n|upkeep\n|turn|5\n|\n|t:|1699974515\n|-end|p1a: Iron Hands|Quark Drive|[silent]\n|switch|p1a: Pelipper|Pelipper, L50, F|35\/100\n|move|p2b: Dondozo|Order Up|p1a: Pelipper\n|-damage|p1a: Pelipper|0 fnt\n|faint|p1a: Pelipper\n|-boost|p2b: Dondozo|spe|1\n|move|p1b: Amoonguss|Spore|p2b: Dondozo\n|-status|p2b: Dondozo|slp|[from] move: Spore\n|\n|-weather|none\n|-heal|p2b: Dondozo|68\/100 slp|[from] item: Leftovers\n|upkeep\n|\n|t:|1699974518\n|switch|p1a: Iron Hands|Iron Hands, L50, tera:Water|9\/100\n|turn|6\n|\n|t:|1699974525\n|cant|p2b: Dondozo|slp\n|move|p1a: Iron Hands|Drain Punch|p2b: Dondozo\n|-damage|p2b: Dondozo|59\/100 slp\n|-heal|p1a: Iron Hands|13\/100|[from] drain|[of] p2b: Dondozo\n|move|p1b: Amoonguss|Pollen Puff|p1a: Iron Hands\n|-heal|p1a: Iron Hands|63\/100\n|\n|-heal|p2b: Dondozo|65\/100 slp|[from] item: Leftovers\n|upkeep\n|turn|7\n|\n|t:|1699974541\n|cant|p2b: Dondozo|slp\n|move|p1a: Iron Hands|Wild Charge|p2b: Dondozo\n|-supereffective|p2b: Dondozo\n|-damage|p2b: Dondozo|44\/100 slp\n|-damage|p1a: Iron Hands|58\/100|[from] Recoil\n|move|p1b: Amoonguss|Pollen Puff|p1a: Iron Hands\n|-heal|p1a: Iron Hands|100\/100\n|\n|-heal|p2b: Dondozo|51\/100 slp|[from] item: Leftovers\n|upkeep\n|turn|8\n|\n|t:|1699974551\n|cant|p2b: Dondozo|slp\n|move|p1a: Iron Hands|Wild Charge|p2b: Dondozo\n|-supereffective|p2b: Dondozo\n|-damage|p2b: Dondozo|27\/100 slp\n|-damage|p1a: Iron Hands|94\/100|[from] Recoil\n|move|p1b: Amoonguss|Spore|p2b: Dondozo\n|-fail|p2b: Dondozo|slp\n|\n|-heal|p2b: Dondozo|33\/100 slp|[from] item: Leftovers\n|upkeep\n|turn|9\n|\n|t:|1699974557\n|-curestatus|p2b: Dondozo|slp|[msg]\n|move|p2b: Dondozo|Order Up|p1a: Iron Hands\n|-crit|p1a: Iron Hands\n|-damage|p1a: Iron Hands|61\/100\n|-boost|p2b: Dondozo|spe|1\n|move|p1a: Iron Hands|Wild Charge|p2b: Dondozo\n|-supereffective|p2b: Dondozo\n|-damage|p2b: Dondozo|9\/100\n|-damage|p1a: Iron Hands|54\/100|[from] Recoil\n|move|p1b: Amoonguss|Spore|p2b: Dondozo\n|-status|p2b: Dondozo|slp|[from] move: Spore\n|\n|-heal|p2b: Dondozo|15\/100 slp|[from] item: Leftovers\n|upkeep\n|turn|10\n|inactive|Alexandrequiroga has 30 seconds left.\n|\n|t:|1699974583\n|cant|p2b: Dondozo|slp\n|move|p1a: Iron Hands|Wild Charge|p2b: Dondozo\n|-supereffective|p2b: Dondozo\n|-damage|p2b: Dondozo|0 fnt\n|faint|p2b: Dondozo\n|-damage|p1a: Iron Hands|50\/100|[from] Recoil\n|move|p1b: Amoonguss|Pollen Puff|p1a: Iron Hands\n|-heal|p1a: Iron Hands|100\/100\n|\n|upkeep\n|\n|t:|1699974585\n|switch|p2b: Pelipper|Pelipper, L50, F, tera:Ground|100\/100\n|-weather|RainDance|[from] ability: Drizzle|[of] p2b: Pelipper\n|turn|11\n|\n|t:|1699974602\n|move|p2b: Pelipper|Hurricane|p1b: Amoonguss\n|-supereffective|p1b: Amoonguss\n|-damage|p1b: Amoonguss|36\/100\n|-start|p1b: Amoonguss|confusion\n|-enditem|p1b: Amoonguss|Sitrus Berry|[eat]\n|-heal|p1b: Amoonguss|61\/100|[from] item: Sitrus Berry\n|move|p2a: Tatsugiri|Draco Meteor|p1a: Iron Hands\n|-damage|p1a: Iron Hands|66\/100\n|-unboost|p2a: Tatsugiri|spa|2\n|move|p1a: Iron Hands|Drain Punch|p2a: Tatsugiri\n|-damage|p2a: Tatsugiri|10\/100\n|-heal|p1a: Iron Hands|88\/100|[from] drain|[of] p2a: Tatsugiri\n|-activate|p1b: Amoonguss|confusion\n|move|p1b: Amoonguss|Spore|p2b: Pelipper\n|-status|p2b: Pelipper|slp|[from] move: Spore\n|\n|-weather|RainDance|[upkeep]\n|upkeep\n|turn|12\n|inactive|Alexandrequiroga has 30 seconds left.\n|\n|t:|1699974628\n|switch|p1b: Urshifu|Urshifu-Rapid-Strike, L50, M|100\/100\n|cant|p2b: Pelipper|slp\n|move|p2a: Tatsugiri|Memento|p1a: Iron Hands\n|-unboost|p1a: Iron Hands|atk|2\n|-unboost|p1a: Iron Hands|spa|2\n|faint|p2a: Tatsugiri\n|move|p1a: Iron Hands|Drain Punch|p2b: Pelipper\n|-damage|p2b: Pelipper|84\/100 slp\n|-heal|p1a: Iron Hands|94\/100|[from] drain|[of] p2b: Pelipper\n|\n|-weather|RainDance|[upkeep]\n|upkeep\n|turn|13\n|\n|t:|1699974644\n|-end|p1a: Iron Hands|Quark Drive|[silent]\n|switch|p1a: Amoonguss|Amoonguss, L50, M|94\/100\n|move|p1b: Urshifu|Surging Strikes|p2b: Pelipper\n|-supereffective|p2b: Pelipper\n|-crit|p2b: Pelipper\n|-damage|p2b: Pelipper|26\/100 slp\n|-supereffective|p2b: Pelipper\n|-crit|p2b: Pelipper\n|-damage|p2b: Pelipper|0 fnt\n|faint|p2b: Pelipper\n|-hitcount|p2: Pelipper|2\n|\n|win|SoyNez\n|raw|SoyNez's rating: 1105 &rarr; <strong>1130<\/strong><br \/>(+25 for winning)\n|raw|Alexandrequiroga's rating: 1108 &rarr; <strong>1083<\/strong><br \/>(-25 for losing)\n","uploadtime":1699974651,"views":7,"p1id":"soynez","p2id":"alexandrequiroga","formatid":"gen9vgc2023regulatione","rating":1083,"private":0,"password":""}