{"id":"gen9vgc2023regulatione-1989267913","p1":"PSmonteiro","p2":"Leon1das","format":"[Gen 9] VGC 2023 Regulation E","log":"|j|\u2606PSmonteiro\n|j|\u2606Leon1das\n|n|\u2606PSmonteiro|psmonteiro\n|n|\u2606Leon1das|leon1das\n|html|View the match progress at <a href=\"\/game-bestof3-gen9vgc2023regulatione-1989263113\">game-bestof3-gen9vgc2023regulatione-1989263113<\/a>\n|t:|1699829923\n|gametype|doubles\n|player|p1|PSmonteiro|drayden|\n|player|p2|Leon1das|chuck|\n|teamsize|p1|6\n|teamsize|p2|6\n|gen|9\n|tier|[Gen 9] VGC 2023 Regulation E\n|rule|Species Clause: Limit one of each Pok\u00e9mon\n|rule|Item Clause: Limit one of each item\n|clearpoke\n|poke|p1|Indeedee-F, L50, F|\n|poke|p1|Armarouge, L50, M|\n|poke|p1|Ursaluna, L50, F|\n|poke|p1|Glastrier, L50|\n|poke|p1|Kingambit, L50, F|\n|poke|p1|Sinistcha-Masterpiece, L50|\n|poke|p2|Cresselia, L50, F|\n|poke|p2|Ursaluna-Bloodmoon, L50, M|\n|poke|p2|Iron Hands, L50|\n|poke|p2|Ogerpon-Wellspring, L50, F|\n|poke|p2|Arcanine-Hisui, L50, M|\n|poke|p2|Flutter Mane, L50|\n|teampreview|4\nPSmonteiro has agreed to open team sheets.\n|j| lucasarreguy\n|c| lucasarreguy|abre a\u00ed Le\u00f4nidas\nLeon1das has agreed to open team sheets.\n|showteam|p1|Indeedee-F||Leftovers|PsychicSurge|TrickRoom,Psychic,FollowMe,HealPulse|||F|||50|,,,,,Steel]Armarouge||TwistedSpoon|FlashFire|AllySwitch,ExpandingForce,ArmorCannon,WideGuard|||M|||50|,,,,,Psychic]Ursaluna||FlameOrb|Guts|Protect,Facade,HeadlongRush,ShadowClaw|||F|||50|,,,,,Ghost]Glastrier||AssaultVest|ChillingNeigh|Avalanche,TeraBlast,StompingTantrum,CloseCombat||||||50|,,,,,Water]Kingambit||LifeOrb|Defiant|Protect,KowtowCleave,IronHead,SuckerPunch|||F|||50|,,,,,Dark]Sinistcha-Masterpiece||RedCard|Hospitality|TrickRoom,Scald,MatchaGotcha,StrengthSap||||||50|,,,,,Grass\n|showteam|p2|Cresselia||MentalHerb|Levitate|Psychic,HelpingHand,LunarBlessing,TrickRoom|||F|||50|,,,,,Fire]Ursaluna-Bloodmoon||ThroatSpray|MindsEye|BloodMoon,EarthPower,HyperVoice,Protect|||M|||50|,,,,,Grass]Iron Hands||AssaultVest|QuarkDrive|FakeOut,DrainPunch,WildCharge,HeavySlam||||||50|,,,,,Fire]Ogerpon-Wellspring||WellspringMask|WaterAbsorb|IvyCudgel,FollowMe,HornLeech,SpikyShield|||F|||50|,,,,,Water]Arcanine-Hisui||SitrusBerry|Intimidate|RockSlide,FlareBlitz,ExtremeSpeed,Protect|||M|||50|,,,,,Grass]Flutter Mane||BoosterEnergy|Protosynthesis|Moonblast,ShadowBall,DazzlingGleam,Protect||||||50|,,,,,Fairy\n|j| Marcostap\n|c| lucasarreguy|podem come\u00e7ar\n|j| bb_hachi8\n|j| Rebornsan93\n|\n|t:|1699830002\n|start\n|switch|p1a: Indeedee|Indeedee-F, L50, F|100\/100\n|switch|p1b: Ursaluna|Ursaluna, L50, F|100\/100\n|switch|p2a: La Ursa Luna|Ursaluna-Bloodmoon, L50, M|100\/100\n|switch|p2b: Melanie|Flutter Mane, L50|100\/100\n|-fieldstart|move: Psychic Terrain|[from] ability: Psychic Surge|[of] p1a: Indeedee\n|-enditem|p2b: Melanie|Booster Energy\n|-activate|p2b: Melanie|ability: Protosynthesis|[fromitem]\n|-start|p2b: Melanie|protosynthesisspa\n|turn|1\n|j| Bard0_Gamer\n|\n|t:|1699830102\n|-terastallize|p2a: La Ursa Luna|Grass\n|move|p1b: Ursaluna|Protect|p1b: Ursaluna\n|-singleturn|p1b: Ursaluna|Protect\n|move|p2b: Melanie|Moonblast|p1a: Indeedee\n|-damage|p1a: Indeedee|56\/100\n|move|p2a: La Ursa Luna|Blood Moon|p1a: Indeedee\n|-damage|p1a: Indeedee|6\/100\n|move|p1a: Indeedee|Trick Room|p1a: Indeedee\n|-fieldstart|move: Trick Room|[of] p1a: Indeedee\n|\n|-heal|p1a: Indeedee|12\/100|[from] item: Leftovers\n|-status|p1b: Ursaluna|brn|[from] item: Flame Orb\n|upkeep\n|turn|2\n|\n|t:|1699830136\n|-end|p2b: Melanie|Protosynthesis|[silent]\n|switch|p2b: Hachiko|Arcanine-Hisui, L50, M|100\/100\n|-ability|p2b: Hachiko|Intimidate|boost\n|-unboost|p1a: Indeedee|atk|1\n|-unboost|p1b: Ursaluna|atk|1\n|move|p1a: Indeedee|Follow Me|p1a: Indeedee\n|-singleturn|p1a: Indeedee|move: Follow Me\n|move|p1b: Ursaluna|Facade|p2a: La Ursa Luna\n|-damage|p2a: La Ursa Luna|37\/100\n|move|p2a: La Ursa Luna|Hyper Voice|p1a: Indeedee|[spread] p1a,p1b\n|-damage|p1a: Indeedee|0 fnt\n|-damage|p1b: Ursaluna|66\/100 brn\n|faint|p1a: Indeedee\n|-enditem|p2a: La Ursa Luna|Throat Spray\n|-boost|p2a: La Ursa Luna|spa|1|[from] item: Throat Spray\n|\n|-damage|p1b: Ursaluna|60\/100 brn|[from] brn\n|upkeep\n|\n|t:|1699830154\n|switch|p1a: Glastrier|Glastrier, L50|100\/100\n|turn|3\n|\n|t:|1699830175\n|move|p2a: La Ursa Luna|Protect|p2a: La Ursa Luna\n|-singleturn|p2a: La Ursa Luna|Protect\n|move|p1a: Glastrier|Close Combat|p2a: La Ursa Luna\n|-activate|p2a: La Ursa Luna|move: Protect\n|move|p1b: Ursaluna|Headlong Rush|p2b: Hachiko\n|-supereffective|p2b: Hachiko\n|-damage|p2b: Hachiko|0 fnt\n|-unboost|p1b: Ursaluna|def|1\n|-unboost|p1b: Ursaluna|spd|1\n|faint|p2b: Hachiko\n|\n|-damage|p1b: Ursaluna|55\/100 brn|[from] brn\n|upkeep\n|\n|t:|1699830189\n|switch|p2b: Michelangelo|Iron Hands, L50|100\/100\n|turn|4\n|\n|t:|1699830267\n|move|p2b: Michelangelo|Fake Out|p1a: Glastrier\n|-activate|p1a: Glastrier|move: Psychic Terrain\n|move|p1a: Glastrier|Close Combat|p2a: La Ursa Luna\n|-damage|p2a: La Ursa Luna|0 fnt\n|-unboost|p1a: Glastrier|def|1\n|-unboost|p1a: Glastrier|spd|1\n|faint|p2a: La Ursa Luna\n|-ability|p1a: Glastrier|Chilling Neigh|boost\n|-boost|p1a: Glastrier|atk|1\n|move|p1b: Ursaluna|Headlong Rush|p2b: Michelangelo\n|-supereffective|p2b: Michelangelo\n|-damage|p2b: Michelangelo|4\/100\n|-unboost|p1b: Ursaluna|def|1\n|-unboost|p1b: Ursaluna|spd|1\n|\n|-damage|p1b: Ursaluna|49\/100 brn|[from] brn\n|upkeep\n|\n|t:|1699830281\n|switch|p2a: Melanie|Flutter Mane, L50|100\/100\n|turn|5\n|\n|t:|1699830311\n|-terastallize|p1b: Ursaluna|Ghost\n|move|p2a: Melanie|Protect|p2a: Melanie\n|-singleturn|p2a: Melanie|Protect\n|move|p1a: Glastrier|Stomping Tantrum|p2b: Michelangelo\n|-supereffective|p2b: Michelangelo\n|-damage|p2b: Michelangelo|0 fnt\n|faint|p2b: Michelangelo\n|-end|p2b: Michelangelo|Quark Drive|[silent]\n|-ability|p1a: Glastrier|Chilling Neigh|boost\n|-boost|p1a: Glastrier|atk|1\n|move|p1b: Ursaluna|Shadow Claw|p2a: Melanie\n|-activate|p2a: Melanie|move: Protect\n|\n|-damage|p1b: Ursaluna|43\/100 brn|[from] brn\n|-fieldend|move: Trick Room\n|-fieldend|move: Psychic Terrain\n|upkeep\n|turn|6\n|\n|t:|1699830335\n|switch|p1a: Armarouge|Armarouge, L50, M|100\/100\n|move|p1b: Ursaluna|Protect|p1b: Ursaluna\n|-singleturn|p1b: Ursaluna|Protect\n|move|p2a: Melanie|Moonblast|p1a: Armarouge\n|-resisted|p1a: Armarouge\n|-damage|p1a: Armarouge|74\/100\n|\n|-damage|p1b: Ursaluna|37\/100 brn|[from] brn\n|upkeep\n|turn|7\n|\n|t:|1699830365\n|move|p2a: Melanie|Shadow Ball|p1a: Armarouge\n|-supereffective|p1a: Armarouge\n|-damage|p1a: Armarouge|0 fnt\n|faint|p1a: Armarouge\n|move|p1b: Ursaluna|Shadow Claw|p2a: Melanie\n|-supereffective|p2a: Melanie\n|-damage|p2a: Melanie|0 fnt\n|faint|p2a: Melanie\n|-end|p2a: Melanie|Protosynthesis|[silent]\n|\n|win|PSmonteiro\n","uploadtime":1699830376,"views":11,"p1id":"psmonteiro","p2id":"leon1das","formatid":"gen9vgc2023regulatione","rating":0,"private":0,"password":""}