{"id":"gen9vgc2023regulatione-1994470003","p1":"Gamemasterv111","p2":"KokoAgent24","format":"[Gen 9] VGC 2023 Regulation E","log":"|j|\u2606Gamemasterv111\n|j|\u2606KokoAgent24\n|n|\u2606Gamemasterv111|gamemasterv111\n|n|\u2606KokoAgent24|kokoagent24\n|html|View the match progress at <a href=\"\/game-bestof3-gen9vgc2023regulatione-1994470002\">game-bestof3-gen9vgc2023regulatione-1994470002<\/a>\n|t:|1700447610\n|gametype|doubles\n|player|p1|Gamemasterv111|morty-masters2|\n|player|p2|KokoAgent24|lance|\n|teamsize|p1|6\n|teamsize|p2|6\n|gen|9\n|tier|[Gen 9] VGC 2023 Regulation E\n|rule|Species Clause: Limit one of each Pok\u00e9mon\n|rule|Item Clause: Limit one of each item\n|clearpoke\n|poke|p1|Arbok, L50, F|\n|poke|p1|Sinistcha-Masterpiece, L50|\n|poke|p1|Iron Hands, L50|\n|poke|p1|Flutter Mane, L50|\n|poke|p1|Rotom-Heat, L50|\n|poke|p1|Milotic, L50, F|\n|poke|p2|Articuno, L50|\n|poke|p2|Ceruledge, L50, F|\n|poke|p2|Appletun, L50, F|\n|poke|p2|Basculegion-F, L50, F|\n|poke|p2|Espeon, L50, F|\n|poke|p2|Grimmsnarl, L50, M|\n|teampreview|4\n|\n|t:|1700447647\n|start\n|switch|p1a: Iron Hands|Iron Hands, L50|100\/100\n|switch|p1b: Milotic|Milotic, L50, F, shiny|100\/100\n|switch|p2a: Ceruledge|Ceruledge, L50, F|100\/100\n|switch|p2b: Articuno|Articuno, L50|100\/100\n|-ability|p2b: Articuno|Pressure\n|turn|1\n|\n|t:|1700447680\n|move|p1a: Iron Hands|Fake Out|p2b: Articuno\n|-damage|p2b: Articuno|87\/100\n|move|p2a: Ceruledge|Bitter Blade|p1a: Iron Hands\n|-damage|p1a: Iron Hands|61\/100\n|-damage|p2a: Ceruledge|90\/100|[from] item: Life Orb\n|cant|p2b: Articuno|flinch\n|move|p1b: Milotic|Coil|p1b: Milotic\n|-boost|p1b: Milotic|atk|1\n|-boost|p1b: Milotic|def|1\n|-boost|p1b: Milotic|accuracy|1\n|\n|upkeep\n|turn|2\n|\n|t:|1700447703\n|move|p2a: Ceruledge|Bitter Blade|p1a: Iron Hands\n|-damage|p1a: Iron Hands|20\/100\n|-heal|p2a: Ceruledge|100\/100|[from] drain|[of] p1a: Iron Hands\n|-damage|p2a: Ceruledge|90\/100|[from] item: Life Orb\n|move|p2b: Articuno|Freeze-Dry|p1b: Milotic\n|-supereffective|p1b: Milotic\n|-damage|p1b: Milotic|66\/100\n|move|p1b: Milotic|Hypnosis|p2a: Ceruledge\n|-status|p2a: Ceruledge|slp|[from] move: Hypnosis\n|move|p1a: Iron Hands|Wild Charge|p2b: Articuno\n|-supereffective|p2b: Articuno\n|-damage|p2b: Articuno|2\/100\n|-damage|p1a: Iron Hands|3\/100|[from] Recoil\n|\n|-heal|p1b: Milotic|73\/100|[from] item: Leftovers\n|upkeep\n|turn|3\n|\n|t:|1700447735\n|cant|p2a: Ceruledge|slp\n|move|p2b: Articuno|Roost|p2b: Articuno\n|-heal|p2b: Articuno|52\/100\n|-singleturn|p2b: Articuno|move: Roost\n|move|p1b: Milotic|Recover|p1b: Milotic\n|-heal|p1b: Milotic|100\/100\n|move|p1a: Iron Hands|Drain Punch|p2b: Articuno\n|-supereffective|p2b: Articuno\n|-damage|p2b: Articuno|0 fnt\n|-heal|p1a: Iron Hands|23\/100|[from] drain|[of] p2b: Articuno\n|faint|p2b: Articuno\n|\n|upkeep\n|\n|t:|1700447754\n|switch|p2b: Appletun|Appletun, L50, F|100\/100\n|turn|4\n|\n|t:|1700447780\n|-end|p1a: Iron Hands|Quark Drive|[silent]\n|switch|p1a: Flutter Mane|Flutter Mane, L50|100\/100\n|-enditem|p1a: Flutter Mane|Booster Energy\n|-activate|p1a: Flutter Mane|ability: Protosynthesis|[fromitem]\n|-start|p1a: Flutter Mane|protosynthesisspe\n|cant|p2a: Ceruledge|slp\n|move|p1b: Milotic|Scald|p2a: Ceruledge\n|-supereffective|p2a: Ceruledge\n|-damage|p2a: Ceruledge|22\/100 slp\n|move|p2b: Appletun|Leech Seed|p1b: Milotic\n|-start|p1b: Milotic|move: Leech Seed\n|\n|-damage|p1b: Milotic|88\/100|[from] Leech Seed|[of] p2b: Appletun\n|upkeep\n|turn|5\n|\n|t:|1700447805\n|-curestatus|p2a: Ceruledge|slp|[msg]\n|move|p2a: Ceruledge|Shadow Sneak|p1a: Flutter Mane\n|-supereffective|p1a: Flutter Mane\n|-damage|p1a: Flutter Mane|31\/100\n|-damage|p2a: Ceruledge|12\/100|[from] item: Life Orb\n|move|p1a: Flutter Mane|Icy Wind|p2b: Appletun|[spread] p2a,p2b\n|-resisted|p2a: Ceruledge\n|-crit|p2a: Ceruledge\n|-supereffective|p2b: Appletun\n|-damage|p2a: Ceruledge|0 fnt\n|-damage|p2b: Appletun|75\/100\n|-unboost|p2b: Appletun|spe|1\n|faint|p2a: Ceruledge\n|move|p1b: Milotic|Scald|p2b: Appletun\n|-resisted|p2b: Appletun\n|-damage|p2b: Appletun|67\/100\n|-status|p2b: Appletun|brn\n|move|p2b: Appletun|Apple Acid|p1b: Milotic\n|-supereffective|p1b: Milotic\n|-damage|p1b: Milotic|47\/100\n|-unboost|p1b: Milotic|spd|1\n|-ability|p1b: Milotic|Competitive|boost\n|-boost|p1b: Milotic|spa|2\n|\n|-heal|p1b: Milotic|53\/100|[from] item: Leftovers\n|-heal|p2b: Appletun|73\/100 brn|[from] item: Leftovers\n|-damage|p1b: Milotic|40\/100|[from] Leech Seed|[of] p2b: Appletun\n|-heal|p2b: Appletun|84\/100 brn|[silent]\n|-damage|p2b: Appletun|78\/100 brn|[from] brn\n|upkeep\n|\n|t:|1700447834\n|switch|p2a: Grimmsnarl|Grimmsnarl, L50, M|100\/100\n|turn|6\n|\n|t:|1700447856\n|-end|p1a: Flutter Mane|Protosynthesis|[silent]\n|switch|p1a: Sinistcha|Sinistcha-Masterpiece, L50|100\/100\n|-heal|p1b: Milotic|65\/100|[from] ability: Hospitality|[of] p1a: Sinistcha\n|move|p1b: Milotic|Scald|p2a: Grimmsnarl\n|-damage|p2a: Grimmsnarl|52\/100\n|-status|p2a: Grimmsnarl|brn\n|move|p2a: Grimmsnarl|Spirit Break|p1a: Sinistcha\n|-damage|p1a: Sinistcha|86\/100\n|-unboost|p1a: Sinistcha|spa|1\n|-damage|p2a: Grimmsnarl|36\/100 brn|[from] item: Rocky Helmet|[of] p1a: Sinistcha\n|move|p2b: Appletun|Apple Acid|p1b: Milotic\n|-supereffective|p1b: Milotic\n|-crit|p1b: Milotic\n|-damage|p1b: Milotic|0 fnt\n|faint|p1b: Milotic\n|\n|-heal|p2b: Appletun|84\/100 brn|[from] item: Leftovers\n|-damage|p2a: Grimmsnarl|30\/100 brn|[from] brn\n|-damage|p2b: Appletun|78\/100 brn|[from] brn\n|upkeep\n|\n|t:|1700447873\n|switch|p1b: Iron Hands|Iron Hands, L50|23\/100\n|turn|7\n|\n|t:|1700447887\n|switch|p1a: Flutter Mane|Flutter Mane, L50|31\/100\n|move|p1b: Iron Hands|Fake Out|p2a: Grimmsnarl\n|-damage|p2a: Grimmsnarl|14\/100 brn\n|cant|p2a: Grimmsnarl|flinch\n|move|p2b: Appletun|Dragon Pulse|p1b: Iron Hands\n|-damage|p1b: Iron Hands|10\/100\n|\n|-heal|p2b: Appletun|84\/100 brn|[from] item: Leftovers\n|-damage|p2a: Grimmsnarl|8\/100 brn|[from] brn\n|-damage|p2b: Appletun|78\/100 brn|[from] brn\n|upkeep\n|turn|8\n|\n|t:|1700447912\n|-end|p1a: Flutter Mane|Protosynthesis|[silent]\n|switch|p1a: Sinistcha|Sinistcha-Masterpiece, L50|86\/100\n|-heal|p1b: Iron Hands|35\/100|[from] ability: Hospitality|[of] p1a: Sinistcha\n|move|p2a: Grimmsnarl|Reflect|p2a: Grimmsnarl\n|-sidestart|p2: KokoAgent24|Reflect\n|move|p1b: Iron Hands|Drain Punch|p2a: Grimmsnarl\n|-damage|p2a: Grimmsnarl|0 fnt\n|-heal|p1b: Iron Hands|38\/100|[from] drain|[of] p2a: Grimmsnarl\n|faint|p2a: Grimmsnarl\n|move|p2b: Appletun|Apple Acid|p1a: Sinistcha\n|-resisted|p1a: Sinistcha\n|-damage|p1a: Sinistcha|71\/100\n|-unboost|p1a: Sinistcha|spd|1\n|\n|-heal|p2b: Appletun|84\/100 brn|[from] item: Leftovers\n|-damage|p2b: Appletun|78\/100 brn|[from] brn\n|upkeep\n|turn|9\n|\n|t:|1700447942\n|move|p1a: Sinistcha|Scald|p2b: Appletun\n|-resisted|p2b: Appletun\n|-damage|p2b: Appletun|73\/100 brn\n|move|p1b: Iron Hands|Drain Punch|p2b: Appletun\n|-damage|p2b: Appletun|49\/100 brn\n|-heal|p1b: Iron Hands|48\/100|[from] drain|[of] p2b: Appletun\n|move|p2b: Appletun|Dragon Pulse|p1b: Iron Hands\n|-damage|p1b: Iron Hands|35\/100\n|\n|-heal|p2b: Appletun|55\/100 brn|[from] item: Leftovers\n|-damage|p2b: Appletun|49\/100 brn|[from] brn\n|upkeep\n|turn|10\n|\n|t:|1700447959\n|move|p1a: Sinistcha|Matcha Gotcha|p2b: Appletun\n|-resisted|p2b: Appletun\n|-damage|p2b: Appletun|40\/100 brn\n|-heal|p1a: Sinistcha|77\/100|[from] drain|[of] p2b: Appletun\n|move|p1b: Iron Hands|Drain Punch|p2b: Appletun\n|-damage|p2b: Appletun|17\/100 brn\n|-heal|p1b: Iron Hands|45\/100|[from] drain|[of] p2b: Appletun\n|move|p2b: Appletun|Leech Seed|p1a: Sinistcha\n|-immune|p1a: Sinistcha\n|\n|-heal|p2b: Appletun|23\/100 brn|[from] item: Leftovers\n|-damage|p2b: Appletun|17\/100 brn|[from] brn\n|upkeep\n|turn|11\n|\n|t:|1700447975\n|move|p1a: Sinistcha|Matcha Gotcha|p2b: Appletun\n|-resisted|p2b: Appletun\n|-damage|p2b: Appletun|8\/100 brn\n|-heal|p1a: Sinistcha|83\/100|[from] drain|[of] p2b: Appletun\n|move|p1b: Iron Hands|Heavy Slam|p2b: Appletun\n|-damage|p2b: Appletun|0 fnt\n|faint|p2b: Appletun\n|\n|win|Gamemasterv111\n|inactive|Gamemasterv111 has 50 seconds to confirm battle start!\n|inactive|KokoAgent24 has 50 seconds to confirm battle start!\n|inactive|Gamemasterv111 has 40 seconds to confirm battle start!\n|inactive|KokoAgent24 has 40 seconds to confirm battle start!\n|inactive|Gamemasterv111 has 30 seconds to confirm battle start!\n|inactive|KokoAgent24 has 30 seconds to confirm battle start!\n|inactive|Gamemasterv111 has 20 seconds to confirm battle start!\n|inactive|KokoAgent24 has 20 seconds to confirm battle start!\n|inactive|Gamemasterv111 has 10 seconds to confirm battle start!\n|inactive|KokoAgent24 has 10 seconds to confirm battle start!\n","uploadtime":1700448021,"views":10,"p1id":"gamemasterv111","p2id":"kokoagent24","formatid":"gen9vgc2023regulatione","rating":0,"private":0,"password":""}