{"id":"gen9vgc2023regulatione-1994963443","p1":"cancreatic","p2":"Dunsnom","format":"[Gen 9] VGC 2023 Regulation E","log":"|j|\u2606cancreatic\n|j|\u2606Dunsnom\n|t:|1700508547\n|gametype|doubles\n|player|p1|cancreatic|102|1055\n|player|p2|Dunsnom|supernerd|1084\n|teamsize|p1|6\n|teamsize|p2|6\n|gen|9\n|tier|[Gen 9] VGC 2023 Regulation E\n|rated|\n|rule|Species Clause: Limit one of each Pok\u00e9mon\n|rule|Item Clause: Limit one of each item\n|clearpoke\n|poke|p1|Ting-Lu, L50|\n|poke|p1|Mightyena, L50, M|\n|poke|p1|Gastrodon, L50, F|\n|poke|p1|Iron Hands, L50|\n|poke|p1|Dondozo, L50, F|\n|poke|p1|Arcanine-Hisui, L50, M|\n|poke|p2|Zorua-Hisui, L50, M|\n|poke|p2|Ogerpon-Wellspring, L50, F|\n|poke|p2|Ninetales-Alola, L50, F|\n|poke|p2|Iron Hands, L50|\n|poke|p2|Torterra, L50, F|\n|poke|p2|Kommo-o, L50, M|\n|teampreview|4\n|inactive|Battle timer is ON: inactive players will automatically lose when time's up. (requested by cancreatic)\ncancreatic has agreed to open team sheets.\n|\n|t:|1700508578\n|start\n|switch|p1a: Ting-Lu|Ting-Lu, L50|100\/100\n|switch|p1b: Mightyena|Mightyena, L50, M|100\/100\n|switch|p2a: Kommo-o|Kommo-o, L50, M|100\/100\n|switch|p2b: Ogerpon|Ogerpon-Wellspring, L50, F|100\/100\n|-ability|p1b: Mightyena|Intimidate|boost\n|-unboost|p2a: Kommo-o|atk|1\n|-unboost|p2b: Ogerpon|atk|1\n|-ability|p1a: Ting-Lu|Vessel of Ruin\n|turn|1\n|inactive|Dunsnom has 30 seconds left.\n|\n|t:|1700508605\n|move|p2b: Ogerpon|Horn Leech|p1a: Ting-Lu\n|-supereffective|p1a: Ting-Lu\n|-damage|p1a: Ting-Lu|69\/100\n|move|p1b: Mightyena|Yawn|p2a: Kommo-o\n|-start|p2a: Kommo-o|move: Yawn|[of] p1b: Mightyena\n|move|p2a: Kommo-o|Will-O-Wisp|p1b: Mightyena|[miss]\n|-miss|p2a: Kommo-o|p1b: Mightyena\n|move|p1a: Ting-Lu|Stealth Rock|p2a: Kommo-o\n|-sidestart|p2: Dunsnom|move: Stealth Rock\n|\n|upkeep\n|turn|2\n|\n|t:|1700508625\n|switch|p1a: Dondozo|Dondozo, L50, F|100\/100\n|move|p2b: Ogerpon|Spiky Shield|p2b: Ogerpon\n|-singleturn|p2b: Ogerpon|move: Protect\n|move|p1b: Mightyena|Yawn|p2b: Ogerpon\n|-activate|p2b: Ogerpon|move: Protect\n|move|p2a: Kommo-o|Will-O-Wisp|p1b: Mightyena\n|-status|p1b: Mightyena|brn\n|\n|-damage|p1b: Mightyena|94\/100 brn|[from] brn\n|-end|p2a: Kommo-o|move: Yawn|[silent]\n|-status|p2a: Kommo-o|slp\n|upkeep\n|turn|3\n|inactive|Dunsnom has 30 seconds left.\n|\n|t:|1700508652\n|move|p1a: Dondozo|Protect|p1a: Dondozo\n|-singleturn|p1a: Dondozo|Protect\n|move|p2b: Ogerpon|Horn Leech|p1a: Dondozo\n|-activate|p1a: Dondozo|move: Protect\n|move|p1b: Mightyena|Yawn|p2b: Ogerpon\n|-start|p2b: Ogerpon|move: Yawn|[of] p1b: Mightyena\n|cant|p2a: Kommo-o|slp\n|\n|-damage|p1b: Mightyena|88\/100 brn|[from] brn\n|upkeep\n|turn|4\n|inactive|cancreatic has 30 seconds left.\n|\n|t:|1700508680\n|switch|p1b: Gastrodon|Gastrodon, L50, F|100\/100\n|-terastallize|p1a: Dondozo|Grass\n|move|p2b: Ogerpon|Spiky Shield|p2b: Ogerpon\n|-singleturn|p2b: Ogerpon|move: Protect\n|cant|p2a: Kommo-o|slp\n|move|p1a: Dondozo|Heavy Slam|p2b: Ogerpon\n|-activate|p2b: Ogerpon|move: Protect\n|-damage|p1a: Dondozo|88\/100|[from] Spiky Shield|[of] p2b: Ogerpon\n|\n|-heal|p1a: Dondozo|94\/100|[from] item: Leftovers\n|-end|p2b: Ogerpon|move: Yawn|[silent]\n|-status|p2b: Ogerpon|slp\n|upkeep\n|turn|5\n|\n|t:|1700508701\n|cant|p2b: Ogerpon|slp\n|cant|p2a: Kommo-o|slp\n|move|p1b: Gastrodon|Earth Power|p2b: Ogerpon\n|-resisted|p2b: Ogerpon\n|-damage|p2b: Ogerpon|82\/100 slp\n|move|p1a: Dondozo|Heavy Slam|p2b: Ogerpon\n|-resisted|p2b: Ogerpon\n|-damage|p2b: Ogerpon|64\/100 slp\n|\n|-heal|p1a: Dondozo|100\/100|[from] item: Leftovers\n|upkeep\n|turn|6\n|\n|t:|1700508717\n|cant|p2b: Ogerpon|slp\n|-curestatus|p2a: Kommo-o|slp|[msg]\n|move|p2a: Kommo-o|Will-O-Wisp|p1a: Dondozo\n|-status|p1a: Dondozo|brn\n|move|p1b: Gastrodon|Earth Power|p2b: Ogerpon\n|-resisted|p2b: Ogerpon\n|-damage|p2b: Ogerpon|44\/100 slp\n|move|p1a: Dondozo|Heavy Slam|p2b: Ogerpon\n|-resisted|p2b: Ogerpon\n|-damage|p2b: Ogerpon|35\/100 slp\n|\n|-damage|p1a: Dondozo|94\/100 brn|[from] brn\n|upkeep\n|turn|7\n|\n|t:|1700508738\n|switch|p1b: Mightyena|Mightyena, L50, M|88\/100 brn\n|-ability|p1b: Mightyena|Intimidate|boost\n|-unboost|p2a: Kommo-o|atk|1\n|-unboost|p2b: Ogerpon|atk|1\n|-curestatus|p2b: Ogerpon|slp|[msg]\n|move|p2b: Ogerpon|Horn Leech|p1b: Mightyena\n|-damage|p1b: Mightyena|56\/100 brn\n|-heal|p2b: Ogerpon|48\/100|[from] drain|[of] p1b: Mightyena\n|move|p2a: Kommo-o|Snarl|p1b: Mightyena|[spread] p1a,p1b\n|-resisted|p1b: Mightyena\n|-damage|p1a: Dondozo|87\/100 brn\n|-damage|p1b: Mightyena|49\/100 brn\n|-unboost|p1a: Dondozo|spa|1\n|-unboost|p1b: Mightyena|spa|1\n|move|p1a: Dondozo|Yawn|p2a: Kommo-o\n|-start|p2a: Kommo-o|move: Yawn|[of] p1a: Dondozo\n|\n|-heal|p1a: Dondozo|93\/100 brn|[from] item: Leftovers\n|-damage|p1b: Mightyena|43\/100 brn|[from] brn\n|-damage|p1a: Dondozo|87\/100 brn|[from] brn\n|upkeep\n|turn|8\n|inactive|Dunsnom has 30 seconds left.\n|inactive|Dunsnom has 20 seconds left.\n|inactive|Dunsnom has 15 seconds left.\n|\n|t:|1700508781\n|move|p2b: Ogerpon|Ivy Cudgel|p1b: Mightyena|[anim] Ivy Cudgel Water\n|-crit|p1b: Mightyena\n|-damage|p1b: Mightyena|0 fnt\n|faint|p1b: Mightyena\n|move|p2a: Kommo-o|Bitter Malice|p1a: Dondozo\n|-crit|p1a: Dondozo\n|-damage|p1a: Dondozo|59\/100 brn\n|-unboost|p1a: Dondozo|atk|1\n|move|p1a: Dondozo|Yawn||[still]\n|-fail|p1a: Dondozo\n|\n|-heal|p1a: Dondozo|65\/100 brn|[from] item: Leftovers\n|-damage|p1a: Dondozo|59\/100 brn|[from] brn\n|-end|p2a: Kommo-o|move: Yawn|[silent]\n|-status|p2a: Kommo-o|slp\n|upkeep\n|\n|t:|1700508791\n|switch|p1b: Ting-Lu|Ting-Lu, L50|69\/100\n|-ability|p1b: Ting-Lu|Vessel of Ruin\n|turn|9\n|inactive|Dunsnom has 30 seconds left.\n|\n|t:|1700508821\n|move|p2b: Ogerpon|Ivy Cudgel|p1b: Ting-Lu|[anim] Ivy Cudgel Water\n|-supereffective|p1b: Ting-Lu\n|-damage|p1b: Ting-Lu|39\/100\n|cant|p2a: Kommo-o|slp\n|move|p1b: Ting-Lu|Heavy Slam|p2b: Ogerpon\n|-resisted|p2b: Ogerpon\n|-damage|p2b: Ogerpon|29\/100\n|move|p1a: Dondozo|Heavy Slam|p2b: Ogerpon\n|-resisted|p2b: Ogerpon\n|-damage|p2b: Ogerpon|23\/100\n|\n|-heal|p1a: Dondozo|65\/100 brn|[from] item: Leftovers\n|-damage|p1a: Dondozo|59\/100 brn|[from] brn\n|upkeep\n|turn|10\n|\n|t:|1700508836\n|switch|p1b: Gastrodon|Gastrodon, L50, F|100\/100\n|move|p2b: Ogerpon|Spiky Shield|p2b: Ogerpon\n|-singleturn|p2b: Ogerpon|move: Protect\n|cant|p2a: Kommo-o|slp\n|move|p1a: Dondozo|Heavy Slam|p2b: Ogerpon\n|-activate|p2b: Ogerpon|move: Protect\n|-damage|p1a: Dondozo|47\/100 brn|[from] Spiky Shield|[of] p2b: Ogerpon\n|\n|-heal|p1a: Dondozo|53\/100 brn|[from] item: Leftovers\n|-damage|p1a: Dondozo|47\/100 brn|[from] brn\n|upkeep\n|turn|11\n|\n|t:|1700508857\n|move|p2b: Ogerpon|Horn Leech|p1b: Gastrodon\n|-supereffective|p1b: Gastrodon\n|-damage|p1b: Gastrodon|24\/100\n|-heal|p2b: Ogerpon|68\/100|[from] drain|[of] p1b: Gastrodon\n|-curestatus|p2a: Kommo-o|slp|[msg]\n|move|p2a: Kommo-o|Taunt|p1b: Gastrodon\n|-start|p1b: Gastrodon|move: Taunt\n|move|p1b: Gastrodon|Earth Power|p2b: Ogerpon\n|-resisted|p2b: Ogerpon\n|-damage|p2b: Ogerpon|49\/100\n|move|p1a: Dondozo|Yawn|p2b: Ogerpon\n|-start|p2b: Ogerpon|move: Yawn|[of] p1a: Dondozo\n|\n|-heal|p1a: Dondozo|53\/100 brn|[from] item: Leftovers\n|-damage|p1a: Dondozo|47\/100 brn|[from] brn\n|upkeep\n|turn|12\n|-message|cancreatic forfeited.\n|\n|win|Dunsnom\n|raw|cancreatic's rating: 1055 &rarr; <strong>1038<\/strong><br \/>(-17 for losing)\n|raw|Dunsnom's rating: 1084 &rarr; <strong>1109<\/strong><br \/>(+25 for winning)\n|l|\u2606cancreatic\n","uploadtime":1700508878,"views":14,"p1id":"cancreatic","p2id":"dunsnom","formatid":"gen9vgc2023regulatione","rating":1038,"private":0,"password":""}