{"id":"gen9vgc2023regulatione-1996646354","p1":"Suluxz","p2":"randy.zhang2023","format":"[Gen 9] VGC 2023 Regulation E","log":"|j|\u2606Suluxz\n|j|\u2606randy.zhang2023\n|t:|1700704706\n|gametype|doubles\n|player|p1|Suluxz|hilbert|1496\n|player|p2|randy.zhang2023|170|1552\n|teamsize|p1|6\n|teamsize|p2|6\n|gen|9\n|tier|[Gen 9] VGC 2023 Regulation E\n|rated|\n|rule|Species Clause: Limit one of each Pok\u00e9mon\n|rule|Item Clause: Limit one of each item\n|clearpoke\n|poke|p1|Rillaboom, L50, M|\n|poke|p1|Tornadus, L50, M|\n|poke|p1|Urshifu-*, L50, F|\n|poke|p1|Farigiraf, L50, M|\n|poke|p1|Iron Hands, L50|\n|poke|p1|Heatran, L50, F|\n|poke|p2|Murkrow, L50, M|\n|poke|p2|Ursaluna, L50, F|\n|poke|p2|Indeedee-F, L50, F|\n|poke|p2|Meowscarada, L50, F|\n|poke|p2|Ogerpon-Wellspring, L50, F|\n|poke|p2|Enamorus-Therian, L50, F|\n|teampreview|4\n|inactive|Battle timer is ON: inactive players will automatically lose when time's up. (requested by Suluxz)\n|\n|t:|1700704772\n|start\n|switch|p1a: Tornadus|Tornadus, L50, M|100\/100\n|switch|p1b: Heatran|Heatran, L50, F|100\/100\n|switch|p2a: Murkrow|Murkrow, L50, M|100\/100\n|switch|p2b: Ursaluna|Ursaluna, L50, F|100\/100\n|turn|1\n|inactive|Suluxz has 30 seconds left.\n|inactive|Suluxz has 20 seconds left.\n|\n|t:|1700704808\n|-terastallize|p1b: Heatran|Grass\n|move|p2a: Murkrow|Protect|p2a: Murkrow\n|-singleturn|p2a: Murkrow|Protect\n|move|p2b: Ursaluna|Protect|p2b: Ursaluna\n|-singleturn|p2b: Ursaluna|Protect\n|move|p1b: Heatran|Tera Blast|p2b: Ursaluna|[anim] Tera Blast Grass\n|-activate|p2b: Ursaluna|move: Protect\n|move|p1a: Tornadus|Bleakwind Storm|p2a: Murkrow|[spread] \n|-activate|p2a: Murkrow|move: Protect\n|-activate|p2b: Ursaluna|move: Protect\n|\n|-status|p2b: Ursaluna|brn|[from] item: Flame Orb\n|upkeep\n|turn|2\n|inactive|randy.zhang2023 has 30 seconds left.\n|\n|t:|1700704834\n|-terastallize|p2b: Ursaluna|Fairy\n|move|p2a: Murkrow|Tailwind|p2a: Murkrow\n|-sidestart|p2: randy.zhang2023|move: Tailwind\n|move|p2b: Ursaluna|Facade|p1a: Tornadus\n|-damage|p1a: Tornadus|0 fnt\n|faint|p1a: Tornadus\n|move|p1b: Heatran|Tera Blast|p2b: Ursaluna|[anim] Tera Blast Grass\n|-damage|p2b: Ursaluna|47\/100 brn\n|-damage|p1b: Heatran|91\/100|[from] item: Life Orb\n|\n|-damage|p2b: Ursaluna|41\/100 brn|[from] brn\n|upkeep\n|\n|t:|1700704851\n|switch|p1a: Rillaboom|Rillaboom, L50, M|100\/100\n|-fieldstart|move: Grassy Terrain|[from] ability: Grassy Surge|[of] p1a: Rillaboom\n|turn|3\n|inactive|randy.zhang2023 has 30 seconds left.\n|\n|t:|1700704884\n|move|p2b: Ursaluna|Protect|p2b: Ursaluna\n|-singleturn|p2b: Ursaluna|Protect\n|move|p1b: Heatran|Protect|p1b: Heatran\n|-singleturn|p1b: Heatran|Protect\n|move|p1a: Rillaboom|Grassy Glide|p2b: Ursaluna\n|-activate|p2b: Ursaluna|move: Protect\n|move|p2a: Murkrow|Foul Play|p1a: Rillaboom\n|-damage|p1a: Rillaboom|48\/100\n|\n|-heal|p2b: Ursaluna|47\/100 brn|[from] Grassy Terrain\n|-heal|p1b: Heatran|97\/100|[from] Grassy Terrain\n|-heal|p1a: Rillaboom|54\/100|[from] Grassy Terrain\n|-damage|p2b: Ursaluna|41\/100 brn|[from] brn\n|upkeep\n|turn|4\n|\n|t:|1700704906\n|move|p1a: Rillaboom|Grassy Glide|p2b: Ursaluna\n|-crit|p2b: Ursaluna\n|-damage|p2b: Ursaluna|0 fnt\n|faint|p2b: Ursaluna\n|move|p2a: Murkrow|Foul Play|p1a: Rillaboom\n|-damage|p1a: Rillaboom|8\/100\n|move|p1b: Heatran|Heat Wave|p2a: Murkrow\n|-damage|p2a: Murkrow|11\/100\n|-damage|p1b: Heatran|87\/100|[from] item: Life Orb\n|\n|-heal|p1b: Heatran|93\/100|[from] Grassy Terrain\n|-heal|p1a: Rillaboom|14\/100|[from] Grassy Terrain\n|upkeep\n|\n|t:|1700704923\n|switch|p2b: Enamorus|Enamorus-Therian, L50, F|100\/100\n|turn|5\n|\n|t:|1700704935\n|move|p2a: Murkrow|Protect|p2a: Murkrow\n|-singleturn|p2a: Murkrow|Protect\n|move|p1a: Rillaboom|Grassy Glide|p2a: Murkrow\n|-activate|p2a: Murkrow|move: Protect\n|move|p1b: Heatran|Flash Cannon|p2b: Enamorus\n|-supereffective|p2b: Enamorus\n|-damage|p2b: Enamorus|0 fnt\n|faint|p2b: Enamorus\n|-damage|p1b: Heatran|84\/100|[from] item: Life Orb\n|\n|-heal|p1b: Heatran|90\/100|[from] Grassy Terrain\n|-heal|p1a: Rillaboom|20\/100|[from] Grassy Terrain\n|-sideend|p2: randy.zhang2023|move: Tailwind\n|upkeep\n|\n|t:|1700704948\n|switch|p2b: Ogerpon|Ogerpon-Wellspring, L50, F|100\/100\n|turn|6\n|-message|randy.zhang2023 forfeited.\n|\n|win|Suluxz\n|raw|Suluxz's rating: 1496 &rarr; <strong>1519<\/strong><br \/>(+23 for winning)\n|raw|randy.zhang2023's rating: 1552 &rarr; <strong>1529<\/strong><br \/>(-23 for losing)\n|l|\u2606randy.zhang2023\n","uploadtime":1700704967,"views":8,"p1id":"suluxz","p2id":"randyzhang2023","formatid":"gen9vgc2023regulatione","rating":1519,"private":0,"password":""}