{"id":"gen9vgc2023regulatione-1989665924","p1":"Ayresbrun","p2":"alss","format":"[Gen 9] VGC 2023 Regulation E","log":"|j|\u2606Ayresbrun\n|j|\u2606alss\n|t:|1699884835\n|gametype|doubles\n|player|p1|Ayresbrun|266|1320\n|player|p2|alss|102|1241\n|teamsize|p1|6\n|teamsize|p2|6\n|gen|9\n|tier|[Gen 9] VGC 2023 Regulation E\n|rated|\n|rule|Species Clause: Limit one of each Pok\u00e9mon\n|rule|Item Clause: Limit one of each item\n|clearpoke\n|poke|p1|Flutter Mane, L50|\n|poke|p1|Tornadus, L50, M|\n|poke|p1|Heatran, L50, M|\n|poke|p1|Rillaboom, L50, M|\n|poke|p1|Arcanine, L50, F|\n|poke|p1|Hydreigon, L50, M|\n|poke|p2|Urshifu-*, L50, F|\n|poke|p2|Dusclops, L50, F|\n|poke|p2|Iron Hands, L50|\n|poke|p2|Ursaluna-Bloodmoon, L50, M|\n|poke|p2|Sinistcha, L50|\n|poke|p2|Flutter Mane, L50|\n|teampreview|4\nAyresbrun has agreed to open team sheets.\n|inactive|Battle timer is ON: inactive players will automatically lose when time's up. (requested by Ayresbrun)\n|inactive|Ayresbrun has 60 seconds left.\n|inactive|alss has 60 seconds left.\n|\n|t:|1699884889\n|start\n|switch|p1a: Flutter Mane|Flutter Mane, L50|100\/100\n|switch|p1b: Rillaboom|Rillaboom, L50, M|100\/100\n|switch|p2a: Dusclops|Dusclops, L50, F|100\/100\n|switch|p2b: Ursaluna|Ursaluna-Bloodmoon, L50, M|100\/100\n|-fieldstart|move: Grassy Terrain|[from] ability: Grassy Surge|[of] p1b: Rillaboom\n|-item|p1a: Flutter Mane|Choice Specs|[from] ability: Frisk|[of] p2a: Dusclops|[identify]\n|-item|p1b: Rillaboom|Assault Vest|[from] ability: Frisk|[of] p2a: Dusclops|[identify]\n|turn|1\n|inactive|alss has 30 seconds left.\n|inactive|alss has 20 seconds left.\n|inactive|alss has 15 seconds left.\n|inactive|alss has 10 seconds left.\n|\n|t:|1699884939\n|-terastallize|p2b: Ursaluna|Normal\n|move|p1b: Rillaboom|Fake Out|p2b: Ursaluna\n|-damage|p2b: Ursaluna|89\/100\n|move|p1a: Flutter Mane|Taunt|p2a: Dusclops\n|-start|p2a: Dusclops|move: Taunt\n|cant|p2b: Ursaluna|flinch\n|cant|p2a: Dusclops|move: Taunt|Trick Room\n|\n|-heal|p2b: Ursaluna|95\/100|[from] Grassy Terrain\n|upkeep\n|turn|2\n|inactive|Ayresbrun has 30 seconds left.\n|inactive|Ayresbrun has 20 seconds left.\n|\n|t:|1699884976\n|-end|p1a: Flutter Mane|Protosynthesis|[silent]\n|switch|p1a: Heatran|Heatran, L50, M|100\/100\n|switch|p2a: Iron Hands|Iron Hands, L50|100\/100\n|move|p1b: Rillaboom|Wood Hammer|p2a: Iron Hands\n|-damage|p2a: Iron Hands|38\/100\n|-damage|p1b: Rillaboom|77\/100|[from] Recoil\n|move|p2b: Ursaluna|Hyper Voice|p1b: Rillaboom|[spread] p1a,p1b\n|-resisted|p1a: Heatran\n|-damage|p1a: Heatran|77\/100\n|-damage|p1b: Rillaboom|34\/100\n|\n|-heal|p1a: Heatran|83\/100|[from] Grassy Terrain\n|-heal|p1b: Rillaboom|40\/100|[from] Grassy Terrain\n|-heal|p2a: Iron Hands|44\/100|[from] Grassy Terrain\n|-heal|p2b: Ursaluna|100\/100|[from] Grassy Terrain\n|upkeep\n|turn|3\n|inactive|Ayresbrun has 30 seconds left.\n|inactive|alss has 30 seconds left.\n|inactive|Ayresbrun has 20 seconds left.\n|inactive|Ayresbrun has 15 seconds left.\n|\n|t:|1699885016\n|switch|p1b: Hydreigon|Hydreigon, L50, M|100\/100\n|move|p1a: Heatran|Protect|p1a: Heatran\n|-singleturn|p1a: Heatran|Protect\n|move|p2a: Iron Hands|Fake Out|p1a: Heatran\n|-activate|p1a: Heatran|move: Protect\n|move|p2b: Ursaluna|Hyper Voice|p1b: Hydreigon|[spread] p1b\n|-activate|p1a: Heatran|move: Protect\n|-damage|p1b: Hydreigon|53\/100\n|\n|-heal|p1b: Hydreigon|59\/100|[from] item: Leftovers\n|-heal|p1a: Heatran|89\/100|[from] Grassy Terrain\n|-heal|p2a: Iron Hands|50\/100|[from] Grassy Terrain\n|upkeep\n|turn|4\n|inactive|Ayresbrun has 30 seconds left.\n|inactive|alss has 30 seconds left.\n|inactive|alss has 20 seconds left.\n|\n|t:|1699885056\n|switch|p1b: Rillaboom|Rillaboom, L50, M|40\/100\n|move|p1a: Heatran|Earth Power|p2a: Iron Hands\n|-supereffective|p2a: Iron Hands\n|-damage|p2a: Iron Hands|8\/100\n|-damage|p1a: Heatran|80\/100|[from] item: Life Orb\n|move|p2a: Iron Hands|Drain Punch|p1b: Rillaboom\n|-damage|p1b: Rillaboom|0 fnt\n|-heal|p2a: Iron Hands|25\/100|[from] drain|[of] p1b: Rillaboom\n|faint|p1b: Rillaboom\n|move|p2b: Ursaluna|Earth Power|p1a: Heatran\n|-supereffective|p1a: Heatran\n|-damage|p1a: Heatran|0 fnt\n|faint|p1a: Heatran\n|\n|-heal|p2a: Iron Hands|31\/100|[from] Grassy Terrain\n|upkeep\n|\n|t:|1699885072\n|switch|p1b: Hydreigon|Hydreigon, L50, M|59\/100\n|switch|p1a: Flutter Mane|Flutter Mane, L50|100\/100\n|turn|5\n|\n|t:|1699885096\n|-terastallize|p1b: Hydreigon|Steel\n|move|p1a: Flutter Mane|Moonblast|p2a: Iron Hands\n|-supereffective|p2a: Iron Hands\n|-damage|p2a: Iron Hands|0 fnt\n|faint|p2a: Iron Hands\n|-end|p2a: Iron Hands|Quark Drive|[silent]\n|move|p1b: Hydreigon|Focus Energy|p1b: Hydreigon\n|-start|p1b: Hydreigon|move: Focus Energy\n|move|p2b: Ursaluna|Blood Moon|p1b: Hydreigon\n|-resisted|p1b: Hydreigon\n|-damage|p1b: Hydreigon|10\/100\n|\n|-heal|p1b: Hydreigon|16\/100|[from] item: Leftovers\n|-fieldend|move: Grassy Terrain\n|upkeep\n|\n|t:|1699885112\n|switch|p2a: Dusclops|Dusclops, L50, F|100\/100\n|-item|p1a: Flutter Mane|Choice Specs|[from] ability: Frisk|[of] p2a: Dusclops|[identify]\n|-item|p1b: Hydreigon|Leftovers|[from] ability: Frisk|[of] p2a: Dusclops|[identify]\n|turn|6\n|\n|t:|1699885124\n|move|p2b: Ursaluna|Protect|p2b: Ursaluna\n|-singleturn|p2b: Ursaluna|Protect\n|move|p1a: Flutter Mane|Moonblast|p2a: Dusclops\n|-damage|p2a: Dusclops|57\/100\n|move|p1b: Hydreigon|Dark Pulse|p2a: Dusclops\n|-supereffective|p2a: Dusclops\n|-crit|p2a: Dusclops\n|-damage|p2a: Dusclops|0 fnt\n|faint|p2a: Dusclops\n|\n|-heal|p1b: Hydreigon|22\/100|[from] item: Leftovers\n|upkeep\n|\n|t:|1699885137\n|switch|p2a: Urshifu|Urshifu-Rapid-Strike, L50, F|100\/100\n|turn|7\n|\n|t:|1699885149\n|move|p2a: Urshifu|Surging Strikes|p1a: Flutter Mane\n|-crit|p1a: Flutter Mane\n|-damage|p1a: Flutter Mane|65\/100\n|-crit|p1a: Flutter Mane\n|-damage|p1a: Flutter Mane|31\/100\n|-crit|p1a: Flutter Mane\n|-damage|p1a: Flutter Mane|0 fnt\n|faint|p1a: Flutter Mane\n|-end|p1a: Flutter Mane|Protosynthesis|[silent]\n|-hitcount|p1: Flutter Mane|3\n|move|p1b: Hydreigon|Draco Meteor|p2b: Ursaluna\n|-crit|p2b: Ursaluna\n|-damage|p2b: Ursaluna|0 fnt\n|-unboost|p1b: Hydreigon|spa|2\n|faint|p2b: Ursaluna\n|\n|-heal|p1b: Hydreigon|28\/100|[from] item: Leftovers\n|upkeep\n|turn|8\n|\n|t:|1699885166\n|move|p2a: Urshifu|Surging Strikes|p1b: Hydreigon\n|-crit|p1b: Hydreigon\n|-damage|p1b: Hydreigon|8\/100\n|-crit|p1b: Hydreigon\n|-damage|p1b: Hydreigon|0 fnt\n|faint|p1b: Hydreigon\n|-hitcount|p1: Hydreigon|2\n|\n|win|alss\n|raw|Ayresbrun's rating: 1320 &rarr; <strong>1296<\/strong><br \/>(-24 for losing)\n|raw|alss's rating: 1241 &rarr; <strong>1272<\/strong><br \/>(+31 for winning)\n","uploadtime":1699885174,"views":29,"p1id":"ayresbrun","p2id":"alss","formatid":"gen9vgc2023regulatione","rating":1272,"private":0,"password":""}