{"id":"gen9vgc2023regulatione-1988478777","p1":"SnowFly96","p2":"wolfenite","format":"[Gen 9] VGC 2023 Regulation E","log":"|j|\u2606SnowFly96\n|j|\u2606wolfenite\n|t:|1699727299\n|gametype|doubles\n|player|p1|SnowFly96|skier|1135\n|player|p2|wolfenite|pokemonranger-gen4|1248\n|teamsize|p1|6\n|teamsize|p2|6\n|gen|9\n|tier|[Gen 9] VGC 2023 Regulation E\n|rated|\n|rule|Species Clause: Limit one of each Pok\u00e9mon\n|rule|Item Clause: Limit one of each item\n|clearpoke\n|poke|p1|Ninetales-Alola, L50, M|\n|poke|p1|Glaceon, L50, M|\n|poke|p1|Frosmoth, L50, M|\n|poke|p1|Salamence, L50, M|\n|poke|p1|Noctowl, L50, M|\n|poke|p1|Ditto, L50|\n|poke|p2|Ogerpon, L50, F|\n|poke|p2|Garchomp, L50, F|\n|poke|p2|Rotom-Wash, L50|\n|poke|p2|Chien-Pao, L50|\n|poke|p2|Orthworm, L50, F|\n|poke|p2|Chandelure, L50, M|\n|teampreview|4\n|inactive|Battle timer is ON: inactive players will automatically lose when time's up. (requested by wolfenite)\n|inactive|SnowFly96 also wants the timer to be on.\n|\n|t:|1699727328\n|start\n|switch|p1a: Maverick|Salamence, L50, M|100\/100\n|switch|p1b: Bath|Noctowl, L50, M|100\/100\n|switch|p2a: Chandelure|Chandelure, L50, M|100\/100\n|switch|p2b: Orthworm|Orthworm, L50, F|100\/100\n|-ability|p1a: Maverick|Intimidate|boost\n|-unboost|p2a: Chandelure|atk|1\n|-unboost|p2b: Orthworm|atk|1\n|turn|1\n|\n|t:|1699727350\n|move|p2a: Chandelure|Shadow Ball|p1a: Maverick\n|-damage|p1a: Maverick|50\/100\n|move|p1a: Maverick|Tailwind|p1a: Maverick\n|-sidestart|p1: SnowFly96|move: Tailwind\n|move|p1b: Bath|Substitute|p1b: Bath\n|-start|p1b: Bath|Substitute\n|-damage|p1b: Bath|75\/100\n|move|p2b: Orthworm|Iron Head|p1b: Bath\n|-activate|p1b: Bath|move: Substitute|[damage]\n|\n|-heal|p1b: Bath|82\/100|[from] item: Leftovers\n|upkeep\n|turn|2\n|\n|t:|1699727363\n|move|p1a: Maverick|Rock Slide|p2a: Chandelure|[spread] p2a,p2b\n|-supereffective|p2a: Chandelure\n|-resisted|p2b: Orthworm\n|-damage|p2a: Chandelure|49\/100\n|-damage|p2b: Orthworm|94\/100\n|cant|p2a: Chandelure|flinch\n|move|p1b: Bath|Calm Mind|p1b: Bath\n|-boost|p1b: Bath|spa|1\n|-boost|p1b: Bath|spd|1\n|cant|p2b: Orthworm|flinch\n|\n|-heal|p1b: Bath|88\/100|[from] item: Leftovers\n|-heal|p2b: Orthworm|100\/100|[from] item: Leftovers\n|upkeep\n|turn|3\n|\n|t:|1699727377\n|move|p1a: Maverick|Rock Slide|p2a: Chandelure|[spread] p2a,p2b\n|-supereffective|p2a: Chandelure\n|-resisted|p2b: Orthworm\n|-damage|p2a: Chandelure|4\/100\n|-damage|p2b: Orthworm|94\/100\n|cant|p2a: Chandelure|flinch\n|move|p1b: Bath|Calm Mind|p1b: Bath\n|-boost|p1b: Bath|spa|1\n|-boost|p1b: Bath|spd|1\n|move|p2b: Orthworm|Iron Head|p1b: Bath\n|-end|p1b: Bath|Substitute\n|\n|-heal|p1b: Bath|94\/100|[from] item: Leftovers\n|-heal|p2b: Orthworm|100\/100|[from] item: Leftovers\n|upkeep\n|turn|4\n|c|\u2606wolfenite|douvle flinch oof\n|\n|t:|1699727402\n|move|p1a: Maverick|Rock Slide|p2a: Chandelure|[spread] p2a,p2b\n|-supereffective|p2a: Chandelure\n|-resisted|p2b: Orthworm\n|-damage|p2a: Chandelure|0 fnt\n|-damage|p2b: Orthworm|94\/100\n|faint|p2a: Chandelure\n|move|p1b: Bath|Substitute|p1b: Bath\n|-start|p1b: Bath|Substitute\n|-damage|p1b: Bath|69\/100\n|move|p2b: Orthworm|Iron Defense|p2b: Orthworm\n|-boost|p2b: Orthworm|def|2\n|\n|-heal|p1b: Bath|75\/100|[from] item: Leftovers\n|-heal|p2b: Orthworm|100\/100|[from] item: Leftovers\n|-sideend|p1: SnowFly96|move: Tailwind\n|upkeep\n|\n|t:|1699727414\n|switch|p2a: Chien-Pao|Chien-Pao, L50|100\/100\n|-ability|p2a: Chien-Pao|Sword of Ruin\n|turn|5\n|\n|t:|1699727423\n|move|p2a: Chien-Pao|Icicle Crash|p1a: Maverick|[miss]\n|-miss|p2a: Chien-Pao|p1a: Maverick\n|move|p1a: Maverick|Tailwind|p1a: Maverick\n|-sidestart|p1: SnowFly96|move: Tailwind\n|move|p1b: Bath|Tera Blast|p2a: Chien-Pao\n|-damage|p2a: Chien-Pao|10\/100\n|move|p2b: Orthworm|Iron Defense|p2b: Orthworm\n|-boost|p2b: Orthworm|def|2\n|\n|-heal|p1b: Bath|82\/100|[from] item: Leftovers\n|upkeep\n|turn|6\n|\n|t:|1699727434\n|move|p1a: Maverick|Rock Slide|p2a: Chien-Pao|[spread] p2a,p2b\n|-supereffective|p2a: Chien-Pao\n|-resisted|p2b: Orthworm\n|-damage|p2a: Chien-Pao|0 fnt\n|-damage|p2b: Orthworm|98\/100\n|faint|p2a: Chien-Pao\n|move|p1b: Bath|Tera Blast|p2b: Orthworm\n|-resisted|p2b: Orthworm\n|-damage|p2b: Orthworm|37\/100\n|cant|p2b: Orthworm|flinch\n|\n|-heal|p1b: Bath|88\/100|[from] item: Leftovers\n|-heal|p2b: Orthworm|43\/100|[from] item: Leftovers\n|upkeep\n|\n|t:|1699727440\n|switch|p2a: Rotom|Rotom-Wash, L50|100\/100\n|turn|7\n|c|\u2606wolfenite|this is the unlickiest match ever\n|\n|t:|1699727457\n|move|p1a: Maverick|Rock Slide|p2b: Orthworm|[spread] p2a,p2b\n|-resisted|p2b: Orthworm\n|-damage|p2a: Rotom|85\/100\n|-damage|p2b: Orthworm|41\/100\n|move|p1b: Bath|Tera Blast|p2b: Orthworm\n|-resisted|p2b: Orthworm\n|-damage|p2b: Orthworm|0 fnt\n|faint|p2b: Orthworm\n|cant|p2a: Rotom|flinch\n|\n|-heal|p1b: Bath|94\/100|[from] item: Leftovers\n|upkeep\n|turn|8\n|\n|t:|1699727470\n|-terastallize|p1b: Bath|Electric\n|move|p1a: Maverick|Iron Head|p2a: Rotom\n|-resisted|p2a: Rotom\n|-damage|p2a: Rotom|79\/100\n|move|p1b: Bath|Tera Blast|p2a: Rotom|[anim] Tera Blast Electric\n|-damage|p2a: Rotom|31\/100\n|-enditem|p2a: Rotom|Sitrus Berry|[eat]\n|-heal|p2a: Rotom|56\/100|[from] item: Sitrus Berry\n|move|p2a: Rotom|Thunderbolt|p1a: Maverick\n|-damage|p1a: Maverick|14\/100\n|\n|-heal|p1b: Bath|100\/100|[from] item: Leftovers\n|-sideend|p1: SnowFly96|move: Tailwind\n|upkeep\n|turn|9\n|\n|t:|1699727482\n|move|p1a: Maverick|Iron Head|p2a: Rotom\n|-resisted|p2a: Rotom\n|-damage|p2a: Rotom|50\/100\n|move|p2a: Rotom|Thunderbolt|p1a: Maverick\n|-damage|p1a: Maverick|0 fnt\n|faint|p1a: Maverick\n|move|p1b: Bath|Tera Blast|p2a: Rotom|[anim] Tera Blast Electric\n|-damage|p2a: Rotom|0 fnt\n|faint|p2a: Rotom\n|\n|win|SnowFly96\n|raw|SnowFly96's rating: 1135 &rarr; <strong>1168<\/strong><br \/>(+33 for winning)\n|raw|wolfenite's rating: 1248 &rarr; <strong>1215<\/strong><br \/>(-33 for losing)\n","uploadtime":1699727486,"views":33,"p1id":"snowfly96","p2id":"wolfenite","formatid":"gen9vgc2023regulatione","rating":1168,"private":0,"password":""}