{"id":"gen9vgc2023regulatione-1996787821","p1":"cloudyvibes","p2":"bigpoppalololol","format":"[Gen 9] VGC 2023 Regulation E","log":"|j|\u2606cloudyvibes\n|j|\u2606bigpoppalololol\n|t:|1700725352\n|gametype|doubles\n|player|p1|cloudyvibes|ninjaboy|1350\n|player|p2|bigpoppalololol|1|1382\n|teamsize|p1|6\n|teamsize|p2|6\n|gen|9\n|tier|[Gen 9] VGC 2023 Regulation E\n|rated|\n|rule|Species Clause: Limit one of each Pok\u00e9mon\n|rule|Item Clause: Limit one of each item\n|clearpoke\n|poke|p1|Ogerpon-Hearthflame, L50, F|\n|poke|p1|Tornadus, L50, M|\n|poke|p1|Flutter Mane, L50|\n|poke|p1|Rillaboom, L50, M|\n|poke|p1|Iron Bundle, L50|\n|poke|p1|Chi-Yu, L50|\n|poke|p2|Tornadus, L50, M|\n|poke|p2|Arcanine-Hisui, L50, M|\n|poke|p2|Amoonguss, L50, M|\n|poke|p2|Urshifu-*, L50, M|\n|poke|p2|Gholdengo, L50|\n|poke|p2|Iron Hands, L50|\n|teampreview|4\n|inactive|Battle timer is ON: inactive players will automatically lose when time's up. (requested by cloudyvibes)\n|inactive|cloudyvibes has 60 seconds left.\n|inactive|bigpoppalololol has 60 seconds left.\n|inactive|bigpoppalololol has 30 seconds left.\n|inactive|bigpoppalololol has 20 seconds left.\n|inactive|bigpoppalololol has 15 seconds left.\n|inactive|bigpoppalololol has 10 seconds left.\n|inactive|bigpoppalololol has 5 seconds left.\n|\n|t:|1700725438\n|start\n|switch|p1a: Tornadus|Tornadus, L50, M|100\/100\n|switch|p1b: Ogerpon|Ogerpon-Hearthflame, L50, F|100\/100\n|switch|p2a: Arcanine|Arcanine-Hisui, L50, M|100\/100\n|switch|p2b: Iron Hands|Iron Hands, L50|100\/100\n|-ability|p1b: Ogerpon|Mold Breaker\n|-ability|p2a: Arcanine|Intimidate|boost\n|-unboost|p1a: Tornadus|atk|1\n|-unboost|p1b: Ogerpon|atk|1\n|turn|1\n|inactive|cloudyvibes has 30 seconds left.\n|inactive|bigpoppalololol has 30 seconds left.\n|\n|t:|1700725470\n|move|p1b: Ogerpon|Spiky Shield|p1b: Ogerpon\n|-singleturn|p1b: Ogerpon|move: Protect\n|move|p2a: Arcanine|Rock Slide|p1b: Ogerpon|[spread] p1a\n|-activate|p1b: Ogerpon|move: Protect\n|-supereffective|p1a: Tornadus\n|-damage|p1a: Tornadus|18\/100\n|cant|p1a: Tornadus|flinch\n|move|p2b: Iron Hands|Wild Charge|p1a: Tornadus\n|-supereffective|p1a: Tornadus\n|-damage|p1a: Tornadus|0 fnt\n|faint|p1a: Tornadus\n|-damage|p2b: Iron Hands|97\/100|[from] Recoil\n|\n|upkeep\n|\n|t:|1700725477\n|switch|p1a: Rillaboom|Rillaboom, L50, M|100\/100\n|-fieldstart|move: Grassy Terrain|[from] ability: Grassy Surge|[of] p1a: Rillaboom\n|turn|2\n|\n|t:|1700725499\n|switch|p2a: Amoonguss|Amoonguss, L50, M|100\/100\n|move|p1a: Rillaboom|Fake Out|p2a: Amoonguss\n|-damage|p2a: Amoonguss|88\/100\n|move|p1b: Ogerpon|Stomping Tantrum|p2a: Amoonguss\n|-damage|p2a: Amoonguss|67\/100\n|move|p2b: Iron Hands|Volt Switch|p1b: Ogerpon\n|-resisted|p1b: Ogerpon\n|-damage|p1b: Ogerpon|94\/100\n|\n|t:|1700725522\n|-end|p2b: Iron Hands|Quark Drive|[silent]\n|switch|p2b: Arcanine|Arcanine-Hisui, L50, M|100\/100|[from] Volt Switch\n|-ability|p2b: Arcanine|Intimidate|boost\n|-unboost|p1a: Rillaboom|atk|1\n|-unboost|p1b: Ogerpon|atk|1\n|\n|-heal|p1b: Ogerpon|99\/100|[from] Grassy Terrain\n|-heal|p2a: Amoonguss|72\/100|[from] Grassy Terrain\n|upkeep\n|turn|3\n|inactive|bigpoppalololol has 30 seconds left.\n|inactive|bigpoppalololol has 20 seconds left.\n|inactive|bigpoppalololol has 15 seconds left.\n|inactive|bigpoppalololol has 10 seconds left.\n|\n|t:|1700725569\n|switch|p1b: Flutter Mane|Flutter Mane, L50|100\/100\n|move|p2b: Arcanine|Head Smash|p1b: Flutter Mane\n|-enditem|p1b: Flutter Mane|Focus Sash\n|-damage|p1b: Flutter Mane|1\/100\n|-damage|p2b: Arcanine|64\/100|[from] Recoil\n|move|p1a: Rillaboom|High Horsepower|p2b: Arcanine\n|-supereffective|p2b: Arcanine\n|-damage|p2b: Arcanine|0 fnt\n|faint|p2b: Arcanine\n|move|p2a: Amoonguss|Pollen Puff|p1a: Rillaboom\n|-supereffective|p1a: Rillaboom\n|-damage|p1a: Rillaboom|72\/100\n|\n|-heal|p1b: Flutter Mane|7\/100|[from] Grassy Terrain\n|-heal|p1a: Rillaboom|77\/100|[from] Grassy Terrain\n|-heal|p2a: Amoonguss|78\/100|[from] Grassy Terrain\n|upkeep\n|inactive|bigpoppalololol has 30 seconds left.\n|\n|t:|1700725594\n|switch|p2b: Iron Hands|Iron Hands, L50|97\/100\n|turn|4\n|\n|t:|1700725617\n|move|p2b: Iron Hands|Fake Out|p1a: Rillaboom\n|-damage|p1a: Rillaboom|64\/100\n|move|p1b: Flutter Mane|Moonblast|p2b: Iron Hands\n|-supereffective|p2b: Iron Hands\n|-damage|p2b: Iron Hands|41\/100\n|cant|p1a: Rillaboom|flinch\n|move|p2a: Amoonguss|Pollen Puff|p1b: Flutter Mane\n|-resisted|p1b: Flutter Mane\n|-damage|p1b: Flutter Mane|3\/100\n|\n|-heal|p1b: Flutter Mane|9\/100|[from] Grassy Terrain\n|-heal|p1a: Rillaboom|70\/100|[from] Grassy Terrain\n|-heal|p2b: Iron Hands|47\/100|[from] Grassy Terrain\n|-heal|p2a: Amoonguss|84\/100|[from] Grassy Terrain\n|upkeep\n|turn|5\n|inactive|bigpoppalololol has 30 seconds left.\n|\n|t:|1700725645\n|switch|p1a: Ogerpon|Ogerpon-Hearthflame, L50, F|99\/100\n|-ability|p1a: Ogerpon|Mold Breaker\n|-end|p2b: Iron Hands|Quark Drive|[silent]\n|switch|p2b: Gholdengo|Gholdengo, L50|100\/100\n|move|p1b: Flutter Mane|Moonblast|p2b: Gholdengo\n|-resisted|p2b: Gholdengo\n|-damage|p2b: Gholdengo|72\/100\n|move|p2a: Amoonguss|Spore|p1b: Flutter Mane\n|-status|p1b: Flutter Mane|slp|[from] move: Spore\n|\n|-heal|p1b: Flutter Mane|15\/100 slp|[from] Grassy Terrain\n|-heal|p1a: Ogerpon|100\/100|[from] Grassy Terrain\n|-heal|p2b: Gholdengo|78\/100|[from] Grassy Terrain\n|-heal|p2b: Gholdengo|84\/100|[from] item: Leftovers\n|-heal|p2a: Amoonguss|90\/100|[from] Grassy Terrain\n|upkeep\n|turn|6\n|\n|t:|1700725663\n|-end|p1b: Flutter Mane|Protosynthesis|[silent]\n|switch|p1b: Rillaboom|Rillaboom, L50, M|70\/100\n|-terastallize|p2b: Gholdengo|Dragon\n|move|p1a: Ogerpon|Ivy Cudgel|p2b: Gholdengo|[anim] Ivy Cudgel Fire\n|-resisted|p2b: Gholdengo\n|-damage|p2b: Gholdengo|56\/100\n|move|p2b: Gholdengo|Nasty Plot|p2b: Gholdengo\n|-boost|p2b: Gholdengo|spa|2\n|move|p2a: Amoonguss|Pollen Puff|p2b: Gholdengo\n|-heal|p2b: Gholdengo|100\/100\n|\n|-heal|p1b: Rillaboom|75\/100|[from] Grassy Terrain\n|-heal|p2a: Amoonguss|96\/100|[from] Grassy Terrain\n|-fieldend|move: Grassy Terrain\n|upkeep\n|turn|7\n|inactive|bigpoppalololol has 30 seconds left.\n|inactive|bigpoppalololol has 20 seconds left.\n|inactive|bigpoppalololol has 15 seconds left.\n|\n|t:|1700725706\n|switch|p1a: Flutter Mane|Flutter Mane, L50|15\/100 slp\n|move|p2a: Amoonguss|Protect|p2a: Amoonguss\n|-singleturn|p2a: Amoonguss|Protect\n|move|p1b: Rillaboom|Fake Out|p2b: Gholdengo\n|-damage|p2b: Gholdengo|86\/100\n|cant|p2b: Gholdengo|flinch\n|\n|-heal|p2b: Gholdengo|92\/100|[from] item: Leftovers\n|upkeep\n|turn|8\n|inactive|cloudyvibes has 30 seconds left.\n|\n|t:|1700725733\n|switch|p1b: Ogerpon|Ogerpon-Hearthflame, L50, F|100\/100\n|-ability|p1b: Ogerpon|Mold Breaker\n|cant|p1a: Flutter Mane|slp\n|move|p2b: Gholdengo|Shadow Ball|p1b: Ogerpon\n|-damage|p1b: Ogerpon|9\/100\n|move|p2a: Amoonguss|Pollen Puff|p2b: Gholdengo\n|-heal|p2b: Gholdengo|100\/100\n|\n|upkeep\n|turn|9\n|\n|t:|1700725750\n|move|p1b: Ogerpon|Spiky Shield|p1b: Ogerpon\n|-singleturn|p1b: Ogerpon|move: Protect\n|move|p2a: Amoonguss|Rage Powder|p2a: Amoonguss\n|-singleturn|p2a: Amoonguss|move: Rage Powder\n|cant|p1a: Flutter Mane|slp\n|move|p2b: Gholdengo|Make It Rain|p1a: Flutter Mane|[spread] p1a\n|-activate|p1b: Ogerpon|move: Protect\n|-supereffective|p1a: Flutter Mane\n|-damage|p1a: Flutter Mane|0 fnt\n|-unboost|p2b: Gholdengo|spa|1\n|faint|p1a: Flutter Mane\n|-end|p1a: Flutter Mane|Protosynthesis|[silent]\n|\n|upkeep\n|inactive|cloudyvibes has 30 seconds left.\n|l|\u2606cloudyvibes\n|inactive|cloudyvibes disconnected and has a minute to reconnect!\n|player|p1|\n|inactive|cloudyvibes has 20 seconds left.\n|inactive|cloudyvibes has 15 seconds left.\n|inactive|cloudyvibes has 10 seconds left.\n|inactive|cloudyvibes has 5 seconds left.\n|-message|cloudyvibes lost due to inactivity.\n|\n|win|bigpoppalololol\n|raw|cloudyvibes's rating: 1350 &rarr; <strong>1332<\/strong><br \/>(-18 for losing)\n|raw|bigpoppalololol's rating: 1382 &rarr; <strong>1400<\/strong><br \/>(+18 for winning)\n","uploadtime":1700725851,"views":1,"p1id":"cloudyvibes","p2id":"bigpoppalololol","formatid":"gen9vgc2023regulatione","rating":1332,"private":0,"password":""}