{"id":"gen9vgc2023regulatione-1996565311","p1":"horyzon434","p2":"cleardaydreaming","format":"[Gen 9] VGC 2023 Regulation E","log":"|j|\u2606horyzon434\n|j|\u2606cleardaydreaming\n|t:|1700694936\n|gametype|doubles\n|player|p1|horyzon434|101|1359\n|player|p2|cleardaydreaming|winona|1285\n|teamsize|p1|6\n|teamsize|p2|6\n|gen|9\n|tier|[Gen 9] VGC 2023 Regulation E\n|rated|\n|rule|Species Clause: Limit one of each Pok\u00e9mon\n|rule|Item Clause: Limit one of each item\n|clearpoke\n|poke|p1|Ogerpon-Hearthflame, L50, F|\n|poke|p1|Tornadus, L50, M|\n|poke|p1|Kingambit, L50, M|\n|poke|p1|Flutter Mane, L50|\n|poke|p1|Landorus-Therian, L50, M|\n|poke|p1|Urshifu-*, L50, F|\n|poke|p2|Grimmsnarl, L50, M|\n|poke|p2|Sinistcha, L50|\n|poke|p2|Arcanine-Hisui, L50, F|\n|poke|p2|Iron Hands, L50|\n|poke|p2|Ogerpon-Wellspring, L50, F|\n|poke|p2|Moltres-Galar, L50|\n|teampreview|4\n|\n|t:|1700694954\n|start\n|switch|p1a: Tornadus|Tornadus, L50, M|100\/100\n|switch|p1b: Kingambit|Kingambit, L50, M|100\/100\n|switch|p2a: Grimmsnarl|Grimmsnarl, L50, M|100\/100\n|switch|p2b: Moltres|Moltres-Galar, L50, shiny|100\/100\n|turn|1\n|inactive|Battle timer is ON: inactive players will automatically lose when time's up. (requested by cleardaydreaming)\n|\n|t:|1700694975\n|-terastallize|p1b: Kingambit|Dark\n|move|p1a: Tornadus|Tailwind|p1a: Tornadus\n|-sidestart|p1: horyzon434|move: Tailwind\n|move|p1b: Kingambit|Swords Dance|p1b: Kingambit\n|-boost|p1b: Kingambit|atk|2\n|move|p2b: Moltres|Nasty Plot|p2b: Moltres\n|-boost|p2b: Moltres|spa|2\n|move|p2a: Grimmsnarl|Brick Break|p1b: Kingambit\n|-supereffective|p1b: Kingambit\n|-damage|p1b: Kingambit|69\/100\n|\n|upkeep\n|turn|2\n|inactive|horyzon434 has 30 seconds left.\n|inactive|cleardaydreaming has 30 seconds left.\n|\n|t:|1700695003\n|move|p1a: Tornadus|Rain Dance|p1a: Tornadus\n|-weather|RainDance\n|move|p2a: Grimmsnarl|Reflect|p2a: Grimmsnarl\n|-sidestart|p2: cleardaydreaming|Reflect\n|move|p1b: Kingambit|Kowtow Cleave|p2b: Moltres\n|-resisted|p2b: Moltres\n|-damage|p2b: Moltres|54\/100\n|move|p2b: Moltres|Air Slash|p1b: Kingambit\n|-damage|p1b: Kingambit|6\/100\n|\n|-weather|RainDance|[upkeep]\n|upkeep\n|turn|3\n|\n|t:|1700695023\n|move|p2b: Moltres|Protect|p2b: Moltres\n|-singleturn|p2b: Moltres|Protect\n|move|p1a: Tornadus|Bleakwind Storm|p2b: Moltres|[spread] p2a\n|-activate|p2b: Moltres|move: Protect\n|-damage|p2a: Grimmsnarl|74\/100\n|move|p1b: Kingambit|Kowtow Cleave|p2b: Moltres\n|-activate|p2b: Moltres|move: Protect\n|move|p2a: Grimmsnarl|Brick Break|p1b: Kingambit\n|-supereffective|p1b: Kingambit\n|-damage|p1b: Kingambit|0 fnt\n|faint|p1b: Kingambit\n|\n|-weather|RainDance|[upkeep]\n|upkeep\n|\n|t:|1700695038\n|switch|p1b: Landorus|Landorus-Therian, L50, M|100\/100\n|-ability|p1b: Landorus|Intimidate|boost\n|-unboost|p2a: Grimmsnarl|atk|1\n|-unboost|p2b: Moltres|atk|1\n|turn|4\n|\n|t:|1700695055\n|move|p2a: Grimmsnarl|Light Screen|p2a: Grimmsnarl\n|-sidestart|p2: cleardaydreaming|move: Light Screen\n|move|p1b: Landorus|Rock Slide|p2a: Grimmsnarl|[spread] p2a,p2b\n|-supereffective|p2b: Moltres\n|-damage|p2a: Grimmsnarl|59\/100\n|-damage|p2b: Moltres|29\/100\n|-ability|p2b: Moltres|Berserk|boost\n|-boost|p2b: Moltres|spa|1\n|-enditem|p2b: Moltres|Sitrus Berry|[eat]\n|-heal|p2b: Moltres|54\/100|[from] item: Sitrus Berry\n|move|p1a: Tornadus|Bleakwind Storm|p2b: Moltres|[spread] p2a,p2b\n|-crit|p2b: Moltres\n|-damage|p2a: Grimmsnarl|41\/100\n|-damage|p2b: Moltres|20\/100\n|-ability|p2b: Moltres|Berserk|boost\n|-boost|p2b: Moltres|spa|1\n|move|p2b: Moltres|Fiery Wrath|p1b: Landorus|[spread] p1a,p1b\n|-damage|p1a: Tornadus|6\/100\n|-damage|p1b: Landorus|3\/100\n|-enditem|p1a: Tornadus|Sitrus Berry|[eat]\n|-heal|p1a: Tornadus|31\/100|[from] item: Sitrus Berry\n|\n|-weather|RainDance|[upkeep]\n|-sideend|p1: horyzon434|move: Tailwind\n|upkeep\n|turn|5\n|inactive|cleardaydreaming has 30 seconds left.\n|\n|t:|1700695084\n|-terastallize|p2b: Moltres|Poison\n|move|p1a: Tornadus|Tailwind|p1a: Tornadus\n|-sidestart|p1: horyzon434|move: Tailwind\n|move|p2a: Grimmsnarl|Parting Shot|p1b: Landorus\n|-unboost|p1b: Landorus|atk|1\n|-unboost|p1b: Landorus|spa|1\n|\n|t:|1700695089\n|switch|p2a: Arcanine|Arcanine-Hisui, L50, F|100\/100|[from] Parting Shot\n|-ability|p2a: Arcanine|Intimidate|boost\n|-unboost|p1a: Tornadus|atk|1\n|-unboost|p1b: Landorus|atk|1\n|move|p1b: Landorus|Rock Slide|p2b: Moltres|[spread] p2a,p2b\n|-supereffective|p2a: Arcanine\n|-damage|p2a: Arcanine|87\/100\n|-damage|p2b: Moltres|13\/100\n|move|p2b: Moltres|Fiery Wrath|p1b: Landorus|[spread] p1a,p1b\n|-damage|p1a: Tornadus|0 fnt\n|-damage|p1b: Landorus|0 fnt\n|faint|p1a: Tornadus\n|faint|p1b: Landorus\n|\n|-weather|RainDance|[upkeep]\n|upkeep\n|inactive|horyzon434 has 30 seconds left.\n|\n|t:|1700695118\n|switch|p1a: Urshifu|Urshifu-Rapid-Strike, L50, F|100\/100\n|turn|6\n|inactive|cleardaydreaming has 30 seconds left.\n|\n|t:|1700695145\n|move|p2a: Arcanine|Extreme Speed|p1a: Urshifu\n|-damage|p1a: Urshifu|64\/100\n|move|p1a: Urshifu|Aqua Jet|p2b: Moltres\n|-damage|p2b: Moltres|0 fnt\n|faint|p2b: Moltres\n|\n|-weather|none\n|upkeep\n|\n|t:|1700695151\n|switch|p2b: Ogerpon|Ogerpon-Wellspring, L50, F|100\/100\n|turn|7\n|\n|t:|1700695157\n|move|p2b: Ogerpon|Follow Me|p2b: Ogerpon\n|-singleturn|p2b: Ogerpon|move: Follow Me\n|move|p2a: Arcanine|Extreme Speed|p1a: Urshifu\n|-damage|p1a: Urshifu|28\/100\n|move|p1a: Urshifu|Surging Strikes|p2b: Ogerpon\n|-immune|p2b: Ogerpon|[from] ability: Water Absorb\n|\n|upkeep\n|turn|8\n|c|\u2606horyzon434|gg\n|-message|horyzon434 forfeited.\n|\n|win|cleardaydreaming\n|raw|horyzon434's rating: 1359 &rarr; <strong>1335<\/strong><br \/>(-24 for losing)\n|raw|cleardaydreaming's rating: 1285 &rarr; <strong>1315<\/strong><br \/>(+30 for winning)\n|l|\u2606horyzon434\n","uploadtime":1700695180,"views":9,"p1id":"horyzon434","p2id":"cleardaydreaming","formatid":"gen9vgc2023regulatione","rating":1315,"private":0,"password":""}