{"id":"gen9vgc2023regulatione-1999783717","p1":"Juliancasablancass","p2":"QTwo","format":"[Gen 9] VGC 2023 Regulation E","log":"|j|\u2606Juliancasablancass\n|j|\u2606QTwo\n|t:|1701116339\n|gametype|doubles\n|player|p1|Juliancasablancass|galacticgruntf|1551\n|player|p2|QTwo|red|1556\n|teamsize|p1|6\n|teamsize|p2|6\n|gen|9\n|tier|[Gen 9] VGC 2023 Regulation E\n|rated|\n|rule|Species Clause: Limit one of each Pok\u00e9mon\n|rule|Item Clause: Limit one of each item\n|clearpoke\n|poke|p1|Tornadus, L50, M|\n|poke|p1|Arcanine-Hisui, L50, F|\n|poke|p1|Iron Hands, L50|\n|poke|p1|Gholdengo, L50|\n|poke|p1|Urshifu-*, L50, M|\n|poke|p1|Sinistcha-Masterpiece, L50|\n|poke|p2|Chi-Yu, L50|\n|poke|p2|Iron Hands, L50|\n|poke|p2|Iron Bundle, L50|\n|poke|p2|Rillaboom, L50, F|\n|poke|p2|Urshifu-*, L50, M|\n|poke|p2|Weezing, L50, M|\n|teampreview|4\n|inactive|Battle timer is ON: inactive players will automatically lose when time's up. (requested by QTwo)\n|inactive|Juliancasablancass has 60 seconds left.\n|inactive|QTwo has 60 seconds left.\n|j| Asacado\n|\n|t:|1701116372\n|start\n|switch|p1a: Tornadus|Tornadus, L50, M|100\/100\n|switch|p1b: Arcanine|Arcanine-Hisui, L50, F|100\/100\n|switch|p2a: Iron Hands|Iron Hands, L50|100\/100\n|switch|p2b: Weezing|Weezing, L50, M|100\/100\n|-ability|p2b: Weezing|Neutralizing Gas\n|turn|1\n|\n|t:|1701116395\n|-terastallize|p1b: Arcanine|Fairy\n|move|p1a: Tornadus|Taunt|p2b: Weezing\n|-start|p2b: Weezing|move: Taunt\n|move|p1b: Arcanine|Tera Blast|p2a: Iron Hands|[anim] Tera Blast Fairy\n|-supereffective|p2a: Iron Hands\n|-damage|p2a: Iron Hands|15\/100\n|cant|p2b: Weezing|move: Taunt|Taunt\n|move|p2a: Iron Hands|Drain Punch|p1b: Arcanine\n|-resisted|p1b: Arcanine\n|-damage|p1b: Arcanine|75\/100\n|-heal|p2a: Iron Hands|25\/100|[from] drain|[of] p1b: Arcanine\n|\n|upkeep\n|turn|2\n|\n|t:|1701116417\n|switch|p1b: Iron Hands|Iron Hands, L50|100\/100\n|-end|p2a: Iron Hands|Quark Drive|[silent]\n|switch|p2a: Chi-Yu|Chi-Yu, L50|100\/100\n|move|p1a: Tornadus|Bleakwind Storm|p2a: Chi-Yu|[spread] p2a,p2b\n|-damage|p2a: Chi-Yu|61\/100\n|-damage|p2b: Weezing|56\/100\n|move|p2b: Weezing|Sludge Bomb|p1b: Iron Hands\n|-damage|p1b: Iron Hands|86\/100\n|\n|upkeep\n|turn|3\n|\n|t:|1701116434\n|switch|p2a: Iron Hands|Iron Hands, L50|25\/100\n|move|p1a: Tornadus|Rain Dance|p1a: Tornadus\n|-weather|RainDance\n|move|p2b: Weezing|Sludge Bomb|p1a: Tornadus\n|-damage|p1a: Tornadus|71\/100\n|move|p1b: Iron Hands|Wild Charge|p2b: Weezing\n|-damage|p2b: Weezing|18\/100\n|-enditem|p2b: Weezing|Sitrus Berry|[eat]\n|-heal|p2b: Weezing|43\/100|[from] item: Sitrus Berry\n|-damage|p1b: Iron Hands|79\/100|[from] Recoil\n|\n|-weather|RainDance|[upkeep]\n|-end|p2b: Weezing|move: Taunt\n|upkeep\n|turn|4\n|\n|t:|1701116461\n|move|p2a: Iron Hands|Fake Out|p1a: Tornadus\n|-damage|p1a: Tornadus|53\/100\n|move|p1a: Tornadus|Taunt|p2b: Weezing\n|-start|p2b: Weezing|move: Taunt\n|cant|p2b: Weezing|move: Taunt|Will-O-Wisp\n|move|p1b: Iron Hands|Drain Punch|p2a: Iron Hands\n|-damage|p2a: Iron Hands|0 fnt\n|-heal|p1b: Iron Hands|91\/100|[from] drain|[of] p2a: Iron Hands\n|faint|p2a: Iron Hands\n|-end|p2a: Iron Hands|Quark Drive|[silent]\n|\n|-weather|RainDance|[upkeep]\n|upkeep\n|\n|t:|1701116470\n|switch|p2a: Iron Bundle|Iron Bundle, L50|100\/100\n|-enditem|p2a: Iron Bundle|Booster Energy\n|-activate|p2a: Iron Bundle|ability: Quark Drive|[fromitem]\n|-start|p2a: Iron Bundle|quarkdrivespe\n|turn|5\n|\n|t:|1701116482\n|move|p2a: Iron Bundle|Protect|p2a: Iron Bundle\n|-singleturn|p2a: Iron Bundle|Protect\n|move|p1a: Tornadus|Tailwind|p1a: Tornadus\n|-sidestart|p1: Juliancasablancass|move: Tailwind\n|move|p1b: Iron Hands|Drain Punch|p2a: Iron Bundle\n|-activate|p2a: Iron Bundle|move: Protect\n|move|p2b: Weezing|Sludge Bomb|p1b: Iron Hands\n|-damage|p1b: Iron Hands|76\/100\n|-status|p1b: Iron Hands|psn\n|\n|-weather|RainDance|[upkeep]\n|-damage|p1b: Iron Hands|64\/100 psn|[from] psn\n|upkeep\n|turn|6\n|\n|t:|1701116493\n|move|p2a: Iron Bundle|Hydro Pump|p1b: Iron Hands\n|-damage|p1b: Iron Hands|22\/100 psn\n|move|p1a: Tornadus|Bleakwind Storm|p2b: Weezing|[spread] p2a,p2b\n|-crit|p2b: Weezing\n|-damage|p2a: Iron Bundle|34\/100\n|-damage|p2b: Weezing|0 fnt\n|faint|p2b: Weezing\n|-end|p2b: Weezing|ability: Neutralizing Gas\n|move|p1b: Iron Hands|Wild Charge|p2a: Iron Bundle\n|-supereffective|p2a: Iron Bundle\n|-damage|p2a: Iron Bundle|0 fnt\n|faint|p2a: Iron Bundle\n|-end|p2a: Iron Bundle|Quark Drive|[silent]\n|-damage|p1b: Iron Hands|18\/100 psn|[from] Recoil\n|\n|-weather|RainDance|[upkeep]\n|-damage|p1b: Iron Hands|5\/100 psn|[from] psn\n|upkeep\n|\n|t:|1701116499\n|switch|p2b: Chi-Yu|Chi-Yu, L50|61\/100\n|-ability|p2b: Chi-Yu|Beads of Ruin\n|turn|7\n|\n|t:|1701116509\n|-end|p1b: Iron Hands|Quark Drive|[silent]\n|switch|p1b: Arcanine|Arcanine-Hisui, L50, F, tera:Fairy|75\/100\n|-ability|p1b: Arcanine|Intimidate|boost\n|-unboost|p2b: Chi-Yu|atk|1\n|-terastallize|p2b: Chi-Yu|Ghost\n|move|p1a: Tornadus|Bleakwind Storm|p2b: Chi-Yu\n|-damage|p2b: Chi-Yu|10\/100\n|-unboost|p2b: Chi-Yu|spe|1\n|move|p2b: Chi-Yu|Heat Wave|p1a: Tornadus|[spread] p1a,p1b\n|-damage|p1a: Tornadus|13\/100\n|-damage|p1b: Arcanine|31\/100\n|\n|-weather|none\n|upkeep\n|turn|8\n|\n|t:|1701116522\n|move|p1a: Tornadus|Bleakwind Storm|p2b: Chi-Yu\n|-damage|p2b: Chi-Yu|0 fnt\n|faint|p2b: Chi-Yu\n|\n|win|Juliancasablancass\n|raw|Juliancasablancass's rating: 1551 &rarr; <strong>1571<\/strong><br \/>(+20 for winning)\n|raw|QTwo's rating: 1556 &rarr; <strong>1536<\/strong><br \/>(-20 for losing)\n|l|\u2606QTwo\n|l|\u2606Juliancasablancass\n","uploadtime":1701116609,"views":2,"p1id":"juliancasablancass","p2id":"qtwo","formatid":"gen9vgc2023regulatione","rating":1536,"private":0,"password":""}