{"id":"gen9vgc2023regulatione-1990490734","p1":"edomila99","p2":"SpeedyLinguine","format":"[Gen 9] VGC 2023 Regulation E","log":"|j|\u2606edomila99\n|j|\u2606SpeedyLinguine\n|t:|1699975721\n|gametype|doubles\n|player|p1|edomila99|265|1325\n|player|p2|SpeedyLinguine|169|1227\n|teamsize|p1|6\n|teamsize|p2|6\n|gen|9\n|tier|[Gen 9] VGC 2023 Regulation E\n|rated|\n|rule|Species Clause: Limit one of each Pok\u00e9mon\n|rule|Item Clause: Limit one of each item\n|clearpoke\n|poke|p1|Sneasler, L50, F|\n|poke|p1|Indeedee-F, L50, F|\n|poke|p1|Armarouge, L50, M|\n|poke|p1|Urshifu-*, L50, F|\n|poke|p1|Chien-Pao, L50|\n|poke|p1|Tornadus, L50, M|\n|poke|p2|Pelipper, L50, F|\n|poke|p2|Amoonguss, L50, M|\n|poke|p2|Chi-Yu, L50|\n|poke|p2|Gholdengo, L50|\n|poke|p2|Urshifu-*, L50, M|\n|poke|p2|Landorus-Therian, L50, M|\n|teampreview|4\n|\n|t:|1699975764\n|start\n|switch|p1a: Urshifu|Urshifu-Rapid-Strike, L50, F|100\/100\n|switch|p1b: Tornadus|Tornadus, L50, M|100\/100\n|switch|p2a: Pelipper|Pelipper, L50, F|100\/100\n|switch|p2b: Urshifu|Urshifu-Rapid-Strike, L50, M|100\/100\n|-weather|RainDance|[from] ability: Drizzle|[of] p2a: Pelipper\n|turn|1\n|\n|t:|1699975788\n|-terastallize|p1b: Tornadus|Water\n|move|p1a: Urshifu|Surging Strikes|p2a: Pelipper\n|-resisted|p2a: Pelipper\n|-crit|p2a: Pelipper\n|-damage|p2a: Pelipper|88\/100\n|-resisted|p2a: Pelipper\n|-crit|p2a: Pelipper\n|-damage|p2a: Pelipper|74\/100\n|-resisted|p2a: Pelipper\n|-crit|p2a: Pelipper\n|-damage|p2a: Pelipper|60\/100\n|-hitcount|p2a: Pelipper|3\n|move|p1b: Tornadus|Bleakwind Storm|p2b: Urshifu|[spread] p2a,p2b\n|-supereffective|p2b: Urshifu\n|-damage|p2a: Pelipper|0 fnt\n|-damage|p2b: Urshifu|0 fnt\n|faint|p2a: Pelipper\n|faint|p2b: Urshifu\n|\n|-weather|RainDance|[upkeep]\n|upkeep\n|\n|t:|1699975800\n|switch|p2b: Gholdengo|Gholdengo, L50|100\/100\n|switch|p2a: Amoonguss|Amoonguss, L50, M|100\/100\n|turn|2\n|\n|t:|1699975811\n|-terastallize|p2a: Amoonguss|Dark\n|move|p2b: Gholdengo|Thunder|p1a: Urshifu\n|-supereffective|p1a: Urshifu\n|-damage|p1a: Urshifu|0 fnt\n|faint|p1a: Urshifu\n|move|p1b: Tornadus|Bleakwind Storm|p2a: Amoonguss|[spread] p2a,p2b\n|-resisted|p2b: Gholdengo\n|-damage|p2a: Amoonguss|69\/100\n|-damage|p2b: Gholdengo|74\/100\n|-unboost|p2a: Amoonguss|spe|1\n|move|p2a: Amoonguss|Spore|p1b: Tornadus\n|-status|p1b: Tornadus|slp|[from] move: Spore\n|\n|-weather|RainDance|[upkeep]\n|upkeep\n|inactive|Battle timer is ON: inactive players will automatically lose when time's up. (requested by SpeedyLinguine)\n|\n|t:|1699975833\n|switch|p1a: Indeedee|Indeedee-F, L50, F|100\/100\n|-fieldstart|move: Psychic Terrain|[from] ability: Psychic Surge|[of] p1a: Indeedee\n|turn|3\n|\n|t:|1699975856\n|move|p1a: Indeedee|Follow Me|p1a: Indeedee\n|-singleturn|p1a: Indeedee|move: Follow Me\n|move|p2b: Gholdengo|Thunder|p1a: Indeedee\n|-damage|p1a: Indeedee|64\/100\n|cant|p1b: Tornadus|slp\n|move|p2a: Amoonguss|Spore|p1a: Indeedee\n|-status|p1a: Indeedee|slp|[from] move: Spore\n|\n|-weather|RainDance|[upkeep]\n|upkeep\n|turn|4\n|\n|t:|1699975866\n|cant|p1a: Indeedee|slp\n|move|p2b: Gholdengo|Thunder|p1b: Tornadus\n|-supereffective|p1b: Tornadus\n|-damage|p1b: Tornadus|1\/100 slp\n|cant|p1b: Tornadus|slp\n|move|p2a: Amoonguss|Pollen Puff|p1a: Indeedee\n|-supereffective|p1a: Indeedee\n|-damage|p1a: Indeedee|27\/100 slp\n|\n|-weather|RainDance|[upkeep]\n|upkeep\n|turn|5\n|\n|t:|1699975880\n|cant|p1a: Indeedee|slp\n|cant|p1b: Tornadus|slp\n|move|p2b: Gholdengo|Thunder|p1b: Tornadus\n|-supereffective|p1b: Tornadus\n|-damage|p1b: Tornadus|0 fnt\n|faint|p1b: Tornadus\n|move|p2a: Amoonguss|Pollen Puff|p1a: Indeedee\n|-supereffective|p1a: Indeedee\n|-damage|p1a: Indeedee|0 fnt\n|faint|p1a: Indeedee\n|\n|-weather|RainDance|[upkeep]\n|upkeep\n|\n|t:|1699975885\n|switch|p1b: Armarouge|Armarouge, L50, M|100\/100\n|turn|6\n|\n|t:|1699975895\n|move|p2b: Gholdengo|Thunder|p1b: Armarouge\n|-damage|p1b: Armarouge|60\/100\n|move|p1b: Armarouge|Armor Cannon|p2b: Gholdengo\n|-supereffective|p2b: Gholdengo\n|-damage|p2b: Gholdengo|0 fnt\n|-unboost|p1b: Armarouge|def|1\n|-unboost|p1b: Armarouge|spd|1\n|faint|p2b: Gholdengo\n|move|p2a: Amoonguss|Spore|p1b: Armarouge\n|-status|p1b: Armarouge|slp|[from] move: Spore\n|\n|-weather|RainDance|[upkeep]\n|upkeep\n|turn|7\n|\n|t:|1699975905\n|cant|p1b: Armarouge|slp\n|move|p2a: Amoonguss|Pollen Puff|p1b: Armarouge\n|-damage|p1b: Armarouge|28\/100 slp\n|\n|-weather|RainDance|[upkeep]\n|-fieldend|move: Psychic Terrain\n|upkeep\n|turn|8\n|\n|t:|1699975912\n|-curestatus|p1b: Armarouge|slp|[msg]\n|move|p1b: Armarouge|Armor Cannon|p2a: Amoonguss\n|-damage|p2a: Amoonguss|44\/100\n|-unboost|p1b: Armarouge|def|1\n|-unboost|p1b: Armarouge|spd|1\n|-enditem|p2a: Amoonguss|Sitrus Berry|[eat]\n|-heal|p2a: Amoonguss|69\/100|[from] item: Sitrus Berry\n|move|p2a: Amoonguss|Pollen Puff|p1b: Armarouge\n|-damage|p1b: Armarouge|0 fnt\n|faint|p1b: Armarouge\n|\n|win|SpeedyLinguine\n|raw|edomila99's rating: 1325 &rarr; <strong>1300<\/strong><br \/>(-25 for losing)\n|raw|SpeedyLinguine's rating: 1227 &rarr; <strong>1259<\/strong><br \/>(+32 for winning)\n|l|\u2606edomila99\n","uploadtime":1699975921,"views":13,"p1id":"edomila99","p2id":"speedylinguine","formatid":"gen9vgc2023regulatione","rating":1259,"private":0,"password":""}