{"id":"gen9vgc2023regulatione-1999027754","p1":"humanbacon","p2":"RegidracoMalfoy","format":"[Gen 9] VGC 2023 Regulation E","log":"|j|\u2606humanbacon\n|j|\u2606RegidracoMalfoy\n|t:|1701025418\n|gametype|doubles\n|player|p1|humanbacon|benga|1383\n|player|p2|RegidracoMalfoy|266|1294\n|teamsize|p1|6\n|teamsize|p2|6\n|gen|9\n|tier|[Gen 9] VGC 2023 Regulation E\n|rated|\n|rule|Species Clause: Limit one of each Pok\u00e9mon\n|rule|Item Clause: Limit one of each item\n|clearpoke\n|poke|p1|Clodsire, L50, M|\n|poke|p1|Flutter Mane, L50|\n|poke|p1|Chien-Pao, L50|\n|poke|p1|Arcanine, L50, M|\n|poke|p1|Crawdaunt, L50, M|\n|poke|p1|Sinistcha, L50|\n|poke|p2|Wyrdeer, L50, F|\n|poke|p2|Ampharos, L50, M|\n|poke|p2|Sinistcha, L50|\n|poke|p2|Iron Hands, L50|\n|poke|p2|Urshifu-*, L50, F|\n|poke|p2|Kingambit, L50, F|\n|teampreview|4\n|inactive|Battle timer is ON: inactive players will automatically lose when time's up. (requested by RegidracoMalfoy)\nRegidracoMalfoy has agreed to open team sheets.\nhumanbacon has agreed to open team sheets.\n|inactive|RegidracoMalfoy has 30 seconds left.\n|\n|t:|1701025469\n|start\n|switch|p1a: Flutter Mane|Flutter Mane, L50|100\/100\n|switch|p1b: Chien-Pao|Chien-Pao, L50|100\/100\n|switch|p2a: Wyrdeer|Wyrdeer, L50, F|100\/100\n|switch|p2b: Iron Hands|Iron Hands, L50|100\/100\n|-ability|p1b: Chien-Pao|Sword of Ruin\n|-ability|p2a: Wyrdeer|Intimidate|boost\n|-unboost|p1a: Flutter Mane|atk|1\n|-unboost|p1b: Chien-Pao|atk|1\n|-enditem|p1a: Flutter Mane|Booster Energy\n|-activate|p1a: Flutter Mane|ability: Protosynthesis|[fromitem]\n|-start|p1a: Flutter Mane|protosynthesisspe\n|turn|1\n|inactive|humanbacon has 30 seconds left.\n|inactive|RegidracoMalfoy has 30 seconds left.\n|\n|t:|1701025503\n|-end|p1a: Flutter Mane|Protosynthesis|[silent]\n|switch|p1a: Clodsire|Clodsire, L50, M|100\/100\n|move|p1b: Chien-Pao|Throat Chop|p2a: Wyrdeer\n|-supereffective|p2a: Wyrdeer\n|-damage|p2a: Wyrdeer|20\/100\n|-start|p2a: Wyrdeer|Throat Chop|[silent]\n|-enditem|p2a: Wyrdeer|Sitrus Berry|[eat]\n|-heal|p2a: Wyrdeer|45\/100|[from] item: Sitrus Berry\n|move|p2b: Iron Hands|Heavy Slam|p1a: Clodsire\n|-damage|p1a: Clodsire|83\/100\n|move|p2a: Wyrdeer|Trick Room|p2a: Wyrdeer\n|-fieldstart|move: Trick Room|[of] p2a: Wyrdeer\n|\n|-heal|p1a: Clodsire|89\/100|[from] item: Leftovers\n|upkeep\n|turn|2\n|inactive|RegidracoMalfoy has 30 seconds left.\n|\n|t:|1701025533\n|move|p1b: Chien-Pao|Sucker Punch|p2a: Wyrdeer\n|-supereffective|p2a: Wyrdeer\n|-damage|p2a: Wyrdeer|0 fnt\n|faint|p2a: Wyrdeer\n|move|p1a: Clodsire|Curse|p1a: Clodsire\n|-unboost|p1a: Clodsire|spe|1\n|-boost|p1a: Clodsire|atk|1\n|-boost|p1a: Clodsire|def|1\n|move|p2b: Iron Hands|Drain Punch|p1b: Chien-Pao\n|-supereffective|p1b: Chien-Pao\n|-enditem|p1b: Chien-Pao|Focus Sash\n|-damage|p1b: Chien-Pao|1\/100\n|\n|-heal|p1a: Clodsire|96\/100|[from] item: Leftovers\n|upkeep\n|\n|t:|1701025552\n|switch|p2a: Kingambit|Kingambit, L50, F|100\/100\n|turn|3\n|\n|t:|1701025566\n|move|p2a: Kingambit|Protect|p2a: Kingambit\n|-singleturn|p2a: Kingambit|Protect\n|move|p1b: Chien-Pao|Protect|p1b: Chien-Pao\n|-singleturn|p1b: Chien-Pao|Protect\n|move|p1a: Clodsire|Curse|p1a: Clodsire\n|-unboost|p1a: Clodsire|spe|1\n|-boost|p1a: Clodsire|atk|1\n|-boost|p1a: Clodsire|def|1\n|move|p2b: Iron Hands|Ice Punch|p1a: Clodsire\n|-supereffective|p1a: Clodsire\n|-damage|p1a: Clodsire|62\/100\n|\n|-heal|p1a: Clodsire|68\/100|[from] item: Leftovers\n|upkeep\n|turn|4\n|inactive|humanbacon has 30 seconds left.\n|\n|t:|1701025595\n|switch|p1b: Crawdaunt|Crawdaunt, L50, M|100\/100\n|-terastallize|p1a: Clodsire|Fire\n|-terastallize|p2a: Kingambit|Fire\n|move|p1a: Clodsire|Stomping Tantrum|p2a: Kingambit\n|-supereffective|p2a: Kingambit\n|-damage|p2a: Kingambit|13\/100\n|move|p2a: Kingambit|Swords Dance|p2a: Kingambit\n|-boost|p2a: Kingambit|atk|2\n|move|p2b: Iron Hands|Ice Punch|p1a: Clodsire\n|-resisted|p1a: Clodsire\n|-damage|p1a: Clodsire|61\/100\n|-status|p1a: Clodsire|frz\n|\n|-heal|p1a: Clodsire|67\/100 frz|[from] item: Leftovers\n|upkeep\n|turn|5\n|inactive|humanbacon has 30 seconds left.\n|inactive|RegidracoMalfoy has 30 seconds left.\n|\n|t:|1701025622\n|-end|p2b: Iron Hands|Quark Drive|[silent]\n|switch|p2b: Ampharos|Ampharos, L50, M|100\/100\n|switch|p1b: Flutter Mane|Flutter Mane, L50|100\/100\n|move|p2a: Kingambit|Protect|p2a: Kingambit\n|-singleturn|p2a: Kingambit|Protect\n|cant|p1a: Clodsire|frz\n|\n|-heal|p1a: Clodsire|73\/100 frz|[from] item: Leftovers\n|-fieldend|move: Trick Room\n|upkeep\n|turn|6\n|inactive|RegidracoMalfoy has 30 seconds left.\n|\n|t:|1701025649\n|move|p1b: Flutter Mane|Protect|p1b: Flutter Mane\n|-singleturn|p1b: Flutter Mane|Protect\n|move|p2b: Ampharos|Thunderbolt|p1a: Clodsire\n|-damage|p1a: Clodsire|20\/100 frz\n|move|p2a: Kingambit|Iron Head|p1b: Flutter Mane\n|-activate|p1b: Flutter Mane|move: Protect\n|-curestatus|p1a: Clodsire|frz|[msg]\n|move|p1a: Clodsire|Stomping Tantrum|p2a: Kingambit\n|-supereffective|p2a: Kingambit\n|-damage|p2a: Kingambit|0 fnt\n|faint|p2a: Kingambit\n|\n|-heal|p1a: Clodsire|26\/100|[from] item: Leftovers\n|upkeep\n|\n|t:|1701025661\n|switch|p2a: Iron Hands|Iron Hands, L50|100\/100\n|turn|7\n|\n|t:|1701025674\n|move|p1a: Clodsire|Protect|p1a: Clodsire\n|-singleturn|p1a: Clodsire|Protect\n|move|p1b: Flutter Mane|Moonblast|p2b: Ampharos\n|-damage|p2b: Ampharos|48\/100\n|-unboost|p2b: Ampharos|spa|1\n|move|p2a: Iron Hands|Heavy Slam|p1b: Flutter Mane\n|-supereffective|p1b: Flutter Mane\n|-damage|p1b: Flutter Mane|0 fnt\n|faint|p1b: Flutter Mane\n|-end|p1b: Flutter Mane|Protosynthesis|[silent]\n|move|p2b: Ampharos|Thunderbolt|p1a: Clodsire\n|-activate|p1a: Clodsire|move: Protect\n|\n|-heal|p1a: Clodsire|32\/100|[from] item: Leftovers\n|upkeep\n|\n|t:|1701025688\n|switch|p1b: Chien-Pao|Chien-Pao, L50|1\/100\n|-ability|p1b: Chien-Pao|Sword of Ruin\n|turn|8\n|\n|t:|1701025700\n|move|p1b: Chien-Pao|Ice Spinner|p2b: Ampharos\n|-damage|p2b: Ampharos|0 fnt\n|faint|p2b: Ampharos\n|move|p2a: Iron Hands|Drain Punch|p1b: Chien-Pao\n|-supereffective|p1b: Chien-Pao\n|-damage|p1b: Chien-Pao|0 fnt\n|faint|p1b: Chien-Pao\n|move|p1a: Clodsire|Curse|p1a: Clodsire\n|-unboost|p1a: Clodsire|spe|1\n|-boost|p1a: Clodsire|atk|1\n|-boost|p1a: Clodsire|def|1\n|\n|-heal|p1a: Clodsire|38\/100|[from] item: Leftovers\n|upkeep\n|\n|t:|1701025705\n|switch|p1b: Crawdaunt|Crawdaunt, L50, M|100\/100\n|turn|9\n|\n|t:|1701025719\n|move|p1b: Crawdaunt|Aqua Jet|p2a: Iron Hands\n|-damage|p2a: Iron Hands|86\/100\n|move|p2a: Iron Hands|Drain Punch|p1a: Clodsire\n|-damage|p1a: Clodsire|24\/100\n|-heal|p2a: Iron Hands|93\/100|[from] drain|[of] p1a: Clodsire\n|move|p1a: Clodsire|Stomping Tantrum|p2a: Iron Hands\n|-supereffective|p2a: Iron Hands\n|-damage|p2a: Iron Hands|0 fnt\n|faint|p2a: Iron Hands\n|-end|p2a: Iron Hands|Quark Drive|[silent]\n|\n|win|humanbacon\n|raw|humanbacon's rating: 1383 &rarr; <strong>1398<\/strong><br \/>(+15 for winning)\n|raw|RegidracoMalfoy's rating: 1294 &rarr; <strong>1275<\/strong><br \/>(-19 for losing)\n|l|\u2606RegidracoMalfoy\n","uploadtime":1701025835,"views":2,"p1id":"humanbacon","p2id":"regidracomalfoy","formatid":"gen9vgc2023regulatione","rating":1275,"private":0,"password":""}