{"id":"gen9vgc2023regulatione-1999271541","p1":"MC MazelTov","p2":"BlankSpaceHere","format":"[Gen 9] VGC 2023 Regulation E","log":"|j|\u2606MC MazelTov\n|j|\u203dBlankSpaceHere\n|t:|1701053353\n|gametype|doubles\n|player|p1|MC MazelTov|266|1165\n|player|p2|BlankSpaceHere|iris-gen5bw2|1171\n|teamsize|p1|6\n|teamsize|p2|6\n|gen|9\n|tier|[Gen 9] VGC 2023 Regulation E\n|rated|\n|rule|Species Clause: Limit one of each Pok\u00e9mon\n|rule|Item Clause: Limit one of each item\n|clearpoke\n|poke|p1|Baxcalibur, L50, F|\n|poke|p1|Ninetales-Alola, L50, M|\n|poke|p1|Tornadus, L50, M|\n|poke|p1|Ting-Lu, L50|\n|poke|p1|Landorus-Therian, L50, M|\n|poke|p1|Sinistcha, L50|\n|poke|p2|Gyarados, L50, M|\n|poke|p2|Volcarona, L50, M|\n|poke|p2|Iron Bundle, L50|\n|poke|p2|Sinistcha, L50|\n|poke|p2|Ninetales-Alola, L50, F|\n|poke|p2|Iron Hands, L50|\n|teampreview|4\nMC MazelTov has agreed to open team sheets.\n|\n|t:|1701053390\n|start\n|switch|p1a: Ninetales|Ninetales-Alola, L50, M|100\/100\n|switch|p1b: Baxcalibur|Baxcalibur, L50, F|100\/100\n|switch|p2a: Volcarona|Volcarona, L50, M|100\/100\n|switch|p2b: Iron Bundle|Iron Bundle, L50|100\/100\n|-weather|Snow|[from] ability: Snow Warning|[of] p1a: Ninetales\n|-enditem|p2b: Iron Bundle|Booster Energy\n|-activate|p2b: Iron Bundle|ability: Quark Drive|[fromitem]\n|-start|p2b: Iron Bundle|quarkdrivespe\n|turn|1\n|\n|t:|1701053412\n|move|p2b: Iron Bundle|Aurora Veil|p2b: Iron Bundle\n|-sidestart|p2: BlankSpaceHere|move: Aurora Veil\n|move|p1a: Ninetales|Aurora Veil|p1a: Ninetales\n|-sidestart|p1: MC MazelTov|move: Aurora Veil\n|move|p2a: Volcarona|Quiver Dance|p2a: Volcarona\n|-boost|p2a: Volcarona|spa|1\n|-boost|p2a: Volcarona|spd|1\n|-boost|p2a: Volcarona|spe|1\n|move|p1b: Baxcalibur|Swords Dance|p1b: Baxcalibur\n|-boost|p1b: Baxcalibur|atk|2\n|\n|-weather|Snow|[upkeep]\n|upkeep\n|turn|2\n|\n|t:|1701053454\n|move|p2b: Iron Bundle|Encore|p1b: Baxcalibur\n|-start|p1b: Baxcalibur|Encore\n|move|p2a: Volcarona|Quiver Dance|p2a: Volcarona\n|-boost|p2a: Volcarona|spa|1\n|-boost|p2a: Volcarona|spd|1\n|-boost|p2a: Volcarona|spe|1\n|move|p1a: Ninetales|Encore|p2a: Volcarona\n|-start|p2a: Volcarona|Encore\n|move|p1b: Baxcalibur|Swords Dance|p1b: Baxcalibur\n|-boost|p1b: Baxcalibur|atk|2\n|\n|-weather|Snow|[upkeep]\n|upkeep\n|turn|3\n|c|\u2606MC MazelTov|this is incredible\n|\n|t:|1701053502\n|switch|p1a: Ting-Lu|Ting-Lu, L50|100\/100\n|-ability|p1a: Ting-Lu|Vessel of Ruin\n|move|p2a: Volcarona|Quiver Dance|p2a: Volcarona\n|-boost|p2a: Volcarona|spa|1\n|-boost|p2a: Volcarona|spd|1\n|-boost|p2a: Volcarona|spe|1\n|move|p2b: Iron Bundle|Hydro Pump|p1b: Baxcalibur\n|-resisted|p1b: Baxcalibur\n|-damage|p1b: Baxcalibur|92\/100\n|move|p1b: Baxcalibur|Swords Dance|p1b: Baxcalibur\n|-boost|p1b: Baxcalibur|atk|2\n|\n|-weather|Snow|[upkeep]\n|-heal|p1b: Baxcalibur|98\/100|[from] ability: Ice Body\n|-heal|p1b: Baxcalibur|100\/100|[from] item: Leftovers\n|upkeep\n|turn|4\n|\n|t:|1701053533\n|move|p2a: Volcarona|Quiver Dance|p2a: Volcarona\n|-boost|p2a: Volcarona|spa|1\n|-boost|p2a: Volcarona|spd|1\n|-boost|p2a: Volcarona|spe|1\n|move|p2b: Iron Bundle|Hydro Pump|p1a: Ting-Lu\n|-supereffective|p1a: Ting-Lu\n|-damage|p1a: Ting-Lu|57\/100\n|move|p1b: Baxcalibur|Swords Dance|p1b: Baxcalibur\n|-boost|p1b: Baxcalibur|atk|0\n|move|p1a: Ting-Lu|Ruination|p2a: Volcarona|[miss]\n|-miss|p1a: Ting-Lu|p2a: Volcarona\n|\n|-weather|Snow|[upkeep]\n|-end|p1b: Baxcalibur|Encore\n|upkeep\n|turn|5\n|\n|t:|1701053561\n|move|p1b: Baxcalibur|Protect|p1b: Baxcalibur\n|-singleturn|p1b: Baxcalibur|Protect\n|move|p1a: Ting-Lu|Protect|p1a: Ting-Lu\n|-singleturn|p1a: Ting-Lu|Protect\n|move|p2a: Volcarona|Quiver Dance|p2a: Volcarona\n|-boost|p2a: Volcarona|spa|1\n|-boost|p2a: Volcarona|spd|1\n|-boost|p2a: Volcarona|spe|1\n|move|p2b: Iron Bundle|Encore|p1b: Baxcalibur\n|-activate|p1b: Baxcalibur|move: Protect\n|\n|-weather|none\n|-end|p2a: Volcarona|Encore\n|-sideend|p2: BlankSpaceHere|move: Aurora Veil\n|upkeep\n|turn|6\n|\n|t:|1701053605\n|move|p1a: Ting-Lu|Protect||[still]\n|-fail|p1a: Ting-Lu\n|move|p2a: Volcarona|Heat Wave|p1b: Baxcalibur|[spread] p1b\n|-miss|p2a: Volcarona|p1a: Ting-Lu\n|-damage|p1b: Baxcalibur|60\/100\n|move|p2b: Iron Bundle|Encore|p1b: Baxcalibur\n|-start|p1b: Baxcalibur|Encore\n|move|p1b: Baxcalibur|Protect||[still]\n|-fail|p1b: Baxcalibur\n|\n|-heal|p1b: Baxcalibur|66\/100|[from] item: Leftovers\n|upkeep\n|turn|7\n|\n|t:|1701053636\n|switch|p1a: Ninetales|Ninetales-Alola, L50, M|100\/100\n|-weather|Snow|[from] ability: Snow Warning|[of] p1a: Ninetales\n|move|p1b: Baxcalibur|Protect|p1b: Baxcalibur\n|-singleturn|p1b: Baxcalibur|Protect\n|move|p2a: Volcarona|Quiver Dance|p2a: Volcarona\n|-boost|p2a: Volcarona|spa|1\n|-boost|p2a: Volcarona|spd|1\n|-boost|p2a: Volcarona|spe|1\n|move|p2b: Iron Bundle|Hydro Pump|p1a: Ninetales\n|-damage|p1a: Ninetales|66\/100\n|\n|-weather|Snow|[upkeep]\n|-heal|p1b: Baxcalibur|72\/100|[from] ability: Ice Body\n|-heal|p1b: Baxcalibur|78\/100|[from] item: Leftovers\n|upkeep\n|turn|8\n|\n|t:|1701053676\n|switch|p1b: Ting-Lu|Ting-Lu, L50|57\/100\n|-ability|p1b: Ting-Lu|Vessel of Ruin\n|move|p2a: Volcarona|Heat Wave|p1b: Ting-Lu|[spread] p1a,p1b\n|-supereffective|p1a: Ninetales\n|-damage|p1a: Ninetales|0 fnt\n|-damage|p1b: Ting-Lu|0 fnt\n|faint|p1a: Ninetales\n|faint|p1b: Ting-Lu\n|move|p2b: Iron Bundle|Aurora Veil|p2b: Iron Bundle\n|-sidestart|p2: BlankSpaceHere|move: Aurora Veil\n|\n|-weather|Snow|[upkeep]\n|-sideend|p1: MC MazelTov|move: Aurora Veil\n|upkeep\n|\n|t:|1701053688\n|switch|p1a: Baxcalibur|Baxcalibur, L50, F|78\/100\n|switch|p1b: Sinistcha|Sinistcha, L50|100\/100\n|-heal|p1a: Baxcalibur|100\/100|[from] ability: Hospitality|[of] p1b: Sinistcha\n|turn|9\n|\n|t:|1701053711\n|-terastallize|p1b: Sinistcha|Fire\n|move|p2a: Volcarona|Heat Wave|p1b: Sinistcha|[spread] p1a,p1b\n|-resisted|p1b: Sinistcha\n|-damage|p1a: Baxcalibur|11\/100\n|-damage|p1b: Sinistcha|31\/100\n|-status|p1a: Baxcalibur|brn\n|move|p2b: Iron Bundle|Icy Wind|p1b: Sinistcha|[spread] p1a,p1b\n|-crit|p1a: Baxcalibur\n|-resisted|p1b: Sinistcha\n|-damage|p1a: Baxcalibur|0 fnt\n|-damage|p1b: Sinistcha|23\/100\n|-unboost|p1b: Sinistcha|spe|1\n|faint|p1a: Baxcalibur\n|move|p1b: Sinistcha|Matcha Gotcha|p2b: Iron Bundle|[spread] p2a,p2b\n|-resisted|p2a: Volcarona\n|-supereffective|p2b: Iron Bundle\n|-damage|p2a: Volcarona|99\/100\n|-heal|p1b: Sinistcha|24\/100|[from] drain|[of] p2a: Volcarona\n|-damage|p2b: Iron Bundle|56\/100\n|-heal|p1b: Sinistcha|44\/100|[from] drain|[of] p2b: Iron Bundle\n|\n|-weather|Snow|[upkeep]\n|-heal|p2a: Volcarona|100\/100|[from] item: Leftovers\n|upkeep\n|turn|10\n|-message|MC MazelTov forfeited.\n|\n|win|BlankSpaceHere\n|raw|MC MazelTov's rating: 1165 &rarr; <strong>1140<\/strong><br \/>(-25 for losing)\n|raw|BlankSpaceHere's rating: 1171 &rarr; <strong>1196<\/strong><br \/>(+25 for winning)\n","uploadtime":1701053735,"views":3,"p1id":"mcmazeltov","p2id":"blankspacehere","formatid":"gen9vgc2023regulatione","rating":1140,"private":0,"password":""}