{"id":"gen9vgc2023regulatione-1993731627","p1":"Zolrain","p2":"minccinoisthebest","format":"[Gen 9] VGC 2023 Regulation E","log":"|j|\u2606Zolrain\n|j|\u2606minccinoisthebest\n|t:|1700350612\n|gametype|doubles\n|player|p1|Zolrain|pokemonranger-gen4|1211\n|player|p2|minccinoisthebest|1|1264\n|teamsize|p1|6\n|teamsize|p2|6\n|gen|9\n|tier|[Gen 9] VGC 2023 Regulation E\n|rated|\n|rule|Species Clause: Limit one of each Pok\u00e9mon\n|rule|Item Clause: Limit one of each item\n|clearpoke\n|poke|p1|Zapdos-Galar, L50|\n|poke|p1|Indeedee-F, L50, F|\n|poke|p1|Armarouge, L50, F|\n|poke|p1|Ogerpon-Wellspring, L50, F|\n|poke|p1|Chien-Pao, L50|\n|poke|p1|Kingambit, L50, F|\n|poke|p2|Sinistcha-Masterpiece, L50|\n|poke|p2|Iron Hands, L50|\n|poke|p2|Clefairy, L50, F|\n|poke|p2|Landorus-Therian, L50, M|\n|poke|p2|Volcarona, L50, F|\n|poke|p2|Milotic, L50, M|\n|teampreview|4\n|\n|t:|1700350660\n|start\n|switch|p1a: Zapdos|Zapdos-Galar, L50|100\/100\n|switch|p1b: Indeedee|Indeedee-F, L50, F|100\/100\n|switch|p2a: Volcarona|Volcarona, L50, F|100\/100\n|switch|p2b: Milotic|Milotic, L50, M|100\/100\n|-fieldstart|move: Psychic Terrain|[from] ability: Psychic Surge|[of] p1b: Indeedee\n|-enditem|p1a: Zapdos|Psychic Seed\n|-boost|p1a: Zapdos|spd|1|[from] item: Psychic Seed\n|turn|1\n|inactive|Battle timer is ON: inactive players will automatically lose when time's up. (requested by minccinoisthebest)\n|\n|t:|1700350684\n|move|p2a: Volcarona|Protect|p2a: Volcarona\n|-singleturn|p2a: Volcarona|Protect\n|move|p1b: Indeedee|Follow Me|p1b: Indeedee\n|-singleturn|p1b: Indeedee|move: Follow Me\n|move|p1a: Zapdos|Bulk Up|p1a: Zapdos\n|-boost|p1a: Zapdos|atk|1\n|-boost|p1a: Zapdos|def|1\n|move|p2b: Milotic|Hypnosis|p1b: Indeedee|[miss]\n|-miss|p2b: Milotic|p1b: Indeedee\n|\n|upkeep\n|turn|2\n|\n|t:|1700350703\n|-terastallize|p1a: Zapdos|Flying\n|move|p1b: Indeedee|Follow Me|p1b: Indeedee\n|-singleturn|p1b: Indeedee|move: Follow Me\n|move|p1a: Zapdos|Acrobatics|p2a: Volcarona\n|-supereffective|p2a: Volcarona\n|-damage|p2a: Volcarona|0 fnt\n|faint|p2a: Volcarona\n|move|p2b: Milotic|Hypnosis|p1b: Indeedee\n|-status|p1b: Indeedee|slp|[from] move: Hypnosis\n|\n|upkeep\n|\n|t:|1700350709\n|switch|p2a: Iron Hands|Iron Hands, L50|100\/100\n|turn|3\n|\n|t:|1700350720\n|switch|p1b: Armarouge|Armarouge, L50, F|100\/100\n|move|p1a: Zapdos|Protect|p1a: Zapdos\n|-singleturn|p1a: Zapdos|Protect\n|move|p2b: Milotic|Hypnosis|p1a: Zapdos\n|-activate|p1a: Zapdos|move: Protect\n|move|p2a: Iron Hands|Wild Charge|p1a: Zapdos\n|-activate|p1a: Zapdos|move: Protect\n|\n|upkeep\n|turn|4\n|\n|t:|1700350736\n|-terastallize|p2a: Iron Hands|Water\n|move|p1a: Zapdos|Acrobatics|p2b: Milotic\n|-damage|p2b: Milotic|0 fnt\n|faint|p2b: Milotic\n|move|p1b: Armarouge|Expanding Force|p2a: Iron Hands\n|-damage|p2a: Iron Hands|48\/100\n|-enditem|p2a: Iron Hands|Sitrus Berry|[eat]\n|-heal|p2a: Iron Hands|73\/100|[from] item: Sitrus Berry\n|move|p2a: Iron Hands|Wild Charge|p1a: Zapdos\n|-supereffective|p1a: Zapdos\n|-damage|p1a: Zapdos|37\/100\n|-damage|p2a: Iron Hands|61\/100|[from] Recoil\n|\n|upkeep\n|\n|t:|1700350742\n|switch|p2b: Landorus|Landorus-Therian, L50, M, shiny|100\/100\n|-ability|p2b: Landorus|Intimidate|boost\n|-unboost|p1a: Zapdos|atk|1\n|-ability|p1a: Zapdos|Defiant|boost\n|-boost|p1a: Zapdos|atk|2\n|-unboost|p1b: Armarouge|atk|1\n|turn|5\n|\n|t:|1700350764\n|move|p2b: Landorus|Rock Slide|p1b: Armarouge|[spread] p1a,p1b\n|-supereffective|p1a: Zapdos\n|-supereffective|p1b: Armarouge\n|-damage|p1a: Zapdos|4\/100\n|-damage|p1b: Armarouge|57\/100\n|-ability|p1b: Armarouge|Weak Armor|boost\n|-unboost|p1b: Armarouge|def|1\n|-boost|p1b: Armarouge|spe|2\n|-enditem|p1b: Armarouge|Weakness Policy\n|-boost|p1b: Armarouge|atk|2|[from] item: Weakness Policy\n|-boost|p1b: Armarouge|spa|2|[from] item: Weakness Policy\n|move|p1b: Armarouge|Expanding Force|p2a: Iron Hands|[spread] p2a,p2b\n|-damage|p2a: Iron Hands|0 fnt\n|-damage|p2b: Landorus|0 fnt\n|faint|p2a: Iron Hands\n|-end|p2a: Iron Hands|Quark Drive|[silent]\n|faint|p2b: Landorus\n|\n|win|Zolrain\n|raw|Zolrain's rating: 1211 &rarr; <strong>1240<\/strong><br \/>(+29 for winning)\n|raw|minccinoisthebest's rating: 1264 &rarr; <strong>1235<\/strong><br \/>(-29 for losing)\n|l|\u2606minccinoisthebest\n","uploadtime":1700350778,"views":12,"p1id":"zolrain","p2id":"minccinoisthebest","formatid":"gen9vgc2023regulatione","rating":1235,"private":0,"password":""}