{"id":"gen9vgc2023regulatione-1999312299","p1":"Crayons16","p2":"meesterkrebs","format":"[Gen 9] VGC 2023 Regulation E","log":"|j|\u2606Crayons16\n|j|\u2606meesterkrebs\n|t:|1701058679\n|gametype|doubles\n|player|p1|Crayons16|cynthia|1303\n|player|p2|meesterkrebs|steven|1292\n|teamsize|p1|6\n|teamsize|p2|6\n|gen|9\n|tier|[Gen 9] VGC 2023 Regulation E\n|rated|\n|rule|Species Clause: Limit one of each Pok\u00e9mon\n|rule|Item Clause: Limit one of each item\n|clearpoke\n|poke|p1|Rillaboom, L50, F|\n|poke|p1|Sneasler, L50, F|\n|poke|p1|Arcanine-Hisui, L50, F|\n|poke|p1|Ninetales-Alola, L50, F|\n|poke|p1|Landorus-Therian, L50, M|\n|poke|p1|Baxcalibur, L50, F|\n|poke|p2|Urshifu-*, L50, M|\n|poke|p2|Gholdengo, L50|\n|poke|p2|Arcanine, L50, F|\n|poke|p2|Rillaboom, L50, M|\n|poke|p2|Sableye, L50, F|\n|poke|p2|Iron Bundle, L50|\n|teampreview|4\nCrayons16 has agreed to open team sheets.\n|c|\u2606Crayons16|Team sheets?\nmeesterkrebs has agreed to open team sheets.\n|c|\u2606meesterkrebs|What had you curious?\n|inactive|Battle timer is ON: inactive players will automatically lose when time's up. (requested by meesterkrebs)\n|c|\u2606Crayons16|Arcanine - K\n|c|\u2606Crayons16|And Sableye I gotta say\n|c|\u2606meesterkrebs|Lol sableye is such a dumb pokemon\n|inactive|meesterkrebs has 60 seconds left.\n|c|\u2606Crayons16|Plus like might as well have them on yk\n|c|\u2606Crayons16|VGC rules n such\n|c|\u2606Crayons16|But yea he's a silly little man\n|\n|t:|1701058814\n|start\n|switch|p1a: Donkey Kong|Rillaboom, L50, F|100\/100\n|switch|p1b: Little guy|Arcanine-Hisui, L50, F|100\/100\n|switch|p2a: Sableye|Sableye, L50, F|100\/100\n|switch|p2b: Gholdengo|Gholdengo, L50|100\/100\n|-ability|p1b: Little guy|Intimidate|boost\n|-unboost|p2a: Sableye|atk|1\n|-unboost|p2b: Gholdengo|atk|1\n|-fieldstart|move: Grassy Terrain|[from] ability: Grassy Surge|[of] p1a: Donkey Kong\n|turn|1\n|inactive|Crayons16 has 30 seconds left.\n|\n|t:|1701058840\n|move|p2b: Gholdengo|Protect|p2b: Gholdengo\n|-singleturn|p2b: Gholdengo|Protect\n|move|p2a: Sableye|Will-O-Wisp|p1a: Donkey Kong\n|-status|p1a: Donkey Kong|brn\n|move|p1b: Little guy|Flare Blitz|p2b: Gholdengo\n|-activate|p2b: Gholdengo|move: Protect\n|move|p1a: Donkey Kong|Wood Hammer|p2a: Sableye\n|-damage|p2a: Sableye|41\/100\n|-damage|p1a: Donkey Kong|85\/100 brn|[from] Recoil\n|\n|-heal|p1a: Donkey Kong|91\/100 brn|[from] Grassy Terrain\n|-heal|p2a: Sableye|46\/100|[from] Grassy Terrain\n|-damage|p1a: Donkey Kong|85\/100 brn|[from] brn\n|upkeep\n|turn|2\n|inactive|meesterkrebs has 30 seconds left.\n|\n|t:|1701058870\n|move|p2a: Sableye|Disable|p1b: Little guy\n|-start|p1b: Little guy|Disable|Flare Blitz\n|cant|p1b: Little guy|Disable|Flare Blitz\n|move|p2b: Gholdengo|Nasty Plot|p2b: Gholdengo\n|-boost|p2b: Gholdengo|spa|2\n|move|p1a: Donkey Kong|Wood Hammer|p2a: Sableye\n|-damage|p2a: Sableye|0 fnt\n|faint|p2a: Sableye\n|-damage|p1a: Donkey Kong|73\/100 brn|[from] Recoil\n|\n|-heal|p1a: Donkey Kong|79\/100 brn|[from] Grassy Terrain\n|-damage|p1a: Donkey Kong|73\/100 brn|[from] brn\n|upkeep\n|\n|t:|1701058891\n|switch|p2a: Iron Bundle|Iron Bundle, L50|100\/100\n|-enditem|p2a: Iron Bundle|Booster Energy\n|-activate|p2a: Iron Bundle|ability: Quark Drive|[fromitem]\n|-start|p2a: Iron Bundle|quarkdrivespe\n|turn|3\n|inactive|Crayons16 has 30 seconds left.\n|inactive|Crayons16 has 20 seconds left.\n|\n|t:|1701058934\n|move|p2a: Iron Bundle|Protect|p2a: Iron Bundle\n|-singleturn|p2a: Iron Bundle|Protect\n|-activate|p1b: Little guy|move: Struggle\n|move|p1b: Little guy|Struggle|p2b: Gholdengo\n|-damage|p2b: Gholdengo|76\/100\n|-damage|p1b: Little guy|76\/100|[from] recoil\n|move|p2b: Gholdengo|Nasty Plot|p2b: Gholdengo\n|-boost|p2b: Gholdengo|spa|2\n|move|p1a: Donkey Kong|Wood Hammer|p2a: Iron Bundle\n|-activate|p2a: Iron Bundle|move: Protect\n|\n|-heal|p1b: Little guy|82\/100|[from] Grassy Terrain\n|-heal|p2b: Gholdengo|82\/100|[from] Grassy Terrain\n|-heal|p2b: Gholdengo|89\/100|[from] item: Leftovers\n|-heal|p1a: Donkey Kong|79\/100 brn|[from] Grassy Terrain\n|-damage|p1a: Donkey Kong|73\/100 brn|[from] brn\n|upkeep\n|turn|4\n|\n|t:|1701058957\n|move|p1a: Donkey Kong|Grassy Glide|p2a: Iron Bundle\n|-supereffective|p2a: Iron Bundle\n|-damage|p2a: Iron Bundle|69\/100\n|move|p2a: Iron Bundle|Icy Wind|p1b: Little guy|[spread] p1a,p1b\n|-supereffective|p1a: Donkey Kong\n|-resisted|p1b: Little guy\n|-damage|p1a: Donkey Kong|48\/100 brn\n|-damage|p1b: Little guy|70\/100\n|-unboost|p1a: Donkey Kong|spe|1\n|-unboost|p1b: Little guy|spe|1\n|move|p2b: Gholdengo|Make It Rain|p1b: Little guy|[spread] p1a,p1b\n|-damage|p1a: Donkey Kong|0 fnt\n|-damage|p1b: Little guy|0 fnt\n|-unboost|p2b: Gholdengo|spa|1\n|faint|p1a: Donkey Kong\n|faint|p1b: Little guy\n|\n|-heal|p2a: Iron Bundle|75\/100|[from] Grassy Terrain\n|-heal|p2b: Gholdengo|95\/100|[from] Grassy Terrain\n|-heal|p2b: Gholdengo|100\/100|[from] item: Leftovers\n|upkeep\n|c|\u2606meesterkrebs|Super ballsy on the struggle\n|\n|t:|1701058976\n|switch|p1b: Joe Cool|Landorus-Therian, L50, M|100\/100\n|switch|p1a: Frown|Sneasler, L50, F|100\/100\n|-ability|p1b: Joe Cool|Intimidate|boost\n|-unboost|p2a: Iron Bundle|atk|1\n|-unboost|p2b: Gholdengo|atk|1\n|-enditem|p1a: Frown|Grassy Seed\n|-boost|p1a: Frown|def|1|[from] item: Grassy Seed\n|turn|5\n|c|\u2606meesterkrebs|I thought it was cool\n|inactive|Crayons16 has 30 seconds left.\n|\n|t:|1701059011\n|move|p1a: Frown|Protect|p1a: Frown\n|-singleturn|p1a: Frown|Protect\n|move|p2a: Iron Bundle|Protect|p2a: Iron Bundle\n|-singleturn|p2a: Iron Bundle|Protect\n|move|p2b: Gholdengo|Protect|p2b: Gholdengo\n|-singleturn|p2b: Gholdengo|Protect\n|move|p1b: Joe Cool|Stomping Tantrum|p2b: Gholdengo\n|-activate|p2b: Gholdengo|move: Protect\n|\n|-heal|p2a: Iron Bundle|81\/100|[from] Grassy Terrain\n|-fieldend|move: Grassy Terrain\n|upkeep\n|turn|6\n|inactive|meesterkrebs has 30 seconds left.\n|\n|t:|1701059045\n|-terastallize|p2a: Iron Bundle|Ghost\n|move|p1a: Frown|Close Combat|p2a: Iron Bundle\n|-immune|p2a: Iron Bundle\n|move|p2a: Iron Bundle|Icy Wind|p1b: Joe Cool|[spread] p1a,p1b\n|-supereffective|p1b: Joe Cool\n|-damage|p1a: Frown|75\/100\n|-damage|p1b: Joe Cool|11\/100\n|-unboost|p1a: Frown|spe|1\n|-unboost|p1b: Joe Cool|spe|1\n|move|p1b: Joe Cool|Stomping Tantrum|p2b: Gholdengo\n|-supereffective|p2b: Gholdengo\n|-damage|p2b: Gholdengo|19\/100\n|move|p2b: Gholdengo|Make It Rain|p1b: Joe Cool|[spread] p1a,p1b\n|-damage|p1a: Frown|0 fnt\n|-damage|p1b: Joe Cool|0 fnt\n|-unboost|p2b: Gholdengo|spa|1\n|faint|p1a: Frown\n|faint|p1b: Joe Cool\n|\n|win|meesterkrebs\n|raw|Crayons16's rating: 1303 &rarr; <strong>1282<\/strong><br \/>(-21 for losing)\n|raw|meesterkrebs's rating: 1292 &rarr; <strong>1318<\/strong><br \/>(+26 for winning)\n|c|\u2606meesterkrebs|Gg\n|c|\u2606Crayons16|Gg\n|l|\u2606Crayons16\n","uploadtime":1701059072,"views":15,"p1id":"crayons16","p2id":"meesterkrebs","formatid":"gen9vgc2023regulatione","rating":1282,"private":0,"password":""}