{"id":"gen9vgc2023regulatione-1993159228","p1":"Hallo100","p2":"RaimuBeat","format":"[Gen 9] VGC 2023 Regulation E","log":"|j|\u2606Hallo100\n|j|\u2606RaimuBeat\n|t:|1700271952\n|gametype|doubles\n|player|p1|Hallo100|shadowtriad|1286\n|player|p2|RaimuBeat|caitlin|1287\n|teamsize|p1|6\n|teamsize|p2|6\n|gen|9\n|tier|[Gen 9] VGC 2023 Regulation E\n|rated|\n|rule|Species Clause: Limit one of each Pok\u00e9mon\n|rule|Item Clause: Limit one of each item\n|clearpoke\n|poke|p1|Tornadus, L50, M|\n|poke|p1|Brute Bonnet, L50|\n|poke|p1|Typhlosion-Hisui, L50, F|\n|poke|p1|Flutter Mane, L50|\n|poke|p1|Iron Hands, L50|\n|poke|p1|Dragonite, L50, M|\n|poke|p2|Sylveon, L50, F|\n|poke|p2|Kommo-o, L50, F|\n|poke|p2|Clefairy, L50, M|\n|poke|p2|Rillaboom, L50, F|\n|poke|p2|Gholdengo, L50|\n|poke|p2|Urshifu-*, L50, M|\n|teampreview|4\n|inactive|Battle timer is ON: inactive players will automatically lose when time's up. (requested by Hallo100)\n|inactive|Hallo100 has 60 seconds left.\n|inactive|Hallo100 has 30 seconds left.\n|\n|t:|1700272022\n|start\n|switch|p1a: Tornadus|Tornadus, L50, M|100\/100\n|switch|p1b: Brute Bonnet|Brute Bonnet, L50|100\/100\n|switch|p2a: Kommo-o|Kommo-o, L50, F|100\/100\n|switch|p2b: Clefairy|Clefairy, L50, M|100\/100\n|turn|1\n|\n|t:|1700272045\n|move|p2b: Clefairy|Follow Me|p2b: Clefairy\n|-singleturn|p2b: Clefairy|move: Follow Me\n|move|p1a: Tornadus|Taunt|p2b: Clefairy\n|-start|p2b: Clefairy|move: Taunt\n|move|p1b: Brute Bonnet|Spore|p2b: Clefairy\n|-status|p2b: Clefairy|slp|[from] move: Spore\n|move|p2a: Kommo-o|Clangorous Soul|p2a: Kommo-o\n|-boost|p2a: Kommo-o|atk|1\n|-boost|p2a: Kommo-o|def|1\n|-boost|p2a: Kommo-o|spa|1\n|-boost|p2a: Kommo-o|spd|1\n|-boost|p2a: Kommo-o|spe|1\n|-damage|p2a: Kommo-o|68\/100\n|-enditem|p2a: Kommo-o|Throat Spray\n|-boost|p2a: Kommo-o|spa|1|[from] item: Throat Spray\n|\n|upkeep\n|turn|2\n|\n|t:|1700272064\n|move|p1a: Tornadus|Tailwind|p1a: Tornadus\n|-sidestart|p1: Hallo100|move: Tailwind\n|move|p1b: Brute Bonnet|Spore|p2a: Kommo-o\n|-immune|p2a: Kommo-o|[from] ability: Overcoat\n|move|p2a: Kommo-o|Clanging Scales|p1b: Brute Bonnet|[spread] p1a,p1b\n|-damage|p1a: Tornadus|18\/100\n|-damage|p1b: Brute Bonnet|33\/100\n|-unboost|p2a: Kommo-o|def|1\n|cant|p2b: Clefairy|slp\n|\n|upkeep\n|turn|3\n|\n|t:|1700272079\n|-end|p1b: Brute Bonnet|Protosynthesis|[silent]\n|switch|p1b: Flutter Mane|Flutter Mane, L50|100\/100\n|move|p1a: Tornadus|Tailwind||[still]\n|-fail|p1a: Tornadus\n|move|p2a: Kommo-o|Clangorous Soul|p2a: Kommo-o\n|-boost|p2a: Kommo-o|atk|1\n|-boost|p2a: Kommo-o|def|1\n|-boost|p2a: Kommo-o|spa|1\n|-boost|p2a: Kommo-o|spd|1\n|-boost|p2a: Kommo-o|spe|1\n|-damage|p2a: Kommo-o|35\/100\n|cant|p2b: Clefairy|slp\n|\n|upkeep\n|turn|4\n|\n|t:|1700272098\n|move|p1b: Flutter Mane|Dazzling Gleam|p2b: Clefairy|[spread] p2a,p2b\n|-supereffective|p2a: Kommo-o\n|-damage|p2a: Kommo-o|0 fnt\n|-damage|p2b: Clefairy|78\/100 slp\n|faint|p2a: Kommo-o\n|move|p1a: Tornadus|Bleakwind Storm|p2b: Clefairy\n|-damage|p2b: Clefairy|46\/100 slp\n|cant|p2b: Clefairy|slp\n|\n|-end|p2b: Clefairy|move: Taunt\n|upkeep\n|\n|t:|1700272108\n|switch|p2a: Sylveon|Sylveon, L50, F|100\/100\n|turn|5\n|\n|t:|1700272125\n|-terastallize|p2a: Sylveon|Fire\n|-curestatus|p2b: Clefairy|slp|[msg]\n|move|p2b: Clefairy|Helping Hand|p2a: Sylveon\n|-singleturn|p2a: Sylveon|Helping Hand|[of] p2b: Clefairy\n|move|p1a: Tornadus|Sunny Day|p1a: Tornadus\n|-weather|SunnyDay\n|-activate|p1b: Flutter Mane|ability: Protosynthesis\n|-start|p1b: Flutter Mane|protosynthesisspa\n|move|p1b: Flutter Mane|Moonblast|p2b: Clefairy\n|-damage|p2b: Clefairy|2\/100\n|move|p2a: Sylveon|Hyper Voice|p1a: Tornadus|[spread] p1a,p1b\n|-damage|p1a: Tornadus|0 fnt\n|-damage|p1b: Flutter Mane|3\/100\n|faint|p1a: Tornadus\n|\n|-weather|SunnyDay|[upkeep]\n|-sideend|p1: Hallo100|move: Tailwind\n|upkeep\n|\n|t:|1700272145\n|switch|p1a: Brute Bonnet|Brute Bonnet, L50|33\/100\n|-activate|p1a: Brute Bonnet|ability: Protosynthesis\n|-start|p1a: Brute Bonnet|protosynthesisatk\n|turn|6\n|\n|t:|1700272163\n|-terastallize|p1a: Brute Bonnet|Poison\n|move|p2b: Clefairy|Helping Hand|p2a: Sylveon\n|-singleturn|p2a: Sylveon|Helping Hand|[of] p2b: Clefairy\n|move|p1b: Flutter Mane|Dazzling Gleam|p2a: Sylveon|[spread] p2a,p2b\n|-resisted|p2a: Sylveon\n|-damage|p2a: Sylveon|88\/100\n|-damage|p2b: Clefairy|0 fnt\n|faint|p2b: Clefairy\n|move|p1a: Brute Bonnet|Tera Blast|p2a: Sylveon|[anim] Tera Blast Poison\n|-damage|p2a: Sylveon|15\/100\n|move|p2a: Sylveon|Hyper Voice|p1b: Flutter Mane|[spread] p1a,p1b\n|-resisted|p1a: Brute Bonnet\n|-crit|p1a: Brute Bonnet\n|-damage|p1a: Brute Bonnet|0 fnt\n|-damage|p1b: Flutter Mane|0 fnt\n|faint|p1a: Brute Bonnet\n|-end|p1a: Brute Bonnet|Protosynthesis|[silent]\n|faint|p1b: Flutter Mane\n|-end|p1b: Flutter Mane|Protosynthesis|[silent]\n|\n|-weather|SunnyDay|[upkeep]\n|upkeep\n|\n|t:|1700272179\n|switch|p1b: Typhlosion|Typhlosion-Hisui, L50, F|100\/100\n|switch|p2b: Rillaboom|Rillaboom, L50, F|100\/100\n|-item|p2a: Sylveon|Choice Specs|[from] ability: Frisk|[of] p1b: Typhlosion|[identify]\n|-item|p2b: Rillaboom|Assault Vest|[from] ability: Frisk|[of] p1b: Typhlosion|[identify]\n|-fieldstart|move: Grassy Terrain|[from] ability: Grassy Surge|[of] p2b: Rillaboom\n|turn|7\n|\n|t:|1700272199\n|move|p1b: Typhlosion|Protect|p1b: Typhlosion\n|-singleturn|p1b: Typhlosion|Protect\n|move|p2b: Rillaboom|Stomping Tantrum|p1b: Typhlosion\n|-activate|p1b: Typhlosion|move: Protect\n|move|p2a: Sylveon|Hyper Voice|p1b: Typhlosion\n|-activate|p1b: Typhlosion|move: Protect\n|\n|-weather|SunnyDay|[upkeep]\n|-heal|p2a: Sylveon|21\/100|[from] Grassy Terrain\n|upkeep\n|turn|8\n|\n|t:|1700272215\n|move|p1b: Typhlosion|Eruption|p2a: Sylveon|[spread] p2a,p2b\n|-resisted|p2a: Sylveon\n|-supereffective|p2b: Rillaboom\n|-damage|p2a: Sylveon|0 fnt\n|-damage|p2b: Rillaboom|0 fnt\n|faint|p2a: Sylveon\n|faint|p2b: Rillaboom\n|\n|win|Hallo100\n|raw|Hallo100's rating: 1286 &rarr; <strong>1311<\/strong><br \/>(+25 for winning)\n|raw|RaimuBeat's rating: 1287 &rarr; <strong>1262<\/strong><br \/>(-25 for losing)\n|l|\u2606RaimuBeat\n","uploadtime":1700272234,"views":22,"p1id":"hallo100","p2id":"raimubeat","formatid":"gen9vgc2023regulatione","rating":1262,"private":0,"password":""}