{"id":"gen9vgc2023regulatione-1997475456","p1":"Emanyueru1","p2":"fgc irongod","format":"[Gen 9] VGC 2023 Regulation E","log":"|j|\u2606Emanyueru1\n|j|\u2606fgc irongod\n|t:|1700811911\n|gametype|doubles\n|player|p1|Emanyueru1|pokekidf-gen8|1327\n|player|p2|fgc irongod|102|1378\n|teamsize|p1|6\n|teamsize|p2|6\n|gen|9\n|tier|[Gen 9] VGC 2023 Regulation E\n|rated|\n|rule|Species Clause: Limit one of each Pok\u00e9mon\n|rule|Item Clause: Limit one of each item\n|clearpoke\n|poke|p1|Ogerpon-Hearthflame, L50, F|\n|poke|p1|Vaporeon, L50, F|\n|poke|p1|Glaceon, L50, F|\n|poke|p1|Leafeon, L50, M|\n|poke|p1|Umbreon, L50, F|\n|poke|p1|Sylveon, L50, F|\n|poke|p2|Dusclops, L50, F|\n|poke|p2|Amoonguss, L50, M|\n|poke|p2|Ursaluna-Bloodmoon, L50, M|\n|poke|p2|Armarouge, L50, F|\n|poke|p2|Indeedee-F, L50, F|\n|poke|p2|Enamorus-Therian, L50, F|\n|teampreview|4\n|j| 5Sscreen\n|\n|t:|1700811959\n|start\n|switch|p1a: Umbreon|Umbreon, L50, F|100\/100\n|switch|p1b: Ogerpon|Ogerpon-Hearthflame, L50, F|100\/100\n|switch|p2a: Indeedee|Indeedee-F, L50, F|100\/100\n|switch|p2b: Amoonguss|Amoonguss, L50, M|100\/100\n|-ability|p1b: Ogerpon|Mold Breaker\n|-fieldstart|move: Psychic Terrain|[from] ability: Psychic Surge|[of] p2a: Indeedee\n|-enditem|p2a: Indeedee|Psychic Seed\n|-boost|p2a: Indeedee|spd|1|[from] item: Psychic Seed\n|turn|1\n|inactive|Battle timer is ON: inactive players will automatically lose when time's up. (requested by fgc irongod)\n|\n|t:|1700811972\n|-terastallize|p2a: Indeedee|Fairy\n|move|p2b: Amoonguss|Protect|p2b: Amoonguss\n|-singleturn|p2b: Amoonguss|Protect\n|move|p1b: Ogerpon|Ivy Cudgel|p2b: Amoonguss|[anim] Ivy Cudgel Fire\n|-activate|p2b: Amoonguss|move: Protect\n|move|p1a: Umbreon|Taunt|p2a: Indeedee\n|-start|p2a: Indeedee|move: Taunt\n|cant|p2a: Indeedee|move: Taunt|Trick Room\n|\n|upkeep\n|turn|2\n|\n|t:|1700811993\n|switch|p2a: Armarouge|Armarouge, L50, F|100\/100\n|move|p1b: Ogerpon|Ivy Cudgel|p2b: Amoonguss|[anim] Ivy Cudgel Fire\n|-supereffective|p2b: Amoonguss\n|-damage|p2b: Amoonguss|0 fnt\n|faint|p2b: Amoonguss\n|move|p1a: Umbreon|Taunt|p2a: Armarouge\n|-start|p2a: Armarouge|move: Taunt\n|\n|upkeep\n|\n|t:|1700811999\n|switch|p2b: Indeedee|Indeedee-F, L50, F, tera:Fairy|100\/100\n|turn|3\n|\n|t:|1700812011\n|move|p1b: Ogerpon|Spiky Shield|p1b: Ogerpon\n|-singleturn|p1b: Ogerpon|move: Protect\n|move|p1a: Umbreon|Snarl|p2a: Armarouge|[spread] p2a,p2b\n|-supereffective|p2a: Armarouge\n|-resisted|p2b: Indeedee\n|-damage|p2a: Armarouge|79\/100\n|-damage|p2b: Indeedee|96\/100\n|-unboost|p2a: Armarouge|spa|1\n|-unboost|p2b: Indeedee|spa|1\n|move|p2a: Armarouge|Expanding Force|p1b: Ogerpon|[spread] \n|-activate|p1b: Ogerpon|move: Protect\n|-immune|p1a: Umbreon\n|move|p2b: Indeedee|Trick Room|p2b: Indeedee\n|-fieldstart|move: Trick Room|[of] p2b: Indeedee\n|\n|upkeep\n|turn|4\n|\n|t:|1700812027\n|switch|p2b: Ursaluna|Ursaluna-Bloodmoon, L50, M|100\/100\n|switch|p1b: Vaporeon|Vaporeon, L50, F|100\/100\n|move|p2a: Armarouge|Expanding Force|p1b: Vaporeon|[spread] p1b\n|-immune|p1a: Umbreon\n|-damage|p1b: Vaporeon|53\/100\n|-damage|p2a: Armarouge|70\/100|[from] item: Life Orb\n|move|p1a: Umbreon|Foul Play|p2a: Armarouge\n|-supereffective|p2a: Armarouge\n|-damage|p2a: Armarouge|33\/100\n|\n|-heal|p1b: Vaporeon|59\/100|[from] item: Leftovers\n|-end|p2a: Armarouge|move: Taunt\n|upkeep\n|turn|5\n|\n|t:|1700812039\n|move|p2b: Ursaluna|Blood Moon|p1a: Umbreon\n|-damage|p1a: Umbreon|43\/100\n|-enditem|p1a: Umbreon|Sitrus Berry|[eat]\n|-heal|p1a: Umbreon|67\/100|[from] item: Sitrus Berry\n|move|p2a: Armarouge|Armor Cannon|p1a: Umbreon\n|-damage|p1a: Umbreon|28\/100\n|-unboost|p2a: Armarouge|def|1\n|-unboost|p2a: Armarouge|spd|1\n|-damage|p2a: Armarouge|24\/100|[from] item: Life Orb\n|move|p1a: Umbreon|Snarl|p2b: Ursaluna|[spread] p2a,p2b\n|-supereffective|p2a: Armarouge\n|-damage|p2a: Armarouge|0 fnt\n|-damage|p2b: Ursaluna|90\/100\n|-unboost|p2b: Ursaluna|spa|1\n|faint|p2a: Armarouge\n|move|p1b: Vaporeon|Yawn|p2b: Ursaluna\n|-start|p2b: Ursaluna|move: Yawn|[of] p1b: Vaporeon\n|\n|-heal|p1b: Vaporeon|65\/100|[from] item: Leftovers\n|-fieldend|move: Psychic Terrain\n|upkeep\n|\n|t:|1700812043\n|switch|p2a: Indeedee|Indeedee-F, L50, F, tera:Fairy|96\/100\n|-fieldstart|move: Psychic Terrain|[from] ability: Psychic Surge|[of] p2a: Indeedee\n|turn|6\n|\n|t:|1700812059\n|switch|p1a: Glaceon|Glaceon, L50, F|100\/100\n|move|p2b: Ursaluna|Hyper Voice|p1a: Glaceon|[spread] p1a,p1b\n|-damage|p1a: Glaceon|73\/100\n|-damage|p1b: Vaporeon|45\/100\n|-enditem|p2b: Ursaluna|Throat Spray\n|-boost|p2b: Ursaluna|spa|1|[from] item: Throat Spray\n|move|p1b: Vaporeon|Yawn|p2a: Indeedee\n|-start|p2a: Indeedee|move: Yawn|[of] p1b: Vaporeon\n|move|p2a: Indeedee|Dazzling Gleam|p1a: Glaceon|[spread] p1a,p1b\n|-damage|p1a: Glaceon|51\/100\n|-damage|p1b: Vaporeon|27\/100\n|\n|-heal|p1b: Vaporeon|33\/100|[from] item: Leftovers\n|-end|p2b: Ursaluna|move: Yawn|[silent]\n|-status|p2b: Ursaluna|slp\n|upkeep\n|turn|7\n|\n|t:|1700812083\n|switch|p1b: Ogerpon|Ogerpon-Hearthflame, L50, F|100\/100\n|-ability|p1b: Ogerpon|Mold Breaker\n|move|p2a: Indeedee|Follow Me|p2a: Indeedee\n|-singleturn|p2a: Indeedee|move: Follow Me\n|cant|p2b: Ursaluna|slp\n|move|p1a: Glaceon|Freeze-Dry|p2a: Indeedee\n|-damage|p2a: Indeedee|60\/100\n|\n|-end|p2a: Indeedee|move: Yawn|[silent]\n|-status|p2a: Indeedee|slp\n|-fieldend|move: Trick Room\n|upkeep\n|turn|8\n|-activate|p1a: Glaceon|item: Quick Claw\n|\n|t:|1700812091\n|cant|p2a: Indeedee|slp\n|move|p1a: Glaceon|Freeze-Dry|p2a: Indeedee\n|-damage|p2a: Indeedee|20\/100 slp\n|move|p1b: Ogerpon|Ivy Cudgel|p2a: Indeedee|[anim] Ivy Cudgel Fire\n|-damage|p2a: Indeedee|0 fnt\n|faint|p2a: Indeedee\n|-curestatus|p2b: Ursaluna|slp|[msg]\n|move|p2b: Ursaluna|Blood Moon|p1b: Ogerpon\n|-damage|p1b: Ogerpon|8\/100\n|\n|upkeep\n|turn|9\n|\n|t:|1700812102\n|move|p1b: Ogerpon|Horn Leech|p2b: Ursaluna\n|-supereffective|p2b: Ursaluna\n|-damage|p2b: Ursaluna|29\/100\n|-heal|p1b: Ogerpon|48\/100|[from] drain|[of] p2b: Ursaluna\n|move|p1a: Glaceon|Freeze-Dry|p2b: Ursaluna\n|-supereffective|p2b: Ursaluna\n|-damage|p2b: Ursaluna|0 fnt\n|faint|p2b: Ursaluna\n|\n|win|Emanyueru1\n|raw|Emanyueru1's rating: 1327 &rarr; <strong>1350<\/strong><br \/>(+23 for winning)\n|raw|fgc irongod's rating: 1378 &rarr; <strong>1355<\/strong><br \/>(-23 for losing)\n|c|\u2606Emanyueru1|gg\n|l|\u2606fgc irongod\n","uploadtime":1700812115,"views":7,"p1id":"emanyueru1","p2id":"fgcirongod","formatid":"gen9vgc2023regulatione","rating":1350,"private":0,"password":""}