{"id":"gen9vgc2023regulatione-1993622712","p1":"V. Veluza 289","p2":"NervousAvocado","format":"[Gen 9] VGC 2023 Regulation E","log":"|j|\u2606V. Veluza 289\n|j|\u2606NervousAvocado\n|t:|1700338569\n|gametype|doubles\n|player|p1|V. Veluza 289|psychic-gen4|1000\n|player|p2|NervousAvocado|aaron|1067\n|teamsize|p1|6\n|teamsize|p2|6\n|gen|9\n|tier|[Gen 9] VGC 2023 Regulation E\n|rated|\n|rule|Species Clause: Limit one of each Pok\u00e9mon\n|rule|Item Clause: Limit one of each item\n|clearpoke\n|poke|p1|Veluza, L50, M|\n|poke|p1|Flamigo, L50, F|\n|poke|p1|Arcanine, L50, M|\n|poke|p1|Tornadus, L50, M|\n|poke|p1|Annihilape, L50, F|\n|poke|p1|Amoonguss, L50, F|\n|poke|p2|Landorus-Therian, L50, M|\n|poke|p2|Gastrodon, L50, M|\n|poke|p2|Rillaboom, L50, M|\n|poke|p2|Arcanine-Hisui, L50, F|\n|poke|p2|Roaring Moon, L50|\n|poke|p2|Flutter Mane, L50|\n|teampreview|4\n|inactive|Battle timer is ON: inactive players will automatically lose when time's up. (requested by V. Veluza 289)\n|\n|t:|1700338603\n|start\n|switch|p1a: Arcanine|Arcanine, L50, M, shiny|100\/100\n|switch|p1b: Tornadus|Tornadus, L50, M|100\/100\n|switch|p2a: Arcanine|Arcanine-Hisui, L50, F|100\/100\n|switch|p2b: Flutter Mane|Flutter Mane, L50|100\/100\n|-ability|p1a: Arcanine|Intimidate|boost\n|-unboost|p2a: Arcanine|atk|1\n|-unboost|p2b: Flutter Mane|atk|1\n|-ability|p2a: Arcanine|Intimidate|boost\n|-unboost|p1a: Arcanine|atk|1\n|-unboost|p1b: Tornadus|atk|1\n|turn|1\n|inactive|NervousAvocado has 30 seconds left.\n|\n|t:|1700338634\n|-end|p2b: Flutter Mane|Protosynthesis|[silent]\n|switch|p2b: Roaring Moon|Roaring Moon, L50|100\/100\n|-enditem|p2b: Roaring Moon|Booster Energy\n|-activate|p2b: Roaring Moon|ability: Protosynthesis|[fromitem]\n|-start|p2b: Roaring Moon|protosynthesisatk\n|move|p1b: Tornadus|Knock Off|p2b: Roaring Moon\n|-resisted|p2b: Roaring Moon\n|-damage|p2b: Roaring Moon|95\/100\n|move|p1a: Arcanine|Snarl|p2b: Roaring Moon|[spread] p2a,p2b\n|-resisted|p2b: Roaring Moon\n|-damage|p2a: Arcanine|89\/100\n|-damage|p2b: Roaring Moon|90\/100\n|-unboost|p2a: Arcanine|spa|1\n|-unboost|p2b: Roaring Moon|spa|1\n|move|p2a: Arcanine|Roar|p1b: Tornadus\n|drag|p1b: Flamigo|Flamigo, L50, F|100\/100\n|-copyboost|p1b: Flamigo|p1a: Arcanine|[from] ability: Costar\n|\n|upkeep\n|turn|2\n|inactive|NervousAvocado has 30 seconds left.\n|\n|t:|1700338664\n|switch|p1b: Tornadus|Tornadus, L50, M|100\/100\n|switch|p1a: Annihilape|Annihilape, L50, F|100\/100\n|move|p2b: Roaring Moon|Acrobatics|p1b: Tornadus\n|-damage|p1b: Tornadus|49\/100\n|move|p2a: Arcanine|Will-O-Wisp|p1b: Tornadus\n|-status|p1b: Tornadus|brn\n|\n|-damage|p1b: Tornadus|43\/100 brn|[from] brn\n|upkeep\n|turn|3\n|inactive|V. Veluza 289 has 30 seconds left.\n|inactive|NervousAvocado has 30 seconds left.\n|\n|t:|1700338693\n|switch|p1b: Arcanine|Arcanine, L50, M, shiny|100\/100\n|-ability|p1b: Arcanine|Intimidate|boost\n|-unboost|p2a: Arcanine|atk|1\n|-unboost|p2b: Roaring Moon|atk|1\n|switch|p2a: Flutter Mane|Flutter Mane, L50|100\/100\n|-terastallize|p1a: Annihilape|Steel\n|move|p2b: Roaring Moon|Acrobatics|p1a: Annihilape\n|-resisted|p1a: Annihilape\n|-damage|p1a: Annihilape|84\/100\n|move|p1a: Annihilape|Counter|p2b: Roaring Moon\n|-damage|p2b: Roaring Moon|58\/100\n|\n|upkeep\n|turn|4\n|inactive|NervousAvocado has 30 seconds left.\n|\n|t:|1700338724\n|-end|p2b: Roaring Moon|Protosynthesis|[silent]\n|switch|p2b: Arcanine|Arcanine-Hisui, L50, F|89\/100\n|-ability|p2b: Arcanine|Intimidate|boost\n|-unboost|p1a: Annihilape|atk|1\n|-ability|p1a: Annihilape|Defiant|boost\n|-boost|p1a: Annihilape|atk|2\n|-unboost|p1b: Arcanine|atk|1\n|move|p2a: Flutter Mane|Mystical Fire|p1a: Annihilape\n|-supereffective|p1a: Annihilape\n|-damage|p1a: Annihilape|8\/100\n|-unboost|p1a: Annihilape|spa|1\n|-ability|p1a: Annihilape|Defiant|boost\n|-boost|p1a: Annihilape|atk|2\n|-enditem|p1a: Annihilape|Weakness Policy\n|-boost|p1a: Annihilape|atk|2|[from] item: Weakness Policy\n|-boost|p1a: Annihilape|spa|2|[from] item: Weakness Policy\n|move|p1b: Arcanine|Howl|p1b: Arcanine|[spread] p1a,p1b\n|-boost|p1a: Annihilape|atk|1\n|-boost|p1b: Arcanine|atk|1\n|move|p1a: Annihilape|Rage Fist|p2a: Flutter Mane\n|-supereffective|p2a: Flutter Mane\n|-damage|p2a: Flutter Mane|0 fnt\n|faint|p2a: Flutter Mane\n|-end|p2a: Flutter Mane|Protosynthesis|[silent]\n|\n|upkeep\n|\n|t:|1700338741\n|switch|p2a: Roaring Moon|Roaring Moon, L50|58\/100\n|turn|5\n|\n|t:|1700338757\n|switch|p1b: Flamigo|Flamigo, L50, F|100\/100\n|-copyboost|p1b: Flamigo|p1a: Annihilape|[from] ability: Costar\n|move|p2b: Arcanine|Extreme Speed|p1a: Annihilape\n|-resisted|p1a: Annihilape\n|-damage|p1a: Annihilape|0 fnt\n|faint|p1a: Annihilape\n|move|p2a: Roaring Moon|Knock Off|p1b: Flamigo\n|-resisted|p1b: Flamigo\n|-damage|p1b: Flamigo|68\/100\n|-enditem|p1b: Flamigo|Aguav Berry|[from] move: Knock Off|[of] p2a: Roaring Moon\n|\n|upkeep\n|\n|t:|1700338768\n|switch|p1a: Arcanine|Arcanine, L50, M, shiny|100\/100\n|-ability|p1a: Arcanine|Intimidate|boost\n|-unboost|p2a: Roaring Moon|atk|1\n|-unboost|p2b: Arcanine|atk|1\n|turn|6\n|\n|t:|1700338783\n|move|p1a: Arcanine|Helping Hand|p1b: Flamigo\n|-singleturn|p1b: Flamigo|Helping Hand|[of] p1a: Arcanine\n|move|p2b: Arcanine|Extreme Speed|p1b: Flamigo\n|-damage|p1b: Flamigo|50\/100\n|move|p2a: Roaring Moon|Acrobatics|p1b: Flamigo\n|-supereffective|p1b: Flamigo\n|-damage|p1b: Flamigo|0 fnt\n|faint|p1b: Flamigo\n|\n|upkeep\n|\n|t:|1700338792\n|switch|p1b: Tornadus|Tornadus, L50, M|43\/100 brn\n|turn|7\n|\n|t:|1700338806\n|switch|p2b: Gastrodon|Gastrodon, L50, M|100\/100\n|move|p1a: Arcanine|Helping Hand|p1b: Tornadus\n|-singleturn|p1b: Tornadus|Helping Hand|[of] p1a: Arcanine\n|move|p2a: Roaring Moon|Tailwind|p2a: Roaring Moon\n|-sidestart|p2: NervousAvocado|move: Tailwind\n|move|p1b: Tornadus|Knock Off|p2a: Roaring Moon\n|-resisted|p2a: Roaring Moon\n|-damage|p2a: Roaring Moon|52\/100\n|\n|-damage|p1b: Tornadus|37\/100 brn|[from] brn\n|upkeep\n|turn|8\n|-message|V. Veluza 289 forfeited.\n|\n|win|NervousAvocado\n|raw|V. Veluza 289's rating: 1000 &rarr; <strong>1000<\/strong><br \/>(+0 for losing)\n|raw|NervousAvocado's rating: 1067 &rarr; <strong>1091<\/strong><br \/>(+24 for winning)\n|l|\u2606V. Veluza 289\n|c|\u2606NervousAvocado|Gg\n","uploadtime":1700338953,"views":8,"p1id":"vveluza289","p2id":"nervousavocado","formatid":"gen9vgc2023regulatione","rating":1000,"private":0,"password":""}