{"id":"gen9vgc2023regulatione-1987973207","p1":"Kzjrzhk","p2":"jonita0805","format":"[Gen 9] VGC 2023 Regulation E","log":"|j|\u2606Kzjrzhk\n|j|\u2606jonita0805\n|t:|1699654743\n|gametype|doubles\n|player|p1|Kzjrzhk|lance|1040\n|player|p2|jonita0805|lucas|1018\n|teamsize|p1|6\n|teamsize|p2|6\n|gen|9\n|tier|[Gen 9] VGC 2023 Regulation E\n|rated|\n|rule|Species Clause: Limit one of each Pok\u00e9mon\n|rule|Item Clause: Limit one of each item\n|clearpoke\n|poke|p1|Flutter Mane, L50|\n|poke|p1|Tornadus, L50, M|\n|poke|p1|Rillaboom, L50, F|\n|poke|p1|Garganacl, L50, M|\n|poke|p1|Arcanine-Hisui, L50, F|\n|poke|p1|Chien-Pao, L50|\n|poke|p2|Empoleon, L50, M|\n|poke|p2|Landorus-Therian, L50, M|\n|poke|p2|Rillaboom, L50, M|\n|poke|p2|Urshifu-*, L50, F|\n|poke|p2|Flutter Mane, L50|\n|poke|p2|Tornadus, L50, M|\n|teampreview|4\n|inactive|Battle timer is ON: inactive players will automatically lose when time's up. (requested by Kzjrzhk)\n|\n|t:|1699654803\n|start\n|switch|p1a: Garganacl|Garganacl, L50, M|100\/100\n|switch|p1b: Tornadus|Tornadus, L50, M|100\/100\n|switch|p2a: Empoleon|Empoleon, L50, M, shiny|100\/100\n|switch|p2b: Tornadus|Tornadus, L50, M|100\/100\n|turn|1\n|inactive|Kzjrzhk has 30 seconds left.\n|inactive|Kzjrzhk has 20 seconds left.\n|\n|t:|1699654839\n|-terastallize|p1a: Garganacl|Ghost\n|move|p2b: Tornadus|Tailwind|p2b: Tornadus\n|-sidestart|p2: jonita0805|move: Tailwind\n|move|p2a: Empoleon|Icy Wind|p1b: Tornadus|[spread] p1a,p1b\n|-supereffective|p1b: Tornadus\n|-damage|p1a: Garganacl|93\/100\n|-damage|p1b: Tornadus|82\/100\n|-unboost|p1a: Garganacl|spe|1\n|-unboost|p1b: Tornadus|spe|1\n|move|p1b: Tornadus|Bleakwind Storm|p2b: Tornadus|[spread] p2a,p2b\n|-resisted|p2a: Empoleon\n|-damage|p2a: Empoleon|89\/100\n|-damage|p2b: Tornadus|62\/100\n|move|p1a: Garganacl|Salt Cure|p2a: Empoleon\n|-resisted|p2a: Empoleon\n|-damage|p2a: Empoleon|83\/100\n|-start|p2a: Empoleon|Salt Cure\n|\n|-heal|p2a: Empoleon|88\/100|[from] item: Leftovers\n|-damage|p2a: Empoleon|64\/100|[from] Salt Cure\n|upkeep\n|turn|2\n|inactive|Kzjrzhk has 30 seconds left.\n|\n|t:|1699654867\n|move|p1b: Tornadus|Sunny Day|p1b: Tornadus\n|-weather|SunnyDay\n|move|p2b: Tornadus|Bleakwind Storm|p1b: Tornadus|[spread] p1a,p1b\n|-damage|p1a: Garganacl|66\/100\n|-damage|p1b: Tornadus|51\/100\n|-unboost|p1b: Tornadus|spe|1\n|move|p2a: Empoleon|Yawn|p1a: Garganacl\n|-immune|p1a: Garganacl|[from] ability: Purifying Salt\n|move|p1a: Garganacl|Iron Defense|p1a: Garganacl\n|-boost|p1a: Garganacl|def|2\n|\n|-weather|SunnyDay|[upkeep]\n|-heal|p2a: Empoleon|70\/100|[from] item: Leftovers\n|-damage|p2a: Empoleon|45\/100|[from] Salt Cure\n|upkeep\n|turn|3\n|\n|t:|1699654887\n|switch|p2a: Rillaboom|Rillaboom, L50, M|100\/100\n|-fieldstart|move: Grassy Terrain|[from] ability: Grassy Surge|[of] p2a: Rillaboom\n|move|p2b: Tornadus|Rain Dance|p2b: Tornadus\n|-weather|RainDance\n|move|p1b: Tornadus|Tailwind|p1b: Tornadus\n|-sidestart|p1: Kzjrzhk|move: Tailwind\n|move|p1a: Garganacl|Recover|p1a: Garganacl\n|-heal|p1a: Garganacl|100\/100\n|\n|-weather|RainDance|[upkeep]\n|upkeep\n|turn|4\n|\n|t:|1699654907\n|move|p1a: Garganacl|Protect|p1a: Garganacl\n|-singleturn|p1a: Garganacl|Protect\n|move|p2a: Rillaboom|Fake Out|p1b: Tornadus\n|-damage|p1b: Tornadus|33\/100\n|-damage|p2a: Rillaboom|84\/100|[from] item: Rocky Helmet|[of] p1b: Tornadus\n|move|p2b: Tornadus|Bleakwind Storm|p1b: Tornadus|[spread] p1b\n|-activate|p1a: Garganacl|move: Protect\n|-crit|p1b: Tornadus\n|-damage|p1b: Tornadus|0 fnt\n|faint|p1b: Tornadus\n|\n|-weather|RainDance|[upkeep]\n|-heal|p2a: Rillaboom|90\/100|[from] Grassy Terrain\n|-sideend|p2: jonita0805|move: Tailwind\n|upkeep\n|\n|t:|1699654923\n|switch|p1b: Rillaboom|Rillaboom, L50, F|100\/100\n|turn|5\n|inactive|jonita0805 has 30 seconds left.\n|\n|t:|1699654953\n|move|p1b: Rillaboom|Fake Out|p2b: Tornadus\n|-damage|p2b: Tornadus|43\/100\n|move|p2b: Tornadus|Tailwind|p2b: Tornadus\n|-sidestart|p2: jonita0805|move: Tailwind\n|move|p2a: Rillaboom|U-turn|p1a: Garganacl\n|-resisted|p1a: Garganacl\n|-damage|p1a: Garganacl|97\/100\n|\n|t:|1699654961\n|switch|p2a: Urshifu|Urshifu-Rapid-Strike, L50, F|100\/100|[from] U-turn\n|move|p1a: Garganacl|Salt Cure|p2b: Tornadus\n|-supereffective|p2b: Tornadus\n|-damage|p2b: Tornadus|8\/100\n|\n|-weather|RainDance|[upkeep]\n|-heal|p1a: Garganacl|100\/100|[from] Grassy Terrain\n|upkeep\n|turn|6\n|\n|t:|1699654983\n|-terastallize|p2b: Tornadus|Poison\n|move|p1b: Rillaboom|Grassy Glide|p2a: Urshifu\n|-supereffective|p2a: Urshifu\n|-damage|p2a: Urshifu|22\/100\n|move|p2a: Urshifu|Surging Strikes|p1a: Garganacl\n|-crit|p1a: Garganacl\n|-damage|p1a: Garganacl|77\/100\n|-crit|p1a: Garganacl\n|-damage|p1a: Garganacl|54\/100\n|-crit|p1a: Garganacl\n|-damage|p1a: Garganacl|31\/100\n|-enditem|p1a: Garganacl|Sitrus Berry|[eat]\n|-heal|p1a: Garganacl|56\/100|[from] item: Sitrus Berry\n|-hitcount|p1a: Garganacl|3\n|move|p2b: Tornadus|Sludge Bomb|p1b: Rillaboom\n|-supereffective|p1b: Rillaboom\n|-damage|p1b: Rillaboom|33\/100\n|move|p1a: Garganacl|Salt Cure|p2a: Urshifu\n|-resisted|p2a: Urshifu\n|-damage|p2a: Urshifu|15\/100\n|-start|p2a: Urshifu|Salt Cure\n|\n|-weather|RainDance|[upkeep]\n|-heal|p2a: Urshifu|21\/100|[from] Grassy Terrain\n|-heal|p2b: Tornadus|13\/100|[from] Grassy Terrain\n|-heal|p1b: Rillaboom|39\/100|[from] Grassy Terrain\n|-heal|p1a: Garganacl|62\/100|[from] Grassy Terrain\n|-damage|p2a: Urshifu|0 fnt|[from] Salt Cure\n|faint|p2a: Urshifu\n|-sideend|p1: Kzjrzhk|move: Tailwind\n|upkeep\n|inactive|jonita0805 has 30 seconds left.\n|inactive|jonita0805 has 20 seconds left.\n|\n|t:|1699655021\n|switch|p2a: Empoleon|Empoleon, L50, M, shiny|45\/100\n|turn|7\n|\n|t:|1699655035\n|move|p1b: Rillaboom|Grassy Glide|p2b: Tornadus\n|-resisted|p2b: Tornadus\n|-damage|p2b: Tornadus|0 fnt\n|faint|p2b: Tornadus\n|move|p2a: Empoleon|Flash Cannon|p1a: Garganacl\n|-damage|p1a: Garganacl|39\/100\n|move|p1a: Garganacl|Salt Cure|p2a: Empoleon\n|-resisted|p2a: Empoleon\n|-damage|p2a: Empoleon|39\/100\n|-start|p2a: Empoleon|Salt Cure\n|\n|-weather|none\n|-heal|p2a: Empoleon|44\/100|[from] Grassy Terrain\n|-heal|p2a: Empoleon|50\/100|[from] item: Leftovers\n|-heal|p1b: Rillaboom|44\/100|[from] Grassy Terrain\n|-heal|p1a: Garganacl|44\/100|[from] Grassy Terrain\n|-damage|p2a: Empoleon|26\/100|[from] Salt Cure\n|-fieldend|move: Grassy Terrain\n|upkeep\n|inactive|jonita0805 has 30 seconds left.\n|\n|t:|1699655061\n|switch|p2b: Rillaboom|Rillaboom, L50, M|90\/100\n|-fieldstart|move: Grassy Terrain|[from] ability: Grassy Surge|[of] p2b: Rillaboom\n|turn|8\n|inactive|jonita0805 has 30 seconds left.\n|inactive|jonita0805 has 20 seconds left.\n|\n|t:|1699655096\n|move|p1b: Rillaboom|Grassy Glide|p2a: Empoleon\n|-damage|p2a: Empoleon|0 fnt\n|faint|p2a: Empoleon\n|move|p2b: Rillaboom|High Horsepower|p1a: Garganacl\n|-crit|p1a: Garganacl\n|-damage|p1a: Garganacl|12\/100\n|move|p1a: Garganacl|Recover|p1a: Garganacl\n|-heal|p1a: Garganacl|62\/100\n|\n|-heal|p2b: Rillaboom|96\/100|[from] Grassy Terrain\n|-heal|p1b: Rillaboom|50\/100|[from] Grassy Terrain\n|-heal|p1a: Garganacl|68\/100|[from] Grassy Terrain\n|-sideend|p2: jonita0805|move: Tailwind\n|upkeep\n|turn|9\n|-message|jonita0805 forfeited.\n|\n|win|Kzjrzhk\n|raw|Kzjrzhk's rating: 1040 &rarr; <strong>1072<\/strong><br \/>(+32 for winning)\n|raw|jonita0805's rating: 1018 &rarr; <strong>1006<\/strong><br \/>(-12 for losing)\n|l|\u2606jonita0805\n","uploadtime":1699655122,"views":13,"p1id":"kzjrzhk","p2id":"jonita0805","formatid":"gen9vgc2023regulatione","rating":1006,"private":0,"password":""}