{"id":"gen9vgc2023regulatione-1994317521","p1":"ThisTia","p2":"NekrosM0S","format":"[Gen 9] VGC 2023 Regulation E","log":"|j|\u2606ThisTia\n|j|\u2606NekrosM0S\n|t:|1700430456\n|gametype|doubles\n|player|p1|ThisTia|cynthia|1216\n|player|p2|NekrosM0S|colress|1272\n|teamsize|p1|6\n|teamsize|p2|6\n|gen|9\n|tier|[Gen 9] VGC 2023 Regulation E\n|rated|\n|rule|Species Clause: Limit one of each Pok\u00e9mon\n|rule|Item Clause: Limit one of each item\n|clearpoke\n|poke|p1|Iron Moth, L50|\n|poke|p1|Grimmsnarl, L50, M|\n|poke|p1|Gholdengo, L50|\n|poke|p1|Iron Hands, L50|\n|poke|p1|Ogerpon-Wellspring, L50, F|\n|poke|p1|Tornadus, L50, M|\n|poke|p2|Iron Moth, L50|\n|poke|p2|Flutter Mane, L50|\n|poke|p2|Iron Hands, L50|\n|poke|p2|Landorus-Therian, L50, M|\n|poke|p2|Ogerpon-Wellspring, L50, F|\n|poke|p2|Gholdengo, L50|\n|teampreview|4\n|\n|t:|1700430521\n|start\n|switch|p1a: Grimmsnarl|Grimmsnarl, L50, M|100\/100\n|switch|p1b: Gholdengo|Gholdengo, L50|100\/100\n|switch|p2a: Landorus|Landorus-Therian, L50, M|100\/100\n|switch|p2b: Iron Hands|Iron Hands, L50, shiny|100\/100\n|-ability|p2a: Landorus|Intimidate|boost\n|-unboost|p1a: Grimmsnarl|atk|1\n|-unboost|p1b: Gholdengo|atk|1\n|turn|1\n|\n|t:|1700430547\n|move|p1b: Gholdengo|Protect|p1b: Gholdengo\n|-singleturn|p1b: Gholdengo|Protect\n|move|p1a: Grimmsnarl|Reflect|p1a: Grimmsnarl\n|-sidestart|p1: ThisTia|Reflect\n|move|p2a: Landorus|Stomping Tantrum|p1b: Gholdengo\n|-activate|p1b: Gholdengo|move: Protect\n|move|p2b: Iron Hands|Wild Charge|p1b: Gholdengo\n|-activate|p1b: Gholdengo|move: Protect\n|\n|upkeep\n|turn|2\n|\n|t:|1700430571\n|switch|p1b: Iron Hands|Iron Hands, L50|100\/100\n|-end|p2b: Iron Hands|Quark Drive|[silent]\n|switch|p2b: Flutter Mane|Flutter Mane, L50, shiny|100\/100\n|move|p1a: Grimmsnarl|Parting Shot|p2a: Landorus\n|-unboost|p2a: Landorus|atk|1\n|-unboost|p2a: Landorus|spa|1\n|\n|t:|1700430581\n|switch|p1a: Iron Moth|Iron Moth, L50|100\/100|[from] Parting Shot\n|-enditem|p1a: Iron Moth|Booster Energy\n|-activate|p1a: Iron Moth|ability: Quark Drive|[fromitem]\n|-start|p1a: Iron Moth|quarkdrivespe\n|move|p2a: Landorus|Stomping Tantrum|p1b: Iron Hands\n|-supereffective|p1b: Iron Hands\n|-damage|p1b: Iron Hands|75\/100\n|\n|upkeep\n|turn|3\n|\n|t:|1700430605\n|switch|p2a: Iron Hands|Iron Hands, L50, shiny|100\/100\n|-terastallize|p1b: Iron Hands|Fire\n|move|p1a: Iron Moth|Fiery Dance|p2b: Flutter Mane\n|-damage|p2b: Flutter Mane|62\/100\n|-boost|p1a: Iron Moth|spa|1\n|move|p2b: Flutter Mane|Dazzling Gleam|p1b: Iron Hands|[spread] p1a,p1b\n|-resisted|p1a: Iron Moth\n|-resisted|p1b: Iron Hands\n|-damage|p1a: Iron Moth|90\/100\n|-damage|p1b: Iron Hands|61\/100\n|move|p1b: Iron Hands|Heavy Slam|p2b: Flutter Mane\n|-supereffective|p2b: Flutter Mane\n|-damage|p2b: Flutter Mane|0 fnt\n|faint|p2b: Flutter Mane\n|-end|p2b: Flutter Mane|Protosynthesis|[silent]\n|\n|upkeep\n|\n|t:|1700430619\n|switch|p2b: Landorus|Landorus-Therian, L50, M|100\/100\n|-ability|p2b: Landorus|Intimidate|boost\n|-unboost|p1a: Iron Moth|atk|1\n|-unboost|p1b: Iron Hands|atk|1\n|turn|4\n|\n|t:|1700430638\n|-end|p1b: Iron Hands|Quark Drive|[silent]\n|switch|p1b: Gholdengo|Gholdengo, L50|100\/100\n|move|p2a: Iron Hands|Fake Out|p1b: Gholdengo\n|-immune|p1b: Gholdengo\n|move|p1a: Iron Moth|Sludge Wave|p2b: Landorus|[spread] p2a,p2b\n|-immune|p1b: Gholdengo\n|-resisted|p2b: Landorus\n|-damage|p2a: Iron Hands|77\/100\n|-damage|p2b: Landorus|68\/100\n|-status|p2b: Landorus|psn\n|move|p2b: Landorus|Stomping Tantrum|p1a: Iron Moth\n|-supereffective|p1a: Iron Moth\n|-damage|p1a: Iron Moth|0 fnt\n|faint|p1a: Iron Moth\n|-end|p1a: Iron Moth|Quark Drive|[silent]\n|\n|-damage|p2b: Landorus|56\/100 psn|[from] psn\n|upkeep\n|\n|t:|1700430659\n|switch|p1a: Grimmsnarl|Grimmsnarl, L50, M|100\/100\n|turn|5\n|\n|t:|1700430670\n|move|p1b: Gholdengo|Protect|p1b: Gholdengo\n|-singleturn|p1b: Gholdengo|Protect\n|move|p1a: Grimmsnarl|Parting Shot|p2b: Landorus\n|-unboost|p2b: Landorus|atk|1\n|-unboost|p2b: Landorus|spa|1\n|\n|t:|1700430675\n|switch|p1a: Iron Hands|Iron Hands, L50, tera:Fire|61\/100|[from] Parting Shot\n|move|p2b: Landorus|Stomping Tantrum|p1b: Gholdengo\n|-activate|p1b: Gholdengo|move: Protect\n|move|p2a: Iron Hands|Heavy Slam|p1a: Iron Hands\n|-resisted|p1a: Iron Hands\n|-damage|p1a: Iron Hands|58\/100\n|\n|-damage|p2b: Landorus|44\/100 psn|[from] psn\n|upkeep\n|turn|6\n|\n|t:|1700430691\n|switch|p2b: Ogerpon|Ogerpon-Wellspring, L50, F|100\/100\n|move|p1a: Iron Hands|Fake Out|p2b: Ogerpon\n|-damage|p2b: Ogerpon|84\/100\n|move|p1b: Gholdengo|Nasty Plot|p1b: Gholdengo\n|-boost|p1b: Gholdengo|spa|2\n|move|p2a: Iron Hands|Drain Punch|p1a: Iron Hands\n|-damage|p1a: Iron Hands|40\/100\n|-heal|p2a: Iron Hands|86\/100|[from] drain|[of] p1a: Iron Hands\n|\n|upkeep\n|turn|7\n|\n|t:|1700430721\n|-end|p1a: Iron Hands|Quark Drive|[silent]\n|switch|p1a: Grimmsnarl|Grimmsnarl, L50, M|100\/100\n|-terastallize|p2b: Ogerpon|Water\n|detailschange|p2b: Ogerpon|Ogerpon-Wellspring-Tera, L50, F, tera:Water\n|-ability|p2b: Ogerpon|Embody Aspect (Wellspring)|boost\n|-boost|p2b: Ogerpon|spd|1\n|move|p2b: Ogerpon|Ivy Cudgel|p1a: Grimmsnarl|[anim] Ivy Cudgel Water\n|-damage|p1a: Grimmsnarl|54\/100\n|move|p1b: Gholdengo|Shadow Ball|p2b: Ogerpon\n|-damage|p2b: Ogerpon|30\/100\n|move|p2a: Iron Hands|Drain Punch|p1a: Grimmsnarl\n|-damage|p1a: Grimmsnarl|27\/100\n|-heal|p2a: Iron Hands|98\/100|[from] drain|[of] p1a: Grimmsnarl\n|\n|upkeep\n|turn|8\n|\n|t:|1700430747\n|move|p2b: Ogerpon|Spiky Shield|p2b: Ogerpon\n|-singleturn|p2b: Ogerpon|move: Protect\n|move|p1b: Gholdengo|Shadow Ball|p2b: Ogerpon\n|-activate|p2b: Ogerpon|move: Protect\n|move|p1a: Grimmsnarl|Spirit Break|p2a: Iron Hands\n|-supereffective|p2a: Iron Hands\n|-damage|p2a: Iron Hands|55\/100\n|-unboost|p2a: Iron Hands|spa|1\n|move|p2a: Iron Hands|Heavy Slam|p1a: Grimmsnarl\n|-supereffective|p1a: Grimmsnarl\n|-damage|p1a: Grimmsnarl|0 fnt\n|faint|p1a: Grimmsnarl\n|\n|-sideend|p1: ThisTia|Reflect\n|upkeep\n|\n|t:|1700430749\n|switch|p1a: Iron Hands|Iron Hands, L50, tera:Fire|40\/100\n|turn|9\n|\n|t:|1700430773\n|switch|p2b: Landorus|Landorus-Therian, L50, M|44\/100 psn\n|-ability|p2b: Landorus|Intimidate|boost\n|-unboost|p1a: Iron Hands|atk|1\n|-unboost|p1b: Gholdengo|atk|1\n|move|p1a: Iron Hands|Fake Out|p2b: Landorus\n|-damage|p2b: Landorus|33\/100 psn\n|move|p1b: Gholdengo|Shadow Ball|p2a: Iron Hands\n|-damage|p2a: Iron Hands|19\/100\n|-unboost|p2a: Iron Hands|spd|1\n|move|p2a: Iron Hands|Wild Charge|p1b: Gholdengo\n|-damage|p1b: Gholdengo|58\/100\n|-damage|p2a: Iron Hands|10\/100|[from] Recoil\n|\n|-heal|p1b: Gholdengo|64\/100|[from] item: Leftovers\n|-damage|p2b: Landorus|20\/100 psn|[from] psn\n|upkeep\n|turn|10\n|\n|t:|1700430796\n|move|p1b: Gholdengo|Protect|p1b: Gholdengo\n|-singleturn|p1b: Gholdengo|Protect\n|move|p2b: Landorus|Stomping Tantrum|p1b: Gholdengo\n|-activate|p1b: Gholdengo|move: Protect\n|move|p2a: Iron Hands|Drain Punch|p1a: Iron Hands\n|-damage|p1a: Iron Hands|13\/100\n|-heal|p2a: Iron Hands|25\/100|[from] drain|[of] p1a: Iron Hands\n|move|p1a: Iron Hands|Drain Punch|p2a: Iron Hands\n|-damage|p2a: Iron Hands|4\/100\n|-heal|p1a: Iron Hands|24\/100|[from] drain|[of] p2a: Iron Hands\n|\n|-heal|p1b: Gholdengo|70\/100|[from] item: Leftovers\n|-damage|p2b: Landorus|8\/100 psn|[from] psn\n|upkeep\n|turn|11\n|\n|t:|1700430816\n|move|p1b: Gholdengo|Protect|p1b: Gholdengo\n|-singleturn|p1b: Gholdengo|Protect\n|move|p2b: Landorus|Stomping Tantrum|p1b: Gholdengo\n|-activate|p1b: Gholdengo|move: Protect\n|move|p1a: Iron Hands|Drain Punch|p2a: Iron Hands\n|-damage|p2a: Iron Hands|0 fnt\n|-heal|p1a: Iron Hands|25\/100|[from] drain|[of] p2a: Iron Hands\n|faint|p2a: Iron Hands\n|-end|p2a: Iron Hands|Quark Drive|[silent]\n|\n|-heal|p1b: Gholdengo|77\/100|[from] item: Leftovers\n|-damage|p2b: Landorus|0 fnt|[from] psn\n|faint|p2b: Landorus\n|upkeep\n|\n|t:|1700430825\n|switch|p2b: Ogerpon|Ogerpon-Wellspring-Tera, L50, F, tera:Water|30\/100\n|-ability|p2b: Ogerpon|Embody Aspect (Wellspring)|boost\n|-boost|p2b: Ogerpon|spd|1\n|turn|12\n|\n|t:|1700430835\n|move|p2b: Ogerpon|Ivy Cudgel|p1a: Iron Hands|[anim] Ivy Cudgel Water\n|-supereffective|p1a: Iron Hands\n|-damage|p1a: Iron Hands|0 fnt\n|faint|p1a: Iron Hands\n|-end|p1a: Iron Hands|Quark Drive|[silent]\n|move|p1b: Gholdengo|Shadow Ball|p2b: Ogerpon\n|-crit|p2b: Ogerpon\n|-damage|p2b: Ogerpon|0 fnt\n|faint|p2b: Ogerpon\n|\n|win|ThisTia\n|raw|ThisTia's rating: 1216 &rarr; <strong>1245<\/strong><br \/>(+29 for winning)\n|raw|NekrosM0S's rating: 1272 &rarr; <strong>1243<\/strong><br \/>(-29 for losing)\n|c|\u2606NekrosM0S|gg\n","uploadtime":1700430843,"views":4,"p1id":"thistia","p2id":"nekrosm0s","formatid":"gen9vgc2023regulatione","rating":1243,"private":0,"password":""}