{"id":"gen9vgc2023regulatione-1998650976","p1":"gooseiq","p2":"FortreeFlygonmen","format":"[Gen 9] VGC 2023 Regulation E","log":"|j|\u2606gooseiq\n|j|\u2606FortreeFlygonmen\n|n|\u2606gooseiq|gooseiq\n|n|\u2606FortreeFlygonmen|fortreeflygonmen\n|html|View the match progress at <a href=\"\/game-bestof3-gen9vgc2023regulatione-1998647159\">game-bestof3-gen9vgc2023regulatione-1998647159<\/a>\n|t:|1700967712\n|gametype|doubles\n|player|p1|gooseiq|harlequin|\n|player|p2|FortreeFlygonmen|sage|\n|teamsize|p1|6\n|teamsize|p2|6\n|gen|9\n|tier|[Gen 9] VGC 2023 Regulation E\n|rule|Species Clause: Limit one of each Pok\u00e9mon\n|rule|Item Clause: Limit one of each item\n|clearpoke\n|poke|p1|Kilowattrel, L50, M|\n|poke|p1|Chi-Yu, L50|\n|poke|p1|Dachsbun, L50, M|\n|poke|p1|Rillaboom, L50, F|\n|poke|p1|Cryogonal, L50|\n|poke|p1|Iron Treads, L50|\n|poke|p2|Tornadus, L50, M|\n|poke|p2|Iron Hands, L50|\n|poke|p2|Basculegion-F, L50, F|\n|poke|p2|Sinistcha, L50|\n|poke|p2|Bisharp, L50, F|\n|poke|p2|Greedent, L50, M|\n|teampreview|4\n|inactive|Battle timer is ON: inactive players will automatically lose when time's up. (requested by gooseiq)\n|j| pokemon_and_beer\n|inactiveoff|Battle timer is now OFF.\n|c| pokemon_and_beer|glhf!\n|\n|t:|1700967764\n|start\n|switch|p1a: Thor|Kilowattrel, L50, M|100\/100\n|switch|p1b: Rollie|Iron Treads, L50, shiny|100\/100\n|switch|p2a: Woody|Greedent, L50, M|100\/100\n|switch|p2b: Kick Puncher|Iron Hands, L50|100\/100\n|turn|1\n|c|\u2606FortreeFlygonmen|Glhf\n|c|\u2606gooseiq|GL HF!\n|\n|t:|1700967812\n|move|p1a: Thor|Protect|p1a: Thor\n|-singleturn|p1a: Thor|Protect\n|move|p2b: Kick Puncher|Protect|p2b: Kick Puncher\n|-singleturn|p2b: Kick Puncher|Protect\n|move|p1b: Rollie|Earthquake|p2b: Kick Puncher|[spread] p2a\n|-activate|p1a: Thor|move: Protect\n|-activate|p2b: Kick Puncher|move: Protect\n|-damage|p2a: Woody|81\/100\n|move|p2a: Woody|Stuff Cheeks|p2a: Woody\n|-boost|p2a: Woody|def|2\n|-enditem|p2a: Woody|Apicot Berry|[eat]\n|-boost|p2a: Woody|spd|1|[from] item: Apicot Berry\n|-heal|p2a: Woody|100\/100|[from] ability: Cheek Pouch\n|\n|upkeep\n|turn|2\n|\n|t:|1700967912\n|switch|p1a: Tank|Dachsbun, L50, M, shiny|100\/100\n|move|p1b: Rollie|Iron Head|p2b: Kick Puncher\n|-resisted|p2b: Kick Puncher\n|-damage|p2b: Kick Puncher|89\/100\n|move|p2b: Kick Puncher|Swords Dance|p2b: Kick Puncher\n|-boost|p2b: Kick Puncher|atk|2\n|move|p2a: Woody|Body Press|p1b: Rollie\n|-supereffective|p1b: Rollie\n|-crit|p1b: Rollie\n|-damage|p1b: Rollie|2\/100\n|\n|-heal|p2b: Kick Puncher|95\/100|[from] item: Leftovers\n|upkeep\n|turn|3\n|\n|t:|1700967945\n|-end|p1b: Rollie|Quark Drive|[silent]\n|switch|p1b: Thor|Kilowattrel, L50, M|100\/100\n|-terastallize|p1a: Tank|Grass\n|move|p1a: Tank|Body Press|p2b: Kick Puncher\n|-damage|p2b: Kick Puncher|76\/100\n|move|p2b: Kick Puncher|Thunder Punch|p1a: Tank\n|-resisted|p1a: Tank\n|-damage|p1a: Tank|71\/100\n|-damage|p2b: Kick Puncher|60\/100|[from] item: Rocky Helmet|[of] p1a: Tank\n|move|p2a: Woody|Knock Off|p1b: Thor\n|-damage|p1b: Thor|62\/100\n|-enditem|p1b: Thor|Focus Sash|[from] move: Knock Off|[of] p2a: Woody\n|\n|-heal|p2b: Kick Puncher|66\/100|[from] item: Leftovers\n|upkeep\n|turn|4\n|\n|t:|1700967972\n|move|p2b: Kick Puncher|Protect|p2b: Kick Puncher\n|-singleturn|p2b: Kick Puncher|Protect\n|move|p1b: Thor|Air Slash|p2a: Woody\n|-damage|p2a: Woody|80\/100\n|move|p1a: Tank|Body Press|p2a: Woody\n|-supereffective|p2a: Woody\n|-damage|p2a: Woody|60\/100\n|move|p2a: Woody|Body Press|p1a: Tank\n|-damage|p1a: Tank|40\/100\n|-damage|p2a: Woody|44\/100|[from] item: Rocky Helmet|[of] p1a: Tank\n|\n|-heal|p2b: Kick Puncher|72\/100|[from] item: Leftovers\n|upkeep\n|turn|5\n|\n|t:|1700967998\n|switch|p1b: Eruption|Chi-Yu, L50|100\/100\n|-ability|p1b: Eruption|Beads of Ruin\n|move|p2a: Woody|Protect|p2a: Woody\n|-singleturn|p2a: Woody|Protect\n|move|p1a: Tank|Wish|p1a: Tank\n|move|p2b: Kick Puncher|Drain Punch|p1a: Tank\n|-damage|p1a: Tank|0 fnt\n|-heal|p2b: Kick Puncher|85\/100|[from] drain|[of] p1a: Tank\n|-damage|p2b: Kick Puncher|69\/100|[from] item: Rocky Helmet|[of] p1a: Tank\n|faint|p1a: Tank\n|\n|-heal|p2b: Kick Puncher|75\/100|[from] item: Leftovers\n|upkeep\n|\n|t:|1700968046\n|switch|p1a: Rollie|Iron Treads, L50, shiny|2\/100\n|turn|6\n|\n|t:|1700968057\n|-end|p2b: Kick Puncher|Quark Drive|[silent]\n|switch|p2b: Yerba Mama|Sinistcha, L50|100\/100\n|-heal|p2a: Woody|68\/100|[from] ability: Hospitality|[of] p2b: Yerba Mama\n|-terastallize|p2a: Woody|Dragon\n|move|p1b: Eruption|Protect|p1b: Eruption\n|-singleturn|p1b: Eruption|Protect\n|move|p1a: Rollie|Earthquake|p2a: Woody|[spread] p2a,p2b\n|-activate|p1b: Eruption|move: Protect\n|-resisted|p2b: Yerba Mama\n|-damage|p2a: Woody|58\/100\n|-damage|p2b: Yerba Mama|84\/100\n|move|p2a: Woody|Body Press|p1b: Eruption\n|-activate|p1b: Eruption|move: Protect\n|\n|-heal|p1a: Rollie|44\/100|[from] move: Wish|[wisher] Tank\n|upkeep\n|turn|7\n|\n|t:|1700968087\n|switch|p2b: Kick Puncher|Iron Hands, L50|75\/100\n|move|p1b: Eruption|Flamethrower|p2b: Kick Puncher\n|-damage|p2b: Kick Puncher|11\/100\n|move|p1a: Rollie|Iron Head|p2a: Woody\n|-damage|p2a: Woody|47\/100\n|move|p2a: Woody|Body Press|p1b: Eruption\n|-supereffective|p1b: Eruption\n|-damage|p1b: Eruption|0 fnt\n|faint|p1b: Eruption\n|\n|-heal|p2b: Kick Puncher|17\/100|[from] item: Leftovers\n|upkeep\n|\n|t:|1700968102\n|switch|p1b: Thor|Kilowattrel, L50, M|62\/100\n|turn|8\n|\n|t:|1700968109\n|-end|p2b: Kick Puncher|Quark Drive|[silent]\n|switch|p2b: Yerba Mama|Sinistcha, L50|84\/100\n|-heal|p2a: Woody|71\/100|[from] ability: Hospitality|[of] p2b: Yerba Mama\n|move|p2a: Woody|Protect|p2a: Woody\n|-singleturn|p2a: Woody|Protect\n|move|p1b: Thor|Air Slash|p2b: Yerba Mama\n|-supereffective|p2b: Yerba Mama\n|-damage|p2b: Yerba Mama|16\/100\n|-enditem|p2b: Yerba Mama|Sitrus Berry|[eat]\n|-heal|p2b: Yerba Mama|41\/100|[from] item: Sitrus Berry\n|move|p1a: Rollie|Earthquake|p2b: Yerba Mama|[spread] p2b\n|-activate|p2a: Woody|move: Protect\n|-immune|p1b: Thor\n|-resisted|p2b: Yerba Mama\n|-damage|p2b: Yerba Mama|26\/100\n|\n|upkeep\n|turn|9\n|j| Cmholde2\n|\n|t:|1700968135\n|move|p1b: Thor|Air Slash|p2a: Woody\n|-damage|p2a: Woody|52\/100\n|move|p1a: Rollie|Earthquake|p2a: Woody|[spread] p2a,p2b\n|-immune|p1b: Thor\n|-resisted|p2b: Yerba Mama\n|-damage|p2a: Woody|41\/100\n|-damage|p2b: Yerba Mama|8\/100\n|move|p2b: Yerba Mama|Life Dew|p2b: Yerba Mama|[spread] p2a,p2b\n|-heal|p2a: Woody|66\/100\n|-heal|p2b: Yerba Mama|33\/100\n|cant|p2a: Woody|flinch\n|\n|upkeep\n|turn|10\n|\n|t:|1700968160\n|switch|p2b: Bisharps that shit|Bisharp, L50, F, shiny|100\/100\n|move|p2a: Woody|Protect|p2a: Woody\n|-singleturn|p2a: Woody|Protect\n|move|p1b: Thor|Air Slash|p2b: Bisharps that shit\n|-resisted|p2b: Bisharps that shit\n|-damage|p2b: Bisharps that shit|88\/100\n|move|p1a: Rollie|Earthquake|p2a: Woody|[spread] p2b\n|-activate|p2a: Woody|move: Protect\n|-immune|p1b: Thor\n|-supereffective|p2b: Bisharps that shit\n|-damage|p2b: Bisharps that shit|44\/100\n|\n|upkeep\n|turn|11\n|\n|t:|1700968178\n|move|p1b: Thor|Protect|p1b: Thor\n|-singleturn|p1b: Thor|Protect\n|move|p2b: Bisharps that shit|Sucker Punch||[still]\n|-fail|p2b: Bisharps that shit\n|move|p1a: Rollie|Earthquake|p2b: Bisharps that shit|[spread] p2a,p2b\n|-activate|p1b: Thor|move: Protect\n|-crit|p2a: Woody\n|-supereffective|p2b: Bisharps that shit\n|-damage|p2a: Woody|37\/100\n|-damage|p2b: Bisharps that shit|0 fnt\n|faint|p2b: Bisharps that shit\n|move|p2a: Woody|Body Press|p1a: Rollie\n|-supereffective|p1a: Rollie\n|-damage|p1a: Rollie|0 fnt\n|faint|p1a: Rollie\n|-end|p1a: Rollie|Quark Drive|[silent]\n|\n|upkeep\n|\n|t:|1700968193\n|switch|p2b: Yerba Mama|Sinistcha, L50|33\/100\n|-heal|p2a: Woody|61\/100|[from] ability: Hospitality|[of] p2b: Yerba Mama\n|turn|12\n|\n|t:|1700968203\n|move|p1b: Thor|Thunderbolt|p2b: Yerba Mama\n|-resisted|p2b: Yerba Mama\n|-crit|p2b: Yerba Mama\n|-damage|p2b: Yerba Mama|3\/100\n|move|p2b: Yerba Mama|Shadow Ball|p1b: Thor\n|-damage|p1b: Thor|0 fnt\n|faint|p1b: Thor\n|\n|win|FortreeFlygonmen\n|c|\u2606FortreeFlygonmen|Gg\n|c|\u2606gooseiq|GG\n|inactive|gooseiq has 50 seconds to confirm battle start!\n|inactive|FortreeFlygonmen has 50 seconds to confirm battle start!\n|c|&|\/uhtml prompt-gooseiq,gooseiq is ready for game 3!\n","uploadtime":1700968219,"views":2,"p1id":"gooseiq","p2id":"fortreeflygonmen","formatid":"gen9vgc2023regulatione","rating":0,"private":0,"password":""}