{"id":"gen9vgc2023regulatione-1995666876","p1":"Lux2821","p2":"OMGPACHIMARI","format":"[Gen 9] VGC 2023 Regulation E","log":"|j|\u2606Lux2821\n|j|\u2606OMGPACHIMARI\n|n|\u2606Lux2821|lux2821\n|n|\u2606OMGPACHIMARI|omgpachimari\n|html|View the match progress at <a href=\"\/game-bestof3-gen9vgc2023regulatione-1995666875\">game-bestof3-gen9vgc2023regulatione-1995666875<\/a>\n|t:|1700592210\n|gametype|doubles\n|player|p1|Lux2821|lusamine-nihilego|\n|player|p2|OMGPACHIMARI|norman|\n|teamsize|p1|6\n|teamsize|p2|6\n|gen|9\n|tier|[Gen 9] VGC 2023 Regulation E\n|rule|Species Clause: Limit one of each Pok\u00e9mon\n|rule|Item Clause: Limit one of each item\n|clearpoke\n|poke|p1|Tornadus, L50, M|\n|poke|p1|Chi-Yu, L50|\n|poke|p1|Arcanine, L50, M|\n|poke|p1|Dachsbun, L50, F|\n|poke|p1|Chesnaught, L50, M|\n|poke|p1|Pachirisu, L50, M|\n|poke|p2|Grumpig, L50, F|\n|poke|p2|Dragonite, L50, F|\n|poke|p2|Golduck, L50, F|\n|poke|p2|Flareon, L50, M|\n|poke|p2|Bombirdier, L50, F|\n|poke|p2|Volcarona, L50, F|\n|teampreview|4\n|inactive|Battle timer is ON: inactive players will automatically lose when time's up. (requested by Lux2821)\n|inactive|OMGPACHIMARI also wants the timer to be on.\n|inactive|Lux2821 no longer wants the timer on, but the timer is staying on because omgpachimari still does.\n|inactiveoff|Battle timer is now OFF.\nOMGPACHIMARI rejected open team sheets.\n|c|\u2606Lux2821|There we go\n|c|\u2606OMGPACHIMARI|holaaa\n|c|\u2606OMGPACHIMARI|thanks fam\n|c|\u2606Lux2821|Hola\n|\n|t:|1700592287\n|start\n|switch|p1a: Cyclone|Tornadus, L50, M, shiny|100\/100\n|switch|p1b: Me no likely this|Chesnaught, L50, M, shiny|100\/100\n|switch|p2a: Grumpig|Grumpig, L50, F|100\/100\n|switch|p2b: Golduck|Golduck, L50, F|100\/100\n|-ability|p2b: Golduck|Cloud Nine\n|turn|1\n|c|\u2606OMGPACHIMARI|oh man I'm nervous xD\n|c|\u2606OMGPACHIMARI|glhf\n|c|\u2606Lux2821|u2\n|j| Jstardude\n|\n|t:|1700592333\n|switch|p2a: Dragonite|Dragonite, L50, F|100\/100\n|move|p1a: Cyclone|Tailwind|p1a: Cyclone\n|-sidestart|p1: Lux2821|move: Tailwind\n|move|p1b: Me no likely this|Leech Seed|p2b: Golduck\n|-start|p2b: Golduck|move: Leech Seed\n|move|p2b: Golduck|Yawn|p1a: Cyclone\n|-start|p1a: Cyclone|move: Yawn|[of] p2b: Golduck\n|\n|-damage|p2b: Golduck|88\/100|[from] Leech Seed|[of] p1b: Me no likely this\n|upkeep\n|turn|2\n|j| Tuxmux\n|\n|t:|1700592375\n|switch|p2b: Grumpig|Grumpig, L50, F|100\/100\n|-terastallize|p1a: Cyclone|Ice\n|move|p1a: Cyclone|Tera Blast|p2a: Dragonite|[anim] Tera Blast Ice\n|-supereffective|p2a: Dragonite\n|-damage|p2a: Dragonite|0 fnt\n|faint|p2a: Dragonite\n|move|p1b: Me no likely this|Rock Slide|p2b: Grumpig|[miss]\n|-miss|p1b: Me no likely this|p2b: Grumpig\n|\n|-end|p1a: Cyclone|move: Yawn|[silent]\n|-status|p1a: Cyclone|slp\n|upkeep\n|c|\u2606OMGPACHIMARI|oh\n|\n|t:|1700592386\n|switch|p2a: Volcarona|Volcarona, L50, F|100\/100\n|turn|3\n|\n|t:|1700592421\n|-terastallize|p2a: Volcarona|Water\n|move|p2b: Grumpig|Helping Hand|p2a: Volcarona\n|-singleturn|p2a: Volcarona|Helping Hand|[of] p2b: Grumpig\n|cant|p1a: Cyclone|slp\n|move|p1b: Me no likely this|Rock Slide|p2a: Volcarona|[spread] p2a,p2b\n|-damage|p2a: Volcarona|84\/100\n|-damage|p2b: Grumpig|82\/100\n|cant|p2a: Volcarona|flinch\n|\n|upkeep\n|turn|4\n|c|\u2606OMGPACHIMARI|ok\n|\n|t:|1700592445\n|move|p2b: Grumpig|Helping Hand|p2a: Volcarona\n|-singleturn|p2a: Volcarona|Helping Hand|[of] p2b: Grumpig\n|move|p1b: Me no likely this|Wide Guard|p1b: Me no likely this\n|-singleturn|p1b: Me no likely this|Wide Guard\n|cant|p1a: Cyclone|slp\n|move|p2a: Volcarona|Heat Wave|p1a: Cyclone|[spread] \n|-activate|p1a: Cyclone|move: Wide Guard\n|-activate|p1b: Me no likely this|move: Wide Guard\n|\n|-sideend|p1: Lux2821|move: Tailwind\n|upkeep\n|turn|5\n|c|\u2606OMGPACHIMARI|oh\n|c|\u2606OMGPACHIMARI|it gets wide guard\n|\n|t:|1700592475\n|move|p1b: Me no likely this|Spiky Shield||[still]\n|-fail|p1b: Me no likely this\n|-curestatus|p1a: Cyclone|slp|[msg]\n|move|p1a: Cyclone|Bleakwind Storm|p2a: Volcarona|[spread] p2b\n|-miss|p1a: Cyclone|p2a: Volcarona\n|-damage|p2b: Grumpig|57\/100\n|move|p2a: Volcarona|Quiver Dance|p2a: Volcarona\n|-boost|p2a: Volcarona|spa|1\n|-boost|p2a: Volcarona|spd|1\n|-boost|p2a: Volcarona|spe|1\n|move|p2b: Grumpig|Earth Power|p1a: Cyclone\n|-damage|p1a: Cyclone|75\/100\n|\n|upkeep\n|turn|6\n|\n|t:|1700592501\n|move|p1a: Cyclone|Tailwind|p1a: Cyclone\n|-sidestart|p1: Lux2821|move: Tailwind\n|move|p2a: Volcarona|Heat Wave|p1a: Cyclone|[spread] p1a,p1b\n|-supereffective|p1a: Cyclone\n|-supereffective|p1b: Me no likely this\n|-damage|p1a: Cyclone|0 fnt\n|-damage|p1b: Me no likely this|0 fnt\n|faint|p1a: Cyclone\n|faint|p1b: Me no likely this\n|move|p2b: Grumpig|Earth Power|p1: Cyclone|[notarget]\n|-fail|p2b: Grumpig\n|\n|upkeep\n|\n|t:|1700592507\n|switch|p1a: Doritos|Chi-Yu, L50|100\/100\n|switch|p1b: Pachi w Rizz u|Pachirisu, L50, M, shiny|100\/100\n|-ability|p1a: Doritos|Beads of Ruin\n|turn|7\n|l| Jstardude\n|j| Jstardude\n|\n|t:|1700592533\n|move|p2b: Grumpig|Helping Hand|p2a: Volcarona\n|-singleturn|p2a: Volcarona|Helping Hand|[of] p2b: Grumpig\n|move|p1b: Pachi w Rizz u|Follow Me|p1b: Pachi w Rizz u\n|-singleturn|p1b: Pachi w Rizz u|move: Follow Me\n|move|p1a: Doritos|Dark Pulse|p2b: Grumpig\n|-supereffective|p2b: Grumpig\n|-damage|p2b: Grumpig|0 fnt\n|faint|p2b: Grumpig\n|move|p2a: Volcarona|Heat Wave|p1a: Doritos|[spread] p1a\n|-miss|p2a: Volcarona|p1b: Pachi w Rizz u\n|-resisted|p1a: Doritos\n|-damage|p1a: Doritos|58\/100\n|\n|upkeep\n|\n|t:|1700592543\n|switch|p2b: Golduck|Golduck, L50, F|88\/100\n|-ability|p2b: Golduck|Cloud Nine\n|turn|8\n|\n|t:|1700592564\n|move|p1b: Pachi w Rizz u|Helping Hand|p1a: Doritos\n|-singleturn|p1a: Doritos|Helping Hand|[of] p1b: Pachi w Rizz u\n|move|p1a: Doritos|Dark Pulse|p2a: Volcarona\n|-damage|p2a: Volcarona|25\/100\n|-enditem|p2a: Volcarona|Aguav Berry|[eat]\n|-heal|p2a: Volcarona|58\/100|[from] item: Aguav Berry\n|cant|p2a: Volcarona|flinch\n|move|p2b: Golduck|Hydro Pump|p1a: Doritos\n|-supereffective|p1a: Doritos\n|-crit|p1a: Doritos\n|-damage|p1a: Doritos|0 fnt\n|faint|p1a: Doritos\n|\n|upkeep\n|turn|9\n|c|\u2606Lux2821|no not the fish\n|\n|t:|1700592581\n|move|p2a: Volcarona|Protect|p2a: Volcarona\n|-singleturn|p2a: Volcarona|Protect\n|move|p2b: Golduck|Protect|p2b: Golduck\n|-singleturn|p2b: Golduck|Protect\n|move|p1b: Pachi w Rizz u|Nuzzle|p2a: Volcarona\n|-activate|p2a: Volcarona|move: Protect\n|\n|-sideend|p1: Lux2821|move: Tailwind\n|upkeep\n|turn|10\n|c|\u2606OMGPACHIMARI|rip fish\n|\n|t:|1700592596\n|move|p2a: Volcarona|Heat Wave|p1b: Pachi w Rizz u\n|-damage|p1b: Pachi w Rizz u|20\/100\n|move|p1b: Pachi w Rizz u|Nuzzle|p2a: Volcarona\n|-supereffective|p2a: Volcarona\n|-damage|p2a: Volcarona|48\/100\n|-status|p2a: Volcarona|par\n|move|p2b: Golduck|Hydro Pump|p1b: Pachi w Rizz u\n|-damage|p1b: Pachi w Rizz u|0 fnt\n|faint|p1b: Pachi w Rizz u\n|\n|win|OMGPACHIMARI\n|c| Tuxmux|fish killed by water, how ironic\n|c|\u2606Lux2821|i know\n|c|&|\/uhtml prompt-lux2821,Lux2821 is ready for game 2!\n|j| Stryke Out\n|inactive|OMGPACHIMARI has 50 seconds to confirm battle start!\n|c|\u2606OMGPACHIMARI|gr\n|l| Jstardude\n|inactive|OMGPACHIMARI has 40 seconds to confirm battle start!\n|j| ryanogiggs11\n|l| Stryke Out\n|c|&|\/uhtml prompt-omgpachimari,OMGPACHIMARI is ready for game 2!\nBoth players are ready! Starting next match!\n|j| Jstardude\n|c|\u2606Lux2821|gr\n|l| ryanogiggs11\n|l| Jstardude\n","uploadtime":1700592663,"views":1,"p1id":"lux2821","p2id":"omgpachimari","formatid":"gen9vgc2023regulatione","rating":0,"private":0,"password":""}