{"id":"gen9vgc2023regulatione-1999989364","p1":"Dudecubed","p2":"St34lth_","format":"[Gen 9] VGC 2023 Regulation E","log":"|j|\u2606Dudecubed\n|j|\u2606St34lth_\n|t:|1701138265\n|gametype|doubles\n|player|p1|Dudecubed|brycenman|1101\n|player|p2|St34lth_|youngster|1065\n|teamsize|p1|6\n|teamsize|p2|6\n|gen|9\n|tier|[Gen 9] VGC 2023 Regulation E\n|rated|\n|rule|Species Clause: Limit one of each Pok\u00e9mon\n|rule|Item Clause: Limit one of each item\n|clearpoke\n|poke|p1|Volcarona, L50, M|\n|poke|p1|Flutter Mane, L50|\n|poke|p1|Sinistcha, L50|\n|poke|p1|Iron Hands, L50|\n|poke|p1|Cloyster, L50, M|\n|poke|p1|Sableye, L50, M|\n|poke|p2|Chesnaught, L50, F|\n|poke|p2|Cresselia, L50, F|\n|poke|p2|Heatran, L50, F|\n|poke|p2|Tyranitar, L50, F|\n|poke|p2|Landorus, L50, M|\n|poke|p2|Slowbro, L50, M|\n|teampreview|4\n|inactive|Battle timer is ON: inactive players will automatically lose when time's up. (requested by Dudecubed)\n|inactive|Dudecubed has 60 seconds left.\n|inactive|St34lth_ has 60 seconds left.\n|\n|t:|1701138324\n|start\n|switch|p1a: Volcarona|Volcarona, L50, M|100\/100\n|switch|p1b: Cloyster|Cloyster, L50, M, shiny|100\/100\n|switch|p2a: Cresselia|Cresselia, L50, F|100\/100\n|switch|p2b: Chesnaught|Chesnaught, L50, F|100\/100\n|turn|1\n|inactive|St34lth_ has 30 seconds left.\n|inactive|St34lth_ has 20 seconds left.\n|inactive|St34lth_ has 15 seconds left.\n|\n|t:|1701138365\n|switch|p2b: Heatran|Heatran, L50, F|100\/100\n|move|p1a: Volcarona|Rage Powder|p1a: Volcarona\n|-singleturn|p1a: Volcarona|move: Rage Powder\n|move|p1b: Cloyster|Shell Smash|p1b: Cloyster\n|-unboost|p1b: Cloyster|def|1\n|-unboost|p1b: Cloyster|spd|1\n|-boost|p1b: Cloyster|atk|2\n|-boost|p1b: Cloyster|spa|2\n|-boost|p1b: Cloyster|spe|2\n|-enditem|p1b: Cloyster|White Herb\n|-clearnegativeboost|p1b: Cloyster|[silent]\n|move|p2a: Cresselia|Icy Wind|p1b: Cloyster|[spread] p1a,p1b\n|-resisted|p1a: Volcarona\n|-resisted|p1b: Cloyster\n|-damage|p1a: Volcarona|97\/100\n|-damage|p1b: Cloyster|96\/100\n|-unboost|p1a: Volcarona|spe|1\n|-unboost|p1b: Cloyster|spe|1\n|\n|upkeep\n|turn|2\n|inactive|Dudecubed has 30 seconds left.\n|inactive|St34lth_ has 30 seconds left.\n|\n|t:|1701138397\n|switch|p1a: Iron Hands|Iron Hands, L50|100\/100\n|move|p2b: Heatran|Protect|p2b: Heatran\n|-singleturn|p2b: Heatran|Protect\n|move|p1b: Cloyster|Icicle Spear|p2a: Cresselia\n|-damage|p2a: Cresselia|85\/100\n|-damage|p2a: Cresselia|67\/100\n|-damage|p2a: Cresselia|51\/100\n|-damage|p2a: Cresselia|35\/100\n|-damage|p2a: Cresselia|17\/100\n|-enditem|p2a: Cresselia|Iapapa Berry|[eat]\n|-heal|p2a: Cresselia|50\/100|[from] item: Iapapa Berry\n|-hitcount|p2a: Cresselia|5\n|move|p2a: Cresselia|Trick Room|p2a: Cresselia\n|-fieldstart|move: Trick Room|[of] p2a: Cresselia\n|\n|upkeep\n|turn|3\n|inactive|St34lth_ has 30 seconds left.\n|\n|t:|1701138426\n|switch|p2b: Chesnaught|Chesnaught, L50, F|100\/100\n|move|p1a: Iron Hands|Fake Out|p2b: Chesnaught\n|-damage|p2b: Chesnaught|86\/100\n|move|p2a: Cresselia|Sunny Day|p2a: Cresselia\n|-weather|SunnyDay\n|move|p1b: Cloyster|Icicle Spear|p2a: Cresselia\n|-damage|p2a: Cresselia|33\/100\n|-damage|p2a: Cresselia|17\/100\n|-damage|p2a: Cresselia|2\/100\n|-damage|p2a: Cresselia|0 fnt\n|faint|p2a: Cresselia\n|-hitcount|p2: Cresselia|4\n|\n|-weather|SunnyDay|[upkeep]\n|upkeep\n|\n|t:|1701138436\n|switch|p2a: Heatran|Heatran, L50, F|100\/100\n|turn|4\n|\n|t:|1701138454\n|-terastallize|p2a: Heatran|Grass\n|move|p2b: Chesnaught|Knock Off|p1a: Iron Hands\n|-resisted|p1a: Iron Hands\n|-damage|p1a: Iron Hands|90\/100\n|-enditem|p1a: Iron Hands|Assault Vest|[from] move: Knock Off|[of] p2b: Chesnaught\n|move|p1a: Iron Hands|Drain Punch|p2a: Heatran\n|-damage|p2a: Heatran|63\/100\n|-heal|p1a: Iron Hands|100\/100|[from] drain|[of] p2a: Heatran\n|move|p2a: Heatran|Heat Wave|p1b: Cloyster|[spread] p1a,p1b\n|-damage|p1a: Iron Hands|46\/100\n|-damage|p1b: Cloyster|0 fnt\n|faint|p1b: Cloyster\n|\n|-weather|SunnyDay|[upkeep]\n|upkeep\n|\n|t:|1701138468\n|switch|p1b: Volcarona|Volcarona, L50, M|97\/100\n|turn|5\n|\n|t:|1701138486\n|move|p1a: Iron Hands|Fake Out||[still]\n|-hint|Fake Out only works on your first turn out.\n|-fail|p1a: Iron Hands\n|move|p2b: Chesnaught|Hammer Arm|p1a: Iron Hands\n|-damage|p1a: Iron Hands|15\/100\n|-unboost|p2b: Chesnaught|spe|1\n|move|p2a: Heatran|Heat Wave|p1b: Volcarona|[spread] p1a,p1b\n|-crit|p1a: Iron Hands\n|-damage|p1a: Iron Hands|0 fnt\n|-damage|p1b: Volcarona|41\/100\n|faint|p1a: Iron Hands\n|-end|p1a: Iron Hands|Quark Drive|[silent]\n|move|p1b: Volcarona|Heat Wave|p2a: Heatran|[spread] p2b\n|-start|p2a: Heatran|ability: Flash Fire\n|-supereffective|p2b: Chesnaught\n|-damage|p2b: Chesnaught|0 fnt\n|faint|p2b: Chesnaught\n|\n|-weather|SunnyDay|[upkeep]\n|upkeep\n|\n|t:|1701138502\n|switch|p2b: Slowbro|Slowbro, L50, M|100\/100\n|switch|p1a: Flutter Mane|Flutter Mane, L50|100\/100\n|-activate|p1a: Flutter Mane|ability: Protosynthesis\n|-start|p1a: Flutter Mane|protosynthesisspe\n|turn|6\n|\n|t:|1701138515\n|move|p2b: Slowbro|Protect|p2b: Slowbro\n|-singleturn|p2b: Slowbro|Protect\n|move|p2a: Heatran|Heat Wave|p1a: Flutter Mane|[spread] p1a,p1b\n|-damage|p1a: Flutter Mane|12\/100\n|-damage|p1b: Volcarona|0 fnt\n|faint|p1b: Volcarona\n|move|p1a: Flutter Mane|Moonblast|p2a: Heatran\n|-damage|p2a: Heatran|12\/100\n|-unboost|p2a: Heatran|spa|1\n|-enditem|p2a: Heatran|Figy Berry|[eat]\n|-heal|p2a: Heatran|45\/100|[from] item: Figy Berry\n|\n|-weather|SunnyDay|[upkeep]\n|-fieldend|move: Trick Room\n|upkeep\n|turn|7\n|-message|Dudecubed forfeited.\n|\n|win|St34lth_\n|raw|Dudecubed's rating: 1101 &rarr; <strong>1073<\/strong><br \/>(-28 for losing)\n|raw|St34lth_'s rating: 1065 &rarr; <strong>1098<\/strong><br \/>(+33 for winning)\n|l|\u2606Dudecubed\n|l|\u2606St34lth_\n|j|\u2606St34lth_\n|player|p2|St34lth_|youngster\n","uploadtime":1701138542,"views":1,"p1id":"dudecubed","p2id":"st34lth","formatid":"gen9vgc2023regulatione","rating":1073,"private":0,"password":""}