{"id":"gen9vgc2023regulatione-1997773701","p1":"Stonny","p2":"TheBeeps","format":"[Gen 9] VGC 2023 Regulation E","log":"|j|\u2606Stonny\n|j|\u2606TheBeeps\n|t:|1700851166\n|gametype|doubles\n|player|p1|Stonny|acetrainer-gen4dp|1123\n|player|p2|TheBeeps|cynthia-gen4|1151\n|teamsize|p1|6\n|teamsize|p2|6\n|gen|9\n|tier|[Gen 9] VGC 2023 Regulation E\n|rated|\n|rule|Species Clause: Limit one of each Pok\u00e9mon\n|rule|Item Clause: Limit one of each item\n|clearpoke\n|poke|p1|Iron Hands, L50|\n|poke|p1|Landorus-Therian, L50, M|\n|poke|p1|Sinistcha, L50|\n|poke|p1|Grimmsnarl, L50, M|\n|poke|p1|Goodra-Hisui, L50, M|\n|poke|p1|Toxapex, L50, M|\n|poke|p2|Salamence, L50, M|\n|poke|p2|Urshifu-*, L50, F|\n|poke|p2|Iron Hands, L50|\n|poke|p2|Politoed, L50, F|\n|poke|p2|Gholdengo, L50|\n|poke|p2|Weezing-Galar, L50, F|\n|teampreview|4\n|inactive|Battle timer is ON: inactive players will automatically lose when time's up. (requested by Stonny)\nTheBeeps has agreed to open team sheets.\n|inactive|Stonny has 60 seconds left.\n|\n|t:|1700851197\n|start\n|switch|p1a: Grimmsnarl|Grimmsnarl, L50, M|100\/100\n|switch|p1b: Landorus|Landorus-Therian, L50, M|100\/100\n|switch|p2a: Salamence|Salamence, L50, M|100\/100\n|switch|p2b: Politoed|Politoed, L50, F|100\/100\n|-ability|p1b: Landorus|Intimidate|boost\n|-unboost|p2a: Salamence|atk|1\n|-unboost|p2b: Politoed|atk|1\n|-ability|p2a: Salamence|Intimidate|boost\n|-unboost|p1a: Grimmsnarl|atk|1\n|-unboost|p1b: Landorus|atk|1\n|-weather|RainDance|[from] ability: Drizzle|[of] p2b: Politoed\n|turn|1\n|\n|t:|1700851219\n|move|p1a: Grimmsnarl|Light Screen|p1a: Grimmsnarl\n|-sidestart|p1: Stonny|move: Light Screen\n|move|p1b: Landorus|U-turn|p2b: Politoed\n|-damage|p2b: Politoed|85\/100\n|\n|t:|1700851224\n|switch|p1b: Goodra|Goodra-Hisui, L50, M|100\/100|[from] U-turn\n|move|p2a: Salamence|Tailwind|p2a: Salamence\n|-sidestart|p2: TheBeeps|move: Tailwind\n|move|p2b: Politoed|Icy Wind|p1a: Grimmsnarl|[spread] p1a,p1b\n|-crit|p1a: Grimmsnarl\n|-damage|p1a: Grimmsnarl|88\/100\n|-damage|p1b: Goodra|96\/100\n|-unboost|p1b: Goodra|spe|1\n|\n|-weather|RainDance|[upkeep]\n|-heal|p1b: Goodra|100\/100|[from] item: Leftovers\n|upkeep\n|turn|2\n|\n|t:|1700851243\n|move|p2b: Politoed|Helping Hand|p2a: Salamence\n|-singleturn|p2a: Salamence|Helping Hand|[of] p2b: Politoed\n|move|p2a: Salamence|Draco Meteor|p1b: Goodra\n|-damage|p1b: Goodra|45\/100\n|-unboost|p2a: Salamence|spa|2\n|-damage|p2a: Salamence|90\/100|[from] item: Life Orb\n|move|p1a: Grimmsnarl|Spirit Break|p2a: Salamence\n|-supereffective|p2a: Salamence\n|-damage|p2a: Salamence|41\/100\n|-unboost|p2a: Salamence|spa|1\n|move|p1b: Goodra|Shelter|p1b: Goodra\n|-boost|p1b: Goodra|def|2\n|\n|-weather|RainDance|[upkeep]\n|-heal|p1b: Goodra|51\/100|[from] item: Leftovers\n|upkeep\n|turn|3\n|inactive|TheBeeps has 30 seconds left.\n|\n|t:|1700851273\n|switch|p2a: Gholdengo|Gholdengo, L50|100\/100\n|move|p2b: Politoed|Muddy Water|p1b: Goodra|[spread] p1a,p1b\n|-resisted|p1b: Goodra\n|-damage|p1a: Grimmsnarl|68\/100\n|-damage|p1b: Goodra|44\/100\n|move|p1a: Grimmsnarl|Spirit Break|p2a: Gholdengo\n|-resisted|p2a: Gholdengo\n|-damage|p2a: Gholdengo|88\/100\n|-unboost|p2a: Gholdengo|spa|1\n|move|p1b: Goodra|Life Dew|p1b: Goodra|[spread] p1a,p1b\n|-heal|p1a: Grimmsnarl|93\/100\n|-heal|p1b: Goodra|69\/100\n|\n|-weather|RainDance|[upkeep]\n|-heal|p1b: Goodra|75\/100|[from] item: Leftovers\n|upkeep\n|turn|4\n|inactive|Stonny has 30 seconds left.\n|\n|t:|1700851298\n|-terastallize|p1b: Goodra|Water\n|move|p1a: Grimmsnarl|Parting Shot|p2b: Politoed\n|-unboost|p2b: Politoed|atk|1\n|-unboost|p2b: Politoed|spa|1\n|\n|t:|1700851305\n|switch|p1a: Landorus|Landorus-Therian, L50, M|100\/100|[from] Parting Shot\n|-ability|p1a: Landorus|Intimidate|boost\n|-unboost|p2a: Gholdengo|atk|1\n|-unboost|p2b: Politoed|atk|1\n|move|p2a: Gholdengo|Trick|p1b: Goodra\n|-activate|p2a: Gholdengo|move: Trick|[of] p1b: Goodra\n|-item|p1b: Goodra|Choice Specs|[from] move: Trick\n|-item|p2a: Gholdengo|Leftovers|[from] move: Trick\n|move|p2b: Politoed|Muddy Water|p1a: Landorus|[spread] p1a,p1b\n|-supereffective|p1a: Landorus\n|-resisted|p1b: Goodra\n|-damage|p1a: Landorus|68\/100\n|-damage|p1b: Goodra|70\/100\n|-unboost|p1a: Landorus|accuracy|1\n|-unboost|p1b: Goodra|accuracy|1\n|move|p1b: Goodra|Body Press|p2b: Politoed\n|-damage|p2b: Politoed|40\/100\n|-enditem|p2b: Politoed|Sitrus Berry|[eat]\n|-heal|p2b: Politoed|64\/100|[from] item: Sitrus Berry\n|\n|-weather|RainDance|[upkeep]\n|-heal|p2a: Gholdengo|94\/100|[from] item: Leftovers\n|-sideend|p2: TheBeeps|move: Tailwind\n|upkeep\n|turn|5\n|inactive|TheBeeps has 30 seconds left.\n|\n|t:|1700851335\n|switch|p2a: Weezing|Weezing-Galar, L50, F|100\/100\n|-fieldstart|move: Misty Terrain|[from] ability: Misty Surge|[of] p2a: Weezing\n|switch|p2b: Salamence|Salamence, L50, M|41\/100\n|-ability|p2b: Salamence|Intimidate|boost\n|-unboost|p1a: Landorus|atk|1\n|-unboost|p1b: Goodra|atk|1\n|move|p1a: Landorus|Stomping Tantrum|p2a: Weezing\n|-supereffective|p2a: Weezing\n|-damage|p2a: Weezing|52\/100\n|move|p1b: Goodra|Body Press|p2b: Salamence\n|-resisted|p2b: Salamence\n|-damage|p2b: Salamence|9\/100\n|\n|-weather|none\n|-heal|p2a: Weezing|57\/100|[from] item: Leftovers\n|-sideend|p1: Stonny|move: Light Screen\n|upkeep\n|turn|6\n|inactive|Stonny has 30 seconds left.\n|inactive|TheBeeps has 30 seconds left.\n|\n|t:|1700851365\n|switch|p1a: Sinistcha|Sinistcha, L50|100\/100\n|-heal|p1b: Goodra|95\/100|[from] ability: Hospitality|[of] p1a: Sinistcha\n|switch|p2b: Politoed|Politoed, L50, F|64\/100\n|-weather|RainDance|[from] ability: Drizzle|[of] p2b: Politoed\n|move|p2a: Weezing|Protect|p2a: Weezing\n|-singleturn|p2a: Weezing|Protect\n|move|p1b: Goodra|Body Press|p2b: Politoed\n|-damage|p2b: Politoed|17\/100\n|\n|-weather|RainDance|[upkeep]\n|-heal|p2a: Weezing|63\/100|[from] item: Leftovers\n|upkeep\n|turn|7\n|\n|t:|1700851384\n|switch|p1b: Grimmsnarl|Grimmsnarl, L50, M|93\/100\n|move|p2b: Politoed|Protect|p2b: Politoed\n|-singleturn|p2b: Politoed|Protect\n|move|p2a: Weezing|Taunt|p1a: Sinistcha\n|-start|p1a: Sinistcha|move: Taunt\n|cant|p1a: Sinistcha|move: Taunt|Calm Mind\n|\n|-weather|RainDance|[upkeep]\n|-heal|p2a: Weezing|69\/100|[from] item: Leftovers\n|upkeep\n|turn|8\n|\n|t:|1700851405\n|switch|p2b: Gholdengo|Gholdengo, L50|94\/100\n|move|p1b: Grimmsnarl|Taunt|p2a: Weezing\n|-start|p2a: Weezing|move: Taunt\n|cant|p2a: Weezing|move: Taunt|Taunt\n|move|p1a: Sinistcha|Matcha Gotcha|p2b: Gholdengo|[spread] p2a,p2b\n|-resisted|p2a: Weezing\n|-resisted|p2b: Gholdengo\n|-damage|p2a: Weezing|53\/100\n|-damage|p2b: Gholdengo|80\/100\n|\n|-weather|RainDance|[upkeep]\n|-heal|p2b: Gholdengo|86\/100|[from] item: Leftovers\n|-heal|p2a: Weezing|59\/100|[from] item: Leftovers\n|upkeep\n|turn|9\n|inactive|TheBeeps has 30 seconds left.\n|\n|t:|1700851430\n|switch|p2a: Salamence|Salamence, L50, M|9\/100\n|-ability|p2a: Salamence|Intimidate|boost\n|-unboost|p1a: Sinistcha|atk|1\n|-unboost|p1b: Grimmsnarl|atk|1\n|move|p1b: Grimmsnarl|Light Screen|p1b: Grimmsnarl\n|-sidestart|p1: Stonny|move: Light Screen\n|move|p2b: Gholdengo|Make It Rain|p1b: Grimmsnarl|[spread] p1a,p1b\n|-supereffective|p1b: Grimmsnarl\n|-damage|p1a: Sinistcha|70\/100\n|-damage|p1b: Grimmsnarl|28\/100\n|-unboost|p2b: Gholdengo|spa|1\n|move|p1a: Sinistcha|Shadow Ball|p2b: Gholdengo\n|-supereffective|p2b: Gholdengo\n|-damage|p2b: Gholdengo|13\/100\n|\n|-weather|RainDance|[upkeep]\n|-heal|p2b: Gholdengo|19\/100|[from] item: Leftovers\n|-end|p1a: Sinistcha|move: Taunt\n|-fieldend|Misty Terrain\n|upkeep\n|turn|10\n|inactive|Stonny has 30 seconds left.\n|\n|t:|1700851455\n|move|p1b: Grimmsnarl|Parting Shot|p2a: Salamence\n|-unboost|p2a: Salamence|atk|1\n|-unboost|p2a: Salamence|spa|1\n|\n|t:|1700851460\n|switch|p1b: Goodra|Goodra-Hisui, L50, M, tera:Water|95\/100|[from] Parting Shot\n|move|p2a: Salamence|Roost|p2a: Salamence\n|-heal|p2a: Salamence|59\/100\n|-singleturn|p2a: Salamence|move: Roost\n|move|p2b: Gholdengo|Make It Rain|p1b: Goodra|[spread] p1a,p1b\n|-resisted|p1b: Goodra\n|-damage|p1a: Sinistcha|50\/100\n|-damage|p1b: Goodra|88\/100\n|-unboost|p2b: Gholdengo|spa|1\n|-enditem|p1a: Sinistcha|Sitrus Berry|[eat]\n|-heal|p1a: Sinistcha|75\/100|[from] item: Sitrus Berry\n|move|p1a: Sinistcha|Matcha Gotcha|p2a: Salamence|[spread] p2a,p2b\n|-resisted|p2a: Salamence\n|-resisted|p2b: Gholdengo\n|-damage|p2a: Salamence|43\/100\n|-heal|p1a: Sinistcha|83\/100|[from] drain|[of] p2a: Salamence\n|-damage|p2b: Gholdengo|5\/100\n|-heal|p1a: Sinistcha|90\/100|[from] drain|[of] p2b: Gholdengo\n|\n|-weather|none\n|-heal|p2b: Gholdengo|11\/100|[from] item: Leftovers\n|upkeep\n|turn|11\n|inactive|Stonny has 30 seconds left.\n|inactive|TheBeeps has 30 seconds left.\n|inactive|TheBeeps has 20 seconds left.\n|\n|t:|1700851496\n|move|p2a: Salamence|Roost|p2a: Salamence\n|-heal|p2a: Salamence|93\/100\n|-singleturn|p2a: Salamence|move: Roost\n|move|p2b: Gholdengo|Thunder|p1b: Goodra\n|-supereffective|p1b: Goodra\n|-damage|p1b: Goodra|71\/100\n|-status|p1b: Goodra|par\n|move|p1a: Sinistcha|Calm Mind|p1a: Sinistcha\n|-boost|p1a: Sinistcha|spa|1\n|-boost|p1a: Sinistcha|spd|1\n|move|p1b: Goodra|Heavy Slam|p2b: Gholdengo\n|-resisted|p2b: Gholdengo\n|-damage|p2b: Gholdengo|0 fnt\n|faint|p2b: Gholdengo\n|\n|upkeep\n|\n|t:|1700851511\n|switch|p2b: Politoed|Politoed, L50, F|17\/100\n|-weather|RainDance|[from] ability: Drizzle|[of] p2b: Politoed\n|turn|12\n|\n|t:|1700851526\n|switch|p1b: Grimmsnarl|Grimmsnarl, L50, M|28\/100\n|move|p2b: Politoed|Protect|p2b: Politoed\n|-singleturn|p2b: Politoed|Protect\n|move|p2a: Salamence|Hurricane|p1a: Sinistcha\n|-supereffective|p1a: Sinistcha\n|-damage|p1a: Sinistcha|52\/100\n|-damage|p2a: Salamence|83\/100|[from] item: Life Orb\n|move|p1a: Sinistcha|Matcha Gotcha|p2b: Politoed|[spread] p2a\n|-activate|p2b: Politoed|move: Protect\n|-resisted|p2a: Salamence\n|-damage|p2a: Salamence|72\/100\n|-heal|p1a: Sinistcha|57\/100|[from] drain|[of] p2a: Salamence\n|\n|-weather|RainDance|[upkeep]\n|upkeep\n|turn|13\n|inactive|TheBeeps has 30 seconds left.\n|\n|t:|1700851552\n|move|p2b: Politoed|Helping Hand|p2a: Salamence\n|-singleturn|p2a: Salamence|Helping Hand|[of] p2b: Politoed\n|move|p1b: Grimmsnarl|Parting Shot|p2a: Salamence\n|-unboost|p2a: Salamence|atk|1\n|-unboost|p2a: Salamence|spa|1\n|\n|t:|1700851557\n|switch|p1b: Landorus|Landorus-Therian, L50, M|68\/100|[from] Parting Shot\n|-ability|p1b: Landorus|Intimidate|boost\n|-unboost|p2a: Salamence|atk|1\n|-unboost|p2b: Politoed|atk|1\n|move|p2a: Salamence|Hurricane|p1b: Landorus\n|-damage|p1b: Landorus|32\/100\n|-damage|p2a: Salamence|62\/100|[from] item: Life Orb\n|move|p1a: Sinistcha|Matcha Gotcha|p2a: Salamence|[spread] p2a,p2b\n|-resisted|p2a: Salamence\n|-crit|p2a: Salamence\n|-supereffective|p2b: Politoed\n|-damage|p2a: Salamence|45\/100\n|-heal|p1a: Sinistcha|66\/100|[from] drain|[of] p2a: Salamence\n|-damage|p2b: Politoed|0 fnt\n|-heal|p1a: Sinistcha|75\/100|[from] drain|[of] p2b: Politoed\n|faint|p2b: Politoed\n|\n|-weather|RainDance|[upkeep]\n|-sideend|p1: Stonny|move: Light Screen\n|upkeep\n|\n|t:|1700851566\n|switch|p2b: Weezing|Weezing-Galar, L50, F|59\/100\n|-fieldstart|move: Misty Terrain|[from] ability: Misty Surge|[of] p2b: Weezing\n|turn|14\n|\n|t:|1700851581\n|move|p1b: Landorus|Stomping Tantrum|p2b: Weezing\n|-supereffective|p2b: Weezing\n|-damage|p2b: Weezing|0 fnt\n|faint|p2b: Weezing\n|move|p2a: Salamence|Roost|p2a: Salamence\n|-heal|p2a: Salamence|95\/100\n|-singleturn|p2a: Salamence|move: Roost\n|move|p1a: Sinistcha|Shadow Ball|p2a: Salamence\n|-damage|p2a: Salamence|33\/100\n|\n|-weather|RainDance|[upkeep]\n|upkeep\n|turn|15\n|\n|t:|1700851595\n|switch|p1b: Goodra|Goodra-Hisui, L50, M, tera:Water|71\/100 par\n|move|p2a: Salamence|Hurricane|p1a: Sinistcha\n|-supereffective|p1a: Sinistcha\n|-damage|p1a: Sinistcha|34\/100\n|-damage|p2a: Salamence|23\/100|[from] item: Life Orb\n|move|p1a: Sinistcha|Shadow Ball|p2a: Salamence\n|-damage|p2a: Salamence|0 fnt\n|faint|p2a: Salamence\n|\n|win|Stonny\n|raw|Stonny's rating: 1123 &rarr; <strong>1150<\/strong><br \/>(+27 for winning)\n|raw|TheBeeps's rating: 1151 &rarr; <strong>1124<\/strong><br \/>(-27 for losing)\n|l|\u2606TheBeeps\n","uploadtime":1700851612,"views":3,"p1id":"stonny","p2id":"thebeeps","formatid":"gen9vgc2023regulatione","rating":1124,"private":0,"password":""}