{"id":"gen9vgc2023regulatione-1995686740","p1":"SecretAltVGC","p2":"namboyVGC","format":"[Gen 9] VGC 2023 Regulation E","log":"|j|\u2606SecretAltVGC\n|j|\u2606namboyVGC\n|n|\u2606SecretAltVGC|secretaltvgc\n|n|\u2606namboyVGC|namboyvgc\n|html|View the match progress at <a href=\"\/game-bestof3-gen9vgc2023regulatione-1995683470\">game-bestof3-gen9vgc2023regulatione-1995683470<\/a>\n|t:|1700593937\n|gametype|doubles\n|player|p1|SecretAltVGC|unknownf|\n|player|p2|namboyVGC|youngster-gen4dp|\n|teamsize|p1|6\n|teamsize|p2|6\n|gen|9\n|tier|[Gen 9] VGC 2023 Regulation E\n|rule|Species Clause: Limit one of each Pok\u00e9mon\n|rule|Item Clause: Limit one of each item\n|clearpoke\n|poke|p1|Flutter Mane, L50|\n|poke|p1|Heatran, L50, M|\n|poke|p1|Amoonguss, L50, M|\n|poke|p1|Iron Hands, L50|\n|poke|p1|Kingambit, L50, F|\n|poke|p1|Landorus-Therian, L50, M|\n|poke|p2|Farigiraf, L50, M|\n|poke|p2|Gholdengo, L50|\n|poke|p2|Ogerpon-Wellspring, L50, F|\n|poke|p2|Iron Hands, L50|\n|poke|p2|Roaring Moon, L50|\n|poke|p2|Ursaluna-Bloodmoon, L50, M|\n|teampreview|4\n|inactive|Battle timer is ON: inactive players will automatically lose when time's up. (requested by namboyVGC)\nnamboyVGC has agreed to open team sheets.\nSecretAltVGC has agreed to open team sheets.\n|showteam|p1|Flutter Mane||ChoiceSpecs|Protosynthesis|Moonblast,DazzlingGleam,ShadowBall,TrickRoom||||||50|,,,,,Fairy]Heatran||LifeOrb|FlashFire|HeatWave,FlashCannon,EarthPower,Protect|||M|||50|,,,,,Grass]Amoonguss||SitrusBerry|Regenerator|Spore,RagePowder,PollenPuff,Protect|||M|||50|,,,,,Water]Iron Hands||AssaultVest|QuarkDrive|DrainPunch,WildCharge,HeavySlam,FakeOut||||||50|,,,,,Water]Kingambit||BlackGlasses|Defiant|KowtowCleave,SuckerPunch,SwordsDance,Protect|||F|||50|,,,,,Poison]Landorus-Therian||ChoiceScarf|Intimidate|StompingTantrum,RockSlide,TeraBlast,Uturn|||M|||50|,,,,,Flying\n|showteam|p2|Farigiraf||SitrusBerry|ArmorTail|TrickRoom,NastyPlot,Psychic,DazzlingGleam|||M|||50|,,,,,Fairy]Gholdengo||LifeOrb|GoodasGold|ShadowBall,MakeItRain,NastyPlot,Protect||||||50|,,,,,Dragon]Ogerpon-Wellspring||WellspringMask|WaterAbsorb|FollowMe,IvyCudgel,SpikyShield,WoodHammer|||F|||50|,,,,,Water]Iron Hands||AssaultVest|QuarkDrive|FakeOut,DrainPunch,WildCharge,HeavySlam||||||50|,,,,,Fire]Roaring Moon||BoosterEnergy|Protosynthesis|KnockOff,BreakingSwipe,Tailwind,Protect||||||50|,,,,,Poison]Ursaluna-Bloodmoon||NormalGem|MindsEye|HyperVoice,BloodMoon,Protect,EarthPower|||M|||50|,,,,,Normal\n|\n|t:|1700593966\n|start\n|switch|p1a: Flutter Mane|Flutter Mane, L50|100\/100\n|switch|p1b: Heatran|Heatran, L50, M|100\/100\n|switch|p2a: Ogerpon|Ogerpon-Wellspring, L50, F|100\/100\n|switch|p2b: Gholdengo|Gholdengo, L50|100\/100\n|turn|1\n|inactive|SecretAltVGC has 30 seconds left.\n|inactive|SecretAltVGC has 20 seconds left.\n|\n|t:|1700594003\n|move|p2a: Ogerpon|Spiky Shield|p2a: Ogerpon\n|-singleturn|p2a: Ogerpon|move: Protect\n|move|p2b: Gholdengo|Protect|p2b: Gholdengo\n|-singleturn|p2b: Gholdengo|Protect\n|move|p1a: Flutter Mane|Shadow Ball|p2b: Gholdengo\n|-activate|p2b: Gholdengo|move: Protect\n|move|p1b: Heatran|Heat Wave|p2a: Ogerpon|[spread] \n|-activate|p2a: Ogerpon|move: Protect\n|-activate|p2b: Gholdengo|move: Protect\n|\n|upkeep\n|turn|2\n|\n|t:|1700594020\n|-end|p1a: Flutter Mane|Protosynthesis|[silent]\n|switch|p1a: Kingambit|Kingambit, L50, F|100\/100\n|switch|p2b: Roaring Moon|Roaring Moon, L50|100\/100\n|-enditem|p2b: Roaring Moon|Booster Energy\n|-activate|p2b: Roaring Moon|ability: Protosynthesis|[fromitem]\n|-start|p2b: Roaring Moon|protosynthesisspe\n|-terastallize|p2a: Ogerpon|Water\n|detailschange|p2a: Ogerpon|Ogerpon-Wellspring-Tera, L50, F, tera:Water\n|-ability|p2a: Ogerpon|Embody Aspect (Wellspring)|boost\n|-boost|p2a: Ogerpon|spd|1\n|move|p2a: Ogerpon|Ivy Cudgel|p1b: Heatran|[anim] Ivy Cudgel Water\n|-supereffective|p1b: Heatran\n|-damage|p1b: Heatran|0 fnt\n|faint|p1b: Heatran\n|\n|upkeep\n|\n|t:|1700594036\n|switch|p1b: Landorus|Landorus-Therian, L50, M|100\/100\n|-ability|p1b: Landorus|Intimidate|boost\n|-unboost|p2a: Ogerpon|atk|1\n|-unboost|p2b: Roaring Moon|atk|1\n|turn|3\n|\n|t:|1700594059\n|move|p2a: Ogerpon|Spiky Shield|p2a: Ogerpon\n|-singleturn|p2a: Ogerpon|move: Protect\n|move|p2b: Roaring Moon|Knock Off|p1b: Landorus\n|-damage|p1b: Landorus|68\/100\n|-enditem|p1b: Landorus|Choice Scarf|[from] move: Knock Off|[of] p2b: Roaring Moon\n|move|p1b: Landorus|U-turn|p2b: Roaring Moon\n|-supereffective|p2b: Roaring Moon\n|-damage|p2b: Roaring Moon|54\/100\n|\n|t:|1700594068\n|switch|p1b: Flutter Mane|Flutter Mane, L50|100\/100|[from] U-turn\n|move|p1a: Kingambit|Swords Dance|p1a: Kingambit\n|-boost|p1a: Kingambit|atk|2\n|\n|upkeep\n|turn|4\n|\n|t:|1700594082\n|move|p1a: Kingambit|Sucker Punch|p2a: Ogerpon\n|-damage|p2a: Ogerpon|0 fnt\n|faint|p2a: Ogerpon\n|move|p2b: Roaring Moon|Tailwind|p2b: Roaring Moon\n|-sidestart|p2: namboyVGC|move: Tailwind\n|move|p1b: Flutter Mane|Trick Room|p1b: Flutter Mane\n|-fieldstart|move: Trick Room|[of] p1b: Flutter Mane\n|\n|upkeep\n|\n|t:|1700594089\n|switch|p2a: Iron Hands|Iron Hands, L50|100\/100\n|turn|5\n|\n|t:|1700594100\n|-end|p1b: Flutter Mane|Protosynthesis|[silent]\n|switch|p1b: Landorus|Landorus-Therian, L50, M|68\/100\n|-ability|p1b: Landorus|Intimidate|boost\n|-unboost|p2a: Iron Hands|atk|1\n|-unboost|p2b: Roaring Moon|atk|1\n|move|p1a: Kingambit|Protect|p1a: Kingambit\n|-singleturn|p1a: Kingambit|Protect\n|move|p2a: Iron Hands|Heavy Slam|p1b: Landorus\n|-damage|p1b: Landorus|34\/100\n|move|p2b: Roaring Moon|Knock Off|p1a: Kingambit\n|-activate|p1a: Kingambit|move: Protect\n|\n|upkeep\n|turn|6\n|\n|t:|1700594123\n|-terastallize|p1a: Kingambit|Poison\n|move|p2b: Roaring Moon|Protect|p2b: Roaring Moon\n|-singleturn|p2b: Roaring Moon|Protect\n|move|p1a: Kingambit|Kowtow Cleave|p2b: Roaring Moon\n|-activate|p2b: Roaring Moon|move: Protect\n|move|p2a: Iron Hands|Drain Punch|p1a: Kingambit\n|-resisted|p1a: Kingambit\n|-damage|p1a: Kingambit|89\/100\n|move|p1b: Landorus|Stomping Tantrum|p2a: Iron Hands\n|-supereffective|p2a: Iron Hands\n|-damage|p2a: Iron Hands|50\/100\n|\n|upkeep\n|turn|7\n|inactive|namboyVGC has 30 seconds left.\n|inactive|namboyVGC has 20 seconds left.\n|inactive|namboyVGC has 15 seconds left.\n|\n|t:|1700594163\n|move|p1a: Kingambit|Kowtow Cleave|p2b: Roaring Moon\n|-resisted|p2b: Roaring Moon\n|-damage|p2b: Roaring Moon|0 fnt\n|faint|p2b: Roaring Moon\n|-end|p2b: Roaring Moon|Protosynthesis|[silent]\n|move|p2a: Iron Hands|Heavy Slam|p1a: Kingambit\n|-damage|p1a: Kingambit|74\/100\n|move|p1b: Landorus|Stomping Tantrum|p2a: Iron Hands\n|-supereffective|p2a: Iron Hands\n|-damage|p2a: Iron Hands|0 fnt\n|faint|p2a: Iron Hands\n|-end|p2a: Iron Hands|Quark Drive|[silent]\n|\n|-sideend|p2: namboyVGC|move: Tailwind\n|upkeep\n|\n|t:|1700594175\n|switch|p2b: Gholdengo|Gholdengo, L50|100\/100\n|turn|8\n|\n|t:|1700594180\n|move|p1a: Kingambit|Kowtow Cleave|p2b: Gholdengo\n|-supereffective|p2b: Gholdengo\n|-damage|p2b: Gholdengo|0 fnt\n|faint|p2b: Gholdengo\n|\n|win|SecretAltVGC\n|c|\u2606namboyVGC|ggs\n|c|\u2606SecretAltVGC|ggs\n|l|\u2606SecretAltVGC\n","uploadtime":1700594184,"views":1,"p1id":"secretaltvgc","p2id":"namboyvgc","formatid":"gen9vgc2023regulatione","rating":0,"private":0,"password":""}