{"id":"gen9vgc2023regulatione-1995861826","p1":"soymalito","p2":"ELFEGONx","format":"[Gen 9] VGC 2023 Regulation E","log":"|j|\u2606soymalito\n|j|\u2606ELFEGONx\n|n|\u2606soymalito|soymalito\n|n|\u2606ELFEGONx|elfegonx\n|html|View the match progress at <a href=\"\/game-bestof3-gen9vgc2023regulatione-1995857815\">game-bestof3-gen9vgc2023regulatione-1995857815<\/a>\n|t:|1700610804\n|gametype|doubles\n|player|p1|soymalito|169|\n|player|p2|ELFEGONx|169|\n|teamsize|p1|6\n|teamsize|p2|6\n|gen|9\n|tier|[Gen 9] VGC 2023 Regulation E\n|rule|Species Clause: Limit one of each Pok\u00e9mon\n|rule|Item Clause: Limit one of each item\n|clearpoke\n|poke|p1|Dondozo, L50, F|\n|poke|p1|Tatsugiri, L50, M|\n|poke|p1|Iron Hands, L50|\n|poke|p1|Glimmora, L50, F|\n|poke|p1|Ogerpon-Hearthflame, L50, F|\n|poke|p1|Iron Bundle, L50|\n|poke|p2|Ogerpon-Hearthflame, L50, F|\n|poke|p2|Torkoal, L50, M|\n|poke|p2|Flutter Mane, L50|\n|poke|p2|Tornadus, L50, M|\n|poke|p2|Iron Hands, L50|\n|poke|p2|Landorus-Therian, L50, M|\n|teampreview|4\nsoymalito has agreed to open team sheets.\n|\n|t:|1700610847\n|start\n|switch|p1a: Iron Hands|Iron Hands, L50|100\/100\n|switch|p1b: Glimmora|Glimmora, L50, F|100\/100\n|switch|p2a: Iron Hands|Iron Hands, L50|100\/100\n|switch|p2b: Tornadus|Tornadus, L50, M|100\/100\n|turn|1\n|\n|t:|1700610870\n|move|p2a: Iron Hands|Fake Out|p1a: Iron Hands\n|-damage|p1a: Iron Hands|92\/100\n|move|p2b: Tornadus|Bleakwind Storm|p1a: Iron Hands|[spread] p1a,p1b\n|-resisted|p1b: Glimmora\n|-damage|p1a: Iron Hands|72\/100\n|-damage|p1b: Glimmora|82\/100\n|move|p1b: Glimmora|Mortal Spin|p2a: Iron Hands|[spread] p2a,p2b\n|-damage|p2a: Iron Hands|98\/100\n|-damage|p2b: Tornadus|95\/100\n|-status|p2a: Iron Hands|psn\n|-status|p2b: Tornadus|psn\n|cant|p1a: Iron Hands|flinch\n|\n|-damage|p2b: Tornadus|83\/100 psn|[from] psn\n|-damage|p2a: Iron Hands|86\/100 psn|[from] psn\n|upkeep\n|turn|2\n|\n|t:|1700610895\n|switch|p2b: Landorus|Landorus-Therian, L50, M|100\/100\n|-ability|p2b: Landorus|Intimidate|boost\n|-unboost|p1a: Iron Hands|atk|1\n|-unboost|p1b: Glimmora|atk|1\n|move|p1b: Glimmora|Power Gem|p2b: Landorus\n|-damage|p2b: Landorus|61\/100\n|move|p2a: Iron Hands|Drain Punch|p1b: Glimmora\n|-damage|p1b: Glimmora|41\/100\n|-heal|p2a: Iron Hands|100\/100 psn|[from] drain|[of] p1b: Glimmora\n|-activate|p1b: Glimmora|ability: Toxic Debris\n|-sidestart|p2: ELFEGONx|move: Toxic Spikes\n|move|p1a: Iron Hands|Drain Punch|p2a: Iron Hands\n|-damage|p2a: Iron Hands|83\/100 psn\n|-heal|p1a: Iron Hands|81\/100|[from] drain|[of] p2a: Iron Hands\n|\n|-damage|p2a: Iron Hands|71\/100 psn|[from] psn\n|upkeep\n|turn|3\n|\n|t:|1700610918\n|-end|p2a: Iron Hands|Quark Drive|[silent]\n|switch|p2a: Tornadus|Tornadus, L50, M|83\/100 psn\n|-terastallize|p1b: Glimmora|Grass\n|move|p2b: Landorus|Earthquake|p1a: Iron Hands|[spread] p1a,p1b\n|-immune|p2a: Tornadus\n|-supereffective|p1a: Iron Hands\n|-resisted|p1b: Glimmora\n|-damage|p1a: Iron Hands|16\/100\n|-damage|p1b: Glimmora|14\/100\n|-activate|p1b: Glimmora|ability: Toxic Debris\n|-sidestart|p2: ELFEGONx|move: Toxic Spikes\n|-enditem|p1b: Glimmora|Aguav Berry|[eat]\n|-heal|p1b: Glimmora|47\/100|[from] item: Aguav Berry\n|-damage|p2b: Landorus|52\/100|[from] item: Life Orb\n|move|p1b: Glimmora|Mortal Spin|p2a: Tornadus|[spread] p2a,p2b\n|-resisted|p2b: Landorus\n|-damage|p2a: Tornadus|78\/100 psn\n|-damage|p2b: Landorus|50\/100\n|-status|p2b: Landorus|psn\n|move|p1a: Iron Hands|Heavy Slam|p2b: Landorus\n|-damage|p2b: Landorus|21\/100 psn\n|\n|-damage|p2a: Tornadus|66\/100 psn|[from] psn\n|-damage|p2b: Landorus|9\/100 psn|[from] psn\n|upkeep\n|turn|4\n|\n|t:|1700610958\n|move|p1b: Glimmora|Spiky Shield|p1b: Glimmora\n|-singleturn|p1b: Glimmora|move: Protect\n|move|p2a: Tornadus|Bleakwind Storm|p1a: Iron Hands|[spread] \n|-activate|p1b: Glimmora|move: Protect\n|-miss|p2a: Tornadus|p1a: Iron Hands\n|move|p2b: Landorus|U-turn|p1b: Glimmora\n|-activate|p1b: Glimmora|move: Protect\n|-damage|p2b: Landorus|0 fnt|[from] Spiky Shield|[of] p1b: Glimmora\n|faint|p2b: Landorus\n|move|p1a: Iron Hands|Wild Charge|p2a: Tornadus\n|-supereffective|p2a: Tornadus\n|-damage|p2a: Tornadus|0 fnt\n|faint|p2a: Tornadus\n|-damage|p1a: Iron Hands|4\/100|[from] Recoil\n|\n|upkeep\n|\n|t:|1700610975\n|switch|p2a: Ogerpon|Ogerpon-Hearthflame, L50, F|100\/100\n|switch|p2b: Iron Hands|Iron Hands, L50|71\/100 psn\n|-status|p2a: Ogerpon|tox\n|-ability|p2a: Ogerpon|Mold Breaker\n|turn|5\n|\n|t:|1700610994\n|-terastallize|p2a: Ogerpon|Fire\n|detailschange|p2a: Ogerpon|Ogerpon-Hearthflame-Tera, L50, F, tera:Fire\n|-ability|p2a: Ogerpon|Embody Aspect (Hearthflame)|boost\n|-boost|p2a: Ogerpon|atk|1\n|move|p2a: Ogerpon|Ivy Cudgel|p1b: Glimmora|[anim] Ivy Cudgel Fire\n|-supereffective|p1b: Glimmora\n|-damage|p1b: Glimmora|0 fnt\n|faint|p1b: Glimmora\n|move|p2b: Iron Hands|Drain Punch|p1a: Iron Hands\n|-damage|p1a: Iron Hands|0 fnt\n|-heal|p2b: Iron Hands|73\/100 psn|[from] drain|[of] p1a: Iron Hands\n|faint|p1a: Iron Hands\n|-end|p1a: Iron Hands|Quark Drive|[silent]\n|\n|-damage|p2a: Ogerpon|95\/100 tox|[from] psn\n|-damage|p2b: Iron Hands|61\/100 psn|[from] psn\n|upkeep\n|\n|t:|1700611008\n|switch|p1b: Tatsugiri|Tatsugiri, L50, M|100\/100\n|switch|p1a: Dondozo|Dondozo, L50, F|100\/100\n|-activate|p1b: Tatsugiri|ability: Commander|[of] p1a: Dondozo\n|-boost|p1a: Dondozo|atk|2\n|-boost|p1a: Dondozo|spa|2\n|-boost|p1a: Dondozo|spe|2\n|-boost|p1a: Dondozo|def|2\n|-boost|p1a: Dondozo|spd|2\n|turn|6\n|\n|t:|1700611025\n|move|p1a: Dondozo|Protect|p1a: Dondozo\n|-singleturn|p1a: Dondozo|Protect\n|move|p2a: Ogerpon|Solar Blade||[still]\n|-prepare|p2a: Ogerpon|Solar Blade\n|move|p2b: Iron Hands|Wild Charge|p1a: Dondozo\n|-activate|p1a: Dondozo|move: Protect\n|\n|-damage|p2a: Ogerpon|83\/100 tox|[from] psn\n|-damage|p2b: Iron Hands|48\/100 psn|[from] psn\n|upkeep\n|turn|7\n|\n|t:|1700611039\n|move|p1a: Dondozo|Earthquake|p2b: Iron Hands|[spread] p2a,p2b\n|-miss|p1a: Dondozo|p1b: Tatsugiri\n|-supereffective|p2a: Ogerpon\n|-supereffective|p2b: Iron Hands\n|-damage|p2a: Ogerpon|0 fnt\n|-damage|p2b: Iron Hands|0 fnt\n|faint|p2a: Ogerpon\n|faint|p2b: Iron Hands\n|-end|p2b: Iron Hands|Quark Drive|[silent]\n|\n|win|soymalito\n|l|\u2606ELFEGONx\n","uploadtime":1700611134,"views":16,"p1id":"soymalito","p2id":"elfegonx","formatid":"gen9vgc2023regulatione","rating":0,"private":0,"password":""}