{"id":"gen9vgc2023regulatione-1987918507","p1":"TepyMx","p2":"CharlienoB","format":"[Gen 9] VGC 2023 Regulation E","log":"|j|\u2606TepyMx\n|j|\u2606CharlienoB\n|t:|1699649070\n|gametype|doubles\n|player|p1|TepyMx|cynthia-gen4|1179\n|player|p2|CharlienoB|265|1091\n|teamsize|p1|6\n|teamsize|p2|6\n|gen|9\n|tier|[Gen 9] VGC 2023 Regulation E\n|rated|\n|rule|Species Clause: Limit one of each Pok\u00e9mon\n|rule|Item Clause: Limit one of each item\n|clearpoke\n|poke|p1|Landorus-Therian, L50, M|\n|poke|p1|Weezing, L50, M|\n|poke|p1|Iron Hands, L50|\n|poke|p1|Flutter Mane, L50|\n|poke|p1|Heatran, L50, M|\n|poke|p1|Sinistcha, L50|\n|poke|p2|Dragapult, L50, F|\n|poke|p2|Chien-Pao, L50|\n|poke|p2|Landorus-Therian, L50, M|\n|poke|p2|Iron Bundle, L50|\n|poke|p2|Iron Moth, L50|\n|poke|p2|Amoonguss, L50, M|\n|teampreview|4\n|\n|t:|1699649090\n|start\n|switch|p1a: Iron Hands|Iron Hands, L50|100\/100\n|switch|p1b: Weezing|Weezing, L50, M, shiny|100\/100\n|switch|p2a: Dragapult|Dragapult, L50, F|100\/100\n|switch|p2b: Chien-Pao|Chien-Pao, L50|100\/100\n|-ability|p1b: Weezing|Neutralizing Gas\n|turn|1\n|l|\u2606CharlienoB\n|player|p2|\n|inactive|Battle timer is ON: inactive players will automatically lose when time's up. (requested by TepyMx)\n|j|\u2606CharlienoB\n|inactive|CharlienoB reconnected and has 90 seconds left.\n|player|p2|CharlienoB|265\n|\n|t:|1699649163\n|move|p2b: Chien-Pao|Protect|p2b: Chien-Pao\n|-singleturn|p2b: Chien-Pao|Protect\n|move|p2a: Dragapult|U-turn|p1b: Weezing\n|-resisted|p1b: Weezing\n|-damage|p1b: Weezing|85\/100\n|\n|t:|1699649170\n|switch|p2a: Landorus|Landorus-Therian, L50, M|100\/100|[from] U-turn\n|move|p1b: Weezing|Will-O-Wisp|p2b: Chien-Pao\n|-activate|p2b: Chien-Pao|move: Protect\n|move|p1a: Iron Hands|Swords Dance|p1a: Iron Hands\n|-boost|p1a: Iron Hands|atk|2\n|\n|upkeep\n|turn|2\n|\n|t:|1699649191\n|move|p2a: Landorus|Stomping Tantrum|p1a: Iron Hands\n|-supereffective|p1a: Iron Hands\n|-damage|p1a: Iron Hands|48\/100\n|move|p2b: Chien-Pao|Ice Spinner|p1a: Iron Hands\n|-damage|p1a: Iron Hands|24\/100\n|move|p1b: Weezing|Will-O-Wisp|p2a: Landorus\n|-status|p2a: Landorus|brn\n|move|p1a: Iron Hands|Drain Punch|p2b: Chien-Pao\n|-supereffective|p2b: Chien-Pao\n|-enditem|p2b: Chien-Pao|Focus Sash\n|-damage|p2b: Chien-Pao|1\/100\n|-heal|p1a: Iron Hands|56\/100|[from] drain|[of] p2b: Chien-Pao\n|\n|-heal|p1a: Iron Hands|63\/100|[from] item: Leftovers\n|-damage|p2a: Landorus|94\/100 brn|[from] brn\n|upkeep\n|turn|3\n|\n|t:|1699649213\n|move|p2a: Landorus|Stomping Tantrum|p1b: Weezing\n|-supereffective|p1b: Weezing\n|-damage|p1b: Weezing|48\/100\n|move|p2b: Chien-Pao|Ice Spinner|p1a: Iron Hands\n|-damage|p1a: Iron Hands|38\/100\n|move|p1b: Weezing|Sludge Bomb|p2b: Chien-Pao\n|-damage|p2b: Chien-Pao|0 fnt\n|faint|p2b: Chien-Pao\n|move|p1a: Iron Hands|Drain Punch|p2a: Landorus\n|-resisted|p2a: Landorus\n|-damage|p2a: Landorus|54\/100 brn\n|-heal|p1a: Iron Hands|52\/100|[from] drain|[of] p2a: Landorus\n|\n|-heal|p1a: Iron Hands|58\/100|[from] item: Leftovers\n|-damage|p2a: Landorus|48\/100 brn|[from] brn\n|upkeep\n|\n|t:|1699649233\n|switch|p2b: Iron Moth|Iron Moth, L50|100\/100\n|turn|4\n|inactive|CharlienoB has 30 seconds left.\n|inactive|CharlienoB has 20 seconds left.\n|\n|t:|1699649273\n|move|p1b: Weezing|Protect|p1b: Weezing\n|-singleturn|p1b: Weezing|Protect\n|move|p2a: Landorus|Stomping Tantrum|p1a: Iron Hands\n|-supereffective|p1a: Iron Hands\n|-damage|p1a: Iron Hands|32\/100\n|move|p2b: Iron Moth|Dazzling Gleam|p1a: Iron Hands|[spread] p1a\n|-activate|p1b: Weezing|move: Protect\n|-supereffective|p1a: Iron Hands\n|-crit|p1a: Iron Hands\n|-damage|p1a: Iron Hands|0 fnt\n|faint|p1a: Iron Hands\n|-end|p1a: Iron Hands|Quark Drive|[silent]\n|-damage|p2b: Iron Moth|91\/100|[from] item: Life Orb\n|\n|-damage|p2a: Landorus|42\/100 brn|[from] brn\n|upkeep\n|\n|t:|1699649290\n|switch|p1a: Heatran|Heatran, L50, M|100\/100\n|turn|5\n|\n|t:|1699649309\n|-terastallize|p2b: Iron Moth|Water\n|move|p1a: Heatran|Protect|p1a: Heatran\n|-singleturn|p1a: Heatran|Protect\n|move|p2a: Landorus|Stomping Tantrum|p1a: Heatran\n|-activate|p1a: Heatran|move: Protect\n|move|p2b: Iron Moth|Fiery Dance|p1b: Weezing\n|-damage|p1b: Weezing|0 fnt\n|-boost|p2b: Iron Moth|spa|1\n|faint|p1b: Weezing\n|-end|p1b: Weezing|ability: Neutralizing Gas\n|-ability|p2a: Landorus|Intimidate|boost\n|-unboost|p1a: Heatran|atk|1\n|-damage|p2b: Iron Moth|81\/100|[from] item: Life Orb\n|\n|-damage|p2a: Landorus|36\/100 brn|[from] brn\n|upkeep\n|\n|t:|1699649326\n|switch|p1b: Sinistcha|Sinistcha, L50|100\/100\n|turn|6\n|\n|t:|1699649333\n|switch|p2a: Dragapult|Dragapult, L50, F|100\/100\n|-terastallize|p1a: Heatran|Grass\n|move|p1b: Sinistcha|Protect|p1b: Sinistcha\n|-singleturn|p1b: Sinistcha|Protect\n|move|p2b: Iron Moth|Fiery Dance|p1b: Sinistcha\n|-activate|p1b: Sinistcha|move: Protect\n|move|p1a: Heatran|Tera Blast|p2b: Iron Moth|[anim] Tera Blast Grass\n|-supereffective|p2b: Iron Moth\n|-damage|p2b: Iron Moth|3\/100\n|\n|upkeep\n|turn|7\n|\n|t:|1699649355\n|move|p2a: Dragapult|U-turn|p1a: Heatran\n|-supereffective|p1a: Heatran\n|-damage|p1a: Heatran|45\/100\n|\n|t:|1699649359\n|switch|p2a: Landorus|Landorus-Therian, L50, M|36\/100 brn|[from] U-turn\n|-ability|p2a: Landorus|Intimidate|boost\n|-unboost|p1a: Heatran|atk|1\n|-unboost|p1b: Sinistcha|atk|1\n|move|p2b: Iron Moth|Dazzling Gleam|p1a: Heatran|[spread] p1a,p1b\n|-damage|p1a: Heatran|10\/100\n|-damage|p1b: Sinistcha|60\/100\n|-damage|p2b: Iron Moth|0 fnt|[from] item: Life Orb\n|faint|p2b: Iron Moth\n|-end|p2b: Iron Moth|Quark Drive|[silent]\n|move|p1a: Heatran|Heat Wave|p2a: Landorus\n|-damage|p2a: Landorus|0 fnt\n|faint|p2a: Landorus\n|move|p1b: Sinistcha|Matcha Gotcha|p2: Landorus|[notarget]\n|-fail|p1b: Sinistcha\n|\n|upkeep\n|\n|t:|1699649377\n|switch|p2a: Dragapult|Dragapult, L50, F|100\/100\n|turn|8\n|\n|t:|1699649381\n|move|p2a: Dragapult|Phantom Force||[still]\n|-prepare|p2a: Dragapult|Phantom Force\n|move|p1a: Heatran|Heat Wave|p2a: Dragapult|[miss]\n|-miss|p1a: Heatran|p2a: Dragapult\n|move|p1b: Sinistcha|Trick Room|p1b: Sinistcha\n|-fieldstart|move: Trick Room|[of] p1b: Sinistcha\n|\n|upkeep\n|turn|9\n|\n|t:|1699649389\n|move|p1b: Sinistcha|Protect|p1b: Sinistcha\n|-singleturn|p1b: Sinistcha|Protect\n|move|p1a: Heatran|Protect|p1a: Heatran\n|-singleturn|p1a: Heatran|Protect\n|move|p2a: Dragapult|Phantom Force|p1a: Heatran|[from]lockedmove\n|-activate|p1a: Heatran|move: Phantom Force|[broken]\n|-damage|p1a: Heatran|0 fnt\n|faint|p1a: Heatran\n|\n|upkeep\n|turn|10\n|\n|t:|1699649401\n|move|p1b: Sinistcha|Strength Sap|p2a: Dragapult\n|-fail|p2a: Dragapult|unboost|[from] ability: Clear Body|[of] p2a: Dragapult\n|-heal|p1b: Sinistcha|100\/100\n|move|p2a: Dragapult|Phantom Force||[still]\n|-prepare|p2a: Dragapult|Phantom Force\n|\n|upkeep\n|turn|11\n|\n|t:|1699649410\n|move|p1b: Sinistcha|Matcha Gotcha|p2a: Dragapult|[miss]\n|-miss|p1b: Sinistcha|p2a: Dragapult\n|move|p2a: Dragapult|Phantom Force|p1b: Sinistcha|[from]lockedmove\n|-supereffective|p1b: Sinistcha\n|-damage|p1b: Sinistcha|0 fnt\n|-damage|p2a: Dragapult|84\/100|[from] item: Rocky Helmet|[of] p1b: Sinistcha\n|faint|p1b: Sinistcha\n|\n|win|CharlienoB\n|raw|TepyMx's rating: 1179 &rarr; <strong>1148<\/strong><br \/>(-31 for losing)\n|raw|CharlienoB's rating: 1091 &rarr; <strong>1124<\/strong><br \/>(+33 for winning)\n|l|\u2606TepyMx\n","uploadtime":1699649415,"views":24,"p1id":"tepymx","p2id":"charlienob","formatid":"gen9vgc2023regulatione","rating":1124,"private":0,"password":""}