{"id":"gen9vgc2023regulatione-1992515724","p1":"CookingPoorly","p2":"FatWomanInARomper","format":"[Gen 9] VGC 2023 Regulation E","log":"|j|\u2606CookingPoorly\n|j|\u2606FatWomanInARomper\n|t:|1700197976\n|gametype|doubles\n|player|p1|CookingPoorly|shauntal|1379\n|player|p2|FatWomanInARomper|swimmerf|1366\n|teamsize|p1|6\n|teamsize|p2|6\n|gen|9\n|tier|[Gen 9] VGC 2023 Regulation E\n|rated|\n|rule|Species Clause: Limit one of each Pok\u00e9mon\n|rule|Item Clause: Limit one of each item\n|clearpoke\n|poke|p1|Moltres-Galar, L50|\n|poke|p1|Sinistcha-Masterpiece, L50|\n|poke|p1|Iron Hands, L50|\n|poke|p1|Arcanine-Hisui, L50, F|\n|poke|p1|Scizor, L50, M|\n|poke|p1|Urshifu-*, L50, M|\n|poke|p2|Ninetales-Alola, L50, F|\n|poke|p2|Milotic, L50, F|\n|poke|p2|Chien-Pao, L50|\n|poke|p2|Gholdengo, L50|\n|poke|p2|Arcanine-Hisui, L50, M|\n|poke|p2|Rillaboom, L50, M|\n|teampreview|4\n|inactive|Battle timer is ON: inactive players will automatically lose when time's up. (requested by CookingPoorly)\n|\n|t:|1700198003\n|start\n|switch|p1a: Urshifu|Urshifu-Rapid-Strike, L50, M|100\/100\n|switch|p1b: Arcanine|Arcanine-Hisui, L50, F|100\/100\n|switch|p2a: Pupy :D|Arcanine-Hisui, L50, M|100\/100\n|switch|p2b: Ellen the spiteful|Milotic, L50, F|100\/100\n|-ability|p2a: Pupy :D|Intimidate|boost\n|-unboost|p1a: Urshifu|atk|1\n|-unboost|p1b: Arcanine|atk|1\n|-ability|p1b: Arcanine|Intimidate|boost\n|-unboost|p2a: Pupy :D|atk|1\n|-unboost|p2b: Ellen the spiteful|atk|1\n|-ability|p2b: Ellen the spiteful|Competitive|boost\n|-boost|p2b: Ellen the spiteful|spa|2\n|turn|1\n|\n|t:|1700198020\n|switch|p2a: Gholdengo|Gholdengo, L50|100\/100\n|move|p1a: Urshifu|U-turn|p2b: Ellen the spiteful\n|-damage|p2b: Ellen the spiteful|81\/100\n|\n|t:|1700198025\n|switch|p1a: Iron Hands|Iron Hands, L50|100\/100|[from] U-turn\n|move|p1b: Arcanine|Rock Slide|p2a: Gholdengo|[spread] p2a,p2b\n|-resisted|p2a: Gholdengo\n|-crit|p2b: Ellen the spiteful\n|-damage|p2a: Gholdengo|84\/100\n|-damage|p2b: Ellen the spiteful|11\/100\n|-enditem|p2b: Ellen the spiteful|Sitrus Berry|[eat]\n|-heal|p2b: Ellen the spiteful|36\/100|[from] item: Sitrus Berry\n|move|p2b: Ellen the spiteful|Icy Wind|p1a: Iron Hands|[spread] p1b\n|-miss|p2b: Ellen the spiteful|p1a: Iron Hands\n|-resisted|p1b: Arcanine\n|-damage|p1b: Arcanine|89\/100\n|-unboost|p1b: Arcanine|spe|1\n|\n|-heal|p2a: Gholdengo|90\/100|[from] item: Leftovers\n|upkeep\n|turn|2\n|inactive|CookingPoorly has 30 seconds left.\n|inactive|FatWomanInARomper has 30 seconds left.\n|inactive|FatWomanInARomper has 20 seconds left.\n|\n|t:|1700198061\n|move|p1a: Iron Hands|Fake Out|p2b: Ellen the spiteful\n|-damage|p2b: Ellen the spiteful|19\/100\n|move|p2a: Gholdengo|Nasty Plot|p2a: Gholdengo\n|-boost|p2a: Gholdengo|spa|2\n|cant|p2b: Ellen the spiteful|flinch\n|move|p1b: Arcanine|Rock Slide|p2b: Ellen the spiteful|[spread] p2a,p2b\n|-resisted|p2a: Gholdengo\n|-damage|p2a: Gholdengo|74\/100\n|-damage|p2b: Ellen the spiteful|0 fnt\n|faint|p2b: Ellen the spiteful\n|\n|-heal|p2a: Gholdengo|80\/100|[from] item: Leftovers\n|upkeep\n|\n|t:|1700198065\n|switch|p2b: Pupy :D|Arcanine-Hisui, L50, M|100\/100\n|-ability|p2b: Pupy :D|Intimidate|boost\n|-unboost|p1a: Iron Hands|atk|1\n|-unboost|p1b: Arcanine|atk|1\n|turn|3\n|\n|t:|1700198087\n|switch|p1b: Urshifu|Urshifu-Rapid-Strike, L50, M|100\/100\n|move|p2b: Pupy :D|Flare Blitz|p1a: Iron Hands\n|-damage|p1a: Iron Hands|50\/100\n|-damage|p2b: Pupy :D|75\/100|[from] Recoil\n|move|p2a: Gholdengo|Shadow Ball|p1a: Iron Hands\n|-crit|p1a: Iron Hands\n|-damage|p1a: Iron Hands|0 fnt\n|faint|p1a: Iron Hands\n|-end|p1a: Iron Hands|Quark Drive|[silent]\n|\n|-heal|p2a: Gholdengo|86\/100|[from] item: Leftovers\n|upkeep\n|\n|t:|1700198101\n|switch|p1a: Arcanine|Arcanine-Hisui, L50, F|89\/100\n|-ability|p1a: Arcanine|Intimidate|boost\n|-unboost|p2a: Gholdengo|atk|1\n|-unboost|p2b: Pupy :D|atk|1\n|turn|4\n|\n|t:|1700198122\n|-terastallize|p2a: Gholdengo|Dragon\n|move|p1a: Arcanine|Extreme Speed|p2a: Gholdengo\n|-damage|p2a: Gholdengo|35\/100\n|move|p1b: Urshifu|Close Combat|p2a: Gholdengo\n|-damage|p2a: Gholdengo|0 fnt\n|-unboost|p1b: Urshifu|def|1\n|-unboost|p1b: Urshifu|spd|1\n|faint|p2a: Gholdengo\n|move|p2b: Pupy :D|Flare Blitz|p1b: Urshifu\n|-resisted|p1b: Urshifu\n|-damage|p1b: Urshifu|61\/100\n|-damage|p2b: Pupy :D|62\/100|[from] Recoil\n|\n|upkeep\n|\n|t:|1700198129\n|switch|p2a: Kibby :3|Chien-Pao, L50|100\/100\n|-ability|p2a: Kibby :3|Sword of Ruin\n|turn|5\n|\n|t:|1700198140\n|move|p1a: Arcanine|Extreme Speed|p2a: Kibby :3\n|-damage|p2a: Kibby :3|38\/100\n|move|p1b: Urshifu|Close Combat|p2a: Kibby :3\n|-supereffective|p2a: Kibby :3\n|-damage|p2a: Kibby :3|0 fnt\n|-unboost|p1b: Urshifu|def|1\n|-unboost|p1b: Urshifu|spd|1\n|faint|p2a: Kibby :3\n|move|p2b: Pupy :D|Flare Blitz|p1b: Urshifu\n|-resisted|p1b: Urshifu\n|-damage|p1b: Urshifu|7\/100\n|-damage|p2b: Pupy :D|43\/100|[from] Recoil\n|\n|upkeep\n|turn|6\n|-message|FatWomanInARomper forfeited.\n|\n|win|CookingPoorly\n|raw|CookingPoorly's rating: 1379 &rarr; <strong>1398<\/strong><br \/>(+19 for winning)\n|raw|FatWomanInARomper's rating: 1366 &rarr; <strong>1347<\/strong><br \/>(-19 for losing)\n|l|\u2606FatWomanInARomper\n","uploadtime":1700198189,"views":40,"p1id":"cookingpoorly","p2id":"fatwomaninaromper","formatid":"gen9vgc2023regulatione","rating":1347,"private":0,"password":""}