{"id":"gen9vgc2023regulatione-1998008078","p1":"CasualPizza","p2":"Wendall555","format":"[Gen 9] VGC 2023 Regulation E","log":"|j|\u2606CasualPizza\n|j|\u2606Wendall555\n|n|\u2606CasualPizza|casualpizza\n|n|\u2606Wendall555|wendall555\n|html|View the match progress at <a href=\"\/game-bestof3-gen9vgc2023regulatione-1998005816\">game-bestof3-gen9vgc2023regulatione-1998005816<\/a>\n|t:|1700878316\n|gametype|doubles\n|player|p1|CasualPizza|elesa-masters|\n|player|p2|Wendall555|colress|\n|teamsize|p1|6\n|teamsize|p2|6\n|gen|9\n|tier|[Gen 9] VGC 2023 Regulation E\n|rule|Species Clause: Limit one of each Pok\u00e9mon\n|rule|Item Clause: Limit one of each item\n|clearpoke\n|poke|p1|Ogerpon-Wellspring, L50, F|\n|poke|p1|Iron Hands, L50|\n|poke|p1|Arcanine, L50, F|\n|poke|p1|Electrode-Hisui, L50|\n|poke|p1|Morgrem, L50, M|\n|poke|p1|Fletchinder, L50, M|\n|poke|p2|Oranguru, L50, F|\n|poke|p2|Maushold-Four, L50|\n|poke|p2|Camerupt, L50, M|\n|poke|p2|Tornadus, L50, M|\n|poke|p2|Basculegion, L50, M|\n|poke|p2|Brambleghast, L50, F|\n|teampreview|4\n|j| Lkynmbr24\n|\n|t:|1700878385\n|start\n|switch|p1a: Iron Hands|Iron Hands, L50|100\/100\n|switch|p1b: Arcanine|Arcanine, L50, F|100\/100\n|switch|p2a: Oranguru|Oranguru, L50, F|100\/100\n|switch|p2b: Maushold|Maushold-Four, L50|100\/100\n|-ability|p1b: Arcanine|Intimidate|boost\n|-fail|p2a: Oranguru|unboost|Attack|[from] ability: Inner Focus|[of] p2a: Oranguru\n|-unboost|p2b: Maushold|atk|1\n|-enditem|p1a: Iron Hands|Booster Energy\n|-activate|p1a: Iron Hands|ability: Quark Drive|[fromitem]\n|-start|p1a: Iron Hands|quarkdriveatk\n|turn|1\n|\n|t:|1700878401\n|-terastallize|p2b: Maushold|Ghost\n|move|p1a: Iron Hands|Fake Out|p2b: Maushold\n|-immune|p2b: Maushold\n|move|p2b: Maushold|Population Bomb|p1b: Arcanine\n|-damage|p1b: Arcanine|94\/100\n|-damage|p1b: Arcanine|88\/100\n|-damage|p1b: Arcanine|82\/100\n|-damage|p1b: Arcanine|77\/100\n|-damage|p1b: Arcanine|71\/100\n|-hitcount|p1b: Arcanine|5\n|move|p1b: Arcanine|Will-O-Wisp|p2b: Maushold\n|-status|p2b: Maushold|brn\n|move|p2a: Oranguru|Trick Room|p2a: Oranguru\n|-fieldstart|move: Trick Room|[of] p2a: Oranguru\n|\n|-damage|p2b: Maushold|94\/100 brn|[from] brn\n|upkeep\n|turn|2\n|\n|t:|1700878419\n|move|p2b: Maushold|Follow Me|p2b: Maushold\n|-singleturn|p2b: Maushold|move: Follow Me\n|move|p2a: Oranguru|Psychic|p1a: Iron Hands\n|-supereffective|p1a: Iron Hands\n|-crit|p1a: Iron Hands\n|-damage|p1a: Iron Hands|27\/100\n|move|p1a: Iron Hands|Drain Punch|p2b: Maushold\n|-immune|p2b: Maushold\n|move|p1b: Arcanine|Flare Blitz|p2b: Maushold\n|-damage|p2b: Maushold|22\/100 brn\n|-damage|p1b: Arcanine|53\/100|[from] Recoil\n|\n|-damage|p2b: Maushold|16\/100 brn|[from] brn\n|upkeep\n|turn|3\n|\n|t:|1700878436\n|-end|p1a: Iron Hands|Quark Drive|[silent]\n|switch|p1a: Morgrem|Morgrem, L50, M|100\/100\n|move|p2b: Maushold|Follow Me|p2b: Maushold\n|-singleturn|p2b: Maushold|move: Follow Me\n|move|p2a: Oranguru|Psychic|p1b: Arcanine\n|-damage|p1b: Arcanine|21\/100\n|-enditem|p1b: Arcanine|Sitrus Berry|[eat]\n|-heal|p1b: Arcanine|46\/100|[from] item: Sitrus Berry\n|move|p1b: Arcanine|Flare Blitz|p2b: Maushold\n|-damage|p2b: Maushold|0 fnt\n|faint|p2b: Maushold\n|-damage|p1b: Arcanine|42\/100|[from] Recoil\n|\n|upkeep\n|\n|t:|1700878445\n|switch|p2b: Camerupt|Camerupt, L50, M|100\/100\n|turn|4\n|\n|t:|1700878461\n|move|p1b: Arcanine|Protect|p1b: Arcanine\n|-singleturn|p1b: Arcanine|Protect\n|move|p1a: Morgrem|Taunt|p2a: Oranguru\n|-start|p2a: Oranguru|move: Taunt\n|move|p2b: Camerupt|Eruption|p1b: Arcanine|[spread] p1a\n|-activate|p1b: Arcanine|move: Protect\n|-damage|p1a: Morgrem|20\/100\n|-damage|p2b: Camerupt|91\/100|[from] item: Life Orb\n|cant|p2a: Oranguru|move: Taunt|Instruct\n|\n|upkeep\n|turn|5\n|\n|t:|1700878474\n|move|p1a: Morgrem|Parting Shot|p2b: Camerupt\n|-unboost|p2b: Camerupt|atk|1\n|-unboost|p2b: Camerupt|spa|1\n|\n|t:|1700878478\n|switch|p1a: Iron Hands|Iron Hands, L50|27\/100|[from] Parting Shot\n|move|p2b: Camerupt|Eruption|p1b: Arcanine|[spread] p1a,p1b\n|-resisted|p1b: Arcanine\n|-damage|p1a: Iron Hands|0 fnt\n|-damage|p1b: Arcanine|19\/100\n|faint|p1a: Iron Hands\n|-end|p1a: Iron Hands|Quark Drive|[silent]\n|-damage|p2b: Camerupt|81\/100|[from] item: Life Orb\n|move|p2a: Oranguru|Psychic|p1b: Arcanine\n|-damage|p1b: Arcanine|0 fnt\n|faint|p1b: Arcanine\n|\n|-fieldend|move: Trick Room\n|upkeep\n|\n|t:|1700878489\n|switch|p1b: Ogerpon|Ogerpon-Wellspring, L50, F|100\/100\n|switch|p1a: Morgrem|Morgrem, L50, M|20\/100\n|turn|6\n|\n|t:|1700878507\n|switch|p2a: Basculegion|Basculegion, L50, M|100\/100\n|-terastallize|p1b: Ogerpon|Water\n|detailschange|p1b: Ogerpon|Ogerpon-Wellspring-Tera, L50, F, tera:Water\n|-ability|p1b: Ogerpon|Embody Aspect (Wellspring)|boost\n|-boost|p1b: Ogerpon|spd|1\n|move|p1a: Morgrem|Parting Shot|p2b: Camerupt\n|-unboost|p2b: Camerupt|atk|1\n|-unboost|p2b: Camerupt|spa|1\n|move|p1b: Ogerpon|Ivy Cudgel|p2a: Basculegion|[anim] Ivy Cudgel Water\n|-resisted|p2a: Basculegion\n|-damage|p2a: Basculegion|55\/100\n|move|p2b: Camerupt|Heat Wave|p1b: Ogerpon|[spread] p1a,p1b\n|-resisted|p1b: Ogerpon\n|-damage|p1a: Morgrem|0 fnt\n|-damage|p1b: Ogerpon|91\/100\n|faint|p1a: Morgrem\n|-damage|p2b: Camerupt|72\/100|[from] item: Life Orb\n|\n|upkeep\n|turn|7\n|\n|t:|1700878529\n|move|p2a: Basculegion|Protect|p2a: Basculegion\n|-singleturn|p2a: Basculegion|Protect\n|move|p1b: Ogerpon|Horn Leech|p2a: Basculegion\n|-activate|p2a: Basculegion|move: Protect\n|move|p2b: Camerupt|Heat Wave|p1b: Ogerpon\n|-resisted|p1b: Ogerpon\n|-damage|p1b: Ogerpon|79\/100\n|-damage|p2b: Camerupt|62\/100|[from] item: Life Orb\n|\n|upkeep\n|turn|8\n|\n|t:|1700878542\n|switch|p2a: Oranguru|Oranguru, L50, F|100\/100\n|move|p1b: Ogerpon|Ivy Cudgel|p2b: Camerupt|[anim] Ivy Cudgel Water\n|-supereffective|p2b: Camerupt\n|-damage|p2b: Camerupt|0 fnt\n|faint|p2b: Camerupt\n|\n|upkeep\n|\n|t:|1700878546\n|switch|p2b: Basculegion|Basculegion, L50, M|55\/100\n|turn|9\n|\n|t:|1700878552\n|move|p2b: Basculegion|Protect|p2b: Basculegion\n|-singleturn|p2b: Basculegion|Protect\n|move|p1b: Ogerpon|Horn Leech|p2a: Oranguru\n|-damage|p2a: Oranguru|65\/100\n|-heal|p1b: Ogerpon|100\/100|[from] drain|[of] p2a: Oranguru\n|move|p2a: Oranguru|Trick Room|p2a: Oranguru\n|-fieldstart|move: Trick Room|[of] p2a: Oranguru\n|\n|upkeep\n|turn|10\n|\n|t:|1700878562\n|move|p2a: Oranguru|Psychic|p1b: Ogerpon\n|-damage|p1b: Ogerpon|81\/100\n|move|p2b: Basculegion|Last Respects|p1b: Ogerpon\n|-damage|p1b: Ogerpon|0 fnt\n|faint|p1b: Ogerpon\n|\n|win|Wendall555\n|c|&|\/uhtml prompt-wendall555,Wendall555 is ready for game 3!\n|c|&|\/uhtml prompt-casualpizza,CasualPizza is ready for game 3!\nBoth players are ready! Starting next match!\n|l|\u2606CasualPizza\n","uploadtime":1700878826,"views":6,"p1id":"casualpizza","p2id":"wendall555","formatid":"gen9vgc2023regulatione","rating":0,"private":0,"password":""}