{"id":"gen9vgc2023regulatione-1998765974","p1":"Mopan","p2":"ghgjgmmc","format":"[Gen 9] VGC 2023 Regulation E","log":"|j|\u2606Mopan\n|j|\u2606ghgjgmmc\n|t:|1700986306\n|gametype|doubles\n|player|p1|Mopan|pokemonbreeder-gen4|1011\n|player|p2|ghgjgmmc|ghetsis-gen5bw|1030\n|teamsize|p1|6\n|teamsize|p2|6\n|gen|9\n|tier|[Gen 9] VGC 2023 Regulation E\n|rated|\n|rule|Species Clause: Limit one of each Pok\u00e9mon\n|rule|Item Clause: Limit one of each item\n|clearpoke\n|poke|p1|Sylveon, L50, M|\n|poke|p1|Electrode, L50|\n|poke|p1|Lurantis, L50, M|\n|poke|p1|Armarouge, L50, M|\n|poke|p1|Indeedee-F, L50, F|\n|poke|p1|Flamigo, L50, M|\n|poke|p2|Dusclops, L50, F|\n|poke|p2|Abomasnow, L50, M|\n|poke|p2|Baxcalibur, L50, M|\n|poke|p2|Grimmsnarl, L50, M|\n|poke|p2|Goodra-Hisui, L50, M|\n|poke|p2|Gyarados, L50, F|\n|teampreview|4\n|\n|t:|1700986329\n|start\n|switch|p1a: Taffy|Lurantis, L50, M|100\/100\n|switch|p1b: RIZZ KING|Electrode, L50|100\/100\n|switch|p2a: Gyarados|Gyarados, L50, F|100\/100\n|switch|p2b: Grimmsnarl|Grimmsnarl, L50, M, shiny|100\/100\n|-ability|p2a: Gyarados|Intimidate|boost\n|-boost|p1a: Taffy|atk|1\n|-unboost|p1b: RIZZ KING|atk|1\n|turn|1\n|l|\u2606ghgjgmmc\n|player|p2|\n|inactive|Battle timer is ON: inactive players will automatically lose when time's up. (requested by Mopan)\n|j|\u2606ghgjgmmc\n|inactive|ghgjgmmc reconnected and has 70 seconds left.\n|player|p2|ghgjgmmc|ghetsis-gen5bw\n|inactive|ghgjgmmc has 60 seconds left.\n|\n|t:|1700986405\n|move|p1a: Taffy|Protect|p1a: Taffy\n|-singleturn|p1a: Taffy|Protect\n|move|p2b: Grimmsnarl|Fake Out|p1b: RIZZ KING\n|-damage|p1b: RIZZ KING|80\/100\n|move|p1b: RIZZ KING|Taunt|p2a: Gyarados\n|-start|p2a: Gyarados|move: Taunt\n|move|p2a: Gyarados|Iron Head|p1a: Taffy\n|-activate|p1a: Taffy|move: Protect\n|\n|upkeep\n|turn|2\n|inactive|ghgjgmmc has 30 seconds left.\n|\n|t:|1700986436\n|move|p2b: Grimmsnarl|Reflect|p2b: Grimmsnarl\n|-sidestart|p2: ghgjgmmc|Reflect\n|move|p1b: RIZZ KING|Scary Face|p1a: Taffy\n|-boost|p1a: Taffy|spe|2\n|move|p2a: Gyarados|Iron Head|p1a: Taffy\n|-damage|p1a: Taffy|36\/100\n|move|p1a: Taffy|Leaf Storm|p2a: Gyarados\n|-damage|p2a: Gyarados|42\/100\n|-boost|p1a: Taffy|spa|2\n|\n|-heal|p1a: Taffy|42\/100|[from] item: Leftovers\n|upkeep\n|turn|3\n|\n|t:|1700986460\n|move|p1a: Taffy|Protect|p1a: Taffy\n|-singleturn|p1a: Taffy|Protect\n|move|p2b: Grimmsnarl|Parting Shot|p1b: RIZZ KING\n|-immune|p1b: RIZZ KING|[from] ability: Soundproof\n|move|p1b: RIZZ KING|Foul Play|p2a: Gyarados\n|-damage|p2a: Gyarados|12\/100\n|move|p2a: Gyarados|Iron Head|p1a: Taffy\n|-activate|p1a: Taffy|move: Protect\n|\n|-heal|p1a: Taffy|48\/100|[from] item: Leftovers\n|-end|p2a: Gyarados|move: Taunt\n|upkeep\n|turn|4\n|\n|t:|1700986481\n|switch|p2a: Goodra|Goodra-Hisui, L50, M|100\/100\n|switch|p2b: Abomasnow|Abomasnow, L50, M|100\/100\n|-weather|Snow|[from] ability: Snow Warning|[of] p2b: Abomasnow\n|move|p1b: RIZZ KING|Foul Play|p2a: Goodra\n|-damage|p2a: Goodra|90\/100\n|move|p1a: Taffy|Superpower|p2b: Abomasnow\n|-supereffective|p2b: Abomasnow\n|-damage|p2b: Abomasnow|42\/100\n|-boost|p1a: Taffy|atk|1\n|-boost|p1a: Taffy|def|1\n|\n|-weather|Snow|[upkeep]\n|-heal|p1a: Taffy|54\/100|[from] item: Leftovers\n|upkeep\n|turn|5\n|inactive|Mopan has 30 seconds left.\n|\n|t:|1700986514\n|-terastallize|p2a: Goodra|Ice\n|move|p1a: Taffy|Protect|p1a: Taffy\n|-singleturn|p1a: Taffy|Protect\n|move|p1b: RIZZ KING|Taunt|p2b: Abomasnow\n|-start|p2b: Abomasnow|move: Taunt\n|move|p2a: Goodra|Blizzard|p1b: RIZZ KING|[spread] p1b\n|-activate|p1a: Taffy|move: Protect\n|-damage|p1b: RIZZ KING|26\/100\n|cant|p2b: Abomasnow|move: Taunt|Aurora Veil\n|\n|-weather|Snow|[upkeep]\n|-heal|p1a: Taffy|60\/100|[from] item: Leftovers\n|upkeep\n|turn|6\n|inactive|Mopan has 30 seconds left.\n|\n|t:|1700986540\n|-terastallize|p1a: Taffy|Fire\n|move|p1b: RIZZ KING|Eerie Impulse|p2a: Goodra\n|-unboost|p2a: Goodra|spa|2\n|move|p1a: Taffy|Superpower|p2a: Goodra\n|-supereffective|p2a: Goodra\n|-damage|p2a: Goodra|37\/100\n|-boost|p1a: Taffy|atk|1\n|-boost|p1a: Taffy|def|1\n|-enditem|p2a: Goodra|Sitrus Berry|[eat]\n|-heal|p2a: Goodra|62\/100|[from] item: Sitrus Berry\n|move|p2a: Goodra|Blizzard|p1b: RIZZ KING|[spread] p1a,p1b\n|-resisted|p1a: Taffy\n|-damage|p1a: Taffy|46\/100\n|-damage|p1b: RIZZ KING|0 fnt\n|faint|p1b: RIZZ KING\n|move|p2b: Abomasnow|Blizzard|p1a: Taffy\n|-resisted|p1a: Taffy\n|-damage|p1a: Taffy|14\/100\n|\n|-weather|Snow|[upkeep]\n|-heal|p1a: Taffy|20\/100|[from] item: Leftovers\n|upkeep\n|inactive|Mopan has 30 seconds left.\n|\n|t:|1700986572\n|switch|p1b: woman|Indeedee-F, L50, F|100\/100\n|-fieldstart|move: Psychic Terrain|[from] ability: Psychic Surge|[of] p1b: woman\n|turn|7\n|\n|t:|1700986587\n|move|p1a: Taffy|Protect|p1a: Taffy\n|-singleturn|p1a: Taffy|Protect\n|move|p1b: woman|Psychic|p2b: Abomasnow\n|-damage|p2b: Abomasnow|5\/100\n|move|p2a: Goodra|Blizzard|p1a: Taffy|[spread] p1b\n|-activate|p1a: Taffy|move: Protect\n|-damage|p1b: woman|84\/100\n|-enditem|p1b: woman|Red Card|[of] p2a: Goodra\n|drag|p2a: Grimmsnarl|Grimmsnarl, L50, M, shiny|100\/100\n|move|p2b: Abomasnow|Blizzard|p1b: woman|[spread] p1b\n|-activate|p1a: Taffy|move: Protect\n|-damage|p1b: woman|52\/100\n|\n|-weather|Snow|[upkeep]\n|-heal|p1a: Taffy|26\/100|[from] item: Leftovers\n|-end|p2b: Abomasnow|move: Taunt\n|upkeep\n|turn|8\n|inactive|ghgjgmmc has 30 seconds left.\n|\n|t:|1700986620\n|move|p2b: Abomasnow|Protect|p2b: Abomasnow\n|-singleturn|p2b: Abomasnow|Protect\n|move|p1b: woman|Follow Me|p1b: woman\n|-singleturn|p1b: woman|move: Follow Me\n|move|p2a: Grimmsnarl|Light Screen|p2a: Grimmsnarl\n|-sidestart|p2: ghgjgmmc|move: Light Screen\n|move|p1a: Taffy|Leaf Storm|p2b: Abomasnow\n|-activate|p2b: Abomasnow|move: Protect\n|\n|-weather|Snow|[upkeep]\n|-heal|p1a: Taffy|32\/100|[from] item: Leftovers\n|upkeep\n|turn|9\n|\n|t:|1700986642\n|move|p1a: Taffy|Protect|p1a: Taffy\n|-singleturn|p1a: Taffy|Protect\n|move|p2a: Grimmsnarl|Parting Shot|p1b: woman\n|-activate|p1b: woman|move: Psychic Terrain\n|move|p1b: woman|Psychic|p2b: Abomasnow\n|-damage|p2b: Abomasnow|0 fnt\n|faint|p2b: Abomasnow\n|\n|-weather|Snow|[upkeep]\n|-heal|p1a: Taffy|38\/100|[from] item: Leftovers\n|-sideend|p2: ghgjgmmc|Reflect\n|upkeep\n|\n|t:|1700986649\n|switch|p2b: Goodra|Goodra-Hisui, L50, M, tera:Ice|62\/100\n|turn|10\n|inactive|ghgjgmmc has 30 seconds left.\n|\n|t:|1700986682\n|switch|p2a: Gyarados|Gyarados, L50, F|12\/100\n|-ability|p2a: Gyarados|Intimidate|boost\n|-boost|p1a: Taffy|atk|1\n|-unboost|p1b: woman|atk|1\n|move|p1a: Taffy|Giga Drain|p2a: Gyarados\n|-damage|p2a: Gyarados|0 fnt\n|-heal|p1a: Taffy|45\/100|[from] drain|[of] p2a: Gyarados\n|faint|p2a: Gyarados\n|move|p1b: woman|Psychic|p2b: Goodra\n|-damage|p2b: Goodra|42\/100\n|move|p2b: Goodra|Blizzard|p1a: Taffy|[spread] p1a,p1b\n|-resisted|p1a: Taffy\n|-damage|p1a: Taffy|18\/100\n|-damage|p1b: woman|18\/100\n|\n|-weather|Snow|[upkeep]\n|-heal|p1a: Taffy|25\/100|[from] item: Leftovers\n|upkeep\n|\n|t:|1700986687\n|switch|p2a: Grimmsnarl|Grimmsnarl, L50, M, shiny|100\/100\n|turn|11\n|\n|t:|1700986711\n|switch|p1b: Phoenixman|Armarouge, L50, M|100\/100\n|move|p1a: Taffy|Protect|p1a: Taffy\n|-singleturn|p1a: Taffy|Protect\n|move|p2a: Grimmsnarl|Fake Out|p1a: Taffy\n|-activate|p1a: Taffy|move: Psychic Terrain\n|move|p2b: Goodra|Blizzard|p1b: Phoenixman|[spread] p1b\n|-activate|p1a: Taffy|move: Protect\n|-resisted|p1b: Phoenixman\n|-damage|p1b: Phoenixman|71\/100\n|-status|p1b: Phoenixman|frz\n|\n|-weather|none\n|-heal|p1a: Taffy|31\/100|[from] item: Leftovers\n|-fieldend|move: Psychic Terrain\n|upkeep\n|turn|12\n|inactive|Mopan has 30 seconds left.\n|inactive|ghgjgmmc has 30 seconds left.\n|inactive|Mopan has 20 seconds left.\n|inactive|Mopan has 15 seconds left.\n|\n|t:|1700986756\n|switch|p1b: woman|Indeedee-F, L50, F|18\/100\n|-fieldstart|move: Psychic Terrain|[from] ability: Psychic Surge|[of] p1b: woman\n|move|p2a: Grimmsnarl|Reflect|p2a: Grimmsnarl\n|-sidestart|p2: ghgjgmmc|Reflect\n|move|p1a: Taffy|Giga Drain|p2a: Grimmsnarl\n|-damage|p2a: Grimmsnarl|55\/100\n|-heal|p1a: Taffy|63\/100|[from] drain|[of] p2a: Grimmsnarl\n|move|p2b: Goodra|Blizzard|p1b: woman|[spread] p1a,p1b\n|-resisted|p1a: Taffy\n|-damage|p1a: Taffy|36\/100\n|-damage|p1b: woman|0 fnt\n|faint|p1b: woman\n|\n|-heal|p1a: Taffy|43\/100|[from] item: Leftovers\n|upkeep\n|\n|t:|1700986769\n|switch|p1b: Phoenixman|Armarouge, L50, M|71\/100 frz\n|turn|13\n|\n|t:|1700986795\n|move|p2a: Grimmsnarl|Parting Shot|p1b: Phoenixman\n|-activate|p1b: Phoenixman|move: Psychic Terrain\n|cant|p1b: Phoenixman|frz\n|move|p1a: Taffy|Leaf Storm|p2b: Goodra\n|-ability|p2b: Goodra|Sap Sipper|boost\n|-boost|p2b: Goodra|atk|1\n|move|p2b: Goodra|Draco Meteor|p1a: Taffy|[miss]\n|-miss|p2b: Goodra|p1a: Taffy\n|\n|-heal|p1a: Taffy|49\/100|[from] item: Leftovers\n|upkeep\n|turn|14\n|\n|t:|1700986813\n|move|p2a: Grimmsnarl|Reflect||[still]\n|-fail|p2a: Grimmsnarl\n|-curestatus|p1b: Phoenixman|frz|[msg]\n|move|p1b: Phoenixman|Aura Sphere|p2a: Grimmsnarl\n|-damage|p2a: Grimmsnarl|32\/100\n|move|p1a: Taffy|Superpower|p2b: Goodra\n|-supereffective|p2b: Goodra\n|-damage|p2b: Goodra|0 fnt\n|-boost|p1a: Taffy|atk|1\n|-boost|p1a: Taffy|def|1\n|faint|p2b: Goodra\n|\n|-heal|p1a: Taffy|55\/100|[from] item: Leftovers\n|upkeep\n|turn|15\n|-message|ghgjgmmc forfeited.\n|\n|win|Mopan\n|raw|Mopan's rating: 1011 &rarr; <strong>1051<\/strong><br \/>(+40 for winning)\n|raw|ghgjgmmc's rating: 1030 &rarr; <strong>1015<\/strong><br \/>(-15 for losing)\n|l|\u2606ghgjgmmc\n","uploadtime":1700986908,"views":3,"p1id":"mopan","p2id":"ghgjgmmc","formatid":"gen9vgc2023regulatione","rating":1015,"private":0,"password":""}