{"id":"gen9vgc2023regulatione-1995768710","p1":"zestyjoe","p2":"Brutalandathebozz","format":"[Gen 9] VGC 2023 Regulation E","log":"|j|\u2606zestyjoe\n|j|\u2606Brutalandathebozz\n|t:|1700601368\n|gametype|doubles\n|player|p1|zestyjoe|1|1489\n|player|p2|Brutalandathebozz|unknownf|1493\n|teamsize|p1|6\n|teamsize|p2|6\n|gen|9\n|tier|[Gen 9] VGC 2023 Regulation E\n|rated|\n|rule|Species Clause: Limit one of each Pok\u00e9mon\n|rule|Item Clause: Limit one of each item\n|clearpoke\n|poke|p1|Urshifu-*, L50, M|\n|poke|p1|Gholdengo, L50|\n|poke|p1|Amoonguss, L50, M|\n|poke|p1|Roaring Moon, L50|\n|poke|p1|Pelipper, L50, M|\n|poke|p1|Iron Hands, L50|\n|poke|p2|Heatran, L50, M|\n|poke|p2|Rillaboom, L50, M|\n|poke|p2|Overqwil, L50, M|\n|poke|p2|Thundurus, L50, M|\n|poke|p2|Flutter Mane, L50|\n|poke|p2|Urshifu-*, L50, F|\n|teampreview|4\n|inactive|Battle timer is ON: inactive players will automatically lose when time's up. (requested by zestyjoe)\nzestyjoe has agreed to open team sheets.\n|inactive|zestyjoe has 60 seconds left.\n|j| SunnyOS\n|inactive|zestyjoe has 30 seconds left.\n|inactive|zestyjoe has 20 seconds left.\n|\n|t:|1700601443\n|start\n|switch|p1a: Iron Hands|Iron Hands, L50|100\/100\n|switch|p1b: Roaring Moon|Roaring Moon, L50|100\/100\n|switch|p2a: Overqwil|Overqwil, L50, M|100\/100\n|switch|p2b: Flutter Mane|Flutter Mane, L50, shiny|100\/100\n|-ability|p2a: Overqwil|Intimidate|boost\n|-unboost|p1a: Iron Hands|atk|1\n|-unboost|p1b: Roaring Moon|atk|1\n|-enditem|p2b: Flutter Mane|Booster Energy\n|-activate|p2b: Flutter Mane|ability: Protosynthesis|[fromitem]\n|-start|p2b: Flutter Mane|protosynthesisspa\n|-enditem|p1b: Roaring Moon|Booster Energy\n|-activate|p1b: Roaring Moon|ability: Protosynthesis|[fromitem]\n|-start|p1b: Roaring Moon|protosynthesisspe\n|turn|1\n|inactive|zestyjoe has 30 seconds left.\n|inactive|zestyjoe has 20 seconds left.\n|inactive|zestyjoe has 15 seconds left.\n|\n|t:|1700601487\n|switch|p2a: Rillaboom|Rillaboom, L50, M|100\/100\n|-fieldstart|move: Grassy Terrain|[from] ability: Grassy Surge|[of] p2a: Rillaboom\n|move|p2b: Flutter Mane|Protect|p2b: Flutter Mane\n|-singleturn|p2b: Flutter Mane|Protect\n|move|p1b: Roaring Moon|Tailwind|p1b: Roaring Moon\n|-sidestart|p1: zestyjoe|move: Tailwind\n|move|p1a: Iron Hands|Heavy Slam|p2b: Flutter Mane\n|-activate|p2b: Flutter Mane|move: Protect\n|\n|upkeep\n|turn|2\n|inactive|zestyjoe has 30 seconds left.\n|inactive|Brutalandathebozz has 30 seconds left.\n|inactive|zestyjoe has 20 seconds left.\n|inactive|Brutalandathebozz has 20 seconds left.\n|\n|t:|1700601526\n|-terastallize|p2b: Flutter Mane|Fairy\n|-terastallize|p1a: Iron Hands|Water\n|move|p2a: Rillaboom|Grassy Glide|p1a: Iron Hands\n|-supereffective|p1a: Iron Hands\n|-damage|p1a: Iron Hands|50\/100\n|move|p1b: Roaring Moon|Knock Off|p2b: Flutter Mane\n|-resisted|p2b: Flutter Mane\n|-damage|p2b: Flutter Mane|84\/100\n|move|p2b: Flutter Mane|Moonblast|p1a: Iron Hands\n|-damage|p1a: Iron Hands|2\/100\n|move|p1a: Iron Hands|Heavy Slam|p2b: Flutter Mane\n|-supereffective|p2b: Flutter Mane\n|-damage|p2b: Flutter Mane|0 fnt\n|faint|p2b: Flutter Mane\n|-end|p2b: Flutter Mane|Protosynthesis|[silent]\n|\n|-heal|p1a: Iron Hands|8\/100|[from] Grassy Terrain\n|upkeep\n|\n|t:|1700601549\n|switch|p2b: Overqwil|Overqwil, L50, M|100\/100\n|-ability|p2b: Overqwil|Intimidate|boost\n|-unboost|p1a: Iron Hands|atk|1\n|-unboost|p1b: Roaring Moon|atk|1\n|turn|3\n|\n|t:|1700601569\n|move|p2a: Rillaboom|Protect|p2a: Rillaboom\n|-singleturn|p2a: Rillaboom|Protect\n|move|p1b: Roaring Moon|Breaking Swipe|p2a: Rillaboom|[spread] p2b\n|-activate|p2a: Rillaboom|move: Protect\n|-damage|p2b: Overqwil|90\/100\n|-unboost|p2b: Overqwil|atk|1\n|move|p1a: Iron Hands|Drain Punch|p2b: Overqwil\n|-damage|p2b: Overqwil|69\/100\n|-heal|p1a: Iron Hands|16\/100|[from] drain|[of] p2b: Overqwil\n|move|p2b: Overqwil|Barb Barrage|p1b: Roaring Moon\n|-damage|p1b: Roaring Moon|84\/100\n|\n|-heal|p1b: Roaring Moon|90\/100|[from] Grassy Terrain\n|-heal|p1a: Iron Hands|22\/100|[from] Grassy Terrain\n|-heal|p2b: Overqwil|75\/100|[from] Grassy Terrain\n|upkeep\n|turn|4\n|inactive|zestyjoe has 30 seconds left.\n|\n|t:|1700601601\n|move|p2a: Rillaboom|Grassy Glide|p1a: Iron Hands\n|-supereffective|p1a: Iron Hands\n|-damage|p1a: Iron Hands|0 fnt\n|faint|p1a: Iron Hands\n|-end|p1a: Iron Hands|Quark Drive|[silent]\n|move|p1b: Roaring Moon|Breaking Swipe|p2b: Overqwil|[spread] p2a,p2b\n|-damage|p2a: Rillaboom|90\/100\n|-damage|p2b: Overqwil|65\/100\n|-unboost|p2a: Rillaboom|atk|1\n|-unboost|p2b: Overqwil|atk|1\n|-damage|p1b: Roaring Moon|74\/100|[from] item: Rocky Helmet|[of] p2a: Rillaboom\n|move|p2b: Overqwil|Barb Barrage|p1b: Roaring Moon\n|-damage|p1b: Roaring Moon|60\/100\n|-status|p1b: Roaring Moon|psn\n|\n|-heal|p1b: Roaring Moon|65\/100 psn|[from] Grassy Terrain\n|-heal|p2b: Overqwil|71\/100|[from] Grassy Terrain\n|-heal|p2a: Rillaboom|96\/100|[from] Grassy Terrain\n|-damage|p1b: Roaring Moon|53\/100 psn|[from] psn\n|-sideend|p1: zestyjoe|move: Tailwind\n|upkeep\n|\n|t:|1700601625\n|switch|p1a: Pelipper|Pelipper, L50, M|100\/100\n|-weather|RainDance|[from] ability: Drizzle|[of] p1a: Pelipper\n|turn|5\n|inactive|zestyjoe has 30 seconds left.\n|\n|t:|1700601650\n|switch|p2b: Thundurus|Thundurus, L50, M|100\/100\n|move|p2a: Rillaboom|Grassy Glide|p1a: Pelipper\n|-damage|p1a: Pelipper|69\/100\n|move|p1b: Roaring Moon|Breaking Swipe|p2a: Rillaboom|[spread] p2a,p2b\n|-damage|p2a: Rillaboom|85\/100\n|-damage|p2b: Thundurus|88\/100\n|-unboost|p2a: Rillaboom|atk|1\n|-unboost|p2b: Thundurus|atk|1\n|-damage|p1b: Roaring Moon|37\/100 psn|[from] item: Rocky Helmet|[of] p2a: Rillaboom\n|move|p1a: Pelipper|Hurricane|p2a: Rillaboom\n|-supereffective|p2a: Rillaboom\n|-damage|p2a: Rillaboom|0 fnt\n|faint|p2a: Rillaboom\n|\n|-weather|RainDance|[upkeep]\n|-heal|p1b: Roaring Moon|43\/100 psn|[from] Grassy Terrain\n|-damage|p1b: Roaring Moon|31\/100 psn|[from] psn\n|-fieldend|move: Grassy Terrain\n|upkeep\n|\n|t:|1700601666\n|switch|p2a: Overqwil|Overqwil, L50, M|71\/100\n|-ability|p2a: Overqwil|Intimidate|boost\n|-unboost|p1a: Pelipper|atk|1\n|-unboost|p1b: Roaring Moon|atk|1\n|turn|6\n|\n|t:|1700601681\n|move|p2a: Overqwil|Protect|p2a: Overqwil\n|-singleturn|p2a: Overqwil|Protect\n|move|p1a: Pelipper|Wide Guard|p1a: Pelipper\n|-singleturn|p1a: Pelipper|Wide Guard\n|move|p1b: Roaring Moon|Breaking Swipe|p2b: Thundurus|[spread] p2b\n|-activate|p2a: Overqwil|move: Protect\n|-damage|p2b: Thundurus|80\/100\n|-unboost|p2b: Thundurus|atk|1\n|move|p2b: Thundurus|Wildbolt Storm|p1a: Pelipper|[spread] \n|-activate|p1a: Pelipper|move: Wide Guard\n|-activate|p1b: Roaring Moon|move: Wide Guard\n|\n|-weather|RainDance|[upkeep]\n|-damage|p1b: Roaring Moon|19\/100 psn|[from] psn\n|upkeep\n|turn|7\n|inactive|zestyjoe has 30 seconds left.\n|inactive|Brutalandathebozz has 30 seconds left.\n|inactive|zestyjoe has 20 seconds left.\n|\n|t:|1700601720\n|move|p1b: Roaring Moon|Breaking Swipe|p2a: Overqwil|[spread] p2a,p2b\n|-damage|p2a: Overqwil|64\/100\n|-damage|p2b: Thundurus|70\/100\n|-unboost|p2a: Overqwil|atk|1\n|-unboost|p2b: Thundurus|atk|1\n|move|p2b: Thundurus|Wildbolt Storm|p1a: Pelipper|[spread] p1a,p1b\n|-supereffective|p1a: Pelipper\n|-crit|p1a: Pelipper\n|-resisted|p1b: Roaring Moon\n|-damage|p1a: Pelipper|0 fnt\n|-damage|p1b: Roaring Moon|6\/100 psn\n|faint|p1a: Pelipper\n|move|p2a: Overqwil|Barb Barrage|p1b: Roaring Moon\n|-damage|p1b: Roaring Moon|0 fnt\n|faint|p1b: Roaring Moon\n|-end|p1b: Roaring Moon|Protosynthesis|[silent]\n|\n|-weather|RainDance|[upkeep]\n|upkeep\n|\n|t:|1700601728\n|switch|p1b: Urshifu|Urshifu-Rapid-Strike, L50, M|100\/100\n|turn|8\n|\n|t:|1700601737\n|move|p2b: Thundurus|Thunder Wave|p1b: Urshifu\n|-status|p1b: Urshifu|par\n|move|p2a: Overqwil|Barb Barrage|p1b: Urshifu\n|-damage|p1b: Urshifu|83\/100 par\n|move|p1b: Urshifu|Surging Strikes|p2b: Thundurus\n|-crit|p2b: Thundurus\n|-damage|p2b: Thundurus|33\/100\n|-enditem|p2b: Thundurus|Sitrus Berry|[eat]\n|-heal|p2b: Thundurus|58\/100|[from] item: Sitrus Berry\n|-crit|p2b: Thundurus\n|-damage|p2b: Thundurus|23\/100\n|-crit|p2b: Thundurus\n|-damage|p2b: Thundurus|0 fnt\n|faint|p2b: Thundurus\n|-hitcount|p2: Thundurus|3\n|\n|-weather|RainDance|[upkeep]\n|upkeep\n|turn|9\n|\n|t:|1700601748\n|move|p2a: Overqwil|Barb Barrage|p1b: Urshifu\n|-damage|p1b: Urshifu|64\/100 par\n|move|p1b: Urshifu|Surging Strikes|p2a: Overqwil\n|-crit|p2a: Overqwil\n|-damage|p2a: Overqwil|37\/100\n|-crit|p2a: Overqwil\n|-damage|p2a: Overqwil|7\/100\n|-crit|p2a: Overqwil\n|-damage|p2a: Overqwil|0 fnt\n|faint|p2a: Overqwil\n|-hitcount|p2: Overqwil|3\n|\n|win|zestyjoe\n|raw|zestyjoe's rating: 1489 &rarr; <strong>1509<\/strong><br \/>(+20 for winning)\n|raw|Brutalandathebozz's rating: 1493 &rarr; <strong>1473<\/strong><br \/>(-20 for losing)\n|l|\u2606Brutalandathebozz\n","uploadtime":1700601760,"views":7,"p1id":"zestyjoe","p2id":"brutalandathebozz","formatid":"gen9vgc2023regulatione","rating":1473,"private":0,"password":""}