{"id":"gen9vgc2023regulatione-1991206494","p1":"Bitce","p2":"JayoticNL","format":"[Gen 9] VGC 2023 Regulation E","log":"|j|\u2606Bitce\n|j|\u2606JayoticNL\n|t:|1700057094\n|gametype|doubles\n|player|p1|Bitce|lucas|1592\n|player|p2|JayoticNL|169|1479\n|teamsize|p1|6\n|teamsize|p2|6\n|gen|9\n|tier|[Gen 9] VGC 2023 Regulation E\n|rated|\n|rule|Species Clause: Limit one of each Pok\u00e9mon\n|rule|Item Clause: Limit one of each item\n|clearpoke\n|poke|p1|Shiftry, L50, M|\n|poke|p1|Tornadus, L50, M|\n|poke|p1|Urshifu-*, L50, M|\n|poke|p1|Flutter Mane, L50|\n|poke|p1|Chi-Yu, L50|\n|poke|p1|Kommo-o, L50, M|\n|poke|p2|Wo-Chien, L50|\n|poke|p2|Glimmora, L50, F|\n|poke|p2|Thundurus, L50, M|\n|poke|p2|Arcanine, L50, F|\n|poke|p2|Gastrodon, L50, M|\n|poke|p2|Ogerpon-Wellspring, L50, F|\n|teampreview|4\n|inactive|Battle timer is ON: inactive players will automatically lose when time's up. (requested by Bitce)\n|\n|t:|1700057123\n|start\n|switch|p1a: Shiftry|Shiftry, L50, M|100\/100\n|switch|p1b: Tornadus|Tornadus, L50, M|100\/100\n|switch|p2a: Thundurus|Thundurus, L50, M|100\/100\n|switch|p2b: Glimmora|Glimmora, L50, F|100\/100\n|turn|1\n|\n|t:|1700057140\n|move|p1b: Tornadus|Tailwind|p1b: Tornadus\n|-sidestart|p1: Bitce|move: Tailwind\n|-ability|p1a: Shiftry|Wind Rider|boost\n|-boost|p1a: Shiftry|atk|1\n|move|p2a: Thundurus|Thunder Wave|p1b: Tornadus|[miss]\n|-miss|p2a: Thundurus|p1b: Tornadus\n|move|p1a: Shiftry|Knock Off|p2a: Thundurus\n|-damage|p2a: Thundurus|38\/100\n|-enditem|p2a: Thundurus|Covert Cloak|[from] move: Knock Off|[of] p1a: Shiftry\n|move|p2b: Glimmora|Power Gem|p1b: Tornadus\n|-supereffective|p1b: Tornadus\n|-damage|p1b: Tornadus|10\/100\n|\n|upkeep\n|turn|2\n|\n|t:|1700057164\n|move|p1b: Tornadus|Taunt|p2a: Thundurus\n|-start|p2a: Thundurus|move: Taunt\n|move|p1a: Shiftry|Leaf Blade|p2b: Glimmora\n|-damage|p2b: Glimmora|37\/100\n|-activate|p2b: Glimmora|ability: Toxic Debris\n|-sidestart|p1: Bitce|move: Toxic Spikes\n|move|p2a: Thundurus|Wildbolt Storm|p1a: Shiftry|[spread] p1b\n|-ability|p1a: Shiftry|Wind Rider|boost\n|-boost|p1a: Shiftry|atk|1\n|-supereffective|p1b: Tornadus\n|-damage|p1b: Tornadus|0 fnt\n|faint|p1b: Tornadus\n|move|p2b: Glimmora|Sludge Bomb|p1a: Shiftry\n|-supereffective|p1a: Shiftry\n|-enditem|p1a: Shiftry|Focus Sash\n|-damage|p1a: Shiftry|1\/100\n|-status|p1a: Shiftry|psn\n|\n|-damage|p1a: Shiftry|0 fnt|[from] psn\n|faint|p1a: Shiftry\n|upkeep\n|\n|t:|1700057176\n|switch|p1b: Chi-Yu|Chi-Yu, L50|100\/100\n|switch|p1a: Flutter Mane|Flutter Mane, L50|100\/100\n|-status|p1a: Flutter Mane|psn\n|-status|p1b: Chi-Yu|psn\n|-ability|p1b: Chi-Yu|Beads of Ruin\n|-enditem|p1a: Flutter Mane|Booster Energy\n|-activate|p1a: Flutter Mane|ability: Protosynthesis|[fromitem]\n|-start|p1a: Flutter Mane|protosynthesisspe\n|turn|3\n|\n|t:|1700057188\n|move|p1a: Flutter Mane|Dazzling Gleam|p2a: Thundurus|[spread] p2a,p2b\n|-resisted|p2b: Glimmora\n|-damage|p2a: Thundurus|0 fnt\n|-damage|p2b: Glimmora|23\/100\n|faint|p2a: Thundurus\n|move|p1b: Chi-Yu|Heat Wave|p2b: Glimmora\n|-resisted|p2b: Glimmora\n|-damage|p2b: Glimmora|0 fnt\n|faint|p2b: Glimmora\n|-damage|p1b: Chi-Yu|91\/100 psn|[from] item: Life Orb\n|\n|-damage|p1a: Flutter Mane|88\/100 psn|[from] psn\n|-damage|p1b: Chi-Yu|79\/100 psn|[from] psn\n|upkeep\n|\n|t:|1700057191\n|switch|p2a: Wo-Chien|Wo-Chien, L50|100\/100\n|switch|p2b: Gastrodon|Gastrodon, L50, M|100\/100\n|-ability|p2a: Wo-Chien|Tablets of Ruin\n|turn|4\n|\n|t:|1700057203\n|-terastallize|p2a: Wo-Chien|Poison\n|move|p1a: Flutter Mane|Shadow Ball|p2b: Gastrodon\n|-damage|p2b: Gastrodon|49\/100\n|move|p1b: Chi-Yu|Dark Pulse|p2b: Gastrodon\n|-damage|p2b: Gastrodon|0 fnt\n|faint|p2b: Gastrodon\n|-damage|p1b: Chi-Yu|69\/100 psn|[from] item: Life Orb\n|move|p2a: Wo-Chien|Leech Seed|p1a: Flutter Mane\n|-start|p1a: Flutter Mane|move: Leech Seed\n|\n|-damage|p1a: Flutter Mane|76\/100 psn|[from] Leech Seed|[of] p2a: Wo-Chien\n|-damage|p1a: Flutter Mane|63\/100 psn|[from] psn\n|-damage|p1b: Chi-Yu|57\/100 psn|[from] psn\n|-sideend|p1: Bitce|move: Tailwind\n|upkeep\n|turn|5\n|\n|t:|1700057213\n|move|p1a: Flutter Mane|Shadow Ball|p2a: Wo-Chien\n|-damage|p2a: Wo-Chien|71\/100\n|move|p1b: Chi-Yu|Heat Wave|p2a: Wo-Chien\n|-damage|p2a: Wo-Chien|19\/100\n|-damage|p1b: Chi-Yu|48\/100 psn|[from] item: Life Orb\n|move|p2a: Wo-Chien|Leech Seed|p1b: Chi-Yu\n|-start|p1b: Chi-Yu|move: Leech Seed\n|\n|-heal|p2a: Wo-Chien|25\/100|[from] item: Leftovers\n|-damage|p1a: Flutter Mane|51\/100 psn|[from] Leech Seed|[of] p2a: Wo-Chien\n|-heal|p2a: Wo-Chien|36\/100|[silent]\n|-damage|p1b: Chi-Yu|36\/100 psn|[from] Leech Seed|[of] p2a: Wo-Chien\n|-heal|p2a: Wo-Chien|46\/100|[silent]\n|-damage|p1a: Flutter Mane|39\/100 psn|[from] psn\n|-damage|p1b: Chi-Yu|23\/100 psn|[from] psn\n|upkeep\n|turn|6\n|\n|t:|1700057225\n|move|p2a: Wo-Chien|Protect|p2a: Wo-Chien\n|-singleturn|p2a: Wo-Chien|Protect\n|move|p1a: Flutter Mane|Shadow Ball|p2a: Wo-Chien\n|-activate|p2a: Wo-Chien|move: Protect\n|move|p1b: Chi-Yu|Overheat|p2a: Wo-Chien\n|-activate|p2a: Wo-Chien|move: Protect\n|\n|-heal|p2a: Wo-Chien|52\/100|[from] item: Leftovers\n|-damage|p1a: Flutter Mane|26\/100 psn|[from] Leech Seed|[of] p2a: Wo-Chien\n|-heal|p2a: Wo-Chien|62\/100|[silent]\n|-damage|p1b: Chi-Yu|11\/100 psn|[from] Leech Seed|[of] p2a: Wo-Chien\n|-heal|p2a: Wo-Chien|72\/100|[silent]\n|-damage|p1a: Flutter Mane|14\/100 psn|[from] psn\n|-damage|p1b: Chi-Yu|0 fnt|[from] psn\n|faint|p1b: Chi-Yu\n|upkeep\n|turn|7\n|-message|Bitce forfeited.\n|\n|win|JayoticNL\n|raw|Bitce's rating: 1592 &rarr; <strong>1566<\/strong><br \/>(-26 for losing)\n|raw|JayoticNL's rating: 1479 &rarr; <strong>1505<\/strong><br \/>(+26 for winning)\n|l|\u2606Bitce\n","uploadtime":1700057419,"views":16,"p1id":"bitce","p2id":"jayoticnl","formatid":"gen9vgc2023regulatione","rating":1505,"private":0,"password":""}