{"id":"gen9vgc2023regulatione-1999550271","p1":"LuckyLyrical","p2":"SlopWasTaken","format":"[Gen 9] VGC 2023 Regulation E","log":"|j|\u2606LuckyLyrical\n|j|\u2606SlopWasTaken\n|n|\u2606LuckyLyrical|luckylyrical\n|n|\u2606SlopWasTaken|slopwastaken\n|html|View the match progress at <a href=\"\/game-bestof3-gen9vgc2023regulatione-1999538102\">game-bestof3-gen9vgc2023regulatione-1999538102<\/a>\n|t:|1701095172\n|gametype|doubles\n|player|p1|LuckyLyrical|brawly|\n|player|p2|SlopWasTaken|lucas|\n|teamsize|p1|6\n|teamsize|p2|6\n|gen|9\n|tier|[Gen 9] VGC 2023 Regulation E\n|rule|Species Clause: Limit one of each Pok\u00e9mon\n|rule|Item Clause: Limit one of each item\n|clearpoke\n|poke|p1|Flutter Mane, L50|\n|poke|p1|Kommo-o, L50, F|\n|poke|p1|Torterra, L50, M|\n|poke|p1|Clefairy, L50, M|\n|poke|p1|Volcarona, L50, M|\n|poke|p1|Ribombee, L50, F|\n|poke|p2|Ogerpon-Wellspring, L50, F|\n|poke|p2|Heatran, L50, M|\n|poke|p2|Ninetales-Alola, L50, M|\n|poke|p2|Arbok, L50, M|\n|poke|p2|Mandibuzz, L50, F|\n|poke|p2|Sandslash-Alola, L50, M|\n|teampreview|4\n|c|\u2606SlopWasTaken|thank god it auto started\n|c|\u2606SlopWasTaken|gl hf\nLuckyLyrical rejected open team sheets.\n|\n|t:|1701095276\n|start\n|switch|p1a: Kommo-o|Kommo-o, L50, F|100\/100\n|switch|p1b: Clefairy|Clefairy, L50, M|100\/100\n|switch|p2a: Ninetales|Ninetales-Alola, L50, M|100\/100\n|switch|p2b: Sandslash|Sandslash-Alola, L50, M|100\/100\n|-weather|Snow|[from] ability: Snow Warning|[of] p2a: Ninetales\n|turn|1\n|\n|t:|1701095319\n|switch|p1a: Volcarona|Volcarona, L50, M|100\/100\n|move|p1b: Clefairy|Follow Me|p1b: Clefairy\n|-singleturn|p1b: Clefairy|move: Follow Me\n|move|p2b: Sandslash|Iron Head|p1b: Clefairy\n|-supereffective|p1b: Clefairy\n|-damage|p1b: Clefairy|43\/100\n|move|p2a: Ninetales|Moonblast|p1b: Clefairy\n|-damage|p1b: Clefairy|13\/100\n|\n|-weather|Snow|[upkeep]\n|upkeep\n|turn|2\n|\n|t:|1701095357\n|switch|p2b: Ogerpon|Ogerpon-Wellspring, L50, F|100\/100\n|-terastallize|p2a: Ninetales|Water\n|move|p1b: Clefairy|Helping Hand|p1a: Volcarona\n|-singleturn|p1a: Volcarona|Helping Hand|[of] p1b: Clefairy\n|move|p1a: Volcarona|Heat Wave|p2a: Ninetales|[spread] p2a,p2b\n|-resisted|p2a: Ninetales\n|-damage|p2a: Ninetales|69\/100\n|-damage|p2b: Ogerpon|47\/100\n|move|p2a: Ninetales|Aurora Veil|p2a: Ninetales\n|-sidestart|p2: SlopWasTaken|move: Aurora Veil\n|\n|-weather|Snow|[upkeep]\n|upkeep\n|turn|3\n|\n|t:|1701095399\n|switch|p1a: Ribombee|Ribombee, L50, F|100\/100\n|move|p1b: Clefairy|Follow Me|p1b: Clefairy\n|-singleturn|p1b: Clefairy|move: Follow Me\n|move|p2a: Ninetales|Blizzard|p1a: Ribombee|[spread] p1a,p1b\n|-damage|p1a: Ribombee|67\/100\n|-damage|p1b: Clefairy|0 fnt\n|faint|p1b: Clefairy\n|move|p2b: Ogerpon|Ivy Cudgel|p1a: Ribombee|[anim] Ivy Cudgel Water\n|-damage|p1a: Ribombee|0 fnt\n|faint|p1a: Ribombee\n|\n|-weather|Snow|[upkeep]\n|upkeep\n|\n|t:|1701095412\n|switch|p1a: Kommo-o|Kommo-o, L50, F|100\/100\n|switch|p1b: Volcarona|Volcarona, L50, M|100\/100\n|turn|4\n|\n|t:|1701095512\n|-terastallize|p1a: Kommo-o|Fighting\n|move|p1b: Volcarona|Struggle Bug|p2a: Ninetales|[spread] p2a,p2b\n|-supereffective|p2b: Ogerpon\n|-crit|p2b: Ogerpon\n|-damage|p2a: Ninetales|56\/100\n|-damage|p2b: Ogerpon|0 fnt\n|-unboost|p2a: Ninetales|spa|1\n|faint|p2b: Ogerpon\n|move|p2a: Ninetales|Moonblast|p1a: Kommo-o\n|-supereffective|p1a: Kommo-o\n|-damage|p1a: Kommo-o|63\/100\n|move|p1a: Kommo-o|Iron Defense|p1a: Kommo-o\n|-boost|p1a: Kommo-o|def|2\n|\n|-weather|Snow|[upkeep]\n|-heal|p1a: Kommo-o|69\/100|[from] item: Leftovers\n|upkeep\n|\n|t:|1701095523\n|switch|p2b: Mandibuzz|Mandibuzz, L50, F|100\/100\n|turn|5\n|\n|t:|1701095553\n|move|p1a: Kommo-o|Protect|p1a: Kommo-o\n|-singleturn|p1a: Kommo-o|Protect\n|move|p1b: Volcarona|Struggle Bug|p2a: Ninetales|[spread] p2a,p2b\n|-damage|p2a: Ninetales|41\/100\n|-damage|p2b: Mandibuzz|91\/100\n|-unboost|p2a: Ninetales|spa|1\n|-unboost|p2b: Mandibuzz|spa|1\n|move|p2a: Ninetales|Moonblast|p1a: Kommo-o\n|-activate|p1a: Kommo-o|move: Protect\n|move|p2b: Mandibuzz|Toxic|p1a: Kommo-o\n|-activate|p1a: Kommo-o|move: Protect\n|\n|-weather|none\n|-heal|p1a: Kommo-o|75\/100|[from] item: Leftovers\n|-heal|p2b: Mandibuzz|97\/100|[from] item: Leftovers\n|upkeep\n|turn|6\n|\n|t:|1701095601\n|move|p1b: Volcarona|Struggle Bug|p2a: Ninetales|[spread] p2a,p2b\n|-damage|p2a: Ninetales|25\/100\n|-damage|p2b: Mandibuzz|88\/100\n|-unboost|p2a: Ninetales|spa|1\n|-unboost|p2b: Mandibuzz|spa|1\n|move|p2a: Ninetales|Moonblast|p1a: Kommo-o\n|-supereffective|p1a: Kommo-o\n|-damage|p1a: Kommo-o|54\/100\n|-unboost|p1a: Kommo-o|spa|1\n|move|p1a: Kommo-o|Body Press|p2b: Mandibuzz\n|-damage|p2b: Mandibuzz|30\/100\n|move|p2b: Mandibuzz|Toxic|p1a: Kommo-o\n|-status|p1a: Kommo-o|tox\n|\n|-heal|p1a: Kommo-o|60\/100 tox|[from] item: Leftovers\n|-heal|p2b: Mandibuzz|36\/100|[from] item: Leftovers\n|-damage|p1a: Kommo-o|54\/100 tox|[from] psn\n|upkeep\n|turn|7\n|\n|t:|1701095623\n|switch|p2a: Sandslash|Sandslash-Alola, L50, M|100\/100\n|move|p2b: Mandibuzz|Protect|p2b: Mandibuzz\n|-singleturn|p2b: Mandibuzz|Protect\n|move|p1b: Volcarona|Struggle Bug|p2b: Mandibuzz|[spread] p2a\n|-activate|p2b: Mandibuzz|move: Protect\n|-resisted|p2a: Sandslash\n|-damage|p2a: Sandslash|87\/100\n|-unboost|p2a: Sandslash|spa|1\n|move|p1a: Kommo-o|Body Press|p2b: Mandibuzz\n|-activate|p2b: Mandibuzz|move: Protect\n|\n|-heal|p1a: Kommo-o|60\/100 tox|[from] item: Leftovers\n|-heal|p2b: Mandibuzz|42\/100|[from] item: Leftovers\n|-damage|p1a: Kommo-o|48\/100 tox|[from] psn\n|upkeep\n|turn|8\n|\n|t:|1701095651\n|switch|p2a: Ninetales|Ninetales-Alola, L50, M, tera:Water|25\/100\n|-weather|Snow|[from] ability: Snow Warning|[of] p2a: Ninetales\n|move|p1b: Volcarona|Struggle Bug|p2a: Ninetales|[spread] p2a,p2b\n|-damage|p2a: Ninetales|11\/100\n|-damage|p2b: Mandibuzz|34\/100\n|-unboost|p2a: Ninetales|spa|1\n|-unboost|p2b: Mandibuzz|spa|1\n|move|p1a: Kommo-o|Body Press|p2a: Ninetales\n|-damage|p2a: Ninetales|0 fnt\n|faint|p2a: Ninetales\n|move|p2b: Mandibuzz|Roost|p2b: Mandibuzz\n|-heal|p2b: Mandibuzz|84\/100\n|-singleturn|p2b: Mandibuzz|move: Roost\n|\n|-weather|Snow|[upkeep]\n|-heal|p1a: Kommo-o|54\/100 tox|[from] item: Leftovers\n|-heal|p2b: Mandibuzz|90\/100|[from] item: Leftovers\n|-damage|p1a: Kommo-o|35\/100 tox|[from] psn\n|upkeep\n|\n|t:|1701095665\n|switch|p2a: Sandslash|Sandslash-Alola, L50, M|87\/100\n|turn|9\n|\n|t:|1701095697\n|move|p2a: Sandslash|Icicle Crash|p1a: Kommo-o\n|-damage|p1a: Kommo-o|22\/100 tox\n|move|p1b: Volcarona|Struggle Bug|p2a: Sandslash|[spread] p2a,p2b\n|-resisted|p2a: Sandslash\n|-crit|p2a: Sandslash\n|-damage|p2a: Sandslash|61\/100\n|-damage|p2b: Mandibuzz|80\/100\n|-unboost|p2a: Sandslash|spa|1\n|-unboost|p2b: Mandibuzz|spa|1\n|cant|p1a: Kommo-o|flinch\n|move|p2b: Mandibuzz|Toxic|p1b: Volcarona\n|-status|p1b: Volcarona|tox\n|\n|-weather|Snow|[upkeep]\n|-heal|p1a: Kommo-o|28\/100 tox|[from] item: Leftovers\n|-heal|p2b: Mandibuzz|86\/100|[from] item: Leftovers\n|-damage|p1b: Volcarona|94\/100 tox|[from] psn\n|-damage|p1a: Kommo-o|4\/100 tox|[from] psn\n|-sideend|p2: SlopWasTaken|move: Aurora Veil\n|upkeep\n|turn|10\n|\n|t:|1701095720\n|move|p2b: Mandibuzz|Protect|p2b: Mandibuzz\n|-singleturn|p2b: Mandibuzz|Protect\n|move|p2a: Sandslash|Iron Head|p1a: Kommo-o\n|-damage|p1a: Kommo-o|0 fnt\n|faint|p1a: Kommo-o\n|move|p1b: Volcarona|Struggle Bug|p2b: Mandibuzz|[spread] p2a\n|-activate|p2b: Mandibuzz|move: Protect\n|-resisted|p2a: Sandslash\n|-damage|p2a: Sandslash|42\/100\n|-unboost|p2a: Sandslash|spa|1\n|\n|-weather|Snow|[upkeep]\n|-heal|p2b: Mandibuzz|92\/100|[from] item: Leftovers\n|-damage|p1b: Volcarona|82\/100 tox|[from] psn\n|upkeep\n|turn|11\n|\n|t:|1701095745\n|move|p2b: Mandibuzz|Protect||[still]\n|-fail|p2b: Mandibuzz\n|move|p2a: Sandslash|Drill Run|p1b: Volcarona\n|-damage|p1b: Volcarona|49\/100 tox\n|move|p1b: Volcarona|Struggle Bug|p2b: Mandibuzz|[spread] p2a,p2b\n|-resisted|p2a: Sandslash\n|-damage|p2a: Sandslash|23\/100\n|-damage|p2b: Mandibuzz|80\/100\n|-unboost|p2a: Sandslash|spa|1\n|-unboost|p2b: Mandibuzz|spa|1\n|\n|-weather|Snow|[upkeep]\n|-heal|p2b: Mandibuzz|86\/100|[from] item: Leftovers\n|-damage|p1b: Volcarona|30\/100 tox|[from] psn\n|upkeep\n|turn|12\n|\n|t:|1701095759\n|move|p2b: Mandibuzz|Protect|p2b: Mandibuzz\n|-singleturn|p2b: Mandibuzz|Protect\n|move|p2a: Sandslash|Drill Run|p1b: Volcarona|[miss]\n|-miss|p2a: Sandslash|p1b: Volcarona\n|move|p1b: Volcarona|Struggle Bug|p2b: Mandibuzz|[spread] p2a\n|-activate|p2b: Mandibuzz|move: Protect\n|-resisted|p2a: Sandslash\n|-damage|p2a: Sandslash|3\/100\n|-unboost|p2a: Sandslash|spa|1\n|\n|-weather|none\n|-heal|p2b: Mandibuzz|92\/100|[from] item: Leftovers\n|-damage|p1b: Volcarona|5\/100 tox|[from] psn\n|upkeep\n|turn|13\n|\n|t:|1701095772\n|move|p2b: Mandibuzz|Protect||[still]\n|-fail|p2b: Mandibuzz\n|move|p1b: Volcarona|Struggle Bug|p2b: Mandibuzz|[spread] p2a,p2b\n|-resisted|p2a: Sandslash\n|-damage|p2a: Sandslash|0 fnt\n|-damage|p2b: Mandibuzz|78\/100\n|-unboost|p2b: Mandibuzz|spa|1\n|faint|p2a: Sandslash\n|\n|-heal|p2b: Mandibuzz|84\/100|[from] item: Leftovers\n|-damage|p1b: Volcarona|0 fnt|[from] psn\n|faint|p1b: Volcarona\n|\n|win|SlopWasTaken\n|upkeep\n|c|\u2606SlopWasTaken|gg\n","uploadtime":1701095786,"views":5,"p1id":"luckylyrical","p2id":"slopwastaken","formatid":"gen9vgc2023regulatione","rating":0,"private":0,"password":""}