{"id":"gen9vgc2023regulatione-1999147848","p1":"Braimanaitor","p2":"Skalfito","format":"[Gen 9] VGC 2023 Regulation E","log":"|j|\u2606Braimanaitor\n|j|\u2606Skalfito\n|t:|1701038380\n|gametype|doubles\n|player|p1|Braimanaitor|morty|1077\n|player|p2|Skalfito|102|1167\n|teamsize|p1|6\n|teamsize|p2|6\n|gen|9\n|tier|[Gen 9] VGC 2023 Regulation E\n|rated|\n|rule|Species Clause: Limit one of each Pok\u00e9mon\n|rule|Item Clause: Limit one of each item\n|clearpoke\n|poke|p1|Tyranitar, L50, M|\n|poke|p1|Landorus, L50, M|\n|poke|p1|Sinistcha, L50|\n|poke|p1|Ceruledge, L50, M|\n|poke|p1|Iron Bundle, L50|\n|poke|p1|Sneasler, L50, F|\n|poke|p2|Ninetales-Alola, L50, M|\n|poke|p2|Tornadus, L50, M|\n|poke|p2|Chien-Pao, L50|\n|poke|p2|Rillaboom, L50, M|\n|poke|p2|Urshifu-*, L50, M|\n|poke|p2|Heatran, L50, F|\n|teampreview|4\n|\n|t:|1701038421\n|start\n|switch|p1a: Landorus|Landorus, L50, M|100\/100\n|switch|p1b: Sneasler|Sneasler, L50, F|100\/100\n|switch|p2a: Ninetales|Ninetales-Alola, L50, M|100\/100\n|switch|p2b: Tornadus|Tornadus, L50, M|100\/100\n|-weather|Snow|[from] ability: Snow Warning|[of] p2a: Ninetales\n|turn|1\n|\n|t:|1701038454\n|move|p2a: Ninetales|Protect|p2a: Ninetales\n|-singleturn|p2a: Ninetales|Protect\n|move|p1b: Sneasler|Fake Out|p2b: Tornadus\n|-enditem|p1b: Sneasler|Normal Gem|[from] gem\n|-damage|p2b: Tornadus|82\/100\n|-damage|p1b: Sneasler|84\/100|[from] item: Rocky Helmet|[of] p2b: Tornadus\n|cant|p2b: Tornadus|flinch\n|move|p1a: Landorus|Nasty Plot|p1a: Landorus\n|-boost|p1a: Landorus|spa|2\n|\n|-weather|Snow|[upkeep]\n|upkeep\n|turn|2\n|\n|t:|1701038475\n|switch|p1b: Tyranitar|Tyranitar, L50, M|100\/100\n|-weather|Sandstorm|[from] ability: Sand Stream|[of] p1b: Tyranitar\n|move|p2b: Tornadus|Tailwind|p2b: Tornadus\n|-sidestart|p2: Skalfito|move: Tailwind\n|move|p2a: Ninetales|Aurora Veil||[still]\n|-fail|p2a: Ninetales\n|move|p1a: Landorus|Sandsear Storm|p2b: Tornadus|[spread] p2a\n|-immune|p2b: Tornadus\n|-damage|p2a: Ninetales|0 fnt\n|faint|p2a: Ninetales\n|\n|-weather|Sandstorm|[upkeep]\n|-damage|p2b: Tornadus|76\/100|[from] Sandstorm\n|upkeep\n|\n|t:|1701038490\n|switch|p2a: Urshifu|Urshifu-Rapid-Strike, L50, M|100\/100\n|turn|3\n|\n|t:|1701038533\n|switch|p1b: Sneasler|Sneasler, L50, F|84\/100\n|-terastallize|p2a: Urshifu|Water\n|move|p1a: Landorus|Protect|p1a: Landorus\n|-singleturn|p1a: Landorus|Protect\n|move|p2a: Urshifu|Surging Strikes|p1b: Sneasler\n|-crit|p1b: Sneasler\n|-damage|p1b: Sneasler|26\/100\n|-crit|p1b: Sneasler\n|-damage|p1b: Sneasler|0 fnt\n|faint|p1b: Sneasler\n|-hitcount|p1: Sneasler|2\n|move|p2b: Tornadus|Bleakwind Storm|p1a: Landorus\n|-activate|p1a: Landorus|move: Protect\n|\n|-weather|Sandstorm|[upkeep]\n|-damage|p2a: Urshifu|95\/100|[from] Sandstorm\n|-damage|p2b: Tornadus|70\/100|[from] Sandstorm\n|upkeep\n|\n|t:|1701038536\n|switch|p1b: Ceruledge|Ceruledge, L50, M|100\/100\n|turn|4\n|\n|t:|1701038580\n|move|p1b: Ceruledge|Ally Switch|p1b: Ceruledge\n|swap|p1b: Ceruledge|0|[from] move: Ally Switch\n|move|p2a: Urshifu|Surging Strikes|p1a: Ceruledge\n|-supereffective|p1a: Ceruledge\n|-crit|p1a: Ceruledge\n|-enditem|p1a: Ceruledge|Focus Sash\n|-damage|p1a: Ceruledge|1\/100\n|-supereffective|p1a: Ceruledge\n|-crit|p1a: Ceruledge\n|-damage|p1a: Ceruledge|0 fnt\n|faint|p1a: Ceruledge\n|-hitcount|p1: Ceruledge|2\n|move|p2b: Tornadus|Bleakwind Storm|p1b: Landorus\n|-damage|p1b: Landorus|44\/100\n|move|p1b: Landorus|Sandsear Storm|p2b: Tornadus|[spread] p2a\n|-immune|p2b: Tornadus\n|-damage|p2a: Urshifu|0 fnt\n|faint|p2a: Urshifu\n|\n|-weather|Sandstorm|[upkeep]\n|-damage|p2b: Tornadus|64\/100|[from] Sandstorm\n|upkeep\n|\n|t:|1701038597\n|switch|p1a: Tyranitar|Tyranitar, L50, M|100\/100\n|switch|p2a: Rillaboom|Rillaboom, L50, M|100\/100\n|-fieldstart|move: Grassy Terrain|[from] ability: Grassy Surge|[of] p2a: Rillaboom\n|turn|5\n|\n|t:|1701038629\n|move|p1b: Landorus|Protect|p1b: Landorus\n|-singleturn|p1b: Landorus|Protect\n|move|p2a: Rillaboom|Fake Out|p1b: Landorus\n|-activate|p1b: Landorus|move: Protect\n|move|p2b: Tornadus|Bleakwind Storm|p1a: Tyranitar|[spread] p1a\n|-activate|p1b: Landorus|move: Protect\n|-resisted|p1a: Tyranitar\n|-damage|p1a: Tyranitar|94\/100\n|-unboost|p1a: Tyranitar|spe|1\n|move|p1a: Tyranitar|Rock Slide|p2b: Tornadus|[spread] p2a,p2b\n|-supereffective|p2b: Tornadus\n|-damage|p2a: Rillaboom|69\/100\n|-damage|p2b: Tornadus|0 fnt\n|faint|p2b: Tornadus\n|\n|-weather|Sandstorm|[upkeep]\n|-damage|p2a: Rillaboom|63\/100|[from] Sandstorm\n|-heal|p2a: Rillaboom|69\/100|[from] Grassy Terrain\n|-heal|p1a: Tyranitar|99\/100|[from] Grassy Terrain\n|-sideend|p2: Skalfito|move: Tailwind\n|upkeep\n|turn|6\n|\n|t:|1701038655\n|-terastallize|p1b: Landorus|Flying\n|move|p2a: Rillaboom|Grassy Glide|p1b: Landorus\n|-resisted|p1b: Landorus\n|-damage|p1b: Landorus|21\/100\n|move|p1b: Landorus|Sandsear Storm|p2a: Rillaboom|[miss]\n|-miss|p1b: Landorus|p2a: Rillaboom\n|move|p1a: Tyranitar|Knock Off|p2a: Rillaboom\n|-damage|p2a: Rillaboom|19\/100\n|-enditem|p2a: Rillaboom|Assault Vest|[from] move: Knock Off|[of] p1a: Tyranitar\n|\n|-weather|none\n|-heal|p2a: Rillaboom|25\/100|[from] Grassy Terrain\n|-heal|p1a: Tyranitar|100\/100|[from] Grassy Terrain\n|upkeep\n|turn|7\n|-message|Skalfito forfeited.\n|\n|win|Braimanaitor\n|raw|Braimanaitor's rating: 1077 &rarr; <strong>1113<\/strong><br \/>(+36 for winning)\n|raw|Skalfito's rating: 1167 &rarr; <strong>1136<\/strong><br \/>(-31 for losing)\n|l|\u2606Skalfito\n","uploadtime":1701038678,"views":1,"p1id":"braimanaitor","p2id":"skalfito","formatid":"gen9vgc2023regulatione","rating":1113,"private":0,"password":""}