{"id":"gen9vgc2023regulatione-1990923364","p1":"Doctor Determinism","p2":"cammmmy","format":"[Gen 9] VGC 2023 Regulation E","log":"|j|\u2606Doctor Determinism\n|j|\u2606cammmmy\n|t:|1700015603\n|gametype|doubles\n|player|p1|Doctor Determinism|zinnia|1395\n|player|p2|cammmmy|101|1390\n|teamsize|p1|6\n|teamsize|p2|6\n|gen|9\n|tier|[Gen 9] VGC 2023 Regulation E\n|rated|\n|rule|Species Clause: Limit one of each Pok\u00e9mon\n|rule|Item Clause: Limit one of each item\n|clearpoke\n|poke|p1|Ninetales-Alola, L50, M|\n|poke|p1|Arcanine-Hisui, L50, M|\n|poke|p1|Amoonguss, L50, F|\n|poke|p1|Annihilape, L50, M|\n|poke|p1|Azumarill, L50, M|\n|poke|p1|Farigiraf, L50, F|\n|poke|p2|Ninetales-Alola, L50, M|\n|poke|p2|Gholdengo, L50|\n|poke|p2|Weezing, L50, M|\n|poke|p2|Iron Bundle, L50|\n|poke|p2|Urshifu-*, L50, M|\n|poke|p2|Rillaboom, L50, F|\n|teampreview|4\nDoctor Determinism has agreed to open team sheets.\n|c|\u2606Doctor Determinism|glhf\ncammmmy has agreed to open team sheets.\n|\n|t:|1700015663\n|start\n|switch|p1a: Annihilape|Annihilape, L50, M|100\/100\n|switch|p1b: Hackerman|Farigiraf, L50, F|100\/100\n|switch|p2a: Weezing|Weezing, L50, M|100\/100\n|switch|p2b: Urshifu|Urshifu-Rapid-Strike, L50, M|100\/100\n|-ability|p2a: Weezing|Neutralizing Gas\n|turn|1\n|\n|t:|1700015708\n|-terastallize|p2b: Urshifu|Water\n|move|p1a: Annihilape|Protect|p1a: Annihilape\n|-singleturn|p1a: Annihilape|Protect\n|move|p2b: Urshifu|Surging Strikes|p1a: Annihilape\n|-activate|p1a: Annihilape|move: Protect\n|move|p1b: Hackerman|Psychic|p2a: Weezing\n|-supereffective|p2a: Weezing\n|-damage|p2a: Weezing|18\/100\n|-unboost|p2a: Weezing|spd|1\n|-enditem|p2a: Weezing|Sitrus Berry|[eat]\n|-heal|p2a: Weezing|43\/100|[from] item: Sitrus Berry\n|move|p2a: Weezing|Taunt|p1b: Hackerman\n|-start|p1b: Hackerman|move: Taunt\n|\n|upkeep\n|turn|2\n|\n|t:|1700015733\n|switch|p1a: kili Amunkusu|Amoonguss, L50, F|100\/100\n|move|p2a: Weezing|Protect|p2a: Weezing\n|-singleturn|p2a: Weezing|Protect\n|move|p2b: Urshifu|Surging Strikes|p1b: Hackerman\n|-crit|p1b: Hackerman\n|-damage|p1b: Hackerman|77\/100\n|-damage|p2b: Urshifu|84\/100|[from] item: Rocky Helmet|[of] p1b: Hackerman\n|-crit|p1b: Hackerman\n|-damage|p1b: Hackerman|56\/100\n|-damage|p2b: Urshifu|68\/100|[from] item: Rocky Helmet|[of] p1b: Hackerman\n|-crit|p1b: Hackerman\n|-damage|p1b: Hackerman|31\/100\n|-damage|p2b: Urshifu|51\/100|[from] item: Rocky Helmet|[of] p1b: Hackerman\n|-hitcount|p1b: Hackerman|3\n|move|p1b: Hackerman|Psychic|p2a: Weezing\n|-activate|p2a: Weezing|move: Protect\n|\n|upkeep\n|turn|3\n|\n|t:|1700015758\n|-end|p2a: Weezing|ability: Neutralizing Gas\n|switch|p2a: Gholdengo|Gholdengo, L50|100\/100\n|move|p1a: kili Amunkusu|Rage Powder|p1a: kili Amunkusu\n|-singleturn|p1a: kili Amunkusu|move: Rage Powder\n|move|p2b: Urshifu|Surging Strikes|p1a: kili Amunkusu\n|-resisted|p1a: kili Amunkusu\n|-crit|p1a: kili Amunkusu\n|-damage|p1a: kili Amunkusu|90\/100\n|-resisted|p1a: kili Amunkusu\n|-crit|p1a: kili Amunkusu\n|-damage|p1a: kili Amunkusu|78\/100\n|-resisted|p1a: kili Amunkusu\n|-crit|p1a: kili Amunkusu\n|-damage|p1a: kili Amunkusu|67\/100\n|-hitcount|p1a: kili Amunkusu|3\n|move|p1b: Hackerman|Psychic|p2a: Gholdengo\n|-resisted|p2a: Gholdengo\n|-damage|p2a: Gholdengo|83\/100\n|\n|upkeep\n|turn|4\n|\n|t:|1700015782\n|switch|p1b: Annihilape|Annihilape, L50, M|100\/100\n|move|p2b: Urshifu|Surging Strikes|p1b: Annihilape\n|-crit|p1b: Annihilape\n|-damage|p1b: Annihilape|75\/100\n|-crit|p1b: Annihilape\n|-damage|p1b: Annihilape|45\/100\n|-crit|p1b: Annihilape\n|-damage|p1b: Annihilape|18\/100\n|-hitcount|p1b: Annihilape|3\n|move|p2a: Gholdengo|Nasty Plot|p2a: Gholdengo\n|-boost|p2a: Gholdengo|spa|2\n|move|p1a: kili Amunkusu|Pollen Puff|p1b: Annihilape\n|-heal|p1b: Annihilape|67\/100\n|\n|-heal|p1b: Annihilape|73\/100|[from] item: Leftovers\n|upkeep\n|turn|5\n|\n|t:|1700015802\n|-terastallize|p1b: Annihilape|Fire\n|move|p2a: Gholdengo|Protect|p2a: Gholdengo\n|-singleturn|p2a: Gholdengo|Protect\n|move|p1a: kili Amunkusu|Rage Powder|p1a: kili Amunkusu\n|-singleturn|p1a: kili Amunkusu|move: Rage Powder\n|move|p2b: Urshifu|Surging Strikes|p1a: kili Amunkusu\n|-resisted|p1a: kili Amunkusu\n|-crit|p1a: kili Amunkusu\n|-damage|p1a: kili Amunkusu|57\/100\n|-resisted|p1a: kili Amunkusu\n|-crit|p1a: kili Amunkusu\n|-damage|p1a: kili Amunkusu|47\/100\n|-resisted|p1a: kili Amunkusu\n|-crit|p1a: kili Amunkusu\n|-damage|p1a: kili Amunkusu|36\/100\n|-hitcount|p1a: kili Amunkusu|3\n|move|p1b: Annihilape|Rage Fist|p2a: Gholdengo\n|-activate|p2a: Gholdengo|move: Protect\n|\n|-heal|p1b: Annihilape|79\/100|[from] item: Leftovers\n|upkeep\n|turn|6\n|\n|t:|1700015831\n|switch|p2b: Weezing|Weezing, L50, M|43\/100\n|-ability|p2b: Weezing|Neutralizing Gas\n|move|p1a: kili Amunkusu|Rage Powder|p1a: kili Amunkusu\n|-singleturn|p1a: kili Amunkusu|move: Rage Powder\n|move|p2a: Gholdengo|Shadow Ball|p1a: kili Amunkusu\n|-damage|p1a: kili Amunkusu|0 fnt\n|faint|p1a: kili Amunkusu\n|move|p1b: Annihilape|Rage Fist|p2a: Gholdengo\n|-supereffective|p2a: Gholdengo\n|-damage|p2a: Gholdengo|0 fnt\n|faint|p2a: Gholdengo\n|\n|-heal|p1b: Annihilape|85\/100|[from] item: Leftovers\n|upkeep\n|\n|t:|1700015848\n|switch|p2a: Bundle o'Joy|Iron Bundle, L50, shiny|100\/100\n|switch|p1a: Hackerman|Farigiraf, L50, F|31\/100\n|-enditem|p2a: Bundle o'Joy|Booster Energy\n|-activate|p2a: Bundle o'Joy|ability: Quark Drive|[fromitem]\n|-start|p2a: Bundle o'Joy|quarkdrivespe\n|turn|7\n|\n|t:|1700015868\n|move|p2a: Bundle o'Joy|Hydro Pump|p1a: Hackerman|[miss]\n|-miss|p2a: Bundle o'Joy|p1a: Hackerman\n|move|p1b: Annihilape|Rage Fist|p2a: Bundle o'Joy\n|-damage|p2a: Bundle o'Joy|19\/100\n|move|p2b: Weezing|Gunk Shot|p1b: Annihilape\n|-damage|p1b: Annihilape|49\/100\n|move|p1a: Hackerman|Trick Room|p1a: Hackerman\n|-fieldstart|move: Trick Room|[of] p1a: Hackerman\n|\n|-heal|p1b: Annihilape|55\/100|[from] item: Leftovers\n|upkeep\n|turn|8\n|\n|t:|1700015884\n|move|p2b: Weezing|Gunk Shot|p1a: Hackerman\n|-damage|p1a: Hackerman|0 fnt\n|faint|p1a: Hackerman\n|move|p1b: Annihilape|Rage Fist|p2a: Bundle o'Joy\n|-damage|p2a: Bundle o'Joy|0 fnt\n|faint|p2a: Bundle o'Joy\n|-end|p2a: Bundle o'Joy|Quark Drive|[silent]\n|\n|-heal|p1b: Annihilape|61\/100|[from] item: Leftovers\n|upkeep\n|\n|t:|1700015893\n|switch|p1a: Ninetales|Ninetales-Alola, L50, M|100\/100\n|switch|p2a: Urshifu|Urshifu-Rapid-Strike, L50, M, tera:Water|51\/100\n|turn|9\n|\n|t:|1700015913\n|move|p2a: Urshifu|Aqua Jet|p1b: Annihilape\n|-supereffective|p1b: Annihilape\n|-damage|p1b: Annihilape|8\/100\n|move|p2b: Weezing|Gunk Shot|p1a: Ninetales\n|-supereffective|p1a: Ninetales\n|-damage|p1a: Ninetales|0 fnt\n|faint|p1a: Ninetales\n|move|p1b: Annihilape|Rage Fist|p2a: Urshifu\n|-damage|p2a: Urshifu|0 fnt\n|faint|p2a: Urshifu\n|\n|-heal|p1b: Annihilape|14\/100|[from] item: Leftovers\n|upkeep\n|turn|10\n|j| 5Sscreen\n|\n|t:|1700015926\n|move|p1b: Annihilape|Protect|p1b: Annihilape\n|-singleturn|p1b: Annihilape|Protect\n|move|p2b: Weezing|Gunk Shot|p1b: Annihilape\n|-activate|p1b: Annihilape|move: Protect\n|\n|-heal|p1b: Annihilape|20\/100|[from] item: Leftovers\n|upkeep\n|turn|11\n|\n|t:|1700015934\n|move|p1b: Annihilape|Protect|p1b: Annihilape\n|-singleturn|p1b: Annihilape|Protect\n|move|p2b: Weezing|Gunk Shot|p1b: Annihilape\n|-activate|p1b: Annihilape|move: Protect\n|\n|-heal|p1b: Annihilape|26\/100|[from] item: Leftovers\n|-fieldend|move: Trick Room\n|upkeep\n|turn|12\n|\n|t:|1700015942\n|move|p1b: Annihilape|Rage Fist|p2b: Weezing\n|-damage|p2b: Weezing|0 fnt\n|faint|p2b: Weezing\n|-end|p2b: Weezing|ability: Neutralizing Gas\n|\n|win|Doctor Determinism\n|raw|Doctor Determinism's rating: 1395 &rarr; <strong>1415<\/strong><br \/>(+20 for winning)\n|raw|cammmmy's rating: 1390 &rarr; <strong>1370<\/strong><br \/>(-20 for losing)\n|c|\u2606cammmmy|damn the double\n|c|\u2606cammmmy|you got it\n|l|\u2606cammmmy\n|l|\u2606Doctor Determinism\n","uploadtime":1700016239,"views":17,"p1id":"doctordeterminism","p2id":"cammmmy","formatid":"gen9vgc2023regulatione","rating":1370,"private":0,"password":""}