{"id":"gen9vgc2023regulatione-1991978331","p1":"ClimbingBackwards","p2":"KimiTheWeeb","format":"[Gen 9] VGC 2023 Regulation E","log":"|j|\u2606ClimbingBackwards\n|j|\u2606KimiTheWeeb\n|t:|1700144525\n|gametype|doubles\n|player|p1|ClimbingBackwards|linebacker|1255\n|player|p2|KimiTheWeeb|maid|1309\n|teamsize|p1|6\n|teamsize|p2|6\n|gen|9\n|tier|[Gen 9] VGC 2023 Regulation E\n|rated|\n|rule|Species Clause: Limit one of each Pok\u00e9mon\n|rule|Item Clause: Limit one of each item\n|clearpoke\n|poke|p1|Dragapult, L50, F|\n|poke|p1|Tornadus, L50, M|\n|poke|p1|Urshifu-*, L50, M|\n|poke|p1|Iron Hands, L50|\n|poke|p1|Ogerpon-Hearthflame, L50, F|\n|poke|p1|Clefairy, L50, F|\n|poke|p2|Kommo-o, L50, M|\n|poke|p2|Clefairy, L50, M|\n|poke|p2|Arcanine-Hisui, L50, M|\n|poke|p2|Rillaboom, L50, M|\n|poke|p2|Milotic, L50, M|\n|poke|p2|Fezandipiti, L50, M|\n|teampreview|4\n|inactive|Battle timer is ON: inactive players will automatically lose when time's up. (requested by KimiTheWeeb)\n|inactive|ClimbingBackwards has 60 seconds left.\n|\n|t:|1700144600\n|start\n|switch|p1a: Iron Hands|Iron Hands, L50|100\/100\n|switch|p1b: Urshifu|Urshifu-Rapid-Strike, L50, M|100\/100\n|switch|p2a: Fezandipiti|Fezandipiti, L50, M|100\/100\n|switch|p2b: Arcanine|Arcanine-Hisui, L50, M|100\/100\n|-ability|p2b: Arcanine|Intimidate|boost\n|-unboost|p1a: Iron Hands|atk|1\n|-unboost|p1b: Urshifu|atk|1\n|turn|1\n|\n|t:|1700144619\n|-terastallize|p2b: Arcanine|Grass\n|move|p1a: Iron Hands|Fake Out|p2a: Fezandipiti\n|-damage|p2a: Fezandipiti|90\/100\n|move|p1b: Urshifu|Surging Strikes|p2b: Arcanine\n|-resisted|p2b: Arcanine\n|-crit|p2b: Arcanine\n|-damage|p2b: Arcanine|89\/100\n|-resisted|p2b: Arcanine\n|-crit|p2b: Arcanine\n|-damage|p2b: Arcanine|76\/100\n|-resisted|p2b: Arcanine\n|-crit|p2b: Arcanine\n|-damage|p2b: Arcanine|64\/100\n|-hitcount|p2b: Arcanine|3\n|move|p2b: Arcanine|Tera Blast|p1b: Urshifu|[anim] Tera Blast Grass\n|-supereffective|p1b: Urshifu\n|-enditem|p1b: Urshifu|Focus Sash\n|-damage|p1b: Urshifu|1\/100\n|move|p2a: Fezandipiti|Tailwind|p2a: Fezandipiti\n|-sidestart|p2: KimiTheWeeb|move: Tailwind\n|\n|upkeep\n|turn|2\n|inactive|ClimbingBackwards has 30 seconds left.\n|inactive|KimiTheWeeb has 30 seconds left.\n|\n|t:|1700144653\n|-end|p1a: Iron Hands|Quark Drive|[silent]\n|switch|p1a: Ogerpon|Ogerpon-Hearthflame, L50, F|100\/100\n|-ability|p1a: Ogerpon|Mold Breaker\n|move|p1b: Urshifu|Protect|p1b: Urshifu\n|-singleturn|p1b: Urshifu|Protect\n|move|p2b: Arcanine|Tera Blast|p1a: Ogerpon|[anim] Tera Blast Grass\n|-resisted|p1a: Ogerpon\n|-damage|p1a: Ogerpon|84\/100\n|move|p2a: Fezandipiti|Icy Wind|p1a: Ogerpon|[spread] p1a\n|-activate|p1b: Urshifu|move: Protect\n|-damage|p1a: Ogerpon|74\/100\n|-unboost|p1a: Ogerpon|spe|1\n|\n|upkeep\n|turn|3\n|\n|t:|1700144672\n|switch|p2b: Kommo-o|Kommo-o, L50, M|100\/100\n|switch|p1b: Clefairy|Clefairy, L50, F|100\/100\n|move|p2a: Fezandipiti|Dazzling Gleam|p1b: Clefairy|[spread] p1a,p1b\n|-resisted|p1a: Ogerpon\n|-damage|p1a: Ogerpon|64\/100\n|-damage|p1b: Clefairy|83\/100\n|move|p1a: Ogerpon|Ivy Cudgel|p2b: Kommo-o|[anim] Ivy Cudgel Fire\n|-resisted|p2b: Kommo-o\n|-damage|p2b: Kommo-o|75\/100\n|\n|-heal|p2b: Kommo-o|81\/100|[from] item: Leftovers\n|upkeep\n|turn|4\n|l|\u2606ClimbingBackwards\n|inactive|ClimbingBackwards disconnected and has a minute to reconnect!\n|player|p1|\n|inactive|ClimbingBackwards has 30 seconds left.\n|inactive|ClimbingBackwards has 20 seconds left.\n|j|\u2606ClimbingBackwards\n|inactive|ClimbingBackwards reconnected and has 20 seconds left.\n|player|p1|ClimbingBackwards|linebacker\n|inactive|ClimbingBackwards has 15 seconds left.\n|inactive|ClimbingBackwards has 10 seconds left.\n|inactive|ClimbingBackwards has 5 seconds left.\n|\n|t:|1700144723\n|switch|p1b: Iron Hands|Iron Hands, L50|100\/100\n|move|p2b: Kommo-o|Protect|p2b: Kommo-o\n|-singleturn|p2b: Kommo-o|Protect\n|move|p2a: Fezandipiti|Icy Wind|p1b: Iron Hands|[spread] p1a\n|-miss|p2a: Fezandipiti|p1b: Iron Hands\n|-damage|p1a: Ogerpon|55\/100\n|-unboost|p1a: Ogerpon|spe|1\n|move|p1a: Ogerpon|Ivy Cudgel|p2b: Kommo-o|[anim] Ivy Cudgel Fire\n|-activate|p2b: Kommo-o|move: Protect\n|\n|-heal|p2b: Kommo-o|87\/100|[from] item: Leftovers\n|-sideend|p2: KimiTheWeeb|move: Tailwind\n|upkeep\n|turn|5\n|inactive|KimiTheWeeb has 30 seconds left.\n|\n|t:|1700144748\n|move|p2b: Kommo-o|Protect||[still]\n|-fail|p2b: Kommo-o\n|move|p1b: Iron Hands|Fake Out|p2b: Kommo-o\n|-damage|p2b: Kommo-o|72\/100\n|move|p2a: Fezandipiti|Dazzling Gleam|p1b: Iron Hands|[spread] p1a,p1b\n|-resisted|p1a: Ogerpon\n|-supereffective|p1b: Iron Hands\n|-damage|p1a: Ogerpon|45\/100\n|-damage|p1b: Iron Hands|80\/100\n|-status|p1a: Ogerpon|tox|[from] ability: Toxic Chain|[of] p2a: Fezandipiti\n|-status|p1b: Iron Hands|tox|[from] ability: Toxic Chain|[of] p2a: Fezandipiti\n|move|p1a: Ogerpon|Swords Dance|p1a: Ogerpon\n|-boost|p1a: Ogerpon|atk|2\n|\n|-heal|p2b: Kommo-o|79\/100|[from] item: Leftovers\n|-damage|p1b: Iron Hands|74\/100 tox|[from] psn\n|-damage|p1a: Ogerpon|40\/100 tox|[from] psn\n|upkeep\n|turn|6\n|\n|t:|1700144773\n|-end|p1b: Iron Hands|Quark Drive|[silent]\n|switch|p1b: Clefairy|Clefairy, L50, F|83\/100\n|-terastallize|p1a: Ogerpon|Fire\n|detailschange|p1a: Ogerpon|Ogerpon-Hearthflame-Tera, L50, F, tera:Fire\n|-ability|p1a: Ogerpon|Embody Aspect (Hearthflame)|boost\n|-boost|p1a: Ogerpon|atk|1\n|move|p2b: Kommo-o|Clanging Scales|p1a: Ogerpon|[spread] p1a\n|-immune|p1b: Clefairy\n|-crit|p1a: Ogerpon\n|-damage|p1a: Ogerpon|0 fnt\n|faint|p1a: Ogerpon\n|-unboost|p2b: Kommo-o|def|1\n|move|p2a: Fezandipiti|Dazzling Gleam|p1b: Clefairy\n|-damage|p1b: Clefairy|59\/100\n|-status|p1b: Clefairy|tox|[from] ability: Toxic Chain|[of] p2a: Fezandipiti\n|\n|-heal|p2b: Kommo-o|85\/100|[from] item: Leftovers\n|-damage|p1b: Clefairy|53\/100 tox|[from] psn\n|upkeep\n|inactive|ClimbingBackwards has 30 seconds left.\n|\n|t:|1700144801\n|switch|p1a: Urshifu|Urshifu-Rapid-Strike, L50, M|1\/100\n|turn|7\n|\n|t:|1700144817\n|switch|p2b: Arcanine|Arcanine-Hisui, L50, M, tera:Grass|64\/100\n|-ability|p2b: Arcanine|Intimidate|boost\n|-unboost|p1a: Urshifu|atk|1\n|-unboost|p1b: Clefairy|atk|1\n|move|p1a: Urshifu|Protect|p1a: Urshifu\n|-singleturn|p1a: Urshifu|Protect\n|move|p2a: Fezandipiti|Tailwind|p2a: Fezandipiti\n|-sidestart|p2: KimiTheWeeb|move: Tailwind\n|move|p1b: Clefairy|Icy Wind|p2a: Fezandipiti|[spread] p2a,p2b\n|-supereffective|p2b: Arcanine\n|-damage|p2a: Fezandipiti|85\/100\n|-damage|p2b: Arcanine|50\/100\n|-unboost|p2b: Arcanine|spe|1\n|\n|-damage|p1b: Clefairy|41\/100 tox|[from] psn\n|upkeep\n|turn|8\n|\n|t:|1700144837\n|switch|p1a: Iron Hands|Iron Hands, L50|74\/100 tox\n|move|p2a: Fezandipiti|Icy Wind|p1b: Clefairy|[spread] p1a,p1b\n|-damage|p1a: Iron Hands|69\/100 tox\n|-damage|p1b: Clefairy|32\/100 tox\n|-unboost|p1a: Iron Hands|spe|1\n|-unboost|p1b: Clefairy|spe|1\n|move|p2b: Arcanine|Rock Slide|p1a: Iron Hands|[spread] p1a,p1b\n|-resisted|p1a: Iron Hands\n|-damage|p1a: Iron Hands|52\/100 tox\n|-damage|p1b: Clefairy|0 fnt\n|faint|p1b: Clefairy\n|\n|-damage|p1a: Iron Hands|47\/100 tox|[from] psn\n|upkeep\n|\n|t:|1700144852\n|switch|p1b: Urshifu|Urshifu-Rapid-Strike, L50, M|1\/100\n|turn|9\n|\n|t:|1700144864\n|move|p1a: Iron Hands|Fake Out|p2b: Arcanine\n|-damage|p2b: Arcanine|31\/100\n|move|p1b: Urshifu|Aqua Jet|p2a: Fezandipiti\n|-damage|p2a: Fezandipiti|64\/100\n|move|p2a: Fezandipiti|Dazzling Gleam|p1a: Iron Hands|[spread] p1a,p1b\n|-supereffective|p1a: Iron Hands\n|-supereffective|p1b: Urshifu\n|-damage|p1a: Iron Hands|26\/100 tox\n|-damage|p1b: Urshifu|0 fnt\n|faint|p1b: Urshifu\n|cant|p2b: Arcanine|flinch\n|\n|-damage|p1a: Iron Hands|14\/100 tox|[from] psn\n|upkeep\n|turn|10\n|-message|ClimbingBackwards forfeited.\n|\n|win|KimiTheWeeb\n|raw|ClimbingBackwards's rating: 1255 &rarr; <strong>1234<\/strong><br \/>(-21 for losing)\n|raw|KimiTheWeeb's rating: 1309 &rarr; <strong>1326<\/strong><br \/>(+17 for winning)\n|l|\u2606ClimbingBackwards\n","uploadtime":1700144899,"views":46,"p1id":"climbingbackwards","p2id":"kimitheweeb","formatid":"gen9vgc2023regulatione","rating":1234,"private":0,"password":""}