{"id":"gen9vgc2023regulatione-1989450527","p1":"biddyboyy","p2":"bobforte22","format":"[Gen 9] VGC 2023 Regulation E","log":"|j|\u2606biddyboyy\n|j|\u2606bobforte22\n|t:|1699852341\n|gametype|doubles\n|player|p1|biddyboyy|gentleman-gen4dp|1176\n|player|p2|bobforte22|pilot|1239\n|teamsize|p1|6\n|teamsize|p2|6\n|gen|9\n|tier|[Gen 9] VGC 2023 Regulation E\n|rated|\n|rule|Species Clause: Limit one of each Pok\u00e9mon\n|rule|Item Clause: Limit one of each item\n|clearpoke\n|poke|p1|Iron Hands, L50|\n|poke|p1|Flutter Mane, L50|\n|poke|p1|Amoonguss, L50, M|\n|poke|p1|Roaring Moon, L50|\n|poke|p1|Arcanine-Hisui, L50, M|\n|poke|p1|Clefairy, L50, F|\n|poke|p2|Chi-Yu, L50|\n|poke|p2|Jolteon, L50, F|\n|poke|p2|Iron Hands, L50|\n|poke|p2|Iron Bundle, L50|\n|poke|p2|Arcanine, L50, M|\n|poke|p2|Iron Jugulis, L50|\n|teampreview|4\n|inactive|Battle timer is ON: inactive players will automatically lose when time's up. (requested by bobforte22)\n|inactive|biddyboyy has 60 seconds left.\n|\n|t:|1699852398\n|start\n|switch|p1a: Mane Not Gucci|Flutter Mane, L50|100\/100\n|switch|p1b: Arcanine|Arcanine-Hisui, L50, M|100\/100\n|switch|p2a: Chi-Yu|Chi-Yu, L50|100\/100\n|switch|p2b: Jolteon|Jolteon, L50, F|100\/100\n|-ability|p2a: Chi-Yu|Beads of Ruin\n|-ability|p1b: Arcanine|Intimidate|boost\n|-unboost|p2a: Chi-Yu|atk|1\n|-unboost|p2b: Jolteon|atk|1\n|turn|1\n|\n|t:|1699852422\n|move|p1a: Mane Not Gucci|Moonblast|p2a: Chi-Yu\n|-damage|p2a: Chi-Yu|47\/100\n|move|p2b: Jolteon|Thunderbolt|p1a: Mane Not Gucci\n|-damage|p1a: Mane Not Gucci|50\/100\n|-damage|p2b: Jolteon|91\/100|[from] item: Life Orb\n|move|p2a: Chi-Yu|Heat Wave|p1b: Arcanine|[spread] p1a,p1b\n|-resisted|p1b: Arcanine\n|-damage|p1a: Mane Not Gucci|0 fnt\n|-damage|p1b: Arcanine|86\/100\n|faint|p1a: Mane Not Gucci\n|-end|p1a: Mane Not Gucci|Protosynthesis|[silent]\n|move|p1b: Arcanine|Rock Slide|p2a: Chi-Yu|[spread] p2a,p2b\n|-supereffective|p2a: Chi-Yu\n|-damage|p2a: Chi-Yu|0 fnt\n|-damage|p2b: Jolteon|48\/100\n|faint|p2a: Chi-Yu\n|\n|upkeep\n|\n|t:|1699852442\n|switch|p1a: Roaring Moon|Roaring Moon, L50|100\/100\n|switch|p2a: Iron Jugulis|Iron Jugulis, L50|100\/100\n|-enditem|p1a: Roaring Moon|Booster Energy\n|-activate|p1a: Roaring Moon|ability: Protosynthesis|[fromitem]\n|-start|p1a: Roaring Moon|protosynthesisatk\n|turn|2\n|\n|t:|1699852458\n|-terastallize|p2a: Iron Jugulis|Water\n|move|p2a: Iron Jugulis|Hydro Pump|p1b: Arcanine\n|-supereffective|p1b: Arcanine\n|-damage|p1b: Arcanine|0 fnt\n|faint|p1b: Arcanine\n|move|p1a: Roaring Moon|Tailwind|p1a: Roaring Moon\n|-sidestart|p1: biddyboyy|move: Tailwind\n|move|p2b: Jolteon|Thunderbolt|p1a: Roaring Moon\n|-resisted|p1a: Roaring Moon\n|-damage|p1a: Roaring Moon|80\/100\n|-damage|p2b: Jolteon|38\/100|[from] item: Life Orb\n|\n|upkeep\n|\n|t:|1699852469\n|switch|p1b: Clefairy|Clefairy, L50, F|100\/100\n|turn|3\n|\n|t:|1699852486\n|move|p1a: Roaring Moon|Knock Off|p2b: Jolteon\n|-damage|p2b: Jolteon|0 fnt\n|-enditem|p2b: Jolteon|Life Orb|[from] move: Knock Off|[of] p1a: Roaring Moon\n|faint|p2b: Jolteon\n|move|p2a: Iron Jugulis|Hydro Pump|p1a: Roaring Moon\n|-resisted|p1a: Roaring Moon\n|-damage|p1a: Roaring Moon|61\/100\n|move|p1b: Clefairy|Life Dew||[still]|[spread] p1a,p1b\n|-heal|p1a: Roaring Moon|86\/100\n|-fail|p1b: Clefairy|heal\n|\n|upkeep\n|\n|t:|1699852498\n|switch|p2b: Iron Hands|Iron Hands, L50|100\/100\n|turn|4\n|inactive|biddyboyy has 30 seconds left.\n|inactive|biddyboyy has 20 seconds left.\n|\n|t:|1699852537\n|-terastallize|p1a: Roaring Moon|Poison\n|move|p2b: Iron Hands|Fake Out|p1a: Roaring Moon\n|-damage|p1a: Roaring Moon|71\/100\n|move|p1b: Clefairy|Follow Me|p1b: Clefairy\n|-singleturn|p1b: Clefairy|move: Follow Me\n|cant|p1a: Roaring Moon|flinch\n|move|p2a: Iron Jugulis|Hydro Pump|p1b: Clefairy\n|-damage|p1b: Clefairy|53\/100\n|\n|upkeep\n|turn|5\n|inactive|biddyboyy has 30 seconds left.\n|\n|t:|1699852565\n|move|p1a: Roaring Moon|Knock Off|p2a: Iron Jugulis\n|-damage|p2a: Iron Jugulis|26\/100\n|-enditem|p2a: Iron Jugulis|Choice Scarf|[from] move: Knock Off|[of] p1a: Roaring Moon\n|move|p2a: Iron Jugulis|Hydro Pump|p1b: Clefairy\n|-damage|p1b: Clefairy|2\/100\n|move|p1b: Clefairy|Life Dew|p1b: Clefairy|[spread] p1a,p1b\n|-heal|p1a: Roaring Moon|96\/100\n|-heal|p1b: Clefairy|27\/100\n|move|p2b: Iron Hands|Wild Charge|p1b: Clefairy\n|-damage|p1b: Clefairy|0 fnt\n|faint|p1b: Clefairy\n|-damage|p2b: Iron Hands|96\/100|[from] Recoil\n|\n|-sideend|p1: biddyboyy|move: Tailwind\n|upkeep\n|turn|6\n|inactive|bobforte22 has 30 seconds left.\n|\n|t:|1699852592\n|move|p1a: Roaring Moon|Acrobatics|p2a: Iron Jugulis\n|-damage|p2a: Iron Jugulis|0 fnt\n|faint|p2a: Iron Jugulis\n|-end|p2a: Iron Jugulis|Quark Drive|[silent]\n|move|p2b: Iron Hands|Drain Punch|p1a: Roaring Moon\n|-resisted|p1a: Roaring Moon\n|-damage|p1a: Roaring Moon|71\/100\n|-heal|p2b: Iron Hands|100\/100|[from] drain|[of] p1a: Roaring Moon\n|\n|upkeep\n|turn|7\n|\n|t:|1699852603\n|move|p1a: Roaring Moon|Knock Off|p2b: Iron Hands\n|-resisted|p2b: Iron Hands\n|-damage|p2b: Iron Hands|76\/100\n|-enditem|p2b: Iron Hands|Assault Vest|[from] move: Knock Off|[of] p1a: Roaring Moon\n|move|p2b: Iron Hands|Drain Punch|p1a: Roaring Moon\n|-resisted|p1a: Roaring Moon\n|-damage|p1a: Roaring Moon|46\/100\n|-heal|p2b: Iron Hands|85\/100|[from] drain|[of] p1a: Roaring Moon\n|\n|upkeep\n|turn|8\n|\n|t:|1699852614\n|move|p1a: Roaring Moon|Acrobatics|p2b: Iron Hands\n|-damage|p2b: Iron Hands|52\/100\n|move|p2b: Iron Hands|Drain Punch|p1a: Roaring Moon\n|-resisted|p1a: Roaring Moon\n|-damage|p1a: Roaring Moon|22\/100\n|-heal|p2b: Iron Hands|62\/100|[from] drain|[of] p1a: Roaring Moon\n|\n|upkeep\n|turn|9\n|\n|t:|1699852623\n|move|p1a: Roaring Moon|Acrobatics|p2b: Iron Hands\n|-damage|p2b: Iron Hands|29\/100\n|move|p2b: Iron Hands|Drain Punch|p1a: Roaring Moon\n|-resisted|p1a: Roaring Moon\n|-damage|p1a: Roaring Moon|0 fnt\n|-heal|p2b: Iron Hands|37\/100|[from] drain|[of] p1a: Roaring Moon\n|faint|p1a: Roaring Moon\n|-end|p1a: Roaring Moon|Protosynthesis|[silent]\n|\n|win|bobforte22\n|raw|biddyboyy's rating: 1176 &rarr; <strong>1155<\/strong><br \/>(-21 for losing)\n|raw|bobforte22's rating: 1239 &rarr; <strong>1260<\/strong><br \/>(+21 for winning)\n|l|\u2606biddyboyy\n","uploadtime":1699852636,"views":10,"p1id":"biddyboyy","p2id":"bobforte22","formatid":"gen9vgc2023regulatione","rating":1155,"private":0,"password":""}