{"id":"gen9vgc2023regulatione-1994912131","p1":"tyl8","p2":"MattyyKM","format":"[Gen 9] VGC 2023 Regulation E","log":"|j|\u2606tyl8\n|j|\u2606MattyyKM\n|t:|1700504037\n|gametype|doubles\n|player|p1|tyl8|mallow-masters|1403\n|player|p2|MattyyKM|169|1311\n|teamsize|p1|6\n|teamsize|p2|6\n|gen|9\n|tier|[Gen 9] VGC 2023 Regulation E\n|rated|\n|rule|Species Clause: Limit one of each Pok\u00e9mon\n|rule|Item Clause: Limit one of each item\n|clearpoke\n|poke|p1|Gholdengo, L50|\n|poke|p1|Ogerpon-Wellspring, L50, F|\n|poke|p1|Roaring Moon, L50|\n|poke|p1|Iron Hands, L50|\n|poke|p1|Tornadus, L50, M|\n|poke|p1|Arcanine-Hisui, L50, M|\n|poke|p2|Ogerpon, L50, F|\n|poke|p2|Urshifu-*, L50, F|\n|poke|p2|Arcanine-Hisui, L50, M|\n|poke|p2|Tornadus, L50, M|\n|poke|p2|Amoonguss, L50, M|\n|poke|p2|Gholdengo, L50|\n|teampreview|4\n|inactive|Battle timer is ON: inactive players will automatically lose when time's up. (requested by MattyyKM)\n|inactive|tyl8 also wants the timer to be on.\n|inactive|tyl8 has 60 seconds left.\n|inactive|MattyyKM has 60 seconds left.\n|inactive|MattyyKM has 30 seconds left.\n|\n|t:|1700504104\n|start\n|switch|p1a: Ogerpon|Ogerpon-Wellspring, L50, F|100\/100\n|switch|p1b: Gholdengo|Gholdengo, L50|100\/100\n|switch|p2a: Arcanine|Arcanine-Hisui, L50, M|100\/100\n|switch|p2b: Tornadus|Tornadus, L50, M|100\/100\n|-ability|p2a: Arcanine|Intimidate|boost\n|-unboost|p1a: Ogerpon|atk|1\n|-unboost|p1b: Gholdengo|atk|1\n|turn|1\n|inactive|MattyyKM has 30 seconds left.\n|\n|t:|1700504133\n|switch|p1a: Arcanine|Arcanine-Hisui, L50, M|100\/100\n|-ability|p1a: Arcanine|Intimidate|boost\n|-unboost|p2a: Arcanine|atk|1\n|-unboost|p2b: Tornadus|atk|1\n|-terastallize|p2a: Arcanine|Water\n|-terastallize|p1b: Gholdengo|Dragon\n|move|p2b: Tornadus|Tailwind|p2b: Tornadus\n|-sidestart|p2: MattyyKM|move: Tailwind\n|move|p2a: Arcanine|Flare Blitz|p1a: Arcanine\n|-resisted|p1a: Arcanine\n|-damage|p1a: Arcanine|82\/100\n|-damage|p2a: Arcanine|93\/100|[from] Recoil\n|move|p1b: Gholdengo|Nasty Plot|p1b: Gholdengo\n|-boost|p1b: Gholdengo|spa|2\n|\n|upkeep\n|turn|2\n|\n|t:|1700504149\n|move|p2b: Tornadus|Bleakwind Storm|p1b: Gholdengo|[spread] p1a,p1b\n|-resisted|p1a: Arcanine\n|-damage|p1a: Arcanine|60\/100\n|-damage|p1b: Gholdengo|59\/100\n|move|p2a: Arcanine|Flare Blitz|p1b: Gholdengo\n|-resisted|p1b: Gholdengo\n|-damage|p1b: Gholdengo|31\/100\n|-damage|p2a: Arcanine|83\/100|[from] Recoil\n|move|p1a: Arcanine|Will-O-Wisp|p2a: Arcanine\n|-status|p2a: Arcanine|brn\n|move|p1b: Gholdengo|Nasty Plot|p1b: Gholdengo\n|-boost|p1b: Gholdengo|spa|2\n|\n|-heal|p1b: Gholdengo|37\/100|[from] item: Leftovers\n|-damage|p2a: Arcanine|77\/100 brn|[from] brn\n|upkeep\n|turn|3\n|\n|t:|1700504169\n|move|p1b: Gholdengo|Protect|p1b: Gholdengo\n|-singleturn|p1b: Gholdengo|Protect\n|move|p2b: Tornadus|Bleakwind Storm|p1a: Arcanine|[spread] \n|-activate|p1b: Gholdengo|move: Protect\n|-miss|p2b: Tornadus|p1a: Arcanine\n|move|p2a: Arcanine|Flare Blitz|p1b: Gholdengo\n|-activate|p1b: Gholdengo|move: Protect\n|move|p1a: Arcanine|Rock Slide|p2b: Tornadus|[spread] p2a,p2b\n|-supereffective|p2b: Tornadus\n|-damage|p2a: Arcanine|40\/100 brn\n|-damage|p2b: Tornadus|8\/100\n|\n|-heal|p1b: Gholdengo|43\/100|[from] item: Leftovers\n|-damage|p2a: Arcanine|34\/100 brn|[from] brn\n|upkeep\n|turn|4\n|\n|t:|1700504189\n|switch|p1a: Tornadus|Tornadus, L50, M|100\/100\n|move|p2b: Tornadus|Bleakwind Storm|p1b: Gholdengo|[spread] p1a\n|-miss|p2b: Tornadus|p1b: Gholdengo\n|-damage|p1a: Tornadus|50\/100\n|move|p2a: Arcanine|Flare Blitz|p1b: Gholdengo\n|-resisted|p1b: Gholdengo\n|-damage|p1b: Gholdengo|30\/100\n|-damage|p2a: Arcanine|29\/100 brn|[from] Recoil\n|move|p1b: Gholdengo|Make It Rain|p2b: Tornadus|[spread] p2a,p2b\n|-resisted|p2a: Arcanine\n|-damage|p2a: Arcanine|0 fnt\n|-damage|p2b: Tornadus|0 fnt\n|-unboost|p1b: Gholdengo|spa|1\n|faint|p2a: Arcanine\n|faint|p2b: Tornadus\n|\n|-heal|p1b: Gholdengo|36\/100|[from] item: Leftovers\n|-sideend|p2: MattyyKM|move: Tailwind\n|upkeep\n|\n|t:|1700504199\n|switch|p2b: Amoonguss|Amoonguss, L50, M|100\/100\n|switch|p2a: Urshifu|Urshifu-Rapid-Strike, L50, F|100\/100\n|turn|5\n|inactive|MattyyKM has 30 seconds left.\n|\n|t:|1700504225\n|move|p2a: Urshifu|Surging Strikes|p1b: Gholdengo\n|-resisted|p1b: Gholdengo\n|-crit|p1b: Gholdengo\n|-damage|p1b: Gholdengo|27\/100\n|-resisted|p1b: Gholdengo\n|-crit|p1b: Gholdengo\n|-damage|p1b: Gholdengo|19\/100\n|-resisted|p1b: Gholdengo\n|-crit|p1b: Gholdengo\n|-damage|p1b: Gholdengo|11\/100\n|-hitcount|p1b: Gholdengo|3\n|move|p1a: Tornadus|Bleakwind Storm|p2b: Amoonguss|[spread] \n|-miss|p1a: Tornadus|p2a: Urshifu\n|-miss|p1a: Tornadus|p2b: Amoonguss\n|move|p1b: Gholdengo|Make It Rain|p2a: Urshifu|[spread] p2a,p2b\n|-resisted|p2a: Urshifu\n|-damage|p2a: Urshifu|26\/100\n|-damage|p2b: Amoonguss|11\/100\n|-unboost|p1b: Gholdengo|spa|1\n|-enditem|p2b: Amoonguss|Sitrus Berry|[eat]\n|-heal|p2b: Amoonguss|36\/100|[from] item: Sitrus Berry\n|move|p2b: Amoonguss|Spore|p1a: Tornadus\n|-status|p1a: Tornadus|slp|[from] move: Spore\n|\n|-heal|p1b: Gholdengo|17\/100|[from] item: Leftovers\n|upkeep\n|turn|6\n|c|\u2606tyl8|Thank you bleakwind\n|inactive|tyl8 has 30 seconds left.\n|\n|t:|1700504254\n|move|p2a: Urshifu|Surging Strikes|p1b: Gholdengo\n|-resisted|p1b: Gholdengo\n|-crit|p1b: Gholdengo\n|-damage|p1b: Gholdengo|9\/100\n|-resisted|p1b: Gholdengo\n|-crit|p1b: Gholdengo\n|-damage|p1b: Gholdengo|0 fnt\n|faint|p1b: Gholdengo\n|-hitcount|p1: Gholdengo|2\n|cant|p1a: Tornadus|slp\n|move|p2b: Amoonguss|Pollen Puff|p2a: Urshifu\n|-heal|p2a: Urshifu|76\/100\n|\n|upkeep\n|\n|t:|1700504257\n|switch|p1b: Ogerpon|Ogerpon-Wellspring, L50, F|100\/100\n|turn|7\n|\n|t:|1700504273\n|cant|p1a: Tornadus|slp\n|move|p2a: Urshifu|Surging Strikes|p1a: Tornadus\n|-crit|p1a: Tornadus\n|-damage|p1a: Tornadus|29\/100 slp\n|-crit|p1a: Tornadus\n|-damage|p1a: Tornadus|4\/100 slp\n|-crit|p1a: Tornadus\n|-damage|p1a: Tornadus|0 fnt\n|faint|p1a: Tornadus\n|-hitcount|p1: Tornadus|3\n|move|p1b: Ogerpon|Wood Hammer|p2a: Urshifu\n|-supereffective|p2a: Urshifu\n|-damage|p2a: Urshifu|0 fnt\n|faint|p2a: Urshifu\n|-damage|p1b: Ogerpon|75\/100|[from] Recoil\n|move|p2b: Amoonguss|Pollen Puff|p1b: Ogerpon\n|-supereffective|p1b: Ogerpon\n|-damage|p1b: Ogerpon|42\/100\n|\n|upkeep\n|\n|t:|1700504278\n|switch|p1a: Arcanine|Arcanine-Hisui, L50, M|60\/100\n|-ability|p1a: Arcanine|Intimidate|boost\n|-unboost|p2b: Amoonguss|atk|1\n|turn|8\n|-message|MattyyKM forfeited.\n|\n|win|tyl8\n|raw|tyl8's rating: 1403 &rarr; <strong>1418<\/strong><br \/>(+15 for winning)\n|raw|MattyyKM's rating: 1311 &rarr; <strong>1296<\/strong><br \/>(-15 for losing)\n|l|\u2606MattyyKM\n|c|\u2606tyl8|Gg\n","uploadtime":1700504302,"views":1,"p1id":"tyl8","p2id":"mattyykm","formatid":"gen9vgc2023regulatione","rating":1296,"private":0,"password":""}