{"id":"gen9vgc2023regulatione-1992189980","p1":"TannerJosh","p2":"Mambae2","format":"[Gen 9] VGC 2023 Regulation E","log":"|j|\u2606TannerJosh\n|j|\u2606Mambae2\n|n|\u2606TannerJosh|tannerjosh\n|n|\u2606Mambae2|mambae2\n|html|View the match progress at <a href=\"\/game-bestof3-gen9vgc2023regulatione-1992189979\">game-bestof3-gen9vgc2023regulatione-1992189979<\/a>\n|t:|1700162444\n|gametype|doubles\n|player|p1|TannerJosh|koga|\n|player|p2|Mambae2|101|\n|teamsize|p1|6\n|teamsize|p2|6\n|gen|9\n|tier|[Gen 9] VGC 2023 Regulation E\n|rated|Tournament battle\n|rule|Species Clause: Limit one of each Pok\u00e9mon\n|rule|Item Clause: Limit one of each item\n|clearpoke\n|poke|p1|Snorlax, L50, F|\n|poke|p1|Sinistcha, L50|\n|poke|p1|Landorus-Therian, L50, M|\n|poke|p1|Iron Hands, L50|\n|poke|p1|Clefairy, L50, F|\n|poke|p1|Kommo-o, L50, F|\n|poke|p2|Gholdengo, L50|\n|poke|p2|Iron Hands, L50|\n|poke|p2|Amoonguss, L50, F|\n|poke|p2|Iron Bundle, L50|\n|poke|p2|Pelipper, L50, F|\n|poke|p2|Salamence, L50, F|\n|teampreview|4\n|showteam|p1|Snorlax||SitrusBerry|ThickFat|Protect,BellyDrum,Facade,HighHorsepower|||F|||50|,,,,,Water]Sinistcha||MentalHerb|Hospitality|MatchaGotcha,TrickRoom,RagePowder,StrengthSap||||||50|,,,,,Fire]Landorus-Therian||ChoiceScarf|Intimidate|Uturn,StompingTantrum,RockSlide,TeraBlast|||M|||50|,,,,,Flying]Iron Hands||AssaultVest|QuarkDrive|WildCharge,FakeOut,DrainPunch,HeavySlam||||||50|,,,,,Water]Clefairy||Eviolite|FriendGuard|FollowMe,HealPulse,Protect,HelpingHand|||F|||50|,,,,,Grass]Kommo-o||ThroatSpray|Bulletproof|ClangingScales,ClangorousSoul,Protect,FlashCannon|||F|||50|,,,,,Steel\n|showteam|p2|Gholdengo||Leftovers|GoodasGold|MakeItRain,NastyPlot,ShadowBall,Protect||||||50|,,,,,Dragon]Iron Hands||AssaultVest|QuarkDrive|FakeOut,HeavySlam,WildCharge,DrainPunch||||||50|,,,,,Water]Amoonguss||SitrusBerry|Regenerator|Spore,RagePowder,PollenPuff,Protect|||F|||50|,,,,,Water]Iron Bundle||BoosterEnergy|QuarkDrive|IcyWind,FreezeDry,HydroPump,Protect||||||50|,,,,,Ghost]Pelipper||FocusSash|Drizzle|Hurricane,WeatherBall,Protect,WideGuard|||F|||50|,,,,,Flying]Salamence||ChoiceScarf|Intimidate|Hurricane,DracoMeteor,Tailwind,AirSlash|||F|||50|,,,,,Flying\n|inactive|Battle timer is ON: inactive players will automatically lose when time's up. (requested by Mambae2)\n|\n|t:|1700162531\n|start\n|switch|p1a: Iron Hands|Iron Hands, L50|100\/100\n|switch|p1b: Landorus|Landorus-Therian, L50, M, shiny|100\/100\n|switch|p2a: Gholdengo|Gholdengo, L50|100\/100\n|switch|p2b: Amoonguss|Amoonguss, L50, F|100\/100\n|-ability|p1b: Landorus|Intimidate|boost\n|-unboost|p2a: Gholdengo|atk|1\n|-unboost|p2b: Amoonguss|atk|1\n|turn|1\n|inactive|TannerJosh has 30 seconds left.\n|inactive|Mambae2 has 30 seconds left.\n|inactive|TannerJosh has 20 seconds left.\n|inactive|Mambae2 has 20 seconds left.\n|inactive|TannerJosh has 15 seconds left.\n|inactive|Mambae2 has 15 seconds left.\n|inactive|Mambae2 has 10 seconds left.\n|\n|t:|1700162579\n|switch|p2b: Salamence|Salamence, L50, F|100\/100\n|-ability|p2b: Salamence|Intimidate|boost\n|-unboost|p1a: Iron Hands|atk|1\n|-unboost|p1b: Landorus|atk|1\n|-terastallize|p1b: Landorus|Flying\n|-terastallize|p2a: Gholdengo|Dragon\n|move|p1a: Iron Hands|Fake Out|p2a: Gholdengo\n|-damage|p2a: Gholdengo|91\/100\n|move|p1b: Landorus|Tera Blast|p2b: Salamence|[anim] Tera Blast Flying\n|-damage|p2b: Salamence|54\/100\n|cant|p2a: Gholdengo|flinch\n|\n|-heal|p2a: Gholdengo|97\/100|[from] item: Leftovers\n|upkeep\n|turn|2\n|inactive|TannerJosh has 30 seconds left.\n|inactive|Mambae2 has 30 seconds left.\n|inactive|TannerJosh has 20 seconds left.\n|inactive|Mambae2 has 20 seconds left.\n|inactive|Mambae2 has 15 seconds left.\n|\n|t:|1700162628\n|move|p2b: Salamence|Tailwind|p2b: Salamence\n|-sidestart|p2: Mambae2|move: Tailwind\n|move|p2a: Gholdengo|Nasty Plot|p2a: Gholdengo\n|-boost|p2a: Gholdengo|spa|2\n|move|p1b: Landorus|Tera Blast|p2b: Salamence|[anim] Tera Blast Flying\n|-damage|p2b: Salamence|6\/100\n|move|p1a: Iron Hands|Drain Punch|p2b: Salamence\n|-resisted|p2b: Salamence\n|-damage|p2b: Salamence|0 fnt\n|faint|p2b: Salamence\n|\n|-heal|p2a: Gholdengo|100\/100|[from] item: Leftovers\n|upkeep\n|\n|t:|1700162638\n|switch|p2b: Iron Hands|Iron Hands, L50|100\/100\n|turn|3\n|\n|t:|1700162662\n|move|p2b: Iron Hands|Fake Out|p1a: Iron Hands\n|-damage|p1a: Iron Hands|89\/100\n|move|p2a: Gholdengo|Nasty Plot|p2a: Gholdengo\n|-boost|p2a: Gholdengo|spa|2\n|move|p1b: Landorus|Tera Blast|p2b: Iron Hands|[anim] Tera Blast Flying\n|-damage|p2b: Iron Hands|71\/100\n|cant|p1a: Iron Hands|flinch\n|\n|upkeep\n|turn|4\n|\n|t:|1700162678\n|move|p2a: Gholdengo|Shadow Ball|p1b: Landorus\n|-damage|p1b: Landorus|0 fnt\n|faint|p1b: Landorus\n|move|p2b: Iron Hands|Drain Punch|p1a: Iron Hands\n|-damage|p1a: Iron Hands|55\/100\n|-heal|p2b: Iron Hands|88\/100|[from] drain|[of] p1a: Iron Hands\n|move|p1a: Iron Hands|Drain Punch|p2a: Gholdengo\n|-damage|p2a: Gholdengo|74\/100\n|-heal|p1a: Iron Hands|66\/100|[from] drain|[of] p2a: Gholdengo\n|\n|-heal|p2a: Gholdengo|80\/100|[from] item: Leftovers\n|upkeep\n|\n|t:|1700162699\n|switch|p1b: Sinistcha|Sinistcha, L50|100\/100\n|-heal|p1a: Iron Hands|90\/100|[from] ability: Hospitality|[of] p1b: Sinistcha\n|turn|5\n|\n|t:|1700162718\n|-end|p2b: Iron Hands|Quark Drive|[silent]\n|switch|p2b: Amoonguss|Amoonguss, L50, F|100\/100\n|move|p2a: Gholdengo|Shadow Ball|p1b: Sinistcha\n|-supereffective|p1b: Sinistcha\n|-damage|p1b: Sinistcha|0 fnt\n|faint|p1b: Sinistcha\n|move|p1a: Iron Hands|Drain Punch|p2a: Gholdengo\n|-damage|p2a: Gholdengo|54\/100\n|-heal|p1a: Iron Hands|100\/100|[from] drain|[of] p2a: Gholdengo\n|\n|-heal|p2a: Gholdengo|60\/100|[from] item: Leftovers\n|-sideend|p2: Mambae2|move: Tailwind\n|upkeep\n|\n|t:|1700162730\n|switch|p1b: Clefairy|Clefairy, L50, F, shiny|100\/100\n|turn|6\n|\n|t:|1700162746\n|move|p1b: Clefairy|Follow Me|p1b: Clefairy\n|-singleturn|p1b: Clefairy|move: Follow Me\n|move|p2a: Gholdengo|Make It Rain|p1a: Iron Hands|[spread] p1a,p1b\n|-resisted|p1a: Iron Hands\n|-supereffective|p1b: Clefairy\n|-damage|p1a: Iron Hands|71\/100\n|-damage|p1b: Clefairy|0 fnt\n|-unboost|p2a: Gholdengo|spa|1\n|faint|p1b: Clefairy\n|move|p1a: Iron Hands|Drain Punch|p2b: Amoonguss\n|-resisted|p2b: Amoonguss\n|-damage|p2b: Amoonguss|90\/100\n|-heal|p1a: Iron Hands|76\/100|[from] drain|[of] p2b: Amoonguss\n|move|p2b: Amoonguss|Pollen Puff|p2a: Gholdengo\n|-heal|p2a: Gholdengo|100\/100\n|\n|upkeep\n|turn|7\n|inactive|TannerJosh has 30 seconds left.\n|\n|t:|1700162772\n|move|p2a: Gholdengo|Protect|p2a: Gholdengo\n|-singleturn|p2a: Gholdengo|Protect\n|move|p1a: Iron Hands|Wild Charge|p2a: Gholdengo\n|-activate|p2a: Gholdengo|move: Protect\n|move|p2b: Amoonguss|Spore|p1a: Iron Hands\n|-status|p1a: Iron Hands|slp|[from] move: Spore\n|\n|upkeep\n|turn|8\n|\n|t:|1700162794\n|switch|p2b: Iron Hands|Iron Hands, L50|88\/100\n|move|p2a: Gholdengo|Shadow Ball|p1a: Iron Hands\n|-damage|p1a: Iron Hands|24\/100 slp\n|cant|p1a: Iron Hands|slp\n|\n|upkeep\n|turn|9\n|\n|t:|1700162802\n|move|p2b: Iron Hands|Fake Out|p1a: Iron Hands\n|-damage|p1a: Iron Hands|13\/100 slp\n|move|p2a: Gholdengo|Shadow Ball|p1a: Iron Hands\n|-damage|p1a: Iron Hands|0 fnt\n|faint|p1a: Iron Hands\n|-end|p1a: Iron Hands|Quark Drive|[silent]\n|\n|win|Mambae2\n|c|&|\/uhtml prompt-mambae2,Mambae2 is ready for game 2!\n|inactive|TannerJosh has 50 seconds to confirm battle start!\n|c|&|\/uhtml prompt-tannerjosh,TannerJosh is ready for game 2!\nBoth players are ready! Starting next match!\n","uploadtime":1700163213,"views":16,"p1id":"tannerjosh","p2id":"mambae2","formatid":"gen9vgc2023regulatione","rating":0,"private":0,"password":""}