{"id":"gen9vgc2023regulatione-1992314065","p1":"bluflier","p2":"Snog2273","format":"[Gen 9] VGC 2023 Regulation E","log":"|j|\u2606bluflier\n|j|\u2606Snog2273\n|t:|1700173730\n|gametype|doubles\n|player|p1|bluflier|102|1166\n|player|p2|Snog2273|supernerd|1261\n|teamsize|p1|6\n|teamsize|p2|6\n|gen|9\n|tier|[Gen 9] VGC 2023 Regulation E\n|rated|\n|rule|Species Clause: Limit one of each Pok\u00e9mon\n|rule|Item Clause: Limit one of each item\n|clearpoke\n|poke|p1|Ogerpon-Wellspring, L50, F|\n|poke|p1|Chi-Yu, L50|\n|poke|p1|Glastrier, L50|\n|poke|p1|Iron Hands, L50|\n|poke|p1|Zapdos, L50|\n|poke|p1|Landorus-Therian, L50, M|\n|poke|p2|Stonjourner, L50, F|\n|poke|p2|Flutter Mane, L50|\n|poke|p2|Landorus-Therian, L50, M|\n|poke|p2|Chien-Pao, L50|\n|poke|p2|Iron Hands, L50|\n|poke|p2|Amoonguss, L50, F|\n|teampreview|4\n|inactive|Battle timer is ON: inactive players will automatically lose when time's up. (requested by Snog2273)\nSnog2273 has agreed to open team sheets.\n|inactive|bluflier has 60 seconds left.\n|inactive|Snog2273 has 60 seconds left.\n|\n|t:|1700173782\n|start\n|switch|p1a: Glastrier|Glastrier, L50|100\/100\n|switch|p1b: Landorus|Landorus-Therian, L50, M|100\/100\n|switch|p2a: Iron Hands|Iron Hands, L50|100\/100\n|switch|p2b: Landorus|Landorus-Therian, L50, M|100\/100\n|-ability|p1b: Landorus|Intimidate|boost\n|-unboost|p2a: Iron Hands|atk|1\n|-unboost|p2b: Landorus|atk|1\n|-ability|p2b: Landorus|Intimidate|boost\n|-unboost|p1a: Glastrier|atk|1\n|-unboost|p1b: Landorus|atk|1\n|turn|1\n|inactive|Snog2273 has 30 seconds left.\n|\n|t:|1700173816\n|move|p2a: Iron Hands|Fake Out|p1b: Landorus\n|-damage|p1b: Landorus|87\/100\n|move|p2b: Landorus|Rock Slide|p1a: Glastrier|[spread] p1a,p1b\n|-supereffective|p1a: Glastrier\n|-damage|p1a: Glastrier|82\/100\n|-damage|p1b: Landorus|69\/100\n|cant|p1b: Landorus|flinch\n|move|p1a: Glastrier|Icicle Crash|p2b: Landorus\n|-supereffective|p2b: Landorus\n|-damage|p2b: Landorus|0 fnt\n|faint|p2b: Landorus\n|-ability|p1a: Glastrier|Chilling Neigh|boost\n|-boost|p1a: Glastrier|atk|1\n|\n|-heal|p1a: Glastrier|88\/100|[from] item: Leftovers\n|upkeep\n|\n|t:|1700173830\n|switch|p2b: Stonjourner|Stonjourner, L50, F|100\/100\n|turn|2\n|inactive|Snog2273 has 30 seconds left.\n|\n|t:|1700173864\n|-end|p2a: Iron Hands|Quark Drive|[silent]\n|switch|p2a: Flutter Mane|Flutter Mane, L50|100\/100\n|-terastallize|p2b: Stonjourner|Grass\n|move|p1b: Landorus|Stomping Tantrum|p2b: Stonjourner\n|-resisted|p2b: Stonjourner\n|-damage|p2b: Stonjourner|84\/100\n|-damage|p1b: Landorus|52\/100|[from] item: Rocky Helmet|[of] p2b: Stonjourner\n|move|p2b: Stonjourner|Iron Defense|p2b: Stonjourner\n|-boost|p2b: Stonjourner|def|2\n|move|p1a: Glastrier|High Horsepower|p2b: Stonjourner\n|-resisted|p2b: Stonjourner\n|-damage|p2b: Stonjourner|79\/100\n|-damage|p1a: Glastrier|72\/100|[from] item: Rocky Helmet|[of] p2b: Stonjourner\n|\n|-heal|p1a: Glastrier|77\/100|[from] item: Leftovers\n|upkeep\n|turn|3\n|inactive|bluflier has 30 seconds left.\n|inactive|Snog2273 has 30 seconds left.\n|\n|t:|1700173896\n|switch|p1b: Chi-Yu|Chi-Yu, L50|100\/100\n|-ability|p1b: Chi-Yu|Beads of Ruin\n|move|p2a: Flutter Mane|Shadow Ball|p1b: Chi-Yu\n|-resisted|p1b: Chi-Yu\n|-damage|p1b: Chi-Yu|61\/100\n|move|p2b: Stonjourner|Iron Defense|p2b: Stonjourner\n|-boost|p2b: Stonjourner|def|2\n|move|p1a: Glastrier|Heavy Slam|p2a: Flutter Mane\n|-supereffective|p2a: Flutter Mane\n|-damage|p2a: Flutter Mane|0 fnt\n|faint|p2a: Flutter Mane\n|-end|p2a: Flutter Mane|Protosynthesis|[silent]\n|-ability|p1a: Glastrier|Chilling Neigh|boost\n|-boost|p1a: Glastrier|atk|1\n|\n|-heal|p1a: Glastrier|83\/100|[from] item: Leftovers\n|upkeep\n|\n|t:|1700173911\n|switch|p2a: Iron Hands|Iron Hands, L50|100\/100\n|turn|4\n|\n|t:|1700173924\n|move|p1b: Chi-Yu|Protect|p1b: Chi-Yu\n|-singleturn|p1b: Chi-Yu|Protect\n|move|p2b: Stonjourner|Wide Guard|p2b: Stonjourner\n|-singleturn|p2b: Stonjourner|Wide Guard\n|move|p2a: Iron Hands|Drain Punch|p1b: Chi-Yu\n|-activate|p1b: Chi-Yu|move: Protect\n|move|p1a: Glastrier|High Horsepower|p2a: Iron Hands\n|-supereffective|p2a: Iron Hands\n|-damage|p2a: Iron Hands|19\/100\n|\n|-heal|p1a: Glastrier|89\/100|[from] item: Leftovers\n|upkeep\n|turn|5\n|inactive|Snog2273 has 30 seconds left.\n|\n|t:|1700173951\n|move|p2b: Stonjourner|Wide Guard|p2b: Stonjourner\n|-singleturn|p2b: Stonjourner|Wide Guard\n|move|p1b: Chi-Yu|Heat Wave|p2a: Iron Hands|[spread] \n|-activate|p2a: Iron Hands|move: Wide Guard\n|-activate|p2b: Stonjourner|move: Wide Guard\n|move|p2a: Iron Hands|Drain Punch|p1b: Chi-Yu\n|-supereffective|p1b: Chi-Yu\n|-damage|p1b: Chi-Yu|0 fnt\n|-heal|p2a: Iron Hands|37\/100|[from] drain|[of] p1b: Chi-Yu\n|faint|p1b: Chi-Yu\n|move|p1a: Glastrier|High Horsepower|p2a: Iron Hands\n|-supereffective|p2a: Iron Hands\n|-damage|p2a: Iron Hands|0 fnt\n|faint|p2a: Iron Hands\n|-end|p2a: Iron Hands|Quark Drive|[silent]\n|-ability|p1a: Glastrier|Chilling Neigh|boost\n|-boost|p1a: Glastrier|atk|1\n|\n|-heal|p1a: Glastrier|95\/100|[from] item: Leftovers\n|upkeep\n|\n|t:|1700173968\n|switch|p1b: Iron Hands|Iron Hands, L50|100\/100\n|turn|6\n|\n|t:|1700173975\n|move|p1b: Iron Hands|Fake Out|p2b: Stonjourner\n|-damage|p2b: Stonjourner|76\/100\n|-damage|p1b: Iron Hands|84\/100|[from] item: Rocky Helmet|[of] p2b: Stonjourner\n|cant|p2b: Stonjourner|flinch\n|move|p1a: Glastrier|Icicle Crash|p2b: Stonjourner\n|-supereffective|p2b: Stonjourner\n|-damage|p2b: Stonjourner|37\/100\n|\n|-heal|p1a: Glastrier|100\/100|[from] item: Leftovers\n|upkeep\n|turn|7\n|\n|t:|1700173992\n|move|p2b: Stonjourner|Body Press|p1a: Glastrier\n|-supereffective|p1a: Glastrier\n|-damage|p1a: Glastrier|0 fnt\n|faint|p1a: Glastrier\n|move|p1b: Iron Hands|Drain Punch|p2b: Stonjourner\n|-damage|p2b: Stonjourner|29\/100\n|-heal|p1b: Iron Hands|87\/100|[from] drain|[of] p2b: Stonjourner\n|-damage|p1b: Iron Hands|71\/100|[from] item: Rocky Helmet|[of] p2b: Stonjourner\n|\n|upkeep\n|\n|t:|1700174001\n|switch|p1a: Landorus|Landorus-Therian, L50, M|52\/100\n|-ability|p1a: Landorus|Intimidate|boost\n|-unboost|p2b: Stonjourner|atk|1\n|turn|8\n|inactive|bluflier has 30 seconds left.\n|\n|t:|1700174026\n|-terastallize|p1a: Landorus|Flying\n|move|p1a: Landorus|Tera Blast|p2b: Stonjourner|[anim] Tera Blast Flying\n|-supereffective|p2b: Stonjourner\n|-damage|p2b: Stonjourner|3\/100\n|move|p2b: Stonjourner|Iron Defense|p2b: Stonjourner\n|-boost|p2b: Stonjourner|def|2\n|move|p1b: Iron Hands|Drain Punch|p2b: Stonjourner\n|-damage|p2b: Stonjourner|0 fnt\n|-heal|p1b: Iron Hands|72\/100|[from] drain|[of] p2b: Stonjourner\n|-damage|p1b: Iron Hands|55\/100|[from] item: Rocky Helmet|[of] p2b: Stonjourner\n|faint|p2b: Stonjourner\n|\n|win|bluflier\n|raw|bluflier's rating: 1166 &rarr; <strong>1198<\/strong><br \/>(+32 for winning)\n|raw|Snog2273's rating: 1261 &rarr; <strong>1229<\/strong><br \/>(-32 for losing)\n|l|\u2606bluflier\n","uploadtime":1700174060,"views":27,"p1id":"bluflier","p2id":"snog2273","formatid":"gen9vgc2023regulatione","rating":1198,"private":0,"password":""}