{"id":"gen9vgc2023regulatione-1999817910","p1":"Blu is Cute","p2":"superseriousboii","format":"[Gen 9] VGC 2023 Regulation E","log":"|j|\u2606Blu is Cute\n|j|\u2606superseriousboii\n|t:|1701119523\n|gametype|doubles\n|player|p1|Blu is Cute|waitress-gen4|1127\n|player|p2|superseriousboii|drayden|1146\n|teamsize|p1|6\n|teamsize|p2|6\n|gen|9\n|tier|[Gen 9] VGC 2023 Regulation E\n|rated|\n|rule|Species Clause: Limit one of each Pok\u00e9mon\n|rule|Item Clause: Limit one of each item\n|clearpoke\n|poke|p1|Enamorus, L50, F|\n|poke|p1|Grimmsnarl, L50, M|\n|poke|p1|Urshifu-*, L50, F|\n|poke|p1|Amoonguss, L50, M|\n|poke|p1|Tornadus, L50, M|\n|poke|p1|Flutter Mane, L50|\n|poke|p2|Volbeat, L50, M|\n|poke|p2|Regieleki, L50|\n|poke|p2|Goodra-Hisui, L50, F|\n|poke|p2|Chi-Yu, L50|\n|poke|p2|Flutter Mane, L50|\n|poke|p2|Farigiraf, L50, F|\n|teampreview|4\n|inactive|Battle timer is ON: inactive players will automatically lose when time's up. (requested by superseriousboii)\n|\n|t:|1701119559\n|start\n|switch|p1a: Attis|Tornadus, L50, M, shiny|100\/100\n|switch|p1b: Sraosha|Flutter Mane, L50|100\/100\n|switch|p2a: Volbeat|Volbeat, L50, M|100\/100\n|switch|p2b: Regieleki|Regieleki, L50|100\/100\n|-enditem|p1b: Sraosha|Booster Energy\n|-activate|p1b: Sraosha|ability: Protosynthesis|[fromitem]\n|-start|p1b: Sraosha|protosynthesisspe\n|turn|1\n|inactive|Blu is Cute has 30 seconds left.\n|\n|t:|1701119588\n|-terastallize|p1a: Attis|Ghost\n|move|p1a: Attis|Tailwind|p1a: Attis\n|-sidestart|p1: Blu is Cute|move: Tailwind\n|move|p2a: Volbeat|Tail Glow|p2a: Volbeat\n|-boost|p2a: Volbeat|spa|3\n|move|p1b: Sraosha|Moonblast|p2b: Regieleki\n|-damage|p2b: Regieleki|12\/100\n|move|p2b: Regieleki|Electroweb|p1a: Attis|[spread] p1a,p1b\n|-damage|p1a: Attis|60\/100\n|-damage|p1b: Sraosha|75\/100\n|-unboost|p1a: Attis|spe|1\n|-unboost|p1b: Sraosha|spe|1\n|\n|upkeep\n|turn|2\n|inactive|superseriousboii has 30 seconds left.\n|\n|t:|1701119621\n|move|p2a: Volbeat|Baton Pass|p2a: Volbeat\n|\n|t:|1701119623\n|switch|p2a: Goodra|Goodra-Hisui, L50, F|100\/100|[from] Baton Pass\n|move|p1b: Sraosha|Moonblast|p2a: Goodra\n|-damage|p2a: Goodra|76\/100\n|-unboost|p2a: Goodra|spa|1\n|move|p2b: Regieleki|Electroweb|p1a: Attis|[spread] p1a,p1b\n|-damage|p1a: Attis|20\/100\n|-damage|p1b: Sraosha|52\/100\n|-unboost|p1a: Attis|spe|1\n|-unboost|p1b: Sraosha|spe|1\n|move|p1a: Attis|Bleakwind Storm|p2a: Goodra|[spread] p2a\n|-miss|p1a: Attis|p2b: Regieleki\n|-resisted|p2a: Goodra\n|-damage|p2a: Goodra|67\/100\n|\n|-heal|p2a: Goodra|73\/100|[from] item: Leftovers\n|upkeep\n|turn|3\n|\n|t:|1701119647\n|switch|p1a: Mot|Amoonguss, L50, M, shiny|100\/100\n|move|p1b: Sraosha|Protect|p1b: Sraosha\n|-singleturn|p1b: Sraosha|Protect\n|move|p2b: Regieleki|Protect|p2b: Regieleki\n|-singleturn|p2b: Regieleki|Protect\n|move|p2a: Goodra|Life Dew|p2a: Goodra|[spread] p2a,p2b\n|-heal|p2a: Goodra|98\/100\n|-heal|p2b: Regieleki|37\/100\n|\n|-heal|p2a: Goodra|100\/100|[from] item: Leftovers\n|upkeep\n|turn|4\n|inactive|superseriousboii has 30 seconds left.\n|\n|t:|1701119683\n|-terastallize|p2b: Regieleki|Ice\n|move|p1a: Mot|Rage Powder|p1a: Mot\n|-singleturn|p1a: Mot|move: Rage Powder\n|move|p1b: Sraosha|Moonblast|p2b: Regieleki\n|-damage|p2b: Regieleki|0 fnt\n|faint|p2b: Regieleki\n|move|p2a: Goodra|Flash Cannon|p1a: Mot\n|-damage|p1a: Mot|53\/100\n|\n|-sideend|p1: Blu is Cute|move: Tailwind\n|upkeep\n|\n|t:|1701119697\n|switch|p2b: Volbeat|Volbeat, L50, M|100\/100\n|turn|5\n|\n|t:|1701119710\n|-end|p1b: Sraosha|Protosynthesis|[silent]\n|switch|p1b: Attis|Tornadus, L50, M, shiny, tera:Ghost|20\/100\n|move|p2b: Volbeat|Tailwind|p2b: Volbeat\n|-sidestart|p2: superseriousboii|move: Tailwind\n|move|p2a: Goodra|Flash Cannon|p1a: Mot\n|-damage|p1a: Mot|2\/100\n|-enditem|p1a: Mot|Sitrus Berry|[eat]\n|-heal|p1a: Mot|27\/100|[from] item: Sitrus Berry\n|move|p1a: Mot|Spore|p2b: Volbeat\n|-status|p2b: Volbeat|slp|[from] move: Spore\n|\n|upkeep\n|turn|6\n|\n|t:|1701119735\n|cant|p2b: Volbeat|slp\n|move|p1b: Attis|Tailwind|p1b: Attis\n|-sidestart|p1: Blu is Cute|move: Tailwind\n|move|p2a: Goodra|Flash Cannon|p1a: Mot\n|-damage|p1a: Mot|0 fnt\n|faint|p1a: Mot\n|\n|upkeep\n|\n|t:|1701119742\n|switch|p1a: Thor|Urshifu, L50, F|100\/100\n|turn|7\n|\n|t:|1701119758\n|cant|p2b: Volbeat|slp\n|move|p1b: Attis|Bleakwind Storm|p2b: Volbeat|[spread] \n|-miss|p1b: Attis|p2a: Goodra\n|-miss|p1b: Attis|p2b: Volbeat\n|move|p1a: Thor|Wicked Blow|p2a: Goodra\n|-damage|p2a: Goodra|59\/100\n|move|p2a: Goodra|Body Press|p1a: Thor\n|-supereffective|p1a: Thor\n|-damage|p1a: Thor|59\/100\n|\n|-heal|p2a: Goodra|65\/100|[from] item: Leftovers\n|upkeep\n|turn|8\n|inactive|superseriousboii has 30 seconds left.\n|inactive|superseriousboii has 20 seconds left.\n|inactive|superseriousboii has 15 seconds left.\n|inactive|superseriousboii has 10 seconds left.\n|\n|t:|1701119805\n|cant|p2b: Volbeat|slp\n|move|p1b: Attis|Bleakwind Storm|p2a: Goodra|[spread] p2b\n|-miss|p1b: Attis|p2a: Goodra\n|-supereffective|p2b: Volbeat\n|-damage|p2b: Volbeat|3\/100 slp\n|move|p1a: Thor|Wicked Blow|p2a: Goodra\n|-damage|p2a: Goodra|22\/100\n|move|p2a: Goodra|Flash Cannon|p1b: Attis\n|-damage|p1b: Attis|0 fnt\n|faint|p1b: Attis\n|\n|-heal|p2a: Goodra|28\/100|[from] item: Leftovers\n|-sideend|p2: superseriousboii|move: Tailwind\n|upkeep\n|\n|t:|1701119814\n|switch|p1b: Sraosha|Flutter Mane, L50|52\/100\n|turn|9\n|inactive|superseriousboii has 30 seconds left.\n|\n|t:|1701119844\n|-curestatus|p2b: Volbeat|slp|[msg]\n|move|p2b: Volbeat|Tailwind|p2b: Volbeat\n|-sidestart|p2: superseriousboii|move: Tailwind\n|move|p1b: Sraosha|Moonblast|p2b: Volbeat\n|-crit|p2b: Volbeat\n|-damage|p2b: Volbeat|0 fnt\n|faint|p2b: Volbeat\n|move|p1a: Thor|Wicked Blow|p2a: Goodra\n|-damage|p2a: Goodra|0 fnt\n|faint|p2a: Goodra\n|\n|-sideend|p1: Blu is Cute|move: Tailwind\n|upkeep\n|\n|t:|1701119861\n|switch|p2b: Chi-Yu|Chi-Yu, L50|100\/100\n|-ability|p2b: Chi-Yu|Beads of Ruin\n|turn|10\n|\n|t:|1701119870\n|move|p2b: Chi-Yu|Heat Wave|p1b: Sraosha|[spread] p1a,p1b\n|-damage|p1a: Thor|0 fnt\n|-damage|p1b: Sraosha|6\/100\n|faint|p1a: Thor\n|move|p1b: Sraosha|Moonblast|p2b: Chi-Yu\n|-damage|p2b: Chi-Yu|49\/100\n|\n|upkeep\n|turn|11\n|\n|t:|1701119879\n|move|p2b: Chi-Yu|Dark Pulse|p1b: Sraosha\n|-damage|p1b: Sraosha|0 fnt\n|faint|p1b: Sraosha\n|-end|p1b: Sraosha|Protosynthesis|[silent]\n|\n|win|superseriousboii\n|raw|Blu is Cute's rating: 1127 &rarr; <strong>1103<\/strong><br \/>(-24 for losing)\n|raw|superseriousboii's rating: 1146 &rarr; <strong>1170<\/strong><br \/>(+24 for winning)\n|l|\u2606Blu is Cute\n","uploadtime":1701119886,"views":4,"p1id":"bluiscute","p2id":"superseriousboii","formatid":"gen9vgc2023regulatione","rating":1103,"private":0,"password":""}