{"id":"gen9vgc2023regulatione-1998734047","p1":"fubbernuckles","p2":"PieRatVGC","format":"[Gen 9] VGC 2023 Regulation E","log":"|j|\u203dfubbernuckles\n|j|\u2606PieRatVGC\n|t:|1700979985\n|gametype|doubles\n|player|p1|fubbernuckles|marlon|1297\n|player|p2|PieRatVGC|170|1200\n|teamsize|p1|6\n|teamsize|p2|6\n|gen|9\n|tier|[Gen 9] VGC 2023 Regulation E\n|rated|\n|rule|Species Clause: Limit one of each Pok\u00e9mon\n|rule|Item Clause: Limit one of each item\n|clearpoke\n|poke|p1|Ninetales-Alola, L50, F|\n|poke|p1|Kommo-o, L50, M|\n|poke|p1|Arcanine-Hisui, L50, F|\n|poke|p1|Rillaboom, L50, F|\n|poke|p1|Roaring Moon, L50|\n|poke|p1|Ursaluna, L50, M|\n|poke|p2|Sinistcha, L50|\n|poke|p2|Enamorus, L50, F|\n|poke|p2|Tornadus, L50, M|\n|poke|p2|Farigiraf, L50, M|\n|poke|p2|Chien-Pao, L50|\n|poke|p2|Ogerpon-Wellspring, L50, F|\n|teampreview|4\n|inactive|Battle timer is ON: inactive players will automatically lose when time's up. (requested by fubbernuckles)\n|inactive|PieRatVGC has 60 seconds left.\n|inactive|fubbernuckles has 60 seconds left.\n|\n|t:|1700980025\n|start\n|switch|p1a: Ninetales|Ninetales-Alola, L50, F|100\/100\n|switch|p1b: Roaring Moon|Roaring Moon, L50|100\/100\n|switch|p2a: Enamorus|Enamorus, L50, F|100\/100\n|switch|p2b: Tornadus|Tornadus, L50, M|100\/100\n|-weather|Snow|[from] ability: Snow Warning|[of] p1a: Ninetales\n|-enditem|p1b: Roaring Moon|Booster Energy\n|-activate|p1b: Roaring Moon|ability: Protosynthesis|[fromitem]\n|-start|p1b: Roaring Moon|protosynthesisspe\n|turn|1\n|inactive|PieRatVGC has 30 seconds left.\n|\n|t:|1700980059\n|-terastallize|p1a: Ninetales|Water\n|-terastallize|p2a: Enamorus|Fire\n|move|p2b: Tornadus|Scary Face|p2a: Enamorus\n|-boost|p2a: Enamorus|spe|2\n|move|p2a: Enamorus|Iron Head|p1a: Ninetales\n|-resisted|p1a: Ninetales\n|-damage|p1a: Ninetales|78\/100\n|-damage|p2a: Enamorus|91\/100|[from] item: Life Orb\n|move|p1b: Roaring Moon|Tailwind|p1b: Roaring Moon\n|-sidestart|p1: fubbernuckles|move: Tailwind\n|move|p1a: Ninetales|Blizzard|p2b: Tornadus|[spread] p2a,p2b\n|-resisted|p2a: Enamorus\n|-supereffective|p2b: Tornadus\n|-damage|p2a: Enamorus|71\/100\n|-damage|p2b: Tornadus|23\/100\n|\n|-weather|Snow|[upkeep]\n|upkeep\n|turn|2\n|inactive|PieRatVGC has 30 seconds left.\n|\n|t:|1700980088\n|move|p2b: Tornadus|Tailwind|p2b: Tornadus\n|-sidestart|p2: PieRatVGC|move: Tailwind\n|move|p2a: Enamorus|Superpower|p1a: Ninetales\n|-damage|p1a: Ninetales|8\/100\n|-boost|p2a: Enamorus|atk|1\n|-boost|p2a: Enamorus|def|1\n|-damage|p2a: Enamorus|62\/100|[from] item: Life Orb\n|move|p1b: Roaring Moon|Acrobatics|p2a: Enamorus\n|-damage|p2a: Enamorus|23\/100\n|move|p1a: Ninetales|Aurora Veil|p1a: Ninetales\n|-sidestart|p1: fubbernuckles|move: Aurora Veil\n|\n|-weather|Snow|[upkeep]\n|upkeep\n|turn|3\n|\n|t:|1700980108\n|move|p2a: Enamorus|Superpower|p1b: Roaring Moon\n|-supereffective|p1b: Roaring Moon\n|-damage|p1b: Roaring Moon|0 fnt\n|-boost|p2a: Enamorus|atk|1\n|-boost|p2a: Enamorus|def|1\n|faint|p1b: Roaring Moon\n|-end|p1b: Roaring Moon|Protosynthesis|[silent]\n|-damage|p2a: Enamorus|13\/100|[from] item: Life Orb\n|move|p2b: Tornadus|Bleakwind Storm|p1a: Ninetales\n|-damage|p1a: Ninetales|0 fnt\n|faint|p1a: Ninetales\n|\n|-weather|Snow|[upkeep]\n|upkeep\n|\n|t:|1700980111\n|switch|p1b: Rillaboom|Rillaboom, L50, F|100\/100\n|switch|p1a: Ursaluna|Ursaluna, L50, M|100\/100\n|-fieldstart|move: Grassy Terrain|[from] ability: Grassy Surge|[of] p1b: Rillaboom\n|turn|4\n|\n|t:|1700980134\n|switch|p2b: Sinistcha|Sinistcha, L50|100\/100\n|-heal|p2a: Enamorus|38\/100|[from] ability: Hospitality|[of] p2b: Sinistcha\n|move|p1b: Rillaboom|Fake Out|p2a: Enamorus\n|-damage|p2a: Enamorus|27\/100\n|cant|p2a: Enamorus|flinch\n|move|p1a: Ursaluna|Facade|p2b: Sinistcha\n|-immune|p2b: Sinistcha\n|\n|-weather|Snow|[upkeep]\n|-heal|p2a: Enamorus|33\/100|[from] Grassy Terrain\n|-sideend|p1: fubbernuckles|move: Tailwind\n|-status|p1a: Ursaluna|brn|[from] item: Flame Orb\n|upkeep\n|turn|5\n|\n|t:|1700980153\n|move|p2b: Sinistcha|Rage Powder|p2b: Sinistcha\n|-singleturn|p2b: Sinistcha|move: Rage Powder\n|move|p1b: Rillaboom|Grassy Glide|p2a: Enamorus\n|-resisted|p2a: Enamorus\n|-damage|p2a: Enamorus|19\/100\n|move|p2a: Enamorus|Superpower|p1b: Rillaboom\n|-damage|p1b: Rillaboom|40\/100\n|-boost|p2a: Enamorus|atk|1\n|-boost|p2a: Enamorus|def|1\n|-damage|p2a: Enamorus|10\/100|[from] item: Life Orb\n|move|p1a: Ursaluna|Close Combat|p2b: Sinistcha\n|-immune|p2b: Sinistcha\n|\n|-weather|none\n|-heal|p2a: Enamorus|16\/100|[from] Grassy Terrain\n|-heal|p1b: Rillaboom|46\/100|[from] Grassy Terrain\n|-damage|p1a: Ursaluna|95\/100 brn|[from] brn\n|-sideend|p2: PieRatVGC|move: Tailwind\n|upkeep\n|turn|6\n|inactive|PieRatVGC has 30 seconds left.\n|\n|t:|1700980181\n|move|p2a: Enamorus|Protect|p2a: Enamorus\n|-singleturn|p2a: Enamorus|Protect\n|move|p1b: Rillaboom|Grassy Glide|p2a: Enamorus\n|-activate|p2a: Enamorus|move: Protect\n|move|p2b: Sinistcha|Strength Sap|p1b: Rillaboom\n|-unboost|p1b: Rillaboom|atk|1\n|move|p1a: Ursaluna|Close Combat|p2a: Enamorus\n|-activate|p2a: Enamorus|move: Protect\n|\n|-heal|p2a: Enamorus|21\/100|[from] Grassy Terrain\n|-heal|p1b: Rillaboom|52\/100|[from] Grassy Terrain\n|-heal|p1a: Ursaluna|100\/100 brn|[from] Grassy Terrain\n|-damage|p1a: Ursaluna|95\/100 brn|[from] brn\n|upkeep\n|turn|7\n|-message|fubbernuckles forfeited.\n|\n|win|PieRatVGC\n|raw|fubbernuckles's rating: 1297 &rarr; <strong>1265<\/strong><br \/>(-32 for losing)\n|raw|PieRatVGC's rating: 1200 &rarr; <strong>1232<\/strong><br \/>(+32 for winning)\n|l|\u203dfubbernuckles\n","uploadtime":1700980294,"views":28,"p1id":"fubbernuckles","p2id":"pieratvgc","formatid":"gen9vgc2023regulatione","rating":1232,"private":0,"password":""}