{"id":"gen9vgc2023regulatione-1999901504","p1":"Fernanch","p2":"TheblackGotenks","format":"[Gen 9] VGC 2023 Regulation E","log":"|j|\u2606Fernanch\n|j|\u2606TheblackGotenks\n|n|\u2606Fernanch|fernanch\n|n|\u2606TheblackGotenks|theblackgotenks\n|html|View the match progress at <a href=\"\/game-bestof3-gen9vgc2023regulatione-1999896393\">game-bestof3-gen9vgc2023regulatione-1999896393<\/a>\n|t:|1701128047\n|gametype|doubles\n|player|p1|Fernanch|waiter-gen4dp|\n|player|p2|TheblackGotenks|ghetsis-gen5bw|\n|teamsize|p1|6\n|teamsize|p2|6\n|gen|9\n|tier|[Gen 9] VGC 2023 Regulation E\n|rule|Species Clause: Limit one of each Pok\u00e9mon\n|rule|Item Clause: Limit one of each item\n|clearpoke\n|poke|p1|Flutter Mane, L50|\n|poke|p1|Amoonguss, L50, M|\n|poke|p1|Chi-Yu, L50|\n|poke|p1|Slaking, L50, M|\n|poke|p1|Golduck, L50, M|\n|poke|p1|Pawmot, L50, F|\n|poke|p2|Tornadus, L50, M|\n|poke|p2|Ogerpon-Hearthflame, L50, F|\n|poke|p2|Foongus, L50, M|\n|poke|p2|Salamence, L50, M|\n|poke|p2|Palafin, L50, M|\n|poke|p2|Kingambit, L50, F|\n|teampreview|4\n|c|\u2606Fernanch|Glhf\n|\n|t:|1701128094\n|start\n|switch|p1a: Pawmot|Pawmot, L50, F|100\/100\n|switch|p1b: Amoonguss|Amoonguss, L50, M|100\/100\n|switch|p2a: Tornadus|Tornadus, L50, M|100\/100\n|switch|p2b: Palafin|Palafin, L50, M|100\/100\n|turn|1\n|\n|t:|1701128143\n|switch|p1a: Chi-Yu|Chi-Yu, L50|100\/100\n|-ability|p1a: Chi-Yu|Beads of Ruin\n|detailschange|p2b: Palafin|Palafin-Hero, L50, M\n|switch|p2b: Ogerpon|Ogerpon-Hearthflame, L50, F|100\/100\n|-ability|p2b: Ogerpon|Mold Breaker\n|move|p2a: Tornadus|Protect|p2a: Tornadus\n|-singleturn|p2a: Tornadus|Protect\n|move|p1b: Amoonguss|Spore|p2a: Tornadus\n|-activate|p2a: Tornadus|move: Protect\n|\n|upkeep\n|turn|2\n|\n|t:|1701128189\n|-terastallize|p1b: Amoonguss|Water\n|move|p2a: Tornadus|Bleakwind Storm|p1a: Chi-Yu|[spread] p1a,p1b\n|-damage|p1a: Chi-Yu|63\/100\n|-damage|p1b: Amoonguss|52\/100\n|-unboost|p1a: Chi-Yu|spe|1\n|move|p2b: Ogerpon|Swords Dance|p2b: Ogerpon\n|-boost|p2b: Ogerpon|atk|2\n|move|p1a: Chi-Yu|Dark Pulse|p2b: Ogerpon\n|-damage|p2b: Ogerpon|48\/100\n|move|p1b: Amoonguss|Spore|p2a: Tornadus\n|-status|p2a: Tornadus|slp|[from] move: Spore\n|\n|upkeep\n|turn|3\n|\n|t:|1701128256\n|-terastallize|p2b: Ogerpon|Fire\n|detailschange|p2b: Ogerpon|Ogerpon-Hearthflame-Tera, L50, F, tera:Fire\n|-ability|p2b: Ogerpon|Embody Aspect (Hearthflame)|boost\n|-boost|p2b: Ogerpon|atk|1\n|cant|p2a: Tornadus|slp\n|move|p2b: Ogerpon|Horn Leech|p1a: Chi-Yu\n|-resisted|p1a: Chi-Yu\n|-damage|p1a: Chi-Yu|0 fnt\n|-heal|p2b: Ogerpon|80\/100|[from] drain|[of] p1a: Chi-Yu\n|faint|p1a: Chi-Yu\n|move|p1b: Amoonguss|Spore|p2b: Ogerpon\n|-status|p2b: Ogerpon|slp|[from] move: Spore\n|\n|upkeep\n|\n|t:|1701128273\n|switch|p1a: Pawmot|Pawmot, L50, F|100\/100\n|turn|4\n|\n|t:|1701128293\n|-curestatus|p2a: Tornadus|slp|[msg]\n|move|p2a: Tornadus|Bleakwind Storm|p1a: Pawmot|[spread] p1a,p1b\n|-damage|p1a: Pawmot|32\/100\n|-damage|p1b: Amoonguss|16\/100\n|cant|p2b: Ogerpon|slp\n|move|p1a: Pawmot|Revival Blessing|p1a: Pawmot\n|-enditem|p1a: Pawmot|Leppa Berry|[eat]\n|-activate|p1a: Pawmot|item: Leppa Berry|Revival Blessing|[consumed]\n|\n|t:|1701128303\n|-heal|p1: Chi-Yu|50\/100|[from] move: Revival Blessing\n|move|p1b: Amoonguss|Foul Play|p2b: Ogerpon\n|-damage|p2b: Ogerpon|0 fnt\n|faint|p2b: Ogerpon\n|\n|upkeep\n|\n|t:|1701128311\n|switch|p2b: Palafin|Palafin-Hero, L50, M|100\/100\n|-activate|p2b: Palafin|ability: Zero to Hero\n|turn|5\n|c|\u2606Fernanch|Holy shit\n|\n|t:|1701128329\n|move|p1b: Amoonguss|Rage Powder|p1b: Amoonguss\n|-singleturn|p1b: Amoonguss|move: Rage Powder\n|move|p2b: Palafin|Jet Punch|p1b: Amoonguss\n|-resisted|p1b: Amoonguss\n|-damage|p1b: Amoonguss|0 fnt\n|faint|p1b: Amoonguss\n|move|p2a: Tornadus|Bleakwind Storm|p1a: Pawmot\n|-crit|p1a: Pawmot\n|-damage|p1a: Pawmot|0 fnt\n|faint|p1a: Pawmot\n|\n|upkeep\n|\n|t:|1701128337\n|switch|p1a: Chi-Yu|Chi-Yu, L50|50\/100\n|switch|p1b: Flutter Mane|Flutter Mane, L50|100\/100\n|-ability|p1a: Chi-Yu|Beads of Ruin\n|turn|6\n|\n|t:|1701128348\n|switch|p2a: Foongus|Foongus, L50, M|100\/100\n|move|p1a: Chi-Yu|Protect|p1a: Chi-Yu\n|-singleturn|p1a: Chi-Yu|Protect\n|move|p2b: Palafin|Jet Punch|p1a: Chi-Yu\n|-activate|p1a: Chi-Yu|move: Protect\n|move|p1b: Flutter Mane|Thunderbolt|p2b: Palafin\n|-supereffective|p2b: Palafin\n|-damage|p2b: Palafin|4\/100\n|\n|upkeep\n|turn|7\n|\n|t:|1701128363\n|move|p1a: Chi-Yu|Protect||[still]\n|-fail|p1a: Chi-Yu\n|move|p2a: Foongus|Rage Powder|p2a: Foongus\n|-singleturn|p2a: Foongus|move: Rage Powder\n|move|p2b: Palafin|Jet Punch|p1a: Chi-Yu\n|-supereffective|p1a: Chi-Yu\n|-enditem|p1a: Chi-Yu|Passho Berry|[eat]\n|-enditem|p1a: Chi-Yu|Passho Berry|[weaken]\n|-damage|p1a: Chi-Yu|0 fnt\n|faint|p1a: Chi-Yu\n|move|p1b: Flutter Mane|Dazzling Gleam|p2a: Foongus|[spread] p2a,p2b\n|-resisted|p2a: Foongus\n|-damage|p2a: Foongus|84\/100\n|-damage|p2b: Palafin|0 fnt\n|faint|p2b: Palafin\n|\n|upkeep\n|\n|t:|1701128371\n|switch|p2b: Tornadus|Tornadus, L50, M|100\/100\n|turn|8\n|\n|t:|1701128383\n|move|p2b: Tornadus|Protect|p2b: Tornadus\n|-singleturn|p2b: Tornadus|Protect\n|move|p1b: Flutter Mane|Protect|p1b: Flutter Mane\n|-singleturn|p1b: Flutter Mane|Protect\n|move|p2a: Foongus|Spore|p1b: Flutter Mane\n|-activate|p1b: Flutter Mane|move: Protect\n|\n|upkeep\n|turn|9\n|\n|t:|1701128397\n|move|p1b: Flutter Mane|Shadow Ball|p2a: Foongus\n|-damage|p2a: Foongus|36\/100\n|move|p2b: Tornadus|Bleakwind Storm|p1b: Flutter Mane\n|-damage|p1b: Flutter Mane|44\/100\n|-unboost|p1b: Flutter Mane|spe|1\n|move|p2a: Foongus|Spore|p1b: Flutter Mane\n|-status|p1b: Flutter Mane|slp|[from] move: Spore\n|\n|upkeep\n|turn|10\n|c|\u2606Fernanch|What\n|c|\u2606Fernanch|Didn't I oko u with tbolt\n|c|\u2606Fernanch|U clicked that so fast as well\n|c|\u2606TheblackGotenks|No\n|c|\u2606TheblackGotenks|Idk\n|c|\u2606Fernanch|ggs\n|\n|t:|1701128486\n|move|p2b: Tornadus|Bleakwind Storm|p1b: Flutter Mane\n|-damage|p1b: Flutter Mane|0 fnt\n|faint|p1b: Flutter Mane\n|-end|p1b: Flutter Mane|Protosynthesis|[silent]\n|\n|win|TheblackGotenks\n|c|\u2606TheblackGotenks|Gg\n","uploadtime":1701128494,"views":7,"p1id":"fernanch","p2id":"theblackgotenks","formatid":"gen9vgc2023regulatione","rating":0,"private":0,"password":""}