{"id":"gen9vgc2023regulatione-1990080392","p1":"qz231113B","p2":"BushMuffinVGC","format":"[Gen 9] VGC 2023 Regulation E","log":"|j|\u2606qz231113B\n|j|\u2606BushMuffinVGC\n|t:|1699922427\n|gametype|doubles\n|player|p1|qz231113B|266|1000\n|player|p2|BushMuffinVGC|boarder|1000\n|teamsize|p1|6\n|teamsize|p2|6\n|gen|9\n|tier|[Gen 9] VGC 2023 Regulation E\n|rated|\n|rule|Species Clause: Limit one of each Pok\u00e9mon\n|rule|Item Clause: Limit one of each item\n|clearpoke\n|poke|p1|Tornadus, L50, M|\n|poke|p1|Volcarona, L50, F|\n|poke|p1|Basculegion, L50, M|\n|poke|p1|Ludicolo, L50, M|\n|poke|p1|Scizor, L50, F|\n|poke|p1|Flutter Mane, L50|\n|poke|p2|Chesnaught, L50, M|\n|poke|p2|Ogerpon-Hearthflame, L50, F|\n|poke|p2|Milotic, L50, M|\n|poke|p2|Heatran, L50, M|\n|poke|p2|Perrserker, L50, F|\n|poke|p2|Illumise, L50, F|\n|teampreview|4\n|inactive|Battle timer is ON: inactive players will automatically lose when time's up. (requested by BushMuffinVGC)\nqz231113B rejected open team sheets.\n|inactive|qz231113B has 60 seconds left.\n|\n|t:|1699922460\n|start\n|switch|p1a: Tornadus|Tornadus, L50, M|100\/100\n|switch|p1b: Basculegion|Basculegion, L50, M|100\/100\n|switch|p2a: Ogerpon|Ogerpon-Hearthflame, L50, F|100\/100\n|switch|p2b: Illumise|Illumise, L50, F|100\/100\n|-ability|p2a: Ogerpon|Mold Breaker\n|turn|1\n|\n|t:|1699922479\n|move|p1a: Tornadus|Rain Dance|p1a: Tornadus\n|-weather|RainDance\n|move|p1b: Basculegion|Flip Turn|p2a: Ogerpon\n|-damage|p2a: Ogerpon|8\/100\n|\n|t:|1699922483\n|switch|p1b: Volcarona|Volcarona, L50, F|100\/100|[from] Flip Turn\n|move|p2a: Ogerpon|Ivy Cudgel|p1a: Tornadus\n|-damage|p1a: Tornadus|64\/100\n|move|p2b: Illumise|Tailwind|p2b: Illumise\n|-sidestart|p2: BushMuffinVGC|move: Tailwind\n|\n|-weather|RainDance|[upkeep]\n|upkeep\n|turn|2\n|inactive|BushMuffinVGC has 30 seconds left.\n|inactive|BushMuffinVGC has 20 seconds left.\n|\n|t:|1699922520\n|move|p1a: Tornadus|Tailwind|p1a: Tornadus\n|-sidestart|p1: qz231113B|move: Tailwind\n|move|p2a: Ogerpon|Taunt|p1a: Tornadus\n|-start|p1a: Tornadus|move: Taunt\n|move|p1b: Volcarona|Quiver Dance|p1b: Volcarona\n|-boost|p1b: Volcarona|spa|1\n|-boost|p1b: Volcarona|spd|1\n|-boost|p1b: Volcarona|spe|1\n|move|p2b: Illumise|Encore|p1a: Tornadus\n|-start|p1a: Tornadus|Encore\n|\n|-weather|RainDance|[upkeep]\n|upkeep\n|turn|3\n|inactive|qz231113B has 30 seconds left.\n|\n|t:|1699922548\n|switch|p1a: Basculegion|Basculegion, L50, M|100\/100\n|move|p1b: Volcarona|Hurricane|p2b: Illumise\n|-supereffective|p2b: Illumise\n|-damage|p2b: Illumise|17\/100\n|-start|p2b: Illumise|confusion\n|-enditem|p2b: Illumise|Iapapa Berry|[eat]\n|-heal|p2b: Illumise|51\/100|[from] item: Iapapa Berry\n|move|p2a: Ogerpon|Ivy Cudgel|p1a: Basculegion\n|-resisted|p1a: Basculegion\n|-damage|p1a: Basculegion|81\/100\n|-activate|p2b: Illumise|confusion\n|move|p2b: Illumise|Encore|p1b: Volcarona\n|-start|p1b: Volcarona|Encore\n|\n|-weather|RainDance|[upkeep]\n|upkeep\n|turn|4\n|inactive|qz231113B has 30 seconds left.\n|\n|t:|1699922574\n|move|p2a: Ogerpon|Protect|p2a: Ogerpon\n|-singleturn|p2a: Ogerpon|Protect\n|move|p1a: Basculegion|Wave Crash|p2b: Illumise\n|-damage|p2b: Illumise|0 fnt\n|faint|p2b: Illumise\n|-damage|p1a: Basculegion|66\/100|[from] Recoil\n|move|p1b: Volcarona|Hurricane|p2a: Ogerpon\n|-activate|p2a: Ogerpon|move: Protect\n|\n|-weather|RainDance|[upkeep]\n|-sideend|p2: BushMuffinVGC|move: Tailwind\n|upkeep\n|\n|t:|1699922586\n|switch|p2b: Chesnaught|Chesnaught, L50, M|100\/100\n|turn|5\n|\n|t:|1699922610\n|-terastallize|p1b: Volcarona|Water\n|-terastallize|p2b: Chesnaught|Electric\n|move|p1a: Basculegion|Wave Crash|p2a: Ogerpon\n|-damage|p2a: Ogerpon|0 fnt\n|faint|p2a: Ogerpon\n|-damage|p1a: Basculegion|64\/100|[from] Recoil\n|move|p1b: Volcarona|Hurricane|p2b: Chesnaught\n|-resisted|p2b: Chesnaught\n|-damage|p2b: Chesnaught|79\/100\n|move|p2b: Chesnaught|Giga Drain|p1a: Basculegion\n|-supereffective|p1a: Basculegion\n|-damage|p1a: Basculegion|15\/100\n|-heal|p2b: Chesnaught|100\/100|[from] drain|[of] p1a: Basculegion\n|\n|-weather|RainDance|[upkeep]\n|-sideend|p1: qz231113B|move: Tailwind\n|upkeep\n|\n|t:|1699922628\n|switch|p2a: Heatran|Heatran, L50, M|100\/100\n|turn|6\n|\n|t:|1699922636\n|move|p2a: Heatran|Protect|p2a: Heatran\n|-singleturn|p2a: Heatran|Protect\n|move|p1a: Basculegion|Wave Crash|p2b: Chesnaught\n|-damage|p2b: Chesnaught|0 fnt\n|faint|p2b: Chesnaught\n|-damage|p1a: Basculegion|0 fnt|[from] Recoil\n|faint|p1a: Basculegion\n|move|p1b: Volcarona|Hurricane|p2a: Heatran\n|-activate|p2a: Heatran|move: Protect\n|\n|-weather|RainDance|[upkeep]\n|-end|p1b: Volcarona|Encore\n|upkeep\n|\n|t:|1699922638\n|switch|p1a: Ludicolo|Ludicolo, L50, M|100\/100\n|turn|7\n|\n|t:|1699922654\n|move|p1a: Ludicolo|Fake Out|p2a: Heatran\n|-resisted|p2a: Heatran\n|-damage|p2a: Heatran|97\/100\n|move|p1b: Volcarona|Tera Blast|p2a: Heatran|[anim] Tera Blast Water\n|-supereffective|p2a: Heatran\n|-damage|p2a: Heatran|0 fnt\n|faint|p2a: Heatran\n|\n|win|qz231113B\n|raw|qz231113B's rating: 1000 &rarr; <strong>1040<\/strong><br \/>(+40 for winning)\n|raw|BushMuffinVGC's rating: 1000 &rarr; <strong>1000<\/strong><br \/>(+0 for losing)\n|l|\u2606BushMuffinVGC\n","uploadtime":1699922662,"views":8,"p1id":"qz231113b","p2id":"bushmuffinvgc","formatid":"gen9vgc2023regulatione","rating":1000,"private":0,"password":""}