{"id":"gen9vgc2023regulatione-1990693958","p1":"ohbabyillkissu","p2":"Dryslide","format":"[Gen 9] VGC 2023 Regulation E","log":"|j|\u2606ohbabyillkissu\n|j|\u2606Dryslide\n|t:|1699992368\n|gametype|doubles\n|player|p1|ohbabyillkissu|266|1191\n|player|p2|Dryslide|flannery|1260\n|teamsize|p1|6\n|teamsize|p2|6\n|gen|9\n|tier|[Gen 9] VGC 2023 Regulation E\n|rated|\n|rule|Species Clause: Limit one of each Pok\u00e9mon\n|rule|Item Clause: Limit one of each item\n|clearpoke\n|poke|p1|Cresselia, L50, F|\n|poke|p1|Volcarona, L50, M|\n|poke|p1|Tatsugiri, L50, F|\n|poke|p1|Grimmsnarl, L50, M|\n|poke|p1|Dondozo, L50, M|\n|poke|p1|Arcanine-Hisui, L50, M|\n|poke|p2|Flutter Mane, L50|\n|poke|p2|Urshifu-*, L50, F|\n|poke|p2|Arcanine-Hisui, L50, F|\n|poke|p2|Rillaboom, L50, F|\n|poke|p2|Chien-Pao, L50|\n|poke|p2|Tornadus, L50, M|\n|teampreview|4\n|inactive|Battle timer is ON: inactive players will automatically lose when time's up. (requested by ohbabyillkissu)\n|\n|t:|1699992398\n|start\n|switch|p1a: \u30aa\u30fc\u30ed\u30f3\u30b2|Grimmsnarl, L50, M|100\/100\n|switch|p1b: \u30d8\u30a4\u30e9\u30c3\u30b7\u30e3|Dondozo, L50, M|100\/100\n|switch|p2a: Arcanine|Arcanine-Hisui, L50, F, shiny|100\/100\n|switch|p2b: Chien-Pao|Chien-Pao, L50|100\/100\n|-ability|p2b: Chien-Pao|Sword of Ruin\n|-ability|p2a: Arcanine|Intimidate|boost\n|-unboost|p1a: \u30aa\u30fc\u30ed\u30f3\u30b2|atk|1\n|-unboost|p1b: \u30d8\u30a4\u30e9\u30c3\u30b7\u30e3|atk|1\n|turn|1\n|inactive|Dryslide has 30 seconds left.\n|\n|t:|1699992423\n|-terastallize|p2a: Arcanine|Fairy\n|move|p1b: \u30d8\u30a4\u30e9\u30c3\u30b7\u30e3|Protect|p1b: \u30d8\u30a4\u30e9\u30c3\u30b7\u30e3\n|-singleturn|p1b: \u30d8\u30a4\u30e9\u30c3\u30b7\u30e3|Protect\n|move|p1a: \u30aa\u30fc\u30ed\u30f3\u30b2|Reflect|p1a: \u30aa\u30fc\u30ed\u30f3\u30b2\n|-sidestart|p1: ohbabyillkissu|Reflect\n|move|p2b: Chien-Pao|Icicle Crash|p1b: \u30d8\u30a4\u30e9\u30c3\u30b7\u30e3\n|-activate|p1b: \u30d8\u30a4\u30e9\u30c3\u30b7\u30e3|move: Protect\n|move|p2a: Arcanine|Tera Blast|p1a: \u30aa\u30fc\u30ed\u30f3\u30b2|[anim] Tera Blast Fairy\n|-supereffective|p1a: \u30aa\u30fc\u30ed\u30f3\u30b2\n|-damage|p1a: \u30aa\u30fc\u30ed\u30f3\u30b2|0 fnt\n|faint|p1a: \u30aa\u30fc\u30ed\u30f3\u30b2\n|\n|upkeep\n|\n|t:|1699992438\n|switch|p1a: Tatsugiri|Tatsugiri, L50, F|100\/100\n|-activate|p1a: Tatsugiri|ability: Commander|[of] p1b: \u30d8\u30a4\u30e9\u30c3\u30b7\u30e3\n|-boost|p1b: \u30d8\u30a4\u30e9\u30c3\u30b7\u30e3|atk|2\n|-boost|p1b: \u30d8\u30a4\u30e9\u30c3\u30b7\u30e3|spa|2\n|-boost|p1b: \u30d8\u30a4\u30e9\u30c3\u30b7\u30e3|spe|2\n|-boost|p1b: \u30d8\u30a4\u30e9\u30c3\u30b7\u30e3|def|2\n|-boost|p1b: \u30d8\u30a4\u30e9\u30c3\u30b7\u30e3|spd|2\n|turn|2\n|\n|t:|1699992456\n|switch|p2a: Urshifu|Urshifu-Rapid-Strike, L50, F|100\/100\n|-terastallize|p1b: \u30d8\u30a4\u30e9\u30c3\u30b7\u30e3|Fairy\n|move|p2b: Chien-Pao|Icicle Crash|p1b: \u30d8\u30a4\u30e9\u30c3\u30b7\u30e3\n|-damage|p1b: \u30d8\u30a4\u30e9\u30c3\u30b7\u30e3|90\/100\n|move|p1b: \u30d8\u30a4\u30e9\u30c3\u30b7\u30e3|Curse|p1b: \u30d8\u30a4\u30e9\u30c3\u30b7\u30e3\n|-unboost|p1b: \u30d8\u30a4\u30e9\u30c3\u30b7\u30e3|spe|1\n|-boost|p1b: \u30d8\u30a4\u30e9\u30c3\u30b7\u30e3|atk|1\n|-boost|p1b: \u30d8\u30a4\u30e9\u30c3\u30b7\u30e3|def|1\n|\n|-heal|p1b: \u30d8\u30a4\u30e9\u30c3\u30b7\u30e3|96\/100|[from] item: Leftovers\n|-status|p1a: Tatsugiri|tox|[from] item: Toxic Orb\n|upkeep\n|turn|3\n|\n|t:|1699992474\n|switch|p2a: Arcanine|Arcanine-Hisui, L50, F, shiny, tera:Fairy|100\/100\n|-ability|p2a: Arcanine|Intimidate|boost\n|-unboost|p1a: Tatsugiri|atk|1\n|-unboost|p1b: \u30d8\u30a4\u30e9\u30c3\u30b7\u30e3|atk|1\n|move|p2b: Chien-Pao|Icicle Crash|p1b: \u30d8\u30a4\u30e9\u30c3\u30b7\u30e3\n|-damage|p1b: \u30d8\u30a4\u30e9\u30c3\u30b7\u30e3|88\/100\n|move|p1b: \u30d8\u30a4\u30e9\u30c3\u30b7\u30e3|Order Up|p2a: Arcanine\n|-immune|p2a: Arcanine\n|\n|-heal|p1b: \u30d8\u30a4\u30e9\u30c3\u30b7\u30e3|94\/100|[from] item: Leftovers\n|-damage|p1a: Tatsugiri|95\/100 tox|[from] psn\n|upkeep\n|turn|4\n|\n|t:|1699992498\n|move|p2b: Chien-Pao|Crunch|p1b: \u30d8\u30a4\u30e9\u30c3\u30b7\u30e3\n|-resisted|p1b: \u30d8\u30a4\u30e9\u30c3\u30b7\u30e3\n|-damage|p1b: \u30d8\u30a4\u30e9\u30c3\u30b7\u30e3|90\/100\n|move|p2a: Arcanine|Flare Blitz|p1b: \u30d8\u30a4\u30e9\u30c3\u30b7\u30e3\n|-damage|p1b: \u30d8\u30a4\u30e9\u30c3\u30b7\u30e3|71\/100\n|-status|p1b: \u30d8\u30a4\u30e9\u30c3\u30b7\u30e3|brn\n|-damage|p2a: Arcanine|92\/100|[from] Recoil\n|move|p1b: \u30d8\u30a4\u30e9\u30c3\u30b7\u30e3|Curse|p1b: \u30d8\u30a4\u30e9\u30c3\u30b7\u30e3\n|-unboost|p1b: \u30d8\u30a4\u30e9\u30c3\u30b7\u30e3|spe|1\n|-boost|p1b: \u30d8\u30a4\u30e9\u30c3\u30b7\u30e3|atk|1\n|-boost|p1b: \u30d8\u30a4\u30e9\u30c3\u30b7\u30e3|def|1\n|\n|-heal|p1b: \u30d8\u30a4\u30e9\u30c3\u30b7\u30e3|77\/100 brn|[from] item: Leftovers\n|-damage|p1a: Tatsugiri|84\/100 tox|[from] psn\n|-damage|p1b: \u30d8\u30a4\u30e9\u30c3\u30b7\u30e3|71\/100 brn|[from] brn\n|upkeep\n|turn|5\n|\n|t:|1699992517\n|switch|p2a: Urshifu|Urshifu-Rapid-Strike, L50, F|100\/100\n|move|p2b: Chien-Pao|Crunch|p1b: \u30d8\u30a4\u30e9\u30c3\u30b7\u30e3\n|-resisted|p1b: \u30d8\u30a4\u30e9\u30c3\u30b7\u30e3\n|-damage|p1b: \u30d8\u30a4\u30e9\u30c3\u30b7\u30e3|68\/100 brn\n|move|p1b: \u30d8\u30a4\u30e9\u30c3\u30b7\u30e3|Wave Crash|p2a: Urshifu\n|-resisted|p2a: Urshifu\n|-damage|p2a: Urshifu|75\/100\n|-damage|p1b: \u30d8\u30a4\u30e9\u30c3\u30b7\u30e3|62\/100 brn|[from] Recoil\n|\n|-heal|p1b: \u30d8\u30a4\u30e9\u30c3\u30b7\u30e3|68\/100 brn|[from] item: Leftovers\n|-damage|p1a: Tatsugiri|67\/100 tox|[from] psn\n|-damage|p1b: \u30d8\u30a4\u30e9\u30c3\u30b7\u30e3|62\/100 brn|[from] brn\n|upkeep\n|turn|6\n|-message|ohbabyillkissu forfeited.\n|\n|win|Dryslide\n|raw|ohbabyillkissu's rating: 1191 &rarr; <strong>1171<\/strong><br \/>(-20 for losing)\n|raw|Dryslide's rating: 1260 &rarr; <strong>1280<\/strong><br \/>(+20 for winning)\n|l|\u2606ohbabyillkissu\n","uploadtime":1699992534,"views":15,"p1id":"ohbabyillkissu","p2id":"dryslide","formatid":"gen9vgc2023regulatione","rating":1171,"private":0,"password":""}