{"id":"gen9vgc2023regulatione-1995039407","p1":"Poemsti","p2":"PennyPennyPenPen","format":"[Gen 9] VGC 2023 Regulation E","log":"|j|\u2606Poemsti\n|j|\u2606PennyPennyPenPen\n|t:|1700516052\n|gametype|doubles\n|player|p1|Poemsti|101|1012\n|player|p2|PennyPennyPenPen|wattson|1017\n|teamsize|p1|6\n|teamsize|p2|6\n|gen|9\n|tier|[Gen 9] VGC 2023 Regulation E\n|rated|\n|rule|Species Clause: Limit one of each Pok\u00e9mon\n|rule|Item Clause: Limit one of each item\n|clearpoke\n|poke|p1|Grafaiai, L50, M|\n|poke|p1|Slaking, L50, F|\n|poke|p1|Toedscruel, L50, F|\n|poke|p1|Arcanine-Hisui, L50, F|\n|poke|p1|Masquerain, L50, M|\n|poke|p1|Samurott, L50, M|\n|poke|p2|Gengar, L50, M|\n|poke|p2|Clefable, L50, F|\n|poke|p2|Snorlax, L50, M|\n|poke|p2|Quagsire, L50, M|\n|poke|p2|Raichu, L50, M|\n|poke|p2|Quilladin, L50, M|\n|teampreview|4\nPennyPennyPenPen rejected open team sheets.\n|inactive|Battle timer is ON: inactive players will automatically lose when time's up. (requested by PennyPennyPenPen)\n|\n|t:|1700516102\n|start\n|switch|p1a: Grafaiai|Grafaiai, L50, M|100\/100\n|switch|p1b: Slaking|Slaking, L50, F, shiny|100\/100\n|switch|p2a: Zachery|Raichu, L50, M|100\/100\n|switch|p2b: Marissa|Clefable, L50, F|100\/100\n|turn|1\n|inactive|PennyPennyPenPen has 30 seconds left.\n|\n|t:|1700516128\n|move|p1a: Grafaiai|Doodle|p2a: Zachery\n|-endability|p1a: Grafaiai|Prankster|[from] move: Doodle\n|-ability|p1a: Grafaiai|Static|[from] move: Doodle\n|-endability|p1b: Slaking|Truant|[from] move: Doodle\n|-ability|p1b: Slaking|Static|[from] move: Doodle\n|move|p2a: Zachery|Dig||[still]\n|-prepare|p2a: Zachery|Dig\n|move|p1b: Slaking|Trailblaze|p2b: Marissa\n|-damage|p2b: Marissa|77\/100\n|-boost|p1b: Slaking|spe|1\n|move|p2b: Marissa|Moonblast|p1b: Slaking\n|-crit|p1b: Slaking\n|-damage|p1b: Slaking|56\/100\n|-unboost|p1b: Slaking|spa|1\n|\n|upkeep\n|turn|2\n|inactive|Poemsti has 30 seconds left.\n|\n|t:|1700516161\n|move|p1b: Slaking|Zen Headbutt|p2b: Marissa\n|-damage|p2b: Marissa|38\/100\n|move|p1a: Grafaiai|Swagger|p1b: Slaking|[miss]\n|-miss|p1a: Grafaiai|p1b: Slaking\n|move|p2a: Zachery|Dig|p1a: Grafaiai|[from]lockedmove\n|-supereffective|p1a: Grafaiai\n|-damage|p1a: Grafaiai|43\/100\n|move|p2b: Marissa|Metronome|p2b: Marissa\n|move|p2b: Marissa|Throat Chop|p1b: Slaking|[from]move: Metronome\n|-damage|p1b: Slaking|41\/100\n|-start|p1b: Slaking|Throat Chop|[silent]\n|\n|upkeep\n|turn|3\n|inactive|PennyPennyPenPen has 30 seconds left.\n|\n|t:|1700516188\n|move|p1b: Slaking|Giga Impact|p2b: Marissa\n|-damage|p2b: Marissa|0 fnt\n|-mustrecharge|p1b: Slaking\n|faint|p2b: Marissa\n|move|p1a: Grafaiai|Swagger|p1b: Slaking\n|-boost|p1b: Slaking|atk|2\n|-start|p1b: Slaking|confusion\n|move|p2a: Zachery|Dig||[still]\n|-prepare|p2a: Zachery|Dig\n|\n|-end|p1b: Slaking|Throat Chop|[silent]\n|upkeep\n|\n|t:|1700516197\n|switch|p2b: Christopher|Quagsire, L50, M|100\/100\n|turn|4\n|\n|t:|1700516213\n|-terastallize|p1a: Grafaiai|Flying\n|cant|p1b: Slaking|recharge\n|move|p1a: Grafaiai|Super Fang|p2b: Christopher\n|-damage|p2b: Christopher|50\/100\n|move|p2a: Zachery|Dig|p1a: Grafaiai|[from]lockedmove\n|-immune|p1a: Grafaiai\n|move|p2b: Christopher|Stomping Tantrum|p1b: Slaking\n|-crit|p1b: Slaking\n|-damage|p1b: Slaking|13\/100\n|\n|upkeep\n|turn|5\n|inactive|Poemsti has 30 seconds left.\n|\n|t:|1700516246\n|-activate|p1b: Slaking|confusion\n|-damage|p1b: Slaking|0 fnt|[from] confusion\n|faint|p1b: Slaking\n|move|p1a: Grafaiai|Shadow Claw|p2b: Christopher\n|-damage|p2b: Christopher|32\/100\n|move|p2a: Zachery|Thunderbolt|p1a: Grafaiai\n|-supereffective|p1a: Grafaiai\n|-crit|p1a: Grafaiai\n|-damage|p1a: Grafaiai|0 fnt\n|faint|p1a: Grafaiai\n|move|p2b: Christopher|Waterfall|p1: Grafaiai|[notarget]\n|-fail|p2b: Christopher\n|\n|upkeep\n|\n|t:|1700516257\n|switch|p1a: Toedscruel|Toedscruel, L50, F|100\/100\n|switch|p1b: Samurott|Samurott, L50, M|100\/100\n|turn|6\n|\n|t:|1700516276\n|move|p1a: Toedscruel|Rage Powder|p1a: Toedscruel\n|-singleturn|p1a: Toedscruel|move: Rage Powder\n|move|p2a: Zachery|Thunderbolt|p1a: Toedscruel\n|-immune|p1a: Toedscruel\n|move|p1b: Samurott|Focus Energy|p1b: Samurott\n|-start|p1b: Samurott|move: Focus Energy\n|move|p2b: Christopher|Ice Beam|p1a: Toedscruel\n|-supereffective|p1a: Toedscruel\n|-damage|p1a: Toedscruel|45\/100\n|-status|p1a: Toedscruel|frz\n|\n|upkeep\n|turn|7\n|\n|t:|1700516300\n|move|p2a: Zachery|Thunderbolt|p1b: Samurott\n|-supereffective|p1b: Samurott\n|-damage|p1b: Samurott|11\/100\n|-status|p1b: Samurott|par\n|cant|p1a: Toedscruel|frz\n|move|p2b: Christopher|Ice Beam|p1a: Toedscruel\n|-supereffective|p1a: Toedscruel\n|-damage|p1a: Toedscruel|0 fnt\n|faint|p1a: Toedscruel\n|move|p1b: Samurott|Surf|p2a: Zachery|[spread] p2a\n|-heal|p2b: Christopher|57\/100|[from] ability: Water Absorb|[of] p1b: Samurott\n|-crit|p2a: Zachery\n|-damage|p2a: Zachery|0 fnt\n|faint|p2a: Zachery\n|-damage|p1b: Samurott|1\/100 par|[from] item: Life Orb\n|\n|upkeep\n|\n|t:|1700516314\n|switch|p2a: Sammy|Snorlax, L50, M|100\/100\n|turn|8\n|\n|t:|1700516324\n|-terastallize|p2a: Sammy|Normal\n|move|p2b: Christopher|Stomping Tantrum|p1b: Samurott\n|-damage|p1b: Samurott|0 fnt\n|faint|p1b: Samurott\n|\n|win|PennyPennyPenPen\n|raw|Poemsti's rating: 1012 &rarr; <strong>1000<\/strong><br \/>(-12 for losing)\n|raw|PennyPennyPenPen's rating: 1017 &rarr; <strong>1054<\/strong><br \/>(+37 for winning)\n|l|\u2606Poemsti\n|c|\u2606PennyPennyPenPen|Wooooo!!\n|c|\u2606PennyPennyPenPen|Good games!\n","uploadtime":1700516353,"views":11,"p1id":"poemsti","p2id":"pennypennypenpen","formatid":"gen9vgc2023regulatione","rating":1000,"private":0,"password":""}