{"id":"gen9vgc2023regulatione-1994914761","p1":"TapedCrusader","p2":"Zinferno","format":"[Gen 9] VGC 2023 Regulation E","log":"|j|\u2606TapedCrusader\n|j|\u2606Zinferno\n|t:|1700504269\n|gametype|doubles\n|player|p1|TapedCrusader|blue|1130\n|player|p2|Zinferno|101|1097\n|teamsize|p1|6\n|teamsize|p2|6\n|gen|9\n|tier|[Gen 9] VGC 2023 Regulation E\n|rated|\n|rule|Species Clause: Limit one of each Pok\u00e9mon\n|rule|Item Clause: Limit one of each item\n|clearpoke\n|poke|p1|Iron Hands, L50|\n|poke|p1|Urshifu-*, L50, F|\n|poke|p1|Tornadus, L50, M|\n|poke|p1|Gholdengo, L50|\n|poke|p1|Amoonguss, L50, M|\n|poke|p1|Arcanine-Hisui, L50, M|\n|poke|p2|Ogerpon-Hearthflame, L50, F|\n|poke|p2|Landorus-Therian, L50, M|\n|poke|p2|Rillaboom, L50, M|\n|poke|p2|Flutter Mane, L50|\n|poke|p2|Urshifu-*, L50, M|\n|poke|p2|Heatran, L50, F|\n|teampreview|4\n|inactive|Battle timer is ON: inactive players will automatically lose when time's up. (requested by TapedCrusader)\n|\n|t:|1700504297\n|start\n|switch|p1a: Tornadus|Tornadus, L50, M|100\/100\n|switch|p1b: Urshifu|Urshifu-Rapid-Strike, L50, F|100\/100\n|switch|p2a: Rillaboom|Rillaboom, L50, M|100\/100\n|switch|p2b: Flutter Mane|Flutter Mane, L50|100\/100\n|-fieldstart|move: Grassy Terrain|[from] ability: Grassy Surge|[of] p2a: Rillaboom\n|turn|1\n|inactive|TapedCrusader has 30 seconds left.\n|\n|t:|1700504326\n|switch|p1b: Arcanine|Arcanine-Hisui, L50, M|100\/100\n|-ability|p1b: Arcanine|Intimidate|boost\n|-unboost|p2a: Rillaboom|atk|1\n|-unboost|p2b: Flutter Mane|atk|1\n|move|p2a: Rillaboom|Fake Out|p1b: Arcanine\n|-resisted|p1b: Arcanine\n|-damage|p1b: Arcanine|94\/100\n|move|p1a: Tornadus|Tailwind|p1a: Tornadus\n|-sidestart|p1: TapedCrusader|move: Tailwind\n|move|p2b: Flutter Mane|Icy Wind|p1b: Arcanine|[spread] p1a,p1b\n|-supereffective|p1a: Tornadus\n|-resisted|p1b: Arcanine\n|-damage|p1a: Tornadus|65\/100\n|-damage|p1b: Arcanine|85\/100\n|-unboost|p1b: Arcanine|spe|1\n|\n|-heal|p1b: Arcanine|91\/100|[from] Grassy Terrain\n|upkeep\n|turn|2\n|inactive|TapedCrusader has 30 seconds left.\n|inactive|Zinferno has 30 seconds left.\n|inactive|TapedCrusader has 20 seconds left.\n|inactive|Zinferno has 20 seconds left.\n|inactive|TapedCrusader has 15 seconds left.\n|inactive|Zinferno has 15 seconds left.\n|\n|t:|1700504367\n|switch|p2a: Heatran|Heatran, L50, F|100\/100\n|move|p1a: Tornadus|Leer|p2b: Flutter Mane|[spread] p2a,p2b\n|-unboost|p2a: Heatran|def|1\n|-unboost|p2b: Flutter Mane|def|1\n|move|p2b: Flutter Mane|Moonblast|p1a: Tornadus\n|-damage|p1a: Tornadus|6\/100\n|move|p1b: Arcanine|Rock Slide|p2b: Flutter Mane|[spread] p2a,p2b\n|-damage|p2a: Heatran|42\/100\n|-enditem|p2b: Flutter Mane|Focus Sash\n|-damage|p2b: Flutter Mane|1\/100\n|\n|-heal|p2b: Flutter Mane|7\/100|[from] Grassy Terrain\n|-heal|p1b: Arcanine|97\/100|[from] Grassy Terrain\n|-heal|p2a: Heatran|48\/100|[from] Grassy Terrain\n|-heal|p2a: Heatran|55\/100|[from] item: Leftovers\n|upkeep\n|turn|3\n|inactive|TapedCrusader has 30 seconds left.\n|inactive|Zinferno has 30 seconds left.\n|\n|t:|1700504395\n|-terastallize|p1b: Arcanine|Fairy\n|-terastallize|p2a: Heatran|Grass\n|move|p2b: Flutter Mane|Protect|p2b: Flutter Mane\n|-singleturn|p2b: Flutter Mane|Protect\n|move|p1a: Tornadus|Leer|p2b: Flutter Mane|[spread] p2a\n|-activate|p2b: Flutter Mane|move: Protect\n|-unboost|p2a: Heatran|def|1\n|move|p1b: Arcanine|Rock Slide|p2b: Flutter Mane|[spread] p2a\n|-activate|p2b: Flutter Mane|move: Protect\n|-damage|p2a: Heatran|0 fnt\n|faint|p2a: Heatran\n|\n|-heal|p2b: Flutter Mane|14\/100|[from] Grassy Terrain\n|-heal|p1b: Arcanine|100\/100|[from] Grassy Terrain\n|upkeep\n|\n|t:|1700504416\n|switch|p2a: Rillaboom|Rillaboom, L50, M|100\/100\n|turn|4\n|\n|t:|1700504433\n|switch|p1a: Amoonguss|Amoonguss, L50, M|100\/100\n|switch|p1b: Urshifu|Urshifu-Rapid-Strike, L50, F|100\/100\n|move|p2a: Rillaboom|Fake Out|p1a: Amoonguss\n|-damage|p1a: Amoonguss|90\/100\n|move|p2b: Flutter Mane|Shadow Ball|p1b: Urshifu\n|-damage|p1b: Urshifu|34\/100\n|\n|-heal|p1b: Urshifu|40\/100|[from] Grassy Terrain\n|-heal|p2b: Flutter Mane|20\/100|[from] Grassy Terrain\n|-heal|p1a: Amoonguss|96\/100|[from] Grassy Terrain\n|-sideend|p1: TapedCrusader|move: Tailwind\n|upkeep\n|turn|5\n|\n|t:|1700504457\n|switch|p1a: Arcanine|Arcanine-Hisui, L50, M, tera:Fairy|100\/100\n|-ability|p1a: Arcanine|Intimidate|boost\n|-unboost|p2a: Rillaboom|atk|1\n|-unboost|p2b: Flutter Mane|atk|1\n|move|p1b: Urshifu|Aqua Jet|p2b: Flutter Mane\n|-damage|p2b: Flutter Mane|0 fnt\n|faint|p2b: Flutter Mane\n|-end|p2b: Flutter Mane|Protosynthesis|[silent]\n|move|p2a: Rillaboom|U-turn|p1a: Arcanine\n|-resisted|p1a: Arcanine\n|-damage|p1a: Arcanine|90\/100\n|\n|t:|1700504464\n|switch|p2a: Landorus|Landorus-Therian, L50, M|100\/100|[from] U-turn\n|-ability|p2a: Landorus|Intimidate|boost\n|-unboost|p1a: Arcanine|atk|1\n|-unboost|p1b: Urshifu|atk|1\n|\n|-heal|p1b: Urshifu|46\/100|[from] Grassy Terrain\n|-heal|p1a: Arcanine|96\/100|[from] Grassy Terrain\n|-fieldend|move: Grassy Terrain\n|upkeep\n|\n|t:|1700504466\n|switch|p2b: Rillaboom|Rillaboom, L50, M|100\/100\n|-fieldstart|move: Grassy Terrain|[from] ability: Grassy Surge|[of] p2b: Rillaboom\n|turn|6\n|inactive|TapedCrusader has 30 seconds left.\n|\n|t:|1700504499\n|switch|p1a: Amoonguss|Amoonguss, L50, M|100\/100\n|move|p1b: Urshifu|Detect|p1b: Urshifu\n|-singleturn|p1b: Urshifu|Protect\n|move|p2b: Rillaboom|Grassy Glide|p1b: Urshifu\n|-activate|p1b: Urshifu|move: Protect\n|move|p2a: Landorus|Stomping Tantrum|p1a: Amoonguss\n|-damage|p1a: Amoonguss|67\/100\n|\n|-heal|p1b: Urshifu|52\/100|[from] Grassy Terrain\n|-heal|p1a: Amoonguss|73\/100|[from] Grassy Terrain\n|upkeep\n|turn|7\n|\n|t:|1700504521\n|switch|p1b: Arcanine|Arcanine-Hisui, L50, M, tera:Fairy|96\/100\n|-ability|p1b: Arcanine|Intimidate|boost\n|-unboost|p2a: Landorus|atk|1\n|-unboost|p2b: Rillaboom|atk|1\n|move|p2b: Rillaboom|Grassy Glide|p1b: Arcanine\n|-damage|p1b: Arcanine|62\/100\n|move|p2a: Landorus|Stomping Tantrum|p1a: Amoonguss\n|-damage|p1a: Amoonguss|54\/100\n|move|p1a: Amoonguss|Spore|p2a: Landorus\n|-status|p2a: Landorus|slp|[from] move: Spore\n|\n|-heal|p1b: Arcanine|68\/100|[from] Grassy Terrain\n|-heal|p1a: Amoonguss|60\/100|[from] Grassy Terrain\n|upkeep\n|turn|8\n|\n|t:|1700504543\n|move|p2b: Rillaboom|Grassy Glide|p1a: Amoonguss\n|-resisted|p1a: Amoonguss\n|-damage|p1a: Amoonguss|56\/100\n|cant|p2a: Landorus|slp\n|move|p1b: Arcanine|Flare Blitz|p2b: Rillaboom\n|-supereffective|p2b: Rillaboom\n|-damage|p2b: Rillaboom|0 fnt\n|faint|p2b: Rillaboom\n|-damage|p1b: Arcanine|31\/100|[from] Recoil\n|move|p1a: Amoonguss|Pollen Puff|p1b: Arcanine\n|-heal|p1b: Arcanine|81\/100\n|\n|-heal|p1b: Arcanine|87\/100|[from] Grassy Terrain\n|-heal|p1a: Amoonguss|61\/100|[from] Grassy Terrain\n|upkeep\n|turn|9\n|-message|Zinferno forfeited.\n|\n|win|TapedCrusader\n|raw|TapedCrusader's rating: 1130 &rarr; <strong>1153<\/strong><br \/>(+23 for winning)\n|raw|Zinferno's rating: 1097 &rarr; <strong>1075<\/strong><br \/>(-22 for losing)\n|l|\u2606Zinferno\n","uploadtime":1700504584,"views":5,"p1id":"tapedcrusader","p2id":"zinferno","formatid":"gen9vgc2023regulatione","rating":1075,"private":0,"password":""}