{"id":"gen9vgc2023regulatione-1995551743","p1":"lagodude","p2":"Lukappa_k117","format":"[Gen 9] VGC 2023 Regulation E","log":"|j|\u2606lagodude\n|j|\u2606Lukappa_k117\n|t:|1700582166\n|gametype|doubles\n|player|p1|lagodude|266|1142\n|player|p2|Lukappa_k117|ghetsis-gen5bw|1107\n|teamsize|p1|6\n|teamsize|p2|6\n|gen|9\n|tier|[Gen 9] VGC 2023 Regulation E\n|rated|\n|rule|Species Clause: Limit one of each Pok\u00e9mon\n|rule|Item Clause: Limit one of each item\n|clearpoke\n|poke|p1|Charizard, L50, F|\n|poke|p1|Sableye, L50, F|\n|poke|p1|Roaring Moon, L50|\n|poke|p1|Iron Hands, L50|\n|poke|p1|Gholdengo, L50|\n|poke|p1|Amoonguss, L50, F|\n|poke|p2|Leafeon, L50, F|\n|poke|p2|Torkoal, L50, M|\n|poke|p2|Klefki, L50, M|\n|poke|p2|Roaring Moon, L50|\n|poke|p2|Gyarados, L50, F|\n|poke|p2|Chien-Pao, L50|\n|teampreview|4\n|inactive|Battle timer is ON: inactive players will automatically lose when time's up. (requested by Lukappa_k117)\n|inactive|lagodude also wants the timer to be on.\n|inactive|lagodude has 60 seconds left.\n|\n|t:|1700582199\n|start\n|switch|p1a: Iron Hands|Iron Hands, L50|100\/100\n|switch|p1b: Gholdengo|Gholdengo, L50|100\/100\n|switch|p2a: Torkoal|Torkoal, L50, M|100\/100\n|switch|p2b: Roaring Moon|Roaring Moon, L50|100\/100\n|-weather|SunnyDay|[from] ability: Drought|[of] p2a: Torkoal\n|-activate|p2b: Roaring Moon|ability: Protosynthesis\n|-start|p2b: Roaring Moon|protosynthesisspe\n|turn|1\n|inactive|Lukappa_k117 has 30 seconds left.\n|\n|t:|1700582227\n|-terastallize|p1b: Gholdengo|Water\n|move|p1a: Iron Hands|Fake Out|p2b: Roaring Moon\n|-damage|p2b: Roaring Moon|81\/100\n|cant|p2b: Roaring Moon|flinch\n|move|p1b: Gholdengo|Power Gem|p2a: Torkoal\n|-supereffective|p2a: Torkoal\n|-crit|p2a: Torkoal\n|-damage|p2a: Torkoal|0 fnt\n|faint|p2a: Torkoal\n|\n|-weather|SunnyDay|[upkeep]\n|upkeep\n|\n|t:|1700582238\n|switch|p2a: Leafeon|Leafeon, L50, F|100\/100\n|turn|2\n|\n|t:|1700582257\n|switch|p1b: Sableye|Sableye, L50, F|100\/100\n|move|p2a: Leafeon|Swords Dance|p2a: Leafeon\n|-boost|p2a: Leafeon|atk|2\n|move|p2b: Roaring Moon|U-turn|p1a: Iron Hands\n|-resisted|p1a: Iron Hands\n|-damage|p1a: Iron Hands|88\/100\n|\n|t:|1700582264\n|-end|p2b: Roaring Moon|Protosynthesis|[silent]\n|switch|p2b: Gyarados|Gyarados, L50, F|100\/100|[from] U-turn\n|-ability|p2b: Gyarados|Intimidate|boost\n|-unboost|p1a: Iron Hands|atk|1\n|-unboost|p1b: Sableye|atk|1\n|move|p1a: Iron Hands|Drain Punch|p2b: Gyarados\n|-resisted|p2b: Gyarados\n|-damage|p2b: Gyarados|86\/100\n|-heal|p1a: Iron Hands|95\/100|[from] drain|[of] p2b: Gyarados\n|\n|-weather|SunnyDay|[upkeep]\n|upkeep\n|turn|3\n|\n|t:|1700582284\n|-terastallize|p2b: Gyarados|Ground\n|move|p2a: Leafeon|Protect|p2a: Leafeon\n|-singleturn|p2a: Leafeon|Protect\n|move|p1b: Sableye|Will-O-Wisp|p2a: Leafeon\n|-activate|p2a: Leafeon|move: Protect\n|move|p2b: Gyarados|Taunt|p1b: Sableye\n|-start|p1b: Sableye|move: Taunt\n|move|p1a: Iron Hands|Wild Charge|p2b: Gyarados\n|-immune|p2b: Gyarados\n|\n|-weather|SunnyDay|[upkeep]\n|upkeep\n|turn|4\n|\n|t:|1700582302\n|switch|p2b: Roaring Moon|Roaring Moon, L50|81\/100\n|-activate|p2b: Roaring Moon|ability: Protosynthesis\n|-start|p2b: Roaring Moon|protosynthesisspe\n|switch|p1b: Gholdengo|Gholdengo, L50, tera:Water|100\/100\n|move|p2a: Leafeon|Solar Blade||[still]\n|-prepare|p2a: Leafeon|Solar Blade\n|-anim|p2a: Leafeon|Solar Blade|p1b: Gholdengo\n|-supereffective|p1b: Gholdengo\n|-damage|p1b: Gholdengo|0 fnt\n|faint|p1b: Gholdengo\n|-damage|p2a: Leafeon|91\/100|[from] item: Life Orb\n|move|p1a: Iron Hands|Drain Punch|p2a: Leafeon\n|-damage|p2a: Leafeon|58\/100\n|-heal|p1a: Iron Hands|100\/100|[from] drain|[of] p2a: Leafeon\n|\n|-weather|SunnyDay|[upkeep]\n|upkeep\n|\n|t:|1700582319\n|switch|p1b: Charizard|Charizard, L50, F|100\/100\n|turn|5\n|\n|t:|1700582327\n|move|p2a: Leafeon|Solar Blade||[still]\n|-prepare|p2a: Leafeon|Solar Blade\n|-anim|p2a: Leafeon|Solar Blade|p1a: Iron Hands\n|-damage|p1a: Iron Hands|0 fnt\n|faint|p1a: Iron Hands\n|-end|p1a: Iron Hands|Quark Drive|[silent]\n|-damage|p2a: Leafeon|48\/100|[from] item: Life Orb\n|move|p2b: Roaring Moon|Rock Slide|p1b: Charizard\n|-supereffective|p1b: Charizard\n|-damage|p1b: Charizard|0 fnt\n|faint|p1b: Charizard\n|\n|-weather|none\n|-end|p2b: Roaring Moon|Protosynthesis\n|upkeep\n|-message|lagodude forfeited.\n|\n|win|Lukappa_k117\n|raw|lagodude's rating: 1142 &rarr; <strong>1114<\/strong><br \/>(-28 for losing)\n|raw|Lukappa_k117's rating: 1107 &rarr; <strong>1135<\/strong><br \/>(+28 for winning)\n|l|\u2606lagodude\n|j|+Corthius\n|l|+Corthius\n","uploadtime":1700582340,"views":1,"p1id":"lagodude","p2id":"lukappak117","formatid":"gen9vgc2023regulatione","rating":1114,"private":0,"password":""}