{"id":"gen9vgc2023regulatione-1991442230","p1":"previouslyunnamed","p2":"kojiminori1","format":"[Gen 9] VGC 2023 Regulation E","log":"|j|\u2606previouslyunnamed\n|j|\u2606kojiminori1\n|t:|1700077445\n|gametype|doubles\n|player|p1|previouslyunnamed|ryuki|1692\n|player|p2|kojiminori1|265|1782\n|teamsize|p1|6\n|teamsize|p2|6\n|gen|9\n|tier|[Gen 9] VGC 2023 Regulation E\n|rated|\n|rule|Species Clause: Limit one of each Pok\u00e9mon\n|rule|Item Clause: Limit one of each item\n|clearpoke\n|poke|p1|Iron Hands, L50|\n|poke|p1|Landorus-Therian, L50, M|\n|poke|p1|Chi-Yu, L50|\n|poke|p1|Flutter Mane, L50|\n|poke|p1|Cresselia, L50, F|\n|poke|p1|Amoonguss, L50, M|\n|poke|p2|Iron Bundle, L50|\n|poke|p2|Regieleki, L50|\n|poke|p2|Urshifu-*, L50, M|\n|poke|p2|Ogerpon-Hearthflame, L50, F|\n|poke|p2|Rillaboom, L50, F|\n|poke|p2|Landorus, L50, M|\n|teampreview|4\n|inactive|Battle timer is ON: inactive players will automatically lose when time's up. (requested by kojiminori1)\n|inactive|previouslyunnamed also wants the timer to be on.\npreviouslyunnamed has agreed to open team sheets.\n|c|\u2606previouslyunnamed|yo its u\n|c|\u2606previouslyunnamed|lol\n|c|\u2606previouslyunnamed|gl\n|inactive|kojiminori1 has 60 seconds left.\n|\n|t:|1700077476\n|start\n|switch|p1a: Cresselia|Cresselia, L50, F|100\/100\n|switch|p1b: Iron Hands|Iron Hands, L50|100\/100\n|switch|p2a: Landorus|Landorus, L50, M|100\/100\n|switch|p2b: Iron Bundle|Iron Bundle, L50|100\/100\n|-enditem|p2b: Iron Bundle|Booster Energy\n|-activate|p2b: Iron Bundle|ability: Quark Drive|[fromitem]\n|-start|p2b: Iron Bundle|quarkdrivespe\n|turn|1\n|inactive|kojiminori1 has 30 seconds left.\n|\n|t:|1700077502\n|-terastallize|p1b: Iron Hands|Water\n|move|p2b: Iron Bundle|Encore||[still]\n|-fail|p2b: Iron Bundle\n|move|p2a: Landorus|Earth Power|p1b: Iron Hands\n|-damage|p1b: Iron Hands|55\/100\n|move|p1b: Iron Hands|Wild Charge|p2b: Iron Bundle\n|-supereffective|p2b: Iron Bundle\n|-damage|p2b: Iron Bundle|0 fnt\n|faint|p2b: Iron Bundle\n|-end|p2b: Iron Bundle|Quark Drive|[silent]\n|-damage|p1b: Iron Hands|42\/100|[from] Recoil\n|move|p1a: Cresselia|Trick Room|p1a: Cresselia\n|-fieldstart|move: Trick Room|[of] p1a: Cresselia\n|\n|upkeep\n|\n|t:|1700077518\n|switch|p2b: Ogerpon|Ogerpon-Hearthflame, L50, F|100\/100\n|-ability|p2b: Ogerpon|Mold Breaker\n|turn|2\n|\n|t:|1700077527\n|move|p2b: Ogerpon|Spiky Shield|p2b: Ogerpon\n|-singleturn|p2b: Ogerpon|move: Protect\n|move|p1b: Iron Hands|Drain Punch|p2b: Ogerpon\n|-activate|p2b: Ogerpon|move: Protect\n|-damage|p1b: Iron Hands|29\/100|[from] Spiky Shield|[of] p2b: Ogerpon\n|move|p1a: Cresselia|Ice Beam|p2a: Landorus\n|-supereffective|p2a: Landorus\n|-damage|p2a: Landorus|5\/100\n|move|p2a: Landorus|Earth Power|p1b: Iron Hands\n|-damage|p1b: Iron Hands|0 fnt\n|faint|p1b: Iron Hands\n|-end|p1b: Iron Hands|Quark Drive|[silent]\n|\n|upkeep\n|\n|t:|1700077534\n|switch|p1b: Chi-Yu|Chi-Yu, L50|100\/100\n|-ability|p1b: Chi-Yu|Beads of Ruin\n|turn|3\n|inactive|kojiminori1 has 30 seconds left.\n|\n|t:|1700077562\n|-terastallize|p2b: Ogerpon|Fire\n|detailschange|p2b: Ogerpon|Ogerpon-Hearthflame-Tera, L50, F, tera:Fire\n|-ability|p2b: Ogerpon|Embody Aspect (Hearthflame)|boost\n|-boost|p2b: Ogerpon|atk|1\n|move|p2a: Landorus|Protect|p2a: Landorus\n|-singleturn|p2a: Landorus|Protect\n|move|p1a: Cresselia|Psychic|p2a: Landorus\n|-activate|p2a: Landorus|move: Protect\n|move|p2b: Ogerpon|Ivy Cudgel|p1b: Chi-Yu|[anim] Ivy Cudgel Fire\n|-resisted|p1b: Chi-Yu\n|-damage|p1b: Chi-Yu|16\/100\n|move|p1b: Chi-Yu|Dark Pulse|p2b: Ogerpon\n|-crit|p2b: Ogerpon\n|-damage|p2b: Ogerpon|0 fnt\n|faint|p2b: Ogerpon\n|\n|upkeep\n|j| neusrel\n|\n|t:|1700077579\n|switch|p2b: Urshifu|Urshifu, L50, M|100\/100\n|turn|4\n|\n|t:|1700077599\n|switch|p1b: Amoonguss|Amoonguss, L50, M, shiny|100\/100\n|move|p2a: Landorus|Protect||[still]\n|-fail|p2a: Landorus\n|move|p1a: Cresselia|Psychic|p2a: Landorus\n|-damage|p2a: Landorus|0 fnt\n|faint|p2a: Landorus\n|move|p2b: Urshifu|Wicked Blow|p1b: Amoonguss\n|-crit|p1b: Amoonguss\n|-damage|p1b: Amoonguss|43\/100\n|-enditem|p1b: Amoonguss|Sitrus Berry|[eat]\n|-heal|p1b: Amoonguss|68\/100|[from] item: Sitrus Berry\n|\n|upkeep\n|turn|5\n|\n|t:|1700077614\n|move|p2b: Urshifu|Detect|p2b: Urshifu\n|-singleturn|p2b: Urshifu|Protect\n|move|p1b: Amoonguss|Spore|p2b: Urshifu\n|-activate|p2b: Urshifu|move: Protect\n|move|p1a: Cresselia|Lunar Blessing|p1a: Cresselia|[spread] p1a,p1b\n|-heal|p1b: Amoonguss|93\/100\n|\n|-fieldend|move: Trick Room\n|upkeep\n|turn|6\n|\n|t:|1700077626\n|move|p2b: Urshifu|Wicked Blow|p1b: Amoonguss\n|-crit|p1b: Amoonguss\n|-damage|p1b: Amoonguss|39\/100\n|move|p1a: Cresselia|Ice Beam|p2b: Urshifu\n|-damage|p2b: Urshifu|74\/100\n|move|p1b: Amoonguss|Spore|p2b: Urshifu\n|-status|p2b: Urshifu|slp|[from] move: Spore\n|\n|upkeep\n|turn|7\n|\n|t:|1700077636\n|cant|p2b: Urshifu|slp\n|move|p1a: Cresselia|Lunar Blessing|p1a: Cresselia|[spread] p1a,p1b\n|-heal|p1b: Amoonguss|64\/100\n|move|p1b: Amoonguss|Pollen Puff|p2b: Urshifu\n|-damage|p2b: Urshifu|45\/100 slp\n|\n|upkeep\n|turn|8\n|\n|t:|1700077648\n|-curestatus|p2b: Urshifu|slp|[msg]\n|move|p2b: Urshifu|Wicked Blow|p1b: Amoonguss\n|-crit|p1b: Amoonguss\n|-damage|p1b: Amoonguss|6\/100\n|move|p1a: Cresselia|Ice Beam|p2b: Urshifu\n|-damage|p2b: Urshifu|18\/100\n|move|p1b: Amoonguss|Pollen Puff|p2b: Urshifu\n|-damage|p2b: Urshifu|0 fnt\n|faint|p2b: Urshifu\n|\n|win|previouslyunnamed\n|raw|previouslyunnamed's rating: 1692 &rarr; <strong>1717<\/strong><br \/>(+25 for winning)\n|raw|kojiminori1's rating: 1782 &rarr; <strong>1757<\/strong><br \/>(-25 for losing)\n|l|\u2606kojiminori1\n","uploadtime":1700077661,"views":25,"p1id":"previouslyunnamed","p2id":"kojiminori1","formatid":"gen9vgc2023regulatione","rating":1717,"private":0,"password":""}