{"id":"gen9vgc2023regulatione-1999896778","p1":"Pyrus 1045","p2":"threemusca","format":"[Gen 9] VGC 2023 Regulation E","log":"|j|\u2606Pyrus 1045\n|j|\u2606threemusca\n|t:|1701127523\n|gametype|doubles\n|player|p1|Pyrus 1045|2|1175\n|player|p2|threemusca|1|1125\n|teamsize|p1|6\n|teamsize|p2|6\n|gen|9\n|tier|[Gen 9] VGC 2023 Regulation E\n|rated|\n|rule|Species Clause: Limit one of each Pok\u00e9mon\n|rule|Item Clause: Limit one of each item\n|clearpoke\n|poke|p1|Arcanine-Hisui, L50, F|\n|poke|p1|Ogerpon-Wellspring, L50, F|\n|poke|p1|Tornadus, L50, M|\n|poke|p1|Flutter Mane, L50|\n|poke|p1|Ursaluna-Bloodmoon, L50, M|\n|poke|p1|Iron Hands, L50|\n|poke|p2|Arcanine-Hisui, L50, M|\n|poke|p2|Gholdengo, L50|\n|poke|p2|Sinistcha, L50|\n|poke|p2|Ogerpon-Wellspring, L50, F|\n|poke|p2|Clefairy, L50, M|\n|poke|p2|Snorlax, L50, M|\n|teampreview|4\n|inactive|Battle timer is ON: inactive players will automatically lose when time's up. (requested by threemusca)\n|\n|t:|1701127553\n|start\n|switch|p1a: Tornadus|Tornadus, L50, M|100\/100\n|switch|p1b: Arcanine|Arcanine-Hisui, L50, F|100\/100\n|switch|p2a: Clefairy|Clefairy, L50, M, shiny|100\/100\n|switch|p2b: Snorlax|Snorlax, L50, M, shiny|100\/100\n|-ability|p1b: Arcanine|Intimidate|boost\n|-unboost|p2a: Clefairy|atk|1\n|-unboost|p2b: Snorlax|atk|1\n|turn|1\n|\n|t:|1701127574\n|move|p2a: Clefairy|Follow Me|p2a: Clefairy\n|-singleturn|p2a: Clefairy|move: Follow Me\n|move|p1a: Tornadus|Taunt|p2a: Clefairy\n|-start|p2a: Clefairy|move: Taunt\n|move|p1b: Arcanine|Flare Blitz|p2a: Clefairy\n|-damage|p2a: Clefairy|42\/100\n|-status|p2a: Clefairy|brn\n|-damage|p1b: Arcanine|80\/100|[from] Recoil\n|move|p2b: Snorlax|Belly Drum|p2b: Snorlax\n|-damage|p2b: Snorlax|50\/100\n|-setboost|p2b: Snorlax|atk|6|[from] move: Belly Drum\n|-enditem|p2b: Snorlax|Sitrus Berry|[eat]\n|-heal|p2b: Snorlax|75\/100|[from] item: Sitrus Berry\n|\n|-damage|p2a: Clefairy|36\/100 brn|[from] brn\n|upkeep\n|turn|2\n|inactive|threemusca has 30 seconds left.\n|\n|t:|1701127599\n|move|p1b: Arcanine|Protect|p1b: Arcanine\n|-singleturn|p1b: Arcanine|Protect\n|move|p1a: Tornadus|Tailwind|p1a: Tornadus\n|-sidestart|p1: Pyrus 1045|move: Tailwind\n|move|p2a: Clefairy|Moonblast|p1a: Tornadus\n|-damage|p1a: Tornadus|81\/100\n|move|p2b: Snorlax|High Horsepower|p1b: Arcanine\n|-activate|p1b: Arcanine|move: Protect\n|\n|-damage|p2a: Clefairy|30\/100 brn|[from] brn\n|upkeep\n|turn|3\n|\n|t:|1701127619\n|move|p2b: Snorlax|Protect|p2b: Snorlax\n|-singleturn|p2b: Snorlax|Protect\n|move|p1a: Tornadus|Sunny Day|p1a: Tornadus\n|-weather|SunnyDay\n|move|p1b: Arcanine|Flare Blitz|p2b: Snorlax\n|-activate|p2b: Snorlax|move: Protect\n|move|p2a: Clefairy|Moonblast|p1a: Tornadus\n|-damage|p1a: Tornadus|62\/100\n|\n|-weather|SunnyDay|[upkeep]\n|-damage|p2a: Clefairy|24\/100 brn|[from] brn\n|upkeep\n|turn|4\n|\n|t:|1701127643\n|move|p1b: Arcanine|Protect|p1b: Arcanine\n|-singleturn|p1b: Arcanine|Protect\n|move|p1a: Tornadus|Bleakwind Storm|p2b: Snorlax|[spread] p2a,p2b\n|-damage|p2a: Clefairy|1\/100 brn\n|-damage|p2b: Snorlax|61\/100\n|move|p2a: Clefairy|Moonblast|p1a: Tornadus\n|-damage|p1a: Tornadus|44\/100\n|move|p2b: Snorlax|High Horsepower|p1b: Arcanine\n|-activate|p1b: Arcanine|move: Protect\n|\n|-weather|SunnyDay|[upkeep]\n|-damage|p2a: Clefairy|0 fnt|[from] brn\n|faint|p2a: Clefairy\n|upkeep\n|\n|t:|1701127647\n|switch|p2a: Sinistcha|Sinistcha, L50, shiny|100\/100\n|-heal|p2b: Snorlax|86\/100|[from] ability: Hospitality|[of] p2a: Sinistcha\n|turn|5\n|\n|t:|1701127667\n|switch|p1b: Flutter Mane|Flutter Mane, L50|100\/100\n|-activate|p1b: Flutter Mane|ability: Protosynthesis\n|-start|p1b: Flutter Mane|protosynthesisspe\n|-terastallize|p2a: Sinistcha|Fire\n|move|p2a: Sinistcha|Rage Powder|p2a: Sinistcha\n|-singleturn|p2a: Sinistcha|move: Rage Powder\n|move|p1a: Tornadus|Taunt|p2a: Sinistcha\n|-start|p2a: Sinistcha|move: Taunt\n|move|p2b: Snorlax|High Horsepower|p1b: Flutter Mane\n|-damage|p1b: Flutter Mane|0 fnt\n|faint|p1b: Flutter Mane\n|-end|p1b: Flutter Mane|Protosynthesis|[silent]\n|\n|-weather|SunnyDay|[upkeep]\n|-sideend|p1: Pyrus 1045|move: Tailwind\n|upkeep\n|\n|t:|1701127678\n|switch|p1b: Arcanine|Arcanine-Hisui, L50, F|80\/100\n|-ability|p1b: Arcanine|Intimidate|boost\n|-unboost|p2a: Sinistcha|atk|1\n|-unboost|p2b: Snorlax|atk|1\n|turn|6\n|\n|t:|1701127693\n|switch|p2a: Ogerpon|Ogerpon-Wellspring, L50, F|100\/100\n|move|p2b: Snorlax|Protect|p2b: Snorlax\n|-singleturn|p2b: Snorlax|Protect\n|move|p1a: Tornadus|Tailwind|p1a: Tornadus\n|-sidestart|p1: Pyrus 1045|move: Tailwind\n|move|p1b: Arcanine|Flare Blitz|p2b: Snorlax\n|-activate|p2b: Snorlax|move: Protect\n|\n|-weather|SunnyDay|[upkeep]\n|upkeep\n|turn|7\n|\n|t:|1701127712\n|move|p1b: Arcanine|Flare Blitz|p2b: Snorlax\n|-damage|p2b: Snorlax|55\/100\n|-damage|p1b: Arcanine|66\/100|[from] Recoil\n|move|p1a: Tornadus|Bleakwind Storm|p2a: Ogerpon|[spread] p2a\n|-miss|p1a: Tornadus|p2b: Snorlax\n|-supereffective|p2a: Ogerpon\n|-damage|p2a: Ogerpon|46\/100\n|-unboost|p2a: Ogerpon|spe|1\n|move|p2a: Ogerpon|Ivy Cudgel|p1b: Arcanine|[anim] Ivy Cudgel Water\n|-supereffective|p1b: Arcanine\n|-crit|p1b: Arcanine\n|-damage|p1b: Arcanine|0 fnt\n|faint|p1b: Arcanine\n|move|p2b: Snorlax|Facade|p1a: Tornadus\n|-damage|p1a: Tornadus|0 fnt\n|faint|p1a: Tornadus\n|\n|-weather|none\n|upkeep\n|\n|t:|1701127724\n|switch|p1b: Iron Hands|Iron Hands, L50|100\/100\n|turn|8\n|\n|t:|1701127730\n|move|p2a: Ogerpon|Spiky Shield|p2a: Ogerpon\n|-singleturn|p2a: Ogerpon|move: Protect\n|move|p2b: Snorlax|Protect|p2b: Snorlax\n|-singleturn|p2b: Snorlax|Protect\n|move|p1b: Iron Hands|Fake Out|p2a: Ogerpon\n|-activate|p2a: Ogerpon|move: Protect\n|-damage|p1b: Iron Hands|88\/100|[from] Spiky Shield|[of] p2a: Ogerpon\n|\n|upkeep\n|turn|9\n|\n|t:|1701127747\n|-terastallize|p1b: Iron Hands|Grass\n|move|p1b: Iron Hands|Drain Punch|p2b: Snorlax\n|-supereffective|p2b: Snorlax\n|-damage|p2b: Snorlax|0 fnt\n|-heal|p1b: Iron Hands|100\/100|[from] drain|[of] p2b: Snorlax\n|faint|p2b: Snorlax\n|move|p2a: Ogerpon|Encore|p1b: Iron Hands\n|-start|p1b: Iron Hands|Encore\n|\n|-sideend|p1: Pyrus 1045|move: Tailwind\n|upkeep\n|\n|t:|1701127754\n|switch|p2b: Sinistcha|Sinistcha, L50, shiny, tera:Fire|100\/100\n|-heal|p2a: Ogerpon|71\/100|[from] ability: Hospitality|[of] p2b: Sinistcha\n|turn|10\n|inactive|threemusca has 30 seconds left.\n|inactive|threemusca has 20 seconds left.\n|\n|t:|1701127794\n|move|p2a: Ogerpon|Spiky Shield|p2a: Ogerpon\n|-singleturn|p2a: Ogerpon|move: Protect\n|move|p1b: Iron Hands|Drain Punch|p2b: Sinistcha\n|-damage|p2b: Sinistcha|64\/100\n|-damage|p1b: Iron Hands|84\/100|[from] item: Rocky Helmet|[of] p2b: Sinistcha\n|move|p2b: Sinistcha|Trick Room|p2b: Sinistcha\n|-fieldstart|move: Trick Room|[of] p2b: Sinistcha\n|\n|upkeep\n|turn|11\n|\n|t:|1701127814\n|move|p1b: Iron Hands|Drain Punch|p2a: Ogerpon\n|-damage|p2a: Ogerpon|25\/100\n|-heal|p1b: Iron Hands|100\/100|[from] drain|[of] p2a: Ogerpon\n|move|p2a: Ogerpon|Ivy Cudgel|p1b: Iron Hands|[anim] Ivy Cudgel Water\n|-resisted|p1b: Iron Hands\n|-damage|p1b: Iron Hands|83\/100\n|move|p2b: Sinistcha|Strength Sap|p1b: Iron Hands\n|-unboost|p1b: Iron Hands|atk|1\n|-heal|p2b: Sinistcha|100\/100\n|\n|upkeep\n|turn|12\n|\n|t:|1701127827\n|move|p2a: Ogerpon|Spiky Shield|p2a: Ogerpon\n|-singleturn|p2a: Ogerpon|move: Protect\n|move|p1b: Iron Hands|Drain Punch|p2b: Sinistcha\n|-damage|p2b: Sinistcha|73\/100\n|-heal|p1b: Iron Hands|92\/100|[from] drain|[of] p2b: Sinistcha\n|-damage|p1b: Iron Hands|76\/100|[from] item: Rocky Helmet|[of] p2b: Sinistcha\n|move|p2b: Sinistcha|Strength Sap|p1b: Iron Hands\n|-unboost|p1b: Iron Hands|atk|1\n|-heal|p2b: Sinistcha|100\/100\n|\n|-end|p1b: Iron Hands|Encore\n|upkeep\n|turn|13\n|\n|t:|1701127843\n|move|p1b: Iron Hands|Wild Charge|p2a: Ogerpon\n|-damage|p2a: Ogerpon|0 fnt\n|faint|p2a: Ogerpon\n|-damage|p1b: Iron Hands|71\/100|[from] Recoil\n|move|p2b: Sinistcha|Strength Sap|p1b: Iron Hands\n|-unboost|p1b: Iron Hands|atk|1\n|\n|upkeep\n|turn|14\n|\n|t:|1701127853\n|move|p1b: Iron Hands|Heavy Slam|p2b: Sinistcha\n|-resisted|p2b: Sinistcha\n|-damage|p2b: Sinistcha|92\/100\n|-damage|p1b: Iron Hands|55\/100|[from] item: Rocky Helmet|[of] p2b: Sinistcha\n|move|p2b: Sinistcha|Matcha Gotcha|p1b: Iron Hands\n|-resisted|p1b: Iron Hands\n|-damage|p1b: Iron Hands|46\/100\n|-heal|p2b: Sinistcha|99\/100|[from] drain|[of] p1b: Iron Hands\n|\n|-fieldend|move: Trick Room\n|upkeep\n|turn|15\n|\n|t:|1701127863\n|move|p2b: Sinistcha|Matcha Gotcha|p1b: Iron Hands\n|-resisted|p1b: Iron Hands\n|-damage|p1b: Iron Hands|35\/100\n|-heal|p2b: Sinistcha|100\/100|[from] drain|[of] p1b: Iron Hands\n|-status|p1b: Iron Hands|brn\n|move|p1b: Iron Hands|Drain Punch|p2b: Sinistcha\n|-damage|p2b: Sinistcha|92\/100\n|-heal|p1b: Iron Hands|38\/100 brn|[from] drain|[of] p2b: Sinistcha\n|-damage|p1b: Iron Hands|22\/100 brn|[from] item: Rocky Helmet|[of] p2b: Sinistcha\n|\n|-damage|p1b: Iron Hands|16\/100 brn|[from] brn\n|upkeep\n|turn|16\n|c|\u2606threemusca|gg lmao\n|\n|t:|1701127877\n|move|p2b: Sinistcha|Matcha Gotcha|p1b: Iron Hands|[miss]\n|-miss|p2b: Sinistcha|p1b: Iron Hands\n|move|p1b: Iron Hands|Drain Punch|p2b: Sinistcha\n|-damage|p2b: Sinistcha|85\/100\n|-heal|p1b: Iron Hands|18\/100 brn|[from] drain|[of] p2b: Sinistcha\n|-damage|p1b: Iron Hands|2\/100 brn|[from] item: Rocky Helmet|[of] p2b: Sinistcha\n|\n|-damage|p1b: Iron Hands|0 fnt|[from] brn\n|faint|p1b: Iron Hands\n|-end|p1b: Iron Hands|Quark Drive|[silent]\n|\n|win|threemusca\n|upkeep\n|raw|Pyrus 1045's rating: 1175 &rarr; <strong>1146<\/strong><br \/>(-29 for losing)\n|raw|threemusca's rating: 1125 &rarr; <strong>1154<\/strong><br \/>(+29 for winning)\n","uploadtime":1701127891,"views":18,"p1id":"pyrus1045","p2id":"threemusca","formatid":"gen9vgc2023regulatione","rating":1146,"private":0,"password":""}