{"id":"gen9vgc2023regulatione-1993259359","p1":"MangKasbor","p2":"kavonpokebros","format":"[Gen 9] VGC 2023 Regulation E","log":"|j|\u2606MangKasbor\n|j|\u2606kavonpokebros\n|t:|1700285711\n|gametype|doubles\n|player|p1|MangKasbor|worker-gen4|1204\n|player|p2|kavonpokebros|worker-gen4|1166\n|teamsize|p1|6\n|teamsize|p2|6\n|gen|9\n|tier|[Gen 9] VGC 2023 Regulation E\n|rated|\n|rule|Species Clause: Limit one of each Pok\u00e9mon\n|rule|Item Clause: Limit one of each item\n|clearpoke\n|poke|p1|Empoleon, L50, F|\n|poke|p1|Baxcalibur, L50, M|\n|poke|p1|Rillaboom, L50, F|\n|poke|p1|Ninetales-Alola, L50, F|\n|poke|p1|Landorus-Therian, L50, M|\n|poke|p1|Armarouge, L50, F|\n|poke|p2|Persian-Alola, L50, M|\n|poke|p2|Arcanine, L50, F|\n|poke|p2|Milotic, L50, F|\n|poke|p2|Mimikyu, L50, M|\n|poke|p2|Appletun, L50, M|\n|poke|p2|Sneasler, L50, F|\n|teampreview|4\n|\n|t:|1700285747\n|start\n|switch|p1a: Armarouge|Armarouge, L50, F|100\/100\n|switch|p1b: Empoleon|Empoleon, L50, F|100\/100\n|switch|p2a: Persian|Persian-Alola, L50, M|100\/100\n|switch|p2b: Milotic|Milotic, L50, F|100\/100\n|turn|1\n|inactive|Battle timer is ON: inactive players will automatically lose when time's up. (requested by MangKasbor)\n|\n|t:|1700285766\n|switch|p1a: Rillaboom|Rillaboom, L50, F|100\/100\n|-fieldstart|move: Grassy Terrain|[from] ability: Grassy Surge|[of] p1a: Rillaboom\n|-terastallize|p2b: Milotic|Water\n|move|p2a: Persian|Fake Out|p1b: Empoleon\n|-resisted|p1b: Empoleon\n|-damage|p1b: Empoleon|97\/100\n|move|p2b: Milotic|Scald|p1a: Rillaboom\n|-resisted|p1a: Rillaboom\n|-damage|p1a: Rillaboom|79\/100\n|cant|p1b: Empoleon|flinch\n|\n|-heal|p1a: Rillaboom|85\/100|[from] Grassy Terrain\n|-heal|p1b: Empoleon|100\/100|[from] Grassy Terrain\n|upkeep\n|turn|2\n|inactive|MangKasbor has 30 seconds left.\n|inactive|kavonpokebros has 30 seconds left.\n|inactive|kavonpokebros has 20 seconds left.\n|\n|t:|1700285803\n|switch|p2b: Sneasler|Sneasler, L50, F|100\/100\n|move|p2a: Persian|Parting Shot|p1a: Rillaboom\n|-unboost|p1a: Rillaboom|atk|1\n|-unboost|p1a: Rillaboom|spa|1\n|\n|t:|1700285812\n|switch|p2a: Milotic|Milotic, L50, F, tera:Water|100\/100|[from] Parting Shot\n|move|p1a: Rillaboom|Wood Hammer|p2b: Sneasler\n|-resisted|p2b: Sneasler\n|-damage|p2b: Sneasler|63\/100\n|-damage|p1a: Rillaboom|75\/100|[from] Recoil\n|move|p1b: Empoleon|Flash Cannon|p2a: Milotic\n|-resisted|p2a: Milotic\n|-damage|p2a: Milotic|84\/100\n|\n|-heal|p2b: Sneasler|69\/100|[from] Grassy Terrain\n|-heal|p1a: Rillaboom|81\/100|[from] Grassy Terrain\n|-heal|p2a: Milotic|90\/100|[from] Grassy Terrain\n|upkeep\n|turn|3\n|inactive|MangKasbor has 30 seconds left.\n|\n|t:|1700285844\n|-terastallize|p1a: Rillaboom|Fire\n|move|p2b: Sneasler|Brick Break|p1b: Empoleon\n|-supereffective|p1b: Empoleon\n|-damage|p1b: Empoleon|0 fnt\n|faint|p1b: Empoleon\n|move|p1a: Rillaboom|Wood Hammer|p2a: Milotic\n|-supereffective|p2a: Milotic\n|-damage|p2a: Milotic|5\/100\n|-damage|p1a: Rillaboom|54\/100|[from] Recoil\n|move|p2a: Milotic|Ice Beam|p1a: Rillaboom\n|-resisted|p1a: Rillaboom\n|-damage|p1a: Rillaboom|42\/100\n|\n|-heal|p2b: Sneasler|75\/100|[from] Grassy Terrain\n|-heal|p1a: Rillaboom|47\/100|[from] Grassy Terrain\n|-heal|p2a: Milotic|11\/100|[from] Grassy Terrain\n|upkeep\n|\n|t:|1700285853\n|switch|p1b: Armarouge|Armarouge, L50, F|100\/100\n|turn|4\n|\n|t:|1700285872\n|switch|p2a: Arcanine|Arcanine, L50, F|100\/100\n|-ability|p2a: Arcanine|Intimidate|boost\n|-unboost|p1a: Rillaboom|atk|1\n|-unboost|p1b: Armarouge|atk|1\n|move|p2b: Sneasler|Brick Break|p1a: Rillaboom\n|-damage|p1a: Rillaboom|0 fnt\n|faint|p1a: Rillaboom\n|move|p1b: Armarouge|Heat Wave|p2a: Arcanine|[spread] p2a,p2b\n|-resisted|p2a: Arcanine\n|-damage|p2a: Arcanine|81\/100\n|-damage|p2b: Sneasler|23\/100\n|\n|-heal|p2b: Sneasler|29\/100|[from] Grassy Terrain\n|-heal|p2a: Arcanine|87\/100|[from] Grassy Terrain\n|upkeep\n|\n|t:|1700285881\n|switch|p1a: Baxcalibur|Baxcalibur, L50, M|100\/100\n|turn|5\n|\n|t:|1700285898\n|switch|p2b: Persian|Persian-Alola, L50, M|100\/100\n|move|p1a: Baxcalibur|Protect|p1a: Baxcalibur\n|-singleturn|p1a: Baxcalibur|Protect\n|move|p2a: Arcanine|Flare Blitz|p1a: Baxcalibur\n|-activate|p1a: Baxcalibur|move: Protect\n|move|p1b: Armarouge|Heat Wave|p2a: Arcanine|[spread] p2a,p2b\n|-resisted|p2a: Arcanine\n|-damage|p2a: Arcanine|67\/100\n|-damage|p2b: Persian|41\/100\n|\n|-heal|p2b: Persian|47\/100|[from] Grassy Terrain\n|-heal|p2a: Arcanine|73\/100|[from] Grassy Terrain\n|-fieldend|move: Grassy Terrain\n|upkeep\n|turn|6\n|\n|t:|1700285918\n|move|p2b: Persian|Snarl|p1a: Baxcalibur|[spread] p1a,p1b\n|-supereffective|p1b: Armarouge\n|-damage|p1a: Baxcalibur|91\/100\n|-damage|p1b: Armarouge|78\/100\n|-unboost|p1a: Baxcalibur|spa|1\n|-unboost|p1b: Armarouge|spa|1\n|move|p1a: Baxcalibur|Scale Shot|p2a: Arcanine\n|-damage|p2a: Arcanine|58\/100\n|-damage|p2a: Arcanine|43\/100\n|-damage|p2a: Arcanine|27\/100\n|-damage|p2a: Arcanine|11\/100\n|-hitcount|p2a: Arcanine|4\n|-unboost|p1a: Baxcalibur|def|1\n|-boost|p1a: Baxcalibur|spe|1\n|-enditem|p2a: Arcanine|Mirror Herb\n|-boost|p2a: Arcanine|spe|1|[from] item: Mirror Herb\n|move|p2a: Arcanine|Flare Blitz|p1a: Baxcalibur\n|-damage|p1a: Baxcalibur|3\/100\n|-ability|p1a: Baxcalibur|Thermal Exchange|boost\n|-boost|p1a: Baxcalibur|atk|1\n|-damage|p2a: Arcanine|0 fnt|[from] Recoil\n|faint|p2a: Arcanine\n|move|p1b: Armarouge|Heat Wave|p2b: Persian\n|-damage|p2b: Persian|1\/100\n|\n|upkeep\n|\n|t:|1700285943\n|switch|p2a: Sneasler|Sneasler, L50, F|29\/100\n|turn|7\n|\n|t:|1700285952\n|move|p1a: Baxcalibur|Protect|p1a: Baxcalibur\n|-singleturn|p1a: Baxcalibur|Protect\n|move|p2b: Persian|Snarl|p1b: Armarouge|[spread] p1b\n|-activate|p1a: Baxcalibur|move: Protect\n|-supereffective|p1b: Armarouge\n|-damage|p1b: Armarouge|52\/100\n|-unboost|p1b: Armarouge|spa|1\n|move|p2a: Sneasler|Lash Out|p1b: Armarouge\n|-supereffective|p1b: Armarouge\n|-damage|p1b: Armarouge|0 fnt\n|faint|p1b: Armarouge\n|\n|upkeep\n|turn|8\n|\n|t:|1700285970\n|move|p2b: Persian|Snarl|p1a: Baxcalibur\n|-damage|p1a: Baxcalibur|0 fnt\n|faint|p1a: Baxcalibur\n|\n|win|kavonpokebros\n|raw|MangKasbor's rating: 1204 &rarr; <strong>1176<\/strong><br \/>(-28 for losing)\n|raw|kavonpokebros's rating: 1166 &rarr; <strong>1194<\/strong><br \/>(+28 for winning)\n|l|\u2606MangKasbor\n","uploadtime":1700285976,"views":10,"p1id":"mangkasbor","p2id":"kavonpokebros","formatid":"gen9vgc2023regulatione","rating":1176,"private":0,"password":""}