{"id":"gen9vgc2023regulatione-1988712506","p1":"Haywado","p2":"Steve9999","format":"[Gen 9] VGC 2023 Regulation E","log":"|j|\u2606Haywado\n|j|\u2606Steve9999\n|t:|1699753730\n|gametype|doubles\n|player|p1|Haywado|volkner|1149\n|player|p2|Steve9999|170|1237\n|teamsize|p1|6\n|teamsize|p2|6\n|gen|9\n|tier|[Gen 9] VGC 2023 Regulation E\n|rated|\n|rule|Species Clause: Limit one of each Pok\u00e9mon\n|rule|Item Clause: Limit one of each item\n|clearpoke\n|poke|p1|Tyranitar, L50, M|\n|poke|p1|Arcanine, L50, M|\n|poke|p1|Clefairy, L50, F|\n|poke|p1|Kommo-o, L50, F|\n|poke|p1|Ninetales-Alola, L50, F|\n|poke|p1|Golduck, L50, F|\n|poke|p2|Iron Hands, L50|\n|poke|p2|Farigiraf, L50, M|\n|poke|p2|Iron Bundle, L50|\n|poke|p2|Chi-Yu, L50|\n|poke|p2|Gholdengo, L50|\n|poke|p2|Sylveon, L50, M|\n|teampreview|4\n|\n|t:|1699753776\n|start\n|switch|p1a: Clefairy|Clefairy, L50, F|100\/100\n|switch|p1b: Kommo-o|Kommo-o, L50, F|100\/100\n|switch|p2a: Iron Hands|Iron Hands, L50, shiny|100\/100\n|switch|p2b: Sylveon|Sylveon, L50, M|100\/100\n|turn|1\n|\n|t:|1699753801\n|-terastallize|p1b: Kommo-o|Steel\n|move|p2a: Iron Hands|Fake Out|p1b: Kommo-o\n|-resisted|p1b: Kommo-o\n|-damage|p1b: Kommo-o|96\/100\n|move|p1a: Clefairy|Follow Me|p1a: Clefairy\n|-singleturn|p1a: Clefairy|move: Follow Me\n|cant|p1b: Kommo-o|flinch\n|move|p2b: Sylveon|Hyper Voice|p1a: Clefairy|[spread] p1a,p1b\n|-resisted|p1b: Kommo-o\n|-damage|p1a: Clefairy|76\/100\n|-damage|p1b: Kommo-o|88\/100\n|-enditem|p2b: Sylveon|Throat Spray\n|-boost|p2b: Sylveon|spa|1|[from] item: Throat Spray\n|\n|upkeep\n|turn|2\n|\n|t:|1699753839\n|-terastallize|p2b: Sylveon|Water\n|move|p2b: Sylveon|Helping Hand|p2a: Iron Hands\n|-singleturn|p2a: Iron Hands|Helping Hand|[of] p2b: Sylveon\n|move|p1b: Kommo-o|Protect|p1b: Kommo-o\n|-singleturn|p1b: Kommo-o|Protect\n|move|p2a: Iron Hands|Drain Punch|p1b: Kommo-o\n|-activate|p1b: Kommo-o|move: Protect\n|move|p1a: Clefairy|Light Screen|p1a: Clefairy\n|-sidestart|p1: Haywado|move: Light Screen\n|\n|upkeep\n|turn|3\n|\n|t:|1699753874\n|switch|p1b: Ninetales|Ninetales-Alola, L50, F|100\/100\n|-weather|Snow|[from] ability: Snow Warning|[of] p1b: Ninetales\n|switch|p1a: Golduck|Golduck, L50, F|100\/100\n|move|p2b: Sylveon|Hyper Voice|p1b: Ninetales|[spread] p1a,p1b\n|-damage|p1a: Golduck|65\/100\n|-damage|p1b: Ninetales|70\/100\n|move|p2a: Iron Hands|Drain Punch|p1b: Ninetales\n|-damage|p1b: Ninetales|33\/100\n|\n|-weather|Snow|[upkeep]\n|upkeep\n|turn|4\n|\n|t:|1699753912\n|move|p1b: Ninetales|Aurora Veil|p1b: Ninetales\n|-sidestart|p1: Haywado|move: Aurora Veil\n|move|p1a: Golduck|Blizzard|p2b: Sylveon|[spread] p2a,p2b\n|-resisted|p2b: Sylveon\n|-damage|p2a: Iron Hands|89\/100\n|-damage|p2b: Sylveon|94\/100\n|move|p2b: Sylveon|Hyper Voice|p1b: Ninetales|[spread] p1a,p1b\n|-damage|p1a: Golduck|30\/100\n|-damage|p1b: Ninetales|0 fnt\n|-enditem|p1a: Golduck|Sitrus Berry|[eat]\n|-heal|p1a: Golduck|55\/100|[from] item: Sitrus Berry\n|faint|p1b: Ninetales\n|move|p2a: Iron Hands|Wild Charge|p1a: Golduck\n|-supereffective|p1a: Golduck\n|-damage|p1a: Golduck|0 fnt\n|faint|p1a: Golduck\n|-damage|p2a: Iron Hands|80\/100|[from] Recoil\n|\n|-weather|Snow|[upkeep]\n|upkeep\n|\n|t:|1699753920\n|switch|p1b: Kommo-o|Kommo-o, L50, F, tera:Steel|88\/100\n|switch|p1a: Clefairy|Clefairy, L50, F|76\/100\n|turn|5\n|\n|t:|1699753943\n|move|p2b: Sylveon|Helping Hand|p2a: Iron Hands\n|-singleturn|p2a: Iron Hands|Helping Hand|[of] p2b: Sylveon\n|move|p1b: Kommo-o|Clangorous Soul|p1b: Kommo-o\n|-boost|p1b: Kommo-o|atk|1\n|-boost|p1b: Kommo-o|def|1\n|-boost|p1b: Kommo-o|spa|1\n|-boost|p1b: Kommo-o|spd|1\n|-boost|p1b: Kommo-o|spe|1\n|-damage|p1b: Kommo-o|55\/100\n|-enditem|p1b: Kommo-o|Throat Spray\n|-boost|p1b: Kommo-o|spa|1|[from] item: Throat Spray\n|move|p1a: Clefairy|Heal Pulse|p1b: Kommo-o\n|-heal|p1b: Kommo-o|100\/100\n|move|p2a: Iron Hands|Heavy Slam|p1a: Clefairy\n|-supereffective|p1a: Clefairy\n|-damage|p1a: Clefairy|3\/100\n|\n|-weather|Snow|[upkeep]\n|upkeep\n|turn|6\n|\n|t:|1699753980\n|switch|p2b: Iron Bundle|Iron Bundle, L50, shiny|100\/100\n|-enditem|p2b: Iron Bundle|Booster Energy\n|-activate|p2b: Iron Bundle|ability: Quark Drive|[fromitem]\n|-start|p2b: Iron Bundle|quarkdrivespe\n|-end|p2a: Iron Hands|Quark Drive|[silent]\n|switch|p2a: Gholdengo|Gholdengo, L50|100\/100\n|move|p1a: Clefairy|Follow Me|p1a: Clefairy\n|-singleturn|p1a: Clefairy|move: Follow Me\n|move|p1b: Kommo-o|Clangorous Soul|p1b: Kommo-o\n|-boost|p1b: Kommo-o|atk|1\n|-boost|p1b: Kommo-o|def|1\n|-boost|p1b: Kommo-o|spa|1\n|-boost|p1b: Kommo-o|spd|1\n|-boost|p1b: Kommo-o|spe|1\n|-damage|p1b: Kommo-o|68\/100\n|\n|-weather|Snow|[upkeep]\n|-sideend|p1: Haywado|move: Light Screen\n|upkeep\n|turn|7\n|\n|t:|1699754008\n|move|p2b: Iron Bundle|Icy Wind|p1b: Kommo-o|[spread] p1a,p1b\n|-resisted|p1b: Kommo-o\n|-damage|p1a: Clefairy|0 fnt\n|-damage|p1b: Kommo-o|65\/100\n|-unboost|p1b: Kommo-o|spe|1\n|faint|p1a: Clefairy\n|move|p1b: Kommo-o|Clanging Scales|p2b: Iron Bundle|[spread] p2a,p2b\n|-resisted|p2a: Gholdengo\n|-damage|p2a: Gholdengo|68\/100\n|-damage|p2b: Iron Bundle|0 fnt\n|faint|p2b: Iron Bundle\n|-end|p2b: Iron Bundle|Quark Drive|[silent]\n|-unboost|p1b: Kommo-o|def|1\n|move|p2a: Gholdengo|Make It Rain|p1b: Kommo-o\n|-resisted|p1b: Kommo-o\n|-damage|p1b: Kommo-o|53\/100\n|-unboost|p2a: Gholdengo|spa|1\n|-damage|p2a: Gholdengo|58\/100|[from] item: Life Orb\n|\n|-weather|none\n|upkeep\n|\n|t:|1699754025\n|switch|p2b: Iron Hands|Iron Hands, L50, shiny|80\/100\n|turn|8\n|\n|t:|1699754045\n|move|p1b: Kommo-o|Protect|p1b: Kommo-o\n|-singleturn|p1b: Kommo-o|Protect\n|move|p2b: Iron Hands|Fake Out|p1b: Kommo-o\n|-activate|p1b: Kommo-o|move: Protect\n|move|p2a: Gholdengo|Shadow Ball|p1b: Kommo-o\n|-activate|p1b: Kommo-o|move: Protect\n|\n|upkeep\n|turn|9\n|\n|t:|1699754058\n|move|p1b: Kommo-o|Clanging Scales|p2a: Gholdengo|[spread] p2a,p2b\n|-resisted|p2a: Gholdengo\n|-damage|p2a: Gholdengo|24\/100\n|-damage|p2b: Iron Hands|42\/100\n|-unboost|p1b: Kommo-o|def|1\n|move|p2a: Gholdengo|Shadow Ball|p1b: Kommo-o\n|-immune|p1b: Kommo-o|[from] ability: Bulletproof\n|move|p2b: Iron Hands|Drain Punch|p1b: Kommo-o\n|-supereffective|p1b: Kommo-o\n|-damage|p1b: Kommo-o|9\/100\n|-heal|p2b: Iron Hands|57\/100|[from] drain|[of] p1b: Kommo-o\n|\n|upkeep\n|turn|10\n|\n|t:|1699754073\n|move|p1b: Kommo-o|Clanging Scales|p2b: Iron Hands|[spread] p2a,p2b\n|-resisted|p2a: Gholdengo\n|-damage|p2a: Gholdengo|0 fnt\n|-damage|p2b: Iron Hands|16\/100\n|faint|p2a: Gholdengo\n|-unboost|p1b: Kommo-o|def|1\n|move|p2b: Iron Hands|Drain Punch|p1b: Kommo-o\n|-supereffective|p1b: Kommo-o\n|-damage|p1b: Kommo-o|0 fnt\n|-heal|p2b: Iron Hands|19\/100|[from] drain|[of] p1b: Kommo-o\n|faint|p1b: Kommo-o\n|\n|win|Steve9999\n|raw|Haywado's rating: 1149 &rarr; <strong>1130<\/strong><br \/>(-19 for losing)\n|raw|Steve9999's rating: 1237 &rarr; <strong>1256<\/strong><br \/>(+19 for winning)\n|l|\u2606Haywado\n","uploadtime":1699754087,"views":12,"p1id":"haywado","p2id":"steve9999","formatid":"gen9vgc2023regulatione","rating":1130,"private":0,"password":""}