{"id":"gen9vgc2023regulatione-1989837919","p1":"ChaBoy_Jacob","p2":"XpoZed101","format":"[Gen 9] VGC 2023 Regulation E","log":"|j|\u2606ChaBoy_Jacob\n|j|\u2606XpoZed101\n|t:|1699899918\n|gametype|doubles\n|player|p1|ChaBoy_Jacob|170|1202\n|player|p2|XpoZed101|clair|1187\n|teamsize|p1|6\n|teamsize|p2|6\n|gen|9\n|tier|[Gen 9] VGC 2023 Regulation E\n|rated|\n|rule|Species Clause: Limit one of each Pok\u00e9mon\n|rule|Item Clause: Limit one of each item\n|clearpoke\n|poke|p1|Slowbro-Galar, L50, F|\n|poke|p1|Tatsugiri-Stretchy, L50, F|\n|poke|p1|Dondozo, L50, M|\n|poke|p1|Sableye, L50, F|\n|poke|p1|Rillaboom, L50, M|\n|poke|p1|Flutter Mane, L50|\n|poke|p2|Ogerpon-Wellspring, L50, F|\n|poke|p2|Flutter Mane, L50|\n|poke|p2|Sableye, L50, F|\n|poke|p2|Ceruledge, L50, F|\n|poke|p2|Dragonite, L50, F|\n|poke|p2|Amoonguss, L50, M|\n|teampreview|4\n|inactive|Battle timer is ON: inactive players will automatically lose when time's up. (requested by ChaBoy_Jacob)\n|inactive|XpoZed101 has 60 seconds left.\n|\n|t:|1699899971\n|start\n|switch|p1a: Sableye|Sableye, L50, F, shiny|100\/100\n|switch|p1b: Flutter Mane|Flutter Mane, L50|100\/100\n|switch|p2a: Sableye|Sableye, L50, F|100\/100\n|switch|p2b: Dragonite|Dragonite, L50, F|100\/100\n|-enditem|p1b: Flutter Mane|Booster Energy\n|-activate|p1b: Flutter Mane|ability: Protosynthesis|[fromitem]\n|-start|p1b: Flutter Mane|protosynthesisspe\n|turn|1\n|inactive|XpoZed101 has 30 seconds left.\n|\n|t:|1699900000\n|-terastallize|p2b: Dragonite|Flying\n|move|p1a: Sableye|Fake Out|p2b: Dragonite\n|-damage|p2b: Dragonite|97\/100\n|move|p2a: Sableye|Light Screen|p2a: Sableye\n|-sidestart|p2: XpoZed101|move: Light Screen\n|move|p1b: Flutter Mane|Moonblast|p2a: Sableye\n|-supereffective|p2a: Sableye\n|-damage|p2a: Sableye|21\/100\n|cant|p2b: Dragonite|flinch\n|\n|upkeep\n|turn|2\n|inactive|ChaBoy_Jacob has 30 seconds left.\n|inactive|XpoZed101 has 30 seconds left.\n|inactive|XpoZed101 has 20 seconds left.\n|\n|t:|1699900040\n|move|p1b: Flutter Mane|Protect|p1b: Flutter Mane\n|-singleturn|p1b: Flutter Mane|Protect\n|move|p2a: Sableye|Disable|p1b: Flutter Mane\n|-activate|p1b: Flutter Mane|move: Protect\n|move|p1a: Sableye|Reflect|p1a: Sableye\n|-sidestart|p1: ChaBoy_Jacob|Reflect\n|move|p2b: Dragonite|Tera Blast|p1b: Flutter Mane|[anim] Tera Blast Flying\n|-activate|p1b: Flutter Mane|move: Protect\n|\n|upkeep\n|turn|3\n|\n|t:|1699900065\n|move|p2a: Sableye|Encore|p1b: Flutter Mane\n|-start|p1b: Flutter Mane|Encore\n|move|p1b: Flutter Mane|Protect||[still]\n|-fail|p1b: Flutter Mane\n|move|p2b: Dragonite|Tera Blast|p1b: Flutter Mane|[anim] Tera Blast Flying\n|-damage|p1b: Flutter Mane|0 fnt\n|faint|p1b: Flutter Mane\n|-end|p1b: Flutter Mane|Protosynthesis|[silent]\n|move|p1a: Sableye|Foul Play|p2b: Dragonite\n|-damage|p2b: Dragonite|35\/100\n|\n|upkeep\n|\n|t:|1699900086\n|switch|p1b: Rillaboom|Rillaboom, L50, M|100\/100\n|-fieldstart|move: Grassy Terrain|[from] ability: Grassy Surge|[of] p1b: Rillaboom\n|-enditem|p1b: Rillaboom|Grassy Seed\n|-boost|p1b: Rillaboom|def|1|[from] item: Grassy Seed\n|turn|4\n|\n|t:|1699900104\n|switch|p2b: Ceruledge|Ceruledge, L50, F|100\/100\n|move|p1b: Rillaboom|Fake Out|p2b: Ceruledge\n|-immune|p2b: Ceruledge\n|move|p2a: Sableye|Reflect|p2a: Sableye\n|-sidestart|p2: XpoZed101|Reflect\n|move|p1a: Sableye|Foul Play|p2b: Ceruledge\n|-supereffective|p2b: Ceruledge\n|-damage|p2b: Ceruledge|30\/100\n|\n|-heal|p2b: Ceruledge|36\/100|[from] Grassy Terrain\n|-heal|p2b: Ceruledge|42\/100|[from] item: Leftovers\n|-heal|p2a: Sableye|27\/100|[from] Grassy Terrain\n|upkeep\n|turn|5\n|inactive|XpoZed101 has 30 seconds left.\n|\n|t:|1699900134\n|switch|p1b: Slowbro|Slowbro-Galar, L50, F, shiny|100\/100\n|move|p2a: Sableye|Encore||[still]\n|-fail|p2a: Sableye\n|move|p2b: Ceruledge|Bitter Blade|p1b: Slowbro\n|-damage|p1b: Slowbro|76\/100\n|-heal|p2b: Ceruledge|56\/100|[from] drain|[of] p1b: Slowbro\n|move|p1a: Sableye|Foul Play|p2b: Ceruledge\n|-supereffective|p2b: Ceruledge\n|-damage|p2b: Ceruledge|0 fnt\n|faint|p2b: Ceruledge\n|\n|-heal|p2a: Sableye|32\/100|[from] Grassy Terrain\n|-heal|p1b: Slowbro|82\/100|[from] Grassy Terrain\n|upkeep\n|inactive|XpoZed101 has 30 seconds left.\n|\n|t:|1699900162\n|switch|p2b: Dragonite|Dragonite, L50, F, tera:Flying|35\/100\n|turn|6\n|inactive|XpoZed101 has 30 seconds left.\n|\n|t:|1699900191\n|switch|p2a: Ogerpon|Ogerpon-Wellspring, L50, F|100\/100\n|move|p2b: Dragonite|Tera Blast|p1a: Sableye|[anim] Tera Blast Flying\n|-damage|p1a: Sableye|17\/100\n|move|p1a: Sableye|Foul Play|p2b: Dragonite\n|-damage|p2b: Dragonite|0 fnt\n|faint|p2b: Dragonite\n|move|p1b: Slowbro|Ice Beam|p2a: Ogerpon\n|-damage|p2a: Ogerpon|76\/100\n|\n|-heal|p2a: Ogerpon|82\/100|[from] Grassy Terrain\n|-heal|p1a: Sableye|23\/100|[from] Grassy Terrain\n|-heal|p1b: Slowbro|88\/100|[from] Grassy Terrain\n|upkeep\n|\n|t:|1699900204\n|switch|p2b: Sableye|Sableye, L50, F|32\/100\n|turn|7\n|\n|t:|1699900227\n|move|p1b: Slowbro|Protect|p1b: Slowbro\n|-singleturn|p1b: Slowbro|Protect\n|move|p2b: Sableye|Encore|p1b: Slowbro\n|-activate|p1b: Slowbro|move: Protect\n|move|p2a: Ogerpon|Ivy Cudgel|p1a: Sableye\n|-damage|p1a: Sableye|0 fnt\n|faint|p1a: Sableye\n|\n|-heal|p2a: Ogerpon|88\/100|[from] Grassy Terrain\n|-heal|p2b: Sableye|38\/100|[from] Grassy Terrain\n|-heal|p1b: Slowbro|94\/100|[from] Grassy Terrain\n|upkeep\n|\n|t:|1699900235\n|switch|p1a: Rillaboom|Rillaboom, L50, M|100\/100\n|turn|8\n|inactive|XpoZed101 has 30 seconds left.\n|inactive|XpoZed101 has 20 seconds left.\n|inactive|XpoZed101 has 15 seconds left.\n|\n|t:|1699900277\n|move|p2b: Sableye|Encore|p1b: Slowbro\n|-start|p1b: Slowbro|Encore\n|move|p2a: Ogerpon|Swords Dance|p2a: Ogerpon\n|-boost|p2a: Ogerpon|atk|2\n|move|p1a: Rillaboom|Wood Hammer|p2a: Ogerpon\n|-damage|p2a: Ogerpon|12\/100\n|-damage|p1a: Rillaboom|81\/100|[from] Recoil\n|move|p1b: Slowbro|Protect||[still]\n|-fail|p1b: Slowbro\n|\n|-heal|p2a: Ogerpon|18\/100|[from] Grassy Terrain\n|-heal|p1a: Rillaboom|87\/100|[from] Grassy Terrain\n|-heal|p2b: Sableye|44\/100|[from] Grassy Terrain\n|-heal|p1b: Slowbro|99\/100|[from] Grassy Terrain\n|-sideend|p2: XpoZed101|move: Light Screen\n|-fieldend|move: Grassy Terrain\n|upkeep\n|turn|9\n|inactive|XpoZed101 has 30 seconds left.\n|-activate|p1b: Slowbro|item: Quick Claw\n|\n|t:|1699900312\n|move|p1b: Slowbro|Protect|p1b: Slowbro\n|-singleturn|p1b: Slowbro|Protect\n|move|p2b: Sableye|Disable|p1a: Rillaboom\n|-start|p1a: Rillaboom|Disable|Wood Hammer\n|move|p2a: Ogerpon|Ivy Cudgel|p1a: Rillaboom\n|-resisted|p1a: Rillaboom\n|-damage|p1a: Rillaboom|50\/100\n|cant|p1a: Rillaboom|Disable|Wood Hammer\n|\n|-sideend|p1: ChaBoy_Jacob|Reflect\n|upkeep\n|turn|10\n|inactive|XpoZed101 has 30 seconds left.\n|inactive|XpoZed101 has 20 seconds left.\n|\n|t:|1699900351\n|move|p1b: Slowbro|Protect||[still]\n|-fail|p1b: Slowbro\n|move|p2b: Sableye|Encore|p1a: Rillaboom\n|-start|p1a: Rillaboom|Encore\n|move|p2a: Ogerpon|Ivy Cudgel|p1a: Rillaboom\n|-resisted|p1a: Rillaboom\n|-damage|p1a: Rillaboom|0 fnt\n|faint|p1a: Rillaboom\n|\n|-end|p1b: Slowbro|Encore\n|upkeep\n|turn|11\n|\n|t:|1699900368\n|-terastallize|p1b: Slowbro|Ice\n|move|p2a: Ogerpon|Spiky Shield|p2a: Ogerpon\n|-singleturn|p2a: Ogerpon|move: Protect\n|move|p2b: Sableye|Light Screen|p2b: Sableye\n|-sidestart|p2: XpoZed101|move: Light Screen\n|move|p1b: Slowbro|Sludge Bomb|p2a: Ogerpon\n|-activate|p2a: Ogerpon|move: Protect\n|\n|-sideend|p2: XpoZed101|Reflect\n|upkeep\n|turn|12\n|-activate|p1b: Slowbro|ability: Quick Draw\n|\n|t:|1699900389\n|move|p2b: Sableye|Disable|p1b: Slowbro\n|-start|p1b: Slowbro|Disable|Sludge Bomb\n|cant|p1b: Slowbro|Disable|Sludge Bomb\n|move|p2a: Ogerpon|Ivy Cudgel|p1b: Slowbro\n|-damage|p1b: Slowbro|0 fnt\n|faint|p1b: Slowbro\n|\n|win|XpoZed101\n|raw|ChaBoy_Jacob's rating: 1202 &rarr; <strong>1176<\/strong><br \/>(-26 for losing)\n|raw|XpoZed101's rating: 1187 &rarr; <strong>1213<\/strong><br \/>(+26 for winning)\n","uploadtime":1699900413,"views":14,"p1id":"chaboyjacob","p2id":"xpozed101","formatid":"gen9vgc2023regulatione","rating":1176,"private":0,"password":""}