{"id":"gen9vgc2023regulatione-1998277565","p1":"werthwile","p2":"miencraftLord77","format":"[Gen 9] VGC 2023 Regulation E","log":"|j|\u2606werthwile\n|j|\u2606miencraftLord77\n|t:|1700923686\n|gametype|doubles\n|player|p1|werthwile|266|1087\n|player|p2|miencraftLord77|lucas|1092\n|teamsize|p1|6\n|teamsize|p2|6\n|gen|9\n|tier|[Gen 9] VGC 2023 Regulation E\n|rated|\n|rule|Species Clause: Limit one of each Pok\u00e9mon\n|rule|Item Clause: Limit one of each item\n|clearpoke\n|poke|p1|Mamoswine, L50, M|\n|poke|p1|Kleavor, L50, M|\n|poke|p1|Chandelure, L50, M|\n|poke|p1|Zapdos, L50|\n|poke|p1|Volcarona, L50, F|\n|poke|p1|Iron Valiant, L50|\n|poke|p2|Urshifu-*, L50, M|\n|poke|p2|Tornadus, L50, M|\n|poke|p2|Basculegion, L50, M|\n|poke|p2|Iron Hands, L50|\n|poke|p2|Volcarona, L50, F|\n|poke|p2|Clefable, L50, F|\n|teampreview|4\n|inactive|Battle timer is ON: inactive players will automatically lose when time's up. (requested by miencraftLord77)\n|\n|t:|1700923708\n|start\n|switch|p1a: Zapdos|Zapdos, L50|100\/100\n|switch|p1b: Kleavor|Kleavor, L50, M|100\/100\n|switch|p2a: Tornadus|Tornadus, L50, M|100\/100\n|switch|p2b: Basculegion|Basculegion, L50, M, shiny|100\/100\n|turn|1\n|inactive|werthwile has 30 seconds left.\n|inactive|werthwile has 20 seconds left.\n|inactive|werthwile has 15 seconds left.\n|inactive|werthwile has 10 seconds left.\n|inactive|werthwile has 5 seconds left.\n|\n|t:|1700923760\n|-terastallize|p1b: Kleavor|Ghost\n|move|p2a: Tornadus|Rain Dance|p2a: Tornadus\n|-weather|RainDance\n|move|p2b: Basculegion|Head Smash|p1b: Kleavor|[miss]\n|-miss|p2b: Basculegion|p1b: Kleavor\n|move|p1a: Zapdos|Thunderbolt|p2a: Tornadus\n|-supereffective|p2a: Tornadus\n|-damage|p2a: Tornadus|33\/100\n|move|p1b: Kleavor|Stone Axe|p2b: Basculegion\n|-damage|p2b: Basculegion|31\/100\n|-sidestart|p2: miencraftLord77|move: Stealth Rock\n|\n|-weather|RainDance|[upkeep]\n|upkeep\n|turn|2\n|inactive|werthwile has 30 seconds left.\n|inactive|werthwile has 20 seconds left.\n|inactive|werthwile has 15 seconds left.\n|\n|t:|1700923801\n|switch|p1a: Iron Valiant|Iron Valiant, L50|100\/100\n|move|p2a: Tornadus|Tailwind|p2a: Tornadus\n|-sidestart|p2: miencraftLord77|move: Tailwind\n|move|p2b: Basculegion|Head Smash|p1a: Iron Valiant\n|-resisted|p1a: Iron Valiant\n|-damage|p1a: Iron Valiant|47\/100\n|-damage|p2b: Basculegion|10\/100|[from] Recoil\n|move|p1b: Kleavor|Stone Axe|p2a: Tornadus\n|-supereffective|p2a: Tornadus\n|-damage|p2a: Tornadus|0 fnt\n|faint|p2a: Tornadus\n|\n|-weather|RainDance|[upkeep]\n|upkeep\n|inactive|miencraftLord77 has 30 seconds left.\n|\n|t:|1700923834\n|switch|p2a: Urshifu|Urshifu-Rapid-Strike, L50, M|100\/100\n|-damage|p2a: Urshifu|95\/100|[from] Stealth Rock\n|turn|3\n|inactive|werthwile has 30 seconds left.\n|\n|t:|1700923866\n|switch|p1b: Mamoswine|Mamoswine, L50, M|100\/100\n|move|p2b: Basculegion|Head Smash|p1a: Iron Valiant|[miss]\n|-miss|p2b: Basculegion|p1a: Iron Valiant\n|move|p2a: Urshifu|Surging Strikes|p1a: Iron Valiant\n|-crit|p1a: Iron Valiant\n|-damage|p1a: Iron Valiant|1\/100\n|-crit|p1a: Iron Valiant\n|-damage|p1a: Iron Valiant|0 fnt\n|faint|p1a: Iron Valiant\n|-end|p1a: Iron Valiant|Quark Drive|[silent]\n|-hitcount|p1: Iron Valiant|2\n|\n|-weather|RainDance|[upkeep]\n|upkeep\n|c|\u2606miencraftLord77|cmon\n|c|\u2606miencraftLord77|two head smash misses\n|inactive|werthwile has 30 seconds left.\n|\n|t:|1700923896\n|switch|p1a: Kleavor|Kleavor, L50, M, tera:Ghost|100\/100\n|turn|4\n|j| Xeratina\n|\n|t:|1700923914\n|move|p1b: Mamoswine|Ice Shard|p2b: Basculegion\n|-resisted|p2b: Basculegion\n|-damage|p2b: Basculegion|0 fnt\n|faint|p2b: Basculegion\n|move|p2a: Urshifu|Surging Strikes|p1b: Mamoswine\n|-supereffective|p1b: Mamoswine\n|-crit|p1b: Mamoswine\n|-damage|p1b: Mamoswine|20\/100\n|-supereffective|p1b: Mamoswine\n|-crit|p1b: Mamoswine\n|-damage|p1b: Mamoswine|0 fnt\n|faint|p1b: Mamoswine\n|-hitcount|p1: Mamoswine|2\n|move|p1a: Kleavor|X-Scissor|p2a: Urshifu\n|-resisted|p2a: Urshifu\n|-damage|p2a: Urshifu|63\/100\n|\n|-weather|RainDance|[upkeep]\n|upkeep\n|l| Xeratina\n|\n|t:|1700923929\n|switch|p2b: Iron Hands|Iron Hands, L50|100\/100\n|switch|p1b: Zapdos|Zapdos, L50|100\/100\n|-damage|p2b: Iron Hands|94\/100|[from] Stealth Rock\n|turn|5\n|inactive|werthwile has 30 seconds left.\n|inactive|miencraftLord77 has 30 seconds left.\n|inactive|miencraftLord77 has 20 seconds left.\n|\n|t:|1700923968\n|move|p2b: Iron Hands|Fake Out|p1b: Zapdos\n|-damage|p1b: Zapdos|84\/100\n|move|p2a: Urshifu|Surging Strikes|p1b: Zapdos\n|-crit|p1b: Zapdos\n|-damage|p1b: Zapdos|45\/100\n|-crit|p1b: Zapdos\n|-damage|p1b: Zapdos|9\/100\n|-crit|p1b: Zapdos\n|-damage|p1b: Zapdos|0 fnt\n|faint|p1b: Zapdos\n|-hitcount|p1: Zapdos|3\n|move|p1a: Kleavor|Stone Axe|p2a: Urshifu|[miss]\n|-miss|p1a: Kleavor|p2a: Urshifu\n|\n|-weather|RainDance|[upkeep]\n|-heal|p2b: Iron Hands|100\/100|[from] item: Leftovers\n|-sideend|p2: miencraftLord77|move: Tailwind\n|upkeep\n|turn|6\n|-message|werthwile forfeited.\n|\n|win|miencraftLord77\n|raw|werthwile's rating: 1087 &rarr; <strong>1064<\/strong><br \/>(-23 for losing)\n|raw|miencraftLord77's rating: 1092 &rarr; <strong>1118<\/strong><br \/>(+26 for winning)\n|l|\u2606werthwile\n|c|\u2606miencraftLord77|ggs\n","uploadtime":1700923987,"views":1,"p1id":"werthwile","p2id":"miencraftlord77","formatid":"gen9vgc2023regulatione","rating":1064,"private":0,"password":""}