{"id":"gen9vgc2023regulatione-1995195047","p1":"AGPVGC","p2":"ZezinPocoto","format":"[Gen 9] VGC 2023 Regulation E","log":"|j|\u2606AGPVGC\n|j|\u2606ZezinPocoto\n|t:|1700533255\n|gametype|doubles\n|player|p1|AGPVGC|pokemonranger-gen4|1116\n|player|p2|ZezinPocoto|blue|1048\n|teamsize|p1|6\n|teamsize|p2|6\n|gen|9\n|tier|[Gen 9] VGC 2023 Regulation E\n|rated|\n|rule|Species Clause: Limit one of each Pok\u00e9mon\n|rule|Item Clause: Limit one of each item\n|clearpoke\n|poke|p1|Ursaluna-Bloodmoon, L50, M|\n|poke|p1|Oranguru, L50, F|\n|poke|p1|Maushold-Four, L50|\n|poke|p1|Snorlax, L50, M|\n|poke|p1|Farigiraf, L50, F|\n|poke|p1|Staraptor, L50, M|\n|poke|p2|Grimmsnarl, L50, M|\n|poke|p2|Ogerpon-Hearthflame, L50, F|\n|poke|p2|Thundurus, L50, M|\n|poke|p2|Urshifu-*, L50, F|\n|poke|p2|Scizor, L50, M|\n|poke|p2|Farigiraf, L50, M|\n|teampreview|4\n|inactive|Battle timer is ON: inactive players will automatically lose when time's up. (requested by AGPVGC)\n|inactive|AGPVGC has 60 seconds left.\n|inactive|ZezinPocoto has 60 seconds left.\n|\n|t:|1700533316\n|start\n|switch|p1a: Maushold|Maushold-Four, L50|100\/100\n|switch|p1b: Staraptor|Staraptor, L50, M|100\/100\n|switch|p2a: Thundurus|Thundurus, L50, M|100\/100\n|switch|p2b: Scizor|Scizor, L50, M|100\/100\n|-ability|p1b: Staraptor|Intimidate|boost\n|-unboost|p2a: Thundurus|atk|1\n|-unboost|p2b: Scizor|atk|1\n|turn|1\n|inactive|AGPVGC has 30 seconds left.\n|inactive|ZezinPocoto has 30 seconds left.\n|inactive|AGPVGC has 20 seconds left.\n|inactive|AGPVGC has 15 seconds left.\n|\n|t:|1700533357\n|move|p2a: Thundurus|Leer|p1a: Maushold|[spread] p1a,p1b\n|-unboost|p1a: Maushold|def|1\n|-unboost|p1b: Staraptor|def|1\n|move|p2b: Scizor|Bullet Punch|p1a: Maushold\n|-damage|p1a: Maushold|44\/100\n|-damage|p2b: Scizor|84\/100|[from] item: Rocky Helmet|[of] p1a: Maushold\n|-damage|p2b: Scizor|74\/100|[from] item: Life Orb\n|move|p1b: Staraptor|U-turn|p2a: Thundurus\n|-resisted|p2a: Thundurus\n|-damage|p2a: Thundurus|87\/100\n|\n|t:|1700533370\n|switch|p1b: Oranguru|Oranguru, L50, F|100\/100|[from] U-turn\n|move|p1a: Maushold|Taunt|p2a: Thundurus\n|-start|p2a: Thundurus|move: Taunt\n|\n|upkeep\n|turn|2\n|\n|t:|1700533387\n|switch|p2a: Grimmsnarl|Grimmsnarl, L50, M, shiny|100\/100\n|move|p1a: Maushold|Follow Me|p1a: Maushold\n|-singleturn|p1a: Maushold|move: Follow Me\n|move|p2b: Scizor|Bug Bite|p1a: Maushold\n|-damage|p1a: Maushold|0 fnt\n|-damage|p2b: Scizor|58\/100|[from] item: Rocky Helmet|[of] p1a: Maushold\n|faint|p1a: Maushold\n|-damage|p2b: Scizor|48\/100|[from] item: Life Orb\n|move|p1b: Oranguru|Trick Room|p1b: Oranguru\n|-fieldstart|move: Trick Room|[of] p1b: Oranguru\n|\n|upkeep\n|\n|t:|1700533405\n|switch|p1a: Farigiraf|Farigiraf, L50, F|100\/100\n|turn|3\n|\n|t:|1700533423\n|move|p2a: Grimmsnarl|Light Screen|p2a: Grimmsnarl\n|-sidestart|p2: ZezinPocoto|move: Light Screen\n|move|p1a: Farigiraf|Hyper Voice|p2b: Scizor|[spread] p2a,p2b\n|-resisted|p2b: Scizor\n|-damage|p2a: Grimmsnarl|80\/100\n|-damage|p2b: Scizor|34\/100\n|-enditem|p1a: Farigiraf|Throat Spray\n|-boost|p1a: Farigiraf|spa|1|[from] item: Throat Spray\n|-activate|p1b: Oranguru|ability: Symbiosis|Life Orb|[of] p1a: Farigiraf\n|move|p1b: Oranguru|Instruct|p1a: Farigiraf\n|-singleturn|p1a: Farigiraf|move: Instruct|[of] p1b: Oranguru\n|move|p1a: Farigiraf|Hyper Voice|p2a: Grimmsnarl|[spread] p2a,p2b\n|-resisted|p2b: Scizor\n|-damage|p2a: Grimmsnarl|39\/100\n|-damage|p2b: Scizor|6\/100\n|-damage|p1a: Farigiraf|91\/100|[from] item: Life Orb\n|move|p2b: Scizor|Bug Bite|p1b: Oranguru\n|-supereffective|p1b: Oranguru\n|-damage|p1b: Oranguru|36\/100\n|-damage|p2b: Scizor|0 fnt|[from] item: Life Orb\n|faint|p2b: Scizor\n|\n|upkeep\n|\n|t:|1700533443\n|switch|p2b: Thundurus|Thundurus, L50, M|87\/100\n|turn|4\n|inactive|ZezinPocoto has 30 seconds left.\n|inactive|ZezinPocoto has 20 seconds left.\n|\n|t:|1700533482\n|move|p2b: Thundurus|Leer||[still]\n|cant|p1a: Farigiraf|ability: Armor Tail|Leer|[of] p2b: Thundurus\n|move|p1a: Farigiraf|Hyper Voice|p2a: Grimmsnarl|[spread] p2a,p2b\n|-damage|p2a: Grimmsnarl|0 fnt\n|-damage|p2b: Thundurus|38\/100\n|-enditem|p2b: Thundurus|Sitrus Berry|[eat]\n|-heal|p2b: Thundurus|63\/100|[from] item: Sitrus Berry\n|faint|p2a: Grimmsnarl\n|-damage|p1a: Farigiraf|81\/100|[from] item: Life Orb\n|move|p1b: Oranguru|Instruct|p1a: Farigiraf\n|-singleturn|p1a: Farigiraf|move: Instruct|[of] p1b: Oranguru\n|move|p1a: Farigiraf|Hyper Voice|p2b: Thundurus\n|-damage|p2b: Thundurus|4\/100\n|-damage|p1a: Farigiraf|72\/100|[from] item: Life Orb\n|\n|upkeep\n|\n|t:|1700533487\n|switch|p2a: Urshifu|Urshifu-Rapid-Strike, L50, F|100\/100\n|turn|5\n|\n|t:|1700533507\n|-terastallize|p2a: Urshifu|Water\n|move|p1a: Farigiraf|Hyper Voice|p2b: Thundurus|[spread] p2a,p2b\n|-damage|p2a: Urshifu|33\/100\n|-damage|p2b: Thundurus|0 fnt\n|faint|p2b: Thundurus\n|-damage|p1a: Farigiraf|62\/100|[from] item: Life Orb\n|move|p1b: Oranguru|Instruct|p1a: Farigiraf\n|-singleturn|p1a: Farigiraf|move: Instruct|[of] p1b: Oranguru\n|move|p1a: Farigiraf|Hyper Voice|p2a: Urshifu\n|-damage|p2a: Urshifu|0 fnt\n|faint|p2a: Urshifu\n|-damage|p1a: Farigiraf|52\/100|[from] item: Life Orb\n|\n|win|AGPVGC\n|raw|AGPVGC's rating: 1116 &rarr; <strong>1136<\/strong><br \/>(+20 for winning)\n|raw|ZezinPocoto's rating: 1048 &rarr; <strong>1034<\/strong><br \/>(-14 for losing)\n|l|\u2606ZezinPocoto\n","uploadtime":1700533533,"views":15,"p1id":"agpvgc","p2id":"zezinpocoto","formatid":"gen9vgc2023regulatione","rating":1034,"private":0,"password":""}