{"id":"gen9vgc2023regulatione-1992003828","p1":"Refanner","p2":"Battlerchamp69","format":"[Gen 9] VGC 2023 Regulation E","log":"|j|\u2606Refanner\n|j|\u2606Battlerchamp69\n|t:|1700146886\n|gametype|doubles\n|player|p1|Refanner|265|1263\n|player|p2|Battlerchamp69|emmet|1248\n|teamsize|p1|6\n|teamsize|p2|6\n|gen|9\n|tier|[Gen 9] VGC 2023 Regulation E\n|rated|\n|rule|Species Clause: Limit one of each Pok\u00e9mon\n|rule|Item Clause: Limit one of each item\n|clearpoke\n|poke|p1|Glimmora, L50, M|\n|poke|p1|Urshifu-*, L50, F|\n|poke|p1|Tornadus, L50, M|\n|poke|p1|Rillaboom, L50, F|\n|poke|p1|Clefairy, L50, M|\n|poke|p1|Regieleki, L50|\n|poke|p2|Tornadus, L50, M|\n|poke|p2|Chi-Yu, L50|\n|poke|p2|Flutter Mane, L50|\n|poke|p2|Ogerpon-Hearthflame, L50, F|\n|poke|p2|Landorus-Therian, L50, M|\n|poke|p2|Iron Hands, L50|\n|teampreview|4\n|inactive|Battle timer is ON: inactive players will automatically lose when time's up. (requested by Battlerchamp69)\n|inactive|Refanner has 60 seconds left.\n|\n|t:|1700146952\n|start\n|switch|p1a: Tornadus|Tornadus, L50, M|100\/100\n|switch|p1b: Glimmora|Glimmora, L50, M|100\/100\n|switch|p2a: Tornadus|Tornadus, L50, M|100\/100\n|switch|p2b: Chi-Yu|Chi-Yu, L50|100\/100\n|-ability|p2b: Chi-Yu|Beads of Ruin\n|turn|1\n|inactive|Refanner has 30 seconds left.\n|inactive|Refanner has 20 seconds left.\n|inactive|Battlerchamp69 has 30 seconds left.\n|\n|t:|1700146991\n|move|p1a: Tornadus|Tailwind|p1a: Tornadus\n|-sidestart|p1: Refanner|move: Tailwind\n|move|p2a: Tornadus|Taunt|p1a: Tornadus\n|-start|p1a: Tornadus|move: Taunt\n|move|p1b: Glimmora|Power Gem|p2b: Chi-Yu\n|-supereffective|p2b: Chi-Yu\n|-damage|p2b: Chi-Yu|0 fnt\n|faint|p2b: Chi-Yu\n|\n|upkeep\n|\n|t:|1700146999\n|switch|p2b: Landorus|Landorus-Therian, L50, M|100\/100\n|-ability|p2b: Landorus|Intimidate|boost\n|-unboost|p1a: Tornadus|atk|1\n|-unboost|p1b: Glimmora|atk|1\n|turn|2\n|\n|t:|1700147023\n|move|p1b: Glimmora|Spiky Shield|p1b: Glimmora\n|-singleturn|p1b: Glimmora|move: Protect\n|move|p2a: Tornadus|Tailwind|p2a: Tornadus\n|-sidestart|p2: Battlerchamp69|move: Tailwind\n|move|p2b: Landorus|Stomping Tantrum|p1b: Glimmora\n|-activate|p1b: Glimmora|move: Protect\n|-damage|p2b: Landorus|88\/100|[from] Spiky Shield|[of] p1b: Glimmora\n|move|p1a: Tornadus|Icy Wind|p2a: Tornadus|[spread] p2a,p2b\n|-supereffective|p2a: Tornadus\n|-crit|p2a: Tornadus\n|-supereffective|p2b: Landorus\n|-damage|p2a: Tornadus|71\/100\n|-damage|p2b: Landorus|20\/100\n|-unboost|p2a: Tornadus|spe|1\n|-unboost|p2b: Landorus|spe|1\n|\n|upkeep\n|turn|3\n|inactive|Refanner has 30 seconds left.\n|\n|t:|1700147055\n|-terastallize|p1b: Glimmora|Grass\n|move|p2a: Tornadus|Sunny Day|p2a: Tornadus\n|-weather|SunnyDay\n|move|p2b: Landorus|Stomping Tantrum|p1b: Glimmora\n|-resisted|p1b: Glimmora\n|-damage|p1b: Glimmora|72\/100\n|-activate|p1b: Glimmora|ability: Toxic Debris\n|-sidestart|p2: Battlerchamp69|move: Toxic Spikes\n|move|p1b: Glimmora|Power Gem|p2a: Tornadus\n|-supereffective|p2a: Tornadus\n|-damage|p2a: Tornadus|0 fnt\n|faint|p2a: Tornadus\n|move|p1a: Tornadus|Icy Wind|p2b: Landorus\n|-supereffective|p2b: Landorus\n|-damage|p2b: Landorus|0 fnt\n|faint|p2b: Landorus\n|\n|-weather|SunnyDay|[upkeep]\n|upkeep\n|\n|t:|1700147064\n|switch|p2b: Ogerpon|Ogerpon-Hearthflame, L50, F|100\/100\n|-status|p2b: Ogerpon|psn\n|-ability|p2b: Ogerpon|Mold Breaker\n|turn|4\n|\n|t:|1700147079\n|-terastallize|p2b: Ogerpon|Fire\n|detailschange|p2b: Ogerpon|Ogerpon-Hearthflame-Tera, L50, F, tera:Fire\n|-ability|p2b: Ogerpon|Embody Aspect (Hearthflame)|boost\n|-boost|p2b: Ogerpon|atk|1\n|move|p1b: Glimmora|Spiky Shield|p1b: Glimmora\n|-singleturn|p1b: Glimmora|move: Protect\n|move|p2b: Ogerpon|Ivy Cudgel|p1b: Glimmora|[anim] Ivy Cudgel Fire\n|-activate|p1b: Glimmora|move: Protect\n|move|p1a: Tornadus|Bleakwind Storm|p2b: Ogerpon\n|-damage|p2b: Ogerpon|50\/100 psn\n|\n|-weather|SunnyDay|[upkeep]\n|-damage|p2b: Ogerpon|37\/100 psn|[from] psn\n|-end|p1a: Tornadus|move: Taunt\n|-sideend|p1: Refanner|move: Tailwind\n|upkeep\n|turn|5\n|\n|t:|1700147099\n|move|p1a: Tornadus|Tailwind|p1a: Tornadus\n|-sidestart|p1: Refanner|move: Tailwind\n|move|p2b: Ogerpon|Ivy Cudgel|p1b: Glimmora|[anim] Ivy Cudgel Fire\n|-supereffective|p1b: Glimmora\n|-damage|p1b: Glimmora|0 fnt\n|-activate|p1b: Glimmora|ability: Toxic Debris\n|-sidestart|p2: Battlerchamp69|move: Toxic Spikes\n|faint|p1b: Glimmora\n|\n|-weather|SunnyDay|[upkeep]\n|-damage|p2b: Ogerpon|25\/100 psn|[from] psn\n|-sideend|p2: Battlerchamp69|move: Tailwind\n|upkeep\n|\n|t:|1700147109\n|switch|p1b: Urshifu|Urshifu, L50, F|100\/100\n|turn|6\n|\n|t:|1700147115\n|move|p1b: Urshifu|Wicked Blow|p2b: Ogerpon\n|-crit|p2b: Ogerpon\n|-damage|p2b: Ogerpon|0 fnt\n|faint|p2b: Ogerpon\n|\n|win|Refanner\n|raw|Refanner's rating: 1263 &rarr; <strong>1287<\/strong><br \/>(+24 for winning)\n|raw|Battlerchamp69's rating: 1248 &rarr; <strong>1224<\/strong><br \/>(-24 for losing)\n","uploadtime":1700147121,"views":26,"p1id":"refanner","p2id":"battlerchamp69","formatid":"gen9vgc2023regulatione","rating":1224,"private":0,"password":""}