{"id":"gen9vgc2023regulatione-1991404429","p1":"saltrice1225","p2":"Bolsa_25","format":"[Gen 9] VGC 2023 Regulation E","log":"|j|\u2606saltrice1225\n|j|\u2606Bolsa_25\n|t:|1700074271\n|gametype|doubles\n|player|p1|saltrice1225|rosa|1470\n|player|p2|Bolsa_25|tate|1476\n|teamsize|p1|6\n|teamsize|p2|6\n|gen|9\n|tier|[Gen 9] VGC 2023 Regulation E\n|rated|\n|rule|Species Clause: Limit one of each Pok\u00e9mon\n|rule|Item Clause: Limit one of each item\n|clearpoke\n|poke|p1|Tornadus, L50, M|\n|poke|p1|Gholdengo, L50|\n|poke|p1|Iron Hands, L50|\n|poke|p1|Urshifu-*, L50, M|\n|poke|p1|Landorus-Therian, L50, M|\n|poke|p1|Rillaboom, L50, F|\n|poke|p2|Indeedee-F, L50, F|\n|poke|p2|Ting-Lu, L50|\n|poke|p2|Armarouge, L50, F|\n|poke|p2|Torkoal, L50, M|\n|poke|p2|Hatterene, L50, F|\n|poke|p2|Glastrier, L50|\n|teampreview|4\n|j| ANDWQ\n|inactive|Battle timer is ON: inactive players will automatically lose when time's up. (requested by saltrice1225)\n|\n|t:|1700074287\n|start\n|switch|p1a: Gholdengo|Gholdengo, L50|100\/100\n|switch|p1b: Landorus|Landorus-Therian, L50, M|100\/100\n|switch|p2a: Indeedee|Indeedee-F, L50, F|100\/100\n|switch|p2b: Armarouge|Armarouge, L50, F|100\/100\n|-ability|p1b: Landorus|Intimidate|boost\n|-unboost|p2a: Indeedee|atk|1\n|-unboost|p2b: Armarouge|atk|1\n|-fieldstart|move: Psychic Terrain|[from] ability: Psychic Surge|[of] p2a: Indeedee\n|-enditem|p2a: Indeedee|Psychic Seed\n|-boost|p2a: Indeedee|spd|1|[from] item: Psychic Seed\n|turn|1\n|\n|t:|1700074309\n|switch|p2b: Torkoal|Torkoal, L50, M|100\/100\n|-weather|SunnyDay|[from] ability: Drought|[of] p2b: Torkoal\n|-terastallize|p1a: Gholdengo|Steel\n|move|p1a: Gholdengo|Make It Rain|p2b: Torkoal|[spread] p2a,p2b\n|-resisted|p2b: Torkoal\n|-damage|p2a: Indeedee|39\/100\n|-damage|p2b: Torkoal|41\/100\n|-unboost|p1a: Gholdengo|spa|1\n|move|p1b: Landorus|U-turn|p2b: Torkoal\n|-resisted|p2b: Torkoal\n|-damage|p2b: Torkoal|24\/100\n|\n|t:|1700074324\n|switch|p1b: Tornadus|Tornadus, L50, M|100\/100|[from] U-turn\n|move|p2a: Indeedee|Trick Room|p2a: Indeedee\n|-fieldstart|move: Trick Room|[of] p2a: Indeedee\n|\n|-weather|SunnyDay|[upkeep]\n|upkeep\n|turn|2\n|\n|t:|1700074337\n|switch|p1a: Landorus|Landorus-Therian, L50, M|100\/100\n|-ability|p1a: Landorus|Intimidate|boost\n|-unboost|p2a: Indeedee|atk|1\n|-unboost|p2b: Torkoal|atk|1\n|move|p1b: Tornadus|Rain Dance|p1b: Tornadus\n|-weather|RainDance\n|move|p2b: Torkoal|Heat Wave|p1b: Tornadus|[spread] p1a,p1b\n|-damage|p1a: Landorus|75\/100\n|-damage|p1b: Tornadus|70\/100\n|move|p2a: Indeedee|Dazzling Gleam|p1b: Tornadus|[spread] p1a,p1b\n|-damage|p1a: Landorus|61\/100\n|-damage|p1b: Tornadus|51\/100\n|\n|-weather|RainDance|[upkeep]\n|upkeep\n|turn|3\n|\n|t:|1700074357\n|move|p2b: Torkoal|Heat Wave|p1b: Tornadus|[spread] p1a,p1b\n|-damage|p1a: Landorus|35\/100\n|-damage|p1b: Tornadus|20\/100\n|move|p2a: Indeedee|Dazzling Gleam|p1b: Tornadus|[spread] p1a,p1b\n|-damage|p1a: Landorus|20\/100\n|-damage|p1b: Tornadus|2\/100\n|move|p1a: Landorus|Rock Slide|p2a: Indeedee|[spread] p2a,p2b\n|-supereffective|p2b: Torkoal\n|-damage|p2a: Indeedee|4\/100\n|-damage|p2b: Torkoal|0 fnt\n|faint|p2b: Torkoal\n|move|p1b: Tornadus|Bleakwind Storm|p2a: Indeedee\n|-damage|p2a: Indeedee|0 fnt\n|faint|p2a: Indeedee\n|\n|-weather|RainDance|[upkeep]\n|upkeep\n|\n|t:|1700074361\n|switch|p2b: Armarouge|Armarouge, L50, F|100\/100\n|switch|p2a: Glastrier|Glastrier, L50|100\/100\n|turn|4\n|\n|t:|1700074383\n|switch|p1a: Gholdengo|Gholdengo, L50, tera:Steel|100\/100\n|move|p2a: Glastrier|High Horsepower|p1a: Gholdengo\n|-supereffective|p1a: Gholdengo\n|-damage|p1a: Gholdengo|26\/100\n|move|p2b: Armarouge|Expanding Force|p1a: Gholdengo|[spread] p1a,p1b\n|-resisted|p1a: Gholdengo\n|-damage|p1a: Gholdengo|0 fnt\n|-damage|p1b: Tornadus|0 fnt\n|faint|p1a: Gholdengo\n|faint|p1b: Tornadus\n|-damage|p2b: Armarouge|91\/100|[from] item: Life Orb\n|\n|-weather|RainDance|[upkeep]\n|upkeep\n|\n|t:|1700074395\n|switch|p1a: Landorus|Landorus-Therian, L50, M|20\/100\n|switch|p1b: Rillaboom|Rillaboom, L50, F|100\/100\n|-fieldstart|move: Grassy Terrain|[from] ability: Grassy Surge|[of] p1b: Rillaboom\n|-ability|p1a: Landorus|Intimidate|boost\n|-fail|p2a: Glastrier|unboost|[from] item: Clear Amulet|[of] p2a: Glastrier\n|-unboost|p2b: Armarouge|atk|1\n|turn|5\n|\n|t:|1700074411\n|-terastallize|p2a: Glastrier|Ghost\n|move|p2b: Armarouge|Protect|p2b: Armarouge\n|-singleturn|p2b: Armarouge|Protect\n|move|p1b: Rillaboom|Fake Out|p2a: Glastrier\n|-immune|p2a: Glastrier\n|move|p2a: Glastrier|Icicle Crash|p1a: Landorus\n|-supereffective|p1a: Landorus\n|-damage|p1a: Landorus|0 fnt\n|faint|p1a: Landorus\n|-ability|p2a: Glastrier|Chilling Neigh|boost\n|-boost|p2a: Glastrier|atk|1\n|\n|-weather|RainDance|[upkeep]\n|-heal|p2b: Armarouge|97\/100|[from] Grassy Terrain\n|-fieldend|move: Trick Room\n|upkeep\n|turn|6\n|inactive|Bolsa_25 has 30 seconds left.\n|\n|t:|1700074441\n|move|p1b: Rillaboom|Wood Hammer|p2a: Glastrier\n|-damage|p2a: Glastrier|22\/100\n|-damage|p1b: Rillaboom|75\/100|[from] Recoil\n|move|p2a: Glastrier|Icicle Crash|p1b: Rillaboom\n|-supereffective|p1b: Rillaboom\n|-damage|p1b: Rillaboom|0 fnt\n|faint|p1b: Rillaboom\n|\n|win|Bolsa_25\n|raw|saltrice1225's rating: 1470 &rarr; <strong>1450<\/strong><br \/>(-20 for losing)\n|raw|Bolsa_25's rating: 1476 &rarr; <strong>1496<\/strong><br \/>(+20 for winning)\n|l|\u2606saltrice1225\n","uploadtime":1700074451,"views":29,"p1id":"saltrice1225","p2id":"bolsa25","formatid":"gen9vgc2023regulatione","rating":1450,"private":0,"password":""}