{"id":"gen9vgc2023regulatione-1998474726","p1":"Specs Hex Pex","p2":"Squirly","format":"[Gen 9] VGC 2023 Regulation E","log":"|j|\u2606Specs Hex Pex\n|j|\u2606Squirly\n|n|\u2606Specs Hex Pex|specshexpex\n|n|\u2606Squirly|squirly\n|html|View the match progress at <a href=\"\/game-bestof3-gen9vgc2023regulatione-1998471193\">game-bestof3-gen9vgc2023regulatione-1998471193<\/a>\n|t:|1700946438\n|gametype|doubles\n|player|p1|Specs Hex Pex|lady|\n|player|p2|Squirly|psychic-gen4|\n|teamsize|p1|6\n|teamsize|p2|6\n|gen|9\n|tier|[Gen 9] VGC 2023 Regulation E\n|rule|Species Clause: Limit one of each Pok\u00e9mon\n|rule|Item Clause: Limit one of each item\n|clearpoke\n|poke|p1|Kommo-o, L50, F|\n|poke|p1|Indeedee-F, L50, F|\n|poke|p1|Azumarill, L50, M|\n|poke|p1|Armarouge, L50, M|\n|poke|p1|Sneasel, L50, M|\n|poke|p1|Slither Wing, L50|\n|poke|p2|Foongus, L50, M|\n|poke|p2|Gardevoir, L50, F|\n|poke|p2|Skeledirge, L50, M|\n|poke|p2|Mamoswine, L50, M|\n|poke|p2|Milotic, L50, M|\n|poke|p2|Iron Jugulis, L50|\n|teampreview|4\nSquirly rejected open team sheets.\n|\n|t:|1700946485\n|start\n|switch|p1a: Sneasel|Sneasel, L50, M|100\/100\n|switch|p1b: Kommo-o|Kommo-o, L50, F|100\/100\n|switch|p2a: Iron Jugulis|Iron Jugulis, L50|100\/100\n|switch|p2b: Mamoswine|Mamoswine, L50, M|100\/100\n|-enditem|p2a: Iron Jugulis|Booster Energy\n|-activate|p2a: Iron Jugulis|ability: Quark Drive|[fromitem]\n|-start|p2a: Iron Jugulis|quarkdrivespe\n|turn|1\n|\n|t:|1700946510\n|-terastallize|p1b: Kommo-o|Fire\n|move|p1a: Sneasel|Fake Out|p2a: Iron Jugulis\n|-damage|p2a: Iron Jugulis|86\/100\n|cant|p2a: Iron Jugulis|flinch\n|move|p1b: Kommo-o|Clangorous Soul|p1b: Kommo-o\n|-boost|p1b: Kommo-o|atk|1\n|-boost|p1b: Kommo-o|def|1\n|-boost|p1b: Kommo-o|spa|1\n|-boost|p1b: Kommo-o|spd|1\n|-boost|p1b: Kommo-o|spe|1\n|-damage|p1b: Kommo-o|68\/100\n|move|p2b: Mamoswine|Earthquake|p1b: Kommo-o|[spread] p1a,p1b\n|-immune|p2a: Iron Jugulis\n|-supereffective|p1b: Kommo-o\n|-damage|p1a: Sneasel|10\/100\n|-damage|p1b: Kommo-o|12\/100\n|\n|-heal|p1b: Kommo-o|18\/100|[from] item: Leftovers\n|upkeep\n|turn|2\n|\n|t:|1700946531\n|move|p1b: Kommo-o|Protect|p1b: Kommo-o\n|-singleturn|p1b: Kommo-o|Protect\n|move|p2a: Iron Jugulis|Tailwind|p2a: Iron Jugulis\n|-sidestart|p2: Squirly|move: Tailwind\n|move|p2b: Mamoswine|Earthquake|p1b: Kommo-o|[spread] p1a\n|-activate|p1b: Kommo-o|move: Protect\n|-immune|p2a: Iron Jugulis\n|-damage|p1a: Sneasel|0 fnt\n|faint|p1a: Sneasel\n|\n|-heal|p1b: Kommo-o|24\/100|[from] item: Leftovers\n|upkeep\n|\n|t:|1700946544\n|switch|p1a: Azumarill|Azumarill, L50, M|100\/100\n|turn|3\n|\n|t:|1700946560\n|-terastallize|p2b: Mamoswine|Grass\n|move|p2a: Iron Jugulis|Air Slash|p1a: Azumarill\n|-crit|p1a: Azumarill\n|-damage|p1a: Azumarill|61\/100\n|move|p2b: Mamoswine|Earthquake|p1b: Kommo-o|[spread] p1a,p1b\n|-immune|p2a: Iron Jugulis\n|-supereffective|p1b: Kommo-o\n|-damage|p1a: Azumarill|18\/100\n|-damage|p1b: Kommo-o|0 fnt\n|faint|p1b: Kommo-o\n|move|p1a: Azumarill|Liquidation|p2b: Mamoswine\n|-resisted|p2b: Mamoswine\n|-damage|p2b: Mamoswine|69\/100\n|-unboost|p2b: Mamoswine|def|1\n|\n|upkeep\n|\n|t:|1700946573\n|switch|p1b: Armarouge|Armarouge, L50, M|100\/100\n|turn|4\n|\n|t:|1700946582\n|move|p1b: Armarouge|Protect|p1b: Armarouge\n|-singleturn|p1b: Armarouge|Protect\n|move|p2a: Iron Jugulis|Dark Pulse|p1b: Armarouge\n|-activate|p1b: Armarouge|move: Protect\n|move|p2b: Mamoswine|Earthquake|p1a: Azumarill|[spread] p1a\n|-activate|p1b: Armarouge|move: Protect\n|-immune|p2a: Iron Jugulis\n|-damage|p1a: Azumarill|0 fnt\n|faint|p1a: Azumarill\n|\n|upkeep\n|turn|5\n|\n|t:|1700946595\n|move|p2a: Iron Jugulis|Dark Pulse|p1b: Armarouge\n|-supereffective|p1b: Armarouge\n|-damage|p1b: Armarouge|0 fnt\n|faint|p1b: Armarouge\n|\n|win|Squirly\n|c|\u2606Squirly|Ggs\n|c|\u2606Specs Hex Pex|Ggs\n","uploadtime":1700946608,"views":26,"p1id":"specshexpex","p2id":"squirly","formatid":"gen9vgc2023regulatione","rating":0,"private":0,"password":""}