{"id":"gen9vgc2023regulatione-1991394063","p1":"w0rkj0","p2":"Kooopooolooo","format":"[Gen 9] VGC 2023 Regulation E","log":"|j|\u2606w0rkj0\n|j|\u2606Kooopooolooo\n|t:|1700073415\n|gametype|doubles\n|player|p1|w0rkj0|acetrainer-gen4|1165\n|player|p2|Kooopooolooo|266|1159\n|teamsize|p1|6\n|teamsize|p2|6\n|gen|9\n|tier|[Gen 9] VGC 2023 Regulation E\n|rated|\n|rule|Species Clause: Limit one of each Pok\u00e9mon\n|rule|Item Clause: Limit one of each item\n|clearpoke\n|poke|p1|Landorus, L50, M|\n|poke|p1|Clefairy, L50, M|\n|poke|p1|Arcanine-Hisui, L50, F|\n|poke|p1|Ogerpon-Wellspring, L50, F|\n|poke|p1|Roaring Moon, L50|\n|poke|p1|Iron Hands, L50|\n|poke|p2|Dragonite, L50, F|\n|poke|p2|Scizor, L50, F|\n|poke|p2|Chien-Pao, L50|\n|poke|p2|Palafin, L50, F|\n|poke|p2|Clefairy, L50, F|\n|poke|p2|Sneasler, L50, F|\n|teampreview|4\nKooopooolooo rejected open team sheets.\n|inactive|Battle timer is ON: inactive players will automatically lose when time's up. (requested by Kooopooolooo)\n|inactive|w0rkj0 has 60 seconds left.\n|l|\u2606Kooopooolooo\n|inactive|Kooopooolooo disconnected and has a minute to reconnect!\n|player|p2|\n|j|\u2606Kooopooolooo\n|inactive|Kooopooolooo reconnected.\n|player|p2|Kooopooolooo|266\n|inactive|w0rkj0 has 30 seconds left.\n|inactive|w0rkj0 has 20 seconds left.\n|inactive|w0rkj0 has 15 seconds left.\n|inactive|w0rkj0 has 10 seconds left.\n|inactive|w0rkj0 has 5 seconds left.\n|\n|t:|1700073506\n|start\n|switch|p1a: Clefairy|Clefairy, L50, M|100\/100\n|switch|p1b: Arcanine|Arcanine-Hisui, L50, F|100\/100\n|switch|p2a: Sneasler|Sneasler, L50, F|100\/100\n|switch|p2b: Chien-Pao|Chien-Pao, L50|100\/100\n|-ability|p2b: Chien-Pao|Sword of Ruin\n|-ability|p1b: Arcanine|Intimidate|boost\n|-unboost|p2a: Sneasler|atk|1\n|-unboost|p2b: Chien-Pao|atk|1\n|turn|1\n|inactive|w0rkj0 has 30 seconds left.\n|inactive|w0rkj0 has 20 seconds left.\n|\n|t:|1700073543\n|move|p2a: Sneasler|Fake Out|p1a: Clefairy\n|-enditem|p2a: Sneasler|Normal Gem|[from] gem\n|-damage|p1a: Clefairy|84\/100\n|cant|p1a: Clefairy|flinch\n|move|p2b: Chien-Pao|Sacred Sword|p1b: Arcanine\n|-supereffective|p1b: Arcanine\n|-crit|p1b: Arcanine\n|-damage|p1b: Arcanine|4\/100\n|move|p1b: Arcanine|Flare Blitz|p2a: Sneasler\n|-damage|p2a: Sneasler|0 fnt\n|faint|p2a: Sneasler\n|-damage|p1b: Arcanine|0 fnt|[from] Recoil\n|faint|p1b: Arcanine\n|\n|upkeep\n|inactive|w0rkj0 has 30 seconds left.\n|\n|t:|1700073569\n|switch|p2a: Clefairy|Clefairy, L50, F|100\/100\n|switch|p1b: Roaring Moon|Roaring Moon, L50|100\/100\n|-enditem|p1b: Roaring Moon|Booster Energy\n|-activate|p1b: Roaring Moon|ability: Protosynthesis|[fromitem]\n|-start|p1b: Roaring Moon|protosynthesisspe\n|turn|2\n|inactive|w0rkj0 has 30 seconds left.\n|inactive|w0rkj0 has 20 seconds left.\n|inactive|w0rkj0 has 15 seconds left.\n|\n|t:|1700073614\n|move|p2a: Clefairy|Helping Hand|p2b: Chien-Pao\n|-singleturn|p2b: Chien-Pao|Helping Hand|[of] p2a: Clefairy\n|move|p1a: Clefairy|Follow Me|p1a: Clefairy\n|-singleturn|p1a: Clefairy|move: Follow Me\n|move|p1b: Roaring Moon|Tailwind|p1b: Roaring Moon\n|-sidestart|p1: w0rkj0|move: Tailwind\n|move|p2b: Chien-Pao|Icicle Crash|p1a: Clefairy\n|-damage|p1a: Clefairy|38\/100\n|\n|upkeep\n|turn|3\n|inactive|w0rkj0 has 30 seconds left.\n|\n|t:|1700073645\n|-terastallize|p1b: Roaring Moon|Flying\n|move|p1a: Clefairy|Helping Hand|p1b: Roaring Moon\n|-singleturn|p1b: Roaring Moon|Helping Hand|[of] p1a: Clefairy\n|move|p2a: Clefairy|Helping Hand|p2b: Chien-Pao\n|-singleturn|p2b: Chien-Pao|Helping Hand|[of] p2a: Clefairy\n|move|p1b: Roaring Moon|Acrobatics|p2b: Chien-Pao\n|-damage|p2b: Chien-Pao|11\/100\n|move|p2b: Chien-Pao|Icicle Crash|p1a: Clefairy\n|-damage|p1a: Clefairy|0 fnt\n|faint|p1a: Clefairy\n|\n|upkeep\n|\n|t:|1700073657\n|switch|p1a: Landorus|Landorus, L50, M|100\/100\n|turn|4\n|\n|t:|1700073674\n|move|p2a: Clefairy|Follow Me|p2a: Clefairy\n|-singleturn|p2a: Clefairy|move: Follow Me\n|move|p1b: Roaring Moon|Acrobatics|p2a: Clefairy\n|-damage|p2a: Clefairy|10\/100\n|move|p1a: Landorus|Calm Mind|p1a: Landorus\n|-boost|p1a: Landorus|spa|1\n|-boost|p1a: Landorus|spd|1\n|move|p2b: Chien-Pao|Icicle Crash|p1b: Roaring Moon\n|-supereffective|p1b: Roaring Moon\n|-damage|p1b: Roaring Moon|8\/100\n|\n|upkeep\n|turn|5\n|inactive|w0rkj0 has 30 seconds left.\n|inactive|w0rkj0 has 20 seconds left.\n|\n|t:|1700073712\n|switch|p2b: Dragonite|Dragonite, L50, F|100\/100\n|move|p1b: Roaring Moon|Acrobatics|p2a: Clefairy\n|-damage|p2a: Clefairy|0 fnt\n|faint|p2a: Clefairy\n|move|p1a: Landorus|Sludge Bomb|p2b: Dragonite\n|-damage|p2b: Dragonite|31\/100\n|\n|-sideend|p1: w0rkj0|move: Tailwind\n|upkeep\n|\n|t:|1700073718\n|switch|p2a: Chien-Pao|Chien-Pao, L50|11\/100\n|-ability|p2a: Chien-Pao|Sword of Ruin\n|turn|6\n|inactive|w0rkj0 has 30 seconds left.\n|inactive|w0rkj0 has 20 seconds left.\n|inactive|w0rkj0 has 15 seconds left.\n|inactive|w0rkj0 has 10 seconds left.\n|\n|t:|1700073765\n|move|p1b: Roaring Moon|Protect|p1b: Roaring Moon\n|-singleturn|p1b: Roaring Moon|Protect\n|move|p1a: Landorus|Protect|p1a: Landorus\n|-singleturn|p1a: Landorus|Protect\n|move|p2b: Dragonite|Extreme Speed|p1b: Roaring Moon\n|-activate|p1b: Roaring Moon|move: Protect\n|move|p2a: Chien-Pao|Icicle Crash|p1a: Landorus\n|-activate|p1a: Landorus|move: Protect\n|\n|upkeep\n|turn|7\n|inactive|w0rkj0 has 30 seconds left.\n|inactive|w0rkj0 has 20 seconds left.\n|inactive|w0rkj0 has 15 seconds left.\n|inactive|w0rkj0 has 10 seconds left.\n|\n|t:|1700073813\n|move|p2b: Dragonite|Extreme Speed|p1b: Roaring Moon\n|-damage|p1b: Roaring Moon|0 fnt\n|faint|p1b: Roaring Moon\n|-end|p1b: Roaring Moon|Protosynthesis|[silent]\n|-damage|p2b: Dragonite|21\/100|[from] item: Life Orb\n|move|p2a: Chien-Pao|Icicle Crash|p1a: Landorus\n|-supereffective|p1a: Landorus\n|-crit|p1a: Landorus\n|-damage|p1a: Landorus|0 fnt\n|faint|p1a: Landorus\n|\n|win|Kooopooolooo\n|raw|w0rkj0's rating: 1165 &rarr; <strong>1140<\/strong><br \/>(-25 for losing)\n|raw|Kooopooolooo's rating: 1159 &rarr; <strong>1184<\/strong><br \/>(+25 for winning)\n|l|\u2606Kooopooolooo\n|l|\u2606w0rkj0\n","uploadtime":1700073867,"views":19,"p1id":"w0rkj0","p2id":"kooopooolooo","formatid":"gen9vgc2023regulatione","rating":1140,"private":0,"password":""}