{"id":"gen9vgc2023regulatione-1995763576","p1":"Yoyoforce","p2":"iPetBigfoot","format":"[Gen 9] VGC 2023 Regulation E","log":"|j|\u2606Yoyoforce\n|j|\u2606iPetBigfoot\n|t:|1700600885\n|gametype|doubles\n|player|p1|Yoyoforce|alder|\n|player|p2|iPetBigfoot|carmine-festival|\n|teamsize|p1|6\n|teamsize|p2|6\n|gen|9\n|tier|[Gen 9] VGC 2023 Regulation E\n|rule|Species Clause: Limit one of each Pok\u00e9mon\n|rule|Item Clause: Limit one of each item\n|clearpoke\n|poke|p1|Chi-Yu, L50|\n|poke|p1|Tornadus, L50, M|\n|poke|p1|Landorus-Therian, L50, M|\n|poke|p1|Flutter Mane, L50|\n|poke|p1|Iron Hands, L50|\n|poke|p1|Ogerpon-Wellspring, L50, F|\n|poke|p2|Regieleki, L50|\n|poke|p2|Urshifu-*, L50, F|\n|poke|p2|Tornadus, L50, M|\n|poke|p2|Ogerpon-Hearthflame, L50, F|\n|poke|p2|Gholdengo, L50|\n|poke|p2|Landorus-Therian, L50, M|\n|teampreview|4\niPetBigfoot has agreed to open team sheets.\nYoyoforce has agreed to open team sheets.\n|showteam|p1|Chi-Yu||LifeOrb|BeadsofRuin|Protect,TeraBlast,DarkPulse,HeatWave||||||50|,,,,,Grass]Tornadus||CovertCloak|Prankster|BleakwindStorm,Protect,Tailwind,RainDance|||M|||50|,,,,,Flying]Landorus-Therian||RockyHelmet|Intimidate|Earthquake,Uturn,RockSlide,TeraBlast|||M|||50|,,,,,Flying]Flutter Mane||BoosterEnergy|Protosynthesis|TrickRoom,DazzlingGleam,ShadowBall,Protect||||||50|,,,,,Fairy]Iron Hands||AssaultVest|QuarkDrive|DrainPunch,WildCharge,FakeOut,HeavySlam||||||50|,,,,,Water]Ogerpon-Wellspring||WellspringMask|WaterAbsorb|IvyCudgel,HornLeech,FollowMe,SpikyShield|||F|||50|,,,,,Water\n|showteam|p2|Regieleki||Magnet|Transistor|Thunderbolt,Electroweb,TeraBlast,Protect||||||50|,,,,,Ice]Urshifu||ChoiceBand|UnseenFist|WickedBlow,SuckerPunch,CloseCombat,Uturn|||F|||50|,,,,,Dark]Tornadus||CovertCloak|Prankster|BleakwindStorm,Tailwind,Taunt,Protect|||M|||50|,,,,,Dark]Ogerpon-Hearthflame||HearthflameMask|MoldBreaker|IvyCudgel,WoodHammer,FollowMe,SpikyShield|||F|||50|,,,,,Fire]Gholdengo||LifeOrb|GoodasGold|MakeItRain,ShadowBall,NastyPlot,Protect||||||50|,,,,,Dragon]Landorus-Therian||ChoiceScarf|Intimidate|StompingTantrum,TeraBlast,RockSlide,Uturn|||M|||50|,,,,,Flying\n|\n|t:|1700600950\n|start\n|switch|p1a: Misdreamus|Flutter Mane, L50, shiny|100\/100\n|switch|p1b: Haryandro|Iron Hands, L50|100\/100\n|switch|p2a: Ogerpon|Ogerpon-Hearthflame, L50, F|100\/100\n|switch|p2b: Tornadus|Tornadus, L50, M|100\/100\n|-ability|p2a: Ogerpon|Mold Breaker\n|-enditem|p1a: Misdreamus|Booster Energy\n|-activate|p1a: Misdreamus|ability: Protosynthesis|[fromitem]\n|-start|p1a: Misdreamus|protosynthesisspe\n|turn|1\n|c|\u2606Yoyoforce|gl\n|c|\u2606iPetBigfoot|glhf\n|\n|t:|1700600986\n|move|p2a: Ogerpon|Spiky Shield|p2a: Ogerpon\n|-singleturn|p2a: Ogerpon|move: Protect\n|move|p1b: Haryandro|Fake Out|p2b: Tornadus\n|-damage|p2b: Tornadus|82\/100\n|move|p2b: Tornadus|Taunt|p1a: Misdreamus\n|-start|p1a: Misdreamus|move: Taunt\n|cant|p1a: Misdreamus|move: Taunt|Trick Room\n|\n|upkeep\n|turn|2\n|\n|t:|1700601017\n|-terastallize|p2a: Ogerpon|Fire\n|detailschange|p2a: Ogerpon|Ogerpon-Hearthflame-Tera, L50, F, tera:Fire\n|-ability|p2a: Ogerpon|Embody Aspect (Hearthflame)|boost\n|-boost|p2a: Ogerpon|atk|1\n|move|p2b: Tornadus|Tailwind|p2b: Tornadus\n|-sidestart|p2: iPetBigfoot|move: Tailwind\n|move|p1a: Misdreamus|Dazzling Gleam|p2b: Tornadus|[spread] p2a,p2b\n|-resisted|p2a: Ogerpon\n|-damage|p2a: Ogerpon|87\/100\n|-damage|p2b: Tornadus|47\/100\n|move|p2a: Ogerpon|Ivy Cudgel|p1a: Misdreamus|[anim] Ivy Cudgel Fire\n|-damage|p1a: Misdreamus|0 fnt\n|faint|p1a: Misdreamus\n|-end|p1a: Misdreamus|Protosynthesis|[silent]\n|move|p1b: Haryandro|Wild Charge|p2b: Tornadus\n|-supereffective|p2b: Tornadus\n|-damage|p2b: Tornadus|0 fnt\n|faint|p2b: Tornadus\n|-damage|p1b: Haryandro|92\/100|[from] Recoil\n|\n|upkeep\n|\n|t:|1700601034\n|switch|p1a: Ame|Ogerpon-Wellspring, L50, F|100\/100\n|switch|p2b: Landorus|Landorus-Therian, L50, M|100\/100\n|-ability|p2b: Landorus|Intimidate|boost\n|-unboost|p1a: Ame|atk|1\n|-unboost|p1b: Haryandro|atk|1\n|turn|3\n|\n|t:|1700601058\n|-end|p1b: Haryandro|Quark Drive|[silent]\n|switch|p1b: Taichi|Landorus-Therian, L50, M|100\/100\n|-ability|p1b: Taichi|Intimidate|boost\n|-unboost|p2a: Ogerpon|atk|1\n|-unboost|p2b: Landorus|atk|1\n|-terastallize|p1a: Ame|Water\n|detailschange|p1a: Ame|Ogerpon-Wellspring-Tera, L50, F, tera:Water\n|-ability|p1a: Ame|Embody Aspect (Wellspring)|boost\n|-boost|p1a: Ame|spd|1\n|move|p2a: Ogerpon|Spiky Shield|p2a: Ogerpon\n|-singleturn|p2a: Ogerpon|move: Protect\n|move|p2b: Landorus|Stomping Tantrum|p1b: Taichi\n|-immune|p1b: Taichi\n|move|p1a: Ame|Ivy Cudgel|p2a: Ogerpon|[anim] Ivy Cudgel Water\n|-activate|p2a: Ogerpon|move: Protect\n|\n|upkeep\n|turn|4\n|\n|t:|1700601087\n|move|p1a: Ame|Spiky Shield|p1a: Ame\n|-singleturn|p1a: Ame|move: Protect\n|move|p2b: Landorus|Stomping Tantrum|p1a: Ame\n|-activate|p1a: Ame|move: Protect\n|-damage|p2b: Landorus|88\/100|[from] Spiky Shield|[of] p1a: Ame\n|move|p2a: Ogerpon|Wood Hammer|p1a: Ame\n|-activate|p1a: Ame|move: Protect\n|-damage|p2a: Ogerpon|75\/100|[from] Spiky Shield|[of] p1a: Ame\n|move|p1b: Taichi|Rock Slide|p2a: Ogerpon|[spread] p2b\n|-miss|p1b: Taichi|p2a: Ogerpon\n|-damage|p2b: Landorus|64\/100\n|\n|upkeep\n|turn|5\n|\n|t:|1700601107\n|move|p2b: Landorus|Stomping Tantrum|p1a: Ame\n|-damage|p1a: Ame|70\/100\n|move|p2a: Ogerpon|Wood Hammer|p1a: Ame\n|-supereffective|p1a: Ame\n|-damage|p1a: Ame|0 fnt\n|faint|p1a: Ame\n|-damage|p2a: Ogerpon|51\/100|[from] Recoil\n|move|p1b: Taichi|Rock Slide|p2a: Ogerpon|[spread] p2a\n|-miss|p1b: Taichi|p2b: Landorus\n|-supereffective|p2a: Ogerpon\n|-damage|p2a: Ogerpon|0 fnt\n|faint|p2a: Ogerpon\n|\n|-sideend|p2: iPetBigfoot|move: Tailwind\n|upkeep\n|\n|t:|1700601120\n|switch|p1a: Haryandro|Iron Hands, L50|92\/100\n|switch|p2a: Urshifu|Urshifu, L50, F|100\/100\n|turn|6\n|\n|t:|1700601140\n|move|p1a: Haryandro|Fake Out|p2a: Urshifu\n|-damage|p2a: Urshifu|86\/100\n|move|p2b: Landorus|Stomping Tantrum|p1a: Haryandro\n|-supereffective|p1a: Haryandro\n|-damage|p1a: Haryandro|54\/100\n|cant|p2a: Urshifu|flinch\n|move|p1b: Taichi|U-turn|p2a: Urshifu\n|-damage|p2a: Urshifu|60\/100\n|\n|upkeep\n|turn|7\n|\n|t:|1700601158\n|move|p2b: Landorus|Stomping Tantrum|p1a: Haryandro\n|-supereffective|p1a: Haryandro\n|-damage|p1a: Haryandro|11\/100\n|move|p2a: Urshifu|Wicked Blow|p1a: Haryandro\n|-resisted|p1a: Haryandro\n|-crit|p1a: Haryandro\n|-damage|p1a: Haryandro|0 fnt\n|faint|p1a: Haryandro\n|-end|p1a: Haryandro|Quark Drive|[silent]\n|move|p1b: Taichi|Rock Slide|p2a: Urshifu|[spread] p2a,p2b\n|-resisted|p2a: Urshifu\n|-damage|p2a: Urshifu|49\/100\n|-damage|p2b: Landorus|41\/100\n|\n|upkeep\n|turn|8\n|\n|t:|1700601169\n|move|p2b: Landorus|Stomping Tantrum|p1b: Taichi\n|-immune|p1b: Taichi\n|move|p2a: Urshifu|Wicked Blow|p1b: Taichi\n|-crit|p1b: Taichi\n|-damage|p1b: Taichi|12\/100\n|-damage|p2a: Urshifu|33\/100|[from] item: Rocky Helmet|[of] p1b: Taichi\n|move|p1b: Taichi|Earthquake|p2b: Landorus|[spread] p2a\n|-immune|p2b: Landorus\n|-damage|p2a: Urshifu|0 fnt\n|faint|p2a: Urshifu\n|\n|upkeep\n|turn|9\n|\n|t:|1700601183\n|move|p2b: Landorus|Stomping Tantrum|p1b: Taichi\n|-immune|p1b: Taichi\n|move|p1b: Taichi|Tera Blast|p2b: Landorus\n|-damage|p2b: Landorus|20\/100\n|\n|upkeep\n|turn|10\n|c|\u2606Yoyoforce|lol\n|\n|t:|1700601224\n|move|p2b: Landorus|Stomping Tantrum|p1b: Taichi\n|-immune|p1b: Taichi\n|move|p1b: Taichi|Rock Slide|p2b: Landorus\n|-damage|p2b: Landorus|0 fnt\n|faint|p2b: Landorus\n|\n|win|Yoyoforce\n|c|\u2606Yoyoforce|after this round wanna change teams\n|c|\u2606iPetBigfoot|its a bo3\n|c|\u2606iPetBigfoot|accept the challenge\n|c|\u2606Yoyoforce|ok\n|l|\u2606Yoyoforce\n","uploadtime":1700601492,"views":7,"p1id":"yoyoforce","p2id":"ipetbigfoot","formatid":"gen9vgc2023regulatione","rating":0,"private":0,"password":""}