{"id":"gen9vgc2023regulatione-1989405671","p1":"parasite poison","p2":"NickC_VGC","format":"[Gen 9] VGC 2023 Regulation E","log":"|j|\u2606parasite poison\n|j|\u2606NickC_VGC\n|t:|1699846081\n|gametype|doubles\n|player|p1|parasite poison|lusamine-nihilego|1296\n|player|p2|NickC_VGC|265|1386\n|teamsize|p1|6\n|teamsize|p2|6\n|gen|9\n|tier|[Gen 9] VGC 2023 Regulation E\n|rated|\n|rule|Species Clause: Limit one of each Pok\u00e9mon\n|rule|Item Clause: Limit one of each item\n|clearpoke\n|poke|p1|Rillaboom, L50, F|\n|poke|p1|Heatran, L50, F|\n|poke|p1|Flutter Mane, L50|\n|poke|p1|Urshifu-*, L50, F|\n|poke|p1|Glastrier, L50|\n|poke|p1|Cresselia, L50, F|\n|poke|p2|Sableye, L50, M|\n|poke|p2|Urshifu-*, L50, F|\n|poke|p2|Arcanine-Hisui, L50, M|\n|poke|p2|Chien-Pao, L50|\n|poke|p2|Dipplin, L50, F|\n|poke|p2|Thundurus-Therian, L50, M|\n|teampreview|4\nparasite poison rejected open team sheets.\n|inactive|Battle timer is ON: inactive players will automatically lose when time's up. (requested by parasite poison)\n|\n|t:|1699846125\n|start\n|switch|p1a: Flutter Mane|Flutter Mane, L50|100\/100\n|switch|p1b: Urshifu|Urshifu, L50, F|100\/100\n|switch|p2a: Sableye|Sableye, L50, M|100\/100\n|switch|p2b: Arcanine|Arcanine-Hisui, L50, M|100\/100\n|-ability|p2b: Arcanine|Intimidate|boost\n|-unboost|p1a: Flutter Mane|atk|1\n|-unboost|p1b: Urshifu|atk|1\n|-enditem|p1a: Flutter Mane|Booster Energy\n|-activate|p1a: Flutter Mane|ability: Protosynthesis|[fromitem]\n|-start|p1a: Flutter Mane|protosynthesisspe\n|turn|1\n|inactive|NickC_VGC has 30 seconds left.\n|inactive|NickC_VGC has 20 seconds left.\n|\n|t:|1699846164\n|move|p2a: Sableye|Fake Out|p1b: Urshifu\n|-damage|p1b: Urshifu|92\/100\n|move|p1a: Flutter Mane|Dazzling Gleam|p2a: Sableye|[spread] p2a,p2b\n|-supereffective|p2a: Sableye\n|-resisted|p2b: Arcanine\n|-damage|p2a: Sableye|19\/100\n|-damage|p2b: Arcanine|83\/100\n|-enditem|p2a: Sableye|Sitrus Berry|[eat]\n|-heal|p2a: Sableye|44\/100|[from] item: Sitrus Berry\n|cant|p1b: Urshifu|flinch\n|move|p2b: Arcanine|Flare Blitz|p1a: Flutter Mane\n|-damage|p1a: Flutter Mane|0 fnt\n|faint|p1a: Flutter Mane\n|-end|p1a: Flutter Mane|Protosynthesis|[silent]\n|-damage|p2b: Arcanine|61\/100|[from] Recoil\n|\n|upkeep\n|\n|t:|1699846178\n|switch|p1a: Glastrier|Glastrier, L50|100\/100\n|turn|2\n|\n|t:|1699846199\n|switch|p2b: Thundurus|Thundurus-Therian, L50, M|100\/100\n|-terastallize|p1a: Glastrier|Electric\n|move|p2a: Sableye|Gravity|p2a: Sableye\n|-fieldstart|move: Gravity\n|move|p1b: Urshifu|Close Combat|p2b: Thundurus\n|-resisted|p2b: Thundurus\n|-damage|p2b: Thundurus|73\/100\n|-unboost|p1b: Urshifu|def|1\n|-unboost|p1b: Urshifu|spd|1\n|move|p1a: Glastrier|Iron Defense|p1a: Glastrier\n|-boost|p1a: Glastrier|def|2\n|\n|upkeep\n|turn|3\n|inactive|NickC_VGC has 30 seconds left.\n|inactive|NickC_VGC has 20 seconds left.\n|inactive|NickC_VGC has 15 seconds left.\n|inactive|NickC_VGC has 10 seconds left.\n|inactive|NickC_VGC has 5 seconds left.\n|\n|t:|1699846251\n|move|p1a: Glastrier|Protect|p1a: Glastrier\n|-singleturn|p1a: Glastrier|Protect\n|move|p1b: Urshifu|Wicked Blow|p2a: Sableye\n|-crit|p2a: Sableye\n|-damage|p2a: Sableye|0 fnt\n|faint|p2a: Sableye\n|move|p2b: Thundurus|Wildbolt Storm|p1a: Glastrier|[spread] p1b\n|-activate|p1a: Glastrier|move: Protect\n|-damage|p1b: Urshifu|0 fnt\n|faint|p1b: Urshifu\n|\n|upkeep\n|\n|t:|1699846267\n|switch|p1b: Cresselia|Cresselia, L50, F, shiny|100\/100\n|switch|p2a: Urshifu|Urshifu-Rapid-Strike, L50, F|100\/100\n|turn|4\n|\n|t:|1699846277\n|-terastallize|p2a: Urshifu|Water\n|move|p2a: Urshifu|Surging Strikes|p1a: Glastrier\n|-crit|p1a: Glastrier\n|-damage|p1a: Glastrier|78\/100\n|-crit|p1a: Glastrier\n|-damage|p1a: Glastrier|57\/100\n|-crit|p1a: Glastrier\n|-damage|p1a: Glastrier|37\/100\n|-hitcount|p1a: Glastrier|3\n|move|p2b: Thundurus|Wildbolt Storm|p1a: Glastrier|[spread] p1a,p1b\n|-resisted|p1a: Glastrier\n|-damage|p1a: Glastrier|15\/100\n|-damage|p1b: Cresselia|57\/100\n|move|p1a: Glastrier|Body Press|p2a: Urshifu\n|-damage|p2a: Urshifu|51\/100\n|move|p1b: Cresselia|Trick Room|p1b: Cresselia\n|-fieldstart|move: Trick Room|[of] p1b: Cresselia\n|\n|-heal|p1a: Glastrier|21\/100|[from] item: Leftovers\n|upkeep\n|turn|5\n|inactive|parasite poison has 30 seconds left.\n|inactive|NickC_VGC has 30 seconds left.\n|\n|t:|1699846305\n|move|p1a: Glastrier|Protect|p1a: Glastrier\n|-singleturn|p1a: Glastrier|Protect\n|move|p1b: Cresselia|Ally Switch|p1b: Cresselia\n|swap|p1b: Cresselia|0|[from] move: Ally Switch\n|move|p2b: Thundurus|Wildbolt Storm|p1b: Glastrier|[spread] p1a\n|-activate|p1b: Glastrier|move: Protect\n|-damage|p1a: Cresselia|9\/100\n|move|p2a: Urshifu|Surging Strikes|p1a: Cresselia\n|-crit|p1a: Cresselia\n|-damage|p1a: Cresselia|0 fnt\n|-damage|p2a: Urshifu|35\/100|[from] item: Rocky Helmet|[of] p1a: Cresselia\n|faint|p1a: Cresselia\n|-hitcount|p1: Cresselia|1\n|\n|-heal|p1b: Glastrier|27\/100|[from] item: Leftovers\n|upkeep\n|turn|6\n|-message|parasite poison forfeited.\n|\n|win|NickC_VGC\n|raw|parasite poison's rating: 1296 &rarr; <strong>1277<\/strong><br \/>(-19 for losing)\n|raw|NickC_VGC's rating: 1386 &rarr; <strong>1401<\/strong><br \/>(+15 for winning)\n|l|\u2606parasite poison\n","uploadtime":1699846509,"views":8,"p1id":"parasitepoison","p2id":"nickcvgc","formatid":"gen9vgc2023regulatione","rating":1277,"private":0,"password":""}