{"id":"gen9vgc2023regulatione-1988570894","p1":"Prf.Anu","p2":"kakdaddy","format":"[Gen 9] VGC 2023 Regulation E","log":"|j|\u2606Prf.Anu\n|j|\u2606kakdaddy\n|t:|1699737334\n|gametype|doubles\n|player|p1|Prf.Anu|unknown|1103\n|player|p2|kakdaddy|102|1172\n|teamsize|p1|6\n|teamsize|p2|6\n|gen|9\n|tier|[Gen 9] VGC 2023 Regulation E\n|rated|\n|rule|Species Clause: Limit one of each Pok\u00e9mon\n|rule|Item Clause: Limit one of each item\n|clearpoke\n|poke|p1|Tornadus, L50, M|\n|poke|p1|Indeedee-F, L50, F|\n|poke|p1|Chi-Yu, L50|\n|poke|p1|Flutter Mane, L50|\n|poke|p1|Iron Hands, L50|\n|poke|p1|Rillaboom, L50, F|\n|poke|p2|Kingambit, L50, M|\n|poke|p2|Ogerpon-Hearthflame, L50, F|\n|poke|p2|Tornadus, L50, M|\n|poke|p2|Flutter Mane, L50|\n|poke|p2|Urshifu-*, L50, F|\n|poke|p2|Landorus-Therian, L50, M|\n|teampreview|4\n|inactive|Battle timer is ON: inactive players will automatically lose when time's up. (requested by Prf.Anu)\nPrf.Anu rejected open team sheets.\n|\n|t:|1699737355\n|start\n|switch|p1a: Tornadus|Tornadus, L50, M, shiny|100\/100\n|switch|p1b: Indeedee|Indeedee-F, L50, F, shiny|100\/100\n|switch|p2a: Flutter Mane|Flutter Mane, L50|100\/100\n|switch|p2b: Kingambit|Kingambit, L50, M|100\/100\n|-fieldstart|move: Psychic Terrain|[from] ability: Psychic Surge|[of] p1b: Indeedee\n|-enditem|p2a: Flutter Mane|Booster Energy\n|-activate|p2a: Flutter Mane|ability: Protosynthesis|[fromitem]\n|-start|p2a: Flutter Mane|protosynthesisspe\n|turn|1\n|\n|t:|1699737376\n|-terastallize|p1a: Tornadus|Ground\n|move|p1a: Tornadus|Tailwind|p1a: Tornadus\n|-sidestart|p1: Prf.Anu|move: Tailwind\n|move|p2a: Flutter Mane|Icy Wind|p1a: Tornadus|[spread] p1a,p1b\n|-supereffective|p1a: Tornadus\n|-damage|p1a: Tornadus|66\/100\n|-damage|p1b: Indeedee|89\/100\n|-unboost|p1a: Tornadus|spe|1\n|-unboost|p1b: Indeedee|spe|1\n|move|p1b: Indeedee|Psychic|p2a: Flutter Mane\n|-damage|p2a: Flutter Mane|58\/100\n|-unboost|p2a: Flutter Mane|spd|1\n|move|p2b: Kingambit|Kowtow Cleave|p1b: Indeedee\n|-supereffective|p1b: Indeedee\n|-damage|p1b: Indeedee|0 fnt\n|faint|p1b: Indeedee\n|\n|upkeep\n|\n|t:|1699737391\n|switch|p1b: Chi-Yu|Chi-Yu, L50|100\/100\n|-ability|p1b: Chi-Yu|Beads of Ruin\n|turn|2\n|\n|t:|1699737405\n|-end|p2a: Flutter Mane|Protosynthesis|[silent]\n|switch|p2a: Tornadus|Tornadus, L50, M|100\/100\n|move|p1a: Tornadus|Sunny Day|p1a: Tornadus\n|-weather|SunnyDay\n|move|p2b: Kingambit|Sucker Punch|p1b: Chi-Yu\n|-activate|p1b: Chi-Yu|move: Psychic Terrain\n|move|p1b: Chi-Yu|Heat Wave|p2b: Kingambit|[spread] p2a,p2b\n|-supereffective|p2b: Kingambit\n|-damage|p2a: Tornadus|12\/100\n|-damage|p2b: Kingambit|0 fnt\n|-enditem|p2a: Tornadus|Sitrus Berry|[eat]\n|-heal|p2a: Tornadus|37\/100|[from] item: Sitrus Berry\n|faint|p2b: Kingambit\n|\n|-weather|SunnyDay|[upkeep]\n|upkeep\n|\n|t:|1699737419\n|switch|p2b: Flutter Mane|Flutter Mane, L50|58\/100\n|-activate|p2b: Flutter Mane|ability: Protosynthesis\n|-start|p2b: Flutter Mane|protosynthesisspe\n|turn|3\n|\n|t:|1699737428\n|-terastallize|p2b: Flutter Mane|Fairy\n|move|p2a: Tornadus|Tailwind|p2a: Tornadus\n|-sidestart|p2: kakdaddy|move: Tailwind\n|move|p2b: Flutter Mane|Dazzling Gleam|p1a: Tornadus|[spread] p1a,p1b\n|-damage|p1a: Tornadus|1\/100\n|-damage|p1b: Chi-Yu|57\/100\n|move|p1b: Chi-Yu|Heat Wave|p2a: Tornadus|[spread] p2a,p2b\n|-damage|p2a: Tornadus|0 fnt\n|-damage|p2b: Flutter Mane|0 fnt\n|faint|p2a: Tornadus\n|faint|p2b: Flutter Mane\n|-end|p2b: Flutter Mane|Protosynthesis|[silent]\n|move|p1a: Tornadus|Bleakwind Storm|p2: Tornadus|[notarget]\n|-fail|p1a: Tornadus\n|\n|-weather|SunnyDay|[upkeep]\n|upkeep\n|c|\u2606kakdaddy|nice\n|\n|t:|1699737437\n|switch|p2a: Ogerpon|Ogerpon-Hearthflame, L50, F|100\/100\n|-ability|p2a: Ogerpon|Mold Breaker\n|turn|4\n|\n|t:|1699737448\n|move|p2a: Ogerpon|Spiky Shield|p2a: Ogerpon\n|-singleturn|p2a: Ogerpon|move: Protect\n|move|p1b: Chi-Yu|Heat Wave|p2a: Ogerpon\n|-activate|p2a: Ogerpon|move: Protect\n|move|p1a: Tornadus|Bleakwind Storm|p2a: Ogerpon\n|-activate|p2a: Ogerpon|move: Protect\n|\n|-weather|SunnyDay|[upkeep]\n|-sideend|p1: Prf.Anu|move: Tailwind\n|upkeep\n|turn|5\n|inactive|Prf.Anu has 30 seconds left.\n|\n|t:|1699737474\n|move|p1b: Chi-Yu|Protect|p1b: Chi-Yu\n|-singleturn|p1b: Chi-Yu|Protect\n|move|p2a: Ogerpon|Horn Leech|p1a: Tornadus\n|-supereffective|p1a: Tornadus\n|-damage|p1a: Tornadus|0 fnt\n|-damage|p2a: Ogerpon|84\/100|[from] item: Rocky Helmet|[of] p1a: Tornadus\n|faint|p1a: Tornadus\n|\n|-weather|SunnyDay|[upkeep]\n|-fieldend|move: Psychic Terrain\n|upkeep\n|\n|t:|1699737482\n|switch|p1a: Flutter Mane|Flutter Mane, L50, shiny|100\/100\n|-activate|p1a: Flutter Mane|ability: Protosynthesis\n|-start|p1a: Flutter Mane|protosynthesisspa\n|turn|6\n|\n|t:|1699737503\n|move|p1a: Flutter Mane|Helping Hand|p1b: Chi-Yu\n|-singleturn|p1b: Chi-Yu|Helping Hand|[of] p1a: Flutter Mane\n|move|p2a: Ogerpon|Ivy Cudgel|p1a: Flutter Mane\n|-damage|p1a: Flutter Mane|0 fnt\n|faint|p1a: Flutter Mane\n|-end|p1a: Flutter Mane|Protosynthesis|[silent]\n|move|p1b: Chi-Yu|Heat Wave|p2a: Ogerpon\n|-damage|p2a: Ogerpon|0 fnt\n|faint|p2a: Ogerpon\n|\n|win|Prf.Anu\n|raw|Prf.Anu's rating: 1103 &rarr; <strong>1133<\/strong><br \/>(+30 for winning)\n|raw|kakdaddy's rating: 1172 &rarr; <strong>1142<\/strong><br \/>(-30 for losing)\n|l|\u2606kakdaddy\n","uploadtime":1699737516,"views":13,"p1id":"prfanu","p2id":"kakdaddy","formatid":"gen9vgc2023regulatione","rating":1133,"private":0,"password":""}