{"id":"gen9vgc2023regulatione-1992672678","p1":"Cassatol","p2":"ZakyVGC","format":"[Gen 9] VGC 2023 Regulation E","log":"|j|\u2606Cassatol\n|j|\u2606ZakyVGC\n|t:|1700223480\n|gametype|doubles\n|player|p1|Cassatol|169|1365\n|player|p2|ZakyVGC|102|1418\n|teamsize|p1|6\n|teamsize|p2|6\n|gen|9\n|tier|[Gen 9] VGC 2023 Regulation E\n|rated|\n|rule|Species Clause: Limit one of each Pok\u00e9mon\n|rule|Item Clause: Limit one of each item\n|clearpoke\n|poke|p1|Arcanine-Hisui, L50, M|\n|poke|p1|Gholdengo, L50|\n|poke|p1|Tornadus, L50, M|\n|poke|p1|Amoonguss, L50, F|\n|poke|p1|Urshifu-*, L50, M|\n|poke|p1|Iron Bundle, L50|\n|poke|p2|Kingambit, L50, F|\n|poke|p2|Landorus-Therian, L50, M|\n|poke|p2|Chi-Yu, L50|\n|poke|p2|Flutter Mane, L50|\n|poke|p2|Ogerpon-Wellspring, L50, F|\n|poke|p2|Iron Hands, L50|\n|teampreview|4\n|inactive|Battle timer is ON: inactive players will automatically lose when time's up. (requested by ZakyVGC)\n|\n|t:|1700223496\n|start\n|switch|p1a: Urshifu|Urshifu, L50, M|100\/100\n|switch|p1b: Tornadus|Tornadus, L50, M|100\/100\n|switch|p2a: Iron Hands|Iron Hands, L50|100\/100\n|switch|p2b: Landorus|Landorus-Therian, L50, M|100\/100\n|-ability|p2b: Landorus|Intimidate|boost\n|-unboost|p1a: Urshifu|atk|1\n|-unboost|p1b: Tornadus|atk|1\n|turn|1\n|\n|t:|1700223519\n|move|p1b: Tornadus|Protect|p1b: Tornadus\n|-singleturn|p1b: Tornadus|Protect\n|move|p2b: Landorus|U-turn|p1b: Tornadus\n|-activate|p1b: Tornadus|move: Protect\n|move|p1a: Urshifu|Wicked Blow|p2b: Landorus\n|-crit|p2b: Landorus\n|-damage|p2b: Landorus|0 fnt\n|faint|p2b: Landorus\n|move|p2a: Iron Hands|Wild Charge|p1b: Tornadus\n|-activate|p1b: Tornadus|move: Protect\n|\n|upkeep\n|\n|t:|1700223527\n|switch|p2b: Ogerpon|Ogerpon-Wellspring, L50, F|100\/100\n|turn|2\n|\n|t:|1700223553\n|move|p1b: Tornadus|Tailwind|p1b: Tornadus\n|-sidestart|p1: Cassatol|move: Tailwind\n|move|p1a: Urshifu|Wicked Blow|p2b: Ogerpon\n|-crit|p2b: Ogerpon\n|-damage|p2b: Ogerpon|0 fnt\n|faint|p2b: Ogerpon\n|move|p2a: Iron Hands|Drain Punch|p1a: Urshifu\n|-supereffective|p1a: Urshifu\n|-damage|p1a: Urshifu|14\/100\n|\n|upkeep\n|\n|t:|1700223561\n|switch|p2b: Kingambit|Kingambit, L50, F|100\/100\n|turn|3\n|\n|t:|1700223575\n|switch|p1a: Iron Bundle|Iron Bundle, L50|100\/100\n|-enditem|p1a: Iron Bundle|Booster Energy\n|-activate|p1a: Iron Bundle|ability: Quark Drive|[fromitem]\n|-start|p1a: Iron Bundle|quarkdrivespe\n|move|p2b: Kingambit|Sucker Punch||[still]\n|-fail|p2b: Kingambit\n|move|p1b: Tornadus|Bleakwind Storm|p2a: Iron Hands|[spread] p2a,p2b\n|-resisted|p2b: Kingambit\n|-damage|p2a: Iron Hands|79\/100\n|-damage|p2b: Kingambit|85\/100\n|move|p2a: Iron Hands|Wild Charge|p1b: Tornadus\n|-supereffective|p1b: Tornadus\n|-damage|p1b: Tornadus|0 fnt\n|faint|p1b: Tornadus\n|-damage|p2a: Iron Hands|63\/100|[from] Recoil\n|\n|upkeep\n|\n|t:|1700223578\n|switch|p1b: Urshifu|Urshifu, L50, M|14\/100\n|turn|4\n|inactive|ZakyVGC has 30 seconds left.\n|inactive|ZakyVGC has 20 seconds left.\n|inactive|ZakyVGC has 15 seconds left.\n|\n|t:|1700223618\n|move|p2b: Kingambit|Sucker Punch|p1b: Urshifu\n|-resisted|p1b: Urshifu\n|-damage|p1b: Urshifu|3\/100\n|move|p1a: Iron Bundle|Hydro Pump|p2b: Kingambit\n|-damage|p2b: Kingambit|27\/100\n|move|p1b: Urshifu|Close Combat|p2b: Kingambit\n|-supereffective|p2b: Kingambit\n|-damage|p2b: Kingambit|0 fnt\n|-unboost|p1b: Urshifu|def|1\n|-unboost|p1b: Urshifu|spd|1\n|faint|p2b: Kingambit\n|move|p2a: Iron Hands|Drain Punch|p1a: Iron Bundle\n|-supereffective|p1a: Iron Bundle\n|-damage|p1a: Iron Bundle|0 fnt\n|-heal|p2a: Iron Hands|89\/100|[from] drain|[of] p1a: Iron Bundle\n|faint|p1a: Iron Bundle\n|-end|p1a: Iron Bundle|Quark Drive|[silent]\n|\n|upkeep\n|\n|t:|1700223625\n|switch|p1a: Arcanine|Arcanine-Hisui, L50, M|100\/100\n|-ability|p1a: Arcanine|Intimidate|boost\n|-unboost|p2a: Iron Hands|atk|1\n|turn|5\n|\n|t:|1700223633\n|-terastallize|p2a: Iron Hands|Fire\n|move|p1b: Urshifu|Close Combat|p2a: Iron Hands\n|-damage|p2a: Iron Hands|29\/100\n|-unboost|p1b: Urshifu|def|1\n|-unboost|p1b: Urshifu|spd|1\n|move|p1a: Arcanine|Will-O-Wisp|p2a: Iron Hands\n|-immune|p2a: Iron Hands\n|move|p2a: Iron Hands|Drain Punch|p1a: Arcanine\n|-supereffective|p1a: Arcanine\n|-damage|p1a: Arcanine|36\/100\n|-heal|p2a: Iron Hands|53\/100|[from] drain|[of] p1a: Arcanine\n|-enditem|p1a: Arcanine|Sitrus Berry|[eat]\n|-heal|p1a: Arcanine|61\/100|[from] item: Sitrus Berry\n|\n|-sideend|p1: Cassatol|move: Tailwind\n|upkeep\n|turn|6\n|\n|t:|1700223649\n|move|p1b: Urshifu|Close Combat|p2a: Iron Hands\n|-damage|p2a: Iron Hands|0 fnt\n|-unboost|p1b: Urshifu|def|1\n|-unboost|p1b: Urshifu|spd|1\n|faint|p2a: Iron Hands\n|-end|p2a: Iron Hands|Quark Drive|[silent]\n|\n|win|Cassatol\n|raw|Cassatol's rating: 1365 &rarr; <strong>1388<\/strong><br \/>(+23 for winning)\n|raw|ZakyVGC's rating: 1418 &rarr; <strong>1395<\/strong><br \/>(-23 for losing)\n|l|\u2606ZakyVGC\n","uploadtime":1700223670,"views":30,"p1id":"cassatol","p2id":"zakyvgc","formatid":"gen9vgc2023regulatione","rating":1388,"private":0,"password":""}