{"id":"gen9vgc2023regulatione-1991878792","p1":"nomis1","p2":"electricboogaloo12","format":"[Gen 9] VGC 2023 Regulation E","log":"|j|\u2606nomis1\n|j|\u203delectricboogaloo12\n|t:|1700132603\n|gametype|doubles\n|player|p1|nomis1|nate|1328\n|player|p2|electricboogaloo12|cynthia|1393\n|teamsize|p1|6\n|teamsize|p2|6\n|gen|9\n|tier|[Gen 9] VGC 2023 Regulation E\n|rated|\n|rule|Species Clause: Limit one of each Pok\u00e9mon\n|rule|Item Clause: Limit one of each item\n|clearpoke\n|poke|p1|Dondozo, L50, M|\n|poke|p1|Tatsugiri, L50, F|\n|poke|p1|Glimmora, L50, F|\n|poke|p1|Chien-Pao, L50|\n|poke|p1|Ogerpon-Wellspring, L50, F|\n|poke|p1|Roaring Moon, L50|\n|poke|p2|Gastrodon, L50, F|\n|poke|p2|Grimmsnarl, L50, M|\n|poke|p2|Articuno-Galar, L50|\n|poke|p2|Great Tusk, L50|\n|poke|p2|Forretress, L50, F|\n|poke|p2|Heatran, L50, F|\n|teampreview|4\n|inactive|Battle timer is ON: inactive players will automatically lose when time's up. (requested by electricboogaloo12)\n|\n|t:|1700132627\n|start\n|switch|p1a: Chien-Pao|Chien-Pao, L50|100\/100\n|switch|p1b: Glimmora|Glimmora, L50, F|100\/100\n|switch|p2a: Articuno|Articuno-Galar, L50|100\/100\n|switch|p2b: Grimmsnarl|Grimmsnarl, L50, M|100\/100\n|-ability|p1a: Chien-Pao|Sword of Ruin\n|turn|1\n|inactive|nomis1 has 30 seconds left.\n|\n|t:|1700132654\n|move|p2b: Grimmsnarl|Fake Out|p1a: Chien-Pao\n|-damage|p1a: Chien-Pao|84\/100\n|cant|p1a: Chien-Pao|flinch\n|move|p1b: Glimmora|Sludge Bomb|p2b: Grimmsnarl\n|-supereffective|p2b: Grimmsnarl\n|-damage|p2b: Grimmsnarl|11\/100\n|move|p2a: Articuno|Freezing Glare|p1b: Glimmora\n|-supereffective|p1b: Glimmora\n|-enditem|p1b: Glimmora|Focus Sash\n|-damage|p1b: Glimmora|1\/100\n|\n|upkeep\n|turn|2\n|\n|t:|1700132669\n|move|p2a: Articuno|Protect|p2a: Articuno\n|-singleturn|p2a: Articuno|Protect\n|move|p2b: Grimmsnarl|Thunder Wave|p1b: Glimmora\n|-status|p1b: Glimmora|par\n|move|p1a: Chien-Pao|Ice Spinner|p2a: Articuno\n|-activate|p2a: Articuno|move: Protect\n|move|p1b: Glimmora|Mortal Spin|p2b: Grimmsnarl|[spread] p2b\n|-activate|p2a: Articuno|move: Protect\n|-supereffective|p2b: Grimmsnarl\n|-damage|p2b: Grimmsnarl|0 fnt\n|faint|p2b: Grimmsnarl\n|\n|upkeep\n|\n|t:|1700132682\n|switch|p2b: Gastrodon|Gastrodon, L50, F, shiny|100\/100\n|turn|3\n|\n|t:|1700132692\n|switch|p2a: Heatran|Heatran, L50, F|100\/100\n|move|p1a: Chien-Pao|Ice Spinner|p2a: Heatran\n|-resisted|p2a: Heatran\n|-crit|p2a: Heatran\n|-damage|p2a: Heatran|77\/100\n|-damage|p1a: Chien-Pao|75\/100|[from] item: Life Orb\n|move|p1b: Glimmora|Mortal Spin|p2b: Gastrodon|[spread] p2b\n|-immune|p2a: Heatran\n|-resisted|p2b: Gastrodon\n|-damage|p2b: Gastrodon|98\/100\n|-status|p2b: Gastrodon|psn\n|move|p2b: Gastrodon|Yawn|p1a: Chien-Pao\n|-start|p1a: Chien-Pao|move: Yawn|[of] p2b: Gastrodon\n|\n|-damage|p2b: Gastrodon|85\/100 psn|[from] psn\n|upkeep\n|turn|4\n|inactive|nomis1 has 30 seconds left.\n|\n|t:|1700132718\n|switch|p1a: Roaring Moon|Roaring Moon, L50|100\/100\n|-enditem|p1a: Roaring Moon|Booster Energy\n|-activate|p1a: Roaring Moon|ability: Protosynthesis|[fromitem]\n|-start|p1a: Roaring Moon|protosynthesisatk\n|move|p2a: Heatran|Heat Wave|p1b: Glimmora|[spread] p1a\n|-miss|p2a: Heatran|p1b: Glimmora\n|-resisted|p1a: Roaring Moon\n|-damage|p1a: Roaring Moon|84\/100\n|move|p1b: Glimmora|Earth Power|p2a: Heatran\n|-supereffective|p2a: Heatran\n|-damage|p2a: Heatran|13\/100\n|move|p2b: Gastrodon|Earth Power|p1a: Roaring Moon\n|-damage|p1a: Roaring Moon|54\/100\n|\n|-damage|p2b: Gastrodon|73\/100 psn|[from] psn\n|upkeep\n|turn|5\n|\n|t:|1700132740\n|move|p1a: Roaring Moon|Protect|p1a: Roaring Moon\n|-singleturn|p1a: Roaring Moon|Protect\n|move|p2a: Heatran|Heat Wave|p1a: Roaring Moon|[spread] p1b\n|-activate|p1a: Roaring Moon|move: Protect\n|-resisted|p1b: Glimmora\n|-damage|p1b: Glimmora|0 fnt\n|faint|p1b: Glimmora\n|move|p2b: Gastrodon|Earth Power|p1a: Roaring Moon\n|-activate|p1a: Roaring Moon|move: Protect\n|\n|-damage|p2b: Gastrodon|61\/100 psn|[from] psn\n|upkeep\n|\n|t:|1700132762\n|switch|p1b: Ogerpon|Ogerpon-Wellspring, L50, F|100\/100\n|turn|6\n|\n|t:|1700132781\n|-terastallize|p1b: Ogerpon|Water\n|detailschange|p1b: Ogerpon|Ogerpon-Wellspring-Tera, L50, F, tera:Water\n|-ability|p1b: Ogerpon|Embody Aspect (Wellspring)|boost\n|-boost|p1b: Ogerpon|spd|1\n|-terastallize|p2b: Gastrodon|Poison\n|move|p1a: Roaring Moon|Knock Off|p2a: Heatran\n|-damage|p2a: Heatran|0 fnt\n|-enditem|p2a: Heatran|Assault Vest|[from] move: Knock Off|[of] p1a: Roaring Moon\n|faint|p2a: Heatran\n|move|p1b: Ogerpon|Horn Leech|p2b: Gastrodon\n|-resisted|p2b: Gastrodon\n|-damage|p2b: Gastrodon|40\/100 psn\n|-enditem|p2b: Gastrodon|Sitrus Berry|[eat]\n|-heal|p2b: Gastrodon|65\/100 psn|[from] item: Sitrus Berry\n|move|p2b: Gastrodon|Yawn|p1a: Roaring Moon\n|-start|p1a: Roaring Moon|move: Yawn|[of] p2b: Gastrodon\n|\n|-damage|p2b: Gastrodon|53\/100 psn|[from] psn\n|upkeep\n|\n|t:|1700132794\n|switch|p2a: Articuno|Articuno-Galar, L50|100\/100\n|turn|7\n|\n|t:|1700132810\n|-end|p1a: Roaring Moon|Protosynthesis|[silent]\n|switch|p1a: Chien-Pao|Chien-Pao, L50|75\/100\n|-ability|p1a: Chien-Pao|Sword of Ruin\n|move|p2a: Articuno|Protect|p2a: Articuno\n|-singleturn|p2a: Articuno|Protect\n|move|p1b: Ogerpon|Swords Dance|p1b: Ogerpon\n|-boost|p1b: Ogerpon|atk|2\n|move|p2b: Gastrodon|Clear Smog|p1b: Ogerpon\n|-damage|p1b: Ogerpon|84\/100\n|-clearboost|p1b: Ogerpon\n|\n|-damage|p2b: Gastrodon|41\/100 psn|[from] psn\n|upkeep\n|turn|8\n|inactive|nomis1 has 30 seconds left.\n|\n|t:|1700132838\n|move|p1a: Chien-Pao|Crunch|p2a: Articuno\n|-supereffective|p2a: Articuno\n|-damage|p2a: Articuno|0 fnt\n|faint|p2a: Articuno\n|-damage|p1a: Chien-Pao|65\/100|[from] item: Life Orb\n|move|p1b: Ogerpon|Swords Dance|p1b: Ogerpon\n|-boost|p1b: Ogerpon|atk|2\n|move|p2b: Gastrodon|Earth Power|p1a: Chien-Pao\n|-damage|p1a: Chien-Pao|11\/100\n|\n|-damage|p2b: Gastrodon|29\/100 psn|[from] psn\n|upkeep\n|turn|9\n|-message|electricboogaloo12 forfeited.\n|\n|win|nomis1\n|raw|nomis1's rating: 1328 &rarr; <strong>1352<\/strong><br \/>(+24 for winning)\n|raw|electricboogaloo12's rating: 1393 &rarr; <strong>1369<\/strong><br \/>(-24 for losing)\n|l|\u203delectricboogaloo12\n|c|\u2606nomis1|gg\n","uploadtime":1700132854,"views":41,"p1id":"nomis1","p2id":"electricboogaloo12","formatid":"gen9vgc2023regulatione","rating":1352,"private":0,"password":""}