{"id":"gen9vgc2023regulatione-1992840142","p1":"Alowmein","p2":"Dr.Hill","format":"[Gen 9] VGC 2023 Regulation E","log":"|j|\u2606Alowmein\n|j|\u2606Dr.Hill\n|t:|1700239963\n|gametype|doubles\n|player|p1|Alowmein|doctor|1022\n|player|p2|Dr.Hill|170|1056\n|teamsize|p1|6\n|teamsize|p2|6\n|gen|9\n|tier|[Gen 9] VGC 2023 Regulation E\n|rated|\n|rule|Species Clause: Limit one of each Pok\u00e9mon\n|rule|Item Clause: Limit one of each item\n|clearpoke\n|poke|p1|Urshifu-*, L50, F|\n|poke|p1|Pelipper, L50, F|\n|poke|p1|Roaring Moon, L50|\n|poke|p1|Ogerpon-Hearthflame, L50, F|\n|poke|p1|Landorus-Therian, L50, M|\n|poke|p1|Meowscarada, L50, F|\n|poke|p2|Sinistcha, L50|\n|poke|p2|Iron Hands, L50|\n|poke|p2|Ursaluna-Bloodmoon, L50, M|\n|poke|p2|Landorus-Therian, L50, M|\n|poke|p2|Farigiraf, L50, F|\n|poke|p2|Chien-Pao, L50|\n|teampreview|4\nDr.Hill has agreed to open team sheets.\n|\n|t:|1700239998\n|start\n|switch|p1a: Pelipper|Pelipper, L50, F|100\/100\n|switch|p1b: Landorus|Landorus-Therian, L50, M|100\/100\n|switch|p2a: Farigiraf|Farigiraf, L50, F, shiny|100\/100\n|switch|p2b: Iron Hands|Iron Hands, L50|100\/100\n|-ability|p1b: Landorus|Intimidate|boost\n|-unboost|p2a: Farigiraf|atk|1\n|-unboost|p2b: Iron Hands|atk|1\n|-weather|RainDance|[from] ability: Drizzle|[of] p1a: Pelipper\n|turn|1\n|\n|t:|1700240019\n|move|p2b: Iron Hands|Fake Out|p1b: Landorus\n|-damage|p1b: Landorus|88\/100\n|cant|p1b: Landorus|flinch\n|move|p1a: Pelipper|Tailwind|p1a: Pelipper\n|-sidestart|p1: Alowmein|move: Tailwind\n|move|p2a: Farigiraf|Imprison|p2a: Farigiraf\n|-start|p2a: Farigiraf|move: Imprison\n|\n|-weather|RainDance|[upkeep]\n|upkeep\n|turn|2\n|\n|t:|1700240059\n|-end|p2b: Iron Hands|Quark Drive|[silent]\n|switch|p2b: Chien-Pao|Chien-Pao, L50|100\/100\n|-ability|p2b: Chien-Pao|Sword of Ruin\n|move|p1a: Pelipper|Helping Hand|p1b: Landorus\n|-singleturn|p1b: Landorus|Helping Hand|[of] p1a: Pelipper\n|move|p1b: Landorus|Earthquake|p2a: Farigiraf|[spread] p2a,p2b\n|-immune|p1a: Pelipper\n|-damage|p2a: Farigiraf|25\/100\n|-damage|p2b: Chien-Pao|4\/100\n|-enditem|p2a: Farigiraf|Sitrus Berry|[eat]\n|-heal|p2a: Farigiraf|50\/100|[from] item: Sitrus Berry\n|move|p2a: Farigiraf|Trick Room|p2a: Farigiraf\n|-fieldstart|move: Trick Room|[of] p2a: Farigiraf\n|\n|-weather|RainDance|[upkeep]\n|upkeep\n|turn|3\n|\n|t:|1700240101\n|switch|p2a: Sinistcha|Sinistcha, L50|100\/100\n|-heal|p2b: Chien-Pao|28\/100|[from] ability: Hospitality|[of] p2a: Sinistcha\n|switch|p1b: Urshifu|Urshifu-Rapid-Strike, L50, F|100\/100\n|move|p2b: Chien-Pao|Ice Spinner|p1b: Urshifu\n|-resisted|p1b: Urshifu\n|-damage|p1b: Urshifu|71\/100\n|move|p1a: Pelipper|Chilling Water|p2b: Chien-Pao\n|-damage|p2b: Chien-Pao|0 fnt\n|faint|p2b: Chien-Pao\n|\n|-weather|RainDance|[upkeep]\n|upkeep\n|\n|t:|1700240112\n|switch|p2b: Iron Hands|Iron Hands, L50|100\/100\n|turn|4\n|\n|t:|1700240132\n|switch|p1b: Landorus|Landorus-Therian, L50, M|88\/100\n|-ability|p1b: Landorus|Intimidate|boost\n|-unboost|p2a: Sinistcha|atk|1\n|-unboost|p2b: Iron Hands|atk|1\n|move|p2b: Iron Hands|Wild Charge|p1a: Pelipper\n|-supereffective|p1a: Pelipper\n|-damage|p1a: Pelipper|0 fnt\n|faint|p1a: Pelipper\n|-damage|p2b: Iron Hands|83\/100|[from] Recoil\n|move|p2a: Sinistcha|Strength Sap|p1b: Landorus\n|-unboost|p1b: Landorus|atk|1\n|\n|-weather|RainDance|[upkeep]\n|-sideend|p1: Alowmein|move: Tailwind\n|upkeep\n|\n|t:|1700240145\n|switch|p1a: Meowscarada|Meowscarada, L50, F|100\/100\n|turn|5\n|\n|t:|1700240166\n|-end|p2b: Iron Hands|Quark Drive|[silent]\n|switch|p2b: Farigiraf|Farigiraf, L50, F, shiny|50\/100\n|move|p2a: Sinistcha|Matcha Gotcha|p1b: Landorus|[spread] p1a,p1b\n|-resisted|p1a: Meowscarada\n|-crit|p1b: Landorus\n|-damage|p1a: Meowscarada|79\/100\n|-damage|p1b: Landorus|42\/100\n|move|p1a: Meowscarada|Play Rough|p2b: Farigiraf\n|-start|p1a: Meowscarada|typechange|Fairy|[from] ability: Protean\n|-damage|p2b: Farigiraf|14\/100\n|move|p1b: Landorus|Rock Slide|p2b: Farigiraf|[spread] p2b\n|-miss|p1b: Landorus|p2a: Sinistcha\n|-damage|p2b: Farigiraf|2\/100\n|\n|-weather|none\n|-heal|p1a: Meowscarada|85\/100|[from] item: Leftovers\n|upkeep\n|turn|6\n|\n|t:|1700240200\n|move|p2a: Sinistcha|Matcha Gotcha|p1a: Meowscarada|[spread] p1a,p1b\n|-damage|p1a: Meowscarada|41\/100\n|-damage|p1b: Landorus|5\/100\n|move|p1a: Meowscarada|Pollen Puff|p1b: Landorus\n|-heal|p1b: Landorus|55\/100\n|move|p1b: Landorus|Rock Slide|p2b: Farigiraf|[spread] p2b\n|-miss|p1b: Landorus|p2a: Sinistcha\n|-damage|p2b: Farigiraf|0 fnt\n|faint|p2b: Farigiraf\n|\n|-heal|p1a: Meowscarada|47\/100|[from] item: Leftovers\n|-fieldend|move: Trick Room\n|upkeep\n|\n|t:|1700240211\n|switch|p2b: Iron Hands|Iron Hands, L50|83\/100\n|turn|7\n|\n|t:|1700240223\n|move|p2b: Iron Hands|Fake Out|p1b: Landorus\n|-damage|p1b: Landorus|36\/100\n|cant|p1b: Landorus|flinch\n|move|p1a: Meowscarada|Play Rough|p2b: Iron Hands\n|-supereffective|p2b: Iron Hands\n|-damage|p2b: Iron Hands|26\/100\n|-unboost|p2b: Iron Hands|atk|1\n|move|p2a: Sinistcha|Trick Room|p2a: Sinistcha\n|-fieldstart|move: Trick Room|[of] p2a: Sinistcha\n|\n|-heal|p1a: Meowscarada|53\/100|[from] item: Leftovers\n|upkeep\n|turn|8\n|\n|t:|1700240244\n|switch|p1b: Urshifu|Urshifu-Rapid-Strike, L50, F|71\/100\n|-terastallize|p2b: Iron Hands|Steel\n|move|p2b: Iron Hands|Heavy Slam|p1a: Meowscarada\n|-supereffective|p1a: Meowscarada\n|-damage|p1a: Meowscarada|0 fnt\n|faint|p1a: Meowscarada\n|move|p2a: Sinistcha|Matcha Gotcha|p1b: Urshifu\n|-supereffective|p1b: Urshifu\n|-damage|p1b: Urshifu|0 fnt\n|faint|p1b: Urshifu\n|\n|upkeep\n|-message|Alowmein forfeited.\n|\n|win|Dr.Hill\n|raw|Alowmein's rating: 1022 &rarr; <strong>1010<\/strong><br \/>(-12 for losing)\n|raw|Dr.Hill's rating: 1056 &rarr; <strong>1085<\/strong><br \/>(+29 for winning)\n|l|\u2606Alowmein\n","uploadtime":1700240272,"views":17,"p1id":"alowmein","p2id":"drhill","formatid":"gen9vgc2023regulatione","rating":1010,"private":0,"password":""}