{"id":"gen9vgc2023regulatione-1998688693","p1":"Niko highway","p2":"apurpleleaf","format":"[Gen 9] VGC 2023 Regulation E","log":"|j|\u2606Niko highway\n|j|\u2606apurpleleaf\n|t:|1700972792\n|gametype|doubles\n|player|p1|Niko highway|170|1132\n|player|p2|apurpleleaf|101|1067\n|teamsize|p1|6\n|teamsize|p2|6\n|gen|9\n|tier|[Gen 9] VGC 2023 Regulation E\n|rated|\n|rule|Species Clause: Limit one of each Pok\u00e9mon\n|rule|Item Clause: Limit one of each item\n|clearpoke\n|poke|p1|Bellibolt, L50, F|\n|poke|p1|Overqwil, L50, M|\n|poke|p1|Klawf, L50, M|\n|poke|p1|Baxcalibur, L50, M|\n|poke|p1|Hatterene, L50, F|\n|poke|p1|Rillaboom, L50, F|\n|poke|p2|Ting-Lu, L50|\n|poke|p2|Flutter Mane, L50|\n|poke|p2|Torkoal, L50, M|\n|poke|p2|Sinistcha, L50|\n|poke|p2|Iron Hands, L50|\n|poke|p2|Urshifu-*, L50, F|\n|teampreview|4\n|\n|t:|1700972832\n|start\n|switch|p1a: \u958b\u4e86\u4f5c\u5f0a\u5668\u7684\u7329\u7329|Rillaboom, L50, F|100\/100\n|switch|p1b: \u62ff\u56de\u9c57\u5c04\u6211\u53c8\u884c\u4e86|Baxcalibur, L50, M|100\/100\n|switch|p2a: Iron Hands|Iron Hands, L50|100\/100\n|switch|p2b: Urshifu|Urshifu, L50, F|100\/100\n|-fieldstart|move: Grassy Terrain|[from] ability: Grassy Surge|[of] p1a: \u958b\u4e86\u4f5c\u5f0a\u5668\u7684\u7329\u7329\n|-enditem|p2a: Iron Hands|Booster Energy\n|-activate|p2a: Iron Hands|ability: Quark Drive|[fromitem]\n|-start|p2a: Iron Hands|quarkdriveatk\n|turn|1\n|\n|t:|1700972866\n|switch|p1b: \u6162\u90ce\u4e2d|Hatterene, L50, F|100\/100\n|move|p1a: \u958b\u4e86\u4f5c\u5f0a\u5668\u7684\u7329\u7329|Fake Out|p2a: Iron Hands\n|-damage|p2a: Iron Hands|91\/100\n|cant|p2a: Iron Hands|flinch\n|move|p2b: Urshifu|Swords Dance|p2b: Urshifu\n|-boost|p2b: Urshifu|atk|2\n|\n|-heal|p2a: Iron Hands|97\/100|[from] Grassy Terrain\n|upkeep\n|turn|2\n|\n|t:|1700972890\n|-terastallize|p1a: \u958b\u4e86\u4f5c\u5f0a\u5668\u7684\u7329\u7329|Grass\n|move|p1b: \u6162\u90ce\u4e2d|Protect|p1b: \u6162\u90ce\u4e2d\n|-singleturn|p1b: \u6162\u90ce\u4e2d|Protect\n|move|p2b: Urshifu|Sucker Punch||[still]\n|-fail|p2b: Urshifu\n|move|p1a: \u958b\u4e86\u4f5c\u5f0a\u5668\u7684\u7329\u7329|Grassy Glide|p2b: Urshifu\n|-damage|p2b: Urshifu|39\/100\n|move|p2a: Iron Hands|Heavy Slam|p1b: \u6162\u90ce\u4e2d\n|-activate|p1b: \u6162\u90ce\u4e2d|move: Protect\n|\n|-heal|p2b: Urshifu|44\/100|[from] Grassy Terrain\n|-heal|p2a: Iron Hands|100\/100|[from] Grassy Terrain\n|upkeep\n|turn|3\n|\n|t:|1700972910\n|switch|p1b: \u6559\u4e3b\u8d85\u611b\u6211|Bellibolt, L50, F|100\/100\n|move|p2b: Urshifu|Sucker Punch||[still]\n|-fail|p2b: Urshifu\n|move|p1a: \u958b\u4e86\u4f5c\u5f0a\u5668\u7684\u7329\u7329|Grassy Glide|p2b: Urshifu\n|-damage|p2b: Urshifu|0 fnt\n|faint|p2b: Urshifu\n|move|p2a: Iron Hands|Heavy Slam|p1b: \u6559\u4e3b\u8d85\u611b\u6211\n|-resisted|p1b: \u6559\u4e3b\u8d85\u611b\u6211\n|-damage|p1b: \u6559\u4e3b\u8d85\u611b\u6211|82\/100\n|-start|p1b: \u6559\u4e3b\u8d85\u611b\u6211|Charge|Heavy Slam|[from] ability: Electromorphosis\n|-damage|p2a: Iron Hands|84\/100|[from] item: Rocky Helmet|[of] p1b: \u6559\u4e3b\u8d85\u611b\u6211\n|\n|-heal|p2a: Iron Hands|90\/100|[from] Grassy Terrain\n|-heal|p1b: \u6559\u4e3b\u8d85\u611b\u6211|88\/100|[from] Grassy Terrain\n|upkeep\n|\n|t:|1700972928\n|switch|p2b: Torkoal|Torkoal, L50, M|100\/100\n|-weather|SunnyDay|[from] ability: Drought|[of] p2b: Torkoal\n|turn|4\n|\n|t:|1700972942\n|move|p1a: \u958b\u4e86\u4f5c\u5f0a\u5668\u7684\u7329\u7329|Wood Hammer|p2a: Iron Hands\n|-damage|p2a: Iron Hands|0 fnt\n|faint|p2a: Iron Hands\n|-end|p2a: Iron Hands|Quark Drive|[silent]\n|-damage|p1a: \u958b\u4e86\u4f5c\u5f0a\u5668\u7684\u7329\u7329|65\/100|[from] Recoil\n|move|p1b: \u6559\u4e3b\u8d85\u611b\u6211|Thunderbolt|p2b: Torkoal\n|-damage|p2b: Torkoal|0 fnt\n|faint|p2b: Torkoal\n|-end|p1b: \u6559\u4e3b\u8d85\u611b\u6211|Charge|[silent]\n|\n|-weather|SunnyDay|[upkeep]\n|-heal|p1a: \u958b\u4e86\u4f5c\u5f0a\u5668\u7684\u7329\u7329|71\/100|[from] Grassy Terrain\n|-heal|p1b: \u6559\u4e3b\u8d85\u611b\u6211|94\/100|[from] Grassy Terrain\n|upkeep\n|\n|t:|1700972980\n|switch|p2a: Flutter Mane|Flutter Mane, L50|100\/100\n|-activate|p2a: Flutter Mane|ability: Protosynthesis\n|-start|p2a: Flutter Mane|protosynthesisspe\n|turn|5\n|\n|t:|1700972988\n|-terastallize|p2a: Flutter Mane|Fairy\n|move|p1a: \u958b\u4e86\u4f5c\u5f0a\u5668\u7684\u7329\u7329|Grassy Glide|p2a: Flutter Mane\n|-damage|p2a: Flutter Mane|0 fnt\n|faint|p2a: Flutter Mane\n|-end|p2a: Flutter Mane|Protosynthesis|[silent]\n|\n|win|Niko highway\n|raw|Niko highway's rating: 1132 &rarr; <strong>1152<\/strong><br \/>(+20 for winning)\n|raw|apurpleleaf's rating: 1067 &rarr; <strong>1051<\/strong><br \/>(-16 for losing)\n|l|\u2606apurpleleaf\n","uploadtime":1700973013,"views":30,"p1id":"nikohighway","p2id":"apurpleleaf","formatid":"gen9vgc2023regulatione","rating":1051,"private":0,"password":""}