{"id":"gen9vgc2023regulatione-1995983875","p1":"N4N0vgc","p2":"Tampico11","format":"[Gen 9] VGC 2023 Regulation E","log":"|j|\u2606N4N0vgc\n|j|\u2606Tampico11\n|n|\u2606N4N0vgc|n4n0vgc\n|n|\u2606Tampico11|tampico11\n|html|View the match progress at <a href=\"\/game-bestof3-gen9vgc2023regulatione-1995983874\">game-bestof3-gen9vgc2023regulatione-1995983874<\/a>\n|t:|1700625262\n|gametype|doubles\n|player|p1|N4N0vgc|guzma|\n|player|p2|Tampico11|ethan|\n|teamsize|p1|6\n|teamsize|p2|6\n|gen|9\n|tier|[Gen 9] VGC 2023 Regulation E\n|rule|Species Clause: Limit one of each Pok\u00e9mon\n|rule|Item Clause: Limit one of each item\n|clearpoke\n|poke|p1|Tatsugiri, L50, M|\n|poke|p1|Dondozo, L50, M|\n|poke|p1|Iron Hands, L50|\n|poke|p1|Ninetales-Alola, L50, M|\n|poke|p1|Ogerpon-Hearthflame, L50, F|\n|poke|p1|Glimmora, L50, F|\n|poke|p2|Iron Hands, L50|\n|poke|p2|Amoonguss, L50, M|\n|poke|p2|Grimmsnarl, L50, M|\n|poke|p2|Ursaluna-Bloodmoon, L50, M|\n|poke|p2|Annihilape, L50, M|\n|poke|p2|Cresselia, L50, F|\n|teampreview|4\nTampico11 has agreed to open team sheets.\nN4N0vgc has agreed to open team sheets.\n|showteam|p1|Tatsugiri||ChoiceScarf|Commander|MuddyWater,DracoMeteor,IcyWind,DragonPulse|||M|||50|,,,,,Steel]Dondozo||Leftovers|Unaware|Substitute,Earthquake,OrderUp,Protect|||M|||50|,,,,,Dragon]Iron Hands||AssaultVest|QuarkDrive|FakeOut,DrainPunch,WildCharge,HeavySlam||||||50|,,,,,Fire]Ninetales-Alola||LightClay|SnowWarning|Blizzard,Moonblast,AuroraVeil,Protect|||M|||50|,,,,,Water]Ogerpon-Hearthflame||HearthflameMask|MoldBreaker|IvyCudgel,HornLeech,SwordsDance,SpikyShield|||F|||50|,,,,,Fire]Glimmora||FocusSash|ToxicDebris|MortalSpin,SpikyShield,EarthPower,SludgeBomb|||F|||50|,,,,,Grass\n|showteam|p2|Iron Hands||AssaultVest|QuarkDrive|FakeOut,DrainPunch,WildCharge,HeavySlam||||||50|,,,,,Water]Amoonguss||MentalHerb|Regenerator|PollenPuff,ClearSmog,RagePowder,Spore|||M|||50|,,,,,Fire]Grimmsnarl||CovertCloak|Prankster|SpiritBreak,PartingShot,Reflect,LightScreen|||M|||50|,,,,,Water]Ursaluna-Bloodmoon||SilkScarf|MindsEye|HyperVoice,BloodMoon,EarthPower,Protect|||M|||50|,,,,,Grass]Annihilape||SitrusBerry|Defiant|DrainPunch,RageFist,BulkUp,Protect|||M|||50|,,,,,Fire]Cresselia||SafetyGoggles|Levitate|IceBeam,LunarBlessing,HelpingHand,TrickRoom|||F|||50|,,,,,Fire\n|inactive|Battle timer is ON: inactive players will automatically lose when time's up. (requested by Tampico11)\n|c|\u2606N4N0vgc|glhf\n|j| Fancy Cucudrula\n|j| Tenken11\n|c| Fancy Cucudrula|llegue yo! LA CUCUDRULA!!!\n|inactive|N4N0vgc has 60 seconds left.\n|inactive|Tampico11 has 60 seconds left.\n|inactive|N4N0vgc has 30 seconds left.\n|j| porygon peo\n|c| porygon peo|buenas\n|inactive|N4N0vgc has 20 seconds left.\n|inactive|N4N0vgc has 15 seconds left.\n|c| Tenken11|hello\n|c| Tenken11|suerte\n|inactive|N4N0vgc has 10 seconds left.\n|\n|t:|1700625351\n|start\n|switch|p1a: Kitsune|Ninetales-Alola, L50, M, shiny|100\/100\n|switch|p1b: OgerBONK|Ogerpon-Hearthflame, L50, F|100\/100\n|switch|p2a: Ferropalmas|Iron Hands, L50, shiny|100\/100\n|switch|p2b: Cresselia|Cresselia, L50, F|100\/100\n|-weather|Snow|[from] ability: Snow Warning|[of] p1a: Kitsune\n|-ability|p1b: OgerBONK|Mold Breaker\n|turn|1\n|j| Namewontregister\n|\n|t:|1700625372\n|move|p1a: Kitsune|Protect|p1a: Kitsune\n|-singleturn|p1a: Kitsune|Protect\n|move|p2a: Ferropalmas|Fake Out|p1a: Kitsune\n|-activate|p1a: Kitsune|move: Protect\n|move|p1b: OgerBONK|Swords Dance|p1b: OgerBONK\n|-boost|p1b: OgerBONK|atk|2\n|move|p2b: Cresselia|Trick Room|p2b: Cresselia\n|-fieldstart|move: Trick Room|[of] p2b: Cresselia\n|\n|-weather|Snow|[upkeep]\n|upkeep\n|turn|2\n|inactive|N4N0vgc has 30 seconds left.\n|inactive|Tampico11 has 30 seconds left.\n|\n|t:|1700625401\n|switch|p1a: DozoNET|Dondozo, L50, M|100\/100\n|move|p2b: Cresselia|Helping Hand|p2a: Ferropalmas\n|-singleturn|p2a: Ferropalmas|Helping Hand|[of] p2b: Cresselia\n|move|p2a: Ferropalmas|Drain Punch|p1b: OgerBONK\n|-damage|p1b: OgerBONK|33\/100\n|move|p1b: OgerBONK|Ivy Cudgel|p2b: Cresselia|[anim] Ivy Cudgel Fire\n|-damage|p2b: Cresselia|34\/100\n|\n|-weather|Snow|[upkeep]\n|upkeep\n|turn|3\n|inactive|Tampico11 has 30 seconds left.\n|inactive|N4N0vgc has 30 seconds left.\n|inactive|Tampico11 has 20 seconds left.\n|inactive|Tampico11 has 15 seconds left.\n|inactive|Tampico11 has 10 seconds left.\n|inactive|Tampico11 has 5 seconds left.\n|\n|t:|1700625456\n|switch|p2b: Anestesia|Amoonguss, L50, M, shiny|100\/100\n|-terastallize|p1a: DozoNET|Dragon\n|-terastallize|p2a: Ferropalmas|Water\n|move|p1a: DozoNET|Substitute|p1a: DozoNET\n|-start|p1a: DozoNET|Substitute\n|-damage|p1a: DozoNET|76\/100\n|move|p2a: Ferropalmas|Drain Punch|p1a: DozoNET\n|-end|p1a: DozoNET|Substitute\n|move|p1b: OgerBONK|Ivy Cudgel|p2b: Anestesia|[anim] Ivy Cudgel Fire\n|-supereffective|p2b: Anestesia\n|-damage|p2b: Anestesia|0 fnt\n|faint|p2b: Anestesia\n|\n|-weather|Snow|[upkeep]\n|-heal|p1a: DozoNET|82\/100|[from] item: Leftovers\n|upkeep\n|\n|t:|1700625468\n|switch|p2b: Ursaluna|Ursaluna-Bloodmoon, L50, M|100\/100\n|turn|4\n|\n|t:|1700625476\n|move|p1a: DozoNET|Protect|p1a: DozoNET\n|-singleturn|p1a: DozoNET|Protect\n|move|p1b: OgerBONK|Spiky Shield|p1b: OgerBONK\n|-singleturn|p1b: OgerBONK|move: Protect\n|move|p2b: Ursaluna|Hyper Voice|p1b: OgerBONK|[spread] \n|-activate|p1a: DozoNET|move: Protect\n|-activate|p1b: OgerBONK|move: Protect\n|move|p2a: Ferropalmas|Drain Punch|p1a: DozoNET\n|-activate|p1a: DozoNET|move: Protect\n|\n|-weather|Snow|[upkeep]\n|-heal|p1a: DozoNET|88\/100|[from] item: Leftovers\n|upkeep\n|turn|5\n|inactive|N4N0vgc has 30 seconds left.\n|\n|t:|1700625501\n|switch|p1b: Comandante|Tatsugiri, L50, M|100\/100\n|-activate|p1b: Comandante|ability: Commander|[of] p1a: DozoNET\n|-boost|p1a: DozoNET|atk|2\n|-boost|p1a: DozoNET|spa|2\n|-boost|p1a: DozoNET|spe|2\n|-boost|p1a: DozoNET|def|2\n|-boost|p1a: DozoNET|spd|2\n|move|p2b: Ursaluna|Blood Moon|p1a: DozoNET\n|-damage|p1a: DozoNET|47\/100\n|move|p2a: Ferropalmas|Drain Punch|p1b: Comandante|[miss]\n|-miss|p2a: Ferropalmas|p1b: Comandante\n|move|p1a: DozoNET|Earthquake|p2b: Ursaluna|[spread] p2a,p2b\n|-miss|p1a: DozoNET|p1b: Comandante\n|-damage|p2a: Ferropalmas|74\/100\n|-damage|p2b: Ursaluna|74\/100\n|\n|-weather|none\n|-heal|p1a: DozoNET|53\/100|[from] item: Leftovers\n|-fieldend|move: Trick Room\n|upkeep\n|turn|6\n|inactive|Tampico11 has 30 seconds left.\n|\n|t:|1700625535\n|-end|p2a: Ferropalmas|Quark Drive|[silent]\n|switch|p2a: Cresselia|Cresselia, L50, F|34\/100\n|move|p1a: DozoNET|Order Up|p2a: Cresselia\n|-damage|p2a: Cresselia|0 fnt\n|faint|p2a: Cresselia\n|-boost|p1a: DozoNET|atk|1\n|move|p2b: Ursaluna|Hyper Voice|p1a: DozoNET|[spread] p1a\n|-miss|p2b: Ursaluna|p1b: Comandante\n|-damage|p1a: DozoNET|32\/100\n|\n|-heal|p1a: DozoNET|39\/100|[from] item: Leftovers\n|upkeep\n|\n|t:|1700625545\n|switch|p2a: Ferropalmas|Iron Hands, L50, shiny, tera:Water|74\/100\n|turn|7\n|\n|t:|1700625549\n|move|p1a: DozoNET|Protect|p1a: DozoNET\n|-singleturn|p1a: DozoNET|Protect\n|move|p2a: Ferropalmas|Fake Out|p1a: DozoNET\n|-activate|p1a: DozoNET|move: Protect\n|move|p2b: Ursaluna|Hyper Voice|p1a: DozoNET|[spread] \n|-miss|p2b: Ursaluna|p1b: Comandante\n|-activate|p1a: DozoNET|move: Protect\n|\n|-heal|p1a: DozoNET|45\/100|[from] item: Leftovers\n|upkeep\n|turn|8\n|\n|t:|1700625558\n|move|p1a: DozoNET|Order Up|p2a: Ferropalmas\n|-damage|p2a: Ferropalmas|23\/100\n|-boost|p1a: DozoNET|atk|1\n|move|p2a: Ferropalmas|Drain Punch|p1a: DozoNET\n|-damage|p1a: DozoNET|32\/100\n|-heal|p2a: Ferropalmas|30\/100|[from] drain|[of] p1a: DozoNET\n|move|p2b: Ursaluna|Blood Moon|p1a: DozoNET\n|-damage|p1a: DozoNET|0 fnt\n|faint|p1a: DozoNET\n|\n|upkeep\n|\n|t:|1700625563\n|switch|p1a: OgerBONK|Ogerpon-Hearthflame, L50, F|33\/100\n|-ability|p1a: OgerBONK|Mold Breaker\n|turn|9\n|\n|t:|1700625588\n|move|p1b: Comandante|Dragon Pulse|p2b: Ursaluna\n|-damage|p2b: Ursaluna|34\/100\n|move|p1a: OgerBONK|Horn Leech|p2a: Ferropalmas\n|-supereffective|p2a: Ferropalmas\n|-damage|p2a: Ferropalmas|0 fnt\n|-heal|p1a: OgerBONK|53\/100|[from] drain|[of] p2a: Ferropalmas\n|faint|p2a: Ferropalmas\n|-end|p2a: Ferropalmas|Quark Drive|[silent]\n|move|p2b: Ursaluna|Hyper Voice|p1b: Comandante|[spread] p1a,p1b\n|-damage|p1a: OgerBONK|3\/100\n|-damage|p1b: Comandante|39\/100\n|\n|upkeep\n|turn|10\n|-message|Tampico11 forfeited.\n|\n|win|N4N0vgc\n|c|&|\/uhtml prompt-tampico11,Tampico11 is ready for game 2!\n|c|&|\/uhtml prompt-n4n0vgc,N4N0vgc is ready for game 2!\nBoth players are ready! Starting next match!\n|l| porygon peo\n|n| Namewontregister|namewontregister\n|l|\u2606Tampico11\n","uploadtime":1700626178,"views":4,"p1id":"n4n0vgc","p2id":"tampico11","formatid":"gen9vgc2023regulatione","rating":0,"private":0,"password":""}