{"id":"gen9vgc2023regulatione-1989934456","p1":"immagns","p2":"Sir Aaron15","format":"[Gen 9] VGC 2023 Regulation E","log":"|j|\u2606immagns\n|j|\u2606Sir Aaron15\n|t:|1699908045\n|gametype|doubles\n|player|p1|immagns|miriam|1332\n|player|p2|Sir Aaron15|n-masters|1383\n|teamsize|p1|6\n|teamsize|p2|6\n|gen|9\n|tier|[Gen 9] VGC 2023 Regulation E\n|rated|\n|rule|Species Clause: Limit one of each Pok\u00e9mon\n|rule|Item Clause: Limit one of each item\n|clearpoke\n|poke|p1|Rotom-Wash, L50|\n|poke|p1|Arcanine-Hisui, L50, F|\n|poke|p1|Gholdengo, L50|\n|poke|p1|Amoonguss, L50, F|\n|poke|p1|Urshifu-*, L50, M|\n|poke|p1|Cresselia, L50, F|\n|poke|p2|Landorus, L50, M|\n|poke|p2|Tornadus, L50, M|\n|poke|p2|Ogerpon-Hearthflame, L50, F|\n|poke|p2|Iron Hands, L50|\n|poke|p2|Urshifu-*, L50, M|\n|poke|p2|Rillaboom, L50, F|\n|teampreview|4\n|j| lorsev\nSir Aaron15 has agreed to open team sheets.\n|l| lorsev\n|\n|t:|1699908115\n|start\n|switch|p1a: Rotom|Rotom-Wash, L50|100\/100\n|switch|p1b: Cresselia|Cresselia, L50, F|100\/100\n|switch|p2a: Landizzle|Landorus, L50, M|100\/100\n|switch|p2b: Just A Prank Bro|Tornadus, L50, M, shiny|100\/100\n|turn|1\n|\n|t:|1699908136\n|move|p2a: Landizzle|Protect|p2a: Landizzle\n|-singleturn|p2a: Landizzle|Protect\n|move|p2b: Just A Prank Bro|Taunt|p1b: Cresselia\n|-start|p1b: Cresselia|move: Taunt\n|-enditem|p1b: Cresselia|Mental Herb\n|-end|p1b: Cresselia|move: Taunt\n|move|p1a: Rotom|Thunderbolt|p2b: Just A Prank Bro\n|-supereffective|p2b: Just A Prank Bro\n|-damage|p2b: Just A Prank Bro|33\/100\n|-status|p2b: Just A Prank Bro|par\n|move|p1b: Cresselia|Icy Wind|p2a: Landizzle|[spread] p2b\n|-activate|p2a: Landizzle|move: Protect\n|-supereffective|p2b: Just A Prank Bro\n|-damage|p2b: Just A Prank Bro|18\/100 par\n|-unboost|p2b: Just A Prank Bro|spe|1\n|\n|upkeep\n|turn|2\n|\n|t:|1699908155\n|move|p2b: Just A Prank Bro|Taunt|p1b: Cresselia\n|-start|p1b: Cresselia|move: Taunt\n|move|p2a: Landizzle|Sludge Bomb|p1a: Rotom\n|-damage|p1a: Rotom|46\/100\n|move|p1a: Rotom|Hydro Pump|p2a: Landizzle\n|-supereffective|p2a: Landizzle\n|-damage|p2a: Landizzle|8\/100\n|move|p1b: Cresselia|Icy Wind|p2a: Landizzle|[spread] p2a,p2b\n|-supereffective|p2a: Landizzle\n|-supereffective|p2b: Just A Prank Bro\n|-damage|p2a: Landizzle|0 fnt\n|-damage|p2b: Just A Prank Bro|1\/100 par\n|-unboost|p2b: Just A Prank Bro|spe|1\n|faint|p2a: Landizzle\n|\n|upkeep\n|\n|t:|1699908161\n|switch|p2a: Fiona-Hearthflame|Ogerpon-Hearthflame, L50, F|100\/100\n|-ability|p2a: Fiona-Hearthflame|Mold Breaker\n|turn|3\n|\n|t:|1699908174\n|switch|p1a: Arcanine|Arcanine-Hisui, L50, F|100\/100\n|-ability|p1a: Arcanine|Intimidate|boost\n|-unboost|p2a: Fiona-Hearthflame|atk|1\n|-unboost|p2b: Just A Prank Bro|atk|1\n|move|p2b: Just A Prank Bro|Tailwind|p2b: Just A Prank Bro\n|-sidestart|p2: Sir Aaron15|move: Tailwind\n|move|p2a: Fiona-Hearthflame|Swords Dance|p2a: Fiona-Hearthflame\n|-boost|p2a: Fiona-Hearthflame|atk|2\n|move|p1b: Cresselia|Icy Wind|p2b: Just A Prank Bro|[spread] p2a,p2b\n|-supereffective|p2b: Just A Prank Bro\n|-damage|p2a: Fiona-Hearthflame|93\/100\n|-damage|p2b: Just A Prank Bro|0 fnt\n|-unboost|p2a: Fiona-Hearthflame|spe|1\n|faint|p2b: Just A Prank Bro\n|\n|upkeep\n|\n|t:|1699908186\n|switch|p2b: Rillaboomer|Rillaboom, L50, F|100\/100\n|-fieldstart|move: Grassy Terrain|[from] ability: Grassy Surge|[of] p2b: Rillaboomer\n|turn|4\n|\n|t:|1699908195\n|switch|p1a: Rotom|Rotom-Wash, L50|46\/100\n|move|p2b: Rillaboomer|Fake Out|p1a: Rotom\n|-damage|p1a: Rotom|31\/100\n|move|p2a: Fiona-Hearthflame|Swords Dance|p2a: Fiona-Hearthflame\n|-boost|p2a: Fiona-Hearthflame|atk|2\n|move|p1b: Cresselia|Icy Wind|p2b: Rillaboomer|[spread] p2a,p2b\n|-supereffective|p2b: Rillaboomer\n|-damage|p2a: Fiona-Hearthflame|85\/100\n|-damage|p2b: Rillaboomer|84\/100\n|-unboost|p2a: Fiona-Hearthflame|spe|1\n|-unboost|p2b: Rillaboomer|spe|1\n|\n|-heal|p2b: Rillaboomer|90\/100|[from] Grassy Terrain\n|-heal|p2a: Fiona-Hearthflame|91\/100|[from] Grassy Terrain\n|-end|p1b: Cresselia|move: Taunt\n|upkeep\n|turn|5\n|\n|t:|1699908217\n|-terastallize|p2a: Fiona-Hearthflame|Fire\n|detailschange|p2a: Fiona-Hearthflame|Ogerpon-Hearthflame-Tera, L50, F, tera:Fire\n|-ability|p2a: Fiona-Hearthflame|Embody Aspect (Hearthflame)|boost\n|-boost|p2a: Fiona-Hearthflame|atk|1\n|move|p1a: Rotom|Protect|p1a: Rotom\n|-singleturn|p1a: Rotom|Protect\n|move|p2a: Fiona-Hearthflame|Grassy Glide|p1a: Rotom\n|-activate|p1a: Rotom|move: Protect\n|move|p2b: Rillaboomer|Wood Hammer|p1b: Cresselia\n|-damage|p1b: Cresselia|33\/100\n|-damage|p2b: Rillaboomer|64\/100|[from] Recoil\n|move|p1b: Cresselia|Icy Wind|p2b: Rillaboomer|[spread] p2a,p2b\n|-resisted|p2a: Fiona-Hearthflame\n|-supereffective|p2b: Rillaboomer\n|-damage|p2a: Fiona-Hearthflame|88\/100\n|-damage|p2b: Rillaboomer|47\/100\n|-unboost|p2a: Fiona-Hearthflame|spe|1\n|-unboost|p2b: Rillaboomer|spe|1\n|\n|-heal|p2b: Rillaboomer|53\/100|[from] Grassy Terrain\n|-heal|p2a: Fiona-Hearthflame|94\/100|[from] Grassy Terrain\n|upkeep\n|turn|6\n|\n|t:|1699908246\n|move|p2a: Fiona-Hearthflame|Grassy Glide|p1a: Rotom\n|-supereffective|p1a: Rotom\n|-damage|p1a: Rotom|0 fnt\n|faint|p1a: Rotom\n|move|p2b: Rillaboomer|Wood Hammer|p1b: Cresselia\n|-damage|p1b: Cresselia|0 fnt\n|faint|p1b: Cresselia\n|-damage|p2b: Rillaboomer|40\/100|[from] Recoil\n|\n|-heal|p2b: Rillaboomer|47\/100|[from] Grassy Terrain\n|-heal|p2a: Fiona-Hearthflame|99\/100|[from] Grassy Terrain\n|-sideend|p2: Sir Aaron15|move: Tailwind\n|upkeep\n|\n|t:|1699908258\n|switch|p1a: Arcanine|Arcanine-Hisui, L50, F|100\/100\n|switch|p1b: Urshifu|Urshifu, L50, M|100\/100\n|-ability|p1a: Arcanine|Intimidate|boost\n|-unboost|p2a: Fiona-Hearthflame|atk|1\n|-unboost|p2b: Rillaboomer|atk|1\n|turn|7\n|\n|t:|1699908290\n|move|p1b: Urshifu|Detect|p1b: Urshifu\n|-singleturn|p1b: Urshifu|Protect\n|move|p2a: Fiona-Hearthflame|Grassy Glide|p1a: Arcanine\n|-damage|p1a: Arcanine|0 fnt\n|faint|p1a: Arcanine\n|move|p2b: Rillaboomer|Wood Hammer|p1b: Urshifu\n|-activate|p1b: Urshifu|move: Protect\n|\n|-heal|p2b: Rillaboomer|53\/100|[from] Grassy Terrain\n|-heal|p2a: Fiona-Hearthflame|100\/100|[from] Grassy Terrain\n|upkeep\n|turn|8\n|-message|immagns forfeited.\n|\n|win|Sir Aaron15\n|raw|immagns's rating: 1332 &rarr; <strong>1315<\/strong><br \/>(-17 for losing)\n|raw|Sir Aaron15's rating: 1383 &rarr; <strong>1400<\/strong><br \/>(+17 for winning)\n|l|\u2606immagns\n","uploadtime":1699908315,"views":23,"p1id":"immagns","p2id":"siraaron15","formatid":"gen9vgc2023regulatione","rating":1315,"private":0,"password":""}