{"id":"gen9vgc2023regulatione-1990025689","p1":"kikkee_ac14","p2":"atworkyolo13","format":"[Gen 9] VGC 2023 Regulation E","log":"|j|\u2606kikkee_ac14\n|j|\u2606atworkyolo13\n|t:|1699916627\n|gametype|doubles\n|player|p1|kikkee_ac14|buck|1422\n|player|p2|atworkyolo13|265|1372\n|teamsize|p1|6\n|teamsize|p2|6\n|gen|9\n|tier|[Gen 9] VGC 2023 Regulation E\n|rated|\n|rule|Species Clause: Limit one of each Pok\u00e9mon\n|rule|Item Clause: Limit one of each item\n|clearpoke\n|poke|p1|Dragapult, L50, M|\n|poke|p1|Chien-Pao, L50|\n|poke|p1|Heatran, L50, M|\n|poke|p1|Farigiraf, L50, M|\n|poke|p1|Rillaboom, L50, F|\n|poke|p1|Urshifu-*, L50, F|\n|poke|p2|Oranguru, L50, F|\n|poke|p2|Arcanine-Hisui, L50, F|\n|poke|p2|Sinistcha-Masterpiece, L50|\n|poke|p2|Iron Hands, L50|\n|poke|p2|Ursaluna-Bloodmoon, L50, M|\n|poke|p2|Moltres-Galar, L50|\n|teampreview|4\n|inactive|Battle timer is ON: inactive players will automatically lose when time's up. (requested by atworkyolo13)\n|inactive|kikkee_ac14 also wants the timer to be on.\n|\n|t:|1699916642\n|start\n|switch|p1a: Farigiraf|Farigiraf, L50, M|100\/100\n|switch|p1b: Dragapult|Dragapult, L50, M|100\/100\n|switch|p2a: Oranguru|Oranguru, L50, F|100\/100\n|switch|p2b: Iron Hands|Iron Hands, L50|100\/100\n|turn|1\n|\n|t:|1699916657\n|move|p1b: Dragapult|Dragon Darts|p2b: Iron Hands\n|-damage|p2b: Iron Hands|75\/100\n|-anim|p1b: Dragapult|Dragon Darts|p2a: Oranguru\n|-damage|p2a: Oranguru|70\/100\n|move|p1a: Farigiraf|Imprison|p1a: Farigiraf\n|-start|p1a: Farigiraf|move: Imprison\n|move|p2a: Oranguru|Encore|p1a: Farigiraf\n|-start|p1a: Farigiraf|Encore\n|move|p2b: Iron Hands|Heavy Slam|p1b: Dragapult\n|-damage|p1b: Dragapult|39\/100\n|\n|upkeep\n|turn|2\n|\n|t:|1699916676\n|switch|p1a: Urshifu|Urshifu-Rapid-Strike, L50, F|100\/100\n|move|p1b: Dragapult|Dragon Darts|p2b: Iron Hands\n|-damage|p2b: Iron Hands|47\/100\n|-anim|p1b: Dragapult|Dragon Darts|p2a: Oranguru\n|-damage|p2a: Oranguru|40\/100\n|move|p2a: Oranguru|Instruct|p2b: Iron Hands\n|-singleturn|p2b: Iron Hands|move: Instruct|[of] p2a: Oranguru\n|move|p2b: Iron Hands|Heavy Slam|p1b: Dragapult\n|-damage|p1b: Dragapult|0 fnt\n|faint|p1b: Dragapult\n|move|p2b: Iron Hands|Drain Punch|p1a: Urshifu\n|-damage|p1a: Urshifu|56\/100\n|-heal|p2b: Iron Hands|63\/100|[from] drain|[of] p1a: Urshifu\n|\n|upkeep\n|\n|t:|1699916694\n|switch|p1b: Farigiraf|Farigiraf, L50, M|100\/100\n|turn|3\n|\n|t:|1699916704\n|-end|p2b: Iron Hands|Quark Drive|[silent]\n|switch|p2b: Sinistcha|Sinistcha-Masterpiece, L50|100\/100\n|-heal|p2a: Oranguru|65\/100|[from] ability: Hospitality|[of] p2b: Sinistcha\n|-terastallize|p1a: Urshifu|Water\n|move|p1a: Urshifu|Surging Strikes|p2b: Sinistcha\n|-resisted|p2b: Sinistcha\n|-crit|p2b: Sinistcha\n|-damage|p2b: Sinistcha|86\/100\n|-damage|p1a: Urshifu|40\/100|[from] item: Rocky Helmet|[of] p2b: Sinistcha\n|-resisted|p2b: Sinistcha\n|-crit|p2b: Sinistcha\n|-damage|p2b: Sinistcha|71\/100\n|-damage|p1a: Urshifu|23\/100|[from] item: Rocky Helmet|[of] p2b: Sinistcha\n|-resisted|p2b: Sinistcha\n|-crit|p2b: Sinistcha\n|-damage|p2b: Sinistcha|56\/100\n|-damage|p1a: Urshifu|7\/100|[from] item: Rocky Helmet|[of] p2b: Sinistcha\n|-hitcount|p2b: Sinistcha|3\n|move|p1b: Farigiraf|Dazzling Gleam|p2a: Oranguru|[spread] p2a,p2b\n|-damage|p2a: Oranguru|53\/100\n|-damage|p2b: Sinistcha|41\/100\n|move|p2a: Oranguru|Trick Room|p2a: Oranguru\n|-fieldstart|move: Trick Room|[of] p2a: Oranguru\n|\n|upkeep\n|turn|4\n|inactive|atworkyolo13 has 30 seconds left.\n|inactive|atworkyolo13 has 20 seconds left.\n|inactive|atworkyolo13 has 15 seconds left.\n|\n|t:|1699916744\n|move|p2a: Oranguru|Psyshock|p1a: Urshifu\n|-damage|p1a: Urshifu|0 fnt\n|faint|p1a: Urshifu\n|move|p2b: Sinistcha|Matcha Gotcha|p1b: Farigiraf|[miss]\n|-miss|p2b: Sinistcha|p1b: Farigiraf\n|move|p1b: Farigiraf|Trick Room|p1b: Farigiraf\n|-fieldend|move: Trick Room\n|\n|upkeep\n|\n|t:|1699916753\n|switch|p1a: Chien-Pao|Chien-Pao, L50|100\/100\n|-ability|p1a: Chien-Pao|Sword of Ruin\n|turn|5\n|inactive|atworkyolo13 has 30 seconds left.\n|inactive|atworkyolo13 has 20 seconds left.\n|\n|t:|1699916793\n|move|p2b: Sinistcha|Rage Powder|p2b: Sinistcha\n|-singleturn|p2b: Sinistcha|move: Rage Powder\n|move|p1a: Chien-Pao|Crunch|p2b: Sinistcha\n|-supereffective|p2b: Sinistcha\n|-damage|p2b: Sinistcha|0 fnt\n|-damage|p1a: Chien-Pao|84\/100|[from] item: Rocky Helmet|[of] p2b: Sinistcha\n|faint|p2b: Sinistcha\n|move|p1b: Farigiraf|Psychic|p2a: Oranguru\n|-resisted|p2a: Oranguru\n|-damage|p2a: Oranguru|38\/100\n|move|p2a: Oranguru|Trick Room|p2a: Oranguru\n|-fieldstart|move: Trick Room|[of] p2a: Oranguru\n|\n|upkeep\n|\n|t:|1699916797\n|switch|p2b: Ursaluna|Ursaluna-Bloodmoon, L50, M|100\/100\n|turn|6\n|\n|t:|1699916805\n|-terastallize|p2b: Ursaluna|Normal\n|move|p1a: Chien-Pao|Protect|p1a: Chien-Pao\n|-singleturn|p1a: Chien-Pao|Protect\n|move|p2b: Ursaluna|Hyper Voice|p1b: Farigiraf|[spread] p1b\n|-activate|p1a: Chien-Pao|move: Protect\n|-damage|p1b: Farigiraf|47\/100\n|-enditem|p2b: Ursaluna|Throat Spray\n|-boost|p2b: Ursaluna|spa|1|[from] item: Throat Spray\n|move|p2a: Oranguru|Instruct|p2b: Ursaluna\n|-singleturn|p2b: Ursaluna|move: Instruct|[of] p2a: Oranguru\n|move|p2b: Ursaluna|Hyper Voice|p1b: Farigiraf|[spread] p1b\n|-activate|p1a: Chien-Pao|move: Protect\n|-damage|p1b: Farigiraf|0 fnt\n|faint|p1b: Farigiraf\n|\n|upkeep\n|turn|7\n|-message|kikkee_ac14 forfeited.\n|\n|win|atworkyolo13\n|raw|kikkee_ac14's rating: 1422 &rarr; <strong>1399<\/strong><br \/>(-23 for losing)\n|raw|atworkyolo13's rating: 1372 &rarr; <strong>1395<\/strong><br \/>(+23 for winning)\n|l|\u2606kikkee_ac14\n","uploadtime":1699916827,"views":14,"p1id":"kikkeeac14","p2id":"atworkyolo13","formatid":"gen9vgc2023regulatione","rating":1395,"private":0,"password":""}