{"id":"gen9vgc2023regulatione-1998024447","p1":"McRoach","p2":"zexal325","format":"[Gen 9] VGC 2023 Regulation E","log":"|j|\u2606McRoach\n|j|\u2606zexal325\n|t:|1700880386\n|gametype|doubles\n|player|p1|McRoach|blaine|1064\n|player|p2|zexal325|101|1166\n|teamsize|p1|6\n|teamsize|p2|6\n|gen|9\n|tier|[Gen 9] VGC 2023 Regulation E\n|rated|\n|rule|Species Clause: Limit one of each Pok\u00e9mon\n|rule|Item Clause: Limit one of each item\n|clearpoke\n|poke|p1|Landorus-Therian, L50, M|\n|poke|p1|Dragonite, L50, M|\n|poke|p1|Clefable, L50, F|\n|poke|p1|Heatran, L50, M|\n|poke|p1|Cloyster, L50, M|\n|poke|p1|Rotom-Wash, L50|\n|poke|p2|Arcanine-Hisui, L50, M|\n|poke|p2|Landorus-Therian, L50, M|\n|poke|p2|Iron Hands, L50|\n|poke|p2|Cresselia, L50, F|\n|poke|p2|Iron Bundle, L50|\n|poke|p2|Urshifu-*, L50, F|\n|teampreview|4\nMcRoach has agreed to open team sheets.\n|inactive|Battle timer is ON: inactive players will automatically lose when time's up. (requested by McRoach)\n|inactive|zexal325 has 60 seconds left.\n|\n|t:|1700880461\n|start\n|switch|p1a: Big Mom|Clefable, L50, F|100\/100\n|switch|p1b: Crocodile|Landorus-Therian, L50, M|100\/100\n|switch|p2a: Iron Bundle|Iron Bundle, L50|100\/100\n|switch|p2b: Landorus|Landorus-Therian, L50, M|100\/100\n|-ability|p2b: Landorus|Intimidate|boost\n|-unboost|p1a: Big Mom|atk|1\n|-unboost|p1b: Crocodile|atk|1\n|-ability|p1b: Crocodile|Intimidate|boost\n|-unboost|p2a: Iron Bundle|atk|1\n|-unboost|p2b: Landorus|atk|1\n|-enditem|p2a: Iron Bundle|Booster Energy\n|-activate|p2a: Iron Bundle|ability: Quark Drive|[fromitem]\n|-start|p2a: Iron Bundle|quarkdrivespe\n|turn|1\n|inactive|zexal325 has 30 seconds left.\n|inactive|zexal325 has 20 seconds left.\n|\n|t:|1700880499\n|switch|p1b: Akainu|Heatran, L50, M|100\/100\n|move|p2a: Iron Bundle|Icy Wind|p1a: Big Mom|[spread] p1a,p1b\n|-resisted|p1b: Akainu\n|-damage|p1a: Big Mom|86\/100\n|-damage|p1b: Akainu|96\/100\n|-unboost|p1a: Big Mom|spe|1\n|-unboost|p1b: Akainu|spe|1\n|move|p2b: Landorus|Rock Slide|p1b: Akainu|[spread] p1a,p1b\n|-damage|p1a: Big Mom|68\/100\n|-damage|p1b: Akainu|85\/100\n|cant|p1a: Big Mom|flinch\n|\n|upkeep\n|turn|2\n|inactive|zexal325 has 30 seconds left.\n|inactive|zexal325 has 20 seconds left.\n|inactive|zexal325 has 15 seconds left.\n|\n|t:|1700880540\n|switch|p2b: Iron Hands|Iron Hands, L50|100\/100\n|move|p2a: Iron Bundle|Hydro Pump|p1a: Big Mom\n|-damage|p1a: Big Mom|34\/100\n|move|p1b: Akainu|Heat Wave|p2a: Iron Bundle|[spread] p2a,p2b\n|-damage|p2a: Iron Bundle|5\/100\n|-damage|p2b: Iron Hands|68\/100\n|-status|p2a: Iron Bundle|brn\n|-damage|p1b: Akainu|75\/100|[from] item: Life Orb\n|move|p1a: Big Mom|Light Screen|p1a: Big Mom\n|-sidestart|p1: McRoach|move: Light Screen\n|\n|-damage|p2a: Iron Bundle|0 fnt|[from] brn\n|faint|p2a: Iron Bundle\n|-end|p2a: Iron Bundle|Quark Drive|[silent]\n|upkeep\n|\n|t:|1700880553\n|switch|p2a: Landorus|Landorus-Therian, L50, M|100\/100\n|-ability|p2a: Landorus|Intimidate|boost\n|-unboost|p1a: Big Mom|atk|1\n|-unboost|p1b: Akainu|atk|1\n|turn|3\n|\n|t:|1700880561\n|switch|p1b: Crocodile|Landorus-Therian, L50, M|100\/100\n|-ability|p1b: Crocodile|Intimidate|boost\n|-unboost|p2a: Landorus|atk|1\n|-unboost|p2b: Iron Hands|atk|1\n|move|p2b: Iron Hands|Fake Out|p1a: Big Mom\n|-damage|p1a: Big Mom|21\/100\n|move|p2a: Landorus|Stomping Tantrum|p1b: Crocodile\n|-immune|p1b: Crocodile\n|cant|p1a: Big Mom|flinch\n|\n|upkeep\n|turn|4\n|\n|t:|1700880573\n|-end|p2b: Iron Hands|Quark Drive|[silent]\n|switch|p2b: Arcanine|Arcanine-Hisui, L50, M|100\/100\n|-ability|p2b: Arcanine|Intimidate|boost\n|-unboost|p1a: Big Mom|atk|1\n|-unboost|p1b: Crocodile|atk|1\n|move|p2a: Landorus|Stomping Tantrum|p1a: Big Mom\n|-damage|p1a: Big Mom|0 fnt\n|faint|p1a: Big Mom\n|move|p1b: Crocodile|Fissure|p2b: Arcanine|[miss]\n|-miss|p1b: Crocodile|p2b: Arcanine\n|\n|upkeep\n|\n|t:|1700880582\n|switch|p1a: Aokiji|Cloyster, L50, M, shiny|100\/100\n|turn|5\n|\n|t:|1700880601\n|-terastallize|p2b: Arcanine|Fairy\n|move|p2a: Landorus|Stomping Tantrum|p1a: Aokiji\n|-damage|p1a: Aokiji|83\/100\n|move|p1b: Crocodile|Fissure|p2b: Arcanine\n|-damage|p2b: Arcanine|0 fnt\n|faint|p2b: Arcanine\n|-ohko\n|move|p1a: Aokiji|Icicle Spear|p2a: Landorus\n|-supereffective|p2a: Landorus\n|-damage|p2a: Landorus|40\/100\n|-supereffective|p2a: Landorus\n|-damage|p2a: Landorus|0 fnt\n|faint|p2a: Landorus\n|-hitcount|p2: Landorus|2\n|\n|upkeep\n|\n|t:|1700880610\n|switch|p2b: Iron Hands|Iron Hands, L50|68\/100\n|turn|6\n|-message|zexal325 forfeited.\n|\n|win|McRoach\n|raw|McRoach's rating: 1064 &rarr; <strong>1103<\/strong><br \/>(+39 for winning)\n|raw|zexal325's rating: 1166 &rarr; <strong>1134<\/strong><br \/>(-32 for losing)\n|l|\u2606zexal325\n","uploadtime":1700880711,"views":16,"p1id":"mcroach","p2id":"zexal325","formatid":"gen9vgc2023regulatione","rating":1103,"private":0,"password":""}