{"id":"gen9vgc2023regulatione-1990576830","p1":"ThatSanchezyBoi","p2":"SuzukiLA","format":"[Gen 9] VGC 2023 Regulation E","log":"|j|\u2606ThatSanchezyBoi\n|j|\u2606SuzukiLA\n|t:|1699982827\n|gametype|doubles\n|player|p1|ThatSanchezyBoi|veteran|1053\n|player|p2|SuzukiLA|colress|1122\n|teamsize|p1|6\n|teamsize|p2|6\n|gen|9\n|tier|[Gen 9] VGC 2023 Regulation E\n|rated|\n|rule|Species Clause: Limit one of each Pok\u00e9mon\n|rule|Item Clause: Limit one of each item\n|clearpoke\n|poke|p1|Kleavor, L50, F|\n|poke|p1|Scizor, L50, F|\n|poke|p1|Rabsca, L50, M|\n|poke|p1|Yanmega, L50, M|\n|poke|p1|Volcarona, L50, F|\n|poke|p1|Vikavolt, L50, M|\n|poke|p2|Empoleon, L50, M|\n|poke|p2|Dragapult, L50, M|\n|poke|p2|Tornadus, L50, M|\n|poke|p2|Rillaboom, L50, F|\n|poke|p2|Ogerpon-Wellspring, L50, F|\n|poke|p2|Charizard, L50, F|\n|teampreview|4\n|\n|t:|1699982852\n|start\n|switch|p1a: Kleavor|Kleavor, L50, F|100\/100\n|switch|p1b: Scizor|Scizor, L50, F|100\/100\n|switch|p2a: Tornadus|Tornadus, L50, M|100\/100\n|switch|p2b: Rillaboom|Rillaboom, L50, F|100\/100\n|-fieldstart|move: Grassy Terrain|[from] ability: Grassy Surge|[of] p2b: Rillaboom\n|turn|1\n|\n|t:|1699982865\n|move|p2b: Rillaboom|Fake Out|p1a: Kleavor\n|-resisted|p1a: Kleavor\n|-damage|p1a: Kleavor|92\/100\n|move|p2a: Tornadus|Tailwind|p2a: Tornadus\n|-sidestart|p2: SuzukiLA|move: Tailwind\n|cant|p1a: Kleavor|flinch\n|move|p1b: Scizor|Swords Dance|p1b: Scizor\n|-boost|p1b: Scizor|atk|2\n|\n|-heal|p1a: Kleavor|98\/100|[from] Grassy Terrain\n|upkeep\n|turn|2\n|\n|t:|1699982883\n|move|p2a: Tornadus|Protect|p2a: Tornadus\n|-singleturn|p2a: Tornadus|Protect\n|move|p2b: Rillaboom|U-turn|p1a: Kleavor\n|-damage|p1a: Kleavor|67\/100\n|\n|t:|1699982888\n|switch|p2b: Empoleon|Empoleon, L50, M|100\/100|[from] U-turn\n|move|p1a: Kleavor|Stone Axe|p2a: Tornadus\n|-activate|p2a: Tornadus|move: Protect\n|move|p1b: Scizor|Dual Wingbeat|p2b: Empoleon|[miss]\n|-miss|p1b: Scizor|p2b: Empoleon\n|\n|-heal|p1a: Kleavor|73\/100|[from] Grassy Terrain\n|upkeep\n|turn|3\n|\n|t:|1699982902\n|move|p2b: Empoleon|Protect|p2b: Empoleon\n|-singleturn|p2b: Empoleon|Protect\n|move|p2a: Tornadus|Rain Dance|p2a: Tornadus\n|-weather|RainDance\n|move|p1b: Scizor|Bullet Punch|p2a: Tornadus\n|-damage|p2a: Tornadus|9\/100\n|move|p1a: Kleavor|Tailwind|p1a: Kleavor\n|-sidestart|p1: ThatSanchezyBoi|move: Tailwind\n|\n|-weather|RainDance|[upkeep]\n|-heal|p1a: Kleavor|79\/100|[from] Grassy Terrain\n|upkeep\n|turn|4\n|\n|t:|1699982924\n|move|p2a: Tornadus|Protect|p2a: Tornadus\n|-singleturn|p2a: Tornadus|Protect\n|move|p1a: Kleavor|Night Slash|p2b: Empoleon\n|-damage|p2b: Empoleon|73\/100\n|move|p2b: Empoleon|Surf|p1b: Scizor|[spread] p1a,p1b\n|-activate|p2a: Tornadus|move: Protect\n|-supereffective|p1a: Kleavor\n|-damage|p1a: Kleavor|0 fnt\n|-damage|p1b: Scizor|31\/100\n|faint|p1a: Kleavor\n|-damage|p2b: Empoleon|64\/100|[from] item: Life Orb\n|move|p1b: Scizor|Bug Bite|p2b: Empoleon\n|-resisted|p2b: Empoleon\n|-damage|p2b: Empoleon|10\/100\n|\n|-weather|RainDance|[upkeep]\n|-heal|p2b: Empoleon|16\/100|[from] Grassy Terrain\n|-heal|p1b: Scizor|37\/100|[from] Grassy Terrain\n|-sideend|p2: SuzukiLA|move: Tailwind\n|upkeep\n|\n|t:|1699982945\n|switch|p1a: Volcarona|Volcarona, L50, F|100\/100\n|turn|5\n|\n|t:|1699982954\n|move|p1b: Scizor|Bullet Punch|p2a: Tornadus\n|-damage|p2a: Tornadus|0 fnt\n|faint|p2a: Tornadus\n|move|p1a: Volcarona|Giga Drain|p2b: Empoleon\n|-damage|p2b: Empoleon|0 fnt\n|faint|p2b: Empoleon\n|\n|-weather|RainDance|[upkeep]\n|-heal|p1b: Scizor|44\/100|[from] Grassy Terrain\n|-fieldend|move: Grassy Terrain\n|upkeep\n|\n|t:|1699982959\n|switch|p2a: Charizard|Charizard, L50, F|100\/100\n|switch|p2b: Rillaboom|Rillaboom, L50, F|100\/100\n|-fieldstart|move: Grassy Terrain|[from] ability: Grassy Surge|[of] p2b: Rillaboom\n|turn|6\n|\n|t:|1699982973\n|move|p2b: Rillaboom|Fake Out|p1b: Scizor\n|-resisted|p1b: Scizor\n|-damage|p1b: Scizor|36\/100\n|cant|p1b: Scizor|flinch\n|move|p1a: Volcarona|Quiver Dance|p1a: Volcarona\n|-boost|p1a: Volcarona|spa|1\n|-boost|p1a: Volcarona|spd|1\n|-boost|p1a: Volcarona|spe|1\n|move|p2a: Charizard|Ancient Power|p1a: Volcarona\n|-supereffective|p1a: Volcarona\n|-damage|p1a: Volcarona|40\/100\n|\n|-weather|RainDance|[upkeep]\n|-heal|p1a: Volcarona|47\/100|[from] Grassy Terrain\n|-heal|p1b: Scizor|43\/100|[from] Grassy Terrain\n|-sideend|p1: ThatSanchezyBoi|move: Tailwind\n|upkeep\n|turn|7\n|l|\u2606ThatSanchezyBoi\n|player|p1|\n|\n|t:|1699983032\n|-terastallize|p1a: Volcarona|Bug\n|move|p1a: Volcarona|Bug Buzz|p2b: Rillaboom\n|-supereffective|p2b: Rillaboom\n|-damage|p2b: Rillaboom|0 fnt\n|faint|p2b: Rillaboom\n|move|p2a: Charizard|Hurricane|p1a: Volcarona\n|-supereffective|p1a: Volcarona\n|-damage|p1a: Volcarona|0 fnt\n|faint|p1a: Volcarona\n|move|p1b: Scizor|Dual Wingbeat|p2a: Charizard\n|-damage|p2a: Charizard|45\/100\n|-damage|p2a: Charizard|0 fnt\n|faint|p2a: Charizard\n|-hitcount|p2: Charizard|2\n|\n|win|ThatSanchezyBoi\n|raw|ThatSanchezyBoi's rating: 1053 &rarr; <strong>1091<\/strong><br \/>(+38 for winning)\n|raw|SuzukiLA's rating: 1122 &rarr; <strong>1092<\/strong><br \/>(-30 for losing)\n|j|\u2606ThatSanchezyBoi\n|player|p1|ThatSanchezyBoi|veteran\n|l|\u2606SuzukiLA\n|c|\u2606ThatSanchezyBoi|lost connection, came back to a win\n|c|\u2606ThatSanchezyBoi|nice\n","uploadtime":1699983062,"views":13,"p1id":"thatsanchezyboi","p2id":"suzukila","formatid":"gen9vgc2023regulatione","rating":1091,"private":0,"password":""}