{"id":"gen9vgc2023regulatione-1998070304","p1":"kowasabii","p2":"electricboogaloo12","format":"[Gen 9] VGC 2023 Regulation E","log":"|j|\u2606kowasabii\n|j|\u203delectricboogaloo12\n|t:|1700886628\n|gametype|doubles\n|player|p1|kowasabii|carmine|1319\n|player|p2|electricboogaloo12|cynthia|1343\n|teamsize|p1|6\n|teamsize|p2|6\n|gen|9\n|tier|[Gen 9] VGC 2023 Regulation E\n|rated|\n|rule|Species Clause: Limit one of each Pok\u00e9mon\n|rule|Item Clause: Limit one of each item\n|clearpoke\n|poke|p1|Urshifu-*, L50, F|\n|poke|p1|Indeedee-F, L50, F|\n|poke|p1|Sneasler, L50, M|\n|poke|p1|Ursaluna-Bloodmoon, L50, M|\n|poke|p1|Armarouge, L50, F|\n|poke|p1|Flutter Mane, L50|\n|poke|p2|Gastrodon, L50, F|\n|poke|p2|Grimmsnarl, L50, M|\n|poke|p2|Articuno-Galar, L50|\n|poke|p2|Heatran, L50, F|\n|poke|p2|Raichu, L50, M|\n|poke|p2|Espeon, L50, M|\n|teampreview|4\n|inactive|Battle timer is ON: inactive players will automatically lose when time's up. (requested by electricboogaloo12)\n|inactive|electricboogaloo12 has 60 seconds left.\n|\n|t:|1700886678\n|start\n|switch|p1a: Indeedee|Indeedee-F, L50, F|100\/100\n|switch|p1b: Ursaluna|Ursaluna-Bloodmoon, L50, M|100\/100\n|switch|p2a: Grimmsnarl|Grimmsnarl, L50, M|100\/100\n|switch|p2b: Articuno|Articuno-Galar, L50|100\/100\n|-fieldstart|move: Psychic Terrain|[from] ability: Psychic Surge|[of] p1a: Indeedee\n|turn|1\n|\n|t:|1700886691\n|move|p1b: Ursaluna|Calm Mind|p1b: Ursaluna\n|-boost|p1b: Ursaluna|spa|1\n|-boost|p1b: Ursaluna|spd|1\n|move|p2b: Articuno|Freezing Glare|p1b: Ursaluna\n|-damage|p1b: Ursaluna|60\/100\n|move|p2a: Grimmsnarl|Spirit Break|p1b: Ursaluna\n|-damage|p1b: Ursaluna|32\/100\n|-unboost|p1b: Ursaluna|spa|1\n|move|p1a: Indeedee|Trick Room|p1a: Indeedee\n|-fieldstart|move: Trick Room|[of] p1a: Indeedee\n|\n|-heal|p1b: Ursaluna|38\/100|[from] item: Leftovers\n|upkeep\n|turn|2\n|\n|t:|1700886704\n|move|p1a: Indeedee|Follow Me|p1a: Indeedee\n|-singleturn|p1a: Indeedee|move: Follow Me\n|move|p2a: Grimmsnarl|Spirit Break|p1a: Indeedee\n|-damage|p1a: Indeedee|71\/100\n|-unboost|p1a: Indeedee|spa|1\n|-damage|p2a: Grimmsnarl|84\/100|[from] item: Rocky Helmet|[of] p1a: Indeedee\n|move|p1b: Ursaluna|Calm Mind|p1b: Ursaluna\n|-boost|p1b: Ursaluna|spa|1\n|-boost|p1b: Ursaluna|spd|1\n|move|p2b: Articuno|Trick Room|p2b: Articuno\n|-fieldend|move: Trick Room\n|\n|-heal|p1b: Ursaluna|44\/100|[from] item: Leftovers\n|upkeep\n|turn|3\n|\n|t:|1700886719\n|move|p1a: Indeedee|Follow Me|p1a: Indeedee\n|-singleturn|p1a: Indeedee|move: Follow Me\n|move|p1b: Ursaluna|Blood Moon|p2a: Grimmsnarl\n|-damage|p2a: Grimmsnarl|0 fnt\n|faint|p2a: Grimmsnarl\n|move|p2b: Articuno|Freezing Glare|p1a: Indeedee\n|-resisted|p1a: Indeedee\n|-damage|p1a: Indeedee|50\/100\n|\n|-heal|p1b: Ursaluna|50\/100|[from] item: Leftovers\n|upkeep\n|\n|t:|1700886730\n|switch|p2a: Heatran|Heatran, L50, F|100\/100\n|turn|4\n|\n|t:|1700886743\n|move|p1a: Indeedee|Protect|p1a: Indeedee\n|-singleturn|p1a: Indeedee|Protect\n|move|p1b: Ursaluna|Protect|p1b: Ursaluna\n|-singleturn|p1b: Ursaluna|Protect\n|move|p2b: Articuno|Freezing Glare|p1b: Ursaluna\n|-activate|p1b: Ursaluna|move: Protect\n|move|p2a: Heatran|Heat Wave|p1a: Indeedee|[spread] \n|-activate|p1a: Indeedee|move: Protect\n|-activate|p1b: Ursaluna|move: Protect\n|\n|-heal|p1b: Ursaluna|56\/100|[from] item: Leftovers\n|upkeep\n|turn|5\n|inactive|kowasabii has 30 seconds left.\n|\n|t:|1700886769\n|switch|p1a: Sneasler|Sneasler, L50, M|100\/100\n|-enditem|p1a: Sneasler|Psychic Seed\n|-boost|p1a: Sneasler|spd|1|[from] item: Psychic Seed\n|-terastallize|p2a: Heatran|Grass\n|move|p1b: Ursaluna|Earth Power|p2a: Heatran\n|-resisted|p2a: Heatran\n|-damage|p2a: Heatran|80\/100\n|move|p2b: Articuno|Freezing Glare|p1b: Ursaluna\n|-damage|p1b: Ursaluna|22\/100\n|move|p2a: Heatran|Tera Blast|p1b: Ursaluna|[anim] Tera Blast Grass\n|-supereffective|p1b: Ursaluna\n|-damage|p1b: Ursaluna|0 fnt\n|faint|p1b: Ursaluna\n|\n|-fieldend|move: Psychic Terrain\n|upkeep\n|\n|t:|1700886777\n|switch|p1b: Indeedee|Indeedee-F, L50, F|50\/100\n|-fieldstart|move: Psychic Terrain|[from] ability: Psychic Surge|[of] p1b: Indeedee\n|turn|6\n|\n|t:|1700886790\n|-terastallize|p1a: Sneasler|Flying\n|move|p1b: Indeedee|Follow Me|p1b: Indeedee\n|-singleturn|p1b: Indeedee|move: Follow Me\n|move|p1a: Sneasler|Acrobatics|p2a: Heatran\n|-supereffective|p2a: Heatran\n|-crit|p2a: Heatran\n|-damage|p2a: Heatran|0 fnt\n|faint|p2a: Heatran\n|move|p2b: Articuno|Trick Room|p2b: Articuno\n|-fieldstart|move: Trick Room|[of] p2b: Articuno\n|\n|upkeep\n|\n|t:|1700886797\n|switch|p2a: Gastrodon|Gastrodon, L50, F, shiny|100\/100\n|turn|7\n|\n|t:|1700886812\n|move|p2a: Gastrodon|Ice Beam|p1a: Sneasler\n|-supereffective|p1a: Sneasler\n|-damage|p1a: Sneasler|63\/100\n|move|p2b: Articuno|Freezing Glare|p1a: Sneasler\n|-damage|p1a: Sneasler|17\/100\n|-status|p1a: Sneasler|frz\n|-curestatus|p1a: Sneasler|frz|[msg]\n|move|p1a: Sneasler|Dire Claw|p2b: Articuno\n|-damage|p2b: Articuno|55\/100\n|-status|p2b: Articuno|slp\n|move|p1b: Indeedee|Trick Room|p1b: Indeedee\n|-fieldend|move: Trick Room\n|\n|upkeep\n|turn|8\n|-message|electricboogaloo12 forfeited.\n|\n|win|kowasabii\n|raw|kowasabii's rating: 1319 &rarr; <strong>1340<\/strong><br \/>(+21 for winning)\n|raw|electricboogaloo12's rating: 1343 &rarr; <strong>1322<\/strong><br \/>(-21 for losing)\n|l|\u203delectricboogaloo12\n","uploadtime":1700886938,"views":17,"p1id":"kowasabii","p2id":"electricboogaloo12","formatid":"gen9vgc2023regulatione","rating":1322,"private":0,"password":""}