{"id":"gen9vgc2023regulatione-1995921242","p1":"Or4ngetest5","p2":"elektriktoad","format":"[Gen 9] VGC 2023 Regulation E","log":"|j|\u2606Or4ngetest5\n|j|\u2606elektriktoad\n|t:|1700617634\n|gametype|doubles\n|player|p1|Or4ngetest5|cynthia|1466\n|player|p2|elektriktoad|janine|1499\n|teamsize|p1|6\n|teamsize|p2|6\n|gen|9\n|tier|[Gen 9] VGC 2023 Regulation E\n|rated|\n|rule|Species Clause: Limit one of each Pok\u00e9mon\n|rule|Item Clause: Limit one of each item\n|clearpoke\n|poke|p1|Kingambit, L50, F|\n|poke|p1|Urshifu-*, L50, M|\n|poke|p1|Iron Hands, L50|\n|poke|p1|Tornadus, L50, M|\n|poke|p1|Sinistcha-Masterpiece, L50|\n|poke|p1|Pelipper, L50, M|\n|poke|p2|Muk-Alola, L50, M|\n|poke|p2|Scovillain, L50, M|\n|poke|p2|Sableye, L50, F|\n|poke|p2|Garganacl, L50, M|\n|poke|p2|Goodra-Hisui, L50, M|\n|poke|p2|Ogerpon-Wellspring, L50, F|\n|teampreview|4\n|inactive|Battle timer is ON: inactive players will automatically lose when time's up. (requested by elektriktoad)\n|\n|t:|1700617676\n|start\n|switch|p1a: Iron Hands|Iron Hands, L50|100\/100\n|switch|p1b: Tornadus|Tornadus, L50, M|100\/100\n|switch|p2a: Muk|Muk-Alola, L50, M|100\/100\n|switch|p2b: Scovillain|Scovillain, L50, M|100\/100\n|turn|1\n|\n|t:|1700617691\n|move|p2a: Muk|Protect|p2a: Muk\n|-singleturn|p2a: Muk|Protect\n|move|p1a: Iron Hands|Fake Out|p2a: Muk\n|-activate|p2a: Muk|move: Protect\n|move|p1b: Tornadus|Rain Dance|p1b: Tornadus\n|-weather|RainDance\n|move|p2b: Scovillain|Overheat|p1b: Tornadus\n|-damage|p1b: Tornadus|70\/100\n|-unboost|p2b: Scovillain|spa|2\n|\n|-weather|RainDance|[upkeep]\n|-ability|p2b: Scovillain|Moody|boost\n|-boost|p2b: Scovillain|atk|2\n|-unboost|p2b: Scovillain|def|1\n|upkeep\n|turn|2\n|inactive|elektriktoad has 30 seconds left.\n|\n|t:|1700617717\n|move|p2b: Scovillain|Rage Powder|p2b: Scovillain\n|-singleturn|p2b: Scovillain|move: Rage Powder\n|move|p1b: Tornadus|Bleakwind Storm|p2a: Muk|[spread] p2a,p2b\n|-supereffective|p2b: Scovillain\n|-damage|p2a: Muk|71\/100\n|-damage|p2b: Scovillain|0 fnt\n|-unboost|p2a: Muk|spe|1\n|faint|p2b: Scovillain\n|-ability|p2a: Muk|Moody|[from] ability: Power of Alchemy|[of] p2b: Scovillain\n|move|p1a: Iron Hands|Swords Dance|p1a: Iron Hands\n|-boost|p1a: Iron Hands|atk|2\n|move|p2a: Muk|Minimize|p2a: Muk\n|-boost|p2a: Muk|evasion|2\n|\n|-weather|RainDance|[upkeep]\n|-heal|p2a: Muk|77\/100|[from] item: Black Sludge\n|-ability|p2a: Muk|Moody|boost\n|-boost|p2a: Muk|def|2\n|-unboost|p2a: Muk|spd|1\n|upkeep\n|\n|t:|1700617730\n|switch|p2b: Sableye|Sableye, L50, F|100\/100\n|turn|3\n|\n|t:|1700617741\n|move|p2b: Sableye|Disable|p1b: Tornadus\n|-start|p1b: Tornadus|Disable|Bleakwind Storm\n|cant|p1b: Tornadus|Disable|Bleakwind Storm\n|move|p1a: Iron Hands|Swords Dance|p1a: Iron Hands\n|-boost|p1a: Iron Hands|atk|2\n|move|p2a: Muk|Toxic|p1a: Iron Hands\n|-status|p1a: Iron Hands|tox\n|\n|-weather|RainDance|[upkeep]\n|-heal|p2a: Muk|83\/100|[from] item: Black Sludge\n|-damage|p1a: Iron Hands|94\/100 tox|[from] psn\n|-ability|p2a: Muk|Moody|boost\n|-boost|p2a: Muk|spe|2\n|-unboost|p2a: Muk|spa|1\n|upkeep\n|turn|4\n|\n|t:|1700617760\n|move|p1b: Tornadus|Taunt|p2a: Muk\n|-hint|Since gen 7, Dark is immune to Prankster moves.\n|-immune|p2a: Muk\n|move|p2b: Sableye|Encore|p1a: Iron Hands\n|-start|p1a: Iron Hands|Encore\n|move|p2a: Muk|Toxic|p1b: Tornadus\n|-status|p1b: Tornadus|tox\n|move|p1a: Iron Hands|Swords Dance|p1a: Iron Hands\n|-boost|p1a: Iron Hands|atk|2\n|\n|-weather|RainDance|[upkeep]\n|-heal|p2a: Muk|89\/100|[from] item: Black Sludge\n|-damage|p1b: Tornadus|64\/100 tox|[from] psn\n|-damage|p1a: Iron Hands|82\/100 tox|[from] psn\n|-ability|p2a: Muk|Moody|boost\n|-boost|p2a: Muk|spa|2\n|-unboost|p2a: Muk|def|1\n|upkeep\n|turn|5\n|\n|t:|1700617775\n|-end|p1a: Iron Hands|Quark Drive|[silent]\n|switch|p1a: Pelipper|Pelipper, L50, M|100\/100\n|move|p1b: Tornadus|Tailwind|p1b: Tornadus\n|-sidestart|p1: Or4ngetest5|move: Tailwind\n|move|p2a: Muk|Minimize|p2a: Muk\n|-boost|p2a: Muk|evasion|2\n|move|p2b: Sableye|Foul Play|p1a: Pelipper\n|-damage|p1a: Pelipper|87\/100\n|\n|-weather|none\n|-heal|p2a: Muk|95\/100|[from] item: Black Sludge\n|-damage|p1b: Tornadus|52\/100 tox|[from] psn\n|-ability|p2a: Muk|Moody|boost\n|-boost|p2a: Muk|def|2\n|-unboost|p2a: Muk|spa|1\n|upkeep\n|turn|6\n|inactive|elektriktoad has 30 seconds left.\n|\n|t:|1700617804\n|move|p1b: Tornadus|Rain Dance|p1b: Tornadus\n|-weather|RainDance\n|move|p2b: Sableye|Encore|p1b: Tornadus\n|-start|p1b: Tornadus|Encore\n|move|p1a: Pelipper|Hurricane|p2a: Muk\n|-damage|p2a: Muk|57\/100\n|move|p2a: Muk|Toxic|p1a: Pelipper\n|-status|p1a: Pelipper|tox\n|\n|-weather|RainDance|[upkeep]\n|-heal|p2a: Muk|63\/100|[from] item: Black Sludge\n|-damage|p1b: Tornadus|34\/100 tox|[from] psn\n|-damage|p1a: Pelipper|81\/100 tox|[from] psn\n|-end|p1b: Tornadus|Disable\n|-ability|p2a: Muk|Moody|boost\n|-boost|p2a: Muk|def|2\n|-unboost|p2a: Muk|spa|1\n|upkeep\n|turn|7\n|\n|t:|1700617818\n|switch|p1b: Iron Hands|Iron Hands, L50|82\/100 tox\n|move|p2b: Sableye|Disable|p1a: Pelipper\n|-start|p1a: Pelipper|Disable|Hurricane\n|move|p1a: Pelipper|Weather Ball|p2b: Sableye\n|-damage|p2b: Sableye|27\/100\n|move|p2a: Muk|Minimize|p2a: Muk\n|-boost|p2a: Muk|evasion|2\n|\n|-weather|RainDance|[upkeep]\n|-heal|p2a: Muk|69\/100|[from] item: Black Sludge\n|-damage|p1a: Pelipper|69\/100 tox|[from] psn\n|-damage|p1b: Iron Hands|76\/100 tox|[from] psn\n|-ability|p2a: Muk|Moody|boost\n|-boost|p2a: Muk|spa|2\n|-unboost|p2a: Muk|spe|1\n|upkeep\n|turn|8\n|\n|t:|1700617837\n|move|p2b: Sableye|Protect|p2b: Sableye\n|-singleturn|p2b: Sableye|Protect\n|move|p1a: Pelipper|Weather Ball|p2a: Muk|[miss]\n|-miss|p1a: Pelipper|p2a: Muk\n|move|p1b: Iron Hands|Thunder Punch|p2b: Sableye\n|-activate|p2b: Sableye|move: Protect\n|move|p2a: Muk|Knock Off|p1a: Pelipper\n|-damage|p1a: Pelipper|35\/100 tox\n|-enditem|p1a: Pelipper|Sitrus Berry|[from] move: Knock Off|[of] p2a: Muk\n|\n|-weather|RainDance|[upkeep]\n|-heal|p2a: Muk|75\/100|[from] item: Black Sludge\n|-damage|p1a: Pelipper|17\/100 tox|[from] psn\n|-damage|p1b: Iron Hands|64\/100 tox|[from] psn\n|-sideend|p1: Or4ngetest5|move: Tailwind\n|-ability|p2a: Muk|Moody|boost\n|-boost|p2a: Muk|def|1\n|-unboost|p2a: Muk|spa|1\n|upkeep\n|turn|9\n|inactive|elektriktoad has 30 seconds left.\n|\n|t:|1700617866\n|switch|p1a: Tornadus|Tornadus, L50, M|34\/100 tox\n|-end|p1b: Iron Hands|Quark Drive|[silent]\n|switch|p1b: Sinistcha|Sinistcha-Masterpiece, L50|100\/100\n|-heal|p1a: Tornadus|59\/100 tox|[from] ability: Hospitality|[of] p1b: Sinistcha\n|switch|p2b: Goodra|Goodra-Hisui, L50, M|100\/100\n|move|p2a: Muk|Protect||[still]\n|-fail|p2a: Muk\n|\n|-weather|RainDance|[upkeep]\n|-heal|p2a: Muk|82\/100|[from] item: Black Sludge\n|-damage|p1a: Tornadus|53\/100 tox|[from] psn\n|-ability|p2a: Muk|Moody|boost\n|-boost|p2a: Muk|spe|2\n|-unboost|p2a: Muk|def|1\n|upkeep\n|turn|10\n|inactive|elektriktoad has 30 seconds left.\n|\n|t:|1700617903\n|move|p2a: Muk|Knock Off|p1a: Tornadus\n|-damage|p1a: Tornadus|10\/100 tox\n|-enditem|p1a: Tornadus|Covert Cloak|[from] move: Knock Off|[of] p2a: Muk\n|move|p1a: Tornadus|Bleakwind Storm|p2b: Goodra|[spread] p2a,p2b\n|-resisted|p2b: Goodra\n|-crit|p2b: Goodra\n|-damage|p2a: Muk|36\/100\n|-damage|p2b: Goodra|82\/100\n|-unboost|p2a: Muk|spe|1\n|move|p1b: Sinistcha|Life Dew||[still]|[spread] p1a,p1b\n|-heal|p1a: Tornadus|35\/100 tox\n|-fail|p1b: Sinistcha|heal\n|move|p2b: Goodra|Life Dew|p2b: Goodra|[spread] p2a,p2b\n|-heal|p2a: Muk|61\/100\n|-heal|p2b: Goodra|100\/100\n|\n|-weather|none\n|-heal|p2a: Muk|67\/100|[from] item: Black Sludge\n|-damage|p1a: Tornadus|23\/100 tox|[from] psn\n|-ability|p2a: Muk|Moody|boost\n|-boost|p2a: Muk|def|1\n|-unboost|p2a: Muk|spd|1\n|upkeep\n|turn|11\n|inactive|Or4ngetest5 has 30 seconds left.\n|inactive|elektriktoad has 30 seconds left.\n|inactive|elektriktoad has 20 seconds left.\n|inactive|elektriktoad has 15 seconds left.\n|inactive|elektriktoad has 10 seconds left.\n|\n|t:|1700617954\n|move|p2a: Muk|Protect|p2a: Muk\n|-singleturn|p2a: Muk|Protect\n|move|p1b: Sinistcha|Rage Powder|p1b: Sinistcha\n|-singleturn|p1b: Sinistcha|move: Rage Powder\n|move|p1a: Tornadus|Rain Dance|p1a: Tornadus\n|-weather|RainDance\n|move|p2b: Goodra|Heavy Slam|p1b: Sinistcha\n|-damage|p1b: Sinistcha|70\/100\n|-damage|p2b: Goodra|84\/100|[from] item: Rocky Helmet|[of] p1b: Sinistcha\n|\n|-weather|RainDance|[upkeep]\n|-heal|p2a: Muk|74\/100|[from] item: Black Sludge\n|-heal|p2b: Goodra|90\/100|[from] item: Leftovers\n|-damage|p1a: Tornadus|5\/100 tox|[from] psn\n|-ability|p2a: Muk|Moody|boost\n|-boost|p2a: Muk|spa|2\n|-unboost|p2a: Muk|atk|1\n|upkeep\n|turn|12\n|\n|t:|1700617980\n|move|p2a: Muk|Protect||[still]\n|-fail|p2a: Muk\n|move|p1b: Sinistcha|Rage Powder|p1b: Sinistcha\n|-singleturn|p1b: Sinistcha|move: Rage Powder\n|move|p1a: Tornadus|Bleakwind Storm|p2a: Muk|[spread] p2a,p2b\n|-crit|p2a: Muk\n|-resisted|p2b: Goodra\n|-damage|p2a: Muk|0 fnt\n|-damage|p2b: Goodra|76\/100\n|faint|p2a: Muk\n|move|p2b: Goodra|Life Dew|p2b: Goodra\n|-heal|p2b: Goodra|100\/100\n|\n|-weather|RainDance|[upkeep]\n|-damage|p1a: Tornadus|0 fnt|[from] psn\n|faint|p1a: Tornadus\n|upkeep\n|\n|t:|1700617994\n|switch|p1a: Pelipper|Pelipper, L50, M|17\/100 tox\n|switch|p2a: Sableye|Sableye, L50, F|27\/100\n|turn|13\n|\n|t:|1700618014\n|move|p2a: Sableye|Protect|p2a: Sableye\n|-singleturn|p2a: Sableye|Protect\n|move|p1b: Sinistcha|Rage Powder|p1b: Sinistcha\n|-singleturn|p1b: Sinistcha|move: Rage Powder\n|move|p1a: Pelipper|Weather Ball|p2a: Sableye\n|-activate|p2a: Sableye|move: Protect\n|move|p2b: Goodra|Life Dew||[still]|[spread] p2a,p2b\n|-heal|p2a: Sableye|52\/100\n|-fail|p2b: Goodra|heal\n|\n|-weather|RainDance|[upkeep]\n|-damage|p1a: Pelipper|11\/100 tox|[from] psn\n|upkeep\n|turn|14\n|inactive|elektriktoad has 30 seconds left.\n|\n|t:|1700618043\n|move|p1b: Sinistcha|Rage Powder|p1b: Sinistcha\n|-singleturn|p1b: Sinistcha|move: Rage Powder\n|move|p1a: Pelipper|Weather Ball|p2a: Sableye\n|-damage|p2a: Sableye|0 fnt\n|faint|p2a: Sableye\n|move|p2b: Goodra|Shelter|p2b: Goodra\n|-boost|p2b: Goodra|def|2\n|\n|-weather|RainDance|[upkeep]\n|-damage|p1a: Pelipper|0 fnt|[from] psn\n|faint|p1a: Pelipper\n|upkeep\n|\n|t:|1700618052\n|switch|p1a: Iron Hands|Iron Hands, L50|64\/100 tox\n|turn|15\n|\n|t:|1700618063\n|move|p1b: Sinistcha|Strength Sap|p2b: Goodra\n|-ability|p2b: Goodra|Sap Sipper|boost\n|-boost|p2b: Goodra|atk|1\n|move|p2b: Goodra|Shelter|p2b: Goodra\n|-boost|p2b: Goodra|def|2\n|move|p1a: Iron Hands|Swords Dance|p1a: Iron Hands\n|-boost|p1a: Iron Hands|atk|2\n|\n|-weather|none\n|-damage|p1a: Iron Hands|58\/100 tox|[from] psn\n|upkeep\n|turn|16\n|inactive|elektriktoad has 30 seconds left.\n|\n|t:|1700618088\n|move|p1b: Sinistcha|Rage Powder|p1b: Sinistcha\n|-singleturn|p1b: Sinistcha|move: Rage Powder\n|move|p2b: Goodra|Shelter|p2b: Goodra\n|-boost|p2b: Goodra|def|2\n|move|p1a: Iron Hands|Swords Dance|p1a: Iron Hands\n|-boost|p1a: Iron Hands|atk|2\n|\n|-damage|p1a: Iron Hands|46\/100 tox|[from] psn\n|upkeep\n|turn|17\n|inactive|elektriktoad has 30 seconds left.\n|\n|t:|1700618115\n|-terastallize|p2b: Goodra|Water\n|move|p1b: Sinistcha|Rage Powder|p1b: Sinistcha\n|-singleturn|p1b: Sinistcha|move: Rage Powder\n|move|p2b: Goodra|Heavy Slam|p1b: Sinistcha\n|-damage|p1b: Sinistcha|25\/100\n|-damage|p2b: Goodra|84\/100|[from] item: Rocky Helmet|[of] p1b: Sinistcha\n|move|p1a: Iron Hands|Drain Punch|p2b: Goodra\n|-damage|p2b: Goodra|63\/100\n|-heal|p1a: Iron Hands|54\/100 tox|[from] drain|[of] p2b: Goodra\n|\n|-heal|p2b: Goodra|68\/100|[from] item: Leftovers\n|-damage|p1a: Iron Hands|36\/100 tox|[from] psn\n|upkeep\n|turn|18\n|\n|t:|1700618135\n|move|p1b: Sinistcha|Rage Powder|p1b: Sinistcha\n|-singleturn|p1b: Sinistcha|move: Rage Powder\n|move|p2b: Goodra|Life Dew|p2b: Goodra\n|-heal|p2b: Goodra|94\/100\n|move|p1a: Iron Hands|Thunder Punch|p2b: Goodra\n|-supereffective|p2b: Goodra\n|-damage|p2b: Goodra|49\/100\n|\n|-heal|p2b: Goodra|55\/100|[from] item: Leftovers\n|-damage|p1a: Iron Hands|12\/100 tox|[from] psn\n|upkeep\n|turn|19\n|\n|t:|1700618151\n|move|p1b: Sinistcha|Life Dew|p1b: Sinistcha|[spread] p1a,p1b\n|-heal|p1a: Iron Hands|37\/100 tox\n|-heal|p1b: Sinistcha|50\/100\n|move|p2b: Goodra|Life Dew|p2b: Goodra\n|-heal|p2b: Goodra|80\/100\n|move|p1a: Iron Hands|Thunder Punch|p2b: Goodra\n|-supereffective|p2b: Goodra\n|-damage|p2b: Goodra|30\/100\n|\n|-heal|p2b: Goodra|36\/100|[from] item: Leftovers\n|-damage|p1a: Iron Hands|7\/100 tox|[from] psn\n|upkeep\n|turn|20\n|\n|t:|1700618168\n|move|p1b: Sinistcha|Life Dew|p1b: Sinistcha|[spread] p1a,p1b\n|-heal|p1a: Iron Hands|32\/100 tox\n|-heal|p1b: Sinistcha|75\/100\n|move|p2b: Goodra|Heavy Slam|p1a: Iron Hands\n|-resisted|p1a: Iron Hands\n|-damage|p1a: Iron Hands|25\/100 tox\n|move|p1a: Iron Hands|Drain Punch|p2b: Goodra\n|-damage|p2b: Goodra|13\/100\n|-heal|p1a: Iron Hands|34\/100 tox|[from] drain|[of] p2b: Goodra\n|\n|-heal|p2b: Goodra|19\/100|[from] item: Leftovers\n|-damage|p1a: Iron Hands|0 fnt|[from] psn\n|faint|p1a: Iron Hands\n|-end|p1a: Iron Hands|Quark Drive|[silent]\n|upkeep\n|turn|21\n|inactive|Or4ngetest5 has 30 seconds left.\n|-message|Or4ngetest5 forfeited.\n|\n|win|elektriktoad\n|raw|Or4ngetest5's rating: 1466 &rarr; <strong>1448<\/strong><br \/>(-18 for losing)\n|raw|elektriktoad's rating: 1499 &rarr; <strong>1517<\/strong><br \/>(+18 for winning)\n|l|\u2606Or4ngetest5\n|l|\u2606elektriktoad\n|j|\u2606elektriktoad\n|player|p2|elektriktoad|janine\n","uploadtime":1700618465,"views":14,"p1id":"or4ngetest5","p2id":"elektriktoad","formatid":"gen9vgc2023regulatione","rating":1448,"private":0,"password":""}