{"id":"gen9vgc2023regulatione-1991577801","p1":"InflatableShark","p2":"DonFuron","format":"[Gen 9] VGC 2023 Regulation E","log":"|j|\u2606InflatableShark\n|j|\u2606DonFuron\n|n|\u2606InflatableShark|inflatableshark\n|n|\u2606DonFuron|donfuron\n|html|View the match progress at <a href=\"\/game-bestof3-gen9vgc2023regulatione-1991577800\">game-bestof3-gen9vgc2023regulatione-1991577800<\/a>\n|t:|1700090302\n|gametype|doubles\n|player|p1|InflatableShark|hoopster|\n|player|p2|DonFuron|ghetsis-gen5bw|\n|teamsize|p1|6\n|teamsize|p2|6\n|gen|9\n|tier|[Gen 9] VGC 2023 Regulation E\n|rule|Species Clause: Limit one of each Pok\u00e9mon\n|rule|Item Clause: Limit one of each item\n|clearpoke\n|poke|p1|Ogerpon, L50, F|\n|poke|p1|Jolteon, L50, M|\n|poke|p1|Bombirdier, L50, M|\n|poke|p1|Tauros-Paldea-Aqua, L50, M|\n|poke|p1|Scream Tail, L50|\n|poke|p1|Perrserker, L50, F|\n|poke|p2|Arcanine-Hisui, L50, F|\n|poke|p2|Gothitelle, L50, M|\n|poke|p2|Tornadus-Therian, L50, M|\n|poke|p2|Ogerpon-Wellspring, L50, F|\n|poke|p2|Volbeat, L50, M|\n|poke|p2|Azumarill, L50, F|\n|teampreview|4\nDonFuron rejected open team sheets.\n|j| Memes4.0\n|c|\u2606InflatableShark|glhf!\n|c|\u2606DonFuron|glhf!\n|j| J4ce\n|l| J4ce\n|j| J4ce\n|j| matthewssandslash\n|c| matthewssandslash|GL HF\n|\n|t:|1700090429\n|start\n|switch|p1a: Bombirdier|Bombirdier, L50, M|100\/100\n|switch|p1b: Scream Tail|Scream Tail, L50|100\/100\n|switch|p2a: Pok\u00e9Park2|Gothitelle, L50, M|100\/100\n|switch|p2b: Pietrie|Tornadus-Therian, L50, M|100\/100\n|turn|1\n|\n|t:|1700090449\n|move|p2a: Pok\u00e9Park2|Fake Out|p1a: Bombirdier\n|-damage|p1a: Bombirdier|94\/100\n|move|p2b: Pietrie|Nasty Plot|p2b: Pietrie\n|-boost|p2b: Pietrie|spa|2\n|cant|p1a: Bombirdier|flinch\n|move|p1b: Scream Tail|Trick Room|p1b: Scream Tail\n|-fieldstart|move: Trick Room|[of] p1b: Scream Tail\n|\n|upkeep\n|turn|2\n|\n|t:|1700090501\n|move|p2b: Pietrie|Protect|p2b: Pietrie\n|-singleturn|p2b: Pietrie|Protect\n|move|p1a: Bombirdier|Knock Off|p2b: Pietrie\n|-activate|p2b: Pietrie|move: Protect\n|move|p1b: Scream Tail|Imprison|p1b: Scream Tail\n|-start|p1b: Scream Tail|move: Imprison\n|cant|p2a: Pok\u00e9Park2|move: Imprison|Trick Room\n|\n|upkeep\n|turn|3\n|\n|t:|1700090515\n|move|p2a: Pok\u00e9Park2|Helping Hand|p2b: Pietrie\n|-singleturn|p2b: Pietrie|Helping Hand|[of] p2a: Pok\u00e9Park2\n|move|p1a: Bombirdier|Brave Bird|p2b: Pietrie\n|-damage|p2b: Pietrie|33\/100\n|-damage|p1a: Bombirdier|70\/100|[from] Recoil\n|move|p1b: Scream Tail|Psychic|p2b: Pietrie\n|-damage|p2b: Pietrie|10\/100\n|move|p2b: Pietrie|Bleakwind Storm|p1a: Bombirdier|[spread] p1a,p1b\n|-damage|p1a: Bombirdier|0 fnt\n|-damage|p1b: Scream Tail|46\/100\n|-unboost|p1b: Scream Tail|spe|1\n|faint|p1a: Bombirdier\n|\n|upkeep\n|\n|t:|1700090522\n|switch|p1a: Perrserker|Perrserker, L50, F|100\/100\n|turn|4\n|\n|t:|1700090546\n|switch|p2a: Pluto|Arcanine-Hisui, L50, F, shiny|100\/100\n|switch|p2b: VolBANNED|Volbeat, L50, M|100\/100\n|move|p1a: Perrserker|Curse|p1a: Perrserker\n|-unboost|p1a: Perrserker|spe|1\n|-boost|p1a: Perrserker|atk|1\n|-boost|p1a: Perrserker|def|1\n|move|p1b: Scream Tail|Psychic|p2b: VolBANNED\n|-damage|p2b: VolBANNED|79\/100\n|\n|upkeep\n|turn|5\n|\n|t:|1700090565\n|-terastallize|p1a: Perrserker|Steel\n|move|p1b: Scream Tail|Protect|p1b: Scream Tail\n|-singleturn|p1b: Scream Tail|Protect\n|move|p2b: VolBANNED|Encore|p1a: Perrserker\n|-start|p1a: Perrserker|Encore\n|move|p1a: Perrserker|Curse|p1a: Perrserker\n|-unboost|p1a: Perrserker|spe|1\n|-boost|p1a: Perrserker|atk|1\n|-boost|p1a: Perrserker|def|1\n|move|p2a: Pluto|Flare Blitz|p1b: Scream Tail\n|-activate|p1b: Scream Tail|move: Protect\n|\n|-fieldend|move: Trick Room\n|upkeep\n|turn|6\n|\n|t:|1700090584\n|move|p2a: Pluto|Flare Blitz|p1b: Scream Tail\n|-damage|p1b: Scream Tail|0 fnt\n|faint|p1b: Scream Tail\n|-end|p1b: Scream Tail|Protosynthesis|[silent]\n|move|p2b: VolBANNED|Infestation|p1a: Perrserker\n|-resisted|p1a: Perrserker\n|-damage|p1a: Perrserker|97\/100\n|-activate|p1a: Perrserker|move: Infestation|[of] p2b: VolBANNED\n|move|p1a: Perrserker|Curse|p1a: Perrserker\n|-unboost|p1a: Perrserker|spe|1\n|-boost|p1a: Perrserker|atk|1\n|-boost|p1a: Perrserker|def|1\n|\n|-damage|p1a: Perrserker|85\/100|[from] move: Infestation|[partiallytrapped]\n|upkeep\n|\n|t:|1700090588\n|switch|p1b: Jolteon|Jolteon, L50, M|100\/100\n|turn|7\n|\n|t:|1700090596\n|move|p2b: VolBANNED|Tailwind|p2b: VolBANNED\n|-sidestart|p2: DonFuron|move: Tailwind\n|move|p2a: Pluto|Flare Blitz|p1b: Jolteon\n|-enditem|p1b: Jolteon|Focus Sash\n|-damage|p1b: Jolteon|1\/100\n|move|p1b: Jolteon|Thunderbolt|p2b: VolBANNED\n|-damage|p2b: VolBANNED|33\/100\n|move|p1a: Perrserker|Curse|p1a: Perrserker\n|-unboost|p1a: Perrserker|spe|1\n|-boost|p1a: Perrserker|atk|1\n|-boost|p1a: Perrserker|def|1\n|\n|-damage|p1a: Perrserker|72\/100|[from] move: Infestation|[partiallytrapped]\n|-end|p1a: Perrserker|Encore\n|upkeep\n|turn|8\n|\n|t:|1700090611\n|move|p2a: Pluto|Flare Blitz|p1a: Perrserker\n|-supereffective|p1a: Perrserker\n|-damage|p1a: Perrserker|10\/100\n|move|p2b: VolBANNED|Infestation|p1b: Jolteon\n|-damage|p1b: Jolteon|0 fnt\n|faint|p1b: Jolteon\n|move|p1a: Perrserker|Iron Head|p2b: VolBANNED\n|-damage|p2b: VolBANNED|0 fnt\n|faint|p2b: VolBANNED\n|-damage|p1a: Perrserker|0 fnt|[from] item: Life Orb\n|faint|p1a: Perrserker\n|\n|win|DonFuron\n|c|\u2606DonFuron|gg\n|c|&|\/uhtml prompt-donfuron,DonFuron is ready for game 2!\n|inactive|InflatableShark has 50 seconds to confirm battle start!\n|c|\u2606InflatableShark|gg\n|c|&|\/uhtml prompt-inflatableshark,InflatableShark is ready for game 2!\nBoth players are ready! Starting next match!\n|l| Memes4.0\n","uploadtime":1700090869,"views":38,"p1id":"inflatableshark","p2id":"donfuron","formatid":"gen9vgc2023regulatione","rating":0,"private":0,"password":""}