{"id":"gen9vgc2023regulatione-1990128225","p1":"HydraulikToad","p2":"KumpelYD","format":"[Gen 9] VGC 2023 Regulation E","log":"|j|\u2606HydraulikToad\n|j|\u2606KumpelYD\n|t:|1699927582\n|gametype|doubles\n|player|p1|HydraulikToad|janine|1417\n|player|p2|KumpelYD|volkner|1347\n|teamsize|p1|6\n|teamsize|p2|6\n|gen|9\n|tier|[Gen 9] VGC 2023 Regulation E\n|rated|\n|rule|Species Clause: Limit one of each Pok\u00e9mon\n|rule|Item Clause: Limit one of each item\n|clearpoke\n|poke|p1|Muk-Alola, L50, F|\n|poke|p1|Scovillain, L50, M|\n|poke|p1|Sableye, L50, M|\n|poke|p1|Garganacl, L50, F|\n|poke|p1|Gliscor, L50, F|\n|poke|p1|Goodra-Hisui, L50, M|\n|poke|p2|Arcanine, L50, F|\n|poke|p2|Kommo-o, L50, M|\n|poke|p2|Cresselia, L50, F|\n|poke|p2|Ogerpon-Wellspring, L50, F|\n|poke|p2|Ting-Lu, L50|\n|poke|p2|Flutter Mane, L50|\n|teampreview|4\n|inactive|Battle timer is ON: inactive players will automatically lose when time's up. (requested by KumpelYD)\n|inactive|KumpelYD has 60 seconds left.\n|\n|t:|1699927632\n|start\n|switch|p1a: Muk|Muk-Alola, L50, F|100\/100\n|switch|p1b: Scovillain|Scovillain, L50, M|100\/100\n|switch|p2a: Ting-Lu|Ting-Lu, L50|100\/100\n|switch|p2b: Kommo-o|Kommo-o, L50, M|100\/100\n|-ability|p2a: Ting-Lu|Vessel of Ruin\n|turn|1\n|\n|t:|1699927649\n|move|p1b: Scovillain|Leaf Storm|p2a: Ting-Lu\n|-supereffective|p2a: Ting-Lu\n|-damage|p2a: Ting-Lu|51\/100\n|-unboost|p1b: Scovillain|spa|2\n|move|p2b: Kommo-o|Iron Defense|p2b: Kommo-o\n|-boost|p2b: Kommo-o|def|2\n|move|p1a: Muk|Minimize|p1a: Muk\n|-boost|p1a: Muk|evasion|2\n|move|p2a: Ting-Lu|Fissure|p1a: Muk|[miss]\n|-miss|p2a: Ting-Lu|p1a: Muk\n|\n|-ability|p1b: Scovillain|Moody|boost\n|-boost|p1b: Scovillain|atk|2\n|-unboost|p1b: Scovillain|def|1\n|upkeep\n|turn|2\n|\n|t:|1699927669\n|move|p1b: Scovillain|Leaf Storm|p2a: Ting-Lu\n|-supereffective|p2a: Ting-Lu\n|-damage|p2a: Ting-Lu|27\/100\n|-unboost|p1b: Scovillain|spa|2\n|move|p2b: Kommo-o|Iron Defense|p2b: Kommo-o\n|-boost|p2b: Kommo-o|def|2\n|move|p1a: Muk|Toxic|p2a: Ting-Lu\n|-status|p2a: Ting-Lu|tox\n|move|p2a: Ting-Lu|Stomping Tantrum|p1a: Muk\n|-supereffective|p1a: Muk\n|-damage|p1a: Muk|15\/100\n|\n|-heal|p1a: Muk|21\/100|[from] item: Leftovers\n|-damage|p2a: Ting-Lu|21\/100 tox|[from] psn\n|-ability|p1b: Scovillain|Moody|boost\n|-boost|p1b: Scovillain|spe|2\n|-unboost|p1b: Scovillain|def|1\n|upkeep\n|turn|3\n|inactive|HydraulikToad has 30 seconds left.\n|inactive|KumpelYD has 30 seconds left.\n|\n|t:|1699927703\n|-terastallize|p2b: Kommo-o|Poison\n|move|p1a: Muk|Protect|p1a: Muk\n|-singleturn|p1a: Muk|Protect\n|move|p1b: Scovillain|Rage Powder|p1b: Scovillain\n|-singleturn|p1b: Scovillain|move: Rage Powder\n|move|p2b: Kommo-o|Iron Defense|p2b: Kommo-o\n|-boost|p2b: Kommo-o|def|2\n|move|p2a: Ting-Lu|Stomping Tantrum|p1b: Scovillain\n|-damage|p1b: Scovillain|7\/100\n|\n|-heal|p1a: Muk|27\/100|[from] item: Leftovers\n|-damage|p2a: Ting-Lu|8\/100 tox|[from] psn\n|-ability|p1b: Scovillain|Moody|boost\n|-boost|p1b: Scovillain|atk|2\n|-unboost|p1b: Scovillain|def|1\n|upkeep\n|turn|4\n|\n|t:|1699927725\n|move|p1b: Scovillain|Leaf Storm|p2a: Ting-Lu\n|-supereffective|p2a: Ting-Lu\n|-damage|p2a: Ting-Lu|0 fnt\n|-unboost|p1b: Scovillain|spa|2\n|faint|p2a: Ting-Lu\n|move|p2b: Kommo-o|Body Press|p1a: Muk\n|-damage|p1a: Muk|0 fnt\n|faint|p1a: Muk\n|\n|-ability|p1b: Scovillain|Moody|boost\n|-boost|p1b: Scovillain|atk|2\n|-unboost|p1b: Scovillain|spd|1\n|upkeep\n|\n|t:|1699927738\n|switch|p1a: Sableye|Sableye, L50, M|100\/100\n|switch|p2a: Flutter Mane|Flutter Mane, L50|100\/100\n|turn|5\n|\n|t:|1699927753\n|switch|p1b: Garganacl|Garganacl, L50, F|100\/100\n|move|p1a: Sableye|Protect|p1a: Sableye\n|-singleturn|p1a: Sableye|Protect\n|move|p2a: Flutter Mane|Dazzling Gleam|p1a: Sableye|[spread] p1b\n|-activate|p1a: Sableye|move: Protect\n|-damage|p1b: Garganacl|64\/100\n|move|p2b: Kommo-o|Poison Jab|p1a: Sableye\n|-activate|p1a: Sableye|move: Protect\n|\n|upkeep\n|turn|6\n|\n|t:|1699927776\n|-terastallize|p1b: Garganacl|Ghost\n|move|p1a: Sableye|Disable|p2a: Flutter Mane\n|-start|p2a: Flutter Mane|Disable|Dazzling Gleam\n|cant|p2a: Flutter Mane|Disable|Dazzling Gleam\n|move|p2b: Kommo-o|Body Press|p1b: Garganacl\n|-immune|p1b: Garganacl\n|move|p1b: Garganacl|Salt Cure|p2a: Flutter Mane\n|-damage|p2a: Flutter Mane|68\/100\n|-start|p2a: Flutter Mane|Salt Cure\n|\n|-damage|p2a: Flutter Mane|55\/100|[from] Salt Cure\n|upkeep\n|turn|7\n|\n|t:|1699927790\n|-end|p2a: Flutter Mane|Protosynthesis|[silent]\n|switch|p2a: Cresselia|Cresselia, L50, F|100\/100\n|move|p1a: Sableye|Encore|p2b: Kommo-o\n|-start|p2b: Kommo-o|Encore\n|move|p2b: Kommo-o|Body Press|p1a: Sableye\n|-immune|p1a: Sableye\n|move|p1b: Garganacl|Salt Cure|p2b: Kommo-o\n|-damage|p2b: Kommo-o|98\/100\n|-start|p2b: Kommo-o|Salt Cure\n|\n|-damage|p2b: Kommo-o|86\/100|[from] Salt Cure\n|upkeep\n|turn|8\n|\n|t:|1699927811\n|move|p2a: Cresselia|Lunar Blessing|p2a: Cresselia|[spread] p2a,p2b\n|-heal|p2b: Kommo-o|100\/100\n|move|p2b: Kommo-o|Body Press|p1a: Sableye\n|-immune|p1a: Sableye\n|move|p1a: Sableye|Foul Play|p2b: Kommo-o\n|-damage|p2b: Kommo-o|94\/100\n|-damage|p1a: Sableye|84\/100|[from] item: Rocky Helmet|[of] p2b: Kommo-o\n|move|p1b: Garganacl|Recover|p1b: Garganacl\n|-heal|p1b: Garganacl|100\/100\n|\n|-damage|p2b: Kommo-o|81\/100|[from] Salt Cure\n|upkeep\n|turn|9\n|\n|t:|1699927829\n|move|p2a: Cresselia|Ally Switch|p2a: Cresselia\n|swap|p2a: Cresselia|1|[from] move: Ally Switch\n|move|p1a: Sableye|Disable|p2a: Kommo-o\n|-start|p2a: Kommo-o|Disable|Body Press\n|cant|p2a: Kommo-o|Disable|Body Press\n|move|p1b: Garganacl|Salt Cure|p2a: Kommo-o\n|-damage|p2a: Kommo-o|79\/100\n|\n|-damage|p2a: Kommo-o|66\/100|[from] Salt Cure\n|-end|p2a: Kommo-o|Encore\n|upkeep\n|turn|10\n|\n|t:|1699927852\n|move|p2a: Kommo-o|Protect|p2a: Kommo-o\n|-singleturn|p2a: Kommo-o|Protect\n|move|p1a: Sableye|Encore|p2a: Kommo-o\n|-activate|p2a: Kommo-o|move: Protect\n|move|p2b: Cresselia|Lunar Blessing|p2b: Cresselia|[spread] p2a,p2b\n|-heal|p2a: Kommo-o|91\/100\n|move|p1b: Garganacl|Salt Cure|p2b: Cresselia\n|-damage|p2b: Cresselia|91\/100\n|-start|p2b: Cresselia|Salt Cure\n|\n|-damage|p2b: Cresselia|79\/100|[from] Salt Cure\n|-damage|p2a: Kommo-o|79\/100|[from] Salt Cure\n|upkeep\n|turn|11\n|\n|t:|1699927865\n|move|p1b: Garganacl|Protect|p1b: Garganacl\n|-singleturn|p1b: Garganacl|Protect\n|move|p2b: Cresselia|Ally Switch|p2b: Cresselia\n|swap|p2b: Cresselia|0|[from] move: Ally Switch\n|move|p1a: Sableye|Encore|p2b: Kommo-o\n|-start|p2b: Kommo-o|Encore\n|move|p2b: Kommo-o|Protect||[still]\n|-fail|p2b: Kommo-o\n|\n|-damage|p2b: Kommo-o|66\/100|[from] Salt Cure\n|-damage|p2a: Cresselia|66\/100|[from] Salt Cure\n|upkeep\n|turn|12\n|\n|t:|1699927884\n|switch|p2a: Flutter Mane|Flutter Mane, L50|55\/100\n|move|p2b: Kommo-o|Protect|p2b: Kommo-o\n|-singleturn|p2b: Kommo-o|Protect\n|move|p1a: Sableye|Encore||[still]\n|-fail|p1a: Sableye\n|move|p1b: Garganacl|Salt Cure|p2a: Flutter Mane\n|-damage|p2a: Flutter Mane|26\/100\n|-start|p2a: Flutter Mane|Salt Cure\n|\n|-damage|p2a: Flutter Mane|13\/100|[from] Salt Cure\n|-damage|p2b: Kommo-o|54\/100|[from] Salt Cure\n|-end|p2b: Kommo-o|Disable\n|upkeep\n|turn|13\n|\n|t:|1699927906\n|switch|p2b: Cresselia|Cresselia, L50, F|66\/100\n|move|p1a: Sableye|Protect|p1a: Sableye\n|-singleturn|p1a: Sableye|Protect\n|move|p2a: Flutter Mane|Shadow Ball|p1a: Sableye\n|-activate|p1a: Sableye|move: Protect\n|move|p1b: Garganacl|Salt Cure|p2a: Flutter Mane\n|-damage|p2a: Flutter Mane|0 fnt\n|faint|p2a: Flutter Mane\n|-end|p2a: Flutter Mane|Protosynthesis|[silent]\n|\n|upkeep\n|\n|t:|1699927918\n|switch|p2a: Kommo-o|Kommo-o, L50, M, tera:Poison|54\/100\n|turn|14\n|\n|t:|1699927930\n|move|p1a: Sableye|Protect|p1a: Sableye\n|-singleturn|p1a: Sableye|Protect\n|move|p2b: Cresselia|Lunar Blessing|p2b: Cresselia|[spread] p2a,p2b\n|-heal|p2a: Kommo-o|79\/100\n|-heal|p2b: Cresselia|91\/100\n|move|p2a: Kommo-o|Poison Jab|p1a: Sableye\n|-activate|p1a: Sableye|move: Protect\n|move|p1b: Garganacl|Salt Cure|p2a: Kommo-o\n|-damage|p2a: Kommo-o|69\/100\n|-start|p2a: Kommo-o|Salt Cure\n|\n|-damage|p2a: Kommo-o|56\/100|[from] Salt Cure\n|upkeep\n|turn|15\n|\n|t:|1699927954\n|move|p1a: Sableye|Disable|p2a: Kommo-o\n|-start|p2a: Kommo-o|Disable|Poison Jab\n|cant|p2a: Kommo-o|Disable|Poison Jab\n|move|p2b: Cresselia|Psychic|p1b: Garganacl\n|-damage|p1b: Garganacl|83\/100\n|move|p1b: Garganacl|Salt Cure|p2b: Cresselia\n|-damage|p2b: Cresselia|83\/100\n|-start|p2b: Cresselia|Salt Cure\n|\n|-damage|p2b: Cresselia|71\/100|[from] Salt Cure\n|-damage|p2a: Kommo-o|44\/100|[from] Salt Cure\n|upkeep\n|turn|16\n|-message|KumpelYD forfeited.\n|\n|win|HydraulikToad\n|raw|HydraulikToad's rating: 1417 &rarr; <strong>1433<\/strong><br \/>(+16 for winning)\n|raw|KumpelYD's rating: 1347 &rarr; <strong>1331<\/strong><br \/>(-16 for losing)\n|l|\u2606KumpelYD\n|c|\u2606HydraulikToad|Gg\n","uploadtime":1699927973,"views":13,"p1id":"hydrauliktoad","p2id":"kumpelyd","formatid":"gen9vgc2023regulatione","rating":1331,"private":0,"password":""}