{"id":"gen9vgc2023regulatione-1998501036","p1":"BIGCOLIN","p2":"scottflyboy","format":"[Gen 9] VGC 2023 Regulation E","log":"|j|\u2606BIGCOLIN\n|j|\u2606scottflyboy\n|n|\u2606BIGCOLIN|bigcolin\n|n|\u2606scottflyboy|scottflyboy\n|html|View the match progress at <a href=\"\/game-bestof3-gen9vgc2023regulatione-1998501035\">game-bestof3-gen9vgc2023regulatione-1998501035<\/a>\n|t:|1700949447\n|gametype|doubles\n|player|p1|BIGCOLIN|2|\n|player|p2|scottflyboy|blackbelt-gen4|\n|teamsize|p1|6\n|teamsize|p2|6\n|gen|9\n|tier|[Gen 9] VGC 2023 Regulation E\n|rule|Species Clause: Limit one of each Pok\u00e9mon\n|rule|Item Clause: Limit one of each item\n|clearpoke\n|poke|p1|Urshifu-*, L50, F|\n|poke|p1|Sinistcha, L50|\n|poke|p1|Ursaluna, L50, M|\n|poke|p1|Arcanine, L50, M|\n|poke|p1|Cresselia, L50, F|\n|poke|p1|Kommo-o, L50, F|\n|poke|p2|Dragapult, L50, M|\n|poke|p2|Urshifu-*, L50, M|\n|poke|p2|Garchomp, L50, M|\n|poke|p2|Tyranitar, L50, M|\n|poke|p2|Sylveon, L50, F|\n|poke|p2|Farigiraf, L50, F|\n|teampreview|4\n|\n|t:|1700949487\n|start\n|switch|p1a: Sinistcha|Sinistcha, L50|100\/100\n|switch|p1b: Kommo-o|Kommo-o, L50, F|100\/100\n|switch|p2a: Sylveon|Sylveon, L50, F|100\/100\n|switch|p2b: Urshifu|Urshifu, L50, M|100\/100\n|turn|1\n|\n|t:|1700949505\n|move|p1a: Sinistcha|Rage Powder|p1a: Sinistcha\n|-singleturn|p1a: Sinistcha|move: Rage Powder\n|move|p1b: Kommo-o|Clangorous Soul|p1b: Kommo-o\n|-boost|p1b: Kommo-o|atk|1\n|-boost|p1b: Kommo-o|def|1\n|-boost|p1b: Kommo-o|spa|1\n|-boost|p1b: Kommo-o|spd|1\n|-boost|p1b: Kommo-o|spe|1\n|-damage|p1b: Kommo-o|68\/100\n|-enditem|p1b: Kommo-o|Throat Spray\n|-boost|p1b: Kommo-o|spa|1|[from] item: Throat Spray\n|move|p2b: Urshifu|U-turn|p1a: Sinistcha\n|-damage|p1a: Sinistcha|64\/100\n|\n|t:|1700949517\n|switch|p2b: Dragapult|Dragapult, L50, M|100\/100|[from] U-turn\n|move|p2a: Sylveon|Hyper Voice|p1b: Kommo-o|[spread] p1a\n|-immune|p1b: Kommo-o|[from] ability: Soundproof\n|-crit|p1a: Sinistcha\n|-damage|p1a: Sinistcha|0 fnt\n|faint|p1a: Sinistcha\n|\n|upkeep\n|\n|t:|1700949532\n|switch|p1a: Cresselia|Cresselia, L50, F|100\/100\n|turn|2\n|\n|t:|1700949576\n|-terastallize|p1b: Kommo-o|Steel\n|move|p1a: Cresselia|Helping Hand|p1b: Kommo-o\n|-singleturn|p1b: Kommo-o|Helping Hand|[of] p1a: Cresselia\n|move|p1b: Kommo-o|Flash Cannon|p2a: Sylveon\n|-supereffective|p2a: Sylveon\n|-damage|p2a: Sylveon|0 fnt\n|faint|p2a: Sylveon\n|move|p2b: Dragapult|Phantom Force||[still]\n|-prepare|p2b: Dragapult|Phantom Force\n|\n|upkeep\n|\n|t:|1700949591\n|switch|p2a: Urshifu|Urshifu, L50, M|100\/100\n|turn|3\n|\n|t:|1700949624\n|move|p1b: Kommo-o|Aura Sphere|p2a: Urshifu\n|-supereffective|p2a: Urshifu\n|-damage|p2a: Urshifu|0 fnt\n|faint|p2a: Urshifu\n|move|p2b: Dragapult|Phantom Force|p1b: Kommo-o|[from]lockedmove\n|-damage|p1b: Kommo-o|31\/100\n|-damage|p2b: Dragapult|91\/100|[from] item: Life Orb\n|move|p1a: Cresselia|Moonblast|p2b: Dragapult\n|-supereffective|p2b: Dragapult\n|-damage|p2b: Dragapult|43\/100\n|\n|upkeep\n|\n|t:|1700949633\n|switch|p2a: Tyranitar|Tyranitar, L50, M|100\/100\n|-weather|Sandstorm|[from] ability: Sand Stream|[of] p2a: Tyranitar\n|turn|4\n|\n|t:|1700949642\n|move|p1a: Cresselia|Helping Hand|p1b: Kommo-o\n|-singleturn|p1b: Kommo-o|Helping Hand|[of] p1a: Cresselia\n|move|p1b: Kommo-o|Clanging Scales|p2b: Dragapult|[spread] p2a,p2b\n|-supereffective|p2b: Dragapult\n|-damage|p2a: Tyranitar|56\/100\n|-damage|p2b: Dragapult|0 fnt\n|faint|p2b: Dragapult\n|-unboost|p1b: Kommo-o|def|1\n|move|p2a: Tyranitar|Fire Punch|p1b: Kommo-o\n|-supereffective|p1b: Kommo-o\n|-damage|p1b: Kommo-o|0 fnt\n|faint|p1b: Kommo-o\n|\n|-weather|Sandstorm|[upkeep]\n|-damage|p1a: Cresselia|94\/100|[from] Sandstorm\n|-heal|p1a: Cresselia|100\/100|[from] item: Leftovers\n|upkeep\n|\n|t:|1700949656\n|switch|p1b: Ursaluna|Ursaluna, L50, M|100\/100\n|turn|5\n|\n|t:|1700949682\n|move|p1b: Ursaluna|Protect|p1b: Ursaluna\n|-singleturn|p1b: Ursaluna|Protect\n|move|p2a: Tyranitar|Stone Edge|p1b: Ursaluna\n|-activate|p1b: Ursaluna|move: Protect\n|move|p1a: Cresselia|Trick Room|p1a: Cresselia\n|-fieldstart|move: Trick Room|[of] p1a: Cresselia\n|\n|-weather|Sandstorm|[upkeep]\n|-damage|p1a: Cresselia|94\/100|[from] Sandstorm\n|-heal|p1a: Cresselia|100\/100|[from] item: Leftovers\n|-status|p1b: Ursaluna|brn|[from] item: Flame Orb\n|upkeep\n|turn|6\n|\n|t:|1700949701\n|move|p1a: Cresselia|Helping Hand|p1b: Ursaluna\n|-singleturn|p1b: Ursaluna|Helping Hand|[of] p1a: Cresselia\n|move|p1b: Ursaluna|Earthquake|p2a: Tyranitar|[spread] p2a\n|-immune|p1a: Cresselia|[from] ability: Levitate\n|-supereffective|p2a: Tyranitar\n|-damage|p2a: Tyranitar|0 fnt\n|faint|p2a: Tyranitar\n|\n|win|BIGCOLIN\n|l|\u2606scottflyboy\n|inactive|BIGCOLIN has 50 seconds to confirm battle start!\n|inactive|scottflyboy has 50 seconds to confirm battle start!\n","uploadtime":1700949713,"views":9,"p1id":"bigcolin","p2id":"scottflyboy","formatid":"gen9vgc2023regulatione","rating":0,"private":0,"password":""}