{"id":"gen9vgc2023regulatione-1991548847","p1":"JerryComp.","p2":"BeckerVGC","format":"[Gen 9] VGC 2023 Regulation E","log":"|j|\u2606JerryComp.\n|j|\u2606BeckerVGC\n|n|\u2606JerryComp.|jerrycomp\n|n|\u2606BeckerVGC|beckervgc\n|html|View the match progress at <a href=\"\/game-bestof3-gen9vgc2023regulatione-1991548846\">game-bestof3-gen9vgc2023regulatione-1991548846<\/a>\n|t:|1700087273\n|gametype|doubles\n|player|p1|JerryComp.|swimmer-gen4dp|\n|player|p2|BeckerVGC|hiker-gen4|\n|teamsize|p1|6\n|teamsize|p2|6\n|gen|9\n|tier|[Gen 9] VGC 2023 Regulation E\n|rule|Species Clause: Limit one of each Pok\u00e9mon\n|rule|Item Clause: Limit one of each item\n|clearpoke\n|poke|p1|Dragonite, L50, F|\n|poke|p1|Heatran, L50, F|\n|poke|p1|Flutter Mane, L50|\n|poke|p1|Urshifu-*, L50, M|\n|poke|p1|Chien-Pao, L50|\n|poke|p1|Rillaboom, L50, M|\n|poke|p2|Urshifu-*, L50, F|\n|poke|p2|Iron Hands, L50|\n|poke|p2|Heatran, L50, F|\n|poke|p2|Flutter Mane, L50|\n|poke|p2|Tornadus, L50, M|\n|poke|p2|Amoonguss, L50, F|\n|teampreview|4\n|\n|t:|1700087298\n|start\n|switch|p1a: Chien-Pao|Chien-Pao, L50|100\/100\n|switch|p1b: Rillaboom|Rillaboom, L50, M|100\/100\n|switch|p2a: Iron Hands|Iron Hands, L50|100\/100\n|switch|p2b: Tornadus|Tornadus, L50, M|100\/100\n|-ability|p1a: Chien-Pao|Sword of Ruin\n|-fieldstart|move: Grassy Terrain|[from] ability: Grassy Surge|[of] p1b: Rillaboom\n|turn|1\n|\n|t:|1700087319\n|move|p1b: Rillaboom|Fake Out|p2a: Iron Hands\n|-damage|p2a: Iron Hands|86\/100\n|cant|p2a: Iron Hands|flinch\n|move|p2b: Tornadus|Tailwind|p2b: Tornadus\n|-sidestart|p2: BeckerVGC|move: Tailwind\n|move|p1a: Chien-Pao|Icicle Crash|p2b: Tornadus\n|-supereffective|p2b: Tornadus\n|-damage|p2b: Tornadus|0 fnt\n|faint|p2b: Tornadus\n|\n|-heal|p2a: Iron Hands|92\/100|[from] Grassy Terrain\n|upkeep\n|\n|t:|1700087333\n|switch|p2b: Urshifu|Urshifu, L50, F|100\/100\n|turn|2\n|\n|t:|1700087355\n|-terastallize|p2b: Urshifu|Poison\n|move|p2b: Urshifu|Poison Jab|p1b: Rillaboom\n|-supereffective|p1b: Rillaboom\n|-crit|p1b: Rillaboom\n|-damage|p1b: Rillaboom|0 fnt\n|faint|p1b: Rillaboom\n|move|p1a: Chien-Pao|Sacred Sword|p2b: Urshifu\n|-resisted|p2b: Urshifu\n|-damage|p2b: Urshifu|84\/100\n|move|p2a: Iron Hands|Drain Punch|p1a: Chien-Pao\n|-supereffective|p1a: Chien-Pao\n|-enditem|p1a: Chien-Pao|Focus Sash\n|-damage|p1a: Chien-Pao|1\/100\n|-heal|p2a: Iron Hands|100\/100|[from] drain|[of] p1a: Chien-Pao\n|\n|-heal|p2b: Urshifu|90\/100|[from] Grassy Terrain\n|-heal|p1a: Chien-Pao|7\/100|[from] Grassy Terrain\n|upkeep\n|\n|t:|1700087372\n|switch|p1b: Dragonite|Dragonite, L50, F|100\/100\n|turn|3\n|\n|t:|1700087387\n|-terastallize|p1b: Dragonite|Normal\n|move|p1a: Chien-Pao|Protect|p1a: Chien-Pao\n|-singleturn|p1a: Chien-Pao|Protect\n|move|p1b: Dragonite|Extreme Speed|p2b: Urshifu\n|-damage|p2b: Urshifu|8\/100\n|move|p2b: Urshifu|Poison Jab|p1b: Dragonite\n|-damage|p1b: Dragonite|6\/100\n|move|p2a: Iron Hands|Wild Charge|p1b: Dragonite\n|-damage|p1b: Dragonite|0 fnt\n|faint|p1b: Dragonite\n|-damage|p2a: Iron Hands|99\/100|[from] Recoil\n|\n|-heal|p2b: Urshifu|14\/100|[from] Grassy Terrain\n|-heal|p1a: Chien-Pao|13\/100|[from] Grassy Terrain\n|-heal|p2a: Iron Hands|100\/100|[from] Grassy Terrain\n|upkeep\n|\n|t:|1700087395\n|switch|p1b: Heatran|Heatran, L50, F|100\/100\n|turn|4\n|\n|t:|1700087412\n|move|p1a: Chien-Pao|Sucker Punch|p2b: Urshifu\n|-damage|p2b: Urshifu|0 fnt\n|faint|p2b: Urshifu\n|move|p2a: Iron Hands|Drain Punch|p1b: Heatran\n|-supereffective|p1b: Heatran\n|-damage|p1b: Heatran|0 fnt\n|faint|p1b: Heatran\n|\n|-heal|p1a: Chien-Pao|19\/100|[from] Grassy Terrain\n|-sideend|p2: BeckerVGC|move: Tailwind\n|upkeep\n|\n|t:|1700087422\n|switch|p2b: Heatran|Heatran, L50, F|100\/100\n|turn|5\n|\n|t:|1700087427\n|move|p2b: Heatran|Protect|p2b: Heatran\n|-singleturn|p2b: Heatran|Protect\n|move|p1a: Chien-Pao|Sacred Sword|p2b: Heatran\n|-activate|p2b: Heatran|move: Protect\n|move|p2a: Iron Hands|Drain Punch|p1a: Chien-Pao\n|-supereffective|p1a: Chien-Pao\n|-damage|p1a: Chien-Pao|0 fnt\n|faint|p1a: Chien-Pao\n|\n|win|BeckerVGC\n|c|&|\/uhtml prompt-jerrycomp,JerryComp. is ready for game 2!\n|inactive|BeckerVGC has 50 seconds to confirm battle start!\n|c|&|\/uhtml prompt-beckervgc,BeckerVGC is ready for game 2!\nBoth players are ready! Starting next match!\n","uploadtime":1700087718,"views":10,"p1id":"jerrycomp","p2id":"beckervgc","formatid":"gen9vgc2023regulatione","rating":0,"private":0,"password":""}