{"id":"gen9vgc2023regulatione-1998648722","p1":"bububibjb","p2":"DiverSquid","format":"[Gen 9] VGC 2023 Regulation E","log":"|j|\u2606bububibjb\n|j|\u2606DiverSquid\n|t:|1700967420\n|gametype|doubles\n|player|p1|bububibjb|dawn-gen4pt|1115\n|player|p2|DiverSquid|teamrocket|1135\n|teamsize|p1|6\n|teamsize|p2|6\n|gen|9\n|tier|[Gen 9] VGC 2023 Regulation E\n|rated|\n|rule|Species Clause: Limit one of each Pok\u00e9mon\n|rule|Item Clause: Limit one of each item\n|clearpoke\n|poke|p1|Flutter Mane, L50|\n|poke|p1|Zapdos-Galar, L50|\n|poke|p1|Chi-Yu, L50|\n|poke|p1|Kingambit, L50, M|\n|poke|p1|Tornadus, L50, M|\n|poke|p1|Heatran, L50, F|\n|poke|p2|Oranguru, L50, M|\n|poke|p2|Scream Tail, L50|\n|poke|p2|Brute Bonnet, L50|\n|poke|p2|Torkoal, L50, M|\n|poke|p2|Iron Hands, L50|\n|poke|p2|Enamorus-Therian, L50, F|\n|teampreview|4\n|\n|t:|1700967434\n|start\n|switch|p1a: Down Syndrome|Heatran, L50, F|100\/100\n|switch|p1b: \u5730\u5e73\u7dda\u7684\u6708\u4eae|Kingambit, L50, M|100\/100\n|switch|p2a: Oranguru|Oranguru, L50, M|100\/100\n|switch|p2b: Torkoal|Torkoal, L50, M|100\/100\n|-weather|SunnyDay|[from] ability: Drought|[of] p2b: Torkoal\n|turn|1\n|inactive|Battle timer is ON: inactive players will automatically lose when time's up. (requested by DiverSquid)\n|\n|t:|1700967463\n|switch|p1b: Matsya|Chi-Yu, L50|100\/100\n|-ability|p1b: Matsya|Beads of Ruin\n|-terastallize|p1a: Down Syndrome|Grass\n|move|p2b: Torkoal|Protect|p2b: Torkoal\n|-singleturn|p2b: Torkoal|Protect\n|move|p1a: Down Syndrome|Earth Power|p2b: Torkoal\n|-activate|p2b: Torkoal|move: Protect\n|move|p2a: Oranguru|Trick Room|p2a: Oranguru\n|-fieldstart|move: Trick Room|[of] p2a: Oranguru\n|\n|-weather|SunnyDay|[upkeep]\n|upkeep\n|turn|2\n|inactive|bububibjb has 30 seconds left.\n|inactive|bububibjb has 20 seconds left.\n|inactive|bububibjb has 15 seconds left.\n|inactive|bububibjb has 10 seconds left.\n|\n|t:|1700967508\n|-terastallize|p2b: Torkoal|Fire\n|move|p2b: Torkoal|Eruption|p1a: Down Syndrome|[spread] p1b\n|-start|p1a: Down Syndrome|ability: Flash Fire\n|-resisted|p1b: Matsya\n|-damage|p1b: Matsya|27\/100\n|move|p2a: Oranguru|Instruct|p2b: Torkoal\n|-singleturn|p2b: Torkoal|move: Instruct|[of] p2a: Oranguru\n|move|p2b: Torkoal|Eruption|p1a: Down Syndrome|[spread] p1b\n|-immune|p1a: Down Syndrome|[from] ability: Flash Fire\n|-resisted|p1b: Matsya\n|-damage|p1b: Matsya|0 fnt\n|faint|p1b: Matsya\n|move|p1a: Down Syndrome|Earth Power|p2b: Torkoal\n|-supereffective|p2b: Torkoal\n|-damage|p2b: Torkoal|12\/100\n|\n|-weather|SunnyDay|[upkeep]\n|upkeep\n|\n|t:|1700967529\n|switch|p1b: \u5730\u5e73\u7dda\u7684\u6708\u4eae|Kingambit, L50, M|100\/100\n|turn|3\n|\n|t:|1700967541\n|move|p1b: \u5730\u5e73\u7dda\u7684\u6708\u4eae|Protect|p1b: \u5730\u5e73\u7dda\u7684\u6708\u4eae\n|-singleturn|p1b: \u5730\u5e73\u7dda\u7684\u6708\u4eae|Protect\n|move|p2b: Torkoal|Eruption|p1b: \u5730\u5e73\u7dda\u7684\u6708\u4eae|[spread] \n|-activate|p1b: \u5730\u5e73\u7dda\u7684\u6708\u4eae|move: Protect\n|-immune|p1a: Down Syndrome|[from] ability: Flash Fire\n|move|p2a: Oranguru|Knock Off|p1a: Down Syndrome\n|-damage|p1a: Down Syndrome|85\/100\n|-enditem|p1a: Down Syndrome|Assault Vest|[from] move: Knock Off|[of] p2a: Oranguru\n|move|p1a: Down Syndrome|Earth Power|p2b: Torkoal\n|-supereffective|p2b: Torkoal\n|-damage|p2b: Torkoal|0 fnt\n|faint|p2b: Torkoal\n|\n|-weather|SunnyDay|[upkeep]\n|upkeep\n|\n|t:|1700967561\n|switch|p2b: Brute Bonnet|Brute Bonnet, L50|100\/100\n|-activate|p2b: Brute Bonnet|ability: Protosynthesis\n|-start|p2b: Brute Bonnet|protosynthesisatk\n|turn|4\n|\n|t:|1700967570\n|move|p1b: \u5730\u5e73\u7dda\u7684\u6708\u4eae|Swords Dance|p1b: \u5730\u5e73\u7dda\u7684\u6708\u4eae\n|-boost|p1b: \u5730\u5e73\u7dda\u7684\u6708\u4eae|atk|2\n|move|p2a: Oranguru|Knock Off|p1b: \u5730\u5e73\u7dda\u7684\u6708\u4eae\n|-resisted|p1b: \u5730\u5e73\u7dda\u7684\u6708\u4eae\n|-damage|p1b: \u5730\u5e73\u7dda\u7684\u6708\u4eae|94\/100\n|-enditem|p1b: \u5730\u5e73\u7dda\u7684\u6708\u4eae|Iron Ball|[from] move: Knock Off|[of] p2a: Oranguru\n|move|p2b: Brute Bonnet|Spore|p1a: Down Syndrome\n|-immune|p1a: Down Syndrome\n|move|p1a: Down Syndrome|Heat Wave|p2a: Oranguru|[spread] p2a,p2b\n|-supereffective|p2b: Brute Bonnet\n|-damage|p2a: Oranguru|45\/100\n|-damage|p2b: Brute Bonnet|0 fnt\n|-status|p2a: Oranguru|brn\n|faint|p2b: Brute Bonnet\n|-end|p2b: Brute Bonnet|Protosynthesis|[silent]\n|\n|-weather|SunnyDay|[upkeep]\n|-damage|p2a: Oranguru|39\/100 brn|[from] brn\n|upkeep\n|\n|t:|1700967585\n|switch|p2b: Enamorus|Enamorus-Therian, L50, F|100\/100\n|turn|5\n|\n|t:|1700967594\n|move|p1b: \u5730\u5e73\u7dda\u7684\u6708\u4eae|Iron Head|p2b: Enamorus\n|-supereffective|p2b: Enamorus\n|-damage|p2b: Enamorus|0 fnt\n|faint|p2b: Enamorus\n|move|p2a: Oranguru|Instruct|p2: Enamorus|[notarget]\n|-fail|p2a: Oranguru\n|move|p1a: Down Syndrome|Heat Wave|p2a: Oranguru\n|-damage|p2a: Oranguru|0 fnt\n|faint|p2a: Oranguru\n|\n|win|bububibjb\n|raw|bububibjb's rating: 1115 &rarr; <strong>1141<\/strong><br \/>(+26 for winning)\n|raw|DiverSquid's rating: 1135 &rarr; <strong>1109<\/strong><br \/>(-26 for losing)\n|l|\u2606DiverSquid\n","uploadtime":1700967607,"views":4,"p1id":"bububibjb","p2id":"diversquid","formatid":"gen9vgc2023regulatione","rating":1109,"private":0,"password":""}