{"id":"gen9vgc2023regulatione-1987968670","p1":"Stark22","p2":"CharlienoB","format":"[Gen 9] VGC 2023 Regulation E","log":"|j|\u2606Stark22\n|j|\u2606CharlienoB\n|t:|1699654255\n|gametype|doubles\n|player|p1|Stark22|170|1208\n|player|p2|CharlienoB|265|1232\n|teamsize|p1|6\n|teamsize|p2|6\n|gen|9\n|tier|[Gen 9] VGC 2023 Regulation E\n|rated|\n|rule|Species Clause: Limit one of each Pok\u00e9mon\n|rule|Item Clause: Limit one of each item\n|clearpoke\n|poke|p1|Sylveon, L50, F|\n|poke|p1|Arcanine-Hisui, L50, M|\n|poke|p1|Urshifu-*, L50, F|\n|poke|p1|Zapdos, L50|\n|poke|p1|Gastrodon, L50, F|\n|poke|p1|Milotic, L50, F|\n|poke|p2|Dragapult, L50, M|\n|poke|p2|Chien-Pao, L50|\n|poke|p2|Landorus-Therian, L50, M|\n|poke|p2|Iron Bundle, L50|\n|poke|p2|Iron Moth, L50|\n|poke|p2|Amoonguss, L50, M|\n|teampreview|4\n|\n|t:|1699654306\n|start\n|switch|p1a: Sylveon|Sylveon, L50, F|100\/100\n|switch|p1b: Zapdos|Zapdos, L50|100\/100\n|switch|p2a: Dragapult|Dragapult, L50, M|100\/100\n|switch|p2b: Landorus|Landorus-Therian, L50, M|100\/100\n|-ability|p2b: Landorus|Intimidate|boost\n|-unboost|p1a: Sylveon|atk|1\n|-unboost|p1b: Zapdos|atk|1\n|turn|1\n|\n|t:|1699654328\n|switch|p1b: Arcanine|Arcanine-Hisui, L50, M|100\/100\n|-ability|p1b: Arcanine|Intimidate|boost\n|-fail|p2a: Dragapult|unboost|[from] ability: Clear Body|[of] p2a: Dragapult\n|-unboost|p2b: Landorus|atk|1\n|-terastallize|p2a: Dragapult|Ghost\n|move|p2b: Landorus|Rock Slide|p1b: Arcanine|[spread] p1a,p1b\n|-supereffective|p1b: Arcanine\n|-damage|p1a: Sylveon|85\/100\n|-damage|p1b: Arcanine|65\/100\n|move|p2a: Dragapult|Phantom Force||[still]\n|-prepare|p2a: Dragapult|Phantom Force\n|cant|p1a: Sylveon|flinch\n|\n|upkeep\n|turn|2\n|\n|t:|1699654357\n|switch|p1b: Urshifu|Urshifu, L50, F|100\/100\n|move|p2b: Landorus|Rock Slide|p1b: Urshifu|[spread] p1b\n|-miss|p2b: Landorus|p1a: Sylveon\n|-resisted|p1b: Urshifu\n|-damage|p1b: Urshifu|95\/100\n|move|p2a: Dragapult|Phantom Force|p1a: Sylveon|[from]lockedmove\n|-damage|p1a: Sylveon|0 fnt\n|faint|p1a: Sylveon\n|\n|upkeep\n|\n|t:|1699654376\n|switch|p1a: Zapdos|Zapdos, L50|100\/100\n|turn|3\n|\n|t:|1699654399\n|-terastallize|p1a: Zapdos|Water\n|move|p2b: Landorus|Rock Slide|p1b: Urshifu|[spread] p1b\n|-miss|p2b: Landorus|p1a: Zapdos\n|-resisted|p1b: Urshifu\n|-crit|p1b: Urshifu\n|-damage|p1b: Urshifu|81\/100\n|move|p2a: Dragapult|Phantom Force||[still]\n|-prepare|p2a: Dragapult|Phantom Force\n|move|p1a: Zapdos|Tailwind|p1a: Zapdos\n|-sidestart|p1: Stark22|move: Tailwind\n|move|p1b: Urshifu|Wicked Blow|p2b: Landorus\n|-crit|p2b: Landorus\n|-damage|p2b: Landorus|11\/100\n|\n|upkeep\n|turn|4\n|\n|t:|1699654422\n|switch|p2b: Amoonguss|Amoonguss, L50, M|100\/100\n|move|p1b: Urshifu|Sucker Punch||[still]\n|-fail|p1b: Urshifu\n|move|p1a: Zapdos|Thunderbolt|p2a: Dragapult|[miss]\n|-miss|p1a: Zapdos|p2a: Dragapult\n|move|p2a: Dragapult|Phantom Force|p1b: Urshifu|[from]lockedmove\n|-resisted|p1b: Urshifu\n|-damage|p1b: Urshifu|42\/100\n|\n|upkeep\n|turn|5\n|\n|t:|1699654441\n|move|p1b: Urshifu|Sucker Punch|p2a: Dragapult\n|-supereffective|p2a: Dragapult\n|-damage|p2a: Dragapult|0 fnt\n|faint|p2a: Dragapult\n|move|p1a: Zapdos|Hurricane|p2b: Amoonguss\n|-supereffective|p2b: Amoonguss\n|-damage|p2b: Amoonguss|2\/100\n|move|p2b: Amoonguss|Giga Drain|p1a: Zapdos\n|-supereffective|p1a: Zapdos\n|-damage|p1a: Zapdos|55\/100\n|-heal|p2b: Amoonguss|22\/100|[from] drain|[of] p1a: Zapdos\n|\n|-heal|p2b: Amoonguss|28\/100|[from] item: Leftovers\n|upkeep\n|\n|t:|1699654454\n|switch|p2a: Iron Bundle|Iron Bundle, L50|100\/100\n|-enditem|p2a: Iron Bundle|Booster Energy\n|-activate|p2a: Iron Bundle|ability: Quark Drive|[fromitem]\n|-start|p2a: Iron Bundle|quarkdrivespe\n|turn|6\n|\n|t:|1699654476\n|switch|p2b: Landorus|Landorus-Therian, L50, M|11\/100\n|-ability|p2b: Landorus|Intimidate|boost\n|-unboost|p1a: Zapdos|atk|1\n|-unboost|p1b: Urshifu|atk|1\n|move|p1b: Urshifu|Detect|p1b: Urshifu\n|-singleturn|p1b: Urshifu|Protect\n|move|p2a: Iron Bundle|Freeze-Dry|p1a: Zapdos\n|-supereffective|p1a: Zapdos\n|-damage|p1a: Zapdos|0 fnt\n|faint|p1a: Zapdos\n|\n|-sideend|p1: Stark22|move: Tailwind\n|upkeep\n|\n|t:|1699654487\n|switch|p1a: Arcanine|Arcanine-Hisui, L50, M|65\/100\n|-ability|p1a: Arcanine|Intimidate|boost\n|-unboost|p2a: Iron Bundle|atk|1\n|-unboost|p2b: Landorus|atk|1\n|turn|7\n|\n|t:|1699654498\n|switch|p2b: Amoonguss|Amoonguss, L50, M|61\/100\n|move|p1a: Arcanine|Extreme Speed|p2b: Amoonguss\n|-damage|p2b: Amoonguss|37\/100\n|move|p1b: Urshifu|Sucker Punch|p2a: Iron Bundle\n|-damage|p2a: Iron Bundle|72\/100\n|move|p2a: Iron Bundle|Hydro Pump|p1a: Arcanine\n|-supereffective|p1a: Arcanine\n|-damage|p1a: Arcanine|0 fnt\n|faint|p1a: Arcanine\n|\n|-heal|p2b: Amoonguss|43\/100|[from] item: Leftovers\n|upkeep\n|turn|8\n|-message|Stark22 forfeited.\n|\n|win|CharlienoB\n|raw|Stark22's rating: 1208 &rarr; <strong>1185<\/strong><br \/>(-23 for losing)\n|raw|CharlienoB's rating: 1232 &rarr; <strong>1255<\/strong><br \/>(+23 for winning)\n|l|\u2606Stark22\n","uploadtime":1699654522,"views":23,"p1id":"stark22","p2id":"charlienob","formatid":"gen9vgc2023regulatione","rating":1185,"private":0,"password":""}