{"id":"gen9vgc2023regulatione-1997916439","p1":"DragonSniper555","p2":"tormentita013","format":"[Gen 9] VGC 2023 Regulation E","log":"|j|\u2606DragonSniper555\n|j|\u2606tormentita013\n|t:|1700867121\n|gametype|doubles\n|player|p1|DragonSniper555|1|\n|player|p2|tormentita013|265|\n|teamsize|p1|6\n|teamsize|p2|6\n|gen|9\n|tier|[Gen 9] VGC 2023 Regulation E\n|rule|Species Clause: Limit one of each Pok\u00e9mon\n|rule|Item Clause: Limit one of each item\n|clearpoke\n|poke|p1|Iron Jugulis, L50|\n|poke|p1|Great Tusk, L50|\n|poke|p1|Iron Bundle, L50|\n|poke|p1|Iron Hands, L50|\n|poke|p1|Gholdengo, L50|\n|poke|p1|Gothitelle, L50, M|\n|poke|p2|Flutter Mane, L50|\n|poke|p2|Iron Hands, L50|\n|poke|p2|Amoonguss, L50, M|\n|poke|p2|Great Tusk, L50|\n|poke|p2|Torkoal, L50, F|\n|poke|p2|Lilligant, L50, F|\n|teampreview|4\nDragonSniper555 has agreed to open team sheets.\n|j| sergiovicenteg3\n|j| SlashLigue\n|j| JL_GAMER7\n|j| Machado-1497\n|c| sergiovicenteg3|suerte bebes\n|c| SlashLigue|ya podeis\n|inactive|Battle timer is ON: inactive players will automatically lose when time's up. (requested by DragonSniper555)\n|\n|t:|1700867152\n|start\n|switch|p1a: La hidrah|Iron Jugulis, L50|100\/100\n|switch|p1b: El Papa Nueces|Iron Bundle, L50|100\/100\n|switch|p2a: Jalexy|Torkoal, L50, F|100\/100\n|switch|p2b: Peque\u00f1a Diabla|Lilligant, L50, F, shiny|100\/100\n|-weather|SunnyDay|[from] ability: Drought|[of] p2a: Jalexy\n|-enditem|p1a: La hidrah|Booster Energy\n|-activate|p1a: La hidrah|ability: Quark Drive|[fromitem]\n|-start|p1a: La hidrah|quarkdrivespe\n|turn|1\n|j| MasterArios\n|j| efedefelipe93\n|\n|t:|1700867175\n|-terastallize|p2a: Jalexy|Fire\n|move|p1a: La hidrah|Protect|p1a: La hidrah\n|-singleturn|p1a: La hidrah|Protect\n|move|p2b: Peque\u00f1a Diabla|Sleep Powder|p1b: El Papa Nueces|[miss]\n|-miss|p2b: Peque\u00f1a Diabla|p1b: El Papa Nueces\n|move|p1b: El Papa Nueces|Icy Wind|p2a: Jalexy|[spread] p2a,p2b\n|-resisted|p2a: Jalexy\n|-supereffective|p2b: Peque\u00f1a Diabla\n|-damage|p2a: Jalexy|87\/100\n|-damage|p2b: Peque\u00f1a Diabla|46\/100\n|-unboost|p2a: Jalexy|spe|1\n|-unboost|p2b: Peque\u00f1a Diabla|spe|1\n|move|p2a: Jalexy|Eruption|p1a: La hidrah|[spread] p1b\n|-activate|p1a: La hidrah|move: Protect\n|-enditem|p1b: El Papa Nueces|Focus Sash\n|-damage|p1b: El Papa Nueces|1\/100\n|\n|-weather|SunnyDay|[upkeep]\n|upkeep\n|turn|2\n|j| drakig\n|inactive|DragonSniper555 has 30 seconds left.\n|\n|t:|1700867201\n|move|p1a: La hidrah|Tailwind|p1a: La hidrah\n|-sidestart|p1: DragonSniper555|move: Tailwind\n|move|p1b: El Papa Nueces|Icy Wind|p2b: Peque\u00f1a Diabla|[spread] p2a,p2b\n|-resisted|p2a: Jalexy\n|-supereffective|p2b: Peque\u00f1a Diabla\n|-damage|p2a: Jalexy|73\/100\n|-damage|p2b: Peque\u00f1a Diabla|0 fnt\n|-unboost|p2a: Jalexy|spe|1\n|faint|p2b: Peque\u00f1a Diabla\n|move|p2a: Jalexy|Eruption|p1a: La hidrah|[spread] p1a,p1b\n|-damage|p1a: La hidrah|18\/100\n|-damage|p1b: El Papa Nueces|0 fnt\n|faint|p1b: El Papa Nueces\n|-end|p1b: El Papa Nueces|Quark Drive|[silent]\n|\n|-weather|SunnyDay|[upkeep]\n|upkeep\n|\n|t:|1700867219\n|switch|p1b: Er Cormilloh|Great Tusk, L50|100\/100\n|switch|p2b: Arhios|Great Tusk, L50|100\/100\n|-activate|p1b: Er Cormilloh|ability: Protosynthesis\n|-start|p1b: Er Cormilloh|protosynthesisatk\n|-activate|p2b: Arhios|ability: Protosynthesis\n|-start|p2b: Arhios|protosynthesisspe\n|turn|3\n|inactive|tormentita013 has 30 seconds left.\n|\n|t:|1700867248\n|move|p1a: La hidrah|Protect|p1a: La hidrah\n|-singleturn|p1a: La hidrah|Protect\n|move|p2a: Jalexy|Protect|p2a: Jalexy\n|-singleturn|p2a: Jalexy|Protect\n|move|p2b: Arhios|Ice Spinner|p1b: Er Cormilloh\n|-supereffective|p1b: Er Cormilloh\n|-damage|p1b: Er Cormilloh|65\/100\n|move|p1b: Er Cormilloh|Earthquake|p2a: Jalexy|[spread] p2b\n|-activate|p1a: La hidrah|move: Protect\n|-activate|p2a: Jalexy|move: Protect\n|-damage|p2b: Arhios|57\/100\n|-damage|p1b: Er Cormilloh|55\/100|[from] item: Life Orb\n|\n|-weather|SunnyDay|[upkeep]\n|upkeep\n|turn|4\n|j| Jalexy325\n|inactive|tormentita013 has 30 seconds left.\n|\n|t:|1700867276\n|switch|p2a: Vic8|Amoonguss, L50, M|100\/100\n|move|p1a: La hidrah|Air Slash|p2b: Arhios\n|-supereffective|p2b: Arhios\n|-damage|p2b: Arhios|0 fnt\n|faint|p2b: Arhios\n|-end|p2b: Arhios|Protosynthesis|[silent]\n|move|p1b: Er Cormilloh|Earthquake|p2a: Vic8|[spread] p2a\n|-immune|p1a: La hidrah\n|-damage|p2a: Vic8|32\/100\n|-enditem|p2a: Vic8|Sitrus Berry|[eat]\n|-heal|p2a: Vic8|57\/100|[from] item: Sitrus Berry\n|-damage|p1b: Er Cormilloh|45\/100|[from] item: Life Orb\n|\n|-weather|SunnyDay|[upkeep]\n|upkeep\n|\n|t:|1700867289\n|switch|p2b: Jalexy|Torkoal, L50, F, tera:Fire|73\/100\n|turn|5\n|\n|t:|1700867309\n|move|p2b: Jalexy|Protect|p2b: Jalexy\n|-singleturn|p2b: Jalexy|Protect\n|move|p1a: La hidrah|Air Slash|p2a: Vic8\n|-supereffective|p2a: Vic8\n|-damage|p2a: Vic8|16\/100\n|move|p1b: Er Cormilloh|Earthquake|p2a: Vic8|[spread] p2a\n|-activate|p2b: Jalexy|move: Protect\n|-immune|p1a: La hidrah\n|-damage|p2a: Vic8|0 fnt\n|faint|p2a: Vic8\n|-damage|p1b: Er Cormilloh|36\/100|[from] item: Life Orb\n|\n|-weather|none\n|-end|p1b: Er Cormilloh|Protosynthesis\n|-sideend|p1: DragonSniper555|move: Tailwind\n|upkeep\n|turn|6\n|inactive|DragonSniper555 has 30 seconds left.\n|\n|t:|1700867338\n|move|p1a: La hidrah|Protect|p1a: La hidrah\n|-singleturn|p1a: La hidrah|Protect\n|move|p1b: Er Cormilloh|Earthquake|p2b: Jalexy|[spread] p2b\n|-activate|p1a: La hidrah|move: Protect\n|-supereffective|p2b: Jalexy\n|-damage|p2b: Jalexy|0 fnt\n|faint|p2b: Jalexy\n|-damage|p1b: Er Cormilloh|26\/100|[from] item: Life Orb\n|\n|win|DragonSniper555\n|c|\u2606DragonSniper555|gg\n|l|\u2606DragonSniper555\n|l| Jalexy325\n","uploadtime":1700867353,"views":8,"p1id":"dragonsniper555","p2id":"tormentita013","formatid":"gen9vgc2023regulatione","rating":0,"private":0,"password":""}