{"id":"gen9vgc2023regulatione-1996597648","p1":"Xnsishah","p2":"slimejrlegit","format":"[Gen 9] VGC 2023 Regulation E","log":"|j|\u2606Xnsishah\n|j|\u2606slimejrlegit\n|t:|1700698775\n|gametype|doubles\n|player|p1|Xnsishah|266|1327\n|player|p2|slimejrlegit|265|1316\n|teamsize|p1|6\n|teamsize|p2|6\n|gen|9\n|tier|[Gen 9] VGC 2023 Regulation E\n|rated|\n|rule|Species Clause: Limit one of each Pok\u00e9mon\n|rule|Item Clause: Limit one of each item\n|clearpoke\n|poke|p1|Tornadus, L50, M|\n|poke|p1|Thundurus-Therian, L50, M|\n|poke|p1|Gholdengo, L50|\n|poke|p1|Indeedee-F, L50, F|\n|poke|p1|Armarouge, L50, M|\n|poke|p1|Ogerpon-Wellspring, L50, F|\n|poke|p2|Sneasler, L50, M|\n|poke|p2|Rillaboom, L50, F|\n|poke|p2|Chi-Yu, L50|\n|poke|p2|Ogerpon-Wellspring, L50, F|\n|poke|p2|Goodra-Hisui, L50, F|\n|poke|p2|Flutter Mane, L50|\n|teampreview|4\n|inactive|Battle timer is ON: inactive players will automatically lose when time's up. (requested by Xnsishah)\n|\n|t:|1700698827\n|start\n|switch|p1a: Tornadus|Tornadus, L50, M|100\/100\n|switch|p1b: Thundurus|Thundurus-Therian, L50, M|100\/100\n|switch|p2a: Sneasler|Sneasler, L50, M|100\/100\n|switch|p2b: Chi-Yu|Chi-Yu, L50|100\/100\n|-ability|p2b: Chi-Yu|Beads of Ruin\n|turn|1\n|inactive|Xnsishah has 30 seconds left.\n|inactive|Xnsishah has 20 seconds left.\n|inactive|Xnsishah has 15 seconds left.\n|\n|t:|1700698871\n|switch|p1a: Indeedee|Indeedee-F, L50, F|100\/100\n|-fieldstart|move: Psychic Terrain|[from] ability: Psychic Surge|[of] p1a: Indeedee\n|-enditem|p1a: Indeedee|Psychic Seed\n|-boost|p1a: Indeedee|spd|1|[from] item: Psychic Seed\n|-terastallize|p1b: Thundurus|Electric\n|move|p2a: Sneasler|Fake Out|p1b: Thundurus\n|-activate|p1b: Thundurus|move: Psychic Terrain\n|move|p1b: Thundurus|Wildbolt Storm|p2a: Sneasler|[spread] p2b\n|-miss|p1b: Thundurus|p2a: Sneasler\n|-damage|p2b: Chi-Yu|30\/100\n|-status|p2b: Chi-Yu|par\n|move|p2b: Chi-Yu|Snarl|p1b: Thundurus|[spread] p1a,p1b\n|-supereffective|p1a: Indeedee\n|-damage|p1a: Indeedee|46\/100\n|-damage|p1b: Thundurus|35\/100\n|-unboost|p1a: Indeedee|spa|1\n|-unboost|p1b: Thundurus|spa|1\n|\n|upkeep\n|turn|2\n|\n|t:|1700698896\n|switch|p2b: Rillaboom|Rillaboom, L50, F|100\/100\n|-fieldstart|move: Grassy Terrain|[from] ability: Grassy Surge|[of] p2b: Rillaboom\n|-enditem|p2a: Sneasler|Grassy Seed\n|-boost|p2a: Sneasler|def|1|[from] item: Grassy Seed\n|move|p1a: Indeedee|Helping Hand|p1b: Thundurus\n|-singleturn|p1b: Thundurus|Helping Hand|[of] p1a: Indeedee\n|move|p2a: Sneasler|Dire Claw|p1b: Thundurus\n|-crit|p1b: Thundurus\n|-damage|p1b: Thundurus|0 fnt\n|faint|p1b: Thundurus\n|\n|-heal|p1a: Indeedee|52\/100|[from] Grassy Terrain\n|upkeep\n|inactive|Xnsishah has 30 seconds left.\n|\n|t:|1700698928\n|switch|p1b: Tornadus|Tornadus, L50, M|100\/100\n|turn|3\n|\n|t:|1700698943\n|-terastallize|p2a: Sneasler|Flying\n|move|p1b: Tornadus|Protect|p1b: Tornadus\n|-singleturn|p1b: Tornadus|Protect\n|move|p1a: Indeedee|Protect|p1a: Indeedee\n|-singleturn|p1a: Indeedee|Protect\n|move|p2a: Sneasler|Acrobatics|p1a: Indeedee\n|-activate|p1a: Indeedee|move: Protect\n|move|p2b: Rillaboom|Knock Off|p1a: Indeedee\n|-activate|p1a: Indeedee|move: Protect\n|\n|-heal|p1a: Indeedee|59\/100|[from] Grassy Terrain\n|upkeep\n|turn|4\n|inactive|Xnsishah has 30 seconds left.\n|inactive|slimejrlegit has 30 seconds left.\n|\n|t:|1700698975\n|move|p1a: Indeedee|Follow Me|p1a: Indeedee\n|-singleturn|p1a: Indeedee|move: Follow Me\n|move|p1b: Tornadus|Rain Dance|p1b: Tornadus\n|-weather|RainDance\n|move|p2a: Sneasler|Acrobatics|p1a: Indeedee\n|-damage|p1a: Indeedee|0 fnt\n|faint|p1a: Indeedee\n|move|p2b: Rillaboom|Knock Off|p1b: Tornadus\n|-damage|p1b: Tornadus|55\/100\n|-damage|p2b: Rillaboom|84\/100|[from] item: Rocky Helmet|[of] p1b: Tornadus\n|-enditem|p1b: Tornadus|Rocky Helmet|[from] move: Knock Off|[of] p2b: Rillaboom\n|\n|-weather|RainDance|[upkeep]\n|-heal|p2b: Rillaboom|90\/100|[from] Grassy Terrain\n|upkeep\n|\n|t:|1700698989\n|switch|p1a: Ogerpon|Ogerpon-Wellspring, L50, F|100\/100\n|turn|5\n|inactive|slimejrlegit has 30 seconds left.\n|\n|t:|1700699017\n|move|p1a: Ogerpon|Spiky Shield|p1a: Ogerpon\n|-singleturn|p1a: Ogerpon|move: Protect\n|move|p2b: Rillaboom|Grassy Glide|p1a: Ogerpon\n|-activate|p1a: Ogerpon|move: Protect\n|-damage|p2b: Rillaboom|78\/100|[from] Spiky Shield|[of] p1a: Ogerpon\n|move|p2a: Sneasler|Acrobatics|p1a: Ogerpon\n|-activate|p1a: Ogerpon|move: Protect\n|-damage|p2a: Sneasler|88\/100|[from] Spiky Shield|[of] p1a: Ogerpon\n|move|p1b: Tornadus|Bleakwind Storm|p2b: Rillaboom|[spread] p2a,p2b\n|-supereffective|p2b: Rillaboom\n|-damage|p2a: Sneasler|48\/100\n|-damage|p2b: Rillaboom|26\/100\n|\n|-weather|RainDance|[upkeep]\n|-heal|p2b: Rillaboom|31\/100|[from] Grassy Terrain\n|upkeep\n|turn|6\n|inactive|Xnsishah has 30 seconds left.\n|inactive|slimejrlegit has 30 seconds left.\n|\n|t:|1700699048\n|move|p1b: Tornadus|Tailwind|p1b: Tornadus\n|-sidestart|p1: Xnsishah|move: Tailwind\n|move|p2b: Rillaboom|Grassy Glide|p1b: Tornadus\n|-resisted|p1b: Tornadus\n|-damage|p1b: Tornadus|34\/100\n|move|p2a: Sneasler|Acrobatics|p1a: Ogerpon\n|-supereffective|p1a: Ogerpon\n|-damage|p1a: Ogerpon|11\/100\n|move|p1a: Ogerpon|Ivy Cudgel|p2a: Sneasler|[anim] Ivy Cudgel Water\n|-damage|p2a: Sneasler|0 fnt\n|faint|p2a: Sneasler\n|\n|-weather|RainDance|[upkeep]\n|-heal|p1a: Ogerpon|17\/100|[from] Grassy Terrain\n|-heal|p2b: Rillaboom|37\/100|[from] Grassy Terrain\n|-fieldend|move: Grassy Terrain\n|upkeep\n|\n|t:|1700699057\n|switch|p2a: Chi-Yu|Chi-Yu, L50|30\/100 par\n|-ability|p2a: Chi-Yu|Beads of Ruin\n|turn|7\n|c|\u2606slimejrlegit|Gg\n|inactive|Xnsishah has 30 seconds left.\n|\n|t:|1700699083\n|switch|p2a: Goodra|Goodra-Hisui, L50, F|100\/100\n|move|p1b: Tornadus|Bleakwind Storm|p2b: Rillaboom|[spread] p2a,p2b\n|-resisted|p2a: Goodra\n|-supereffective|p2b: Rillaboom\n|-damage|p2a: Goodra|90\/100\n|-damage|p2b: Rillaboom|0 fnt\n|faint|p2b: Rillaboom\n|move|p1a: Ogerpon|Ivy Cudgel|p2a: Goodra|[anim] Ivy Cudgel Water\n|-resisted|p2a: Goodra\n|-damage|p2a: Goodra|65\/100\n|\n|-weather|RainDance|[upkeep]\n|-heal|p2a: Goodra|71\/100|[from] item: Leftovers\n|upkeep\n|\n|t:|1700699089\n|switch|p2b: Chi-Yu|Chi-Yu, L50|30\/100 par\n|-ability|p2b: Chi-Yu|Beads of Ruin\n|turn|8\n|inactive|Xnsishah has 30 seconds left.\n|\n|t:|1700699118\n|move|p1b: Tornadus|Bleakwind Storm|p2a: Goodra|[spread] p2a,p2b\n|-resisted|p2a: Goodra\n|-damage|p2a: Goodra|56\/100\n|-damage|p2b: Chi-Yu|0 fnt\n|faint|p2b: Chi-Yu\n|move|p1a: Ogerpon|Ivy Cudgel|p2a: Goodra|[anim] Ivy Cudgel Water\n|-resisted|p2a: Goodra\n|-damage|p2a: Goodra|27\/100\n|move|p2a: Goodra|Acid Armor|p2a: Goodra\n|-boost|p2a: Goodra|def|2\n|\n|-weather|none\n|-heal|p2a: Goodra|33\/100|[from] item: Leftovers\n|upkeep\n|turn|9\n|inactive|Xnsishah has 30 seconds left.\n|inactive|Xnsishah has 20 seconds left.\n|\n|t:|1700699154\n|move|p1a: Ogerpon|Spiky Shield|p1a: Ogerpon\n|-singleturn|p1a: Ogerpon|move: Protect\n|move|p2a: Goodra|Protect|p2a: Goodra\n|-singleturn|p2a: Goodra|Protect\n|move|p1b: Tornadus|Bleakwind Storm|p2a: Goodra\n|-activate|p2a: Goodra|move: Protect\n|\n|-heal|p2a: Goodra|39\/100|[from] item: Leftovers\n|-sideend|p1: Xnsishah|move: Tailwind\n|upkeep\n|turn|10\n|c|\u2606slimejrlegit|Protect again\n|\n|t:|1700699174\n|move|p1b: Tornadus|Rain Dance|p1b: Tornadus\n|-weather|RainDance\n|move|p1a: Ogerpon|Ivy Cudgel|p2a: Goodra|[anim] Ivy Cudgel Water\n|-resisted|p2a: Goodra\n|-damage|p2a: Goodra|24\/100\n|move|p2a: Goodra|Body Press|p1a: Ogerpon\n|-damage|p1a: Ogerpon|0 fnt\n|faint|p1a: Ogerpon\n|\n|-weather|RainDance|[upkeep]\n|-heal|p2a: Goodra|30\/100|[from] item: Leftovers\n|upkeep\n|turn|11\n|c|\u2606slimejrlegit|Nooo\n|c|\u2606slimejrlegit|protect me\n|\n|t:|1700699192\n|move|p2a: Goodra|Protect|p2a: Goodra\n|-singleturn|p2a: Goodra|Protect\n|move|p1b: Tornadus|Bleakwind Storm|p2a: Goodra\n|-activate|p2a: Goodra|move: Protect\n|\n|-weather|RainDance|[upkeep]\n|-heal|p2a: Goodra|36\/100|[from] item: Leftovers\n|upkeep\n|turn|12\n|\n|t:|1700699195\n|move|p1b: Tornadus|Bleakwind Storm|p2a: Goodra\n|-resisted|p2a: Goodra\n|-damage|p2a: Goodra|23\/100\n|-unboost|p2a: Goodra|spe|1\n|move|p2a: Goodra|Acid Armor|p2a: Goodra\n|-boost|p2a: Goodra|def|2\n|\n|-weather|RainDance|[upkeep]\n|-heal|p2a: Goodra|29\/100|[from] item: Leftovers\n|upkeep\n|turn|13\n|\n|t:|1700699202\n|move|p2a: Goodra|Protect|p2a: Goodra\n|-singleturn|p2a: Goodra|Protect\n|move|p1b: Tornadus|Bleakwind Storm|p2a: Goodra\n|-activate|p2a: Goodra|move: Protect\n|\n|-weather|RainDance|[upkeep]\n|-heal|p2a: Goodra|35\/100|[from] item: Leftovers\n|upkeep\n|turn|14\n|\n|t:|1700699210\n|move|p1b: Tornadus|Bleakwind Storm|p2a: Goodra\n|-resisted|p2a: Goodra\n|-damage|p2a: Goodra|22\/100\n|move|p2a: Goodra|Body Press|p1b: Tornadus\n|-resisted|p1b: Tornadus\n|-damage|p1b: Tornadus|0 fnt\n|faint|p1b: Tornadus\n|\n|win|slimejrlegit\n|raw|Xnsishah's rating: 1327 &rarr; <strong>1306<\/strong><br \/>(-21 for losing)\n|raw|slimejrlegit's rating: 1316 &rarr; <strong>1337<\/strong><br \/>(+21 for winning)\n|l|\u2606Xnsishah\n","uploadtime":1700699232,"views":9,"p1id":"xnsishah","p2id":"slimejrlegit","formatid":"gen9vgc2023regulatione","rating":1306,"private":0,"password":""}