{"id":"gen9vgc2023regulatione-1998227765","p1":"Willipino","p2":"flotandocomoespuma","format":"[Gen 9] VGC 2023 Regulation E","log":"|j|\u2606Willipino\n|j|\u2606flotandocomoespuma\n|t:|1700916242\n|gametype|doubles\n|player|p1|Willipino|169|1442\n|player|p2|flotandocomoespuma|clown|1480\n|teamsize|p1|6\n|teamsize|p2|6\n|gen|9\n|tier|[Gen 9] VGC 2023 Regulation E\n|rated|\n|rule|Species Clause: Limit one of each Pok\u00e9mon\n|rule|Item Clause: Limit one of each item\n|clearpoke\n|poke|p1|Tornadus, L50, M|\n|poke|p1|Heatran, L50, M|\n|poke|p1|Farigiraf, L50, F|\n|poke|p1|Rillaboom, L50, M|\n|poke|p1|Iron Bundle, L50|\n|poke|p1|Urshifu-*, L50, M|\n|poke|p2|Tornadus, L50, M|\n|poke|p2|Ogerpon, L50, F|\n|poke|p2|Urshifu-*, L50, M|\n|poke|p2|Flutter Mane, L50|\n|poke|p2|Heatran, L50, M|\n|poke|p2|Iron Hands, L50|\n|teampreview|4\n|inactive|Battle timer is ON: inactive players will automatically lose when time's up. (requested by Willipino)\n|j| darkrinorex\nWillipino has agreed to open team sheets.\nflotandocomoespuma has agreed to open team sheets.\n|\n|t:|1700916281\n|start\n|switch|p1a: Tornadus|Tornadus, L50, M|100\/100\n|switch|p1b: Heatran|Heatran, L50, M|100\/100\n|switch|p2a: Nevado|Heatran, L50, M|100\/100\n|switch|p2b: El Mafioso|Iron Hands, L50, shiny|100\/100\n|turn|1\n|\n|t:|1700916303\n|move|p1b: Heatran|Protect|p1b: Heatran\n|-singleturn|p1b: Heatran|Protect\n|move|p1a: Tornadus|Tailwind|p1a: Tornadus\n|-sidestart|p1: Willipino|move: Tailwind\n|move|p2a: Nevado|Earth Power|p1b: Heatran\n|-activate|p1b: Heatran|move: Protect\n|move|p2b: El Mafioso|Wild Charge|p1a: Tornadus\n|-supereffective|p1a: Tornadus\n|-damage|p1a: Tornadus|0 fnt\n|faint|p1a: Tornadus\n|-damage|p2b: El Mafioso|83\/100|[from] Recoil\n|\n|upkeep\n|\n|t:|1700916316\n|switch|p1a: Rillaboom|Rillaboom, L50, M|100\/100\n|-fieldstart|move: Grassy Terrain|[from] ability: Grassy Surge|[of] p1a: Rillaboom\n|turn|2\n|\n|t:|1700916332\n|move|p2a: Nevado|Protect|p2a: Nevado\n|-singleturn|p2a: Nevado|Protect\n|move|p1a: Rillaboom|Fake Out|p2b: El Mafioso\n|-damage|p2b: El Mafioso|74\/100\n|move|p1b: Heatran|Earth Power|p2a: Nevado\n|-activate|p2a: Nevado|move: Protect\n|cant|p2b: El Mafioso|flinch\n|\n|-heal|p2b: El Mafioso|80\/100|[from] Grassy Terrain\n|upkeep\n|turn|3\n|inactive|Willipino has 30 seconds left.\n|\n|t:|1700916366\n|-terastallize|p1b: Heatran|Fairy\n|-terastallize|p2a: Nevado|Grass\n|move|p1b: Heatran|Earth Power|p2a: Nevado\n|-resisted|p2a: Nevado\n|-damage|p2a: Nevado|82\/100\n|-damage|p1b: Heatran|90\/100|[from] item: Life Orb\n|move|p1a: Rillaboom|High Horsepower|p2b: El Mafioso\n|-supereffective|p2b: El Mafioso\n|-damage|p2b: El Mafioso|40\/100\n|move|p2a: Nevado|Heat Wave|p1a: Rillaboom|[spread] p1a\n|-start|p1b: Heatran|ability: Flash Fire\n|-supereffective|p1a: Rillaboom\n|-damage|p1a: Rillaboom|9\/100\n|move|p2b: El Mafioso|Drain Punch|p1b: Heatran\n|-resisted|p1b: Heatran\n|-damage|p1b: Heatran|71\/100\n|-heal|p2b: El Mafioso|47\/100|[from] drain|[of] p1b: Heatran\n|\n|-heal|p1b: Heatran|77\/100|[from] Grassy Terrain\n|-heal|p1a: Rillaboom|15\/100|[from] Grassy Terrain\n|-heal|p2a: Nevado|88\/100|[from] Grassy Terrain\n|-heal|p2a: Nevado|94\/100|[from] item: Leftovers\n|-heal|p2b: El Mafioso|53\/100|[from] Grassy Terrain\n|upkeep\n|turn|4\n|inactive|Willipino has 30 seconds left.\n|j| Feluzon\n|inactive|Willipino has 20 seconds left.\n|inactive|Willipino has 15 seconds left.\n|\n|t:|1700916407\n|move|p1b: Heatran|Earth Power|p2b: El Mafioso\n|-supereffective|p2b: El Mafioso\n|-damage|p2b: El Mafioso|6\/100\n|-damage|p1b: Heatran|67\/100|[from] item: Life Orb\n|move|p1a: Rillaboom|High Horsepower|p2b: El Mafioso\n|-supereffective|p2b: El Mafioso\n|-damage|p2b: El Mafioso|0 fnt\n|faint|p2b: El Mafioso\n|-end|p2b: El Mafioso|Quark Drive|[silent]\n|move|p2a: Nevado|Heat Wave|p1b: Heatran|[spread] p1a\n|-immune|p1b: Heatran|[from] ability: Flash Fire\n|-supereffective|p1a: Rillaboom\n|-damage|p1a: Rillaboom|0 fnt\n|faint|p1a: Rillaboom\n|\n|-heal|p1b: Heatran|73\/100|[from] Grassy Terrain\n|-heal|p2a: Nevado|100\/100|[from] Grassy Terrain\n|-sideend|p1: Willipino|move: Tailwind\n|upkeep\n|\n|t:|1700916420\n|switch|p1a: Iron Bundle|Iron Bundle, L50, shiny|100\/100\n|switch|p2b: Urshifu|Urshifu-Rapid-Strike, L50, M|100\/100\n|-enditem|p1a: Iron Bundle|Booster Energy\n|-activate|p1a: Iron Bundle|ability: Quark Drive|[fromitem]\n|-start|p1a: Iron Bundle|quarkdrivespe\n|turn|5\n|\n|t:|1700916433\n|move|p1a: Iron Bundle|Freeze-Dry|p2a: Nevado\n|-supereffective|p2a: Nevado\n|-damage|p2a: Nevado|42\/100\n|move|p2b: Urshifu|Surging Strikes|p1b: Heatran\n|-crit|p1b: Heatran\n|-damage|p1b: Heatran|45\/100\n|-crit|p1b: Heatran\n|-damage|p1b: Heatran|18\/100\n|-crit|p1b: Heatran\n|-damage|p1b: Heatran|0 fnt\n|faint|p1b: Heatran\n|-hitcount|p1: Heatran|3\n|move|p2a: Nevado|Tera Blast|p1a: Iron Bundle|[anim] Tera Blast Grass\n|-supereffective|p1a: Iron Bundle\n|-damage|p1a: Iron Bundle|0 fnt\n|faint|p1a: Iron Bundle\n|-end|p1a: Iron Bundle|Quark Drive|[silent]\n|\n|win|flotandocomoespuma\n|raw|Willipino's rating: 1442 &rarr; <strong>1424<\/strong><br \/>(-18 for losing)\n|raw|flotandocomoespuma's rating: 1480 &rarr; <strong>1498<\/strong><br \/>(+18 for winning)\n","uploadtime":1700916448,"views":12,"p1id":"willipino","p2id":"flotandocomoespuma","formatid":"gen9vgc2023regulatione","rating":1424,"private":0,"password":""}