{"id":"gen9vgc2023regulatione-1996269171","p1":"sbdbdb","p2":"Flutter-Reisa","format":"[Gen 9] VGC 2023 Regulation E","log":"|j|\u2606sbdbdb\n|j|\u203dFlutter-Reisa\n|t:|1700665914\n|gametype|doubles\n|player|p1|sbdbdb|2|\n|player|p2|Flutter-Reisa|acerola|\n|teamsize|p1|6\n|teamsize|p2|6\n|gen|9\n|tier|[Gen 9] VGC 2023 Regulation E\n|rule|Species Clause: Limit one of each Pok\u00e9mon\n|rule|Item Clause: Limit one of each item\n|clearpoke\n|poke|p1|Baxcalibur, L50, F|\n|poke|p1|Abomasnow, L50, M|\n|poke|p1|Lycanroc-Dusk, L50, M|\n|poke|p1|Iron Hands, L50|\n|poke|p1|Indeedee-F, L50, F|\n|poke|p1|Cresselia, L50, F|\n|poke|p2|Ogerpon-Wellspring, L50, F|\n|poke|p2|Grimmsnarl, L50, M|\n|poke|p2|Amoonguss, L50, F|\n|poke|p2|Lycanroc-Dusk, L50, F|\n|poke|p2|Pelipper, L50, M|\n|poke|p2|Iron Hands, L50|\n|teampreview|4\n|\n|t:|1700665973\n|start\n|switch|p1a: Indeedee|Indeedee-F, L50, F|100\/100\n|switch|p1b: Iron Hands|Iron Hands, L50|100\/100\n|switch|p2a: Grimmsnarl|Grimmsnarl, L50, M|100\/100\n|switch|p2b: Amoonguss|Amoonguss, L50, F|100\/100\n|-fieldstart|move: Psychic Terrain|[from] ability: Psychic Surge|[of] p1a: Indeedee\n|-enditem|p1b: Iron Hands|Booster Energy\n|-activate|p1b: Iron Hands|ability: Quark Drive|[fromitem]\n|-start|p1b: Iron Hands|quarkdriveatk\n|turn|1\n|\n|t:|1700666029\n|move|p1a: Indeedee|Follow Me|p1a: Indeedee\n|-singleturn|p1a: Indeedee|move: Follow Me\n|move|p2a: Grimmsnarl|Reflect|p2a: Grimmsnarl\n|-sidestart|p2: Flutter-Reisa|Reflect\n|move|p1b: Iron Hands|Belly Drum|p1b: Iron Hands\n|-damage|p1b: Iron Hands|50\/100\n|-setboost|p1b: Iron Hands|atk|6|[from] move: Belly Drum\n|move|p2b: Amoonguss|Spore|p1a: Indeedee\n|-status|p1a: Indeedee|slp|[from] move: Spore\n|\n|upkeep\n|turn|2\n|\n|t:|1700666051\n|-terastallize|p1b: Iron Hands|Ground\n|cant|p1a: Indeedee|slp\n|move|p2a: Grimmsnarl|Parting Shot|p1b: Iron Hands\n|-activate|p1b: Iron Hands|move: Psychic Terrain\n|move|p1b: Iron Hands|Earthquake|p2b: Amoonguss|[spread] p1a,p2a,p2b\n|-damage|p1a: Indeedee|0 fnt\n|-damage|p2a: Grimmsnarl|0 fnt\n|-damage|p2b: Amoonguss|0 fnt\n|faint|p1a: Indeedee\n|faint|p2a: Grimmsnarl\n|faint|p2b: Amoonguss\n|\n|upkeep\n|\n|t:|1700666068\n|switch|p1a: Lycanroc|Lycanroc-Dusk, L50, M|100\/100\n|switch|p2a: Iron Hands|Iron Hands, L50|100\/100\n|switch|p2b: Ogerpon|Ogerpon-Wellspring, L50, F|100\/100\n|turn|3\n|\n|t:|1700666100\n|-terastallize|p2b: Ogerpon|Water\n|detailschange|p2b: Ogerpon|Ogerpon-Wellspring-Tera, L50, F, tera:Water\n|-ability|p2b: Ogerpon|Embody Aspect (Wellspring)|boost\n|-boost|p2b: Ogerpon|spd|1\n|move|p1b: Iron Hands|Protect|p1b: Iron Hands\n|-singleturn|p1b: Iron Hands|Protect\n|move|p1a: Lycanroc|Close Combat|p2b: Ogerpon\n|-damage|p2b: Ogerpon|71\/100\n|-unboost|p1a: Lycanroc|def|1\n|-unboost|p1a: Lycanroc|spd|1\n|move|p2b: Ogerpon|Ivy Cudgel|p1b: Iron Hands|[anim] Ivy Cudgel Water\n|-activate|p1b: Iron Hands|move: Protect\n|move|p2a: Iron Hands|Drain Punch|p1b: Iron Hands\n|-activate|p1b: Iron Hands|move: Protect\n|\n|upkeep\n|turn|4\n|\n|t:|1700666150\n|move|p1a: Lycanroc|Rock Slide|p2b: Ogerpon|[spread] p2a\n|-miss|p1a: Lycanroc|p2b: Ogerpon\n|-resisted|p2a: Iron Hands\n|-damage|p2a: Iron Hands|95\/100\n|move|p2b: Ogerpon|Ivy Cudgel|p1b: Iron Hands|[anim] Ivy Cudgel Water\n|-supereffective|p1b: Iron Hands\n|-damage|p1b: Iron Hands|0 fnt\n|faint|p1b: Iron Hands\n|-end|p1b: Iron Hands|Quark Drive|[silent]\n|move|p2a: Iron Hands|Drain Punch|p1a: Lycanroc\n|-supereffective|p1a: Lycanroc\n|-enditem|p1a: Lycanroc|Focus Sash\n|-damage|p1a: Lycanroc|1\/100\n|-heal|p2a: Iron Hands|100\/100|[from] drain|[of] p1a: Lycanroc\n|\n|upkeep\n|\n|t:|1700666167\n|switch|p1b: Baxcalibur|Baxcalibur, L50, F|100\/100\n|turn|5\n|\n|t:|1700666192\n|move|p2b: Ogerpon|Spiky Shield|p2b: Ogerpon\n|-singleturn|p2b: Ogerpon|move: Protect\n|move|p1a: Lycanroc|Rock Slide|p2b: Ogerpon|[spread] p2a\n|-activate|p2b: Ogerpon|move: Protect\n|-resisted|p2a: Iron Hands\n|-damage|p2a: Iron Hands|95\/100\n|move|p1b: Baxcalibur|Icicle Crash|p2a: Iron Hands\n|-damage|p2a: Iron Hands|75\/100\n|cant|p2a: Iron Hands|flinch\n|\n|-heal|p2a: Iron Hands|81\/100|[from] item: Leftovers\n|-fieldend|move: Psychic Terrain\n|upkeep\n|turn|6\n|\n|t:|1700666220\n|move|p1a: Lycanroc|Protect|p1a: Lycanroc\n|-singleturn|p1a: Lycanroc|Protect\n|move|p2b: Ogerpon|Ivy Cudgel|p1a: Lycanroc|[anim] Ivy Cudgel Water\n|-activate|p1a: Lycanroc|move: Protect\n|move|p1b: Baxcalibur|Glaive Rush|p2b: Ogerpon\n|-damage|p2b: Ogerpon|27\/100\n|-singlemove|p1b: Baxcalibur|Glaive Rush|[silent]\n|move|p2a: Iron Hands|Drain Punch|p1b: Baxcalibur\n|-supereffective|p1b: Baxcalibur\n|-damage|p1b: Baxcalibur|0 fnt\n|-heal|p2a: Iron Hands|100\/100|[from] drain|[of] p1b: Baxcalibur\n|faint|p1b: Baxcalibur\n|\n|upkeep\n|turn|7\n|\n|t:|1700666243\n|move|p1a: Lycanroc|Rock Slide|p2a: Iron Hands|[spread] p2a,p2b\n|-resisted|p2a: Iron Hands\n|-damage|p2a: Iron Hands|95\/100\n|-damage|p2b: Ogerpon|12\/100\n|move|p2b: Ogerpon|Ivy Cudgel|p1a: Lycanroc|[anim] Ivy Cudgel Water\n|-supereffective|p1a: Lycanroc\n|-crit|p1a: Lycanroc\n|-damage|p1a: Lycanroc|0 fnt\n|faint|p1a: Lycanroc\n|\n|win|Flutter-Reisa\n","uploadtime":1700666257,"views":3,"p1id":"sbdbdb","p2id":"flutterreisa","formatid":"gen9vgc2023regulatione","rating":0,"private":0,"password":""}