{"id":"gen9vgc2023regulatione-1991415942","p1":"previouslyunnamed","p2":"bwahacough","format":"[Gen 9] VGC 2023 Regulation E","log":"|j|\u2606previouslyunnamed\n|j|\u2606bwahacough\n|t:|1700075246\n|gametype|doubles\n|player|p1|previouslyunnamed|ryuki|1685\n|player|p2|bwahacough|medium|1747\n|teamsize|p1|6\n|teamsize|p2|6\n|gen|9\n|tier|[Gen 9] VGC 2023 Regulation E\n|rated|\n|rule|Species Clause: Limit one of each Pok\u00e9mon\n|rule|Item Clause: Limit one of each item\n|clearpoke\n|poke|p1|Iron Hands, L50|\n|poke|p1|Landorus-Therian, L50, M|\n|poke|p1|Chi-Yu, L50|\n|poke|p1|Flutter Mane, L50|\n|poke|p1|Cresselia, L50, F|\n|poke|p1|Amoonguss, L50, M|\n|poke|p2|Lycanroc-Dusk, L50, M|\n|poke|p2|Tornadus, L50, M|\n|poke|p2|Urshifu-*, L50, M|\n|poke|p2|Farigiraf, L50, M|\n|poke|p2|Sinistcha, L50|\n|poke|p2|Iron Bundle, L50|\n|teampreview|4\n|inactive|Battle timer is ON: inactive players will automatically lose when time's up. (requested by previouslyunnamed)\npreviouslyunnamed has agreed to open team sheets.\nbwahacough has agreed to open team sheets.\n|c|\u2606previouslyunnamed|yo u talk\n|inactive|previouslyunnamed has 30 seconds left.\n|c|\u2606previouslyunnamed|ik u know emirnent\n|c|\u2606previouslyunnamed|i talk to him alot\n|inactive|previouslyunnamed has 20 seconds left.\n|inactive|previouslyunnamed has 15 seconds left.\n|\n|t:|1700075309\n|start\n|switch|p1a: Iron Hands|Iron Hands, L50|100\/100\n|switch|p1b: Flutter Mane|Flutter Mane, L50|100\/100\n|switch|p2a: Tornadus|Tornadus, L50, M, shiny|100\/100\n|switch|p2b: Urshifu|Urshifu-Rapid-Strike, L50, M|100\/100\n|-enditem|p1b: Flutter Mane|Booster Energy\n|-activate|p1b: Flutter Mane|ability: Protosynthesis|[fromitem]\n|-start|p1b: Flutter Mane|protosynthesisspe\n|turn|1\n|\n|t:|1700075318\n|-end|p1b: Flutter Mane|Protosynthesis|[silent]\n|switch|p1b: Landorus|Landorus-Therian, L50, M|100\/100\n|-ability|p1b: Landorus|Intimidate|boost\n|-unboost|p2a: Tornadus|atk|1\n|-unboost|p2b: Urshifu|atk|1\n|-terastallize|p2b: Urshifu|Steel\n|-terastallize|p1a: Iron Hands|Water\n|move|p2a: Tornadus|Rain Dance|p2a: Tornadus\n|-weather|RainDance\n|move|p2b: Urshifu|Surging Strikes|p1b: Landorus\n|-supereffective|p1b: Landorus\n|-crit|p1b: Landorus\n|-damage|p1b: Landorus|0 fnt\n|faint|p1b: Landorus\n|-hitcount|p1: Landorus|1\n|move|p1a: Iron Hands|Wild Charge|p2b: Urshifu\n|-damage|p2b: Urshifu|46\/100\n|-damage|p1a: Iron Hands|90\/100|[from] Recoil\n|\n|-weather|RainDance|[upkeep]\n|upkeep\n|\n|t:|1700075329\n|switch|p1b: Amoonguss|Amoonguss, L50, M, shiny|100\/100\n|turn|2\n|j| Skylark11\n|\n|t:|1700075340\n|switch|p2b: Sinistcha|Sinistcha, L50, shiny|100\/100\n|move|p2a: Tornadus|Bleakwind Storm|p1a: Iron Hands|[spread] p1a,p1b\n|-supereffective|p1b: Amoonguss\n|-damage|p1a: Iron Hands|73\/100\n|-damage|p1b: Amoonguss|43\/100\n|-enditem|p1b: Amoonguss|Sitrus Berry|[eat]\n|-heal|p1b: Amoonguss|68\/100|[from] item: Sitrus Berry\n|move|p1a: Iron Hands|Wild Charge|p2a: Tornadus\n|-supereffective|p2a: Tornadus\n|-damage|p2a: Tornadus|0 fnt\n|faint|p2a: Tornadus\n|-damage|p1a: Iron Hands|55\/100|[from] Recoil\n|move|p1b: Amoonguss|Spore|p2b: Sinistcha\n|-immune|p2b: Sinistcha\n|\n|-weather|RainDance|[upkeep]\n|upkeep\n|\n|t:|1700075345\n|switch|p2a: Farigiraf|Farigiraf, L50, M, shiny|100\/100\n|turn|3\n|\n|t:|1700075366\n|move|p2b: Sinistcha|Matcha Gotcha|p1b: Amoonguss|[spread] p1a,p1b\n|-supereffective|p1a: Iron Hands\n|-resisted|p1b: Amoonguss\n|-damage|p1a: Iron Hands|25\/100\n|-damage|p1b: Amoonguss|62\/100\n|move|p2a: Farigiraf|Psychic|p1b: Amoonguss\n|-supereffective|p1b: Amoonguss\n|-damage|p1b: Amoonguss|6\/100\n|move|p1a: Iron Hands|Heavy Slam|p2b: Sinistcha\n|-damage|p2b: Sinistcha|57\/100\n|move|p1b: Amoonguss|Pollen Puff|p1a: Iron Hands\n|-heal|p1a: Iron Hands|75\/100\n|\n|-weather|RainDance|[upkeep]\n|upkeep\n|turn|4\n|\n|t:|1700075391\n|move|p2b: Sinistcha|Matcha Gotcha|p1a: Iron Hands|[spread] p1a,p1b\n|-supereffective|p1a: Iron Hands\n|-resisted|p1b: Amoonguss\n|-damage|p1a: Iron Hands|44\/100\n|-heal|p2b: Sinistcha|78\/100|[from] drain|[of] p1a: Iron Hands\n|-damage|p1b: Amoonguss|0 fnt\n|-heal|p2b: Sinistcha|81\/100|[from] drain|[of] p1b: Amoonguss\n|faint|p1b: Amoonguss\n|move|p1a: Iron Hands|Heavy Slam|p2b: Sinistcha\n|-damage|p2b: Sinistcha|41\/100\n|move|p2a: Farigiraf|Trick Room|p2a: Farigiraf\n|-fieldstart|move: Trick Room|[of] p2a: Farigiraf\n|\n|-weather|RainDance|[upkeep]\n|upkeep\n|\n|t:|1700075394\n|switch|p1b: Flutter Mane|Flutter Mane, L50|100\/100\n|turn|5\n|\n|t:|1700075410\n|move|p2b: Sinistcha|Protect|p2b: Sinistcha\n|-singleturn|p2b: Sinistcha|Protect\n|move|p1a: Iron Hands|Drain Punch|p2a: Farigiraf\n|-damage|p2a: Farigiraf|66\/100\n|-heal|p1a: Iron Hands|60\/100|[from] drain|[of] p2a: Farigiraf\n|move|p2a: Farigiraf|Psychic|p1a: Iron Hands\n|-crit|p1a: Iron Hands\n|-damage|p1a: Iron Hands|30\/100\n|move|p1b: Flutter Mane|Moonblast|p2a: Farigiraf\n|-damage|p2a: Farigiraf|13\/100\n|-enditem|p2a: Farigiraf|Sitrus Berry|[eat]\n|-heal|p2a: Farigiraf|37\/100|[from] item: Sitrus Berry\n|\n|-weather|none\n|upkeep\n|turn|6\n|\n|t:|1700075430\n|switch|p2b: Urshifu|Urshifu-Rapid-Strike, L50, M, tera:Steel|46\/100\n|move|p1a: Iron Hands|Drain Punch|p2a: Farigiraf\n|-damage|p2a: Farigiraf|3\/100\n|-heal|p1a: Iron Hands|46\/100|[from] drain|[of] p2a: Farigiraf\n|move|p2a: Farigiraf|Psychic|p1a: Iron Hands\n|-damage|p1a: Iron Hands|28\/100\n|move|p1b: Flutter Mane|Shadow Ball|p2b: Urshifu\n|-damage|p2b: Urshifu|0 fnt\n|faint|p2b: Urshifu\n|\n|upkeep\n|\n|t:|1700075433\n|switch|p2b: Sinistcha|Sinistcha, L50, shiny|41\/100\n|turn|7\n|\n|t:|1700075451\n|move|p2a: Farigiraf|Helping Hand|p2b: Sinistcha\n|-singleturn|p2b: Sinistcha|Helping Hand|[of] p2a: Farigiraf\n|move|p1b: Flutter Mane|Protect|p1b: Flutter Mane\n|-singleturn|p1b: Flutter Mane|Protect\n|move|p1a: Iron Hands|Heavy Slam|p2a: Farigiraf\n|-damage|p2a: Farigiraf|0 fnt\n|faint|p2a: Farigiraf\n|move|p2b: Sinistcha|Shadow Ball|p1b: Flutter Mane\n|-activate|p1b: Flutter Mane|move: Protect\n|\n|upkeep\n|turn|8\n|j| neusrel\n|\n|t:|1700075464\n|move|p1a: Iron Hands|Heavy Slam|p2b: Sinistcha\n|-damage|p2b: Sinistcha|0 fnt\n|faint|p2b: Sinistcha\n|\n|win|previouslyunnamed\n|raw|previouslyunnamed's rating: 1685 &rarr; <strong>1707<\/strong><br \/>(+22 for winning)\n|raw|bwahacough's rating: 1723 &rarr; <strong>1701<\/strong><br \/>(-22 for losing)\n","uploadtime":1700075471,"views":28,"p1id":"previouslyunnamed","p2id":"bwahacough","formatid":"gen9vgc2023regulatione","rating":1701,"private":0,"password":""}