{"id":"gen9vgc2023regulatione-1988026170","p1":"FireTrial","p2":"mmattus","format":"[Gen 9] VGC 2023 Regulation E","log":"|j|\u2606FireTrial\n|j|\u2606mmattus\n|t:|1699660628\n|gametype|doubles\n|player|p1|FireTrial|hooligans|1023\n|player|p2|mmattus|169|1083\n|teamsize|p1|6\n|teamsize|p2|6\n|gen|9\n|tier|[Gen 9] VGC 2023 Regulation E\n|rated|\n|rule|Species Clause: Limit one of each Pok\u00e9mon\n|rule|Item Clause: Limit one of each item\n|clearpoke\n|poke|p1|Torterra, L50, M|\n|poke|p1|Clefairy, L50, M|\n|poke|p1|Sinistcha-Masterpiece, L50|\n|poke|p1|Drifblim, L50, F|\n|poke|p1|Breloom, L50, M|\n|poke|p1|Landorus-Therian, L50, M|\n|poke|p2|Annihilape, L50, F|\n|poke|p2|Pawmot, L50, M|\n|poke|p2|Maushold-Four, L50|\n|poke|p2|Amoonguss, L50, F|\n|poke|p2|Dipplin, L50, F|\n|poke|p2|Murkrow, L50, F|\n|teampreview|4\n|inactive|Battle timer is ON: inactive players will automatically lose when time's up. (requested by mmattus)\n|\n|t:|1699660643\n|start\n|switch|p1a: Clefairy|Clefairy, L50, M|100\/100\n|switch|p1b: Drifblim|Drifblim, L50, F|100\/100\n|switch|p2a: Annihilape|Annihilape, L50, F|100\/100\n|switch|p2b: Maushold|Maushold-Four, L50|100\/100\n|turn|1\n|inactive|mmattus has 30 seconds left.\n|\n|t:|1699660668\n|switch|p2b: Murkrow|Murkrow, L50, F|100\/100\n|-terastallize|p2a: Annihilape|Dark\n|move|p1a: Clefairy|Follow Me|p1a: Clefairy\n|-singleturn|p1a: Clefairy|move: Follow Me\n|move|p2a: Annihilape|Bulk Up|p2a: Annihilape\n|-boost|p2a: Annihilape|atk|1\n|-boost|p2a: Annihilape|def|1\n|move|p1b: Drifblim|Substitute|p1b: Drifblim\n|-start|p1b: Drifblim|Substitute\n|-damage|p1b: Drifblim|76\/100\n|\n|-heal|p1b: Drifblim|82\/100|[from] item: Leftovers\n|upkeep\n|turn|2\n|inactive|mmattus has 30 seconds left.\n|\n|t:|1699660697\n|move|p1a: Clefairy|Follow Me|p1a: Clefairy\n|-singleturn|p1a: Clefairy|move: Follow Me\n|move|p2b: Murkrow|Perish Song|p2b: Murkrow\n|-start|p1a: Clefairy|perish3|[silent]\n|-start|p1b: Drifblim|perish3|[silent]\n|-start|p2a: Annihilape|perish3|[silent]\n|-start|p2b: Murkrow|perish3|[silent]\n|-fieldactivate|move: Perish Song\n|move|p2a: Annihilape|Rage Fist|p1a: Clefairy\n|-damage|p1a: Clefairy|49\/100\n|move|p1b: Drifblim|Minimize|p1b: Drifblim\n|-boost|p1b: Drifblim|evasion|2\n|\n|-heal|p1b: Drifblim|88\/100|[from] item: Leftovers\n|-start|p2b: Murkrow|perish3\n|-start|p2a: Annihilape|perish3\n|-start|p1b: Drifblim|perish3\n|-start|p1a: Clefairy|perish3\n|upkeep\n|turn|3\n|\n|t:|1699660721\n|move|p1a: Clefairy|Helping Hand|p1b: Drifblim\n|-singleturn|p1b: Drifblim|Helping Hand|[of] p1a: Clefairy\n|move|p2b: Murkrow|Taunt|p1a: Clefairy\n|-start|p1a: Clefairy|move: Taunt\n|move|p2a: Annihilape|Rage Fist|p1a: Clefairy\n|-damage|p1a: Clefairy|3\/100\n|move|p1b: Drifblim|Shadow Ball|p2a: Annihilape\n|-resisted|p2a: Annihilape\n|-damage|p2a: Annihilape|84\/100\n|-unboost|p2a: Annihilape|spd|1\n|\n|-heal|p1b: Drifblim|94\/100|[from] item: Leftovers\n|-start|p2b: Murkrow|perish2\n|-start|p2a: Annihilape|perish2\n|-start|p1b: Drifblim|perish2\n|-start|p1a: Clefairy|perish2\n|upkeep\n|turn|4\n|\n|t:|1699660746\n|switch|p1a: Landorus|Landorus-Therian, L50, M|100\/100\n|-ability|p1a: Landorus|Intimidate|boost\n|-fail|p2a: Annihilape|unboost|Attack|[from] ability: Inner Focus|[of] p2a: Annihilape\n|-unboost|p2b: Murkrow|atk|1\n|move|p2b: Murkrow|Night Shade|p1a: Landorus\n|-damage|p1a: Landorus|70\/100\n|move|p2a: Annihilape|Rage Fist|p1b: Drifblim\n|-supereffective|p1b: Drifblim\n|-end|p1b: Drifblim|Substitute\n|move|p1b: Drifblim|Minimize|p1b: Drifblim\n|-boost|p1b: Drifblim|evasion|2\n|\n|-heal|p1b: Drifblim|100\/100|[from] item: Leftovers\n|-start|p2b: Murkrow|perish1\n|-start|p2a: Annihilape|perish1\n|-start|p1b: Drifblim|perish1\n|upkeep\n|turn|5\n|\n|t:|1699660766\n|switch|p2b: Pawmot|Pawmot, L50, M|100\/100\n|switch|p2a: Maushold|Maushold-Four, L50|100\/100\n|switch|p1b: Clefairy|Clefairy, L50, M|3\/100\n|move|p1a: Landorus|U-turn|p2a: Maushold\n|-damage|p2a: Maushold|49\/100\n|\n|t:|1699660775\n|switch|p1a: Drifblim|Drifblim, L50, F|100\/100|[from] U-turn\n|\n|upkeep\n|turn|6\n|\n|t:|1699660798\n|move|p1b: Clefairy|Protect|p1b: Clefairy\n|-singleturn|p1b: Clefairy|Protect\n|move|p2a: Maushold|Beat Up|p1b: Clefairy\n|-activate|p1b: Clefairy|move: Protect\n|move|p2b: Pawmot|Nuzzle|p1a: Drifblim\n|-supereffective|p1a: Drifblim\n|-damage|p1a: Drifblim|83\/100\n|-status|p1a: Drifblim|par\n|move|p1a: Drifblim|Substitute|p1a: Drifblim\n|-start|p1a: Drifblim|Substitute\n|-damage|p1a: Drifblim|58\/100 par\n|\n|-heal|p1a: Drifblim|64\/100 par|[from] item: Leftovers\n|upkeep\n|turn|7\n|\n|t:|1699660816\n|switch|p2b: Murkrow|Murkrow, L50, F|100\/100\n|switch|p1b: Landorus|Landorus-Therian, L50, M|70\/100\n|-ability|p1b: Landorus|Intimidate|boost\n|-unboost|p2a: Maushold|atk|1\n|-unboost|p2b: Murkrow|atk|1\n|move|p2a: Maushold|Beat Up|p1b: Landorus\n|-damage|p1b: Landorus|68\/100\n|-damage|p1b: Landorus|66\/100\n|-damage|p1b: Landorus|64\/100\n|-damage|p1b: Landorus|61\/100\n|-hitcount|p1b: Landorus|4\n|cant|p1a: Drifblim|par\n|\n|-heal|p1a: Drifblim|70\/100 par|[from] item: Leftovers\n|upkeep\n|turn|8\n|\n|t:|1699660836\n|switch|p1a: Clefairy|Clefairy, L50, M|3\/100\n|move|p2a: Maushold|Protect|p2a: Maushold\n|-singleturn|p2a: Maushold|Protect\n|move|p2b: Murkrow|Tailwind|p2b: Murkrow\n|-sidestart|p2: mmattus|move: Tailwind\n|move|p1b: Landorus|U-turn|p2a: Maushold\n|-activate|p2a: Maushold|move: Protect\n|\n|upkeep\n|turn|9\n|\n|t:|1699660850\n|switch|p2b: Annihilape|Annihilape, L50, F, tera:Dark|84\/100\n|move|p1a: Clefairy|Protect|p1a: Clefairy\n|-singleturn|p1a: Clefairy|Protect\n|move|p2a: Maushold|Beat Up|p2b: Annihilape\n|-resisted|p2b: Annihilape\n|-crit|p2b: Annihilape\n|-damage|p2b: Annihilape|83\/100\n|-resisted|p2b: Annihilape\n|-damage|p2b: Annihilape|82\/100\n|-resisted|p2b: Annihilape\n|-damage|p2b: Annihilape|82\/100\n|-resisted|p2b: Annihilape\n|-damage|p2b: Annihilape|82\/100\n|-hitcount|p2b: Annihilape|4\n|move|p1b: Landorus|U-turn|p2a: Maushold\n|-damage|p2a: Maushold|0 fnt\n|faint|p2a: Maushold\n|\n|t:|1699660858\n|switch|p1b: Breloom|Breloom, L50, M|100\/100|[from] U-turn\n|\n|-status|p1b: Breloom|tox|[from] item: Toxic Orb\n|upkeep\n|\n|t:|1699660872\n|switch|p2a: Murkrow|Murkrow, L50, F|100\/100\n|turn|10\n|\n|t:|1699660881\n|switch|p1a: Landorus|Landorus-Therian, L50, M|61\/100\n|-ability|p1a: Landorus|Intimidate|boost\n|-unboost|p2a: Murkrow|atk|1\n|-fail|p2b: Annihilape|unboost|Attack|[from] ability: Inner Focus|[of] p2b: Annihilape\n|move|p2b: Annihilape|Protect|p2b: Annihilape\n|-singleturn|p2b: Annihilape|Protect\n|move|p2a: Murkrow|Night Shade|p1a: Landorus\n|-damage|p1a: Landorus|31\/100\n|move|p1b: Breloom|Substitute|p1b: Breloom\n|-start|p1b: Breloom|Substitute\n|-damage|p1b: Breloom|76\/100 tox\n|\n|-heal|p1b: Breloom|88\/100 tox|[from] ability: Poison Heal\n|upkeep\n|turn|11\n|inactive|mmattus has 30 seconds left.\n|\n|t:|1699660907\n|-singleturn|p1b: Breloom|move: Focus Punch\n|move|p2a: Murkrow|Perish Song|p2a: Murkrow\n|-start|p1a: Landorus|perish3|[silent]\n|-start|p1b: Breloom|perish3|[silent]\n|-start|p2a: Murkrow|perish3|[silent]\n|-start|p2b: Annihilape|perish3|[silent]\n|-fieldactivate|move: Perish Song\n|move|p2b: Annihilape|Rage Fist|p1a: Landorus\n|-damage|p1a: Landorus|0 fnt\n|faint|p1a: Landorus\n|move|p1b: Breloom|Focus Punch|p2b: Annihilape\n|-supereffective|p2b: Annihilape\n|-damage|p2b: Annihilape|0 fnt\n|faint|p2b: Annihilape\n|\n|-heal|p1b: Breloom|99\/100 tox|[from] ability: Poison Heal\n|-start|p2a: Murkrow|perish3\n|-start|p1b: Breloom|perish3\n|-sideend|p2: mmattus|move: Tailwind\n|upkeep\n|\n|t:|1699660921\n|switch|p1a: Drifblim|Drifblim, L50, F|70\/100 par\n|switch|p2b: Pawmot|Pawmot, L50, M|100\/100\n|turn|12\n|c|\u2606FireTrial|well rip murkrow\n|\n|t:|1699660935\n|move|p2b: Pawmot|Revival Blessing|p2b: Pawmot\n|c|\u2606mmattus|sure\n|\n|t:|1699660938\n|-heal|p2: Annihilape|50\/100|[from] move: Revival Blessing\n|move|p2a: Murkrow|Night Shade|p1b: Breloom\n|-end|p1b: Breloom|Substitute\n|move|p1b: Breloom|Leech Seed|p2b: Pawmot\n|-start|p2b: Pawmot|move: Leech Seed\n|move|p1a: Drifblim|Minimize|p1a: Drifblim\n|-boost|p1a: Drifblim|evasion|2\n|\n|-heal|p1a: Drifblim|76\/100 par|[from] item: Leftovers\n|-damage|p2b: Pawmot|88\/100|[from] Leech Seed|[of] p1b: Breloom\n|-heal|p1b: Breloom|100\/100 tox|[silent]\n|-start|p2a: Murkrow|perish2\n|-start|p1b: Breloom|perish2\n|upkeep\n|turn|13\n|inactive|FireTrial has 30 seconds left.\n|\n|t:|1699660963\n|-singleturn|p1b: Breloom|move: Focus Punch\n|move|p2a: Murkrow|Perish Song|p2a: Murkrow\n|-start|p1a: Drifblim|perish3|[silent]\n|-start|p2b: Pawmot|perish3|[silent]\n|-fieldactivate|move: Perish Song\n|move|p2b: Pawmot|Nuzzle|p1a: Drifblim|[miss]\n|-miss|p2b: Pawmot|p1a: Drifblim\n|move|p1a: Drifblim|Minimize|p1a: Drifblim\n|-boost|p1a: Drifblim|evasion|2\n|move|p1b: Breloom|Focus Punch|p2a: Murkrow\n|-damage|p2a: Murkrow|15\/100\n|\n|-heal|p1a: Drifblim|83\/100 par|[from] item: Leftovers\n|-damage|p2b: Pawmot|76\/100|[from] Leech Seed|[of] p1b: Breloom\n|-start|p2b: Pawmot|perish3\n|-start|p2a: Murkrow|perish1\n|-start|p1b: Breloom|perish1\n|-start|p1a: Drifblim|perish3\n|upkeep\n|turn|14\n|\n|t:|1699660985\n|switch|p2a: Annihilape|Annihilape, L50, F|50\/100\n|switch|p1b: Clefairy|Clefairy, L50, M|3\/100\n|move|p2b: Pawmot|Nuzzle|p1b: Clefairy\n|-damage|p1b: Clefairy|0 fnt\n|faint|p1b: Clefairy\n|move|p1a: Drifblim|Shadow Ball|p2a: Annihilape\n|-supereffective|p2a: Annihilape\n|-damage|p2a: Annihilape|5\/100\n|-unboost|p2a: Annihilape|spd|1\n|-enditem|p2a: Annihilape|Weakness Policy\n|-boost|p2a: Annihilape|atk|2|[from] item: Weakness Policy\n|-boost|p2a: Annihilape|spa|2|[from] item: Weakness Policy\n|\n|-heal|p1a: Drifblim|89\/100 par|[from] item: Leftovers\n|-start|p2b: Pawmot|perish2\n|-start|p1a: Drifblim|perish2\n|upkeep\n|\n|t:|1699660995\n|switch|p1b: Breloom|Breloom, L50, M|100\/100 tox\n|turn|15\n|\n|t:|1699661006\n|switch|p2b: Murkrow|Murkrow, L50, F|15\/100\n|move|p2a: Annihilape|Protect|p2a: Annihilape\n|-singleturn|p2a: Annihilape|Protect\n|move|p1b: Breloom|Substitute|p1b: Breloom\n|-start|p1b: Breloom|Substitute\n|-damage|p1b: Breloom|76\/100 tox\n|move|p1a: Drifblim|Shadow Ball|p2a: Annihilape\n|-activate|p2a: Annihilape|move: Protect\n|\n|-heal|p1a: Drifblim|95\/100 par|[from] item: Leftovers\n|-heal|p1b: Breloom|88\/100 tox|[from] ability: Poison Heal\n|-start|p1a: Drifblim|perish1\n|upkeep\n|turn|16\n|\n|t:|1699661022\n|switch|p2a: Pawmot|Pawmot, L50, M|76\/100\n|-singleturn|p1b: Breloom|move: Focus Punch\n|move|p2b: Murkrow|Perish Song|p2b: Murkrow\n|-start|p1b: Breloom|perish3|[silent]\n|-start|p2a: Pawmot|perish3|[silent]\n|-start|p2b: Murkrow|perish3|[silent]\n|-fieldactivate|move: Perish Song\n|move|p1a: Drifblim|Shadow Ball|p2b: Murkrow\n|-resisted|p2b: Murkrow\n|-damage|p2b: Murkrow|4\/100\n|move|p1b: Breloom|Focus Punch|p2b: Murkrow\n|-damage|p2b: Murkrow|0 fnt\n|faint|p2b: Murkrow\n|\n|-heal|p1a: Drifblim|100\/100 par|[from] item: Leftovers\n|-heal|p1b: Breloom|99\/100 tox|[from] ability: Poison Heal\n|-start|p2a: Pawmot|perish3\n|-start|p1b: Breloom|perish3\n|-start|p1a: Drifblim|perish0\n|faint|p1a: Drifblim\n|upkeep\n|\n|t:|1699661040\n|switch|p2b: Annihilape|Annihilape, L50, F|5\/100\n|turn|17\n|l|\u2606FireTrial\n|inactive|FireTrial disconnected and has a minute to reconnect!\n|player|p1|\n|inactive|FireTrial has 30 seconds left.\n|inactive|FireTrial has 20 seconds left.\n|inactive|FireTrial has 15 seconds left.\n|inactive|FireTrial has 10 seconds left.\n|inactive|FireTrial has 5 seconds left.\n|-message|FireTrial lost due to inactivity.\n|\n|win|mmattus\n|raw|FireTrial's rating: 1023 &rarr; <strong>1012<\/strong><br \/>(-11 for losing)\n|raw|mmattus's rating: 1083 &rarr; <strong>1106<\/strong><br \/>(+23 for winning)\n","uploadtime":1699661143,"views":39,"p1id":"firetrial","p2id":"mmattus","formatid":"gen9vgc2023regulatione","rating":1012,"private":0,"password":""}