{"id":"gen9vgc2023regulatione-1992751438","p1":"TestJay","p2":"Volcano0","format":"[Gen 9] VGC 2023 Regulation E","log":"|j|\u2606TestJay\n|j|\u2606Volcano0\n|t:|1700232145\n|gametype|doubles\n|player|p1|TestJay|pokemonranger-gen4|1446\n|player|p2|Volcano0|1|1486\n|teamsize|p1|6\n|teamsize|p2|6\n|gen|9\n|tier|[Gen 9] VGC 2023 Regulation E\n|rated|\n|rule|Species Clause: Limit one of each Pok\u00e9mon\n|rule|Item Clause: Limit one of each item\n|clearpoke\n|poke|p1|Dusclops, L50, F|\n|poke|p1|Ursaluna-Bloodmoon, L50, M|\n|poke|p1|Kommo-o, L50, M|\n|poke|p1|Landorus-Therian, L50, M|\n|poke|p1|Iron Hands, L50|\n|poke|p1|Sinistcha-Masterpiece, L50|\n|poke|p2|Cresselia, L50, F|\n|poke|p2|Heatran, L50, F|\n|poke|p2|Amoonguss, L50, M|\n|poke|p2|Landorus-Therian, L50, M|\n|poke|p2|Iron Hands, L50|\n|poke|p2|Milotic, L50, M|\n|teampreview|4\n|inactive|Battle timer is ON: inactive players will automatically lose when time's up. (requested by Volcano0)\n|c|\u2606TestJay|gl hf\n|inactive|Volcano0 has 60 seconds left.\n|\n|t:|1700232205\n|start\n|switch|p1a: Dusclops|Dusclops, L50, F, shiny|100\/100\n|switch|p1b: Iron Hands|Iron Hands, L50|100\/100\n|switch|p2a: Heatran|Heatran, L50, F|100\/100\n|switch|p2b: Amoonguss|Amoonguss, L50, M|100\/100\n|-ability|p1a: Dusclops|Pressure\n|turn|1\n|\n|t:|1700232221\n|switch|p1a: Sinistcha|Sinistcha-Masterpiece, L50|100\/100\n|move|p2a: Heatran|Protect|p2a: Heatran\n|-singleturn|p2a: Heatran|Protect\n|move|p2b: Amoonguss|Protect|p2b: Amoonguss\n|-singleturn|p2b: Amoonguss|Protect\n|move|p1b: Iron Hands|Fake Out|p2b: Amoonguss\n|-activate|p2b: Amoonguss|move: Protect\n|\n|upkeep\n|turn|2\n|\n|t:|1700232249\n|-terastallize|p2a: Heatran|Grass\n|-terastallize|p1b: Iron Hands|Grass\n|move|p2b: Amoonguss|Rage Powder|p2b: Amoonguss\n|-singleturn|p2b: Amoonguss|move: Rage Powder\n|move|p2a: Heatran|Heat Wave|p1a: Sinistcha|[spread] p1a,p1b\n|-supereffective|p1a: Sinistcha\n|-supereffective|p1b: Iron Hands\n|-damage|p1a: Sinistcha|25\/100\n|-damage|p1b: Iron Hands|51\/100\n|move|p1b: Iron Hands|Drain Punch|p2a: Heatran\n|-damage|p2a: Heatran|59\/100\n|-heal|p1b: Iron Hands|67\/100|[from] drain|[of] p2a: Heatran\n|move|p1a: Sinistcha|Matcha Gotcha|p2b: Amoonguss|[spread] p2a,p2b\n|-resisted|p2a: Heatran\n|-resisted|p2b: Amoonguss\n|-damage|p2a: Heatran|48\/100\n|-heal|p1a: Sinistcha|31\/100|[from] drain|[of] p2a: Heatran\n|-damage|p2b: Amoonguss|96\/100\n|-heal|p1a: Sinistcha|34\/100|[from] drain|[of] p2b: Amoonguss\n|\n|-heal|p2a: Heatran|54\/100|[from] item: Leftovers\n|upkeep\n|turn|3\n|inactive|TestJay has 30 seconds left.\n|c|\u2606TestJay|!weak grass\n|c| TestJay|\/raw <div class=\"infobox\">Grass:<br \/><span class=\"message-effect-weak\">Weaknesses<\/span>: Bug, Fire, Flying, Ice, Poison<br \/><span class=\"message-effect-resist\">Resistances<\/span>: Electric, Grass, Ground, Water<br \/><span class=\"message-effect-immune\">Immunities<\/span>: Powder moves<\/div>\n|\n|t:|1700232280\n|move|p1a: Sinistcha|Protect|p1a: Sinistcha\n|-singleturn|p1a: Sinistcha|Protect\n|move|p2a: Heatran|Heat Wave|p1b: Iron Hands|[spread] p1b\n|-activate|p1a: Sinistcha|move: Protect\n|-supereffective|p1b: Iron Hands\n|-damage|p1b: Iron Hands|19\/100\n|move|p1b: Iron Hands|Drain Punch|p2a: Heatran\n|-damage|p2a: Heatran|15\/100\n|-heal|p1b: Iron Hands|34\/100|[from] drain|[of] p2a: Heatran\n|move|p2b: Amoonguss|Pollen Puff|p1b: Iron Hands\n|-supereffective|p1b: Iron Hands\n|-damage|p1b: Iron Hands|10\/100\n|\n|-heal|p2a: Heatran|21\/100|[from] item: Leftovers\n|upkeep\n|turn|4\n|\n|t:|1700232298\n|move|p2a: Heatran|Protect|p2a: Heatran\n|-singleturn|p2a: Heatran|Protect\n|move|p1b: Iron Hands|Drain Punch|p2a: Heatran\n|-activate|p2a: Heatran|move: Protect\n|move|p1a: Sinistcha|Matcha Gotcha|p2a: Heatran|[spread] p2b\n|-activate|p2a: Heatran|move: Protect\n|-resisted|p2b: Amoonguss\n|-crit|p2b: Amoonguss\n|-damage|p2b: Amoonguss|88\/100\n|-heal|p1a: Sinistcha|39\/100|[from] drain|[of] p2b: Amoonguss\n|move|p2b: Amoonguss|Pollen Puff|p1b: Iron Hands\n|-supereffective|p1b: Iron Hands\n|-damage|p1b: Iron Hands|0 fnt\n|faint|p1b: Iron Hands\n|-end|p1b: Iron Hands|Quark Drive|[silent]\n|\n|-heal|p2a: Heatran|27\/100|[from] item: Leftovers\n|upkeep\n|\n|t:|1700232302\n|switch|p1b: Dusclops|Dusclops, L50, F, shiny|100\/100\n|-ability|p1b: Dusclops|Pressure\n|turn|5\n|\n|t:|1700232316\n|move|p2a: Heatran|Heat Wave|p1a: Sinistcha|[spread] p1a,p1b\n|-supereffective|p1a: Sinistcha\n|-damage|p1a: Sinistcha|0 fnt\n|-damage|p1b: Dusclops|79\/100\n|faint|p1a: Sinistcha\n|move|p2b: Amoonguss|Spore|p1b: Dusclops\n|-status|p1b: Dusclops|slp|[from] move: Spore\n|cant|p1b: Dusclops|slp\n|\n|-heal|p2a: Heatran|33\/100|[from] item: Leftovers\n|upkeep\n|\n|t:|1700232319\n|switch|p1a: Ursaluna|Ursaluna-Bloodmoon, L50, M|100\/100\n|turn|6\n|\n|t:|1700232330\n|move|p1a: Ursaluna|Protect|p1a: Ursaluna\n|-singleturn|p1a: Ursaluna|Protect\n|move|p2b: Amoonguss|Rage Powder|p2b: Amoonguss\n|-singleturn|p2b: Amoonguss|move: Rage Powder\n|move|p2a: Heatran|Tera Blast|p1a: Ursaluna|[anim] Tera Blast Grass\n|-activate|p1a: Ursaluna|move: Protect\n|-curestatus|p1b: Dusclops|slp|[msg]\n|move|p1b: Dusclops|Trick Room|p1b: Dusclops\n|-fieldstart|move: Trick Room|[of] p1b: Dusclops\n|\n|-heal|p2a: Heatran|39\/100|[from] item: Leftovers\n|upkeep\n|turn|7\n|\n|t:|1700232343\n|move|p2b: Amoonguss|Rage Powder|p2b: Amoonguss\n|-singleturn|p2b: Amoonguss|move: Rage Powder\n|move|p1b: Dusclops|Night Shade|p2b: Amoonguss\n|-damage|p2b: Amoonguss|65\/100\n|move|p1a: Ursaluna|Blood Moon|p2b: Amoonguss\n|-damage|p2b: Amoonguss|0 fnt\n|faint|p2b: Amoonguss\n|move|p2a: Heatran|Tera Blast|p1a: Ursaluna|[anim] Tera Blast Grass\n|-supereffective|p1a: Ursaluna\n|-damage|p1a: Ursaluna|0 fnt\n|faint|p1a: Ursaluna\n|\n|-heal|p2a: Heatran|45\/100|[from] item: Leftovers\n|upkeep\n|-message|TestJay forfeited.\n|\n|win|Volcano0\n|raw|TestJay's rating: 1446 &rarr; <strong>1428<\/strong><br \/>(-18 for losing)\n|raw|Volcano0's rating: 1486 &rarr; <strong>1504<\/strong><br \/>(+18 for winning)\n|c|\u2606TestJay|gg\n","uploadtime":1700232359,"views":25,"p1id":"testjay","p2id":"volcano0","formatid":"gen9vgc2023regulatione","rating":1428,"private":0,"password":""}