{"id":"gen9vgc2023regulatione-1990571992","p1":"taytayla","p2":"Frost314","format":"[Gen 9] VGC 2023 Regulation E","log":"|j|\u2606taytayla\n|j|\u2606Frost314\n|t:|1699982430\n|gametype|doubles\n|player|p1|taytayla|lady|1032\n|player|p2|Frost314|backers|1061\n|teamsize|p1|6\n|teamsize|p2|6\n|gen|9\n|tier|[Gen 9] VGC 2023 Regulation E\n|rated|\n|rule|Species Clause: Limit one of each Pok\u00e9mon\n|rule|Item Clause: Limit one of each item\n|clearpoke\n|poke|p1|Ambipom, L50, F|\n|poke|p1|Ninetales, L50, F|\n|poke|p1|Ogerpon-Hearthflame, L50, F|\n|poke|p1|Great Tusk, L50|\n|poke|p1|Iron Jugulis, L50|\n|poke|p1|Muk, L50, M|\n|poke|p2|Raichu-Alola, L50, F|\n|poke|p2|Piloswine, L50, M|\n|poke|p2|Ninetales-Alola, L50, M|\n|poke|p2|Typhlosion, L50, M|\n|poke|p2|Jumpluff, L50, F|\n|poke|p2|Rillaboom, L50, F|\n|teampreview|4\n|inactive|Battle timer is ON: inactive players will automatically lose when time's up. (requested by Frost314)\n|\n|t:|1699982455\n|start\n|switch|p1a: Ambipom|Ambipom, L50, F|100\/100\n|switch|p1b: Muk|Muk, L50, M|100\/100\n|switch|p2a: Typhlosion|Typhlosion, L50, M|100\/100\n|switch|p2b: Ninetales|Ninetales-Alola, L50, M|100\/100\n|-weather|Snow|[from] ability: Snow Warning|[of] p2b: Ninetales\n|turn|1\n|\n|t:|1699982468\n|move|p1a: Ambipom|Fake Out|p2b: Ninetales\n|-enditem|p1a: Ambipom|Normal Gem|[from] gem\n|-damage|p2b: Ninetales|80\/100\n|cant|p2b: Ninetales|flinch\n|move|p2a: Typhlosion|Stomping Tantrum|p1b: Muk\n|-supereffective|p1b: Muk\n|-damage|p1b: Muk|60\/100\n|-enditem|p1b: Muk|Red Card|[of] p2a: Typhlosion\n|drag|p2a: Piloswine|Piloswine, L50, M|100\/100\n|move|p1b: Muk|Poison Jab|p2b: Ninetales\n|-supereffective|p2b: Ninetales\n|-damage|p2b: Ninetales|8\/100\n|\n|-weather|Snow|[upkeep]\n|-item|p1a: Ambipom|Red Card|[from] ability: Pickup\n|upkeep\n|turn|2\n|\n|t:|1699982492\n|-terastallize|p1b: Muk|Dark\n|move|p1a: Ambipom|Last Resort|p2b: Ninetales\n|-damage|p2b: Ninetales|0 fnt\n|faint|p2b: Ninetales\n|move|p1b: Muk|Knock Off|p2a: Piloswine\n|-damage|p2a: Piloswine|78\/100\n|-status|p2a: Piloswine|psn|[from] ability: Poison Touch|[of] p1b: Muk\n|-enditem|p2a: Piloswine|Eviolite|[from] move: Knock Off|[of] p1b: Muk\n|move|p2a: Piloswine|Stomping Tantrum|p1b: Muk\n|-damage|p1b: Muk|25\/100\n|\n|-weather|Snow|[upkeep]\n|-damage|p2a: Piloswine|66\/100 psn|[from] psn\n|upkeep\n|\n|t:|1699982496\n|switch|p2b: Typhlosion|Typhlosion, L50, M|100\/100\n|turn|3\n|\n|t:|1699982511\n|move|p1a: Ambipom|Last Resort|p2b: Typhlosion\n|-damage|p2b: Typhlosion|23\/100\n|move|p2b: Typhlosion|Brick Break|p1b: Muk\n|-supereffective|p1b: Muk\n|-damage|p1b: Muk|0 fnt\n|faint|p1b: Muk\n|move|p2a: Piloswine|Icicle Crash|p1a: Ambipom\n|-damage|p1a: Ambipom|38\/100\n|-enditem|p1a: Ambipom|Red Card|[of] p2a: Piloswine\n|drag|p2a: Rillaboom|Rillaboom, L50, F|100\/100\n|-fieldstart|move: Grassy Terrain|[from] ability: Grassy Surge|[of] p2a: Rillaboom\n|\n|-weather|Snow|[upkeep]\n|-heal|p1a: Ambipom|44\/100|[from] Grassy Terrain\n|-heal|p2b: Typhlosion|29\/100|[from] Grassy Terrain\n|upkeep\n|\n|t:|1699982524\n|switch|p1b: Ninetales|Ninetales, L50, F|100\/100\n|-weather|SunnyDay|[from] ability: Drought|[of] p1b: Ninetales\n|turn|4\n|\n|t:|1699982532\n|switch|p2b: Piloswine|Piloswine, L50, M|66\/100 psn\n|-terastallize|p2a: Rillaboom|Fighting\n|move|p1b: Ninetales|Protect|p1b: Ninetales\n|-singleturn|p1b: Ninetales|Protect\n|move|p1a: Ambipom|Last Resort|p2b: Piloswine\n|-damage|p2b: Piloswine|0 fnt\n|faint|p2b: Piloswine\n|move|p2a: Rillaboom|Drain Punch|p1a: Ambipom\n|-supereffective|p1a: Ambipom\n|-crit|p1a: Ambipom\n|-damage|p1a: Ambipom|0 fnt\n|faint|p1a: Ambipom\n|\n|-weather|SunnyDay|[upkeep]\n|upkeep\n|\n|t:|1699982542\n|switch|p1a: Ogerpon|Ogerpon-Hearthflame, L50, F|100\/100\n|switch|p2b: Typhlosion|Typhlosion, L50, M|29\/100\n|-ability|p1a: Ogerpon|Mold Breaker\n|turn|5\n|\n|t:|1699982555\n|move|p1a: Ogerpon|Ivy Cudgel|p2b: Typhlosion|[anim] Ivy Cudgel Fire\n|-resisted|p2b: Typhlosion\n|-crit|p2b: Typhlosion\n|-damage|p2b: Typhlosion|0 fnt\n|faint|p2b: Typhlosion\n|move|p1b: Ninetales|Will-O-Wisp|p2a: Rillaboom|[miss]\n|-miss|p1b: Ninetales|p2a: Rillaboom\n|move|p2a: Rillaboom|Drain Punch|p1a: Ogerpon\n|-damage|p1a: Ogerpon|58\/100\n|\n|-weather|SunnyDay|[upkeep]\n|-heal|p1a: Ogerpon|64\/100|[from] Grassy Terrain\n|upkeep\n|turn|6\n|\n|t:|1699982570\n|move|p1a: Ogerpon|Horn Leech|p2a: Rillaboom\n|-damage|p2a: Rillaboom|60\/100\n|-heal|p1a: Ogerpon|91\/100|[from] drain|[of] p2a: Rillaboom\n|move|p1b: Ninetales|Will-O-Wisp|p2a: Rillaboom\n|-status|p2a: Rillaboom|brn\n|move|p2a: Rillaboom|Leech Seed|p1b: Ninetales\n|-start|p1b: Ninetales|move: Leech Seed\n|\n|-weather|SunnyDay|[upkeep]\n|-heal|p1a: Ogerpon|97\/100|[from] Grassy Terrain\n|-heal|p2a: Rillaboom|66\/100 brn|[from] Grassy Terrain\n|-damage|p1b: Ninetales|88\/100|[from] Leech Seed|[of] p2a: Rillaboom\n|-heal|p2a: Rillaboom|76\/100 brn|[silent]\n|-damage|p2a: Rillaboom|71\/100 brn|[from] brn\n|upkeep\n|turn|7\n|\n|t:|1699982584\n|move|p2a: Rillaboom|Protect|p2a: Rillaboom\n|-singleturn|p2a: Rillaboom|Protect\n|move|p1a: Ogerpon|Ivy Cudgel|p2a: Rillaboom|[anim] Ivy Cudgel Fire\n|-activate|p2a: Rillaboom|move: Protect\n|move|p1b: Ninetales|Heat Wave|p2a: Rillaboom\n|-activate|p2a: Rillaboom|move: Protect\n|\n|-weather|SunnyDay|[upkeep]\n|-heal|p1a: Ogerpon|100\/100|[from] Grassy Terrain\n|-heal|p1b: Ninetales|94\/100|[from] Grassy Terrain\n|-heal|p2a: Rillaboom|76\/100 brn|[from] Grassy Terrain\n|-damage|p1b: Ninetales|82\/100|[from] Leech Seed|[of] p2a: Rillaboom\n|-heal|p2a: Rillaboom|87\/100 brn|[silent]\n|-damage|p2a: Rillaboom|81\/100 brn|[from] brn\n|-fieldend|move: Grassy Terrain\n|upkeep\n|turn|8\n|\n|t:|1699982594\n|move|p1a: Ogerpon|Ivy Cudgel|p2a: Rillaboom|[anim] Ivy Cudgel Fire\n|-damage|p2a: Rillaboom|25\/100 brn\n|move|p1b: Ninetales|Heat Wave|p2a: Rillaboom\n|-damage|p2a: Rillaboom|0 fnt\n|faint|p2a: Rillaboom\n|\n|win|taytayla\n|raw|taytayla's rating: 1032 &rarr; <strong>1070<\/strong><br \/>(+38 for winning)\n|raw|Frost314's rating: 1061 &rarr; <strong>1040<\/strong><br \/>(-21 for losing)\n|l|\u2606Frost314\n","uploadtime":1699982631,"views":20,"p1id":"taytayla","p2id":"frost314","formatid":"gen9vgc2023regulatione","rating":1040,"private":0,"password":""}