{"id":"gen9vgc2023regulatione-1987906139","p1":"TheNamesTy45","p2":"QrdeJegoMac","format":"[Gen 9] VGC 2023 Regulation E","log":"|j|\u2606TheNamesTy45\n|j|\u2606QrdeJegoMac\n|t:|1699647868\n|gametype|doubles\n|player|p1|TheNamesTy45|101|1552\n|player|p2|QrdeJegoMac|102|1583\n|teamsize|p1|6\n|teamsize|p2|6\n|gen|9\n|tier|[Gen 9] VGC 2023 Regulation E\n|rated|\n|rule|Species Clause: Limit one of each Pok\u00e9mon\n|rule|Item Clause: Limit one of each item\n|clearpoke\n|poke|p1|Umbreon, L50, M|\n|poke|p1|Gengar, L50, M|\n|poke|p1|Ceruledge, L50, M|\n|poke|p1|Thundurus-Therian, L50, M|\n|poke|p1|Articuno-Galar, L50|\n|poke|p1|Breloom, L50, M|\n|poke|p2|Ogerpon-Hearthflame, L50, F|\n|poke|p2|Urshifu-*, L50, F|\n|poke|p2|Tornadus, L50, M|\n|poke|p2|Landorus-Therian, L50, M|\n|poke|p2|Flutter Mane, L50|\n|poke|p2|Kingambit, L50, M|\n|teampreview|4\n|inactive|Battle timer is ON: inactive players will automatically lose when time's up. (requested by QrdeJegoMac)\n|\n|t:|1699647895\n|start\n|switch|p1a: Articuno|Articuno-Galar, L50|100\/100\n|switch|p1b: Thundurus|Thundurus-Therian, L50, M|100\/100\n|switch|p2a: Flutter Mane|Flutter Mane, L50|100\/100\n|switch|p2b: Ogerpon|Ogerpon-Hearthflame, L50, F|100\/100\n|-ability|p2b: Ogerpon|Mold Breaker\n|turn|1\n|\n|t:|1699647913\n|-terastallize|p1a: Articuno|Steel\n|move|p1b: Thundurus|Protect|p1b: Thundurus\n|-singleturn|p1b: Thundurus|Protect\n|move|p2a: Flutter Mane|Shadow Ball|p1a: Articuno\n|-damage|p1a: Articuno|47\/100\n|move|p2b: Ogerpon|Ivy Cudgel|p1a: Articuno\n|-supereffective|p1a: Articuno\n|-damage|p1a: Articuno|0 fnt\n|faint|p1a: Articuno\n|\n|upkeep\n|\n|t:|1699647920\n|switch|p1a: Ceruledge|Ceruledge, L50, M|100\/100\n|turn|2\n|\n|t:|1699647926\n|move|p2b: Ogerpon|Follow Me|p2b: Ogerpon\n|-singleturn|p2b: Ogerpon|move: Follow Me\n|move|p1a: Ceruledge|Shadow Sneak|p2b: Ogerpon\n|-damage|p2b: Ogerpon|81\/100\n|move|p2a: Flutter Mane|Shadow Ball|p1a: Ceruledge\n|-supereffective|p1a: Ceruledge\n|-damage|p1a: Ceruledge|0 fnt\n|faint|p1a: Ceruledge\n|move|p1b: Thundurus|Sludge Bomb|p2b: Ogerpon\n|-supereffective|p2b: Ogerpon\n|-damage|p2b: Ogerpon|0 fnt\n|faint|p2b: Ogerpon\n|-damage|p1b: Thundurus|91\/100|[from] item: Life Orb\n|\n|upkeep\n|\n|t:|1699647938\n|switch|p1a: Breloom|Breloom, L50, M|100\/100\n|switch|p2b: Kingambit|Kingambit, L50, M, shiny|100\/100\n|turn|3\n|\n|t:|1699647946\n|switch|p2b: Urshifu|Urshifu-Rapid-Strike, L50, F|100\/100\n|move|p2a: Flutter Mane|Shadow Ball|p1a: Breloom\n|-enditem|p1a: Breloom|Focus Sash\n|-damage|p1a: Breloom|1\/100\n|move|p1b: Thundurus|Wildbolt Storm|p2b: Urshifu|[spread] p2a,p2b\n|-supereffective|p2b: Urshifu\n|-damage|p2a: Flutter Mane|43\/100\n|-enditem|p2b: Urshifu|Focus Sash\n|-damage|p2b: Urshifu|1\/100\n|-damage|p1b: Thundurus|81\/100|[from] item: Life Orb\n|move|p1a: Breloom|Spore|p2a: Flutter Mane\n|-status|p2a: Flutter Mane|slp|[from] move: Spore\n|\n|upkeep\n|turn|4\n|\n|t:|1699647958\n|move|p2b: Urshifu|Protect|p2b: Urshifu\n|-singleturn|p2b: Urshifu|Protect\n|move|p1a: Breloom|Mach Punch|p2b: Urshifu\n|-activate|p2b: Urshifu|move: Protect\n|cant|p2a: Flutter Mane|slp\n|move|p1b: Thundurus|Wildbolt Storm|p2a: Flutter Mane|[spread] p2a\n|-activate|p2b: Urshifu|move: Protect\n|-damage|p2a: Flutter Mane|0 fnt\n|faint|p2a: Flutter Mane\n|-end|p2a: Flutter Mane|Protosynthesis|[silent]\n|-damage|p1b: Thundurus|71\/100|[from] item: Life Orb\n|\n|upkeep\n|\n|t:|1699647961\n|switch|p2a: Kingambit|Kingambit, L50, M, shiny|100\/100\n|turn|5\n|\n|t:|1699647979\n|move|p2b: Urshifu|Aqua Jet|p1a: Breloom\n|-resisted|p1a: Breloom\n|-damage|p1a: Breloom|0 fnt\n|faint|p1a: Breloom\n|move|p1b: Thundurus|Wildbolt Storm|p2a: Kingambit|[spread] p2a,p2b\n|-supereffective|p2b: Urshifu\n|-crit|p2b: Urshifu\n|-damage|p2a: Kingambit|43\/100\n|-damage|p2b: Urshifu|0 fnt\n|faint|p2b: Urshifu\n|-damage|p1b: Thundurus|62\/100|[from] item: Life Orb\n|move|p2a: Kingambit|Swords Dance|p2a: Kingambit\n|-boost|p2a: Kingambit|atk|2\n|\n|upkeep\n|turn|6\n|\n|t:|1699647988\n|move|p1b: Thundurus|Protect|p1b: Thundurus\n|-singleturn|p1b: Thundurus|Protect\n|move|p2a: Kingambit|Protect||[still]\n|-fail|p2a: Kingambit\n|\n|upkeep\n|turn|7\n|\n|t:|1699647999\n|-terastallize|p2a: Kingambit|Dark\n|move|p2a: Kingambit|Sucker Punch|p1b: Thundurus\n|-damage|p1b: Thundurus|0 fnt\n|faint|p1b: Thundurus\n|\n|win|QrdeJegoMac\n|raw|TheNamesTy45's rating: 1552 &rarr; <strong>1534<\/strong><br \/>(-18 for losing)\n|raw|QrdeJegoMac's rating: 1583 &rarr; <strong>1601<\/strong><br \/>(+18 for winning)\n|l|\u2606TheNamesTy45\n","uploadtime":1699648010,"views":13,"p1id":"thenamesty45","p2id":"qrdejegomac","formatid":"gen9vgc2023regulatione","rating":1534,"private":0,"password":""}