{"id":"gen9vgc2023regulatione-1995436493","p1":"luk29powavgcwp","p2":"iwantalasaga","format":"[Gen 9] VGC 2023 Regulation E","log":"|j|\u2606luk29powavgcwp\n|j|\u2606iwantalasaga\n|t:|1700570578\n|gametype|doubles\n|player|p1|luk29powavgcwp|102|1072\n|player|p2|iwantalasaga|1|1009\n|teamsize|p1|6\n|teamsize|p2|6\n|gen|9\n|tier|[Gen 9] VGC 2023 Regulation E\n|rated|\n|rule|Species Clause: Limit one of each Pok\u00e9mon\n|rule|Item Clause: Limit one of each item\n|clearpoke\n|poke|p1|Grimmsnarl, L50, M|\n|poke|p1|Okidogi, L50, M|\n|poke|p1|Flutter Mane, L50|\n|poke|p1|Urshifu-*, L50, F|\n|poke|p1|Ogerpon-Hearthflame, L50, F|\n|poke|p1|Arcanine-Hisui, L50, F|\n|poke|p2|Roaring Moon, L50|\n|poke|p2|Milotic, L50, M|\n|poke|p2|Landorus-Therian, L50, M|\n|poke|p2|Flutter Mane, L50|\n|poke|p2|Iron Hands, L50|\n|poke|p2|Ogerpon-Hearthflame, L50, F|\n|teampreview|4\n|inactive|Battle timer is ON: inactive players will automatically lose when time's up. (requested by iwantalasaga)\n|\n|t:|1700570640\n|start\n|switch|p1a: Okidogi|Okidogi, L50, M|100\/100\n|switch|p1b: Flutter Mane|Flutter Mane, L50|100\/100\n|switch|p2a: Iron Hands|Iron Hands, L50|100\/100\n|switch|p2b: Landorus|Landorus-Therian, L50, M|100\/100\n|-ability|p2b: Landorus|Intimidate|boost\n|-ability|p1a: Okidogi|Guard Dog|boost\n|-boost|p1a: Okidogi|atk|1\n|-unboost|p1b: Flutter Mane|atk|1\n|turn|1\n|\n|t:|1700570664\n|-end|p1b: Flutter Mane|Protosynthesis|[silent]\n|switch|p1b: Arcanine|Arcanine-Hisui, L50, F|100\/100\n|-ability|p1b: Arcanine|Intimidate|boost\n|-unboost|p2a: Iron Hands|atk|1\n|-unboost|p2b: Landorus|atk|1\n|move|p1a: Okidogi|Protect|p1a: Okidogi\n|-singleturn|p1a: Okidogi|Protect\n|move|p2a: Iron Hands|Fake Out|p1a: Okidogi\n|-activate|p1a: Okidogi|move: Protect\n|move|p2b: Landorus|Rock Slide|p1b: Arcanine|[spread] p1b\n|-activate|p1a: Okidogi|move: Protect\n|-supereffective|p1b: Arcanine\n|-damage|p1b: Arcanine|68\/100\n|\n|upkeep\n|turn|2\n|inactive|luk29powavgcwp has 30 seconds left.\n|\n|t:|1700570697\n|switch|p2b: Ogerpon|Ogerpon-Hearthflame, L50, F|100\/100\n|-ability|p2b: Ogerpon|Mold Breaker\n|switch|p1b: Ogerpon|Ogerpon-Hearthflame, L50, F|100\/100\n|-ability|p1b: Ogerpon|Mold Breaker\n|-end|p2a: Iron Hands|Quark Drive|[silent]\n|switch|p2a: Flutter Mane|Flutter Mane, L50|100\/100\n|move|p1a: Okidogi|Bulk Up|p1a: Okidogi\n|-boost|p1a: Okidogi|atk|1\n|-boost|p1a: Okidogi|def|1\n|\n|upkeep\n|turn|3\n|inactive|luk29powavgcwp has 30 seconds left.\n|inactive|iwantalasaga has 30 seconds left.\n|inactive|luk29powavgcwp has 20 seconds left.\n|\n|t:|1700570732\n|-terastallize|p1b: Ogerpon|Fire\n|detailschange|p1b: Ogerpon|Ogerpon-Hearthflame-Tera, L50, F, tera:Fire\n|-ability|p1b: Ogerpon|Embody Aspect (Hearthflame)|boost\n|-boost|p1b: Ogerpon|atk|1\n|move|p2b: Ogerpon|Spiky Shield|p2b: Ogerpon\n|-singleturn|p2b: Ogerpon|move: Protect\n|move|p1a: Okidogi|Protect|p1a: Okidogi\n|-singleturn|p1a: Okidogi|Protect\n|move|p2a: Flutter Mane|Moonblast|p1a: Okidogi\n|-activate|p1a: Okidogi|move: Protect\n|move|p1b: Ogerpon|Ivy Cudgel|p2a: Flutter Mane|[anim] Ivy Cudgel Fire\n|-damage|p2a: Flutter Mane|0 fnt\n|faint|p2a: Flutter Mane\n|-end|p2a: Flutter Mane|Protosynthesis|[silent]\n|\n|upkeep\n|\n|t:|1700570746\n|switch|p2a: Landorus|Landorus-Therian, L50, M|100\/100\n|-ability|p2a: Landorus|Intimidate|boost\n|-ability|p1a: Okidogi|Guard Dog|boost\n|-boost|p1a: Okidogi|atk|1\n|-unboost|p1b: Ogerpon|atk|1\n|turn|4\n|\n|t:|1700570771\n|switch|p1b: Arcanine|Arcanine-Hisui, L50, F|68\/100\n|-ability|p1b: Arcanine|Intimidate|boost\n|-unboost|p2a: Landorus|atk|1\n|-unboost|p2b: Ogerpon|atk|1\n|move|p2b: Ogerpon|Follow Me|p2b: Ogerpon\n|-singleturn|p2b: Ogerpon|move: Follow Me\n|move|p2a: Landorus|Earthquake|p1b: Arcanine|[spread] p2b,p1a,p1b\n|-supereffective|p1a: Okidogi\n|-supereffective|p1b: Arcanine\n|-damage|p2b: Ogerpon|68\/100\n|-damage|p1a: Okidogi|69\/100\n|-damage|p1b: Arcanine|0 fnt\n|faint|p1b: Arcanine\n|move|p1a: Okidogi|Knock Off|p2b: Ogerpon\n|-damage|p2b: Ogerpon|7\/100\n|\n|-heal|p1a: Okidogi|75\/100|[from] item: Leftovers\n|upkeep\n|\n|t:|1700570791\n|switch|p1b: Flutter Mane|Flutter Mane, L50|100\/100\n|turn|5\n|\n|t:|1700570812\n|switch|p2b: Iron Hands|Iron Hands, L50|100\/100\n|move|p2a: Landorus|Earthquake|p1a: Okidogi|[spread] p2b,p1a,p1b\n|-supereffective|p2b: Iron Hands\n|-supereffective|p1a: Okidogi\n|-damage|p2b: Iron Hands|65\/100\n|-damage|p1a: Okidogi|46\/100\n|-damage|p1b: Flutter Mane|65\/100\n|move|p1b: Flutter Mane|Dazzling Gleam|p2a: Landorus|[spread] p2a,p2b\n|-crit|p2a: Landorus\n|-supereffective|p2b: Iron Hands\n|-damage|p2a: Landorus|18\/100\n|-damage|p2b: Iron Hands|23\/100\n|move|p1a: Okidogi|Knock Off|p2a: Landorus\n|-damage|p2a: Landorus|0 fnt\n|-enditem|p2a: Landorus|Choice Scarf|[from] move: Knock Off|[of] p1a: Okidogi\n|faint|p2a: Landorus\n|\n|-heal|p1a: Okidogi|53\/100|[from] item: Leftovers\n|upkeep\n|\n|t:|1700570823\n|switch|p2a: Ogerpon|Ogerpon-Hearthflame, L50, F|7\/100\n|-ability|p2a: Ogerpon|Mold Breaker\n|turn|6\n|inactive|iwantalasaga has 30 seconds left.\n|\n|t:|1700570849\n|-terastallize|p2a: Ogerpon|Fire\n|detailschange|p2a: Ogerpon|Ogerpon-Hearthflame-Tera, L50, F, tera:Fire\n|-ability|p2a: Ogerpon|Embody Aspect (Hearthflame)|boost\n|-boost|p2a: Ogerpon|atk|1\n|move|p2a: Ogerpon|Spiky Shield|p2a: Ogerpon\n|-singleturn|p2a: Ogerpon|move: Protect\n|move|p1a: Okidogi|Protect|p1a: Okidogi\n|-singleturn|p1a: Okidogi|Protect\n|move|p2b: Iron Hands|Fake Out|p1a: Okidogi\n|-activate|p1a: Okidogi|move: Protect\n|move|p1b: Flutter Mane|Dazzling Gleam|p2a: Ogerpon|[spread] p2b\n|-activate|p2a: Ogerpon|move: Protect\n|-supereffective|p2b: Iron Hands\n|-damage|p2b: Iron Hands|0 fnt\n|faint|p2b: Iron Hands\n|-end|p2b: Iron Hands|Quark Drive|[silent]\n|\n|-heal|p1a: Okidogi|59\/100|[from] item: Leftovers\n|upkeep\n|turn|7\n|-message|iwantalasaga forfeited.\n|\n|win|luk29powavgcwp\n|raw|luk29powavgcwp's rating: 1072 &rarr; <strong>1096<\/strong><br \/>(+24 for winning)\n|raw|iwantalasaga's rating: 1009 &rarr; <strong>1000<\/strong><br \/>(-9 for losing)\n|l|\u2606iwantalasaga\n","uploadtime":1700570872,"views":7,"p1id":"luk29powavgcwp","p2id":"iwantalasaga","formatid":"gen9vgc2023regulatione","rating":1000,"private":0,"password":""}