{"id":"gen9vgc2023regulatione-1990808419","p1":"KumpelYD","p2":"a golduck","format":"[Gen 9] VGC 2023 Regulation E","log":"|j|\u2606KumpelYD\n|j|\u2606a golduck\n|t:|1700002948\n|gametype|doubles\n|player|p1|KumpelYD|volkner|1372\n|player|p2|a golduck|266|1474\n|teamsize|p1|6\n|teamsize|p2|6\n|gen|9\n|tier|[Gen 9] VGC 2023 Regulation E\n|rated|\n|rule|Species Clause: Limit one of each Pok\u00e9mon\n|rule|Item Clause: Limit one of each item\n|clearpoke\n|poke|p1|Arcanine, L50, M|\n|poke|p1|Cresselia, L50, F|\n|poke|p1|Ogerpon-Wellspring, L50, F|\n|poke|p1|Ting-Lu, L50|\n|poke|p1|Flutter Mane, L50|\n|poke|p1|Iron Hands, L50|\n|poke|p2|Indeedee-F, L50, F|\n|poke|p2|Sneasler, L50, F|\n|poke|p2|Armarouge, L50, M|\n|poke|p2|Iron Bundle, L50|\n|poke|p2|Annihilape, L50, M|\n|poke|p2|Roaring Moon, L50|\n|teampreview|4\n|inactive|Battle timer is ON: inactive players will automatically lose when time's up. (requested by KumpelYD)\n|\n|t:|1700002977\n|start\n|switch|p1a: Cresselia|Cresselia, L50, F|100\/100\n|switch|p1b: Ogerpon|Ogerpon-Wellspring, L50, F|100\/100\n|switch|p2a: Armarouge|Armarouge, L50, M|100\/100\n|switch|p2b: Iron Bundle|Iron Bundle, L50|100\/100\n|turn|1\n|inactive|a golduck has 30 seconds left.\n|\n|t:|1700003010\n|move|p1b: Ogerpon|Follow Me|p1b: Ogerpon\n|-singleturn|p1b: Ogerpon|move: Follow Me\n|move|p2b: Iron Bundle|Flip Turn|p1b: Ogerpon\n|-immune|p1b: Ogerpon|[from] ability: Water Absorb\n|move|p2a: Armarouge|Expanding Force|p1b: Ogerpon\n|-damage|p1b: Ogerpon|49\/100\n|move|p1a: Cresselia|Trick Room|p1a: Cresselia\n|-fieldstart|move: Trick Room|[of] p1a: Cresselia\n|\n|upkeep\n|turn|2\n|\n|t:|1700003031\n|-end|p2b: Iron Bundle|Quark Drive|[silent]\n|switch|p2b: Indeedee|Indeedee-F, L50, F|100\/100\n|-fieldstart|move: Psychic Terrain|[from] ability: Psychic Surge|[of] p2b: Indeedee\n|-terastallize|p2a: Armarouge|Grass\n|move|p1a: Cresselia|Lunar Blessing|p1a: Cresselia|[spread] p1a,p1b\n|-heal|p1b: Ogerpon|74\/100\n|move|p2a: Armarouge|Expanding Force|p1b: Ogerpon|[spread] p1a,p1b\n|-resisted|p1a: Cresselia\n|-damage|p1a: Cresselia|81\/100\n|-damage|p1b: Ogerpon|1\/100\n|move|p1b: Ogerpon|Ivy Cudgel|p2a: Armarouge|[anim] Ivy Cudgel Water\n|-resisted|p2a: Armarouge\n|-damage|p2a: Armarouge|65\/100\n|-ability|p2a: Armarouge|Weak Armor|boost\n|-unboost|p2a: Armarouge|def|1\n|-boost|p2a: Armarouge|spe|2\n|\n|upkeep\n|turn|3\n|inactive|KumpelYD has 30 seconds left.\n|\n|t:|1700003064\n|switch|p1b: Ting-Lu|Ting-Lu, L50|100\/100\n|-ability|p1b: Ting-Lu|Vessel of Ruin\n|move|p1a: Cresselia|Lunar Blessing|p1a: Cresselia|[spread] p1a,p1b\n|-heal|p1a: Cresselia|100\/100\n|move|p2b: Indeedee|Psyshock|p1b: Ting-Lu\n|-immune|p1b: Ting-Lu\n|move|p2a: Armarouge|Expanding Force|p1a: Cresselia|[spread] p1a\n|-immune|p1b: Ting-Lu\n|-resisted|p1a: Cresselia\n|-damage|p1a: Cresselia|85\/100\n|\n|upkeep\n|turn|4\n|inactive|a golduck has 30 seconds left.\n|inactive|a golduck has 20 seconds left.\n|inactive|a golduck has 15 seconds left.\n|\n|t:|1700003104\n|switch|p2a: Iron Bundle|Iron Bundle, L50|100\/100\n|move|p2b: Indeedee|Protect|p2b: Indeedee\n|-singleturn|p2b: Indeedee|Protect\n|move|p1b: Ting-Lu|Fissure|p2b: Indeedee\n|-activate|p2b: Indeedee|move: Protect\n|move|p1a: Cresselia|Psychic|p2a: Iron Bundle\n|-damage|p2a: Iron Bundle|66\/100\n|\n|upkeep\n|turn|5\n|\n|t:|1700003118\n|move|p2b: Indeedee|Helping Hand|p2a: Iron Bundle\n|-singleturn|p2a: Iron Bundle|Helping Hand|[of] p2b: Indeedee\n|move|p1b: Ting-Lu|Fissure|p2b: Indeedee\n|-damage|p2b: Indeedee|0 fnt\n|faint|p2b: Indeedee\n|-ohko\n|move|p1a: Cresselia|Psychic|p2a: Iron Bundle\n|-damage|p2a: Iron Bundle|30\/100\n|move|p2a: Iron Bundle|Hydro Pump|p1b: Ting-Lu\n|-supereffective|p1b: Ting-Lu\n|-damage|p1b: Ting-Lu|35\/100\n|\n|-fieldend|move: Trick Room\n|upkeep\n|\n|t:|1700003132\n|switch|p2b: Armarouge|Armarouge, L50, M, tera:Grass|65\/100\n|turn|6\n|\n|t:|1700003144\n|switch|p1b: Ogerpon|Ogerpon-Wellspring, L50, F|1\/100\n|move|p2a: Iron Bundle|Flip Turn|p2b: Armarouge\n|-resisted|p2b: Armarouge\n|-damage|p2b: Armarouge|57\/100\n|-ability|p2b: Armarouge|Weak Armor|boost\n|-unboost|p2b: Armarouge|def|1\n|-boost|p2b: Armarouge|spe|2\n|\n|t:|1700003151\n|-end|p2a: Iron Bundle|Quark Drive|[silent]\n|switch|p2a: Sneasler|Sneasler, L50, F|100\/100|[from] Flip Turn\n|-enditem|p2a: Sneasler|Psychic Seed\n|-boost|p2a: Sneasler|spd|1|[from] item: Psychic Seed\n|move|p2b: Armarouge|Armor Cannon|p1a: Cresselia\n|-damage|p1a: Cresselia|38\/100\n|-unboost|p2b: Armarouge|def|1\n|-unboost|p2b: Armarouge|spd|1\n|move|p1a: Cresselia|Trick Room|p1a: Cresselia\n|-fieldstart|move: Trick Room|[of] p1a: Cresselia\n|\n|-fieldend|move: Psychic Terrain\n|upkeep\n|turn|7\n|\n|t:|1700003167\n|move|p2b: Armarouge|Endure|p2b: Armarouge\n|-singleturn|p2b: Armarouge|move: Endure\n|move|p1a: Cresselia|Psychic|p2a: Sneasler\n|-supereffective|p2a: Sneasler\n|-damage|p2a: Sneasler|8\/100\n|move|p1b: Ogerpon|Ivy Cudgel|p2b: Armarouge|[anim] Ivy Cudgel Water\n|-resisted|p2b: Armarouge\n|-activate|p2b: Armarouge|move: Endure\n|-damage|p2b: Armarouge|1\/100\n|-ability|p2b: Armarouge|Weak Armor|boost\n|-unboost|p2b: Armarouge|def|1\n|-boost|p2b: Armarouge|spe|2\n|move|p2a: Sneasler|Rock Slide|p1b: Ogerpon|[spread] p1a,p1b\n|-damage|p1a: Cresselia|26\/100\n|-damage|p1b: Ogerpon|0 fnt\n|faint|p1b: Ogerpon\n|\n|upkeep\n|\n|t:|1700003179\n|switch|p1b: Flutter Mane|Flutter Mane, L50|100\/100\n|turn|8\n|-message|a golduck forfeited.\n|\n|win|KumpelYD\n|raw|KumpelYD's rating: 1372 &rarr; <strong>1398<\/strong><br \/>(+26 for winning)\n|raw|a golduck's rating: 1474 &rarr; <strong>1448<\/strong><br \/>(-26 for losing)\n|l|\u2606a golduck\n","uploadtime":1700003207,"views":35,"p1id":"kumpelyd","p2id":"agolduck","formatid":"gen9vgc2023regulatione","rating":1398,"private":0,"password":""}