{"id":"gen9vgc2023regulatione-1993083512","p1":"JakeStewart400","p2":"idolhunter28273","format":"[Gen 9] VGC 2023 Regulation E","log":"|j|\u2606JakeStewart400\n|j|\u2606idolhunter28273\n|t:|1700262827\n|gametype|doubles\n|player|p1|JakeStewart400|hilbert-wonderlauncher|\n|player|p2|idolhunter28273|266|\n|teamsize|p1|6\n|teamsize|p2|6\n|gen|9\n|tier|[Gen 9] VGC 2023 Regulation E\n|rule|Species Clause: Limit one of each Pok\u00e9mon\n|rule|Item Clause: Limit one of each item\n|clearpoke\n|poke|p1|Ogerpon-Hearthflame, L50, F|\n|poke|p1|Landorus-Therian, L50, M|\n|poke|p1|Fezandipiti, L50, M|\n|poke|p1|Magnezone, L50|\n|poke|p1|Spiritomb, L50, F|\n|poke|p1|Toxapex, L50, F|\n|poke|p2|Enamorus-Therian, L50, F|\n|poke|p2|Mandibuzz, L50, F|\n|poke|p2|Cresselia, L50, F|\n|poke|p2|Ursaluna, L50, F|\n|poke|p2|Medicham, L50, M|\n|poke|p2|Zoroark, L50, M|\n|teampreview|4\n|inactive|Battle timer is ON: inactive players will automatically lose when time's up. (requested by JakeStewart400)\nidolhunter28273 rejected open team sheets.\n|inactiveoff|Battle timer is now OFF.\n|c|\u2606idolhunter28273|glhf g2\n|c|\u2606JakeStewart400|glhf!\n|j| OmegaAlpha01\n|\n|t:|1700262879\n|start\n|switch|p1a: Spiritomb|Spiritomb, L50, F|100\/100\n|switch|p1b: Ogerpon|Ogerpon-Hearthflame, L50, F|100\/100\n|switch|p2a: Mandibuzz|Mandibuzz, L50, F|100\/100\n|switch|p2b: Cresselia|Cresselia, L50, F|100\/100\n|-ability|p1b: Ogerpon|Mold Breaker\n|-ability|p1a: Spiritomb|Pressure\n|-item|p1a: Spiritomb|Air Balloon\n|turn|1\n|\n|t:|1700262910\n|-terastallize|p1b: Ogerpon|Fire\n|detailschange|p1b: Ogerpon|Ogerpon-Hearthflame-Tera, L50, F, tera:Fire\n|-ability|p1b: Ogerpon|Embody Aspect (Hearthflame)|boost\n|-boost|p1b: Ogerpon|atk|1\n|move|p1b: Ogerpon|Ivy Cudgel|p2a: Mandibuzz|[anim] Ivy Cudgel Fire\n|-damage|p2a: Mandibuzz|33\/100\n|move|p2b: Cresselia|Night Daze|p1b: Ogerpon\n|-damage|p1b: Ogerpon|20\/100\n|-unboost|p1b: Ogerpon|accuracy|1\n|move|p2a: Mandibuzz|Tailwind|p2a: Mandibuzz\n|-sidestart|p2: idolhunter28273|move: Tailwind\n|move|p1a: Spiritomb|Imprison|p1a: Spiritomb\n|-start|p1a: Spiritomb|move: Imprison\n|\n|upkeep\n|turn|2\n|\n|t:|1700262989\n|switch|p1b: Magnezone|Magnezone, L50|100\/100\n|move|p2b: Cresselia|Night Daze|p1a: Spiritomb\n|-damage|p1a: Spiritomb|56\/100\n|-enditem|p1a: Spiritomb|Air Balloon\n|move|p2a: Mandibuzz|Brave Bird|p1b: Magnezone\n|-resisted|p1b: Magnezone\n|-damage|p1b: Magnezone|94\/100\n|-damage|p2a: Mandibuzz|31\/100|[from] Recoil\n|move|p1a: Spiritomb|Foul Play|p2b: Cresselia\n|-resisted|p2b: Cresselia\n|-crit|p2b: Cresselia\n|-damage|p2b: Cresselia|56\/100\n|replace|p2b: Zoroark|Zoroark, L50, M\n|-end|p2b: Zoroark|Illusion\n|\n|upkeep\n|turn|3\n|\n|t:|1700263024\n|move|p1a: Spiritomb|Protect|p1a: Spiritomb\n|-singleturn|p1a: Spiritomb|Protect\n|move|p2b: Zoroark|Night Daze|p1b: Magnezone\n|-damage|p1b: Magnezone|23\/100\n|-unboost|p1b: Magnezone|accuracy|1\n|move|p2a: Mandibuzz|Roost|p2a: Mandibuzz\n|-heal|p2a: Mandibuzz|82\/100\n|-singleturn|p2a: Mandibuzz|move: Roost\n|move|p1b: Magnezone|Thunderbolt|p2b: Zoroark\n|-damage|p2b: Zoroark|0 fnt\n|faint|p2b: Zoroark\n|\n|upkeep\n|\n|t:|1700263041\n|switch|p2b: Enamorus|Enamorus-Therian, L50, F|100\/100\n|turn|4\n|\n|t:|1700263066\n|move|p2a: Mandibuzz|Brave Bird|p1b: Magnezone\n|-resisted|p1b: Magnezone\n|-damage|p1b: Magnezone|16\/100\n|-damage|p2a: Mandibuzz|80\/100|[from] Recoil\n|move|p2b: Enamorus|Moonblast|p1a: Spiritomb\n|-supereffective|p1a: Spiritomb\n|-damage|p1a: Spiritomb|0 fnt\n|faint|p1a: Spiritomb\n|-damage|p2b: Enamorus|91\/100|[from] item: Life Orb\n|move|p1b: Magnezone|Thunderbolt|p2a: Mandibuzz|[miss]\n|-miss|p1b: Magnezone|p2a: Mandibuzz\n|\n|-sideend|p2: idolhunter28273|move: Tailwind\n|upkeep\n|\n|t:|1700263079\n|switch|p1a: Landorus|Landorus-Therian, L50, M, shiny|100\/100\n|-ability|p1a: Landorus|Intimidate|boost\n|-unboost|p2a: Mandibuzz|atk|1\n|-unboost|p2b: Enamorus|atk|1\n|turn|5\n|j| 5wamp\n|l| 5wamp\n|\n|t:|1700263090\n|-terastallize|p2a: Mandibuzz|Dragon\n|move|p2b: Enamorus|Protect|p2b: Enamorus\n|-singleturn|p2b: Enamorus|Protect\n|move|p1a: Landorus|Rock Slide|p2a: Mandibuzz|[spread] p2a\n|-activate|p2b: Enamorus|move: Protect\n|-damage|p2a: Mandibuzz|67\/100\n|move|p2a: Mandibuzz|Tailwind|p2a: Mandibuzz\n|-sidestart|p2: idolhunter28273|move: Tailwind\n|move|p1b: Magnezone|Thunderbolt|p2a: Mandibuzz\n|-resisted|p2a: Mandibuzz\n|-damage|p2a: Mandibuzz|42\/100\n|\n|upkeep\n|turn|6\n|\n|t:|1700263110\n|move|p2a: Mandibuzz|Foul Play|p1a: Landorus\n|-damage|p1a: Landorus|42\/100\n|move|p2b: Enamorus|Earth Power|p1b: Magnezone\n|-supereffective|p1b: Magnezone\n|-crit|p1b: Magnezone\n|-damage|p1b: Magnezone|0 fnt\n|faint|p1b: Magnezone\n|-damage|p2b: Enamorus|82\/100|[from] item: Life Orb\n|move|p1a: Landorus|Rock Slide|p2b: Enamorus|[spread] p2a,p2b\n|-supereffective|p2b: Enamorus\n|-damage|p2a: Mandibuzz|30\/100\n|-damage|p2b: Enamorus|39\/100\n|\n|upkeep\n|j| 5wamp\n|\n|t:|1700263121\n|switch|p1b: Ogerpon|Ogerpon-Hearthflame-Tera, L50, F, tera:Fire|20\/100\n|-ability|p1b: Ogerpon|Embody Aspect (Hearthflame)|boost\n|-boost|p1b: Ogerpon|atk|1\n|turn|7\n|\n|t:|1700263152\n|move|p2b: Enamorus|Protect|p2b: Enamorus\n|-singleturn|p2b: Enamorus|Protect\n|move|p1b: Ogerpon|Spiky Shield|p1b: Ogerpon\n|-singleturn|p1b: Ogerpon|move: Protect\n|move|p2a: Mandibuzz|Foul Play|p1a: Landorus\n|-damage|p1a: Landorus|0 fnt\n|faint|p1a: Landorus\n|\n|upkeep\n|turn|8\n|\n|t:|1700263164\n|move|p1b: Ogerpon|Spiky Shield|p1b: Ogerpon\n|-singleturn|p1b: Ogerpon|move: Protect\n|move|p2a: Mandibuzz|Foul Play|p1b: Ogerpon\n|-activate|p1b: Ogerpon|move: Protect\n|-damage|p2a: Mandibuzz|17\/100|[from] Spiky Shield|[of] p1b: Ogerpon\n|move|p2b: Enamorus|Earth Power|p1b: Ogerpon\n|-activate|p1b: Ogerpon|move: Protect\n|\n|-sideend|p2: idolhunter28273|move: Tailwind\n|upkeep\n|turn|9\n|j| amlodude\n|\n|t:|1700263176\n|move|p1b: Ogerpon|Ivy Cudgel|p2b: Enamorus|[anim] Ivy Cudgel Fire\n|-damage|p2b: Enamorus|0 fnt\n|faint|p2b: Enamorus\n|move|p2a: Mandibuzz|Foul Play|p1b: Ogerpon\n|-crit|p1b: Ogerpon\n|-damage|p1b: Ogerpon|0 fnt\n|faint|p1b: Ogerpon\n|\n|win|idolhunter28273\n|c|\u2606idolhunter28273|gg!\n|c|\u2606JakeStewart400|ggs\n|l|\u2606JakeStewart400\n|l| 5wamp\n","uploadtime":1700263709,"views":17,"p1id":"jakestewart400","p2id":"idolhunter28273","formatid":"gen9vgc2023regulatione","rating":0,"private":0,"password":""}