{"id":"gen9vgc2023regulatione-1997718324","p1":"Gerardo-Mx","p2":"cheeseschristus","format":"[Gen 9] VGC 2023 Regulation E","log":"|j|\u2606Gerardo-Mx\n|j|\u2606cheeseschristus\n|t:|1700845258\n|gametype|doubles\n|player|p1|Gerardo-Mx|266|1080\n|player|p2|cheeseschristus|dawn|1076\n|teamsize|p1|6\n|teamsize|p2|6\n|gen|9\n|tier|[Gen 9] VGC 2023 Regulation E\n|rated|\n|rule|Species Clause: Limit one of each Pok\u00e9mon\n|rule|Item Clause: Limit one of each item\n|clearpoke\n|poke|p1|Talonflame, L50, F|\n|poke|p1|Flutter Mane, L50|\n|poke|p1|Annihilape, L50, M|\n|poke|p1|Chi-Yu, L50|\n|poke|p1|Charizard, L50, M|\n|poke|p1|Great Tusk, L50|\n|poke|p2|Rillaboom, L50, M|\n|poke|p2|Urshifu-*, L50, F|\n|poke|p2|Flutter Mane, L50|\n|poke|p2|Tornadus, L50, M|\n|poke|p2|Chien-Pao, L50|\n|poke|p2|Arcanine-Hisui, L50, F|\n|teampreview|4\n|inactive|Battle timer is ON: inactive players will automatically lose when time's up. (requested by Gerardo-Mx)\n|\n|t:|1700845280\n|start\n|switch|p1a: Talonflame|Talonflame, L50, F|100\/100\n|switch|p1b: Flutter Mane|Flutter Mane, L50|100\/100\n|switch|p2a: Tornadus|Tornadus, L50, M|100\/100\n|switch|p2b: Urshifu|Urshifu-Rapid-Strike, L50, F|100\/100\n|turn|1\n|\n|t:|1700845300\n|-terastallize|p2b: Urshifu|Water\n|move|p1a: Talonflame|Tailwind|p1a: Talonflame\n|-sidestart|p1: Gerardo-Mx|move: Tailwind\n|move|p2a: Tornadus|Tailwind|p2a: Tornadus\n|-sidestart|p2: cheeseschristus|move: Tailwind\n|move|p2b: Urshifu|Aqua Jet|p1a: Talonflame\n|-supereffective|p1a: Talonflame\n|-damage|p1a: Talonflame|4\/100\n|move|p1b: Flutter Mane|Moonblast|p2b: Urshifu\n|-damage|p2b: Urshifu|23\/100\n|-unboost|p2b: Urshifu|spa|1\n|\n|upkeep\n|turn|2\n|inactive|Gerardo-Mx has 30 seconds left.\n|\n|t:|1700845325\n|move|p2b: Urshifu|Protect|p2b: Urshifu\n|-singleturn|p2b: Urshifu|Protect\n|move|p1b: Flutter Mane|Dazzling Gleam|p2a: Tornadus|[spread] p2a\n|-activate|p2b: Urshifu|move: Protect\n|-damage|p2a: Tornadus|51\/100\n|move|p1a: Talonflame|Sunny Day|p1a: Talonflame\n|-weather|SunnyDay\n|-activate|p1b: Flutter Mane|ability: Protosynthesis\n|-start|p1b: Flutter Mane|protosynthesisspe\n|move|p2a: Tornadus|Bleakwind Storm|p1a: Talonflame|[spread] p1a,p1b\n|-damage|p1a: Talonflame|0 fnt\n|-damage|p1b: Flutter Mane|64\/100\n|faint|p1a: Talonflame\n|\n|-weather|SunnyDay|[upkeep]\n|upkeep\n|\n|t:|1700845341\n|switch|p1a: Chi-Yu|Chi-Yu, L50|100\/100\n|-ability|p1a: Chi-Yu|Beads of Ruin\n|turn|3\n|\n|t:|1700845353\n|-terastallize|p1a: Chi-Yu|Fire\n|move|p2a: Tornadus|Rain Dance|p2a: Tornadus\n|-weather|RainDance\n|-end|p1b: Flutter Mane|Protosynthesis\n|move|p2b: Urshifu|Aqua Jet|p1a: Chi-Yu\n|-supereffective|p1a: Chi-Yu\n|-enditem|p1a: Chi-Yu|Focus Sash\n|-damage|p1a: Chi-Yu|1\/100\n|move|p1b: Flutter Mane|Dazzling Gleam|p2b: Urshifu|[spread] p2a,p2b\n|-damage|p2a: Tornadus|0 fnt\n|-damage|p2b: Urshifu|0 fnt\n|faint|p2a: Tornadus\n|faint|p2b: Urshifu\n|move|p1a: Chi-Yu|Heat Wave|p2: Tornadus|[notarget]\n|-fail|p1a: Chi-Yu\n|\n|-weather|RainDance|[upkeep]\n|upkeep\n|\n|t:|1700845370\n|switch|p2a: Chien-Pao|Chien-Pao, L50|100\/100\n|switch|p2b: Arcanine|Arcanine-Hisui, L50, F|100\/100\n|-ability|p2a: Chien-Pao|Sword of Ruin\n|-ability|p2b: Arcanine|Intimidate|boost\n|-unboost|p1a: Chi-Yu|atk|1\n|-unboost|p1b: Flutter Mane|atk|1\n|turn|4\n|\n|t:|1700845386\n|move|p2b: Arcanine|Extreme Speed|p1a: Chi-Yu\n|-damage|p1a: Chi-Yu|0 fnt\n|faint|p1a: Chi-Yu\n|move|p2a: Chien-Pao|Sucker Punch|p1b: Flutter Mane\n|-damage|p1b: Flutter Mane|0 fnt\n|faint|p1b: Flutter Mane\n|-end|p1b: Flutter Mane|Protosynthesis|[silent]\n|\n|-weather|RainDance|[upkeep]\n|-sideend|p2: cheeseschristus|move: Tailwind\n|-sideend|p1: Gerardo-Mx|move: Tailwind\n|upkeep\n|\n|t:|1700845400\n|switch|p1b: Annihilape|Annihilape, L50, M|100\/100\n|turn|5\n|\n|t:|1700845419\n|move|p2b: Arcanine|Extreme Speed|p1b: Annihilape\n|-immune|p1b: Annihilape\n|move|p2a: Chien-Pao|Icicle Crash|p1b: Annihilape\n|-damage|p1b: Annihilape|36\/100\n|move|p1b: Annihilape|Drain Punch|p2a: Chien-Pao\n|-supereffective|p2a: Chien-Pao\n|-enditem|p2a: Chien-Pao|Focus Sash\n|-damage|p2a: Chien-Pao|1\/100\n|-heal|p1b: Annihilape|78\/100|[from] drain|[of] p2a: Chien-Pao\n|\n|-weather|RainDance|[upkeep]\n|upkeep\n|turn|6\n|inactive|Gerardo-Mx has 30 seconds left.\n|\n|t:|1700845447\n|move|p2b: Arcanine|Extreme Speed|p1b: Annihilape\n|-immune|p1b: Annihilape\n|move|p2a: Chien-Pao|Icicle Crash|p1b: Annihilape\n|-damage|p1b: Annihilape|15\/100\n|move|p1b: Annihilape|Drain Punch|p2b: Arcanine\n|-supereffective|p2b: Arcanine\n|-damage|p2b: Arcanine|0 fnt\n|-heal|p1b: Annihilape|61\/100|[from] drain|[of] p2b: Arcanine\n|faint|p2b: Arcanine\n|\n|-weather|RainDance|[upkeep]\n|upkeep\n|turn|7\n|\n|t:|1700845459\n|move|p2a: Chien-Pao|Icicle Crash|p1b: Annihilape\n|-damage|p1b: Annihilape|0 fnt\n|faint|p1b: Annihilape\n|\n|win|cheeseschristus\n|raw|Gerardo-Mx's rating: 1080 &rarr; <strong>1058<\/strong><br \/>(-22 for losing)\n|raw|cheeseschristus's rating: 1076 &rarr; <strong>1105<\/strong><br \/>(+29 for winning)\n|l|\u2606Gerardo-Mx\n","uploadtime":1700845496,"views":6,"p1id":"gerardomx","p2id":"cheeseschristus","formatid":"gen9vgc2023regulatione","rating":1058,"private":0,"password":""}