{"id":"gen9vgc2023regulatione-1988308003","p1":"Uber Threat","p2":"hiddenarsenal01","format":"[Gen 9] VGC 2023 Regulation E","log":"|j|\u2606Uber Threat\n|j|\u2606hiddenarsenal01\n|t:|1699705893\n|gametype|doubles\n|player|p1|Uber Threat|pilot|1504\n|player|p2|hiddenarsenal01|169|1525\n|teamsize|p1|6\n|teamsize|p2|6\n|gen|9\n|tier|[Gen 9] VGC 2023 Regulation E\n|rated|\n|rule|Species Clause: Limit one of each Pok\u00e9mon\n|rule|Item Clause: Limit one of each item\n|clearpoke\n|poke|p1|Armarouge, L50, M|\n|poke|p1|Indeedee-F, L50, F|\n|poke|p1|Dondozo, L50, F|\n|poke|p1|Tatsugiri-Stretchy, L50, F|\n|poke|p1|Ogerpon, L50, F|\n|poke|p1|Flutter Mane, L50|\n|poke|p2|Urshifu-*, L50, M|\n|poke|p2|Tornadus, L50, M|\n|poke|p2|Roaring Moon, L50|\n|poke|p2|Rillaboom, L50, F|\n|poke|p2|Arcanine-Hisui, L50, M|\n|poke|p2|Gholdengo, L50|\n|teampreview|4\n|j| hfipgcjj\n|j| Falconthing\n|j| Yagamoth\n|\n|t:|1699705939\n|start\n|switch|p1a: Armarouge|Armarouge, L50, M|100\/100\n|switch|p1b: Indeedee|Indeedee-F, L50, F|100\/100\n|switch|p2a: Gholdengo|Gholdengo, L50|100\/100\n|switch|p2b: Roaring Moon|Roaring Moon, L50|100\/100\n|-fieldstart|move: Psychic Terrain|[from] ability: Psychic Surge|[of] p1b: Indeedee\n|-enditem|p1b: Indeedee|Psychic Seed\n|-boost|p1b: Indeedee|spd|1|[from] item: Psychic Seed\n|-enditem|p2b: Roaring Moon|Booster Energy\n|-activate|p2b: Roaring Moon|ability: Protosynthesis|[fromitem]\n|-start|p2b: Roaring Moon|protosynthesisspe\n|turn|1\n|\n|t:|1699706002\n|-terastallize|p2a: Gholdengo|Dragon\n|move|p2b: Roaring Moon|Knock Off|p1b: Indeedee\n|-supereffective|p1b: Indeedee\n|-damage|p1b: Indeedee|33\/100\n|move|p1a: Armarouge|Armor Cannon|p2a: Gholdengo\n|-resisted|p2a: Gholdengo\n|-damage|p2a: Gholdengo|68\/100\n|-unboost|p1a: Armarouge|def|1\n|-unboost|p1a: Armarouge|spd|1\n|move|p2a: Gholdengo|Shadow Ball|p1a: Armarouge\n|-supereffective|p1a: Armarouge\n|-damage|p1a: Armarouge|0 fnt\n|faint|p1a: Armarouge\n|move|p1b: Indeedee|Baton Pass|p1b: Indeedee\n|\n|t:|1699706015\n|switch|p1b: Dondozo|Dondozo, L50, F|100\/100|[from] Baton Pass\n|\n|upkeep\n|\n|t:|1699706017\n|switch|p1a: Tatsugiri|Tatsugiri-Stretchy, L50, F|100\/100\n|-activate|p1a: Tatsugiri|ability: Commander|[of] p1b: Dondozo\n|-boost|p1b: Dondozo|atk|2\n|-boost|p1b: Dondozo|spa|2\n|-boost|p1b: Dondozo|spe|2\n|-boost|p1b: Dondozo|def|2\n|-boost|p1b: Dondozo|spd|2\n|turn|2\n|\n|t:|1699706047\n|switch|p2a: Arcanine|Arcanine-Hisui, L50, M|100\/100\n|-ability|p2a: Arcanine|Intimidate|boost\n|-unboost|p1a: Tatsugiri|atk|1\n|-fail|p1b: Dondozo|unboost|[from] item: Clear Amulet|[of] p1b: Dondozo\n|move|p2b: Roaring Moon|Knock Off|p1b: Dondozo\n|-damage|p1b: Dondozo|83\/100\n|-enditem|p1b: Dondozo|Clear Amulet|[from] move: Knock Off|[of] p2b: Roaring Moon\n|move|p1b: Dondozo|Waterfall|p2a: Arcanine\n|-supereffective|p2a: Arcanine\n|-damage|p2a: Arcanine|0 fnt\n|faint|p2a: Arcanine\n|\n|upkeep\n|\n|t:|1699706059\n|switch|p2a: Rillaboom|Rillaboom, L50, F|100\/100\n|-fieldstart|move: Grassy Terrain|[from] ability: Grassy Surge|[of] p2a: Rillaboom\n|turn|3\n|inactive|Battle timer is ON: inactive players will automatically lose when time's up. (requested by Uber Threat)\n|\n|t:|1699706095\n|move|p1b: Dondozo|Protect|p1b: Dondozo\n|-singleturn|p1b: Dondozo|Protect\n|move|p2b: Roaring Moon|Breaking Swipe|p1a: Tatsugiri|[spread] \n|-miss|p2b: Roaring Moon|p1a: Tatsugiri\n|-activate|p1b: Dondozo|move: Protect\n|move|p2a: Rillaboom|Wood Hammer|p1b: Dondozo\n|-activate|p1b: Dondozo|move: Protect\n|\n|-heal|p1b: Dondozo|89\/100|[from] Grassy Terrain\n|upkeep\n|turn|4\n|\n|t:|1699706108\n|-terastallize|p1b: Dondozo|Dragon\n|move|p2b: Roaring Moon|Breaking Swipe|p1b: Dondozo|[spread] p1b\n|-miss|p2b: Roaring Moon|p1a: Tatsugiri\n|-supereffective|p1b: Dondozo\n|-damage|p1b: Dondozo|72\/100\n|-unboost|p1b: Dondozo|atk|1\n|move|p1b: Dondozo|Order Up|p2b: Roaring Moon\n|-supereffective|p2b: Roaring Moon\n|-damage|p2b: Roaring Moon|0 fnt\n|faint|p2b: Roaring Moon\n|-end|p2b: Roaring Moon|Protosynthesis|[silent]\n|-boost|p1b: Dondozo|spe|1\n|move|p2a: Rillaboom|Wood Hammer|p1b: Dondozo\n|-resisted|p1b: Dondozo\n|-damage|p1b: Dondozo|57\/100\n|-damage|p2a: Rillaboom|95\/100|[from] Recoil\n|\n|-heal|p1b: Dondozo|63\/100|[from] Grassy Terrain\n|-heal|p2a: Rillaboom|100\/100|[from] Grassy Terrain\n|upkeep\n|\n|t:|1699706125\n|switch|p2b: Gholdengo|Gholdengo, L50, tera:Dragon|68\/100\n|turn|5\n|\n|t:|1699706139\n|move|p1b: Dondozo|Order Up|p2b: Gholdengo\n|-supereffective|p2b: Gholdengo\n|-damage|p2b: Gholdengo|0 fnt\n|faint|p2b: Gholdengo\n|-boost|p1b: Dondozo|spe|1\n|move|p2a: Rillaboom|Wood Hammer|p1b: Dondozo\n|-resisted|p1b: Dondozo\n|-damage|p1b: Dondozo|48\/100\n|-damage|p2a: Rillaboom|95\/100|[from] Recoil\n|\n|-heal|p1b: Dondozo|55\/100|[from] Grassy Terrain\n|-heal|p2a: Rillaboom|100\/100|[from] Grassy Terrain\n|upkeep\n|turn|6\n|\n|t:|1699706153\n|move|p1b: Dondozo|Order Up|p2a: Rillaboom\n|-damage|p2a: Rillaboom|45\/100\n|-boost|p1b: Dondozo|spe|1\n|move|p2a: Rillaboom|Wood Hammer|p1b: Dondozo\n|-resisted|p1b: Dondozo\n|-crit|p1b: Dondozo\n|-damage|p1b: Dondozo|6\/100\n|-damage|p2a: Rillaboom|28\/100|[from] Recoil\n|\n|-heal|p1b: Dondozo|12\/100|[from] Grassy Terrain\n|-heal|p2a: Rillaboom|34\/100|[from] Grassy Terrain\n|upkeep\n|turn|7\n|\n|t:|1699706161\n|move|p1b: Dondozo|Protect|p1b: Dondozo\n|-singleturn|p1b: Dondozo|Protect\n|move|p2a: Rillaboom|Grassy Glide|p1b: Dondozo\n|-activate|p1b: Dondozo|move: Protect\n|\n|-heal|p1b: Dondozo|18\/100|[from] Grassy Terrain\n|-heal|p2a: Rillaboom|39\/100|[from] Grassy Terrain\n|-fieldend|move: Grassy Terrain\n|upkeep\n|turn|8\n|\n|t:|1699706169\n|move|p1b: Dondozo|Order Up|p2a: Rillaboom\n|-damage|p2a: Rillaboom|0 fnt\n|faint|p2a: Rillaboom\n|\n|win|Uber Threat\n|raw|Uber Threat's rating: 1504 &rarr; <strong>1525<\/strong><br \/>(+21 for winning)\n|raw|hiddenarsenal01's rating: 1525 &rarr; <strong>1504<\/strong><br \/>(-21 for losing)\n","uploadtime":1699706175,"views":11,"p1id":"uberthreat","p2id":"hiddenarsenal01","formatid":"gen9vgc2023regulatione","rating":1504,"private":0,"password":""}