{"id":"gen9vgc2023regulatione-1994329926","p1":"Kilowattrel Fan","p2":"TakinaVGC","format":"[Gen 9] VGC 2023 Regulation E","log":"|j|\u2606Kilowattrel Fan\n|j|\u2606TakinaVGC\n|n|\u2606Kilowattrel Fan|kilowattrelfan\n|n|\u2606TakinaVGC|takinavgc\n|html|View the match progress at <a href=\"\/game-bestof3-gen9vgc2023regulatione-1994326068\">game-bestof3-gen9vgc2023regulatione-1994326068<\/a>\n|t:|1700431777\n|gametype|doubles\n|player|p1|Kilowattrel Fan|riley|\n|player|p2|TakinaVGC|cynthia|\n|teamsize|p1|6\n|teamsize|p2|6\n|gen|9\n|tier|[Gen 9] VGC 2023 Regulation E\n|rule|Species Clause: Limit one of each Pok\u00e9mon\n|rule|Item Clause: Limit one of each item\n|clearpoke\n|poke|p1|Torkoal, L50, M|\n|poke|p1|Lilligant-Hisui, L50, F|\n|poke|p1|Flutter Mane, L50|\n|poke|p1|Landorus-Therian, L50, M|\n|poke|p1|Kingambit, L50, M|\n|poke|p1|Iron Hands, L50|\n|poke|p2|Arcanine-Hisui, L50, F|\n|poke|p2|Tornadus, L50, M|\n|poke|p2|Urshifu-*, L50, F|\n|poke|p2|Rillaboom, L50, M|\n|poke|p2|Regidrago, L50|\n|poke|p2|Scizor, L50, F|\n|teampreview|4\n|j| Van. Volcanucks\nTakinaVGC has agreed to open team sheets.\nKilowattrel Fan has agreed to open team sheets.\n|showteam|p1|Torkoal||Charcoal|Drought|Eruption,Flamethrower,EarthPower,Protect|||M|||50|,,,,,Fire]Lilligant-Hisui||FocusSash|Chlorophyll|CloseCombat,SolarBlade,AfterYou,Protect|||F|||50|,,,,,Ghost]Flutter Mane||ChoiceSpecs|Protosynthesis|Moonblast,DazzlingGleam,ShadowBall,PowerGem||||||50|,,,,,Fairy]Landorus-Therian||ChoiceScarf|Intimidate|StompingTantrum,Uturn,RockSlide,TeraBlast|||M|||50|,,,,,Flying]Kingambit||BlackGlasses|Defiant|SuckerPunch,KowtowCleave,IronHead,Protect|||M|||50|,,,,,Fairy]Iron Hands||AssaultVest|QuarkDrive|DrainPunch,WildCharge,FakeOut,HeavySlam||||||50|,,,,,Water\n|showteam|p2|Arcanine-Hisui||ChoiceBand|Intimidate|FlareBlitz,RockSlide,ExtremeSpeed,HeadSmash|||F|||50|,,,,,Water]Tornadus||SharpBeak|Prankster|Tailwind,BleakwindStorm,RainDance,Protect|||M|||50|,,,,,Dragon]Urshifu-Rapid-Strike||MysticWater|UnseenFist|SurgingStrikes,AquaJet,CloseCombat,Protect|||F|||50|,,,,,Water]Rillaboom||AssaultVest|GrassySurge|FakeOut,GrassyGlide,WoodHammer,HighHorsepower|||M|||50|,,,,,Fire]Regidrago||DragonFang|DragonsMaw|DragonEnergy,DracoMeteor,EarthPower,Protect||||||50|,,,,,Steel]Scizor||ClearAmulet|Technician|BulletPunch,BugBite,Protect,DualWingbeat|||F|||50|,,,,,Water\n|\n|t:|1700431923\n|start\n|switch|p1a: Sun Supplier|Torkoal, L50, M|100\/100\n|switch|p1b: Flower Girl|Lilligant-Hisui, L50, F|100\/100\n|switch|p2a: Rillaboom|Rillaboom, L50, M|100\/100\n|switch|p2b: Urshifu|Urshifu-Rapid-Strike, L50, F|100\/100\n|-fieldstart|move: Grassy Terrain|[from] ability: Grassy Surge|[of] p2a: Rillaboom\n|-weather|SunnyDay|[from] ability: Drought|[of] p1a: Sun Supplier\n|turn|1\n|\n|t:|1700431984\n|switch|p1a: Brian|Iron Hands, L50|100\/100\n|-terastallize|p1b: Flower Girl|Ghost\n|-terastallize|p2a: Rillaboom|Fire\n|move|p2a: Rillaboom|Fake Out|p1b: Flower Girl\n|-immune|p1b: Flower Girl\n|move|p1b: Flower Girl|Solar Blade||[still]\n|-prepare|p1b: Flower Girl|Solar Blade\n|-anim|p1b: Flower Girl|Solar Blade|p2b: Urshifu\n|-supereffective|p2b: Urshifu\n|-damage|p2b: Urshifu|0 fnt\n|faint|p2b: Urshifu\n|\n|-weather|SunnyDay|[upkeep]\n|upkeep\n|\n|t:|1700432001\n|switch|p2b: Regidrago|Regidrago, L50|100\/100\n|turn|2\n|\n|t:|1700432077\n|move|p1a: Brian|Fake Out|p2b: Regidrago\n|-crit|p2b: Regidrago\n|-damage|p2b: Regidrago|78\/100\n|move|p1b: Flower Girl|Close Combat|p2a: Rillaboom\n|-damage|p2a: Rillaboom|51\/100\n|-unboost|p1b: Flower Girl|def|1\n|-unboost|p1b: Flower Girl|spd|1\n|cant|p2b: Regidrago|flinch\n|move|p2a: Rillaboom|High Horsepower|p1a: Brian\n|-supereffective|p1a: Brian\n|-damage|p1a: Brian|54\/100\n|\n|-weather|SunnyDay|[upkeep]\n|-heal|p2b: Regidrago|84\/100|[from] Grassy Terrain\n|-heal|p2a: Rillaboom|57\/100|[from] Grassy Terrain\n|-heal|p1a: Brian|59\/100|[from] Grassy Terrain\n|upkeep\n|turn|3\n|\n|t:|1700432129\n|move|p1b: Flower Girl|Solar Blade||[still]\n|-prepare|p1b: Flower Girl|Solar Blade\n|-anim|p1b: Flower Girl|Solar Blade|p2b: Regidrago\n|-resisted|p2b: Regidrago\n|-damage|p2b: Regidrago|47\/100\n|move|p2b: Regidrago|Draco Meteor|p1b: Flower Girl\n|-enditem|p1b: Flower Girl|Focus Sash\n|-damage|p1b: Flower Girl|1\/100\n|-unboost|p2b: Regidrago|spa|2\n|move|p2a: Rillaboom|High Horsepower|p1a: Brian\n|-supereffective|p1a: Brian\n|-damage|p1a: Brian|16\/100\n|move|p1a: Brian|Drain Punch|p2b: Regidrago\n|-damage|p2b: Regidrago|0 fnt\n|-heal|p1a: Brian|43\/100|[from] drain|[of] p2b: Regidrago\n|faint|p2b: Regidrago\n|\n|-weather|SunnyDay|[upkeep]\n|-heal|p1b: Flower Girl|7\/100|[from] Grassy Terrain\n|-heal|p2a: Rillaboom|63\/100|[from] Grassy Terrain\n|-heal|p1a: Brian|49\/100|[from] Grassy Terrain\n|upkeep\n|\n|t:|1700432142\n|switch|p2b: Arcanine|Arcanine-Hisui, L50, F|100\/100\n|-ability|p2b: Arcanine|Intimidate|boost\n|-unboost|p1a: Brian|atk|1\n|-unboost|p1b: Flower Girl|atk|1\n|turn|4\n|\n|t:|1700432197\n|move|p1b: Flower Girl|Close Combat|p2b: Arcanine\n|-supereffective|p2b: Arcanine\n|-damage|p2b: Arcanine|26\/100\n|-unboost|p1b: Flower Girl|def|1\n|-unboost|p1b: Flower Girl|spd|1\n|move|p2b: Arcanine|Rock Slide|p1b: Flower Girl|[spread] p1a,p1b\n|-resisted|p1a: Brian\n|-damage|p1a: Brian|34\/100\n|-damage|p1b: Flower Girl|0 fnt\n|faint|p1b: Flower Girl\n|move|p2a: Rillaboom|High Horsepower|p1a: Brian\n|-supereffective|p1a: Brian\n|-damage|p1a: Brian|0 fnt\n|faint|p1a: Brian\n|-end|p1a: Brian|Quark Drive|[silent]\n|\n|-weather|SunnyDay|[upkeep]\n|-heal|p2b: Arcanine|32\/100|[from] Grassy Terrain\n|-heal|p2a: Rillaboom|69\/100|[from] Grassy Terrain\n|upkeep\n|\n|t:|1700432207\n|switch|p1b: Sun Supplier|Torkoal, L50, M|100\/100\n|switch|p1a: Broken Mon|Flutter Mane, L50|100\/100\n|-activate|p1a: Broken Mon|ability: Protosynthesis\n|-start|p1a: Broken Mon|protosynthesisspa\n|turn|5\n|\n|t:|1700432230\n|move|p1a: Broken Mon|Shadow Ball|p2a: Rillaboom\n|-damage|p2a: Rillaboom|8\/100\n|-unboost|p2a: Rillaboom|spd|1\n|move|p2b: Arcanine|Rock Slide|p1a: Broken Mon|[spread] p1a,p1b\n|-supereffective|p1b: Sun Supplier\n|-damage|p1a: Broken Mon|14\/100\n|-damage|p1b: Sun Supplier|35\/100\n|move|p2a: Rillaboom|Wood Hammer|p1a: Broken Mon\n|-damage|p1a: Broken Mon|0 fnt\n|faint|p1a: Broken Mon\n|-end|p1a: Broken Mon|Protosynthesis|[silent]\n|-damage|p2a: Rillaboom|5\/100|[from] Recoil\n|move|p1b: Sun Supplier|Earth Power|p2b: Arcanine\n|-supereffective|p2b: Arcanine\n|-damage|p2b: Arcanine|0 fnt\n|faint|p2b: Arcanine\n|\n|-weather|none\n|-heal|p2a: Rillaboom|11\/100|[from] Grassy Terrain\n|-heal|p1b: Sun Supplier|41\/100|[from] Grassy Terrain\n|-fieldend|move: Grassy Terrain\n|upkeep\n|turn|6\n|\n|t:|1700432251\n|move|p2a: Rillaboom|High Horsepower|p1b: Sun Supplier\n|-supereffective|p1b: Sun Supplier\n|-damage|p1b: Sun Supplier|0 fnt\n|faint|p1b: Sun Supplier\n|\n|win|TakinaVGC\n","uploadtime":1700432270,"views":12,"p1id":"kilowattrelfan","p2id":"takinavgc","formatid":"gen9vgc2023regulatione","rating":0,"private":0,"password":""}