{"id":"gen9vgc2023regulatione-1999828316","p1":"Jaystorm027","p2":"slyck.VGC","format":"[Gen 9] VGC 2023 Regulation E","log":"|j|\u2606Jaystorm027\n|j|\u2606slyck.VGC\n|t:|1701120509\n|gametype|doubles\n|player|p1|Jaystorm027|pokemonranger-gen4|1119\n|player|p2|slyck.VGC|266|1183\n|teamsize|p1|6\n|teamsize|p2|6\n|gen|9\n|tier|[Gen 9] VGC 2023 Regulation E\n|rated|\n|rule|Species Clause: Limit one of each Pok\u00e9mon\n|rule|Item Clause: Limit one of each item\n|clearpoke\n|poke|p1|Milotic, L50, M|\n|poke|p1|Roaring Moon, L50|\n|poke|p1|Weezing, L50, M|\n|poke|p1|Ogerpon-Hearthflame, L50, F|\n|poke|p1|Gholdengo, L50|\n|poke|p1|Iron Hands, L50|\n|poke|p2|Dragonite, L50, M|\n|poke|p2|Scizor, L50, F|\n|poke|p2|Gallade, L50, M|\n|poke|p2|Gyarados, L50, M|\n|poke|p2|Chien-Pao, L50|\n|poke|p2|Flutter Mane, L50|\n|teampreview|4\n|inactive|Battle timer is ON: inactive players will automatically lose when time's up. (requested by slyck.VGC)\n|inactive|Jaystorm027 has 60 seconds left.\n|inactive|slyck.VGC has 60 seconds left.\n|\n|t:|1701120546\n|start\n|switch|p1a: Weezing|Weezing, L50, M, shiny|100\/100\n|switch|p1b: Ogerpon|Ogerpon-Hearthflame, L50, F|100\/100\n|switch|p2a: Flutter Mane|Flutter Mane, L50|100\/100\n|switch|p2b: Gyarados|Gyarados, L50, M|100\/100\n|-ability|p1a: Weezing|Neutralizing Gas\n|-enditem|p2a: Flutter Mane|Booster Energy\n|-activate|p2a: Flutter Mane|ability: Protosynthesis|[fromitem]\n|-start|p2a: Flutter Mane|protosynthesisspe\n|turn|1\n|inactive|slyck.VGC has 30 seconds left.\n|inactive|slyck.VGC has 20 seconds left.\n|\n|t:|1701120583\n|-end|p1a: Weezing|ability: Neutralizing Gas\n|-ability|p1b: Ogerpon|Mold Breaker\n|-ability|p2b: Gyarados|Intimidate|boost\n|-unboost|p1a: Weezing|atk|1\n|-unboost|p1b: Ogerpon|atk|1\n|switch|p1a: Milotic|Milotic, L50, M, shiny|100\/100\n|move|p1b: Ogerpon|Spiky Shield|p1b: Ogerpon\n|-singleturn|p1b: Ogerpon|move: Protect\n|move|p2a: Flutter Mane|Dazzling Gleam|p1b: Ogerpon|[spread] p1a\n|-activate|p1b: Ogerpon|move: Protect\n|-damage|p1a: Milotic|78\/100\n|move|p2b: Gyarados|Taunt|p1a: Milotic\n|-start|p1a: Milotic|move: Taunt\n|\n|-heal|p1a: Milotic|84\/100|[from] item: Leftovers\n|upkeep\n|turn|2\n|inactive|Jaystorm027 has 30 seconds left.\n|inactive|slyck.VGC has 30 seconds left.\n|inactive|Jaystorm027 has 20 seconds left.\n|inactive|Jaystorm027 has 15 seconds left.\n|inactive|Jaystorm027 has 10 seconds left.\n|\n|t:|1701120630\n|switch|p1a: Weezing|Weezing, L50, M, shiny|100\/100\n|-ability|p1a: Weezing|Neutralizing Gas\n|move|p2a: Flutter Mane|Dazzling Gleam|p1b: Ogerpon|[spread] p1a,p1b\n|-resisted|p1a: Weezing\n|-resisted|p1b: Ogerpon\n|-damage|p1a: Weezing|84\/100\n|-damage|p1b: Ogerpon|81\/100\n|move|p1b: Ogerpon|Swords Dance|p1b: Ogerpon\n|-boost|p1b: Ogerpon|atk|2\n|move|p2b: Gyarados|Waterfall|p1b: Ogerpon\n|-damage|p1b: Ogerpon|36\/100\n|\n|upkeep\n|turn|3\n|c|\u2606slyck.VGC|i didnt even read the milotic\n|c|\u2606slyck.VGC|that just worked itself out\n|inactive|slyck.VGC has 30 seconds left.\n|\n|t:|1701120656\n|switch|p1b: Milotic|Milotic, L50, M, shiny|84\/100\n|-terastallize|p2a: Flutter Mane|Ghost\n|move|p1a: Weezing|Protect|p1a: Weezing\n|-singleturn|p1a: Weezing|Protect\n|move|p2a: Flutter Mane|Shadow Ball|p1b: Milotic\n|-damage|p1b: Milotic|40\/100\n|move|p2b: Gyarados|Taunt|p1a: Weezing\n|-activate|p1a: Weezing|move: Protect\n|\n|-heal|p1b: Milotic|46\/100|[from] item: Leftovers\n|upkeep\n|turn|4\n|inactive|Jaystorm027 has 30 seconds left.\n|inactive|Jaystorm027 has 20 seconds left.\n|inactive|Jaystorm027 has 15 seconds left.\n|inactive|Jaystorm027 has 10 seconds left.\n|\n|t:|1701120703\n|-end|p1a: Weezing|ability: Neutralizing Gas\n|-ability|p2b: Gyarados|Intimidate|boost\n|-unboost|p1a: Weezing|atk|1\n|-unboost|p1b: Milotic|atk|1\n|-ability|p1b: Milotic|Competitive|boost\n|-boost|p1b: Milotic|spa|2\n|switch|p1a: Ogerpon|Ogerpon-Hearthflame, L50, F|36\/100\n|-ability|p1a: Ogerpon|Mold Breaker\n|move|p1b: Milotic|Protect|p1b: Milotic\n|-singleturn|p1b: Milotic|Protect\n|move|p2a: Flutter Mane|Shadow Ball|p1b: Milotic\n|-activate|p1b: Milotic|move: Protect\n|move|p2b: Gyarados|Waterfall|p1b: Milotic\n|-activate|p1b: Milotic|move: Protect\n|\n|-heal|p1b: Milotic|52\/100|[from] item: Leftovers\n|upkeep\n|turn|5\n|\n|t:|1701120726\n|move|p2a: Flutter Mane|Shadow Ball|p1a: Ogerpon\n|-damage|p1a: Ogerpon|0 fnt\n|faint|p1a: Ogerpon\n|move|p1b: Milotic|Hypnosis|p2a: Flutter Mane\n|-status|p2a: Flutter Mane|slp|[from] move: Hypnosis\n|move|p2b: Gyarados|Taunt|p1b: Milotic\n|-start|p1b: Milotic|move: Taunt\n|\n|-heal|p1b: Milotic|58\/100|[from] item: Leftovers\n|upkeep\n|\n|t:|1701120728\n|switch|p1a: Weezing|Weezing, L50, M, shiny|84\/100\n|-ability|p1a: Weezing|Neutralizing Gas\n|turn|6\n|\n|t:|1701120743\n|-terastallize|p1b: Milotic|Fairy\n|cant|p2a: Flutter Mane|slp\n|move|p1b: Milotic|Scald|p2a: Flutter Mane\n|-damage|p2a: Flutter Mane|30\/100 slp\n|move|p2b: Gyarados|Taunt|p1a: Weezing\n|-start|p1a: Weezing|move: Taunt\n|move|p1a: Weezing|Sludge Bomb|p2a: Flutter Mane\n|-resisted|p2a: Flutter Mane\n|-damage|p2a: Flutter Mane|17\/100 slp\n|\n|-heal|p1b: Milotic|64\/100|[from] item: Leftovers\n|upkeep\n|turn|7\n|inactive|slyck.VGC has 30 seconds left.\n|\n|t:|1701120775\n|-end|p1a: Weezing|ability: Neutralizing Gas\n|-ability|p2b: Gyarados|Intimidate|boost\n|-unboost|p1a: Weezing|atk|1\n|-unboost|p1b: Milotic|atk|1\n|-ability|p1b: Milotic|Competitive|boost\n|-boost|p1b: Milotic|spa|2\n|switch|p1a: Roaring Moon|Roaring Moon, L50, shiny|100\/100\n|-enditem|p1a: Roaring Moon|Booster Energy\n|-activate|p1a: Roaring Moon|ability: Protosynthesis|[fromitem]\n|-start|p1a: Roaring Moon|protosynthesisspe\n|move|p2b: Gyarados|Protect|p2b: Gyarados\n|-singleturn|p2b: Gyarados|Protect\n|cant|p2a: Flutter Mane|slp\n|move|p1b: Milotic|Scald|p2a: Flutter Mane\n|-damage|p2a: Flutter Mane|0 fnt\n|faint|p2a: Flutter Mane\n|-end|p2a: Flutter Mane|Protosynthesis|[silent]\n|\n|-heal|p1b: Milotic|70\/100|[from] item: Leftovers\n|upkeep\n|inactive|slyck.VGC has 30 seconds left.\n|\n|t:|1701120802\n|switch|p2a: Gallade|Gallade, L50, M|100\/100\n|turn|8\n|\n|t:|1701120812\n|move|p1a: Roaring Moon|Acrobatics|p2a: Gallade\n|-supereffective|p2a: Gallade\n|-damage|p2a: Gallade|0 fnt\n|faint|p2a: Gallade\n|move|p1b: Milotic|Scald|p2b: Gyarados\n|-resisted|p2b: Gyarados\n|-damage|p2b: Gyarados|66\/100\n|move|p2b: Gyarados|Waterfall|p1b: Milotic\n|-damage|p1b: Milotic|41\/100\n|\n|-heal|p1b: Milotic|47\/100|[from] item: Leftovers\n|-end|p1b: Milotic|move: Taunt\n|upkeep\n|\n|t:|1701120816\n|switch|p2a: Dragonite|Dragonite, L50, M, shiny|100\/100\n|turn|9\n|\n|t:|1701120829\n|move|p1b: Milotic|Protect|p1b: Milotic\n|-singleturn|p1b: Milotic|Protect\n|move|p2a: Dragonite|Extreme Speed|p1b: Milotic\n|-activate|p1b: Milotic|move: Protect\n|move|p1a: Roaring Moon|Tailwind|p1a: Roaring Moon\n|-sidestart|p1: Jaystorm027|move: Tailwind\n|move|p2b: Gyarados|Waterfall|p1b: Milotic\n|-activate|p1b: Milotic|move: Protect\n|\n|-heal|p1b: Milotic|53\/100|[from] item: Leftovers\n|upkeep\n|turn|10\n|\n|t:|1701120839\n|move|p2a: Dragonite|Extreme Speed|p1a: Roaring Moon\n|-damage|p1a: Roaring Moon|41\/100\n|move|p1a: Roaring Moon|Knock Off|p2a: Dragonite\n|-damage|p2a: Dragonite|51\/100\n|-enditem|p2a: Dragonite|Choice Band|[from] move: Knock Off|[of] p1a: Roaring Moon\n|move|p1b: Milotic|Coil|p1b: Milotic\n|-boost|p1b: Milotic|atk|1\n|-boost|p1b: Milotic|def|1\n|-boost|p1b: Milotic|accuracy|1\n|move|p2b: Gyarados|Waterfall|p1a: Roaring Moon\n|-resisted|p1a: Roaring Moon\n|-damage|p1a: Roaring Moon|21\/100\n|\n|-heal|p1b: Milotic|59\/100|[from] item: Leftovers\n|upkeep\n|turn|11\n|\n|t:|1701120853\n|move|p1b: Milotic|Protect|p1b: Milotic\n|-singleturn|p1b: Milotic|Protect\n|move|p2a: Dragonite|Extreme Speed|p1a: Roaring Moon\n|-damage|p1a: Roaring Moon|0 fnt\n|faint|p1a: Roaring Moon\n|-end|p1a: Roaring Moon|Protosynthesis|[silent]\n|move|p2b: Gyarados|Waterfall|p1b: Milotic\n|-activate|p1b: Milotic|move: Protect\n|\n|-heal|p1b: Milotic|65\/100|[from] item: Leftovers\n|upkeep\n|\n|t:|1701120859\n|switch|p1a: Weezing|Weezing, L50, M, shiny|84\/100\n|-ability|p1a: Weezing|Neutralizing Gas\n|turn|12\n|\n|t:|1701120872\n|move|p2a: Dragonite|Extreme Speed|p1a: Weezing\n|-damage|p1a: Weezing|56\/100\n|move|p1b: Milotic|Scald|p2a: Dragonite\n|-resisted|p2a: Dragonite\n|-damage|p2a: Dragonite|0 fnt\n|faint|p2a: Dragonite\n|move|p1a: Weezing|Sludge Bomb|p2b: Gyarados\n|-damage|p2b: Gyarados|48\/100\n|-enditem|p2b: Gyarados|Sitrus Berry|[eat]\n|-heal|p2b: Gyarados|72\/100|[from] item: Sitrus Berry\n|move|p2b: Gyarados|Taunt|p1b: Milotic\n|-start|p1b: Milotic|move: Taunt\n|\n|-heal|p1b: Milotic|71\/100|[from] item: Leftovers\n|-sideend|p1: Jaystorm027|move: Tailwind\n|upkeep\n|turn|13\n|-message|slyck.VGC forfeited.\n|\n|win|Jaystorm027\n|raw|Jaystorm027's rating: 1119 &rarr; <strong>1149<\/strong><br \/>(+30 for winning)\n|raw|slyck.VGC's rating: 1183 &rarr; <strong>1153<\/strong><br \/>(-30 for losing)\n|l|\u2606slyck.VGC\n","uploadtime":1701120903,"views":2,"p1id":"jaystorm027","p2id":"slyckvgc","formatid":"gen9vgc2023regulatione","rating":1149,"private":0,"password":""}