{"id":"gen9vgc2023regulatione-1997918351","p1":"W_i_Pohemon","p2":"ceriii","format":"[Gen 9] VGC 2023 Regulation E","log":"|j|\u2606W_i_Pohemon\n|j|\u2606ceriii\n|t:|1700867342\n|gametype|doubles\n|player|p1|W_i_Pohemon|fisherman|1139\n|player|p2|ceriii|mars|1048\n|teamsize|p1|6\n|teamsize|p2|6\n|gen|9\n|tier|[Gen 9] VGC 2023 Regulation E\n|rated|\n|rule|Species Clause: Limit one of each Pok\u00e9mon\n|rule|Item Clause: Limit one of each item\n|clearpoke\n|poke|p1|Thundurus-Therian, L50, M|\n|poke|p1|Ursaluna-Bloodmoon, L50, M|\n|poke|p1|Dusclops, L50, F|\n|poke|p1|Tornadus, L50, M|\n|poke|p1|Oranguru, L50, F|\n|poke|p1|Armarouge, L50, M|\n|poke|p2|Regieleki, L50|\n|poke|p2|Cetitan, L50, F|\n|poke|p2|Ninetales-Alola, L50, M|\n|poke|p2|Gholdengo, L50|\n|poke|p2|Ambipom, L50, M|\n|poke|p2|Arcanine-Hisui, L50, M|\n|teampreview|4\n|inactive|Battle timer is ON: inactive players will automatically lose when time's up. (requested by ceriii)\n|inactive|W_i_Pohemon has 60 seconds left.\n|\n|t:|1700867421\n|start\n|switch|p1a: Dusclops|Dusclops, L50, F|100\/100\n|switch|p1b: Armarouge|Armarouge, L50, M|100\/100\n|switch|p2a: Ambipom|Ambipom, L50, M|100\/100\n|switch|p2b: Regieleki|Regieleki, L50|100\/100\n|-ability|p1a: Dusclops|Pressure\n|turn|1\n|inactive|W_i_Pohemon has 30 seconds left.\n|inactive|ceriii has 30 seconds left.\n|\n|t:|1700867453\n|-terastallize|p2a: Ambipom|Normal\n|move|p1b: Armarouge|Wide Guard|p1b: Armarouge\n|-singleturn|p1b: Armarouge|Wide Guard\n|move|p2a: Ambipom|Fake Out|p1b: Armarouge\n|-damage|p1b: Armarouge|40\/100\n|move|p2b: Regieleki|Thunder Cage|p1a: Dusclops\n|-damage|p1a: Dusclops|76\/100\n|-activate|p1a: Dusclops|move: Thunder Cage|[of] p2b: Regieleki\n|move|p1a: Dusclops|Trick Room|p1a: Dusclops\n|-fieldstart|move: Trick Room|[of] p1a: Dusclops\n|\n|-damage|p1a: Dusclops|64\/100|[from] move: Thunder Cage|[partiallytrapped]\n|upkeep\n|turn|2\n|inactive|W_i_Pohemon has 30 seconds left.\n|\n|t:|1700867487\n|switch|p2a: Arcanine|Arcanine-Hisui, L50, M, shiny|100\/100\n|-ability|p2a: Arcanine|Intimidate|boost\n|-unboost|p1a: Dusclops|atk|1\n|-unboost|p1b: Armarouge|atk|1\n|switch|p1b: Ursaluna|Ursaluna-Bloodmoon, L50, M|100\/100\n|move|p1a: Dusclops|Brick Break|p1b: Ursaluna\n|-supereffective|p1b: Ursaluna\n|-damage|p1b: Ursaluna|88\/100\n|-enditem|p1b: Ursaluna|Weakness Policy\n|-boost|p1b: Ursaluna|atk|2|[from] item: Weakness Policy\n|-boost|p1b: Ursaluna|spa|2|[from] item: Weakness Policy\n|move|p2b: Regieleki|Thunder Cage|p1b: Ursaluna\n|-immune|p1b: Ursaluna\n|\n|-damage|p1a: Dusclops|52\/100|[from] move: Thunder Cage|[partiallytrapped]\n|upkeep\n|turn|3\n|inactive|W_i_Pohemon has 30 seconds left.\n|inactive|ceriii has 30 seconds left.\n|inactive|W_i_Pohemon has 20 seconds left.\n|inactive|W_i_Pohemon has 15 seconds left.\n|inactive|W_i_Pohemon has 10 seconds left.\n|\n|t:|1700867534\n|-terastallize|p1b: Ursaluna|Normal\n|move|p2a: Arcanine|Protect|p2a: Arcanine\n|-singleturn|p2a: Arcanine|Protect\n|move|p1a: Dusclops|Pain Split|p2a: Arcanine\n|-activate|p2a: Arcanine|move: Protect\n|move|p1b: Ursaluna|Hyper Voice|p2b: Regieleki|[spread] p2b\n|-activate|p2a: Arcanine|move: Protect\n|-damage|p2b: Regieleki|0 fnt\n|faint|p2b: Regieleki\n|\n|-end|p1a: Dusclops|Thunder Cage|[partiallytrapped]|[silent]\n|upkeep\n|\n|t:|1700867545\n|switch|p2b: Ambipom|Ambipom, L50, M, tera:Normal|100\/100\n|turn|4\n|\n|t:|1700867565\n|move|p2b: Ambipom|Fake Out|p1b: Ursaluna\n|-damage|p1b: Ursaluna|49\/100\n|move|p1a: Dusclops|Pain Split|p2b: Ambipom\n|-sethp|p2b: Ambipom|75\/100|[from] move: Pain Split|[silent]\n|-sethp|p1a: Dusclops|77\/100|[from] move: Pain Split\n|cant|p1b: Ursaluna|flinch\n|move|p2a: Arcanine|Flare Blitz|p1b: Ursaluna\n|-damage|p1b: Ursaluna|2\/100\n|-damage|p2a: Arcanine|83\/100|[from] Recoil\n|\n|upkeep\n|turn|5\n|inactive|W_i_Pohemon has 30 seconds left.\n|\n|t:|1700867599\n|switch|p2b: Gholdengo|Gholdengo, L50|100\/100\n|move|p2a: Arcanine|Extreme Speed|p1b: Ursaluna\n|-damage|p1b: Ursaluna|0 fnt\n|faint|p1b: Ursaluna\n|move|p1a: Dusclops|Pain Split|p1: Ursaluna|[notarget]\n|-fail|p1a: Dusclops\n|\n|-fieldend|move: Trick Room\n|upkeep\n|-message|W_i_Pohemon forfeited.\n|\n|win|ceriii\n|raw|W_i_Pohemon's rating: 1139 &rarr; <strong>1108<\/strong><br \/>(-31 for losing)\n|raw|ceriii's rating: 1048 &rarr; <strong>1089<\/strong><br \/>(+41 for winning)\n|l|\u2606W_i_Pohemon\n","uploadtime":1700867629,"views":1,"p1id":"wipohemon","p2id":"ceriii","formatid":"gen9vgc2023regulatione","rating":1089,"private":0,"password":""}