{"id":"gen9vgc2023regulatione-1995162517","p1":"Ozwald McFly","p2":"Lernest","format":"[Gen 9] VGC 2023 Regulation E","log":"|j|\u2606Ozwald McFly\n|j|\u2606Lernest\n|t:|1700529565\n|gametype|doubles\n|player|p1|Ozwald McFly|birdkeeper-gen4dp|1421\n|player|p2|Lernest|tuber|1333\n|teamsize|p1|6\n|teamsize|p2|6\n|gen|9\n|tier|[Gen 9] VGC 2023 Regulation E\n|rated|\n|rule|Species Clause: Limit one of each Pok\u00e9mon\n|rule|Item Clause: Limit one of each item\n|clearpoke\n|poke|p1|Noctowl, L50, F|\n|poke|p1|Sandy Shocks, L50|\n|poke|p1|Espeon, L50, F|\n|poke|p1|Indeedee-F, L50, F|\n|poke|p1|Iron Hands, L50|\n|poke|p1|Decidueye-Hisui, L50, M|\n|poke|p2|Ursaluna, L50, F|\n|poke|p2|Roaring Moon, L50|\n|poke|p2|Armarouge, L50, M|\n|poke|p2|Torkoal, L50, M|\n|poke|p2|Indeedee-F, L50, F|\n|poke|p2|Bronzong, L50|\n|teampreview|4\n|\n|t:|1700529610\n|start\n|switch|p1a: Noctowl|Noctowl, L50, F|100\/100\n|switch|p1b: Sandy Shocks|Sandy Shocks, L50|100\/100\n|switch|p2a: Indeedee|Indeedee-F, L50, F|100\/100\n|switch|p2b: Roaring Moon|Roaring Moon, L50|100\/100\n|-fieldstart|move: Psychic Terrain|[from] ability: Psychic Surge|[of] p2a: Indeedee\n|-enditem|p2b: Roaring Moon|Booster Energy\n|-activate|p2b: Roaring Moon|ability: Protosynthesis|[fromitem]\n|-start|p2b: Roaring Moon|protosynthesisspe\n|-enditem|p1b: Sandy Shocks|Booster Energy\n|-activate|p1b: Sandy Shocks|ability: Protosynthesis|[fromitem]\n|-start|p1b: Sandy Shocks|protosynthesisspe\n|turn|1\n|\n|t:|1700529632\n|move|p2b: Roaring Moon|Breaking Swipe|p1a: Noctowl|[spread] p1a,p1b\n|-damage|p1a: Noctowl|80\/100\n|-damage|p1b: Sandy Shocks|74\/100\n|-unboost|p1b: Sandy Shocks|atk|1\n|move|p1b: Sandy Shocks|Gravity|p1b: Sandy Shocks\n|-fieldstart|move: Gravity\n|move|p1a: Noctowl|Hypnosis|p2a: Indeedee\n|-status|p2a: Indeedee|slp|[from] move: Hypnosis\n|cant|p2a: Indeedee|slp\n|\n|upkeep\n|turn|2\n|\n|t:|1700529654\n|move|p2b: Roaring Moon|Breaking Swipe|p1b: Sandy Shocks|[spread] p1a,p1b\n|-damage|p1a: Noctowl|59\/100\n|-damage|p1b: Sandy Shocks|48\/100\n|-unboost|p1b: Sandy Shocks|atk|1\n|move|p1b: Sandy Shocks|Earth Power|p2b: Roaring Moon\n|-damage|p2b: Roaring Moon|56\/100\n|move|p1a: Noctowl|Hypnosis|p2b: Roaring Moon\n|-status|p2b: Roaring Moon|slp|[from] move: Hypnosis\n|-curestatus|p2a: Indeedee|slp|[msg]\n|move|p2a: Indeedee|Trick Room|p2a: Indeedee\n|-fieldstart|move: Trick Room|[of] p2a: Indeedee\n|\n|upkeep\n|turn|3\n|\n|t:|1700529676\n|move|p2a: Indeedee|Dazzling Gleam|p1b: Sandy Shocks|[spread] p1a,p1b\n|-crit|p1b: Sandy Shocks\n|-damage|p1a: Noctowl|48\/100\n|-damage|p1b: Sandy Shocks|25\/100\n|move|p1a: Noctowl|Hypnosis|p2a: Indeedee\n|-status|p2a: Indeedee|slp|[from] move: Hypnosis\n|move|p1b: Sandy Shocks|Earth Power|p2b: Roaring Moon\n|-damage|p2b: Roaring Moon|17\/100 slp\n|cant|p2b: Roaring Moon|slp\n|\n|upkeep\n|turn|4\n|\n|t:|1700529713\n|cant|p2a: Indeedee|slp\n|move|p1a: Noctowl|Hypnosis|p2a: Indeedee\n|-fail|p2a: Indeedee|slp\n|move|p1b: Sandy Shocks|Earth Power|p2b: Roaring Moon\n|-damage|p2b: Roaring Moon|0 fnt\n|faint|p2b: Roaring Moon\n|-end|p2b: Roaring Moon|Protosynthesis|[silent]\n|\n|upkeep\n|\n|t:|1700529722\n|switch|p2b: Ursaluna|Ursaluna, L50, F|100\/100\n|turn|5\n|\n|t:|1700529749\n|move|p2b: Ursaluna|Protect|p2b: Ursaluna\n|-singleturn|p2b: Ursaluna|Protect\n|cant|p2a: Indeedee|slp\n|move|p1a: Noctowl|Hypnosis|p2b: Ursaluna\n|-activate|p2b: Ursaluna|move: Protect\n|move|p1b: Sandy Shocks|Earth Power|p2b: Ursaluna\n|-activate|p2b: Ursaluna|move: Protect\n|\n|-fieldend|move: Gravity\n|-fieldend|move: Psychic Terrain\n|-status|p2b: Ursaluna|brn|[from] item: Flame Orb\n|upkeep\n|turn|6\n|\n|t:|1700529765\n|move|p1b: Sandy Shocks|Protect|p1b: Sandy Shocks\n|-singleturn|p1b: Sandy Shocks|Protect\n|move|p2b: Ursaluna|Facade|p1a: Noctowl\n|-damage|p1a: Noctowl|0 fnt\n|faint|p1a: Noctowl\n|-curestatus|p2a: Indeedee|slp|[msg]\n|move|p2a: Indeedee|Dazzling Gleam|p1b: Sandy Shocks\n|-activate|p1b: Sandy Shocks|move: Protect\n|\n|-damage|p2b: Ursaluna|95\/100 brn|[from] brn\n|-fieldend|move: Trick Room\n|upkeep\n|\n|t:|1700529776\n|switch|p1a: Decidueye|Decidueye-Hisui, L50, M, shiny|100\/100\n|turn|7\n|\n|t:|1700529794\n|-terastallize|p1a: Decidueye|Fighting\n|move|p2a: Indeedee|Follow Me|p2a: Indeedee\n|-singleturn|p2a: Indeedee|move: Follow Me\n|move|p1b: Sandy Shocks|Earth Power|p2a: Indeedee\n|-damage|p2a: Indeedee|56\/100\n|move|p1a: Decidueye|Triple Arrows|p2a: Indeedee\n|-crit|p2a: Indeedee\n|-damage|p2a: Indeedee|0 fnt\n|faint|p2a: Indeedee\n|move|p2b: Ursaluna|Facade|p1a: Decidueye\n|-damage|p1a: Decidueye|0 fnt\n|faint|p1a: Decidueye\n|\n|-damage|p2b: Ursaluna|89\/100 brn|[from] brn\n|upkeep\n|\n|t:|1700529807\n|switch|p2a: Armarouge|Armarouge, L50, M|100\/100\n|switch|p1a: Iron Hands|Iron Hands, L50|100\/100\n|turn|8\n|\n|t:|1700529817\n|move|p2a: Armarouge|Endure|p2a: Armarouge\n|-singleturn|p2a: Armarouge|move: Endure\n|move|p2b: Ursaluna|Protect|p2b: Ursaluna\n|-singleturn|p2b: Ursaluna|Protect\n|move|p1b: Sandy Shocks|Earth Power|p2a: Armarouge\n|-supereffective|p2a: Armarouge\n|-activate|p2a: Armarouge|move: Endure\n|-damage|p2a: Armarouge|1\/100\n|-enditem|p2a: Armarouge|Weakness Policy\n|-boost|p2a: Armarouge|atk|2|[from] item: Weakness Policy\n|-boost|p2a: Armarouge|spa|2|[from] item: Weakness Policy\n|move|p1a: Iron Hands|Drain Punch|p2b: Ursaluna\n|-activate|p2b: Ursaluna|move: Protect\n|\n|-damage|p2b: Ursaluna|83\/100 brn|[from] brn\n|upkeep\n|turn|9\n|\n|t:|1700529833\n|move|p1b: Sandy Shocks|Earth Power|p2a: Armarouge\n|-supereffective|p2a: Armarouge\n|-damage|p2a: Armarouge|0 fnt\n|faint|p2a: Armarouge\n|move|p1a: Iron Hands|Drain Punch|p2b: Ursaluna\n|-supereffective|p2b: Ursaluna\n|-damage|p2b: Ursaluna|16\/100 brn\n|move|p2b: Ursaluna|Facade|p1a: Iron Hands\n|-damage|p1a: Iron Hands|19\/100\n|\n|-damage|p2b: Ursaluna|10\/100 brn|[from] brn\n|upkeep\n|turn|10\n|\n|t:|1700529849\n|move|p1b: Sandy Shocks|Earth Power|p2b: Ursaluna\n|-damage|p2b: Ursaluna|0 fnt\n|faint|p2b: Ursaluna\n|\n|win|Ozwald McFly\n|raw|Ozwald McFly's rating: 1421 &rarr; <strong>1436<\/strong><br \/>(+15 for winning)\n|raw|Lernest's rating: 1333 &rarr; <strong>1318<\/strong><br \/>(-15 for losing)\n|l|\u2606Lernest\n","uploadtime":1700529857,"views":3,"p1id":"ozwaldmcfly","p2id":"lernest","formatid":"gen9vgc2023regulatione","rating":1318,"private":0,"password":""}