{"id":"gen9vgc2023regulatione-1999372744","p1":"VortexTheGOAT","p2":"2018YGONatsChamp","format":"[Gen 9] VGC 2023 Regulation E","log":"|j|\u2606VortexTheGOAT\n|j|\u26062018YGONatsChamp\n|t:|1701068988\n|gametype|doubles\n|player|p1|VortexTheGOAT|102|1078\n|player|p2|2018YGONatsChamp|lance|1118\n|teamsize|p1|6\n|teamsize|p2|6\n|gen|9\n|tier|[Gen 9] VGC 2023 Regulation E\n|rated|\n|rule|Species Clause: Limit one of each Pok\u00e9mon\n|rule|Item Clause: Limit one of each item\n|clearpoke\n|poke|p1|Pelipper, L50, M|\n|poke|p1|Urshifu-*, L50, M|\n|poke|p1|Thundurus-Therian, L50, M|\n|poke|p1|Farigiraf, L50, M|\n|poke|p1|Weezing, L50, F|\n|poke|p1|Roaring Moon, L50|\n|poke|p2|Iron Hands, L50|\n|poke|p2|Gholdengo, L50|\n|poke|p2|Urshifu-*, L50, F|\n|poke|p2|Arcanine-Hisui, L50, F|\n|poke|p2|Tornadus, L50, M|\n|poke|p2|Amoonguss, L50, M|\n|teampreview|4\n|inactive|Battle timer is ON: inactive players will automatically lose when time's up. (requested by 2018YGONatsChamp)\n|inactive|VortexTheGOAT has 60 seconds left.\n|inactive|2018YGONatsChamp has 60 seconds left.\n|\n|t:|1701069046\n|start\n|switch|p1a: Pelipper|Pelipper, L50, M|100\/100\n|switch|p1b: Urshifu|Urshifu-Rapid-Strike, L50, M|100\/100\n|switch|p2a: Iron Hands|Iron Hands, L50, shiny|100\/100\n|switch|p2b: Amoonguss|Amoonguss, L50, M, shiny|100\/100\n|-weather|RainDance|[from] ability: Drizzle|[of] p1a: Pelipper\n|turn|1\n|inactive|2018YGONatsChamp has 30 seconds left.\n|inactive|2018YGONatsChamp has 20 seconds left.\n|inactive|2018YGONatsChamp has 15 seconds left.\n|\n|t:|1701069090\n|switch|p1b: Roaring Moon|Roaring Moon, L50|100\/100\n|-enditem|p1b: Roaring Moon|Booster Energy\n|-activate|p1b: Roaring Moon|ability: Protosynthesis|[fromitem]\n|-start|p1b: Roaring Moon|protosynthesisatk\n|-terastallize|p1a: Pelipper|Grass\n|-terastallize|p2a: Iron Hands|Water\n|move|p2b: Amoonguss|Protect|p2b: Amoonguss\n|-singleturn|p2b: Amoonguss|Protect\n|move|p1a: Pelipper|Hurricane|p2b: Amoonguss\n|-activate|p2b: Amoonguss|move: Protect\n|move|p2a: Iron Hands|Volt Switch|p1a: Pelipper\n|-resisted|p1a: Pelipper\n|-damage|p1a: Pelipper|89\/100\n|inactive|2018YGONatsChamp has 30 seconds left.\n|\n|t:|1701069116\n|-end|p2a: Iron Hands|Quark Drive|[silent]\n|switch|p2a: Arcanine|Arcanine-Hisui, L50, F|100\/100|[from] Volt Switch\n|-ability|p2a: Arcanine|Intimidate|boost\n|-unboost|p1a: Pelipper|atk|1\n|-unboost|p1b: Roaring Moon|atk|1\n|\n|-weather|RainDance|[upkeep]\n|upkeep\n|turn|2\n|inactive|2018YGONatsChamp has 30 seconds left.\n|inactive|2018YGONatsChamp has 20 seconds left.\n|inactive|2018YGONatsChamp has 15 seconds left.\n|inactive|2018YGONatsChamp has 10 seconds left.\n|\n|t:|1701069166\n|move|p2b: Amoonguss|Rage Powder|p2b: Amoonguss\n|-singleturn|p2b: Amoonguss|move: Rage Powder\n|move|p1b: Roaring Moon|Acrobatics|p2b: Amoonguss\n|-supereffective|p2b: Amoonguss\n|-damage|p2b: Amoonguss|43\/100\n|-enditem|p2b: Amoonguss|Sitrus Berry|[eat]\n|-heal|p2b: Amoonguss|68\/100|[from] item: Sitrus Berry\n|move|p2a: Arcanine|Rock Slide|p1a: Pelipper|[spread] p1a,p1b\n|-damage|p1a: Pelipper|26\/100\n|-damage|p1b: Roaring Moon|39\/100\n|move|p1a: Pelipper|Weather Ball|p2a: Arcanine\n|-supereffective|p2a: Arcanine\n|-crit|p2a: Arcanine\n|-damage|p2a: Arcanine|0 fnt\n|faint|p2a: Arcanine\n|\n|-weather|RainDance|[upkeep]\n|upkeep\n|inactive|2018YGONatsChamp has 30 seconds left.\n|\n|t:|1701069191\n|switch|p2a: Iron Hands|Iron Hands, L50, shiny, tera:Water|100\/100\n|turn|3\n|\n|t:|1701069207\n|switch|p1a: Weezing|Weezing, L50, F|100\/100\n|-ability|p1a: Weezing|Neutralizing Gas\n|move|p2b: Amoonguss|Protect|p2b: Amoonguss\n|-singleturn|p2b: Amoonguss|Protect\n|move|p1b: Roaring Moon|Breaking Swipe|p2a: Iron Hands|[spread] p2a\n|-activate|p2b: Amoonguss|move: Protect\n|-damage|p2a: Iron Hands|87\/100\n|-unboost|p2a: Iron Hands|atk|1\n|move|p2a: Iron Hands|Drain Punch|p1b: Roaring Moon\n|-supereffective|p1b: Roaring Moon\n|-damage|p1b: Roaring Moon|0 fnt\n|-heal|p2a: Iron Hands|99\/100|[from] drain|[of] p1b: Roaring Moon\n|faint|p1b: Roaring Moon\n|-end|p1b: Roaring Moon|Protosynthesis|[silent]\n|\n|-weather|RainDance|[upkeep]\n|upkeep\n|\n|t:|1701069224\n|switch|p1b: Urshifu|Urshifu-Rapid-Strike, L50, M|100\/100\n|turn|4\n|inactive|2018YGONatsChamp has 30 seconds left.\n|inactive|2018YGONatsChamp has 20 seconds left.\n|inactive|2018YGONatsChamp has 15 seconds left.\n|inactive|2018YGONatsChamp has 10 seconds left.\n|\n|t:|1701069271\n|move|p1b: Urshifu|Ice Spinner|p2b: Amoonguss\n|-supereffective|p2b: Amoonguss\n|-damage|p2b: Amoonguss|20\/100\n|move|p1a: Weezing|Will-O-Wisp|p2a: Iron Hands\n|-status|p2a: Iron Hands|brn\n|move|p2a: Iron Hands|Volt Switch|p1a: Weezing\n|-damage|p1a: Weezing|86\/100\n|\n|t:|1701069279\n|-end|p2a: Iron Hands|Quark Drive|[silent]\n|switch|p2a: Urshifu|Urshifu-Rapid-Strike, L50, F|100\/100|[from] Volt Switch\n|move|p2b: Amoonguss|Spore|p1a: Weezing\n|-status|p1a: Weezing|slp|[from] move: Spore\n|\n|-weather|RainDance|[upkeep]\n|upkeep\n|turn|5\n|inactive|2018YGONatsChamp has 30 seconds left.\n|\n|t:|1701069307\n|move|p2b: Amoonguss|Protect|p2b: Amoonguss\n|-singleturn|p2b: Amoonguss|Protect\n|move|p1b: Urshifu|Ice Spinner|p2b: Amoonguss\n|-activate|p2b: Amoonguss|move: Protect\n|move|p2a: Urshifu|Close Combat|p1b: Urshifu\n|-damage|p1b: Urshifu|34\/100\n|-unboost|p2a: Urshifu|def|1\n|-unboost|p2a: Urshifu|spd|1\n|cant|p1a: Weezing|slp\n|\n|-weather|none\n|upkeep\n|turn|6\n|inactive|2018YGONatsChamp has 30 seconds left.\n|inactive|2018YGONatsChamp has 20 seconds left.\n|\n|t:|1701069344\n|switch|p1b: Pelipper|Pelipper, L50, M, tera:Grass|26\/100\n|move|p2a: Urshifu|Close Combat|p1b: Pelipper\n|-damage|p1b: Pelipper|0 fnt\n|-unboost|p2a: Urshifu|def|1\n|-unboost|p2a: Urshifu|spd|1\n|faint|p1b: Pelipper\n|cant|p1a: Weezing|slp\n|move|p2b: Amoonguss|Spore|p1a: Weezing\n|-fail|p1a: Weezing|slp\n|\n|upkeep\n|\n|t:|1701069355\n|switch|p1b: Urshifu|Urshifu-Rapid-Strike, L50, M|34\/100\n|turn|7\n|inactive|VortexTheGOAT has 30 seconds left.\n|\n|t:|1701069387\n|move|p2b: Amoonguss|Rage Powder|p2b: Amoonguss\n|-singleturn|p2b: Amoonguss|move: Rage Powder\n|move|p1b: Urshifu|Surging Strikes|p2b: Amoonguss\n|-resisted|p2b: Amoonguss\n|-crit|p2b: Amoonguss\n|-damage|p2b: Amoonguss|11\/100\n|-resisted|p2b: Amoonguss\n|-crit|p2b: Amoonguss\n|-damage|p2b: Amoonguss|3\/100\n|-resisted|p2b: Amoonguss\n|-crit|p2b: Amoonguss\n|-damage|p2b: Amoonguss|0 fnt\n|faint|p2b: Amoonguss\n|-hitcount|p2: Amoonguss|3\n|move|p2a: Urshifu|Close Combat|p1b: Urshifu\n|-damage|p1b: Urshifu|0 fnt\n|-unboost|p2a: Urshifu|def|1\n|-unboost|p2a: Urshifu|spd|1\n|faint|p1b: Urshifu\n|cant|p1a: Weezing|slp\n|\n|upkeep\n|\n|t:|1701069403\n|switch|p2b: Iron Hands|Iron Hands, L50, shiny, tera:Water|99\/100 brn\n|turn|8\n|\n|t:|1701069423\n|move|p2b: Iron Hands|Fake Out|p1a: Weezing\n|-damage|p1a: Weezing|80\/100 slp\n|move|p2a: Urshifu|Surging Strikes|p1a: Weezing\n|-crit|p1a: Weezing\n|-damage|p1a: Weezing|57\/100 slp\n|-crit|p1a: Weezing\n|-damage|p1a: Weezing|36\/100 slp\n|-enditem|p1a: Weezing|Sitrus Berry|[eat]\n|-heal|p1a: Weezing|61\/100 slp|[from] item: Sitrus Berry\n|-crit|p1a: Weezing\n|-damage|p1a: Weezing|40\/100 slp\n|-hitcount|p1a: Weezing|3\n|-curestatus|p1a: Weezing|slp|[msg]\n|cant|p1a: Weezing|flinch\n|\n|-damage|p2b: Iron Hands|94\/100 brn|[from] brn\n|upkeep\n|turn|9\n|\n|t:|1701069440\n|move|p1a: Weezing|Protect|p1a: Weezing\n|-singleturn|p1a: Weezing|Protect\n|move|p2a: Urshifu|Surging Strikes|p1a: Weezing\n|-activate|p1a: Weezing|move: Protect\n|move|p2b: Iron Hands|Wild Charge|p1a: Weezing\n|-activate|p1a: Weezing|move: Protect\n|\n|-damage|p2b: Iron Hands|88\/100 brn|[from] brn\n|upkeep\n|turn|10\n|\n|t:|1701069453\n|move|p2a: Urshifu|Surging Strikes|p1a: Weezing\n|-crit|p1a: Weezing\n|-damage|p1a: Weezing|17\/100\n|-crit|p1a: Weezing\n|-damage|p1a: Weezing|0 fnt\n|faint|p1a: Weezing\n|-end|p1a: Weezing|ability: Neutralizing Gas\n|-hitcount|p1: Weezing|2\n|\n|win|2018YGONatsChamp\n|raw|VortexTheGOAT's rating: 1078 &rarr; <strong>1059<\/strong><br \/>(-19 for losing)\n|raw|2018YGONatsChamp's rating: 1118 &rarr; <strong>1140<\/strong><br \/>(+22 for winning)\n","uploadtime":1701069461,"views":1,"p1id":"vortexthegoat","p2id":"2018ygonatschamp","formatid":"gen9vgc2023regulatione","rating":1059,"private":0,"password":""}