{"id":"gen9vgc2023regulatione-1997009021","p1":"Peztlic","p2":"KilnFirelinkAlt","format":"[Gen 9] VGC 2023 Regulation E","log":"|j|\u2606Peztlic\n|j|\u2606KilnFirelinkAlt\n|t:|1700755196\n|gametype|doubles\n|player|p1|Peztlic|101|1103\n|player|p2|KilnFirelinkAlt|iris-gen5bw2|1053\n|teamsize|p1|6\n|teamsize|p2|6\n|gen|9\n|tier|[Gen 9] VGC 2023 Regulation E\n|rated|\n|rule|Species Clause: Limit one of each Pok\u00e9mon\n|rule|Item Clause: Limit one of each item\n|clearpoke\n|poke|p1|Volcarona, L50, M|\n|poke|p1|Ogerpon-Wellspring, L50, F|\n|poke|p1|Ting-Lu, L50|\n|poke|p1|Okidogi, L50, M|\n|poke|p1|Garganacl, L50, M|\n|poke|p1|Enamorus-Therian, L50, F|\n|poke|p2|Gengar, L50, M|\n|poke|p2|Gyarados, L50, M|\n|poke|p2|Snorlax, L50, M|\n|poke|p2|Golem, L50, M|\n|poke|p2|Scyther, L50, F|\n|poke|p2|Clefable, L50, M|\n|teampreview|4\nKilnFirelinkAlt rejected open team sheets.\n|\n|t:|1700755222\n|start\n|switch|p1a: Ting-Lu|Ting-Lu, L50|100\/100\n|switch|p1b: Enamorus|Enamorus-Therian, L50, F|100\/100\n|switch|p2a: Gengar|Gengar, L50, M|100\/100\n|switch|p2b: Snorlax|Snorlax, L50, M|100\/100\n|-ability|p1a: Ting-Lu|Vessel of Ruin\n|turn|1\n|\n|t:|1700755254\n|move|p2a: Gengar|Giga Drain|p1a: Ting-Lu\n|-supereffective|p1a: Ting-Lu\n|-damage|p1a: Ting-Lu|80\/100\n|move|p1b: Enamorus|Tailwind|p1b: Enamorus\n|-sidestart|p1: Peztlic|move: Tailwind\n|move|p1a: Ting-Lu|Body Press|p2b: Snorlax\n|-supereffective|p2b: Snorlax\n|-damage|p2b: Snorlax|67\/100\n|move|p2b: Snorlax|Yawn|p1a: Ting-Lu\n|-start|p1a: Ting-Lu|move: Yawn|[of] p2b: Snorlax\n|\n|-heal|p2b: Snorlax|73\/100|[from] item: Leftovers\n|upkeep\n|turn|2\n|\n|t:|1700755285\n|switch|p1a: Okidogi|Okidogi, L50, M|100\/100\n|move|p1b: Enamorus|Taunt|p2b: Snorlax\n|-start|p2b: Snorlax|move: Taunt\n|move|p2a: Gengar|Sludge Bomb|p1b: Enamorus\n|-supereffective|p1b: Enamorus\n|-crit|p1b: Enamorus\n|-damage|p1b: Enamorus|0 fnt\n|faint|p1b: Enamorus\n|cant|p2b: Snorlax|move: Taunt|Curse\n|\n|-heal|p2b: Snorlax|79\/100|[from] item: Leftovers\n|upkeep\n|\n|t:|1700755303\n|switch|p1b: Ting-Lu|Ting-Lu, L50|80\/100\n|-ability|p1b: Ting-Lu|Vessel of Ruin\n|turn|3\n|\n|t:|1700755317\n|move|p1a: Okidogi|Drain Punch|p2b: Snorlax\n|-supereffective|p2b: Snorlax\n|-damage|p2b: Snorlax|29\/100\n|move|p2a: Gengar|Psychic|p1a: Okidogi\n|-supereffective|p1a: Okidogi\n|-damage|p1a: Okidogi|0 fnt\n|faint|p1a: Okidogi\n|move|p1b: Ting-Lu|Body Press|p2b: Snorlax\n|-supereffective|p2b: Snorlax\n|-damage|p2b: Snorlax|0 fnt\n|faint|p2b: Snorlax\n|\n|upkeep\n|\n|t:|1700755332\n|switch|p1a: Garganacl|Garganacl, L50, M|100\/100\n|switch|p2b: Scyther|Scyther, L50, F|100\/100\n|turn|4\n|\n|t:|1700755351\n|-terastallize|p2a: Gengar|Fairy\n|move|p2a: Gengar|Giga Drain|p1a: Garganacl\n|-supereffective|p1a: Garganacl\n|-damage|p1a: Garganacl|61\/100\n|move|p1b: Ting-Lu|Rock Slide|p2a: Gengar|[spread] p2a,p2b\n|-supereffective|p2b: Scyther\n|-damage|p2a: Gengar|74\/100\n|-damage|p2b: Scyther|60\/100\n|move|p2b: Scyther|Swords Dance|p2b: Scyther\n|-boost|p2b: Scyther|atk|2\n|move|p1a: Garganacl|Salt Cure|p2b: Scyther\n|-supereffective|p2b: Scyther\n|-damage|p2b: Scyther|19\/100\n|-start|p2b: Scyther|Salt Cure\n|\n|-damage|p2b: Scyther|7\/100|[from] Salt Cure\n|-sideend|p1: Peztlic|move: Tailwind\n|upkeep\n|turn|5\n|\n|t:|1700755381\n|move|p1a: Garganacl|Protect|p1a: Garganacl\n|-singleturn|p1a: Garganacl|Protect\n|move|p2a: Gengar|Giga Drain|p1a: Garganacl\n|-activate|p1a: Garganacl|move: Protect\n|move|p2b: Scyther|Bug Bite|p1a: Garganacl\n|-activate|p1a: Garganacl|move: Protect\n|move|p1b: Ting-Lu|Earthquake|p2a: Gengar|[spread] p2a\n|-activate|p1a: Garganacl|move: Protect\n|-immune|p2b: Scyther\n|-damage|p2a: Gengar|24\/100\n|\n|-damage|p2b: Scyther|0 fnt|[from] Salt Cure\n|faint|p2b: Scyther\n|upkeep\n|\n|t:|1700755383\n|switch|p2b: Golem|Golem, L50, M|100\/100\n|turn|6\n|\n|t:|1700755413\n|move|p1a: Garganacl|Wide Guard|p1a: Garganacl\n|-singleturn|p1a: Garganacl|Wide Guard\n|move|p2a: Gengar|Giga Drain|p1a: Garganacl\n|-supereffective|p1a: Garganacl\n|-damage|p1a: Garganacl|24\/100\n|-heal|p2a: Gengar|46\/100|[from] drain|[of] p1a: Garganacl\n|move|p2b: Golem|Brick Break|p1a: Garganacl\n|-supereffective|p1a: Garganacl\n|-damage|p1a: Garganacl|0 fnt\n|-damage|p2b: Golem|84\/100|[from] item: Rocky Helmet|[of] p1a: Garganacl\n|faint|p1a: Garganacl\n|move|p1b: Ting-Lu|Rock Slide|p2b: Golem|[spread] p2a,p2b\n|-resisted|p2b: Golem\n|-damage|p2a: Gengar|22\/100\n|-damage|p2b: Golem|78\/100\n|\n|upkeep\n|turn|7\n|inactive|Battle timer is ON: inactive players will automatically lose when time's up. (requested by KilnFirelinkAlt)\n|\n|t:|1700755429\n|move|p2a: Gengar|Giga Drain|p1b: Ting-Lu\n|-supereffective|p1b: Ting-Lu\n|-damage|p1b: Ting-Lu|57\/100\n|-heal|p2a: Gengar|42\/100|[from] drain|[of] p1b: Ting-Lu\n|move|p1b: Ting-Lu|Earthquake|p2b: Golem|[spread] p2a,p2b\n|-supereffective|p2b: Golem\n|-damage|p2a: Gengar|0 fnt\n|-damage|p2b: Golem|32\/100\n|faint|p2a: Gengar\n|move|p2b: Golem|Brick Break|p1b: Ting-Lu\n|-supereffective|p1b: Ting-Lu\n|-damage|p1b: Ting-Lu|24\/100\n|\n|upkeep\n|turn|8\n|\n|t:|1700755442\n|move|p1b: Ting-Lu|Earthquake|p2b: Golem\n|-supereffective|p2b: Golem\n|-damage|p2b: Golem|0 fnt\n|faint|p2b: Golem\n|\n|win|Peztlic\n|raw|Peztlic's rating: 1103 &rarr; <strong>1124<\/strong><br \/>(+21 for winning)\n|raw|KilnFirelinkAlt's rating: 1053 &rarr; <strong>1038<\/strong><br \/>(-15 for losing)\n|c|\u2606KilnFirelinkAlt|gg you win\n","uploadtime":1700755451,"views":1,"p1id":"peztlic","p2id":"kilnfirelinkalt","formatid":"gen9vgc2023regulatione","rating":1038,"private":0,"password":""}