{"id":"gen9vgc2023regulatione-1999876555","p1":"MyDressUpDeerling","p2":"CanuckChum","format":"[Gen 9] VGC 2023 Regulation E","log":"|j|\u2606MyDressUpDeerling\n|j|\u2606CanuckChum\n|n|\u2606MyDressUpDeerling|mydressupdeerling\n|n|\u2606CanuckChum|canuckchum\n|html|View the match progress at <a href=\"\/game-bestof3-gen9vgc2023regulatione-1999876554\">game-bestof3-gen9vgc2023regulatione-1999876554<\/a>\n|t:|1701125348\n|gametype|doubles\n|player|p1|MyDressUpDeerling|carmine-festival|\n|player|p2|CanuckChum|colress|\n|teamsize|p1|6\n|teamsize|p2|6\n|gen|9\n|tier|[Gen 9] VGC 2023 Regulation E\n|rule|Species Clause: Limit one of each Pok\u00e9mon\n|rule|Item Clause: Limit one of each item\n|clearpoke\n|poke|p1|Urshifu-*, L50, M|\n|poke|p1|Ogerpon, L50, F|\n|poke|p1|Farigiraf, L50, M|\n|poke|p1|Landorus-Therian, L50, M|\n|poke|p1|Altaria, L50, F|\n|poke|p1|Thundurus-Therian, L50, M|\n|poke|p2|Gholdengo, L50|\n|poke|p2|Iron Jugulis, L50|\n|poke|p2|Misdreavus, L50, F|\n|poke|p2|Great Tusk, L50|\n|poke|p2|Baxcalibur, L50, F|\n|poke|p2|Tyranitar, L50, M|\n|teampreview|4\nMyDressUpDeerling rejected open team sheets.\n|c|\u2606MyDressUpDeerling|glhf\n|c|\u2606CanuckChum|glhf\n|\n|t:|1701125435\n|start\n|switch|p1a: Landorus|Landorus-Therian, L50, M|100\/100\n|switch|p1b: Thundurus|Thundurus-Therian, L50, M|100\/100\n|switch|p2a: Triad of Terror|Iron Jugulis, L50|100\/100\n|switch|p2b: Golden Joe|Gholdengo, L50|100\/100\n|-ability|p1a: Landorus|Intimidate|boost\n|-unboost|p2a: Triad of Terror|atk|1\n|-unboost|p2b: Golden Joe|atk|1\n|-enditem|p2a: Triad of Terror|Booster Energy\n|-activate|p2a: Triad of Terror|ability: Quark Drive|[fromitem]\n|-start|p2a: Triad of Terror|quarkdrivespe\n|turn|1\n|\n|t:|1701125470\n|move|p2a: Triad of Terror|Tailwind|p2a: Triad of Terror\n|-sidestart|p2: CanuckChum|move: Tailwind\n|move|p2b: Golden Joe|Nasty Plot|p2b: Golden Joe\n|-boost|p2b: Golden Joe|spa|2\n|move|p1b: Thundurus|Dark Pulse|p2b: Golden Joe\n|-supereffective|p2b: Golden Joe\n|-damage|p2b: Golden Joe|16\/100\n|-damage|p1b: Thundurus|91\/100|[from] item: Life Orb\n|move|p1a: Landorus|Rock Slide|p2b: Golden Joe|[spread] p2a,p2b\n|-supereffective|p2a: Triad of Terror\n|-resisted|p2b: Golden Joe\n|-damage|p2a: Triad of Terror|43\/100\n|-damage|p2b: Golden Joe|5\/100\n|\n|-heal|p2b: Golden Joe|11\/100|[from] item: Leftovers\n|upkeep\n|turn|2\n|\n|t:|1701125564\n|-terastallize|p2b: Golden Joe|Steel\n|-terastallize|p1a: Landorus|Water\n|move|p1b: Thundurus|Protect|p1b: Thundurus\n|-singleturn|p1b: Thundurus|Protect\n|move|p2a: Triad of Terror|Snarl|p1b: Thundurus|[spread] \n|-activate|p1b: Thundurus|move: Protect\n|-miss|p2a: Triad of Terror|p1a: Landorus\n|move|p2b: Golden Joe|Make It Rain|p1a: Landorus|[spread] p1a\n|-activate|p1b: Thundurus|move: Protect\n|-resisted|p1a: Landorus\n|-damage|p1a: Landorus|26\/100\n|-unboost|p2b: Golden Joe|spa|1\n|move|p1a: Landorus|Rock Slide|p2b: Golden Joe|[spread] p2a,p2b\n|-supereffective|p2a: Triad of Terror\n|-resisted|p2b: Golden Joe\n|-damage|p2a: Triad of Terror|0 fnt\n|-damage|p2b: Golden Joe|0 fnt\n|faint|p2a: Triad of Terror\n|-end|p2a: Triad of Terror|Quark Drive|[silent]\n|faint|p2b: Golden Joe\n|\n|upkeep\n|\n|t:|1701125581\n|switch|p2a: Diet Kyurem|Baxcalibur, L50, F|100\/100\n|switch|p2b: Nice Tusks|Great Tusk, L50|100\/100\n|turn|3\n|\n|t:|1701125607\n|move|p1a: Landorus|Protect|p1a: Landorus\n|-singleturn|p1a: Landorus|Protect\n|move|p2b: Nice Tusks|Knock Off|p1a: Landorus\n|-activate|p1a: Landorus|move: Protect\n|move|p2a: Diet Kyurem|Icicle Spear|p1b: Thundurus\n|-supereffective|p1b: Thundurus\n|-damage|p1b: Thundurus|47\/100\n|-supereffective|p1b: Thundurus\n|-damage|p1b: Thundurus|0 fnt\n|faint|p1b: Thundurus\n|-hitcount|p1: Thundurus|2\n|\n|upkeep\n|\n|t:|1701125631\n|switch|p1b: Urshifu|Urshifu, L50, M|100\/100\n|turn|4\n|\n|t:|1701125712\n|switch|p1a: Farigiraf|Farigiraf, L50, M|100\/100\n|move|p1b: Urshifu|Protect|p1b: Urshifu\n|-singleturn|p1b: Urshifu|Protect\n|move|p2a: Diet Kyurem|Glaive Rush|p1a: Farigiraf\n|-damage|p1a: Farigiraf|44\/100\n|-singlemove|p2a: Diet Kyurem|Glaive Rush|[silent]\n|-enditem|p1a: Farigiraf|Sitrus Berry|[eat]\n|-heal|p1a: Farigiraf|69\/100|[from] item: Sitrus Berry\n|move|p2b: Nice Tusks|Headlong Rush|p1b: Urshifu\n|-activate|p1b: Urshifu|move: Protect\n|\n|-sideend|p2: CanuckChum|move: Tailwind\n|upkeep\n|turn|5\n|\n|t:|1701125746\n|switch|p1b: Landorus|Landorus-Therian, L50, M, tera:Water|26\/100\n|-ability|p1b: Landorus|Intimidate|boost\n|-unboost|p2a: Diet Kyurem|atk|1\n|-unboost|p2b: Nice Tusks|atk|1\n|move|p2a: Diet Kyurem|Protect|p2a: Diet Kyurem\n|-singleturn|p2a: Diet Kyurem|Protect\n|move|p2b: Nice Tusks|Headlong Rush|p1b: Landorus\n|-damage|p1b: Landorus|0 fnt\n|-unboost|p2b: Nice Tusks|def|1\n|-unboost|p2b: Nice Tusks|spd|1\n|faint|p1b: Landorus\n|-damage|p2b: Nice Tusks|90\/100|[from] item: Life Orb\n|move|p1a: Farigiraf|Dazzling Gleam|p2b: Nice Tusks|[spread] p2b\n|-activate|p2a: Diet Kyurem|move: Protect\n|-supereffective|p2b: Nice Tusks\n|-damage|p2b: Nice Tusks|39\/100\n|\n|upkeep\n|\n|t:|1701125763\n|switch|p1b: Urshifu|Urshifu, L50, M|100\/100\n|turn|6\n|\n|t:|1701125834\n|move|p1b: Urshifu|Close Combat|p2a: Diet Kyurem\n|-supereffective|p2a: Diet Kyurem\n|-damage|p2a: Diet Kyurem|0 fnt\n|-unboost|p1b: Urshifu|def|1\n|-unboost|p1b: Urshifu|spd|1\n|faint|p2a: Diet Kyurem\n|move|p2b: Nice Tusks|Headlong Rush|p1b: Urshifu\n|-damage|p1b: Urshifu|15\/100\n|-unboost|p2b: Nice Tusks|def|1\n|-unboost|p2b: Nice Tusks|spd|1\n|-damage|p2b: Nice Tusks|29\/100|[from] item: Life Orb\n|move|p1a: Farigiraf|Dazzling Gleam|p2b: Nice Tusks\n|-supereffective|p2b: Nice Tusks\n|-damage|p2b: Nice Tusks|0 fnt\n|faint|p2b: Nice Tusks\n|-end|p2b: Nice Tusks|Protosynthesis|[silent]\n|\n|win|MyDressUpDeerling\n|c|&|\/uhtml prompt-canuckchum,CanuckChum is ready for game 2!\n|inactive|MyDressUpDeerling has 50 seconds to confirm battle start!\n|c|\u2606MyDressUpDeerling|gg\n|c|\u2606CanuckChum|gg\n|c|&|\/uhtml prompt-mydressupdeerling,MyDressUpDeerling is ready for game 2!\nBoth players are ready! Starting next match!\n","uploadtime":1701126245,"views":2,"p1id":"mydressupdeerling","p2id":"canuckchum","formatid":"gen9vgc2023regulatione","rating":0,"private":0,"password":""}