{"id":"gen9vgc2023regulatione-1998071050","p1":"BieberDialga","p2":"Shadowmime","format":"[Gen 9] VGC 2023 Regulation E","log":"|j|\u2606BieberDialga\n|j|\u2606Shadowmime\n|n|\u2606BieberDialga|bieberdialga\n|n|\u2606Shadowmime|shadowmime\n|html|View the match progress at <a href=\"\/game-bestof3-gen9vgc2023regulatione-1998071049\">game-bestof3-gen9vgc2023regulatione-1998071049<\/a>\n|t:|1700886739\n|gametype|doubles\n|player|p1|BieberDialga|larry|\n|player|p2|Shadowmime|101|\n|teamsize|p1|6\n|teamsize|p2|6\n|gen|9\n|tier|[Gen 9] VGC 2023 Regulation E\n|rule|Species Clause: Limit one of each Pok\u00e9mon\n|rule|Item Clause: Limit one of each item\n|clearpoke\n|poke|p1|Landorus-Therian, L50, M|\n|poke|p1|Amoonguss, L50, M|\n|poke|p1|Iron Hands, L50|\n|poke|p1|Flutter Mane, L50|\n|poke|p1|Chien-Pao, L50|\n|poke|p1|Ogerpon-Wellspring, L50, F|\n|poke|p2|Armarouge, L50, F|\n|poke|p2|Indeedee-F, L50, F|\n|poke|p2|Roaring Moon, L50|\n|poke|p2|Urshifu-*, L50, F|\n|poke|p2|Flutter Mane, L50|\n|poke|p2|Rillaboom, L50, M|\n|teampreview|4\nBieberDialga has agreed to open team sheets.\nShadowmime has agreed to open team sheets.\n|showteam|p1|Landorus-Therian||ChoiceScarf|Intimidate|StompingTantrum,TeraBlast,Uturn,RockSlide|||M|||50|,,,,,Flying]Amoonguss||SitrusBerry|Regenerator|Protect,Spore,RagePowder,PollenPuff|||M|||50|,,,,,Water]Iron Hands||AssaultVest|QuarkDrive|DrainPunch,WildCharge,FakeOut,VoltSwitch||||||50|,,,,,Fire]Flutter Mane||ChoiceSpecs|Protosynthesis|Moonblast,DazzlingGleam,ShadowBall,IcyWind||||||50|,,,,,Fairy]Chien-Pao||FocusSash|SwordofRuin|IceSpinner,SuckerPunch,SacredSword,Protect||||||50|,,,,,Ghost]Ogerpon-Wellspring||WellspringMask|WaterAbsorb|SwordsDance,HornLeech,IvyCudgel,SpikyShield|||F|||50|,,,,,Water\n|showteam|p2|Armarouge||WeaknessPolicy|WeakArmor|Endure,StoredPower,HeatWave,ExpandingForce|||F|||50|,,,,,Psychic]Indeedee-F||RockyHelmet|PsychicSurge|TrickRoom,FollowMe,HelpingHand,DazzlingGleam|||F|||50|,,,,,Dragon]Roaring Moon||BoosterEnergy|Protosynthesis|Uturn,Tailwind,KnockOff,Earthquake||||||50|,,,,,Poison]Urshifu-Rapid-Strike||ChoiceScarf|UnseenFist|Uturn,SurgingStrikes,CloseCombat,AquaJet|||F|||50|,,,,,Water]Flutter Mane||ChoiceSpecs|Protosynthesis|DazzlingGleam,Moonblast,ShadowBall,PerishSong||||||50|,,,,,Fairy]Rillaboom||MiracleSeed|GrassySurge|GrassyGlide,WoodHammer,FakeOut,Protect|||M|||50|,,,,,Grass\n|\n|t:|1700887019\n|start\n|switch|p1a: King Dedede|Iron Hands, L50|100\/100\n|switch|p1b: Ike|Chien-Pao, L50|100\/100\n|switch|p2a: Rillaboom|Rillaboom, L50, M|100\/100\n|switch|p2b: Urshifu|Urshifu-Rapid-Strike, L50, F|100\/100\n|-ability|p1b: Ike|Sword of Ruin\n|-fieldstart|move: Grassy Terrain|[from] ability: Grassy Surge|[of] p2a: Rillaboom\n|turn|1\n|\n|t:|1700887102\n|-end|p1a: King Dedede|Quark Drive|[silent]\n|switch|p1a: Olimar|Amoonguss, L50, M|100\/100\n|-terastallize|p2b: Urshifu|Water\n|move|p2a: Rillaboom|Fake Out|p1a: Olimar\n|-damage|p1a: Olimar|85\/100\n|move|p2b: Urshifu|Surging Strikes|p1b: Ike\n|-crit|p1b: Ike\n|-damage|p1b: Ike|61\/100\n|-crit|p1b: Ike\n|-damage|p1b: Ike|25\/100\n|-crit|p1b: Ike\n|-damage|p1b: Ike|0 fnt\n|faint|p1b: Ike\n|-hitcount|p1: Ike|3\n|\n|-heal|p1a: Olimar|91\/100|[from] Grassy Terrain\n|upkeep\n|\n|t:|1700887138\n|switch|p1b: King Dedede|Iron Hands, L50|100\/100\n|turn|2\n|\n|t:|1700887158\n|switch|p2b: Indeedee|Indeedee-F, L50, F|100\/100\n|-fieldstart|move: Psychic Terrain|[from] ability: Psychic Surge|[of] p2b: Indeedee\n|move|p1b: King Dedede|Fake Out|p2a: Rillaboom\n|-activate|p2a: Rillaboom|move: Psychic Terrain\n|move|p2a: Rillaboom|Wood Hammer|p1b: King Dedede\n|-damage|p1b: King Dedede|44\/100\n|-damage|p2a: Rillaboom|79\/100|[from] Recoil\n|move|p1a: Olimar|Spore|p2b: Indeedee\n|-status|p2b: Indeedee|slp|[from] move: Spore\n|\n|upkeep\n|turn|3\n|\n|t:|1700887201\n|-terastallize|p1b: King Dedede|Fire\n|cant|p2b: Indeedee|slp\n|move|p2a: Rillaboom|Wood Hammer|p1b: King Dedede\n|-resisted|p1b: King Dedede\n|-damage|p1b: King Dedede|17\/100\n|-damage|p2a: Rillaboom|69\/100|[from] Recoil\n|move|p1b: King Dedede|Drain Punch|p2a: Rillaboom\n|-damage|p2a: Rillaboom|29\/100\n|-heal|p1b: King Dedede|34\/100|[from] drain|[of] p2a: Rillaboom\n|move|p1a: Olimar|Pollen Puff|p1b: King Dedede\n|-heal|p1b: King Dedede|84\/100\n|\n|upkeep\n|turn|4\n|\n|t:|1700887252\n|move|p2a: Rillaboom|Wood Hammer|p1b: King Dedede\n|-resisted|p1b: King Dedede\n|-damage|p1b: King Dedede|54\/100\n|-damage|p2a: Rillaboom|18\/100|[from] Recoil\n|-curestatus|p2b: Indeedee|slp|[msg]\n|move|p2b: Indeedee|Dazzling Gleam|p1a: Olimar|[spread] p1a,p1b\n|-resisted|p1a: Olimar\n|-resisted|p1b: King Dedede\n|-damage|p1a: Olimar|85\/100\n|-damage|p1b: King Dedede|51\/100\n|move|p1b: King Dedede|Wild Charge|p2a: Rillaboom\n|-resisted|p2a: Rillaboom\n|-damage|p2a: Rillaboom|0 fnt\n|faint|p2a: Rillaboom\n|-damage|p1b: King Dedede|47\/100|[from] Recoil\n|move|p1a: Olimar|Pollen Puff|p1b: King Dedede\n|-heal|p1b: King Dedede|97\/100\n|\n|upkeep\n|\n|t:|1700887269\n|switch|p2a: Armarouge|Armarouge, L50, F|100\/100\n|turn|5\n|\n|t:|1700887315\n|move|p2b: Indeedee|Helping Hand|p2a: Armarouge\n|-singleturn|p2a: Armarouge|Helping Hand|[of] p2b: Indeedee\n|move|p1a: Olimar|Protect|p1a: Olimar\n|-singleturn|p1a: Olimar|Protect\n|move|p2a: Armarouge|Expanding Force|p1b: King Dedede|[spread] p1b\n|-activate|p1a: Olimar|move: Protect\n|-damage|p1b: King Dedede|45\/100\n|move|p1b: King Dedede|Drain Punch|p2b: Indeedee\n|-damage|p2b: Indeedee|60\/100\n|-heal|p1b: King Dedede|60\/100|[from] drain|[of] p2b: Indeedee\n|-damage|p1b: King Dedede|43\/100|[from] item: Rocky Helmet|[of] p2b: Indeedee\n|\n|upkeep\n|turn|6\n|\n|t:|1700887363\n|-end|p1b: King Dedede|Quark Drive|[silent]\n|switch|p1b: Samus|Ogerpon-Wellspring, L50, F|100\/100\n|move|p2b: Indeedee|Helping Hand|p2a: Armarouge\n|-singleturn|p2a: Armarouge|Helping Hand|[of] p2b: Indeedee\n|move|p1a: Olimar|Protect||[still]\n|-fail|p1a: Olimar\n|move|p2a: Armarouge|Expanding Force|p1b: Samus|[spread] p1a,p1b\n|-supereffective|p1a: Olimar\n|-damage|p1a: Olimar|0 fnt\n|-damage|p1b: Samus|6\/100\n|faint|p1a: Olimar\n|\n|-fieldend|move: Psychic Terrain\n|upkeep\n|\n|t:|1700887374\n|switch|p1a: King Dedede|Iron Hands, L50, tera:Fire|43\/100\n|turn|7\n|\n|t:|1700887419\n|move|p2b: Indeedee|Follow Me|p2b: Indeedee\n|-singleturn|p2b: Indeedee|move: Follow Me\n|move|p1b: Samus|Horn Leech|p2b: Indeedee\n|-damage|p2b: Indeedee|21\/100\n|-heal|p1b: Samus|26\/100|[from] drain|[of] p2b: Indeedee\n|-damage|p1b: Samus|10\/100|[from] item: Rocky Helmet|[of] p2b: Indeedee\n|move|p2a: Armarouge|Expanding Force|p1a: King Dedede\n|-damage|p1a: King Dedede|22\/100\n|move|p1a: King Dedede|Drain Punch|p2b: Indeedee\n|-damage|p2b: Indeedee|0 fnt\n|-heal|p1a: King Dedede|30\/100|[from] drain|[of] p2b: Indeedee\n|-damage|p1a: King Dedede|13\/100|[from] item: Rocky Helmet|[of] p2b: Indeedee\n|faint|p2b: Indeedee\n|\n|upkeep\n|\n|t:|1700887428\n|switch|p2b: Urshifu|Urshifu-Rapid-Strike, L50, F, tera:Water|100\/100\n|turn|8\n|\n|t:|1700887445\n|move|p2b: Urshifu|Close Combat|p1b: Samus\n|-damage|p1b: Samus|0 fnt\n|-unboost|p2b: Urshifu|def|1\n|-unboost|p2b: Urshifu|spd|1\n|faint|p1b: Samus\n|move|p2a: Armarouge|Expanding Force|p1a: King Dedede\n|-damage|p1a: King Dedede|0 fnt\n|faint|p1a: King Dedede\n|-end|p1a: King Dedede|Quark Drive|[silent]\n|\n|win|Shadowmime\n|c|&|\/uhtml prompt-shadowmime,Shadowmime is ready for game 2!\n","uploadtime":1700887454,"views":5,"p1id":"bieberdialga","p2id":"shadowmime","formatid":"gen9vgc2023regulatione","rating":0,"private":0,"password":""}