{"id":"gen9vgc2023regulatione-1998732272","p1":"Espara","p2":"Tomisatonekona","format":"[Gen 9] VGC 2023 Regulation E","log":"|j|\u2606Espara\n|j|\u2606Tomisatonekona\n|t:|1700979657\n|gametype|doubles\n|player|p1|Espara|lady|1034\n|player|p2|Tomisatonekona|benga|1133\n|teamsize|p1|6\n|teamsize|p2|6\n|gen|9\n|tier|[Gen 9] VGC 2023 Regulation E\n|rated|\n|rule|Species Clause: Limit one of each Pok\u00e9mon\n|rule|Item Clause: Limit one of each item\n|clearpoke\n|poke|p1|Froslass, L50, F|\n|poke|p1|Bombirdier, L50, F|\n|poke|p1|Florges, L50, F|\n|poke|p1|Arcanine-Hisui, L50, M|\n|poke|p1|Sawsbuck-Winter, L50, F|\n|poke|p1|Dragalge, L50, M|\n|poke|p2|Dragapult, L50, M|\n|poke|p2|Landorus-Therian, L50, M|\n|poke|p2|Rillaboom, L50, F|\n|poke|p2|Ninetales-Alola, L50, M|\n|poke|p2|Sneasler, L50, F|\n|poke|p2|Farigiraf, L50, M|\n|teampreview|4\n|\n|t:|1700979693\n|start\n|switch|p1a: Froslass|Froslass, L50, F, shiny|100\/100\n|switch|p1b: Bombirdier|Bombirdier, L50, F, shiny|100\/100\n|switch|p2a: Farigiraf|Farigiraf, L50, M|100\/100\n|switch|p2b: Dragapult|Dragapult, L50, M|100\/100\n|turn|1\n|\n|t:|1700979711\n|-terastallize|p2b: Dragapult|Ghost\n|move|p2b: Dragapult|Phantom Force||[still]\n|-prepare|p2b: Dragapult|Phantom Force\n|move|p1a: Froslass|Icy Wind|p2a: Farigiraf|[spread] p2a\n|-miss|p1a: Froslass|p2b: Dragapult\n|-damage|p2a: Farigiraf|85\/100\n|-unboost|p2a: Farigiraf|spe|1\n|move|p1b: Bombirdier|Tailwind|p1b: Bombirdier\n|-sidestart|p1: Espara|move: Tailwind\n|move|p2a: Farigiraf|Dazzling Gleam|p1a: Froslass|[spread] p1a,p1b\n|-supereffective|p1b: Bombirdier\n|-damage|p1a: Froslass|74\/100\n|-damage|p1b: Bombirdier|59\/100\n|-start|p2a: Farigiraf|Disable|Dazzling Gleam|[from] ability: Cursed Body|[of] p1a: Froslass\n|\n|upkeep\n|turn|2\n|\n|t:|1700979729\n|move|p1a: Froslass|Destiny Bond|p1a: Froslass\n|-singlemove|p1a: Froslass|Destiny Bond\n|move|p1b: Bombirdier|Knock Off|p2a: Farigiraf\n|-supereffective|p2a: Farigiraf\n|-damage|p2a: Farigiraf|19\/100\n|-damage|p1b: Bombirdier|43\/100|[from] item: Rocky Helmet|[of] p2a: Farigiraf\n|-enditem|p2a: Farigiraf|Rocky Helmet|[from] move: Knock Off|[of] p1b: Bombirdier\n|move|p2b: Dragapult|Phantom Force|p1a: Froslass|[from]lockedmove\n|-supereffective|p1a: Froslass\n|-damage|p1a: Froslass|0 fnt\n|-start|p2b: Dragapult|Disable|Phantom Force|[from] ability: Cursed Body|[of] p1a: Froslass\n|faint|p1a: Froslass\n|-activate|p1a: Froslass|move: Destiny Bond\n|faint|p2b: Dragapult\n|move|p2a: Farigiraf|Trick Room|p2a: Farigiraf\n|-fieldstart|move: Trick Room|[of] p2a: Farigiraf\n|\n|upkeep\n|\n|t:|1700979749\n|switch|p1a: Florges|Florges, L50, F, shiny|100\/100\n|switch|p2b: Sneasler|Sneasler, L50, F|100\/100\n|turn|3\n|\n|t:|1700979773\n|move|p2a: Farigiraf|Psychic|p1b: Bombirdier\n|-immune|p1b: Bombirdier\n|move|p2b: Sneasler|Dire Claw|p1a: Florges\n|-supereffective|p1a: Florges\n|-damage|p1a: Florges|0 fnt\n|faint|p1a: Florges\n|move|p1b: Bombirdier|Rock Slide|p2b: Sneasler|[spread] p2a,p2b\n|-resisted|p2b: Sneasler\n|-damage|p2a: Farigiraf|1\/100\n|-damage|p2b: Sneasler|82\/100\n|\n|upkeep\n|\n|t:|1700979783\n|switch|p1a: Dragalge|Dragalge, L50, M, shiny|100\/100\n|turn|4\n|\n|t:|1700979800\n|switch|p2b: Landorus|Landorus-Therian, L50, M|100\/100\n|-ability|p2b: Landorus|Intimidate|boost\n|-unboost|p1a: Dragalge|atk|1\n|-unboost|p1b: Bombirdier|atk|1\n|move|p1b: Bombirdier|Protect|p1b: Bombirdier\n|-singleturn|p1b: Bombirdier|Protect\n|move|p2a: Farigiraf|Psychic|p1a: Dragalge\n|-supereffective|p1a: Dragalge\n|-damage|p1a: Dragalge|62\/100\n|-unboost|p1a: Dragalge|spd|1\n|move|p1a: Dragalge|Focus Blast|p2b: Landorus\n|-resisted|p2b: Landorus\n|-damage|p2b: Landorus|77\/100\n|-unboost|p2b: Landorus|spd|1\n|\n|-end|p2a: Farigiraf|Disable\n|-sideend|p1: Espara|move: Tailwind\n|upkeep\n|turn|5\n|\n|t:|1700979842\n|-terastallize|p1a: Dragalge|Water\n|move|p2a: Farigiraf|Psychic|p1a: Dragalge\n|-damage|p1a: Dragalge|34\/100\n|move|p1a: Dragalge|Hydro Pump|p2b: Landorus\n|-supereffective|p2b: Landorus\n|-damage|p2b: Landorus|0 fnt\n|faint|p2b: Landorus\n|move|p1b: Bombirdier|Knock Off|p2a: Farigiraf\n|-supereffective|p2a: Farigiraf\n|-crit|p2a: Farigiraf\n|-damage|p2a: Farigiraf|0 fnt\n|faint|p2a: Farigiraf\n|\n|upkeep\n|\n|t:|1700979858\n|switch|p2b: Sneasler|Sneasler, L50, F|82\/100\n|turn|6\n|\n|t:|1700979869\n|move|p2b: Sneasler|Protect|p2b: Sneasler\n|-singleturn|p2b: Sneasler|Protect\n|move|p1a: Dragalge|Hydro Pump|p2b: Sneasler\n|-activate|p2b: Sneasler|move: Protect\n|move|p1b: Bombirdier|Knock Off|p2b: Sneasler\n|-activate|p2b: Sneasler|move: Protect\n|\n|-fieldend|move: Trick Room\n|upkeep\n|turn|7\n|\n|t:|1700979881\n|move|p2b: Sneasler|Dire Claw|p1a: Dragalge\n|-damage|p1a: Dragalge|0 fnt\n|faint|p1a: Dragalge\n|move|p1b: Bombirdier|Knock Off|p2b: Sneasler\n|-resisted|p2b: Sneasler\n|-damage|p2b: Sneasler|61\/100\n|-enditem|p2b: Sneasler|Grassy Seed|[from] move: Knock Off|[of] p1b: Bombirdier\n|\n|upkeep\n|turn|8\n|\n|t:|1700979892\n|move|p2b: Sneasler|Close Combat|p1b: Bombirdier\n|-damage|p1b: Bombirdier|0 fnt\n|-unboost|p2b: Sneasler|def|1\n|-unboost|p2b: Sneasler|spd|1\n|faint|p1b: Bombirdier\n|\n|win|Tomisatonekona\n|raw|Espara's rating: 1034 &rarr; <strong>1023<\/strong><br \/>(-11 for losing)\n|raw|Tomisatonekona's rating: 1133 &rarr; <strong>1151<\/strong><br \/>(+18 for winning)\n|c|\u2606Espara|gg\n","uploadtime":1700979900,"views":14,"p1id":"espara","p2id":"tomisatonekona","formatid":"gen9vgc2023regulatione","rating":1023,"private":0,"password":""}