{"id":"gen9vgc2023regulatione-1995551547","p1":"ApoVGC","p2":"kinderlew","format":"[Gen 9] VGC 2023 Regulation E","log":"|j|\u2606ApoVGC\n|j|\u2606kinderlew\n|t:|1700582148\n|gametype|doubles\n|player|p1|ApoVGC|266|1502\n|player|p2|kinderlew|266|1532\n|teamsize|p1|6\n|teamsize|p2|6\n|gen|9\n|tier|[Gen 9] VGC 2023 Regulation E\n|rated|\n|rule|Species Clause: Limit one of each Pok\u00e9mon\n|rule|Item Clause: Limit one of each item\n|clearpoke\n|poke|p1|Garchomp, L50, M|\n|poke|p1|Kommo-o, L50, M|\n|poke|p1|Dragapult, L50, M|\n|poke|p1|Goodra-Hisui, L50, F|\n|poke|p1|Tatsugiri, L50, F|\n|poke|p1|Roaring Moon, L50|\n|poke|p2|Flutter Mane, L50|\n|poke|p2|Heatran, L50, F|\n|poke|p2|Cresselia, L50, F|\n|poke|p2|Ogerpon-Wellspring, L50, F|\n|poke|p2|Iron Hands, L50|\n|poke|p2|Landorus-Therian, L50, M|\n|teampreview|4\n|inactive|Battle timer is ON: inactive players will automatically lose when time's up. (requested by ApoVGC)\n|inactive|ApoVGC has 60 seconds left.\n|inactive|kinderlew has 60 seconds left.\n|inactive|kinderlew has 30 seconds left.\n|j| FlaminGecko\n|inactive|kinderlew has 20 seconds left.\n|inactive|kinderlew has 15 seconds left.\n|inactive|kinderlew has 10 seconds left.\n|inactive|kinderlew has 5 seconds left.\n|\n|t:|1700582240\n|start\n|switch|p1a: Garchomp|Garchomp, L50, M, shiny|100\/100\n|switch|p1b: Goodra|Goodra-Hisui, L50, F|100\/100\n|switch|p2a: Flutter Mane|Flutter Mane, L50, shiny|100\/100\n|switch|p2b: Heatran|Heatran, L50, F|100\/100\n|turn|1\n|\n|t:|1700582252\n|-terastallize|p2a: Flutter Mane|Fairy\n|-terastallize|p1a: Garchomp|Fire\n|move|p2a: Flutter Mane|Moonblast|p1b: Goodra\n|-damage|p1b: Goodra|41\/100\n|-unboost|p1b: Goodra|spa|1\n|move|p1a: Garchomp|Swords Dance|p1a: Garchomp\n|-boost|p1a: Garchomp|atk|2\n|move|p2b: Heatran|Earth Power|p1b: Goodra\n|-supereffective|p1b: Goodra\n|-damage|p1b: Goodra|0 fnt\n|faint|p1b: Goodra\n|\n|upkeep\n|\n|t:|1700582264\n|switch|p1b: Roaring Moon|Roaring Moon, L50|100\/100\n|-enditem|p1b: Roaring Moon|Booster Energy\n|-activate|p1b: Roaring Moon|ability: Protosynthesis|[fromitem]\n|-start|p1b: Roaring Moon|protosynthesisspe\n|turn|2\n|\n|t:|1700582285\n|-end|p2a: Flutter Mane|Protosynthesis|[silent]\n|switch|p2a: Cresselia|Cresselia, L50, F|100\/100\n|move|p2b: Heatran|Protect|p2b: Heatran\n|-singleturn|p2b: Heatran|Protect\n|move|p1b: Roaring Moon|Acrobatics|p2a: Cresselia\n|-damage|p2a: Cresselia|74\/100\n|move|p1a: Garchomp|Rock Slide|p2b: Heatran|[spread] p2a\n|-activate|p2b: Heatran|move: Protect\n|-damage|p2a: Cresselia|46\/100\n|-enditem|p2a: Cresselia|Sitrus Berry|[eat]\n|-heal|p2a: Cresselia|71\/100|[from] item: Sitrus Berry\n|\n|upkeep\n|turn|3\n|\n|t:|1700582308\n|move|p1b: Roaring Moon|Knock Off|p2a: Cresselia\n|-supereffective|p2a: Cresselia\n|-damage|p2a: Cresselia|25\/100\n|move|p1a: Garchomp|Stomping Tantrum|p2b: Heatran\n|-supereffective|p2b: Heatran\n|-enditem|p2b: Heatran|Shuca Berry|[eat]\n|-enditem|p2b: Heatran|Shuca Berry|[weaken]\n|-damage|p2b: Heatran|0 fnt\n|faint|p2b: Heatran\n|move|p2a: Cresselia|Psychic|p1a: Garchomp\n|-damage|p1a: Garchomp|61\/100\n|\n|upkeep\n|\n|t:|1700582320\n|switch|p2b: Ogerpon|Ogerpon-Wellspring, L50, F|100\/100\n|turn|4\n|\n|t:|1700582332\n|-end|p1b: Roaring Moon|Protosynthesis|[silent]\n|switch|p1b: Tatsugiri|Tatsugiri, L50, F|100\/100\n|move|p1a: Garchomp|Rock Slide|p2b: Ogerpon|[spread] p2a,p2b\n|-damage|p2a: Cresselia|0 fnt\n|-damage|p2b: Ogerpon|63\/100\n|faint|p2a: Cresselia\n|move|p2b: Ogerpon|Ivy Cudgel|p1b: Tatsugiri|[anim] Ivy Cudgel Water\n|-activate|p1b: Tatsugiri|ability: Storm Drain\n|-ability|p1b: Tatsugiri|Storm Drain|boost\n|-boost|p1b: Tatsugiri|spa|1\n|\n|upkeep\n|\n|t:|1700582341\n|switch|p2a: Flutter Mane|Flutter Mane, L50, shiny, tera:Fairy|100\/100\n|turn|5\n|\n|t:|1700582356\n|move|p1a: Garchomp|Protect|p1a: Garchomp\n|-singleturn|p1a: Garchomp|Protect\n|move|p2a: Flutter Mane|Power Gem|p1a: Garchomp\n|-activate|p1a: Garchomp|move: Protect\n|move|p2b: Ogerpon|Horn Leech|p1b: Tatsugiri\n|-damage|p1b: Tatsugiri|23\/100\n|-heal|p2b: Ogerpon|93\/100|[from] drain|[of] p1b: Tatsugiri\n|move|p1b: Tatsugiri|Icy Wind|p2a: Flutter Mane|[spread] p2a,p2b\n|-damage|p2a: Flutter Mane|82\/100\n|-damage|p2b: Ogerpon|72\/100\n|-unboost|p2a: Flutter Mane|spe|1\n|-unboost|p2b: Ogerpon|spe|1\n|\n|upkeep\n|turn|6\n|inactive|ApoVGC has 30 seconds left.\n|\n|t:|1700582385\n|move|p2b: Ogerpon|Follow Me|p2b: Ogerpon\n|-singleturn|p2b: Ogerpon|move: Follow Me\n|move|p1a: Garchomp|Stomping Tantrum|p2b: Ogerpon\n|-resisted|p2b: Ogerpon\n|-damage|p2b: Ogerpon|35\/100\n|move|p1b: Tatsugiri|Dragon Pulse|p2b: Ogerpon\n|-damage|p2b: Ogerpon|0 fnt\n|faint|p2b: Ogerpon\n|move|p2a: Flutter Mane|Power Gem|p1a: Garchomp\n|-supereffective|p1a: Garchomp\n|-damage|p1a: Garchomp|0 fnt\n|faint|p1a: Garchomp\n|\n|upkeep\n|\n|t:|1700582396\n|switch|p1a: Roaring Moon|Roaring Moon, L50|100\/100\n|turn|7\n|-message|kinderlew forfeited.\n|\n|win|ApoVGC\n|raw|ApoVGC's rating: 1502 &rarr; <strong>1524<\/strong><br \/>(+22 for winning)\n|raw|kinderlew's rating: 1532 &rarr; <strong>1510<\/strong><br \/>(-22 for losing)\n|l|\u2606kinderlew\n|l| FlaminGecko\n","uploadtime":1700582426,"views":2,"p1id":"apovgc","p2id":"kinderlew","formatid":"gen9vgc2023regulatione","rating":1510,"private":0,"password":""}