{"id":"gen9vgc2023regulatione-1988646839","p1":"Itaker1ddl1n","p2":"yunfz","format":"[Gen 9] VGC 2023 Regulation E","log":"|j|\u2606Itaker1ddl1n\n|j|\u2606yunfz\n|t:|1699745853\n|gametype|doubles\n|player|p1|Itaker1ddl1n|170|1005\n|player|p2|yunfz|101|1102\n|teamsize|p1|6\n|teamsize|p2|6\n|gen|9\n|tier|[Gen 9] VGC 2023 Regulation E\n|rated|\n|rule|Species Clause: Limit one of each Pok\u00e9mon\n|rule|Item Clause: Limit one of each item\n|clearpoke\n|poke|p1|Roaring Moon, L50|\n|poke|p1|Flutter Mane, L50|\n|poke|p1|Tornadus, L50, M|\n|poke|p1|Landorus-Therian, L50, M|\n|poke|p1|Urshifu-*, L50, M|\n|poke|p1|Amoonguss, L50, M|\n|poke|p2|Ogerpon-Cornerstone, L50, F|\n|poke|p2|Mandibuzz, L50, F|\n|poke|p2|Tyranitar, L50, M|\n|poke|p2|Houndstone, L50, M|\n|poke|p2|Klefki, L50, F|\n|poke|p2|Gliscor, L50, F|\n|teampreview|4\n|\n|t:|1699745890\n|start\n|switch|p1a: Amoonguss|Amoonguss, L50, M|100\/100\n|switch|p1b: Flutter Mane|Flutter Mane, L50|100\/100\n|switch|p2a: Klefki|Klefki, L50, F|100\/100\n|switch|p2b: Gliscor|Gliscor, L50, F|100\/100\n|turn|1\n|inactive|Battle timer is ON: inactive players will automatically lose when time's up. (requested by yunfz)\n|l|\u2606Itaker1ddl1n\n|inactive|Itaker1ddl1n disconnected and has a minute to reconnect!\n|player|p1|\n|inactive|Itaker1ddl1n has 30 seconds to reconnect!\n|inactive|Itaker1ddl1n has 20 seconds to reconnect!\n|inactive|Itaker1ddl1n has 15 seconds to reconnect!\n|j|\u2606Itaker1ddl1n\n|inactive|Itaker1ddl1n reconnected and has 30 seconds left.\n|player|p1|Itaker1ddl1n|170\n|inactive|Itaker1ddl1n has 20 seconds left.\n|\n|t:|1699746000\n|move|p2b: Gliscor|Protect|p2b: Gliscor\n|-singleturn|p2b: Gliscor|Protect\n|move|p1a: Amoonguss|Rage Powder|p1a: Amoonguss\n|-singleturn|p1a: Amoonguss|move: Rage Powder\n|move|p2a: Klefki|Sandstorm|p2a: Klefki\n|-weather|Sandstorm\n|move|p1b: Flutter Mane|Shadow Ball|p2a: Klefki\n|-damage|p2a: Klefki|33\/100\n|\n|-weather|Sandstorm|[upkeep]\n|-damage|p1b: Flutter Mane|95\/100|[from] Sandstorm\n|-damage|p1a: Amoonguss|94\/100|[from] Sandstorm\n|-heal|p2a: Klefki|39\/100|[from] item: Leftovers\n|-status|p2b: Gliscor|tox|[from] item: Toxic Orb\n|upkeep\n|turn|2\n|inactive|Itaker1ddl1n has 30 seconds left.\n|\n|t:|1699746025\n|-end|p1b: Flutter Mane|Protosynthesis|[silent]\n|switch|p1b: Landorus|Landorus-Therian, L50, M|100\/100\n|-ability|p1b: Landorus|Intimidate|boost\n|-unboost|p2a: Klefki|atk|1\n|-unboost|p2b: Gliscor|atk|1\n|move|p2a: Klefki|Switcheroo|p2b: Gliscor\n|-activate|p2a: Klefki|move: Trick|[of] p2b: Gliscor\n|-item|p2b: Gliscor|Leftovers|[from] move: Switcheroo\n|-item|p2a: Klefki|Toxic Orb|[from] move: Switcheroo\n|move|p2b: Gliscor|Swords Dance|p2b: Gliscor\n|-boost|p2b: Gliscor|atk|2\n|move|p1a: Amoonguss|Spore|p2a: Klefki\n|-status|p2a: Klefki|slp|[from] move: Spore\n|\n|-weather|Sandstorm|[upkeep]\n|-damage|p1a: Amoonguss|88\/100|[from] Sandstorm\n|upkeep\n|turn|3\n|inactive|Itaker1ddl1n has 30 seconds left.\n|\n|t:|1699746051\n|move|p1a: Amoonguss|Rage Powder|p1a: Amoonguss\n|-singleturn|p1a: Amoonguss|move: Rage Powder\n|cant|p2a: Klefki|slp\n|move|p1b: Landorus|Rock Slide|p2b: Gliscor|[spread] p2a\n|-miss|p1b: Landorus|p2b: Gliscor\n|-resisted|p2a: Klefki\n|-damage|p2a: Klefki|30\/100 slp\n|move|p2b: Gliscor|Dual Wingbeat|p1a: Amoonguss\n|-supereffective|p1a: Amoonguss\n|-damage|p1a: Amoonguss|46\/100\n|-damage|p2b: Gliscor|84\/100 tox|[from] item: Rocky Helmet|[of] p1a: Amoonguss\n|-supereffective|p1a: Amoonguss\n|-damage|p1a: Amoonguss|3\/100\n|-damage|p2b: Gliscor|68\/100 tox|[from] item: Rocky Helmet|[of] p1a: Amoonguss\n|-hitcount|p1a: Amoonguss|2\n|\n|-weather|Sandstorm|[upkeep]\n|-damage|p1a: Amoonguss|0 fnt|[from] Sandstorm\n|faint|p1a: Amoonguss\n|-heal|p2b: Gliscor|74\/100 tox|[from] item: Leftovers\n|-heal|p2b: Gliscor|86\/100 tox|[from] ability: Poison Heal\n|upkeep\n|\n|t:|1699746066\n|switch|p1a: Roaring Moon|Roaring Moon, L50|100\/100\n|-enditem|p1a: Roaring Moon|Booster Energy\n|-activate|p1a: Roaring Moon|ability: Protosynthesis|[fromitem]\n|-start|p1a: Roaring Moon|protosynthesisatk\n|turn|4\n|inactive|yunfz has 30 seconds left.\n|inactive|yunfz has 20 seconds left.\n|inactive|yunfz has 15 seconds left.\n|inactive|yunfz has 10 seconds left.\n|\n|t:|1699746111\n|switch|p1b: Flutter Mane|Flutter Mane, L50|95\/100\n|-curestatus|p2a: Klefki|slp|[msg]\n|move|p2a: Klefki|Reflect|p2a: Klefki\n|-sidestart|p2: yunfz|Reflect\n|move|p1a: Roaring Moon|Dragon Dance|p1a: Roaring Moon\n|-boost|p1a: Roaring Moon|atk|1\n|-boost|p1a: Roaring Moon|spe|1\n|move|p2b: Gliscor|Rock Slide|p1a: Roaring Moon|[spread] p1a,p1b\n|-damage|p1a: Roaring Moon|75\/100\n|-damage|p1b: Flutter Mane|55\/100\n|\n|-weather|Sandstorm|[upkeep]\n|-damage|p1a: Roaring Moon|69\/100|[from] Sandstorm\n|-damage|p1b: Flutter Mane|49\/100|[from] Sandstorm\n|-heal|p2b: Gliscor|92\/100 tox|[from] item: Leftovers\n|-heal|p2b: Gliscor|100\/100 tox|[from] ability: Poison Heal\n|upkeep\n|turn|5\n|inactive|yunfz has 30 seconds left.\n|\n|t:|1699746138\n|move|p2a: Klefki|Switcheroo|p1b: Flutter Mane\n|-activate|p2a: Klefki|move: Trick|[of] p1b: Flutter Mane\n|-item|p1b: Flutter Mane|Toxic Orb|[from] move: Switcheroo\n|-item|p2a: Klefki|Choice Specs|[from] move: Switcheroo\n|move|p1a: Roaring Moon|Acrobatics|p2b: Gliscor\n|-damage|p2b: Gliscor|57\/100 tox\n|move|p1b: Flutter Mane|Dazzling Gleam|p2a: Klefki|[spread] p2a,p2b\n|-resisted|p2a: Klefki\n|-damage|p2a: Klefki|13\/100\n|-damage|p2b: Gliscor|23\/100 tox\n|move|p2b: Gliscor|Swords Dance|p2b: Gliscor\n|-boost|p2b: Gliscor|atk|2\n|\n|-weather|none\n|-heal|p2b: Gliscor|29\/100 tox|[from] item: Leftovers\n|-heal|p2b: Gliscor|41\/100 tox|[from] ability: Poison Heal\n|-status|p1b: Flutter Mane|tox|[from] item: Toxic Orb\n|upkeep\n|turn|6\n|inactive|Itaker1ddl1n has 30 seconds left.\n|inactive|Itaker1ddl1n has 20 seconds left.\n|inactive|Itaker1ddl1n has 15 seconds left.\n|inactive|Itaker1ddl1n has 10 seconds left.\n|\n|t:|1699746187\n|move|p2b: Gliscor|Protect|p2b: Gliscor\n|-singleturn|p2b: Gliscor|Protect\n|move|p1a: Roaring Moon|Knock Off|p2a: Klefki\n|-resisted|p2a: Klefki\n|-damage|p2a: Klefki|0 fnt\n|-enditem|p2a: Klefki|Choice Specs|[from] move: Knock Off|[of] p1a: Roaring Moon\n|faint|p2a: Klefki\n|move|p1b: Flutter Mane|Moonblast|p2b: Gliscor\n|-activate|p2b: Gliscor|move: Protect\n|\n|-heal|p2b: Gliscor|47\/100 tox|[from] item: Leftovers\n|-damage|p1b: Flutter Mane|43\/100 tox|[from] psn\n|-heal|p2b: Gliscor|60\/100 tox|[from] ability: Poison Heal\n|upkeep\n|\n|t:|1699746203\n|switch|p2a: Tyranitar|Tyranitar, L50, M|100\/100\n|-weather|Sandstorm|[from] ability: Sand Stream|[of] p2a: Tyranitar\n|turn|7\n|inactive|yunfz has 30 seconds left.\n|\n|t:|1699746233\n|-terastallize|p1b: Flutter Mane|Fairy\n|-terastallize|p2b: Gliscor|Rock\n|move|p1a: Roaring Moon|Protect|p1a: Roaring Moon\n|-singleturn|p1a: Roaring Moon|Protect\n|move|p1b: Flutter Mane|Dazzling Gleam|p2b: Gliscor|[spread] p2a,p2b\n|-supereffective|p2a: Tyranitar\n|-damage|p2a: Tyranitar|66\/100\n|-damage|p2b: Gliscor|28\/100 tox\n|move|p2b: Gliscor|Dual Wingbeat|p1b: Flutter Mane\n|-damage|p1b: Flutter Mane|0 fnt\n|faint|p1b: Flutter Mane\n|-end|p1b: Flutter Mane|Protosynthesis|[silent]\n|-hitcount|p1: Flutter Mane|1\n|move|p2a: Tyranitar|Ice Beam|p1a: Roaring Moon\n|-activate|p1a: Roaring Moon|move: Protect\n|\n|-weather|Sandstorm|[upkeep]\n|-damage|p1a: Roaring Moon|63\/100|[from] Sandstorm\n|-heal|p2b: Gliscor|34\/100 tox|[from] item: Leftovers\n|-heal|p2b: Gliscor|46\/100 tox|[from] ability: Poison Heal\n|upkeep\n|\n|t:|1699746244\n|switch|p1b: Landorus|Landorus-Therian, L50, M|100\/100\n|-ability|p1b: Landorus|Intimidate|boost\n|-unboost|p2a: Tyranitar|atk|1\n|-unboost|p2b: Gliscor|atk|1\n|turn|8\n|inactive|yunfz has 30 seconds left.\n|\n|t:|1699746279\n|move|p2b: Gliscor|Protect|p2b: Gliscor\n|-singleturn|p2b: Gliscor|Protect\n|move|p1b: Landorus|Stomping Tantrum|p2b: Gliscor\n|-activate|p2b: Gliscor|move: Protect\n|move|p1a: Roaring Moon|Knock Off|p2a: Tyranitar\n|-resisted|p2a: Tyranitar\n|-damage|p2a: Tyranitar|40\/100\n|-enditem|p2a: Tyranitar|Assault Vest|[from] move: Knock Off|[of] p1a: Roaring Moon\n|move|p2a: Tyranitar|Ice Beam|p1b: Landorus\n|-supereffective|p1b: Landorus\n|-damage|p1b: Landorus|0 fnt\n|faint|p1b: Landorus\n|\n|-weather|Sandstorm|[upkeep]\n|-damage|p1a: Roaring Moon|57\/100|[from] Sandstorm\n|-heal|p2b: Gliscor|52\/100 tox|[from] item: Leftovers\n|-heal|p2b: Gliscor|64\/100 tox|[from] ability: Poison Heal\n|-sideend|p2: yunfz|Reflect\n|upkeep\n|turn|9\n|inactive|yunfz has 30 seconds left.\n|\n|t:|1699746310\n|switch|p2a: Mandibuzz|Mandibuzz, L50, F|100\/100\n|move|p1a: Roaring Moon|Acrobatics|p2b: Gliscor\n|-resisted|p2b: Gliscor\n|-damage|p2b: Gliscor|31\/100 tox\n|move|p2b: Gliscor|Dual Wingbeat|p1a: Roaring Moon\n|-damage|p1a: Roaring Moon|23\/100\n|-damage|p1a: Roaring Moon|0 fnt\n|faint|p1a: Roaring Moon\n|-end|p1a: Roaring Moon|Protosynthesis|[silent]\n|-hitcount|p1: Roaring Moon|2\n|\n|win|yunfz\n|raw|Itaker1ddl1n's rating: 1005 &rarr; <strong>1000<\/strong><br \/>(-5 for losing)\n|raw|yunfz's rating: 1102 &rarr; <strong>1120<\/strong><br \/>(+18 for winning)\n|l|\u2606Itaker1ddl1n\n","uploadtime":1699746326,"views":20,"p1id":"itaker1ddl1n","p2id":"yunfz","formatid":"gen9vgc2023regulatione","rating":1000,"private":0,"password":""}