{"id":"gen9vgc2023regulatione-1996767368","p1":"BookerGC14","p2":"superseriousboii","format":"[Gen 9] VGC 2023 Regulation E","log":"|j|\u2606BookerGC14\n|j|\u2606superseriousboii\n|t:|1700721847\n|gametype|doubles\n|player|p1|BookerGC14|linebacker|1169\n|player|p2|superseriousboii|266|1104\n|teamsize|p1|6\n|teamsize|p2|6\n|gen|9\n|tier|[Gen 9] VGC 2023 Regulation E\n|rated|\n|rule|Species Clause: Limit one of each Pok\u00e9mon\n|rule|Item Clause: Limit one of each item\n|clearpoke\n|poke|p1|Kommo-o, L50, M|\n|poke|p1|Tyranitar, L50, M|\n|poke|p1|Rillaboom, L50, M|\n|poke|p1|Flutter Mane, L50|\n|poke|p1|Arcanine-Hisui, L50, M|\n|poke|p1|Iron Bundle, L50|\n|poke|p2|Sinistcha, L50|\n|poke|p2|Ursaluna-Bloodmoon, L50, M|\n|poke|p2|Oranguru, L50, M|\n|poke|p2|Arcanine-Hisui, L50, F|\n|poke|p2|Abomasnow, L50, M|\n|poke|p2|Glastrier, L50|\n|teampreview|4\nsuperseriousboii has agreed to open team sheets.\nBookerGC14 has agreed to open team sheets.\n|inactive|Battle timer is ON: inactive players will automatically lose when time's up. (requested by BookerGC14)\n|inactive|superseriousboii has 60 seconds left.\n|\n|t:|1700721980\n|start\n|switch|p1a: Arcanine|Arcanine-Hisui, L50, M, shiny|100\/100\n|switch|p1b: Rillaboom|Rillaboom, L50, M, shiny|100\/100\n|switch|p2a: Oranguru|Oranguru, L50, M|100\/100\n|switch|p2b: Sinistcha|Sinistcha, L50|100\/100\n|-ability|p1a: Arcanine|Intimidate|boost\n|-fail|p2a: Oranguru|unboost|Attack|[from] ability: Inner Focus|[of] p2a: Oranguru\n|-unboost|p2b: Sinistcha|atk|1\n|-fieldstart|move: Grassy Terrain|[from] ability: Grassy Surge|[of] p1b: Rillaboom\n|turn|1\n|inactive|superseriousboii has 30 seconds left.\n|inactive|BookerGC14 has 30 seconds left.\n|inactive|superseriousboii has 20 seconds left.\n|inactive|superseriousboii has 15 seconds left.\n|inactive|superseriousboii has 10 seconds left.\n|\n|t:|1700722026\n|move|p1b: Rillaboom|Fake Out|p2a: Oranguru\n|-damage|p2a: Oranguru|89\/100\n|move|p1a: Arcanine|Flare Blitz|p2b: Sinistcha\n|-supereffective|p2b: Sinistcha\n|-damage|p2b: Sinistcha|30\/100\n|-damage|p1a: Arcanine|79\/100|[from] Recoil\n|move|p2b: Sinistcha|Matcha Gotcha|p1a: Arcanine|[spread] p1a,p1b\n|-resisted|p1b: Rillaboom\n|-damage|p1a: Arcanine|45\/100\n|-heal|p2b: Sinistcha|49\/100|[from] drain|[of] p1a: Arcanine\n|-damage|p1b: Rillaboom|81\/100\n|-heal|p2b: Sinistcha|61\/100|[from] drain|[of] p1b: Rillaboom\n|-enditem|p1a: Arcanine|Sitrus Berry|[eat]\n|-heal|p1a: Arcanine|70\/100|[from] item: Sitrus Berry\n|move|p2a: Oranguru|Trick Room|p2a: Oranguru\n|-fieldstart|move: Trick Room|[of] p2a: Oranguru\n|\n|-heal|p2a: Oranguru|95\/100|[from] Grassy Terrain\n|-heal|p2b: Sinistcha|67\/100|[from] Grassy Terrain\n|-heal|p1b: Rillaboom|87\/100|[from] Grassy Terrain\n|-heal|p1a: Arcanine|76\/100|[from] Grassy Terrain\n|upkeep\n|turn|2\n|inactive|BookerGC14 has 30 seconds left.\n|inactive|superseriousboii has 30 seconds left.\n|\n|t:|1700722059\n|move|p2b: Sinistcha|Rage Powder|p2b: Sinistcha\n|-singleturn|p2b: Sinistcha|move: Rage Powder\n|move|p2a: Oranguru|Foul Play|p1b: Rillaboom\n|-damage|p1b: Rillaboom|55\/100\n|move|p1b: Rillaboom|Wood Hammer|p2a: Oranguru\n|-damage|p2a: Oranguru|17\/100\n|-damage|p1b: Rillaboom|31\/100|[from] Recoil\n|move|p1a: Arcanine|Flare Blitz|p2b: Sinistcha\n|-supereffective|p2b: Sinistcha\n|-damage|p2b: Sinistcha|6\/100\n|-damage|p1a: Arcanine|58\/100|[from] Recoil\n|\n|-heal|p2a: Oranguru|23\/100|[from] Grassy Terrain\n|-heal|p2b: Sinistcha|12\/100|[from] Grassy Terrain\n|-heal|p1b: Rillaboom|37\/100|[from] Grassy Terrain\n|-heal|p1a: Arcanine|64\/100|[from] Grassy Terrain\n|upkeep\n|turn|3\n|inactive|superseriousboii has 30 seconds left.\n|\n|t:|1700722087\n|move|p2a: Oranguru|Foul Play|p1b: Rillaboom\n|-damage|p1b: Rillaboom|0 fnt\n|faint|p1b: Rillaboom\n|move|p2b: Sinistcha|Matcha Gotcha|p1a: Arcanine\n|-damage|p1a: Arcanine|16\/100\n|-heal|p2b: Sinistcha|39\/100|[from] drain|[of] p1a: Arcanine\n|move|p1a: Arcanine|Rock Slide|p2b: Sinistcha|[spread] p2a,p2b\n|-crit|p2a: Oranguru\n|-damage|p2a: Oranguru|0 fnt\n|-damage|p2b: Sinistcha|24\/100\n|faint|p2a: Oranguru\n|\n|-heal|p2b: Sinistcha|30\/100|[from] Grassy Terrain\n|-heal|p1a: Arcanine|22\/100|[from] Grassy Terrain\n|upkeep\n|inactive|superseriousboii has 30 seconds left.\n|\n|t:|1700722118\n|switch|p2a: Glastrier|Glastrier, L50|100\/100\n|switch|p1b: Tyranitar|Tyranitar, L50, M, shiny|100\/100\n|-weather|Sandstorm|[from] ability: Sand Stream|[of] p1b: Tyranitar\n|turn|4\n|inactive|superseriousboii has 30 seconds left.\n|inactive|superseriousboii has 20 seconds left.\n|\n|t:|1700722156\n|-terastallize|p1b: Tyranitar|Psychic\n|move|p2a: Glastrier|Stomping Tantrum|p1a: Arcanine\n|-supereffective|p1a: Arcanine\n|-damage|p1a: Arcanine|0 fnt\n|faint|p1a: Arcanine\n|-ability|p2a: Glastrier|Chilling Neigh|boost\n|-boost|p2a: Glastrier|atk|1\n|move|p2b: Sinistcha|Matcha Gotcha|p1b: Tyranitar\n|-damage|p1b: Tyranitar|74\/100\n|-heal|p2b: Sinistcha|43\/100|[from] drain|[of] p1b: Tyranitar\n|move|p1b: Tyranitar|Tera Blast|p2b: Sinistcha|[anim] Tera Blast Psychic\n|-damage|p2b: Sinistcha|11\/100\n|\n|-weather|Sandstorm|[upkeep]\n|-damage|p2a: Glastrier|95\/100|[from] Sandstorm\n|-damage|p2b: Sinistcha|4\/100|[from] Sandstorm\n|-damage|p1b: Tyranitar|68\/100|[from] Sandstorm\n|-heal|p2a: Glastrier|100\/100|[from] Grassy Terrain\n|-heal|p2b: Sinistcha|11\/100|[from] Grassy Terrain\n|-heal|p1b: Tyranitar|74\/100|[from] Grassy Terrain\n|upkeep\n|\n|t:|1700722172\n|switch|p1a: Flutter Mane|Flutter Mane, L50, shiny|100\/100\n|turn|5\n|inactive|superseriousboii has 30 seconds left.\n|\n|t:|1700722197\n|move|p2a: Glastrier|Heavy Slam|p1a: Flutter Mane\n|-supereffective|p1a: Flutter Mane\n|-damage|p1a: Flutter Mane|0 fnt\n|faint|p1a: Flutter Mane\n|-end|p1a: Flutter Mane|Protosynthesis|[silent]\n|-ability|p2a: Glastrier|Chilling Neigh|boost\n|-boost|p2a: Glastrier|atk|1\n|move|p2b: Sinistcha|Matcha Gotcha|p1b: Tyranitar\n|-damage|p1b: Tyranitar|44\/100\n|-heal|p2b: Sinistcha|26\/100|[from] drain|[of] p1b: Tyranitar\n|move|p1b: Tyranitar|Tera Blast|p2b: Sinistcha|[anim] Tera Blast Psychic\n|-damage|p2b: Sinistcha|0 fnt\n|faint|p2b: Sinistcha\n|\n|-weather|Sandstorm|[upkeep]\n|-damage|p2a: Glastrier|95\/100|[from] Sandstorm\n|-damage|p1b: Tyranitar|37\/100|[from] Sandstorm\n|-heal|p2a: Glastrier|100\/100|[from] Grassy Terrain\n|-heal|p1b: Tyranitar|44\/100|[from] Grassy Terrain\n|-fieldend|move: Trick Room\n|-fieldend|move: Grassy Terrain\n|upkeep\n|\n|t:|1700722215\n|switch|p2b: Ursaluna|Ursaluna-Bloodmoon, L50, M|100\/100\n|turn|6\n|\n|t:|1700722238\n|move|p1b: Tyranitar|Tera Blast|p2a: Glastrier|[anim] Tera Blast Psychic\n|-damage|p2a: Glastrier|69\/100\n|move|p2b: Ursaluna|Blood Moon|p1b: Tyranitar\n|-damage|p1b: Tyranitar|2\/100\n|move|p2a: Glastrier|Heavy Slam|p1b: Tyranitar\n|-damage|p1b: Tyranitar|0 fnt\n|faint|p1b: Tyranitar\n|\n|win|superseriousboii\n|raw|BookerGC14's rating: 1169 &rarr; <strong>1139<\/strong><br \/>(-30 for losing)\n|raw|superseriousboii's rating: 1104 &rarr; <strong>1134<\/strong><br \/>(+30 for winning)\n|l|\u2606BookerGC14\n","uploadtime":1700722272,"views":3,"p1id":"bookergc14","p2id":"superseriousboii","formatid":"gen9vgc2023regulatione","rating":1134,"private":0,"password":""}