{"id":"gen9vgc2023regulatione-1998446874","p1":"Ampao","p2":"Matteory","format":"[Gen 9] VGC 2023 Regulation E","log":"|j|\u2606Ampao\n|j|\u2606Matteory\n|t:|1700943297\n|gametype|doubles\n|player|p1|Ampao|266|1132\n|player|p2|Matteory|266|1048\n|teamsize|p1|6\n|teamsize|p2|6\n|gen|9\n|tier|[Gen 9] VGC 2023 Regulation E\n|rated|\n|rule|Species Clause: Limit one of each Pok\u00e9mon\n|rule|Item Clause: Limit one of each item\n|clearpoke\n|poke|p1|Ceruledge, L50, M|\n|poke|p1|Cloyster, L50, F|\n|poke|p1|Ninetales-Alola, L50, M|\n|poke|p1|Amoonguss, L50, M|\n|poke|p1|Dragonite, L50, M|\n|poke|p1|Hydreigon, L50, F|\n|poke|p2|Rillaboom, L50, F|\n|poke|p2|Ogerpon-Cornerstone, L50, F|\n|poke|p2|Flutter Mane, L50|\n|poke|p2|Chi-Yu, L50|\n|poke|p2|Tornadus, L50, M|\n|poke|p2|Chien-Pao, L50|\n|teampreview|4\n|\n|t:|1700943313\n|start\n|switch|p1a: Ceruledge|Ceruledge, L50, M|100\/100\n|switch|p1b: Ninetales|Ninetales-Alola, L50, M|100\/100\n|switch|p2a: Rillaboom|Rillaboom, L50, F|100\/100\n|switch|p2b: Ogerpon|Ogerpon-Cornerstone, L50, F|100\/100\n|-weather|Snow|[from] ability: Snow Warning|[of] p1b: Ninetales\n|-fieldstart|move: Grassy Terrain|[from] ability: Grassy Surge|[of] p2a: Rillaboom\n|turn|1\n|inactive|Battle timer is ON: inactive players will automatically lose when time's up. (requested by Matteory)\n|\n|t:|1700943342\n|-terastallize|p1a: Ceruledge|Grass\n|move|p2a: Rillaboom|Fake Out|p1b: Ninetales\n|-damage|p1b: Ninetales|86\/100\n|cant|p1b: Ninetales|flinch\n|move|p2b: Ogerpon|Ivy Cudgel|p1a: Ceruledge|[anim] Ivy Cudgel Rock\n|-crit|p1a: Ceruledge\n|-damage|p1a: Ceruledge|7\/100\n|move|p1a: Ceruledge|Bulk Up|p1a: Ceruledge\n|-boost|p1a: Ceruledge|atk|1\n|-boost|p1a: Ceruledge|def|1\n|\n|-weather|Snow|[upkeep]\n|-heal|p1b: Ninetales|92\/100|[from] Grassy Terrain\n|-heal|p1a: Ceruledge|13\/100|[from] Grassy Terrain\n|-heal|p1a: Ceruledge|19\/100|[from] item: Leftovers\n|upkeep\n|turn|2\n|\n|t:|1700943366\n|move|p1a: Ceruledge|Protect|p1a: Ceruledge\n|-singleturn|p1a: Ceruledge|Protect\n|move|p2a: Rillaboom|Grassy Glide|p1a: Ceruledge\n|-activate|p1a: Ceruledge|move: Protect\n|move|p1b: Ninetales|Icy Wind|p2a: Rillaboom|[spread] p2a,p2b\n|-supereffective|p2a: Rillaboom\n|-supereffective|p2b: Ogerpon\n|-damage|p2a: Rillaboom|78\/100\n|-damage|p2b: Ogerpon|70\/100\n|-unboost|p2a: Rillaboom|spe|1\n|-unboost|p2b: Ogerpon|spe|1\n|move|p2b: Ogerpon|Ivy Cudgel|p1b: Ninetales|[anim] Ivy Cudgel Rock\n|-supereffective|p1b: Ninetales\n|-damage|p1b: Ninetales|0 fnt\n|faint|p1b: Ninetales\n|\n|-weather|Snow|[upkeep]\n|-heal|p2b: Ogerpon|76\/100|[from] Grassy Terrain\n|-heal|p1a: Ceruledge|25\/100|[from] Grassy Terrain\n|-heal|p1a: Ceruledge|31\/100|[from] item: Leftovers\n|-heal|p2a: Rillaboom|84\/100|[from] Grassy Terrain\n|upkeep\n|inactive|Ampao has 30 seconds left.\n|\n|t:|1700943393\n|switch|p1b: Dragonite|Dragonite, L50, M|100\/100\n|turn|3\n|\n|t:|1700943407\n|move|p2b: Ogerpon|Spiky Shield|p2b: Ogerpon\n|-singleturn|p2b: Ogerpon|move: Protect\n|move|p1b: Dragonite|Extreme Speed|p2a: Rillaboom\n|-damage|p2a: Rillaboom|48\/100\n|-damage|p1b: Dragonite|91\/100|[from] item: Life Orb\n|move|p1a: Ceruledge|Bitter Blade|p2a: Rillaboom\n|-supereffective|p2a: Rillaboom\n|-damage|p2a: Rillaboom|0 fnt\n|-heal|p1a: Ceruledge|55\/100|[from] drain|[of] p2a: Rillaboom\n|faint|p2a: Rillaboom\n|\n|-weather|Snow|[upkeep]\n|-heal|p2b: Ogerpon|82\/100|[from] Grassy Terrain\n|-heal|p1a: Ceruledge|61\/100|[from] Grassy Terrain\n|-heal|p1a: Ceruledge|67\/100|[from] item: Leftovers\n|upkeep\n|\n|t:|1700943426\n|switch|p2a: Chi-Yu|Chi-Yu, L50|100\/100\n|-ability|p2a: Chi-Yu|Beads of Ruin\n|turn|4\n|\n|t:|1700943441\n|move|p1a: Ceruledge|Protect|p1a: Ceruledge\n|-singleturn|p1a: Ceruledge|Protect\n|move|p2a: Chi-Yu|Dark Pulse|p1a: Ceruledge\n|-activate|p1a: Ceruledge|move: Protect\n|move|p2b: Ogerpon|Ivy Cudgel|p1a: Ceruledge|[anim] Ivy Cudgel Rock\n|-activate|p1a: Ceruledge|move: Protect\n|move|p1b: Dragonite|Stomping Tantrum|p2a: Chi-Yu\n|-supereffective|p2a: Chi-Yu\n|-damage|p2a: Chi-Yu|5\/100\n|-damage|p1b: Dragonite|81\/100|[from] item: Life Orb\n|\n|-weather|Snow|[upkeep]\n|-heal|p2a: Chi-Yu|11\/100|[from] Grassy Terrain\n|-heal|p2b: Ogerpon|88\/100|[from] Grassy Terrain\n|-heal|p1a: Ceruledge|73\/100|[from] Grassy Terrain\n|-heal|p1a: Ceruledge|79\/100|[from] item: Leftovers\n|upkeep\n|turn|5\n|\n|t:|1700943465\n|move|p1b: Dragonite|Extreme Speed|p2a: Chi-Yu\n|-damage|p2a: Chi-Yu|0 fnt\n|faint|p2a: Chi-Yu\n|-damage|p1b: Dragonite|72\/100|[from] item: Life Orb\n|move|p2b: Ogerpon|Ivy Cudgel|p1a: Ceruledge|[anim] Ivy Cudgel Rock\n|-damage|p1a: Ceruledge|35\/100\n|move|p1a: Ceruledge|Bitter Blade|p2b: Ogerpon\n|-damage|p2b: Ogerpon|14\/100\n|-heal|p1a: Ceruledge|68\/100|[from] drain|[of] p2b: Ogerpon\n|\n|-weather|Snow|[upkeep]\n|-heal|p2b: Ogerpon|20\/100|[from] Grassy Terrain\n|-heal|p1a: Ceruledge|74\/100|[from] Grassy Terrain\n|-heal|p1a: Ceruledge|80\/100|[from] item: Leftovers\n|-fieldend|move: Grassy Terrain\n|upkeep\n|\n|t:|1700943483\n|switch|p2a: Flutter Mane|Flutter Mane, L50|100\/100\n|turn|6\n|\n|t:|1700943491\n|-terastallize|p2a: Flutter Mane|Fairy\n|move|p1b: Dragonite|Extreme Speed|p2b: Ogerpon\n|-resisted|p2b: Ogerpon\n|-damage|p2b: Ogerpon|0 fnt\n|faint|p2b: Ogerpon\n|-damage|p1b: Dragonite|62\/100|[from] item: Life Orb\n|move|p2a: Flutter Mane|Dazzling Gleam|p1b: Dragonite|[spread] p1a,p1b\n|-supereffective|p1b: Dragonite\n|-damage|p1a: Ceruledge|36\/100\n|-damage|p1b: Dragonite|0 fnt\n|faint|p1b: Dragonite\n|move|p1a: Ceruledge|Bitter Blade|p2a: Flutter Mane\n|-damage|p2a: Flutter Mane|0 fnt\n|-heal|p1a: Ceruledge|71\/100|[from] drain|[of] p2a: Flutter Mane\n|faint|p2a: Flutter Mane\n|-end|p2a: Flutter Mane|Protosynthesis|[silent]\n|\n|win|Ampao\n|raw|Ampao's rating: 1132 &rarr; <strong>1151<\/strong><br \/>(+19 for winning)\n|raw|Matteory's rating: 1048 &rarr; <strong>1035<\/strong><br \/>(-13 for losing)\n","uploadtime":1700943523,"views":13,"p1id":"ampao","p2id":"matteory","formatid":"gen9vgc2023regulatione","rating":1035,"private":0,"password":""}