{"id":"gen9vgc2023regulatione-1998589224","p1":"rYN_796","p2":"tempesthydrox","format":"[Gen 9] VGC 2023 Regulation E","log":"|j|\u2606rYN_796\n|j|\u2606tempesthydrox\n|n|\u2606rYN_796|ryn796\n|n|\u2606tempesthydrox|tempesthydrox\n|html|View the match progress at <a href=\"\/game-bestof3-gen9vgc2023regulatione-1998587528\">game-bestof3-gen9vgc2023regulatione-1998587528<\/a>\n|t:|1700960005\n|gametype|doubles\n|player|p1|rYN_796|flannery|\n|player|p2|tempesthydrox|acetrainerf|\n|teamsize|p1|6\n|teamsize|p2|6\n|gen|9\n|tier|[Gen 9] VGC 2023 Regulation E\n|rule|Species Clause: Limit one of each Pok\u00e9mon\n|rule|Item Clause: Limit one of each item\n|clearpoke\n|poke|p1|Snorlax, L50, F|\n|poke|p1|Camerupt, L50, M|\n|poke|p1|Sinistcha, L50|\n|poke|p1|Clefairy, L50, F|\n|poke|p1|Poliwrath, L50, F|\n|poke|p1|Cresselia, L50, F|\n|poke|p2|Glastrier, L50|\n|poke|p2|Ninetales-Alola, L50, F|\n|poke|p2|Avalugg-Hisui, L50, M|\n|poke|p2|Vulpix-Alola, L50, F|\n|poke|p2|Baxcalibur, L50, M|\n|poke|p2|Glaceon, L50, M|\n|teampreview|4\nrYN_796 rejected open team sheets.\n|c|\u2606rYN_796|g2\n|\n|t:|1700960038\n|start\n|switch|p1a: Snorlax|Snorlax, L50, F|100\/100\n|switch|p1b: Cresselia|Cresselia, L50, F|100\/100\n|switch|p2a: Ninetales|Ninetales-Alola, L50, F|100\/100\n|switch|p2b: Glastrier|Glastrier, L50|100\/100\n|-weather|Snow|[from] ability: Snow Warning|[of] p2a: Ninetales\n|turn|1\n|\n|t:|1700960064\n|move|p2a: Ninetales|Howl|p2a: Ninetales|[spread] p2a,p2b\n|-boost|p2a: Ninetales|atk|1\n|-boost|p2b: Glastrier|atk|1\n|move|p1b: Cresselia|Lunar Blessing||[still]|[spread] \n|-fail|p1b: Cresselia\n|move|p2b: Glastrier|Close Combat|p1a: Snorlax\n|-supereffective|p1a: Snorlax\n|-damage|p1a: Snorlax|0 fnt\n|-unboost|p2b: Glastrier|def|1\n|-unboost|p2b: Glastrier|spd|1\n|faint|p1a: Snorlax\n|-ability|p2b: Glastrier|Chilling Neigh|boost\n|-boost|p2b: Glastrier|atk|1\n|\n|-weather|Snow|[upkeep]\n|upkeep\n|\n|t:|1700960074\n|switch|p1a: Camerupt|Camerupt, L50, M|100\/100\n|turn|2\n|\n|t:|1700960101\n|move|p1a: Camerupt|Protect|p1a: Camerupt\n|-singleturn|p1a: Camerupt|Protect\n|move|p2a: Ninetales|Aurora Veil|p2a: Ninetales\n|-sidestart|p2: tempesthydrox|move: Aurora Veil\n|move|p2b: Glastrier|Close Combat|p1a: Camerupt\n|-activate|p1a: Camerupt|move: Protect\n|move|p1b: Cresselia|Trick Room|p1b: Cresselia\n|-fieldstart|move: Trick Room|[of] p1b: Cresselia\n|\n|-weather|Snow|[upkeep]\n|upkeep\n|turn|3\n|\n|t:|1700960128\n|switch|p1a: Sinistcha|Sinistcha, L50|100\/100\n|move|p2b: Glastrier|Close Combat|p1a: Sinistcha\n|-immune|p1a: Sinistcha\n|move|p1b: Cresselia|Sunny Day|p1b: Cresselia\n|-weather|SunnyDay\n|move|p2a: Ninetales|Encore|p1b: Cresselia\n|-start|p1b: Cresselia|Encore\n|\n|-weather|SunnyDay|[upkeep]\n|upkeep\n|turn|4\n|\n|t:|1700960155\n|switch|p1b: Camerupt|Camerupt, L50, M|100\/100\n|switch|p2a: Baxcalibur|Baxcalibur, L50, M|100\/100\n|-terastallize|p2b: Glastrier|Fire\n|-terastallize|p1a: Sinistcha|Fire\n|move|p2b: Glastrier|Lash Out|p1b: Camerupt\n|-damage|p1b: Camerupt|12\/100\n|move|p1a: Sinistcha|Matcha Gotcha|p2b: Glastrier|[spread] p2a,p2b\n|-resisted|p2a: Baxcalibur\n|-resisted|p2b: Glastrier\n|-damage|p2a: Baxcalibur|94\/100\n|-damage|p2b: Glastrier|94\/100\n|\n|-weather|SunnyDay|[upkeep]\n|upkeep\n|turn|5\n|\n|t:|1700960194\n|move|p2a: Baxcalibur|Ice Shard|p1b: Camerupt\n|-damage|p1b: Camerupt|0 fnt\n|faint|p1b: Camerupt\n|move|p2b: Glastrier|Lash Out|p1a: Sinistcha\n|-damage|p1a: Sinistcha|59\/100\n|move|p1a: Sinistcha|Matcha Gotcha|p2a: Baxcalibur|[spread] p2b\n|-miss|p1a: Sinistcha|p2a: Baxcalibur\n|-resisted|p2b: Glastrier\n|-damage|p2b: Glastrier|88\/100\n|-heal|p1a: Sinistcha|62\/100|[from] drain|[of] p2b: Glastrier\n|\n|-weather|SunnyDay|[upkeep]\n|upkeep\n|-message|rYN_796 forfeited.\n|\n|win|tempesthydrox\n|l|\u2606rYN_796\n|player|p2|tempesthydrox|acetrainerf\n","uploadtime":1700960230,"views":42,"p1id":"ryn796","p2id":"tempesthydrox","formatid":"gen9vgc2023regulatione","rating":0,"private":0,"password":""}