{"id":"gen9vgc2023regulatione-1991387510","p1":"ArianaGrandeBaddie","p2":"TestJay","format":"[Gen 9] VGC 2023 Regulation E","log":"|j|\u2606ArianaGrandeBaddie\n|j|\u2606TestJay\n|t:|1700072889\n|gametype|doubles\n|player|p1|ArianaGrandeBaddie|170|1318\n|player|p2|TestJay|pokemonranger-gen4|1323\n|teamsize|p1|6\n|teamsize|p2|6\n|gen|9\n|tier|[Gen 9] VGC 2023 Regulation E\n|rated|\n|rule|Species Clause: Limit one of each Pok\u00e9mon\n|rule|Item Clause: Limit one of each item\n|clearpoke\n|poke|p1|Flutter Mane, L50|\n|poke|p1|Ogerpon-Hearthflame, L50, F|\n|poke|p1|Tornadus, L50, M|\n|poke|p1|Urshifu-*, L50, M|\n|poke|p1|Rillaboom, L50, M|\n|poke|p1|Chien-Pao, L50|\n|poke|p2|Dusclops, L50, F|\n|poke|p2|Ursaluna-Bloodmoon, L50, M|\n|poke|p2|Kommo-o, L50, F|\n|poke|p2|Landorus-Therian, L50, M|\n|poke|p2|Iron Hands, L50|\n|poke|p2|Sinistcha-Masterpiece, L50|\n|teampreview|4\nArianaGrandeBaddie rejected open team sheets.\n|inactive|Battle timer is ON: inactive players will automatically lose when time's up. (requested by ArianaGrandeBaddie)\n|\n|t:|1700072928\n|start\n|switch|p1a: Ogerpon|Ogerpon-Hearthflame, L50, F|100\/100\n|switch|p1b: Tornadus|Tornadus, L50, M|100\/100\n|switch|p2a: Dusclops|Dusclops, L50, F, shiny|100\/100\n|switch|p2b: Ursaluna|Ursaluna-Bloodmoon, L50, M|100\/100\n|-ability|p1a: Ogerpon|Mold Breaker\n|-ability|p2a: Dusclops|Pressure\n|turn|1\n|\n|t:|1700072936\n|-terastallize|p1a: Ogerpon|Fire\n|detailschange|p1a: Ogerpon|Ogerpon-Hearthflame-Tera, L50, F, tera:Fire\n|-ability|p1a: Ogerpon|Embody Aspect (Hearthflame)|boost\n|-boost|p1a: Ogerpon|atk|1\n|-terastallize|p2a: Dusclops|Dark\n|move|p2b: Ursaluna|Protect|p2b: Ursaluna\n|-singleturn|p2b: Ursaluna|Protect\n|move|p1b: Tornadus|Sunny Day|p1b: Tornadus\n|-weather|SunnyDay\n|move|p1a: Ogerpon|Ivy Cudgel|p2a: Dusclops|[anim] Ivy Cudgel Fire\n|-damage|p2a: Dusclops|3\/100\n|move|p2a: Dusclops|Trick Room|p2a: Dusclops\n|-fieldstart|move: Trick Room|[of] p2a: Dusclops\n|\n|-weather|SunnyDay|[upkeep]\n|upkeep\n|turn|2\n|\n|t:|1700072956\n|move|p2a: Dusclops|Brick Break|p2b: Ursaluna\n|-supereffective|p2b: Ursaluna\n|-damage|p2b: Ursaluna|82\/100\n|-enditem|p2b: Ursaluna|Weakness Policy\n|-boost|p2b: Ursaluna|atk|2|[from] item: Weakness Policy\n|-boost|p2b: Ursaluna|spa|2|[from] item: Weakness Policy\n|move|p2b: Ursaluna|Hyper Voice|p1a: Ogerpon|[spread] p1a,p1b\n|-damage|p1a: Ogerpon|20\/100\n|-damage|p1b: Tornadus|15\/100\n|-enditem|p1b: Tornadus|Sitrus Berry|[eat]\n|-heal|p1b: Tornadus|39\/100|[from] item: Sitrus Berry\n|move|p1a: Ogerpon|Ivy Cudgel|p2b: Ursaluna|[anim] Ivy Cudgel Fire\n|-damage|p2b: Ursaluna|0 fnt\n|faint|p2b: Ursaluna\n|move|p1b: Tornadus|Bleakwind Storm|p2a: Dusclops\n|-damage|p2a: Dusclops|0 fnt\n|faint|p2a: Dusclops\n|\n|-weather|SunnyDay|[upkeep]\n|upkeep\n|\n|t:|1700072967\n|switch|p2a: Iron Hands|Iron Hands, L50|100\/100\n|switch|p2b: Sinistcha|Sinistcha-Masterpiece, L50|100\/100\n|turn|3\n|\n|t:|1700072978\n|move|p1a: Ogerpon|Spiky Shield|p1a: Ogerpon\n|-singleturn|p1a: Ogerpon|move: Protect\n|move|p2b: Sinistcha|Matcha Gotcha|p1a: Ogerpon|[spread] \n|-activate|p1a: Ogerpon|move: Protect\n|-miss|p2b: Sinistcha|p1b: Tornadus\n|move|p2a: Iron Hands|Wild Charge|p1b: Tornadus\n|-supereffective|p1b: Tornadus\n|-damage|p1b: Tornadus|0 fnt\n|faint|p1b: Tornadus\n|-damage|p2a: Iron Hands|94\/100|[from] Recoil\n|\n|-weather|SunnyDay|[upkeep]\n|upkeep\n|\n|t:|1700072988\n|switch|p1b: Rillaboom|Rillaboom, L50, M|100\/100\n|-fieldstart|move: Grassy Terrain|[from] ability: Grassy Surge|[of] p1b: Rillaboom\n|turn|4\n|\n|t:|1700073002\n|switch|p1a: Urshifu|Urshifu-Rapid-Strike, L50, M|100\/100\n|move|p2b: Sinistcha|Matcha Gotcha|p1b: Rillaboom|[spread] p1b\n|-miss|p2b: Sinistcha|p1a: Urshifu\n|-resisted|p1b: Rillaboom\n|-damage|p1b: Rillaboom|83\/100\n|-status|p1b: Rillaboom|brn\n|move|p2a: Iron Hands|Drain Punch|p1a: Urshifu\n|-damage|p1a: Urshifu|58\/100\n|-heal|p2a: Iron Hands|100\/100|[from] drain|[of] p1a: Urshifu\n|move|p1b: Rillaboom|Swords Dance|p1b: Rillaboom\n|-boost|p1b: Rillaboom|atk|2\n|\n|-weather|SunnyDay|[upkeep]\n|-heal|p1b: Rillaboom|89\/100 brn|[from] Grassy Terrain\n|-heal|p1b: Rillaboom|95\/100 brn|[from] item: Leftovers\n|-heal|p1a: Urshifu|64\/100|[from] Grassy Terrain\n|-damage|p1b: Rillaboom|89\/100 brn|[from] brn\n|upkeep\n|turn|5\n|\n|t:|1700073022\n|move|p1a: Urshifu|Detect|p1a: Urshifu\n|-singleturn|p1a: Urshifu|Protect\n|move|p2b: Sinistcha|Matcha Gotcha|p1a: Urshifu|[spread] p1b\n|-activate|p1a: Urshifu|move: Protect\n|-resisted|p1b: Rillaboom\n|-damage|p1b: Rillaboom|72\/100 brn\n|move|p2a: Iron Hands|Wild Charge|p1b: Rillaboom\n|-resisted|p1b: Rillaboom\n|-damage|p1b: Rillaboom|45\/100 brn\n|-damage|p2a: Iron Hands|96\/100|[from] Recoil\n|move|p1b: Rillaboom|Swords Dance|p1b: Rillaboom\n|-boost|p1b: Rillaboom|atk|2\n|\n|-weather|none\n|-heal|p2a: Iron Hands|100\/100|[from] Grassy Terrain\n|-heal|p1b: Rillaboom|51\/100 brn|[from] Grassy Terrain\n|-heal|p1b: Rillaboom|57\/100 brn|[from] item: Leftovers\n|-heal|p1a: Urshifu|70\/100|[from] Grassy Terrain\n|-damage|p1b: Rillaboom|51\/100 brn|[from] brn\n|-fieldend|move: Trick Room\n|upkeep\n|turn|6\n|\n|t:|1700073037\n|move|p1b: Rillaboom|Grassy Glide|p2a: Iron Hands\n|-damage|p2a: Iron Hands|59\/100\n|move|p1a: Urshifu|Surging Strikes|p2b: Sinistcha\n|-resisted|p2b: Sinistcha\n|-crit|p2b: Sinistcha\n|-damage|p2b: Sinistcha|90\/100\n|-resisted|p2b: Sinistcha\n|-crit|p2b: Sinistcha\n|-damage|p2b: Sinistcha|80\/100\n|-resisted|p2b: Sinistcha\n|-crit|p2b: Sinistcha\n|-damage|p2b: Sinistcha|70\/100\n|-hitcount|p2b: Sinistcha|3\n|move|p2a: Iron Hands|Wild Charge|p1a: Urshifu\n|-supereffective|p1a: Urshifu\n|-damage|p1a: Urshifu|0 fnt\n|faint|p1a: Urshifu\n|-damage|p2a: Iron Hands|47\/100|[from] Recoil\n|move|p2b: Sinistcha|Trick Room|p2b: Sinistcha\n|-fieldstart|move: Trick Room|[of] p2b: Sinistcha\n|\n|-heal|p2b: Sinistcha|76\/100|[from] Grassy Terrain\n|-heal|p2a: Iron Hands|53\/100|[from] Grassy Terrain\n|-heal|p1b: Rillaboom|57\/100 brn|[from] Grassy Terrain\n|-heal|p1b: Rillaboom|63\/100 brn|[from] item: Leftovers\n|-damage|p1b: Rillaboom|57\/100 brn|[from] brn\n|upkeep\n|\n|t:|1700073042\n|switch|p1a: Ogerpon|Ogerpon-Hearthflame-Tera, L50, F, tera:Fire|20\/100\n|-ability|p1a: Ogerpon|Embody Aspect (Hearthflame)|boost\n|-boost|p1a: Ogerpon|atk|1\n|turn|7\n|\n|t:|1700073065\n|move|p2b: Sinistcha|Matcha Gotcha|p1b: Rillaboom|[spread] p1a,p1b\n|-resisted|p1a: Ogerpon\n|-resisted|p1b: Rillaboom\n|-damage|p1a: Ogerpon|4\/100\n|-heal|p2b: Sinistcha|85\/100|[from] drain|[of] p1a: Ogerpon\n|-damage|p1b: Rillaboom|38\/100 brn\n|-heal|p2b: Sinistcha|94\/100|[from] drain|[of] p1b: Rillaboom\n|move|p2a: Iron Hands|Drain Punch|p1b: Rillaboom\n|-damage|p1b: Rillaboom|0 fnt\n|-heal|p2a: Iron Hands|66\/100|[from] drain|[of] p1b: Rillaboom\n|faint|p1b: Rillaboom\n|move|p1a: Ogerpon|Ivy Cudgel|p2b: Sinistcha|[anim] Ivy Cudgel Fire\n|-supereffective|p2b: Sinistcha\n|-damage|p2b: Sinistcha|0 fnt\n|faint|p2b: Sinistcha\n|\n|-heal|p2a: Iron Hands|73\/100|[from] Grassy Terrain\n|-heal|p1a: Ogerpon|10\/100|[from] Grassy Terrain\n|upkeep\n|turn|8\n|-message|ArianaGrandeBaddie forfeited.\n|\n|win|TestJay\n|raw|ArianaGrandeBaddie's rating: 1318 &rarr; <strong>1298<\/strong><br \/>(-20 for losing)\n|raw|TestJay's rating: 1323 &rarr; <strong>1343<\/strong><br \/>(+20 for winning)\n|l|\u2606ArianaGrandeBaddie\n","uploadtime":1700073098,"views":21,"p1id":"arianagrandebaddie","p2id":"testjay","formatid":"gen9vgc2023regulatione","rating":1298,"private":0,"password":""}