{"id":"gen9vgc2023regulatione-1996907583","p1":"OVERBUS42","p2":"Klinklang601","format":"[Gen 9] VGC 2023 Regulation E","log":"|j|\u2606OVERBUS42\n|j|\u2606Klinklang601\n|t:|1700743294\n|gametype|doubles\n|player|p1|OVERBUS42|265|1200\n|player|p2|Klinklang601|2|1164\n|teamsize|p1|6\n|teamsize|p2|6\n|gen|9\n|tier|[Gen 9] VGC 2023 Regulation E\n|rated|\n|rule|Species Clause: Limit one of each Pok\u00e9mon\n|rule|Item Clause: Limit one of each item\n|clearpoke\n|poke|p1|Dragapult, L50, M|\n|poke|p1|Rillaboom, L50, M|\n|poke|p1|Armarouge, L50, M|\n|poke|p1|Chien-Pao, L50|\n|poke|p1|Sneasler, L50, F|\n|poke|p1|Indeedee-F, L50, F|\n|poke|p2|Urshifu-*, L50, M|\n|poke|p2|Tornadus, L50, M|\n|poke|p2|Ogerpon, L50, F|\n|poke|p2|Arcanine-Hisui, L50, F|\n|poke|p2|Flutter Mane, L50|\n|poke|p2|Iron Hands, L50|\n|teampreview|4\n|inactive|Battle timer is ON: inactive players will automatically lose when time's up. (requested by OVERBUS42)\n|inactive|Klinklang601 has 60 seconds left.\n|\n|t:|1700743336\n|start\n|switch|p1a: Rillaboom|Rillaboom, L50, M|100\/100\n|switch|p1b: Sneasler|Sneasler, L50, F|100\/100\n|switch|p2a: Tornadus|Tornadus, L50, M|100\/100\n|switch|p2b: Flutter Mane|Flutter Mane, L50|100\/100\n|-fieldstart|move: Grassy Terrain|[from] ability: Grassy Surge|[of] p1a: Rillaboom\n|-enditem|p1b: Sneasler|Grassy Seed\n|-boost|p1b: Sneasler|def|1|[from] item: Grassy Seed\n|turn|1\n|\n|t:|1700743352\n|move|p2b: Flutter Mane|Protect|p2b: Flutter Mane\n|-singleturn|p2b: Flutter Mane|Protect\n|move|p1a: Rillaboom|Fake Out|p2a: Tornadus\n|-damage|p2a: Tornadus|87\/100\n|move|p2a: Tornadus|Tailwind|p2a: Tornadus\n|-sidestart|p2: Klinklang601|move: Tailwind\n|move|p1b: Sneasler|Swords Dance|p1b: Sneasler\n|-boost|p1b: Sneasler|atk|2\n|\n|upkeep\n|turn|2\n|inactive|OVERBUS42 has 30 seconds left.\n|c|\u2606OVERBUS42|???\n|c|\u2606OVERBUS42|why no flinch?\n|inactive|OVERBUS42 has 20 seconds left.\n|\n|t:|1700743391\n|-terastallize|p2b: Flutter Mane|Fairy\n|move|p2b: Flutter Mane|Dazzling Gleam|p1a: Rillaboom|[spread] p1a,p1b\n|-damage|p1a: Rillaboom|33\/100\n|-damage|p1b: Sneasler|25\/100\n|-damage|p2b: Flutter Mane|91\/100|[from] item: Life Orb\n|move|p1b: Sneasler|Dire Claw|p2b: Flutter Mane\n|-supereffective|p2b: Flutter Mane\n|-damage|p2b: Flutter Mane|0 fnt\n|faint|p2b: Flutter Mane\n|-end|p2b: Flutter Mane|Protosynthesis|[silent]\n|move|p2a: Tornadus|Bleakwind Storm|p1a: Rillaboom|[spread] \n|-miss|p2a: Tornadus|p1a: Rillaboom\n|-miss|p2a: Tornadus|p1b: Sneasler\n|move|p1a: Rillaboom|Wood Hammer|p2a: Tornadus\n|-resisted|p2a: Tornadus\n|-damage|p2a: Tornadus|42\/100\n|-damage|p1a: Rillaboom|19\/100|[from] Recoil\n|\n|-heal|p1b: Sneasler|31\/100|[from] Grassy Terrain\n|-heal|p1a: Rillaboom|25\/100|[from] Grassy Terrain\n|upkeep\n|\n|t:|1700743407\n|switch|p2b: Urshifu|Urshifu-Rapid-Strike, L50, M|100\/100\n|turn|3\n|\n|t:|1700743424\n|move|p2b: Urshifu|Protect|p2b: Urshifu\n|-singleturn|p2b: Urshifu|Protect\n|move|p1a: Rillaboom|Protect|p1a: Rillaboom\n|-singleturn|p1a: Rillaboom|Protect\n|move|p1b: Sneasler|Acrobatics|p2b: Urshifu\n|-activate|p2b: Urshifu|move: Protect\n|move|p2a: Tornadus|Bleakwind Storm|p1a: Rillaboom|[spread] \n|-activate|p1a: Rillaboom|move: Protect\n|-miss|p2a: Tornadus|p1b: Sneasler\n|\n|-heal|p1b: Sneasler|37\/100|[from] Grassy Terrain\n|-heal|p1a: Rillaboom|31\/100|[from] Grassy Terrain\n|upkeep\n|turn|4\n|l|\u2606Klinklang601\n|inactive|Klinklang601 disconnected and has a minute to reconnect!\n|player|p2|\n|inactive|Klinklang601 has 30 seconds left.\n|inactive|Klinklang601 has 20 seconds left.\n|inactive|Klinklang601 has 15 seconds left.\n|inactive|Klinklang601 has 10 seconds left.\n|inactive|Klinklang601 has 5 seconds left.\n|j|\u2606Klinklang601\n|inactive|Klinklang601 reconnected and has 5 seconds left.\n|player|p2|Klinklang601|2\n|\n|t:|1700743479\n|move|p2b: Urshifu|Aqua Jet|p1a: Rillaboom\n|-resisted|p1a: Rillaboom\n|-damage|p1a: Rillaboom|20\/100\n|move|p2a: Tornadus|Tailwind||[still]\n|-fail|p2a: Tornadus\n|move|p1a: Rillaboom|Grassy Glide|p2b: Urshifu\n|-supereffective|p2b: Urshifu\n|-damage|p2b: Urshifu|4\/100\n|move|p1b: Sneasler|Dire Claw|p2a: Tornadus\n|-damage|p2a: Tornadus|0 fnt\n|faint|p2a: Tornadus\n|\n|-heal|p1b: Sneasler|43\/100|[from] Grassy Terrain\n|-heal|p2b: Urshifu|10\/100|[from] Grassy Terrain\n|-heal|p1a: Rillaboom|26\/100|[from] Grassy Terrain\n|-sideend|p2: Klinklang601|move: Tailwind\n|upkeep\n|\n|t:|1700743481\n|switch|p2a: Arcanine|Arcanine-Hisui, L50, F, shiny|100\/100\n|turn|5\n|inactive|OVERBUS42 has 30 seconds left.\n|\n|t:|1700743508\n|move|p2b: Urshifu|Protect|p2b: Urshifu\n|-singleturn|p2b: Urshifu|Protect\n|move|p1a: Rillaboom|Protect|p1a: Rillaboom\n|-singleturn|p1a: Rillaboom|Protect\n|move|p2a: Arcanine|Extreme Speed|p1a: Rillaboom\n|-activate|p1a: Rillaboom|move: Protect\n|move|p1b: Sneasler|Close Combat|p2a: Arcanine\n|-supereffective|p2a: Arcanine\n|-damage|p2a: Arcanine|0 fnt\n|-unboost|p1b: Sneasler|def|1\n|-unboost|p1b: Sneasler|spd|1\n|faint|p2a: Arcanine\n|\n|-heal|p1b: Sneasler|49\/100|[from] Grassy Terrain\n|-heal|p2b: Urshifu|16\/100|[from] Grassy Terrain\n|-heal|p1a: Rillaboom|32\/100|[from] Grassy Terrain\n|-fieldend|move: Grassy Terrain\n|upkeep\n|turn|6\n|-message|Klinklang601 forfeited.\n|\n|win|OVERBUS42\n|raw|OVERBUS42's rating: 1200 &rarr; <strong>1222<\/strong><br \/>(+22 for winning)\n|raw|Klinklang601's rating: 1164 &rarr; <strong>1142<\/strong><br \/>(-22 for losing)\n|l|\u2606Klinklang601\n","uploadtime":1700743529,"views":7,"p1id":"overbus42","p2id":"klinklang601","formatid":"gen9vgc2023regulatione","rating":1142,"private":0,"password":""}