{"id":"gen9vgc2023regulatione-1990060965","p1":"epiuk","p2":"aneurs","format":"[Gen 9] VGC 2023 Regulation E","log":"|j|\u2606epiuk\n|j|\u2606aneurs\n|t:|1699920325\n|gametype|doubles\n|player|p1|epiuk|1|1000\n|player|p2|aneurs|lucas|1000\n|teamsize|p1|6\n|teamsize|p2|6\n|gen|9\n|tier|[Gen 9] VGC 2023 Regulation E\n|rated|\n|rule|Species Clause: Limit one of each Pok\u00e9mon\n|rule|Item Clause: Limit one of each item\n|clearpoke\n|poke|p1|Greninja-*, L50, F|\n|poke|p1|Gliscor, L50, F|\n|poke|p1|Magnezone, L50|\n|poke|p1|Heatran, L50, F|\n|poke|p1|Arcanine, L50, M|\n|poke|p1|Rillaboom, L50, M|\n|poke|p2|Amoonguss, L50, F|\n|poke|p2|Iron Hands, L50|\n|poke|p2|Hippowdon, L50, M|\n|poke|p2|Kingambit, L50, M|\n|poke|p2|Gholdengo, L50|\n|poke|p2|Chi-Yu, L50|\n|teampreview|4\n|\n|t:|1699920336\n|start\n|switch|p1a: Greninja|Greninja, L50, F, shiny|100\/100\n|switch|p1b: Gliscor|Gliscor, L50, F, shiny|100\/100\n|switch|p2a: Amy|Amoonguss, L50, F|100\/100\n|switch|p2b: Irving|Iron Hands, L50|100\/100\n|turn|1\n|\n|t:|1699920370\n|move|p1a: Greninja|Ice Beam|p2a: Amy\n|-start|p1a: Greninja|typechange|Ice|[from] ability: Protean\n|-supereffective|p2a: Amy\n|-damage|p2a: Amy|43\/100\n|move|p1b: Gliscor|Swords Dance|p1b: Gliscor\n|-boost|p1b: Gliscor|atk|2\n|move|p2b: Irving|Drain Punch|p1a: Greninja\n|-supereffective|p1a: Greninja\n|-damage|p1a: Greninja|0 fnt\n|faint|p1a: Greninja\n|move|p2a: Amy|Spore|p1b: Gliscor\n|-status|p1b: Gliscor|slp|[from] move: Spore\n|\n|-heal|p2a: Amy|49\/100|[from] item: Black Sludge\n|upkeep\n|\n|t:|1699920392\n|switch|p1a: Magnezone|Magnezone, L50, shiny|100\/100\n|turn|2\n|\n|t:|1699920411\n|-terastallize|p1b: Gliscor|Ground\n|cant|p1b: Gliscor|slp\n|move|p1a: Magnezone|Body Press|p2b: Irving\n|-damage|p2b: Irving|88\/100\n|move|p2b: Irving|Drain Punch|p1a: Magnezone\n|-supereffective|p1a: Magnezone\n|-crit|p1a: Magnezone\n|-damage|p1a: Magnezone|0 fnt\n|-heal|p2b: Irving|100\/100|[from] drain|[of] p1a: Magnezone\n|faint|p1a: Magnezone\n|move|p2a: Amy|Clear Smog|p1b: Gliscor\n|-resisted|p1b: Gliscor\n|-damage|p1b: Gliscor|91\/100 slp\n|-clearboost|p1b: Gliscor\n|\n|-heal|p2a: Amy|55\/100|[from] item: Black Sludge\n|upkeep\n|\n|t:|1699920427\n|switch|p1a: Heatran|Heatran, L50, F, shiny|100\/100\n|-item|p1a: Heatran|Air Balloon\n|turn|3\n|\n|t:|1699920445\n|move|p2a: Amy|Protect|p2a: Amy\n|-singleturn|p2a: Amy|Protect\n|cant|p1b: Gliscor|slp\n|move|p1a: Heatran|Earth Power|p2b: Irving\n|-supereffective|p2b: Irving\n|-crit|p2b: Irving\n|-damage|p2b: Irving|33\/100\n|move|p2b: Irving|Drain Punch|p1a: Heatran\n|-supereffective|p1a: Heatran\n|-damage|p1a: Heatran|28\/100\n|-heal|p2b: Irving|60\/100|[from] drain|[of] p1a: Heatran\n|-enditem|p1a: Heatran|Air Balloon\n|\n|-heal|p2a: Amy|61\/100|[from] item: Black Sludge\n|upkeep\n|turn|4\n|\n|t:|1699920470\n|move|p2a: Amy|Protect||[still]\n|-fail|p2a: Amy\n|cant|p1b: Gliscor|slp\n|move|p1a: Heatran|Earth Power|p2b: Irving\n|-supereffective|p2b: Irving\n|-damage|p2b: Irving|15\/100\n|move|p2b: Irving|Volt Switch|p1a: Heatran\n|-damage|p1a: Heatran|17\/100\n|\n|t:|1699920484\n|-end|p2b: Irving|Quark Drive|[silent]\n|switch|p2b: Hector|Hippowdon, L50, M|100\/100|[from] Volt Switch\n|-weather|Sandstorm|[from] ability: Sand Stream|[of] p2b: Hector\n|\n|-weather|Sandstorm|[upkeep]\n|-damage|p2a: Amy|55\/100|[from] Sandstorm\n|-heal|p2a: Amy|61\/100|[from] item: Black Sludge\n|upkeep\n|turn|5\n|\n|t:|1699920506\n|-curestatus|p1b: Gliscor|slp|[msg]\n|move|p1b: Gliscor|Earthquake|p2a: Amy|[spread] p1a,p2a,p2b\n|-supereffective|p1a: Heatran\n|-damage|p1a: Heatran|0 fnt\n|-damage|p2a: Amy|23\/100\n|-damage|p2b: Hector|81\/100\n|faint|p1a: Heatran\n|move|p2b: Hector|Earth Power|p1b: Gliscor\n|-damage|p1b: Gliscor|63\/100\n|move|p2a: Amy|Spore|p1b: Gliscor\n|-status|p1b: Gliscor|slp|[from] move: Spore\n|\n|-weather|Sandstorm|[upkeep]\n|-damage|p2a: Amy|17\/100|[from] Sandstorm\n|-heal|p2b: Hector|87\/100|[from] item: Leftovers\n|-heal|p2a: Amy|23\/100|[from] item: Black Sludge\n|upkeep\n|turn|6\n|\n|t:|1699920553\n|switch|p2b: Chet|Chi-Yu, L50|100\/100\n|-ability|p2b: Chet|Beads of Ruin\n|cant|p1b: Gliscor|slp\n|move|p2a: Amy|Clear Smog|p1b: Gliscor\n|-resisted|p1b: Gliscor\n|-damage|p1b: Gliscor|50\/100 slp\n|-clearboost|p1b: Gliscor\n|\n|-weather|Sandstorm|[upkeep]\n|-damage|p2b: Chet|94\/100|[from] Sandstorm\n|-damage|p2a: Amy|17\/100|[from] Sandstorm\n|-heal|p2a: Amy|23\/100|[from] item: Black Sludge\n|upkeep\n|turn|7\n|\n|t:|1699920570\n|move|p2a: Amy|Protect|p2a: Amy\n|-singleturn|p2a: Amy|Protect\n|move|p2b: Chet|Ruination|p1b: Gliscor\n|-damage|p1b: Gliscor|25\/100 slp\n|cant|p1b: Gliscor|slp\n|\n|-weather|Sandstorm|[upkeep]\n|-damage|p2b: Chet|88\/100|[from] Sandstorm\n|-damage|p2a: Amy|17\/100|[from] Sandstorm\n|-heal|p2a: Amy|23\/100|[from] item: Black Sludge\n|upkeep\n|turn|8\n|\n|t:|1699920587\n|move|p2b: Chet|Lava Plume|p1b: Gliscor|[spread] p2a,p1b\n|-supereffective|p2a: Amy\n|-damage|p2a: Amy|0 fnt\n|-damage|p1b: Gliscor|0 fnt\n|faint|p2a: Amy\n|faint|p1b: Gliscor\n|\n|win|aneurs\n|raw|epiuk's rating: 1000 &rarr; <strong>1000<\/strong><br \/>(+0 for losing)\n|raw|aneurs's rating: 1000 &rarr; <strong>1040<\/strong><br \/>(+40 for winning)\n|l|\u2606epiuk\n","uploadtime":1699920746,"views":21,"p1id":"epiuk","p2id":"aneurs","formatid":"gen9vgc2023regulatione","rating":1000,"private":0,"password":""}