{"id":"gen9vgc2023regulatione-1988997403","p1":"Lucky Enuff","p2":"jebongskiman","format":"[Gen 9] VGC 2023 Regulation E","log":"|j|\u2606Lucky Enuff\n|j|\u2606jebongskiman\n|t:|1699800151\n|gametype|doubles\n|player|p1|Lucky Enuff|101|1318\n|player|p2|jebongskiman|blue|1261\n|teamsize|p1|6\n|teamsize|p2|6\n|gen|9\n|tier|[Gen 9] VGC 2023 Regulation E\n|rated|\n|rule|Species Clause: Limit one of each Pok\u00e9mon\n|rule|Item Clause: Limit one of each item\n|clearpoke\n|poke|p1|Farigiraf, L50, F|\n|poke|p1|Heatran, L50, F|\n|poke|p1|Volbeat, L50, M|\n|poke|p1|Ursaluna-Bloodmoon, L50, M|\n|poke|p1|Flutter Mane, L50|\n|poke|p1|Sinistcha, L50|\n|poke|p2|Sableye, L50, M|\n|poke|p2|Landorus-Therian, L50, M|\n|poke|p2|Sinistcha, L50|\n|poke|p2|Heatran, L50, F|\n|poke|p2|Espathra, L50, F|\n|poke|p2|Urshifu-*, L50, F|\n|teampreview|4\nLucky Enuff rejected open team sheets.\n|\n|t:|1699800183\n|start\n|switch|p1a: Volbeat|Volbeat, L50, M|100\/100\n|switch|p1b: Farigiraf|Farigiraf, L50, F, shiny|100\/100\n|switch|p2a: Sableye|Sableye, L50, M|100\/100\n|switch|p2b: Espathra|Espathra, L50, F|100\/100\n|turn|1\n|\n|t:|1699800202\n|-terastallize|p1b: Farigiraf|Fairy\n|move|p1a: Volbeat|Tail Glow|p1a: Volbeat\n|-boost|p1a: Volbeat|spa|3\n|move|p2a: Sableye|Gravity|p2a: Sableye\n|-fieldstart|move: Gravity\n|move|p2b: Espathra|Hypnosis|p1a: Volbeat\n|-status|p1a: Volbeat|slp|[from] move: Hypnosis\n|move|p1b: Farigiraf|Trick Room|p1b: Farigiraf\n|-fieldstart|move: Trick Room|[of] p1b: Farigiraf\n|\n|-ability|p2b: Espathra|Speed Boost|boost\n|-boost|p2b: Espathra|spe|1\n|upkeep\n|turn|2\n|inactive|Battle timer is ON: inactive players will automatically lose when time's up. (requested by jebongskiman)\n|\n|t:|1699800260\n|move|p1b: Farigiraf|Protect|p1b: Farigiraf\n|-singleturn|p1b: Farigiraf|Protect\n|move|p2a: Sableye|Light Screen|p2a: Sableye\n|-sidestart|p2: jebongskiman|move: Light Screen\n|cant|p1a: Volbeat|slp\n|move|p2b: Espathra|Hypnosis|p1b: Farigiraf\n|-activate|p1b: Farigiraf|move: Protect\n|\n|-ability|p2b: Espathra|Speed Boost|boost\n|-boost|p2b: Espathra|spe|1\n|upkeep\n|turn|3\n|inactive|Lucky Enuff has 30 seconds left.\n|inactive|jebongskiman has 30 seconds left.\n|\n|t:|1699800290\n|switch|p1b: Heatran|Heatran, L50, F, shiny|100\/100\n|-curestatus|p1a: Volbeat|slp|[msg]\n|move|p1a: Volbeat|Baton Pass|p1a: Volbeat\n|\n|t:|1699800296\n|switch|p1a: Ursaluna|Ursaluna-Bloodmoon, L50, M|100\/100|[from] Baton Pass\n|move|p2a: Sableye|Foul Play|p1a: Ursaluna\n|-damage|p1a: Ursaluna|84\/100\n|move|p2b: Espathra|Hypnosis|p1b: Heatran\n|-status|p1b: Heatran|slp|[from] move: Hypnosis\n|\n|-ability|p2b: Espathra|Speed Boost|boost\n|-boost|p2b: Espathra|spe|1\n|upkeep\n|turn|4\n|\n|t:|1699800320\n|move|p1a: Ursaluna|Hyper Voice|p2a: Sableye|[spread] p2a,p2b\n|-damage|p2a: Sableye|0 fnt\n|-enditem|p2b: Espathra|Focus Sash\n|-damage|p2b: Espathra|1\/100\n|faint|p2a: Sableye\n|cant|p1b: Heatran|slp\n|move|p2b: Espathra|Hypnosis|p1a: Ursaluna\n|-status|p1a: Ursaluna|slp|[from] move: Hypnosis\n|\n|-ability|p2b: Espathra|Speed Boost|boost\n|-boost|p2b: Espathra|spe|1\n|upkeep\n|\n|t:|1699800327\n|switch|p2a: Heatran|Heatran, L50, F|100\/100\n|turn|5\n|\n|t:|1699800349\n|cant|p1a: Ursaluna|slp\n|-curestatus|p1b: Heatran|slp|[msg]\n|move|p1b: Heatran|Earth Power|p2a: Heatran\n|-supereffective|p2a: Heatran\n|-damage|p2a: Heatran|17\/100\n|move|p2a: Heatran|Magma Storm|p1a: Ursaluna\n|-damage|p1a: Ursaluna|21\/100 slp\n|-activate|p1a: Ursaluna|move: Magma Storm|[of] p2a: Heatran\n|move|p2b: Espathra|Lumina Crash|p1b: Heatran\n|-resisted|p1b: Heatran\n|-damage|p1b: Heatran|89\/100\n|-unboost|p1b: Heatran|spd|2\n|\n|-heal|p2a: Heatran|23\/100|[from] item: Leftovers\n|-damage|p1a: Ursaluna|9\/100 slp|[from] move: Magma Storm|[partiallytrapped]\n|-fieldend|move: Trick Room\n|-fieldend|move: Gravity\n|-ability|p2b: Espathra|Speed Boost|boost\n|-boost|p2b: Espathra|spe|1\n|upkeep\n|turn|6\n|inactive|Lucky Enuff has 30 seconds left.\n|inactive|Lucky Enuff has 20 seconds left.\n|\n|t:|1699800387\n|switch|p2a: Urshifu|Urshifu-Rapid-Strike, L50, F|100\/100\n|move|p1b: Heatran|Protect|p1b: Heatran\n|-singleturn|p1b: Heatran|Protect\n|move|p2b: Espathra|Baton Pass|p2b: Espathra\n|\n|t:|1699800394\n|switch|p2b: Heatran|Heatran, L50, F|23\/100|[from] Baton Pass\n|cant|p1a: Ursaluna|slp\n|\n|-heal|p2b: Heatran|29\/100|[from] item: Leftovers\n|-end|p1a: Ursaluna|Magma Storm|[partiallytrapped]|[silent]\n|-sideend|p2: jebongskiman|move: Light Screen\n|upkeep\n|turn|7\n|inactive|Lucky Enuff has 30 seconds left.\n|\n|t:|1699800425\n|switch|p1b: Volbeat|Volbeat, L50, M|100\/100\n|move|p2b: Heatran|Flash Cannon|p1a: Ursaluna\n|-damage|p1a: Ursaluna|0 fnt\n|faint|p1a: Ursaluna\n|move|p2a: Urshifu|Surging Strikes|p1b: Volbeat\n|-crit|p1b: Volbeat\n|-damage|p1b: Volbeat|66\/100\n|-crit|p1b: Volbeat\n|-damage|p1b: Volbeat|32\/100\n|-crit|p1b: Volbeat\n|-damage|p1b: Volbeat|1\/100\n|-hitcount|p1b: Volbeat|3\n|\n|-heal|p2b: Heatran|35\/100|[from] item: Leftovers\n|upkeep\n|inactive|Lucky Enuff has 30 seconds left.\n|\n|t:|1699800452\n|switch|p1a: Heatran|Heatran, L50, F, shiny|89\/100\n|turn|8\n|inactive|Lucky Enuff has 30 seconds left.\n|inactive|jebongskiman has 30 seconds left.\n|inactive|Lucky Enuff has 20 seconds left.\n|\n|t:|1699800490\n|switch|p1a: Farigiraf|Farigiraf, L50, F, shiny, tera:Fairy|100\/100\n|move|p1b: Volbeat|Encore|p2b: Heatran\n|-start|p2b: Heatran|Encore\n|move|p2b: Heatran|Flash Cannon|p1b: Volbeat\n|-damage|p1b: Volbeat|0 fnt\n|faint|p1b: Volbeat\n|move|p2a: Urshifu|Surging Strikes|p1a: Farigiraf\n|-crit|p1a: Farigiraf\n|-damage|p1a: Farigiraf|75\/100\n|-crit|p1a: Farigiraf\n|-damage|p1a: Farigiraf|48\/100\n|-enditem|p1a: Farigiraf|Sitrus Berry|[eat]\n|-heal|p1a: Farigiraf|73\/100|[from] item: Sitrus Berry\n|-crit|p1a: Farigiraf\n|-damage|p1a: Farigiraf|48\/100\n|-hitcount|p1a: Farigiraf|3\n|\n|-heal|p2b: Heatran|41\/100|[from] item: Leftovers\n|upkeep\n|\n|t:|1699800509\n|switch|p1b: Heatran|Heatran, L50, F, shiny|89\/100\n|turn|9\n|inactive|Lucky Enuff has 30 seconds left.\n|inactive|Lucky Enuff has 20 seconds left.\n|\n|t:|1699800547\n|move|p1a: Farigiraf|Protect|p1a: Farigiraf\n|-singleturn|p1a: Farigiraf|Protect\n|move|p2b: Heatran|Flash Cannon|p1a: Farigiraf\n|-activate|p1a: Farigiraf|move: Protect\n|move|p2a: Urshifu|Surging Strikes|p1a: Farigiraf\n|-crit|p1a: Farigiraf\n|-damage|p1a: Farigiraf|20\/100\n|-crit|p1a: Farigiraf\n|-damage|p1a: Farigiraf|0 fnt\n|faint|p1a: Farigiraf\n|-hitcount|p1: Farigiraf|2\n|move|p1b: Heatran|Earth Power|p2b: Heatran\n|-supereffective|p2b: Heatran\n|-damage|p2b: Heatran|0 fnt\n|faint|p2b: Heatran\n|\n|upkeep\n|\n|t:|1699800552\n|switch|p2b: Espathra|Espathra, L50, F|1\/100\n|turn|10\n|\n|t:|1699800572\n|move|p2b: Espathra|Hypnosis|p1b: Heatran\n|-status|p1b: Heatran|slp|[from] move: Hypnosis\n|move|p2a: Urshifu|Surging Strikes|p1b: Heatran\n|-supereffective|p1b: Heatran\n|-crit|p1b: Heatran\n|-damage|p1b: Heatran|43\/100 slp\n|-supereffective|p1b: Heatran\n|-crit|p1b: Heatran\n|-damage|p1b: Heatran|0 fnt\n|faint|p1b: Heatran\n|-hitcount|p1: Heatran|2\n|\n|win|jebongskiman\n|raw|Lucky Enuff's rating: 1318 &rarr; <strong>1295<\/strong><br \/>(-23 for losing)\n|raw|jebongskiman's rating: 1261 &rarr; <strong>1290<\/strong><br \/>(+29 for winning)\n","uploadtime":1699800578,"views":15,"p1id":"luckyenuff","p2id":"jebongskiman","formatid":"gen9vgc2023regulatione","rating":1290,"private":0,"password":""}