{"id":"gen9vgc2023regulatione-1996465234","p1":"testingsometh","p2":"Kamoram","format":"[Gen 9] VGC 2023 Regulation E","log":"|j|\u2606testingsometh\n|j|\u2606Kamoram\n|t:|1700684638\n|gametype|doubles\n|player|p1|testingsometh|265|1000\n|player|p2|Kamoram|265|1069\n|teamsize|p1|6\n|teamsize|p2|6\n|gen|9\n|tier|[Gen 9] VGC 2023 Regulation E\n|rated|\n|rule|Species Clause: Limit one of each Pok\u00e9mon\n|rule|Item Clause: Limit one of each item\n|clearpoke\n|poke|p1|Perrserker, L50, M|\n|poke|p1|Gholdengo, L50|\n|poke|p1|Farigiraf, L50, M|\n|poke|p1|Conkeldurr, L50, F|\n|poke|p1|Heatran, L50, F|\n|poke|p1|Landorus-Therian, L50, M|\n|poke|p2|Landorus-Therian, L50, M|\n|poke|p2|Iron Hands, L50|\n|poke|p2|Kommo-o, L50, F|\n|poke|p2|Clefairy, L50, M|\n|poke|p2|Sinistcha, L50|\n|poke|p2|Kingambit, L50, F|\n|teampreview|4\n|\n|t:|1700684676\n|start\n|switch|p1a: Farigiraf|Farigiraf, L50, M|100\/100\n|switch|p1b: Gholdengo|Gholdengo, L50|100\/100\n|switch|p2a: Iron Hands|Iron Hands, L50|100\/100\n|switch|p2b: Landorus|Landorus-Therian, L50, M|100\/100\n|-ability|p2b: Landorus|Intimidate|boost\n|-unboost|p1a: Farigiraf|atk|1\n|-unboost|p1b: Gholdengo|atk|1\n|turn|1\n|inactive|Battle timer is ON: inactive players will automatically lose when time's up. (requested by testingsometh)\n|\n|t:|1700684698\n|-terastallize|p1b: Gholdengo|Dragon\n|move|p2a: Iron Hands|Fake Out||[still]\n|cant|p1a: Farigiraf|ability: Armor Tail|Fake Out|[of] p2a: Iron Hands\n|move|p2b: Landorus|U-turn|p1b: Gholdengo\n|-damage|p1b: Gholdengo|77\/100\n|\n|t:|1700684704\n|switch|p2b: Sinistcha|Sinistcha, L50|100\/100|[from] U-turn\n|move|p1b: Gholdengo|Nasty Plot|p1b: Gholdengo\n|-boost|p1b: Gholdengo|spa|2\n|move|p1a: Farigiraf|Trick Room|p1a: Farigiraf\n|-fieldstart|move: Trick Room|[of] p1a: Farigiraf\n|\n|-heal|p1b: Gholdengo|83\/100|[from] item: Leftovers\n|upkeep\n|turn|2\n|\n|t:|1700684728\n|switch|p1a: Perrserker|Perrserker, L50, M|100\/100\n|move|p2b: Sinistcha|Rage Powder|p2b: Sinistcha\n|-singleturn|p2b: Sinistcha|move: Rage Powder\n|move|p2a: Iron Hands|Heavy Slam|p1b: Gholdengo\n|-damage|p1b: Gholdengo|43\/100\n|move|p1b: Gholdengo|Make It Rain|p2b: Sinistcha|[spread] p2a,p2b\n|-resisted|p2a: Iron Hands\n|-damage|p2a: Iron Hands|65\/100\n|-damage|p2b: Sinistcha|0 fnt\n|-unboost|p1b: Gholdengo|spa|1\n|faint|p2b: Sinistcha\n|\n|-heal|p1b: Gholdengo|49\/100|[from] item: Leftovers\n|upkeep\n|\n|t:|1700684745\n|switch|p2b: Landorus|Landorus-Therian, L50, M|100\/100\n|-ability|p2b: Landorus|Intimidate|boost\n|-unboost|p1a: Perrserker|atk|1\n|-unboost|p1b: Gholdengo|atk|1\n|turn|3\n|\n|t:|1700684764\n|move|p1a: Perrserker|Fake Out|p2a: Iron Hands\n|-damage|p2a: Iron Hands|60\/100\n|cant|p2a: Iron Hands|flinch\n|move|p1b: Gholdengo|Make It Rain|p2b: Landorus|[spread] p2a,p2b\n|-resisted|p2a: Iron Hands\n|-damage|p2a: Iron Hands|30\/100\n|-damage|p2b: Landorus|0 fnt\n|-unboost|p1b: Gholdengo|spa|1\n|faint|p2b: Landorus\n|\n|-heal|p1b: Gholdengo|56\/100|[from] item: Leftovers\n|upkeep\n|\n|t:|1700684772\n|switch|p2b: Kommo-o|Kommo-o, L50, F|100\/100\n|turn|4\n|\n|t:|1700684792\n|switch|p1a: Farigiraf|Farigiraf, L50, M|100\/100\n|-terastallize|p2b: Kommo-o|Steel\n|move|p1b: Gholdengo|Protect|p1b: Gholdengo\n|-singleturn|p1b: Gholdengo|Protect\n|move|p2a: Iron Hands|Heavy Slam|p1b: Gholdengo\n|-activate|p1b: Gholdengo|move: Protect\n|move|p2b: Kommo-o|Clangorous Soul|p2b: Kommo-o\n|-boost|p2b: Kommo-o|atk|1\n|-boost|p2b: Kommo-o|def|1\n|-boost|p2b: Kommo-o|spa|1\n|-boost|p2b: Kommo-o|spd|1\n|-boost|p2b: Kommo-o|spe|1\n|-damage|p2b: Kommo-o|68\/100\n|-enditem|p2b: Kommo-o|Throat Spray\n|-boost|p2b: Kommo-o|spa|1|[from] item: Throat Spray\n|\n|-heal|p1b: Gholdengo|62\/100|[from] item: Leftovers\n|upkeep\n|turn|5\n|\n|t:|1700684816\n|switch|p1b: Perrserker|Perrserker, L50, M|100\/100\n|move|p2a: Iron Hands|Heavy Slam|p1b: Perrserker\n|-resisted|p1b: Perrserker\n|-damage|p1b: Perrserker|78\/100\n|-damage|p2a: Iron Hands|14\/100|[from] item: Rocky Helmet|[of] p1b: Perrserker\n|move|p1a: Farigiraf|Psychic|p2a: Iron Hands\n|-supereffective|p2a: Iron Hands\n|-damage|p2a: Iron Hands|0 fnt\n|faint|p2a: Iron Hands\n|-end|p2a: Iron Hands|Quark Drive|[silent]\n|move|p2b: Kommo-o|Clanging Scales|p1b: Perrserker|[spread] p1a,p1b\n|-resisted|p1b: Perrserker\n|-damage|p1a: Farigiraf|35\/100\n|-damage|p1b: Perrserker|42\/100\n|-enditem|p1a: Farigiraf|Sitrus Berry|[eat]\n|-heal|p1a: Farigiraf|60\/100|[from] item: Sitrus Berry\n|-unboost|p2b: Kommo-o|def|1\n|\n|-fieldend|move: Trick Room\n|upkeep\n|turn|6\n|\n|t:|1700684837\n|move|p1b: Perrserker|Fake Out|p2b: Kommo-o\n|-resisted|p2b: Kommo-o\n|-damage|p2b: Kommo-o|64\/100\n|cant|p2b: Kommo-o|flinch\n|move|p1a: Farigiraf|Trick Room|p1a: Farigiraf\n|-fieldstart|move: Trick Room|[of] p1a: Farigiraf\n|\n|upkeep\n|turn|7\n|\n|t:|1700684849\n|move|p1b: Perrserker|Protect|p1b: Perrserker\n|-singleturn|p1b: Perrserker|Protect\n|move|p1a: Farigiraf|Psychic|p2b: Kommo-o\n|-resisted|p2b: Kommo-o\n|-damage|p2b: Kommo-o|53\/100\n|move|p2b: Kommo-o|Clanging Scales|p1b: Perrserker|[spread] p1a\n|-activate|p1b: Perrserker|move: Protect\n|-damage|p1a: Farigiraf|0 fnt\n|faint|p1a: Farigiraf\n|-unboost|p2b: Kommo-o|def|1\n|\n|upkeep\n|\n|t:|1700684865\n|switch|p1a: Heatran|Heatran, L50, F|100\/100\n|turn|8\n|\n|t:|1700684877\n|move|p1b: Perrserker|Helping Hand|p1a: Heatran\n|-singleturn|p1a: Heatran|Helping Hand|[of] p1b: Perrserker\n|move|p2b: Kommo-o|Protect|p2b: Kommo-o\n|-singleturn|p2b: Kommo-o|Protect\n|move|p1a: Heatran|Heat Wave|p2b: Kommo-o\n|-activate|p2b: Kommo-o|move: Protect\n|\n|upkeep\n|turn|9\n|\n|t:|1700684899\n|move|p1b: Perrserker|Helping Hand|p1a: Heatran\n|-singleturn|p1a: Heatran|Helping Hand|[of] p1b: Perrserker\n|move|p1a: Heatran|Heat Wave|p2b: Kommo-o\n|-supereffective|p2b: Kommo-o\n|-damage|p2b: Kommo-o|0 fnt\n|faint|p2b: Kommo-o\n|\n|win|testingsometh\n|raw|testingsometh's rating: 1000 &rarr; <strong>1048<\/strong><br \/>(+48 for winning)\n|raw|Kamoram's rating: 1069 &rarr; <strong>1045<\/strong><br \/>(-24 for losing)\n|l|\u2606Kamoram\n","uploadtime":1700684910,"views":5,"p1id":"testingsometh","p2id":"kamoram","formatid":"gen9vgc2023regulatione","rating":1045,"private":0,"password":""}