{"id":"gen9vgc2023regulatione-1993202563","p1":"batterytestingzone","p2":"The N7 Monk","format":"[Gen 9] VGC 2023 Regulation E","log":"|j|\u2606batterytestingzone\n|j|\u2606The N7 Monk\n|t:|1700277468\n|gametype|doubles\n|player|p1|batterytestingzone|169|1125\n|player|p2|The N7 Monk|acetrainer-gen4dp|1092\n|teamsize|p1|6\n|teamsize|p2|6\n|gen|9\n|tier|[Gen 9] VGC 2023 Regulation E\n|rated|\n|rule|Species Clause: Limit one of each Pok\u00e9mon\n|rule|Item Clause: Limit one of each item\n|clearpoke\n|poke|p1|Zapdos-Galar, L50|\n|poke|p1|Goodra-Hisui, L50, F|\n|poke|p1|Sinistcha, L50|\n|poke|p1|Gastrodon, L50, M|\n|poke|p1|Chi-Yu, L50|\n|poke|p1|Flutter Mane, L50|\n|poke|p2|Muk-Alola, L50, F|\n|poke|p2|Farigiraf, L50, M|\n|poke|p2|Scovillain, L50, F|\n|poke|p2|Ogerpon-Wellspring, L50, F|\n|poke|p2|Heatran, L50, F|\n|poke|p2|Cresselia, L50, F|\n|teampreview|4\n|\n|t:|1700277507\n|start\n|switch|p1a: Zapdos|Zapdos-Galar, L50|100\/100\n|switch|p1b: Gastrodon|Gastrodon, L50, M|100\/100\n|switch|p2a: Muk|Muk-Alola, L50, F|100\/100\n|switch|p2b: Scovillain|Scovillain, L50, F|100\/100\n|turn|1\n|\n|t:|1700277520\n|move|p2b: Scovillain|Rage Powder|p2b: Scovillain\n|-singleturn|p2b: Scovillain|move: Rage Powder\n|move|p1a: Zapdos|Dual Wingbeat|p2b: Scovillain\n|-supereffective|p2b: Scovillain\n|-damage|p2b: Scovillain|5\/100\n|-supereffective|p2b: Scovillain\n|-damage|p2b: Scovillain|0 fnt\n|faint|p2b: Scovillain\n|-ability|p2a: Muk|Moody|[from] ability: Power of Alchemy|[of] p2b: Scovillain\n|-hitcount|p2: Scovillain|2\n|-damage|p1a: Zapdos|91\/100|[from] item: Life Orb\n|move|p2a: Muk|Minimize|p2a: Muk\n|-boost|p2a: Muk|evasion|2\n|move|p1b: Gastrodon|Earth Power|p2a: Muk\n|-supereffective|p2a: Muk\n|-damage|p2a: Muk|61\/100\n|\n|-heal|p2a: Muk|67\/100|[from] item: Leftovers\n|-ability|p2a: Muk|Moody|boost\n|-boost|p2a: Muk|spd|2\n|-unboost|p2a: Muk|def|1\n|upkeep\n|\n|t:|1700277538\n|switch|p2b: Ogerpon|Ogerpon-Wellspring, L50, F|100\/100\n|turn|2\n|\n|t:|1700277555\n|move|p2b: Ogerpon|Follow Me|p2b: Ogerpon\n|-singleturn|p2b: Ogerpon|move: Follow Me\n|move|p1a: Zapdos|Dual Wingbeat|p2b: Ogerpon\n|-supereffective|p2b: Ogerpon\n|-damage|p2b: Ogerpon|39\/100\n|-supereffective|p2b: Ogerpon\n|-damage|p2b: Ogerpon|0 fnt\n|faint|p2b: Ogerpon\n|-hitcount|p2: Ogerpon|2\n|-damage|p1a: Zapdos|81\/100|[from] item: Life Orb\n|move|p2a: Muk|Minimize|p2a: Muk\n|-boost|p2a: Muk|evasion|2\n|move|p1b: Gastrodon|Earth Power|p2a: Muk|[miss]\n|-miss|p1b: Gastrodon|p2a: Muk\n|\n|-heal|p2a: Muk|73\/100|[from] item: Leftovers\n|-ability|p2a: Muk|Moody|boost\n|-boost|p2a: Muk|spe|2\n|-unboost|p2a: Muk|atk|1\n|upkeep\n|\n|t:|1700277571\n|switch|p2b: Cresselia|Cresselia, L50, F|100\/100\n|turn|3\n|\n|t:|1700277587\n|move|p1a: Zapdos|Dual Wingbeat|p2b: Cresselia\n|-damage|p2b: Cresselia|82\/100\n|-damage|p2b: Cresselia|66\/100\n|-hitcount|p2b: Cresselia|2\n|-damage|p1a: Zapdos|71\/100|[from] item: Life Orb\n|move|p2a: Muk|Minimize|p2a: Muk\n|-boost|p2a: Muk|evasion|2\n|move|p2b: Cresselia|Lunar Blessing|p2b: Cresselia|[spread] p2a,p2b\n|-heal|p2a: Muk|98\/100\n|-heal|p2b: Cresselia|91\/100\n|move|p1b: Gastrodon|Earth Power|p2a: Muk|[miss]\n|-miss|p1b: Gastrodon|p2a: Muk\n|\n|-heal|p2a: Muk|100\/100|[from] item: Leftovers\n|-ability|p2a: Muk|Moody|boost\n|-boost|p2a: Muk|spa|2\n|-unboost|p2a: Muk|spd|1\n|upkeep\n|turn|4\n|\n|t:|1700277619\n|switch|p1b: Flutter Mane|Flutter Mane, L50|100\/100\n|-enditem|p1b: Flutter Mane|Booster Energy\n|-activate|p1b: Flutter Mane|ability: Protosynthesis|[fromitem]\n|-start|p1b: Flutter Mane|protosynthesisspa\n|move|p1a: Zapdos|Thunderous Kick|p2a: Muk|[miss]\n|-miss|p1a: Zapdos|p2a: Muk\n|move|p2a: Muk|Poison Fang|p1b: Flutter Mane\n|-damage|p1b: Flutter Mane|74\/100\n|move|p2b: Cresselia|Dazzling Gleam|p1b: Flutter Mane|[spread] p1a,p1b\n|-supereffective|p1a: Zapdos\n|-damage|p1a: Zapdos|44\/100\n|-damage|p1b: Flutter Mane|63\/100\n|\n|-ability|p2a: Muk|Moody|boost\n|-boost|p2a: Muk|spd|2\n|-unboost|p2a: Muk|def|1\n|upkeep\n|turn|5\n|\n|t:|1700277640\n|move|p1b: Flutter Mane|Shadow Ball|p2b: Cresselia\n|-supereffective|p2b: Cresselia\n|-damage|p2b: Cresselia|26\/100\n|move|p1a: Zapdos|Thunderous Kick|p2a: Muk|[miss]\n|-miss|p1a: Zapdos|p2a: Muk\n|move|p2a: Muk|Poison Fang|p1b: Flutter Mane\n|-damage|p1b: Flutter Mane|34\/100\n|-status|p1b: Flutter Mane|tox\n|move|p2b: Cresselia|Dazzling Gleam|p1a: Zapdos|[spread] p1a,p1b\n|-supereffective|p1a: Zapdos\n|-damage|p1a: Zapdos|17\/100\n|-damage|p1b: Flutter Mane|25\/100 tox\n|\n|-damage|p1b: Flutter Mane|19\/100 tox|[from] psn\n|-ability|p2a: Muk|Moody|boost\n|-boost|p2a: Muk|def|2\n|-unboost|p2a: Muk|atk|1\n|upkeep\n|turn|6\n|\n|t:|1700277663\n|move|p1b: Flutter Mane|Shadow Ball|p2b: Cresselia\n|-supereffective|p2b: Cresselia\n|-damage|p2b: Cresselia|0 fnt\n|faint|p2b: Cresselia\n|move|p1a: Zapdos|Thunderous Kick|p2a: Muk|[miss]\n|-miss|p1a: Zapdos|p2a: Muk\n|move|p2a: Muk|Poison Fang|p1a: Zapdos\n|-damage|p1a: Zapdos|4\/100\n|\n|-damage|p1b: Flutter Mane|7\/100 tox|[from] psn\n|-ability|p2a: Muk|Moody|boost\n|-boost|p2a: Muk|def|2\n|-unboost|p2a: Muk|spa|1\n|upkeep\n|turn|7\n|\n|t:|1700277683\n|move|p1b: Flutter Mane|Dazzling Gleam|p2a: Muk|[miss]\n|-miss|p1b: Flutter Mane|p2a: Muk\n|move|p1a: Zapdos|Thunderous Kick|p2a: Muk\n|-damage|p2a: Muk|66\/100\n|-unboost|p2a: Muk|def|1\n|-damage|p1a: Zapdos|0 fnt|[from] item: Life Orb\n|faint|p1a: Zapdos\n|move|p2a: Muk|Knock Off|p1b: Flutter Mane\n|-damage|p1b: Flutter Mane|0 fnt\n|faint|p1b: Flutter Mane\n|-end|p1b: Flutter Mane|Protosynthesis|[silent]\n|\n|-heal|p2a: Muk|72\/100|[from] item: Leftovers\n|-ability|p2a: Muk|Moody|boost\n|-boost|p2a: Muk|def|2\n|-unboost|p2a: Muk|spe|1\n|upkeep\n|\n|t:|1700277701\n|switch|p1b: Gastrodon|Gastrodon, L50, M|100\/100\n|switch|p1a: Goodra|Goodra-Hisui, L50, F|100\/100\n|turn|8\n|\n|t:|1700277716\n|move|p2a: Muk|Poison Fang|p1b: Gastrodon\n|-resisted|p1b: Gastrodon\n|-damage|p1b: Gastrodon|94\/100\n|-status|p1b: Gastrodon|tox\n|move|p1a: Goodra|Acid Armor|p1a: Goodra\n|-boost|p1a: Goodra|def|2\n|move|p1b: Gastrodon|Earth Power|p2a: Muk\n|-supereffective|p2a: Muk\n|-damage|p2a: Muk|55\/100\n|-unboost|p2a: Muk|spd|1\n|\n|-heal|p2a: Muk|61\/100|[from] item: Leftovers\n|-heal|p1b: Gastrodon|99\/100 tox|[from] item: Leftovers\n|-damage|p1b: Gastrodon|94\/100 tox|[from] psn\n|-ability|p2a: Muk|Moody|boost\n|-boost|p2a: Muk|spa|2\n|-unboost|p2a: Muk|spd|1\n|upkeep\n|turn|9\n|\n|t:|1700277737\n|move|p2a: Muk|Knock Off|p1a: Goodra\n|-damage|p1a: Goodra|90\/100\n|-enditem|p1a: Goodra|Figy Berry|[from] move: Knock Off|[of] p2a: Muk\n|move|p1a: Goodra|Acid Armor|p1a: Goodra\n|-boost|p1a: Goodra|def|2\n|move|p1b: Gastrodon|Earth Power|p2a: Muk\n|-supereffective|p2a: Muk\n|-damage|p2a: Muk|34\/100\n|\n|-heal|p2a: Muk|41\/100|[from] item: Leftovers\n|-heal|p1b: Gastrodon|99\/100 tox|[from] item: Leftovers\n|-damage|p1b: Gastrodon|88\/100 tox|[from] psn\n|-ability|p2a: Muk|Moody|boost\n|-boost|p2a: Muk|spe|2\n|-unboost|p2a: Muk|spd|1\n|upkeep\n|turn|10\n|\n|t:|1700277757\n|move|p2a: Muk|Knock Off|p1b: Gastrodon\n|-damage|p1b: Gastrodon|64\/100 tox\n|-enditem|p1b: Gastrodon|Leftovers|[from] move: Knock Off|[of] p2a: Muk\n|move|p1a: Goodra|Body Press|p2a: Muk|[miss]\n|-miss|p1a: Goodra|p2a: Muk\n|move|p1b: Gastrodon|Earth Power|p2a: Muk|[miss]\n|-miss|p1b: Gastrodon|p2a: Muk\n|\n|-heal|p2a: Muk|47\/100|[from] item: Leftovers\n|-damage|p1b: Gastrodon|46\/100 tox|[from] psn\n|-ability|p2a: Muk|Moody|boost\n|-boost|p2a: Muk|def|2\n|-unboost|p2a: Muk|spa|1\n|upkeep\n|turn|11\n|\n|t:|1700277772\n|move|p2a: Muk|Protect|p2a: Muk\n|-singleturn|p2a: Muk|Protect\n|move|p1a: Goodra|Body Press|p2a: Muk\n|-activate|p2a: Muk|move: Protect\n|move|p1b: Gastrodon|Earth Power|p2a: Muk\n|-activate|p2a: Muk|move: Protect\n|\n|-heal|p2a: Muk|53\/100|[from] item: Leftovers\n|-damage|p1b: Gastrodon|23\/100 tox|[from] psn\n|-ability|p2a: Muk|Moody|boost\n|-boost|p2a: Muk|spd|2\n|-unboost|p2a: Muk|spe|1\n|upkeep\n|turn|12\n|\n|t:|1700277785\n|move|p2a: Muk|Knock Off|p1a: Goodra\n|-damage|p1a: Goodra|86\/100\n|move|p1a: Goodra|Body Press|p2a: Muk|[miss]\n|-miss|p1a: Goodra|p2a: Muk\n|move|p1b: Gastrodon|Earth Power|p2a: Muk|[miss]\n|-miss|p1b: Gastrodon|p2a: Muk\n|\n|-heal|p2a: Muk|59\/100|[from] item: Leftovers\n|-damage|p1b: Gastrodon|0 fnt|[from] psn\n|faint|p1b: Gastrodon\n|-ability|p2a: Muk|Moody|boost\n|-boost|p2a: Muk|spe|2\n|-unboost|p2a: Muk|atk|1\n|upkeep\n|turn|13\n|\n|t:|1700277799\n|move|p2a: Muk|Knock Off|p1a: Goodra\n|-damage|p1a: Goodra|82\/100\n|move|p1a: Goodra|Body Press|p2a: Muk|[miss]\n|-miss|p1a: Goodra|p2a: Muk\n|\n|-heal|p2a: Muk|65\/100|[from] item: Leftovers\n|-ability|p2a: Muk|Moody|boost\n|-boost|p2a: Muk|def|1\n|-unboost|p2a: Muk|atk|1\n|upkeep\n|turn|14\n|\n|t:|1700277808\n|move|p2a: Muk|Knock Off|p1a: Goodra\n|-damage|p1a: Goodra|78\/100\n|move|p1a: Goodra|Acid Armor|p1a: Goodra\n|-boost|p1a: Goodra|def|2\n|\n|-heal|p2a: Muk|71\/100|[from] item: Leftovers\n|-ability|p2a: Muk|Moody|boost\n|-boost|p2a: Muk|spa|2\n|-unboost|p2a: Muk|atk|1\n|upkeep\n|turn|15\n|\n|t:|1700277818\n|move|p2a: Muk|Knock Off|p1a: Goodra\n|-damage|p1a: Goodra|76\/100\n|move|p1a: Goodra|Body Press|p2a: Muk\n|-damage|p2a: Muk|44\/100\n|\n|-heal|p2a: Muk|50\/100|[from] item: Leftovers\n|-ability|p2a: Muk|Moody|boost\n|-boost|p2a: Muk|atk|2\n|-unboost|p2a: Muk|spd|1\n|upkeep\n|turn|16\n|\n|t:|1700277829\n|move|p2a: Muk|Knock Off|p1a: Goodra\n|-damage|p1a: Goodra|74\/100\n|move|p1a: Goodra|Body Press|p2a: Muk\n|-damage|p2a: Muk|26\/100\n|\n|-heal|p2a: Muk|33\/100|[from] item: Leftovers\n|-ability|p2a: Muk|Moody|boost\n|-boost|p2a: Muk|spe|2\n|-unboost|p2a: Muk|spd|1\n|upkeep\n|turn|17\n|\n|t:|1700277839\n|move|p2a: Muk|Knock Off|p1a: Goodra\n|-damage|p1a: Goodra|71\/100\n|move|p1a: Goodra|Body Press|p2a: Muk\n|-damage|p2a: Muk|6\/100\n|\n|-heal|p2a: Muk|12\/100|[from] item: Leftovers\n|-ability|p2a: Muk|Moody|boost\n|-boost|p2a: Muk|atk|2\n|-unboost|p2a: Muk|spa|1\n|upkeep\n|turn|18\n|\n|t:|1700277850\n|move|p2a: Muk|Protect|p2a: Muk\n|-singleturn|p2a: Muk|Protect\n|move|p1a: Goodra|Body Press|p2a: Muk\n|-activate|p2a: Muk|move: Protect\n|\n|-heal|p2a: Muk|18\/100|[from] item: Leftovers\n|-ability|p2a: Muk|Moody|boost\n|-boost|p2a: Muk|spd|2\n|-unboost|p2a: Muk|spe|1\n|upkeep\n|turn|19\n|\n|t:|1700277862\n|move|p2a: Muk|Knock Off|p1a: Goodra\n|-damage|p1a: Goodra|67\/100\n|move|p1a: Goodra|Body Press|p2a: Muk|[miss]\n|-miss|p1a: Goodra|p2a: Muk\n|\n|-heal|p2a: Muk|25\/100|[from] item: Leftovers\n|-ability|p2a: Muk|Moody|boost\n|-boost|p2a: Muk|atk|2\n|-unboost|p2a: Muk|spd|1\n|upkeep\n|turn|20\n|\n|t:|1700277872\n|-terastallize|p1a: Goodra|Steel\n|move|p2a: Muk|Knock Off|p1a: Goodra\n|-damage|p1a: Goodra|57\/100\n|move|p1a: Goodra|Heavy Slam|p2a: Muk\n|-damage|p2a: Muk|0 fnt\n|faint|p2a: Muk\n|\n|win|batterytestingzone\n|raw|batterytestingzone's rating: 1125 &rarr; <strong>1148<\/strong><br \/>(+23 for winning)\n|raw|The N7 Monk's rating: 1092 &rarr; <strong>1070<\/strong><br \/>(-22 for losing)\n|l|\u2606The N7 Monk\n","uploadtime":1700277893,"views":14,"p1id":"batterytestingzone","p2id":"then7monk","formatid":"gen9vgc2023regulatione","rating":1070,"private":0,"password":""}