{"id":"gen9vgc2023regulatione-1995243793","p1":"Venefici","p2":"sammy324","format":"[Gen 9] VGC 2023 Regulation E","log":"|j|\u2606Venefici\n|j|\u2606sammy324\n|t:|1700539241\n|gametype|doubles\n|player|p1|Venefici|hugh|1120\n|player|p2|sammy324|101|1077\n|teamsize|p1|6\n|teamsize|p2|6\n|gen|9\n|tier|[Gen 9] VGC 2023 Regulation E\n|rated|\n|rule|Species Clause: Limit one of each Pok\u00e9mon\n|rule|Item Clause: Limit one of each item\n|clearpoke\n|poke|p1|Volcarona, L50, F|\n|poke|p1|Abomasnow, L50, F|\n|poke|p1|Iron Bundle, L50|\n|poke|p1|Iron Hands, L50|\n|poke|p1|Kingambit, L50, M|\n|poke|p1|Farigiraf, L50, F|\n|poke|p2|Clefairy, L50, F|\n|poke|p2|Heatran, L50, M|\n|poke|p2|Landorus-Therian, L50, M|\n|poke|p2|Iron Hands, L50|\n|poke|p2|Rillaboom, L50, M|\n|poke|p2|Politoed, L50, M|\n|teampreview|4\n|inactive|Battle timer is ON: inactive players will automatically lose when time's up. (requested by Venefici)\n|\n|t:|1700539270\n|start\n|switch|p1a: Abomasnow|Abomasnow, L50, F|100\/100\n|switch|p1b: Iron Bundle|Iron Bundle, L50|100\/100\n|switch|p2a: Landorus|Landorus-Therian, L50, M|100\/100\n|switch|p2b: Iron Hands|Iron Hands, L50|100\/100\n|-ability|p2a: Landorus|Intimidate|boost\n|-unboost|p1a: Abomasnow|atk|1\n|-unboost|p1b: Iron Bundle|atk|1\n|-weather|Snow|[from] ability: Snow Warning|[of] p1a: Abomasnow\n|-enditem|p1b: Iron Bundle|Booster Energy\n|-activate|p1b: Iron Bundle|ability: Quark Drive|[fromitem]\n|-start|p1b: Iron Bundle|quarkdrivespe\n|turn|1\n|\n|t:|1700539291\n|switch|p2a: Politoed|Politoed, L50, M|100\/100\n|-weather|RainDance|[from] ability: Drizzle|[of] p2a: Politoed\n|-terastallize|p1b: Iron Bundle|Ice\n|move|p2b: Iron Hands|Fake Out|p1a: Abomasnow\n|-damage|p1a: Abomasnow|87\/100\n|move|p1b: Iron Bundle|Blizzard|p2b: Iron Hands|[spread] p2a\n|-miss|p1b: Iron Bundle|p2b: Iron Hands\n|-resisted|p2a: Politoed\n|-damage|p2a: Politoed|76\/100\n|cant|p1a: Abomasnow|flinch\n|\n|-weather|RainDance|[upkeep]\n|upkeep\n|turn|2\n|\n|t:|1700539313\n|switch|p1a: Kingambit|Kingambit, L50, M|100\/100\n|move|p2a: Politoed|Protect|p2a: Politoed\n|-singleturn|p2a: Politoed|Protect\n|move|p1b: Iron Bundle|Freeze-Dry|p2a: Politoed\n|-activate|p2a: Politoed|move: Protect\n|move|p2b: Iron Hands|Drain Punch|p1a: Kingambit\n|-supereffective|p1a: Kingambit\n|-damage|p1a: Kingambit|0 fnt\n|faint|p1a: Kingambit\n|\n|-weather|RainDance|[upkeep]\n|upkeep\n|c|\u2606sammy324|lol\n|\n|t:|1700539325\n|switch|p1a: Abomasnow|Abomasnow, L50, F|87\/100\n|-weather|Snow|[from] ability: Snow Warning|[of] p1a: Abomasnow\n|turn|3\n|\n|t:|1700539343\n|switch|p2a: Rillaboom|Rillaboom, L50, M|100\/100\n|-fieldstart|move: Grassy Terrain|[from] ability: Grassy Surge|[of] p2a: Rillaboom\n|move|p1b: Iron Bundle|Blizzard|p2b: Iron Hands|[spread] p2a,p2b\n|-supereffective|p2a: Rillaboom\n|-damage|p2a: Rillaboom|0 fnt\n|-damage|p2b: Iron Hands|72\/100\n|faint|p2a: Rillaboom\n|move|p1a: Abomasnow|Aurora Veil|p1a: Abomasnow\n|-sidestart|p1: Venefici|move: Aurora Veil\n|move|p2b: Iron Hands|Drain Punch|p1b: Iron Bundle\n|-supereffective|p1b: Iron Bundle\n|-damage|p1b: Iron Bundle|53\/100\n|-heal|p2b: Iron Hands|84\/100|[from] drain|[of] p1b: Iron Bundle\n|\n|-weather|Snow|[upkeep]\n|-heal|p1b: Iron Bundle|59\/100|[from] Grassy Terrain\n|-heal|p1a: Abomasnow|93\/100|[from] Grassy Terrain\n|-heal|p2b: Iron Hands|91\/100|[from] Grassy Terrain\n|upkeep\n|\n|t:|1700539353\n|switch|p2a: Politoed|Politoed, L50, M|76\/100\n|-weather|RainDance|[from] ability: Drizzle|[of] p2a: Politoed\n|turn|4\n|\n|t:|1700539377\n|switch|p1a: Iron Hands|Iron Hands, L50|100\/100\n|-terastallize|p2a: Politoed|Water\n|move|p1b: Iron Bundle|Protect|p1b: Iron Bundle\n|-singleturn|p1b: Iron Bundle|Protect\n|move|p2a: Politoed|Muddy Water|p1a: Iron Hands|[spread] p1a\n|-activate|p1b: Iron Bundle|move: Protect\n|-damage|p1a: Iron Hands|80\/100\n|move|p2b: Iron Hands|Drain Punch|p1a: Iron Hands\n|-damage|p1a: Iron Hands|59\/100\n|-heal|p2b: Iron Hands|99\/100|[from] drain|[of] p1a: Iron Hands\n|\n|-weather|RainDance|[upkeep]\n|-heal|p1b: Iron Bundle|65\/100|[from] Grassy Terrain\n|-heal|p2a: Politoed|82\/100|[from] Grassy Terrain\n|-heal|p1a: Iron Hands|65\/100|[from] Grassy Terrain\n|-heal|p2b: Iron Hands|100\/100|[from] Grassy Terrain\n|upkeep\n|turn|5\n|inactive|Venefici has 30 seconds left.\n|inactive|Venefici has 20 seconds left.\n|inactive|Venefici has 15 seconds left.\n|inactive|Venefici has 10 seconds left.\n|\n|t:|1700539426\n|move|p2a: Politoed|Protect|p2a: Politoed\n|-singleturn|p2a: Politoed|Protect\n|move|p1a: Iron Hands|Fake Out|p2a: Politoed\n|-activate|p2a: Politoed|move: Protect\n|move|p1b: Iron Bundle|Freeze-Dry|p2a: Politoed\n|-activate|p2a: Politoed|move: Protect\n|move|p2b: Iron Hands|Drain Punch|p1b: Iron Bundle\n|-supereffective|p1b: Iron Bundle\n|-damage|p1b: Iron Bundle|3\/100\n|\n|-weather|RainDance|[upkeep]\n|-heal|p1b: Iron Bundle|9\/100|[from] Grassy Terrain\n|-heal|p2a: Politoed|88\/100|[from] Grassy Terrain\n|-heal|p1a: Iron Hands|71\/100|[from] Grassy Terrain\n|upkeep\n|turn|6\n|inactive|sammy324 has 30 seconds left.\n|inactive|sammy324 has 20 seconds left.\n|inactive|sammy324 has 15 seconds left.\n|\n|t:|1700539470\n|move|p2a: Politoed|Helping Hand|p2b: Iron Hands\n|-singleturn|p2b: Iron Hands|Helping Hand|[of] p2a: Politoed\n|move|p1b: Iron Bundle|Freeze-Dry|p2a: Politoed\n|-supereffective|p2a: Politoed\n|-damage|p2a: Politoed|5\/100\n|move|p1a: Iron Hands|Drain Punch|p2b: Iron Hands\n|-damage|p2b: Iron Hands|71\/100\n|-heal|p1a: Iron Hands|88\/100|[from] drain|[of] p2b: Iron Hands\n|move|p2b: Iron Hands|Drain Punch|p1a: Iron Hands\n|-damage|p1a: Iron Hands|57\/100\n|-heal|p2b: Iron Hands|85\/100|[from] drain|[of] p1a: Iron Hands\n|\n|-weather|RainDance|[upkeep]\n|-heal|p1b: Iron Bundle|15\/100|[from] Grassy Terrain\n|-heal|p2a: Politoed|11\/100|[from] Grassy Terrain\n|-heal|p1a: Iron Hands|63\/100|[from] Grassy Terrain\n|-heal|p2b: Iron Hands|91\/100|[from] Grassy Terrain\n|upkeep\n|turn|7\n|inactive|Venefici has 30 seconds left.\n|\n|t:|1700539501\n|-end|p1a: Iron Hands|Quark Drive|[silent]\n|switch|p1a: Abomasnow|Abomasnow, L50, F|93\/100\n|-weather|Snow|[from] ability: Snow Warning|[of] p1a: Abomasnow\n|move|p2a: Politoed|Protect|p2a: Politoed\n|-singleturn|p2a: Politoed|Protect\n|move|p1b: Iron Bundle|Blizzard|p2b: Iron Hands|[spread] p2b\n|-activate|p2a: Politoed|move: Protect\n|-damage|p2b: Iron Hands|59\/100\n|move|p2b: Iron Hands|Drain Punch|p1b: Iron Bundle\n|-supereffective|p1b: Iron Bundle\n|-damage|p1b: Iron Bundle|0 fnt\n|-heal|p2b: Iron Hands|63\/100|[from] drain|[of] p1b: Iron Bundle\n|faint|p1b: Iron Bundle\n|-end|p1b: Iron Bundle|Quark Drive|[silent]\n|\n|-weather|Snow|[upkeep]\n|-heal|p2a: Politoed|17\/100|[from] Grassy Terrain\n|-heal|p1a: Abomasnow|99\/100|[from] Grassy Terrain\n|-heal|p2b: Iron Hands|69\/100|[from] Grassy Terrain\n|-sideend|p1: Venefici|move: Aurora Veil\n|-fieldend|move: Grassy Terrain\n|upkeep\n|\n|t:|1700539521\n|switch|p1b: Iron Hands|Iron Hands, L50|63\/100\n|turn|8\n|\n|t:|1700539545\n|switch|p2a: Landorus|Landorus-Therian, L50, M|100\/100\n|-ability|p2a: Landorus|Intimidate|boost\n|-unboost|p1a: Abomasnow|atk|1\n|-unboost|p1b: Iron Hands|atk|1\n|move|p1b: Iron Hands|Fake Out|p2a: Landorus\n|-damage|p2a: Landorus|87\/100\n|move|p1a: Abomasnow|Ice Shard|p2a: Landorus\n|-supereffective|p2a: Landorus\n|-damage|p2a: Landorus|44\/100\n|move|p2b: Iron Hands|Drain Punch|p1a: Abomasnow\n|-supereffective|p1a: Abomasnow\n|-damage|p1a: Abomasnow|44\/100\n|-heal|p2b: Iron Hands|87\/100|[from] drain|[of] p1a: Abomasnow\n|\n|-weather|Snow|[upkeep]\n|upkeep\n|turn|9\n|inactive|Venefici has 30 seconds left.\n|inactive|sammy324 has 30 seconds left.\n|inactive|Venefici has 20 seconds left.\n|inactive|Venefici has 15 seconds left.\n|inactive|Venefici has 10 seconds left.\n|\n|t:|1700539592\n|move|p2a: Landorus|U-turn|p1b: Iron Hands\n|-resisted|p1b: Iron Hands\n|-damage|p1b: Iron Hands|55\/100\n|\n|t:|1700539594\n|switch|p2a: Politoed|Politoed, L50, M, tera:Water|17\/100|[from] U-turn\n|-weather|RainDance|[from] ability: Drizzle|[of] p2a: Politoed\n|move|p1b: Iron Hands|Drain Punch|p2b: Iron Hands\n|-damage|p2b: Iron Hands|67\/100\n|-heal|p1b: Iron Hands|67\/100|[from] drain|[of] p2b: Iron Hands\n|move|p1a: Abomasnow|Blizzard|p2a: Politoed|[spread] p2a,p2b\n|-resisted|p2a: Politoed\n|-damage|p2a: Politoed|5\/100\n|-damage|p2b: Iron Hands|53\/100\n|move|p2b: Iron Hands|Drain Punch|p1a: Abomasnow\n|-supereffective|p1a: Abomasnow\n|-damage|p1a: Abomasnow|0 fnt\n|-heal|p2b: Iron Hands|67\/100|[from] drain|[of] p1a: Abomasnow\n|faint|p1a: Abomasnow\n|\n|-weather|RainDance|[upkeep]\n|upkeep\n|turn|10\n|c|\u2606sammy324|gg\n|inactive|Venefici has 30 seconds left.\n|\n|t:|1700539628\n|-end|p2b: Iron Hands|Quark Drive|[silent]\n|switch|p2b: Landorus|Landorus-Therian, L50, M|44\/100\n|-ability|p2b: Landorus|Intimidate|boost\n|-unboost|p1b: Iron Hands|atk|1\n|move|p2a: Politoed|Muddy Water|p1b: Iron Hands\n|-damage|p1b: Iron Hands|25\/100\n|move|p1b: Iron Hands|Drain Punch|p2a: Politoed\n|-damage|p2a: Politoed|0 fnt\n|-heal|p1b: Iron Hands|27\/100|[from] drain|[of] p2a: Politoed\n|-damage|p1b: Iron Hands|10\/100|[from] item: Rocky Helmet|[of] p2a: Politoed\n|faint|p2a: Politoed\n|\n|-weather|RainDance|[upkeep]\n|upkeep\n|\n|t:|1700539635\n|switch|p2a: Iron Hands|Iron Hands, L50|67\/100\n|turn|11\n|\n|t:|1700539653\n|move|p2a: Iron Hands|Fake Out|p1b: Iron Hands\n|-damage|p1b: Iron Hands|0 fnt\n|faint|p1b: Iron Hands\n|-end|p1b: Iron Hands|Quark Drive|[silent]\n|\n|win|sammy324\n|raw|Venefici's rating: 1120 &rarr; <strong>1094<\/strong><br \/>(-26 for losing)\n|raw|sammy324's rating: 1103 &rarr; <strong>1129<\/strong><br \/>(+26 for winning)\n|l|\u2606sammy324\n","uploadtime":1700539686,"views":4,"p1id":"venefici","p2id":"sammy324","formatid":"gen9vgc2023regulatione","rating":1094,"private":0,"password":""}