{"id":"gen9vgc2023regulatione-1996183661","p1":"D018","p2":"QuimeraVGC","format":"[Gen 9] VGC 2023 Regulation E","log":"|j|\u2606D018\n|j|\u2606QuimeraVGC\n|n|\u2606D018|d018\n|n|\u2606QuimeraVGC|quimeravgc\n|html|View the match progress at <a href=\"\/game-bestof3-gen9vgc2023regulatione-1996183660\">game-bestof3-gen9vgc2023regulatione-1996183660<\/a>\n|t:|1700656270\n|gametype|doubles\n|player|p1|D018|alder|\n|player|p2|QuimeraVGC|red|\n|teamsize|p1|6\n|teamsize|p2|6\n|gen|9\n|tier|[Gen 9] VGC 2023 Regulation E\n|rule|Species Clause: Limit one of each Pok\u00e9mon\n|rule|Item Clause: Limit one of each item\n|clearpoke\n|poke|p1|Iron Hands, L50|\n|poke|p1|Landorus-Therian, L50, M|\n|poke|p1|Weezing, L50, F|\n|poke|p1|Sinistcha, L50|\n|poke|p1|Heatran, L50, F|\n|poke|p1|Milotic, L50, F|\n|poke|p2|Amoonguss, L50, F|\n|poke|p2|Iron Hands, L50|\n|poke|p2|Arcanine-Hisui, L50, M|\n|poke|p2|Tornadus, L50, M|\n|poke|p2|Urshifu-*, L50, F|\n|poke|p2|Gholdengo, L50|\n|teampreview|4\n|inactive|Battle timer is ON: inactive players will automatically lose when time's up. (requested by D018)\nD018 has agreed to open team sheets.\n|inactive|D018 has 60 seconds left.\n|inactive|QuimeraVGC has 60 seconds left.\nQuimeraVGC has agreed to open team sheets.\n|showteam|p1|Iron Hands||AssaultVest|QuarkDrive|FakeOut,DrainPunch,HeavySlam,WildCharge||||||50|,,,,,Fire]Landorus-Therian||AbilityShield|Intimidate|StompingTantrum,RockSlide,Protect,TeraBlast|||M|||50|,,,,,Water]Weezing||RockyHelmet|NeutralizingGas|WillOWisp,Protect,Taunt,ClearSmog|||F|||50|,,,,,Dark]Sinistcha||BigRoot|Hospitality|RagePowder,MatchaGotcha,StrengthSap,Protect||||||50|,,,,,Fire]Heatran||Leftovers|FlashFire|EarthPower,FlashCannon,HeatWave,Protect|||F|||50|,,,,,Dragon]Milotic||SitrusBerry|Competitive|Scald,IcyWind,Recover,TeraBlast|||F|||50|,,,,,Fairy\n|showteam|p2|Amoonguss||RockyHelmet|Regenerator|Spore,RagePowder,PollenPuff,Protect|||F|||50|,,,,,Water]Iron Hands||AssaultVest|QuarkDrive|FakeOut,WildCharge,DrainPunch,HeavySlam||||||50|,,,,,Water]Arcanine-Hisui||ChoiceBand|Intimidate|FlareBlitz,RockSlide,ExtremeSpeed,TeraBlast|||M|||50|,,,,,Fairy]Tornadus||SitrusBerry|Prankster|Tailwind,BleakwindStorm,RainDance,Taunt|||M|||50|,,,,,Dragon]Urshifu-Rapid-Strike||ChoiceScarf|UnseenFist|SurgingStrikes,AquaJet,Uturn,CloseCombat|||F|||50|,,,,,Water]Gholdengo||Leftovers|GoodasGold|MakeItRain,ShadowBall,NastyPlot,Protect||||||50|,,,,,Dragon\n|inactive|D018 has 30 seconds left.\n|inactive|QuimeraVGC has 30 seconds left.\n|inactive|QuimeraVGC has 20 seconds left.\n|inactive|QuimeraVGC has 15 seconds left.\n|inactive|QuimeraVGC has 10 seconds left.\n|\n|t:|1700656351\n|start\n|switch|p1a: Weezing|Weezing, L50, F|100\/100\n|switch|p1b: Iron Hands|Iron Hands, L50|100\/100\n|switch|p2a: Tornadus|Tornadus, L50, M|100\/100\n|switch|p2b: Urshifu|Urshifu-Rapid-Strike, L50, F|100\/100\n|-ability|p1a: Weezing|Neutralizing Gas\n|turn|1\n|\n|t:|1700656376\n|switch|p2b: Amoonguss|Amoonguss, L50, F|100\/100\n|move|p1b: Iron Hands|Fake Out|p2a: Tornadus\n|-damage|p2a: Tornadus|87\/100\n|cant|p2a: Tornadus|flinch\n|move|p1a: Weezing|Will-O-Wisp|p2b: Amoonguss\n|-status|p2b: Amoonguss|brn\n|\n|-damage|p2b: Amoonguss|95\/100 brn|[from] brn\n|upkeep\n|turn|2\n|\n|t:|1700656403\n|move|p1a: Weezing|Protect|p1a: Weezing\n|-singleturn|p1a: Weezing|Protect\n|move|p2b: Amoonguss|Rage Powder|p2b: Amoonguss\n|-singleturn|p2b: Amoonguss|move: Rage Powder\n|move|p2a: Tornadus|Taunt|p1a: Weezing\n|-activate|p1a: Weezing|move: Protect\n|move|p1b: Iron Hands|Wild Charge|p2b: Amoonguss\n|-resisted|p2b: Amoonguss\n|-damage|p2b: Amoonguss|75\/100 brn\n|-damage|p1b: Iron Hands|84\/100|[from] item: Rocky Helmet|[of] p2b: Amoonguss\n|-damage|p1b: Iron Hands|79\/100|[from] Recoil\n|\n|-damage|p2b: Amoonguss|69\/100 brn|[from] brn\n|upkeep\n|turn|3\n|\n|t:|1700656427\n|-end|p1a: Weezing|ability: Neutralizing Gas\n|switch|p1a: Landorus|Landorus-Therian, L50, M|100\/100\n|-ability|p1a: Landorus|Intimidate|boost\n|-unboost|p2a: Tornadus|atk|1\n|-unboost|p2b: Amoonguss|atk|1\n|-terastallize|p2a: Tornadus|Dragon\n|move|p2b: Amoonguss|Rage Powder|p2b: Amoonguss\n|-singleturn|p2b: Amoonguss|move: Rage Powder\n|move|p2a: Tornadus|Taunt|p1a: Landorus\n|-start|p1a: Landorus|move: Taunt\n|move|p1b: Iron Hands|Drain Punch|p2b: Amoonguss\n|-resisted|p2b: Amoonguss\n|-damage|p2b: Amoonguss|52\/100 brn\n|-heal|p1b: Iron Hands|87\/100|[from] drain|[of] p2b: Amoonguss\n|-damage|p1b: Iron Hands|70\/100|[from] item: Rocky Helmet|[of] p2b: Amoonguss\n|\n|-damage|p2b: Amoonguss|46\/100 brn|[from] brn\n|upkeep\n|turn|4\n|\n|t:|1700656451\n|move|p2b: Amoonguss|Protect|p2b: Amoonguss\n|-singleturn|p2b: Amoonguss|Protect\n|move|p2a: Tornadus|Rain Dance|p2a: Tornadus\n|-weather|RainDance\n|move|p1a: Landorus|Rock Slide|p2b: Amoonguss|[spread] p2a\n|-activate|p2b: Amoonguss|move: Protect\n|-damage|p2a: Tornadus|67\/100\n|move|p1b: Iron Hands|Drain Punch|p2a: Tornadus\n|-damage|p2a: Tornadus|28\/100\n|-heal|p1b: Iron Hands|85\/100|[from] drain|[of] p2a: Tornadus\n|-enditem|p2a: Tornadus|Sitrus Berry|[eat]\n|-heal|p2a: Tornadus|53\/100|[from] item: Sitrus Berry\n|\n|-weather|RainDance|[upkeep]\n|-damage|p2b: Amoonguss|40\/100 brn|[from] brn\n|upkeep\n|turn|5\n|\n|t:|1700656472\n|switch|p2a: Urshifu|Urshifu-Rapid-Strike, L50, F|100\/100\n|move|p1a: Landorus|Rock Slide|p2a: Urshifu|[spread] p2a,p2b\n|-resisted|p2a: Urshifu\n|-damage|p2a: Urshifu|89\/100\n|-damage|p2b: Amoonguss|22\/100 brn\n|move|p1b: Iron Hands|Drain Punch|p2b: Amoonguss\n|-resisted|p2b: Amoonguss\n|-damage|p2b: Amoonguss|7\/100 brn\n|-heal|p1b: Iron Hands|92\/100|[from] drain|[of] p2b: Amoonguss\n|-damage|p1b: Iron Hands|75\/100|[from] item: Rocky Helmet|[of] p2b: Amoonguss\n|move|p2b: Amoonguss|Spore|p1b: Iron Hands\n|-status|p1b: Iron Hands|slp|[from] move: Spore\n|\n|-weather|RainDance|[upkeep]\n|-damage|p2b: Amoonguss|1\/100 brn|[from] brn\n|-end|p1a: Landorus|move: Taunt\n|upkeep\n|turn|6\n|\n|t:|1700656487\n|-end|p1b: Iron Hands|Quark Drive|[silent]\n|switch|p1b: Weezing|Weezing, L50, F|100\/100\n|-ability|p1b: Weezing|Neutralizing Gas\n|-block|p1a: Landorus|item: Ability Shield\n|switch|p2b: Iron Hands|Iron Hands, L50|100\/100\n|move|p1a: Landorus|Protect|p1a: Landorus\n|-singleturn|p1a: Landorus|Protect\n|move|p2a: Urshifu|Surging Strikes|p1a: Landorus\n|-activate|p1a: Landorus|move: Protect\n|\n|-weather|RainDance|[upkeep]\n|upkeep\n|turn|7\n|inactive|D018 has 30 seconds left.\n|inactive|QuimeraVGC has 30 seconds left.\n|\n|t:|1700656517\n|switch|p1a: Milotic|Milotic, L50, F|100\/100\n|move|p2b: Iron Hands|Fake Out|p1a: Milotic\n|-damage|p1a: Milotic|86\/100\n|move|p2a: Urshifu|Surging Strikes|p1b: Weezing\n|-crit|p1b: Weezing\n|-damage|p1b: Weezing|76\/100\n|-damage|p2a: Urshifu|73\/100|[from] item: Rocky Helmet|[of] p1b: Weezing\n|-crit|p1b: Weezing\n|-damage|p1b: Weezing|52\/100\n|-damage|p2a: Urshifu|56\/100|[from] item: Rocky Helmet|[of] p1b: Weezing\n|-crit|p1b: Weezing\n|-damage|p1b: Weezing|27\/100\n|-damage|p2a: Urshifu|40\/100|[from] item: Rocky Helmet|[of] p1b: Weezing\n|-hitcount|p1b: Weezing|3\n|move|p1b: Weezing|Will-O-Wisp|p2a: Urshifu\n|-status|p2a: Urshifu|brn\n|\n|-weather|RainDance|[upkeep]\n|-damage|p2a: Urshifu|34\/100 brn|[from] brn\n|upkeep\n|turn|8\n|\n|t:|1700656540\n|-terastallize|p1a: Milotic|Fairy\n|move|p1b: Weezing|Protect|p1b: Weezing\n|-singleturn|p1b: Weezing|Protect\n|move|p2a: Urshifu|Surging Strikes|p1b: Weezing\n|-activate|p1b: Weezing|move: Protect\n|move|p1a: Milotic|Tera Blast|p2b: Iron Hands|[anim] Tera Blast Fairy\n|-supereffective|p2b: Iron Hands\n|-damage|p2b: Iron Hands|67\/100\n|move|p2b: Iron Hands|Heavy Slam|p1a: Milotic\n|-supereffective|p1a: Milotic\n|-damage|p1a: Milotic|49\/100\n|-enditem|p1a: Milotic|Sitrus Berry|[eat]\n|-heal|p1a: Milotic|73\/100|[from] item: Sitrus Berry\n|\n|-weather|none\n|-damage|p2a: Urshifu|28\/100 brn|[from] brn\n|upkeep\n|turn|9\n|inactive|D018 has 30 seconds left.\n|\n|t:|1700656569\n|switch|p2a: Tornadus|Tornadus, L50, M, tera:Dragon|53\/100\n|-end|p2b: Iron Hands|Quark Drive|[silent]\n|switch|p2b: Amoonguss|Amoonguss, L50, F|1\/100 brn\n|move|p1a: Milotic|Scald|p2b: Amoonguss\n|-resisted|p2b: Amoonguss\n|-damage|p2b: Amoonguss|0 fnt\n|faint|p2b: Amoonguss\n|move|p1b: Weezing|Will-O-Wisp|p2a: Tornadus\n|-status|p2a: Tornadus|brn\n|\n|-damage|p2a: Tornadus|47\/100 brn|[from] brn\n|upkeep\n|\n|t:|1700656582\n|switch|p2b: Iron Hands|Iron Hands, L50|67\/100\n|turn|10\n|\n|t:|1700656605\n|switch|p1a: Landorus|Landorus-Therian, L50, M|100\/100\n|-ability|p1a: Landorus|Intimidate|boost\n|-unboost|p2a: Tornadus|atk|1\n|-unboost|p2b: Iron Hands|atk|1\n|move|p1b: Weezing|Protect|p1b: Weezing\n|-singleturn|p1b: Weezing|Protect\n|move|p2b: Iron Hands|Fake Out|p1a: Landorus\n|-damage|p1a: Landorus|88\/100\n|move|p2a: Tornadus|Rain Dance|p2a: Tornadus\n|-weather|RainDance\n|\n|-weather|RainDance|[upkeep]\n|-damage|p2a: Tornadus|41\/100 brn|[from] brn\n|upkeep\n|turn|11\n|\n|t:|1700656626\n|move|p1a: Landorus|Stomping Tantrum|p2b: Iron Hands\n|-supereffective|p2b: Iron Hands\n|-damage|p2b: Iron Hands|0 fnt\n|faint|p2b: Iron Hands\n|-end|p2b: Iron Hands|Quark Drive|[silent]\n|move|p2a: Tornadus|Tailwind|p2a: Tornadus\n|-sidestart|p2: QuimeraVGC|move: Tailwind\n|move|p1b: Weezing|Clear Smog|p2a: Tornadus\n|-damage|p2a: Tornadus|22\/100 brn\n|-clearboost|p2a: Tornadus\n|\n|-weather|RainDance|[upkeep]\n|-damage|p2a: Tornadus|16\/100 brn|[from] brn\n|upkeep\n|\n|t:|1700656629\n|switch|p2b: Urshifu|Urshifu-Rapid-Strike, L50, F|28\/100 brn\n|turn|12\n|\n|t:|1700656647\n|-end|p1b: Weezing|ability: Neutralizing Gas\n|switch|p1b: Iron Hands|Iron Hands, L50|75\/100 slp\n|move|p1a: Landorus|Protect|p1a: Landorus\n|-singleturn|p1a: Landorus|Protect\n|move|p2b: Urshifu|Surging Strikes|p1a: Landorus\n|-supereffective|p1a: Landorus\n|-crit|p1a: Landorus\n|-damage|p1a: Landorus|51\/100\n|-supereffective|p1a: Landorus\n|-crit|p1a: Landorus\n|-damage|p1a: Landorus|13\/100\n|-supereffective|p1a: Landorus\n|-crit|p1a: Landorus\n|-damage|p1a: Landorus|0 fnt\n|faint|p1a: Landorus\n|-hitcount|p1: Landorus|3\n|move|p2a: Tornadus|Bleakwind Storm|p1b: Iron Hands\n|-damage|p1b: Iron Hands|50\/100 slp\n|\n|-weather|RainDance|[upkeep]\n|-damage|p2b: Urshifu|21\/100 brn|[from] brn\n|-damage|p2a: Tornadus|10\/100 brn|[from] brn\n|upkeep\n|c|\u2606D018|ME EQUIVOQU\u00c9 XD\n|\n|t:|1700656662\n|switch|p1a: Weezing|Weezing, L50, F|27\/100\n|-ability|p1a: Weezing|Neutralizing Gas\n|turn|13\n|\n|t:|1700656672\n|move|p1a: Weezing|Protect|p1a: Weezing\n|-singleturn|p1a: Weezing|Protect\n|cant|p1b: Iron Hands|slp\n|move|p2b: Urshifu|Surging Strikes|p1b: Iron Hands\n|-crit|p1b: Iron Hands\n|-damage|p1b: Iron Hands|41\/100 slp\n|-crit|p1b: Iron Hands\n|-damage|p1b: Iron Hands|32\/100 slp\n|-crit|p1b: Iron Hands\n|-damage|p1b: Iron Hands|23\/100 slp\n|-hitcount|p1b: Iron Hands|3\n|move|p2a: Tornadus|Bleakwind Storm|p1b: Iron Hands|[spread] p1b\n|-activate|p1a: Weezing|move: Protect\n|-damage|p1b: Iron Hands|4\/100 slp\n|\n|-weather|RainDance|[upkeep]\n|-damage|p2b: Urshifu|15\/100 brn|[from] brn\n|-damage|p2a: Tornadus|4\/100 brn|[from] brn\n|upkeep\n|turn|14\n|inactive|D018 has 30 seconds left.\n|inactive|QuimeraVGC has 30 seconds left.\n|\n|t:|1700656703\n|move|p2b: Urshifu|Surging Strikes|p1b: Iron Hands\n|-crit|p1b: Iron Hands\n|-damage|p1b: Iron Hands|0 fnt\n|faint|p1b: Iron Hands\n|-end|p1b: Iron Hands|Quark Drive|[silent]\n|-hitcount|p1: Iron Hands|1\n|move|p2a: Tornadus|Bleakwind Storm|p1a: Weezing\n|-damage|p1a: Weezing|0 fnt\n|faint|p1a: Weezing\n|-end|p1a: Weezing|ability: Neutralizing Gas\n|\n|-weather|none\n|-damage|p2b: Urshifu|9\/100 brn|[from] brn\n|-damage|p2a: Tornadus|0 fnt|[from] brn\n|faint|p2a: Tornadus\n|-sideend|p2: QuimeraVGC|move: Tailwind\n|upkeep\n|c|\u2606D018|era prote al weezing y cambio al lando, no al rev\u00e9s xd\n|\n|t:|1700656719\n|switch|p1b: Milotic|Milotic, L50, F, tera:Fairy|73\/100\n|turn|15\n|\n|t:|1700656725\n|move|p2b: Urshifu|Surging Strikes|p1b: Milotic\n|-crit|p1b: Milotic\n|-damage|p1b: Milotic|64\/100\n|-crit|p1b: Milotic\n|-damage|p1b: Milotic|55\/100\n|-crit|p1b: Milotic\n|-damage|p1b: Milotic|46\/100\n|-hitcount|p1b: Milotic|3\n|move|p1b: Milotic|Recover|p1b: Milotic\n|-heal|p1b: Milotic|96\/100\n|\n|-damage|p2b: Urshifu|3\/100 brn|[from] brn\n|upkeep\n|turn|16\n|c|\u2606QuimeraVGC|igual ganaste\n|\n|t:|1700656735\n|move|p2b: Urshifu|Surging Strikes|p1b: Milotic\n|-crit|p1b: Milotic\n|-damage|p1b: Milotic|87\/100\n|-crit|p1b: Milotic\n|-damage|p1b: Milotic|77\/100\n|-crit|p1b: Milotic\n|-damage|p1b: Milotic|67\/100\n|-hitcount|p1b: Milotic|3\n|move|p1b: Milotic|Icy Wind|p2b: Urshifu\n|-resisted|p2b: Urshifu\n|-damage|p2b: Urshifu|0 fnt\n|faint|p2b: Urshifu\n|\n|win|D018\n|l|\u2606D018\n|c|&|\/uhtml prompt-d018,D018 is ready for game 2!\n|c|\u2606QuimeraVGC|el recover estuvo de mas xD\n|inactive|QuimeraVGC has 50 seconds to confirm battle start!\n","uploadtime":1700656750,"views":2,"p1id":"d018","p2id":"quimeravgc","formatid":"gen9vgc2023regulatione","rating":0,"private":0,"password":""}