{"id":"gen9vgc2023regulatione-1989893031","p1":"helloiamanormalguy","p2":"Juanber13","format":"[Gen 9] VGC 2023 Regulation E","log":"|j|\u2606helloiamanormalguy\n|j|\u2606Juanber13\n|t:|1699904491\n|gametype|doubles\n|player|p1|helloiamanormalguy|barry|1048\n|player|p2|Juanber13|101|1093\n|teamsize|p1|6\n|teamsize|p2|6\n|gen|9\n|tier|[Gen 9] VGC 2023 Regulation E\n|rated|\n|rule|Species Clause: Limit one of each Pok\u00e9mon\n|rule|Item Clause: Limit one of each item\n|clearpoke\n|poke|p1|Chi-Yu, L50|\n|poke|p1|Dipplin, L50, M|\n|poke|p1|Iron Bundle, L50|\n|poke|p1|Farigiraf, L50, M|\n|poke|p1|Landorus-Therian, L50, M|\n|poke|p1|Iron Hands, L50|\n|poke|p2|Lilligant-Hisui, L50, F|\n|poke|p2|Torkoal, L50, M|\n|poke|p2|Tinkaton, L50, F|\n|poke|p2|Goodra, L50, F|\n|poke|p2|Ogerpon-Hearthflame, L50, F|\n|poke|p2|Clefable, L50, F|\n|teampreview|4\nhelloiamanormalguy has agreed to open team sheets.\n|\n|t:|1699904520\n|start\n|switch|p1a: Chi-Yu|Chi-Yu, L50|100\/100\n|switch|p1b: Iron Bundle|Iron Bundle, L50|100\/100\n|switch|p2a: Tinkaton|Tinkaton, L50, F|100\/100\n|switch|p2b: Goodra|Goodra, L50, F, shiny|100\/100\n|-ability|p1a: Chi-Yu|Beads of Ruin\n|-enditem|p1b: Iron Bundle|Booster Energy\n|-activate|p1b: Iron Bundle|ability: Quark Drive|[fromitem]\n|-start|p1b: Iron Bundle|quarkdrivespe\n|turn|1\n|\n|t:|1699904558\n|move|p2a: Tinkaton|Fake Out|p1b: Iron Bundle\n|-damage|p1b: Iron Bundle|88\/100\n|cant|p1b: Iron Bundle|flinch\n|move|p1a: Chi-Yu|Heat Wave|p2b: Goodra|[spread] p2a,p2b\n|-supereffective|p2a: Tinkaton\n|-resisted|p2b: Goodra\n|-damage|p2a: Tinkaton|0 fnt\n|-damage|p2b: Goodra|88\/100\n|-status|p2b: Goodra|brn\n|faint|p2a: Tinkaton\n|move|p2b: Goodra|Thunderbolt|p1b: Iron Bundle\n|-supereffective|p1b: Iron Bundle\n|-damage|p1b: Iron Bundle|0 fnt\n|faint|p1b: Iron Bundle\n|-end|p1b: Iron Bundle|Quark Drive|[silent]\n|\n|-damage|p2b: Goodra|82\/100 brn|[from] brn\n|upkeep\n|\n|t:|1699904582\n|switch|p1b: Iron Hands|Iron Hands, L50|100\/100\n|switch|p2a: Clefable|Clefable, L50, F|100\/100\n|turn|2\n|\n|t:|1699904611\n|-terastallize|p1b: Iron Hands|Water\n|move|p2a: Clefable|Helping Hand|p2b: Goodra\n|-singleturn|p2b: Goodra|Helping Hand|[of] p2a: Clefable\n|move|p1a: Chi-Yu|Dark Pulse|p2b: Goodra\n|-crit|p2b: Goodra\n|-damage|p2b: Goodra|36\/100 brn\n|move|p2b: Goodra|Hydro Pump|p1a: Chi-Yu\n|-supereffective|p1a: Chi-Yu\n|-enditem|p1a: Chi-Yu|Focus Sash\n|-damage|p1a: Chi-Yu|1\/100\n|move|p1b: Iron Hands|Heavy Slam|p2a: Clefable\n|-supereffective|p2a: Clefable\n|-damage|p2a: Clefable|11\/100\n|\n|-damage|p2b: Goodra|30\/100 brn|[from] brn\n|upkeep\n|turn|3\n|\n|t:|1699904639\n|move|p2a: Clefable|Protect|p2a: Clefable\n|-singleturn|p2a: Clefable|Protect\n|move|p1a: Chi-Yu|Heat Wave|p2a: Clefable|[spread] p2b\n|-activate|p2a: Clefable|move: Protect\n|-resisted|p2b: Goodra\n|-damage|p2b: Goodra|18\/100 brn\n|move|p2b: Goodra|Thunderbolt|p1a: Chi-Yu\n|-damage|p1a: Chi-Yu|0 fnt\n|faint|p1a: Chi-Yu\n|move|p1b: Iron Hands|Drain Punch|p2b: Goodra\n|-damage|p2b: Goodra|0 fnt\n|-ability|p2b: Goodra|Gooey\n|-unboost|p1b: Iron Hands|spe|1\n|faint|p2b: Goodra\n|\n|upkeep\n|\n|t:|1699904663\n|switch|p1a: Dipplin|Dipplin, L50, M, shiny|100\/100\n|switch|p2b: Ogerpon|Ogerpon-Hearthflame, L50, F|100\/100\n|-ability|p2b: Ogerpon|Mold Breaker\n|-ability|p1a: Dipplin|Supersweet Syrup\n|-ability|p1a: Dipplin|Supersweet Syrup|boost\n|-fail|p2a: Clefable|unboost|[from] item: Clear Amulet|[of] p2a: Clefable\n|-unboost|p2b: Ogerpon|evasion|1\n|turn|4\n|\n|t:|1699904688\n|move|p2a: Clefable|Helping Hand|p2b: Ogerpon\n|-singleturn|p2b: Ogerpon|Helping Hand|[of] p2a: Clefable\n|move|p2b: Ogerpon|Horn Leech|p1b: Iron Hands\n|-supereffective|p1b: Iron Hands\n|-damage|p1b: Iron Hands|13\/100\n|move|p1a: Dipplin|Pollen Puff|p1b: Iron Hands\n|-heal|p1b: Iron Hands|63\/100\n|move|p1b: Iron Hands|Drain Punch|p2b: Ogerpon\n|-damage|p2b: Ogerpon|38\/100\n|-heal|p1b: Iron Hands|82\/100|[from] drain|[of] p2b: Ogerpon\n|\n|upkeep\n|turn|5\n|\n|t:|1699904716\n|move|p2a: Clefable|Helping Hand|p2b: Ogerpon\n|-singleturn|p2b: Ogerpon|Helping Hand|[of] p2a: Clefable\n|move|p2b: Ogerpon|Horn Leech|p1b: Iron Hands\n|-supereffective|p1b: Iron Hands\n|-crit|p1b: Iron Hands\n|-damage|p1b: Iron Hands|0 fnt\n|-heal|p2b: Ogerpon|100\/100|[from] drain|[of] p1b: Iron Hands\n|faint|p1b: Iron Hands\n|-end|p1b: Iron Hands|Quark Drive|[silent]\n|move|p1a: Dipplin|Syrup Bomb|p2a: Clefable\n|-damage|p2a: Clefable|0 fnt\n|faint|p2a: Clefable\n|\n|upkeep\n|turn|6\n|\n|t:|1699904732\n|-terastallize|p2b: Ogerpon|Fire\n|detailschange|p2b: Ogerpon|Ogerpon-Hearthflame-Tera, L50, F, tera:Fire\n|-ability|p2b: Ogerpon|Embody Aspect (Hearthflame)|boost\n|-boost|p2b: Ogerpon|atk|1\n|move|p2b: Ogerpon|Ivy Cudgel|p1a: Dipplin\n|-damage|p1a: Dipplin|34\/100\n|move|p1a: Dipplin|Draco Meteor|p2b: Ogerpon\n|-damage|p2b: Ogerpon|50\/100\n|-unboost|p1a: Dipplin|spa|2\n|\n|upkeep\n|turn|7\n|\n|t:|1699904744\n|move|p1a: Dipplin|Protect|p1a: Dipplin\n|-singleturn|p1a: Dipplin|Protect\n|move|p2b: Ogerpon|Ivy Cudgel|p1a: Dipplin\n|-activate|p1a: Dipplin|move: Protect\n|\n|upkeep\n|turn|8\n|\n|t:|1699904758\n|move|p2b: Ogerpon|Ivy Cudgel|p1a: Dipplin\n|-damage|p1a: Dipplin|0 fnt\n|faint|p1a: Dipplin\n|\n|win|Juanber13\n|raw|helloiamanormalguy's rating: 1048 &rarr; <strong>1033<\/strong><br \/>(-15 for losing)\n|raw|Juanber13's rating: 1093 &rarr; <strong>1116<\/strong><br \/>(+23 for winning)\n|l|\u2606helloiamanormalguy\n","uploadtime":1699904765,"views":8,"p1id":"helloiamanormalguy","p2id":"juanber13","formatid":"gen9vgc2023regulatione","rating":1033,"private":0,"password":""}