{"id":"gen9vgc2023regulatione-1989131954","p1":"olivermaul","p2":"Arcan52","format":"[Gen 9] VGC 2023 Regulation E","log":"|j|\u2606olivermaul\n|j|\u2606Arcan52\n|t:|1699815643\n|gametype|doubles\n|player|p1|olivermaul|brawly|1114\n|player|p2|Arcan52|ethan|1102\n|teamsize|p1|6\n|teamsize|p2|6\n|gen|9\n|tier|[Gen 9] VGC 2023 Regulation E\n|rated|\n|rule|Species Clause: Limit one of each Pok\u00e9mon\n|rule|Item Clause: Limit one of each item\n|clearpoke\n|poke|p1|Rabsca, L50, F|\n|poke|p1|Dondozo, L50, M|\n|poke|p1|Tatsugiri, L50, M|\n|poke|p1|Flamigo, L50, M|\n|poke|p1|Chi-Yu, L50|\n|poke|p1|Brute Bonnet, L50|\n|poke|p2|Gothitelle, L50, M|\n|poke|p2|Scream Tail, L50|\n|poke|p2|Muk-Alola, L50, M|\n|poke|p2|Basculegion, L50, M|\n|poke|p2|Azumarill, L50, F|\n|poke|p2|Amoonguss, L50, F|\n|teampreview|4\n|\n|t:|1699815666\n|start\n|switch|p1a: Chi-Yu|Chi-Yu, L50|100\/100\n|switch|p1b: Brute Bonnet|Brute Bonnet, L50|100\/100\n|switch|p2a: Gothitelle|Gothitelle, L50, M|100\/100\n|switch|p2b: Scream Tail|Scream Tail, L50|100\/100\n|-ability|p1a: Chi-Yu|Beads of Ruin\n|turn|1\n|\n|t:|1699815682\n|move|p2a: Gothitelle|Fake Out|p1a: Chi-Yu\n|-damage|p1a: Chi-Yu|94\/100\n|cant|p1a: Chi-Yu|flinch\n|move|p2b: Scream Tail|Perish Song|p2b: Scream Tail\n|-start|p1a: Chi-Yu|perish3|[silent]\n|-start|p1b: Brute Bonnet|perish3|[silent]\n|-start|p2a: Gothitelle|perish3|[silent]\n|-start|p2b: Scream Tail|perish3|[silent]\n|-fieldactivate|move: Perish Song\n|move|p1b: Brute Bonnet|Spore|p2b: Scream Tail\n|-status|p2b: Scream Tail|slp|[from] move: Spore\n|\n|-start|p1a: Chi-Yu|perish3\n|-start|p2b: Scream Tail|perish3\n|-start|p2a: Gothitelle|perish3\n|-start|p1b: Brute Bonnet|perish3\n|upkeep\n|turn|2\n|\n|t:|1699815698\n|cant|p2b: Scream Tail|slp\n|move|p2a: Gothitelle|Protect|p2a: Gothitelle\n|-singleturn|p2a: Gothitelle|Protect\n|move|p1a: Chi-Yu|Snarl|p2a: Gothitelle|[spread] p2b\n|-activate|p2a: Gothitelle|move: Protect\n|-damage|p2b: Scream Tail|76\/100 slp\n|-unboost|p2b: Scream Tail|spa|1\n|-damage|p1a: Chi-Yu|84\/100|[from] item: Life Orb\n|move|p1b: Brute Bonnet|Seed Bomb|p2b: Scream Tail\n|-damage|p2b: Scream Tail|54\/100 slp\n|\n|-start|p1a: Chi-Yu|perish2\n|-start|p2b: Scream Tail|perish2\n|-start|p2a: Gothitelle|perish2\n|-start|p1b: Brute Bonnet|perish2\n|upkeep\n|turn|3\n|\n|t:|1699815721\n|-end|p2b: Scream Tail|Protosynthesis|[silent]\n|switch|p2b: Muk|Muk-Alola, L50, M|100\/100\n|move|p1a: Chi-Yu|Overheat|p2b: Muk\n|-damage|p2b: Muk|7\/100\n|-unboost|p1a: Chi-Yu|spa|2\n|-enditem|p2b: Muk|Figy Berry|[eat]\n|-heal|p2b: Muk|40\/100|[from] item: Figy Berry\n|-damage|p1a: Chi-Yu|74\/100|[from] item: Life Orb\n|move|p2a: Gothitelle|Charm|p1b: Brute Bonnet\n|-unboost|p1b: Brute Bonnet|atk|2\n|move|p1b: Brute Bonnet|Spore|p2a: Gothitelle\n|-status|p2a: Gothitelle|slp|[from] move: Spore\n|\n|-start|p1a: Chi-Yu|perish1\n|-start|p2a: Gothitelle|perish1\n|-start|p1b: Brute Bonnet|perish1\n|upkeep\n|turn|4\n|\n|t:|1699815760\n|cant|p2a: Gothitelle|slp\n|move|p2b: Muk|Protect|p2b: Muk\n|-singleturn|p2b: Muk|Protect\n|move|p1a: Chi-Yu|Overheat|p2a: Gothitelle\n|-damage|p2a: Gothitelle|58\/100 slp\n|-unboost|p1a: Chi-Yu|spa|2\n|-damage|p1a: Chi-Yu|64\/100|[from] item: Life Orb\n|move|p1b: Brute Bonnet|Spore|p2b: Muk\n|-activate|p2b: Muk|move: Protect\n|\n|-start|p1a: Chi-Yu|perish0\n|-start|p2a: Gothitelle|perish0\n|-start|p1b: Brute Bonnet|perish0\n|faint|p1a: Chi-Yu\n|faint|p2a: Gothitelle\n|-ability|p2b: Muk|Shadow Tag|[from] ability: Power of Alchemy|[of] p2a: Gothitelle\n|faint|p1b: Brute Bonnet\n|-end|p1b: Brute Bonnet|Protosynthesis|[silent]\n|upkeep\n|\n|t:|1699815777\n|switch|p1a: Rabsca|Rabsca, L50, F|100\/100\n|switch|p2a: Scream Tail|Scream Tail, L50|54\/100 slp\n|switch|p1b: Dondozo|Dondozo, L50, M|100\/100\n|turn|5\n|\n|t:|1699815795\n|switch|p2b: Azumarill|Azumarill, L50, F|100\/100\n|-terastallize|p1a: Rabsca|Dragon\n|cant|p2a: Scream Tail|slp\n|move|p1a: Rabsca|Revival Blessing|p1a: Rabsca\n|\n|t:|1699815803\n|-heal|p1: Brute Bonnet|50\/100|[from] move: Revival Blessing\n|move|p1b: Dondozo|Wave Crash|p2a: Scream Tail\n|-damage|p2a: Scream Tail|26\/100 slp\n|-damage|p1b: Dondozo|92\/100|[from] Recoil\n|\n|-heal|p1b: Dondozo|98\/100|[from] item: Leftovers\n|upkeep\n|turn|6\n|\n|t:|1699815819\n|cant|p2a: Scream Tail|slp\n|move|p2b: Azumarill|Belly Drum|p2b: Azumarill\n|-damage|p2b: Azumarill|51\/100\n|-setboost|p2b: Azumarill|atk|6|[from] move: Belly Drum\n|move|p1a: Rabsca|Rest|p1a: Rabsca\n|-fail|p1a: Rabsca|heal\n|move|p1b: Dondozo|Wave Crash|p2a: Scream Tail\n|-damage|p2a: Scream Tail|0 fnt\n|faint|p2a: Scream Tail\n|-end|p2a: Scream Tail|Protosynthesis|[silent]\n|-damage|p1b: Dondozo|91\/100|[from] Recoil\n|\n|-heal|p1b: Dondozo|97\/100|[from] item: Leftovers\n|upkeep\n|\n|t:|1699815834\n|switch|p2a: Muk|Muk-Alola, L50, M|40\/100\n|turn|7\n|\n|t:|1699815844\n|move|p1b: Dondozo|Protect|p1b: Dondozo\n|-singleturn|p1b: Dondozo|Protect\n|move|p2b: Azumarill|Play Rough|p1b: Dondozo\n|-activate|p1b: Dondozo|move: Protect\n|move|p1a: Rabsca|Sleep Talk||[still]\n|-fail|p1a: Rabsca\n|move|p2a: Muk|Knock Off|p1a: Rabsca\n|-damage|p1a: Rabsca|64\/100\n|-damage|p2a: Muk|23\/100|[from] item: Rocky Helmet|[of] p1a: Rabsca\n|-enditem|p1a: Rabsca|Rocky Helmet|[from] move: Knock Off|[of] p2a: Muk\n|\n|-heal|p1b: Dondozo|100\/100|[from] item: Leftovers\n|upkeep\n|turn|8\n|\n|t:|1699815865\n|move|p2b: Azumarill|Play Rough|p1b: Dondozo\n|-damage|p1b: Dondozo|64\/100\n|move|p1a: Rabsca|Rest|p1a: Rabsca\n|-status|p1a: Rabsca|slp|[from] move: Rest\n|-heal|p1a: Rabsca|100\/100 slp|[silent]\n|move|p1b: Dondozo|Earthquake|p2a: Muk|[spread] p2a,p2b\n|-activate|p1a: Rabsca|ability: Telepathy\n|-supereffective|p2a: Muk\n|-damage|p2a: Muk|0 fnt\n|-damage|p2b: Azumarill|33\/100\n|faint|p2a: Muk\n|\n|-heal|p1b: Dondozo|70\/100|[from] item: Leftovers\n|upkeep\n|turn|9\n|\n|t:|1699815887\n|move|p2b: Azumarill|Play Rough|p1a: Rabsca\n|-supereffective|p1a: Rabsca\n|-damage|p1a: Rabsca|0 fnt\n|faint|p1a: Rabsca\n|move|p1b: Dondozo|Wave Crash|p2b: Azumarill\n|-resisted|p2b: Azumarill\n|-damage|p2b: Azumarill|10\/100\n|-damage|p1b: Dondozo|63\/100|[from] Recoil\n|\n|-heal|p1b: Dondozo|69\/100|[from] item: Leftovers\n|upkeep\n|\n|t:|1699815896\n|switch|p1a: Brute Bonnet|Brute Bonnet, L50|50\/100\n|-enditem|p1a: Brute Bonnet|Sitrus Berry|[eat]\n|-heal|p1a: Brute Bonnet|75\/100|[from] item: Sitrus Berry\n|turn|10\n|\n|t:|1699815915\n|move|p1a: Brute Bonnet|Sucker Punch|p2b: Azumarill\n|-resisted|p2b: Azumarill\n|-damage|p2b: Azumarill|0 fnt\n|faint|p2b: Azumarill\n|\n|win|olivermaul\n|raw|olivermaul's rating: 1114 &rarr; <strong>1138<\/strong><br \/>(+24 for winning)\n|raw|Arcan52's rating: 1102 &rarr; <strong>1078<\/strong><br \/>(-24 for losing)\n","uploadtime":1699815924,"views":30,"p1id":"olivermaul","p2id":"arcan52","formatid":"gen9vgc2023regulatione","rating":1078,"private":0,"password":""}