{"id":"gen9vgc2023regulatione-1994873773","p1":"Gerardo-Mx","p2":"KageXIII","format":"[Gen 9] VGC 2023 Regulation E","log":"|j|\u2606Gerardo-Mx\n|j|\u2606KageXIII\n|t:|1700500627\n|gametype|doubles\n|player|p1|Gerardo-Mx|red|1036\n|player|p2|KageXIII|grimsley-gen7|1134\n|teamsize|p1|6\n|teamsize|p2|6\n|gen|9\n|tier|[Gen 9] VGC 2023 Regulation E\n|rated|\n|rule|Species Clause: Limit one of each Pok\u00e9mon\n|rule|Item Clause: Limit one of each item\n|clearpoke\n|poke|p1|Talonflame, L50, M|\n|poke|p1|Great Tusk, L50|\n|poke|p1|Flutter Mane, L50|\n|poke|p1|Charizard, L50, F|\n|poke|p1|Chi-Yu, L50|\n|poke|p1|Annihilape, L50, F|\n|poke|p2|Sneasler, L50, M|\n|poke|p2|Rillaboom, L50, F|\n|poke|p2|Landorus-Therian, L50, M|\n|poke|p2|Flutter Mane, L50|\n|poke|p2|Ogerpon-Wellspring, L50, F|\n|poke|p2|Heatran, L50, M|\n|teampreview|4\n|inactive|Battle timer is ON: inactive players will automatically lose when time's up. (requested by Gerardo-Mx)\n|inactive|KageXIII has 60 seconds left.\n|\n|t:|1700500672\n|start\n|switch|p1a: Talonflame|Talonflame, L50, M|100\/100\n|switch|p1b: Annihilape|Annihilape, L50, F|100\/100\n|switch|p2a: Rillaboom|Rillaboom, L50, F|100\/100\n|switch|p2b: Logan|Sneasler, L50, M, shiny|100\/100\n|-fieldstart|move: Grassy Terrain|[from] ability: Grassy Surge|[of] p2a: Rillaboom\n|-enditem|p2b: Logan|Grassy Seed\n|-boost|p2b: Logan|def|1|[from] item: Grassy Seed\n|turn|1\n|\n|t:|1700500689\n|-terastallize|p2b: Logan|Flying\n|-terastallize|p1b: Annihilape|Fighting\n|move|p2a: Rillaboom|Fake Out|p1a: Talonflame\n|-damage|p1a: Talonflame|84\/100\n|move|p2b: Logan|Acrobatics|p1b: Annihilape\n|-supereffective|p1b: Annihilape\n|-damage|p1b: Annihilape|0 fnt\n|faint|p1b: Annihilape\n|move|p1a: Talonflame|Tailwind|p1a: Talonflame\n|-sidestart|p1: Gerardo-Mx|move: Tailwind\n|\n|upkeep\n|\n|t:|1700500705\n|switch|p1b: Charizard|Charizard, L50, F|100\/100\n|turn|2\n|\n|t:|1700500716\n|switch|p2a: Heatran|Heatran, L50, M|100\/100\n|move|p1a: Talonflame|Sunny Day|p1a: Talonflame\n|-weather|SunnyDay\n|move|p1b: Charizard|Heat Wave|p2b: Logan|[spread] p2b\n|-start|p2a: Heatran|ability: Flash Fire\n|-crit|p2b: Logan\n|-damage|p2b: Logan|0 fnt\n|faint|p2b: Logan\n|\n|-weather|SunnyDay|[upkeep]\n|-damage|p1b: Charizard|88\/100|[from] ability: Solar Power|[of] p1b: Charizard\n|upkeep\n|\n|t:|1700500733\n|switch|p2b: Rillaboom|Rillaboom, L50, F|100\/100\n|turn|3\n|\n|t:|1700500748\n|move|p2b: Rillaboom|Fake Out|p1b: Charizard\n|-damage|p1b: Charizard|67\/100\n|move|p1a: Talonflame|Will-O-Wisp|p2b: Rillaboom\n|-status|p2b: Rillaboom|brn\n|cant|p1b: Charizard|flinch\n|move|p2a: Heatran|Heat Wave|p1a: Talonflame|[spread] p1b\n|-miss|p2a: Heatran|p1a: Talonflame\n|-resisted|p1b: Charizard\n|-damage|p1b: Charizard|10\/100\n|\n|-weather|SunnyDay|[upkeep]\n|-damage|p1b: Charizard|0 fnt|[from] ability: Solar Power|[of] p1b: Charizard\n|faint|p1b: Charizard\n|-damage|p2b: Rillaboom|95\/100 brn|[from] brn\n|upkeep\n|\n|t:|1700500766\n|switch|p1b: Flutter Mane|Flutter Mane, L50|100\/100\n|-activate|p1b: Flutter Mane|ability: Protosynthesis\n|-start|p1b: Flutter Mane|protosynthesisspe\n|turn|4\n|\n|t:|1700500784\n|move|p1b: Flutter Mane|Shadow Ball|p2a: Heatran\n|-damage|p2a: Heatran|66\/100\n|move|p1a: Talonflame|Brave Bird|p2b: Rillaboom\n|-supereffective|p2b: Rillaboom\n|-damage|p2b: Rillaboom|28\/100 brn\n|-damage|p1a: Talonflame|59\/100|[from] Recoil\n|move|p2b: Rillaboom|Drum Beating|p1b: Flutter Mane\n|-damage|p1b: Flutter Mane|48\/100\n|-unboost|p1b: Flutter Mane|spe|1\n|move|p2a: Heatran|Flash Cannon|p1b: Flutter Mane\n|-supereffective|p1b: Flutter Mane\n|-damage|p1b: Flutter Mane|0 fnt\n|faint|p1b: Flutter Mane\n|-end|p1b: Flutter Mane|Protosynthesis|[silent]\n|\n|-weather|SunnyDay|[upkeep]\n|-heal|p2b: Rillaboom|34\/100 brn|[from] Grassy Terrain\n|-heal|p2a: Heatran|72\/100|[from] Grassy Terrain\n|-heal|p2a: Heatran|78\/100|[from] item: Leftovers\n|-damage|p2b: Rillaboom|28\/100 brn|[from] brn\n|-sideend|p1: Gerardo-Mx|move: Tailwind\n|upkeep\n|turn|5\n|-message|Gerardo-Mx forfeited.\n|\n|win|KageXIII\n|raw|Gerardo-Mx's rating: 1036 &rarr; <strong>1025<\/strong><br \/>(-11 for losing)\n|raw|KageXIII's rating: 1134 &rarr; <strong>1152<\/strong><br \/>(+18 for winning)\n|l|\u2606Gerardo-Mx\n","uploadtime":1700500817,"views":11,"p1id":"gerardomx","p2id":"kagexiii","formatid":"gen9vgc2023regulatione","rating":1025,"private":0,"password":""}