{"id":"gen9vgc2023regulatione-1989136520","p1":"Tuxmux","p2":"lux2821","format":"[Gen 9] VGC 2023 Regulation E","log":"|j|\u2606Tuxmux\n|j|\u2606lux2821\n|n|\u2606Tuxmux|tuxmux\n|n|\u2606lux2821|lux2821\n|html|View the match progress at <a href=\"\/game-bestof3-gen9vgc2023regulatione-1989136519\">game-bestof3-gen9vgc2023regulatione-1989136519<\/a>\n|t:|1699816142\n|gametype|doubles\n|player|p1|Tuxmux|266|\n|player|p2|lux2821|lusamine-nihilego|\n|teamsize|p1|6\n|teamsize|p2|6\n|gen|9\n|tier|[Gen 9] VGC 2023 Regulation E\n|rule|Species Clause: Limit one of each Pok\u00e9mon\n|rule|Item Clause: Limit one of each item\n|clearpoke\n|poke|p1|Breloom, L50, F|\n|poke|p1|Furret, L50, F|\n|poke|p1|Maushold, L50|\n|poke|p1|Pawmot, L50, F|\n|poke|p1|Talonflame, L50, M|\n|poke|p1|Jolteon, L50, F|\n|poke|p2|Lucario, L50, M|\n|poke|p2|Electrode-Hisui, L50|\n|poke|p2|Azumarill, L50, M|\n|poke|p2|Eiscue, L50, F|\n|poke|p2|Probopass, L50, M|\n|poke|p2|Cyndaquil, L50, M|\n|teampreview|4\n|inactive|Battle timer is ON: inactive players will automatically lose when time's up. (requested by lux2821)\n|inactiveoff|Battle timer is now OFF.\n|c|\u2606lux2821|Glhf!\n|c|\u2606Tuxmux|glhf\n|c|\u2606Tuxmux|o shit forgot my fuckin nfe\n|c|\u2606Tuxmux|xd\n|c|\u2606lux2821|L\n|\n|t:|1699816194\n|start\n|switch|p1a: Breloom|Breloom, L50, F|100\/100\n|switch|p1b: Talonflame|Talonflame, L50, M|100\/100\n|switch|p2a: Eiscue|Eiscue, L50, F|100\/100\n|switch|p2b: I'm NFE now|Cyndaquil, L50, M|100\/100\n|turn|1\n|\n|t:|1699816208\n|move|p1a: Breloom|Spore|p2b: I'm NFE now\n|-status|p2b: I'm NFE now|slp|[from] move: Spore\n|move|p1b: Talonflame|Flare Blitz|p1a: Breloom\n|-supereffective|p1a: Breloom\n|-damage|p1a: Breloom|0 fnt\n|faint|p1a: Breloom\n|-damage|p1b: Talonflame|68\/100|[from] Recoil\n|-damage|p1b: Talonflame|58\/100|[from] item: Life Orb\n|cant|p2b: I'm NFE now|slp\n|move|p2a: Eiscue|Belly Drum|p2a: Eiscue\n|-damage|p2a: Eiscue|51\/100\n|-setboost|p2a: Eiscue|atk|6|[from] move: Belly Drum\n|\n|upkeep\n|\n|t:|1699816215\n|switch|p1a: Jolteon|Jolteon, L50, F|100\/100\n|turn|2\n|\n|t:|1699816223\n|-terastallize|p1b: Talonflame|Fire\n|move|p1a: Jolteon|Charm|p2a: Eiscue\n|-unboost|p2a: Eiscue|atk|2\n|move|p1b: Talonflame|Flare Blitz|p1a: Jolteon\n|-damage|p1a: Jolteon|0 fnt\n|faint|p1a: Jolteon\n|-damage|p1b: Talonflame|29\/100|[from] Recoil\n|-damage|p1b: Talonflame|19\/100|[from] item: Life Orb\n|cant|p2b: I'm NFE now|slp\n|move|p2a: Eiscue|Head Smash|p2b: I'm NFE now\n|-supereffective|p2b: I'm NFE now\n|-damage|p2b: I'm NFE now|0 fnt\n|faint|p2b: I'm NFE now\n|-damage|p2a: Eiscue|14\/100|[from] Recoil\n|\n|upkeep\n|\n|t:|1699816240\n|switch|p1a: Pawmot|Pawmot, L50, F|100\/100\n|switch|p2b: Azumarill|Azumarill, L50, M|100\/100\n|turn|3\n|c|\u2606Tuxmux|okay revival blessing doesn't work to revive an opponent\n|c|\u2606Tuxmux|just if u wanted to know\n|c|\u2606lux2821|ok\n|-enditem|p2a: Eiscue|Custap Berry|[eat]\n|-activate|p2a: Eiscue|item: Custap Berry|[consumed]\n|\n|t:|1699816266\n|move|p1a: Pawmot|Fake Out|p2b: Azumarill\n|-damage|p2b: Azumarill|80\/100\n|move|p2a: Eiscue|Head Smash|p1b: Talonflame\n|-supereffective|p1b: Talonflame\n|-damage|p1b: Talonflame|0 fnt\n|faint|p1b: Talonflame\n|-damage|p2a: Eiscue|4\/100|[from] Recoil\n|cant|p2b: Azumarill|flinch\n|\n|-status|p2b: Azumarill|tox|[from] item: Toxic Orb\n|upkeep\n|turn|4\n|\n|t:|1699816288\n|move|p1a: Pawmot|Close Combat|p2a: Eiscue\n|-activate|p2a: Eiscue|ability: Ice Face\n|-damage|p2a: Eiscue|4\/100\n|-unboost|p1a: Pawmot|def|1\n|-unboost|p1a: Pawmot|spd|1\n|detailschange|p2a: Eiscue|Eiscue-Noice, L50, F\n|move|p2a: Eiscue|Head Smash|p2b: Azumarill\n|-damage|p2b: Azumarill|0 fnt\n|faint|p2b: Azumarill\n|-damage|p2a: Eiscue|0 fnt|[from] Recoil\n|faint|p2a: Eiscue\n|\n|upkeep\n|c|\u2606Tuxmux|YO FK\n|c|\u2606Tuxmux|i forgot about ice face\n|\n|t:|1699816302\n|switch|p2b: Electrode|Electrode-Hisui, L50|100\/100\n|turn|5\n|c|\u2606Tuxmux|mfer is using explosion\n|c|\u2606lux2821|well this is bad for me\n|c|\u2606Tuxmux|wait\n|c|\u2606Tuxmux|no its not\n|\n|t:|1699816326\n|move|p1a: Pawmot|Fake Out||[still]\n|-hint|Fake Out only works on your first turn out.\n|-fail|p1a: Pawmot\n|move|p2b: Electrode|Chloroblast|p1a: Pawmot\n|-damage|p1a: Pawmot|0 fnt\n|faint|p1a: Pawmot\n|-damage|p2b: Electrode|50\/100|[from] Recoil\n|-damage|p2b: Electrode|40\/100|[from] item: Life Orb\n|\n|win|lux2821\n|c|&|\/uhtml prompt-lux2821,lux2821 is ready for game 2!\n|inactive|Tuxmux has 50 seconds to confirm battle start!\n|c|&|\/uhtml prompt-tuxmux,Tuxmux is ready for game 2!\nBoth players are ready! Starting next match!\n","uploadtime":1699816563,"views":18,"p1id":"tuxmux","p2id":"lux2821","formatid":"gen9vgc2023regulatione","rating":0,"private":0,"password":""}