{"id":"gen9vgc2023regulatione-1994307784","p1":"AquamarineVGC","p2":"Puriner","format":"[Gen 9] VGC 2023 Regulation E","log":"|j|\u2606AquamarineVGC\n|j|\u2606Puriner\n|t:|1700429419\n|gametype|doubles\n|player|p1|AquamarineVGC|lucas-gen4pt|\n|player|p2|Puriner|colress|\n|teamsize|p1|6\n|teamsize|p2|6\n|gen|9\n|tier|[Gen 9] VGC 2023 Regulation E\n|rule|Species Clause: Limit one of each Pok\u00e9mon\n|rule|Item Clause: Limit one of each item\n|clearpoke\n|poke|p1|Ninetales-Alola, L50, M|\n|poke|p1|Iron Bundle, L50|\n|poke|p1|Clefairy, L50, M|\n|poke|p1|Annihilape, L50, M|\n|poke|p1|Landorus-Therian, L50, M|\n|poke|p1|Cresselia, L50, F|\n|poke|p2|Torkoal, L50, F|\n|poke|p2|Roaring Moon, L50|\n|poke|p2|Flutter Mane, L50|\n|poke|p2|Tornadus, L50, M|\n|poke|p2|Ogerpon-Hearthflame, L50, F|\n|poke|p2|Cresselia, L50, F|\n|teampreview|4\nAquamarineVGC has agreed to open team sheets.\n|\n|t:|1700429475\n|start\n|switch|p1a: Iron Bundle|Iron Bundle, L50|100\/100\n|switch|p1b: Cresselia|Cresselia, L50, F|100\/100\n|switch|p2a: Roaring Moon|Roaring Moon, L50|100\/100\n|switch|p2b: Tornadus|Tornadus, L50, M|100\/100\n|turn|1\n|\n|t:|1700429497\n|-terastallize|p2a: Roaring Moon|Steel\n|move|p2b: Tornadus|Sunny Day|p2b: Tornadus\n|-weather|SunnyDay\n|-activate|p2a: Roaring Moon|ability: Protosynthesis\n|-start|p2a: Roaring Moon|protosynthesisatk\n|move|p2a: Roaring Moon|Iron Head|p1a: Iron Bundle\n|-damage|p1a: Iron Bundle|22\/100\n|move|p1a: Iron Bundle|Icy Wind|p2a: Roaring Moon|[spread] p2a,p2b\n|-resisted|p2a: Roaring Moon\n|-supereffective|p2b: Tornadus\n|-damage|p2a: Roaring Moon|92\/100\n|-damage|p2b: Tornadus|53\/100\n|-unboost|p2a: Roaring Moon|spe|1\n|move|p1b: Cresselia|Lunar Blessing|p1b: Cresselia|[spread] p1a,p1b\n|-heal|p1a: Iron Bundle|47\/100\n|\n|-weather|SunnyDay|[upkeep]\n|upkeep\n|turn|2\n|\n|t:|1700429530\n|-end|p1a: Iron Bundle|Quark Drive|[silent]\n|switch|p1a: Annihilape|Annihilape, L50, M|100\/100\n|move|p2b: Tornadus|Bleakwind Storm|p1a: Annihilape|[spread] p1a\n|-miss|p2b: Tornadus|p1b: Cresselia\n|-supereffective|p1a: Annihilape\n|-damage|p1a: Annihilape|42\/100\n|move|p2a: Roaring Moon|Iron Head|p1a: Annihilape\n|-damage|p1a: Annihilape|0 fnt\n|faint|p1a: Annihilape\n|move|p1b: Cresselia|Ice Beam|p2b: Tornadus\n|-supereffective|p2b: Tornadus\n|-damage|p2b: Tornadus|2\/100\n|\n|-weather|SunnyDay|[upkeep]\n|upkeep\n|\n|t:|1700429544\n|switch|p1a: Landorus|Landorus-Therian, L50, M|100\/100\n|-ability|p1a: Landorus|Intimidate|boost\n|-unboost|p2a: Roaring Moon|atk|1\n|-unboost|p2b: Tornadus|atk|1\n|turn|3\n|\n|t:|1700429608\n|move|p2b: Tornadus|Bleakwind Storm|p1b: Cresselia|[spread] p1a,p1b\n|-damage|p1a: Landorus|53\/100\n|-damage|p1b: Cresselia|79\/100\n|-unboost|p1b: Cresselia|spe|1\n|move|p2a: Roaring Moon|Iron Head|p1a: Landorus\n|-damage|p1a: Landorus|4\/100\n|move|p1a: Landorus|Stomping Tantrum|p2a: Roaring Moon\n|-supereffective|p2a: Roaring Moon\n|-damage|p2a: Roaring Moon|0 fnt\n|faint|p2a: Roaring Moon\n|-end|p2a: Roaring Moon|Protosynthesis|[silent]\n|move|p1b: Cresselia|Lunar Blessing|p1b: Cresselia|[spread] p1a,p1b\n|-heal|p1a: Landorus|28\/100\n|-heal|p1b: Cresselia|100\/100\n|\n|-weather|SunnyDay|[upkeep]\n|upkeep\n|\n|t:|1700429623\n|switch|p2a: Flutter Mane|Flutter Mane, L50|100\/100\n|-activate|p2a: Flutter Mane|ability: Protosynthesis\n|-start|p2a: Flutter Mane|protosynthesisspe\n|turn|4\n|\n|t:|1700429647\n|switch|p1a: Iron Bundle|Iron Bundle, L50|47\/100\n|-terastallize|p1b: Cresselia|Poison\n|move|p2a: Flutter Mane|Moonblast|p1a: Iron Bundle\n|-damage|p1a: Iron Bundle|0 fnt\n|faint|p1a: Iron Bundle\n|-end|p1a: Iron Bundle|Quark Drive|[silent]\n|move|p2b: Tornadus|Bleakwind Storm|p1b: Cresselia\n|-damage|p1b: Cresselia|72\/100\n|move|p1b: Cresselia|Trick Room|p1b: Cresselia\n|-fieldstart|move: Trick Room|[of] p1b: Cresselia\n|\n|-weather|SunnyDay|[upkeep]\n|upkeep\n|\n|t:|1700429658\n|switch|p1a: Landorus|Landorus-Therian, L50, M|28\/100\n|-ability|p1a: Landorus|Intimidate|boost\n|-unboost|p2a: Flutter Mane|atk|1\n|-unboost|p2b: Tornadus|atk|1\n|turn|5\n|\n|t:|1700429678\n|move|p1b: Cresselia|Lunar Blessing|p1b: Cresselia|[spread] p1a,p1b\n|-heal|p1a: Landorus|53\/100\n|-heal|p1b: Cresselia|97\/100\n|move|p1a: Landorus|Rock Slide|p2b: Tornadus|[spread] p2a,p2b\n|-supereffective|p2b: Tornadus\n|-damage|p2a: Flutter Mane|23\/100\n|-damage|p2b: Tornadus|0 fnt\n|faint|p2b: Tornadus\n|cant|p2a: Flutter Mane|flinch\n|\n|-weather|none\n|-end|p2a: Flutter Mane|Protosynthesis\n|upkeep\n|\n|t:|1700429689\n|switch|p2b: Torkoal|Torkoal, L50, F|100\/100\n|-weather|SunnyDay|[from] ability: Drought|[of] p2b: Torkoal\n|-activate|p2a: Flutter Mane|ability: Protosynthesis\n|-start|p2a: Flutter Mane|protosynthesisspe\n|turn|6\n|\n|t:|1700429708\n|move|p2b: Torkoal|Eruption|p1b: Cresselia|[spread] p1a,p1b\n|-damage|p1a: Landorus|0 fnt\n|-damage|p1b: Cresselia|55\/100\n|faint|p1a: Landorus\n|move|p1b: Cresselia|Psychic|p2b: Torkoal\n|-damage|p2b: Torkoal|68\/100\n|move|p2a: Flutter Mane|Moonblast|p1b: Cresselia\n|-resisted|p1b: Cresselia\n|-damage|p1b: Cresselia|34\/100\n|\n|-weather|SunnyDay|[upkeep]\n|upkeep\n|turn|7\n|\n|t:|1700429730\n|move|p2b: Torkoal|Earth Power|p1b: Cresselia\n|-immune|p1b: Cresselia|[from] ability: Levitate\n|move|p1b: Cresselia|Psychic|p2b: Torkoal\n|-damage|p2b: Torkoal|32\/100\n|move|p2a: Flutter Mane|Moonblast|p1b: Cresselia\n|-resisted|p1b: Cresselia\n|-damage|p1b: Cresselia|13\/100\n|\n|-weather|SunnyDay|[upkeep]\n|upkeep\n|turn|8\n|\n|t:|1700429741\n|move|p2b: Torkoal|Eruption|p1b: Cresselia\n|-damage|p1b: Cresselia|0 fnt\n|faint|p1b: Cresselia\n|\n|win|Puriner\n|c|\u2606Puriner|ggs\n|c|\u2606AquamarineVGC|GG\n","uploadtime":1700429771,"views":5,"p1id":"aquamarinevgc","p2id":"puriner","formatid":"gen9vgc2023regulatione","rating":0,"private":0,"password":""}