{"id":"gen9vgc2023regulatione-1989172214","p1":"TrainerDylan24","p2":"MrinalFace","format":"[Gen 9] VGC 2023 Regulation E","log":"|j|\u2606TrainerDylan24\n|j|\u2606MrinalFace\n|t:|1699819841\n|gametype|doubles\n|player|p1|TrainerDylan24|swimmerf|1033\n|player|p2|MrinalFace|170|1126\n|teamsize|p1|6\n|teamsize|p2|6\n|gen|9\n|tier|[Gen 9] VGC 2023 Regulation E\n|rated|\n|rule|Species Clause: Limit one of each Pok\u00e9mon\n|rule|Item Clause: Limit one of each item\n|clearpoke\n|poke|p1|Maushold-Four, L50|\n|poke|p1|Politoed, L50, F|\n|poke|p1|Kilowattrel, L50, M|\n|poke|p1|Scizor, L50, M|\n|poke|p1|Cetitan, L50, M|\n|poke|p1|Rillaboom, L50, M|\n|poke|p2|Ursaluna, L50, F|\n|poke|p2|Torkoal, L50, F|\n|poke|p2|Pelipper, L50, F|\n|poke|p2|Spectrier, L50|\n|poke|p2|Amoonguss, L50, F|\n|poke|p2|Roaring Moon, L50|\n|teampreview|4\n|\n|t:|1699819867\n|start\n|switch|p1a: Cetitan|Cetitan, L50, M|100\/100\n|switch|p1b: Maushold|Maushold-Four, L50|100\/100\n|switch|p2a: Ursaluna|Ursaluna, L50, F|100\/100\n|switch|p2b: Torkoal|Torkoal, L50, F|100\/100\n|turn|1\n|\n|t:|1699819898\n|move|p2a: Ursaluna|Protect|p2a: Ursaluna\n|-singleturn|p2a: Ursaluna|Protect\n|move|p1b: Maushold|Population Bomb|p2b: Torkoal\n|-damage|p2b: Torkoal|92\/100\n|-damage|p2b: Torkoal|84\/100\n|-damage|p2b: Torkoal|75\/100\n|-damage|p2b: Torkoal|66\/100\n|-damage|p2b: Torkoal|57\/100\n|-damage|p2b: Torkoal|48\/100\n|-damage|p2b: Torkoal|39\/100\n|-damage|p2b: Torkoal|30\/100\n|-hitcount|p2b: Torkoal|8\n|move|p1a: Cetitan|Liquidation|p2b: Torkoal\n|-supereffective|p2b: Torkoal\n|-damage|p2b: Torkoal|0 fnt\n|faint|p2b: Torkoal\n|\n|upkeep\n|\n|t:|1699819918\n|switch|p2b: Amoonguss|Amoonguss, L50, F|100\/100\n|turn|2\n|\n|t:|1699819935\n|-terastallize|p1a: Cetitan|Ice\n|move|p1b: Maushold|Population Bomb|p2b: Amoonguss\n|-damage|p2b: Amoonguss|89\/100\n|-damage|p2b: Amoonguss|77\/100\n|-damage|p2b: Amoonguss|64\/100\n|-damage|p2b: Amoonguss|52\/100\n|-damage|p2b: Amoonguss|39\/100\n|-hitcount|p2b: Amoonguss|5\n|move|p1a: Cetitan|Icicle Crash|p2b: Amoonguss\n|-supereffective|p2b: Amoonguss\n|-damage|p2b: Amoonguss|0 fnt\n|faint|p2b: Amoonguss\n|move|p2a: Ursaluna|Trailblaze|p1b: Maushold\n|-damage|p1b: Maushold|68\/100\n|-boost|p2a: Ursaluna|spe|1\n|\n|upkeep\n|\n|t:|1699819956\n|switch|p2b: Spectrier|Spectrier, L50|100\/100\n|turn|3\n|\n|t:|1699819976\n|-terastallize|p2b: Spectrier|Fairy\n|move|p1b: Maushold|Follow Me|p1b: Maushold\n|-singleturn|p1b: Maushold|move: Follow Me\n|move|p2b: Spectrier|Draining Kiss|p1b: Maushold\n|-damage|p1b: Maushold|15\/100\n|move|p1a: Cetitan|Knock Off|p2b: Spectrier\n|-resisted|p2b: Spectrier\n|-damage|p2b: Spectrier|75\/100\n|-enditem|p2b: Spectrier|Choice Scarf|[from] move: Knock Off|[of] p1a: Cetitan\n|move|p2a: Ursaluna|Trailblaze|p1b: Maushold\n|-damage|p1b: Maushold|0 fnt\n|-boost|p2a: Ursaluna|spe|1\n|faint|p1b: Maushold\n|\n|upkeep\n|\n|t:|1699819989\n|switch|p1b: Politoed|Politoed, L50, F|100\/100\n|-weather|RainDance|[from] ability: Drizzle|[of] p1b: Politoed\n|turn|4\n|\n|t:|1699820002\n|move|p2b: Spectrier|Draining Kiss|p1a: Cetitan\n|-damage|p1a: Cetitan|62\/100\n|-heal|p2b: Spectrier|100\/100|[from] drain|[of] p1a: Cetitan\n|move|p2a: Ursaluna|Trailblaze|p1b: Politoed\n|-supereffective|p1b: Politoed\n|-damage|p1b: Politoed|56\/100\n|-boost|p2a: Ursaluna|spe|1\n|move|p1a: Cetitan|Icicle Crash|p2b: Spectrier|[miss]\n|-miss|p1a: Cetitan|p2b: Spectrier\n|move|p1b: Politoed|Muddy Water|p2b: Spectrier|[spread] p2a,p2b\n|-supereffective|p2a: Ursaluna\n|-damage|p2a: Ursaluna|14\/100\n|-damage|p2b: Spectrier|47\/100\n|-unboost|p2b: Spectrier|accuracy|1\n|\n|-weather|RainDance|[upkeep]\n|upkeep\n|turn|5\n|\n|t:|1699820042\n|move|p2b: Spectrier|Shadow Ball|p1a: Cetitan\n|-damage|p1a: Cetitan|9\/100\n|move|p2a: Ursaluna|Facade|p1a: Cetitan\n|-damage|p1a: Cetitan|0 fnt\n|faint|p1a: Cetitan\n|-heal|p2a: Ursaluna|15\/100|[from] item: Shell Bell|[of] p1: Cetitan\n|move|p1b: Politoed|Muddy Water|p2a: Ursaluna|[spread] p2a,p2b\n|-supereffective|p2a: Ursaluna\n|-damage|p2a: Ursaluna|0 fnt\n|-damage|p2b: Spectrier|0 fnt\n|faint|p2a: Ursaluna\n|faint|p2b: Spectrier\n|\n|win|TrainerDylan24\n|raw|TrainerDylan24's rating: 1033 &rarr; <strong>1077<\/strong><br \/>(+44 for winning)\n|raw|MrinalFace's rating: 1126 &rarr; <strong>1094<\/strong><br \/>(-32 for losing)\n","uploadtime":1699820057,"views":9,"p1id":"trainerdylan24","p2id":"mrinalface","formatid":"gen9vgc2023regulatione","rating":1077,"private":0,"password":""}