{"id":"gen9vgc2023regulatione-1993562903","p1":"Giddy New Man","p2":"efrain88","format":"[Gen 9] VGC 2023 Regulation E","log":"|j|\u2606Giddy New Man\n|j|\u2606efrain88\n|t:|1700332095\n|gametype|doubles\n|player|p1|Giddy New Man|pryce|1114\n|player|p2|efrain88|2|1155\n|teamsize|p1|6\n|teamsize|p2|6\n|gen|9\n|tier|[Gen 9] VGC 2023 Regulation E\n|rated|\n|rule|Species Clause: Limit one of each Pok\u00e9mon\n|rule|Item Clause: Limit one of each item\n|clearpoke\n|poke|p1|Sinistcha, L50|\n|poke|p1|Landorus-Therian, L50, M|\n|poke|p1|Dondozo, L50, M|\n|poke|p1|Iron Hands, L50|\n|poke|p1|Glimmora, L50, M|\n|poke|p1|Chi-Yu, L50|\n|poke|p2|Kommo-o, L50, F|\n|poke|p2|Volcarona, L50, F|\n|poke|p2|Heatran, L50, F|\n|poke|p2|Dipplin, L50, F|\n|poke|p2|Ninetales-Alola, L50, M|\n|poke|p2|Farigiraf, L50, F|\n|teampreview|4\n|inactive|Battle timer is ON: inactive players will automatically lose when time's up. (requested by efrain88)\n|inactive|Giddy New Man has 60 seconds left.\n|inactive|efrain88 has 60 seconds left.\n|\n|t:|1700332133\n|start\n|switch|p1a: Chi-Yu|Chi-Yu, L50|100\/100\n|switch|p1b: Dondozo|Dondozo, L50, M|100\/100\n|switch|p2a: Heatran|Heatran, L50, F, shiny|100\/100\n|switch|p2b: Volcarona|Volcarona, L50, F, shiny|100\/100\n|-ability|p1a: Chi-Yu|Beads of Ruin\n|turn|1\n|\n|t:|1700332152\n|move|p1a: Chi-Yu|Snarl|p2a: Heatran|[spread] p2a,p2b\n|-damage|p2a: Heatran|82\/100\n|-damage|p2b: Volcarona|68\/100\n|-unboost|p2a: Heatran|spa|1\n|-unboost|p2b: Volcarona|spa|1\n|move|p2b: Volcarona|Quiver Dance|p2b: Volcarona\n|-boost|p2b: Volcarona|spa|1\n|-boost|p2b: Volcarona|spd|1\n|-boost|p2b: Volcarona|spe|1\n|move|p2a: Heatran|Earth Power|p1a: Chi-Yu\n|-supereffective|p1a: Chi-Yu\n|-damage|p1a: Chi-Yu|46\/100\n|move|p1b: Dondozo|Yawn|p2b: Volcarona\n|-start|p2b: Volcarona|move: Yawn|[of] p1b: Dondozo\n|\n|-heal|p2b: Volcarona|74\/100|[from] item: Leftovers\n|upkeep\n|turn|2\n|\n|t:|1700332173\n|switch|p1a: Iron Hands|Iron Hands, L50|100\/100\n|switch|p2a: Ninetales|Ninetales-Alola, L50, M|100\/100\n|-weather|Snow|[from] ability: Snow Warning|[of] p2a: Ninetales\n|move|p2b: Volcarona|Giga Drain|p1b: Dondozo\n|-supereffective|p1b: Dondozo\n|-damage|p1b: Dondozo|58\/100\n|-heal|p2b: Volcarona|100\/100|[from] drain|[of] p1b: Dondozo\n|move|p1b: Dondozo|Liquidation|p2a: Ninetales\n|-damage|p2a: Ninetales|76\/100\n|\n|-weather|Snow|[upkeep]\n|-heal|p1b: Dondozo|65\/100|[from] item: Leftovers\n|-end|p2b: Volcarona|move: Yawn|[silent]\n|-status|p2b: Volcarona|slp\n|upkeep\n|turn|3\n|\n|t:|1700332192\n|move|p2a: Ninetales|Protect|p2a: Ninetales\n|-singleturn|p2a: Ninetales|Protect\n|move|p1a: Iron Hands|Fake Out|p2a: Ninetales\n|-activate|p2a: Ninetales|move: Protect\n|cant|p2b: Volcarona|slp\n|move|p1b: Dondozo|Heavy Slam|p2a: Ninetales\n|-activate|p2a: Ninetales|move: Protect\n|\n|-weather|Snow|[upkeep]\n|-heal|p1b: Dondozo|71\/100|[from] item: Leftovers\n|upkeep\n|turn|4\n|\n|t:|1700332205\n|cant|p2b: Volcarona|slp\n|move|p2a: Ninetales|Aurora Veil|p2a: Ninetales\n|-sidestart|p2: efrain88|move: Aurora Veil\n|move|p1a: Iron Hands|Heavy Slam|p2a: Ninetales\n|-supereffective|p2a: Ninetales\n|-damage|p2a: Ninetales|0 fnt\n|faint|p2a: Ninetales\n|move|p1b: Dondozo|Liquidation|p2b: Volcarona\n|-supereffective|p2b: Volcarona\n|-damage|p2b: Volcarona|38\/100 slp\n|-unboost|p2b: Volcarona|def|1\n|\n|-weather|Snow|[upkeep]\n|-heal|p2b: Volcarona|44\/100 slp|[from] item: Leftovers\n|-heal|p1b: Dondozo|77\/100|[from] item: Leftovers\n|upkeep\n|\n|t:|1700332222\n|switch|p2a: Kommo-o|Kommo-o, L50, F, shiny|100\/100\n|turn|5\n|\n|t:|1700332241\n|-terastallize|p1b: Dondozo|Poison\n|cant|p2b: Volcarona|slp\n|move|p2a: Kommo-o|Clangorous Soul|p2a: Kommo-o\n|-boost|p2a: Kommo-o|atk|1\n|-boost|p2a: Kommo-o|def|1\n|-boost|p2a: Kommo-o|spa|1\n|-boost|p2a: Kommo-o|spd|1\n|-boost|p2a: Kommo-o|spe|1\n|-damage|p2a: Kommo-o|68\/100\n|move|p1a: Iron Hands|Drain Punch|p2a: Kommo-o\n|-damage|p2a: Kommo-o|50\/100\n|move|p1b: Dondozo|Liquidation|p2b: Volcarona\n|-supereffective|p2b: Volcarona\n|-damage|p2b: Volcarona|0 fnt\n|faint|p2b: Volcarona\n|\n|-weather|Snow|[upkeep]\n|-heal|p1b: Dondozo|83\/100|[from] item: Leftovers\n|upkeep\n|\n|t:|1700332256\n|switch|p2b: Heatran|Heatran, L50, F, shiny|82\/100\n|turn|6\n|\n|t:|1700332280\n|-terastallize|p2b: Heatran|Grass\n|move|p2a: Kommo-o|Drain Punch|p1a: Iron Hands\n|-damage|p1a: Iron Hands|66\/100\n|-heal|p2a: Kommo-o|77\/100|[from] drain|[of] p1a: Iron Hands\n|move|p2b: Heatran|Earth Power|p1a: Iron Hands\n|-supereffective|p1a: Iron Hands\n|-damage|p1a: Iron Hands|27\/100\n|move|p1a: Iron Hands|Drain Punch|p2b: Heatran\n|-damage|p2b: Heatran|59\/100\n|-heal|p1a: Iron Hands|36\/100|[from] drain|[of] p2b: Heatran\n|move|p1b: Dondozo|Yawn|p2a: Kommo-o\n|-start|p2a: Kommo-o|move: Yawn|[of] p1b: Dondozo\n|\n|-weather|none\n|-heal|p1b: Dondozo|90\/100|[from] item: Leftovers\n|upkeep\n|turn|7\n|inactive|Giddy New Man has 30 seconds left.\n|\n|t:|1700332310\n|move|p2a: Kommo-o|Drain Punch|p1b: Dondozo\n|-resisted|p1b: Dondozo\n|-damage|p1b: Dondozo|72\/100\n|-heal|p2a: Kommo-o|92\/100|[from] drain|[of] p1b: Dondozo\n|move|p2b: Heatran|Earth Power|p1a: Iron Hands\n|-supereffective|p1a: Iron Hands\n|-damage|p1a: Iron Hands|0 fnt\n|faint|p1a: Iron Hands\n|-end|p1a: Iron Hands|Quark Drive|[silent]\n|move|p1b: Dondozo|Yawn|p2b: Heatran\n|-start|p2b: Heatran|move: Yawn|[of] p1b: Dondozo\n|\n|-heal|p1b: Dondozo|79\/100|[from] item: Leftovers\n|-end|p2a: Kommo-o|move: Yawn|[silent]\n|-status|p2a: Kommo-o|slp\n|upkeep\n|\n|t:|1700332319\n|switch|p1a: Sinistcha|Sinistcha, L50|100\/100\n|-heal|p1b: Dondozo|100\/100|[from] ability: Hospitality|[of] p1a: Sinistcha\n|turn|8\n|\n|t:|1700332333\n|move|p1a: Sinistcha|Protect|p1a: Sinistcha\n|-singleturn|p1a: Sinistcha|Protect\n|cant|p2a: Kommo-o|slp\n|move|p2b: Heatran|Heat Wave|p1b: Dondozo|[spread] p1b\n|-activate|p1a: Sinistcha|move: Protect\n|-crit|p1b: Dondozo\n|-damage|p1b: Dondozo|54\/100\n|move|p1b: Dondozo|Liquidation|p2b: Heatran\n|-resisted|p2b: Heatran\n|-damage|p2b: Heatran|51\/100\n|\n|-heal|p1b: Dondozo|61\/100|[from] item: Leftovers\n|-end|p2b: Heatran|move: Yawn|[silent]\n|-status|p2b: Heatran|slp\n|upkeep\n|turn|9\n|inactive|efrain88 has 30 seconds left.\n|\n|t:|1700332362\n|cant|p2a: Kommo-o|slp\n|move|p1a: Sinistcha|Calm Mind|p1a: Sinistcha\n|-boost|p1a: Sinistcha|spa|1\n|-boost|p1a: Sinistcha|spd|1\n|cant|p2b: Heatran|slp\n|move|p1b: Dondozo|Yawn||[still]\n|-fail|p1b: Dondozo\n|\n|-heal|p1b: Dondozo|67\/100|[from] item: Leftovers\n|upkeep\n|turn|10\n|inactive|Giddy New Man has 30 seconds left.\n|\n|t:|1700332394\n|cant|p2a: Kommo-o|slp\n|move|p1a: Sinistcha|Hex|p2b: Heatran\n|-damage|p2b: Heatran|18\/100 slp\n|cant|p2b: Heatran|slp\n|move|p1b: Dondozo|Yawn||[still]\n|-fail|p1b: Dondozo\n|\n|-heal|p1b: Dondozo|73\/100|[from] item: Leftovers\n|upkeep\n|turn|11\n|\n|t:|1700332407\n|move|p1b: Dondozo|Protect|p1b: Dondozo\n|-singleturn|p1b: Dondozo|Protect\n|-curestatus|p2a: Kommo-o|slp|[msg]\n|move|p2a: Kommo-o|Poison Jab|p1a: Sinistcha\n|-damage|p1a: Sinistcha|72\/100\n|move|p1a: Sinistcha|Matcha Gotcha|p2b: Heatran|[spread] p2a,p2b\n|-resisted|p2a: Kommo-o\n|-resisted|p2b: Heatran\n|-damage|p2a: Kommo-o|82\/100\n|-heal|p1a: Sinistcha|76\/100|[from] drain|[of] p2a: Kommo-o\n|-damage|p2b: Heatran|11\/100 slp\n|-heal|p1a: Sinistcha|80\/100|[from] drain|[of] p2b: Heatran\n|-status|p2a: Kommo-o|brn\n|-curestatus|p2b: Heatran|slp|[msg]\n|move|p2b: Heatran|Heat Wave|p1b: Dondozo|[spread] p1a\n|-activate|p1b: Dondozo|move: Protect\n|-supereffective|p1a: Sinistcha\n|-damage|p1a: Sinistcha|15\/100\n|-enditem|p1a: Sinistcha|Sitrus Berry|[eat]\n|-heal|p1a: Sinistcha|40\/100|[from] item: Sitrus Berry\n|\n|-heal|p1b: Dondozo|79\/100|[from] item: Leftovers\n|-damage|p2a: Kommo-o|76\/100 brn|[from] brn\n|-sideend|p2: efrain88|move: Aurora Veil\n|upkeep\n|turn|12\n|-message|efrain88 forfeited.\n|\n|win|Giddy New Man\n|raw|Giddy New Man's rating: 1114 &rarr; <strong>1142<\/strong><br \/>(+28 for winning)\n|raw|efrain88's rating: 1155 &rarr; <strong>1127<\/strong><br \/>(-28 for losing)\n|l|\u2606efrain88\n","uploadtime":1700332430,"views":9,"p1id":"giddynewman","p2id":"efrain88","formatid":"gen9vgc2023regulatione","rating":1127,"private":0,"password":""}