{"id":"gen9vgc2023regulatione-1990249506","p1":"TJRaynes","p2":"yuffington","format":"[Gen 9] VGC 2023 Regulation E","log":"|j|\u2606TJRaynes\n|j|\u2606yuffington\n|t:|1699944442\n|gametype|doubles\n|player|p1|TJRaynes|marley|\n|player|p2|yuffington|lucas|\n|teamsize|p1|6\n|teamsize|p2|6\n|gen|9\n|tier|[Gen 9] VGC 2023 Regulation E\n|rated|Tournament battle\n|rule|Species Clause: Limit one of each Pok\u00e9mon\n|rule|Item Clause: Limit one of each item\n|clearpoke\n|poke|p1|Raichu, L50, F|\n|poke|p1|Iron Hands, L50|\n|poke|p1|Landorus-Therian, L50, M|\n|poke|p1|Dondozo, L50, F|\n|poke|p1|Tatsugiri, L50, M|\n|poke|p1|Sinistcha, L50|\n|poke|p2|Landorus-Therian, L50, M|\n|poke|p2|Sinistcha, L50|\n|poke|p2|Grimmsnarl, L50, M|\n|poke|p2|Iron Hands, L50|\n|poke|p2|Arcanine-Hisui, L50, M|\n|poke|p2|Ogerpon-Wellspring, L50, F|\n|teampreview|4\n|showteam|p1|Raichu||AssaultVest|LightningRod|FakeOut,Nuzzle,VoltSwitch,Feint|||F|||50|,,,,,Flying]Iron Hands||SitrusBerry|QuarkDrive|SwordsDance,HeavySlam,DrainPunch,WildCharge||||||50|,,,,,Grass]Landorus-Therian||ChoiceScarf|Intimidate|TeraBlast,Uturn,StompingTantrum,RockSlide|||M|||50|,,,,,Flying]Dondozo||LumBerry|Oblivious|Protect,Earthquake,WaveCrash,Rest|||F|||50|,,,,,Steel]Tatsugiri||AbilityShield|Commander|Protect,IcyWind,MuddyWater,DracoMeteor|||M|||50|,,,,,Dragon]Sinistcha||MentalHerb|Hospitality|Protect,RagePowder,MatchaGotcha,StrengthSap||||||50|,,,,,Fire\n|showteam|p2|Landorus-Therian||AssaultVest|Intimidate|Uturn,StompingTantrum,RockSlide,TeraBlast|||M|||50|,,,,,Flying]Sinistcha||Leftovers|Hospitality|MatchaGotcha,TrickRoom,RagePowder,Protect||||||50|,,,,,Water]Grimmsnarl||LightClay|Prankster|PartingShot,SpiritBreak,LightScreen,Reflect|||M|||50|,,,,,Poison]Iron Hands||SitrusBerry|QuarkDrive|ThunderPunch,DrainPunch,Protect,SwordsDance||||||50|,,,,,Fighting]Arcanine-Hisui||FocusSash|Intimidate|FlareBlitz,RockSlide,Protect,ExtremeSpeed|||M|||50|,,,,,Flying]Ogerpon-Wellspring||WellspringMask|WaterAbsorb|IvyCudgel,FollowMe,Protect,HornLeech|||F|||50|,,,,,Water\n|j| ikisugi810\n|c|\u2606TJRaynes|glhf\n|c|\u2606yuffington|proud of you for making it all this way'\n|\n|t:|1699944471\n|start\n|switch|p1a: Landorus|Landorus-Therian, L50, M|100\/100\n|switch|p1b: Dondozo|Dondozo, L50, F|100\/100\n|switch|p2a: Grimmsnarl|Grimmsnarl, L50, M|100\/100\n|switch|p2b: Iron Hands|Iron Hands, L50|100\/100\n|-ability|p1a: Landorus|Intimidate|boost\n|-unboost|p2a: Grimmsnarl|atk|1\n|-unboost|p2b: Iron Hands|atk|1\n|turn|1\n|inactive|Battle timer is ON: inactive players will automatically lose when time's up. (requested by yuffington)\n|c|\u2606TJRaynes|aha thx, u2\n|\n|t:|1699944487\n|move|p2a: Grimmsnarl|Reflect|p2a: Grimmsnarl\n|-sidestart|p2: yuffington|Reflect\n|move|p1a: Landorus|Stomping Tantrum|p2b: Iron Hands\n|-supereffective|p2b: Iron Hands\n|-damage|p2b: Iron Hands|58\/100\n|move|p2b: Iron Hands|Swords Dance|p2b: Iron Hands\n|-boost|p2b: Iron Hands|atk|2\n|move|p1b: Dondozo|Wave Crash|p2a: Grimmsnarl\n|-damage|p2a: Grimmsnarl|63\/100\n|-damage|p1b: Dondozo|89\/100|[from] Recoil\n|\n|upkeep\n|turn|2\n|\n|t:|1699944505\n|-terastallize|p1b: Dondozo|Steel\n|move|p2a: Grimmsnarl|Parting Shot|p1a: Landorus\n|-unboost|p1a: Landorus|atk|1\n|-unboost|p1a: Landorus|spa|1\n|\n|t:|1699944511\n|switch|p2a: Sinistcha|Sinistcha, L50|100\/100|[from] Parting Shot\n|-heal|p2b: Iron Hands|82\/100|[from] ability: Hospitality|[of] p2a: Sinistcha\n|move|p1a: Landorus|Stomping Tantrum|p2b: Iron Hands\n|-supereffective|p2b: Iron Hands\n|-damage|p2b: Iron Hands|56\/100\n|move|p2b: Iron Hands|Swords Dance|p2b: Iron Hands\n|-boost|p2b: Iron Hands|atk|2\n|move|p1b: Dondozo|Earthquake|p2b: Iron Hands|[spread] p2a,p2b\n|-immune|p1a: Landorus\n|-resisted|p2a: Sinistcha\n|-crit|p2a: Sinistcha\n|-supereffective|p2b: Iron Hands\n|-damage|p2a: Sinistcha|84\/100\n|-damage|p2b: Iron Hands|37\/100\n|-enditem|p2b: Iron Hands|Sitrus Berry|[eat]\n|-heal|p2b: Iron Hands|62\/100|[from] item: Sitrus Berry\n|\n|-heal|p2a: Sinistcha|90\/100|[from] item: Leftovers\n|upkeep\n|turn|3\n|\n|t:|1699944533\n|switch|p1a: Iron Hands|Iron Hands, L50|100\/100\n|-terastallize|p2b: Iron Hands|Fighting\n|move|p1b: Dondozo|Protect|p1b: Dondozo\n|-singleturn|p1b: Dondozo|Protect\n|move|p2a: Sinistcha|Matcha Gotcha|p1a: Iron Hands|[spread] p1a\n|-activate|p1b: Dondozo|move: Protect\n|-damage|p1a: Iron Hands|84\/100\n|-heal|p2a: Sinistcha|100\/100|[from] drain|[of] p1a: Iron Hands\n|-status|p1a: Iron Hands|brn\n|move|p2b: Iron Hands|Drain Punch|p1b: Dondozo\n|-activate|p1b: Dondozo|move: Protect\n|\n|-damage|p1a: Iron Hands|78\/100 brn|[from] brn\n|upkeep\n|turn|4\n|c|\u2606yuffington|huge burn for the boys\n|inactive|TJRaynes has 30 seconds left.\n|\n|t:|1699944569\n|switch|p1b: Landorus|Landorus-Therian, L50, M|100\/100\n|-ability|p1b: Landorus|Intimidate|boost\n|-unboost|p2a: Sinistcha|atk|1\n|-unboost|p2b: Iron Hands|atk|1\n|move|p2a: Sinistcha|Rage Powder|p2a: Sinistcha\n|-singleturn|p2a: Sinistcha|move: Rage Powder\n|move|p1a: Iron Hands|Swords Dance|p1a: Iron Hands\n|-boost|p1a: Iron Hands|atk|2\n|move|p2b: Iron Hands|Drain Punch|p1b: Landorus\n|-resisted|p1b: Landorus\n|-damage|p1b: Landorus|32\/100\n|-heal|p2b: Iron Hands|84\/100|[from] drain|[of] p1b: Landorus\n|\n|-damage|p1a: Iron Hands|72\/100 brn|[from] brn\n|upkeep\n|turn|5\n|\n|t:|1699944591\n|move|p1b: Landorus|Rock Slide|p2a: Sinistcha|[spread] p2a,p2b\n|-resisted|p2b: Iron Hands\n|-damage|p2a: Sinistcha|87\/100\n|-damage|p2b: Iron Hands|79\/100\n|move|p2a: Sinistcha|Matcha Gotcha|p1b: Landorus|[spread] p1a,p1b\n|-damage|p1a: Iron Hands|56\/100 brn\n|-heal|p2a: Sinistcha|99\/100|[from] drain|[of] p1a: Iron Hands\n|-damage|p1b: Landorus|0 fnt\n|-heal|p2a: Sinistcha|100\/100|[from] drain|[of] p1b: Landorus\n|faint|p1b: Landorus\n|move|p1a: Iron Hands|Heavy Slam|p2a: Sinistcha\n|-damage|p2a: Sinistcha|77\/100\n|move|p2b: Iron Hands|Drain Punch|p1a: Iron Hands\n|-damage|p1a: Iron Hands|0 fnt\n|-heal|p2b: Iron Hands|100\/100|[from] drain|[of] p1a: Iron Hands\n|faint|p1a: Iron Hands\n|-end|p1a: Iron Hands|Quark Drive|[silent]\n|\n|-heal|p2a: Sinistcha|83\/100|[from] item: Leftovers\n|upkeep\n|\n|t:|1699944604\n|switch|p1b: Tatsugiri|Tatsugiri, L50, M|100\/100\n|switch|p1a: Dondozo|Dondozo, L50, F, tera:Steel|89\/100\n|-activate|p1b: Tatsugiri|ability: Commander|[of] p1a: Dondozo\n|-boost|p1a: Dondozo|atk|2\n|-boost|p1a: Dondozo|spa|2\n|-boost|p1a: Dondozo|spe|2\n|-boost|p1a: Dondozo|def|2\n|-boost|p1a: Dondozo|spd|2\n|turn|6\n|\n|t:|1699944619\n|move|p1a: Dondozo|Protect|p1a: Dondozo\n|-singleturn|p1a: Dondozo|Protect\n|move|p2a: Sinistcha|Matcha Gotcha|p1a: Dondozo|[spread] \n|-miss|p2a: Sinistcha|p1b: Tatsugiri\n|-activate|p1a: Dondozo|move: Protect\n|move|p2b: Iron Hands|Drain Punch|p1a: Dondozo\n|-activate|p1a: Dondozo|move: Protect\n|\n|-heal|p2a: Sinistcha|89\/100|[from] item: Leftovers\n|upkeep\n|turn|7\n|\n|t:|1699944632\n|move|p1a: Dondozo|Rest|p1a: Dondozo\n|-status|p1a: Dondozo|slp|[from] move: Rest\n|-enditem|p1a: Dondozo|Lum Berry|[eat]\n|-curestatus|p1a: Dondozo|slp|[msg]\n|-heal|p1a: Dondozo|100\/100|[silent]\n|move|p2a: Sinistcha|Matcha Gotcha|p1a: Dondozo|[spread] p1a\n|-miss|p2a: Sinistcha|p1b: Tatsugiri\n|-resisted|p1a: Dondozo\n|-damage|p1a: Dondozo|95\/100\n|-heal|p2a: Sinistcha|93\/100|[from] drain|[of] p1a: Dondozo\n|move|p2b: Iron Hands|Drain Punch|p1a: Dondozo\n|-supereffective|p1a: Dondozo\n|-damage|p1a: Dondozo|12\/100\n|\n|-heal|p2a: Sinistcha|99\/100|[from] item: Leftovers\n|upkeep\n|turn|8\n|\n|t:|1699944649\n|move|p1a: Dondozo|Protect|p1a: Dondozo\n|-singleturn|p1a: Dondozo|Protect\n|move|p2a: Sinistcha|Matcha Gotcha|p1a: Dondozo|[spread] \n|-miss|p2a: Sinistcha|p1b: Tatsugiri\n|-activate|p1a: Dondozo|move: Protect\n|move|p2b: Iron Hands|Drain Punch|p1a: Dondozo\n|-activate|p1a: Dondozo|move: Protect\n|\n|-heal|p2a: Sinistcha|100\/100|[from] item: Leftovers\n|-sideend|p2: yuffington|Reflect\n|upkeep\n|turn|9\n|c|\u2606yuffington|gg irl and ig\n|\n|t:|1699944661\n|move|p1a: Dondozo|Wave Crash|p2b: Iron Hands\n|-damage|p2b: Iron Hands|33\/100\n|-damage|p1a: Dondozo|0 fnt|[from] Recoil\n|faint|p1a: Dondozo\n|move|p2a: Sinistcha|Matcha Gotcha|p1b: Tatsugiri\n|-damage|p1b: Tatsugiri|57\/100\n|move|p2b: Iron Hands|Drain Punch|p1b: Tatsugiri\n|-damage|p1b: Tatsugiri|0 fnt\n|-heal|p2b: Iron Hands|48\/100|[from] drain|[of] p1b: Tatsugiri\n|faint|p1b: Tatsugiri\n|\n|win|yuffington\n|n|\u2606TJRaynes|tjraynes\n|n|\u2606yuffington|yuffington\n|n| ikisugi810|ikisugi810\n","uploadtime":1699944662,"views":19,"p1id":"tjraynes","p2id":"yuffington","formatid":"gen9vgc2023regulatione","rating":0,"private":0,"password":""}