{"id":"gen9vgc2023regulatione-1988774736","p1":"u7h7hh798","p2":"sadLouie","format":"[Gen 9] VGC 2023 Regulation E","log":"|j|\u2606u7h7hh798\n|j|\u2606sadLouie\n|t:|1699761450\n|gametype|doubles\n|player|p1|u7h7hh798|silver|1276\n|player|p2|sadLouie|170|1404\n|teamsize|p1|6\n|teamsize|p2|6\n|gen|9\n|tier|[Gen 9] VGC 2023 Regulation E\n|rated|\n|rule|Species Clause: Limit one of each Pok\u00e9mon\n|rule|Item Clause: Limit one of each item\n|clearpoke\n|poke|p1|Dondozo, L50, F|\n|poke|p1|Tatsugiri, L50, F|\n|poke|p1|Glimmora, L50, F|\n|poke|p1|Urshifu-*, L50, M|\n|poke|p1|Ogerpon-Wellspring, L50, F|\n|poke|p1|Chi-Yu, L50|\n|poke|p2|Dragonite, L50, M|\n|poke|p2|Chien-Pao, L50|\n|poke|p2|Rillaboom, L50, M|\n|poke|p2|Heatran, L50, M|\n|poke|p2|Flutter Mane, L50|\n|poke|p2|Ogerpon-Wellspring, L50, F|\n|teampreview|4\n|inactive|Battle timer is ON: inactive players will automatically lose when time's up. (requested by u7h7hh798)\n|j| andywuzere\n|inactive|sadLouie has 60 seconds left.\n|inactive|sadLouie has 30 seconds left.\n|inactive|sadLouie has 20 seconds left.\n|inactive|sadLouie has 15 seconds left.\n|inactive|sadLouie has 10 seconds left.\n|\n|t:|1699761532\n|start\n|switch|p1a: Glimmora|Glimmora, L50, F|100\/100\n|switch|p1b: Ogerpon|Ogerpon-Wellspring, L50, F|100\/100\n|switch|p2a: Ogerpon|Ogerpon-Wellspring, L50, F|100\/100\n|switch|p2b: Heatran|Heatran, L50, M|100\/100\n|turn|1\n|inactive|u7h7hh798 has 30 seconds left.\n|inactive|u7h7hh798 has 20 seconds left.\n|inactive|sadLouie has 30 seconds left.\n|inactive|u7h7hh798 has 15 seconds left.\n|inactive|u7h7hh798 has 10 seconds left.\n|inactive|sadLouie has 20 seconds left.\n|inactive|u7h7hh798 has 5 seconds left.\n|\n|t:|1699761583\n|move|p2a: Ogerpon|Spiky Shield|p2a: Ogerpon\n|-singleturn|p2a: Ogerpon|move: Protect\n|move|p1a: Glimmora|Energy Ball|p2a: Ogerpon\n|-activate|p2a: Ogerpon|move: Protect\n|move|p1b: Ogerpon|Horn Leech|p2a: Ogerpon\n|-activate|p2a: Ogerpon|move: Protect\n|-damage|p1b: Ogerpon|88\/100|[from] Spiky Shield|[of] p2a: Ogerpon\n|move|p2b: Heatran|Earth Power|p1a: Glimmora\n|-supereffective|p1a: Glimmora\n|-enditem|p1a: Glimmora|Focus Sash\n|-damage|p1a: Glimmora|1\/100\n|\n|upkeep\n|turn|2\n|\n|t:|1699761608\n|move|p2a: Ogerpon|Horn Leech|p1b: Ogerpon\n|-damage|p1b: Ogerpon|43\/100\n|move|p1a: Glimmora|Mortal Spin|p2a: Ogerpon|[spread] p2a\n|-immune|p2b: Heatran\n|-supereffective|p2a: Ogerpon\n|-damage|p2a: Ogerpon|90\/100\n|-status|p2a: Ogerpon|psn\n|move|p1b: Ogerpon|Horn Leech|p2a: Ogerpon\n|-damage|p2a: Ogerpon|47\/100 psn\n|-heal|p1b: Ogerpon|62\/100|[from] drain|[of] p2a: Ogerpon\n|move|p2b: Heatran|Heat Wave|p1a: Glimmora|[spread] p1a\n|-miss|p2b: Heatran|p1b: Ogerpon\n|-resisted|p1a: Glimmora\n|-damage|p1a: Glimmora|0 fnt\n|faint|p1a: Glimmora\n|\n|-damage|p2a: Ogerpon|35\/100 psn|[from] psn\n|upkeep\n|\n|t:|1699761624\n|switch|p1a: Dondozo|Dondozo, L50, F|100\/100\n|turn|3\n|\n|t:|1699761658\n|switch|p1b: Tatsugiri|Tatsugiri, L50, F|100\/100\n|-activate|p1b: Tatsugiri|ability: Commander|[of] p1a: Dondozo\n|-boost|p1a: Dondozo|atk|2\n|-boost|p1a: Dondozo|spa|2\n|-boost|p1a: Dondozo|spe|2\n|-boost|p1a: Dondozo|def|2\n|-boost|p1a: Dondozo|spd|2\n|-terastallize|p2b: Heatran|Fairy\n|-terastallize|p1a: Dondozo|Dragon\n|move|p1a: Dondozo|Earthquake|p2a: Ogerpon|[spread] p2a,p2b\n|-miss|p1a: Dondozo|p1b: Tatsugiri\n|-resisted|p2a: Ogerpon\n|-damage|p2a: Ogerpon|15\/100 psn\n|-damage|p2b: Heatran|72\/100\n|move|p2a: Ogerpon|Horn Leech|p1a: Dondozo\n|-resisted|p1a: Dondozo\n|-damage|p1a: Dondozo|93\/100\n|-heal|p2a: Ogerpon|20\/100 psn|[from] drain|[of] p1a: Dondozo\n|move|p2b: Heatran|Heat Wave|p1a: Dondozo|[spread] p1a\n|-miss|p2b: Heatran|p1b: Tatsugiri\n|-resisted|p1a: Dondozo\n|-damage|p1a: Dondozo|85\/100\n|\n|-heal|p1a: Dondozo|91\/100|[from] item: Leftovers\n|-damage|p2a: Ogerpon|8\/100 psn|[from] psn\n|upkeep\n|turn|4\n|inactive|u7h7hh798 has 30 seconds left.\n|\n|t:|1699761684\n|move|p2a: Ogerpon|Spiky Shield|p2a: Ogerpon\n|-singleturn|p2a: Ogerpon|move: Protect\n|move|p1a: Dondozo|Earthquake|p2b: Heatran|[spread] p2b\n|-miss|p1a: Dondozo|p1b: Tatsugiri\n|-activate|p2a: Ogerpon|move: Protect\n|-damage|p2b: Heatran|41\/100\n|move|p2b: Heatran|Tera Blast|p1a: Dondozo|[anim] Tera Blast Fairy\n|-supereffective|p1a: Dondozo\n|-crit|p1a: Dondozo\n|-damage|p1a: Dondozo|0 fnt\n|faint|p1a: Dondozo\n|\n|-damage|p2a: Ogerpon|0 fnt|[from] psn\n|faint|p2a: Ogerpon\n|upkeep\n|\n|t:|1699761698\n|switch|p2a: Rillaboom|Rillaboom, L50, M|100\/100\n|switch|p1a: Ogerpon|Ogerpon-Wellspring, L50, F|62\/100\n|-fieldstart|move: Grassy Terrain|[from] ability: Grassy Surge|[of] p2a: Rillaboom\n|turn|5\n|inactive|u7h7hh798 has 30 seconds left.\n|inactive|u7h7hh798 has 20 seconds left.\n|\n|t:|1699761734\n|move|p1a: Ogerpon|Spiky Shield|p1a: Ogerpon\n|-singleturn|p1a: Ogerpon|move: Protect\n|move|p1b: Tatsugiri|Protect|p1b: Tatsugiri\n|-singleturn|p1b: Tatsugiri|Protect\n|move|p2a: Rillaboom|Fake Out|p1a: Ogerpon\n|-activate|p1a: Ogerpon|move: Protect\n|-damage|p2a: Rillaboom|88\/100|[from] Spiky Shield|[of] p1a: Ogerpon\n|move|p2b: Heatran|Tera Blast|p1b: Tatsugiri|[anim] Tera Blast Fairy\n|-activate|p1b: Tatsugiri|move: Protect\n|\n|-heal|p1a: Ogerpon|68\/100|[from] Grassy Terrain\n|-heal|p2a: Rillaboom|94\/100|[from] Grassy Terrain\n|-heal|p2b: Heatran|47\/100|[from] Grassy Terrain\n|upkeep\n|turn|6\n|inactive|u7h7hh798 has 30 seconds left.\n|\n|t:|1699761760\n|move|p2a: Rillaboom|Grassy Glide|p1a: Ogerpon\n|-damage|p1a: Ogerpon|21\/100\n|move|p1a: Ogerpon|Ivy Cudgel|p2b: Heatran\n|-crit|p2b: Heatran\n|-damage|p2b: Heatran|0 fnt\n|faint|p2b: Heatran\n|move|p1b: Tatsugiri|Surf|p2a: Rillaboom|[spread] p2a\n|-heal|p1a: Ogerpon|46\/100|[from] ability: Water Absorb|[of] p1b: Tatsugiri\n|-resisted|p2a: Rillaboom\n|-damage|p2a: Rillaboom|79\/100\n|\n|-heal|p1a: Ogerpon|52\/100|[from] Grassy Terrain\n|-heal|p2a: Rillaboom|85\/100|[from] Grassy Terrain\n|upkeep\n|\n|t:|1699761766\n|switch|p2b: Flutter Mane|Flutter Mane, L50|100\/100\n|turn|7\n|\n|t:|1699761785\n|move|p1a: Ogerpon|Spiky Shield|p1a: Ogerpon\n|-singleturn|p1a: Ogerpon|move: Protect\n|move|p2b: Flutter Mane|Dazzling Gleam|p1b: Tatsugiri|[spread] p1b\n|-activate|p1a: Ogerpon|move: Protect\n|-supereffective|p1b: Tatsugiri\n|-damage|p1b: Tatsugiri|14\/100\n|move|p2a: Rillaboom|Wood Hammer|p1a: Ogerpon\n|-activate|p1a: Ogerpon|move: Protect\n|-damage|p2a: Rillaboom|73\/100|[from] Spiky Shield|[of] p1a: Ogerpon\n|move|p1b: Tatsugiri|Icy Wind|p2b: Flutter Mane|[spread] p2a,p2b\n|-supereffective|p2a: Rillaboom\n|-damage|p2a: Rillaboom|49\/100\n|-damage|p2b: Flutter Mane|90\/100\n|-unboost|p2a: Rillaboom|spe|1\n|-unboost|p2b: Flutter Mane|spe|1\n|\n|-heal|p1a: Ogerpon|58\/100|[from] Grassy Terrain\n|-heal|p2b: Flutter Mane|95\/100|[from] Grassy Terrain\n|-heal|p1b: Tatsugiri|19\/100|[from] Grassy Terrain\n|-heal|p2a: Rillaboom|55\/100|[from] Grassy Terrain\n|upkeep\n|turn|8\n|\n|t:|1699761806\n|move|p2a: Rillaboom|Grassy Glide|p1a: Ogerpon\n|-damage|p1a: Ogerpon|12\/100\n|move|p1a: Ogerpon|Ivy Cudgel|p2b: Flutter Mane\n|-crit|p2b: Flutter Mane\n|-damage|p2b: Flutter Mane|0 fnt\n|faint|p2b: Flutter Mane\n|-end|p2b: Flutter Mane|Protosynthesis|[silent]\n|move|p1b: Tatsugiri|Surf|p2a: Rillaboom|[spread] p2a\n|-heal|p1a: Ogerpon|37\/100|[from] ability: Water Absorb|[of] p1b: Tatsugiri\n|-resisted|p2a: Rillaboom\n|-damage|p2a: Rillaboom|40\/100\n|\n|-heal|p1a: Ogerpon|43\/100|[from] Grassy Terrain\n|-heal|p1b: Tatsugiri|25\/100|[from] Grassy Terrain\n|-heal|p2a: Rillaboom|46\/100|[from] Grassy Terrain\n|upkeep\n|turn|9\n|\n|t:|1699761822\n|move|p1a: Ogerpon|Spiky Shield|p1a: Ogerpon\n|-singleturn|p1a: Ogerpon|move: Protect\n|move|p1b: Tatsugiri|Protect|p1b: Tatsugiri\n|-singleturn|p1b: Tatsugiri|Protect\n|move|p2a: Rillaboom|Grassy Glide|p1a: Ogerpon\n|-activate|p1a: Ogerpon|move: Protect\n|-damage|p2a: Rillaboom|34\/100|[from] Spiky Shield|[of] p1a: Ogerpon\n|\n|-heal|p1a: Ogerpon|49\/100|[from] Grassy Terrain\n|-heal|p1b: Tatsugiri|31\/100|[from] Grassy Terrain\n|-heal|p2a: Rillaboom|40\/100|[from] Grassy Terrain\n|-fieldend|move: Grassy Terrain\n|upkeep\n|turn|10\n|\n|t:|1699761841\n|move|p1a: Ogerpon|Horn Leech|p2a: Rillaboom\n|-resisted|p2a: Rillaboom\n|-damage|p2a: Rillaboom|19\/100\n|-heal|p1a: Ogerpon|60\/100|[from] drain|[of] p2a: Rillaboom\n|move|p1b: Tatsugiri|Surf|p2a: Rillaboom|[spread] p2a\n|-heal|p1a: Ogerpon|85\/100|[from] ability: Water Absorb|[of] p1b: Tatsugiri\n|-resisted|p2a: Rillaboom\n|-damage|p2a: Rillaboom|2\/100\n|move|p2a: Rillaboom|Wood Hammer|p1a: Ogerpon\n|-damage|p1a: Ogerpon|2\/100\n|-damage|p2a: Rillaboom|0 fnt|[from] Recoil\n|faint|p2a: Rillaboom\n|\n|win|u7h7hh798\n|raw|u7h7hh798's rating: 1276 &rarr; <strong>1310<\/strong><br \/>(+34 for winning)\n|raw|sadLouie's rating: 1404 &rarr; <strong>1377<\/strong><br \/>(-27 for losing)\n|l|\u2606sadLouie\n","uploadtime":1699761858,"views":23,"p1id":"u7h7hh798","p2id":"sadlouie","formatid":"gen9vgc2023regulatione","rating":1310,"private":0,"password":""}