{"id":"gen9vgc2023regulatione-2000003677","p1":"Sketch Hero","p2":"Thud124","format":"[Gen 9] VGC 2023 Regulation E","log":"|j|\u2606Sketch Hero\n|j|\u2606Thud124\n|t:|1701139989\n|gametype|doubles\n|player|p1|Sketch Hero|red|\n|player|p2|Thud124|juan-gen3|\n|teamsize|p1|6\n|teamsize|p2|6\n|gen|9\n|tier|[Gen 9] VGC 2023 Regulation E\n|rule|Species Clause: Limit one of each Pok\u00e9mon\n|rule|Item Clause: Limit one of each item\n|clearpoke\n|poke|p1|Bisharp, L50, M|\n|poke|p1|Electrode, L50|\n|poke|p1|Rillaboom, L50, F|\n|poke|p1|Garchomp, L50, M|\n|poke|p1|Quagsire, L50, M|\n|poke|p1|Gardevoir, L50, F|\n|poke|p2|Gothitelle, L50, M|\n|poke|p2|Scream Tail, L50|\n|poke|p2|Urshifu-*, L50, F|\n|poke|p2|Politoed, L50, F|\n|poke|p2|Ludicolo, L50, M|\n|poke|p2|Kilowattrel, L50, F|\n|teampreview|4\n|c|\u2606Thud124|Goth is steel, Scream tail steel, urshi water, toed grass, ludi grass, kilowattrel flying\nThud124 rejected open team sheets.\n|c|\u2606Sketch Hero|Bisharp: Bug, Electrode: Posion, Rillaboom: Grass, Garchomp: Steel, Quag: Fire, Garde: Grass\n|\n|t:|1701140076\n|start\n|switch|p1a: Blue Blur|Electrode, L50, shiny|100\/100\n|switch|p1b: Nom Nom|Garchomp, L50, M|100\/100\n|switch|p2a: Urshifu|Urshifu-Rapid-Strike, L50, F|100\/100\n|switch|p2b: Politoed|Politoed, L50, F|100\/100\n|-weather|RainDance|[from] ability: Drizzle|[of] p2b: Politoed\n|turn|1\n|\n|t:|1701140098\n|move|p2a: Urshifu|U-turn|p1a: Blue Blur\n|-crit|p1a: Blue Blur\n|-damage|p1a: Blue Blur|26\/100\n|\n|t:|1701140102\n|switch|p2a: Gothitelle|Gothitelle, L50, M|100\/100|[from] U-turn\n|move|p1a: Blue Blur|Thunder|p2a: Gothitelle\n|-damage|p2a: Gothitelle|70\/100\n|move|p1b: Nom Nom|Swords Dance|p1b: Nom Nom\n|-boost|p1b: Nom Nom|atk|2\n|move|p2b: Politoed|Perish Song|p2b: Politoed\n|-immune|p1a: Blue Blur|[from] ability: Soundproof\n|-start|p1b: Nom Nom|perish3|[silent]\n|-start|p2a: Gothitelle|perish3|[silent]\n|-start|p2b: Politoed|perish3|[silent]\n|-fieldactivate|move: Perish Song\n|\n|-weather|RainDance|[upkeep]\n|-start|p1b: Nom Nom|perish3\n|-start|p2b: Politoed|perish3\n|-start|p2a: Gothitelle|perish3\n|upkeep\n|turn|2\n|\n|t:|1701140123\n|move|p2a: Gothitelle|Fake Out|p1b: Nom Nom\n|-damage|p1b: Nom Nom|94\/100\n|-damage|p2a: Gothitelle|58\/100|[from] ability: Rough Skin|[of] p1b: Nom Nom\n|move|p1a: Blue Blur|Thunder|p2b: Politoed\n|-supereffective|p2b: Politoed\n|-damage|p2b: Politoed|30\/100\n|-status|p2b: Politoed|par\n|cant|p1b: Nom Nom|flinch\n|cant|p2b: Politoed|par\n|\n|-weather|RainDance|[upkeep]\n|-start|p1b: Nom Nom|perish2\n|-start|p2a: Gothitelle|perish2\n|-start|p2b: Politoed|perish2\n|upkeep\n|turn|3\n|\n|t:|1701140140\n|move|p1a: Blue Blur|Protect|p1a: Blue Blur\n|-singleturn|p1a: Blue Blur|Protect\n|move|p2a: Gothitelle|Protect|p2a: Gothitelle\n|-singleturn|p2a: Gothitelle|Protect\n|move|p1b: Nom Nom|Earthquake|p2a: Gothitelle|[spread] p2b\n|-activate|p1a: Blue Blur|move: Protect\n|-activate|p2a: Gothitelle|move: Protect\n|-damage|p2b: Politoed|0 fnt\n|faint|p2b: Politoed\n|-damage|p1b: Nom Nom|85\/100|[from] item: Life Orb\n|\n|-weather|RainDance|[upkeep]\n|-start|p1b: Nom Nom|perish1\n|-start|p2a: Gothitelle|perish1\n|upkeep\n|\n|t:|1701140142\n|switch|p2b: Ludicolo|Ludicolo, L50, M|100\/100\n|turn|4\n|\n|t:|1701140162\n|move|p2b: Ludicolo|Fake Out|p1b: Nom Nom\n|-damage|p1b: Nom Nom|75\/100\n|-damage|p2b: Ludicolo|88\/100|[from] ability: Rough Skin|[of] p1b: Nom Nom\n|-damage|p2b: Ludicolo|78\/100|[from] item: Life Orb\n|move|p1a: Blue Blur|Thunder|p2b: Ludicolo\n|-damage|p2b: Ludicolo|36\/100\n|cant|p1b: Nom Nom|flinch\n|move|p2a: Gothitelle|Psychic|p1a: Blue Blur\n|-damage|p1a: Blue Blur|0 fnt\n|faint|p1a: Blue Blur\n|\n|-weather|RainDance|[upkeep]\n|-start|p1b: Nom Nom|perish0\n|-start|p2a: Gothitelle|perish0\n|upkeep\n|faint|p1b: Nom Nom\n|faint|p2a: Gothitelle\n|\n|t:|1701140177\n|switch|p1a: Funky Kong|Rillaboom, L50, F|100\/100\n|switch|p1b: Forehead|Bisharp, L50, M|100\/100\n|switch|p2a: Urshifu|Urshifu-Rapid-Strike, L50, F|100\/100\n|-fieldstart|move: Grassy Terrain|[from] ability: Grassy Surge|[of] p1a: Funky Kong\n|turn|5\n|\n|t:|1701140202\n|-terastallize|p2a: Urshifu|Water\n|-terastallize|p1b: Forehead|Bug\n|move|p1a: Funky Kong|Fake Out|p2a: Urshifu\n|-damage|p2a: Urshifu|87\/100\n|cant|p2a: Urshifu|flinch\n|move|p2b: Ludicolo|Ice Beam|p1a: Funky Kong\n|-supereffective|p1a: Funky Kong\n|-damage|p1a: Funky Kong|36\/100\n|-damage|p2b: Ludicolo|26\/100|[from] item: Life Orb\n|move|p1b: Forehead|X-Scissor|p2b: Ludicolo\n|-supereffective|p2b: Ludicolo\n|-damage|p2b: Ludicolo|0 fnt\n|faint|p2b: Ludicolo\n|\n|-weather|none\n|-heal|p2a: Urshifu|92\/100|[from] Grassy Terrain\n|-heal|p1a: Funky Kong|42\/100|[from] Grassy Terrain\n|upkeep\n|turn|6\n|\n|t:|1701140226\n|move|p1a: Funky Kong|Grassy Glide|p2a: Urshifu\n|-supereffective|p2a: Urshifu\n|-damage|p2a: Urshifu|17\/100\n|move|p1b: Forehead|Sucker Punch|p2a: Urshifu\n|-damage|p2a: Urshifu|0 fnt\n|faint|p2a: Urshifu\n|\n|win|Sketch Hero\n|c|\u2606Sketch Hero|gg\n|l|\u2606Thud124\n|l|\u2606Sketch Hero\n|j|\u2606Thud124\n|player|p2|Thud124|juan-gen3\n|l|\u2606Thud124\n|player|p2|\n|j|\u2606Sketch Hero\n|player|p1|Sketch Hero|red\n","uploadtime":1701141141,"views":10,"p1id":"sketchhero","p2id":"thud124","formatid":"gen9vgc2023regulatione","rating":0,"private":0,"password":""}