{"id":"gen9vgc2023regulatione-1993171892","p1":"Aki nakaha","p2":"flutter mange","format":"[Gen 9] VGC 2023 Regulation E","log":"|j|\u2606Aki nakaha\n|j|\u2606flutter mange\n|t:|1700273552\n|gametype|doubles\n|player|p1|Aki nakaha|iris-gen5bw2|1257\n|player|p2|flutter mange|dawn|1348\n|teamsize|p1|6\n|teamsize|p2|6\n|gen|9\n|tier|[Gen 9] VGC 2023 Regulation E\n|rated|\n|rule|Species Clause: Limit one of each Pok\u00e9mon\n|rule|Item Clause: Limit one of each item\n|clearpoke\n|poke|p1|Armarouge, L50, F|\n|poke|p1|Indeedee-F, L50, F|\n|poke|p1|Amoonguss, L50, M|\n|poke|p1|Glastrier, L50|\n|poke|p1|Urshifu-*, L50, F|\n|poke|p1|Sylveon, L50, F|\n|poke|p2|Iron Hands, L50|\n|poke|p2|Cresselia, L50, F|\n|poke|p2|Landorus-Therian, L50, M|\n|poke|p2|Heatran, L50, F|\n|poke|p2|Urshifu-*, L50, M|\n|poke|p2|Rillaboom, L50, F|\n|teampreview|4\n|inactive|Battle timer is ON: inactive players will automatically lose when time's up. (requested by flutter mange)\n|inactive|Aki nakaha has 60 seconds left.\n|\n|t:|1700273588\n|start\n|switch|p1a: Amoonguss|Amoonguss, L50, M|100\/100\n|switch|p1b: Armarouge|Armarouge, L50, F|100\/100\n|switch|p2a: Landorus|Landorus-Therian, L50, M|100\/100\n|switch|p2b: Cresselia|Cresselia, L50, F|100\/100\n|-ability|p2a: Landorus|Intimidate|boost\n|-unboost|p1a: Amoonguss|atk|1\n|-unboost|p1b: Armarouge|atk|1\n|turn|1\n|\n|t:|1700273611\n|-terastallize|p1b: Armarouge|Psychic\n|move|p2a: Landorus|U-turn|p1b: Armarouge\n|-supereffective|p1b: Armarouge\n|-damage|p1b: Armarouge|50\/100\n|\n|t:|1700273616\n|switch|p2a: Heatran|Heatran, L50, F|100\/100|[from] U-turn\n|move|p2b: Cresselia|Psychic|p1a: Amoonguss\n|-supereffective|p1a: Amoonguss\n|-damage|p1a: Amoonguss|56\/100\n|move|p1a: Amoonguss|Spore|p2b: Cresselia\n|-activate|p2b: Cresselia|item: Safety Goggles|Spore\n|move|p1b: Armarouge|Trick Room|p1b: Armarouge\n|-fieldstart|move: Trick Room|[of] p1b: Armarouge\n|\n|upkeep\n|turn|2\n|inactive|Aki nakaha has 30 seconds left.\n|\n|t:|1700273647\n|move|p1a: Amoonguss|Pollen Puff|p2a: Heatran\n|-resisted|p2a: Heatran\n|-damage|p2a: Heatran|97\/100\n|move|p1b: Armarouge|Expanding Force|p2a: Heatran\n|-resisted|p2a: Heatran\n|-damage|p2a: Heatran|74\/100\n|move|p2b: Cresselia|Lunar Blessing|p2b: Cresselia|[spread] p2a,p2b\n|-heal|p2a: Heatran|98\/100\n|move|p2a: Heatran|Substitute|p2a: Heatran\n|-start|p2a: Heatran|Substitute\n|-damage|p2a: Heatran|74\/100\n|\n|-heal|p2a: Heatran|80\/100|[from] item: Leftovers\n|upkeep\n|turn|3\n|\n|t:|1700273671\n|move|p1b: Armarouge|Wide Guard|p1b: Armarouge\n|-singleturn|p1b: Armarouge|Wide Guard\n|move|p1a: Amoonguss|Pollen Puff|p1b: Armarouge\n|-heal|p1b: Armarouge|99\/100\n|move|p2b: Cresselia|Psychic|p1a: Amoonguss\n|-supereffective|p1a: Amoonguss\n|-damage|p1a: Amoonguss|17\/100\n|-enditem|p1a: Amoonguss|Sitrus Berry|[eat]\n|-heal|p1a: Amoonguss|42\/100|[from] item: Sitrus Berry\n|move|p2a: Heatran|Earth Power|p1b: Armarouge\n|-damage|p1b: Armarouge|56\/100\n|\n|-heal|p2a: Heatran|86\/100|[from] item: Leftovers\n|upkeep\n|turn|4\n|inactive|Aki nakaha has 30 seconds left.\n|\n|t:|1700273699\n|switch|p1a: Glastrier|Glastrier, L50|100\/100\n|move|p1b: Armarouge|Expanding Force|p2a: Heatran\n|-resisted|p2a: Heatran\n|-activate|p2a: Heatran|move: Substitute|[damage]\n|move|p2b: Cresselia|Psychic|p1a: Glastrier\n|-damage|p1a: Glastrier|81\/100\n|move|p2a: Heatran|Earth Power|p1a: Glastrier\n|-damage|p1a: Glastrier|58\/100\n|\n|-heal|p2a: Heatran|92\/100|[from] item: Leftovers\n|upkeep\n|turn|5\n|\n|t:|1700273720\n|switch|p1b: Amoonguss|Amoonguss, L50, M|75\/100\n|move|p1a: Glastrier|Icicle Crash|p2b: Cresselia\n|-damage|p2b: Cresselia|67\/100\n|move|p2b: Cresselia|Psychic|p1a: Glastrier\n|-damage|p1a: Glastrier|38\/100\n|move|p2a: Heatran|Heat Wave|p1b: Amoonguss|[spread] p1b\n|-miss|p2a: Heatran|p1a: Glastrier\n|-supereffective|p1b: Amoonguss\n|-damage|p1b: Amoonguss|15\/100\n|\n|-heal|p2a: Heatran|98\/100|[from] item: Leftovers\n|-fieldend|move: Trick Room\n|upkeep\n|turn|6\n|\n|t:|1700273742\n|switch|p1b: Armarouge|Armarouge, L50, F, tera:Psychic|56\/100\n|move|p1a: Glastrier|Protect|p1a: Glastrier\n|-singleturn|p1a: Glastrier|Protect\n|move|p2a: Heatran|Heat Wave|p1b: Armarouge|[spread] \n|-activate|p1a: Glastrier|move: Protect\n|-start|p1b: Armarouge|ability: Flash Fire\n|move|p2b: Cresselia|Lunar Blessing||[still]|[spread] p2a,p2b\n|-fail|p2b: Cresselia\n|-heal|p2b: Cresselia|92\/100\n|\n|-heal|p2a: Heatran|100\/100|[from] item: Leftovers\n|upkeep\n|turn|7\n|\n|t:|1700273760\n|switch|p1a: Amoonguss|Amoonguss, L50, M|48\/100\n|move|p2a: Heatran|Heat Wave|p1a: Amoonguss|[spread] p1a\n|-immune|p1b: Armarouge|[from] ability: Flash Fire\n|-supereffective|p1a: Amoonguss\n|-damage|p1a: Amoonguss|0 fnt\n|faint|p1a: Amoonguss\n|move|p2b: Cresselia|Trick Room|p2b: Cresselia\n|-fieldstart|move: Trick Room|[of] p2b: Cresselia\n|move|p1b: Armarouge|Trick Room|p1b: Armarouge\n|-fieldend|move: Trick Room\n|\n|upkeep\n|\n|t:|1700273772\n|switch|p1a: Sylveon|Sylveon, L50, F|100\/100\n|turn|8\n|\n|t:|1700273779\n|move|p1a: Sylveon|Detect|p1a: Sylveon\n|-singleturn|p1a: Sylveon|Protect\n|move|p2a: Heatran|Earth Power|p1b: Armarouge\n|-damage|p1b: Armarouge|15\/100\n|move|p2b: Cresselia|Moonblast|p1b: Armarouge\n|-damage|p1b: Armarouge|0 fnt\n|faint|p1b: Armarouge\n|\n|upkeep\n|l|\u2606Aki nakaha\n|inactive|Aki nakaha disconnected and has a minute to reconnect!\n|player|p1|\n|inactive|Aki nakaha has 30 seconds left.\n|inactive|Aki nakaha has 20 seconds left.\n|inactive|Aki nakaha has 15 seconds left.\n|inactive|Aki nakaha has 10 seconds left.\n|inactive|Aki nakaha has 5 seconds left.\n|-message|Aki nakaha lost due to inactivity.\n|\n|win|flutter mange\n|raw|Aki nakaha's rating: 1257 &rarr; <strong>1238<\/strong><br \/>(-19 for losing)\n|raw|flutter mange's rating: 1348 &rarr; <strong>1363<\/strong><br \/>(+15 for winning)\n","uploadtime":1700273840,"views":16,"p1id":"akinakaha","p2id":"fluttermange","formatid":"gen9vgc2023regulatione","rating":1238,"private":0,"password":""}