{"id":"gen9vgc2023regulatione-1999329809","p1":"superinsaiyan18","p2":"Calmnic","format":"[Gen 9] VGC 2023 Regulation E","log":"|j|\u2606superinsaiyan18\n|j|\u2606Calmnic\n|t:|1701061311\n|gametype|doubles\n|player|p1|superinsaiyan18|guitarist|1372\n|player|p2|Calmnic|petrel|1277\n|teamsize|p1|6\n|teamsize|p2|6\n|gen|9\n|tier|[Gen 9] VGC 2023 Regulation E\n|rated|\n|rule|Species Clause: Limit one of each Pok\u00e9mon\n|rule|Item Clause: Limit one of each item\n|clearpoke\n|poke|p1|Goodra-Hisui, L50, M|\n|poke|p1|Ting-Lu, L50|\n|poke|p1|Sinistcha-Masterpiece, L50|\n|poke|p1|Ogerpon-Hearthflame, L50, F|\n|poke|p1|Spectrier, L50|\n|poke|p1|Grimmsnarl, L50, M|\n|poke|p2|Amoonguss, L50, M|\n|poke|p2|Tornadus, L50, M|\n|poke|p2|Iron Hands, L50|\n|poke|p2|Arcanine-Hisui, L50, M|\n|poke|p2|Gholdengo, L50|\n|poke|p2|Urshifu-*, L50, M|\n|teampreview|4\n|inactive|Battle timer is ON: inactive players will automatically lose when time's up. (requested by Calmnic)\n|inactive|superinsaiyan18 has 60 seconds left.\n|inactive|Calmnic has 60 seconds left.\n|inactive|Calmnic has 30 seconds left.\n|inactive|Calmnic has 20 seconds left.\n|\n|t:|1701061384\n|start\n|switch|p1a: Ogerpon|Ogerpon-Hearthflame, L50, F|100\/100\n|switch|p1b: Spectrier|Spectrier, L50|100\/100\n|switch|p2a: Tornadus|Tornadus, L50, M|100\/100\n|switch|p2b: Urshifu|Urshifu-Rapid-Strike, L50, M|100\/100\n|-ability|p1a: Ogerpon|Mold Breaker\n|turn|1\n|inactive|Calmnic has 30 seconds left.\n|\n|t:|1701061413\n|move|p2b: Urshifu|Detect|p2b: Urshifu\n|-singleturn|p2b: Urshifu|Protect\n|move|p1a: Ogerpon|Follow Me|p1a: Ogerpon\n|-singleturn|p1a: Ogerpon|move: Follow Me\n|move|p2a: Tornadus|Tailwind|p2a: Tornadus\n|-sidestart|p2: Calmnic|move: Tailwind\n|move|p1b: Spectrier|Nasty Plot|p1b: Spectrier\n|-boost|p1b: Spectrier|spa|2\n|\n|upkeep\n|turn|2\n|\n|t:|1701061436\n|switch|p2b: Iron Hands|Iron Hands, L50|100\/100\n|move|p1a: Ogerpon|Follow Me|p1a: Ogerpon\n|-singleturn|p1a: Ogerpon|move: Follow Me\n|move|p2a: Tornadus|Rain Dance|p2a: Tornadus\n|-weather|RainDance\n|move|p1b: Spectrier|Draining Kiss|p2b: Iron Hands\n|-supereffective|p2b: Iron Hands\n|-damage|p2b: Iron Hands|53\/100\n|\n|-weather|RainDance|[upkeep]\n|upkeep\n|turn|3\n|inactive|superinsaiyan18 has 30 seconds left.\n|\n|t:|1701061463\n|-terastallize|p1b: Spectrier|Fairy\n|move|p1a: Ogerpon|Spiky Shield|p1a: Ogerpon\n|-singleturn|p1a: Ogerpon|move: Protect\n|move|p2a: Tornadus|Bleakwind Storm|p1a: Ogerpon|[spread] p1b\n|-activate|p1a: Ogerpon|move: Protect\n|-damage|p1b: Spectrier|52\/100\n|-unboost|p1b: Spectrier|spe|1\n|move|p2b: Iron Hands|Drain Punch|p1a: Ogerpon\n|-activate|p1a: Ogerpon|move: Protect\n|-damage|p2b: Iron Hands|41\/100|[from] Spiky Shield|[of] p1a: Ogerpon\n|move|p1b: Spectrier|Draining Kiss|p2b: Iron Hands\n|-supereffective|p2b: Iron Hands\n|-damage|p2b: Iron Hands|0 fnt\n|-heal|p1b: Spectrier|98\/100|[from] drain|[of] p2b: Iron Hands\n|faint|p2b: Iron Hands\n|-end|p2b: Iron Hands|Quark Drive|[silent]\n|-ability|p1b: Spectrier|Grim Neigh|boost\n|-boost|p1b: Spectrier|spa|1\n|\n|-weather|RainDance|[upkeep]\n|upkeep\n|\n|t:|1701061479\n|switch|p2b: Urshifu|Urshifu-Rapid-Strike, L50, M|100\/100\n|turn|4\n|\n|t:|1701061485\n|move|p2b: Urshifu|Detect|p2b: Urshifu\n|-singleturn|p2b: Urshifu|Protect\n|move|p1a: Ogerpon|Follow Me|p1a: Ogerpon\n|-singleturn|p1a: Ogerpon|move: Follow Me\n|move|p2a: Tornadus|Bleakwind Storm|p1a: Ogerpon|[spread] p1a,p1b\n|-supereffective|p1a: Ogerpon\n|-damage|p1a: Ogerpon|6\/100\n|-damage|p1b: Spectrier|51\/100\n|move|p1b: Spectrier|Draining Kiss|p2b: Urshifu\n|-activate|p2b: Urshifu|move: Protect\n|\n|-weather|RainDance|[upkeep]\n|-sideend|p2: Calmnic|move: Tailwind\n|upkeep\n|turn|5\n|\n|t:|1701061502\n|move|p1a: Ogerpon|Follow Me|p1a: Ogerpon\n|-singleturn|p1a: Ogerpon|move: Follow Me\n|move|p2b: Urshifu|Aqua Jet|p1a: Ogerpon\n|-damage|p1a: Ogerpon|0 fnt\n|faint|p1a: Ogerpon\n|move|p2a: Tornadus|Bleakwind Storm|p1b: Spectrier\n|-damage|p1b: Spectrier|0 fnt\n|faint|p1b: Spectrier\n|\n|-weather|RainDance|[upkeep]\n|upkeep\n|\n|t:|1701061513\n|switch|p1b: Ting-Lu|Ting-Lu, L50|100\/100\n|switch|p1a: Goodra|Goodra-Hisui, L50, M|100\/100\n|-ability|p1b: Ting-Lu|Vessel of Ruin\n|turn|6\n|\n|t:|1701061524\n|-terastallize|p2b: Urshifu|Water\n|move|p2a: Tornadus|Tailwind|p2a: Tornadus\n|-sidestart|p2: Calmnic|move: Tailwind\n|move|p2b: Urshifu|Surging Strikes|p1b: Ting-Lu\n|-supereffective|p1b: Ting-Lu\n|-crit|p1b: Ting-Lu\n|-damage|p1b: Ting-Lu|31\/100\n|-supereffective|p1b: Ting-Lu\n|-crit|p1b: Ting-Lu\n|-damage|p1b: Ting-Lu|0 fnt\n|faint|p1b: Ting-Lu\n|-hitcount|p1: Ting-Lu|2\n|move|p1a: Goodra|Shelter|p1a: Goodra\n|-boost|p1a: Goodra|def|2\n|\n|-weather|none\n|upkeep\n|turn|7\n|\n|t:|1701061538\n|move|p2a: Tornadus|Rain Dance|p2a: Tornadus\n|-weather|RainDance\n|move|p2b: Urshifu|Surging Strikes|p1a: Goodra\n|-resisted|p1a: Goodra\n|-damage|p1a: Goodra|94\/100\n|-resisted|p1a: Goodra\n|-damage|p1a: Goodra|86\/100\n|-resisted|p1a: Goodra\n|-damage|p1a: Goodra|80\/100\n|-hitcount|p1a: Goodra|3\n|move|p1a: Goodra|Shelter|p1a: Goodra\n|-boost|p1a: Goodra|def|2\n|\n|-weather|RainDance|[upkeep]\n|-heal|p1a: Goodra|86\/100|[from] item: Leftovers\n|upkeep\n|turn|8\n|inactive|Calmnic has 30 seconds left.\n|\n|t:|1701061567\n|move|p2a: Tornadus|Bleakwind Storm|p1a: Goodra\n|-resisted|p1a: Goodra\n|-damage|p1a: Goodra|68\/100\n|move|p2b: Urshifu|Surging Strikes|p1a: Goodra\n|-resisted|p1a: Goodra\n|-damage|p1a: Goodra|63\/100\n|-resisted|p1a: Goodra\n|-damage|p1a: Goodra|58\/100\n|-resisted|p1a: Goodra\n|-damage|p1a: Goodra|54\/100\n|-hitcount|p1a: Goodra|3\n|move|p1a: Goodra|Shelter|p1a: Goodra\n|-boost|p1a: Goodra|def|2\n|\n|-weather|RainDance|[upkeep]\n|-heal|p1a: Goodra|60\/100|[from] item: Leftovers\n|upkeep\n|turn|9\n|inactive|Calmnic has 30 seconds left.\n|\n|t:|1701061594\n|move|p2a: Tornadus|Bleakwind Storm|p1a: Goodra\n|-resisted|p1a: Goodra\n|-damage|p1a: Goodra|42\/100\n|-unboost|p1a: Goodra|spe|1\n|move|p2b: Urshifu|Surging Strikes|p1a: Goodra\n|-resisted|p1a: Goodra\n|-damage|p1a: Goodra|38\/100\n|-resisted|p1a: Goodra\n|-damage|p1a: Goodra|35\/100\n|-resisted|p1a: Goodra\n|-damage|p1a: Goodra|31\/100\n|-hitcount|p1a: Goodra|3\n|move|p1a: Goodra|Body Press|p2b: Urshifu\n|-damage|p2b: Urshifu|3\/100\n|\n|-weather|RainDance|[upkeep]\n|-heal|p1a: Goodra|38\/100|[from] item: Leftovers\n|-sideend|p2: Calmnic|move: Tailwind\n|upkeep\n|turn|10\n|inactive|superinsaiyan18 has 30 seconds left.\n|inactive|Calmnic has 30 seconds left.\n|\n|t:|1701061624\n|move|p2a: Tornadus|Bleakwind Storm|p1a: Goodra\n|-resisted|p1a: Goodra\n|-damage|p1a: Goodra|20\/100\n|move|p2b: Urshifu|Close Combat|p1a: Goodra\n|-supereffective|p1a: Goodra\n|-damage|p1a: Goodra|0 fnt\n|-unboost|p2b: Urshifu|def|1\n|-unboost|p2b: Urshifu|spd|1\n|faint|p1a: Goodra\n|\n|win|Calmnic\n|raw|superinsaiyan18's rating: 1372 &rarr; <strong>1347<\/strong><br \/>(-25 for losing)\n|raw|Calmnic's rating: 1277 &rarr; <strong>1309<\/strong><br \/>(+32 for winning)\n","uploadtime":1701061636,"views":5,"p1id":"superinsaiyan18","p2id":"calmnic","formatid":"gen9vgc2023regulatione","rating":1309,"private":0,"password":""}