{"id":"gen9vgc2023regulatione-2000422787","p1":"LegacyShowden","p2":"lswagh","format":"[Gen 9] VGC 2023 Regulation E","log":"|j|\u2606LegacyShowden\n|j|\u2606lswagh\n|t:|1701193522\n|gametype|doubles\n|player|p1|LegacyShowden|rosa|1334\n|player|p2|lswagh|101|1257\n|teamsize|p1|6\n|teamsize|p2|6\n|gen|9\n|tier|[Gen 9] VGC 2023 Regulation E\n|rated|\n|rule|Species Clause: Limit one of each Pok\u00e9mon\n|rule|Item Clause: Limit one of each item\n|clearpoke\n|poke|p1|Landorus-Therian, L50, M|\n|poke|p1|Samurott-Hisui, L50, M|\n|poke|p1|Ogerpon-Hearthflame, L50, F|\n|poke|p1|Kommo-o, L50, M|\n|poke|p1|Gholdengo, L50|\n|poke|p1|Thundurus, L50, M|\n|poke|p2|Indeedee-F, L50, F|\n|poke|p2|Urshifu-*, L50, F|\n|poke|p2|Flutter Mane, L50|\n|poke|p2|Regieleki, L50|\n|poke|p2|Sneasler, L50, M|\n|poke|p2|Tornadus, L50, M|\n|teampreview|4\n|inactive|Battle timer is ON: inactive players will automatically lose when time's up. (requested by LegacyShowden)\n|inactive|lswagh has 60 seconds left.\n|\n|t:|1701193561\n|start\n|switch|p1a: Landorus|Landorus-Therian, L50, M|100\/100\n|switch|p1b: Thundurus|Thundurus, L50, M, shiny|100\/100\n|switch|p2a: Urshifu|Urshifu-Rapid-Strike, L50, F|100\/100\n|switch|p2b: Tornadus|Tornadus, L50, M|100\/100\n|-ability|p1a: Landorus|Intimidate|boost\n|-unboost|p2a: Urshifu|atk|1\n|-unboost|p2b: Tornadus|atk|1\n|turn|1\n|inactive|lswagh has 30 seconds left.\n|inactive|lswagh has 20 seconds left.\n|\n|t:|1701193598\n|switch|p1a: Gholdengo|Gholdengo, L50|100\/100\n|switch|p2b: Indeedee|Indeedee-F, L50, F|100\/100\n|-fieldstart|move: Psychic Terrain|[from] ability: Psychic Surge|[of] p2b: Indeedee\n|move|p1b: Thundurus|Thunder Wave|p2a: Urshifu\n|-activate|p2a: Urshifu|move: Psychic Terrain\n|move|p2a: Urshifu|Surging Strikes|p1a: Gholdengo\n|-crit|p1a: Gholdengo\n|-damage|p1a: Gholdengo|81\/100\n|-crit|p1a: Gholdengo\n|-damage|p1a: Gholdengo|62\/100\n|-crit|p1a: Gholdengo\n|-damage|p1a: Gholdengo|41\/100\n|-hitcount|p1a: Gholdengo|3\n|\n|upkeep\n|turn|2\n|\n|t:|1701193617\n|move|p2b: Indeedee|Helping Hand|p2a: Urshifu\n|-singleturn|p2a: Urshifu|Helping Hand|[of] p2b: Indeedee\n|move|p2a: Urshifu|Surging Strikes|p1a: Gholdengo\n|-crit|p1a: Gholdengo\n|-damage|p1a: Gholdengo|14\/100\n|-crit|p1a: Gholdengo\n|-damage|p1a: Gholdengo|0 fnt\n|faint|p1a: Gholdengo\n|-hitcount|p1: Gholdengo|2\n|move|p1b: Thundurus|Wildbolt Storm|p2b: Indeedee|[spread] p2a,p2b\n|-supereffective|p2a: Urshifu\n|-damage|p2a: Urshifu|0 fnt\n|-damage|p2b: Indeedee|65\/100\n|-status|p2b: Indeedee|par\n|faint|p2a: Urshifu\n|\n|upkeep\n|\n|t:|1701193633\n|switch|p2a: Sneasler|Sneasler, L50, M|100\/100\n|switch|p1a: Landorus|Landorus-Therian, L50, M|100\/100\n|-ability|p1a: Landorus|Intimidate|boost\n|-unboost|p2a: Sneasler|atk|1\n|-unboost|p2b: Indeedee|atk|1\n|-enditem|p2a: Sneasler|Psychic Seed\n|-boost|p2a: Sneasler|spd|1|[from] item: Psychic Seed\n|turn|3\n|\n|t:|1701193645\n|cant|p2b: Indeedee|par\n|move|p2a: Sneasler|Swords Dance|p2a: Sneasler\n|-boost|p2a: Sneasler|atk|2\n|move|p1a: Landorus|U-turn|p2b: Indeedee\n|-supereffective|p2b: Indeedee\n|-damage|p2b: Indeedee|14\/100 par\n|-damage|p1a: Landorus|84\/100|[from] item: Rocky Helmet|[of] p2b: Indeedee\n|\n|t:|1701193651\n|switch|p1a: Samurott|Samurott-Hisui, L50, M|100\/100|[from] U-turn\n|move|p1b: Thundurus|Wildbolt Storm|p2b: Indeedee|[spread] p2a,p2b\n|-damage|p2a: Sneasler|65\/100\n|-damage|p2b: Indeedee|0 fnt\n|faint|p2b: Indeedee\n|\n|upkeep\n|\n|t:|1701193661\n|switch|p2b: Tornadus|Tornadus, L50, M|100\/100\n|turn|4\n|\n|t:|1701193681\n|switch|p1a: Landorus|Landorus-Therian, L50, M|84\/100\n|-ability|p1a: Landorus|Intimidate|boost\n|-unboost|p2a: Sneasler|atk|1\n|-unboost|p2b: Tornadus|atk|1\n|move|p2a: Sneasler|Acrobatics|p1a: Landorus\n|-damage|p1a: Landorus|44\/100\n|move|p1b: Thundurus|Wildbolt Storm|p2a: Sneasler|[spread] p2a,p2b\n|-supereffective|p2b: Tornadus\n|-damage|p2a: Sneasler|33\/100\n|-damage|p2b: Tornadus|17\/100\n|-enditem|p2b: Tornadus|Sitrus Berry|[eat]\n|-heal|p2b: Tornadus|41\/100|[from] item: Sitrus Berry\n|move|p2b: Tornadus|Bleakwind Storm|p1b: Thundurus|[spread] p1b\n|-miss|p2b: Tornadus|p1a: Landorus\n|-resisted|p1b: Thundurus\n|-damage|p1b: Thundurus|80\/100\n|-unboost|p1b: Thundurus|spe|1\n|\n|upkeep\n|turn|5\n|inactive|lswagh has 30 seconds left.\n|inactive|lswagh has 20 seconds left.\n|\n|t:|1701193720\n|-terastallize|p2a: Sneasler|Flying\n|move|p1b: Thundurus|Taunt|p2b: Tornadus\n|-start|p2b: Tornadus|move: Taunt\n|move|p2a: Sneasler|Acrobatics|p1b: Thundurus\n|-resisted|p1b: Thundurus\n|-damage|p1b: Thundurus|41\/100\n|move|p1a: Landorus|Rock Slide|p2a: Sneasler|[spread] p2a,p2b\n|-supereffective|p2a: Sneasler\n|-supereffective|p2b: Tornadus\n|-damage|p2a: Sneasler|0 fnt\n|-damage|p2b: Tornadus|0 fnt\n|faint|p2a: Sneasler\n|faint|p2b: Tornadus\n|\n|win|LegacyShowden\n|raw|LegacyShowden's rating: 1334 &rarr; <strong>1350<\/strong><br \/>(+16 for winning)\n|raw|lswagh's rating: 1257 &rarr; <strong>1237<\/strong><br \/>(-20 for losing)\n","uploadtime":1701193731,"views":2,"p1id":"legacyshowden","p2id":"lswagh","formatid":"gen9vgc2023regulatione","rating":1237,"private":0,"password":""}