{"id":"gen9vgc2023regulatione-2000637763","p1":"JeromeMuskrat","p2":"holakix4","format":"[Gen 9] VGC 2023 Regulation E","log":"|j|\u2606JeromeMuskrat\n|j|\u2606holakix4\n|t:|1701213171\n|gametype|doubles\n|player|p1|JeromeMuskrat|169|1444\n|player|p2|holakix4|lucas|1366\n|teamsize|p1|6\n|teamsize|p2|6\n|gen|9\n|tier|[Gen 9] VGC 2023 Regulation E\n|rated|\n|rule|Species Clause: Limit one of each Pok\u00e9mon\n|rule|Item Clause: Limit one of each item\n|clearpoke\n|poke|p1|Illumise, L50, F|\n|poke|p1|Urshifu-*, L50, F|\n|poke|p1|Arcanine-Hisui, L50, M|\n|poke|p1|Flutter Mane, L50|\n|poke|p1|Ogerpon-Wellspring, L50, F|\n|poke|p1|Rillaboom, L50, F|\n|poke|p2|Roaring Moon, L50|\n|poke|p2|Gastrodon-East, L50, M|\n|poke|p2|Landorus-Therian, L50, M|\n|poke|p2|Iron Hands, L50|\n|poke|p2|Kingambit, L50, M|\n|poke|p2|Flutter Mane, L50|\n|teampreview|4\n|inactive|Battle timer is ON: inactive players will automatically lose when time's up. (requested by holakix4)\n|\n|t:|1701213224\n|start\n|switch|p1a: Illumise|Illumise, L50, F|100\/100\n|switch|p1b: Flutter Mane|Flutter Mane, L50|100\/100\n|switch|p2a: Iron Hands|Iron Hands, L50|100\/100\n|switch|p2b: Landorus|Landorus-Therian, L50, M|100\/100\n|-ability|p2b: Landorus|Intimidate|boost\n|-unboost|p1a: Illumise|atk|1\n|-unboost|p1b: Flutter Mane|atk|1\n|-enditem|p1b: Flutter Mane|Booster Energy\n|-activate|p1b: Flutter Mane|ability: Protosynthesis|[fromitem]\n|-start|p1b: Flutter Mane|protosynthesisspa\n|turn|1\n|\n|t:|1701213248\n|-terastallize|p2b: Landorus|Flying\n|move|p1b: Flutter Mane|Protect|p1b: Flutter Mane\n|-singleturn|p1b: Flutter Mane|Protect\n|move|p2a: Iron Hands|Fake Out|p1a: Illumise\n|-crit|p1a: Illumise\n|-damage|p1a: Illumise|75\/100\n|move|p1a: Illumise|Tailwind|p1a: Illumise\n|-sidestart|p1: JeromeMuskrat|move: Tailwind\n|move|p2b: Landorus|Tera Blast|p1a: Illumise|[anim] Tera Blast Flying\n|-supereffective|p1a: Illumise\n|-damage|p1a: Illumise|0 fnt\n|faint|p1a: Illumise\n|\n|upkeep\n|\n|t:|1701213265\n|switch|p1a: Rillaboom|Rillaboom, L50, F|100\/100\n|-fieldstart|move: Grassy Terrain|[from] ability: Grassy Surge|[of] p1a: Rillaboom\n|turn|2\n|inactive|holakix4 has 30 seconds left.\n|inactive|holakix4 has 20 seconds left.\n|\n|t:|1701213300\n|-end|p2a: Iron Hands|Quark Drive|[silent]\n|switch|p2a: Gastrodon|Gastrodon-East, L50, M|100\/100\n|-terastallize|p1b: Flutter Mane|Fairy\n|move|p1a: Rillaboom|Fake Out|p2a: Gastrodon\n|-damage|p2a: Gastrodon|87\/100\n|move|p1b: Flutter Mane|Moonblast|p2b: Landorus\n|-damage|p2b: Landorus|0 fnt\n|faint|p2b: Landorus\n|\n|-heal|p2a: Gastrodon|93\/100|[from] Grassy Terrain\n|upkeep\n|\n|t:|1701213311\n|switch|p2b: Iron Hands|Iron Hands, L50|100\/100\n|turn|3\n|\n|t:|1701213331\n|move|p1b: Flutter Mane|Protect|p1b: Flutter Mane\n|-singleturn|p1b: Flutter Mane|Protect\n|move|p1a: Rillaboom|Grassy Glide|p2a: Gastrodon\n|-supereffective|p2a: Gastrodon\n|-damage|p2a: Gastrodon|0 fnt\n|faint|p2a: Gastrodon\n|move|p2b: Iron Hands|Heavy Slam|p1b: Flutter Mane\n|-activate|p1b: Flutter Mane|move: Protect\n|\n|upkeep\n|\n|t:|1701213337\n|switch|p2a: Roaring Moon|Roaring Moon, L50, shiny|100\/100\n|-enditem|p2a: Roaring Moon|Booster Energy\n|-activate|p2a: Roaring Moon|ability: Protosynthesis|[fromitem]\n|-start|p2a: Roaring Moon|protosynthesisatk\n|turn|4\n|\n|t:|1701213347\n|move|p1b: Flutter Mane|Moonblast|p2b: Iron Hands\n|-supereffective|p2b: Iron Hands\n|-damage|p2b: Iron Hands|0 fnt\n|faint|p2b: Iron Hands\n|-end|p2b: Iron Hands|Quark Drive|[silent]\n|move|p1a: Rillaboom|Stomping Tantrum|p2a: Roaring Moon\n|-crit|p2a: Roaring Moon\n|-damage|p2a: Roaring Moon|55\/100\n|move|p2a: Roaring Moon|Acrobatics|p1a: Rillaboom\n|-supereffective|p1a: Rillaboom\n|-damage|p1a: Rillaboom|0 fnt\n|faint|p1a: Rillaboom\n|\n|-heal|p2a: Roaring Moon|61\/100|[from] Grassy Terrain\n|-sideend|p1: JeromeMuskrat|move: Tailwind\n|upkeep\n|\n|t:|1701213351\n|switch|p1a: Ogerpon|Ogerpon-Wellspring, L50, F|100\/100\n|turn|5\n|-message|holakix4 forfeited.\n|\n|win|JeromeMuskrat\n|raw|JeromeMuskrat's rating: 1444 &rarr; <strong>1460<\/strong><br \/>(+16 for winning)\n|raw|holakix4's rating: 1366 &rarr; <strong>1350<\/strong><br \/>(-16 for losing)\n","uploadtime":1701213361,"views":14,"p1id":"jeromemuskrat","p2id":"holakix4","formatid":"gen9vgc2023regulatione","rating":1350,"private":0,"password":""}