{"id":"gen9vgc2023regulatione-1995157847","p1":"binasProsta","p2":"suffyrin","format":"[Gen 9] VGC 2023 Regulation E","log":"|j|\u2606binasProsta\n|j|\u2606suffyrin\n|n|\u2606binasProsta|binasprosta\n|n|\u2606suffyrin|suffyrin\n|html|View the match progress at <a href=\"\/game-bestof3-gen9vgc2023regulatione-1995157846\">game-bestof3-gen9vgc2023regulatione-1995157846<\/a>\n|t:|1700529035\n|gametype|doubles\n|player|p1|binasProsta|hilbert|\n|player|p2|suffyrin|169|\n|teamsize|p1|6\n|teamsize|p2|6\n|gen|9\n|tier|[Gen 9] VGC 2023 Regulation E\n|rule|Species Clause: Limit one of each Pok\u00e9mon\n|rule|Item Clause: Limit one of each item\n|clearpoke\n|poke|p1|Ninetales-Alola, L50, F|\n|poke|p1|Iron Bundle, L50|\n|poke|p1|Iron Hands, L50|\n|poke|p1|Heatran, L50, M|\n|poke|p1|Landorus-Therian, L50, M|\n|poke|p1|Amoonguss, L50, F|\n|poke|p2|Ogerpon-Wellspring, L50, F|\n|poke|p2|Heatran, L50, F|\n|poke|p2|Chien-Pao, L50|\n|poke|p2|Amoonguss, L50, M|\n|poke|p2|Landorus-Therian, L50, M|\n|poke|p2|Iron Hands, L50|\n|teampreview|4\n|inactive|Battle timer is ON: inactive players will automatically lose when time's up. (requested by binasProsta)\nsuffyrin has agreed to open team sheets.\nbinasProsta has agreed to open team sheets.\n|showteam|p1|Ninetales-Alola||LightClay|SnowWarning|AuroraVeil,IcyWind,Moonblast,Protect|||F|||50|,,,,,Water]Iron Bundle||BoosterEnergy|QuarkDrive|Blizzard,FreezeDry,HydroPump,Protect||||||50|,,,,,Ghost]Iron Hands||AssaultVest|QuarkDrive|FakeOut,WildCharge,HeavySlam,DrainPunch||||||50|,,,,,Grass]Heatran||LifeOrb|FlashFire|FlashCannon,HeatWave,EarthPower,Protect|||M|||50|,,,,,Fairy]Landorus-Therian||ChoiceScarf|Intimidate|StompingTantrum,TeraBlast,Uturn,RockSlide|||M|||50|,,,,,Flying]Amoonguss||RockyHelmet|Regenerator|Spore,RagePowder,PollenPuff,Protect|||F|||50|,,,,,Water\n|showteam|p2|Ogerpon-Wellspring||WellspringMask|WaterAbsorb|IvyCudgel,HornLeech,SpikyShield,FollowMe|||F|||50|,,,,,Water]Heatran||LifeOrb|FlashFire|HeatWave,EarthPower,Protect,FlashCannon|||F|||50|,,,,,Fairy]Chien-Pao||FocusSash|SwordofRuin|IceSpinner,Protect,LashOut,SuckerPunch||||||50|,,,,,Ghost]Amoonguss||SitrusBerry|Regenerator|Spore,RagePowder,Protect,PollenPuff|||M|||50|,,,,,Water]Landorus-Therian||ChoiceScarf|Intimidate|StompingTantrum,RockSlide,Uturn,TeraBlast|||M|||50|,,,,,Flying]Iron Hands||AssaultVest|QuarkDrive|WildCharge,VoltSwitch,DrainPunch,FakeOut||||||50|,,,,,Fire\n|c|\u2606suffyrin|salve mano\n|c|\u2606suffyrin|bom jogo ai cara\n|c|\u2606binasProsta|salve\n|c|\u2606binasProsta|gl hf\n|inactive|binasProsta has 30 seconds left.\n|inactive|suffyrin has 30 seconds left.\n|inactive|binasProsta has 20 seconds left.\n|inactive|suffyrin has 20 seconds left.\n|inactiveoff|Battle timer is now OFF.\n|\n|t:|1700529110\n|start\n|switch|p1a: Ninetales|Ninetales-Alola, L50, F|100\/100\n|switch|p1b: Iron Bundle|Iron Bundle, L50, shiny|100\/100\n|switch|p2a: Heatran|Heatran, L50, F|100\/100\n|switch|p2b: Iron Hands|Iron Hands, L50|100\/100\n|-weather|Snow|[from] ability: Snow Warning|[of] p1a: Ninetales\n|-enditem|p1b: Iron Bundle|Booster Energy\n|-activate|p1b: Iron Bundle|ability: Quark Drive|[fromitem]\n|-start|p1b: Iron Bundle|quarkdrivespa\n|turn|1\n|\n|t:|1700529154\n|-terastallize|p2a: Heatran|Fairy\n|move|p1b: Iron Bundle|Protect|p1b: Iron Bundle\n|-singleturn|p1b: Iron Bundle|Protect\n|move|p1a: Ninetales|Protect|p1a: Ninetales\n|-singleturn|p1a: Ninetales|Protect\n|move|p2a: Heatran|Heat Wave|p1b: Iron Bundle|[spread] \n|-activate|p1a: Ninetales|move: Protect\n|-activate|p1b: Iron Bundle|move: Protect\n|move|p2b: Iron Hands|Volt Switch|p1b: Iron Bundle\n|-activate|p1b: Iron Bundle|move: Protect\n|\n|-weather|Snow|[upkeep]\n|upkeep\n|turn|2\n|\n|t:|1700529187\n|move|p2a: Heatran|Protect|p2a: Heatran\n|-singleturn|p2a: Heatran|Protect\n|move|p1b: Iron Bundle|Hydro Pump|p2a: Heatran\n|-activate|p2a: Heatran|move: Protect\n|move|p1a: Ninetales|Aurora Veil|p1a: Ninetales\n|-sidestart|p1: binasProsta|move: Aurora Veil\n|move|p2b: Iron Hands|Drain Punch|p1b: Iron Bundle\n|-supereffective|p1b: Iron Bundle\n|-damage|p1b: Iron Bundle|63\/100\n|\n|-weather|Snow|[upkeep]\n|upkeep\n|turn|3\n|\n|t:|1700529218\n|move|p1b: Iron Bundle|Protect|p1b: Iron Bundle\n|-singleturn|p1b: Iron Bundle|Protect\n|move|p1a: Ninetales|Moonblast|p2a: Heatran\n|-damage|p2a: Heatran|72\/100\n|move|p2a: Heatran|Heat Wave|p1b: Iron Bundle|[spread] \n|-activate|p1b: Iron Bundle|move: Protect\n|-miss|p2a: Heatran|p1a: Ninetales\n|move|p2b: Iron Hands|Wild Charge|p1b: Iron Bundle\n|-activate|p1b: Iron Bundle|move: Protect\n|\n|-weather|Snow|[upkeep]\n|upkeep\n|turn|4\n|\n|t:|1700529232\n|-end|p1b: Iron Bundle|Quark Drive|[silent]\n|switch|p1b: Landorus|Landorus-Therian, L50, M|100\/100\n|-ability|p1b: Landorus|Intimidate|boost\n|-unboost|p2a: Heatran|atk|1\n|-unboost|p2b: Iron Hands|atk|1\n|move|p1a: Ninetales|Moonblast|p2a: Heatran\n|-damage|p2a: Heatran|46\/100\n|-unboost|p2a: Heatran|spa|1\n|move|p2a: Heatran|Heat Wave|p1a: Ninetales|[spread] p1a,p1b\n|-supereffective|p1a: Ninetales\n|-damage|p1a: Ninetales|53\/100\n|-damage|p1b: Landorus|73\/100\n|-damage|p2a: Heatran|37\/100|[from] item: Life Orb\n|move|p2b: Iron Hands|Wild Charge|p1b: Landorus\n|-immune|p1b: Landorus\n|\n|-weather|Snow|[upkeep]\n|upkeep\n|turn|5\n|\n|t:|1700529277\n|move|p1b: Landorus|U-turn|p2a: Heatran\n|-resisted|p2a: Heatran\n|-damage|p2a: Heatran|24\/100\n|\n|t:|1700529283\n|switch|p1b: Amoonguss|Amoonguss, L50, F|100\/100|[from] U-turn\n|move|p1a: Ninetales|Moonblast|p2a: Heatran\n|-damage|p2a: Heatran|0 fnt\n|faint|p2a: Heatran\n|move|p2b: Iron Hands|Volt Switch|p1a: Ninetales\n|-damage|p1a: Ninetales|44\/100\n|\n|t:|1700529295\n|-end|p2b: Iron Hands|Quark Drive|[silent]\n|switch|p2b: Landorus|Landorus-Therian, L50, M|100\/100|[from] Volt Switch\n|-ability|p2b: Landorus|Intimidate|boost\n|-unboost|p1a: Ninetales|atk|1\n|-unboost|p1b: Amoonguss|atk|1\n|\n|-weather|none\n|upkeep\n|\n|t:|1700529304\n|switch|p2a: Iron Hands|Iron Hands, L50|100\/100\n|turn|6\n|\n|t:|1700529321\n|switch|p2b: Amoonguss|Amoonguss, L50, M|100\/100\n|switch|p1a: Landorus|Landorus-Therian, L50, M|73\/100\n|-ability|p1a: Landorus|Intimidate|boost\n|-unboost|p2a: Iron Hands|atk|1\n|-unboost|p2b: Amoonguss|atk|1\n|move|p2a: Iron Hands|Wild Charge|p1a: Landorus\n|-immune|p1a: Landorus\n|move|p1b: Amoonguss|Spore|p2b: Amoonguss\n|-immune|p2b: Amoonguss\n|\n|upkeep\n|turn|7\n|\n|t:|1700529344\n|-end|p2a: Iron Hands|Quark Drive|[silent]\n|switch|p2a: Landorus|Landorus-Therian, L50, M|100\/100\n|-ability|p2a: Landorus|Intimidate|boost\n|-unboost|p1a: Landorus|atk|1\n|-unboost|p1b: Amoonguss|atk|1\n|-terastallize|p1a: Landorus|Flying\n|move|p1a: Landorus|Tera Blast|p2b: Amoonguss|[anim] Tera Blast Flying\n|-supereffective|p2b: Amoonguss\n|-damage|p2b: Amoonguss|33\/100\n|-enditem|p2b: Amoonguss|Sitrus Berry|[eat]\n|-heal|p2b: Amoonguss|58\/100|[from] item: Sitrus Berry\n|move|p1b: Amoonguss|Spore|p2a: Landorus\n|-status|p2a: Landorus|slp|[from] move: Spore\n|move|p2b: Amoonguss|Spore|p1a: Landorus\n|-status|p1a: Landorus|slp|[from] move: Spore\n|\n|upkeep\n|turn|8\n|\n|t:|1700529355\n|switch|p2b: Iron Hands|Iron Hands, L50|100\/100\n|cant|p1a: Landorus|slp\n|cant|p2a: Landorus|slp\n|move|p1b: Amoonguss|Pollen Puff|p1a: Landorus\n|-heal|p1a: Landorus|100\/100 slp\n|\n|upkeep\n|turn|9\n|\n|t:|1700529367\n|switch|p1a: Ninetales|Ninetales-Alola, L50, F|44\/100\n|-weather|Snow|[from] ability: Snow Warning|[of] p1a: Ninetales\n|cant|p2a: Landorus|slp\n|move|p2b: Iron Hands|Volt Switch|p1a: Ninetales\n|-damage|p1a: Ninetales|35\/100\n|\n|t:|1700529375\n|-end|p2b: Iron Hands|Quark Drive|[silent]\n|switch|p2b: Amoonguss|Amoonguss, L50, M|91\/100|[from] Volt Switch\n|move|p1b: Amoonguss|Spore|p2b: Amoonguss\n|-immune|p2b: Amoonguss\n|\n|-weather|Snow|[upkeep]\n|-sideend|p1: binasProsta|move: Aurora Veil\n|upkeep\n|turn|10\n|\n|t:|1700529396\n|switch|p2b: Iron Hands|Iron Hands, L50|100\/100\n|cant|p2a: Landorus|slp\n|move|p1a: Ninetales|Aurora Veil|p1a: Ninetales\n|-sidestart|p1: binasProsta|move: Aurora Veil\n|move|p1b: Amoonguss|Pollen Puff|p1a: Ninetales\n|-heal|p1a: Ninetales|85\/100\n|\n|-weather|Snow|[upkeep]\n|upkeep\n|turn|11\n|\n|t:|1700529407\n|move|p2b: Iron Hands|Fake Out|p1a: Ninetales\n|-damage|p1a: Ninetales|77\/100\n|-curestatus|p2a: Landorus|slp|[msg]\n|move|p2a: Landorus|Rock Slide|p1a: Ninetales|[spread] p1a,p1b\n|-supereffective|p1a: Ninetales\n|-damage|p1a: Ninetales|54\/100\n|-damage|p1b: Amoonguss|90\/100\n|cant|p1a: Ninetales|flinch\n|move|p1b: Amoonguss|Spore|p2a: Landorus\n|-status|p2a: Landorus|slp|[from] move: Spore\n|\n|-weather|Snow|[upkeep]\n|upkeep\n|turn|12\n|\n|t:|1700529423\n|switch|p2a: Amoonguss|Amoonguss, L50, M|100\/100\n|move|p1a: Ninetales|Moonblast|p2b: Iron Hands\n|-supereffective|p2b: Iron Hands\n|-damage|p2b: Iron Hands|73\/100\n|-unboost|p2b: Iron Hands|spa|1\n|move|p2b: Iron Hands|Volt Switch|p1a: Ninetales\n|-damage|p1a: Ninetales|48\/100\n|\n|t:|1700529431\n|-end|p2b: Iron Hands|Quark Drive|[silent]\n|switch|p2b: Landorus|Landorus-Therian, L50, M|100\/100 slp|[from] Volt Switch\n|-ability|p2b: Landorus|Intimidate|boost\n|-unboost|p1a: Ninetales|atk|1\n|-unboost|p1b: Amoonguss|atk|1\n|move|p1b: Amoonguss|Pollen Puff|p1a: Ninetales\n|-heal|p1a: Ninetales|98\/100\n|\n|-weather|Snow|[upkeep]\n|upkeep\n|turn|13\n|\n|t:|1700529443\n|switch|p2b: Iron Hands|Iron Hands, L50|73\/100\n|move|p1a: Ninetales|Icy Wind|p2b: Iron Hands|[spread] p2a,p2b\n|-supereffective|p2a: Amoonguss\n|-damage|p2a: Amoonguss|79\/100\n|-damage|p2b: Iron Hands|68\/100\n|-unboost|p2a: Amoonguss|spe|1\n|-unboost|p2b: Iron Hands|spe|1\n|move|p1b: Amoonguss|Pollen Puff|p2b: Iron Hands\n|-resisted|p2b: Iron Hands\n|-crit|p2b: Iron Hands\n|-damage|p2b: Iron Hands|61\/100\n|move|p2a: Amoonguss|Pollen Puff|p2b: Iron Hands\n|-heal|p2b: Iron Hands|100\/100\n|\n|-weather|none\n|upkeep\n|turn|14\n|\n|t:|1700529473\n|-end|p2b: Iron Hands|Quark Drive|[silent]\n|switch|p2b: Landorus|Landorus-Therian, L50, M|100\/100 slp\n|-ability|p2b: Landorus|Intimidate|boost\n|-unboost|p1a: Ninetales|atk|1\n|-unboost|p1b: Amoonguss|atk|1\n|move|p1a: Ninetales|Icy Wind|p2a: Amoonguss|[spread] p2a,p2b\n|-supereffective|p2a: Amoonguss\n|-supereffective|p2b: Landorus\n|-damage|p2a: Amoonguss|56\/100\n|-damage|p2b: Landorus|41\/100 slp\n|-unboost|p2a: Amoonguss|spe|1\n|-unboost|p2b: Landorus|spe|1\n|move|p1b: Amoonguss|Spore|p2b: Landorus\n|-fail|p2b: Landorus|slp\n|move|p2a: Amoonguss|Spore|p1a: Ninetales\n|-status|p1a: Ninetales|slp|[from] move: Spore\n|\n|upkeep\n|turn|15\n|\n|t:|1700529487\n|cant|p1a: Ninetales|slp\n|cant|p2b: Landorus|slp\n|move|p1b: Amoonguss|Spore|p2b: Landorus\n|-fail|p2b: Landorus|slp\n|move|p2a: Amoonguss|Pollen Puff|p2b: Landorus\n|-heal|p2b: Landorus|91\/100 slp\n|\n|upkeep\n|turn|16\n|\n|t:|1700529500\n|switch|p2a: Iron Hands|Iron Hands, L50|100\/100\n|cant|p1a: Ninetales|slp\n|-curestatus|p2b: Landorus|slp|[msg]\n|move|p2b: Landorus|Rock Slide|p1a: Ninetales|[spread] p1a,p1b\n|-supereffective|p1a: Ninetales\n|-damage|p1a: Ninetales|63\/100 slp\n|-damage|p1b: Amoonguss|78\/100\n|move|p1b: Amoonguss|Spore|p2a: Iron Hands\n|-status|p2a: Iron Hands|slp|[from] move: Spore\n|\n|upkeep\n|turn|17\n|\n|t:|1700529518\n|switch|p1a: Iron Bundle|Iron Bundle, L50, shiny|63\/100\n|switch|p2b: Amoonguss|Amoonguss, L50, M|89\/100\n|cant|p2a: Iron Hands|slp\n|move|p1b: Amoonguss|Pollen Puff|p1a: Iron Bundle\n|-heal|p1a: Iron Bundle|100\/100\n|\n|-sideend|p1: binasProsta|move: Aurora Veil\n|upkeep\n|turn|18\n|\n|t:|1700529533\n|move|p2b: Amoonguss|Protect|p2b: Amoonguss\n|-singleturn|p2b: Amoonguss|Protect\n|move|p1a: Iron Bundle|Freeze-Dry|p2b: Amoonguss\n|-activate|p2b: Amoonguss|move: Protect\n|cant|p2a: Iron Hands|slp\n|move|p1b: Amoonguss|Spore|p2a: Iron Hands\n|-fail|p2a: Iron Hands|slp\n|\n|upkeep\n|turn|19\n|\n|t:|1700529547\n|switch|p1b: Ninetales|Ninetales-Alola, L50, F|63\/100 slp\n|-weather|Snow|[from] ability: Snow Warning|[of] p1b: Ninetales\n|move|p1a: Iron Bundle|Blizzard|p2a: Iron Hands|[spread] p2a,p2b\n|-supereffective|p2b: Amoonguss\n|-damage|p2a: Iron Hands|81\/100 slp\n|-damage|p2b: Amoonguss|18\/100\n|cant|p2a: Iron Hands|slp\n|move|p2b: Amoonguss|Spore|p1a: Iron Bundle\n|-status|p1a: Iron Bundle|slp|[from] move: Spore\n|\n|-weather|Snow|[upkeep]\n|upkeep\n|turn|20\n|\n|t:|1700529562\n|-end|p1a: Iron Bundle|Quark Drive|[silent]\n|switch|p1a: Amoonguss|Amoonguss, L50, F|100\/100\n|switch|p2b: Landorus|Landorus-Therian, L50, M|91\/100\n|-ability|p2b: Landorus|Intimidate|boost\n|-unboost|p1a: Amoonguss|atk|1\n|-unboost|p1b: Ninetales|atk|1\n|-curestatus|p1b: Ninetales|slp|[msg]\n|move|p1b: Ninetales|Icy Wind|p2a: Iron Hands|[spread] p2a,p2b\n|-supereffective|p2b: Landorus\n|-damage|p2a: Iron Hands|76\/100 slp\n|-damage|p2b: Landorus|35\/100\n|-unboost|p2a: Iron Hands|spe|1\n|-unboost|p2b: Landorus|spe|1\n|-curestatus|p2a: Iron Hands|slp|[msg]\n|move|p2a: Iron Hands|Drain Punch|p1a: Amoonguss\n|-resisted|p1a: Amoonguss\n|-damage|p1a: Amoonguss|84\/100\n|-heal|p2a: Iron Hands|83\/100|[from] drain|[of] p1a: Amoonguss\n|-damage|p2a: Iron Hands|67\/100|[from] item: Rocky Helmet|[of] p1a: Amoonguss\n|\n|-weather|Snow|[upkeep]\n|upkeep\n|turn|21\n|\n|t:|1700529583\n|switch|p2b: Amoonguss|Amoonguss, L50, M|51\/100\n|move|p1b: Ninetales|Icy Wind|p2a: Iron Hands|[spread] p2a,p2b\n|-supereffective|p2b: Amoonguss\n|-damage|p2a: Iron Hands|60\/100\n|-damage|p2b: Amoonguss|29\/100\n|-unboost|p2a: Iron Hands|spe|1\n|-unboost|p2b: Amoonguss|spe|1\n|move|p1a: Amoonguss|Spore|p2a: Iron Hands\n|-status|p2a: Iron Hands|slp|[from] move: Spore\n|cant|p2a: Iron Hands|slp\n|\n|-weather|Snow|[upkeep]\n|upkeep\n|turn|22\n|\n|t:|1700529609\n|move|p2b: Amoonguss|Protect|p2b: Amoonguss\n|-singleturn|p2b: Amoonguss|Protect\n|move|p1b: Ninetales|Icy Wind|p2a: Iron Hands|[spread] p2a\n|-activate|p2b: Amoonguss|move: Protect\n|-crit|p2a: Iron Hands\n|-damage|p2a: Iron Hands|52\/100 slp\n|-unboost|p2a: Iron Hands|spe|1\n|move|p1a: Amoonguss|Pollen Puff|p2b: Amoonguss\n|-activate|p2b: Amoonguss|move: Protect\n|cant|p2a: Iron Hands|slp\n|\n|-weather|Snow|[upkeep]\n|upkeep\n|turn|23\n|\n|t:|1700529630\n|move|p1b: Ninetales|Moonblast|p2a: Iron Hands\n|-supereffective|p2a: Iron Hands\n|-damage|p2a: Iron Hands|24\/100 slp\n|move|p1a: Amoonguss|Pollen Puff|p1b: Ninetales\n|-heal|p1b: Ninetales|100\/100\n|cant|p2a: Iron Hands|slp\n|move|p2b: Amoonguss|Pollen Puff|p2a: Iron Hands\n|-heal|p2a: Iron Hands|74\/100 slp\n|\n|-weather|none\n|upkeep\n|turn|24\n|\n|t:|1700529647\n|move|p2b: Amoonguss|Protect|p2b: Amoonguss\n|-singleturn|p2b: Amoonguss|Protect\n|move|p1b: Ninetales|Icy Wind|p2b: Amoonguss|[spread] p2a\n|-activate|p2b: Amoonguss|move: Protect\n|-damage|p2a: Iron Hands|69\/100 slp\n|-unboost|p2a: Iron Hands|spe|1\n|move|p1a: Amoonguss|Spore|p2a: Iron Hands\n|-fail|p2a: Iron Hands|slp\n|-curestatus|p2a: Iron Hands|slp|[msg]\n|move|p2a: Iron Hands|Volt Switch|p1b: Ninetales\n|-damage|p1b: Ninetales|87\/100\n|\n|t:|1700529659\n|-end|p2a: Iron Hands|Quark Drive|[silent]\n|switch|p2a: Landorus|Landorus-Therian, L50, M|35\/100|[from] Volt Switch\n|-ability|p2a: Landorus|Intimidate|boost\n|-unboost|p1a: Amoonguss|atk|1\n|-unboost|p1b: Ninetales|atk|1\n|\n|upkeep\n|turn|25\n|\n|t:|1700529667\n|move|p2a: Landorus|Rock Slide|p1a: Amoonguss|[spread] p1a,p1b\n|-supereffective|p1b: Ninetales\n|-damage|p1a: Amoonguss|65\/100\n|-damage|p1b: Ninetales|40\/100\n|move|p1b: Ninetales|Icy Wind|p2a: Landorus|[spread] p2a,p2b\n|-supereffective|p2a: Landorus\n|-supereffective|p2b: Amoonguss\n|-damage|p2a: Landorus|0 fnt\n|-damage|p2b: Amoonguss|7\/100\n|-unboost|p2b: Amoonguss|spe|1\n|faint|p2a: Landorus\n|move|p1a: Amoonguss|Spore|p2b: Amoonguss\n|-immune|p2b: Amoonguss\n|move|p2b: Amoonguss|Pollen Puff|p2: Landorus|[notarget]\n|-fail|p2b: Amoonguss\n|\n|upkeep\n|c|\u2606binasProsta|mds\n|c|\u2606binasProsta|ahahahha\n|c|\u2606binasProsta|acaba logo isso\n|c|\u2606suffyrin|nossa eu dormi de mais\n|c|\u2606suffyrin|se tivesse acorcda uns turnos antes\n|c|\u2606binasProsta|partida mais longa da vida\n|-message|suffyrin forfeited.\n|\n|win|binasProsta\n|l|\u2606suffyrin\n|c|&|\/uhtml prompt-suffyrin,suffyrin is ready for game 2!\n|c|\u2606binasProsta|hahaahha\n|c|\u2606binasProsta|wp\n|c|&|\/uhtml prompt-binasprosta,binasProsta is ready for game 2!\nBoth players are ready! Starting next match!\n|j|\u2606suffyrin\n|player|p2|suffyrin|169\n|l|\u2606binasProsta\n","uploadtime":1700530648,"views":14,"p1id":"binasprosta","p2id":"suffyrin","formatid":"gen9vgc2023regulatione","rating":0,"private":0,"password":""}