{"id":"gen9vgc2023regulatione-1996458935","p1":"dambro222","p2":"wu1fan","format":"[Gen 9] VGC 2023 Regulation E","log":"|j|\u2606dambro222\n|j|\u2606wu1fan\n|t:|1700684022\n|gametype|doubles\n|player|p1|dambro222|lucas|1126\n|player|p2|wu1fan|102|1218\n|teamsize|p1|6\n|teamsize|p2|6\n|gen|9\n|tier|[Gen 9] VGC 2023 Regulation E\n|rated|\n|rule|Species Clause: Limit one of each Pok\u00e9mon\n|rule|Item Clause: Limit one of each item\n|clearpoke\n|poke|p1|Glastrier, L50|\n|poke|p1|Cresselia, L50, F|\n|poke|p1|Urshifu-*, L50, F|\n|poke|p1|Tornadus, L50, M|\n|poke|p1|Iron Hands, L50|\n|poke|p1|Heatran, L50, F|\n|poke|p2|Arcanine-Hisui, L50, F|\n|poke|p2|Baxcalibur, L50, M|\n|poke|p2|Ninetales-Alola, L50, F|\n|poke|p2|Ogerpon-Wellspring, L50, F|\n|poke|p2|Iron Hands, L50|\n|poke|p2|Flutter Mane, L50|\n|teampreview|4\n|\n|t:|1700684059\n|start\n|switch|p1a: Glastrier|Glastrier, L50|100\/100\n|switch|p1b: Cresselia|Cresselia, L50, F|100\/100\n|switch|p2a: Arcanine|Arcanine-Hisui, L50, F|100\/100\n|switch|p2b: Flutter Mane|Flutter Mane, L50|100\/100\n|-ability|p2a: Arcanine|Intimidate|boost\n|-unboost|p1a: Glastrier|atk|1\n|-unboost|p1b: Cresselia|atk|1\n|-enditem|p2b: Flutter Mane|Booster Energy\n|-activate|p2b: Flutter Mane|ability: Protosynthesis|[fromitem]\n|-start|p2b: Flutter Mane|protosynthesisspe\n|turn|1\n|\n|t:|1700684082\n|switch|p1a: Heatran|Heatran, L50, F|100\/100\n|-terastallize|p2a: Arcanine|Grass\n|move|p2b: Flutter Mane|Dark Pulse|p1b: Cresselia\n|-supereffective|p1b: Cresselia\n|-damage|p1b: Cresselia|74\/100\n|move|p2a: Arcanine|Rock Slide|p1a: Heatran|[spread] p1a,p1b\n|-damage|p1a: Heatran|69\/100\n|-damage|p1b: Cresselia|42\/100\n|cant|p1b: Cresselia|flinch\n|\n|upkeep\n|turn|2\n|\n|t:|1700684104\n|move|p2b: Flutter Mane|Dark Pulse|p1a: Heatran\n|-damage|p1a: Heatran|43\/100\n|move|p2a: Arcanine|Rock Slide|p1a: Heatran|[spread] p1a,p1b\n|-damage|p1a: Heatran|9\/100\n|-damage|p1b: Cresselia|9\/100\n|cant|p1a: Heatran|flinch\n|move|p1b: Cresselia|Trick Room|p1b: Cresselia\n|-fieldstart|move: Trick Room|[of] p1b: Cresselia\n|\n|upkeep\n|turn|3\n|\n|t:|1700684122\n|switch|p2a: Iron Hands|Iron Hands, L50|100\/100\n|move|p1a: Heatran|Protect|p1a: Heatran\n|-singleturn|p1a: Heatran|Protect\n|move|p2b: Flutter Mane|Protect|p2b: Flutter Mane\n|-singleturn|p2b: Flutter Mane|Protect\n|move|p1b: Cresselia|Lunar Blessing|p1b: Cresselia|[spread] p1a,p1b\n|-heal|p1a: Heatran|34\/100\n|-heal|p1b: Cresselia|34\/100\n|\n|upkeep\n|turn|4\n|\n|t:|1700684145\n|move|p2a: Iron Hands|Fake Out|p1a: Heatran\n|-resisted|p1a: Heatran\n|-damage|p1a: Heatran|28\/100\n|move|p1b: Cresselia|Lunar Blessing|p1b: Cresselia|[spread] p1a,p1b\n|-heal|p1a: Heatran|53\/100\n|-heal|p1b: Cresselia|60\/100\n|cant|p1a: Heatran|flinch\n|move|p2b: Flutter Mane|Dark Pulse|p1b: Cresselia\n|-supereffective|p1b: Cresselia\n|-damage|p1b: Cresselia|34\/100\n|\n|upkeep\n|turn|5\n|\n|t:|1700684190\n|-end|p2b: Flutter Mane|Protosynthesis|[silent]\n|switch|p2b: Ogerpon|Ogerpon-Wellspring, L50, F|100\/100\n|move|p2a: Iron Hands|Drain Punch|p1a: Heatran\n|-supereffective|p1a: Heatran\n|-damage|p1a: Heatran|0 fnt\n|faint|p1a: Heatran\n|move|p1b: Cresselia|Lunar Blessing|p1b: Cresselia\n|-heal|p1b: Cresselia|59\/100\n|\n|upkeep\n|\n|t:|1700684203\n|switch|p1a: Iron Hands|Iron Hands, L50|100\/100\n|turn|6\n|\n|t:|1700684227\n|switch|p2b: Flutter Mane|Flutter Mane, L50|100\/100\n|move|p2a: Iron Hands|Wild Charge|p1b: Cresselia\n|-damage|p1b: Cresselia|19\/100\n|-damage|p2a: Iron Hands|91\/100|[from] Recoil\n|move|p1a: Iron Hands|Thunder|p2b: Flutter Mane|[miss]\n|-miss|p1a: Iron Hands|p2b: Flutter Mane\n|move|p1b: Cresselia|Dazzling Gleam|p2b: Flutter Mane|[spread] p2a,p2b\n|-supereffective|p2a: Iron Hands\n|-damage|p2a: Iron Hands|79\/100\n|-damage|p2b: Flutter Mane|89\/100\n|\n|-fieldend|move: Trick Room\n|upkeep\n|turn|7\n|\n|t:|1700684265\n|-end|p1a: Iron Hands|Quark Drive|[silent]\n|switch|p1a: Glastrier|Glastrier, L50|100\/100\n|move|p2b: Flutter Mane|Dark Pulse|p1b: Cresselia\n|-supereffective|p1b: Cresselia\n|-damage|p1b: Cresselia|0 fnt\n|faint|p1b: Cresselia\n|move|p2a: Iron Hands|Drain Punch|p1a: Glastrier\n|-supereffective|p1a: Glastrier\n|-damage|p1a: Glastrier|45\/100\n|-heal|p2a: Iron Hands|100\/100|[from] drain|[of] p1a: Glastrier\n|\n|-heal|p1a: Glastrier|51\/100|[from] item: Leftovers\n|upkeep\n|\n|t:|1700684277\n|switch|p1b: Iron Hands|Iron Hands, L50|100\/100\n|turn|8\n|\n|t:|1700684294\n|-end|p2a: Iron Hands|Quark Drive|[silent]\n|switch|p2a: Arcanine|Arcanine-Hisui, L50, F, tera:Grass|100\/100\n|-ability|p2a: Arcanine|Intimidate|boost\n|-unboost|p1a: Glastrier|atk|1\n|-unboost|p1b: Iron Hands|atk|1\n|-terastallize|p1a: Glastrier|Ground\n|move|p1b: Iron Hands|Fake Out|p2a: Arcanine\n|-damage|p2a: Arcanine|89\/100\n|move|p2b: Flutter Mane|Moonblast|p1b: Iron Hands\n|-supereffective|p1b: Iron Hands\n|-damage|p1b: Iron Hands|50\/100\n|move|p1a: Glastrier|Stomping Tantrum|p2a: Arcanine\n|-resisted|p2a: Arcanine\n|-damage|p2a: Arcanine|75\/100\n|\n|-heal|p1a: Glastrier|57\/100|[from] item: Leftovers\n|upkeep\n|turn|9\n|-message|dambro222 forfeited.\n|\n|win|wu1fan\n|raw|dambro222's rating: 1126 &rarr; <strong>1107<\/strong><br \/>(-19 for losing)\n|raw|wu1fan's rating: 1218 &rarr; <strong>1237<\/strong><br \/>(+19 for winning)\n|l|\u2606dambro222\n","uploadtime":1700684319,"views":0,"p1id":"dambro222","p2id":"wu1fan","formatid":"gen9vgc2023regulatione","rating":1107,"private":0,"password":""}