{"id":"gen9vgc2023regulatione-1991372704","p1":"Lego superman","p2":"slyterin","format":"[Gen 9] VGC 2023 Regulation E","log":"|j|\u2606Lego superman\n|j|\u2606slyterin\n|t:|1700071674\n|gametype|doubles\n|player|p1|Lego superman|gentleman-gen4|1130\n|player|p2|slyterin|170|1065\n|teamsize|p1|6\n|teamsize|p2|6\n|gen|9\n|tier|[Gen 9] VGC 2023 Regulation E\n|rated|\n|rule|Species Clause: Limit one of each Pok\u00e9mon\n|rule|Item Clause: Limit one of each item\n|clearpoke\n|poke|p1|Iron Thorns, L50|\n|poke|p1|Sinistcha-Masterpiece, L50|\n|poke|p1|Thundurus, L50, M|\n|poke|p1|Raichu-Alola, L50, F|\n|poke|p1|Iron Bundle, L50|\n|poke|p1|Sableye, L50, F|\n|poke|p2|Armarouge, L50, F|\n|poke|p2|Indeedee-F, L50, F|\n|poke|p2|Ogerpon-Wellspring, L50, F|\n|poke|p2|Tauros, L50, M|\n|poke|p2|Urshifu-*, L50, M|\n|poke|p2|Flamigo, L50, F|\n|teampreview|4\n|\n|t:|1700071721\n|start\n|switch|p1a: Iron Bundle|Iron Bundle, L50|100\/100\n|switch|p1b: Thundurus|Thundurus, L50, M|100\/100\n|switch|p2a: Armarouge|Armarouge, L50, F|100\/100\n|switch|p2b: Urshifu|Urshifu-Rapid-Strike, L50, M|100\/100\n|turn|1\n|\n|t:|1700071757\n|move|p2a: Armarouge|Endure|p2a: Armarouge\n|-singleturn|p2a: Armarouge|move: Endure\n|move|p1b: Thundurus|Electric Terrain|p1b: Thundurus\n|-fieldstart|move: Electric Terrain\n|-activate|p1a: Iron Bundle|ability: Quark Drive\n|-start|p1a: Iron Bundle|quarkdrivespe\n|move|p1a: Iron Bundle|Freeze-Dry|p2b: Urshifu\n|-supereffective|p2b: Urshifu\n|-enditem|p2b: Urshifu|Focus Sash\n|-damage|p2b: Urshifu|1\/100\n|-damage|p1a: Iron Bundle|91\/100|[from] item: Life Orb\n|move|p2b: Urshifu|Surging Strikes|p2a: Armarouge\n|-supereffective|p2a: Armarouge\n|-crit|p2a: Armarouge\n|-damage|p2a: Armarouge|56\/100\n|-ability|p2a: Armarouge|Weak Armor|boost\n|-unboost|p2a: Armarouge|def|1\n|-boost|p2a: Armarouge|spe|2\n|-enditem|p2a: Armarouge|Weakness Policy\n|-boost|p2a: Armarouge|atk|2|[from] item: Weakness Policy\n|-boost|p2a: Armarouge|spa|2|[from] item: Weakness Policy\n|-supereffective|p2a: Armarouge\n|-crit|p2a: Armarouge\n|-activate|p2a: Armarouge|move: Endure\n|-damage|p2a: Armarouge|1\/100\n|-ability|p2a: Armarouge|Weak Armor|boost\n|-unboost|p2a: Armarouge|def|1\n|-boost|p2a: Armarouge|spe|2\n|-supereffective|p2a: Armarouge\n|-crit|p2a: Armarouge\n|-activate|p2a: Armarouge|move: Endure\n|-damage|p2a: Armarouge|1\/100\n|-ability|p2a: Armarouge|Weak Armor|boost\n|-unboost|p2a: Armarouge|def|1\n|-boost|p2a: Armarouge|spe|2\n|-hitcount|p2a: Armarouge|3\n|\n|upkeep\n|turn|2\n|\n|t:|1700071817\n|switch|p2b: Indeedee|Indeedee-F, L50, F|100\/100\n|-fieldstart|move: Psychic Terrain|[from] ability: Psychic Surge|[of] p2b: Indeedee\n|-end|p1a: Iron Bundle|Quark Drive\n|-terastallize|p2a: Armarouge|Psychic\n|-terastallize|p1b: Thundurus|Steel\n|move|p1b: Thundurus|Electric Terrain|p1b: Thundurus\n|-fieldstart|move: Electric Terrain\n|-activate|p1a: Iron Bundle|ability: Quark Drive\n|-start|p1a: Iron Bundle|quarkdrivespe\n|move|p2a: Armarouge|Expanding Force|p1a: Iron Bundle\n|-damage|p1a: Iron Bundle|0 fnt\n|faint|p1a: Iron Bundle\n|-end|p1a: Iron Bundle|Quark Drive|[silent]\n|\n|upkeep\n|\n|t:|1700071836\n|switch|p1a: Sableye|Sableye, L50, F|100\/100\n|turn|3\n|\n|t:|1700071849\n|move|p1a: Sableye|Fake Out|p2a: Armarouge\n|-damage|p2a: Armarouge|0 fnt\n|faint|p2a: Armarouge\n|move|p2b: Indeedee|Follow Me|p2b: Indeedee\n|-singleturn|p2b: Indeedee|move: Follow Me\n|move|p1b: Thundurus|Knock Off|p2b: Indeedee\n|-supereffective|p2b: Indeedee\n|-damage|p2b: Indeedee|30\/100\n|-damage|p1b: Thundurus|84\/100|[from] item: Rocky Helmet|[of] p2b: Indeedee\n|-enditem|p2b: Indeedee|Rocky Helmet|[from] move: Knock Off|[of] p1b: Thundurus\n|\n|upkeep\n|\n|t:|1700071884\n|switch|p2a: Urshifu|Urshifu-Rapid-Strike, L50, M|1\/100\n|turn|4\n|inactive|Battle timer is ON: inactive players will automatically lose when time's up. (requested by Lego superman)\n|\n|t:|1700071897\n|switch|p1b: Sinistcha|Sinistcha-Masterpiece, L50|100\/100\n|move|p1a: Sableye|Encore|p2b: Indeedee\n|-start|p2b: Indeedee|Encore\n|move|p2a: Urshifu|Close Combat|p1b: Sinistcha\n|-immune|p1b: Sinistcha\n|move|p2b: Indeedee|Follow Me|p2b: Indeedee\n|-singleturn|p2b: Indeedee|move: Follow Me\n|\n|upkeep\n|turn|5\n|\n|t:|1700071913\n|switch|p2b: Ogerpon|Ogerpon-Wellspring, L50, F|100\/100\n|move|p2a: Urshifu|Detect|p2a: Urshifu\n|-singleturn|p2a: Urshifu|Protect\n|move|p1a: Sableye|Reflect|p1a: Sableye\n|-sidestart|p1: Lego superman|Reflect\n|move|p1b: Sinistcha|Matcha Gotcha|p2b: Ogerpon|[spread] p2b\n|-activate|p2a: Urshifu|move: Protect\n|-damage|p2b: Ogerpon|78\/100\n|\n|upkeep\n|turn|6\n|\n|t:|1700071933\n|move|p2b: Ogerpon|Spiky Shield|p2b: Ogerpon\n|-singleturn|p2b: Ogerpon|move: Protect\n|move|p1a: Sableye|Encore|p2a: Urshifu\n|-start|p2a: Urshifu|Encore\n|move|p2a: Urshifu|Detect||[still]\n|-fail|p2a: Urshifu\n|move|p1b: Sinistcha|Matcha Gotcha|p2b: Ogerpon|[spread] \n|-activate|p2b: Ogerpon|move: Protect\n|-miss|p1b: Sinistcha|p2a: Urshifu\n|\n|-fieldend|move: Electric Terrain\n|upkeep\n|turn|7\n|\n|t:|1700071954\n|switch|p1a: Thundurus|Thundurus, L50, M, tera:Steel|84\/100\n|move|p2a: Urshifu|Detect|p2a: Urshifu\n|-singleturn|p2a: Urshifu|Protect\n|move|p2b: Ogerpon|Horn Leech|p1a: Thundurus\n|-resisted|p1a: Thundurus\n|-damage|p1a: Thundurus|70\/100\n|-heal|p2b: Ogerpon|84\/100|[from] drain|[of] p1a: Thundurus\n|move|p1b: Sinistcha|Matcha Gotcha|p2a: Urshifu|[spread] p2b\n|-activate|p2a: Urshifu|move: Protect\n|-damage|p2b: Ogerpon|61\/100\n|\n|upkeep\n|turn|8\n|inactive|Lego superman has 30 seconds left.\n|inactive|slyterin has 30 seconds left.\n|inactive|Lego superman has 20 seconds left.\n|inactive|Lego superman has 15 seconds left.\n|\n|t:|1700071995\n|switch|p2a: Indeedee|Indeedee-F, L50, F|30\/100\n|-fieldstart|move: Psychic Terrain|[from] ability: Psychic Surge|[of] p2a: Indeedee\n|move|p1b: Sinistcha|Rage Powder|p1b: Sinistcha\n|-singleturn|p1b: Sinistcha|move: Rage Powder\n|move|p1a: Thundurus|Flash Cannon|p2a: Indeedee\n|-damage|p2a: Indeedee|4\/100\n|-unboost|p2a: Indeedee|spd|1\n|move|p2b: Ogerpon|Ivy Cudgel|p1a: Thundurus|[anim] Ivy Cudgel Water\n|-damage|p1a: Thundurus|28\/100\n|\n|upkeep\n|turn|9\n|inactive|slyterin has 30 seconds left.\n|\n|t:|1700072022\n|move|p2a: Indeedee|Follow Me|p2a: Indeedee\n|-singleturn|p2a: Indeedee|move: Follow Me\n|move|p1a: Thundurus|Knock Off|p2a: Indeedee\n|-supereffective|p2a: Indeedee\n|-crit|p2a: Indeedee\n|-damage|p2a: Indeedee|0 fnt\n|faint|p2a: Indeedee\n|move|p2b: Ogerpon|Ivy Cudgel|p1a: Thundurus|[anim] Ivy Cudgel Water\n|-damage|p1a: Thundurus|0 fnt\n|faint|p1a: Thundurus\n|move|p1b: Sinistcha|Matcha Gotcha|p2b: Ogerpon\n|-damage|p2b: Ogerpon|30\/100\n|\n|upkeep\n|\n|t:|1700072036\n|switch|p1a: Sableye|Sableye, L50, F|100\/100\n|switch|p2a: Urshifu|Urshifu-Rapid-Strike, L50, M|1\/100\n|turn|10\n|\n|t:|1700072056\n|move|p2b: Ogerpon|Follow Me|p2b: Ogerpon\n|-singleturn|p2b: Ogerpon|move: Follow Me\n|move|p1a: Sableye|Light Screen|p1a: Sableye\n|-sidestart|p1: Lego superman|move: Light Screen\n|move|p2a: Urshifu|Surging Strikes|p1a: Sableye\n|-crit|p1a: Sableye\n|-damage|p1a: Sableye|73\/100\n|-crit|p1a: Sableye\n|-damage|p1a: Sableye|50\/100\n|-crit|p1a: Sableye\n|-damage|p1a: Sableye|24\/100\n|-hitcount|p1a: Sableye|3\n|move|p1b: Sinistcha|Matcha Gotcha|p2b: Ogerpon|[spread] p2a,p2b\n|-supereffective|p2a: Urshifu\n|-damage|p2a: Urshifu|0 fnt\n|-damage|p2b: Ogerpon|10\/100\n|faint|p2a: Urshifu\n|\n|upkeep\n|turn|11\n|inactive|Lego superman has 30 seconds left.\n|\n|t:|1700072081\n|move|p1a: Sableye|Reflect||[still]\n|-fail|p1a: Sableye\n|move|p2b: Ogerpon|Ivy Cudgel|p1a: Sableye|[anim] Ivy Cudgel Water\n|-damage|p1a: Sableye|0 fnt\n|faint|p1a: Sableye\n|move|p1b: Sinistcha|Matcha Gotcha|p2b: Ogerpon\n|-damage|p2b: Ogerpon|0 fnt\n|faint|p2b: Ogerpon\n|\n|win|Lego superman\n|raw|Lego superman's rating: 1130 &rarr; <strong>1150<\/strong><br \/>(+20 for winning)\n|raw|slyterin's rating: 1065 &rarr; <strong>1049<\/strong><br \/>(-16 for losing)\n","uploadtime":1700072099,"views":7,"p1id":"legosuperman","p2id":"slyterin","formatid":"gen9vgc2023regulatione","rating":1049,"private":0,"password":""}