{"id":"gen9vgc2023regulatione-1989412986","p1":"ReCapra","p2":"UtesCartman","format":"[Gen 9] VGC 2023 Regulation E","log":"|j|\u2606ReCapra\n|j|\u2606UtesCartman\n|t:|1699847001\n|gametype|doubles\n|player|p1|ReCapra|emmet|1467\n|player|p2|UtesCartman|2|1571\n|teamsize|p1|6\n|teamsize|p2|6\n|gen|9\n|tier|[Gen 9] VGC 2023 Regulation E\n|rated|\n|rule|Species Clause: Limit one of each Pok\u00e9mon\n|rule|Item Clause: Limit one of each item\n|clearpoke\n|poke|p1|Sneasler, L50, M|\n|poke|p1|Grimmsnarl, L50, M|\n|poke|p1|Tsareena, L50, F|\n|poke|p1|Glimmora, L50, M|\n|poke|p1|Heatran, L50, M|\n|poke|p1|Gholdengo, L50|\n|poke|p2|Weezing, L50, M|\n|poke|p2|Iron Hands, L50|\n|poke|p2|Flutter Mane, L50|\n|poke|p2|Landorus-Therian, L50, M|\n|poke|p2|Ogerpon-Wellspring, L50, F|\n|poke|p2|Roaring Moon, L50|\n|teampreview|4\n|j| Nesnero\n|\n|t:|1699847033\n|start\n|switch|p1a: Pelide|Grimmsnarl, L50, M, shiny|100\/100\n|switch|p1b: Orlando|Glimmora, L50, M, shiny|100\/100\n|switch|p2a: Roaring Moon|Roaring Moon, L50|100\/100\n|switch|p2b: Landorus|Landorus-Therian, L50, M|100\/100\n|-ability|p2b: Landorus|Intimidate|boost\n|-unboost|p1a: Pelide|atk|1\n|-unboost|p1b: Orlando|atk|1\n|-enditem|p2a: Roaring Moon|Booster Energy\n|-activate|p2a: Roaring Moon|ability: Protosynthesis|[fromitem]\n|-start|p2a: Roaring Moon|protosynthesisspe\n|turn|1\n|\n|t:|1699847053\n|-terastallize|p2a: Roaring Moon|Flying\n|-terastallize|p1b: Orlando|Ground\n|move|p1a: Pelide|Reflect|p1a: Pelide\n|-sidestart|p1: ReCapra|Reflect\n|move|p2a: Roaring Moon|Acrobatics|p1a: Pelide\n|-damage|p1a: Pelide|66\/100\n|move|p2b: Landorus|U-turn|p1a: Pelide\n|-damage|p1a: Pelide|48\/100\n|\n|t:|1699847064\n|switch|p2b: Weezing|Weezing, L50, M, shiny|100\/100|[from] U-turn\n|-ability|p2b: Weezing|Neutralizing Gas\n|move|p1b: Orlando|Dazzling Gleam|p2b: Weezing|[spread] p2a,p2b\n|-resisted|p2b: Weezing\n|-crit|p2b: Weezing\n|-damage|p2a: Roaring Moon|68\/100\n|-damage|p2b: Weezing|74\/100\n|\n|upkeep\n|turn|2\n|\n|t:|1699847098\n|switch|p1b: 1000|Gholdengo, L50|100\/100\n|move|p2a: Roaring Moon|Knock Off|p1b: 1000\n|-supereffective|p1b: 1000\n|-damage|p1b: 1000|29\/100\n|-enditem|p1b: 1000|Choice Scarf|[from] move: Knock Off|[of] p2a: Roaring Moon\n|move|p2b: Weezing|Sludge Bomb|p1a: Pelide\n|-supereffective|p1a: Pelide\n|-damage|p1a: Pelide|0 fnt\n|faint|p1a: Pelide\n|\n|upkeep\n|\n|t:|1699847122\n|switch|p1a: ASbrega|Heatran, L50, M|100\/100\n|turn|3\n|\n|t:|1699847134\n|switch|p1b: Orlando|Glimmora, L50, M, shiny, tera:Ground|100\/100\n|move|p2a: Roaring Moon|Knock Off|p1a: ASbrega\n|-damage|p1a: ASbrega|72\/100\n|-enditem|p1a: ASbrega|Life Orb|[from] move: Knock Off|[of] p2a: Roaring Moon\n|move|p1a: ASbrega|Heat Wave|p2b: Weezing|[spread] p2a,p2b\n|-damage|p2a: Roaring Moon|33\/100\n|-damage|p2b: Weezing|28\/100\n|-enditem|p2b: Weezing|Sitrus Berry|[eat]\n|-heal|p2b: Weezing|53\/100|[from] item: Sitrus Berry\n|move|p2b: Weezing|Sludge Bomb|p1b: Orlando\n|-resisted|p1b: Orlando\n|-damage|p1b: Orlando|85\/100\n|-status|p1b: Orlando|psn\n|\n|-damage|p1b: Orlando|73\/100 psn|[from] psn\n|upkeep\n|turn|4\n|\n|t:|1699847173\n|move|p2a: Roaring Moon|Knock Off|p1b: Orlando\n|-damage|p1b: Orlando|40\/100 psn\n|-enditem|p1b: Orlando|Choice Specs|[from] move: Knock Off|[of] p2a: Roaring Moon\n|move|p1b: Orlando|Sludge Wave|p2b: Weezing|[spread] p2a,p2b\n|-immune|p1a: ASbrega\n|-resisted|p2b: Weezing\n|-damage|p2a: Roaring Moon|0 fnt\n|-damage|p2b: Weezing|32\/100\n|faint|p2a: Roaring Moon\n|-end|p2a: Roaring Moon|Protosynthesis|[silent]\n|move|p1a: ASbrega|Heat Wave|p2b: Weezing\n|-crit|p2b: Weezing\n|-damage|p2b: Weezing|0 fnt\n|faint|p2b: Weezing\n|-end|p2b: Weezing|ability: Neutralizing Gas\n|\n|-damage|p1b: Orlando|28\/100 psn|[from] psn\n|upkeep\n|\n|t:|1699847183\n|switch|p2a: Flutter Mane|Flutter Mane, L50, shiny|100\/100\n|switch|p2b: Landorus|Landorus-Therian, L50, M|100\/100\n|-ability|p2b: Landorus|Intimidate|boost\n|-unboost|p1a: ASbrega|atk|1\n|-unboost|p1b: Orlando|atk|1\n|turn|5\n|l|\u2606ReCapra\n|player|p1|\n|j| PcistaMasterRace\n|inactive|Battle timer is ON: inactive players will automatically lose when time's up. (requested by UtesCartman)\n|inactive|ReCapra has 30 seconds to reconnect!\n|inactive|ReCapra has 20 seconds to reconnect!\n|inactive|ReCapra has 15 seconds to reconnect!\n|inactive|ReCapra has 10 seconds to reconnect!\n|inactive|ReCapra has 5 seconds to reconnect!\n|-message|ReCapra lost due to inactivity.\n|\n|win|UtesCartman\n|raw|ReCapra's rating: 1467 &rarr; <strong>1453<\/strong><br \/>(-14 for losing)\n|raw|UtesCartman's rating: 1571 &rarr; <strong>1585<\/strong><br \/>(+14 for winning)\n|l|\u2606UtesCartman\n","uploadtime":1699847670,"views":18,"p1id":"recapra","p2id":"utescartman","formatid":"gen9vgc2023regulatione","rating":1453,"private":0,"password":""}