{"id":"gen9vgc2023regulatione-1992630429","p1":"ApoVGC","p2":"FoxDragon1","format":"[Gen 9] VGC 2023 Regulation E","log":"|j|\u2606ApoVGC\n|j|\u2606FoxDragon1\n|t:|1700217491\n|gametype|doubles\n|player|p1|ApoVGC|170|1250\n|player|p2|FoxDragon1|skierf|1157\n|teamsize|p1|6\n|teamsize|p2|6\n|gen|9\n|tier|[Gen 9] VGC 2023 Regulation E\n|rated|\n|rule|Species Clause: Limit one of each Pok\u00e9mon\n|rule|Item Clause: Limit one of each item\n|clearpoke\n|poke|p1|Kommo-o, L50, M|\n|poke|p1|Dragapult, L50, M|\n|poke|p1|Regidrago, L50|\n|poke|p1|Goodra-Hisui, L50, M|\n|poke|p1|Tatsugiri, L50, M|\n|poke|p1|Roaring Moon, L50|\n|poke|p2|Pelipper, L50, F|\n|poke|p2|Urshifu-*, L50, F|\n|poke|p2|Ogerpon, L50, F|\n|poke|p2|Iron Hands, L50|\n|poke|p2|Thundurus-Therian, L50, M|\n|poke|p2|Flutter Mane, L50|\n|teampreview|4\n|inactive|Battle timer is ON: inactive players will automatically lose when time's up. (requested by ApoVGC)\nFoxDragon1 has agreed to open team sheets.\n|\n|t:|1700217524\n|start\n|switch|p1a: Roaring Moon|Roaring Moon, L50|100\/100\n|switch|p1b: Goodra|Goodra-Hisui, L50, M|100\/100\n|switch|p2a: Flutter Mane|Flutter Mane, L50|100\/100\n|switch|p2b: Iron Hands|Iron Hands, L50|100\/100\n|-enditem|p1a: Roaring Moon|Booster Energy\n|-activate|p1a: Roaring Moon|ability: Protosynthesis|[fromitem]\n|-start|p1a: Roaring Moon|protosynthesisspe\n|turn|1\n|\n|t:|1700217540\n|move|p1a: Roaring Moon|Protect|p1a: Roaring Moon\n|-singleturn|p1a: Roaring Moon|Protect\n|move|p2b: Iron Hands|Fake Out|p1b: Goodra\n|-resisted|p1b: Goodra\n|-damage|p1b: Goodra|96\/100\n|move|p2a: Flutter Mane|Dazzling Gleam|p1b: Goodra|[spread] p1b\n|-activate|p1a: Roaring Moon|move: Protect\n|-damage|p1b: Goodra|62\/100\n|cant|p1b: Goodra|flinch\n|\n|-heal|p1b: Goodra|68\/100|[from] item: Leftovers\n|upkeep\n|turn|2\n|\n|t:|1700217565\n|-terastallize|p1b: Goodra|Fairy\n|move|p1a: Roaring Moon|Tailwind|p1a: Roaring Moon\n|-sidestart|p1: ApoVGC|move: Tailwind\n|move|p2a: Flutter Mane|Dazzling Gleam|p1b: Goodra|[spread] p1a,p1b\n|-supereffective|p1a: Roaring Moon\n|-damage|p1a: Roaring Moon|0 fnt\n|-damage|p1b: Goodra|37\/100\n|faint|p1a: Roaring Moon\n|-end|p1a: Roaring Moon|Protosynthesis|[silent]\n|move|p1b: Goodra|Heavy Slam|p2a: Flutter Mane\n|-supereffective|p2a: Flutter Mane\n|-damage|p2a: Flutter Mane|0 fnt\n|faint|p2a: Flutter Mane\n|-end|p2a: Flutter Mane|Protosynthesis|[silent]\n|move|p2b: Iron Hands|Drain Punch|p1b: Goodra\n|-resisted|p1b: Goodra\n|-damage|p1b: Goodra|23\/100\n|\n|-heal|p1b: Goodra|29\/100|[from] item: Leftovers\n|upkeep\n|\n|t:|1700217581\n|switch|p1a: Dragapult|Dragapult, L50, M|100\/100\n|switch|p2a: Urshifu|Urshifu-Rapid-Strike, L50, F|100\/100\n|turn|3\n|\n|t:|1700217593\n|switch|p1a: Tatsugiri|Tatsugiri, L50, M|100\/100\n|move|p2a: Urshifu|Detect|p2a: Urshifu\n|-singleturn|p2a: Urshifu|Protect\n|move|p1b: Goodra|Acid Armor|p1b: Goodra\n|-boost|p1b: Goodra|def|2\n|move|p2b: Iron Hands|Heavy Slam|p1b: Goodra\n|-supereffective|p1b: Goodra\n|-damage|p1b: Goodra|18\/100\n|\n|-heal|p1b: Goodra|24\/100|[from] item: Leftovers\n|upkeep\n|turn|4\n|\n|t:|1700217616\n|-terastallize|p2a: Urshifu|Water\n|move|p1a: Tatsugiri|Muddy Water|p2a: Urshifu|[spread] p2a,p2b\n|-resisted|p2a: Urshifu\n|-damage|p2a: Urshifu|77\/100\n|-damage|p2b: Iron Hands|80\/100\n|-unboost|p2b: Iron Hands|accuracy|1\n|move|p2a: Urshifu|Surging Strikes|p1a: Tatsugiri\n|-activate|p1a: Tatsugiri|ability: Storm Drain\n|-ability|p1a: Tatsugiri|Storm Drain|boost\n|-boost|p1a: Tatsugiri|spa|1\n|move|p1b: Goodra|Acid Armor|p1b: Goodra\n|-boost|p1b: Goodra|def|2\n|move|p2b: Iron Hands|Wild Charge|p1a: Tatsugiri\n|-damage|p1a: Tatsugiri|23\/100\n|-damage|p2b: Iron Hands|69\/100|[from] Recoil\n|\n|-heal|p1b: Goodra|30\/100|[from] item: Leftovers\n|upkeep\n|turn|5\n|inactive|ApoVGC has 30 seconds left.\n|inactive|FoxDragon1 has 30 seconds left.\n|\n|t:|1700217649\n|move|p1a: Tatsugiri|Protect|p1a: Tatsugiri\n|-singleturn|p1a: Tatsugiri|Protect\n|move|p2a: Urshifu|Detect|p2a: Urshifu\n|-singleturn|p2a: Urshifu|Protect\n|move|p1b: Goodra|Acid Armor|p1b: Goodra\n|-boost|p1b: Goodra|def|2\n|move|p2b: Iron Hands|Wild Charge|p1a: Tatsugiri\n|-activate|p1a: Tatsugiri|move: Protect\n|\n|-heal|p1b: Goodra|36\/100|[from] item: Leftovers\n|-sideend|p1: ApoVGC|move: Tailwind\n|upkeep\n|turn|6\n|\n|t:|1700217667\n|switch|p2a: Ogerpon|Ogerpon, L50, F|100\/100\n|move|p1a: Tatsugiri|Muddy Water|p2b: Iron Hands|[spread] p2a,p2b\n|-resisted|p2a: Ogerpon\n|-damage|p2a: Ogerpon|76\/100\n|-damage|p2b: Iron Hands|39\/100\n|-unboost|p2b: Iron Hands|accuracy|1\n|move|p2b: Iron Hands|Wild Charge|p1a: Tatsugiri\n|-damage|p1a: Tatsugiri|0 fnt\n|faint|p1a: Tatsugiri\n|-damage|p2b: Iron Hands|36\/100|[from] Recoil\n|move|p1b: Goodra|Body Press|p2a: Ogerpon\n|-damage|p2a: Ogerpon|0 fnt\n|-damage|p1b: Goodra|19\/100|[from] item: Rocky Helmet|[of] p2a: Ogerpon\n|faint|p2a: Ogerpon\n|\n|-heal|p1b: Goodra|25\/100|[from] item: Leftovers\n|upkeep\n|\n|t:|1700217684\n|switch|p1a: Dragapult|Dragapult, L50, M|100\/100\n|switch|p2a: Urshifu|Urshifu-Rapid-Strike, L50, F, tera:Water|77\/100\n|turn|7\n|inactive|FoxDragon1 has 30 seconds left.\n|inactive|FoxDragon1 has 20 seconds left.\n|\n|t:|1700217723\n|move|p1a: Dragapult|Phantom Force||[still]\n|-prepare|p1a: Dragapult|Phantom Force\n|move|p2a: Urshifu|Surging Strikes|p1b: Goodra\n|-damage|p1b: Goodra|21\/100\n|-damage|p1b: Goodra|17\/100\n|-damage|p1b: Goodra|12\/100\n|-hitcount|p1b: Goodra|3\n|move|p2b: Iron Hands|Heavy Slam|p1a: Dragapult|[miss]\n|-miss|p2b: Iron Hands|p1a: Dragapult\n|move|p1b: Goodra|Body Press|p2a: Urshifu\n|-damage|p2a: Urshifu|0 fnt\n|faint|p2a: Urshifu\n|\n|-heal|p1b: Goodra|18\/100|[from] item: Leftovers\n|upkeep\n|turn|8\n|-message|FoxDragon1 forfeited.\n|\n|win|ApoVGC\n|raw|ApoVGC's rating: 1250 &rarr; <strong>1268<\/strong><br \/>(+18 for winning)\n|raw|FoxDragon1's rating: 1157 &rarr; <strong>1139<\/strong><br \/>(-18 for losing)\n|l|\u2606FoxDragon1\n","uploadtime":1700217747,"views":14,"p1id":"apovgc","p2id":"foxdragon1","formatid":"gen9vgc2023regulatione","rating":1139,"private":0,"password":""}