{"id":"gen9vgc2023regulatione-1998040539","p1":"N4N0vgc","p2":"Eleisson4","format":"[Gen 9] VGC 2023 Regulation E","log":"|j|\u2606N4N0vgc\n|j|\u2606Eleisson4\n|n|\u2606N4N0vgc|n4n0vgc\n|n|\u2606Eleisson4|eleisson4\n|html|View the match progress at <a href=\"\/game-bestof3-gen9vgc2023regulatione-1998040538\">game-bestof3-gen9vgc2023regulatione-1998040538<\/a>\n|t:|1700882474\n|gametype|doubles\n|player|p1|N4N0vgc|guzma|\n|player|p2|Eleisson4|101|\n|teamsize|p1|6\n|teamsize|p2|6\n|gen|9\n|tier|[Gen 9] VGC 2023 Regulation E\n|rule|Species Clause: Limit one of each Pok\u00e9mon\n|rule|Item Clause: Limit one of each item\n|clearpoke\n|poke|p1|Tornadus, L50, M|\n|poke|p1|Arcanine-Hisui, L50, M|\n|poke|p1|Rillaboom, L50, M|\n|poke|p1|Flutter Mane, L50|\n|poke|p1|Urshifu-*, L50, M|\n|poke|p1|Chien-Pao, L50|\n|poke|p2|Iron Hands, L50|\n|poke|p2|Flutter Mane, L50|\n|poke|p2|Heatran, L50, F|\n|poke|p2|Chien-Pao, L50|\n|poke|p2|Ogerpon-Wellspring, L50, F|\n|poke|p2|Amoonguss, L50, F|\n|teampreview|4\nN4N0vgc has agreed to open team sheets.\nEleisson4 has agreed to open team sheets.\n|showteam|p1|Tornadus||RockyHelmet|Prankster|BleakwindStorm,Taunt,Tailwind,RainDance|||M|||50|,,,,,Ghost]Arcanine-Hisui||ChoiceBand|Intimidate|ExtremeSpeed,FlareBlitz,RockSlide,TeraBlast|||M|||50|,,,,,Fairy]Rillaboom||AssaultVest|GrassySurge|FakeOut,WoodHammer,GrassyGlide,HighHorsepower|||M|||50|,,,,,Fire]Flutter Mane||BoosterEnergy|Protosynthesis|Moonblast,ShadowBall,DazzlingGleam,Protect||||||50|,,,,,Fairy]Urshifu-Rapid-Strike||MysticWater|UnseenFist|Detect,SurgingStrikes,CloseCombat,AquaJet|||M|||50|,,,,,Water]Chien-Pao||FocusSash|SwordofRuin|SuckerPunch,IcicleCrash,SacredSword,Protect||||||50|,,,,,Ghost\n|showteam|p2|Iron Hands||BoosterEnergy|QuarkDrive|SwordsDance,IcePunch,WildCharge,DrainPunch||||||50|,,,,,Ground]Flutter Mane||ChoiceSpecs|Protosynthesis|MysticalFire,ShadowBall,DazzlingGleam,PowerGem||||||50|,,,,,Fairy]Heatran||SitrusBerry|FlashFire|HeatWave,FlashCannon,EarthPower,Protect|||F|||50|,,,,,Grass]Chien-Pao||FocusSash|SwordofRuin|IceSpinner,SuckerPunch,PsychicFangs,Protect||||||50|,,,,,Ghost]Ogerpon-Wellspring||WellspringMask|WaterAbsorb|IvyCudgel,HornLeech,Taunt,SpikyShield|||F|||50|,,,,,Water]Amoonguss||AguavBerry|Regenerator|Spore,RagePowder,PollenPuff,ClearSmog|||F|||50|,,,,,Water\n|j| Xedreig\n|j| LMagician\n|\n|t:|1700882524\n|start\n|switch|p1a: Lakitu|Tornadus, L50, M|100\/100\n|switch|p1b: MelaMeneo|Flutter Mane, L50|100\/100\n|switch|p2a: Iron Hands|Iron Hands, L50, shiny|100\/100\n|switch|p2b: Ogerpon|Ogerpon-Wellspring, L50, F|100\/100\n|-enditem|p1b: MelaMeneo|Booster Energy\n|-activate|p1b: MelaMeneo|ability: Protosynthesis|[fromitem]\n|-start|p1b: MelaMeneo|protosynthesisspa\n|-enditem|p2a: Iron Hands|Booster Energy\n|-activate|p2a: Iron Hands|ability: Quark Drive|[fromitem]\n|-start|p2a: Iron Hands|quarkdriveatk\n|turn|1\n|\n|t:|1700882556\n|switch|p1a: Funky Kong|Rillaboom, L50, M|100\/100\n|-fieldstart|move: Grassy Terrain|[from] ability: Grassy Surge|[of] p1a: Funky Kong\n|-end|p2a: Iron Hands|Quark Drive|[silent]\n|switch|p2a: Heatran|Heatran, L50, F, shiny|100\/100\n|move|p2b: Ogerpon|Ivy Cudgel|p1b: MelaMeneo|[anim] Ivy Cudgel Water\n|-damage|p1b: MelaMeneo|21\/100\n|move|p1b: MelaMeneo|Moonblast|p2a: Heatran\n|-resisted|p2a: Heatran\n|-damage|p2a: Heatran|84\/100\n|-unboost|p2a: Heatran|spa|1\n|\n|-heal|p1b: MelaMeneo|27\/100|[from] Grassy Terrain\n|-heal|p2a: Heatran|90\/100|[from] Grassy Terrain\n|upkeep\n|turn|2\n|\n|t:|1700882572\n|move|p2b: Ogerpon|Spiky Shield|p2b: Ogerpon\n|-singleturn|p2b: Ogerpon|move: Protect\n|move|p1b: MelaMeneo|Protect|p1b: MelaMeneo\n|-singleturn|p1b: MelaMeneo|Protect\n|move|p2a: Heatran|Protect|p2a: Heatran\n|-singleturn|p2a: Heatran|Protect\n|move|p1a: Funky Kong|High Horsepower|p2a: Heatran\n|-activate|p2a: Heatran|move: Protect\n|\n|-heal|p1b: MelaMeneo|33\/100|[from] Grassy Terrain\n|-heal|p2a: Heatran|96\/100|[from] Grassy Terrain\n|upkeep\n|turn|3\n|\n|t:|1700882596\n|switch|p2b: Amoonguss|Amoonguss, L50, F, shiny|100\/100\n|-end|p1b: MelaMeneo|Protosynthesis|[silent]\n|switch|p1b: Cari\u00f1OSO|Urshifu-Rapid-Strike, L50, M|100\/100\n|-terastallize|p2a: Heatran|Grass\n|move|p2a: Heatran|Heat Wave|p1a: Funky Kong|[spread] p1a,p1b\n|-supereffective|p1a: Funky Kong\n|-resisted|p1b: Cari\u00f1OSO\n|-damage|p1a: Funky Kong|66\/100\n|-damage|p1b: Cari\u00f1OSO|84\/100\n|move|p1a: Funky Kong|Wood Hammer|p2b: Amoonguss\n|-resisted|p2b: Amoonguss\n|-damage|p2b: Amoonguss|84\/100\n|-damage|p1a: Funky Kong|60\/100|[from] Recoil\n|\n|-heal|p2a: Heatran|100\/100|[from] Grassy Terrain\n|-heal|p1b: Cari\u00f1OSO|90\/100|[from] Grassy Terrain\n|-heal|p1a: Funky Kong|66\/100|[from] Grassy Terrain\n|-heal|p2b: Amoonguss|89\/100|[from] Grassy Terrain\n|upkeep\n|turn|4\n|\n|t:|1700882621\n|switch|p1a: MelaMeneo|Flutter Mane, L50|33\/100\n|move|p1b: Cari\u00f1OSO|Detect|p1b: Cari\u00f1OSO\n|-singleturn|p1b: Cari\u00f1OSO|Protect\n|move|p2a: Heatran|Heat Wave|p1b: Cari\u00f1OSO|[spread] p1a\n|-activate|p1b: Cari\u00f1OSO|move: Protect\n|-damage|p1a: MelaMeneo|10\/100\n|move|p2b: Amoonguss|Spore|p1b: Cari\u00f1OSO\n|-activate|p1b: Cari\u00f1OSO|move: Protect\n|\n|-heal|p1a: MelaMeneo|16\/100|[from] Grassy Terrain\n|-heal|p1b: Cari\u00f1OSO|96\/100|[from] Grassy Terrain\n|-heal|p2b: Amoonguss|95\/100|[from] Grassy Terrain\n|upkeep\n|turn|5\n|\n|t:|1700882664\n|move|p1a: MelaMeneo|Protect|p1a: MelaMeneo\n|-singleturn|p1a: MelaMeneo|Protect\n|move|p2a: Heatran|Heat Wave|p1a: MelaMeneo|[spread] p1b\n|-activate|p1a: MelaMeneo|move: Protect\n|-resisted|p1b: Cari\u00f1OSO\n|-damage|p1b: Cari\u00f1OSO|79\/100\n|move|p1b: Cari\u00f1OSO|Surging Strikes|p2a: Heatran\n|-resisted|p2a: Heatran\n|-crit|p2a: Heatran\n|-damage|p2a: Heatran|86\/100\n|-resisted|p2a: Heatran\n|-crit|p2a: Heatran\n|-damage|p2a: Heatran|72\/100\n|-resisted|p2a: Heatran\n|-crit|p2a: Heatran\n|-damage|p2a: Heatran|57\/100\n|-hitcount|p2a: Heatran|3\n|move|p2b: Amoonguss|Pollen Puff|p1b: Cari\u00f1OSO\n|-resisted|p1b: Cari\u00f1OSO\n|-damage|p1b: Cari\u00f1OSO|66\/100\n|\n|-heal|p1a: MelaMeneo|22\/100|[from] Grassy Terrain\n|-heal|p2a: Heatran|63\/100|[from] Grassy Terrain\n|-heal|p1b: Cari\u00f1OSO|73\/100|[from] Grassy Terrain\n|-heal|p2b: Amoonguss|100\/100|[from] Grassy Terrain\n|-fieldend|move: Grassy Terrain\n|upkeep\n|turn|6\n|\n|t:|1700882692\n|move|p1b: Cari\u00f1OSO|Detect|p1b: Cari\u00f1OSO\n|-singleturn|p1b: Cari\u00f1OSO|Protect\n|move|p1a: MelaMeneo|Shadow Ball|p2b: Amoonguss\n|-damage|p2b: Amoonguss|65\/100\n|move|p2a: Heatran|Heat Wave|p1b: Cari\u00f1OSO|[spread] p1a\n|-activate|p1b: Cari\u00f1OSO|move: Protect\n|-damage|p1a: MelaMeneo|0 fnt\n|faint|p1a: MelaMeneo\n|-end|p1a: MelaMeneo|Protosynthesis|[silent]\n|move|p2b: Amoonguss|Spore|p1b: Cari\u00f1OSO\n|-activate|p1b: Cari\u00f1OSO|move: Protect\n|\n|upkeep\n|\n|t:|1700882698\n|switch|p1a: Lakitu|Tornadus, L50, M|100\/100\n|turn|7\n|\n|t:|1700882732\n|-terastallize|p1b: Cari\u00f1OSO|Water\n|move|p2a: Heatran|Heat Wave|p1a: Lakitu|[spread] p1a,p1b\n|-resisted|p1b: Cari\u00f1OSO\n|-damage|p1a: Lakitu|77\/100\n|-damage|p1b: Cari\u00f1OSO|56\/100\n|-status|p1b: Cari\u00f1OSO|brn\n|move|p1b: Cari\u00f1OSO|Surging Strikes|p2b: Amoonguss\n|-resisted|p2b: Amoonguss\n|-crit|p2b: Amoonguss\n|-damage|p2b: Amoonguss|58\/100\n|-resisted|p2b: Amoonguss\n|-crit|p2b: Amoonguss\n|-damage|p2b: Amoonguss|50\/100\n|-resisted|p2b: Amoonguss\n|-crit|p2b: Amoonguss\n|-damage|p2b: Amoonguss|43\/100\n|-hitcount|p2b: Amoonguss|3\n|move|p1a: Lakitu|Bleakwind Storm|p2b: Amoonguss|[spread] p2a,p2b\n|-supereffective|p2a: Heatran\n|-supereffective|p2b: Amoonguss\n|-damage|p2a: Heatran|0 fnt\n|-damage|p2b: Amoonguss|0 fnt\n|faint|p2a: Heatran\n|faint|p2b: Amoonguss\n|\n|-damage|p1b: Cari\u00f1OSO|50\/100 brn|[from] brn\n|upkeep\n|\n|t:|1700882751\n|switch|p2a: Iron Hands|Iron Hands, L50, shiny|100\/100\n|switch|p2b: Ogerpon|Ogerpon-Wellspring, L50, F|100\/100\n|turn|8\n|\n|t:|1700882781\n|switch|p1a: Funky Kong|Rillaboom, L50, M|66\/100\n|-fieldstart|move: Grassy Terrain|[from] ability: Grassy Surge|[of] p1a: Funky Kong\n|move|p2b: Ogerpon|Spiky Shield|p2b: Ogerpon\n|-singleturn|p2b: Ogerpon|move: Protect\n|move|p1b: Cari\u00f1OSO|Close Combat|p2a: Iron Hands\n|-damage|p2a: Iron Hands|80\/100\n|-unboost|p1b: Cari\u00f1OSO|def|1\n|-unboost|p1b: Cari\u00f1OSO|spd|1\n|move|p2a: Iron Hands|Wild Charge|p1a: Funky Kong\n|-resisted|p1a: Funky Kong\n|-damage|p1a: Funky Kong|49\/100\n|-damage|p2a: Iron Hands|76\/100|[from] Recoil\n|\n|-heal|p1b: Cari\u00f1OSO|56\/100 brn|[from] Grassy Terrain\n|-heal|p1a: Funky Kong|54\/100|[from] Grassy Terrain\n|-heal|p2a: Iron Hands|82\/100|[from] Grassy Terrain\n|-damage|p1b: Cari\u00f1OSO|50\/100 brn|[from] brn\n|upkeep\n|turn|9\n|inactive|Battle timer is ON: inactive players will automatically lose when time's up. (requested by N4N0vgc)\n|\n|t:|1700882804\n|move|p2b: Ogerpon|Horn Leech|p1b: Cari\u00f1OSO\n|-supereffective|p1b: Cari\u00f1OSO\n|-damage|p1b: Cari\u00f1OSO|0 fnt\n|faint|p1b: Cari\u00f1OSO\n|move|p1a: Funky Kong|Wood Hammer|p2b: Ogerpon\n|-damage|p2b: Ogerpon|1\/100\n|-damage|p1a: Funky Kong|30\/100|[from] Recoil\n|move|p2a: Iron Hands|Ice Punch|p1a: Funky Kong\n|-supereffective|p1a: Funky Kong\n|-damage|p1a: Funky Kong|0 fnt\n|faint|p1a: Funky Kong\n|\n|-heal|p2b: Ogerpon|7\/100|[from] Grassy Terrain\n|-heal|p2a: Iron Hands|88\/100|[from] Grassy Terrain\n|upkeep\n|\n|t:|1700882809\n|switch|p1b: Lakitu|Tornadus, L50, M|77\/100\n|turn|10\n|\n|t:|1700882825\n|move|p2b: Ogerpon|Ivy Cudgel|p1b: Lakitu|[anim] Ivy Cudgel Water\n|-damage|p1b: Lakitu|11\/100\n|move|p1b: Lakitu|Bleakwind Storm|p2a: Iron Hands|[spread] p2a,p2b\n|-crit|p2a: Iron Hands\n|-supereffective|p2b: Ogerpon\n|-damage|p2a: Iron Hands|54\/100\n|-damage|p2b: Ogerpon|0 fnt\n|faint|p2b: Ogerpon\n|move|p2a: Iron Hands|Wild Charge|p1b: Lakitu\n|-supereffective|p1b: Lakitu\n|-damage|p1b: Lakitu|0 fnt\n|-damage|p2a: Iron Hands|37\/100|[from] item: Rocky Helmet|[of] p1b: Lakitu\n|faint|p1b: Lakitu\n|-damage|p2a: Iron Hands|35\/100|[from] Recoil\n|\n|win|Eleisson4\n|c|&|\/uhtml prompt-n4n0vgc,N4N0vgc is ready for game 2!\n|inactive|Eleisson4 has 50 seconds to confirm battle start!\n|c|&|\/uhtml prompt-eleisson4,Eleisson4 is ready for game 2!\nBoth players are ready! Starting next match!\n|l| Xedreig\n|l| LMagician\n|l|\u2606N4N0vgc\n","uploadtime":1700883273,"views":2,"p1id":"n4n0vgc","p2id":"eleisson4","formatid":"gen9vgc2023regulatione","rating":0,"private":0,"password":""}