{"id":"gen9vgc2023regulatione-1995173915","p1":"alvwuey","p2":"AvianRoseline","format":"[Gen 9] VGC 2023 Regulation E","log":"|j|\u2606alvwuey\n|j|\u2606AvianRoseline\n|t:|1700530863\n|gametype|doubles\n|player|p1|alvwuey|265|1040\n|player|p2|AvianRoseline|cynthia-gen4|1016\n|teamsize|p1|6\n|teamsize|p2|6\n|gen|9\n|tier|[Gen 9] VGC 2023 Regulation E\n|rated|\n|rule|Species Clause: Limit one of each Pok\u00e9mon\n|rule|Item Clause: Limit one of each item\n|clearpoke\n|poke|p1|Iron Hands, L50|\n|poke|p1|Flutter Mane, L50|\n|poke|p1|Cresselia, L50, F|\n|poke|p1|Ursaluna, L50, F|\n|poke|p1|Urshifu-*, L50, F|\n|poke|p1|Dragonite, L50, M|\n|poke|p2|Maushold-Four, L50|\n|poke|p2|Blissey, L50, F|\n|poke|p2|Iron Valiant, L50|\n|poke|p2|Ogerpon-Hearthflame, L50, F|\n|poke|p2|Landorus-Therian, L50, M|\n|poke|p2|Baxcalibur, L50, F|\n|teampreview|4\n|\n|t:|1700530908\n|start\n|switch|p1a: Iron Hands|Iron Hands, L50|100\/100\n|switch|p1b: Urshifu|Urshifu, L50, F|100\/100\n|switch|p2a: Not Blissey|Blissey, L50, F|100\/100\n|switch|p2b: Scythe's wish|Iron Valiant, L50, shiny|100\/100\n|-enditem|p2b: Scythe's wish|Booster Energy\n|-activate|p2b: Scythe's wish|ability: Quark Drive|[fromitem]\n|-start|p2b: Scythe's wish|quarkdrivespe\n|turn|1\n|\n|t:|1700530949\n|move|p1a: Iron Hands|Fake Out|p2b: Scythe's wish\n|-damage|p2b: Scythe's wish|76\/100\n|cant|p2b: Scythe's wish|flinch\n|move|p1b: Urshifu|Close Combat|p2a: Not Blissey\n|-supereffective|p2a: Not Blissey\n|-damage|p2a: Not Blissey|0 fnt\n|-unboost|p1b: Urshifu|def|1\n|-unboost|p1b: Urshifu|spd|1\n|faint|p2a: Not Blissey\n|\n|upkeep\n|\n|t:|1700531001\n|switch|p2a: Landorus|Landorus-Therian, L50, M, shiny|100\/100\n|-ability|p2a: Landorus|Intimidate|boost\n|-unboost|p1a: Iron Hands|atk|1\n|-unboost|p1b: Urshifu|atk|1\n|turn|2\n|\n|t:|1700531034\n|-end|p1a: Iron Hands|Quark Drive|[silent]\n|switch|p1a: Cresselia|Cresselia, L50, F|100\/100\n|-terastallize|p2a: Landorus|Rock\n|move|p1b: Urshifu|Protect|p1b: Urshifu\n|-singleturn|p1b: Urshifu|Protect\n|move|p2b: Scythe's wish|Destiny Bond|p2b: Scythe's wish\n|-singlemove|p2b: Scythe's wish|Destiny Bond\n|move|p2a: Landorus|Rock Slide|p1a: Cresselia|[spread] p1a\n|-activate|p1b: Urshifu|move: Protect\n|-damage|p1a: Cresselia|74\/100\n|\n|upkeep\n|turn|3\n|\n|t:|1700531079\n|move|p2b: Scythe's wish|Destiny Bond||[still]\n|-fail|p2b: Scythe's wish\n|move|p2a: Landorus|Rock Slide|p1a: Cresselia|[spread] p1a,p1b\n|-resisted|p1b: Urshifu\n|-damage|p1a: Cresselia|51\/100\n|-damage|p1b: Urshifu|72\/100\n|cant|p1b: Urshifu|flinch\n|move|p1a: Cresselia|Trick Room|p1a: Cresselia\n|-fieldstart|move: Trick Room|[of] p1a: Cresselia\n|\n|upkeep\n|turn|4\n|\n|t:|1700531112\n|move|p1a: Cresselia|Lunar Blessing|p1a: Cresselia|[spread] p1a,p1b\n|-heal|p1a: Cresselia|76\/100\n|-heal|p1b: Urshifu|98\/100\n|move|p1b: Urshifu|Close Combat|p2a: Landorus\n|-supereffective|p2a: Landorus\n|-damage|p2a: Landorus|0 fnt\n|-unboost|p1b: Urshifu|def|1\n|-unboost|p1b: Urshifu|spd|1\n|faint|p2a: Landorus\n|move|p2b: Scythe's wish|Disable|p1a: Cresselia\n|-start|p1a: Cresselia|Disable|Lunar Blessing\n|\n|upkeep\n|\n|t:|1700531126\n|switch|p2a: Lotsa' Mice|Maushold-Four, L50, shiny|100\/100\n|turn|5\n|\n|t:|1700531176\n|move|p1b: Urshifu|Sucker Punch||[still]\n|-fail|p1b: Urshifu\n|move|p1a: Cresselia|Ice Beam|p2b: Scythe's wish\n|-damage|p2b: Scythe's wish|36\/100\n|move|p2a: Lotsa' Mice|Population Bomb|p1b: Urshifu\n|-damage|p1b: Urshifu|75\/100\n|-damage|p1b: Urshifu|49\/100\n|-damage|p1b: Urshifu|25\/100\n|-damage|p1b: Urshifu|0 fnt\n|faint|p1b: Urshifu\n|-hitcount|p1: Urshifu|4\n|move|p2b: Scythe's wish|Destiny Bond|p2b: Scythe's wish\n|-singlemove|p2b: Scythe's wish|Destiny Bond\n|\n|upkeep\n|\n|t:|1700531201\n|switch|p1b: Ursaluna|Ursaluna, L50, F|100\/100\n|turn|6\n|\n|t:|1700531231\n|switch|p1a: Iron Hands|Iron Hands, L50|100\/100\n|-terastallize|p1b: Ursaluna|Ghost\n|move|p1b: Ursaluna|Earthquake|p2b: Scythe's wish|[spread] p1a,p2a,p2b\n|-supereffective|p1a: Iron Hands\n|-damage|p1a: Iron Hands|33\/100\n|-damage|p2a: Lotsa' Mice|35\/100\n|-damage|p2b: Scythe's wish|0 fnt\n|faint|p2b: Scythe's wish\n|-activate|p2b: Scythe's wish|move: Destiny Bond\n|-end|p2b: Scythe's wish|Quark Drive|[silent]\n|faint|p1b: Ursaluna\n|move|p2a: Lotsa' Mice|Population Bomb|p1a: Iron Hands\n|-damage|p1a: Iron Hands|24\/100\n|-damage|p1a: Iron Hands|15\/100\n|-damage|p1a: Iron Hands|6\/100\n|-damage|p1a: Iron Hands|0 fnt\n|faint|p1a: Iron Hands\n|-end|p1a: Iron Hands|Quark Drive|[silent]\n|-hitcount|p1: Iron Hands|4\n|\n|upkeep\n|\n|t:|1700531256\n|switch|p1a: Cresselia|Cresselia, L50, F|76\/100\n|turn|7\n|\n|t:|1700531268\n|move|p1a: Cresselia|Ice Beam|p2a: Lotsa' Mice\n|-damage|p2a: Lotsa' Mice|15\/100\n|move|p2a: Lotsa' Mice|Population Bomb|p1a: Cresselia\n|-damage|p1a: Cresselia|68\/100\n|-damage|p1a: Cresselia|60\/100\n|-crit|p1a: Cresselia\n|-damage|p1a: Cresselia|47\/100\n|-damage|p1a: Cresselia|39\/100\n|-crit|p1a: Cresselia\n|-damage|p1a: Cresselia|27\/100\n|-damage|p1a: Cresselia|19\/100\n|-damage|p1a: Cresselia|11\/100\n|-damage|p1a: Cresselia|2\/100\n|-damage|p1a: Cresselia|0 fnt\n|faint|p1a: Cresselia\n|-hitcount|p1: Cresselia|9\n|\n|win|AvianRoseline\n|raw|alvwuey's rating: 1040 &rarr; <strong>1023<\/strong><br \/>(-17 for losing)\n|raw|AvianRoseline's rating: 1016 &rarr; <strong>1056<\/strong><br \/>(+40 for winning)\n|l|\u2606alvwuey\n","uploadtime":1700531300,"views":4,"p1id":"alvwuey","p2id":"avianroseline","formatid":"gen9vgc2023regulatione","rating":1023,"private":0,"password":""}