{"id":"gen9vgc2023regulatione-1990855252","p1":"GingerPhysics","p2":"alt953","format":"[Gen 9] VGC 2023 Regulation E","log":"|j|\u2606GingerPhysics\n|j|\u2606alt953\n|t:|1700007990\n|gametype|doubles\n|player|p1|GingerPhysics|bellelba|1504\n|player|p2|alt953|1|1592\n|teamsize|p1|6\n|teamsize|p2|6\n|gen|9\n|tier|[Gen 9] VGC 2023 Regulation E\n|rated|\n|rule|Species Clause: Limit one of each Pok\u00e9mon\n|rule|Item Clause: Limit one of each item\n|clearpoke\n|poke|p1|Cresselia, L50, F|\n|poke|p1|Ursaluna, L50, M|\n|poke|p1|Torkoal, L50, F|\n|poke|p1|Flutter Mane, L50|\n|poke|p1|Lilligant, L50, F|\n|poke|p1|Iron Hands, L50|\n|poke|p2|Tornadus, L50, M|\n|poke|p2|Flutter Mane, L50|\n|poke|p2|Chien-Pao, L50|\n|poke|p2|Rillaboom, L50, M|\n|poke|p2|Arcanine-Hisui, L50, F|\n|poke|p2|Urshifu-*, L50, M|\n|teampreview|4\n|inactive|Battle timer is ON: inactive players will automatically lose when time's up. (requested by GingerPhysics)\n|inactive|alt953 has 60 seconds left.\n|inactive|alt953 has 30 seconds left.\n|\n|t:|1700008058\n|start\n|switch|p1a: Cresselia|Cresselia, L50, F|100\/100\n|switch|p1b: Ursaluna|Ursaluna, L50, M|100\/100\n|switch|p2a: Tornadus|Tornadus, L50, M|100\/100\n|switch|p2b: Arcanine|Arcanine-Hisui, L50, F|100\/100\n|-ability|p2b: Arcanine|Intimidate|boost\n|-unboost|p1a: Cresselia|atk|1\n|-unboost|p1b: Ursaluna|atk|1\n|turn|1\n|\n|t:|1700008075\n|switch|p2b: Rillaboom|Rillaboom, L50, M|100\/100\n|-fieldstart|move: Grassy Terrain|[from] ability: Grassy Surge|[of] p2b: Rillaboom\n|move|p2a: Tornadus|Taunt|p1a: Cresselia\n|-start|p1a: Cresselia|move: Taunt\n|-enditem|p1a: Cresselia|Mental Herb\n|-end|p1a: Cresselia|move: Taunt\n|move|p1b: Ursaluna|Swords Dance|p1b: Ursaluna\n|-boost|p1b: Ursaluna|atk|2\n|move|p1a: Cresselia|Trick Room|p1a: Cresselia\n|-fieldstart|move: Trick Room|[of] p1a: Cresselia\n|\n|-status|p1b: Ursaluna|brn|[from] item: Flame Orb\n|upkeep\n|turn|2\n|inactive|alt953 has 30 seconds left.\n|\n|t:|1700008102\n|switch|p2a: Arcanine|Arcanine-Hisui, L50, F|100\/100\n|-ability|p2a: Arcanine|Intimidate|boost\n|-unboost|p1a: Cresselia|atk|1\n|-unboost|p1b: Ursaluna|atk|1\n|-terastallize|p1b: Ursaluna|Ghost\n|move|p1b: Ursaluna|Facade|p2b: Rillaboom\n|-damage|p2b: Rillaboom|0 fnt\n|faint|p2b: Rillaboom\n|move|p1a: Cresselia|Skill Swap|p2a: Arcanine\n|-activate|p1a: Cresselia|move: Skill Swap|Intimidate|Levitate|[of] p2a: Arcanine\n|-ability|p1a: Cresselia|Intimidate|boost\n|-unboost|p2a: Arcanine|atk|1\n|\n|-damage|p1b: Ursaluna|95\/100 brn|[from] brn\n|upkeep\n|inactive|alt953 has 30 seconds left.\n|inactive|alt953 has 20 seconds left.\n|\n|t:|1700008142\n|switch|p2b: Urshifu|Urshifu-Rapid-Strike, L50, M|100\/100\n|turn|3\n|\n|t:|1700008150\n|move|p2b: Urshifu|Protect|p2b: Urshifu\n|-singleturn|p2b: Urshifu|Protect\n|move|p1b: Ursaluna|Swords Dance|p1b: Ursaluna\n|-boost|p1b: Ursaluna|atk|2\n|move|p1a: Cresselia|Skill Swap|p2a: Arcanine\n|-activate|p1a: Cresselia|move: Skill Swap|Levitate|Intimidate|[of] p2a: Arcanine\n|-ability|p2a: Arcanine|Intimidate|boost\n|-unboost|p1a: Cresselia|atk|1\n|-unboost|p1b: Ursaluna|atk|1\n|move|p2a: Arcanine|Flare Blitz|p1b: Ursaluna\n|-damage|p1b: Ursaluna|54\/100 brn\n|-damage|p2a: Arcanine|84\/100|[from] Recoil\n|\n|-heal|p1b: Ursaluna|60\/100 brn|[from] Grassy Terrain\n|-heal|p2a: Arcanine|90\/100|[from] Grassy Terrain\n|-damage|p1b: Ursaluna|54\/100 brn|[from] brn\n|upkeep\n|turn|4\n|inactive|GingerPhysics has 30 seconds left.\n|inactive|alt953 has 30 seconds left.\n|\n|t:|1700008182\n|switch|p2b: Tornadus|Tornadus, L50, M|100\/100\n|move|p1b: Ursaluna|Earthquake|p2b: Tornadus|[spread] p2a\n|-immune|p1a: Cresselia|[from] ability: Levitate\n|-immune|p2b: Tornadus\n|-supereffective|p2a: Arcanine\n|-damage|p2a: Arcanine|0 fnt\n|faint|p2a: Arcanine\n|move|p1a: Cresselia|Lunar Blessing|p1a: Cresselia|[spread] p1a,p1b\n|-heal|p1b: Ursaluna|79\/100 brn\n|-curestatus|p1b: Ursaluna|brn|[msg]\n|\n|-heal|p1b: Ursaluna|85\/100|[from] Grassy Terrain\n|-status|p1b: Ursaluna|brn|[from] item: Flame Orb\n|upkeep\n|\n|t:|1700008189\n|switch|p2a: Urshifu|Urshifu-Rapid-Strike, L50, M|100\/100\n|turn|5\n|inactive|alt953 has 30 seconds left.\n|inactive|alt953 has 20 seconds left.\n|\n|t:|1700008227\n|switch|p1a: Torkoal|Torkoal, L50, F|100\/100\n|-weather|SunnyDay|[from] ability: Drought|[of] p1a: Torkoal\n|-terastallize|p2b: Tornadus|Ghost\n|move|p2a: Urshifu|Protect|p2a: Urshifu\n|-singleturn|p2a: Urshifu|Protect\n|move|p2b: Tornadus|Taunt|p1a: Torkoal\n|-start|p1a: Torkoal|move: Taunt\n|move|p1b: Ursaluna|Facade|p2b: Tornadus\n|-immune|p2b: Tornadus\n|\n|-weather|SunnyDay|[upkeep]\n|-heal|p1b: Ursaluna|91\/100 brn|[from] Grassy Terrain\n|-damage|p1b: Ursaluna|85\/100 brn|[from] brn\n|-fieldend|move: Trick Room\n|-fieldend|move: Grassy Terrain\n|upkeep\n|turn|6\n|inactive|alt953 has 30 seconds left.\n|\n|t:|1700008253\n|switch|p1a: Cresselia|Cresselia, L50, F|100\/100\n|move|p2b: Tornadus|Rain Dance|p2b: Tornadus\n|-weather|RainDance\n|move|p2a: Urshifu|Surging Strikes|p1b: Ursaluna\n|-crit|p1b: Ursaluna\n|-damage|p1b: Ursaluna|56\/100 brn\n|-crit|p1b: Ursaluna\n|-damage|p1b: Ursaluna|27\/100 brn\n|-crit|p1b: Ursaluna\n|-damage|p1b: Ursaluna|0 fnt\n|faint|p1b: Ursaluna\n|-hitcount|p1: Ursaluna|3\n|\n|-weather|RainDance|[upkeep]\n|upkeep\n|\n|t:|1700008267\n|switch|p1b: Iron Hands|Iron Hands, L50|100\/100\n|turn|7\n|\n|t:|1700008282\n|move|p2a: Urshifu|Protect|p2a: Urshifu\n|-singleturn|p2a: Urshifu|Protect\n|move|p2b: Tornadus|Taunt|p1a: Cresselia\n|-start|p1a: Cresselia|move: Taunt\n|move|p1b: Iron Hands|Wild Charge|p2a: Urshifu\n|-activate|p2a: Urshifu|move: Protect\n|cant|p1a: Cresselia|move: Taunt|Trick Room\n|\n|-weather|RainDance|[upkeep]\n|upkeep\n|turn|8\n|\n|t:|1700008298\n|move|p2b: Tornadus|Rain Dance||[still]\n|-fail|p2b: Tornadus\n|move|p2a: Urshifu|Surging Strikes|p1b: Iron Hands\n|-crit|p1b: Iron Hands\n|-damage|p1b: Iron Hands|74\/100\n|-crit|p1b: Iron Hands\n|-damage|p1b: Iron Hands|49\/100\n|-crit|p1b: Iron Hands\n|-damage|p1b: Iron Hands|22\/100\n|-hitcount|p1b: Iron Hands|3\n|move|p1a: Cresselia|Ice Beam|p2a: Urshifu\n|-resisted|p2a: Urshifu\n|-damage|p2a: Urshifu|89\/100\n|move|p1b: Iron Hands|Wild Charge|p2a: Urshifu\n|-supereffective|p2a: Urshifu\n|-damage|p2a: Urshifu|0 fnt\n|faint|p2a: Urshifu\n|-damage|p1b: Iron Hands|6\/100|[from] Recoil\n|\n|-weather|RainDance|[upkeep]\n|upkeep\n|turn|9\n|\n|t:|1700008321\n|move|p2b: Tornadus|Bleakwind Storm|p1b: Iron Hands|[spread] p1a,p1b\n|-damage|p1a: Cresselia|81\/100\n|-damage|p1b: Iron Hands|0 fnt\n|-unboost|p1a: Cresselia|spe|1\n|faint|p1b: Iron Hands\n|-end|p1b: Iron Hands|Quark Drive|[silent]\n|move|p1a: Cresselia|Ice Beam|p2b: Tornadus\n|-damage|p2b: Tornadus|85\/100\n|-status|p2b: Tornadus|frz\n|\n|-weather|RainDance|[upkeep]\n|-end|p1a: Cresselia|move: Taunt\n|upkeep\n|\n|t:|1700008333\n|switch|p1b: Torkoal|Torkoal, L50, F|100\/100\n|-weather|SunnyDay|[from] ability: Drought|[of] p1b: Torkoal\n|turn|10\n|\n|t:|1700008343\n|-curestatus|p2b: Tornadus|frz|[msg]\n|move|p2b: Tornadus|Rain Dance|p2b: Tornadus\n|-weather|RainDance\n|move|p1a: Cresselia|Ice Beam|p2b: Tornadus\n|-damage|p2b: Tornadus|69\/100\n|move|p1b: Torkoal|Eruption|p2b: Tornadus\n|-damage|p2b: Tornadus|31\/100\n|\n|-weather|RainDance|[upkeep]\n|upkeep\n|turn|11\n|\n|t:|1700008360\n|move|p2b: Tornadus|Bleakwind Storm|p1a: Cresselia|[spread] p1a,p1b\n|-damage|p1a: Cresselia|60\/100\n|-damage|p1b: Torkoal|62\/100\n|-unboost|p1a: Cresselia|spe|1\n|-unboost|p1b: Torkoal|spe|1\n|move|p1a: Cresselia|Ice Beam|p2b: Tornadus\n|-damage|p2b: Tornadus|16\/100\n|move|p1b: Torkoal|Earth Power|p2b: Tornadus\n|-damage|p2b: Tornadus|0 fnt\n|faint|p2b: Tornadus\n|\n|win|GingerPhysics\n|raw|GingerPhysics's rating: 1504 &rarr; <strong>1529<\/strong><br \/>(+25 for winning)\n|raw|alt953's rating: 1592 &rarr; <strong>1567<\/strong><br \/>(-25 for losing)\n","uploadtime":1700008368,"views":15,"p1id":"gingerphysics","p2id":"alt953","formatid":"gen9vgc2023regulatione","rating":1529,"private":0,"password":""}