{"id":"gen9vgc2023regulatione-1998947743","p1":"Genericname01","p2":"5wamp","format":"[Gen 9] VGC 2023 Regulation E","log":"|j|\u2606Genericname01\n|j|\u26065wamp\n|n|\u2606Genericname01|genericname01\n|n|\u26065wamp|5wamp\n|html|View the match progress at <a href=\"\/game-bestof3-gen9vgc2023regulatione-1998947742\">game-bestof3-gen9vgc2023regulatione-1998947742<\/a>\n|t:|1701016531\n|gametype|doubles\n|player|p1|Genericname01|elesa|\n|player|p2|5wamp|carmine-festival|\n|teamsize|p1|6\n|teamsize|p2|6\n|gen|9\n|tier|[Gen 9] VGC 2023 Regulation E\n|rule|Species Clause: Limit one of each Pok\u00e9mon\n|rule|Item Clause: Limit one of each item\n|clearpoke\n|poke|p1|Annihilape, L50, M|\n|poke|p1|Sandy Shocks, L50|\n|poke|p1|Overqwil, L50, M|\n|poke|p1|Shiftry, L50, F|\n|poke|p1|Roaring Moon, L50|\n|poke|p1|Ninetales, L50, M|\n|poke|p2|Gholdengo, L50|\n|poke|p2|Iron Moth, L50|\n|poke|p2|Clefable, L50, F|\n|poke|p2|Krookodile, L50, M|\n|poke|p2|Tornadus, L50, M|\n|poke|p2|Milotic, L50, F|\n|teampreview|4\n|inactive|Battle timer is ON: inactive players will automatically lose when time's up. (requested by Genericname01)\n|c|\u26065wamp|glhf!\n|inactiveoff|Battle timer is now OFF.\n|c|\u2606Genericname01|glhf\n|c|\u2606Genericname01|I'll grab replays\nGenericname01 rejected open team sheets.\n|c|\u26065wamp|dope ty\n|j| idolhunter28273\n|\n|t:|1701016593\n|start\n|switch|p1a: Shiftry|Shiftry, L50, F|100\/100\n|switch|p1b: Annihilape|Annihilape, L50, M|100\/100\n|switch|p2a: Krookodile|Krookodile, L50, M|100\/100\n|switch|p2b: Tornadus|Tornadus, L50, M|100\/100\n|-ability|p2a: Krookodile|Intimidate|boost\n|-unboost|p1a: Shiftry|atk|1\n|-unboost|p1b: Annihilape|atk|1\n|-ability|p1b: Annihilape|Defiant|boost\n|-boost|p1b: Annihilape|atk|2\n|turn|1\n|c| idolhunter28273|good luck to both of you!\n|\n|t:|1701016631\n|-terastallize|p2a: Krookodile|Dark\n|move|p2b: Tornadus|Protect|p2b: Tornadus\n|-singleturn|p2b: Tornadus|Protect\n|move|p1a: Shiftry|Fake Out|p2b: Tornadus\n|-activate|p2b: Tornadus|move: Protect\n|move|p1b: Annihilape|Close Combat|p2a: Krookodile\n|-supereffective|p2a: Krookodile\n|-damage|p2a: Krookodile|0 fnt\n|-unboost|p1b: Annihilape|def|1\n|-unboost|p1b: Annihilape|spd|1\n|faint|p2a: Krookodile\n|\n|upkeep\n|\n|t:|1701016652\n|switch|p2a: Iron Moth|Iron Moth, L50|100\/100\n|-enditem|p2a: Iron Moth|Booster Energy\n|-activate|p2a: Iron Moth|ability: Quark Drive|[fromitem]\n|-start|p2a: Iron Moth|quarkdrivespa\n|turn|2\n|\n|t:|1701016673\n|switch|p1b: Roaring Moon|Roaring Moon, L50|100\/100\n|-enditem|p1b: Roaring Moon|Booster Energy\n|-activate|p1b: Roaring Moon|ability: Protosynthesis|[fromitem]\n|-start|p1b: Roaring Moon|protosynthesisatk\n|switch|p2b: Clefable|Clefable, L50, F|100\/100\n|move|p2a: Iron Moth|Dazzling Gleam|p1b: Roaring Moon|[spread] p1a,p1b\n|-supereffective|p1a: Shiftry\n|-supereffective|p1b: Roaring Moon\n|-damage|p1a: Shiftry|25\/100\n|-damage|p1b: Roaring Moon|0 fnt\n|faint|p1b: Roaring Moon\n|-end|p1b: Roaring Moon|Protosynthesis|[silent]\n|move|p1a: Shiftry|Tailwind|p1a: Shiftry\n|-sidestart|p1: Genericname01|move: Tailwind\n|-ability|p1a: Shiftry|Wind Rider|boost\n|-boost|p1a: Shiftry|atk|1\n|\n|upkeep\n|\n|t:|1701016687\n|switch|p1b: Sandy Shocks|Sandy Shocks, L50|100\/100\n|turn|3\n|\n|t:|1701016697\n|move|p2a: Iron Moth|Protect|p2a: Iron Moth\n|-singleturn|p2a: Iron Moth|Protect\n|move|p1b: Sandy Shocks|Earth Power|p2a: Iron Moth\n|-activate|p2a: Iron Moth|move: Protect\n|move|p1a: Shiftry|Taunt|p2b: Clefable\n|-start|p2b: Clefable|move: Taunt\n|move|p2b: Clefable|Moonblast|p1b: Sandy Shocks\n|-damage|p1b: Sandy Shocks|58\/100\n|-unboost|p1b: Sandy Shocks|spa|1\n|\n|upkeep\n|turn|4\n|l| idolhunter28273\n|j| idolhunter28273\n|\n|t:|1701016717\n|-end|p2a: Iron Moth|Quark Drive|[silent]\n|switch|p2a: Tornadus|Tornadus, L50, M|100\/100\n|move|p1b: Sandy Shocks|Earth Power|p2b: Clefable\n|-damage|p2b: Clefable|58\/100\n|move|p1a: Shiftry|Knock Off|p2a: Tornadus\n|-damage|p2a: Tornadus|50\/100\n|-enditem|p2a: Tornadus|Focus Sash|[from] move: Knock Off|[of] p1a: Shiftry\n|move|p2b: Clefable|Moonblast|p1a: Shiftry\n|-supereffective|p1a: Shiftry\n|-damage|p1a: Shiftry|0 fnt\n|faint|p1a: Shiftry\n|\n|upkeep\n|\n|t:|1701016729\n|switch|p1a: Annihilape|Annihilape, L50, M|100\/100\n|turn|5\n|\n|t:|1701016744\n|move|p2a: Tornadus|Protect|p2a: Tornadus\n|-singleturn|p2a: Tornadus|Protect\n|move|p1a: Annihilape|Rage Fist|p2b: Clefable\n|-damage|p2b: Clefable|38\/100\n|-enditem|p2b: Clefable|Sitrus Berry|[eat]\n|-heal|p2b: Clefable|62\/100|[from] item: Sitrus Berry\n|move|p1b: Sandy Shocks|Earth Power|p2b: Clefable\n|-damage|p2b: Clefable|17\/100\n|-unboost|p2b: Clefable|spd|1\n|move|p2b: Clefable|Moonblast|p1b: Sandy Shocks\n|-damage|p1b: Sandy Shocks|17\/100\n|-unboost|p1b: Sandy Shocks|spa|1\n|\n|-end|p2b: Clefable|move: Taunt\n|-sideend|p1: Genericname01|move: Tailwind\n|upkeep\n|turn|6\n|\n|t:|1701016764\n|move|p2a: Tornadus|Tailwind|p2a: Tornadus\n|-sidestart|p2: 5wamp|move: Tailwind\n|move|p1a: Annihilape|Rage Fist|p2a: Tornadus\n|-damage|p2a: Tornadus|13\/100\n|move|p2b: Clefable|Moonblast|p1a: Annihilape\n|-supereffective|p1a: Annihilape\n|-damage|p1a: Annihilape|43\/100\n|move|p1b: Sandy Shocks|Earth Power|p2b: Clefable\n|-damage|p2b: Clefable|0 fnt\n|faint|p2b: Clefable\n|\n|upkeep\n|\n|t:|1701016774\n|switch|p2b: Iron Moth|Iron Moth, L50|100\/100\n|turn|7\n|\n|t:|1701016785\n|move|p2a: Tornadus|Bleakwind Storm|p1b: Sandy Shocks|[spread] p1a,p1b\n|-supereffective|p1a: Annihilape\n|-resisted|p1b: Sandy Shocks\n|-damage|p1a: Annihilape|0 fnt\n|-damage|p1b: Sandy Shocks|0 fnt\n|faint|p1a: Annihilape\n|faint|p1b: Sandy Shocks\n|-end|p1b: Sandy Shocks|Protosynthesis|[silent]\n|\n|win|5wamp\n|c|\u26065wamp|gg\n|c|\u2606Genericname01|gg\n|c|&|\/uhtml prompt-genericname01,Genericname01 is ready for game 2!\n|c|&|\/uhtml prompt-5wamp,5wamp is ready for game 2!\nBoth players are ready! Starting next match!\n|l| idolhunter28273\n|j| pokemon_and_beer\n|l| pokemon_and_beer\n","uploadtime":1701017339,"views":2,"p1id":"genericname01","p2id":"5wamp","formatid":"gen9vgc2023regulatione","rating":0,"private":0,"password":""}