{"id":"gen9vgc2023regulatione-1992503738","p1":"Rocket Turtle","p2":"Aragon_Neotrix","format":"[Gen 9] VGC 2023 Regulation E","log":"|j|\u2606Rocket Turtle\n|j|\u2606Aragon_Neotrix\n|t:|1700196126\n|gametype|doubles\n|player|p1|Rocket Turtle|n|1261\n|player|p2|Aragon_Neotrix|cheren-gen5bw2|1152\n|teamsize|p1|6\n|teamsize|p2|6\n|gen|9\n|tier|[Gen 9] VGC 2023 Regulation E\n|rated|\n|rule|Species Clause: Limit one of each Pok\u00e9mon\n|rule|Item Clause: Limit one of each item\n|clearpoke\n|poke|p1|Chi-Yu, L50|\n|poke|p1|Ogerpon-Wellspring, L50, F|\n|poke|p1|Landorus-Therian, L50, M|\n|poke|p1|Iron Hands, L50|\n|poke|p1|Flutter Mane, L50|\n|poke|p1|Cresselia, L50, F|\n|poke|p2|Gyarados, L50, M|\n|poke|p2|Dragonite, L50, F|\n|poke|p2|Talonflame, L50, M|\n|poke|p2|Decidueye, L50, F|\n|poke|p2|Umbreon, L50, F|\n|poke|p2|Clefairy, L50, F|\n|teampreview|4\nRocket Turtle has agreed to open team sheets.\n|inactive|Battle timer is ON: inactive players will automatically lose when time's up. (requested by Rocket Turtle)\n|\n|t:|1700196172\n|start\n|switch|p1a: Landorus|Landorus-Therian, L50, M|100\/100\n|switch|p1b: Iron Hands|Iron Hands, L50|100\/100\n|switch|p2a: Talonflame|Talonflame, L50, M|100\/100\n|switch|p2b: Gyarados|Gyarados, L50, M|100\/100\n|-ability|p1a: Landorus|Intimidate|boost\n|-unboost|p2a: Talonflame|atk|1\n|-fail|p2b: Gyarados|unboost|[from] item: Clear Amulet|[of] p2b: Gyarados\n|-ability|p2b: Gyarados|Intimidate|boost\n|-unboost|p1a: Landorus|atk|1\n|-unboost|p1b: Iron Hands|atk|1\n|turn|1\n|\n|t:|1700196191\n|-terastallize|p2b: Gyarados|Ground\n|move|p2a: Talonflame|Protect|p2a: Talonflame\n|-singleturn|p2a: Talonflame|Protect\n|move|p1a: Landorus|Rock Slide|p2a: Talonflame|[spread] \n|-activate|p2a: Talonflame|move: Protect\n|-miss|p1a: Landorus|p2b: Gyarados\n|move|p2b: Gyarados|Dragon Dance|p2b: Gyarados\n|-boost|p2b: Gyarados|atk|1\n|-boost|p2b: Gyarados|spe|1\n|move|p1b: Iron Hands|Wild Charge|p2b: Gyarados\n|-immune|p2b: Gyarados\n|\n|upkeep\n|turn|2\n|\n|t:|1700196213\n|switch|p1a: Cresselia|Cresselia, L50, F|100\/100\n|move|p2b: Gyarados|Ice Fang|p1a: Cresselia\n|-damage|p1a: Cresselia|79\/100\n|move|p2a: Talonflame|Will-O-Wisp|p1b: Iron Hands\n|-status|p1b: Iron Hands|brn\n|move|p1b: Iron Hands|Wild Charge|p2a: Talonflame\n|-supereffective|p2a: Talonflame\n|-crit|p2a: Talonflame\n|-enditem|p2a: Talonflame|Focus Sash\n|-damage|p2a: Talonflame|1\/100\n|-damage|p1b: Iron Hands|85\/100 brn|[from] Recoil\n|\n|-damage|p1b: Iron Hands|79\/100 brn|[from] brn\n|upkeep\n|turn|3\n|inactive|Aragon_Neotrix has 30 seconds left.\n|\n|t:|1700196241\n|move|p2b: Gyarados|Aqua Tail|p1a: Cresselia\n|-damage|p1a: Cresselia|33\/100\n|move|p2a: Talonflame|Brave Bird|p1a: Cresselia\n|-damage|p1a: Cresselia|12\/100\n|-damage|p2a: Talonflame|0 fnt|[from] Recoil\n|faint|p2a: Talonflame\n|move|p1a: Cresselia|Lunar Blessing|p1a: Cresselia|[spread] p1a,p1b\n|-heal|p1a: Cresselia|37\/100\n|-heal|p1b: Iron Hands|100\/100 brn\n|-curestatus|p1b: Iron Hands|brn|[msg]\n|move|p1b: Iron Hands|Wild Charge|p2b: Gyarados\n|-immune|p2b: Gyarados\n|\n|upkeep\n|\n|t:|1700196253\n|switch|p2a: Clefairy|Clefairy, L50, F|100\/100\n|turn|4\n|\n|t:|1700196275\n|switch|p2a: Umbreon|Umbreon, L50, F|100\/100\n|move|p1a: Cresselia|Helping Hand|p1b: Iron Hands\n|-singleturn|p1b: Iron Hands|Helping Hand|[of] p1a: Cresselia\n|move|p2b: Gyarados|Aqua Tail|p1a: Cresselia\n|-damage|p1a: Cresselia|0 fnt\n|faint|p1a: Cresselia\n|move|p1b: Iron Hands|Heavy Slam|p2a: Umbreon\n|-damage|p2a: Umbreon|66\/100\n|\n|-heal|p2a: Umbreon|72\/100|[from] item: Leftovers\n|upkeep\n|\n|t:|1700196281\n|switch|p1a: Landorus|Landorus-Therian, L50, M|100\/100\n|-ability|p1a: Landorus|Intimidate|boost\n|-fail|p2a: Umbreon|unboost|Attack|[from] ability: Inner Focus|[of] p2a: Umbreon\n|-fail|p2b: Gyarados|unboost|[from] item: Clear Amulet|[of] p2b: Gyarados\n|turn|5\n|\n|t:|1700196297\n|-end|p1b: Iron Hands|Quark Drive|[silent]\n|switch|p1b: Chi-Yu|Chi-Yu, L50|100\/100\n|-ability|p1b: Chi-Yu|Beads of Ruin\n|move|p1a: Landorus|U-turn|p2a: Umbreon\n|-supereffective|p2a: Umbreon\n|-damage|p2a: Umbreon|29\/100\n|\n|t:|1700196303\n|switch|p1a: Iron Hands|Iron Hands, L50|100\/100|[from] U-turn\n|move|p2b: Gyarados|Ice Fang|p1a: Iron Hands\n|-damage|p1a: Iron Hands|76\/100\n|move|p2a: Umbreon|Yawn|p1b: Chi-Yu\n|-start|p1b: Chi-Yu|move: Yawn|[of] p2a: Umbreon\n|\n|-heal|p2a: Umbreon|35\/100|[from] item: Leftovers\n|upkeep\n|turn|6\n|\n|t:|1700196311\n|switch|p1b: Landorus|Landorus-Therian, L50, M|100\/100\n|-ability|p1b: Landorus|Intimidate|boost\n|-fail|p2a: Umbreon|unboost|Attack|[from] ability: Inner Focus|[of] p2a: Umbreon\n|-fail|p2b: Gyarados|unboost|[from] item: Clear Amulet|[of] p2b: Gyarados\n|move|p2a: Umbreon|Protect|p2a: Umbreon\n|-singleturn|p2a: Umbreon|Protect\n|move|p1a: Iron Hands|Fake Out|p2b: Gyarados\n|-damage|p2b: Gyarados|79\/100\n|cant|p2b: Gyarados|flinch\n|\n|-heal|p2a: Umbreon|41\/100|[from] item: Leftovers\n|upkeep\n|turn|7\n|inactive|Rocket Turtle has 30 seconds left.\n|\n|t:|1700196342\n|move|p1b: Landorus|U-turn|p2a: Umbreon\n|-supereffective|p2a: Umbreon\n|-damage|p2a: Umbreon|0 fnt\n|faint|p2a: Umbreon\n|\n|t:|1700196345\n|switch|p1b: Chi-Yu|Chi-Yu, L50|100\/100|[from] U-turn\n|-ability|p1b: Chi-Yu|Beads of Ruin\n|move|p2b: Gyarados|Earthquake|p1a: Iron Hands|[spread] p1a,p1b\n|-supereffective|p1a: Iron Hands\n|-supereffective|p1b: Chi-Yu\n|-damage|p1a: Iron Hands|0 fnt\n|-damage|p1b: Chi-Yu|0 fnt\n|faint|p1a: Iron Hands\n|-end|p1a: Iron Hands|Quark Drive|[silent]\n|faint|p1b: Chi-Yu\n|\n|upkeep\n|\n|t:|1700196358\n|switch|p1b: Landorus|Landorus-Therian, L50, M|100\/100\n|switch|p2a: Clefairy|Clefairy, L50, F|100\/100\n|-ability|p1b: Landorus|Intimidate|boost\n|-unboost|p2a: Clefairy|atk|1\n|-fail|p2b: Gyarados|unboost|[from] item: Clear Amulet|[of] p2b: Gyarados\n|turn|8\n|-message|Rocket Turtle forfeited.\n|\n|win|Aragon_Neotrix\n|raw|Rocket Turtle's rating: 1261 &rarr; <strong>1228<\/strong><br \/>(-33 for losing)\n|raw|Aragon_Neotrix's rating: 1152 &rarr; <strong>1185<\/strong><br \/>(+33 for winning)\n|l|\u2606Rocket Turtle\n","uploadtime":1700196366,"views":13,"p1id":"rocketturtle","p2id":"aragonneotrix","formatid":"gen9vgc2023regulatione","rating":1185,"private":0,"password":""}