{"id":"gen9vgc2023regulatione-1998650038","p1":"Valkyrie123","p2":"TREY_NJVGC","format":"[Gen 9] VGC 2023 Regulation E","log":"|j|\u2606Valkyrie123\n|j|\u2606TREY_NJVGC\n|t:|1700967589\n|gametype|doubles\n|player|p1|Valkyrie123|birdkeeper-gen6|1188\n|player|p2|TREY_NJVGC|bede-leader|1115\n|teamsize|p1|6\n|teamsize|p2|6\n|gen|9\n|tier|[Gen 9] VGC 2023 Regulation E\n|rated|\n|rule|Species Clause: Limit one of each Pok\u00e9mon\n|rule|Item Clause: Limit one of each item\n|clearpoke\n|poke|p1|Sneasler, L50, M|\n|poke|p1|Gothitelle, L50, M|\n|poke|p1|Flutter Mane, L50|\n|poke|p1|Scream Tail, L50|\n|poke|p1|Zoroark-Hisui, L50, F|\n|poke|p1|Ursaluna-Bloodmoon, L50, M|\n|poke|p2|Urshifu-*, L50, M|\n|poke|p2|Politoed, L50, M|\n|poke|p2|Ludicolo, L50, F|\n|poke|p2|Thundurus-Therian, L50, M|\n|poke|p2|Tornadus, L50, M|\n|poke|p2|Gholdengo, L50|\n|teampreview|4\n|\n|t:|1700967658\n|start\n|switch|p1a: Sneasler|Sneasler, L50, M|100\/100\n|switch|p1b: Scream Tail|Scream Tail, L50|100\/100\n|switch|p2a: Tornadus|Tornadus, L50, M|100\/100\n|switch|p2b: Gholdengo|Gholdengo, L50|100\/100\n|turn|1\n|\n|t:|1700967691\n|-terastallize|p1a: Sneasler|Fire\n|-terastallize|p2b: Gholdengo|Steel\n|move|p2a: Tornadus|Tailwind|p2a: Tornadus\n|-sidestart|p2: TREY_NJVGC|move: Tailwind\n|move|p2b: Gholdengo|Make It Rain|p1a: Sneasler|[spread] p1a,p1b\n|-resisted|p1a: Sneasler\n|-damage|p1a: Sneasler|59\/100\n|-damage|p1b: Scream Tail|20\/100\n|-unboost|p2b: Gholdengo|spa|1\n|replace|p1b: Zoroark|Zoroark-Hisui, L50, F\n|-end|p1b: Zoroark|Illusion\n|move|p1a: Sneasler|Fire Punch|p2b: Gholdengo\n|-supereffective|p2b: Gholdengo\n|-damage|p2b: Gholdengo|16\/100\n|move|p1b: Zoroark|Burning Jealousy|p2a: Tornadus|[spread] p2a,p2b\n|-supereffective|p2b: Gholdengo\n|-damage|p2a: Tornadus|74\/100\n|-damage|p2b: Gholdengo|0 fnt\n|faint|p2b: Gholdengo\n|\n|upkeep\n|\n|t:|1700967711\n|switch|p2b: Politoed|Politoed, L50, M|100\/100\n|-weather|RainDance|[from] ability: Drizzle|[of] p2b: Politoed\n|turn|2\n|c|\u2606TREY_NJVGC|that was pretty cool\n|\n|t:|1700967743\n|move|p2b: Politoed|Helping Hand|p2a: Tornadus\n|-singleturn|p2a: Tornadus|Helping Hand|[of] p2b: Politoed\n|move|p2a: Tornadus|Bleakwind Storm|p1a: Sneasler|[spread] p1a,p1b\n|-damage|p1a: Sneasler|0 fnt\n|-damage|p1b: Zoroark|0 fnt\n|faint|p1a: Sneasler\n|faint|p1b: Zoroark\n|\n|-weather|RainDance|[upkeep]\n|upkeep\n|\n|t:|1700967751\n|switch|p1a: Ursaluna|Ursaluna-Bloodmoon, L50, M|100\/100\n|switch|p1b: Scream Tail|Scream Tail, L50|100\/100\n|-enditem|p1b: Scream Tail|Booster Energy\n|-activate|p1b: Scream Tail|ability: Protosynthesis|[fromitem]\n|-start|p1b: Scream Tail|protosynthesisspe\n|turn|3\n|\n|t:|1700967770\n|move|p1a: Ursaluna|Protect|p1a: Ursaluna\n|-singleturn|p1a: Ursaluna|Protect\n|move|p2a: Tornadus|Bleakwind Storm|p1b: Scream Tail|[spread] p1b\n|-activate|p1a: Ursaluna|move: Protect\n|-damage|p1b: Scream Tail|74\/100\n|move|p1b: Scream Tail|Play Rough|p2b: Politoed\n|-damage|p2b: Politoed|76\/100\n|move|p2b: Politoed|Perish Song|p2b: Politoed\n|-start|p1a: Ursaluna|perish3|[silent]\n|-start|p1b: Scream Tail|perish3|[silent]\n|-start|p2a: Tornadus|perish3|[silent]\n|-start|p2b: Politoed|perish3|[silent]\n|-fieldactivate|move: Perish Song\n|\n|-weather|RainDance|[upkeep]\n|-start|p2a: Tornadus|perish3\n|-start|p1b: Scream Tail|perish3\n|-start|p2b: Politoed|perish3\n|-start|p1a: Ursaluna|perish3\n|upkeep\n|turn|4\n|\n|t:|1700967808\n|move|p2a: Tornadus|Taunt|p1b: Scream Tail\n|-start|p1b: Scream Tail|move: Taunt\n|cant|p1b: Scream Tail|move: Taunt|Disable\n|move|p2b: Politoed|Chilling Water|p1a: Ursaluna\n|-supereffective|p1a: Ursaluna\n|-damage|p1a: Ursaluna|49\/100\n|-unboost|p1a: Ursaluna|atk|1\n|-enditem|p1a: Ursaluna|Weakness Policy\n|-boost|p1a: Ursaluna|atk|2|[from] item: Weakness Policy\n|-boost|p1a: Ursaluna|spa|2|[from] item: Weakness Policy\n|move|p1a: Ursaluna|Blood Moon|p2b: Politoed\n|-damage|p2b: Politoed|0 fnt\n|faint|p2b: Politoed\n|\n|-weather|RainDance|[upkeep]\n|-start|p2a: Tornadus|perish2\n|-start|p1b: Scream Tail|perish2\n|-start|p1a: Ursaluna|perish2\n|-sideend|p2: TREY_NJVGC|move: Tailwind\n|upkeep\n|\n|t:|1700967825\n|switch|p2b: Urshifu|Urshifu-Rapid-Strike, L50, M|100\/100\n|turn|5\n|\n|t:|1700967843\n|move|p1a: Ursaluna|Protect|p1a: Ursaluna\n|-singleturn|p1a: Ursaluna|Protect\n|move|p2a: Tornadus|Tailwind|p2a: Tornadus\n|-sidestart|p2: TREY_NJVGC|move: Tailwind\n|move|p2b: Urshifu|Surging Strikes|p1b: Scream Tail\n|-crit|p1b: Scream Tail\n|-damage|p1b: Scream Tail|51\/100\n|-crit|p1b: Scream Tail\n|-damage|p1b: Scream Tail|27\/100\n|-crit|p1b: Scream Tail\n|-damage|p1b: Scream Tail|5\/100\n|-hitcount|p1b: Scream Tail|3\n|move|p1b: Scream Tail|Play Rough|p2b: Urshifu\n|-supereffective|p2b: Urshifu\n|-crit|p2b: Urshifu\n|-damage|p2b: Urshifu|31\/100\n|\n|-weather|RainDance|[upkeep]\n|-start|p2a: Tornadus|perish1\n|-start|p1b: Scream Tail|perish1\n|-start|p1a: Ursaluna|perish1\n|upkeep\n|turn|6\n|\n|t:|1700967867\n|move|p2b: Urshifu|Detect|p2b: Urshifu\n|-singleturn|p2b: Urshifu|Protect\n|move|p2a: Tornadus|Bleakwind Storm|p1b: Scream Tail|[spread] p1a,p1b\n|-damage|p1a: Ursaluna|9\/100\n|-damage|p1b: Scream Tail|0 fnt\n|faint|p1b: Scream Tail\n|-end|p1b: Scream Tail|Protosynthesis|[silent]\n|move|p1a: Ursaluna|Hyper Voice|p2b: Urshifu|[spread] p2a\n|-activate|p2b: Urshifu|move: Protect\n|-damage|p2a: Tornadus|0 fnt\n|faint|p2a: Tornadus\n|\n|-weather|none\n|-start|p1a: Ursaluna|perish0\n|faint|p1a: Ursaluna\n|\n|win|TREY_NJVGC\n|upkeep\n|raw|Valkyrie123's rating: 1188 &rarr; <strong>1158<\/strong><br \/>(-30 for losing)\n|raw|TREY_NJVGC's rating: 1115 &rarr; <strong>1145<\/strong><br \/>(+30 for winning)\n|l|\u2606Valkyrie123\n","uploadtime":1700967891,"views":9,"p1id":"valkyrie123","p2id":"treynjvgc","formatid":"gen9vgc2023regulatione","rating":1145,"private":0,"password":""}