{"id":"gen9vgc2023regulatione-1988187341","p1":"MidianVGC","p2":"yukiriii","format":"[Gen 9] VGC 2023 Regulation E","log":"|j|\u2606MidianVGC\n|j|\u2606yukiriii\n|t:|1699681672\n|gametype|doubles\n|player|p1|MidianVGC|169|1272\n|player|p2|yukiriii|marley|1407\n|teamsize|p1|6\n|teamsize|p2|6\n|gen|9\n|tier|[Gen 9] VGC 2023 Regulation E\n|rated|\n|rule|Species Clause: Limit one of each Pok\u00e9mon\n|rule|Item Clause: Limit one of each item\n|clearpoke\n|poke|p1|Chi-Yu, L50|\n|poke|p1|Ogerpon-Wellspring, L50, F|\n|poke|p1|Iron Hands, L50|\n|poke|p1|Landorus-Therian, L50, M|\n|poke|p1|Dragonite, L50, F|\n|poke|p1|Gholdengo, L50|\n|poke|p2|Dusclops, L50, F|\n|poke|p2|Ursaluna-Bloodmoon, L50, M|\n|poke|p2|Ogerpon-Cornerstone, L50, F|\n|poke|p2|Landorus-Therian, L50, M|\n|poke|p2|Iron Hands, L50|\n|poke|p2|Chi-Yu, L50|\n|teampreview|4\nyukiriii has agreed to open team sheets.\n|\n|t:|1699681720\n|start\n|switch|p1a: Chi-Yu|Chi-Yu, L50|100\/100\n|switch|p1b: Gholdengo|Gholdengo, L50|100\/100\n|switch|p2a: Dusclops|Dusclops, L50, F|100\/100\n|switch|p2b: Iron Hands|Iron Hands, L50|100\/100\n|-ability|p1a: Chi-Yu|Beads of Ruin\n|-ability|p2a: Dusclops|Pressure\n|turn|1\n|inactive|Battle timer is ON: inactive players will automatically lose when time's up. (requested by MidianVGC)\n|\n|t:|1699681748\n|-terastallize|p1a: Chi-Yu|Ghost\n|-terastallize|p2a: Dusclops|Dark\n|move|p2b: Iron Hands|Fake Out|p1a: Chi-Yu\n|-immune|p1a: Chi-Yu\n|move|p1a: Chi-Yu|Heat Wave|p2a: Dusclops|[spread] p2a,p2b\n|-damage|p2a: Dusclops|66\/100\n|-damage|p2b: Iron Hands|64\/100\n|move|p1b: Gholdengo|Make It Rain|p2b: Iron Hands|[spread] p2a,p2b\n|-resisted|p2b: Iron Hands\n|-damage|p2a: Dusclops|31\/100\n|-damage|p2b: Iron Hands|44\/100\n|-unboost|p1b: Gholdengo|spa|1\n|move|p2a: Dusclops|Trick Room|p2a: Dusclops\n|-fieldstart|move: Trick Room|[of] p2a: Dusclops\n|\n|upkeep\n|turn|2\n|inactive|MidianVGC has 30 seconds left.\n|inactive|MidianVGC has 20 seconds left.\n|\n|t:|1699681787\n|switch|p1a: Iron Hands|Iron Hands, L50, shiny|100\/100\n|move|p2a: Dusclops|Pain Split|p1a: Iron Hands\n|-sethp|p1a: Iron Hands|60\/100|[from] move: Pain Split|[silent]\n|-sethp|p2a: Dusclops|98\/100|[from] move: Pain Split\n|move|p2b: Iron Hands|Wild Charge|p1a: Iron Hands\n|-resisted|p1a: Iron Hands\n|-damage|p1a: Iron Hands|42\/100\n|-damage|p2b: Iron Hands|40\/100|[from] Recoil\n|move|p1b: Gholdengo|Nasty Plot|p1b: Gholdengo\n|-boost|p1b: Gholdengo|spa|2\n|\n|upkeep\n|turn|3\n|inactive|yukiriii has 30 seconds left.\n|\n|t:|1699681821\n|move|p1a: Iron Hands|Fake Out|p2b: Iron Hands\n|-damage|p2b: Iron Hands|30\/100\n|move|p2a: Dusclops|Will-O-Wisp|p1a: Iron Hands\n|-status|p1a: Iron Hands|brn\n|cant|p2b: Iron Hands|flinch\n|move|p1b: Gholdengo|Nasty Plot|p1b: Gholdengo\n|-boost|p1b: Gholdengo|spa|2\n|\n|-damage|p1a: Iron Hands|36\/100 brn|[from] brn\n|upkeep\n|turn|4\n|inactive|MidianVGC has 30 seconds left.\n|\n|t:|1699681851\n|-end|p1a: Iron Hands|Quark Drive|[silent]\n|switch|p1a: Chi-Yu|Chi-Yu, L50, tera:Ghost|100\/100\n|-ability|p1a: Chi-Yu|Beads of Ruin\n|move|p2a: Dusclops|Night Shade|p1b: Gholdengo\n|-damage|p1b: Gholdengo|73\/100\n|move|p2b: Iron Hands|Wild Charge|p1b: Gholdengo\n|-damage|p1b: Gholdengo|17\/100\n|-enditem|p1b: Gholdengo|Sitrus Berry|[eat]\n|-heal|p1b: Gholdengo|42\/100|[from] item: Sitrus Berry\n|-damage|p2b: Iron Hands|19\/100|[from] Recoil\n|move|p1b: Gholdengo|Nasty Plot|p1b: Gholdengo\n|-boost|p1b: Gholdengo|spa|2\n|\n|upkeep\n|turn|5\n|inactive|MidianVGC has 30 seconds left.\n|inactive|yukiriii has 30 seconds left.\n|inactive|yukiriii has 20 seconds left.\n|inactive|MidianVGC has 20 seconds left.\n|inactive|yukiriii has 15 seconds left.\n|inactive|yukiriii has 10 seconds left.\n|\n|t:|1699681897\n|switch|p1a: Iron Hands|Iron Hands, L50, shiny|36\/100 brn\n|move|p1b: Gholdengo|Protect|p1b: Gholdengo\n|-singleturn|p1b: Gholdengo|Protect\n|move|p2a: Dusclops|Night Shade|p1a: Iron Hands\n|-damage|p1a: Iron Hands|15\/100 brn\n|move|p2b: Iron Hands|Wild Charge|p1a: Iron Hands\n|-resisted|p1a: Iron Hands\n|-damage|p1a: Iron Hands|0 fnt\n|faint|p1a: Iron Hands\n|-end|p1a: Iron Hands|Quark Drive|[silent]\n|-damage|p2b: Iron Hands|15\/100|[from] Recoil\n|\n|-fieldend|move: Trick Room\n|upkeep\n|\n|t:|1699681911\n|switch|p1a: Chi-Yu|Chi-Yu, L50, tera:Ghost|100\/100\n|-ability|p1a: Chi-Yu|Beads of Ruin\n|turn|6\n|\n|t:|1699681924\n|move|p1a: Chi-Yu|Heat Wave|p2b: Iron Hands|[spread] p2a,p2b\n|-damage|p2a: Dusclops|60\/100\n|-damage|p2b: Iron Hands|0 fnt\n|faint|p2b: Iron Hands\n|-end|p2b: Iron Hands|Quark Drive|[silent]\n|move|p1b: Gholdengo|Make It Rain|p2a: Dusclops\n|-damage|p2a: Dusclops|0 fnt\n|-unboost|p1b: Gholdengo|spa|1\n|faint|p2a: Dusclops\n|\n|upkeep\n|\n|t:|1699681929\n|switch|p2b: Landorus|Landorus-Therian, L50, M|100\/100\n|switch|p2a: Ursaluna|Ursaluna-Bloodmoon, L50, M|100\/100\n|-ability|p2b: Landorus|Intimidate|boost\n|-unboost|p1a: Chi-Yu|atk|1\n|-unboost|p1b: Gholdengo|atk|1\n|turn|7\n|inactive|MidianVGC has 30 seconds left.\n|inactive|MidianVGC has 20 seconds left.\n|inactive|MidianVGC has 15 seconds left.\n|inactive|yukiriii has 30 seconds left.\n|inactive|yukiriii has 20 seconds left.\n|\n|t:|1699681983\n|move|p1b: Gholdengo|Protect|p1b: Gholdengo\n|-singleturn|p1b: Gholdengo|Protect\n|move|p2b: Landorus|Stomping Tantrum|p1b: Gholdengo\n|-activate|p1b: Gholdengo|move: Protect\n|move|p1a: Chi-Yu|Heat Wave|p2b: Landorus|[spread] p2a,p2b\n|-damage|p2a: Ursaluna|18\/100\n|-damage|p2b: Landorus|13\/100\n|move|p2a: Ursaluna|Earth Power|p1b: Gholdengo\n|-activate|p1b: Gholdengo|move: Protect\n|\n|upkeep\n|turn|8\n|-message|yukiriii forfeited.\n|\n|win|MidianVGC\n|raw|MidianVGC's rating: 1272 &rarr; <strong>1306<\/strong><br \/>(+34 for winning)\n|raw|yukiriii's rating: 1407 &rarr; <strong>1380<\/strong><br \/>(-27 for losing)\n|l|\u2606yukiriii\n","uploadtime":1699682001,"views":22,"p1id":"midianvgc","p2id":"yukiriii","formatid":"gen9vgc2023regulatione","rating":1306,"private":0,"password":""}