{"id":"gen9vgc2023regulatione-1996492208","p1":"hero of zero","p2":"JLFalcon","format":"[Gen 9] VGC 2023 Regulation E","log":"|j|\u2606hero of zero\n|j|\u2606JLFalcon\n|n|\u2606hero of zero|heroofzero\n|n|\u2606JLFalcon|jlfalcon\n|html|View the match progress at <a href=\"\/game-bestof3-gen9vgc2023regulatione-1996492207\">game-bestof3-gen9vgc2023regulatione-1996492207<\/a>\n|t:|1700687271\n|gametype|doubles\n|player|p1|hero of zero|burglar|\n|player|p2|JLFalcon|brycen|\n|teamsize|p1|6\n|teamsize|p2|6\n|gen|9\n|tier|[Gen 9] VGC 2023 Regulation E\n|rule|Species Clause: Limit one of each Pok\u00e9mon\n|rule|Item Clause: Limit one of each item\n|clearpoke\n|poke|p1|Fennekin, L50, F|\n|poke|p1|Cleffa, L50, M|\n|poke|p1|Nymble, L50, M|\n|poke|p1|Qwilfish-Hisui, L50, M|\n|poke|p1|Makuhita, L50, M|\n|poke|p1|Poltchageist-Artisan, L50|\n|poke|p2|Misdreavus, L50, M|\n|poke|p2|Impidimp, L50, M|\n|poke|p2|Numel, L50, M|\n|poke|p2|Ekans, L50, M|\n|poke|p2|Eevee, L50, M|\n|poke|p2|Meowth-Alola, L50, M|\n|teampreview|4\n|c|\u2606JLFalcon|Hey!!\n|c|\u2606JLFalcon|https:\/\/pokepast.es\/9595e09817d50cd4\n|c|\u2606JLFalcon|Glhf friendo!\n|c|\u2606hero of zero|https:\/\/pokepast.es\/f09592305d844eee\n|c|\u2606hero of zero|glhf\nhero of zero rejected open team sheets.\n|c|\u2606JLFalcon|no open team sheets in a draft match? Shame...\n|\n|t:|1700687424\n|start\n|switch|p1a: Nymble|Nymble, L50, M|100\/100\n|switch|p1b: Fennekin|Fennekin, L50, F|100\/100\n|switch|p2a: Misdreavus|Misdreavus, L50, M|100\/100\n|switch|p2b: Impidimp|Impidimp, L50, M|100\/100\n|turn|1\n|\n|t:|1700687474\n|move|p2b: Impidimp|Fake Out|p1a: Nymble\n|-damage|p1a: Nymble|88\/100\n|cant|p1a: Nymble|flinch\n|move|p2a: Misdreavus|Power Gem|p1b: Fennekin\n|-supereffective|p1b: Fennekin\n|-enditem|p1b: Fennekin|Focus Sash\n|-damage|p1b: Fennekin|1\/100\n|-damage|p2a: Misdreavus|91\/100|[from] item: Life Orb\n|move|p1b: Fennekin|Trick Room|p1b: Fennekin\n|-fieldstart|move: Trick Room|[of] p1b: Fennekin\n|\n|upkeep\n|turn|2\n|\n|t:|1700687512\n|move|p1b: Fennekin|Flamethrower|p2b: Impidimp\n|-damage|p2b: Impidimp|49\/100\n|-item|p1b: Fennekin|Eviolite|[from] ability: Magician|[of] p2b: Impidimp\n|move|p1a: Nymble|U-turn|p2b: Impidimp\n|-damage|p2b: Impidimp|0 fnt\n|faint|p2b: Impidimp\n|-damage|p1a: Nymble|78\/100|[from] item: Life Orb\n|\n|t:|1700687523\n|switch|p1a: Qwilfish|Qwilfish-Hisui, L50, M|100\/100|[from] U-turn\n|-ability|p1a: Qwilfish|Intimidate|boost\n|-unboost|p2a: Misdreavus|atk|1\n|-item|p1a: Qwilfish|Air Balloon\n|move|p2a: Misdreavus|Power Gem|p1a: Qwilfish\n|-damage|p1a: Qwilfish|49\/100\n|-enditem|p1a: Qwilfish|Air Balloon\n|-damage|p2a: Misdreavus|82\/100|[from] item: Life Orb\n|\n|upkeep\n|\n|t:|1700687539\n|switch|p2b: Ekans|Ekans, L50, M|100\/100\n|-ability|p2b: Ekans|Intimidate|boost\n|-unboost|p1a: Qwilfish|atk|1\n|-unboost|p1b: Fennekin|atk|1\n|turn|3\n|\n|t:|1700687554\n|switch|p1b: Poltchageist|Poltchageist-Artisan, L50|100\/100\n|-heal|p1a: Qwilfish|74\/100|[from] ability: Hospitality|[of] p1b: Poltchageist\n|move|p2b: Ekans|Rock Slide|p1a: Qwilfish|[spread] p1a,p1b\n|-damage|p1a: Qwilfish|57\/100\n|-damage|p1b: Poltchageist|70\/100\n|move|p1a: Qwilfish|Destiny Bond|p1a: Qwilfish\n|-singlemove|p1a: Qwilfish|Destiny Bond\n|move|p2a: Misdreavus|Power Gem|p1a: Qwilfish\n|-damage|p1a: Qwilfish|7\/100\n|-damage|p2a: Misdreavus|72\/100|[from] item: Life Orb\n|\n|upkeep\n|turn|4\n|\n|t:|1700687584\n|move|p2a: Misdreavus|Protect|p2a: Misdreavus\n|-singleturn|p2a: Misdreavus|Protect\n|move|p1b: Poltchageist|Shadow Ball|p2b: Ekans\n|-damage|p2b: Ekans|60\/100\n|move|p2b: Ekans|Knock Off|p1b: Poltchageist\n|-supereffective|p1b: Poltchageist\n|-damage|p1b: Poltchageist|0 fnt\n|-enditem|p1b: Poltchageist|Aguav Berry|[from] move: Knock Off|[of] p2b: Ekans\n|faint|p1b: Poltchageist\n|move|p1a: Qwilfish|Crunch|p2a: Misdreavus\n|-activate|p2a: Misdreavus|move: Protect\n|\n|upkeep\n|\n|t:|1700687604\n|switch|p1b: Fennekin|Fennekin, L50, F|1\/100\n|turn|5\n|\n|t:|1700687614\n|switch|p2a: Eevee|Eevee, L50, M|100\/100\n|move|p1b: Fennekin|Psyshock|p2b: Ekans\n|-supereffective|p2b: Ekans\n|-crit|p2b: Ekans\n|-damage|p2b: Ekans|0 fnt\n|faint|p2b: Ekans\n|move|p1a: Qwilfish|Crunch|p2a: Eevee\n|-damage|p2a: Eevee|42\/100\n|-unboost|p2a: Eevee|def|1\n|\n|-fieldend|move: Trick Room\n|upkeep\n|\n|t:|1700687625\n|switch|p2b: Misdreavus|Misdreavus, L50, M|72\/100\n|turn|6\n|\n|t:|1700687712\n|move|p1b: Fennekin|Protect|p1b: Fennekin\n|-singleturn|p1b: Fennekin|Protect\n|move|p2b: Misdreavus|Power Gem|p1a: Qwilfish\n|-damage|p1a: Qwilfish|0 fnt\n|faint|p1a: Qwilfish\n|-damage|p2b: Misdreavus|63\/100|[from] item: Life Orb\n|move|p2a: Eevee|Hyper Voice|p1b: Fennekin\n|-activate|p1b: Fennekin|move: Protect\n|\n|upkeep\n|\n|t:|1700687717\n|switch|p1a: Nymble|Nymble, L50, M|78\/100\n|turn|7\n|\n|t:|1700687742\n|-terastallize|p1a: Nymble|Bug\n|move|p1a: Nymble|First Impression|p2a: Eevee\n|-damage|p2a: Eevee|0 fnt\n|faint|p2a: Eevee\n|-damage|p1a: Nymble|69\/100|[from] item: Life Orb\n|move|p2b: Misdreavus|Power Gem|p1a: Nymble\n|-supereffective|p1a: Nymble\n|-damage|p1a: Nymble|0 fnt\n|faint|p1a: Nymble\n|-damage|p2b: Misdreavus|54\/100|[from] item: Life Orb\n|move|p1b: Fennekin|Psyshock|p2b: Misdreavus\n|-damage|p2b: Misdreavus|21\/100\n|\n|upkeep\n|turn|8\n|c|\u2606hero of zero|gg\n|\n|t:|1700687753\n|move|p2b: Misdreavus|Power Gem|p1b: Fennekin\n|-supereffective|p1b: Fennekin\n|-damage|p1b: Fennekin|0 fnt\n|faint|p1b: Fennekin\n|-damage|p2b: Misdreavus|12\/100|[from] item: Life Orb\n|\n|win|JLFalcon\n|c|\u2606JLFalcon|gg\n|c|&|\/uhtml prompt-jlfalcon,JLFalcon is ready for game 2!\n|c|&|\/uhtml prompt-heroofzero,hero of zero is ready for game 2!\nBoth players are ready! Starting next match!\n|l|\u2606hero of zero\n","uploadtime":1700688042,"views":12,"p1id":"heroofzero","p2id":"jlfalcon","formatid":"gen9vgc2023regulatione","rating":0,"private":0,"password":""}