{"id":"gen9vgc2023regulatione-1989228207","p1":"Ayamkay","p2":"Kat Gaming (Real)","format":"[Gen 9] VGC 2023 Regulation E","log":"|j|\u2606Ayamkay\n|j|\u2606Kat Gaming (Real)\n|t:|1699825653\n|gametype|doubles\n|player|p1|Ayamkay|nate|1320\n|player|p2|Kat Gaming (Real)|iris-gen5bw2|1325\n|teamsize|p1|6\n|teamsize|p2|6\n|gen|9\n|tier|[Gen 9] VGC 2023 Regulation E\n|rated|\n|rule|Species Clause: Limit one of each Pok\u00e9mon\n|rule|Item Clause: Limit one of each item\n|clearpoke\n|poke|p1|Tornadus, L50, M|\n|poke|p1|Urshifu-*, L50, M|\n|poke|p1|Landorus-Therian, L50, M|\n|poke|p1|Iron Hands, L50|\n|poke|p1|Glimmora, L50, M|\n|poke|p1|Flutter Mane, L50|\n|poke|p2|Lilligant-Hisui, L50, F|\n|poke|p2|Torkoal, L50, F|\n|poke|p2|Chandelure, L50, F|\n|poke|p2|Goodra-Hisui, L50, F|\n|poke|p2|Iron Hands, L50|\n|poke|p2|Landorus-Therian, L50, M|\n|teampreview|4\n|\n|t:|1699825684\n|start\n|switch|p1a: Tornadus|Tornadus, L50, M, shiny|100\/100\n|switch|p1b: Urshifu|Urshifu-Rapid-Strike, L50, M|100\/100\n|switch|p2a: Chandelure|Chandelure, L50, F|100\/100\n|switch|p2b: Iron Hands|Iron Hands, L50|100\/100\n|turn|1\n|\n|t:|1699825706\n|move|p1b: Urshifu|Protect|p1b: Urshifu\n|-singleturn|p1b: Urshifu|Protect\n|move|p2b: Iron Hands|Fake Out|p1b: Urshifu\n|-activate|p1b: Urshifu|move: Protect\n|move|p1a: Tornadus|Rain Dance|p1a: Tornadus\n|-weather|RainDance\n|move|p2a: Chandelure|Trick Room|p2a: Chandelure\n|-fieldstart|move: Trick Room|[of] p2a: Chandelure\n|\n|-weather|RainDance|[upkeep]\n|upkeep\n|turn|2\n|\n|t:|1699825730\n|move|p2b: Iron Hands|Volt Switch|p1b: Urshifu\n|-supereffective|p1b: Urshifu\n|-damage|p1b: Urshifu|59\/100\n|\n|t:|1699825734\n|-end|p2b: Iron Hands|Quark Drive|[silent]\n|switch|p2b: Torkoal|Torkoal, L50, F|100\/100|[from] Volt Switch\n|-weather|SunnyDay|[from] ability: Drought|[of] p2b: Torkoal\n|move|p2a: Chandelure|Heat Wave|p1b: Urshifu|[spread] p1a,p1b\n|-resisted|p1b: Urshifu\n|-damage|p1a: Tornadus|34\/100\n|-damage|p1b: Urshifu|6\/100\n|-enditem|p1a: Tornadus|Sitrus Berry|[eat]\n|-heal|p1a: Tornadus|59\/100|[from] item: Sitrus Berry\n|move|p1a: Tornadus|Bleakwind Storm|p2a: Chandelure|[spread] p2a,p2b\n|-damage|p2a: Chandelure|61\/100\n|-damage|p2b: Torkoal|58\/100\n|move|p1b: Urshifu|Surging Strikes|p2a: Chandelure\n|-supereffective|p2a: Chandelure\n|-crit|p2a: Chandelure\n|-damage|p2a: Chandelure|36\/100\n|-supereffective|p2a: Chandelure\n|-crit|p2a: Chandelure\n|-damage|p2a: Chandelure|13\/100\n|-supereffective|p2a: Chandelure\n|-crit|p2a: Chandelure\n|-damage|p2a: Chandelure|0 fnt\n|faint|p2a: Chandelure\n|-hitcount|p2: Chandelure|3\n|\n|-weather|SunnyDay|[upkeep]\n|upkeep\n|\n|t:|1699825748\n|switch|p2a: Iron Hands|Iron Hands, L50|100\/100\n|turn|3\n|\n|t:|1699825767\n|switch|p1b: Glimmora|Glimmora, L50, M, shiny|100\/100\n|-item|p1b: Glimmora|Air Balloon\n|move|p2a: Iron Hands|Fake Out|p1a: Tornadus\n|-damage|p1a: Tornadus|44\/100\n|cant|p1a: Tornadus|flinch\n|move|p2b: Torkoal|Heat Wave|p1a: Tornadus|[spread] p1a,p1b\n|-resisted|p1b: Glimmora\n|-damage|p1a: Tornadus|0 fnt\n|-damage|p1b: Glimmora|68\/100\n|-status|p1b: Glimmora|brn\n|-enditem|p1b: Glimmora|Air Balloon\n|faint|p1a: Tornadus\n|\n|-weather|SunnyDay|[upkeep]\n|-damage|p1b: Glimmora|63\/100 brn|[from] brn\n|upkeep\n|\n|t:|1699825783\n|switch|p1a: Landorus|Landorus-Therian, L50, M|100\/100\n|-ability|p1a: Landorus|Intimidate|boost\n|-unboost|p2a: Iron Hands|atk|1\n|-unboost|p2b: Torkoal|atk|1\n|turn|4\n|\n|t:|1699825801\n|-terastallize|p2b: Torkoal|Fire\n|move|p1b: Glimmora|Spiky Shield|p1b: Glimmora\n|-singleturn|p1b: Glimmora|move: Protect\n|move|p2b: Torkoal|Heat Wave|p1a: Landorus|[spread] p1a\n|-activate|p1b: Glimmora|move: Protect\n|-damage|p1a: Landorus|4\/100\n|move|p2a: Iron Hands|Drain Punch|p1b: Glimmora\n|-activate|p1b: Glimmora|move: Protect\n|-damage|p2a: Iron Hands|88\/100|[from] Spiky Shield|[of] p1b: Glimmora\n|move|p1a: Landorus|U-turn|p2b: Torkoal\n|-resisted|p2b: Torkoal\n|-damage|p2b: Torkoal|45\/100\n|-damage|p1a: Landorus|0 fnt|[from] item: Life Orb\n|faint|p1a: Landorus\n|\n|-weather|SunnyDay|[upkeep]\n|-damage|p1b: Glimmora|57\/100 brn|[from] brn\n|upkeep\n|\n|t:|1699825817\n|switch|p1a: Urshifu|Urshifu-Rapid-Strike, L50, M|6\/100\n|turn|5\n|\n|t:|1699825826\n|move|p1a: Urshifu|Protect|p1a: Urshifu\n|-singleturn|p1a: Urshifu|Protect\n|move|p2b: Torkoal|Heat Wave|p1b: Glimmora|[spread] p1b\n|-activate|p1a: Urshifu|move: Protect\n|-resisted|p1b: Glimmora\n|-damage|p1b: Glimmora|11\/100 brn\n|move|p2a: Iron Hands|Drain Punch|p1b: Glimmora\n|-damage|p1b: Glimmora|0 fnt\n|-heal|p2a: Iron Hands|91\/100|[from] drain|[of] p1b: Glimmora\n|-activate|p1b: Glimmora|ability: Toxic Debris\n|-sidestart|p2: Kat Gaming (Real)|move: Toxic Spikes\n|faint|p1b: Glimmora\n|\n|-weather|SunnyDay|[upkeep]\n|-fieldend|move: Trick Room\n|upkeep\n|turn|6\n|-message|Ayamkay forfeited.\n|\n|win|Kat Gaming (Real)\n|raw|Ayamkay's rating: 1320 &rarr; <strong>1300<\/strong><br \/>(-20 for losing)\n|raw|Kat Gaming (Real)'s rating: 1325 &rarr; <strong>1345<\/strong><br \/>(+20 for winning)\n|l|\u2606Ayamkay\n","uploadtime":1699825850,"views":15,"p1id":"ayamkay","p2id":"katgamingreal","formatid":"gen9vgc2023regulatione","rating":1300,"private":0,"password":""}