{"id":"gen9vgc2023regulatione-1994894161","p1":"COSMONAUTA J","p2":"gjjkjhjgg","format":"[Gen 9] VGC 2023 Regulation E","log":"|j|\u2606COSMONAUTA J\n|j|\u2606gjjkjhjgg\n|n|\u2606COSMONAUTA J|cosmonautaj\n|n|\u2606gjjkjhjgg|gjjkjhjgg\n|html|View the match progress at <a href=\"\/game-bestof3-gen9vgc2023regulatione-1994891809\">game-bestof3-gen9vgc2023regulatione-1994891809<\/a>\n|t:|1700502433\n|gametype|doubles\n|player|p1|COSMONAUTA J|cyrus|\n|player|p2|gjjkjhjgg|hilbert|\n|teamsize|p1|6\n|teamsize|p2|6\n|gen|9\n|tier|[Gen 9] VGC 2023 Regulation E\n|rated|Tournament battle\n|rule|Species Clause: Limit one of each Pok\u00e9mon\n|rule|Item Clause: Limit one of each item\n|clearpoke\n|poke|p1|Heatran, L50, M|\n|poke|p1|Iron Bundle, L50|\n|poke|p1|Rillaboom, L50, M|\n|poke|p1|Ogerpon-Hearthflame, L50, F|\n|poke|p1|Landorus-Therian, L50, M|\n|poke|p1|Iron Hands, L50|\n|poke|p2|Ninetales-Alola, L50, M|\n|poke|p2|Sinistcha-Masterpiece, L50|\n|poke|p2|Iron Hands, L50|\n|poke|p2|Ursaluna-Bloodmoon, L50, M|\n|poke|p2|Cetitan, L50, F|\n|poke|p2|Heatran, L50, M|\n|teampreview|4\n|showteam|p1|Heatran||LifeOrb|FlashFire|HeatWave,FlashCannon,EarthPower,Protect|||M|||50|,,,,,Fairy]Iron Bundle||BoosterEnergy|QuarkDrive|FreezeDry,HydroPump,Protect,IcyWind||||||50|,,,,,Ghost]Rillaboom||SitrusBerry|GrassySurge|WoodHammer,GrassyGlide,Uturn,FakeOut|||M|||50|,,,,,Fire]Ogerpon-Hearthflame||HearthflameMask|MoldBreaker|SwordsDance,GrassyGlide,SpikyShield,IvyCudgel|||F|||50|,,,,,Fire]Landorus-Therian||ChoiceScarf|Intimidate|StompingTantrum,RockSlide,TeraBlast,Uturn|||M|||50|,,,,,Flying]Iron Hands||AssaultVest|QuarkDrive|WildCharge,DrainPunch,HeavySlam,FakeOut||||||50|,,,,,Water\n|showteam|p2|Ninetales-Alola||LightClay|SnowWarning|Protect,AuroraVeil,Blizzard,Moonblast|||M|||50|,,,,,Steel]Sinistcha-Masterpiece||RockyHelmet|Hospitality|TrickRoom,MatchaGotcha,RagePowder,LifeDew||||||50|,,,,,Water]Iron Hands||AssaultVest|QuarkDrive|FakeOut,HeavySlam,WildCharge,DrainPunch||||||50|,,,,,Steel]Ursaluna-Bloodmoon||SafetyGoggles|MindsEye|Protect,CalmMind,BloodMoon,EarthPower|||M|||50|,,,,,Poison]Cetitan||SitrusBerry|SlushRush|Protect,BellyDrum,IceSpinner,Liquidation|||F|||50|,,,,,Water]Heatran||Leftovers|FlashFire|Protect,Flamethrower,TeraBlast,EarthPower|||M|||50|,,,,,Grass\n|inactive|Battle timer is ON: inactive players will automatically lose when time's up. (requested by gjjkjhjgg)\n|j| Mambae2\n|\n|t:|1700502449\n|start\n|switch|p1a: $$ AVANTI $$|Rillaboom, L50, M|100\/100\n|switch|p1b: BLOGUEIRA|Ogerpon-Hearthflame, L50, F|100\/100\n|switch|p2a: Ninetales|Ninetales-Alola, L50, M|100\/100\n|switch|p2b: Cetitan|Cetitan, L50, F|100\/100\n|-weather|Snow|[from] ability: Snow Warning|[of] p2a: Ninetales\n|-ability|p1b: BLOGUEIRA|Mold Breaker\n|-fieldstart|move: Grassy Terrain|[from] ability: Grassy Surge|[of] p1a: $$ AVANTI $$\n|turn|1\n|j| Flarefox_7\n|inactive|COSMONAUTA J has 30 seconds left.\n|inactive|COSMONAUTA J has 20 seconds left.\n|\n|t:|1700502485\n|move|p2b: Cetitan|Protect|p2b: Cetitan\n|-singleturn|p2b: Cetitan|Protect\n|move|p1a: $$ AVANTI $$|Fake Out|p2a: Ninetales\n|-damage|p2a: Ninetales|84\/100\n|cant|p2a: Ninetales|flinch\n|move|p1b: BLOGUEIRA|Swords Dance|p1b: BLOGUEIRA\n|-boost|p1b: BLOGUEIRA|atk|2\n|\n|-weather|Snow|[upkeep]\n|-heal|p2a: Ninetales|90\/100|[from] Grassy Terrain\n|upkeep\n|turn|2\n|\n|t:|1700502508\n|switch|p2b: Iron Hands|Iron Hands, L50|100\/100\n|switch|p1a: DERSONBARROS|Iron Hands, L50, shiny|100\/100\n|move|p1b: BLOGUEIRA|Spiky Shield|p1b: BLOGUEIRA\n|-singleturn|p1b: BLOGUEIRA|move: Protect\n|move|p2a: Ninetales|Aurora Veil|p2a: Ninetales\n|-sidestart|p2: gjjkjhjgg|move: Aurora Veil\n|\n|-weather|Snow|[upkeep]\n|-heal|p2a: Ninetales|96\/100|[from] Grassy Terrain\n|upkeep\n|turn|3\n|inactive|gjjkjhjgg has 30 seconds left.\n|\n|t:|1700502533\n|switch|p2a: Sinistcha|Sinistcha-Masterpiece, L50|100\/100\n|move|p1a: DERSONBARROS|Fake Out|p2b: Iron Hands\n|-damage|p2b: Iron Hands|94\/100\n|cant|p2b: Iron Hands|flinch\n|move|p1b: BLOGUEIRA|Ivy Cudgel|p2a: Sinistcha|[anim] Ivy Cudgel Fire\n|-supereffective|p2a: Sinistcha\n|-damage|p2a: Sinistcha|0 fnt\n|faint|p2a: Sinistcha\n|\n|-weather|Snow|[upkeep]\n|-heal|p2b: Iron Hands|99\/100|[from] Grassy Terrain\n|upkeep\n|\n|t:|1700502543\n|switch|p2a: Cetitan|Cetitan, L50, F|100\/100\n|turn|4\n|\n|t:|1700502561\n|-end|p2b: Iron Hands|Quark Drive|[silent]\n|switch|p2b: Ninetales|Ninetales-Alola, L50, M|96\/100\n|-terastallize|p2a: Cetitan|Water\n|move|p1b: BLOGUEIRA|Spiky Shield|p1b: BLOGUEIRA\n|-singleturn|p1b: BLOGUEIRA|move: Protect\n|move|p2a: Cetitan|Belly Drum|p2a: Cetitan\n|-damage|p2a: Cetitan|50\/100\n|-setboost|p2a: Cetitan|atk|6|[from] move: Belly Drum\n|-enditem|p2a: Cetitan|Sitrus Berry|[eat]\n|-heal|p2a: Cetitan|75\/100|[from] item: Sitrus Berry\n|move|p1a: DERSONBARROS|Wild Charge|p2a: Cetitan\n|-supereffective|p2a: Cetitan\n|-damage|p2a: Cetitan|6\/100\n|-damage|p1a: DERSONBARROS|83\/100|[from] Recoil\n|\n|-weather|Snow|[upkeep]\n|-heal|p2a: Cetitan|12\/100|[from] Grassy Terrain\n|-heal|p2b: Ninetales|100\/100|[from] Grassy Terrain\n|-heal|p1a: DERSONBARROS|89\/100|[from] Grassy Terrain\n|upkeep\n|turn|5\n|\n|t:|1700502583\n|move|p1b: BLOGUEIRA|Grassy Glide|p2a: Cetitan\n|-supereffective|p2a: Cetitan\n|-damage|p2a: Cetitan|0 fnt\n|faint|p2a: Cetitan\n|move|p2b: Ninetales|Moonblast|p1a: DERSONBARROS\n|-supereffective|p1a: DERSONBARROS\n|-damage|p1a: DERSONBARROS|53\/100\n|-unboost|p1a: DERSONBARROS|spa|1\n|move|p1a: DERSONBARROS|Heavy Slam|p2b: Ninetales\n|-supereffective|p2b: Ninetales\n|-damage|p2b: Ninetales|0 fnt\n|faint|p2b: Ninetales\n|\n|-weather|none\n|-heal|p1a: DERSONBARROS|59\/100|[from] Grassy Terrain\n|-fieldend|move: Grassy Terrain\n|upkeep\n|-message|gjjkjhjgg forfeited.\n|\n|win|COSMONAUTA J\n|l|\u2606gjjkjhjgg\n|c|\u2606COSMONAUTA J|gg\n","uploadtime":1700502623,"views":3,"p1id":"cosmonautaj","p2id":"gjjkjhjgg","formatid":"gen9vgc2023regulatione","rating":0,"private":0,"password":""}