{"id":"gen9vgc2023regulatione-1994813285","p1":"Ibratheman","p2":"MisterGX","format":"[Gen 9] VGC 2023 Regulation E","log":"|j|\u2606Ibratheman\n|j|\u2606MisterGX\n|n|\u2606Ibratheman|ibratheman\n|n|\u2606MisterGX|mistergx\n|html|View the match progress at <a href=\"\/game-bestof3-gen9vgc2023regulatione-1994802961\">game-bestof3-gen9vgc2023regulatione-1994802961<\/a>\n|t:|1700495191\n|gametype|doubles\n|player|p1|Ibratheman|265|\n|player|p2|MisterGX|#vgcplzoruas|\n|teamsize|p1|6\n|teamsize|p2|6\n|gen|9\n|tier|[Gen 9] VGC 2023 Regulation E\n|rule|Species Clause: Limit one of each Pok\u00e9mon\n|rule|Item Clause: Limit one of each item\n|clearpoke\n|poke|p1|Iron Bundle, L50|\n|poke|p1|Ursaluna-Bloodmoon, L50, M|\n|poke|p1|Flapple, L50, M|\n|poke|p1|Arcanine-Hisui, L50, F|\n|poke|p1|Iron Hands, L50|\n|poke|p1|Dusclops, L50, F|\n|poke|p2|Amoonguss, L50, F|\n|poke|p2|Dragonite, L50, M|\n|poke|p2|Chien-Pao, L50|\n|poke|p2|Urshifu-*, L50, F|\n|poke|p2|Arcanine-Hisui, L50, F|\n|poke|p2|Kingambit, L50, F|\n|teampreview|4\n|inactive|Battle timer is ON: inactive players will automatically lose when time's up. (requested by Ibratheman)\n|\n|t:|1700495246\n|start\n|switch|p1a: Dusclops|Dusclops, L50, F|100\/100\n|switch|p1b: Ursaluna|Ursaluna-Bloodmoon, L50, M|100\/100\n|switch|p2a: Kingambit|Kingambit, L50, F|100\/100\n|switch|p2b: Amoonguss|Amoonguss, L50, F, shiny|100\/100\n|-item|p2a: Kingambit|Safety Goggles|[from] ability: Frisk|[of] p1a: Dusclops|[identify]\n|-item|p2b: Amoonguss|Rocky Helmet|[from] ability: Frisk|[of] p1a: Dusclops|[identify]\n|turn|1\n|\n|t:|1700495271\n|-terastallize|p1b: Ursaluna|Ghost\n|move|p2b: Amoonguss|Rage Powder|p2b: Amoonguss\n|-singleturn|p2b: Amoonguss|move: Rage Powder\n|move|p1a: Dusclops|Shadow Sneak|p2b: Amoonguss\n|-damage|p2b: Amoonguss|95\/100\n|-damage|p1a: Dusclops|84\/100|[from] item: Rocky Helmet|[of] p2b: Amoonguss\n|move|p1b: Ursaluna|Blood Moon|p2b: Amoonguss\n|-damage|p2b: Amoonguss|22\/100\n|move|p2a: Kingambit|Swords Dance|p2a: Kingambit\n|-boost|p2a: Kingambit|atk|2\n|\n|upkeep\n|turn|2\n|\n|t:|1700495294\n|move|p2b: Amoonguss|Rage Powder|p2b: Amoonguss\n|-singleturn|p2b: Amoonguss|move: Rage Powder\n|move|p1b: Ursaluna|Earth Power|p2b: Amoonguss\n|-damage|p2b: Amoonguss|0 fnt\n|faint|p2b: Amoonguss\n|move|p2a: Kingambit|Kowtow Cleave|p1a: Dusclops\n|-supereffective|p1a: Dusclops\n|-damage|p1a: Dusclops|0 fnt\n|faint|p1a: Dusclops\n|\n|upkeep\n|\n|t:|1700495311\n|switch|p2b: Mew Mew!|Chien-Pao, L50|100\/100\n|switch|p1a: Iron Hands|Iron Hands, L50|100\/100\n|-ability|p2b: Mew Mew!|Sword of Ruin\n|turn|3\n|inactive|Ibratheman has 30 seconds left.\n|inactive|Ibratheman has 20 seconds left.\n|inactive|Ibratheman has 15 seconds left.\n|inactive|Ibratheman has 10 seconds left.\n|\n|t:|1700495356\n|switch|p1b: Flapple|Flapple, L50, M|100\/100\n|move|p2b: Mew Mew!|Protect|p2b: Mew Mew!\n|-singleturn|p2b: Mew Mew!|Protect\n|move|p2a: Kingambit|Protect|p2a: Kingambit\n|-singleturn|p2a: Kingambit|Protect\n|move|p1a: Iron Hands|Drain Punch|p2a: Kingambit\n|-activate|p2a: Kingambit|move: Protect\n|\n|upkeep\n|turn|4\n|inactive|Ibratheman has 30 seconds left.\n|inactive|MisterGX has 30 seconds left.\n|inactive|Ibratheman has 20 seconds left.\n|inactive|Ibratheman has 15 seconds left.\n|inactive|Ibratheman has 10 seconds left.\n|inactive|Ibratheman has 5 seconds left.\n|\n|t:|1700495407\n|-terastallize|p2a: Kingambit|Dragon\n|move|p1b: Flapple|Sucker Punch|p2a: Kingambit\n|-damage|p2a: Kingambit|55\/100\n|-damage|p1b: Flapple|91\/100|[from] item: Life Orb\n|move|p2a: Kingambit|Sucker Punch||[still]\n|-fail|p2a: Kingambit\n|move|p2b: Mew Mew!|Ice Spinner|p1b: Flapple\n|-supereffective|p1b: Flapple\n|-damage|p1b: Flapple|0 fnt\n|faint|p1b: Flapple\n|move|p1a: Iron Hands|Drain Punch|p2a: Kingambit\n|-damage|p2a: Kingambit|13\/100\n|\n|upkeep\n|\n|t:|1700495422\n|switch|p1b: Ursaluna|Ursaluna-Bloodmoon, L50, M, tera:Ghost|100\/100\n|turn|5\n|\n|t:|1700495441\n|switch|p2b: Arcanine|Arcanine-Hisui, L50, F|100\/100\n|-ability|p2b: Arcanine|Intimidate|boost\n|-unboost|p1a: Iron Hands|atk|1\n|-unboost|p1b: Ursaluna|atk|1\n|move|p2a: Kingambit|Protect|p2a: Kingambit\n|-singleturn|p2a: Kingambit|Protect\n|move|p1b: Ursaluna|Hyper Voice|p2a: Kingambit|[spread] p2b\n|-activate|p2a: Kingambit|move: Protect\n|-resisted|p2b: Arcanine\n|-damage|p2b: Arcanine|77\/100\n|move|p1a: Iron Hands|Drain Punch|p2b: Arcanine\n|-supereffective|p2b: Arcanine\n|-damage|p2b: Arcanine|6\/100\n|\n|upkeep\n|turn|6\n|\n|t:|1700495466\n|move|p1b: Ursaluna|Protect|p1b: Ursaluna\n|-singleturn|p1b: Ursaluna|Protect\n|move|p2a: Kingambit|Sucker Punch|p1a: Iron Hands\n|-resisted|p1a: Iron Hands\n|-damage|p1a: Iron Hands|73\/100\n|move|p2b: Arcanine|Flare Blitz|p1a: Iron Hands\n|-damage|p1a: Iron Hands|18\/100\n|-damage|p2b: Arcanine|0 fnt|[from] Recoil\n|faint|p2b: Arcanine\n|move|p1a: Iron Hands|Heavy Slam|p2a: Kingambit\n|-damage|p2a: Kingambit|0 fnt\n|faint|p2a: Kingambit\n|\n|upkeep\n|\n|t:|1700495475\n|switch|p2b: Mew Mew!|Chien-Pao, L50|100\/100\n|-ability|p2b: Mew Mew!|Sword of Ruin\n|turn|7\n|\n|t:|1700495496\n|move|p2b: Mew Mew!|Ice Spinner|p1a: Iron Hands\n|-damage|p1a: Iron Hands|0 fnt\n|faint|p1a: Iron Hands\n|-end|p1a: Iron Hands|Quark Drive|[silent]\n|move|p1b: Ursaluna|Blood Moon|p2b: Mew Mew!\n|-enditem|p2b: Mew Mew!|Focus Sash\n|-damage|p2b: Mew Mew!|1\/100\n|\n|upkeep\n|turn|8\n|\n|t:|1700495509\n|move|p2b: Mew Mew!|Sucker Punch|p1b: Ursaluna\n|-supereffective|p1b: Ursaluna\n|-damage|p1b: Ursaluna|29\/100\n|-enditem|p1b: Ursaluna|Weakness Policy\n|-boost|p1b: Ursaluna|atk|2|[from] item: Weakness Policy\n|-boost|p1b: Ursaluna|spa|2|[from] item: Weakness Policy\n|move|p1b: Ursaluna|Hyper Voice|p2b: Mew Mew!\n|-damage|p2b: Mew Mew!|0 fnt\n|faint|p2b: Mew Mew!\n|\n|win|Ibratheman\n|c|\u2606MisterGX|gg\n|c|\u2606MisterGX|Wp\n|c|\u2606Ibratheman|Gg bro\ud83d\udcaa\ud83c\udffb\n|c|\u2606MisterGX|Interesting team\n|c|\u2606Ibratheman|wp indeed\n|c|\u2606Ibratheman|thank you \ud83e\udd23\n|c|\u2606MisterGX|That flapple was fire\n|c|\u2606Ibratheman|i didn\u2019t showcase it \ud83d\ude2d\n|c|\u2606MisterGX|Smh\n|c|\u2606MisterGX|How long you been playing VGC\n|c|\u2606Ibratheman|it was supposed to be a grav apple gravity build with life orb\n|c|\u2606MisterGX|Hold on.. hypnosis clops?\n|c|\u2606Ibratheman|Nope\n|c|\u2606Ibratheman|wisp, sneak, TR and gravity\n|c|\u2606MisterGX|Ahh\n|c|\u2606Ibratheman|been playing since omega ruby and it\u2019s been on and off\n|c|\u2606MisterGX|Same haha\n|c|\u2606Ibratheman|I think I remember you since vgc in Qatar\n|c|\u2606MisterGX|Wait whaaat\n|c|\u2606MisterGX|I used to play with Saad, Erhama, Hussam\n|c|\u2606Ibratheman|I played just the last vgc\n|c|\u2606MisterGX|Then left Qatar\n|c|\u2606Ibratheman|I had a golduck \ud83d\ude02\n|c|\u2606MisterGX|Planning to return soon insha'Allah\n|c|\u2606MisterGX|oO\n|c|\u2606Ibratheman|inshaallah\n|c|\u2606MisterGX|You have events often?\n|c|\u2606Ibratheman|it was a legendary golduck!\n|c|\u2606MisterGX|Haha\n|c|\u2606Ibratheman|not often but we\u2019re trying to get back on track\n|c|\u2606MisterGX|You should, it's fun\n|c|\u2606MisterGX|Meanwhile, I need to get a switch lol\n|c|\u2606Ibratheman|Lmao\n|c|\u2606Ibratheman|it is funnnn\n|c|\u2606Ibratheman|anyways I won\u2019t hold you back there more people waiting\n|c|\u2606MisterGX|I'm like the very rare breed of VGC player you call Switchless\n|c|\u2606MisterGX|Okiee\n|c|\u2606MisterGX|Cya around!\n|c|\u2606MisterGX|Was fun battling you\n|c|\u2606Ibratheman|talk to you on whats\n|c|\u2606Ibratheman|you too \ud83d\udcaa\ud83c\udffb\n","uploadtime":1700495846,"views":22,"p1id":"ibratheman","p2id":"mistergx","formatid":"gen9vgc2023regulatione","rating":0,"private":0,"password":""}