{"id":"gen9vgc2023regulatione-1991516370","p1":"spenser1235","p2":"ZippidyZap","format":"[Gen 9] VGC 2023 Regulation E","log":"|j|\u2606spenser1235\n|j|\u2606ZippidyZap\n|t:|1700084125\n|gametype|doubles\n|player|p1|spenser1235|2|1178\n|player|p2|ZippidyZap|colress|1083\n|teamsize|p1|6\n|teamsize|p2|4\n|gen|9\n|tier|[Gen 9] VGC 2023 Regulation E\n|rated|\n|rule|Species Clause: Limit one of each Pok\u00e9mon\n|rule|Item Clause: Limit one of each item\n|clearpoke\n|poke|p1|Indeedee-F, L50, F|\n|poke|p1|Armarouge, L50, M|\n|poke|p1|Sneasler, L50, M|\n|poke|p1|Ogerpon-Wellspring, L50, F|\n|poke|p1|Ursaluna, L50, M|\n|poke|p1|Iron Bundle, L50|\n|poke|p2|Wyrdeer, L50, M|\n|poke|p2|Articuno-Galar, L50|\n|poke|p2|Arcanine-Hisui, L50, M|\n|poke|p2|Pelipper, L50, M|\n|teampreview|4\n|\n|t:|1700084136\n|start\n|switch|p1a: Indeedee|Indeedee-F, L50, F|100\/100\n|switch|p1b: Armarouge|Armarouge, L50, M|100\/100\n|switch|p2a: Wyrdeer|Wyrdeer, L50, M|100\/100\n|switch|p2b: Articuno|Articuno-Galar, L50|100\/100\n|-fieldstart|move: Psychic Terrain|[from] ability: Psychic Surge|[of] p1a: Indeedee\n|-ability|p2a: Wyrdeer|Intimidate|boost\n|-unboost|p1a: Indeedee|atk|1\n|-unboost|p1b: Armarouge|atk|1\n|turn|1\n|\n|t:|1700084163\n|move|p2b: Articuno|Protect|p2b: Articuno\n|-singleturn|p2b: Articuno|Protect\n|move|p1a: Indeedee|Follow Me|p1a: Indeedee\n|-singleturn|p1a: Indeedee|move: Follow Me\n|move|p2a: Wyrdeer|Skill Swap|p1a: Indeedee\n|-activate|p2a: Wyrdeer|move: Skill Swap|Psychic Surge|Intimidate|[of] p1a: Indeedee\n|-ability|p1a: Indeedee|Intimidate|boost\n|-unboost|p2a: Wyrdeer|atk|1\n|-unboost|p2b: Articuno|atk|1\n|-ability|p2b: Articuno|Competitive|boost\n|-boost|p2b: Articuno|spa|2\n|-enditem|p2b: Articuno|Adrenaline Orb\n|-boost|p2b: Articuno|spe|1|[from] item: Adrenaline Orb\n|move|p1b: Armarouge|Trick Room|p1b: Armarouge\n|-fieldstart|move: Trick Room|[of] p1b: Armarouge\n|\n|upkeep\n|turn|2\n|\n|t:|1700084201\n|switch|p2a: Pelipper|Pelipper, L50, M|100\/100\n|-weather|RainDance|[from] ability: Drizzle|[of] p2a: Pelipper\n|move|p1a: Indeedee|Helping Hand|p1b: Armarouge\n|-singleturn|p1b: Armarouge|Helping Hand|[of] p1a: Indeedee\n|move|p1b: Armarouge|Expanding Force|p2b: Articuno|[spread] p2a,p2b\n|-resisted|p2b: Articuno\n|-damage|p2a: Pelipper|0 fnt\n|-damage|p2b: Articuno|27\/100\n|faint|p2a: Pelipper\n|-damage|p1b: Armarouge|91\/100|[from] item: Life Orb\n|move|p2b: Articuno|Hurricane|p1b: Armarouge\n|-damage|p1b: Armarouge|0 fnt\n|faint|p1b: Armarouge\n|\n|-weather|RainDance|[upkeep]\n|upkeep\n|inactive|Battle timer is ON: inactive players will automatically lose when time's up. (requested by spenser1235)\n|\n|t:|1700084227\n|switch|p1b: Sneasler|Sneasler, L50, M|100\/100\n|switch|p2a: Wyrdeer|Wyrdeer, L50, M|100\/100\n|-ability|p2a: Wyrdeer|Intimidate|boost\n|-unboost|p1a: Indeedee|atk|1\n|-unboost|p1b: Sneasler|atk|1\n|-enditem|p1b: Sneasler|Psychic Seed\n|-boost|p1b: Sneasler|spd|1|[from] item: Psychic Seed\n|turn|3\n|\n|t:|1700084247\n|move|p2b: Articuno|Protect|p2b: Articuno\n|-singleturn|p2b: Articuno|Protect\n|move|p1a: Indeedee|Follow Me|p1a: Indeedee\n|-singleturn|p1a: Indeedee|move: Follow Me\n|move|p2a: Wyrdeer|Skill Swap|p1a: Indeedee\n|-activate|p2a: Wyrdeer|move: Skill Swap|Intimidate|Intimidate|[of] p1a: Indeedee\n|-ability|p2a: Wyrdeer|Intimidate|boost\n|-unboost|p1a: Indeedee|atk|1\n|-unboost|p1b: Sneasler|atk|1\n|-ability|p1a: Indeedee|Intimidate|boost\n|-unboost|p2a: Wyrdeer|atk|1\n|-unboost|p2b: Articuno|atk|1\n|-ability|p2b: Articuno|Competitive|boost\n|-boost|p2b: Articuno|spa|2\n|move|p1b: Sneasler|Close Combat|p2a: Wyrdeer\n|-damage|p2a: Wyrdeer|69\/100\n|-unboost|p1b: Sneasler|def|1\n|-unboost|p1b: Sneasler|spd|1\n|\n|-weather|RainDance|[upkeep]\n|upkeep\n|turn|4\n|inactive|ZippidyZap has 30 seconds left.\n|inactive|ZippidyZap has 20 seconds left.\n|\n|t:|1700084284\n|move|p1a: Indeedee|Follow Me|p1a: Indeedee\n|-singleturn|p1a: Indeedee|move: Follow Me\n|move|p2a: Wyrdeer|Skill Swap|p1a: Indeedee\n|-activate|p2a: Wyrdeer|move: Skill Swap|Intimidate|Intimidate|[of] p1a: Indeedee\n|-ability|p2a: Wyrdeer|Intimidate|boost\n|-unboost|p1a: Indeedee|atk|1\n|-unboost|p1b: Sneasler|atk|1\n|-ability|p1a: Indeedee|Intimidate|boost\n|-unboost|p2a: Wyrdeer|atk|1\n|-unboost|p2b: Articuno|atk|1\n|-ability|p2b: Articuno|Competitive|boost\n|-boost|p2b: Articuno|spa|2\n|move|p2b: Articuno|Hurricane|p1a: Indeedee\n|-damage|p1a: Indeedee|0 fnt\n|faint|p1a: Indeedee\n|move|p1b: Sneasler|Rock Slide|p2b: Articuno|[spread] p2a,p2b\n|-supereffective|p2b: Articuno\n|-damage|p2a: Wyrdeer|61\/100\n|-damage|p2b: Articuno|4\/100\n|\n|-weather|RainDance|[upkeep]\n|upkeep\n|\n|t:|1700084304\n|switch|p1a: Ogerpon|Ogerpon-Wellspring, L50, F|100\/100\n|turn|5\n|\n|t:|1700084324\n|move|p2b: Articuno|Protect|p2b: Articuno\n|-singleturn|p2b: Articuno|Protect\n|move|p2a: Wyrdeer|Psychic|p1b: Sneasler\n|-supereffective|p1b: Sneasler\n|-damage|p1b: Sneasler|0 fnt\n|faint|p1b: Sneasler\n|move|p1a: Ogerpon|Ivy Cudgel|p2b: Articuno|[anim] Ivy Cudgel Water\n|-activate|p2b: Articuno|move: Protect\n|\n|-weather|RainDance|[upkeep]\n|-fieldend|move: Trick Room\n|-fieldend|move: Psychic Terrain\n|upkeep\n|turn|6\n|inactive|spenser1235 has 30 seconds left.\n|inactive|spenser1235 has 20 seconds left.\n|inactive|spenser1235 has 15 seconds left.\n|inactive|spenser1235 has 10 seconds left.\n|l|\u2606spenser1235\n|inactive|spenser1235 disconnected and has a minute to reconnect!\n|player|p1|\n|inactive|spenser1235 has 5 seconds left.\n|-message|spenser1235 lost due to inactivity.\n|\n|win|ZippidyZap\n|raw|spenser1235's rating: 1178 &rarr; <strong>1146<\/strong><br \/>(-32 for losing)\n|raw|ZippidyZap's rating: 1083 &rarr; <strong>1118<\/strong><br \/>(+35 for winning)\n","uploadtime":1700084384,"views":19,"p1id":"spenser1235","p2id":"zippidyzap","formatid":"gen9vgc2023regulatione","rating":1118,"private":0,"password":""}