{"id":"gen9vgc2023regulatione-1992238859","p1":"B10X","p2":"ABTonniere","format":"[Gen 9] VGC 2023 Regulation E","log":"|j|\u2606B10X\n|j|\u2606ABTonniere\n|n|\u2606B10X|b10x\n|n|\u2606ABTonniere|abtonniere\n|html|View the match progress at <a href=\"\/game-bestof3-gen9vgc2023regulatione-1992238858\">game-bestof3-gen9vgc2023regulatione-1992238858<\/a>\n|t:|1700166658\n|gametype|doubles\n|player|p1|B10X|marlon|\n|player|p2|ABTonniere|266|\n|teamsize|p1|6\n|teamsize|p2|6\n|gen|9\n|tier|[Gen 9] VGC 2023 Regulation E\n|rule|Species Clause: Limit one of each Pok\u00e9mon\n|rule|Item Clause: Limit one of each item\n|clearpoke\n|poke|p1|Landorus-Therian, L50, M|\n|poke|p1|Iron Hands, L50|\n|poke|p1|Chien-Pao, L50|\n|poke|p1|Flutter Mane, L50|\n|poke|p1|Ogerpon-Wellspring, L50, F|\n|poke|p1|Arcanine-Hisui, L50, F|\n|poke|p2|Heatran, L50, F|\n|poke|p2|Flutter Mane, L50|\n|poke|p2|Iron Hands, L50|\n|poke|p2|Urshifu-*, L50, M|\n|poke|p2|Tornadus, L50, M|\n|poke|p2|Farigiraf, L50, F|\n|teampreview|4\nB10X has agreed to open team sheets.\nABTonniere has agreed to open team sheets.\n|showteam|p1|Landorus-Therian||ChoiceScarf|Intimidate|StompingTantrum,RockSlide,Uturn,TeraBlast|||M|||50|,,,,,Flying]Iron Hands||AssaultVest|QuarkDrive|DrainPunch,WildCharge,HeavySlam,FakeOut||||||50|,,,,,Fire]Chien-Pao||FocusSash|SwordofRuin|IceSpinner,SacredSword,SuckerPunch,Protect||||||50|,,,,,Ghost]Flutter Mane||ChoiceSpecs|Protosynthesis|Moonblast,ShadowBall,DazzlingGleam,IcyWind||||||50|,,,,,Fairy]Ogerpon-Wellspring||WellspringMask|WaterAbsorb|IvyCudgel,HornLeech,SwordsDance,SpikyShield|||F|||50|,,,,,Water]Arcanine-Hisui||ChoiceBand|Intimidate|FlareBlitz,RockSlide,ExtremeSpeed,HeadSmash|||F|||50|,,,,,Normal\n|showteam|p2|Heatran||LifeOrb|FlashFire|HeatWave,FlashCannon,EarthPower,Protect|||F|||50|,,,,,Fairy]Flutter Mane||ChoiceSpecs|Protosynthesis|Moonblast,ShadowBall,DazzlingGleam,Thunderbolt||||||50|,,,,,Water]Iron Hands||AssaultVest|QuarkDrive|DrainPunch,FakeOut,WildCharge,HeavySlam||||||50|,,,,,Grass]Urshifu||FocusSash|UnseenFist|WickedBlow,CloseCombat,SuckerPunch,Detect|||M|||50|,,,,,Dark]Tornadus||CovertCloak|Prankster|Tailwind,BleakwindStorm,Taunt,IcyWind|||M|||50|,,,,,Steel]Farigiraf||RockyHelmet|ArmorTail|TrickRoom,Imprison,DazzlingGleam,Psychic|||F|||50|,,,,,Fairy\n|c|\u2606B10X|gl hf\n|c|\u2606ABTonniere|gl hf\n|\n|t:|1700166694\n|start\n|switch|p1a: Iron Hands|Iron Hands, L50|100\/100\n|switch|p1b: Landorus|Landorus-Therian, L50, M|100\/100\n|switch|p2a: Tornadus|Tornadus, L50, M|100\/100\n|switch|p2b: Iron Hands|Iron Hands, L50|100\/100\n|-ability|p1b: Landorus|Intimidate|boost\n|-unboost|p2a: Tornadus|atk|1\n|-unboost|p2b: Iron Hands|atk|1\n|turn|1\n|inactive|Battle timer is ON: inactive players will automatically lose when time's up. (requested by B10X)\n|\n|t:|1700166724\n|move|p2b: Iron Hands|Fake Out|p1a: Iron Hands\n|-damage|p1a: Iron Hands|94\/100\n|move|p2a: Tornadus|Tailwind|p2a: Tornadus\n|-sidestart|p2: ABTonniere|move: Tailwind\n|move|p1b: Landorus|Stomping Tantrum|p2b: Iron Hands\n|-supereffective|p2b: Iron Hands\n|-damage|p2b: Iron Hands|45\/100\n|cant|p1a: Iron Hands|flinch\n|\n|upkeep\n|turn|2\n|inactive|ABTonniere has 30 seconds left.\n|inactive|ABTonniere has 20 seconds left.\n|inactive|ABTonniere has 15 seconds left.\n|\n|t:|1700166764\n|switch|p1b: Ogerpon|Ogerpon-Wellspring, L50, F|100\/100\n|-terastallize|p2a: Tornadus|Steel\n|move|p2a: Tornadus|Bleakwind Storm|p1a: Iron Hands|[spread] p1b\n|-miss|p2a: Tornadus|p1a: Iron Hands\n|-supereffective|p1b: Ogerpon\n|-damage|p1b: Ogerpon|18\/100\n|move|p2b: Iron Hands|Drain Punch|p1a: Iron Hands\n|-damage|p1a: Iron Hands|74\/100\n|-heal|p2b: Iron Hands|54\/100|[from] drain|[of] p1a: Iron Hands\n|move|p1a: Iron Hands|Wild Charge|p2a: Tornadus\n|-damage|p2a: Tornadus|17\/100\n|-damage|p1a: Iron Hands|60\/100|[from] Recoil\n|\n|upkeep\n|turn|3\n|\n|t:|1700166783\n|move|p1b: Ogerpon|Spiky Shield|p1b: Ogerpon\n|-singleturn|p1b: Ogerpon|move: Protect\n|move|p2a: Tornadus|Bleakwind Storm|p1b: Ogerpon|[spread] p1a\n|-activate|p1b: Ogerpon|move: Protect\n|-damage|p1a: Iron Hands|37\/100\n|-unboost|p1a: Iron Hands|spe|1\n|move|p2b: Iron Hands|Drain Punch|p1a: Iron Hands\n|-damage|p1a: Iron Hands|19\/100\n|-heal|p2b: Iron Hands|64\/100|[from] drain|[of] p1a: Iron Hands\n|move|p1a: Iron Hands|Drain Punch|p2a: Tornadus\n|-supereffective|p2a: Tornadus\n|-damage|p2a: Tornadus|0 fnt\n|-heal|p1a: Iron Hands|24\/100|[from] drain|[of] p2a: Tornadus\n|faint|p2a: Tornadus\n|\n|upkeep\n|\n|t:|1700166795\n|switch|p2a: Heatran|Heatran, L50, F|100\/100\n|turn|4\n|\n|t:|1700166817\n|switch|p1b: Flutter Mane|Flutter Mane, L50|100\/100\n|move|p2a: Heatran|Heat Wave|p1a: Iron Hands|[spread] p1a,p1b\n|-crit|p1a: Iron Hands\n|-damage|p1a: Iron Hands|0 fnt\n|-damage|p1b: Flutter Mane|44\/100\n|faint|p1a: Iron Hands\n|-end|p1a: Iron Hands|Quark Drive|[silent]\n|-damage|p2a: Heatran|91\/100|[from] item: Life Orb\n|move|p2b: Iron Hands|Drain Punch|p1b: Flutter Mane\n|-immune|p1b: Flutter Mane\n|\n|-sideend|p2: ABTonniere|move: Tailwind\n|upkeep\n|\n|t:|1700166824\n|switch|p1a: Ogerpon|Ogerpon-Wellspring, L50, F|18\/100\n|turn|5\n|\n|t:|1700166842\n|-terastallize|p1b: Flutter Mane|Fairy\n|move|p1b: Flutter Mane|Moonblast|p2b: Iron Hands\n|-supereffective|p2b: Iron Hands\n|-damage|p2b: Iron Hands|0 fnt\n|faint|p2b: Iron Hands\n|-end|p2b: Iron Hands|Quark Drive|[silent]\n|move|p1a: Ogerpon|Ivy Cudgel|p2a: Heatran|[anim] Ivy Cudgel Water\n|-supereffective|p2a: Heatran\n|-damage|p2a: Heatran|0 fnt\n|faint|p2a: Heatran\n|\n|upkeep\n|\n|t:|1700166852\n|switch|p2a: Flutter Mane|Flutter Mane, L50|100\/100\n|turn|6\n|\n|t:|1700166863\n|move|p1b: Flutter Mane|Moonblast|p2a: Flutter Mane\n|-damage|p2a: Flutter Mane|5\/100\n|-unboost|p2a: Flutter Mane|spa|1\n|move|p2a: Flutter Mane|Dazzling Gleam|p1a: Ogerpon|[spread] p1a,p1b\n|-damage|p1a: Ogerpon|0 fnt\n|-damage|p1b: Flutter Mane|12\/100\n|faint|p1a: Ogerpon\n|\n|upkeep\n|\n|t:|1700166866\n|switch|p1a: Landorus|Landorus-Therian, L50, M|100\/100\n|-ability|p1a: Landorus|Intimidate|boost\n|-unboost|p2a: Flutter Mane|atk|1\n|turn|7\n|\n|t:|1700166874\n|move|p1a: Landorus|U-turn|p2a: Flutter Mane\n|-resisted|p2a: Flutter Mane\n|-damage|p2a: Flutter Mane|0 fnt\n|faint|p2a: Flutter Mane\n|-end|p2a: Flutter Mane|Protosynthesis|[silent]\n|\n|win|B10X\n|c|&|\/uhtml prompt-b10x,B10X is ready for game 2!\n|c|&|\/uhtml prompt-abtonniere,ABTonniere is ready for game 2!\nBoth players are ready! Starting next match!\n|l|\u2606ABTonniere\n","uploadtime":1700167081,"views":8,"p1id":"b10x","p2id":"abtonniere","formatid":"gen9vgc2023regulatione","rating":0,"private":0,"password":""}