{"id":"gen9vgc2023regulatione-1999116146","p1":"GeoGreenBeanz","p2":"Jop 37 in a row","format":"[Gen 9] VGC 2023 Regulation E","log":"|j|\u2606GeoGreenBeanz\n|j|\u2606Jop 37 in a row\n|t:|1701034853\n|gametype|doubles\n|player|p1|GeoGreenBeanz|janitor|1004\n|player|p2|Jop 37 in a row|lillie|1077\n|teamsize|p1|6\n|teamsize|p2|6\n|gen|9\n|tier|[Gen 9] VGC 2023 Regulation E\n|rated|\n|rule|Species Clause: Limit one of each Pok\u00e9mon\n|rule|Item Clause: Limit one of each item\n|clearpoke\n|poke|p1|Clefable, L50, F|\n|poke|p1|Slaking, L50, M|\n|poke|p1|Dragonite, L50, F|\n|poke|p1|Weezing-Galar, L50, F|\n|poke|p1|Grafaiai, L50, F|\n|poke|p1|Jumpluff, L50, M|\n|poke|p2|Moltres-Galar, L50|\n|poke|p2|Arcanine-Hisui, L50, F|\n|poke|p2|Munkidori, L50, M|\n|poke|p2|Sinistcha, L50|\n|poke|p2|Grimmsnarl, L50, M|\n|poke|p2|Milotic, L50, F|\n|teampreview|4\n|inactive|Battle timer is ON: inactive players will automatically lose when time's up. (requested by Jop 37 in a row)\n|inactive|GeoGreenBeanz has 60 seconds left.\n|\n|t:|1701034912\n|start\n|switch|p1a: Slakong|Slaking, L50, M|100\/100\n|switch|p1b: Grafaiai|Grafaiai, L50, F|100\/100\n|switch|p2a: Grimmsnarl|Grimmsnarl, L50, M, shiny|100\/100\n|switch|p2b: Arcanine|Arcanine-Hisui, L50, F, shiny|100\/100\n|-ability|p2b: Arcanine|Intimidate|boost\n|-fail|p1a: Slakong|unboost|[from] item: Clear Amulet|[of] p1a: Slakong\n|-unboost|p1b: Grafaiai|atk|1\n|turn|1\n|inactive|GeoGreenBeanz has 30 seconds left.\n|inactive|Jop 37 in a row has 30 seconds left.\n|inactive|GeoGreenBeanz has 20 seconds left.\n|\n|t:|1701034952\n|move|p1b: Grafaiai|Doodle|p2b: Arcanine\n|-endability|p1a: Slakong|Truant|[from] move: Doodle\n|-ability|p1a: Slakong|Intimidate|boost\n|-unboost|p2a: Grimmsnarl|atk|1\n|-unboost|p2b: Arcanine|atk|1\n|-ability|p1a: Slakong|Intimidate|[from] move: Doodle\n|-block|p1b: Grafaiai|item: Ability Shield\n|move|p2a: Grimmsnarl|Reflect|p2a: Grimmsnarl\n|-sidestart|p2: Jop 37 in a row|Reflect\n|move|p1a: Slakong|Bulk Up|p1a: Slakong\n|-boost|p1a: Slakong|atk|1\n|-boost|p1a: Slakong|def|1\n|move|p2b: Arcanine|Rock Slide|p1b: Grafaiai|[spread] p1a,p1b\n|-damage|p1a: Slakong|91\/100\n|-damage|p1b: Grafaiai|70\/100\n|\n|upkeep\n|turn|2\n|inactive|GeoGreenBeanz has 30 seconds left.\n|inactive|Jop 37 in a row has 30 seconds left.\n|\n|t:|1701034987\n|switch|p2b: Moltres|Moltres-Galar, L50, shiny|100\/100\n|move|p1b: Grafaiai|Parting Shot|p2b: Moltres\n|-hint|Since gen 7, Dark is immune to Prankster moves.\n|-immune|p2b: Moltres\n|move|p2a: Grimmsnarl|Parting Shot|p1a: Slakong\n|-fail|p1a: Slakong|unboost|[from] item: Clear Amulet|[of] p1a: Slakong\n|move|p1a: Slakong|Bulk Up|p1a: Slakong\n|-boost|p1a: Slakong|atk|1\n|-boost|p1a: Slakong|def|1\n|\n|upkeep\n|turn|3\n|inactive|GeoGreenBeanz has 30 seconds left.\n|\n|t:|1701035013\n|move|p2a: Grimmsnarl|Parting Shot|p1b: Grafaiai\n|-unboost|p1b: Grafaiai|atk|1\n|-unboost|p1b: Grafaiai|spa|1\n|\n|t:|1701035017\n|switch|p2a: Sinistcha|Sinistcha, L50, shiny|100\/100|[from] Parting Shot\n|move|p1b: Grafaiai|Gunk Shot|p2a: Sinistcha|[miss]\n|-miss|p1b: Grafaiai|p2a: Sinistcha\n|move|p1a: Slakong|Drain Punch|p2b: Moltres\n|-damage|p2b: Moltres|56\/100\n|-heal|p1a: Slakong|100\/100|[from] drain|[of] p2b: Moltres\n|move|p2b: Moltres|Nasty Plot|p2b: Moltres\n|-boost|p2b: Moltres|spa|2\n|\n|upkeep\n|turn|4\n|inactive|GeoGreenBeanz has 30 seconds left.\n|\n|t:|1701035049\n|move|p2a: Sinistcha|Rage Powder|p2a: Sinistcha\n|-singleturn|p2a: Sinistcha|move: Rage Powder\n|move|p1b: Grafaiai|Doodle|p2a: Sinistcha\n|-endability|p1a: Slakong|Intimidate|[from] move: Doodle\n|-heal|p1b: Grafaiai|95\/100|[from] ability: Hospitality|[of] p1a: Slakong\n|-ability|p1a: Slakong|Hospitality|[from] move: Doodle\n|-block|p1b: Grafaiai|item: Ability Shield\n|move|p1a: Slakong|Facade|p2a: Sinistcha\n|-immune|p2a: Sinistcha\n|move|p2b: Moltres|Nasty Plot|p2b: Moltres\n|-boost|p2b: Moltres|spa|2\n|\n|upkeep\n|turn|5\n|\n|t:|1701035072\n|move|p2a: Sinistcha|Rage Powder|p2a: Sinistcha\n|-singleturn|p2a: Sinistcha|move: Rage Powder\n|move|p1b: Grafaiai|Swagger|p2a: Sinistcha|[miss]\n|-miss|p1b: Grafaiai|p2a: Sinistcha\n|move|p1a: Slakong|Sucker Punch||[still]\n|-fail|p1a: Slakong\n|move|p2b: Moltres|Fiery Wrath|p1b: Grafaiai|[spread] p1a,p1b\n|-damage|p1a: Slakong|15\/100\n|-damage|p1b: Grafaiai|8\/100\n|\n|upkeep\n|turn|6\n|inactive|GeoGreenBeanz has 30 seconds left.\n|inactive|GeoGreenBeanz has 20 seconds left.\n|inactive|GeoGreenBeanz has 15 seconds left.\n|\n|t:|1701035113\n|move|p2a: Sinistcha|Rage Powder|p2a: Sinistcha\n|-singleturn|p2a: Sinistcha|move: Rage Powder\n|move|p1b: Grafaiai|Parting Shot|p2a: Sinistcha\n|-unboost|p2a: Sinistcha|atk|1\n|-unboost|p2a: Sinistcha|spa|1\n|\n|t:|1701035120\n|switch|p1b: Clefable|Clefable, L50, F|100\/100|[from] Parting Shot\n|move|p1a: Slakong|Facade|p2a: Sinistcha\n|-immune|p2a: Sinistcha\n|move|p2b: Moltres|Fiery Wrath|p1a: Slakong|[spread] p1a,p1b\n|-resisted|p1b: Clefable\n|-damage|p1a: Slakong|0 fnt\n|-damage|p1b: Clefable|86\/100\n|faint|p1a: Slakong\n|\n|-heal|p1b: Clefable|92\/100|[from] item: Leftovers\n|upkeep\n|\n|t:|1701035136\n|switch|p1a: Dragonite|Dragonite, L50, F|100\/100\n|turn|7\n|inactive|GeoGreenBeanz has 30 seconds left.\n|\n|t:|1701035164\n|-terastallize|p1a: Dragonite|Normal\n|-terastallize|p2b: Moltres|Poison\n|move|p1a: Dragonite|Rock Slide|p2a: Sinistcha|[spread] p2a,p2b\n|-damage|p2a: Sinistcha|87\/100\n|-damage|p2b: Moltres|37\/100\n|-ability|p2b: Moltres|Berserk|boost\n|-boost|p2b: Moltres|spa|1\n|-damage|p1a: Dragonite|91\/100|[from] item: Life Orb\n|-enditem|p2b: Moltres|Sitrus Berry|[eat]\n|-heal|p2b: Moltres|62\/100|[from] item: Sitrus Berry\n|cant|p2b: Moltres|flinch\n|move|p2a: Sinistcha|Life Dew|p2a: Sinistcha|[spread] p2a,p2b\n|-heal|p2a: Sinistcha|100\/100\n|-heal|p2b: Moltres|87\/100\n|move|p1b: Clefable|Icy Wind|p2a: Sinistcha|[spread] p2a,p2b\n|-supereffective|p2a: Sinistcha\n|-damage|p2a: Sinistcha|75\/100\n|-damage|p2b: Moltres|77\/100\n|-unboost|p2a: Sinistcha|spe|1\n|-unboost|p2b: Moltres|spe|1\n|\n|-heal|p1b: Clefable|98\/100|[from] item: Leftovers\n|upkeep\n|turn|8\n|inactive|GeoGreenBeanz has 30 seconds left.\n|\n|t:|1701035195\n|move|p2b: Moltres|Protect|p2b: Moltres\n|-singleturn|p2b: Moltres|Protect\n|move|p1a: Dragonite|Ice Spinner|p2a: Sinistcha\n|-supereffective|p2a: Sinistcha\n|-damage|p2a: Sinistcha|32\/100\n|-damage|p1a: Dragonite|75\/100|[from] item: Rocky Helmet|[of] p2a: Sinistcha\n|-damage|p1a: Dragonite|65\/100|[from] item: Life Orb\n|move|p1b: Clefable|Knock Off|p2a: Sinistcha\n|-supereffective|p2a: Sinistcha\n|-damage|p2a: Sinistcha|12\/100\n|-damage|p1b: Clefable|81\/100|[from] item: Rocky Helmet|[of] p2a: Sinistcha\n|-enditem|p2a: Sinistcha|Rocky Helmet|[from] move: Knock Off|[of] p1b: Clefable\n|move|p2a: Sinistcha|Trick Room|p2a: Sinistcha\n|-fieldstart|move: Trick Room|[of] p2a: Sinistcha\n|\n|-heal|p1b: Clefable|87\/100|[from] item: Leftovers\n|-sideend|p2: Jop 37 in a row|Reflect\n|upkeep\n|turn|9\n|\n|t:|1701035217\n|move|p1b: Clefable|Follow Me|p1b: Clefable\n|-singleturn|p1b: Clefable|move: Follow Me\n|move|p1a: Dragonite|Extreme Speed|p2b: Moltres\n|-damage|p2b: Moltres|17\/100\n|-ability|p2b: Moltres|Berserk|boost\n|-boost|p2b: Moltres|spa|1\n|-damage|p1a: Dragonite|55\/100|[from] item: Life Orb\n|move|p2a: Sinistcha|Matcha Gotcha|p1b: Clefable|[spread] p1a,p1b\n|-damage|p1a: Dragonite|37\/100\n|-heal|p2a: Sinistcha|21\/100|[from] drain|[of] p1a: Dragonite\n|-damage|p1b: Clefable|63\/100\n|-heal|p2a: Sinistcha|35\/100|[from] drain|[of] p1b: Clefable\n|move|p2b: Moltres|Fiery Wrath|p1a: Dragonite|[spread] p1a,p1b\n|-resisted|p1b: Clefable\n|-damage|p1a: Dragonite|0 fnt\n|-damage|p1b: Clefable|47\/100\n|faint|p1a: Dragonite\n|\n|-heal|p1b: Clefable|53\/100|[from] item: Leftovers\n|upkeep\n|\n|t:|1701035239\n|switch|p1a: Grafaiai|Grafaiai, L50, F|8\/100\n|turn|10\n|\n|t:|1701035257\n|move|p2a: Sinistcha|Rage Powder|p2a: Sinistcha\n|-singleturn|p2a: Sinistcha|move: Rage Powder\n|move|p1b: Clefable|Icy Wind|p2a: Sinistcha|[spread] p2a,p2b\n|-supereffective|p2a: Sinistcha\n|-damage|p2a: Sinistcha|7\/100\n|-damage|p2b: Moltres|8\/100\n|-unboost|p2a: Sinistcha|spe|1\n|-unboost|p2b: Moltres|spe|1\n|move|p2b: Moltres|Fiery Wrath|p1a: Grafaiai|[spread] p1a,p1b\n|-resisted|p1b: Clefable\n|-damage|p1a: Grafaiai|0 fnt\n|-damage|p1b: Clefable|37\/100\n|faint|p1a: Grafaiai\n|\n|-heal|p1b: Clefable|43\/100|[from] item: Leftovers\n|upkeep\n|turn|11\n|\n|t:|1701035277\n|move|p2b: Moltres|Protect|p2b: Moltres\n|-singleturn|p2b: Moltres|Protect\n|move|p2a: Sinistcha|Life Dew|p2a: Sinistcha|[spread] p2a,p2b\n|-heal|p2a: Sinistcha|32\/100\n|-heal|p2b: Moltres|33\/100\n|move|p1b: Clefable|Icy Wind|p2a: Sinistcha|[spread] p2a\n|-activate|p2b: Moltres|move: Protect\n|-supereffective|p2a: Sinistcha\n|-crit|p2a: Sinistcha\n|-damage|p2a: Sinistcha|0 fnt\n|faint|p2a: Sinistcha\n|\n|-heal|p1b: Clefable|49\/100|[from] item: Leftovers\n|upkeep\n|-message|GeoGreenBeanz forfeited.\n|\n|win|Jop 37 in a row\n|raw|GeoGreenBeanz's rating: 1004 &rarr; <strong>1000<\/strong><br \/>(-4 for losing)\n|raw|Jop 37 in a row's rating: 1077 &rarr; <strong>1100<\/strong><br \/>(+23 for winning)\n|l|\u2606GeoGreenBeanz\n","uploadtime":1701035289,"views":4,"p1id":"geogreenbeanz","p2id":"jop37inarow","formatid":"gen9vgc2023regulatione","rating":1000,"private":0,"password":""}