{"id":"gen9vgc2023regulatione-1988989376","p1":"CXKGIAO","p2":"xyzfly","format":"[Gen 9] VGC 2023 Regulation E","log":"|j|\u2606CXKGIAO\n|j|\u2606xyzfly\n|n|\u2606CXKGIAO|cxkgiao\n|n|\u2606xyzfly|xyzfly\n|html|View the match progress at <a href=\"\/game-bestof3-gen9vgc2023regulatione-1988989375\">game-bestof3-gen9vgc2023regulatione-1988989375<\/a>\n|t:|1699799086\n|gametype|doubles\n|player|p1|CXKGIAO|dawn-gen4pt|\n|player|p2|xyzfly|dawn|\n|teamsize|p1|6\n|teamsize|p2|6\n|gen|9\n|tier|[Gen 9] VGC 2023 Regulation E\n|rule|Species Clause: Limit one of each Pok\u00e9mon\n|rule|Item Clause: Limit one of each item\n|clearpoke\n|poke|p1|Slowpoke, L50, F|\n|poke|p1|Torkoal, L50, M|\n|poke|p1|Lycanroc-Dusk, L50, F|\n|poke|p1|Indeedee-F, L50, F|\n|poke|p1|Ursaluna, L50, M|\n|poke|p1|Armarouge, L50, M|\n|poke|p2|Lycanroc-Dusk, L50, F|\n|poke|p2|Milotic, L50, F|\n|poke|p2|Arcanine, L50, F|\n|poke|p2|Gengar, L50, M|\n|poke|p2|Tyranitar, L50, F|\n|poke|p2|Thundurus, L50, M|\n|teampreview|4\n|inactive|Battle timer is ON: inactive players will automatically lose when time's up. (requested by xyzfly)\n|inactive|CXKGIAO has 60 seconds left.\n|inactive|xyzfly has 60 seconds left.\n|inactive|CXKGIAO has 30 seconds left.\n|\n|t:|1699799156\n|start\n|switch|p1a: \u60ca\u5929\u6d6a\u6d9b\u6740|Slowpoke, L50, F, shiny|100\/100\n|switch|p1b: \u540e\u5907\u9690\u85cf\u80fd\u6e90\uff08\u6307\u6587\u67da\u679c\uff09|Indeedee-F, L50, F|100\/100\n|switch|p2a: Milotic|Milotic, L50, F|100\/100\n|switch|p2b: Lycanroc|Lycanroc-Dusk, L50, F|100\/100\n|-fieldstart|move: Psychic Terrain|[from] ability: Psychic Surge|[of] p1b: \u540e\u5907\u9690\u85cf\u80fd\u6e90\uff08\u6307\u6587\u67da\u679c\uff09\n|turn|1\n|\n|t:|1699799181\n|move|p1b: \u540e\u5907\u9690\u85cf\u80fd\u6e90\uff08\u6307\u6587\u67da\u679c\uff09|Follow Me|p1b: \u540e\u5907\u9690\u85cf\u80fd\u6e90\uff08\u6307\u6587\u67da\u679c\uff09\n|-singleturn|p1b: \u540e\u5907\u9690\u85cf\u80fd\u6e90\uff08\u6307\u6587\u67da\u679c\uff09|move: Follow Me\n|move|p2b: Lycanroc|Crunch|p1b: \u540e\u5907\u9690\u85cf\u80fd\u6e90\uff08\u6307\u6587\u67da\u679c\uff09\n|-supereffective|p1b: \u540e\u5907\u9690\u85cf\u80fd\u6e90\uff08\u6307\u6587\u67da\u679c\uff09\n|-crit|p1b: \u540e\u5907\u9690\u85cf\u80fd\u6e90\uff08\u6307\u6587\u67da\u679c\uff09\n|-damage|p1b: \u540e\u5907\u9690\u85cf\u80fd\u6e90\uff08\u6307\u6587\u67da\u679c\uff09|0 fnt\n|faint|p1b: \u540e\u5907\u9690\u85cf\u80fd\u6e90\uff08\u6307\u6587\u67da\u679c\uff09\n|-damage|p2b: Lycanroc|90\/100|[from] item: Life Orb\n|move|p2a: Milotic|Substitute|p2a: Milotic\n|-start|p2a: Milotic|Substitute\n|-damage|p2a: Milotic|76\/100\n|move|p1a: \u60ca\u5929\u6d6a\u6d9b\u6740|Trick Room|p1a: \u60ca\u5929\u6d6a\u6d9b\u6740\n|-fieldstart|move: Trick Room|[of] p1a: \u60ca\u5929\u6d6a\u6d9b\u6740\n|\n|-heal|p2a: Milotic|82\/100|[from] item: Leftovers\n|upkeep\n|\n|t:|1699799194\n|switch|p1b: \u4e09\u661f\u8fde\u73af\u70ae|Torkoal, L50, M|100\/100\n|-weather|SunnyDay|[from] ability: Drought|[of] p1b: \u4e09\u661f\u8fde\u73af\u70ae\n|turn|2\n|inactive|CXKGIAO has 30 seconds left.\n|\n|t:|1699799226\n|-terastallize|p1b: \u4e09\u661f\u8fde\u73af\u70ae|Fire\n|move|p1a: \u60ca\u5929\u6d6a\u6d9b\u6740|Foul Play|p2a: Milotic\n|-activate|p2a: Milotic|move: Substitute|[damage]\n|move|p1b: \u4e09\u661f\u8fde\u73af\u70ae|Eruption|p2a: Milotic|[spread] p2a,p2b\n|-resisted|p2a: Milotic\n|-end|p2a: Milotic|Substitute\n|-resisted|p2b: Lycanroc\n|-damage|p2b: Lycanroc|0 fnt\n|faint|p2b: Lycanroc\n|move|p2a: Milotic|Scald|p1b: \u4e09\u661f\u8fde\u73af\u70ae\n|-supereffective|p1b: \u4e09\u661f\u8fde\u73af\u70ae\n|-damage|p1b: \u4e09\u661f\u8fde\u73af\u70ae|62\/100\n|\n|-weather|SunnyDay|[upkeep]\n|-heal|p2a: Milotic|88\/100|[from] item: Leftovers\n|upkeep\n|\n|t:|1699799247\n|switch|p2b: Arcanine|Arcanine, L50, F|100\/100\n|-ability|p2b: Arcanine|Intimidate|boost\n|-fail|p1a: \u60ca\u5929\u6d6a\u6d9b\u6740|unboost|Attack|[from] ability: Oblivious|[of] p1a: \u60ca\u5929\u6d6a\u6d9b\u6740\n|-unboost|p1b: \u4e09\u661f\u8fde\u73af\u70ae|atk|1\n|turn|3\n|\n|t:|1699799268\n|move|p1a: \u60ca\u5929\u6d6a\u6d9b\u6740|Heal Pulse|p1b: \u4e09\u661f\u8fde\u73af\u70ae\n|-heal|p1b: \u4e09\u661f\u8fde\u73af\u70ae|100\/100\n|move|p1b: \u4e09\u661f\u8fde\u73af\u70ae|Eruption|p2b: Arcanine|[spread] p2a,p2b\n|-resisted|p2a: Milotic\n|-resisted|p2b: Arcanine\n|-damage|p2a: Milotic|46\/100\n|-damage|p2b: Arcanine|57\/100\n|move|p2a: Milotic|Scald|p1b: \u4e09\u661f\u8fde\u73af\u70ae\n|-supereffective|p1b: \u4e09\u661f\u8fde\u73af\u70ae\n|-damage|p1b: \u4e09\u661f\u8fde\u73af\u70ae|60\/100\n|move|p2b: Arcanine|Wild Charge|p1a: \u60ca\u5929\u6d6a\u6d9b\u6740\n|-supereffective|p1a: \u60ca\u5929\u6d6a\u6d9b\u6740\n|-damage|p1a: \u60ca\u5929\u6d6a\u6d9b\u6740|62\/100\n|-damage|p2b: Arcanine|48\/100|[from] Recoil\n|\n|-weather|SunnyDay|[upkeep]\n|-heal|p2a: Milotic|52\/100|[from] item: Leftovers\n|upkeep\n|turn|4\n|inactive|xyzfly has 30 seconds left.\n|inactive|xyzfly has 20 seconds left.\n|\n|t:|1699799305\n|move|p1a: \u60ca\u5929\u6d6a\u6d9b\u6740|Heal Pulse|p1b: \u4e09\u661f\u8fde\u73af\u70ae\n|-heal|p1b: \u4e09\u661f\u8fde\u73af\u70ae|100\/100\n|move|p1b: \u4e09\u661f\u8fde\u73af\u70ae|Earth Power|p2b: Arcanine\n|-supereffective|p2b: Arcanine\n|-damage|p2b: Arcanine|9\/100\n|move|p2a: Milotic|Recover|p2a: Milotic\n|-heal|p2a: Milotic|100\/100\n|move|p2b: Arcanine|Wild Charge|p1a: \u60ca\u5929\u6d6a\u6d9b\u6740\n|-supereffective|p1a: \u60ca\u5929\u6d6a\u6d9b\u6740\n|-damage|p1a: \u60ca\u5929\u6d6a\u6d9b\u6740|18\/100\n|-damage|p2b: Arcanine|0 fnt|[from] Recoil\n|faint|p2b: Arcanine\n|\n|-weather|SunnyDay|[upkeep]\n|upkeep\n|\n|t:|1699799318\n|switch|p2b: Gengar|Gengar, L50, M|100\/100\n|turn|5\n|inactive|CXKGIAO has 30 seconds left.\n|inactive|xyzfly has 30 seconds left.\n|inactive|CXKGIAO has 20 seconds left.\n|inactive|xyzfly has 20 seconds left.\n|\n|t:|1699799356\n|move|p1a: \u60ca\u5929\u6d6a\u6d9b\u6740|Foul Play|p2a: Milotic\n|-damage|p2a: Milotic|91\/100\n|move|p1b: \u4e09\u661f\u8fde\u73af\u70ae|Eruption|p2b: Gengar|[spread] p2a,p2b\n|-resisted|p2a: Milotic\n|-damage|p2a: Milotic|49\/100\n|-damage|p2b: Gengar|0 fnt\n|faint|p2b: Gengar\n|move|p2a: Milotic|Scald|p1b: \u4e09\u661f\u8fde\u73af\u70ae\n|-supereffective|p1b: \u4e09\u661f\u8fde\u73af\u70ae\n|-damage|p1b: \u4e09\u661f\u8fde\u73af\u70ae|60\/100\n|\n|-weather|SunnyDay|[upkeep]\n|-heal|p2a: Milotic|54\/100|[from] item: Leftovers\n|-fieldend|move: Trick Room\n|-fieldend|move: Psychic Terrain\n|upkeep\n|turn|6\n|\n|t:|1699799371\n|move|p1b: \u4e09\u661f\u8fde\u73af\u70ae|Protect|p1b: \u4e09\u661f\u8fde\u73af\u70ae\n|-singleturn|p1b: \u4e09\u661f\u8fde\u73af\u70ae|Protect\n|move|p2a: Milotic|Scald|p1a: \u60ca\u5929\u6d6a\u6d9b\u6740\n|-resisted|p1a: \u60ca\u5929\u6d6a\u6d9b\u6740\n|-damage|p1a: \u60ca\u5929\u6d6a\u6d9b\u6740|11\/100\n|move|p1a: \u60ca\u5929\u6d6a\u6d9b\u6740|Trick Room|p1a: \u60ca\u5929\u6d6a\u6d9b\u6740\n|-fieldstart|move: Trick Room|[of] p1a: \u60ca\u5929\u6d6a\u6d9b\u6740\n|\n|-weather|none\n|-heal|p2a: Milotic|60\/100|[from] item: Leftovers\n|upkeep\n|turn|7\n|\n|t:|1699799386\n|move|p1a: \u60ca\u5929\u6d6a\u6d9b\u6740|Skill Swap|p1b: \u4e09\u661f\u8fde\u73af\u70ae\n|-activate|p1a: \u60ca\u5929\u6d6a\u6d9b\u6740|move: Skill Swap|||[of] p1b: \u4e09\u661f\u8fde\u73af\u70ae\n|-weather|SunnyDay|[from] ability: Drought|[of] p1a: \u60ca\u5929\u6d6a\u6d9b\u6740\n|move|p1b: \u4e09\u661f\u8fde\u73af\u70ae|Earth Power|p2a: Milotic\n|-damage|p2a: Milotic|42\/100\n|move|p2a: Milotic|Scald|p1a: \u60ca\u5929\u6d6a\u6d9b\u6740\n|-resisted|p1a: \u60ca\u5929\u6d6a\u6d9b\u6740\n|-damage|p1a: \u60ca\u5929\u6d6a\u6d9b\u6740|4\/100\n|\n|-weather|SunnyDay|[upkeep]\n|-heal|p2a: Milotic|48\/100|[from] item: Leftovers\n|upkeep\n|turn|8\n|\n|t:|1699799401\n|move|p1a: \u60ca\u5929\u6d6a\u6d9b\u6740|Heal Pulse|p1b: \u4e09\u661f\u8fde\u73af\u70ae\n|-heal|p1b: \u4e09\u661f\u8fde\u73af\u70ae|100\/100\n|move|p1b: \u4e09\u661f\u8fde\u73af\u70ae|Earth Power|p2a: Milotic\n|-damage|p2a: Milotic|29\/100\n|move|p2a: Milotic|Scald|p1a: \u60ca\u5929\u6d6a\u6d9b\u6740\n|-resisted|p1a: \u60ca\u5929\u6d6a\u6d9b\u6740\n|-damage|p1a: \u60ca\u5929\u6d6a\u6d9b\u6740|0 fnt\n|faint|p1a: \u60ca\u5929\u6d6a\u6d9b\u6740\n|\n|-weather|SunnyDay|[upkeep]\n|-heal|p2a: Milotic|35\/100|[from] item: Leftovers\n|upkeep\n|\n|t:|1699799412\n|switch|p1a: \u8840\u8272\u6708\u98ce\u66b4|Ursaluna, L50, M|100\/100\n|turn|9\n|\n|t:|1699799425\n|-terastallize|p2a: Milotic|Fairy\n|move|p1b: \u4e09\u661f\u8fde\u73af\u70ae|Earth Power|p2a: Milotic\n|-damage|p2a: Milotic|18\/100\n|move|p1a: \u8840\u8272\u6708\u98ce\u66b4|Drain Punch|p2a: Milotic\n|-resisted|p2a: Milotic\n|-damage|p2a: Milotic|5\/100\n|move|p2a: Milotic|Scald|p1a: \u8840\u8272\u6708\u98ce\u66b4\n|-supereffective|p1a: \u8840\u8272\u6708\u98ce\u66b4\n|-damage|p1a: \u8840\u8272\u6708\u98ce\u66b4|85\/100\n|\n|-weather|SunnyDay|[upkeep]\n|-heal|p2a: Milotic|11\/100|[from] item: Leftovers\n|upkeep\n|turn|10\n|-message|xyzfly forfeited.\n|\n|win|CXKGIAO\n|l|\u2606xyzfly\n|c|&|\/uhtml prompt-xyzfly,xyzfly is ready for game 2!\n|c|&|\/uhtml prompt-xyzfly,xyzfly is ready for game 2!\n","uploadtime":1699799444,"views":13,"p1id":"cxkgiao","p2id":"xyzfly","formatid":"gen9vgc2023regulatione","rating":0,"private":0,"password":""}