{"id":"gen9vgc2023regulatione-2000512022","p1":"TheRealMuney","p2":"ADCasey","format":"[Gen 9] VGC 2023 Regulation E","log":"|j|\u2606TheRealMuney\n|j|\u2606ADCasey\n|t:|1701201013\n|gametype|doubles\n|player|p1|TheRealMuney|ghetsis|1046\n|player|p2|ADCasey|blue|1103\n|teamsize|p1|6\n|teamsize|p2|6\n|gen|9\n|tier|[Gen 9] VGC 2023 Regulation E\n|rated|\n|rule|Species Clause: Limit one of each Pok\u00e9mon\n|rule|Item Clause: Limit one of each item\n|clearpoke\n|poke|p1|Iron Hands, L50|\n|poke|p1|Ogerpon-Wellspring, L50, F|\n|poke|p1|Chien-Pao, L50|\n|poke|p1|Sinistcha, L50|\n|poke|p1|Landorus-Therian, L50, M|\n|poke|p1|Articuno-Galar, L50|\n|poke|p2|Inteleon, L50, M|\n|poke|p2|Politoed, L50, F|\n|poke|p2|Quaquaval, L50, M|\n|poke|p2|Maushold, L50|\n|poke|p2|Tinkaton, L50, F|\n|poke|p2|Tornadus, L50, M|\n|teampreview|4\n|inactive|Battle timer is ON: inactive players will automatically lose when time's up. (requested by TheRealMuney)\n|\n|t:|1701201050\n|start\n|switch|p1a: Articuno|Articuno-Galar, L50, shiny|100\/100\n|switch|p1b: Chien-Pao|Chien-Pao, L50|100\/100\n|switch|p2a: Tinkaton|Tinkaton, L50, F|100\/100\n|switch|p2b: Maushold|Maushold, L50|100\/100\n|-ability|p1b: Chien-Pao|Sword of Ruin\n|-ability|p2a: Tinkaton|Mold Breaker\n|turn|1\n|inactive|TheRealMuney has 30 seconds left.\n|\n|t:|1701201083\n|move|p2a: Tinkaton|Fake Out|p1b: Chien-Pao\n|-damage|p1b: Chien-Pao|85\/100\n|cant|p1b: Chien-Pao|flinch\n|move|p2b: Maushold|Population Bomb|p1b: Chien-Pao\n|-damage|p1b: Chien-Pao|70\/100\n|-damage|p1b: Chien-Pao|54\/100\n|-damage|p1b: Chien-Pao|38\/100\n|-damage|p1b: Chien-Pao|23\/100\n|-damage|p1b: Chien-Pao|7\/100\n|-damage|p1b: Chien-Pao|0 fnt\n|faint|p1b: Chien-Pao\n|-hitcount|p1: Chien-Pao|6\n|move|p1a: Articuno|Trick Room|p1a: Articuno\n|-fieldstart|move: Trick Room|[of] p1a: Articuno\n|\n|upkeep\n|\n|t:|1701201089\n|switch|p1b: Iron Hands|Iron Hands, L50, shiny|100\/100\n|-enditem|p1b: Iron Hands|Booster Energy\n|-activate|p1b: Iron Hands|ability: Quark Drive|[fromitem]\n|-start|p1b: Iron Hands|quarkdriveatk\n|turn|2\n|inactive|ADCasey has 30 seconds left.\n|\n|t:|1701201115\n|-terastallize|p1b: Iron Hands|Fire\n|move|p2b: Maushold|Protect|p2b: Maushold\n|-singleturn|p2b: Maushold|Protect\n|move|p1b: Iron Hands|Fire Punch|p2a: Tinkaton\n|-supereffective|p2a: Tinkaton\n|-damage|p2a: Tinkaton|0 fnt\n|faint|p2a: Tinkaton\n|move|p1a: Articuno|Reflect|p1a: Articuno\n|-sidestart|p1: TheRealMuney|Reflect\n|\n|upkeep\n|\n|t:|1701201126\n|switch|p2a: Quaquaval|Quaquaval, L50, M|100\/100\n|turn|3\n|inactive|ADCasey has 30 seconds left.\n|\n|t:|1701201152\n|-terastallize|p2b: Maushold|Ghost\n|move|p1b: Iron Hands|Drain Punch|p2b: Maushold\n|-immune|p2b: Maushold\n|move|p1a: Articuno|Light Screen|p1a: Articuno\n|-sidestart|p1: TheRealMuney|move: Light Screen\n|move|p2a: Quaquaval|Aqua Step|p1b: Iron Hands\n|-supereffective|p1b: Iron Hands\n|-damage|p1b: Iron Hands|56\/100\n|-boost|p2a: Quaquaval|spe|1\n|-damage|p2a: Quaquaval|91\/100|[from] item: Life Orb\n|move|p2b: Maushold|Population Bomb|p1b: Iron Hands\n|-damage|p1b: Iron Hands|51\/100\n|-damage|p1b: Iron Hands|45\/100\n|-damage|p1b: Iron Hands|40\/100\n|-crit|p1b: Iron Hands\n|-damage|p1b: Iron Hands|28\/100\n|-damage|p1b: Iron Hands|23\/100\n|-damage|p1b: Iron Hands|18\/100\n|-damage|p1b: Iron Hands|12\/100\n|-damage|p1b: Iron Hands|7\/100\n|-damage|p1b: Iron Hands|2\/100\n|-damage|p1b: Iron Hands|0 fnt\n|faint|p1b: Iron Hands\n|-end|p1b: Iron Hands|Quark Drive|[silent]\n|-hitcount|p1: Iron Hands|10\n|\n|upkeep\n|\n|t:|1701201161\n|switch|p1b: Sinistcha|Sinistcha, L50|100\/100\n|turn|4\n|\n|t:|1701201178\n|move|p1b: Sinistcha|Shadow Ball|p2b: Maushold\n|-supereffective|p2b: Maushold\n|-damage|p2b: Maushold|0 fnt\n|faint|p2b: Maushold\n|move|p1a: Articuno|Freezing Glare|p2a: Quaquaval\n|-supereffective|p2a: Quaquaval\n|-damage|p2a: Quaquaval|9\/100\n|move|p2a: Quaquaval|Brave Bird|p1b: Sinistcha\n|-supereffective|p1b: Sinistcha\n|-damage|p1b: Sinistcha|46\/100\n|-damage|p2a: Quaquaval|0 fnt|[from] Recoil\n|faint|p2a: Quaquaval\n|\n|upkeep\n|\n|t:|1701201187\n|switch|p2b: Tornadus|Tornadus, L50, M|100\/100\n|turn|5\n|\n|t:|1701201198\n|move|p1b: Sinistcha|Strength Sap|p2b: Tornadus\n|-unboost|p2b: Tornadus|atk|1\n|-heal|p1b: Sinistcha|100\/100\n|move|p1a: Articuno|Freezing Glare|p2b: Tornadus\n|-crit|p2b: Tornadus\n|-damage|p2b: Tornadus|27\/100\n|move|p2b: Tornadus|Bleakwind Storm|p1a: Articuno|[spread] p1b\n|-miss|p2b: Tornadus|p1a: Articuno\n|-supereffective|p1b: Sinistcha\n|-damage|p1b: Sinistcha|52\/100\n|\n|-fieldend|move: Trick Room\n|upkeep\n|turn|6\n|-message|ADCasey forfeited.\n|\n|win|TheRealMuney\n|raw|TheRealMuney's rating: 1046 &rarr; <strong>1084<\/strong><br \/>(+38 for winning)\n|raw|ADCasey's rating: 1103 &rarr; <strong>1074<\/strong><br \/>(-29 for losing)\n|l|\u2606ADCasey\n","uploadtime":1701201214,"views":2,"p1id":"therealmuney","p2id":"adcasey","formatid":"gen9vgc2023regulatione","rating":1074,"private":0,"password":""}