{"id":"gen9vgc2023regulatione-1988721774","p1":"Bardemis","p2":"olmecssb","format":"[Gen 9] VGC 2023 Regulation E","log":"|j|\u2606Bardemis\n|j|\u2606olmecssb\n|n|\u2606Bardemis|bardemis\n|n|\u2606olmecssb|olmecssb\n|html|View the match progress at <a href=\"\/game-bestof3-gen9vgc2023regulatione-1988718905\">game-bestof3-gen9vgc2023regulatione-1988718905<\/a>\n|t:|1699754840\n|gametype|doubles\n|player|p1|Bardemis|morty|\n|player|p2|olmecssb|misty-gen1rb|\n|teamsize|p1|6\n|teamsize|p2|6\n|gen|9\n|tier|[Gen 9] VGC 2023 Regulation E\n|rule|Species Clause: Limit one of each Pok\u00e9mon\n|rule|Item Clause: Limit one of each item\n|clearpoke\n|poke|p1|Torterra, L50, F|\n|poke|p1|Grimmsnarl, L50, M|\n|poke|p1|Urshifu-*, L50, M|\n|poke|p1|Heatran, L50, F|\n|poke|p1|Roaring Moon, L50|\n|poke|p1|Farigiraf, L50, F|\n|poke|p2|Mimikyu, L50, F|\n|poke|p2|Gothitelle, L50, F|\n|poke|p2|Scream Tail, L50|\n|poke|p2|Heatran, L50, M|\n|poke|p2|Sinistcha, L50|\n|poke|p2|Ogerpon-Wellspring, L50, F|\n|teampreview|4\n|inactive|Battle timer is ON: inactive players will automatically lose when time's up. (requested by Bardemis)\nBardemis has agreed to open team sheets.\nolmecssb has agreed to open team sheets.\n|showteam|p1|Torterra||WhiteHerb|ShellArmor|ShellSmash,WoodHammer,HighHorsepower,Protect|||F|||50|,,,,,Water]Grimmsnarl||LightClay|Prankster|Reflect,LightScreen,SpiritBreak,PartingShot|||M|||50|,,,,,Ghost]Urshifu-Rapid-Strike||MysticWater|UnseenFist|SurgingStrikes,CloseCombat,AquaJet,Protect|||M|||50|,,,,,Water]Heatran||Leftovers|FlashFire|EarthPower,Protect,FlashCannon,HeatWave|||F|||50|,,,,,Grass]Roaring Moon||BoosterEnergy|Protosynthesis|Tailwind,KnockOff,Acrobatics,Protect||||||50|,,,,,Flying]Farigiraf||SafetyGoggles|ArmorTail|Psyshock,DazzlingGleam,Imprison,TrickRoom|||F|||50|,,,,,Fairy\n|showteam|p2|Mimikyu||AguavBerry|Disguise|TrickRoom,PlayRough,Curse,Protect|||F|||50|,,,,,Fire]Gothitelle||SitrusBerry|ShadowTag|FakeOut,Psychic,HealPulse,Protect|||F|||50|,,,,,Fighting]Scream Tail||MentalHerb|Protosynthesis|Protect,PerishSong,Disable,Encore||||||50|,,,,,Dark]Heatran||Leftovers|FlashFire|HeatWave,FlashCannon,IronDefense,Protect|||M|||50|,,,,,Grass]Sinistcha||ShellBell|Hospitality|MatchaGotcha,Protect,CalmMind,StrengthSap||||||50|,,,,,Steel]Ogerpon-Wellspring||WellspringMask|WaterAbsorb|IvyCudgel,HornLeech,SwordsDance,SpikyShield|||F|||50|,,,,,Water\n|j| spork2000\n|j| E.Bluemage\n|inactive|Bardemis has 30 seconds left.\n|\n|t:|1699754882\n|start\n|switch|p1a: Urshifu|Urshifu-Rapid-Strike, L50, M|100\/100\n|switch|p1b: Farigiraf|Farigiraf, L50, F, shiny|100\/100\n|switch|p2a: Pebbles|Scream Tail, L50|100\/100\n|switch|p2b: Shrek-pon|Ogerpon-Wellspring, L50, F|100\/100\n|turn|1\n|inactive|Bardemis has 30 seconds left.\n|\n|t:|1699754911\n|switch|p1a: Grimmsnarl|Grimmsnarl, L50, M, shiny|100\/100\n|-terastallize|p2b: Shrek-pon|Water\n|detailschange|p2b: Shrek-pon|Ogerpon-Wellspring-Tera, L50, F, tera:Water\n|-ability|p2b: Shrek-pon|Embody Aspect (Wellspring)|boost\n|-boost|p2b: Shrek-pon|spd|1\n|move|p2a: Pebbles|Perish Song|p2a: Pebbles\n|-start|p1a: Grimmsnarl|perish3|[silent]\n|-start|p1b: Farigiraf|perish3|[silent]\n|-start|p2a: Pebbles|perish3|[silent]\n|-start|p2b: Shrek-pon|perish3|[silent]\n|-fieldactivate|move: Perish Song\n|move|p2b: Shrek-pon|Horn Leech|p1a: Grimmsnarl\n|-damage|p1a: Grimmsnarl|58\/100\n|move|p1b: Farigiraf|Dazzling Gleam|p2b: Shrek-pon|[spread] p2a,p2b\n|-damage|p2a: Pebbles|88\/100\n|-damage|p2b: Shrek-pon|88\/100\n|\n|-start|p2a: Pebbles|perish3\n|-start|p2b: Shrek-pon|perish3\n|-start|p1b: Farigiraf|perish3\n|-start|p1a: Grimmsnarl|perish3\n|upkeep\n|turn|2\n|\n|t:|1699754936\n|move|p1a: Grimmsnarl|Reflect|p1a: Grimmsnarl\n|-sidestart|p1: Bardemis|Reflect\n|move|p2a: Pebbles|Encore|p1a: Grimmsnarl\n|-start|p1a: Grimmsnarl|Encore\n|move|p2b: Shrek-pon|Ivy Cudgel|p1b: Farigiraf\n|-damage|p1b: Farigiraf|48\/100\n|move|p1b: Farigiraf|Psyshock|p2b: Shrek-pon\n|-damage|p2b: Shrek-pon|50\/100\n|\n|-start|p2a: Pebbles|perish2\n|-start|p2b: Shrek-pon|perish2\n|-start|p1b: Farigiraf|perish2\n|-start|p1a: Grimmsnarl|perish2\n|upkeep\n|turn|3\n|inactive|Bardemis has 30 seconds left.\n|inactive|olmecssb has 30 seconds left.\n|\n|t:|1699754967\n|switch|p2b: Broken Neck|Mimikyu, L50, F|100\/100\n|switch|p1a: Roaring Moon|Roaring Moon, L50|100\/100\n|-enditem|p1a: Roaring Moon|Booster Energy\n|-activate|p1a: Roaring Moon|ability: Protosynthesis|[fromitem]\n|-start|p1a: Roaring Moon|protosynthesisspe\n|move|p2a: Pebbles|Disable|p1b: Farigiraf\n|-start|p1b: Farigiraf|Disable|Psyshock\n|cant|p1b: Farigiraf|Disable|Psyshock\n|\n|-start|p2a: Pebbles|perish1\n|-start|p1b: Farigiraf|perish1\n|upkeep\n|turn|4\n|\n|t:|1699754991\n|-end|p2a: Pebbles|Protosynthesis|[silent]\n|switch|p2a: Japanese Sinestea|Sinistcha, L50|100\/100\n|move|p1a: Roaring Moon|Knock Off|p2b: Broken Neck\n|-activate|p2b: Broken Neck|ability: Disguise\n|-damage|p2b: Broken Neck|100\/100\n|-enditem|p2b: Broken Neck|Aguav Berry|[from] move: Knock Off|[of] p1a: Roaring Moon\n|detailschange|p2b: Broken Neck|Mimikyu-Busted, L50, F\n|-damage|p2b: Broken Neck|88\/100|[from] pokemon: Mimikyu-Busted\n|move|p2b: Broken Neck|Play Rough|p1a: Roaring Moon\n|-supereffective|p1a: Roaring Moon\n|-damage|p1a: Roaring Moon|3\/100\n|move|p1b: Farigiraf|Imprison|p1b: Farigiraf\n|-start|p1b: Farigiraf|move: Imprison\n|\n|-start|p1b: Farigiraf|perish0\n|faint|p1b: Farigiraf\n|upkeep\n|\n|t:|1699755008\n|switch|p1b: Grimmsnarl|Grimmsnarl, L50, M, shiny|58\/100\n|turn|5\n|\n|t:|1699755021\n|switch|p2b: Pebbles|Scream Tail, L50|88\/100\n|move|p1a: Roaring Moon|Protect|p1a: Roaring Moon\n|-singleturn|p1a: Roaring Moon|Protect\n|move|p2a: Japanese Sinestea|Matcha Gotcha|p1b: Grimmsnarl|[spread] p1b\n|-activate|p1a: Roaring Moon|move: Protect\n|-damage|p1b: Grimmsnarl|36\/100\n|move|p1b: Grimmsnarl|Spirit Break|p2b: Pebbles\n|-damage|p2b: Pebbles|63\/100\n|-unboost|p2b: Pebbles|spa|1\n|\n|upkeep\n|turn|6\n|\n|t:|1699755040\n|move|p1b: Grimmsnarl|Light Screen|p1b: Grimmsnarl\n|-sidestart|p1: Bardemis|move: Light Screen\n|move|p1a: Roaring Moon|Acrobatics|p2a: Japanese Sinestea\n|-supereffective|p2a: Japanese Sinestea\n|-damage|p2a: Japanese Sinestea|45\/100\n|move|p2b: Pebbles|Perish Song|p2b: Pebbles\n|-start|p1a: Roaring Moon|perish3|[silent]\n|-start|p1b: Grimmsnarl|perish3|[silent]\n|-start|p2a: Japanese Sinestea|perish3|[silent]\n|-start|p2b: Pebbles|perish3|[silent]\n|-fieldactivate|move: Perish Song\n|move|p2a: Japanese Sinestea|Matcha Gotcha|p1b: Grimmsnarl|[spread] p1a,p1b\n|-resisted|p1a: Roaring Moon\n|-damage|p1a: Roaring Moon|0 fnt\n|-heal|p2a: Japanese Sinestea|47\/100|[from] drain|[of] p1a: Roaring Moon\n|-damage|p1b: Grimmsnarl|22\/100\n|-heal|p2a: Japanese Sinestea|55\/100|[from] drain|[of] p1b: Grimmsnarl\n|faint|p1a: Roaring Moon\n|-end|p1a: Roaring Moon|Protosynthesis|[silent]\n|-heal|p2a: Japanese Sinestea|57\/100|[from] item: Shell Bell|[of] p1b: Grimmsnarl\n|\n|-start|p2b: Pebbles|perish3\n|-start|p2a: Japanese Sinestea|perish3\n|-start|p1b: Grimmsnarl|perish3\n|upkeep\n|\n|t:|1699755058\n|switch|p1a: Urshifu|Urshifu-Rapid-Strike, L50, M|100\/100\n|turn|7\n|\n|t:|1699755077\n|-terastallize|p1a: Urshifu|Water\n|move|p2b: Pebbles|Perish Song|p2b: Pebbles\n|-start|p1a: Urshifu|perish3|[silent]\n|-fieldactivate|move: Perish Song\n|move|p1a: Urshifu|Surging Strikes|p2b: Pebbles\n|-crit|p2b: Pebbles\n|-damage|p2b: Pebbles|35\/100\n|-crit|p2b: Pebbles\n|-damage|p2b: Pebbles|6\/100\n|-crit|p2b: Pebbles\n|-damage|p2b: Pebbles|0 fnt\n|faint|p2b: Pebbles\n|-end|p2b: Pebbles|Protosynthesis|[silent]\n|-hitcount|p2: Pebbles|3\n|move|p2a: Japanese Sinestea|Matcha Gotcha|p1b: Grimmsnarl|[spread] p1a\n|-miss|p2a: Japanese Sinestea|p1b: Grimmsnarl\n|-supereffective|p1a: Urshifu\n|-crit|p1a: Urshifu\n|-damage|p1a: Urshifu|0 fnt\n|-heal|p2a: Japanese Sinestea|100\/100|[from] drain|[of] p1a: Urshifu\n|faint|p1a: Urshifu\n|move|p1b: Grimmsnarl|Spirit Break|p2a: Japanese Sinestea\n|-damage|p2a: Japanese Sinestea|77\/100\n|-unboost|p2a: Japanese Sinestea|spa|1\n|\n|-start|p2a: Japanese Sinestea|perish2\n|-start|p1b: Grimmsnarl|perish2\n|upkeep\n|\n|t:|1699755098\n|switch|p2b: Broken Neck|Mimikyu-Busted, L50, F|88\/100\n|turn|8\n|-message|Bardemis forfeited.\n|\n|win|olmecssb\n|l|\u2606Bardemis\n","uploadtime":1699755109,"views":34,"p1id":"bardemis","p2id":"olmecssb","formatid":"gen9vgc2023regulatione","rating":0,"private":0,"password":""}