{"id":"gen9vgc2023regulatione-1993861760","p1":"Choruto","p2":"clumsyyuki","format":"[Gen 9] VGC 2023 Regulation E","log":"|j|\u2606Choruto\n|j|\u203dclumsyyuki\n|n|\u2606Choruto|choruto\n|n|\u203dclumsyyuki|clumsyyuki\n|html|View the match progress at <a href=\"\/game-bestof3-gen9vgc2023regulatione-1993861759\">game-bestof3-gen9vgc2023regulatione-1993861759<\/a>\n|t:|1700366666\n|gametype|doubles\n|player|p1|Choruto|fisherman|\n|player|p2|clumsyyuki|leaf-masters|\n|teamsize|p1|6\n|teamsize|p2|6\n|gen|9\n|tier|[Gen 9] VGC 2023 Regulation E\n|rule|Species Clause: Limit one of each Pok\u00e9mon\n|rule|Item Clause: Limit one of each item\n|clearpoke\n|poke|p1|Gholdengo, L50|\n|poke|p1|Tornadus, L50, M|\n|poke|p1|Urshifu-*, L50, M|\n|poke|p1|Iron Hands, L50|\n|poke|p1|Farigiraf, L50, F|\n|poke|p1|Ninetales-Alola, L50, F|\n|poke|p2|Iron Bundle, L50|\n|poke|p2|Ogerpon-Hearthflame, L50, F|\n|poke|p2|Landorus-Therian, L50, M|\n|poke|p2|Flutter Mane, L50|\n|poke|p2|Rillaboom, L50, F|\n|poke|p2|Chien-Pao, L50|\n|teampreview|4\nChoruto has agreed to open team sheets.\n|c|\u2606Choruto|GLHF\nclumsyyuki has agreed to open team sheets.\n|showteam|p1|Gholdengo||Leftovers|GoodasGold|MakeItRain,ShadowBall,NastyPlot,Protect||||||50|,,,,,Dragon]Tornadus||SkyPlate|Prankster|BleakwindStorm,Tailwind,Taunt,RainDance|||M|||50|,,,,,Flying]Urshifu-Rapid-Strike||ChoiceScarf|UnseenFist|SurgingStrikes,CloseCombat,IceSpinner,Uturn|||M|||50|,,,,,Water]Iron Hands||AssaultVest|QuarkDrive|WildCharge,DrainPunch,HeavySlam,FakeOut||||||50|,,,,,Water]Farigiraf||SitrusBerry|ArmorTail|Psychic,HyperVoice,TrickRoom,Imprison|||F|||50|,,,,,Water]Ninetales-Alola||LightClay|SnowWarning|FreezeDry,Moonblast,Protect,AuroraVeil|||F|||50|,,,,,Water\n|showteam|p2|Iron Bundle||BoosterEnergy|QuarkDrive|Protect,FreezeDry,IcyWind,HydroPump||||||50|,,,,,Ghost]Ogerpon-Hearthflame||HearthflameMask|MoldBreaker|IvyCudgel,GrassyGlide,SpikyShield,SwordsDance|||F|||50|,,,,,Fire]Landorus-Therian||ChoiceScarf|Intimidate|StompingTantrum,Uturn,TeraBlast,RockSlide|||M|||50|,,,,,Flying]Flutter Mane||ChoiceSpecs|Protosynthesis|Moonblast,DazzlingGleam,Thunderbolt,ShadowBall||||||50|,,,,,Fairy]Rillaboom||AssaultVest|GrassySurge|HighHorsepower,WoodHammer,GrassyGlide,FakeOut|||F|||50|,,,,,Fire]Chien-Pao||FocusSash|SwordofRuin|SuckerPunch,ThroatChop,Protect,IceSpinner||||||50|,,,,,Dark\n|\n|t:|1700366756\n|start\n|switch|p1a: Typhoon|Tornadus, L50, M, shiny|100\/100\n|switch|p1b: Napoleon|Urshifu-Rapid-Strike, L50, M|100\/100\n|switch|p2a: Ogerpon|Ogerpon-Hearthflame, L50, F|100\/100\n|switch|p2b: Rillaboom|Rillaboom, L50, F|100\/100\n|-ability|p2a: Ogerpon|Mold Breaker\n|-fieldstart|move: Grassy Terrain|[from] ability: Grassy Surge|[of] p2b: Rillaboom\n|turn|1\n|\n|t:|1700366805\n|switch|p1a: Cherry|Farigiraf, L50, F|100\/100\n|-terastallize|p1b: Napoleon|Water\n|move|p2b: Rillaboom|Fake Out||[still]\n|cant|p1a: Cherry|ability: Armor Tail|Fake Out|[of] p2b: Rillaboom\n|move|p1b: Napoleon|Surging Strikes|p2a: Ogerpon\n|-crit|p2a: Ogerpon\n|-damage|p2a: Ogerpon|64\/100\n|-crit|p2a: Ogerpon\n|-damage|p2a: Ogerpon|31\/100\n|-crit|p2a: Ogerpon\n|-damage|p2a: Ogerpon|0 fnt\n|faint|p2a: Ogerpon\n|-hitcount|p2: Ogerpon|3\n|\n|upkeep\n|\n|t:|1700366820\n|switch|p2a: Iron Bundle|Iron Bundle, L50|100\/100\n|-enditem|p2a: Iron Bundle|Booster Energy\n|-activate|p2a: Iron Bundle|ability: Quark Drive|[fromitem]\n|-start|p2a: Iron Bundle|quarkdrivespe\n|turn|2\n|\n|t:|1700366855\n|switch|p1b: Halibut|Iron Hands, L50, shiny|100\/100\n|move|p2a: Iron Bundle|Hydro Pump|p1a: Cherry\n|-damage|p1a: Cherry|44\/100\n|-enditem|p1a: Cherry|Sitrus Berry|[eat]\n|-heal|p1a: Cherry|69\/100|[from] item: Sitrus Berry\n|move|p2b: Rillaboom|Wood Hammer|p1a: Cherry\n|-damage|p1a: Cherry|0 fnt\n|faint|p1a: Cherry\n|-damage|p2b: Rillaboom|76\/100|[from] Recoil\n|\n|-heal|p2b: Rillaboom|82\/100|[from] Grassy Terrain\n|upkeep\n|\n|t:|1700366869\n|switch|p1a: Typhoon|Tornadus, L50, M, shiny|100\/100\n|turn|3\n|\n|t:|1700366904\n|switch|p2b: Chien-Pao|Chien-Pao, L50|100\/100\n|-ability|p2b: Chien-Pao|Sword of Ruin\n|-terastallize|p2a: Iron Bundle|Ghost\n|move|p1b: Halibut|Fake Out|p2a: Iron Bundle\n|-immune|p2a: Iron Bundle\n|move|p1a: Typhoon|Tailwind|p1a: Typhoon\n|-sidestart|p1: Choruto|move: Tailwind\n|move|p2a: Iron Bundle|Freeze-Dry|p1a: Typhoon\n|-supereffective|p1a: Typhoon\n|-damage|p1a: Typhoon|17\/100\n|\n|upkeep\n|turn|4\n|\n|t:|1700366924\n|switch|p1a: Napoleon|Urshifu-Rapid-Strike, L50, M, tera:Water|100\/100\n|move|p2b: Chien-Pao|Protect|p2b: Chien-Pao\n|-singleturn|p2b: Chien-Pao|Protect\n|move|p2a: Iron Bundle|Icy Wind|p1b: Halibut|[spread] p1a,p1b\n|-resisted|p1a: Napoleon\n|-damage|p1a: Napoleon|86\/100\n|-damage|p1b: Halibut|89\/100\n|-unboost|p1a: Napoleon|spe|1\n|-unboost|p1b: Halibut|spe|1\n|move|p1b: Halibut|Drain Punch|p2b: Chien-Pao\n|-activate|p2b: Chien-Pao|move: Protect\n|\n|-heal|p1a: Napoleon|92\/100|[from] Grassy Terrain\n|-heal|p1b: Halibut|95\/100|[from] Grassy Terrain\n|upkeep\n|turn|5\n|\n|t:|1700366951\n|move|p2b: Chien-Pao|Sucker Punch|p1a: Napoleon\n|-damage|p1a: Napoleon|47\/100\n|move|p2a: Iron Bundle|Freeze-Dry|p1a: Napoleon\n|-supereffective|p1a: Napoleon\n|-damage|p1a: Napoleon|0 fnt\n|faint|p1a: Napoleon\n|move|p1b: Halibut|Wild Charge|p2a: Iron Bundle\n|-damage|p2a: Iron Bundle|13\/100\n|-damage|p1b: Halibut|83\/100|[from] Recoil\n|\n|-heal|p2a: Iron Bundle|20\/100|[from] Grassy Terrain\n|-heal|p1b: Halibut|89\/100|[from] Grassy Terrain\n|-fieldend|move: Grassy Terrain\n|upkeep\n|\n|t:|1700366955\n|switch|p1a: Typhoon|Tornadus, L50, M, shiny|17\/100\n|turn|6\n|\n|t:|1700366981\n|move|p2a: Iron Bundle|Protect|p2a: Iron Bundle\n|-singleturn|p2a: Iron Bundle|Protect\n|move|p2b: Chien-Pao|Protect|p2b: Chien-Pao\n|-singleturn|p2b: Chien-Pao|Protect\n|move|p1a: Typhoon|Bleakwind Storm|p2b: Chien-Pao|[spread] \n|-activate|p2a: Iron Bundle|move: Protect\n|-activate|p2b: Chien-Pao|move: Protect\n|move|p1b: Halibut|Wild Charge|p2a: Iron Bundle\n|-activate|p2a: Iron Bundle|move: Protect\n|\n|-sideend|p1: Choruto|move: Tailwind\n|upkeep\n|turn|7\n|\n|t:|1700367002\n|move|p2a: Iron Bundle|Freeze-Dry|p1a: Typhoon\n|-supereffective|p1a: Typhoon\n|-damage|p1a: Typhoon|0 fnt\n|faint|p1a: Typhoon\n|move|p2b: Chien-Pao|Ice Spinner|p1b: Halibut\n|-damage|p1b: Halibut|49\/100\n|move|p1b: Halibut|Wild Charge|p2a: Iron Bundle\n|-damage|p2a: Iron Bundle|0 fnt\n|faint|p2a: Iron Bundle\n|-end|p2a: Iron Bundle|Quark Drive|[silent]\n|-damage|p1b: Halibut|47\/100|[from] Recoil\n|\n|upkeep\n|\n|t:|1700367012\n|switch|p2a: Rillaboom|Rillaboom, L50, F|82\/100\n|-fieldstart|move: Grassy Terrain|[from] ability: Grassy Surge|[of] p2a: Rillaboom\n|turn|8\n|c|\u2606Choruto|gg\n|-message|Choruto forfeited.\n|\n|win|clumsyyuki\n|c|&|\/uhtml prompt-choruto,Choruto is ready for game 2!\n|inactive|clumsyyuki has 50 seconds to confirm battle start!\n","uploadtime":1700367041,"views":58,"p1id":"choruto","p2id":"clumsyyuki","formatid":"gen9vgc2023regulatione","rating":0,"private":0,"password":""}