{"id":"gen9vgc2023regulatione-1999877074","p1":"tiiibbs","p2":"TheblackGotenks","format":"[Gen 9] VGC 2023 Regulation E","log":"|j|\u2606tiiibbs\n|j|\u2606TheblackGotenks\n|n|\u2606tiiibbs|tiiibbs\n|n|\u2606TheblackGotenks|theblackgotenks\n|html|View the match progress at <a href=\"\/game-bestof3-gen9vgc2023regulatione-1999877073\">game-bestof3-gen9vgc2023regulatione-1999877073<\/a>\n|t:|1701125403\n|gametype|doubles\n|player|p1|tiiibbs|clay|\n|player|p2|TheblackGotenks|ghetsis-gen5bw|\n|teamsize|p1|6\n|teamsize|p2|6\n|gen|9\n|tier|[Gen 9] VGC 2023 Regulation E\n|rule|Species Clause: Limit one of each Pok\u00e9mon\n|rule|Item Clause: Limit one of each item\n|clearpoke\n|poke|p1|Persian-Alola, L50, F|\n|poke|p1|Urshifu-*, L50, F|\n|poke|p1|Zapdos, L50|\n|poke|p1|Tauros, L50, M|\n|poke|p1|Hawlucha, L50, F|\n|poke|p1|Rillaboom, L50, F|\n|poke|p2|Tornadus, L50, M|\n|poke|p2|Ogerpon-Hearthflame, L50, F|\n|poke|p2|Foongus, L50, M|\n|poke|p2|Salamence, L50, F|\n|poke|p2|Palafin, L50, M|\n|poke|p2|Kingambit, L50, F|\n|teampreview|4\n|c|\u2606TheblackGotenks|Glhf\n|c|\u2606tiiibbs|glhf\nTheblackGotenks rejected open team sheets.\n|\n|t:|1701125490\n|start\n|switch|p1a: Zapdos|Zapdos, L50|100\/100\n|switch|p1b: Urshifu|Urshifu-Rapid-Strike, L50, F|100\/100\n|switch|p2a: Tornadus|Tornadus, L50, M|100\/100\n|switch|p2b: Ogerpon|Ogerpon-Hearthflame, L50, F|100\/100\n|-ability|p2b: Ogerpon|Mold Breaker\n|turn|1\n|\n|t:|1701125539\n|switch|p1b: Tauros|Tauros, L50, M|100\/100\n|-ability|p1b: Tauros|Intimidate|boost\n|-unboost|p2a: Tornadus|atk|1\n|-unboost|p2b: Ogerpon|atk|1\n|move|p2a: Tornadus|Sunny Day|p2a: Tornadus\n|-weather|SunnyDay\n|move|p2b: Ogerpon|Swords Dance|p2b: Ogerpon\n|-boost|p2b: Ogerpon|atk|2\n|move|p1a: Zapdos|Tailwind|p1a: Zapdos\n|-sidestart|p1: tiiibbs|move: Tailwind\n|\n|-weather|SunnyDay|[upkeep]\n|upkeep\n|turn|2\n|\n|t:|1701125563\n|-terastallize|p2b: Ogerpon|Fire\n|detailschange|p2b: Ogerpon|Ogerpon-Hearthflame-Tera, L50, F, tera:Fire\n|-ability|p2b: Ogerpon|Embody Aspect (Hearthflame)|boost\n|-boost|p2b: Ogerpon|atk|1\n|move|p2a: Tornadus|Tailwind|p2a: Tornadus\n|-sidestart|p2: TheblackGotenks|move: Tailwind\n|move|p2b: Ogerpon|Ivy Cudgel|p1a: Zapdos|[anim] Ivy Cudgel Fire\n|-damage|p1a: Zapdos|0 fnt\n|faint|p1a: Zapdos\n|move|p1b: Tauros|Rock Slide|p2a: Tornadus|[spread] p2a,p2b\n|-supereffective|p2a: Tornadus\n|-supereffective|p2b: Ogerpon\n|-damage|p2a: Tornadus|40\/100\n|-damage|p2b: Ogerpon|51\/100\n|\n|-weather|SunnyDay|[upkeep]\n|upkeep\n|\n|t:|1701125600\n|switch|p1a: Persian|Persian-Alola, L50, F|100\/100\n|turn|3\n|\n|t:|1701125614\n|move|p2b: Ogerpon|Spiky Shield|p2b: Ogerpon\n|-singleturn|p2b: Ogerpon|move: Protect\n|move|p1a: Persian|Fake Out|p2b: Ogerpon\n|-activate|p2b: Ogerpon|move: Protect\n|-damage|p1a: Persian|88\/100|[from] Spiky Shield|[of] p2b: Ogerpon\n|move|p2a: Tornadus|Bleakwind Storm|p1b: Tauros|[spread] p1a\n|-miss|p2a: Tornadus|p1b: Tauros\n|-damage|p1a: Persian|24\/100\n|move|p1b: Tauros|Rock Slide|p2a: Tornadus|[spread] \n|-activate|p2b: Ogerpon|move: Protect\n|-miss|p1b: Tauros|p2a: Tornadus\n|\n|-weather|SunnyDay|[upkeep]\n|upkeep\n|turn|4\n|\n|t:|1701125632\n|switch|p1a: Urshifu|Urshifu-Rapid-Strike, L50, F|100\/100\n|move|p2a: Tornadus|Bleakwind Storm|p1b: Tauros|[spread] p1b\n|-miss|p2a: Tornadus|p1a: Urshifu\n|-damage|p1b: Tauros|38\/100\n|move|p2b: Ogerpon|Ivy Cudgel|p1b: Tauros|[anim] Ivy Cudgel Fire\n|-damage|p1b: Tauros|0 fnt\n|faint|p1b: Tauros\n|\n|-weather|SunnyDay|[upkeep]\n|-sideend|p1: tiiibbs|move: Tailwind\n|upkeep\n|\n|t:|1701125639\n|switch|p1b: Persian|Persian-Alola, L50, F|24\/100\n|turn|5\n|\n|t:|1701125651\n|-terastallize|p1a: Urshifu|Dragon\n|move|p1b: Persian|Fake Out|p2b: Ogerpon\n|-damage|p2b: Ogerpon|42\/100\n|move|p2a: Tornadus|Bleakwind Storm|p1b: Persian|[spread] p1a,p1b\n|-damage|p1a: Urshifu|43\/100\n|-damage|p1b: Persian|0 fnt\n|faint|p1b: Persian\n|cant|p2b: Ogerpon|flinch\n|move|p1a: Urshifu|Surging Strikes|p2b: Ogerpon\n|-supereffective|p2b: Ogerpon\n|-crit|p2b: Ogerpon\n|-damage|p2b: Ogerpon|13\/100\n|-supereffective|p2b: Ogerpon\n|-crit|p2b: Ogerpon\n|-damage|p2b: Ogerpon|0 fnt\n|faint|p2b: Ogerpon\n|-hitcount|p2: Ogerpon|2\n|\n|-weather|none\n|-sideend|p2: TheblackGotenks|move: Tailwind\n|upkeep\n|\n|t:|1701125664\n|switch|p2b: Salamence|Salamence, L50, F|100\/100\n|-ability|p2b: Salamence|Intimidate|boost\n|-fail|p1a: Urshifu|unboost|[from] item: Clear Amulet|[of] p1a: Urshifu\n|turn|6\n|\n|t:|1701125674\n|move|p2a: Tornadus|Bleakwind Storm|p1a: Urshifu\n|-damage|p1a: Urshifu|0 fnt\n|faint|p1a: Urshifu\n|\n|win|TheblackGotenks\n","uploadtime":1701125678,"views":3,"p1id":"tiiibbs","p2id":"theblackgotenks","formatid":"gen9vgc2023regulatione","rating":0,"private":0,"password":""}