{"id":"gen9vgc2023regulatione-1996451208","p1":"cataciyzmic","p2":"4Azzy","format":"[Gen 9] VGC 2023 Regulation E","log":"|j|\u2606cataciyzmic\n|j|\u26064Azzy\n|n|\u2606cataciyzmic|cataciyzmic\n|n|\u26064Azzy|4azzy\n|html|View the match progress at <a href=\"\/game-bestof3-gen9vgc2023regulatione-1996443997\">game-bestof3-gen9vgc2023regulatione-1996443997<\/a>\n|t:|1700683268\n|gametype|doubles\n|player|p1|cataciyzmic|cyrus|\n|player|p2|4Azzy|will|\n|teamsize|p1|6\n|teamsize|p2|6\n|gen|9\n|tier|[Gen 9] VGC 2023 Regulation E\n|rule|Species Clause: Limit one of each Pok\u00e9mon\n|rule|Item Clause: Limit one of each item\n|clearpoke\n|poke|p1|Urshifu-*, L50, M|\n|poke|p1|Moltres-Galar, L50|\n|poke|p1|Klefki, L50, F|\n|poke|p1|Fezandipiti, L50, M|\n|poke|p1|Empoleon, L50, M|\n|poke|p1|Lokix, L50, M|\n|poke|p2|Sableye, L50, M|\n|poke|p2|Iron Valiant, L50|\n|poke|p2|Landorus, L50, M|\n|poke|p2|Enamorus, L50, F|\n|poke|p2|Floatzel, L50, F|\n|poke|p2|Basculin-White-Striped, L50, F|\n|teampreview|4\ncataciyzmic rejected open team sheets.\n|j| MikeTitan\n|j| pokemon_and_beer\n|c| pokemon_and_beer|G3!!!\n|c| pokemon_and_beer|GLHF\n|c|\u26064Azzy|hyupeeeee\n|c|\u26064Azzy|thx\n|\n|t:|1700683382\n|start\n|switch|p1a: Lumberjack|Lokix, L50, M|100\/100\n|switch|p1b: First Mate|Empoleon, L50, M|100\/100\n|switch|p2a: Yami Yami no Mi|Sableye, L50, M|100\/100\n|switch|p2b: Nemu Nemu no Mi|Iron Valiant, L50|100\/100\n|-enditem|p2b: Nemu Nemu no Mi|Booster Energy\n|-activate|p2b: Nemu Nemu no Mi|ability: Quark Drive|[fromitem]\n|-start|p2b: Nemu Nemu no Mi|quarkdrivespe\n|turn|1\n|\n|t:|1700683425\n|switch|p1b: Male Stripper|Fezandipiti, L50, M|100\/100\n|-terastallize|p2b: Nemu Nemu no Mi|Electric\n|move|p1a: Lumberjack|First Impression|p2a: Yami Yami no Mi\n|-damage|p2a: Yami Yami no Mi|33\/100\n|-enditem|p2a: Yami Yami no Mi|Eject Button\n|\n|t:|1700683432\n|switch|p2a: Suna Suna no Mi|Landorus, L50, M|100\/100\n|move|p2b: Nemu Nemu no Mi|Focus Blast|p1b: Male Stripper\n|-resisted|p1b: Male Stripper\n|-damage|p1b: Male Stripper|89\/100\n|\n|upkeep\n|turn|2\n|\n|t:|1700683497\n|switch|p1a: Cropduster|Moltres-Galar, L50|100\/100\n|move|p2a: Suna Suna no Mi|Protect|p2a: Suna Suna no Mi\n|-singleturn|p2a: Suna Suna no Mi|Protect\n|move|p2b: Nemu Nemu no Mi|Focus Blast|p1a: Cropduster\n|-damage|p1a: Cropduster|46\/100\n|-ability|p1a: Cropduster|Berserk|boost\n|-boost|p1a: Cropduster|spa|1\n|move|p1b: Male Stripper|Swagger|p2b: Nemu Nemu no Mi|[miss]\n|-miss|p1b: Male Stripper|p2b: Nemu Nemu no Mi\n|\n|-heal|p1a: Cropduster|52\/100|[from] item: Leftovers\n|upkeep\n|turn|3\n|c|\u2606cataciyzmic|no shot that missed\n|\n|t:|1700683563\n|switch|p2a: Yami Yami no Mi|Sableye, L50, M|33\/100\n|-terastallize|p1b: Male Stripper|Flying\n|move|p2b: Nemu Nemu no Mi|Moonblast|p1a: Cropduster\n|-supereffective|p1a: Cropduster\n|-damage|p1a: Cropduster|0 fnt\n|faint|p1a: Cropduster\n|move|p1b: Male Stripper|Icy Wind|p2b: Nemu Nemu no Mi|[spread] p2a,p2b\n|-damage|p2a: Yami Yami no Mi|21\/100\n|-damage|p2b: Nemu Nemu no Mi|87\/100\n|-unboost|p2a: Yami Yami no Mi|spe|1\n|-unboost|p2b: Nemu Nemu no Mi|spe|1\n|-status|p2b: Nemu Nemu no Mi|tox|[from] ability: Toxic Chain|[of] p1b: Male Stripper\n|\n|-damage|p2b: Nemu Nemu no Mi|81\/100 tox|[from] psn\n|upkeep\n|\n|t:|1700683580\n|switch|p1a: Lumberjack|Lokix, L50, M|100\/100\n|turn|4\n|\n|t:|1700683608\n|switch|p2a: Mero Mero no Mi|Enamorus, L50, F|100\/100\n|move|p2b: Nemu Nemu no Mi|Thunderbolt|p1b: Male Stripper\n|-supereffective|p1b: Male Stripper\n|-damage|p1b: Male Stripper|17\/100\n|move|p1b: Male Stripper|Icy Wind|p2a: Mero Mero no Mi|[spread] p2a,p2b\n|-supereffective|p2a: Mero Mero no Mi\n|-damage|p2a: Mero Mero no Mi|79\/100\n|-damage|p2b: Nemu Nemu no Mi|68\/100 tox\n|-unboost|p2a: Mero Mero no Mi|spe|1\n|-unboost|p2b: Nemu Nemu no Mi|spe|1\n|move|p1a: Lumberjack|U-turn|p2a: Mero Mero no Mi\n|-resisted|p2a: Mero Mero no Mi\n|-crit|p2a: Mero Mero no Mi\n|-damage|p2a: Mero Mero no Mi|21\/100\n|\n|t:|1700683620\n|switch|p1a: First Mate|Empoleon, L50, M|100\/100|[from] U-turn\n|\n|-damage|p2b: Nemu Nemu no Mi|56\/100 tox|[from] psn\n|upkeep\n|turn|5\n|\n|t:|1700683696\n|move|p1b: Male Stripper|Dazzling Gleam|p2a: Mero Mero no Mi|[spread] p2a,p2b\n|-damage|p2a: Mero Mero no Mi|0 fnt\n|-damage|p2b: Nemu Nemu no Mi|27\/100 tox\n|faint|p2a: Mero Mero no Mi\n|move|p2b: Nemu Nemu no Mi|Thunderbolt|p1a: First Mate\n|-supereffective|p1a: First Mate\n|-damage|p1a: First Mate|47\/100\n|move|p1a: First Mate|Water Pledge|p2b: Nemu Nemu no Mi\n|-damage|p2b: Nemu Nemu no Mi|0 fnt\n|faint|p2b: Nemu Nemu no Mi\n|-end|p2b: Nemu Nemu no Mi|Quark Drive|[silent]\n|\n|upkeep\n|\n|t:|1700683702\n|switch|p2b: Suna Suna no Mi|Landorus, L50, M|100\/100\n|switch|p2a: Yami Yami no Mi|Sableye, L50, M|21\/100\n|turn|6\n|\n|t:|1700683718\n|switch|p1a: Lumberjack|Lokix, L50, M|100\/100\n|move|p2b: Suna Suna no Mi|Protect|p2b: Suna Suna no Mi\n|-singleturn|p2b: Suna Suna no Mi|Protect\n|move|p2a: Yami Yami no Mi|Gravity|p2a: Yami Yami no Mi\n|-fieldstart|move: Gravity\n|move|p1b: Male Stripper|Icy Wind|p2b: Suna Suna no Mi|[spread] p2a\n|-activate|p2b: Suna Suna no Mi|move: Protect\n|-damage|p2a: Yami Yami no Mi|9\/100\n|-unboost|p2a: Yami Yami no Mi|spe|1\n|\n|upkeep\n|turn|7\n|\n|t:|1700683736\n|move|p1a: Lumberjack|First Impression|p2b: Suna Suna no Mi\n|-resisted|p2b: Suna Suna no Mi\n|-damage|p2b: Suna Suna no Mi|27\/100\n|move|p2a: Yami Yami no Mi|Disable|p1b: Male Stripper\n|-start|p1b: Male Stripper|Disable|Icy Wind\n|move|p2b: Suna Suna no Mi|Focus Blast|p1a: Lumberjack\n|-damage|p1a: Lumberjack|0 fnt\n|faint|p1a: Lumberjack\n|cant|p1b: Male Stripper|Disable|Icy Wind\n|\n|upkeep\n|\n|t:|1700683746\n|switch|p1a: First Mate|Empoleon, L50, M|47\/100\n|turn|8\n|\n|t:|1700683761\n|move|p2a: Yami Yami no Mi|Quash|p1b: Male Stripper\n|-activate|p1b: Male Stripper|move: Quash\n|move|p2b: Suna Suna no Mi|Sandsear Storm|p1b: Male Stripper|[spread] p1a,p1b\n|-supereffective|p1a: First Mate\n|-damage|p1a: First Mate|0 fnt\n|-damage|p1b: Male Stripper|0 fnt\n|faint|p1a: First Mate\n|faint|p1b: Male Stripper\n|\n|win|4Azzy\n|c|\u26064Azzy|ggs\n|c|\u2606cataciyzmic|you did it lol\n|c| MikeTitan|Ggs!!\n|c|\u2606cataciyzmic|gg\n|l| MikeTitan\n|c| pokemon_and_beer|GGs\n|l| pokemon_and_beer\n|j| agati 2\n|l|\u26064Azzy\n","uploadtime":1700683909,"views":2,"p1id":"cataciyzmic","p2id":"4azzy","formatid":"gen9vgc2023regulatione","rating":0,"private":0,"password":""}