{"id":"gen9vgc2023regulatione-1997981120","p1":"guvv11wanhao","p2":"Neo-Justice","format":"[Gen 9] VGC 2023 Regulation E","log":"|j|\u2606guvv11wanhao\n|j|\u2606Neo-Justice\n|t:|1700874967\n|gametype|doubles\n|player|p1|guvv11wanhao|marnie|1042\n|player|p2|Neo-Justice|riley|1008\n|teamsize|p1|6\n|teamsize|p2|6\n|gen|9\n|tier|[Gen 9] VGC 2023 Regulation E\n|rated|\n|rule|Species Clause: Limit one of each Pok\u00e9mon\n|rule|Item Clause: Limit one of each item\n|clearpoke\n|poke|p1|Articuno, L50|\n|poke|p1|Sableye, L50, M|\n|poke|p1|Ting-Lu, L50|\n|poke|p1|Kingambit, L50, F|\n|poke|p1|Grimmsnarl, L50, M|\n|poke|p1|Scream Tail, L50|\n|poke|p2|Abomasnow, L50, M|\n|poke|p2|Arcanine, L50, M|\n|poke|p2|Amoonguss, L50, M|\n|poke|p2|Scream Tail, L50|\n|poke|p2|Gothitelle, L50, F|\n|poke|p2|Ting-Lu, L50|\n|teampreview|4\n|inactive|Battle timer is ON: inactive players will automatically lose when time's up. (requested by Neo-Justice)\n|\n|t:|1700874979\n|start\n|switch|p1a: \u4e13\u6cbb\u5404\u79cd\u4e0d\u670d\u4e4b\u75c7|Articuno, L50|100\/100\n|switch|p1b: \u8ba9\u4f60\u4eba\u5934\u843d\u5730|Kingambit, L50, F|100\/100\n|switch|p2a: Scream Tail|Scream Tail, L50|100\/100\n|switch|p2b: Gothitelle|Gothitelle, L50, F|100\/100\n|turn|1\n|\n|t:|1700874991\n|move|p2b: Gothitelle|Fake Out|p1b: \u8ba9\u4f60\u4eba\u5934\u843d\u5730\n|-resisted|p1b: \u8ba9\u4f60\u4eba\u5934\u843d\u5730\n|-damage|p1b: \u8ba9\u4f60\u4eba\u5934\u843d\u5730|99\/100\n|move|p1a: \u4e13\u6cbb\u5404\u79cd\u4e0d\u670d\u4e4b\u75c7|Sheer Cold|p2a: Scream Tail\n|-damage|p2a: Scream Tail|0 fnt\n|faint|p2a: Scream Tail\n|-end|p2a: Scream Tail|Protosynthesis|[silent]\n|-ohko\n|cant|p1b: \u8ba9\u4f60\u4eba\u5934\u843d\u5730|flinch\n|\n|upkeep\n|\n|t:|1700875002\n|switch|p2a: Arcanine|Arcanine, L50, M|100\/100\n|-ability|p2a: Arcanine|Intimidate|boost\n|-unboost|p1a: \u4e13\u6cbb\u5404\u79cd\u4e0d\u670d\u4e4b\u75c7|atk|1\n|-unboost|p1b: \u8ba9\u4f60\u4eba\u5934\u843d\u5730|atk|1\n|turn|2\n|\n|t:|1700875016\n|move|p1a: \u4e13\u6cbb\u5404\u79cd\u4e0d\u670d\u4e4b\u75c7|Sheer Cold|p2a: Arcanine|[miss]\n|-miss|p1a: \u4e13\u6cbb\u5404\u79cd\u4e0d\u670d\u4e4b\u75c7|p2a: Arcanine\n|move|p2a: Arcanine|Flare Blitz|p1a: \u4e13\u6cbb\u5404\u79cd\u4e0d\u670d\u4e4b\u75c7\n|-supereffective|p1a: \u4e13\u6cbb\u5404\u79cd\u4e0d\u670d\u4e4b\u75c7\n|-damage|p1a: \u4e13\u6cbb\u5404\u79cd\u4e0d\u670d\u4e4b\u75c7|0 fnt\n|faint|p1a: \u4e13\u6cbb\u5404\u79cd\u4e0d\u670d\u4e4b\u75c7\n|-damage|p2a: Arcanine|61\/100|[from] Recoil\n|move|p2b: Gothitelle|Thunder Wave|p1b: \u8ba9\u4f60\u4eba\u5934\u843d\u5730\n|-status|p1b: \u8ba9\u4f60\u4eba\u5934\u843d\u5730|par\n|move|p1b: \u8ba9\u4f60\u4eba\u5934\u843d\u5730|Guillotine|p2a: Arcanine|[miss]\n|-miss|p1b: \u8ba9\u4f60\u4eba\u5934\u843d\u5730|p2a: Arcanine\n|\n|upkeep\n|\n|t:|1700875033\n|switch|p1a: \u5feb\u70b9\u6447|Grimmsnarl, L50, M|100\/100\n|turn|3\n|\n|t:|1700875043\n|move|p1a: \u5feb\u70b9\u6447|Metronome|p1a: \u5feb\u70b9\u6447\n|move|p1a: \u5feb\u70b9\u6447|Dragon Dance|p1a: \u5feb\u70b9\u6447|[from]move: Metronome\n|-boost|p1a: \u5feb\u70b9\u6447|atk|1\n|-boost|p1a: \u5feb\u70b9\u6447|spe|1\n|move|p2a: Arcanine|Flare Blitz|p1b: \u8ba9\u4f60\u4eba\u5934\u843d\u5730\n|-supereffective|p1b: \u8ba9\u4f60\u4eba\u5934\u843d\u5730\n|-damage|p1b: \u8ba9\u4f60\u4eba\u5934\u843d\u5730|0 fnt\n|faint|p1b: \u8ba9\u4f60\u4eba\u5934\u843d\u5730\n|-end|p1b: \u8ba9\u4f60\u4eba\u5934\u843d\u5730|fallenundefined|[silent]\n|-damage|p2a: Arcanine|20\/100|[from] Recoil\n|move|p2b: Gothitelle|Thunder Wave|p1a: \u5feb\u70b9\u6447\n|-status|p1a: \u5feb\u70b9\u6447|par\n|\n|upkeep\n|\n|t:|1700875050\n|switch|p1b: \u6162\u7684\u597d\u5904|Ting-Lu, L50|100\/100\n|-ability|p1b: \u6162\u7684\u597d\u5904|Vessel of Ruin\n|turn|4\n|\n|t:|1700875068\n|switch|p2a: Amoonguss|Amoonguss, L50, M|100\/100\n|move|p1a: \u5feb\u70b9\u6447|Metronome|p1a: \u5feb\u70b9\u6447\n|move|p1a: \u5feb\u70b9\u6447|Magical Leaf|p2b: Gothitelle|[from]move: Metronome\n|-damage|p2b: Gothitelle|94\/100\n|move|p2b: Gothitelle|Shadow Ball|p1b: \u6162\u7684\u597d\u5904\n|-resisted|p1b: \u6162\u7684\u597d\u5904\n|-damage|p1b: \u6162\u7684\u597d\u5904|96\/100\n|-unboost|p1b: \u6162\u7684\u597d\u5904|spd|1\n|move|p1b: \u6162\u7684\u597d\u5904|Fissure|p2b: Gothitelle|[miss]\n|-miss|p1b: \u6162\u7684\u597d\u5904|p2b: Gothitelle\n|\n|upkeep\n|turn|5\n|inactive|guvv11wanhao has 30 seconds left.\n|\n|t:|1700875099\n|move|p2b: Gothitelle|Protect|p2b: Gothitelle\n|-singleturn|p2b: Gothitelle|Protect\n|cant|p1a: \u5feb\u70b9\u6447|par\n|move|p1b: \u6162\u7684\u597d\u5904|Fissure|p2a: Amoonguss|[miss]\n|-miss|p1b: \u6162\u7684\u597d\u5904|p2a: Amoonguss\n|move|p2a: Amoonguss|Sludge Bomb|p1a: \u5feb\u70b9\u6447\n|-supereffective|p1a: \u5feb\u70b9\u6447\n|-damage|p1a: \u5feb\u70b9\u6447|53\/100 par\n|\n|upkeep\n|turn|6\n|\n|t:|1700875121\n|move|p1a: \u5feb\u70b9\u6447|Metronome|p1a: \u5feb\u70b9\u6447\n|move|p1a: \u5feb\u70b9\u6447|Happy Hour|p1a: \u5feb\u70b9\u6447|[from]move: Metronome\n|move|p2b: Gothitelle|Shadow Ball|p1b: \u6162\u7684\u597d\u5904\n|-resisted|p1b: \u6162\u7684\u597d\u5904\n|-damage|p1b: \u6162\u7684\u597d\u5904|90\/100\n|move|p1b: \u6162\u7684\u597d\u5904|Fissure|p2a: Amoonguss|[miss]\n|-miss|p1b: \u6162\u7684\u597d\u5904|p2a: Amoonguss\n|move|p2a: Amoonguss|Sludge Bomb|p1a: \u5feb\u70b9\u6447\n|-supereffective|p1a: \u5feb\u70b9\u6447\n|-damage|p1a: \u5feb\u70b9\u6447|7\/100 par\n|\n|upkeep\n|turn|7\n|inactive|Neo-Justice has 30 seconds left.\n|\n|t:|1700875150\n|move|p2a: Amoonguss|Protect|p2a: Amoonguss\n|-singleturn|p2a: Amoonguss|Protect\n|move|p1a: \u5feb\u70b9\u6447|Metronome|p1a: \u5feb\u70b9\u6447\n|move|p1a: \u5feb\u70b9\u6447|High Jump Kick|p2b: Gothitelle|[from]move: Metronome\n|-resisted|p2b: Gothitelle\n|-damage|p2b: Gothitelle|36\/100\n|move|p2b: Gothitelle|Shadow Ball|p1b: \u6162\u7684\u597d\u5904\n|-resisted|p1b: \u6162\u7684\u597d\u5904\n|-damage|p1b: \u6162\u7684\u597d\u5904|85\/100\n|move|p1b: \u6162\u7684\u597d\u5904|Fissure|p2a: Amoonguss\n|-activate|p2a: Amoonguss|move: Protect\n|\n|upkeep\n|turn|8\n|\n|t:|1700875166\n|move|p1a: \u5feb\u70b9\u6447|Metronome|p1a: \u5feb\u70b9\u6447\n|move|p1a: \u5feb\u70b9\u6447|Megahorn|p2b: Gothitelle|[from]move: Metronome|[miss]\n|-miss|p1a: \u5feb\u70b9\u6447|p2b: Gothitelle\n|move|p2b: Gothitelle|Shadow Ball|p1b: \u6162\u7684\u597d\u5904\n|-resisted|p1b: \u6162\u7684\u597d\u5904\n|-damage|p1b: \u6162\u7684\u597d\u5904|79\/100\n|-unboost|p1b: \u6162\u7684\u597d\u5904|spd|1\n|move|p1b: \u6162\u7684\u597d\u5904|Fissure|p2a: Amoonguss|[miss]\n|-miss|p1b: \u6162\u7684\u597d\u5904|p2a: Amoonguss\n|move|p2a: Amoonguss|Spore|p1b: \u6162\u7684\u597d\u5904\n|-status|p1b: \u6162\u7684\u597d\u5904|slp|[from] move: Spore\n|\n|upkeep\n|turn|9\n|\n|t:|1700875178\n|move|p1a: \u5feb\u70b9\u6447|Metronome|p1a: \u5feb\u70b9\u6447\n|move|p1a: \u5feb\u70b9\u6447|Whirlwind|p2a: Amoonguss|[from]move: Metronome\n|drag|p2a: Arcanine|Arcanine, L50, M|20\/100\n|-ability|p2a: Arcanine|Intimidate|boost\n|-unboost|p1a: \u5feb\u70b9\u6447|atk|1\n|-unboost|p1b: \u6162\u7684\u597d\u5904|atk|1\n|move|p2b: Gothitelle|Shadow Ball|p1b: \u6162\u7684\u597d\u5904\n|-resisted|p1b: \u6162\u7684\u597d\u5904\n|-damage|p1b: \u6162\u7684\u597d\u5904|72\/100 slp\n|-unboost|p1b: \u6162\u7684\u597d\u5904|spd|1\n|cant|p1b: \u6162\u7684\u597d\u5904|slp\n|\n|upkeep\n|turn|10\n|\n|t:|1700875196\n|move|p1a: \u5feb\u70b9\u6447|Metronome|p1a: \u5feb\u70b9\u6447\n|move|p1a: \u5feb\u70b9\u6447|Infernal Parade|p2a: Arcanine|[from]move: Metronome\n|-damage|p2a: Arcanine|8\/100\n|move|p2a: Arcanine|Flare Blitz|p1a: \u5feb\u70b9\u6447\n|-damage|p1a: \u5feb\u70b9\u6447|0 fnt\n|faint|p1a: \u5feb\u70b9\u6447\n|-damage|p2a: Arcanine|5\/100|[from] Recoil\n|move|p2b: Gothitelle|Shadow Ball|p1b: \u6162\u7684\u597d\u5904\n|-resisted|p1b: \u6162\u7684\u597d\u5904\n|-damage|p1b: \u6162\u7684\u597d\u5904|62\/100 slp\n|-curestatus|p1b: \u6162\u7684\u597d\u5904|slp|[msg]\n|move|p1b: \u6162\u7684\u597d\u5904|Fissure|p2b: Gothitelle\n|-damage|p2b: Gothitelle|0 fnt\n|faint|p2b: Gothitelle\n|-ohko\n|\n|upkeep\n|\n|t:|1700875200\n|switch|p2b: Amoonguss|Amoonguss, L50, M|100\/100\n|turn|11\n|inactive|guvv11wanhao has 30 seconds left.\n|inactive|guvv11wanhao has 20 seconds left.\n|inactive|guvv11wanhao has 15 seconds left.\n|inactive|guvv11wanhao has 10 seconds left.\n|inactive|guvv11wanhao has 5 seconds left.\n|\n|t:|1700875252\n|move|p2a: Arcanine|Flare Blitz|p1b: \u6162\u7684\u597d\u5904\n|-damage|p1b: \u6162\u7684\u597d\u5904|14\/100\n|-damage|p2a: Arcanine|0 fnt|[from] Recoil\n|faint|p2a: Arcanine\n|move|p1b: \u6162\u7684\u597d\u5904|Fissure|p2b: Amoonguss\n|-damage|p2b: Amoonguss|0 fnt\n|faint|p2b: Amoonguss\n|-ohko\n|\n|win|guvv11wanhao\n|raw|guvv11wanhao's rating: 1042 &rarr; <strong>1072<\/strong><br \/>(+30 for winning)\n|raw|Neo-Justice's rating: 1008 &rarr; <strong>1000<\/strong><br \/>(-8 for losing)\n|l|\u2606Neo-Justice\n","uploadtime":1700875267,"views":9,"p1id":"guvv11wanhao","p2id":"neojustice","formatid":"gen9vgc2023regulatione","rating":1000,"private":0,"password":""}