{"id":"gen9vgc2023regulatione-1991236761","p1":"intark","p2":"thorgael","format":"[Gen 9] VGC 2023 Regulation E","log":"|j|\u2606intark\n|j|\u2606thorgael\n|t:|1700060028\n|gametype|doubles\n|player|p1|intark|artist|1301\n|player|p2|thorgael|265|1366\n|teamsize|p1|6\n|teamsize|p2|6\n|gen|9\n|tier|[Gen 9] VGC 2023 Regulation E\n|rated|\n|rule|Species Clause: Limit one of each Pok\u00e9mon\n|rule|Item Clause: Limit one of each item\n|clearpoke\n|poke|p1|Hydreigon, L50, F|\n|poke|p1|Tornadus, L50, M|\n|poke|p1|Gholdengo, L50|\n|poke|p1|Arcanine-Hisui, L50, M|\n|poke|p1|Rillaboom, L50, F|\n|poke|p1|Urshifu-*, L50, F|\n|poke|p2|Kommo-o, L50, F|\n|poke|p2|Tyranitar, L50, F|\n|poke|p2|Rillaboom, L50, F|\n|poke|p2|Flutter Mane, L50|\n|poke|p2|Arcanine-Hisui, L50, F|\n|poke|p2|Iron Bundle, L50|\n|teampreview|4\nintark has agreed to open team sheets.\n|\n|t:|1700060061\n|start\n|switch|p1a: Hydreigon|Hydreigon, L50, F|100\/100\n|switch|p1b: Urshifu|Urshifu-Rapid-Strike, L50, F|100\/100\n|switch|p2a: Flutter Mane|Flutter Mane, L50|100\/100\n|switch|p2b: Iron Bundle|Iron Bundle, L50|100\/100\n|-enditem|p2b: Iron Bundle|Booster Energy\n|-activate|p2b: Iron Bundle|ability: Quark Drive|[fromitem]\n|-start|p2b: Iron Bundle|quarkdrivespe\n|turn|1\n|inactive|Battle timer is ON: inactive players will automatically lose when time's up. (requested by intark)\n|inactive|intark has 60 seconds left.\n|inactive|thorgael has 60 seconds left.\n|inactive|thorgael has 30 seconds left.\n|\n|t:|1700060129\n|switch|p1b: Arcanine|Arcanine-Hisui, L50, M|100\/100\n|-ability|p1b: Arcanine|Intimidate|boost\n|-unboost|p2a: Flutter Mane|atk|1\n|-unboost|p2b: Iron Bundle|atk|1\n|-terastallize|p2a: Flutter Mane|Fairy\n|-terastallize|p1a: Hydreigon|Steel\n|move|p2b: Iron Bundle|Icy Wind|p1b: Arcanine|[spread] p1a,p1b\n|-resisted|p1a: Hydreigon\n|-resisted|p1b: Arcanine\n|-damage|p1a: Hydreigon|90\/100\n|-damage|p1b: Arcanine|88\/100\n|-unboost|p1a: Hydreigon|spe|1\n|-unboost|p1b: Arcanine|spe|1\n|move|p2a: Flutter Mane|Dazzling Gleam|p1b: Arcanine|[spread] p1a,p1b\n|-resisted|p1a: Hydreigon\n|-resisted|p1b: Arcanine\n|-crit|p1b: Arcanine\n|-damage|p1a: Hydreigon|53\/100\n|-damage|p1b: Arcanine|28\/100\n|move|p1a: Hydreigon|Flash Cannon|p2a: Flutter Mane\n|-supereffective|p2a: Flutter Mane\n|-damage|p2a: Flutter Mane|0 fnt\n|faint|p2a: Flutter Mane\n|-end|p2a: Flutter Mane|Protosynthesis|[silent]\n|-damage|p1a: Hydreigon|43\/100|[from] item: Life Orb\n|\n|upkeep\n|\n|t:|1700060144\n|switch|p2a: Arcanine|Arcanine-Hisui, L50, F|100\/100\n|-ability|p2a: Arcanine|Intimidate|boost\n|-unboost|p1a: Hydreigon|atk|1\n|-unboost|p1b: Arcanine|atk|1\n|turn|2\n|\n|t:|1700060169\n|switch|p1a: Urshifu|Urshifu-Rapid-Strike, L50, F|100\/100\n|switch|p1b: Rillaboom|Rillaboom, L50, F|100\/100\n|-fieldstart|move: Grassy Terrain|[from] ability: Grassy Surge|[of] p1b: Rillaboom\n|move|p2b: Iron Bundle|Hydro Pump|p1b: Rillaboom\n|-resisted|p1b: Rillaboom\n|-damage|p1b: Rillaboom|80\/100\n|move|p2a: Arcanine|Flare Blitz|p1a: Urshifu\n|-resisted|p1a: Urshifu\n|-damage|p1a: Urshifu|77\/100\n|-damage|p2a: Arcanine|93\/100|[from] Recoil\n|\n|-heal|p1a: Urshifu|83\/100|[from] Grassy Terrain\n|-heal|p2a: Arcanine|99\/100|[from] Grassy Terrain\n|-heal|p1b: Rillaboom|86\/100|[from] Grassy Terrain\n|upkeep\n|turn|3\n|inactive|intark has 30 seconds left.\n|inactive|thorgael has 30 seconds left.\n|inactive|intark has 20 seconds left.\n|inactive|intark has 15 seconds left.\n|\n|t:|1700060210\n|move|p1b: Rillaboom|Fake Out|p2b: Iron Bundle\n|-damage|p2b: Iron Bundle|82\/100\n|cant|p2b: Iron Bundle|flinch\n|move|p1a: Urshifu|Close Combat|p2a: Arcanine\n|-supereffective|p2a: Arcanine\n|-crit|p2a: Arcanine\n|-damage|p2a: Arcanine|0 fnt\n|-unboost|p1a: Urshifu|def|1\n|-unboost|p1a: Urshifu|spd|1\n|faint|p2a: Arcanine\n|\n|-heal|p2b: Iron Bundle|88\/100|[from] Grassy Terrain\n|-heal|p1a: Urshifu|89\/100|[from] Grassy Terrain\n|-heal|p1b: Rillaboom|91\/100|[from] Grassy Terrain\n|upkeep\n|\n|t:|1700060213\n|switch|p2a: Tyranitar|Tyranitar, L50, F|100\/100\n|-weather|Sandstorm|[from] ability: Sand Stream|[of] p2a: Tyranitar\n|turn|4\n|inactive|intark has 30 seconds left.\n|\n|t:|1700060247\n|switch|p1a: Arcanine|Arcanine-Hisui, L50, M|28\/100\n|-ability|p1a: Arcanine|Intimidate|boost\n|-unboost|p2a: Tyranitar|atk|1\n|-unboost|p2b: Iron Bundle|atk|1\n|move|p1b: Rillaboom|Grassy Glide|p2b: Iron Bundle\n|-supereffective|p2b: Iron Bundle\n|-damage|p2b: Iron Bundle|1\/100\n|move|p2b: Iron Bundle|Freeze-Dry|p1a: Arcanine\n|-resisted|p1a: Arcanine\n|-damage|p1a: Arcanine|13\/100\n|move|p2a: Tyranitar|Knock Off|p1b: Rillaboom\n|-damage|p1b: Rillaboom|58\/100\n|-enditem|p1b: Rillaboom|Assault Vest|[from] move: Knock Off|[of] p2a: Tyranitar\n|\n|-weather|Sandstorm|[upkeep]\n|-damage|p2b: Iron Bundle|0 fnt|[from] Sandstorm\n|-damage|p1b: Rillaboom|52\/100|[from] Sandstorm\n|faint|p2b: Iron Bundle\n|-end|p2b: Iron Bundle|Quark Drive|[silent]\n|-heal|p1a: Arcanine|19\/100|[from] Grassy Terrain\n|-heal|p1b: Rillaboom|58\/100|[from] Grassy Terrain\n|upkeep\n|turn|5\n|-message|thorgael forfeited.\n|\n|win|intark\n|raw|intark's rating: 1301 &rarr; <strong>1325<\/strong><br \/>(+24 for winning)\n|raw|thorgael's rating: 1366 &rarr; <strong>1342<\/strong><br \/>(-24 for losing)\n|l|\u2606thorgael\n|c|\u2606intark|gg\n","uploadtime":1700060271,"views":13,"p1id":"intark","p2id":"thorgael","formatid":"gen9vgc2023regulatione","rating":1325,"private":0,"password":""}