{"id":"gen9vgc2023regulatione-2000128132","p1":"12laudaa","p2":"NoahDaGr81","format":"[Gen 9] VGC 2023 Regulation E","log":"|j|\u260612laudaa\n|j|\u2606NoahDaGr81\n|t:|1701159863\n|gametype|doubles\n|player|p1|12laudaa|266|1132\n|player|p2|NoahDaGr81|pokemonbreeder|1000\n|teamsize|p1|6\n|teamsize|p2|6\n|gen|9\n|tier|[Gen 9] VGC 2023 Regulation E\n|rated|\n|rule|Species Clause: Limit one of each Pok\u00e9mon\n|rule|Item Clause: Limit one of each item\n|clearpoke\n|poke|p1|Flutter Mane, L50|\n|poke|p1|Thundurus, L50, M|\n|poke|p1|Ursaluna-Bloodmoon, L50, M|\n|poke|p1|Ogerpon-Wellspring, L50, F|\n|poke|p1|Rillaboom, L50, M|\n|poke|p1|Landorus-Therian, L50, M|\n|poke|p2|Murkrow, L50, F|\n|poke|p2|Urshifu-*, L50, M|\n|poke|p2|Flutter Mane, L50|\n|poke|p2|Espeon, L50, F|\n|poke|p2|Chi-Yu, L50|\n|poke|p2|Ninetales, L50, F|\n|teampreview|4\n12laudaa rejected open team sheets.\n|inactive|Battle timer is ON: inactive players will automatically lose when time's up. (requested by 12laudaa)\n|\n|t:|1701159888\n|start\n|switch|p1a: RAWR|Landorus-Therian, L50, M, shiny|100\/100\n|switch|p1b: Rillaboom|Rillaboom, L50, M|100\/100\n|switch|p2a: Kalypso|Murkrow, L50, F, shiny|100\/100\n|switch|p2b: Osborne|Flutter Mane, L50, shiny|100\/100\n|-ability|p1a: RAWR|Intimidate|boost\n|-unboost|p2a: Kalypso|atk|1\n|-unboost|p2b: Osborne|atk|1\n|-fieldstart|move: Grassy Terrain|[from] ability: Grassy Surge|[of] p1b: Rillaboom\n|turn|1\n|c|\u260612laudaa|why is fluterr so small\n|inactive|12laudaa has 30 seconds left.\n|\n|t:|1701159915\n|move|p1b: Rillaboom|Fake Out|p2a: Kalypso\n|-damage|p2a: Kalypso|81\/100\n|cant|p2a: Kalypso|flinch\n|move|p2b: Osborne|Icy Wind|p1b: Rillaboom|[spread] p1a,p1b\n|-supereffective|p1a: RAWR\n|-supereffective|p1b: Rillaboom\n|-damage|p1a: RAWR|2\/100\n|-damage|p1b: Rillaboom|65\/100\n|-unboost|p1a: RAWR|spe|1\n|-unboost|p1b: Rillaboom|spe|1\n|-damage|p2b: Osborne|90\/100|[from] item: Life Orb\n|move|p1a: RAWR|Rock Slide|p2b: Osborne|[spread] p2a,p2b\n|-supereffective|p2a: Kalypso\n|-damage|p2a: Kalypso|19\/100\n|-damage|p2b: Osborne|40\/100\n|\n|-heal|p2b: Osborne|47\/100|[from] Grassy Terrain\n|-heal|p1b: Rillaboom|71\/100|[from] Grassy Terrain\n|upkeep\n|turn|2\n|inactive|NoahDaGr81 has 30 seconds left.\n|\n|t:|1701159941\n|move|p2b: Osborne|Protect|p2b: Osborne\n|-singleturn|p2b: Osborne|Protect\n|move|p2a: Kalypso|Tailwind|p2a: Kalypso\n|-sidestart|p2: NoahDaGr81|move: Tailwind\n|move|p1b: Rillaboom|Grassy Glide|p2b: Osborne\n|-activate|p2b: Osborne|move: Protect\n|move|p1a: RAWR|Rock Slide|p2a: Kalypso|[spread] p2a\n|-activate|p2b: Osborne|move: Protect\n|-supereffective|p2a: Kalypso\n|-damage|p2a: Kalypso|0 fnt\n|faint|p2a: Kalypso\n|\n|-heal|p2b: Osborne|53\/100|[from] Grassy Terrain\n|-heal|p1b: Rillaboom|76\/100|[from] Grassy Terrain\n|upkeep\n|\n|t:|1701159963\n|switch|p2a: Mercurius|Chi-Yu, L50|100\/100\n|-ability|p2a: Mercurius|Beads of Ruin\n|turn|3\n|\n|t:|1701159984\n|-terastallize|p2a: Mercurius|Fire\n|move|p1b: Rillaboom|Grassy Glide|p2b: Osborne\n|-damage|p2b: Osborne|0 fnt\n|faint|p2b: Osborne\n|-end|p2b: Osborne|Protosynthesis|[silent]\n|move|p2a: Mercurius|Burning Jealousy|p1a: RAWR|[spread] p1a,p1b\n|-supereffective|p1b: Rillaboom\n|-damage|p1a: RAWR|0 fnt\n|-damage|p1b: Rillaboom|0 fnt\n|faint|p1a: RAWR\n|faint|p1b: Rillaboom\n|\n|upkeep\n|\n|t:|1701159996\n|switch|p2b: Tsakurai|Ninetales, L50, F, shiny|100\/100\n|switch|p1b: Ogerpon|Ogerpon-Wellspring, L50, F|100\/100\n|switch|p1a: Freddy Fazbear\ud83d\ude31|Ursaluna-Bloodmoon, L50, M|100\/100\n|-weather|SunnyDay|[from] ability: Drought|[of] p2b: Tsakurai\n|turn|4\n|\n|t:|1701160016\n|-terastallize|p1b: Ogerpon|Water\n|detailschange|p1b: Ogerpon|Ogerpon-Wellspring-Tera, L50, F, tera:Water\n|-ability|p1b: Ogerpon|Embody Aspect (Wellspring)|boost\n|-boost|p1b: Ogerpon|spd|1\n|move|p2b: Tsakurai|Helping Hand|p2a: Mercurius\n|-singleturn|p2a: Mercurius|Helping Hand|[of] p2b: Tsakurai\n|move|p2a: Mercurius|Burning Jealousy|p1a: Freddy Fazbear\ud83d\ude31|[spread] p1a,p1b\n|-resisted|p1b: Ogerpon\n|-damage|p1a: Freddy Fazbear\ud83d\ude31|0 fnt\n|-damage|p1b: Ogerpon|42\/100\n|-status|p1b: Ogerpon|brn\n|faint|p1a: Freddy Fazbear\ud83d\ude31\n|move|p1b: Ogerpon|Ivy Cudgel|p2b: Tsakurai|[anim] Ivy Cudgel Water\n|-supereffective|p2b: Tsakurai\n|-damage|p2b: Tsakurai|56\/100\n|\n|-weather|SunnyDay|[upkeep]\n|-heal|p2b: Tsakurai|62\/100|[from] Grassy Terrain\n|-heal|p1b: Ogerpon|48\/100 brn|[from] Grassy Terrain\n|-damage|p1b: Ogerpon|42\/100 brn|[from] brn\n|upkeep\n|turn|5\n|-message|12laudaa forfeited.\n|\n|win|NoahDaGr81\n|raw|12laudaa's rating: 1132 &rarr; <strong>1098<\/strong><br \/>(-34 for losing)\n|raw|NoahDaGr81's rating: 1000 &rarr; <strong>1055<\/strong><br \/>(+55 for winning)\n|l|\u260612laudaa\n","uploadtime":1701160038,"views":7,"p1id":"12laudaa","p2id":"noahdagr81","formatid":"gen9vgc2023regulatione","rating":1055,"private":0,"password":""}