{"id":"gen9vgc2023regulatione-1995053164","p1":"Urdadsmells","p2":"TapedCrusader","format":"[Gen 9] VGC 2023 Regulation E","log":"|j|\u2606Urdadsmells\n|j|\u2606TapedCrusader\n|t:|1700517494\n|gametype|doubles\n|player|p1|Urdadsmells|kimonogirl|1143\n|player|p2|TapedCrusader|blue|1162\n|teamsize|p1|6\n|teamsize|p2|6\n|gen|9\n|tier|[Gen 9] VGC 2023 Regulation E\n|rated|\n|rule|Species Clause: Limit one of each Pok\u00e9mon\n|rule|Item Clause: Limit one of each item\n|clearpoke\n|poke|p1|Heatran, L50, F|\n|poke|p1|Pelipper, L50, F|\n|poke|p1|Sinistcha-Masterpiece, L50|\n|poke|p1|Flutter Mane, L50|\n|poke|p1|Scizor, L50, M|\n|poke|p1|Ogerpon, L50, F|\n|poke|p2|Iron Hands, L50|\n|poke|p2|Urshifu-*, L50, F|\n|poke|p2|Tornadus, L50, M|\n|poke|p2|Gholdengo, L50|\n|poke|p2|Arcanine-Hisui, L50, F|\n|poke|p2|Rillaboom, L50, F|\n|teampreview|4\n|inactive|Battle timer is ON: inactive players will automatically lose when time's up. (requested by TapedCrusader)\n|inactive|Urdadsmells has 60 seconds left.\n|inactive|TapedCrusader has 60 seconds left.\n|\n|t:|1700517533\n|start\n|switch|p1a: Heatran|Heatran, L50, F|100\/100\n|switch|p1b: Ogerpon|Ogerpon, L50, F|100\/100\n|switch|p2a: Tornadus|Tornadus, L50, M|100\/100\n|switch|p2b: Iron Hands|Iron Hands, L50|100\/100\n|turn|1\n|\n|t:|1700517555\n|move|p1b: Ogerpon|Spiky Shield|p1b: Ogerpon\n|-singleturn|p1b: Ogerpon|move: Protect\n|move|p2b: Iron Hands|Fake Out|p1a: Heatran\n|-resisted|p1a: Heatran\n|-damage|p1a: Heatran|94\/100\n|move|p2a: Tornadus|Rain Dance|p2a: Tornadus\n|-weather|RainDance\n|cant|p1a: Heatran|flinch\n|\n|-weather|RainDance|[upkeep]\n|upkeep\n|turn|2\n|\n|t:|1700517576\n|switch|p1b: Pelipper|Pelipper, L50, F|100\/100\n|move|p2a: Tornadus|Bleakwind Storm|p1b: Pelipper|[spread] p1a,p1b\n|-resisted|p1a: Heatran\n|-damage|p1a: Heatran|82\/100\n|-damage|p1b: Pelipper|56\/100\n|-unboost|p1b: Pelipper|spe|1\n|move|p1a: Heatran|Flash Cannon|p2a: Tornadus\n|-damage|p2a: Tornadus|26\/100\n|move|p2b: Iron Hands|Drain Punch|p1a: Heatran\n|-supereffective|p1a: Heatran\n|-damage|p1a: Heatran|14\/100\n|\n|-weather|RainDance|[upkeep]\n|upkeep\n|turn|3\n|inactive|TapedCrusader has 30 seconds left.\n|\n|t:|1700517607\n|switch|p1a: Flutter Mane|Flutter Mane, L50|100\/100\n|-enditem|p1a: Flutter Mane|Booster Energy\n|-activate|p1a: Flutter Mane|ability: Protosynthesis|[fromitem]\n|-start|p1a: Flutter Mane|protosynthesisspa\n|move|p2a: Tornadus|Tailwind|p2a: Tornadus\n|-sidestart|p2: TapedCrusader|move: Tailwind\n|move|p2b: Iron Hands|Wild Charge|p1b: Pelipper\n|-supereffective|p1b: Pelipper\n|-damage|p1b: Pelipper|0 fnt\n|faint|p1b: Pelipper\n|-damage|p2b: Iron Hands|91\/100|[from] Recoil\n|\n|-weather|RainDance|[upkeep]\n|upkeep\n|\n|t:|1700517618\n|switch|p1b: Ogerpon|Ogerpon, L50, F|100\/100\n|turn|4\n|\n|t:|1700517630\n|-terastallize|p1a: Flutter Mane|Fairy\n|move|p1b: Ogerpon|Spiky Shield|p1b: Ogerpon\n|-singleturn|p1b: Ogerpon|move: Protect\n|move|p2a: Tornadus|Bleakwind Storm|p1b: Ogerpon|[spread] p1a\n|-activate|p1b: Ogerpon|move: Protect\n|-damage|p1a: Flutter Mane|73\/100\n|-unboost|p1a: Flutter Mane|spe|1\n|move|p2b: Iron Hands|Heavy Slam|p1a: Flutter Mane\n|-supereffective|p1a: Flutter Mane\n|-damage|p1a: Flutter Mane|0 fnt\n|faint|p1a: Flutter Mane\n|-end|p1a: Flutter Mane|Protosynthesis|[silent]\n|\n|-weather|RainDance|[upkeep]\n|upkeep\n|\n|t:|1700517642\n|switch|p1a: Heatran|Heatran, L50, F|14\/100\n|turn|5\n|\n|t:|1700517653\n|move|p2a: Tornadus|Bleakwind Storm|p1a: Heatran|[spread] p1a,p1b\n|-resisted|p1a: Heatran\n|-supereffective|p1b: Ogerpon\n|-damage|p1a: Heatran|1\/100\n|-damage|p1b: Ogerpon|27\/100\n|move|p1b: Ogerpon|Ivy Cudgel|p2a: Tornadus\n|-resisted|p2a: Tornadus\n|-damage|p2a: Tornadus|0 fnt\n|faint|p2a: Tornadus\n|move|p2b: Iron Hands|Drain Punch|p1a: Heatran\n|-supereffective|p1a: Heatran\n|-damage|p1a: Heatran|0 fnt\n|-heal|p2b: Iron Hands|92\/100|[from] drain|[of] p1a: Heatran\n|faint|p1a: Heatran\n|\n|-weather|none\n|upkeep\n|-message|Urdadsmells forfeited.\n|\n|win|TapedCrusader\n|raw|Urdadsmells's rating: 1143 &rarr; <strong>1119<\/strong><br \/>(-24 for losing)\n|raw|TapedCrusader's rating: 1162 &rarr; <strong>1186<\/strong><br \/>(+24 for winning)\n|l|\u2606Urdadsmells\n","uploadtime":1700517688,"views":6,"p1id":"urdadsmells","p2id":"tapedcrusader","formatid":"gen9vgc2023regulatione","rating":1119,"private":0,"password":""}