{"id":"gen9vgc2023regulatione-1996546668","p1":"Makimas seat","p2":"ForsakenL","format":"[Gen 9] VGC 2023 Regulation E","log":"|j|\u2606Makimas seat\n|j|\u2606ForsakenL\n|t:|1700692857\n|gametype|doubles\n|player|p1|Makimas seat|n|1230\n|player|p2|ForsakenL|169|1104\n|teamsize|p1|6\n|teamsize|p2|6\n|gen|9\n|tier|[Gen 9] VGC 2023 Regulation E\n|rated|\n|rule|Species Clause: Limit one of each Pok\u00e9mon\n|rule|Item Clause: Limit one of each item\n|clearpoke\n|poke|p1|Tornadus, L50, M|\n|poke|p1|Landorus-Therian, L50, M|\n|poke|p1|Iron Hands, L50|\n|poke|p1|Flutter Mane, L50|\n|poke|p1|Urshifu-*, L50, F|\n|poke|p1|Ogerpon-Hearthflame, L50, F|\n|poke|p2|Articuno, L50|\n|poke|p2|Ninetales-Alola, L50, M|\n|poke|p2|Zapdos-Galar, L50|\n|poke|p2|Regieleki, L50|\n|poke|p2|Barraskewda, L50, F|\n|poke|p2|Landorus-Therian, L50, M|\n|teampreview|4\n|inactive|Battle timer is ON: inactive players will automatically lose when time's up. (requested by Makimas seat)\nMakimas seat has agreed to open team sheets.\n|inactive|ForsakenL has 60 seconds left.\n|c|\u2606Makimas seat|open team sheet\n|\n|t:|1700692897\n|start\n|switch|p1a: VOLTSWITCH|Iron Hands, L50|100\/100\n|switch|p1b: DANCYBOY|Tornadus, L50, M|100\/100\n|switch|p2a: Regieleki|Regieleki, L50|100\/100\n|switch|p2b: Zapdos|Zapdos-Galar, L50|100\/100\n|turn|1\n|n|!Makimas seat|makimasseat\n|\n|t:|1700692909\n|move|p2b: Zapdos|Detect|p2b: Zapdos\n|-singleturn|p2b: Zapdos|Protect\n|move|p1a: VOLTSWITCH|Fake Out|p2a: Regieleki\n|-damage|p2a: Regieleki|71\/100\n|move|p1b: DANCYBOY|Tailwind|p1b: DANCYBOY\n|-sidestart|p1: Makimas seat|move: Tailwind\n|cant|p2a: Regieleki|flinch\n|\n|upkeep\n|turn|2\n|\n|t:|1700692920\n|switch|p2b: Landorus|Landorus-Therian, L50, M|100\/100\n|-ability|p2b: Landorus|Intimidate|boost\n|-unboost|p1a: VOLTSWITCH|atk|1\n|-unboost|p1b: DANCYBOY|atk|1\n|move|p1b: DANCYBOY|Sunny Day|p1b: DANCYBOY\n|-weather|SunnyDay\n|move|p2a: Regieleki|Electroweb|p1b: DANCYBOY|[spread] p1b\n|-miss|p2a: Regieleki|p1a: VOLTSWITCH\n|-supereffective|p1b: DANCYBOY\n|-crit|p1b: DANCYBOY\n|-damage|p1b: DANCYBOY|19\/100\n|move|p1a: VOLTSWITCH|Wild Charge|p2b: Landorus\n|-immune|p2b: Landorus\n|\n|-weather|SunnyDay|[upkeep]\n|upkeep\n|turn|3\n|\n|t:|1700692936\n|move|p1b: DANCYBOY|Scary Face|p2a: Regieleki\n|-unboost|p2a: Regieleki|spe|2\n|move|p2b: Landorus|U-turn|p1b: DANCYBOY\n|-resisted|p1b: DANCYBOY\n|-damage|p1b: DANCYBOY|3\/100\n|\n|t:|1700692943\n|switch|p2b: Ninetales|Ninetales-Alola, L50, M|100\/100|[from] U-turn\n|-weather|Snow|[from] ability: Snow Warning|[of] p2b: Ninetales\n|move|p1a: VOLTSWITCH|Drain Punch|p2a: Regieleki\n|-damage|p2a: Regieleki|20\/100\n|move|p2a: Regieleki|Volt Switch|p1a: VOLTSWITCH\n|-resisted|p1a: VOLTSWITCH\n|-damage|p1a: VOLTSWITCH|88\/100\n|\n|t:|1700692955\n|switch|p2a: Landorus|Landorus-Therian, L50, M|100\/100|[from] Volt Switch\n|-ability|p2a: Landorus|Intimidate|boost\n|-unboost|p1a: VOLTSWITCH|atk|1\n|-unboost|p1b: DANCYBOY|atk|1\n|\n|-weather|Snow|[upkeep]\n|upkeep\n|turn|4\n|\n|t:|1700692966\n|move|p1b: DANCYBOY|Sunny Day|p1b: DANCYBOY\n|-weather|SunnyDay\n|move|p2a: Landorus|U-turn|p1b: DANCYBOY\n|-resisted|p1b: DANCYBOY\n|-damage|p1b: DANCYBOY|0 fnt\n|faint|p1b: DANCYBOY\n|\n|t:|1700692970\n|switch|p2a: Regieleki|Regieleki, L50|20\/100|[from] U-turn\n|move|p2b: Ninetales|Aurora Veil||[still]\n|-fail|p2b: Ninetales\n|move|p1a: VOLTSWITCH|Heavy Slam|p2b: Ninetales\n|-supereffective|p2b: Ninetales\n|-crit|p2b: Ninetales\n|-damage|p2b: Ninetales|0 fnt\n|faint|p2b: Ninetales\n|\n|-weather|SunnyDay|[upkeep]\n|-sideend|p1: Makimas seat|move: Tailwind\n|upkeep\n|\n|t:|1700692986\n|switch|p2b: Landorus|Landorus-Therian, L50, M|100\/100\n|switch|p1b: MIELFAUWU|Flutter Mane, L50|100\/100\n|-ability|p2b: Landorus|Intimidate|boost\n|-unboost|p1a: VOLTSWITCH|atk|1\n|-unboost|p1b: MIELFAUWU|atk|1\n|-activate|p1b: MIELFAUWU|ability: Protosynthesis\n|-start|p1b: MIELFAUWU|protosynthesisspa\n|turn|5\n|\n|t:|1700693001\n|-terastallize|p1b: MIELFAUWU|Fairy\n|move|p2a: Regieleki|Protect|p2a: Regieleki\n|-singleturn|p2a: Regieleki|Protect\n|move|p2b: Landorus|Rock Slide|p1b: MIELFAUWU|[spread] p1a,p1b\n|-resisted|p1a: VOLTSWITCH\n|-damage|p1a: VOLTSWITCH|82\/100\n|-damage|p1b: MIELFAUWU|68\/100\n|move|p1b: MIELFAUWU|Moonblast|p2b: Landorus\n|-damage|p2b: Landorus|0 fnt\n|faint|p2b: Landorus\n|move|p1a: VOLTSWITCH|Drain Punch|p2a: Regieleki\n|-activate|p2a: Regieleki|move: Protect\n|\n|-weather|SunnyDay|[upkeep]\n|upkeep\n|\n|t:|1700693015\n|switch|p2b: Zapdos|Zapdos-Galar, L50|100\/100\n|turn|6\n|\n|t:|1700693022\n|move|p2b: Zapdos|Detect|p2b: Zapdos\n|-singleturn|p2b: Zapdos|Protect\n|move|p2a: Regieleki|Electroweb|p1b: MIELFAUWU|[spread] p1a,p1b\n|-resisted|p1a: VOLTSWITCH\n|-damage|p1a: VOLTSWITCH|74\/100\n|-damage|p1b: MIELFAUWU|40\/100\n|-unboost|p1a: VOLTSWITCH|spe|1\n|-unboost|p1b: MIELFAUWU|spe|1\n|move|p1b: MIELFAUWU|Moonblast|p2b: Zapdos\n|-activate|p2b: Zapdos|move: Protect\n|move|p1a: VOLTSWITCH|Drain Punch|p2a: Regieleki\n|-damage|p2a: Regieleki|0 fnt\n|-heal|p1a: VOLTSWITCH|81\/100|[from] drain|[of] p2a: Regieleki\n|faint|p2a: Regieleki\n|\n|-weather|SunnyDay|[upkeep]\n|upkeep\n|turn|7\n|\n|t:|1700693044\n|-end|p1a: VOLTSWITCH|Quark Drive|[silent]\n|switch|p1a: SEPRENDI\u00d3LAWEA|Ogerpon-Hearthflame, L50, F|100\/100\n|-ability|p1a: SEPRENDI\u00d3LAWEA|Mold Breaker\n|move|p2b: Zapdos|Acrobatics|p1b: MIELFAUWU\n|-damage|p1b: MIELFAUWU|0 fnt\n|faint|p1b: MIELFAUWU\n|-end|p1b: MIELFAUWU|Protosynthesis|[silent]\n|\n|-weather|SunnyDay|[upkeep]\n|upkeep\n|\n|t:|1700693051\n|switch|p1b: VOLTSWITCH|Iron Hands, L50|81\/100\n|turn|8\n|\n|t:|1700693057\n|move|p1b: VOLTSWITCH|Fake Out|p2b: Zapdos\n|-crit|p2b: Zapdos\n|-damage|p2b: Zapdos|75\/100\n|cant|p2b: Zapdos|flinch\n|move|p1a: SEPRENDI\u00d3LAWEA|Ivy Cudgel|p2b: Zapdos|[anim] Ivy Cudgel Fire\n|-crit|p2b: Zapdos\n|-damage|p2b: Zapdos|0 fnt\n|faint|p2b: Zapdos\n|\n|win|Makimas seat\n|raw|Makimas seat's rating: 1230 &rarr; <strong>1246<\/strong><br \/>(+16 for winning)\n|raw|ForsakenL's rating: 1104 &rarr; <strong>1088<\/strong><br \/>(-16 for losing)\n","uploadtime":1700692901,"views":13,"p1id":"makimasseat","p2id":"forsakenl","formatid":"gen9vgc2023regulatione","rating":1088,"private":0,"password":""}