{"id":"gen9vgc2023regulatione-1996206703","p1":"Haechu","p2":"ioioio1","format":"[Gen 9] VGC 2023 Regulation E","log":"|j|\u2606Haechu\n|j|\u2606ioioio1\n|t:|1700659106\n|gametype|doubles\n|player|p1|Haechu|169|1041\n|player|p2|ioioio1|102|1050\n|teamsize|p1|6\n|teamsize|p2|6\n|gen|9\n|tier|[Gen 9] VGC 2023 Regulation E\n|rated|\n|rule|Species Clause: Limit one of each Pok\u00e9mon\n|rule|Item Clause: Limit one of each item\n|clearpoke\n|poke|p1|Arcanine-Hisui, L50, M|\n|poke|p1|Urshifu-*, L50, F|\n|poke|p1|Ursaluna-Bloodmoon, L50, M|\n|poke|p1|Tornadus, L50, M|\n|poke|p1|Iron Hands, L50|\n|poke|p1|Sinistcha, L50|\n|poke|p2|Iron Hands, L50|\n|poke|p2|Arcanine-Hisui, L50, M|\n|poke|p2|Amoonguss, L50, F|\n|poke|p2|Garchomp, L50, F|\n|poke|p2|Gholdengo, L50|\n|poke|p2|Grimmsnarl, L50, M|\n|teampreview|4\n|inactive|Battle timer is ON: inactive players will automatically lose when time's up. (requested by ioioio1)\n|inactive|Haechu has 60 seconds left.\n|\n|t:|1700659152\n|start\n|switch|p1a: Ursaluna|Ursaluna-Bloodmoon, L50, M|100\/100\n|switch|p1b: Sinistcha|Sinistcha, L50|100\/100\n|switch|p2a: Iron Hands|Iron Hands, L50|100\/100\n|switch|p2b: Arcanine|Arcanine-Hisui, L50, M|100\/100\n|-ability|p2b: Arcanine|Intimidate|boost\n|-unboost|p1a: Ursaluna|atk|1\n|-unboost|p1b: Sinistcha|atk|1\n|turn|1\n|inactive|Haechu has 30 seconds left.\n|inactive|ioioio1 has 30 seconds left.\n|inactive|ioioio1 has 20 seconds left.\n|inactive|ioioio1 has 15 seconds left.\n|\n|t:|1700659194\n|switch|p1b: Arcanine|Arcanine-Hisui, L50, M|100\/100\n|-ability|p1b: Arcanine|Intimidate|boost\n|-unboost|p2a: Iron Hands|atk|1\n|-unboost|p2b: Arcanine|atk|1\n|move|p2a: Iron Hands|Fake Out|p1a: Ursaluna\n|-damage|p1a: Ursaluna|93\/100\n|move|p2b: Arcanine|Flare Blitz|p1b: Arcanine\n|-resisted|p1b: Arcanine\n|-damage|p1b: Arcanine|83\/100\n|-damage|p2b: Arcanine|94\/100|[from] Recoil\n|cant|p1a: Ursaluna|flinch\n|\n|-heal|p1a: Ursaluna|99\/100|[from] item: Leftovers\n|upkeep\n|turn|2\n|inactive|Haechu has 30 seconds left.\n|\n|t:|1700659220\n|switch|p2b: Amoonguss|Amoonguss, L50, F|100\/100\n|-end|p2a: Iron Hands|Quark Drive|[silent]\n|switch|p2a: Garchomp|Garchomp, L50, F|100\/100\n|move|p1b: Arcanine|Rock Slide|p2b: Amoonguss|[spread] p2b\n|-miss|p1b: Arcanine|p2a: Garchomp\n|-damage|p2b: Amoonguss|71\/100\n|move|p1a: Ursaluna|Earth Power|p2a: Garchomp\n|-damage|p2a: Garchomp|56\/100\n|\n|-heal|p1a: Ursaluna|100\/100|[from] item: Leftovers\n|upkeep\n|turn|3\n|inactive|ioioio1 has 30 seconds left.\n|\n|t:|1700659254\n|switch|p1a: Sinistcha|Sinistcha, L50|100\/100\n|-heal|p1b: Arcanine|100\/100|[from] ability: Hospitality|[of] p1a: Sinistcha\n|move|p2a: Garchomp|Liquidation|p1b: Arcanine\n|-supereffective|p1b: Arcanine\n|-damage|p1b: Arcanine|0 fnt\n|faint|p1b: Arcanine\n|move|p2b: Amoonguss|Spore|p1a: Sinistcha\n|-immune|p1a: Sinistcha\n|\n|upkeep\n|\n|t:|1700659267\n|switch|p1b: Ursaluna|Ursaluna-Bloodmoon, L50, M|100\/100\n|turn|4\n|\n|t:|1700659283\n|move|p1b: Ursaluna|Protect|p1b: Ursaluna\n|-singleturn|p1b: Ursaluna|Protect\n|move|p2b: Amoonguss|Rage Powder|p2b: Amoonguss\n|-singleturn|p2b: Amoonguss|move: Rage Powder\n|move|p2a: Garchomp|Crunch|p1a: Sinistcha\n|-supereffective|p1a: Sinistcha\n|-damage|p1a: Sinistcha|56\/100\n|-unboost|p1a: Sinistcha|def|1\n|move|p1a: Sinistcha|Trick Room|p1a: Sinistcha\n|-fieldstart|move: Trick Room|[of] p1a: Sinistcha\n|\n|upkeep\n|turn|5\n|\n|t:|1700659298\n|switch|p1a: Urshifu|Urshifu-Rapid-Strike, L50, F|100\/100\n|-terastallize|p1b: Ursaluna|Normal\n|move|p2b: Amoonguss|Spore|p1b: Ursaluna\n|-status|p1b: Ursaluna|slp|[from] move: Spore\n|cant|p1b: Ursaluna|slp\n|move|p2a: Garchomp|Crunch|p1a: Urshifu\n|-resisted|p1a: Urshifu\n|-crit|p1a: Urshifu\n|-damage|p1a: Urshifu|80\/100\n|\n|upkeep\n|turn|6\n|inactive|ioioio1 has 30 seconds left.\n|inactive|ioioio1 has 20 seconds left.\n|inactive|ioioio1 has 15 seconds left.\n|inactive|ioioio1 has 10 seconds left.\n|\n|t:|1700659345\n|switch|p2a: Iron Hands|Iron Hands, L50|100\/100\n|move|p1a: Urshifu|Detect|p1a: Urshifu\n|-singleturn|p1a: Urshifu|Protect\n|move|p2b: Amoonguss|Rage Powder|p2b: Amoonguss\n|-singleturn|p2b: Amoonguss|move: Rage Powder\n|-curestatus|p1b: Ursaluna|slp|[msg]\n|move|p1b: Ursaluna|Blood Moon|p2b: Amoonguss\n|-crit|p2b: Amoonguss\n|-damage|p2b: Amoonguss|0 fnt\n|faint|p2b: Amoonguss\n|\n|upkeep\n|\n|t:|1700659361\n|switch|p2b: Arcanine|Arcanine-Hisui, L50, M|94\/100\n|-ability|p2b: Arcanine|Intimidate|boost\n|-unboost|p1a: Urshifu|atk|1\n|-unboost|p1b: Ursaluna|atk|1\n|turn|7\n|inactive|ioioio1 has 30 seconds left.\n|\n|t:|1700659395\n|move|p1a: Urshifu|Aqua Jet|p2b: Arcanine\n|-supereffective|p2b: Arcanine\n|-damage|p2b: Arcanine|7\/100\n|move|p1b: Ursaluna|Earth Power|p2a: Iron Hands\n|-supereffective|p2a: Iron Hands\n|-damage|p2a: Iron Hands|5\/100\n|-enditem|p2a: Iron Hands|Aguav Berry|[eat]\n|-heal|p2a: Iron Hands|39\/100|[from] item: Aguav Berry\n|move|p2a: Iron Hands|Wild Charge|p1a: Urshifu\n|-supereffective|p1a: Urshifu\n|-damage|p1a: Urshifu|0 fnt\n|faint|p1a: Urshifu\n|-damage|p2a: Iron Hands|25\/100|[from] Recoil\n|move|p2b: Arcanine|Rock Slide|p1b: Ursaluna|[miss]\n|-miss|p2b: Arcanine|p1b: Ursaluna\n|\n|upkeep\n|\n|t:|1700659401\n|switch|p1a: Sinistcha|Sinistcha, L50|56\/100\n|turn|8\n|\n|t:|1700659420\n|move|p2a: Iron Hands|Protect|p2a: Iron Hands\n|-singleturn|p2a: Iron Hands|Protect\n|move|p1b: Ursaluna|Hyper Voice|p2b: Arcanine|[spread] p2b\n|-activate|p2a: Iron Hands|move: Protect\n|-resisted|p2b: Arcanine\n|-damage|p2b: Arcanine|0 fnt\n|faint|p2b: Arcanine\n|move|p1a: Sinistcha|Matcha Gotcha|p2a: Iron Hands\n|-activate|p2a: Iron Hands|move: Protect\n|\n|-fieldend|move: Trick Room\n|upkeep\n|\n|t:|1700659433\n|switch|p2b: Garchomp|Garchomp, L50, F|56\/100\n|turn|9\n|\n|t:|1700659455\n|-terastallize|p2a: Iron Hands|Grass\n|move|p1b: Ursaluna|Protect|p1b: Ursaluna\n|-singleturn|p1b: Ursaluna|Protect\n|move|p2b: Garchomp|Crunch|p1a: Sinistcha\n|-supereffective|p1a: Sinistcha\n|-damage|p1a: Sinistcha|6\/100\n|move|p2a: Iron Hands|Drain Punch|p1b: Ursaluna\n|-activate|p1b: Ursaluna|move: Protect\n|move|p1a: Sinistcha|Trick Room|p1a: Sinistcha\n|-fieldstart|move: Trick Room|[of] p1a: Sinistcha\n|\n|upkeep\n|turn|10\n|\n|t:|1700659474\n|move|p2a: Iron Hands|Protect|p2a: Iron Hands\n|-singleturn|p2a: Iron Hands|Protect\n|move|p1b: Ursaluna|Hyper Voice|p2a: Iron Hands|[spread] p2b\n|-activate|p2a: Iron Hands|move: Protect\n|-damage|p2b: Garchomp|10\/100\n|move|p1a: Sinistcha|Hex|p2a: Iron Hands\n|-activate|p2a: Iron Hands|move: Protect\n|move|p2b: Garchomp|Crunch|p1a: Sinistcha\n|-supereffective|p1a: Sinistcha\n|-damage|p1a: Sinistcha|0 fnt\n|faint|p1a: Sinistcha\n|\n|upkeep\n|turn|11\n|inactive|ioioio1 has 30 seconds left.\n|\n|t:|1700659508\n|move|p1b: Ursaluna|Hyper Voice|p2a: Iron Hands|[spread] p2a,p2b\n|-damage|p2a: Iron Hands|0 fnt\n|-damage|p2b: Garchomp|0 fnt\n|faint|p2a: Iron Hands\n|-end|p2a: Iron Hands|Quark Drive|[silent]\n|faint|p2b: Garchomp\n|\n|win|Haechu\n|raw|Haechu's rating: 1041 &rarr; <strong>1076<\/strong><br \/>(+35 for winning)\n|raw|ioioio1's rating: 1050 &rarr; <strong>1032<\/strong><br \/>(-18 for losing)\n|l|\u2606ioioio1\n","uploadtime":1700659519,"views":7,"p1id":"haechu","p2id":"ioioio1","formatid":"gen9vgc2023regulatione","rating":1032,"private":0,"password":""}