{"id":"gen9vgc2023regulatione-1988379592","p1":"Kzjrhzk","p2":"HUebot1023","format":"[Gen 9] VGC 2023 Regulation E","log":"|j|\u2606Kzjrhzk\n|j|\u2606HUebot1023\n|t:|1699716260\n|gametype|doubles\n|player|p1|Kzjrhzk|lance|1116\n|player|p2|HUebot1023|pokemonbreeder-gen4|1147\n|teamsize|p1|6\n|teamsize|p2|6\n|gen|9\n|tier|[Gen 9] VGC 2023 Regulation E\n|rated|\n|rule|Species Clause: Limit one of each Pok\u00e9mon\n|rule|Item Clause: Limit one of each item\n|clearpoke\n|poke|p1|Flutter Mane, L50|\n|poke|p1|Tornadus, L50, M|\n|poke|p1|Rillaboom, L50, M|\n|poke|p1|Garganacl, L50, F|\n|poke|p1|Arcanine-Hisui, L50, M|\n|poke|p1|Chien-Pao, L50|\n|poke|p2|Shiftry, L50, F|\n|poke|p2|Urshifu-*, L50, F|\n|poke|p2|Baxcalibur, L50, F|\n|poke|p2|Typhlosion-Hisui, L50, F|\n|poke|p2|Articuno-Galar, L50|\n|poke|p2|Tornadus, L50, M|\n|teampreview|4\n|\n|t:|1699716304\n|start\n|switch|p1a: Tornadus|Tornadus, L50, M|100\/100\n|switch|p1b: Garganacl|Garganacl, L50, F|100\/100\n|switch|p2a: Tornadus|Tornadus, L50, M|100\/100\n|switch|p2b: Baxcalibur|Baxcalibur, L50, F|100\/100\n|turn|1\n|\n|t:|1699716342\n|switch|p1a: Arcanine|Arcanine-Hisui, L50, M|100\/100\n|-ability|p1a: Arcanine|Intimidate|boost\n|-unboost|p2a: Tornadus|atk|1\n|-unboost|p2b: Baxcalibur|atk|1\n|move|p2a: Tornadus|Bleakwind Storm|p1b: Garganacl|[spread] p1b\n|-miss|p2a: Tornadus|p1a: Arcanine\n|-resisted|p1b: Garganacl\n|-damage|p1b: Garganacl|90\/100\n|-unboost|p1b: Garganacl|spe|1\n|move|p2b: Baxcalibur|Scale Shot|p1a: Arcanine\n|-damage|p1a: Arcanine|88\/100\n|-damage|p1a: Arcanine|75\/100\n|-damage|p1a: Arcanine|62\/100\n|-damage|p1a: Arcanine|48\/100\n|-hitcount|p1a: Arcanine|4\n|-unboost|p2b: Baxcalibur|def|1\n|-boost|p2b: Baxcalibur|spe|1\n|move|p1b: Garganacl|Iron Defense|p1b: Garganacl\n|-boost|p1b: Garganacl|def|2\n|\n|upkeep\n|turn|2\n|\n|t:|1699716378\n|switch|p1a: Tornadus|Tornadus, L50, M|100\/100\n|move|p2b: Baxcalibur|Earthquake|p1a: Tornadus|[spread] p1b\n|-immune|p2a: Tornadus\n|-immune|p1a: Tornadus\n|-supereffective|p1b: Garganacl\n|-damage|p1b: Garganacl|77\/100\n|move|p2a: Tornadus|Icy Wind|p1a: Tornadus|[spread] p1a,p1b\n|-supereffective|p1a: Tornadus\n|-damage|p1a: Tornadus|80\/100\n|-damage|p1b: Garganacl|70\/100\n|-unboost|p1a: Tornadus|spe|1\n|-unboost|p1b: Garganacl|spe|1\n|move|p1b: Garganacl|Salt Cure|p2b: Baxcalibur\n|-supereffective|p2b: Baxcalibur\n|-crit|p2b: Baxcalibur\n|-damage|p2b: Baxcalibur|51\/100\n|-start|p2b: Baxcalibur|Salt Cure\n|\n|-damage|p2b: Baxcalibur|39\/100|[from] Salt Cure\n|upkeep\n|turn|3\n|\n|t:|1699716408\n|move|p2a: Tornadus|Taunt|p1a: Tornadus\n|-start|p1a: Tornadus|move: Taunt\n|cant|p1a: Tornadus|move: Taunt|Tailwind\n|move|p2b: Baxcalibur|Icicle Spear|p1b: Garganacl\n|-crit|p1b: Garganacl\n|-damage|p1b: Garganacl|55\/100\n|-damage|p1b: Garganacl|50\/100\n|-enditem|p1b: Garganacl|Sitrus Berry|[eat]\n|-heal|p1b: Garganacl|75\/100|[from] item: Sitrus Berry\n|-damage|p1b: Garganacl|71\/100\n|-damage|p1b: Garganacl|66\/100\n|-damage|p1b: Garganacl|63\/100\n|-hitcount|p1b: Garganacl|5\n|move|p1b: Garganacl|Salt Cure|p2b: Baxcalibur\n|-supereffective|p2b: Baxcalibur\n|-damage|p2b: Baxcalibur|2\/100\n|\n|-damage|p2b: Baxcalibur|0 fnt|[from] Salt Cure\n|faint|p2b: Baxcalibur\n|upkeep\n|\n|t:|1699716427\n|switch|p2b: Typhlosion|Typhlosion-Hisui, L50, F|100\/100\n|-item|p1a: Tornadus|Rocky Helmet|[from] ability: Frisk|[of] p2b: Typhlosion|[identify]\n|turn|4\n|\n|t:|1699716437\n|move|p1b: Garganacl|Protect|p1b: Garganacl\n|-singleturn|p1b: Garganacl|Protect\n|move|p2a: Tornadus|Tailwind|p2a: Tornadus\n|-sidestart|p2: HUebot1023|move: Tailwind\n|move|p2b: Typhlosion|Eruption|p1b: Garganacl|[spread] p1a\n|-activate|p1b: Garganacl|move: Protect\n|-damage|p1a: Tornadus|13\/100\n|move|p1a: Tornadus|Bleakwind Storm|p2b: Typhlosion|[spread] p2b\n|-miss|p1a: Tornadus|p2a: Tornadus\n|-damage|p2b: Typhlosion|54\/100\n|\n|upkeep\n|turn|5\n|\n|t:|1699716464\n|switch|p2b: Urshifu|Urshifu-Rapid-Strike, L50, F|100\/100\n|move|p2a: Tornadus|Icy Wind|p1b: Garganacl|[spread] p1a,p1b\n|-supereffective|p1a: Tornadus\n|-damage|p1a: Tornadus|0 fnt\n|-damage|p1b: Garganacl|55\/100\n|-unboost|p1b: Garganacl|spe|1\n|faint|p1a: Tornadus\n|move|p1b: Garganacl|Recover|p1b: Garganacl\n|-heal|p1b: Garganacl|100\/100\n|\n|upkeep\n|\n|t:|1699716473\n|switch|p1a: Arcanine|Arcanine-Hisui, L50, M|48\/100\n|-ability|p1a: Arcanine|Intimidate|boost\n|-unboost|p2a: Tornadus|atk|1\n|-unboost|p2b: Urshifu|atk|1\n|turn|6\n|\n|t:|1699716485\n|-terastallize|p1b: Garganacl|Ghost\n|move|p1a: Arcanine|Extreme Speed|p2b: Urshifu\n|-damage|p2b: Urshifu|64\/100\n|move|p2b: Urshifu|Surging Strikes|p1a: Arcanine\n|-supereffective|p1a: Arcanine\n|-crit|p1a: Arcanine\n|-damage|p1a: Arcanine|0 fnt\n|faint|p1a: Arcanine\n|-hitcount|p1: Arcanine|1\n|move|p2a: Tornadus|Bleakwind Storm|p1b: Garganacl|[miss]\n|-miss|p2a: Tornadus|p1b: Garganacl\n|move|p1b: Garganacl|Salt Cure|p2b: Urshifu\n|-resisted|p2b: Urshifu\n|-damage|p2b: Urshifu|58\/100\n|-start|p2b: Urshifu|Salt Cure\n|\n|-damage|p2b: Urshifu|33\/100|[from] Salt Cure\n|upkeep\n|\n|t:|1699716500\n|switch|p1a: Chien-Pao|Chien-Pao, L50|100\/100\n|-ability|p1a: Chien-Pao|Sword of Ruin\n|turn|7\n|\n|t:|1699716514\n|switch|p2b: Typhlosion|Typhlosion-Hisui, L50, F|54\/100\n|-item|p1a: Chien-Pao|Focus Sash|[from] ability: Frisk|[of] p2b: Typhlosion|[identify]\n|move|p2a: Tornadus|Bleakwind Storm|p1a: Chien-Pao|[spread] p1b\n|-miss|p2a: Tornadus|p1a: Chien-Pao\n|-damage|p1b: Garganacl|78\/100\n|-unboost|p1b: Garganacl|spe|1\n|move|p1a: Chien-Pao|Ice Spinner|p2a: Tornadus\n|-supereffective|p2a: Tornadus\n|-damage|p2a: Tornadus|0 fnt\n|faint|p2a: Tornadus\n|move|p1b: Garganacl|Recover|p1b: Garganacl\n|-heal|p1b: Garganacl|100\/100\n|\n|-sideend|p2: HUebot1023|move: Tailwind\n|upkeep\n|\n|t:|1699716529\n|switch|p2a: Urshifu|Urshifu-Rapid-Strike, L50, F|33\/100\n|turn|8\n|\n|t:|1699716541\n|move|p1a: Chien-Pao|Sucker Punch|p2b: Typhlosion\n|-supereffective|p2b: Typhlosion\n|-damage|p2b: Typhlosion|0 fnt\n|faint|p2b: Typhlosion\n|move|p2a: Urshifu|Surging Strikes|p1b: Garganacl\n|-crit|p1b: Garganacl\n|-damage|p1b: Garganacl|81\/100\n|-crit|p1b: Garganacl\n|-damage|p1b: Garganacl|62\/100\n|-crit|p1b: Garganacl\n|-damage|p1b: Garganacl|44\/100\n|-hitcount|p1b: Garganacl|3\n|move|p1b: Garganacl|Salt Cure|p2a: Urshifu\n|-resisted|p2a: Urshifu\n|-damage|p2a: Urshifu|24\/100\n|-start|p2a: Urshifu|Salt Cure\n|\n|-damage|p2a: Urshifu|0 fnt|[from] Salt Cure\n|faint|p2a: Urshifu\n|\n|win|Kzjrhzk\n|upkeep\n|raw|Kzjrhzk's rating: 1116 &rarr; <strong>1143<\/strong><br \/>(+27 for winning)\n|raw|HUebot1023's rating: 1147 &rarr; <strong>1120<\/strong><br \/>(-27 for losing)\n","uploadtime":1699716557,"views":12,"p1id":"kzjrhzk","p2id":"huebot1023","formatid":"gen9vgc2023regulatione","rating":1120,"private":0,"password":""}