{"id":"gen9vgc2023regulatione-1990575147","p1":"Kzjrzhzk","p2":"thejordanvgc","format":"[Gen 9] VGC 2023 Regulation E","log":"|j|\u2606Kzjrzhzk\n|j|\u2606thejordanvgc\n|t:|1699982689\n|gametype|doubles\n|player|p1|Kzjrzhzk|lance|1194\n|player|p2|thejordanvgc|265|1181\n|teamsize|p1|6\n|teamsize|p2|6\n|gen|9\n|tier|[Gen 9] VGC 2023 Regulation E\n|rated|\n|rule|Species Clause: Limit one of each Pok\u00e9mon\n|rule|Item Clause: Limit one of each item\n|clearpoke\n|poke|p1|Flutter Mane, L50|\n|poke|p1|Tornadus, L50, M|\n|poke|p1|Rillaboom, L50, M|\n|poke|p1|Garganacl, L50, M|\n|poke|p1|Arcanine-Hisui, L50, F|\n|poke|p1|Chien-Pao, L50|\n|poke|p2|Chien-Pao, L50|\n|poke|p2|Tornadus, L50, M|\n|poke|p2|Ogerpon-Hearthflame, L50, F|\n|poke|p2|Milotic, L50, M|\n|poke|p2|Iron Hands, L50|\n|poke|p2|Hatterene, L50, F|\n|teampreview|4\n|\n|t:|1699982721\n|start\n|switch|p1a: Tornadus|Tornadus, L50, M|100\/100\n|switch|p1b: Garganacl|Garganacl, L50, M|100\/100\n|switch|p2a: Tornadus|Tornadus, L50, M|100\/100\n|switch|p2b: Milotic|Milotic, L50, M|100\/100\n|turn|1\n|\n|t:|1699982737\n|-terastallize|p1b: Garganacl|Ghost\n|move|p1a: Tornadus|Taunt|p2b: Milotic\n|-start|p2b: Milotic|move: Taunt\n|move|p2a: Tornadus|Bleakwind Storm|p1a: Tornadus|[spread] p1a,p1b\n|-damage|p1a: Tornadus|74\/100\n|-damage|p1b: Garganacl|79\/100\n|move|p2b: Milotic|Scald|p1b: Garganacl\n|-crit|p1b: Garganacl\n|-damage|p1b: Garganacl|22\/100\n|-enditem|p1b: Garganacl|Sitrus Berry|[eat]\n|-heal|p1b: Garganacl|47\/100|[from] item: Sitrus Berry\n|move|p1b: Garganacl|Salt Cure|p2b: Milotic\n|-damage|p2b: Milotic|85\/100\n|-start|p2b: Milotic|Salt Cure\n|\n|-damage|p2b: Milotic|60\/100|[from] Salt Cure\n|upkeep\n|turn|2\n|\n|t:|1699982762\n|move|p1a: Tornadus|Tailwind|p1a: Tornadus\n|-sidestart|p1: Kzjrzhzk|move: Tailwind\n|move|p2a: Tornadus|Bleakwind Storm|p1a: Tornadus|[spread] p1a,p1b\n|-damage|p1a: Tornadus|48\/100\n|-damage|p1b: Garganacl|25\/100\n|move|p2b: Milotic|Scald|p1a: Tornadus\n|-damage|p1a: Tornadus|7\/100\n|move|p1b: Garganacl|Recover|p1b: Garganacl\n|-heal|p1b: Garganacl|75\/100\n|\n|-damage|p2b: Milotic|35\/100|[from] Salt Cure\n|upkeep\n|turn|3\n|\n|t:|1699982774\n|move|p1a: Tornadus|Bleakwind Storm|p2a: Tornadus|[spread] p2a,p2b\n|-damage|p2a: Tornadus|65\/100\n|-damage|p2b: Milotic|11\/100\n|move|p2a: Tornadus|Bleakwind Storm|p1b: Garganacl|[spread] p1a,p1b\n|-damage|p1a: Tornadus|0 fnt\n|-damage|p1b: Garganacl|55\/100\n|faint|p1a: Tornadus\n|move|p2b: Milotic|Scald|p1b: Garganacl\n|-damage|p1b: Garganacl|15\/100\n|move|p1b: Garganacl|Iron Defense|p1b: Garganacl\n|-boost|p1b: Garganacl|def|2\n|\n|-damage|p2b: Milotic|0 fnt|[from] Salt Cure\n|faint|p2b: Milotic\n|upkeep\n|\n|t:|1699982791\n|switch|p1a: Arcanine|Arcanine-Hisui, L50, F|100\/100\n|switch|p2b: Ogerpon|Ogerpon-Hearthflame, L50, F|100\/100\n|-ability|p1a: Arcanine|Intimidate|boost\n|-unboost|p2a: Tornadus|atk|1\n|-unboost|p2b: Ogerpon|atk|1\n|-ability|p2b: Ogerpon|Mold Breaker\n|turn|4\n|\n|t:|1699982811\n|move|p1a: Arcanine|Rock Slide|p2b: Ogerpon|[spread] p2a,p2b\n|-supereffective|p2a: Tornadus\n|-supereffective|p2b: Ogerpon\n|-damage|p2a: Tornadus|0 fnt\n|-damage|p2b: Ogerpon|0 fnt\n|faint|p2a: Tornadus\n|faint|p2b: Ogerpon\n|move|p1b: Garganacl|Recover|p1b: Garganacl\n|-heal|p1b: Garganacl|66\/100\n|\n|upkeep\n|\n|t:|1699982816\n|switch|p2b: Iron Hands|Iron Hands, L50|100\/100\n|turn|5\n|\n|t:|1699982823\n|switch|p1a: Rillaboom|Rillaboom, L50, M|100\/100\n|-fieldstart|move: Grassy Terrain|[from] ability: Grassy Surge|[of] p1a: Rillaboom\n|move|p1b: Garganacl|Iron Defense|p1b: Garganacl\n|-boost|p1b: Garganacl|def|2\n|move|p2b: Iron Hands|Swords Dance|p2b: Iron Hands\n|-boost|p2b: Iron Hands|atk|2\n|\n|-heal|p1b: Garganacl|72\/100|[from] Grassy Terrain\n|-sideend|p1: Kzjrzhzk|move: Tailwind\n|upkeep\n|turn|6\n|\n|t:|1699982836\n|move|p1a: Rillaboom|Fake Out|p2b: Iron Hands\n|-damage|p2b: Iron Hands|90\/100\n|cant|p2b: Iron Hands|flinch\n|move|p1b: Garganacl|Iron Defense|p1b: Garganacl\n|-boost|p1b: Garganacl|def|2\n|\n|-heal|p2b: Iron Hands|96\/100|[from] Grassy Terrain\n|-heal|p1b: Garganacl|77\/100|[from] Grassy Terrain\n|upkeep\n|turn|7\n|-message|thejordanvgc forfeited.\n|\n|win|Kzjrzhzk\n|raw|Kzjrzhzk's rating: 1194 &rarr; <strong>1218<\/strong><br \/>(+24 for winning)\n|raw|thejordanvgc's rating: 1181 &rarr; <strong>1157<\/strong><br \/>(-24 for losing)\n","uploadtime":1699982847,"views":13,"p1id":"kzjrzhzk","p2id":"thejordanvgc","formatid":"gen9vgc2023regulatione","rating":1157,"private":0,"password":""}