{"id":"gen9vgc2023regulatione-1993743048","p1":"AWSiegfried","p2":"Shadow Ballers","format":"[Gen 9] VGC 2023 Regulation E","log":"|j|\u2606AWSiegfried\n|j|\u2606Shadow Ballers\n|t:|1700351934\n|gametype|doubles\n|player|p1|AWSiegfried|101|1328\n|player|p2|Shadow Ballers|roughneck|1266\n|teamsize|p1|6\n|teamsize|p2|6\n|gen|9\n|tier|[Gen 9] VGC 2023 Regulation E\n|rated|\n|rule|Species Clause: Limit one of each Pok\u00e9mon\n|rule|Item Clause: Limit one of each item\n|clearpoke\n|poke|p1|Ursaluna-Bloodmoon, L50, M|\n|poke|p1|Cresselia, L50, F|\n|poke|p1|Ogerpon-Wellspring, L50, F|\n|poke|p1|Sinistcha-Masterpiece, L50|\n|poke|p1|Arcanine-Hisui, L50, F|\n|poke|p1|Fezandipiti, L50, M|\n|poke|p2|Ursaluna-Bloodmoon, L50, M|\n|poke|p2|Urshifu-*, L50, M|\n|poke|p2|Ceruledge, L50, M|\n|poke|p2|Weavile, L50, M|\n|poke|p2|Weezing-Galar, L50, M|\n|poke|p2|Rillaboom, L50, M|\n|teampreview|4\n|inactive|Battle timer is ON: inactive players will automatically lose when time's up. (requested by AWSiegfried)\n|\n|t:|1700351957\n|start\n|switch|p1a: Fezandipiti|Fezandipiti, L50, M|100\/100\n|switch|p1b: Arcanine|Arcanine-Hisui, L50, F|100\/100\n|switch|p2a: Weavile|Weavile, L50, M, shiny|100\/100\n|switch|p2b: Weezing|Weezing-Galar, L50, M, shiny|100\/100\n|-ability|p2b: Weezing|Neutralizing Gas\n|turn|1\n|inactive|Shadow Ballers has 30 seconds left.\n|\n|t:|1700351989\n|-terastallize|p2b: Weezing|Water\n|move|p2a: Weavile|Fake Out|p1b: Arcanine\n|-resisted|p1b: Arcanine\n|-damage|p1b: Arcanine|93\/100\n|move|p1a: Fezandipiti|Dazzling Gleam|p2a: Weavile|[spread] p2a,p2b\n|-supereffective|p2a: Weavile\n|-damage|p2a: Weavile|54\/100\n|-damage|p2b: Weezing|81\/100\n|cant|p1b: Arcanine|flinch\n|move|p2b: Weezing|Tera Blast|p1b: Arcanine|[anim] Tera Blast Water\n|-supereffective|p1b: Arcanine\n|-damage|p1b: Arcanine|0 fnt\n|faint|p1b: Arcanine\n|\n|upkeep\n|\n|t:|1700352007\n|switch|p1b: Ogerpon|Ogerpon-Wellspring, L50, F|100\/100\n|turn|2\n|inactive|Shadow Ballers has 30 seconds left.\n|inactive|Shadow Ballers has 20 seconds left.\n|inactive|Shadow Ballers has 15 seconds left.\n|\n|t:|1700352049\n|-end|p2b: Weezing|ability: Neutralizing Gas\n|switch|p2b: Rillaboom|Rillaboom, L50, M, shiny|100\/100\n|-fieldstart|move: Grassy Terrain|[from] ability: Grassy Surge|[of] p2b: Rillaboom\n|move|p1b: Ogerpon|Spiky Shield|p1b: Ogerpon\n|-singleturn|p1b: Ogerpon|move: Protect\n|move|p2a: Weavile|Knock Off|p1b: Ogerpon\n|-activate|p1b: Ogerpon|move: Protect\n|-damage|p2a: Weavile|41\/100|[from] Spiky Shield|[of] p1b: Ogerpon\n|move|p1a: Fezandipiti|Icy Wind|p2a: Weavile|[spread] p2b\n|-miss|p1a: Fezandipiti|p2a: Weavile\n|-supereffective|p2b: Rillaboom\n|-damage|p2b: Rillaboom|88\/100\n|-unboost|p2b: Rillaboom|spe|1\n|-status|p2b: Rillaboom|tox|[from] ability: Toxic Chain|[of] p1a: Fezandipiti\n|\n|-heal|p2a: Weavile|47\/100|[from] Grassy Terrain\n|-heal|p2b: Rillaboom|94\/100 tox|[from] Grassy Terrain\n|-damage|p2b: Rillaboom|88\/100 tox|[from] psn\n|upkeep\n|turn|3\n|inactive|AWSiegfried has 30 seconds left.\n|inactive|AWSiegfried has 20 seconds left.\n|inactive|AWSiegfried has 15 seconds left.\n|\n|t:|1700352092\n|switch|p1b: Sinistcha|Sinistcha-Masterpiece, L50|100\/100\n|move|p2b: Rillaboom|Grassy Glide|p1b: Sinistcha\n|-resisted|p1b: Sinistcha\n|-damage|p1b: Sinistcha|84\/100\n|-damage|p2b: Rillaboom|72\/100 tox|[from] item: Rocky Helmet|[of] p1b: Sinistcha\n|move|p2a: Weavile|Icicle Crash|p1b: Sinistcha\n|-supereffective|p1b: Sinistcha\n|-damage|p1b: Sinistcha|9\/100\n|move|p1a: Fezandipiti|Dazzling Gleam|p2a: Weavile|[spread] p2a,p2b\n|-supereffective|p2a: Weavile\n|-damage|p2a: Weavile|9\/100\n|-damage|p2b: Rillaboom|58\/100 tox\n|-status|p2a: Weavile|tox|[from] ability: Toxic Chain|[of] p1a: Fezandipiti\n|\n|-heal|p2a: Weavile|15\/100 tox|[from] Grassy Terrain\n|-heal|p1b: Sinistcha|16\/100|[from] Grassy Terrain\n|-heal|p2b: Rillaboom|64\/100 tox|[from] Grassy Terrain\n|-damage|p2a: Weavile|9\/100 tox|[from] psn\n|-damage|p2b: Rillaboom|52\/100 tox|[from] psn\n|upkeep\n|turn|4\n|inactive|AWSiegfried has 30 seconds left.\n|inactive|AWSiegfried has 20 seconds left.\n|inactive|AWSiegfried has 15 seconds left.\n|inactive|AWSiegfried has 10 seconds left.\n|inactive|AWSiegfried has 5 seconds left.\n|\n|t:|1700352142\n|move|p2a: Weavile|Ice Shard|p1b: Sinistcha\n|-supereffective|p1b: Sinistcha\n|-damage|p1b: Sinistcha|0 fnt\n|faint|p1b: Sinistcha\n|move|p1a: Fezandipiti|Icy Wind|p2b: Rillaboom|[spread] p2a,p2b\n|-resisted|p2a: Weavile\n|-supereffective|p2b: Rillaboom\n|-damage|p2a: Weavile|4\/100 tox\n|-damage|p2b: Rillaboom|42\/100 tox\n|-unboost|p2a: Weavile|spe|1\n|-unboost|p2b: Rillaboom|spe|1\n|move|p2b: Rillaboom|High Horsepower|p1a: Fezandipiti\n|-supereffective|p1a: Fezandipiti\n|-damage|p1a: Fezandipiti|23\/100\n|-enditem|p1a: Fezandipiti|Sitrus Berry|[eat]\n|-heal|p1a: Fezandipiti|47\/100|[from] item: Sitrus Berry\n|\n|-heal|p1a: Fezandipiti|53\/100|[from] Grassy Terrain\n|-heal|p2a: Weavile|10\/100 tox|[from] Grassy Terrain\n|-heal|p2b: Rillaboom|47\/100 tox|[from] Grassy Terrain\n|-damage|p2a: Weavile|0 fnt|[from] psn\n|faint|p2a: Weavile\n|-damage|p2b: Rillaboom|30\/100 tox|[from] psn\n|upkeep\n|inactive|Shadow Ballers has 30 seconds left.\n|\n|t:|1700352168\n|switch|p2a: Weezing|Weezing-Galar, L50, M, shiny, tera:Water|81\/100\n|switch|p1b: Ogerpon|Ogerpon-Wellspring, L50, F|100\/100\n|-ability|p2a: Weezing|Neutralizing Gas\n|turn|5\n|\n|t:|1700352180\n|switch|p2b: Ceruledge|Ceruledge, L50, M, shiny|100\/100\n|move|p1b: Ogerpon|Spiky Shield|p1b: Ogerpon\n|-singleturn|p1b: Ogerpon|move: Protect\n|move|p1a: Fezandipiti|Icy Wind|p2a: Weezing|[spread] p2a,p2b\n|-resisted|p2a: Weezing\n|-resisted|p2b: Ceruledge\n|-damage|p2a: Weezing|76\/100\n|-damage|p2b: Ceruledge|97\/100\n|-unboost|p2b: Ceruledge|spe|1\n|move|p2a: Weezing|Gyro Ball|p1a: Fezandipiti\n|-supereffective|p1a: Fezandipiti\n|-damage|p1a: Fezandipiti|3\/100\n|\n|-heal|p1a: Fezandipiti|9\/100|[from] Grassy Terrain\n|-heal|p2b: Ceruledge|100\/100|[from] Grassy Terrain\n|-heal|p2a: Weezing|82\/100|[from] Grassy Terrain\n|upkeep\n|turn|6\n|inactive|Shadow Ballers has 30 seconds left.\n|inactive|Shadow Ballers has 20 seconds left.\n|inactive|Shadow Ballers has 15 seconds left.\n|\n|t:|1700352223\n|-terastallize|p1b: Ogerpon|Water\n|detailschange|p1b: Ogerpon|Ogerpon-Wellspring-Tera, L50, F, tera:Water\n|move|p2b: Ceruledge|Protect|p2b: Ceruledge\n|-singleturn|p2b: Ceruledge|Protect\n|move|p1a: Fezandipiti|Roost|p1a: Fezandipiti\n|-heal|p1a: Fezandipiti|59\/100\n|-singleturn|p1a: Fezandipiti|move: Roost\n|move|p1b: Ogerpon|Ivy Cudgel|p2b: Ceruledge|[anim] Ivy Cudgel Water\n|-activate|p2b: Ceruledge|move: Protect\n|move|p2a: Weezing|Gyro Ball|p1a: Fezandipiti\n|-supereffective|p1a: Fezandipiti\n|-damage|p1a: Fezandipiti|16\/100\n|\n|-heal|p1a: Fezandipiti|23\/100|[from] Grassy Terrain\n|-heal|p2a: Weezing|88\/100|[from] Grassy Terrain\n|-fieldend|move: Grassy Terrain\n|upkeep\n|turn|7\n|inactive|AWSiegfried has 30 seconds left.\n|\n|t:|1700352248\n|switch|p2b: Rillaboom|Rillaboom, L50, M, shiny|30\/100 tox\n|move|p1a: Fezandipiti|Roost|p1a: Fezandipiti\n|-heal|p1a: Fezandipiti|73\/100\n|-singleturn|p1a: Fezandipiti|move: Roost\n|move|p1b: Ogerpon|Horn Leech|p2a: Weezing\n|-supereffective|p2a: Weezing\n|-damage|p2a: Weezing|4\/100\n|move|p2a: Weezing|Gyro Ball|p1a: Fezandipiti\n|-supereffective|p1a: Fezandipiti\n|-damage|p1a: Fezandipiti|23\/100\n|\n|-damage|p2b: Rillaboom|24\/100 tox|[from] psn\n|upkeep\n|turn|8\n|\n|t:|1700352266\n|-end|p2a: Weezing|ability: Neutralizing Gas\n|-ability|p1b: Ogerpon|Embody Aspect (Wellspring)|boost\n|-boost|p1b: Ogerpon|spd|1\n|-fieldstart|move: Grassy Terrain|[from] ability: Grassy Surge|[of] p2b: Rillaboom\n|switch|p2a: Ceruledge|Ceruledge, L50, M, shiny|100\/100\n|move|p1b: Ogerpon|Spiky Shield|p1b: Ogerpon\n|-singleturn|p1b: Ogerpon|move: Protect\n|move|p2b: Rillaboom|Grassy Glide|p1b: Ogerpon\n|-activate|p1b: Ogerpon|move: Protect\n|-damage|p2b: Rillaboom|12\/100 tox|[from] Spiky Shield|[of] p1b: Ogerpon\n|move|p1a: Fezandipiti|Roost|p1a: Fezandipiti\n|-heal|p1a: Fezandipiti|73\/100\n|-singleturn|p1a: Fezandipiti|move: Roost\n|\n|-heal|p1a: Fezandipiti|79\/100|[from] Grassy Terrain\n|-heal|p2b: Rillaboom|18\/100 tox|[from] Grassy Terrain\n|-damage|p2b: Rillaboom|6\/100 tox|[from] psn\n|upkeep\n|turn|9\n|inactive|AWSiegfried has 30 seconds left.\n|\n|t:|1700352292\n|move|p2b: Rillaboom|Grassy Glide|p1b: Ogerpon\n|-supereffective|p1b: Ogerpon\n|-damage|p1b: Ogerpon|10\/100\n|move|p2a: Ceruledge|Shadow Sneak|p1b: Ogerpon\n|-damage|p1b: Ogerpon|0 fnt\n|faint|p1b: Ogerpon\n|move|p1a: Fezandipiti|Icy Wind|p2a: Ceruledge|[spread] p2a,p2b\n|-resisted|p2a: Ceruledge\n|-supereffective|p2b: Rillaboom\n|-damage|p2a: Ceruledge|97\/100\n|-damage|p2b: Rillaboom|0 fnt\n|-unboost|p2a: Ceruledge|spe|1\n|faint|p2b: Rillaboom\n|\n|-heal|p1a: Fezandipiti|85\/100|[from] Grassy Terrain\n|-heal|p2a: Ceruledge|100\/100|[from] Grassy Terrain\n|upkeep\n|c|\u2606Shadow Ballers|Gg\n|c|\u2606AWSiegfried|gg\n|\n|t:|1700352310\n|switch|p2b: Weezing|Weezing-Galar, L50, M, shiny, tera:Water|4\/100\n|-ability|p2b: Weezing|Neutralizing Gas\n|-block|p2a: Ceruledge|item: Ability Shield\n|turn|10\n|\n|t:|1700352320\n|move|p1a: Fezandipiti|Dazzling Gleam|p2b: Weezing|[spread] p2a,p2b\n|-resisted|p2a: Ceruledge\n|-damage|p2a: Ceruledge|92\/100\n|-damage|p2b: Weezing|0 fnt\n|faint|p2b: Weezing\n|-end|p2b: Weezing|ability: Neutralizing Gas\n|move|p2a: Ceruledge|Bitter Blade|p1a: Fezandipiti\n|-crit|p1a: Fezandipiti\n|-damage|p1a: Fezandipiti|0 fnt\n|-heal|p2a: Ceruledge|100\/100|[from] drain|[of] p1a: Fezandipiti\n|faint|p1a: Fezandipiti\n|\n|win|Shadow Ballers\n|raw|AWSiegfried's rating: 1328 &rarr; <strong>1304<\/strong><br \/>(-24 for losing)\n|raw|Shadow Ballers's rating: 1266 &rarr; <strong>1295<\/strong><br \/>(+29 for winning)\n|l|\u2606AWSiegfried\n","uploadtime":1700352342,"views":10,"p1id":"awsiegfried","p2id":"shadowballers","formatid":"gen9vgc2023regulatione","rating":1295,"private":0,"password":""}