{"id":"gen9vgc2023regulatione-1991104281","p1":"PokeReplaysVGC","p2":"Casper614","format":"[Gen 9] VGC 2023 Regulation E","log":"|j|\u2606PokeReplaysVGC\n|j|\u2606Casper614\n|t:|1700043527\n|gametype|doubles\n|player|p1|PokeReplaysVGC|lillie|\n|player|p2|Casper614|169|\n|teamsize|p1|6\n|teamsize|p2|6\n|gen|9\n|tier|[Gen 9] VGC 2023 Regulation E\n|rated|Tournament battle\n|rule|Species Clause: Limit one of each Pok\u00e9mon\n|rule|Item Clause: Limit one of each item\n|clearpoke\n|poke|p1|Gholdengo, L50|\n|poke|p1|Tornadus, L50, M|\n|poke|p1|Rillaboom, L50, F|\n|poke|p1|Arcanine-Hisui, L50, F|\n|poke|p1|Urshifu-*, L50, F|\n|poke|p1|Gastrodon-East, L50, M|\n|poke|p2|Dusclops, L50, M|\n|poke|p2|Bellibolt, L50, F|\n|poke|p2|Ting-Lu, L50|\n|poke|p2|Landorus-Therian, L50, M|\n|poke|p2|Dragalge, L50, F|\n|poke|p2|Sinistcha-Masterpiece, L50|\n|teampreview|4\n|showteam|p1|Gholdengo||ChoiceSpecs|GoodasGold|MakeItRain,ShadowBall,Thunderbolt,Psyshock||||||50|,,,,,Steel]Tornadus||RockyHelmet|Prankster|Taunt,Tailwind,BleakwindStorm,Protect|||M|||50|,,,,,Ghost]Rillaboom||AssaultVest|GrassySurge|FakeOut,WoodHammer,GrassyGlide,Uturn|||F|||50|,,,,,Grass]Arcanine-Hisui||ChoiceBand|Intimidate|ExtremeSpeed,RockSlide,FlareBlitz,HeadSmash|||F|||50|,,,,,Normal]Urshifu-Rapid-Strike||ChoiceScarf|UnseenFist|SurgingStrikes,CloseCombat,Uturn,AquaJet|||F|||50|,,,,,Water]Gastrodon-East||Leftovers|StormDrain|EarthPower,IceBeam,Yawn,Protect|||M|||50|,,,,,Fairy\n|showteam|p2|Dusclops||Eviolite|Pressure|TrickRoom,PainSplit,WillOWisp,Haze|||M|||50|,,,,,Dark]Bellibolt||ChoiceSpecs|Electromorphosis|ParabolicCharge,ChillingWater,TeraBlast,VoltSwitch|||F|||50|,,,,,Flying]Ting-Lu||LifeOrb|VesselofRuin|StompingTantrum,RockSlide,LashOut,Protect||||||50|,,,,,Fairy]Landorus-Therian||ChoiceScarf|Intimidate|Uturn,Earthquake,RockSlide,Outrage|||M|||50|,,,,,Dragon]Dragalge||ToxicPlate|Adaptability|DracoMeteor,DragonPulse,SludgeBomb,Protect|||F|||50|,,,,,Dragon]Sinistcha-Masterpiece||SitrusBerry|Hospitality|MatchaGotcha,StrengthSap,RagePowder,TrickRoom||||||50|,,,,,Fire\n|j| Insertable194\n|c|\u2606Casper614|glhf\n|c|\u2606PokeReplaysVGC|u2\n|c|\u2606PokeReplaysVGC|your team is sick\n|j| Burmy_Unite\n|c|\u2606Casper614|thank you\ud83d\ude4f\n|j| Joseph Terastalin\n|c| Insertable194|looks like a bad mu tho for casper\n|j| Leef2\n|c| Insertable194|actually it might be fine\n|\n|t:|1700043603\n|start\n|switch|p1a: Urshifu|Urshifu-Rapid-Strike, L50, F|100\/100\n|switch|p1b: Rillaboom|Rillaboom, L50, F|100\/100\n|switch|p2a: Dusclops|Dusclops, L50, M|100\/100\n|switch|p2b: Dragalge|Dragalge, L50, F|100\/100\n|-fieldstart|move: Grassy Terrain|[from] ability: Grassy Surge|[of] p1b: Rillaboom\n|-ability|p2a: Dusclops|Pressure\n|turn|1\n|\n|t:|1700043617\n|move|p2b: Dragalge|Protect|p2b: Dragalge\n|-singleturn|p2b: Dragalge|Protect\n|move|p1b: Rillaboom|Fake Out|p2b: Dragalge\n|-activate|p2b: Dragalge|move: Protect\n|move|p1a: Urshifu|U-turn|p2a: Dusclops\n|-resisted|p2a: Dusclops\n|-damage|p2a: Dusclops|92\/100\n|\n|t:|1700043621\n|switch|p1a: Gastrodon|Gastrodon-East, L50, M|100\/100|[from] U-turn\n|move|p2a: Dusclops|Trick Room|p2a: Dusclops\n|-fieldstart|move: Trick Room|[of] p2a: Dusclops\n|\n|-heal|p2a: Dusclops|98\/100|[from] Grassy Terrain\n|upkeep\n|turn|2\n|\n|t:|1700043643\n|switch|p1b: Gholdengo|Gholdengo, L50|100\/100\n|-terastallize|p2b: Dragalge|Dragon\n|move|p1a: Gastrodon|Protect|p1a: Gastrodon\n|-singleturn|p1a: Gastrodon|Protect\n|move|p2a: Dusclops|Will-O-Wisp|p1b: Gholdengo\n|-immune|p1b: Gholdengo|[from] ability: Good as Gold\n|move|p2b: Dragalge|Draco Meteor|p1a: Gastrodon\n|-activate|p1a: Gastrodon|move: Protect\n|\n|-heal|p2a: Dusclops|100\/100|[from] Grassy Terrain\n|upkeep\n|turn|3\n|j| Cakestering\n|\n|t:|1700043672\n|-terastallize|p1a: Gastrodon|Fairy\n|move|p2a: Dusclops|Pain Split|p1a: Gastrodon\n|-sethp|p1a: Gastrodon|77\/100|[from] move: Pain Split|[silent]\n|-sethp|p2a: Dusclops|100\/100|[from] move: Pain Split\n|move|p2b: Dragalge|Draco Meteor|p1a: Gastrodon\n|-immune|p1a: Gastrodon\n|move|p1a: Gastrodon|Yawn|p2a: Dusclops\n|-start|p2a: Dusclops|move: Yawn|[of] p1a: Gastrodon\n|move|p1b: Gholdengo|Make It Rain|p2b: Dragalge|[spread] p2a,p2b\n|-damage|p2a: Dusclops|57\/100\n|-damage|p2b: Dragalge|35\/100\n|-unboost|p1b: Gholdengo|spa|1\n|\n|-heal|p2a: Dusclops|63\/100|[from] Grassy Terrain\n|-heal|p2b: Dragalge|41\/100|[from] Grassy Terrain\n|-heal|p1a: Gastrodon|83\/100|[from] Grassy Terrain\n|-heal|p1a: Gastrodon|89\/100|[from] item: Leftovers\n|upkeep\n|turn|4\n|c| Joseph Terastalin|is Tera on Dragalge even worth? You bump the modifier on Dragon from 2 to 2.25, but you lose Adaptability on Poison\n|\n|t:|1700043693\n|switch|p2a: Sinistcha|Sinistcha-Masterpiece, L50|100\/100\n|-heal|p2b: Dragalge|66\/100|[from] ability: Hospitality|[of] p2a: Sinistcha\n|move|p1a: Gastrodon|Protect|p1a: Gastrodon\n|-singleturn|p1a: Gastrodon|Protect\n|move|p2b: Dragalge|Sludge Bomb|p1a: Gastrodon\n|-activate|p1a: Gastrodon|move: Protect\n|move|p1b: Gholdengo|Make It Rain|p2b: Dragalge|[spread] p2a,p2b\n|-damage|p2a: Sinistcha|57\/100\n|-damage|p2b: Dragalge|16\/100\n|-unboost|p1b: Gholdengo|spa|1\n|\n|-heal|p2b: Dragalge|22\/100|[from] Grassy Terrain\n|-heal|p1a: Gastrodon|95\/100|[from] Grassy Terrain\n|-heal|p1a: Gastrodon|100\/100|[from] item: Leftovers\n|-heal|p2a: Sinistcha|63\/100|[from] Grassy Terrain\n|upkeep\n|turn|5\n|c|\u2606Casper614|ugh i\u2019m getting wrecked\n|c| Insertable194|do you lose it though?\n|c| Joseph Terastalin|you do, you just have regular STAB\n|\n|t:|1700043745\n|switch|p1a: Rillaboom|Rillaboom, L50, F|100\/100\n|move|p2b: Dragalge|Sludge Bomb|p1a: Rillaboom\n|-supereffective|p1a: Rillaboom\n|-damage|p1a: Rillaboom|31\/100\n|move|p2a: Sinistcha|Strength Sap|p1a: Rillaboom\n|-unboost|p1a: Rillaboom|atk|1\n|-heal|p2a: Sinistcha|100\/100\n|move|p1b: Gholdengo|Make It Rain|p2b: Dragalge|[spread] p2a,p2b\n|-crit|p2a: Sinistcha\n|-damage|p2a: Sinistcha|4\/100\n|-damage|p2b: Dragalge|0 fnt\n|-unboost|p1b: Gholdengo|spa|1\n|-enditem|p2a: Sinistcha|Sitrus Berry|[eat]\n|-heal|p2a: Sinistcha|29\/100|[from] item: Sitrus Berry\n|faint|p2b: Dragalge\n|\n|-heal|p2a: Sinistcha|35\/100|[from] Grassy Terrain\n|-heal|p1a: Rillaboom|36\/100|[from] Grassy Terrain\n|-fieldend|move: Trick Room\n|-fieldend|move: Grassy Terrain\n|upkeep\n|c|\u2606Casper614|THE CRIT\n|c| Insertable194|yeah you do just checked the calcs\n|c|\u2606PokeReplaysVGC|:(\n|\n|t:|1700043774\n|switch|p2b: Dusclops|Dusclops, L50, M|63\/100\n|-ability|p2b: Dusclops|Pressure\n|turn|6\n|\n|t:|1700043788\n|switch|p1b: Gastrodon|Gastrodon-East, L50, M, tera:Fairy|100\/100\n|move|p2a: Sinistcha|Rage Powder|p2a: Sinistcha\n|-singleturn|p2a: Sinistcha|move: Rage Powder\n|move|p1a: Rillaboom|U-turn|p2a: Sinistcha\n|-damage|p2a: Sinistcha|20\/100\n|\n|t:|1700043794\n|switch|p1a: Gholdengo|Gholdengo, L50|100\/100|[from] U-turn\n|move|p2b: Dusclops|Trick Room|p2b: Dusclops\n|-fieldstart|move: Trick Room|[of] p2b: Dusclops\n|\n|upkeep\n|turn|7\n|c| Joseph Terastalin|The only Adaptability mon I'd Tera is Porygon-Z (into Ghost, Electric or whatever)\n|\n|t:|1700043821\n|switch|p2b: Bellibolt|Bellibolt, L50, F|100\/100\n|move|p1b: Gastrodon|Ice Beam|p2b: Bellibolt\n|-damage|p2b: Bellibolt|82\/100\n|-start|p2b: Bellibolt|Charge|Ice Beam|[from] ability: Electromorphosis\n|move|p2a: Sinistcha|Matcha Gotcha|p1b: Gastrodon|[spread] \n|-miss|p2a: Sinistcha|p1a: Gholdengo\n|-miss|p2a: Sinistcha|p1b: Gastrodon\n|move|p1a: Gholdengo|Make It Rain|p2b: Bellibolt|[spread] p2a,p2b\n|-resisted|p2b: Bellibolt\n|-damage|p2a: Sinistcha|0 fnt\n|-damage|p2b: Bellibolt|46\/100\n|-unboost|p1a: Gholdengo|spa|1\n|-start|p2b: Bellibolt|Charge|Make It Rain|[from] ability: Electromorphosis\n|faint|p2a: Sinistcha\n|\n|upkeep\n|c|\u2606Casper614|wow\u2026\n|c| Joseph Terastalin|the double miss\n|c| Joseph Terastalin|wtf\n|c|\u2606PokeReplaysVGC|ok now i feel bad :(\n|\n|t:|1700043845\n|switch|p2a: Dusclops|Dusclops, L50, M|63\/100\n|-ability|p2a: Dusclops|Pressure\n|turn|8\n|\n|t:|1700043861\n|switch|p1a: Rillaboom|Rillaboom, L50, F|36\/100\n|-fieldstart|move: Grassy Terrain|[from] ability: Grassy Surge|[of] p1a: Rillaboom\n|move|p1b: Gastrodon|Protect|p1b: Gastrodon\n|-singleturn|p1b: Gastrodon|Protect\n|move|p2a: Dusclops|Pain Split|p1b: Gastrodon\n|-activate|p1b: Gastrodon|move: Protect\n|move|p2b: Bellibolt|Parabolic Charge|p1b: Gastrodon|[spread] p2a,p1a\n|-activate|p1b: Gastrodon|move: Protect\n|-resisted|p1a: Rillaboom\n|-damage|p2a: Dusclops|23\/100\n|-heal|p2b: Bellibolt|57\/100|[from] drain|[of] p2a: Dusclops\n|-damage|p1a: Rillaboom|10\/100\n|-heal|p2b: Bellibolt|70\/100|[from] drain|[of] p1a: Rillaboom\n|-end|p2b: Bellibolt|Charge|[silent]\n|\n|-heal|p2a: Dusclops|29\/100|[from] Grassy Terrain\n|-heal|p2b: Bellibolt|77\/100|[from] Grassy Terrain\n|-heal|p1a: Rillaboom|16\/100|[from] Grassy Terrain\n|upkeep\n|turn|9\n|\n|t:|1700043913\n|move|p1a: Rillaboom|Fake Out|p2b: Bellibolt\n|-damage|p2b: Bellibolt|62\/100\n|-start|p2b: Bellibolt|Charge|Fake Out|[from] ability: Electromorphosis\n|move|p2a: Dusclops|Pain Split|p1a: Rillaboom\n|-sethp|p1a: Rillaboom|16\/100|[from] move: Pain Split|[silent]\n|-sethp|p2a: Dusclops|28\/100|[from] move: Pain Split\n|cant|p2b: Bellibolt|flinch\n|-end|p2b: Bellibolt|Charge|[silent]\n|move|p1b: Gastrodon|Earth Power|p2b: Bellibolt\n|-supereffective|p2b: Bellibolt\n|-damage|p2b: Bellibolt|2\/100\n|-unboost|p2b: Bellibolt|spd|1\n|-start|p2b: Bellibolt|Charge|Earth Power|[from] ability: Electromorphosis\n|\n|-heal|p2a: Dusclops|34\/100|[from] Grassy Terrain\n|-heal|p2b: Bellibolt|8\/100|[from] Grassy Terrain\n|-heal|p1a: Rillaboom|22\/100|[from] Grassy Terrain\n|upkeep\n|turn|10\n|\n|t:|1700043941\n|move|p1a: Rillaboom|Grassy Glide|p2b: Bellibolt\n|-damage|p2b: Bellibolt|0 fnt\n|faint|p2b: Bellibolt\n|move|p2a: Dusclops|Will-O-Wisp|p1a: Rillaboom\n|-status|p1a: Rillaboom|brn\n|move|p1b: Gastrodon|Yawn|p2a: Dusclops\n|-start|p2a: Dusclops|move: Yawn|[of] p1b: Gastrodon\n|\n|-heal|p2a: Dusclops|40\/100|[from] Grassy Terrain\n|-heal|p1a: Rillaboom|28\/100 brn|[from] Grassy Terrain\n|-damage|p1a: Rillaboom|22\/100 brn|[from] brn\n|-fieldend|move: Trick Room\n|upkeep\n|turn|11\n|c|\u2606Casper614|gg \ud83d\ude2d\n|c|\u2606Casper614|should\u2019ve brought ting lu\n|c|\u2606PokeReplaysVGC|ggs wp\n|l| Joseph Terastalin\n|\n|t:|1700043963\n|switch|p1a: Gholdengo|Gholdengo, L50|100\/100\n|move|p1b: Gastrodon|Earth Power|p2a: Dusclops\n|-damage|p2a: Dusclops|19\/100\n|move|p2a: Dusclops|Pain Split|p1b: Gastrodon\n|-sethp|p1b: Gastrodon|56\/100|[from] move: Pain Split|[silent]\n|-sethp|p2a: Dusclops|100\/100|[from] move: Pain Split\n|\n|-heal|p1b: Gastrodon|62\/100|[from] Grassy Terrain\n|-heal|p1b: Gastrodon|68\/100|[from] item: Leftovers\n|-end|p2a: Dusclops|move: Yawn|[silent]\n|-status|p2a: Dusclops|slp\n|upkeep\n|turn|12\n|\n|t:|1700043972\n|move|p1a: Gholdengo|Shadow Ball|p2a: Dusclops\n|-supereffective|p2a: Dusclops\n|-damage|p2a: Dusclops|13\/100 slp\n|move|p1b: Gastrodon|Earth Power|p2a: Dusclops\n|-damage|p2a: Dusclops|0 fnt\n|faint|p2a: Dusclops\n|\n|win|PokeReplaysVGC\n|n|\u2606PokeReplaysVGC|pokereplaysvgc\n|n|\u2606Casper614|casper614\n|n| Insertable194|insertable194\n|n| Burmy_Unite|burmyunite\n|n| Leef2|leef2\n|n| Cakestering|cakestering\n","uploadtime":1700043973,"views":11,"p1id":"pokereplaysvgc","p2id":"casper614","formatid":"gen9vgc2023regulatione","rating":0,"private":0,"password":""}