{"id":"gen9vgc2023regulatione-1992909978","p1":"JustCallMeIrish","p2":"XtellyX","format":"[Gen 9] VGC 2023 Regulation E","log":"|j|\u2606JustCallMeIrish\n|j|\u2606XtellyX\n|t:|1700246001\n|gametype|doubles\n|player|p1|JustCallMeIrish|colress|1093\n|player|p2|XtellyX|265|1092\n|teamsize|p1|6\n|teamsize|p2|6\n|gen|9\n|tier|[Gen 9] VGC 2023 Regulation E\n|rated|\n|rule|Species Clause: Limit one of each Pok\u00e9mon\n|rule|Item Clause: Limit one of each item\n|clearpoke\n|poke|p1|Iron Hands, L50|\n|poke|p1|Landorus-Therian, L50, M|\n|poke|p1|Chien-Pao, L50|\n|poke|p1|Tauros-Paldea-Blaze, L50, M|\n|poke|p1|Meowscarada, L50, M|\n|poke|p1|Sinistcha-Masterpiece, L50|\n|poke|p2|Regidrago, L50|\n|poke|p2|Heatran, L50, F|\n|poke|p2|Chien-Pao, L50|\n|poke|p2|Gyarados, L50, F|\n|poke|p2|Clefairy, L50, M|\n|poke|p2|Grimmsnarl, L50, M|\n|teampreview|4\n|inactive|Battle timer is ON: inactive players will automatically lose when time's up. (requested by XtellyX)\n|\n|t:|1700246018\n|start\n|switch|p1a: Tauros|Tauros-Paldea-Blaze, L50, M|100\/100\n|switch|p1b: Meowscarada|Meowscarada, L50, M|100\/100\n|switch|p2a: Grimmsnarl|Grimmsnarl, L50, M, shiny|100\/100\n|switch|p2b: Chien-Pao|Chien-Pao, L50|100\/100\n|-ability|p2b: Chien-Pao|Sword of Ruin\n|turn|1\n|\n|t:|1700246035\n|move|p2b: Chien-Pao|Protect|p2b: Chien-Pao\n|-singleturn|p2b: Chien-Pao|Protect\n|move|p2a: Grimmsnarl|Fake Out|p1b: Meowscarada\n|-damage|p1b: Meowscarada|77\/100\n|cant|p1b: Meowscarada|flinch\n|move|p1a: Tauros|Raging Bull|p2b: Chien-Pao\n|-activate|p2b: Chien-Pao|move: Protect\n|\n|upkeep\n|turn|2\n|inactive|XtellyX has 30 seconds left.\n|\n|t:|1700246065\n|switch|p2b: Gyarados|Gyarados, L50, F, shiny|100\/100\n|-ability|p2b: Gyarados|Intimidate|boost\n|-unboost|p1a: Tauros|atk|1\n|-enditem|p1a: Tauros|Adrenaline Orb\n|-boost|p1a: Tauros|spe|1|[from] item: Adrenaline Orb\n|-unboost|p1b: Meowscarada|atk|1\n|move|p2a: Grimmsnarl|Reflect|p2a: Grimmsnarl\n|-sidestart|p2: XtellyX|Reflect\n|move|p1b: Meowscarada|Flower Trick|p1a: Tauros\n|-start|p1b: Meowscarada|typechange|Grass|[from] ability: Protean\n|-resisted|p1a: Tauros\n|-crit|p1a: Tauros\n|-damage|p1a: Tauros|80\/100\n|-setboost|p1a: Tauros|atk|6|[from] ability: Anger Point\n|move|p1a: Tauros|Raging Bull|p2b: Gyarados\n|-sideend|p2: XtellyX|Reflect\n|-resisted|p2b: Gyarados\n|-damage|p2b: Gyarados|22\/100\n|-damage|p1a: Tauros|63\/100|[from] item: Rocky Helmet|[of] p2b: Gyarados\n|\n|upkeep\n|turn|3\n|inactive|JustCallMeIrish has 30 seconds left.\n|inactive|XtellyX has 30 seconds left.\n|inactive|XtellyX has 20 seconds left.\n|\n|t:|1700246104\n|move|p2a: Grimmsnarl|Parting Shot|p1a: Tauros\n|-unboost|p1a: Tauros|atk|1\n|-unboost|p1a: Tauros|spa|1\n|\n|t:|1700246110\n|switch|p2a: Heatran|Heatran, L50, F, shiny|100\/100|[from] Parting Shot\n|move|p1b: Meowscarada|Flower Trick|p2b: Gyarados\n|-crit|p2b: Gyarados\n|-damage|p2b: Gyarados|0 fnt\n|faint|p2b: Gyarados\n|move|p1a: Tauros|Raging Bull|p2a: Heatran\n|-start|p2a: Heatran|ability: Flash Fire\n|\n|upkeep\n|\n|t:|1700246123\n|switch|p2b: Chien-Pao|Chien-Pao, L50|100\/100\n|-ability|p2b: Chien-Pao|Sword of Ruin\n|turn|4\n|\n|t:|1700246135\n|switch|p1b: Landorus|Landorus-Therian, L50, M|100\/100\n|-ability|p1b: Landorus|Intimidate|boost\n|-unboost|p2a: Heatran|atk|1\n|-unboost|p2b: Chien-Pao|atk|1\n|move|p2b: Chien-Pao|Protect|p2b: Chien-Pao\n|-singleturn|p2b: Chien-Pao|Protect\n|move|p1a: Tauros|Close Combat|p2a: Heatran\n|-supereffective|p2a: Heatran\n|-damage|p2a: Heatran|0 fnt\n|-unboost|p1a: Tauros|def|1\n|-unboost|p1a: Tauros|spd|1\n|faint|p2a: Heatran\n|\n|upkeep\n|\n|t:|1700246145\n|switch|p2a: Grimmsnarl|Grimmsnarl, L50, M, shiny|100\/100\n|turn|5\n|\n|t:|1700246169\n|switch|p1b: Meowscarada|Meowscarada, L50, M|77\/100\n|move|p1a: Tauros|Protect|p1a: Tauros\n|-singleturn|p1a: Tauros|Protect\n|move|p2a: Grimmsnarl|Fake Out|p1a: Tauros\n|-activate|p1a: Tauros|move: Protect\n|move|p2b: Chien-Pao|Ice Spinner|p1b: Meowscarada\n|-supereffective|p1b: Meowscarada\n|-damage|p1b: Meowscarada|0 fnt\n|faint|p1b: Meowscarada\n|\n|upkeep\n|\n|t:|1700246178\n|switch|p1b: Landorus|Landorus-Therian, L50, M|100\/100\n|-ability|p1b: Landorus|Intimidate|boost\n|-unboost|p2a: Grimmsnarl|atk|1\n|-unboost|p2b: Chien-Pao|atk|1\n|turn|6\n|\n|t:|1700246192\n|move|p2a: Grimmsnarl|Reflect|p2a: Grimmsnarl\n|-sidestart|p2: XtellyX|Reflect\n|move|p1a: Tauros|Raging Bull|p2a: Grimmsnarl\n|-sideend|p2: XtellyX|Reflect\n|-damage|p2a: Grimmsnarl|0 fnt\n|faint|p2a: Grimmsnarl\n|move|p2b: Chien-Pao|Ice Spinner|p1b: Landorus\n|-supereffective|p1b: Landorus\n|-damage|p1b: Landorus|0 fnt\n|faint|p1b: Landorus\n|\n|upkeep\n|\n|t:|1700246199\n|switch|p1b: Iron Hands|Iron Hands, L50|100\/100\n|turn|7\n|\n|t:|1700246207\n|move|p2b: Chien-Pao|Protect|p2b: Chien-Pao\n|-singleturn|p2b: Chien-Pao|Protect\n|move|p1a: Tauros|Raging Bull|p2b: Chien-Pao\n|-activate|p2b: Chien-Pao|move: Protect\n|move|p1b: Iron Hands|Drain Punch|p2b: Chien-Pao\n|-activate|p2b: Chien-Pao|move: Protect\n|\n|upkeep\n|turn|8\n|\n|t:|1700246222\n|-terastallize|p2b: Chien-Pao|Ghost\n|move|p1a: Tauros|Raging Bull|p2b: Chien-Pao\n|-enditem|p2b: Chien-Pao|Focus Sash\n|-damage|p2b: Chien-Pao|1\/100\n|move|p2b: Chien-Pao|Throat Chop|p1a: Tauros\n|-resisted|p1a: Tauros\n|-damage|p1a: Tauros|43\/100\n|-start|p1a: Tauros|Throat Chop|[silent]\n|move|p1b: Iron Hands|Drain Punch|p2b: Chien-Pao\n|-immune|p2b: Chien-Pao\n|\n|upkeep\n|turn|9\n|\n|t:|1700246244\n|move|p2b: Chien-Pao|Protect|p2b: Chien-Pao\n|-singleturn|p2b: Chien-Pao|Protect\n|move|p1a: Tauros|Raging Bull|p2b: Chien-Pao\n|-activate|p2b: Chien-Pao|move: Protect\n|move|p1b: Iron Hands|Heavy Slam|p2b: Chien-Pao\n|-activate|p2b: Chien-Pao|move: Protect\n|\n|-end|p1a: Tauros|Throat Chop|[silent]\n|upkeep\n|turn|10\n|\n|t:|1700246252\n|move|p1a: Tauros|Raging Bull|p2b: Chien-Pao\n|-damage|p2b: Chien-Pao|0 fnt\n|faint|p2b: Chien-Pao\n|\n|win|JustCallMeIrish\n|raw|JustCallMeIrish's rating: 1093 &rarr; <strong>1119<\/strong><br \/>(+26 for winning)\n|raw|XtellyX's rating: 1092 &rarr; <strong>1068<\/strong><br \/>(-24 for losing)\n|l|\u2606XtellyX\n","uploadtime":1700246261,"views":17,"p1id":"justcallmeirish","p2id":"xtellyx","formatid":"gen9vgc2023regulatione","rating":1068,"private":0,"password":""}