{"id":"gen9vgc2023regulatione-1990847297","p1":"Helo1","p2":"Steve9999","format":"[Gen 9] VGC 2023 Regulation E","log":"|j|\u2606Helo1\n|j|\u2606Steve9999\n|t:|1700007114\n|gametype|doubles\n|player|p1|Helo1|hilda|1292\n|player|p2|Steve9999|266|1277\n|teamsize|p1|6\n|teamsize|p2|6\n|gen|9\n|tier|[Gen 9] VGC 2023 Regulation E\n|rated|\n|rule|Species Clause: Limit one of each Pok\u00e9mon\n|rule|Item Clause: Limit one of each item\n|clearpoke\n|poke|p1|Sableye, L50, F|\n|poke|p1|Gholdengo, L50|\n|poke|p1|Ogerpon-Wellspring, L50, F|\n|poke|p1|Iron Hands, L50|\n|poke|p1|Landorus-Therian, L50, M|\n|poke|p1|Rotom-Heat, L50|\n|poke|p2|Urshifu-*, L50, F|\n|poke|p2|Iron Hands, L50|\n|poke|p2|Chien-Pao, L50|\n|poke|p2|Tornadus, L50, M|\n|poke|p2|Gholdengo, L50|\n|poke|p2|Arcanine-Hisui, L50, F|\n|teampreview|4\n|inactive|Battle timer is ON: inactive players will automatically lose when time's up. (requested by Helo1)\n|inactive|Steve9999 has 60 seconds left.\n|\n|t:|1700007160\n|start\n|switch|p1a: Worse Incin|Landorus-Therian, L50, M|100\/100\n|switch|p1b: Rotom-Stove|Rotom-Heat, L50|100\/100\n|switch|p2a: Tornadus|Tornadus, L50, M|100\/100\n|switch|p2b: Chien-Pao|Chien-Pao, L50|100\/100\n|-ability|p1a: Worse Incin|Intimidate|boost\n|-unboost|p2a: Tornadus|atk|1\n|-unboost|p2b: Chien-Pao|atk|1\n|-ability|p2b: Chien-Pao|Sword of Ruin\n|turn|1\n|inactive|Steve9999 has 30 seconds left.\n|\n|t:|1700007191\n|switch|p1a: Great Hands|Iron Hands, L50|100\/100\n|-terastallize|p2b: Chien-Pao|Ghost\n|move|p2a: Tornadus|Tailwind|p2a: Tornadus\n|-sidestart|p2: Steve9999|move: Tailwind\n|move|p2b: Chien-Pao|Ice Spinner|p1a: Great Hands\n|-crit|p1a: Great Hands\n|-damage|p1a: Great Hands|53\/100\n|move|p1b: Rotom-Stove|Volt Switch|p2a: Tornadus\n|-supereffective|p2a: Tornadus\n|-damage|p2a: Tornadus|19\/100\n|\n|t:|1700007206\n|switch|p1b: Worse Incin|Landorus-Therian, L50, M|100\/100|[from] Volt Switch\n|-ability|p1b: Worse Incin|Intimidate|boost\n|-unboost|p2a: Tornadus|atk|1\n|-unboost|p2b: Chien-Pao|atk|1\n|\n|upkeep\n|turn|2\n|inactive|Steve9999 has 30 seconds left.\n|inactive|Steve9999 has 20 seconds left.\n|\n|t:|1700007246\n|switch|p2b: Arcanine|Arcanine-Hisui, L50, F, shiny|100\/100\n|-ability|p2b: Arcanine|Intimidate|boost\n|-unboost|p1a: Great Hands|atk|1\n|-unboost|p1b: Worse Incin|atk|1\n|move|p2a: Tornadus|Bleakwind Storm|p1a: Great Hands|[spread] p1a,p1b\n|-damage|p1a: Great Hands|25\/100\n|-damage|p1b: Worse Incin|36\/100\n|move|p1b: Worse Incin|U-turn|p2a: Tornadus\n|-resisted|p2a: Tornadus\n|-damage|p2a: Tornadus|7\/100\n|\n|t:|1700007256\n|switch|p1b: It's Oger Time|Ogerpon-Wellspring, L50, F|100\/100|[from] U-turn\n|move|p1a: Great Hands|Wild Charge|p2b: Arcanine\n|-damage|p2b: Arcanine|60\/100\n|-damage|p1a: Great Hands|17\/100|[from] Recoil\n|\n|upkeep\n|turn|3\n|inactive|Helo1 has 30 seconds left.\n|\n|t:|1700007284\n|move|p1b: It's Oger Time|Spiky Shield|p1b: It's Oger Time\n|-singleturn|p1b: It's Oger Time|move: Protect\n|move|p2a: Tornadus|Bleakwind Storm|p1b: It's Oger Time|[spread] p1a\n|-activate|p1b: It's Oger Time|move: Protect\n|-damage|p1a: Great Hands|0 fnt\n|faint|p1a: Great Hands\n|-end|p1a: Great Hands|Quark Drive|[silent]\n|move|p2b: Arcanine|Rock Slide|p1b: It's Oger Time\n|-activate|p1b: It's Oger Time|move: Protect\n|\n|upkeep\n|\n|t:|1700007293\n|switch|p1a: Worse Incin|Landorus-Therian, L50, M|36\/100\n|-ability|p1a: Worse Incin|Intimidate|boost\n|-unboost|p2a: Tornadus|atk|1\n|-unboost|p2b: Arcanine|atk|1\n|turn|4\n|\n|t:|1700007306\n|-terastallize|p1b: It's Oger Time|Water\n|detailschange|p1b: It's Oger Time|Ogerpon-Wellspring-Tera, L50, F, tera:Water\n|-ability|p1b: It's Oger Time|Embody Aspect (Wellspring)|boost\n|-boost|p1b: It's Oger Time|spd|1\n|move|p2a: Tornadus|Bleakwind Storm|p1b: It's Oger Time|[spread] p1a,p1b\n|-damage|p1a: Worse Incin|0 fnt\n|-damage|p1b: It's Oger Time|67\/100\n|-unboost|p1b: It's Oger Time|spe|1\n|faint|p1a: Worse Incin\n|move|p2b: Arcanine|Rock Slide|p1b: It's Oger Time\n|-damage|p1b: It's Oger Time|14\/100\n|cant|p1b: It's Oger Time|flinch\n|\n|-sideend|p2: Steve9999|move: Tailwind\n|upkeep\n|\n|t:|1700007314\n|switch|p1a: Rotom-Stove|Rotom-Heat, L50|100\/100\n|turn|5\n|\n|t:|1700007328\n|move|p2a: Tornadus|Tailwind|p2a: Tornadus\n|-sidestart|p2: Steve9999|move: Tailwind\n|move|p2b: Arcanine|Rock Slide|p1a: Rotom-Stove|[spread] p1a,p1b\n|-supereffective|p1a: Rotom-Stove\n|-damage|p1a: Rotom-Stove|39\/100\n|-damage|p1b: It's Oger Time|0 fnt\n|-enditem|p1a: Rotom-Stove|Sitrus Berry|[eat]\n|-heal|p1a: Rotom-Stove|64\/100|[from] item: Sitrus Berry\n|faint|p1b: It's Oger Time\n|move|p1a: Rotom-Stove|Thunderbolt|p2b: Arcanine\n|-damage|p2b: Arcanine|10\/100\n|\n|upkeep\n|turn|6\n|\n|t:|1700007342\n|move|p2a: Tornadus|Bleakwind Storm|p1a: Rotom-Stove\n|-resisted|p1a: Rotom-Stove\n|-damage|p1a: Rotom-Stove|28\/100\n|-unboost|p1a: Rotom-Stove|spe|1\n|move|p2b: Arcanine|Rock Slide|p1a: Rotom-Stove|[miss]\n|-miss|p2b: Arcanine|p1a: Rotom-Stove\n|move|p1a: Rotom-Stove|Overheat|p2b: Arcanine\n|-resisted|p2b: Arcanine\n|-damage|p2b: Arcanine|0 fnt\n|-unboost|p1a: Rotom-Stove|spa|2\n|faint|p2b: Arcanine\n|\n|upkeep\n|-message|Helo1 forfeited.\n|\n|win|Steve9999\n|raw|Helo1's rating: 1292 &rarr; <strong>1266<\/strong><br \/>(-26 for losing)\n|raw|Steve9999's rating: 1277 &rarr; <strong>1303<\/strong><br \/>(+26 for winning)\n|l|\u2606Helo1\n","uploadtime":1700007357,"views":12,"p1id":"helo1","p2id":"steve9999","formatid":"gen9vgc2023regulatione","rating":1266,"private":0,"password":""}