{"id":"gen9vgc2023regulatione-1993564652","p1":"cb-sooner","p2":"Jard13255","format":"[Gen 9] VGC 2023 Regulation E","log":"|j|\u2606cb-sooner\n|j|\u2606Jard13255\n|n|\u2606cb-sooner|cbsooner\n|n|\u2606Jard13255|jard13255\n|html|View the match progress at <a href=\"\/game-bestof3-gen9vgc2023regulatione-1993561057\">game-bestof3-gen9vgc2023regulatione-1993561057<\/a>\n|t:|1700332280\n|gametype|doubles\n|player|p1|cb-sooner|lucas|\n|player|p2|Jard13255|102|\n|teamsize|p1|6\n|teamsize|p2|6\n|gen|9\n|tier|[Gen 9] VGC 2023 Regulation E\n|rule|Species Clause: Limit one of each Pok\u00e9mon\n|rule|Item Clause: Limit one of each item\n|clearpoke\n|poke|p1|Urshifu-*, L50, F|\n|poke|p1|Iron Bundle, L50|\n|poke|p1|Landorus-Therian, L50, M|\n|poke|p1|Sylveon, L50, M|\n|poke|p1|Ogerpon-Hearthflame, L50, F|\n|poke|p1|Tornadus, L50, M|\n|poke|p2|Gyarados, L50, F|\n|poke|p2|Garganacl, L50, M|\n|poke|p2|Sinistcha, L50|\n|poke|p2|Iron Hands, L50|\n|poke|p2|Grimmsnarl, L50, M|\n|poke|p2|Glimmora, L50, M|\n|teampreview|4\n|\n|t:|1700332330\n|start\n|switch|p1a: Pengy|Iron Bundle, L50|100\/100\n|switch|p1b: Carsoro|Ogerpon-Hearthflame, L50, F|100\/100\n|switch|p2a: Grimmsnarl|Grimmsnarl, L50, M|100\/100\n|switch|p2b: Garganacl|Garganacl, L50, M|100\/100\n|-ability|p1b: Carsoro|Mold Breaker\n|-enditem|p1a: Pengy|Booster Energy\n|-activate|p1a: Pengy|ability: Quark Drive|[fromitem]\n|-start|p1a: Pengy|quarkdrivespe\n|turn|1\n|\n|t:|1700332371\n|-terastallize|p1b: Carsoro|Fire\n|detailschange|p1b: Carsoro|Ogerpon-Hearthflame-Tera, L50, F, tera:Fire\n|-ability|p1b: Carsoro|Embody Aspect (Hearthflame)|boost\n|-boost|p1b: Carsoro|atk|1\n|move|p2b: Garganacl|Protect|p2b: Garganacl\n|-singleturn|p2b: Garganacl|Protect\n|move|p2a: Grimmsnarl|Parting Shot|p1b: Carsoro\n|-unboost|p1b: Carsoro|atk|1\n|-unboost|p1b: Carsoro|spa|1\n|\n|t:|1700332382\n|switch|p2a: Glimmora|Glimmora, L50, M|100\/100|[from] Parting Shot\n|move|p1a: Pengy|Hydro Pump|p2b: Garganacl\n|-activate|p2b: Garganacl|move: Protect\n|move|p1b: Carsoro|Horn Leech|p2b: Garganacl\n|-activate|p2b: Garganacl|move: Protect\n|\n|upkeep\n|turn|2\n|\n|t:|1700332437\n|switch|p1b: Knucle Joe|Urshifu, L50, F|100\/100\n|-terastallize|p2a: Glimmora|Grass\n|move|p1a: Pengy|Protect|p1a: Pengy\n|-singleturn|p1a: Pengy|Protect\n|move|p2a: Glimmora|Power Gem|p1a: Pengy\n|-activate|p1a: Pengy|move: Protect\n|move|p2b: Garganacl|Stealth Rock|p1a: Pengy\n|-sidestart|p1: cb-sooner|move: Stealth Rock\n|\n|upkeep\n|turn|3\n|\n|t:|1700332489\n|switch|p2b: Gyarados|Gyarados, L50, F|100\/100\n|-ability|p2b: Gyarados|Intimidate|boost\n|-unboost|p1a: Pengy|atk|1\n|-unboost|p1b: Knucle Joe|atk|1\n|move|p1a: Pengy|Freeze-Dry|p2a: Glimmora\n|-supereffective|p2a: Glimmora\n|-damage|p2a: Glimmora|52\/100\n|move|p1b: Knucle Joe|Close Combat|p2b: Gyarados\n|-resisted|p2b: Gyarados\n|-damage|p2b: Gyarados|83\/100\n|-unboost|p1b: Knucle Joe|def|1\n|-unboost|p1b: Knucle Joe|spd|1\n|move|p2a: Glimmora|Mortal Spin|p1b: Knucle Joe|[spread] p1a,p1b\n|-damage|p1a: Pengy|95\/100\n|-damage|p1b: Knucle Joe|93\/100\n|-status|p1a: Pengy|psn\n|-status|p1b: Knucle Joe|psn\n|\n|-damage|p1a: Pengy|83\/100 psn|[from] psn\n|-damage|p1b: Knucle Joe|81\/100 psn|[from] psn\n|upkeep\n|turn|4\n|\n|t:|1700332525\n|move|p2b: Gyarados|Protect|p2b: Gyarados\n|-singleturn|p2b: Gyarados|Protect\n|move|p1a: Pengy|Freeze-Dry|p2b: Gyarados\n|-activate|p2b: Gyarados|move: Protect\n|move|p1b: Knucle Joe|Wicked Blow|p2a: Glimmora\n|-crit|p2a: Glimmora\n|-damage|p2a: Glimmora|0 fnt\n|-activate|p2a: Glimmora|ability: Toxic Debris\n|-sidestart|p1: cb-sooner|move: Toxic Spikes\n|faint|p2a: Glimmora\n|\n|-damage|p1a: Pengy|71\/100 psn|[from] psn\n|-damage|p1b: Knucle Joe|68\/100 psn|[from] psn\n|upkeep\n|\n|t:|1700332542\n|switch|p2a: Grimmsnarl|Grimmsnarl, L50, M|100\/100\n|turn|5\n|\n|t:|1700332572\n|switch|p2b: Garganacl|Garganacl, L50, M|100\/100\n|move|p2a: Grimmsnarl|Light Screen|p2a: Grimmsnarl\n|-sidestart|p2: Jard13255|move: Light Screen\n|move|p1a: Pengy|Freeze-Dry|p2b: Garganacl\n|-damage|p2b: Garganacl|82\/100\n|move|p1b: Knucle Joe|Wicked Blow|p2b: Garganacl\n|-crit|p2b: Garganacl\n|-damage|p2b: Garganacl|42\/100\n|\n|-heal|p2b: Garganacl|47\/100|[from] item: Leftovers\n|-damage|p1a: Pengy|59\/100 psn|[from] psn\n|-damage|p1b: Knucle Joe|56\/100 psn|[from] psn\n|upkeep\n|turn|6\n|\n|t:|1700332606\n|move|p2b: Garganacl|Protect|p2b: Garganacl\n|-singleturn|p2b: Garganacl|Protect\n|move|p1a: Pengy|Freeze-Dry|p2b: Garganacl\n|-activate|p2b: Garganacl|move: Protect\n|move|p1b: Knucle Joe|Wicked Blow|p2b: Garganacl\n|-crit|p2b: Garganacl\n|-damage|p2b: Garganacl|8\/100\n|move|p2a: Grimmsnarl|Spirit Break|p1b: Knucle Joe\n|-supereffective|p1b: Knucle Joe\n|-damage|p1b: Knucle Joe|0 fnt\n|faint|p1b: Knucle Joe\n|\n|-heal|p2b: Garganacl|14\/100|[from] item: Leftovers\n|-damage|p1a: Pengy|46\/100 psn|[from] psn\n|upkeep\n|\n|t:|1700332649\n|switch|p1b: Carsoro|Ogerpon-Hearthflame-Tera, L50, F, tera:Fire|100\/100\n|-damage|p1b: Carsoro|76\/100|[from] Stealth Rock\n|-status|p1b: Carsoro|psn\n|-ability|p1b: Carsoro|Embody Aspect (Hearthflame)|boost\n|-boost|p1b: Carsoro|atk|1\n|turn|7\n|\n|t:|1700332663\n|switch|p2b: Gyarados|Gyarados, L50, F|83\/100\n|-ability|p2b: Gyarados|Intimidate|boost\n|-unboost|p1a: Pengy|atk|1\n|-unboost|p1b: Carsoro|atk|1\n|move|p2a: Grimmsnarl|Parting Shot|p1b: Carsoro\n|-unboost|p1b: Carsoro|atk|1\n|-unboost|p1b: Carsoro|spa|1\n|\n|t:|1700332672\n|switch|p2a: Garganacl|Garganacl, L50, M|14\/100|[from] Parting Shot\n|move|p1a: Pengy|Freeze-Dry|p2b: Gyarados\n|-supereffective|p2b: Gyarados\n|-damage|p2b: Gyarados|0 fnt\n|faint|p2b: Gyarados\n|move|p1b: Carsoro|Ivy Cudgel|p2a: Garganacl|[anim] Ivy Cudgel Fire\n|-resisted|p2a: Garganacl\n|-damage|p2a: Garganacl|0 fnt\n|faint|p2a: Garganacl\n|\n|-damage|p1a: Pengy|34\/100 psn|[from] psn\n|-damage|p1b: Carsoro|64\/100 psn|[from] psn\n|upkeep\n|\n|t:|1700332688\n|switch|p2a: Grimmsnarl|Grimmsnarl, L50, M|100\/100\n|turn|8\n|-message|Jard13255 forfeited.\n|\n|win|cb-sooner\n","uploadtime":1700332756,"views":13,"p1id":"cbsooner","p2id":"jard13255","formatid":"gen9vgc2023regulatione","rating":0,"private":0,"password":""}