{"id":"gen9vgc2023regulatione-1991764728","p1":"Talonfreeze23","p2":"pelipperislandxoo","format":"[Gen 9] VGC 2023 Regulation E","log":"|j|\u2606Talonfreeze23\n|j|\u2606pelipperislandxoo\n|t:|1700113211\n|gametype|doubles\n|player|p1|Talonfreeze23|102|1154\n|player|p2|pelipperislandxoo|101|1140\n|teamsize|p1|6\n|teamsize|p2|6\n|gen|9\n|tier|[Gen 9] VGC 2023 Regulation E\n|rated|\n|rule|Species Clause: Limit one of each Pok\u00e9mon\n|rule|Item Clause: Limit one of each item\n|clearpoke\n|poke|p1|Jumpluff, L50, F|\n|poke|p1|Sawsbuck, L50, M|\n|poke|p1|Brambleghast, L50, M|\n|poke|p1|Glimmora, L50, F|\n|poke|p1|Empoleon, L50, F|\n|poke|p1|Iron Hands, L50|\n|poke|p2|Ceruledge, L50, F|\n|poke|p2|Rillaboom, L50, M|\n|poke|p2|Farigiraf, L50, F|\n|poke|p2|Clodsire, L50, F|\n|poke|p2|Urshifu-*, L50, F|\n|poke|p2|Sylveon, L50, F|\n|teampreview|4\n|inactive|Battle timer is ON: inactive players will automatically lose when time's up. (requested by pelipperislandxoo)\n|\n|t:|1700113240\n|start\n|switch|p1a: Jumpluff|Jumpluff, L50, F|100\/100\n|switch|p1b: Glimmora|Glimmora, L50, F|100\/100\n|switch|p2a: Ceruledge|Ceruledge, L50, F|100\/100\n|switch|p2b: Farigiraf|Farigiraf, L50, F|100\/100\n|turn|1\n|inactive|Talonfreeze23 has 30 seconds left.\n|inactive|pelipperislandxoo has 30 seconds left.\n|inactive|Talonfreeze23 has 20 seconds left.\n|inactive|Talonfreeze23 has 15 seconds left.\n|inactive|Talonfreeze23 has 10 seconds left.\n|\n|t:|1700113286\n|-terastallize|p2a: Ceruledge|Grass\n|-terastallize|p1b: Glimmora|Grass\n|move|p1a: Jumpluff|Encore||[still]\n|-fail|p1a: Jumpluff\n|move|p2a: Ceruledge|Bitter Blade|p1a: Jumpluff\n|-supereffective|p1a: Jumpluff\n|-damage|p1a: Jumpluff|0 fnt\n|faint|p1a: Jumpluff\n|move|p1b: Glimmora|Power Gem|p2a: Ceruledge\n|-damage|p2a: Ceruledge|62\/100\n|move|p2b: Farigiraf|Skill Swap|p1b: Glimmora\n|-activate|p2b: Farigiraf|move: Skill Swap|Toxic Debris|Sap Sipper|[of] p1b: Glimmora\n|\n|upkeep\n|\n|t:|1700113303\n|switch|p1a: Sawsbuck|Sawsbuck, L50, M|100\/100\n|turn|2\n|\n|t:|1700113324\n|switch|p2b: Clodsire|Clodsire, L50, F, shiny|100\/100\n|move|p1a: Sawsbuck|Protect|p1a: Sawsbuck\n|-singleturn|p1a: Sawsbuck|Protect\n|move|p2a: Ceruledge|Bitter Blade|p1b: Glimmora\n|-supereffective|p1b: Glimmora\n|-damage|p1b: Glimmora|0 fnt\n|-heal|p2a: Ceruledge|100\/100|[from] drain|[of] p1b: Glimmora\n|faint|p1b: Glimmora\n|\n|upkeep\n|\n|t:|1700113334\n|switch|p1b: Empoleon|Empoleon, L50, F|100\/100\n|turn|3\n|\n|t:|1700113357\n|move|p1a: Sawsbuck|High Horsepower|p2b: Clodsire\n|-supereffective|p2b: Clodsire\n|-damage|p2b: Clodsire|15\/100\n|-damage|p1a: Sawsbuck|91\/100|[from] item: Life Orb\n|move|p2a: Ceruledge|Bulk Up|p2a: Ceruledge\n|-boost|p2a: Ceruledge|atk|1\n|-boost|p2a: Ceruledge|def|1\n|move|p1b: Empoleon|Icy Wind|p2a: Ceruledge|[spread] p2a,p2b\n|-supereffective|p2a: Ceruledge\n|-supereffective|p2b: Clodsire\n|-damage|p2a: Ceruledge|77\/100\n|-damage|p2b: Clodsire|0 fnt\n|faint|p2b: Clodsire\n|\n|upkeep\n|\n|t:|1700113372\n|switch|p2b: Farigiraf|Farigiraf, L50, F|100\/100\n|turn|4\n|\n|t:|1700113391\n|move|p1a: Sawsbuck|High Horsepower|p2a: Ceruledge\n|-resisted|p2a: Ceruledge\n|-damage|p2a: Ceruledge|62\/100\n|-damage|p1a: Sawsbuck|81\/100|[from] item: Life Orb\n|move|p2a: Ceruledge|Bitter Blade|p1a: Sawsbuck\n|-supereffective|p1a: Sawsbuck\n|-damage|p1a: Sawsbuck|0 fnt\n|-heal|p2a: Ceruledge|97\/100|[from] drain|[of] p1a: Sawsbuck\n|faint|p1a: Sawsbuck\n|move|p2b: Farigiraf|Foul Play|p1b: Empoleon\n|-damage|p1b: Empoleon|85\/100\n|move|p1b: Empoleon|Flash Cannon|p2a: Ceruledge\n|-damage|p2a: Ceruledge|62\/100\n|\n|-heal|p1b: Empoleon|91\/100|[from] item: Leftovers\n|upkeep\n|turn|5\n|inactive|pelipperislandxoo has 30 seconds left.\n|\n|t:|1700113423\n|move|p2a: Ceruledge|Bulk Up|p2a: Ceruledge\n|-boost|p2a: Ceruledge|atk|1\n|-boost|p2a: Ceruledge|def|1\n|move|p1b: Empoleon|Yawn|p2a: Ceruledge\n|-start|p2a: Ceruledge|move: Yawn|[of] p1b: Empoleon\n|move|p2b: Farigiraf|Foul Play|p1b: Empoleon\n|-damage|p1b: Empoleon|76\/100\n|\n|-heal|p1b: Empoleon|82\/100|[from] item: Leftovers\n|upkeep\n|turn|6\n|inactive|pelipperislandxoo has 30 seconds left.\n|\n|t:|1700113451\n|move|p2a: Ceruledge|Bitter Blade|p1b: Empoleon\n|-damage|p1b: Empoleon|0 fnt\n|-heal|p2a: Ceruledge|100\/100|[from] drain|[of] p1b: Empoleon\n|faint|p1b: Empoleon\n|\n|win|pelipperislandxoo\n|raw|Talonfreeze23's rating: 1154 &rarr; <strong>1128<\/strong><br \/>(-26 for losing)\n|raw|pelipperislandxoo's rating: 1140 &rarr; <strong>1166<\/strong><br \/>(+26 for winning)\n|l|\u2606Talonfreeze23\n","uploadtime":1700113466,"views":16,"p1id":"talonfreeze23","p2id":"pelipperislandxoo","formatid":"gen9vgc2023regulatione","rating":1128,"private":0,"password":""}