{"id":"gen9vgc2023regulatione-1996789070","p1":"Super melusine2","p2":"JTanner","format":"[Gen 9] VGC 2023 Regulation E","log":"|j|\u2606Super melusine2\n|j|\u2606JTanner\n|t:|1700725560\n|gametype|doubles\n|player|p1|Super melusine2|266|\n|player|p2|JTanner|clay|\n|teamsize|p1|6\n|teamsize|p2|6\n|gen|9\n|tier|[Gen 9] VGC 2023 Regulation E\n|rated|Tournament battle\n|rule|Species Clause: Limit one of each Pok\u00e9mon\n|rule|Item Clause: Limit one of each item\n|clearpoke\n|poke|p1|Iron Hands, L50|\n|poke|p1|Ursaluna-Bloodmoon, L50, M|\n|poke|p1|Flutter Mane, L50|\n|poke|p1|Urshifu-*, L50, F|\n|poke|p1|Ogerpon-Hearthflame, L50, F|\n|poke|p1|Tornadus, L50, M|\n|poke|p2|Chien-Pao, L50|\n|poke|p2|Dragapult, L50, M|\n|poke|p2|Heatran, L50, M|\n|poke|p2|Farigiraf, L50, M|\n|poke|p2|Rillaboom, L50, M|\n|poke|p2|Urshifu-*, L50, M|\n|teampreview|4\n|showteam|p1|Iron Hands||AssaultVest|QuarkDrive|FakeOut,WildCharge,DrainPunch,HeavySlam||||||50|,,,,,Fire]Ursaluna-Bloodmoon||ThroatSpray|MindsEye|HyperVoice,EarthPower,VacuumWave,Protect|||M|||50|,,,,,Fairy]Flutter Mane||ChoiceSpecs|Protosynthesis|DazzlingGleam,ShadowBall,Moonblast,PowerGem||||||50|,,,,,Fairy]Urshifu-Rapid-Strike||ChoiceScarf|UnseenFist|SurgingStrikes,CloseCombat,IceSpinner,AquaJet|||F|||50|,,,,,Water]Ogerpon-Hearthflame||HearthflameMask|MoldBreaker|HornLeech,IvyCudgel,FollowMe,SpikyShield|||F|||50|,,,,,Fire]Tornadus||MentalHerb|Prankster|Tailwind,SunnyDay,Protect,BleakwindStorm|||M|||50|,,,,,Steel\n|showteam|p2|Chien-Pao||FocusSash|SwordofRuin|IcicleCrash,Crunch,SuckerPunch,Protect||||||50|,,,,,Dark]Dragapult||ChoiceBand|ClearBody|DragonDarts,PhantomForce,TeraBlast,SuckerPunch|||M|||50|,,,,,Ghost]Heatran||AssaultVest|FlashFire|HeatWave,FlashCannon,EarthPower,TeraBlast|||M|||50|,,,,,Grass]Farigiraf||RockyHelmet|ArmorTail|Psychic,DazzlingGleam,TrickRoom,Imprison|||M|||50|,,,,,Fairy]Rillaboom||SitrusBerry|GrassySurge|WoodHammer,StompingTantrum,FakeOut,Protect|||M|||50|,,,,,Poison]Urshifu-Rapid-Strike||ChoiceScarf|UnseenFist|SurgingStrikes,CloseCombat,Uturn,AquaJet|||M|||50|,,,,,Water\n|c|\u2606JTanner|glhf\n|inactive|Battle timer is ON: inactive players will automatically lose when time's up. (requested by Super melusine2)\n|c|\u2606Super melusine2|glhf\n|\n|t:|1700725620\n|start\n|switch|p1a: Iron Hands|Iron Hands, L50|100\/100\n|switch|p1b: Ursaluna|Ursaluna-Bloodmoon, L50, M|100\/100\n|switch|p2a: Farigiraf|Farigiraf, L50, M|100\/100\n|switch|p2b: Urshifu|Urshifu-Rapid-Strike, L50, M|100\/100\n|turn|1\n|inactive|JTanner has 30 seconds left.\n|\n|t:|1700725652\n|switch|p1b: Urshifu|Urshifu-Rapid-Strike, L50, F|100\/100\n|move|p2b: Urshifu|Surging Strikes|p1b: Urshifu\n|-resisted|p1b: Urshifu\n|-crit|p1b: Urshifu\n|-damage|p1b: Urshifu|91\/100\n|-resisted|p1b: Urshifu\n|-crit|p1b: Urshifu\n|-damage|p1b: Urshifu|82\/100\n|-resisted|p1b: Urshifu\n|-crit|p1b: Urshifu\n|-damage|p1b: Urshifu|72\/100\n|-hitcount|p1b: Urshifu|3\n|move|p2a: Farigiraf|Dazzling Gleam|p1b: Urshifu|[spread] p1a,p1b\n|-supereffective|p1a: Iron Hands\n|-supereffective|p1b: Urshifu\n|-damage|p1a: Iron Hands|83\/100\n|-damage|p1b: Urshifu|32\/100\n|move|p1a: Iron Hands|Wild Charge|p2b: Urshifu\n|-supereffective|p2b: Urshifu\n|-damage|p2b: Urshifu|3\/100\n|-damage|p1a: Iron Hands|65\/100|[from] Recoil\n|\n|upkeep\n|turn|2\n|inactive|Super melusine2 has 30 seconds left.\n|inactive|JTanner has 30 seconds left.\n|inactive|Super melusine2 has 20 seconds left.\n|inactive|Super melusine2 has 15 seconds left.\n|inactive|Super melusine2 has 10 seconds left.\n|inactive|JTanner has 20 seconds left.\n|inactive|Super melusine2 has 5 seconds left.\n|inactive|JTanner has 15 seconds left.\n|\n|t:|1700725704\n|-terastallize|p1b: Urshifu|Water\n|move|p2b: Urshifu|Surging Strikes|p1a: Iron Hands\n|-crit|p1a: Iron Hands\n|-damage|p1a: Iron Hands|50\/100\n|-crit|p1a: Iron Hands\n|-damage|p1a: Iron Hands|35\/100\n|-crit|p1a: Iron Hands\n|-damage|p1a: Iron Hands|20\/100\n|-hitcount|p1a: Iron Hands|3\n|move|p1b: Urshifu|Surging Strikes|p2b: Urshifu\n|-resisted|p2b: Urshifu\n|-crit|p2b: Urshifu\n|-damage|p2b: Urshifu|0 fnt\n|faint|p2b: Urshifu\n|-hitcount|p2: Urshifu|1\n|move|p1a: Iron Hands|Drain Punch|p2a: Farigiraf\n|-damage|p2a: Farigiraf|68\/100\n|-heal|p1a: Iron Hands|36\/100|[from] drain|[of] p2a: Farigiraf\n|-damage|p1a: Iron Hands|19\/100|[from] item: Rocky Helmet|[of] p2a: Farigiraf\n|move|p2a: Farigiraf|Trick Room|p2a: Farigiraf\n|-fieldstart|move: Trick Room|[of] p2a: Farigiraf\n|\n|upkeep\n|\n|t:|1700725722\n|switch|p2b: Rillaboom|Rillaboom, L50, M|100\/100\n|-fieldstart|move: Grassy Terrain|[from] ability: Grassy Surge|[of] p2b: Rillaboom\n|turn|3\n|inactive|Super melusine2 has 30 seconds left.\n|\n|t:|1700725749\n|switch|p1b: Ogerpon|Ogerpon-Hearthflame, L50, F|100\/100\n|-ability|p1b: Ogerpon|Mold Breaker\n|move|p1a: Iron Hands|Drain Punch|p2b: Rillaboom\n|-damage|p2b: Rillaboom|60\/100\n|-heal|p1a: Iron Hands|36\/100|[from] drain|[of] p2b: Rillaboom\n|move|p2a: Farigiraf|Psychic|p1a: Iron Hands\n|-supereffective|p1a: Iron Hands\n|-damage|p1a: Iron Hands|0 fnt\n|faint|p1a: Iron Hands\n|-end|p1a: Iron Hands|Quark Drive|[silent]\n|move|p2b: Rillaboom|Wood Hammer|p1b: Ogerpon\n|-resisted|p1b: Ogerpon\n|-crit|p1b: Ogerpon\n|-damage|p1b: Ogerpon|70\/100\n|-damage|p2b: Rillaboom|51\/100|[from] Recoil\n|\n|-heal|p2a: Farigiraf|75\/100|[from] Grassy Terrain\n|-heal|p2b: Rillaboom|57\/100|[from] Grassy Terrain\n|-heal|p1b: Ogerpon|76\/100|[from] Grassy Terrain\n|upkeep\n|\n|t:|1700725761\n|switch|p1a: Ursaluna|Ursaluna-Bloodmoon, L50, M|100\/100\n|turn|4\n|inactive|JTanner has 30 seconds left.\n|\n|t:|1700725791\n|move|p1a: Ursaluna|Protect|p1a: Ursaluna\n|-singleturn|p1a: Ursaluna|Protect\n|move|p2b: Rillaboom|Protect|p2b: Rillaboom\n|-singleturn|p2b: Rillaboom|Protect\n|move|p2a: Farigiraf|Psychic|p1b: Ogerpon\n|-damage|p1b: Ogerpon|38\/100\n|move|p1b: Ogerpon|Ivy Cudgel|p2b: Rillaboom|[anim] Ivy Cudgel Fire\n|-activate|p2b: Rillaboom|move: Protect\n|\n|-heal|p2a: Farigiraf|81\/100|[from] Grassy Terrain\n|-heal|p2b: Rillaboom|63\/100|[from] Grassy Terrain\n|-heal|p1b: Ogerpon|44\/100|[from] Grassy Terrain\n|upkeep\n|turn|5\n|j| IcicleStorm13\n|inactive|JTanner has 30 seconds left.\n|\n|t:|1700725825\n|move|p1a: Ursaluna|Hyper Voice|p2b: Rillaboom|[spread] p2a,p2b\n|-damage|p2a: Farigiraf|40\/100\n|-damage|p2b: Rillaboom|22\/100\n|-enditem|p2b: Rillaboom|Sitrus Berry|[eat]\n|-heal|p2b: Rillaboom|46\/100|[from] item: Sitrus Berry\n|-enditem|p1a: Ursaluna|Throat Spray\n|-boost|p1a: Ursaluna|spa|1|[from] item: Throat Spray\n|move|p2a: Farigiraf|Dazzling Gleam|p1a: Ursaluna|[spread] p1a,p1b\n|-resisted|p1b: Ogerpon\n|-damage|p1a: Ursaluna|83\/100\n|-damage|p1b: Ogerpon|36\/100\n|move|p2b: Rillaboom|Wood Hammer|p1a: Ursaluna\n|-supereffective|p1a: Ursaluna\n|-damage|p1a: Ursaluna|0 fnt\n|faint|p1a: Ursaluna\n|-damage|p2b: Rillaboom|20\/100|[from] Recoil\n|move|p1b: Ogerpon|Horn Leech|p2a: Farigiraf\n|-damage|p2a: Farigiraf|0 fnt\n|-heal|p1b: Ogerpon|60\/100|[from] drain|[of] p2a: Farigiraf\n|-damage|p1b: Ogerpon|44\/100|[from] item: Rocky Helmet|[of] p2a: Farigiraf\n|faint|p2a: Farigiraf\n|\n|-heal|p2b: Rillaboom|26\/100|[from] Grassy Terrain\n|-heal|p1b: Ogerpon|50\/100|[from] Grassy Terrain\n|upkeep\n|\n|t:|1700725846\n|switch|p1a: Urshifu|Urshifu-Rapid-Strike, L50, F, tera:Water|32\/100\n|switch|p2a: Chien-Pao|Chien-Pao, L50|100\/100\n|-ability|p2a: Chien-Pao|Sword of Ruin\n|turn|6\n|j| fyfyyalt1\n|inactive|JTanner has 30 seconds left.\n|j| Choruto\n|inactive|Super melusine2 has 30 seconds left.\n|\n|t:|1700725887\n|-terastallize|p2a: Chien-Pao|Dark\n|move|p2a: Chien-Pao|Sucker Punch|p1a: Urshifu\n|-damage|p1a: Urshifu|0 fnt\n|faint|p1a: Urshifu\n|move|p2b: Rillaboom|Stomping Tantrum|p1b: Ogerpon\n|-damage|p1b: Ogerpon|12\/100\n|move|p1b: Ogerpon|Horn Leech|p2a: Chien-Pao\n|-damage|p2a: Chien-Pao|23\/100\n|-heal|p1b: Ogerpon|45\/100|[from] drain|[of] p2a: Chien-Pao\n|\n|-heal|p2b: Rillaboom|31\/100|[from] Grassy Terrain\n|-heal|p1b: Ogerpon|51\/100|[from] Grassy Terrain\n|-heal|p2a: Chien-Pao|29\/100|[from] Grassy Terrain\n|-fieldend|move: Trick Room\n|upkeep\n|turn|7\n|l| Choruto\n|\n|t:|1700725909\n|move|p2a: Chien-Pao|Protect|p2a: Chien-Pao\n|-singleturn|p2a: Chien-Pao|Protect\n|move|p1b: Ogerpon|Spiky Shield|p1b: Ogerpon\n|-singleturn|p1b: Ogerpon|move: Protect\n|move|p2b: Rillaboom|Protect||[still]\n|-fail|p2b: Rillaboom\n|\n|-heal|p2a: Chien-Pao|35\/100|[from] Grassy Terrain\n|-heal|p1b: Ogerpon|57\/100|[from] Grassy Terrain\n|-heal|p2b: Rillaboom|37\/100|[from] Grassy Terrain\n|-fieldend|move: Grassy Terrain\n|upkeep\n|turn|8\n|\n|t:|1700725927\n|move|p2a: Chien-Pao|Crunch|p1b: Ogerpon\n|-damage|p1b: Ogerpon|0 fnt\n|faint|p1b: Ogerpon\n|\n|win|JTanner\n|n|\u2606Super melusine2|supermelusine2\n|n|\u2606JTanner|jtanner\n|n| IcicleStorm13|iciclestorm13\n|n| fyfyyalt1|fyfyyalt1\n","uploadtime":1700725928,"views":1,"p1id":"supermelusine2","p2id":"jtanner","formatid":"gen9vgc2023regulatione","rating":0,"private":0,"password":""}