{"id":"gen9vgc2023regulatione-1996490423","p1":"DuckNoodlez","p2":"Veryskillguy","format":"[Gen 9] VGC 2023 Regulation E","log":"|j|\u2606DuckNoodlez\n|j|\u2606Veryskillguy\n|t:|1700687091\n|gametype|doubles\n|player|p1|DuckNoodlez|265|1146\n|player|p2|Veryskillguy|2|1108\n|teamsize|p1|6\n|teamsize|p2|6\n|gen|9\n|tier|[Gen 9] VGC 2023 Regulation E\n|rated|\n|rule|Species Clause: Limit one of each Pok\u00e9mon\n|rule|Item Clause: Limit one of each item\n|clearpoke\n|poke|p1|Goodra-Hisui, L50, M|\n|poke|p1|Landorus-Therian, L50, M|\n|poke|p1|Grimmsnarl, L50, M|\n|poke|p1|Ogerpon-Wellspring, L50, F|\n|poke|p1|Heatran, L50, M|\n|poke|p1|Rillaboom, L50, M|\n|poke|p2|Hawlucha, L50, F|\n|poke|p2|Indeedee-F, L50, F|\n|poke|p2|Arcanine, L50, F|\n|poke|p2|Mesprit, L50|\n|poke|p2|Ogerpon-Wellspring, L50, F|\n|poke|p2|Iron Hands, L50|\n|teampreview|4\n|inactive|Battle timer is ON: inactive players will automatically lose when time's up. (requested by Veryskillguy)\n|inactive|Veryskillguy has 60 seconds left.\n|inactive|Veryskillguy has 30 seconds left.\n|inactive|Veryskillguy has 20 seconds left.\n|inactive|Veryskillguy has 15 seconds left.\n|\n|t:|1700687168\n|start\n|switch|p1a: Grimmsnarl|Grimmsnarl, L50, M|100\/100\n|switch|p1b: Goodra|Goodra-Hisui, L50, M|100\/100\n|switch|p2a: Indeedee|Indeedee-F, L50, F|100\/100\n|switch|p2b: Arcanine|Arcanine, L50, F|100\/100\n|-ability|p2b: Arcanine|Intimidate|boost\n|-unboost|p1a: Grimmsnarl|atk|1\n|-unboost|p1b: Goodra|atk|1\n|-fieldstart|move: Psychic Terrain|[from] ability: Psychic Surge|[of] p2a: Indeedee\n|turn|1\n|inactive|Veryskillguy has 30 seconds left.\n|\n|t:|1700687195\n|move|p1a: Grimmsnarl|Light Screen|p1a: Grimmsnarl\n|-sidestart|p1: DuckNoodlez|move: Light Screen\n|move|p2b: Arcanine|Snarl|p1a: Grimmsnarl|[spread] p1a,p1b\n|-resisted|p1a: Grimmsnarl\n|-damage|p1a: Grimmsnarl|99\/100\n|-damage|p1b: Goodra|96\/100\n|-unboost|p1a: Grimmsnarl|spa|1\n|-unboost|p1b: Goodra|spa|1\n|move|p2a: Indeedee|Psychic|p1a: Grimmsnarl\n|-immune|p1a: Grimmsnarl\n|move|p1b: Goodra|Shelter|p1b: Goodra\n|-boost|p1b: Goodra|def|2\n|\n|upkeep\n|turn|2\n|\n|t:|1700687216\n|move|p1a: Grimmsnarl|Reflect|p1a: Grimmsnarl\n|-sidestart|p1: DuckNoodlez|Reflect\n|move|p2b: Arcanine|Will-O-Wisp|p1b: Goodra\n|-status|p1b: Goodra|brn\n|move|p2a: Indeedee|Psychic|p1b: Goodra\n|-resisted|p1b: Goodra\n|-damage|p1b: Goodra|88\/100 brn\n|move|p1b: Goodra|Shelter|p1b: Goodra\n|-boost|p1b: Goodra|def|2\n|\n|-damage|p1b: Goodra|82\/100 brn|[from] brn\n|upkeep\n|turn|3\n|\n|t:|1700687232\n|move|p2a: Indeedee|Helping Hand|p2b: Arcanine\n|-singleturn|p2b: Arcanine|Helping Hand|[of] p2a: Indeedee\n|move|p2b: Arcanine|Flare Blitz|p1b: Goodra\n|-damage|p1b: Goodra|70\/100 brn\n|-damage|p2b: Arcanine|84\/100|[from] item: Rocky Helmet|[of] p1b: Goodra\n|-damage|p2b: Arcanine|81\/100|[from] Recoil\n|move|p1b: Goodra|Shelter|p1b: Goodra\n|-boost|p1b: Goodra|def|2\n|move|p1a: Grimmsnarl|Spirit Break|p2a: Indeedee\n|-damage|p2a: Indeedee|78\/100\n|-unboost|p2a: Indeedee|spa|1\n|\n|-damage|p1b: Goodra|64\/100 brn|[from] brn\n|upkeep\n|turn|4\n|inactive|Veryskillguy has 30 seconds left.\n|\n|t:|1700687262\n|move|p1a: Grimmsnarl|Parting Shot|p2a: Indeedee\n|-activate|p2a: Indeedee|move: Psychic Terrain\n|move|p2b: Arcanine|Will-O-Wisp|p1a: Grimmsnarl\n|-status|p1a: Grimmsnarl|brn\n|move|p2a: Indeedee|Psychic|p1b: Goodra\n|-resisted|p1b: Goodra\n|-damage|p1b: Goodra|58\/100 brn\n|move|p1b: Goodra|Body Press|p2b: Arcanine\n|-damage|p2b: Arcanine|20\/100\n|-enditem|p2b: Arcanine|Sitrus Berry|[eat]\n|-heal|p2b: Arcanine|45\/100|[from] item: Sitrus Berry\n|\n|-damage|p1a: Grimmsnarl|93\/100 brn|[from] brn\n|-damage|p1b: Goodra|52\/100 brn|[from] brn\n|upkeep\n|turn|5\n|l|\u2606DuckNoodlez\n|inactive|DuckNoodlez disconnected and has a minute to reconnect!\n|player|p1|\n|j|\u2606DuckNoodlez\n|inactive|DuckNoodlez reconnected and has 50 seconds left.\n|player|p1|DuckNoodlez|265\n|\n|t:|1700687282\n|switch|p2a: Ogerpon|Ogerpon-Wellspring, L50, F|100\/100\n|move|p2b: Arcanine|Morning Sun|p2b: Arcanine\n|-heal|p2b: Arcanine|94\/100\n|move|p1b: Goodra|Body Press|p2b: Arcanine\n|-damage|p2b: Arcanine|35\/100\n|move|p1a: Grimmsnarl|Spirit Break|p2a: Ogerpon\n|-damage|p2a: Ogerpon|87\/100\n|-unboost|p2a: Ogerpon|spa|1\n|\n|-damage|p1a: Grimmsnarl|87\/100 brn|[from] brn\n|-damage|p1b: Goodra|46\/100 brn|[from] brn\n|-fieldend|move: Psychic Terrain\n|upkeep\n|turn|6\n|\n|t:|1700687302\n|switch|p1a: Landorus|Landorus-Therian, L50, M|100\/100\n|-ability|p1a: Landorus|Intimidate|boost\n|-unboost|p2a: Ogerpon|atk|1\n|-unboost|p2b: Arcanine|atk|1\n|move|p2a: Ogerpon|Stomping Tantrum|p1b: Goodra\n|-supereffective|p1b: Goodra\n|-damage|p1b: Goodra|41\/100 brn\n|-damage|p2a: Ogerpon|71\/100|[from] item: Rocky Helmet|[of] p1b: Goodra\n|move|p2b: Arcanine|Morning Sun|p2b: Arcanine\n|-heal|p2b: Arcanine|84\/100\n|move|p1b: Goodra|Life Dew||[still]|[spread] p1a,p1b\n|-fail|p1a: Landorus|heal\n|-heal|p1b: Goodra|66\/100 brn\n|\n|-damage|p1b: Goodra|60\/100 brn|[from] brn\n|upkeep\n|turn|7\n|\n|t:|1700687327\n|switch|p2a: Indeedee|Indeedee-F, L50, F|78\/100\n|-fieldstart|move: Psychic Terrain|[from] ability: Psychic Surge|[of] p2a: Indeedee\n|switch|p1a: Ogerpon|Ogerpon-Wellspring, L50, F|100\/100\n|move|p2b: Arcanine|Will-O-Wisp|p1a: Ogerpon\n|-status|p1a: Ogerpon|brn\n|move|p1b: Goodra|Body Press|p2a: Indeedee\n|-damage|p2a: Indeedee|30\/100\n|\n|-damage|p1a: Ogerpon|95\/100 brn|[from] brn\n|-damage|p1b: Goodra|54\/100 brn|[from] brn\n|upkeep\n|turn|8\n|inactive|DuckNoodlez has 30 seconds left.\n|\n|t:|1700687353\n|switch|p2b: Ogerpon|Ogerpon-Wellspring, L50, F|71\/100\n|move|p2a: Indeedee|Protect|p2a: Indeedee\n|-singleturn|p2a: Indeedee|Protect\n|move|p1a: Ogerpon|Encore||[still]\n|-fail|p1a: Ogerpon\n|move|p1b: Goodra|Life Dew|p1b: Goodra|[spread] p1b\n|-heal|p1a: Ogerpon|100\/100 brn|[from] ability: Water Absorb|[of] p1b: Goodra\n|-heal|p1b: Goodra|78\/100 brn\n|\n|-damage|p1a: Ogerpon|95\/100 brn|[from] brn\n|-damage|p1b: Goodra|72\/100 brn|[from] brn\n|-sideend|p1: DuckNoodlez|move: Light Screen\n|upkeep\n|turn|9\n|\n|t:|1700687376\n|move|p2a: Indeedee|Helping Hand|p2b: Ogerpon\n|-singleturn|p2b: Ogerpon|Helping Hand|[of] p2a: Indeedee\n|move|p1a: Ogerpon|Horn Leech|p2b: Ogerpon\n|-damage|p2b: Ogerpon|40\/100\n|-heal|p1a: Ogerpon|100\/100 brn|[from] drain|[of] p2b: Ogerpon\n|move|p2b: Ogerpon|Stomping Tantrum|p1b: Goodra\n|-supereffective|p1b: Goodra\n|-damage|p1b: Goodra|61\/100 brn\n|-damage|p2b: Ogerpon|24\/100|[from] item: Rocky Helmet|[of] p1b: Goodra\n|move|p1b: Goodra|Body Press|p2a: Indeedee\n|-damage|p2a: Indeedee|0 fnt\n|faint|p2a: Indeedee\n|\n|-damage|p1a: Ogerpon|95\/100 brn|[from] brn\n|-damage|p1b: Goodra|55\/100 brn|[from] brn\n|-sideend|p1: DuckNoodlez|Reflect\n|upkeep\n|\n|t:|1700687391\n|switch|p2a: Hawlucha|Hawlucha, L50, F|100\/100\n|-enditem|p2a: Hawlucha|Psychic Seed\n|-boost|p2a: Hawlucha|spd|1|[from] item: Psychic Seed\n|turn|10\n|\n|t:|1700687403\n|switch|p2b: Arcanine|Arcanine, L50, F|84\/100\n|-ability|p2b: Arcanine|Intimidate|boost\n|-unboost|p1a: Ogerpon|atk|1\n|-unboost|p1b: Goodra|atk|1\n|move|p2a: Hawlucha|Protect|p2a: Hawlucha\n|-singleturn|p2a: Hawlucha|Protect\n|move|p1a: Ogerpon|Horn Leech|p2b: Arcanine\n|-resisted|p2b: Arcanine\n|-damage|p2b: Arcanine|75\/100\n|-heal|p1a: Ogerpon|100\/100 brn|[from] drain|[of] p2b: Arcanine\n|move|p1b: Goodra|Life Dew|p1b: Goodra|[spread] p1b\n|-immune|p1a: Ogerpon|[from] ability: Water Absorb\n|-heal|p1b: Goodra|80\/100 brn\n|\n|-damage|p1a: Ogerpon|95\/100 brn|[from] brn\n|-damage|p1b: Goodra|74\/100 brn|[from] brn\n|upkeep\n|turn|11\n|inactive|DuckNoodlez has 30 seconds left.\n|\n|t:|1700687433\n|switch|p2b: Ogerpon|Ogerpon-Wellspring, L50, F|24\/100\n|move|p2a: Hawlucha|Bulk Up|p2a: Hawlucha\n|-boost|p2a: Hawlucha|atk|1\n|-boost|p2a: Hawlucha|def|1\n|move|p1a: Ogerpon|Ivy Cudgel|p2b: Ogerpon|[anim] Ivy Cudgel Water\n|-heal|p2b: Ogerpon|48\/100|[from] ability: Water Absorb|[of] p1a: Ogerpon\n|move|p1b: Goodra|Body Press|p2b: Ogerpon\n|-damage|p2b: Ogerpon|0 fnt\n|faint|p2b: Ogerpon\n|\n|-damage|p1a: Ogerpon|89\/100 brn|[from] brn\n|-damage|p1b: Goodra|68\/100 brn|[from] brn\n|-fieldend|move: Psychic Terrain\n|upkeep\n|\n|t:|1700687444\n|switch|p2b: Arcanine|Arcanine, L50, F|75\/100\n|-ability|p2b: Arcanine|Intimidate|boost\n|-unboost|p1a: Ogerpon|atk|1\n|-unboost|p1b: Goodra|atk|1\n|turn|12\n|\n|t:|1700687463\n|move|p2a: Hawlucha|Bulk Up|p2a: Hawlucha\n|-boost|p2a: Hawlucha|atk|1\n|-boost|p2a: Hawlucha|def|1\n|move|p1a: Ogerpon|Encore|p2a: Hawlucha\n|-start|p2a: Hawlucha|Encore\n|move|p2b: Arcanine|Morning Sun|p2b: Arcanine\n|-heal|p2b: Arcanine|100\/100\n|move|p1b: Goodra|Body Press|p2b: Arcanine\n|-damage|p2b: Arcanine|34\/100\n|\n|-damage|p1a: Ogerpon|83\/100 brn|[from] brn\n|-damage|p1b: Goodra|62\/100 brn|[from] brn\n|upkeep\n|turn|13\n|\n|t:|1700687487\n|move|p2a: Hawlucha|Bulk Up|p2a: Hawlucha\n|-boost|p2a: Hawlucha|atk|1\n|-boost|p2a: Hawlucha|def|1\n|move|p1a: Ogerpon|Ivy Cudgel|p2b: Arcanine|[anim] Ivy Cudgel Water\n|-supereffective|p2b: Arcanine\n|-damage|p2b: Arcanine|0 fnt\n|faint|p2b: Arcanine\n|move|p1b: Goodra|Body Press|p2a: Hawlucha\n|-resisted|p2a: Hawlucha\n|-damage|p2a: Hawlucha|86\/100\n|\n|-damage|p1a: Ogerpon|77\/100 brn|[from] brn\n|-damage|p1b: Goodra|56\/100 brn|[from] brn\n|upkeep\n|turn|14\n|\n|t:|1700687507\n|switch|p1a: Grimmsnarl|Grimmsnarl, L50, M|87\/100 brn\n|move|p2a: Hawlucha|Bulk Up|p2a: Hawlucha\n|-boost|p2a: Hawlucha|atk|1\n|-boost|p2a: Hawlucha|def|1\n|move|p1b: Goodra|Body Press|p2a: Hawlucha\n|-resisted|p2a: Hawlucha\n|-crit|p2a: Hawlucha\n|-damage|p2a: Hawlucha|35\/100\n|\n|-damage|p1a: Grimmsnarl|81\/100 brn|[from] brn\n|-damage|p1b: Goodra|50\/100 brn|[from] brn\n|upkeep\n|turn|15\n|\n|t:|1700687528\n|-terastallize|p1b: Goodra|Fairy\n|move|p1a: Grimmsnarl|Reflect|p1a: Grimmsnarl\n|-sidestart|p1: DuckNoodlez|Reflect\n|move|p2a: Hawlucha|Bulk Up|p2a: Hawlucha\n|-boost|p2a: Hawlucha|atk|1\n|-boost|p2a: Hawlucha|def|1\n|move|p1b: Goodra|Life Dew|p1b: Goodra|[spread] p1a,p1b\n|-heal|p1a: Grimmsnarl|100\/100 brn\n|-heal|p1b: Goodra|75\/100 brn\n|\n|-damage|p1a: Grimmsnarl|95\/100 brn|[from] brn\n|-damage|p1b: Goodra|68\/100 brn|[from] brn\n|-end|p2a: Hawlucha|Encore\n|upkeep\n|turn|16\n|\n|t:|1700687546\n|move|p2a: Hawlucha|Drain Punch|p1a: Grimmsnarl\n|-damage|p1a: Grimmsnarl|11\/100 brn\n|-heal|p2a: Hawlucha|86\/100|[from] drain|[of] p1a: Grimmsnarl\n|move|p1a: Grimmsnarl|Spirit Break|p2a: Hawlucha\n|-supereffective|p2a: Hawlucha\n|-damage|p2a: Hawlucha|73\/100\n|-unboost|p2a: Hawlucha|spa|1\n|move|p1b: Goodra|Body Press|p2a: Hawlucha\n|-resisted|p2a: Hawlucha\n|-damage|p2a: Hawlucha|64\/100\n|\n|-damage|p1b: Goodra|62\/100 brn|[from] brn\n|-damage|p1a: Grimmsnarl|5\/100 brn|[from] brn\n|upkeep\n|turn|17\n|\n|t:|1700687569\n|move|p2a: Hawlucha|Protect|p2a: Hawlucha\n|-singleturn|p2a: Hawlucha|Protect\n|move|p1a: Grimmsnarl|Parting Shot|p2a: Hawlucha\n|-activate|p2a: Hawlucha|move: Protect\n|move|p1b: Goodra|Body Press|p2a: Hawlucha\n|-activate|p2a: Hawlucha|move: Protect\n|\n|-damage|p1b: Goodra|56\/100 brn|[from] brn\n|-damage|p1a: Grimmsnarl|0 fnt|[from] brn\n|faint|p1a: Grimmsnarl\n|upkeep\n|\n|t:|1700687582\n|switch|p1a: Ogerpon|Ogerpon-Wellspring, L50, F|77\/100 brn\n|turn|18\n|\n|t:|1700687589\n|move|p2a: Hawlucha|Drain Punch|p1a: Ogerpon\n|-damage|p1a: Ogerpon|0 fnt\n|-heal|p2a: Hawlucha|99\/100|[from] drain|[of] p1a: Ogerpon\n|faint|p1a: Ogerpon\n|move|p1b: Goodra|Body Press|p2a: Hawlucha\n|-resisted|p2a: Hawlucha\n|-damage|p2a: Hawlucha|90\/100\n|\n|-damage|p1b: Goodra|50\/100 brn|[from] brn\n|upkeep\n|\n|t:|1700687601\n|switch|p1a: Landorus|Landorus-Therian, L50, M|100\/100\n|-ability|p1a: Landorus|Intimidate|boost\n|-unboost|p2a: Hawlucha|atk|1\n|turn|19\n|\n|t:|1700687610\n|-terastallize|p2a: Hawlucha|Flying\n|move|p2a: Hawlucha|Acrobatics|p1a: Landorus\n|-damage|p1a: Landorus|0 fnt\n|faint|p1a: Landorus\n|move|p1b: Goodra|Life Dew|p1b: Goodra\n|-heal|p1b: Goodra|75\/100 brn\n|\n|-damage|p1b: Goodra|69\/100 brn|[from] brn\n|upkeep\n|turn|20\n|\n|t:|1700687622\n|move|p2a: Hawlucha|Bulk Up|p2a: Hawlucha\n|-boost|p2a: Hawlucha|atk|1\n|-boost|p2a: Hawlucha|def|1\n|move|p1b: Goodra|Life Dew|p1b: Goodra\n|-heal|p1b: Goodra|94\/100 brn\n|\n|-damage|p1b: Goodra|88\/100 brn|[from] brn\n|upkeep\n|turn|21\n|\n|t:|1700687631\n|move|p2a: Hawlucha|Bulk Up|p2a: Hawlucha\n|-boost|p2a: Hawlucha|atk|1\n|-boost|p2a: Hawlucha|def|0\n|move|p1b: Goodra|Life Dew|p1b: Goodra\n|-heal|p1b: Goodra|100\/100 brn\n|\n|-damage|p1b: Goodra|94\/100 brn|[from] brn\n|upkeep\n|turn|22\n|\n|t:|1700687644\n|move|p2a: Hawlucha|Drain Punch|p1b: Goodra\n|-resisted|p1b: Goodra\n|-damage|p1b: Goodra|86\/100 brn\n|-heal|p2a: Hawlucha|95\/100|[from] drain|[of] p1b: Goodra\n|-damage|p2a: Hawlucha|78\/100|[from] item: Rocky Helmet|[of] p1b: Goodra\n|move|p1b: Goodra|Life Dew|p1b: Goodra\n|-heal|p1b: Goodra|100\/100 brn\n|\n|-damage|p1b: Goodra|94\/100 brn|[from] brn\n|-sideend|p1: DuckNoodlez|Reflect\n|upkeep\n|turn|23\n|\n|t:|1700687657\n|move|p2a: Hawlucha|Acrobatics|p1b: Goodra\n|-damage|p1b: Goodra|46\/100 brn\n|-damage|p2a: Hawlucha|62\/100|[from] item: Rocky Helmet|[of] p1b: Goodra\n|move|p1b: Goodra|Flash Cannon|p2a: Hawlucha\n|-damage|p2a: Hawlucha|44\/100\n|\n|-damage|p1b: Goodra|40\/100 brn|[from] brn\n|upkeep\n|turn|24\n|\n|t:|1700687667\n|move|p2a: Hawlucha|Acrobatics|p1b: Goodra\n|-damage|p1b: Goodra|0 fnt\n|-damage|p2a: Hawlucha|27\/100|[from] item: Rocky Helmet|[of] p1b: Goodra\n|faint|p1b: Goodra\n|\n|win|Veryskillguy\n|raw|DuckNoodlez's rating: 1146 &rarr; <strong>1118<\/strong><br \/>(-28 for losing)\n|raw|Veryskillguy's rating: 1108 &rarr; <strong>1136<\/strong><br \/>(+28 for winning)\n|l|\u2606DuckNoodlez\n|c|\u2606Veryskillguy|gg\n","uploadtime":1700687842,"views":17,"p1id":"ducknoodlez","p2id":"veryskillguy","formatid":"gen9vgc2023regulatione","rating":1118,"private":0,"password":""}