{"id":"gen9vgc2023regulatione-1989790131","p1":"Fatigueboy","p2":"Jadedragon61","format":"[Gen 9] VGC 2023 Regulation E","log":"|j|\u2606Fatigueboy\n|j|\u2606Jadedragon61\n|t:|1699895958\n|gametype|doubles\n|player|p1|Fatigueboy|skier|1293\n|player|p2|Jadedragon61|colress|1277\n|teamsize|p1|6\n|teamsize|p2|6\n|gen|9\n|tier|[Gen 9] VGC 2023 Regulation E\n|rated|\n|rule|Species Clause: Limit one of each Pok\u00e9mon\n|rule|Item Clause: Limit one of each item\n|clearpoke\n|poke|p1|Empoleon, L50, M|\n|poke|p1|Landorus-Therian, L50, M|\n|poke|p1|Urshifu-*, L50, F|\n|poke|p1|Flutter Mane, L50|\n|poke|p1|Rillaboom, L50, F|\n|poke|p1|Amoonguss, L50, M|\n|poke|p2|Landorus-Therian, L50, M|\n|poke|p2|Iron Hands, L50|\n|poke|p2|Heatran, L50, M|\n|poke|p2|Sylveon, L50, M|\n|poke|p2|Sinistcha, L50|\n|poke|p2|Iron Bundle, L50|\n|teampreview|4\n|inactive|Battle timer is ON: inactive players will automatically lose when time's up. (requested by Fatigueboy)\n|inactive|Fatigueboy has 60 seconds left.\n|inactive|Jadedragon61 has 60 seconds left.\n|\n|t:|1699896012\n|start\n|switch|p1a: Landorus|Landorus-Therian, L50, M|100\/100\n|switch|p1b: Rillaboom|Rillaboom, L50, F|100\/100\n|switch|p2a: Atsui|Iron Hands, L50, shiny|100\/100\n|switch|p2b: Ocha|Sinistcha, L50, shiny|100\/100\n|-ability|p1a: Landorus|Intimidate|boost\n|-unboost|p2a: Atsui|atk|1\n|-unboost|p2b: Ocha|atk|1\n|-fieldstart|move: Grassy Terrain|[from] ability: Grassy Surge|[of] p1b: Rillaboom\n|turn|1\n|\n|t:|1699896034\n|-end|p2a: Atsui|Quark Drive|[silent]\n|switch|p2a: Haitatsu!|Iron Bundle, L50, shiny|100\/100\n|-enditem|p2a: Haitatsu!|Booster Energy\n|-activate|p2a: Haitatsu!|ability: Quark Drive|[fromitem]\n|-start|p2a: Haitatsu!|quarkdrivespe\n|move|p1b: Rillaboom|Fake Out|p2a: Haitatsu!\n|-damage|p2a: Haitatsu!|83\/100\n|move|p1a: Landorus|U-turn|p2b: Ocha\n|-damage|p2b: Ocha|74\/100\n|\n|t:|1699896043\n|switch|p1a: Empoleon|Empoleon, L50, M|100\/100|[from] U-turn\n|move|p2b: Ocha|Strength Sap|p1b: Rillaboom\n|-unboost|p1b: Rillaboom|atk|1\n|-heal|p2b: Ocha|100\/100\n|\n|-heal|p2a: Haitatsu!|89\/100|[from] Grassy Terrain\n|upkeep\n|turn|2\n|inactive|Jadedragon61 has 30 seconds left.\n|inactive|Jadedragon61 has 20 seconds left.\n|\n|t:|1699896080\n|switch|p1b: Urshifu|Urshifu-Rapid-Strike, L50, F|100\/100\n|move|p2a: Haitatsu!|Protect|p2a: Haitatsu!\n|-singleturn|p2a: Haitatsu!|Protect\n|move|p1a: Empoleon|Yawn|p2b: Ocha\n|-start|p2b: Ocha|move: Yawn|[of] p1a: Empoleon\n|move|p2b: Ocha|Strength Sap|p1b: Urshifu\n|-unboost|p1b: Urshifu|atk|1\n|\n|-heal|p2a: Haitatsu!|95\/100|[from] Grassy Terrain\n|upkeep\n|turn|3\n|inactive|Fatigueboy has 30 seconds left.\n|\n|t:|1699896108\n|switch|p1b: Rillaboom|Rillaboom, L50, F|100\/100\n|switch|p2b: Yogan Ka\u0113ru|Heatran, L50, M, shiny|100\/100\n|-terastallize|p2a: Haitatsu!|Poison\n|move|p2a: Haitatsu!|Freeze-Dry|p1b: Rillaboom\n|-supereffective|p1b: Rillaboom\n|-damage|p1b: Rillaboom|42\/100\n|move|p1a: Empoleon|Yawn|p2a: Haitatsu!\n|-start|p2a: Haitatsu!|move: Yawn|[of] p1a: Empoleon\n|\n|-heal|p2a: Haitatsu!|100\/100|[from] Grassy Terrain\n|-heal|p1b: Rillaboom|48\/100|[from] Grassy Terrain\n|upkeep\n|turn|4\n|inactive|Fatigueboy has 30 seconds left.\n|\n|t:|1699896135\n|-end|p2a: Haitatsu!|Quark Drive|[silent]\n|switch|p2a: Atsui|Iron Hands, L50, shiny|100\/100\n|move|p1b: Rillaboom|Fake Out|p2b: Yogan Ka\u0113ru\n|-resisted|p2b: Yogan Ka\u0113ru\n|-damage|p2b: Yogan Ka\u0113ru|94\/100\n|cant|p2b: Yogan Ka\u0113ru|flinch\n|move|p1a: Empoleon|Flash Cannon|p2a: Atsui\n|-resisted|p2a: Atsui\n|-damage|p2a: Atsui|90\/100\n|\n|-heal|p2b: Yogan Ka\u0113ru|99\/100|[from] Grassy Terrain\n|-heal|p1b: Rillaboom|54\/100|[from] Grassy Terrain\n|-heal|p2a: Atsui|96\/100|[from] Grassy Terrain\n|upkeep\n|turn|5\n|\n|t:|1699896149\n|switch|p1b: Landorus|Landorus-Therian, L50, M|100\/100\n|-ability|p1b: Landorus|Intimidate|boost\n|-unboost|p2a: Atsui|atk|1\n|-unboost|p2b: Yogan Ka\u0113ru|atk|1\n|move|p2b: Yogan Ka\u0113ru|Heat Wave|p1a: Empoleon|[spread] p1a,p1b\n|-damage|p1a: Empoleon|60\/100\n|-damage|p1b: Landorus|33\/100\n|-damage|p2b: Yogan Ka\u0113ru|90\/100|[from] item: Life Orb\n|move|p1a: Empoleon|Yawn|p2b: Yogan Ka\u0113ru\n|-start|p2b: Yogan Ka\u0113ru|move: Yawn|[of] p1a: Empoleon\n|move|p2a: Atsui|Drain Punch|p1a: Empoleon\n|-supereffective|p1a: Empoleon\n|-damage|p1a: Empoleon|9\/100\n|-heal|p2a: Atsui|100\/100|[from] drain|[of] p1a: Empoleon\n|\n|-heal|p2b: Yogan Ka\u0113ru|96\/100|[from] Grassy Terrain\n|-heal|p1a: Empoleon|15\/100|[from] Grassy Terrain\n|-heal|p1a: Empoleon|21\/100|[from] item: Leftovers\n|-fieldend|move: Grassy Terrain\n|upkeep\n|turn|6\n|inactive|Fatigueboy has 30 seconds left.\n|\n|t:|1699896180\n|switch|p2b: Ocha|Sinistcha, L50, shiny|100\/100\n|switch|p1a: Rillaboom|Rillaboom, L50, F|54\/100\n|-fieldstart|move: Grassy Terrain|[from] ability: Grassy Surge|[of] p1a: Rillaboom\n|move|p1b: Landorus|Rock Slide|p2b: Ocha|[spread] p2a,p2b\n|-resisted|p2a: Atsui\n|-damage|p2a: Atsui|94\/100\n|-damage|p2b: Ocha|79\/100\n|cant|p2a: Atsui|flinch\n|\n|-heal|p1a: Rillaboom|60\/100|[from] Grassy Terrain\n|-heal|p2a: Atsui|99\/100|[from] Grassy Terrain\n|-heal|p2b: Ocha|85\/100|[from] Grassy Terrain\n|upkeep\n|turn|7\n|\n|t:|1699896202\n|switch|p1b: Empoleon|Empoleon, L50, M|21\/100\n|move|p1a: Rillaboom|Fake Out|p2a: Atsui\n|-damage|p2a: Atsui|92\/100\n|cant|p2a: Atsui|flinch\n|move|p2b: Ocha|Trick Room|p2b: Ocha\n|-fieldstart|move: Trick Room|[of] p2b: Ocha\n|\n|-heal|p2b: Ocha|92\/100|[from] Grassy Terrain\n|-heal|p2a: Atsui|98\/100|[from] Grassy Terrain\n|-heal|p1b: Empoleon|27\/100|[from] Grassy Terrain\n|-heal|p1b: Empoleon|32\/100|[from] item: Leftovers\n|-heal|p1a: Rillaboom|65\/100|[from] Grassy Terrain\n|upkeep\n|turn|8\n|\n|t:|1699896226\n|move|p1b: Empoleon|Protect|p1b: Empoleon\n|-singleturn|p1b: Empoleon|Protect\n|move|p2b: Ocha|Matcha Gotcha|p1a: Rillaboom|[spread] p1a\n|-activate|p1b: Empoleon|move: Protect\n|-resisted|p1a: Rillaboom\n|-damage|p1a: Rillaboom|53\/100\n|-heal|p2b: Ocha|98\/100|[from] drain|[of] p1a: Rillaboom\n|move|p2a: Atsui|Drain Punch|p1a: Rillaboom\n|-damage|p1a: Rillaboom|28\/100\n|-heal|p2a: Atsui|100\/100|[from] drain|[of] p1a: Rillaboom\n|move|p1a: Rillaboom|U-turn|p2b: Ocha\n|-damage|p2b: Ocha|75\/100\n|\n|t:|1699896238\n|switch|p1a: Landorus|Landorus-Therian, L50, M|33\/100|[from] U-turn\n|-ability|p1a: Landorus|Intimidate|boost\n|-unboost|p2a: Atsui|atk|1\n|-unboost|p2b: Ocha|atk|1\n|\n|-heal|p2b: Ocha|81\/100|[from] Grassy Terrain\n|-heal|p1b: Empoleon|38\/100|[from] Grassy Terrain\n|-heal|p1b: Empoleon|44\/100|[from] item: Leftovers\n|upkeep\n|turn|9\n|inactive|Fatigueboy has 30 seconds left.\n|\n|t:|1699896264\n|move|p2b: Ocha|Matcha Gotcha|p1b: Empoleon|[spread] p1a,p1b\n|-damage|p1a: Landorus|0 fnt\n|-heal|p2b: Ocha|96\/100|[from] drain|[of] p1a: Landorus\n|-damage|p1b: Empoleon|17\/100\n|-heal|p2b: Ocha|100\/100|[from] drain|[of] p1b: Empoleon\n|-status|p1b: Empoleon|brn\n|faint|p1a: Landorus\n|move|p2a: Atsui|Drain Punch|p1b: Empoleon\n|-supereffective|p1b: Empoleon\n|-damage|p1b: Empoleon|0 fnt\n|faint|p1b: Empoleon\n|\n|upkeep\n|\n|t:|1699896274\n|switch|p1b: Rillaboom|Rillaboom, L50, F|28\/100\n|switch|p1a: Urshifu|Urshifu-Rapid-Strike, L50, F|100\/100\n|turn|10\n|\n|t:|1699896293\n|move|p1a: Urshifu|Detect|p1a: Urshifu\n|-singleturn|p1a: Urshifu|Protect\n|move|p1b: Rillaboom|Fake Out|p2a: Atsui\n|-damage|p2a: Atsui|92\/100\n|move|p2b: Ocha|Matcha Gotcha|p1a: Urshifu|[spread] p1b\n|-activate|p1a: Urshifu|move: Protect\n|-resisted|p1b: Rillaboom\n|-damage|p1b: Rillaboom|15\/100\n|cant|p2a: Atsui|flinch\n|\n|-heal|p2a: Atsui|98\/100|[from] Grassy Terrain\n|-heal|p1b: Rillaboom|21\/100|[from] Grassy Terrain\n|-fieldend|move: Grassy Terrain\n|upkeep\n|turn|11\n|\n|t:|1699896316\n|-terastallize|p1a: Urshifu|Water\n|move|p2b: Ocha|Matcha Gotcha|p1b: Rillaboom|[spread] p1a,p1b\n|-supereffective|p1a: Urshifu\n|-resisted|p1b: Rillaboom\n|-damage|p1a: Urshifu|20\/100\n|-damage|p1b: Rillaboom|11\/100\n|move|p2a: Atsui|Wild Charge|p1a: Urshifu\n|-supereffective|p1a: Urshifu\n|-damage|p1a: Urshifu|0 fnt\n|faint|p1a: Urshifu\n|-damage|p2a: Atsui|94\/100|[from] Recoil\n|move|p1b: Rillaboom|U-turn|p2b: Ocha\n|-damage|p2b: Ocha|77\/100\n|\n|-fieldend|move: Trick Room\n|upkeep\n|turn|12\n|-message|Fatigueboy forfeited.\n|\n|win|Jadedragon61\n|raw|Fatigueboy's rating: 1293 &rarr; <strong>1267<\/strong><br \/>(-26 for losing)\n|raw|Jadedragon61's rating: 1277 &rarr; <strong>1303<\/strong><br \/>(+26 for winning)\n|l|\u2606Fatigueboy\n","uploadtime":1699896339,"views":6,"p1id":"fatigueboy","p2id":"jadedragon61","formatid":"gen9vgc2023regulatione","rating":1267,"private":0,"password":""}