{"id":"gen9vgc2023regulatione-2000215562","p1":"StupidGoose","p2":"xingshen","format":"[Gen 9] VGC 2023 Regulation E","log":"|j|\u2606StupidGoose\n|j|\u2606xingshen\n|t:|1701173260\n|gametype|doubles\n|player|p1|StupidGoose|birdkeeper-gen4dp|1160\n|player|p2|xingshen|101|1263\n|teamsize|p1|6\n|teamsize|p2|6\n|gen|9\n|tier|[Gen 9] VGC 2023 Regulation E\n|rated|\n|rule|Species Clause: Limit one of each Pok\u00e9mon\n|rule|Item Clause: Limit one of each item\n|clearpoke\n|poke|p1|Iron Hands, L50|\n|poke|p1|Landorus-Therian, L50, M|\n|poke|p1|Sinistcha, L50|\n|poke|p1|Grimmsnarl, L50, M|\n|poke|p1|Goodra-Hisui, L50, F|\n|poke|p1|Toxapex, L50, M|\n|poke|p2|Indeedee-F, L50, F|\n|poke|p2|Sneasler, L50, M|\n|poke|p2|Salamence, L50, M|\n|poke|p2|Gholdengo, L50|\n|poke|p2|Ogerpon-Wellspring, L50, F|\n|poke|p2|Urshifu-*, L50, M|\n|teampreview|4\n|inactive|Battle timer is ON: inactive players will automatically lose when time's up. (requested by StupidGoose)\nStupidGoose has agreed to open team sheets.\n|\n|t:|1701173289\n|start\n|switch|p1a: Iron Hands|Iron Hands, L50|100\/100\n|switch|p1b: Toxapex|Toxapex, L50, M|100\/100\n|switch|p2a: Salamence|Salamence, L50, M|100\/100\n|switch|p2b: Gholdengo|Gholdengo, L50|100\/100\n|-ability|p2a: Salamence|Intimidate|boost\n|-unboost|p1a: Iron Hands|atk|1\n|-unboost|p1b: Toxapex|atk|1\n|turn|1\n|\n|t:|1701173308\n|switch|p2a: Indeedee|Indeedee-F, L50, F|100\/100\n|-fieldstart|move: Psychic Terrain|[from] ability: Psychic Surge|[of] p2a: Indeedee\n|move|p1a: Iron Hands|Fake Out|p2a: Indeedee\n|-activate|p2a: Indeedee|move: Psychic Terrain\n|move|p2b: Gholdengo|Nasty Plot|p2b: Gholdengo\n|-boost|p2b: Gholdengo|spa|2\n|move|p1b: Toxapex|Infestation|p2b: Gholdengo\n|-resisted|p2b: Gholdengo\n|-damage|p2b: Gholdengo|99\/100\n|-activate|p2b: Gholdengo|move: Infestation|[of] p1b: Toxapex\n|\n|-heal|p2b: Gholdengo|100\/100|[from] item: Leftovers\n|-damage|p2b: Gholdengo|84\/100|[from] move: Infestation|[partiallytrapped]\n|upkeep\n|turn|2\n|inactive|xingshen has 30 seconds left.\n|\n|t:|1701173341\n|move|p2a: Indeedee|Follow Me|p2a: Indeedee\n|-singleturn|p2a: Indeedee|move: Follow Me\n|move|p2b: Gholdengo|Nasty Plot|p2b: Gholdengo\n|-boost|p2b: Gholdengo|spa|2\n|move|p1a: Iron Hands|Wild Charge|p2a: Indeedee\n|-crit|p2a: Indeedee\n|-damage|p2a: Indeedee|19\/100\n|-enditem|p2a: Indeedee|Aguav Berry|[eat]\n|-heal|p2a: Indeedee|52\/100|[from] item: Aguav Berry\n|-damage|p1a: Iron Hands|87\/100|[from] Recoil\n|move|p1b: Toxapex|Substitute|p1b: Toxapex\n|-start|p1b: Toxapex|Substitute\n|-damage|p1b: Toxapex|76\/100\n|\n|-heal|p2b: Gholdengo|90\/100|[from] item: Leftovers\n|-damage|p2b: Gholdengo|74\/100|[from] move: Infestation|[partiallytrapped]\n|upkeep\n|turn|3\n|inactive|xingshen has 30 seconds left.\n|inactive|xingshen has 20 seconds left.\n|inactive|xingshen has 15 seconds left.\n|\n|t:|1701173385\n|move|p2a: Indeedee|Helping Hand|p2b: Gholdengo\n|-immune|p2b: Gholdengo|[from] ability: Good as Gold\n|move|p1b: Toxapex|Baneful Bunker|p1b: Toxapex\n|-singleturn|p1b: Toxapex|move: Protect\n|move|p2b: Gholdengo|Shadow Ball|p1a: Iron Hands\n|-damage|p1a: Iron Hands|12\/100\n|move|p1a: Iron Hands|Wild Charge|p2b: Gholdengo\n|-damage|p2b: Gholdengo|31\/100\n|-damage|p1a: Iron Hands|5\/100|[from] Recoil\n|\n|-heal|p2b: Gholdengo|37\/100|[from] item: Leftovers\n|-damage|p2b: Gholdengo|21\/100|[from] move: Infestation|[partiallytrapped]\n|upkeep\n|turn|4\n|inactive|xingshen has 30 seconds left.\n|\n|t:|1701173414\n|move|p2a: Indeedee|Follow Me|p2a: Indeedee\n|-singleturn|p2a: Indeedee|move: Follow Me\n|move|p2b: Gholdengo|Make It Rain|p1b: Toxapex|[spread] p1a,p1b\n|-resisted|p1b: Toxapex\n|-end|p1b: Toxapex|Substitute\n|-resisted|p1a: Iron Hands\n|-damage|p1a: Iron Hands|0 fnt\n|-unboost|p2b: Gholdengo|spa|1\n|faint|p1a: Iron Hands\n|-end|p1a: Iron Hands|Quark Drive|[silent]\n|move|p1b: Toxapex|Infestation|p2a: Indeedee\n|-supereffective|p2a: Indeedee\n|-damage|p2a: Indeedee|46\/100\n|-activate|p2a: Indeedee|move: Infestation|[of] p1b: Toxapex\n|\n|-heal|p2b: Gholdengo|27\/100|[from] item: Leftovers\n|-damage|p2b: Gholdengo|10\/100|[from] move: Infestation|[partiallytrapped]\n|-damage|p2a: Indeedee|29\/100|[from] move: Infestation|[partiallytrapped]\n|upkeep\n|\n|t:|1701173433\n|switch|p1a: Goodra|Goodra-Hisui, L50, F|100\/100\n|turn|5\n|\n|t:|1701173450\n|-terastallize|p1a: Goodra|Water\n|move|p1b: Toxapex|Baneful Bunker|p1b: Toxapex\n|-singleturn|p1b: Toxapex|move: Protect\n|move|p2a: Indeedee|Follow Me|p2a: Indeedee\n|-singleturn|p2a: Indeedee|move: Follow Me\n|move|p2b: Gholdengo|Shadow Ball|p1a: Goodra\n|-damage|p1a: Goodra|32\/100\n|move|p1a: Goodra|Life Dew|p1a: Goodra|[spread] p1a,p1b\n|-heal|p1a: Goodra|57\/100\n|-heal|p1b: Toxapex|100\/100\n|\n|-heal|p2b: Gholdengo|16\/100|[from] item: Leftovers\n|-heal|p1a: Goodra|63\/100|[from] item: Leftovers\n|-end|p2b: Gholdengo|Infestation|[partiallytrapped]\n|-damage|p2a: Indeedee|13\/100|[from] move: Infestation|[partiallytrapped]\n|-fieldend|move: Psychic Terrain\n|upkeep\n|turn|6\n|inactive|StupidGoose has 30 seconds left.\n|inactive|xingshen has 30 seconds left.\n|inactive|StupidGoose has 20 seconds left.\n|inactive|xingshen has 20 seconds left.\n|inactive|StupidGoose has 15 seconds left.\n|inactive|xingshen has 15 seconds left.\n|inactive|StupidGoose has 10 seconds left.\n|inactive|xingshen has 10 seconds left.\n|l|\u2606xingshen\n|inactive|xingshen disconnected and has a minute to reconnect!\n|player|p2|\n|inactive|StupidGoose has 5 seconds left.\n|inactive|xingshen has 5 seconds left.\n|j|\u2606xingshen\n|inactive|xingshen reconnected and has 5 seconds left.\n|player|p2|xingshen|101\n|\n|t:|1701173505\n|move|p2b: Gholdengo|Protect|p2b: Gholdengo\n|-singleturn|p2b: Gholdengo|Protect\n|move|p2a: Indeedee|Follow Me|p2a: Indeedee\n|-singleturn|p2a: Indeedee|move: Follow Me\n|move|p1a: Goodra|Life Dew||[still]|[spread] p1a,p1b\n|-heal|p1a: Goodra|88\/100\n|-fail|p1b: Toxapex|heal\n|move|p1b: Toxapex|Infestation|p2a: Indeedee\n|-supereffective|p2a: Indeedee\n|-damage|p2a: Indeedee|6\/100\n|\n|-heal|p2b: Gholdengo|22\/100|[from] item: Leftovers\n|-heal|p1a: Goodra|94\/100|[from] item: Leftovers\n|-damage|p2a: Indeedee|0 fnt|[from] move: Infestation|[partiallytrapped]\n|faint|p2a: Indeedee\n|upkeep\n|\n|t:|1701173517\n|switch|p2a: Sneasler|Sneasler, L50, M|100\/100\n|turn|7\n|inactive|StupidGoose has 30 seconds left.\n|inactive|StupidGoose has 20 seconds left.\n|inactive|StupidGoose has 15 seconds left.\n|inactive|StupidGoose has 10 seconds left.\n|\n|t:|1701173563\n|move|p2a: Sneasler|Swords Dance|p2a: Sneasler\n|-boost|p2a: Sneasler|atk|2\n|move|p2b: Gholdengo|Shadow Ball|p1a: Goodra\n|-damage|p1a: Goodra|28\/100\n|move|p1a: Goodra|Shelter|p1a: Goodra\n|-boost|p1a: Goodra|def|2\n|move|p1b: Toxapex|Infestation|p2b: Gholdengo\n|-resisted|p2b: Gholdengo\n|-damage|p2b: Gholdengo|22\/100\n|-activate|p2b: Gholdengo|move: Infestation|[of] p1b: Toxapex\n|\n|-heal|p2b: Gholdengo|27\/100|[from] item: Leftovers\n|-heal|p1a: Goodra|34\/100|[from] item: Leftovers\n|-damage|p2b: Gholdengo|11\/100|[from] move: Infestation|[partiallytrapped]\n|upkeep\n|turn|8\n|inactive|xingshen has 30 seconds left.\n|\n|t:|1701173589\n|move|p2a: Sneasler|Dire Claw|p1a: Goodra\n|-damage|p1a: Goodra|4\/100\n|move|p2b: Gholdengo|Shadow Ball|p1a: Goodra\n|-damage|p1a: Goodra|0 fnt\n|faint|p1a: Goodra\n|move|p1b: Toxapex|Infestation|p2a: Sneasler\n|-resisted|p2a: Sneasler\n|-damage|p2a: Sneasler|99\/100\n|-activate|p2a: Sneasler|move: Infestation|[of] p1b: Toxapex\n|\n|-heal|p2b: Gholdengo|17\/100|[from] item: Leftovers\n|-damage|p2a: Sneasler|83\/100|[from] move: Infestation|[partiallytrapped]\n|-damage|p2b: Gholdengo|0 fnt|[from] move: Infestation|[partiallytrapped]\n|faint|p2b: Gholdengo\n|upkeep\n|inactive|StupidGoose has 30 seconds left.\n|\n|t:|1701173623\n|switch|p2b: Salamence|Salamence, L50, M|100\/100\n|switch|p1a: Sinistcha|Sinistcha, L50|100\/100\n|-ability|p2b: Salamence|Intimidate|boost\n|-unboost|p1a: Sinistcha|atk|1\n|-unboost|p1b: Toxapex|atk|1\n|turn|9\n|\n|t:|1701173639\n|move|p2b: Salamence|Air Slash|p1a: Sinistcha\n|-supereffective|p1a: Sinistcha\n|-damage|p1a: Sinistcha|26\/100\n|-enditem|p1a: Sinistcha|Sitrus Berry|[eat]\n|-heal|p1a: Sinistcha|51\/100|[from] item: Sitrus Berry\n|move|p2a: Sneasler|Dire Claw|p1a: Sinistcha\n|-damage|p1a: Sinistcha|0 fnt\n|faint|p1a: Sinistcha\n|move|p1b: Toxapex|Substitute|p1b: Toxapex\n|-start|p1b: Toxapex|Substitute\n|-damage|p1b: Toxapex|76\/100\n|\n|-damage|p2a: Sneasler|66\/100|[from] move: Infestation|[partiallytrapped]\n|upkeep\n|turn|10\n|\n|t:|1701173664\n|-terastallize|p2b: Salamence|Steel\n|move|p1b: Toxapex|Baneful Bunker|p1b: Toxapex\n|-singleturn|p1b: Toxapex|move: Protect\n|move|p2b: Salamence|Air Slash|p1b: Toxapex\n|-activate|p1b: Toxapex|move: Protect\n|move|p2a: Sneasler|Acrobatics|p1b: Toxapex\n|-activate|p1b: Toxapex|move: Protect\n|\n|-damage|p2a: Sneasler|49\/100|[from] move: Infestation|[partiallytrapped]\n|upkeep\n|turn|11\n|\n|t:|1701173685\n|move|p2b: Salamence|Air Slash|p1b: Toxapex\n|-activate|p1b: Toxapex|move: Substitute|[damage]\n|move|p2a: Sneasler|Swords Dance|p2a: Sneasler\n|-boost|p2a: Sneasler|atk|2\n|move|p1b: Toxapex|Infestation|p2b: Salamence\n|-resisted|p2b: Salamence\n|-damage|p2b: Salamence|99\/100\n|-activate|p2b: Salamence|move: Infestation|[of] p1b: Toxapex\n|-damage|p1b: Toxapex|59\/100|[from] item: Rocky Helmet|[of] p2b: Salamence\n|\n|-damage|p2b: Salamence|82\/100|[from] move: Infestation|[partiallytrapped]\n|-damage|p2a: Sneasler|33\/100|[from] move: Infestation|[partiallytrapped]\n|upkeep\n|turn|12\n|\n|t:|1701173704\n|move|p1b: Toxapex|Baneful Bunker|p1b: Toxapex\n|-singleturn|p1b: Toxapex|move: Protect\n|move|p2b: Salamence|Air Slash|p1b: Toxapex\n|-activate|p1b: Toxapex|move: Protect\n|move|p2a: Sneasler|Acrobatics|p1b: Toxapex\n|-activate|p1b: Toxapex|move: Protect\n|\n|-damage|p2b: Salamence|66\/100|[from] move: Infestation|[partiallytrapped]\n|-end|p2a: Sneasler|Infestation|[partiallytrapped]\n|upkeep\n|turn|13\n|\n|t:|1701173720\n|move|p2b: Salamence|Air Slash|p1b: Toxapex\n|-end|p1b: Toxapex|Substitute\n|move|p2a: Sneasler|Acrobatics|p1b: Toxapex\n|-damage|p1b: Toxapex|14\/100\n|move|p1b: Toxapex|Infestation|p2a: Sneasler\n|-resisted|p2a: Sneasler\n|-damage|p2a: Sneasler|32\/100\n|-activate|p2a: Sneasler|move: Infestation|[of] p1b: Toxapex\n|\n|-damage|p2b: Salamence|49\/100|[from] move: Infestation|[partiallytrapped]\n|-damage|p2a: Sneasler|15\/100|[from] move: Infestation|[partiallytrapped]\n|upkeep\n|turn|14\n|\n|t:|1701173736\n|move|p1b: Toxapex|Baneful Bunker|p1b: Toxapex\n|-singleturn|p1b: Toxapex|move: Protect\n|move|p2b: Salamence|Air Slash|p1b: Toxapex\n|-activate|p1b: Toxapex|move: Protect\n|move|p2a: Sneasler|Acrobatics|p1b: Toxapex\n|-activate|p1b: Toxapex|move: Protect\n|\n|-damage|p2b: Salamence|33\/100|[from] move: Infestation|[partiallytrapped]\n|-damage|p2a: Sneasler|0 fnt|[from] move: Infestation|[partiallytrapped]\n|faint|p2a: Sneasler\n|upkeep\n|turn|15\n|\n|t:|1701173750\n|move|p2b: Salamence|Draco Meteor|p1b: Toxapex\n|-crit|p1b: Toxapex\n|-damage|p1b: Toxapex|0 fnt\n|-unboost|p2b: Salamence|spa|2\n|faint|p1b: Toxapex\n|\n|win|xingshen\n|raw|StupidGoose's rating: 1160 &rarr; <strong>1142<\/strong><br \/>(-18 for losing)\n|raw|xingshen's rating: 1263 &rarr; <strong>1281<\/strong><br \/>(+18 for winning)\n|l|\u2606StupidGoose\n","uploadtime":1701173764,"views":6,"p1id":"stupidgoose","p2id":"xingshen","formatid":"gen9vgc2023regulatione","rating":1142,"private":0,"password":""}