{"id":"gen9vgc2023regulatione-1988464672","p1":"Allilain","p2":"BlindMagneton","format":"[Gen 9] VGC 2023 Regulation E","log":"|j|\u2606Allilain\n|j|\u2606BlindMagneton\n|t:|1699725769\n|gametype|doubles\n|player|p1|Allilain|170|1434\n|player|p2|BlindMagneton|wattson|1391\n|teamsize|p1|6\n|teamsize|p2|6\n|gen|9\n|tier|[Gen 9] VGC 2023 Regulation E\n|rated|\n|rule|Species Clause: Limit one of each Pok\u00e9mon\n|rule|Item Clause: Limit one of each item\n|clearpoke\n|poke|p1|Farigiraf, L50, F|\n|poke|p1|Iron Hands, L50|\n|poke|p1|Iron Valiant, L50|\n|poke|p1|Sinistcha, L50|\n|poke|p1|Heatran, L50, F|\n|poke|p1|Cresselia, L50, F|\n|poke|p2|Zoroark-Hisui, L50, F|\n|poke|p2|Grimmsnarl, L50, M|\n|poke|p2|Magnezone, L50|\n|poke|p2|Sinistcha, L50|\n|poke|p2|Farigiraf, L50, F|\n|poke|p2|Pelipper, L50, M|\n|teampreview|4\n|inactive|Battle timer is ON: inactive players will automatically lose when time's up. (requested by Allilain)\n|inactive|BlindMagneton has 60 seconds left.\n|\n|t:|1699725853\n|start\n|switch|p1a: Farigiraf|Farigiraf, L50, F, shiny|100\/100\n|switch|p1b: Iron Hands|Iron Hands, L50|100\/100\n|switch|p2a: Pelipper|Pelipper, L50, M|100\/100\n|switch|p2b: Magnezone|Magnezone, L50|100\/100\n|-weather|RainDance|[from] ability: Drizzle|[of] p2a: Pelipper\n|turn|1\n|inactive|BlindMagneton has 30 seconds left.\n|\n|t:|1699725883\n|move|p2b: Magnezone|Trick|p1a: Farigiraf\n|-activate|p2b: Magnezone|move: Trick|[of] p1a: Farigiraf\n|-item|p1a: Farigiraf|Choice Specs|[from] move: Trick\n|-item|p2b: Magnezone|Rocky Helmet|[from] move: Trick\n|move|p2a: Pelipper|Weather Ball|p1b: Iron Hands\n|-damage|p1b: Iron Hands|64\/100\n|move|p1b: Iron Hands|Drain Punch|p2b: Magnezone\n|-immune|p2b: Magnezone\n|move|p1a: Farigiraf|Trick Room|p1a: Farigiraf\n|-fieldstart|move: Trick Room|[of] p1a: Farigiraf\n|\n|-weather|RainDance|[upkeep]\n|upkeep\n|turn|2\n|inactive|Allilain has 30 seconds left.\n|inactive|BlindMagneton has 30 seconds left.\n|\n|t:|1699725914\n|switch|p1a: Sinistcha|Sinistcha, L50, shiny|100\/100\n|-heal|p1b: Iron Hands|89\/100|[from] ability: Hospitality|[of] p1a: Sinistcha\n|move|p1b: Iron Hands|Wild Charge|p2a: Pelipper\n|-supereffective|p2a: Pelipper\n|-enditem|p2a: Pelipper|Focus Sash\n|-damage|p2a: Pelipper|1\/100\n|-damage|p1b: Iron Hands|75\/100|[from] Recoil\n|move|p2a: Pelipper|Hurricane|p1a: Sinistcha\n|-supereffective|p1a: Sinistcha\n|-damage|p1a: Sinistcha|0 fnt\n|faint|p1a: Sinistcha\n|move|p2b: Magnezone|Bitter Malice|p1b: Iron Hands\n|-damage|p1b: Iron Hands|57\/100\n|-unboost|p1b: Iron Hands|atk|1\n|\n|-weather|RainDance|[upkeep]\n|upkeep\n|\n|t:|1699725934\n|switch|p1a: Farigiraf|Farigiraf, L50, F, shiny|100\/100\n|turn|3\n|inactive|BlindMagneton has 30 seconds left.\n|inactive|BlindMagneton has 20 seconds left.\n|inactive|BlindMagneton has 15 seconds left.\n|inactive|BlindMagneton has 10 seconds left.\n|inactive|BlindMagneton has 5 seconds left.\n|\n|t:|1699725986\n|-terastallize|p1a: Farigiraf|Fairy\n|move|p2a: Pelipper|Wide Guard|p2a: Pelipper\n|-singleturn|p2a: Pelipper|Wide Guard\n|move|p1a: Farigiraf|Dazzling Gleam|p2a: Pelipper|[spread] \n|-activate|p2a: Pelipper|move: Wide Guard\n|-activate|p2b: Magnezone|move: Wide Guard\n|move|p1b: Iron Hands|Wild Charge|p2b: Magnezone\n|-damage|p2b: Magnezone|30\/100\n|-damage|p1b: Iron Hands|40\/100|[from] item: Rocky Helmet|[of] p2b: Magnezone\n|replace|p2b: Zoroark|Zoroark-Hisui, L50, F\n|-end|p2b: Zoroark|Illusion\n|-damage|p1b: Iron Hands|31\/100|[from] Recoil\n|move|p2b: Zoroark|Hyper Voice|p1a: Farigiraf|[spread] p1a,p1b\n|-damage|p1a: Farigiraf|67\/100\n|-damage|p1b: Iron Hands|14\/100\n|\n|-weather|RainDance|[upkeep]\n|upkeep\n|turn|4\n|inactive|BlindMagneton has 30 seconds left.\n|inactive|Allilain has 30 seconds left.\n|inactive|BlindMagneton has 20 seconds left.\n|inactive|BlindMagneton has 15 seconds left.\n|inactive|BlindMagneton has 10 seconds left.\n|inactive|BlindMagneton has 5 seconds left.\n|\n|t:|1699726040\n|switch|p2b: Sinistcha|Sinistcha, L50|100\/100\n|-heal|p2a: Pelipper|26\/100|[from] ability: Hospitality|[of] p2b: Sinistcha\n|move|p2a: Pelipper|Wide Guard|p2a: Pelipper\n|-singleturn|p2a: Pelipper|Wide Guard\n|move|p1a: Farigiraf|Dazzling Gleam|p2b: Sinistcha|[spread] \n|-activate|p2a: Pelipper|move: Wide Guard\n|-activate|p2b: Sinistcha|move: Wide Guard\n|move|p1b: Iron Hands|Wild Charge|p2b: Sinistcha\n|-resisted|p2b: Sinistcha\n|-damage|p2b: Sinistcha|87\/100\n|-damage|p1b: Iron Hands|0 fnt|[from] item: Rocky Helmet|[of] p2b: Sinistcha\n|faint|p1b: Iron Hands\n|-end|p1b: Iron Hands|Quark Drive|[silent]\n|\n|-weather|RainDance|[upkeep]\n|upkeep\n|\n|t:|1699726054\n|switch|p1b: Iron Valiant|Iron Valiant, L50, shiny|100\/100\n|turn|5\n|inactive|BlindMagneton has 30 seconds left.\n|\n|t:|1699726084\n|move|p1b: Iron Valiant|Protect|p1b: Iron Valiant\n|-singleturn|p1b: Iron Valiant|Protect\n|move|p2a: Pelipper|Wide Guard|p2a: Pelipper\n|-singleturn|p2a: Pelipper|Wide Guard\n|move|p1a: Farigiraf|Dazzling Gleam|p2b: Sinistcha|[spread] \n|-activate|p2a: Pelipper|move: Wide Guard\n|-activate|p2b: Sinistcha|move: Wide Guard\n|move|p2b: Sinistcha|Matcha Gotcha|p1a: Farigiraf|[spread] p1a\n|-activate|p1b: Iron Valiant|move: Protect\n|-damage|p1a: Farigiraf|43\/100\n|-heal|p2b: Sinistcha|100\/100|[from] drain|[of] p1a: Farigiraf\n|-status|p1a: Farigiraf|brn\n|\n|-weather|none\n|-damage|p1a: Farigiraf|37\/100 brn|[from] brn\n|-fieldend|move: Trick Room\n|upkeep\n|turn|6\n|inactive|BlindMagneton has 30 seconds left.\n|inactive|BlindMagneton has 20 seconds left.\n|inactive|BlindMagneton has 15 seconds left.\n|inactive|BlindMagneton has 10 seconds left.\n|inactive|BlindMagneton has 5 seconds left.\n|\n|t:|1699726137\n|switch|p2a: Magnezone|Magnezone, L50|100\/100\n|move|p1b: Iron Valiant|Spirit Break|p2b: Sinistcha\n|-damage|p2b: Sinistcha|65\/100\n|-unboost|p2b: Sinistcha|spa|1\n|-damage|p1b: Iron Valiant|84\/100|[from] item: Rocky Helmet|[of] p2b: Sinistcha\n|move|p2b: Sinistcha|Matcha Gotcha|p1b: Iron Valiant|[spread] p1a,p1b\n|-damage|p1a: Farigiraf|21\/100 brn\n|-heal|p2b: Sinistcha|75\/100|[from] drain|[of] p1a: Farigiraf\n|-damage|p1b: Iron Valiant|55\/100\n|-heal|p2b: Sinistcha|88\/100|[from] drain|[of] p1b: Iron Valiant\n|-status|p1b: Iron Valiant|brn\n|move|p1a: Farigiraf|Dazzling Gleam|p2b: Sinistcha|[spread] p2a,p2b\n|-resisted|p2a: Magnezone\n|-damage|p2a: Magnezone|82\/100\n|-damage|p2b: Sinistcha|57\/100\n|\n|-heal|p2a: Magnezone|88\/100|[from] item: Leftovers\n|-damage|p1b: Iron Valiant|49\/100 brn|[from] brn\n|-damage|p1a: Farigiraf|15\/100 brn|[from] brn\n|upkeep\n|turn|7\n|inactive|BlindMagneton has 30 seconds left.\n|-message|Allilain forfeited.\n|\n|win|BlindMagneton\n|raw|Allilain's rating: 1434 &rarr; <strong>1412<\/strong><br \/>(-22 for losing)\n|raw|BlindMagneton's rating: 1391 &rarr; <strong>1413<\/strong><br \/>(+22 for winning)\n|l|\u2606Allilain\n","uploadtime":1699726185,"views":13,"p1id":"allilain","p2id":"blindmagneton","formatid":"gen9vgc2023regulatione","rating":1412,"private":0,"password":""}