{"id":"gen9vgc2023regulatione-2000361121","p1":"jodad514iscool","p2":"Lurvas","format":"[Gen 9] VGC 2023 Regulation E","log":"|j|\u2606jodad514iscool\n|j|\u2606Lurvas\n|t:|1701188288\n|gametype|doubles\n|player|p1|jodad514iscool|1|1091\n|player|p2|Lurvas|alder|1155\n|teamsize|p1|6\n|teamsize|p2|6\n|gen|9\n|tier|[Gen 9] VGC 2023 Regulation E\n|rated|\n|rule|Species Clause: Limit one of each Pok\u00e9mon\n|rule|Item Clause: Limit one of each item\n|clearpoke\n|poke|p1|Ursaluna, L50, F|\n|poke|p1|Cresselia, L50, F|\n|poke|p1|Fezandipiti, L50, M|\n|poke|p1|Ting-Lu, L50|\n|poke|p1|Iron Bundle, L50|\n|poke|p1|Heatran, L50, M|\n|poke|p2|Urshifu-*, L50, F|\n|poke|p2|Rillaboom, L50, M|\n|poke|p2|Flutter Mane, L50|\n|poke|p2|Arcanine-Hisui, L50, F|\n|poke|p2|Chien-Pao, L50|\n|poke|p2|Tornadus, L50, M|\n|teampreview|4\nLurvas has agreed to open team sheets.\n|inactive|Battle timer is ON: inactive players will automatically lose when time's up. (requested by Lurvas)\n|inactive|Lurvas has 60 seconds left.\n|\n|t:|1701188326\n|start\n|switch|p1a: Fezandipiti|Fezandipiti, L50, M|100\/100\n|switch|p1b: Cresselia|Cresselia, L50, F, shiny|100\/100\n|switch|p2a: Rillaboom|Rillaboom, L50, M|100\/100\n|switch|p2b: Tornadus|Tornadus, L50, M|100\/100\n|-fieldstart|move: Grassy Terrain|[from] ability: Grassy Surge|[of] p2a: Rillaboom\n|turn|1\n|\n|t:|1701188351\n|move|p2a: Rillaboom|Fake Out|p1b: Cresselia\n|-damage|p1b: Cresselia|89\/100\n|move|p2b: Tornadus|Taunt|p1b: Cresselia\n|-start|p1b: Cresselia|move: Taunt\n|-enditem|p1b: Cresselia|Mental Herb\n|-end|p1b: Cresselia|move: Taunt\n|move|p1a: Fezandipiti|Swords Dance|p1a: Fezandipiti\n|-boost|p1a: Fezandipiti|atk|2\n|cant|p1b: Cresselia|flinch\n|\n|upkeep\n|turn|2\n|inactive|jodad514iscool has 30 seconds left.\n|\n|t:|1701188377\n|move|p2b: Tornadus|Taunt|p1b: Cresselia\n|-start|p1b: Cresselia|move: Taunt\n|move|p1a: Fezandipiti|Dual Wingbeat|p2a: Rillaboom\n|-supereffective|p2a: Rillaboom\n|-damage|p2a: Rillaboom|26\/100\n|-supereffective|p2a: Rillaboom\n|-damage|p2a: Rillaboom|0 fnt\n|faint|p2a: Rillaboom\n|-hitcount|p2: Rillaboom|2\n|move|p1b: Cresselia|Dazzling Gleam|p2b: Tornadus\n|-damage|p2b: Tornadus|82\/100\n|\n|upkeep\n|\n|t:|1701188389\n|switch|p2a: Arcanine|Arcanine-Hisui, L50, F|100\/100\n|-ability|p2a: Arcanine|Intimidate|boost\n|-unboost|p1a: Fezandipiti|atk|1\n|-unboost|p1b: Cresselia|atk|1\n|turn|3\n|\n|t:|1701188413\n|switch|p1b: Iron Bundle|Iron Bundle, L50|100\/100\n|-enditem|p1b: Iron Bundle|Booster Energy\n|-activate|p1b: Iron Bundle|ability: Quark Drive|[fromitem]\n|-start|p1b: Iron Bundle|quarkdrivespe\n|move|p2b: Tornadus|Bleakwind Storm|p1b: Iron Bundle|[spread] p1a\n|-miss|p2b: Tornadus|p1b: Iron Bundle\n|-damage|p1a: Fezandipiti|75\/100\n|move|p2a: Arcanine|Flare Blitz|p1a: Fezandipiti\n|-damage|p1a: Fezandipiti|0 fnt\n|faint|p1a: Fezandipiti\n|-damage|p2a: Arcanine|74\/100|[from] Recoil\n|\n|-heal|p2a: Arcanine|80\/100|[from] Grassy Terrain\n|upkeep\n|\n|t:|1701188428\n|switch|p1a: Ting-Lu|Ting-Lu, L50|100\/100\n|-ability|p1a: Ting-Lu|Vessel of Ruin\n|turn|4\n|\n|t:|1701188448\n|switch|p2a: Urshifu|Urshifu-Rapid-Strike, L50, F|100\/100\n|move|p2b: Tornadus|Tailwind|p2b: Tornadus\n|-sidestart|p2: Lurvas|move: Tailwind\n|move|p1b: Iron Bundle|Freeze-Dry|p2b: Tornadus\n|-supereffective|p2b: Tornadus\n|-damage|p2b: Tornadus|23\/100\n|move|p1a: Ting-Lu|Stomping Tantrum|p2a: Urshifu\n|-crit|p2a: Urshifu\n|-damage|p2a: Urshifu|44\/100\n|\n|-heal|p2a: Urshifu|50\/100|[from] Grassy Terrain\n|upkeep\n|turn|5\n|inactive|jodad514iscool has 30 seconds left.\n|inactive|Lurvas has 30 seconds left.\n|\n|t:|1701188475\n|-terastallize|p1a: Ting-Lu|Steel\n|move|p2a: Urshifu|Detect|p2a: Urshifu\n|-singleturn|p2a: Urshifu|Protect\n|move|p1b: Iron Bundle|Encore|p2b: Tornadus\n|-start|p2b: Tornadus|Encore\n|move|p2b: Tornadus|Tailwind||[still]\n|-fail|p2b: Tornadus\n|move|p1a: Ting-Lu|Fissure|p2a: Urshifu\n|-activate|p2a: Urshifu|move: Protect\n|\n|-heal|p2a: Urshifu|56\/100|[from] Grassy Terrain\n|-fieldend|move: Grassy Terrain\n|upkeep\n|turn|6\n|\n|t:|1701188498\n|switch|p2b: Arcanine|Arcanine-Hisui, L50, F|80\/100\n|-ability|p2b: Arcanine|Intimidate|boost\n|-unboost|p1a: Ting-Lu|atk|1\n|-unboost|p1b: Iron Bundle|atk|1\n|move|p1b: Iron Bundle|Freeze-Dry|p2b: Arcanine\n|-resisted|p2b: Arcanine\n|-damage|p2b: Arcanine|64\/100\n|move|p2a: Urshifu|Close Combat|p1a: Ting-Lu\n|-supereffective|p1a: Ting-Lu\n|-damage|p1a: Ting-Lu|26\/100\n|-unboost|p2a: Urshifu|def|1\n|-unboost|p2a: Urshifu|spd|1\n|move|p1a: Ting-Lu|Stomping Tantrum|p2a: Urshifu\n|-damage|p2a: Urshifu|19\/100\n|\n|upkeep\n|turn|7\n|\n|t:|1701188520\n|move|p1b: Iron Bundle|Freeze-Dry|p2a: Urshifu\n|-supereffective|p2a: Urshifu\n|-damage|p2a: Urshifu|0 fnt\n|faint|p2a: Urshifu\n|move|p2b: Arcanine|Rock Slide|p1b: Iron Bundle|[spread] p1a,p1b\n|-resisted|p1a: Ting-Lu\n|-supereffective|p1b: Iron Bundle\n|-damage|p1a: Ting-Lu|14\/100\n|-damage|p1b: Iron Bundle|0 fnt\n|faint|p1b: Iron Bundle\n|-end|p1b: Iron Bundle|Quark Drive|[silent]\n|move|p1a: Ting-Lu|Stomping Tantrum|p2b: Arcanine\n|-supereffective|p2b: Arcanine\n|-damage|p2b: Arcanine|0 fnt\n|faint|p2b: Arcanine\n|\n|-sideend|p2: Lurvas|move: Tailwind\n|upkeep\n|\n|t:|1701188535\n|switch|p1b: Cresselia|Cresselia, L50, F, shiny|89\/100\n|switch|p2a: Tornadus|Tornadus, L50, M|23\/100\n|turn|8\n|\n|t:|1701188544\n|move|p2a: Tornadus|Bleakwind Storm|p1a: Ting-Lu|[spread] p1b\n|-miss|p2a: Tornadus|p1a: Ting-Lu\n|-damage|p1b: Cresselia|75\/100\n|move|p1a: Ting-Lu|Body Slam|p2a: Tornadus\n|-damage|p2a: Tornadus|0 fnt\n|faint|p2a: Tornadus\n|\n|win|jodad514iscool\n|raw|jodad514iscool's rating: 1091 &rarr; <strong>1122<\/strong><br \/>(+31 for winning)\n|raw|Lurvas's rating: 1155 &rarr; <strong>1125<\/strong><br \/>(-30 for losing)\n|c|\u2606jodad514iscool|gg\n|c|\u2606Lurvas|gg\n","uploadtime":1701189022,"views":15,"p1id":"jodad514iscool","p2id":"lurvas","formatid":"gen9vgc2023regulatione","rating":1122,"private":0,"password":""}