{"id":"gen9vgc2023regulatione-1998321254","p1":"calrizzian","p2":"KingBerger14","format":"[Gen 9] VGC 2023 Regulation E","log":"|j|\u203dcalrizzian\n|j|\u2606KingBerger14\n|t:|1700929171\n|gametype|doubles\n|player|p1|calrizzian|pokemonranger-gen4|1287\n|player|p2|KingBerger14|2|1236\n|teamsize|p1|6\n|teamsize|p2|6\n|gen|9\n|tier|[Gen 9] VGC 2023 Regulation E\n|rated|\n|rule|Species Clause: Limit one of each Pok\u00e9mon\n|rule|Item Clause: Limit one of each item\n|clearpoke\n|poke|p1|Landorus-Therian, L50, M|\n|poke|p1|Urshifu-*, L50, F|\n|poke|p1|Flutter Mane, L50|\n|poke|p1|Amoonguss, L50, F|\n|poke|p1|Tornadus, L50, M|\n|poke|p1|Iron Hands, L50|\n|poke|p2|Ursaluna, L50, F|\n|poke|p2|Amoonguss, L50, M|\n|poke|p2|Dragonite, L50, F|\n|poke|p2|Ogerpon-Wellspring, L50, F|\n|poke|p2|Scizor, L50, F|\n|poke|p2|Cresselia, L50, F|\n|teampreview|4\n|inactive|Battle timer is ON: inactive players will automatically lose when time's up. (requested by calrizzian)\n|inactive|calrizzian has 60 seconds left.\n|inactive|calrizzian has 30 seconds left.\n|inactive|calrizzian has 20 seconds left.\n|inactive|calrizzian has 15 seconds left.\n|\n|t:|1700929250\n|start\n|switch|p1a: Landorus|Landorus-Therian, L50, M, shiny|100\/100\n|switch|p1b: Amoonguss|Amoonguss, L50, F, shiny|100\/100\n|switch|p2a: Amoonguss|Amoonguss, L50, M|100\/100\n|switch|p2b: Dragonite|Dragonite, L50, F|100\/100\n|-ability|p1a: Landorus|Intimidate|boost\n|-unboost|p2a: Amoonguss|atk|1\n|-unboost|p2b: Dragonite|atk|1\n|turn|1\n|\n|t:|1700929273\n|move|p1a: Landorus|U-turn|p2a: Amoonguss\n|-crit|p2a: Amoonguss\n|-damage|p2a: Amoonguss|60\/100\n|-damage|p1a: Landorus|84\/100|[from] item: Rocky Helmet|[of] p2a: Amoonguss\n|\n|t:|1700929279\n|switch|p1a: Iron Hands|Iron Hands, L50|100\/100|[from] U-turn\n|move|p2b: Dragonite|Fire Blast|p1b: Amoonguss\n|-supereffective|p1b: Amoonguss\n|-damage|p1b: Amoonguss|55\/100\n|move|p2a: Amoonguss|Spore|p1a: Iron Hands\n|-status|p1a: Iron Hands|slp|[from] move: Spore\n|move|p1b: Amoonguss|Spore|p2b: Dragonite\n|-status|p2b: Dragonite|slp|[from] move: Spore\n|\n|upkeep\n|turn|2\n|inactive|calrizzian has 30 seconds left.\n|inactive|KingBerger14 has 30 seconds left.\n|inactive|calrizzian has 20 seconds left.\n|inactive|KingBerger14 has 20 seconds left.\n|inactive|calrizzian has 15 seconds left.\n|inactive|KingBerger14 has 15 seconds left.\n|\n|t:|1700929323\n|switch|p2b: Ursaluna|Ursaluna, L50, F|100\/100\n|switch|p2a: Cresselia|Cresselia, L50, F|100\/100\n|cant|p1a: Iron Hands|slp\n|move|p1b: Amoonguss|Spore|p2b: Ursaluna\n|-status|p2b: Ursaluna|slp|[from] move: Spore\n|\n|upkeep\n|turn|3\n|inactive|calrizzian has 30 seconds left.\n|inactive|calrizzian has 20 seconds left.\n|\n|t:|1700929358\n|cant|p1a: Iron Hands|slp\n|cant|p2b: Ursaluna|slp\n|move|p1b: Amoonguss|Spore|p2a: Cresselia\n|-status|p2a: Cresselia|slp|[from] move: Spore\n|cant|p2a: Cresselia|slp\n|\n|upkeep\n|turn|4\n|\n|t:|1700929378\n|-end|p1a: Iron Hands|Quark Drive|[silent]\n|switch|p1a: Landorus|Landorus-Therian, L50, M, shiny|84\/100\n|-ability|p1a: Landorus|Intimidate|boost\n|-unboost|p2a: Cresselia|atk|1\n|-unboost|p2b: Ursaluna|atk|1\n|cant|p2b: Ursaluna|slp\n|move|p1b: Amoonguss|Pollen Puff|p2a: Cresselia\n|-supereffective|p2a: Cresselia\n|-damage|p2a: Cresselia|73\/100 slp\n|cant|p2a: Cresselia|slp\n|\n|upkeep\n|turn|5\n|inactive|calrizzian has 30 seconds left.\n|\n|t:|1700929408\n|switch|p2a: Amoonguss|Amoonguss, L50, M|60\/100\n|move|p1a: Landorus|Stomping Tantrum|p2b: Ursaluna\n|-damage|p2b: Ursaluna|44\/100 slp\n|cant|p2b: Ursaluna|slp\n|move|p1b: Amoonguss|Spore|p2b: Ursaluna\n|-fail|p2b: Ursaluna|slp\n|\n|upkeep\n|turn|6\n|inactive|calrizzian has 30 seconds left.\n|inactive|calrizzian has 20 seconds left.\n|\n|t:|1700929447\n|switch|p1a: Iron Hands|Iron Hands, L50|100\/100 slp\n|-curestatus|p2b: Ursaluna|slp|[msg]\n|move|p2b: Ursaluna|Swords Dance|p2b: Ursaluna\n|-boost|p2b: Ursaluna|atk|2\n|move|p2a: Amoonguss|Spore|p1a: Iron Hands\n|-fail|p1a: Iron Hands|slp\n|move|p1b: Amoonguss|Pollen Puff|p2a: Amoonguss\n|-damage|p2a: Amoonguss|42\/100\n|\n|-status|p2b: Ursaluna|brn|[from] item: Flame Orb\n|upkeep\n|turn|7\n|inactive|calrizzian has 30 seconds left.\n|inactive|KingBerger14 has 30 seconds left.\n|\n|t:|1700929473\n|cant|p1a: Iron Hands|slp\n|move|p2b: Ursaluna|Earthquake|p1a: Iron Hands|[spread] p2a,p1a,p1b\n|-supereffective|p1a: Iron Hands\n|-damage|p2a: Amoonguss|0 fnt\n|-damage|p1a: Iron Hands|0 fnt\n|-damage|p1b: Amoonguss|0 fnt\n|faint|p2a: Amoonguss\n|faint|p1a: Iron Hands\n|-end|p1a: Iron Hands|Quark Drive|[silent]\n|faint|p1b: Amoonguss\n|\n|-damage|p2b: Ursaluna|38\/100 brn|[from] brn\n|upkeep\n|\n|t:|1700929485\n|switch|p1a: Landorus|Landorus-Therian, L50, M, shiny|84\/100\n|switch|p1b: Flutter Mane|Flutter Mane, L50|100\/100\n|switch|p2a: Cresselia|Cresselia, L50, F|73\/100 slp\n|-ability|p1a: Landorus|Intimidate|boost\n|-unboost|p2a: Cresselia|atk|1\n|-unboost|p2b: Ursaluna|atk|1\n|turn|8\n|\n|t:|1700929510\n|-terastallize|p1b: Flutter Mane|Fairy\n|move|p2b: Ursaluna|Protect|p2b: Ursaluna\n|-singleturn|p2b: Ursaluna|Protect\n|move|p1b: Flutter Mane|Dazzling Gleam|p2b: Ursaluna|[spread] p2a\n|-activate|p2b: Ursaluna|move: Protect\n|-damage|p2a: Cresselia|26\/100 slp\n|move|p1a: Landorus|Rock Slide|p2b: Ursaluna|[spread] p2a\n|-activate|p2b: Ursaluna|move: Protect\n|-damage|p2a: Cresselia|8\/100 slp\n|cant|p2a: Cresselia|slp\n|\n|-damage|p2b: Ursaluna|32\/100 brn|[from] brn\n|upkeep\n|turn|9\n|inactive|KingBerger14 has 30 seconds left.\n|\n|t:|1700929539\n|move|p1b: Flutter Mane|Dazzling Gleam|p2a: Cresselia|[spread] p2a,p2b\n|-damage|p2a: Cresselia|0 fnt\n|-damage|p2b: Ursaluna|0 fnt\n|faint|p2a: Cresselia\n|faint|p2b: Ursaluna\n|move|p1a: Landorus|Rock Slide|p2: Cresselia|[notarget]\n|-fail|p1a: Landorus\n|\n|upkeep\n|\n|t:|1700929550\n|switch|p2b: Dragonite|Dragonite, L50, F|100\/100 slp\n|turn|10\n|inactive|calrizzian has 30 seconds left.\n|inactive|calrizzian has 20 seconds left.\n|\n|t:|1700929587\n|-terastallize|p2b: Dragonite|Steel\n|cant|p2b: Dragonite|slp\n|move|p1b: Flutter Mane|Dazzling Gleam|p2b: Dragonite\n|-resisted|p2b: Dragonite\n|-damage|p2b: Dragonite|86\/100 slp\n|move|p1a: Landorus|Rock Slide|p2b: Dragonite|[miss]\n|-miss|p1a: Landorus|p2b: Dragonite\n|\n|upkeep\n|turn|11\n|\n|t:|1700929598\n|cant|p2b: Dragonite|slp\n|move|p1b: Flutter Mane|Dazzling Gleam|p2b: Dragonite\n|-resisted|p2b: Dragonite\n|-damage|p2b: Dragonite|58\/100 slp\n|move|p1a: Landorus|Rock Slide|p2b: Dragonite\n|-resisted|p2b: Dragonite\n|-damage|p2b: Dragonite|43\/100 slp\n|\n|upkeep\n|turn|12\n|\n|t:|1700929618\n|-curestatus|p2b: Dragonite|slp|[msg]\n|move|p2b: Dragonite|Extreme Speed|p1b: Flutter Mane\n|-damage|p1b: Flutter Mane|62\/100\n|move|p1b: Flutter Mane|Dazzling Gleam|p2b: Dragonite\n|-resisted|p2b: Dragonite\n|-damage|p2b: Dragonite|16\/100\n|move|p1a: Landorus|Rock Slide|p2b: Dragonite\n|-resisted|p2b: Dragonite\n|-damage|p2b: Dragonite|1\/100\n|\n|upkeep\n|turn|13\n|\n|t:|1700929632\n|move|p2b: Dragonite|Extreme Speed|p1b: Flutter Mane\n|-damage|p1b: Flutter Mane|23\/100\n|move|p1b: Flutter Mane|Dazzling Gleam|p2b: Dragonite\n|-resisted|p2b: Dragonite\n|-damage|p2b: Dragonite|0 fnt\n|faint|p2b: Dragonite\n|\n|win|calrizzian\n|raw|calrizzian's rating: 1287 &rarr; <strong>1308<\/strong><br \/>(+21 for winning)\n|raw|KingBerger14's rating: 1236 &rarr; <strong>1215<\/strong><br \/>(-21 for losing)\n|l|\u2606KingBerger14\n","uploadtime":1700929647,"views":1,"p1id":"calrizzian","p2id":"kingberger14","formatid":"gen9vgc2023regulatione","rating":1215,"private":0,"password":""}