{"id":"gen9vgc2023regulatione-1988305048","p1":"Nargacuga123","p2":"Sleeping Demons","format":"[Gen 9] VGC 2023 Regulation E","log":"|j|\u2606Nargacuga123\n|j|\u2606Sleeping Demons\n|t:|1699705396\n|gametype|doubles\n|player|p1|Nargacuga123|265|\n|player|p2|Sleeping Demons|169|\n|teamsize|p1|6\n|teamsize|p2|6\n|gen|9\n|tier|[Gen 9] VGC 2023 Regulation E\n|rule|Species Clause: Limit one of each Pok\u00e9mon\n|rule|Item Clause: Limit one of each item\n|clearpoke\n|poke|p1|Landorus-Therian, L50, M|\n|poke|p1|Gastrodon, L50, M|\n|poke|p1|Rillaboom, L50, F|\n|poke|p1|Tyranitar, L50, M|\n|poke|p1|Urshifu-*, L50, M|\n|poke|p1|Pelipper, L50, M|\n|poke|p2|Ursaluna-Bloodmoon, L50, M|\n|poke|p2|Oranguru, L50, F|\n|poke|p2|Torkoal, L50, F|\n|poke|p2|Maushold-Four, L50|\n|poke|p2|Urshifu-*, L50, M|\n|poke|p2|Bruxish, L50, F|\n|teampreview|4\n|c|\u2606Sleeping Demons|hi\n|c|\u2606Sleeping Demons|\u56fd\u4eba\u5417\uff1f\n|\n|t:|1699705451\n|start\n|switch|p1a: Gastrodon|Gastrodon, L50, M|100\/100\n|switch|p1b: Rillaboom|Rillaboom, L50, F, shiny|100\/100\n|switch|p2a: Oranguru|Oranguru, L50, F, shiny|100\/100\n|switch|p2b: Torkoal|Torkoal, L50, F, shiny|100\/100\n|-fieldstart|move: Grassy Terrain|[from] ability: Grassy Surge|[of] p1b: Rillaboom\n|-enditem|p1b: Rillaboom|Grassy Seed\n|-boost|p1b: Rillaboom|def|1|[from] item: Grassy Seed\n|-weather|SunnyDay|[from] ability: Drought|[of] p2b: Torkoal\n|turn|1\n|inactive|Battle timer is ON: inactive players will automatically lose when time's up. (requested by Sleeping Demons)\n|\n|t:|1699705480\n|move|p1b: Rillaboom|Fake Out|p2b: Torkoal\n|-damage|p2b: Torkoal|90\/100\n|move|p1a: Gastrodon|Sludge Bomb|p2b: Torkoal\n|-damage|p2b: Torkoal|51\/100\n|cant|p2b: Torkoal|flinch\n|move|p2a: Oranguru|Trick Room|p2a: Oranguru\n|-fieldstart|move: Trick Room|[of] p2a: Oranguru\n|\n|-weather|SunnyDay|[upkeep]\n|-heal|p2b: Torkoal|58\/100|[from] Grassy Terrain\n|upkeep\n|turn|2\n|\n|t:|1699705504\n|switch|p1b: Pelipper|Pelipper, L50, M|100\/100\n|-weather|RainDance|[from] ability: Drizzle|[of] p1b: Pelipper\n|move|p2b: Torkoal|Heat Wave|p1a: Gastrodon|[spread] p1a,p1b\n|-resisted|p1a: Gastrodon\n|-resisted|p1b: Pelipper\n|-damage|p1a: Gastrodon|92\/100\n|-damage|p1b: Pelipper|87\/100\n|move|p2a: Oranguru|Encore||[still]\n|-fail|p2a: Oranguru\n|move|p1a: Gastrodon|Muddy Water|p2a: Oranguru|[spread] p2a,p2b\n|-supereffective|p2b: Torkoal\n|-damage|p2a: Oranguru|70\/100\n|-damage|p2b: Torkoal|0 fnt\n|faint|p2b: Torkoal\n|\n|-weather|RainDance|[upkeep]\n|-heal|p2a: Oranguru|76\/100|[from] Grassy Terrain\n|-heal|p1a: Gastrodon|98\/100|[from] Grassy Terrain\n|-heal|p1a: Gastrodon|100\/100|[from] item: Leftovers\n|upkeep\n|\n|t:|1699705519\n|switch|p2b: Ursaluna|Ursaluna-Bloodmoon, L50, M|100\/100\n|turn|3\n|\n|t:|1699705528\n|-terastallize|p2b: Ursaluna|Normal\n|move|p2b: Ursaluna|Hyper Voice|p1a: Gastrodon|[spread] p1a,p1b\n|-damage|p1a: Gastrodon|30\/100\n|-damage|p1b: Pelipper|0 fnt\n|faint|p1b: Pelipper\n|-damage|p2b: Ursaluna|91\/100|[from] item: Life Orb\n|move|p2a: Oranguru|Instruct|p2b: Ursaluna\n|-singleturn|p2b: Ursaluna|move: Instruct|[of] p2a: Oranguru\n|move|p2b: Ursaluna|Hyper Voice|p1a: Gastrodon\n|-damage|p1a: Gastrodon|0 fnt\n|faint|p1a: Gastrodon\n|-damage|p2b: Ursaluna|81\/100|[from] item: Life Orb\n|\n|-weather|RainDance|[upkeep]\n|-heal|p2b: Ursaluna|87\/100|[from] Grassy Terrain\n|-heal|p2a: Oranguru|82\/100|[from] Grassy Terrain\n|upkeep\n|\n|t:|1699705544\n|switch|p1a: Rillaboom|Rillaboom, L50, F, shiny|100\/100\n|switch|p1b: Landorus|Landorus-Therian, L50, M|100\/100\n|-ability|p1b: Landorus|Intimidate|boost\n|-fail|p2a: Oranguru|unboost|Attack|[from] ability: Inner Focus|[of] p2a: Oranguru\n|-unboost|p2b: Ursaluna|atk|1\n|turn|4\n|inactive|Nargacuga123 has 30 seconds left.\n|inactive|Nargacuga123 has 20 seconds left.\n|\n|t:|1699705580\n|move|p1a: Rillaboom|Fake Out|p2b: Ursaluna\n|-damage|p2b: Ursaluna|76\/100\n|cant|p2b: Ursaluna|flinch\n|move|p2a: Oranguru|Encore|p1a: Rillaboom\n|-start|p1a: Rillaboom|Encore\n|move|p1b: Landorus|U-turn|p2a: Oranguru\n|-supereffective|p2a: Oranguru\n|-damage|p2a: Oranguru|36\/100\n|\n|-weather|RainDance|[upkeep]\n|-heal|p2b: Ursaluna|82\/100|[from] Grassy Terrain\n|-heal|p2a: Oranguru|42\/100|[from] Grassy Terrain\n|upkeep\n|turn|5\n|\n|t:|1699705602\n|move|p1a: Rillaboom|Fake Out||[still]\n|-hint|Fake Out only works on your first turn out.\n|-fail|p1a: Rillaboom\n|move|p2b: Ursaluna|Hyper Voice|p1b: Landorus|[spread] p1a,p1b\n|-damage|p1a: Rillaboom|12\/100\n|-damage|p1b: Landorus|15\/100\n|-damage|p2b: Ursaluna|72\/100|[from] item: Life Orb\n|move|p2a: Oranguru|Instruct|p2b: Ursaluna\n|-singleturn|p2b: Ursaluna|move: Instruct|[of] p2a: Oranguru\n|move|p2b: Ursaluna|Hyper Voice|p1b: Landorus|[spread] p1a,p1b\n|-damage|p1a: Rillaboom|0 fnt\n|-damage|p1b: Landorus|0 fnt\n|faint|p1a: Rillaboom\n|faint|p1b: Landorus\n|-damage|p2b: Ursaluna|62\/100|[from] item: Life Orb\n|\n|win|Sleeping Demons\n|l|\u2606Nargacuga123\n|l|\u2606Sleeping Demons\n|j|\u2606Sleeping Demons\n|player|p2|Sleeping Demons|169\n","uploadtime":1699705830,"views":10,"p1id":"nargacuga123","p2id":"sleepingdemons","formatid":"gen9vgc2023regulatione","rating":0,"private":0,"password":""}