{"id":"gen9vgc2023regulatione-1994304638","p1":"Puriner","p2":"AquamarineVGC","format":"[Gen 9] VGC 2023 Regulation E","log":"|j|\u2606Puriner\n|j|\u2606AquamarineVGC\n|t:|1700429084\n|gametype|doubles\n|player|p1|Puriner|colress|\n|player|p2|AquamarineVGC|lucas-gen4pt|\n|teamsize|p1|6\n|teamsize|p2|6\n|gen|9\n|tier|[Gen 9] VGC 2023 Regulation E\n|rule|Species Clause: Limit one of each Pok\u00e9mon\n|rule|Item Clause: Limit one of each item\n|clearpoke\n|poke|p1|Torkoal, L50, F|\n|poke|p1|Roaring Moon, L50|\n|poke|p1|Flutter Mane, L50|\n|poke|p1|Tornadus, L50, M|\n|poke|p1|Ogerpon-Hearthflame, L50, F|\n|poke|p1|Cresselia, L50, F|\n|poke|p2|Ninetales-Alola, L50, M|\n|poke|p2|Iron Bundle, L50|\n|poke|p2|Clefairy, L50, F|\n|poke|p2|Annihilape, L50, M|\n|poke|p2|Landorus-Therian, L50, M|\n|poke|p2|Cresselia, L50, F|\n|teampreview|4\nAquamarineVGC has agreed to open team sheets.\n|\n|t:|1700429148\n|start\n|switch|p1a: Flutter Mane|Flutter Mane, L50|100\/100\n|switch|p1b: Tornadus|Tornadus, L50, M|100\/100\n|switch|p2a: Iron Bundle|Iron Bundle, L50|100\/100\n|switch|p2b: Landorus|Landorus-Therian, L50, M|100\/100\n|-ability|p2b: Landorus|Intimidate|boost\n|-unboost|p1a: Flutter Mane|atk|1\n|-unboost|p1b: Tornadus|atk|1\n|turn|1\n|\n|t:|1700429202\n|move|p2a: Iron Bundle|Freeze-Dry|p1a: Flutter Mane\n|-damage|p1a: Flutter Mane|68\/100\n|move|p1a: Flutter Mane|Moonblast|p2b: Landorus\n|-damage|p2b: Landorus|4\/100\n|-unboost|p2b: Landorus|spa|1\n|move|p1b: Tornadus|Bleakwind Storm|p2a: Iron Bundle|[spread] p2a,p2b\n|-damage|p2a: Iron Bundle|55\/100\n|-damage|p2b: Landorus|0 fnt\n|faint|p2b: Landorus\n|\n|upkeep\n|\n|t:|1700429217\n|switch|p2b: Annihilape|Annihilape, L50, M|100\/100\n|turn|2\n|\n|t:|1700429243\n|-terastallize|p2b: Annihilape|Fire\n|move|p2a: Iron Bundle|Freeze-Dry|p1a: Flutter Mane\n|-damage|p1a: Flutter Mane|36\/100\n|move|p1a: Flutter Mane|Moonblast|p2b: Annihilape\n|-resisted|p2b: Annihilape\n|-damage|p2b: Annihilape|71\/100\n|-unboost|p2b: Annihilape|spa|1\n|-ability|p2b: Annihilape|Defiant|boost\n|-boost|p2b: Annihilape|atk|2\n|move|p1b: Tornadus|Bleakwind Storm|p2b: Annihilape|[spread] p2a\n|-miss|p1b: Tornadus|p2b: Annihilape\n|-damage|p2a: Iron Bundle|16\/100\n|move|p2b: Annihilape|Rage Fist|p1b: Tornadus\n|-damage|p1b: Tornadus|0 fnt\n|faint|p1b: Tornadus\n|\n|-heal|p2b: Annihilape|77\/100|[from] item: Leftovers\n|upkeep\n|\n|t:|1700429283\n|switch|p1b: Roaring Moon|Roaring Moon, L50|100\/100\n|turn|3\n|\n|t:|1700429303\n|move|p1b: Roaring Moon|Earthquake|p2b: Annihilape|[spread] p1a,p2a,p2b\n|-supereffective|p2b: Annihilape\n|-damage|p1a: Flutter Mane|0 fnt\n|-damage|p2a: Iron Bundle|0 fnt\n|-damage|p2b: Annihilape|17\/100\n|faint|p1a: Flutter Mane\n|-end|p1a: Flutter Mane|Protosynthesis|[silent]\n|faint|p2a: Iron Bundle\n|-end|p2a: Iron Bundle|Quark Drive|[silent]\n|move|p2b: Annihilape|Drain Punch|p1b: Roaring Moon\n|-supereffective|p1b: Roaring Moon\n|-damage|p1b: Roaring Moon|0 fnt\n|-heal|p2b: Annihilape|58\/100|[from] drain|[of] p1b: Roaring Moon\n|faint|p1b: Roaring Moon\n|-end|p1b: Roaring Moon|Protosynthesis|[silent]\n|\n|-heal|p2b: Annihilape|64\/100|[from] item: Leftovers\n|upkeep\n|\n|t:|1700429328\n|switch|p2a: Cresselia|Cresselia, L50, F|100\/100\n|switch|p1a: Torkoal|Torkoal, L50, F|100\/100\n|-weather|SunnyDay|[from] ability: Drought|[of] p1a: Torkoal\n|turn|4\n|\n|t:|1700429348\n|move|p2b: Annihilape|Drain Punch|p1a: Torkoal\n|-damage|p1a: Torkoal|51\/100\n|-heal|p2b: Annihilape|84\/100|[from] drain|[of] p1a: Torkoal\n|move|p2a: Cresselia|Lunar Blessing|p2a: Cresselia|[spread] p2a,p2b\n|-heal|p2b: Annihilape|100\/100\n|move|p1a: Torkoal|Earth Power|p2b: Annihilape\n|-supereffective|p2b: Annihilape\n|-damage|p2b: Annihilape|60\/100\n|\n|-weather|SunnyDay|[upkeep]\n|-heal|p2b: Annihilape|66\/100|[from] item: Leftovers\n|upkeep\n|turn|5\n|\n|t:|1700429362\n|move|p2b: Annihilape|Drain Punch|p1a: Torkoal\n|-damage|p1a: Torkoal|0 fnt\n|-heal|p2b: Annihilape|87\/100|[from] drain|[of] p1a: Torkoal\n|faint|p1a: Torkoal\n|\n|win|AquamarineVGC\n","uploadtime":1700429377,"views":6,"p1id":"puriner","p2id":"aquamarinevgc","formatid":"gen9vgc2023regulatione","rating":0,"private":0,"password":""}