{"id":"gen9vgc2023regulatione-2000059392","p1":"Zaharri","p2":"hehheiamcheese","format":"[Gen 9] VGC 2023 Regulation E","log":"|j|\u2606Zaharri\n|j|\u2606hehheiamcheese\n|t:|1701147587\n|gametype|doubles\n|player|p1|Zaharri|drayden|1145\n|player|p2|hehheiamcheese|hilbert|1101\n|teamsize|p1|6\n|teamsize|p2|6\n|gen|9\n|tier|[Gen 9] VGC 2023 Regulation E\n|rated|\n|rule|Species Clause: Limit one of each Pok\u00e9mon\n|rule|Item Clause: Limit one of each item\n|clearpoke\n|poke|p1|Dipplin, L50, M|\n|poke|p1|Flutter Mane, L50|\n|poke|p1|Arcanine-Hisui, L50, M|\n|poke|p1|Dondozo, L50, M|\n|poke|p1|Tatsugiri, L50, M|\n|poke|p1|Pawmot, L50, M|\n|poke|p2|Baxcalibur, L50, M|\n|poke|p2|Flutter Mane, L50|\n|poke|p2|Arcanine-Hisui, L50, M|\n|poke|p2|Torterra, L50, M|\n|poke|p2|Iron Bundle, L50|\n|poke|p2|Grimmsnarl, L50, M|\n|teampreview|4\n|c|\u2606hehheiamcheese|You know Incineroar?\n|c|\u2606hehheiamcheese|If you do\n|c|\u2606hehheiamcheese|Its the best support mon\n|\n|t:|1701147623\n|start\n|switch|p1a: Pawmot|Pawmot, L50, M|100\/100\n|switch|p1b: Dipplin|Dipplin, L50, M|100\/100\n|switch|p2a: Flutter Mane|Flutter Mane, L50|100\/100\n|switch|p2b: Walmart Incineroar|Grimmsnarl, L50, M|100\/100\n|-item|p1a: Pawmot|Focus Sash|[from] ability: Frisk|[of] p2b: Walmart Incineroar|[identify]\n|-item|p1b: Dipplin|Eviolite|[from] ability: Frisk|[of] p2b: Walmart Incineroar|[identify]\n|-ability|p1b: Dipplin|Supersweet Syrup\n|-ability|p1b: Dipplin|Supersweet Syrup|boost\n|-unboost|p2a: Flutter Mane|evasion|1\n|-unboost|p2b: Walmart Incineroar|evasion|1\n|-enditem|p2a: Flutter Mane|Booster Energy\n|-activate|p2a: Flutter Mane|ability: Protosynthesis|[fromitem]\n|-start|p2a: Flutter Mane|protosynthesisspa\n|turn|1\n|\n|t:|1701147652\n|move|p1a: Pawmot|Fake Out|p2b: Walmart Incineroar\n|-damage|p2b: Walmart Incineroar|86\/100\n|cant|p2b: Walmart Incineroar|flinch\n|move|p2a: Flutter Mane|Dazzling Gleam|p1a: Pawmot|[spread] p1a,p1b\n|-supereffective|p1a: Pawmot\n|-supereffective|p1b: Dipplin\n|-enditem|p1a: Pawmot|Focus Sash\n|-damage|p1a: Pawmot|1\/100\n|-damage|p1b: Dipplin|42\/100\n|move|p1b: Dipplin|Syrup Bomb|p2a: Flutter Mane\n|-damage|p2a: Flutter Mane|78\/100\n|-start|p2a: Flutter Mane|Syrup Bomb\n|\n|-unboost|p2a: Flutter Mane|spe|1\n|upkeep\n|turn|2\n|\n|t:|1701147676\n|switch|p1a: Dondozo|Dondozo, L50, M, shiny|100\/100\n|switch|p2b: Arcanine|Arcanine-Hisui, L50, M|100\/100\n|-ability|p2b: Arcanine|Intimidate|boost\n|-unboost|p1a: Dondozo|atk|1\n|-unboost|p1b: Dipplin|atk|1\n|switch|p1b: Tatsugiri|Tatsugiri, L50, M|100\/100\n|-activate|p1b: Tatsugiri|ability: Commander|[of] p1a: Dondozo\n|-boost|p1a: Dondozo|atk|2\n|-boost|p1a: Dondozo|spa|2\n|-boost|p1a: Dondozo|spe|2\n|-boost|p1a: Dondozo|def|2\n|-boost|p1a: Dondozo|spd|2\n|move|p2a: Flutter Mane|Dazzling Gleam|p1a: Dondozo|[spread] p1a\n|-miss|p2a: Flutter Mane|p1b: Tatsugiri\n|-damage|p1a: Dondozo|82\/100\n|\n|-heal|p1a: Dondozo|88\/100|[from] item: Leftovers\n|-unboost|p2a: Flutter Mane|spe|1\n|upkeep\n|turn|3\n|\n|t:|1701147712\n|-end|p2a: Flutter Mane|Protosynthesis|[silent]\n|switch|p2a: Walmart Incineroar|Grimmsnarl, L50, M|86\/100\n|-item|p1a: Dondozo|Leftovers|[from] ability: Frisk|[of] p2a: Walmart Incineroar|[identify]\n|-item|p1b: Tatsugiri|Ability Shield|[from] ability: Frisk|[of] p2a: Walmart Incineroar|[identify]\n|-terastallize|p2b: Arcanine|Grass\n|move|p1a: Dondozo|Earthquake|p2b: Arcanine|[spread] p2a,p2b\n|-miss|p1a: Dondozo|p1b: Tatsugiri\n|-resisted|p2b: Arcanine\n|-damage|p2a: Walmart Incineroar|52\/100\n|-damage|p2b: Arcanine|84\/100\n|move|p2b: Arcanine|Will-O-Wisp|p1a: Dondozo\n|-status|p1a: Dondozo|brn\n|\n|-heal|p1a: Dondozo|94\/100 brn|[from] item: Leftovers\n|-damage|p1a: Dondozo|88\/100 brn|[from] brn\n|upkeep\n|turn|4\n|\n|t:|1701147737\n|move|p2a: Walmart Incineroar|Fake Out|p1a: Dondozo\n|-damage|p1a: Dondozo|84\/100 brn\n|cant|p1a: Dondozo|flinch\n|move|p2b: Arcanine|Rock Slide|p1b: Tatsugiri|[spread] p1a\n|-miss|p2b: Arcanine|p1b: Tatsugiri\n|-damage|p1a: Dondozo|75\/100 brn\n|\n|-heal|p1a: Dondozo|81\/100 brn|[from] item: Leftovers\n|-damage|p1a: Dondozo|75\/100 brn|[from] brn\n|upkeep\n|turn|5\n|\n|t:|1701147757\n|move|p2b: Arcanine|Extreme Speed|p1a: Dondozo\n|-damage|p1a: Dondozo|68\/100 brn\n|move|p1a: Dondozo|Order Up|p2b: Arcanine\n|-damage|p2b: Arcanine|66\/100\n|-boost|p1a: Dondozo|atk|1\n|move|p2a: Walmart Incineroar|Parting Shot|p1a: Dondozo\n|-unboost|p1a: Dondozo|atk|1\n|-unboost|p1a: Dondozo|spa|1\n|\n|t:|1701147768\n|switch|p2a: Iron Bundle|Iron Bundle, L50|100\/100|[from] Parting Shot\n|\n|-heal|p1a: Dondozo|74\/100 brn|[from] item: Leftovers\n|-damage|p1a: Dondozo|68\/100 brn|[from] brn\n|upkeep\n|turn|6\n|\n|t:|1701147779\n|move|p2a: Iron Bundle|Freeze-Dry|p1a: Dondozo\n|-supereffective|p1a: Dondozo\n|-damage|p1a: Dondozo|28\/100 brn\n|-damage|p2a: Iron Bundle|91\/100|[from] item: Life Orb\n|move|p1a: Dondozo|Order Up|p2a: Iron Bundle\n|-damage|p2a: Iron Bundle|73\/100\n|-boost|p1a: Dondozo|atk|1\n|move|p2b: Arcanine|Rock Slide|p1a: Dondozo|[spread] p1a\n|-miss|p2b: Arcanine|p1b: Tatsugiri\n|-damage|p1a: Dondozo|20\/100 brn\n|\n|-heal|p1a: Dondozo|26\/100 brn|[from] item: Leftovers\n|-damage|p1a: Dondozo|20\/100 brn|[from] brn\n|upkeep\n|turn|7\n|\n|t:|1701147799\n|switch|p2b: Walmart Incineroar|Grimmsnarl, L50, M|52\/100\n|-item|p1a: Dondozo|Leftovers|[from] ability: Frisk|[of] p2b: Walmart Incineroar|[identify]\n|-item|p1b: Tatsugiri|Ability Shield|[from] ability: Frisk|[of] p2b: Walmart Incineroar|[identify]\n|move|p2a: Iron Bundle|Freeze-Dry|p1a: Dondozo\n|-supereffective|p1a: Dondozo\n|-damage|p1a: Dondozo|0 fnt\n|faint|p1a: Dondozo\n|-damage|p2a: Iron Bundle|64\/100|[from] item: Life Orb\n|\n|upkeep\n|\n|t:|1701147814\n|switch|p1a: Pawmot|Pawmot, L50, M|1\/100\n|turn|8\n|\n|t:|1701147832\n|move|p1a: Pawmot|Fake Out|p2a: Iron Bundle\n|-damage|p2a: Iron Bundle|49\/100\n|move|p2b: Walmart Incineroar|Fake Out|p1a: Pawmot\n|-damage|p1a: Pawmot|0 fnt\n|faint|p1a: Pawmot\n|cant|p2a: Iron Bundle|flinch\n|move|p1b: Tatsugiri|Icy Wind|p2a: Iron Bundle|[spread] p2a,p2b\n|-resisted|p2a: Iron Bundle\n|-damage|p2a: Iron Bundle|42\/100\n|-damage|p2b: Walmart Incineroar|36\/100\n|-unboost|p2a: Iron Bundle|spe|1\n|-unboost|p2b: Walmart Incineroar|spe|1\n|\n|upkeep\n|\n|t:|1701147845\n|switch|p1a: Dipplin|Dipplin, L50, M|42\/100\n|turn|9\n|\n|t:|1701147868\n|-terastallize|p1a: Dipplin|Grass\n|move|p2a: Iron Bundle|Freeze-Dry|p1b: Tatsugiri\n|-supereffective|p1b: Tatsugiri\n|-damage|p1b: Tatsugiri|0 fnt\n|faint|p1b: Tatsugiri\n|-damage|p2a: Iron Bundle|32\/100|[from] item: Life Orb\n|move|p1a: Dipplin|Recover|p1a: Dipplin\n|-heal|p1a: Dipplin|92\/100\n|move|p2b: Walmart Incineroar|Parting Shot|p1a: Dipplin\n|-unboost|p1a: Dipplin|atk|1\n|-unboost|p1a: Dipplin|spa|1\n|\n|t:|1701147880\n|switch|p2b: Arcanine|Arcanine-Hisui, L50, M, tera:Grass|66\/100|[from] Parting Shot\n|-ability|p2b: Arcanine|Intimidate|boost\n|-unboost|p1a: Dipplin|atk|1\n|\n|upkeep\n|turn|10\n|\n|t:|1701147895\n|move|p2b: Arcanine|Flare Blitz|p1a: Dipplin\n|-supereffective|p1a: Dipplin\n|-damage|p1a: Dipplin|37\/100\n|-status|p1a: Dipplin|brn\n|-damage|p2b: Arcanine|47\/100|[from] Recoil\n|move|p2a: Iron Bundle|Freeze-Dry|p1a: Dipplin\n|-supereffective|p1a: Dipplin\n|-damage|p1a: Dipplin|0 fnt\n|faint|p1a: Dipplin\n|-damage|p2a: Iron Bundle|23\/100|[from] item: Life Orb\n|\n|win|hehheiamcheese\n|raw|Zaharri's rating: 1145 &rarr; <strong>1117<\/strong><br \/>(-28 for losing)\n|raw|hehheiamcheese's rating: 1101 &rarr; <strong>1129<\/strong><br \/>(+28 for winning)\n|c|\u2606hehheiamcheese|Gg\n|c|\u2606hehheiamcheese|Walmart Incineroar is good\n","uploadtime":1701147922,"views":4,"p1id":"zaharri","p2id":"hehheiamcheese","formatid":"gen9vgc2023regulatione","rating":1117,"private":0,"password":""}