{"id":"gen9vgc2023regulatione-1989126559","p1":"Crispy pepsi","p2":"Wesleihas","format":"[Gen 9] VGC 2023 Regulation E","log":"|j|\u2606Crispy pepsi\n|j|\u2606Wesleihas\n|t:|1699815073\n|gametype|doubles\n|player|p1|Crispy pepsi|169|1629\n|player|p2|Wesleihas|ethan|1540\n|teamsize|p1|6\n|teamsize|p2|6\n|gen|9\n|tier|[Gen 9] VGC 2023 Regulation E\n|rated|\n|rule|Species Clause: Limit one of each Pok\u00e9mon\n|rule|Item Clause: Limit one of each item\n|clearpoke\n|poke|p1|Iron Hands, L50|\n|poke|p1|Rillaboom, L50, F|\n|poke|p1|Arcanine-Hisui, L50, M|\n|poke|p1|Ogerpon-Wellspring, L50, F|\n|poke|p1|Ursaluna-Bloodmoon, L50, M|\n|poke|p1|Tornadus, L50, M|\n|poke|p2|Rillaboom, L50, M|\n|poke|p2|Ogerpon-Hearthflame, L50, F|\n|poke|p2|Landorus-Therian, L50, M|\n|poke|p2|Farigiraf, L50, M|\n|poke|p2|Ursaluna-Bloodmoon, L50, M|\n|poke|p2|Clefairy, L50, F|\n|teampreview|4\n|inactive|Battle timer is ON: inactive players will automatically lose when time's up. (requested by Crispy pepsi)\n|\n|t:|1699815100\n|start\n|switch|p1a: Arcanine|Arcanine-Hisui, L50, M|100\/100\n|switch|p1b: Rillaboom|Rillaboom, L50, F|100\/100\n|switch|p2a: Farigiraf|Farigiraf, L50, M, shiny|100\/100\n|switch|p2b: Ursaluna|Ursaluna-Bloodmoon, L50, M|100\/100\n|-ability|p1a: Arcanine|Intimidate|boost\n|-unboost|p2a: Farigiraf|atk|1\n|-unboost|p2b: Ursaluna|atk|1\n|-fieldstart|move: Grassy Terrain|[from] ability: Grassy Surge|[of] p1b: Rillaboom\n|turn|1\n|\n|t:|1699815123\n|switch|p2a: Clefairy|Clefairy, L50, F|100\/100\n|-terastallize|p1b: Rillaboom|Grass\n|-terastallize|p2b: Ursaluna|Ghost\n|move|p1a: Arcanine|Head Smash|p2a: Clefairy\n|-damage|p2a: Clefairy|17\/100\n|-damage|p1a: Arcanine|59\/100|[from] Recoil\n|move|p1b: Rillaboom|Wood Hammer|p2a: Clefairy\n|-damage|p2a: Clefairy|0 fnt\n|faint|p2a: Clefairy\n|-damage|p1b: Rillaboom|96\/100|[from] Recoil\n|-damage|p1b: Rillaboom|86\/100|[from] item: Life Orb\n|move|p2b: Ursaluna|Earth Power|p1a: Arcanine\n|-supereffective|p1a: Arcanine\n|-damage|p1a: Arcanine|0 fnt\n|faint|p1a: Arcanine\n|\n|-heal|p1b: Rillaboom|92\/100|[from] Grassy Terrain\n|upkeep\n|inactive|Wesleihas has 30 seconds left.\n|\n|t:|1699815149\n|switch|p1a: Ursaluna|Ursaluna-Bloodmoon, L50, M|100\/100\n|switch|p2a: Rillaboom|Rillaboom, L50, M, shiny|100\/100\n|turn|2\n|\n|t:|1699815169\n|switch|p1a: Ogerpon|Ogerpon-Wellspring, L50, F|100\/100\n|move|p1b: Rillaboom|Protect|p1b: Rillaboom\n|-singleturn|p1b: Rillaboom|Protect\n|move|p2a: Rillaboom|Fake Out|p1b: Rillaboom\n|-activate|p1b: Rillaboom|move: Protect\n|move|p2b: Ursaluna|Blood Moon|p1b: Rillaboom\n|-activate|p1b: Rillaboom|move: Protect\n|\n|-heal|p1b: Rillaboom|98\/100|[from] Grassy Terrain\n|upkeep\n|turn|3\n|\n|t:|1699815189\n|move|p1a: Ogerpon|Spiky Shield|p1a: Ogerpon\n|-singleturn|p1a: Ogerpon|move: Protect\n|move|p2a: Rillaboom|Wood Hammer|p1a: Ogerpon\n|-activate|p1a: Ogerpon|move: Protect\n|-damage|p2a: Rillaboom|88\/100|[from] Spiky Shield|[of] p1a: Ogerpon\n|move|p1b: Rillaboom|Wood Hammer|p2b: Ursaluna\n|-damage|p2b: Ursaluna|0 fnt\n|faint|p2b: Ursaluna\n|-damage|p1b: Rillaboom|63\/100|[from] Recoil\n|-damage|p1b: Rillaboom|54\/100|[from] item: Life Orb\n|\n|-heal|p2a: Rillaboom|94\/100|[from] Grassy Terrain\n|-heal|p1b: Rillaboom|59\/100|[from] Grassy Terrain\n|upkeep\n|\n|t:|1699815205\n|switch|p2b: Farigiraf|Farigiraf, L50, M, shiny|100\/100\n|turn|4\n|\n|t:|1699815212\n|move|p1a: Ogerpon|Follow Me|p1a: Ogerpon\n|-singleturn|p1a: Ogerpon|move: Follow Me\n|move|p2a: Rillaboom|U-turn|p1a: Ogerpon\n|-supereffective|p1a: Ogerpon\n|-damage|p1a: Ogerpon|46\/100\n|move|p1b: Rillaboom|Wood Hammer|p2b: Farigiraf\n|-damage|p2b: Farigiraf|0 fnt\n|faint|p2b: Farigiraf\n|-damage|p1b: Rillaboom|25\/100|[from] Recoil\n|-damage|p1b: Rillaboom|15\/100|[from] item: Life Orb\n|\n|-heal|p1a: Ogerpon|52\/100|[from] Grassy Terrain\n|-heal|p2a: Rillaboom|99\/100|[from] Grassy Terrain\n|-heal|p1b: Rillaboom|21\/100|[from] Grassy Terrain\n|upkeep\n|turn|5\n|\n|t:|1699815232\n|move|p1a: Ogerpon|Ivy Cudgel|p2a: Rillaboom\n|-resisted|p2a: Rillaboom\n|-damage|p2a: Rillaboom|71\/100\n|move|p2a: Rillaboom|U-turn|p1b: Rillaboom\n|-supereffective|p1b: Rillaboom\n|-damage|p1b: Rillaboom|0 fnt\n|faint|p1b: Rillaboom\n|\n|-heal|p1a: Ogerpon|58\/100|[from] Grassy Terrain\n|-heal|p2a: Rillaboom|77\/100|[from] Grassy Terrain\n|-fieldend|move: Grassy Terrain\n|upkeep\n|\n|t:|1699815238\n|switch|p1b: Ursaluna|Ursaluna-Bloodmoon, L50, M|100\/100\n|turn|6\n|\n|t:|1699815252\n|move|p1a: Ogerpon|Follow Me|p1a: Ogerpon\n|-singleturn|p1a: Ogerpon|move: Follow Me\n|move|p1b: Ursaluna|Hyper Voice|p2a: Rillaboom\n|-damage|p2a: Rillaboom|1\/100\n|move|p2a: Rillaboom|Wood Hammer|p1a: Ogerpon\n|-damage|p1a: Ogerpon|0 fnt\n|faint|p1a: Ogerpon\n|-damage|p2a: Rillaboom|0 fnt|[from] Recoil\n|faint|p2a: Rillaboom\n|\n|win|Crispy pepsi\n|raw|Crispy pepsi's rating: 1629 &rarr; <strong>1644<\/strong><br \/>(+15 for winning)\n|raw|Wesleihas's rating: 1540 &rarr; <strong>1525<\/strong><br \/>(-15 for losing)\n|l|\u2606Crispy pepsi\n","uploadtime":1699815284,"views":14,"p1id":"crispypepsi","p2id":"wesleihas","formatid":"gen9vgc2023regulatione","rating":1525,"private":0,"password":""}