{"id":"gen9vgc2023regulatione-2000014519","p1":"Probotwo","p2":"Doge136","format":"[Gen 9] VGC 2023 Regulation E","log":"|j|\u2606Probotwo\n|j|\u2606Doge136\n|t:|1701141327\n|gametype|doubles\n|player|p1|Probotwo|fisherman-gen4|1261\n|player|p2|Doge136|gloria-masters|1299\n|teamsize|p1|6\n|teamsize|p2|6\n|gen|9\n|tier|[Gen 9] VGC 2023 Regulation E\n|rated|\n|rule|Species Clause: Limit one of each Pok\u00e9mon\n|rule|Item Clause: Limit one of each item\n|clearpoke\n|poke|p1|Tornadus, L50, M|\n|poke|p1|Arcanine-Hisui, L50, M|\n|poke|p1|Urshifu-*, L50, M|\n|poke|p1|Sandy Shocks, L50|\n|poke|p1|Kingambit, L50, F|\n|poke|p1|Sinistcha, L50|\n|poke|p2|Tornadus, L50, M|\n|poke|p2|Arcanine-Hisui, L50, M|\n|poke|p2|Iron Hands, L50|\n|poke|p2|Gholdengo, L50|\n|poke|p2|Urshifu-*, L50, M|\n|poke|p2|Ogerpon-Wellspring, L50, F|\n|teampreview|4\nProbotwo has agreed to open team sheets.\nDoge136 rejected open team sheets.\n|\n|t:|1701141363\n|start\n|switch|p1a: Tornadus|Tornadus, L50, M|100\/100\n|switch|p1b: Sandy Shocks|Sandy Shocks, L50, shiny|100\/100\n|switch|p2a: Tornadus|Tornadus, L50, M|100\/100\n|switch|p2b: Urshifu|Urshifu-Rapid-Strike, L50, M|100\/100\n|turn|1\n|\n|t:|1701141389\n|switch|p2b: Iron Hands|Iron Hands, L50|100\/100\n|-terastallize|p1b: Sandy Shocks|Fairy\n|move|p1a: Tornadus|Tailwind|p1a: Tornadus\n|-sidestart|p1: Probotwo|move: Tailwind\n|move|p2a: Tornadus|Taunt|p1a: Tornadus\n|-start|p1a: Tornadus|move: Taunt\n|move|p1b: Sandy Shocks|Tera Blast|p2b: Iron Hands|[anim] Tera Blast Fairy\n|-supereffective|p2b: Iron Hands\n|-damage|p2b: Iron Hands|37\/100\n|\n|upkeep\n|turn|2\n|\n|t:|1701141413\n|-end|p1b: Sandy Shocks|Protosynthesis|[silent]\n|switch|p1b: Kingambit|Kingambit, L50, F|100\/100\n|move|p2b: Iron Hands|Fake Out|p1b: Kingambit\n|-resisted|p1b: Kingambit\n|-damage|p1b: Kingambit|95\/100\n|move|p2a: Tornadus|Tailwind|p2a: Tornadus\n|-sidestart|p2: Doge136|move: Tailwind\n|move|p1a: Tornadus|Bleakwind Storm|p2b: Iron Hands|[spread] p2a,p2b\n|-damage|p2a: Tornadus|64\/100\n|-damage|p2b: Iron Hands|19\/100\n|\n|upkeep\n|turn|3\n|\n|t:|1701141431\n|move|p1b: Kingambit|Protect|p1b: Kingambit\n|-singleturn|p1b: Kingambit|Protect\n|move|p1a: Tornadus|Bleakwind Storm|p2b: Iron Hands|[spread] p2b\n|-miss|p1a: Tornadus|p2a: Tornadus\n|-damage|p2b: Iron Hands|1\/100\n|move|p2a: Tornadus|Bleakwind Storm|p1a: Tornadus|[spread] \n|-activate|p1b: Kingambit|move: Protect\n|-miss|p2a: Tornadus|p1a: Tornadus\n|move|p2b: Iron Hands|Drain Punch|p1b: Kingambit\n|-activate|p1b: Kingambit|move: Protect\n|\n|upkeep\n|turn|4\n|\n|t:|1701141447\n|move|p1b: Kingambit|Sucker Punch|p2a: Tornadus\n|-damage|p2a: Tornadus|19\/100\n|move|p1a: Tornadus|Bleakwind Storm|p2a: Tornadus|[spread] p2a,p2b\n|-damage|p2a: Tornadus|0 fnt\n|-damage|p2b: Iron Hands|0 fnt\n|faint|p2a: Tornadus\n|faint|p2b: Iron Hands\n|-end|p2b: Iron Hands|Quark Drive|[silent]\n|\n|-end|p1a: Tornadus|move: Taunt\n|-sideend|p1: Probotwo|move: Tailwind\n|upkeep\n|\n|t:|1701141452\n|switch|p2a: Ogerpon|Ogerpon-Wellspring, L50, F|100\/100\n|switch|p2b: Urshifu|Urshifu-Rapid-Strike, L50, M|100\/100\n|turn|5\n|\n|t:|1701141464\n|switch|p1b: Sinistcha|Sinistcha, L50|100\/100\n|-terastallize|p2b: Urshifu|Water\n|move|p2a: Ogerpon|Spiky Shield|p2a: Ogerpon\n|-singleturn|p2a: Ogerpon|move: Protect\n|move|p1a: Tornadus|Tailwind|p1a: Tornadus\n|-sidestart|p1: Probotwo|move: Tailwind\n|move|p2b: Urshifu|Surging Strikes|p1a: Tornadus\n|-crit|p1a: Tornadus\n|-damage|p1a: Tornadus|58\/100\n|-crit|p1a: Tornadus\n|-damage|p1a: Tornadus|13\/100\n|-crit|p1a: Tornadus\n|-damage|p1a: Tornadus|0 fnt\n|faint|p1a: Tornadus\n|-hitcount|p1: Tornadus|3\n|\n|-sideend|p2: Doge136|move: Tailwind\n|upkeep\n|\n|t:|1701141476\n|switch|p1a: Sandy Shocks|Sandy Shocks, L50, shiny, tera:Fairy|100\/100\n|turn|6\n|\n|t:|1701141504\n|move|p2a: Ogerpon|Follow Me|p2a: Ogerpon\n|-singleturn|p2a: Ogerpon|move: Follow Me\n|move|p1a: Sandy Shocks|Thunderbolt|p2a: Ogerpon\n|-damage|p2a: Ogerpon|40\/100\n|move|p2b: Urshifu|Surging Strikes|p1b: Sinistcha\n|-resisted|p1b: Sinistcha\n|-crit|p1b: Sinistcha\n|-damage|p1b: Sinistcha|89\/100\n|-resisted|p1b: Sinistcha\n|-crit|p1b: Sinistcha\n|-damage|p1b: Sinistcha|77\/100\n|-resisted|p1b: Sinistcha\n|-crit|p1b: Sinistcha\n|-damage|p1b: Sinistcha|66\/100\n|-hitcount|p1b: Sinistcha|3\n|move|p1b: Sinistcha|Matcha Gotcha|p2b: Urshifu|[spread] p2a,p2b\n|-supereffective|p2b: Urshifu\n|-damage|p2a: Ogerpon|19\/100\n|-heal|p1b: Sinistcha|77\/100|[from] drain|[of] p2a: Ogerpon\n|-damage|p2b: Urshifu|40\/100\n|-heal|p1b: Sinistcha|100\/100|[from] drain|[of] p2b: Urshifu\n|-status|p2a: Ogerpon|brn\n|\n|-damage|p2a: Ogerpon|13\/100 brn|[from] brn\n|upkeep\n|turn|7\n|\n|t:|1701141522\n|move|p2a: Ogerpon|Follow Me|p2a: Ogerpon\n|-singleturn|p2a: Ogerpon|move: Follow Me\n|move|p1b: Sinistcha|Rage Powder|p1b: Sinistcha\n|-singleturn|p1b: Sinistcha|move: Rage Powder\n|move|p1a: Sandy Shocks|Thunderbolt|p2a: Ogerpon\n|-damage|p2a: Ogerpon|0 fnt\n|faint|p2a: Ogerpon\n|move|p2b: Urshifu|Surging Strikes|p1b: Sinistcha\n|-resisted|p1b: Sinistcha\n|-crit|p1b: Sinistcha\n|-damage|p1b: Sinistcha|89\/100\n|-resisted|p1b: Sinistcha\n|-crit|p1b: Sinistcha\n|-damage|p1b: Sinistcha|78\/100\n|-resisted|p1b: Sinistcha\n|-crit|p1b: Sinistcha\n|-damage|p1b: Sinistcha|67\/100\n|-hitcount|p1b: Sinistcha|3\n|\n|-heal|p1b: Sinistcha|73\/100|[from] item: Leftovers\n|upkeep\n|turn|8\n|\n|t:|1701141533\n|move|p1a: Sandy Shocks|Thunderbolt|p2b: Urshifu\n|-supereffective|p2b: Urshifu\n|-crit|p2b: Urshifu\n|-damage|p2b: Urshifu|0 fnt\n|faint|p2b: Urshifu\n|\n|win|Probotwo\n|raw|Probotwo's rating: 1261 &rarr; <strong>1289<\/strong><br \/>(+28 for winning)\n|raw|Doge136's rating: 1299 &rarr; <strong>1271<\/strong><br \/>(-28 for losing)\n","uploadtime":1701141539,"views":9,"p1id":"probotwo","p2id":"doge136","formatid":"gen9vgc2023regulatione","rating":1271,"private":0,"password":""}