{"id":"gen9vgc2023regulatione-1997395839","p1":"emifursgamer","p2":"MrJu","format":"[Gen 9] VGC 2023 Regulation E","log":"|j|\u2606emifursgamer\n|j|\u2606MrJu\n|t:|1700798697\n|gametype|doubles\n|player|p1|emifursgamer|benga|1224\n|player|p2|MrJu|170|1336\n|teamsize|p1|6\n|teamsize|p2|6\n|gen|9\n|tier|[Gen 9] VGC 2023 Regulation E\n|rated|\n|rule|Species Clause: Limit one of each Pok\u00e9mon\n|rule|Item Clause: Limit one of each item\n|clearpoke\n|poke|p1|Dusclops, L50, F|\n|poke|p1|Amoonguss, L50, F|\n|poke|p1|Ursaluna-Bloodmoon, L50, M|\n|poke|p1|Enamorus-Therian, L50, F|\n|poke|p1|Indeedee-F, L50, F|\n|poke|p1|Armarouge, L50, M|\n|poke|p2|Goodra-Hisui, L50, F|\n|poke|p2|Cresselia, L50, F|\n|poke|p2|Sinistcha-Masterpiece, L50|\n|poke|p2|Iron Hands, L50|\n|poke|p2|Sableye, L50, F|\n|poke|p2|Heatran, L50, M|\n|teampreview|4\n|inactive|Battle timer is ON: inactive players will automatically lose when time's up. (requested by MrJu)\n|\n|t:|1700798734\n|start\n|switch|p1a: Dusclops|Dusclops, L50, F|100\/100\n|switch|p1b: Amoonguss|Amoonguss, L50, F|100\/100\n|switch|p2a: Goodra|Goodra-Hisui, L50, F|100\/100\n|switch|p2b: Iron Hands|Iron Hands, L50|100\/100\n|-item|p2a: Goodra|Leftovers|[from] ability: Frisk|[of] p1a: Dusclops|[identify]\n|-item|p2b: Iron Hands|Assault Vest|[from] ability: Frisk|[of] p1a: Dusclops|[identify]\n|turn|1\n|\n|t:|1700798757\n|move|p2b: Iron Hands|Fake Out|p1b: Amoonguss\n|-damage|p1b: Amoonguss|87\/100\n|-damage|p2b: Iron Hands|84\/100|[from] item: Rocky Helmet|[of] p1b: Amoonguss\n|move|p2a: Goodra|Shelter|p2a: Goodra\n|-boost|p2a: Goodra|def|2\n|cant|p1b: Amoonguss|flinch\n|move|p1a: Dusclops|Trick Room|p1a: Dusclops\n|-fieldstart|move: Trick Room|[of] p1a: Dusclops\n|\n|upkeep\n|turn|2\n|\n|t:|1700798779\n|switch|p1a: Ursaluna|Ursaluna-Bloodmoon, L50, M|100\/100\n|-end|p2b: Iron Hands|Quark Drive|[silent]\n|switch|p2b: Sinistcha|Sinistcha-Masterpiece, L50|100\/100\n|move|p1b: Amoonguss|Spore|p2a: Goodra\n|-ability|p2a: Goodra|Sap Sipper|boost\n|-boost|p2a: Goodra|atk|1\n|move|p2a: Goodra|Shelter|p2a: Goodra\n|-boost|p2a: Goodra|def|2\n|\n|upkeep\n|turn|3\n|inactive|emifursgamer has 30 seconds left.\n|\n|t:|1700798806\n|-terastallize|p2a: Goodra|Water\n|move|p1b: Amoonguss|Pollen Puff|p2b: Sinistcha\n|-damage|p2b: Sinistcha|82\/100\n|move|p1a: Ursaluna|Earth Power|p2a: Goodra\n|-damage|p2a: Goodra|68\/100\n|move|p2a: Goodra|Body Press|p1a: Ursaluna\n|-supereffective|p1a: Ursaluna\n|-damage|p1a: Ursaluna|0 fnt\n|faint|p1a: Ursaluna\n|move|p2b: Sinistcha|Giga Drain|p1b: Amoonguss\n|-resisted|p1b: Amoonguss\n|-damage|p1b: Amoonguss|81\/100\n|-heal|p2b: Sinistcha|86\/100|[from] drain|[of] p1b: Amoonguss\n|\n|-heal|p2a: Goodra|74\/100|[from] item: Leftovers\n|upkeep\n|\n|t:|1700798823\n|switch|p1a: Enamorus|Enamorus-Therian, L50, F|100\/100\n|turn|4\n|\n|t:|1700798837\n|-terastallize|p1a: Enamorus|Flying\n|move|p1a: Enamorus|Tera Blast|p2a: Goodra|[anim] Tera Blast Flying\n|-damage|p2a: Goodra|13\/100\n|move|p1b: Amoonguss|Pollen Puff|p2b: Sinistcha\n|-damage|p2b: Sinistcha|68\/100\n|move|p2a: Goodra|Heavy Slam|p1a: Enamorus\n|-damage|p1a: Enamorus|37\/100\n|move|p2b: Sinistcha|Life Dew|p2b: Sinistcha|[spread] p2a,p2b\n|-heal|p2a: Goodra|39\/100\n|-heal|p2b: Sinistcha|94\/100\n|\n|-heal|p2a: Goodra|45\/100|[from] item: Leftovers\n|upkeep\n|turn|5\n|\n|t:|1700798857\n|move|p2b: Sinistcha|Rage Powder|p2b: Sinistcha\n|-singleturn|p2b: Sinistcha|move: Rage Powder\n|move|p1a: Enamorus|Tera Blast|p2a: Goodra|[anim] Tera Blast Flying\n|-damage|p2a: Goodra|0 fnt\n|faint|p2a: Goodra\n|move|p1b: Amoonguss|Pollen Puff|p1a: Enamorus\n|-heal|p1a: Enamorus|87\/100\n|\n|-fieldend|move: Trick Room\n|upkeep\n|\n|t:|1700798866\n|switch|p2a: Iron Hands|Iron Hands, L50|84\/100\n|turn|6\n|\n|t:|1700798878\n|switch|p1a: Dusclops|Dusclops, L50, F|100\/100\n|-item|p2a: Iron Hands|Assault Vest|[from] ability: Frisk|[of] p1a: Dusclops|[identify]\n|-item|p2b: Sinistcha|Sitrus Berry|[from] ability: Frisk|[of] p1a: Dusclops|[identify]\n|move|p2b: Sinistcha|Giga Drain|p1a: Dusclops\n|-damage|p1a: Dusclops|84\/100\n|-heal|p2b: Sinistcha|100\/100|[from] drain|[of] p1a: Dusclops\n|move|p2a: Iron Hands|Wild Charge|p1a: Dusclops\n|-damage|p1a: Dusclops|47\/100\n|-damage|p2a: Iron Hands|79\/100|[from] Recoil\n|move|p1b: Amoonguss|Spore|p2a: Iron Hands\n|-status|p2a: Iron Hands|slp|[from] move: Spore\n|\n|upkeep\n|turn|7\n|\n|t:|1700798901\n|-end|p2a: Iron Hands|Quark Drive|[silent]\n|switch|p2a: Cresselia|Cresselia, L50, F|100\/100\n|move|p2b: Sinistcha|Giga Drain|p1a: Dusclops\n|-damage|p1a: Dusclops|32\/100\n|move|p1b: Amoonguss|Pollen Puff|p1a: Dusclops\n|-heal|p1a: Dusclops|81\/100\n|move|p1a: Dusclops|Pain Split|p2b: Sinistcha\n|-sethp|p2b: Sinistcha|84\/100|[from] move: Pain Split|[silent]\n|-sethp|p1a: Dusclops|100\/100|[from] move: Pain Split\n|\n|upkeep\n|turn|8\n|inactive|emifursgamer has 30 seconds left.\n|\n|t:|1700798927\n|move|p2a: Cresselia|Psychic|p1b: Amoonguss\n|-supereffective|p1b: Amoonguss\n|-damage|p1b: Amoonguss|37\/100\n|move|p2b: Sinistcha|Giga Drain|p1a: Dusclops\n|-damage|p1a: Dusclops|84\/100\n|-heal|p2b: Sinistcha|91\/100|[from] drain|[of] p1a: Dusclops\n|move|p1b: Amoonguss|Spore|p2a: Cresselia\n|-status|p2a: Cresselia|slp|[from] move: Spore\n|move|p1a: Dusclops|Trick Room|p1a: Dusclops\n|-fieldstart|move: Trick Room|[of] p1a: Dusclops\n|\n|upkeep\n|turn|9\n|\n|t:|1700798949\n|switch|p1b: Enamorus|Enamorus-Therian, L50, F, tera:Flying|87\/100\n|move|p1a: Dusclops|Shadow Ball|p2a: Cresselia\n|-supereffective|p2a: Cresselia\n|-damage|p2a: Cresselia|76\/100 slp\n|move|p2b: Sinistcha|Giga Drain|p1a: Dusclops\n|-damage|p1a: Dusclops|70\/100\n|-heal|p2b: Sinistcha|98\/100|[from] drain|[of] p1a: Dusclops\n|cant|p2a: Cresselia|slp\n|\n|upkeep\n|turn|10\n|\n|t:|1700798971\n|move|p1a: Dusclops|Shadow Ball|p2a: Cresselia\n|-supereffective|p2a: Cresselia\n|-damage|p2a: Cresselia|54\/100 slp\n|move|p1b: Enamorus|Tera Blast|p2a: Cresselia|[anim] Tera Blast Flying\n|-damage|p2a: Cresselia|0 fnt\n|faint|p2a: Cresselia\n|move|p2b: Sinistcha|Life Dew|p2b: Sinistcha\n|-heal|p2b: Sinistcha|100\/100\n|\n|upkeep\n|\n|t:|1700798981\n|switch|p2a: Iron Hands|Iron Hands, L50|79\/100 slp\n|turn|11\n|\n|t:|1700798993\n|move|p1a: Dusclops|Shadow Ball|p2b: Sinistcha\n|-supereffective|p2b: Sinistcha\n|-damage|p2b: Sinistcha|66\/100\n|move|p1b: Enamorus|Tera Blast|p2b: Sinistcha|[anim] Tera Blast Flying\n|-supereffective|p2b: Sinistcha\n|-damage|p2b: Sinistcha|0 fnt\n|faint|p2b: Sinistcha\n|cant|p2a: Iron Hands|slp\n|\n|upkeep\n|turn|12\n|\n|t:|1700799005\n|move|p1a: Dusclops|Shadow Ball|p2a: Iron Hands\n|-damage|p2a: Iron Hands|66\/100 slp\n|move|p1b: Enamorus|Tera Blast|p2a: Iron Hands|[anim] Tera Blast Flying\n|-damage|p2a: Iron Hands|8\/100 slp\n|-curestatus|p2a: Iron Hands|slp|[msg]\n|move|p2a: Iron Hands|Wild Charge|p1b: Enamorus\n|-supereffective|p1b: Enamorus\n|-damage|p1b: Enamorus|0 fnt\n|faint|p1b: Enamorus\n|-damage|p2a: Iron Hands|0 fnt|[from] Recoil\n|faint|p2a: Iron Hands\n|-end|p2a: Iron Hands|Quark Drive|[silent]\n|\n|win|emifursgamer\n|raw|emifursgamer's rating: 1224 &rarr; <strong>1257<\/strong><br \/>(+33 for winning)\n|raw|MrJu's rating: 1336 &rarr; <strong>1310<\/strong><br \/>(-26 for losing)\n|l|\u2606MrJu\n","uploadtime":1700799187,"views":14,"p1id":"emifursgamer","p2id":"mrju","formatid":"gen9vgc2023regulatione","rating":1257,"private":0,"password":""}