{"id":"gen9vgc2023regulatione-1992653143","p1":"aquartertwo","p2":"fairylilipad","format":"[Gen 9] VGC 2023 Regulation E","log":"|j|\u2606aquartertwo\n|j|\u2606fairylilipad\n|n|\u2606aquartertwo|aquartertwo\n|n|\u2606fairylilipad|fairylilipad\n|html|View the match progress at <a href=\"\/game-bestof3-gen9vgc2023regulatione-1992648232\">game-bestof3-gen9vgc2023regulatione-1992648232<\/a>\n|t:|1700220798\n|gametype|doubles\n|player|p1|aquartertwo|clerk|\n|player|p2|fairylilipad|guitarist|\n|teamsize|p1|6\n|teamsize|p2|6\n|gen|9\n|tier|[Gen 9] VGC 2023 Regulation E\n|rule|Species Clause: Limit one of each Pok\u00e9mon\n|rule|Item Clause: Limit one of each item\n|clearpoke\n|poke|p1|Tornadus, L50, M|\n|poke|p1|Flutter Mane, L50|\n|poke|p1|Regidrago, L50|\n|poke|p1|Heatran, L50, F|\n|poke|p1|Urshifu-*, L50, F|\n|poke|p1|Farigiraf, L50, F|\n|poke|p2|Weezing, L50, M|\n|poke|p2|Roaring Moon, L50|\n|poke|p2|Flutter Mane, L50|\n|poke|p2|Ogerpon-Hearthflame, L50, F|\n|poke|p2|Rillaboom, L50, F|\n|poke|p2|Urshifu-*, L50, F|\n|teampreview|4\naquartertwo has agreed to open team sheets.\nfairylilipad has agreed to open team sheets.\n|showteam|p1|Tornadus||MentalHerb|Prankster|BleakwindStorm,Tailwind,SunnyDay,Protect|||M|||50|,,,,,Ghost]Flutter Mane||BoosterEnergy|Protosynthesis|DazzlingGleam,ShadowBall,Substitute,Protect||||||50|,,,,,Water]Regidrago||DragonFang|DragonsMaw|DragonEnergy,DracoMeteor,EarthPower,Protect||||||50|,,,,,Poison]Heatran||LifeOrb|FlashFire|HeatWave,FlashCannon,EarthPower,Protect|||F|||50|,,,,,Fairy]Urshifu||ChoiceScarf|UnseenFist|WickedBlow,SuckerPunch,CloseCombat,IronHead|||F|||50|,,,,,Dark]Farigiraf||RockyHelmet|ArmorTail|Psychic,DazzlingGleam,TrickRoom,Imprison|||F|||50|,,,,,Fairy\n|showteam|p2|Weezing||SitrusBerry|NeutralizingGas|WillOWisp,Taunt,GunkShot,Protect|||M|||50|,,,,,Ghost]Roaring Moon||BoosterEnergy|Protosynthesis|BreakingSwipe,Tailwind,KnockOff,Protect||||||50|,,,,,Poison]Flutter Mane||ChoiceSpecs|Protosynthesis|Thunderbolt,DazzlingGleam,ShadowBall,Moonblast||||||50|,,,,,Fairy]Ogerpon-Hearthflame||HearthflameMask|MoldBreaker|IvyCudgel,GrassyGlide,HornLeech,SpikyShield|||F|||50|,,,,,Fire]Rillaboom||AssaultVest|GrassySurge|FakeOut,HighHorsepower,WoodHammer,GrassyGlide|||F|||50|,,,,,Fire]Urshifu-Rapid-Strike||ChoiceScarf|UnseenFist|SurgingStrikes,CloseCombat,AquaJet,Uturn|||F|||50|,,,,,Water\n|\n|t:|1700220820\n|start\n|switch|p1a: Tornadus|Tornadus, L50, M|100\/100\n|switch|p1b: Heatran|Heatran, L50, F|100\/100\n|switch|p2a: Roaring Moon|Roaring Moon, L50|100\/100\n|switch|p2b: Rillaboom|Rillaboom, L50, F|100\/100\n|-fieldstart|move: Grassy Terrain|[from] ability: Grassy Surge|[of] p2b: Rillaboom\n|-enditem|p2a: Roaring Moon|Booster Energy\n|-activate|p2a: Roaring Moon|ability: Protosynthesis|[fromitem]\n|-start|p2a: Roaring Moon|protosynthesisspe\n|turn|1\n|\n|t:|1700220883\n|-terastallize|p1b: Heatran|Fairy\n|-terastallize|p2b: Rillaboom|Fire\n|move|p2b: Rillaboom|Fake Out|p1a: Tornadus\n|-damage|p1a: Tornadus|80\/100\n|move|p2a: Roaring Moon|Tailwind|p2a: Roaring Moon\n|-sidestart|p2: fairylilipad|move: Tailwind\n|cant|p1a: Tornadus|flinch\n|move|p1b: Heatran|Heat Wave|p2b: Rillaboom|[spread] p2a,p2b\n|-resisted|p2a: Roaring Moon\n|-resisted|p2b: Rillaboom\n|-damage|p2a: Roaring Moon|79\/100\n|-damage|p2b: Rillaboom|84\/100\n|-status|p2a: Roaring Moon|brn\n|-damage|p1b: Heatran|91\/100|[from] item: Life Orb\n|\n|-heal|p2a: Roaring Moon|85\/100 brn|[from] Grassy Terrain\n|-heal|p2b: Rillaboom|89\/100|[from] Grassy Terrain\n|-heal|p1b: Heatran|97\/100|[from] Grassy Terrain\n|-damage|p2a: Roaring Moon|79\/100 brn|[from] brn\n|upkeep\n|turn|2\n|c|\u2606fairylilipad|the burn hahaha\n|c|\u2606aquartertwo|my turn jk\n|c|\u2606fairylilipad|lol\n|\n|t:|1700220931\n|switch|p2b: Flutter Mane|Flutter Mane, L50|100\/100\n|move|p1a: Tornadus|Tailwind|p1a: Tornadus\n|-sidestart|p1: aquartertwo|move: Tailwind\n|move|p2a: Roaring Moon|Knock Off|p1b: Heatran\n|-resisted|p1b: Heatran\n|-damage|p1b: Heatran|85\/100\n|-enditem|p1b: Heatran|Life Orb|[from] move: Knock Off|[of] p2a: Roaring Moon\n|move|p1b: Heatran|Earth Power|p2b: Flutter Mane\n|-damage|p2b: Flutter Mane|69\/100\n|\n|-heal|p2a: Roaring Moon|85\/100 brn|[from] Grassy Terrain\n|-heal|p2b: Flutter Mane|76\/100|[from] Grassy Terrain\n|-heal|p1b: Heatran|91\/100|[from] Grassy Terrain\n|-damage|p2a: Roaring Moon|79\/100 brn|[from] brn\n|upkeep\n|turn|3\n|\n|t:|1700220961\n|-end|p2a: Roaring Moon|Protosynthesis|[silent]\n|switch|p2a: Urshifu|Urshifu-Rapid-Strike, L50, F|100\/100\n|move|p1a: Tornadus|Protect|p1a: Tornadus\n|-singleturn|p1a: Tornadus|Protect\n|move|p2b: Flutter Mane|Thunderbolt|p1a: Tornadus\n|-activate|p1a: Tornadus|move: Protect\n|move|p1b: Heatran|Flash Cannon|p2b: Flutter Mane\n|-supereffective|p2b: Flutter Mane\n|-damage|p2b: Flutter Mane|0 fnt\n|faint|p2b: Flutter Mane\n|-end|p2b: Flutter Mane|Protosynthesis|[silent]\n|\n|-heal|p1b: Heatran|97\/100|[from] Grassy Terrain\n|upkeep\n|\n|t:|1700220975\n|switch|p2b: Roaring Moon|Roaring Moon, L50|79\/100 brn\n|turn|4\n|\n|t:|1700221001\n|move|p2a: Urshifu|Surging Strikes|p1a: Tornadus\n|-crit|p1a: Tornadus\n|-damage|p1a: Tornadus|48\/100\n|-crit|p1a: Tornadus\n|-damage|p1a: Tornadus|13\/100\n|-crit|p1a: Tornadus\n|-damage|p1a: Tornadus|0 fnt\n|faint|p1a: Tornadus\n|-hitcount|p1: Tornadus|3\n|move|p2b: Roaring Moon|Knock Off|p1b: Heatran\n|-resisted|p1b: Heatran\n|-damage|p1b: Heatran|89\/100\n|move|p1b: Heatran|Earth Power|p2a: Urshifu\n|-damage|p2a: Urshifu|52\/100\n|\n|-heal|p2a: Urshifu|58\/100|[from] Grassy Terrain\n|-heal|p2b: Roaring Moon|85\/100 brn|[from] Grassy Terrain\n|-heal|p1b: Heatran|95\/100|[from] Grassy Terrain\n|-damage|p2b: Roaring Moon|79\/100 brn|[from] brn\n|-sideend|p2: fairylilipad|move: Tailwind\n|upkeep\n|c|\u2606aquartertwo|Right; Scarf\n|\n|t:|1700221022\n|switch|p1a: Flutter Mane|Flutter Mane, L50|100\/100\n|-enditem|p1a: Flutter Mane|Booster Energy\n|-activate|p1a: Flutter Mane|ability: Protosynthesis|[fromitem]\n|-start|p1a: Flutter Mane|protosynthesisspa\n|turn|5\n|\n|t:|1700221075\n|switch|p2a: Rillaboom|Rillaboom, L50, F, tera:Fire|89\/100\n|move|p2b: Roaring Moon|Protect|p2b: Roaring Moon\n|-singleturn|p2b: Roaring Moon|Protect\n|move|p1a: Flutter Mane|Dazzling Gleam|p2b: Roaring Moon|[spread] p2a\n|-activate|p2b: Roaring Moon|move: Protect\n|-resisted|p2a: Rillaboom\n|-damage|p2a: Rillaboom|77\/100\n|move|p1b: Heatran|Earth Power|p2a: Rillaboom\n|-supereffective|p2a: Rillaboom\n|-damage|p2a: Rillaboom|31\/100\n|\n|-heal|p1b: Heatran|100\/100|[from] Grassy Terrain\n|-heal|p2b: Roaring Moon|85\/100 brn|[from] Grassy Terrain\n|-heal|p2a: Rillaboom|37\/100|[from] Grassy Terrain\n|-damage|p2b: Roaring Moon|79\/100 brn|[from] brn\n|-sideend|p1: aquartertwo|move: Tailwind\n|-fieldend|move: Grassy Terrain\n|upkeep\n|turn|6\n|\n|t:|1700221109\n|switch|p2a: Urshifu|Urshifu-Rapid-Strike, L50, F|58\/100\n|move|p1b: Heatran|Protect|p1b: Heatran\n|-singleturn|p1b: Heatran|Protect\n|move|p1a: Flutter Mane|Dazzling Gleam|p2b: Roaring Moon|[spread] p2a,p2b\n|-supereffective|p2a: Urshifu\n|-supereffective|p2b: Roaring Moon\n|-damage|p2a: Urshifu|0 fnt\n|-damage|p2b: Roaring Moon|0 fnt\n|faint|p2a: Urshifu\n|faint|p2b: Roaring Moon\n|-end|p2b: Roaring Moon|Protosynthesis|[silent]\n|\n|upkeep\n|c|\u2606fairylilipad|nooo\n|c|\u2606fairylilipad|hahha\n|c|\u2606aquartertwo|no threat of Glide\n|c|\u2606fairylilipad|di ko napansin wala na grarssy\n|c|\u2606fairylilipad|haha\n|\n|t:|1700221140\n|switch|p2a: Rillaboom|Rillaboom, L50, F, tera:Fire|37\/100\n|-fieldstart|move: Grassy Terrain|[from] ability: Grassy Surge|[of] p2a: Rillaboom\n|turn|7\n|\n|t:|1700221154\n|move|p2a: Rillaboom|Grassy Glide|p1b: Heatran\n|-damage|p1b: Heatran|65\/100\n|move|p1a: Flutter Mane|Shadow Ball|p2a: Rillaboom\n|-damage|p2a: Rillaboom|1\/100\n|-unboost|p2a: Rillaboom|spd|1\n|move|p1b: Heatran|Earth Power|p2a: Rillaboom\n|-supereffective|p2a: Rillaboom\n|-damage|p2a: Rillaboom|0 fnt\n|faint|p2a: Rillaboom\n|\n|win|aquartertwo\n|c|\u2606fairylilipad|sapa haha\n|c|\u2606fairylilipad|save mo muna haha\n","uploadtime":1700221182,"views":12,"p1id":"aquartertwo","p2id":"fairylilipad","formatid":"gen9vgc2023regulatione","rating":0,"private":0,"password":""}