{"id":"gen9vgc2023regulatione-1988604577","p1":"xomni","p2":"filthytrashgoblin","format":"[Gen 9] VGC 2023 Regulation E","log":"|j|\u2606xomni\n|j|\u2606filthytrashgoblin\n|t:|1699741040\n|gametype|doubles\n|player|p1|xomni|101|1169\n|player|p2|filthytrashgoblin|ghetsis|1028\n|teamsize|p1|6\n|teamsize|p2|6\n|gen|9\n|tier|[Gen 9] VGC 2023 Regulation E\n|rated|\n|rule|Species Clause: Limit one of each Pok\u00e9mon\n|rule|Item Clause: Limit one of each item\n|clearpoke\n|poke|p1|Tornadus, L50, M|\n|poke|p1|Flutter Mane, L50|\n|poke|p1|Urshifu-*, L50, F|\n|poke|p1|Heatran, L50, F|\n|poke|p1|Farigiraf, L50, M|\n|poke|p1|Regidrago, L50|\n|poke|p2|Cresselia, L50, F|\n|poke|p2|Urshifu-*, L50, M|\n|poke|p2|Ogerpon-Hearthflame, L50, F|\n|poke|p2|Flutter Mane, L50|\n|poke|p2|Landorus-Therian, L50, M|\n|poke|p2|Heatran, L50, M|\n|teampreview|4\n|inactive|Battle timer is ON: inactive players will automatically lose when time's up. (requested by filthytrashgoblin)\n|inactive|xomni has 60 seconds left.\n|\n|t:|1699741092\n|start\n|switch|p1a: Tornadus|Tornadus, L50, M|100\/100\n|switch|p1b: Flutter Mane|Flutter Mane, L50|100\/100\n|switch|p2a: floofadoof|Flutter Mane, L50|100\/100\n|switch|p2b: poyo!!|Ogerpon-Hearthflame, L50, F|100\/100\n|-ability|p2b: poyo!!|Mold Breaker\n|-enditem|p2a: floofadoof|Booster Energy\n|-activate|p2a: floofadoof|ability: Protosynthesis|[fromitem]\n|-start|p2a: floofadoof|protosynthesisspe\n|turn|1\n|inactive|xomni has 30 seconds left.\n|\n|t:|1699741122\n|-end|p1b: Flutter Mane|Protosynthesis|[silent]\n|switch|p1b: Heatran|Heatran, L50, F|100\/100\n|move|p1a: Tornadus|Tailwind|p1a: Tornadus\n|-sidestart|p1: xomni|move: Tailwind\n|move|p2a: floofadoof|Shadow Ball|p1b: Heatran\n|-damage|p1b: Heatran|78\/100\n|move|p2b: poyo!!|Swords Dance|p2b: poyo!!\n|-boost|p2b: poyo!!|atk|2\n|\n|upkeep\n|turn|2\n|inactive|xomni has 30 seconds left.\n|inactive|xomni has 20 seconds left.\n|\n|t:|1699741162\n|move|p2a: floofadoof|Protect|p2a: floofadoof\n|-singleturn|p2a: floofadoof|Protect\n|move|p1a: Tornadus|Bleakwind Storm|p2b: poyo!!|[spread] p2b\n|-activate|p2a: floofadoof|move: Protect\n|-supereffective|p2b: poyo!!\n|-damage|p2b: poyo!!|35\/100\n|-unboost|p2b: poyo!!|spe|1\n|move|p1b: Heatran|Flash Cannon|p2a: floofadoof\n|-activate|p2a: floofadoof|move: Protect\n|move|p2b: poyo!!|Ivy Cudgel|p1b: Heatran\n|-crit|p1b: Heatran\n|-damage|p1b: Heatran|0 fnt\n|faint|p1b: Heatran\n|\n|upkeep\n|\n|t:|1699741177\n|switch|p1b: Flutter Mane|Flutter Mane, L50|100\/100\n|turn|3\n|j| Jesuuuus\n|\n|t:|1699741190\n|-terastallize|p1b: Flutter Mane|Fairy\n|-terastallize|p2a: floofadoof|Ghost\n|move|p2b: poyo!!|Spiky Shield|p2b: poyo!!\n|-singleturn|p2b: poyo!!|move: Protect\n|move|p1b: Flutter Mane|Moonblast|p2a: floofadoof\n|-damage|p2a: floofadoof|0 fnt\n|faint|p2a: floofadoof\n|-end|p2a: floofadoof|Protosynthesis|[silent]\n|move|p1a: Tornadus|Bleakwind Storm|p2b: poyo!!\n|-activate|p2b: poyo!!|move: Protect\n|\n|upkeep\n|\n|t:|1699741203\n|switch|p2a: swoona|Cresselia, L50, F|100\/100\n|turn|4\n|\n|t:|1699741222\n|move|p1a: Tornadus|Taunt|p2a: swoona\n|-start|p2a: swoona|move: Taunt\n|move|p1b: Flutter Mane|Moonblast|p2b: poyo!!\n|-resisted|p2b: poyo!!\n|-damage|p2b: poyo!!|0 fnt\n|faint|p2b: poyo!!\n|move|p2a: swoona|Moonblast|p1a: Tornadus\n|-damage|p1a: Tornadus|80\/100\n|\n|-sideend|p1: xomni|move: Tailwind\n|upkeep\n|\n|t:|1699741231\n|switch|p2b: BEAR!!!|Urshifu, L50, M|100\/100\n|turn|5\n|\n|t:|1699741250\n|move|p1b: Flutter Mane|Moonblast|p2b: BEAR!!!\n|-supereffective|p2b: BEAR!!!\n|-enditem|p2b: BEAR!!!|Focus Sash\n|-damage|p2b: BEAR!!!|1\/100\n|move|p2b: BEAR!!!|Close Combat|p1b: Flutter Mane\n|-resisted|p1b: Flutter Mane\n|-damage|p1b: Flutter Mane|20\/100\n|-unboost|p2b: BEAR!!!|def|1\n|-unboost|p2b: BEAR!!!|spd|1\n|move|p1a: Tornadus|Bleakwind Storm|p2a: swoona|[spread] p2b\n|-miss|p1a: Tornadus|p2a: swoona\n|-supereffective|p2b: BEAR!!!\n|-damage|p2b: BEAR!!!|0 fnt\n|faint|p2b: BEAR!!!\n|move|p2a: swoona|Moonblast|p1a: Tornadus\n|-damage|p1a: Tornadus|60\/100\n|\n|upkeep\n|turn|6\n|l| Jesuuuus\n|inactive|xomni has 30 seconds left.\n|\n|t:|1699741277\n|move|p1b: Flutter Mane|Moonblast|p2a: swoona\n|-damage|p2a: swoona|31\/100\n|-unboost|p2a: swoona|spa|1\n|move|p1a: Tornadus|Bleakwind Storm|p2a: swoona\n|-damage|p2a: swoona|0 fnt\n|faint|p2a: swoona\n|\n|win|xomni\n|raw|xomni's rating: 1169 &rarr; <strong>1184<\/strong><br \/>(+15 for winning)\n|raw|filthytrashgoblin's rating: 1028 &rarr; <strong>1019<\/strong><br \/>(-9 for losing)\n|j| Jesuuuus\n|l| Jesuuuus\n|l|\u2606filthytrashgoblin\n","uploadtime":1699741323,"views":11,"p1id":"xomni","p2id":"filthytrashgoblin","formatid":"gen9vgc2023regulatione","rating":1019,"private":0,"password":""}