{"id":"gen9vgc2023regulatione-1996094957","p1":"Anto1024","p2":"Zaxis Loxar","format":"[Gen 9] VGC 2023 Regulation E","log":"|j|\u2606Anto1024\n|j|\u2606Zaxis Loxar\n|t:|1700643244\n|gametype|doubles\n|player|p1|Anto1024|alder|1024\n|player|p2|Zaxis Loxar|cynthia-gen4|1133\n|teamsize|p1|6\n|teamsize|p2|6\n|gen|9\n|tier|[Gen 9] VGC 2023 Regulation E\n|rated|\n|rule|Species Clause: Limit one of each Pok\u00e9mon\n|rule|Item Clause: Limit one of each item\n|clearpoke\n|poke|p1|Arcanine-Hisui, L50, M|\n|poke|p1|Amoonguss, L50, M|\n|poke|p1|Tornadus, L50, M|\n|poke|p1|Urshifu-*, L50, M|\n|poke|p1|Iron Hands, L50|\n|poke|p1|Gholdengo, L50|\n|poke|p2|Greninja-*, L50, F|\n|poke|p2|Rillaboom, L50, F|\n|poke|p2|Tauros-Paldea-Blaze, L50, M|\n|poke|p2|Urshifu-*, L50, F|\n|poke|p2|Landorus-Therian, L50, M|\n|poke|p2|Farigiraf, L50, F|\n|teampreview|4\n|\n|t:|1700643309\n|start\n|switch|p1a: Arcanine|Arcanine-Hisui, L50, M|100\/100\n|switch|p1b: Urshifu|Urshifu-Rapid-Strike, L50, M|100\/100\n|switch|p2a: Rillaboom|Rillaboom, L50, F|100\/100\n|switch|p2b: Urshifu|Urshifu, L50, F|100\/100\n|-ability|p1a: Arcanine|Intimidate|boost\n|-unboost|p2a: Rillaboom|atk|1\n|-unboost|p2b: Urshifu|atk|1\n|-fieldstart|move: Grassy Terrain|[from] ability: Grassy Surge|[of] p2a: Rillaboom\n|turn|1\n|inactive|Battle timer is ON: inactive players will automatically lose when time's up. (requested by Zaxis Loxar)\n|inactive|Anto1024 has 60 seconds left.\n|\n|t:|1700643372\n|switch|p1b: Iron Hands|Iron Hands, L50|100\/100\n|switch|p1a: Amoonguss|Amoonguss, L50, M|100\/100\n|move|p2b: Urshifu|Detect|p2b: Urshifu\n|-singleturn|p2b: Urshifu|Protect\n|move|p2a: Rillaboom|Fake Out|p1a: Amoonguss\n|-damage|p1a: Amoonguss|93\/100\n|\n|-heal|p1a: Amoonguss|99\/100|[from] Grassy Terrain\n|upkeep\n|turn|2\n|\n|t:|1700643391\n|switch|p2b: Tauros|Tauros-Paldea-Blaze, L50, M|100\/100\n|-ability|p2b: Tauros|Intimidate|boost\n|-unboost|p1a: Amoonguss|atk|1\n|-unboost|p1b: Iron Hands|atk|1\n|-end|p1b: Iron Hands|Quark Drive|[silent]\n|switch|p1b: Arcanine|Arcanine-Hisui, L50, M|100\/100\n|-ability|p1b: Arcanine|Intimidate|boost\n|-unboost|p2a: Rillaboom|atk|1\n|-unboost|p2b: Tauros|atk|1\n|move|p2a: Rillaboom|U-turn|p1a: Amoonguss\n|-damage|p1a: Amoonguss|89\/100\n|\n|t:|1700643402\n|switch|p2a: Greninja|Greninja, L50, F|100\/100|[from] U-turn\n|move|p1a: Amoonguss|Spore|p2b: Tauros\n|-status|p2b: Tauros|slp|[from] move: Spore\n|\n|-heal|p1a: Amoonguss|95\/100|[from] Grassy Terrain\n|upkeep\n|turn|3\n|inactive|Anto1024 has 30 seconds left.\n|\n|t:|1700643432\n|switch|p1b: Iron Hands|Iron Hands, L50|100\/100\n|-terastallize|p1a: Amoonguss|Water\n|move|p2a: Greninja|Substitute|p2a: Greninja\n|-start|p2a: Greninja|typechange|Normal|[from] ability: Protean\n|-start|p2a: Greninja|Substitute\n|-damage|p2a: Greninja|76\/100\n|cant|p2b: Tauros|slp\n|move|p1a: Amoonguss|Spore||[still]\n|-fail|p1a: Amoonguss\n|\n|-heal|p2a: Greninja|82\/100|[from] Grassy Terrain\n|-heal|p1a: Amoonguss|100\/100|[from] Grassy Terrain\n|upkeep\n|turn|4\n|inactive|Anto1024 has 30 seconds left.\n|inactive|Anto1024 has 20 seconds left.\n|\n|t:|1700643467\n|-terastallize|p2a: Greninja|Grass\n|move|p1a: Amoonguss|Rage Powder|p1a: Amoonguss\n|-singleturn|p1a: Amoonguss|move: Rage Powder\n|move|p2a: Greninja|Tera Blast|p1a: Amoonguss|[anim] Tera Blast Grass\n|-supereffective|p1a: Amoonguss\n|-damage|p1a: Amoonguss|0 fnt\n|faint|p1a: Amoonguss\n|-damage|p2a: Greninja|73\/100|[from] item: Life Orb\n|-curestatus|p2b: Tauros|slp|[msg]\n|move|p2b: Tauros|Will-O-Wisp|p1b: Iron Hands\n|-status|p1b: Iron Hands|brn\n|move|p1b: Iron Hands|Wild Charge|p2a: Greninja\n|-resisted|p2a: Greninja\n|-activate|p2a: Greninja|move: Substitute|[damage]\n|-damage|p1b: Iron Hands|97\/100 brn|[from] Recoil|[of] p2a: Greninja\n|\n|-heal|p2a: Greninja|79\/100|[from] Grassy Terrain\n|-heal|p1b: Iron Hands|100\/100 brn|[from] Grassy Terrain\n|-damage|p1b: Iron Hands|94\/100 brn|[from] brn\n|upkeep\n|\n|t:|1700643488\n|switch|p1a: Urshifu|Urshifu-Rapid-Strike, L50, M|100\/100\n|turn|5\n|inactive|Anto1024 has 30 seconds left.\n|\n|t:|1700643514\n|switch|p2b: Rillaboom|Rillaboom, L50, F|100\/100\n|switch|p1a: Arcanine|Arcanine-Hisui, L50, M|100\/100\n|-ability|p1a: Arcanine|Intimidate|boost\n|-immune|p2a: Greninja\n|-unboost|p2b: Rillaboom|atk|1\n|move|p2a: Greninja|Tera Blast|p1a: Arcanine|[anim] Tera Blast Grass\n|-damage|p1a: Arcanine|30\/100\n|-damage|p2a: Greninja|69\/100|[from] item: Life Orb\n|move|p1b: Iron Hands|Drain Punch|p2a: Greninja\n|-end|p2a: Greninja|Substitute\n|-heal|p1b: Iron Hands|95\/100 brn|[from] drain|[of] p2a: Greninja\n|\n|-heal|p2a: Greninja|75\/100|[from] Grassy Terrain\n|-heal|p1a: Arcanine|36\/100|[from] Grassy Terrain\n|-heal|p1b: Iron Hands|100\/100 brn|[from] Grassy Terrain\n|-damage|p1b: Iron Hands|94\/100 brn|[from] brn\n|-fieldend|move: Grassy Terrain\n|upkeep\n|turn|6\n|inactive|Anto1024 has 30 seconds left.\n|inactive|Zaxis Loxar has 30 seconds left.\n|\n|t:|1700643543\n|switch|p2b: Tauros|Tauros-Paldea-Blaze, L50, M|100\/100\n|-ability|p2b: Tauros|Intimidate|boost\n|-unboost|p1a: Arcanine|atk|1\n|-unboost|p1b: Iron Hands|atk|1\n|move|p2a: Greninja|Dark Pulse|p1a: Arcanine\n|-damage|p1a: Arcanine|0 fnt\n|faint|p1a: Arcanine\n|-damage|p2a: Greninja|66\/100|[from] item: Life Orb\n|move|p1b: Iron Hands|Drain Punch|p2a: Greninja\n|-damage|p2a: Greninja|42\/100\n|-heal|p1b: Iron Hands|100\/100 brn|[from] drain|[of] p2a: Greninja\n|\n|-damage|p1b: Iron Hands|94\/100 brn|[from] brn\n|upkeep\n|\n|t:|1700643558\n|switch|p1a: Urshifu|Urshifu-Rapid-Strike, L50, M|100\/100\n|turn|7\n|\n|t:|1700643577\n|switch|p2a: Rillaboom|Rillaboom, L50, F|100\/100\n|-fieldstart|move: Grassy Terrain|[from] ability: Grassy Surge|[of] p2a: Rillaboom\n|move|p2b: Tauros|Will-O-Wisp|p1a: Urshifu|[miss]\n|-miss|p2b: Tauros|p1a: Urshifu\n|move|p1a: Urshifu|Close Combat|p2a: Rillaboom\n|-damage|p2a: Rillaboom|35\/100\n|-unboost|p1a: Urshifu|def|1\n|-unboost|p1a: Urshifu|spd|1\n|move|p1b: Iron Hands|Drain Punch|p2b: Tauros\n|-damage|p2b: Tauros|86\/100\n|-heal|p1b: Iron Hands|99\/100 brn|[from] drain|[of] p2b: Tauros\n|\n|-heal|p2b: Tauros|92\/100|[from] Grassy Terrain\n|-heal|p2a: Rillaboom|41\/100|[from] Grassy Terrain\n|-heal|p1b: Iron Hands|100\/100 brn|[from] Grassy Terrain\n|-damage|p1b: Iron Hands|94\/100 brn|[from] brn\n|upkeep\n|turn|8\n|inactive|Anto1024 has 30 seconds left.\n|\n|t:|1700643607\n|move|p2a: Rillaboom|Fake Out|p1a: Urshifu\n|-damage|p1a: Urshifu|81\/100\n|move|p2b: Tauros|Will-O-Wisp|p1a: Urshifu\n|-status|p1a: Urshifu|brn\n|cant|p1a: Urshifu|flinch\n|move|p1b: Iron Hands|Drain Punch|p2a: Rillaboom\n|-damage|p2a: Rillaboom|25\/100\n|-heal|p1b: Iron Hands|100\/100 brn|[from] drain|[of] p2a: Rillaboom\n|\n|-heal|p2b: Tauros|98\/100|[from] Grassy Terrain\n|-heal|p1a: Urshifu|87\/100 brn|[from] Grassy Terrain\n|-heal|p2a: Rillaboom|31\/100|[from] Grassy Terrain\n|-damage|p1a: Urshifu|81\/100 brn|[from] brn\n|-damage|p1b: Iron Hands|94\/100 brn|[from] brn\n|upkeep\n|turn|9\n|inactive|Anto1024 has 30 seconds left.\n|inactive|Zaxis Loxar has 30 seconds left.\n|inactive|Zaxis Loxar has 20 seconds left.\n|inactive|Zaxis Loxar has 15 seconds left.\n|\n|t:|1700643654\n|switch|p2a: Urshifu|Urshifu, L50, F|100\/100\n|move|p2b: Tauros|Raging Bull|p1b: Iron Hands\n|-damage|p1b: Iron Hands|73\/100 brn\n|move|p1a: Urshifu|Surging Strikes|p2b: Tauros\n|-supereffective|p2b: Tauros\n|-crit|p2b: Tauros\n|-damage|p2b: Tauros|71\/100\n|-supereffective|p2b: Tauros\n|-crit|p2b: Tauros\n|-damage|p2b: Tauros|45\/100\n|-supereffective|p2b: Tauros\n|-crit|p2b: Tauros\n|-damage|p2b: Tauros|21\/100\n|-hitcount|p2b: Tauros|3\n|move|p1b: Iron Hands|Wild Charge|p2a: Urshifu\n|-damage|p2a: Urshifu|82\/100\n|-damage|p1b: Iron Hands|69\/100 brn|[from] Recoil\n|\n|-heal|p2b: Tauros|27\/100|[from] Grassy Terrain\n|-heal|p2a: Urshifu|87\/100|[from] Grassy Terrain\n|-heal|p1a: Urshifu|87\/100 brn|[from] Grassy Terrain\n|-heal|p1b: Iron Hands|76\/100 brn|[from] Grassy Terrain\n|-damage|p1a: Urshifu|81\/100 brn|[from] brn\n|-damage|p1b: Iron Hands|69\/100 brn|[from] brn\n|upkeep\n|turn|10\n|inactive|Anto1024 has 30 seconds left.\n|inactive|Zaxis Loxar has 30 seconds left.\n|inactive|Anto1024 has 20 seconds left.\n|\n|t:|1700643689\n|switch|p2b: Rillaboom|Rillaboom, L50, F|31\/100\n|move|p1a: Urshifu|Aqua Jet|p2b: Rillaboom\n|-resisted|p2b: Rillaboom\n|-damage|p2b: Rillaboom|24\/100\n|move|p2a: Urshifu|U-turn|p1a: Urshifu\n|-resisted|p1a: Urshifu\n|-damage|p1a: Urshifu|61\/100 brn\n|\n|t:|1700643697\n|switch|p2a: Tauros|Tauros-Paldea-Blaze, L50, M|27\/100|[from] U-turn\n|-ability|p2a: Tauros|Intimidate|boost\n|-unboost|p1a: Urshifu|atk|1\n|-unboost|p1b: Iron Hands|atk|1\n|move|p1b: Iron Hands|Drain Punch|p2a: Tauros\n|-damage|p2a: Tauros|16\/100\n|-heal|p1b: Iron Hands|73\/100 brn|[from] drain|[of] p2a: Tauros\n|\n|-heal|p2a: Tauros|22\/100|[from] Grassy Terrain\n|-heal|p1a: Urshifu|67\/100 brn|[from] Grassy Terrain\n|-heal|p2b: Rillaboom|30\/100|[from] Grassy Terrain\n|-heal|p1b: Iron Hands|79\/100 brn|[from] Grassy Terrain\n|-damage|p1a: Urshifu|61\/100 brn|[from] brn\n|-damage|p1b: Iron Hands|73\/100 brn|[from] brn\n|upkeep\n|turn|11\n|\n|t:|1700643721\n|switch|p2a: Greninja|Greninja, L50, F, tera:Grass|42\/100\n|move|p2b: Rillaboom|Fake Out|p1a: Urshifu\n|-damage|p1a: Urshifu|38\/100 brn\n|cant|p1a: Urshifu|flinch\n|move|p1b: Iron Hands|Drain Punch|p2b: Rillaboom\n|-damage|p2b: Rillaboom|19\/100\n|-heal|p1b: Iron Hands|78\/100 brn|[from] drain|[of] p2b: Rillaboom\n|\n|-heal|p2a: Greninja|48\/100|[from] Grassy Terrain\n|-heal|p1a: Urshifu|44\/100 brn|[from] Grassy Terrain\n|-heal|p2b: Rillaboom|25\/100|[from] Grassy Terrain\n|-heal|p1b: Iron Hands|84\/100 brn|[from] Grassy Terrain\n|-damage|p1a: Urshifu|38\/100 brn|[from] brn\n|-damage|p1b: Iron Hands|78\/100 brn|[from] brn\n|-fieldend|move: Grassy Terrain\n|upkeep\n|turn|12\n|inactive|Anto1024 has 30 seconds left.\n|\n|t:|1700643750\n|switch|p2b: Tauros|Tauros-Paldea-Blaze, L50, M|22\/100\n|-ability|p2b: Tauros|Intimidate|boost\n|-unboost|p1a: Urshifu|atk|1\n|-unboost|p1b: Iron Hands|atk|1\n|move|p2a: Greninja|Tera Blast|p1a: Urshifu|[anim] Tera Blast Grass\n|-supereffective|p1a: Urshifu\n|-damage|p1a: Urshifu|0 fnt\n|faint|p1a: Urshifu\n|-damage|p2a: Greninja|39\/100|[from] item: Life Orb\n|move|p1b: Iron Hands|Drain Punch|p2b: Tauros\n|-damage|p2b: Tauros|13\/100\n|-heal|p1b: Iron Hands|81\/100 brn|[from] drain|[of] p2b: Tauros\n|\n|-damage|p1b: Iron Hands|75\/100 brn|[from] brn\n|upkeep\n|turn|13\n|inactive|Anto1024 has 30 seconds left.\n|inactive|Anto1024 has 20 seconds left.\n|inactive|Anto1024 has 15 seconds left.\n|\n|t:|1700643791\n|switch|p2b: Rillaboom|Rillaboom, L50, F|25\/100\n|-fieldstart|move: Grassy Terrain|[from] ability: Grassy Surge|[of] p2b: Rillaboom\n|move|p2a: Greninja|Tera Blast|p1b: Iron Hands|[anim] Tera Blast Grass\n|-damage|p1b: Iron Hands|37\/100 brn\n|-damage|p2a: Greninja|29\/100|[from] item: Life Orb\n|move|p1b: Iron Hands|Drain Punch|p2b: Rillaboom\n|-damage|p2b: Rillaboom|16\/100\n|-heal|p1b: Iron Hands|40\/100 brn|[from] drain|[of] p2b: Rillaboom\n|\n|-heal|p2a: Greninja|35\/100|[from] Grassy Terrain\n|-heal|p2b: Rillaboom|22\/100|[from] Grassy Terrain\n|-heal|p1b: Iron Hands|46\/100 brn|[from] Grassy Terrain\n|-damage|p1b: Iron Hands|40\/100 brn|[from] brn\n|upkeep\n|turn|14\n|\n|t:|1700643813\n|move|p2b: Rillaboom|Fake Out|p1b: Iron Hands\n|-damage|p1b: Iron Hands|31\/100 brn\n|move|p2a: Greninja|Tera Blast|p1b: Iron Hands|[anim] Tera Blast Grass\n|-damage|p1b: Iron Hands|0 fnt\n|faint|p1b: Iron Hands\n|-end|p1b: Iron Hands|Quark Drive|[silent]\n|-damage|p2a: Greninja|26\/100|[from] item: Life Orb\n|\n|win|Zaxis Loxar\n|raw|Anto1024's rating: 1024 &rarr; <strong>1015<\/strong><br \/>(-9 for losing)\n|raw|Zaxis Loxar's rating: 1133 &rarr; <strong>1150<\/strong><br \/>(+17 for winning)\n","uploadtime":1700643832,"views":6,"p1id":"anto1024","p2id":"zaxisloxar","formatid":"gen9vgc2023regulatione","rating":1015,"private":0,"password":""}