{"id":"gen9vgc2023regulatione-2000465259","p1":"Mortipherus","p2":"yunfz","format":"[Gen 9] VGC 2023 Regulation E","log":"|j|\u2606Mortipherus\n|j|\u2606yunfz\n|n|\u2606Mortipherus|mortipherus\n|n|\u2606yunfz|yunfz\n|html|View the match progress at <a href=\"\/game-bestof3-gen9vgc2023regulatione-2000459154\">game-bestof3-gen9vgc2023regulatione-2000459154<\/a>\n|t:|1701197091\n|gametype|doubles\n|player|p1|Mortipherus|biker-gen4|\n|player|p2|yunfz|1|\n|teamsize|p1|6\n|teamsize|p2|6\n|gen|9\n|tier|[Gen 9] VGC 2023 Regulation E\n|rule|Species Clause: Limit one of each Pok\u00e9mon\n|rule|Item Clause: Limit one of each item\n|clearpoke\n|poke|p1|Ursaluna-Bloodmoon, L50, M|\n|poke|p1|Iron Hands, L50|\n|poke|p1|Flutter Mane, L50|\n|poke|p1|Ogerpon-Cornerstone, L50, F|\n|poke|p1|Farigiraf, L50, M|\n|poke|p1|Urshifu-*, L50, M|\n|poke|p2|Amoonguss, L50, M|\n|poke|p2|Iron Hands, L50|\n|poke|p2|Arcanine-Hisui, L50, F|\n|poke|p2|Tornadus, L50, M|\n|poke|p2|Urshifu-*, L50, F|\n|poke|p2|Gholdengo, L50|\n|teampreview|4\nMortipherus has agreed to open team sheets.\n|\n|t:|1701197125\n|start\n|switch|p1a: Iron Hands|Iron Hands, L50|100\/100\n|switch|p1b: Farigiraf|Farigiraf, L50, M|100\/100\n|switch|p2a: Amoonguss|Amoonguss, L50, M|100\/100\n|switch|p2b: Gholdengo|Gholdengo, L50|100\/100\n|turn|1\n|\n|t:|1701197156\n|move|p2a: Amoonguss|Protect|p2a: Amoonguss\n|-singleturn|p2a: Amoonguss|Protect\n|move|p1a: Iron Hands|Fake Out|p2a: Amoonguss\n|-activate|p2a: Amoonguss|move: Protect\n|move|p2b: Gholdengo|Nasty Plot|p2b: Gholdengo\n|-boost|p2b: Gholdengo|spa|2\n|move|p1b: Farigiraf|Trick Room|p1b: Farigiraf\n|-fieldstart|move: Trick Room|[of] p1b: Farigiraf\n|\n|upkeep\n|turn|2\n|inactive|Battle timer is ON: inactive players will automatically lose when time's up. (requested by yunfz)\n|\n|t:|1701197184\n|-end|p1a: Iron Hands|Quark Drive|[silent]\n|switch|p1a: Urshifu|Urshifu, L50, M|100\/100\n|move|p2a: Amoonguss|Spore|p1a: Urshifu\n|-status|p1a: Urshifu|slp|[from] move: Spore\n|move|p1b: Farigiraf|Psychic|p2a: Amoonguss\n|-supereffective|p2a: Amoonguss\n|-damage|p2a: Amoonguss|28\/100\n|move|p2b: Gholdengo|Shadow Ball|p1a: Urshifu\n|-resisted|p1a: Urshifu\n|-damage|p1a: Urshifu|38\/100 slp\n|\n|upkeep\n|turn|3\n|\n|t:|1701197205\n|cant|p1a: Urshifu|slp\n|move|p2a: Amoonguss|Spore|p1b: Farigiraf\n|-status|p1b: Farigiraf|slp|[from] move: Spore\n|cant|p1b: Farigiraf|slp\n|move|p2b: Gholdengo|Make It Rain|p1a: Urshifu|[spread] p1a,p1b\n|-damage|p1a: Urshifu|0 fnt\n|-damage|p1b: Farigiraf|0 fnt\n|-unboost|p2b: Gholdengo|spa|1\n|faint|p1a: Urshifu\n|faint|p1b: Farigiraf\n|\n|upkeep\n|\n|t:|1701197222\n|switch|p1b: Iron Hands|Iron Hands, L50|100\/100\n|switch|p1a: Ursaluna|Ursaluna-Bloodmoon, L50, M|100\/100\n|turn|4\n|inactive|yunfz has 30 seconds left.\n|\n|t:|1701197255\n|-terastallize|p1a: Ursaluna|Normal\n|move|p2a: Amoonguss|Protect|p2a: Amoonguss\n|-singleturn|p2a: Amoonguss|Protect\n|move|p1a: Ursaluna|Hyper Voice|p2a: Amoonguss|[spread] p2b\n|-activate|p2a: Amoonguss|move: Protect\n|-resisted|p2b: Gholdengo\n|-damage|p2b: Gholdengo|66\/100\n|-damage|p1a: Ursaluna|91\/100|[from] item: Life Orb\n|move|p1b: Iron Hands|Wild Charge|p2b: Gholdengo\n|-damage|p2b: Gholdengo|18\/100\n|-damage|p1b: Iron Hands|91\/100|[from] Recoil\n|move|p2b: Gholdengo|Shadow Ball|p1b: Iron Hands\n|-damage|p1b: Iron Hands|62\/100\n|\n|-heal|p2b: Gholdengo|24\/100|[from] item: Leftovers\n|upkeep\n|turn|5\n|inactive|Mortipherus has 30 seconds left.\n|inactive|yunfz has 30 seconds left.\n|\n|t:|1701197288\n|move|p2b: Gholdengo|Protect|p2b: Gholdengo\n|-singleturn|p2b: Gholdengo|Protect\n|move|p2a: Amoonguss|Spore|p1b: Iron Hands\n|-status|p1b: Iron Hands|slp|[from] move: Spore\n|move|p1a: Ursaluna|Hyper Voice|p2a: Amoonguss|[spread] p2a\n|-activate|p2b: Gholdengo|move: Protect\n|-damage|p2a: Amoonguss|0 fnt\n|faint|p2a: Amoonguss\n|-damage|p1a: Ursaluna|81\/100|[from] item: Life Orb\n|cant|p1b: Iron Hands|slp\n|\n|-heal|p2b: Gholdengo|30\/100|[from] item: Leftovers\n|-fieldend|move: Trick Room\n|upkeep\n|\n|t:|1701197304\n|switch|p2a: Urshifu|Urshifu-Rapid-Strike, L50, F|100\/100\n|turn|6\n|\n|t:|1701197315\n|move|p2a: Urshifu|Close Combat|p1a: Ursaluna\n|-supereffective|p1a: Ursaluna\n|-damage|p1a: Ursaluna|0 fnt\n|-unboost|p2a: Urshifu|def|1\n|-unboost|p2a: Urshifu|spd|1\n|faint|p1a: Ursaluna\n|move|p2b: Gholdengo|Shadow Ball|p1b: Iron Hands\n|-damage|p1b: Iron Hands|28\/100 slp\n|cant|p1b: Iron Hands|slp\n|\n|-heal|p2b: Gholdengo|36\/100|[from] item: Leftovers\n|upkeep\n|turn|7\n|\n|t:|1701197333\n|move|p2a: Urshifu|Close Combat|p1b: Iron Hands\n|-damage|p1b: Iron Hands|0 fnt\n|-unboost|p2a: Urshifu|def|1\n|-unboost|p2a: Urshifu|spd|1\n|faint|p1b: Iron Hands\n|-end|p1b: Iron Hands|Quark Drive|[silent]\n|\n|win|yunfz\n","uploadtime":1701197343,"views":1,"p1id":"mortipherus","p2id":"yunfz","formatid":"gen9vgc2023regulatione","rating":0,"private":0,"password":""}