{"id":"gen9vgc2023regulatione-1997912869","p1":"Dawdumdum","p2":"GKun1999","format":"[Gen 9] VGC 2023 Regulation E","log":"|j|\u2606Dawdumdum\n|j|\u2606GKun1999\n|t:|1700866702\n|gametype|doubles\n|player|p1|Dawdumdum|diantha|1000\n|player|p2|GKun1999|ghetsis|1090\n|teamsize|p1|6\n|teamsize|p2|6\n|gen|9\n|tier|[Gen 9] VGC 2023 Regulation E\n|rated|\n|rule|Species Clause: Limit one of each Pok\u00e9mon\n|rule|Item Clause: Limit one of each item\n|clearpoke\n|poke|p1|Leavanny, L50, F|\n|poke|p1|Mamoswine, L50, M|\n|poke|p1|Cresselia, L50, F|\n|poke|p1|Torkoal, L50, F|\n|poke|p1|Samurott-Hisui, L50, M|\n|poke|p1|Haxorus, L50, M|\n|poke|p2|Rillaboom, L50, M|\n|poke|p2|Urshifu-*, L50, M|\n|poke|p2|Flutter Mane, L50|\n|poke|p2|Amoonguss, L50, F|\n|poke|p2|Tornadus, L50, M|\n|poke|p2|Chi-Yu, L50|\n|teampreview|4\nGKun1999 has agreed to open team sheets.\n|inactive|Battle timer is ON: inactive players will automatically lose when time's up. (requested by GKun1999)\n|\n|t:|1700866732\n|start\n|switch|p1a: Samurott|Samurott-Hisui, L50, M|100\/100\n|switch|p1b: Cresselia|Cresselia, L50, F|100\/100\n|switch|p2a: Chi-Yu|Chi-Yu, L50|100\/100\n|switch|p2b: Flutter Mane|Flutter Mane, L50|100\/100\n|-ability|p2a: Chi-Yu|Beads of Ruin\n|turn|1\n|inactive|GKun1999 has 30 seconds left.\n|\n|t:|1700866759\n|move|p2a: Chi-Yu|Dark Pulse|p1b: Cresselia\n|-supereffective|p1b: Cresselia\n|-enditem|p1b: Cresselia|Colbur Berry|[eat]\n|-enditem|p1b: Cresselia|Colbur Berry|[weaken]\n|-damage|p1b: Cresselia|56\/100\n|move|p2b: Flutter Mane|Moonblast|p1b: Cresselia\n|-damage|p1b: Cresselia|0 fnt\n|faint|p1b: Cresselia\n|-damage|p2b: Flutter Mane|90\/100|[from] item: Life Orb\n|move|p1a: Samurott|Ceaseless Edge|p2b: Flutter Mane\n|-damage|p2b: Flutter Mane|2\/100\n|-sidestart|p2: GKun1999|Spikes\n|\n|upkeep\n|\n|t:|1700866777\n|switch|p1b: Leavanny|Leavanny, L50, F|100\/100\n|turn|2\n|\n|t:|1700866788\n|-terastallize|p1b: Leavanny|Steel\n|move|p2a: Chi-Yu|Dark Pulse|p1b: Leavanny\n|-damage|p1b: Leavanny|16\/100\n|move|p2b: Flutter Mane|Moonblast|p1a: Samurott\n|-supereffective|p1a: Samurott\n|-damage|p1a: Samurott|0 fnt\n|faint|p1a: Samurott\n|-damage|p2b: Flutter Mane|0 fnt|[from] item: Life Orb\n|faint|p2b: Flutter Mane\n|-end|p2b: Flutter Mane|Protosynthesis|[silent]\n|move|p1b: Leavanny|Tera Blast|p2a: Chi-Yu|[anim] Tera Blast Steel\n|-resisted|p2a: Chi-Yu\n|-damage|p2a: Chi-Yu|69\/100\n|\n|upkeep\n|\n|t:|1700866808\n|switch|p2b: Amoonguss|Amoonguss, L50, F|100\/100\n|switch|p1a: Torkoal|Torkoal, L50, F|100\/100\n|-damage|p2b: Amoonguss|88\/100|[from] Spikes\n|-weather|SunnyDay|[from] ability: Drought|[of] p1a: Torkoal\n|turn|3\n|\n|t:|1700866829\n|move|p1a: Torkoal|Helping Hand|p1b: Leavanny\n|-singleturn|p1b: Leavanny|Helping Hand|[of] p1a: Torkoal\n|move|p1b: Leavanny|Fell Stinger|p2a: Chi-Yu\n|-damage|p2a: Chi-Yu|0 fnt\n|faint|p2a: Chi-Yu\n|-boost|p1b: Leavanny|atk|3\n|move|p2b: Amoonguss|Spore|p1b: Leavanny\n|-status|p1b: Leavanny|slp|[from] move: Spore\n|\n|-weather|SunnyDay|[upkeep]\n|upkeep\n|\n|t:|1700866839\n|switch|p2a: Urshifu|Urshifu-Rapid-Strike, L50, M|100\/100\n|-damage|p2a: Urshifu|88\/100|[from] Spikes\n|turn|4\n|inactive|GKun1999 has 30 seconds left.\n|\n|t:|1700866868\n|-terastallize|p2b: Amoonguss|Water\n|cant|p1b: Leavanny|slp\n|move|p2a: Urshifu|Close Combat|p1a: Torkoal\n|-damage|p1a: Torkoal|27\/100\n|-unboost|p2a: Urshifu|def|1\n|-unboost|p2a: Urshifu|spd|1\n|move|p2b: Amoonguss|Spore|p1a: Torkoal\n|-status|p1a: Torkoal|slp|[from] move: Spore\n|cant|p1a: Torkoal|slp\n|\n|-weather|SunnyDay|[upkeep]\n|upkeep\n|turn|5\n|\n|t:|1700866890\n|-curestatus|p1b: Leavanny|slp|[msg]\n|move|p1b: Leavanny|Poison Jab|p2a: Urshifu\n|-damage|p2a: Urshifu|0 fnt\n|faint|p2a: Urshifu\n|move|p2b: Amoonguss|Pollen Puff|p2: Urshifu|[notarget]\n|-fail|p2b: Amoonguss\n|cant|p1a: Torkoal|slp\n|\n|-weather|SunnyDay|[upkeep]\n|upkeep\n|turn|6\n|\n|t:|1700866910\n|move|p1b: Leavanny|Leaf Blade|p2b: Amoonguss\n|-supereffective|p2b: Amoonguss\n|-damage|p2b: Amoonguss|0 fnt\n|-damage|p1b: Leavanny|0 fnt|[from] item: Rocky Helmet|[of] p2b: Amoonguss\n|faint|p2b: Amoonguss\n|faint|p1b: Leavanny\n|\n|win|Dawdumdum\n|raw|Dawdumdum's rating: 1000 &rarr; <strong>1050<\/strong><br \/>(+50 for winning)\n|raw|GKun1999's rating: 1090 &rarr; <strong>1061<\/strong><br \/>(-29 for losing)\n|l|\u2606GKun1999\n","uploadtime":1700866933,"views":2,"p1id":"dawdumdum","p2id":"gkun1999","formatid":"gen9vgc2023regulatione","rating":1050,"private":0,"password":""}