{"id":"gen9vgc2023regulatione-1996577036","p1":"ezraninja9k","p2":"haamgamer07","format":"[Gen 9] VGC 2023 Regulation E","log":"|j|\u2606ezraninja9k\n|j|\u2606haamgamer07\n|t:|1700696291\n|gametype|doubles\n|player|p1|ezraninja9k|bruno|1194\n|player|p2|haamgamer07|266|1274\n|teamsize|p1|6\n|teamsize|p2|6\n|gen|9\n|tier|[Gen 9] VGC 2023 Regulation E\n|rated|\n|rule|Species Clause: Limit one of each Pok\u00e9mon\n|rule|Item Clause: Limit one of each item\n|clearpoke\n|poke|p1|Garchomp, L50, F|\n|poke|p1|Gholdengo, L50|\n|poke|p1|Armarouge, L50, M|\n|poke|p1|Indeedee-F, L50, F|\n|poke|p1|Ting-Lu, L50|\n|poke|p1|Annihilape, L50, F|\n|poke|p2|Flutter Mane, L50|\n|poke|p2|Iron Hands, L50|\n|poke|p2|Ogerpon-Hearthflame, L50, F|\n|poke|p2|Cresselia, L50, F|\n|poke|p2|Ursaluna, L50, M|\n|poke|p2|Empoleon, L50, F|\n|teampreview|4\n|inactive|Battle timer is ON: inactive players will automatically lose when time's up. (requested by haamgamer07)\n|inactive|haamgamer07 has 60 seconds left.\n|\n|t:|1700696360\n|start\n|switch|p1a: Annihilape|Annihilape, L50, F|100\/100\n|switch|p1b: Armarouge|Armarouge, L50, M|100\/100\n|switch|p2a: Flutter Mane|Flutter Mane, L50|100\/100\n|switch|p2b: Ogerpon|Ogerpon-Hearthflame, L50, F|100\/100\n|-ability|p2b: Ogerpon|Mold Breaker\n|turn|1\n|\n|t:|1700696385\n|move|p2b: Ogerpon|Follow Me|p2b: Ogerpon\n|-singleturn|p2b: Ogerpon|move: Follow Me\n|move|p1b: Armarouge|Ally Switch|p1b: Armarouge\n|swap|p1b: Armarouge|0|[from] move: Ally Switch\n|move|p2a: Flutter Mane|Shadow Ball|p1b: Annihilape\n|-supereffective|p1b: Annihilape\n|-damage|p1b: Annihilape|20\/100\n|move|p1b: Annihilape|Bulk Up|p1b: Annihilape\n|-boost|p1b: Annihilape|atk|1\n|-boost|p1b: Annihilape|def|1\n|\n|-heal|p1b: Annihilape|26\/100|[from] item: Leftovers\n|upkeep\n|turn|2\n|\n|t:|1700696408\n|move|p1b: Annihilape|Protect|p1b: Annihilape\n|-singleturn|p1b: Annihilape|Protect\n|move|p2a: Flutter Mane|Dazzling Gleam|p1a: Armarouge|[spread] p1a\n|-activate|p1b: Annihilape|move: Protect\n|-resisted|p1a: Armarouge\n|-damage|p1a: Armarouge|79\/100\n|move|p2b: Ogerpon|Horn Leech|p1b: Annihilape\n|-activate|p1b: Annihilape|move: Protect\n|move|p1a: Armarouge|Trick Room|p1a: Armarouge\n|-fieldstart|move: Trick Room|[of] p1a: Armarouge\n|\n|-heal|p1b: Annihilape|32\/100|[from] item: Leftovers\n|upkeep\n|turn|3\n|inactive|ezraninja9k has 30 seconds left.\n|\n|t:|1700696434\n|switch|p1a: Ting-Lu|Ting-Lu, L50|100\/100\n|-ability|p1a: Ting-Lu|Vessel of Ruin\n|move|p2b: Ogerpon|Follow Me|p2b: Ogerpon\n|-singleturn|p2b: Ogerpon|move: Follow Me\n|move|p1b: Annihilape|Rage Fist|p2b: Ogerpon\n|-damage|p2b: Ogerpon|11\/100\n|move|p2a: Flutter Mane|Dazzling Gleam|p1a: Ting-Lu|[spread] p1a,p1b\n|-supereffective|p1a: Ting-Lu\n|-supereffective|p1b: Annihilape\n|-damage|p1a: Ting-Lu|75\/100\n|-damage|p1b: Annihilape|0 fnt\n|faint|p1b: Annihilape\n|\n|upkeep\n|\n|t:|1700696453\n|switch|p1b: Armarouge|Armarouge, L50, M|79\/100\n|turn|4\n|\n|t:|1700696466\n|move|p2b: Ogerpon|Follow Me|p2b: Ogerpon\n|-singleturn|p2b: Ogerpon|move: Follow Me\n|move|p1a: Ting-Lu|Heavy Slam|p2b: Ogerpon\n|-resisted|p2b: Ogerpon\n|-damage|p2b: Ogerpon|0 fnt\n|faint|p2b: Ogerpon\n|move|p1b: Armarouge|Expanding Force|p2a: Flutter Mane\n|-damage|p2a: Flutter Mane|58\/100\n|-damage|p1b: Armarouge|69\/100|[from] item: Life Orb\n|move|p2a: Flutter Mane|Trick Room|p2a: Flutter Mane\n|-fieldend|move: Trick Room\n|\n|upkeep\n|inactive|haamgamer07 has 30 seconds left.\n|\n|t:|1700696492\n|switch|p2b: Cresselia|Cresselia, L50, F|100\/100\n|turn|5\n|\n|t:|1700696505\n|switch|p2b: Ursaluna|Ursaluna, L50, M|100\/100\n|move|p2a: Flutter Mane|Protect|p2a: Flutter Mane\n|-singleturn|p2a: Flutter Mane|Protect\n|move|p1b: Armarouge|Ally Switch|p1b: Armarouge\n|swap|p1b: Armarouge|0|[from] move: Ally Switch\n|move|p1b: Ting-Lu|Heavy Slam|p2a: Flutter Mane\n|-activate|p2a: Flutter Mane|move: Protect\n|\n|-status|p2b: Ursaluna|brn|[from] item: Flame Orb\n|upkeep\n|turn|6\n|inactive|ezraninja9k has 30 seconds left.\n|\n|t:|1700696537\n|-end|p2a: Flutter Mane|Protosynthesis|[silent]\n|switch|p2a: Cresselia|Cresselia, L50, F|100\/100\n|move|p1a: Armarouge|Armor Cannon|p2b: Ursaluna\n|-crit|p2b: Ursaluna\n|-damage|p2b: Ursaluna|30\/100 brn\n|-unboost|p1a: Armarouge|def|1\n|-unboost|p1a: Armarouge|spd|1\n|-damage|p1a: Armarouge|59\/100|[from] item: Life Orb\n|move|p1b: Ting-Lu|Fissure|p2a: Cresselia\n|-immune|p2a: Cresselia|[from] ability: Levitate\n|move|p2b: Ursaluna|Facade|p1b: Ting-Lu\n|-damage|p1b: Ting-Lu|0 fnt\n|faint|p1b: Ting-Lu\n|\n|-damage|p2b: Ursaluna|23\/100 brn|[from] brn\n|upkeep\n|\n|t:|1700696552\n|switch|p1b: Indeedee|Indeedee-F, L50, F, shiny|100\/100\n|-fieldstart|move: Psychic Terrain|[from] ability: Psychic Surge|[of] p1b: Indeedee\n|turn|7\n|\n|t:|1700696575\n|move|p2b: Ursaluna|Protect|p2b: Ursaluna\n|-singleturn|p2b: Ursaluna|Protect\n|move|p2a: Cresselia|Psychic|p1a: Armarouge\n|-resisted|p1a: Armarouge\n|-damage|p1a: Armarouge|39\/100\n|move|p1b: Indeedee|Dazzling Gleam|p2a: Cresselia|[spread] p2a\n|-activate|p2b: Ursaluna|move: Protect\n|-damage|p2a: Cresselia|92\/100\n|move|p1a: Armarouge|Expanding Force|p2a: Cresselia|[spread] p2a\n|-activate|p2b: Ursaluna|move: Protect\n|-resisted|p2a: Cresselia\n|-damage|p2a: Cresselia|69\/100\n|-damage|p1a: Armarouge|29\/100|[from] item: Life Orb\n|\n|-damage|p2b: Ursaluna|17\/100 brn|[from] brn\n|upkeep\n|turn|8\n|\n|t:|1700696595\n|switch|p2b: Flutter Mane|Flutter Mane, L50|58\/100\n|move|p1b: Indeedee|Follow Me|p1b: Indeedee\n|-singleturn|p1b: Indeedee|move: Follow Me\n|move|p2a: Cresselia|Moonblast|p1b: Indeedee\n|-damage|p1b: Indeedee|86\/100\n|-unboost|p1b: Indeedee|spa|1\n|move|p1a: Armarouge|Expanding Force|p2b: Flutter Mane|[spread] p2a,p2b\n|-resisted|p2a: Cresselia\n|-damage|p2a: Cresselia|45\/100\n|-damage|p2b: Flutter Mane|0 fnt\n|faint|p2b: Flutter Mane\n|-end|p2b: Flutter Mane|Protosynthesis|[silent]\n|-damage|p1a: Armarouge|19\/100|[from] item: Life Orb\n|\n|upkeep\n|\n|t:|1700696609\n|switch|p2b: Ursaluna|Ursaluna, L50, M|17\/100 brn\n|turn|9\n|\n|t:|1700696615\n|move|p2b: Ursaluna|Protect|p2b: Ursaluna\n|-singleturn|p2b: Ursaluna|Protect\n|move|p1b: Indeedee|Follow Me|p1b: Indeedee\n|-singleturn|p1b: Indeedee|move: Follow Me\n|move|p2a: Cresselia|Lunar Blessing|p2a: Cresselia|[spread] p2a,p2b\n|-heal|p2a: Cresselia|70\/100\n|-heal|p2b: Ursaluna|42\/100 brn\n|-curestatus|p2b: Ursaluna|brn|[msg]\n|move|p1a: Armarouge|Expanding Force|p2a: Cresselia|[spread] p2a\n|-activate|p2b: Ursaluna|move: Protect\n|-resisted|p2a: Cresselia\n|-damage|p2a: Cresselia|45\/100\n|-damage|p1a: Armarouge|9\/100|[from] item: Life Orb\n|\n|-status|p2b: Ursaluna|brn|[from] item: Flame Orb\n|upkeep\n|turn|10\n|inactive|haamgamer07 has 30 seconds left.\n|\n|t:|1700696642\n|move|p1b: Indeedee|Follow Me|p1b: Indeedee\n|-singleturn|p1b: Indeedee|move: Follow Me\n|move|p2a: Cresselia|Lunar Blessing|p2a: Cresselia|[spread] p2a,p2b\n|-heal|p2a: Cresselia|70\/100\n|-heal|p2b: Ursaluna|67\/100 brn\n|-curestatus|p2b: Ursaluna|brn|[msg]\n|move|p1a: Armarouge|Expanding Force|p2b: Ursaluna|[spread] p2a,p2b\n|-resisted|p2a: Cresselia\n|-damage|p2a: Cresselia|45\/100\n|-damage|p2b: Ursaluna|11\/100\n|-damage|p1a: Armarouge|0 fnt|[from] item: Life Orb\n|faint|p1a: Armarouge\n|move|p2b: Ursaluna|Earthquake|p1b: Indeedee|[spread] p1b\n|-immune|p2a: Cresselia|[from] ability: Levitate\n|-crit|p1b: Indeedee\n|-damage|p1b: Indeedee|15\/100\n|\n|-status|p2b: Ursaluna|brn|[from] item: Flame Orb\n|upkeep\n|turn|11\n|c|\u2606ezraninja9k|gg\n|\n|t:|1700696663\n|move|p2a: Cresselia|Moonblast|p1b: Indeedee\n|-damage|p1b: Indeedee|0 fnt\n|faint|p1b: Indeedee\n|\n|win|haamgamer07\n|raw|ezraninja9k's rating: 1194 &rarr; <strong>1175<\/strong><br \/>(-19 for losing)\n|raw|haamgamer07's rating: 1274 &rarr; <strong>1293<\/strong><br \/>(+19 for winning)\n","uploadtime":1700696670,"views":2,"p1id":"ezraninja9k","p2id":"haamgamer07","formatid":"gen9vgc2023regulatione","rating":1175,"private":0,"password":""}