{"id":"gen9vgc2023regulatione-1995780501","p1":"thatGitsatomboy","p2":"wiidoo","format":"[Gen 9] VGC 2023 Regulation E","log":"|j|\u2606thatGitsatomboy\n|j|\u2606wiidoo\n|t:|1700602483\n|gametype|doubles\n|player|p1|thatGitsatomboy|cynthia-gen4|1425\n|player|p2|wiidoo|101|1404\n|teamsize|p1|6\n|teamsize|p2|6\n|gen|9\n|tier|[Gen 9] VGC 2023 Regulation E\n|rated|\n|rule|Species Clause: Limit one of each Pok\u00e9mon\n|rule|Item Clause: Limit one of each item\n|clearpoke\n|poke|p1|Iron Hands, L50|\n|poke|p1|Heatran, L50, M|\n|poke|p1|Farigiraf, L50, M|\n|poke|p1|Ogerpon-Wellspring, L50, F|\n|poke|p1|Flutter Mane, L50|\n|poke|p1|Salamence, L50, M|\n|poke|p2|Regieleki, L50|\n|poke|p2|Flutter Mane, L50|\n|poke|p2|Indeedee-F, L50, F|\n|poke|p2|Ogerpon-Wellspring, L50, F|\n|poke|p2|Iron Hands, L50|\n|poke|p2|Chi-Yu, L50|\n|teampreview|4\n|inactive|Battle timer is ON: inactive players will automatically lose when time's up. (requested by wiidoo)\nthatGitsatomboy has agreed to open team sheets.\nwiidoo has agreed to open team sheets.\n|inactive|thatGitsatomboy has 30 seconds left.\n|inactive|wiidoo has 30 seconds left.\n|\n|t:|1700602528\n|start\n|switch|p1a: Farigiraf|Farigiraf, L50, M|100\/100\n|switch|p1b: Ogerpon|Ogerpon-Wellspring, L50, F|100\/100\n|switch|p2a: Daenerys|Flutter Mane, L50|100\/100\n|switch|p2b: Iron Hands|Iron Hands, L50|100\/100\n|-enditem|p2a: Daenerys|Booster Energy\n|-activate|p2a: Daenerys|ability: Protosynthesis|[fromitem]\n|-start|p2a: Daenerys|protosynthesisspa\n|turn|1\n|inactive|thatGitsatomboy has 30 seconds left.\n|inactive|thatGitsatomboy has 20 seconds left.\n|inactive|thatGitsatomboy has 15 seconds left.\n|inactive|thatGitsatomboy has 10 seconds left.\n|inactive|thatGitsatomboy has 5 seconds left.\n|\n|t:|1700602579\n|move|p2a: Daenerys|Moonblast|p1b: Ogerpon\n|-damage|p1b: Ogerpon|38\/100\n|move|p1b: Ogerpon|Ivy Cudgel|p2a: Daenerys|[anim] Ivy Cudgel Water\n|-damage|p2a: Daenerys|21\/100\n|move|p1a: Farigiraf|Psychic|p2b: Iron Hands\n|-supereffective|p2b: Iron Hands\n|-damage|p2b: Iron Hands|64\/100\n|move|p2b: Iron Hands|Drain Punch|p1a: Farigiraf\n|-damage|p1a: Farigiraf|65\/100\n|-heal|p2b: Iron Hands|81\/100|[from] drain|[of] p1a: Farigiraf\n|\n|upkeep\n|turn|2\n|inactive|thatGitsatomboy has 30 seconds left.\n|\n|t:|1700602610\n|switch|p1b: Heatran|Heatran, L50, M|100\/100\n|move|p2a: Daenerys|Moonblast|p1b: Heatran\n|-resisted|p1b: Heatran\n|-damage|p1b: Heatran|85\/100\n|move|p1a: Farigiraf|Psychic|p2a: Daenerys\n|-damage|p2a: Daenerys|0 fnt\n|faint|p2a: Daenerys\n|-end|p2a: Daenerys|Protosynthesis|[silent]\n|move|p2b: Iron Hands|Wild Charge|p1a: Farigiraf\n|-damage|p1a: Farigiraf|23\/100\n|-enditem|p1a: Farigiraf|Sitrus Berry|[eat]\n|-heal|p1a: Farigiraf|48\/100|[from] item: Sitrus Berry\n|-damage|p2b: Iron Hands|71\/100|[from] Recoil\n|\n|upkeep\n|\n|t:|1700602625\n|switch|p2a: Ogerpon|Ogerpon-Wellspring, L50, F|100\/100\n|turn|3\n|\n|t:|1700602641\n|-terastallize|p1b: Heatran|Grass\n|move|p1a: Farigiraf|Helping Hand|p1b: Heatran\n|-singleturn|p1b: Heatran|Helping Hand|[of] p1a: Farigiraf\n|move|p2a: Ogerpon|Ivy Cudgel|p1a: Farigiraf|[anim] Ivy Cudgel Water\n|-damage|p1a: Farigiraf|4\/100\n|move|p1b: Heatran|Heat Wave|p2b: Iron Hands|[spread] p2a,p2b\n|-damage|p2a: Ogerpon|24\/100\n|-damage|p2b: Iron Hands|33\/100\n|-damage|p1b: Heatran|75\/100|[from] item: Life Orb\n|move|p2b: Iron Hands|Drain Punch|p1a: Farigiraf\n|-damage|p1a: Farigiraf|0 fnt\n|-heal|p2b: Iron Hands|35\/100|[from] drain|[of] p1a: Farigiraf\n|faint|p1a: Farigiraf\n|\n|upkeep\n|inactive|thatGitsatomboy has 30 seconds left.\n|\n|t:|1700602672\n|switch|p1a: Flutter Mane|Flutter Mane, L50|100\/100\n|turn|4\n|\n|t:|1700602691\n|move|p2a: Ogerpon|Spiky Shield|p2a: Ogerpon\n|-singleturn|p2a: Ogerpon|move: Protect\n|move|p1a: Flutter Mane|Dazzling Gleam|p2b: Iron Hands|[spread] p2b\n|-activate|p2a: Ogerpon|move: Protect\n|-supereffective|p2b: Iron Hands\n|-damage|p2b: Iron Hands|0 fnt\n|faint|p2b: Iron Hands\n|-end|p2b: Iron Hands|Quark Drive|[silent]\n|move|p1b: Heatran|Heat Wave|p2a: Ogerpon\n|-activate|p2a: Ogerpon|move: Protect\n|\n|upkeep\n|\n|t:|1700602701\n|switch|p2b: Regieleki|Regieleki, L50|100\/100\n|turn|5\n|\n|t:|1700602725\n|move|p2b: Regieleki|Electroweb|p1a: Flutter Mane|[spread] p1a\n|-miss|p2b: Regieleki|p1b: Heatran\n|-damage|p1a: Flutter Mane|73\/100\n|-unboost|p1a: Flutter Mane|spe|1\n|move|p2a: Ogerpon|Ivy Cudgel|p1a: Flutter Mane|[anim] Ivy Cudgel Water\n|-damage|p1a: Flutter Mane|0 fnt\n|faint|p1a: Flutter Mane\n|-end|p1a: Flutter Mane|Protosynthesis|[silent]\n|move|p1b: Heatran|Heat Wave|p2b: Regieleki|[spread] p2a\n|-miss|p1b: Heatran|p2b: Regieleki\n|-damage|p2a: Ogerpon|0 fnt\n|faint|p2a: Ogerpon\n|-damage|p1b: Heatran|66\/100|[from] item: Life Orb\n|\n|upkeep\n|\n|t:|1700602738\n|switch|p1a: Ogerpon|Ogerpon-Wellspring, L50, F|38\/100\n|turn|6\n|\n|t:|1700602762\n|-terastallize|p2b: Regieleki|Ice\n|move|p1a: Ogerpon|Follow Me|p1a: Ogerpon\n|-singleturn|p1a: Ogerpon|move: Follow Me\n|move|p2b: Regieleki|Tera Blast|p1a: Ogerpon|[anim] Tera Blast Ice\n|-damage|p1a: Ogerpon|4\/100\n|move|p1b: Heatran|Earth Power|p2b: Regieleki\n|-damage|p2b: Regieleki|28\/100\n|-damage|p1b: Heatran|56\/100|[from] item: Life Orb\n|\n|upkeep\n|turn|7\n|\n|t:|1700602778\n|move|p1a: Ogerpon|Follow Me|p1a: Ogerpon\n|-singleturn|p1a: Ogerpon|move: Follow Me\n|move|p2b: Regieleki|Electroweb|p1a: Ogerpon|[spread] p1a,p1b\n|-resisted|p1b: Heatran\n|-damage|p1a: Ogerpon|0 fnt\n|-damage|p1b: Heatran|43\/100\n|-unboost|p1b: Heatran|spe|1\n|faint|p1a: Ogerpon\n|move|p1b: Heatran|Earth Power|p2b: Regieleki\n|-damage|p2b: Regieleki|0 fnt\n|faint|p2b: Regieleki\n|-damage|p1b: Heatran|33\/100|[from] item: Life Orb\n|\n|win|thatGitsatomboy\n|raw|thatGitsatomboy's rating: 1425 &rarr; <strong>1444<\/strong><br \/>(+19 for winning)\n|raw|wiidoo's rating: 1404 &rarr; <strong>1385<\/strong><br \/>(-19 for losing)\n|l|\u2606wiidoo\n","uploadtime":1700602790,"views":0,"p1id":"thatgitsatomboy","p2id":"wiidoo","formatid":"gen9vgc2023regulatione","rating":1385,"private":0,"password":""}