{"id":"gen9vgc2023regulatione-1992716532","p1":"IIAkashiII","p2":"Zadom123","format":"[Gen 9] VGC 2023 Regulation E","log":"|j|\u2606IIAkashiII\n|j|\u203dZadom123\n|t:|1700228552\n|gametype|doubles\n|player|p1|IIAkashiII|hilbert-wonderlauncher|1348\n|player|p2|Zadom123|benga|1409\n|teamsize|p1|6\n|teamsize|p2|6\n|gen|9\n|tier|[Gen 9] VGC 2023 Regulation E\n|rated|\n|rule|Species Clause: Limit one of each Pok\u00e9mon\n|rule|Item Clause: Limit one of each item\n|clearpoke\n|poke|p1|Tornadus, L50, M|\n|poke|p1|Arcanine-Hisui, L50, M|\n|poke|p1|Iron Hands, L50|\n|poke|p1|Urshifu-*, L50, M|\n|poke|p1|Sinistcha, L50|\n|poke|p1|Chien-Pao, L50|\n|poke|p2|Urshifu-*, L50, M|\n|poke|p2|Iron Hands, L50|\n|poke|p2|Tornadus, L50, M|\n|poke|p2|Regidrago, L50|\n|poke|p2|Arcanine-Hisui, L50, M|\n|poke|p2|Amoonguss, L50, F|\n|teampreview|4\n|inactive|Battle timer is ON: inactive players will automatically lose when time's up. (requested by Zadom123)\nZadom123 has agreed to open team sheets.\n|inactive|IIAkashiII has 60 seconds left.\n|\n|t:|1700228592\n|start\n|switch|p1a: Iron Hands|Iron Hands, L50|100\/100\n|switch|p1b: Arcanine|Arcanine-Hisui, L50, M|100\/100\n|switch|p2a: Tornadus|Tornadus, L50, M|100\/100\n|switch|p2b: Regidrago|Regidrago, L50|100\/100\n|-ability|p1b: Arcanine|Intimidate|boost\n|-unboost|p2a: Tornadus|atk|1\n|-unboost|p2b: Regidrago|atk|1\n|turn|1\n|\n|t:|1700228602\n|-terastallize|p1b: Arcanine|Fairy\n|move|p2b: Regidrago|Protect|p2b: Regidrago\n|-singleturn|p2b: Regidrago|Protect\n|move|p1a: Iron Hands|Fake Out|p2a: Tornadus\n|-damage|p2a: Tornadus|82\/100\n|cant|p2a: Tornadus|flinch\n|move|p1b: Arcanine|Tera Blast|p2b: Regidrago|[anim] Tera Blast Fairy\n|-activate|p2b: Regidrago|move: Protect\n|\n|upkeep\n|turn|2\n|inactive|IIAkashiII has 30 seconds left.\n|\n|t:|1700228632\n|switch|p1b: Sinistcha|Sinistcha, L50|100\/100\n|-terastallize|p2b: Regidrago|Steel\n|move|p2a: Tornadus|Tailwind|p2a: Tornadus\n|-sidestart|p2: Zadom123|move: Tailwind\n|move|p2b: Regidrago|Tera Blast|p1b: Sinistcha|[anim] Tera Blast Steel\n|-damage|p1b: Sinistcha|65\/100\n|move|p1a: Iron Hands|Close Combat|p2b: Regidrago\n|-supereffective|p2b: Regidrago\n|-damage|p2b: Regidrago|0 fnt\n|-unboost|p1a: Iron Hands|def|1\n|-unboost|p1a: Iron Hands|spd|1\n|faint|p2b: Regidrago\n|\n|upkeep\n|\n|t:|1700228645\n|switch|p2b: Urshifu|Urshifu-Rapid-Strike, L50, M|100\/100\n|turn|3\n|inactive|IIAkashiII has 30 seconds left.\n|inactive|IIAkashiII has 20 seconds left.\n|\n|t:|1700228683\n|-end|p1a: Iron Hands|Quark Drive|[silent]\n|switch|p1a: Urshifu|Urshifu-Rapid-Strike, L50, M|100\/100\n|move|p2b: Urshifu|Protect|p2b: Urshifu\n|-singleturn|p2b: Urshifu|Protect\n|move|p2a: Tornadus|Bleakwind Storm|p1a: Urshifu|[spread] p1b\n|-miss|p2a: Tornadus|p1a: Urshifu\n|-supereffective|p1b: Sinistcha\n|-damage|p1b: Sinistcha|6\/100\n|-enditem|p1b: Sinistcha|Sitrus Berry|[eat]\n|-heal|p1b: Sinistcha|31\/100|[from] item: Sitrus Berry\n|move|p1b: Sinistcha|Matcha Gotcha|p2b: Urshifu|[spread] p2a\n|-activate|p2b: Urshifu|move: Protect\n|-resisted|p2a: Tornadus\n|-damage|p2a: Tornadus|68\/100\n|-heal|p1b: Sinistcha|37\/100|[from] drain|[of] p2a: Tornadus\n|\n|upkeep\n|turn|4\n|\n|t:|1700228702\n|switch|p2b: Iron Hands|Iron Hands, L50|100\/100\n|move|p1b: Sinistcha|Rage Powder|p1b: Sinistcha\n|-singleturn|p1b: Sinistcha|move: Rage Powder\n|move|p2a: Tornadus|Bleakwind Storm|p1b: Sinistcha|[spread] p1a,p1b\n|-supereffective|p1a: Urshifu\n|-supereffective|p1b: Sinistcha\n|-damage|p1a: Urshifu|10\/100\n|-damage|p1b: Sinistcha|0 fnt\n|faint|p1b: Sinistcha\n|move|p1a: Urshifu|Surging Strikes|p2a: Tornadus\n|-crit|p2a: Tornadus\n|-damage|p2a: Tornadus|47\/100\n|-crit|p2a: Tornadus\n|-damage|p2a: Tornadus|25\/100\n|-crit|p2a: Tornadus\n|-damage|p2a: Tornadus|2\/100\n|-hitcount|p2a: Tornadus|3\n|\n|upkeep\n|\n|t:|1700228717\n|switch|p1b: Iron Hands|Iron Hands, L50|100\/100\n|turn|5\n|\n|t:|1700228729\n|switch|p1a: Arcanine|Arcanine-Hisui, L50, M, tera:Fairy|100\/100\n|-ability|p1a: Arcanine|Intimidate|boost\n|-unboost|p2a: Tornadus|atk|1\n|-unboost|p2b: Iron Hands|atk|1\n|move|p2b: Iron Hands|Fake Out|p1b: Iron Hands\n|-damage|p1b: Iron Hands|94\/100\n|cant|p1b: Iron Hands|flinch\n|move|p2a: Tornadus|Bleakwind Storm|p1a: Arcanine|[spread] p1b\n|-miss|p2a: Tornadus|p1a: Arcanine\n|-damage|p1b: Iron Hands|65\/100\n|\n|-sideend|p2: Zadom123|move: Tailwind\n|upkeep\n|turn|6\n|inactive|Zadom123 has 30 seconds left.\n|\n|t:|1700228755\n|-end|p1b: Iron Hands|Quark Drive|[silent]\n|switch|p1b: Urshifu|Urshifu-Rapid-Strike, L50, M|10\/100\n|move|p1a: Arcanine|Extreme Speed|p2a: Tornadus\n|-damage|p2a: Tornadus|0 fnt\n|faint|p2a: Tornadus\n|move|p2b: Iron Hands|Wild Charge|p1a: Arcanine\n|-damage|p1a: Arcanine|67\/100\n|-damage|p2b: Iron Hands|94\/100|[from] Recoil\n|\n|upkeep\n|\n|t:|1700228766\n|switch|p2a: Urshifu|Urshifu-Rapid-Strike, L50, M|100\/100\n|turn|7\n|\n|t:|1700228786\n|switch|p1a: Iron Hands|Iron Hands, L50|65\/100\n|move|p2a: Urshifu|Aqua Jet|p1b: Urshifu\n|-resisted|p1b: Urshifu\n|-damage|p1b: Urshifu|0 fnt\n|faint|p1b: Urshifu\n|move|p2b: Iron Hands|Wild Charge|p1a: Iron Hands\n|-resisted|p1a: Iron Hands\n|-damage|p1a: Iron Hands|55\/100\n|-damage|p2b: Iron Hands|91\/100|[from] Recoil\n|\n|upkeep\n|\n|t:|1700228792\n|switch|p1b: Arcanine|Arcanine-Hisui, L50, M, tera:Fairy|67\/100\n|-ability|p1b: Arcanine|Intimidate|boost\n|-unboost|p2a: Urshifu|atk|1\n|-unboost|p2b: Iron Hands|atk|1\n|turn|8\n|inactive|IIAkashiII has 30 seconds left.\n|inactive|IIAkashiII has 20 seconds left.\n|\n|t:|1700228831\n|move|p2a: Urshifu|Protect|p2a: Urshifu\n|-singleturn|p2a: Urshifu|Protect\n|move|p1a: Iron Hands|Fake Out|p2a: Urshifu\n|-activate|p2a: Urshifu|move: Protect\n|move|p1b: Arcanine|Tera Blast|p2b: Iron Hands|[anim] Tera Blast Fairy\n|-supereffective|p2b: Iron Hands\n|-damage|p2b: Iron Hands|22\/100\n|move|p2b: Iron Hands|Wild Charge|p1a: Iron Hands\n|-resisted|p1a: Iron Hands\n|-damage|p1a: Iron Hands|47\/100\n|-damage|p2b: Iron Hands|21\/100|[from] Recoil\n|\n|upkeep\n|turn|9\n|\n|t:|1700228849\n|move|p2a: Urshifu|Surging Strikes|p1a: Iron Hands\n|-crit|p1a: Iron Hands\n|-damage|p1a: Iron Hands|31\/100\n|-crit|p1a: Iron Hands\n|-damage|p1a: Iron Hands|16\/100\n|-crit|p1a: Iron Hands\n|-damage|p1a: Iron Hands|1\/100\n|-hitcount|p1a: Iron Hands|3\n|move|p1b: Arcanine|Tera Blast|p2b: Iron Hands|[anim] Tera Blast Fairy\n|-supereffective|p2b: Iron Hands\n|-damage|p2b: Iron Hands|0 fnt\n|faint|p2b: Iron Hands\n|-end|p2b: Iron Hands|Quark Drive|[silent]\n|move|p1a: Iron Hands|Wild Charge|p2a: Urshifu\n|-supereffective|p2a: Urshifu\n|-enditem|p2a: Urshifu|Focus Sash\n|-damage|p2a: Urshifu|1\/100\n|-damage|p1a: Iron Hands|0 fnt|[from] Recoil\n|faint|p1a: Iron Hands\n|-end|p1a: Iron Hands|Quark Drive|[silent]\n|\n|upkeep\n|turn|10\n|\n|t:|1700228866\n|move|p2a: Urshifu|Surging Strikes|p1b: Arcanine\n|-crit|p1b: Arcanine\n|-damage|p1b: Arcanine|40\/100\n|-crit|p1b: Arcanine\n|-damage|p1b: Arcanine|14\/100\n|-crit|p1b: Arcanine\n|-damage|p1b: Arcanine|0 fnt\n|faint|p1b: Arcanine\n|-hitcount|p1: Arcanine|3\n|\n|win|Zadom123\n|raw|IIAkashiII's rating: 1348 &rarr; <strong>1331<\/strong><br \/>(-17 for losing)\n|raw|Zadom123's rating: 1409 &rarr; <strong>1426<\/strong><br \/>(+17 for winning)\n|l|\u2606IIAkashiII\n","uploadtime":1700228878,"views":27,"p1id":"iiakashiii","p2id":"zadom123","formatid":"gen9vgc2023regulatione","rating":1331,"private":0,"password":""}