{"id":"gen9vgc2023regulatione-1996185003","p1":"SocMaloVGC","p2":"SlamVgc","format":"[Gen 9] VGC 2023 Regulation E","log":"|j|\u2606SocMaloVGC\n|j|\u2606SlamVgc\n|n|\u2606SocMaloVGC|socmalovgc\n|n|\u2606SlamVgc|slamvgc\n|html|View the match progress at <a href=\"\/game-bestof3-gen9vgc2023regulatione-1996185002\">game-bestof3-gen9vgc2023regulatione-1996185002<\/a>\n|t:|1700656446\n|gametype|doubles\n|player|p1|SocMaloVGC|101|\n|player|p2|SlamVgc|169|\n|teamsize|p1|6\n|teamsize|p2|6\n|gen|9\n|tier|[Gen 9] VGC 2023 Regulation E\n|rule|Species Clause: Limit one of each Pok\u00e9mon\n|rule|Item Clause: Limit one of each item\n|clearpoke\n|poke|p1|Heatran, L50, M|\n|poke|p1|Tornadus, L50, M|\n|poke|p1|Flutter Mane, L50|\n|poke|p1|Landorus-Therian, L50, M|\n|poke|p1|Amoonguss, L50, F|\n|poke|p1|Ogerpon-Wellspring, L50, F|\n|poke|p2|Iron Hands, L50|\n|poke|p2|Amoonguss, L50, F|\n|poke|p2|Landorus-Therian, L50, M|\n|poke|p2|Flutter Mane, L50|\n|poke|p2|Heatran, L50, M|\n|poke|p2|Roaring Moon, L50|\n|teampreview|4\nSlamVgc has agreed to open team sheets.\nSocMaloVGC has agreed to open team sheets.\n|showteam|p1|Heatran||AssaultVest|FlashFire|HeatWave,FlashCannon,EarthPower,TeraBlast|||M|||50|,,,,,Fairy]Tornadus||MentalHerb|Prankster|Tailwind,SunnyDay,BleakwindStorm,Protect|||M|||50|,,,,,Dark]Flutter Mane||ChoiceSpecs|Protosynthesis|Moonblast,DazzlingGleam,PowerGem,ShadowBall||||||50|,,,,,Fairy]Landorus-Therian||ChoiceScarf|Intimidate|StompingTantrum,Uturn,TeraBlast,RockSlide|||M|||50|,,,,,Flying]Amoonguss||SitrusBerry|Regenerator|RagePowder,Spore,Protect,PollenPuff|||F|||50|,,,,,Water]Ogerpon-Wellspring||WellspringMask|WaterAbsorb|IvyCudgel,HornLeech,SwordsDance,SpikyShield|||F|||50|,,,,,Water\n|showteam|p2|Iron Hands||AssaultVest|QuarkDrive|FakeOut,WildCharge,DrainPunch,HeavySlam||||||50|,,,,,Water]Amoonguss||RockyHelmet|Regenerator|Spore,RagePowder,PollenPuff,Protect|||F|||50|,,,,,Water]Landorus-Therian||ChoiceScarf|Intimidate|RockSlide,StompingTantrum,TeraBlast,Uturn|||M|||50|,,,,,Flying]Flutter Mane||ChoiceSpecs|Protosynthesis|Moonblast,ShadowBall,DazzlingGleam,IcyWind||||||50|,,,,,Fairy]Heatran||Leftovers|FlashFire|MagmaStorm,FlashCannon,EarthPower,Protect|||M|||50|,,,,,Grass]Roaring Moon||BoosterEnergy|Protosynthesis|Protect,Tailwind,BreakingSwipe,KnockOff||||||50|,,,,,Poison\n|c|\u2606SlamVgc|Suerte bro\n|c|\u2606SocMaloVGC|suerte\n|\n|t:|1700656512\n|start\n|switch|p1a: Tornadus|Tornadus, L50, M|100\/100\n|switch|p1b: Heatran|Heatran, L50, M|100\/100\n|switch|p2a: Iron Hands|Iron Hands, L50|100\/100\n|switch|p2b: Heatran|Heatran, L50, M|100\/100\n|turn|1\n|\n|t:|1700656562\n|switch|p1b: Landorus|Landorus-Therian, L50, M|100\/100\n|-ability|p1b: Landorus|Intimidate|boost\n|-unboost|p2a: Iron Hands|atk|1\n|-unboost|p2b: Heatran|atk|1\n|move|p1a: Tornadus|Protect|p1a: Tornadus\n|-singleturn|p1a: Tornadus|Protect\n|move|p2a: Iron Hands|Fake Out|p1b: Landorus\n|-damage|p1b: Landorus|90\/100\n|move|p2b: Heatran|Flash Cannon|p1b: Landorus\n|-damage|p1b: Landorus|37\/100\n|\n|upkeep\n|turn|2\n|\n|t:|1700656596\n|switch|p1a: Heatran|Heatran, L50, M|100\/100\n|-end|p2a: Iron Hands|Quark Drive|[silent]\n|switch|p2a: Landorus|Landorus-Therian, L50, M|100\/100\n|-ability|p2a: Landorus|Intimidate|boost\n|-unboost|p1a: Heatran|atk|1\n|-unboost|p1b: Landorus|atk|1\n|move|p2b: Heatran|Protect|p2b: Heatran\n|-singleturn|p2b: Heatran|Protect\n|move|p1b: Landorus|Stomping Tantrum|p2a: Landorus\n|-immune|p2a: Landorus\n|\n|upkeep\n|turn|3\n|\n|t:|1700656628\n|switch|p1b: Tornadus|Tornadus, L50, M|100\/100\n|-terastallize|p2b: Heatran|Grass\n|-terastallize|p1a: Heatran|Fairy\n|move|p2a: Landorus|U-turn|p1b: Tornadus\n|-resisted|p1b: Tornadus\n|-damage|p1b: Tornadus|88\/100\n|\n|t:|1700656638\n|switch|p2a: Iron Hands|Iron Hands, L50|100\/100|[from] U-turn\n|move|p2b: Heatran|Magma Storm|p1b: Tornadus|[miss]\n|-miss|p2b: Heatran|p1b: Tornadus\n|move|p1a: Heatran|Earth Power|p2b: Heatran\n|-resisted|p2b: Heatran\n|-damage|p2b: Heatran|85\/100\n|\n|-heal|p2b: Heatran|91\/100|[from] item: Leftovers\n|upkeep\n|turn|4\n|\n|t:|1700656659\n|move|p2a: Iron Hands|Fake Out|p1b: Tornadus\n|-damage|p1b: Tornadus|72\/100\n|cant|p1b: Tornadus|flinch\n|move|p2b: Heatran|Flash Cannon|p1a: Heatran\n|-supereffective|p1a: Heatran\n|-damage|p1a: Heatran|42\/100\n|move|p1a: Heatran|Tera Blast|p2a: Iron Hands|[anim] Tera Blast Fairy\n|-supereffective|p2a: Iron Hands\n|-damage|p2a: Iron Hands|48\/100\n|\n|-heal|p2b: Heatran|97\/100|[from] item: Leftovers\n|upkeep\n|turn|5\n|\n|t:|1700656685\n|switch|p1a: Landorus|Landorus-Therian, L50, M|37\/100\n|-ability|p1a: Landorus|Intimidate|boost\n|-unboost|p2a: Iron Hands|atk|1\n|-unboost|p2b: Heatran|atk|1\n|-end|p2a: Iron Hands|Quark Drive|[silent]\n|switch|p2a: Amoonguss|Amoonguss, L50, F|100\/100\n|move|p1b: Tornadus|Bleakwind Storm|p2b: Heatran|[spread] p2b\n|-miss|p1b: Tornadus|p2a: Amoonguss\n|-supereffective|p2b: Heatran\n|-damage|p2b: Heatran|47\/100\n|move|p2b: Heatran|Magma Storm|p1b: Tornadus\n|-crit|p1b: Tornadus\n|-damage|p1b: Tornadus|0 fnt\n|faint|p1b: Tornadus\n|\n|-heal|p2b: Heatran|53\/100|[from] item: Leftovers\n|upkeep\n|\n|t:|1700656706\n|switch|p1b: Flutter Mane|Flutter Mane, L50|100\/100\n|turn|6\n|\n|t:|1700656718\n|move|p2b: Heatran|Protect|p2b: Heatran\n|-singleturn|p2b: Heatran|Protect\n|move|p2a: Amoonguss|Protect|p2a: Amoonguss\n|-singleturn|p2a: Amoonguss|Protect\n|move|p1a: Landorus|U-turn|p2b: Heatran\n|-activate|p2b: Heatran|move: Protect\n|move|p1b: Flutter Mane|Dazzling Gleam|p2b: Heatran|[spread] \n|-activate|p2a: Amoonguss|move: Protect\n|-activate|p2b: Heatran|move: Protect\n|\n|-heal|p2b: Heatran|59\/100|[from] item: Leftovers\n|upkeep\n|turn|7\n|\n|t:|1700656738\n|move|p2a: Amoonguss|Rage Powder|p2a: Amoonguss\n|-singleturn|p2a: Amoonguss|move: Rage Powder\n|move|p1a: Landorus|U-turn|p2a: Amoonguss\n|-damage|p2a: Amoonguss|82\/100\n|-damage|p1a: Landorus|21\/100|[from] item: Rocky Helmet|[of] p2a: Amoonguss\n|\n|t:|1700656745\n|switch|p1a: Heatran|Heatran, L50, M, tera:Fairy|42\/100|[from] U-turn\n|move|p1b: Flutter Mane|Dazzling Gleam|p2a: Amoonguss|[spread] p2a,p2b\n|-resisted|p2a: Amoonguss\n|-damage|p2a: Amoonguss|59\/100\n|-damage|p2b: Heatran|19\/100\n|move|p2b: Heatran|Flash Cannon|p1a: Heatran\n|-supereffective|p1a: Heatran\n|-damage|p1a: Heatran|0 fnt\n|faint|p1a: Heatran\n|\n|-heal|p2b: Heatran|25\/100|[from] item: Leftovers\n|upkeep\n|\n|t:|1700656753\n|switch|p1a: Landorus|Landorus-Therian, L50, M|21\/100\n|-ability|p1a: Landorus|Intimidate|boost\n|-unboost|p2a: Amoonguss|atk|1\n|-unboost|p2b: Heatran|atk|1\n|turn|8\n|\n|t:|1700656780\n|move|p2a: Amoonguss|Protect|p2a: Amoonguss\n|-singleturn|p2a: Amoonguss|Protect\n|move|p1a: Landorus|Stomping Tantrum|p2a: Amoonguss\n|-activate|p2a: Amoonguss|move: Protect\n|move|p1b: Flutter Mane|Dazzling Gleam|p2a: Amoonguss|[spread] p2b\n|-activate|p2a: Amoonguss|move: Protect\n|-damage|p2b: Heatran|0 fnt\n|faint|p2b: Heatran\n|\n|upkeep\n|\n|t:|1700656789\n|switch|p2b: Iron Hands|Iron Hands, L50|48\/100\n|turn|9\n|\n|t:|1700656797\n|move|p2b: Iron Hands|Fake Out|p1a: Landorus\n|-damage|p1a: Landorus|6\/100\n|cant|p1a: Landorus|flinch\n|move|p1b: Flutter Mane|Dazzling Gleam|p2b: Iron Hands|[spread] p2a,p2b\n|-resisted|p2a: Amoonguss\n|-supereffective|p2b: Iron Hands\n|-damage|p2a: Amoonguss|38\/100\n|-damage|p2b: Iron Hands|1\/100\n|move|p2a: Amoonguss|Spore|p1b: Flutter Mane\n|-status|p1b: Flutter Mane|slp|[from] move: Spore\n|\n|upkeep\n|turn|10\n|\n|t:|1700656811\n|move|p2a: Amoonguss|Rage Powder|p2a: Amoonguss\n|-singleturn|p2a: Amoonguss|move: Rage Powder\n|move|p1a: Landorus|Stomping Tantrum|p2a: Amoonguss\n|-damage|p2a: Amoonguss|0 fnt\n|-damage|p1a: Landorus|0 fnt|[from] item: Rocky Helmet|[of] p2a: Amoonguss\n|faint|p2a: Amoonguss\n|faint|p1a: Landorus\n|cant|p1b: Flutter Mane|slp\n|move|p2b: Iron Hands|Heavy Slam|p1b: Flutter Mane\n|-supereffective|p1b: Flutter Mane\n|-damage|p1b: Flutter Mane|0 fnt\n|faint|p1b: Flutter Mane\n|-end|p1b: Flutter Mane|Protosynthesis|[silent]\n|\n|win|SlamVgc\n|inactive|SocMaloVGC has 50 seconds to confirm battle start!\n|inactive|SlamVgc has 50 seconds to confirm battle start!\n","uploadtime":1700656820,"views":13,"p1id":"socmalovgc","p2id":"slamvgc","formatid":"gen9vgc2023regulatione","rating":0,"private":0,"password":""}