{"id":"gen9vgc2023regulatione-1995373270","p1":"Verdoson99","p2":"Rokhy","format":"[Gen 9] VGC 2023 Regulation E","log":"|j|\u2606Verdoson99\n|j|\u2606Rokhy\n|t:|1700561774\n|gametype|doubles\n|player|p1|Verdoson99|alec-anime|1296\n|player|p2|Rokhy|2|1372\n|teamsize|p1|6\n|teamsize|p2|6\n|gen|9\n|tier|[Gen 9] VGC 2023 Regulation E\n|rated|\n|rule|Species Clause: Limit one of each Pok\u00e9mon\n|rule|Item Clause: Limit one of each item\n|clearpoke\n|poke|p1|Tornadus, L50, M|\n|poke|p1|Ogerpon-Wellspring, L50, F|\n|poke|p1|Iron Moth, L50|\n|poke|p1|Landorus-Therian, L50, M|\n|poke|p1|Iron Hands, L50|\n|poke|p1|Flutter Mane, L50|\n|poke|p2|Tyranitar, L50, F|\n|poke|p2|Roaring Moon, L50|\n|poke|p2|Milotic, L50, M|\n|poke|p2|Arcanine-Hisui, L50, F|\n|poke|p2|Sinistcha-Masterpiece, L50|\n|poke|p2|Glimmora, L50, M|\n|teampreview|4\n|inactive|Battle timer is ON: inactive players will automatically lose when time's up. (requested by Verdoson99)\n|\n|t:|1700561802\n|start\n|switch|p1a: Iron Moth|Iron Moth, L50|100\/100\n|switch|p1b: Flutter Mane|Flutter Mane, L50|100\/100\n|switch|p2a: Milotic|Milotic, L50, M, shiny|100\/100\n|switch|p2b: Arcanine|Arcanine-Hisui, L50, F, shiny|100\/100\n|-ability|p2b: Arcanine|Intimidate|boost\n|-unboost|p1a: Iron Moth|atk|1\n|-unboost|p1b: Flutter Mane|atk|1\n|-enditem|p1a: Iron Moth|Booster Energy\n|-activate|p1a: Iron Moth|ability: Quark Drive|[fromitem]\n|-start|p1a: Iron Moth|quarkdrivespe\n|turn|1\n|inactive|Rokhy has 30 seconds left.\n|inactive|Rokhy has 20 seconds left.\n|inactive|Rokhy has 15 seconds left.\n|inactive|Rokhy has 10 seconds left.\n|\n|t:|1700561848\n|switch|p2a: Tyranitar|Tyranitar, L50, F, shiny|100\/100\n|-weather|Sandstorm|[from] ability: Sand Stream|[of] p2a: Tyranitar\n|move|p1a: Iron Moth|Acid Spray|p2b: Arcanine\n|-resisted|p2b: Arcanine\n|-damage|p2b: Arcanine|94\/100\n|-unboost|p2b: Arcanine|spd|2\n|move|p1b: Flutter Mane|Shadow Ball|p2b: Arcanine\n|-damage|p2b: Arcanine|35\/100\n|-enditem|p2b: Arcanine|Sitrus Berry|[eat]\n|-heal|p2b: Arcanine|60\/100|[from] item: Sitrus Berry\n|move|p2b: Arcanine|Rock Slide|p1a: Iron Moth|[spread] p1a,p1b\n|-supereffective|p1a: Iron Moth\n|-damage|p1a: Iron Moth|29\/100\n|-damage|p1b: Flutter Mane|51\/100\n|\n|-weather|Sandstorm|[upkeep]\n|-damage|p1a: Iron Moth|23\/100|[from] Sandstorm\n|-damage|p1b: Flutter Mane|45\/100|[from] Sandstorm\n|upkeep\n|turn|2\n|inactive|Verdoson99 has 30 seconds left.\n|inactive|Rokhy has 30 seconds left.\n|inactive|Rokhy has 20 seconds left.\n|\n|t:|1700561886\n|move|p1b: Flutter Mane|Protect|p1b: Flutter Mane\n|-singleturn|p1b: Flutter Mane|Protect\n|move|p1a: Iron Moth|Energy Ball|p2b: Arcanine\n|-damage|p2b: Arcanine|14\/100\n|move|p2b: Arcanine|Rock Slide|p1a: Iron Moth|[spread] p1a\n|-activate|p1b: Flutter Mane|move: Protect\n|-supereffective|p1a: Iron Moth\n|-damage|p1a: Iron Moth|0 fnt\n|faint|p1a: Iron Moth\n|-end|p1a: Iron Moth|Quark Drive|[silent]\n|move|p2a: Tyranitar|Rock Slide|p1b: Flutter Mane\n|-activate|p1b: Flutter Mane|move: Protect\n|\n|-weather|Sandstorm|[upkeep]\n|-damage|p1b: Flutter Mane|39\/100|[from] Sandstorm\n|upkeep\n|\n|t:|1700561908\n|switch|p1a: Landorus|Landorus-Therian, L50, M|100\/100\n|-ability|p1a: Landorus|Intimidate|boost\n|-unboost|p2a: Tyranitar|atk|1\n|-unboost|p2b: Arcanine|atk|1\n|turn|3\n|inactive|Rokhy has 30 seconds left.\n|inactive|Rokhy has 20 seconds left.\n|inactive|Rokhy has 15 seconds left.\n|inactive|Rokhy has 10 seconds left.\n|inactive|Rokhy has 5 seconds left.\n|\n|t:|1700561961\n|switch|p2a: Sinistcha|Sinistcha-Masterpiece, L50, shiny|100\/100\n|-heal|p2b: Arcanine|39\/100|[from] ability: Hospitality|[of] p2a: Sinistcha\n|move|p1a: Landorus|Stomping Tantrum|p2a: Sinistcha\n|-resisted|p2a: Sinistcha\n|-damage|p2a: Sinistcha|84\/100\n|-damage|p1a: Landorus|84\/100|[from] item: Rocky Helmet|[of] p2a: Sinistcha\n|move|p1b: Flutter Mane|Dazzling Gleam|p2a: Sinistcha|[spread] p2a,p2b\n|-resisted|p2b: Arcanine\n|-damage|p2a: Sinistcha|50\/100\n|-damage|p2b: Arcanine|16\/100\n|move|p2b: Arcanine|Rock Slide|p1b: Flutter Mane|[spread] p1a,p1b\n|-damage|p1a: Landorus|66\/100\n|-damage|p1b: Flutter Mane|7\/100\n|\n|-weather|Sandstorm|[upkeep]\n|-damage|p1b: Flutter Mane|0 fnt|[from] Sandstorm\n|-damage|p2a: Sinistcha|44\/100|[from] Sandstorm\n|faint|p1b: Flutter Mane\n|-end|p1b: Flutter Mane|Protosynthesis|[silent]\n|upkeep\n|\n|t:|1700561979\n|switch|p1b: Iron Hands|Iron Hands, L50|100\/100\n|turn|4\n|\n|t:|1700561995\n|move|p1a: Landorus|Stomping Tantrum|p2b: Arcanine\n|-supereffective|p2b: Arcanine\n|-damage|p2b: Arcanine|0 fnt\n|faint|p2b: Arcanine\n|move|p2a: Sinistcha|Matcha Gotcha|p1a: Landorus|[spread] p1a,p1b\n|-damage|p1a: Landorus|34\/100\n|-heal|p2a: Sinistcha|58\/100|[from] drain|[of] p1a: Landorus\n|-damage|p1b: Iron Hands|87\/100\n|-heal|p2a: Sinistcha|67\/100|[from] drain|[of] p1b: Iron Hands\n|-status|p1a: Landorus|brn\n|move|p1b: Iron Hands|Heavy Slam|p2a: Sinistcha\n|-damage|p2a: Sinistcha|29\/100\n|-damage|p1b: Iron Hands|71\/100|[from] item: Rocky Helmet|[of] p2a: Sinistcha\n|\n|-weather|Sandstorm|[upkeep]\n|-damage|p2a: Sinistcha|23\/100|[from] Sandstorm\n|-damage|p1b: Iron Hands|65\/100|[from] Sandstorm\n|-damage|p1a: Landorus|28\/100 brn|[from] brn\n|upkeep\n|\n|t:|1700561999\n|switch|p2b: Tyranitar|Tyranitar, L50, F, shiny|100\/100\n|turn|5\n|\n|t:|1700562015\n|-terastallize|p2b: Tyranitar|Fairy\n|move|p1a: Landorus|Stomping Tantrum|p2b: Tyranitar\n|-damage|p2b: Tyranitar|85\/100\n|move|p2a: Sinistcha|Matcha Gotcha|p1a: Landorus|[spread] \n|-miss|p2a: Sinistcha|p1a: Landorus\n|-miss|p2a: Sinistcha|p1b: Iron Hands\n|move|p2b: Tyranitar|Tera Blast|p1b: Iron Hands|[anim] Tera Blast Fairy\n|-supereffective|p1b: Iron Hands\n|-crit|p1b: Iron Hands\n|-damage|p1b: Iron Hands|0 fnt\n|faint|p1b: Iron Hands\n|-end|p1b: Iron Hands|Quark Drive|[silent]\n|\n|-weather|none\n|-damage|p1a: Landorus|22\/100 brn|[from] brn\n|upkeep\n|turn|6\n|inactive|Verdoson99 has 30 seconds left.\n|inactive|Verdoson99 has 20 seconds left.\n|inactive|Verdoson99 has 15 seconds left.\n|inactive|Verdoson99 has 10 seconds left.\n|inactive|Verdoson99 has 5 seconds left.\n|l|\u2606Verdoson99\n|inactive|Verdoson99 disconnected and has a minute to reconnect!\n|player|p1|\n|-message|Verdoson99 lost due to inactivity.\n|\n|win|Rokhy\n|raw|Verdoson99's rating: 1296 &rarr; <strong>1276<\/strong><br \/>(-20 for losing)\n|raw|Rokhy's rating: 1372 &rarr; <strong>1388<\/strong><br \/>(+16 for winning)\n","uploadtime":1700562135,"views":9,"p1id":"verdoson99","p2id":"rokhy","formatid":"gen9vgc2023regulatione","rating":1276,"private":0,"password":""}