{"id":"gen9vgc2023regulatione-1999085777","p1":"rochahn","p2":"newusernovice","format":"[Gen 9] VGC 2023 Regulation E","log":"|j|\u2606rochahn\n|j|\u2606newusernovice\n|t:|1701031617\n|gametype|doubles\n|player|p1|rochahn|pokemonbreeder-gen4|1404\n|player|p2|newusernovice|brawly|1504\n|teamsize|p1|6\n|teamsize|p2|6\n|gen|9\n|tier|[Gen 9] VGC 2023 Regulation E\n|rated|\n|rule|Species Clause: Limit one of each Pok\u00e9mon\n|rule|Item Clause: Limit one of each item\n|clearpoke\n|poke|p1|Farigiraf, L50, F|\n|poke|p1|Brute Bonnet, L50|\n|poke|p1|Torkoal, L50, F|\n|poke|p1|Chi-Yu, L50|\n|poke|p1|Ursaluna-Bloodmoon, L50, M|\n|poke|p1|Urshifu-*, L50, M|\n|poke|p2|Rillaboom, L50, M|\n|poke|p2|Tornadus, L50, M|\n|poke|p2|Arcanine-Hisui, L50, M|\n|poke|p2|Urshifu-*, L50, M|\n|poke|p2|Gholdengo, L50|\n|poke|p2|Flutter Mane, L50|\n|teampreview|4\n|inactive|Battle timer is ON: inactive players will automatically lose when time's up. (requested by newusernovice)\n|inactive|rochahn also wants the timer to be on.\n|inactive|rochahn has 60 seconds left.\n|inactive|newusernovice has 60 seconds left.\n|\n|t:|1701031663\n|start\n|switch|p1a: Chi-Yu|Chi-Yu, L50|100\/100\n|switch|p1b: Farigiraf|Farigiraf, L50, F|100\/100\n|switch|p2a: Flutter Mane|Flutter Mane, L50, shiny|100\/100\n|switch|p2b: Gholdengo|Gholdengo, L50|100\/100\n|-ability|p1a: Chi-Yu|Beads of Ruin\n|turn|1\n|inactive|newusernovice has 30 seconds left.\n|inactive|newusernovice has 20 seconds left.\n|inactive|newusernovice has 15 seconds left.\n|\n|t:|1701031706\n|switch|p2b: Arcanine|Arcanine-Hisui, L50, M|100\/100\n|-ability|p2b: Arcanine|Intimidate|boost\n|-unboost|p1a: Chi-Yu|atk|1\n|-unboost|p1b: Farigiraf|atk|1\n|move|p1a: Chi-Yu|Snarl|p2a: Flutter Mane|[spread] p2a,p2b\n|-damage|p2a: Flutter Mane|65\/100\n|-damage|p2b: Arcanine|64\/100\n|-unboost|p2a: Flutter Mane|spa|1\n|-unboost|p2b: Arcanine|spa|1\n|move|p2a: Flutter Mane|Moonblast|p1a: Chi-Yu\n|-damage|p1a: Chi-Yu|63\/100\n|-unboost|p1a: Chi-Yu|spa|1\n|move|p1b: Farigiraf|Trick Room|p1b: Farigiraf\n|-fieldstart|move: Trick Room|[of] p1b: Farigiraf\n|\n|upkeep\n|turn|2\n|inactive|newusernovice has 30 seconds left.\n|inactive|newusernovice has 20 seconds left.\n|inactive|newusernovice has 15 seconds left.\n|inactive|newusernovice has 10 seconds left.\n|\n|t:|1701031756\n|switch|p1a: Ursaluna|Ursaluna-Bloodmoon, L50, M|100\/100\n|move|p1b: Farigiraf|Nasty Plot|p1b: Farigiraf\n|-boost|p1b: Farigiraf|spa|2\n|move|p2b: Arcanine|Flare Blitz|p1b: Farigiraf\n|-damage|p1b: Farigiraf|44\/100\n|-enditem|p1b: Farigiraf|Sitrus Berry|[eat]\n|-heal|p1b: Farigiraf|69\/100|[from] item: Sitrus Berry\n|-damage|p2b: Arcanine|42\/100|[from] Recoil\n|-enditem|p2b: Arcanine|Sitrus Berry|[eat]\n|-heal|p2b: Arcanine|66\/100|[from] item: Sitrus Berry\n|move|p2a: Flutter Mane|Moonblast|p1b: Farigiraf\n|-damage|p1b: Farigiraf|31\/100\n|-unboost|p1b: Farigiraf|spa|1\n|\n|upkeep\n|turn|3\n|inactive|newusernovice has 30 seconds left.\n|inactive|newusernovice has 20 seconds left.\n|inactive|newusernovice has 15 seconds left.\n|\n|t:|1701031799\n|switch|p2b: Tornadus|Tornadus, L50, M, shiny|100\/100\n|move|p2a: Flutter Mane|Protect|p2a: Flutter Mane\n|-singleturn|p2a: Flutter Mane|Protect\n|move|p1a: Ursaluna|Hyper Voice|p2a: Flutter Mane|[spread] p2b\n|-activate|p2a: Flutter Mane|move: Protect\n|-damage|p2b: Tornadus|54\/100\n|-damage|p1a: Ursaluna|90\/100|[from] item: Life Orb\n|move|p1b: Farigiraf|Psychic|p2b: Tornadus\n|-damage|p2b: Tornadus|2\/100\n|\n|upkeep\n|turn|4\n|inactive|newusernovice has 30 seconds left.\n|inactive|newusernovice has 20 seconds left.\n|\n|t:|1701031837\n|-end|p2a: Flutter Mane|Protosynthesis|[silent]\n|switch|p2a: Arcanine|Arcanine-Hisui, L50, M|66\/100\n|-ability|p2a: Arcanine|Intimidate|boost\n|-unboost|p1a: Ursaluna|atk|1\n|-unboost|p1b: Farigiraf|atk|1\n|move|p2b: Tornadus|Protect|p2b: Tornadus\n|-singleturn|p2b: Tornadus|Protect\n|move|p1a: Ursaluna|Hyper Voice|p2a: Arcanine|[spread] p2a\n|-activate|p2b: Tornadus|move: Protect\n|-resisted|p2a: Arcanine\n|-damage|p2a: Arcanine|37\/100\n|-damage|p1a: Ursaluna|80\/100|[from] item: Life Orb\n|move|p1b: Farigiraf|Psychic|p2a: Arcanine\n|-damage|p2a: Arcanine|0 fnt\n|faint|p2a: Arcanine\n|\n|upkeep\n|\n|t:|1701031856\n|switch|p2a: Flutter Mane|Flutter Mane, L50, shiny|65\/100\n|turn|5\n|\n|t:|1701031869\n|move|p2a: Flutter Mane|Protect|p2a: Flutter Mane\n|-singleturn|p2a: Flutter Mane|Protect\n|move|p2b: Tornadus|Tailwind|p2b: Tornadus\n|-sidestart|p2: newusernovice|move: Tailwind\n|move|p1a: Ursaluna|Hyper Voice|p2a: Flutter Mane|[spread] p2b\n|-activate|p2a: Flutter Mane|move: Protect\n|-damage|p2b: Tornadus|0 fnt\n|faint|p2b: Tornadus\n|-damage|p1a: Ursaluna|70\/100|[from] item: Life Orb\n|move|p1b: Farigiraf|Dazzling Gleam|p2a: Flutter Mane\n|-activate|p2a: Flutter Mane|move: Protect\n|\n|-fieldend|move: Trick Room\n|upkeep\n|\n|t:|1701031881\n|switch|p2b: Gholdengo|Gholdengo, L50|100\/100\n|turn|6\n|\n|t:|1701031903\n|-terastallize|p2a: Flutter Mane|Fairy\n|-terastallize|p1b: Farigiraf|Fire\n|move|p1a: Ursaluna|Protect|p1a: Ursaluna\n|-singleturn|p1a: Ursaluna|Protect\n|move|p2a: Flutter Mane|Dazzling Gleam|p1a: Ursaluna|[spread] p1b\n|-activate|p1a: Ursaluna|move: Protect\n|-resisted|p1b: Farigiraf\n|-damage|p1b: Farigiraf|8\/100\n|move|p2b: Gholdengo|Make It Rain|p1a: Ursaluna|[spread] p1b\n|-activate|p1a: Ursaluna|move: Protect\n|-resisted|p1b: Farigiraf\n|-damage|p1b: Farigiraf|0 fnt\n|-unboost|p2b: Gholdengo|spa|1\n|faint|p1b: Farigiraf\n|\n|upkeep\n|\n|t:|1701031919\n|switch|p1b: Chi-Yu|Chi-Yu, L50|63\/100\n|-ability|p1b: Chi-Yu|Beads of Ruin\n|turn|7\n|\n|t:|1701031926\n|move|p2a: Flutter Mane|Dazzling Gleam|p1a: Ursaluna|[spread] p1a,p1b\n|-crit|p1b: Chi-Yu\n|-damage|p1a: Ursaluna|6\/100\n|-damage|p1b: Chi-Yu|0 fnt\n|faint|p1b: Chi-Yu\n|move|p2b: Gholdengo|Make It Rain|p1a: Ursaluna\n|-damage|p1a: Ursaluna|0 fnt\n|-unboost|p2b: Gholdengo|spa|1\n|faint|p1a: Ursaluna\n|\n|upkeep\n|\n|t:|1701031941\n|switch|p1a: Torkoal|Torkoal, L50, F|100\/100\n|-weather|SunnyDay|[from] ability: Drought|[of] p1a: Torkoal\n|-activate|p2a: Flutter Mane|ability: Protosynthesis\n|-start|p2a: Flutter Mane|protosynthesisspa\n|turn|8\n|\n|t:|1701031950\n|move|p2a: Flutter Mane|Shadow Ball|p1a: Torkoal\n|-crit|p1a: Torkoal\n|-damage|p1a: Torkoal|0 fnt\n|faint|p1a: Torkoal\n|\n|win|newusernovice\n|raw|rochahn's rating: 1404 &rarr; <strong>1390<\/strong><br \/>(-14 for losing)\n|raw|newusernovice's rating: 1504 &rarr; <strong>1518<\/strong><br \/>(+14 for winning)\n|l|\u2606rochahn\n","uploadtime":1701031989,"views":3,"p1id":"rochahn","p2id":"newusernovice","formatid":"gen9vgc2023regulatione","rating":1390,"private":0,"password":""}