{"id":"gen9vgc2023regulatione-2000029296","p1":"TaioD3","p2":"who1658","format":"[Gen 9] VGC 2023 Regulation E","log":"|j|\u2606TaioD3\n|j|\u2606who1658\n|t:|1701143230\n|gametype|doubles\n|player|p1|TaioD3|elesa|1045\n|player|p2|who1658|brycen|1115\n|teamsize|p1|6\n|teamsize|p2|6\n|gen|9\n|tier|[Gen 9] VGC 2023 Regulation E\n|rated|\n|rule|Species Clause: Limit one of each Pok\u00e9mon\n|rule|Item Clause: Limit one of each item\n|clearpoke\n|poke|p1|Oricorio-Sensu, L50, F|\n|poke|p1|Samurott-Hisui, L50, F|\n|poke|p1|Amoonguss, L50, F|\n|poke|p1|Volcarona, L50, F|\n|poke|p1|Urshifu-*, L50, M|\n|poke|p1|Iron Hands, L50|\n|poke|p2|Iron Hands, L50|\n|poke|p2|Kingambit, L50, M|\n|poke|p2|Flutter Mane, L50|\n|poke|p2|Chien-Pao, L50|\n|poke|p2|Trevenant, L50, M|\n|poke|p2|Ursaluna-Bloodmoon, L50, M|\n|teampreview|4\n|inactive|Battle timer is ON: inactive players will automatically lose when time's up. (requested by TaioD3)\nTaioD3 rejected open team sheets.\n|\n|t:|1701143270\n|start\n|switch|p1a: Samurott|Samurott-Hisui, L50, F, shiny|100\/100\n|switch|p1b: Iron Hands|Iron Hands, L50, shiny|100\/100\n|switch|p2a: Chien-Pao|Chien-Pao, L50|100\/100\n|switch|p2b: Ursaluna|Ursaluna-Bloodmoon, L50, M|100\/100\n|-ability|p2a: Chien-Pao|Sword of Ruin\n|turn|1\n|\n|t:|1701143288\n|move|p2a: Chien-Pao|Protect|p2a: Chien-Pao\n|-singleturn|p2a: Chien-Pao|Protect\n|move|p1b: Iron Hands|Fake Out|p2b: Ursaluna\n|-damage|p2b: Ursaluna|84\/100\n|move|p1a: Samurott|Swords Dance|p1a: Samurott\n|-boost|p1a: Samurott|atk|2\n|cant|p2b: Ursaluna|flinch\n|\n|upkeep\n|turn|2\n|inactive|who1658 has 30 seconds left.\n|\n|t:|1701143314\n|move|p1a: Samurott|Aqua Jet|p2b: Ursaluna\n|-supereffective|p2b: Ursaluna\n|-damage|p2b: Ursaluna|0 fnt\n|faint|p2b: Ursaluna\n|-damage|p1a: Samurott|91\/100|[from] item: Life Orb\n|move|p2a: Chien-Pao|Sacred Sword|p1a: Samurott\n|-supereffective|p1a: Samurott\n|-damage|p1a: Samurott|0 fnt\n|faint|p1a: Samurott\n|move|p1b: Iron Hands|Drain Punch|p2a: Chien-Pao\n|-supereffective|p2a: Chien-Pao\n|-enditem|p2a: Chien-Pao|Focus Sash\n|-damage|p2a: Chien-Pao|1\/100\n|\n|upkeep\n|\n|t:|1701143331\n|switch|p1a: Volcarona|Volcarona, L50, F, shiny|100\/100\n|switch|p2b: Trevenant|Trevenant, L50, M, shiny|100\/100\n|turn|3\n|inactive|TaioD3 has 30 seconds left.\n|inactive|TaioD3 has 20 seconds left.\n|inactive|TaioD3 has 15 seconds left.\n|inactive|TaioD3 has 10 seconds left.\n|\n|t:|1701143377\n|-end|p1b: Iron Hands|Quark Drive|[silent]\n|switch|p1b: Oricorio|Oricorio-Sensu, L50, F, shiny|100\/100\n|-terastallize|p2b: Trevenant|Water\n|move|p2a: Chien-Pao|Protect|p2a: Chien-Pao\n|-singleturn|p2a: Chien-Pao|Protect\n|move|p1a: Volcarona|Fiery Dance|p2b: Trevenant\n|-resisted|p2b: Trevenant\n|-damage|p2b: Trevenant|75\/100\n|-boost|p1a: Volcarona|spa|1\n|-activate|p1b: Oricorio|ability: Dancer\n|move|p1b: Oricorio|Fiery Dance|p2b: Trevenant|[from]ability: Dancer\n|-resisted|p2b: Trevenant\n|-damage|p2b: Trevenant|61\/100\n|move|p2b: Trevenant|Trick Room|p2b: Trevenant\n|-fieldstart|move: Trick Room|[of] p2b: Trevenant\n|\n|upkeep\n|turn|4\n|inactive|TaioD3 has 30 seconds left.\n|inactive|who1658 has 30 seconds left.\n|inactive|TaioD3 has 20 seconds left.\n|inactive|TaioD3 has 15 seconds left.\n|inactive|TaioD3 has 10 seconds left.\n|\n|t:|1701143426\n|-terastallize|p1b: Oricorio|Fairy\n|move|p2b: Trevenant|Ally Switch|p2b: Trevenant\n|swap|p2b: Trevenant|0|[from] move: Ally Switch\n|move|p1b: Oricorio|Revelation Dance|p2a: Trevenant\n|-damage|p2a: Trevenant|9\/100\n|-enditem|p2a: Trevenant|Sitrus Berry|[eat]\n|-heal|p2a: Trevenant|34\/100|[from] item: Sitrus Berry\n|move|p1a: Volcarona|Quiver Dance|p1a: Volcarona\n|-boost|p1a: Volcarona|spa|1\n|-boost|p1a: Volcarona|spd|1\n|-boost|p1a: Volcarona|spe|1\n|-activate|p1b: Oricorio|ability: Dancer\n|move|p1b: Oricorio|Quiver Dance|p1b: Oricorio|[from]ability: Dancer\n|-boost|p1b: Oricorio|spa|1\n|-boost|p1b: Oricorio|spd|1\n|-boost|p1b: Oricorio|spe|1\n|move|p2b: Chien-Pao|Crunch|p1b: Oricorio\n|-resisted|p1b: Oricorio\n|-damage|p1b: Oricorio|58\/100\n|\n|upkeep\n|turn|5\n|inactive|TaioD3 has 30 seconds left.\n|inactive|who1658 has 30 seconds left.\n|inactive|TaioD3 has 20 seconds left.\n|inactive|who1658 has 20 seconds left.\n|inactive|TaioD3 has 15 seconds left.\n|\n|t:|1701143467\n|move|p2a: Trevenant|Protect|p2a: Trevenant\n|-singleturn|p2a: Trevenant|Protect\n|move|p1b: Oricorio|Protect|p1b: Oricorio\n|-singleturn|p1b: Oricorio|Protect\n|move|p2b: Chien-Pao|Ice Spinner|p1b: Oricorio\n|-activate|p1b: Oricorio|move: Protect\n|move|p1a: Volcarona|Fiery Dance|p2b: Chien-Pao\n|-supereffective|p2b: Chien-Pao\n|-damage|p2b: Chien-Pao|0 fnt\n|-boost|p1a: Volcarona|spa|1\n|faint|p2b: Chien-Pao\n|-activate|p1b: Oricorio|ability: Dancer\n|move|p1b: Oricorio|Fiery Dance|p2a: Trevenant|[from]ability: Dancer\n|-activate|p2a: Trevenant|move: Protect\n|\n|-item|p2a: Trevenant|Sitrus Berry|[from] ability: Harvest\n|upkeep\n|-enditem|p2a: Trevenant|Sitrus Berry|[eat]\n|-heal|p2a: Trevenant|59\/100|[from] item: Sitrus Berry\n|\n|t:|1701143489\n|switch|p2b: Iron Hands|Iron Hands, L50, shiny|100\/100\n|turn|6\n|inactive|TaioD3 has 30 seconds left.\n|\n|t:|1701143515\n|move|p2b: Iron Hands|Drain Punch|p1a: Volcarona\n|-resisted|p1a: Volcarona\n|-crit|p1a: Volcarona\n|-damage|p1a: Volcarona|52\/100\n|move|p2a: Trevenant|Wood Hammer|p1a: Volcarona\n|-resisted|p1a: Volcarona\n|-damage|p1a: Volcarona|28\/100\n|-status|p2a: Trevenant|brn|[from] ability: Flame Body|[of] p1a: Volcarona\n|-damage|p2a: Trevenant|53\/100 brn|[from] Recoil\n|move|p1b: Oricorio|Revelation Dance|p2b: Iron Hands\n|-supereffective|p2b: Iron Hands\n|-damage|p2b: Iron Hands|33\/100\n|move|p1a: Volcarona|Fiery Dance|p2b: Iron Hands\n|-damage|p2b: Iron Hands|0 fnt\n|-boost|p1a: Volcarona|spa|1\n|faint|p2b: Iron Hands\n|-end|p2b: Iron Hands|Quark Drive|[silent]\n|-activate|p1b: Oricorio|ability: Dancer\n|move|p1b: Oricorio|Fiery Dance|p2a: Trevenant|[from]ability: Dancer\n|-resisted|p2a: Trevenant\n|-damage|p2a: Trevenant|32\/100 brn\n|\n|-damage|p2a: Trevenant|25\/100 brn|[from] brn\n|upkeep\n|turn|7\n|-message|who1658 forfeited.\n|\n|win|TaioD3\n|raw|TaioD3's rating: 1045 &rarr; <strong>1085<\/strong><br \/>(+40 for winning)\n|raw|who1658's rating: 1115 &rarr; <strong>1085<\/strong><br \/>(-30 for losing)\n|l|\u2606who1658\n","uploadtime":1701143546,"views":9,"p1id":"taiod3","p2id":"who1658","formatid":"gen9vgc2023regulatione","rating":1085,"private":0,"password":""}