{"id":"gen9vgc2023regulatione-1999848445","p1":"goop knight","p2":"lovetolearn","format":"[Gen 9] VGC 2023 Regulation E","log":"|j|\u2606goop knight\n|j|\u2606lovetolearn\n|t:|1701122457\n|gametype|doubles\n|player|p1|goop knight|flannery|1197\n|player|p2|lovetolearn|carmine-festival|1150\n|teamsize|p1|6\n|teamsize|p2|6\n|gen|9\n|tier|[Gen 9] VGC 2023 Regulation E\n|rated|\n|rule|Species Clause: Limit one of each Pok\u00e9mon\n|rule|Item Clause: Limit one of each item\n|clearpoke\n|poke|p1|Amoonguss, L50, F|\n|poke|p1|Flutter Mane, L50|\n|poke|p1|Urshifu-*, L50, M|\n|poke|p1|Gastrodon, L50, M|\n|poke|p1|Landorus-Therian, L50, M|\n|poke|p1|Iron Hands, L50|\n|poke|p2|Grimmsnarl, L50, M|\n|poke|p2|Ogerpon-Hearthflame, L50, F|\n|poke|p2|Chien-Pao, L50|\n|poke|p2|Landorus-Therian, L50, M|\n|poke|p2|Rillaboom, L50, M|\n|poke|p2|Tornadus, L50, M|\n|teampreview|4\nlovetolearn has agreed to open team sheets.\n|\n|t:|1701122558\n|start\n|switch|p1a: Flutter Mane|Flutter Mane, L50|100\/100\n|switch|p1b: Landorus|Landorus-Therian, L50, M|100\/100\n|switch|p2a: Chien-Pao|Chien-Pao, L50|100\/100\n|switch|p2b: Landorus|Landorus-Therian, L50, M|100\/100\n|-ability|p2b: Landorus|Intimidate|boost\n|-unboost|p1a: Flutter Mane|atk|1\n|-unboost|p1b: Landorus|atk|1\n|-ability|p2a: Chien-Pao|Sword of Ruin\n|-ability|p1b: Landorus|Intimidate|boost\n|-unboost|p2a: Chien-Pao|atk|1\n|-unboost|p2b: Landorus|atk|1\n|-enditem|p1a: Flutter Mane|Booster Energy\n|-activate|p1a: Flutter Mane|ability: Protosynthesis|[fromitem]\n|-start|p1a: Flutter Mane|protosynthesisspa\n|turn|1\n|\n|t:|1701122593\n|-terastallize|p1b: Landorus|Water\n|move|p1a: Flutter Mane|Protect|p1a: Flutter Mane\n|-singleturn|p1a: Flutter Mane|Protect\n|move|p2b: Landorus|U-turn|p1a: Flutter Mane\n|-activate|p1a: Flutter Mane|move: Protect\n|move|p2a: Chien-Pao|Icicle Crash|p1a: Flutter Mane\n|-activate|p1a: Flutter Mane|move: Protect\n|move|p1b: Landorus|U-turn|p2a: Chien-Pao\n|-supereffective|p2a: Chien-Pao\n|-damage|p2a: Chien-Pao|57\/100\n|\n|t:|1701122608\n|switch|p1b: Iron Hands|Iron Hands, L50|100\/100|[from] U-turn\n|\n|upkeep\n|turn|2\n|\n|t:|1701122643\n|-terastallize|p2a: Chien-Pao|Ghost\n|move|p1b: Iron Hands|Fake Out|p2a: Chien-Pao\n|-immune|p2a: Chien-Pao\n|move|p2b: Landorus|U-turn|p1a: Flutter Mane\n|-resisted|p1a: Flutter Mane\n|-damage|p1a: Flutter Mane|87\/100\n|\n|t:|1701122651\n|switch|p2b: Grimmsnarl|Grimmsnarl, L50, M, shiny|100\/100|[from] U-turn\n|move|p2a: Chien-Pao|Icicle Crash|p1a: Flutter Mane\n|-damage|p1a: Flutter Mane|10\/100\n|cant|p1a: Flutter Mane|flinch\n|\n|upkeep\n|turn|3\n|\n|t:|1701122685\n|move|p1a: Flutter Mane|Protect|p1a: Flutter Mane\n|-singleturn|p1a: Flutter Mane|Protect\n|move|p2b: Grimmsnarl|Parting Shot|p1b: Iron Hands\n|-unboost|p1b: Iron Hands|atk|1\n|-unboost|p1b: Iron Hands|spa|1\n|\n|t:|1701122691\n|switch|p2b: Landorus|Landorus-Therian, L50, M|100\/100|[from] Parting Shot\n|-ability|p2b: Landorus|Intimidate|boost\n|-unboost|p1a: Flutter Mane|atk|1\n|-unboost|p1b: Iron Hands|atk|1\n|move|p2a: Chien-Pao|Icicle Crash|p1a: Flutter Mane\n|-activate|p1a: Flutter Mane|move: Protect\n|move|p1b: Iron Hands|Thunder Punch|p2a: Chien-Pao\n|-damage|p2a: Chien-Pao|25\/100\n|\n|upkeep\n|turn|4\n|\n|t:|1701122742\n|-end|p1a: Flutter Mane|Protosynthesis|[silent]\n|switch|p1a: Landorus|Landorus-Therian, L50, M, tera:Water|100\/100\n|-ability|p1a: Landorus|Intimidate|boost\n|-unboost|p2a: Chien-Pao|atk|1\n|-unboost|p2b: Landorus|atk|1\n|move|p2b: Landorus|U-turn|p1b: Iron Hands\n|-resisted|p1b: Iron Hands\n|-damage|p1b: Iron Hands|94\/100\n|\n|t:|1701122751\n|switch|p2b: Grimmsnarl|Grimmsnarl, L50, M, shiny|100\/100|[from] U-turn\n|move|p2a: Chien-Pao|Icicle Crash|p1a: Landorus\n|-resisted|p1a: Landorus\n|-crit|p1a: Landorus\n|-damage|p1a: Landorus|58\/100\n|move|p1b: Iron Hands|Thunder Punch|p2a: Chien-Pao\n|-damage|p2a: Chien-Pao|0 fnt\n|faint|p2a: Chien-Pao\n|\n|upkeep\n|\n|t:|1701122762\n|switch|p2a: Ogerpon|Ogerpon-Hearthflame, L50, F|100\/100\n|-ability|p2a: Ogerpon|Mold Breaker\n|turn|5\n|\n|t:|1701122784\n|-end|p1b: Iron Hands|Quark Drive|[silent]\n|switch|p1b: Urshifu|Urshifu, L50, M|100\/100\n|move|p2a: Ogerpon|Spiky Shield|p2a: Ogerpon\n|-singleturn|p2a: Ogerpon|move: Protect\n|move|p2b: Grimmsnarl|Parting Shot|p1a: Landorus\n|-unboost|p1a: Landorus|atk|1\n|-unboost|p1a: Landorus|spa|1\n|\n|t:|1701122792\n|switch|p2b: Landorus|Landorus-Therian, L50, M|100\/100|[from] Parting Shot\n|-ability|p2b: Landorus|Intimidate|boost\n|-unboost|p1a: Landorus|atk|1\n|-unboost|p1b: Urshifu|atk|1\n|move|p1a: Landorus|U-turn|p2a: Ogerpon\n|-activate|p2a: Ogerpon|move: Protect\n|-damage|p1a: Landorus|46\/100|[from] Spiky Shield|[of] p2a: Ogerpon\n|\n|upkeep\n|turn|6\n|\n|t:|1701122848\n|switch|p1a: Iron Hands|Iron Hands, L50|94\/100\n|move|p2b: Landorus|Stomping Tantrum|p1b: Urshifu\n|-damage|p1b: Urshifu|54\/100\n|move|p2a: Ogerpon|Ivy Cudgel|p1b: Urshifu|[anim] Ivy Cudgel Fire\n|-damage|p1b: Urshifu|0 fnt\n|faint|p1b: Urshifu\n|\n|upkeep\n|\n|t:|1701122871\n|switch|p1b: Landorus|Landorus-Therian, L50, M, tera:Water|46\/100\n|-ability|p1b: Landorus|Intimidate|boost\n|-unboost|p2a: Ogerpon|atk|1\n|-unboost|p2b: Landorus|atk|1\n|turn|7\n|\n|t:|1701122890\n|switch|p2b: Grimmsnarl|Grimmsnarl, L50, M, shiny|100\/100\n|-end|p1a: Iron Hands|Quark Drive|[silent]\n|switch|p1a: Flutter Mane|Flutter Mane, L50|10\/100\n|move|p2a: Ogerpon|Spiky Shield|p2a: Ogerpon\n|-singleturn|p2a: Ogerpon|move: Protect\n|move|p1b: Landorus|Protect||[still]\n|-fail|p1b: Landorus\n|\n|upkeep\n|turn|8\n|inactive|Battle timer is ON: inactive players will automatically lose when time's up. (requested by goop knight)\n|\n|t:|1701122939\n|switch|p2a: Landorus|Landorus-Therian, L50, M|100\/100\n|-ability|p2a: Landorus|Intimidate|boost\n|-unboost|p1a: Flutter Mane|atk|1\n|-unboost|p1b: Landorus|atk|1\n|switch|p1b: Iron Hands|Iron Hands, L50|94\/100\n|move|p2b: Grimmsnarl|Light Screen|p2b: Grimmsnarl\n|-sidestart|p2: lovetolearn|move: Light Screen\n|move|p1a: Flutter Mane|Shadow Ball|p2a: Landorus\n|-damage|p2a: Landorus|57\/100\n|-unboost|p2a: Landorus|spd|1\n|\n|upkeep\n|turn|9\n|inactive|lovetolearn has 30 seconds left.\n|inactive|lovetolearn has 20 seconds left.\n|inactive|lovetolearn has 15 seconds left.\n|\n|t:|1701122979\n|switch|p2a: Ogerpon|Ogerpon-Hearthflame, L50, F|100\/100\n|-ability|p2a: Ogerpon|Mold Breaker\n|move|p1b: Iron Hands|Fake Out|p2a: Ogerpon\n|-damage|p2a: Ogerpon|79\/100\n|move|p1a: Flutter Mane|Dazzling Gleam|p2a: Ogerpon|[spread] p2a,p2b\n|-resisted|p2a: Ogerpon\n|-supereffective|p2b: Grimmsnarl\n|-damage|p2a: Ogerpon|64\/100\n|-damage|p2b: Grimmsnarl|56\/100\n|move|p2b: Grimmsnarl|Spirit Break|p1a: Flutter Mane\n|-damage|p1a: Flutter Mane|0 fnt\n|faint|p1a: Flutter Mane\n|-end|p1a: Flutter Mane|Protosynthesis|[silent]\n|\n|upkeep\n|\n|t:|1701122992\n|switch|p1a: Landorus|Landorus-Therian, L50, M, tera:Water|46\/100\n|-ability|p1a: Landorus|Intimidate|boost\n|-unboost|p2a: Ogerpon|atk|1\n|-unboost|p2b: Grimmsnarl|atk|1\n|turn|10\n|\n|t:|1701123011\n|move|p2a: Ogerpon|Spiky Shield|p2a: Ogerpon\n|-singleturn|p2a: Ogerpon|move: Protect\n|move|p2b: Grimmsnarl|Reflect|p2b: Grimmsnarl\n|-sidestart|p2: lovetolearn|Reflect\n|move|p1a: Landorus|Rock Slide|p2b: Grimmsnarl|[spread] p2b\n|-activate|p2a: Ogerpon|move: Protect\n|-damage|p2b: Grimmsnarl|41\/100\n|move|p1b: Iron Hands|Heavy Slam|p2b: Grimmsnarl\n|-supereffective|p2b: Grimmsnarl\n|-damage|p2b: Grimmsnarl|0 fnt\n|faint|p2b: Grimmsnarl\n|\n|upkeep\n|\n|t:|1701123023\n|switch|p2b: Landorus|Landorus-Therian, L50, M|57\/100\n|-ability|p2b: Landorus|Intimidate|boost\n|-unboost|p1a: Landorus|atk|1\n|-unboost|p1b: Iron Hands|atk|1\n|turn|11\n|\n|t:|1701123040\n|move|p1a: Landorus|Protect|p1a: Landorus\n|-singleturn|p1a: Landorus|Protect\n|move|p2b: Landorus|Stomping Tantrum|p1b: Iron Hands\n|-supereffective|p1b: Iron Hands\n|-damage|p1b: Iron Hands|41\/100\n|move|p2a: Ogerpon|Ivy Cudgel|p1b: Iron Hands|[anim] Ivy Cudgel Fire\n|-damage|p1b: Iron Hands|14\/100\n|move|p1b: Iron Hands|Drain Punch|p2a: Ogerpon\n|-damage|p2a: Ogerpon|38\/100\n|-heal|p1b: Iron Hands|22\/100|[from] drain|[of] p2a: Ogerpon\n|\n|upkeep\n|turn|12\n|\n|t:|1701123055\n|move|p2b: Landorus|Stomping Tantrum|p1b: Iron Hands\n|-supereffective|p1b: Iron Hands\n|-damage|p1b: Iron Hands|0 fnt\n|faint|p1b: Iron Hands\n|-end|p1b: Iron Hands|Quark Drive|[silent]\n|move|p2a: Ogerpon|Ivy Cudgel|p1a: Landorus|[anim] Ivy Cudgel Fire\n|-resisted|p1a: Landorus\n|-damage|p1a: Landorus|26\/100\n|move|p1a: Landorus|Rock Slide|p2a: Ogerpon|[spread] p2a,p2b\n|-supereffective|p2a: Ogerpon\n|-crit|p2a: Ogerpon\n|-damage|p2a: Ogerpon|0 fnt\n|-damage|p2b: Landorus|47\/100\n|faint|p2a: Ogerpon\n|\n|upkeep\n|turn|13\n|c|\u2606goop knight|gg\n|c|\u2606lovetolearn|gg\n|\n|t:|1701123070\n|move|p2b: Landorus|Stomping Tantrum|p1a: Landorus\n|-crit|p1a: Landorus\n|-damage|p1a: Landorus|0 fnt\n|faint|p1a: Landorus\n|\n|win|lovetolearn\n|raw|goop knight's rating: 1197 &rarr; <strong>1169<\/strong><br \/>(-28 for losing)\n|raw|lovetolearn's rating: 1150 &rarr; <strong>1178<\/strong><br \/>(+28 for winning)\n","uploadtime":1701123083,"views":19,"p1id":"goopknight","p2id":"lovetolearn","formatid":"gen9vgc2023regulatione","rating":1169,"private":0,"password":""}