{"id":"gen9vgc2023regulatione-1998198858","p1":"Hockypoco","p2":"Moosewii7","format":"[Gen 9] VGC 2023 Regulation E","log":"|j|\u2606Hockypoco\n|j|\u2606Moosewii7\n|t:|1700911144\n|gametype|doubles\n|player|p1|Hockypoco|265|1612\n|player|p2|Moosewii7|101|1576\n|teamsize|p1|6\n|teamsize|p2|6\n|gen|9\n|tier|[Gen 9] VGC 2023 Regulation E\n|rated|\n|rule|Species Clause: Limit one of each Pok\u00e9mon\n|rule|Item Clause: Limit one of each item\n|clearpoke\n|poke|p1|Flutter Mane, L50|\n|poke|p1|Chi-Yu, L50|\n|poke|p1|Dondozo, L50, M|\n|poke|p1|Tatsugiri, L50, F|\n|poke|p1|Chien-Pao, L50|\n|poke|p1|Dragonite, L50, M|\n|poke|p2|Garganacl, L50, F|\n|poke|p2|Amoonguss, L50, M|\n|poke|p2|Flutter Mane, L50|\n|poke|p2|Chi-Yu, L50|\n|poke|p2|Dragonite, L50, M|\n|poke|p2|Iron Hands, L50|\n|teampreview|4\n|inactive|Battle timer is ON: inactive players will automatically lose when time's up. (requested by Hockypoco)\n|inactive|Moosewii7 has 60 seconds left.\n|\n|t:|1700911185\n|start\n|switch|p1a: Chi-Yu|Chi-Yu, L50|100\/100\n|switch|p1b: Flutter Mane|Flutter Mane, L50|100\/100\n|switch|p2a: Flutter Mane|Flutter Mane, L50|100\/100\n|switch|p2b: Dragonite|Dragonite, L50, M|100\/100\n|-ability|p1a: Chi-Yu|Beads of Ruin\n|-enditem|p1b: Flutter Mane|Booster Energy\n|-activate|p1b: Flutter Mane|ability: Protosynthesis|[fromitem]\n|-start|p1b: Flutter Mane|protosynthesisspe\n|turn|1\n|inactive|Hockypoco has 30 seconds left.\n|inactive|Moosewii7 has 30 seconds left.\n|inactive|Hockypoco has 20 seconds left.\n|inactive|Moosewii7 has 20 seconds left.\n|inactive|Hockypoco has 15 seconds left.\n|inactive|Hockypoco has 10 seconds left.\n|inactive|Hockypoco has 5 seconds left.\n|\n|t:|1700911240\n|move|p2a: Flutter Mane|Protect|p2a: Flutter Mane\n|-singleturn|p2a: Flutter Mane|Protect\n|move|p1b: Flutter Mane|Dazzling Gleam|p2b: Dragonite|[spread] p2b\n|-activate|p2a: Flutter Mane|move: Protect\n|-supereffective|p2b: Dragonite\n|-damage|p2b: Dragonite|66\/100\n|-enditem|p2b: Dragonite|Weakness Policy\n|-boost|p2b: Dragonite|atk|2|[from] item: Weakness Policy\n|-boost|p2b: Dragonite|spa|2|[from] item: Weakness Policy\n|move|p1a: Chi-Yu|Snarl|p2b: Dragonite|[spread] p2b\n|-activate|p2a: Flutter Mane|move: Protect\n|-damage|p2b: Dragonite|29\/100\n|-unboost|p2b: Dragonite|spa|1\n|move|p2b: Dragonite|Earthquake|p1a: Chi-Yu|[spread] p1a,p1b\n|-activate|p2a: Flutter Mane|move: Protect\n|-supereffective|p1a: Chi-Yu\n|-damage|p1a: Chi-Yu|0 fnt\n|-damage|p1b: Flutter Mane|0 fnt\n|faint|p1a: Chi-Yu\n|faint|p1b: Flutter Mane\n|-end|p1b: Flutter Mane|Protosynthesis|[silent]\n|\n|upkeep\n|inactive|Hockypoco has 30 seconds left.\n|inactive|Hockypoco has 20 seconds left.\n|inactive|Hockypoco has 15 seconds left.\n|inactive|Hockypoco has 10 seconds left.\n|inactive|Hockypoco has 5 seconds left.\n|\n|t:|1700911295\n|switch|p1b: Tatsugiri|Tatsugiri, L50, F|100\/100\n|switch|p1a: Dondozo|Dondozo, L50, M|100\/100\n|-activate|p1b: Tatsugiri|ability: Commander|[of] p1a: Dondozo\n|-boost|p1a: Dondozo|atk|2\n|-boost|p1a: Dondozo|spa|2\n|-boost|p1a: Dondozo|spe|2\n|-boost|p1a: Dondozo|def|2\n|-boost|p1a: Dondozo|spd|2\n|turn|2\n|inactive|Hockypoco has 30 seconds left.\n|inactive|Moosewii7 has 30 seconds left.\n|inactive|Hockypoco has 20 seconds left.\n|inactive|Moosewii7 has 20 seconds left.\n|inactive|Hockypoco has 15 seconds left.\n|inactive|Moosewii7 has 15 seconds left.\n|inactive|Hockypoco has 10 seconds left.\n|inactive|Moosewii7 has 10 seconds left.\n|inactive|Hockypoco has 5 seconds left.\n|\n|t:|1700911350\n|move|p2b: Dragonite|Extreme Speed|p1a: Dondozo\n|-damage|p1a: Dondozo|89\/100\n|move|p2a: Flutter Mane|Moonblast|p1a: Dondozo\n|-damage|p1a: Dondozo|63\/100\n|move|p1a: Dondozo|Rock Slide|p2b: Dragonite|[spread] p2a,p2b\n|-supereffective|p2b: Dragonite\n|-damage|p2a: Flutter Mane|29\/100\n|-damage|p2b: Dragonite|0 fnt\n|faint|p2b: Dragonite\n|\n|upkeep\n|\n|t:|1700911364\n|switch|p2b: Amoonguss|Amoonguss, L50, M|100\/100\n|turn|3\n|\n|t:|1700911375\n|-terastallize|p1a: Dondozo|Grass\n|move|p2b: Amoonguss|Protect|p2b: Amoonguss\n|-singleturn|p2b: Amoonguss|Protect\n|move|p2a: Flutter Mane|Moonblast|p1a: Dondozo\n|-damage|p1a: Dondozo|38\/100\n|move|p1a: Dondozo|Earthquake|p2a: Flutter Mane|[spread] p2a\n|-miss|p1a: Dondozo|p1b: Tatsugiri\n|-activate|p2b: Amoonguss|move: Protect\n|-damage|p2a: Flutter Mane|0 fnt\n|faint|p2a: Flutter Mane\n|-end|p2a: Flutter Mane|Protosynthesis|[silent]\n|\n|upkeep\n|\n|t:|1700911389\n|switch|p2a: Garganacl|Garganacl, L50, F|100\/100\n|turn|4\n|c|\u2606Hockypoco|sorry, the baby woke up. back now, but seems like i am losingg quite hard\n|\n|t:|1700911412\n|-terastallize|p2a: Garganacl|Fairy\n|move|p1a: Dondozo|Earthquake|p2a: Garganacl|[spread] p2a,p2b\n|-miss|p1a: Dondozo|p1b: Tatsugiri\n|-damage|p2a: Garganacl|69\/100\n|-damage|p2b: Amoonguss|69\/100\n|move|p2a: Garganacl|Salt Cure|p1a: Dondozo\n|-crit|p1a: Dondozo\n|-damage|p1a: Dondozo|24\/100\n|-start|p1a: Dondozo|Salt Cure\n|move|p2b: Amoonguss|Pollen Puff|p2a: Garganacl\n|-heal|p2a: Garganacl|100\/100\n|\n|-damage|p1a: Dondozo|11\/100|[from] Salt Cure\n|upkeep\n|turn|5\n|inactive|Moosewii7 has 30 seconds left.\n|\n|t:|1700911438\n|move|p2a: Garganacl|Protect|p2a: Garganacl\n|-singleturn|p2a: Garganacl|Protect\n|move|p2b: Amoonguss|Protect|p2b: Amoonguss\n|-singleturn|p2b: Amoonguss|Protect\n|move|p1a: Dondozo|Order Up|p2b: Amoonguss\n|-activate|p2b: Amoonguss|move: Protect\n|\n|-damage|p1a: Dondozo|0 fnt|[from] Salt Cure\n|faint|p1a: Dondozo\n|upkeep\n|turn|6\n|\n|t:|1700911453\n|move|p1b: Tatsugiri|Muddy Water|p2a: Garganacl|[spread] p2a,p2b\n|-resisted|p2b: Amoonguss\n|-damage|p2a: Garganacl|80\/100\n|-damage|p2b: Amoonguss|52\/100\n|move|p2a: Garganacl|Salt Cure|p1b: Tatsugiri\n|-damage|p1b: Tatsugiri|75\/100\n|-start|p1b: Tatsugiri|Salt Cure\n|move|p2b: Amoonguss|Spore|p1b: Tatsugiri\n|-status|p1b: Tatsugiri|slp|[from] move: Spore\n|\n|-heal|p2a: Garganacl|86\/100|[from] item: Leftovers\n|-damage|p1b: Tatsugiri|50\/100 slp|[from] Salt Cure\n|upkeep\n|turn|7\n|j| INDO kukuruyuk\n|-message|Hockypoco forfeited.\n|\n|win|Moosewii7\n|raw|Hockypoco's rating: 1612 &rarr; <strong>1590<\/strong><br \/>(-22 for losing)\n|raw|Moosewii7's rating: 1576 &rarr; <strong>1598<\/strong><br \/>(+22 for winning)\n|l|\u2606Hockypoco\n","uploadtime":1700911563,"views":1,"p1id":"hockypoco","p2id":"moosewii7","formatid":"gen9vgc2023regulatione","rating":1590,"private":0,"password":""}