{"id":"gen9vgc2023regulatione-1996761849","p1":"bixbi","p2":"mochipupusa","format":"[Gen 9] VGC 2023 Regulation E","log":"|j|\u2606bixbi\n|j|\u2606mochipupusa\n|t:|1700720873\n|gametype|doubles\n|player|p1|bixbi|265|1173\n|player|p2|mochipupusa|101|1287\n|teamsize|p1|6\n|teamsize|p2|6\n|gen|9\n|tier|[Gen 9] VGC 2023 Regulation E\n|rated|\n|rule|Species Clause: Limit one of each Pok\u00e9mon\n|rule|Item Clause: Limit one of each item\n|clearpoke\n|poke|p1|Tyranitar, L50, M|\n|poke|p1|Lycanroc, L50, M|\n|poke|p1|Garganacl, L50, F|\n|poke|p1|Houndstone, L50, F|\n|poke|p1|Gastrodon, L50, F|\n|poke|p1|Dragapult, L50, F|\n|poke|p2|Roaring Moon, L50|\n|poke|p2|Milotic, L50, M|\n|poke|p2|Landorus-Therian, L50, M|\n|poke|p2|Flutter Mane, L50|\n|poke|p2|Iron Hands, L50|\n|poke|p2|Ogerpon-Hearthflame, L50, F|\n|teampreview|4\n|inactive|Battle timer is ON: inactive players will automatically lose when time's up. (requested by bixbi)\nmochipupusa has agreed to open team sheets.\n|inactive|mochipupusa has 60 seconds left.\n|\n|t:|1700720913\n|start\n|switch|p1a: Tyranitar|Tyranitar, L50, M|100\/100\n|switch|p1b: Houndstone|Houndstone, L50, F|100\/100\n|switch|p2a: Iron Hands|Iron Hands, L50|100\/100\n|switch|p2b: Roaring Moon|Roaring Moon, L50|100\/100\n|-weather|Sandstorm|[from] ability: Sand Stream|[of] p1a: Tyranitar\n|-enditem|p2b: Roaring Moon|Booster Energy\n|-activate|p2b: Roaring Moon|ability: Protosynthesis|[fromitem]\n|-start|p2b: Roaring Moon|protosynthesisatk\n|turn|1\n|\n|t:|1700720938\n|-terastallize|p1a: Tyranitar|Ghost\n|move|p2a: Iron Hands|Fake Out|p1a: Tyranitar\n|-immune|p1a: Tyranitar\n|move|p1b: Houndstone|Will-O-Wisp|p2a: Iron Hands\n|-status|p2a: Iron Hands|brn\n|move|p2b: Roaring Moon|Tailwind|p2b: Roaring Moon\n|-sidestart|p2: mochipupusa|move: Tailwind\n|move|p1a: Tyranitar|Ice Punch|p2b: Roaring Moon\n|-supereffective|p2b: Roaring Moon\n|-damage|p2b: Roaring Moon|31\/100\n|\n|-weather|Sandstorm|[upkeep]\n|-damage|p2b: Roaring Moon|25\/100|[from] Sandstorm\n|-damage|p2a: Iron Hands|95\/100 brn|[from] Sandstorm\n|-damage|p1a: Tyranitar|95\/100|[from] Sandstorm\n|-damage|p2a: Iron Hands|89\/100 brn|[from] brn\n|upkeep\n|turn|2\n|\n|t:|1700720962\n|switch|p1a: Gastrodon|Gastrodon, L50, F|100\/100\n|move|p2b: Roaring Moon|Knock Off|p1a: Gastrodon\n|-damage|p1a: Gastrodon|45\/100\n|-enditem|p1a: Gastrodon|Leftovers|[from] move: Knock Off|[of] p2b: Roaring Moon\n|move|p1b: Houndstone|Play Rough|p2b: Roaring Moon\n|-supereffective|p2b: Roaring Moon\n|-damage|p2b: Roaring Moon|0 fnt\n|faint|p2b: Roaring Moon\n|-end|p2b: Roaring Moon|Protosynthesis|[silent]\n|-damage|p1b: Houndstone|91\/100|[from] item: Life Orb\n|move|p2a: Iron Hands|Wild Charge|p1b: Houndstone\n|-damage|p1b: Houndstone|62\/100\n|-damage|p2a: Iron Hands|84\/100 brn|[from] Recoil\n|\n|-weather|Sandstorm|[upkeep]\n|-damage|p2a: Iron Hands|78\/100 brn|[from] Sandstorm\n|-damage|p2a: Iron Hands|72\/100 brn|[from] brn\n|upkeep\n|\n|t:|1700720979\n|switch|p2b: Ogerpon|Ogerpon-Hearthflame, L50, F|100\/100\n|-ability|p2b: Ogerpon|Mold Breaker\n|turn|3\n|\n|t:|1700720991\n|move|p1b: Houndstone|Protect|p1b: Houndstone\n|-singleturn|p1b: Houndstone|Protect\n|move|p1a: Gastrodon|Protect|p1a: Gastrodon\n|-singleturn|p1a: Gastrodon|Protect\n|move|p2b: Ogerpon|Wood Hammer|p1a: Gastrodon\n|-activate|p1a: Gastrodon|move: Protect\n|move|p2a: Iron Hands|Wild Charge|p1b: Houndstone\n|-activate|p1b: Houndstone|move: Protect\n|\n|-weather|Sandstorm|[upkeep]\n|-damage|p2b: Ogerpon|95\/100|[from] Sandstorm\n|-damage|p2a: Iron Hands|67\/100 brn|[from] Sandstorm\n|-damage|p2a: Iron Hands|61\/100 brn|[from] brn\n|upkeep\n|turn|4\n|inactive|bixbi has 30 seconds left.\n|inactive|bixbi has 20 seconds left.\n|\n|t:|1700721027\n|switch|p1a: Tyranitar|Tyranitar, L50, M, tera:Ghost|95\/100\n|move|p2b: Ogerpon|Wood Hammer|p1a: Tyranitar\n|-damage|p1a: Tyranitar|32\/100\n|-damage|p2b: Ogerpon|70\/100|[from] Recoil\n|move|p1b: Houndstone|Play Rough|p2a: Iron Hands\n|-supereffective|p2a: Iron Hands\n|-damage|p2a: Iron Hands|4\/100 brn\n|-damage|p1b: Houndstone|53\/100|[from] item: Life Orb\n|move|p2a: Iron Hands|Wild Charge|p1a: Tyranitar\n|-damage|p1a: Tyranitar|14\/100\n|-damage|p2a: Iron Hands|0 fnt|[from] Recoil\n|faint|p2a: Iron Hands\n|-end|p2a: Iron Hands|Quark Drive|[silent]\n|\n|-weather|Sandstorm|[upkeep]\n|-damage|p2b: Ogerpon|64\/100|[from] Sandstorm\n|-damage|p1a: Tyranitar|8\/100|[from] Sandstorm\n|-sideend|p2: mochipupusa|move: Tailwind\n|upkeep\n|\n|t:|1700721044\n|switch|p2a: Flutter Mane|Flutter Mane, L50|100\/100\n|turn|5\n|\n|t:|1700721058\n|switch|p1a: Garganacl|Garganacl, L50, F|100\/100\n|-terastallize|p2a: Flutter Mane|Fairy\n|move|p1b: Houndstone|Last Respects|p2b: Ogerpon\n|-damage|p2b: Ogerpon|27\/100\n|-damage|p1b: Houndstone|43\/100|[from] item: Life Orb\n|move|p2a: Flutter Mane|Shadow Ball|p1b: Houndstone\n|-supereffective|p1b: Houndstone\n|-damage|p1b: Houndstone|0 fnt\n|faint|p1b: Houndstone\n|move|p2b: Ogerpon|Wood Hammer|p1a: Garganacl\n|-supereffective|p1a: Garganacl\n|-damage|p1a: Garganacl|14\/100\n|-enditem|p1a: Garganacl|Sitrus Berry|[eat]\n|-heal|p1a: Garganacl|38\/100|[from] item: Sitrus Berry\n|-damage|p2b: Ogerpon|0 fnt|[from] Recoil\n|faint|p2b: Ogerpon\n|\n|-weather|none\n|upkeep\n|\n|t:|1700721076\n|switch|p1b: Gastrodon|Gastrodon, L50, F|45\/100\n|turn|6\n|\n|t:|1700721088\n|move|p2a: Flutter Mane|Moonblast|p1a: Garganacl\n|-damage|p1a: Garganacl|0 fnt\n|faint|p1a: Garganacl\n|move|p1b: Gastrodon|Recover|p1b: Gastrodon\n|-heal|p1b: Gastrodon|95\/100\n|\n|upkeep\n|\n|t:|1700721092\n|switch|p1a: Tyranitar|Tyranitar, L50, M, tera:Ghost|8\/100\n|-weather|Sandstorm|[from] ability: Sand Stream|[of] p1a: Tyranitar\n|turn|7\n|\n|t:|1700721104\n|move|p2a: Flutter Mane|Moonblast|p1a: Tyranitar\n|-damage|p1a: Tyranitar|0 fnt\n|faint|p1a: Tyranitar\n|move|p1b: Gastrodon|Yawn|p2a: Flutter Mane\n|-start|p2a: Flutter Mane|move: Yawn|[of] p1b: Gastrodon\n|\n|-weather|Sandstorm|[upkeep]\n|-damage|p2a: Flutter Mane|94\/100|[from] Sandstorm\n|upkeep\n|turn|8\n|\n|t:|1700721115\n|move|p1b: Gastrodon|Protect|p1b: Gastrodon\n|-singleturn|p1b: Gastrodon|Protect\n|move|p2a: Flutter Mane|Moonblast|p1b: Gastrodon\n|-activate|p1b: Gastrodon|move: Protect\n|\n|-weather|Sandstorm|[upkeep]\n|-damage|p2a: Flutter Mane|88\/100|[from] Sandstorm\n|-end|p2a: Flutter Mane|move: Yawn|[silent]\n|-status|p2a: Flutter Mane|slp\n|upkeep\n|turn|9\n|\n|t:|1700721121\n|cant|p2a: Flutter Mane|slp\n|move|p1b: Gastrodon|Earth Power|p2a: Flutter Mane\n|-damage|p2a: Flutter Mane|65\/100 slp\n|\n|-weather|Sandstorm|[upkeep]\n|-damage|p2a: Flutter Mane|58\/100 slp|[from] Sandstorm\n|upkeep\n|turn|10\n|\n|t:|1700721130\n|cant|p2a: Flutter Mane|slp\n|move|p1b: Gastrodon|Earth Power|p2a: Flutter Mane\n|-damage|p2a: Flutter Mane|35\/100 slp\n|\n|-weather|Sandstorm|[upkeep]\n|-damage|p2a: Flutter Mane|29\/100 slp|[from] Sandstorm\n|upkeep\n|turn|11\n|\n|t:|1700721134\n|cant|p2a: Flutter Mane|slp\n|move|p1b: Gastrodon|Earth Power|p2a: Flutter Mane\n|-damage|p2a: Flutter Mane|1\/100 slp\n|\n|-weather|none\n|upkeep\n|turn|12\n|\n|t:|1700721142\n|-curestatus|p2a: Flutter Mane|slp|[msg]\n|move|p2a: Flutter Mane|Moonblast|p1b: Gastrodon\n|-damage|p1b: Gastrodon|34\/100\n|move|p1b: Gastrodon|Earth Power|p2a: Flutter Mane\n|-damage|p2a: Flutter Mane|0 fnt\n|faint|p2a: Flutter Mane\n|-end|p2a: Flutter Mane|Protosynthesis|[silent]\n|\n|win|bixbi\n|raw|bixbi's rating: 1173 &rarr; <strong>1206<\/strong><br \/>(+33 for winning)\n|raw|mochipupusa's rating: 1287 &rarr; <strong>1254<\/strong><br \/>(-33 for losing)\n|c|\u2606mochipupusa|gg\n|l|\u2606bixbi\n","uploadtime":1700721159,"views":4,"p1id":"bixbi","p2id":"mochipupusa","formatid":"gen9vgc2023regulatione","rating":1206,"private":0,"password":""}