{"id":"gen9vgc2023regulatione-1994151089","p1":"Xcrunner","p2":"thedukeoftacos","format":"[Gen 9] VGC 2023 Regulation E","log":"|j|\u2606Xcrunner\n|j|\u2606thedukeoftacos\n|t:|1700412819\n|gametype|doubles\n|player|p1|Xcrunner|169|\n|player|p2|thedukeoftacos|265|\n|teamsize|p1|6\n|teamsize|p2|6\n|gen|9\n|tier|[Gen 9] VGC 2023 Regulation E\n|rule|Species Clause: Limit one of each Pok\u00e9mon\n|rule|Item Clause: Limit one of each item\n|clearpoke\n|poke|p1|Arcanine-Hisui, L50, F|\n|poke|p1|Chien-Pao, L50|\n|poke|p1|Krookodile, L50, M|\n|poke|p1|Dachsbun, L50, M|\n|poke|p1|Tsareena, L50, F|\n|poke|p1|Scizor, L50, F|\n|poke|p2|Volcarona, L50, F|\n|poke|p2|Tinkaton, L50, F|\n|poke|p2|Urshifu-*, L50, M|\n|poke|p2|Staraptor, L50, F|\n|poke|p2|Ambipom, L50, F|\n|poke|p2|Gastrodon, L50, F|\n|teampreview|4\nXcrunner rejected open team sheets.\n|\n|t:|1700412946\n|start\n|switch|p1a: Krookodile|Krookodile, L50, M|100\/100\n|switch|p1b: Tsareena|Tsareena, L50, F|100\/100\n|switch|p2a: Panic!|Staraptor, L50, F, shiny|100\/100\n|switch|p2b: Succ!|Gastrodon, L50, F|100\/100\n|-ability|p1a: Krookodile|Intimidate|boost\n|-unboost|p2a: Panic!|atk|1\n|-unboost|p2b: Succ!|atk|1\n|-ability|p2a: Panic!|Intimidate|boost\n|-unboost|p1a: Krookodile|atk|1\n|-unboost|p1b: Tsareena|atk|1\n|turn|1\n|\n|t:|1700412969\n|move|p2b: Succ!|Helping Hand|p2a: Panic!\n|-singleturn|p2a: Panic!|Helping Hand|[of] p2b: Succ!\n|move|p1a: Krookodile|Rock Slide|p2b: Succ!|[spread] p2a,p2b\n|-supereffective|p2a: Panic!\n|-resisted|p2b: Succ!\n|-damage|p2a: Panic!|67\/100\n|-damage|p2b: Succ!|95\/100\n|move|p2a: Panic!|Brave Bird|p1b: Tsareena\n|-supereffective|p1b: Tsareena\n|-damage|p1b: Tsareena|0 fnt\n|faint|p1b: Tsareena\n|-damage|p2a: Panic!|36\/100|[from] Recoil\n|\n|upkeep\n|j| SpaceCP\n|\n|t:|1700412985\n|switch|p1b: Chien-Pao|Chien-Pao, L50|100\/100\n|-ability|p1b: Chien-Pao|Sword of Ruin\n|turn|2\n|\n|t:|1700413007\n|switch|p2a: Doom!|Tinkaton, L50, F|100\/100\n|-ability|p2a: Doom!|Mold Breaker\n|move|p1a: Krookodile|Rock Slide|p2b: Succ!|[spread] p2b\n|-miss|p1a: Krookodile|p2a: Doom!\n|-resisted|p2b: Succ!\n|-damage|p2b: Succ!|88\/100\n|move|p1b: Chien-Pao|Ice Spinner|p2b: Succ!\n|-damage|p2b: Succ!|37\/100\n|-enditem|p2b: Succ!|Sitrus Berry|[eat]\n|-heal|p2b: Succ!|62\/100|[from] item: Sitrus Berry\n|move|p2b: Succ!|Icy Wind|p1a: Krookodile|[spread] p1a,p1b\n|-supereffective|p1a: Krookodile\n|-resisted|p1b: Chien-Pao\n|-damage|p1a: Krookodile|74\/100\n|-damage|p1b: Chien-Pao|93\/100\n|-unboost|p1a: Krookodile|spe|1\n|-unboost|p1b: Chien-Pao|spe|1\n|\n|upkeep\n|turn|3\n|j| LetsGetFluffy\n|\n|t:|1700413067\n|switch|p1a: Arcanine|Arcanine-Hisui, L50, F|100\/100\n|-ability|p1a: Arcanine|Intimidate|boost\n|-unboost|p2a: Doom!|atk|1\n|-unboost|p2b: Succ!|atk|1\n|move|p1b: Chien-Pao|Protect|p1b: Chien-Pao\n|-singleturn|p1b: Chien-Pao|Protect\n|move|p2a: Doom!|Fake Out|p1b: Chien-Pao\n|-activate|p1b: Chien-Pao|move: Protect\n|move|p2b: Succ!|Earth Power|p1a: Arcanine\n|-supereffective|p1a: Arcanine\n|-damage|p1a: Arcanine|0 fnt\n|faint|p1a: Arcanine\n|\n|upkeep\n|\n|t:|1700413079\n|switch|p1a: Krookodile|Krookodile, L50, M|74\/100\n|-ability|p1a: Krookodile|Intimidate|boost\n|-unboost|p2a: Doom!|atk|1\n|-unboost|p2b: Succ!|atk|1\n|turn|4\n|c|\u2606thedukeoftacos|lol damn my atk stats lmao\n|j| ruwisc\n|c|\u2606thedukeoftacos|double intim is no joke\n|c|\u2606Xcrunner|lol\n|\n|t:|1700413118\n|-terastallize|p1a: Krookodile|Bug\n|move|p2a: Doom!|Protect|p2a: Doom!\n|-singleturn|p2a: Doom!|Protect\n|move|p2b: Succ!|Protect|p2b: Succ!\n|-singleturn|p2b: Succ!|Protect\n|move|p1a: Krookodile|High Horsepower|p2a: Doom!\n|-activate|p2a: Doom!|move: Protect\n|move|p1b: Chien-Pao|Ice Spinner|p2b: Succ!\n|-activate|p2b: Succ!|move: Protect\n|\n|upkeep\n|turn|5\n|\n|t:|1700413153\n|switch|p2a: Panic!|Staraptor, L50, F, shiny|36\/100\n|-ability|p2a: Panic!|Intimidate|boost\n|-unboost|p1a: Krookodile|atk|1\n|-unboost|p1b: Chien-Pao|atk|1\n|move|p1a: Krookodile|High Horsepower|p2a: Panic!\n|-immune|p2a: Panic!\n|move|p1b: Chien-Pao|Ice Spinner|p2a: Panic!\n|-supereffective|p2a: Panic!\n|-damage|p2a: Panic!|0 fnt\n|faint|p2a: Panic!\n|move|p2b: Succ!|Icy Wind|p1b: Chien-Pao|[spread] p1a,p1b\n|-resisted|p1b: Chien-Pao\n|-damage|p1a: Krookodile|59\/100\n|-damage|p1b: Chien-Pao|86\/100\n|-unboost|p1a: Krookodile|spe|1\n|-unboost|p1b: Chien-Pao|spe|1\n|\n|upkeep\n|\n|t:|1700413170\n|switch|p2a: Burn!|Volcarona, L50, F|100\/100\n|turn|6\n|\n|t:|1700413199\n|-terastallize|p2a: Burn!|Water\n|move|p1b: Chien-Pao|Sucker Punch|p2a: Burn!\n|-damage|p2a: Burn!|46\/100\n|-damage|p1b: Chien-Pao|69\/100|[from] item: Rocky Helmet|[of] p2a: Burn!\n|-status|p1b: Chien-Pao|brn|[from] ability: Flame Body|[of] p2a: Burn!\n|move|p2a: Burn!|Fiery Dance|p1b: Chien-Pao\n|-supereffective|p1b: Chien-Pao\n|-damage|p1b: Chien-Pao|0 fnt\n|-boost|p2a: Burn!|spa|1\n|faint|p1b: Chien-Pao\n|move|p1a: Krookodile|High Horsepower|p2a: Burn!\n|-damage|p2a: Burn!|0 fnt\n|-damage|p1a: Krookodile|43\/100|[from] item: Rocky Helmet|[of] p2a: Burn!\n|faint|p2a: Burn!\n|move|p2b: Succ!|Icy Wind|p1a: Krookodile\n|-damage|p1a: Krookodile|26\/100\n|-unboost|p1a: Krookodile|spe|1\n|\n|upkeep\n|\n|t:|1700413212\n|switch|p2a: Doom!|Tinkaton, L50, F|100\/100\n|-ability|p2a: Doom!|Mold Breaker\n|turn|7\n|\n|t:|1700413233\n|move|p2a: Doom!|Gigaton Hammer|p1a: Krookodile\n|-damage|p1a: Krookodile|0 fnt\n|faint|p1a: Krookodile\n|-damage|p2a: Doom!|91\/100|[from] item: Life Orb\n|\n|win|thedukeoftacos\n|c|\u2606Xcrunner|gg\n|c|\u2606thedukeoftacos|gg~\n|c|\u2606thedukeoftacos|that was a great set to start off the season~\n","uploadtime":1700413239,"views":47,"p1id":"xcrunner","p2id":"thedukeoftacos","formatid":"gen9vgc2023regulatione","rating":0,"private":0,"password":""}