{"id":"gen9vgc2023regulatione-1992040521","p1":"Y4kle","p2":"werejustnormalmen","format":"[Gen 9] VGC 2023 Regulation E","log":"|j|\u2606Y4kle\n|j|\u2606werejustnormalmen\n|t:|1700150060\n|gametype|doubles\n|player|p1|Y4kle|bugcatcher-gen4dp|1367\n|player|p2|werejustnormalmen|linebacker|1492\n|teamsize|p1|6\n|teamsize|p2|6\n|gen|9\n|tier|[Gen 9] VGC 2023 Regulation E\n|rated|\n|rule|Species Clause: Limit one of each Pok\u00e9mon\n|rule|Item Clause: Limit one of each item\n|clearpoke\n|poke|p1|Rillaboom, L50, F|\n|poke|p1|Arcanine-Hisui, L50, M|\n|poke|p1|Urshifu-*, L50, F|\n|poke|p1|Farigiraf, L50, F|\n|poke|p1|Chien-Pao, L50|\n|poke|p1|Flutter Mane, L50|\n|poke|p2|Arcanine-Hisui, L50, F|\n|poke|p2|Urshifu-*, L50, M|\n|poke|p2|Amoonguss, L50, M|\n|poke|p2|Flutter Mane, L50|\n|poke|p2|Roaring Moon, L50|\n|poke|p2|Iron Hands, L50|\n|teampreview|4\n|inactive|Battle timer is ON: inactive players will automatically lose when time's up. (requested by Y4kle)\nY4kle rejected open team sheets.\n|inactive|werejustnormalmen has 60 seconds left.\n|\n|t:|1700150126\n|start\n|switch|p1a: Farigiraf|Farigiraf, L50, F|100\/100\n|switch|p1b: Rillaboom|Rillaboom, L50, F|100\/100\n|switch|p2a: Iron Hands|Iron Hands, L50|100\/100\n|switch|p2b: Urshifu|Urshifu-Rapid-Strike, L50, M|100\/100\n|-fieldstart|move: Grassy Terrain|[from] ability: Grassy Surge|[of] p1b: Rillaboom\n|turn|1\n|\n|t:|1700150149\n|switch|p2b: Arcanine|Arcanine-Hisui, L50, F|100\/100\n|-ability|p2b: Arcanine|Intimidate|boost\n|-unboost|p1a: Farigiraf|atk|1\n|-unboost|p1b: Rillaboom|atk|1\n|move|p1b: Rillaboom|Fake Out|p2a: Iron Hands\n|-damage|p2a: Iron Hands|93\/100\n|move|p1a: Farigiraf|Psychic|p2b: Arcanine\n|-damage|p2b: Arcanine|58\/100\n|cant|p2a: Iron Hands|flinch\n|\n|-heal|p2b: Arcanine|64\/100|[from] Grassy Terrain\n|-heal|p2a: Iron Hands|99\/100|[from] Grassy Terrain\n|upkeep\n|turn|2\n|inactive|werejustnormalmen has 30 seconds left.\n|\n|t:|1700150181\n|switch|p1b: Arcanine|Arcanine-Hisui, L50, M|100\/100\n|-ability|p1b: Arcanine|Intimidate|boost\n|-unboost|p2a: Iron Hands|atk|1\n|-unboost|p2b: Arcanine|atk|1\n|move|p2b: Arcanine|Rock Slide|p1a: Farigiraf|[spread] p1a,p1b\n|-supereffective|p1b: Arcanine\n|-damage|p1a: Farigiraf|74\/100\n|-damage|p1b: Arcanine|26\/100\n|move|p1a: Farigiraf|Psychic|p2b: Arcanine\n|-damage|p2b: Arcanine|19\/100\n|move|p2a: Iron Hands|Drain Punch|p1b: Arcanine\n|-supereffective|p1b: Arcanine\n|-damage|p1b: Arcanine|0 fnt\n|-heal|p2a: Iron Hands|100\/100|[from] drain|[of] p1b: Arcanine\n|faint|p1b: Arcanine\n|\n|-heal|p2b: Arcanine|25\/100|[from] Grassy Terrain\n|-heal|p1a: Farigiraf|80\/100|[from] Grassy Terrain\n|upkeep\n|\n|t:|1700150205\n|switch|p1b: Flutter Mane|Flutter Mane, L50|100\/100\n|-enditem|p1b: Flutter Mane|Booster Energy\n|-activate|p1b: Flutter Mane|ability: Protosynthesis|[fromitem]\n|-start|p1b: Flutter Mane|protosynthesisspe\n|turn|3\n|inactive|Y4kle has 30 seconds left.\n|\n|t:|1700150232\n|switch|p2b: Amoonguss|Amoonguss, L50, M|100\/100\n|-terastallize|p1b: Flutter Mane|Fairy\n|-terastallize|p2a: Iron Hands|Water\n|move|p1b: Flutter Mane|Moonblast|p2a: Iron Hands\n|-damage|p2a: Iron Hands|64\/100\n|-unboost|p2a: Iron Hands|spa|1\n|move|p1a: Farigiraf|Psychic|p2b: Amoonguss\n|-supereffective|p2b: Amoonguss\n|-damage|p2b: Amoonguss|27\/100\n|-enditem|p2b: Amoonguss|Sitrus Berry|[eat]\n|-heal|p2b: Amoonguss|52\/100|[from] item: Sitrus Berry\n|move|p2a: Iron Hands|Heavy Slam|p1b: Flutter Mane\n|-supereffective|p1b: Flutter Mane\n|-damage|p1b: Flutter Mane|4\/100\n|\n|-heal|p1b: Flutter Mane|10\/100|[from] Grassy Terrain\n|-heal|p1a: Farigiraf|86\/100|[from] Grassy Terrain\n|-heal|p2a: Iron Hands|69\/100|[from] Grassy Terrain\n|-heal|p2b: Amoonguss|58\/100|[from] Grassy Terrain\n|upkeep\n|turn|4\n|inactive|Y4kle has 30 seconds left.\n|inactive|werejustnormalmen has 30 seconds left.\n|inactive|werejustnormalmen has 20 seconds left.\n|inactive|werejustnormalmen has 15 seconds left.\n|inactive|werejustnormalmen has 10 seconds left.\n|inactive|werejustnormalmen has 5 seconds left.\n|\n|t:|1700150283\n|move|p1b: Flutter Mane|Protect|p1b: Flutter Mane\n|-singleturn|p1b: Flutter Mane|Protect\n|move|p2b: Amoonguss|Protect|p2b: Amoonguss\n|-singleturn|p2b: Amoonguss|Protect\n|move|p1a: Farigiraf|Psychic|p2b: Amoonguss\n|-activate|p2b: Amoonguss|move: Protect\n|move|p2a: Iron Hands|Drain Punch|p1b: Flutter Mane\n|-activate|p1b: Flutter Mane|move: Protect\n|\n|-heal|p1b: Flutter Mane|16\/100|[from] Grassy Terrain\n|-heal|p1a: Farigiraf|92\/100|[from] Grassy Terrain\n|-heal|p2a: Iron Hands|75\/100|[from] Grassy Terrain\n|-heal|p2b: Amoonguss|64\/100|[from] Grassy Terrain\n|upkeep\n|turn|5\n|\n|t:|1700150308\n|-end|p1b: Flutter Mane|Protosynthesis|[silent]\n|switch|p1b: Rillaboom|Rillaboom, L50, F|100\/100\n|move|p1a: Farigiraf|Psychic|p2b: Amoonguss\n|-supereffective|p2b: Amoonguss\n|-damage|p2b: Amoonguss|0 fnt\n|faint|p2b: Amoonguss\n|move|p2a: Iron Hands|Heavy Slam|p1b: Rillaboom\n|-damage|p1b: Rillaboom|77\/100\n|\n|-heal|p1b: Rillaboom|83\/100|[from] Grassy Terrain\n|-heal|p1a: Farigiraf|98\/100|[from] Grassy Terrain\n|-heal|p2a: Iron Hands|81\/100|[from] Grassy Terrain\n|-fieldend|move: Grassy Terrain\n|upkeep\n|\n|t:|1700150321\n|switch|p2b: Arcanine|Arcanine-Hisui, L50, F|25\/100\n|-ability|p2b: Arcanine|Intimidate|boost\n|-unboost|p1a: Farigiraf|atk|1\n|-unboost|p1b: Rillaboom|atk|1\n|turn|6\n|\n|t:|1700150342\n|move|p1b: Rillaboom|Fake Out|p2b: Arcanine\n|-resisted|p2b: Arcanine\n|-damage|p2b: Arcanine|19\/100\n|cant|p2b: Arcanine|flinch\n|move|p1a: Farigiraf|Psychic|p2b: Arcanine\n|-damage|p2b: Arcanine|0 fnt\n|faint|p2b: Arcanine\n|move|p2a: Iron Hands|Drain Punch|p1a: Farigiraf\n|-damage|p1a: Farigiraf|71\/100\n|-heal|p2a: Iron Hands|94\/100|[from] drain|[of] p1a: Farigiraf\n|-damage|p2a: Iron Hands|78\/100|[from] item: Rocky Helmet|[of] p1a: Farigiraf\n|\n|upkeep\n|\n|t:|1700150354\n|switch|p2b: Urshifu|Urshifu-Rapid-Strike, L50, M|100\/100\n|turn|7\n|\n|t:|1700150375\n|move|p2b: Urshifu|Surging Strikes|p1a: Farigiraf\n|-crit|p1a: Farigiraf\n|-damage|p1a: Farigiraf|49\/100\n|-damage|p2b: Urshifu|84\/100|[from] item: Rocky Helmet|[of] p1a: Farigiraf\n|-crit|p1a: Farigiraf\n|-damage|p1a: Farigiraf|27\/100\n|-damage|p2b: Urshifu|67\/100|[from] item: Rocky Helmet|[of] p1a: Farigiraf\n|-crit|p1a: Farigiraf\n|-damage|p1a: Farigiraf|3\/100\n|-damage|p2b: Urshifu|51\/100|[from] item: Rocky Helmet|[of] p1a: Farigiraf\n|-hitcount|p1a: Farigiraf|3\n|move|p1b: Rillaboom|U-turn|p2b: Urshifu\n|-resisted|p2b: Urshifu\n|-damage|p2b: Urshifu|41\/100\n|\n|t:|1700150387\n|switch|p1b: Flutter Mane|Flutter Mane, L50, tera:Fairy|16\/100|[from] U-turn\n|move|p1a: Farigiraf|Psychic|p2b: Urshifu\n|-supereffective|p2b: Urshifu\n|-damage|p2b: Urshifu|0 fnt\n|faint|p2b: Urshifu\n|move|p2a: Iron Hands|Drain Punch|p1b: Flutter Mane\n|-resisted|p1b: Flutter Mane\n|-damage|p1b: Flutter Mane|0 fnt\n|-heal|p2a: Iron Hands|83\/100|[from] drain|[of] p1b: Flutter Mane\n|faint|p1b: Flutter Mane\n|-end|p1b: Flutter Mane|Protosynthesis|[silent]\n|\n|upkeep\n|\n|t:|1700150397\n|switch|p1b: Rillaboom|Rillaboom, L50, F|83\/100\n|-fieldstart|move: Grassy Terrain|[from] ability: Grassy Surge|[of] p1b: Rillaboom\n|turn|8\n|-message|werejustnormalmen forfeited.\n|\n|win|Y4kle\n|raw|Y4kle's rating: 1367 &rarr; <strong>1394<\/strong><br \/>(+27 for winning)\n|raw|werejustnormalmen's rating: 1492 &rarr; <strong>1465<\/strong><br \/>(-27 for losing)\n|l|\u2606werejustnormalmen\n","uploadtime":1700150412,"views":11,"p1id":"y4kle","p2id":"werejustnormalmen","formatid":"gen9vgc2023regulatione","rating":1394,"private":0,"password":""}