{"id":"gen9vgc2023regulatione-1996867975","p1":"Gato_can","p2":"Fritler","format":"[Gen 9] VGC 2023 Regulation E","log":"|j|\u2606Gato_can\n|j|\u2606Fritler\n|t:|1700737807\n|gametype|doubles\n|player|p1|Gato_can|102|1437\n|player|p2|Fritler|blackbelt-gen4dp|1388\n|teamsize|p1|6\n|teamsize|p2|6\n|gen|9\n|tier|[Gen 9] VGC 2023 Regulation E\n|rated|\n|rule|Species Clause: Limit one of each Pok\u00e9mon\n|rule|Item Clause: Limit one of each item\n|clearpoke\n|poke|p1|Tornadus, L50, M|\n|poke|p1|Flutter Mane, L50|\n|poke|p1|Ursaluna, L50, F|\n|poke|p1|Iron Hands, L50|\n|poke|p1|Urshifu-*, L50, F|\n|poke|p1|Garganacl, L50, M|\n|poke|p2|Iron Hands, L50|\n|poke|p2|Landorus-Therian, L50, M|\n|poke|p2|Tornadus, L50, M|\n|poke|p2|Flutter Mane, L50|\n|poke|p2|Arcanine, L50, F|\n|poke|p2|Urshifu-*, L50, M|\n|teampreview|4\n|inactive|Battle timer is ON: inactive players will automatically lose when time's up. (requested by Fritler)\n|\n|t:|1700737837\n|start\n|switch|p1a: Tornadus|Tornadus, L50, M|100\/100\n|switch|p1b: Urshifu|Urshifu-Rapid-Strike, L50, F|100\/100\n|switch|p2a: Wind Mage|Tornadus, L50, M|100\/100\n|switch|p2b: Aqua Warrior|Urshifu-Rapid-Strike, L50, M|100\/100\n|turn|1\n|\n|t:|1700737847\n|-terastallize|p2b: Aqua Warrior|Water\n|move|p2a: Wind Mage|Tailwind|p2a: Wind Mage\n|-sidestart|p2: Fritler|move: Tailwind\n|move|p2b: Aqua Warrior|Surging Strikes|p1a: Tornadus\n|-crit|p1a: Tornadus\n|-damage|p1a: Tornadus|68\/100\n|-crit|p1a: Tornadus\n|-damage|p1a: Tornadus|34\/100\n|-enditem|p1a: Tornadus|Sitrus Berry|[eat]\n|-heal|p1a: Tornadus|59\/100|[from] item: Sitrus Berry\n|-crit|p1a: Tornadus\n|-damage|p1a: Tornadus|21\/100\n|-hitcount|p1a: Tornadus|3\n|move|p1a: Tornadus|Bleakwind Storm|p2b: Aqua Warrior|[spread] p2a,p2b\n|-crit|p2a: Wind Mage\n|-damage|p2a: Wind Mage|41\/100\n|-damage|p2b: Aqua Warrior|52\/100\n|move|p1b: Urshifu|Ice Spinner|p2a: Wind Mage\n|-supereffective|p2a: Wind Mage\n|-damage|p2a: Wind Mage|0 fnt\n|faint|p2a: Wind Mage\n|\n|upkeep\n|\n|t:|1700737866\n|switch|p2a: General Shao|Landorus-Therian, L50, M|100\/100\n|-ability|p2a: General Shao|Intimidate|boost\n|-unboost|p1a: Tornadus|atk|1\n|-unboost|p1b: Urshifu|atk|1\n|turn|2\n|\n|t:|1700737873\n|move|p1a: Tornadus|Tailwind|p1a: Tornadus\n|-sidestart|p1: Gato_can|move: Tailwind\n|move|p2a: General Shao|Rock Slide|p1a: Tornadus|[spread] p1a,p1b\n|-supereffective|p1a: Tornadus\n|-resisted|p1b: Urshifu\n|-damage|p1a: Tornadus|0 fnt\n|-damage|p1b: Urshifu|89\/100\n|faint|p1a: Tornadus\n|move|p2b: Aqua Warrior|Close Combat|p1b: Urshifu\n|-damage|p1b: Urshifu|24\/100\n|-unboost|p2b: Aqua Warrior|def|1\n|-unboost|p2b: Aqua Warrior|spd|1\n|cant|p1b: Urshifu|flinch\n|\n|upkeep\n|inactive|Gato_can has 30 seconds left.\n|\n|t:|1700737898\n|switch|p1a: Flutter Mane|Flutter Mane, L50|100\/100\n|-enditem|p1a: Flutter Mane|Booster Energy\n|-activate|p1a: Flutter Mane|ability: Protosynthesis|[fromitem]\n|-start|p1a: Flutter Mane|protosynthesisspa\n|turn|3\n|\n|t:|1700737914\n|switch|p1b: Iron Hands|Iron Hands, L50|100\/100\n|-terastallize|p1a: Flutter Mane|Fairy\n|move|p2b: Aqua Warrior|Aqua Jet|p1a: Flutter Mane\n|-damage|p1a: Flutter Mane|44\/100\n|move|p2a: General Shao|Rock Slide|p1b: Iron Hands|[spread] p1a\n|-miss|p2a: General Shao|p1b: Iron Hands\n|-damage|p1a: Flutter Mane|0 fnt\n|faint|p1a: Flutter Mane\n|-end|p1a: Flutter Mane|Protosynthesis|[silent]\n|\n|upkeep\n|\n|t:|1700737925\n|switch|p1a: Urshifu|Urshifu-Rapid-Strike, L50, F|24\/100\n|turn|4\n|\n|t:|1700737934\n|switch|p2a: Guand Doggirl|Arcanine, L50, F, shiny|100\/100\n|-ability|p2a: Guand Doggirl|Intimidate|boost\n|-unboost|p1a: Urshifu|atk|1\n|-unboost|p1b: Iron Hands|atk|1\n|move|p1b: Iron Hands|Fake Out|p2b: Aqua Warrior\n|-damage|p2b: Aqua Warrior|37\/100\n|cant|p2b: Aqua Warrior|flinch\n|move|p1a: Urshifu|Ice Spinner|p2a: Guand Doggirl\n|-resisted|p2a: Guand Doggirl\n|-damage|p2a: Guand Doggirl|82\/100\n|\n|-sideend|p2: Fritler|move: Tailwind\n|upkeep\n|turn|5\n|\n|t:|1700737948\n|move|p1a: Urshifu|Ice Spinner|p2b: Aqua Warrior\n|-resisted|p2b: Aqua Warrior\n|-damage|p2b: Aqua Warrior|12\/100\n|move|p2b: Aqua Warrior|Close Combat|p1a: Urshifu\n|-damage|p1a: Urshifu|0 fnt\n|-unboost|p2b: Aqua Warrior|def|1\n|-unboost|p2b: Aqua Warrior|spd|1\n|faint|p1a: Urshifu\n|move|p1b: Iron Hands|Drain Punch|p2a: Guand Doggirl\n|-damage|p2a: Guand Doggirl|48\/100\n|-enditem|p2a: Guand Doggirl|Sitrus Berry|[eat]\n|-heal|p2a: Guand Doggirl|73\/100|[from] item: Sitrus Berry\n|move|p2a: Guand Doggirl|Will-O-Wisp|p1b: Iron Hands\n|-status|p1b: Iron Hands|brn\n|\n|-damage|p1b: Iron Hands|94\/100 brn|[from] brn\n|-sideend|p1: Gato_can|move: Tailwind\n|upkeep\n|turn|6\n|c|\u2606Gato_can|gg\n|\n|t:|1700737971\n|switch|p2a: General Shao|Landorus-Therian, L50, M|100\/100\n|-ability|p2a: General Shao|Intimidate|boost\n|-unboost|p1b: Iron Hands|atk|1\n|move|p1b: Iron Hands|Fake Out||[still]\n|-hint|Fake Out only works on your first turn out.\n|-fail|p1b: Iron Hands\n|move|p2b: Aqua Warrior|Surging Strikes|p1b: Iron Hands\n|-crit|p1b: Iron Hands\n|-damage|p1b: Iron Hands|76\/100 brn\n|-crit|p1b: Iron Hands\n|-damage|p1b: Iron Hands|58\/100 brn\n|-crit|p1b: Iron Hands\n|-damage|p1b: Iron Hands|41\/100 brn\n|-hitcount|p1b: Iron Hands|3\n|\n|-damage|p1b: Iron Hands|35\/100 brn|[from] brn\n|upkeep\n|turn|7\n|\n|t:|1700737986\n|switch|p2b: Guand Doggirl|Arcanine, L50, F, shiny|73\/100\n|-ability|p2b: Guand Doggirl|Intimidate|boost\n|-unboost|p1b: Iron Hands|atk|1\n|move|p1b: Iron Hands|Fake Out||[still]\n|-hint|Fake Out only works on your first turn out.\n|-fail|p1b: Iron Hands\n|move|p2a: General Shao|Stomping Tantrum|p1b: Iron Hands\n|-supereffective|p1b: Iron Hands\n|-damage|p1b: Iron Hands|0 fnt\n|faint|p1b: Iron Hands\n|-end|p1b: Iron Hands|Quark Drive|[silent]\n|\n|win|Fritler\n|raw|Gato_can's rating: 1437 &rarr; <strong>1414<\/strong><br \/>(-23 for losing)\n|raw|Fritler's rating: 1388 &rarr; <strong>1411<\/strong><br \/>(+23 for winning)\n|l|\u2606Gato_can\n","uploadtime":1700738000,"views":11,"p1id":"gatocan","p2id":"fritler","formatid":"gen9vgc2023regulatione","rating":1411,"private":0,"password":""}