{"id":"gen9vgc2023regulatione-1991495895","p1":"ilsommo359","p2":"wdytyaia","format":"[Gen 9] VGC 2023 Regulation E","log":"|j|\u2606ilsommo359\n|j|\u2606wdytyaia\n|t:|1700082220\n|gametype|doubles\n|player|p1|ilsommo359|170|1298\n|player|p2|wdytyaia|2|1214\n|teamsize|p1|6\n|teamsize|p2|6\n|gen|9\n|tier|[Gen 9] VGC 2023 Regulation E\n|rated|\n|rule|Species Clause: Limit one of each Pok\u00e9mon\n|rule|Item Clause: Limit one of each item\n|clearpoke\n|poke|p1|Armarouge, L50, M|\n|poke|p1|Indeedee-F, L50, F|\n|poke|p1|Torkoal, L50, M|\n|poke|p1|Gastrodon-East, L50, M|\n|poke|p1|Iron Hands, L50|\n|poke|p1|Mimikyu, L50, F|\n|poke|p2|Chien-Pao, L50|\n|poke|p2|Dragonite, L50, F|\n|poke|p2|Rillaboom, L50, F|\n|poke|p2|Heatran, L50, M|\n|poke|p2|Urshifu-*, L50, F|\n|poke|p2|Farigiraf, L50, F|\n|teampreview|4\nwdytyaia has agreed to open team sheets.\nilsommo359 has agreed to open team sheets.\n|\n|t:|1700082291\n|start\n|switch|p1a: Mimikyu|Mimikyu, L50, F|100\/100\n|switch|p1b: Iron Hands|Iron Hands, L50|100\/100\n|switch|p2a: Chien-Pao|Chien-Pao, L50|100\/100\n|switch|p2b: Dragonite|Dragonite, L50, F|100\/100\n|-ability|p2a: Chien-Pao|Sword of Ruin\n|turn|1\n|\n|t:|1700082313\n|-terastallize|p2a: Chien-Pao|Ghost\n|move|p1b: Iron Hands|Fake Out|p2b: Dragonite\n|-damage|p2b: Dragonite|79\/100\n|move|p2a: Chien-Pao|Icicle Crash|p1b: Iron Hands\n|-damage|p1b: Iron Hands|60\/100\n|move|p2b: Dragonite|Stomping Tantrum|p1b: Iron Hands\n|-supereffective|p1b: Iron Hands\n|-damage|p1b: Iron Hands|0 fnt\n|faint|p1b: Iron Hands\n|-end|p1b: Iron Hands|Quark Drive|[silent]\n|move|p1a: Mimikyu|Trick Room|p1a: Mimikyu\n|-fieldstart|move: Trick Room|[of] p1a: Mimikyu\n|\n|upkeep\n|\n|t:|1700082347\n|switch|p1b: Armarouge|Armarouge, L50, M, shiny|100\/100\n|turn|2\n|\n|t:|1700082365\n|switch|p1a: Indeedee|Indeedee-F, L50, F|100\/100\n|-fieldstart|move: Psychic Terrain|[from] ability: Psychic Surge|[of] p1a: Indeedee\n|-enditem|p1a: Indeedee|Psychic Seed\n|-boost|p1a: Indeedee|spd|1|[from] item: Psychic Seed\n|switch|p2b: Heatran|Heatran, L50, M|100\/100\n|-terastallize|p1b: Armarouge|Fairy\n|move|p1b: Armarouge|Expanding Force|p2a: Chien-Pao|[spread] p2a,p2b\n|-resisted|p2b: Heatran\n|-enditem|p2a: Chien-Pao|Focus Sash\n|-damage|p2a: Chien-Pao|1\/100\n|-damage|p2b: Heatran|74\/100\n|-damage|p1b: Armarouge|91\/100|[from] item: Life Orb\n|move|p2a: Chien-Pao|Icicle Crash|p1a: Indeedee\n|-damage|p1a: Indeedee|42\/100\n|\n|upkeep\n|turn|3\n|\n|t:|1700082396\n|move|p1a: Indeedee|Helping Hand|p1b: Armarouge\n|-singleturn|p1b: Armarouge|Helping Hand|[of] p1a: Indeedee\n|move|p1b: Armarouge|Expanding Force|p2a: Chien-Pao|[spread] p2a,p2b\n|-resisted|p2b: Heatran\n|-damage|p2a: Chien-Pao|0 fnt\n|-damage|p2b: Heatran|35\/100\n|faint|p2a: Chien-Pao\n|-damage|p1b: Armarouge|81\/100|[from] item: Life Orb\n|move|p2b: Heatran|Flash Cannon|p1a: Indeedee\n|-damage|p1a: Indeedee|12\/100\n|\n|upkeep\n|\n|t:|1700082404\n|switch|p2a: Rillaboom|Rillaboom, L50, F|100\/100\n|-fieldstart|move: Grassy Terrain|[from] ability: Grassy Surge|[of] p2a: Rillaboom\n|turn|4\n|\n|t:|1700082429\n|move|p1a: Indeedee|Helping Hand|p1b: Armarouge\n|-singleturn|p1b: Armarouge|Helping Hand|[of] p1a: Indeedee\n|move|p2a: Rillaboom|Fake Out|p1b: Armarouge\n|-damage|p1b: Armarouge|68\/100\n|cant|p1b: Armarouge|flinch\n|move|p2b: Heatran|Flash Cannon|p1b: Armarouge\n|-supereffective|p1b: Armarouge\n|-damage|p1b: Armarouge|0 fnt\n|faint|p1b: Armarouge\n|\n|-heal|p1a: Indeedee|18\/100|[from] Grassy Terrain\n|-heal|p2b: Heatran|42\/100|[from] Grassy Terrain\n|upkeep\n|\n|t:|1700082437\n|switch|p1b: Mimikyu|Mimikyu, L50, F|100\/100\n|turn|5\n|\n|t:|1700082452\n|move|p1a: Indeedee|Helping Hand|p1b: Mimikyu\n|-singleturn|p1b: Mimikyu|Helping Hand|[of] p1a: Indeedee\n|move|p2a: Rillaboom|Grassy Glide|p1a: Indeedee\n|-damage|p1a: Indeedee|0 fnt\n|faint|p1a: Indeedee\n|move|p1b: Mimikyu|Play Rough|p2b: Heatran\n|-resisted|p2b: Heatran\n|-damage|p2b: Heatran|30\/100\n|move|p2b: Heatran|Flash Cannon|p1b: Mimikyu\n|-activate|p1b: Mimikyu|ability: Disguise\n|-damage|p1b: Mimikyu|100\/100\n|detailschange|p1b: Mimikyu|Mimikyu-Busted, L50, F\n|-damage|p1b: Mimikyu|88\/100|[from] pokemon: Mimikyu-Busted\n|\n|-heal|p1b: Mimikyu|94\/100|[from] Grassy Terrain\n|-heal|p2b: Heatran|36\/100|[from] Grassy Terrain\n|-fieldend|move: Trick Room\n|upkeep\n|turn|6\n|\n|t:|1700082467\n|move|p2b: Heatran|Flash Cannon|p1b: Mimikyu\n|-supereffective|p1b: Mimikyu\n|-damage|p1b: Mimikyu|0 fnt\n|faint|p1b: Mimikyu\n|\n|win|wdytyaia\n|raw|ilsommo359's rating: 1298 &rarr; <strong>1267<\/strong><br \/>(-31 for losing)\n|raw|wdytyaia's rating: 1214 &rarr; <strong>1245<\/strong><br \/>(+31 for winning)\n|l|\u2606ilsommo359\n","uploadtime":1700082496,"views":8,"p1id":"ilsommo359","p2id":"wdytyaia","formatid":"gen9vgc2023regulatione","rating":1245,"private":0,"password":""}