{"id":"gen9vgc2023regulatione-1999287610","p1":"Mazovin","p2":"Yoshi020114!","format":"[Gen 9] VGC 2023 Regulation E","log":"|j|\u2606Mazovin\n|j|\u2606Yoshi020114!\n|t:|1701055383\n|gametype|doubles\n|player|p1|Mazovin|lance|1130\n|player|p2|Yoshi020114!|blue|1163\n|teamsize|p1|6\n|teamsize|p2|6\n|gen|9\n|tier|[Gen 9] VGC 2023 Regulation E\n|rated|\n|rule|Species Clause: Limit one of each Pok\u00e9mon\n|rule|Item Clause: Limit one of each item\n|clearpoke\n|poke|p1|Flutter Mane, L50|\n|poke|p1|Tornadus, L50, M|\n|poke|p1|Rillaboom, L50, F|\n|poke|p1|Garganacl, L50, F|\n|poke|p1|Arcanine-Hisui, L50, M|\n|poke|p1|Chien-Pao, L50|\n|poke|p2|Maushold-Four, L50|\n|poke|p2|Tornadus, L50, M|\n|poke|p2|Sableye, L50, M|\n|poke|p2|Urshifu-*, L50, F|\n|poke|p2|Ursaluna-Bloodmoon, L50, M|\n|poke|p2|Flutter Mane, L50|\n|teampreview|4\n|\n|t:|1701055409\n|start\n|switch|p1a: Tornadus|Tornadus, L50, M|100\/100\n|switch|p1b: Garganacl|Garganacl, L50, F|100\/100\n|switch|p2a: Urshifu|Urshifu-Rapid-Strike, L50, F|100\/100\n|switch|p2b: Tornadus|Tornadus, L50, M|100\/100\n|turn|1\n|\n|t:|1701055421\n|-terastallize|p1b: Garganacl|Ghost\n|move|p2a: Urshifu|Detect|p2a: Urshifu\n|-singleturn|p2a: Urshifu|Protect\n|move|p2b: Tornadus|Rain Dance|p2b: Tornadus\n|-weather|RainDance\n|move|p1a: Tornadus|Bleakwind Storm|p2b: Tornadus|[spread] p2b\n|-activate|p2a: Urshifu|move: Protect\n|-damage|p2b: Tornadus|77\/100\n|move|p1b: Garganacl|Salt Cure|p2a: Urshifu\n|-activate|p2a: Urshifu|move: Protect\n|\n|-weather|RainDance|[upkeep]\n|upkeep\n|turn|2\n|\n|t:|1701055455\n|move|p2b: Tornadus|Tailwind|p2b: Tornadus\n|-sidestart|p2: Yoshi020114!|move: Tailwind\n|move|p2a: Urshifu|Surging Strikes|p1a: Tornadus\n|-crit|p1a: Tornadus\n|-damage|p1a: Tornadus|59\/100\n|-damage|p2a: Urshifu|84\/100|[from] item: Rocky Helmet|[of] p1a: Tornadus\n|-crit|p1a: Tornadus\n|-damage|p1a: Tornadus|15\/100\n|-damage|p2a: Urshifu|67\/100|[from] item: Rocky Helmet|[of] p1a: Tornadus\n|-crit|p1a: Tornadus\n|-damage|p1a: Tornadus|0 fnt\n|-damage|p2a: Urshifu|51\/100|[from] item: Rocky Helmet|[of] p1a: Tornadus\n|faint|p1a: Tornadus\n|-hitcount|p1: Tornadus|3\n|move|p1b: Garganacl|Salt Cure|p2a: Urshifu\n|-resisted|p2a: Urshifu\n|-damage|p2a: Urshifu|44\/100\n|-start|p2a: Urshifu|Salt Cure\n|\n|-weather|RainDance|[upkeep]\n|-damage|p2a: Urshifu|19\/100|[from] Salt Cure\n|upkeep\n|\n|t:|1701055466\n|switch|p1a: Rillaboom|Rillaboom, L50, F|100\/100\n|-fieldstart|move: Grassy Terrain|[from] ability: Grassy Surge|[of] p1a: Rillaboom\n|turn|3\n|\n|t:|1701055473\n|move|p1a: Rillaboom|Fake Out|p2b: Tornadus\n|-damage|p2b: Tornadus|59\/100\n|move|p2a: Urshifu|Surging Strikes|p1b: Garganacl\n|-crit|p1b: Garganacl\n|-damage|p1b: Garganacl|78\/100\n|-crit|p1b: Garganacl\n|-damage|p1b: Garganacl|56\/100\n|-crit|p1b: Garganacl\n|-damage|p1b: Garganacl|36\/100\n|-enditem|p1b: Garganacl|Sitrus Berry|[eat]\n|-heal|p1b: Garganacl|60\/100|[from] item: Sitrus Berry\n|-hitcount|p1b: Garganacl|3\n|move|p2b: Tornadus|Bleakwind Storm|p1a: Rillaboom|[spread] p1a,p1b\n|-supereffective|p1a: Rillaboom\n|-damage|p1a: Rillaboom|56\/100\n|-damage|p1b: Garganacl|40\/100\n|-unboost|p1a: Rillaboom|spe|1\n|move|p1b: Garganacl|Salt Cure|p2a: Urshifu\n|-resisted|p2a: Urshifu\n|-damage|p2a: Urshifu|12\/100\n|\n|-weather|RainDance|[upkeep]\n|-heal|p2a: Urshifu|18\/100|[from] Grassy Terrain\n|-heal|p1a: Rillaboom|62\/100|[from] Grassy Terrain\n|-heal|p1b: Garganacl|46\/100|[from] Grassy Terrain\n|-damage|p2a: Urshifu|0 fnt|[from] Salt Cure\n|faint|p2a: Urshifu\n|upkeep\n|\n|t:|1701055493\n|switch|p2a: Maushold|Maushold-Four, L50|100\/100\n|turn|4\n|\n|t:|1701055513\n|move|p2a: Maushold|Switcheroo|p1b: Garganacl\n|-activate|p2a: Maushold|move: Trick|[of] p1b: Garganacl\n|-item|p1b: Garganacl|Choice Band|[from] move: Switcheroo\n|-enditem|p2a: Maushold|Choice Band|[silent]|[from] move: Switcheroo\n|move|p2b: Tornadus|Bleakwind Storm|p1b: Garganacl|[spread] p1a,p1b\n|-supereffective|p1a: Rillaboom\n|-damage|p1a: Rillaboom|15\/100\n|-damage|p1b: Garganacl|25\/100\n|move|p1a: Rillaboom|Drain Punch|p2a: Maushold\n|-supereffective|p2a: Maushold\n|-damage|p2a: Maushold|7\/100\n|-heal|p1a: Rillaboom|49\/100|[from] drain|[of] p2a: Maushold\n|move|p1b: Garganacl|Salt Cure|p2b: Tornadus\n|-supereffective|p2b: Tornadus\n|-damage|p2b: Tornadus|3\/100\n|\n|-weather|RainDance|[upkeep]\n|-heal|p2a: Maushold|13\/100|[from] Grassy Terrain\n|-heal|p1a: Rillaboom|55\/100|[from] Grassy Terrain\n|-heal|p1b: Garganacl|31\/100|[from] Grassy Terrain\n|upkeep\n|turn|5\n|\n|t:|1701055532\n|move|p2b: Tornadus|Protect|p2b: Tornadus\n|-singleturn|p2b: Tornadus|Protect\n|move|p1a: Rillaboom|Grassy Glide|p2b: Tornadus\n|-activate|p2b: Tornadus|move: Protect\n|move|p2a: Maushold|Population Bomb|p1a: Rillaboom\n|-damage|p1a: Rillaboom|44\/100\n|-damage|p1a: Rillaboom|33\/100\n|-damage|p1a: Rillaboom|22\/100\n|-damage|p1a: Rillaboom|12\/100\n|-hitcount|p1a: Rillaboom|4\n|move|p1b: Garganacl|Salt Cure|p2a: Maushold\n|-damage|p2a: Maushold|0 fnt\n|faint|p2a: Maushold\n|\n|-weather|none\n|-heal|p1a: Rillaboom|18\/100|[from] Grassy Terrain\n|-heal|p1b: Garganacl|37\/100|[from] Grassy Terrain\n|-sideend|p2: Yoshi020114!|move: Tailwind\n|upkeep\n|\n|t:|1701055548\n|switch|p2a: Ursaluna|Ursaluna-Bloodmoon, L50, M|100\/100\n|turn|6\n|\n|t:|1701055570\n|switch|p1a: Flutter Mane|Flutter Mane, L50|100\/100\n|-enditem|p1a: Flutter Mane|Booster Energy\n|-activate|p1a: Flutter Mane|ability: Protosynthesis|[fromitem]\n|-start|p1a: Flutter Mane|protosynthesisspe\n|move|p2b: Tornadus|Tailwind|p2b: Tornadus\n|-sidestart|p2: Yoshi020114!|move: Tailwind\n|move|p2a: Ursaluna|Blood Moon|p1a: Flutter Mane\n|-damage|p1a: Flutter Mane|7\/100\n|move|p1b: Garganacl|Salt Cure|p2b: Tornadus\n|-supereffective|p2b: Tornadus\n|-damage|p2b: Tornadus|0 fnt\n|faint|p2b: Tornadus\n|\n|-heal|p1a: Flutter Mane|14\/100|[from] Grassy Terrain\n|-heal|p1b: Garganacl|43\/100|[from] Grassy Terrain\n|upkeep\n|turn|7\n|\n|t:|1701055587\n|move|p1a: Flutter Mane|Protect|p1a: Flutter Mane\n|-singleturn|p1a: Flutter Mane|Protect\n|move|p2a: Ursaluna|Vacuum Wave|p1a: Flutter Mane\n|-activate|p1a: Flutter Mane|move: Protect\n|move|p1b: Garganacl|Salt Cure|p2a: Ursaluna\n|-resisted|p2a: Ursaluna\n|-damage|p2a: Ursaluna|94\/100\n|-start|p2a: Ursaluna|Salt Cure\n|\n|-heal|p1a: Flutter Mane|20\/100|[from] Grassy Terrain\n|-heal|p2a: Ursaluna|99\/100|[from] Grassy Terrain\n|-heal|p1b: Garganacl|48\/100|[from] Grassy Terrain\n|-damage|p2a: Ursaluna|87\/100|[from] Salt Cure\n|-fieldend|move: Grassy Terrain\n|upkeep\n|turn|8\n|-message|Yoshi020114! forfeited.\n|\n|win|Mazovin\n|raw|Mazovin's rating: 1130 &rarr; <strong>1157<\/strong><br \/>(+27 for winning)\n|raw|Yoshi020114!'s rating: 1163 &rarr; <strong>1136<\/strong><br \/>(-27 for losing)\n|l|\u2606Yoshi020114!\n","uploadtime":1701055606,"views":3,"p1id":"mazovin","p2id":"yoshi020114","formatid":"gen9vgc2023regulatione","rating":1136,"private":0,"password":""}