{"id":"gen9vgc2023regulatione-1996952298","p1":"Zordor","p2":"nomis1","format":"[Gen 9] VGC 2023 Regulation E","log":"|j|\u2606Zordor\n|j|\u2606nomis1\n|t:|1700748913\n|gametype|doubles\n|player|p1|Zordor|pilot|\n|player|p2|nomis1|nate|\n|teamsize|p1|6\n|teamsize|p2|6\n|gen|9\n|tier|[Gen 9] VGC 2023 Regulation E\n|rated|Tournament battle\n|rule|Species Clause: Limit one of each Pok\u00e9mon\n|rule|Item Clause: Limit one of each item\n|clearpoke\n|poke|p1|Ogerpon-Wellspring, L50, F|\n|poke|p1|Scizor, L50, M|\n|poke|p1|Flutter Mane, L50|\n|poke|p1|Arcanine, L50, M|\n|poke|p1|Dragonite, L50, F|\n|poke|p1|Zapdos, L50|\n|poke|p2|Dondozo, L50, F|\n|poke|p2|Tatsugiri, L50, F|\n|poke|p2|Glimmora, L50, M|\n|poke|p2|Ogerpon-Hearthflame, L50, F|\n|poke|p2|Roaring Moon, L50|\n|poke|p2|Ninetales-Alola, L50, M|\n|teampreview|4\n|showteam|p1|Ogerpon-Wellspring||WellspringMask|WaterAbsorb|IvyCudgel,HornLeech,PlayRough,SpikyShield|||F|||50|,,,,,Water]Scizor||AssaultVest|Technician|Lunge,DualWingbeat,KnockOff,BulletPunch|||M|||50|,,,,,Dragon]Flutter Mane||BoosterEnergy|Protosynthesis|Moonblast,ShadowBall,DazzlingGleam,Protect||||||50|,,,,,Fairy]Arcanine||SitrusBerry|Intimidate|FlareBlitz,Snarl,Bulldoze,WillOWisp|||M|||50|,,,,,Grass]Dragonite||Leftovers|InnerFocus|DragonClaw,Waterfall,ExtremeSpeed,Protect|||F|||50|,,,,,Normal]Zapdos||CovertCloak|Static|Thunderbolt,Hurricane,Roost,Tailwind||||||50|,,,,,Fairy\n|showteam|p2|Dondozo||Leftovers|Oblivious|OrderUp,WaveCrash,Protect,Substitute|||F|||50|,,,,,Dragon]Tatsugiri||ChoiceScarf|Commander|DracoMeteor,MuddyWater,IcyWind,HelpingHand|||F|||50|,,,,,Steel]Glimmora||FocusSash|ToxicDebris|MortalSpin,EarthPower,SludgeBomb,SpikyShield|||M|||50|,,,,,Water]Ogerpon-Hearthflame||HearthflameMask|MoldBreaker|IvyCudgel,WoodHammer,SpikyShield,SwordsDance|||F|||50|,,,,,Fire]Roaring Moon||BoosterEnergy|Protosynthesis|KnockOff,Acrobatics,Protect,BreakingSwipe||||||50|,,,,,Flying]Ninetales-Alola||CovertCloak|SnowWarning|AuroraVeil,Moonblast,Blizzard,Protect|||M|||50|,,,,,Water\n|inactive|Battle timer is ON: inactive players will automatically lose when time's up. (requested by nomis1)\n|inactive|Zordor has 60 seconds left.\n|j| DarthGlacies\n|\n|t:|1700748967\n|start\n|switch|p1a: Flutter Mane|Flutter Mane, L50|100\/100\n|switch|p1b: Scizor|Scizor, L50, M|100\/100\n|switch|p2a: Ninetales|Ninetales-Alola, L50, M|100\/100\n|switch|p2b: Ogerpon|Ogerpon-Hearthflame, L50, F|100\/100\n|-ability|p2b: Ogerpon|Mold Breaker\n|-weather|Snow|[from] ability: Snow Warning|[of] p2a: Ninetales\n|-enditem|p1a: Flutter Mane|Booster Energy\n|-activate|p1a: Flutter Mane|ability: Protosynthesis|[fromitem]\n|-start|p1a: Flutter Mane|protosynthesisspe\n|turn|1\n|inactive|Zordor has 30 seconds left.\n|inactive|nomis1 has 30 seconds left.\n|inactive|Zordor has 20 seconds left.\n|inactive|nomis1 has 20 seconds left.\n|inactive|Zordor has 15 seconds left.\n|inactive|nomis1 has 15 seconds left.\n|inactive|Zordor has 10 seconds left.\n|inactive|nomis1 has 10 seconds left.\n|\n|t:|1700749016\n|-terastallize|p2a: Ninetales|Water\n|-terastallize|p1b: Scizor|Dragon\n|move|p1b: Scizor|Bullet Punch|p2a: Ninetales\n|-resisted|p2a: Ninetales\n|-damage|p2a: Ninetales|78\/100\n|move|p1a: Flutter Mane|Shadow Ball|p2b: Ogerpon\n|-damage|p2b: Ogerpon|59\/100\n|move|p2b: Ogerpon|Ivy Cudgel|p1a: Flutter Mane|[anim] Ivy Cudgel Fire\n|-damage|p1a: Flutter Mane|20\/100\n|move|p2a: Ninetales|Aurora Veil|p2a: Ninetales\n|-sidestart|p2: nomis1|move: Aurora Veil\n|\n|-weather|Snow|[upkeep]\n|upkeep\n|turn|2\n|inactive|nomis1 has 30 seconds left.\n|\n|t:|1700749041\n|move|p1a: Flutter Mane|Moonblast|p2a: Ninetales\n|-damage|p2a: Ninetales|43\/100\n|move|p2b: Ogerpon|Ivy Cudgel|p1b: Scizor|[anim] Ivy Cudgel Fire\n|-resisted|p1b: Scizor\n|-damage|p1b: Scizor|75\/100\n|move|p2a: Ninetales|Blizzard|p1a: Flutter Mane|[spread] p1a,p1b\n|-supereffective|p1b: Scizor\n|-damage|p1a: Flutter Mane|0 fnt\n|-damage|p1b: Scizor|21\/100\n|faint|p1a: Flutter Mane\n|-end|p1a: Flutter Mane|Protosynthesis|[silent]\n|move|p1b: Scizor|Dual Wingbeat|p2b: Ogerpon\n|-supereffective|p2b: Ogerpon\n|-damage|p2b: Ogerpon|20\/100\n|-supereffective|p2b: Ogerpon\n|-damage|p2b: Ogerpon|0 fnt\n|faint|p2b: Ogerpon\n|-hitcount|p2: Ogerpon|2\n|\n|-weather|Snow|[upkeep]\n|upkeep\n|\n|t:|1700749060\n|switch|p1a: Ogerpon|Ogerpon-Wellspring, L50, F|100\/100\n|switch|p2b: Dondozo|Dondozo, L50, F|100\/100\n|turn|3\n|inactive|nomis1 has 30 seconds left.\n|\n|t:|1700749094\n|move|p2a: Ninetales|Blizzard|p1a: Ogerpon|[spread] p1a,p1b\n|-supereffective|p1b: Scizor\n|-damage|p1a: Ogerpon|68\/100\n|-damage|p1b: Scizor|0 fnt\n|faint|p1b: Scizor\n|move|p1a: Ogerpon|Horn Leech|p2a: Ninetales\n|-supereffective|p2a: Ninetales\n|-damage|p2a: Ninetales|0 fnt\n|-heal|p1a: Ogerpon|86\/100|[from] drain|[of] p2a: Ninetales\n|faint|p2a: Ninetales\n|move|p2b: Dondozo|Order Up|p1a: Ogerpon\n|-damage|p1a: Ogerpon|58\/100\n|\n|-weather|Snow|[upkeep]\n|upkeep\n|\n|t:|1700749107\n|switch|p2a: Tatsugiri|Tatsugiri, L50, F|100\/100\n|switch|p1b: Zapdos|Zapdos, L50|100\/100\n|-activate|p2a: Tatsugiri|ability: Commander|[of] p2b: Dondozo\n|-boost|p2b: Dondozo|atk|2\n|-boost|p2b: Dondozo|spa|2\n|-boost|p2b: Dondozo|spe|2\n|-boost|p2b: Dondozo|def|2\n|-boost|p2b: Dondozo|spd|2\n|turn|4\n|inactive|nomis1 has 30 seconds left.\n|\n|t:|1700749140\n|move|p1a: Ogerpon|Spiky Shield|p1a: Ogerpon\n|-singleturn|p1a: Ogerpon|move: Protect\n|move|p2b: Dondozo|Wave Crash|p1b: Zapdos\n|-damage|p1b: Zapdos|9\/100\n|-status|p2b: Dondozo|par|[from] ability: Static|[of] p1b: Zapdos\n|-damage|p2b: Dondozo|77\/100 par|[from] Recoil\n|move|p1b: Zapdos|Tailwind|p1b: Zapdos\n|-sidestart|p1: Zordor|move: Tailwind\n|\n|-weather|Snow|[upkeep]\n|-heal|p2b: Dondozo|83\/100 par|[from] item: Leftovers\n|upkeep\n|turn|5\n|\n|t:|1700749161\n|move|p1a: Ogerpon|Horn Leech|p2b: Dondozo\n|-supereffective|p2b: Dondozo\n|-damage|p2b: Dondozo|63\/100 par\n|-heal|p1a: Ogerpon|72\/100|[from] drain|[of] p2b: Dondozo\n|move|p1b: Zapdos|Roost|p1b: Zapdos\n|-heal|p1b: Zapdos|59\/100\n|-singleturn|p1b: Zapdos|move: Roost\n|move|p2b: Dondozo|Order Up|p1a: Ogerpon\n|-damage|p1a: Ogerpon|16\/100\n|-boost|p2b: Dondozo|atk|1\n|\n|-weather|none\n|-heal|p2b: Dondozo|69\/100 par|[from] item: Leftovers\n|-sideend|p2: nomis1|move: Aurora Veil\n|upkeep\n|turn|6\n|inactive|Zordor has 30 seconds left.\n|inactive|nomis1 has 30 seconds left.\n|inactive|nomis1 has 20 seconds left.\n|inactive|nomis1 has 15 seconds left.\n|\n|t:|1700749205\n|move|p1a: Ogerpon|Spiky Shield|p1a: Ogerpon\n|-singleturn|p1a: Ogerpon|move: Protect\n|move|p1b: Zapdos|Roost|p1b: Zapdos\n|-heal|p1b: Zapdos|100\/100\n|-singleturn|p1b: Zapdos|move: Roost\n|move|p2b: Dondozo|Wave Crash|p1b: Zapdos\n|-damage|p1b: Zapdos|0 fnt\n|faint|p1b: Zapdos\n|-damage|p2b: Dondozo|43\/100 par|[from] Recoil\n|\n|-heal|p2b: Dondozo|49\/100 par|[from] item: Leftovers\n|upkeep\n|turn|7\n|\n|t:|1700749218\n|move|p1a: Ogerpon|Horn Leech|p2b: Dondozo\n|-supereffective|p2b: Dondozo\n|-damage|p2b: Dondozo|16\/100 par\n|-heal|p1a: Ogerpon|40\/100|[from] drain|[of] p2b: Dondozo\n|cant|p2b: Dondozo|par\n|\n|-heal|p2b: Dondozo|22\/100 par|[from] item: Leftovers\n|-sideend|p1: Zordor|move: Tailwind\n|upkeep\n|turn|8\n|\n|t:|1700749229\n|move|p1a: Ogerpon|Horn Leech|p2b: Dondozo\n|-supereffective|p2b: Dondozo\n|-damage|p2b: Dondozo|0 fnt\n|-heal|p1a: Ogerpon|55\/100|[from] drain|[of] p2b: Dondozo\n|faint|p2b: Dondozo\n|\n|upkeep\n|turn|9\n|\n|t:|1700749245\n|move|p2a: Tatsugiri|Draco Meteor|p1a: Ogerpon\n|-damage|p1a: Ogerpon|0 fnt\n|-unboost|p2a: Tatsugiri|spa|2\n|faint|p1a: Ogerpon\n|\n|win|nomis1\n|n|\u2606Zordor|zordor\n|n|\u2606nomis1|nomis1\n|n| DarthGlacies|darthglacies\n|l|\u2606Zordor\n|c|\u2606nomis1|gg\n","uploadtime":1700749254,"views":3,"p1id":"zordor","p2id":"nomis1","formatid":"gen9vgc2023regulatione","rating":0,"private":0,"password":""}