{"id":"gen9vgc2023regulatione-1989417206","p1":"Edgo2834","p2":"SlopMcFlopsters","format":"[Gen 9] VGC 2023 Regulation E","log":"|j|\u2606Edgo2834\n|j|\u2606SlopMcFlopsters\n|t:|1699847554\n|gametype|doubles\n|player|p1|Edgo2834|lance|1533\n|player|p2|SlopMcFlopsters|li|1477\n|teamsize|p1|6\n|teamsize|p2|6\n|gen|9\n|tier|[Gen 9] VGC 2023 Regulation E\n|rated|\n|rule|Species Clause: Limit one of each Pok\u00e9mon\n|rule|Item Clause: Limit one of each item\n|clearpoke\n|poke|p1|Tornadus, L50, M|\n|poke|p1|Urshifu-*, L50, M|\n|poke|p1|Chi-Yu, L50|\n|poke|p1|Flutter Mane, L50|\n|poke|p1|Amoonguss, L50, M|\n|poke|p1|Iron Hands, L50|\n|poke|p2|Tornadus, L50, M|\n|poke|p2|Urshifu-*, L50, M|\n|poke|p2|Iron Hands, L50|\n|poke|p2|Farigiraf, L50, M|\n|poke|p2|Chien-Pao, L50|\n|poke|p2|Decidueye-Hisui, L50, F|\n|teampreview|4\n|inactive|Battle timer is ON: inactive players will automatically lose when time's up. (requested by SlopMcFlopsters)\n|inactive|Edgo2834 has 60 seconds left.\n|\n|t:|1699847590\n|start\n|switch|p1a: Tornadus|Tornadus, L50, M|100\/100\n|switch|p1b: Flutter Mane|Flutter Mane, L50|100\/100\n|switch|p2a: Tornadus|Tornadus, L50, M|100\/100\n|switch|p2b: Urshifu|Urshifu-Rapid-Strike, L50, M|100\/100\n|turn|1\n|\n|t:|1699847606\n|-terastallize|p1b: Flutter Mane|Fairy\n|-terastallize|p2b: Urshifu|Water\n|move|p2a: Tornadus|Tailwind|p2a: Tornadus\n|-sidestart|p2: SlopMcFlopsters|move: Tailwind\n|move|p1a: Tornadus|Sunny Day|p1a: Tornadus\n|-weather|SunnyDay\n|-activate|p1b: Flutter Mane|ability: Protosynthesis\n|-start|p1b: Flutter Mane|protosynthesisspa\n|move|p2b: Urshifu|Surging Strikes|p1b: Flutter Mane\n|-crit|p1b: Flutter Mane\n|-damage|p1b: Flutter Mane|77\/100\n|-crit|p1b: Flutter Mane\n|-damage|p1b: Flutter Mane|50\/100\n|-crit|p1b: Flutter Mane\n|-damage|p1b: Flutter Mane|24\/100\n|-hitcount|p1b: Flutter Mane|3\n|move|p1b: Flutter Mane|Dazzling Gleam|p2a: Tornadus|[spread] p2a,p2b\n|-damage|p2a: Tornadus|16\/100\n|-damage|p2b: Urshifu|0 fnt\n|faint|p2b: Urshifu\n|\n|-weather|SunnyDay|[upkeep]\n|upkeep\n|\n|t:|1699847623\n|switch|p2b: Iron Hands|Iron Hands, L50|100\/100\n|turn|2\n|inactive|Edgo2834 has 30 seconds left.\n|inactive|Edgo2834 has 20 seconds left.\n|inactive|Edgo2834 has 15 seconds left.\n|\n|t:|1699847665\n|-end|p1b: Flutter Mane|Protosynthesis|[silent]\n|switch|p1b: Iron Hands|Iron Hands, L50|100\/100\n|move|p2b: Iron Hands|Fake Out|p1a: Tornadus\n|-damage|p1a: Tornadus|85\/100\n|cant|p1a: Tornadus|flinch\n|move|p2a: Tornadus|Bleakwind Storm|p1b: Iron Hands|[spread] p1a,p1b\n|-damage|p1a: Tornadus|51\/100\n|-damage|p1b: Iron Hands|84\/100\n|-unboost|p1b: Iron Hands|spe|1\n|\n|-weather|SunnyDay|[upkeep]\n|upkeep\n|turn|3\n|\n|t:|1699847688\n|move|p1b: Iron Hands|Fake Out|p2b: Iron Hands\n|-damage|p2b: Iron Hands|91\/100\n|move|p1a: Tornadus|Tailwind|p1a: Tornadus\n|-sidestart|p1: Edgo2834|move: Tailwind\n|move|p2a: Tornadus|Bleakwind Storm|p1b: Iron Hands|[spread] p1a,p1b\n|-crit|p1b: Iron Hands\n|-damage|p1a: Tornadus|12\/100\n|-damage|p1b: Iron Hands|59\/100\n|cant|p2b: Iron Hands|flinch\n|\n|-weather|SunnyDay|[upkeep]\n|upkeep\n|turn|4\n|\n|t:|1699847704\n|move|p1a: Tornadus|Rain Dance|p1a: Tornadus\n|-weather|RainDance\n|move|p2a: Tornadus|Bleakwind Storm|p1a: Tornadus|[spread] p1a,p1b\n|-damage|p1a: Tornadus|0 fnt\n|-damage|p1b: Iron Hands|44\/100\n|faint|p1a: Tornadus\n|move|p1b: Iron Hands|Wild Charge|p2a: Tornadus\n|-supereffective|p2a: Tornadus\n|-damage|p2a: Tornadus|0 fnt\n|-damage|p1b: Iron Hands|27\/100|[from] item: Rocky Helmet|[of] p2a: Tornadus\n|faint|p2a: Tornadus\n|-damage|p1b: Iron Hands|24\/100|[from] Recoil\n|move|p2b: Iron Hands|Drain Punch|p1b: Iron Hands\n|-damage|p1b: Iron Hands|0 fnt\n|-heal|p2b: Iron Hands|100\/100|[from] drain|[of] p1b: Iron Hands\n|faint|p1b: Iron Hands\n|-end|p1b: Iron Hands|Quark Drive|[silent]\n|\n|-weather|RainDance|[upkeep]\n|-sideend|p2: SlopMcFlopsters|move: Tailwind\n|upkeep\n|\n|t:|1699847724\n|switch|p2a: Chien-Pao|Chien-Pao, L50|100\/100\n|switch|p1a: Flutter Mane|Flutter Mane, L50, tera:Fairy|24\/100\n|switch|p1b: Urshifu|Urshifu-Rapid-Strike, L50, M|100\/100\n|-ability|p2a: Chien-Pao|Sword of Ruin\n|turn|5\n|\n|t:|1699847736\n|move|p2a: Chien-Pao|Sucker Punch|p1a: Flutter Mane\n|-resisted|p1a: Flutter Mane\n|-damage|p1a: Flutter Mane|0 fnt\n|faint|p1a: Flutter Mane\n|-end|p1a: Flutter Mane|Protosynthesis|[silent]\n|move|p1b: Urshifu|Surging Strikes|p2b: Iron Hands\n|-crit|p2b: Iron Hands\n|-damage|p2b: Iron Hands|72\/100\n|-crit|p2b: Iron Hands\n|-damage|p2b: Iron Hands|44\/100\n|-crit|p2b: Iron Hands\n|-damage|p2b: Iron Hands|17\/100\n|-hitcount|p2b: Iron Hands|3\n|move|p2b: Iron Hands|Wild Charge|p1b: Urshifu\n|-supereffective|p1b: Urshifu\n|-damage|p1b: Urshifu|0 fnt\n|faint|p1b: Urshifu\n|-damage|p2b: Iron Hands|0 fnt|[from] Recoil\n|faint|p2b: Iron Hands\n|-end|p2b: Iron Hands|Quark Drive|[silent]\n|\n|win|SlopMcFlopsters\n|raw|Edgo2834's rating: 1533 &rarr; <strong>1510<\/strong><br \/>(-23 for losing)\n|raw|SlopMcFlopsters's rating: 1477 &rarr; <strong>1500<\/strong><br \/>(+23 for winning)\n|l|\u2606Edgo2834\n","uploadtime":1699847757,"views":8,"p1id":"edgo2834","p2id":"slopmcflopsters","formatid":"gen9vgc2023regulatione","rating":1500,"private":0,"password":""}