{"id":"gen9vgc2023regulatione-1993247936","p1":"PorigonG","p2":"Leetextreme","format":"[Gen 9] VGC 2023 Regulation E","log":"|j|\u2606PorigonG\n|j|\u2606Leetextreme\n|n|\u2606PorigonG|porigong\n|n|\u2606Leetextreme|leetextreme\n|html|View the match progress at <a href=\"\/game-bestof3-gen9vgc2023regulatione-1993247935\">game-bestof3-gen9vgc2023regulatione-1993247935<\/a>\n|t:|1700283876\n|gametype|doubles\n|player|p1|PorigonG|red|\n|player|p2|Leetextreme|scientist|\n|teamsize|p1|6\n|teamsize|p2|6\n|gen|9\n|tier|[Gen 9] VGC 2023 Regulation E\n|rule|Species Clause: Limit one of each Pok\u00e9mon\n|rule|Item Clause: Limit one of each item\n|clearpoke\n|poke|p1|Grimmsnarl, L50, M|\n|poke|p1|Pelipper, L50, F|\n|poke|p1|Gholdengo, L50|\n|poke|p1|Baxcalibur, L50, M|\n|poke|p1|Basculegion, L50, M|\n|poke|p1|Sandy Shocks, L50|\n|poke|p2|Heatran, L50, F|\n|poke|p2|Scream Tail, L50|\n|poke|p2|Farigiraf, L50, M|\n|poke|p2|Ogerpon-Wellspring, L50, F|\n|poke|p2|Ursaluna, L50, M|\n|poke|p2|Dragonite, L50, F|\n|teampreview|4\nPorigonG has agreed to open team sheets.\nLeetextreme has agreed to open team sheets.\n|showteam|p1|Grimmsnarl||LightClay|Prankster|ThunderWave,Reflect,LightScreen,SpiritBreak|||M|||50|,,,,,Ghost]Pelipper||FocusSash|Drizzle|WeatherBall,Hurricane,Tailwind,Protect|||F|||50|,,,,,Grass]Gholdengo||Leftovers|GoodasGold|NastyPlot,MakeItRain,ShadowBall,Protect||||||50|,,,,,Water]Baxcalibur||LoadedDice|ThermalExchange|GlaiveRush,IcicleSpear,IceShard,Protect|||M|||50|,,,,,Poison]Basculegion||LifeOrb|SwiftSwim|WaveCrash,LastRespects,AquaJet,Protect|||M|||50|,,,,,Water]Sandy Shocks||BoosterEnergy|Protosynthesis|EarthPower,Thunderbolt,Thunder,Protect||||||50|,,,,,Electric\n|showteam|p2|Heatran||AbilityShield|FlashFire|HeatWave,EarthPower,Protect,TeraBlast|||F|||50|,,,,,Grass]Scream Tail||SitrusBerry|Protosynthesis|TrickRoom,Howl,PsychicFangs,DazzlingGleam||||||50|,,,,,Dark]Farigiraf||RockyHelmet|ArmorTail|TrickRoom,NastyPlot,Protect,DazzlingGleam|||M|||50|,,,,,Fairy]Ogerpon-Wellspring||WellspringMask|WaterAbsorb|IvyCudgel,SpikyShield,HornLeech,FollowMe|||F|||50|,,,,,Water]Ursaluna||FlameOrb|Guts|Protect,Facade,Earthquake,ShadowClaw|||M|||50|,,,,,Ghost]Dragonite||YacheBerry|Multiscale|ExtremeSpeed,Protect,Haze,IceSpinner|||F|||50|,,,,,Normal\n|\n|t:|1700283927\n|start\n|switch|p1a: Baxcalibur|Baxcalibur, L50, M|100\/100\n|switch|p1b: Basculegion|Basculegion, L50, M|100\/100\n|switch|p2a: Farigiraf|Farigiraf, L50, M|100\/100\n|switch|p2b: Heatran|Heatran, L50, F|100\/100\n|turn|1\n|\n|t:|1700283965\n|switch|p1a: Pelipper|Pelipper, L50, F|100\/100\n|-weather|RainDance|[from] ability: Drizzle|[of] p1a: Pelipper\n|-terastallize|p2b: Heatran|Grass\n|move|p1b: Basculegion|Wave Crash|p2a: Farigiraf\n|-damage|p2a: Farigiraf|0 fnt\n|-damage|p1b: Basculegion|84\/100|[from] item: Rocky Helmet|[of] p2a: Farigiraf\n|faint|p2a: Farigiraf\n|-damage|p1b: Basculegion|46\/100|[from] Recoil\n|-damage|p1b: Basculegion|36\/100|[from] item: Life Orb\n|move|p2b: Heatran|Tera Blast|p1b: Basculegion|[anim] Tera Blast Grass\n|-supereffective|p1b: Basculegion\n|-damage|p1b: Basculegion|0 fnt\n|faint|p1b: Basculegion\n|\n|-weather|RainDance|[upkeep]\n|upkeep\n|\n|t:|1700283980\n|switch|p1b: Baxcalibur|Baxcalibur, L50, M|100\/100\n|switch|p2a: Scream Tail|Scream Tail, L50|100\/100\n|turn|2\n|\n|t:|1700283996\n|move|p2b: Heatran|Protect|p2b: Heatran\n|-singleturn|p2b: Heatran|Protect\n|move|p1b: Baxcalibur|Icicle Spear|p2a: Scream Tail\n|-damage|p2a: Scream Tail|90\/100\n|-damage|p2a: Scream Tail|79\/100\n|-damage|p2a: Scream Tail|69\/100\n|-damage|p2a: Scream Tail|58\/100\n|-damage|p2a: Scream Tail|47\/100\n|-enditem|p2a: Scream Tail|Sitrus Berry|[eat]\n|-heal|p2a: Scream Tail|72\/100|[from] item: Sitrus Berry\n|-hitcount|p2a: Scream Tail|5\n|move|p1a: Pelipper|Weather Ball|p2a: Scream Tail\n|-damage|p2a: Scream Tail|34\/100\n|move|p2a: Scream Tail|Trick Room|p2a: Scream Tail\n|-fieldstart|move: Trick Room|[of] p2a: Scream Tail\n|\n|-weather|RainDance|[upkeep]\n|upkeep\n|turn|3\n|\n|t:|1700284036\n|-end|p2a: Scream Tail|Protosynthesis|[silent]\n|switch|p2a: Ursaluna|Ursaluna, L50, M|100\/100\n|move|p1a: Pelipper|Hurricane|p2b: Heatran\n|-supereffective|p2b: Heatran\n|-damage|p2b: Heatran|33\/100\n|move|p2b: Heatran|Earth Power|p1b: Baxcalibur\n|-damage|p1b: Baxcalibur|62\/100\n|move|p1b: Baxcalibur|Icicle Spear|p2a: Ursaluna\n|-supereffective|p2a: Ursaluna\n|-damage|p2a: Ursaluna|78\/100\n|-supereffective|p2a: Ursaluna\n|-damage|p2a: Ursaluna|55\/100\n|-supereffective|p2a: Ursaluna\n|-damage|p2a: Ursaluna|34\/100\n|-supereffective|p2a: Ursaluna\n|-damage|p2a: Ursaluna|8\/100\n|-hitcount|p2a: Ursaluna|4\n|\n|-weather|RainDance|[upkeep]\n|-status|p2a: Ursaluna|brn|[from] item: Flame Orb\n|upkeep\n|turn|4\n|\n|t:|1700284070\n|switch|p2a: Scream Tail|Scream Tail, L50|34\/100\n|move|p1b: Baxcalibur|Ice Shard|p2a: Scream Tail\n|-damage|p2a: Scream Tail|16\/100\n|move|p1a: Pelipper|Hurricane|p2b: Heatran\n|-supereffective|p2b: Heatran\n|-damage|p2b: Heatran|0 fnt\n|faint|p2b: Heatran\n|\n|-weather|RainDance|[upkeep]\n|upkeep\n|\n|t:|1700284079\n|switch|p2b: Ursaluna|Ursaluna, L50, M|8\/100 brn\n|turn|5\n|\n|t:|1700284088\n|move|p1b: Baxcalibur|Ice Shard|p2b: Ursaluna\n|-supereffective|p2b: Ursaluna\n|-damage|p2b: Ursaluna|0 fnt\n|faint|p2b: Ursaluna\n|move|p1a: Pelipper|Weather Ball|p2a: Scream Tail\n|-damage|p2a: Scream Tail|0 fnt\n|faint|p2a: Scream Tail\n|-end|p2a: Scream Tail|Protosynthesis|[silent]\n|\n|win|PorigonG\n|c|&|\/uhtml prompt-leetextreme,Leetextreme is ready for game 2!\n|c|&|\/uhtml prompt-porigong,PorigonG is ready for game 2!\nBoth players are ready! Starting next match!\n|l|\u2606PorigonG\n","uploadtime":1700284576,"views":30,"p1id":"porigong","p2id":"leetextreme","formatid":"gen9vgc2023regulatione","rating":0,"private":0,"password":""}