{"id":"gen9vgc2023regulatione-2000345529","p1":"Conchoboar4","p2":"kauemagrao","format":"[Gen 9] VGC 2023 Regulation E","log":"|j|\u2606Conchoboar4\n|j|\u2606kauemagrao\n|t:|1701186908\n|gametype|doubles\n|player|p1|Conchoboar4|169|1443\n|player|p2|kauemagrao|norman|1401\n|teamsize|p1|6\n|teamsize|p2|6\n|gen|9\n|tier|[Gen 9] VGC 2023 Regulation E\n|rated|\n|rule|Species Clause: Limit one of each Pok\u00e9mon\n|rule|Item Clause: Limit one of each item\n|clearpoke\n|poke|p1|Mamoswine, L50, M|\n|poke|p1|Iron Hands, L50|\n|poke|p1|Grimmsnarl, L50, M|\n|poke|p1|Heatran, L50, F|\n|poke|p1|Sinistcha, L50|\n|poke|p1|Urshifu-*, L50, F|\n|poke|p2|Amoonguss, L50, F|\n|poke|p2|Tornadus, L50, M|\n|poke|p2|Articuno-Galar, L50|\n|poke|p2|Iron Hands, L50|\n|poke|p2|Gholdengo, L50|\n|poke|p2|Arcanine-Hisui, L50, F|\n|teampreview|4\n|inactive|Battle timer is ON: inactive players will automatically lose when time's up. (requested by kauemagrao)\n|inactive|kauemagrao has 60 seconds left.\n|\n|t:|1701186953\n|start\n|switch|p1a: Mamoswine|Mamoswine, L50, M|100\/100\n|switch|p1b: Grimmsnarl|Grimmsnarl, L50, M|100\/100\n|switch|p2a: Tornadus|Tornadus, L50, M|100\/100\n|switch|p2b: Iron Hands|Iron Hands, L50|100\/100\n|turn|1\n|\n|t:|1701186970\n|move|p1a: Mamoswine|Protect|p1a: Mamoswine\n|-singleturn|p1a: Mamoswine|Protect\n|move|p2b: Iron Hands|Fake Out|p1a: Mamoswine\n|-activate|p1a: Mamoswine|move: Protect\n|move|p2a: Tornadus|Tailwind|p2a: Tornadus\n|-sidestart|p2: kauemagrao|move: Tailwind\n|move|p1b: Grimmsnarl|Reflect|p1b: Grimmsnarl\n|-sidestart|p1: Conchoboar4|Reflect\n|\n|upkeep\n|turn|2\n|\n|t:|1701186984\n|move|p1b: Grimmsnarl|Light Screen|p1b: Grimmsnarl\n|-sidestart|p1: Conchoboar4|move: Light Screen\n|move|p2a: Tornadus|Bleakwind Storm|p1b: Grimmsnarl|[spread] p1a\n|-miss|p2a: Tornadus|p1b: Grimmsnarl\n|-damage|p1a: Mamoswine|66\/100\n|move|p2b: Iron Hands|Drain Punch|p1a: Mamoswine\n|-supereffective|p1a: Mamoswine\n|-damage|p1a: Mamoswine|13\/100\n|move|p1a: Mamoswine|High Horsepower|p2b: Iron Hands\n|-supereffective|p2b: Iron Hands\n|-damage|p2b: Iron Hands|28\/100\n|\n|upkeep\n|turn|3\n|inactive|kauemagrao has 30 seconds left.\n|\n|t:|1701187015\n|move|p1a: Mamoswine|Ice Shard|p2a: Tornadus\n|-supereffective|p2a: Tornadus\n|-damage|p2a: Tornadus|32\/100\n|move|p2a: Tornadus|Bleakwind Storm|p1a: Mamoswine|[spread] p1b\n|-miss|p2a: Tornadus|p1a: Mamoswine\n|-damage|p1b: Grimmsnarl|74\/100\n|move|p2b: Iron Hands|Drain Punch|p1b: Grimmsnarl\n|-damage|p1b: Grimmsnarl|51\/100\n|-heal|p2b: Iron Hands|38\/100|[from] drain|[of] p1b: Grimmsnarl\n|move|p1b: Grimmsnarl|Spirit Break|p2b: Iron Hands\n|-supereffective|p2b: Iron Hands\n|-damage|p2b: Iron Hands|0 fnt\n|faint|p2b: Iron Hands\n|-end|p2b: Iron Hands|Quark Drive|[silent]\n|\n|upkeep\n|\n|t:|1701187019\n|switch|p2b: Arcanine|Arcanine-Hisui, L50, F|100\/100\n|-ability|p2b: Arcanine|Intimidate|boost\n|-fail|p1a: Mamoswine|unboost|Attack|[from] ability: Oblivious|[of] p1a: Mamoswine\n|-unboost|p1b: Grimmsnarl|atk|1\n|turn|4\n|inactive|kauemagrao has 30 seconds left.\n|\n|t:|1701187046\n|move|p1a: Mamoswine|Protect|p1a: Mamoswine\n|-singleturn|p1a: Mamoswine|Protect\n|move|p1b: Grimmsnarl|Parting Shot|p2b: Arcanine\n|-unboost|p2b: Arcanine|atk|1\n|-unboost|p2b: Arcanine|spa|1\n|\n|t:|1701187052\n|switch|p1b: Heatran|Heatran, L50, F|100\/100|[from] Parting Shot\n|move|p2b: Arcanine|Flare Blitz|p1b: Heatran\n|-start|p1b: Heatran|ability: Flash Fire\n|move|p2a: Tornadus|Bleakwind Storm|p1b: Heatran|[spread] p1b\n|-activate|p1a: Mamoswine|move: Protect\n|-resisted|p1b: Heatran\n|-damage|p1b: Heatran|90\/100\n|\n|-sideend|p2: kauemagrao|move: Tailwind\n|upkeep\n|turn|5\n|\n|t:|1701187063\n|switch|p2b: Amoonguss|Amoonguss, L50, F|100\/100\n|move|p2a: Tornadus|Tailwind|p2a: Tornadus\n|-sidestart|p2: kauemagrao|move: Tailwind\n|move|p1a: Mamoswine|Ice Shard|p2a: Tornadus\n|-supereffective|p2a: Tornadus\n|-damage|p2a: Tornadus|0 fnt\n|faint|p2a: Tornadus\n|move|p1b: Heatran|Earth Power|p2b: Amoonguss\n|-damage|p2b: Amoonguss|72\/100\n|\n|upkeep\n|\n|t:|1701187066\n|switch|p2a: Arcanine|Arcanine-Hisui, L50, F|100\/100\n|-ability|p2a: Arcanine|Intimidate|boost\n|-fail|p1a: Mamoswine|unboost|Attack|[from] ability: Oblivious|[of] p1a: Mamoswine\n|-unboost|p1b: Heatran|atk|1\n|turn|6\n|\n|t:|1701187087\n|-terastallize|p2a: Arcanine|Fairy\n|move|p2b: Amoonguss|Rage Powder|p2b: Amoonguss\n|-singleturn|p2b: Amoonguss|move: Rage Powder\n|move|p1a: Mamoswine|Ice Shard|p2b: Amoonguss\n|-supereffective|p2b: Amoonguss\n|-damage|p2b: Amoonguss|24\/100\n|-enditem|p2b: Amoonguss|Sitrus Berry|[eat]\n|-heal|p2b: Amoonguss|49\/100|[from] item: Sitrus Berry\n|move|p2a: Arcanine|Tera Blast|p1b: Heatran|[anim] Tera Blast Fairy\n|-resisted|p1b: Heatran\n|-damage|p1b: Heatran|82\/100\n|move|p1b: Heatran|Heat Wave|p2a: Arcanine|[spread] p2a,p2b\n|-supereffective|p2b: Amoonguss\n|-damage|p2a: Arcanine|29\/100\n|-damage|p2b: Amoonguss|0 fnt\n|faint|p2b: Amoonguss\n|\n|upkeep\n|turn|7\n|\n|t:|1701187103\n|move|p1a: Mamoswine|Ice Shard|p2a: Arcanine\n|-damage|p2a: Arcanine|0 fnt\n|faint|p2a: Arcanine\n|\n|win|Conchoboar4\n|raw|Conchoboar4's rating: 1443 &rarr; <strong>1461<\/strong><br \/>(+18 for winning)\n|raw|kauemagrao's rating: 1401 &rarr; <strong>1383<\/strong><br \/>(-18 for losing)\n|l|\u2606kauemagrao\n","uploadtime":1701187110,"views":2,"p1id":"conchoboar4","p2id":"kauemagrao","formatid":"gen9vgc2023regulatione","rating":1383,"private":0,"password":""}