{"id":"gen9vgc2023regulatione-1993277242","p1":"Montendoz","p2":"New Player#589","format":"[Gen 9] VGC 2023 Regulation E","log":"|j|\u2606Montendoz\n|j|\u2606New Player#589\n|t:|1700288830\n|gametype|doubles\n|player|p1|Montendoz|2|1191\n|player|p2|New Player#589|swimmerf-gen4dp|1278\n|teamsize|p1|6\n|teamsize|p2|6\n|gen|9\n|tier|[Gen 9] VGC 2023 Regulation E\n|rated|\n|rule|Species Clause: Limit one of each Pok\u00e9mon\n|rule|Item Clause: Limit one of each item\n|clearpoke\n|poke|p1|Flutter Mane, L50|\n|poke|p1|Torkoal, L50, M|\n|poke|p1|Sylveon, L50, M|\n|poke|p1|Oranguru, L50, M|\n|poke|p1|Brute Bonnet, L50|\n|poke|p1|Urshifu-*, L50, M|\n|poke|p2|Slither Wing, L50|\n|poke|p2|Tornadus, L50, M|\n|poke|p2|Sandy Shocks, L50|\n|poke|p2|Ogerpon-Cornerstone, L50, F|\n|poke|p2|Rillaboom, L50, F|\n|poke|p2|Chi-Yu, L50|\n|teampreview|4\n|inactive|Battle timer is ON: inactive players will automatically lose when time's up. (requested by New Player#589)\n|inactive|Montendoz has 60 seconds left.\n|\n|t:|1700288872\n|start\n|switch|p1a: Urshifu|Urshifu-Rapid-Strike, L50, M|100\/100\n|switch|p1b: Oranguru|Oranguru, L50, M|100\/100\n|switch|p2a: Tornadus|Tornadus, L50, M|100\/100\n|switch|p2b: CuteForSomeReason|Slither Wing, L50|100\/100\n|turn|1\n|inactive|New Player#589 has 30 seconds left.\n|\n|t:|1700288903\n|move|p2a: Tornadus|Tailwind|p2a: Tornadus\n|-sidestart|p2: New Player#589|move: Tailwind\n|move|p2b: CuteForSomeReason|Close Combat|p1a: Urshifu\n|-crit|p1a: Urshifu\n|-damage|p1a: Urshifu|3\/100\n|-unboost|p2b: CuteForSomeReason|def|1\n|-unboost|p2b: CuteForSomeReason|spd|1\n|move|p1a: Urshifu|Surging Strikes|p2a: Tornadus\n|-crit|p2a: Tornadus\n|-damage|p2a: Tornadus|76\/100\n|-crit|p2a: Tornadus\n|-damage|p2a: Tornadus|52\/100\n|-crit|p2a: Tornadus\n|-damage|p2a: Tornadus|27\/100\n|-hitcount|p2a: Tornadus|3\n|move|p1b: Oranguru|Instruct|p1a: Urshifu\n|-singleturn|p1a: Urshifu|move: Instruct|[of] p1b: Oranguru\n|move|p1a: Urshifu|Surging Strikes|p2a: Tornadus\n|-crit|p2a: Tornadus\n|-damage|p2a: Tornadus|0 fnt\n|faint|p2a: Tornadus\n|-hitcount|p2: Tornadus|1\n|\n|upkeep\n|\n|t:|1700288924\n|switch|p2a: Chi-Yu|Chi-Yu, L50|100\/100\n|-ability|p2a: Chi-Yu|Beads of Ruin\n|turn|2\n|\n|t:|1700288931\n|move|p2a: Chi-Yu|Nasty Plot|p2a: Chi-Yu\n|-boost|p2a: Chi-Yu|spa|2\n|move|p2b: CuteForSomeReason|U-turn|p1a: Urshifu\n|-resisted|p1a: Urshifu\n|-damage|p1a: Urshifu|0 fnt\n|faint|p1a: Urshifu\n|\n|t:|1700288935\n|-end|p2b: CuteForSomeReason|Protosynthesis|[silent]\n|switch|p2b: Rillaboom|Rillaboom, L50, F|100\/100|[from] U-turn\n|-fieldstart|move: Grassy Terrain|[from] ability: Grassy Surge|[of] p2b: Rillaboom\n|move|p1b: Oranguru|Trick Room|p1b: Oranguru\n|-fieldstart|move: Trick Room|[of] p1b: Oranguru\n|\n|upkeep\n|\n|t:|1700288942\n|switch|p1a: Torkoal|Torkoal, L50, M|100\/100\n|-weather|SunnyDay|[from] ability: Drought|[of] p1a: Torkoal\n|turn|3\n|inactive|New Player#589 has 30 seconds left.\n|\n|t:|1700288974\n|move|p1a: Torkoal|Protect|p1a: Torkoal\n|-singleturn|p1a: Torkoal|Protect\n|move|p2b: Rillaboom|Fake Out|p1a: Torkoal\n|-activate|p1a: Torkoal|move: Protect\n|move|p1b: Oranguru|Foul Play|p2a: Chi-Yu\n|-resisted|p2a: Chi-Yu\n|-damage|p2a: Chi-Yu|90\/100\n|move|p2a: Chi-Yu|Dark Pulse|p1b: Oranguru\n|-supereffective|p1b: Oranguru\n|-damage|p1b: Oranguru|0 fnt\n|faint|p1b: Oranguru\n|-damage|p2a: Chi-Yu|80\/100|[from] item: Life Orb\n|\n|-weather|SunnyDay|[upkeep]\n|-heal|p2a: Chi-Yu|86\/100|[from] Grassy Terrain\n|upkeep\n|\n|t:|1700288988\n|switch|p1b: Sylveon|Sylveon, L50, M|100\/100\n|turn|4\n|inactive|New Player#589 has 30 seconds left.\n|\n|t:|1700289021\n|switch|p2b: CuteForSomeReason|Slither Wing, L50|100\/100\n|-activate|p2b: CuteForSomeReason|ability: Protosynthesis\n|-start|p2b: CuteForSomeReason|protosynthesisatk\n|-terastallize|p1a: Torkoal|Fire\n|move|p2a: Chi-Yu|Protect|p2a: Chi-Yu\n|-singleturn|p2a: Chi-Yu|Protect\n|move|p1a: Torkoal|Eruption|p2b: CuteForSomeReason|[spread] p2b\n|-activate|p2a: Chi-Yu|move: Protect\n|-supereffective|p2b: CuteForSomeReason\n|-damage|p2b: CuteForSomeReason|0 fnt\n|faint|p2b: CuteForSomeReason\n|-end|p2b: CuteForSomeReason|Protosynthesis|[silent]\n|move|p1b: Sylveon|Hyper Voice|p2a: Chi-Yu\n|-activate|p2a: Chi-Yu|move: Protect\n|\n|-weather|SunnyDay|[upkeep]\n|-heal|p2a: Chi-Yu|92\/100|[from] Grassy Terrain\n|-sideend|p2: New Player#589|move: Tailwind\n|upkeep\n|\n|t:|1700289031\n|switch|p2b: Rillaboom|Rillaboom, L50, F|100\/100\n|turn|5\n|\n|t:|1700289045\n|-terastallize|p2a: Chi-Yu|Fire\n|move|p2b: Rillaboom|Fake Out|p1b: Sylveon\n|-damage|p1b: Sylveon|86\/100\n|move|p1a: Torkoal|Eruption|p2a: Chi-Yu|[spread] p2a,p2b\n|-resisted|p2a: Chi-Yu\n|-supereffective|p2b: Rillaboom\n|-damage|p2a: Chi-Yu|34\/100\n|-damage|p2b: Rillaboom|0 fnt\n|faint|p2b: Rillaboom\n|cant|p1b: Sylveon|flinch\n|move|p2a: Chi-Yu|Heat Wave|p1a: Torkoal|[spread] p1a,p1b\n|-resisted|p1a: Torkoal\n|-damage|p1a: Torkoal|0 fnt\n|-damage|p1b: Sylveon|0 fnt\n|faint|p1a: Torkoal\n|faint|p1b: Sylveon\n|-damage|p2a: Chi-Yu|24\/100|[from] item: Life Orb\n|\n|win|New Player#589\n|raw|Montendoz's rating: 1191 &rarr; <strong>1172<\/strong><br \/>(-19 for losing)\n|raw|New Player#589's rating: 1278 &rarr; <strong>1297<\/strong><br \/>(+19 for winning)\n|l|\u2606Montendoz\n","uploadtime":1700289066,"views":10,"p1id":"montendoz","p2id":"newplayer589","formatid":"gen9vgc2023regulatione","rating":1172,"private":0,"password":""}