{"id":"gen9vgc2023regulatione-1993018709","p1":"TeraBlastNormal","p2":"BoyDLH","format":"[Gen 9] VGC 2023 Regulation E","log":"|j|\u2606TeraBlastNormal\n|j|\u2606BoyDLH\n|t:|1700256005\n|gametype|doubles\n|player|p1|TeraBlastNormal|169|1368\n|player|p2|BoyDLH|skyla|1366\n|teamsize|p1|6\n|teamsize|p2|6\n|gen|9\n|tier|[Gen 9] VGC 2023 Regulation E\n|rated|\n|rule|Species Clause: Limit one of each Pok\u00e9mon\n|rule|Item Clause: Limit one of each item\n|clearpoke\n|poke|p1|Dragonite, L50, F|\n|poke|p1|Chien-Pao, L50|\n|poke|p1|Urshifu-*, L50, M|\n|poke|p1|Kingambit, L50, F|\n|poke|p1|Ogerpon-Hearthflame, L50, F|\n|poke|p1|Amoonguss, L50, F|\n|poke|p2|Landorus, L50, M|\n|poke|p2|Tornadus, L50, M|\n|poke|p2|Urshifu-*, L50, F|\n|poke|p2|Rillaboom, L50, F|\n|poke|p2|Arcanine-Hisui, L50, F|\n|poke|p2|Farigiraf, L50, M|\n|teampreview|4\n|inactive|Battle timer is ON: inactive players will automatically lose when time's up. (requested by BoyDLH)\nBoyDLH rejected open team sheets.\n|\n|t:|1700256065\n|start\n|switch|p1a: Kingambit|Kingambit, L50, F|100\/100\n|switch|p1b: Urshifu|Urshifu-Rapid-Strike, L50, M|100\/100\n|switch|p2a: Arcanine|Arcanine-Hisui, L50, F|100\/100\n|switch|p2b: Tornadus|Tornadus, L50, M|100\/100\n|-ability|p2a: Arcanine|Intimidate|boost\n|-unboost|p1a: Kingambit|atk|1\n|-ability|p1a: Kingambit|Defiant|boost\n|-boost|p1a: Kingambit|atk|2\n|-unboost|p1b: Urshifu|atk|1\n|turn|1\n|inactive|TeraBlastNormal has 30 seconds left.\n|inactive|BoyDLH has 30 seconds left.\n|\n|t:|1700256099\n|-terastallize|p1a: Kingambit|Poison\n|move|p2b: Tornadus|Tailwind|p2b: Tornadus\n|-sidestart|p2: BoyDLH|move: Tailwind\n|move|p2a: Arcanine|Flare Blitz|p1a: Kingambit\n|-damage|p1a: Kingambit|38\/100\n|-damage|p2a: Arcanine|76\/100|[from] Recoil\n|move|p1b: Urshifu|Surging Strikes|p2a: Arcanine\n|-supereffective|p2a: Arcanine\n|-crit|p2a: Arcanine\n|-damage|p2a: Arcanine|0 fnt\n|faint|p2a: Arcanine\n|-hitcount|p2: Arcanine|1\n|move|p1a: Kingambit|Swords Dance|p1a: Kingambit\n|-boost|p1a: Kingambit|atk|2\n|\n|upkeep\n|\n|t:|1700256117\n|switch|p2a: Rillaboom|Rillaboom, L50, F|100\/100\n|-fieldstart|move: Grassy Terrain|[from] ability: Grassy Surge|[of] p2a: Rillaboom\n|turn|2\n|\n|t:|1700256126\n|switch|p1b: Dragonite|Dragonite, L50, F|100\/100\n|move|p1a: Kingambit|Protect|p1a: Kingambit\n|-singleturn|p1a: Kingambit|Protect\n|move|p2a: Rillaboom|Fake Out|p1a: Kingambit\n|-activate|p1a: Kingambit|move: Protect\n|move|p2b: Tornadus|Bleakwind Storm|p1b: Dragonite|[spread] p1b\n|-activate|p1a: Kingambit|move: Protect\n|-damage|p1b: Dragonite|76\/100\n|\n|-heal|p1a: Kingambit|44\/100|[from] Grassy Terrain\n|upkeep\n|turn|3\n|inactive|TeraBlastNormal has 30 seconds left.\n|inactive|TeraBlastNormal has 20 seconds left.\n|inactive|TeraBlastNormal has 15 seconds left.\n|\n|t:|1700256168\n|switch|p2a: Urshifu|Urshifu-Rapid-Strike, L50, F|100\/100\n|move|p1a: Kingambit|Sucker Punch|p2b: Tornadus\n|-damage|p2b: Tornadus|0 fnt\n|faint|p2b: Tornadus\n|move|p1b: Dragonite|Outrage|p2a: Urshifu\n|-damage|p2a: Urshifu|32\/100\n|\n|-heal|p2a: Urshifu|38\/100|[from] Grassy Terrain\n|-heal|p1a: Kingambit|50\/100|[from] Grassy Terrain\n|upkeep\n|\n|t:|1700256182\n|switch|p2b: Rillaboom|Rillaboom, L50, F|100\/100\n|turn|4\n|\n|t:|1700256197\n|move|p1a: Kingambit|Protect|p1a: Kingambit\n|-singleturn|p1a: Kingambit|Protect\n|move|p2b: Rillaboom|Fake Out|p1b: Dragonite\n|-damage|p1b: Dragonite|61\/100\n|move|p2a: Urshifu|Surging Strikes|p1a: Kingambit\n|-crit|p1a: Kingambit\n|-damage|p1a: Kingambit|32\/100\n|-crit|p1a: Kingambit\n|-damage|p1a: Kingambit|15\/100\n|-crit|p1a: Kingambit\n|-damage|p1a: Kingambit|0 fnt\n|faint|p1a: Kingambit\n|-hitcount|p1: Kingambit|3\n|move|p1b: Dragonite|Outrage|p2a: Urshifu|[from]lockedmove\n|-damage|p2a: Urshifu|0 fnt\n|faint|p2a: Urshifu\n|\n|-sideend|p2: BoyDLH|move: Tailwind\n|upkeep\n|\n|t:|1700256220\n|switch|p1a: Urshifu|Urshifu-Rapid-Strike, L50, M|100\/100\n|turn|5\n|\n|t:|1700256233\n|-terastallize|p2b: Rillaboom|Grass\n|move|p2b: Rillaboom|Grassy Glide|p1a: Urshifu\n|-supereffective|p1a: Urshifu\n|-damage|p1a: Urshifu|0 fnt\n|faint|p1a: Urshifu\n|move|p1b: Dragonite|Outrage|p2b: Rillaboom|[from]lockedmove\n|-damage|p2b: Rillaboom|38\/100\n|-start|p1b: Dragonite|confusion|[fatigue]\n|\n|-heal|p2b: Rillaboom|44\/100|[from] Grassy Terrain\n|upkeep\n|\n|t:|1700256246\n|switch|p1a: Chien-Pao|Chien-Pao, L50|100\/100\n|-ability|p1a: Chien-Pao|Sword of Ruin\n|turn|6\n|\n|t:|1700256260\n|-activate|p1b: Dragonite|confusion\n|move|p1b: Dragonite|Extreme Speed|p2b: Rillaboom\n|-damage|p2b: Rillaboom|4\/100\n|move|p2b: Rillaboom|Grassy Glide|p1a: Chien-Pao\n|-damage|p1a: Chien-Pao|18\/100\n|move|p1a: Chien-Pao|Icicle Crash|p2b: Rillaboom\n|-supereffective|p2b: Rillaboom\n|-damage|p2b: Rillaboom|0 fnt\n|faint|p2b: Rillaboom\n|\n|win|TeraBlastNormal\n|raw|TeraBlastNormal's rating: 1368 &rarr; <strong>1388<\/strong><br \/>(+20 for winning)\n|raw|BoyDLH's rating: 1366 &rarr; <strong>1346<\/strong><br \/>(-20 for losing)\n|l|\u2606BoyDLH\n|c|\u2606TeraBlastNormal|Gg\n","uploadtime":1700256542,"views":25,"p1id":"terablastnormal","p2id":"boydlh","formatid":"gen9vgc2023regulatione","rating":1346,"private":0,"password":""}