{"id":"gen9vgc2023regulatione-1998789574","p1":"newusernovice","p2":"ZZTop99","format":"[Gen 9] VGC 2023 Regulation E","log":"|j|\u2606newusernovice\n|j|\u2606ZZTop99\n|t:|1700991311\n|gametype|doubles\n|player|p1|newusernovice|brawly|1347\n|player|p2|ZZTop99|266|1250\n|teamsize|p1|6\n|teamsize|p2|6\n|gen|9\n|tier|[Gen 9] VGC 2023 Regulation E\n|rated|\n|rule|Species Clause: Limit one of each Pok\u00e9mon\n|rule|Item Clause: Limit one of each item\n|clearpoke\n|poke|p1|Tornadus, L50, M|\n|poke|p1|Urshifu-*, L50, M|\n|poke|p1|Iron Hands, L50|\n|poke|p1|Farigiraf, L50, M|\n|poke|p1|Ursaluna-Bloodmoon, L50, M|\n|poke|p1|Amoonguss, L50, M|\n|poke|p2|Avalugg-Hisui, L50, F|\n|poke|p2|Uxie, L50|\n|poke|p2|Indeedee-F, L50, F|\n|poke|p2|Enamorus-Therian, L50, F|\n|poke|p2|Empoleon, L50, M|\n|poke|p2|Roaring Moon, L50|\n|teampreview|4\n|inactive|Battle timer is ON: inactive players will automatically lose when time's up. (requested by newusernovice)\n|\n|t:|1700991341\n|start\n|switch|p1a: Urshifu|Urshifu-Rapid-Strike, L50, M|100\/100\n|switch|p1b: Iron Hands|Iron Hands, L50, shiny|100\/100\n|switch|p2a: Uxie|Uxie, L50|100\/100\n|switch|p2b: Indeedee|Indeedee-F, L50, F|100\/100\n|-fieldstart|move: Psychic Terrain|[from] ability: Psychic Surge|[of] p2b: Indeedee\n|turn|1\n|inactive|newusernovice has 30 seconds left.\n|\n|t:|1700991373\n|move|p1b: Iron Hands|Fake Out|p2a: Uxie\n|-hint|Psychic Terrain doesn't affect Pok\u00e9mon immune to Ground.\n|-damage|p2a: Uxie|91\/100\n|move|p2b: Indeedee|Follow Me|p2b: Indeedee\n|-singleturn|p2b: Indeedee|move: Follow Me\n|move|p1a: Urshifu|Surging Strikes|p2b: Indeedee\n|-crit|p2b: Indeedee\n|-damage|p2b: Indeedee|66\/100\n|-crit|p2b: Indeedee\n|-damage|p2b: Indeedee|34\/100\n|-crit|p2b: Indeedee\n|-damage|p2b: Indeedee|2\/100\n|-hitcount|p2b: Indeedee|3\n|-enditem|p2b: Indeedee|Eject Button\n|\n|t:|1700991385\n|switch|p2b: Enamorus|Enamorus-Therian, L50, F|100\/100\n|cant|p2a: Uxie|flinch\n|\n|upkeep\n|turn|2\n|inactive|newusernovice has 30 seconds left.\n|inactive|newusernovice has 20 seconds left.\n|\n|t:|1700991421\n|-terastallize|p1a: Urshifu|Water\n|-terastallize|p2b: Enamorus|Psychic\n|move|p1a: Urshifu|Surging Strikes|p2b: Enamorus\n|-crit|p2b: Enamorus\n|-damage|p2b: Enamorus|68\/100\n|-crit|p2b: Enamorus\n|-damage|p2b: Enamorus|40\/100\n|-crit|p2b: Enamorus\n|-damage|p2b: Enamorus|10\/100\n|-hitcount|p2b: Enamorus|3\n|move|p1b: Iron Hands|Wild Charge|p2a: Uxie\n|-damage|p2a: Uxie|58\/100\n|-damage|p1b: Iron Hands|94\/100|[from] Recoil\n|move|p2b: Enamorus|Dazzling Gleam|p1b: Iron Hands|[spread] p1a,p1b\n|-supereffective|p1b: Iron Hands\n|-damage|p1a: Urshifu|38\/100\n|-damage|p1b: Iron Hands|12\/100\n|move|p2a: Uxie|Trick Room|p2a: Uxie\n|-fieldstart|move: Trick Room|[of] p2a: Uxie\n|\n|upkeep\n|turn|3\n|inactive|newusernovice has 30 seconds left.\n|\n|t:|1700991454\n|move|p1a: Urshifu|Aqua Jet|p2a: Uxie\n|-hint|Psychic Terrain doesn't affect Pok\u00e9mon immune to Ground.\n|-damage|p2a: Uxie|37\/100\n|move|p2a: Uxie|Mystical Power|p1b: Iron Hands\n|-supereffective|p1b: Iron Hands\n|-damage|p1b: Iron Hands|0 fnt\n|-boost|p2a: Uxie|spa|1\n|faint|p1b: Iron Hands\n|-end|p1b: Iron Hands|Quark Drive|[silent]\n|move|p2b: Enamorus|Dazzling Gleam|p1a: Urshifu\n|-damage|p1a: Urshifu|0 fnt\n|faint|p1a: Urshifu\n|\n|upkeep\n|inactive|newusernovice has 30 seconds left.\n|\n|t:|1700991484\n|switch|p1b: Amoonguss|Amoonguss, L50, M|100\/100\n|switch|p1a: Ursaluna|Ursaluna-Bloodmoon, L50, M|100\/100\n|turn|4\n|inactive|ZZTop99 has 30 seconds left.\n|\n|t:|1700991516\n|move|p1b: Amoonguss|Spore|p2a: Uxie\n|-status|p2a: Uxie|slp|[from] move: Spore\n|cant|p2a: Uxie|slp\n|move|p2b: Enamorus|Dazzling Gleam|p1b: Amoonguss|[spread] p1a,p1b\n|-resisted|p1b: Amoonguss\n|-crit|p1b: Amoonguss\n|-damage|p1a: Ursaluna|45\/100\n|-damage|p1b: Amoonguss|68\/100\n|move|p1a: Ursaluna|Hyper Voice|p2b: Enamorus|[spread] p2a,p2b\n|-damage|p2a: Uxie|1\/100 slp\n|-damage|p2b: Enamorus|0 fnt\n|faint|p2b: Enamorus\n|-damage|p1a: Ursaluna|35\/100|[from] item: Life Orb\n|\n|upkeep\n|\n|t:|1700991536\n|switch|p2b: Avalugg|Avalugg-Hisui, L50, F|100\/100\n|turn|5\n|inactive|newusernovice has 30 seconds left.\n|\n|t:|1700991562\n|move|p1b: Amoonguss|Rage Powder|p1b: Amoonguss\n|-singleturn|p1b: Amoonguss|move: Rage Powder\n|cant|p2a: Uxie|slp\n|move|p2b: Avalugg|Mountain Gale|p1b: Amoonguss\n|-supereffective|p1b: Amoonguss\n|-crit|p1b: Amoonguss\n|-damage|p1b: Amoonguss|0 fnt\n|faint|p1b: Amoonguss\n|move|p1a: Ursaluna|Earth Power|p2b: Avalugg\n|-supereffective|p2b: Avalugg\n|-ability|p2b: Avalugg|Sturdy\n|-damage|p2b: Avalugg|1\/100\n|-unboost|p2b: Avalugg|spd|1\n|-enditem|p2b: Avalugg|Weakness Policy\n|-boost|p2b: Avalugg|atk|2|[from] item: Weakness Policy\n|-boost|p2b: Avalugg|spa|2|[from] item: Weakness Policy\n|-damage|p1a: Ursaluna|25\/100|[from] item: Life Orb\n|\n|-fieldend|move: Psychic Terrain\n|upkeep\n|turn|6\n|\n|t:|1700991583\n|move|p1a: Ursaluna|Protect|p1a: Ursaluna\n|-singleturn|p1a: Ursaluna|Protect\n|cant|p2a: Uxie|slp\n|move|p2b: Avalugg|Earthquake|p1a: Ursaluna|[spread] \n|-activate|p1a: Ursaluna|move: Protect\n|-immune|p2a: Uxie|[from] ability: Levitate\n|\n|-fieldend|move: Trick Room\n|upkeep\n|turn|7\n|\n|t:|1700991601\n|move|p1a: Ursaluna|Hyper Voice|p2b: Avalugg|[spread] p2a,p2b\n|-resisted|p2b: Avalugg\n|-damage|p2a: Uxie|0 fnt\n|-damage|p2b: Avalugg|0 fnt\n|faint|p2a: Uxie\n|faint|p2b: Avalugg\n|-damage|p1a: Ursaluna|15\/100|[from] item: Life Orb\n|\n|upkeep\n|-message|ZZTop99 forfeited.\n|\n|win|newusernovice\n|raw|newusernovice's rating: 1347 &rarr; <strong>1362<\/strong><br \/>(+15 for winning)\n|raw|ZZTop99's rating: 1250 &rarr; <strong>1232<\/strong><br \/>(-18 for losing)\n|l|\u2606ZZTop99\n","uploadtime":1700991625,"views":9,"p1id":"newusernovice","p2id":"zztop99","formatid":"gen9vgc2023regulatione","rating":1232,"private":0,"password":""}