{"id":"gen9vgc2023regulatione-1990077923","p1":"TrapTus","p2":"Saulinho_P1","format":"[Gen 9] VGC 2023 Regulation E","log":"|j|\u2606TrapTus\n|j|\u2606Saulinho_P1\n|t:|1699922162\n|gametype|doubles\n|player|p1|TrapTus|1|1431\n|player|p2|Saulinho_P1|will|1486\n|teamsize|p1|6\n|teamsize|p2|6\n|gen|9\n|tier|[Gen 9] VGC 2023 Regulation E\n|rated|\n|rule|Species Clause: Limit one of each Pok\u00e9mon\n|rule|Item Clause: Limit one of each item\n|clearpoke\n|poke|p1|Tornadus, L50, M|\n|poke|p1|Flutter Mane, L50|\n|poke|p1|Roaring Moon, L50|\n|poke|p1|Iron Hands, L50|\n|poke|p1|Landorus-Therian, L50, M|\n|poke|p1|Gholdengo, L50|\n|poke|p2|Roaring Moon, L50|\n|poke|p2|Arcanine-Hisui, L50, M|\n|poke|p2|Gholdengo, L50|\n|poke|p2|Iron Hands, L50|\n|poke|p2|Landorus, L50, M|\n|poke|p2|Ogerpon-Wellspring, L50, F|\n|teampreview|4\nSaulinho_P1 has agreed to open team sheets.\nTrapTus has agreed to open team sheets.\n|inactive|Battle timer is ON: inactive players will automatically lose when time's up. (requested by Saulinho_P1)\n|inactive|Saulinho_P1 has 60 seconds left.\n|\n|t:|1699922245\n|start\n|switch|p1a: Landorus|Landorus-Therian, L50, M|100\/100\n|switch|p1b: Gholdengo|Gholdengo, L50|100\/100\n|switch|p2a: Roaring Moon|Roaring Moon, L50|100\/100\n|switch|p2b: Arcanine|Arcanine-Hisui, L50, M|100\/100\n|-ability|p1a: Landorus|Intimidate|boost\n|-unboost|p2a: Roaring Moon|atk|1\n|-unboost|p2b: Arcanine|atk|1\n|-ability|p2b: Arcanine|Intimidate|boost\n|-unboost|p1a: Landorus|atk|1\n|-unboost|p1b: Gholdengo|atk|1\n|-enditem|p2a: Roaring Moon|Booster Energy\n|-activate|p2a: Roaring Moon|ability: Protosynthesis|[fromitem]\n|-start|p2a: Roaring Moon|protosynthesisspe\n|turn|1\n|inactive|Saulinho_P1 has 30 seconds left.\n|inactive|Saulinho_P1 has 20 seconds left.\n|\n|t:|1699922282\n|switch|p2b: Landorus|Landorus, L50, M|100\/100\n|-terastallize|p1b: Gholdengo|Water\n|move|p2a: Roaring Moon|Knock Off|p1a: Landorus\n|-damage|p1a: Landorus|71\/100\n|-enditem|p1a: Landorus|Choice Scarf|[from] move: Knock Off|[of] p2a: Roaring Moon\n|move|p1a: Landorus|U-turn|p2b: Landorus\n|-resisted|p2b: Landorus\n|-damage|p2b: Landorus|92\/100\n|\n|t:|1699922292\n|switch|p1a: Tornadus|Tornadus, L50, M|100\/100|[from] U-turn\n|move|p1b: Gholdengo|Nasty Plot|p1b: Gholdengo\n|-boost|p1b: Gholdengo|spa|2\n|\n|upkeep\n|turn|2\n|\n|t:|1699922306\n|switch|p2b: Iron Hands|Iron Hands, L50|100\/100\n|move|p1a: Tornadus|Tailwind|p1a: Tornadus\n|-sidestart|p1: TrapTus|move: Tailwind\n|move|p2a: Roaring Moon|Tailwind|p2a: Roaring Moon\n|-sidestart|p2: Saulinho_P1|move: Tailwind\n|move|p1b: Gholdengo|Make It Rain|p2a: Roaring Moon|[spread] p2a,p2b\n|-resisted|p2b: Iron Hands\n|-damage|p2a: Roaring Moon|17\/100\n|-damage|p2b: Iron Hands|75\/100\n|-unboost|p1b: Gholdengo|spa|1\n|\n|upkeep\n|turn|3\n|inactive|Saulinho_P1 has 30 seconds left.\n|\n|t:|1699922336\n|switch|p1a: Landorus|Landorus-Therian, L50, M|71\/100\n|-ability|p1a: Landorus|Intimidate|boost\n|-unboost|p2a: Roaring Moon|atk|1\n|-unboost|p2b: Iron Hands|atk|1\n|move|p2b: Iron Hands|Fake Out|p1b: Gholdengo\n|-damage|p1b: Gholdengo|91\/100\n|move|p2a: Roaring Moon|Knock Off|p1a: Landorus\n|-damage|p1a: Landorus|54\/100\n|cant|p1b: Gholdengo|flinch\n|\n|-heal|p1b: Gholdengo|97\/100|[from] item: Leftovers\n|upkeep\n|turn|4\n|\n|t:|1699922358\n|move|p2a: Roaring Moon|Breaking Swipe|p1a: Landorus|[spread] p1a,p1b\n|-damage|p1a: Landorus|44\/100\n|-damage|p1b: Gholdengo|86\/100\n|-unboost|p1a: Landorus|atk|1\n|-unboost|p1b: Gholdengo|atk|1\n|move|p1a: Landorus|U-turn|p2b: Iron Hands\n|-resisted|p2b: Iron Hands\n|-damage|p2b: Iron Hands|69\/100\n|\n|t:|1699922365\n|switch|p1a: Tornadus|Tornadus, L50, M|100\/100|[from] U-turn\n|move|p1b: Gholdengo|Shadow Ball|p2b: Iron Hands\n|-damage|p2b: Iron Hands|32\/100\n|move|p2b: Iron Hands|Wild Charge|p1b: Gholdengo\n|-supereffective|p1b: Gholdengo\n|-damage|p1b: Gholdengo|16\/100\n|-damage|p2b: Iron Hands|17\/100|[from] Recoil\n|\n|-heal|p1b: Gholdengo|22\/100|[from] item: Leftovers\n|upkeep\n|turn|5\n|\n|t:|1699922389\n|switch|p1a: Landorus|Landorus-Therian, L50, M|44\/100\n|-ability|p1a: Landorus|Intimidate|boost\n|-unboost|p2a: Roaring Moon|atk|1\n|-unboost|p2b: Iron Hands|atk|1\n|move|p2a: Roaring Moon|Knock Off|p1b: Gholdengo\n|-damage|p1b: Gholdengo|5\/100\n|-enditem|p1b: Gholdengo|Leftovers|[from] move: Knock Off|[of] p2a: Roaring Moon\n|move|p1b: Gholdengo|Make It Rain|p2a: Roaring Moon|[spread] p2a,p2b\n|-resisted|p2b: Iron Hands\n|-damage|p2a: Roaring Moon|0 fnt\n|-damage|p2b: Iron Hands|0 fnt\n|-unboost|p1b: Gholdengo|spa|1\n|faint|p2a: Roaring Moon\n|-end|p2a: Roaring Moon|Protosynthesis|[silent]\n|faint|p2b: Iron Hands\n|-end|p2b: Iron Hands|Quark Drive|[silent]\n|\n|-sideend|p1: TrapTus|move: Tailwind\n|-sideend|p2: Saulinho_P1|move: Tailwind\n|upkeep\n|\n|t:|1699922406\n|switch|p2a: Arcanine|Arcanine-Hisui, L50, M|100\/100\n|switch|p2b: Landorus|Landorus, L50, M|92\/100\n|-ability|p2a: Arcanine|Intimidate|boost\n|-unboost|p1a: Landorus|atk|1\n|-unboost|p1b: Gholdengo|atk|1\n|turn|6\n|inactive|Saulinho_P1 has 30 seconds left.\n|inactive|Saulinho_P1 has 20 seconds left.\n|inactive|Saulinho_P1 has 15 seconds left.\n|inactive|Saulinho_P1 has 10 seconds left.\n|inactive|Saulinho_P1 has 5 seconds left.\n|\n|t:|1699922460\n|switch|p1a: Tornadus|Tornadus, L50, M|100\/100\n|move|p1b: Gholdengo|Protect|p1b: Gholdengo\n|-singleturn|p1b: Gholdengo|Protect\n|move|p2b: Landorus|Sludge Bomb|p1b: Gholdengo\n|-activate|p1b: Gholdengo|move: Protect\n|move|p2a: Arcanine|Flare Blitz|p1a: Tornadus\n|-damage|p1a: Tornadus|5\/100\n|-damage|p2a: Arcanine|67\/100|[from] Recoil\n|\n|upkeep\n|turn|7\n|inactive|Saulinho_P1 has 30 seconds left.\n|inactive|Saulinho_P1 has 20 seconds left.\n|inactive|Saulinho_P1 has 15 seconds left.\n|\n|t:|1699922504\n|move|p1a: Tornadus|Tailwind|p1a: Tornadus\n|-sidestart|p1: TrapTus|move: Tailwind\n|move|p1b: Gholdengo|Make It Rain|p2a: Arcanine|[spread] p2a,p2b\n|-damage|p2a: Arcanine|10\/100\n|-damage|p2b: Landorus|33\/100\n|-unboost|p1b: Gholdengo|spa|1\n|move|p2b: Landorus|Sludge Bomb|p1a: Tornadus\n|-damage|p1a: Tornadus|0 fnt\n|faint|p1a: Tornadus\n|move|p2a: Arcanine|Flare Blitz|p1b: Gholdengo\n|-resisted|p1b: Gholdengo\n|-damage|p1b: Gholdengo|0 fnt\n|faint|p1b: Gholdengo\n|-damage|p2a: Arcanine|8\/100|[from] Recoil\n|\n|upkeep\n|\n|t:|1699922519\n|switch|p1a: Landorus|Landorus-Therian, L50, M|44\/100\n|switch|p1b: Flutter Mane|Flutter Mane, L50|100\/100\n|-ability|p1a: Landorus|Intimidate|boost\n|-unboost|p2a: Arcanine|atk|1\n|-unboost|p2b: Landorus|atk|1\n|turn|8\n|\n|t:|1699922531\n|-terastallize|p2b: Landorus|Poison\n|move|p1b: Flutter Mane|Dazzling Gleam|p2a: Arcanine|[spread] p2a,p2b\n|-resisted|p2a: Arcanine\n|-resisted|p2b: Landorus\n|-crit|p2b: Landorus\n|-damage|p2a: Arcanine|0 fnt\n|-damage|p2b: Landorus|0 fnt\n|faint|p2a: Arcanine\n|faint|p2b: Landorus\n|\n|win|TrapTus\n|raw|TrapTus's rating: 1431 &rarr; <strong>1454<\/strong><br \/>(+23 for winning)\n|raw|Saulinho_P1's rating: 1486 &rarr; <strong>1463<\/strong><br \/>(-23 for losing)\n","uploadtime":1699922540,"views":20,"p1id":"traptus","p2id":"saulinhop1","formatid":"gen9vgc2023regulatione","rating":1454,"private":0,"password":""}