{"id":"gen9vgc2023regulatione-1993567068","p1":"AgenteDino","p2":"carlosc1b19","format":"[Gen 9] VGC 2023 Regulation E","log":"|j|\u2606AgenteDino\n|j|\u2606carlosc1b19\n|n|\u2606AgenteDino|agentedino\n|n|\u2606carlosc1b19|carlosc1b19\n|html|View the match progress at <a href=\"\/game-bestof3-gen9vgc2023regulatione-1993563478\">game-bestof3-gen9vgc2023regulatione-1993563478<\/a>\n|t:|1700332547\n|gametype|doubles\n|player|p1|AgenteDino|guitarist-gen4|\n|player|p2|carlosc1b19|101|\n|teamsize|p1|6\n|teamsize|p2|6\n|gen|9\n|tier|[Gen 9] VGC 2023 Regulation E\n|rule|Species Clause: Limit one of each Pok\u00e9mon\n|rule|Item Clause: Limit one of each item\n|clearpoke\n|poke|p1|Tornadus, L50, M|\n|poke|p1|Urshifu-*, L50, M|\n|poke|p1|Chien-Pao, L50|\n|poke|p1|Dragonite, L50, M|\n|poke|p1|Iron Hands, L50|\n|poke|p1|Flutter Mane, L50|\n|poke|p2|Tornadus, L50, M|\n|poke|p2|Flutter Mane, L50|\n|poke|p2|Rillaboom, L50, F|\n|poke|p2|Ogerpon-Hearthflame, L50, F|\n|poke|p2|Chien-Pao, L50|\n|poke|p2|Dragonite, L50, F|\n|teampreview|4\ncarlosc1b19 has agreed to open team sheets.\n|inactive|Battle timer is ON: inactive players will automatically lose when time's up. (requested by carlosc1b19)\n|inactive|AgenteDino has 60 seconds left.\n|inactive|carlosc1b19 has 60 seconds left.\n|c|\u2606carlosc1b19|acepta teamsheets\n|c|\u2606carlosc1b19|gl hf\nAgenteDino has agreed to open team sheets.\n|showteam|p1|Tornadus||SitrusBerry|Prankster|Tailwind,Taunt,BleakwindStorm,RainDance|||M|||50|,,,,,Ghost]Urshifu-Rapid-Strike||MysticWater|UnseenFist|CloseCombat,AquaJet,SurgingStrikes,Detect|||M|||50|,,,,,Water]Chien-Pao||FocusSash|SwordofRuin|IceSpinner,SacredSword,SuckerPunch,Protect||||||50|,,,,,Ghost]Dragonite||ChoiceBand|InnerFocus|ExtremeSpeed,IronHead,Outrage,StompingTantrum|||M|||50|,,,,,Normal]Iron Hands||AssaultVest|QuarkDrive|WildCharge,DrainPunch,VoltSwitch,FakeOut||||||50|,,,,,Grass]Flutter Mane||BoosterEnergy|Protosynthesis|Protect,ShadowBall,Substitute,DazzlingGleam||||||50|,,,,,Water\n|showteam|p2|Tornadus||CovertCloak|Prankster|BleakwindStorm,SunnyDay,Tailwind,Taunt|||M|||50|,,,,,Dark]Flutter Mane||ChoiceSpecs|Protosynthesis|Moonblast,ShadowBall,DazzlingGleam,Thunderbolt||||||50|,,,,,Fairy]Rillaboom||AssaultVest|GrassySurge|StompingTantrum,WoodHammer,GrassyGlide,FakeOut|||F|||50|,,,,,Water]Ogerpon-Hearthflame||HearthflameMask|MoldBreaker|IvyCudgel,WoodHammer,GrassyGlide,SpikyShield|||F|||50|,,,,,Fire]Chien-Pao||FocusSash|SwordofRuin|IcicleCrash,Crunch,SuckerPunch,Protect||||||50|,,,,,Ghost]Dragonite||ChoiceBand|InnerFocus|ExtremeSpeed,Outrage,StompingTantrum,AquaJet|||F|||50|,,,,,Normal\n|\n|t:|1700332626\n|start\n|switch|p1a: Tornadus|Tornadus, L50, M|100\/100\n|switch|p1b: Iron Hands|Iron Hands, L50|100\/100\n|switch|p2a: Ventisca|Tornadus, L50, M|100\/100\n|switch|p2b: Rillaboom|Rillaboom, L50, F|100\/100\n|-fieldstart|move: Grassy Terrain|[from] ability: Grassy Surge|[of] p2b: Rillaboom\n|turn|1\n|\n|t:|1700332643\n|move|p2b: Rillaboom|Fake Out|p1b: Iron Hands\n|-damage|p1b: Iron Hands|93\/100\n|move|p2a: Ventisca|Tailwind|p2a: Ventisca\n|-sidestart|p2: carlosc1b19|move: Tailwind\n|move|p1a: Tornadus|Bleakwind Storm|p2b: Rillaboom|[spread] p2a,p2b\n|-supereffective|p2b: Rillaboom\n|-damage|p2a: Ventisca|58\/100\n|-damage|p2b: Rillaboom|51\/100\n|-unboost|p2b: Rillaboom|spe|1\n|cant|p1b: Iron Hands|flinch\n|\n|-heal|p2b: Rillaboom|57\/100|[from] Grassy Terrain\n|-heal|p1b: Iron Hands|99\/100|[from] Grassy Terrain\n|upkeep\n|turn|2\n|\n|t:|1700332663\n|move|p2a: Ventisca|Sunny Day|p2a: Ventisca\n|-weather|SunnyDay\n|move|p1a: Tornadus|Tailwind|p1a: Tornadus\n|-sidestart|p1: AgenteDino|move: Tailwind\n|move|p2b: Rillaboom|Wood Hammer|p1a: Tornadus\n|-resisted|p1a: Tornadus\n|-damage|p1a: Tornadus|45\/100\n|-enditem|p1a: Tornadus|Sitrus Berry|[eat]\n|-heal|p1a: Tornadus|70\/100|[from] item: Sitrus Berry\n|-damage|p2b: Rillaboom|42\/100|[from] Recoil\n|move|p1b: Iron Hands|Volt Switch|p2a: Ventisca\n|-supereffective|p2a: Ventisca\n|-damage|p2a: Ventisca|28\/100\n|\n|t:|1700332683\n|-end|p1b: Iron Hands|Quark Drive|[silent]\n|switch|p1b: Flutter Mane|Flutter Mane, L50|100\/100|[from] Volt Switch\n|-activate|p1b: Flutter Mane|ability: Protosynthesis\n|-start|p1b: Flutter Mane|protosynthesisspa\n|\n|-weather|SunnyDay|[upkeep]\n|-heal|p2b: Rillaboom|47\/100|[from] Grassy Terrain\n|upkeep\n|turn|3\n|\n|t:|1700332706\n|move|p1a: Tornadus|Rain Dance|p1a: Tornadus\n|-weather|RainDance\n|-end|p1b: Flutter Mane|Protosynthesis\n|-enditem|p1b: Flutter Mane|Booster Energy\n|-activate|p1b: Flutter Mane|ability: Protosynthesis|[fromitem]\n|-start|p1b: Flutter Mane|protosynthesisspa\n|move|p2b: Rillaboom|Grassy Glide|p1b: Flutter Mane\n|-damage|p1b: Flutter Mane|40\/100\n|move|p1b: Flutter Mane|Dazzling Gleam|p2a: Ventisca|[spread] p2a,p2b\n|-damage|p2a: Ventisca|0 fnt\n|-damage|p2b: Rillaboom|21\/100\n|faint|p2a: Ventisca\n|\n|-weather|RainDance|[upkeep]\n|-heal|p1b: Flutter Mane|46\/100|[from] Grassy Terrain\n|-heal|p2b: Rillaboom|27\/100|[from] Grassy Terrain\n|upkeep\n|\n|t:|1700332721\n|switch|p2a: Chien-Pao|Chien-Pao, L50|100\/100\n|-ability|p2a: Chien-Pao|Sword of Ruin\n|turn|4\n|\n|t:|1700332748\n|move|p1b: Flutter Mane|Protect|p1b: Flutter Mane\n|-singleturn|p1b: Flutter Mane|Protect\n|move|p2a: Chien-Pao|Sucker Punch|p1a: Tornadus\n|-damage|p1a: Tornadus|3\/100\n|move|p2b: Rillaboom|Grassy Glide|p1b: Flutter Mane\n|-activate|p1b: Flutter Mane|move: Protect\n|move|p1a: Tornadus|Bleakwind Storm|p2a: Chien-Pao|[spread] p2a,p2b\n|-supereffective|p2b: Rillaboom\n|-damage|p2a: Chien-Pao|40\/100\n|-damage|p2b: Rillaboom|0 fnt\n|faint|p2b: Rillaboom\n|\n|-weather|RainDance|[upkeep]\n|-heal|p2a: Chien-Pao|46\/100|[from] Grassy Terrain\n|-heal|p1b: Flutter Mane|52\/100|[from] Grassy Terrain\n|-sideend|p2: carlosc1b19|move: Tailwind\n|upkeep\n|\n|t:|1700332758\n|switch|p2b: Ogerpon|Ogerpon-Hearthflame, L50, F|100\/100\n|-ability|p2b: Ogerpon|Mold Breaker\n|turn|5\n|\n|t:|1700332772\n|move|p2a: Chien-Pao|Sucker Punch||[still]\n|-fail|p2a: Chien-Pao\n|move|p2b: Ogerpon|Grassy Glide|p1a: Tornadus\n|-resisted|p1a: Tornadus\n|-damage|p1a: Tornadus|0 fnt\n|faint|p1a: Tornadus\n|move|p1b: Flutter Mane|Substitute|p1b: Flutter Mane\n|-start|p1b: Flutter Mane|Substitute\n|-damage|p1b: Flutter Mane|27\/100\n|\n|-weather|RainDance|[upkeep]\n|-heal|p1b: Flutter Mane|34\/100|[from] Grassy Terrain\n|-heal|p2a: Chien-Pao|52\/100|[from] Grassy Terrain\n|-sideend|p1: AgenteDino|move: Tailwind\n|-fieldend|move: Grassy Terrain\n|upkeep\n|\n|t:|1700332784\n|switch|p1a: Chien-Pao|Chien-Pao, L50|100\/100\n|-ability|p1a: Chien-Pao|Sword of Ruin\n|turn|6\n|inactive|carlosc1b19 has 30 seconds left.\n|\n|t:|1700332810\n|-terastallize|p2b: Ogerpon|Fire\n|detailschange|p2b: Ogerpon|Ogerpon-Hearthflame-Tera, L50, F, tera:Fire\n|-ability|p2b: Ogerpon|Embody Aspect (Hearthflame)|boost\n|-boost|p2b: Ogerpon|atk|1\n|move|p2a: Chien-Pao|Protect|p2a: Chien-Pao\n|-singleturn|p2a: Chien-Pao|Protect\n|move|p1a: Chien-Pao|Ice Spinner|p2b: Ogerpon\n|-resisted|p2b: Ogerpon\n|-damage|p2b: Ogerpon|65\/100\n|move|p1b: Flutter Mane|Dazzling Gleam|p2b: Ogerpon|[spread] p2b\n|-activate|p2a: Chien-Pao|move: Protect\n|-resisted|p2b: Ogerpon\n|-damage|p2b: Ogerpon|43\/100\n|move|p2b: Ogerpon|Ivy Cudgel|p1a: Chien-Pao|[anim] Ivy Cudgel Fire\n|-supereffective|p1a: Chien-Pao\n|-crit|p1a: Chien-Pao\n|-enditem|p1a: Chien-Pao|Focus Sash\n|-damage|p1a: Chien-Pao|1\/100\n|\n|-weather|RainDance|[upkeep]\n|upkeep\n|turn|7\n|\n|t:|1700332834\n|move|p1a: Chien-Pao|Protect|p1a: Chien-Pao\n|-singleturn|p1a: Chien-Pao|Protect\n|move|p2a: Chien-Pao|Sucker Punch|p1b: Flutter Mane\n|-crit|p1b: Flutter Mane\n|-end|p1b: Flutter Mane|Substitute\n|move|p1b: Flutter Mane|Dazzling Gleam|p2a: Chien-Pao|[spread] p2a,p2b\n|-supereffective|p2a: Chien-Pao\n|-resisted|p2b: Ogerpon\n|-damage|p2a: Chien-Pao|0 fnt\n|-damage|p2b: Ogerpon|22\/100\n|faint|p2a: Chien-Pao\n|move|p2b: Ogerpon|Grassy Glide|p1a: Chien-Pao\n|-activate|p1a: Chien-Pao|move: Protect\n|\n|-weather|none\n|upkeep\n|turn|8\n|\n|t:|1700332849\n|move|p2b: Ogerpon|Spiky Shield|p2b: Ogerpon\n|-singleturn|p2b: Ogerpon|move: Protect\n|move|p1a: Chien-Pao|Sucker Punch||[still]\n|-fail|p1a: Chien-Pao\n|move|p1b: Flutter Mane|Dazzling Gleam|p2b: Ogerpon\n|-activate|p2b: Ogerpon|move: Protect\n|\n|upkeep\n|turn|9\n|\n|t:|1700332858\n|move|p1a: Chien-Pao|Sucker Punch|p2b: Ogerpon\n|-damage|p2b: Ogerpon|0 fnt\n|faint|p2b: Ogerpon\n|\n|win|AgenteDino\n|c|\u2606carlosc1b19|gg\n|c|\u2606AgenteDino|Gg\n|l|\u2606carlosc1b19\n","uploadtime":1700332985,"views":18,"p1id":"agentedino","p2id":"carlosc1b19","formatid":"gen9vgc2023regulatione","rating":0,"private":0,"password":""}