{"id":"gen9vgc2023regulatione-1994336415","p1":"Pink_SSB","p2":"TakinaVGC","format":"[Gen 9] VGC 2023 Regulation E","log":"|j|\u2606Pink_SSB\n|j|\u2606TakinaVGC\n|n|\u2606Pink_SSB|pinkssb\n|n|\u2606TakinaVGC|takinavgc\n|html|View the match progress at <a href=\"\/game-bestof3-gen9vgc2023regulatione-1994336414\">game-bestof3-gen9vgc2023regulatione-1994336414<\/a>\n|t:|1700432471\n|gametype|doubles\n|player|p1|Pink_SSB|1|\n|player|p2|TakinaVGC|cynthia|\n|teamsize|p1|6\n|teamsize|p2|6\n|gen|9\n|tier|[Gen 9] VGC 2023 Regulation E\n|rule|Species Clause: Limit one of each Pok\u00e9mon\n|rule|Item Clause: Limit one of each item\n|clearpoke\n|poke|p1|Eiscue, L50, M|\n|poke|p1|Iron Hands, L50|\n|poke|p1|Sinistcha, L50|\n|poke|p1|Landorus-Therian, L50, M|\n|poke|p1|Heatran, L50, M|\n|poke|p1|Flutter Mane, L50|\n|poke|p2|Arcanine-Hisui, L50, M|\n|poke|p2|Tornadus, L50, M|\n|poke|p2|Urshifu-*, L50, M|\n|poke|p2|Rillaboom, L50, M|\n|poke|p2|Regidrago, L50|\n|poke|p2|Scizor, L50, M|\n|teampreview|4\n|inactive|Battle timer is ON: inactive players will automatically lose when time's up. (requested by TakinaVGC)\nTakinaVGC has agreed to open team sheets.\n|inactiveoff|Battle timer is now OFF.\nPink_SSB has agreed to open team sheets.\n|showteam|p1|Eiscue||SitrusBerry|IceFace|IcicleCrash,Liquidation,BellyDrum,Protect|||M|||50|,,,,,Ghost]Iron Hands||AssaultVest|QuarkDrive|WildCharge,DrainPunch,FakeOut,HeavySlam||||||50|,,,,,Water]Sinistcha||RockyHelmet|Hospitality|MatchaGotcha,RagePowder,StrengthSap,TrickRoom||||||50|,,,,,Fire]Landorus-Therian||ChoiceScarf|Intimidate|StompingTantrum,TeraBlast,RockSlide,Uturn|||M|||50|,,,,,Flying]Heatran||Leftovers|FlashFire|FlashCannon,HeatWave,EarthPower,Protect|||M|||50|,,,,,Grass]Flutter Mane||BoosterEnergy|Protosynthesis|Moonblast,DazzlingGleam,ShadowBall,Protect||||||50|,,,,,Fairy\n|showteam|p2|Arcanine-Hisui||ChoiceBand|Intimidate|FlareBlitz,RockSlide,ExtremeSpeed,HeadSmash|||M|||50|,,,,,Water]Tornadus||SharpBeak|Prankster|Tailwind,BleakwindStorm,RainDance,Protect|||M|||50|,,,,,Dragon]Urshifu-Rapid-Strike||MysticWater|UnseenFist|SurgingStrikes,AquaJet,CloseCombat,Protect|||M|||50|,,,,,Water]Rillaboom||AssaultVest|GrassySurge|FakeOut,GrassyGlide,WoodHammer,HighHorsepower|||M|||50|,,,,,Fire]Regidrago||DragonFang|DragonsMaw|DragonEnergy,DracoMeteor,EarthPower,Protect||||||50|,,,,,Steel]Scizor||ClearAmulet|Technician|BulletPunch,BugBite,Protect,DualWingbeat|||M|||50|,,,,,Water\n|inactive|Battle timer is ON: inactive players will automatically lose when time's up. (requested by Pink_SSB)\n|\n|t:|1700432586\n|start\n|switch|p1a: Tera-Ass|Heatran, L50, M|100\/100\n|switch|p1b: Uncle Lando|Landorus-Therian, L50, M|100\/100\n|switch|p2a: Tornadus|Tornadus, L50, M|100\/100\n|switch|p2b: Arcanine|Arcanine-Hisui, L50, M|100\/100\n|-ability|p1b: Uncle Lando|Intimidate|boost\n|-unboost|p2a: Tornadus|atk|1\n|-unboost|p2b: Arcanine|atk|1\n|-ability|p2b: Arcanine|Intimidate|boost\n|-unboost|p1a: Tera-Ass|atk|1\n|-unboost|p1b: Uncle Lando|atk|1\n|turn|1\n|inactive|TakinaVGC has 30 seconds left.\n|\n|t:|1700432617\n|-terastallize|p2b: Arcanine|Water\n|move|p2a: Tornadus|Tailwind|p2a: Tornadus\n|-sidestart|p2: TakinaVGC|move: Tailwind\n|move|p2b: Arcanine|Head Smash|p1b: Uncle Lando\n|-damage|p1b: Uncle Lando|24\/100\n|-damage|p2b: Arcanine|65\/100|[from] Recoil\n|move|p1b: Uncle Lando|U-turn|p2b: Arcanine\n|-damage|p2b: Arcanine|45\/100\n|\n|t:|1700432632\n|switch|p1b: Brian Hands|Iron Hands, L50|100\/100|[from] U-turn\n|move|p1a: Tera-Ass|Heat Wave|p2a: Tornadus|[spread] p2a,p2b\n|-resisted|p2b: Arcanine\n|-damage|p2a: Tornadus|56\/100\n|-damage|p2b: Arcanine|24\/100\n|\n|upkeep\n|turn|2\n|\n|t:|1700432652\n|switch|p2b: Regidrago|Regidrago, L50|100\/100\n|move|p1b: Brian Hands|Fake Out|p2a: Tornadus\n|-damage|p2a: Tornadus|39\/100\n|cant|p2a: Tornadus|flinch\n|move|p1a: Tera-Ass|Earth Power|p2b: Regidrago\n|-damage|p2b: Regidrago|64\/100\n|\n|upkeep\n|turn|3\n|inactive|TakinaVGC has 30 seconds left.\n|\n|t:|1700432679\n|move|p2a: Tornadus|Bleakwind Storm|p1b: Brian Hands|[spread] p1a\n|-miss|p2a: Tornadus|p1b: Brian Hands\n|-resisted|p1a: Tera-Ass\n|-damage|p1a: Tera-Ass|80\/100\n|move|p2b: Regidrago|Dragon Energy|p1b: Brian Hands|[spread] p1a,p1b\n|-resisted|p1a: Tera-Ass\n|-damage|p1a: Tera-Ass|55\/100\n|-damage|p1b: Brian Hands|70\/100\n|move|p1a: Tera-Ass|Heat Wave|p2a: Tornadus|[spread] p2b\n|-miss|p1a: Tera-Ass|p2a: Tornadus\n|-resisted|p2b: Regidrago\n|-damage|p2b: Regidrago|43\/100\n|move|p1b: Brian Hands|Drain Punch|p2b: Regidrago\n|-damage|p2b: Regidrago|0 fnt\n|-heal|p1b: Brian Hands|94\/100|[from] drain|[of] p2b: Regidrago\n|faint|p2b: Regidrago\n|\n|-heal|p1a: Tera-Ass|61\/100|[from] item: Leftovers\n|upkeep\n|\n|t:|1700432692\n|switch|p2b: Urshifu|Urshifu-Rapid-Strike, L50, M|100\/100\n|turn|4\n|inactive|Pink_SSB has 30 seconds left.\n|\n|t:|1700432718\n|switch|p2a: Arcanine|Arcanine-Hisui, L50, M, tera:Water|24\/100\n|-ability|p2a: Arcanine|Intimidate|boost\n|-unboost|p1a: Tera-Ass|atk|1\n|-unboost|p1b: Brian Hands|atk|1\n|-terastallize|p1a: Tera-Ass|Grass\n|move|p2b: Urshifu|Protect|p2b: Urshifu\n|-singleturn|p2b: Urshifu|Protect\n|move|p1a: Tera-Ass|Protect|p1a: Tera-Ass\n|-singleturn|p1a: Tera-Ass|Protect\n|move|p1b: Brian Hands|Wild Charge|p2a: Arcanine\n|-supereffective|p2a: Arcanine\n|-damage|p2a: Arcanine|0 fnt\n|faint|p2a: Arcanine\n|-damage|p1b: Brian Hands|89\/100|[from] Recoil\n|\n|-heal|p1a: Tera-Ass|67\/100|[from] item: Leftovers\n|-sideend|p2: TakinaVGC|move: Tailwind\n|upkeep\n|\n|t:|1700432729\n|switch|p2a: Tornadus|Tornadus, L50, M|39\/100\n|turn|5\n|\n|t:|1700432743\n|switch|p1a: Uncle Lando|Landorus-Therian, L50, M|24\/100\n|-ability|p1a: Uncle Lando|Intimidate|boost\n|-unboost|p2a: Tornadus|atk|1\n|-unboost|p2b: Urshifu|atk|1\n|move|p2b: Urshifu|Close Combat|p1b: Brian Hands\n|-damage|p1b: Brian Hands|63\/100\n|-unboost|p2b: Urshifu|def|1\n|-unboost|p2b: Urshifu|spd|1\n|move|p2a: Tornadus|Bleakwind Storm|p1b: Brian Hands|[spread] p1a,p1b\n|-damage|p1a: Uncle Lando|0 fnt\n|-damage|p1b: Brian Hands|39\/100\n|faint|p1a: Uncle Lando\n|move|p1b: Brian Hands|Wild Charge|p2a: Tornadus\n|-supereffective|p2a: Tornadus\n|-damage|p2a: Tornadus|0 fnt\n|faint|p2a: Tornadus\n|-damage|p1b: Brian Hands|32\/100|[from] Recoil\n|\n|upkeep\n|\n|t:|1700432759\n|switch|p1a: Brian's Sippy Cup|Sinistcha, L50|100\/100\n|-heal|p1b: Brian Hands|57\/100|[from] ability: Hospitality|[of] p1a: Brian's Sippy Cup\n|turn|6\n|\n|t:|1700432768\n|move|p2b: Urshifu|Surging Strikes|p1b: Brian Hands\n|-crit|p1b: Brian Hands\n|-damage|p1b: Brian Hands|42\/100\n|-crit|p1b: Brian Hands\n|-damage|p1b: Brian Hands|25\/100\n|-crit|p1b: Brian Hands\n|-damage|p1b: Brian Hands|6\/100\n|-hitcount|p1b: Brian Hands|3\n|move|p1a: Brian's Sippy Cup|Matcha Gotcha|p2b: Urshifu\n|-supereffective|p2b: Urshifu\n|-damage|p2b: Urshifu|0 fnt\n|faint|p2b: Urshifu\n|\n|win|Pink_SSB\n|c|&|\/uhtml prompt-takinavgc,TakinaVGC is ready for game 2!\n|inactive|Pink_SSB has 50 seconds to confirm battle start!\n|c|&|\/uhtml prompt-pinkssb,Pink_SSB is ready for game 2!\nBoth players are ready! Starting next match!\n","uploadtime":1700433111,"views":12,"p1id":"pinkssb","p2id":"takinavgc","formatid":"gen9vgc2023regulatione","rating":0,"private":0,"password":""}