{"id":"gen9vgc2023regulatione-1987883724","p1":"Slowlat","p2":"christianfinity2","format":"[Gen 9] VGC 2023 Regulation E","log":"|j|\u2606Slowlat\n|j|\u2606christianfinity2\n|t:|1699645694\n|gametype|doubles\n|player|p1|Slowlat|medium|1443\n|player|p2|christianfinity2|youngathlete|1584\n|teamsize|p1|6\n|teamsize|p2|6\n|gen|9\n|tier|[Gen 9] VGC 2023 Regulation E\n|rated|\n|rule|Species Clause: Limit one of each Pok\u00e9mon\n|rule|Item Clause: Limit one of each item\n|clearpoke\n|poke|p1|Grimmsnarl, L50, M|\n|poke|p1|Ursaluna-Bloodmoon, L50, M|\n|poke|p1|Landorus, L50, M|\n|poke|p1|Iron Hands, L50|\n|poke|p1|Sinistcha, L50|\n|poke|p1|Regieleki, L50|\n|poke|p2|Ninetales-Alola, L50, F|\n|poke|p2|Baxcalibur, L50, F|\n|poke|p2|Arcanine-Hisui, L50, M|\n|poke|p2|Gholdengo, L50|\n|poke|p2|Rillaboom, L50, M|\n|poke|p2|Ogerpon-Wellspring, L50, F|\n|teampreview|4\n|j| itsyaboyandy94\n|\n|t:|1699645735\n|start\n|switch|p1a: Grimmsnarl|Grimmsnarl, L50, M, shiny|100\/100\n|switch|p1b: Iron Hands|Iron Hands, L50|100\/100\n|switch|p2a: Serendipity|Ninetales-Alola, L50, F, shiny|100\/100\n|switch|p2b: 50 Cent|Gholdengo, L50, shiny|100\/100\n|-weather|Snow|[from] ability: Snow Warning|[of] p2a: Serendipity\n|turn|1\n|c|\u2606Slowlat|hello again itsyaboyandy94 good to see you\n|\n|t:|1699645760\n|-terastallize|p1a: Grimmsnarl|Poison\n|move|p1a: Grimmsnarl|Light Screen|p1a: Grimmsnarl\n|-sidestart|p1: Slowlat|move: Light Screen\n|move|p2a: Serendipity|Aurora Veil|p2a: Serendipity\n|-sidestart|p2: christianfinity2|move: Aurora Veil\n|move|p2b: 50 Cent|Nasty Plot|p2b: 50 Cent\n|-boost|p2b: 50 Cent|spa|2\n|move|p1b: Iron Hands|Heavy Slam|p2a: Serendipity\n|-supereffective|p2a: Serendipity\n|-damage|p2a: Serendipity|0 fnt\n|faint|p2a: Serendipity\n|\n|-weather|Snow|[upkeep]\n|upkeep\n|\n|t:|1699645774\n|switch|p2a: Baxter|Baxcalibur, L50, F|100\/100\n|turn|2\n|\n|t:|1699645793\n|move|p1a: Grimmsnarl|Reflect|p1a: Grimmsnarl\n|-sidestart|p1: Slowlat|Reflect\n|move|p2a: Baxter|Dragon Dance|p2a: Baxter\n|-boost|p2a: Baxter|atk|1\n|-boost|p2a: Baxter|spe|1\n|move|p2b: 50 Cent|Nasty Plot|p2b: 50 Cent\n|-boost|p2b: 50 Cent|spa|2\n|move|p1b: Iron Hands|Wild Charge|p2b: 50 Cent\n|-damage|p2b: 50 Cent|65\/100\n|-damage|p1b: Iron Hands|94\/100|[from] Recoil\n|\n|-weather|Snow|[upkeep]\n|-heal|p2b: 50 Cent|72\/100|[from] item: Leftovers\n|upkeep\n|turn|3\n|\n|t:|1699645809\n|move|p2a: Baxter|High Horsepower|p1b: Iron Hands\n|-supereffective|p1b: Iron Hands\n|-crit|p1b: Iron Hands\n|-damage|p1b: Iron Hands|0 fnt\n|faint|p1b: Iron Hands\n|-end|p1b: Iron Hands|Quark Drive|[silent]\n|move|p2b: 50 Cent|Shadow Ball|p1a: Grimmsnarl\n|-damage|p1a: Grimmsnarl|46\/100\n|move|p1a: Grimmsnarl|Spirit Break|p2b: 50 Cent\n|-resisted|p2b: 50 Cent\n|-damage|p2b: 50 Cent|63\/100\n|-unboost|p2b: 50 Cent|spa|1\n|\n|-weather|Snow|[upkeep]\n|-heal|p2b: 50 Cent|69\/100|[from] item: Leftovers\n|upkeep\n|\n|t:|1699645813\n|switch|p1b: Sinistcha|Sinistcha, L50|100\/100\n|-heal|p1a: Grimmsnarl|70\/100|[from] ability: Hospitality|[of] p1b: Sinistcha\n|turn|4\n|\n|t:|1699645823\n|move|p2a: Baxter|Icicle Crash|p1b: Sinistcha\n|-supereffective|p1b: Sinistcha\n|-damage|p1b: Sinistcha|31\/100\n|move|p2b: 50 Cent|Shadow Ball|p1b: Sinistcha\n|-supereffective|p1b: Sinistcha\n|-damage|p1b: Sinistcha|0 fnt\n|faint|p1b: Sinistcha\n|move|p1a: Grimmsnarl|Spirit Break|p2b: 50 Cent\n|-resisted|p2b: 50 Cent\n|-damage|p2b: 50 Cent|60\/100\n|-unboost|p2b: 50 Cent|spa|1\n|\n|-weather|Snow|[upkeep]\n|-heal|p2b: 50 Cent|66\/100|[from] item: Leftovers\n|upkeep\n|\n|t:|1699645827\n|switch|p1b: Ursaluna|Ursaluna-Bloodmoon, L50, M|100\/100\n|turn|5\n|\n|t:|1699645832\n|move|p1a: Grimmsnarl|Parting Shot|p2a: Baxter\n|-fail|p2a: Baxter|unboost|[from] item: Clear Amulet|[of] p2a: Baxter\n|move|p2a: Baxter|Icicle Crash|p1b: Ursaluna\n|-supereffective|p1b: Ursaluna\n|-damage|p1b: Ursaluna|37\/100\n|-enditem|p1b: Ursaluna|Weakness Policy\n|-boost|p1b: Ursaluna|atk|2|[from] item: Weakness Policy\n|-boost|p1b: Ursaluna|spa|2|[from] item: Weakness Policy\n|move|p2b: 50 Cent|Make It Rain|p1b: Ursaluna|[spread] p1a,p1b\n|-damage|p1a: Grimmsnarl|25\/100\n|-damage|p1b: Ursaluna|0 fnt\n|-unboost|p2b: 50 Cent|spa|1\n|faint|p1b: Ursaluna\n|\n|-weather|none\n|-heal|p2b: 50 Cent|73\/100|[from] item: Leftovers\n|upkeep\n|turn|6\n|-message|Slowlat forfeited.\n|\n|win|christianfinity2\n|raw|Slowlat's rating: 1443 &rarr; <strong>1431<\/strong><br \/>(-12 for losing)\n|raw|christianfinity2's rating: 1584 &rarr; <strong>1596<\/strong><br \/>(+12 for winning)\n|l|\u2606Slowlat\n|c|\u2606christianfinity2|gg\n|c|\u2606christianfinity2|lol\n|l| itsyaboyandy94\n|player|p2|christianfinity2|youngathlete\n","uploadtime":1699645871,"views":41,"p1id":"slowlat","p2id":"christianfinity2","formatid":"gen9vgc2023regulatione","rating":1431,"private":0,"password":""}