{"id":"gen9vgc2023regulatione-1990720744","p1":"AXELLARAMENA","p2":"Ryneek","format":"[Gen 9] VGC 2023 Regulation E","log":"|j|\u2606AXELLARAMENA\n|j|\u2606Ryneek\n|t:|1699994682\n|gametype|doubles\n|player|p1|AXELLARAMENA|101|1066\n|player|p2|Ryneek|gambler|1097\n|teamsize|p1|6\n|teamsize|p2|6\n|gen|9\n|tier|[Gen 9] VGC 2023 Regulation E\n|rated|\n|rule|Species Clause: Limit one of each Pok\u00e9mon\n|rule|Item Clause: Limit one of each item\n|clearpoke\n|poke|p1|Torterra, L50, F|\n|poke|p1|Sinistcha, L50|\n|poke|p1|Kommo-o, L50, M|\n|poke|p1|Dragonite, L50, F|\n|poke|p1|Grumpig, L50, M|\n|poke|p1|Talonflame, L50, M|\n|poke|p2|Gastrodon, L50, M|\n|poke|p2|Toxicroak, L50, F|\n|poke|p2|Torkoal, L50, M|\n|poke|p2|Shiftry, L50, M|\n|poke|p2|Iron Hands, L50|\n|poke|p2|Urshifu-*, L50, M|\n|teampreview|4\n|\n|t:|1699994722\n|start\n|switch|p1a: Talonflame|Talonflame, L50, M, shiny|100\/100\n|switch|p1b: Sinistcha|Sinistcha, L50, shiny|100\/100\n|switch|p2a: Torkoal|Torkoal, L50, M|100\/100\n|switch|p2b: Shiftry|Shiftry, L50, M|100\/100\n|-weather|SunnyDay|[from] ability: Drought|[of] p2a: Torkoal\n|turn|1\n|\n|t:|1699994742\n|switch|p1b: Grumpig|Grumpig, L50, M, shiny|100\/100\n|move|p1a: Talonflame|Protect|p1a: Talonflame\n|-singleturn|p1a: Talonflame|Protect\n|move|p2b: Shiftry|Weather Ball|p1b: Grumpig\n|-damage|p1b: Grumpig|78\/100\n|-damage|p2b: Shiftry|91\/100|[from] item: Life Orb\n|move|p2a: Torkoal|Burning Jealousy|p1a: Talonflame|[spread] p1b\n|-activate|p1a: Talonflame|move: Protect\n|-damage|p1b: Grumpig|67\/100\n|\n|-weather|SunnyDay|[upkeep]\n|upkeep\n|turn|2\n|\n|t:|1699994781\n|move|p1a: Talonflame|Brave Bird|p2b: Shiftry\n|-supereffective|p2b: Shiftry\n|-damage|p2b: Shiftry|0 fnt\n|faint|p2b: Shiftry\n|-damage|p1a: Talonflame|68\/100|[from] Recoil\n|-damage|p1a: Talonflame|59\/100|[from] item: Life Orb\n|move|p1b: Grumpig|Taunt|p2a: Torkoal\n|-start|p2a: Torkoal|move: Taunt\n|move|p2a: Torkoal|Burning Jealousy|p1b: Grumpig|[spread] p1a,p1b\n|-resisted|p1a: Talonflame\n|-damage|p1a: Talonflame|38\/100\n|-damage|p1b: Grumpig|56\/100\n|\n|-weather|SunnyDay|[upkeep]\n|upkeep\n|\n|t:|1699994789\n|switch|p2b: Iron Hands|Iron Hands, L50|100\/100\n|turn|3\n|\n|t:|1699994838\n|move|p2b: Iron Hands|Fake Out|p1b: Grumpig\n|-damage|p1b: Grumpig|40\/100\n|move|p1a: Talonflame|Brave Bird|p2a: Torkoal\n|-damage|p2a: Torkoal|56\/100\n|-damage|p1a: Talonflame|21\/100|[from] Recoil\n|-damage|p1a: Talonflame|12\/100|[from] item: Life Orb\n|cant|p1b: Grumpig|flinch\n|move|p2a: Torkoal|Burning Jealousy|p1b: Grumpig|[spread] p1a,p1b\n|-resisted|p1a: Talonflame\n|-crit|p1a: Talonflame\n|-damage|p1a: Talonflame|0 fnt\n|-damage|p1b: Grumpig|29\/100\n|faint|p1a: Talonflame\n|\n|-weather|SunnyDay|[upkeep]\n|upkeep\n|\n|t:|1699994854\n|switch|p1a: Torterra|Torterra, L50, F, shiny|100\/100\n|turn|4\n|\n|t:|1699994862\n|-terastallize|p1a: Torterra|Fire\n|move|p2b: Iron Hands|Protect|p2b: Iron Hands\n|-singleturn|p2b: Iron Hands|Protect\n|move|p1b: Grumpig|Simple Beam|p1a: Torterra\n|-endability|p1a: Torterra|Shell Armor|[from] move: Simple Beam\n|-ability|p1a: Torterra|Simple|[from] move: Simple Beam\n|move|p1a: Torterra|Shell Smash|p1a: Torterra\n|-unboost|p1a: Torterra|def|2\n|-unboost|p1a: Torterra|spd|2\n|-boost|p1a: Torterra|atk|4\n|-boost|p1a: Torterra|spa|4\n|-boost|p1a: Torterra|spe|4\n|-enditem|p1a: Torterra|White Herb\n|-clearnegativeboost|p1a: Torterra|[silent]\n|move|p2a: Torkoal|Burning Jealousy|p1b: Grumpig|[spread] p1a,p1b\n|-resisted|p1a: Torterra\n|-damage|p1a: Torterra|89\/100\n|-damage|p1b: Grumpig|19\/100\n|\n|-weather|SunnyDay|[upkeep]\n|-end|p2a: Torkoal|move: Taunt\n|upkeep\n|turn|5\n|\n|t:|1699994888\n|move|p1a: Torterra|Earthquake|p2b: Iron Hands|[spread] p1b,p2a,p2b\n|-supereffective|p2a: Torkoal\n|-supereffective|p2b: Iron Hands\n|-damage|p1b: Grumpig|0 fnt\n|-damage|p2a: Torkoal|0 fnt\n|-damage|p2b: Iron Hands|0 fnt\n|faint|p1b: Grumpig\n|faint|p2a: Torkoal\n|faint|p2b: Iron Hands\n|-end|p2b: Iron Hands|Quark Drive|[silent]\n|\n|-weather|none\n|upkeep\n|\n|t:|1699994897\n|switch|p1b: Sinistcha|Sinistcha, L50, shiny|100\/100\n|switch|p2b: Urshifu|Urshifu-Rapid-Strike, L50, M|100\/100\n|-heal|p1a: Torterra|100\/100|[from] ability: Hospitality|[of] p1b: Sinistcha\n|turn|6\n|\n|t:|1699994911\n|move|p1b: Sinistcha|Rage Powder|p1b: Sinistcha\n|-singleturn|p1b: Sinistcha|move: Rage Powder\n|move|p1a: Torterra|Wood Hammer|p2b: Urshifu\n|-supereffective|p2b: Urshifu\n|-enditem|p2b: Urshifu|Focus Sash\n|-damage|p2b: Urshifu|1\/100\n|-damage|p1a: Torterra|67\/100|[from] Recoil\n|move|p2b: Urshifu|Surging Strikes|p1b: Sinistcha\n|-resisted|p1b: Sinistcha\n|-crit|p1b: Sinistcha\n|-damage|p1b: Sinistcha|92\/100\n|-damage|p2b: Urshifu|0 fnt|[from] item: Rocky Helmet|[of] p1b: Sinistcha\n|faint|p2b: Urshifu\n|\n|win|AXELLARAMENA\n|-hitcount|p1b: Sinistcha|1\n|raw|AXELLARAMENA's rating: 1066 &rarr; <strong>1099<\/strong><br \/>(+33 for winning)\n|raw|Ryneek's rating: 1097 &rarr; <strong>1070<\/strong><br \/>(-27 for losing)\n","uploadtime":1699994930,"views":9,"p1id":"axellaramena","p2id":"ryneek","formatid":"gen9vgc2023regulatione","rating":1070,"private":0,"password":""}