{"id":"gen9vgc2023regulatione-1990744794","p1":"legsyy","p2":"wdytyaia","format":"[Gen 9] VGC 2023 Regulation E","log":"|j|\u2606legsyy\n|j|\u2606wdytyaia\n|t:|1699996821\n|gametype|doubles\n|player|p1|legsyy|101|1080\n|player|p2|wdytyaia|may-masters|1125\n|teamsize|p1|6\n|teamsize|p2|6\n|gen|9\n|tier|[Gen 9] VGC 2023 Regulation E\n|rated|\n|rule|Species Clause: Limit one of each Pok\u00e9mon\n|rule|Item Clause: Limit one of each item\n|clearpoke\n|poke|p1|Iron Hands, L50|\n|poke|p1|Urshifu-*, L50, F|\n|poke|p1|Flutter Mane, L50|\n|poke|p1|Rillaboom, L50, M|\n|poke|p1|Arcanine-Hisui, L50, M|\n|poke|p1|Tornadus, L50, M|\n|poke|p2|Roaring Moon, L50|\n|poke|p2|Arcanine-Hisui, L50, M|\n|poke|p2|Iron Hands, L50|\n|poke|p2|Amoonguss, L50, F|\n|poke|p2|Gholdengo, L50|\n|poke|p2|Zapdos-Galar, L50|\n|teampreview|4\nwdytyaia has agreed to open team sheets.\nlegsyy has agreed to open team sheets.\n|inactive|Battle timer is ON: inactive players will automatically lose when time's up. (requested by wdytyaia)\n|\n|t:|1699996906\n|start\n|switch|p1a: Tornadus|Tornadus, L50, M|100\/100\n|switch|p1b: Arcanine|Arcanine-Hisui, L50, M|100\/100\n|switch|p2a: Iron Hands|Iron Hands, L50|100\/100\n|switch|p2b: Zapdos|Zapdos-Galar, L50|100\/100\n|-ability|p1b: Arcanine|Intimidate|boost\n|-unboost|p2a: Iron Hands|atk|1\n|-unboost|p2b: Zapdos|atk|1\n|-ability|p2b: Zapdos|Defiant|boost\n|-boost|p2b: Zapdos|atk|2\n|turn|1\n|inactive|legsyy has 30 seconds left.\n|inactive|wdytyaia has 30 seconds left.\n|inactive|legsyy has 20 seconds left.\n|inactive|wdytyaia has 20 seconds left.\n|\n|t:|1699996945\n|switch|p1b: Rillaboom|Rillaboom, L50, M|100\/100\n|-fieldstart|move: Grassy Terrain|[from] ability: Grassy Surge|[of] p1b: Rillaboom\n|move|p2a: Iron Hands|Fake Out|p1b: Rillaboom\n|-damage|p1b: Rillaboom|90\/100\n|-damage|p2a: Iron Hands|84\/100|[from] item: Rocky Helmet|[of] p1b: Rillaboom\n|move|p2b: Zapdos|Brave Bird|p1a: Tornadus\n|-damage|p1a: Tornadus|0 fnt\n|faint|p1a: Tornadus\n|-damage|p2b: Zapdos|64\/100|[from] Recoil\n|\n|-heal|p1b: Rillaboom|96\/100|[from] Grassy Terrain\n|-heal|p2a: Iron Hands|90\/100|[from] Grassy Terrain\n|upkeep\n|inactive|legsyy has 30 seconds left.\n|\n|t:|1699996970\n|switch|p1a: Iron Hands|Iron Hands, L50|100\/100\n|turn|2\n|\n|t:|1699996987\n|-end|p2a: Iron Hands|Quark Drive|[silent]\n|switch|p2a: Amoonguss|Amoonguss, L50, F|100\/100\n|move|p1a: Iron Hands|Fake Out|p2b: Zapdos\n|-damage|p2b: Zapdos|49\/100\n|cant|p2b: Zapdos|flinch\n|move|p1b: Rillaboom|High Horsepower|p2a: Amoonguss\n|-damage|p2a: Amoonguss|72\/100\n|\n|-heal|p1b: Rillaboom|100\/100|[from] Grassy Terrain\n|-heal|p2a: Amoonguss|78\/100|[from] Grassy Terrain\n|upkeep\n|turn|3\n|inactive|legsyy has 30 seconds left.\n|inactive|legsyy has 20 seconds left.\n|inactive|legsyy has 15 seconds left.\n|inactive|legsyy has 10 seconds left.\n|inactive|legsyy has 5 seconds left.\n|inactive|wdytyaia has 30 seconds left.\n|\n|t:|1699997039\n|move|p2a: Amoonguss|Rage Powder|p2a: Amoonguss\n|-singleturn|p2a: Amoonguss|move: Rage Powder\n|move|p2b: Zapdos|Brave Bird|p1b: Rillaboom\n|-supereffective|p1b: Rillaboom\n|-damage|p1b: Rillaboom|0 fnt\n|-damage|p2b: Zapdos|32\/100|[from] item: Rocky Helmet|[of] p1b: Rillaboom\n|faint|p1b: Rillaboom\n|-damage|p2b: Zapdos|0 fnt|[from] Recoil\n|faint|p2b: Zapdos\n|move|p1a: Iron Hands|Wild Charge|p2a: Amoonguss\n|-resisted|p2a: Amoonguss\n|-damage|p2a: Amoonguss|60\/100\n|-damage|p1a: Iron Hands|97\/100|[from] Recoil\n|\n|-heal|p1a: Iron Hands|100\/100|[from] Grassy Terrain\n|-heal|p2a: Amoonguss|66\/100|[from] Grassy Terrain\n|upkeep\n|\n|t:|1699997054\n|switch|p2b: Iron Hands|Iron Hands, L50|90\/100\n|switch|p1b: Arcanine|Arcanine-Hisui, L50, M|100\/100\n|-ability|p1b: Arcanine|Intimidate|boost\n|-unboost|p2a: Amoonguss|atk|1\n|-unboost|p2b: Iron Hands|atk|1\n|turn|4\n|inactive|legsyy has 30 seconds left.\n|inactive|legsyy has 20 seconds left.\n|\n|t:|1699997089\n|-terastallize|p1b: Arcanine|Flying\n|move|p2b: Iron Hands|Fake Out|p1b: Arcanine\n|-damage|p1b: Arcanine|88\/100\n|cant|p1b: Arcanine|flinch\n|move|p1a: Iron Hands|Heavy Slam|p2a: Amoonguss\n|-damage|p2a: Amoonguss|34\/100\n|-enditem|p2a: Amoonguss|Sitrus Berry|[eat]\n|-heal|p2a: Amoonguss|59\/100|[from] item: Sitrus Berry\n|move|p2a: Amoonguss|Spore|p1b: Arcanine\n|-status|p1b: Arcanine|slp|[from] move: Spore\n|\n|-heal|p2b: Iron Hands|96\/100|[from] Grassy Terrain\n|-heal|p2a: Amoonguss|65\/100|[from] Grassy Terrain\n|upkeep\n|turn|5\n|inactive|legsyy has 30 seconds left.\n|inactive|legsyy has 20 seconds left.\n|inactive|legsyy has 15 seconds left.\n|inactive|legsyy has 10 seconds left.\n|\n|t:|1699997136\n|cant|p1b: Arcanine|slp\n|move|p2b: Iron Hands|Wild Charge|p1b: Arcanine\n|-supereffective|p1b: Arcanine\n|-damage|p1b: Arcanine|15\/100 slp\n|-enditem|p1b: Arcanine|Sitrus Berry|[eat]\n|-heal|p1b: Arcanine|40\/100 slp|[from] item: Sitrus Berry\n|-damage|p2b: Iron Hands|81\/100|[from] Recoil\n|move|p1a: Iron Hands|Heavy Slam|p2a: Amoonguss\n|-damage|p2a: Amoonguss|33\/100\n|move|p2a: Amoonguss|Spore|p1a: Iron Hands\n|-status|p1a: Iron Hands|slp|[from] move: Spore\n|\n|-heal|p2b: Iron Hands|87\/100|[from] Grassy Terrain\n|-heal|p2a: Amoonguss|39\/100|[from] Grassy Terrain\n|-fieldend|move: Grassy Terrain\n|upkeep\n|turn|6\n|-message|legsyy forfeited.\n|\n|win|wdytyaia\n|raw|legsyy's rating: 1080 &rarr; <strong>1061<\/strong><br \/>(-19 for losing)\n|raw|wdytyaia's rating: 1125 &rarr; <strong>1147<\/strong><br \/>(+22 for winning)\n|l|\u2606legsyy\n","uploadtime":1699997194,"views":8,"p1id":"legsyy","p2id":"wdytyaia","formatid":"gen9vgc2023regulatione","rating":1061,"private":0,"password":""}