{"id":"gen9vgc2023regulatione-1990885010","p1":"StickFlicks","p2":"ShdwempV2","format":"[Gen 9] VGC 2023 Regulation E","log":"|j|\u2606StickFlicks\n|j|\u2606ShdwempV2\n|t:|1700011286\n|gametype|doubles\n|player|p1|StickFlicks|170|1147\n|player|p2|ShdwempV2|cynthia-masters|1078\n|teamsize|p1|6\n|teamsize|p2|6\n|gen|9\n|tier|[Gen 9] VGC 2023 Regulation E\n|rated|\n|rule|Species Clause: Limit one of each Pok\u00e9mon\n|rule|Item Clause: Limit one of each item\n|clearpoke\n|poke|p1|Landorus-Therian, L50, M|\n|poke|p1|Flutter Mane, L50|\n|poke|p1|Weezing, L50, M|\n|poke|p1|Roaring Moon, L50|\n|poke|p1|Ogerpon-Wellspring, L50, F|\n|poke|p1|Iron Hands, L50|\n|poke|p2|Urshifu-*, L50, F|\n|poke|p2|Flutter Mane, L50|\n|poke|p2|Tornadus, L50, M|\n|poke|p2|Rillaboom, L50, F|\n|poke|p2|Arcanine-Hisui, L50, M|\n|poke|p2|Chien-Pao, L50|\n|teampreview|4\n|\n|t:|1700011319\n|start\n|switch|p1a: Landorus|Landorus-Therian, L50, M|100\/100\n|switch|p1b: Flutter Mane|Flutter Mane, L50|100\/100\n|switch|p2a: Tornadus|Tornadus, L50, M|100\/100\n|switch|p2b: Arcanine|Arcanine-Hisui, L50, M|100\/100\n|-ability|p1a: Landorus|Intimidate|boost\n|-unboost|p2a: Tornadus|atk|1\n|-unboost|p2b: Arcanine|atk|1\n|-ability|p2b: Arcanine|Intimidate|boost\n|-unboost|p1a: Landorus|atk|1\n|-unboost|p1b: Flutter Mane|atk|1\n|turn|1\n|\n|t:|1700011337\n|switch|p1a: Weezing|Weezing, L50, M|100\/100\n|-ability|p1a: Weezing|Neutralizing Gas\n|-terastallize|p1b: Flutter Mane|Fairy\n|move|p1b: Flutter Mane|Moonblast|p2a: Tornadus\n|-damage|p2a: Tornadus|0 fnt\n|faint|p2a: Tornadus\n|move|p2b: Arcanine|Flare Blitz|p1b: Flutter Mane\n|-damage|p1b: Flutter Mane|16\/100\n|-damage|p2b: Arcanine|79\/100|[from] Recoil\n|\n|upkeep\n|\n|t:|1700011348\n|switch|p2a: Chien-Pao|Chien-Pao, L50|100\/100\n|turn|2\n|\n|t:|1700011383\n|-end|p1b: Flutter Mane|Protosynthesis|[silent]\n|switch|p1b: Iron Hands|Iron Hands, L50|100\/100\n|move|p2a: Chien-Pao|Sucker Punch||[still]\n|-fail|p2a: Chien-Pao\n|move|p2b: Arcanine|Flare Blitz|p1a: Weezing\n|-damage|p1a: Weezing|65\/100\n|-damage|p2b: Arcanine|68\/100|[from] Recoil\n|move|p1a: Weezing|Will-O-Wisp|p2a: Chien-Pao|[miss]\n|-miss|p1a: Weezing|p2a: Chien-Pao\n|\n|upkeep\n|turn|3\n|\n|t:|1700011412\n|-end|p1a: Weezing|ability: Neutralizing Gas\n|-ability|p2a: Chien-Pao|Sword of Ruin\n|-ability|p2b: Arcanine|Intimidate|boost\n|-unboost|p1a: Weezing|atk|1\n|-unboost|p1b: Iron Hands|atk|1\n|switch|p1a: Landorus|Landorus-Therian, L50, M|100\/100\n|-ability|p1a: Landorus|Intimidate|boost\n|-unboost|p2a: Chien-Pao|atk|1\n|-unboost|p2b: Arcanine|atk|1\n|move|p2a: Chien-Pao|Protect|p2a: Chien-Pao\n|-singleturn|p2a: Chien-Pao|Protect\n|move|p1b: Iron Hands|Fake Out|p2a: Chien-Pao\n|-activate|p2a: Chien-Pao|move: Protect\n|move|p2b: Arcanine|Flare Blitz|p1b: Iron Hands\n|-damage|p1b: Iron Hands|70\/100\n|-damage|p2b: Arcanine|56\/100|[from] Recoil\n|\n|upkeep\n|turn|4\n|\n|t:|1700011465\n|-end|p1b: Iron Hands|Quark Drive|[silent]\n|switch|p1b: Weezing|Weezing, L50, M|65\/100\n|-ability|p1b: Weezing|Neutralizing Gas\n|move|p1a: Landorus|U-turn|p2a: Chien-Pao\n|-supereffective|p2a: Chien-Pao\n|-damage|p2a: Chien-Pao|25\/100\n|\n|t:|1700011472\n|switch|p1a: Iron Hands|Iron Hands, L50|70\/100|[from] U-turn\n|move|p2a: Chien-Pao|Icicle Crash|p1a: Iron Hands\n|-damage|p1a: Iron Hands|50\/100\n|move|p2b: Arcanine|Rock Slide|p1b: Weezing|[spread] p1a,p1b\n|-resisted|p1a: Iron Hands\n|-damage|p1a: Iron Hands|45\/100\n|-damage|p1b: Weezing|53\/100\n|\n|upkeep\n|turn|5\n|\n|t:|1700011512\n|-end|p1b: Weezing|ability: Neutralizing Gas\n|-ability|p2a: Chien-Pao|Sword of Ruin\n|-ability|p2b: Arcanine|Intimidate|boost\n|-unboost|p1a: Iron Hands|atk|1\n|-unboost|p1b: Weezing|atk|1\n|switch|p1b: Landorus|Landorus-Therian, L50, M|100\/100\n|-ability|p1b: Landorus|Intimidate|boost\n|-unboost|p2a: Chien-Pao|atk|1\n|-unboost|p2b: Arcanine|atk|1\n|move|p1a: Iron Hands|Fake Out|p2b: Arcanine\n|-resisted|p2b: Arcanine\n|-damage|p2b: Arcanine|50\/100\n|-enditem|p2b: Arcanine|Sitrus Berry|[eat]\n|-heal|p2b: Arcanine|75\/100|[from] item: Sitrus Berry\n|move|p2a: Chien-Pao|Icicle Crash|p1a: Iron Hands|[miss]\n|-miss|p2a: Chien-Pao|p1a: Iron Hands\n|cant|p2b: Arcanine|flinch\n|\n|upkeep\n|turn|6\n|\n|t:|1700011539\n|move|p1b: Landorus|U-turn|p2a: Chien-Pao\n|-supereffective|p2a: Chien-Pao\n|-damage|p2a: Chien-Pao|0 fnt\n|faint|p2a: Chien-Pao\n|\n|t:|1700011544\n|switch|p1b: Weezing|Weezing, L50, M|53\/100|[from] U-turn\n|-ability|p1b: Weezing|Neutralizing Gas\n|move|p2b: Arcanine|Flare Blitz|p1a: Iron Hands\n|-damage|p1a: Iron Hands|28\/100\n|-damage|p2b: Arcanine|68\/100|[from] Recoil\n|move|p1a: Iron Hands|Drain Punch|p2b: Arcanine\n|-supereffective|p2b: Arcanine\n|-damage|p2b: Arcanine|8\/100\n|-heal|p1a: Iron Hands|52\/100|[from] drain|[of] p2b: Arcanine\n|\n|upkeep\n|\n|t:|1700011547\n|switch|p2a: Urshifu|Urshifu, L50, F|100\/100\n|turn|7\n|\n|t:|1700011578\n|-terastallize|p2a: Urshifu|Dark\n|move|p2a: Urshifu|Wicked Blow|p1a: Iron Hands\n|-resisted|p1a: Iron Hands\n|-crit|p1a: Iron Hands\n|-damage|p1a: Iron Hands|6\/100\n|move|p2b: Arcanine|Flare Blitz|p1a: Iron Hands\n|-damage|p1a: Iron Hands|0 fnt\n|faint|p1a: Iron Hands\n|-end|p1a: Iron Hands|Quark Drive|[silent]\n|-damage|p2b: Arcanine|6\/100|[from] Recoil\n|move|p1b: Weezing|Will-O-Wisp|p2a: Urshifu\n|-status|p2a: Urshifu|brn\n|\n|-damage|p2a: Urshifu|94\/100 brn|[from] brn\n|upkeep\n|\n|t:|1700011594\n|switch|p1a: Landorus|Landorus-Therian, L50, M|100\/100\n|turn|8\n|\n|t:|1700011606\n|move|p1a: Landorus|Rock Slide|p2a: Urshifu|[spread] p2a,p2b\n|-supereffective|p2b: Arcanine\n|-damage|p2a: Urshifu|69\/100 brn\n|-damage|p2b: Arcanine|0 fnt\n|faint|p2b: Arcanine\n|move|p2a: Urshifu|Wicked Blow|p1a: Landorus\n|-crit|p1a: Landorus\n|-damage|p1a: Landorus|36\/100\n|move|p1b: Weezing|Sludge Bomb|p2a: Urshifu\n|-damage|p2a: Urshifu|26\/100 brn\n|\n|-damage|p2a: Urshifu|20\/100 brn|[from] brn\n|upkeep\n|turn|9\n|-message|ShdwempV2 forfeited.\n|\n|win|StickFlicks\n|raw|StickFlicks's rating: 1147 &rarr; <strong>1167<\/strong><br \/>(+20 for winning)\n|raw|ShdwempV2's rating: 1078 &rarr; <strong>1061<\/strong><br \/>(-17 for losing)\n|l|\u2606ShdwempV2\n","uploadtime":1700011623,"views":10,"p1id":"stickflicks","p2id":"shdwempv2","formatid":"gen9vgc2023regulatione","rating":1061,"private":0,"password":""}