{"id":"gen9vgc2023regulatione-1995129086","p1":"GforGamer","p2":"chriscanway","format":"[Gen 9] VGC 2023 Regulation E","log":"|j|\u2606GforGamer\n|j|\u2606chriscanway\n|t:|1700525783\n|gametype|doubles\n|player|p1|GforGamer|palmer|\n|player|p2|chriscanway|ethan|\n|teamsize|p1|6\n|teamsize|p2|6\n|gen|9\n|tier|[Gen 9] VGC 2023 Regulation E\n|rule|Species Clause: Limit one of each Pok\u00e9mon\n|rule|Item Clause: Limit one of each item\n|clearpoke\n|poke|p1|Flutter Mane, L50|\n|poke|p1|Heatran, L50, M|\n|poke|p1|Ogerpon-Wellspring, L50, F|\n|poke|p1|Iron Hands, L50|\n|poke|p1|Landorus-Therian, L50, M|\n|poke|p1|Gholdengo, L50|\n|poke|p2|Tornadus, L50, M|\n|poke|p2|Ogerpon-Wellspring, L50, F|\n|poke|p2|Iron Hands, L50|\n|poke|p2|Arcanine-Hisui, L50, M|\n|poke|p2|Urshifu-*, L50, M|\n|poke|p2|Landorus-Therian, L50, M|\n|teampreview|4\n|inactive|Battle timer is ON: inactive players will automatically lose when time's up. (requested by GforGamer)\nGforGamer has agreed to open team sheets.\n|j| babiwi bewey\u2714\ufe0f\n|j| quarters_ou\n|inactive|chriscanway has 60 seconds left.\n|\n|t:|1700525819\n|start\n|switch|p1a: Landorus|Landorus-Therian, L50, M|100\/100\n|switch|p1b: Iron Hands|Iron Hands, L50|100\/100\n|switch|p2a: Landorus|Landorus-Therian, L50, M|100\/100\n|switch|p2b: Tornadus|Tornadus, L50, M|100\/100\n|-ability|p1a: Landorus|Intimidate|boost\n|-unboost|p2a: Landorus|atk|1\n|-unboost|p2b: Tornadus|atk|1\n|-ability|p2a: Landorus|Intimidate|boost\n|-unboost|p1a: Landorus|atk|1\n|-unboost|p1b: Iron Hands|atk|1\n|turn|1\n|\n|t:|1700525836\n|switch|p1a: Ogerpon|Ogerpon-Wellspring, L50, F|100\/100\n|move|p2b: Tornadus|Tailwind|p2b: Tornadus\n|-sidestart|p2: chriscanway|move: Tailwind\n|move|p2a: Landorus|Stomping Tantrum|p1b: Iron Hands\n|-supereffective|p1b: Iron Hands\n|-damage|p1b: Iron Hands|62\/100\n|move|p1b: Iron Hands|Wild Charge|p2b: Tornadus\n|-supereffective|p2b: Tornadus\n|-damage|p2b: Tornadus|0 fnt\n|faint|p2b: Tornadus\n|-damage|p1b: Iron Hands|46\/100|[from] Recoil\n|\n|upkeep\n|\n|t:|1700525842\n|switch|p2b: Urshifu|Urshifu, L50, M|100\/100\n|turn|2\n|inactive|chriscanway has 30 seconds left.\n|\n|t:|1700525875\n|switch|p2a: Ogerpon|Ogerpon-Wellspring, L50, F|100\/100\n|-end|p1b: Iron Hands|Quark Drive|[silent]\n|switch|p1b: Landorus|Landorus-Therian, L50, M|100\/100\n|-ability|p1b: Landorus|Intimidate|boost\n|-unboost|p2a: Ogerpon|atk|1\n|-unboost|p2b: Urshifu|atk|1\n|move|p2b: Urshifu|Wicked Blow|p1a: Ogerpon\n|-crit|p1a: Ogerpon\n|-damage|p1a: Ogerpon|38\/100\n|move|p1a: Ogerpon|Horn Leech|p2a: Ogerpon\n|-damage|p2a: Ogerpon|52\/100\n|-heal|p1a: Ogerpon|62\/100|[from] drain|[of] p2a: Ogerpon\n|\n|upkeep\n|turn|3\n|inactive|chriscanway has 30 seconds left.\n|\n|t:|1700525900\n|switch|p1a: Iron Hands|Iron Hands, L50|46\/100\n|move|p2b: Urshifu|Wicked Blow|p1a: Iron Hands\n|-resisted|p1a: Iron Hands\n|-crit|p1a: Iron Hands\n|-damage|p1a: Iron Hands|22\/100\n|move|p2a: Ogerpon|Ivy Cudgel|p1b: Landorus|[anim] Ivy Cudgel Water\n|-supereffective|p1b: Landorus\n|-damage|p1b: Landorus|13\/100\n|move|p1b: Landorus|U-turn|p2b: Urshifu\n|-damage|p2b: Urshifu|75\/100\n|\n|t:|1700525912\n|switch|p1b: Gholdengo|Gholdengo, L50|100\/100|[from] U-turn\n|\n|upkeep\n|turn|4\n|\n|t:|1700525930\n|switch|p2b: Landorus|Landorus-Therian, L50, M|100\/100\n|-ability|p2b: Landorus|Intimidate|boost\n|-unboost|p1a: Iron Hands|atk|1\n|-unboost|p1b: Gholdengo|atk|1\n|move|p1a: Iron Hands|Fake Out|p2b: Landorus\n|-damage|p2b: Landorus|89\/100\n|move|p2a: Ogerpon|Ivy Cudgel|p1a: Iron Hands|[anim] Ivy Cudgel Water\n|-damage|p1a: Iron Hands|0 fnt\n|faint|p1a: Iron Hands\n|-end|p1a: Iron Hands|Quark Drive|[silent]\n|move|p1b: Gholdengo|Make It Rain|p2a: Ogerpon|[spread] p2a,p2b\n|-resisted|p2a: Ogerpon\n|-damage|p2a: Ogerpon|28\/100\n|-damage|p2b: Landorus|24\/100\n|-unboost|p1b: Gholdengo|spa|1\n|\n|-sideend|p2: chriscanway|move: Tailwind\n|upkeep\n|\n|t:|1700525945\n|switch|p1a: Landorus|Landorus-Therian, L50, M|13\/100\n|-ability|p1a: Landorus|Intimidate|boost\n|-unboost|p2a: Ogerpon|atk|1\n|-unboost|p2b: Landorus|atk|1\n|turn|5\n|inactive|chriscanway has 30 seconds left.\n|\n|t:|1700525974\n|move|p1b: Gholdengo|Protect|p1b: Gholdengo\n|-singleturn|p1b: Gholdengo|Protect\n|move|p2a: Ogerpon|Follow Me|p2a: Ogerpon\n|-singleturn|p2a: Ogerpon|move: Follow Me\n|move|p1a: Landorus|Rock Slide|p2b: Landorus|[spread] p2a\n|-miss|p1a: Landorus|p2b: Landorus\n|-crit|p2a: Ogerpon\n|-damage|p2a: Ogerpon|0 fnt\n|faint|p2a: Ogerpon\n|move|p2b: Landorus|Stomping Tantrum|p1b: Gholdengo\n|-activate|p1b: Gholdengo|move: Protect\n|\n|upkeep\n|\n|t:|1700525976\n|switch|p2a: Urshifu|Urshifu, L50, M|75\/100\n|turn|6\n|\n|t:|1700525989\n|switch|p1b: Ogerpon|Ogerpon-Wellspring, L50, F|62\/100\n|move|p2a: Urshifu|Sucker Punch|p1a: Landorus\n|-damage|p1a: Landorus|0 fnt\n|faint|p1a: Landorus\n|move|p2b: Landorus|Stomping Tantrum|p1b: Ogerpon\n|-resisted|p1b: Ogerpon\n|-damage|p1b: Ogerpon|48\/100\n|\n|upkeep\n|\n|t:|1700525996\n|switch|p1a: Gholdengo|Gholdengo, L50|100\/100\n|turn|7\n|\n|t:|1700526004\n|-terastallize|p1a: Gholdengo|Dragon\n|move|p2b: Landorus|Stomping Tantrum|p1a: Gholdengo\n|-damage|p1a: Gholdengo|74\/100\n|move|p2a: Urshifu|Wicked Blow|p1b: Ogerpon\n|-crit|p1b: Ogerpon\n|-damage|p1b: Ogerpon|0 fnt\n|faint|p1b: Ogerpon\n|move|p1a: Gholdengo|Make It Rain|p2b: Landorus|[spread] p2a,p2b\n|-damage|p2a: Urshifu|4\/100\n|-damage|p2b: Landorus|0 fnt\n|-unboost|p1a: Gholdengo|spa|1\n|faint|p2b: Landorus\n|\n|-heal|p1a: Gholdengo|80\/100|[from] item: Leftovers\n|upkeep\n|turn|8\n|\n|t:|1700526015\n|-terastallize|p2a: Urshifu|Dark\n|move|p2a: Urshifu|Wicked Blow|p1a: Gholdengo\n|-crit|p1a: Gholdengo\n|-damage|p1a: Gholdengo|0 fnt\n|faint|p1a: Gholdengo\n|\n|win|chriscanway\n","uploadtime":1700526022,"views":3,"p1id":"gforgamer","p2id":"chriscanway","formatid":"gen9vgc2023regulatione","rating":0,"private":0,"password":""}