{"id":"gen9vgc2023regulatione-1991280462","p1":"JabsGR","p2":"Abused24","format":"[Gen 9] VGC 2023 Regulation E","log":"|j|\u2606JabsGR\n|j|\u2606Abused24\n|n|\u2606JabsGR|jabsgr\n|n|\u2606Abused24|abused24\n|html|View the match progress at <a href=\"\/game-bestof3-gen9vgc2023regulatione-1991270756\">game-bestof3-gen9vgc2023regulatione-1991270756<\/a>\n|t:|1700063890\n|gametype|doubles\n|player|p1|JabsGR|170|\n|player|p2|Abused24|dawn|\n|teamsize|p1|6\n|teamsize|p2|6\n|gen|9\n|tier|[Gen 9] VGC 2023 Regulation E\n|rule|Species Clause: Limit one of each Pok\u00e9mon\n|rule|Item Clause: Limit one of each item\n|clearpoke\n|poke|p1|Bisharp, L50, F|\n|poke|p1|Rillaboom, L50, M|\n|poke|p1|Landorus-Therian, L50, M|\n|poke|p1|Illumise, L50, F|\n|poke|p1|Thundurus-Therian, L50, M|\n|poke|p1|Baxcalibur, L50, M|\n|poke|p2|Kingambit, L50, F|\n|poke|p2|Ogerpon-Wellspring, L50, F|\n|poke|p2|Murkrow, L50, F|\n|poke|p2|Fezandipiti, L50, M|\n|poke|p2|Tauros-Paldea-Blaze, L50, M|\n|poke|p2|Thwackey, L50, M|\n|teampreview|4\n|inactive|Battle timer is ON: inactive players will automatically lose when time's up. (requested by JabsGR)\n|inactive|JabsGR has 60 seconds left.\n|\n|t:|1700063925\n|start\n|switch|p1a: Rillaboom|Rillaboom, L50, M|100\/100\n|switch|p1b: Thundurus|Thundurus-Therian, L50, M|100\/100\n|switch|p2a: Kingambit|Kingambit, L50, F|100\/100\n|switch|p2b: Ogerpon|Ogerpon-Wellspring, L50, F|100\/100\n|-fieldstart|move: Grassy Terrain|[from] ability: Grassy Surge|[of] p1a: Rillaboom\n|turn|1\n|\n|t:|1700063943\n|move|p2b: Ogerpon|Spiky Shield|p2b: Ogerpon\n|-singleturn|p2b: Ogerpon|move: Protect\n|move|p2a: Kingambit|Protect|p2a: Kingambit\n|-singleturn|p2a: Kingambit|Protect\n|move|p1b: Thundurus|Wildbolt Storm|p2a: Kingambit|[spread] \n|-activate|p2a: Kingambit|move: Protect\n|-activate|p2b: Ogerpon|move: Protect\n|move|p1a: Rillaboom|Drain Punch|p2a: Kingambit\n|-activate|p2a: Kingambit|move: Protect\n|\n|upkeep\n|turn|2\n|\n|t:|1700063966\n|move|p2b: Ogerpon|Follow Me|p2b: Ogerpon\n|-singleturn|p2b: Ogerpon|move: Follow Me\n|move|p1a: Rillaboom|Grassy Glide|p2b: Ogerpon\n|-damage|p2b: Ogerpon|64\/100\n|move|p1b: Thundurus|Wildbolt Storm|p2a: Kingambit|[spread] p2b\n|-miss|p1b: Thundurus|p2a: Kingambit\n|-damage|p2b: Ogerpon|19\/100\n|move|p2a: Kingambit|Swords Dance|p2a: Kingambit\n|-boost|p2a: Kingambit|atk|2\n|\n|-heal|p2b: Ogerpon|25\/100|[from] Grassy Terrain\n|upkeep\n|turn|3\n|inactive|Abused24 has 30 seconds left.\n|inactive|Abused24 has 20 seconds left.\n|inactive|Abused24 has 15 seconds left.\n|\n|t:|1700064009\n|-terastallize|p2a: Kingambit|Dark\n|move|p2b: Ogerpon|Spiky Shield|p2b: Ogerpon\n|-singleturn|p2b: Ogerpon|move: Protect\n|move|p1b: Thundurus|Wildbolt Storm|p2a: Kingambit|[spread] p2a\n|-activate|p2b: Ogerpon|move: Protect\n|-damage|p2a: Kingambit|59\/100\n|move|p1a: Rillaboom|Drain Punch|p2a: Kingambit\n|-supereffective|p2a: Kingambit\n|-damage|p2a: Kingambit|17\/100\n|move|p2a: Kingambit|Kowtow Cleave|p1b: Thundurus\n|-damage|p1b: Thundurus|0 fnt\n|faint|p1b: Thundurus\n|\n|-heal|p2b: Ogerpon|30\/100|[from] Grassy Terrain\n|-heal|p2a: Kingambit|23\/100|[from] Grassy Terrain\n|upkeep\n|\n|t:|1700064031\n|switch|p1b: Bisharp|Bisharp, L50, F|100\/100\n|turn|4\n|\n|t:|1700064053\n|move|p2b: Ogerpon|Follow Me|p2b: Ogerpon\n|-singleturn|p2b: Ogerpon|move: Follow Me\n|move|p1a: Rillaboom|Grassy Glide|p2b: Ogerpon\n|-damage|p2b: Ogerpon|0 fnt\n|faint|p2b: Ogerpon\n|move|p1b: Bisharp|Brick Break|p2a: Kingambit\n|-supereffective|p2a: Kingambit\n|-damage|p2a: Kingambit|0 fnt\n|faint|p2a: Kingambit\n|\n|upkeep\n|\n|t:|1700064062\n|switch|p2b: Thwackey|Thwackey, L50, M|100\/100\n|switch|p2a: Tauros|Tauros-Paldea-Blaze, L50, M|100\/100\n|-ability|p2a: Tauros|Intimidate|boost\n|-fail|p1a: Rillaboom|unboost|[from] item: Clear Amulet|[of] p1a: Rillaboom\n|-unboost|p1b: Bisharp|atk|1\n|-ability|p1b: Bisharp|Defiant|boost\n|-boost|p1b: Bisharp|atk|2\n|turn|5\n|inactive|JabsGR has 30 seconds left.\n|inactive|Abused24 has 30 seconds left.\n|inactive|Abused24 has 20 seconds left.\n|inactive|Abused24 has 15 seconds left.\n|\n|t:|1700064107\n|switch|p1a: Baxcalibur|Baxcalibur, L50, M|100\/100\n|move|p2b: Thwackey|Fake Out|p1a: Baxcalibur\n|-damage|p1a: Baxcalibur|88\/100\n|move|p2a: Tauros|Rock Slide|p1b: Bisharp|[spread] p1a,p1b\n|-supereffective|p1a: Baxcalibur\n|-resisted|p1b: Bisharp\n|-damage|p1a: Baxcalibur|31\/100\n|-damage|p1b: Bisharp|90\/100\n|move|p1b: Bisharp|Swords Dance|p1b: Bisharp\n|-boost|p1b: Bisharp|atk|2\n|\n|-heal|p1a: Baxcalibur|37\/100|[from] Grassy Terrain\n|-heal|p1b: Bisharp|95\/100|[from] Grassy Terrain\n|-fieldend|move: Grassy Terrain\n|upkeep\n|turn|6\n|inactive|JabsGR has 30 seconds left.\n|\n|t:|1700064135\n|move|p1b: Bisharp|Sucker Punch|p2b: Thwackey\n|-damage|p2b: Thwackey|0 fnt\n|faint|p2b: Thwackey\n|move|p2a: Tauros|Rock Slide|p1b: Bisharp|[spread] p1b\n|-miss|p2a: Tauros|p1a: Baxcalibur\n|-resisted|p1b: Bisharp\n|-damage|p1b: Bisharp|85\/100\n|move|p1a: Baxcalibur|High Horsepower|p2a: Tauros\n|-supereffective|p2a: Tauros\n|-damage|p2a: Tauros|16\/100\n|\n|upkeep\n|turn|7\n|c|\u2606Abused24|gg\n|\n|t:|1700064149\n|move|p1b: Bisharp|Sucker Punch|p2a: Tauros\n|-resisted|p2a: Tauros\n|-damage|p2a: Tauros|0 fnt\n|faint|p2a: Tauros\n|\n|win|JabsGR\n|c|\u2606JabsGR|gg\n","uploadtime":1700064155,"views":30,"p1id":"jabsgr","p2id":"abused24","formatid":"gen9vgc2023regulatione","rating":0,"private":0,"password":""}