{"id":"gen9vgc2023regulatione-1990092527","p1":"Iesihs","p2":"Max_97","format":"[Gen 9] VGC 2023 Regulation E","log":"|j|\u2606Iesihs\n|j|\u2606Max_97\n|t:|1699923712\n|gametype|doubles\n|player|p1|Iesihs|265|1411\n|player|p2|Max_97|lucas|1459\n|teamsize|p1|6\n|teamsize|p2|6\n|gen|9\n|tier|[Gen 9] VGC 2023 Regulation E\n|rated|\n|rule|Species Clause: Limit one of each Pok\u00e9mon\n|rule|Item Clause: Limit one of each item\n|clearpoke\n|poke|p1|Roaring Moon, L50|\n|poke|p1|Flutter Mane, L50|\n|poke|p1|Landorus-Therian, L50, M|\n|poke|p1|Heatran, L50, F|\n|poke|p1|Amoonguss, L50, M|\n|poke|p1|Iron Hands, L50|\n|poke|p2|Kommo-o, L50, M|\n|poke|p2|Tyranitar, L50, F|\n|poke|p2|Rillaboom, L50, F|\n|poke|p2|Flutter Mane, L50|\n|poke|p2|Arcanine-Hisui, L50, F|\n|poke|p2|Iron Bundle, L50|\n|teampreview|4\n|inactive|Battle timer is ON: inactive players will automatically lose when time's up. (requested by Max_97)\n|inactive|Iesihs has 60 seconds left.\n|\n|t:|1699923808\n|start\n|switch|p1a: Landorus|Landorus-Therian, L50, M|100\/100\n|switch|p1b: Heatran|Heatran, L50, F|100\/100\n|switch|p2a: Flutter Mane|Flutter Mane, L50|100\/100\n|switch|p2b: Iron Bundle|Iron Bundle, L50|100\/100\n|-ability|p1a: Landorus|Intimidate|boost\n|-unboost|p2a: Flutter Mane|atk|1\n|-unboost|p2b: Iron Bundle|atk|1\n|-enditem|p2b: Iron Bundle|Booster Energy\n|-activate|p2b: Iron Bundle|ability: Quark Drive|[fromitem]\n|-start|p2b: Iron Bundle|quarkdrivespe\n|turn|1\n|inactive|Iesihs has 30 seconds left.\n|inactive|Iesihs has 20 seconds left.\n|inactive|Iesihs has 15 seconds left.\n|inactive|Iesihs has 10 seconds left.\n|inactive|Iesihs has 5 seconds left.\n|\n|t:|1699923863\n|move|p1b: Heatran|Protect|p1b: Heatran\n|-singleturn|p1b: Heatran|Protect\n|move|p2b: Iron Bundle|Hydro Pump|p1b: Heatran\n|-activate|p1b: Heatran|move: Protect\n|move|p1a: Landorus|Stomping Tantrum|p2b: Iron Bundle\n|-damage|p2b: Iron Bundle|48\/100\n|move|p2a: Flutter Mane|Shadow Ball|p1b: Heatran\n|-activate|p1b: Heatran|move: Protect\n|\n|upkeep\n|turn|2\n|inactive|Iesihs has 30 seconds left.\n|\n|t:|1699923893\n|switch|p1a: Iron Hands|Iron Hands, L50|100\/100\n|-terastallize|p1b: Heatran|Grass\n|move|p2b: Iron Bundle|Icy Wind|p1a: Iron Hands|[spread] p1a,p1b\n|-supereffective|p1b: Heatran\n|-damage|p1a: Iron Hands|90\/100\n|-damage|p1b: Heatran|64\/100\n|-unboost|p1a: Iron Hands|spe|1\n|-unboost|p1b: Heatran|spe|1\n|move|p2a: Flutter Mane|Shadow Ball|p1b: Heatran\n|-damage|p1b: Heatran|14\/100\n|move|p1b: Heatran|Heat Wave|p2b: Iron Bundle|[spread] p2a,p2b\n|-damage|p2a: Flutter Mane|66\/100\n|-damage|p2b: Iron Bundle|0 fnt\n|faint|p2b: Iron Bundle\n|-end|p2b: Iron Bundle|Quark Drive|[silent]\n|\n|-heal|p1b: Heatran|20\/100|[from] item: Leftovers\n|upkeep\n|inactive|Max_97 has 30 seconds left.\n|\n|t:|1699923919\n|switch|p2b: Tyranitar|Tyranitar, L50, F|100\/100\n|-weather|Sandstorm|[from] ability: Sand Stream|[of] p2b: Tyranitar\n|turn|3\n|inactive|Iesihs has 30 seconds left.\n|inactive|Iesihs has 20 seconds left.\n|inactive|Iesihs has 15 seconds left.\n|\n|t:|1699923959\n|switch|p1b: Landorus|Landorus-Therian, L50, M|100\/100\n|-ability|p1b: Landorus|Intimidate|boost\n|-unboost|p2a: Flutter Mane|atk|1\n|-unboost|p2b: Tyranitar|atk|1\n|-terastallize|p2b: Tyranitar|Psychic\n|move|p2a: Flutter Mane|Shadow Ball|p1b: Landorus\n|-damage|p1b: Landorus|19\/100\n|move|p2b: Tyranitar|Tera Blast|p1a: Iron Hands|[anim] Tera Blast Psychic\n|-supereffective|p1a: Iron Hands\n|-damage|p1a: Iron Hands|48\/100\n|move|p1a: Iron Hands|Wild Charge|p2a: Flutter Mane\n|-damage|p2a: Flutter Mane|0 fnt\n|faint|p2a: Flutter Mane\n|-end|p2a: Flutter Mane|Protosynthesis|[silent]\n|-damage|p1a: Iron Hands|38\/100|[from] Recoil\n|\n|-weather|Sandstorm|[upkeep]\n|-damage|p2b: Tyranitar|94\/100|[from] Sandstorm\n|-damage|p1a: Iron Hands|32\/100|[from] Sandstorm\n|upkeep\n|\n|t:|1699923969\n|switch|p2a: Rillaboom|Rillaboom, L50, F|100\/100\n|-fieldstart|move: Grassy Terrain|[from] ability: Grassy Surge|[of] p2a: Rillaboom\n|turn|4\n|j| meowmeowjoe\n|inactive|Iesihs has 30 seconds left.\n|inactive|Iesihs has 20 seconds left.\n|inactive|Iesihs has 15 seconds left.\n|inactive|Iesihs has 10 seconds left.\n|\n|t:|1699924018\n|switch|p1b: Heatran|Heatran, L50, F, tera:Grass|20\/100\n|move|p2a: Rillaboom|Grassy Glide|p1b: Heatran\n|-resisted|p1b: Heatran\n|-damage|p1b: Heatran|0 fnt\n|faint|p1b: Heatran\n|move|p2b: Tyranitar|Tera Blast|p1a: Iron Hands|[anim] Tera Blast Psychic\n|-supereffective|p1a: Iron Hands\n|-damage|p1a: Iron Hands|0 fnt\n|faint|p1a: Iron Hands\n|-end|p1a: Iron Hands|Quark Drive|[silent]\n|\n|-weather|Sandstorm|[upkeep]\n|-damage|p2b: Tyranitar|88\/100|[from] Sandstorm\n|-damage|p2a: Rillaboom|95\/100|[from] Sandstorm\n|-heal|p2b: Tyranitar|94\/100|[from] Grassy Terrain\n|-heal|p2a: Rillaboom|100\/100|[from] Grassy Terrain\n|upkeep\n|\n|t:|1699924035\n|switch|p1b: Flutter Mane|Flutter Mane, L50, shiny|100\/100\n|switch|p1a: Landorus|Landorus-Therian, L50, M|19\/100\n|-ability|p1a: Landorus|Intimidate|boost\n|-unboost|p2a: Rillaboom|atk|1\n|-unboost|p2b: Tyranitar|atk|1\n|turn|5\n|\n|t:|1699924059\n|move|p2a: Rillaboom|Grassy Glide|p1a: Landorus\n|-damage|p1a: Landorus|0 fnt\n|faint|p1a: Landorus\n|move|p1b: Flutter Mane|Moonblast|p2a: Rillaboom\n|-damage|p2a: Rillaboom|12\/100\n|-unboost|p2a: Rillaboom|spa|1\n|move|p2b: Tyranitar|Knock Off|p1b: Flutter Mane\n|-damage|p1b: Flutter Mane|42\/100\n|-enditem|p1b: Flutter Mane|Choice Specs|[from] move: Knock Off|[of] p2b: Tyranitar\n|\n|-weather|Sandstorm|[upkeep]\n|-damage|p1b: Flutter Mane|36\/100|[from] Sandstorm\n|-damage|p2b: Tyranitar|88\/100|[from] Sandstorm\n|-damage|p2a: Rillaboom|6\/100|[from] Sandstorm\n|-heal|p1b: Flutter Mane|42\/100|[from] Grassy Terrain\n|-heal|p2b: Tyranitar|94\/100|[from] Grassy Terrain\n|-heal|p2a: Rillaboom|12\/100|[from] Grassy Terrain\n|upkeep\n|turn|6\n|-message|Iesihs forfeited.\n|\n|win|Max_97\n|raw|Iesihs's rating: 1411 &rarr; <strong>1394<\/strong><br \/>(-17 for losing)\n|raw|Max_97's rating: 1459 &rarr; <strong>1476<\/strong><br \/>(+17 for winning)\n|l|\u2606Iesihs\n|j|\u2606Iesihs\n|player|p1|Iesihs|265\n","uploadtime":1699924105,"views":10,"p1id":"iesihs","p2id":"max97","formatid":"gen9vgc2023regulatione","rating":1394,"private":0,"password":""}