{"id":"gen9vgc2023regulatione-1995318187","p1":"djksks","p2":"Rokhy","format":"[Gen 9] VGC 2023 Regulation E","log":"|j|\u2606djksks\n|j|\u2606Rokhy\n|t:|1700552770\n|gametype|doubles\n|player|p1|djksks|sage|1203\n|player|p2|Rokhy|2|1342\n|teamsize|p1|6\n|teamsize|p2|6\n|gen|9\n|tier|[Gen 9] VGC 2023 Regulation E\n|rated|\n|rule|Species Clause: Limit one of each Pok\u00e9mon\n|rule|Item Clause: Limit one of each item\n|clearpoke\n|poke|p1|Ogerpon-Wellspring, L50, F|\n|poke|p1|Flutter Mane, L50|\n|poke|p1|Landorus-Therian, L50, M|\n|poke|p1|Heatran, L50, M|\n|poke|p1|Iron Hands, L50|\n|poke|p1|Amoonguss, L50, F|\n|poke|p2|Tyranitar, L50, F|\n|poke|p2|Roaring Moon, L50|\n|poke|p2|Milotic, L50, M|\n|poke|p2|Arcanine-Hisui, L50, M|\n|poke|p2|Sinistcha-Masterpiece, L50|\n|poke|p2|Dragapult, L50, M|\n|teampreview|4\n|inactive|Battle timer is ON: inactive players will automatically lose when time's up. (requested by Rokhy)\n|l|\u2606Rokhy\n|inactive|Rokhy disconnected and has a minute to reconnect!\n|player|p2|\n|\n|t:|1700552811\n|start\n|switch|p1a: Amoonguss|Amoonguss, L50, F, shiny|100\/100\n|switch|p1b: Iron Hands|Iron Hands, L50, shiny|100\/100\n|switch|p2a: Arcanine|Arcanine-Hisui, L50, M, shiny|100\/100\n|switch|p2b: Milotic|Milotic, L50, M, shiny|100\/100\n|-ability|p2a: Arcanine|Intimidate|boost\n|-unboost|p1a: Amoonguss|atk|1\n|-unboost|p1b: Iron Hands|atk|1\n|turn|1\n|j|\u2606Rokhy\n|inactive|Rokhy reconnected and has 45 seconds left.\n|player|p2|Rokhy|2\n|\n|t:|1700552834\n|move|p1b: Iron Hands|Fake Out|p2a: Arcanine\n|-resisted|p2a: Arcanine\n|-damage|p2a: Arcanine|95\/100\n|cant|p2a: Arcanine|flinch\n|move|p2b: Milotic|Ice Beam|p1a: Amoonguss\n|-supereffective|p1a: Amoonguss\n|-crit|p1a: Amoonguss\n|-damage|p1a: Amoonguss|35\/100\n|-enditem|p1a: Amoonguss|Sitrus Berry|[eat]\n|-heal|p1a: Amoonguss|60\/100|[from] item: Sitrus Berry\n|move|p1a: Amoonguss|Spore|p2a: Arcanine\n|-status|p2a: Arcanine|slp|[from] move: Spore\n|\n|upkeep\n|turn|2\n|inactive|djksks has 30 seconds left.\n|inactive|djksks has 20 seconds left.\n|\n|t:|1700552874\n|-terastallize|p2b: Milotic|Fairy\n|cant|p2a: Arcanine|slp\n|move|p2b: Milotic|Ice Beam|p1a: Amoonguss\n|-supereffective|p1a: Amoonguss\n|-damage|p1a: Amoonguss|15\/100\n|move|p1b: Iron Hands|Drain Punch|p2a: Arcanine\n|-supereffective|p2a: Arcanine\n|-damage|p2a: Arcanine|27\/100 slp\n|-enditem|p2a: Arcanine|Sitrus Berry|[eat]\n|-heal|p2a: Arcanine|52\/100 slp|[from] item: Sitrus Berry\n|move|p1a: Amoonguss|Spore|p2b: Milotic\n|-activate|p2b: Milotic|item: Safety Goggles|Spore\n|\n|upkeep\n|turn|3\n|\n|t:|1700552894\n|switch|p2a: Sinistcha|Sinistcha-Masterpiece, L50, shiny|100\/100\n|move|p1a: Amoonguss|Protect|p1a: Amoonguss\n|-singleturn|p1a: Amoonguss|Protect\n|move|p2b: Milotic|Icy Wind|p1b: Iron Hands|[spread] p1b\n|-activate|p1a: Amoonguss|move: Protect\n|-damage|p1b: Iron Hands|94\/100\n|-unboost|p1b: Iron Hands|spe|1\n|move|p1b: Iron Hands|Drain Punch|p2a: Sinistcha\n|-immune|p2a: Sinistcha\n|\n|upkeep\n|turn|4\n|\n|t:|1700552912\n|switch|p1a: Flutter Mane|Flutter Mane, L50|100\/100\n|-enditem|p1a: Flutter Mane|Booster Energy\n|-activate|p1a: Flutter Mane|ability: Protosynthesis|[fromitem]\n|-start|p1a: Flutter Mane|protosynthesisspe\n|move|p2b: Milotic|Icy Wind|p1b: Iron Hands|[spread] p1a,p1b\n|-damage|p1a: Flutter Mane|90\/100\n|-damage|p1b: Iron Hands|88\/100\n|-unboost|p1a: Flutter Mane|spe|1\n|-unboost|p1b: Iron Hands|spe|1\n|move|p2a: Sinistcha|Matcha Gotcha|p1a: Flutter Mane|[spread] p1b\n|-miss|p2a: Sinistcha|p1a: Flutter Mane\n|-damage|p1b: Iron Hands|74\/100\n|move|p1b: Iron Hands|Volt Switch|p2b: Milotic\n|-damage|p2b: Milotic|89\/100\n|\n|t:|1700552933\n|-end|p1b: Iron Hands|Quark Drive|[silent]\n|switch|p1b: Amoonguss|Amoonguss, L50, F, shiny|48\/100|[from] Volt Switch\n|\n|upkeep\n|turn|5\n|inactive|djksks has 30 seconds left.\n|\n|t:|1700552962\n|switch|p2a: Arcanine|Arcanine-Hisui, L50, M, shiny|52\/100 slp\n|-ability|p2a: Arcanine|Intimidate|boost\n|-unboost|p1a: Flutter Mane|atk|1\n|-unboost|p1b: Amoonguss|atk|1\n|switch|p1b: Iron Hands|Iron Hands, L50, shiny|74\/100\n|move|p1a: Flutter Mane|Moonblast|p2b: Milotic\n|-damage|p2b: Milotic|52\/100\n|-unboost|p2b: Milotic|spa|1\n|-ability|p2b: Milotic|Competitive|boost\n|-boost|p2b: Milotic|spa|2\n|move|p2b: Milotic|Icy Wind|p1a: Flutter Mane|[spread] p1a,p1b\n|-damage|p1a: Flutter Mane|73\/100\n|-damage|p1b: Iron Hands|65\/100\n|-unboost|p1a: Flutter Mane|spe|1\n|-unboost|p1b: Iron Hands|spe|1\n|\n|upkeep\n|turn|6\n|inactive|djksks has 30 seconds left.\n|\n|t:|1700552988\n|move|p2b: Milotic|Protect|p2b: Milotic\n|-singleturn|p2b: Milotic|Protect\n|move|p1b: Iron Hands|Fake Out|p2b: Milotic\n|-activate|p2b: Milotic|move: Protect\n|-curestatus|p2a: Arcanine|slp|[msg]\n|move|p2a: Arcanine|Will-O-Wisp|p1b: Iron Hands\n|-status|p1b: Iron Hands|brn\n|move|p1a: Flutter Mane|Moonblast|p2b: Milotic\n|-activate|p2b: Milotic|move: Protect\n|\n|-damage|p1b: Iron Hands|59\/100 brn|[from] brn\n|upkeep\n|turn|7\n|\n|t:|1700553007\n|switch|p2b: Sinistcha|Sinistcha-Masterpiece, L50, shiny|100\/100\n|-heal|p2a: Arcanine|76\/100|[from] ability: Hospitality|[of] p2b: Sinistcha\n|move|p1a: Flutter Mane|Protect|p1a: Flutter Mane\n|-singleturn|p1a: Flutter Mane|Protect\n|move|p2a: Arcanine|Flare Blitz|p1a: Flutter Mane\n|-activate|p1a: Flutter Mane|move: Protect\n|move|p1b: Iron Hands|Volt Switch|p2b: Sinistcha\n|-resisted|p2b: Sinistcha\n|-damage|p2b: Sinistcha|93\/100\n|\n|t:|1700553018\n|-end|p1b: Iron Hands|Quark Drive|[silent]\n|switch|p1b: Landorus|Landorus-Therian, L50, M, shiny|100\/100|[from] Volt Switch\n|-ability|p1b: Landorus|Intimidate|boost\n|-unboost|p2a: Arcanine|atk|1\n|-unboost|p2b: Sinistcha|atk|1\n|\n|upkeep\n|turn|8\n|inactive|djksks has 30 seconds left.\n|inactive|Rokhy has 30 seconds left.\n|inactive|djksks has 20 seconds left.\n|inactive|djksks has 15 seconds left.\n|inactive|djksks has 10 seconds left.\n|\n|t:|1700553064\n|move|p2b: Sinistcha|Rage Powder|p2b: Sinistcha\n|-singleturn|p2b: Sinistcha|move: Rage Powder\n|move|p1b: Landorus|Rock Slide|p2b: Sinistcha|[spread] p2a,p2b\n|-supereffective|p2a: Arcanine\n|-damage|p2a: Arcanine|24\/100\n|-damage|p2b: Sinistcha|77\/100\n|cant|p2a: Arcanine|flinch\n|move|p1a: Flutter Mane|Shadow Ball|p2b: Sinistcha\n|-supereffective|p2b: Sinistcha\n|-damage|p2b: Sinistcha|0 fnt\n|faint|p2b: Sinistcha\n|\n|upkeep\n|\n|t:|1700553081\n|switch|p2b: Roaring Moon|Roaring Moon, L50, shiny|100\/100\n|-enditem|p2b: Roaring Moon|Booster Energy\n|-activate|p2b: Roaring Moon|ability: Protosynthesis|[fromitem]\n|-start|p2b: Roaring Moon|protosynthesisatk\n|turn|9\n|\n|t:|1700553093\n|-end|p1a: Flutter Mane|Protosynthesis|[silent]\n|switch|p1a: Iron Hands|Iron Hands, L50, shiny|59\/100 brn\n|move|p2b: Roaring Moon|Protect|p2b: Roaring Moon\n|-singleturn|p2b: Roaring Moon|Protect\n|move|p1b: Landorus|Rock Slide|p2a: Arcanine|[spread] p2a\n|-activate|p2b: Roaring Moon|move: Protect\n|-supereffective|p2a: Arcanine\n|-damage|p2a: Arcanine|0 fnt\n|faint|p2a: Arcanine\n|\n|-damage|p1a: Iron Hands|53\/100 brn|[from] brn\n|upkeep\n|\n|t:|1700553097\n|switch|p2a: Milotic|Milotic, L50, M, shiny, tera:Fairy|52\/100\n|turn|10\n|\n|t:|1700553109\n|move|p1a: Iron Hands|Fake Out|p2a: Milotic\n|-damage|p2a: Milotic|42\/100\n|move|p1b: Landorus|Rock Slide|p2a: Milotic|[spread] p2a\n|-miss|p1b: Landorus|p2b: Roaring Moon\n|-damage|p2a: Milotic|12\/100\n|move|p2b: Roaring Moon|Dragon Dance|p2b: Roaring Moon\n|-boost|p2b: Roaring Moon|atk|1\n|-boost|p2b: Roaring Moon|spe|1\n|cant|p2a: Milotic|flinch\n|\n|-damage|p1a: Iron Hands|47\/100 brn|[from] brn\n|upkeep\n|turn|11\n|\n|t:|1700553126\n|move|p2a: Milotic|Protect|p2a: Milotic\n|-singleturn|p2a: Milotic|Protect\n|move|p2b: Roaring Moon|Stomping Tantrum|p1a: Iron Hands\n|-supereffective|p1a: Iron Hands\n|-damage|p1a: Iron Hands|0 fnt\n|faint|p1a: Iron Hands\n|-end|p1a: Iron Hands|Quark Drive|[silent]\n|move|p1b: Landorus|Rock Slide|p2a: Milotic|[spread] \n|-activate|p2a: Milotic|move: Protect\n|-miss|p1b: Landorus|p2b: Roaring Moon\n|\n|upkeep\n|\n|t:|1700553132\n|switch|p1a: Amoonguss|Amoonguss, L50, F, shiny|81\/100\n|turn|12\n|\n|t:|1700553137\n|move|p2b: Roaring Moon|Acrobatics|p1a: Amoonguss\n|-supereffective|p1a: Amoonguss\n|-damage|p1a: Amoonguss|0 fnt\n|faint|p1a: Amoonguss\n|move|p1b: Landorus|Rock Slide|p2a: Milotic|[spread] p2a,p2b\n|-damage|p2a: Milotic|0 fnt\n|-damage|p2b: Roaring Moon|70\/100\n|faint|p2a: Milotic\n|\n|upkeep\n|\n|t:|1700553144\n|switch|p1a: Flutter Mane|Flutter Mane, L50|73\/100\n|turn|13\n|\n|t:|1700553150\n|move|p2b: Roaring Moon|Protect|p2b: Roaring Moon\n|-singleturn|p2b: Roaring Moon|Protect\n|move|p1a: Flutter Mane|Protect|p1a: Flutter Mane\n|-singleturn|p1a: Flutter Mane|Protect\n|move|p1b: Landorus|Rock Slide|p2b: Roaring Moon\n|-activate|p2b: Roaring Moon|move: Protect\n|\n|upkeep\n|turn|14\n|\n|t:|1700553165\n|move|p1a: Flutter Mane|Protect||[still]\n|-fail|p1a: Flutter Mane\n|move|p2b: Roaring Moon|Acrobatics|p1a: Flutter Mane\n|-damage|p1a: Flutter Mane|0 fnt\n|faint|p1a: Flutter Mane\n|-end|p1a: Flutter Mane|Protosynthesis|[silent]\n|move|p1b: Landorus|Rock Slide|p2b: Roaring Moon\n|-damage|p2b: Roaring Moon|31\/100\n|\n|upkeep\n|turn|15\n|\n|t:|1700553175\n|move|p2b: Roaring Moon|Acrobatics|p1b: Landorus\n|-damage|p1b: Landorus|0 fnt\n|faint|p1b: Landorus\n|\n|win|Rokhy\n|raw|djksks's rating: 1203 &rarr; <strong>1188<\/strong><br \/>(-15 for losing)\n|raw|Rokhy's rating: 1342 &rarr; <strong>1354<\/strong><br \/>(+12 for winning)\n|l|\u2606djksks\n","uploadtime":1700553183,"views":3,"p1id":"djksks","p2id":"rokhy","formatid":"gen9vgc2023regulatione","rating":1188,"private":0,"password":""}