{"id":"gen9vgc2023regulatione-1992438081","p1":"justincaseuforgot","p2":"loneleon","format":"[Gen 9] VGC 2023 Regulation E","log":"|j|\u2606justincaseuforgot\n|j|\u2606loneleon\n|n|\u2606justincaseuforgot|justincaseuforgot\n|n|\u2606loneleon|loneleon\n|html|View the match progress at <a href=\"\/game-bestof3-gen9vgc2023regulatione-1992434433\">game-bestof3-gen9vgc2023regulatione-1992434433<\/a>\n|t:|1700187584\n|gametype|doubles\n|player|p1|justincaseuforgot|alder|\n|player|p2|loneleon|roxie|\n|teamsize|p1|6\n|teamsize|p2|6\n|gen|9\n|tier|[Gen 9] VGC 2023 Regulation E\n|rule|Species Clause: Limit one of each Pok\u00e9mon\n|rule|Item Clause: Limit one of each item\n|clearpoke\n|poke|p1|Ursaring, L50, M|\n|poke|p1|Grimmsnarl, L50, M|\n|poke|p1|Honchkrow, L50, F|\n|poke|p1|Gengar, L50, F|\n|poke|p1|Clefairy, L50, F|\n|poke|p1|Typhlosion-Hisui, L50, M|\n|poke|p2|Overqwil, L50, M|\n|poke|p2|Politoed, L50, F|\n|poke|p2|Rillaboom, L50, M|\n|poke|p2|Sylveon, L50, M|\n|poke|p2|Lokix, L50, M|\n|poke|p2|Espathra, L50, M|\n|teampreview|4\nloneleon has agreed to open team sheets.\njustincaseuforgot has agreed to open team sheets.\n|showteam|p1|Ursaring||FlameOrb|Guts|Protect,IcePunch,Facade,CloseCombat|||M|||50|,,,,,Normal]Grimmsnarl||LightClay|Prankster|ThunderWave,Reflect,SpiritBreak,PartingShot|||M|||50|,,,,,Fairy]Honchkrow||ScopeLens|SuperLuck|Tailwind,Protect,NightSlash,AirCutter|||F|||50|,,,,,Dark]Gengar||LifeOrb|CursedBody|SludgeBomb,DazzlingGleam,NastyPlot,Hex|||F|||50|,,,,,Fairy]Clefairy||Eviolite|FriendGuard|DazzlingGleam,FollowMe,Protect,HelpingHand|||F|||50|,,,,,Fairy]Typhlosion-Hisui||ChoiceScarf|Blaze|TeraBlast,Eruption,Flamethrower,InfernalParade|||M|||50|,,,,,Ice\n|showteam|p2|Overqwil||AssaultVest|SwiftSwim|BarbBarrage,Crunch,Liquidation,AquaJet|||M|||50|,,,,,Water]Politoed||ThroatSpray|Drizzle|IcyWind,MuddyWater,HyperVoice,Protect|||F|||50|,,,,,Normal]Rillaboom||Leftovers|GrassySurge|FakeOut,HighHorsepower,KnockOff,Protect|||M|||50|,,,,,Ground]Sylveon||ChoiceSpecs|Pixilate|HyperBeam,ShadowBall,Psyshock,QuickAttack|||M|||50|,,,,,Fairy]Lokix||LifeOrb|TintedLens|SwordsDance,LeechLife,SuckerPunch,TeraBlast|||M|||50|,,,,,Steel]Espathra||FocusSash|Opportunist|DazzlingGleam,LuminaCrash,TrickRoom,Protect|||M|||50|,,,,,Fairy\n|j| Xanej\n|j| malvric\n|\n|t:|1700187700\n|start\n|switch|p1a: tall goblin|Grimmsnarl, L50, M, shiny|100\/100\n|switch|p1b: poke doll again|Clefairy, L50, F, shiny|100\/100\n|switch|p2a: Bug's Death|Lokix, L50, M|100\/100\n|switch|p2b: THE BOULDER|Rillaboom, L50, M, shiny|100\/100\n|-fieldstart|move: Grassy Terrain|[from] ability: Grassy Surge|[of] p2b: THE BOULDER\n|turn|1\n|\n|t:|1700187720\n|move|p1b: poke doll again|Protect|p1b: poke doll again\n|-singleturn|p1b: poke doll again|Protect\n|move|p2b: THE BOULDER|Fake Out|p1a: tall goblin\n|-damage|p1a: tall goblin|89\/100\n|cant|p1a: tall goblin|flinch\n|move|p2a: Bug's Death|Swords Dance|p2a: Bug's Death\n|-boost|p2a: Bug's Death|atk|2\n|\n|-heal|p1a: tall goblin|95\/100|[from] Grassy Terrain\n|upkeep\n|turn|2\n|\n|t:|1700187774\n|-terastallize|p2a: Bug's Death|Steel\n|move|p1b: poke doll again|Follow Me|p1b: poke doll again\n|-singleturn|p1b: poke doll again|move: Follow Me\n|move|p1a: tall goblin|Reflect|p1a: tall goblin\n|-sidestart|p1: justincaseuforgot|Reflect\n|move|p2a: Bug's Death|Tera Blast|p1b: poke doll again|[anim] Tera Blast Steel\n|-supereffective|p1b: poke doll again\n|-damage|p1b: poke doll again|0 fnt\n|faint|p1b: poke doll again\n|-damage|p2a: Bug's Death|90\/100|[from] item: Life Orb\n|move|p2b: THE BOULDER|Knock Off|p1a: tall goblin\n|-resisted|p1a: tall goblin\n|-crit|p1a: tall goblin\n|-damage|p1a: tall goblin|79\/100\n|-enditem|p1a: tall goblin|Light Clay|[from] move: Knock Off|[of] p2b: THE BOULDER\n|\n|-heal|p2a: Bug's Death|97\/100|[from] Grassy Terrain\n|-heal|p1a: tall goblin|85\/100|[from] Grassy Terrain\n|upkeep\n|\n|t:|1700187804\n|switch|p1b: not charizard|Typhlosion-Hisui, L50, M, shiny|100\/100\n|turn|3\n|\n|t:|1700187864\n|-terastallize|p1b: not charizard|Ice\n|move|p2a: Bug's Death|Sucker Punch|p1b: not charizard\n|-damage|p1b: not charizard|15\/100\n|-damage|p2a: Bug's Death|87\/100|[from] item: Life Orb\n|move|p1a: tall goblin|Parting Shot|p2a: Bug's Death\n|-unboost|p2a: Bug's Death|atk|1\n|-unboost|p2a: Bug's Death|spa|1\n|\n|t:|1700187877\n|switch|p1a: teddy weddy|Ursaring, L50, M, shiny|100\/100|[from] Parting Shot\n|move|p1b: not charizard|Eruption|p2a: Bug's Death|[spread] p2a,p2b\n|-supereffective|p2a: Bug's Death\n|-supereffective|p2b: THE BOULDER\n|-damage|p2a: Bug's Death|45\/100\n|-damage|p2b: THE BOULDER|78\/100\n|move|p2b: THE BOULDER|Knock Off|p1a: teddy weddy\n|-crit|p1a: teddy weddy\n|-damage|p1a: teddy weddy|51\/100\n|-enditem|p1a: teddy weddy|Flame Orb|[from] move: Knock Off|[of] p2b: THE BOULDER\n|\n|-heal|p1b: not charizard|21\/100|[from] Grassy Terrain\n|-heal|p2a: Bug's Death|52\/100|[from] Grassy Terrain\n|-heal|p2b: THE BOULDER|84\/100|[from] Grassy Terrain\n|-heal|p2b: THE BOULDER|90\/100|[from] item: Leftovers\n|-heal|p1a: teddy weddy|57\/100|[from] Grassy Terrain\n|upkeep\n|turn|4\n|\n|t:|1700187911\n|switch|p1b: tall goblin|Grimmsnarl, L50, M, shiny|85\/100\n|move|p1a: teddy weddy|Protect|p1a: teddy weddy\n|-singleturn|p1a: teddy weddy|Protect\n|move|p2a: Bug's Death|Leech Life|p1a: teddy weddy\n|-activate|p1a: teddy weddy|move: Protect\n|move|p2b: THE BOULDER|High Horsepower|p1b: tall goblin\n|-damage|p1b: tall goblin|60\/100\n|\n|-heal|p2a: Bug's Death|58\/100|[from] Grassy Terrain\n|-heal|p2b: THE BOULDER|96\/100|[from] Grassy Terrain\n|-heal|p2b: THE BOULDER|100\/100|[from] item: Leftovers\n|-heal|p1b: tall goblin|66\/100|[from] Grassy Terrain\n|-heal|p1a: teddy weddy|62\/100|[from] Grassy Terrain\n|upkeep\n|turn|5\n|\n|t:|1700187962\n|switch|p2b: Leg Dae|Espathra, L50, M, shiny|100\/100\n|move|p1b: tall goblin|Thunder Wave|p2b: Leg Dae\n|-status|p2b: Leg Dae|par\n|move|p2a: Bug's Death|Leech Life|p1b: tall goblin\n|-damage|p1b: tall goblin|0 fnt\n|-heal|p2a: Bug's Death|93\/100|[from] drain|[of] p1b: tall goblin\n|faint|p1b: tall goblin\n|-damage|p2a: Bug's Death|83\/100|[from] item: Life Orb\n|move|p1a: teddy weddy|Close Combat|p2a: Bug's Death\n|-supereffective|p2a: Bug's Death\n|-damage|p2a: Bug's Death|0 fnt\n|-unboost|p1a: teddy weddy|def|1\n|-unboost|p1a: teddy weddy|spd|1\n|faint|p2a: Bug's Death\n|\n|-heal|p1a: teddy weddy|68\/100|[from] Grassy Terrain\n|-fieldend|move: Grassy Terrain\n|upkeep\n|\n|t:|1700187981\n|switch|p2a: THE BOULDER|Rillaboom, L50, M, shiny|100\/100\n|switch|p1b: not charizard|Typhlosion-Hisui, L50, M, shiny, tera:Ice|21\/100\n|-fieldstart|move: Grassy Terrain|[from] ability: Grassy Surge|[of] p2a: THE BOULDER\n|turn|6\n|\n|t:|1700187992\n|move|p1a: teddy weddy|Protect|p1a: teddy weddy\n|-singleturn|p1a: teddy weddy|Protect\n|move|p2a: THE BOULDER|Fake Out|p1b: not charizard\n|-damage|p1b: not charizard|8\/100\n|cant|p1b: not charizard|flinch\n|move|p2b: Leg Dae|Lumina Crash|p1a: teddy weddy\n|-activate|p1a: teddy weddy|move: Protect\n|\n|-heal|p1b: not charizard|14\/100|[from] Grassy Terrain\n|-heal|p1a: teddy weddy|74\/100|[from] Grassy Terrain\n|upkeep\n|turn|7\n|\n|t:|1700188011\n|move|p1b: not charizard|Flamethrower|p2b: Leg Dae\n|-damage|p2b: Leg Dae|14\/100 par\n|move|p2a: THE BOULDER|Knock Off|p1b: not charizard\n|-damage|p1b: not charizard|0 fnt\n|-enditem|p1b: not charizard|Choice Scarf|[from] move: Knock Off|[of] p2a: THE BOULDER\n|faint|p1b: not charizard\n|move|p1a: teddy weddy|Ice Punch|p2a: THE BOULDER\n|-supereffective|p2a: THE BOULDER\n|-damage|p2a: THE BOULDER|49\/100\n|move|p2b: Leg Dae|Lumina Crash|p1a: teddy weddy\n|-damage|p1a: teddy weddy|6\/100\n|-unboost|p1a: teddy weddy|spd|2\n|\n|-heal|p2a: THE BOULDER|56\/100|[from] Grassy Terrain\n|-heal|p2a: THE BOULDER|62\/100|[from] item: Leftovers\n|-heal|p1a: teddy weddy|12\/100|[from] Grassy Terrain\n|-heal|p2b: Leg Dae|20\/100 par|[from] Grassy Terrain\n|upkeep\n|turn|8\n|\n|t:|1700188039\n|move|p2a: THE BOULDER|High Horsepower|p1a: teddy weddy\n|-damage|p1a: teddy weddy|0 fnt\n|faint|p1a: teddy weddy\n|\n|win|loneleon\n","uploadtime":1700188049,"views":17,"p1id":"justincaseuforgot","p2id":"loneleon","formatid":"gen9vgc2023regulatione","rating":0,"private":0,"password":""}