{"id":"gen9vgc2023regulatione-1995246435","p1":"Vitao Kazones","p2":"Abused24test","format":"[Gen 9] VGC 2023 Regulation E","log":"|j|\u2606Vitao Kazones\n|j|\u2606Abused24test\n|t:|1700539614\n|gametype|doubles\n|player|p1|Vitao Kazones|drayden|1406\n|player|p2|Abused24test|102|1402\n|teamsize|p1|6\n|teamsize|p2|6\n|gen|9\n|tier|[Gen 9] VGC 2023 Regulation E\n|rated|\n|rule|Species Clause: Limit one of each Pok\u00e9mon\n|rule|Item Clause: Limit one of each item\n|clearpoke\n|poke|p1|Flutter Mane, L50|\n|poke|p1|Landorus-Therian, L50, M|\n|poke|p1|Illumise, L50, F|\n|poke|p1|Amoonguss, L50, M|\n|poke|p1|Ogerpon-Wellspring, L50, F|\n|poke|p1|Chi-Yu, L50|\n|poke|p2|Samurott-Hisui, L50, F|\n|poke|p2|Arcanine-Hisui, L50, M|\n|poke|p2|Rillaboom, L50, M|\n|poke|p2|Flutter Mane, L50|\n|poke|p2|Chien-Pao, L50|\n|poke|p2|Tornadus, L50, M|\n|teampreview|4\n|\n|t:|1700539656\n|start\n|switch|p1a: Flutter Mane|Flutter Mane, L50|100\/100\n|switch|p1b: Illumise|Illumise, L50, F|100\/100\n|switch|p2a: Tornadus|Tornadus, L50, M|100\/100\n|switch|p2b: Samurott|Samurott-Hisui, L50, F|100\/100\n|-enditem|p1a: Flutter Mane|Booster Energy\n|-activate|p1a: Flutter Mane|ability: Protosynthesis|[fromitem]\n|-start|p1a: Flutter Mane|protosynthesisspa\n|turn|1\n|inactive|Battle timer is ON: inactive players will automatically lose when time's up. (requested by Abused24test)\n|inactive|Abused24test has 60 seconds left.\n|\n|t:|1700539694\n|-terastallize|p2b: Samurott|Fairy\n|move|p1a: Flutter Mane|Protect|p1a: Flutter Mane\n|-singleturn|p1a: Flutter Mane|Protect\n|move|p2a: Tornadus|Tailwind|p2a: Tornadus\n|-sidestart|p2: Abused24test|move: Tailwind\n|move|p1b: Illumise|Encore|p2a: Tornadus\n|-start|p2a: Tornadus|Encore\n|move|p2b: Samurott|Ceaseless Edge|p1a: Flutter Mane\n|-activate|p1a: Flutter Mane|move: Protect\n|\n|upkeep\n|turn|2\n|inactive|Vitao Kazones has 30 seconds left.\n|inactive|Vitao Kazones has 20 seconds left.\n|j| yarcii\n|inactive|Vitao Kazones has 15 seconds left.\n|\n|t:|1700539734\n|switch|p2a: Arcanine|Arcanine-Hisui, L50, M|100\/100\n|-ability|p2a: Arcanine|Intimidate|boost\n|-unboost|p1a: Flutter Mane|atk|1\n|-unboost|p1b: Illumise|atk|1\n|switch|p1b: Chi-Yu|Chi-Yu, L50|100\/100\n|-ability|p1b: Chi-Yu|Beads of Ruin\n|-terastallize|p1a: Flutter Mane|Fairy\n|move|p2b: Samurott|Ceaseless Edge|p1a: Flutter Mane\n|-resisted|p1a: Flutter Mane\n|-damage|p1a: Flutter Mane|53\/100\n|-sidestart|p1: Vitao Kazones|Spikes\n|move|p1a: Flutter Mane|Moonblast|p2b: Samurott\n|-damage|p2b: Samurott|0 fnt\n|faint|p2b: Samurott\n|\n|upkeep\n|\n|t:|1700539755\n|switch|p2b: Tornadus|Tornadus, L50, M|100\/100\n|turn|3\n|\n|t:|1700539764\n|switch|p1b: Landorus|Landorus-Therian, L50, M|100\/100\n|-ability|p1b: Landorus|Intimidate|boost\n|-unboost|p2a: Arcanine|atk|1\n|-unboost|p2b: Tornadus|atk|1\n|move|p1a: Flutter Mane|Protect|p1a: Flutter Mane\n|-singleturn|p1a: Flutter Mane|Protect\n|move|p2b: Tornadus|Rain Dance|p2b: Tornadus\n|-weather|RainDance\n|move|p2a: Arcanine|Rock Slide|p1b: Landorus|[spread] p1b\n|-activate|p1a: Flutter Mane|move: Protect\n|-crit|p1b: Landorus\n|-damage|p1b: Landorus|31\/100\n|\n|-weather|RainDance|[upkeep]\n|upkeep\n|turn|4\n|inactive|Vitao Kazones has 30 seconds left.\n|inactive|Vitao Kazones has 20 seconds left.\n|\n|t:|1700539802\n|switch|p1b: Chi-Yu|Chi-Yu, L50|100\/100\n|-damage|p1b: Chi-Yu|88\/100|[from] Spikes\n|-ability|p1b: Chi-Yu|Beads of Ruin\n|move|p2b: Tornadus|Bleakwind Storm|p1a: Flutter Mane|[spread] p1a,p1b\n|-damage|p1a: Flutter Mane|0 fnt\n|-damage|p1b: Chi-Yu|33\/100\n|faint|p1a: Flutter Mane\n|-end|p1a: Flutter Mane|Protosynthesis|[silent]\n|move|p2a: Arcanine|Rock Slide|p1b: Chi-Yu\n|-supereffective|p1b: Chi-Yu\n|-damage|p1b: Chi-Yu|0 fnt\n|faint|p1b: Chi-Yu\n|\n|-weather|RainDance|[upkeep]\n|-sideend|p2: Abused24test|move: Tailwind\n|upkeep\n|\n|t:|1700539821\n|switch|p1a: Landorus|Landorus-Therian, L50, M|31\/100\n|switch|p1b: Illumise|Illumise, L50, F|100\/100\n|-ability|p1a: Landorus|Intimidate|boost\n|-unboost|p2a: Arcanine|atk|1\n|-unboost|p2b: Tornadus|atk|1\n|-damage|p1b: Illumise|88\/100|[from] Spikes\n|turn|5\n|\n|t:|1700539831\n|switch|p2a: Chien-Pao|Chien-Pao, L50|100\/100\n|-ability|p2a: Chien-Pao|Sword of Ruin\n|move|p2b: Tornadus|Tailwind|p2b: Tornadus\n|-sidestart|p2: Abused24test|move: Tailwind\n|move|p1b: Illumise|Tailwind|p1b: Illumise\n|-sidestart|p1: Vitao Kazones|move: Tailwind\n|move|p1a: Landorus|Rock Slide|p2b: Tornadus|[spread] p2a\n|-miss|p1a: Landorus|p2b: Tornadus\n|-supereffective|p2a: Chien-Pao\n|-damage|p2a: Chien-Pao|40\/100\n|\n|-weather|RainDance|[upkeep]\n|upkeep\n|turn|6\n|\n|t:|1700539848\n|move|p2a: Chien-Pao|Sucker Punch|p1a: Landorus\n|-damage|p1a: Landorus|0 fnt\n|faint|p1a: Landorus\n|move|p1b: Illumise|Encore|p2b: Tornadus\n|-start|p2b: Tornadus|Encore\n|move|p2b: Tornadus|Tailwind||[still]\n|-fail|p2b: Tornadus\n|\n|-weather|RainDance|[upkeep]\n|upkeep\n|turn|7\n|\n|t:|1700539859\n|switch|p2b: Arcanine|Arcanine-Hisui, L50, M|100\/100\n|-ability|p2b: Arcanine|Intimidate|boost\n|-unboost|p1b: Illumise|atk|1\n|move|p2a: Chien-Pao|Sucker Punch|p1b: Illumise\n|-crit|p1b: Illumise\n|-damage|p1b: Illumise|8\/100\n|move|p1b: Illumise|Infestation|p2a: Chien-Pao\n|-supereffective|p2a: Chien-Pao\n|-damage|p2a: Chien-Pao|24\/100\n|-activate|p2a: Chien-Pao|move: Infestation|[of] p1b: Illumise\n|\n|-weather|none\n|-damage|p2a: Chien-Pao|11\/100|[from] move: Infestation|[partiallytrapped]\n|upkeep\n|turn|8\n|\n|t:|1700539875\n|move|p1b: Illumise|Protect|p1b: Illumise\n|-singleturn|p1b: Illumise|Protect\n|move|p2a: Chien-Pao|Protect|p2a: Chien-Pao\n|-singleturn|p2a: Chien-Pao|Protect\n|move|p2b: Arcanine|Extreme Speed|p1b: Illumise\n|-activate|p1b: Illumise|move: Protect\n|\n|-damage|p2a: Chien-Pao|0 fnt|[from] move: Infestation|[partiallytrapped]\n|faint|p2a: Chien-Pao\n|-sideend|p1: Vitao Kazones|move: Tailwind\n|-sideend|p2: Abused24test|move: Tailwind\n|upkeep\n|-message|Vitao Kazones forfeited.\n|\n|win|Abused24test\n|raw|Vitao Kazones's rating: 1406 &rarr; <strong>1386<\/strong><br \/>(-20 for losing)\n|raw|Abused24test's rating: 1402 &rarr; <strong>1422<\/strong><br \/>(+20 for winning)\n|l|\u2606Vitao Kazones\n","uploadtime":1700539929,"views":70,"p1id":"vitaokazones","p2id":"abused24test","formatid":"gen9vgc2023regulatione","rating":1386,"private":0,"password":""}