{"id":"gen9vgc2023regulatione-1993782033","p1":"TheRicoSuave","p2":"Shadow Ballers","format":"[Gen 9] VGC 2023 Regulation E","log":"|j|\u2606TheRicoSuave\n|j|\u2606Shadow Ballers\n|t:|1700356587\n|gametype|doubles\n|player|p1|TheRicoSuave|101|1232\n|player|p2|Shadow Ballers|roughneck|1357\n|teamsize|p1|6\n|teamsize|p2|6\n|gen|9\n|tier|[Gen 9] VGC 2023 Regulation E\n|rated|\n|rule|Species Clause: Limit one of each Pok\u00e9mon\n|rule|Item Clause: Limit one of each item\n|clearpoke\n|poke|p1|Armarouge, L50, F|\n|poke|p1|Indeedee-F, L50, F|\n|poke|p1|Ursaluna, L50, M|\n|poke|p1|Torkoal, L50, M|\n|poke|p1|Oranguru, L50, M|\n|poke|p1|Sinistcha, L50|\n|poke|p2|Ursaluna-Bloodmoon, L50, M|\n|poke|p2|Urshifu-*, L50, M|\n|poke|p2|Ceruledge, L50, F|\n|poke|p2|Weavile, L50, F|\n|poke|p2|Weezing-Galar, L50, F|\n|poke|p2|Rillaboom, L50, M|\n|teampreview|4\n|inactive|Battle timer is ON: inactive players will automatically lose when time's up. (requested by TheRicoSuave)\n|l|\u2606Shadow Ballers\n|inactive|Shadow Ballers disconnected and has a minute to reconnect!\n|player|p2|\n|j|\u2606Shadow Ballers\n|inactive|Shadow Ballers reconnected and has 70 seconds left.\n|player|p2|Shadow Ballers|roughneck\n|inactive|TheRicoSuave has 60 seconds left.\n|inactive|TheRicoSuave has 30 seconds left.\n|inactive|TheRicoSuave has 20 seconds left.\n|\n|t:|1700356660\n|start\n|switch|p1a: Oranguru|Oranguru, L50, M|100\/100\n|switch|p1b: Armarouge|Armarouge, L50, F|100\/100\n|switch|p2a: Weavile|Weavile, L50, F, shiny|100\/100\n|switch|p2b: Weezing|Weezing-Galar, L50, F, shiny|100\/100\n|-ability|p2b: Weezing|Neutralizing Gas\n|turn|1\n|\n|t:|1700356683\n|-terastallize|p1b: Armarouge|Grass\n|move|p1a: Oranguru|Protect|p1a: Oranguru\n|-singleturn|p1a: Oranguru|Protect\n|move|p2a: Weavile|Fake Out|p1b: Armarouge\n|-crit|p1b: Armarouge\n|-damage|p1b: Armarouge|80\/100\n|move|p2b: Weezing|Taunt|p1a: Oranguru\n|-activate|p1a: Oranguru|move: Protect\n|cant|p1b: Armarouge|flinch\n|\n|upkeep\n|turn|2\n|\n|t:|1700356701\n|switch|p1b: Indeedee|Indeedee-F, L50, F|100\/100\n|move|p2a: Weavile|Ice Spinner|p1b: Indeedee\n|-damage|p1b: Indeedee|60\/100\n|move|p2b: Weezing|Taunt|p1a: Oranguru\n|-start|p1a: Oranguru|move: Taunt\n|-enditem|p1a: Oranguru|Mental Herb\n|-end|p1a: Oranguru|move: Taunt\n|move|p1a: Oranguru|Trick Room|p1a: Oranguru\n|-fieldstart|move: Trick Room|[of] p1a: Oranguru\n|\n|upkeep\n|turn|3\n|\n|t:|1700356723\n|-end|p2b: Weezing|ability: Neutralizing Gas\n|-fieldstart|move: Psychic Terrain|[from] ability: Psychic Surge|[of] p1b: Indeedee\n|switch|p2b: Rillaboom|Rillaboom, L50, M, shiny|100\/100\n|-fieldstart|move: Grassy Terrain|[from] ability: Grassy Surge|[of] p2b: Rillaboom\n|switch|p1b: Armarouge|Armarouge, L50, F, tera:Grass|80\/100\n|move|p1a: Oranguru|Future Sight|p2b: Rillaboom\n|-start|p1a: Oranguru|move: Future Sight\n|move|p2a: Weavile|Knock Off|p1b: Armarouge\n|-damage|p1b: Armarouge|34\/100\n|-enditem|p1b: Armarouge|Life Orb|[from] move: Knock Off|[of] p2a: Weavile\n|\n|-heal|p1b: Armarouge|40\/100|[from] Grassy Terrain\n|upkeep\n|turn|4\n|\n|t:|1700356745\n|switch|p1a: Indeedee|Indeedee-F, L50, F|60\/100\n|-fieldstart|move: Psychic Terrain|[from] ability: Psychic Surge|[of] p1a: Indeedee\n|move|p1b: Armarouge|Armor Cannon|p2a: Weavile\n|-supereffective|p2a: Weavile\n|-enditem|p2a: Weavile|Focus Sash\n|-damage|p2a: Weavile|1\/100\n|-unboost|p1b: Armarouge|def|1\n|-unboost|p1b: Armarouge|spd|1\n|move|p2b: Rillaboom|U-turn|p1a: Indeedee\n|-supereffective|p1a: Indeedee\n|-damage|p1a: Indeedee|9\/100\n|-enditem|p1a: Indeedee|Aguav Berry|[eat]\n|-heal|p1a: Indeedee|42\/100|[from] item: Aguav Berry\n|\n|t:|1700356764\n|switch|p2b: Weezing|Weezing-Galar, L50, F, shiny|100\/100|[from] U-turn\n|-ability|p2b: Weezing|Neutralizing Gas\n|move|p2a: Weavile|Ice Spinner|p1b: Armarouge\n|-supereffective|p1b: Armarouge\n|-damage|p1b: Armarouge|0 fnt\n|-fieldend|move: Psychic Terrain\n|faint|p1b: Armarouge\n|\n|upkeep\n|\n|t:|1700356775\n|switch|p1b: Ursaluna|Ursaluna, L50, M|100\/100\n|turn|5\n|\n|t:|1700356793\n|switch|p1a: Oranguru|Oranguru, L50, M|100\/100\n|switch|p2a: Rillaboom|Rillaboom, L50, M, shiny|100\/100\n|-terastallize|p2b: Weezing|Water\n|move|p2b: Weezing|Tera Blast|p1b: Ursaluna|[anim] Tera Blast Water\n|-supereffective|p1b: Ursaluna\n|-damage|p1b: Ursaluna|52\/100\n|move|p1b: Ursaluna|Earthquake|p2b: Weezing|[spread] p1a,p2a,p2b\n|-resisted|p2a: Rillaboom\n|-damage|p1a: Oranguru|65\/100\n|-damage|p2a: Rillaboom|81\/100\n|-damage|p2b: Weezing|63\/100\n|\n|-end|p2b: Weezing|move: Future Sight\n|-damage|p2b: Weezing|6\/100\n|-status|p1b: Ursaluna|brn|[from] item: Flame Orb\n|upkeep\n|turn|6\n|\n|t:|1700356814\n|move|p1b: Ursaluna|Protect|p1b: Ursaluna\n|-singleturn|p1b: Ursaluna|Protect\n|move|p2a: Rillaboom|Fake Out|p1b: Ursaluna\n|-activate|p1b: Ursaluna|move: Protect\n|move|p2b: Weezing|Tera Blast|p1b: Ursaluna|[anim] Tera Blast Water\n|-activate|p1b: Ursaluna|move: Protect\n|move|p1a: Oranguru|Future Sight|p2a: Rillaboom\n|-start|p1a: Oranguru|move: Future Sight\n|\n|-damage|p1b: Ursaluna|46\/100 brn|[from] brn\n|-fieldend|move: Trick Room\n|upkeep\n|turn|7\n|inactive|Shadow Ballers has 30 seconds left.\n|inactive|Shadow Ballers has 20 seconds left.\n|\n|t:|1700356853\n|switch|p1b: Indeedee|Indeedee-F, L50, F|42\/100\n|move|p2a: Rillaboom|Grassy Glide|p1b: Indeedee\n|-damage|p1b: Indeedee|13\/100\n|move|p2b: Weezing|Taunt|p1a: Oranguru\n|-start|p1a: Oranguru|move: Taunt\n|cant|p1a: Oranguru|move: Taunt|Trick Room\n|\n|upkeep\n|turn|8\n|\n|t:|1700356872\n|move|p1b: Indeedee|Follow Me|p1b: Indeedee\n|-singleturn|p1b: Indeedee|move: Follow Me\n|move|p2a: Rillaboom|U-turn|p1b: Indeedee\n|-supereffective|p1b: Indeedee\n|-damage|p1b: Indeedee|0 fnt\n|faint|p1b: Indeedee\n|\n|t:|1700356882\n|switch|p2a: Ceruledge|Ceruledge, L50, F, shiny|100\/100|[from] U-turn\n|move|p1a: Oranguru|Future Sight|p2b: Weezing\n|-start|p1a: Oranguru|move: Future Sight\n|move|p2b: Weezing|Tera Blast|p1a: Oranguru|[anim] Tera Blast Water\n|-damage|p1a: Oranguru|38\/100\n|\n|-end|p2a: Ceruledge|move: Future Sight\n|-damage|p2a: Ceruledge|57\/100\n|upkeep\n|\n|t:|1700356885\n|switch|p1b: Ursaluna|Ursaluna, L50, M|46\/100 brn\n|turn|9\n|\n|t:|1700356899\n|move|p1b: Ursaluna|Protect|p1b: Ursaluna\n|-singleturn|p1b: Ursaluna|Protect\n|move|p2a: Ceruledge|Close Combat|p1b: Ursaluna\n|-activate|p1b: Ursaluna|move: Protect\n|move|p2b: Weezing|Tera Blast|p1a: Oranguru|[anim] Tera Blast Water\n|-damage|p1a: Oranguru|10\/100\n|move|p1a: Oranguru|Future Sight||[still]\n|-fail|p1a: Oranguru\n|\n|-damage|p1b: Ursaluna|41\/100 brn|[from] brn\n|-end|p1a: Oranguru|move: Taunt\n|upkeep\n|turn|10\n|\n|t:|1700356915\n|move|p1b: Ursaluna|Protect||[still]\n|-fail|p1b: Ursaluna\n|move|p2a: Ceruledge|Close Combat|p1b: Ursaluna\n|-supereffective|p1b: Ursaluna\n|-damage|p1b: Ursaluna|0 fnt\n|-unboost|p2a: Ceruledge|def|1\n|-unboost|p2a: Ceruledge|spd|1\n|faint|p1b: Ursaluna\n|move|p2b: Weezing|Tera Blast|p1a: Oranguru|[anim] Tera Blast Water\n|-damage|p1a: Oranguru|0 fnt\n|faint|p1a: Oranguru\n|\n|win|Shadow Ballers\n|raw|TheRicoSuave's rating: 1232 &rarr; <strong>1216<\/strong><br \/>(-16 for losing)\n|raw|Shadow Ballers's rating: 1357 &rarr; <strong>1370<\/strong><br \/>(+13 for winning)\n|l|\u2606TheRicoSuave\n|c|\u2606Shadow Ballers|Gg\n","uploadtime":1700356974,"views":14,"p1id":"thericosuave","p2id":"shadowballers","formatid":"gen9vgc2023regulatione","rating":1216,"private":0,"password":""}