{"id":"gen9vgc2023regulatione-1996662622","p1":"AgileArcher","p2":"Willipino","format":"[Gen 9] VGC 2023 Regulation E","log":"|j|\u2606AgileArcher\n|j|\u2606Willipino\n|t:|1700706688\n|gametype|doubles\n|player|p1|AgileArcher|266|1390\n|player|p2|Willipino|169|1406\n|teamsize|p1|6\n|teamsize|p2|6\n|gen|9\n|tier|[Gen 9] VGC 2023 Regulation E\n|rated|\n|rule|Species Clause: Limit one of each Pok\u00e9mon\n|rule|Item Clause: Limit one of each item\n|clearpoke\n|poke|p1|Scizor, L50, M|\n|poke|p1|Chien-Pao, L50|\n|poke|p1|Annihilape, L50, M|\n|poke|p1|Tornadus, L50, M|\n|poke|p1|Landorus-Therian, L50, M|\n|poke|p1|Urshifu-*, L50, F|\n|poke|p2|Urshifu-*, L50, M|\n|poke|p2|Tornadus, L50, M|\n|poke|p2|Heatran, L50, F|\n|poke|p2|Farigiraf, L50, M|\n|poke|p2|Rillaboom, L50, M|\n|poke|p2|Chien-Pao, L50|\n|teampreview|4\n|inactive|Battle timer is ON: inactive players will automatically lose when time's up. (requested by AgileArcher)\n|inactive|Willipino has 60 seconds left.\n|\n|t:|1700706733\n|start\n|switch|p1a: Scizor|Scizor, L50, M|100\/100\n|switch|p1b: Landorus|Landorus-Therian, L50, M|100\/100\n|switch|p2a: Tornadus|Tornadus, L50, M|100\/100\n|switch|p2b: Heatran|Heatran, L50, F|100\/100\n|-ability|p1b: Landorus|Intimidate|boost\n|-unboost|p2a: Tornadus|atk|1\n|-unboost|p2b: Heatran|atk|1\n|turn|1\n|inactive|AgileArcher has 30 seconds left.\n|inactive|AgileArcher has 20 seconds left.\n|inactive|AgileArcher has 15 seconds left.\n|\n|t:|1700706776\n|move|p2b: Heatran|Protect|p2b: Heatran\n|-singleturn|p2b: Heatran|Protect\n|move|p1a: Scizor|Protect|p1a: Scizor\n|-singleturn|p1a: Scizor|Protect\n|move|p2a: Tornadus|Tailwind|p2a: Tornadus\n|-sidestart|p2: Willipino|move: Tailwind\n|move|p1b: Landorus|Stomping Tantrum|p2b: Heatran\n|-activate|p2b: Heatran|move: Protect\n|\n|upkeep\n|turn|2\n|\n|t:|1700706799\n|-terastallize|p2b: Heatran|Fairy\n|-terastallize|p1a: Scizor|Dragon\n|move|p2a: Tornadus|Sunny Day|p2a: Tornadus\n|-weather|SunnyDay\n|move|p2b: Heatran|Heat Wave|p1a: Scizor|[spread] p1a,p1b\n|-resisted|p1a: Scizor\n|-damage|p1a: Scizor|54\/100\n|-damage|p1b: Landorus|5\/100\n|-damage|p2b: Heatran|90\/100|[from] item: Life Orb\n|move|p1b: Landorus|Stomping Tantrum|p2b: Heatran\n|-damage|p2b: Heatran|42\/100\n|move|p1a: Scizor|Swords Dance|p1a: Scizor\n|-boost|p1a: Scizor|atk|2\n|\n|-weather|SunnyDay|[upkeep]\n|upkeep\n|turn|3\n|inactive|AgileArcher has 30 seconds left.\n|inactive|Willipino has 30 seconds left.\n|\n|t:|1700706826\n|switch|p1b: Chien-Pao|Chien-Pao, L50|100\/100\n|-ability|p1b: Chien-Pao|Sword of Ruin\n|move|p2b: Heatran|Protect|p2b: Heatran\n|-singleturn|p2b: Heatran|Protect\n|move|p1a: Scizor|Bullet Punch|p2a: Tornadus\n|-damage|p2a: Tornadus|0 fnt\n|faint|p2a: Tornadus\n|\n|-weather|SunnyDay|[upkeep]\n|upkeep\n|\n|t:|1700706843\n|switch|p2a: Chien-Pao|Chien-Pao, L50|100\/100\n|-ability|p2a: Chien-Pao|Sword of Ruin\n|turn|4\n|\n|t:|1700706867\n|move|p2b: Heatran|Protect||[still]\n|-fail|p2b: Heatran\n|move|p1b: Chien-Pao|Protect|p1b: Chien-Pao\n|-singleturn|p1b: Chien-Pao|Protect\n|move|p1a: Scizor|Protect|p1a: Scizor\n|-singleturn|p1a: Scizor|Protect\n|move|p2a: Chien-Pao|Sucker Punch||[still]\n|-fail|p2a: Chien-Pao\n|\n|-weather|SunnyDay|[upkeep]\n|-sideend|p2: Willipino|move: Tailwind\n|upkeep\n|turn|5\n|\n|t:|1700706883\n|move|p2b: Heatran|Protect|p2b: Heatran\n|-singleturn|p2b: Heatran|Protect\n|move|p1a: Scizor|Bullet Punch|p2b: Heatran\n|-activate|p2b: Heatran|move: Protect\n|move|p1b: Chien-Pao|Sacred Sword|p2a: Chien-Pao\n|-supereffective|p2a: Chien-Pao\n|-enditem|p2a: Chien-Pao|Focus Sash\n|-damage|p2a: Chien-Pao|1\/100\n|move|p2a: Chien-Pao|Icicle Crash|p1a: Scizor\n|-supereffective|p1a: Scizor\n|-damage|p1a: Scizor|0 fnt\n|faint|p1a: Scizor\n|\n|-weather|SunnyDay|[upkeep]\n|upkeep\n|\n|t:|1700706896\n|switch|p1a: Landorus|Landorus-Therian, L50, M|5\/100\n|-ability|p1a: Landorus|Intimidate|boost\n|-unboost|p2a: Chien-Pao|atk|1\n|-unboost|p2b: Heatran|atk|1\n|turn|6\n|\n|t:|1700706918\n|switch|p2a: Urshifu|Urshifu, L50, M|100\/100\n|move|p1a: Landorus|Rock Slide|p2a: Urshifu|[spread] p2b\n|-miss|p1a: Landorus|p2a: Urshifu\n|-damage|p2b: Heatran|13\/100\n|move|p1b: Chien-Pao|Ice Spinner|p2b: Heatran\n|-damage|p2b: Heatran|0 fnt\n|faint|p2b: Heatran\n|\n|-weather|none\n|upkeep\n|\n|t:|1700706926\n|switch|p2b: Chien-Pao|Chien-Pao, L50|1\/100\n|-ability|p2b: Chien-Pao|Sword of Ruin\n|turn|7\n|\n|t:|1700706936\n|move|p2a: Urshifu|Sucker Punch|p1b: Chien-Pao\n|-resisted|p1b: Chien-Pao\n|-damage|p1b: Chien-Pao|72\/100\n|move|p2b: Chien-Pao|Sucker Punch|p1a: Landorus\n|-damage|p1a: Landorus|0 fnt\n|faint|p1a: Landorus\n|move|p1b: Chien-Pao|Sacred Sword|p2a: Urshifu\n|-supereffective|p2a: Urshifu\n|-damage|p2a: Urshifu|31\/100\n|\n|upkeep\n|\n|t:|1700706944\n|switch|p1a: Urshifu|Urshifu-Rapid-Strike, L50, F|100\/100\n|turn|8\n|\n|t:|1700706950\n|move|p2a: Urshifu|Sucker Punch|p1b: Chien-Pao\n|-resisted|p1b: Chien-Pao\n|-crit|p1b: Chien-Pao\n|-damage|p1b: Chien-Pao|31\/100\n|move|p1a: Urshifu|Aqua Jet|p2b: Chien-Pao\n|-damage|p2b: Chien-Pao|0 fnt\n|faint|p2b: Chien-Pao\n|move|p1b: Chien-Pao|Sacred Sword|p2a: Urshifu\n|-supereffective|p2a: Urshifu\n|-damage|p2a: Urshifu|0 fnt\n|faint|p2a: Urshifu\n|\n|win|AgileArcher\n|raw|AgileArcher's rating: 1390 &rarr; <strong>1411<\/strong><br \/>(+21 for winning)\n|raw|Willipino's rating: 1406 &rarr; <strong>1385<\/strong><br \/>(-21 for losing)\n|l|\u2606AgileArcher\n","uploadtime":1700706969,"views":15,"p1id":"agilearcher","p2id":"willipino","formatid":"gen9vgc2023regulatione","rating":1385,"private":0,"password":""}