{"id":"gen9vgc2023regulatione-1992649322","p1":"Jard13255","p2":"Gkeast34","format":"[Gen 9] VGC 2023 Regulation E","log":"|j|\u2606Jard13255\n|j|\u2606Gkeast34\n|t:|1700220263\n|gametype|doubles\n|player|p1|Jard13255|psychic-gen4|1153\n|player|p2|Gkeast34|169|1094\n|teamsize|p1|6\n|teamsize|p2|6\n|gen|9\n|tier|[Gen 9] VGC 2023 Regulation E\n|rated|\n|rule|Species Clause: Limit one of each Pok\u00e9mon\n|rule|Item Clause: Limit one of each item\n|clearpoke\n|poke|p1|Gyarados, L50, F|\n|poke|p1|Garganacl, L50, F|\n|poke|p1|Sinistcha, L50|\n|poke|p1|Iron Hands, L50|\n|poke|p1|Grimmsnarl, L50, M|\n|poke|p1|Glimmora, L50, M|\n|poke|p2|Torkoal, L50, F|\n|poke|p2|Indeedee-F, L50, F|\n|poke|p2|Crabominable, L50, M|\n|poke|p2|Trevenant, L50, M|\n|poke|p2|Iron Hands, L50|\n|poke|p2|Hatterene, L50, F|\n|teampreview|4\nJard13255 has agreed to open team sheets.\n|\n|t:|1700220335\n|start\n|switch|p1a: Glimmora|Glimmora, L50, M|100\/100\n|switch|p1b: Gyarados|Gyarados, L50, F|100\/100\n|switch|p2a: Indeedee|Indeedee-F, L50, F|100\/100\n|switch|p2b: Hatterene|Hatterene, L50, F|100\/100\n|-ability|p1b: Gyarados|Intimidate|boost\n|-unboost|p2a: Indeedee|atk|1\n|-unboost|p2b: Hatterene|atk|1\n|-fieldstart|move: Psychic Terrain|[from] ability: Psychic Surge|[of] p2a: Indeedee\n|turn|1\n|inactive|Battle timer is ON: inactive players will automatically lose when time's up. (requested by Jard13255)\n|inactive|Gkeast34 has 60 seconds left.\n|inactive|Gkeast34 has 30 seconds left.\n|\n|t:|1700220420\n|move|p1a: Glimmora|Mortal Spin|p2b: Hatterene|[spread] p2a,p2b\n|-supereffective|p2b: Hatterene\n|-damage|p2a: Indeedee|95\/100\n|-damage|p2b: Hatterene|92\/100\n|-status|p2a: Indeedee|psn\n|-status|p2b: Hatterene|psn\n|move|p1b: Gyarados|Taunt|p2a: Indeedee\n|-start|p2a: Indeedee|move: Taunt\n|move|p2b: Hatterene|Psychic|p1a: Glimmora\n|-supereffective|p1a: Glimmora\n|-damage|p1a: Glimmora|0 fnt\n|faint|p1a: Glimmora\n|cant|p2a: Indeedee|move: Taunt|Trick Room\n|\n|-damage|p2a: Indeedee|83\/100 psn|[from] psn\n|-damage|p2b: Hatterene|80\/100 psn|[from] psn\n|upkeep\n|\n|t:|1700220437\n|switch|p1a: Sinistcha|Sinistcha, L50|100\/100\n|turn|2\n|inactive|Gkeast34 has 30 seconds left.\n|inactive|Gkeast34 has 20 seconds left.\n|inactive|Gkeast34 has 15 seconds left.\n|inactive|Gkeast34 has 10 seconds left.\n|\n|t:|1700220487\n|move|p1b: Gyarados|Waterfall|p2a: Indeedee\n|-damage|p2a: Indeedee|43\/100 psn\n|move|p1a: Sinistcha|Hex|p2b: Hatterene\n|-supereffective|p2b: Hatterene\n|-damage|p2b: Hatterene|0 fnt\n|faint|p2b: Hatterene\n|move|p2a: Indeedee|Psychic|p1a: Sinistcha\n|-damage|p1a: Sinistcha|67\/100\n|\n|-damage|p2a: Indeedee|31\/100 psn|[from] psn\n|upkeep\n|\n|t:|1700220495\n|switch|p2b: Torkoal|Torkoal, L50, F|100\/100\n|-weather|SunnyDay|[from] ability: Drought|[of] p2b: Torkoal\n|turn|3\n|\n|t:|1700220513\n|-terastallize|p2b: Torkoal|Fire\n|move|p1a: Sinistcha|Protect|p1a: Sinistcha\n|-singleturn|p1a: Sinistcha|Protect\n|move|p2a: Indeedee|Dazzling Gleam|p1b: Gyarados|[spread] p1b\n|-activate|p1a: Sinistcha|move: Protect\n|-crit|p1b: Gyarados\n|-damage|p1b: Gyarados|83\/100\n|move|p2b: Torkoal|Eruption|p1a: Sinistcha|[spread] p1b\n|-activate|p1a: Sinistcha|move: Protect\n|-resisted|p1b: Gyarados\n|-damage|p1b: Gyarados|37\/100\n|move|p1b: Gyarados|Dragon Tail|p2b: Torkoal\n|-damage|p2b: Torkoal|82\/100\n|drag|p2b: Crabominable|Crabominable, L50, M|100\/100\n|\n|-weather|SunnyDay|[upkeep]\n|-damage|p2a: Indeedee|19\/100 psn|[from] psn\n|-end|p2a: Indeedee|move: Taunt\n|upkeep\n|turn|4\n|inactive|Jard13255 has 30 seconds left.\n|inactive|Gkeast34 has 30 seconds left.\n|inactive|Jard13255 has 20 seconds left.\n|inactive|Jard13255 has 15 seconds left.\n|\n|t:|1700220555\n|switch|p1b: Grimmsnarl|Grimmsnarl, L50, M|100\/100\n|move|p2b: Crabominable|Protect|p2b: Crabominable\n|-singleturn|p2b: Crabominable|Protect\n|move|p1a: Sinistcha|Matcha Gotcha|p2b: Crabominable|[spread] p2a\n|-activate|p2b: Crabominable|move: Protect\n|-damage|p2a: Indeedee|0 fnt\n|-heal|p1a: Sinistcha|76\/100|[from] drain|[of] p2a: Indeedee\n|faint|p2a: Indeedee\n|\n|-weather|SunnyDay|[upkeep]\n|upkeep\n|\n|t:|1700220564\n|switch|p2a: Torkoal|Torkoal, L50, F, tera:Fire|82\/100\n|turn|5\n|\n|t:|1700220579\n|-terastallize|p1b: Grimmsnarl|Fire\n|move|p1a: Sinistcha|Protect|p1a: Sinistcha\n|-singleturn|p1a: Sinistcha|Protect\n|move|p1b: Grimmsnarl|Spirit Break|p2a: Torkoal\n|-resisted|p2a: Torkoal\n|-damage|p2a: Torkoal|68\/100\n|-unboost|p2a: Torkoal|spa|1\n|move|p2b: Crabominable|Drain Punch|p1b: Grimmsnarl\n|-damage|p1b: Grimmsnarl|30\/100\n|-damage|p2b: Crabominable|91\/100|[from] item: Life Orb\n|move|p2a: Torkoal|Eruption|p1a: Sinistcha|[spread] p1b\n|-activate|p1a: Sinistcha|move: Protect\n|-resisted|p1b: Grimmsnarl\n|-damage|p1b: Grimmsnarl|6\/100\n|\n|-weather|SunnyDay|[upkeep]\n|upkeep\n|turn|6\n|\n|t:|1700220600\n|move|p1a: Sinistcha|Strength Sap|p2b: Crabominable\n|-unboost|p2b: Crabominable|atk|1\n|-heal|p1a: Sinistcha|100\/100\n|move|p1b: Grimmsnarl|Spirit Break|p2a: Torkoal\n|-resisted|p2a: Torkoal\n|-damage|p2a: Torkoal|52\/100\n|-unboost|p2a: Torkoal|spa|1\n|move|p2b: Crabominable|Ice Hammer|p1a: Sinistcha\n|-supereffective|p1a: Sinistcha\n|-damage|p1a: Sinistcha|0 fnt\n|-unboost|p2b: Crabominable|spe|1\n|-damage|p2b: Crabominable|74\/100|[from] item: Rocky Helmet|[of] p1a: Sinistcha\n|faint|p1a: Sinistcha\n|-damage|p2b: Crabominable|64\/100|[from] item: Life Orb\n|move|p2a: Torkoal|Eruption|p1b: Grimmsnarl\n|-resisted|p1b: Grimmsnarl\n|-damage|p1b: Grimmsnarl|0 fnt\n|faint|p1b: Grimmsnarl\n|\n|-weather|SunnyDay|[upkeep]\n|upkeep\n|l|\u2606Gkeast34\n|inactive|Gkeast34 disconnected and has a minute to reconnect!\n|player|p2|\n|\n|t:|1700220625\n|switch|p1a: Gyarados|Gyarados, L50, F|37\/100\n|-ability|p1a: Gyarados|Intimidate|boost\n|-unboost|p2a: Torkoal|atk|1\n|-unboost|p2b: Crabominable|atk|1\n|turn|7\n|inactive|Gkeast34 has 30 seconds left.\n|inactive|Gkeast34 has 20 seconds left.\n|inactive|Gkeast34 has 15 seconds left.\n|inactive|Gkeast34 has 10 seconds left.\n|inactive|Gkeast34 has 5 seconds left.\n|-message|Gkeast34 lost due to inactivity.\n|\n|win|Jard13255\n|raw|Jard13255's rating: 1153 &rarr; <strong>1172<\/strong><br \/>(+19 for winning)\n|raw|Gkeast34's rating: 1072 &rarr; <strong>1056<\/strong><br \/>(-16 for losing)\n","uploadtime":1700220700,"views":19,"p1id":"jard13255","p2id":"gkeast34","formatid":"gen9vgc2023regulatione","rating":1056,"private":0,"password":""}