{"id":"gen9vgc2023regulatione-1988100060","p1":"justincaseuforgot","p2":"Jayanni","format":"[Gen 9] VGC 2023 Regulation E","log":"|j|\u2606justincaseuforgot\n|j|\u2606Jayanni\n|t:|1699669503\n|gametype|doubles\n|player|p1|justincaseuforgot|alder|\n|player|p2|Jayanni|169|\n|teamsize|p1|6\n|teamsize|p2|6\n|gen|9\n|tier|[Gen 9] VGC 2023 Regulation E\n|rule|Species Clause: Limit one of each Pok\u00e9mon\n|rule|Item Clause: Limit one of each item\n|clearpoke\n|poke|p1|Typhlosion-Hisui, L50, M|\n|poke|p1|Torkoal, L50, M|\n|poke|p1|Forretress, L50, F|\n|poke|p1|Clefairy, L50, F|\n|poke|p1|Gengar, L50, F|\n|poke|p1|Espeon, L50, M|\n|poke|p2|Trevenant, L50, F|\n|poke|p2|Dragalge, L50, M|\n|poke|p2|Gliscor, L50, F|\n|poke|p2|Ludicolo, L50, M|\n|poke|p2|Meowscarada, L50, F|\n|poke|p2|Umbreon, L50, F|\n|teampreview|4\n|j| loneleon\njustincaseuforgot has agreed to open team sheets.\nJayanni has agreed to open team sheets.\n|showteam|p1|Typhlosion-Hisui||AssaultVest|Blaze|TeraBlast,InfernalParade,Eruption,Flamethrower|||M|||50|,,,,,Ice]Torkoal||HeatRock|Drought|Protect,Yawn,EarthPower,HeatWave|||M|||50|,,,,,Fire]Forretress||Leftovers|Sturdy|GyroBall,Protect,Curse,ThunderWave|||F|||50|,,,,,Steel]Clefairy||Eviolite|FriendGuard|HelpingHand,HealPulse,DazzlingGleam,FollowMe|||F|||50|,,,,,Fairy]Gengar||LifeOrb|CursedBody|Hex,SludgeBomb,NastyPlot,DazzlingGleam|||F|||50|,,,,,Fairy]Espeon||FocusSash|MagicBounce|WeatherBall,Psyshock,TrickRoom,Protect|||M|||50|,,,,,Fire\n|showteam|p2|Trevenant||SitrusBerry|Frisk|TrickRoom,LeechSeed,Protect,KnockOff|||F|||50|,,,,,Normal]Dragalge||LifeOrb|Adaptability|SludgeBomb,DracoMeteor,Scald,Protect|||M|||50|,,,,,Poison]Gliscor||ToxicOrb|PoisonHeal|SwordsDance,BrickBreak,HighHorsepower,RockSlide|||F|||50|,,,,,Fairy]Ludicolo||AssaultVest|RainDish|RainDance,GigaDrain,Protect,Encore|||M|||50|,,,,,Dragon]Meowscarada||ChoiceBand|Protean|Uturn,KnockOff,BulletSeed,FlowerTrick|||F|||50|,,,,,Grass]Umbreon||Leftovers|InnerFocus|Toxic,Moonlight,Snarl,Curse|||F|||50|,,,,,Steel\n|\n|t:|1699669580\n|start\n|switch|p1a: tanky sunny poo|Torkoal, L50, M, shiny|100\/100\n|switch|p1b: glow|Typhlosion-Hisui, L50, M, shiny|100\/100\n|switch|p2a: Treva|Trevenant, L50, F, shiny|100\/100\n|switch|p2b: Mister|Dragalge, L50, M, shiny|100\/100\n|-item|p1a: tanky sunny poo|Heat Rock|[from] ability: Frisk|[of] p2a: Treva|[identify]\n|-item|p1b: glow|Assault Vest|[from] ability: Frisk|[of] p2a: Treva|[identify]\n|-weather|SunnyDay|[from] ability: Drought|[of] p1a: tanky sunny poo\n|turn|1\n|\n|t:|1699669599\n|-terastallize|p1b: glow|Ice\n|move|p1a: tanky sunny poo|Protect|p1a: tanky sunny poo\n|-singleturn|p1a: tanky sunny poo|Protect\n|move|p1b: glow|Eruption|p2a: Treva|[spread] p2a,p2b\n|-supereffective|p2a: Treva\n|-resisted|p2b: Mister\n|-damage|p2a: Treva|0 fnt\n|-damage|p2b: Mister|57\/100\n|faint|p2a: Treva\n|move|p2b: Mister|Draco Meteor|p1a: tanky sunny poo\n|-activate|p1a: tanky sunny poo|move: Protect\n|\n|-weather|SunnyDay|[upkeep]\n|upkeep\n|\n|t:|1699669617\n|switch|p2a: Umbreon|Umbreon, L50, F, shiny|100\/100\n|turn|2\n|\n|t:|1699669634\n|move|p1b: glow|Eruption|p2b: Mister|[spread] p2a,p2b\n|-resisted|p2b: Mister\n|-damage|p2a: Umbreon|40\/100\n|-damage|p2b: Mister|17\/100\n|move|p2a: Umbreon|Curse|p2a: Umbreon\n|-unboost|p2a: Umbreon|spe|1\n|-boost|p2a: Umbreon|atk|1\n|-boost|p2a: Umbreon|def|1\n|move|p2b: Mister|Draco Meteor|p1a: tanky sunny poo\n|-damage|p1a: tanky sunny poo|0 fnt\n|-unboost|p2b: Mister|spa|2\n|faint|p1a: tanky sunny poo\n|-damage|p2b: Mister|7\/100|[from] item: Life Orb\n|\n|-weather|SunnyDay|[upkeep]\n|-heal|p2a: Umbreon|46\/100|[from] item: Leftovers\n|upkeep\n|\n|t:|1699669653\n|switch|p1a: another pokedoll|Clefairy, L50, F, shiny|100\/100\n|turn|3\n|\n|t:|1699669660\n|move|p1a: another pokedoll|Helping Hand|p1b: glow\n|-singleturn|p1b: glow|Helping Hand|[of] p1a: another pokedoll\n|move|p2b: Mister|Protect|p2b: Mister\n|-singleturn|p2b: Mister|Protect\n|move|p1b: glow|Eruption|p2a: Umbreon|[spread] p2a\n|-activate|p2b: Mister|move: Protect\n|-damage|p2a: Umbreon|0 fnt\n|faint|p2a: Umbreon\n|\n|-weather|SunnyDay|[upkeep]\n|upkeep\n|\n|t:|1699669672\n|switch|p2a: Meowscarada|Meowscarada, L50, F, shiny|100\/100\n|turn|4\n|\n|t:|1699669683\n|-terastallize|p2a: Meowscarada|Grass\n|move|p1a: another pokedoll|Helping Hand|p1b: glow\n|-singleturn|p1b: glow|Helping Hand|[of] p1a: another pokedoll\n|move|p2a: Meowscarada|Flower Trick|p1b: glow\n|-crit|p1b: glow\n|-damage|p1b: glow|0 fnt\n|faint|p1b: glow\n|move|p2b: Mister|Sludge Bomb|p1a: another pokedoll\n|-supereffective|p1a: another pokedoll\n|-damage|p1a: another pokedoll|33\/100\n|-damage|p2b: Mister|0 fnt|[from] item: Life Orb\n|faint|p2b: Mister\n|\n|-weather|SunnyDay|[upkeep]\n|upkeep\n|\n|t:|1699669695\n|switch|p1b: greatest showman|Espeon, L50, M, shiny|100\/100\n|turn|5\n|\n|t:|1699669703\n|move|p1a: another pokedoll|Follow Me|p1a: another pokedoll\n|-singleturn|p1a: another pokedoll|move: Follow Me\n|move|p2a: Meowscarada|Flower Trick|p1a: another pokedoll\n|-crit|p1a: another pokedoll\n|-damage|p1a: another pokedoll|0 fnt\n|faint|p1a: another pokedoll\n|move|p1b: greatest showman|Trick Room|p1b: greatest showman\n|-fieldstart|move: Trick Room|[of] p1b: greatest showman\n|\n|-weather|SunnyDay|[upkeep]\n|upkeep\n|turn|6\n|\n|t:|1699669714\n|move|p1b: greatest showman|Weather Ball|p2a: Meowscarada\n|-supereffective|p2a: Meowscarada\n|-damage|p2a: Meowscarada|0 fnt\n|faint|p2a: Meowscarada\n|\n|win|justincaseuforgot\n|l|\u2606Jayanni\n|l|\u2606justincaseuforgot\n","uploadtime":1699669730,"views":43,"p1id":"justincaseuforgot","p2id":"jayanni","formatid":"gen9vgc2023regulatione","rating":0,"private":0,"password":""}