{"id":"gen9vgc2023regulatione-1992434745","p1":"CuackCuack","p2":"Conchoboar4","format":"[Gen 9] VGC 2023 Regulation E","log":"|j|\u2606CuackCuack\n|j|\u2606Conchoboar4\n|t:|1700187190\n|gametype|doubles\n|player|p1|CuackCuack|2|1301\n|player|p2|Conchoboar4|102|1351\n|teamsize|p1|6\n|teamsize|p2|6\n|gen|9\n|tier|[Gen 9] VGC 2023 Regulation E\n|rated|\n|rule|Species Clause: Limit one of each Pok\u00e9mon\n|rule|Item Clause: Limit one of each item\n|clearpoke\n|poke|p1|Flutter Mane, L50|\n|poke|p1|Rillaboom, L50, M|\n|poke|p1|Tornadus, L50, M|\n|poke|p1|Urshifu-*, L50, F|\n|poke|p1|Roaring Moon, L50|\n|poke|p1|Umbreon, L50, F|\n|poke|p2|Mamoswine, L50, M|\n|poke|p2|Iron Hands, L50|\n|poke|p2|Grimmsnarl, L50, M|\n|poke|p2|Flutter Mane, L50|\n|poke|p2|Heatran, L50, F|\n|poke|p2|Sinistcha, L50|\n|teampreview|4\n|inactive|Battle timer is ON: inactive players will automatically lose when time's up. (requested by CuackCuack)\n|inactive|Conchoboar4 has 60 seconds left.\nCuackCuack has agreed to open team sheets.\n|\n|t:|1700187234\n|start\n|switch|p1a: Umbreon|Umbreon, L50, F|100\/100\n|switch|p1b: Flutter Mane|Flutter Mane, L50|100\/100\n|switch|p2a: Sinistcha|Sinistcha, L50|100\/100\n|switch|p2b: Iron Hands|Iron Hands, L50|100\/100\n|turn|1\n|\n|t:|1700187254\n|-end|p1b: Flutter Mane|Protosynthesis|[silent]\n|switch|p1b: Urshifu|Urshifu-Rapid-Strike, L50, F|100\/100\n|move|p1a: Umbreon|Yawn|p2b: Iron Hands\n|-start|p2b: Iron Hands|move: Yawn|[of] p1a: Umbreon\n|move|p2b: Iron Hands|Heavy Slam|p1b: Urshifu\n|-resisted|p1b: Urshifu\n|-damage|p1b: Urshifu|87\/100\n|move|p2a: Sinistcha|Trick Room|p2a: Sinistcha\n|-fieldstart|move: Trick Room|[of] p2a: Sinistcha\n|\n|upkeep\n|turn|2\n|\n|t:|1700187276\n|switch|p1b: Rillaboom|Rillaboom, L50, M|100\/100\n|-fieldstart|move: Grassy Terrain|[from] ability: Grassy Surge|[of] p1b: Rillaboom\n|move|p2b: Iron Hands|Volt Switch|p1a: Umbreon\n|-damage|p1a: Umbreon|93\/100\n|\n|t:|1700187279\n|-end|p2b: Iron Hands|Quark Drive|[silent]\n|switch|p2b: Heatran|Heatran, L50, F|100\/100|[from] Volt Switch\n|move|p1a: Umbreon|Yawn|p2a: Sinistcha\n|-start|p2a: Sinistcha|move: Yawn|[of] p1a: Umbreon\n|move|p2a: Sinistcha|Matcha Gotcha|p1a: Umbreon|[spread] p1a,p1b\n|-resisted|p1b: Rillaboom\n|-damage|p1a: Umbreon|75\/100\n|-damage|p1b: Rillaboom|87\/100\n|\n|-heal|p1a: Umbreon|81\/100|[from] Grassy Terrain\n|-heal|p1a: Umbreon|87\/100|[from] item: Leftovers\n|-heal|p1b: Rillaboom|93\/100|[from] Grassy Terrain\n|upkeep\n|turn|3\n|\n|t:|1700187297\n|switch|p2a: Iron Hands|Iron Hands, L50|100\/100\n|move|p2b: Heatran|Protect|p2b: Heatran\n|-singleturn|p2b: Heatran|Protect\n|move|p1b: Rillaboom|Fake Out|p2b: Heatran\n|-activate|p2b: Heatran|move: Protect\n|move|p1a: Umbreon|Yawn|p2b: Heatran\n|-activate|p2b: Heatran|move: Protect\n|\n|-heal|p1a: Umbreon|93\/100|[from] Grassy Terrain\n|-heal|p1a: Umbreon|99\/100|[from] item: Leftovers\n|-heal|p1b: Rillaboom|99\/100|[from] Grassy Terrain\n|upkeep\n|turn|4\n|\n|t:|1700187314\n|-terastallize|p1a: Umbreon|Poison\n|move|p2a: Iron Hands|Drain Punch|p1a: Umbreon\n|-resisted|p1a: Umbreon\n|-damage|p1a: Umbreon|79\/100\n|move|p1a: Umbreon|Yawn|p2a: Iron Hands\n|-start|p2a: Iron Hands|move: Yawn|[of] p1a: Umbreon\n|move|p2b: Heatran|Heat Wave|p1a: Umbreon|[spread] p1a\n|-miss|p2b: Heatran|p1b: Rillaboom\n|-damage|p1a: Umbreon|57\/100\n|move|p1b: Rillaboom|Knock Off|p2b: Heatran\n|-damage|p2b: Heatran|69\/100\n|-enditem|p2b: Heatran|Ability Shield|[from] move: Knock Off|[of] p1b: Rillaboom\n|\n|-heal|p1a: Umbreon|63\/100|[from] Grassy Terrain\n|-heal|p1a: Umbreon|69\/100|[from] item: Leftovers\n|-heal|p2b: Heatran|74\/100|[from] Grassy Terrain\n|-heal|p1b: Rillaboom|100\/100|[from] Grassy Terrain\n|upkeep\n|turn|5\n|\n|t:|1700187337\n|switch|p1b: Urshifu|Urshifu-Rapid-Strike, L50, F|87\/100\n|move|p2a: Iron Hands|Volt Switch|p1b: Urshifu\n|-supereffective|p1b: Urshifu\n|-damage|p1b: Urshifu|53\/100\n|\n|t:|1700187340\n|-end|p2a: Iron Hands|Quark Drive|[silent]\n|switch|p2a: Sinistcha|Sinistcha, L50|100\/100|[from] Volt Switch\n|-heal|p2b: Heatran|99\/100|[from] ability: Hospitality|[of] p2a: Sinistcha\n|move|p1a: Umbreon|Moonlight|p1a: Umbreon\n|-heal|p1a: Umbreon|100\/100\n|move|p2b: Heatran|Heat Wave|p1b: Urshifu|[spread] p1a\n|-miss|p2b: Heatran|p1b: Urshifu\n|-damage|p1a: Umbreon|78\/100\n|\n|-heal|p1a: Umbreon|84\/100|[from] Grassy Terrain\n|-heal|p1a: Umbreon|90\/100|[from] item: Leftovers\n|-heal|p2b: Heatran|100\/100|[from] Grassy Terrain\n|-heal|p1b: Urshifu|59\/100|[from] Grassy Terrain\n|-fieldend|move: Trick Room\n|upkeep\n|turn|6\n|\n|t:|1700187362\n|-terastallize|p2b: Heatran|Grass\n|move|p1b: Urshifu|Surging Strikes|p2b: Heatran\n|-resisted|p2b: Heatran\n|-crit|p2b: Heatran\n|-damage|p2b: Heatran|93\/100\n|-resisted|p2b: Heatran\n|-crit|p2b: Heatran\n|-damage|p2b: Heatran|84\/100\n|-resisted|p2b: Heatran\n|-crit|p2b: Heatran\n|-damage|p2b: Heatran|75\/100\n|-hitcount|p2b: Heatran|3\n|move|p2b: Heatran|Heat Wave|p1b: Urshifu|[spread] p1b\n|-miss|p2b: Heatran|p1a: Umbreon\n|-resisted|p1b: Urshifu\n|-damage|p1b: Urshifu|30\/100\n|move|p2a: Sinistcha|Matcha Gotcha|p1a: Umbreon|[spread] p1a,p1b\n|-resisted|p1a: Umbreon\n|-supereffective|p1b: Urshifu\n|-damage|p1a: Umbreon|80\/100\n|-damage|p1b: Urshifu|0 fnt\n|-status|p1a: Umbreon|brn\n|faint|p1b: Urshifu\n|move|p1a: Umbreon|Taunt|p2a: Sinistcha\n|-start|p2a: Sinistcha|move: Taunt\n|\n|-heal|p2b: Heatran|81\/100|[from] Grassy Terrain\n|-heal|p1a: Umbreon|86\/100 brn|[from] Grassy Terrain\n|-heal|p1a: Umbreon|92\/100 brn|[from] item: Leftovers\n|-damage|p1a: Umbreon|86\/100 brn|[from] brn\n|-fieldend|move: Grassy Terrain\n|upkeep\n|\n|t:|1700187366\n|switch|p1b: Flutter Mane|Flutter Mane, L50|100\/100\n|turn|7\n|\n|t:|1700187378\n|move|p1b: Flutter Mane|Moonblast|p2b: Heatran\n|-damage|p2b: Heatran|11\/100\n|move|p2b: Heatran|Flash Cannon|p1b: Flutter Mane\n|-supereffective|p1b: Flutter Mane\n|-damage|p1b: Flutter Mane|8\/100\n|move|p2a: Sinistcha|Matcha Gotcha|p1a: Umbreon|[spread] p1a,p1b\n|-resisted|p1a: Umbreon\n|-damage|p1a: Umbreon|79\/100 brn\n|-damage|p1b: Flutter Mane|0 fnt\n|faint|p1b: Flutter Mane\n|-end|p1b: Flutter Mane|Protosynthesis|[silent]\n|move|p1a: Umbreon|Foul Play|p2b: Heatran\n|-damage|p2b: Heatran|2\/100\n|\n|-heal|p1a: Umbreon|85\/100 brn|[from] item: Leftovers\n|-damage|p1a: Umbreon|79\/100 brn|[from] brn\n|upkeep\n|\n|t:|1700187384\n|switch|p1b: Rillaboom|Rillaboom, L50, M|100\/100\n|-fieldstart|move: Grassy Terrain|[from] ability: Grassy Surge|[of] p1b: Rillaboom\n|turn|8\n|\n|t:|1700187392\n|move|p1b: Rillaboom|Grassy Glide|p2b: Heatran\n|-resisted|p2b: Heatran\n|-damage|p2b: Heatran|0 fnt\n|faint|p2b: Heatran\n|move|p2a: Sinistcha|Matcha Gotcha|p1b: Rillaboom|[spread] p1a,p1b\n|-resisted|p1a: Umbreon\n|-resisted|p1b: Rillaboom\n|-damage|p1a: Umbreon|69\/100 brn\n|-damage|p1b: Rillaboom|88\/100\n|move|p1a: Umbreon|Foul Play|p2a: Sinistcha\n|-supereffective|p2a: Sinistcha\n|-damage|p2a: Sinistcha|86\/100\n|\n|-heal|p1b: Rillaboom|94\/100|[from] Grassy Terrain\n|-heal|p2a: Sinistcha|93\/100|[from] Grassy Terrain\n|-heal|p1a: Umbreon|75\/100 brn|[from] Grassy Terrain\n|-heal|p1a: Umbreon|81\/100 brn|[from] item: Leftovers\n|-damage|p1a: Umbreon|75\/100 brn|[from] brn\n|upkeep\n|\n|t:|1700187410\n|switch|p2b: Mamoswine|Mamoswine, L50, M|100\/100\n|turn|9\n|\n|t:|1700187420\n|move|p2b: Mamoswine|Ice Shard|p1b: Rillaboom\n|-supereffective|p1b: Rillaboom\n|-damage|p1b: Rillaboom|41\/100\n|move|p1b: Rillaboom|Grassy Glide|p2b: Mamoswine\n|-supereffective|p2b: Mamoswine\n|-damage|p2b: Mamoswine|21\/100\n|move|p2a: Sinistcha|Shadow Ball|p1b: Rillaboom\n|-damage|p1b: Rillaboom|14\/100\n|-unboost|p1b: Rillaboom|spd|1\n|move|p1a: Umbreon|Foul Play|p2b: Mamoswine\n|-damage|p2b: Mamoswine|0 fnt\n|faint|p2b: Mamoswine\n|\n|-heal|p1b: Rillaboom|20\/100|[from] Grassy Terrain\n|-heal|p2a: Sinistcha|99\/100|[from] Grassy Terrain\n|-heal|p1a: Umbreon|81\/100 brn|[from] Grassy Terrain\n|-heal|p1a: Umbreon|87\/100 brn|[from] item: Leftovers\n|-damage|p1a: Umbreon|81\/100 brn|[from] brn\n|-end|p2a: Sinistcha|move: Taunt\n|upkeep\n|\n|t:|1700187426\n|switch|p2b: Iron Hands|Iron Hands, L50|100\/100\n|turn|10\n|\n|t:|1700187433\n|move|p1b: Rillaboom|Knock Off|p2a: Sinistcha\n|-supereffective|p2a: Sinistcha\n|-damage|p2a: Sinistcha|45\/100\n|-enditem|p2a: Sinistcha|Sitrus Berry|[from] move: Knock Off|[of] p1b: Rillaboom\n|move|p2a: Sinistcha|Shadow Ball|p1b: Rillaboom\n|-damage|p1b: Rillaboom|0 fnt\n|faint|p1b: Rillaboom\n|move|p1a: Umbreon|Yawn|p2b: Iron Hands\n|-start|p2b: Iron Hands|move: Yawn|[of] p1a: Umbreon\n|move|p2b: Iron Hands|Thunder Punch|p1a: Umbreon\n|-damage|p1a: Umbreon|46\/100 brn\n|\n|-heal|p2a: Sinistcha|51\/100|[from] Grassy Terrain\n|-heal|p1a: Umbreon|51\/100 brn|[from] Grassy Terrain\n|-heal|p1a: Umbreon|57\/100 brn|[from] item: Leftovers\n|-damage|p1a: Umbreon|51\/100 brn|[from] brn\n|upkeep\n|turn|11\n|inactive|CuackCuack has 30 seconds left.\n|inactive|CuackCuack has 20 seconds left.\n|-message|CuackCuack forfeited.\n|\n|win|Conchoboar4\n|raw|CuackCuack's rating: 1301 &rarr; <strong>1284<\/strong><br \/>(-17 for losing)\n|raw|Conchoboar4's rating: 1351 &rarr; <strong>1368<\/strong><br \/>(+17 for winning)\n|l|\u2606CuackCuack\n","uploadtime":1700187485,"views":11,"p1id":"cuackcuack","p2id":"conchoboar4","formatid":"gen9vgc2023regulatione","rating":1284,"private":0,"password":""}