{"id":"gen9vgc2023regulatione-1991585603","p1":"bobinzo","p2":"Mr.Shibatku","format":"[Gen 9] VGC 2023 Regulation E","log":"|j|\u2606bobinzo\n|j|\u2606Mr.Shibatku\n|t:|1700091155\n|gametype|doubles\n|player|p1|bobinzo|hilbert-wonderlauncher|1431\n|player|p2|Mr.Shibatku|byron|1405\n|teamsize|p1|6\n|teamsize|p2|6\n|gen|9\n|tier|[Gen 9] VGC 2023 Regulation E\n|rated|\n|rule|Species Clause: Limit one of each Pok\u00e9mon\n|rule|Item Clause: Limit one of each item\n|clearpoke\n|poke|p1|Landorus-Therian, L50, M|\n|poke|p1|Ogerpon-Wellspring, L50, F|\n|poke|p1|Roaring Moon, L50|\n|poke|p1|Weezing, L50, F|\n|poke|p1|Regieleki, L50|\n|poke|p1|Heatran, L50, F|\n|poke|p2|Indeedee-F, L50, F|\n|poke|p2|Urshifu-*, L50, F|\n|poke|p2|Ursaluna-Bloodmoon, L50, M|\n|poke|p2|Tornadus, L50, M|\n|poke|p2|Armarouge, L50, M|\n|poke|p2|Flutter Mane, L50|\n|teampreview|4\n|inactive|Battle timer is ON: inactive players will automatically lose when time's up. (requested by bobinzo)\n|\n|t:|1700091203\n|start\n|switch|p1a: Weezing|Weezing, L50, F|100\/100\n|switch|p1b: Roaring Moon|Roaring Moon, L50|100\/100\n|switch|p2a: Flutter Mane|Flutter Mane, L50|100\/100\n|switch|p2b: Ursaluna|Ursaluna-Bloodmoon, L50, M|100\/100\n|-ability|p1a: Weezing|Neutralizing Gas\n|-enditem|p2a: Flutter Mane|Booster Energy\n|-activate|p2a: Flutter Mane|ability: Protosynthesis|[fromitem]\n|-start|p2a: Flutter Mane|protosynthesisspa\n|-enditem|p1b: Roaring Moon|Booster Energy\n|-activate|p1b: Roaring Moon|ability: Protosynthesis|[fromitem]\n|-start|p1b: Roaring Moon|protosynthesisspe\n|turn|1\n|inactive|Mr.Shibatku has 30 seconds left.\n|inactive|Mr.Shibatku has 20 seconds left.\n|\n|t:|1700091243\n|move|p1b: Roaring Moon|Protect|p1b: Roaring Moon\n|-singleturn|p1b: Roaring Moon|Protect\n|move|p1a: Weezing|Protect|p1a: Weezing\n|-singleturn|p1a: Weezing|Protect\n|move|p2a: Flutter Mane|Dazzling Gleam|p1b: Roaring Moon|[spread] \n|-activate|p1a: Weezing|move: Protect\n|-activate|p1b: Roaring Moon|move: Protect\n|move|p2b: Ursaluna|Hyper Voice|p1a: Weezing|[spread] \n|-activate|p1a: Weezing|move: Protect\n|-activate|p1b: Roaring Moon|move: Protect\n|\n|upkeep\n|turn|2\n|inactive|Mr.Shibatku has 30 seconds left.\n|inactive|bobinzo has 30 seconds left.\n|\n|t:|1700091282\n|move|p1b: Roaring Moon|Tailwind|p1b: Roaring Moon\n|-sidestart|p1: bobinzo|move: Tailwind\n|move|p1a: Weezing|Gunk Shot|p2a: Flutter Mane\n|-damage|p2a: Flutter Mane|49\/100\n|move|p2a: Flutter Mane|Dazzling Gleam|p1b: Roaring Moon|[spread] p1a,p1b\n|-resisted|p1a: Weezing\n|-supereffective|p1b: Roaring Moon\n|-damage|p1a: Weezing|75\/100\n|-damage|p1b: Roaring Moon|0 fnt\n|faint|p1b: Roaring Moon\n|-end|p1b: Roaring Moon|Protosynthesis|[silent]\n|move|p2b: Ursaluna|Hyper Voice|p1a: Weezing\n|-damage|p1a: Weezing|2\/100\n|-enditem|p2b: Ursaluna|Throat Spray\n|-boost|p2b: Ursaluna|spa|1|[from] item: Throat Spray\n|\n|-heal|p1a: Weezing|8\/100|[from] item: Leftovers\n|upkeep\n|\n|t:|1700091291\n|switch|p1b: Heatran|Heatran, L50, F|100\/100\n|turn|3\n|\n|t:|1700091305\n|-terastallize|p1b: Heatran|Grass\n|move|p2a: Flutter Mane|Protect|p2a: Flutter Mane\n|-singleturn|p2a: Flutter Mane|Protect\n|move|p2b: Ursaluna|Protect|p2b: Ursaluna\n|-singleturn|p2b: Ursaluna|Protect\n|move|p1a: Weezing|Gunk Shot|p2a: Flutter Mane\n|-activate|p2a: Flutter Mane|move: Protect\n|move|p1b: Heatran|Tera Blast|p2b: Ursaluna|[anim] Tera Blast Grass\n|-activate|p2b: Ursaluna|move: Protect\n|\n|-heal|p1a: Weezing|14\/100|[from] item: Leftovers\n|upkeep\n|turn|4\n|\n|t:|1700091326\n|-terastallize|p2b: Ursaluna|Normal\n|move|p1a: Weezing|Gunk Shot|p2a: Flutter Mane\n|-damage|p2a: Flutter Mane|0 fnt\n|faint|p2a: Flutter Mane\n|-end|p2a: Flutter Mane|Protosynthesis|[silent]\n|move|p1b: Heatran|Tera Blast|p2b: Ursaluna|[anim] Tera Blast Grass\n|-damage|p2b: Ursaluna|45\/100\n|move|p2b: Ursaluna|Blood Moon|p1b: Heatran\n|-crit|p1b: Heatran\n|-damage|p1b: Heatran|0 fnt\n|faint|p1b: Heatran\n|\n|-heal|p1a: Weezing|20\/100|[from] item: Leftovers\n|upkeep\n|c|\u2606bobinzo|wow\n|\n|t:|1700091343\n|switch|p2a: Indeedee|Indeedee-F, L50, F|100\/100\n|switch|p1b: Regieleki|Regieleki, L50|100\/100\n|turn|5\n|\n|t:|1700091354\n|move|p2a: Indeedee|Follow Me|p2a: Indeedee\n|-singleturn|p2a: Indeedee|move: Follow Me\n|move|p1b: Regieleki|Electro Ball|p2a: Indeedee\n|-damage|p2a: Indeedee|0 fnt\n|faint|p2a: Indeedee\n|move|p1a: Weezing|Taunt|p2b: Ursaluna\n|-start|p2b: Ursaluna|move: Taunt\n|move|p2b: Ursaluna|Hyper Voice|p1b: Regieleki|[spread] p1a,p1b\n|-damage|p1a: Weezing|0 fnt\n|-damage|p1b: Regieleki|0 fnt\n|faint|p1a: Weezing\n|-end|p1a: Weezing|ability: Neutralizing Gas\n|faint|p1b: Regieleki\n|\n|win|Mr.Shibatku\n|raw|bobinzo's rating: 1431 &rarr; <strong>1410<\/strong><br \/>(-21 for losing)\n|raw|Mr.Shibatku's rating: 1405 &rarr; <strong>1426<\/strong><br \/>(+21 for winning)\n|l|\u2606bobinzo\n","uploadtime":1700091374,"views":23,"p1id":"bobinzo","p2id":"mrshibatku","formatid":"gen9vgc2023regulatione","rating":1410,"private":0,"password":""}