{"id":"gen9vgc2023regulatione-2000327909","p1":"virizion vibrator","p2":"whyismynamejeff","format":"[Gen 9] VGC 2023 Regulation E","log":"|j|\u2606virizion vibrator\n|j|\u2606whyismynamejeff\n|t:|1701185343\n|gametype|doubles\n|player|p1|virizion vibrator|skyla|\n|player|p2|whyismynamejeff|colress|\n|teamsize|p1|6\n|teamsize|p2|6\n|gen|9\n|tier|[Gen 9] VGC 2023 Regulation E\n|rated|Tournament battle\n|rule|Species Clause: Limit one of each Pok\u00e9mon\n|rule|Item Clause: Limit one of each item\n|clearpoke\n|poke|p1|Arcanine-Hisui, L50, F|\n|poke|p1|Flutter Mane, L50|\n|poke|p1|Landorus, L50, M|\n|poke|p1|Rillaboom, L50, M|\n|poke|p1|Tornadus, L50, M|\n|poke|p1|Urshifu-*, L50, F|\n|poke|p2|Farigiraf, L50, M|\n|poke|p2|Iron Hands, L50|\n|poke|p2|Urshifu-*, L50, F|\n|poke|p2|Chien-Pao, L50|\n|poke|p2|Tornadus, L50, M|\n|poke|p2|Flutter Mane, L50|\n|teampreview|4\n|showteam|p1|Arcanine-Hisui||ChoiceBand|Intimidate|ExtremeSpeed,RockSlide,FlareBlitz,TeraBlast|||F|||50|,,,,,Fairy]Flutter Mane||ChoiceSpecs|Protosynthesis|DazzlingGleam,ShadowBall,Moonblast,EnergyBall||||||50|,,,,,Grass]Landorus||LifeOrb|SheerForce|SandsearStorm,SludgeBomb,EarthPower,Protect|||M|||50|,,,,,Poison]Rillaboom||AssaultVest|GrassySurge|GrassyGlide,FakeOut,HighHorsepower,WoodHammer|||M|||50|,,,,,Electric]Tornadus||CovertCloak|Prankster|BleakwindStorm,Tailwind,RainDance,Taunt|||M|||50|,,,,,Steel]Urshifu-Rapid-Strike||FocusSash|UnseenFist|SurgingStrikes,CloseCombat,AquaJet,Detect|||F|||50|,,,,,Water\n|showteam|p2|Farigiraf||SitrusBerry|ArmorTail|TrickRoom,Imprison,Psychic,DazzlingGleam|||M|||50|,,,,,Fairy]Iron Hands||AssaultVest|QuarkDrive|WildCharge,DrainPunch,IcePunch,FakeOut||||||50|,,,,,Water]Urshifu-Rapid-Strike||ChoiceScarf|UnseenFist|SurgingStrikes,AquaJet,CloseCombat,Uturn|||F|||50|,,,,,Water]Chien-Pao||FocusSash|SwordofRuin|SuckerPunch,Crunch,IceSpinner,Protect||||||50|,,,,,Dark]Tornadus||CovertCloak|Prankster|Tailwind,BleakwindStorm,RainDance,Taunt|||M|||50|,,,,,Ghost]Flutter Mane||ChoiceSpecs|Protosynthesis|DazzlingGleam,Moonblast,Thunderbolt,ShadowBall||||||50|,,,,,Fairy\n|c|\u2606whyismynamejeff|uhhh\n|c|\u2606whyismynamejeff|tf is that username\n|\n|t:|1701185429\n|start\n|switch|p1a: Tornadus|Tornadus, L50, M|100\/100\n|switch|p1b: Flutter Mane|Flutter Mane, L50|100\/100\n|switch|p2a: Sparky Hariyama|Iron Hands, L50, shiny|100\/100\n|switch|p2b: Clowdy Howdy|Tornadus, L50, M|100\/100\n|turn|1\n|\n|t:|1701185449\n|-end|p1b: Flutter Mane|Protosynthesis|[silent]\n|switch|p1b: Landorus|Landorus, L50, M|100\/100\n|move|p1a: Tornadus|Tailwind|p1a: Tornadus\n|-sidestart|p1: virizion vibrator|move: Tailwind\n|move|p2b: Clowdy Howdy|Taunt|p1a: Tornadus\n|-start|p1a: Tornadus|move: Taunt\n|move|p2a: Sparky Hariyama|Ice Punch|p1a: Tornadus\n|-supereffective|p1a: Tornadus\n|-damage|p1a: Tornadus|20\/100\n|\n|upkeep\n|turn|2\n|\n|t:|1701185474\n|move|p2b: Clowdy Howdy|Tailwind|p2b: Clowdy Howdy\n|-sidestart|p2: whyismynamejeff|move: Tailwind\n|move|p1a: Tornadus|Bleakwind Storm|p2a: Sparky Hariyama|[spread] p2b\n|-miss|p1a: Tornadus|p2a: Sparky Hariyama\n|-damage|p2b: Clowdy Howdy|60\/100\n|move|p1b: Landorus|Earth Power|p2a: Sparky Hariyama\n|-supereffective|p2a: Sparky Hariyama\n|-damage|p2a: Sparky Hariyama|14\/100\n|move|p2a: Sparky Hariyama|Ice Punch|p1b: Landorus\n|-supereffective|p1b: Landorus\n|-damage|p1b: Landorus|0 fnt\n|faint|p1b: Landorus\n|\n|upkeep\n|\n|t:|1701185489\n|switch|p1b: Flutter Mane|Flutter Mane, L50|100\/100\n|turn|3\n|\n|t:|1701185524\n|move|p2b: Clowdy Howdy|Rain Dance|p2b: Clowdy Howdy\n|-weather|RainDance\n|move|p1b: Flutter Mane|Dazzling Gleam|p2a: Sparky Hariyama|[spread] p2a,p2b\n|-supereffective|p2a: Sparky Hariyama\n|-damage|p2a: Sparky Hariyama|0 fnt\n|-damage|p2b: Clowdy Howdy|10\/100\n|faint|p2a: Sparky Hariyama\n|-end|p2a: Sparky Hariyama|Quark Drive|[silent]\n|move|p1a: Tornadus|Bleakwind Storm|p2b: Clowdy Howdy\n|-damage|p2b: Clowdy Howdy|0 fnt\n|faint|p2b: Clowdy Howdy\n|\n|-weather|RainDance|[upkeep]\n|upkeep\n|\n|t:|1701185540\n|switch|p2b: Sword Cat|Chien-Pao, L50|100\/100\n|switch|p2a: Water Bear|Urshifu-Rapid-Strike, L50, F|100\/100\n|-ability|p2b: Sword Cat|Sword of Ruin\n|turn|4\n|\n|t:|1701185595\n|-terastallize|p1b: Flutter Mane|Grass\n|move|p2b: Sword Cat|Protect|p2b: Sword Cat\n|-singleturn|p2b: Sword Cat|Protect\n|move|p2a: Water Bear|Surging Strikes|p1b: Flutter Mane\n|-resisted|p1b: Flutter Mane\n|-crit|p1b: Flutter Mane\n|-damage|p1b: Flutter Mane|70\/100\n|-resisted|p1b: Flutter Mane\n|-crit|p1b: Flutter Mane\n|-damage|p1b: Flutter Mane|39\/100\n|-resisted|p1b: Flutter Mane\n|-crit|p1b: Flutter Mane\n|-damage|p1b: Flutter Mane|8\/100\n|-hitcount|p1b: Flutter Mane|3\n|move|p1b: Flutter Mane|Dazzling Gleam|p2a: Water Bear|[spread] p2a\n|-activate|p2b: Sword Cat|move: Protect\n|-supereffective|p2a: Water Bear\n|-damage|p2a: Water Bear|0 fnt\n|faint|p2a: Water Bear\n|move|p1a: Tornadus|Bleakwind Storm|p2b: Sword Cat\n|-activate|p2b: Sword Cat|move: Protect\n|\n|-weather|RainDance|[upkeep]\n|-end|p1a: Tornadus|move: Taunt\n|-sideend|p1: virizion vibrator|move: Tailwind\n|upkeep\n|turn|5\n|\n|t:|1701185626\n|move|p2b: Sword Cat|Sucker Punch|p1b: Flutter Mane\n|-damage|p1b: Flutter Mane|0 fnt\n|faint|p1b: Flutter Mane\n|-end|p1b: Flutter Mane|Protosynthesis|[silent]\n|move|p1a: Tornadus|Bleakwind Storm|p2b: Sword Cat\n|-crit|p2b: Sword Cat\n|-enditem|p2b: Sword Cat|Focus Sash\n|-damage|p2b: Sword Cat|1\/100\n|\n|-weather|RainDance|[upkeep]\n|-sideend|p2: whyismynamejeff|move: Tailwind\n|upkeep\n|\n|t:|1701185630\n|switch|p1b: Rillaboom|Rillaboom, L50, M|100\/100\n|-fieldstart|move: Grassy Terrain|[from] ability: Grassy Surge|[of] p1b: Rillaboom\n|turn|6\n|\n|t:|1701185639\n|move|p1b: Rillaboom|Grassy Glide|p2b: Sword Cat\n|-damage|p2b: Sword Cat|0 fnt\n|faint|p2b: Sword Cat\n|\n|win|virizion vibrator\n|n|\u2606virizion vibrator|virizionvibrator\n|n|\u2606whyismynamejeff|whyismynamejeff\n|c|\u2606virizion vibrator|gg\n","uploadtime":1701185648,"views":1,"p1id":"virizionvibrator","p2id":"whyismynamejeff","formatid":"gen9vgc2023regulatione","rating":0,"private":0,"password":""}