{"id":"gen9vgc2023regulatione-1999441553","p1":"poglu","p2":"CenasLitten","format":"[Gen 9] VGC 2023 Regulation E","log":"|j|\u2606poglu\n|j|\u2606CenasLitten\n|t:|1701081070\n|gametype|doubles\n|player|p1|poglu|caitlin|1378\n|player|p2|CenasLitten|grimsley|1472\n|teamsize|p1|6\n|teamsize|p2|6\n|gen|9\n|tier|[Gen 9] VGC 2023 Regulation E\n|rated|\n|rule|Species Clause: Limit one of each Pok\u00e9mon\n|rule|Item Clause: Limit one of each item\n|clearpoke\n|poke|p1|Kingambit, L50, M|\n|poke|p1|Iron Hands, L50|\n|poke|p1|Sinistcha, L50|\n|poke|p1|Urshifu-*, L50, F|\n|poke|p1|Heatran, L50, M|\n|poke|p1|Enamorus-Therian, L50, F|\n|poke|p2|Landorus-Therian, L50, M|\n|poke|p2|Iron Hands, L50|\n|poke|p2|Chien-Pao, L50|\n|poke|p2|Flutter Mane, L50|\n|poke|p2|Ogerpon-Hearthflame, L50, F|\n|poke|p2|Tornadus, L50, M|\n|teampreview|4\n|\n|t:|1701081113\n|start\n|switch|p1a: Iron Hands|Iron Hands, L50|100\/100\n|switch|p1b: Heatran|Heatran, L50, M|100\/100\n|switch|p2a: Tornadus|Tornadus, L50, M|100\/100\n|switch|p2b: Flutter Mane|Flutter Mane, L50|100\/100\n|turn|1\n|\n|t:|1701081139\n|move|p2a: Tornadus|Sunny Day|p2a: Tornadus\n|-weather|SunnyDay\n|-activate|p2b: Flutter Mane|ability: Protosynthesis\n|-start|p2b: Flutter Mane|protosynthesisspa\n|move|p2b: Flutter Mane|Moonblast|p1a: Iron Hands\n|-supereffective|p1a: Iron Hands\n|-damage|p1a: Iron Hands|0 fnt\n|faint|p1a: Iron Hands\n|-end|p1a: Iron Hands|Quark Drive|[silent]\n|move|p1b: Heatran|Flash Cannon|p2b: Flutter Mane\n|-supereffective|p2b: Flutter Mane\n|-damage|p2b: Flutter Mane|19\/100\n|\n|-weather|SunnyDay|[upkeep]\n|upkeep\n|\n|t:|1701081155\n|switch|p1a: Sinistcha|Sinistcha, L50|100\/100\n|turn|2\n|\n|t:|1701081181\n|move|p1a: Sinistcha|Protect|p1a: Sinistcha\n|-singleturn|p1a: Sinistcha|Protect\n|move|p2a: Tornadus|Taunt|p1b: Heatran\n|-start|p1b: Heatran|move: Taunt\n|move|p2b: Flutter Mane|Moonblast|p1a: Sinistcha\n|-activate|p1a: Sinistcha|move: Protect\n|move|p1b: Heatran|Heat Wave|p2b: Flutter Mane|[spread] p2a,p2b\n|-damage|p2a: Tornadus|32\/100\n|-damage|p2b: Flutter Mane|0 fnt\n|faint|p2b: Flutter Mane\n|-end|p2b: Flutter Mane|Protosynthesis|[silent]\n|\n|-weather|SunnyDay|[upkeep]\n|upkeep\n|\n|t:|1701081203\n|switch|p2b: Iron Hands|Iron Hands, L50|100\/100\n|turn|3\n|\n|t:|1701081223\n|switch|p1b: Enamorus|Enamorus-Therian, L50, F|100\/100\n|-terastallize|p1a: Sinistcha|Fire\n|move|p2b: Iron Hands|Fake Out|p1b: Enamorus\n|-damage|p1b: Enamorus|86\/100\n|move|p2a: Tornadus|Taunt|p1a: Sinistcha\n|-start|p1a: Sinistcha|move: Taunt\n|cant|p1a: Sinistcha|move: Taunt|Trick Room\n|\n|-weather|SunnyDay|[upkeep]\n|upkeep\n|turn|4\n|\n|t:|1701081261\n|move|p2a: Tornadus|Bleakwind Storm|p1b: Enamorus|[spread] p1a\n|-miss|p2a: Tornadus|p1b: Enamorus\n|-damage|p1a: Sinistcha|63\/100\n|move|p1a: Sinistcha|Matcha Gotcha|p2b: Iron Hands|[spread] p2a,p2b\n|-resisted|p2a: Tornadus\n|-damage|p2a: Tornadus|17\/100\n|-heal|p1a: Sinistcha|72\/100|[from] drain|[of] p2a: Tornadus\n|-damage|p2b: Iron Hands|86\/100\n|-heal|p1a: Sinistcha|83\/100|[from] drain|[of] p2b: Iron Hands\n|-status|p2b: Iron Hands|brn\n|move|p2b: Iron Hands|Heavy Slam|p1b: Enamorus\n|-supereffective|p1b: Enamorus\n|-damage|p1b: Enamorus|49\/100\n|move|p1b: Enamorus|Psychic|p2b: Iron Hands\n|-supereffective|p2b: Iron Hands\n|-damage|p2b: Iron Hands|33\/100 brn\n|\n|-weather|SunnyDay|[upkeep]\n|-heal|p1a: Sinistcha|89\/100|[from] item: Leftovers\n|-damage|p2b: Iron Hands|27\/100 brn|[from] brn\n|upkeep\n|turn|5\n|\n|t:|1701081295\n|move|p2a: Tornadus|Bleakwind Storm|p1a: Sinistcha|[spread] p1a,p1b\n|-damage|p1a: Sinistcha|50\/100\n|-damage|p1b: Enamorus|21\/100\n|-unboost|p1a: Sinistcha|spe|1\n|move|p2b: Iron Hands|Heavy Slam|p1b: Enamorus\n|-supereffective|p1b: Enamorus\n|-damage|p1b: Enamorus|0 fnt\n|faint|p1b: Enamorus\n|move|p1a: Sinistcha|Shadow Ball|p2b: Iron Hands\n|-damage|p2b: Iron Hands|8\/100 brn\n|-unboost|p2b: Iron Hands|spd|1\n|\n|-weather|none\n|-heal|p1a: Sinistcha|56\/100|[from] item: Leftovers\n|-damage|p2b: Iron Hands|2\/100 brn|[from] brn\n|-end|p1a: Sinistcha|move: Taunt\n|upkeep\n|\n|t:|1701081311\n|switch|p1b: Heatran|Heatran, L50, M|100\/100\n|turn|6\n|\n|t:|1701081326\n|move|p1b: Heatran|Protect|p1b: Heatran\n|-singleturn|p1b: Heatran|Protect\n|move|p1a: Sinistcha|Protect|p1a: Sinistcha\n|-singleturn|p1a: Sinistcha|Protect\n|move|p2a: Tornadus|Tailwind|p2a: Tornadus\n|-sidestart|p2: CenasLitten|move: Tailwind\n|move|p2b: Iron Hands|Drain Punch|p1b: Heatran\n|-activate|p1b: Heatran|move: Protect\n|\n|-heal|p1a: Sinistcha|62\/100|[from] item: Leftovers\n|-damage|p2b: Iron Hands|0 fnt|[from] brn\n|faint|p2b: Iron Hands\n|-end|p2b: Iron Hands|Quark Drive|[silent]\n|upkeep\n|\n|t:|1701081334\n|switch|p2b: Ogerpon|Ogerpon-Hearthflame, L50, F|100\/100\n|-ability|p2b: Ogerpon|Mold Breaker\n|turn|7\n|\n|t:|1701081359\n|move|p2a: Tornadus|Taunt|p1a: Sinistcha\n|-start|p1a: Sinistcha|move: Taunt\n|move|p2b: Ogerpon|Swords Dance|p2b: Ogerpon\n|-boost|p2b: Ogerpon|atk|2\n|move|p1b: Heatran|Heat Wave|p2a: Tornadus|[spread] p2b\n|-miss|p1b: Heatran|p2a: Tornadus\n|-damage|p2b: Ogerpon|59\/100\n|cant|p1a: Sinistcha|move: Taunt|Trick Room\n|\n|-heal|p1a: Sinistcha|68\/100|[from] item: Leftovers\n|upkeep\n|turn|8\n|\n|t:|1701081409\n|move|p2a: Tornadus|Sunny Day|p2a: Tornadus\n|-weather|SunnyDay\n|move|p2b: Ogerpon|Ivy Cudgel|p1b: Heatran|[anim] Ivy Cudgel Fire\n|-start|p1b: Heatran|ability: Flash Fire\n|move|p1b: Heatran|Heat Wave|p2b: Ogerpon|[spread] p2a,p2b\n|-damage|p2a: Tornadus|0 fnt\n|-damage|p2b: Ogerpon|0 fnt\n|faint|p2a: Tornadus\n|faint|p2b: Ogerpon\n|\n|win|poglu\n|raw|poglu's rating: 1378 &rarr; <strong>1403<\/strong><br \/>(+25 for winning)\n|raw|CenasLitten's rating: 1472 &rarr; <strong>1447<\/strong><br \/>(-25 for losing)\n|c|\u2606poglu|gg\n|c|\u2606CenasLitten|gg\n","uploadtime":1701081424,"views":17,"p1id":"poglu","p2id":"cenaslitten","formatid":"gen9vgc2023regulatione","rating":1403,"private":0,"password":""}