{"id":"gen9vgc2023regulatione-1994447270","p1":"chriscanway","p2":"TheChoirBoy","format":"[Gen 9] VGC 2023 Regulation E","log":"|j|\u2606chriscanway\n|j|\u2606TheChoirBoy\n|n|\u2606chriscanway|chriscanway\n|n|\u2606TheChoirBoy|thechoirboy\n|html|View the match progress at <a href=\"\/game-bestof3-gen9vgc2023regulatione-1994443537\">game-bestof3-gen9vgc2023regulatione-1994443537<\/a>\n|t:|1700444978\n|gametype|doubles\n|player|p1|chriscanway|ethan|\n|player|p2|TheChoirBoy|brendan-contest|\n|teamsize|p1|6\n|teamsize|p2|6\n|gen|9\n|tier|[Gen 9] VGC 2023 Regulation E\n|rule|Species Clause: Limit one of each Pok\u00e9mon\n|rule|Item Clause: Limit one of each item\n|clearpoke\n|poke|p1|Clefable, L50, F|\n|poke|p1|Ogerpon-Wellspring, L50, F|\n|poke|p1|Iron Hands, L50|\n|poke|p1|Arcanine-Hisui, L50, M|\n|poke|p1|Urshifu-*, L50, F|\n|poke|p1|Gholdengo, L50|\n|poke|p2|Rotom-Fan, L50|\n|poke|p2|Landorus-Therian, L50, M|\n|poke|p2|Iron Bundle, L50|\n|poke|p2|Ogerpon-Hearthflame, L50, F|\n|poke|p2|Gholdengo, L50|\n|poke|p2|Rillaboom, L50, F|\n|teampreview|4\nTheChoirBoy has agreed to open team sheets.\nchriscanway has agreed to open team sheets.\n|showteam|p1|Clefable||Leftovers|Unaware|IceBeam,Moonblast,FollowMe,Protect|||F|||50|,,,,,Normal]Ogerpon-Wellspring||WellspringMask|WaterAbsorb|IvyCudgel,HornLeech,SwordsDance,SpikyShield|||F|||50|,,,,,Water]Iron Hands||AssaultVest|QuarkDrive|FakeOut,WildCharge,DrainPunch,VoltSwitch||||||50|,,,,,Grass]Arcanine-Hisui||ChoiceBand|Intimidate|FlareBlitz,RockSlide,CloseCombat,ExtremeSpeed|||M|||50|,,,,,Normal]Urshifu||ChoiceScarf|UnseenFist|WickedBlow,SuckerPunch,CloseCombat,Uturn|||F|||50|,,,,,Steel]Gholdengo||AirBalloon|GoodasGold|NastyPlot,Protect,MakeItRain,ShadowBall||||||50|,,,,,Steel\n|showteam|p2|Rotom-Fan||SitrusBerry|Levitate|WillOWisp,Protect,VoltSwitch,AirSlash||||||50|,,,,,Electric]Landorus-Therian||ChoiceScarf|Intimidate|StompingTantrum,RockSlide,TeraBlast,Uturn|||M|||50|,,,,,Flying]Iron Bundle||BoosterEnergy|QuarkDrive|IcyWind,FreezeDry,HydroPump,Protect||||||50|,,,,,Ghost]Ogerpon-Hearthflame||HearthflameMask|MoldBreaker|FollowMe,GrassyGlide,IvyCudgel,SpikyShield|||F|||50|,,,,,Fire]Gholdengo||Leftovers|GoodasGold|NastyPlot,Protect,ShadowBall,MakeItRain||||||50|,,,,,Dragon]Rillaboom||AssaultVest|GrassySurge|FakeOut,GrassyGlide,Uturn,HammerArm|||F|||50|,,,,,Fire\n|\n|t:|1700445068\n|start\n|switch|p1a: Clefable|Clefable, L50, F|100\/100\n|switch|p1b: Gholdengo|Gholdengo, L50|100\/100\n|switch|p2a: Rotom|Rotom-Fan, L50, shiny|100\/100\n|switch|p2b: Rillaboom|Rillaboom, L50, F|100\/100\n|-item|p1b: Gholdengo|Air Balloon\n|-fieldstart|move: Grassy Terrain|[from] ability: Grassy Surge|[of] p2b: Rillaboom\n|turn|1\n|\n|t:|1700445102\n|move|p1a: Clefable|Protect|p1a: Clefable\n|-singleturn|p1a: Clefable|Protect\n|move|p2b: Rillaboom|Fake Out|p1a: Clefable\n|-activate|p1a: Clefable|move: Protect\n|move|p1b: Gholdengo|Nasty Plot|p1b: Gholdengo\n|-boost|p1b: Gholdengo|spa|2\n|move|p2a: Rotom|Volt Switch|p1b: Gholdengo\n|-damage|p1b: Gholdengo|74\/100\n|-enditem|p1b: Gholdengo|Air Balloon\n|\n|t:|1700445113\n|switch|p2a: Ogerpon|Ogerpon-Hearthflame, L50, F|100\/100|[from] Volt Switch\n|-ability|p2a: Ogerpon|Mold Breaker\n|\n|-heal|p1b: Gholdengo|80\/100|[from] Grassy Terrain\n|upkeep\n|turn|2\n|\n|t:|1700445166\n|move|p2a: Ogerpon|Spiky Shield|p2a: Ogerpon\n|-singleturn|p2a: Ogerpon|move: Protect\n|move|p1a: Clefable|Follow Me|p1a: Clefable\n|-singleturn|p1a: Clefable|move: Follow Me\n|move|p1b: Gholdengo|Shadow Ball|p2a: Ogerpon\n|-activate|p2a: Ogerpon|move: Protect\n|move|p2b: Rillaboom|U-turn|p1a: Clefable\n|-resisted|p1a: Clefable\n|-damage|p1a: Clefable|90\/100\n|\n|t:|1700445185\n|switch|p2b: Iron Bundle|Iron Bundle, L50|100\/100|[from] U-turn\n|-enditem|p2b: Iron Bundle|Booster Energy\n|-activate|p2b: Iron Bundle|ability: Quark Drive|[fromitem]\n|-start|p2b: Iron Bundle|quarkdrivespe\n|\n|-heal|p1b: Gholdengo|86\/100|[from] Grassy Terrain\n|-heal|p1a: Clefable|96\/100|[from] Grassy Terrain\n|-heal|p1a: Clefable|100\/100|[from] item: Leftovers\n|upkeep\n|turn|3\n|\n|t:|1700445213\n|switch|p2a: Rotom|Rotom-Fan, L50, shiny|100\/100\n|move|p1a: Clefable|Follow Me|p1a: Clefable\n|-singleturn|p1a: Clefable|move: Follow Me\n|move|p2b: Iron Bundle|Hydro Pump|p1a: Clefable\n|-damage|p1a: Clefable|44\/100\n|move|p1b: Gholdengo|Shadow Ball|p2a: Rotom\n|-damage|p2a: Rotom|18\/100\n|-enditem|p2a: Rotom|Sitrus Berry|[eat]\n|-heal|p2a: Rotom|43\/100|[from] item: Sitrus Berry\n|\n|-heal|p1b: Gholdengo|92\/100|[from] Grassy Terrain\n|-heal|p1a: Clefable|50\/100|[from] Grassy Terrain\n|-heal|p1a: Clefable|55\/100|[from] item: Leftovers\n|upkeep\n|turn|4\n|\n|t:|1700445238\n|move|p2b: Iron Bundle|Protect|p2b: Iron Bundle\n|-singleturn|p2b: Iron Bundle|Protect\n|move|p1b: Gholdengo|Shadow Ball|p2a: Rotom\n|-damage|p2a: Rotom|0 fnt\n|faint|p2a: Rotom\n|move|p1a: Clefable|Moonblast|p2b: Iron Bundle\n|-activate|p2b: Iron Bundle|move: Protect\n|\n|-heal|p1b: Gholdengo|98\/100|[from] Grassy Terrain\n|-heal|p1a: Clefable|61\/100|[from] Grassy Terrain\n|-heal|p1a: Clefable|67\/100|[from] item: Leftovers\n|upkeep\n|\n|t:|1700445252\n|switch|p2a: Rillaboom|Rillaboom, L50, F|100\/100\n|turn|5\n|\n|t:|1700445271\n|-terastallize|p1b: Gholdengo|Steel\n|move|p2a: Rillaboom|Fake Out|p1a: Clefable\n|-damage|p1a: Clefable|54\/100\n|move|p2b: Iron Bundle|Hydro Pump|p1a: Clefable\n|-damage|p1a: Clefable|0 fnt\n|faint|p1a: Clefable\n|move|p1b: Gholdengo|Make It Rain|p2a: Rillaboom|[spread] p2a,p2b\n|-damage|p2a: Rillaboom|16\/100\n|-damage|p2b: Iron Bundle|0 fnt\n|-unboost|p1b: Gholdengo|spa|1\n|faint|p2b: Iron Bundle\n|-end|p2b: Iron Bundle|Quark Drive|[silent]\n|\n|-heal|p1b: Gholdengo|100\/100|[from] Grassy Terrain\n|-heal|p2a: Rillaboom|22\/100|[from] Grassy Terrain\n|-fieldend|move: Grassy Terrain\n|upkeep\n|\n|t:|1700445287\n|switch|p2b: Ogerpon|Ogerpon-Hearthflame, L50, F|100\/100\n|switch|p1a: Urshifu|Urshifu, L50, F|100\/100\n|-ability|p2b: Ogerpon|Mold Breaker\n|turn|6\n|\n|t:|1700445337\n|-terastallize|p2b: Ogerpon|Fire\n|detailschange|p2b: Ogerpon|Ogerpon-Hearthflame-Tera, L50, F, tera:Fire\n|-ability|p2b: Ogerpon|Embody Aspect (Hearthflame)|boost\n|-boost|p2b: Ogerpon|atk|1\n|move|p1b: Gholdengo|Protect|p1b: Gholdengo\n|-singleturn|p1b: Gholdengo|Protect\n|move|p1a: Urshifu|Wicked Blow|p2b: Ogerpon\n|-crit|p2b: Ogerpon\n|-damage|p2b: Ogerpon|21\/100\n|move|p2b: Ogerpon|Ivy Cudgel|p1b: Gholdengo|[anim] Ivy Cudgel Fire\n|-activate|p1b: Gholdengo|move: Protect\n|move|p2a: Rillaboom|Hammer Arm|p1a: Urshifu\n|-supereffective|p1a: Urshifu\n|-damage|p1a: Urshifu|30\/100\n|-unboost|p2a: Rillaboom|spe|1\n|\n|upkeep\n|turn|7\n|\n|t:|1700445360\n|move|p1a: Urshifu|Wicked Blow|p2b: Ogerpon\n|-crit|p2b: Ogerpon\n|-damage|p2b: Ogerpon|0 fnt\n|faint|p2b: Ogerpon\n|move|p1b: Gholdengo|Shadow Ball|p2a: Rillaboom\n|-damage|p2a: Rillaboom|0 fnt\n|faint|p2a: Rillaboom\n|\n|win|chriscanway\n","uploadtime":1700445372,"views":6,"p1id":"chriscanway","p2id":"thechoirboy","formatid":"gen9vgc2023regulatione","rating":0,"private":0,"password":""}