{"id":"gen9vgc2023regulatione-1993617201","p1":"Drookez","p2":"SnoaeCone","format":"[Gen 9] VGC 2023 Regulation E","log":"|j|\u2606Drookez\n|j|\u2606SnoaeCone\n|n|\u2606Drookez|drookez\n|n|\u2606SnoaeCone|snoaecone\n|html|View the match progress at <a href=\"\/game-bestof3-gen9vgc2023regulatione-1993617200\">game-bestof3-gen9vgc2023regulatione-1993617200<\/a>\n|t:|1700337975\n|gametype|doubles\n|player|p1|Drookez|whitney|\n|player|p2|SnoaeCone|caitlin|\n|teamsize|p1|6\n|teamsize|p2|6\n|gen|9\n|tier|[Gen 9] VGC 2023 Regulation E\n|rule|Species Clause: Limit one of each Pok\u00e9mon\n|rule|Item Clause: Limit one of each item\n|clearpoke\n|poke|p1|Clefairy, L50, F|\n|poke|p1|Kommo-o, L50, F|\n|poke|p1|Milotic, L50, F|\n|poke|p1|Arcanine-Hisui, L50, M|\n|poke|p1|Sinistcha, L50|\n|poke|p1|Snorlax, L50, F|\n|poke|p2|Ninetales-Alola, L50, F|\n|poke|p2|Sinistcha-Masterpiece, L50|\n|poke|p2|Armarouge, L50, F|\n|poke|p2|Indeedee-F, L50, F|\n|poke|p2|Baxcalibur, L50, F|\n|poke|p2|Fezandipiti, L50, M|\n|teampreview|4\nSnoaeCone has agreed to open team sheets.\n|j| CyborgPigeon\nDrookez has agreed to open team sheets.\n|showteam|p1|Clefairy||Eviolite|FriendGuard|DazzlingGleam,IcyWind,HelpingHand,FollowMe|||F|||50|,,,,,Dark]Kommo-o||ThroatSpray|Soundproof|ClangorousSoul,ClangingScales,FlashCannon,Protect|||F|||50|,,,,,Steel]Milotic||Leftovers|Competitive|Scald,IceBeam,IcyWind,Protect|||F|||50|,,,,,Steel]Arcanine-Hisui||SitrusBerry|Intimidate|FlareBlitz,RockSlide,ExtremeSpeed,Protect|||M|||50|,,,,,Normal]Sinistcha||RockyHelmet|Hospitality|MatchaGotcha,StrengthSap,RagePowder,Protect||||||50|,,,,,Fire]Snorlax||AssaultVest|ThickFat|Facade,HeavySlam,IcePunch,HighHorsepower|||F|||50|,,,,,Ghost\n|showteam|p2|Ninetales-Alola||LightClay|SnowWarning|AuroraVeil,Blizzard,Encore,Moonblast|||F|||50|,,,,,Water]Sinistcha-Masterpiece||Leftovers|Hospitality|MatchaGotcha,RagePowder,TrickRoom,StrengthSap||||||50|,,,,,Steel]Armarouge||LifeOrb|FlashFire|ExpandingForce,ArmorCannon,TrickRoom,Protect|||F|||50|,,,,,Grass]Indeedee-F||PsychicSeed|PsychicSurge|FollowMe,HelpingHand,TrickRoom,DazzlingGleam|||F|||50|,,,,,Fairy]Baxcalibur||LoadedDice|ThermalExchange|IcicleSpear,ScaleShot,SwordsDance,Protect|||F|||50|,,,,,Fairy]Fezandipiti||CovertCloak|ToxicChain|IcyWind,DazzlingGleam,Venoshock,Tailwind|||M|||50|,,,,,Flying\n|\n|t:|1700338042\n|start\n|switch|p1a: Folklore|Kommo-o, L50, F|100\/100\n|switch|p1b: Debut|Snorlax, L50, F|100\/100\n|switch|p2a: Armarouge|Armarouge, L50, F|100\/100\n|switch|p2b: Indeedee|Indeedee-F, L50, F|100\/100\n|-fieldstart|move: Psychic Terrain|[from] ability: Psychic Surge|[of] p2b: Indeedee\n|-enditem|p2b: Indeedee|Psychic Seed\n|-boost|p2b: Indeedee|spd|1|[from] item: Psychic Seed\n|turn|1\n|\n|t:|1700338076\n|move|p1a: Folklore|Protect|p1a: Folklore\n|-singleturn|p1a: Folklore|Protect\n|move|p2b: Indeedee|Follow Me|p2b: Indeedee\n|-singleturn|p2b: Indeedee|move: Follow Me\n|move|p2a: Armarouge|Armor Cannon|p1a: Folklore\n|-activate|p1a: Folklore|move: Protect\n|move|p1b: Debut|High Horsepower|p2b: Indeedee\n|-damage|p2b: Indeedee|53\/100\n|\n|upkeep\n|turn|2\n|\n|t:|1700338119\n|switch|p1a: Lover|Clefairy, L50, F|100\/100\n|-terastallize|p2a: Armarouge|Grass\n|move|p2a: Armarouge|Expanding Force|p1b: Debut|[spread] p1a,p1b\n|-damage|p1a: Lover|27\/100\n|-damage|p1b: Debut|75\/100\n|-damage|p2a: Armarouge|91\/100|[from] item: Life Orb\n|move|p1b: Debut|Facade|p2b: Indeedee\n|-damage|p2b: Indeedee|4\/100\n|move|p2b: Indeedee|Trick Room|p2b: Indeedee\n|-fieldstart|move: Trick Room|[of] p2b: Indeedee\n|\n|upkeep\n|turn|3\n|\n|t:|1700338158\n|move|p1a: Lover|Helping Hand|p1b: Debut\n|-singleturn|p1b: Debut|Helping Hand|[of] p1a: Lover\n|move|p2b: Indeedee|Helping Hand|p2a: Armarouge\n|-singleturn|p2a: Armarouge|Helping Hand|[of] p2b: Indeedee\n|move|p1b: Debut|Ice Punch|p2a: Armarouge\n|-supereffective|p2a: Armarouge\n|-damage|p2a: Armarouge|20\/100\n|move|p2a: Armarouge|Expanding Force|p1a: Lover|[spread] p1a,p1b\n|-damage|p1a: Lover|0 fnt\n|-damage|p1b: Debut|37\/100\n|faint|p1a: Lover\n|-damage|p2a: Armarouge|10\/100|[from] item: Life Orb\n|\n|upkeep\n|\n|t:|1700338169\n|switch|p1a: Evermore|Arcanine-Hisui, L50, M|100\/100\n|-ability|p1a: Evermore|Intimidate|boost\n|-unboost|p2a: Armarouge|atk|1\n|-unboost|p2b: Indeedee|atk|1\n|turn|4\n|\n|t:|1700338201\n|move|p1a: Evermore|Protect|p1a: Evermore\n|-singleturn|p1a: Evermore|Protect\n|move|p2b: Indeedee|Follow Me|p2b: Indeedee\n|-singleturn|p2b: Indeedee|move: Follow Me\n|move|p1b: Debut|Facade|p2b: Indeedee\n|-damage|p2b: Indeedee|0 fnt\n|faint|p2b: Indeedee\n|move|p2a: Armarouge|Expanding Force|p1b: Debut|[spread] p1b\n|-activate|p1a: Evermore|move: Protect\n|-damage|p1b: Debut|0 fnt\n|faint|p1b: Debut\n|-damage|p2a: Armarouge|0 fnt|[from] item: Life Orb\n|faint|p2a: Armarouge\n|\n|upkeep\n|\n|t:|1700338273\n|switch|p1b: Folklore|Kommo-o, L50, F|100\/100\n|switch|p2a: Fezandipiti|Fezandipiti, L50, M|100\/100\n|switch|p2b: Cuppa|Sinistcha-Masterpiece, L50|100\/100\n|turn|5\n|\n|t:|1700338321\n|-terastallize|p1b: Folklore|Steel\n|move|p2b: Cuppa|Matcha Gotcha|p1a: Evermore|[spread] p1b\n|-miss|p2b: Cuppa|p1a: Evermore\n|-resisted|p1b: Folklore\n|-damage|p1b: Folklore|89\/100\n|-status|p1b: Folklore|brn\n|move|p1a: Evermore|Flare Blitz|p2b: Cuppa\n|-supereffective|p2b: Cuppa\n|-damage|p2b: Cuppa|16\/100\n|-damage|p1a: Evermore|74\/100|[from] Recoil\n|move|p1b: Folklore|Clangorous Soul|p1b: Folklore\n|-boost|p1b: Folklore|atk|1\n|-boost|p1b: Folklore|def|1\n|-boost|p1b: Folklore|spa|1\n|-boost|p1b: Folklore|spd|1\n|-boost|p1b: Folklore|spe|1\n|-damage|p1b: Folklore|56\/100 brn\n|-enditem|p1b: Folklore|Throat Spray\n|-boost|p1b: Folklore|spa|1|[from] item: Throat Spray\n|move|p2a: Fezandipiti|Dazzling Gleam|p1b: Folklore|[spread] p1a,p1b\n|-resisted|p1a: Evermore\n|-resisted|p1b: Folklore\n|-damage|p1a: Evermore|61\/100\n|-damage|p1b: Folklore|49\/100 brn\n|-status|p1a: Evermore|tox|[from] ability: Toxic Chain|[of] p2a: Fezandipiti\n|\n|-heal|p2b: Cuppa|22\/100|[from] item: Leftovers\n|-damage|p1a: Evermore|55\/100 tox|[from] psn\n|-damage|p1b: Folklore|44\/100 brn|[from] brn\n|-fieldend|move: Psychic Terrain\n|upkeep\n|turn|6\n|\n|t:|1700338401\n|move|p2b: Cuppa|Matcha Gotcha|p1b: Folklore|[spread] p1a,p1b\n|-resisted|p1b: Folklore\n|-damage|p1a: Evermore|28\/100 tox\n|-heal|p2b: Cuppa|37\/100|[from] drain|[of] p1a: Evermore\n|-damage|p1b: Folklore|36\/100 brn\n|-heal|p2b: Cuppa|41\/100|[from] drain|[of] p1b: Folklore\n|-enditem|p1a: Evermore|Sitrus Berry|[eat]\n|-heal|p1a: Evermore|53\/100 tox|[from] item: Sitrus Berry\n|move|p1a: Evermore|Flare Blitz|p2b: Cuppa\n|-supereffective|p2b: Cuppa\n|-damage|p2b: Cuppa|0 fnt\n|faint|p2b: Cuppa\n|-damage|p1a: Evermore|41\/100 tox|[from] Recoil\n|move|p2a: Fezandipiti|Dazzling Gleam|p1a: Evermore|[spread] p1a,p1b\n|-resisted|p1a: Evermore\n|-resisted|p1b: Folklore\n|-damage|p1a: Evermore|30\/100 tox\n|-damage|p1b: Folklore|30\/100 brn\n|move|p1b: Folklore|Flash Cannon|p2a: Fezandipiti\n|-supereffective|p2a: Fezandipiti\n|-damage|p2a: Fezandipiti|0 fnt\n|faint|p2a: Fezandipiti\n|\n|win|Drookez\n|c|&|\/uhtml prompt-snoaecone,SnoaeCone is ready for game 2!\n|inactive|Drookez has 50 seconds to confirm battle start!\n|c|&|\/uhtml prompt-drookez,Drookez is ready for game 2!\nBoth players are ready! Starting next match!\n|l| CyborgPigeon\n","uploadtime":1700338731,"views":8,"p1id":"drookez","p2id":"snoaecone","formatid":"gen9vgc2023regulatione","rating":0,"private":0,"password":""}