{"id":"gen9vgc2023regulatione-1994917935","p1":"CyanConure","p2":"Gualgo","format":"[Gen 9] VGC 2023 Regulation E","log":"|j|\u2606CyanConure\n|j|\u2606Gualgo\n|t:|1700504556\n|gametype|doubles\n|player|p1|CyanConure|falkner|1390\n|player|p2|Gualgo|pokemaniac|1443\n|teamsize|p1|6\n|teamsize|p2|6\n|gen|9\n|tier|[Gen 9] VGC 2023 Regulation E\n|rated|\n|rule|Species Clause: Limit one of each Pok\u00e9mon\n|rule|Item Clause: Limit one of each item\n|clearpoke\n|poke|p1|Flutter Mane, L50|\n|poke|p1|Okidogi, L50, M|\n|poke|p1|Grimmsnarl, L50, M|\n|poke|p1|Urshifu-*, L50, M|\n|poke|p1|Ogerpon-Hearthflame, L50, F|\n|poke|p1|Gyarados, L50, M|\n|poke|p2|Chi-Yu, L50|\n|poke|p2|Flutter Mane, L50|\n|poke|p2|Sableye, L50, M|\n|poke|p2|Heatran, L50, F|\n|poke|p2|Iron Hands, L50|\n|poke|p2|Ogerpon-Wellspring, L50, F|\n|teampreview|4\n|inactive|Battle timer is ON: inactive players will automatically lose when time's up. (requested by CyanConure)\n|j| dm0021\n|inactive|CyanConure has 60 seconds left.\n|l| dm0021\n|\n|t:|1700504591\n|start\n|switch|p1a: Lucifer|Grimmsnarl, L50, M, shiny|100\/100\n|switch|p1b: BIG DAWG|Okidogi, L50, M|100\/100\n|switch|p2a: Sableye|Sableye, L50, M|100\/100\n|switch|p2b: Chi-Yu|Chi-Yu, L50|100\/100\n|-ability|p2b: Chi-Yu|Beads of Ruin\n|turn|1\n|\n|t:|1700504611\n|move|p1b: BIG DAWG|Protect|p1b: BIG DAWG\n|-singleturn|p1b: BIG DAWG|Protect\n|move|p2a: Sableye|Fake Out|p2b: Chi-Yu\n|-damage|p2b: Chi-Yu|87\/100\n|move|p1a: Lucifer|Light Screen|p1a: Lucifer\n|-sidestart|p1: CyanConure|move: Light Screen\n|cant|p2b: Chi-Yu|flinch\n|\n|upkeep\n|turn|2\n|inactive|Gualgo has 30 seconds left.\n|\n|t:|1700504637\n|move|p2b: Chi-Yu|Heat Wave|p1b: BIG DAWG|[spread] p1a,p1b\n|-damage|p1a: Lucifer|69\/100\n|-damage|p1b: BIG DAWG|64\/100\n|move|p1b: BIG DAWG|Drain Punch|p2b: Chi-Yu\n|-supereffective|p2b: Chi-Yu\n|-damage|p2b: Chi-Yu|0 fnt\n|-heal|p1b: BIG DAWG|93\/100|[from] drain|[of] p2b: Chi-Yu\n|faint|p2b: Chi-Yu\n|move|p1a: Lucifer|Spirit Break|p2a: Sableye\n|-supereffective|p2a: Sableye\n|-damage|p2a: Sableye|28\/100\n|-unboost|p2a: Sableye|spa|1\n|move|p2a: Sableye|Foul Play|p1b: BIG DAWG\n|-resisted|p1b: BIG DAWG\n|-damage|p1b: BIG DAWG|70\/100\n|\n|-heal|p1b: BIG DAWG|76\/100|[from] item: Leftovers\n|upkeep\n|inactive|Gualgo has 30 seconds left.\n|\n|t:|1700504663\n|switch|p2b: Iron Hands|Iron Hands, L50|100\/100\n|turn|3\n|\n|t:|1700504684\n|move|p1a: Lucifer|Reflect|p1a: Lucifer\n|-sidestart|p1: CyanConure|Reflect\n|move|p2a: Sableye|Will-O-Wisp|p1b: BIG DAWG\n|-status|p1b: BIG DAWG|brn\n|move|p1b: BIG DAWG|Bulk Up|p1b: BIG DAWG\n|-boost|p1b: BIG DAWG|atk|1\n|-boost|p1b: BIG DAWG|def|1\n|move|p2b: Iron Hands|Heavy Slam|p1a: Lucifer\n|-supereffective|p1a: Lucifer\n|-damage|p1a: Lucifer|3\/100\n|\n|-heal|p1b: BIG DAWG|82\/100 brn|[from] item: Leftovers\n|-damage|p1b: BIG DAWG|76\/100 brn|[from] brn\n|upkeep\n|turn|4\n|c|\u2606CyanConure|I have no idea why you faked out your own Chi-Yu\n|inactive|Gualgo has 30 seconds left.\n|\n|t:|1700504719\n|-terastallize|p2b: Iron Hands|Grass\n|move|p1b: BIG DAWG|Bulk Up|p1b: BIG DAWG\n|-boost|p1b: BIG DAWG|atk|1\n|-boost|p1b: BIG DAWG|def|1\n|move|p1a: Lucifer|Spirit Break|p2a: Sableye\n|-supereffective|p2a: Sableye\n|-damage|p2a: Sableye|0 fnt\n|faint|p2a: Sableye\n|move|p2b: Iron Hands|Wild Charge|p1b: BIG DAWG\n|-damage|p1b: BIG DAWG|62\/100 brn\n|-damage|p2b: Iron Hands|98\/100|[from] Recoil\n|\n|-heal|p1b: BIG DAWG|68\/100 brn|[from] item: Leftovers\n|-damage|p1b: BIG DAWG|62\/100 brn|[from] brn\n|upkeep\n|\n|t:|1700504735\n|switch|p2a: Heatran|Heatran, L50, F|100\/100\n|turn|5\n|\n|t:|1700504760\n|move|p2a: Heatran|Protect|p2a: Heatran\n|-singleturn|p2a: Heatran|Protect\n|move|p1a: Lucifer|Taunt|p2a: Heatran\n|-activate|p2a: Heatran|move: Protect\n|move|p1b: BIG DAWG|Bulk Up|p1b: BIG DAWG\n|-boost|p1b: BIG DAWG|atk|1\n|-boost|p1b: BIG DAWG|def|1\n|move|p2b: Iron Hands|Wild Charge|p1b: BIG DAWG\n|-damage|p1b: BIG DAWG|50\/100 brn\n|-damage|p2b: Iron Hands|96\/100|[from] Recoil\n|\n|-heal|p1b: BIG DAWG|56\/100 brn|[from] item: Leftovers\n|-damage|p1b: BIG DAWG|50\/100 brn|[from] brn\n|upkeep\n|turn|6\n|\n|t:|1700504782\n|move|p1a: Lucifer|Taunt|p2a: Heatran\n|-start|p2a: Heatran|move: Taunt\n|move|p1b: BIG DAWG|Drain Punch|p2a: Heatran\n|-supereffective|p2a: Heatran\n|-damage|p2a: Heatran|14\/100\n|-heal|p1b: BIG DAWG|90\/100 brn|[from] drain|[of] p2a: Heatran\n|move|p2a: Heatran|Magma Storm|p1b: BIG DAWG\n|-damage|p1b: BIG DAWG|55\/100 brn\n|-activate|p1b: BIG DAWG|move: Magma Storm|[of] p2a: Heatran\n|move|p2b: Iron Hands|Wild Charge|p1b: BIG DAWG\n|-damage|p1b: BIG DAWG|44\/100 brn\n|-damage|p2b: Iron Hands|93\/100|[from] Recoil\n|\n|-heal|p1b: BIG DAWG|50\/100 brn|[from] item: Leftovers\n|-heal|p2a: Heatran|20\/100|[from] item: Leftovers\n|-damage|p1b: BIG DAWG|44\/100 brn|[from] brn\n|-damage|p1b: BIG DAWG|32\/100 brn|[from] move: Magma Storm|[partiallytrapped]\n|upkeep\n|turn|7\n|inactive|Gualgo has 30 seconds left.\n|\n|t:|1700504815\n|move|p1b: BIG DAWG|Drain Punch|p2a: Heatran\n|-supereffective|p2a: Heatran\n|-damage|p2a: Heatran|0 fnt\n|-heal|p1b: BIG DAWG|41\/100 brn|[from] drain|[of] p2a: Heatran\n|faint|p2a: Heatran\n|move|p1a: Lucifer|Spirit Break|p2b: Iron Hands\n|-damage|p2b: Iron Hands|74\/100\n|-unboost|p2b: Iron Hands|spa|1\n|move|p2b: Iron Hands|Wild Charge|p1b: BIG DAWG\n|-crit|p1b: BIG DAWG\n|-damage|p1b: BIG DAWG|0 fnt\n|faint|p1b: BIG DAWG\n|-damage|p2b: Iron Hands|67\/100|[from] Recoil\n|\n|upkeep\n|\n|t:|1700504830\n|switch|p1b: Angry Dream|Ogerpon-Hearthflame, L50, F|100\/100\n|-ability|p1b: Angry Dream|Mold Breaker\n|turn|8\n|\n|t:|1700504840\n|-terastallize|p1b: Angry Dream|Fire\n|detailschange|p1b: Angry Dream|Ogerpon-Hearthflame-Tera, L50, F, tera:Fire\n|-ability|p1b: Angry Dream|Embody Aspect (Hearthflame)|boost\n|-boost|p1b: Angry Dream|atk|1\n|move|p1a: Lucifer|Taunt|p2b: Iron Hands\n|-start|p2b: Iron Hands|move: Taunt\n|move|p1b: Angry Dream|Ivy Cudgel|p2b: Iron Hands|[anim] Ivy Cudgel Fire\n|-supereffective|p2b: Iron Hands\n|-damage|p2b: Iron Hands|0 fnt\n|faint|p2b: Iron Hands\n|-end|p2b: Iron Hands|Quark Drive|[silent]\n|\n|win|CyanConure\n|raw|CyanConure's rating: 1390 &rarr; <strong>1413<\/strong><br \/>(+23 for winning)\n|raw|Gualgo's rating: 1443 &rarr; <strong>1420<\/strong><br \/>(-23 for losing)\n|l|\u2606Gualgo\n|c|\u2606CyanConure|You might not wanna attack your own Pok\u00e9mon next time\n","uploadtime":1700504868,"views":1,"p1id":"cyanconure","p2id":"gualgo","formatid":"gen9vgc2023regulatione","rating":1413,"private":0,"password":""}