{"id":"gen9vgc2023regulatione-1991288150","p1":"GameerKing","p2":"celeme","format":"[Gen 9] VGC 2023 Regulation E","log":"|j|\u2606GameerKing\n|j|\u2606celeme\n|t:|1700064544\n|gametype|doubles\n|player|p1|GameerKing|hilbert-wonderlauncher|1317\n|player|p2|celeme|1|1345\n|teamsize|p1|6\n|teamsize|p2|6\n|gen|9\n|tier|[Gen 9] VGC 2023 Regulation E\n|rated|\n|rule|Species Clause: Limit one of each Pok\u00e9mon\n|rule|Item Clause: Limit one of each item\n|clearpoke\n|poke|p1|Rillaboom, L50, M|\n|poke|p1|Urshifu-*, L50, M|\n|poke|p1|Infernape, L50, F|\n|poke|p1|Landorus, L50, M|\n|poke|p1|Kingambit, L50, F|\n|poke|p1|Dragonite, L50, M|\n|poke|p2|Oricorio-Pom-Pom, L50, F|\n|poke|p2|Farigiraf, L50, F|\n|poke|p2|Kommo-o, L50, M|\n|poke|p2|Sinistcha-Masterpiece, L50|\n|poke|p2|Volcarona, L50, M|\n|poke|p2|Quaquaval, L50, F|\n|teampreview|4\n|inactive|Battle timer is ON: inactive players will automatically lose when time's up. (requested by celeme)\n|inactive|GameerKing has 60 seconds left.\n|inactive|celeme has 60 seconds left.\n|\n|t:|1700064586\n|start\n|switch|p1a: Rillaboom|Rillaboom, L50, M|100\/100\n|switch|p1b: Urshifu|Urshifu-Rapid-Strike, L50, M|100\/100\n|switch|p2a: Volcarona|Volcarona, L50, M|100\/100\n|switch|p2b: Oricorio|Oricorio-Pom-Pom, L50, F|100\/100\n|-fieldstart|move: Grassy Terrain|[from] ability: Grassy Surge|[of] p1a: Rillaboom\n|turn|1\n|inactive|celeme has 30 seconds left.\n|\n|t:|1700064618\n|switch|p2b: Quaquaval|Quaquaval, L50, F|100\/100\n|-terastallize|p2a: Volcarona|Grass\n|move|p1a: Rillaboom|Fake Out|p2b: Quaquaval\n|-damage|p2b: Quaquaval|84\/100\n|move|p1b: Urshifu|Surging Strikes|p2a: Volcarona\n|-resisted|p2a: Volcarona\n|-crit|p2a: Volcarona\n|-damage|p2a: Volcarona|90\/100\n|-damage|p1b: Urshifu|84\/100|[from] item: Rocky Helmet|[of] p2a: Volcarona\n|-resisted|p2a: Volcarona\n|-crit|p2a: Volcarona\n|-damage|p2a: Volcarona|78\/100\n|-damage|p1b: Urshifu|67\/100|[from] item: Rocky Helmet|[of] p2a: Volcarona\n|-resisted|p2a: Volcarona\n|-crit|p2a: Volcarona\n|-damage|p2a: Volcarona|69\/100\n|-damage|p1b: Urshifu|51\/100|[from] item: Rocky Helmet|[of] p2a: Volcarona\n|-hitcount|p2a: Volcarona|3\n|move|p2a: Volcarona|Quiver Dance|p2a: Volcarona\n|-boost|p2a: Volcarona|spa|1\n|-boost|p2a: Volcarona|spd|1\n|-boost|p2a: Volcarona|spe|1\n|\n|-heal|p1b: Urshifu|57\/100|[from] Grassy Terrain\n|-heal|p2b: Quaquaval|90\/100|[from] Grassy Terrain\n|-heal|p2a: Volcarona|75\/100|[from] Grassy Terrain\n|upkeep\n|turn|2\n|inactive|GameerKing has 30 seconds left.\n|inactive|celeme has 30 seconds left.\n|\n|t:|1700064651\n|switch|p1b: Dragonite|Dragonite, L50, M|100\/100\n|move|p2b: Quaquaval|Brave Bird|p1a: Rillaboom\n|-supereffective|p1a: Rillaboom\n|-damage|p1a: Rillaboom|16\/100\n|-damage|p2b: Quaquaval|60\/100|[from] Recoil\n|move|p2a: Volcarona|Giga Drain|p1b: Dragonite\n|-resisted|p1b: Dragonite\n|-damage|p1b: Dragonite|93\/100\n|-heal|p2a: Volcarona|79\/100|[from] drain|[of] p1b: Dragonite\n|move|p1a: Rillaboom|Drum Beating|p2b: Quaquaval\n|-supereffective|p2b: Quaquaval\n|-damage|p2b: Quaquaval|0 fnt\n|faint|p2b: Quaquaval\n|\n|-heal|p2a: Volcarona|85\/100|[from] Grassy Terrain\n|-heal|p1a: Rillaboom|22\/100|[from] Grassy Terrain\n|upkeep\n|\n|t:|1700064674\n|switch|p2b: Oricorio|Oricorio-Pom-Pom, L50, F|100\/100\n|turn|3\n|\n|t:|1700064694\n|switch|p1a: Landorus|Landorus, L50, M|100\/100\n|move|p2b: Oricorio|Protect|p2b: Oricorio\n|-singleturn|p2b: Oricorio|Protect\n|move|p2a: Volcarona|Quiver Dance|p2a: Volcarona\n|-boost|p2a: Volcarona|spa|1\n|-boost|p2a: Volcarona|spd|1\n|-boost|p2a: Volcarona|spe|1\n|-activate|p2b: Oricorio|ability: Dancer\n|move|p2b: Oricorio|Quiver Dance|p2b: Oricorio|[from]ability: Dancer\n|-boost|p2b: Oricorio|spa|1\n|-boost|p2b: Oricorio|spd|1\n|-boost|p2b: Oricorio|spe|1\n|move|p1b: Dragonite|Aerial Ace|p2a: Volcarona\n|-supereffective|p2a: Volcarona\n|-crit|p2a: Volcarona\n|-damage|p2a: Volcarona|0 fnt\n|-damage|p1b: Dragonite|76\/100|[from] item: Rocky Helmet|[of] p2a: Volcarona\n|-status|p1b: Dragonite|brn|[from] ability: Flame Body|[of] p2a: Volcarona\n|faint|p2a: Volcarona\n|\n|-damage|p1b: Dragonite|70\/100 brn|[from] brn\n|upkeep\n|\n|t:|1700064718\n|switch|p2a: Sinistcha|Sinistcha-Masterpiece, L50|100\/100\n|turn|4\n|\n|t:|1700064737\n|move|p2b: Oricorio|Quiver Dance|p2b: Oricorio\n|-boost|p2b: Oricorio|spa|1\n|-boost|p2b: Oricorio|spd|1\n|-boost|p2b: Oricorio|spe|1\n|move|p1a: Landorus|Psychic|p2b: Oricorio\n|-damage|p2b: Oricorio|70\/100\n|move|p1b: Dragonite|Dragon Dance|p1b: Dragonite\n|-boost|p1b: Dragonite|atk|1\n|-boost|p1b: Dragonite|spe|1\n|-activate|p2b: Oricorio|ability: Dancer\n|move|p2b: Oricorio|Dragon Dance|p2b: Oricorio|[from]ability: Dancer\n|-boost|p2b: Oricorio|atk|1\n|-boost|p2b: Oricorio|spe|1\n|move|p2a: Sinistcha|Matcha Gotcha|p1b: Dragonite|[spread] p1a,p1b\n|-resisted|p1b: Dragonite\n|-damage|p1a: Landorus|62\/100\n|-damage|p1b: Dragonite|63\/100 brn\n|\n|-damage|p1b: Dragonite|57\/100 brn|[from] brn\n|upkeep\n|turn|5\n|inactive|celeme has 30 seconds left.\n|\n|t:|1700064766\n|move|p2a: Sinistcha|Rage Powder|p2a: Sinistcha\n|-singleturn|p2a: Sinistcha|move: Rage Powder\n|move|p2b: Oricorio|Air Slash|p1a: Landorus\n|-damage|p1a: Landorus|0 fnt\n|faint|p1a: Landorus\n|move|p1b: Dragonite|Dragon Claw|p2a: Sinistcha\n|-damage|p2a: Sinistcha|67\/100\n|\n|-heal|p2a: Sinistcha|74\/100|[from] Grassy Terrain\n|-damage|p1b: Dragonite|50\/100 brn|[from] brn\n|-fieldend|move: Grassy Terrain\n|upkeep\n|\n|t:|1700064777\n|switch|p1a: Rillaboom|Rillaboom, L50, M|22\/100\n|-fieldstart|move: Grassy Terrain|[from] ability: Grassy Surge|[of] p1a: Rillaboom\n|turn|6\n|\n|t:|1700064794\n|move|p2b: Oricorio|Protect|p2b: Oricorio\n|-singleturn|p2b: Oricorio|Protect\n|move|p1a: Rillaboom|Fake Out|p2b: Oricorio\n|-activate|p2b: Oricorio|move: Protect\n|move|p1b: Dragonite|Aerial Ace|p2a: Sinistcha\n|-supereffective|p2a: Sinistcha\n|-damage|p2a: Sinistcha|27\/100\n|move|p2a: Sinistcha|Life Dew|p2a: Sinistcha|[spread] p2a,p2b\n|-heal|p2a: Sinistcha|53\/100\n|-heal|p2b: Oricorio|96\/100\n|\n|-heal|p1a: Rillaboom|27\/100|[from] Grassy Terrain\n|-heal|p2a: Sinistcha|59\/100|[from] Grassy Terrain\n|-damage|p1b: Dragonite|44\/100 brn|[from] brn\n|upkeep\n|turn|7\n|inactive|celeme has 30 seconds left.\n|\n|t:|1700064822\n|move|p2a: Sinistcha|Rage Powder|p2a: Sinistcha\n|-singleturn|p2a: Sinistcha|move: Rage Powder\n|move|p2b: Oricorio|Revelation Dance|p1b: Dragonite\n|-damage|p1b: Dragonite|0 fnt\n|faint|p1b: Dragonite\n|move|p1a: Rillaboom|Knock Off|p2b: Oricorio\n|-damage|p2b: Oricorio|60\/100\n|-enditem|p2b: Oricorio|Sitrus Berry|[from] move: Knock Off|[of] p1a: Rillaboom\n|\n|-heal|p1a: Rillaboom|33\/100|[from] Grassy Terrain\n|-heal|p2a: Sinistcha|65\/100|[from] Grassy Terrain\n|upkeep\n|\n|t:|1700064830\n|switch|p1b: Urshifu|Urshifu-Rapid-Strike, L50, M|57\/100\n|turn|8\n|\n|t:|1700064844\n|move|p2a: Sinistcha|Rage Powder|p2a: Sinistcha\n|-singleturn|p2a: Sinistcha|move: Rage Powder\n|move|p2b: Oricorio|Air Slash|p1a: Rillaboom\n|-supereffective|p1a: Rillaboom\n|-damage|p1a: Rillaboom|0 fnt\n|faint|p1a: Rillaboom\n|move|p1b: Urshifu|Rock Slide|p2a: Sinistcha|[spread] p2a,p2b\n|-supereffective|p2b: Oricorio\n|-damage|p2a: Sinistcha|46\/100\n|-damage|p2b: Oricorio|15\/100\n|\n|-heal|p1b: Urshifu|62\/100|[from] Grassy Terrain\n|-heal|p2a: Sinistcha|52\/100|[from] Grassy Terrain\n|upkeep\n|turn|9\n|inactive|celeme has 30 seconds left.\n|\n|t:|1700064872\n|-terastallize|p1b: Urshifu|Fighting\n|move|p2a: Sinistcha|Rage Powder|p2a: Sinistcha\n|-singleturn|p2a: Sinistcha|move: Rage Powder\n|move|p2b: Oricorio|Revelation Dance|p1b: Urshifu\n|-damage|p1b: Urshifu|0 fnt\n|faint|p1b: Urshifu\n|\n|win|celeme\n|raw|GameerKing's rating: 1317 &rarr; <strong>1299<\/strong><br \/>(-18 for losing)\n|raw|celeme's rating: 1345 &rarr; <strong>1363<\/strong><br \/>(+18 for winning)\n|l|\u2606GameerKing\n","uploadtime":1700064892,"views":9,"p1id":"gameerking","p2id":"celeme","formatid":"gen9vgc2023regulatione","rating":1299,"private":0,"password":""}