{"id":"gen9vgc2023regulatione-1991395575","p1":"Emirnent","p2":"previouslyunnamed","format":"[Gen 9] VGC 2023 Regulation E","log":"|j|\u2606Emirnent\n|j|\u2606previouslyunnamed\n|t:|1700073533\n|gametype|doubles\n|player|p1|Emirnent|1|1650\n|player|p2|previouslyunnamed|ryuki|1689\n|teamsize|p1|6\n|teamsize|p2|6\n|gen|9\n|tier|[Gen 9] VGC 2023 Regulation E\n|rated|\n|rule|Species Clause: Limit one of each Pok\u00e9mon\n|rule|Item Clause: Limit one of each item\n|clearpoke\n|poke|p1|Breloom, L50, M|\n|poke|p1|Flutter Mane, L50|\n|poke|p1|Regidrago, L50|\n|poke|p1|Tornadus, L50, M|\n|poke|p1|Heatran, L50, F|\n|poke|p1|Urshifu-*, L50, F|\n|poke|p2|Dondozo, L50, F|\n|poke|p2|Tatsugiri, L50, M|\n|poke|p2|Glimmora, L50, M|\n|poke|p2|Iron Hands, L50|\n|poke|p2|Ogerpon-Hearthflame, L50, F|\n|poke|p2|Ninetales-Alola, L50, M|\n|teampreview|4\n|inactive|Battle timer is ON: inactive players will automatically lose when time's up. (requested by previouslyunnamed)\n|c|\u2606previouslyunnamed|bruh\n|c|\u2606previouslyunnamed|im ganna win\n|c|\u2606Emirnent|ohhhh yeah\n|c|\u2606previouslyunnamed|yes\n|c|\u2606previouslyunnamed|i must\n|inactive|Emirnent has 60 seconds left.\n|c|\u2606previouslyunnamed|i just got cut from my varsity hockey team due to aditude\n|\n|t:|1700073581\n|start\n|switch|p1a: Breloom|Breloom, L50, M|100\/100\n|switch|p1b: Flutter Mane|Flutter Mane, L50|100\/100\n|switch|p2a: Glimmora|Glimmora, L50, M|100\/100\n|switch|p2b: Iron Hands|Iron Hands, L50|100\/100\n|-enditem|p1b: Flutter Mane|Booster Energy\n|-activate|p1b: Flutter Mane|ability: Protosynthesis|[fromitem]\n|-start|p1b: Flutter Mane|protosynthesisspe\n|turn|1\n|c|\u2606previouslyunnamed|its was shitty news for me\n|c|\u2606Emirnent|lmao dont be a prick then\n|c|\u2606previouslyunnamed|i wasnt\n|inactive|Emirnent has 30 seconds left.\n|c|\u2606previouslyunnamed|he was mad i said birth control for men is gay\n|inactive|Emirnent has 20 seconds left.\n|\n|t:|1700073617\n|-terastallize|p1a: Breloom|Ghost\n|move|p1b: Flutter Mane|Shadow Ball|p2a: Glimmora\n|-crit|p2a: Glimmora\n|-damage|p2a: Glimmora|25\/100\n|move|p2a: Glimmora|Sludge Bomb|p1a: Breloom\n|-resisted|p1a: Breloom\n|-damage|p1a: Breloom|48\/100\n|move|p1a: Breloom|Spore|p2b: Iron Hands\n|-status|p2b: Iron Hands|slp|[from] move: Spore\n|cant|p2b: Iron Hands|slp\n|\n|upkeep\n|turn|2\n|c|\u2606previouslyunnamed|dont be like that\n|c|\u2606previouslyunnamed|spore\n|\n|t:|1700073639\n|move|p2a: Glimmora|Spiky Shield|p2a: Glimmora\n|-singleturn|p2a: Glimmora|move: Protect\n|move|p1b: Flutter Mane|Moonblast|p2a: Glimmora\n|-activate|p2a: Glimmora|move: Protect\n|move|p1a: Breloom|Bullet Seed|p2b: Iron Hands\n|-crit|p2b: Iron Hands\n|-damage|p2b: Iron Hands|81\/100 slp\n|-damage|p2b: Iron Hands|68\/100 slp\n|-damage|p2b: Iron Hands|55\/100 slp\n|-hitcount|p2b: Iron Hands|3\n|-curestatus|p2b: Iron Hands|slp|[msg]\n|move|p2b: Iron Hands|Heavy Slam|p1b: Flutter Mane\n|-supereffective|p1b: Flutter Mane\n|-damage|p1b: Flutter Mane|0 fnt\n|faint|p1b: Flutter Mane\n|-end|p1b: Flutter Mane|Protosynthesis|[silent]\n|\n|upkeep\n|\n|t:|1700073650\n|switch|p1b: Tornadus|Tornadus, L50, M|100\/100\n|turn|3\n|\n|t:|1700073669\n|-end|p2b: Iron Hands|Quark Drive|[silent]\n|switch|p2b: Tatsugiri|Tatsugiri, L50, M|100\/100\n|move|p1a: Breloom|Protect|p1a: Breloom\n|-singleturn|p1a: Breloom|Protect\n|move|p1b: Tornadus|Tailwind|p1b: Tornadus\n|-sidestart|p1: Emirnent|move: Tailwind\n|move|p2a: Glimmora|Power Gem|p1a: Breloom\n|-activate|p1a: Breloom|move: Protect\n|\n|upkeep\n|turn|4\n|\n|t:|1700073680\n|move|p2b: Tatsugiri|Protect|p2b: Tatsugiri\n|-singleturn|p2b: Tatsugiri|Protect\n|move|p1b: Tornadus|Bleakwind Storm|p2b: Tatsugiri|[spread] p2a\n|-activate|p2b: Tatsugiri|move: Protect\n|-resisted|p2a: Glimmora\n|-damage|p2a: Glimmora|2\/100\n|move|p1a: Breloom|Spore|p2b: Tatsugiri\n|-activate|p2b: Tatsugiri|move: Protect\n|move|p2a: Glimmora|Power Gem|p1b: Tornadus\n|-supereffective|p1b: Tornadus\n|-damage|p1b: Tornadus|0 fnt\n|faint|p1b: Tornadus\n|\n|upkeep\n|\n|t:|1700073682\n|switch|p1b: Urshifu|Urshifu, L50, F|100\/100\n|turn|5\n|c|\u2606Emirnent|sleepy sleep\n|inactive|previouslyunnamed has 30 seconds left.\n|\n|t:|1700073713\n|switch|p2b: Iron Hands|Iron Hands, L50|55\/100\n|-terastallize|p2a: Glimmora|Grass\n|move|p1b: Urshifu|Wicked Blow|p2b: Iron Hands\n|-resisted|p2b: Iron Hands\n|-crit|p2b: Iron Hands\n|-damage|p2b: Iron Hands|29\/100\n|move|p1a: Breloom|Spore|p2a: Glimmora\n|-immune|p2a: Glimmora\n|move|p2a: Glimmora|Power Gem|p1a: Breloom\n|-damage|p1a: Breloom|0 fnt\n|faint|p1a: Breloom\n|\n|upkeep\n|turn|6\n|c|\u2606Emirnent|fuck i thought you were going to switch\n|\n|t:|1700073731\n|switch|p2a: Tatsugiri|Tatsugiri, L50, M|100\/100\n|move|p1b: Urshifu|Protect|p1b: Urshifu\n|-singleturn|p1b: Urshifu|Protect\n|move|p2b: Iron Hands|Drain Punch|p2a: Tatsugiri\n|-crit|p2a: Tatsugiri\n|-damage|p2a: Tatsugiri|25\/100\n|-heal|p2b: Iron Hands|56\/100|[from] drain|[of] p2a: Tatsugiri\n|\n|-sideend|p1: Emirnent|move: Tailwind\n|upkeep\n|turn|7\n|\n|t:|1700073743\n|switch|p2a: Glimmora|Glimmora, L50, M, tera:Grass|2\/100\n|move|p1b: Urshifu|Close Combat|p2b: Iron Hands\n|-damage|p2b: Iron Hands|9\/100\n|-unboost|p1b: Urshifu|def|1\n|-unboost|p1b: Urshifu|spd|1\n|move|p2b: Iron Hands|Drain Punch|p1b: Urshifu\n|-supereffective|p1b: Urshifu\n|-damage|p1b: Urshifu|0 fnt\n|-heal|p2b: Iron Hands|46\/100|[from] drain|[of] p1b: Urshifu\n|faint|p1b: Urshifu\n|\n|win|previouslyunnamed\n|raw|Emirnent's rating: 1650 &rarr; <strong>1632<\/strong><br \/>(-18 for losing)\n|raw|previouslyunnamed's rating: 1689 &rarr; <strong>1707<\/strong><br \/>(+18 for winning)\n|c|\u2606previouslyunnamed|gg\n|c|\u2606Emirnent|gg\n|l|\u2606Emirnent\n","uploadtime":1700073785,"views":20,"p1id":"emirnent","p2id":"previouslyunnamed","formatid":"gen9vgc2023regulatione","rating":1632,"private":0,"password":""}