{"id":"gen9vgc2023regulatione-1995186816","p1":"AndrwApple","p2":"LifeOrbPex","format":"[Gen 9] VGC 2023 Regulation E","log":"|j|\u2606AndrwApple\n|j|\u2606LifeOrbPex\n|n|\u2606AndrwApple|andrwapple\n|n|\u2606LifeOrbPex|lifeorbpex\n|html|View the match progress at <a href=\"\/game-bestof3-gen9vgc2023regulatione-1995185164\">game-bestof3-gen9vgc2023regulatione-1995185164<\/a>\n|t:|1700532319\n|gametype|doubles\n|player|p1|AndrwApple|green|\n|player|p2|LifeOrbPex|2|\n|teamsize|p1|6\n|teamsize|p2|6\n|gen|9\n|tier|[Gen 9] VGC 2023 Regulation E\n|rule|Species Clause: Limit one of each Pok\u00e9mon\n|rule|Item Clause: Limit one of each item\n|clearpoke\n|poke|p1|Ogerpon-Wellspring, L50, F|\n|poke|p1|Flutter Mane, L50|\n|poke|p1|Heatran, L50, M|\n|poke|p1|Landorus-Therian, L50, M|\n|poke|p1|Chien-Pao, L50|\n|poke|p1|Iron Hands, L50|\n|poke|p2|Farigiraf, L50, M|\n|poke|p2|Urshifu-*, L50, M|\n|poke|p2|Ursaluna-Bloodmoon, L50, M|\n|poke|p2|Iron Hands, L50|\n|poke|p2|Heatran, L50, F|\n|poke|p2|Ogerpon-Wellspring, L50, F|\n|teampreview|4\n|\n|t:|1700532324\n|start\n|switch|p1a: Iron Hands|Iron Hands, L50|100\/100\n|switch|p1b: Chien-Pao|Chien-Pao, L50|100\/100\n|switch|p2a: Pink Flamingiraf|Farigiraf, L50, M|100\/100\n|switch|p2b: Babs Johnson|Urshifu, L50, M|100\/100\n|-ability|p1b: Chien-Pao|Sword of Ruin\n|turn|1\n|\n|t:|1700532347\n|-terastallize|p2a: Pink Flamingiraf|Fairy\n|move|p2b: Babs Johnson|U-turn|p1b: Chien-Pao\n|-supereffective|p1b: Chien-Pao\n|-damage|p1b: Chien-Pao|33\/100\n|\n|t:|1700532352\n|switch|p2b: Raymond Marble|Iron Hands, L50|100\/100|[from] U-turn\n|move|p1b: Chien-Pao|Ice Spinner|p2a: Pink Flamingiraf\n|-damage|p2a: Pink Flamingiraf|62\/100\n|-damage|p1b: Chien-Pao|16\/100|[from] item: Rocky Helmet|[of] p2a: Pink Flamingiraf\n|move|p1a: Iron Hands|Drain Punch|p2b: Raymond Marble\n|-damage|p2b: Raymond Marble|62\/100\n|move|p2a: Pink Flamingiraf|Trick Room|p2a: Pink Flamingiraf\n|-fieldstart|move: Trick Room|[of] p2a: Pink Flamingiraf\n|\n|upkeep\n|turn|2\n|\n|t:|1700532370\n|switch|p1b: Heatran|Heatran, L50, M|100\/100\n|move|p2b: Raymond Marble|Drain Punch|p1a: Iron Hands\n|-damage|p1a: Iron Hands|69\/100\n|-heal|p2b: Raymond Marble|77\/100|[from] drain|[of] p1a: Iron Hands\n|move|p1a: Iron Hands|Drain Punch|p2b: Raymond Marble\n|-damage|p2b: Raymond Marble|46\/100\n|-heal|p1a: Iron Hands|86\/100|[from] drain|[of] p2b: Raymond Marble\n|move|p2a: Pink Flamingiraf|Dazzling Gleam|p1b: Heatran|[spread] p1a,p1b\n|-supereffective|p1a: Iron Hands\n|-resisted|p1b: Heatran\n|-damage|p1a: Iron Hands|64\/100\n|-damage|p1b: Heatran|95\/100\n|\n|-heal|p1b: Heatran|100\/100|[from] item: Leftovers\n|upkeep\n|turn|3\n|\n|t:|1700532401\n|move|p2b: Raymond Marble|Drain Punch|p1a: Iron Hands\n|-damage|p1a: Iron Hands|35\/100\n|-heal|p2b: Raymond Marble|59\/100|[from] drain|[of] p1a: Iron Hands\n|move|p1a: Iron Hands|Drain Punch|p2b: Raymond Marble\n|-damage|p2b: Raymond Marble|31\/100\n|-heal|p1a: Iron Hands|50\/100|[from] drain|[of] p2b: Raymond Marble\n|move|p2a: Pink Flamingiraf|Dazzling Gleam|p1b: Heatran|[spread] p1a,p1b\n|-supereffective|p1a: Iron Hands\n|-resisted|p1b: Heatran\n|-damage|p1a: Iron Hands|27\/100\n|-damage|p1b: Heatran|95\/100\n|move|p1b: Heatran|Earth Power|p2b: Raymond Marble\n|-supereffective|p2b: Raymond Marble\n|-damage|p2b: Raymond Marble|0 fnt\n|faint|p2b: Raymond Marble\n|-end|p2b: Raymond Marble|Quark Drive|[silent]\n|\n|-heal|p1b: Heatran|100\/100|[from] item: Leftovers\n|upkeep\n|\n|t:|1700532423\n|switch|p2b: Cookie|Ogerpon-Wellspring, L50, F|100\/100\n|turn|4\n|\n|t:|1700532433\n|-terastallize|p1b: Heatran|Grass\n|move|p1a: Iron Hands|Drain Punch|p2b: Cookie\n|-damage|p2b: Cookie|52\/100\n|-heal|p1a: Iron Hands|47\/100|[from] drain|[of] p2b: Cookie\n|move|p2a: Pink Flamingiraf|Psychic|p1a: Iron Hands\n|-supereffective|p1a: Iron Hands\n|-damage|p1a: Iron Hands|15\/100\n|move|p1b: Heatran|Heat Wave|p2a: Pink Flamingiraf|[spread] p2a,p2b\n|-damage|p2a: Pink Flamingiraf|20\/100\n|-damage|p2b: Cookie|17\/100\n|move|p2b: Cookie|Ivy Cudgel|p1b: Heatran|[anim] Ivy Cudgel Water\n|-resisted|p1b: Heatran\n|-damage|p1b: Heatran|78\/100\n|\n|-heal|p1b: Heatran|84\/100|[from] item: Leftovers\n|upkeep\n|turn|5\n|\n|t:|1700532456\n|switch|p1b: Chien-Pao|Chien-Pao, L50|16\/100\n|-ability|p1b: Chien-Pao|Sword of Ruin\n|move|p2b: Cookie|Spiky Shield|p2b: Cookie\n|-singleturn|p2b: Cookie|move: Protect\n|move|p2a: Pink Flamingiraf|Dazzling Gleam|p1b: Chien-Pao|[spread] p1a,p1b\n|-supereffective|p1a: Iron Hands\n|-supereffective|p1b: Chien-Pao\n|-crit|p1b: Chien-Pao\n|-damage|p1a: Iron Hands|0 fnt\n|-damage|p1b: Chien-Pao|0 fnt\n|faint|p1a: Iron Hands\n|-end|p1a: Iron Hands|Quark Drive|[silent]\n|faint|p1b: Chien-Pao\n|\n|-fieldend|move: Trick Room\n|upkeep\n|\n|t:|1700532465\n|switch|p1b: Ogerpon|Ogerpon-Wellspring, L50, F|100\/100\n|switch|p1a: Heatran|Heatran, L50, M, tera:Grass|84\/100\n|turn|6\n|\n|t:|1700532504\n|move|p2b: Cookie|Follow Me|p2b: Cookie\n|-singleturn|p2b: Cookie|move: Follow Me\n|move|p1b: Ogerpon|Horn Leech|p2b: Cookie\n|-damage|p2b: Cookie|0 fnt\n|faint|p2b: Cookie\n|move|p1a: Heatran|Tera Blast|p2a: Pink Flamingiraf|[anim] Tera Blast Grass\n|-damage|p2a: Pink Flamingiraf|0 fnt\n|faint|p2a: Pink Flamingiraf\n|\n|-heal|p1a: Heatran|90\/100|[from] item: Leftovers\n|upkeep\n|\n|t:|1700532512\n|switch|p2b: Babs Johnson|Urshifu, L50, M|100\/100\n|turn|7\n|\n|t:|1700532526\n|move|p2b: Babs Johnson|Wicked Blow|p1b: Ogerpon\n|-crit|p1b: Ogerpon\n|-damage|p1b: Ogerpon|38\/100\n|move|p1b: Ogerpon|Ivy Cudgel|p2b: Babs Johnson|[anim] Ivy Cudgel Water\n|-damage|p2b: Babs Johnson|45\/100\n|move|p1a: Heatran|Tera Blast|p2b: Babs Johnson|[anim] Tera Blast Grass\n|-damage|p2b: Babs Johnson|0 fnt\n|faint|p2b: Babs Johnson\n|\n|win|AndrwApple\n|c|&|\/uhtml prompt-lifeorbpex,LifeOrbPex is ready for game 3!\n|c|&|\/uhtml prompt-andrwapple,AndrwApple is ready for game 3!\nBoth players are ready! Starting next match!\n|l|\u2606AndrwApple\n","uploadtime":1700532840,"views":4,"p1id":"andrwapple","p2id":"lifeorbpex","formatid":"gen9vgc2023regulatione","rating":0,"private":0,"password":""}