{"id":"gen9vgc2023regulatione-1990589252","p1":"Shmubadubdub","p2":"WarTails","format":"[Gen 9] VGC 2023 Regulation E","log":"|j|\u2606Shmubadubdub\n|j|\u2606WarTails\n|n|\u2606Shmubadubdub|shmubadubdub\n|n|\u2606WarTails|wartails\n|html|View the match progress at <a href=\"\/game-bestof3-gen9vgc2023regulatione-1990578639\">game-bestof3-gen9vgc2023regulatione-1990578639<\/a>\n|t:|1699983823\n|gametype|doubles\n|player|p1|Shmubadubdub|1|\n|player|p2|WarTails|veteran|\n|teamsize|p1|6\n|teamsize|p2|6\n|gen|9\n|tier|[Gen 9] VGC 2023 Regulation E\n|rule|Species Clause: Limit one of each Pok\u00e9mon\n|rule|Item Clause: Limit one of each item\n|clearpoke\n|poke|p1|Arcanine-Hisui, L50, M|\n|poke|p1|Sinistcha, L50|\n|poke|p1|Moltres-Galar, L50|\n|poke|p1|Weezing-Galar, L50, M|\n|poke|p1|Iron Hands, L50|\n|poke|p1|Urshifu-*, L50, F|\n|poke|p2|Lucario, L50, F|\n|poke|p2|Garchomp, L50, M|\n|poke|p2|Gliscor, L50, M|\n|poke|p2|Rotom-Heat, L50|\n|poke|p2|Pachirisu, L50, F|\n|poke|p2|Tyranitar, L50, M|\n|teampreview|4\nWarTails has agreed to open team sheets.\n|\n|t:|1699983838\n|start\n|switch|p1a: Urshifu|Urshifu, L50, F|100\/100\n|switch|p1b: Arcanine|Arcanine-Hisui, L50, M|100\/100\n|switch|p2a: Rotom|Rotom-Heat, L50|100\/100\n|switch|p2b: Tyranitar|Tyranitar, L50, M|100\/100\n|-ability|p1b: Arcanine|Intimidate|boost\n|-unboost|p2a: Rotom|atk|1\n|-unboost|p2b: Tyranitar|atk|1\n|-weather|Sandstorm|[from] ability: Sand Stream|[of] p2b: Tyranitar\n|turn|1\n|\n|t:|1699983863\n|switch|p2b: Garchomp|Garchomp, L50, M|100\/100\n|move|p1a: Urshifu|Drain Punch|p2b: Garchomp\n|-damage|p2b: Garchomp|55\/100\n|-damage|p1a: Urshifu|88\/100|[from] ability: Rough Skin|[of] p2b: Garchomp\n|-damage|p1a: Urshifu|79\/100|[from] item: Life Orb\n|move|p1b: Arcanine|Rock Slide|p2b: Garchomp|[spread] p2a,p2b\n|-supereffective|p2a: Rotom\n|-crit|p2a: Rotom\n|-resisted|p2b: Garchomp\n|-damage|p2a: Rotom|14\/100\n|-damage|p2b: Garchomp|44\/100\n|move|p2a: Rotom|Will-O-Wisp|p1a: Urshifu\n|-status|p1a: Urshifu|brn\n|\n|-weather|Sandstorm|[upkeep]\n|-damage|p1a: Urshifu|73\/100 brn|[from] Sandstorm\n|-damage|p2a: Rotom|8\/100|[from] Sandstorm\n|-heal|p2a: Rotom|14\/100|[from] item: Leftovers\n|-damage|p1a: Urshifu|67\/100 brn|[from] brn\n|upkeep\n|turn|2\n|\n|t:|1699983896\n|switch|p2a: Gliscor|Gliscor, L50, M|100\/100\n|move|p1a: Urshifu|Sucker Punch||[still]\n|-fail|p1a: Urshifu\n|move|p2b: Garchomp|Earthquake|p1b: Arcanine|[spread] p1a,p1b\n|-immune|p2a: Gliscor\n|-supereffective|p1b: Arcanine\n|-damage|p1a: Urshifu|29\/100 brn\n|-damage|p1b: Arcanine|0 fnt\n|faint|p1b: Arcanine\n|\n|-weather|Sandstorm|[upkeep]\n|-damage|p1a: Urshifu|23\/100 brn|[from] Sandstorm\n|-damage|p1a: Urshifu|17\/100 brn|[from] brn\n|-status|p2a: Gliscor|tox|[from] item: Toxic Orb\n|upkeep\n|\n|t:|1699983910\n|switch|p1b: Sinistcha|Sinistcha, L50|100\/100\n|-heal|p1a: Urshifu|42\/100 brn|[from] ability: Hospitality|[of] p1b: Sinistcha\n|turn|3\n|\n|t:|1699983952\n|move|p2b: Garchomp|Earthquake|p1b: Sinistcha|[spread] p1a,p1b\n|-immune|p2a: Gliscor\n|-resisted|p1b: Sinistcha\n|-damage|p1a: Urshifu|7\/100 brn\n|-damage|p1b: Sinistcha|83\/100\n|move|p1a: Urshifu|Wicked Blow|p2b: Garchomp\n|-crit|p2b: Garchomp\n|-damage|p2b: Garchomp|10\/100\n|-damage|p1a: Urshifu|0 fnt|[from] ability: Rough Skin|[of] p2b: Garchomp\n|faint|p1a: Urshifu\n|move|p2a: Gliscor|Toxic|p1b: Sinistcha\n|-status|p1b: Sinistcha|tox\n|move|p1b: Sinistcha|Matcha Gotcha|p2b: Garchomp|[spread] p2a,p2b\n|-damage|p2a: Gliscor|72\/100 tox\n|-heal|p1b: Sinistcha|95\/100 tox|[from] drain|[of] p2a: Gliscor\n|-damage|p2b: Garchomp|0 fnt\n|-heal|p1b: Sinistcha|100\/100 tox|[from] drain|[of] p2b: Garchomp\n|faint|p2b: Garchomp\n|\n|-weather|Sandstorm|[upkeep]\n|-damage|p1b: Sinistcha|94\/100 tox|[from] Sandstorm\n|-heal|p2a: Gliscor|85\/100 tox|[from] ability: Poison Heal\n|-damage|p1b: Sinistcha|88\/100 tox|[from] psn\n|upkeep\n|\n|t:|1699983974\n|switch|p2b: Rotom|Rotom-Heat, L50|14\/100\n|switch|p1a: Weezing|Weezing-Galar, L50, M|100\/100\n|-ability|p1a: Weezing|Neutralizing Gas\n|turn|4\n|\n|t:|1699983997\n|move|p2a: Gliscor|Mud-Slap|p1b: Sinistcha\n|-resisted|p1b: Sinistcha\n|-damage|p1b: Sinistcha|86\/100 tox\n|-unboost|p1b: Sinistcha|accuracy|1\n|move|p2b: Rotom|Discharge|p1a: Weezing|[spread] p1a,p1b\n|-immune|p2a: Gliscor\n|-resisted|p1b: Sinistcha\n|-damage|p1a: Weezing|69\/100\n|-damage|p1b: Sinistcha|75\/100 tox\n|move|p1b: Sinistcha|Matcha Gotcha|p2a: Gliscor|[spread] p2a,p2b\n|-resisted|p2b: Rotom\n|-damage|p2a: Gliscor|54\/100 tox\n|-heal|p1b: Sinistcha|89\/100 tox|[from] drain|[of] p2a: Gliscor\n|-damage|p2b: Rotom|0 fnt\n|-heal|p1b: Sinistcha|94\/100 tox|[from] drain|[of] p2b: Rotom\n|faint|p2b: Rotom\n|move|p1a: Weezing|Strange Steam|p2a: Gliscor\n|-damage|p2a: Gliscor|23\/100 tox\n|\n|-weather|Sandstorm|[upkeep]\n|-damage|p1b: Sinistcha|88\/100 tox|[from] Sandstorm\n|-damage|p1a: Weezing|63\/100|[from] Sandstorm\n|-damage|p2a: Gliscor|10\/100 tox|[from] psn\n|-damage|p1b: Sinistcha|76\/100 tox|[from] psn\n|upkeep\n|\n|t:|1699984018\n|switch|p2b: Tyranitar|Tyranitar, L50, M|100\/100\n|turn|5\n|\n|t:|1699984052\n|-terastallize|p1b: Sinistcha|Fairy\n|move|p2b: Tyranitar|Protect|p2b: Tyranitar\n|-singleturn|p2b: Tyranitar|Protect\n|move|p2a: Gliscor|Bulldoze|p1b: Sinistcha|[spread] p1a,p1b\n|-activate|p2b: Tyranitar|move: Protect\n|-supereffective|p1a: Weezing\n|-damage|p1a: Weezing|42\/100\n|-damage|p1b: Sinistcha|62\/100 tox\n|-unboost|p1a: Weezing|spe|1\n|-unboost|p1b: Sinistcha|spe|1\n|move|p1b: Sinistcha|Matcha Gotcha|p2b: Tyranitar|[spread] p2a\n|-activate|p2b: Tyranitar|move: Protect\n|-damage|p2a: Gliscor|0 fnt\n|-heal|p1b: Sinistcha|66\/100 tox|[from] drain|[of] p2a: Gliscor\n|faint|p2a: Gliscor\n|move|p1a: Weezing|Will-O-Wisp|p2b: Tyranitar\n|-activate|p2b: Tyranitar|move: Protect\n|\n|-weather|none\n|-damage|p1b: Sinistcha|48\/100 tox|[from] psn\n|upkeep\n|turn|6\n|\n|t:|1699984093\n|-terastallize|p2b: Tyranitar|Bug\n|move|p2b: Tyranitar|Smack Down|p1a: Weezing\n|-damage|p1a: Weezing|17\/100\n|move|p1b: Sinistcha|Strength Sap|p2b: Tyranitar|[miss]\n|-miss|p1b: Sinistcha|p2b: Tyranitar\n|move|p1a: Weezing|Will-O-Wisp|p2b: Tyranitar|[miss]\n|-miss|p1a: Weezing|p2b: Tyranitar\n|\n|-damage|p1b: Sinistcha|23\/100 tox|[from] psn\n|upkeep\n|-enditem|p1b: Sinistcha|Wiki Berry|[eat]\n|-heal|p1b: Sinistcha|56\/100 tox|[from] item: Wiki Berry\n|turn|7\n|c|\u2606WarTails|Im a lucky son of a\n|\n|t:|1699984108\n|move|p2b: Tyranitar|Protect|p2b: Tyranitar\n|-singleturn|p2b: Tyranitar|Protect\n|move|p1b: Sinistcha|Matcha Gotcha|p2b: Tyranitar\n|-activate|p2b: Tyranitar|move: Protect\n|move|p1a: Weezing|Will-O-Wisp|p2b: Tyranitar\n|-activate|p2b: Tyranitar|move: Protect\n|\n|-damage|p1b: Sinistcha|25\/100 tox|[from] psn\n|upkeep\n|turn|8\n|\n|t:|1699984129\n|move|p2b: Tyranitar|Crunch|p1b: Sinistcha\n|-resisted|p1b: Sinistcha\n|-damage|p1b: Sinistcha|7\/100 tox\n|move|p1b: Sinistcha|Strength Sap|p2b: Tyranitar\n|-unboost|p2b: Tyranitar|atk|1\n|-heal|p1b: Sinistcha|100\/100 tox\n|move|p1a: Weezing|Will-O-Wisp|p2b: Tyranitar|[miss]\n|-miss|p1a: Weezing|p2b: Tyranitar\n|\n|-damage|p1b: Sinistcha|63\/100 tox|[from] psn\n|upkeep\n|turn|9\n|\n|t:|1699984148\n|move|p2b: Tyranitar|Protect|p2b: Tyranitar\n|-singleturn|p2b: Tyranitar|Protect\n|move|p1b: Sinistcha|Shadow Ball|p2b: Tyranitar\n|-activate|p2b: Tyranitar|move: Protect\n|move|p1a: Weezing|Sludge Bomb|p2b: Tyranitar\n|-activate|p2b: Tyranitar|move: Protect\n|\n|-damage|p1b: Sinistcha|20\/100 tox|[from] psn\n|upkeep\n|turn|10\n|\n|t:|1699984169\n|move|p2b: Tyranitar|Smack Down|p1a: Weezing\n|-damage|p1a: Weezing|2\/100\n|move|p1b: Sinistcha|Shadow Ball|p2b: Tyranitar\n|-damage|p2b: Tyranitar|71\/100\n|-unboost|p2b: Tyranitar|spd|1\n|move|p1a: Weezing|Strange Steam|p2b: Tyranitar\n|-damage|p2b: Tyranitar|29\/100\n|\n|-damage|p1b: Sinistcha|0 fnt|[from] psn\n|faint|p1b: Sinistcha\n|upkeep\n|turn|11\n|c|\u2606WarTails|gg\n|\n|t:|1699984186\n|move|p2b: Tyranitar|Smack Down|p1a: Weezing\n|-damage|p1a: Weezing|0 fnt\n|faint|p1a: Weezing\n|-end|p1a: Weezing|ability: Neutralizing Gas\n|-weather|Sandstorm|[from] ability: Sand Stream|[of] p2b: Tyranitar\n|\n|win|WarTails\n|c|\u2606Shmubadubdub|gg\n|l|\u2606Shmubadubdub\n","uploadtime":1699984195,"views":19,"p1id":"shmubadubdub","p2id":"wartails","formatid":"gen9vgc2023regulatione","rating":0,"private":0,"password":""}