{"id":"gen9vgc2023regulatione-1994392075","p1":"Perjutsu545","p2":"Leetextreme","format":"[Gen 9] VGC 2023 Regulation E","log":"|j|\u2606Perjutsu545\n|j|\u2606Leetextreme\n|t:|1700438651\n|gametype|doubles\n|player|p1|Perjutsu545|brawly|1460\n|player|p2|Leetextreme|scientist|1422\n|teamsize|p1|6\n|teamsize|p2|6\n|gen|9\n|tier|[Gen 9] VGC 2023 Regulation E\n|rated|\n|rule|Species Clause: Limit one of each Pok\u00e9mon\n|rule|Item Clause: Limit one of each item\n|clearpoke\n|poke|p1|Skeledirge, L50, M|\n|poke|p1|Dusclops, L50, F|\n|poke|p1|Ursaluna-Bloodmoon, L50, M|\n|poke|p1|Iron Hands, L50|\n|poke|p1|Clawitzer, L50, M|\n|poke|p1|Farigiraf, L50, F|\n|poke|p2|Rillaboom, L50, M|\n|poke|p2|Urshifu-*, L50, M|\n|poke|p2|Flutter Mane, L50|\n|poke|p2|Tornadus, L50, M|\n|poke|p2|Arcanine-Hisui, L50, F|\n|poke|p2|Chien-Pao, L50|\n|teampreview|4\n|inactive|Battle timer is ON: inactive players will automatically lose when time's up. (requested by Perjutsu545)\n|\n|t:|1700438686\n|start\n|switch|p1a: Dusclops|Dusclops, L50, F|100\/100\n|switch|p1b: Iron Hands|Iron Hands, L50|100\/100\n|switch|p2a: Urshifu|Urshifu-Rapid-Strike, L50, M|100\/100\n|switch|p2b: Chien-Pao|Chien-Pao, L50|100\/100\n|-ability|p2b: Chien-Pao|Sword of Ruin\n|-ability|p1a: Dusclops|Pressure\n|turn|1\n|j| thomas shelby 1\n|inactive|Perjutsu545 has 30 seconds left.\n|\n|t:|1700438719\n|move|p2a: Urshifu|Detect|p2a: Urshifu\n|-singleturn|p2a: Urshifu|Protect\n|move|p1b: Iron Hands|Fake Out|p2a: Urshifu\n|-activate|p2a: Urshifu|move: Protect\n|move|p2b: Chien-Pao|Icicle Crash|p1a: Dusclops\n|-damage|p1a: Dusclops|61\/100\n|cant|p1a: Dusclops|flinch\n|\n|upkeep\n|turn|2\n|inactive|Leetextreme has 30 seconds left.\n|\n|t:|1700438753\n|move|p2b: Chien-Pao|Icicle Crash|p1a: Dusclops\n|-crit|p1a: Dusclops\n|-damage|p1a: Dusclops|0 fnt\n|faint|p1a: Dusclops\n|move|p2a: Urshifu|Surging Strikes|p1b: Iron Hands\n|-crit|p1b: Iron Hands\n|-damage|p1b: Iron Hands|78\/100\n|-crit|p1b: Iron Hands\n|-damage|p1b: Iron Hands|55\/100\n|-crit|p1b: Iron Hands\n|-damage|p1b: Iron Hands|30\/100\n|-hitcount|p1b: Iron Hands|3\n|move|p1b: Iron Hands|Thunder Punch|p2a: Urshifu\n|-supereffective|p2a: Urshifu\n|-damage|p2a: Urshifu|0 fnt\n|faint|p2a: Urshifu\n|\n|upkeep\n|c| thomas shelby 1|why notttt friskkkk\n|c| thomas shelby 1|frisssskkkkk\n|inactive|Perjutsu545 has 30 seconds left.\n|c|\u2606Perjutsu545|Damn a flinch then a crit\n|inactive|Perjutsu545 has 20 seconds left.\n|\n|t:|1700438789\n|switch|p2a: Flutter Mane|Flutter Mane, L50|100\/100\n|switch|p1a: Ursaluna|Ursaluna-Bloodmoon, L50, M|100\/100\n|-enditem|p2a: Flutter Mane|Booster Energy\n|-activate|p2a: Flutter Mane|ability: Protosynthesis|[fromitem]\n|-start|p2a: Flutter Mane|protosynthesisspa\n|turn|3\n|\n|t:|1700438808\n|-terastallize|p2a: Flutter Mane|Fairy\n|-terastallize|p1b: Iron Hands|Fire\n|move|p2b: Chien-Pao|Icicle Crash|p1a: Ursaluna\n|-supereffective|p1a: Ursaluna\n|-damage|p1a: Ursaluna|12\/100\n|-enditem|p1a: Ursaluna|Weakness Policy\n|-boost|p1a: Ursaluna|atk|2|[from] item: Weakness Policy\n|-boost|p1a: Ursaluna|spa|2|[from] item: Weakness Policy\n|move|p2a: Flutter Mane|Dazzling Gleam|p1b: Iron Hands|[spread] p1a,p1b\n|-resisted|p1b: Iron Hands\n|-damage|p1a: Ursaluna|0 fnt\n|-damage|p1b: Iron Hands|15\/100\n|faint|p1a: Ursaluna\n|move|p1b: Iron Hands|Drain Punch|p2b: Chien-Pao\n|-supereffective|p2b: Chien-Pao\n|-enditem|p2b: Chien-Pao|Focus Sash\n|-damage|p2b: Chien-Pao|1\/100\n|-heal|p1b: Iron Hands|47\/100|[from] drain|[of] p2b: Chien-Pao\n|\n|upkeep\n|\n|t:|1700438823\n|switch|p1a: Skeledirge|Skeledirge, L50, M|100\/100\n|turn|4\n|inactive|Leetextreme has 30 seconds left.\n|inactive|Leetextreme has 20 seconds left.\n|inactive|Leetextreme has 15 seconds left.\n|\n|t:|1700438864\n|move|p2a: Flutter Mane|Shadow Ball|p1b: Iron Hands\n|-damage|p1b: Iron Hands|15\/100\n|move|p2b: Chien-Pao|Sacred Sword|p1b: Iron Hands\n|-damage|p1b: Iron Hands|0 fnt\n|faint|p1b: Iron Hands\n|-end|p1b: Iron Hands|Quark Drive|[silent]\n|move|p1a: Skeledirge|Torch Song|p2b: Chien-Pao\n|-supereffective|p2b: Chien-Pao\n|-crit|p2b: Chien-Pao\n|-damage|p2b: Chien-Pao|0 fnt\n|-boost|p1a: Skeledirge|spa|1\n|faint|p2b: Chien-Pao\n|\n|upkeep\n|\n|t:|1700438874\n|switch|p2b: Rillaboom|Rillaboom, L50, M|100\/100\n|-fieldstart|move: Grassy Terrain|[from] ability: Grassy Surge|[of] p2b: Rillaboom\n|turn|5\n|\n|t:|1700438884\n|move|p2a: Flutter Mane|Shadow Ball|p1a: Skeledirge\n|-supereffective|p1a: Skeledirge\n|-damage|p1a: Skeledirge|0 fnt\n|faint|p1a: Skeledirge\n|\n|win|Leetextreme\n|raw|Perjutsu545's rating: 1460 &rarr; <strong>1438<\/strong><br \/>(-22 for losing)\n|raw|Leetextreme's rating: 1422 &rarr; <strong>1444<\/strong><br \/>(+22 for winning)\n|c|\u2606Perjutsu545|Ugh\n|c|\u2606Leetextreme|gg\n|c|\u2606Leetextreme|better luck next time I guess\n|l|\u2606Leetextreme\n|j|\u2606Leetextreme\n|player|p2|Leetextreme|scientist\n|l| thomas shelby 1\n","uploadtime":1700439034,"views":15,"p1id":"perjutsu545","p2id":"leetextreme","formatid":"gen9vgc2023regulatione","rating":1438,"private":0,"password":""}