{"id":"gen9vgc2023regulatione-1994664433","p1":"PsychoR&R","p2":"GUAN0603","format":"[Gen 9] VGC 2023 Regulation E","log":"|j|\u2606PsychoR&R\n|j|\u2606GUAN0603\n|t:|1700477714\n|gametype|doubles\n|player|p1|PsychoR&R|2|1487\n|player|p2|GUAN0603|unknown|1400\n|teamsize|p1|6\n|teamsize|p2|6\n|gen|9\n|tier|[Gen 9] VGC 2023 Regulation E\n|rated|\n|rule|Species Clause: Limit one of each Pok\u00e9mon\n|rule|Item Clause: Limit one of each item\n|clearpoke\n|poke|p1|Roaring Moon, L50|\n|poke|p1|Weezing, L50, M|\n|poke|p1|Landorus-Therian, L50, M|\n|poke|p1|Iron Hands, L50|\n|poke|p1|Flutter Mane, L50|\n|poke|p1|Ogerpon-Wellspring, L50, F|\n|poke|p2|Murkrow, L50, F|\n|poke|p2|Urshifu-*, L50, M|\n|poke|p2|Tsareena, L50, F|\n|poke|p2|Flutter Mane, L50|\n|poke|p2|Iron Bundle, L50|\n|poke|p2|Chi-Yu, L50|\n|teampreview|4\nGUAN0603 has agreed to open team sheets.\n|inactive|Battle timer is ON: inactive players will automatically lose when time's up. (requested by GUAN0603)\n|c|\u2606PsychoR&R|\u9760\u5317\n|c|\u2606GUAN0603|\u8001\u9435\n|c|\u2606PsychoR&R|\u6253\u958b\u5730\u4e00\u5834\n|c|\u2606GUAN0603|\u662f\u4f60\u903c\u6211\u7684\nPsychoR&R has agreed to open team sheets.\n|inactive|PsychoR&R has 30 seconds left.\n|c|\u2606GUAN0603|\u4e00\u908a\u6253\u624b\u69cd\u4e00\u908a\u8ddf\u4f60\u6253\n|inactive|PsychoR&R has 20 seconds left.\n|inactive|PsychoR&R has 15 seconds left.\n|inactive|PsychoR&R has 10 seconds left.\n|\n|t:|1700477793\n|start\n|switch|p1a: Iron Hands|Iron Hands, L50|100\/100\n|switch|p1b: Ogerpon|Ogerpon-Wellspring, L50, F|100\/100\n|switch|p2a: \u52de\u52d5\u795e\u9df9|Iron Bundle, L50, shiny|100\/100\n|switch|p2b: \u6d6a\u6f2b\u56e0\u5b50|Chi-Yu, L50|100\/100\n|-ability|p2b: \u6d6a\u6f2b\u56e0\u5b50|Beads of Ruin\n|-enditem|p2a: \u52de\u52d5\u795e\u9df9|Booster Energy\n|-activate|p2a: \u52de\u52d5\u795e\u9df9|ability: Quark Drive|[fromitem]\n|-start|p2a: \u52de\u52d5\u795e\u9df9|quarkdrivespe\n|turn|1\n|inactive|GUAN0603 has 30 seconds left.\n|\n|t:|1700477821\n|switch|p2b: \u5e6b\u6211\u963f\u5317\u5831\u4ec7|Tsareena, L50, F|100\/100\n|-end|p1a: Iron Hands|Quark Drive|[silent]\n|switch|p1a: Weezing|Weezing, L50, M|100\/100\n|-ability|p1a: Weezing|Neutralizing Gas\n|-terastallize|p1b: Ogerpon|Water\n|detailschange|p1b: Ogerpon|Ogerpon-Wellspring-Tera, L50, F, tera:Water\n|move|p2a: \u52de\u52d5\u795e\u9df9|Freeze-Dry|p1b: Ogerpon\n|-supereffective|p1b: Ogerpon\n|-damage|p1b: Ogerpon|20\/100\n|move|p1b: Ogerpon|Ivy Cudgel|p2b: \u5e6b\u6211\u963f\u5317\u5831\u4ec7|[anim] Ivy Cudgel Water\n|-resisted|p2b: \u5e6b\u6211\u963f\u5317\u5831\u4ec7\n|-damage|p2b: \u5e6b\u6211\u963f\u5317\u5831\u4ec7|60\/100\n|\n|upkeep\n|turn|2\n|inactive|GUAN0603 has 30 seconds left.\n|\n|t:|1700477847\n|switch|p1b: Iron Hands|Iron Hands, L50|100\/100\n|switch|p2b: \u6d6a\u6f2b\u56e0\u5b50|Chi-Yu, L50|100\/100\n|move|p2a: \u52de\u52d5\u795e\u9df9|Icy Wind|p1b: Iron Hands|[spread] p1a,p1b\n|-damage|p1a: Weezing|79\/100\n|-damage|p1b: Iron Hands|88\/100\n|-unboost|p1a: Weezing|spe|1\n|-unboost|p1b: Iron Hands|spe|1\n|move|p1a: Weezing|Will-O-Wisp|p2b: \u6d6a\u6f2b\u56e0\u5b50|[miss]\n|-miss|p1a: Weezing|p2b: \u6d6a\u6f2b\u56e0\u5b50\n|\n|upkeep\n|turn|3\n|inactive|GUAN0603 has 30 seconds left.\n|\n|t:|1700477875\n|-terastallize|p2b: \u6d6a\u6f2b\u56e0\u5b50|Fire\n|move|p1b: Iron Hands|Fake Out|p2b: \u6d6a\u6f2b\u56e0\u5b50\n|-damage|p2b: \u6d6a\u6f2b\u56e0\u5b50|79\/100\n|move|p2a: \u52de\u52d5\u795e\u9df9|Hydro Pump|p1b: Iron Hands\n|-damage|p1b: Iron Hands|59\/100\n|cant|p2b: \u6d6a\u6f2b\u56e0\u5b50|flinch\n|move|p1a: Weezing|Will-O-Wisp|p2a: \u52de\u52d5\u795e\u9df9\n|-status|p2a: \u52de\u52d5\u795e\u9df9|brn\n|\n|-damage|p2a: \u52de\u52d5\u795e\u9df9|95\/100 brn|[from] brn\n|upkeep\n|turn|4\n|inactive|GUAN0603 has 30 seconds left.\n|\n|t:|1700477906\n|move|p1a: Weezing|Protect|p1a: Weezing\n|-singleturn|p1a: Weezing|Protect\n|move|p2a: \u52de\u52d5\u795e\u9df9|Freeze-Dry|p1b: Iron Hands\n|-damage|p1b: Iron Hands|39\/100\n|move|p2b: \u6d6a\u6f2b\u56e0\u5b50|Heat Wave|p1b: Iron Hands|[spread] p1b\n|-activate|p1a: Weezing|move: Protect\n|-damage|p1b: Iron Hands|0 fnt\n|faint|p1b: Iron Hands\n|-end|p1b: Iron Hands|Quark Drive|[silent]\n|\n|-damage|p2a: \u52de\u52d5\u795e\u9df9|89\/100 brn|[from] brn\n|upkeep\n|\n|t:|1700477915\n|switch|p1b: Roaring Moon|Roaring Moon, L50|100\/100\n|-enditem|p1b: Roaring Moon|Booster Energy\n|-activate|p1b: Roaring Moon|ability: Protosynthesis|[fromitem]\n|-start|p1b: Roaring Moon|protosynthesisspe\n|turn|5\n|\n|t:|1700477929\n|switch|p2b: \u89e3\u6688\u8239\u9577|Urshifu, L50, M|100\/100\n|move|p2a: \u52de\u52d5\u795e\u9df9|Protect|p2a: \u52de\u52d5\u795e\u9df9\n|-singleturn|p2a: \u52de\u52d5\u795e\u9df9|Protect\n|move|p1b: Roaring Moon|Tailwind|p1b: Roaring Moon\n|-sidestart|p1: PsychoR&R|move: Tailwind\n|move|p1a: Weezing|Gunk Shot|p2b: \u89e3\u6688\u8239\u9577\n|-damage|p2b: \u89e3\u6688\u8239\u9577|70\/100\n|\n|-damage|p2a: \u52de\u52d5\u795e\u9df9|84\/100 brn|[from] brn\n|upkeep\n|turn|6\n|\n|t:|1700477950\n|switch|p2b: \u6d6a\u6f2b\u56e0\u5b50|Chi-Yu, L50, tera:Fire|79\/100\n|move|p1b: Roaring Moon|Knock Off|p2a: \u52de\u52d5\u795e\u9df9\n|-damage|p2a: \u52de\u52d5\u795e\u9df9|45\/100 brn\n|move|p2a: \u52de\u52d5\u795e\u9df9|Icy Wind|p1b: Roaring Moon|[spread] p1a,p1b\n|-supereffective|p1b: Roaring Moon\n|-damage|p1a: Weezing|58\/100\n|-damage|p1b: Roaring Moon|63\/100\n|-unboost|p1a: Weezing|spe|1\n|-unboost|p1b: Roaring Moon|spe|1\n|move|p1a: Weezing|Will-O-Wisp|p2b: \u6d6a\u6f2b\u56e0\u5b50\n|-immune|p2b: \u6d6a\u6f2b\u56e0\u5b50\n|\n|-damage|p2a: \u52de\u52d5\u795e\u9df9|40\/100 brn|[from] brn\n|upkeep\n|turn|7\n|\n|t:|1700477974\n|switch|p2b: \u89e3\u6688\u8239\u9577|Urshifu, L50, M|70\/100\n|move|p1b: Roaring Moon|Knock Off|p2b: \u89e3\u6688\u8239\u9577\n|-resisted|p2b: \u89e3\u6688\u8239\u9577\n|-damage|p2b: \u89e3\u6688\u8239\u9577|59\/100\n|-enditem|p2b: \u89e3\u6688\u8239\u9577|Choice Band|[from] move: Knock Off|[of] p1b: Roaring Moon\n|move|p2a: \u52de\u52d5\u795e\u9df9|Icy Wind|p1b: Roaring Moon|[spread] p1a,p1b\n|-supereffective|p1b: Roaring Moon\n|-damage|p1a: Weezing|36\/100\n|-damage|p1b: Roaring Moon|26\/100\n|-unboost|p1a: Weezing|spe|1\n|-unboost|p1b: Roaring Moon|spe|1\n|-enditem|p1a: Weezing|Sitrus Berry|[eat]\n|-heal|p1a: Weezing|61\/100|[from] item: Sitrus Berry\n|move|p1a: Weezing|Gunk Shot|p2b: \u89e3\u6688\u8239\u9577\n|-damage|p2b: \u89e3\u6688\u8239\u9577|23\/100\n|\n|-damage|p2a: \u52de\u52d5\u795e\u9df9|34\/100 brn|[from] brn\n|upkeep\n|turn|8\n|inactive|GUAN0603 has 30 seconds left.\n|\n|t:|1700478001\n|move|p1b: Roaring Moon|Protect|p1b: Roaring Moon\n|-singleturn|p1b: Roaring Moon|Protect\n|move|p2a: \u52de\u52d5\u795e\u9df9|Protect|p2a: \u52de\u52d5\u795e\u9df9\n|-singleturn|p2a: \u52de\u52d5\u795e\u9df9|Protect\n|move|p1a: Weezing|Protect|p1a: Weezing\n|-singleturn|p1a: Weezing|Protect\n|move|p2b: \u89e3\u6688\u8239\u9577|Sucker Punch||[still]\n|-fail|p2b: \u89e3\u6688\u8239\u9577\n|\n|-damage|p2a: \u52de\u52d5\u795e\u9df9|28\/100 brn|[from] brn\n|-sideend|p1: PsychoR&R|move: Tailwind\n|upkeep\n|turn|9\n|\n|t:|1700478015\n|move|p2b: \u89e3\u6688\u8239\u9577|Sucker Punch||[still]\n|-fail|p2b: \u89e3\u6688\u8239\u9577\n|move|p2a: \u52de\u52d5\u795e\u9df9|Hydro Pump|p1a: Weezing|[miss]\n|-miss|p2a: \u52de\u52d5\u795e\u9df9|p1a: Weezing\n|move|p1b: Roaring Moon|Tailwind|p1b: Roaring Moon\n|-sidestart|p1: PsychoR&R|move: Tailwind\n|move|p1a: Weezing|Gunk Shot|p2a: \u52de\u52d5\u795e\u9df9\n|-damage|p2a: \u52de\u52d5\u795e\u9df9|0 fnt\n|faint|p2a: \u52de\u52d5\u795e\u9df9\n|-end|p2a: \u52de\u52d5\u795e\u9df9|Quark Drive|[silent]\n|\n|upkeep\n|\n|t:|1700478025\n|switch|p2a: \u6d6a\u6f2b\u56e0\u5b50|Chi-Yu, L50, tera:Fire|79\/100\n|turn|10\n|\n|t:|1700478035\n|move|p1b: Roaring Moon|Protect|p1b: Roaring Moon\n|-singleturn|p1b: Roaring Moon|Protect\n|move|p2b: \u89e3\u6688\u8239\u9577|Sucker Punch||[still]\n|-fail|p2b: \u89e3\u6688\u8239\u9577\n|move|p2a: \u6d6a\u6f2b\u56e0\u5b50|Heat Wave|p1a: Weezing|[spread] p1a\n|-activate|p1b: Roaring Moon|move: Protect\n|-damage|p1a: Weezing|0 fnt\n|faint|p1a: Weezing\n|-end|p1a: Weezing|ability: Neutralizing Gas\n|-ability|p2a: \u6d6a\u6f2b\u56e0\u5b50|Beads of Ruin\n|\n|upkeep\n|\n|t:|1700478045\n|switch|p1a: Ogerpon|Ogerpon-Wellspring-Tera, L50, F, tera:Water|20\/100\n|-ability|p1a: Ogerpon|Embody Aspect (Wellspring)|boost\n|-boost|p1a: Ogerpon|spd|1\n|turn|11\n|\n|t:|1700478055\n|move|p2b: \u89e3\u6688\u8239\u9577|Sucker Punch||[still]\n|-fail|p2b: \u89e3\u6688\u8239\u9577\n|move|p1a: Ogerpon|Swords Dance|p1a: Ogerpon\n|-boost|p1a: Ogerpon|atk|2\n|move|p1b: Roaring Moon|Knock Off|p2a: \u6d6a\u6f2b\u56e0\u5b50\n|-damage|p2a: \u6d6a\u6f2b\u56e0\u5b50|15\/100\n|-enditem|p2a: \u6d6a\u6f2b\u56e0\u5b50|Choice Specs|[from] move: Knock Off|[of] p1b: Roaring Moon\n|move|p2a: \u6d6a\u6f2b\u56e0\u5b50|Heat Wave|p1b: Roaring Moon|[spread] p1a,p1b\n|-resisted|p1a: Ogerpon\n|-resisted|p1b: Roaring Moon\n|-damage|p1a: Ogerpon|0 fnt\n|-damage|p1b: Roaring Moon|0 fnt\n|faint|p1a: Ogerpon\n|faint|p1b: Roaring Moon\n|-end|p1b: Roaring Moon|Protosynthesis|[silent]\n|\n|win|GUAN0603\n|raw|PsychoR&amp;R's rating: 1487 &rarr; <strong>1462<\/strong><br \/>(-25 for losing)\n|raw|GUAN0603's rating: 1400 &rarr; <strong>1425<\/strong><br \/>(+25 for winning)\n|l|\u2606PsychoR&R\n","uploadtime":1700478094,"views":28,"p1id":"psychorr","p2id":"guan0603","formatid":"gen9vgc2023regulatione","rating":1425,"private":0,"password":""}