{"id":"gen9vgc2023regulatione-1989432955","p1":"Disobedient_vgc","p2":"Lbbones","format":"[Gen 9] VGC 2023 Regulation E","log":"|j|\u2606Disobedient_vgc\n|j|\u2606Lbbones\n|n|\u2606Disobedient_vgc|disobedientvgc\n|n|\u2606Lbbones|lbbones\n|html|View the match progress at <a href=\"\/game-bestof3-gen9vgc2023regulatione-1989432954\">game-bestof3-gen9vgc2023regulatione-1989432954<\/a>\n|t:|1699849714\n|gametype|doubles\n|player|p1|Disobedient_vgc|shadowtriad|\n|player|p2|Lbbones|169|\n|teamsize|p1|6\n|teamsize|p2|6\n|gen|9\n|tier|[Gen 9] VGC 2023 Regulation E\n|rule|Species Clause: Limit one of each Pok\u00e9mon\n|rule|Item Clause: Limit one of each item\n|clearpoke\n|poke|p1|Dusclops, L50, F|\n|poke|p1|Ursaluna-Bloodmoon, L50, M|\n|poke|p1|Ogerpon-Wellspring, L50, F|\n|poke|p1|Chi-Yu, L50|\n|poke|p1|Iron Hands, L50|\n|poke|p1|Landorus-Therian, L50, M|\n|poke|p2|Tornadus, L50, M|\n|poke|p2|Mamoswine, L50, F|\n|poke|p2|Flutter Mane, L50|\n|poke|p2|Chi-Yu, L50|\n|poke|p2|Ogerpon-Wellspring, L50, F|\n|poke|p2|Iron Hands, L50|\n|teampreview|4\n|\n|t:|1699849741\n|start\n|switch|p1a: Ogerpon|Ogerpon-Wellspring, L50, F|100\/100\n|switch|p1b: Landorus|Landorus-Therian, L50, M|100\/100\n|switch|p2a: Mamoswine|Mamoswine, L50, F|100\/100\n|switch|p2b: Ogerpon|Ogerpon-Wellspring, L50, F|100\/100\n|-ability|p1b: Landorus|Intimidate|boost\n|-fail|p2a: Mamoswine|unboost|Attack|[from] ability: Oblivious|[of] p2a: Mamoswine\n|-unboost|p2b: Ogerpon|atk|1\n|turn|1\n|\n|t:|1699849769\n|move|p2b: Ogerpon|Follow Me|p2b: Ogerpon\n|-singleturn|p2b: Ogerpon|move: Follow Me\n|move|p2a: Mamoswine|Ice Shard|p1b: Landorus\n|-supereffective|p1b: Landorus\n|-damage|p1b: Landorus|5\/100\n|move|p1b: Landorus|U-turn|p2b: Ogerpon\n|-supereffective|p2b: Ogerpon\n|-damage|p2b: Ogerpon|40\/100\n|\n|t:|1699849777\n|switch|p1b: Dusclops|Dusclops, L50, F|100\/100|[from] U-turn\n|-ability|p1b: Dusclops|Pressure\n|move|p1a: Ogerpon|Horn Leech|p2b: Ogerpon\n|-damage|p2b: Ogerpon|0 fnt\n|faint|p2b: Ogerpon\n|\n|upkeep\n|\n|t:|1699849788\n|switch|p2b: Flutter Mane|Flutter Mane, L50|100\/100\n|turn|2\n|\n|t:|1699849801\n|-terastallize|p2b: Flutter Mane|Fairy\n|-terastallize|p1a: Ogerpon|Water\n|detailschange|p1a: Ogerpon|Ogerpon-Wellspring-Tera, L50, F, tera:Water\n|-ability|p1a: Ogerpon|Embody Aspect (Wellspring)|boost\n|-boost|p1a: Ogerpon|spd|1\n|move|p2a: Mamoswine|Ice Shard|p1a: Ogerpon\n|-resisted|p1a: Ogerpon\n|-damage|p1a: Ogerpon|91\/100\n|move|p2b: Flutter Mane|Shadow Ball|p1b: Dusclops\n|-supereffective|p1b: Dusclops\n|-damage|p1b: Dusclops|64\/100\n|move|p1a: Ogerpon|Ivy Cudgel|p2b: Flutter Mane\n|-damage|p2b: Flutter Mane|0 fnt\n|faint|p2b: Flutter Mane\n|-end|p2b: Flutter Mane|Protosynthesis|[silent]\n|move|p1b: Dusclops|Trick Room|p1b: Dusclops\n|-fieldstart|move: Trick Room|[of] p1b: Dusclops\n|\n|upkeep\n|\n|t:|1699849819\n|switch|p2b: Iron Hands|Iron Hands, L50|100\/100\n|turn|3\n|\n|t:|1699849841\n|move|p2b: Iron Hands|Fake Out|p1a: Ogerpon\n|-damage|p1a: Ogerpon|75\/100\n|move|p2a: Mamoswine|Ice Shard|p1b: Dusclops\n|-damage|p1b: Dusclops|49\/100\n|move|p1b: Dusclops|Will-O-Wisp|p2b: Iron Hands\n|-status|p2b: Iron Hands|brn\n|cant|p1a: Ogerpon|flinch\n|\n|-damage|p2b: Iron Hands|95\/100 brn|[from] brn\n|upkeep\n|turn|4\n|\n|t:|1699849862\n|move|p1b: Dusclops|Pain Split|p2b: Iron Hands\n|-sethp|p2b: Iron Hands|62\/100 brn|[from] move: Pain Split|[silent]\n|-sethp|p1b: Dusclops|100\/100|[from] move: Pain Split\n|move|p2b: Iron Hands|Wild Charge|p1a: Ogerpon\n|-supereffective|p1a: Ogerpon\n|-damage|p1a: Ogerpon|25\/100\n|-damage|p2b: Iron Hands|53\/100 brn|[from] Recoil\n|move|p1a: Ogerpon|Ivy Cudgel|p2a: Mamoswine\n|-supereffective|p2a: Mamoswine\n|-enditem|p2a: Mamoswine|Focus Sash\n|-damage|p2a: Mamoswine|1\/100\n|move|p2a: Mamoswine|Icicle Crash|p1b: Dusclops\n|-damage|p1b: Dusclops|72\/100\n|\n|-damage|p2b: Iron Hands|47\/100 brn|[from] brn\n|upkeep\n|turn|5\n|\n|t:|1699849891\n|move|p2a: Mamoswine|Protect|p2a: Mamoswine\n|-singleturn|p2a: Mamoswine|Protect\n|move|p1a: Ogerpon|Follow Me|p1a: Ogerpon\n|-singleturn|p1a: Ogerpon|move: Follow Me\n|move|p1b: Dusclops|Brick Break|p2a: Mamoswine\n|-activate|p2a: Mamoswine|move: Protect\n|move|p2b: Iron Hands|Wild Charge|p1a: Ogerpon\n|-supereffective|p1a: Ogerpon\n|-damage|p1a: Ogerpon|0 fnt\n|faint|p1a: Ogerpon\n|-damage|p2b: Iron Hands|42\/100 brn|[from] Recoil\n|\n|-damage|p2b: Iron Hands|36\/100 brn|[from] brn\n|upkeep\n|\n|t:|1699849903\n|switch|p1a: Ursaluna|Ursaluna-Bloodmoon, L50, M|100\/100\n|turn|6\n|\n|t:|1699849913\n|move|p2a: Mamoswine|Protect||[still]\n|-fail|p2a: Mamoswine\n|move|p1b: Dusclops|Brick Break|p2a: Mamoswine\n|-supereffective|p2a: Mamoswine\n|-damage|p2a: Mamoswine|0 fnt\n|faint|p2a: Mamoswine\n|move|p1a: Ursaluna|Earth Power|p2b: Iron Hands\n|-supereffective|p2b: Iron Hands\n|-damage|p2b: Iron Hands|0 fnt\n|faint|p2b: Iron Hands\n|-end|p2b: Iron Hands|Quark Drive|[silent]\n|\n|win|Disobedient_vgc\n|inactive|Disobedient_vgc has 50 seconds to confirm battle start!\n|inactive|Lbbones has 50 seconds to confirm battle start!\n|c|&|\/uhtml prompt-lbbones,Lbbones is ready for game 2!\n|c|&|\/uhtml prompt-lbbones,Lbbones is ready for game 2!\n|inactive|Disobedient_vgc has 40 seconds to confirm battle start!\n|c|&|\/uhtml prompt-lbbones,Lbbones is ready for game 2!\n|inactive|Disobedient_vgc has 30 seconds to confirm battle start!\n|c|&|\/uhtml prompt-disobedientvgc,Disobedient_vgc is ready for game 2!\nBoth players are ready! Starting next match!\n","uploadtime":1699849957,"views":12,"p1id":"disobedientvgc","p2id":"lbbones","formatid":"gen9vgc2023regulatione","rating":0,"private":0,"password":""}