{"id":"gen9vgc2023regulatione-1989194595","p1":"deathdragon25o","p2":"kodiedunn","format":"[Gen 9] VGC 2023 Regulation E","log":"|j|\u2606deathdragon25o\n|j|\u2606kodiedunn\n|n|\u2606deathdragon25o|deathdragon25o\n|n|\u2606kodiedunn|kodiedunn\n|html|View the match progress at <a href=\"\/game-bestof3-gen9vgc2023regulatione-1989191709\">game-bestof3-gen9vgc2023regulatione-1989191709<\/a>\n|t:|1699822136\n|gametype|doubles\n|player|p1|deathdragon25o|cress|\n|player|p2|kodiedunn|266|\n|teamsize|p1|6\n|teamsize|p2|6\n|gen|9\n|tier|[Gen 9] VGC 2023 Regulation E\n|rule|Species Clause: Limit one of each Pok\u00e9mon\n|rule|Item Clause: Limit one of each item\n|clearpoke\n|poke|p1|Moltres-Galar, L50|\n|poke|p1|Crocalor, L50, M|\n|poke|p1|Ceruledge, L50, F|\n|poke|p1|Iron Valiant, L50|\n|poke|p1|Hawlucha, L50, F|\n|poke|p1|Dragalge, L50, M|\n|poke|p2|Baxcalibur, L50, F|\n|poke|p2|Articuno, L50|\n|poke|p2|Chien-Pao, L50|\n|poke|p2|Froslass, L50, F|\n|poke|p2|Rotom-Frost, L50|\n|poke|p2|Mamoswine, L50, F|\n|teampreview|4\n|j| LackieLackey\n|j| Tuxmux\n|j| ryanogiggs11\n|j| F3athers\n|j| MunchVGC\n|c|\u2606deathdragon25o|glhf\n|l| LackieLackey\n|c|\u2606deathdragon25o|A\n|j| Stryke Out\n|j| LackieLackey\n|\n|t:|1699822278\n|start\n|switch|p1a: Hawlucha|Hawlucha, L50, F|100\/100\n|switch|p1b: Iron Valiant|Iron Valiant, L50|100\/100\n|switch|p2a: Chien-Pao|Chien-Pao, L50|100\/100\n|switch|p2b: Baxcalibur|Baxcalibur, L50, F|100\/100\n|-ability|p2a: Chien-Pao|Sword of Ruin\n|-enditem|p1b: Iron Valiant|Booster Energy\n|-activate|p1b: Iron Valiant|ability: Quark Drive|[fromitem]\n|-start|p1b: Iron Valiant|quarkdrivespe\n|turn|1\n|j| Jstardude\n|l| LackieLackey\n|c|\u2606deathdragon25o|A\n|j| LackieLackey\n|c| MunchVGC|A\n|\n|t:|1699822372\n|move|p2b: Baxcalibur|Ice Shard|p1a: Hawlucha\n|-supereffective|p1a: Hawlucha\n|-damage|p1a: Hawlucha|0 fnt\n|faint|p1a: Hawlucha\n|-damage|p2b: Baxcalibur|90\/100|[from] item: Life Orb\n|move|p1b: Iron Valiant|Dazzling Gleam|p2b: Baxcalibur|[spread] p2a,p2b\n|-supereffective|p2a: Chien-Pao\n|-supereffective|p2b: Baxcalibur\n|-damage|p2a: Chien-Pao|11\/100\n|-damage|p2b: Baxcalibur|29\/100\n|move|p2a: Chien-Pao|Ice Spinner|p1b: Iron Valiant\n|-damage|p1b: Iron Valiant|26\/100\n|\n|upkeep\n|\n|t:|1699822381\n|switch|p1a: Moltres|Moltres-Galar, L50|100\/100\n|turn|2\n|c| Jstardude|Where did hawlucha go?\n|c| ryanogiggs11|X-X\n|\n|t:|1699822446\n|-terastallize|p2b: Baxcalibur|Ice\n|-terastallize|p1a: Moltres|Fire\n|move|p2a: Chien-Pao|Ice Shard|p1b: Iron Valiant\n|-damage|p1b: Iron Valiant|0 fnt\n|faint|p1b: Iron Valiant\n|-end|p1b: Iron Valiant|Quark Drive|[silent]\n|move|p2b: Baxcalibur|Ice Shard|p1a: Moltres\n|-resisted|p1a: Moltres\n|-damage|p1a: Moltres|73\/100\n|-damage|p2b: Baxcalibur|19\/100|[from] item: Life Orb\n|move|p1a: Moltres|Sunny Day|p1a: Moltres\n|-weather|SunnyDay\n|\n|-weather|SunnyDay|[upkeep]\n|upkeep\n|\n|t:|1699822453\n|switch|p1b: Ceruledge|Ceruledge, L50, F|100\/100\n|turn|3\n|c|\u2606deathdragon25o|A\n|c| Tuxmux|A\n|c| ryanogiggs11|A\n|c| MunchVGC|A\n|c| F3athers|A\n|c|\u2606deathdragon25o|A\n|c| LackieLackey|A\n|c| MunchVGC|Power\n|\n|t:|1699822527\n|move|p1b: Ceruledge|Protect|p1b: Ceruledge\n|-singleturn|p1b: Ceruledge|Protect\n|move|p2b: Baxcalibur|Ice Shard|p1a: Moltres\n|-resisted|p1a: Moltres\n|-damage|p1a: Moltres|48\/100\n|-ability|p1a: Moltres|Berserk|boost\n|-boost|p1a: Moltres|spa|1\n|-damage|p2b: Baxcalibur|9\/100|[from] item: Life Orb\n|move|p2a: Chien-Pao|Crunch|p1a: Moltres\n|-damage|p1a: Moltres|0 fnt\n|faint|p1a: Moltres\n|\n|-weather|SunnyDay|[upkeep]\n|upkeep\n|turn|4\n|\n|t:|1699822552\n|move|p2a: Chien-Pao|Crunch|p1b: Ceruledge\n|-supereffective|p1b: Ceruledge\n|-enditem|p1b: Ceruledge|Focus Sash\n|-damage|p1b: Ceruledge|1\/100\n|-ability|p1b: Ceruledge|Weak Armor|boost\n|-unboost|p1b: Ceruledge|def|1\n|-boost|p1b: Ceruledge|spe|2\n|move|p1b: Ceruledge|Bitter Blade|p2a: Chien-Pao\n|-supereffective|p2a: Chien-Pao\n|-damage|p2a: Chien-Pao|0 fnt\n|-heal|p1b: Ceruledge|7\/100|[from] drain|[of] p2a: Chien-Pao\n|faint|p2a: Chien-Pao\n|move|p2b: Baxcalibur|Dragon Dance|p2b: Baxcalibur\n|-boost|p2b: Baxcalibur|atk|1\n|-boost|p2b: Baxcalibur|spe|1\n|\n|-weather|SunnyDay|[upkeep]\n|upkeep\n|\n|t:|1699822560\n|switch|p2a: Mamoswine|Mamoswine, L50, F|100\/100\n|turn|5\n|\n|t:|1699822565\n|move|p2b: Baxcalibur|Ice Shard|p1b: Ceruledge\n|-resisted|p1b: Ceruledge\n|-damage|p1b: Ceruledge|0 fnt\n|faint|p1b: Ceruledge\n|-damage|p2b: Baxcalibur|0 fnt|[from] item: Life Orb\n|faint|p2b: Baxcalibur\n|\n|win|kodiedunn\n|c|&|\/uhtml prompt-deathdragon25o,deathdragon25o is ready for game 3!\n|c|&|\/uhtml prompt-kodiedunn,kodiedunn is ready for game 3!\nBoth players are ready! Starting next match!\n|l| Stryke Out\n|l| MunchVGC\n|l| Jstardude\n","uploadtime":1699823164,"views":32,"p1id":"deathdragon25o","p2id":"kodiedunn","formatid":"gen9vgc2023regulatione","rating":0,"private":0,"password":""}