{"id":"gen9vgc2023regulatione-1991558129","p1":"Jard13255","p2":"Gutts1","format":"[Gen 9] VGC 2023 Regulation E","log":"|j|\u2606Jard13255\n|j|\u2606Gutts1\n|t:|1700088213\n|gametype|doubles\n|player|p1|Jard13255|psychic-gen4|1087\n|player|p2|Gutts1|101|1025\n|teamsize|p1|6\n|teamsize|p2|6\n|gen|9\n|tier|[Gen 9] VGC 2023 Regulation E\n|rated|\n|rule|Species Clause: Limit one of each Pok\u00e9mon\n|rule|Item Clause: Limit one of each item\n|clearpoke\n|poke|p1|Gyarados, L50, F|\n|poke|p1|Garganacl, L50, M|\n|poke|p1|Sinistcha, L50|\n|poke|p1|Iron Hands, L50|\n|poke|p1|Grimmsnarl, L50, M|\n|poke|p1|Glimmora, L50, M|\n|poke|p2|Ursaluna-Bloodmoon, L50, M|\n|poke|p2|Cresselia, L50, F|\n|poke|p2|Farigiraf, L50, M|\n|poke|p2|Indeedee-F, L50, F|\n|poke|p2|Armarouge, L50, M|\n|poke|p2|Gholdengo, L50|\n|teampreview|4\nJard13255 has agreed to open team sheets.\n|inactive|Battle timer is ON: inactive players will automatically lose when time's up. (requested by Gutts1)\nGutts1 rejected open team sheets.\n|inactive|Jard13255 has 60 seconds left.\n|\n|t:|1700088250\n|start\n|switch|p1a: Glimmora|Glimmora, L50, M|100\/100\n|switch|p1b: Grimmsnarl|Grimmsnarl, L50, M|100\/100\n|switch|p2a: Indeedee|Indeedee-F, L50, F|100\/100\n|switch|p2b: Armarouge|Armarouge, L50, M|100\/100\n|-fieldstart|move: Psychic Terrain|[from] ability: Psychic Surge|[of] p2a: Indeedee\n|turn|1\n|inactive|Gutts1 has 30 seconds left.\n|\n|t:|1700088285\n|-terastallize|p1a: Glimmora|Grass\n|move|p2a: Indeedee|Follow Me|p2a: Indeedee\n|-singleturn|p2a: Indeedee|move: Follow Me\n|move|p1b: Grimmsnarl|Light Screen|p1b: Grimmsnarl\n|-sidestart|p1: Jard13255|move: Light Screen\n|move|p1a: Glimmora|Mortal Spin|p2b: Armarouge|[spread] p2a,p2b\n|-damage|p2a: Indeedee|97\/100\n|-damage|p2b: Armarouge|96\/100\n|-status|p2a: Indeedee|psn\n|-status|p2b: Armarouge|psn\n|move|p2b: Armarouge|Expanding Force|p1a: Glimmora|[spread] p1a\n|-immune|p1b: Grimmsnarl\n|-damage|p1a: Glimmora|68\/100\n|\n|-damage|p2a: Indeedee|84\/100 psn|[from] psn\n|-damage|p2b: Armarouge|83\/100 psn|[from] psn\n|upkeep\n|turn|2\n|inactive|Gutts1 has 30 seconds left.\n|\n|t:|1700088313\n|switch|p1a: Garganacl|Garganacl, L50, M|100\/100\n|switch|p2a: Ursaluna|Ursaluna-Bloodmoon, L50, M|100\/100\n|switch|p2b: Cresselia|Cresselia, L50, F|100\/100\n|move|p1b: Grimmsnarl|Spirit Break|p2b: Cresselia\n|-damage|p2b: Cresselia|83\/100\n|-unboost|p2b: Cresselia|spa|1\n|\n|upkeep\n|turn|3\n|inactive|Gutts1 has 30 seconds left.\n|\n|t:|1700088345\n|move|p1b: Grimmsnarl|Spirit Break|p2a: Ursaluna\n|-damage|p2a: Ursaluna|80\/100\n|-unboost|p2a: Ursaluna|spa|1\n|move|p2a: Ursaluna|Blood Moon|p1b: Grimmsnarl\n|-damage|p1b: Grimmsnarl|67\/100\n|move|p1a: Garganacl|Stealth Rock|p2a: Ursaluna\n|-sidestart|p2: Gutts1|move: Stealth Rock\n|move|p2b: Cresselia|Trick Room|p2b: Cresselia\n|-fieldstart|move: Trick Room|[of] p2b: Cresselia\n|\n|upkeep\n|turn|4\n|inactive|Jard13255 has 30 seconds left.\n|\n|t:|1700088374\n|move|p1b: Grimmsnarl|Parting Shot|p2b: Cresselia\n|-unboost|p2b: Cresselia|atk|1\n|-unboost|p2b: Cresselia|spa|1\n|\n|t:|1700088380\n|switch|p1b: Glimmora|Glimmora, L50, M, tera:Grass|68\/100|[from] Parting Shot\n|move|p1a: Garganacl|Salt Cure|p2a: Ursaluna\n|-resisted|p2a: Ursaluna\n|-crit|p2a: Ursaluna\n|-damage|p2a: Ursaluna|72\/100\n|-start|p2a: Ursaluna|Salt Cure\n|move|p2a: Ursaluna|Earth Power|p1b: Glimmora\n|-resisted|p1b: Glimmora\n|-damage|p1b: Glimmora|61\/100\n|move|p2b: Cresselia|Lunar Blessing|p2b: Cresselia|[spread] p2a,p2b\n|-heal|p2a: Ursaluna|97\/100\n|-heal|p2b: Cresselia|100\/100\n|\n|-damage|p2a: Ursaluna|85\/100|[from] Salt Cure\n|upkeep\n|turn|5\n|inactive|Jard13255 has 30 seconds left.\n|inactive|Gutts1 has 30 seconds left.\n|inactive|Gutts1 has 20 seconds left.\n|inactive|Gutts1 has 15 seconds left.\n|\n|t:|1700088424\n|move|p2b: Cresselia|Ally Switch|p2b: Cresselia\n|swap|p2b: Cresselia|0|[from] move: Ally Switch\n|move|p1a: Garganacl|Salt Cure|p2b: Ursaluna\n|-resisted|p2b: Ursaluna\n|-damage|p2b: Ursaluna|80\/100\n|move|p2b: Ursaluna|Hyper Voice|p1a: Garganacl|[spread] p1a,p1b\n|-resisted|p1a: Garganacl\n|-damage|p1a: Garganacl|93\/100\n|-damage|p1b: Glimmora|50\/100\n|-enditem|p2b: Ursaluna|Throat Spray\n|-boost|p2b: Ursaluna|spa|1|[from] item: Throat Spray\n|move|p1b: Glimmora|Mortal Spin|p2a: Cresselia|[spread] p2a,p2b\n|-resisted|p2b: Ursaluna\n|-damage|p2a: Cresselia|98\/100\n|-damage|p2b: Ursaluna|78\/100\n|-status|p2a: Cresselia|psn\n|-status|p2b: Ursaluna|psn\n|\n|-heal|p1a: Garganacl|99\/100|[from] item: Leftovers\n|-damage|p2b: Ursaluna|66\/100 psn|[from] psn\n|-damage|p2a: Cresselia|86\/100 psn|[from] psn\n|-damage|p2b: Ursaluna|54\/100 psn|[from] Salt Cure\n|-fieldend|move: Psychic Terrain\n|upkeep\n|turn|6\n|inactive|Jard13255 has 30 seconds left.\n|inactive|Gutts1 has 30 seconds left.\n|\n|t:|1700088455\n|switch|p1b: Grimmsnarl|Grimmsnarl, L50, M|67\/100\n|move|p1a: Garganacl|Salt Cure|p2a: Cresselia\n|-damage|p2a: Cresselia|77\/100 psn\n|-start|p2a: Cresselia|Salt Cure\n|move|p2b: Ursaluna|Blood Moon|p1b: Grimmsnarl\n|-damage|p1b: Grimmsnarl|15\/100\n|move|p2a: Cresselia|Lunar Blessing|p2a: Cresselia|[spread] p2a,p2b\n|-heal|p2a: Cresselia|100\/100 psn\n|-curestatus|p2a: Cresselia|psn|[msg]\n|-heal|p2b: Ursaluna|79\/100 psn\n|-curestatus|p2b: Ursaluna|psn|[msg]\n|\n|-heal|p1a: Garganacl|100\/100|[from] item: Leftovers\n|-damage|p2b: Ursaluna|66\/100|[from] Salt Cure\n|-damage|p2a: Cresselia|88\/100|[from] Salt Cure\n|upkeep\n|turn|7\n|inactive|Jard13255 has 30 seconds left.\n|inactive|Gutts1 has 30 seconds left.\n|inactive|Gutts1 has 20 seconds left.\n|inactive|Gutts1 has 15 seconds left.\n|\n|t:|1700088498\n|move|p2a: Cresselia|Ally Switch|p2a: Cresselia\n|swap|p2a: Cresselia|1|[from] move: Ally Switch\n|move|p1b: Grimmsnarl|Parting Shot|p2b: Cresselia\n|-unboost|p2b: Cresselia|atk|1\n|-unboost|p2b: Cresselia|spa|1\n|\n|t:|1700088503\n|switch|p1b: Gyarados|Gyarados, L50, F|100\/100|[from] Parting Shot\n|-ability|p1b: Gyarados|Intimidate|boost\n|-unboost|p2a: Ursaluna|atk|1\n|-unboost|p2b: Cresselia|atk|1\n|move|p1a: Garganacl|Salt Cure|p2a: Ursaluna\n|-resisted|p2a: Ursaluna\n|-damage|p2a: Ursaluna|62\/100\n|move|p2a: Ursaluna|Hyper Voice|p1a: Garganacl|[spread] p1a,p1b\n|-resisted|p1a: Garganacl\n|-damage|p1a: Garganacl|90\/100\n|-damage|p1b: Gyarados|76\/100\n|\n|-heal|p1a: Garganacl|96\/100|[from] item: Leftovers\n|-damage|p2a: Ursaluna|50\/100|[from] Salt Cure\n|-damage|p2b: Cresselia|76\/100|[from] Salt Cure\n|-fieldend|move: Trick Room\n|upkeep\n|turn|8\n|inactive|Jard13255 has 30 seconds left.\n|inactive|Gutts1 has 30 seconds left.\n|\n|t:|1700088537\n|move|p2a: Ursaluna|Protect|p2a: Ursaluna\n|-singleturn|p2a: Ursaluna|Protect\n|move|p1b: Gyarados|Waterfall|p2a: Ursaluna\n|-activate|p2a: Ursaluna|move: Protect\n|move|p1a: Garganacl|Salt Cure|p2b: Cresselia\n|-damage|p2b: Cresselia|67\/100\n|move|p2b: Cresselia|Trick Room|p2b: Cresselia\n|-fieldstart|move: Trick Room|[of] p2b: Cresselia\n|\n|-heal|p1a: Garganacl|100\/100|[from] item: Leftovers\n|-damage|p2a: Ursaluna|37\/100|[from] Salt Cure\n|-damage|p2b: Cresselia|55\/100|[from] Salt Cure\n|-sideend|p1: Jard13255|move: Light Screen\n|upkeep\n|turn|9\n|\n|t:|1700088557\n|-terastallize|p2a: Ursaluna|Grass\n|move|p1a: Garganacl|Salt Cure|p2b: Cresselia\n|-damage|p2b: Cresselia|46\/100\n|move|p2a: Ursaluna|Blood Moon|p1b: Gyarados\n|-damage|p1b: Gyarados|7\/100\n|-enditem|p1b: Gyarados|Aguav Berry|[eat]\n|-heal|p1b: Gyarados|41\/100|[from] item: Aguav Berry\n|move|p2b: Cresselia|Lunar Blessing|p2b: Cresselia|[spread] p2a,p2b\n|-heal|p2a: Ursaluna|62\/100\n|-heal|p2b: Cresselia|71\/100\n|move|p1b: Gyarados|Waterfall|p2b: Cresselia\n|-damage|p2b: Cresselia|47\/100\n|\n|-damage|p2a: Ursaluna|50\/100|[from] Salt Cure\n|-damage|p2b: Cresselia|35\/100|[from] Salt Cure\n|upkeep\n|turn|10\n|inactive|Gutts1 has 30 seconds left.\n|\n|t:|1700088584\n|switch|p1a: Glimmora|Glimmora, L50, M, tera:Grass|50\/100\n|move|p1b: Gyarados|Protect|p1b: Gyarados\n|-singleturn|p1b: Gyarados|Protect\n|move|p2a: Ursaluna|Hyper Voice|p1b: Gyarados|[spread] p1a\n|-activate|p1b: Gyarados|move: Protect\n|-damage|p1a: Glimmora|23\/100\n|move|p2b: Cresselia|Lunar Blessing|p2b: Cresselia|[spread] p2a,p2b\n|-heal|p2a: Ursaluna|75\/100\n|-heal|p2b: Cresselia|60\/100\n|\n|-damage|p2a: Ursaluna|63\/100|[from] Salt Cure\n|-damage|p2b: Cresselia|48\/100|[from] Salt Cure\n|upkeep\n|turn|11\n|inactive|Jard13255 has 30 seconds left.\n|inactive|Jard13255 has 20 seconds left.\n|inactive|Jard13255 has 15 seconds left.\n|inactive|Jard13255 has 10 seconds left.\n|\n|t:|1700088630\n|switch|p1b: Garganacl|Garganacl, L50, M|100\/100\n|move|p2a: Ursaluna|Blood Moon|p1b: Garganacl\n|-resisted|p1b: Garganacl\n|-damage|p1b: Garganacl|72\/100\n|move|p2b: Cresselia|Lunar Blessing|p2b: Cresselia|[spread] p2a,p2b\n|-heal|p2a: Ursaluna|88\/100\n|-heal|p2b: Cresselia|73\/100\n|move|p1a: Glimmora|Mortal Spin|p2a: Ursaluna|[spread] p2a,p2b\n|-supereffective|p2a: Ursaluna\n|-damage|p2a: Ursaluna|80\/100\n|-damage|p2b: Cresselia|70\/100\n|-status|p2a: Ursaluna|psn\n|-status|p2b: Cresselia|psn\n|\n|-heal|p1b: Garganacl|77\/100|[from] item: Leftovers\n|-damage|p2a: Ursaluna|67\/100 psn|[from] psn\n|-damage|p2b: Cresselia|58\/100 psn|[from] psn\n|-damage|p2a: Ursaluna|55\/100 psn|[from] Salt Cure\n|-damage|p2b: Cresselia|45\/100 psn|[from] Salt Cure\n|upkeep\n|turn|12\n|inactive|Jard13255 has 30 seconds left.\n|inactive|Gutts1 has 30 seconds left.\n|\n|t:|1700088656\n|move|p1b: Garganacl|Salt Cure|p2b: Cresselia\n|-damage|p2b: Cresselia|37\/100 psn\n|move|p2a: Ursaluna|Hyper Voice|p1a: Glimmora|[spread] p1a,p1b\n|-resisted|p1b: Garganacl\n|-damage|p1a: Glimmora|0 fnt\n|-damage|p1b: Garganacl|63\/100\n|faint|p1a: Glimmora\n|move|p2b: Cresselia|Lunar Blessing|p2b: Cresselia|[spread] p2a,p2b\n|-heal|p2a: Ursaluna|80\/100 psn\n|-curestatus|p2a: Ursaluna|psn|[msg]\n|-heal|p2b: Cresselia|62\/100 psn\n|-curestatus|p2b: Cresselia|psn|[msg]\n|\n|-heal|p1b: Garganacl|69\/100|[from] item: Leftovers\n|-damage|p2a: Ursaluna|68\/100|[from] Salt Cure\n|-damage|p2b: Cresselia|50\/100|[from] Salt Cure\n|-fieldend|move: Trick Room\n|upkeep\n|\n|t:|1700088671\n|switch|p1a: Gyarados|Gyarados, L50, F|41\/100\n|-ability|p1a: Gyarados|Intimidate|boost\n|-unboost|p2a: Ursaluna|atk|1\n|-unboost|p2b: Cresselia|atk|1\n|turn|13\n|\n|t:|1700088685\n|move|p2a: Ursaluna|Protect|p2a: Ursaluna\n|-singleturn|p2a: Ursaluna|Protect\n|move|p1a: Gyarados|Taunt|p2b: Cresselia\n|-start|p2b: Cresselia|move: Taunt\n|-enditem|p2b: Cresselia|Mental Herb\n|-end|p2b: Cresselia|move: Taunt\n|move|p1b: Garganacl|Salt Cure|p2a: Ursaluna\n|-activate|p2a: Ursaluna|move: Protect\n|move|p2b: Cresselia|Trick Room|p2b: Cresselia\n|-fieldstart|move: Trick Room|[of] p2b: Cresselia\n|\n|-heal|p1b: Garganacl|74\/100|[from] item: Leftovers\n|-damage|p2a: Ursaluna|56\/100|[from] Salt Cure\n|-damage|p2b: Cresselia|38\/100|[from] Salt Cure\n|upkeep\n|turn|14\n|inactive|Jard13255 has 30 seconds left.\n|\n|t:|1700088710\n|move|p1a: Gyarados|Protect|p1a: Gyarados\n|-singleturn|p1a: Gyarados|Protect\n|move|p1b: Garganacl|Salt Cure|p2b: Cresselia\n|-damage|p2b: Cresselia|28\/100\n|move|p2a: Ursaluna|Blood Moon|p1a: Gyarados\n|-activate|p1a: Gyarados|move: Protect\n|move|p2b: Cresselia|Lunar Blessing|p2b: Cresselia|[spread] p2a,p2b\n|-heal|p2a: Ursaluna|80\/100\n|-heal|p2b: Cresselia|53\/100\n|\n|-heal|p1b: Garganacl|80\/100|[from] item: Leftovers\n|-damage|p2a: Ursaluna|68\/100|[from] Salt Cure\n|-damage|p2b: Cresselia|41\/100|[from] Salt Cure\n|upkeep\n|turn|15\n|\n|t:|1700088735\n|move|p1b: Garganacl|Salt Cure|p2b: Cresselia\n|-damage|p2b: Cresselia|32\/100\n|move|p2a: Ursaluna|Hyper Voice|p1b: Garganacl|[spread] p1a,p1b\n|-resisted|p1b: Garganacl\n|-damage|p1a: Gyarados|5\/100\n|-damage|p1b: Garganacl|64\/100\n|move|p2b: Cresselia|Lunar Blessing|p2b: Cresselia|[spread] p2a,p2b\n|-heal|p2a: Ursaluna|93\/100\n|-heal|p2b: Cresselia|57\/100\n|move|p1a: Gyarados|Dragon Tail|p2a: Ursaluna\n|-damage|p2a: Ursaluna|80\/100\n|drag|p2a: Armarouge|Armarouge, L50, M|83\/100 psn\n|-damage|p2a: Armarouge|58\/100 psn|[from] Stealth Rock\n|\n|-heal|p1b: Garganacl|70\/100|[from] item: Leftovers\n|-damage|p2a: Armarouge|46\/100 psn|[from] psn\n|-damage|p2b: Cresselia|45\/100|[from] Salt Cure\n|upkeep\n|turn|16\n|inactive|Jard13255 has 30 seconds left.\n|inactive|Gutts1 has 30 seconds left.\n|\n|t:|1700088767\n|switch|p2b: Indeedee|Indeedee-F, L50, F|84\/100 psn\n|-damage|p2b: Indeedee|72\/100 psn|[from] Stealth Rock\n|-fieldstart|move: Psychic Terrain|[from] ability: Psychic Surge|[of] p2b: Indeedee\n|move|p1a: Gyarados|Protect|p1a: Gyarados\n|-singleturn|p1a: Gyarados|Protect\n|move|p1b: Garganacl|Salt Cure|p2a: Armarouge\n|-supereffective|p2a: Armarouge\n|-damage|p2a: Armarouge|18\/100 psn\n|-start|p2a: Armarouge|Salt Cure\n|-enditem|p2a: Armarouge|Iapapa Berry|[eat]\n|-heal|p2a: Armarouge|51\/100 psn|[from] item: Iapapa Berry\n|move|p2a: Armarouge|Expanding Force|p1b: Garganacl|[spread] p1b\n|-activate|p1a: Gyarados|move: Protect\n|-damage|p1b: Garganacl|19\/100\n|\n|-heal|p1b: Garganacl|25\/100|[from] item: Leftovers\n|-damage|p2a: Armarouge|39\/100 psn|[from] psn\n|-damage|p2b: Indeedee|59\/100 psn|[from] psn\n|-damage|p2a: Armarouge|26\/100 psn|[from] Salt Cure\n|upkeep\n|turn|17\n|inactive|Gutts1 has 25 seconds left this turn.\n|inactive|Jard13255 has 30 seconds left.\n|inactive|Gutts1 has 20 seconds left.\n|inactive|Gutts1 has 15 seconds left.\n|inactive|Jard13255 has 20 seconds left.\n|inactive|Gutts1 has 10 seconds left.\n|inactive|Jard13255 has 15 seconds left.\n|inactive|Gutts1 has 5 seconds left.\n|\n|t:|1700088792\n|switch|p1b: Grimmsnarl|Grimmsnarl, L50, M|15\/100\n|move|p2b: Indeedee|Follow Me|p2b: Indeedee\n|-singleturn|p2b: Indeedee|move: Follow Me\n|move|p2a: Armarouge|Expanding Force|p1b: Grimmsnarl|[spread] p1a\n|-immune|p1b: Grimmsnarl\n|-damage|p1a: Gyarados|0 fnt\n|faint|p1a: Gyarados\n|\n|-damage|p2a: Armarouge|14\/100 psn|[from] psn\n|-damage|p2b: Indeedee|47\/100 psn|[from] psn\n|-damage|p2a: Armarouge|1\/100 psn|[from] Salt Cure\n|-fieldend|move: Trick Room\n|upkeep\n|inactive|Jard13255 has 15 seconds left this turn.\n|inactive|Gutts1 has 5 seconds left this turn.\n|inactive|Jard13255 has 10 seconds left.\n|\n|t:|1700088800\n|switch|p1a: Garganacl|Garganacl, L50, M|25\/100\n|turn|18\n|inactive|Jard13255 has 10 seconds left this turn.\n|inactive|Gutts1 has 5 seconds left this turn.\n|inactive|Jard13255 has 5 seconds left.\n|-message|Gutts1 lost due to inactivity.\n|\n|win|Jard13255\n|raw|Jard13255's rating: 1087 &rarr; <strong>1109<\/strong><br \/>(+22 for winning)\n|raw|Gutts1's rating: 1025 &rarr; <strong>1014<\/strong><br \/>(-11 for losing)\n|c|\u2606Jard13255|lol\n|c|\u2606Jard13255|gg\n","uploadtime":1700088826,"views":12,"p1id":"jard13255","p2id":"gutts1","formatid":"gen9vgc2023regulatione","rating":1014,"private":0,"password":""}