{"id":"gen9vgc2023regulatione-1990798465","p1":"lateralvs","p2":"bobforte22","format":"[Gen 9] VGC 2023 Regulation E","log":"|j|\u2606lateralvs\n|j|\u2606bobforte22\n|n|\u2606lateralvs|lateralvs\n|n|\u2606bobforte22|bobforte22\n|html|View the match progress at <a href=\"\/game-bestof3-gen9vgc2023regulatione-1990798464\">game-bestof3-gen9vgc2023regulatione-1990798464<\/a>\n|t:|1700001929\n|gametype|doubles\n|player|p1|lateralvs|giovanni|\n|player|p2|bobforte22|pilot|\n|teamsize|p1|6\n|teamsize|p2|6\n|gen|9\n|tier|[Gen 9] VGC 2023 Regulation E\n|rated|Tournament battle\n|rule|Species Clause: Limit one of each Pok\u00e9mon\n|rule|Item Clause: Limit one of each item\n|clearpoke\n|poke|p1|Iron Jugulis, L50|\n|poke|p1|Arcanine-Hisui, L50, M|\n|poke|p1|Iron Hands, L50|\n|poke|p1|Gholdengo, L50|\n|poke|p1|Amoonguss, L50, M|\n|poke|p1|Landorus-Therian, L50, M|\n|poke|p2|Chi-Yu, L50|\n|poke|p2|Jolteon, L50, F|\n|poke|p2|Iron Hands, L50|\n|poke|p2|Iron Bundle, L50|\n|poke|p2|Arcanine, L50, M|\n|poke|p2|Garchomp, L50, F|\n|teampreview|4\n|showteam|p1|Iron Jugulis||BoosterEnergy|QuarkDrive|AirSlash,Snarl,Tailwind,Taunt||||||50|,,,,,Ghost]Arcanine-Hisui||ChoiceBand|Intimidate|FlareBlitz,RockSlide,ExtremeSpeed,HeadSmash|||M|||50|,,,,,Normal]Iron Hands||AssaultVest|QuarkDrive|WildCharge,DrainPunch,HeavySlam,FakeOut||||||50|,,,,,Water]Gholdengo||Leftovers|GoodasGold|MakeItRain,ShadowBall,NastyPlot,Protect||||||50|,,,,,Dragon]Amoonguss||RockyHelmet|Regenerator|PollenPuff,Spore,RagePowder,ClearSmog|||M|||50|,,,,,Water]Landorus-Therian||ChoiceScarf|Intimidate|StompingTantrum,RockSlide,Uturn,TeraBlast|||M|||50|,,,,,Flying\n|showteam|p2|Chi-Yu||ChoiceSpecs|BeadsofRuin|DarkPulse,HeatWave,Flamethrower,TeraBlast||||||50|,,,,,Ghost]Jolteon||LifeOrb|VoltAbsorb|FakeTears,Protect,LightScreen,Thunderbolt|||F|||50|,,,,,Grass]Iron Hands||AssaultVest|QuarkDrive|FakeOut,TeraBlast,DrainPunch,WildCharge||||||50|,,,,,Fire]Iron Bundle||CovertCloak|QuarkDrive|FreezeDry,HydroPump,Protect,Encore||||||50|,,,,,Fairy]Arcanine||RockyHelmet|Intimidate|FlareBlitz,WillOWisp,Protect,Roar|||M|||50|,,,,,Water]Garchomp||SafetyGoggles|RoughSkin|StompingTantrum,Protect,TeraBlast,SwordsDance|||F|||50|,,,,,Ice\n|c|\u2606bobforte22|Glhf\n|inactive|Battle timer is ON: inactive players will automatically lose when time's up. (requested by lateralvs)\n|c|\u2606lateralvs|hf\n|inactive|bobforte22 has 60 seconds left.\n|\n|t:|1700001978\n|start\n|switch|p1a: Iron Hands|Iron Hands, L50|100\/100\n|switch|p1b: Gholdengo|Gholdengo, L50|100\/100\n|switch|p2a: Iron Hands|Iron Hands, L50|100\/100\n|switch|p2b: Iron Bundle|Iron Bundle, L50|100\/100\n|turn|1\n|inactive|lateralvs has 30 seconds left.\n|\n|t:|1700002010\n|-terastallize|p2a: Iron Hands|Fire\n|move|p1a: Iron Hands|Fake Out|p2b: Iron Bundle\n|-damage|p2b: Iron Bundle|88\/100\n|move|p2b: Iron Bundle|Freeze-Dry|p1b: Gholdengo\n|-resisted|p1b: Gholdengo\n|-damage|p1b: Gholdengo|88\/100\n|move|p1b: Gholdengo|Nasty Plot|p1b: Gholdengo\n|-boost|p1b: Gholdengo|spa|2\n|move|p2a: Iron Hands|Tera Blast|p1b: Gholdengo|[anim] Tera Blast Fire\n|-supereffective|p1b: Gholdengo\n|-damage|p1b: Gholdengo|9\/100\n|\n|-heal|p1b: Gholdengo|16\/100|[from] item: Leftovers\n|upkeep\n|turn|2\n|inactive|bobforte22 has 30 seconds left.\n|inactive|lateralvs has 30 seconds left.\n|inactive|bobforte22 has 20 seconds left.\n|inactive|bobforte22 has 15 seconds left.\n|inactive|bobforte22 has 10 seconds left.\n|inactive|bobforte22 has 5 seconds left.\n|\n|t:|1700002061\n|-end|p1a: Iron Hands|Quark Drive|[silent]\n|switch|p1a: Amoonguss|Amoonguss, L50, M|100\/100\n|move|p1b: Gholdengo|Protect|p1b: Gholdengo\n|-singleturn|p1b: Gholdengo|Protect\n|move|p2b: Iron Bundle|Encore||[still]\n|-fail|p2b: Iron Bundle\n|move|p2a: Iron Hands|Wild Charge|p1b: Gholdengo\n|-activate|p1b: Gholdengo|move: Protect\n|\n|-heal|p1b: Gholdengo|22\/100|[from] item: Leftovers\n|upkeep\n|turn|3\n|inactive|lateralvs has 30 seconds left.\n|inactive|bobforte22 has 30 seconds left.\n|\n|t:|1700002095\n|move|p2b: Iron Bundle|Protect|p2b: Iron Bundle\n|-singleturn|p2b: Iron Bundle|Protect\n|move|p1a: Amoonguss|Rage Powder|p1a: Amoonguss\n|-singleturn|p1a: Amoonguss|move: Rage Powder\n|move|p1b: Gholdengo|Shadow Ball|p2b: Iron Bundle\n|-activate|p2b: Iron Bundle|move: Protect\n|move|p2a: Iron Hands|Tera Blast|p1a: Amoonguss|[anim] Tera Blast Fire\n|-supereffective|p1a: Amoonguss\n|-damage|p1a: Amoonguss|24\/100\n|\n|-heal|p1b: Gholdengo|28\/100|[from] item: Leftovers\n|upkeep\n|turn|4\n|\n|t:|1700002117\n|switch|p1a: Iron Hands|Iron Hands, L50|100\/100\n|move|p1b: Gholdengo|Protect|p1b: Gholdengo\n|-singleturn|p1b: Gholdengo|Protect\n|move|p2b: Iron Bundle|Freeze-Dry|p1a: Iron Hands\n|-damage|p1a: Iron Hands|87\/100\n|-status|p1a: Iron Hands|frz\n|move|p2a: Iron Hands|Tera Blast|p1b: Gholdengo|[anim] Tera Blast Fire\n|-activate|p1b: Gholdengo|move: Protect\n|\n|-heal|p1b: Gholdengo|34\/100|[from] item: Leftovers\n|upkeep\n|turn|5\n|\n|t:|1700002139\n|-end|p1a: Iron Hands|Quark Drive|[silent]\n|switch|p1a: Landorus|Landorus-Therian, L50, M|100\/100\n|-ability|p1a: Landorus|Intimidate|boost\n|-unboost|p2a: Iron Hands|atk|1\n|-unboost|p2b: Iron Bundle|atk|1\n|move|p2b: Iron Bundle|Hydro Pump|p1b: Gholdengo\n|-damage|p1b: Gholdengo|0 fnt\n|faint|p1b: Gholdengo\n|move|p2a: Iron Hands|Drain Punch|p1a: Landorus\n|-resisted|p1a: Landorus\n|-damage|p1a: Landorus|88\/100\n|\n|upkeep\n|\n|t:|1700002148\n|switch|p1b: Amoonguss|Amoonguss, L50, M|58\/100\n|turn|6\n|\n|t:|1700002163\n|-end|p2a: Iron Hands|Quark Drive|[silent]\n|switch|p2a: Garchomp|Garchomp, L50, F|100\/100\n|move|p2b: Iron Bundle|Protect|p2b: Iron Bundle\n|-singleturn|p2b: Iron Bundle|Protect\n|move|p1a: Landorus|Rock Slide|p2b: Iron Bundle|[spread] p2a\n|-activate|p2b: Iron Bundle|move: Protect\n|-resisted|p2a: Garchomp\n|-damage|p2a: Garchomp|91\/100\n|move|p1b: Amoonguss|Spore|p2b: Iron Bundle\n|-activate|p2b: Iron Bundle|move: Protect\n|\n|upkeep\n|turn|7\n|\n|t:|1700002183\n|move|p1a: Landorus|Rock Slide|p2a: Garchomp|[spread] p2a,p2b\n|-resisted|p2a: Garchomp\n|-supereffective|p2b: Iron Bundle\n|-damage|p2a: Garchomp|81\/100\n|-damage|p2b: Iron Bundle|52\/100\n|move|p2b: Iron Bundle|Freeze-Dry|p1a: Landorus\n|-supereffective|p1a: Landorus\n|-damage|p1a: Landorus|0 fnt\n|faint|p1a: Landorus\n|move|p2a: Garchomp|Swords Dance|p2a: Garchomp\n|-boost|p2a: Garchomp|atk|2\n|move|p1b: Amoonguss|Spore|p2b: Iron Bundle\n|-status|p2b: Iron Bundle|slp|[from] move: Spore\n|\n|upkeep\n|\n|t:|1700002190\n|switch|p1a: Iron Hands|Iron Hands, L50|87\/100 frz\n|turn|8\n|-message|lateralvs forfeited.\n|\n|win|bobforte22\n|c|&|\/uhtml prompt-lateralvs,lateralvs is ready for game 2!\n","uploadtime":1700002202,"views":13,"p1id":"lateralvs","p2id":"bobforte22","formatid":"gen9vgc2023regulatione","rating":0,"private":0,"password":""}