{"id":"gen9vgc2023regulatione-1998292295","p1":"cl123","p2":"Shutu","format":"[Gen 9] VGC 2023 Regulation E","log":"|j|\u2606cl123\n|j|\u2606Shutu\n|t:|1700925610\n|gametype|doubles\n|player|p1|cl123|170|1269\n|player|p2|Shutu|waiter-gen4|1187\n|teamsize|p1|6\n|teamsize|p2|6\n|gen|9\n|tier|[Gen 9] VGC 2023 Regulation E\n|rated|\n|rule|Species Clause: Limit one of each Pok\u00e9mon\n|rule|Item Clause: Limit one of each item\n|clearpoke\n|poke|p1|Chien-Pao, L50|\n|poke|p1|Scizor, L50, F|\n|poke|p1|Chi-Yu, L50|\n|poke|p1|Perrserker, L50, M|\n|poke|p1|Dragonite, L50, F|\n|poke|p1|Munkidori, L50, M|\n|poke|p2|Lilligant-Hisui, L50, F|\n|poke|p2|Torkoal, L50, F|\n|poke|p2|Landorus-Therian, L50, M|\n|poke|p2|Flutter Mane, L50|\n|poke|p2|Baxcalibur, L50, F|\n|poke|p2|Talonflame, L50, F|\n|teampreview|4\n|inactive|Battle timer is ON: inactive players will automatically lose when time's up. (requested by Shutu)\n|inactive|cl123 has 60 seconds left.\n|\n|t:|1700925698\n|start\n|switch|p1a: Dragonite|Dragonite, L50, F|100\/100\n|switch|p1b: Chien-Pao|Chien-Pao, L50|100\/100\n|switch|p2a: Landorus|Landorus-Therian, L50, M|100\/100\n|switch|p2b: Torkoal|Torkoal, L50, F, shiny|100\/100\n|-ability|p2a: Landorus|Intimidate|boost\n|-fail|p1a: Dragonite|unboost|Attack|[from] ability: Inner Focus|[of] p1a: Dragonite\n|-unboost|p1b: Chien-Pao|atk|1\n|-ability|p1b: Chien-Pao|Sword of Ruin\n|-weather|SunnyDay|[from] ability: Drought|[of] p2b: Torkoal\n|turn|1\n|inactive|cl123 has 30 seconds left.\n|inactive|Shutu has 30 seconds left.\n|inactive|cl123 has 20 seconds left.\n|inactive|cl123 has 15 seconds left.\n|inactive|cl123 has 10 seconds left.\n|\n|t:|1700925744\n|-terastallize|p2a: Landorus|Water\n|-terastallize|p1a: Dragonite|Normal\n|move|p1a: Dragonite|Extreme Speed|p2a: Landorus\n|-crit|p2a: Landorus\n|-damage|p2a: Landorus|0 fnt\n|faint|p2a: Landorus\n|move|p1b: Chien-Pao|Sucker Punch|p2b: Torkoal\n|-damage|p2b: Torkoal|74\/100\n|move|p2b: Torkoal|Overheat|p1b: Chien-Pao\n|-supereffective|p1b: Chien-Pao\n|-enditem|p1b: Chien-Pao|Focus Sash\n|-damage|p1b: Chien-Pao|1\/100\n|-unboost|p2b: Torkoal|spa|2\n|-enditem|p2b: Torkoal|Eject Pack\n|\n|t:|1700925760\n|switch|p2b: Flutter Mane|Flutter Mane, L50, shiny|100\/100\n|-activate|p2b: Flutter Mane|ability: Protosynthesis\n|-start|p2b: Flutter Mane|protosynthesisspe\n|\n|-weather|SunnyDay|[upkeep]\n|upkeep\n|\n|t:|1700925767\n|switch|p2a: Lilligant|Lilligant-Hisui, L50, F, shiny|100\/100\n|turn|2\n|\n|t:|1700925779\n|move|p1a: Dragonite|Extreme Speed|p2a: Lilligant\n|-enditem|p2a: Lilligant|Focus Sash\n|-damage|p2a: Lilligant|1\/100\n|move|p1b: Chien-Pao|Sucker Punch|p2b: Flutter Mane\n|-damage|p2b: Flutter Mane|46\/100\n|move|p2a: Lilligant|Close Combat|p1a: Dragonite\n|-supereffective|p1a: Dragonite\n|-damage|p1a: Dragonite|0 fnt\n|-unboost|p2a: Lilligant|def|1\n|-unboost|p2a: Lilligant|spd|1\n|faint|p1a: Dragonite\n|move|p2b: Flutter Mane|Dazzling Gleam|p1b: Chien-Pao\n|-supereffective|p1b: Chien-Pao\n|-damage|p1b: Chien-Pao|0 fnt\n|faint|p1b: Chien-Pao\n|\n|-weather|SunnyDay|[upkeep]\n|upkeep\n|\n|t:|1700925798\n|switch|p1b: Munkidori|Munkidori, L50, M|100\/100\n|switch|p1a: Scizor|Scizor, L50, F|100\/100\n|-item|p2b: Flutter Mane|Choice Specs|[from] ability: Frisk|[of] p1b: Munkidori|[identify]\n|turn|3\n|inactive|cl123 has 30 seconds left.\n|inactive|cl123 has 20 seconds left.\n|inactive|cl123 has 15 seconds left.\n|inactive|Shutu has 30 seconds left.\n|inactive|cl123 has 10 seconds left.\n|\n|t:|1700925844\n|-end|p2b: Flutter Mane|Protosynthesis|[silent]\n|switch|p2b: Torkoal|Torkoal, L50, F, shiny|74\/100\n|move|p1b: Munkidori|Fake Out|p2a: Lilligant\n|-damage|p2a: Lilligant|0 fnt\n|faint|p2a: Lilligant\n|move|p1a: Scizor|Bullet Punch|p2b: Torkoal\n|-resisted|p2b: Torkoal\n|-damage|p2b: Torkoal|59\/100\n|-damage|p1a: Scizor|90\/100|[from] item: Life Orb\n|\n|-weather|SunnyDay|[upkeep]\n|upkeep\n|\n|t:|1700925851\n|switch|p2a: Flutter Mane|Flutter Mane, L50, shiny|46\/100\n|-activate|p2a: Flutter Mane|ability: Protosynthesis\n|-start|p2a: Flutter Mane|protosynthesisspe\n|turn|4\n|inactive|cl123 has 30 seconds left.\n|\n|t:|1700925879\n|move|p1a: Scizor|Bullet Punch|p2a: Flutter Mane\n|-supereffective|p2a: Flutter Mane\n|-damage|p2a: Flutter Mane|0 fnt\n|faint|p2a: Flutter Mane\n|-end|p2a: Flutter Mane|Protosynthesis|[silent]\n|-damage|p1a: Scizor|80\/100|[from] item: Life Orb\n|move|p1b: Munkidori|Psychic|p2b: Torkoal\n|-damage|p2b: Torkoal|9\/100\n|-unboost|p2b: Torkoal|spd|1\n|move|p2b: Torkoal|Overheat|p1a: Scizor\n|-supereffective|p1a: Scizor\n|-damage|p1a: Scizor|0 fnt\n|-unboost|p2b: Torkoal|spa|2\n|faint|p1a: Scizor\n|\n|-weather|SunnyDay|[upkeep]\n|upkeep\n|turn|5\n|-message|Shutu forfeited.\n|\n|win|cl123\n|raw|cl123's rating: 1269 &rarr; <strong>1288<\/strong><br \/>(+19 for winning)\n|raw|Shutu's rating: 1187 &rarr; <strong>1168<\/strong><br \/>(-19 for losing)\n|l|\u2606Shutu\n","uploadtime":1700925921,"views":11,"p1id":"cl123","p2id":"shutu","formatid":"gen9vgc2023regulatione","rating":1168,"private":0,"password":""}