{"id":"gen9vgc2023regulatione-1989266706","p1":"Mr.Fuji - no name","p2":"Saucey 8oi","format":"[Gen 9] VGC 2023 Regulation E","log":"|j|\u2606Mr.Fuji - no name\n|j|\u2606Saucey 8oi\n|t:|1699829791\n|gametype|doubles\n|player|p1|Mr.Fuji - no name|beauty-gen4dp|1511\n|player|p2|Saucey 8oi|riley|1376\n|teamsize|p1|6\n|teamsize|p2|6\n|gen|9\n|tier|[Gen 9] VGC 2023 Regulation E\n|rated|\n|rule|Species Clause: Limit one of each Pok\u00e9mon\n|rule|Item Clause: Limit one of each item\n|clearpoke\n|poke|p1|Roaring Moon, L50|\n|poke|p1|Weezing, L50, M|\n|poke|p1|Ogerpon-Wellspring, L50, F|\n|poke|p1|Iron Hands, L50|\n|poke|p1|Chi-Yu, L50|\n|poke|p1|Landorus-Therian, L50, M|\n|poke|p2|Dragapult, L50, F|\n|poke|p2|Clefairy, L50, F|\n|poke|p2|Ogerpon-Hearthflame, L50, F|\n|poke|p2|Gholdengo, L50|\n|poke|p2|Landorus-Therian, L50, M|\n|poke|p2|Chien-Pao, L50|\n|teampreview|4\n|inactive|Battle timer is ON: inactive players will automatically lose when time's up. (requested by Saucey 8oi)\n|inactive|Mr.Fuji - no name has 60 seconds left.\n|inactive|Saucey 8oi has 60 seconds left.\n|\n|t:|1699829843\n|start\n|switch|p1a: Weezing|Weezing, L50, M, shiny|100\/100\n|switch|p1b: Landorus|Landorus-Therian, L50, M|100\/100\n|switch|p2a: Dragapult|Dragapult, L50, F, shiny|100\/100\n|switch|p2b: Landorus|Landorus-Therian, L50, M, shiny|100\/100\n|-ability|p1a: Weezing|Neutralizing Gas\n|-block|p1b: Landorus|item: Ability Shield\n|-ability|p1b: Landorus|Intimidate|boost\n|-unboost|p2a: Dragapult|atk|1\n|-unboost|p2b: Landorus|atk|1\n|turn|1\n|\n|t:|1699829860\n|move|p1b: Landorus|Protect|p1b: Landorus\n|-singleturn|p1b: Landorus|Protect\n|move|p2a: Dragapult|Dragon Dance|p2a: Dragapult\n|-boost|p2a: Dragapult|atk|1\n|-boost|p2a: Dragapult|spe|1\n|move|p2b: Landorus|U-turn|p1b: Landorus\n|-activate|p1b: Landorus|move: Protect\n|move|p1a: Weezing|Will-O-Wisp|p2b: Landorus|[miss]\n|-miss|p1a: Weezing|p2b: Landorus\n|\n|upkeep\n|turn|2\n|inactive|Mr.Fuji - no name has 30 seconds left.\n|\n|t:|1699829892\n|move|p2a: Dragapult|Dragon Dance|p2a: Dragapult\n|-boost|p2a: Dragapult|atk|1\n|-boost|p2a: Dragapult|spe|1\n|move|p1b: Landorus|Stomping Tantrum|p2a: Dragapult\n|-damage|p2a: Dragapult|50\/100\n|move|p2b: Landorus|U-turn|p1b: Landorus\n|-resisted|p1b: Landorus\n|-damage|p1b: Landorus|91\/100\n|\n|t:|1699829901\n|switch|p2b: Clefairy|Clefairy, L50, F, shiny|100\/100|[from] U-turn\n|move|p1a: Weezing|Will-O-Wisp|p2a: Dragapult\n|-status|p2a: Dragapult|brn\n|-enditem|p2a: Dragapult|Lum Berry|[eat]\n|-curestatus|p2a: Dragapult|brn|[msg]\n|\n|upkeep\n|turn|3\n|\n|t:|1699829919\n|move|p2b: Clefairy|Follow Me|p2b: Clefairy\n|-singleturn|p2b: Clefairy|move: Follow Me\n|move|p2a: Dragapult|Dragon Dance|p2a: Dragapult\n|-boost|p2a: Dragapult|atk|1\n|-boost|p2a: Dragapult|spe|1\n|move|p1b: Landorus|Rock Slide|p2b: Clefairy|[spread] p2a,p2b\n|-damage|p2a: Dragapult|25\/100\n|-damage|p2b: Clefairy|81\/100\n|move|p1a: Weezing|Taunt|p2b: Clefairy\n|-start|p2b: Clefairy|move: Taunt\n|\n|upkeep\n|turn|4\n|\n|t:|1699829943\n|switch|p2b: Ogerpon|Ogerpon-Hearthflame, L50, F|100\/100\n|move|p2a: Dragapult|Protect|p2a: Dragapult\n|-singleturn|p2a: Dragapult|Protect\n|move|p1b: Landorus|Rock Slide|p2b: Ogerpon|[spread] \n|-activate|p2a: Dragapult|move: Protect\n|-miss|p1b: Landorus|p2b: Ogerpon\n|move|p1a: Weezing|Will-O-Wisp|p2a: Dragapult\n|-activate|p2a: Dragapult|move: Protect\n|\n|upkeep\n|turn|5\n|c|\u2606Mr.Fuji - no name|how lucky you wanna be?\n|inactive|Mr.Fuji - no name has 30 seconds left.\n|\n|t:|1699829970\n|-terastallize|p2a: Dragapult|Steel\n|move|p1b: Landorus|Protect|p1b: Landorus\n|-singleturn|p1b: Landorus|Protect\n|move|p2b: Ogerpon|Follow Me|p2b: Ogerpon\n|-singleturn|p2b: Ogerpon|move: Follow Me\n|move|p2a: Dragapult|Dragon Dance|p2a: Dragapult\n|-boost|p2a: Dragapult|atk|1\n|-boost|p2a: Dragapult|spe|1\n|move|p1a: Weezing|Will-O-Wisp|p2b: Ogerpon\n|-immune|p2b: Ogerpon\n|\n|upkeep\n|turn|6\n|\n|t:|1699829992\n|move|p2b: Ogerpon|Follow Me|p2b: Ogerpon\n|-singleturn|p2b: Ogerpon|move: Follow Me\n|move|p2a: Dragapult|Dragon Darts|p1a: Weezing\n|-damage|p1a: Weezing|56\/100\n|-anim|p2a: Dragapult|Dragon Darts|p1b: Landorus\n|-damage|p1b: Landorus|30\/100\n|move|p1b: Landorus|Rock Slide|p2b: Ogerpon|[spread] p2a,p2b\n|-resisted|p2a: Dragapult\n|-supereffective|p2b: Ogerpon\n|-damage|p2a: Dragapult|12\/100\n|-damage|p2b: Ogerpon|54\/100\n|move|p1a: Weezing|Taunt|p2b: Ogerpon\n|-start|p2b: Ogerpon|move: Taunt\n|\n|upkeep\n|turn|7\n|\n|t:|1699830015\n|switch|p2b: Clefairy|Clefairy, L50, F, shiny|81\/100\n|move|p1b: Landorus|Protect|p1b: Landorus\n|-singleturn|p1b: Landorus|Protect\n|move|p2a: Dragapult|Dragon Darts|p1a: Weezing\n|-damage|p1a: Weezing|7\/100\n|-enditem|p1a: Weezing|Sitrus Berry|[eat]\n|-heal|p1a: Weezing|32\/100|[from] item: Sitrus Berry\n|-anim|p2a: Dragapult|Dragon Darts|p1a: Weezing\n|-damage|p1a: Weezing|0 fnt\n|faint|p1a: Weezing\n|-end|p1a: Weezing|ability: Neutralizing Gas\n|\n|upkeep\n|\n|t:|1699830027\n|switch|p1a: Chi-Yu|Chi-Yu, L50|100\/100\n|-ability|p1a: Chi-Yu|Beads of Ruin\n|turn|8\n|inactive|Saucey 8oi has 30 seconds left.\n|inactive|Saucey 8oi has 20 seconds left.\n|inactive|Saucey 8oi has 15 seconds left.\n|inactive|Saucey 8oi has 10 seconds left.\n|\n|t:|1699830076\n|move|p2b: Clefairy|Helping Hand|p2a: Dragapult\n|-singleturn|p2a: Dragapult|Helping Hand|[of] p2b: Clefairy\n|move|p2a: Dragapult|Dragon Darts|p1a: Chi-Yu\n|-crit|p1a: Chi-Yu\n|-damage|p1a: Chi-Yu|0 fnt\n|-anim|p2a: Dragapult|Dragon Darts|p1b: Landorus\n|-damage|p1b: Landorus|0 fnt\n|faint|p1a: Chi-Yu\n|faint|p1b: Landorus\n|\n|upkeep\n|c|\u2606Mr.Fuji - no name|and crit too\n|n|!Mr.Fuji - no name|mrfujinoname\n|inactive|Mr.Fuji - no name has 30 seconds left.\n|\n|t:|1699830105\n|switch|p1b: Roaring Moon|Roaring Moon, L50, shiny|100\/100\n|-enditem|p1b: Roaring Moon|Booster Energy\n|-activate|p1b: Roaring Moon|ability: Protosynthesis|[fromitem]\n|-start|p1b: Roaring Moon|protosynthesisspe\n|turn|9\n|-message|Mr.Fuji - no name forfeited.\n|\n|win|Saucey 8oi\n|raw|Mr.Fuji - no name's rating: 1511 &rarr; <strong>1484<\/strong><br \/>(-27 for losing)\n|raw|Saucey 8oi's rating: 1376 &rarr; <strong>1403<\/strong><br \/>(+27 for winning)\n","uploadtime":1699830098,"views":10,"p1id":"mrfujinoname","p2id":"saucey8oi","formatid":"gen9vgc2023regulatione","rating":1403,"private":0,"password":""}