{"id":"gen9vgc2023regulatione-1989274094","p1":"Marcostap","p2":"bb_hachi8","format":"[Gen 9] VGC 2023 Regulation E","log":"|j|\u2606Marcostap\n|j|\u2606bb_hachi8\n|n|\u2606Marcostap|marcostap\n|n|\u2606bb_hachi8|bbhachi8\n|html|View the match progress at <a href=\"\/game-bestof3-gen9vgc2023regulatione-1989274093\">game-bestof3-gen9vgc2023regulatione-1989274093<\/a>\n|t:|1699830619\n|gametype|doubles\n|player|p1|Marcostap|cynthia-gen4|\n|player|p2|bb_hachi8|veteranf|\n|teamsize|p1|6\n|teamsize|p2|6\n|gen|9\n|tier|[Gen 9] VGC 2023 Regulation E\n|rule|Species Clause: Limit one of each Pok\u00e9mon\n|rule|Item Clause: Limit one of each item\n|clearpoke\n|poke|p1|Rillaboom, L50, F|\n|poke|p1|Pelipper, L50, M|\n|poke|p1|Palafin, L50, M|\n|poke|p1|Ursaluna-Bloodmoon, L50, M|\n|poke|p1|Dusclops, L50, F|\n|poke|p1|Cresselia, L50, F|\n|poke|p2|Tornadus, L50, M|\n|poke|p2|Arcanine-Hisui, L50, M|\n|poke|p2|Iron Hands, L50|\n|poke|p2|Urshifu-*, L50, M|\n|poke|p2|Sinistcha, L50|\n|poke|p2|Chien-Pao, L50|\n|teampreview|4\nbb_hachi8 has agreed to open team sheets.\nMarcostap has agreed to open team sheets.\n|showteam|p1|Rillaboom||AssaultVest|GrassySurge|FakeOut,Uturn,GrassyGlide,WoodHammer|||F|||50|,,,,,Grass]Pelipper||Leftovers|Drizzle|Hurricane,HelpingHand,WideGuard,Protect|||M|||50|,,,,,Flying]Palafin||ChoiceBand|ZerotoHero|JetPunch,WaveCrash,FlipTurn,DrainPunch|||M|||50|,,,,,Fighting]Ursaluna-Bloodmoon||LifeOrb|MindsEye|Protect,EarthPower,BloodMoon,HyperVoice|||M|||50|,,,,,Normal]Dusclops||Eviolite|Pressure|NightShade,WillOWisp,PainSplit,TrickRoom|||F|||50|,,,,,Poison]Cresselia||RockyHelmet|Levitate|LunarBlessing,Psychic,HelpingHand,Protect|||F|||50|,,,,,Psychic\n|showteam|p2|Tornadus||SharpBeak|Prankster|BleakwindStorm,Tailwind,Taunt,Leer|||M|||50|,,,,,Ghost]Arcanine-Hisui||ChoiceBand|Intimidate|ExtremeSpeed,RockSlide,FlareBlitz,TeraBlast|||M|||50|,,,,,Fairy]Iron Hands||ClearAmulet|QuarkDrive|FakeOut,WildCharge,CloseCombat,IcePunch||||||50|,,,,,Grass]Urshifu-Rapid-Strike||ChoiceScarf|UnseenFist|SurgingStrikes,AquaJet,CloseCombat,Uturn|||M|||50|,,,,,Water]Sinistcha||SitrusBerry|Heatproof|NastyPlot,RagePowder,ShadowBall,MatchaGotcha||||||50|,,,,,Steel]Chien-Pao||FocusSash|SwordofRuin|IceSpinner,SuckerPunch,LashOut,Protect||||||50|,,,,,Ghost\n|j| lucasarreguy\n|j| PSmonteiro\n|c| lucasarreguy|podem come\u00e7ar\n|j| Yuri\n|\n|t:|1699830744\n|start\n|switch|p1a: Pelipper|Pelipper, L50, M|100\/100\n|switch|p1b: Rillaboom|Rillaboom, L50, F|100\/100\n|switch|p2a: Baguera|Arcanine-Hisui, L50, M, shiny|100\/100\n|switch|p2b: Thatcher|Iron Hands, L50|100\/100\n|-ability|p2a: Baguera|Intimidate|boost\n|-unboost|p1a: Pelipper|atk|1\n|-unboost|p1b: Rillaboom|atk|1\n|-fieldstart|move: Grassy Terrain|[from] ability: Grassy Surge|[of] p1b: Rillaboom\n|-weather|RainDance|[from] ability: Drizzle|[of] p1a: Pelipper\n|turn|1\n|j| Rebornsan93\n|\n|t:|1699830797\n|switch|p2a: Dollynho|Sinistcha, L50|100\/100\n|switch|p1a: Palafin|Palafin, L50, M|100\/100\n|move|p2b: Thatcher|Fake Out|p1a: Palafin\n|-damage|p1a: Palafin|85\/100\n|move|p1b: Rillaboom|Fake Out|p2b: Thatcher\n|-damage|p2b: Thatcher|93\/100\n|\n|-weather|RainDance|[upkeep]\n|-heal|p2b: Thatcher|99\/100|[from] Grassy Terrain\n|-heal|p1a: Palafin|91\/100|[from] Grassy Terrain\n|upkeep\n|turn|2\n|\n|t:|1699830856\n|move|p2b: Thatcher|Wild Charge|p1a: Palafin\n|-supereffective|p1a: Palafin\n|-crit|p1a: Palafin\n|-damage|p1a: Palafin|0 fnt\n|faint|p1a: Palafin\n|-damage|p2b: Thatcher|81\/100|[from] Recoil\n|move|p2a: Dollynho|Matcha Gotcha|p1b: Rillaboom\n|-resisted|p1b: Rillaboom\n|-damage|p1b: Rillaboom|78\/100\n|move|p1b: Rillaboom|U-turn|p2a: Dollynho\n|-damage|p2a: Dollynho|83\/100\n|\n|t:|1699830868\n|switch|p1b: Ursaluna|Ursaluna-Bloodmoon, L50, M|100\/100|[from] U-turn\n|\n|-weather|RainDance|[upkeep]\n|-heal|p2b: Thatcher|87\/100|[from] Grassy Terrain\n|-heal|p2a: Dollynho|89\/100|[from] Grassy Terrain\n|upkeep\n|\n|t:|1699830875\n|switch|p1a: Rillaboom|Rillaboom, L50, F|78\/100\n|turn|3\n|\n|t:|1699830927\n|-terastallize|p1b: Ursaluna|Normal\n|move|p1a: Rillaboom|Fake Out|p2b: Thatcher\n|-damage|p2b: Thatcher|76\/100\n|move|p2a: Dollynho|Rage Powder|p2a: Dollynho\n|-singleturn|p2a: Dollynho|move: Rage Powder\n|cant|p2b: Thatcher|flinch\n|move|p1b: Ursaluna|Hyper Voice|p2b: Thatcher|[spread] p2a,p2b\n|-crit|p2b: Thatcher\n|-damage|p2a: Dollynho|17\/100\n|-damage|p2b: Thatcher|0 fnt\n|-enditem|p2a: Dollynho|Sitrus Berry|[eat]\n|-heal|p2a: Dollynho|42\/100|[from] item: Sitrus Berry\n|faint|p2b: Thatcher\n|-end|p2b: Thatcher|Quark Drive|[silent]\n|-damage|p1b: Ursaluna|91\/100|[from] item: Life Orb\n|\n|-weather|RainDance|[upkeep]\n|-heal|p2a: Dollynho|48\/100|[from] Grassy Terrain\n|-heal|p1a: Rillaboom|85\/100|[from] Grassy Terrain\n|-heal|p1b: Ursaluna|97\/100|[from] Grassy Terrain\n|upkeep\n|\n|t:|1699830951\n|switch|p2b: Sherekan|Chien-Pao, L50|100\/100\n|-ability|p2b: Sherekan|Sword of Ruin\n|turn|4\n|\n|t:|1699830992\n|switch|p2a: Baguera|Arcanine-Hisui, L50, M, shiny|100\/100\n|-ability|p2a: Baguera|Intimidate|boost\n|-unboost|p1a: Rillaboom|atk|1\n|-unboost|p1b: Ursaluna|atk|1\n|switch|p1a: Pelipper|Pelipper, L50, M|100\/100\n|move|p2b: Sherekan|Ice Spinner|p1b: Ursaluna\n|-damage|p1b: Ursaluna|61\/100\n|-fieldend|move: Grassy Terrain\n|move|p1b: Ursaluna|Hyper Voice|p2a: Baguera|[spread] p2a,p2b\n|-resisted|p2a: Baguera\n|-damage|p2a: Baguera|61\/100\n|-enditem|p2b: Sherekan|Focus Sash\n|-damage|p2b: Sherekan|1\/100\n|-damage|p1b: Ursaluna|52\/100|[from] item: Life Orb\n|\n|-weather|RainDance|[upkeep]\n|upkeep\n|turn|5\n|l| Yuri\n|\n|t:|1699831039\n|-terastallize|p2a: Baguera|Fairy\n|move|p1b: Ursaluna|Protect|p1b: Ursaluna\n|-singleturn|p1b: Ursaluna|Protect\n|move|p2a: Baguera|Extreme Speed|p1b: Ursaluna\n|-activate|p1b: Ursaluna|move: Protect\n|move|p2b: Sherekan|Ice Spinner|p1b: Ursaluna\n|-activate|p1b: Ursaluna|move: Protect\n|move|p1a: Pelipper|Hurricane|p2b: Sherekan\n|-damage|p2b: Sherekan|0 fnt\n|faint|p2b: Sherekan\n|\n|-weather|none\n|upkeep\n|\n|t:|1699831052\n|switch|p2b: Dollynho|Sinistcha, L50|48\/100\n|turn|6\n|\n|t:|1699831069\n|move|p2a: Baguera|Extreme Speed|p1b: Ursaluna\n|-damage|p1b: Ursaluna|23\/100\n|move|p2b: Dollynho|Matcha Gotcha|p1a: Pelipper|[spread] p1a,p1b\n|-crit|p1a: Pelipper\n|-damage|p1a: Pelipper|44\/100\n|-heal|p2b: Dollynho|75\/100|[from] drain|[of] p1a: Pelipper\n|-damage|p1b: Ursaluna|0 fnt\n|-heal|p2b: Dollynho|86\/100|[from] drain|[of] p1b: Ursaluna\n|-status|p1a: Pelipper|brn\n|faint|p1b: Ursaluna\n|move|p1a: Pelipper|Hurricane|p2b: Dollynho\n|-supereffective|p2b: Dollynho\n|-damage|p2b: Dollynho|9\/100\n|\n|-heal|p1a: Pelipper|50\/100 brn|[from] item: Leftovers\n|-damage|p1a: Pelipper|44\/100 brn|[from] brn\n|upkeep\n|j| Yuri\n|\n|t:|1699831084\n|switch|p1b: Rillaboom|Rillaboom, L50, F|85\/100\n|-fieldstart|move: Grassy Terrain|[from] ability: Grassy Surge|[of] p1b: Rillaboom\n|turn|7\n|\n|t:|1699831139\n|move|p2a: Baguera|Extreme Speed|p1b: Rillaboom\n|-damage|p1b: Rillaboom|50\/100\n|move|p2b: Dollynho|Rage Powder|p2b: Dollynho\n|-singleturn|p2b: Dollynho|move: Rage Powder\n|move|p1b: Rillaboom|Grassy Glide|p2b: Dollynho\n|-resisted|p2b: Dollynho\n|-damage|p2b: Dollynho|0 fnt\n|faint|p2b: Dollynho\n|move|p1a: Pelipper|Hurricane|p2a: Baguera|[miss]\n|-miss|p1a: Pelipper|p2a: Baguera\n|\n|-heal|p2a: Baguera|68\/100|[from] Grassy Terrain\n|-heal|p1b: Rillaboom|57\/100|[from] Grassy Terrain\n|-heal|p1a: Pelipper|50\/100 brn|[from] item: Leftovers\n|-damage|p1a: Pelipper|44\/100 brn|[from] brn\n|upkeep\n|turn|8\n|\n|t:|1699831162\n|move|p1a: Pelipper|Helping Hand|p1b: Rillaboom\n|-singleturn|p1b: Rillaboom|Helping Hand|[of] p1a: Pelipper\n|move|p2a: Baguera|Extreme Speed|p1b: Rillaboom\n|-damage|p1b: Rillaboom|22\/100\n|move|p1b: Rillaboom|Wood Hammer|p2a: Baguera\n|-damage|p2a: Baguera|0 fnt\n|faint|p2a: Baguera\n|-damage|p1b: Rillaboom|0 fnt|[from] Recoil\n|faint|p1b: Rillaboom\n|\n|win|Marcostap\n|c|\u2606bb_hachi8|gg\n|inactive|Marcostap has 50 seconds to confirm battle start!\n|inactive|bb_hachi8 has 50 seconds to confirm battle start!\n|c|&|\/uhtml prompt-bbhachi8,bb_hachi8 is ready for game 2!\n","uploadtime":1699831176,"views":19,"p1id":"marcostap","p2id":"bbhachi8","formatid":"gen9vgc2023regulatione","rating":0,"private":0,"password":""}