{"id":"gen9vgc2023regulatione-1989127353","p1":"keltxu","p2":"Luxsage","format":"[Gen 9] VGC 2023 Regulation E","log":"|j|\u2606keltxu\n|j|\u2606Luxsage\n|t:|1699815158\n|gametype|doubles\n|player|p1|keltxu|101|1082\n|player|p2|Luxsage|volkner|1169\n|teamsize|p1|6\n|teamsize|p2|6\n|gen|9\n|tier|[Gen 9] VGC 2023 Regulation E\n|rated|\n|rule|Species Clause: Limit one of each Pok\u00e9mon\n|rule|Item Clause: Limit one of each item\n|clearpoke\n|poke|p1|Iron Bundle, L50|\n|poke|p1|Ninetales-Alola, L50, M|\n|poke|p1|Baxcalibur, L50, F|\n|poke|p1|Chien-Pao, L50|\n|poke|p1|Froslass, L50, F|\n|poke|p1|Glastrier, L50|\n|poke|p2|Pyroar, L50, F|\n|poke|p2|Tornadus, L50, M|\n|poke|p2|Ogerpon-Wellspring, L50, F|\n|poke|p2|Chi-Yu, L50|\n|poke|p2|Sandy Shocks, L50|\n|poke|p2|Tauros-Paldea-Aqua, L50, M|\n|teampreview|4\n|inactive|Battle timer is ON: inactive players will automatically lose when time's up. (requested by Luxsage)\n|inactive|keltxu has 60 seconds left.\n|inactive|Luxsage has 60 seconds left.\n|\n|t:|1699815192\n|start\n|switch|p1a: Ninetales|Ninetales-Alola, L50, M|100\/100\n|switch|p1b: Glastrier|Glastrier, L50|100\/100\n|switch|p2a: Tornadus|Tornadus, L50, M|100\/100\n|switch|p2b: Sandy Shocks|Sandy Shocks, L50|100\/100\n|-weather|Snow|[from] ability: Snow Warning|[of] p1a: Ninetales\n|turn|1\n|inactive|Luxsage has 30 seconds left.\n|inactive|keltxu has 30 seconds left.\n|inactive|Luxsage has 20 seconds left.\n|\n|t:|1699815230\n|move|p2a: Tornadus|Sunny Day|p2a: Tornadus\n|-weather|SunnyDay\n|-activate|p2b: Sandy Shocks|ability: Protosynthesis\n|-start|p2b: Sandy Shocks|protosynthesisspe\n|move|p2b: Sandy Shocks|Volt Switch|p1b: Glastrier\n|-damage|p1b: Glastrier|78\/100\n|-damage|p2b: Sandy Shocks|91\/100|[from] item: Life Orb\n|\n|t:|1699815243\n|-end|p2b: Sandy Shocks|Protosynthesis|[silent]\n|switch|p2b: Chi-Yu|Chi-Yu, L50|100\/100|[from] Volt Switch\n|-ability|p2b: Chi-Yu|Beads of Ruin\n|move|p1a: Ninetales|Icy Wind|p2b: Chi-Yu|[spread] p2a,p2b\n|-supereffective|p2a: Tornadus\n|-resisted|p2b: Chi-Yu\n|-damage|p2a: Tornadus|65\/100\n|-damage|p2b: Chi-Yu|94\/100\n|-unboost|p2b: Chi-Yu|spe|1\n|move|p1b: Glastrier|Icicle Crash|p2b: Chi-Yu\n|-resisted|p2b: Chi-Yu\n|-damage|p2b: Chi-Yu|57\/100\n|\n|-weather|SunnyDay|[upkeep]\n|upkeep\n|turn|2\n|inactive|Luxsage has 30 seconds left.\n|\n|t:|1699815268\n|switch|p1a: Froslass|Froslass, L50, F|100\/100\n|-terastallize|p1b: Glastrier|Dragon\n|move|p2a: Tornadus|Tailwind|p2a: Tornadus\n|-sidestart|p2: Luxsage|move: Tailwind\n|move|p2b: Chi-Yu|Heat Wave|p1b: Glastrier|[spread] p1a\n|-miss|p2b: Chi-Yu|p1b: Glastrier\n|-supereffective|p1a: Froslass\n|-damage|p1a: Froslass|0 fnt\n|faint|p1a: Froslass\n|move|p1b: Glastrier|High Horsepower|p2b: Chi-Yu\n|-supereffective|p2b: Chi-Yu\n|-damage|p2b: Chi-Yu|0 fnt\n|faint|p2b: Chi-Yu\n|-ability|p1b: Glastrier|Chilling Neigh|boost\n|-boost|p1b: Glastrier|atk|1\n|\n|-weather|SunnyDay|[upkeep]\n|upkeep\n|inactive|Luxsage has 30 seconds left.\n|\n|t:|1699815298\n|switch|p1a: Iron Bundle|Iron Bundle, L50|100\/100\n|switch|p2b: Pyroar|Pyroar, L50, F, shiny|100\/100\n|-ability|p2b: Pyroar|Unnerve\n|-enditem|p1a: Iron Bundle|Booster Energy\n|-activate|p1a: Iron Bundle|ability: Quark Drive|[fromitem]\n|-start|p1a: Iron Bundle|quarkdrivespe\n|turn|3\n|inactive|Luxsage has 30 seconds left.\n|inactive|Luxsage has 20 seconds left.\n|\n|t:|1699815338\n|-end|p1a: Iron Bundle|Quark Drive|[silent]\n|switch|p1a: Ninetales|Ninetales-Alola, L50, M|100\/100\n|-weather|Snow|[from] ability: Snow Warning|[of] p1a: Ninetales\n|move|p2b: Pyroar|Hyper Voice|p1a: Ninetales|[spread] p1a,p1b\n|-damage|p1a: Ninetales|71\/100\n|-damage|p1b: Glastrier|63\/100\n|-enditem|p2b: Pyroar|Throat Spray\n|-boost|p2b: Pyroar|spa|1|[from] item: Throat Spray\n|move|p2a: Tornadus|Bleakwind Storm|p1a: Ninetales|[spread] p1a\n|-miss|p2a: Tornadus|p1b: Glastrier\n|-damage|p1a: Ninetales|37\/100\n|move|p1b: Glastrier|Icicle Crash|p2a: Tornadus\n|-supereffective|p2a: Tornadus\n|-damage|p2a: Tornadus|0 fnt\n|faint|p2a: Tornadus\n|-ability|p1b: Glastrier|Chilling Neigh|boost\n|-boost|p1b: Glastrier|atk|1\n|\n|-weather|Snow|[upkeep]\n|upkeep\n|\n|t:|1699815358\n|switch|p2a: Sandy Shocks|Sandy Shocks, L50|91\/100\n|turn|4\n|\n|t:|1699815373\n|-terastallize|p2a: Sandy Shocks|Ice\n|move|p2a: Sandy Shocks|Tera Blast|p1b: Glastrier|[anim] Tera Blast Ice\n|-supereffective|p1b: Glastrier\n|-damage|p1b: Glastrier|5\/100\n|-damage|p2a: Sandy Shocks|81\/100|[from] item: Life Orb\n|move|p2b: Pyroar|Tera Blast|p1a: Ninetales\n|-damage|p1a: Ninetales|0 fnt\n|faint|p1a: Ninetales\n|move|p1b: Glastrier|High Horsepower|p2b: Pyroar\n|-supereffective|p2b: Pyroar\n|-damage|p2b: Pyroar|0 fnt\n|faint|p2b: Pyroar\n|-ability|p1b: Glastrier|Chilling Neigh|boost\n|-boost|p1b: Glastrier|atk|1\n|\n|-weather|Snow|[upkeep]\n|upkeep\n|\n|t:|1699815384\n|switch|p1a: Iron Bundle|Iron Bundle, L50|100\/100\n|turn|5\n|\n|t:|1699815401\n|move|p1a: Iron Bundle|Protect|p1a: Iron Bundle\n|-singleturn|p1a: Iron Bundle|Protect\n|move|p2a: Sandy Shocks|Thunderbolt|p1a: Iron Bundle\n|-activate|p1a: Iron Bundle|move: Protect\n|move|p1b: Glastrier|Body Press|p2a: Sandy Shocks\n|-supereffective|p2a: Sandy Shocks\n|-damage|p2a: Sandy Shocks|39\/100\n|\n|-weather|Snow|[upkeep]\n|-sideend|p2: Luxsage|move: Tailwind\n|upkeep\n|turn|6\n|\n|t:|1699815418\n|move|p1a: Iron Bundle|Blizzard|p2a: Sandy Shocks\n|-resisted|p2a: Sandy Shocks\n|-damage|p2a: Sandy Shocks|7\/100\n|move|p2a: Sandy Shocks|Thunderbolt|p1a: Iron Bundle\n|-supereffective|p1a: Iron Bundle\n|-damage|p1a: Iron Bundle|0 fnt\n|faint|p1a: Iron Bundle\n|-end|p1a: Iron Bundle|Quark Drive|[silent]\n|-damage|p2a: Sandy Shocks|0 fnt|[from] item: Life Orb\n|faint|p2a: Sandy Shocks\n|-end|p2a: Sandy Shocks|Protosynthesis|[silent]\n|\n|win|keltxu\n|raw|keltxu's rating: 1082 &rarr; <strong>1116<\/strong><br \/>(+34 for winning)\n|raw|Luxsage's rating: 1169 &rarr; <strong>1138<\/strong><br \/>(-31 for losing)\n|l|\u2606keltxu\n","uploadtime":1699815764,"views":31,"p1id":"keltxu","p2id":"luxsage","formatid":"gen9vgc2023regulatione","rating":1116,"private":0,"password":""}