{"id":"gen9vgc2023regulatione-1997654926","p1":"Cyalia12","p2":"Mastrota89","format":"[Gen 9] VGC 2023 Regulation E","log":"|j|\u2606Cyalia12\n|j|\u2606Mastrota89\n|n|\u2606Cyalia12|cyalia12\n|n|\u2606Mastrota89|mastrota89\n|html|View the match progress at <a href=\"\/game-bestof3-gen9vgc2023regulatione-1997654925\">game-bestof3-gen9vgc2023regulatione-1997654925<\/a>\n|t:|1700838116\n|gametype|doubles\n|player|p1|Cyalia12|youngster-gen4dp|\n|player|p2|Mastrota89|thorton|\n|teamsize|p1|6\n|teamsize|p2|6\n|gen|9\n|tier|[Gen 9] VGC 2023 Regulation E\n|rule|Species Clause: Limit one of each Pok\u00e9mon\n|rule|Item Clause: Limit one of each item\n|clearpoke\n|poke|p1|Arcanine-Hisui, L50, F|\n|poke|p1|Chien-Pao, L50|\n|poke|p1|Rillaboom, L50, M|\n|poke|p1|Gholdengo, L50|\n|poke|p1|Tornadus, L50, M|\n|poke|p1|Urshifu-*, L50, F|\n|poke|p2|Amoonguss, L50, F|\n|poke|p2|Landorus-Therian, L50, M|\n|poke|p2|Flutter Mane, L50|\n|poke|p2|Iron Hands, L50|\n|poke|p2|Roaring Moon, L50|\n|poke|p2|Heatran, L50, M|\n|teampreview|4\nMastrota89 has agreed to open team sheets.\nCyalia12 has agreed to open team sheets.\n|showteam|p1|Arcanine-Hisui||ChoiceBand|Intimidate|ExtremeSpeed,FlareBlitz,RockSlide,TeraBlast|||F|||50|,,,,,Fairy]Chien-Pao||FocusSash|SwordofRuin|IcicleCrash,SuckerPunch,SacredSword,Protect||||||50|,,,,,Ghost]Rillaboom||AssaultVest|GrassySurge|WoodHammer,HighHorsepower,GrassyGlide,FakeOut|||M|||50|,,,,,Fire]Gholdengo||Leftovers|GoodasGold|Protect,MakeItRain,ShadowBall,NastyPlot||||||50|,,,,,Dragon]Tornadus||RockyHelmet|Prankster|Tailwind,BleakwindStorm,Taunt,RainDance|||M|||50|,,,,,Steel]Urshifu-Rapid-Strike||MysticWater|UnseenFist|SurgingStrikes,CloseCombat,AquaJet,Detect|||F|||50|,,,,,Water\n|showteam|p2|Amoonguss||RockyHelmet|Regenerator|Protect,RagePowder,Spore,PollenPuff|||F|||50|,,,,,Water]Landorus-Therian||ChoiceScarf|Intimidate|RockSlide,TeraBlast,StompingTantrum,Uturn|||M|||50|,,,,,Flying]Flutter Mane||ChoiceSpecs|Protosynthesis|DazzlingGleam,Moonblast,ShadowBall,PerishSong||||||50|,,,,,Fairy]Iron Hands||AssaultVest|QuarkDrive|WildCharge,FakeOut,VoltSwitch,DrainPunch||||||50|,,,,,Water]Roaring Moon||BoosterEnergy|Protosynthesis|Protect,Acrobatics,DragonDance,KnockOff||||||50|,,,,,Flying]Heatran||Leftovers|FlashFire|MagmaStorm,Protect,Substitute,EarthPower|||M|||50|,,,,,Fairy\n|\n|t:|1700838258\n|start\n|switch|p1a: Tornadus|Tornadus, L50, M|100\/100\n|switch|p1b: Urshifu|Urshifu-Rapid-Strike, L50, F|100\/100\n|switch|p2a: Heatran|Heatran, L50, M, shiny|100\/100\n|switch|p2b: Iron Hands|Iron Hands, L50, shiny|100\/100\n|turn|1\n|\n|t:|1700838303\n|move|p1b: Urshifu|Detect|p1b: Urshifu\n|-singleturn|p1b: Urshifu|Protect\n|move|p2b: Iron Hands|Fake Out|p1b: Urshifu\n|-activate|p1b: Urshifu|move: Protect\n|move|p1a: Tornadus|Rain Dance|p1a: Tornadus\n|-weather|RainDance\n|move|p2a: Heatran|Substitute|p2a: Heatran\n|-start|p2a: Heatran|Substitute\n|-damage|p2a: Heatran|75\/100\n|\n|-weather|RainDance|[upkeep]\n|-heal|p2a: Heatran|82\/100|[from] item: Leftovers\n|upkeep\n|turn|2\n|\n|t:|1700838405\n|-terastallize|p2b: Iron Hands|Water\n|move|p1b: Urshifu|Surging Strikes|p2a: Heatran\n|-supereffective|p2a: Heatran\n|-crit|p2a: Heatran\n|-end|p2a: Heatran|Substitute\n|-supereffective|p2a: Heatran\n|-crit|p2a: Heatran\n|-damage|p2a: Heatran|18\/100\n|-supereffective|p2a: Heatran\n|-crit|p2a: Heatran\n|-damage|p2a: Heatran|0 fnt\n|faint|p2a: Heatran\n|-hitcount|p2: Heatran|3\n|move|p1a: Tornadus|Bleakwind Storm|p2b: Iron Hands\n|-damage|p2b: Iron Hands|80\/100\n|move|p2b: Iron Hands|Wild Charge|p1b: Urshifu\n|-supereffective|p1b: Urshifu\n|-damage|p1b: Urshifu|3\/100\n|-damage|p2b: Iron Hands|62\/100|[from] Recoil\n|\n|-weather|RainDance|[upkeep]\n|upkeep\n|\n|t:|1700838444\n|switch|p2a: Amoonguss|Amoonguss, L50, F, shiny|100\/100\n|turn|3\n|\n|t:|1700838480\n|switch|p1b: Rillaboom|Rillaboom, L50, M|100\/100\n|-fieldstart|move: Grassy Terrain|[from] ability: Grassy Surge|[of] p1b: Rillaboom\n|move|p2a: Amoonguss|Rage Powder|p2a: Amoonguss\n|-singleturn|p2a: Amoonguss|move: Rage Powder\n|move|p1a: Tornadus|Bleakwind Storm|p2a: Amoonguss|[spread] p2a,p2b\n|-supereffective|p2a: Amoonguss\n|-damage|p2a: Amoonguss|42\/100\n|-damage|p2b: Iron Hands|45\/100\n|-unboost|p2b: Iron Hands|spe|1\n|move|p2b: Iron Hands|Wild Charge|p1a: Tornadus\n|-supereffective|p1a: Tornadus\n|-damage|p1a: Tornadus|18\/100\n|-damage|p2b: Iron Hands|29\/100|[from] item: Rocky Helmet|[of] p1a: Tornadus\n|-damage|p2b: Iron Hands|14\/100|[from] Recoil\n|\n|-weather|RainDance|[upkeep]\n|-heal|p2a: Amoonguss|48\/100|[from] Grassy Terrain\n|-heal|p2b: Iron Hands|20\/100|[from] Grassy Terrain\n|upkeep\n|turn|4\n|\n|t:|1700838532\n|switch|p2a: Landorus|Landorus-Therian, L50, M, shiny|100\/100\n|-ability|p2a: Landorus|Intimidate|boost\n|-unboost|p1a: Tornadus|atk|1\n|-unboost|p1b: Rillaboom|atk|1\n|move|p1a: Tornadus|Tailwind|p1a: Tornadus\n|-sidestart|p1: Cyalia12|move: Tailwind\n|move|p1b: Rillaboom|Wood Hammer|p2b: Iron Hands\n|-supereffective|p2b: Iron Hands\n|-damage|p2b: Iron Hands|0 fnt\n|faint|p2b: Iron Hands\n|-end|p2b: Iron Hands|Quark Drive|[silent]\n|-damage|p1b: Rillaboom|92\/100|[from] Recoil\n|\n|-weather|RainDance|[upkeep]\n|-heal|p1b: Rillaboom|98\/100|[from] Grassy Terrain\n|upkeep\n|\n|t:|1700838545\n|switch|p2b: Amoonguss|Amoonguss, L50, F, shiny|81\/100\n|turn|5\n|\n|t:|1700838557\n|move|p2b: Amoonguss|Protect|p2b: Amoonguss\n|-singleturn|p2b: Amoonguss|Protect\n|move|p1a: Tornadus|Bleakwind Storm|p2a: Landorus|[spread] p2a\n|-activate|p2b: Amoonguss|move: Protect\n|-damage|p2a: Landorus|66\/100\n|move|p1b: Rillaboom|Wood Hammer|p2a: Landorus\n|-damage|p2a: Landorus|13\/100\n|-damage|p1b: Rillaboom|82\/100|[from] Recoil\n|move|p2a: Landorus|Rock Slide|p1a: Tornadus|[spread] p1a,p1b\n|-supereffective|p1a: Tornadus\n|-damage|p1a: Tornadus|0 fnt\n|-damage|p1b: Rillaboom|64\/100\n|faint|p1a: Tornadus\n|\n|-weather|none\n|-heal|p1b: Rillaboom|70\/100|[from] Grassy Terrain\n|-heal|p2b: Amoonguss|87\/100|[from] Grassy Terrain\n|upkeep\n|\n|t:|1700838567\n|switch|p1a: Gholdengo|Gholdengo, L50|100\/100\n|turn|6\n|\n|t:|1700838587\n|-terastallize|p1a: Gholdengo|Dragon\n|move|p1b: Rillaboom|Grassy Glide|p2a: Landorus\n|-damage|p2a: Landorus|0 fnt\n|faint|p2a: Landorus\n|move|p1a: Gholdengo|Nasty Plot|p1a: Gholdengo\n|-boost|p1a: Gholdengo|spa|2\n|move|p2b: Amoonguss|Pollen Puff|p2: Landorus|[notarget]\n|-fail|p2b: Amoonguss\n|\n|-heal|p1b: Rillaboom|76\/100|[from] Grassy Terrain\n|-heal|p2b: Amoonguss|93\/100|[from] Grassy Terrain\n|upkeep\n|turn|7\n|-message|Mastrota89 forfeited.\n|\n|win|Cyalia12\n|c|\u2606Mastrota89|gg\n|c|&|\/uhtml prompt-mastrota89,Mastrota89 is ready for game 2!\n|c|\u2606Cyalia12|gg\n|inactive|Cyalia12 has 50 seconds to confirm battle start!\n","uploadtime":1700838604,"views":25,"p1id":"cyalia12","p2id":"mastrota89","formatid":"gen9vgc2023regulatione","rating":0,"private":0,"password":""}