{"id":"gen9vgc2023regulatione-1989748621","p1":"Dagnuel","p2":"qz231113","format":"[Gen 9] VGC 2023 Regulation E","log":"|j|\u2606Dagnuel\n|j|\u2606qz231113\n|t:|1699892423\n|gametype|doubles\n|player|p1|Dagnuel|102|1268\n|player|p2|qz231113|102|1247\n|teamsize|p1|6\n|teamsize|p2|6\n|gen|9\n|tier|[Gen 9] VGC 2023 Regulation E\n|rated|\n|rule|Species Clause: Limit one of each Pok\u00e9mon\n|rule|Item Clause: Limit one of each item\n|clearpoke\n|poke|p1|Ogerpon-Cornerstone, L50, F|\n|poke|p1|Weezing-Galar, L50, M|\n|poke|p1|Iron Jugulis, L50|\n|poke|p1|Volcarona, L50, F|\n|poke|p1|Annihilape, L50, F|\n|poke|p1|Iron Bundle, L50|\n|poke|p2|Tornadus, L50, M|\n|poke|p2|Volcarona, L50, M|\n|poke|p2|Basculegion, L50, M|\n|poke|p2|Ludicolo, L50, F|\n|poke|p2|Scizor, L50, M|\n|poke|p2|Flutter Mane, L50|\n|teampreview|4\n|inactive|Battle timer is ON: inactive players will automatically lose when time's up. (requested by Dagnuel)\n|\n|t:|1699892457\n|start\n|switch|p1a: Shmokeshtack|Weezing-Galar, L50, M|100\/100\n|switch|p1b: Kris Pringle|Iron Bundle, L50|100\/100\n|switch|p2a: Tornadus|Tornadus, L50, M|100\/100\n|switch|p2b: Basculegion|Basculegion, L50, M|100\/100\n|-ability|p1a: Shmokeshtack|Neutralizing Gas\n|turn|1\n|inactive|Dagnuel has 30 seconds left.\n|\n|t:|1699892482\n|move|p1b: Kris Pringle|Freeze-Dry|p2a: Tornadus\n|-supereffective|p2a: Tornadus\n|-damage|p2a: Tornadus|12\/100\n|move|p2a: Tornadus|Tailwind|p2a: Tornadus\n|-sidestart|p2: qz231113|move: Tailwind\n|move|p2b: Basculegion|Flip Turn|p1a: Shmokeshtack\n|-damage|p1a: Shmokeshtack|62\/100\n|\n|t:|1699892491\n|switch|p2b: Scizor|Scizor, L50, M|100\/100|[from] Flip Turn\n|move|p1a: Shmokeshtack|Will-O-Wisp|p2b: Scizor\n|-status|p2b: Scizor|brn\n|\n|-heal|p1a: Shmokeshtack|67\/100|[from] item: Black Sludge\n|-damage|p2b: Scizor|94\/100 brn|[from] brn\n|upkeep\n|turn|2\n|\n|t:|1699892508\n|move|p1a: Shmokeshtack|Protect|p1a: Shmokeshtack\n|-singleturn|p1a: Shmokeshtack|Protect\n|move|p2a: Tornadus|Rain Dance|p2a: Tornadus\n|-weather|RainDance\n|move|p1b: Kris Pringle|Icy Wind|p2b: Scizor|[spread] p2a,p2b\n|-supereffective|p2a: Tornadus\n|-resisted|p2b: Scizor\n|-damage|p2a: Tornadus|0 fnt\n|-damage|p2b: Scizor|81\/100 brn\n|-unboost|p2b: Scizor|spe|1\n|faint|p2a: Tornadus\n|move|p2b: Scizor|Swords Dance|p2b: Scizor\n|-boost|p2b: Scizor|atk|2\n|\n|-weather|RainDance|[upkeep]\n|-heal|p2b: Scizor|87\/100 brn|[from] item: Leftovers\n|-heal|p1a: Shmokeshtack|73\/100|[from] item: Black Sludge\n|-damage|p2b: Scizor|81\/100 brn|[from] brn\n|upkeep\n|\n|t:|1699892518\n|switch|p2a: Volcarona|Volcarona, L50, M|100\/100\n|turn|3\n|\n|t:|1699892536\n|-end|p1a: Shmokeshtack|ability: Neutralizing Gas\n|switch|p1a: Honeycomb|Annihilape, L50, F|100\/100\n|-terastallize|p2a: Volcarona|Water\n|move|p2b: Scizor|Bullet Punch|p1a: Honeycomb\n|-damage|p1a: Honeycomb|69\/100\n|move|p2a: Volcarona|Quiver Dance|p2a: Volcarona\n|-boost|p2a: Volcarona|spa|1\n|-boost|p2a: Volcarona|spd|1\n|-boost|p2a: Volcarona|spe|1\n|move|p1b: Kris Pringle|Hydro Pump|p2a: Volcarona\n|-resisted|p2a: Volcarona\n|-damage|p2a: Volcarona|77\/100\n|\n|-weather|RainDance|[upkeep]\n|-heal|p2b: Scizor|87\/100 brn|[from] item: Leftovers\n|-heal|p1a: Honeycomb|75\/100|[from] item: Leftovers\n|-damage|p2b: Scizor|81\/100 brn|[from] brn\n|upkeep\n|turn|4\n|\n|t:|1699892555\n|move|p2a: Volcarona|Giga Drain|p1b: Kris Pringle\n|-supereffective|p1b: Kris Pringle\n|-enditem|p1b: Kris Pringle|Focus Sash\n|-damage|p1b: Kris Pringle|1\/100\n|-heal|p2a: Volcarona|100\/100|[from] drain|[of] p1b: Kris Pringle\n|move|p1b: Kris Pringle|Freeze-Dry|p2a: Volcarona\n|-supereffective|p2a: Volcarona\n|-crit|p2a: Volcarona\n|-damage|p2a: Volcarona|7\/100\n|move|p2b: Scizor|Dual Wingbeat|p1a: Honeycomb\n|-supereffective|p1a: Honeycomb\n|-damage|p1a: Honeycomb|25\/100\n|-supereffective|p1a: Honeycomb\n|-damage|p1a: Honeycomb|0 fnt\n|faint|p1a: Honeycomb\n|-hitcount|p1: Honeycomb|2\n|\n|-weather|RainDance|[upkeep]\n|-heal|p2b: Scizor|87\/100 brn|[from] item: Leftovers\n|-damage|p2b: Scizor|81\/100 brn|[from] brn\n|-sideend|p2: qz231113|move: Tailwind\n|upkeep\n|\n|t:|1699892565\n|switch|p1a: Jugglypuff|Iron Jugulis, L50|100\/100\n|-enditem|p1a: Jugglypuff|Booster Energy\n|-activate|p1a: Jugglypuff|ability: Quark Drive|[fromitem]\n|-start|p1a: Jugglypuff|quarkdrivespe\n|turn|5\n|\n|t:|1699892586\n|-terastallize|p1a: Jugglypuff|Steel\n|move|p1b: Kris Pringle|Protect|p1b: Kris Pringle\n|-singleturn|p1b: Kris Pringle|Protect\n|move|p2b: Scizor|Bullet Punch|p1b: Kris Pringle\n|-activate|p1b: Kris Pringle|move: Protect\n|move|p1a: Jugglypuff|Tailwind|p1a: Jugglypuff\n|-sidestart|p1: Dagnuel|move: Tailwind\n|move|p2a: Volcarona|Tera Blast|p1a: Jugglypuff|[anim] Tera Blast Water\n|-damage|p1a: Jugglypuff|2\/100\n|\n|-weather|RainDance|[upkeep]\n|-heal|p2b: Scizor|87\/100 brn|[from] item: Leftovers\n|-damage|p2b: Scizor|81\/100 brn|[from] brn\n|upkeep\n|turn|6\n|\n|t:|1699892605\n|move|p2b: Scizor|Bullet Punch|p1b: Kris Pringle\n|-damage|p1b: Kris Pringle|0 fnt\n|faint|p1b: Kris Pringle\n|-end|p1b: Kris Pringle|Quark Drive|[silent]\n|move|p1a: Jugglypuff|Hurricane|p2a: Volcarona\n|-damage|p2a: Volcarona|0 fnt\n|faint|p2a: Volcarona\n|\n|-weather|RainDance|[upkeep]\n|-heal|p2b: Scizor|87\/100 brn|[from] item: Leftovers\n|-damage|p2b: Scizor|81\/100 brn|[from] brn\n|upkeep\n|\n|t:|1699892612\n|switch|p1b: Shmokeshtack|Weezing-Galar, L50, M|73\/100\n|switch|p2a: Basculegion|Basculegion, L50, M|100\/100\n|-ability|p1b: Shmokeshtack|Neutralizing Gas\n|turn|7\n|\n|t:|1699892622\n|move|p2a: Basculegion|Aqua Jet|p1b: Shmokeshtack\n|-damage|p1b: Shmokeshtack|33\/100\n|move|p2b: Scizor|Bullet Punch|p1a: Jugglypuff\n|-resisted|p1a: Jugglypuff\n|-damage|p1a: Jugglypuff|0 fnt\n|faint|p1a: Jugglypuff\n|-end|p1a: Jugglypuff|Quark Drive|[silent]\n|move|p1b: Shmokeshtack|Will-O-Wisp|p2a: Basculegion|[miss]\n|-miss|p1b: Shmokeshtack|p2a: Basculegion\n|\n|-weather|RainDance|[upkeep]\n|-heal|p1b: Shmokeshtack|39\/100|[from] item: Black Sludge\n|-heal|p2b: Scizor|87\/100 brn|[from] item: Leftovers\n|-damage|p2b: Scizor|81\/100 brn|[from] brn\n|upkeep\n|turn|8\n|-message|Dagnuel forfeited.\n|\n|win|qz231113\n|raw|Dagnuel's rating: 1268 &rarr; <strong>1241<\/strong><br \/>(-27 for losing)\n|raw|qz231113's rating: 1247 &rarr; <strong>1274<\/strong><br \/>(+27 for winning)\n|l|\u2606Dagnuel\n","uploadtime":1699892637,"views":7,"p1id":"dagnuel","p2id":"qz231113","formatid":"gen9vgc2023regulatione","rating":1241,"private":0,"password":""}