{"id":"gen9vgc2023regulatione-1988104637","p1":"Axeldraken","p2":"ZeFantasma","format":"[Gen 9] VGC 2023 Regulation E","log":"|j|\u2606Axeldraken\n|j|\u2606ZeFantasma\n|t:|1699670073\n|gametype|doubles\n|player|p1|Axeldraken|lance|1400\n|player|p2|ZeFantasma|red|1337\n|teamsize|p1|6\n|teamsize|p2|6\n|gen|9\n|tier|[Gen 9] VGC 2023 Regulation E\n|rated|\n|rule|Species Clause: Limit one of each Pok\u00e9mon\n|rule|Item Clause: Limit one of each item\n|clearpoke\n|poke|p1|Dragonite, L50, F|\n|poke|p1|Ninetales-Alola, L50, F|\n|poke|p1|Mamoswine, L50, M|\n|poke|p1|Iron Hands, L50|\n|poke|p1|Chien-Pao, L50|\n|poke|p1|Landorus-Therian, L50, M|\n|poke|p2|Grimmsnarl, L50, M|\n|poke|p2|Cresselia, L50, F|\n|poke|p2|Gholdengo, L50|\n|poke|p2|Iron Hands, L50|\n|poke|p2|Fezandipiti, L50, M|\n|poke|p2|Annihilape, L50, F|\n|teampreview|4\n|inactive|Battle timer is ON: inactive players will automatically lose when time's up. (requested by Axeldraken)\n|inactive|Axeldraken has 60 seconds left.\n|\n|t:|1699670121\n|start\n|switch|p1a: Chien-Pao|Chien-Pao, L50|100\/100\n|switch|p1b: Dragonite|Dragonite, L50, F, shiny|100\/100\n|switch|p2a: Grimmsnarl|Grimmsnarl, L50, M|100\/100\n|switch|p2b: Annihilape|Annihilape, L50, F|100\/100\n|-ability|p1a: Chien-Pao|Sword of Ruin\n|turn|1\n|inactive|Axeldraken has 30 seconds left.\n|inactive|ZeFantasma has 30 seconds left.\n|inactive|ZeFantasma has 20 seconds left.\n|\n|t:|1699670158\n|-terastallize|p1b: Dragonite|Normal\n|move|p1b: Dragonite|Extreme Speed|p2a: Grimmsnarl\n|-damage|p2a: Grimmsnarl|15\/100\n|move|p1a: Chien-Pao|Sucker Punch||[still]\n|-fail|p1a: Chien-Pao\n|move|p2a: Grimmsnarl|Reflect|p2a: Grimmsnarl\n|-sidestart|p2: ZeFantasma|Reflect\n|move|p2b: Annihilape|Bulk Up|p2b: Annihilape\n|-boost|p2b: Annihilape|atk|1\n|-boost|p2b: Annihilape|def|1\n|\n|upkeep\n|turn|2\n|inactive|ZeFantasma has 30 seconds left.\n|\n|t:|1699670188\n|move|p1b: Dragonite|Extreme Speed|p2a: Grimmsnarl\n|-damage|p2a: Grimmsnarl|0 fnt\n|faint|p2a: Grimmsnarl\n|move|p1a: Chien-Pao|Ice Spinner|p2b: Annihilape\n|-damage|p2b: Annihilape|76\/100\n|move|p2b: Annihilape|Drain Punch|p1b: Dragonite\n|-supereffective|p1b: Dragonite\n|-damage|p1b: Dragonite|0 fnt\n|-heal|p2b: Annihilape|100\/100|[from] drain|[of] p1b: Dragonite\n|faint|p1b: Dragonite\n|\n|upkeep\n|\n|t:|1699670201\n|switch|p1b: Iron Hands|Iron Hands, L50|100\/100\n|switch|p2a: Fezandipiti|Fezandipiti, L50, M|100\/100\n|turn|3\n|inactive|ZeFantasma has 30 seconds left.\n|\n|t:|1699670235\n|move|p1a: Chien-Pao|Ice Spinner|p2b: Annihilape\n|-damage|p2b: Annihilape|75\/100\n|move|p2a: Fezandipiti|Beat Up|p2b: Annihilape\n|-damage|p2b: Annihilape|73\/100\n|-damage|p2b: Annihilape|71\/100\n|-damage|p2b: Annihilape|69\/100\n|-hitcount|p2b: Annihilape|3\n|move|p2b: Annihilape|Bulk Up|p2b: Annihilape\n|-boost|p2b: Annihilape|atk|1\n|-boost|p2b: Annihilape|def|1\n|move|p1b: Iron Hands|Wild Charge|p2b: Annihilape\n|-damage|p2b: Annihilape|46\/100\n|-damage|p1b: Iron Hands|95\/100|[from] Recoil\n|\n|upkeep\n|turn|4\n|\n|t:|1699670254\n|move|p2b: Annihilape|Protect|p2b: Annihilape\n|-singleturn|p2b: Annihilape|Protect\n|move|p1a: Chien-Pao|Ice Spinner|p2b: Annihilape\n|-activate|p2b: Annihilape|move: Protect\n|move|p2a: Fezandipiti|Tailwind|p2a: Fezandipiti\n|-sidestart|p2: ZeFantasma|move: Tailwind\n|move|p1b: Iron Hands|Wild Charge|p2b: Annihilape\n|-activate|p2b: Annihilape|move: Protect\n|\n|upkeep\n|turn|5\n|\n|t:|1699670272\n|-terastallize|p2b: Annihilape|Fire\n|move|p1a: Chien-Pao|Sucker Punch|p2b: Annihilape\n|-damage|p2b: Annihilape|28\/100\n|move|p2a: Fezandipiti|Dazzling Gleam|p1a: Chien-Pao|[spread] p1a,p1b\n|-supereffective|p1a: Chien-Pao\n|-supereffective|p1b: Iron Hands\n|-damage|p1a: Chien-Pao|50\/100\n|-damage|p1b: Iron Hands|77\/100\n|-status|p1a: Chien-Pao|tox|[from] ability: Toxic Chain|[of] p2a: Fezandipiti\n|move|p2b: Annihilape|Rage Fist|p1b: Iron Hands\n|-damage|p1b: Iron Hands|0 fnt\n|faint|p1b: Iron Hands\n|-end|p1b: Iron Hands|Quark Drive|[silent]\n|\n|-damage|p1a: Chien-Pao|45\/100 tox|[from] psn\n|upkeep\n|\n|t:|1699670285\n|switch|p1b: Landorus|Landorus-Therian, L50, M|100\/100\n|-ability|p1b: Landorus|Intimidate|boost\n|-unboost|p2a: Fezandipiti|atk|1\n|-unboost|p2b: Annihilape|atk|1\n|-ability|p2b: Annihilape|Defiant|boost\n|-boost|p2b: Annihilape|atk|2\n|turn|6\n|\n|t:|1699670294\n|move|p1a: Chien-Pao|Sucker Punch|p2b: Annihilape\n|-damage|p2b: Annihilape|12\/100\n|move|p2a: Fezandipiti|Dazzling Gleam|p1a: Chien-Pao|[spread] p1a,p1b\n|-supereffective|p1a: Chien-Pao\n|-damage|p1a: Chien-Pao|0 fnt\n|-damage|p1b: Landorus|80\/100\n|faint|p1a: Chien-Pao\n|move|p2b: Annihilape|Rage Fist|p1b: Landorus\n|-damage|p1b: Landorus|0 fnt\n|faint|p1b: Landorus\n|\n|win|ZeFantasma\n|raw|Axeldraken's rating: 1400 &rarr; <strong>1376<\/strong><br \/>(-24 for losing)\n|raw|ZeFantasma's rating: 1337 &rarr; <strong>1361<\/strong><br \/>(+24 for winning)\n|l|\u2606Axeldraken\n","uploadtime":1699670307,"views":26,"p1id":"axeldraken","p2id":"zefantasma","formatid":"gen9vgc2023regulatione","rating":1361,"private":0,"password":""}