{"id":"gen9vgc2023regulatione-1991588834","p1":"Ropdykex11","p2":"DingusMcRingus","format":"[Gen 9] VGC 2023 Regulation E","log":"|j|\u2606Ropdykex11\n|j|\u2606DingusMcRingus\n|t:|1700091514\n|gametype|doubles\n|player|p1|Ropdykex11|cynthia|1359\n|player|p2|DingusMcRingus|ethan|1388\n|teamsize|p1|6\n|teamsize|p2|6\n|gen|9\n|tier|[Gen 9] VGC 2023 Regulation E\n|rated|\n|rule|Species Clause: Limit one of each Pok\u00e9mon\n|rule|Item Clause: Limit one of each item\n|clearpoke\n|poke|p1|Dragonite, L50, F|\n|poke|p1|Gyarados, L50, F|\n|poke|p1|Kingambit, L50, M|\n|poke|p1|Annihilape, L50, F|\n|poke|p1|Grimmsnarl, L50, M|\n|poke|p1|Flutter Mane, L50|\n|poke|p2|Indeedee-F, L50, F|\n|poke|p2|Armarouge, L50, F|\n|poke|p2|Sneasler, L50, M|\n|poke|p2|Ogerpon-Wellspring, L50, F|\n|poke|p2|Ursaluna, L50, M|\n|poke|p2|Iron Bundle, L50|\n|teampreview|4\n|inactive|Battle timer is ON: inactive players will automatically lose when time's up. (requested by DingusMcRingus)\n|\n|t:|1700091539\n|start\n|switch|p1a: Annihilape|Annihilape, L50, F, shiny|100\/100\n|switch|p1b: Grimmsnarl|Grimmsnarl, L50, M, shiny|100\/100\n|switch|p2a: Iron Bunduli|Iron Bundle, L50|100\/100\n|switch|p2b: Sneasler|Sneasler, L50, M|100\/100\n|-enditem|p2a: Iron Bunduli|Booster Energy\n|-activate|p2a: Iron Bunduli|ability: Quark Drive|[fromitem]\n|-start|p2a: Iron Bunduli|quarkdrivespe\n|turn|1\n|j| Arxostero\n|l| Arxostero\n|j| Arxostero\n|\n|t:|1700091559\n|move|p1b: Grimmsnarl|Fake Out|p2b: Sneasler\n|-damage|p2b: Sneasler|82\/100\n|move|p2a: Iron Bunduli|Freeze-Dry|p1b: Grimmsnarl\n|-damage|p1b: Grimmsnarl|62\/100\n|cant|p2b: Sneasler|flinch\n|move|p1a: Annihilape|Drain Punch|p2a: Iron Bunduli\n|-supereffective|p2a: Iron Bunduli\n|-damage|p2a: Iron Bunduli|0 fnt\n|faint|p2a: Iron Bunduli\n|-end|p2a: Iron Bunduli|Quark Drive|[silent]\n|\n|upkeep\n|inactive|DingusMcRingus has 30 seconds left.\n|\n|t:|1700091588\n|switch|p2a: Doingus|Indeedee-F, L50, F|100\/100\n|-fieldstart|move: Psychic Terrain|[from] ability: Psychic Surge|[of] p2a: Doingus\n|-enditem|p2b: Sneasler|Psychic Seed\n|-boost|p2b: Sneasler|spd|1|[from] item: Psychic Seed\n|turn|2\n|\n|t:|1700091603\n|switch|p1b: Gyarados|Gyarados, L50, F, shiny|100\/100\n|-ability|p1b: Gyarados|Intimidate|boost\n|-unboost|p2a: Doingus|atk|1\n|-unboost|p2b: Sneasler|atk|1\n|move|p2b: Sneasler|Dire Claw|p1b: Gyarados\n|-damage|p1b: Gyarados|58\/100\n|-status|p1b: Gyarados|psn\n|move|p1a: Annihilape|Bulk Up|p1a: Annihilape\n|-boost|p1a: Annihilape|atk|1\n|-boost|p1a: Annihilape|def|1\n|move|p2a: Doingus|Trick Room|p2a: Doingus\n|-fieldstart|move: Trick Room|[of] p2a: Doingus\n|\n|-damage|p1b: Gyarados|45\/100 psn|[from] psn\n|upkeep\n|turn|3\n|inactive|Ropdykex11 has 30 seconds left.\n|\n|t:|1700091628\n|switch|p2b: Ursaluna|Ursaluna, L50, M|100\/100\n|move|p1a: Annihilape|Protect|p1a: Annihilape\n|-singleturn|p1a: Annihilape|Protect\n|move|p2a: Doingus|Follow Me|p2a: Doingus\n|-singleturn|p2a: Doingus|move: Follow Me\n|move|p1b: Gyarados|Earthquake|p2b: Ursaluna|[spread] p2a,p2b\n|-activate|p1a: Annihilape|move: Protect\n|-damage|p2a: Doingus|68\/100\n|-damage|p2b: Ursaluna|73\/100\n|-damage|p1b: Gyarados|35\/100 psn|[from] item: Life Orb\n|\n|-damage|p1b: Gyarados|23\/100 psn|[from] psn\n|-status|p2b: Ursaluna|brn|[from] item: Flame Orb\n|upkeep\n|turn|4\n|inactive|DingusMcRingus has 30 seconds left.\n|\n|t:|1700091656\n|switch|p1b: Grimmsnarl|Grimmsnarl, L50, M, shiny|62\/100\n|-terastallize|p2a: Doingus|Fairy\n|move|p2b: Ursaluna|Headlong Rush|p1a: Annihilape\n|-damage|p1a: Annihilape|37\/100\n|-unboost|p2b: Ursaluna|def|1\n|-unboost|p2b: Ursaluna|spd|1\n|move|p2a: Doingus|Dazzling Gleam|p1a: Annihilape|[spread] p1a,p1b\n|-supereffective|p1a: Annihilape\n|-supereffective|p1b: Grimmsnarl\n|-damage|p1a: Annihilape|0 fnt\n|-damage|p1b: Grimmsnarl|16\/100\n|faint|p1a: Annihilape\n|\n|-damage|p2b: Ursaluna|67\/100 brn|[from] brn\n|upkeep\n|\n|t:|1700091673\n|switch|p1a: Gyarados|Gyarados, L50, F, shiny|23\/100 psn\n|-ability|p1a: Gyarados|Intimidate|boost\n|-unboost|p2a: Doingus|atk|1\n|-unboost|p2b: Ursaluna|atk|1\n|turn|5\n|\n|t:|1700091697\n|move|p1b: Grimmsnarl|Reflect|p1b: Grimmsnarl\n|-sidestart|p1: Ropdykex11|Reflect\n|move|p2b: Ursaluna|Facade|p1a: Gyarados\n|-damage|p1a: Gyarados|0 fnt\n|faint|p1a: Gyarados\n|move|p2a: Doingus|Dazzling Gleam|p1b: Grimmsnarl\n|-supereffective|p1b: Grimmsnarl\n|-crit|p1b: Grimmsnarl\n|-damage|p1b: Grimmsnarl|0 fnt\n|faint|p1b: Grimmsnarl\n|\n|-damage|p2b: Ursaluna|61\/100 brn|[from] brn\n|upkeep\n|l| Arxostero\n|\n|t:|1700091708\n|switch|p1b: Kingambit|Kingambit, L50, M, shiny|100\/100\n|-activate|p1b: Kingambit|ability: Supreme Overlord\n|-start|p1b: Kingambit|fallen3|[silent]\n|turn|6\n|\n|t:|1700091722\n|-terastallize|p1b: Kingambit|Flying\n|move|p2a: Doingus|Follow Me|p2a: Doingus\n|-singleturn|p2a: Doingus|move: Follow Me\n|move|p2b: Ursaluna|Headlong Rush|p1b: Kingambit\n|-immune|p1b: Kingambit\n|move|p1b: Kingambit|Brick Break|p2a: Doingus\n|-resisted|p2a: Doingus\n|-damage|p2a: Doingus|49\/100\n|-damage|p1b: Kingambit|84\/100|[from] item: Rocky Helmet|[of] p2a: Doingus\n|\n|-damage|p2b: Ursaluna|55\/100 brn|[from] brn\n|-fieldend|move: Trick Room\n|-fieldend|move: Psychic Terrain\n|upkeep\n|turn|7\n|inactive|DingusMcRingus has 30 seconds left.\n|\n|t:|1700091753\n|move|p2a: Doingus|Follow Me|p2a: Doingus\n|-singleturn|p2a: Doingus|move: Follow Me\n|move|p1b: Kingambit|Iron Head|p2a: Doingus\n|-supereffective|p2a: Doingus\n|-damage|p2a: Doingus|0 fnt\n|-damage|p1b: Kingambit|67\/100|[from] item: Rocky Helmet|[of] p2a: Doingus\n|faint|p2a: Doingus\n|move|p2b: Ursaluna|Facade|p1b: Kingambit\n|-damage|p1b: Kingambit|15\/100\n|\n|-damage|p2b: Ursaluna|49\/100 brn|[from] brn\n|upkeep\n|\n|t:|1700091766\n|switch|p2a: Sneasler|Sneasler, L50, M|82\/100\n|turn|8\n|\n|t:|1700091773\n|move|p1b: Kingambit|Sucker Punch|p2a: Sneasler\n|-resisted|p2a: Sneasler\n|-damage|p2a: Sneasler|39\/100\n|move|p2a: Sneasler|Rock Slide|p1b: Kingambit\n|-supereffective|p1b: Kingambit\n|-damage|p1b: Kingambit|0 fnt\n|faint|p1b: Kingambit\n|-end|p1b: Kingambit|fallen3|[silent]\n|\n|win|DingusMcRingus\n|raw|Ropdykex11's rating: 1359 &rarr; <strong>1341<\/strong><br \/>(-18 for losing)\n|raw|DingusMcRingus's rating: 1388 &rarr; <strong>1406<\/strong><br \/>(+18 for winning)\n|l|\u2606Ropdykex11\n","uploadtime":1700091874,"views":8,"p1id":"ropdykex11","p2id":"dingusmcringus","formatid":"gen9vgc2023regulatione","rating":1341,"private":0,"password":""}