{"id":"gen9vgc2023regulatione-1993145477","p1":"Lumii","p2":"blooperlink123","format":"[Gen 9] VGC 2023 Regulation E","log":"|j|\u2606Lumii\n|j|\u2606blooperlink123\n|n|\u2606Lumii|lumii\n|n|\u2606blooperlink123|blooperlink123\n|html|View the match progress at <a href=\"\/game-bestof3-gen9vgc2023regulatione-1993142088\">game-bestof3-gen9vgc2023regulatione-1993142088<\/a>\n|t:|1700270229\n|gametype|doubles\n|player|p1|Lumii|hanbei-conquest|\n|player|p2|blooperlink123|169|\n|teamsize|p1|6\n|teamsize|p2|6\n|gen|9\n|tier|[Gen 9] VGC 2023 Regulation E\n|rule|Species Clause: Limit one of each Pok\u00e9mon\n|rule|Item Clause: Limit one of each item\n|clearpoke\n|poke|p1|Landorus-Therian, L50, M|\n|poke|p1|Tornadus, L50, M|\n|poke|p1|Rillaboom, L50, F|\n|poke|p1|Chien-Pao, L50|\n|poke|p1|Urshifu-*, L50, M|\n|poke|p1|Ogerpon-Hearthflame, L50, F|\n|poke|p2|Glimmora, L50, M|\n|poke|p2|Urshifu-*, L50, F|\n|poke|p2|Thundurus, L50, M|\n|poke|p2|Flutter Mane, L50|\n|poke|p2|Ogerpon-Wellspring, L50, F|\n|poke|p2|Arcanine-Hisui, L50, F|\n|teampreview|4\nblooperlink123 has agreed to open team sheets.\nLumii has agreed to open team sheets.\n|showteam|p1|Landorus-Therian||ChoiceScarf|Intimidate|StompingTantrum,TeraBlast,Uturn,RockSlide|||M|||50|,,,,,Flying]Tornadus||SitrusBerry|Prankster|BleakwindStorm,Tailwind,ScaryFace,Taunt|||M|||50|,,,,,Ghost]Rillaboom||AssaultVest|GrassySurge|GrassyGlide,WoodHammer,Uturn,FakeOut|||F|||50|,,,,,Fire]Chien-Pao||FocusSash|SwordofRuin|IcicleCrash,SuckerPunch,Crunch,Protect||||||50|,,,,,Dark]Urshifu-Rapid-Strike||MysticWater|UnseenFist|SurgingStrikes,AquaJet,CloseCombat,Protect|||M|||50|,,,,,Water]Ogerpon-Hearthflame||HearthflameMask|MoldBreaker|IvyCudgel,GrassyGlide,HornLeech,Protect|||F|||50|,,,,,Fire\n|showteam|p2|Glimmora||AssaultVest|ToxicDebris|SludgeBomb,PowerGem,EnergyBall,EarthPower|||M|||50|,,,,,Grass]Urshifu||FocusSash|UnseenFist|WickedBlow,CloseCombat,SuckerPunch,Detect|||F|||50|,,,,,Dark]Thundurus||WideLens|Prankster|WildboltStorm,Taunt,EerieImpulse,ThunderWave|||M|||50|,,,,,Dark]Flutter Mane||ChoiceSpecs|Protosynthesis|DazzlingGleam,ShadowBall,Moonblast,Psyshock||||||50|,,,,,Fairy]Ogerpon-Wellspring||WellspringMask|WaterAbsorb|IvyCudgel,HornLeech,FollowMe,SpikyShield|||F|||50|,,,,,Water]Arcanine-Hisui||SitrusBerry|Intimidate|FlareBlitz,RockSlide,WillOWisp,ExtremeSpeed|||F|||50|,,,,,Normal\n|j| JazzyAthenian\n|\n|t:|1700270284\n|start\n|switch|p1a: Landorus|Landorus-Therian, L50, M|100\/100\n|switch|p1b: Tornadus|Tornadus, L50, M|100\/100\n|switch|p2a: Pochita|Arcanine-Hisui, L50, F|100\/100\n|switch|p2b: Ponyo|Ogerpon-Wellspring, L50, F|100\/100\n|-ability|p1a: Landorus|Intimidate|boost\n|-unboost|p2a: Pochita|atk|1\n|-unboost|p2b: Ponyo|atk|1\n|-ability|p2a: Pochita|Intimidate|boost\n|-unboost|p1a: Landorus|atk|1\n|-unboost|p1b: Tornadus|atk|1\n|turn|1\n|\n|t:|1700270375\n|switch|p2b: Glimmora|Glimmora, L50, M, shiny|100\/100\n|-terastallize|p2a: Pochita|Normal\n|move|p1b: Tornadus|Taunt|p2b: Glimmora\n|-start|p2b: Glimmora|move: Taunt\n|move|p1a: Landorus|U-turn|p2b: Glimmora\n|-resisted|p2b: Glimmora\n|-damage|p2b: Glimmora|92\/100\n|-activate|p2b: Glimmora|ability: Toxic Debris\n|-sidestart|p1: Lumii|move: Toxic Spikes\n|\n|t:|1700270393\n|switch|p1a: Urshifu|Urshifu-Rapid-Strike, L50, M|100\/100|[from] U-turn\n|-status|p1a: Urshifu|psn\n|move|p2a: Pochita|Will-O-Wisp||[still]\n|-fail|p2a: Pochita\n|\n|-damage|p1a: Urshifu|88\/100 psn|[from] psn\n|upkeep\n|turn|2\n|\n|t:|1700270422\n|switch|p2b: Ponyo|Ogerpon-Wellspring, L50, F|100\/100\n|move|p1a: Urshifu|Protect|p1a: Urshifu\n|-singleturn|p1a: Urshifu|Protect\n|move|p2a: Pochita|Rock Slide|p1a: Urshifu|[spread] p1b\n|-activate|p1a: Urshifu|move: Protect\n|-supereffective|p1b: Tornadus\n|-damage|p1b: Tornadus|71\/100\n|move|p1b: Tornadus|Bleakwind Storm|p2a: Pochita|[spread] p2a,p2b\n|-supereffective|p2b: Ponyo\n|-damage|p2a: Pochita|63\/100\n|-damage|p2b: Ponyo|45\/100\n|-unboost|p2b: Ponyo|spe|1\n|\n|-damage|p1a: Urshifu|76\/100 psn|[from] psn\n|upkeep\n|turn|3\n|\n|t:|1700270449\n|move|p2b: Ponyo|Spiky Shield|p2b: Ponyo\n|-singleturn|p2b: Ponyo|move: Protect\n|move|p1a: Urshifu|Close Combat|p2a: Pochita\n|-supereffective|p2a: Pochita\n|-damage|p2a: Pochita|0 fnt\n|-unboost|p1a: Urshifu|def|1\n|-unboost|p1a: Urshifu|spd|1\n|faint|p2a: Pochita\n|move|p1b: Tornadus|Bleakwind Storm|p2b: Ponyo\n|-activate|p2b: Ponyo|move: Protect\n|\n|-damage|p1a: Urshifu|64\/100 psn|[from] psn\n|upkeep\n|\n|t:|1700270460\n|switch|p2a: One-Piece|Urshifu, L50, F|100\/100\n|turn|4\n|\n|t:|1700270473\n|switch|p2b: Glimmora|Glimmora, L50, M, shiny|92\/100\n|move|p1b: Tornadus|Tailwind|p1b: Tornadus\n|-sidestart|p1: Lumii|move: Tailwind\n|move|p1a: Urshifu|Close Combat|p2a: One-Piece\n|-supereffective|p2a: One-Piece\n|-enditem|p2a: One-Piece|Focus Sash\n|-damage|p2a: One-Piece|1\/100\n|-unboost|p1a: Urshifu|def|1\n|-unboost|p1a: Urshifu|spd|1\n|move|p2a: One-Piece|Close Combat|p1a: Urshifu\n|-damage|p1a: Urshifu|0 fnt\n|-unboost|p2a: One-Piece|def|1\n|-unboost|p2a: One-Piece|spd|1\n|faint|p1a: Urshifu\n|\n|upkeep\n|\n|t:|1700270491\n|switch|p1a: Landorus|Landorus-Therian, L50, M|100\/100\n|-ability|p1a: Landorus|Intimidate|boost\n|-unboost|p2a: One-Piece|atk|1\n|-unboost|p2b: Glimmora|atk|1\n|turn|5\n|\n|t:|1700270547\n|move|p1b: Tornadus|Scary Face|p2b: Glimmora\n|-unboost|p2b: Glimmora|spe|2\n|move|p1a: Landorus|U-turn|p2a: One-Piece\n|-damage|p2a: One-Piece|0 fnt\n|faint|p2a: One-Piece\n|\n|t:|1700270553\n|switch|p1a: Ogerpon|Ogerpon-Hearthflame, L50, F|100\/100|[from] U-turn\n|-status|p1a: Ogerpon|psn\n|-ability|p1a: Ogerpon|Mold Breaker\n|move|p2b: Glimmora|Power Gem|p1b: Tornadus\n|-supereffective|p1b: Tornadus\n|-damage|p1b: Tornadus|0 fnt\n|faint|p1b: Tornadus\n|\n|-damage|p1a: Ogerpon|88\/100 psn|[from] psn\n|upkeep\n|\n|t:|1700270557\n|switch|p2a: Ponyo|Ogerpon-Wellspring, L50, F|45\/100\n|switch|p1b: Landorus|Landorus-Therian, L50, M|100\/100\n|-ability|p1b: Landorus|Intimidate|boost\n|-unboost|p2a: Ponyo|atk|1\n|-unboost|p2b: Glimmora|atk|1\n|turn|6\n|\n|t:|1700270628\n|-terastallize|p1a: Ogerpon|Fire\n|detailschange|p1a: Ogerpon|Ogerpon-Hearthflame-Tera, L50, F, tera:Fire\n|-ability|p1a: Ogerpon|Embody Aspect (Hearthflame)|boost\n|-boost|p1a: Ogerpon|atk|1\n|move|p1b: Landorus|Stomping Tantrum|p2b: Glimmora\n|-supereffective|p2b: Glimmora\n|-damage|p2b: Glimmora|0 fnt\n|-activate|p2b: Glimmora|ability: Toxic Debris\n|-sidestart|p1: Lumii|move: Toxic Spikes\n|faint|p2b: Glimmora\n|move|p1a: Ogerpon|Ivy Cudgel|p2a: Ponyo|[anim] Ivy Cudgel Fire\n|-damage|p2a: Ponyo|0 fnt\n|faint|p2a: Ponyo\n|\n|win|Lumii\n","uploadtime":1700270640,"views":46,"p1id":"lumii","p2id":"blooperlink123","formatid":"gen9vgc2023regulatione","rating":0,"private":0,"password":""}