{"id":"gen9vgc2023regulatione-1999367471","p1":"Mirai_Burai","p2":"Mallow_sux","format":"[Gen 9] VGC 2023 Regulation E","log":"|j|\u2606Mirai_Burai\n|j|\u2606Mallow_sux\n|n|\u2606Mirai_Burai|miraiburai\n|n|\u2606Mallow_sux|mallowsux\n|html|View the match progress at <a href=\"\/game-bestof3-gen9vgc2023regulatione-1999365356\">game-bestof3-gen9vgc2023regulatione-1999365356<\/a>\n|t:|1701067978\n|gametype|doubles\n|player|p1|Mirai_Burai|skyla|\n|player|p2|Mallow_sux|shauntal|\n|teamsize|p1|6\n|teamsize|p2|6\n|gen|9\n|tier|[Gen 9] VGC 2023 Regulation E\n|rule|Species Clause: Limit one of each Pok\u00e9mon\n|rule|Item Clause: Limit one of each item\n|clearpoke\n|poke|p1|Empoleon, L50, F|\n|poke|p1|Tornadus, L50, M|\n|poke|p1|Ninetales-Alola, L50, F|\n|poke|p1|Sinistcha, L50|\n|poke|p1|Okidogi, L50, M|\n|poke|p1|Urshifu-*, L50, M|\n|poke|p2|Iron Bundle, L50|\n|poke|p2|Tornadus, L50, M|\n|poke|p2|Flutter Mane, L50|\n|poke|p2|Ogerpon-Hearthflame, L50, F|\n|poke|p2|Rillaboom, L50, M|\n|poke|p2|Chi-Yu, L50|\n|teampreview|4\n|\n|t:|1701068018\n|start\n|switch|p1a: Ninetales|Ninetales-Alola, L50, F, shiny|100\/100\n|switch|p1b: Tornadus|Tornadus, L50, M|100\/100\n|switch|p2a: Tornadus|Tornadus, L50, M|100\/100\n|switch|p2b: Flutter Mane|Flutter Mane, L50|100\/100\n|-weather|Snow|[from] ability: Snow Warning|[of] p1a: Ninetales\n|turn|1\n|\n|t:|1701068041\n|move|p1b: Tornadus|Taunt|p2a: Tornadus\n|-start|p2a: Tornadus|move: Taunt\n|-enditem|p2a: Tornadus|Mental Herb\n|-end|p2a: Tornadus|move: Taunt\n|move|p2a: Tornadus|Taunt|p1b: Tornadus\n|-start|p1b: Tornadus|move: Taunt\n|move|p2b: Flutter Mane|Dazzling Gleam|p1b: Tornadus|[spread] p1a,p1b\n|-damage|p1a: Ninetales|66\/100\n|-damage|p1b: Tornadus|55\/100\n|move|p1a: Ninetales|Aurora Veil|p1a: Ninetales\n|-sidestart|p1: Mirai_Burai|move: Aurora Veil\n|\n|-weather|Snow|[upkeep]\n|upkeep\n|turn|2\n|\n|t:|1701068070\n|switch|p1b: Empoleon|Empoleon, L50, F|100\/100\n|move|p2a: Tornadus|Sunny Day|p2a: Tornadus\n|-weather|SunnyDay\n|-activate|p2b: Flutter Mane|ability: Protosynthesis\n|-start|p2b: Flutter Mane|protosynthesisspa\n|move|p2b: Flutter Mane|Dazzling Gleam|p1a: Ninetales|[spread] p1a,p1b\n|-resisted|p1b: Empoleon\n|-damage|p1a: Ninetales|36\/100\n|-damage|p1b: Empoleon|92\/100\n|move|p1a: Ninetales|Blizzard|p2b: Flutter Mane|[spread] p2b\n|-miss|p1a: Ninetales|p2a: Tornadus\n|-damage|p2b: Flutter Mane|75\/100\n|\n|-weather|SunnyDay|[upkeep]\n|upkeep\n|turn|3\n|\n|t:|1701068097\n|switch|p1a: Urshifu|Urshifu, L50, M|100\/100\n|move|p2a: Tornadus|Tailwind|p2a: Tornadus\n|-sidestart|p2: Mallow_sux|move: Tailwind\n|move|p2b: Flutter Mane|Shadow Ball|p1b: Empoleon\n|-damage|p1b: Empoleon|67\/100\n|move|p1b: Empoleon|Blizzard|p2b: Flutter Mane|[spread] p2a,p2b\n|-supereffective|p2a: Tornadus\n|-damage|p2a: Tornadus|41\/100\n|-damage|p2b: Flutter Mane|46\/100\n|\n|-weather|SunnyDay|[upkeep]\n|upkeep\n|turn|4\n|\n|t:|1701068141\n|switch|p1a: Tornadus|Tornadus, L50, M|55\/100\n|-terastallize|p2b: Flutter Mane|Fairy\n|move|p2b: Flutter Mane|Dazzling Gleam|p1a: Tornadus|[spread] p1a,p1b\n|-resisted|p1b: Empoleon\n|-damage|p1a: Tornadus|0 fnt\n|-damage|p1b: Empoleon|54\/100\n|faint|p1a: Tornadus\n|move|p2a: Tornadus|Bleakwind Storm|p1b: Empoleon|[miss]\n|-miss|p2a: Tornadus|p1b: Empoleon\n|move|p1b: Empoleon|Flash Cannon|p2b: Flutter Mane\n|-supereffective|p2b: Flutter Mane\n|-damage|p2b: Flutter Mane|0 fnt\n|faint|p2b: Flutter Mane\n|-end|p2b: Flutter Mane|Protosynthesis|[silent]\n|\n|-weather|SunnyDay|[upkeep]\n|upkeep\n|\n|t:|1701068167\n|switch|p2b: Rillaboom|Rillaboom, L50, M|100\/100\n|switch|p1a: Urshifu|Urshifu, L50, M|100\/100\n|-fieldstart|move: Grassy Terrain|[from] ability: Grassy Surge|[of] p2b: Rillaboom\n|turn|5\n|\n|t:|1701068214\n|-terastallize|p1a: Urshifu|Dark\n|move|p2b: Rillaboom|Fake Out|p1a: Urshifu\n|-damage|p1a: Urshifu|90\/100\n|cant|p1a: Urshifu|flinch\n|move|p2a: Tornadus|Bleakwind Storm|p1a: Urshifu|[spread] p1a,p1b\n|-resisted|p1b: Empoleon\n|-damage|p1a: Urshifu|54\/100\n|-damage|p1b: Empoleon|47\/100\n|-unboost|p1a: Urshifu|spe|1\n|-unboost|p1b: Empoleon|spe|1\n|-ability|p1b: Empoleon|Competitive|boost\n|-boost|p1b: Empoleon|spa|2\n|move|p1b: Empoleon|Blizzard|p2a: Tornadus|[spread] p2a,p2b\n|-supereffective|p2a: Tornadus\n|-supereffective|p2b: Rillaboom\n|-damage|p2a: Tornadus|0 fnt\n|-damage|p2b: Rillaboom|21\/100\n|faint|p2a: Tornadus\n|\n|-weather|SunnyDay|[upkeep]\n|-heal|p2b: Rillaboom|27\/100|[from] Grassy Terrain\n|-heal|p1a: Urshifu|59\/100|[from] Grassy Terrain\n|-heal|p1b: Empoleon|52\/100|[from] Grassy Terrain\n|upkeep\n|\n|t:|1701068237\n|switch|p2a: Iron Bundle|Iron Bundle, L50|100\/100\n|-enditem|p2a: Iron Bundle|Booster Energy\n|-activate|p2a: Iron Bundle|ability: Quark Drive|[fromitem]\n|-start|p2a: Iron Bundle|quarkdrivespe\n|turn|6\n|\n|t:|1701068280\n|move|p2b: Rillaboom|Grassy Glide|p1b: Empoleon\n|-damage|p1b: Empoleon|27\/100\n|move|p1a: Urshifu|Sucker Punch|p2a: Iron Bundle\n|-damage|p2a: Iron Bundle|18\/100\n|move|p1b: Empoleon|Vacuum Wave|p2a: Iron Bundle\n|-supereffective|p2a: Iron Bundle\n|-damage|p2a: Iron Bundle|0 fnt\n|faint|p2a: Iron Bundle\n|-end|p2a: Iron Bundle|Quark Drive|[silent]\n|\n|-weather|none\n|-heal|p2b: Rillaboom|33\/100|[from] Grassy Terrain\n|-heal|p1a: Urshifu|65\/100|[from] Grassy Terrain\n|-heal|p1b: Empoleon|33\/100|[from] Grassy Terrain\n|-sideend|p2: Mallow_sux|move: Tailwind\n|upkeep\n|turn|7\n|\n|t:|1701068314\n|switch|p1a: Ninetales|Ninetales-Alola, L50, F, shiny|36\/100\n|-weather|Snow|[from] ability: Snow Warning|[of] p1a: Ninetales\n|move|p2b: Rillaboom|Wood Hammer|p1a: Ninetales\n|-damage|p1a: Ninetales|0 fnt\n|faint|p1a: Ninetales\n|-damage|p2b: Rillaboom|25\/100|[from] Recoil\n|move|p1b: Empoleon|Blizzard|p2b: Rillaboom\n|-supereffective|p2b: Rillaboom\n|-damage|p2b: Rillaboom|0 fnt\n|faint|p2b: Rillaboom\n|\n|win|Mirai_Burai\n|inactive|Mirai_Burai has 50 seconds to confirm battle start!\n|inactive|Mallow_sux has 50 seconds to confirm battle start!\n","uploadtime":1701068328,"views":5,"p1id":"miraiburai","p2id":"mallowsux","formatid":"gen9vgc2023regulatione","rating":0,"private":0,"password":""}