{"id":"gen9vgc2023regulatione-1999352307","p1":"Mirai_Burai","p2":"Mallow_sux","format":"[Gen 9] VGC 2023 Regulation E","log":"|j|\u2606Mirai_Burai\n|j|\u2606Mallow_sux\n|n|\u2606Mirai_Burai|miraiburai\n|n|\u2606Mallow_sux|mallowsux\n|html|View the match progress at <a href=\"\/game-bestof7-gen9vgc2023regulatione-1999340407\">game-bestof7-gen9vgc2023regulatione-1999340407<\/a>\n|t:|1701065131\n|gametype|doubles\n|player|p1|Mirai_Burai|skyla|\n|player|p2|Mallow_sux|shauntal|\n|teamsize|p1|6\n|teamsize|p2|6\n|gen|9\n|tier|[Gen 9] VGC 2023 Regulation E\n|rule|Species Clause: Limit one of each Pok\u00e9mon\n|rule|Item Clause: Limit one of each item\n|clearpoke\n|poke|p1|Roaring Moon, L50|\n|poke|p1|Ninetales-Alola, L50, F|\n|poke|p1|Landorus-Therian, L50, M|\n|poke|p1|Iron Hands, L50|\n|poke|p1|Milotic, L50, F|\n|poke|p1|Ogerpon-Hearthflame, L50, F|\n|poke|p2|Iron Bundle, L50|\n|poke|p2|Tornadus, L50, M|\n|poke|p2|Flutter Mane, L50|\n|poke|p2|Ogerpon-Hearthflame, L50, F|\n|poke|p2|Rillaboom, L50, F|\n|poke|p2|Chi-Yu, L50|\n|teampreview|4\n|\n|t:|1701065147\n|start\n|switch|p1a: Ninetales|Ninetales-Alola, L50, F, shiny|100\/100\n|switch|p1b: Landorus|Landorus-Therian, L50, M|100\/100\n|switch|p2a: Tornadus|Tornadus, L50, M|100\/100\n|switch|p2b: Flutter Mane|Flutter Mane, L50|100\/100\n|-ability|p1b: Landorus|Intimidate|boost\n|-unboost|p2a: Tornadus|atk|1\n|-unboost|p2b: Flutter Mane|atk|1\n|-weather|Snow|[from] ability: Snow Warning|[of] p1a: Ninetales\n|turn|1\n|\n|t:|1701065175\n|move|p2a: Tornadus|Sunny Day|p2a: Tornadus\n|-weather|SunnyDay\n|-activate|p2b: Flutter Mane|ability: Protosynthesis\n|-start|p2b: Flutter Mane|protosynthesisspa\n|move|p1b: Landorus|Rock Slide|p2b: Flutter Mane|[spread] p2a,p2b\n|-supereffective|p2a: Tornadus\n|-damage|p2a: Tornadus|57\/100\n|-damage|p2b: Flutter Mane|52\/100\n|move|p2b: Flutter Mane|Dazzling Gleam|p1b: Landorus|[spread] p1a,p1b\n|-damage|p1a: Ninetales|52\/100\n|-damage|p1b: Landorus|44\/100\n|move|p1a: Ninetales|Moonblast|p2b: Flutter Mane\n|-damage|p2b: Flutter Mane|24\/100\n|\n|-weather|SunnyDay|[upkeep]\n|upkeep\n|turn|2\n|\n|t:|1701065195\n|switch|p1a: Ogerpon|Ogerpon-Hearthflame, L50, F|100\/100\n|-ability|p1a: Ogerpon|Mold Breaker\n|move|p2a: Tornadus|Tailwind|p2a: Tornadus\n|-sidestart|p2: Mallow_sux|move: Tailwind\n|move|p2b: Flutter Mane|Dazzling Gleam|p1b: Landorus|[spread] p1a,p1b\n|-resisted|p1a: Ogerpon\n|-crit|p1a: Ogerpon\n|-damage|p1a: Ogerpon|64\/100\n|-damage|p1b: Landorus|0 fnt\n|faint|p1b: Landorus\n|\n|-weather|SunnyDay|[upkeep]\n|upkeep\n|\n|t:|1701065206\n|switch|p1b: Ninetales|Ninetales-Alola, L50, F, shiny|52\/100\n|-weather|Snow|[from] ability: Snow Warning|[of] p1b: Ninetales\n|-end|p2b: Flutter Mane|Protosynthesis\n|turn|3\n|\n|t:|1701065219\n|move|p2b: Flutter Mane|Protect|p2b: Flutter Mane\n|-singleturn|p2b: Flutter Mane|Protect\n|move|p1b: Ninetales|Protect|p1b: Ninetales\n|-singleturn|p1b: Ninetales|Protect\n|move|p2a: Tornadus|Taunt|p1b: Ninetales\n|-activate|p1b: Ninetales|move: Protect\n|move|p1a: Ogerpon|Ivy Cudgel|p2b: Flutter Mane|[anim] Ivy Cudgel Fire\n|-activate|p2b: Flutter Mane|move: Protect\n|\n|-weather|Snow|[upkeep]\n|upkeep\n|turn|4\n|\n|t:|1701065246\n|move|p1a: Ogerpon|Follow Me|p1a: Ogerpon\n|-singleturn|p1a: Ogerpon|move: Follow Me\n|move|p2a: Tornadus|Sunny Day|p2a: Tornadus\n|-weather|SunnyDay\n|-activate|p2b: Flutter Mane|ability: Protosynthesis\n|-start|p2b: Flutter Mane|protosynthesisspa\n|move|p2b: Flutter Mane|Dazzling Gleam|p1a: Ogerpon|[spread] p1a,p1b\n|-resisted|p1a: Ogerpon\n|-damage|p1a: Ogerpon|43\/100\n|-damage|p1b: Ninetales|5\/100\n|move|p1b: Ninetales|Aurora Veil||[still]\n|-fail|p1b: Ninetales\n|\n|-weather|SunnyDay|[upkeep]\n|upkeep\n|turn|5\n|\n|t:|1701065277\n|switch|p1b: Milotic|Milotic, L50, F, shiny|100\/100\n|move|p2b: Flutter Mane|Dazzling Gleam|p1b: Milotic|[spread] p1a,p1b\n|-resisted|p1a: Ogerpon\n|-damage|p1a: Ogerpon|20\/100\n|-damage|p1b: Milotic|66\/100\n|move|p2a: Tornadus|Bleakwind Storm|p1b: Milotic|[spread] p1b\n|-miss|p2a: Tornadus|p1a: Ogerpon\n|-damage|p1b: Milotic|39\/100\n|-unboost|p1b: Milotic|spe|1\n|-ability|p1b: Milotic|Competitive|boost\n|-boost|p1b: Milotic|spa|2\n|-enditem|p1b: Milotic|Sitrus Berry|[eat]\n|-heal|p1b: Milotic|64\/100|[from] item: Sitrus Berry\n|move|p1a: Ogerpon|Ivy Cudgel|p2b: Flutter Mane|[anim] Ivy Cudgel Fire\n|-damage|p2b: Flutter Mane|0 fnt\n|faint|p2b: Flutter Mane\n|-end|p2b: Flutter Mane|Protosynthesis|[silent]\n|\n|-weather|SunnyDay|[upkeep]\n|-sideend|p2: Mallow_sux|move: Tailwind\n|upkeep\n|\n|t:|1701065298\n|switch|p2b: Ogerpon|Ogerpon-Hearthflame, L50, F|100\/100\n|-ability|p2b: Ogerpon|Mold Breaker\n|turn|6\n|\n|t:|1701065340\n|move|p2b: Ogerpon|Spiky Shield|p2b: Ogerpon\n|-singleturn|p2b: Ogerpon|move: Protect\n|move|p1a: Ogerpon|Spiky Shield|p1a: Ogerpon\n|-singleturn|p1a: Ogerpon|move: Protect\n|move|p2a: Tornadus|Taunt|p1b: Milotic\n|-start|p1b: Milotic|move: Taunt\n|move|p1b: Milotic|Scald|p2b: Ogerpon\n|-activate|p2b: Ogerpon|move: Protect\n|\n|-weather|SunnyDay|[upkeep]\n|upkeep\n|turn|7\n|\n|t:|1701065387\n|move|p2a: Tornadus|Tailwind|p2a: Tornadus\n|-sidestart|p2: Mallow_sux|move: Tailwind\n|move|p2b: Ogerpon|Stomping Tantrum|p1a: Ogerpon\n|-damage|p1a: Ogerpon|0 fnt\n|faint|p1a: Ogerpon\n|move|p1b: Milotic|Scald|p2b: Ogerpon\n|-damage|p2b: Ogerpon|63\/100\n|\n|-weather|SunnyDay|[upkeep]\n|upkeep\n|\n|t:|1701065395\n|switch|p1a: Ninetales|Ninetales-Alola, L50, F, shiny|5\/100\n|-weather|Snow|[from] ability: Snow Warning|[of] p1a: Ninetales\n|turn|8\n|\n|t:|1701065421\n|move|p1a: Ninetales|Protect|p1a: Ninetales\n|-singleturn|p1a: Ninetales|Protect\n|move|p2a: Tornadus|Sunny Day|p2a: Tornadus\n|-weather|SunnyDay\n|move|p2b: Ogerpon|Ivy Cudgel|p1a: Ninetales|[anim] Ivy Cudgel Fire\n|-activate|p1a: Ninetales|move: Protect\n|move|p1b: Milotic|Scald|p2b: Ogerpon\n|-damage|p2b: Ogerpon|29\/100\n|\n|-weather|SunnyDay|[upkeep]\n|-end|p1b: Milotic|move: Taunt\n|upkeep\n|turn|9\n|\n|t:|1701065460\n|move|p2b: Ogerpon|Ivy Cudgel|p1a: Ninetales|[anim] Ivy Cudgel Fire\n|-supereffective|p1a: Ninetales\n|-damage|p1a: Ninetales|0 fnt\n|faint|p1a: Ninetales\n|move|p2a: Tornadus|Bleakwind Storm|p1b: Milotic\n|-damage|p1b: Milotic|27\/100\n|-unboost|p1b: Milotic|spe|1\n|-ability|p1b: Milotic|Competitive|boost\n|-boost|p1b: Milotic|spa|2\n|move|p1b: Milotic|Recover|p1b: Milotic\n|-heal|p1b: Milotic|77\/100\n|\n|-weather|SunnyDay|[upkeep]\n|upkeep\n|turn|10\n|\n|t:|1701065477\n|move|p2a: Tornadus|Taunt|p1b: Milotic\n|-start|p1b: Milotic|move: Taunt\n|move|p2b: Ogerpon|Ivy Cudgel|p1b: Milotic|[anim] Ivy Cudgel Fire\n|-resisted|p1b: Milotic\n|-damage|p1b: Milotic|34\/100\n|move|p1b: Milotic|Icy Wind|p2a: Tornadus|[spread] p2a,p2b\n|-supereffective|p2a: Tornadus\n|-damage|p2a: Tornadus|0 fnt\n|-damage|p2b: Ogerpon|0 fnt\n|faint|p2a: Tornadus\n|faint|p2b: Ogerpon\n|\n|-weather|SunnyDay|[upkeep]\n|-sideend|p2: Mallow_sux|move: Tailwind\n|upkeep\n|\n|t:|1701065493\n|switch|p2a: Chi-Yu|Chi-Yu, L50|100\/100\n|-ability|p2a: Chi-Yu|Beads of Ruin\n|turn|11\n|\n|t:|1701065506\n|-terastallize|p2a: Chi-Yu|Ghost\n|move|p2a: Chi-Yu|Overheat|p1b: Milotic\n|-resisted|p1b: Milotic\n|-damage|p1b: Milotic|0 fnt\n|-unboost|p2a: Chi-Yu|spa|2\n|faint|p1b: Milotic\n|\n|win|Mallow_sux\n","uploadtime":1701065515,"views":6,"p1id":"miraiburai","p2id":"mallowsux","formatid":"gen9vgc2023regulatione","rating":0,"private":0,"password":""}