{"id":"gen9vgc2023regulatione-1995005638","p1":"Rhisea","p2":"HyruleanTubist","format":"[Gen 9] VGC 2023 Regulation E","log":"|j|\u2606Rhisea\n|j|\u2606HyruleanTubist\n|t:|1700512625\n|gametype|doubles\n|player|p1|Rhisea|psychicf-gen4|1147\n|player|p2|HyruleanTubist|2|1155\n|teamsize|p1|6\n|teamsize|p2|6\n|gen|9\n|tier|[Gen 9] VGC 2023 Regulation E\n|rated|\n|rule|Species Clause: Limit one of each Pok\u00e9mon\n|rule|Item Clause: Limit one of each item\n|clearpoke\n|poke|p1|Scizor, L50, M|\n|poke|p1|Landorus-Therian, L50, M|\n|poke|p1|Iron Hands, L50|\n|poke|p1|Iron Bundle, L50|\n|poke|p1|Flutter Mane, L50|\n|poke|p1|Ogerpon-Wellspring, L50, F|\n|poke|p2|Indeedee-F, L50, F|\n|poke|p2|Armarouge, L50, M|\n|poke|p2|Sinistcha, L50|\n|poke|p2|Iron Hands, L50|\n|poke|p2|Ninetales-Alola, L50, M|\n|poke|p2|Roaring Moon, L50|\n|teampreview|4\nRhisea rejected open team sheets.\n|inactive|Battle timer is ON: inactive players will automatically lose when time's up. (requested by Rhisea)\n|inactive|HyruleanTubist also wants the timer to be on.\n|inactive|HyruleanTubist has 60 seconds left.\n|inactive|HyruleanTubist has 30 seconds left.\n|inactive|HyruleanTubist has 20 seconds left.\n|inactive|HyruleanTubist has 15 seconds left.\n|inactive|HyruleanTubist has 10 seconds left.\n|\n|t:|1700512712\n|start\n|switch|p1a: Landorus|Landorus-Therian, L50, M|100\/100\n|switch|p1b: Scizor|Scizor, L50, M|100\/100\n|switch|p2a: Ninetales|Ninetales-Alola, L50, M|100\/100\n|switch|p2b: Indeedee|Indeedee-F, L50, F|100\/100\n|-ability|p1a: Landorus|Intimidate|boost\n|-unboost|p2a: Ninetales|atk|1\n|-unboost|p2b: Indeedee|atk|1\n|-weather|Snow|[from] ability: Snow Warning|[of] p2a: Ninetales\n|-fieldstart|move: Psychic Terrain|[from] ability: Psychic Surge|[of] p2b: Indeedee\n|turn|1\n|\n|t:|1700512730\n|move|p2b: Indeedee|Follow Me|p2b: Indeedee\n|-singleturn|p2b: Indeedee|move: Follow Me\n|move|p1a: Landorus|U-turn|p2b: Indeedee\n|-supereffective|p2b: Indeedee\n|-damage|p2b: Indeedee|44\/100\n|-damage|p1a: Landorus|84\/100|[from] item: Rocky Helmet|[of] p2b: Indeedee\n|\n|t:|1700512736\n|switch|p1a: Iron Bundle|Iron Bundle, L50|100\/100|[from] U-turn\n|-enditem|p1a: Iron Bundle|Booster Energy\n|-activate|p1a: Iron Bundle|ability: Quark Drive|[fromitem]\n|-start|p1a: Iron Bundle|quarkdrivespe\n|move|p2a: Ninetales|Aurora Veil|p2a: Ninetales\n|-sidestart|p2: HyruleanTubist|move: Aurora Veil\n|move|p1b: Scizor|U-turn|p2b: Indeedee\n|-supereffective|p2b: Indeedee\n|-damage|p2b: Indeedee|0 fnt\n|-damage|p1b: Scizor|84\/100|[from] item: Rocky Helmet|[of] p2b: Indeedee\n|faint|p2b: Indeedee\n|\n|t:|1700512746\n|switch|p1b: Flutter Mane|Flutter Mane, L50|100\/100|[from] U-turn\n|\n|-weather|Snow|[upkeep]\n|upkeep\n|\n|t:|1700512750\n|switch|p2b: Armarouge|Armarouge, L50, M|100\/100\n|turn|2\n|inactive|HyruleanTubist has 30 seconds left.\n|inactive|Rhisea has 30 seconds left.\n|inactive|HyruleanTubist has 20 seconds left.\n|inactive|HyruleanTubist has 15 seconds left.\n|inactive|HyruleanTubist has 10 seconds left.\n|\n|t:|1700512801\n|move|p1a: Iron Bundle|Icy Wind|p2b: Armarouge|[spread] p2a,p2b\n|-resisted|p2a: Ninetales\n|-resisted|p2b: Armarouge\n|-damage|p2a: Ninetales|95\/100\n|-damage|p2b: Armarouge|94\/100\n|-unboost|p2a: Ninetales|spe|1\n|-unboost|p2b: Armarouge|spe|1\n|move|p1b: Flutter Mane|Shadow Ball|p2b: Armarouge\n|-supereffective|p2b: Armarouge\n|-damage|p2b: Armarouge|0 fnt\n|faint|p2b: Armarouge\n|move|p2a: Ninetales|Moonblast|p1a: Iron Bundle\n|-damage|p1a: Iron Bundle|56\/100\n|\n|-weather|Snow|[upkeep]\n|upkeep\n|\n|t:|1700512815\n|switch|p2b: Iron Hands|Iron Hands, L50|100\/100\n|turn|3\n|\n|t:|1700512836\n|-terastallize|p1a: Iron Bundle|Ghost\n|move|p1a: Iron Bundle|Helping Hand|p1b: Flutter Mane\n|-singleturn|p1b: Flutter Mane|Helping Hand|[of] p1a: Iron Bundle\n|move|p2b: Iron Hands|Fake Out|p1a: Iron Bundle\n|-activate|p1a: Iron Bundle|move: Psychic Terrain\n|move|p1b: Flutter Mane|Shadow Ball|p2a: Ninetales\n|-damage|p2a: Ninetales|27\/100\n|move|p2a: Ninetales|Moonblast|p1b: Flutter Mane\n|-damage|p1b: Flutter Mane|68\/100\n|-unboost|p1b: Flutter Mane|spa|1\n|\n|-weather|Snow|[upkeep]\n|upkeep\n|turn|4\n|\n|t:|1700512863\n|move|p1a: Iron Bundle|Protect|p1a: Iron Bundle\n|-singleturn|p1a: Iron Bundle|Protect\n|move|p1b: Flutter Mane|Shadow Ball|p2a: Ninetales\n|-damage|p2a: Ninetales|0 fnt\n|faint|p2a: Ninetales\n|move|p2b: Iron Hands|Heavy Slam|p1b: Flutter Mane\n|-supereffective|p1b: Flutter Mane\n|-damage|p1b: Flutter Mane|0 fnt\n|faint|p1b: Flutter Mane\n|-end|p1b: Flutter Mane|Protosynthesis|[silent]\n|\n|-weather|Snow|[upkeep]\n|upkeep\n|\n|t:|1700512871\n|switch|p1b: Landorus|Landorus-Therian, L50, M|84\/100\n|-ability|p1b: Landorus|Intimidate|boost\n|-unboost|p2b: Iron Hands|atk|1\n|turn|5\n|c|\u2606Rhisea|gg\n|\n|t:|1700512889\n|move|p1a: Iron Bundle|Helping Hand|p1b: Landorus\n|-singleturn|p1b: Landorus|Helping Hand|[of] p1a: Iron Bundle\n|move|p1b: Landorus|Stomping Tantrum|p2b: Iron Hands\n|-supereffective|p2b: Iron Hands\n|-damage|p2b: Iron Hands|37\/100\n|move|p2b: Iron Hands|Wild Charge|p1a: Iron Bundle\n|-damage|p1a: Iron Bundle|24\/100\n|-damage|p2b: Iron Hands|31\/100|[from] Recoil\n|\n|-weather|none\n|-fieldend|move: Psychic Terrain\n|upkeep\n|turn|6\n|inactive|HyruleanTubist has 30 seconds left.\n|\n|t:|1700512920\n|move|p1a: Iron Bundle|Helping Hand|p1b: Landorus\n|-singleturn|p1b: Landorus|Helping Hand|[of] p1a: Iron Bundle\n|move|p1b: Landorus|Stomping Tantrum|p2b: Iron Hands\n|-supereffective|p2b: Iron Hands\n|-damage|p2b: Iron Hands|0 fnt\n|faint|p2b: Iron Hands\n|-end|p2b: Iron Hands|Quark Drive|[silent]\n|\n|win|Rhisea\n|raw|Rhisea's rating: 1147 &rarr; <strong>1173<\/strong><br \/>(+26 for winning)\n|raw|HyruleanTubist's rating: 1155 &rarr; <strong>1129<\/strong><br \/>(-26 for losing)\n","uploadtime":1700512929,"views":3,"p1id":"rhisea","p2id":"hyruleantubist","formatid":"gen9vgc2023regulatione","rating":1129,"private":0,"password":""}