{"id":"gen9vgc2023regulatione-1990467627","p1":"LasPruebitas","p2":"Wellington Kobs","format":"[Gen 9] VGC 2023 Regulation E","log":"|j|\u2606LasPruebitas\n|j|\u2606Wellington Kobs\n|t:|1699973708\n|gametype|doubles\n|player|p1|LasPruebitas|dragontamer|1326\n|player|p2|Wellington Kobs|blue|1352\n|teamsize|p1|6\n|teamsize|p2|6\n|gen|9\n|tier|[Gen 9] VGC 2023 Regulation E\n|rated|\n|rule|Species Clause: Limit one of each Pok\u00e9mon\n|rule|Item Clause: Limit one of each item\n|clearpoke\n|poke|p1|Zapdos-Galar, L50|\n|poke|p1|Amoonguss, L50, F|\n|poke|p1|Maushold, L50|\n|poke|p1|Heatran, L50, M|\n|poke|p1|Empoleon, L50, M|\n|poke|p1|Iron Hands, L50|\n|poke|p2|Urshifu-*, L50, M|\n|poke|p2|Dragapult, L50, F|\n|poke|p2|Farigiraf, L50, M|\n|poke|p2|Tornadus, L50, M|\n|poke|p2|Heatran, L50, M|\n|poke|p2|Rillaboom, L50, F|\n|teampreview|4\n|inactive|Battle timer is ON: inactive players will automatically lose when time's up. (requested by LasPruebitas)\nWellington Kobs has agreed to open team sheets.\n|inactive|LasPruebitas has 60 seconds left.\n|\n|t:|1699973740\n|start\n|switch|p1a: Los Ramirez|Maushold, L50|100\/100\n|switch|p1b: LegDayZapdos|Zapdos-Galar, L50|100\/100\n|switch|p2a: Dragapult|Dragapult, L50, F|100\/100\n|switch|p2b: Urshifu|Urshifu-Rapid-Strike, L50, M|100\/100\n|turn|1\n|inactive|LasPruebitas has 30 seconds left.\n|inactive|Wellington Kobs has 30 seconds left.\n|inactive|LasPruebitas has 20 seconds left.\n|inactive|LasPruebitas has 15 seconds left.\n|\n|t:|1699973784\n|-terastallize|p2b: Urshifu|Ghost\n|move|p1a: Los Ramirez|Follow Me|p1a: Los Ramirez\n|-singleturn|p1a: Los Ramirez|move: Follow Me\n|move|p1b: LegDayZapdos|Brave Bird|p2a: Dragapult\n|-damage|p2a: Dragapult|8\/100\n|-damage|p1b: LegDayZapdos|70\/100|[from] Recoil\n|move|p2b: Urshifu|Surging Strikes|p1a: Los Ramirez\n|-crit|p1a: Los Ramirez\n|-damage|p1a: Los Ramirez|76\/100\n|-damage|p2b: Urshifu|84\/100|[from] item: Rocky Helmet|[of] p1a: Los Ramirez\n|-crit|p1a: Los Ramirez\n|-damage|p1a: Los Ramirez|50\/100\n|-damage|p2b: Urshifu|67\/100|[from] item: Rocky Helmet|[of] p1a: Los Ramirez\n|-crit|p1a: Los Ramirez\n|-damage|p1a: Los Ramirez|26\/100\n|-damage|p2b: Urshifu|51\/100|[from] item: Rocky Helmet|[of] p1a: Los Ramirez\n|-hitcount|p1a: Los Ramirez|3\n|move|p2a: Dragapult|Dragon Darts|p1a: Los Ramirez\n|-damage|p1a: Los Ramirez|0 fnt\n|faint|p1a: Los Ramirez\n|\n|upkeep\n|inactive|LasPruebitas has 30 seconds left.\n|inactive|LasPruebitas has 20 seconds left.\n|\n|t:|1699973820\n|switch|p1a: Da F\u00fchrer|Empoleon, L50, M|100\/100\n|turn|2\n|\n|t:|1699973835\n|move|p1b: LegDayZapdos|Brave Bird|p2b: Urshifu\n|-damage|p2b: Urshifu|0 fnt\n|faint|p2b: Urshifu\n|-damage|p1b: LegDayZapdos|53\/100|[from] Recoil\n|move|p2a: Dragapult|Dragon Darts|p1a: Da F\u00fchrer\n|-resisted|p1a: Da F\u00fchrer\n|-damage|p1a: Da F\u00fchrer|82\/100\n|-anim|p2a: Dragapult|Dragon Darts|p1b: LegDayZapdos\n|-damage|p1b: LegDayZapdos|8\/100\n|move|p1a: Da F\u00fchrer|Icy Wind|p2a: Dragapult\n|-supereffective|p2a: Dragapult\n|-damage|p2a: Dragapult|0 fnt\n|faint|p2a: Dragapult\n|-damage|p1a: Da F\u00fchrer|72\/100|[from] item: Life Orb\n|\n|upkeep\n|\n|t:|1699973840\n|switch|p2a: Rillaboom|Rillaboom, L50, F|100\/100\n|switch|p2b: Tornadus|Tornadus, L50, M|100\/100\n|-fieldstart|move: Grassy Terrain|[from] ability: Grassy Surge|[of] p2a: Rillaboom\n|turn|3\n|\n|t:|1699973857\n|switch|p1b: Iron Hands|Iron Hands, L50|100\/100\n|move|p2a: Rillaboom|Fake Out|p1b: Iron Hands\n|-damage|p1b: Iron Hands|91\/100\n|move|p2b: Tornadus|Bleakwind Storm|p1a: Da F\u00fchrer|[spread] p1a,p1b\n|-resisted|p1a: Da F\u00fchrer\n|-damage|p1a: Da F\u00fchrer|59\/100\n|-damage|p1b: Iron Hands|75\/100\n|-unboost|p1b: Iron Hands|spe|1\n|move|p1a: Da F\u00fchrer|Icy Wind|p2b: Tornadus|[spread] p2a,p2b\n|-supereffective|p2a: Rillaboom\n|-supereffective|p2b: Tornadus\n|-damage|p2a: Rillaboom|51\/100\n|-damage|p2b: Tornadus|74\/100\n|-unboost|p2a: Rillaboom|spe|1\n|-damage|p1a: Da F\u00fchrer|49\/100|[from] item: Life Orb\n|\n|-heal|p2a: Rillaboom|57\/100|[from] Grassy Terrain\n|-heal|p1a: Da F\u00fchrer|55\/100|[from] Grassy Terrain\n|-heal|p1b: Iron Hands|81\/100|[from] Grassy Terrain\n|upkeep\n|turn|4\n|\n|t:|1699973876\n|move|p1a: Da F\u00fchrer|Protect|p1a: Da F\u00fchrer\n|-singleturn|p1a: Da F\u00fchrer|Protect\n|move|p2a: Rillaboom|Grassy Glide|p1a: Da F\u00fchrer\n|-activate|p1a: Da F\u00fchrer|move: Protect\n|move|p2b: Tornadus|Bleakwind Storm|p1a: Da F\u00fchrer|[spread] \n|-activate|p1a: Da F\u00fchrer|move: Protect\n|-miss|p2b: Tornadus|p1b: Iron Hands\n|move|p1b: Iron Hands|Wild Charge|p2b: Tornadus\n|-supereffective|p2b: Tornadus\n|-damage|p2b: Tornadus|0 fnt\n|faint|p2b: Tornadus\n|-damage|p1b: Iron Hands|67\/100|[from] Recoil\n|\n|-heal|p2a: Rillaboom|63\/100|[from] Grassy Terrain\n|-heal|p1a: Da F\u00fchrer|61\/100|[from] Grassy Terrain\n|-heal|p1b: Iron Hands|73\/100|[from] Grassy Terrain\n|upkeep\n|turn|5\n|-message|Wellington Kobs forfeited.\n|\n|win|LasPruebitas\n|raw|LasPruebitas's rating: 1326 &rarr; <strong>1347<\/strong><br \/>(+21 for winning)\n|raw|Wellington Kobs's rating: 1352 &rarr; <strong>1331<\/strong><br \/>(-21 for losing)\n|l|\u2606Wellington Kobs\n","uploadtime":1699973910,"views":12,"p1id":"laspruebitas","p2id":"wellingtonkobs","formatid":"gen9vgc2023regulatione","rating":1331,"private":0,"password":""}