{"id":"gen9vgc2023regulatione-1991491221","p1":"Toad507","p2":"secretstudent","format":"[Gen 9] VGC 2023 Regulation E","log":"|j|\u2606Toad507\n|j|\u2606secretstudent\n|t:|1700081790\n|gametype|doubles\n|player|p1|Toad507|youngster-gen4dp|1049\n|player|p2|secretstudent|beauty|1033\n|teamsize|p1|6\n|teamsize|p2|6\n|gen|9\n|tier|[Gen 9] VGC 2023 Regulation E\n|rated|\n|rule|Species Clause: Limit one of each Pok\u00e9mon\n|rule|Item Clause: Limit one of each item\n|clearpoke\n|poke|p1|Tornadus, L50, M|\n|poke|p1|Farigiraf, L50, F|\n|poke|p1|Passimian, L50, M|\n|poke|p1|Enamorus, L50, F|\n|poke|p1|Dugtrio-Alola, L50, M|\n|poke|p1|Rillaboom, L50, F|\n|poke|p2|Chien-Pao, L50|\n|poke|p2|Amoonguss, L50, F|\n|poke|p2|Hatterene, L50, F|\n|poke|p2|Gyarados, L50, F|\n|poke|p2|Volcarona, L50, F|\n|poke|p2|Ogerpon, L50, F|\n|teampreview|4\n|inactive|Battle timer is ON: inactive players will automatically lose when time's up. (requested by Toad507)\n|\n|t:|1700081814\n|start\n|switch|p1a: Enamorus|Enamorus, L50, F|100\/100\n|switch|p1b: Passimian|Passimian, L50, M|100\/100\n|switch|p2a: Hatterene|Hatterene, L50, F|100\/100\n|switch|p2b: Gyarados|Gyarados, L50, F|100\/100\n|-ability|p2b: Gyarados|Intimidate|boost\n|-boost|p1a: Enamorus|atk|1\n|-unboost|p1b: Passimian|atk|1\n|turn|1\n|\n|t:|1700081836\n|move|p1a: Enamorus|Superpower|p2a: Hatterene\n|-resisted|p2a: Hatterene\n|-damage|p2a: Hatterene|83\/100\n|-boost|p1a: Enamorus|atk|1\n|-boost|p1a: Enamorus|def|1\n|move|p2b: Gyarados|Thunder Wave|p1a: Enamorus\n|-status|p1a: Enamorus|par\n|-enditem|p1a: Enamorus|Lum Berry|[eat]\n|-curestatus|p1a: Enamorus|par|[msg]\n|move|p1b: Passimian|Iron Head|p2a: Hatterene\n|-supereffective|p2a: Hatterene\n|-damage|p2a: Hatterene|42\/100\n|move|p2a: Hatterene|Dazzling Gleam|p1a: Enamorus|[spread] p1a,p1b\n|-supereffective|p1b: Passimian\n|-damage|p1a: Enamorus|50\/100\n|-damage|p1b: Passimian|8\/100\n|\n|-heal|p1b: Passimian|14\/100|[from] item: Leftovers\n|upkeep\n|turn|2\n|\n|t:|1700081859\n|move|p2a: Hatterene|Protect|p2a: Hatterene\n|-singleturn|p2a: Hatterene|Protect\n|move|p1a: Enamorus|Taunt|p2b: Gyarados\n|-start|p2b: Gyarados|move: Taunt\n|cant|p2b: Gyarados|move: Taunt|Thunder Wave\n|move|p1b: Passimian|Iron Head|p2a: Hatterene\n|-activate|p2a: Hatterene|move: Protect\n|\n|-heal|p1b: Passimian|19\/100|[from] item: Leftovers\n|upkeep\n|turn|3\n|\n|t:|1700081874\n|switch|p2a: Amoonguss|Amoonguss, L50, F|100\/100\n|move|p1b: Passimian|Protect|p1b: Passimian\n|-singleturn|p1b: Passimian|Protect\n|move|p1a: Enamorus|Iron Head|p2a: Amoonguss\n|-damage|p2a: Amoonguss|59\/100\n|move|p2b: Gyarados|Waterfall|p1b: Passimian\n|-activate|p1b: Passimian|move: Protect\n|\n|-heal|p1b: Passimian|25\/100|[from] item: Leftovers\n|upkeep\n|turn|4\n|\n|t:|1700081898\n|move|p1a: Enamorus|Superpower|p2a: Amoonguss\n|-resisted|p2a: Amoonguss\n|-damage|p2a: Amoonguss|27\/100\n|-boost|p1a: Enamorus|atk|1\n|-boost|p1a: Enamorus|def|1\n|move|p2b: Gyarados|Waterfall|p1a: Enamorus\n|-damage|p1a: Enamorus|20\/100\n|move|p1b: Passimian|Iron Head|p2a: Amoonguss\n|-crit|p2a: Amoonguss\n|-damage|p2a: Amoonguss|0 fnt\n|faint|p2a: Amoonguss\n|\n|-heal|p1b: Passimian|31\/100|[from] item: Leftovers\n|-end|p2b: Gyarados|move: Taunt\n|upkeep\n|\n|t:|1700081911\n|switch|p2a: Chien-Pao|Chien-Pao, L50|100\/100\n|-ability|p2a: Chien-Pao|Sword of Ruin\n|turn|5\n|\n|t:|1700081926\n|switch|p1b: Dugtrio|Dugtrio-Alola, L50, M|100\/100\n|-terastallize|p2a: Chien-Pao|Ghost\n|move|p2a: Chien-Pao|Icicle Crash|p1a: Enamorus\n|-supereffective|p1a: Enamorus\n|-damage|p1a: Enamorus|0 fnt\n|faint|p1a: Enamorus\n|move|p2b: Gyarados|Waterfall|p1b: Dugtrio\n|-supereffective|p1b: Dugtrio\n|-enditem|p1b: Dugtrio|Focus Sash\n|-damage|p1b: Dugtrio|1\/100\n|-ability|p1b: Dugtrio|Tangling Hair\n|-unboost|p2b: Gyarados|spe|1\n|\n|upkeep\n|\n|t:|1700081941\n|switch|p1a: Rillaboom|Rillaboom, L50, F|100\/100\n|-fieldstart|move: Grassy Terrain|[from] ability: Grassy Surge|[of] p1a: Rillaboom\n|turn|6\n|\n|t:|1700081951\n|switch|p2b: Hatterene|Hatterene, L50, F|42\/100\n|move|p1a: Rillaboom|Grassy Glide|p2a: Chien-Pao\n|-damage|p2a: Chien-Pao|34\/100\n|move|p2a: Chien-Pao|Icicle Crash|p1a: Rillaboom\n|-supereffective|p1a: Rillaboom\n|-damage|p1a: Rillaboom|0 fnt\n|faint|p1a: Rillaboom\n|move|p1b: Dugtrio|Rock Slide|p2a: Chien-Pao|[spread] p2a,p2b\n|-damage|p2a: Chien-Pao|12\/100\n|-damage|p2b: Hatterene|19\/100\n|\n|-heal|p2a: Chien-Pao|18\/100|[from] Grassy Terrain\n|-heal|p1b: Dugtrio|7\/100|[from] Grassy Terrain\n|-heal|p2b: Hatterene|25\/100|[from] Grassy Terrain\n|upkeep\n|\n|t:|1700081969\n|switch|p1a: Passimian|Passimian, L50, M|31\/100\n|turn|7\n|\n|t:|1700081982\n|move|p2a: Chien-Pao|Sucker Punch|p1b: Dugtrio\n|-damage|p1b: Dugtrio|0 fnt\n|-ability|p1b: Dugtrio|Tangling Hair\n|-unboost|p2a: Chien-Pao|spe|1\n|faint|p1b: Dugtrio\n|-ability|p1a: Passimian|Tangling Hair|[from] ability: Receiver|[of] p1b: Dugtrio\n|move|p1a: Passimian|Iron Head|p2b: Hatterene\n|-supereffective|p2b: Hatterene\n|-damage|p2b: Hatterene|0 fnt\n|faint|p2b: Hatterene\n|\n|-heal|p2a: Chien-Pao|24\/100|[from] Grassy Terrain\n|-heal|p1a: Passimian|37\/100|[from] Grassy Terrain\n|-heal|p1a: Passimian|43\/100|[from] item: Leftovers\n|upkeep\n|\n|t:|1700081995\n|switch|p2b: Gyarados|Gyarados, L50, F|100\/100\n|-ability|p2b: Gyarados|Intimidate|boost\n|-unboost|p1a: Passimian|atk|1\n|turn|8\n|\n|t:|1700082013\n|move|p2b: Gyarados|Waterfall|p1a: Passimian\n|-damage|p1a: Passimian|0 fnt\n|-ability|p1a: Passimian|Tangling Hair\n|-unboost|p2b: Gyarados|spe|1\n|faint|p1a: Passimian\n|\n|win|secretstudent\n|raw|Toad507's rating: 1049 &rarr; <strong>1031<\/strong><br \/>(-18 for losing)\n|raw|secretstudent's rating: 1033 &rarr; <strong>1070<\/strong><br \/>(+37 for winning)\n","uploadtime":1700082019,"views":8,"p1id":"toad507","p2id":"secretstudent","formatid":"gen9vgc2023regulatione","rating":1031,"private":0,"password":""}