{"id":"gen9vgc2023regulatione-1992027024","p1":"Hallo100","p2":"Ciphersteppa","format":"[Gen 9] VGC 2023 Regulation E","log":"|j|\u2606Hallo100\n|j|\u2606Ciphersteppa\n|t:|1700148907\n|gametype|doubles\n|player|p1|Hallo100|shadowtriad|1115\n|player|p2|Ciphersteppa|101|1054\n|teamsize|p1|6\n|teamsize|p2|6\n|gen|9\n|tier|[Gen 9] VGC 2023 Regulation E\n|rated|\n|rule|Species Clause: Limit one of each Pok\u00e9mon\n|rule|Item Clause: Limit one of each item\n|clearpoke\n|poke|p1|Corviknight, L50, M|\n|poke|p1|Landorus-Therian, L50, M|\n|poke|p1|Grimmsnarl, L50, M|\n|poke|p1|Mimikyu, L50, F|\n|poke|p1|Heatran, L50, M|\n|poke|p1|Chien-Pao, L50|\n|poke|p2|Volcarona, L50, M|\n|poke|p2|Tornadus, L50, M|\n|poke|p2|Milotic, L50, F|\n|poke|p2|Iron Hands, L50|\n|poke|p2|Roaring Moon, L50|\n|poke|p2|Flutter Mane, L50|\n|teampreview|4\n|inactive|Battle timer is ON: inactive players will automatically lose when time's up. (requested by Ciphersteppa)\n|inactive|Hallo100 has 60 seconds left.\n|inactive|Ciphersteppa has 60 seconds left.\n|\n|t:|1700148961\n|start\n|switch|p1a: Landorus|Landorus-Therian, L50, M|100\/100\n|switch|p1b: Mimikyu|Mimikyu, L50, F, shiny|100\/100\n|switch|p2a: Roaring Moon|Roaring Moon, L50|100\/100\n|switch|p2b: Iron Hands|Iron Hands, L50|100\/100\n|-ability|p1a: Landorus|Intimidate|boost\n|-unboost|p2a: Roaring Moon|atk|1\n|-unboost|p2b: Iron Hands|atk|1\n|-enditem|p2a: Roaring Moon|Booster Energy\n|-activate|p2a: Roaring Moon|ability: Protosynthesis|[fromitem]\n|-start|p2a: Roaring Moon|protosynthesisspe\n|turn|1\n|\n|t:|1700148983\n|switch|p1a: Grimmsnarl|Grimmsnarl, L50, M|100\/100\n|move|p1b: Mimikyu|Protect|p1b: Mimikyu\n|-singleturn|p1b: Mimikyu|Protect\n|move|p2b: Iron Hands|Fake Out|p1a: Grimmsnarl\n|-damage|p1a: Grimmsnarl|91\/100\n|move|p2a: Roaring Moon|Knock Off|p1b: Mimikyu\n|-activate|p1b: Mimikyu|move: Protect\n|\n|upkeep\n|turn|2\n|inactive|Hallo100 has 30 seconds left.\n|\n|t:|1700149010\n|-end|p2a: Roaring Moon|Protosynthesis|[silent]\n|switch|p2a: Volcarona|Volcarona, L50, M|100\/100\n|move|p1a: Grimmsnarl|Reflect|p1a: Grimmsnarl\n|-sidestart|p1: Hallo100|Reflect\n|move|p2b: Iron Hands|Volt Switch|p1b: Mimikyu\n|-activate|p1b: Mimikyu|ability: Disguise\n|-damage|p1b: Mimikyu|100\/100\n|detailschange|p1b: Mimikyu|Mimikyu-Busted, L50, F, shiny\n|-damage|p1b: Mimikyu|88\/100|[from] pokemon: Mimikyu-Busted\n|\n|t:|1700149022\n|-end|p2b: Iron Hands|Quark Drive|[silent]\n|switch|p2b: Roaring Moon|Roaring Moon, L50|100\/100|[from] Volt Switch\n|move|p1b: Mimikyu|Trick Room|p1b: Mimikyu\n|-fieldstart|move: Trick Room|[of] p1b: Mimikyu\n|\n|upkeep\n|turn|3\n|\n|t:|1700149041\n|-terastallize|p2b: Roaring Moon|Flying\n|move|p1a: Grimmsnarl|Light Screen|p1a: Grimmsnarl\n|-sidestart|p1: Hallo100|move: Light Screen\n|move|p1b: Mimikyu|Play Rough|p2b: Roaring Moon\n|-damage|p2b: Roaring Moon|47\/100\n|move|p2a: Volcarona|Will-O-Wisp|p1a: Grimmsnarl\n|-status|p1a: Grimmsnarl|brn\n|move|p2b: Roaring Moon|Dragon Dance|p2b: Roaring Moon\n|-boost|p2b: Roaring Moon|atk|1\n|-boost|p2b: Roaring Moon|spe|1\n|\n|-damage|p1a: Grimmsnarl|85\/100 brn|[from] brn\n|upkeep\n|turn|4\n|\n|t:|1700149061\n|switch|p1a: Landorus|Landorus-Therian, L50, M|100\/100\n|-ability|p1a: Landorus|Intimidate|boost\n|-unboost|p2a: Volcarona|atk|1\n|-unboost|p2b: Roaring Moon|atk|1\n|-end|p2b: Roaring Moon|Protosynthesis|[silent]\n|switch|p2b: Iron Hands|Iron Hands, L50|100\/100\n|move|p1b: Mimikyu|Shadow Claw|p2a: Volcarona\n|-damage|p2a: Volcarona|72\/100\n|move|p2a: Volcarona|Heat Wave|p1b: Mimikyu|[spread] p1a\n|-miss|p2a: Volcarona|p1b: Mimikyu\n|-damage|p1a: Landorus|67\/100\n|\n|-heal|p2a: Volcarona|78\/100|[from] item: Leftovers\n|upkeep\n|turn|5\n|inactive|Hallo100 has 30 seconds left.\n|\n|t:|1700149088\n|switch|p1a: Heatran|Heatran, L50, M|100\/100\n|move|p2b: Iron Hands|Fake Out|p1a: Heatran\n|-resisted|p1a: Heatran\n|-damage|p1a: Heatran|97\/100\n|move|p1b: Mimikyu|Play Rough|p2b: Iron Hands\n|-supereffective|p2b: Iron Hands\n|-damage|p2b: Iron Hands|42\/100\n|move|p2a: Volcarona|Will-O-Wisp|p1a: Heatran\n|-start|p1a: Heatran|ability: Flash Fire\n|\n|-heal|p1a: Heatran|100\/100|[from] item: Leftovers\n|-heal|p2a: Volcarona|84\/100|[from] item: Leftovers\n|upkeep\n|turn|6\n|inactive|Hallo100 has 30 seconds left.\n|\n|t:|1700149114\n|-end|p2b: Iron Hands|Quark Drive|[silent]\n|switch|p2b: Milotic|Milotic, L50, F|100\/100\n|move|p1b: Mimikyu|Protect|p1b: Mimikyu\n|-singleturn|p1b: Mimikyu|Protect\n|move|p1a: Heatran|Heat Wave|p2a: Volcarona|[spread] p2a,p2b\n|-resisted|p2b: Milotic\n|-damage|p2a: Volcarona|28\/100\n|-damage|p2b: Milotic|78\/100\n|move|p2a: Volcarona|Will-O-Wisp|p1b: Mimikyu\n|-activate|p1b: Mimikyu|move: Protect\n|\n|-heal|p2a: Volcarona|34\/100|[from] item: Leftovers\n|-fieldend|move: Trick Room\n|upkeep\n|turn|7\n|\n|t:|1700149134\n|-terastallize|p1a: Heatran|Grass\n|move|p2a: Volcarona|Will-O-Wisp|p1b: Mimikyu\n|-status|p1b: Mimikyu|brn\n|move|p2b: Milotic|Coil|p2b: Milotic\n|-boost|p2b: Milotic|atk|1\n|-boost|p2b: Milotic|def|1\n|-boost|p2b: Milotic|accuracy|1\n|move|p1a: Heatran|Tera Blast|p2b: Milotic|[anim] Tera Blast Grass\n|-supereffective|p2b: Milotic\n|-damage|p2b: Milotic|5\/100\n|move|p1b: Mimikyu|Trick Room|p1b: Mimikyu\n|-fieldstart|move: Trick Room|[of] p1b: Mimikyu\n|\n|-heal|p2a: Volcarona|40\/100|[from] item: Leftovers\n|-damage|p1b: Mimikyu|82\/100 brn|[from] brn\n|upkeep\n|turn|8\n|inactive|Hallo100 has 30 seconds left.\n|inactive|Ciphersteppa has 30 seconds left.\n|\n|t:|1700149161\n|switch|p1b: Grimmsnarl|Grimmsnarl, L50, M|85\/100 brn\n|move|p1a: Heatran|Heat Wave|p2b: Milotic|[spread] p2a,p2b\n|-resisted|p2b: Milotic\n|-damage|p2a: Volcarona|0 fnt\n|-damage|p2b: Milotic|0 fnt\n|faint|p2a: Volcarona\n|faint|p2b: Milotic\n|\n|-damage|p1b: Grimmsnarl|79\/100 brn|[from] brn\n|upkeep\n|\n|t:|1700149172\n|switch|p2b: Roaring Moon|Roaring Moon, L50, tera:Flying|47\/100\n|switch|p2a: Iron Hands|Iron Hands, L50|42\/100\n|turn|9\n|\n|t:|1700149185\n|switch|p1b: Landorus|Landorus-Therian, L50, M|67\/100\n|-ability|p1b: Landorus|Intimidate|boost\n|-unboost|p2a: Iron Hands|atk|1\n|-unboost|p2b: Roaring Moon|atk|1\n|move|p1a: Heatran|Protect|p1a: Heatran\n|-singleturn|p1a: Heatran|Protect\n|move|p2a: Iron Hands|Fake Out|p1a: Heatran\n|-activate|p1a: Heatran|move: Protect\n|move|p2b: Roaring Moon|Acrobatics|p1a: Heatran\n|-activate|p1a: Heatran|move: Protect\n|\n|-sideend|p1: Hallo100|Reflect\n|upkeep\n|turn|10\n|\n|t:|1700149203\n|move|p2a: Iron Hands|Drain Punch|p1a: Heatran\n|-damage|p1a: Heatran|78\/100\n|-heal|p2a: Iron Hands|52\/100|[from] drain|[of] p1a: Heatran\n|move|p1a: Heatran|Heat Wave|p2b: Roaring Moon|[spread] p2a,p2b\n|-damage|p2a: Iron Hands|19\/100\n|-damage|p2b: Roaring Moon|0 fnt\n|faint|p2b: Roaring Moon\n|-end|p2b: Roaring Moon|Protosynthesis|[silent]\n|move|p1b: Landorus|U-turn|p2a: Iron Hands\n|-resisted|p2a: Iron Hands\n|-damage|p2a: Iron Hands|9\/100\n|\n|t:|1700149215\n|switch|p1b: Grimmsnarl|Grimmsnarl, L50, M|79\/100 brn|[from] U-turn\n|\n|-heal|p1a: Heatran|84\/100|[from] item: Leftovers\n|-damage|p1b: Grimmsnarl|73\/100 brn|[from] brn\n|-sideend|p1: Hallo100|move: Light Screen\n|upkeep\n|turn|11\n|-message|Ciphersteppa forfeited.\n|\n|win|Hallo100\n|raw|Hallo100's rating: 1115 &rarr; <strong>1136<\/strong><br \/>(+21 for winning)\n|raw|Ciphersteppa's rating: 1054 &rarr; <strong>1039<\/strong><br \/>(-15 for losing)\n|l|\u2606Ciphersteppa\n","uploadtime":1700149257,"views":13,"p1id":"hallo100","p2id":"ciphersteppa","formatid":"gen9vgc2023regulatione","rating":1039,"private":0,"password":""}