{"id":"gen9vgc2023regulatione-1992738872","p1":"stecca","p2":"ryukeivgc","format":"[Gen 9] VGC 2023 Regulation E","log":"|j|\u2606stecca\n|j|\u2606ryukeivgc\n|n|\u2606stecca|stecca\n|n|\u2606ryukeivgc|ryukeivgc\n|html|View the match progress at <a href=\"\/game-bestof3-gen9vgc2023regulatione-1992725807\">game-bestof3-gen9vgc2023regulatione-1992725807<\/a>\n|t:|1700230881\n|gametype|doubles\n|player|p1|stecca|unknown|\n|player|p2|ryukeivgc|ruinmaniac|\n|teamsize|p1|6\n|teamsize|p2|6\n|gen|9\n|tier|[Gen 9] VGC 2023 Regulation E\n|rule|Species Clause: Limit one of each Pok\u00e9mon\n|rule|Item Clause: Limit one of each item\n|clearpoke\n|poke|p1|Landorus-Therian, L50, M|\n|poke|p1|Rillaboom, L50, M|\n|poke|p1|Tornadus, L50, M|\n|poke|p1|Urshifu-*, L50, F|\n|poke|p1|Flutter Mane, L50|\n|poke|p1|Heatran, L50, M|\n|poke|p2|Farigiraf, L50, F|\n|poke|p2|Dragonite, L50, M|\n|poke|p2|Chien-Pao, L50|\n|poke|p2|Urshifu-*, L50, M|\n|poke|p2|Ogerpon-Cornerstone, L50, F|\n|poke|p2|Ursaluna-Bloodmoon, L50, M|\n|teampreview|4\nstecca has agreed to open team sheets.\nryukeivgc has agreed to open team sheets.\n|showteam|p1|Landorus-Therian||ChoiceScarf|Intimidate|StompingTantrum,TeraBlast,RockSlide,Uturn|||M|||50|,,,,,Flying]Rillaboom||AssaultVest|GrassySurge|FakeOut,WoodHammer,Uturn,GrassyGlide|||M|||50|,,,,,Fire]Tornadus||SitrusBerry|Prankster|Tailwind,Taunt,BleakwindStorm,ScaryFace|||M|||50|,,,,,Ghost]Urshifu-Rapid-Strike||MysticWater|UnseenFist|SurgingStrikes,CloseCombat,AquaJet,Protect|||F|||50|,,,,,Water]Flutter Mane||BoosterEnergy|Protosynthesis|Moonblast,DazzlingGleam,ShadowBall,Protect||||||50|,,,,,Fairy]Heatran||Leftovers|FlashFire|MagmaStorm,EarthPower,Substitute,Protect|||M|||50|,,,,,Grass\n|showteam|p2|Farigiraf||SafetyGoggles|ArmorTail|Psyshock,Uproar,HelpingHand,TrickRoom|||F|||50|,,,,,Fire]Dragonite||ChoiceBand|InnerFocus|ExtremeSpeed,Outrage,StompingTantrum,AerialAce|||M|||50|,,,,,Normal]Chien-Pao||FocusSash|SwordofRuin|SacredSword,IcicleCrash,SuckerPunch,Protect||||||50|,,,,,Ghost]Urshifu-Rapid-Strike||ChoiceScarf|UnseenFist|SurgingStrikes,CloseCombat,AquaJet,Uturn|||M|||50|,,,,,Water]Ogerpon-Cornerstone||CornerstoneMask|Sturdy|IvyCudgel,PowerWhip,FollowMe,SpikyShield|||F|||50|,,,,,Rock]Ursaluna-Bloodmoon||LifeOrb|MindsEye|HyperVoice,EarthPower,BloodMoon,Protect|||M|||50|,,,,,Normal\n|c|\u2606stecca|glhf\n|j| higashi no gab\n|j| Mastrota89\n|j| Crudo de fava\n|j| Demone Trenitalia\n|c|\u2606ryukeivgc|u2\n|j| 2016 Hypebeast\n|\n|t:|1700230988\n|start\n|switch|p1a: Palermo|Urshifu-Rapid-Strike, L50, F|100\/100\n|switch|p1b: MaiEnemiVGC|Flutter Mane, L50|100\/100\n|switch|p2a: Farigiraf|Farigiraf, L50, F|100\/100\n|switch|p2b: Dragonite|Dragonite, L50, M|100\/100\n|-enditem|p1b: MaiEnemiVGC|Booster Energy\n|-activate|p1b: MaiEnemiVGC|ability: Protosynthesis|[fromitem]\n|-start|p1b: MaiEnemiVGC|protosynthesisspa\n|turn|1\n|l| 2016 Hypebeast\n|j| 2016 Hypebeast\n|\n|t:|1700231113\n|switch|p1a: Heatran|Heatran, L50, M|100\/100\n|-terastallize|p2b: Dragonite|Normal\n|move|p2a: Farigiraf|Helping Hand|p2b: Dragonite\n|-singleturn|p2b: Dragonite|Helping Hand|[of] p2a: Farigiraf\n|move|p2b: Dragonite|Extreme Speed|p1a: Heatran\n|-resisted|p1a: Heatran\n|-damage|p1a: Heatran|53\/100\n|move|p1b: MaiEnemiVGC|Moonblast|p2b: Dragonite\n|-damage|p2b: Dragonite|40\/100\n|-unboost|p2b: Dragonite|spa|1\n|\n|-heal|p1a: Heatran|59\/100|[from] item: Leftovers\n|upkeep\n|turn|2\n|l| 2016 Hypebeast\n|\n|t:|1700231158\n|move|p1a: Heatran|Protect|p1a: Heatran\n|-singleturn|p1a: Heatran|Protect\n|move|p2b: Dragonite|Extreme Speed|p1b: MaiEnemiVGC\n|-immune|p1b: MaiEnemiVGC\n|move|p1b: MaiEnemiVGC|Moonblast|p2b: Dragonite\n|-damage|p2b: Dragonite|0 fnt\n|faint|p2b: Dragonite\n|move|p2a: Farigiraf|Psyshock|p1b: MaiEnemiVGC\n|-damage|p1b: MaiEnemiVGC|47\/100\n|\n|-heal|p1a: Heatran|65\/100|[from] item: Leftovers\n|upkeep\n|\n|t:|1700231201\n|switch|p2b: Chien-Pao|Chien-Pao, L50|100\/100\n|-ability|p2b: Chien-Pao|Sword of Ruin\n|turn|3\n|j| 2016 Hypebeast\n|l| 2016 Hypebeast\n|\n|t:|1700231272\n|move|p2b: Chien-Pao|Protect|p2b: Chien-Pao\n|-singleturn|p2b: Chien-Pao|Protect\n|move|p1b: MaiEnemiVGC|Dazzling Gleam|p2b: Chien-Pao|[spread] p2a\n|-activate|p2b: Chien-Pao|move: Protect\n|-damage|p2a: Farigiraf|64\/100\n|move|p1a: Heatran|Substitute|p1a: Heatran\n|-start|p1a: Heatran|Substitute\n|-damage|p1a: Heatran|40\/100\n|move|p2a: Farigiraf|Psyshock|p1b: MaiEnemiVGC\n|-damage|p1b: MaiEnemiVGC|0 fnt\n|faint|p1b: MaiEnemiVGC\n|-end|p1b: MaiEnemiVGC|Protosynthesis|[silent]\n|\n|-heal|p1a: Heatran|47\/100|[from] item: Leftovers\n|upkeep\n|j| 2016 Hypebeast\n|\n|t:|1700231279\n|switch|p1b: Palermo|Urshifu-Rapid-Strike, L50, F|100\/100\n|turn|4\n|\n|t:|1700231339\n|switch|p2b: Urshifu|Urshifu-Rapid-Strike, L50, M|100\/100\n|-terastallize|p1b: Palermo|Water\n|move|p1b: Palermo|Surging Strikes|p2a: Farigiraf\n|-crit|p2a: Farigiraf\n|-damage|p2a: Farigiraf|36\/100\n|-crit|p2a: Farigiraf\n|-damage|p2a: Farigiraf|9\/100\n|-crit|p2a: Farigiraf\n|-damage|p2a: Farigiraf|0 fnt\n|faint|p2a: Farigiraf\n|-hitcount|p2: Farigiraf|3\n|move|p1a: Heatran|Magma Storm|p2b: Urshifu\n|-resisted|p2b: Urshifu\n|-damage|p2b: Urshifu|61\/100\n|-activate|p2b: Urshifu|move: Magma Storm|[of] p1a: Heatran\n|\n|-heal|p1a: Heatran|53\/100|[from] item: Leftovers\n|-damage|p2b: Urshifu|49\/100|[from] move: Magma Storm|[partiallytrapped]\n|upkeep\n|\n|t:|1700231345\n|switch|p2a: Chien-Pao|Chien-Pao, L50|100\/100\n|-ability|p2a: Chien-Pao|Sword of Ruin\n|turn|5\n|\n|t:|1700231378\n|move|p2b: Urshifu|Surging Strikes|p1a: Heatran\n|-supereffective|p1a: Heatran\n|-crit|p1a: Heatran\n|-end|p1a: Heatran|Substitute\n|-supereffective|p1a: Heatran\n|-crit|p1a: Heatran\n|-damage|p1a: Heatran|6\/100\n|-supereffective|p1a: Heatran\n|-crit|p1a: Heatran\n|-damage|p1a: Heatran|0 fnt\n|faint|p1a: Heatran\n|-hitcount|p1: Heatran|3\n|move|p2a: Chien-Pao|Icicle Crash|p1b: Palermo\n|-resisted|p1b: Palermo\n|-damage|p1b: Palermo|72\/100\n|move|p1b: Palermo|Surging Strikes|p2a: Chien-Pao\n|-crit|p2a: Chien-Pao\n|-damage|p2a: Chien-Pao|53\/100\n|-crit|p2a: Chien-Pao\n|-damage|p2a: Chien-Pao|4\/100\n|-crit|p2a: Chien-Pao\n|-damage|p2a: Chien-Pao|0 fnt\n|faint|p2a: Chien-Pao\n|-hitcount|p2: Chien-Pao|3\n|\n|-end|p2b: Urshifu|Magma Storm|[partiallytrapped]|[silent]\n|upkeep\n|\n|t:|1700231381\n|switch|p1a: PaquitoSway|Rillaboom, L50, M|100\/100\n|-fieldstart|move: Grassy Terrain|[from] ability: Grassy Surge|[of] p1a: PaquitoSway\n|turn|6\n|l| 2016 Hypebeast\n|c|\u2606stecca|ggs\n|\n|t:|1700231393\n|move|p1a: PaquitoSway|Fake Out|p2b: Urshifu\n|-damage|p2b: Urshifu|35\/100\n|cant|p2b: Urshifu|flinch\n|move|p1b: Palermo|Surging Strikes|p2b: Urshifu\n|-resisted|p2b: Urshifu\n|-crit|p2b: Urshifu\n|-damage|p2b: Urshifu|18\/100\n|-resisted|p2b: Urshifu\n|-crit|p2b: Urshifu\n|-damage|p2b: Urshifu|0 fnt\n|faint|p2b: Urshifu\n|-hitcount|p2: Urshifu|2\n|\n|win|stecca\n|c|\u2606ryukeivgc|Gg\n","uploadtime":1700231427,"views":30,"p1id":"stecca","p2id":"ryukeivgc","formatid":"gen9vgc2023regulatione","rating":0,"private":0,"password":""}