{"id":"gen9vgc2023regulatione-1991344032","p1":"lilbitybaby","p2":"Originalcojo","format":"[Gen 9] VGC 2023 Regulation E","log":"|j|\u2606lilbitybaby\n|j|\u2606Originalcojo\n|t:|1700069310\n|gametype|doubles\n|player|p1|lilbitybaby|265|1508\n|player|p2|Originalcojo|102|1498\n|teamsize|p1|6\n|teamsize|p2|6\n|gen|9\n|tier|[Gen 9] VGC 2023 Regulation E\n|rated|\n|rule|Species Clause: Limit one of each Pok\u00e9mon\n|rule|Item Clause: Limit one of each item\n|clearpoke\n|poke|p1|Moltres-Galar, L50|\n|poke|p1|Grimmsnarl, L50, M|\n|poke|p1|Okidogi, L50, M|\n|poke|p1|Sinistcha, L50|\n|poke|p1|Arcanine-Hisui, L50, F|\n|poke|p1|Milotic, L50, F|\n|poke|p2|Iron Hands, L50|\n|poke|p2|Arcanine-Hisui, L50, M|\n|poke|p2|Moltres-Galar, L50|\n|poke|p2|Flutter Mane, L50|\n|poke|p2|Sinistcha, L50|\n|poke|p2|Gastrodon, L50, F|\n|teampreview|4\n|c|\u2606lilbitybaby|goltres ftw\n|\n|t:|1700069364\n|start\n|switch|p1a: Okidogi|Okidogi, L50, M|100\/100\n|switch|p1b: Grimmsnarl|Grimmsnarl, L50, M, shiny|100\/100\n|switch|p2a: Moltres|Moltres-Galar, L50, shiny|100\/100\n|switch|p2b: Flutter Mane|Flutter Mane, L50|100\/100\n|-enditem|p2b: Flutter Mane|Booster Energy\n|-activate|p2b: Flutter Mane|ability: Protosynthesis|[fromitem]\n|-start|p2b: Flutter Mane|protosynthesisspe\n|turn|1\n|\n|t:|1700069397\n|switch|p1a: Arcanine|Arcanine-Hisui, L50, F|100\/100\n|-ability|p1a: Arcanine|Intimidate|boost\n|-unboost|p2a: Moltres|atk|1\n|-unboost|p2b: Flutter Mane|atk|1\n|move|p1b: Grimmsnarl|Light Screen|p1b: Grimmsnarl\n|-sidestart|p1: lilbitybaby|move: Light Screen\n|move|p2b: Flutter Mane|Moonblast|p1b: Grimmsnarl\n|-supereffective|p1b: Grimmsnarl\n|-damage|p1b: Grimmsnarl|35\/100\n|move|p2a: Moltres|Nasty Plot|p2a: Moltres\n|-boost|p2a: Moltres|spa|2\n|\n|upkeep\n|turn|2\n|\n|t:|1700069459\n|-end|p2b: Flutter Mane|Protosynthesis|[silent]\n|switch|p2b: Iron Hands|Iron Hands, L50|100\/100\n|move|p2a: Moltres|Protect|p2a: Moltres\n|-singleturn|p2a: Moltres|Protect\n|move|p1b: Grimmsnarl|Parting Shot|p2b: Iron Hands\n|-unboost|p2b: Iron Hands|atk|1\n|-unboost|p2b: Iron Hands|spa|1\n|\n|t:|1700069473\n|switch|p1b: Okidogi|Okidogi, L50, M|100\/100|[from] Parting Shot\n|move|p1a: Arcanine|Flare Blitz|p2b: Iron Hands\n|-damage|p2b: Iron Hands|57\/100\n|-damage|p1a: Arcanine|81\/100|[from] Recoil\n|\n|upkeep\n|turn|3\n|j| Playsterco\n|\n|t:|1700069508\n|-terastallize|p1b: Okidogi|Dragon\n|move|p2a: Moltres|Fiery Wrath|p1a: Arcanine|[spread] p1a,p1b\n|-damage|p1a: Arcanine|52\/100\n|-damage|p1b: Okidogi|62\/100\n|move|p1a: Arcanine|Flare Blitz|p2a: Moltres\n|-damage|p2a: Moltres|32\/100\n|-damage|p1a: Arcanine|29\/100|[from] Recoil\n|-ability|p2a: Moltres|Berserk|boost\n|-boost|p2a: Moltres|spa|1\n|-enditem|p2a: Moltres|Sitrus Berry|[eat]\n|-heal|p2a: Moltres|57\/100|[from] item: Sitrus Berry\n|move|p1b: Okidogi|Bulk Up|p1b: Okidogi\n|-boost|p1b: Okidogi|atk|1\n|-boost|p1b: Okidogi|def|1\n|move|p2b: Iron Hands|Brick Break|p1a: Arcanine\n|-sideend|p1: lilbitybaby|move: Light Screen\n|-supereffective|p1a: Arcanine\n|-damage|p1a: Arcanine|0 fnt\n|faint|p1a: Arcanine\n|\n|-heal|p1b: Okidogi|68\/100|[from] item: Leftovers\n|upkeep\n|\n|t:|1700069527\n|switch|p1a: Grimmsnarl|Grimmsnarl, L50, M, shiny|35\/100\n|turn|4\n|j| oMigerlonz\n|\n|t:|1700069581\n|-end|p2b: Iron Hands|Quark Drive|[silent]\n|switch|p2b: Sinistcha|Sinistcha, L50|100\/100\n|-heal|p2a: Moltres|82\/100|[from] ability: Hospitality|[of] p2b: Sinistcha\n|move|p1a: Grimmsnarl|Light Screen|p1a: Grimmsnarl\n|-sidestart|p1: lilbitybaby|move: Light Screen\n|move|p2a: Moltres|Air Slash|p1a: Grimmsnarl\n|-damage|p1a: Grimmsnarl|0 fnt\n|faint|p1a: Grimmsnarl\n|move|p1b: Okidogi|Drain Punch|p2b: Sinistcha\n|-immune|p2b: Sinistcha\n|\n|-heal|p1b: Okidogi|74\/100|[from] item: Leftovers\n|upkeep\n|\n|t:|1700069586\n|switch|p1a: Sinistcha|Sinistcha, L50|100\/100\n|-heal|p1b: Okidogi|98\/100|[from] ability: Hospitality|[of] p1a: Sinistcha\n|turn|5\n|\n|t:|1700069619\n|move|p2b: Sinistcha|Rage Powder|p2b: Sinistcha\n|-singleturn|p2b: Sinistcha|move: Rage Powder\n|move|p2a: Moltres|Fiery Wrath|p1b: Okidogi|[spread] p1a,p1b\n|-supereffective|p1a: Sinistcha\n|-damage|p1a: Sinistcha|4\/100\n|-damage|p1b: Okidogi|50\/100\n|cant|p1b: Okidogi|flinch\n|move|p1a: Sinistcha|Trick Room|p1a: Sinistcha\n|-fieldstart|move: Trick Room|[of] p1a: Sinistcha\n|\n|-heal|p1b: Okidogi|56\/100|[from] item: Leftovers\n|upkeep\n|turn|6\n|\n|t:|1700069649\n|move|p2b: Sinistcha|Rage Powder|p2b: Sinistcha\n|-singleturn|p2b: Sinistcha|move: Rage Powder\n|move|p1a: Sinistcha|Matcha Gotcha|p2b: Sinistcha|[spread] p2a,p2b\n|-resisted|p2a: Moltres\n|-resisted|p2b: Sinistcha\n|-damage|p2a: Moltres|73\/100\n|-heal|p1a: Sinistcha|9\/100|[from] drain|[of] p2a: Moltres\n|-damage|p2b: Sinistcha|88\/100\n|-heal|p1a: Sinistcha|15\/100|[from] drain|[of] p2b: Sinistcha\n|move|p1b: Okidogi|Poison Jab|p2b: Sinistcha\n|-damage|p2b: Sinistcha|32\/100\n|-damage|p1b: Okidogi|40\/100|[from] item: Rocky Helmet|[of] p2b: Sinistcha\n|move|p2a: Moltres|Fiery Wrath|p1b: Okidogi|[spread] p1a,p1b\n|-supereffective|p1a: Sinistcha\n|-damage|p1a: Sinistcha|0 fnt\n|-damage|p1b: Okidogi|0 fnt\n|faint|p1a: Sinistcha\n|faint|p1b: Okidogi\n|\n|win|Originalcojo\n|raw|lilbitybaby's rating: 1508 &rarr; <strong>1487<\/strong><br \/>(-21 for losing)\n|raw|Originalcojo's rating: 1498 &rarr; <strong>1519<\/strong><br \/>(+21 for winning)\n|c|\u2606lilbitybaby|gg\n|l| oMigerlonz\n|c|\u2606Originalcojo|GG\n|l|\u2606Originalcojo\n|l|\u2606lilbitybaby\n","uploadtime":1700070045,"views":10,"p1id":"lilbitybaby","p2id":"originalcojo","formatid":"gen9vgc2023regulatione","rating":1487,"private":0,"password":""}