{"id":"gen9vgc2023regulatione-1999562376","p1":"Big Carbink Fan","p2":"Shinoz","format":"[Gen 9] VGC 2023 Regulation E","log":"|j|\u2606Big Carbink Fan\n|j|\u2606Shinoz\n|t:|1701096403\n|gametype|doubles\n|player|p1|Big Carbink Fan|diantha-masters2|1586\n|player|p2|Shinoz|169|1521\n|teamsize|p1|6\n|teamsize|p2|6\n|gen|9\n|tier|[Gen 9] VGC 2023 Regulation E\n|rated|\n|rule|Species Clause: Limit one of each Pok\u00e9mon\n|rule|Item Clause: Limit one of each item\n|clearpoke\n|poke|p1|Sinistcha, L50|\n|poke|p1|Carbink, L50|\n|poke|p1|Iron Hands, L50|\n|poke|p1|Landorus, L50, M|\n|poke|p1|Enamorus-Therian, L50, F|\n|poke|p1|Kingambit, L50, F|\n|poke|p2|Iron Bundle, L50|\n|poke|p2|Landorus-Therian, L50, M|\n|poke|p2|Rillaboom, L50, M|\n|poke|p2|Kingambit, L50, M|\n|poke|p2|Heatran, L50, M|\n|poke|p2|Iron Hands, L50|\n|teampreview|4\n|inactive|Battle timer is ON: inactive players will automatically lose when time's up. (requested by Big Carbink Fan)\n|inactive|Shinoz has 60 seconds left.\nBig Carbink Fan rejected open team sheets.\n|\n|t:|1701096457\n|start\n|switch|p1a: Binkus|Carbink, L50, shiny|100\/100\n|switch|p1b: McHands|Iron Hands, L50|100\/100\n|switch|p2a: Heatran|Heatran, L50, M, shiny|100\/100\n|switch|p2b: Iron Hands|Iron Hands, L50, shiny|100\/100\n|turn|1\n|\n|t:|1701096477\n|move|p2b: Iron Hands|Fake Out|p1b: McHands\n|-damage|p1b: McHands|90\/100\n|move|p2a: Heatran|Flash Cannon|p1a: Binkus\n|-supereffective|p1a: Binkus\n|-ability|p1a: Binkus|Sturdy\n|-damage|p1a: Binkus|1\/100\n|-unboost|p1a: Binkus|spd|1\n|cant|p1b: McHands|flinch\n|move|p1a: Binkus|Trick Room|p1a: Binkus\n|-fieldstart|move: Trick Room|[of] p1a: Binkus\n|\n|upkeep\n|turn|2\n|inactive|Shinoz has 30 seconds left.\n|\n|t:|1701096505\n|-terastallize|p2a: Heatran|Grass\n|move|p1b: McHands|Belly Drum|p1b: McHands\n|-damage|p1b: McHands|40\/100\n|-setboost|p1b: McHands|atk|6|[from] move: Belly Drum\n|-enditem|p1b: McHands|Sitrus Berry|[eat]\n|-heal|p1b: McHands|65\/100|[from] item: Sitrus Berry\n|move|p1a: Binkus|Guard Split|p1b: McHands\n|-activate|p1a: Binkus|move: Guard Split|[of] p1b: McHands\n|move|p2b: Iron Hands|Heavy Slam|p1a: Binkus\n|-supereffective|p1a: Binkus\n|-damage|p1a: Binkus|0 fnt\n|faint|p1a: Binkus\n|move|p2a: Heatran|Magma Storm|p1b: McHands|[miss]\n|-miss|p2a: Heatran|p1b: McHands\n|\n|upkeep\n|\n|t:|1701096517\n|switch|p1a: Mrs. T|Enamorus-Therian, L50, F|100\/100\n|turn|3\n|\n|t:|1701096527\n|-terastallize|p1a: Mrs. T|Fairy\n|move|p2a: Heatran|Protect|p2a: Heatran\n|-singleturn|p2a: Heatran|Protect\n|move|p1a: Mrs. T|Dazzling Gleam|p2b: Iron Hands|[spread] p2b\n|-activate|p2a: Heatran|move: Protect\n|-supereffective|p2b: Iron Hands\n|-damage|p2b: Iron Hands|22\/100\n|move|p1b: McHands|Drain Punch|p2a: Heatran\n|-activate|p2a: Heatran|move: Protect\n|move|p2b: Iron Hands|Heavy Slam|p1a: Mrs. T\n|-supereffective|p1a: Mrs. T\n|-damage|p1a: Mrs. T|22\/100\n|\n|upkeep\n|turn|4\n|inactive|Shinoz has 30 seconds left.\n|inactive|Shinoz has 20 seconds left.\n|inactive|Shinoz has 15 seconds left.\n|\n|t:|1701096570\n|switch|p2a: Kingambit|Kingambit, L50, M, shiny|100\/100\n|move|p1a: Mrs. T|Dazzling Gleam|p2b: Iron Hands|[spread] p2a,p2b\n|-supereffective|p2b: Iron Hands\n|-damage|p2a: Kingambit|32\/100\n|-damage|p2b: Iron Hands|0 fnt\n|faint|p2b: Iron Hands\n|-end|p2b: Iron Hands|Quark Drive|[silent]\n|move|p1b: McHands|Drain Punch|p2a: Kingambit\n|-supereffective|p2a: Kingambit\n|-damage|p2a: Kingambit|0 fnt\n|-heal|p1b: McHands|78\/100|[from] drain|[of] p2a: Kingambit\n|faint|p2a: Kingambit\n|\n|upkeep\n|\n|t:|1701096581\n|switch|p2a: Heatran|Heatran, L50, M, shiny, tera:Grass|100\/100\n|switch|p2b: Rillaboom|Rillaboom, L50, M|100\/100\n|-fieldstart|move: Grassy Terrain|[from] ability: Grassy Surge|[of] p2b: Rillaboom\n|turn|5\n|\n|t:|1701096598\n|switch|p1a: Cha Rule|Sinistcha, L50|100\/100\n|-heal|p1b: McHands|100\/100|[from] ability: Hospitality|[of] p1a: Cha Rule\n|move|p2a: Heatran|Protect|p2a: Heatran\n|-singleturn|p2a: Heatran|Protect\n|move|p2b: Rillaboom|Fake Out|p1b: McHands\n|-damage|p1b: McHands|94\/100\n|cant|p1b: McHands|flinch\n|\n|-heal|p1b: McHands|99\/100|[from] Grassy Terrain\n|-fieldend|move: Trick Room\n|upkeep\n|turn|6\n|\n|t:|1701096615\n|switch|p1a: Mrs. T|Enamorus-Therian, L50, F, tera:Fairy|22\/100\n|move|p2b: Rillaboom|Wood Hammer|p1b: McHands\n|-damage|p1b: McHands|60\/100\n|-damage|p2b: Rillaboom|83\/100|[from] Recoil\n|move|p2a: Heatran|Earth Power|p1b: McHands\n|-supereffective|p1b: McHands\n|-damage|p1b: McHands|29\/100\n|move|p1b: McHands|Drain Punch|p2a: Heatran\n|-crit|p2a: Heatran\n|-damage|p2a: Heatran|0 fnt\n|-heal|p1b: McHands|65\/100|[from] drain|[of] p2a: Heatran\n|faint|p2a: Heatran\n|\n|-heal|p2b: Rillaboom|89\/100|[from] Grassy Terrain\n|-heal|p1b: McHands|72\/100|[from] Grassy Terrain\n|-heal|p1a: Mrs. T|28\/100|[from] Grassy Terrain\n|upkeep\n|turn|7\n|\n|t:|1701096632\n|switch|p1a: Cha Rule|Sinistcha, L50|100\/100\n|-heal|p1b: McHands|97\/100|[from] ability: Hospitality|[of] p1a: Cha Rule\n|move|p2b: Rillaboom|Wood Hammer|p1b: McHands\n|-damage|p1b: McHands|58\/100\n|-damage|p2b: Rillaboom|73\/100|[from] Recoil\n|move|p1b: McHands|Ice Punch|p2b: Rillaboom\n|-supereffective|p2b: Rillaboom\n|-damage|p2b: Rillaboom|0 fnt\n|faint|p2b: Rillaboom\n|\n|win|Big Carbink Fan\n|raw|Big Carbink Fan's rating: 1586 &rarr; <strong>1602<\/strong><br \/>(+16 for winning)\n|raw|Shinoz's rating: 1521 &rarr; <strong>1505<\/strong><br \/>(-16 for losing)\n","uploadtime":1701096640,"views":2,"p1id":"bigcarbinkfan","p2id":"shinoz","formatid":"gen9vgc2023regulatione","rating":1505,"private":0,"password":""}