{"id":"gen9vgc2023regulatione-2000389136","p1":"fyfyyalt1","p2":"babiwi bewey\u2714\ufe0f","format":"[Gen 9] VGC 2023 Regulation E","log":"|j|\u2606fyfyyalt1\n|j|\u2606babiwi bewey\u2714\ufe0f\n|n|\u2606fyfyyalt1|fyfyyalt1\n|n|\u2606babiwi bewey\u2714\ufe0f|babiwibewey\n|html|View the match progress at <a href=\"\/game-bestof3-gen9vgc2023regulatione-2000382563\">game-bestof3-gen9vgc2023regulatione-2000382563<\/a>\n|t:|1701190696\n|gametype|doubles\n|player|p1|fyfyyalt1|169|\n|player|p2|babiwi bewey\u2714\ufe0f|valerie|\n|teamsize|p1|6\n|teamsize|p2|6\n|gen|9\n|tier|[Gen 9] VGC 2023 Regulation E\n|rule|Species Clause: Limit one of each Pok\u00e9mon\n|rule|Item Clause: Limit one of each item\n|clearpoke\n|poke|p1|Tornadus, L50, M|\n|poke|p1|Arcanine-Hisui, L50, F|\n|poke|p1|Iron Hands, L50|\n|poke|p1|Chien-Pao, L50|\n|poke|p1|Urshifu-*, L50, F|\n|poke|p1|Flutter Mane, L50|\n|poke|p2|Palafin, L50, M|\n|poke|p2|Iron Hands, L50|\n|poke|p2|Amoonguss, L50, F|\n|poke|p2|Landorus-Therian, L50, M|\n|poke|p2|Flutter Mane, L50|\n|poke|p2|Baxcalibur, L50, M|\n|teampreview|4\n|j| wholesomeisland\nbabiwi bewey\u2714\ufe0f has agreed to open team sheets.\nfyfyyalt1 has agreed to open team sheets.\n|showteam|p1|Tornadus||RockyHelmet|Prankster|Tailwind,RainDance,BleakwindStorm,Taunt|||M|||50|,,,,,Steel]Arcanine-Hisui||ChoiceBand|Intimidate|RockSlide,ExtremeSpeed,HeadSmash,FlareBlitz|||F|||50|,,,,,Normal]Iron Hands||AssaultVest|QuarkDrive|FakeOut,DrainPunch,WildCharge,HeavySlam||||||50|,,,,,Grass]Chien-Pao||FocusSash|SwordofRuin|IceSpinner,SuckerPunch,Crunch,Protect||||||50|,,,,,Dark]Urshifu-Rapid-Strike||MysticWater|UnseenFist|SurgingStrikes,AquaJet,CloseCombat,Detect|||F|||50|,,,,,Water]Flutter Mane||BoosterEnergy|Protosynthesis|DazzlingGleam,ShadowBall,Moonblast,Protect||||||50|,,,,,Fairy\n|showteam|p2|Palafin||MysticWater|ZerotoHero|Protect,WaveCrash,JetPunch,Taunt|||M|||50|,,,,,Water]Iron Hands||AssaultVest|QuarkDrive|WildCharge,HeavySlam,DrainPunch,FakeOut||||||50|,,,,,Grass]Amoonguss||SitrusBerry|Regenerator|RagePowder,Spore,PollenPuff,Protect|||F|||50|,,,,,Water]Landorus-Therian||SafetyGoggles|Intimidate|StompingTantrum,TeraBlast,Uturn,Protect|||M|||50|,,,,,Flying]Flutter Mane||ChoiceSpecs|Protosynthesis|ShadowBall,Moonblast,DazzlingGleam,Thunderbolt||||||50|,,,,,Fairy]Baxcalibur||LoadedDice|ThermalExchange|ScaleShot,IcicleSpear,SwordsDance,Protect|||M|||50|,,,,,Poison\n|c| wholesomeisland|game 3\n|c| wholesomeisland|woooo\n|\n|t:|1701190741\n|start\n|switch|p1a: Iron Hands|Iron Hands, L50|100\/100\n|switch|p1b: Tornadus|Tornadus, L50, M|100\/100\n|switch|p2a: Palafin|Palafin, L50, M|100\/100\n|switch|p2b: Iron Hands|Iron Hands, L50|100\/100\n|turn|1\n|\n|t:|1701190758\n|detailschange|p2a: Palafin|Palafin-Hero, L50, M\n|switch|p2a: Landorus|Landorus-Therian, L50, M|100\/100\n|-ability|p2a: Landorus|Intimidate|boost\n|-unboost|p1a: Iron Hands|atk|1\n|-unboost|p1b: Tornadus|atk|1\n|move|p1a: Iron Hands|Fake Out|p2b: Iron Hands\n|-damage|p2b: Iron Hands|94\/100\n|move|p1b: Tornadus|Bleakwind Storm|p2a: Landorus|[spread] p2a,p2b\n|-damage|p2a: Landorus|69\/100\n|-damage|p2b: Iron Hands|78\/100\n|cant|p2b: Iron Hands|flinch\n|\n|upkeep\n|turn|2\n|\n|t:|1701190794\n|move|p1b: Tornadus|Tailwind|p1b: Tornadus\n|-sidestart|p1: fyfyyalt1|move: Tailwind\n|move|p1a: Iron Hands|Heavy Slam|p2a: Landorus\n|-damage|p2a: Landorus|41\/100\n|move|p2a: Landorus|Stomping Tantrum|p1a: Iron Hands\n|-supereffective|p1a: Iron Hands\n|-damage|p1a: Iron Hands|39\/100\n|move|p2b: Iron Hands|Wild Charge|p1b: Tornadus\n|-supereffective|p1b: Tornadus\n|-damage|p1b: Tornadus|7\/100\n|-damage|p2b: Iron Hands|61\/100|[from] item: Rocky Helmet|[of] p1b: Tornadus\n|-damage|p2b: Iron Hands|44\/100|[from] Recoil\n|\n|upkeep\n|turn|3\n|\n|t:|1701190813\n|-end|p2b: Iron Hands|Quark Drive|[silent]\n|switch|p2b: Palafin|Palafin-Hero, L50, M|100\/100\n|-activate|p2b: Palafin|ability: Zero to Hero\n|move|p2a: Landorus|Protect|p2a: Landorus\n|-singleturn|p2a: Landorus|Protect\n|move|p1b: Tornadus|Bleakwind Storm|p2a: Landorus|[spread] \n|-activate|p2a: Landorus|move: Protect\n|-miss|p1b: Tornadus|p2b: Palafin\n|move|p1a: Iron Hands|Drain Punch|p2b: Palafin\n|-damage|p2b: Palafin|77\/100\n|-heal|p1a: Iron Hands|49\/100|[from] drain|[of] p2b: Palafin\n|\n|upkeep\n|turn|4\n|\n|t:|1701190833\n|switch|p2a: Iron Hands|Iron Hands, L50|44\/100\n|move|p2b: Palafin|Protect|p2b: Palafin\n|-singleturn|p2b: Palafin|Protect\n|move|p1b: Tornadus|Bleakwind Storm|p2a: Iron Hands|[spread] p2a\n|-activate|p2b: Palafin|move: Protect\n|-damage|p2a: Iron Hands|29\/100\n|move|p1a: Iron Hands|Wild Charge|p2b: Palafin\n|-activate|p2b: Palafin|move: Protect\n|\n|upkeep\n|turn|5\n|\n|t:|1701190848\n|-end|p1a: Iron Hands|Quark Drive|[silent]\n|switch|p1a: Urshifu|Urshifu-Rapid-Strike, L50, F|100\/100\n|switch|p2b: Amoonguss|Amoonguss, L50, F|100\/100\n|move|p2a: Iron Hands|Fake Out|p1b: Tornadus\n|-damage|p1b: Tornadus|0 fnt\n|-damage|p2a: Iron Hands|13\/100|[from] item: Rocky Helmet|[of] p1b: Tornadus\n|faint|p1b: Tornadus\n|\n|-sideend|p1: fyfyyalt1|move: Tailwind\n|upkeep\n|\n|t:|1701190852\n|switch|p1b: Arcanine|Arcanine-Hisui, L50, F|100\/100\n|-ability|p1b: Arcanine|Intimidate|boost\n|-unboost|p2a: Iron Hands|atk|1\n|-unboost|p2b: Amoonguss|atk|1\n|turn|6\n|\n|t:|1701190885\n|-end|p2a: Iron Hands|Quark Drive|[silent]\n|switch|p2a: Landorus|Landorus-Therian, L50, M|41\/100\n|-ability|p2a: Landorus|Intimidate|boost\n|-unboost|p1a: Urshifu|atk|1\n|-unboost|p1b: Arcanine|atk|1\n|-terastallize|p1b: Arcanine|Normal\n|-terastallize|p2b: Amoonguss|Water\n|move|p1a: Urshifu|Close Combat|p2b: Amoonguss\n|-damage|p2b: Amoonguss|67\/100\n|-unboost|p1a: Urshifu|def|1\n|-unboost|p1a: Urshifu|spd|1\n|move|p1b: Arcanine|Head Smash|p2b: Amoonguss\n|-damage|p2b: Amoonguss|0 fnt\n|faint|p2b: Amoonguss\n|-damage|p1b: Arcanine|59\/100|[from] Recoil\n|\n|upkeep\n|\n|t:|1701190893\n|switch|p2b: Palafin|Palafin-Hero, L50, M|77\/100\n|turn|7\n|\n|t:|1701190903\n|switch|p1b: Iron Hands|Iron Hands, L50|49\/100\n|move|p1a: Urshifu|Detect|p1a: Urshifu\n|-singleturn|p1a: Urshifu|Protect\n|move|p2b: Palafin|Jet Punch|p1b: Iron Hands\n|-damage|p1b: Iron Hands|14\/100\n|move|p2a: Landorus|Stomping Tantrum|p1a: Urshifu\n|-activate|p1a: Urshifu|move: Protect\n|\n|upkeep\n|turn|8\n|\n|t:|1701190915\n|switch|p2b: Iron Hands|Iron Hands, L50|13\/100\n|move|p1b: Iron Hands|Fake Out|p2b: Iron Hands\n|-damage|p2b: Iron Hands|3\/100\n|move|p1a: Urshifu|Surging Strikes|p2a: Landorus\n|-supereffective|p2a: Landorus\n|-crit|p2a: Landorus\n|-damage|p2a: Landorus|0 fnt\n|faint|p2a: Landorus\n|-hitcount|p2: Landorus|1\n|\n|upkeep\n|\n|t:|1701190918\n|switch|p2a: Palafin|Palafin-Hero, L50, M|77\/100\n|turn|9\n|\n|t:|1701190931\n|move|p1a: Urshifu|Detect|p1a: Urshifu\n|-singleturn|p1a: Urshifu|Protect\n|move|p2b: Iron Hands|Fake Out|p1a: Urshifu\n|-activate|p1a: Urshifu|move: Protect\n|move|p2a: Palafin|Wave Crash|p1b: Iron Hands\n|-damage|p1b: Iron Hands|0 fnt\n|faint|p1b: Iron Hands\n|-end|p1b: Iron Hands|Quark Drive|[silent]\n|-damage|p2a: Palafin|72\/100|[from] Recoil\n|\n|upkeep\n|\n|t:|1701190935\n|switch|p1b: Arcanine|Arcanine-Hisui, L50, F, tera:Normal|59\/100\n|-ability|p1b: Arcanine|Intimidate|boost\n|-unboost|p2a: Palafin|atk|1\n|-unboost|p2b: Iron Hands|atk|1\n|turn|10\n|\n|t:|1701190948\n|move|p1b: Arcanine|Extreme Speed|p2b: Iron Hands\n|-damage|p2b: Iron Hands|0 fnt\n|faint|p2b: Iron Hands\n|-end|p2b: Iron Hands|Quark Drive|[silent]\n|move|p1a: Urshifu|Surging Strikes|p2a: Palafin\n|-resisted|p2a: Palafin\n|-crit|p2a: Palafin\n|-damage|p2a: Palafin|62\/100\n|-resisted|p2a: Palafin\n|-crit|p2a: Palafin\n|-damage|p2a: Palafin|51\/100\n|-resisted|p2a: Palafin\n|-crit|p2a: Palafin\n|-damage|p2a: Palafin|41\/100\n|-hitcount|p2a: Palafin|3\n|move|p2a: Palafin|Wave Crash|p1a: Urshifu\n|-resisted|p1a: Urshifu\n|-damage|p1a: Urshifu|54\/100\n|-damage|p2a: Palafin|27\/100|[from] Recoil\n|\n|upkeep\n|turn|11\n|-message|babiwi bewey\u2714\ufe0f forfeited.\n|\n|win|fyfyyalt1\n|l|\u2606babiwi bewey\u2714\ufe0f\n|c|\u2606fyfyyalt1|gg\n","uploadtime":1701190963,"views":9,"p1id":"fyfyyalt1","p2id":"babiwibewey","formatid":"gen9vgc2023regulatione","rating":0,"private":0,"password":""}