{"id":"gen9vgc2023regulatione-1989747278","p1":"ObinWanKenobi","p2":"AnotherMadell","format":"[Gen 9] VGC 2023 Regulation E","log":"|j|\u2606ObinWanKenobi\n|j|\u2606AnotherMadell\n|t:|1699892310\n|gametype|doubles\n|player|p1|ObinWanKenobi|170|1250\n|player|p2|AnotherMadell|veteran|1207\n|teamsize|p1|6\n|teamsize|p2|6\n|gen|9\n|tier|[Gen 9] VGC 2023 Regulation E\n|rated|\n|rule|Species Clause: Limit one of each Pok\u00e9mon\n|rule|Item Clause: Limit one of each item\n|clearpoke\n|poke|p1|Tornadus, L50, M|\n|poke|p1|Urshifu-*, L50, F|\n|poke|p1|Chien-Pao, L50|\n|poke|p1|Clefairy, L50, F|\n|poke|p1|Rillaboom, L50, F|\n|poke|p1|Arcanine-Hisui, L50, M|\n|poke|p2|Sinistcha, L50|\n|poke|p2|Clefairy, L50, F|\n|poke|p2|Iron Hands, L50|\n|poke|p2|Armarouge, L50, M|\n|poke|p2|Indeedee-F, L50, F|\n|poke|p2|Torkoal, L50, M|\n|teampreview|4\n|\n|t:|1699892351\n|start\n|switch|p1a: KittenOfRuin|Chien-Pao, L50|100\/100\n|switch|p1b: Clifford|Arcanine-Hisui, L50, M|100\/100\n|switch|p2a: Iron Hands|Iron Hands, L50|100\/100\n|switch|p2b: Clefairy|Clefairy, L50, F|100\/100\n|-ability|p1a: KittenOfRuin|Sword of Ruin\n|-ability|p1b: Clifford|Intimidate|boost\n|-unboost|p2a: Iron Hands|atk|1\n|-unboost|p2b: Clefairy|atk|1\n|turn|1\n|inactive|Battle timer is ON: inactive players will automatically lose when time's up. (requested by AnotherMadell)\n|\n|t:|1699892363\n|switch|p1b: Cloud9 Store|Tornadus, L50, M, shiny|100\/100\n|move|p1a: KittenOfRuin|Protect|p1a: KittenOfRuin\n|-singleturn|p1a: KittenOfRuin|Protect\n|move|p2a: Iron Hands|Fake Out|p1b: Cloud9 Store\n|-damage|p1b: Cloud9 Store|85\/100\n|move|p2b: Clefairy|Moonblast|p1a: KittenOfRuin\n|-activate|p1a: KittenOfRuin|move: Protect\n|\n|upkeep\n|turn|2\n|\n|t:|1699892375\n|switch|p1a: Clifford|Arcanine-Hisui, L50, M|100\/100\n|-ability|p1a: Clifford|Intimidate|boost\n|-unboost|p2a: Iron Hands|atk|1\n|-unboost|p2b: Clefairy|atk|1\n|move|p2b: Clefairy|Follow Me|p2b: Clefairy\n|-singleturn|p2b: Clefairy|move: Follow Me\n|move|p1b: Cloud9 Store|Swagger|p2b: Clefairy|[miss]\n|-miss|p1b: Cloud9 Store|p2b: Clefairy\n|move|p2a: Iron Hands|Belly Drum|p2a: Iron Hands\n|-damage|p2a: Iron Hands|50\/100\n|-setboost|p2a: Iron Hands|atk|6|[from] move: Belly Drum\n|-enditem|p1a: Clifford|Mirror Herb\n|-boost|p1a: Clifford|atk|6|[from] item: Mirror Herb\n|-enditem|p2a: Iron Hands|Sitrus Berry|[eat]\n|-heal|p2a: Iron Hands|75\/100|[from] item: Sitrus Berry\n|\n|upkeep\n|turn|3\n|c|\u2606ObinWanKenobi|Well then\n|c|\u2606ObinWanKenobi|Ty\n|inactive|ObinWanKenobi has 30 seconds left.\n|\n|t:|1699892408\n|-terastallize|p1a: Clifford|Normal\n|move|p1a: Clifford|Extreme Speed|p2a: Iron Hands\n|-damage|p2a: Iron Hands|0 fnt\n|faint|p2a: Iron Hands\n|-end|p2a: Iron Hands|Quark Drive|[silent]\n|move|p2b: Clefairy|Follow Me|p2b: Clefairy\n|-singleturn|p2b: Clefairy|move: Follow Me\n|move|p1b: Cloud9 Store|Bleakwind Storm|p2b: Clefairy\n|-damage|p2b: Clefairy|75\/100\n|-unboost|p2b: Clefairy|spe|1\n|\n|upkeep\n|\n|t:|1699892422\n|switch|p2a: Sinistcha|Sinistcha, L50|100\/100\n|-heal|p2b: Clefairy|99\/100|[from] ability: Hospitality|[of] p2a: Sinistcha\n|turn|4\n|\n|t:|1699892431\n|move|p1a: Clifford|Protect|p1a: Clifford\n|-singleturn|p1a: Clifford|Protect\n|move|p2b: Clefairy|Follow Me|p2b: Clefairy\n|-singleturn|p2b: Clefairy|move: Follow Me\n|move|p1b: Cloud9 Store|Bleakwind Storm|p2a: Sinistcha|[spread] p2b\n|-miss|p1b: Cloud9 Store|p2a: Sinistcha\n|-damage|p2b: Clefairy|80\/100\n|move|p2a: Sinistcha|Trick Room|p2a: Sinistcha\n|-fieldstart|move: Trick Room|[of] p2a: Sinistcha\n|\n|upkeep\n|turn|5\n|\n|t:|1699892448\n|switch|p2b: Torkoal|Torkoal, L50, M|100\/100\n|-weather|SunnyDay|[from] ability: Drought|[of] p2b: Torkoal\n|-terastallize|p2a: Sinistcha|Water\n|move|p1a: Clifford|Extreme Speed|p2b: Torkoal\n|-damage|p2b: Torkoal|5\/100\n|move|p2a: Sinistcha|Matcha Gotcha|p1a: Clifford|[spread] p1a,p1b\n|-resisted|p1b: Cloud9 Store\n|-damage|p1a: Clifford|73\/100\n|-damage|p1b: Cloud9 Store|71\/100\n|move|p1b: Cloud9 Store|Bleakwind Storm|p2a: Sinistcha|[spread] p2b\n|-miss|p1b: Cloud9 Store|p2a: Sinistcha\n|-damage|p2b: Torkoal|0 fnt\n|faint|p2b: Torkoal\n|\n|-weather|SunnyDay|[upkeep]\n|upkeep\n|\n|t:|1699892461\n|switch|p2b: Clefairy|Clefairy, L50, F|80\/100\n|turn|6\n|c|\u2606ObinWanKenobi|That was the wrong tera choice\n|inactive|AnotherMadell has 30 seconds left.\n|inactive|AnotherMadell has 20 seconds left.\n|inactive|AnotherMadell has 15 seconds left.\n|inactive|AnotherMadell has 10 seconds left.\n|\n|t:|1699892508\n|move|p2b: Clefairy|Follow Me|p2b: Clefairy\n|-singleturn|p2b: Clefairy|move: Follow Me\n|move|p1a: Clifford|Extreme Speed|p2b: Clefairy\n|-damage|p2b: Clefairy|0 fnt\n|faint|p2b: Clefairy\n|move|p1b: Cloud9 Store|Rain Dance|p1b: Cloud9 Store\n|-weather|RainDance\n|move|p2a: Sinistcha|Matcha Gotcha|p1b: Cloud9 Store|[spread] p1a,p1b\n|-resisted|p1b: Cloud9 Store\n|-damage|p1a: Clifford|49\/100\n|-damage|p1b: Cloud9 Store|58\/100\n|\n|-weather|RainDance|[upkeep]\n|upkeep\n|turn|7\n|\n|t:|1699892518\n|move|p1a: Clifford|Extreme Speed|p2a: Sinistcha\n|-damage|p2a: Sinistcha|0 fnt\n|faint|p2a: Sinistcha\n|\n|win|ObinWanKenobi\n|raw|ObinWanKenobi's rating: 1250 &rarr; <strong>1272<\/strong><br \/>(+22 for winning)\n|raw|AnotherMadell's rating: 1207 &rarr; <strong>1185<\/strong><br \/>(-22 for losing)\n|l|\u2606AnotherMadell\n","uploadtime":1699892527,"views":11,"p1id":"obinwankenobi","p2id":"anothermadell","formatid":"gen9vgc2023regulatione","rating":1185,"private":0,"password":""}