{"id":"gen9vgc2023regulatione-1999181567","p1":"unlimitedtaco","p2":"SeemsLogical","format":"[Gen 9] VGC 2023 Regulation E","log":"|j|\u2606unlimitedtaco\n|j|\u2606SeemsLogical\n|t:|1701042316\n|gametype|doubles\n|player|p1|unlimitedtaco|170|\n|player|p2|SeemsLogical|unknown|\n|teamsize|p1|6\n|teamsize|p2|6\n|gen|9\n|tier|[Gen 9] VGC 2023 Regulation E\n|rule|Species Clause: Limit one of each Pok\u00e9mon\n|rule|Item Clause: Limit one of each item\n|clearpoke\n|poke|p1|Tornadus, L50, M|\n|poke|p1|Gardevoir, L50, M|\n|poke|p1|Garchomp, L50, M|\n|poke|p1|Muk-Alola, L50, F|\n|poke|p1|Mienshao, L50, F|\n|poke|p1|Frosmoth, L50, M|\n|poke|p2|Cresselia, L50, F|\n|poke|p2|Ursaluna, L50, M|\n|poke|p2|Moltres-Galar, L50|\n|poke|p2|Kingambit, L50, M|\n|poke|p2|Clefairy, L50, M|\n|poke|p2|Haxorus, L50, M|\n|teampreview|4\n|j| Storm149\n|j| taytayla\n|c| taytayla|LETS GO GRENT\n|j| espurridan\n|c|\u2606SeemsLogical|glhf\n|\n|t:|1701042391\n|start\n|switch|p1a: Frosmoth|Frosmoth, L50, M|100\/100\n|switch|p1b: Mienshao|Mienshao, L50, F|100\/100\n|switch|p2a: TJ Perkins|Cresselia, L50, F|100\/100\n|switch|p2b: Will Ospreay|Moltres-Galar, L50|100\/100\n|turn|1\n|c| espurridan|Shout-out TJ Perkins\n|c|\u2606SeemsLogical|my team is all named after United Empire members\n|\n|t:|1701042434\n|move|p1b: Mienshao|Wide Guard|p1b: Mienshao\n|-singleturn|p1b: Mienshao|Wide Guard\n|move|p2b: Will Ospreay|Air Slash|p1a: Frosmoth\n|-supereffective|p1a: Frosmoth\n|-damage|p1a: Frosmoth|60\/100\n|move|p1a: Frosmoth|Blizzard|p2b: Will Ospreay|[spread] p2b\n|-miss|p1a: Frosmoth|p2a: TJ Perkins\n|-supereffective|p2b: Will Ospreay\n|-damage|p2b: Will Ospreay|30\/100\n|-enditem|p2b: Will Ospreay|Weakness Policy\n|-boost|p2b: Will Ospreay|atk|2|[from] item: Weakness Policy\n|-boost|p2b: Will Ospreay|spa|2|[from] item: Weakness Policy\n|-ability|p2b: Will Ospreay|Berserk|boost\n|-boost|p2b: Will Ospreay|spa|1\n|move|p2a: TJ Perkins|Trick Room|p2a: TJ Perkins\n|-fieldstart|move: Trick Room|[of] p2a: TJ Perkins\n|\n|-heal|p1a: Frosmoth|66\/100|[from] item: Leftovers\n|upkeep\n|turn|2\n|\n|t:|1701042462\n|move|p2b: Will Ospreay|Protect|p2b: Will Ospreay\n|-singleturn|p2b: Will Ospreay|Protect\n|move|p2a: TJ Perkins|Lunar Blessing|p2a: TJ Perkins|[spread] p2a,p2b\n|-heal|p2b: Will Ospreay|55\/100\n|move|p1a: Frosmoth|Blizzard|p2b: Will Ospreay|[spread] p2a\n|-activate|p2b: Will Ospreay|move: Protect\n|-damage|p2a: TJ Perkins|68\/100\n|move|p1b: Mienshao|U-turn|p2a: TJ Perkins\n|-supereffective|p2a: TJ Perkins\n|-damage|p2a: TJ Perkins|34\/100\n|\n|t:|1701042476\n|switch|p1b: Garchomp|Garchomp, L50, M|100\/100|[from] U-turn\n|\n|-heal|p1a: Frosmoth|72\/100|[from] item: Leftovers\n|upkeep\n|turn|3\n|c| espurridan|She unite my empire til I osprey my will\n|\n|t:|1701042507\n|-terastallize|p2b: Will Ospreay|Steel\n|move|p1b: Garchomp|Protect|p1b: Garchomp\n|-singleturn|p1b: Garchomp|Protect\n|move|p2a: TJ Perkins|Moonblast|p1b: Garchomp\n|-activate|p1b: Garchomp|move: Protect\n|move|p1a: Frosmoth|Blizzard|p2b: Will Ospreay|[spread] p2a\n|-miss|p1a: Frosmoth|p2b: Will Ospreay\n|-damage|p2a: TJ Perkins|6\/100\n|move|p2b: Will Ospreay|Air Slash|p1a: Frosmoth\n|-supereffective|p1a: Frosmoth\n|-damage|p1a: Frosmoth|0 fnt\n|faint|p1a: Frosmoth\n|\n|upkeep\n|\n|t:|1701042525\n|switch|p1a: Mienshao|Mienshao, L50, F|100\/100\n|turn|4\n|\n|t:|1701042543\n|switch|p2a: Jeff Cobb|Ursaluna, L50, M|100\/100\n|-terastallize|p1b: Garchomp|Fire\n|move|p2b: Will Ospreay|Protect|p2b: Will Ospreay\n|-singleturn|p2b: Will Ospreay|Protect\n|move|p1a: Mienshao|Fake Out|p2b: Will Ospreay\n|-activate|p2b: Will Ospreay|move: Protect\n|move|p1b: Garchomp|Tera Blast|p2b: Will Ospreay|[anim] Tera Blast Fire\n|-activate|p2b: Will Ospreay|move: Protect\n|\n|-status|p2a: Jeff Cobb|brn|[from] item: Flame Orb\n|upkeep\n|turn|5\n|\n|t:|1701042569\n|move|p1b: Garchomp|Protect|p1b: Garchomp\n|-singleturn|p1b: Garchomp|Protect\n|move|p2a: Jeff Cobb|Facade|p1a: Mienshao\n|-enditem|p1a: Mienshao|Focus Sash\n|-damage|p1a: Mienshao|1\/100\n|move|p2b: Will Ospreay|Fiery Wrath|p1b: Garchomp|[spread] p1a\n|-activate|p1b: Garchomp|move: Protect\n|-resisted|p1a: Mienshao\n|-damage|p1a: Mienshao|0 fnt\n|faint|p1a: Mienshao\n|\n|-damage|p2a: Jeff Cobb|95\/100 brn|[from] brn\n|-fieldend|move: Trick Room\n|upkeep\n|\n|t:|1701042582\n|switch|p1a: Gardevoir|Gardevoir, L50, M|100\/100\n|turn|6\n|\n|t:|1701042595\n|move|p2b: Will Ospreay|Protect|p2b: Will Ospreay\n|-singleturn|p2b: Will Ospreay|Protect\n|move|p1b: Garchomp|Earthquake|p2a: Jeff Cobb|[spread] p2a\n|-activate|p2b: Will Ospreay|move: Protect\n|-activate|p1a: Gardevoir|ability: Telepathy\n|-damage|p2a: Jeff Cobb|67\/100 brn\n|move|p1a: Gardevoir|Psychic|p2a: Jeff Cobb\n|-damage|p2a: Jeff Cobb|5\/100 brn\n|-damage|p1a: Gardevoir|91\/100|[from] item: Life Orb\n|move|p2a: Jeff Cobb|Earthquake|p1b: Garchomp|[spread] p1a,p1b\n|-activate|p2b: Will Ospreay|move: Protect\n|-supereffective|p1b: Garchomp\n|-damage|p1a: Gardevoir|0 fnt\n|-damage|p1b: Garchomp|0 fnt\n|faint|p1a: Gardevoir\n|faint|p1b: Garchomp\n|\n|win|SeemsLogical\n|c|\u2606SeemsLogical|gg\n","uploadtime":1701042613,"views":18,"p1id":"unlimitedtaco","p2id":"seemslogical","formatid":"gen9vgc2023regulatione","rating":0,"private":0,"password":""}