{"id":"gen9vgc2023regulatione-1991528028","p1":"Suffixussy","p2":"The Pringle Pirate","format":"[Gen 9] VGC 2023 Regulation E","log":"|j|\u2606Suffixussy\n|j|\u2606The Pringle Pirate\n|t:|1700085229\n|gametype|doubles\n|player|p1|Suffixussy|2|1461\n|player|p2|The Pringle Pirate|sailor|1506\n|teamsize|p1|6\n|teamsize|p2|6\n|gen|9\n|tier|[Gen 9] VGC 2023 Regulation E\n|rated|\n|rule|Species Clause: Limit one of each Pok\u00e9mon\n|rule|Item Clause: Limit one of each item\n|clearpoke\n|poke|p1|Ninetales-Alola, L50, F|\n|poke|p1|Baxcalibur, L50, F|\n|poke|p1|Iron Hands, L50|\n|poke|p1|Heatran, L50, F|\n|poke|p1|Landorus-Therian, L50, M|\n|poke|p1|Kommo-o, L50, F|\n|poke|p2|Sandy Shocks, L50|\n|poke|p2|Espathra, L50, M|\n|poke|p2|Sinistcha, L50|\n|poke|p2|Arcanine-Hisui, L50, M|\n|poke|p2|Sylveon, L50, M|\n|poke|p2|Basculegion, L50, M|\n|teampreview|4\n|inactive|Battle timer is ON: inactive players will automatically lose when time's up. (requested by Suffixussy)\n|\n|t:|1700085318\n|start\n|switch|p1a: Ninetales|Ninetales-Alola, L50, F|100\/100\n|switch|p1b: Baxcalibur|Baxcalibur, L50, F|100\/100\n|switch|p2a: Arcanine|Arcanine-Hisui, L50, M|100\/100\n|switch|p2b: Sylveon|Sylveon, L50, M|100\/100\n|-weather|Snow|[from] ability: Snow Warning|[of] p1a: Ninetales\n|-ability|p2a: Arcanine|Intimidate|boost\n|-unboost|p1a: Ninetales|atk|1\n|-unboost|p1b: Baxcalibur|atk|1\n|turn|1\n|inactive|Suffixussy has 30 seconds left.\n|inactive|Suffixussy has 20 seconds left.\n|inactive|Suffixussy has 15 seconds left.\n|\n|t:|1700085361\n|switch|p1b: Heatran|Heatran, L50, F|100\/100\n|move|p1a: Ninetales|Aurora Veil|p1a: Ninetales\n|-sidestart|p1: Suffixussy|move: Aurora Veil\n|move|p2a: Arcanine|Rock Slide|p1b: Heatran|[spread] p1a,p1b\n|-supereffective|p1a: Ninetales\n|-damage|p1a: Ninetales|52\/100\n|-damage|p1b: Heatran|79\/100\n|-damage|p2a: Arcanine|91\/100|[from] item: Life Orb\n|move|p2b: Sylveon|Hyper Voice|p1b: Heatran|[spread] p1a,p1b\n|-resisted|p1b: Heatran\n|-damage|p1a: Ninetales|10\/100\n|-damage|p1b: Heatran|71\/100\n|\n|-weather|Snow|[upkeep]\n|upkeep\n|turn|2\n|\n|t:|1700085385\n|switch|p2b: Sandy Shocks|Sandy Shocks, L50|100\/100\n|-enditem|p2b: Sandy Shocks|Booster Energy\n|-activate|p2b: Sandy Shocks|ability: Protosynthesis|[fromitem]\n|-start|p2b: Sandy Shocks|protosynthesisspe\n|move|p1a: Ninetales|Icy Wind|p2a: Arcanine|[spread] p2a,p2b\n|-resisted|p2a: Arcanine\n|-supereffective|p2b: Sandy Shocks\n|-damage|p2a: Arcanine|82\/100\n|-damage|p2b: Sandy Shocks|63\/100\n|-unboost|p2a: Arcanine|spe|1\n|-unboost|p2b: Sandy Shocks|spe|1\n|move|p1b: Heatran|Earth Power|p2a: Arcanine\n|-supereffective|p2a: Arcanine\n|-damage|p2a: Arcanine|0 fnt\n|faint|p2a: Arcanine\n|\n|-weather|Snow|[upkeep]\n|upkeep\n|\n|t:|1700085396\n|switch|p2a: Sylveon|Sylveon, L50, M|100\/100\n|turn|3\n|inactive|Suffixussy has 30 seconds left.\n|inactive|Suffixussy has 20 seconds left.\n|\n|t:|1700085432\n|-terastallize|p2a: Sylveon|Fire\n|move|p2b: Sandy Shocks|Protect|p2b: Sandy Shocks\n|-singleturn|p2b: Sandy Shocks|Protect\n|move|p1a: Ninetales|Blizzard|p2a: Sylveon|[spread] p2a\n|-activate|p2b: Sandy Shocks|move: Protect\n|-resisted|p2a: Sylveon\n|-damage|p2a: Sylveon|90\/100\n|move|p1b: Heatran|Earth Power|p2a: Sylveon\n|-supereffective|p2a: Sylveon\n|-damage|p2a: Sylveon|9\/100\n|-unboost|p2a: Sylveon|spd|1\n|move|p2a: Sylveon|Hyper Voice|p1b: Heatran|[spread] p1a,p1b\n|-resisted|p1b: Heatran\n|-damage|p1a: Ninetales|0 fnt\n|-damage|p1b: Heatran|62\/100\n|faint|p1a: Ninetales\n|\n|-weather|Snow|[upkeep]\n|upkeep\n|\n|t:|1700085449\n|switch|p1a: Baxcalibur|Baxcalibur, L50, F|100\/100\n|turn|4\n|\n|t:|1700085467\n|switch|p2a: Basculegion|Basculegion, L50, M|100\/100\n|-terastallize|p1a: Baxcalibur|Fire\n|move|p2b: Sandy Shocks|Earth Power|p1b: Heatran\n|-supereffective|p1b: Heatran\n|-damage|p1b: Heatran|0 fnt\n|faint|p1b: Heatran\n|move|p1a: Baxcalibur|Icicle Spear|p2b: Sandy Shocks\n|-supereffective|p2b: Sandy Shocks\n|-damage|p2b: Sandy Shocks|35\/100\n|-supereffective|p2b: Sandy Shocks\n|-damage|p2b: Sandy Shocks|2\/100\n|-supereffective|p2b: Sandy Shocks\n|-damage|p2b: Sandy Shocks|0 fnt\n|faint|p2b: Sandy Shocks\n|-end|p2b: Sandy Shocks|Protosynthesis|[silent]\n|-hitcount|p2: Sandy Shocks|3\n|\n|-weather|Snow|[upkeep]\n|upkeep\n|\n|t:|1700085481\n|switch|p2b: Sylveon|Sylveon, L50, M, tera:Fire|9\/100\n|switch|p1b: Iron Hands|Iron Hands, L50|100\/100\n|turn|5\n|\n|t:|1700085491\n|move|p1b: Iron Hands|Fake Out|p2b: Sylveon\n|-damage|p2b: Sylveon|0 fnt\n|faint|p2b: Sylveon\n|move|p1a: Baxcalibur|Scale Shot|p2a: Basculegion\n|-damage|p2a: Basculegion|87\/100\n|-damage|p2a: Basculegion|71\/100\n|-damage|p2a: Basculegion|55\/100\n|-damage|p2a: Basculegion|40\/100\n|-hitcount|p2a: Basculegion|4\n|-unboost|p1a: Baxcalibur|def|1\n|-boost|p1a: Baxcalibur|spe|1\n|move|p2a: Basculegion|Last Respects|p1b: Iron Hands\n|-damage|p1b: Iron Hands|40\/100\n|\n|-weather|none\n|upkeep\n|turn|6\n|\n|t:|1700085511\n|move|p1a: Baxcalibur|Scale Shot|p2a: Basculegion\n|-damage|p2a: Basculegion|26\/100\n|-damage|p2a: Basculegion|11\/100\n|-damage|p2a: Basculegion|0 fnt\n|faint|p2a: Basculegion\n|-hitcount|p2: Basculegion|3\n|\n|win|Suffixussy\n|raw|Suffixussy's rating: 1461 &rarr; <strong>1484<\/strong><br \/>(+23 for winning)\n|raw|The Pringle Pirate's rating: 1506 &rarr; <strong>1483<\/strong><br \/>(-23 for losing)\n|l|\u2606The Pringle Pirate\n|c|\u2606Suffixussy|gg\n","uploadtime":1700085532,"views":8,"p1id":"suffixussy","p2id":"thepringlepirate","formatid":"gen9vgc2023regulatione","rating":1483,"private":0,"password":""}