{"id":"gen9vgc2023regulatione-1994489061","p1":"SCRUMPTIOUSBREAD","p2":"Gino Bhengazi","format":"[Gen 9] VGC 2023 Regulation E","log":"|j|\u2606SCRUMPTIOUSBREAD\n|j|\u2606Gino Bhengazi\n|n|\u2606SCRUMPTIOUSBREAD|scrumptiousbread\n|n|\u2606Gino Bhengazi|ginobhengazi\n|html|View the match progress at <a href=\"\/game-bestof3-gen9vgc2023regulatione-1994489060\">game-bestof3-gen9vgc2023regulatione-1994489060<\/a>\n|t:|1700449878\n|gametype|doubles\n|player|p1|SCRUMPTIOUSBREAD|lance|\n|player|p2|Gino Bhengazi|102|\n|teamsize|p1|6\n|teamsize|p2|6\n|gen|9\n|tier|[Gen 9] VGC 2023 Regulation E\n|rule|Species Clause: Limit one of each Pok\u00e9mon\n|rule|Item Clause: Limit one of each item\n|clearpoke\n|poke|p1|Ogerpon-Wellspring, L50, F|\n|poke|p1|Dugtrio, L50, M|\n|poke|p1|Dragapult, L50, M|\n|poke|p1|Corviknight, L50, M|\n|poke|p1|Raichu, L50, M|\n|poke|p1|Arcanine-Hisui, L50, M|\n|poke|p2|Goodra-Hisui, L50, M|\n|poke|p2|Armarouge, L50, M|\n|poke|p2|Gothitelle, L50, M|\n|poke|p2|Ursaluna, L50, M|\n|poke|p2|Annihilape, L50, M|\n|poke|p2|Slowking-Galar, L50, M|\n|teampreview|4\nSCRUMPTIOUSBREAD rejected open team sheets.\n|j| hunter16k\n|j| Aquarsene\n|j| Daniel1018\n|\n|t:|1700449918\n|start\n|switch|p1a: Muffin|Ogerpon-Wellspring, L50, F|100\/100\n|switch|p1b: Southpaw|Dugtrio, L50, M, shiny|100\/100\n|switch|p2a: North Carolina|Slowking-Galar, L50, M|100\/100\n|switch|p2b: Louisiana|Gothitelle, L50, M|100\/100\n|turn|1\n|\n|t:|1700449955\n|move|p2b: Louisiana|Fake Out|p1a: Muffin\n|-damage|p1a: Muffin|95\/100\n|move|p1b: Southpaw|Swords Dance|p1b: Southpaw\n|-boost|p1b: Southpaw|atk|2\n|cant|p1a: Muffin|flinch\n|move|p2a: North Carolina|Future Sight|p1b: Southpaw\n|-start|p2a: North Carolina|move: Future Sight\n|\n|upkeep\n|turn|2\n|\n|t:|1700450020\n|move|p2b: Louisiana|Protect|p2b: Louisiana\n|-singleturn|p2b: Louisiana|Protect\n|move|p1b: Southpaw|Sucker Punch||[still]\n|-fail|p1b: Southpaw\n|move|p1a: Muffin|Stomping Tantrum|p2a: North Carolina\n|-supereffective|p2a: North Carolina\n|-damage|p2a: North Carolina|0 fnt\n|faint|p2a: North Carolina\n|\n|upkeep\n|\n|t:|1700450046\n|switch|p2a: Florida|Annihilape, L50, M|100\/100\n|turn|3\n|\n|t:|1700450078\n|move|p1a: Muffin|Spiky Shield|p1a: Muffin\n|-singleturn|p1a: Muffin|move: Protect\n|move|p1b: Southpaw|Sucker Punch|p2a: Florida\n|-damage|p2a: Florida|59\/100\n|move|p2a: Florida|Ice Punch|p1b: Southpaw\n|-supereffective|p1b: Southpaw\n|-enditem|p1b: Southpaw|Focus Sash\n|-damage|p1b: Southpaw|1\/100\n|move|p2b: Louisiana|Trick Room|p2b: Louisiana\n|-fieldstart|move: Trick Room|[of] p2b: Louisiana\n|\n|-end|p1b: Southpaw|move: Future Sight\n|-damage|p1b: Southpaw|0 fnt\n|faint|p1b: Southpaw\n|-heal|p2a: Florida|65\/100|[from] item: Leftovers\n|upkeep\n|\n|t:|1700450097\n|switch|p1b: Claymore|Corviknight, L50, M, shiny|100\/100\n|-enditem|p1b: Claymore|Room Service\n|-unboost|p1b: Claymore|spe|1|[from] item: Room Service\n|turn|4\n|\n|t:|1700450145\n|switch|p2b: Utah|Goodra-Hisui, L50, M|100\/100\n|move|p1b: Claymore|Iron Defense|p1b: Claymore\n|-boost|p1b: Claymore|def|2\n|move|p2a: Florida|Drain Punch|p1b: Claymore\n|-damage|p1b: Claymore|87\/100\n|-heal|p2a: Florida|71\/100|[from] drain|[of] p1b: Claymore\n|move|p1a: Muffin|Ivy Cudgel|p2b: Utah|[anim] Ivy Cudgel Water\n|-resisted|p2b: Utah\n|-damage|p2b: Utah|79\/100\n|\n|-heal|p2a: Florida|77\/100|[from] item: Leftovers\n|upkeep\n|turn|5\n|\n|t:|1700450181\n|-terastallize|p2b: Utah|Poison\n|move|p1b: Claymore|Body Press|p2b: Utah\n|-resisted|p2b: Utah\n|-damage|p2b: Utah|61\/100\n|-damage|p1b: Claymore|71\/100|[from] item: Rocky Helmet|[of] p2b: Utah\n|move|p2b: Utah|Acid Armor|p2b: Utah\n|-boost|p2b: Utah|def|2\n|move|p2a: Florida|Ice Punch|p1a: Muffin\n|-damage|p1a: Muffin|69\/100\n|move|p1a: Muffin|Stomping Tantrum|p2b: Utah\n|-supereffective|p2b: Utah\n|-damage|p2b: Utah|37\/100\n|-damage|p1a: Muffin|53\/100|[from] item: Rocky Helmet|[of] p2b: Utah\n|\n|-heal|p2a: Florida|83\/100|[from] item: Leftovers\n|upkeep\n|turn|6\n|\n|t:|1700450202\n|move|p1a: Muffin|Spiky Shield|p1a: Muffin\n|-singleturn|p1a: Muffin|move: Protect\n|move|p1b: Claymore|Iron Defense|p1b: Claymore\n|-boost|p1b: Claymore|def|2\n|move|p2b: Utah|Life Dew|p2b: Utah|[spread] p2a,p2b\n|-heal|p2a: Florida|100\/100\n|-heal|p2b: Utah|62\/100\n|move|p2a: Florida|Rage Fist|p1a: Muffin\n|-activate|p1a: Muffin|move: Protect\n|-damage|p2a: Florida|88\/100|[from] Spiky Shield|[of] p1a: Muffin\n|\n|-heal|p2a: Florida|94\/100|[from] item: Leftovers\n|upkeep\n|turn|7\n|\n|t:|1700450239\n|-terastallize|p1a: Muffin|Water\n|detailschange|p1a: Muffin|Ogerpon-Wellspring-Tera, L50, F, tera:Water\n|-ability|p1a: Muffin|Embody Aspect (Wellspring)|boost\n|-boost|p1a: Muffin|spd|1\n|move|p1b: Claymore|Taunt|p2b: Utah\n|-start|p2b: Utah|move: Taunt\n|move|p2b: Utah|Draco Meteor|p1b: Claymore\n|-resisted|p1b: Claymore\n|-damage|p1b: Claymore|49\/100\n|-unboost|p2b: Utah|spa|2\n|move|p2a: Florida|Rage Fist|p1a: Muffin\n|-damage|p1a: Muffin|0 fnt\n|faint|p1a: Muffin\n|\n|-heal|p2a: Florida|99\/100|[from] item: Leftovers\n|-fieldend|move: Trick Room\n|upkeep\n|\n|t:|1700450256\n|switch|p1a: Whisper|Dragapult, L50, M, shiny|100\/100\n|-item|p1a: Whisper|Air Balloon\n|turn|8\n|\n|t:|1700450311\n|switch|p2a: Louisiana|Gothitelle, L50, M|100\/100\n|move|p1a: Whisper|Reflect|p1a: Whisper\n|-sidestart|p1: SCRUMPTIOUSBREAD|Reflect\n|move|p2b: Utah|Draco Meteor|p1a: Whisper\n|-supereffective|p1a: Whisper\n|-crit|p1a: Whisper\n|-damage|p1a: Whisper|0 fnt\n|-unboost|p2b: Utah|spa|2\n|-enditem|p1a: Whisper|Air Balloon\n|faint|p1a: Whisper\n|move|p1b: Claymore|Body Press|p2b: Utah\n|-resisted|p2b: Utah\n|-damage|p2b: Utah|48\/100\n|-damage|p1b: Claymore|32\/100|[from] item: Rocky Helmet|[of] p2b: Utah\n|\n|upkeep\n|turn|9\n|\n|t:|1700450331\n|move|p2a: Louisiana|Fake Out|p1b: Claymore\n|-resisted|p1b: Claymore\n|-damage|p1b: Claymore|32\/100\n|move|p2b: Utah|Body Press|p1b: Claymore\n|-damage|p1b: Claymore|24\/100\n|cant|p1b: Claymore|flinch\n|\n|-end|p2b: Utah|move: Taunt\n|upkeep\n|turn|10\n|\n|t:|1700450350\n|switch|p2a: Florida|Annihilape, L50, M|99\/100\n|move|p2b: Utah|Life Dew|p2b: Utah|[spread] p2a,p2b\n|-heal|p2a: Florida|100\/100\n|-heal|p2b: Utah|73\/100\n|move|p1b: Claymore|Body Press|p2a: Florida\n|-immune|p2a: Florida\n|\n|upkeep\n|turn|11\n|\n|t:|1700450366\n|move|p2a: Florida|Rage Fist|p1b: Claymore\n|-damage|p1b: Claymore|16\/100\n|move|p2b: Utah|Body Press|p1b: Claymore\n|-damage|p1b: Claymore|8\/100\n|move|p1b: Claymore|Brave Bird|p2a: Florida\n|-supereffective|p2a: Florida\n|-damage|p2a: Florida|23\/100\n|-damage|p1b: Claymore|0 fnt|[from] Recoil\n|faint|p1b: Claymore\n|\n|win|Gino Bhengazi\n|inactive|SCRUMPTIOUSBREAD has 50 seconds to confirm battle start!\n|inactive|Gino Bhengazi has 50 seconds to confirm battle start!\n|c|&|\/uhtml prompt-ginobhengazi,Gino Bhengazi is ready for game 2!\n","uploadtime":1700450377,"views":10,"p1id":"scrumptiousbread","p2id":"ginobhengazi","formatid":"gen9vgc2023regulatione","rating":0,"private":0,"password":""}