{"id":"gen9vgc2023regulatione-1988651488","p1":"Steve9999","p2":"Walt Whitman VGC","format":"[Gen 9] VGC 2023 Regulation E","log":"|j|\u2606Steve9999\n|j|\u2606Walt Whitman VGC\n|t:|1699746389\n|gametype|doubles\n|player|p1|Steve9999|170|1250\n|player|p2|Walt Whitman VGC|backpacker|1256\n|teamsize|p1|6\n|teamsize|p2|6\n|gen|9\n|tier|[Gen 9] VGC 2023 Regulation E\n|rated|\n|rule|Species Clause: Limit one of each Pok\u00e9mon\n|rule|Item Clause: Limit one of each item\n|clearpoke\n|poke|p1|Iron Hands, L50|\n|poke|p1|Farigiraf, L50, M|\n|poke|p1|Iron Bundle, L50|\n|poke|p1|Chi-Yu, L50|\n|poke|p1|Gholdengo, L50|\n|poke|p1|Sylveon, L50, M|\n|poke|p2|Chi-Yu, L50|\n|poke|p2|Gastrodon, L50, M|\n|poke|p2|Landorus-Therian, L50, M|\n|poke|p2|Klefki, L50, F|\n|poke|p2|Baxcalibur, L50, F|\n|poke|p2|Flutter Mane, L50|\n|teampreview|4\n|j| DarkRinoRex\n|inactive|Battle timer is ON: inactive players will automatically lose when time's up. (requested by Walt Whitman VGC)\n|\n|t:|1699746448\n|start\n|switch|p1a: Iron Hands|Iron Hands, L50, shiny|100\/100\n|switch|p1b: Sylveon|Sylveon, L50, M|100\/100\n|switch|p2a: TylerHuntley|Klefki, L50, F|100\/100\n|switch|p2b: Nick Foles|Landorus-Therian, L50, M|100\/100\n|-ability|p2b: Nick Foles|Intimidate|boost\n|-unboost|p1a: Iron Hands|atk|1\n|-unboost|p1b: Sylveon|atk|1\n|turn|1\n|inactive|Steve9999 has 30 seconds left.\n|inactive|Walt Whitman VGC has 30 seconds left.\n|inactive|Walt Whitman VGC has 20 seconds left.\n|inactive|Walt Whitman VGC has 15 seconds left.\n|inactive|Walt Whitman VGC has 10 seconds left.\n|\n|t:|1699746496\n|-terastallize|p1b: Sylveon|Water\n|move|p1a: Iron Hands|Fake Out|p2b: Nick Foles\n|-damage|p2b: Nick Foles|90\/100\n|move|p2a: TylerHuntley|Light Screen|p2a: TylerHuntley\n|-sidestart|p2: Walt Whitman VGC|move: Light Screen\n|cant|p2b: Nick Foles|flinch\n|move|p1b: Sylveon|Hyper Voice|p2a: TylerHuntley|[spread] p2a,p2b\n|-resisted|p2a: TylerHuntley\n|-damage|p2a: TylerHuntley|91\/100\n|-damage|p2b: Nick Foles|66\/100\n|-enditem|p1b: Sylveon|Throat Spray\n|-boost|p1b: Sylveon|spa|1|[from] item: Throat Spray\n|\n|upkeep\n|turn|2\n|inactive|Steve9999 has 30 seconds left.\n|\n|t:|1699746525\n|move|p2a: TylerHuntley|Reflect|p2a: TylerHuntley\n|-sidestart|p2: Walt Whitman VGC|Reflect\n|move|p2b: Nick Foles|Rock Slide|p1b: Sylveon|[spread] p1a,p1b\n|-resisted|p1a: Iron Hands\n|-damage|p1a: Iron Hands|95\/100\n|-damage|p1b: Sylveon|83\/100\n|move|p1b: Sylveon|Hyper Voice|p2a: TylerHuntley|[spread] p2a,p2b\n|-resisted|p2a: TylerHuntley\n|-damage|p2a: TylerHuntley|76\/100\n|-damage|p2b: Nick Foles|34\/100\n|-enditem|p2b: Nick Foles|Sitrus Berry|[eat]\n|-heal|p2b: Nick Foles|59\/100|[from] item: Sitrus Berry\n|cant|p1a: Iron Hands|flinch\n|\n|upkeep\n|turn|3\n|\n|t:|1699746545\n|move|p2b: Nick Foles|Stomping Tantrum|p1a: Iron Hands\n|-supereffective|p1a: Iron Hands\n|-damage|p1a: Iron Hands|46\/100\n|move|p2a: TylerHuntley|Dazzling Gleam|p1a: Iron Hands|[spread] p1a,p1b\n|-supereffective|p1a: Iron Hands\n|-damage|p1a: Iron Hands|23\/100\n|-damage|p1b: Sylveon|70\/100\n|move|p1b: Sylveon|Hyper Voice|p2a: TylerHuntley|[spread] p2a,p2b\n|-resisted|p2a: TylerHuntley\n|-damage|p2a: TylerHuntley|61\/100\n|-damage|p2b: Nick Foles|23\/100\n|move|p1a: Iron Hands|Drain Punch|p2a: TylerHuntley\n|-damage|p2a: TylerHuntley|38\/100\n|-heal|p1a: Iron Hands|30\/100|[from] drain|[of] p2a: TylerHuntley\n|\n|upkeep\n|turn|4\n|\n|t:|1699746569\n|switch|p2b: Brock Purdy|Flutter Mane, L50|100\/100\n|-enditem|p2b: Brock Purdy|Booster Energy\n|-activate|p2b: Brock Purdy|ability: Protosynthesis|[fromitem]\n|-start|p2b: Brock Purdy|protosynthesisspe\n|move|p2a: TylerHuntley|Dazzling Gleam|p1b: Sylveon|[spread] p1a,p1b\n|-supereffective|p1a: Iron Hands\n|-damage|p1a: Iron Hands|10\/100\n|-damage|p1b: Sylveon|56\/100\n|move|p1b: Sylveon|Hyper Voice|p2a: TylerHuntley|[spread] p2a,p2b\n|-resisted|p2a: TylerHuntley\n|-damage|p2a: TylerHuntley|25\/100\n|-damage|p2b: Brock Purdy|71\/100\n|move|p1a: Iron Hands|Drain Punch|p2a: TylerHuntley\n|-damage|p2a: TylerHuntley|4\/100\n|-heal|p1a: Iron Hands|17\/100|[from] drain|[of] p2a: TylerHuntley\n|\n|upkeep\n|turn|5\n|inactive|Steve9999 has 30 seconds left.\n|inactive|Walt Whitman VGC has 30 seconds left.\n|\n|t:|1699746600\n|move|p2b: Brock Purdy|Calm Mind|p2b: Brock Purdy\n|-boost|p2b: Brock Purdy|spa|1\n|-boost|p2b: Brock Purdy|spd|1\n|move|p2a: TylerHuntley|Dazzling Gleam|p1b: Sylveon|[spread] p1a,p1b\n|-supereffective|p1a: Iron Hands\n|-damage|p1a: Iron Hands|0 fnt\n|-damage|p1b: Sylveon|43\/100\n|faint|p1a: Iron Hands\n|-end|p1a: Iron Hands|Quark Drive|[silent]\n|move|p1b: Sylveon|Hyper Voice|p2b: Brock Purdy|[spread] p2a,p2b\n|-resisted|p2a: TylerHuntley\n|-crit|p2a: TylerHuntley\n|-damage|p2a: TylerHuntley|0 fnt\n|-damage|p2b: Brock Purdy|51\/100\n|faint|p2a: TylerHuntley\n|\n|upkeep\n|\n|t:|1699746619\n|switch|p2a: Matt Flynn|Baxcalibur, L50, F|100\/100\n|switch|p1a: Iron Bundle|Iron Bundle, L50, shiny|100\/100\n|-enditem|p1a: Iron Bundle|Booster Energy\n|-activate|p1a: Iron Bundle|ability: Quark Drive|[fromitem]\n|-start|p1a: Iron Bundle|quarkdrivespe\n|turn|6\n|inactive|Steve9999 has 30 seconds left.\n|inactive|Walt Whitman VGC has 30 seconds left.\n|\n|t:|1699746647\n|-terastallize|p2b: Brock Purdy|Fairy\n|move|p2b: Brock Purdy|Draining Kiss|p1b: Sylveon\n|-damage|p1b: Sylveon|0 fnt\n|-heal|p2b: Brock Purdy|94\/100|[from] drain|[of] p1b: Sylveon\n|faint|p1b: Sylveon\n|move|p1a: Iron Bundle|Freeze-Dry|p2b: Brock Purdy\n|-damage|p2b: Brock Purdy|78\/100\n|move|p2a: Matt Flynn|Stomping Tantrum|p1a: Iron Bundle\n|-damage|p1a: Iron Bundle|66\/100\n|\n|upkeep\n|\n|t:|1699746657\n|switch|p1b: Gholdengo|Gholdengo, L50|100\/100\n|turn|7\n|\n|t:|1699746672\n|move|p1a: Iron Bundle|Freeze-Dry|p2b: Brock Purdy\n|-damage|p2b: Brock Purdy|61\/100\n|move|p2b: Brock Purdy|Shadow Ball|p1b: Gholdengo\n|-supereffective|p1b: Gholdengo\n|-damage|p1b: Gholdengo|0 fnt\n|faint|p1b: Gholdengo\n|move|p2a: Matt Flynn|Stomping Tantrum|p1a: Iron Bundle\n|-damage|p1a: Iron Bundle|32\/100\n|\n|upkeep\n|turn|8\n|l| DarkRinoRex\n|\n|t:|1699746684\n|move|p1a: Iron Bundle|Freeze-Dry|p2b: Brock Purdy\n|-damage|p2b: Brock Purdy|46\/100\n|move|p2b: Brock Purdy|Draining Kiss|p1a: Iron Bundle\n|-damage|p1a: Iron Bundle|0 fnt\n|-heal|p2b: Brock Purdy|68\/100|[from] drain|[of] p1a: Iron Bundle\n|faint|p1a: Iron Bundle\n|-end|p1a: Iron Bundle|Quark Drive|[silent]\n|\n|win|Walt Whitman VGC\n|raw|Steve9999's rating: 1250 &rarr; <strong>1225<\/strong><br \/>(-25 for losing)\n|raw|Walt Whitman VGC's rating: 1256 &rarr; <strong>1281<\/strong><br \/>(+25 for winning)\n","uploadtime":1699746695,"views":12,"p1id":"steve9999","p2id":"waltwhitmanvgc","formatid":"gen9vgc2023regulatione","rating":1225,"private":0,"password":""}