{"id":"gen9vgc2023regulatione-1994438054","p1":"Minimugs","p2":"WcyWremlin","format":"[Gen 9] VGC 2023 Regulation E","log":"|j|\u2606Minimugs\n|j|\u2606WcyWremlin\n|t:|1700443931\n|gametype|doubles\n|player|p1|Minimugs|steven|1109\n|player|p2|WcyWremlin|crasherwake|1040\n|teamsize|p1|6\n|teamsize|p2|6\n|gen|9\n|tier|[Gen 9] VGC 2023 Regulation E\n|rated|\n|rule|Species Clause: Limit one of each Pok\u00e9mon\n|rule|Item Clause: Limit one of each item\n|clearpoke\n|poke|p1|Iron Hands, L50|\n|poke|p1|Articuno-Galar, L50|\n|poke|p1|Chi-Yu, L50|\n|poke|p1|Amoonguss, L50, F|\n|poke|p1|Gyarados, L50, M|\n|poke|p1|Chien-Pao, L50|\n|poke|p2|Rillaboom, L50, M|\n|poke|p2|Ogerpon-Hearthflame, L50, F|\n|poke|p2|Flutter Mane, L50|\n|poke|p2|Iron Hands, L50|\n|poke|p2|Arcanine-Hisui, L50, F|\n|poke|p2|Ninetales-Alola, L50, M|\n|teampreview|4\n|inactive|Battle timer is ON: inactive players will automatically lose when time's up. (requested by Minimugs)\n|\n|t:|1700443950\n|start\n|switch|p1a: Gyarados|Gyarados, L50, M|100\/100\n|switch|p1b: Iron Hands|Iron Hands, L50|100\/100\n|switch|p2a: Arcanine|Arcanine-Hisui, L50, F, shiny|100\/100\n|switch|p2b: Iron Hands|Iron Hands, L50|100\/100\n|-ability|p2a: Arcanine|Intimidate|boost\n|-unboost|p1a: Gyarados|atk|1\n|-unboost|p1b: Iron Hands|atk|1\n|-ability|p1a: Gyarados|Intimidate|boost\n|-unboost|p2a: Arcanine|atk|1\n|-unboost|p2b: Iron Hands|atk|1\n|turn|1\n|\n|t:|1700443967\n|switch|p2a: Rillaboom|Rillaboom, L50, M, shiny|100\/100\n|-fieldstart|move: Grassy Terrain|[from] ability: Grassy Surge|[of] p2a: Rillaboom\n|-enditem|p2a: Rillaboom|Grassy Seed\n|-boost|p2a: Rillaboom|def|1|[from] item: Grassy Seed\n|switch|p1a: Chi-Yu|Chi-Yu, L50|100\/100\n|-ability|p1a: Chi-Yu|Beads of Ruin\n|-terastallize|p1b: Iron Hands|Grass\n|move|p2b: Iron Hands|Fake Out|p1a: Chi-Yu\n|-damage|p1a: Chi-Yu|87\/100\n|move|p1b: Iron Hands|Swords Dance|p1b: Iron Hands\n|-boost|p1b: Iron Hands|atk|2\n|\n|-heal|p1a: Chi-Yu|94\/100|[from] Grassy Terrain\n|upkeep\n|turn|2\n|inactive|Minimugs has 30 seconds left.\n|inactive|WcyWremlin has 30 seconds left.\n|inactive|WcyWremlin has 20 seconds left.\n|\n|t:|1700444004\n|move|p1a: Chi-Yu|Nasty Plot|p1a: Chi-Yu\n|-boost|p1a: Chi-Yu|spa|2\n|move|p2a: Rillaboom|U-turn|p1b: Iron Hands\n|-supereffective|p1b: Iron Hands\n|-damage|p1b: Iron Hands|70\/100\n|\n|t:|1700444009\n|switch|p2a: Arcanine|Arcanine-Hisui, L50, F, shiny|100\/100|[from] U-turn\n|-ability|p2a: Arcanine|Intimidate|boost\n|-unboost|p1a: Chi-Yu|atk|1\n|-unboost|p1b: Iron Hands|atk|1\n|move|p2b: Iron Hands|Drain Punch|p1a: Chi-Yu\n|-supereffective|p1a: Chi-Yu\n|-damage|p1a: Chi-Yu|23\/100\n|move|p1b: Iron Hands|Drain Punch|p2a: Arcanine\n|-supereffective|p2a: Arcanine\n|-damage|p2a: Arcanine|0 fnt\n|-heal|p1b: Iron Hands|100\/100|[from] drain|[of] p2a: Arcanine\n|faint|p2a: Arcanine\n|\n|-heal|p1a: Chi-Yu|29\/100|[from] Grassy Terrain\n|upkeep\n|\n|t:|1700444019\n|switch|p2a: Ogerpon|Ogerpon-Hearthflame, L50, F|100\/100\n|-ability|p2a: Ogerpon|Mold Breaker\n|turn|3\n|inactive|Minimugs has 30 seconds left.\n|\n|t:|1700444049\n|-end|p1b: Iron Hands|Quark Drive|[silent]\n|switch|p1b: Gyarados|Gyarados, L50, M|100\/100\n|-ability|p1b: Gyarados|Intimidate|boost\n|-unboost|p2a: Ogerpon|atk|1\n|-unboost|p2b: Iron Hands|atk|1\n|move|p1a: Chi-Yu|Protect|p1a: Chi-Yu\n|-singleturn|p1a: Chi-Yu|Protect\n|move|p2a: Ogerpon|Grassy Glide|p1a: Chi-Yu\n|-activate|p1a: Chi-Yu|move: Protect\n|move|p2b: Iron Hands|Drain Punch|p1a: Chi-Yu\n|-activate|p1a: Chi-Yu|move: Protect\n|\n|-heal|p1a: Chi-Yu|35\/100|[from] Grassy Terrain\n|upkeep\n|turn|4\n|\n|t:|1700444073\n|-end|p2b: Iron Hands|Quark Drive|[silent]\n|switch|p2b: Rillaboom|Rillaboom, L50, M, shiny|100\/100\n|move|p2a: Ogerpon|Spiky Shield|p2a: Ogerpon\n|-singleturn|p2a: Ogerpon|move: Protect\n|move|p1a: Chi-Yu|Dark Pulse|p2a: Ogerpon\n|-activate|p2a: Ogerpon|move: Protect\n|move|p1b: Gyarados|Thunder Wave|p2a: Ogerpon\n|-activate|p2a: Ogerpon|move: Protect\n|\n|-heal|p1a: Chi-Yu|41\/100|[from] Grassy Terrain\n|upkeep\n|turn|5\n|\n|t:|1700444093\n|move|p1a: Chi-Yu|Protect|p1a: Chi-Yu\n|-singleturn|p1a: Chi-Yu|Protect\n|move|p2a: Ogerpon|Grassy Glide|p1a: Chi-Yu\n|-activate|p1a: Chi-Yu|move: Protect\n|move|p2b: Rillaboom|Grassy Glide|p1a: Chi-Yu\n|-activate|p1a: Chi-Yu|move: Protect\n|move|p1b: Gyarados|Thunder Wave|p2a: Ogerpon\n|-status|p2a: Ogerpon|par\n|\n|-heal|p1a: Chi-Yu|48\/100|[from] Grassy Terrain\n|-fieldend|move: Grassy Terrain\n|upkeep\n|turn|6\n|\n|t:|1700444116\n|switch|p1b: Articuno|Articuno-Galar, L50|100\/100\n|move|p1a: Chi-Yu|Flamethrower|p2b: Rillaboom\n|-supereffective|p2b: Rillaboom\n|-damage|p2b: Rillaboom|0 fnt\n|faint|p2b: Rillaboom\n|move|p2a: Ogerpon|Ivy Cudgel|p1a: Chi-Yu|[anim] Ivy Cudgel Fire\n|-resisted|p1a: Chi-Yu\n|-damage|p1a: Chi-Yu|25\/100\n|\n|upkeep\n|-message|WcyWremlin forfeited.\n|\n|win|Minimugs\n|raw|Minimugs's rating: 1109 &rarr; <strong>1129<\/strong><br \/>(+20 for winning)\n|raw|WcyWremlin's rating: 1040 &rarr; <strong>1027<\/strong><br \/>(-13 for losing)\n|l|\u2606WcyWremlin\n","uploadtime":1700444136,"views":12,"p1id":"minimugs","p2id":"wcywremlin","formatid":"gen9vgc2023regulatione","rating":1027,"private":0,"password":""}