{"id":"gen9vgc2023regulatione-1991610913","p1":"It'sJustKen VGC","p2":"kogetsukun","format":"[Gen 9] VGC 2023 Regulation E","log":"|j|\u2606It'sJustKen VGC\n|j|\u2606kogetsukun\n|t:|1700093999\n|gametype|doubles\n|player|p1|It'sJustKen VGC|turo|\n|player|p2|kogetsukun|acetrainer-gen4dp|\n|teamsize|p1|6\n|teamsize|p2|6\n|gen|9\n|tier|[Gen 9] VGC 2023 Regulation E\n|rated|Tournament battle\n|rule|Species Clause: Limit one of each Pok\u00e9mon\n|rule|Item Clause: Limit one of each item\n|clearpoke\n|poke|p1|Flutter Mane, L50|\n|poke|p1|Scizor, L50, F|\n|poke|p1|Arcanine-Hisui, L50, M|\n|poke|p1|Gastrodon-East, L50, M|\n|poke|p1|Kingambit, L50, F|\n|poke|p1|Iron Hands, L50|\n|poke|p2|Meowscarada, L50, M|\n|poke|p2|Garchomp, L50, F|\n|poke|p2|Talonflame, L50, F|\n|poke|p2|Rillaboom, L50, M|\n|poke|p2|Iron Bundle, L50|\n|poke|p2|Pawmot, L50, F|\n|teampreview|4\n|showteam|p1|Flutter Mane||FairyFeather|Protosynthesis|Imprison,TrickRoom,ShadowBall,Moonblast||||||50|,,,,,Fairy]Scizor||LifeOrb|Technician|Protect,Lunge,BulletPunch,CloseCombat|||F|||50|,,,,,Flying]Arcanine-Hisui||SafetyGoggles|Intimidate|Protect,ExtremeSpeed,FlareBlitz,WillOWisp|||M|||50|,,,,,Normal]Gastrodon-East||Leftovers|StormDrain|Protect,Yawn,EarthPower,IceBeam|||M|||50|,,,,,Fire]Kingambit||ChoiceBand|Defiant|IronHead,SuckerPunch,KowtowCleave,LowKick|||F|||50|,,,,,Dark]Iron Hands||AssaultVest|QuarkDrive|FakeOut,DrainPunch,WildCharge,HeavySlam||||||50|,,,,,Water\n|showteam|p2|Meowscarada||ChoiceBand|Protean|FlowerTrick,SuckerPunch,KnockOff,BrickBreak|||M|||50|,,,,,Ghost]Garchomp||AssaultVest|RoughSkin|RockSlide,DragonClaw,Earthquake,IronHead|||F|||50|,,,,,Steel]Talonflame||CovertCloak|GaleWings|Tailwind,Taunt,HeatWave,Hurricane|||F|||50|,,,,,Fire]Rillaboom||GrassySeed|GrassySurge|FakeOut,Acrobatics,WoodHammer,Protect|||M|||50|,,,,,Flying]Iron Bundle||BoosterEnergy|QuarkDrive|FreezeDry,HydroPump,IcyWind,Protect||||||50|,,,,,Ice]Pawmot||FocusSash|VoltAbsorb|DoubleShock,CloseCombat,FakeOut,Protect|||F|||50|,,,,,Electric\n|inactive|Battle timer is ON: inactive players will automatically lose when time's up. (requested by It'sJustKen VGC)\n|c|\u2606It'sJustKen VGC|glhf\n|c|\u2606kogetsukun|U2\n|j|%Radio Free C-Side\n|j| EmperorIcy\n|j| ale cog\n|j|@Bright Size\n|j|%Therazer456\n|inactive|It'sJustKen VGC has 60 seconds left.\n|inactive|kogetsukun has 60 seconds left.\n|c|\u2606It'sJustKen VGC|woah\n|c|\u2606It'sJustKen VGC|so many spectators\n|inactive|kogetsukun has 30 seconds left.\n|j| PalafanVGC\n|\n|t:|1700094070\n|start\n|switch|p1a: Flutter Mane|Flutter Mane, L50|100\/100\n|switch|p1b: Scizor|Scizor, L50, F|100\/100\n|switch|p2a: Tsiporah|Talonflame, L50, F, shiny|100\/100\n|switch|p2b: Sarah|Garchomp, L50, F|100\/100\n|turn|1\n|l|\u2606It'sJustKen VGC\n|inactive|It'sJustKen VGC disconnected and has a minute to reconnect!\n|player|p1|\n|j|\u2606It'sJustKen VGC\n|inactive|It'sJustKen VGC reconnected and has 35 seconds left.\n|player|p1|It'sJustKen VGC|turo\n|inactive|It'sJustKen VGC has 30 seconds left.\n|inactive|It'sJustKen VGC has 20 seconds left.\n|j| Nehehkhara666\n|inactive|It'sJustKen VGC has 15 seconds left.\n|\n|t:|1700094115\n|-end|p1a: Flutter Mane|Protosynthesis|[silent]\n|switch|p1a: Arcanine|Arcanine-Hisui, L50, M|100\/100\n|-ability|p1a: Arcanine|Intimidate|boost\n|-unboost|p2a: Tsiporah|atk|1\n|-unboost|p2b: Sarah|atk|1\n|-terastallize|p2b: Sarah|Steel\n|-terastallize|p1b: Scizor|Flying\n|move|p2a: Tsiporah|Heat Wave|p1b: Scizor|[spread] p1a,p1b\n|-resisted|p1a: Arcanine\n|-damage|p1a: Arcanine|94\/100\n|-damage|p1b: Scizor|65\/100\n|move|p2b: Sarah|Iron Head|p1a: Arcanine\n|-damage|p1a: Arcanine|58\/100\n|move|p1b: Scizor|Close Combat|p2b: Sarah\n|-supereffective|p2b: Sarah\n|-damage|p2b: Sarah|3\/100\n|-unboost|p1b: Scizor|def|1\n|-unboost|p1b: Scizor|spd|1\n|-damage|p1b: Scizor|52\/100|[from] ability: Rough Skin|[of] p2b: Sarah\n|-damage|p1b: Scizor|42\/100|[from] item: Life Orb\n|\n|upkeep\n|turn|2\n|inactive|It'sJustKen VGC has 30 seconds left.\n|inactive|kogetsukun has 30 seconds left.\n|\n|t:|1700094145\n|move|p1a: Arcanine|Extreme Speed|p2a: Tsiporah\n|-damage|p2a: Tsiporah|59\/100\n|move|p1b: Scizor|Bullet Punch|p2a: Tsiporah\n|-resisted|p2a: Tsiporah\n|-damage|p2a: Tsiporah|27\/100\n|-damage|p1b: Scizor|33\/100|[from] item: Life Orb\n|move|p2a: Tsiporah|Heat Wave|p1a: Arcanine|[spread] p1b\n|-miss|p2a: Tsiporah|p1a: Arcanine\n|-damage|p1b: Scizor|0 fnt\n|faint|p1b: Scizor\n|move|p2b: Sarah|Earthquake|p1a: Arcanine|[spread] p1a\n|-immune|p2a: Tsiporah\n|-supereffective|p1a: Arcanine\n|-damage|p1a: Arcanine|0 fnt\n|faint|p1a: Arcanine\n|\n|upkeep\n|\n|t:|1700094150\n|switch|p1a: Kingambit|Kingambit, L50, F|100\/100\n|switch|p1b: Flutter Mane|Flutter Mane, L50|100\/100\n|turn|3\n|\n|t:|1700094168\n|move|p1a: Kingambit|Sucker Punch|p2b: Sarah\n|-damage|p2b: Sarah|0 fnt\n|-damage|p1a: Kingambit|88\/100|[from] ability: Rough Skin|[of] p2b: Sarah\n|faint|p2b: Sarah\n|move|p2a: Tsiporah|Tailwind|p2a: Tsiporah\n|-sidestart|p2: kogetsukun|move: Tailwind\n|move|p1b: Flutter Mane|Trick Room|p1b: Flutter Mane\n|-fieldstart|move: Trick Room|[of] p1b: Flutter Mane\n|\n|upkeep\n|inactive|kogetsukun has 30 seconds left.\n|inactive|kogetsukun has 20 seconds left.\n|inactive|kogetsukun has 15 seconds left.\n|j| somethingelse77\n|\n|t:|1700094212\n|switch|p2b: Kofi|Rillaboom, L50, M, shiny|100\/100\n|-fieldstart|move: Grassy Terrain|[from] ability: Grassy Surge|[of] p2b: Kofi\n|-enditem|p2b: Kofi|Grassy Seed\n|-boost|p2b: Kofi|def|1|[from] item: Grassy Seed\n|turn|4\n|l| somethingelse77\n|\n|t:|1700094230\n|move|p2b: Kofi|Fake Out|p1a: Kingambit\n|-resisted|p1a: Kingambit\n|-damage|p1a: Kingambit|82\/100\n|cant|p1a: Kingambit|flinch\n|move|p1b: Flutter Mane|Moonblast|p2b: Kofi\n|-damage|p2b: Kofi|42\/100\n|move|p2a: Tsiporah|Heat Wave|p1a: Kingambit|[spread] p1a,p1b\n|-supereffective|p1a: Kingambit\n|-damage|p1a: Kingambit|31\/100\n|-damage|p1b: Flutter Mane|77\/100\n|\n|-heal|p1a: Kingambit|37\/100|[from] Grassy Terrain\n|-heal|p1b: Flutter Mane|83\/100|[from] Grassy Terrain\n|-heal|p2b: Kofi|47\/100|[from] Grassy Terrain\n|upkeep\n|turn|5\n|inactive|kogetsukun has 30 seconds left.\n|inactive|kogetsukun has 20 seconds left.\n|inactive|kogetsukun has 15 seconds left.\n|inactive|kogetsukun has 10 seconds left.\n|inactive|kogetsukun has 5 seconds left.\n|\n|t:|1700094284\n|move|p2b: Kofi|Protect|p2b: Kofi\n|-singleturn|p2b: Kofi|Protect\n|move|p1a: Kingambit|Sucker Punch||[still]\n|-fail|p1a: Kingambit\n|move|p1b: Flutter Mane|Shadow Ball|p2a: Tsiporah\n|-damage|p2a: Tsiporah|0 fnt\n|faint|p2a: Tsiporah\n|\n|-heal|p1a: Kingambit|44\/100|[from] Grassy Terrain\n|-heal|p1b: Flutter Mane|89\/100|[from] Grassy Terrain\n|-heal|p2b: Kofi|53\/100|[from] Grassy Terrain\n|upkeep\n|\n|t:|1700094297\n|switch|p2a: HaHatuli|Meowscarada, L50, M|100\/100\n|turn|6\n|j| Cdogp\n|j| Logan522\n|inactive|kogetsukun has 30 seconds left.\n|l| Logan522\n|inactive|kogetsukun has 20 seconds left.\n|inactive|kogetsukun has 15 seconds left.\n|inactive|kogetsukun has 10 seconds left.\n|inactive|kogetsukun has 5 seconds left.\n|\n|t:|1700094350\n|move|p1a: Kingambit|Sucker Punch|p2a: HaHatuli\n|-resisted|p2a: HaHatuli\n|-damage|p2a: HaHatuli|50\/100\n|move|p1b: Flutter Mane|Moonblast|p2a: HaHatuli\n|-supereffective|p2a: HaHatuli\n|-damage|p2a: HaHatuli|0 fnt\n|faint|p2a: HaHatuli\n|move|p2b: Kofi|Wood Hammer|p1b: Flutter Mane\n|-damage|p1b: Flutter Mane|0 fnt\n|faint|p1b: Flutter Mane\n|-end|p1b: Flutter Mane|Protosynthesis|[silent]\n|-damage|p2b: Kofi|29\/100|[from] Recoil\n|\n|-heal|p1a: Kingambit|50\/100|[from] Grassy Terrain\n|-heal|p2b: Kofi|35\/100|[from] Grassy Terrain\n|-sideend|p2: kogetsukun|move: Tailwind\n|upkeep\n|turn|7\n|l|%Therazer456\n|c|\u2606It'sJustKen VGC|gg wp\n|\n|t:|1700094368\n|move|p2b: Kofi|Protect|p2b: Kofi\n|-singleturn|p2b: Kofi|Protect\n|move|p1a: Kingambit|Sucker Punch||[still]\n|-fail|p1a: Kingambit\n|\n|-heal|p1a: Kingambit|56\/100|[from] Grassy Terrain\n|-heal|p2b: Kofi|41\/100|[from] Grassy Terrain\n|-fieldend|move: Trick Room\n|upkeep\n|turn|8\n|j| fishnator\n|l| fishnator\n|\n|t:|1700094380\n|move|p2b: Kofi|Protect|p2b: Kofi\n|-singleturn|p2b: Kofi|Protect\n|move|p1a: Kingambit|Sucker Punch||[still]\n|-fail|p1a: Kingambit\n|\n|-heal|p2b: Kofi|47\/100|[from] Grassy Terrain\n|-heal|p1a: Kingambit|62\/100|[from] Grassy Terrain\n|-fieldend|move: Grassy Terrain\n|upkeep\n|turn|9\n|\n|t:|1700094385\n|move|p2b: Kofi|Protect||[still]\n|-fail|p2b: Kofi\n|move|p1a: Kingambit|Sucker Punch||[still]\n|-fail|p1a: Kingambit\n|\n|upkeep\n|turn|10\n|\n|t:|1700094389\n|move|p2b: Kofi|Protect|p2b: Kofi\n|-singleturn|p2b: Kofi|Protect\n|move|p1a: Kingambit|Sucker Punch||[still]\n|-fail|p1a: Kingambit\n|\n|upkeep\n|turn|11\n|l| Cdogp\n|c|\u2606It'sJustKen VGC|lol\n|\n|t:|1700094397\n|move|p2b: Kofi|Protect||[still]\n|-fail|p2b: Kofi\n|move|p1a: Kingambit|Sucker Punch||[still]\n|-fail|p1a: Kingambit\n|\n|upkeep\n|turn|12\n|\n|t:|1700094403\n|move|p2b: Kofi|Acrobatics|p1a: Kingambit\n|-resisted|p1a: Kingambit\n|-damage|p1a: Kingambit|46\/100\n|-activate|p1a: Kingambit|move: Struggle\n|move|p1a: Kingambit|Struggle|p2b: Kofi\n|-damage|p2b: Kofi|27\/100\n|-damage|p1a: Kingambit|21\/100|[from] recoil\n|\n|upkeep\n|turn|13\n|c|\u2606It'sJustKen VGC|crit\n|c|%Radio Free C-Side|struggle crit\n|c|%Radio Free C-Side|struggle crit\n|c|\u2606It'sJustKen VGC|pleeeeeeeeeeese\n|\n|t:|1700094421\n|move|p2b: Kofi|Acrobatics|p1a: Kingambit\n|-resisted|p1a: Kingambit\n|-damage|p1a: Kingambit|5\/100\n|-activate|p1a: Kingambit|move: Struggle\n|move|p1a: Kingambit|Struggle|p2b: Kofi\n|-damage|p2b: Kofi|7\/100\n|-damage|p1a: Kingambit|0 fnt|[from] recoil\n|faint|p1a: Kingambit\n|\n|win|kogetsukun\n|n|\u2606kogetsukun|kogetsukun\n|n| Radio Free C-Side|radiofreecside\n|n| EmperorIcy|emperoricy\n|n| ale cog|alecog\n|n| Bright Size|brightsize\n|n| PalafanVGC|palafanvgc\n|n|\u2606It'sJustKen VGC|itsjustkenvgc\n|n| Nehehkhara666|nehehkhara666\n|c|\u2606kogetsukun|GG\n|l| Radio Free C-Side\n|l| EmperorIcy\n|l| Nehehkhara666\n|c|\u2606It'sJustKen VGC|gg wp\n","uploadtime":1700094437,"views":11,"p1id":"itsjustkenvgc","p2id":"kogetsukun","formatid":"gen9vgc2023regulatione","rating":0,"private":0,"password":""}