{"id":"gen9vgc2023regulatione-1995200378","p1":"Damoria","p2":"JackOfClubsVGC","format":"[Gen 9] VGC 2023 Regulation E","log":"|j|\u2606Damoria\n|j|\u2606JackOfClubsVGC\n|t:|1700533859\n|gametype|doubles\n|player|p1|Damoria|veteran|1337\n|player|p2|JackOfClubsVGC|flint|1339\n|teamsize|p1|6\n|teamsize|p2|6\n|gen|9\n|tier|[Gen 9] VGC 2023 Regulation E\n|rated|\n|rule|Species Clause: Limit one of each Pok\u00e9mon\n|rule|Item Clause: Limit one of each item\n|clearpoke\n|poke|p1|Ogerpon-Hearthflame, L50, F|\n|poke|p1|Rillaboom, L50, F|\n|poke|p1|Iron Hands, L50|\n|poke|p1|Gholdengo, L50|\n|poke|p1|Urshifu-*, L50, M|\n|poke|p1|Landorus-Therian, L50, M|\n|poke|p2|Gholdengo, L50|\n|poke|p2|Ogerpon-Wellspring, L50, F|\n|poke|p2|Arcanine-Hisui, L50, M|\n|poke|p2|Zapdos-Galar, L50|\n|poke|p2|Tornadus, L50, M|\n|poke|p2|Flutter Mane, L50|\n|teampreview|4\nJackOfClubsVGC has agreed to open team sheets.\n|inactive|Battle timer is ON: inactive players will automatically lose when time's up. (requested by JackOfClubsVGC)\n|inactive|Damoria has 60 seconds left.\n|\n|t:|1700533907\n|start\n|switch|p1a: Landorus|Landorus-Therian, L50, M|100\/100\n|switch|p1b: Urshifu|Urshifu-Rapid-Strike, L50, M|100\/100\n|switch|p2a: Zapdos|Zapdos-Galar, L50|100\/100\n|switch|p2b: Tornadus|Tornadus, L50, M|100\/100\n|-ability|p1a: Landorus|Intimidate|boost\n|-unboost|p2a: Zapdos|atk|1\n|-ability|p2a: Zapdos|Defiant|boost\n|-boost|p2a: Zapdos|atk|2\n|-unboost|p2b: Tornadus|atk|1\n|turn|1\n|inactive|Damoria has 30 seconds left.\n|inactive|JackOfClubsVGC has 30 seconds left.\n|inactive|JackOfClubsVGC has 20 seconds left.\n|inactive|JackOfClubsVGC has 15 seconds left.\n|inactive|JackOfClubsVGC has 10 seconds left.\n|inactive|JackOfClubsVGC has 5 seconds left.\n|\n|t:|1700533958\n|move|p1b: Urshifu|Detect|p1b: Urshifu\n|-singleturn|p1b: Urshifu|Protect\n|move|p2a: Zapdos|Brave Bird|p1b: Urshifu\n|-activate|p1b: Urshifu|move: Protect\n|move|p1a: Landorus|Rock Slide|p2a: Zapdos|[spread] p2a,p2b\n|-supereffective|p2b: Tornadus\n|-damage|p2a: Zapdos|76\/100\n|-damage|p2b: Tornadus|50\/100\n|move|p2b: Tornadus|Bleakwind Storm|p1a: Landorus|[spread] p1a\n|-activate|p1b: Urshifu|move: Protect\n|-damage|p1a: Landorus|64\/100\n|\n|upkeep\n|turn|2\n|inactive|Damoria has 30 seconds left.\n|\n|t:|1700533988\n|switch|p1b: Iron Hands|Iron Hands, L50|100\/100\n|move|p2a: Zapdos|Brave Bird|p1a: Landorus\n|-damage|p1a: Landorus|0 fnt\n|faint|p1a: Landorus\n|-damage|p2a: Zapdos|51\/100|[from] Recoil\n|move|p2b: Tornadus|Bleakwind Storm|p1b: Iron Hands\n|-damage|p1b: Iron Hands|74\/100\n|-unboost|p1b: Iron Hands|spe|1\n|\n|upkeep\n|\n|t:|1700533999\n|switch|p1a: Urshifu|Urshifu-Rapid-Strike, L50, M|100\/100\n|turn|3\n|inactive|JackOfClubsVGC has 30 seconds left.\n|\n|t:|1700534030\n|move|p1b: Iron Hands|Fake Out|p2a: Zapdos\n|-damage|p2a: Zapdos|34\/100\n|cant|p2a: Zapdos|flinch\n|move|p2b: Tornadus|Bleakwind Storm|p1a: Urshifu|[spread] p1a,p1b\n|-supereffective|p1a: Urshifu\n|-damage|p1a: Urshifu|7\/100\n|-damage|p1b: Iron Hands|55\/100\n|-unboost|p1b: Iron Hands|spe|1\n|move|p1a: Urshifu|Surging Strikes|p2b: Tornadus\n|-crit|p2b: Tornadus\n|-damage|p2b: Tornadus|14\/100\n|-crit|p2b: Tornadus\n|-damage|p2b: Tornadus|0 fnt\n|faint|p2b: Tornadus\n|-hitcount|p2: Tornadus|2\n|\n|upkeep\n|\n|t:|1700534045\n|switch|p2b: Flutter Mane|Flutter Mane, L50|100\/100\n|turn|4\n|\n|t:|1700534064\n|-terastallize|p1b: Iron Hands|Fire\n|move|p1a: Urshifu|Aqua Jet|p2a: Zapdos\n|-damage|p2a: Zapdos|5\/100\n|move|p2a: Zapdos|Brave Bird|p1a: Urshifu\n|-supereffective|p1a: Urshifu\n|-damage|p1a: Urshifu|0 fnt\n|faint|p1a: Urshifu\n|-damage|p2a: Zapdos|2\/100|[from] Recoil\n|move|p2b: Flutter Mane|Moonblast|p1b: Iron Hands\n|-resisted|p1b: Iron Hands\n|-damage|p1b: Iron Hands|40\/100\n|move|p1b: Iron Hands|Heavy Slam|p2b: Flutter Mane\n|-supereffective|p2b: Flutter Mane\n|-enditem|p2b: Flutter Mane|Focus Sash\n|-damage|p2b: Flutter Mane|1\/100\n|\n|upkeep\n|\n|t:|1700534079\n|switch|p1a: Gholdengo|Gholdengo, L50|100\/100\n|turn|5\n|\n|t:|1700534093\n|move|p2a: Zapdos|Brave Bird|p1b: Iron Hands\n|-damage|p1b: Iron Hands|0 fnt\n|faint|p1b: Iron Hands\n|-end|p1b: Iron Hands|Quark Drive|[silent]\n|-damage|p2a: Zapdos|0 fnt|[from] Recoil\n|faint|p2a: Zapdos\n|move|p2b: Flutter Mane|Shadow Ball|p1a: Gholdengo\n|-supereffective|p1a: Gholdengo\n|-damage|p1a: Gholdengo|13\/100\n|move|p1a: Gholdengo|Make It Rain|p2b: Flutter Mane\n|-supereffective|p2b: Flutter Mane\n|-damage|p2b: Flutter Mane|0 fnt\n|-unboost|p1a: Gholdengo|spa|1\n|faint|p2b: Flutter Mane\n|-end|p2b: Flutter Mane|Protosynthesis|[silent]\n|\n|-heal|p1a: Gholdengo|19\/100|[from] item: Leftovers\n|upkeep\n|\n|t:|1700534109\n|switch|p2b: Ogerpon|Ogerpon-Wellspring, L50, F|100\/100\n|turn|6\n|\n|t:|1700534115\n|-terastallize|p2b: Ogerpon|Water\n|detailschange|p2b: Ogerpon|Ogerpon-Wellspring-Tera, L50, F, tera:Water\n|-ability|p2b: Ogerpon|Embody Aspect (Wellspring)|boost\n|-boost|p2b: Ogerpon|spd|1\n|move|p2b: Ogerpon|Ivy Cudgel|p1a: Gholdengo|[anim] Ivy Cudgel Water\n|-damage|p1a: Gholdengo|0 fnt\n|faint|p1a: Gholdengo\n|\n|win|JackOfClubsVGC\n|raw|Damoria's rating: 1337 &rarr; <strong>1317<\/strong><br \/>(-20 for losing)\n|raw|JackOfClubsVGC's rating: 1339 &rarr; <strong>1359<\/strong><br \/>(+20 for winning)\n|l|\u2606Damoria\n","uploadtime":1700534186,"views":26,"p1id":"damoria","p2id":"jackofclubsvgc","formatid":"gen9vgc2023regulatione","rating":1317,"private":0,"password":""}