{"id":"gen9vgc2023regulatione-1989423679","p1":"JeanRyuPR","p2":"Lbbones","format":"[Gen 9] VGC 2023 Regulation E","log":"|j|\u2606JeanRyuPR\n|j|\u2606Lbbones\n|n|\u2606JeanRyuPR|jeanryupr\n|n|\u2606Lbbones|lbbones\n|html|View the match progress at <a href=\"\/game-bestof3-gen9vgc2023regulatione-1989423678\">game-bestof3-gen9vgc2023regulatione-1989423678<\/a>\n|t:|1699848420\n|gametype|doubles\n|player|p1|JeanRyuPR|lance|\n|player|p2|Lbbones|169|\n|teamsize|p1|6\n|teamsize|p2|6\n|gen|9\n|tier|[Gen 9] VGC 2023 Regulation E\n|rule|Species Clause: Limit one of each Pok\u00e9mon\n|rule|Item Clause: Limit one of each item\n|clearpoke\n|poke|p1|Ogerpon-Wellspring, L50, F|\n|poke|p1|Farigiraf, L50, M|\n|poke|p1|Roaring Moon, L50|\n|poke|p1|Landorus-Therian, L50, M|\n|poke|p1|Rillaboom, L50, F|\n|poke|p1|Heatran, L50, M|\n|poke|p2|Tornadus, L50, M|\n|poke|p2|Mamoswine, L50, M|\n|poke|p2|Flutter Mane, L50|\n|poke|p2|Chi-Yu, L50|\n|poke|p2|Ogerpon-Wellspring, L50, F|\n|poke|p2|Iron Hands, L50|\n|teampreview|4\nJeanRyuPR has agreed to open team sheets.\nLbbones has agreed to open team sheets.\n|showteam|p1|Ogerpon-Wellspring||WellspringMask|WaterAbsorb|IvyCudgel,SpikyShield,HornLeech,SwordsDance|||F|||50|,,,,,Water]Farigiraf||SitrusBerry|ArmorTail|NastyPlot,HyperVoice,Imprison,TrickRoom|||M|||50|,,,,,Normal]Roaring Moon||BoosterEnergy|Protosynthesis|KnockOff,Tailwind,Protect,BreakingSwipe||||||50|,,,,,Poison]Landorus-Therian||ChoiceScarf|Intimidate|Uturn,RockSlide,TeraBlast,StompingTantrum|||M|||50|,,,,,Flying]Rillaboom||AssaultVest|GrassySurge|WoodHammer,FakeOut,Uturn,KnockOff|||F|||50|,,,,,Fire]Heatran||LifeOrb|FlashFire|HeatWave,FlashCannon,WillOWisp,Protect|||M|||50|,,,,,Fairy\n|showteam|p2|Tornadus||CovertCloak|Prankster|Tailwind,BleakwindStorm,SunnyDay,Taunt|||M|||50|,,,,,Ghost]Mamoswine||FocusSash|Oblivious|HighHorsepower,IcicleCrash,IceShard,Protect|||M|||50|,,,,,Ghost]Flutter Mane||PixiePlate|Protosynthesis|Moonblast,ShadowBall,DazzlingGleam,IcyWind||||||50|,,,,,Fairy]Chi-Yu||LifeOrb|BeadsofRuin|HeatWave,Psychic,DarkPulse,Protect||||||50|,,,,,Ghost]Ogerpon-Wellspring||WellspringMask|WaterAbsorb|IvyCudgel,WoodHammer,FollowMe,SpikyShield|||F|||50|,,,,,Water]Iron Hands||AssaultVest|QuarkDrive|FakeOut,DrainPunch,WildCharge,HeavySlam||||||50|,,,,,Fire\n|\n|t:|1699848481\n|start\n|switch|p1a: Landorus|Landorus-Therian, L50, M|100\/100\n|switch|p1b: Heatran|Heatran, L50, M|100\/100\n|switch|p2a: Tornadus|Tornadus, L50, M|100\/100\n|switch|p2b: Iron Hands|Iron Hands, L50|100\/100\n|-ability|p1a: Landorus|Intimidate|boost\n|-unboost|p2a: Tornadus|atk|1\n|-unboost|p2b: Iron Hands|atk|1\n|turn|1\n|\n|t:|1699848523\n|switch|p1b: Farigiraf|Farigiraf, L50, M|100\/100\n|move|p2a: Tornadus|Tailwind|p2a: Tornadus\n|-sidestart|p2: Lbbones|move: Tailwind\n|move|p1a: Landorus|Rock Slide|p2a: Tornadus|[spread] p2a,p2b\n|-supereffective|p2a: Tornadus\n|-resisted|p2b: Iron Hands\n|-damage|p2a: Tornadus|58\/100\n|-damage|p2b: Iron Hands|92\/100\n|move|p2b: Iron Hands|Drain Punch|p1a: Landorus\n|-resisted|p1a: Landorus\n|-damage|p1a: Landorus|84\/100\n|-heal|p2b: Iron Hands|98\/100|[from] drain|[of] p1a: Landorus\n|\n|upkeep\n|turn|2\n|\n|t:|1699848561\n|-end|p2b: Iron Hands|Quark Drive|[silent]\n|switch|p2b: Ogerpon|Ogerpon-Wellspring, L50, F|100\/100\n|move|p2a: Tornadus|Bleakwind Storm|p1b: Farigiraf|[spread] p1a\n|-miss|p2a: Tornadus|p1b: Farigiraf\n|-damage|p1a: Landorus|41\/100\n|move|p1a: Landorus|Rock Slide|p2a: Tornadus|[spread] p2a,p2b\n|-supereffective|p2a: Tornadus\n|-damage|p2a: Tornadus|11\/100\n|-damage|p2b: Ogerpon|73\/100\n|move|p1b: Farigiraf|Nasty Plot|p1b: Farigiraf\n|-boost|p1b: Farigiraf|spa|2\n|\n|upkeep\n|turn|3\n|\n|t:|1699848583\n|switch|p1a: Rillaboom|Rillaboom, L50, F|100\/100\n|-fieldstart|move: Grassy Terrain|[from] ability: Grassy Surge|[of] p1a: Rillaboom\n|move|p2b: Ogerpon|Ivy Cudgel|p1a: Rillaboom\n|-resisted|p1a: Rillaboom\n|-damage|p1a: Rillaboom|70\/100\n|move|p2a: Tornadus|Bleakwind Storm|p1a: Rillaboom|[spread] p1a\n|-miss|p2a: Tornadus|p1b: Farigiraf\n|-supereffective|p1a: Rillaboom\n|-damage|p1a: Rillaboom|27\/100\n|-unboost|p1a: Rillaboom|spe|1\n|move|p1b: Farigiraf|Hyper Voice|p2a: Tornadus|[spread] p2a,p2b\n|-damage|p2a: Tornadus|0 fnt\n|-damage|p2b: Ogerpon|0 fnt\n|faint|p2a: Tornadus\n|faint|p2b: Ogerpon\n|\n|-heal|p1a: Rillaboom|33\/100|[from] Grassy Terrain\n|upkeep\n|\n|t:|1699848603\n|switch|p2b: Flutter Mane|Flutter Mane, L50|100\/100\n|switch|p2a: Iron Hands|Iron Hands, L50|98\/100\n|turn|4\n|\n|t:|1699848630\n|move|p2a: Iron Hands|Fake Out||[still]\n|cant|p1b: Farigiraf|ability: Armor Tail|Fake Out|[of] p2a: Iron Hands\n|move|p2b: Flutter Mane|Dazzling Gleam|p1b: Farigiraf|[spread] p1a,p1b\n|-damage|p1a: Rillaboom|8\/100\n|-damage|p1b: Farigiraf|65\/100\n|move|p1a: Rillaboom|Wood Hammer|p2b: Flutter Mane\n|-damage|p2b: Flutter Mane|0 fnt\n|faint|p2b: Flutter Mane\n|-end|p2b: Flutter Mane|Protosynthesis|[silent]\n|-damage|p1a: Rillaboom|0 fnt|[from] Recoil\n|faint|p1a: Rillaboom\n|move|p1b: Farigiraf|Hyper Voice|p2a: Iron Hands\n|-damage|p2a: Iron Hands|55\/100\n|\n|-heal|p2a: Iron Hands|61\/100|[from] Grassy Terrain\n|-heal|p1b: Farigiraf|71\/100|[from] Grassy Terrain\n|-sideend|p2: Lbbones|move: Tailwind\n|upkeep\n|\n|t:|1699848649\n|switch|p1a: Landorus|Landorus-Therian, L50, M|41\/100\n|-ability|p1a: Landorus|Intimidate|boost\n|-unboost|p2a: Iron Hands|atk|1\n|turn|5\n|\n|t:|1699848659\n|move|p1a: Landorus|Stomping Tantrum|p2a: Iron Hands\n|-supereffective|p2a: Iron Hands\n|-damage|p2a: Iron Hands|0 fnt\n|faint|p2a: Iron Hands\n|-end|p2a: Iron Hands|Quark Drive|[silent]\n|\n|win|JeanRyuPR\n|c|&|\/uhtml prompt-jeanryupr,JeanRyuPR is ready for game 2!\n|inactive|Lbbones has 50 seconds to confirm battle start!\n|c|&|\/uhtml prompt-lbbones,Lbbones is ready for game 2!\nBoth players are ready! Starting next match!\n","uploadtime":1699848689,"views":10,"p1id":"jeanryupr","p2id":"lbbones","formatid":"gen9vgc2023regulatione","rating":0,"private":0,"password":""}