{"id":"gen9vgc2023regulatione-1989797200","p1":"MegiCure","p2":"Bertorium7","format":"[Gen 9] VGC 2023 Regulation E","log":"|j|\u2606MegiCure\n|j|\u2606Bertorium7\n|t:|1699896548\n|gametype|doubles\n|player|p1|MegiCure|twins-gen4dp|1083\n|player|p2|Bertorium7|102|1154\n|teamsize|p1|6\n|teamsize|p2|6\n|gen|9\n|tier|[Gen 9] VGC 2023 Regulation E\n|rated|\n|rule|Species Clause: Limit one of each Pok\u00e9mon\n|rule|Item Clause: Limit one of each item\n|clearpoke\n|poke|p1|Urshifu-*, L50, F|\n|poke|p1|Rillaboom, L50, F|\n|poke|p1|Kommo-o, L50, F|\n|poke|p1|Arcanine-Hisui, L50, M|\n|poke|p1|Garganacl, L50, M|\n|poke|p1|Iron Bundle, L50|\n|poke|p2|Okidogi, L50, M|\n|poke|p2|Maushold, L50|\n|poke|p2|Rillaboom, L50, F|\n|poke|p2|Chien-Pao, L50|\n|poke|p2|Landorus-Therian, L50, M|\n|poke|p2|Ogerpon-Hearthflame, L50, F|\n|teampreview|4\nMegiCure rejected open team sheets.\n|\n|t:|1699896591\n|start\n|switch|p1a: Kommo-o|Kommo-o, L50, F|100\/100\n|switch|p1b: Arcanine|Arcanine-Hisui, L50, M|100\/100\n|switch|p2a: Rillaboom|Rillaboom, L50, F|100\/100\n|switch|p2b: Okidogi|Okidogi, L50, M|100\/100\n|-fieldstart|move: Grassy Terrain|[from] ability: Grassy Surge|[of] p2a: Rillaboom\n|-ability|p1b: Arcanine|Intimidate|boost\n|-unboost|p2a: Rillaboom|atk|1\n|-fail|p2b: Okidogi|unboost|[from] item: Clear Amulet|[of] p2b: Okidogi\n|turn|1\n|inactive|Battle timer is ON: inactive players will automatically lose when time's up. (requested by Bertorium7)\n|inactive|Bertorium7 has 60 seconds left.\n|\n|t:|1699896624\n|move|p2a: Rillaboom|Fake Out|p1b: Arcanine\n|-resisted|p1b: Arcanine\n|-damage|p1b: Arcanine|97\/100\n|-damage|p2a: Rillaboom|84\/100|[from] item: Rocky Helmet|[of] p1b: Arcanine\n|move|p2b: Okidogi|Drain Punch|p1b: Arcanine\n|-supereffective|p1b: Arcanine\n|-damage|p1b: Arcanine|33\/100\n|-damage|p2b: Okidogi|84\/100|[from] item: Rocky Helmet|[of] p1b: Arcanine\n|cant|p1b: Arcanine|flinch\n|move|p1a: Kommo-o|Iron Defense|p1a: Kommo-o\n|-boost|p1a: Kommo-o|def|2\n|\n|-heal|p2b: Okidogi|90\/100|[from] Grassy Terrain\n|-heal|p2a: Rillaboom|90\/100|[from] Grassy Terrain\n|-heal|p1b: Arcanine|39\/100|[from] Grassy Terrain\n|upkeep\n|turn|2\n|\n|t:|1699896645\n|switch|p2a: Landorus|Landorus-Therian, L50, M|100\/100\n|-ability|p2a: Landorus|Intimidate|boost\n|-unboost|p1a: Kommo-o|atk|1\n|-unboost|p1b: Arcanine|atk|1\n|switch|p1b: Garganacl|Garganacl, L50, M|100\/100\n|-item|p1b: Garganacl|Air Balloon\n|move|p2b: Okidogi|Drain Punch|p1b: Garganacl\n|-supereffective|p1b: Garganacl\n|-damage|p1b: Garganacl|48\/100\n|-heal|p2b: Okidogi|100\/100|[from] drain|[of] p1b: Garganacl\n|-enditem|p1b: Garganacl|Air Balloon\n|move|p1a: Kommo-o|Body Press|p2a: Landorus\n|-resisted|p2a: Landorus\n|-damage|p2a: Landorus|61\/100\n|\n|-heal|p1b: Garganacl|54\/100|[from] Grassy Terrain\n|upkeep\n|turn|3\n|\n|t:|1699896668\n|-terastallize|p2a: Landorus|Flying\n|move|p2a: Landorus|Tera Blast|p1a: Kommo-o|[anim] Tera Blast Flying\n|-supereffective|p1a: Kommo-o\n|-damage|p1a: Kommo-o|61\/100\n|move|p2b: Okidogi|Bulk Up|p2b: Okidogi\n|-boost|p2b: Okidogi|atk|1\n|-boost|p2b: Okidogi|def|1\n|move|p1a: Kommo-o|Body Press|p2a: Landorus\n|-resisted|p2a: Landorus\n|-damage|p2a: Landorus|18\/100\n|move|p1b: Garganacl|Recover|p1b: Garganacl\n|-heal|p1b: Garganacl|100\/100\n|\n|-heal|p1a: Kommo-o|67\/100|[from] Grassy Terrain\n|-heal|p1a: Kommo-o|74\/100|[from] item: Leftovers\n|upkeep\n|turn|4\n|\n|t:|1699896690\n|move|p1a: Kommo-o|Protect|p1a: Kommo-o\n|-singleturn|p1a: Kommo-o|Protect\n|move|p2a: Landorus|Tera Blast|p1a: Kommo-o|[anim] Tera Blast Flying\n|-activate|p1a: Kommo-o|move: Protect\n|move|p2b: Okidogi|Poison Jab|p1a: Kommo-o\n|-activate|p1a: Kommo-o|move: Protect\n|move|p1b: Garganacl|Iron Defense|p1b: Garganacl\n|-boost|p1b: Garganacl|def|2\n|\n|-heal|p1a: Kommo-o|80\/100|[from] Grassy Terrain\n|-heal|p1a: Kommo-o|86\/100|[from] item: Leftovers\n|upkeep\n|turn|5\n|inactive|MegiCure has 30 seconds left.\n|inactive|MegiCure has 20 seconds left.\n|inactive|MegiCure has 15 seconds left.\n|inactive|MegiCure has 10 seconds left.\n|\n|t:|1699896737\n|-terastallize|p1a: Kommo-o|Steel\n|move|p2a: Landorus|Tera Blast|p1a: Kommo-o|[anim] Tera Blast Flying\n|-resisted|p1a: Kommo-o\n|-damage|p1a: Kommo-o|75\/100\n|move|p2b: Okidogi|Drain Punch|p1b: Garganacl\n|-supereffective|p1b: Garganacl\n|-damage|p1b: Garganacl|62\/100\n|move|p1a: Kommo-o|Iron Head|p2a: Landorus\n|-damage|p2a: Landorus|0 fnt\n|faint|p2a: Landorus\n|move|p1b: Garganacl|Salt Cure|p2b: Okidogi\n|-resisted|p2b: Okidogi\n|-damage|p2b: Okidogi|96\/100\n|-start|p2b: Okidogi|Salt Cure\n|\n|-heal|p2b: Okidogi|100\/100|[from] Grassy Terrain\n|-heal|p1a: Kommo-o|81\/100|[from] Grassy Terrain\n|-heal|p1a: Kommo-o|88\/100|[from] item: Leftovers\n|-heal|p1b: Garganacl|68\/100|[from] Grassy Terrain\n|-damage|p2b: Okidogi|88\/100|[from] Salt Cure\n|-fieldend|move: Grassy Terrain\n|upkeep\n|\n|t:|1699896744\n|switch|p2a: Ogerpon|Ogerpon-Hearthflame, L50, F|100\/100\n|-ability|p2a: Ogerpon|Mold Breaker\n|turn|6\n|\n|t:|1699896760\n|move|p2a: Ogerpon|Swords Dance|p2a: Ogerpon\n|-boost|p2a: Ogerpon|atk|2\n|move|p2b: Okidogi|Bulk Up|p2b: Okidogi\n|-boost|p2b: Okidogi|atk|1\n|-boost|p2b: Okidogi|def|1\n|move|p1a: Kommo-o|Iron Head|p2b: Okidogi\n|-damage|p2b: Okidogi|78\/100\n|move|p1b: Garganacl|Salt Cure|p2a: Ogerpon\n|-supereffective|p2a: Ogerpon\n|-damage|p2a: Ogerpon|67\/100\n|-start|p2a: Ogerpon|Salt Cure\n|\n|-heal|p1a: Kommo-o|94\/100|[from] item: Leftovers\n|-damage|p2a: Ogerpon|55\/100|[from] Salt Cure\n|-damage|p2b: Okidogi|66\/100|[from] Salt Cure\n|upkeep\n|turn|7\n|\n|t:|1699896776\n|move|p2a: Ogerpon|Spiky Shield|p2a: Ogerpon\n|-singleturn|p2a: Ogerpon|move: Protect\n|move|p1a: Kommo-o|Protect|p1a: Kommo-o\n|-singleturn|p1a: Kommo-o|Protect\n|move|p2b: Okidogi|Drain Punch|p1b: Garganacl\n|-supereffective|p1b: Garganacl\n|-damage|p1b: Garganacl|15\/100\n|-heal|p2b: Okidogi|94\/100|[from] drain|[of] p1b: Garganacl\n|move|p1b: Garganacl|Recover|p1b: Garganacl\n|-heal|p1b: Garganacl|65\/100\n|\n|-heal|p1a: Kommo-o|99\/100|[from] item: Leftovers\n|-damage|p2a: Ogerpon|42\/100|[from] Salt Cure\n|-damage|p2b: Okidogi|82\/100|[from] Salt Cure\n|upkeep\n|turn|8\n|inactive|MegiCure has 30 seconds left.\n|\n|t:|1699896808\n|move|p2a: Ogerpon|Ivy Cudgel|p1a: Kommo-o\n|-supereffective|p1a: Kommo-o\n|-crit|p1a: Kommo-o\n|-damage|p1a: Kommo-o|0 fnt\n|faint|p1a: Kommo-o\n|move|p2b: Okidogi|Drain Punch|p1b: Garganacl\n|-supereffective|p1b: Garganacl\n|-damage|p1b: Garganacl|17\/100\n|-heal|p2b: Okidogi|100\/100|[from] drain|[of] p1b: Garganacl\n|move|p1b: Garganacl|Recover|p1b: Garganacl\n|-heal|p1b: Garganacl|68\/100\n|\n|-damage|p2a: Ogerpon|30\/100|[from] Salt Cure\n|-damage|p2b: Okidogi|88\/100|[from] Salt Cure\n|upkeep\n|\n|t:|1699896815\n|switch|p1a: Arcanine|Arcanine-Hisui, L50, M|39\/100\n|-ability|p1a: Arcanine|Intimidate|boost\n|-unboost|p2a: Ogerpon|atk|1\n|-fail|p2b: Okidogi|unboost|[from] item: Clear Amulet|[of] p2b: Okidogi\n|turn|9\n|\n|t:|1699896830\n|move|p2a: Ogerpon|Spiky Shield|p2a: Ogerpon\n|-singleturn|p2a: Ogerpon|move: Protect\n|move|p2b: Okidogi|Drain Punch|p1a: Arcanine\n|-supereffective|p1a: Arcanine\n|-damage|p1a: Arcanine|0 fnt\n|-heal|p2b: Okidogi|100\/100|[from] drain|[of] p1a: Arcanine\n|-damage|p2b: Okidogi|84\/100|[from] item: Rocky Helmet|[of] p1a: Arcanine\n|faint|p1a: Arcanine\n|move|p1b: Garganacl|Recover|p1b: Garganacl\n|-heal|p1b: Garganacl|100\/100\n|\n|-damage|p2a: Ogerpon|18\/100|[from] Salt Cure\n|-damage|p2b: Okidogi|71\/100|[from] Salt Cure\n|upkeep\n|\n|t:|1699896835\n|switch|p1a: Urshifu|Urshifu, L50, F|100\/100\n|turn|10\n|inactive|Bertorium7 has 30 seconds left.\n|\n|t:|1699896864\n|switch|p2b: Rillaboom|Rillaboom, L50, F|90\/100\n|-fieldstart|move: Grassy Terrain|[from] ability: Grassy Surge|[of] p2b: Rillaboom\n|move|p2a: Ogerpon|Grassy Glide|p1a: Urshifu\n|-damage|p1a: Urshifu|49\/100\n|move|p1a: Urshifu|Wicked Blow|p2a: Ogerpon\n|-crit|p2a: Ogerpon\n|-damage|p2a: Ogerpon|0 fnt\n|faint|p2a: Ogerpon\n|move|p1b: Garganacl|Iron Defense|p1b: Garganacl\n|-boost|p1b: Garganacl|def|2\n|\n|-heal|p1a: Urshifu|55\/100|[from] Grassy Terrain\n|-heal|p2b: Rillaboom|96\/100|[from] Grassy Terrain\n|upkeep\n|\n|t:|1699896871\n|switch|p2a: Okidogi|Okidogi, L50, M|71\/100\n|turn|11\n|\n|t:|1699896887\n|move|p2b: Rillaboom|Fake Out|p1a: Urshifu\n|-damage|p1a: Urshifu|43\/100\n|cant|p1a: Urshifu|flinch\n|move|p2a: Okidogi|Drain Punch|p1a: Urshifu\n|-supereffective|p1a: Urshifu\n|-damage|p1a: Urshifu|0 fnt\n|-heal|p2a: Okidogi|93\/100|[from] drain|[of] p1a: Urshifu\n|faint|p1a: Urshifu\n|move|p1b: Garganacl|Salt Cure|p2a: Okidogi\n|-resisted|p2a: Okidogi\n|-damage|p2a: Okidogi|87\/100\n|-start|p2a: Okidogi|Salt Cure\n|\n|-heal|p2a: Okidogi|93\/100|[from] Grassy Terrain\n|-heal|p2b: Rillaboom|100\/100|[from] Grassy Terrain\n|-damage|p2a: Okidogi|81\/100|[from] Salt Cure\n|upkeep\n|turn|12\n|\n|t:|1699896900\n|move|p2a: Okidogi|Drain Punch|p1b: Garganacl\n|-supereffective|p1b: Garganacl\n|-damage|p1b: Garganacl|83\/100\n|-heal|p2a: Okidogi|90\/100|[from] drain|[of] p1b: Garganacl\n|move|p2b: Rillaboom|Wood Hammer|p1b: Garganacl\n|-supereffective|p1b: Garganacl\n|-damage|p1b: Garganacl|45\/100\n|-damage|p2b: Rillaboom|88\/100|[from] Recoil\n|move|p1b: Garganacl|Iron Defense|p1b: Garganacl\n|-boost|p1b: Garganacl|def|2\n|\n|-heal|p2a: Okidogi|96\/100|[from] Grassy Terrain\n|-heal|p2b: Rillaboom|94\/100|[from] Grassy Terrain\n|-heal|p1b: Garganacl|51\/100|[from] Grassy Terrain\n|-damage|p2a: Okidogi|84\/100|[from] Salt Cure\n|upkeep\n|turn|13\n|\n|t:|1699896921\n|move|p2b: Rillaboom|Grassy Glide|p1b: Garganacl\n|-supereffective|p1b: Garganacl\n|-damage|p1b: Garganacl|40\/100\n|move|p2a: Okidogi|Bulk Up|p2a: Okidogi\n|-boost|p2a: Okidogi|atk|1\n|-boost|p2a: Okidogi|def|1\n|move|p1b: Garganacl|Recover|p1b: Garganacl\n|-heal|p1b: Garganacl|90\/100\n|\n|-heal|p2a: Okidogi|90\/100|[from] Grassy Terrain\n|-heal|p2b: Rillaboom|99\/100|[from] Grassy Terrain\n|-heal|p1b: Garganacl|96\/100|[from] Grassy Terrain\n|-damage|p2a: Okidogi|78\/100|[from] Salt Cure\n|upkeep\n|turn|14\n|\n|t:|1699896928\n|move|p2a: Okidogi|Bulk Up|p2a: Okidogi\n|-boost|p2a: Okidogi|atk|1\n|-boost|p2a: Okidogi|def|1\n|move|p2b: Rillaboom|Wood Hammer|p1b: Garganacl\n|-supereffective|p1b: Garganacl\n|-damage|p1b: Garganacl|70\/100\n|-damage|p2b: Rillaboom|91\/100|[from] Recoil\n|move|p1b: Garganacl|Salt Cure|p2b: Rillaboom\n|-damage|p2b: Rillaboom|79\/100\n|-start|p2b: Rillaboom|Salt Cure\n|\n|-heal|p2a: Okidogi|84\/100|[from] Grassy Terrain\n|-heal|p2b: Rillaboom|84\/100|[from] Grassy Terrain\n|-heal|p1b: Garganacl|75\/100|[from] Grassy Terrain\n|-damage|p2a: Okidogi|71\/100|[from] Salt Cure\n|-damage|p2b: Rillaboom|72\/100|[from] Salt Cure\n|-fieldend|move: Grassy Terrain\n|upkeep\n|turn|15\n|inactive|MegiCure has 30 seconds left.\n|\n|t:|1699896963\n|move|p2a: Okidogi|Bulk Up|p2a: Okidogi\n|-boost|p2a: Okidogi|atk|1\n|-boost|p2a: Okidogi|def|1\n|move|p2b: Rillaboom|Grassy Glide|p1b: Garganacl\n|-supereffective|p1b: Garganacl\n|-damage|p1b: Garganacl|66\/100\n|move|p1b: Garganacl|Recover|p1b: Garganacl\n|-heal|p1b: Garganacl|100\/100\n|\n|-damage|p2a: Okidogi|59\/100|[from] Salt Cure\n|-damage|p2b: Rillaboom|60\/100|[from] Salt Cure\n|upkeep\n|turn|16\n|\n|t:|1699896986\n|move|p2a: Okidogi|Drain Punch|p1b: Garganacl\n|-supereffective|p1b: Garganacl\n|-damage|p1b: Garganacl|72\/100\n|-heal|p2a: Okidogi|74\/100|[from] drain|[of] p1b: Garganacl\n|move|p2b: Rillaboom|Wood Hammer|p1b: Garganacl\n|-supereffective|p1b: Garganacl\n|-damage|p1b: Garganacl|50\/100\n|-damage|p2b: Rillaboom|53\/100|[from] Recoil\n|move|p1b: Garganacl|Salt Cure|p2a: Okidogi\n|-resisted|p2a: Okidogi\n|-damage|p2a: Okidogi|72\/100\n|\n|-damage|p2a: Okidogi|59\/100|[from] Salt Cure\n|-damage|p2b: Rillaboom|41\/100|[from] Salt Cure\n|upkeep\n|turn|17\n|\n|t:|1699897000\n|move|p2a: Okidogi|Drain Punch|p1b: Garganacl\n|-supereffective|p1b: Garganacl\n|-damage|p1b: Garganacl|21\/100\n|-heal|p2a: Okidogi|75\/100|[from] drain|[of] p1b: Garganacl\n|move|p2b: Rillaboom|Wood Hammer|p1b: Garganacl\n|-supereffective|p1b: Garganacl\n|-damage|p1b: Garganacl|1\/100\n|-damage|p2b: Rillaboom|34\/100|[from] Recoil\n|move|p1b: Garganacl|Recover|p1b: Garganacl\n|-heal|p1b: Garganacl|51\/100\n|\n|-damage|p2a: Okidogi|62\/100|[from] Salt Cure\n|-damage|p2b: Rillaboom|22\/100|[from] Salt Cure\n|upkeep\n|turn|18\n|\n|t:|1699897012\n|move|p2a: Okidogi|Drain Punch|p1b: Garganacl\n|-supereffective|p1b: Garganacl\n|-damage|p1b: Garganacl|18\/100\n|-heal|p2a: Okidogi|80\/100|[from] drain|[of] p1b: Garganacl\n|move|p2b: Rillaboom|Wood Hammer|p1b: Garganacl\n|-supereffective|p1b: Garganacl\n|-damage|p1b: Garganacl|0 fnt\n|faint|p1b: Garganacl\n|-damage|p2b: Rillaboom|16\/100|[from] Recoil\n|\n|win|Bertorium7\n|raw|MegiCure's rating: 1083 &rarr; <strong>1065<\/strong><br \/>(-18 for losing)\n|raw|Bertorium7's rating: 1154 &rarr; <strong>1174<\/strong><br \/>(+20 for winning)\n|l|\u2606MegiCure\n","uploadtime":1699897037,"views":12,"p1id":"megicure","p2id":"bertorium7","formatid":"gen9vgc2023regulatione","rating":1065,"private":0,"password":""}