{"id":"gen9vgc2023regulatione-1990068964","p1":"Ganjux","p2":"UrshifuIncarnate","format":"[Gen 9] VGC 2023 Regulation E","log":"|j|\u2606Ganjux\n|j|\u2606UrshifuIncarnate\n|t:|1699921191\n|gametype|doubles\n|player|p1|Ganjux|102|1407\n|player|p2|UrshifuIncarnate|unknown|1350\n|teamsize|p1|6\n|teamsize|p2|6\n|gen|9\n|tier|[Gen 9] VGC 2023 Regulation E\n|rated|\n|rule|Species Clause: Limit one of each Pok\u00e9mon\n|rule|Item Clause: Limit one of each item\n|clearpoke\n|poke|p1|Roaring Moon, L50|\n|poke|p1|Arcanine-Hisui, L50, F|\n|poke|p1|Ogerpon-Wellspring, L50, F|\n|poke|p1|Landorus, L50, M|\n|poke|p1|Rillaboom, L50, F|\n|poke|p1|Flutter Mane, L50|\n|poke|p2|Landorus, L50, M|\n|poke|p2|Tornadus, L50, M|\n|poke|p2|Ogerpon-Hearthflame, L50, F|\n|poke|p2|Iron Hands, L50|\n|poke|p2|Urshifu-*, L50, M|\n|poke|p2|Rillaboom, L50, F|\n|teampreview|4\nUrshifuIncarnate has agreed to open team sheets.\nGanjux has agreed to open team sheets.\n|inactive|Battle timer is ON: inactive players will automatically lose when time's up. (requested by Ganjux)\n|inactive|Ganjux has 60 seconds left.\n|\n|t:|1699921272\n|start\n|switch|p1a: Arcanine|Arcanine-Hisui, L50, F|100\/100\n|switch|p1b: Ogerpon|Ogerpon-Wellspring, L50, F|100\/100\n|switch|p2a: Just A Prank Bro|Tornadus, L50, M, shiny|100\/100\n|switch|p2b: Landizzle|Landorus, L50, M|100\/100\n|-ability|p1a: Arcanine|Intimidate|boost\n|-unboost|p2a: Just A Prank Bro|atk|1\n|-unboost|p2b: Landizzle|atk|1\n|turn|1\n|inactive|Ganjux has 30 seconds left.\n|\n|t:|1699921301\n|-terastallize|p1a: Arcanine|Fairy\n|move|p2a: Just A Prank Bro|Tailwind|p2a: Just A Prank Bro\n|-sidestart|p2: UrshifuIncarnate|move: Tailwind\n|move|p2b: Landizzle|Sandsear Storm|p1a: Arcanine|[spread] p1a,p1b\n|-resisted|p1b: Ogerpon\n|-crit|p1b: Ogerpon\n|-damage|p1a: Arcanine|21\/100\n|-damage|p1b: Ogerpon|56\/100\n|move|p1a: Arcanine|Rock Slide|p2a: Just A Prank Bro|[spread] p2a\n|-miss|p1a: Arcanine|p2b: Landizzle\n|-supereffective|p2a: Just A Prank Bro\n|-damage|p2a: Just A Prank Bro|10\/100\n|move|p1b: Ogerpon|Ivy Cudgel|p2b: Landizzle\n|-supereffective|p2b: Landizzle\n|-crit|p2b: Landizzle\n|-damage|p2b: Landizzle|0 fnt\n|faint|p2b: Landizzle\n|\n|upkeep\n|\n|t:|1699921323\n|switch|p2b: Rillaboomer|Rillaboom, L50, F|100\/100\n|-fieldstart|move: Grassy Terrain|[from] ability: Grassy Surge|[of] p2b: Rillaboomer\n|turn|2\n|inactive|Ganjux has 30 seconds left.\n|inactive|Ganjux has 20 seconds left.\n|\n|t:|1699921362\n|switch|p1a: Rillaboom|Rillaboom, L50, F|100\/100\n|move|p1b: Ogerpon|Spiky Shield|p1b: Ogerpon\n|-singleturn|p1b: Ogerpon|move: Protect\n|move|p2b: Rillaboomer|Grassy Glide|p1a: Rillaboom\n|-resisted|p1a: Rillaboom\n|-damage|p1a: Rillaboom|81\/100\n|move|p2a: Just A Prank Bro|Bleakwind Storm|p1b: Ogerpon|[spread] p1a\n|-activate|p1b: Ogerpon|move: Protect\n|-supereffective|p1a: Rillaboom\n|-damage|p1a: Rillaboom|41\/100\n|-unboost|p1a: Rillaboom|spe|1\n|\n|-heal|p1b: Ogerpon|61\/100|[from] Grassy Terrain\n|-heal|p1a: Rillaboom|47\/100|[from] Grassy Terrain\n|upkeep\n|turn|3\n|inactive|Ganjux has 30 seconds left.\n|\n|t:|1699921388\n|move|p1a: Rillaboom|Fake Out|p2b: Rillaboomer\n|-damage|p2b: Rillaboomer|86\/100\n|move|p2a: Just A Prank Bro|Bleakwind Storm|p1b: Ogerpon|[spread] p1a,p1b\n|-supereffective|p1a: Rillaboom\n|-supereffective|p1b: Ogerpon\n|-damage|p1a: Rillaboom|4\/100\n|-damage|p1b: Ogerpon|4\/100\n|-unboost|p1a: Rillaboom|spe|1\n|cant|p2b: Rillaboomer|flinch\n|move|p1b: Ogerpon|Horn Leech|p2a: Just A Prank Bro\n|-resisted|p2a: Just A Prank Bro\n|-damage|p2a: Just A Prank Bro|0 fnt\n|-heal|p1b: Ogerpon|9\/100|[from] drain|[of] p2a: Just A Prank Bro\n|faint|p2a: Just A Prank Bro\n|\n|-heal|p2b: Rillaboomer|92\/100|[from] Grassy Terrain\n|-heal|p1b: Ogerpon|14\/100|[from] Grassy Terrain\n|-heal|p1a: Rillaboom|10\/100|[from] Grassy Terrain\n|upkeep\n|\n|t:|1699921390\n|switch|p2a: Fiona-Hearthflame|Ogerpon-Hearthflame, L50, F|100\/100\n|-ability|p2a: Fiona-Hearthflame|Mold Breaker\n|turn|4\n|inactive|Ganjux has 30 seconds left.\n|\n|t:|1699921423\n|move|p1b: Ogerpon|Spiky Shield|p1b: Ogerpon\n|-singleturn|p1b: Ogerpon|move: Protect\n|move|p2b: Rillaboomer|Grassy Glide|p1a: Rillaboom\n|-resisted|p1a: Rillaboom\n|-crit|p1a: Rillaboom\n|-damage|p1a: Rillaboom|0 fnt\n|faint|p1a: Rillaboom\n|move|p2a: Fiona-Hearthflame|Swords Dance|p2a: Fiona-Hearthflame\n|-boost|p2a: Fiona-Hearthflame|atk|2\n|\n|-heal|p2b: Rillaboomer|98\/100|[from] Grassy Terrain\n|-heal|p1b: Ogerpon|20\/100|[from] Grassy Terrain\n|-sideend|p2: UrshifuIncarnate|move: Tailwind\n|upkeep\n|\n|t:|1699921435\n|switch|p1a: Arcanine|Arcanine-Hisui, L50, F, tera:Fairy|21\/100\n|-ability|p1a: Arcanine|Intimidate|boost\n|-unboost|p2a: Fiona-Hearthflame|atk|1\n|-unboost|p2b: Rillaboomer|atk|1\n|turn|5\n|\n|t:|1699921448\n|-terastallize|p2b: Rillaboomer|Grass\n|move|p2a: Fiona-Hearthflame|Grassy Glide|p1a: Arcanine\n|-damage|p1a: Arcanine|0 fnt\n|faint|p1a: Arcanine\n|move|p2b: Rillaboomer|Grassy Glide|p1b: Ogerpon\n|-damage|p1b: Ogerpon|0 fnt\n|faint|p1b: Ogerpon\n|\n|-heal|p2b: Rillaboomer|100\/100|[from] Grassy Terrain\n|upkeep\n|-message|Ganjux forfeited.\n|\n|win|UrshifuIncarnate\n|raw|Ganjux's rating: 1407 &rarr; <strong>1384<\/strong><br \/>(-23 for losing)\n|raw|UrshifuIncarnate's rating: 1350 &rarr; <strong>1373<\/strong><br \/>(+23 for winning)\n|l|\u2606Ganjux\n","uploadtime":1699921467,"views":13,"p1id":"ganjux","p2id":"urshifuincarnate","formatid":"gen9vgc2023regulatione","rating":1373,"private":0,"password":""}