{"id":"gen9vgc2023regulatione-1996501057","p1":"Erkinator","p2":"Kzhrhzj","format":"[Gen 9] VGC 2023 Regulation E","log":"|j|\u2606Erkinator\n|j|\u2606Kzhrhzj\n|t:|1700688144\n|gametype|doubles\n|player|p1|Erkinator|169|1072\n|player|p2|Kzhrhzj|lance|1000\n|teamsize|p1|6\n|teamsize|p2|6\n|gen|9\n|tier|[Gen 9] VGC 2023 Regulation E\n|rated|\n|rule|Species Clause: Limit one of each Pok\u00e9mon\n|rule|Item Clause: Limit one of each item\n|clearpoke\n|poke|p1|Baxcalibur, L50, F|\n|poke|p1|Sinistcha, L50|\n|poke|p1|Garganacl, L50, F|\n|poke|p1|Flutter Mane, L50|\n|poke|p1|Arcanine-Hisui, L50, M|\n|poke|p1|Kommo-o, L50, M|\n|poke|p2|Flutter Mane, L50|\n|poke|p2|Tornadus, L50, M|\n|poke|p2|Rillaboom, L50, F|\n|poke|p2|Garganacl, L50, M|\n|poke|p2|Arcanine-Hisui, L50, M|\n|poke|p2|Chien-Pao, L50|\n|teampreview|4\n|inactive|Battle timer is ON: inactive players will automatically lose when time's up. (requested by Kzhrhzj)\n|\n|t:|1700688204\n|start\n|switch|p1a: Baxcalibur|Baxcalibur, L50, F|100\/100\n|switch|p1b: Arcanine|Arcanine-Hisui, L50, M|100\/100\n|switch|p2a: Tornadus|Tornadus, L50, M|100\/100\n|switch|p2b: Garganacl|Garganacl, L50, M|100\/100\n|-ability|p1b: Arcanine|Intimidate|boost\n|-unboost|p2a: Tornadus|atk|1\n|-unboost|p2b: Garganacl|atk|1\n|turn|1\n|\n|t:|1700688227\n|switch|p2a: Arcanine|Arcanine-Hisui, L50, M|100\/100\n|-ability|p2a: Arcanine|Intimidate|boost\n|-unboost|p1a: Baxcalibur|atk|1\n|-unboost|p1b: Arcanine|atk|1\n|-terastallize|p2b: Garganacl|Ghost\n|move|p1a: Baxcalibur|Icicle Spear|p2b: Garganacl\n|-damage|p2b: Garganacl|93\/100\n|-damage|p2b: Garganacl|87\/100\n|-damage|p2b: Garganacl|80\/100\n|-damage|p2b: Garganacl|72\/100\n|-hitcount|p2b: Garganacl|4\n|move|p1b: Arcanine|Rock Slide|p2b: Garganacl|[spread] p2a,p2b\n|-supereffective|p2a: Arcanine\n|-damage|p2a: Arcanine|65\/100\n|-damage|p2b: Garganacl|62\/100\n|move|p2b: Garganacl|Iron Defense|p2b: Garganacl\n|-boost|p2b: Garganacl|def|2\n|\n|upkeep\n|turn|2\n|inactive|Erkinator has 30 seconds left.\n|inactive|Erkinator has 20 seconds left.\n|inactive|Erkinator has 15 seconds left.\n|inactive|Erkinator has 10 seconds left.\n|\n|t:|1700688274\n|-terastallize|p1a: Baxcalibur|Fire\n|move|p2a: Arcanine|Rock Slide|p1b: Arcanine|[spread] p1a,p1b\n|-supereffective|p1a: Baxcalibur\n|-supereffective|p1b: Arcanine\n|-damage|p1a: Baxcalibur|25\/100\n|-damage|p1b: Arcanine|40\/100\n|-enditem|p1b: Arcanine|Sitrus Berry|[eat]\n|-heal|p1b: Arcanine|65\/100|[from] item: Sitrus Berry\n|move|p1a: Baxcalibur|Scale Shot|p2a: Arcanine\n|-damage|p2a: Arcanine|53\/100\n|-damage|p2a: Arcanine|39\/100\n|-damage|p2a: Arcanine|26\/100\n|-damage|p2a: Arcanine|15\/100\n|-damage|p2a: Arcanine|2\/100\n|-hitcount|p2a: Arcanine|5\n|-unboost|p1a: Baxcalibur|def|1\n|-boost|p1a: Baxcalibur|spe|1\n|move|p1b: Arcanine|Rock Slide|p2a: Arcanine|[spread] p2a,p2b\n|-supereffective|p2a: Arcanine\n|-damage|p2a: Arcanine|0 fnt\n|-damage|p2b: Garganacl|57\/100\n|faint|p2a: Arcanine\n|move|p2b: Garganacl|Salt Cure|p1a: Baxcalibur\n|-supereffective|p1a: Baxcalibur\n|-damage|p1a: Baxcalibur|0 fnt\n|faint|p1a: Baxcalibur\n|\n|upkeep\n|\n|t:|1700688299\n|switch|p2a: Tornadus|Tornadus, L50, M|100\/100\n|switch|p1a: Flutter Mane|Flutter Mane, L50|100\/100\n|-enditem|p1a: Flutter Mane|Booster Energy\n|-activate|p1a: Flutter Mane|ability: Protosynthesis|[fromitem]\n|-start|p1a: Flutter Mane|protosynthesisspe\n|turn|3\n|\n|t:|1700688320\n|move|p2a: Tornadus|Tailwind|p2a: Tornadus\n|-sidestart|p2: Kzhrhzj|move: Tailwind\n|move|p1a: Flutter Mane|Shadow Ball|p2b: Garganacl\n|-supereffective|p2b: Garganacl\n|-damage|p2b: Garganacl|27\/100\n|-enditem|p2b: Garganacl|Sitrus Berry|[eat]\n|-heal|p2b: Garganacl|52\/100|[from] item: Sitrus Berry\n|move|p2b: Garganacl|Salt Cure|p1a: Flutter Mane\n|-damage|p1a: Flutter Mane|79\/100\n|-start|p1a: Flutter Mane|Salt Cure\n|move|p1b: Arcanine|Rock Slide|p2b: Garganacl|[spread] p2a\n|-miss|p1b: Arcanine|p2b: Garganacl\n|-supereffective|p2a: Tornadus\n|-damage|p2a: Tornadus|64\/100\n|\n|-damage|p1a: Flutter Mane|67\/100|[from] Salt Cure\n|upkeep\n|turn|4\n|inactive|Erkinator has 30 seconds left.\n|\n|t:|1700688347\n|move|p1a: Flutter Mane|Shadow Ball|p2b: Garganacl\n|-supereffective|p2b: Garganacl\n|-damage|p2b: Garganacl|25\/100\n|-unboost|p2b: Garganacl|spd|1\n|move|p2a: Tornadus|Bleakwind Storm|p1b: Arcanine|[spread] p1a,p1b\n|-resisted|p1b: Arcanine\n|-damage|p1a: Flutter Mane|32\/100\n|-damage|p1b: Arcanine|48\/100\n|move|p1b: Arcanine|Rock Slide|p2a: Tornadus|[spread] p2a,p2b\n|-supereffective|p2a: Tornadus\n|-damage|p2a: Tornadus|28\/100\n|-damage|p2b: Garganacl|20\/100\n|move|p2b: Garganacl|Recover|p2b: Garganacl\n|-heal|p2b: Garganacl|71\/100\n|\n|-damage|p1a: Flutter Mane|20\/100|[from] Salt Cure\n|upkeep\n|turn|5\n|inactive|Erkinator has 30 seconds left.\n|\n|t:|1700688377\n|move|p2b: Garganacl|Protect|p2b: Garganacl\n|-singleturn|p2b: Garganacl|Protect\n|move|p1a: Flutter Mane|Shadow Ball|p2b: Garganacl\n|-activate|p2b: Garganacl|move: Protect\n|move|p2a: Tornadus|Bleakwind Storm|p1a: Flutter Mane|[spread] p1a\n|-miss|p2a: Tornadus|p1b: Arcanine\n|-damage|p1a: Flutter Mane|0 fnt\n|faint|p1a: Flutter Mane\n|-end|p1a: Flutter Mane|Protosynthesis|[silent]\n|move|p1b: Arcanine|Flare Blitz|p2b: Garganacl\n|-activate|p2b: Garganacl|move: Protect\n|\n|upkeep\n|\n|t:|1700688391\n|switch|p1a: Garganacl|Garganacl, L50, F|100\/100\n|turn|6\n|\n|t:|1700688407\n|move|p1a: Garganacl|Wide Guard|p1a: Garganacl\n|-singleturn|p1a: Garganacl|Wide Guard\n|move|p2a: Tornadus|Taunt|p1a: Garganacl\n|-start|p1a: Garganacl|move: Taunt\n|move|p1b: Arcanine|Rock Slide|p2b: Garganacl|[spread] p2a,p2b\n|-supereffective|p2a: Tornadus\n|-damage|p2a: Tornadus|0 fnt\n|-damage|p2b: Garganacl|66\/100\n|faint|p2a: Tornadus\n|move|p2b: Garganacl|Salt Cure|p1b: Arcanine\n|-supereffective|p1b: Arcanine\n|-damage|p1b: Arcanine|33\/100\n|-start|p1b: Arcanine|Salt Cure\n|\n|-damage|p1b: Arcanine|21\/100|[from] Salt Cure\n|-sideend|p2: Kzhrhzj|move: Tailwind\n|upkeep\n|\n|t:|1700688414\n|switch|p2a: Chien-Pao|Chien-Pao, L50|100\/100\n|-ability|p2a: Chien-Pao|Sword of Ruin\n|turn|7\n|\n|t:|1700688430\n|move|p2a: Chien-Pao|Protect|p2a: Chien-Pao\n|-singleturn|p2a: Chien-Pao|Protect\n|move|p1b: Arcanine|Flare Blitz|p2a: Chien-Pao\n|-activate|p2a: Chien-Pao|move: Protect\n|move|p1a: Garganacl|Salt Cure|p2b: Garganacl\n|-damage|p2b: Garganacl|58\/100\n|-start|p2b: Garganacl|Salt Cure\n|move|p2b: Garganacl|Salt Cure|p1a: Garganacl\n|-damage|p1a: Garganacl|92\/100\n|-start|p1a: Garganacl|Salt Cure\n|\n|-heal|p1a: Garganacl|98\/100|[from] item: Leftovers\n|-damage|p1b: Arcanine|8\/100|[from] Salt Cure\n|-damage|p2b: Garganacl|46\/100|[from] Salt Cure\n|-damage|p1a: Garganacl|86\/100|[from] Salt Cure\n|upkeep\n|turn|8\n|\n|t:|1700688452\n|move|p2a: Chien-Pao|Sacred Sword|p1a: Garganacl\n|-supereffective|p1a: Garganacl\n|-damage|p1a: Garganacl|28\/100\n|move|p1b: Arcanine|Rock Slide|p2a: Chien-Pao|[spread] p2a\n|-miss|p1b: Arcanine|p2b: Garganacl\n|-supereffective|p2a: Chien-Pao\n|-damage|p2a: Chien-Pao|58\/100\n|move|p2b: Garganacl|Recover|p2b: Garganacl\n|-heal|p2b: Garganacl|97\/100\n|move|p1a: Garganacl|Salt Cure|p2a: Chien-Pao\n|-supereffective|p2a: Chien-Pao\n|-damage|p2a: Chien-Pao|19\/100\n|-start|p2a: Chien-Pao|Salt Cure\n|\n|-heal|p1a: Garganacl|33\/100|[from] item: Leftovers\n|-damage|p2a: Chien-Pao|7\/100|[from] Salt Cure\n|-damage|p1b: Arcanine|0 fnt|[from] Salt Cure\n|faint|p1b: Arcanine\n|-damage|p1a: Garganacl|21\/100|[from] Salt Cure\n|-damage|p2b: Garganacl|85\/100|[from] Salt Cure\n|upkeep\n|turn|9\n|\n|t:|1700688476\n|move|p2a: Chien-Pao|Sacred Sword|p1a: Garganacl\n|-supereffective|p1a: Garganacl\n|-damage|p1a: Garganacl|0 fnt\n|faint|p1a: Garganacl\n|\n|win|Kzhrhzj\n|raw|Erkinator's rating: 1072 &rarr; <strong>1047<\/strong><br \/>(-25 for losing)\n|raw|Kzhrhzj's rating: 1000 &rarr; <strong>1048<\/strong><br \/>(+48 for winning)\n","uploadtime":1700688480,"views":2,"p1id":"erkinator","p2id":"kzhrhzj","formatid":"gen9vgc2023regulatione","rating":1047,"private":0,"password":""}