{"id":"gen9vgc2023regulatione-1993903425","p1":"Chreino","p2":"sshhooii","format":"[Gen 9] VGC 2023 Regulation E","log":"|j|\u2606Chreino\n|j|\u2606sshhooii\n|t:|1700372801\n|gametype|doubles\n|player|p1|Chreino|n|1225\n|player|p2|sshhooii|1|1198\n|teamsize|p1|6\n|teamsize|p2|6\n|gen|9\n|tier|[Gen 9] VGC 2023 Regulation E\n|rated|\n|rule|Species Clause: Limit one of each Pok\u00e9mon\n|rule|Item Clause: Limit one of each item\n|clearpoke\n|poke|p1|Moltres-Galar, L50|\n|poke|p1|Sinistcha-Masterpiece, L50|\n|poke|p1|Grimmsnarl, L50, M|\n|poke|p1|Iron Hands, L50|\n|poke|p1|Landorus-Therian, L50, M|\n|poke|p1|Heatran, L50, M|\n|poke|p2|Flutter Mane, L50|\n|poke|p2|Landorus-Therian, L50, M|\n|poke|p2|Iron Hands, L50|\n|poke|p2|Ceruledge, L50, M|\n|poke|p2|Urshifu-*, L50, M|\n|poke|p2|Ogerpon-Wellspring, L50, F|\n|teampreview|4\n|inactive|Battle timer is ON: inactive players will automatically lose when time's up. (requested by sshhooii)\n|\n|t:|1700372852\n|start\n|switch|p1a: Moltres|Moltres-Galar, L50, shiny|100\/100\n|switch|p1b: Grimmsnarl|Grimmsnarl, L50, M, shiny|100\/100\n|switch|p2a: Iron Hands|Iron Hands, L50|100\/100\n|switch|p2b: Ceruledge|Ceruledge, L50, M|100\/100\n|turn|1\n|inactive|Chreino has 30 seconds left.\n|inactive|Chreino has 20 seconds left.\n|\n|t:|1700372889\n|move|p2a: Iron Hands|Fake Out|p1a: Moltres\n|-damage|p1a: Moltres|87\/100\n|move|p1b: Grimmsnarl|Reflect|p1b: Grimmsnarl\n|-sidestart|p1: Chreino|Reflect\n|cant|p1a: Moltres|flinch\n|move|p2b: Ceruledge|Taunt|p1b: Grimmsnarl\n|-start|p1b: Grimmsnarl|move: Taunt\n|\n|upkeep\n|turn|2\n|\n|t:|1700372912\n|switch|p1b: Landorus|Landorus-Therian, L50, M|100\/100\n|-ability|p1b: Landorus|Intimidate|boost\n|-unboost|p2a: Iron Hands|atk|1\n|-fail|p2b: Ceruledge|unboost|[from] item: Clear Amulet|[of] p2b: Ceruledge\n|-terastallize|p1a: Moltres|Poison\n|move|p1a: Moltres|Nasty Plot|p1a: Moltres\n|-boost|p1a: Moltres|spa|2\n|move|p2b: Ceruledge|Taunt|p1a: Moltres\n|-start|p1a: Moltres|move: Taunt\n|move|p2a: Iron Hands|Wild Charge|p1a: Moltres\n|-damage|p1a: Moltres|68\/100\n|-damage|p2a: Iron Hands|97\/100|[from] Recoil\n|\n|upkeep\n|turn|3\n|inactive|Chreino has 30 seconds left.\n|inactive|sshhooii has 30 seconds left.\n|inactive|Chreino has 20 seconds left.\n|inactive|Chreino has 15 seconds left.\n|inactive|sshhooii has 20 seconds left.\n|\n|t:|1700372956\n|-end|p2a: Iron Hands|Quark Drive|[silent]\n|switch|p2a: Flutter Mane|Flutter Mane, L50|100\/100\n|move|p2b: Ceruledge|Shadow Sneak|p1a: Moltres\n|-damage|p1a: Moltres|54\/100\n|move|p1b: Landorus|Stomping Tantrum|p2b: Ceruledge\n|-supereffective|p2b: Ceruledge\n|-damage|p2b: Ceruledge|11\/100\n|move|p1a: Moltres|Fiery Wrath|p2b: Ceruledge|[spread] p2a,p2b\n|-supereffective|p2b: Ceruledge\n|-damage|p2a: Flutter Mane|49\/100\n|-damage|p2b: Ceruledge|0 fnt\n|faint|p2b: Ceruledge\n|\n|upkeep\n|\n|t:|1700372968\n|switch|p2b: Iron Hands|Iron Hands, L50|97\/100\n|turn|4\n|inactive|Chreino has 30 seconds left.\n|inactive|Chreino has 20 seconds left.\n|\n|t:|1700373006\n|switch|p1b: Sinistcha|Sinistcha-Masterpiece, L50, shiny|100\/100\n|-heal|p1a: Moltres|79\/100|[from] ability: Hospitality|[of] p1b: Sinistcha\n|move|p2b: Iron Hands|Fake Out|p1b: Sinistcha\n|-immune|p1b: Sinistcha\n|move|p2a: Flutter Mane|Shadow Ball|p1a: Moltres\n|-damage|p1a: Moltres|32\/100\n|-ability|p1a: Moltres|Berserk|boost\n|-boost|p1a: Moltres|spa|1\n|-enditem|p1a: Moltres|Sitrus Berry|[eat]\n|-heal|p1a: Moltres|57\/100|[from] item: Sitrus Berry\n|move|p1a: Moltres|Fiery Wrath|p2a: Flutter Mane|[spread] p2a,p2b\n|-resisted|p2b: Iron Hands\n|-damage|p2a: Flutter Mane|0 fnt\n|-damage|p2b: Iron Hands|77\/100\n|faint|p2a: Flutter Mane\n|-end|p2a: Flutter Mane|Protosynthesis|[silent]\n|\n|upkeep\n|\n|t:|1700373022\n|switch|p2a: Urshifu|Urshifu, L50, M|100\/100\n|turn|5\n|\n|t:|1700373046\n|switch|p1b: Landorus|Landorus-Therian, L50, M|100\/100\n|-ability|p1b: Landorus|Intimidate|boost\n|-unboost|p2a: Urshifu|atk|1\n|-unboost|p2b: Iron Hands|atk|1\n|move|p2a: Urshifu|Detect|p2a: Urshifu\n|-singleturn|p2a: Urshifu|Protect\n|move|p1a: Moltres|Air Slash|p2a: Urshifu\n|-activate|p2a: Urshifu|move: Protect\n|move|p2b: Iron Hands|Heavy Slam|p1a: Moltres\n|-damage|p1a: Moltres|40\/100\n|-ability|p1a: Moltres|Berserk|boost\n|-boost|p1a: Moltres|spa|1\n|\n|-end|p1a: Moltres|move: Taunt\n|upkeep\n|turn|6\n|inactive|Chreino has 30 seconds left.\n|inactive|sshhooii has 30 seconds left.\n|\n|t:|1700373074\n|move|p1b: Landorus|U-turn|p2a: Urshifu\n|-damage|p2a: Urshifu|74\/100\n|\n|t:|1700373076\n|switch|p1b: Sinistcha|Sinistcha-Masterpiece, L50, shiny|100\/100|[from] U-turn\n|-heal|p1a: Moltres|65\/100|[from] ability: Hospitality|[of] p1b: Sinistcha\n|move|p2a: Urshifu|Wicked Blow|p1a: Moltres\n|-crit|p1a: Moltres\n|-damage|p1a: Moltres|9\/100\n|-ability|p1a: Moltres|Berserk|boost\n|-boost|p1a: Moltres|spa|1\n|move|p1a: Moltres|Air Slash|p2a: Urshifu\n|-supereffective|p2a: Urshifu\n|-crit|p2a: Urshifu\n|-damage|p2a: Urshifu|0 fnt\n|faint|p2a: Urshifu\n|move|p2b: Iron Hands|Heavy Slam|p1b: Sinistcha\n|-damage|p1b: Sinistcha|79\/100\n|-damage|p2b: Iron Hands|61\/100|[from] item: Rocky Helmet|[of] p1b: Sinistcha\n|\n|upkeep\n|turn|7\n|-message|sshhooii forfeited.\n|\n|win|Chreino\n|raw|Chreino's rating: 1225 &rarr; <strong>1248<\/strong><br \/>(+23 for winning)\n|raw|sshhooii's rating: 1198 &rarr; <strong>1175<\/strong><br \/>(-23 for losing)\n|l|\u2606sshhooii\n","uploadtime":1700373153,"views":11,"p1id":"chreino","p2id":"sshhooii","formatid":"gen9vgc2023regulatione","rating":1175,"private":0,"password":""}