{"id":"gen9vgc2023regulatione-1994371344","p1":"arthur.ayms","p2":"Drumcat","format":"[Gen 9] VGC 2023 Regulation E","log":"|j|\u2606arthur.ayms\n|j|\u2606Drumcat\n|t:|1700436295\n|gametype|doubles\n|player|p1|arthur.ayms|266|1123\n|player|p2|Drumcat|265|1009\n|teamsize|p1|6\n|teamsize|p2|6\n|gen|9\n|tier|[Gen 9] VGC 2023 Regulation E\n|rated|\n|rule|Species Clause: Limit one of each Pok\u00e9mon\n|rule|Item Clause: Limit one of each item\n|clearpoke\n|poke|p1|Ursaluna-Bloodmoon, L50, M|\n|poke|p1|Iron Hands, L50|\n|poke|p1|Farigiraf, L50, M|\n|poke|p1|Amoonguss, L50, M|\n|poke|p1|Torkoal, L50, F|\n|poke|p1|Kingambit, L50, M|\n|poke|p2|Clefairy, L50, F|\n|poke|p2|Cetitan, L50, F|\n|poke|p2|Kommo-o, L50, M|\n|poke|p2|Sinistcha-Masterpiece, L50|\n|poke|p2|Landorus-Therian, L50, M|\n|poke|p2|Rillaboom, L50, F|\n|teampreview|4\n|j| lerazik\n|l| lerazik\n|inactive|Battle timer is ON: inactive players will automatically lose when time's up. (requested by Drumcat)\n|inactive|arthur.ayms has 60 seconds left.\n|\n|t:|1700436356\n|start\n|switch|p1a: Farigiraf|Farigiraf, L50, M|100\/100\n|switch|p1b: Torkoal|Torkoal, L50, F|100\/100\n|switch|p2a: Clefairy|Clefairy, L50, F|100\/100\n|switch|p2b: Cetitan|Cetitan, L50, F|100\/100\n|-weather|SunnyDay|[from] ability: Drought|[of] p1b: Torkoal\n|turn|1\n|\n|t:|1700436379\n|-terastallize|p2b: Cetitan|Water\n|move|p1b: Torkoal|Protect|p1b: Torkoal\n|-singleturn|p1b: Torkoal|Protect\n|move|p2b: Cetitan|Belly Drum|p2b: Cetitan\n|-damage|p2b: Cetitan|50\/100\n|-setboost|p2b: Cetitan|atk|6|[from] move: Belly Drum\n|-enditem|p2b: Cetitan|Sitrus Berry|[eat]\n|-heal|p2b: Cetitan|75\/100|[from] item: Sitrus Berry\n|move|p2a: Clefairy|Heal Pulse|p2b: Cetitan\n|-heal|p2b: Cetitan|100\/100\n|move|p1a: Farigiraf|Trick Room|p1a: Farigiraf\n|-fieldstart|move: Trick Room|[of] p1a: Farigiraf\n|\n|-weather|SunnyDay|[upkeep]\n|upkeep\n|turn|2\n|\n|t:|1700436403\n|move|p2a: Clefairy|Helping Hand|p2b: Cetitan\n|-singleturn|p2b: Cetitan|Helping Hand|[of] p2a: Clefairy\n|move|p1a: Farigiraf|Helping Hand|p1b: Torkoal\n|-singleturn|p1b: Torkoal|Helping Hand|[of] p1a: Farigiraf\n|move|p1b: Torkoal|Solar Beam||[still]\n|-prepare|p1b: Torkoal|Solar Beam\n|-anim|p1b: Torkoal|Solar Beam|p2b: Cetitan\n|-supereffective|p2b: Cetitan\n|-damage|p2b: Cetitan|38\/100\n|move|p2b: Cetitan|Liquidation|p1a: Farigiraf\n|-damage|p1a: Farigiraf|2\/100\n|-enditem|p1a: Farigiraf|Aguav Berry|[eat]\n|-heal|p1a: Farigiraf|35\/100|[from] item: Aguav Berry\n|\n|-weather|SunnyDay|[upkeep]\n|upkeep\n|turn|3\n|inactive|arthur.ayms has 30 seconds left.\n|inactive|Drumcat has 30 seconds left.\n|\n|t:|1700436434\n|-terastallize|p1b: Torkoal|Fire\n|move|p1a: Farigiraf|Helping Hand|p1b: Torkoal\n|-singleturn|p1b: Torkoal|Helping Hand|[of] p1a: Farigiraf\n|move|p2a: Clefairy|Follow Me|p2a: Clefairy\n|-singleturn|p2a: Clefairy|move: Follow Me\n|move|p1b: Torkoal|Eruption|p2a: Clefairy|[spread] p2a,p2b\n|-resisted|p2b: Cetitan\n|-damage|p2a: Clefairy|0 fnt\n|-damage|p2b: Cetitan|8\/100\n|faint|p2a: Clefairy\n|move|p2b: Cetitan|Liquidation|p1b: Torkoal\n|-supereffective|p1b: Torkoal\n|-damage|p1b: Torkoal|0 fnt\n|faint|p1b: Torkoal\n|\n|-weather|SunnyDay|[upkeep]\n|upkeep\n|\n|t:|1700436455\n|switch|p1b: Iron Hands|Iron Hands, L50|100\/100\n|switch|p2a: Sinistcha|Sinistcha-Masterpiece, L50|100\/100\n|-heal|p2b: Cetitan|33\/100|[from] ability: Hospitality|[of] p2a: Sinistcha\n|turn|4\n|\n|t:|1700436473\n|switch|p1a: Kingambit|Kingambit, L50, M|100\/100\n|move|p2b: Cetitan|Protect|p2b: Cetitan\n|-singleturn|p2b: Cetitan|Protect\n|move|p1b: Iron Hands|Fake Out|p2b: Cetitan\n|-activate|p2b: Cetitan|move: Protect\n|move|p2a: Sinistcha|Strength Sap|p1b: Iron Hands\n|-unboost|p1b: Iron Hands|atk|1\n|\n|-weather|SunnyDay|[upkeep]\n|upkeep\n|turn|5\n|inactive|arthur.ayms has 30 seconds left.\n|inactive|Drumcat has 30 seconds left.\n|inactive|arthur.ayms has 20 seconds left.\n|inactive|arthur.ayms has 15 seconds left.\n|inactive|arthur.ayms has 10 seconds left.\n|inactive|Drumcat has 20 seconds left.\n|inactive|Drumcat has 15 seconds left.\n|\n|t:|1700436528\n|-end|p1b: Iron Hands|Quark Drive|[silent]\n|switch|p1b: Farigiraf|Farigiraf, L50, M|35\/100\n|move|p1a: Kingambit|Kowtow Cleave|p2b: Cetitan\n|-damage|p2b: Cetitan|0 fnt\n|faint|p2b: Cetitan\n|move|p2a: Sinistcha|Strength Sap|p1a: Kingambit\n|-unboost|p1a: Kingambit|atk|1\n|-ability|p1a: Kingambit|Defiant|boost\n|-boost|p1a: Kingambit|atk|2\n|\n|-weather|none\n|-fieldend|move: Trick Room\n|upkeep\n|\n|t:|1700436534\n|switch|p2b: Landorus|Landorus-Therian, L50, M|100\/100\n|-ability|p2b: Landorus|Intimidate|boost\n|-unboost|p1a: Kingambit|atk|1\n|-ability|p1a: Kingambit|Defiant|boost\n|-boost|p1a: Kingambit|atk|2\n|-unboost|p1b: Farigiraf|atk|1\n|turn|6\n|inactive|arthur.ayms has 30 seconds left.\n|\n|t:|1700436567\n|move|p1a: Kingambit|Protect|p1a: Kingambit\n|-singleturn|p1a: Kingambit|Protect\n|move|p2b: Landorus|Stomping Tantrum|p1a: Kingambit\n|-activate|p1a: Kingambit|move: Protect\n|move|p2a: Sinistcha|Trick Room|p2a: Sinistcha\n|-fieldstart|move: Trick Room|[of] p2a: Sinistcha\n|move|p1b: Farigiraf|Trick Room|p1b: Farigiraf\n|-fieldend|move: Trick Room\n|\n|upkeep\n|turn|7\n|inactive|Drumcat has 30 seconds left.\n|\n|t:|1700436597\n|move|p1b: Farigiraf|Ally Switch|p1b: Farigiraf\n|swap|p1b: Farigiraf|0|[from] move: Ally Switch\n|move|p2b: Landorus|Stomping Tantrum|p1a: Farigiraf\n|-damage|p1a: Farigiraf|0 fnt\n|faint|p1a: Farigiraf\n|move|p1b: Kingambit|Kowtow Cleave|p2b: Landorus\n|-damage|p2b: Landorus|0 fnt\n|faint|p2b: Landorus\n|move|p2a: Sinistcha|Trick Room|p2a: Sinistcha\n|-fieldstart|move: Trick Room|[of] p2a: Sinistcha\n|\n|upkeep\n|-message|Drumcat forfeited.\n|\n|win|arthur.ayms\n|raw|arthur.ayms's rating: 1123 &rarr; <strong>1140<\/strong><br \/>(+17 for winning)\n|raw|Drumcat's rating: 1009 &rarr; <strong>1001<\/strong><br \/>(-8 for losing)\n|l|\u2606Drumcat\n","uploadtime":1700436620,"views":5,"p1id":"arthurayms","p2id":"drumcat","formatid":"gen9vgc2023regulatione","rating":1001,"private":0,"password":""}