{"id":"gen9vgc2023regulatione-1996594339","p1":"Xikirito","p2":"ray william jonson","format":"[Gen 9] VGC 2023 Regulation E","log":"|j|\u2606Xikirito\n|j|\u2606ray william jonson\n|t:|1700698366\n|gametype|doubles\n|player|p1|Xikirito|volkner|1071\n|player|p2|ray william jonson|brycenman|1056\n|teamsize|p1|6\n|teamsize|p2|6\n|gen|9\n|tier|[Gen 9] VGC 2023 Regulation E\n|rated|\n|rule|Species Clause: Limit one of each Pok\u00e9mon\n|rule|Item Clause: Limit one of each item\n|clearpoke\n|poke|p1|Chi-Yu, L50|\n|poke|p1|Iron Hands, L50|\n|poke|p1|Landorus-Therian, L50, M|\n|poke|p1|Dusclops, L50, F|\n|poke|p1|Ogerpon-Wellspring, L50, F|\n|poke|p1|Ursaluna-Bloodmoon, L50, M|\n|poke|p2|Urshifu-*, L50, M|\n|poke|p2|Tornadus, L50, M|\n|poke|p2|Basculegion, L50, M|\n|poke|p2|Gholdengo, L50|\n|poke|p2|Rillaboom, L50, F|\n|poke|p2|Ogerpon-Hearthflame, L50, F|\n|teampreview|4\n|\n|t:|1700698405\n|start\n|switch|p1a: Ogerpon|Ogerpon-Wellspring, L50, F|100\/100\n|switch|p1b: Iron Hands|Iron Hands, L50|100\/100\n|switch|p2a: Urshifu|Urshifu-Rapid-Strike, L50, M|100\/100\n|switch|p2b: Tornadus|Tornadus, L50, M|100\/100\n|turn|1\n|\n|t:|1700698420\n|move|p2a: Urshifu|Detect|p2a: Urshifu\n|-singleturn|p2a: Urshifu|Protect\n|move|p1a: Ogerpon|Spiky Shield|p1a: Ogerpon\n|-singleturn|p1a: Ogerpon|move: Protect\n|move|p1b: Iron Hands|Fake Out|p2a: Urshifu\n|-activate|p2a: Urshifu|move: Protect\n|move|p2b: Tornadus|Taunt|p1a: Ogerpon\n|-activate|p1a: Ogerpon|move: Protect\n|\n|upkeep\n|turn|2\n|\n|t:|1700698439\n|switch|p2a: Ogerpon|Ogerpon-Hearthflame, L50, F|100\/100\n|-ability|p2a: Ogerpon|Mold Breaker\n|move|p2b: Tornadus|Tailwind|p2b: Tornadus\n|-sidestart|p2: ray william jonson|move: Tailwind\n|move|p1a: Ogerpon|Ivy Cudgel|p2b: Tornadus|[anim] Ivy Cudgel Water\n|-damage|p2b: Tornadus|19\/100\n|move|p1b: Iron Hands|Wild Charge|p2a: Ogerpon\n|-resisted|p2a: Ogerpon\n|-damage|p2a: Ogerpon|71\/100\n|-damage|p1b: Iron Hands|96\/100|[from] Recoil\n|\n|upkeep\n|turn|3\n|\n|t:|1700698457\n|move|p2a: Ogerpon|Spiky Shield|p2a: Ogerpon\n|-singleturn|p2a: Ogerpon|move: Protect\n|move|p1a: Ogerpon|Spiky Shield|p1a: Ogerpon\n|-singleturn|p1a: Ogerpon|move: Protect\n|move|p2b: Tornadus|Rain Dance|p2b: Tornadus\n|-weather|RainDance\n|move|p1b: Iron Hands|Wild Charge|p2b: Tornadus\n|-supereffective|p2b: Tornadus\n|-damage|p2b: Tornadus|0 fnt\n|faint|p2b: Tornadus\n|-damage|p1b: Iron Hands|93\/100|[from] Recoil\n|\n|-weather|RainDance|[upkeep]\n|upkeep\n|\n|t:|1700698470\n|switch|p2b: Urshifu|Urshifu-Rapid-Strike, L50, M|100\/100\n|turn|4\n|\n|t:|1700698482\n|move|p2a: Ogerpon|Follow Me|p2a: Ogerpon\n|-singleturn|p2a: Ogerpon|move: Follow Me\n|move|p2b: Urshifu|Surging Strikes|p1b: Iron Hands\n|-crit|p1b: Iron Hands\n|-damage|p1b: Iron Hands|69\/100\n|-crit|p1b: Iron Hands\n|-damage|p1b: Iron Hands|46\/100\n|-crit|p1b: Iron Hands\n|-damage|p1b: Iron Hands|22\/100\n|-hitcount|p1b: Iron Hands|3\n|move|p1a: Ogerpon|Ivy Cudgel|p2a: Ogerpon|[anim] Ivy Cudgel Water\n|-damage|p2a: Ogerpon|0 fnt\n|faint|p2a: Ogerpon\n|move|p1b: Iron Hands|Wild Charge|p2b: Urshifu\n|-supereffective|p2b: Urshifu\n|-damage|p2b: Urshifu|4\/100\n|-damage|p1b: Iron Hands|5\/100|[from] Recoil\n|\n|-weather|RainDance|[upkeep]\n|upkeep\n|\n|t:|1700698498\n|switch|p2a: Basculegion|Basculegion, L50, M, shiny|100\/100\n|turn|5\n|\n|t:|1700698511\n|-terastallize|p2a: Basculegion|Ghost\n|move|p1a: Ogerpon|Spiky Shield|p1a: Ogerpon\n|-singleturn|p1a: Ogerpon|move: Protect\n|move|p2b: Urshifu|Aqua Jet|p1b: Iron Hands\n|-damage|p1b: Iron Hands|0 fnt\n|faint|p1b: Iron Hands\n|-end|p1b: Iron Hands|Quark Drive|[silent]\n|move|p2a: Basculegion|Last Respects|p1a: Ogerpon\n|-activate|p1a: Ogerpon|move: Protect\n|\n|-weather|RainDance|[upkeep]\n|-sideend|p2: ray william jonson|move: Tailwind\n|upkeep\n|\n|t:|1700698522\n|switch|p1b: Dusclops|Dusclops, L50, F|100\/100\n|-item|p2a: Basculegion|Life Orb|[from] ability: Frisk|[of] p1b: Dusclops|[identify]\n|-item|p2b: Urshifu|Mystic Water|[from] ability: Frisk|[of] p1b: Dusclops|[identify]\n|turn|6\n|\n|t:|1700698537\n|move|p2a: Basculegion|Last Respects|p1a: Ogerpon\n|-damage|p1a: Ogerpon|0 fnt\n|faint|p1a: Ogerpon\n|-damage|p2a: Basculegion|91\/100|[from] item: Life Orb\n|move|p2b: Urshifu|Surging Strikes|p1b: Dusclops\n|-crit|p1b: Dusclops\n|-damage|p1b: Dusclops|80\/100\n|-crit|p1b: Dusclops\n|-damage|p1b: Dusclops|59\/100\n|-crit|p1b: Dusclops\n|-damage|p1b: Dusclops|39\/100\n|-hitcount|p1b: Dusclops|3\n|move|p1b: Dusclops|Will-O-Wisp|p2b: Urshifu\n|-status|p2b: Urshifu|brn\n|\n|-weather|RainDance|[upkeep]\n|-damage|p2b: Urshifu|0 fnt|[from] brn\n|faint|p2b: Urshifu\n|upkeep\n|\n|t:|1700698552\n|switch|p1a: Ursaluna|Ursaluna-Bloodmoon, L50, M|100\/100\n|turn|7\n|\n|t:|1700698562\n|-terastallize|p1a: Ursaluna|Normal\n|move|p2a: Basculegion|Wave Crash|p1a: Ursaluna\n|-damage|p1a: Ursaluna|22\/100\n|-damage|p2a: Basculegion|62\/100|[from] Recoil\n|-damage|p2a: Basculegion|52\/100|[from] item: Life Orb\n|move|p1a: Ursaluna|Hyper Voice|p2a: Basculegion\n|-damage|p2a: Basculegion|0 fnt\n|faint|p2a: Basculegion\n|\n|win|Xikirito\n|raw|Xikirito's rating: 1071 &rarr; <strong>1099<\/strong><br \/>(+28 for winning)\n|raw|ray william jonson's rating: 1056 &rarr; <strong>1038<\/strong><br \/>(-18 for losing)\n|l|\u2606ray william jonson\n","uploadtime":1700698573,"views":13,"p1id":"xikirito","p2id":"raywilliamjonson","formatid":"gen9vgc2023regulatione","rating":1038,"private":0,"password":""}