{"id":"gen9vgc2023regulatione-1990680715","p1":"Zento chopper","p2":"Froakie12345","format":"[Gen 9] VGC 2023 Regulation E","log":"|j|\u2606Zento chopper\n|j|\u2606Froakie12345\n|t:|1699991253\n|gametype|doubles\n|player|p1|Zento chopper|nate|1108\n|player|p2|Froakie12345|winona|1022\n|teamsize|p1|6\n|teamsize|p2|6\n|gen|9\n|tier|[Gen 9] VGC 2023 Regulation E\n|rated|\n|rule|Species Clause: Limit one of each Pok\u00e9mon\n|rule|Item Clause: Limit one of each item\n|clearpoke\n|poke|p1|Dipplin, L50, F|\n|poke|p1|Thundurus-Therian, L50, M|\n|poke|p1|Enamorus-Therian, L50, F|\n|poke|p1|Wyrdeer, L50, F|\n|poke|p1|Iron Bundle, L50|\n|poke|p1|Cinderace, L50, F|\n|poke|p2|Sneasler, L50, M|\n|poke|p2|Pincurchin, L50, F|\n|poke|p2|Breloom, L50, F|\n|poke|p2|Cresselia, L50, F|\n|poke|p2|Garchomp, L50, M|\n|poke|p2|Iron Bundle, L50|\n|teampreview|4\n|inactive|Battle timer is ON: inactive players will automatically lose when time's up. (requested by Froakie12345)\nFroakie12345 rejected open team sheets.\n|\n|t:|1699991280\n|start\n|switch|p1a: Sniffy|Enamorus-Therian, L50, F|100\/100\n|switch|p1b: Golden Syrup|Dipplin, L50, F, shiny|100\/100\n|switch|p2a: Iron Bundle|Iron Bundle, L50|100\/100\n|switch|p2b: Pincurchin|Pincurchin, L50, F|100\/100\n|-ability|p1b: Golden Syrup|Supersweet Syrup\n|-ability|p1b: Golden Syrup|Supersweet Syrup|boost\n|-unboost|p2a: Iron Bundle|evasion|1\n|-unboost|p2b: Pincurchin|evasion|1\n|-fieldstart|move: Electric Terrain|[from] ability: Electric Surge|[of] p2b: Pincurchin\n|-activate|p2a: Iron Bundle|ability: Quark Drive\n|-start|p2a: Iron Bundle|quarkdrivespa\n|turn|1\n|\n|t:|1699991311\n|-terastallize|p1b: Golden Syrup|Fire\n|move|p1a: Sniffy|Protect|p1a: Sniffy\n|-singleturn|p1a: Sniffy|Protect\n|move|p2a: Iron Bundle|Freeze-Dry|p1a: Sniffy\n|-activate|p1a: Sniffy|move: Protect\n|move|p1b: Golden Syrup|Syrup Bomb|p2a: Iron Bundle\n|-supereffective|p2a: Iron Bundle\n|-damage|p2a: Iron Bundle|17\/100\n|-start|p2a: Iron Bundle|Syrup Bomb\n|move|p2b: Pincurchin|Poison Jab|p1b: Golden Syrup\n|-damage|p1b: Golden Syrup|90\/100\n|\n|-unboost|p2a: Iron Bundle|spe|1\n|upkeep\n|turn|2\n|\n|t:|1699991333\n|switch|p1b: Iron Gift|Iron Bundle, L50, shiny|100\/100\n|-activate|p1b: Iron Gift|ability: Quark Drive\n|-start|p1b: Iron Gift|quarkdrivespe\n|move|p2a: Iron Bundle|Hydro Pump|p1b: Iron Gift\n|-resisted|p1b: Iron Gift\n|-damage|p1b: Iron Gift|29\/100\n|move|p1a: Sniffy|Springtide Storm|p2b: Pincurchin|[spread] p2a,p2b\n|-damage|p2a: Iron Bundle|0 fnt\n|-damage|p2b: Pincurchin|44\/100\n|-unboost|p2b: Pincurchin|atk|1\n|faint|p2a: Iron Bundle\n|-end|p2a: Iron Bundle|Quark Drive|[silent]\n|move|p2b: Pincurchin|Poison Jab|p1b: Iron Gift\n|-damage|p1b: Iron Gift|12\/100\n|\n|upkeep\n|\n|t:|1699991347\n|switch|p2a: Sneasler|Sneasler, L50, M|100\/100\n|-enditem|p2a: Sneasler|Electric Seed\n|-boost|p2a: Sneasler|def|1|[from] item: Electric Seed\n|turn|3\n|\n|t:|1699991356\n|move|p1b: Iron Gift|Protect|p1b: Iron Gift\n|-singleturn|p1b: Iron Gift|Protect\n|move|p2a: Sneasler|Fake Out|p1a: Sniffy\n|-crit|p1a: Sniffy\n|-damage|p1a: Sniffy|79\/100\n|cant|p1a: Sniffy|flinch\n|move|p2b: Pincurchin|Zing Zap|p1b: Iron Gift\n|-activate|p1b: Iron Gift|move: Protect\n|\n|-heal|p1a: Sniffy|85\/100|[from] item: Leftovers\n|upkeep\n|turn|4\n|\n|t:|1699991369\n|move|p2a: Sneasler|Dire Claw|p1a: Sniffy\n|-supereffective|p1a: Sniffy\n|-crit|p1a: Sniffy\n|-damage|p1a: Sniffy|0 fnt\n|faint|p1a: Sniffy\n|move|p1b: Iron Gift|Encore|p2a: Sneasler\n|-start|p2a: Sneasler|Encore\n|move|p2b: Pincurchin|Zing Zap|p1b: Iron Gift\n|-supereffective|p1b: Iron Gift\n|-damage|p1b: Iron Gift|0 fnt\n|faint|p1b: Iron Gift\n|-end|p1b: Iron Gift|Quark Drive|[silent]\n|\n|upkeep\n|\n|t:|1699991376\n|switch|p1b: Ricochet|Thundurus-Therian, L50, M|100\/100\n|switch|p1a: Golden Syrup|Dipplin, L50, F, shiny, tera:Fire|90\/100\n|turn|5\n|\n|t:|1699991386\n|move|p1b: Ricochet|Protect|p1b: Ricochet\n|-singleturn|p1b: Ricochet|Protect\n|move|p2b: Pincurchin|Protect|p2b: Pincurchin\n|-singleturn|p2b: Pincurchin|Protect\n|move|p2a: Sneasler|Dire Claw|p1b: Ricochet\n|-activate|p1b: Ricochet|move: Protect\n|move|p1a: Golden Syrup|Syrup Bomb|p2a: Sneasler\n|-resisted|p2a: Sneasler\n|-damage|p2a: Sneasler|88\/100\n|-start|p2a: Sneasler|Syrup Bomb\n|\n|-unboost|p2a: Sneasler|spe|1\n|-fieldend|move: Electric Terrain\n|upkeep\n|turn|6\n|\n|t:|1699991401\n|move|p2a: Sneasler|Dire Claw|p1b: Ricochet\n|-damage|p1b: Ricochet|46\/100\n|move|p1b: Ricochet|Wildbolt Storm|p2b: Pincurchin|[spread] p2b\n|-miss|p1b: Ricochet|p2a: Sneasler\n|-resisted|p2b: Pincurchin\n|-damage|p2b: Pincurchin|6\/100\n|-damage|p1b: Ricochet|36\/100|[from] item: Life Orb\n|move|p1a: Golden Syrup|Draco Meteor|p2b: Pincurchin\n|-damage|p2b: Pincurchin|0 fnt\n|-unboost|p1a: Golden Syrup|spa|2\n|faint|p2b: Pincurchin\n|\n|-unboost|p2a: Sneasler|spe|1\n|upkeep\n|\n|t:|1699991416\n|switch|p2b: Garchomp|Garchomp, L50, M|100\/100\n|turn|7\n|\n|t:|1699991426\n|move|p2b: Garchomp|Earthquake|p1a: Golden Syrup|[spread] p2a,p1a\n|-immune|p1b: Ricochet\n|-supereffective|p2a: Sneasler\n|-supereffective|p1a: Golden Syrup\n|-damage|p2a: Sneasler|0 fnt\n|-damage|p1a: Golden Syrup|24\/100\n|faint|p2a: Sneasler\n|move|p1b: Ricochet|Wildbolt Storm|p2b: Garchomp\n|-immune|p2b: Garchomp\n|move|p1a: Golden Syrup|Draco Meteor|p2b: Garchomp|[miss]\n|-miss|p1a: Golden Syrup|p2b: Garchomp\n|\n|upkeep\n|turn|8\n|\n|t:|1699991446\n|move|p2b: Garchomp|Earthquake|p1a: Golden Syrup|[spread] p1a\n|-immune|p1b: Ricochet\n|-supereffective|p1a: Golden Syrup\n|-damage|p1a: Golden Syrup|0 fnt\n|faint|p1a: Golden Syrup\n|move|p1b: Ricochet|Sludge Bomb|p2b: Garchomp\n|-resisted|p2b: Garchomp\n|-damage|p2b: Garchomp|74\/100\n|-damage|p1b: Ricochet|26\/100|[from] item: Life Orb\n|\n|upkeep\n|turn|9\n|\n|t:|1699991458\n|move|p2b: Garchomp|Earthquake|p1b: Ricochet\n|-immune|p1b: Ricochet\n|move|p1b: Ricochet|Sludge Bomb|p2b: Garchomp\n|-resisted|p2b: Garchomp\n|-damage|p2b: Garchomp|50\/100\n|-damage|p1b: Ricochet|17\/100|[from] item: Life Orb\n|\n|upkeep\n|turn|10\n|\n|t:|1699991470\n|move|p1b: Ricochet|Protect|p1b: Ricochet\n|-singleturn|p1b: Ricochet|Protect\n|move|p2b: Garchomp|Earthquake|p1b: Ricochet\n|-activate|p1b: Ricochet|move: Protect\n|\n|upkeep\n|turn|11\n|\n|t:|1699991474\n|move|p2b: Garchomp|Earthquake|p1b: Ricochet\n|-immune|p1b: Ricochet\n|move|p1b: Ricochet|Wildbolt Storm|p2b: Garchomp\n|-immune|p2b: Garchomp\n|\n|upkeep\n|turn|12\n|\n|t:|1699991481\n|move|p1b: Ricochet|Protect|p1b: Ricochet\n|-singleturn|p1b: Ricochet|Protect\n|move|p2b: Garchomp|Earthquake|p1b: Ricochet\n|-activate|p1b: Ricochet|move: Protect\n|\n|upkeep\n|turn|13\n|\n|t:|1699991488\n|move|p2b: Garchomp|Earthquake|p1b: Ricochet\n|-immune|p1b: Ricochet\n|move|p1b: Ricochet|Sludge Bomb|p2b: Garchomp\n|-resisted|p2b: Garchomp\n|-damage|p2b: Garchomp|25\/100\n|-damage|p1b: Ricochet|7\/100|[from] item: Life Orb\n|\n|upkeep\n|turn|14\n|\n|t:|1699991501\n|move|p2b: Garchomp|Earthquake|p1b: Ricochet\n|-immune|p1b: Ricochet\n|move|p1b: Ricochet|Sludge Bomb|p2b: Garchomp\n|-resisted|p2b: Garchomp\n|-damage|p2b: Garchomp|2\/100\n|-damage|p1b: Ricochet|0 fnt|[from] item: Life Orb\n|faint|p1b: Ricochet\n|\n|win|Froakie12345\n|raw|Zento chopper's rating: 1108 &rarr; <strong>1077<\/strong><br \/>(-31 for losing)\n|raw|Froakie12345's rating: 1022 &rarr; <strong>1068<\/strong><br \/>(+46 for winning)\n|l|\u2606Zento chopper\n|c|\u2606Froakie12345|gg\n","uploadtime":1699991517,"views":8,"p1id":"zentochopper","p2id":"froakie12345","formatid":"gen9vgc2023regulatione","rating":1068,"private":0,"password":""}