{"id":"gen9vgc2023regulatione-1990195296","p1":"Lynnnnnnnnn","p2":"Fivesallround","format":"[Gen 9] VGC 2023 Regulation E","log":"|j|\u2606Lynnnnnnnnn\n|j|\u2606Fivesallround\n|t:|1699935696\n|gametype|doubles\n|player|p1|Lynnnnnnnnn|hiker-gen4|1200\n|player|p2|Fivesallround|waiter-gen4dp|1119\n|teamsize|p1|6\n|teamsize|p2|6\n|gen|9\n|tier|[Gen 9] VGC 2023 Regulation E\n|rated|\n|rule|Species Clause: Limit one of each Pok\u00e9mon\n|rule|Item Clause: Limit one of each item\n|clearpoke\n|poke|p1|Iron Hands, L50|\n|poke|p1|Ogerpon-Wellspring, L50, F|\n|poke|p1|Arcanine-Hisui, L50, F|\n|poke|p1|Chien-Pao, L50|\n|poke|p1|Landorus-Therian, L50, M|\n|poke|p1|Rillaboom, L50, F|\n|poke|p2|Baxcalibur, L50, F|\n|poke|p2|Ninetales-Alola, L50, M|\n|poke|p2|Sinistcha, L50|\n|poke|p2|Arcanine-Hisui, L50, M|\n|poke|p2|Kingambit, L50, M|\n|poke|p2|Landorus-Therian, L50, M|\n|teampreview|4\n|inactive|Battle timer is ON: inactive players will automatically lose when time's up. (requested by Lynnnnnnnnn)\n|inactive|Lynnnnnnnnn has 60 seconds left.\n|inactive|Fivesallround has 60 seconds left.\n|\n|t:|1699935732\n|start\n|switch|p1a: Iron Hands|Iron Hands, L50|100\/100\n|switch|p1b: Chien-Pao|Chien-Pao, L50|100\/100\n|switch|p2a: Ninetales|Ninetales-Alola, L50, M|100\/100\n|switch|p2b: Baxcalibur|Baxcalibur, L50, F|100\/100\n|-ability|p1b: Chien-Pao|Sword of Ruin\n|-weather|Snow|[from] ability: Snow Warning|[of] p2a: Ninetales\n|turn|1\n|\n|t:|1699935748\n|move|p2b: Baxcalibur|Protect|p2b: Baxcalibur\n|-singleturn|p2b: Baxcalibur|Protect\n|move|p1a: Iron Hands|Fake Out|p2a: Ninetales\n|-damage|p2a: Ninetales|83\/100\n|move|p1b: Chien-Pao|Sacred Sword|p2b: Baxcalibur\n|-activate|p2b: Baxcalibur|move: Protect\n|cant|p2a: Ninetales|flinch\n|\n|-weather|Snow|[upkeep]\n|upkeep\n|turn|2\n|\n|t:|1699935769\n|move|p1b: Chien-Pao|Icicle Crash|p2b: Baxcalibur\n|-damage|p2b: Baxcalibur|63\/100\n|move|p2a: Ninetales|Aurora Veil|p2a: Ninetales\n|-sidestart|p2: Fivesallround|move: Aurora Veil\n|move|p2b: Baxcalibur|Swords Dance|p2b: Baxcalibur\n|-boost|p2b: Baxcalibur|atk|2\n|move|p1a: Iron Hands|Heavy Slam|p2a: Ninetales\n|-supereffective|p2a: Ninetales\n|-damage|p2a: Ninetales|0 fnt\n|faint|p2a: Ninetales\n|\n|-weather|Snow|[upkeep]\n|-heal|p2b: Baxcalibur|69\/100|[from] ability: Ice Body\n|upkeep\n|\n|t:|1699935779\n|switch|p2a: Arcanine|Arcanine-Hisui, L50, M|100\/100\n|-ability|p2a: Arcanine|Intimidate|boost\n|-fail|p1a: Iron Hands|unboost|[from] item: Clear Amulet|[of] p1a: Iron Hands\n|-unboost|p1b: Chien-Pao|atk|1\n|turn|3\n|\n|t:|1699935793\n|switch|p1b: Landorus|Landorus-Therian, L50, M|100\/100\n|-ability|p1b: Landorus|Intimidate|boost\n|-unboost|p2a: Arcanine|atk|1\n|-unboost|p2b: Baxcalibur|atk|1\n|-terastallize|p2a: Arcanine|Fairy\n|move|p2b: Baxcalibur|Scale Shot|p1b: Landorus\n|-damage|p1b: Landorus|75\/100\n|-damage|p1b: Landorus|48\/100\n|-damage|p1b: Landorus|24\/100\n|-damage|p1b: Landorus|0 fnt\n|faint|p1b: Landorus\n|-hitcount|p1: Landorus|4\n|-unboost|p2b: Baxcalibur|def|1\n|-boost|p2b: Baxcalibur|spe|1\n|move|p2a: Arcanine|Tera Blast|p1a: Iron Hands|[anim] Tera Blast Fairy\n|-supereffective|p1a: Iron Hands\n|-damage|p1a: Iron Hands|63\/100\n|move|p1a: Iron Hands|Drain Punch|p2b: Baxcalibur\n|-supereffective|p2b: Baxcalibur\n|-damage|p2b: Baxcalibur|12\/100\n|-heal|p1a: Iron Hands|86\/100|[from] drain|[of] p2b: Baxcalibur\n|\n|-weather|Snow|[upkeep]\n|-heal|p2b: Baxcalibur|19\/100|[from] ability: Ice Body\n|upkeep\n|inactive|Lynnnnnnnnn has 30 seconds left.\n|\n|t:|1699935818\n|switch|p1b: Chien-Pao|Chien-Pao, L50|100\/100\n|-ability|p1b: Chien-Pao|Sword of Ruin\n|turn|4\n|\n|t:|1699935842\n|move|p2b: Baxcalibur|Protect|p2b: Baxcalibur\n|-singleturn|p2b: Baxcalibur|Protect\n|move|p1b: Chien-Pao|Sucker Punch||[still]\n|-fail|p1b: Chien-Pao\n|move|p2a: Arcanine|Tera Blast|p1b: Chien-Pao|[anim] Tera Blast Fairy\n|-supereffective|p1b: Chien-Pao\n|-damage|p1b: Chien-Pao|53\/100\n|move|p1a: Iron Hands|Heavy Slam|p2a: Arcanine\n|-supereffective|p2a: Arcanine\n|-damage|p2a: Arcanine|57\/100\n|\n|-weather|Snow|[upkeep]\n|-heal|p2b: Baxcalibur|25\/100|[from] ability: Ice Body\n|upkeep\n|turn|5\n|inactive|Fivesallround has 30 seconds left.\n|\n|t:|1699935868\n|switch|p2a: Sinistcha|Sinistcha, L50|100\/100\n|-heal|p2b: Baxcalibur|50\/100|[from] ability: Hospitality|[of] p2a: Sinistcha\n|move|p1b: Chien-Pao|Protect|p1b: Chien-Pao\n|-singleturn|p1b: Chien-Pao|Protect\n|move|p2b: Baxcalibur|Scale Shot|p1a: Iron Hands\n|-damage|p1a: Iron Hands|67\/100\n|-damage|p1a: Iron Hands|47\/100\n|-crit|p1a: Iron Hands\n|-damage|p1a: Iron Hands|17\/100\n|-crit|p1a: Iron Hands\n|-damage|p1a: Iron Hands|0 fnt\n|faint|p1a: Iron Hands\n|-end|p1a: Iron Hands|Quark Drive|[silent]\n|-hitcount|p1: Iron Hands|4\n|-unboost|p2b: Baxcalibur|def|1\n|-boost|p2b: Baxcalibur|spe|1\n|\n|-weather|none\n|upkeep\n|\n|t:|1699935884\n|switch|p1a: Ogerpon|Ogerpon-Wellspring, L50, F|100\/100\n|turn|6\n|\n|t:|1699935897\n|switch|p2a: Arcanine|Arcanine-Hisui, L50, M, tera:Fairy|57\/100\n|-ability|p2a: Arcanine|Intimidate|boost\n|-unboost|p1a: Ogerpon|atk|1\n|-unboost|p1b: Chien-Pao|atk|1\n|-terastallize|p1a: Ogerpon|Water\n|detailschange|p1a: Ogerpon|Ogerpon-Wellspring-Tera, L50, F, tera:Water\n|-ability|p1a: Ogerpon|Embody Aspect (Wellspring)|boost\n|-boost|p1a: Ogerpon|spd|1\n|move|p2b: Baxcalibur|Protect|p2b: Baxcalibur\n|-singleturn|p2b: Baxcalibur|Protect\n|move|p1a: Ogerpon|Follow Me|p1a: Ogerpon\n|-singleturn|p1a: Ogerpon|move: Follow Me\n|move|p1b: Chien-Pao|Icicle Crash|p2a: Arcanine\n|-damage|p2a: Arcanine|26\/100\n|\n|upkeep\n|turn|7\n|inactive|Fivesallround has 30 seconds left.\n|\n|t:|1699935923\n|move|p2a: Arcanine|Extreme Speed|p1a: Ogerpon\n|-damage|p1a: Ogerpon|62\/100\n|move|p1b: Chien-Pao|Sucker Punch|p2b: Baxcalibur\n|-damage|p2b: Baxcalibur|2\/100\n|move|p2b: Baxcalibur|Scale Shot|p1a: Ogerpon\n|-damage|p1a: Ogerpon|28\/100\n|-damage|p1a: Ogerpon|0 fnt\n|faint|p1a: Ogerpon\n|-hitcount|p1: Ogerpon|2\n|-unboost|p2b: Baxcalibur|def|1\n|-boost|p2b: Baxcalibur|spe|1\n|\n|upkeep\n|turn|8\n|-message|Lynnnnnnnnn forfeited.\n|\n|win|Fivesallround\n|raw|Lynnnnnnnnn's rating: 1200 &rarr; <strong>1169<\/strong><br \/>(-31 for losing)\n|raw|Fivesallround's rating: 1119 &rarr; <strong>1150<\/strong><br \/>(+31 for winning)\n|l|\u2606Lynnnnnnnnn\n","uploadtime":1699935964,"views":14,"p1id":"lynnnnnnnnn","p2id":"fivesallround","formatid":"gen9vgc2023regulatione","rating":1150,"private":0,"password":""}