{"id":"gen9vgc2023regulatione-2000671716","p1":"BoldTurtle","p2":"ToxiccArrow","format":"[Gen 9] VGC 2023 Regulation E","log":"|j|\u203dBoldTurtle\n|j|\u2606ToxiccArrow\n|t:|1701217047\n|gametype|doubles\n|player|p1|BoldTurtle|rosa|1059\n|player|p2|ToxiccArrow|lucian|1001\n|teamsize|p1|6\n|teamsize|p2|6\n|gen|9\n|tier|[Gen 9] VGC 2023 Regulation E\n|rated|\n|rule|Species Clause: Limit one of each Pok\u00e9mon\n|rule|Item Clause: Limit one of each item\n|clearpoke\n|poke|p1|Kingambit, L50, F|\n|poke|p1|Landorus-Therian, L50, M|\n|poke|p1|Farigiraf, L50, M|\n|poke|p1|Iron Hands, L50|\n|poke|p1|Amoonguss, L50, M|\n|poke|p1|Flutter Mane, L50|\n|poke|p2|Goodra-Hisui, L50, F|\n|poke|p2|Toxapex, L50, F|\n|poke|p2|Flutter Mane, L50|\n|poke|p2|Ceruledge, L50, F|\n|poke|p2|Brute Bonnet, L50|\n|poke|p2|Clefable, L50, F|\n|teampreview|4\nBoldTurtle has agreed to open team sheets.\n|\n|t:|1701217061\n|start\n|switch|p1a: Farigiraf|Farigiraf, L50, M|100\/100\n|switch|p1b: Kingambit|Kingambit, L50, F|100\/100\n|switch|p2a: Toxapex|Toxapex, L50, F, shiny|100\/100\n|switch|p2b: Brute Bonnet|Brute Bonnet, L50, shiny|100\/100\n|turn|1\n|\n|t:|1701217086\n|move|p2b: Brute Bonnet|Dark Pulse|p1a: Farigiraf\n|-supereffective|p1a: Farigiraf\n|-damage|p1a: Farigiraf|65\/100\n|move|p1b: Kingambit|Swords Dance|p1b: Kingambit\n|-boost|p1b: Kingambit|atk|2\n|move|p2a: Toxapex|Toxic Spikes|p1a: Farigiraf\n|-sidestart|p1: BoldTurtle|move: Toxic Spikes\n|move|p1a: Farigiraf|Trick Room|p1a: Farigiraf\n|-fieldstart|move: Trick Room|[of] p1a: Farigiraf\n|\n|upkeep\n|turn|2\n|\n|t:|1701217115\n|move|p2a: Toxapex|Baneful Bunker|p2a: Toxapex\n|-singleturn|p2a: Toxapex|move: Protect\n|move|p1b: Kingambit|Iron Head|p2b: Brute Bonnet\n|-damage|p2b: Brute Bonnet|45\/100\n|move|p1a: Farigiraf|Psychic|p2a: Toxapex\n|-activate|p2a: Toxapex|move: Protect\n|move|p2b: Brute Bonnet|Dark Pulse|p1a: Farigiraf\n|-supereffective|p1a: Farigiraf\n|-crit|p1a: Farigiraf\n|-damage|p1a: Farigiraf|10\/100\n|-enditem|p1a: Farigiraf|Aguav Berry|[eat]\n|-heal|p1a: Farigiraf|43\/100|[from] item: Aguav Berry\n|\n|upkeep\n|turn|3\n|\n|t:|1701217141\n|move|p2a: Toxapex|Sludge Bomb|p1b: Kingambit\n|-immune|p1b: Kingambit\n|move|p1b: Kingambit|Iron Head|p2b: Brute Bonnet\n|-damage|p2b: Brute Bonnet|0 fnt\n|faint|p2b: Brute Bonnet\n|-end|p2b: Brute Bonnet|Protosynthesis|[silent]\n|move|p1a: Farigiraf|Psychic|p2a: Toxapex\n|-supereffective|p2a: Toxapex\n|-damage|p2a: Toxapex|47\/100\n|\n|upkeep\n|\n|t:|1701217150\n|switch|p2b: Clefable|Clefable, L50, F, shiny|100\/100\n|turn|4\n|\n|t:|1701217166\n|-terastallize|p2a: Toxapex|Water\n|move|p1a: Farigiraf|Protect|p1a: Farigiraf\n|-singleturn|p1a: Farigiraf|Protect\n|move|p2a: Toxapex|Liquidation|p1a: Farigiraf\n|-activate|p1a: Farigiraf|move: Protect\n|move|p1b: Kingambit|Kowtow Cleave|p2a: Toxapex\n|-damage|p2a: Toxapex|0 fnt\n|-damage|p1b: Kingambit|84\/100|[from] item: Rocky Helmet|[of] p2a: Toxapex\n|faint|p2a: Toxapex\n|move|p2b: Clefable|Dazzling Gleam|p1a: Farigiraf|[spread] p1b\n|-activate|p1a: Farigiraf|move: Protect\n|-damage|p1b: Kingambit|63\/100\n|\n|-heal|p1b: Kingambit|69\/100|[from] item: Leftovers\n|upkeep\n|c|\u2606ToxiccArrow|nice read\n|\n|t:|1701217182\n|switch|p2a: Goodra|Goodra-Hisui, L50, F, shiny|100\/100\n|turn|5\n|\n|t:|1701217200\n|move|p1b: Kingambit|Iron Head|p2b: Clefable\n|-supereffective|p2b: Clefable\n|-damage|p2b: Clefable|0 fnt\n|faint|p2b: Clefable\n|move|p1a: Farigiraf|Hyper Voice|p2a: Goodra\n|-resisted|p2a: Goodra\n|-damage|p2a: Goodra|90\/100\n|move|p2a: Goodra|Knock Off|p1b: Kingambit\n|-resisted|p1b: Kingambit\n|-damage|p1b: Kingambit|60\/100\n|-enditem|p1b: Kingambit|Leftovers|[from] move: Knock Off|[of] p2a: Goodra\n|\n|-fieldend|move: Trick Room\n|upkeep\n|turn|6\n|\n|t:|1701217219\n|move|p2a: Goodra|Flash Cannon|p1a: Farigiraf\n|-damage|p1a: Farigiraf|23\/100\n|move|p1a: Farigiraf|Psychic|p2a: Goodra\n|-resisted|p2a: Goodra\n|-damage|p2a: Goodra|80\/100\n|-unboost|p2a: Goodra|spd|1\n|move|p1b: Kingambit|Kowtow Cleave|p2a: Goodra\n|-damage|p2a: Goodra|0 fnt\n|-ability|p2a: Goodra|Gooey\n|-unboost|p1b: Kingambit|spe|1\n|-ability|p1b: Kingambit|Defiant|boost\n|-boost|p1b: Kingambit|atk|2\n|faint|p2a: Goodra\n|\n|win|BoldTurtle\n|raw|BoldTurtle's rating: 1059 &rarr; <strong>1085<\/strong><br \/>(+26 for winning)\n|raw|ToxiccArrow's rating: 1001 &rarr; <strong>1000<\/strong><br \/>(-1 for losing)\n|c|\u2606ToxiccArrow|gg\n|l|\u2606ToxiccArrow\n","uploadtime":1701217252,"views":1,"p1id":"boldturtle","p2id":"toxiccarrow","formatid":"gen9vgc2023regulatione","rating":1000,"private":0,"password":""}