{"id":"gen9vgc2023regulatione-1995135012","p1":"Belzebuthe","p2":"NooobGuy","format":"[Gen 9] VGC 2023 Regulation E","log":"|j|\u2606Belzebuthe\n|j|\u2606NooobGuy\n|t:|1700526453\n|gametype|doubles\n|player|p1|Belzebuthe|dragontamer|1395\n|player|p2|NooobGuy|gambler|1408\n|teamsize|p1|6\n|teamsize|p2|6\n|gen|9\n|tier|[Gen 9] VGC 2023 Regulation E\n|rated|\n|rule|Species Clause: Limit one of each Pok\u00e9mon\n|rule|Item Clause: Limit one of each item\n|clearpoke\n|poke|p1|Weezing, L50, M|\n|poke|p1|Gastrodon, L50, M|\n|poke|p1|Slaking, L50, M|\n|poke|p1|Scream Tail, L50|\n|poke|p1|Arcanine-Hisui, L50, F|\n|poke|p1|Goodra-Hisui, L50, M|\n|poke|p2|Ogerpon-Wellspring, L50, F|\n|poke|p2|Tornadus, L50, M|\n|poke|p2|Landorus-Therian, L50, M|\n|poke|p2|Chien-Pao, L50|\n|poke|p2|Iron Hands, L50|\n|poke|p2|Flutter Mane, L50|\n|teampreview|4\n|inactive|Battle timer is ON: inactive players will automatically lose when time's up. (requested by Belzebuthe)\n|inactive|NooobGuy has 60 seconds left.\n|j| meowmeowjoe\n|inactive|NooobGuy has 30 seconds left.\n|\n|t:|1700526520\n|start\n|switch|p1a: Weezing|Weezing, L50, M, shiny|100\/100\n|switch|p1b: Slaking|Slaking, L50, M|100\/100\n|switch|p2a: Iron Hands|Iron Hands, L50|100\/100\n|switch|p2b: Tornadus|Tornadus, L50, M|100\/100\n|-ability|p1a: Weezing|Neutralizing Gas\n|turn|1\n|\n|t:|1700526534\n|-terastallize|p1b: Slaking|Ghost\n|move|p2a: Iron Hands|Fake Out|p1b: Slaking\n|-immune|p1b: Slaking\n|move|p2b: Tornadus|Taunt|p1a: Weezing\n|-start|p1a: Weezing|move: Taunt\n|move|p1b: Slaking|High Horsepower|p2a: Iron Hands\n|-supereffective|p2a: Iron Hands\n|-damage|p2a: Iron Hands|18\/100\n|move|p1a: Weezing|Gunk Shot|p2b: Tornadus\n|-damage|p2b: Tornadus|30\/100\n|-status|p2b: Tornadus|psn\n|\n|-damage|p2b: Tornadus|17\/100 psn|[from] psn\n|upkeep\n|turn|2\n|inactive|NooobGuy has 30 seconds left.\n|\n|t:|1700526566\n|move|p2b: Tornadus|Tailwind|p2b: Tornadus\n|-sidestart|p2: NooobGuy|move: Tailwind\n|move|p2a: Iron Hands|Wild Charge|p1b: Slaking\n|-damage|p1b: Slaking|61\/100\n|-damage|p2a: Iron Hands|9\/100|[from] Recoil\n|move|p1b: Slaking|High Horsepower|p2a: Iron Hands\n|-supereffective|p2a: Iron Hands\n|-damage|p2a: Iron Hands|0 fnt\n|faint|p2a: Iron Hands\n|-end|p2a: Iron Hands|Quark Drive|[silent]\n|move|p1a: Weezing|Gunk Shot|p2b: Tornadus\n|-damage|p2b: Tornadus|0 fnt\n|faint|p2b: Tornadus\n|\n|upkeep\n|\n|t:|1700526577\n|switch|p2b: Landorus|Landorus-Therian, L50, M|100\/100\n|switch|p2a: Ogerpon|Ogerpon-Wellspring, L50, F|100\/100\n|turn|3\n|inactive|NooobGuy has 30 seconds left.\n|inactive|NooobGuy has 20 seconds left.\n|inactive|NooobGuy has 15 seconds left.\n|inactive|NooobGuy has 10 seconds left.\n|\n|t:|1700526624\n|-terastallize|p2a: Ogerpon|Water\n|detailschange|p2a: Ogerpon|Ogerpon-Wellspring-Tera, L50, F, tera:Water\n|move|p2b: Landorus|Stomping Tantrum|p1b: Slaking\n|-damage|p1b: Slaking|28\/100\n|move|p2a: Ogerpon|Ivy Cudgel|p1b: Slaking|[anim] Ivy Cudgel Water\n|-damage|p1b: Slaking|0 fnt\n|faint|p1b: Slaking\n|move|p1a: Weezing|Gunk Shot|p2a: Ogerpon\n|-damage|p2a: Ogerpon|41\/100\n|-status|p2a: Ogerpon|psn\n|\n|-damage|p2a: Ogerpon|28\/100 psn|[from] psn\n|-end|p1a: Weezing|move: Taunt\n|upkeep\n|\n|t:|1700526639\n|switch|p1b: Goodra|Goodra-Hisui, L50, M|100\/100\n|turn|4\n|\n|t:|1700526652\n|move|p2a: Ogerpon|Spiky Shield|p2a: Ogerpon\n|-singleturn|p2a: Ogerpon|move: Protect\n|move|p1a: Weezing|Protect|p1a: Weezing\n|-singleturn|p1a: Weezing|Protect\n|move|p2b: Landorus|Stomping Tantrum|p1b: Goodra\n|-supereffective|p1b: Goodra\n|-damage|p1b: Goodra|42\/100\n|-damage|p2b: Landorus|84\/100|[from] item: Rocky Helmet|[of] p1b: Goodra\n|move|p1b: Goodra|Ice Spinner|p2b: Landorus\n|-supereffective|p2b: Landorus\n|-damage|p2b: Landorus|0 fnt\n|faint|p2b: Landorus\n|\n|-damage|p2a: Ogerpon|16\/100 psn|[from] psn\n|upkeep\n|turn|5\n|\n|t:|1700526671\n|move|p2a: Ogerpon|Horn Leech|p1b: Goodra\n|-resisted|p1b: Goodra\n|-damage|p1b: Goodra|34\/100\n|-heal|p2a: Ogerpon|20\/100 psn|[from] drain|[of] p1b: Goodra\n|-damage|p2a: Ogerpon|4\/100 psn|[from] item: Rocky Helmet|[of] p1b: Goodra\n|move|p1a: Weezing|Gunk Shot|p2a: Ogerpon\n|-damage|p2a: Ogerpon|0 fnt\n|faint|p2a: Ogerpon\n|\n|win|Belzebuthe\n|raw|Belzebuthe's rating: 1395 &rarr; <strong>1416<\/strong><br \/>(+21 for winning)\n|raw|NooobGuy's rating: 1408 &rarr; <strong>1387<\/strong><br \/>(-21 for losing)\n|c|\u2606NooobGuy|gg\n|l|\u2606NooobGuy\n","uploadtime":1700526681,"views":5,"p1id":"belzebuthe","p2id":"nooobguy","formatid":"gen9vgc2023regulatione","rating":1387,"private":0,"password":""}