{"id":"gen9vgc2023regulatione-1989328001","p1":"THS Mike","p2":"Vengeful potato","format":"[Gen 9] VGC 2023 Regulation E","log":"|j|\u2606THS Mike\n|j|\u2606Vengeful potato\n|t:|1699836873\n|gametype|doubles\n|player|p1|THS Mike|169|1625\n|player|p2|Vengeful potato|swimmer|1668\n|teamsize|p1|6\n|teamsize|p2|6\n|gen|9\n|tier|[Gen 9] VGC 2023 Regulation E\n|rated|\n|rule|Species Clause: Limit one of each Pok\u00e9mon\n|rule|Item Clause: Limit one of each item\n|clearpoke\n|poke|p1|Moltres-Galar, L50|\n|poke|p1|Sinistcha-Masterpiece, L50|\n|poke|p1|Ninetales-Alola, L50, M|\n|poke|p1|Landorus-Therian, L50, M|\n|poke|p1|Iron Hands, L50|\n|poke|p1|Heatran, L50, M|\n|poke|p2|Articuno-Galar, L50|\n|poke|p2|Maushold, L50|\n|poke|p2|Urshifu-*, L50, F|\n|poke|p2|Sinistcha-Masterpiece, L50|\n|poke|p2|Heatran, L50, F|\n|poke|p2|Regidrago, L50|\n|teampreview|4\n|\n|t:|1699836898\n|start\n|switch|p1a: Heatran|Heatran, L50, M|100\/100\n|switch|p1b: Iron Hands|Iron Hands, L50|100\/100\n|switch|p2a: The Rizzler\ud83d\ude31\ud83d\udcaf\ud83d\udde3\ufe0f|Articuno-Galar, L50, shiny|100\/100\n|switch|p2b: Despereaux|Maushold, L50, shiny|100\/100\n|turn|1\n|\n|t:|1699836920\n|move|p2b: Despereaux|Super Fang|p1a: Heatran\n|-damage|p1a: Heatran|50\/100\n|move|p2a: The Rizzler\ud83d\ude31\ud83d\udcaf\ud83d\udde3\ufe0f|Freezing Glare|p1b: Iron Hands\n|-supereffective|p1b: Iron Hands\n|-damage|p1b: Iron Hands|55\/100\n|-status|p1b: Iron Hands|frz\n|move|p1a: Heatran|Heat Wave|p2a: The Rizzler\ud83d\ude31\ud83d\udcaf\ud83d\udde3\ufe0f|[spread] p2a,p2b\n|-crit|p2a: The Rizzler\ud83d\ude31\ud83d\udcaf\ud83d\udde3\ufe0f\n|-crit|p2b: Despereaux\n|-damage|p2a: The Rizzler\ud83d\ude31\ud83d\udcaf\ud83d\udde3\ufe0f|64\/100\n|-damage|p2b: Despereaux|38\/100\n|cant|p1b: Iron Hands|frz\n|\n|-heal|p1a: Heatran|57\/100|[from] item: Leftovers\n|upkeep\n|turn|2\n|\n|t:|1699836945\n|-end|p1b: Iron Hands|Quark Drive|[silent]\n|switch|p1b: Sinistcha|Sinistcha-Masterpiece, L50|100\/100\n|-heal|p1a: Heatran|82\/100|[from] ability: Hospitality|[of] p1b: Sinistcha\n|move|p2b: Despereaux|Super Fang|p1a: Heatran\n|-damage|p1a: Heatran|41\/100\n|move|p2a: The Rizzler\ud83d\ude31\ud83d\udcaf\ud83d\udde3\ufe0f|Tailwind|p2a: The Rizzler\ud83d\ude31\ud83d\udcaf\ud83d\udde3\ufe0f\n|-sidestart|p2: Vengeful potato|move: Tailwind\n|move|p1a: Heatran|Heat Wave|p2a: The Rizzler\ud83d\ude31\ud83d\udcaf\ud83d\udde3\ufe0f|[spread] p2a,p2b\n|-damage|p2a: The Rizzler\ud83d\ude31\ud83d\udcaf\ud83d\udde3\ufe0f|41\/100\n|-damage|p2b: Despereaux|1\/100\n|\n|-heal|p1a: Heatran|47\/100|[from] item: Leftovers\n|upkeep\n|turn|3\n|\n|t:|1699836966\n|-terastallize|p1b: Sinistcha|Water\n|move|p1a: Heatran|Protect|p1a: Heatran\n|-singleturn|p1a: Heatran|Protect\n|move|p2b: Despereaux|Taunt|p1a: Heatran\n|-activate|p1a: Heatran|move: Protect\n|move|p2a: The Rizzler\ud83d\ude31\ud83d\udcaf\ud83d\udde3\ufe0f|Air Slash|p1b: Sinistcha\n|-damage|p1b: Sinistcha|62\/100\n|move|p1b: Sinistcha|Trick Room|p1b: Sinistcha\n|-fieldstart|move: Trick Room|[of] p1b: Sinistcha\n|\n|-heal|p1a: Heatran|54\/100|[from] item: Leftovers\n|upkeep\n|turn|4\n|\n|t:|1699836985\n|move|p2b: Despereaux|Protect|p2b: Despereaux\n|-singleturn|p2b: Despereaux|Protect\n|move|p1b: Sinistcha|Matcha Gotcha|p2a: The Rizzler\ud83d\ude31\ud83d\udcaf\ud83d\udde3\ufe0f|[spread] p2a\n|-activate|p2b: Despereaux|move: Protect\n|-resisted|p2a: The Rizzler\ud83d\ude31\ud83d\udcaf\ud83d\udde3\ufe0f\n|-damage|p2a: The Rizzler\ud83d\ude31\ud83d\udcaf\ud83d\udde3\ufe0f|31\/100\n|-heal|p1b: Sinistcha|67\/100|[from] drain|[of] p2a: The Rizzler\ud83d\ude31\ud83d\udcaf\ud83d\udde3\ufe0f\n|move|p1a: Heatran|Heat Wave|p2b: Despereaux|[spread] p2a\n|-activate|p2b: Despereaux|move: Protect\n|-damage|p2a: The Rizzler\ud83d\ude31\ud83d\udcaf\ud83d\udde3\ufe0f|9\/100\n|move|p2a: The Rizzler\ud83d\ude31\ud83d\udcaf\ud83d\udde3\ufe0f|Trick Room|p2a: The Rizzler\ud83d\ude31\ud83d\udcaf\ud83d\udde3\ufe0f\n|-fieldend|move: Trick Room\n|\n|-heal|p1a: Heatran|60\/100|[from] item: Leftovers\n|upkeep\n|turn|5\n|\n|t:|1699837005\n|move|p1b: Sinistcha|Rage Powder|p1b: Sinistcha\n|-singleturn|p1b: Sinistcha|move: Rage Powder\n|move|p2b: Despereaux|Taunt|p1b: Sinistcha\n|-start|p1b: Sinistcha|move: Taunt\n|move|p2a: The Rizzler\ud83d\ude31\ud83d\udcaf\ud83d\udde3\ufe0f|Freezing Glare|p1b: Sinistcha\n|-damage|p1b: Sinistcha|20\/100\n|move|p1a: Heatran|Heat Wave|p2b: Despereaux|[spread] p2a\n|-miss|p1a: Heatran|p2b: Despereaux\n|-damage|p2a: The Rizzler\ud83d\ude31\ud83d\udcaf\ud83d\udde3\ufe0f|0 fnt\n|faint|p2a: The Rizzler\ud83d\ude31\ud83d\udcaf\ud83d\udde3\ufe0f\n|\n|-heal|p1a: Heatran|66\/100|[from] item: Leftovers\n|-sideend|p2: Vengeful potato|move: Tailwind\n|upkeep\n|\n|t:|1699837025\n|switch|p2a: C418 - Wet Hands|Urshifu-Rapid-Strike, L50, F|100\/100\n|turn|6\n|\n|t:|1699837035\n|switch|p1b: Iron Hands|Iron Hands, L50|55\/100 frz\n|move|p2b: Despereaux|Taunt|p1a: Heatran\n|-start|p1a: Heatran|move: Taunt\n|move|p2a: C418 - Wet Hands|Surging Strikes|p1b: Iron Hands\n|-crit|p1b: Iron Hands\n|-damage|p1b: Iron Hands|37\/100 frz\n|-crit|p1b: Iron Hands\n|-damage|p1b: Iron Hands|18\/100 frz\n|-crit|p1b: Iron Hands\n|-damage|p1b: Iron Hands|0 fnt\n|faint|p1b: Iron Hands\n|-end|p1b: Iron Hands|Quark Drive|[silent]\n|-hitcount|p1: Iron Hands|3\n|move|p1a: Heatran|Heat Wave|p2a: C418 - Wet Hands|[spread] p2a,p2b\n|-resisted|p2a: C418 - Wet Hands\n|-damage|p2a: C418 - Wet Hands|84\/100\n|-damage|p2b: Despereaux|0 fnt\n|faint|p2b: Despereaux\n|\n|-heal|p1a: Heatran|72\/100|[from] item: Leftovers\n|upkeep\n|\n|t:|1699837048\n|switch|p2b: THE DRAGON BALL\ud83e\udd76|Regidrago, L50, shiny|100\/100\n|switch|p1b: Sinistcha|Sinistcha-Masterpiece, L50, tera:Water|20\/100\n|-heal|p1a: Heatran|97\/100|[from] ability: Hospitality|[of] p1b: Sinistcha\n|turn|7\n|\n|t:|1699837072\n|move|p2a: C418 - Wet Hands|Surging Strikes|p1b: Sinistcha\n|-resisted|p1b: Sinistcha\n|-crit|p1b: Sinistcha\n|-damage|p1b: Sinistcha|8\/100\n|-damage|p2a: C418 - Wet Hands|67\/100|[from] item: Rocky Helmet|[of] p1b: Sinistcha\n|-resisted|p1b: Sinistcha\n|-crit|p1b: Sinistcha\n|-damage|p1b: Sinistcha|0 fnt\n|-damage|p2a: C418 - Wet Hands|51\/100|[from] item: Rocky Helmet|[of] p1b: Sinistcha\n|faint|p1b: Sinistcha\n|-hitcount|p1: Sinistcha|2\n|move|p1a: Heatran|Heat Wave|p2a: C418 - Wet Hands|[spread] p2a,p2b\n|-resisted|p2a: C418 - Wet Hands\n|-resisted|p2b: THE DRAGON BALL\ud83e\udd76\n|-damage|p2a: C418 - Wet Hands|29\/100\n|-damage|p2b: THE DRAGON BALL\ud83e\udd76|84\/100\n|move|p2b: THE DRAGON BALL\ud83e\udd76|Earth Power|p1a: Heatran\n|-supereffective|p1a: Heatran\n|-damage|p1a: Heatran|0 fnt\n|faint|p1a: Heatran\n|\n|upkeep\n|-message|THS Mike forfeited.\n|\n|win|Vengeful potato\n|raw|THS Mike's rating: 1625 &rarr; <strong>1607<\/strong><br \/>(-18 for losing)\n|raw|Vengeful potato's rating: 1668 &rarr; <strong>1686<\/strong><br \/>(+18 for winning)\n|l|\u2606THS Mike\n","uploadtime":1699837096,"views":11,"p1id":"thsmike","p2id":"vengefulpotato","formatid":"gen9vgc2023regulatione","rating":1607,"private":0,"password":""}