{"id":"gen9vgc2023regulatione-1997854913","p1":"Lithoriorm","p2":"PieRatVGC","format":"[Gen 9] VGC 2023 Regulation E","log":"|j|\u2606Lithoriorm\n|j|\u2606PieRatVGC\n|t:|1700860114\n|gametype|doubles\n|player|p1|Lithoriorm|101|1272\n|player|p2|PieRatVGC|2|1197\n|teamsize|p1|6\n|teamsize|p2|6\n|gen|9\n|tier|[Gen 9] VGC 2023 Regulation E\n|rated|\n|rule|Species Clause: Limit one of each Pok\u00e9mon\n|rule|Item Clause: Limit one of each item\n|clearpoke\n|poke|p1|Chi-Yu, L50|\n|poke|p1|Flutter Mane, L50|\n|poke|p1|Iron Hands, L50|\n|poke|p1|Tornadus, L50, M|\n|poke|p1|Arcanine-Hisui, L50, F|\n|poke|p1|Ogerpon-Wellspring, L50, F|\n|poke|p2|Ursaluna-Bloodmoon, L50, M|\n|poke|p2|Urshifu-*, L50, M|\n|poke|p2|Chien-Pao, L50|\n|poke|p2|Iron Hands, L50|\n|poke|p2|Farigiraf, L50, F|\n|poke|p2|Meowscarada, L50, M|\n|teampreview|4\n|inactive|Battle timer is ON: inactive players will automatically lose when time's up. (requested by Lithoriorm)\nLithoriorm has agreed to open team sheets.\n|c|\u2606Lithoriorm|glhf\n|c|\u2606PieRatVGC|u2\n|inactive|Lithoriorm has 60 seconds left.\n|inactive|PieRatVGC has 60 seconds left.\n|\n|t:|1700860159\n|start\n|switch|p1a: Flutter Mane|Flutter Mane, L50, shiny|100\/100\n|switch|p1b: Chi-Yu|Chi-Yu, L50|100\/100\n|switch|p2a: Meowscarada|Meowscarada, L50, M|100\/100\n|switch|p2b: Titan|Farigiraf, L50, F|100\/100\n|-ability|p1b: Chi-Yu|Beads of Ruin\n|-enditem|p1a: Flutter Mane|Booster Energy\n|-activate|p1a: Flutter Mane|ability: Protosynthesis|[fromitem]\n|-start|p1a: Flutter Mane|protosynthesisspe\n|turn|1\n|inactive|PieRatVGC has 30 seconds left.\n|\n|t:|1700860184\n|-terastallize|p1a: Flutter Mane|Fairy\n|move|p2a: Meowscarada|Sucker Punch|p1a: Flutter Mane\n|-resisted|p1a: Flutter Mane\n|-damage|p1a: Flutter Mane|62\/100\n|move|p1a: Flutter Mane|Moonblast|p2b: Titan\n|-damage|p2b: Titan|30\/100\n|-unboost|p2b: Titan|spa|1\n|-enditem|p2b: Titan|Sitrus Berry|[eat]\n|-heal|p2b: Titan|55\/100|[from] item: Sitrus Berry\n|move|p1b: Chi-Yu|Dark Pulse|p2b: Titan\n|-supereffective|p2b: Titan\n|-damage|p2b: Titan|0 fnt\n|faint|p2b: Titan\n|\n|upkeep\n|\n|t:|1700860198\n|switch|p2b: The Classic|Iron Hands, L50|100\/100\n|turn|2\n|\n|t:|1700860220\n|switch|p2a: RAOOOOOO|Chien-Pao, L50|100\/100\n|-ability|p2a: RAOOOOOO|Sword of Ruin\n|move|p1a: Flutter Mane|Protect|p1a: Flutter Mane\n|-singleturn|p1a: Flutter Mane|Protect\n|move|p1b: Chi-Yu|Protect|p1b: Chi-Yu\n|-singleturn|p1b: Chi-Yu|Protect\n|move|p2b: The Classic|Drain Punch|p1b: Chi-Yu\n|-activate|p1b: Chi-Yu|move: Protect\n|\n|upkeep\n|turn|3\n|\n|t:|1700860242\n|-terastallize|p2a: RAOOOOOO|Dark\n|move|p2a: RAOOOOOO|Sucker Punch|p1a: Flutter Mane\n|-resisted|p1a: Flutter Mane\n|-damage|p1a: Flutter Mane|0 fnt\n|faint|p1a: Flutter Mane\n|-end|p1a: Flutter Mane|Protosynthesis|[silent]\n|-damage|p2a: RAOOOOOO|91\/100|[from] item: Life Orb\n|move|p1b: Chi-Yu|Heat Wave|p2a: RAOOOOOO|[spread] p2a,p2b\n|-damage|p2a: RAOOOOOO|3\/100\n|-damage|p2b: The Classic|75\/100\n|move|p2b: The Classic|Drain Punch|p1b: Chi-Yu\n|-supereffective|p1b: Chi-Yu\n|-enditem|p1b: Chi-Yu|Focus Sash\n|-damage|p1b: Chi-Yu|1\/100\n|-heal|p2b: The Classic|100\/100|[from] drain|[of] p1b: Chi-Yu\n|\n|upkeep\n|\n|t:|1700860248\n|switch|p1a: Iron Hands|Iron Hands, L50, shiny|100\/100\n|turn|4\n|\n|t:|1700860267\n|move|p2a: RAOOOOOO|Protect|p2a: RAOOOOOO\n|-singleturn|p2a: RAOOOOOO|Protect\n|move|p1a: Iron Hands|Fake Out|p2a: RAOOOOOO\n|-activate|p2a: RAOOOOOO|move: Protect\n|move|p1b: Chi-Yu|Psychic|p2b: The Classic\n|-supereffective|p2b: The Classic\n|-damage|p2b: The Classic|54\/100\n|move|p2b: The Classic|Drain Punch|p1a: Iron Hands\n|-damage|p1a: Iron Hands|65\/100\n|-heal|p2b: The Classic|71\/100|[from] drain|[of] p1a: Iron Hands\n|\n|upkeep\n|turn|5\n|inactive|PieRatVGC has 30 seconds left.\n|\n|t:|1700860295\n|switch|p1b: Ogerpon|Ogerpon-Wellspring, L50, F|100\/100\n|move|p2a: RAOOOOOO|Icicle Crash|p1a: Iron Hands\n|-damage|p1a: Iron Hands|9\/100\n|-damage|p2a: RAOOOOOO|0 fnt|[from] item: Life Orb\n|faint|p2a: RAOOOOOO\n|move|p1a: Iron Hands|Drain Punch|p2b: The Classic\n|-damage|p2b: The Classic|43\/100\n|-heal|p1a: Iron Hands|23\/100|[from] drain|[of] p2b: The Classic\n|move|p2b: The Classic|Drain Punch|p1a: Iron Hands\n|-damage|p1a: Iron Hands|0 fnt\n|-heal|p2b: The Classic|54\/100|[from] drain|[of] p1a: Iron Hands\n|faint|p1a: Iron Hands\n|-end|p1a: Iron Hands|Quark Drive|[silent]\n|\n|upkeep\n|\n|t:|1700860312\n|switch|p2a: Meowscarada|Meowscarada, L50, M|100\/100\n|switch|p1a: Chi-Yu|Chi-Yu, L50|1\/100\n|-ability|p1a: Chi-Yu|Beads of Ruin\n|turn|6\n|\n|t:|1700860328\n|move|p1a: Chi-Yu|Protect|p1a: Chi-Yu\n|-singleturn|p1a: Chi-Yu|Protect\n|move|p1b: Ogerpon|Spiky Shield|p1b: Ogerpon\n|-singleturn|p1b: Ogerpon|move: Protect\n|move|p2a: Meowscarada|Flower Trick|p1b: Ogerpon\n|-activate|p1b: Ogerpon|move: Protect\n|move|p2b: The Classic|Drain Punch|p1a: Chi-Yu\n|-activate|p1a: Chi-Yu|move: Protect\n|\n|upkeep\n|turn|7\n|\n|t:|1700860343\n|move|p2a: Meowscarada|Flower Trick|p1b: Ogerpon\n|-crit|p1b: Ogerpon\n|-damage|p1b: Ogerpon|28\/100\n|move|p1a: Chi-Yu|Heat Wave|p2b: The Classic|[spread] p2a,p2b\n|-supereffective|p2a: Meowscarada\n|-damage|p2a: Meowscarada|0 fnt\n|-damage|p2b: The Classic|28\/100\n|faint|p2a: Meowscarada\n|move|p1b: Ogerpon|Ivy Cudgel|p2b: The Classic|[anim] Ivy Cudgel Water\n|-damage|p2b: The Classic|0 fnt\n|faint|p2b: The Classic\n|-end|p2b: The Classic|Quark Drive|[silent]\n|\n|win|Lithoriorm\n|raw|Lithoriorm's rating: 1272 &rarr; <strong>1292<\/strong><br \/>(+20 for winning)\n|raw|PieRatVGC's rating: 1197 &rarr; <strong>1177<\/strong><br \/>(-20 for losing)\n|c|\u2606Lithoriorm|gg\n","uploadtime":1700860355,"views":5,"p1id":"lithoriorm","p2id":"pieratvgc","formatid":"gen9vgc2023regulatione","rating":1177,"private":0,"password":""}