{"id":"gen9vgc2023regulatione-2000340342","p1":"Joull","p2":"ezekial37","format":"[Gen 9] VGC 2023 Regulation E","log":"|j|\u2606Joull\n|j|\u2606ezekial37\n|t:|1701186450\n|gametype|doubles\n|player|p1|Joull|psychic-gen2|1189\n|player|p2|ezekial37|1|1238\n|teamsize|p1|6\n|teamsize|p2|6\n|gen|9\n|tier|[Gen 9] VGC 2023 Regulation E\n|rated|\n|rule|Species Clause: Limit one of each Pok\u00e9mon\n|rule|Item Clause: Limit one of each item\n|clearpoke\n|poke|p1|Arcanine-Hisui, L50, M|\n|poke|p1|Rillaboom, L50, M|\n|poke|p1|Flutter Mane, L50|\n|poke|p1|Urshifu-*, L50, M|\n|poke|p1|Grimmsnarl, L50, M|\n|poke|p1|Chien-Pao, L50|\n|poke|p2|Infernape, L50, M|\n|poke|p2|Gyarados, L50, F|\n|poke|p2|Garchomp, L50, M|\n|poke|p2|Ninetales-Alola, L50, M|\n|poke|p2|Ogerpon-Hearthflame, L50, F|\n|poke|p2|Magneton, L50|\n|teampreview|4\nJoull rejected open team sheets.\n|inactive|Battle timer is ON: inactive players will automatically lose when time's up. (requested by Joull)\n|\n|t:|1701186517\n|start\n|switch|p1a: Arcanine|Arcanine-Hisui, L50, M|100\/100\n|switch|p1b: Grimmsnarl|Grimmsnarl, L50, M, shiny|100\/100\n|switch|p2a: Infernape|Infernape, L50, M, shiny|100\/100\n|switch|p2b: Ogerpon|Ogerpon-Hearthflame, L50, F|100\/100\n|-ability|p2b: Ogerpon|Mold Breaker\n|-ability|p1a: Arcanine|Intimidate|boost\n|-unboost|p2a: Infernape|atk|1\n|-unboost|p2b: Ogerpon|atk|1\n|turn|1\n|\n|t:|1701186538\n|move|p2a: Infernape|Fake Out|p1a: Arcanine\n|-resisted|p1a: Arcanine\n|-damage|p1a: Arcanine|95\/100\n|move|p1b: Grimmsnarl|Reflect|p1b: Grimmsnarl\n|-sidestart|p1: Joull|Reflect\n|move|p2b: Ogerpon|Swords Dance|p2b: Ogerpon\n|-boost|p2b: Ogerpon|atk|2\n|cant|p1a: Arcanine|flinch\n|\n|upkeep\n|turn|2\n|inactive|ezekial37 has 30 seconds left.\n|inactive|ezekial37 has 20 seconds left.\n|\n|t:|1701186577\n|move|p1b: Grimmsnarl|Thunder Wave|p2a: Infernape|[miss]\n|-miss|p1b: Grimmsnarl|p2a: Infernape\n|move|p2b: Ogerpon|Knock Off|p1a: Arcanine\n|-damage|p1a: Arcanine|56\/100\n|-enditem|p1a: Arcanine|Sitrus Berry|[from] move: Knock Off|[of] p2b: Ogerpon\n|move|p2a: Infernape|Drain Punch|p1a: Arcanine\n|-supereffective|p1a: Arcanine\n|-damage|p1a: Arcanine|11\/100\n|move|p1a: Arcanine|Rock Slide|p2b: Ogerpon|[spread] p2a,p2b\n|-crit|p2a: Infernape\n|-supereffective|p2b: Ogerpon\n|-damage|p2a: Infernape|29\/100\n|-damage|p2b: Ogerpon|37\/100\n|\n|upkeep\n|turn|3\n|inactive|Joull has 30 seconds left.\n|inactive|ezekial37 has 30 seconds left.\n|inactive|Joull has 20 seconds left.\n|\n|t:|1701186616\n|move|p1a: Arcanine|Extreme Speed|p2a: Infernape\n|-damage|p2a: Infernape|0 fnt\n|faint|p2a: Infernape\n|move|p1b: Grimmsnarl|Thunder Wave|p2b: Ogerpon\n|-status|p2b: Ogerpon|par\n|move|p2b: Ogerpon|Ivy Cudgel|p1b: Grimmsnarl|[anim] Ivy Cudgel Fire\n|-crit|p1b: Grimmsnarl\n|-damage|p1b: Grimmsnarl|0 fnt\n|faint|p1b: Grimmsnarl\n|\n|upkeep\n|\n|t:|1701186631\n|switch|p2a: Gyarados|Gyarados, L50, F|100\/100\n|switch|p1b: Urshifu|Urshifu-Rapid-Strike, L50, M|100\/100\n|-ability|p2a: Gyarados|Intimidate|boost\n|-unboost|p1a: Arcanine|atk|1\n|-unboost|p1b: Urshifu|atk|1\n|turn|4\n|inactive|ezekial37 has 30 seconds left.\n|\n|t:|1701186658\n|switch|p1b: Chien-Pao|Chien-Pao, L50|100\/100\n|-ability|p1b: Chien-Pao|Sword of Ruin\n|switch|p2b: Garchomp|Garchomp, L50, M, shiny|100\/100\n|move|p2a: Gyarados|Waterfall|p1a: Arcanine\n|-supereffective|p1a: Arcanine\n|-damage|p1a: Arcanine|0 fnt\n|faint|p1a: Arcanine\n|\n|upkeep\n|\n|t:|1701186669\n|switch|p1a: Urshifu|Urshifu-Rapid-Strike, L50, M|100\/100\n|turn|5\n|\n|t:|1701186691\n|switch|p2b: Ogerpon|Ogerpon-Hearthflame, L50, F|37\/100 par\n|-ability|p2b: Ogerpon|Mold Breaker\n|-terastallize|p1a: Urshifu|Water\n|move|p1b: Chien-Pao|Icy Wind|p2b: Ogerpon|[spread] p2a,p2b\n|-damage|p2a: Gyarados|90\/100\n|-damage|p2b: Ogerpon|24\/100 par\n|-unboost|p2a: Gyarados|spe|1\n|-unboost|p2b: Ogerpon|spe|1\n|move|p1a: Urshifu|Surging Strikes|p2a: Gyarados\n|-resisted|p2a: Gyarados\n|-crit|p2a: Gyarados\n|-damage|p2a: Gyarados|64\/100\n|-damage|p1a: Urshifu|84\/100|[from] item: Rocky Helmet|[of] p2a: Gyarados\n|-resisted|p2a: Gyarados\n|-crit|p2a: Gyarados\n|-damage|p2a: Gyarados|39\/100\n|-damage|p1a: Urshifu|67\/100|[from] item: Rocky Helmet|[of] p2a: Gyarados\n|-resisted|p2a: Gyarados\n|-crit|p2a: Gyarados\n|-damage|p2a: Gyarados|14\/100\n|-damage|p1a: Urshifu|51\/100|[from] item: Rocky Helmet|[of] p2a: Gyarados\n|-hitcount|p2a: Gyarados|3\n|move|p2a: Gyarados|Scary Face|p1a: Urshifu\n|-unboost|p1a: Urshifu|spe|2\n|\n|-sideend|p1: Joull|Reflect\n|upkeep\n|turn|6\n|inactive|Joull has 30 seconds left.\n|inactive|ezekial37 has 30 seconds left.\n|inactive|ezekial37 has 20 seconds left.\n|inactive|ezekial37 has 15 seconds left.\n|inactive|ezekial37 has 10 seconds left.\n|inactive|ezekial37 has 5 seconds left.\n|\n|t:|1701186745\n|move|p1a: Urshifu|Aqua Jet|p2b: Ogerpon\n|-damage|p2b: Ogerpon|0 fnt\n|faint|p2b: Ogerpon\n|move|p1b: Chien-Pao|Icicle Crash|p2a: Gyarados\n|-damage|p2a: Gyarados|0 fnt\n|faint|p2a: Gyarados\n|\n|upkeep\n|\n|t:|1701186762\n|switch|p2b: Garchomp|Garchomp, L50, M, shiny|100\/100\n|turn|7\n|\n|t:|1701186772\n|-terastallize|p2b: Garchomp|Ground\n|move|p1a: Urshifu|Protect|p1a: Urshifu\n|-singleturn|p1a: Urshifu|Protect\n|move|p1b: Chien-Pao|Icy Wind|p2b: Garchomp\n|-supereffective|p2b: Garchomp\n|-damage|p2b: Garchomp|66\/100\n|-unboost|p2b: Garchomp|spe|1\n|move|p2b: Garchomp|Earthquake|p1a: Urshifu|[spread] p1b\n|-activate|p1a: Urshifu|move: Protect\n|-damage|p1b: Chien-Pao|6\/100\n|\n|upkeep\n|turn|8\n|\n|t:|1701186789\n|move|p1b: Chien-Pao|Icicle Crash|p2b: Garchomp\n|-supereffective|p2b: Garchomp\n|-damage|p2b: Garchomp|0 fnt\n|faint|p2b: Garchomp\n|\n|win|Joull\n|raw|Joull's rating: 1189 &rarr; <strong>1216<\/strong><br \/>(+27 for winning)\n|raw|ezekial37's rating: 1219 &rarr; <strong>1192<\/strong><br \/>(-27 for losing)\n","uploadtime":1701186796,"views":8,"p1id":"joull","p2id":"ezekial37","formatid":"gen9vgc2023regulatione","rating":1192,"private":0,"password":""}