{"id":"gen9vgc2023regulatione-1989178196","p1":"Hannibal89","p2":"averagerandbats","format":"[Gen 9] VGC 2023 Regulation E","log":"|j|\u2606Hannibal89\n|j|\u2606averagerandbats\n|t:|1699820464\n|gametype|doubles\n|player|p1|Hannibal89|marlon|1110\n|player|p2|averagerandbats|janitor|1120\n|teamsize|p1|6\n|teamsize|p2|6\n|gen|9\n|tier|[Gen 9] VGC 2023 Regulation E\n|rated|\n|rule|Species Clause: Limit one of each Pok\u00e9mon\n|rule|Item Clause: Limit one of each item\n|clearpoke\n|poke|p1|Urshifu-*, L50, F|\n|poke|p1|Ogerpon-Wellspring, L50, F|\n|poke|p1|Iron Bundle, L50|\n|poke|p1|Basculegion, L50, M|\n|poke|p1|Samurott-Hisui, L50, F|\n|poke|p1|Azumarill, L50, F|\n|poke|p2|Ogerpon-Wellspring, L50, F|\n|poke|p2|Arcanine-Hisui, L50, M|\n|poke|p2|Zapdos, L50|\n|poke|p2|Gholdengo, L50|\n|poke|p2|Urshifu-*, L50, M|\n|poke|p2|Rillaboom, L50, F|\n|teampreview|4\nHannibal89 rejected open team sheets.\n|\n|t:|1699820501\n|start\n|switch|p1a: Iron Bundle|Iron Bundle, L50|100\/100\n|switch|p1b: Urshifu|Urshifu-Rapid-Strike, L50, F|100\/100\n|switch|p2a: Arcanine|Arcanine-Hisui, L50, M|100\/100\n|switch|p2b: Urshifu|Urshifu-Rapid-Strike, L50, M|100\/100\n|-ability|p2a: Arcanine|Intimidate|boost\n|-unboost|p1a: Iron Bundle|atk|1\n|-unboost|p1b: Urshifu|atk|1\n|-enditem|p1a: Iron Bundle|Booster Energy\n|-activate|p1a: Iron Bundle|ability: Quark Drive|[fromitem]\n|-start|p1a: Iron Bundle|quarkdrivespe\n|turn|1\n|\n|t:|1699820519\n|switch|p2b: Rillaboom|Rillaboom, L50, F|100\/100\n|-fieldstart|move: Grassy Terrain|[from] ability: Grassy Surge|[of] p2b: Rillaboom\n|-terastallize|p2a: Arcanine|Fairy\n|move|p1a: Iron Bundle|Freeze-Dry|p2b: Rillaboom\n|-supereffective|p2b: Rillaboom\n|-damage|p2b: Rillaboom|50\/100\n|move|p1b: Urshifu|Surging Strikes|p2a: Arcanine\n|-crit|p2a: Arcanine\n|-damage|p2a: Arcanine|68\/100\n|-crit|p2a: Arcanine\n|-damage|p2a: Arcanine|37\/100\n|-crit|p2a: Arcanine\n|-damage|p2a: Arcanine|6\/100\n|-hitcount|p2a: Arcanine|3\n|move|p2a: Arcanine|Rock Slide|p1a: Iron Bundle|[spread] p1a,p1b\n|-supereffective|p1a: Iron Bundle\n|-resisted|p1b: Urshifu\n|-damage|p1a: Iron Bundle|0 fnt\n|-damage|p1b: Urshifu|80\/100\n|faint|p1a: Iron Bundle\n|-end|p1a: Iron Bundle|Quark Drive|[silent]\n|\n|-heal|p1b: Urshifu|86\/100|[from] Grassy Terrain\n|-heal|p2a: Arcanine|12\/100|[from] Grassy Terrain\n|-heal|p2b: Rillaboom|56\/100|[from] Grassy Terrain\n|upkeep\n|\n|t:|1699820542\n|switch|p1a: Samurott|Samurott-Hisui, L50, F|100\/100\n|turn|2\n|\n|t:|1699820559\n|switch|p2a: Zapdos|Zapdos, L50|100\/100\n|move|p1a: Samurott|Sucker Punch|p2b: Rillaboom\n|-damage|p2b: Rillaboom|29\/100\n|move|p2b: Rillaboom|Grassy Glide|p1a: Samurott\n|-supereffective|p1a: Samurott\n|-damage|p1a: Samurott|10\/100\n|move|p1b: Urshifu|Surging Strikes|p2a: Zapdos\n|-crit|p2a: Zapdos\n|-damage|p2a: Zapdos|79\/100\n|-damage|p1b: Urshifu|69\/100|[from] item: Rocky Helmet|[of] p2a: Zapdos\n|-status|p1b: Urshifu|par|[from] ability: Static|[of] p2a: Zapdos\n|-crit|p2a: Zapdos\n|-damage|p2a: Zapdos|57\/100\n|-damage|p1b: Urshifu|52\/100 par|[from] item: Rocky Helmet|[of] p2a: Zapdos\n|-crit|p2a: Zapdos\n|-damage|p2a: Zapdos|34\/100\n|-damage|p1b: Urshifu|36\/100 par|[from] item: Rocky Helmet|[of] p2a: Zapdos\n|-hitcount|p2a: Zapdos|3\n|\n|-heal|p1a: Samurott|16\/100|[from] Grassy Terrain\n|-heal|p2b: Rillaboom|34\/100|[from] Grassy Terrain\n|-heal|p1b: Urshifu|42\/100 par|[from] Grassy Terrain\n|upkeep\n|turn|3\n|\n|t:|1699820587\n|switch|p2b: Urshifu|Urshifu-Rapid-Strike, L50, M|100\/100\n|move|p1a: Samurott|Sucker Punch||[still]\n|-fail|p1a: Samurott\n|move|p2a: Zapdos|Tailwind|p2a: Zapdos\n|-sidestart|p2: averagerandbats|move: Tailwind\n|move|p1b: Urshifu|Surging Strikes|p2a: Zapdos\n|-crit|p2a: Zapdos\n|-damage|p2a: Zapdos|12\/100\n|-damage|p1b: Urshifu|25\/100 par|[from] item: Rocky Helmet|[of] p2a: Zapdos\n|-crit|p2a: Zapdos\n|-damage|p2a: Zapdos|0 fnt\n|-damage|p1b: Urshifu|8\/100 par|[from] item: Rocky Helmet|[of] p2a: Zapdos\n|faint|p2a: Zapdos\n|-hitcount|p2: Zapdos|2\n|\n|-heal|p1a: Samurott|22\/100|[from] Grassy Terrain\n|-heal|p1b: Urshifu|14\/100 par|[from] Grassy Terrain\n|upkeep\n|\n|t:|1699820606\n|switch|p2a: Rillaboom|Rillaboom, L50, F|34\/100\n|turn|4\n|\n|t:|1699820615\n|move|p2a: Rillaboom|Fake Out|p1a: Samurott\n|-damage|p1a: Samurott|5\/100\n|cant|p1a: Samurott|flinch\n|move|p2b: Urshifu|U-turn|p1b: Urshifu\n|-resisted|p1b: Urshifu\n|-damage|p1b: Urshifu|1\/100 par\n|\n|t:|1699820621\n|switch|p2b: Arcanine|Arcanine-Hisui, L50, M, tera:Fairy|12\/100|[from] U-turn\n|-ability|p2b: Arcanine|Intimidate|boost\n|-unboost|p1a: Samurott|atk|1\n|-unboost|p1b: Urshifu|atk|1\n|cant|p1b: Urshifu|par\n|\n|-heal|p2b: Arcanine|18\/100|[from] Grassy Terrain\n|-heal|p2a: Rillaboom|40\/100|[from] Grassy Terrain\n|-heal|p1a: Samurott|11\/100|[from] Grassy Terrain\n|-heal|p1b: Urshifu|7\/100 par|[from] Grassy Terrain\n|upkeep\n|turn|5\n|\n|t:|1699820644\n|switch|p2b: Urshifu|Urshifu-Rapid-Strike, L50, M|100\/100\n|move|p2a: Rillaboom|Grassy Glide|p1a: Samurott\n|-supereffective|p1a: Samurott\n|-damage|p1a: Samurott|0 fnt\n|faint|p1a: Samurott\n|move|p1b: Urshifu|Surging Strikes|p2a: Rillaboom\n|-resisted|p2a: Rillaboom\n|-crit|p2a: Rillaboom\n|-damage|p2a: Rillaboom|28\/100\n|-resisted|p2a: Rillaboom\n|-crit|p2a: Rillaboom\n|-damage|p2a: Rillaboom|16\/100\n|-resisted|p2a: Rillaboom\n|-crit|p2a: Rillaboom\n|-damage|p2a: Rillaboom|4\/100\n|-hitcount|p2a: Rillaboom|3\n|\n|-heal|p2a: Rillaboom|10\/100|[from] Grassy Terrain\n|-heal|p1b: Urshifu|12\/100 par|[from] Grassy Terrain\n|-fieldend|move: Grassy Terrain\n|upkeep\n|\n|t:|1699820661\n|switch|p1a: Basculegion|Basculegion, L50, M|100\/100\n|turn|6\n|\n|t:|1699820699\n|switch|p2a: Arcanine|Arcanine-Hisui, L50, M, tera:Fairy|18\/100\n|-ability|p2a: Arcanine|Intimidate|boost\n|-unboost|p1a: Basculegion|atk|1\n|-unboost|p1b: Urshifu|atk|1\n|-terastallize|p1a: Basculegion|Fairy\n|move|p2b: Urshifu|U-turn|p1b: Urshifu\n|-resisted|p1b: Urshifu\n|-damage|p1b: Urshifu|0 fnt\n|faint|p1b: Urshifu\n|\n|t:|1699820708\n|switch|p2b: Rillaboom|Rillaboom, L50, F|10\/100|[from] U-turn\n|-fieldstart|move: Grassy Terrain|[from] ability: Grassy Surge|[of] p2b: Rillaboom\n|move|p1a: Basculegion|Tera Blast|p2b: Rillaboom|[anim] Tera Blast Fairy\n|-damage|p2b: Rillaboom|0 fnt\n|faint|p2b: Rillaboom\n|\n|-heal|p2a: Arcanine|24\/100|[from] Grassy Terrain\n|-sideend|p2: averagerandbats|move: Tailwind\n|upkeep\n|\n|t:|1699820719\n|switch|p2b: Urshifu|Urshifu-Rapid-Strike, L50, M|100\/100\n|turn|7\n|\n|t:|1699820738\n|move|p2b: Urshifu|Surging Strikes|p1a: Basculegion\n|-crit|p1a: Basculegion\n|-damage|p1a: Basculegion|75\/100\n|-crit|p1a: Basculegion\n|-damage|p1a: Basculegion|49\/100\n|-crit|p1a: Basculegion\n|-damage|p1a: Basculegion|24\/100\n|-hitcount|p1a: Basculegion|3\n|move|p1a: Basculegion|Tera Blast|p2a: Arcanine|[anim] Tera Blast Fairy\n|-damage|p2a: Arcanine|0 fnt\n|faint|p2a: Arcanine\n|\n|-heal|p1a: Basculegion|30\/100|[from] Grassy Terrain\n|upkeep\n|turn|8\n|\n|t:|1699820752\n|move|p2b: Urshifu|Surging Strikes|p1a: Basculegion\n|-crit|p1a: Basculegion\n|-damage|p1a: Basculegion|0 fnt\n|faint|p1a: Basculegion\n|-hitcount|p1: Basculegion|1\n|\n|win|averagerandbats\n|raw|Hannibal89's rating: 1110 &rarr; <strong>1086<\/strong><br \/>(-24 for losing)\n|raw|averagerandbats's rating: 1120 &rarr; <strong>1144<\/strong><br \/>(+24 for winning)\n","uploadtime":1699820758,"views":12,"p1id":"hannibal89","p2id":"averagerandbats","formatid":"gen9vgc2023regulatione","rating":1086,"private":0,"password":""}