{"id":"gen9vgc2023regulatione-1991880584","p1":"nomis1","p2":"Gibsteroni\\","format":"[Gen 9] VGC 2023 Regulation E","log":"|j|\u2606nomis1\n|j|\u2606Gibsteroni\\\n|t:|1700132869\n|gametype|doubles\n|player|p1|nomis1|nate|1352\n|player|p2|Gibsteroni\\|265|1300\n|teamsize|p1|6\n|teamsize|p2|6\n|gen|9\n|tier|[Gen 9] VGC 2023 Regulation E\n|rated|\n|rule|Species Clause: Limit one of each Pok\u00e9mon\n|rule|Item Clause: Limit one of each item\n|clearpoke\n|poke|p1|Dondozo, L50, M|\n|poke|p1|Tatsugiri, L50, M|\n|poke|p1|Glimmora, L50, M|\n|poke|p1|Chien-Pao, L50|\n|poke|p1|Ogerpon-Wellspring, L50, F|\n|poke|p1|Roaring Moon, L50|\n|poke|p2|Hawlucha, L50, F|\n|poke|p2|Rillaboom, L50, M|\n|poke|p2|Gastrodon, L50, F|\n|poke|p2|Iron Moth, L50|\n|poke|p2|Raichu, L50, M|\n|poke|p2|Goodra-Hisui, L50, M|\n|teampreview|4\n|inactive|Battle timer is ON: inactive players will automatically lose when time's up. (requested by nomis1)\n|inactive|Gibsteroni\\ has 60 seconds left.\n|inactive|Gibsteroni\\ has 30 seconds left.\n|inactive|Gibsteroni\\ has 20 seconds left.\n|\n|t:|1700132961\n|start\n|switch|p1a: Glimmora|Glimmora, L50, M|100\/100\n|switch|p1b: Chien-Pao|Chien-Pao, L50|100\/100\n|switch|p2a: Raichu|Raichu, L50, M|100\/100\n|switch|p2b: Gastrodon|Gastrodon, L50, F|100\/100\n|-ability|p1b: Chien-Pao|Sword of Ruin\n|turn|1\n|inactive|nomis1 has 30 seconds left.\n|\n|t:|1700132989\n|move|p2a: Raichu|Fake Out|p1b: Chien-Pao\n|-damage|p1b: Chien-Pao|88\/100\n|cant|p1b: Chien-Pao|flinch\n|move|p1a: Glimmora|Earth Power|p2a: Raichu\n|-supereffective|p2a: Raichu\n|-damage|p2a: Raichu|25\/100\n|move|p2b: Gastrodon|Yawn|p1a: Glimmora\n|-start|p1a: Glimmora|move: Yawn|[of] p2b: Gastrodon\n|\n|upkeep\n|turn|2\n|inactive|Gibsteroni\\ has 30 seconds left.\n|inactive|Gibsteroni\\ has 20 seconds left.\n|\n|t:|1700133027\n|switch|p1a: Dondozo|Dondozo, L50, M|100\/100\n|move|p1b: Chien-Pao|Crunch|p2b: Gastrodon\n|-damage|p2b: Gastrodon|43\/100\n|-enditem|p2b: Gastrodon|Sitrus Berry|[eat]\n|-heal|p2b: Gastrodon|67\/100|[from] item: Sitrus Berry\n|-damage|p1b: Chien-Pao|79\/100|[from] item: Life Orb\n|move|p2a: Raichu|Nuzzle|p1b: Chien-Pao\n|-damage|p1b: Chien-Pao|69\/100\n|-status|p1b: Chien-Pao|par\n|move|p2b: Gastrodon|Earth Power|p1b: Chien-Pao\n|-damage|p1b: Chien-Pao|20\/100 par\n|\n|upkeep\n|turn|3\n|\n|t:|1700133051\n|switch|p1b: Tatsugiri|Tatsugiri, L50, M|100\/100\n|-activate|p1b: Tatsugiri|ability: Commander|[of] p1a: Dondozo\n|-boost|p1a: Dondozo|atk|2\n|-boost|p1a: Dondozo|spa|2\n|-boost|p1a: Dondozo|spe|2\n|-boost|p1a: Dondozo|def|2\n|-boost|p1a: Dondozo|spd|2\n|-terastallize|p1a: Dondozo|Dragon\n|move|p2b: Gastrodon|Protect|p2b: Gastrodon\n|-singleturn|p2b: Gastrodon|Protect\n|move|p2a: Raichu|Nuzzle|p1a: Dondozo\n|-resisted|p1a: Dondozo\n|-damage|p1a: Dondozo|99\/100\n|-status|p1a: Dondozo|par\n|move|p1a: Dondozo|Order Up|p2a: Raichu\n|-damage|p2a: Raichu|0 fnt\n|faint|p2a: Raichu\n|-boost|p1a: Dondozo|atk|1\n|\n|-heal|p1a: Dondozo|100\/100 par|[from] item: Leftovers\n|upkeep\n|\n|t:|1700133075\n|switch|p2a: Rillaboom|Rillaboom, L50, M|100\/100\n|-fieldstart|move: Grassy Terrain|[from] ability: Grassy Surge|[of] p2a: Rillaboom\n|turn|4\n|\n|t:|1700133091\n|move|p2a: Rillaboom|Fake Out|p1a: Dondozo\n|-damage|p1a: Dondozo|96\/100 par\n|cant|p1a: Dondozo|flinch\n|move|p2b: Gastrodon|Ice Beam|p1a: Dondozo\n|-supereffective|p1a: Dondozo\n|-damage|p1a: Dondozo|77\/100 par\n|\n|-heal|p1a: Dondozo|83\/100 par|[from] Grassy Terrain\n|-heal|p1a: Dondozo|89\/100 par|[from] item: Leftovers\n|-heal|p2b: Gastrodon|73\/100|[from] Grassy Terrain\n|upkeep\n|turn|5\n|inactive|Gibsteroni\\ has 30 seconds left.\n|\n|t:|1700133118\n|-terastallize|p2b: Gastrodon|Fairy\n|move|p2a: Rillaboom|U-turn|p1a: Dondozo\n|-damage|p1a: Dondozo|82\/100 par\n|\n|t:|1700133122\n|switch|p2a: Hawlucha|Hawlucha, L50, F|100\/100|[from] U-turn\n|-enditem|p2a: Hawlucha|Grassy Seed\n|-boost|p2a: Hawlucha|def|1|[from] item: Grassy Seed\n|move|p1a: Dondozo|Order Up|p2b: Gastrodon\n|-immune|p2b: Gastrodon\n|move|p2b: Gastrodon|Ice Beam|p1a: Dondozo\n|-supereffective|p1a: Dondozo\n|-damage|p1a: Dondozo|61\/100 par\n|\n|-heal|p1a: Dondozo|67\/100 par|[from] Grassy Terrain\n|-heal|p1a: Dondozo|73\/100 par|[from] item: Leftovers\n|-heal|p2b: Gastrodon|79\/100|[from] Grassy Terrain\n|upkeep\n|turn|6\n|\n|t:|1700133144\n|move|p2a: Hawlucha|Protect|p2a: Hawlucha\n|-singleturn|p2a: Hawlucha|Protect\n|cant|p1a: Dondozo|par\n|move|p2b: Gastrodon|Ice Beam|p1a: Dondozo\n|-supereffective|p1a: Dondozo\n|-damage|p1a: Dondozo|55\/100 par\n|\n|-heal|p1a: Dondozo|61\/100 par|[from] Grassy Terrain\n|-heal|p1a: Dondozo|67\/100 par|[from] item: Leftovers\n|-heal|p2b: Gastrodon|85\/100|[from] Grassy Terrain\n|upkeep\n|turn|7\n|\n|t:|1700133159\n|switch|p2a: Rillaboom|Rillaboom, L50, M|100\/100\n|move|p1a: Dondozo|Order Up|p2a: Rillaboom\n|-damage|p2a: Rillaboom|6\/100\n|-boost|p1a: Dondozo|atk|1\n|move|p2b: Gastrodon|Ice Beam|p1a: Dondozo\n|-supereffective|p1a: Dondozo\n|-damage|p1a: Dondozo|45\/100 par\n|\n|-heal|p2a: Rillaboom|12\/100|[from] Grassy Terrain\n|-heal|p1a: Dondozo|50\/100 par|[from] Grassy Terrain\n|-heal|p1a: Dondozo|56\/100 par|[from] item: Leftovers\n|-heal|p2b: Gastrodon|91\/100|[from] Grassy Terrain\n|upkeep\n|turn|8\n|\n|t:|1700133175\n|cant|p1a: Dondozo|par\n|move|p2a: Rillaboom|Fake Out|p1a: Dondozo\n|-damage|p1a: Dondozo|51\/100 par\n|move|p2b: Gastrodon|Ice Beam|p1a: Dondozo\n|-supereffective|p1a: Dondozo\n|-damage|p1a: Dondozo|30\/100 par\n|\n|-heal|p2a: Rillaboom|18\/100|[from] Grassy Terrain\n|-heal|p1a: Dondozo|36\/100 par|[from] Grassy Terrain\n|-heal|p1a: Dondozo|42\/100 par|[from] item: Leftovers\n|-heal|p2b: Gastrodon|97\/100|[from] Grassy Terrain\n|-fieldend|move: Grassy Terrain\n|upkeep\n|turn|9\n|inactive|Gibsteroni\\ has 30 seconds left.\n|\n|t:|1700133206\n|move|p2a: Rillaboom|High Horsepower|p1a: Dondozo\n|-damage|p1a: Dondozo|31\/100 par\n|move|p1a: Dondozo|Order Up|p2a: Rillaboom\n|-damage|p2a: Rillaboom|0 fnt\n|faint|p2a: Rillaboom\n|-boost|p1a: Dondozo|atk|1\n|move|p2b: Gastrodon|Ice Beam|p1a: Dondozo\n|-supereffective|p1a: Dondozo\n|-damage|p1a: Dondozo|9\/100 par\n|\n|-heal|p1a: Dondozo|15\/100 par|[from] item: Leftovers\n|upkeep\n|\n|t:|1700133218\n|switch|p2a: Hawlucha|Hawlucha, L50, F|100\/100\n|turn|10\n|inactive|Gibsteroni\\ has 30 seconds left.\n|inactive|Gibsteroni\\ has 20 seconds left.\n|inactive|Gibsteroni\\ has 15 seconds left.\n|inactive|Gibsteroni\\ has 10 seconds left.\n|l|\u2606Gibsteroni\\\n|inactive|Gibsteroni\\ disconnected and has a minute to reconnect!\n|player|p2|\n|inactive|Gibsteroni\\ has 5 seconds left.\n|-message|Gibsteroni\\ lost due to inactivity.\n|\n|win|nomis1\n|raw|nomis1's rating: 1352 &rarr; <strong>1369<\/strong><br \/>(+17 for winning)\n|raw|Gibsteroni\\'s rating: 1300 &rarr; <strong>1279<\/strong><br \/>(-21 for losing)\n|c|\u2606nomis1|gg\n","uploadtime":1700133282,"views":39,"p1id":"nomis1","p2id":"gibsteroni","formatid":"gen9vgc2023regulatione","rating":1279,"private":0,"password":""}