{"id":"gen9vgc2023regulatione-1990264759","p1":"qz231114","p2":"zbsch","format":"[Gen 9] VGC 2023 Regulation E","log":"|j|\u2606qz231114\n|j|\u2606zbsch\n|t:|1699947231\n|gametype|doubles\n|player|p1|qz231114|102|1243\n|player|p2|zbsch|265|1184\n|teamsize|p1|6\n|teamsize|p2|6\n|gen|9\n|tier|[Gen 9] VGC 2023 Regulation E\n|rated|\n|rule|Species Clause: Limit one of each Pok\u00e9mon\n|rule|Item Clause: Limit one of each item\n|clearpoke\n|poke|p1|Tornadus, L50, M|\n|poke|p1|Volcarona, L50, M|\n|poke|p1|Basculegion, L50, M|\n|poke|p1|Ludicolo, L50, F|\n|poke|p1|Scizor, L50, F|\n|poke|p1|Flutter Mane, L50|\n|poke|p2|Ninetales-Alola, L50, M|\n|poke|p2|Kommo-o, L50, F|\n|poke|p2|Farigiraf, L50, M|\n|poke|p2|Sinistcha, L50|\n|poke|p2|Ursaluna, L50, F|\n|poke|p2|Heatran, L50, M|\n|teampreview|4\nqz231114 rejected open team sheets.\n|inactive|Battle timer is ON: inactive players will automatically lose when time's up. (requested by qz231114)\n|\n|t:|1699947255\n|start\n|switch|p1a: Tornadus|Tornadus, L50, M|100\/100\n|switch|p1b: Basculegion|Basculegion, L50, M|100\/100\n|switch|p2a: Sinistcha|Sinistcha, L50|100\/100\n|switch|p2b: Kommo-o|Kommo-o, L50, F|100\/100\n|turn|1\n|\n|t:|1699947272\n|-terastallize|p2b: Kommo-o|Ghost\n|-terastallize|p1b: Basculegion|Water\n|move|p1a: Tornadus|Rain Dance|p1a: Tornadus\n|-weather|RainDance\n|move|p1b: Basculegion|Wave Crash|p2b: Kommo-o\n|-damage|p2b: Kommo-o|0 fnt\n|faint|p2b: Kommo-o\n|-damage|p1b: Basculegion|75\/100|[from] Recoil\n|move|p2a: Sinistcha|Matcha Gotcha|p1b: Basculegion|[spread] p1a,p1b\n|-resisted|p1a: Tornadus\n|-supereffective|p1b: Basculegion\n|-damage|p1a: Tornadus|88\/100\n|-damage|p1b: Basculegion|17\/100\n|\n|-weather|RainDance|[upkeep]\n|upkeep\n|\n|t:|1699947290\n|switch|p2b: Farigiraf|Farigiraf, L50, M|100\/100\n|turn|2\n|\n|t:|1699947300\n|move|p2a: Sinistcha|Rage Powder|p2a: Sinistcha\n|-singleturn|p2a: Sinistcha|move: Rage Powder\n|move|p1b: Basculegion|Wave Crash|p2a: Sinistcha\n|-resisted|p2a: Sinistcha\n|-damage|p2a: Sinistcha|17\/100\n|-damage|p1b: Basculegion|0 fnt|[from] Recoil\n|faint|p1b: Basculegion\n|move|p1a: Tornadus|Bleakwind Storm|p2a: Sinistcha|[spread] p2a,p2b\n|-supereffective|p2a: Sinistcha\n|-damage|p2a: Sinistcha|0 fnt\n|-damage|p2b: Farigiraf|59\/100\n|faint|p2a: Sinistcha\n|move|p2b: Farigiraf|Trick Room|p2b: Farigiraf\n|-fieldstart|move: Trick Room|[of] p2b: Farigiraf\n|\n|-weather|RainDance|[upkeep]\n|upkeep\n|\n|t:|1699947311\n|switch|p2a: Ursaluna|Ursaluna, L50, F|100\/100\n|switch|p1b: Volcarona|Volcarona, L50, M|100\/100\n|turn|3\n|\n|t:|1699947327\n|move|p2a: Ursaluna|Facade|p1b: Volcarona\n|-damage|p1b: Volcarona|66\/100\n|-damage|p2a: Ursaluna|84\/100|[from] item: Rocky Helmet|[of] p1b: Volcarona\n|-status|p2a: Ursaluna|brn|[from] ability: Flame Body|[of] p1b: Volcarona\n|move|p2b: Farigiraf|Thunderbolt|p1a: Tornadus\n|-supereffective|p1a: Tornadus\n|-damage|p1a: Tornadus|14\/100\n|move|p1b: Volcarona|Giga Drain|p2a: Ursaluna\n|-supereffective|p2a: Ursaluna\n|-damage|p2a: Ursaluna|47\/100 brn\n|-heal|p1b: Volcarona|87\/100|[from] drain|[of] p2a: Ursaluna\n|move|p1a: Tornadus|Bleakwind Storm|p2a: Ursaluna|[spread] p2a,p2b\n|-damage|p2a: Ursaluna|15\/100 brn\n|-damage|p2b: Farigiraf|19\/100\n|-enditem|p2b: Farigiraf|Sitrus Berry|[eat]\n|-heal|p2b: Farigiraf|44\/100|[from] item: Sitrus Berry\n|\n|-weather|RainDance|[upkeep]\n|-damage|p2a: Ursaluna|9\/100 brn|[from] brn\n|upkeep\n|turn|4\n|\n|t:|1699947349\n|move|p2a: Ursaluna|Facade|p1b: Volcarona\n|-damage|p1b: Volcarona|0 fnt\n|-damage|p2a: Ursaluna|0 fnt|[from] item: Rocky Helmet|[of] p1b: Volcarona\n|faint|p1b: Volcarona\n|faint|p2a: Ursaluna\n|move|p2b: Farigiraf|Hyper Voice|p1a: Tornadus\n|-damage|p1a: Tornadus|0 fnt\n|faint|p1a: Tornadus\n|\n|-weather|RainDance|[upkeep]\n|upkeep\n|\n|t:|1699947352\n|switch|p1a: Flutter Mane|Flutter Mane, L50|100\/100\n|turn|5\n|\n|t:|1699947360\n|move|p2b: Farigiraf|Thunderbolt|p1a: Flutter Mane\n|-damage|p1a: Flutter Mane|66\/100\n|move|p1a: Flutter Mane|Moonblast|p2b: Farigiraf\n|-damage|p2b: Farigiraf|0 fnt\n|faint|p2b: Farigiraf\n|\n|win|qz231114\n|raw|qz231114's rating: 1243 &rarr; <strong>1264<\/strong><br \/>(+21 for winning)\n|raw|zbsch's rating: 1184 &rarr; <strong>1163<\/strong><br \/>(-21 for losing)\n","uploadtime":1699947365,"views":16,"p1id":"qz231114","p2id":"zbsch","formatid":"gen9vgc2023regulatione","rating":1163,"private":0,"password":""}