{"id":"gen9vgc2023regulatione-1990046903","p1":"Zombi3Turtlez","p2":"Rexluser","format":"[Gen 9] VGC 2023 Regulation E","log":"|j|\u2606Zombi3Turtlez\n|j|\u2606Rexluser\n|t:|1699918816\n|gametype|doubles\n|player|p1|Zombi3Turtlez|gambler|1103\n|player|p2|Rexluser|2|1116\n|teamsize|p1|6\n|teamsize|p2|6\n|gen|9\n|tier|[Gen 9] VGC 2023 Regulation E\n|rated|\n|rule|Species Clause: Limit one of each Pok\u00e9mon\n|rule|Item Clause: Limit one of each item\n|clearpoke\n|poke|p1|Gothitelle, L50, F|\n|poke|p1|Dondozo, L50, M|\n|poke|p1|Tatsugiri-Droopy, L50, M|\n|poke|p1|Flamigo, L50, M|\n|poke|p1|Iron Hands, L50|\n|poke|p1|Clefairy, L50, F|\n|poke|p2|Enamorus, L50, F|\n|poke|p2|Passimian, L50, M|\n|poke|p2|Dugtrio-Alola, L50, M|\n|poke|p2|Tornadus, L50, M|\n|poke|p2|Farigiraf, L50, M|\n|poke|p2|Rillaboom, L50, F|\n|teampreview|4\n|inactive|Battle timer is ON: inactive players will automatically lose when time's up. (requested by Zombi3Turtlez)\n|\n|t:|1699918834\n|start\n|switch|p1a: Clefairy|Clefairy, L50, F|100\/100\n|switch|p1b: Tatsugiri|Tatsugiri-Droopy, L50, M|100\/100\n|switch|p2a: Enamorus|Enamorus, L50, F|100\/100\n|switch|p2b: Passimian|Passimian, L50, M|100\/100\n|turn|1\n|\n|t:|1699918850\n|move|p1b: Tatsugiri|Protect|p1b: Tatsugiri\n|-singleturn|p1b: Tatsugiri|Protect\n|move|p2b: Passimian|Protect|p2b: Passimian\n|-singleturn|p2b: Passimian|Protect\n|move|p1a: Clefairy|Protect|p1a: Clefairy\n|-singleturn|p1a: Clefairy|Protect\n|move|p2a: Enamorus|Misty Explosion|p1b: Tatsugiri|[spread] \n|-activate|p2b: Passimian|move: Protect\n|-activate|p1a: Clefairy|move: Protect\n|-activate|p1b: Tatsugiri|move: Protect\n|faint|p2a: Enamorus\n|-ability|p2b: Passimian|Contrary|[from] ability: Receiver|[of] p2a: Enamorus\n|\n|-status|p1b: Tatsugiri|tox|[from] item: Toxic Orb\n|upkeep\n|\n|t:|1699918862\n|switch|p2a: Dugtrio|Dugtrio-Alola, L50, M|100\/100\n|turn|2\n|\n|t:|1699918879\n|move|p2a: Dugtrio|Charm|p2b: Passimian\n|-boost|p2b: Passimian|atk|2\n|move|p2b: Passimian|Close Combat|p1b: Tatsugiri\n|-damage|p1b: Tatsugiri|0 fnt\n|-boost|p2b: Passimian|def|1\n|-boost|p2b: Passimian|spd|1\n|faint|p1b: Tatsugiri\n|move|p1a: Clefairy|Life Dew||[still]\n|-fail|p1a: Clefairy|heal\n|\n|upkeep\n|\n|t:|1699918887\n|switch|p1b: Gothitelle|Gothitelle, L50, F|100\/100\n|turn|3\n|\n|t:|1699918904\n|-terastallize|p2b: Passimian|Fire\n|-terastallize|p1b: Gothitelle|Fire\n|move|p2a: Dugtrio|Charm|p2b: Passimian\n|-boost|p2b: Passimian|atk|2\n|move|p2b: Passimian|Close Combat|p1b: Gothitelle\n|-damage|p1b: Gothitelle|0 fnt\n|-boost|p2b: Passimian|def|1\n|-boost|p2b: Passimian|spd|1\n|faint|p1b: Gothitelle\n|move|p1a: Clefairy|Life Dew||[still]\n|-fail|p1a: Clefairy|heal\n|\n|upkeep\n|\n|t:|1699918915\n|switch|p1b: Dondozo|Dondozo, L50, M|100\/100\n|turn|4\n|inactive|Rexluser has 30 seconds left.\n|inactive|Rexluser has 20 seconds left.\n|inactive|Rexluser has 15 seconds left.\n|inactive|Rexluser has 10 seconds left.\n|inactive|Rexluser has 5 seconds left.\n|\n|t:|1699918970\n|move|p1a: Clefairy|Protect|p1a: Clefairy\n|-singleturn|p1a: Clefairy|Protect\n|move|p2a: Dugtrio|Charm|p1b: Dondozo\n|-unboost|p1b: Dondozo|atk|2\n|move|p2b: Passimian|Close Combat|p1a: Clefairy\n|-activate|p1a: Clefairy|move: Protect\n|move|p1b: Dondozo|Liquidation|p2b: Passimian\n|-supereffective|p2b: Passimian\n|-damage|p2b: Passimian|69\/100\n|\n|-heal|p2b: Passimian|76\/100|[from] item: Leftovers\n|upkeep\n|turn|5\n|inactive|Rexluser has 30 seconds left.\n|\n|t:|1699918997\n|move|p1a: Clefairy|Follow Me|p1a: Clefairy\n|-singleturn|p1a: Clefairy|move: Follow Me\n|move|p2a: Dugtrio|Charm|p1a: Clefairy\n|-unboost|p1a: Clefairy|atk|2\n|move|p2b: Passimian|Close Combat|p1a: Clefairy\n|-resisted|p1a: Clefairy\n|-damage|p1a: Clefairy|5\/100\n|-boost|p2b: Passimian|def|1\n|-boost|p2b: Passimian|spd|1\n|move|p1b: Dondozo|Liquidation|p2b: Passimian\n|-supereffective|p2b: Passimian\n|-damage|p2b: Passimian|48\/100\n|\n|-heal|p2b: Passimian|54\/100|[from] item: Leftovers\n|upkeep\n|turn|6\n|\n|t:|1699919012\n|move|p1b: Dondozo|Protect|p1b: Dondozo\n|-singleturn|p1b: Dondozo|Protect\n|move|p1a: Clefairy|Protect|p1a: Clefairy\n|-singleturn|p1a: Clefairy|Protect\n|move|p2a: Dugtrio|Charm|p2b: Passimian\n|-boost|p2b: Passimian|atk|2\n|move|p2b: Passimian|Close Combat|p1b: Dondozo\n|-activate|p1b: Dondozo|move: Protect\n|\n|-heal|p2b: Passimian|60\/100|[from] item: Leftovers\n|upkeep\n|turn|7\n|\n|t:|1699919024\n|switch|p2a: Rillaboom|Rillaboom, L50, F|100\/100\n|-fieldstart|move: Grassy Terrain|[from] ability: Grassy Surge|[of] p2a: Rillaboom\n|move|p2b: Passimian|Close Combat|p1b: Dondozo\n|-damage|p1b: Dondozo|80\/100\n|-boost|p2b: Passimian|def|1\n|-boost|p2b: Passimian|spd|1\n|move|p1a: Clefairy|Life Dew|p1a: Clefairy|[spread] p1a,p1b\n|-heal|p1a: Clefairy|30\/100\n|-heal|p1b: Dondozo|100\/100\n|move|p1b: Dondozo|Liquidation|p2b: Passimian\n|-supereffective|p2b: Passimian\n|-damage|p2b: Passimian|32\/100\n|\n|-heal|p2b: Passimian|38\/100|[from] Grassy Terrain\n|-heal|p2b: Passimian|45\/100|[from] item: Leftovers\n|-heal|p1a: Clefairy|36\/100|[from] Grassy Terrain\n|upkeep\n|turn|8\n|\n|t:|1699919034\n|move|p1a: Clefairy|Follow Me|p1a: Clefairy\n|-singleturn|p1a: Clefairy|move: Follow Me\n|move|p2b: Passimian|Drain Punch|p1a: Clefairy\n|-resisted|p1a: Clefairy\n|-damage|p1a: Clefairy|0 fnt\n|-heal|p2b: Passimian|61\/100|[from] drain|[of] p1a: Clefairy\n|faint|p1a: Clefairy\n|move|p2a: Rillaboom|Drum Beating|p1b: Dondozo\n|-supereffective|p1b: Dondozo\n|-damage|p1b: Dondozo|44\/100\n|-unboost|p1b: Dondozo|spe|1\n|move|p1b: Dondozo|Order Up|p2a: Rillaboom\n|-damage|p2a: Rillaboom|92\/100\n|\n|-heal|p2b: Passimian|67\/100|[from] Grassy Terrain\n|-heal|p2b: Passimian|74\/100|[from] item: Leftovers\n|-heal|p2a: Rillaboom|98\/100|[from] Grassy Terrain\n|-heal|p1b: Dondozo|50\/100|[from] Grassy Terrain\n|upkeep\n|turn|9\n|c|\u2606Zombi3Turtlez|Gg\n|-message|Zombi3Turtlez forfeited.\n|\n|win|Rexluser\n|raw|Zombi3Turtlez's rating: 1103 &rarr; <strong>1079<\/strong><br \/>(-24 for losing)\n|raw|Rexluser's rating: 1116 &rarr; <strong>1140<\/strong><br \/>(+24 for winning)\n|l|\u2606Zombi3Turtlez\n","uploadtime":1699919051,"views":18,"p1id":"zombi3turtlez","p2id":"rexluser","formatid":"gen9vgc2023regulatione","rating":1079,"private":0,"password":""}