{"id":"gen9vgc2023regulatione-1998655018","p1":"gooseiq","p2":"FortreeFlygonmen","format":"[Gen 9] VGC 2023 Regulation E","log":"|j|\u2606gooseiq\n|j|\u2606FortreeFlygonmen\n|n|\u2606gooseiq|gooseiq\n|n|\u2606FortreeFlygonmen|fortreeflygonmen\n|html|View the match progress at <a href=\"\/game-bestof3-gen9vgc2023regulatione-1998647159\">game-bestof3-gen9vgc2023regulatione-1998647159<\/a>\n|t:|1700968232\n|gametype|doubles\n|player|p1|gooseiq|harlequin|\n|player|p2|FortreeFlygonmen|sage|\n|teamsize|p1|6\n|teamsize|p2|6\n|gen|9\n|tier|[Gen 9] VGC 2023 Regulation E\n|rule|Species Clause: Limit one of each Pok\u00e9mon\n|rule|Item Clause: Limit one of each item\n|clearpoke\n|poke|p1|Kilowattrel, L50, M|\n|poke|p1|Chi-Yu, L50|\n|poke|p1|Dachsbun, L50, M|\n|poke|p1|Rillaboom, L50, F|\n|poke|p1|Cryogonal, L50|\n|poke|p1|Iron Treads, L50|\n|poke|p2|Tornadus, L50, M|\n|poke|p2|Iron Hands, L50|\n|poke|p2|Basculegion-F, L50, F|\n|poke|p2|Sinistcha, L50|\n|poke|p2|Bisharp, L50, F|\n|poke|p2|Greedent, L50, M|\n|teampreview|4\n|inactive|Battle timer is ON: inactive players will automatically lose when time's up. (requested by gooseiq)\n|j| pokemon_and_beer\nFortreeFlygonmen has agreed to open team sheets.\n|c|\u2606FortreeFlygonmen|Glhf\n|j| Cmholde2\n|c| pokemon_and_beer|G3! Let's goooo\n|c| pokemon_and_beer|glhf!\n|inactiveoff|Battle timer is now OFF.\n|c|\u2606gooseiq|GL HF\n|\n|t:|1700968294\n|start\n|switch|p1a: Eruption|Chi-Yu, L50|100\/100\n|switch|p1b: Tank|Dachsbun, L50, M, shiny|100\/100\n|switch|p2a: Woody|Greedent, L50, M|100\/100\n|switch|p2b: Kick Puncher|Iron Hands, L50|100\/100\n|-ability|p1a: Eruption|Beads of Ruin\n|turn|1\n|j| downfall18\n|\n|t:|1700968313\n|-terastallize|p1b: Tank|Grass\n|-terastallize|p2a: Woody|Dragon\n|move|p1a: Eruption|Lava Plume|p2a: Woody|[spread] p2a,p2b\n|-ability|p1b: Tank|Well-Baked Body|boost\n|-boost|p1b: Tank|def|2\n|-resisted|p2a: Woody\n|-damage|p2a: Woody|79\/100\n|-damage|p2b: Kick Puncher|60\/100\n|-status|p2a: Woody|brn\n|move|p1b: Tank|Body Press|p2a: Woody\n|-damage|p2a: Woody|45\/100 brn\n|move|p2b: Kick Puncher|Drain Punch|p1a: Eruption\n|-supereffective|p1a: Eruption\n|-damage|p1a: Eruption|0 fnt\n|-heal|p2b: Kick Puncher|94\/100|[from] drain|[of] p1a: Eruption\n|faint|p1a: Eruption\n|move|p2a: Woody|Stuff Cheeks|p2a: Woody\n|-boost|p2a: Woody|def|2\n|-enditem|p2a: Woody|Apicot Berry|[eat]\n|-boost|p2a: Woody|spd|1|[from] item: Apicot Berry\n|-heal|p2a: Woody|78\/100 brn|[from] ability: Cheek Pouch\n|\n|-heal|p2b: Kick Puncher|100\/100|[from] item: Leftovers\n|-damage|p2a: Woody|72\/100 brn|[from] brn\n|upkeep\n|\n|t:|1700968339\n|switch|p1a: IceAge|Cryogonal, L50, shiny|100\/100\n|turn|2\n|\n|t:|1700968354\n|move|p1a: IceAge|Protect|p1a: IceAge\n|-singleturn|p1a: IceAge|Protect\n|move|p1b: Tank|Wish|p1b: Tank\n|move|p2b: Kick Puncher|Swords Dance|p2b: Kick Puncher\n|-boost|p2b: Kick Puncher|atk|2\n|move|p2a: Woody|Body Press|p1a: IceAge\n|-activate|p1a: IceAge|move: Protect\n|\n|-damage|p2a: Woody|66\/100 brn|[from] brn\n|upkeep\n|turn|3\n|\n|t:|1700968375\n|switch|p1b: Rollie|Iron Treads, L50, shiny|100\/100\n|move|p1a: IceAge|Haze|p1a: IceAge\n|-clearallboost\n|move|p2b: Kick Puncher|Swords Dance|p2b: Kick Puncher\n|-boost|p2b: Kick Puncher|atk|2\n|move|p2a: Woody|Body Press|p1a: IceAge\n|-supereffective|p1a: IceAge\n|-damage|p1a: IceAge|63\/100\n|\n|-damage|p2a: Woody|60\/100 brn|[from] brn\n|upkeep\n|turn|4\n|\n|t:|1700968401\n|move|p1a: IceAge|Ice Beam|p2a: Woody\n|-supereffective|p2a: Woody\n|-damage|p2a: Woody|0 fnt\n|faint|p2a: Woody\n|move|p1b: Rollie|Earthquake|p2b: Kick Puncher|[spread] p2b\n|-immune|p1a: IceAge|[from] ability: Levitate\n|-supereffective|p2b: Kick Puncher\n|-damage|p2b: Kick Puncher|60\/100\n|move|p2b: Kick Puncher|Drain Punch|p1a: IceAge\n|-supereffective|p1a: IceAge\n|-damage|p1a: IceAge|0 fnt\n|-heal|p2b: Kick Puncher|83\/100|[from] drain|[of] p1a: IceAge\n|faint|p1a: IceAge\n|\n|-heal|p2b: Kick Puncher|90\/100|[from] item: Leftovers\n|upkeep\n|\n|t:|1700968418\n|switch|p1a: Tank|Dachsbun, L50, M, shiny, tera:Grass|100\/100\n|switch|p2a: Yerba Mama|Sinistcha, L50|100\/100\n|-heal|p2b: Kick Puncher|100\/100|[from] ability: Hospitality|[of] p2a: Yerba Mama\n|turn|5\n|\n|t:|1700968437\n|move|p1a: Tank|Protect|p1a: Tank\n|-singleturn|p1a: Tank|Protect\n|move|p1b: Rollie|Earthquake|p2a: Yerba Mama|[spread] p2a,p2b\n|-activate|p1a: Tank|move: Protect\n|-resisted|p2a: Yerba Mama\n|-supereffective|p2b: Kick Puncher\n|-damage|p2a: Yerba Mama|86\/100\n|-damage|p2b: Kick Puncher|63\/100\n|move|p2a: Yerba Mama|Life Dew|p2a: Yerba Mama|[spread] p2a,p2b\n|-heal|p2a: Yerba Mama|100\/100\n|-heal|p2b: Kick Puncher|88\/100\n|move|p2b: Kick Puncher|Drain Punch|p1a: Tank\n|-activate|p1a: Tank|move: Protect\n|\n|-heal|p2b: Kick Puncher|94\/100|[from] item: Leftovers\n|upkeep\n|turn|6\n|\n|t:|1700968465\n|move|p1b: Rollie|Iron Head|p2a: Yerba Mama\n|-damage|p2a: Yerba Mama|66\/100\n|move|p1a: Tank|Play Rough|p2b: Kick Puncher\n|-supereffective|p2b: Kick Puncher\n|-damage|p2b: Kick Puncher|61\/100\n|move|p2a: Yerba Mama|Life Dew|p2a: Yerba Mama|[spread] p2a,p2b\n|-heal|p2a: Yerba Mama|92\/100\n|-heal|p2b: Kick Puncher|86\/100\n|move|p2b: Kick Puncher|Drain Punch|p1a: Tank\n|-damage|p1a: Tank|41\/100\n|-heal|p2b: Kick Puncher|100\/100|[from] drain|[of] p1a: Tank\n|-damage|p2b: Kick Puncher|84\/100|[from] item: Rocky Helmet|[of] p1a: Tank\n|\n|-heal|p2b: Kick Puncher|90\/100|[from] item: Leftovers\n|upkeep\n|turn|7\n|\n|t:|1700968500\n|move|p1b: Rollie|Iron Head|p2a: Yerba Mama\n|-damage|p2a: Yerba Mama|59\/100\n|move|p1a: Tank|Play Rough|p2b: Kick Puncher|[miss]\n|-miss|p1a: Tank|p2b: Kick Puncher\n|move|p2a: Yerba Mama|Life Dew|p2a: Yerba Mama|[spread] p2a,p2b\n|-heal|p2a: Yerba Mama|84\/100\n|-heal|p2b: Kick Puncher|100\/100\n|move|p2b: Kick Puncher|Drain Punch|p1b: Rollie\n|-supereffective|p1b: Rollie\n|-damage|p1b: Rollie|0 fnt\n|faint|p1b: Rollie\n|-end|p1b: Rollie|Quark Drive|[silent]\n|\n|upkeep\n|turn|8\n|\n|t:|1700968518\n|move|p2a: Yerba Mama|Rage Powder|p2a: Yerba Mama\n|-singleturn|p2a: Yerba Mama|move: Rage Powder\n|move|p1a: Tank|Play Rough|p2b: Kick Puncher\n|-supereffective|p2b: Kick Puncher\n|-damage|p2b: Kick Puncher|65\/100\n|move|p2b: Kick Puncher|Drain Punch|p1a: Tank\n|-damage|p1a: Tank|0 fnt\n|-heal|p2b: Kick Puncher|80\/100|[from] drain|[of] p1a: Tank\n|-damage|p2b: Kick Puncher|63\/100|[from] item: Rocky Helmet|[of] p1a: Tank\n|faint|p1a: Tank\n|\n|win|FortreeFlygonmen\n|c|\u2606gooseiq|gg\n|c| pokemon_and_beer|GG\n|l| pokemon_and_beer\n|c|\u2606FortreeFlygonmen|Ggs\n|c|\u2606FortreeFlygonmen|Wp\n|c| downfall18|Ggs!\n|c|\u2606gooseiq|u2\n|c| Cmholde2|Gg\n|l|\u2606gooseiq\n|l| Cmholde2\n|l| downfall18\n","uploadtime":1700968543,"views":2,"p1id":"gooseiq","p2id":"fortreeflygonmen","formatid":"gen9vgc2023regulatione","rating":0,"private":0,"password":""}