{"id":"gen9vgc2023regulatione-1989229498","p1":"wholesomeisland","p2":"Dragonmastergirl","format":"[Gen 9] VGC 2023 Regulation E","log":"|j|\u2606wholesomeisland\n|j|\u2606Dragonmastergirl\n|t:|1699825789\n|gametype|doubles\n|player|p1|wholesomeisland|102|1119\n|player|p2|Dragonmastergirl|hilda|1107\n|teamsize|p1|6\n|teamsize|p2|6\n|gen|9\n|tier|[Gen 9] VGC 2023 Regulation E\n|rated|\n|rule|Species Clause: Limit one of each Pok\u00e9mon\n|rule|Item Clause: Limit one of each item\n|clearpoke\n|poke|p1|Tornadus, L50, M|\n|poke|p1|Cresselia, L50, F|\n|poke|p1|Arcanine, L50, F|\n|poke|p1|Amoonguss, L50, M|\n|poke|p1|Garchomp, L50, F|\n|poke|p1|Iron Valiant, L50|\n|poke|p2|Garchomp, L50, M|\n|poke|p2|Dragapult, L50, M|\n|poke|p2|Goodra-Hisui, L50, F|\n|poke|p2|Roaring Moon, L50|\n|poke|p2|Dragonite, L50, M|\n|poke|p2|Hydreigon, L50, F|\n|teampreview|4\nwholesomeisland has agreed to open team sheets.\n|inactive|Battle timer is ON: inactive players will automatically lose when time's up. (requested by wholesomeisland)\n|inactive|Dragonmastergirl has 60 seconds left.\n|\n|t:|1699825840\n|start\n|switch|p1a: Tornadus|Tornadus, L50, M, shiny|100\/100\n|switch|p1b: Cresselia|Cresselia, L50, F, shiny|100\/100\n|switch|p2a: Roaring Moon|Roaring Moon, L50|100\/100\n|switch|p2b: Garchomp|Garchomp, L50, M|100\/100\n|-enditem|p2a: Roaring Moon|Booster Energy\n|-activate|p2a: Roaring Moon|ability: Protosynthesis|[fromitem]\n|-start|p2a: Roaring Moon|protosynthesisspe\n|turn|1\n|\n|t:|1699825854\n|-terastallize|p1b: Cresselia|Fairy\n|move|p1a: Tornadus|Tailwind|p1a: Tornadus\n|-sidestart|p1: wholesomeisland|move: Tailwind\n|move|p2a: Roaring Moon|Knock Off|p1b: Cresselia\n|-resisted|p1b: Cresselia\n|-damage|p1b: Cresselia|82\/100\n|-enditem|p1b: Cresselia|Leftovers|[from] move: Knock Off|[of] p2a: Roaring Moon\n|move|p2b: Garchomp|Rock Slide|p1a: Tornadus|[spread] p1a,p1b\n|-supereffective|p1a: Tornadus\n|-damage|p1a: Tornadus|52\/100\n|-damage|p1b: Cresselia|68\/100\n|move|p1b: Cresselia|Calm Mind|p1b: Cresselia\n|-boost|p1b: Cresselia|spa|1\n|-boost|p1b: Cresselia|spd|1\n|\n|upkeep\n|turn|2\n|\n|t:|1699825872\n|move|p2a: Roaring Moon|Tailwind|p2a: Roaring Moon\n|-sidestart|p2: Dragonmastergirl|move: Tailwind\n|move|p2b: Garchomp|Rock Slide|p1a: Tornadus|[spread] p1a,p1b\n|-supereffective|p1a: Tornadus\n|-damage|p1a: Tornadus|5\/100\n|-damage|p1b: Cresselia|55\/100\n|move|p1a: Tornadus|Bleakwind Storm|p2a: Roaring Moon|[spread] p2a,p2b\n|-crit|p2b: Garchomp\n|-damage|p2a: Roaring Moon|67\/100\n|-damage|p2b: Garchomp|36\/100\n|-unboost|p2b: Garchomp|spe|1\n|move|p1b: Cresselia|Dazzling Gleam|p2b: Garchomp|[spread] p2a,p2b\n|-supereffective|p2a: Roaring Moon\n|-supereffective|p2b: Garchomp\n|-damage|p2a: Roaring Moon|0 fnt\n|-damage|p2b: Garchomp|0 fnt\n|faint|p2a: Roaring Moon\n|-end|p2a: Roaring Moon|Protosynthesis|[silent]\n|faint|p2b: Garchomp\n|\n|upkeep\n|\n|t:|1699825889\n|switch|p2a: Goodra|Goodra-Hisui, L50, F|100\/100\n|switch|p2b: Dragonite|Dragonite, L50, M|100\/100\n|turn|3\n|\n|t:|1699825900\n|-terastallize|p2a: Goodra|Fairy\n|move|p2b: Dragonite|Extreme Speed|p1a: Tornadus\n|-damage|p1a: Tornadus|0 fnt\n|faint|p1a: Tornadus\n|move|p1b: Cresselia|Dazzling Gleam|p2b: Dragonite|[spread] p2a,p2b\n|-supereffective|p2b: Dragonite\n|-damage|p2a: Goodra|76\/100\n|-damage|p2b: Dragonite|57\/100\n|move|p2a: Goodra|Heavy Slam|p1b: Cresselia\n|-supereffective|p1b: Cresselia\n|-damage|p1b: Cresselia|15\/100\n|\n|-heal|p2a: Goodra|82\/100|[from] item: Leftovers\n|upkeep\n|\n|t:|1699825913\n|switch|p1a: Garchomp|Garchomp, L50, F|100\/100\n|turn|4\n|\n|t:|1699825919\n|move|p2a: Goodra|Protect|p2a: Goodra\n|-singleturn|p2a: Goodra|Protect\n|move|p2b: Dragonite|Extreme Speed|p1b: Cresselia\n|-damage|p1b: Cresselia|0 fnt\n|faint|p1b: Cresselia\n|move|p1a: Garchomp|Earthquake|p2b: Dragonite|[spread] \n|-activate|p2a: Goodra|move: Protect\n|-immune|p2b: Dragonite\n|\n|-heal|p2a: Goodra|88\/100|[from] item: Leftovers\n|-sideend|p1: wholesomeisland|move: Tailwind\n|upkeep\n|\n|t:|1699825931\n|switch|p1b: Iron Valiant|Iron Valiant, L50|100\/100\n|turn|5\n|\n|t:|1699825939\n|move|p2b: Dragonite|Dragon Claw|p1a: Garchomp\n|-supereffective|p1a: Garchomp\n|-damage|p1a: Garchomp|4\/100\n|-damage|p2b: Dragonite|44\/100|[from] ability: Rough Skin|[of] p1a: Garchomp\n|move|p1b: Iron Valiant|Spirit Break|p2a: Goodra\n|-damage|p2a: Goodra|46\/100\n|-unboost|p2a: Goodra|spa|1\n|move|p1a: Garchomp|Rock Slide|p2b: Dragonite|[spread] p2a\n|-miss|p1a: Garchomp|p2b: Dragonite\n|-damage|p2a: Goodra|31\/100\n|cant|p2a: Goodra|flinch\n|\n|-heal|p2a: Goodra|37\/100|[from] item: Leftovers\n|-sideend|p2: Dragonmastergirl|move: Tailwind\n|upkeep\n|turn|6\n|\n|t:|1699825959\n|move|p2a: Goodra|Protect|p2a: Goodra\n|-singleturn|p2a: Goodra|Protect\n|move|p2b: Dragonite|Extreme Speed|p1a: Garchomp\n|-damage|p1a: Garchomp|0 fnt\n|-damage|p2b: Dragonite|32\/100|[from] ability: Rough Skin|[of] p1a: Garchomp\n|faint|p1a: Garchomp\n|move|p1b: Iron Valiant|Spirit Break|p2b: Dragonite\n|-supereffective|p2b: Dragonite\n|-damage|p2b: Dragonite|0 fnt\n|faint|p2b: Dragonite\n|\n|-heal|p2a: Goodra|43\/100|[from] item: Leftovers\n|upkeep\n|turn|7\n|\n|t:|1699825974\n|move|p1b: Iron Valiant|Spirit Break|p2a: Goodra\n|-damage|p2a: Goodra|4\/100\n|-unboost|p2a: Goodra|spa|1\n|move|p2a: Goodra|Heavy Slam|p1b: Iron Valiant\n|-supereffective|p1b: Iron Valiant\n|-damage|p1b: Iron Valiant|0 fnt\n|faint|p1b: Iron Valiant\n|-end|p1b: Iron Valiant|Quark Drive|[silent]\n|\n|win|Dragonmastergirl\n|raw|wholesomeisland's rating: 1119 &rarr; <strong>1093<\/strong><br \/>(-26 for losing)\n|raw|Dragonmastergirl's rating: 1107 &rarr; <strong>1133<\/strong><br \/>(+26 for winning)\n","uploadtime":1699825983,"views":17,"p1id":"wholesomeisland","p2id":"dragonmastergirl","formatid":"gen9vgc2023regulatione","rating":1093,"private":0,"password":""}