{"id":"gen9vgc2023regulatione-1995141306","p1":"babiwi bewey\u2714\ufe0f","p2":"quarters_ou","format":"[Gen 9] VGC 2023 Regulation E","log":"|j|\u2606babiwi bewey\u2714\ufe0f\n|j|\u2606quarters_ou\n|n|\u2606babiwi bewey\u2714\ufe0f|babiwibewey\n|n|\u2606quarters_ou|quartersou\n|html|View the match progress at <a href=\"\/game-bestof3-gen9vgc2023regulatione-1995141305\">game-bestof3-gen9vgc2023regulatione-1995141305<\/a>\n|t:|1700527174\n|gametype|doubles\n|player|p1|babiwi bewey\u2714\ufe0f|valerie|\n|player|p2|quarters_ou|1|\n|teamsize|p1|6\n|teamsize|p2|6\n|gen|9\n|tier|[Gen 9] VGC 2023 Regulation E\n|rule|Species Clause: Limit one of each Pok\u00e9mon\n|rule|Item Clause: Limit one of each item\n|clearpoke\n|poke|p1|Dondozo, L50, M|\n|poke|p1|Tatsugiri, L50, F|\n|poke|p1|Dragonite, L50, M|\n|poke|p1|Chien-Pao, L50|\n|poke|p1|Flutter Mane, L50|\n|poke|p1|Chi-Yu, L50|\n|poke|p2|Moltres-Galar, L50|\n|poke|p2|Sinistcha-Masterpiece, L50|\n|poke|p2|Ninetales-Alola, L50, F|\n|poke|p2|Landorus-Therian, L50, M|\n|poke|p2|Iron Hands, L50|\n|poke|p2|Heatran, L50, F|\n|teampreview|4\nbabiwi bewey\u2714\ufe0f has agreed to open team sheets.\nquarters_ou has agreed to open team sheets.\n|showteam|p1|Dondozo||Leftovers|Unaware|Protect,WaveCrash,Substitute,OrderUp|||M|||50|,,,,,Dragon]Tatsugiri||AbilityShield|Commander|Protect,Taunt,DracoMeteor,MuddyWater|||F|||50|,,,,,Steel]Dragonite||ChoiceBand|InnerFocus|StompingTantrum,ExtremeSpeed,AerialAce,Outrage|||M|||50|,,,,,Normal]Chien-Pao||FocusSash|SwordofRuin|Protect,IcicleCrash,SuckerPunch,Crunch||||||50|,,,,,Ghost]Flutter Mane||BoosterEnergy|Protosynthesis|ShadowBall,IcyWind,Moonblast,Protect||||||50|,,,,,Fairy]Chi-Yu||LifeOrb|BeadsofRuin|Protect,HeatWave,DarkPulse,Overheat||||||50|,,,,,Ghost\n|showteam|p2|Moltres-Galar||SitrusBerry|Berserk|FieryWrath,AirSlash,NastyPlot,Protect||||||50|,,,,,Poison]Sinistcha-Masterpiece||RockyHelmet|Hospitality|MatchaGotcha,RagePowder,StrengthSap,TrickRoom||||||50|,,,,,Water]Ninetales-Alola||LightClay|SnowWarning|Moonblast,Blizzard,AuroraVeil,Protect|||F|||50|,,,,,Water]Landorus-Therian||ChoiceScarf|Intimidate|StompingTantrum,RockSlide,Uturn,TeraBlast|||M|||50|,,,,,Flying]Iron Hands||AssaultVest|QuarkDrive|FakeOut,WildCharge,DrainPunch,HeavySlam||||||50|,,,,,Water]Heatran||Leftovers|FlashFire|HeatWave,EarthPower,TeraBlast,Protect|||F|||50|,,,,,Grass\n|\n|t:|1700527233\n|start\n|switch|p1a: Dragonite|Dragonite, L50, M|100\/100\n|switch|p1b: Chien-Pao|Chien-Pao, L50|100\/100\n|switch|p2a: Landorus|Landorus-Therian, L50, M|100\/100\n|switch|p2b: Sinistcha|Sinistcha-Masterpiece, L50|100\/100\n|-ability|p2a: Landorus|Intimidate|boost\n|-fail|p1a: Dragonite|unboost|Attack|[from] ability: Inner Focus|[of] p1a: Dragonite\n|-unboost|p1b: Chien-Pao|atk|1\n|-ability|p1b: Chien-Pao|Sword of Ruin\n|turn|1\n|\n|t:|1700527247\n|-terastallize|p2b: Sinistcha|Water\n|move|p2b: Sinistcha|Rage Powder|p2b: Sinistcha\n|-singleturn|p2b: Sinistcha|move: Rage Powder\n|move|p2a: Landorus|Rock Slide|p1b: Chien-Pao|[spread] p1b\n|-miss|p2a: Landorus|p1a: Dragonite\n|-supereffective|p1b: Chien-Pao\n|-damage|p1b: Chien-Pao|44\/100\n|cant|p1b: Chien-Pao|flinch\n|move|p1a: Dragonite|Outrage|p2b: Sinistcha\n|-damage|p2b: Sinistcha|0 fnt\n|-damage|p1a: Dragonite|84\/100|[from] item: Rocky Helmet|[of] p2b: Sinistcha\n|faint|p2b: Sinistcha\n|\n|upkeep\n|\n|t:|1700527252\n|switch|p2b: Moltres|Moltres-Galar, L50|100\/100\n|turn|2\n|\n|t:|1700527261\n|move|p2b: Moltres|Protect|p2b: Moltres\n|-singleturn|p2b: Moltres|Protect\n|move|p2a: Landorus|Rock Slide|p1b: Chien-Pao|[spread] p1a,p1b\n|-supereffective|p1a: Dragonite\n|-supereffective|p1b: Chien-Pao\n|-damage|p1a: Dragonite|27\/100\n|-damage|p1b: Chien-Pao|0 fnt\n|faint|p1b: Chien-Pao\n|move|p1a: Dragonite|Outrage|p2a: Landorus|[from]lockedmove\n|-damage|p2a: Landorus|0 fnt\n|faint|p2a: Landorus\n|-start|p1a: Dragonite|confusion|[fatigue]\n|\n|upkeep\n|\n|t:|1700527270\n|switch|p1b: Dondozo|Dondozo, L50, M|100\/100\n|switch|p2a: Ninetales|Ninetales-Alola, L50, F|100\/100\n|-weather|Snow|[from] ability: Snow Warning|[of] p2a: Ninetales\n|turn|3\n|\n|t:|1700527286\n|switch|p1a: Tatsugiri|Tatsugiri, L50, F|100\/100\n|-activate|p1a: Tatsugiri|ability: Commander|[of] p1b: Dondozo\n|-boost|p1b: Dondozo|atk|2\n|-boost|p1b: Dondozo|spa|2\n|-boost|p1b: Dondozo|spe|2\n|-boost|p1b: Dondozo|def|2\n|-boost|p1b: Dondozo|spd|2\n|move|p1b: Dondozo|Wave Crash|p2b: Moltres\n|-damage|p2b: Moltres|22\/100\n|-damage|p1b: Dondozo|79\/100|[from] Recoil\n|-ability|p2b: Moltres|Berserk|boost\n|-boost|p2b: Moltres|spa|1\n|-enditem|p2b: Moltres|Sitrus Berry|[eat]\n|-heal|p2b: Moltres|47\/100|[from] item: Sitrus Berry\n|move|p2a: Ninetales|Moonblast|p1b: Dondozo\n|-damage|p1b: Dondozo|68\/100\n|move|p2b: Moltres|Nasty Plot|p2b: Moltres\n|-boost|p2b: Moltres|spa|2\n|\n|-weather|Snow|[upkeep]\n|-heal|p1b: Dondozo|74\/100|[from] item: Leftovers\n|upkeep\n|turn|4\n|\n|t:|1700527302\n|move|p2b: Moltres|Protect|p2b: Moltres\n|-singleturn|p2b: Moltres|Protect\n|move|p2a: Ninetales|Moonblast|p1b: Dondozo\n|-damage|p1b: Dondozo|61\/100\n|move|p1b: Dondozo|Wave Crash|p2b: Moltres\n|-activate|p2b: Moltres|move: Protect\n|\n|-weather|Snow|[upkeep]\n|-heal|p1b: Dondozo|68\/100|[from] item: Leftovers\n|upkeep\n|turn|5\n|\n|t:|1700527327\n|move|p1b: Dondozo|Wave Crash|p2b: Moltres\n|-damage|p2b: Moltres|0 fnt\n|faint|p2b: Moltres\n|-damage|p1b: Dondozo|54\/100|[from] Recoil\n|move|p2a: Ninetales|Blizzard|p1b: Dondozo|[spread] p1b\n|-miss|p2a: Ninetales|p1a: Tatsugiri\n|-resisted|p1b: Dondozo\n|-damage|p1b: Dondozo|50\/100\n|\n|-weather|Snow|[upkeep]\n|-heal|p1b: Dondozo|56\/100|[from] item: Leftovers\n|upkeep\n|turn|6\n|\n|t:|1700527344\n|move|p2a: Ninetales|Aurora Veil|p2a: Ninetales\n|-sidestart|p2: quarters_ou|move: Aurora Veil\n|move|p1b: Dondozo|Substitute|p1b: Dondozo\n|-start|p1b: Dondozo|Substitute\n|-damage|p1b: Dondozo|31\/100\n|\n|-weather|Snow|[upkeep]\n|-heal|p1b: Dondozo|37\/100|[from] item: Leftovers\n|upkeep\n|turn|7\n|\n|t:|1700527355\n|move|p1b: Dondozo|Protect|p1b: Dondozo\n|-singleturn|p1b: Dondozo|Protect\n|move|p2a: Ninetales|Moonblast|p1b: Dondozo\n|-activate|p1b: Dondozo|move: Protect\n|\n|-weather|none\n|-heal|p1b: Dondozo|43\/100|[from] item: Leftovers\n|upkeep\n|turn|8\n|\n|t:|1700527360\n|move|p1b: Dondozo|Wave Crash|p2a: Ninetales\n|-damage|p2a: Ninetales|31\/100\n|-damage|p1b: Dondozo|25\/100|[from] Recoil\n|move|p2a: Ninetales|Moonblast|p1b: Dondozo\n|-activate|p1b: Dondozo|move: Substitute|[damage]\n|\n|-heal|p1b: Dondozo|32\/100|[from] item: Leftovers\n|upkeep\n|turn|9\n|\n|t:|1700527370\n|move|p2a: Ninetales|Protect|p2a: Ninetales\n|-singleturn|p2a: Ninetales|Protect\n|move|p1b: Dondozo|Wave Crash|p2a: Ninetales\n|-activate|p2a: Ninetales|move: Protect\n|\n|-heal|p1b: Dondozo|38\/100|[from] item: Leftovers\n|upkeep\n|turn|10\n|\n|t:|1700527377\n|move|p1b: Dondozo|Wave Crash|p2a: Ninetales\n|-damage|p2a: Ninetales|0 fnt\n|faint|p2a: Ninetales\n|-damage|p1b: Dondozo|30\/100|[from] Recoil\n|\n|win|babiwi bewey\u2714\ufe0f\n|c|&|\/uhtml prompt-quartersou,quarters_ou is ready for game 2!\n|c|&|\/uhtml prompt-babiwibewey,babiwi bewey\u2714\ufe0f is ready for game 2!\nBoth players are ready! Starting next match!\n","uploadtime":1700527520,"views":9,"p1id":"babiwibewey","p2id":"quartersou","formatid":"gen9vgc2023regulatione","rating":0,"private":0,"password":""}