{"id":"gen9vgc2023regulatione-1993953907","p1":"weeeees","p2":"Chreino","format":"[Gen 9] VGC 2023 Regulation E","log":"|j|\u2606weeeees\n|j|\u2606Chreino\n|t:|1700381959\n|gametype|doubles\n|player|p1|weeeees|caitlin|1254\n|player|p2|Chreino|n|1248\n|teamsize|p1|6\n|teamsize|p2|6\n|gen|9\n|tier|[Gen 9] VGC 2023 Regulation E\n|rated|\n|rule|Species Clause: Limit one of each Pok\u00e9mon\n|rule|Item Clause: Limit one of each item\n|clearpoke\n|poke|p1|Chi-Yu, L50|\n|poke|p1|Rillaboom, L50, M|\n|poke|p1|Farigiraf, L50, M|\n|poke|p1|Landorus-Therian, L50, M|\n|poke|p1|Flutter Mane, L50|\n|poke|p1|Roaring Moon, L50|\n|poke|p2|Moltres-Galar, L50|\n|poke|p2|Sinistcha-Masterpiece, L50|\n|poke|p2|Grimmsnarl, L50, M|\n|poke|p2|Iron Hands, L50|\n|poke|p2|Landorus-Therian, L50, M|\n|poke|p2|Heatran, L50, F|\n|teampreview|4\nChreino rejected open team sheets.\n|\n|t:|1700381994\n|start\n|switch|p1a: Chi-Yu|Chi-Yu, L50|100\/100\n|switch|p1b: Flutter Mane|Flutter Mane, L50|100\/100\n|switch|p2a: Moltres|Moltres-Galar, L50, shiny|100\/100\n|switch|p2b: Grimmsnarl|Grimmsnarl, L50, M, shiny|100\/100\n|-ability|p1a: Chi-Yu|Beads of Ruin\n|turn|1\n|\n|t:|1700382019\n|-terastallize|p2a: Moltres|Poison\n|move|p1a: Chi-Yu|Protect|p1a: Chi-Yu\n|-singleturn|p1a: Chi-Yu|Protect\n|move|p2b: Grimmsnarl|Light Screen|p2b: Grimmsnarl\n|-sidestart|p2: Chreino|move: Light Screen\n|move|p1b: Flutter Mane|Dazzling Gleam|p2b: Grimmsnarl|[spread] p2a,p2b\n|-resisted|p2a: Moltres\n|-supereffective|p2b: Grimmsnarl\n|-damage|p2a: Moltres|84\/100\n|-damage|p2b: Grimmsnarl|28\/100\n|move|p2a: Moltres|Nasty Plot|p2a: Moltres\n|-boost|p2a: Moltres|spa|2\n|\n|upkeep\n|turn|2\n|\n|t:|1700382058\n|move|p2b: Grimmsnarl|Parting Shot|p1b: Flutter Mane\n|-unboost|p1b: Flutter Mane|atk|1\n|-unboost|p1b: Flutter Mane|spa|1\n|\n|t:|1700382075\n|switch|p2b: Sinistcha|Sinistcha-Masterpiece, L50, shiny|100\/100|[from] Parting Shot\n|-heal|p2a: Moltres|100\/100|[from] ability: Hospitality|[of] p2b: Sinistcha\n|move|p1a: Chi-Yu|Dark Pulse|p2a: Moltres\n|-damage|p2a: Moltres|71\/100\n|move|p1b: Flutter Mane|Dazzling Gleam|p2b: Sinistcha|[spread] p2a,p2b\n|-resisted|p2a: Moltres\n|-damage|p2a: Moltres|60\/100\n|-damage|p2b: Sinistcha|72\/100\n|move|p2a: Moltres|Fiery Wrath|p1a: Chi-Yu|[spread] p1a,p1b\n|-resisted|p1a: Chi-Yu\n|-crit|p1b: Flutter Mane\n|-damage|p1a: Chi-Yu|70\/100\n|-damage|p1b: Flutter Mane|1\/100\n|\n|upkeep\n|turn|3\n|\n|t:|1700382119\n|move|p1a: Chi-Yu|Heat Wave|p2b: Sinistcha|[spread] p2a,p2b\n|-supereffective|p2b: Sinistcha\n|-damage|p2a: Moltres|34\/100\n|-damage|p2b: Sinistcha|0 fnt\n|faint|p2b: Sinistcha\n|-ability|p2a: Moltres|Berserk|boost\n|-boost|p2a: Moltres|spa|1\n|-enditem|p2a: Moltres|Sitrus Berry|[eat]\n|-heal|p2a: Moltres|59\/100|[from] item: Sitrus Berry\n|move|p1b: Flutter Mane|Dazzling Gleam|p2a: Moltres\n|-resisted|p2a: Moltres\n|-damage|p2a: Moltres|44\/100\n|-ability|p2a: Moltres|Berserk|boost\n|-boost|p2a: Moltres|spa|1\n|move|p2a: Moltres|Fiery Wrath|p1a: Chi-Yu|[spread] p1a,p1b\n|-resisted|p1a: Chi-Yu\n|-crit|p1a: Chi-Yu\n|-damage|p1a: Chi-Yu|0 fnt\n|-damage|p1b: Flutter Mane|0 fnt\n|faint|p1a: Chi-Yu\n|faint|p1b: Flutter Mane\n|-end|p1b: Flutter Mane|Protosynthesis|[silent]\n|\n|upkeep\n|\n|t:|1700382137\n|switch|p1a: Landorus|Landorus-Therian, L50, M|100\/100\n|switch|p1b: Farigiraf|Farigiraf, L50, M|100\/100\n|switch|p2b: Grimmsnarl|Grimmsnarl, L50, M, shiny|28\/100\n|-ability|p1a: Landorus|Intimidate|boost\n|-unboost|p2a: Moltres|atk|1\n|-unboost|p2b: Grimmsnarl|atk|1\n|turn|4\n|\n|t:|1700382170\n|-terastallize|p1b: Farigiraf|Fairy\n|move|p2a: Moltres|Protect|p2a: Moltres\n|-singleturn|p2a: Moltres|Protect\n|move|p2b: Grimmsnarl|Reflect|p2b: Grimmsnarl\n|-sidestart|p2: Chreino|Reflect\n|move|p1a: Landorus|Stomping Tantrum|p2a: Moltres\n|-activate|p2a: Moltres|move: Protect\n|move|p1b: Farigiraf|Dazzling Gleam|p2b: Grimmsnarl|[spread] p2b\n|-activate|p2a: Moltres|move: Protect\n|-supereffective|p2b: Grimmsnarl\n|-crit|p2b: Grimmsnarl\n|-damage|p2b: Grimmsnarl|0 fnt\n|faint|p2b: Grimmsnarl\n|\n|upkeep\n|\n|t:|1700382181\n|switch|p2b: Landorus|Landorus-Therian, L50, M|100\/100\n|-ability|p2b: Landorus|Intimidate|boost\n|-unboost|p1a: Landorus|atk|1\n|-unboost|p1b: Farigiraf|atk|1\n|turn|5\n|\n|t:|1700382210\n|move|p1a: Landorus|Stomping Tantrum|p2a: Moltres\n|-supereffective|p2a: Moltres\n|-damage|p2a: Moltres|10\/100\n|move|p2b: Landorus|Rock Slide|p1b: Farigiraf|[spread] p1a\n|-miss|p2b: Landorus|p1b: Farigiraf\n|-damage|p1a: Landorus|75\/100\n|move|p2a: Moltres|Fiery Wrath|p1b: Farigiraf|[spread] p1a,p1b\n|-resisted|p1b: Farigiraf\n|-damage|p1a: Landorus|0 fnt\n|-damage|p1b: Farigiraf|59\/100\n|faint|p1a: Landorus\n|move|p1b: Farigiraf|Psychic|p2b: Landorus\n|-damage|p2b: Landorus|69\/100\n|\n|upkeep\n|turn|6\n|\n|t:|1700382231\n|move|p2b: Landorus|Rock Slide|p1b: Farigiraf\n|-damage|p1b: Farigiraf|35\/100\n|-enditem|p1b: Farigiraf|Sitrus Berry|[eat]\n|-heal|p1b: Farigiraf|60\/100|[from] item: Sitrus Berry\n|move|p2a: Moltres|Air Slash|p1b: Farigiraf\n|-damage|p1b: Farigiraf|0 fnt\n|faint|p1b: Farigiraf\n|\n|win|Chreino\n|raw|weeeees's rating: 1254 &rarr; <strong>1229<\/strong><br \/>(-25 for losing)\n|raw|Chreino's rating: 1248 &rarr; <strong>1273<\/strong><br \/>(+25 for winning)\n|l|\u2606weeeees\n","uploadtime":1700382254,"views":22,"p1id":"weeeees","p2id":"chreino","formatid":"gen9vgc2023regulatione","rating":1229,"private":0,"password":""}