{"id":"gen9vgc2023regulatione-1997837760","p1":"Alvaroqb_","p2":"NuriaHablamePorfa","format":"[Gen 9] VGC 2023 Regulation E","log":"|j|\u2606Alvaroqb_\n|j|\u2606NuriaHablamePorfa\n|n|\u2606Alvaroqb_|alvaroqb\n|n|\u2606NuriaHablamePorfa|nuriahablameporfa\n|html|View the match progress at <a href=\"\/game-bestof3-gen9vgc2023regulatione-1997833555\">game-bestof3-gen9vgc2023regulatione-1997833555<\/a>\n|t:|1700858162\n|gametype|doubles\n|player|p1|Alvaroqb_|265|\n|player|p2|NuriaHablamePorfa|ethan|\n|teamsize|p1|6\n|teamsize|p2|6\n|gen|9\n|tier|[Gen 9] VGC 2023 Regulation E\n|rule|Species Clause: Limit one of each Pok\u00e9mon\n|rule|Item Clause: Limit one of each item\n|clearpoke\n|poke|p1|Urshifu-*, L50, F|\n|poke|p1|Tornadus, L50, M|\n|poke|p1|Regidrago, L50|\n|poke|p1|Rillaboom, L50, M|\n|poke|p1|Arcanine-Hisui, L50, M|\n|poke|p1|Gholdengo, L50|\n|poke|p2|Dondozo, L50, M|\n|poke|p2|Heatran, L50, M|\n|poke|p2|Urshifu-*, L50, M|\n|poke|p2|Salamence, L50, M|\n|poke|p2|Flutter Mane, L50|\n|poke|p2|Rillaboom, L50, M|\n|teampreview|4\nAlvaroqb_ has agreed to open team sheets.\n|inactive|Battle timer is ON: inactive players will automatically lose when time's up. (requested by NuriaHablamePorfa)\nNuriaHablamePorfa has agreed to open team sheets.\n|showteam|p1|Urshifu-Rapid-Strike||SplashPlate|UnseenFist|SurgingStrikes,CloseCombat,AquaJet,Protect|||F|||50|,,,,,Poison]Tornadus||CovertCloak|Prankster|BleakwindStorm,RainDance,Tailwind,Taunt|||M|||50|,,,,,Steel]Regidrago||DragonFang|DragonsMaw|DragonEnergy,DracoMeteor,EarthPower,Protect||||||50|,,,,,Steel]Rillaboom||AssaultVest|GrassySurge|FakeOut,WoodHammer,HighHorsepower,GrassyGlide|||M|||50|,,,,,Grass]Arcanine-Hisui||SitrusBerry|Intimidate|FlareBlitz,ExtremeSpeed,RockSlide,Protect|||M|||50|,,,,,Water]Gholdengo||ChoiceSpecs|GoodasGold|MakeItRain,ShadowBall,Thunderbolt,Trick||||||50|,,,,,Dragon\n|showteam|p2|Dondozo||Leftovers|Oblivious|Protect,HeavySlam,Yawn,WaveCrash|||M|||50|,,,,,Poison]Heatran||SitrusBerry|FlashFire|MagmaStorm,EarthPower,FlashCannon,Protect|||M|||50|,,,,,Grass]Urshifu||FocusSash|UnseenFist|Detect,WickedBlow,SuckerPunch,CloseCombat|||M|||50|,,,,,Dark]Salamence||RockyHelmet|Intimidate|Tailwind,Roost,DracoMeteor,AirSlash|||M|||50|,,,,,Water]Flutter Mane||ChoiceSpecs|Protosynthesis|Moonblast,ShadowBall,DazzlingGleam,PowerGem||||||50|,,,,,Fairy]Rillaboom||AssaultVest|GrassySurge|WoodHammer,GrassyGlide,FakeOut,Uturn|||M|||50|,,,,,Poison\n|inactive|Alvaroqb_ has 30 seconds left.\n|inactive|Alvaroqb_ has 20 seconds left.\n|\n|t:|1700858201\n|start\n|switch|p1a: Tornadus|Tornadus, L50, M|100\/100\n|switch|p1b: Gholdengo|Gholdengo, L50|100\/100\n|switch|p2a: Heatran|Heatran, L50, M, shiny|100\/100\n|switch|p2b: Granfumao|Dondozo, L50, M|100\/100\n|turn|1\n|inactive|Alvaroqb_ has 30 seconds left.\n|inactive|NuriaHablamePorfa has 30 seconds left.\n|\n|t:|1700858236\n|-terastallize|p1b: Gholdengo|Dragon\n|move|p2b: Granfumao|Protect|p2b: Granfumao\n|-singleturn|p2b: Granfumao|Protect\n|move|p1a: Tornadus|Bleakwind Storm|p2a: Heatran|[spread] p2a\n|-activate|p2b: Granfumao|move: Protect\n|-resisted|p2a: Heatran\n|-damage|p2a: Heatran|88\/100\n|move|p1b: Gholdengo|Thunderbolt|p2b: Granfumao\n|-activate|p2b: Granfumao|move: Protect\n|move|p2a: Heatran|Magma Storm|p1b: Gholdengo\n|-resisted|p1b: Gholdengo\n|-damage|p1b: Gholdengo|75\/100\n|-activate|p1b: Gholdengo|move: Magma Storm|[of] p2a: Heatran\n|\n|-damage|p1b: Gholdengo|62\/100|[from] move: Magma Storm|[partiallytrapped]\n|upkeep\n|turn|2\n|inactive|Alvaroqb_ has 30 seconds left.\n|inactive|NuriaHablamePorfa has 30 seconds left.\n|inactive|Alvaroqb_ has 20 seconds left.\n|inactive|Alvaroqb_ has 15 seconds left.\n|\n|t:|1700858280\n|-terastallize|p2b: Granfumao|Poison\n|move|p1a: Tornadus|Bleakwind Storm|p2a: Heatran|[spread] p2a,p2b\n|-resisted|p2a: Heatran\n|-damage|p2a: Heatran|76\/100\n|-damage|p2b: Granfumao|75\/100\n|move|p1b: Gholdengo|Thunderbolt|p2a: Heatran\n|-damage|p2a: Heatran|35\/100\n|-enditem|p2a: Heatran|Sitrus Berry|[eat]\n|-heal|p2a: Heatran|60\/100|[from] item: Sitrus Berry\n|move|p2a: Heatran|Magma Storm|p1a: Tornadus|[miss]\n|-miss|p2a: Heatran|p1a: Tornadus\n|move|p2b: Granfumao|Yawn|p1a: Tornadus\n|-start|p1a: Tornadus|move: Yawn|[of] p2b: Granfumao\n|\n|-heal|p2b: Granfumao|81\/100|[from] item: Leftovers\n|-damage|p1b: Gholdengo|50\/100|[from] move: Magma Storm|[partiallytrapped]\n|upkeep\n|turn|3\n|inactive|Alvaroqb_ has 30 seconds left.\n|\n|t:|1700858305\n|switch|p1a: Urshifu|Urshifu-Rapid-Strike, L50, F|100\/100\n|move|p2a: Heatran|Protect|p2a: Heatran\n|-singleturn|p2a: Heatran|Protect\n|move|p1b: Gholdengo|Thunderbolt|p2a: Heatran\n|-activate|p2a: Heatran|move: Protect\n|move|p2b: Granfumao|Yawn|p1a: Urshifu\n|-start|p1a: Urshifu|move: Yawn|[of] p2b: Granfumao\n|\n|-heal|p2b: Granfumao|87\/100|[from] item: Leftovers\n|-damage|p1b: Gholdengo|38\/100|[from] move: Magma Storm|[partiallytrapped]\n|upkeep\n|turn|4\n|\n|t:|1700858325\n|switch|p1a: Tornadus|Tornadus, L50, M|100\/100\n|move|p1b: Gholdengo|Thunderbolt|p2a: Heatran\n|-damage|p2a: Heatran|16\/100\n|move|p2a: Heatran|Magma Storm|p1a: Tornadus\n|-damage|p1a: Tornadus|39\/100\n|-activate|p1a: Tornadus|move: Magma Storm|[of] p2a: Heatran\n|move|p2b: Granfumao|Yawn|p1a: Tornadus\n|-start|p1a: Tornadus|move: Yawn|[of] p2b: Granfumao\n|\n|-heal|p2b: Granfumao|93\/100|[from] item: Leftovers\n|-damage|p1a: Tornadus|26\/100|[from] move: Magma Storm|[partiallytrapped]\n|-damage|p1b: Gholdengo|25\/100|[from] move: Magma Storm|[partiallytrapped]\n|upkeep\n|turn|5\n|\n|t:|1700858343\n|move|p2a: Heatran|Protect|p2a: Heatran\n|-singleturn|p2a: Heatran|Protect\n|move|p2b: Granfumao|Protect|p2b: Granfumao\n|-singleturn|p2b: Granfumao|Protect\n|move|p1a: Tornadus|Tailwind|p1a: Tornadus\n|-sidestart|p1: Alvaroqb_|move: Tailwind\n|move|p1b: Gholdengo|Thunderbolt|p2b: Granfumao\n|-activate|p2b: Granfumao|move: Protect\n|\n|-heal|p2b: Granfumao|99\/100|[from] item: Leftovers\n|-damage|p1a: Tornadus|14\/100|[from] move: Magma Storm|[partiallytrapped]\n|-damage|p1b: Gholdengo|13\/100|[from] move: Magma Storm|[partiallytrapped]\n|-end|p1a: Tornadus|move: Yawn|[silent]\n|-status|p1a: Tornadus|slp\n|upkeep\n|turn|6\n|inactive|NuriaHablamePorfa has 30 seconds left.\n|\n|t:|1700858371\n|switch|p2a: BbTrickz|Flutter Mane, L50|100\/100\n|cant|p1a: Tornadus|slp\n|move|p1b: Gholdengo|Thunderbolt|p2a: BbTrickz\n|-damage|p2a: BbTrickz|51\/100\n|move|p2b: Granfumao|Heavy Slam|p1b: Gholdengo\n|-damage|p1b: Gholdengo|0 fnt\n|faint|p1b: Gholdengo\n|\n|-heal|p2b: Granfumao|100\/100|[from] item: Leftovers\n|-end|p1a: Tornadus|Magma Storm|[partiallytrapped]|[silent]\n|upkeep\n|\n|t:|1700858381\n|switch|p1b: Urshifu|Urshifu-Rapid-Strike, L50, F|100\/100\n|turn|7\n|\n|t:|1700858397\n|-end|p2a: BbTrickz|Protosynthesis|[silent]\n|switch|p2a: Salamence|Salamence, L50, M|100\/100\n|-ability|p2a: Salamence|Intimidate|boost\n|-unboost|p1a: Tornadus|atk|1\n|-unboost|p1b: Urshifu|atk|1\n|move|p1b: Urshifu|Surging Strikes|p2b: Granfumao\n|-crit|p2b: Granfumao\n|-damage|p2b: Granfumao|87\/100\n|-crit|p2b: Granfumao\n|-damage|p2b: Granfumao|74\/100\n|-crit|p2b: Granfumao\n|-damage|p2b: Granfumao|59\/100\n|-hitcount|p2b: Granfumao|3\n|cant|p1a: Tornadus|slp\n|move|p2b: Granfumao|Wave Crash|p1a: Tornadus\n|-damage|p1a: Tornadus|0 fnt\n|faint|p1a: Tornadus\n|-damage|p2b: Granfumao|56\/100|[from] Recoil\n|\n|-heal|p2b: Granfumao|62\/100|[from] item: Leftovers\n|upkeep\n|\n|t:|1700858410\n|switch|p1a: Regidrago|Regidrago, L50|100\/100\n|turn|8\n|\n|t:|1700858429\n|switch|p2a: Heatran|Heatran, L50, M, shiny|16\/100\n|move|p2b: Granfumao|Protect|p2b: Granfumao\n|-singleturn|p2b: Granfumao|Protect\n|move|p1b: Urshifu|Surging Strikes|p2a: Heatran\n|-supereffective|p2a: Heatran\n|-crit|p2a: Heatran\n|-damage|p2a: Heatran|0 fnt\n|faint|p2a: Heatran\n|-hitcount|p2: Heatran|1\n|move|p1a: Regidrago|Dragon Energy|p2b: Granfumao\n|-activate|p2b: Granfumao|move: Protect\n|\n|-heal|p2b: Granfumao|68\/100|[from] item: Leftovers\n|-sideend|p1: Alvaroqb_|move: Tailwind\n|upkeep\n|\n|t:|1700858445\n|switch|p2a: Salamence|Salamence, L50, M|100\/100\n|-ability|p2a: Salamence|Intimidate|boost\n|-unboost|p1a: Regidrago|atk|1\n|-unboost|p1b: Urshifu|atk|1\n|turn|9\n|\n|t:|1700858466\n|move|p1b: Urshifu|Surging Strikes|p2b: Granfumao\n|-crit|p2b: Granfumao\n|-damage|p2b: Granfumao|55\/100\n|-crit|p2b: Granfumao\n|-damage|p2b: Granfumao|41\/100\n|-crit|p2b: Granfumao\n|-damage|p2b: Granfumao|27\/100\n|-hitcount|p2b: Granfumao|3\n|move|p2a: Salamence|Tailwind|p2a: Salamence\n|-sidestart|p2: NuriaHablamePorfa|move: Tailwind\n|move|p1a: Regidrago|Dragon Energy|p2b: Granfumao|[spread] p2a,p2b\n|-supereffective|p2a: Salamence\n|-damage|p2a: Salamence|0 fnt\n|-damage|p2b: Granfumao|0 fnt\n|faint|p2a: Salamence\n|faint|p2b: Granfumao\n|\n|upkeep\n|\n|t:|1700858480\n|switch|p2b: BbTrickz|Flutter Mane, L50|51\/100\n|turn|10\n|inactive|Alvaroqb_ has 30 seconds left.\n|\n|t:|1700858514\n|move|p1b: Urshifu|Aqua Jet|p2b: BbTrickz\n|-damage|p2b: BbTrickz|29\/100\n|move|p2b: BbTrickz|Dazzling Gleam|p1a: Regidrago|[spread] p1a,p1b\n|-supereffective|p1a: Regidrago\n|-supereffective|p1b: Urshifu\n|-damage|p1a: Regidrago|4\/100\n|-damage|p1b: Urshifu|0 fnt\n|faint|p1b: Urshifu\n|move|p1a: Regidrago|Earth Power|p2b: BbTrickz\n|-damage|p2b: BbTrickz|1\/100\n|\n|upkeep\n|turn|11\n|\n|t:|1700858524\n|move|p2b: BbTrickz|Dazzling Gleam|p1a: Regidrago\n|-supereffective|p1a: Regidrago\n|-damage|p1a: Regidrago|0 fnt\n|faint|p1a: Regidrago\n|\n|win|NuriaHablamePorfa\n","uploadtime":1700858530,"views":2,"p1id":"alvaroqb","p2id":"nuriahablameporfa","formatid":"gen9vgc2023regulatione","rating":0,"private":0,"password":""}