{"id":"gen9vgc2023regulatione-1995453206","p1":"taliex4","p2":"Bish_Chef","format":"[Gen 9] VGC 2023 Regulation E","log":"|j|\u2606taliex4\n|j|\u2606Bish_Chef\n|t:|1700572540\n|gametype|doubles\n|player|p1|taliex4|1|1046\n|player|p2|Bish_Chef|ethan|1000\n|teamsize|p1|6\n|teamsize|p2|6\n|gen|9\n|tier|[Gen 9] VGC 2023 Regulation E\n|rated|\n|rule|Species Clause: Limit one of each Pok\u00e9mon\n|rule|Item Clause: Limit one of each item\n|clearpoke\n|poke|p1|Toxtricity, L50, M|\n|poke|p1|Ogerpon-Wellspring, L50, F|\n|poke|p1|Tatsugiri, L50, M|\n|poke|p1|Gastrodon, L50, M|\n|poke|p1|Articuno-Galar, L50|\n|poke|p1|Corviknight, L50, M|\n|poke|p2|Ninetales-Alola, L50, M|\n|poke|p2|Arcanine-Hisui, L50, F|\n|poke|p2|Sinistcha-Masterpiece, L50|\n|poke|p2|Ogerpon-Wellspring, L50, F|\n|poke|p2|Chien-Pao, L50|\n|poke|p2|Iron Bundle, L50|\n|teampreview|4\nBish_Chef has agreed to open team sheets.\n|\n|t:|1700572589\n|start\n|switch|p1a: Toxtricity|Toxtricity, L50, M|100\/100\n|switch|p1b: Articuno|Articuno-Galar, L50|100\/100\n|switch|p2a: Arcanine|Arcanine-Hisui, L50, F|100\/100\n|switch|p2b: Ninetales|Ninetales-Alola, L50, M|100\/100\n|-weather|Snow|[from] ability: Snow Warning|[of] p2b: Ninetales\n|-ability|p2a: Arcanine|Intimidate|boost\n|-unboost|p1a: Toxtricity|atk|1\n|-unboost|p1b: Articuno|atk|1\n|-ability|p1b: Articuno|Competitive|boost\n|-boost|p1b: Articuno|spa|2\n|turn|1\n|\n|t:|1700572615\n|move|p1a: Toxtricity|Protect|p1a: Toxtricity\n|-singleturn|p1a: Toxtricity|Protect\n|move|p2b: Ninetales|Aurora Veil|p2b: Ninetales\n|-sidestart|p2: Bish_Chef|move: Aurora Veil\n|move|p2a: Arcanine|Rock Slide|p1a: Toxtricity|[spread] p1b\n|-activate|p1a: Toxtricity|move: Protect\n|-supereffective|p1b: Articuno\n|-damage|p1b: Articuno|31\/100\n|move|p1b: Articuno|Trick Room|p1b: Articuno\n|-fieldstart|move: Trick Room|[of] p1b: Articuno\n|\n|-weather|Snow|[upkeep]\n|upkeep\n|turn|2\n|\n|t:|1700572656\n|switch|p1a: Corviknight|Corviknight, L50, M|100\/100\n|move|p2a: Arcanine|Extreme Speed|p1b: Articuno\n|-damage|p1b: Articuno|0 fnt\n|faint|p1b: Articuno\n|move|p2b: Ninetales|Blizzard|p1a: Corviknight\n|-damage|p1a: Corviknight|56\/100\n|\n|-weather|Snow|[upkeep]\n|upkeep\n|\n|t:|1700572665\n|switch|p1b: Ogerpon|Ogerpon-Wellspring, L50, F|100\/100\n|turn|3\n|\n|t:|1700572695\n|-terastallize|p2a: Arcanine|Fairy\n|-terastallize|p1b: Ogerpon|Water\n|detailschange|p1b: Ogerpon|Ogerpon-Wellspring-Tera, L50, F, tera:Water\n|-ability|p1b: Ogerpon|Embody Aspect (Wellspring)|boost\n|-boost|p1b: Ogerpon|spd|1\n|move|p1a: Corviknight|Iron Head|p2b: Ninetales\n|-supereffective|p2b: Ninetales\n|-damage|p2b: Ninetales|7\/100\n|move|p2a: Arcanine|Rock Slide|p1b: Ogerpon|[spread] p1a,p1b\n|-damage|p1a: Corviknight|31\/100\n|-damage|p1b: Ogerpon|59\/100\n|cant|p2b: Ninetales|flinch\n|move|p1b: Ogerpon|Ivy Cudgel|p2a: Arcanine|[anim] Ivy Cudgel Water\n|-damage|p2a: Arcanine|37\/100\n|\n|-weather|Snow|[upkeep]\n|upkeep\n|turn|4\n|\n|t:|1700572729\n|switch|p2b: Chien-Pao|Chien-Pao, L50|100\/100\n|-ability|p2b: Chien-Pao|Sword of Ruin\n|move|p1b: Ogerpon|Spiky Shield|p1b: Ogerpon\n|-singleturn|p1b: Ogerpon|move: Protect\n|move|p1a: Corviknight|Iron Head|p2a: Arcanine\n|-supereffective|p2a: Arcanine\n|-damage|p2a: Arcanine|0 fnt\n|faint|p2a: Arcanine\n|\n|-weather|Snow|[upkeep]\n|upkeep\n|\n|t:|1700572742\n|switch|p2a: Sinistcha|Sinistcha-Masterpiece, L50|100\/100\n|turn|5\n|\n|t:|1700572752\n|move|p2a: Sinistcha|Protect|p2a: Sinistcha\n|-singleturn|p2a: Sinistcha|Protect\n|move|p2b: Chien-Pao|Protect|p2b: Chien-Pao\n|-singleturn|p2b: Chien-Pao|Protect\n|move|p1a: Corviknight|Roost|p1a: Corviknight\n|-heal|p1a: Corviknight|81\/100\n|-singleturn|p1a: Corviknight|move: Roost\n|move|p1b: Ogerpon|Play Rough|p2b: Chien-Pao\n|-activate|p2b: Chien-Pao|move: Protect\n|\n|-weather|none\n|-fieldend|move: Trick Room\n|upkeep\n|turn|6\n|\n|t:|1700572768\n|move|p1b: Ogerpon|Spiky Shield|p1b: Ogerpon\n|-singleturn|p1b: Ogerpon|move: Protect\n|move|p2b: Chien-Pao|Sucker Punch||[still]\n|-fail|p2b: Chien-Pao\n|move|p1a: Corviknight|Tailwind|p1a: Corviknight\n|-sidestart|p1: taliex4|move: Tailwind\n|move|p2a: Sinistcha|Matcha Gotcha|p1a: Corviknight|[spread] p1a\n|-activate|p1b: Ogerpon|move: Protect\n|-resisted|p1a: Corviknight\n|-damage|p1a: Corviknight|73\/100\n|\n|upkeep\n|turn|7\n|\n|t:|1700572793\n|move|p2b: Chien-Pao|Protect|p2b: Chien-Pao\n|-singleturn|p2b: Chien-Pao|Protect\n|move|p2a: Sinistcha|Protect|p2a: Sinistcha\n|-singleturn|p2a: Sinistcha|Protect\n|move|p1b: Ogerpon|Play Rough|p2b: Chien-Pao\n|-activate|p2b: Chien-Pao|move: Protect\n|move|p1a: Corviknight|Iron Head|p2b: Chien-Pao\n|-activate|p2b: Chien-Pao|move: Protect\n|\n|upkeep\n|turn|8\n|\n|t:|1700572810\n|move|p1b: Ogerpon|Spiky Shield|p1b: Ogerpon\n|-singleturn|p1b: Ogerpon|move: Protect\n|move|p2b: Chien-Pao|Sucker Punch||[still]\n|-fail|p2b: Chien-Pao\n|move|p1a: Corviknight|Iron Head|p2b: Chien-Pao\n|-supereffective|p2b: Chien-Pao\n|-damage|p2b: Chien-Pao|38\/100\n|move|p2a: Sinistcha|Matcha Gotcha|p1b: Ogerpon|[spread] p1a\n|-activate|p1b: Ogerpon|move: Protect\n|-resisted|p1a: Corviknight\n|-damage|p1a: Corviknight|67\/100\n|\n|-sideend|p2: Bish_Chef|move: Aurora Veil\n|upkeep\n|turn|9\n|\n|t:|1700572831\n|switch|p1b: Toxtricity|Toxtricity, L50, M|100\/100\n|move|p2b: Chien-Pao|Protect|p2b: Chien-Pao\n|-singleturn|p2b: Chien-Pao|Protect\n|move|p2a: Sinistcha|Protect|p2a: Sinistcha\n|-singleturn|p2a: Sinistcha|Protect\n|move|p1a: Corviknight|Roost|p1a: Corviknight\n|-heal|p1a: Corviknight|100\/100\n|-singleturn|p1a: Corviknight|move: Roost\n|\n|-sideend|p1: taliex4|move: Tailwind\n|upkeep\n|turn|10\n|\n|t:|1700572864\n|switch|p2a: Ninetales|Ninetales-Alola, L50, M|7\/100\n|-weather|Snow|[from] ability: Snow Warning|[of] p2a: Ninetales\n|move|p1b: Toxtricity|Overdrive|p2a: Ninetales|[spread] p2a,p2b\n|-damage|p2a: Ninetales|0 fnt\n|-damage|p2b: Chien-Pao|0 fnt\n|faint|p2a: Ninetales\n|faint|p2b: Chien-Pao\n|move|p1a: Corviknight|Tailwind|p1a: Corviknight\n|-sidestart|p1: taliex4|move: Tailwind\n|\n|-weather|Snow|[upkeep]\n|upkeep\n|c|\u2606Bish_Chef|gg\n|\n|t:|1700572880\n|switch|p2b: Sinistcha|Sinistcha-Masterpiece, L50|100\/100\n|turn|11\n|\n|t:|1700572895\n|move|p1b: Toxtricity|Overdrive|p2b: Sinistcha\n|-resisted|p2b: Sinistcha\n|-damage|p2b: Sinistcha|75\/100\n|move|p1a: Corviknight|Brave Bird|p2b: Sinistcha\n|-supereffective|p2b: Sinistcha\n|-crit|p2b: Sinistcha\n|-damage|p2b: Sinistcha|0 fnt\n|faint|p2b: Sinistcha\n|-damage|p1a: Corviknight|76\/100|[from] Recoil\n|\n|win|taliex4\n|raw|taliex4's rating: 1046 &rarr; <strong>1075<\/strong><br \/>(+29 for winning)\n|raw|Bish_Chef's rating: 1000 &rarr; <strong>1000<\/strong><br \/>(+0 for losing)\n|l|\u2606Bish_Chef\n","uploadtime":1700572908,"views":7,"p1id":"taliex4","p2id":"bishchef","formatid":"gen9vgc2023regulatione","rating":1000,"private":0,"password":""}