{"id":"gen9vgc2023regulatione-1997677053","p1":"Tyranichunk","p2":"Axel316","format":"[Gen 9] VGC 2023 Regulation E","log":"|j|\u2606Tyranichunk\n|j|\u2606Axel316\n|t:|1700840684\n|gametype|doubles\n|player|p1|Tyranichunk|hilbert|1357\n|player|p2|Axel316|169|1265\n|teamsize|p1|6\n|teamsize|p2|6\n|gen|9\n|tier|[Gen 9] VGC 2023 Regulation E\n|rated|\n|rule|Species Clause: Limit one of each Pok\u00e9mon\n|rule|Item Clause: Limit one of each item\n|clearpoke\n|poke|p1|Iron Hands, L50|\n|poke|p1|Landorus-Therian, L50, M|\n|poke|p1|Sinistcha, L50|\n|poke|p1|Grimmsnarl, L50, M|\n|poke|p1|Goodra-Hisui, L50, M|\n|poke|p1|Toxapex, L50, F|\n|poke|p2|Zapdos-Galar, L50|\n|poke|p2|Heatran, L50, M|\n|poke|p2|Tornadus, L50, M|\n|poke|p2|Sinistcha, L50|\n|poke|p2|Indeedee-F, L50, F|\n|poke|p2|Roaring Moon, L50|\n|teampreview|4\n|inactive|Battle timer is ON: inactive players will automatically lose when time's up. (requested by Tyranichunk)\n|inactive|Tyranichunk has 60 seconds left.\n|inactive|Axel316 has 60 seconds left.\n|\n|t:|1700840739\n|start\n|switch|p1a: Grimmsnarl|Grimmsnarl, L50, M|100\/100\n|switch|p1b: Goodra|Goodra-Hisui, L50, M|100\/100\n|switch|p2a: Roaring Moon|Roaring Moon, L50|100\/100\n|switch|p2b: Indeedee|Indeedee-F, L50, F|100\/100\n|-fieldstart|move: Psychic Terrain|[from] ability: Psychic Surge|[of] p2b: Indeedee\n|-enditem|p2b: Indeedee|Psychic Seed\n|-boost|p2b: Indeedee|spd|1|[from] item: Psychic Seed\n|-enditem|p2a: Roaring Moon|Booster Energy\n|-activate|p2a: Roaring Moon|ability: Protosynthesis|[fromitem]\n|-start|p2a: Roaring Moon|protosynthesisatk\n|turn|1\n|inactive|Tyranichunk has 30 seconds left.\n|inactive|Tyranichunk has 20 seconds left.\n|inactive|Tyranichunk has 15 seconds left.\n|inactive|Tyranichunk has 10 seconds left.\n|inactive|Tyranichunk has 5 seconds left.\n|\n|t:|1700840791\n|move|p2b: Indeedee|Follow Me|p2b: Indeedee\n|-singleturn|p2b: Indeedee|move: Follow Me\n|move|p2a: Roaring Moon|Knock Off|p1b: Goodra\n|-damage|p1b: Goodra|50\/100\n|-enditem|p1b: Goodra|Leftovers|[from] move: Knock Off|[of] p2a: Roaring Moon\n|move|p1b: Goodra|Shelter|p1b: Goodra\n|-boost|p1b: Goodra|def|2\n|move|p1a: Grimmsnarl|Spirit Break|p2b: Indeedee\n|-damage|p2b: Indeedee|69\/100\n|-unboost|p2b: Indeedee|spa|1\n|\n|upkeep\n|turn|2\n|inactive|Tyranichunk has 30 seconds left.\n|inactive|Axel316 has 30 seconds left.\n|inactive|Tyranichunk has 20 seconds left.\n|\n|t:|1700840829\n|move|p2b: Indeedee|Follow Me|p2b: Indeedee\n|-singleturn|p2b: Indeedee|move: Follow Me\n|move|p2a: Roaring Moon|Knock Off|p1a: Grimmsnarl\n|-resisted|p1a: Grimmsnarl\n|-damage|p1a: Grimmsnarl|84\/100\n|-enditem|p1a: Grimmsnarl|Covert Cloak|[from] move: Knock Off|[of] p2a: Roaring Moon\n|move|p1b: Goodra|Body Press|p2b: Indeedee\n|-damage|p2b: Indeedee|20\/100\n|move|p1a: Grimmsnarl|Spirit Break|p2b: Indeedee\n|-damage|p2b: Indeedee|0 fnt\n|faint|p2b: Indeedee\n|\n|upkeep\n|\n|t:|1700840842\n|switch|p2b: Heatran|Heatran, L50, M|100\/100\n|turn|3\n|\n|t:|1700840858\n|-terastallize|p2b: Heatran|Fairy\n|-terastallize|p1b: Goodra|Water\n|move|p2a: Roaring Moon|Protect|p2a: Roaring Moon\n|-singleturn|p2a: Roaring Moon|Protect\n|move|p1a: Grimmsnarl|Light Screen|p1a: Grimmsnarl\n|-sidestart|p1: Tyranichunk|move: Light Screen\n|move|p2b: Heatran|Earth Power|p1b: Goodra\n|-damage|p1b: Goodra|37\/100\n|move|p1b: Goodra|Life Dew|p1b: Goodra|[spread] p1a,p1b\n|-heal|p1a: Grimmsnarl|100\/100\n|-heal|p1b: Goodra|62\/100\n|\n|upkeep\n|turn|4\n|\n|t:|1700840881\n|-end|p2a: Roaring Moon|Protosynthesis|[silent]\n|switch|p2a: Sinistcha|Sinistcha, L50|100\/100\n|move|p2b: Heatran|Flash Cannon|p1a: Grimmsnarl\n|-supereffective|p1a: Grimmsnarl\n|-crit|p1a: Grimmsnarl\n|-damage|p1a: Grimmsnarl|0 fnt\n|faint|p1a: Grimmsnarl\n|move|p1b: Goodra|Heavy Slam|p2b: Heatran\n|-supereffective|p2b: Heatran\n|-damage|p2b: Heatran|81\/100\n|\n|-heal|p2b: Heatran|87\/100|[from] item: Leftovers\n|upkeep\n|\n|t:|1700840892\n|switch|p1a: Toxapex|Toxapex, L50, F|100\/100\n|turn|5\n|inactive|Tyranichunk has 30 seconds left.\n|\n|t:|1700840923\n|move|p2b: Heatran|Protect|p2b: Heatran\n|-singleturn|p2b: Heatran|Protect\n|move|p1b: Goodra|Shelter|p1b: Goodra\n|-boost|p1b: Goodra|def|2\n|move|p2a: Sinistcha|Matcha Gotcha|p1a: Toxapex|[spread] p1a\n|-ability|p1b: Goodra|Sap Sipper|boost\n|-boost|p1b: Goodra|atk|1\n|-damage|p1a: Toxapex|87\/100\n|move|p1a: Toxapex|Infestation|p2b: Heatran\n|-activate|p2b: Heatran|move: Protect\n|\n|-heal|p2b: Heatran|93\/100|[from] item: Leftovers\n|-fieldend|move: Psychic Terrain\n|upkeep\n|turn|6\n|inactive|Tyranichunk has 30 seconds left.\n|inactive|Axel316 has 30 seconds left.\n|inactive|Tyranichunk has 20 seconds left.\n|inactive|Tyranichunk has 15 seconds left.\n|\n|t:|1700840966\n|move|p2a: Sinistcha|Rage Powder|p2a: Sinistcha\n|-singleturn|p2a: Sinistcha|move: Rage Powder\n|move|p2b: Heatran|Earth Power|p1a: Toxapex\n|-supereffective|p1a: Toxapex\n|-damage|p1a: Toxapex|56\/100\n|move|p1b: Goodra|Body Press|p2a: Sinistcha\n|-immune|p2a: Sinistcha\n|move|p1a: Toxapex|Infestation|p2a: Sinistcha\n|-damage|p2a: Sinistcha|98\/100\n|-activate|p2a: Sinistcha|move: Infestation|[of] p1a: Toxapex\n|\n|-heal|p2b: Heatran|99\/100|[from] item: Leftovers\n|-damage|p2a: Sinistcha|81\/100|[from] move: Infestation|[partiallytrapped]\n|upkeep\n|turn|7\n|\n|t:|1700840990\n|move|p2a: Sinistcha|Rage Powder|p2a: Sinistcha\n|-singleturn|p2a: Sinistcha|move: Rage Powder\n|move|p2b: Heatran|Earth Power|p1b: Goodra\n|-damage|p1b: Goodra|49\/100\n|move|p1b: Goodra|Heavy Slam|p2a: Sinistcha\n|-damage|p2a: Sinistcha|34\/100\n|move|p1a: Toxapex|Recover|p1a: Toxapex\n|-heal|p1a: Toxapex|100\/100\n|\n|-heal|p2b: Heatran|100\/100|[from] item: Leftovers\n|-damage|p2a: Sinistcha|18\/100|[from] move: Infestation|[partiallytrapped]\n|-sideend|p1: Tyranichunk|move: Light Screen\n|upkeep\n|turn|8\n|\n|t:|1700841011\n|move|p1a: Toxapex|Baneful Bunker|p1a: Toxapex\n|-singleturn|p1a: Toxapex|move: Protect\n|move|p2b: Heatran|Earth Power|p1a: Toxapex\n|-activate|p1a: Toxapex|move: Protect\n|move|p1b: Goodra|Life Dew||[still]|[spread] p1a,p1b\n|-fail|p1a: Toxapex|heal\n|-heal|p1b: Goodra|74\/100\n|move|p2a: Sinistcha|Strength Sap|p1a: Toxapex\n|-activate|p1a: Toxapex|move: Protect\n|\n|-damage|p2a: Sinistcha|1\/100|[from] move: Infestation|[partiallytrapped]\n|upkeep\n|turn|9\n|\n|t:|1700841031\n|move|p2b: Heatran|Earth Power|p1a: Toxapex\n|-supereffective|p1a: Toxapex\n|-damage|p1a: Toxapex|51\/100\n|move|p1b: Goodra|Heavy Slam|p2b: Heatran\n|-supereffective|p2b: Heatran\n|-damage|p2b: Heatran|67\/100\n|move|p2a: Sinistcha|Strength Sap|p1a: Toxapex\n|-unboost|p1a: Toxapex|atk|1\n|-heal|p2a: Sinistcha|36\/100\n|move|p1a: Toxapex|Infestation|p2b: Heatran\n|-resisted|p2b: Heatran\n|-damage|p2b: Heatran|66\/100\n|-activate|p2b: Heatran|move: Infestation|[of] p1a: Toxapex\n|\n|-heal|p2b: Heatran|72\/100|[from] item: Leftovers\n|-damage|p2b: Heatran|56\/100|[from] move: Infestation|[partiallytrapped]\n|-damage|p2a: Sinistcha|19\/100|[from] move: Infestation|[partiallytrapped]\n|upkeep\n|turn|10\n|inactive|Axel316 has 30 seconds left.\n|\n|t:|1700841061\n|move|p2b: Heatran|Earth Power|p1b: Goodra\n|-damage|p1b: Goodra|54\/100\n|move|p1b: Goodra|Heavy Slam|p2b: Heatran\n|-supereffective|p2b: Heatran\n|-damage|p2b: Heatran|22\/100\n|move|p2a: Sinistcha|Matcha Gotcha|p1a: Toxapex|[spread] p1a\n|-ability|p1b: Goodra|Sap Sipper|boost\n|-boost|p1b: Goodra|atk|1\n|-damage|p1a: Toxapex|31\/100\n|-heal|p2a: Sinistcha|29\/100|[from] drain|[of] p1a: Toxapex\n|-status|p1a: Toxapex|brn\n|move|p1a: Toxapex|Recover|p1a: Toxapex\n|-heal|p1a: Toxapex|81\/100 brn\n|\n|-heal|p2b: Heatran|28\/100|[from] item: Leftovers\n|-damage|p1a: Toxapex|76\/100 brn|[from] brn\n|-damage|p2b: Heatran|12\/100|[from] move: Infestation|[partiallytrapped]\n|-end|p2a: Sinistcha|Infestation|[partiallytrapped]\n|upkeep\n|turn|11\n|\n|t:|1700841084\n|move|p2a: Sinistcha|Rage Powder|p2a: Sinistcha\n|-singleturn|p2a: Sinistcha|move: Rage Powder\n|move|p2b: Heatran|Earth Power|p1b: Goodra\n|-damage|p1b: Goodra|34\/100\n|move|p1b: Goodra|Heavy Slam|p2a: Sinistcha\n|-damage|p2a: Sinistcha|0 fnt\n|faint|p2a: Sinistcha\n|move|p1a: Toxapex|Infestation|p2b: Heatran\n|-resisted|p2b: Heatran\n|-damage|p2b: Heatran|11\/100\n|\n|-heal|p2b: Heatran|17\/100|[from] item: Leftovers\n|-damage|p1a: Toxapex|70\/100 brn|[from] brn\n|-damage|p2b: Heatran|0 fnt|[from] move: Infestation|[partiallytrapped]\n|faint|p2b: Heatran\n|upkeep\n|-message|Axel316 forfeited.\n|\n|win|Tyranichunk\n|raw|Tyranichunk's rating: 1357 &rarr; <strong>1372<\/strong><br \/>(+15 for winning)\n|raw|Axel316's rating: 1265 &rarr; <strong>1246<\/strong><br \/>(-19 for losing)\n|l|\u2606Axel316\n","uploadtime":1700841117,"views":14,"p1id":"tyranichunk","p2id":"axel316","formatid":"gen9vgc2023regulatione","rating":1246,"private":0,"password":""}