{"id":"gen9vgc2023regulatione-1993190576","p1":"N4N0vgc","p2":"LMagician","format":"[Gen 9] VGC 2023 Regulation E","log":"|j|\u2606N4N0vgc\n|j|\u2606LMagician\n|n|\u2606N4N0vgc|n4n0vgc\n|n|\u2606LMagician|lmagician\n|html|View the match progress at <a href=\"\/game-bestof3-gen9vgc2023regulatione-1993190575\">game-bestof3-gen9vgc2023regulatione-1993190575<\/a>\n|t:|1700275923\n|gametype|doubles\n|player|p1|N4N0vgc|guzma|\n|player|p2|LMagician|steven|\n|teamsize|p1|6\n|teamsize|p2|6\n|gen|9\n|tier|[Gen 9] VGC 2023 Regulation E\n|rule|Species Clause: Limit one of each Pok\u00e9mon\n|rule|Item Clause: Limit one of each item\n|clearpoke\n|poke|p1|Tornadus, L50, M|\n|poke|p1|Arcanine-Hisui, L50, M|\n|poke|p1|Rillaboom, L50, M|\n|poke|p1|Flutter Mane, L50|\n|poke|p1|Urshifu-*, L50, M|\n|poke|p1|Chien-Pao, L50|\n|poke|p2|Tornadus, L50, M|\n|poke|p2|Flutter Mane, L50|\n|poke|p2|Landorus-Therian, L50, M|\n|poke|p2|Heatran, L50, F|\n|poke|p2|Roaring Moon, L50|\n|poke|p2|Ogerpon-Wellspring, L50, F|\n|teampreview|4\nLMagician has agreed to open team sheets.\nN4N0vgc has agreed to open team sheets.\n|showteam|p1|Tornadus||RockyHelmet|Prankster|BleakwindStorm,Taunt,Tailwind,RainDance|||M|||50|,,,,,Ghost]Arcanine-Hisui||ChoiceBand|Intimidate|ExtremeSpeed,FlareBlitz,RockSlide,TeraBlast|||M|||50|,,,,,Fairy]Rillaboom||AssaultVest|GrassySurge|FakeOut,WoodHammer,GrassyGlide,Uturn|||M|||50|,,,,,Fire]Flutter Mane||BoosterEnergy|Protosynthesis|Moonblast,DazzlingGleam,ShadowBall,Protect||||||50|,,,,,Fairy]Urshifu-Rapid-Strike||MysticWater|UnseenFist|Detect,SurgingStrikes,CloseCombat,AquaJet|||M|||50|,,,,,Water]Chien-Pao||FocusSash|SwordofRuin|SuckerPunch,IcicleCrash,SacredSword,Protect||||||50|,,,,,Ghost\n|showteam|p2|Tornadus||CovertCloak|Prankster|Tailwind,BleakwindStorm,SunnyDay,RainDance|||M|||50|,,,,,Dragon]Flutter Mane||ChoiceSpecs|Protosynthesis|Moonblast,ShadowBall,DazzlingGleam,TrickRoom||||||50|,,,,,Fairy]Landorus-Therian||ChoiceScarf|Intimidate|StompingTantrum,TeraBlast,RockSlide,Uturn|||M|||50|,,,,,Flying]Heatran||LifeOrb|FlashFire|HeatWave,FlashCannon,Protect,EarthPower|||F|||50|,,,,,Grass]Roaring Moon||BoosterEnergy|Protosynthesis|Acrobatics,KnockOff,Protect,DragonDance||||||50|,,,,,Flying]Ogerpon-Wellspring||WellspringMask|WaterAbsorb|IvyCudgel,WoodHammer,SpikyShield,FollowMe|||F|||50|,,,,,Water\n|inactive|Battle timer is ON: inactive players will automatically lose when time's up. (requested by N4N0vgc)\n|j| FenrirZzz\n|inactive|N4N0vgc has 60 seconds left.\n|inactive|LMagician has 60 seconds left.\n|c|\u2606N4N0vgc|glhf\n|inactive|LMagician has 30 seconds left.\n|inactive|LMagician has 20 seconds left.\n|inactive|LMagician has 15 seconds left.\n|inactive|LMagician has 10 seconds left.\n|\n|t:|1700276016\n|start\n|switch|p1a: Lakitu|Tornadus, L50, M, shiny|100\/100\n|switch|p1b: Michi|Chien-Pao, L50|100\/100\n|switch|p2a: Tornadus|Tornadus, L50, M|100\/100\n|switch|p2b: Landorus|Landorus-Therian, L50, M|100\/100\n|-ability|p2b: Landorus|Intimidate|boost\n|-unboost|p1a: Lakitu|atk|1\n|-unboost|p1b: Michi|atk|1\n|-ability|p1b: Michi|Sword of Ruin\n|turn|1\n|\n|t:|1700276039\n|move|p2a: Tornadus|Tailwind|p2a: Tornadus\n|-sidestart|p2: LMagician|move: Tailwind\n|move|p1a: Lakitu|Tailwind|p1a: Lakitu\n|-sidestart|p1: N4N0vgc|move: Tailwind\n|move|p2b: Landorus|U-turn|p1b: Michi\n|-supereffective|p1b: Michi\n|-crit|p1b: Michi\n|-damage|p1b: Michi|1\/100\n|\n|t:|1700276046\n|switch|p2b: Heatran|Heatran, L50, F|100\/100|[from] U-turn\n|move|p1b: Michi|Icicle Crash|p2b: Heatran\n|-resisted|p2b: Heatran\n|-damage|p2b: Heatran|92\/100\n|\n|upkeep\n|turn|2\n|inactive|LMagician has 30 seconds left.\n|\n|t:|1700276076\n|move|p1b: Michi|Protect|p1b: Michi\n|-singleturn|p1b: Michi|Protect\n|move|p1a: Lakitu|Taunt|p2a: Tornadus\n|-start|p2a: Tornadus|move: Taunt\n|move|p2a: Tornadus|Bleakwind Storm|p1a: Lakitu|[spread] p1a\n|-activate|p1b: Michi|move: Protect\n|-damage|p1a: Lakitu|74\/100\n|-unboost|p1a: Lakitu|spe|1\n|move|p2b: Heatran|Heat Wave|p1a: Lakitu|[spread] p1a\n|-activate|p1b: Michi|move: Protect\n|-damage|p1a: Lakitu|34\/100\n|-damage|p2b: Heatran|83\/100|[from] item: Life Orb\n|\n|upkeep\n|turn|3\n|\n|t:|1700276092\n|move|p1a: Lakitu|Tailwind||[still]\n|-fail|p1a: Lakitu\n|move|p1b: Michi|Icicle Crash|p2a: Tornadus\n|-supereffective|p2a: Tornadus\n|-damage|p2a: Tornadus|29\/100\n|move|p2a: Tornadus|Bleakwind Storm|p1a: Lakitu|[spread] p1a,p1b\n|-damage|p1a: Lakitu|7\/100\n|-damage|p1b: Michi|0 fnt\n|-unboost|p1a: Lakitu|spe|1\n|faint|p1b: Michi\n|move|p2b: Heatran|Heat Wave|p1a: Lakitu\n|-damage|p1a: Lakitu|0 fnt\n|faint|p1a: Lakitu\n|-damage|p2b: Heatran|73\/100|[from] item: Life Orb\n|\n|upkeep\n|\n|t:|1700276097\n|switch|p1b: MelaMeneo|Flutter Mane, L50, shiny|100\/100\n|switch|p1a: Cari\u00f1OSO|Urshifu-Rapid-Strike, L50, M|100\/100\n|-enditem|p1b: MelaMeneo|Booster Energy\n|-activate|p1b: MelaMeneo|ability: Protosynthesis|[fromitem]\n|-start|p1b: MelaMeneo|protosynthesisspa\n|turn|4\n|inactive|LMagician has 30 seconds left.\n|\n|t:|1700276130\n|switch|p2a: Landorus|Landorus-Therian, L50, M|100\/100\n|-ability|p2a: Landorus|Intimidate|boost\n|-unboost|p1a: Cari\u00f1OSO|atk|1\n|-unboost|p1b: MelaMeneo|atk|1\n|-terastallize|p2b: Heatran|Grass\n|move|p2b: Heatran|Protect|p2b: Heatran\n|-singleturn|p2b: Heatran|Protect\n|move|p1b: MelaMeneo|Dazzling Gleam|p2a: Landorus|[spread] p2a\n|-activate|p2b: Heatran|move: Protect\n|-damage|p2a: Landorus|58\/100\n|move|p1a: Cari\u00f1OSO|Close Combat|p2b: Heatran\n|-crit|p2b: Heatran\n|-damage|p2b: Heatran|0 fnt\n|-unboost|p1a: Cari\u00f1OSO|def|1\n|-unboost|p1a: Cari\u00f1OSO|spd|1\n|faint|p2b: Heatran\n|\n|-sideend|p2: LMagician|move: Tailwind\n|-sideend|p1: N4N0vgc|move: Tailwind\n|upkeep\n|\n|t:|1700276153\n|switch|p2b: Tornadus|Tornadus, L50, M|29\/100\n|turn|5\n|\n|t:|1700276176\n|-terastallize|p1b: MelaMeneo|Fairy\n|move|p1a: Cari\u00f1OSO|Detect|p1a: Cari\u00f1OSO\n|-singleturn|p1a: Cari\u00f1OSO|Protect\n|move|p2b: Tornadus|Tailwind|p2b: Tornadus\n|-sidestart|p2: LMagician|move: Tailwind\n|move|p2a: Landorus|Stomping Tantrum|p1b: MelaMeneo\n|-damage|p1b: MelaMeneo|40\/100\n|move|p1b: MelaMeneo|Dazzling Gleam|p2b: Tornadus|[spread] p2a,p2b\n|-damage|p2a: Landorus|0 fnt\n|-damage|p2b: Tornadus|0 fnt\n|faint|p2a: Landorus\n|faint|p2b: Tornadus\n|\n|upkeep\n|\n|t:|1700276189\n|switch|p2b: Ogerpon|Ogerpon-Wellspring, L50, F|100\/100\n|turn|6\n|\n|t:|1700276206\n|move|p1a: Cari\u00f1OSO|Detect|p1a: Cari\u00f1OSO\n|-singleturn|p1a: Cari\u00f1OSO|Protect\n|move|p2b: Ogerpon|Ivy Cudgel|p1b: MelaMeneo|[anim] Ivy Cudgel Water\n|-damage|p1b: MelaMeneo|0 fnt\n|faint|p1b: MelaMeneo\n|-end|p1b: MelaMeneo|Protosynthesis|[silent]\n|\n|upkeep\n|turn|7\n|\n|t:|1700276213\n|move|p2b: Ogerpon|Wood Hammer|p1a: Cari\u00f1OSO\n|-supereffective|p1a: Cari\u00f1OSO\n|-damage|p1a: Cari\u00f1OSO|0 fnt\n|faint|p1a: Cari\u00f1OSO\n|-damage|p2b: Ogerpon|66\/100|[from] Recoil\n|\n|win|LMagician\n|c|&|\/uhtml prompt-n4n0vgc,N4N0vgc is ready for game 2!\n|c|&|\/uhtml prompt-lmagician,LMagician is ready for game 2!\nBoth players are ready! Starting next match!\n|l|\u2606N4N0vgc\n","uploadtime":1700276583,"views":11,"p1id":"n4n0vgc","p2id":"lmagician","formatid":"gen9vgc2023regulatione","rating":0,"private":0,"password":""}