{"id":"gen9vgc2023regulatione-2000369030","p1":"Dioxide8","p2":"Kill_Ko_Kill","format":"[Gen 9] VGC 2023 Regulation E","log":"|j|\u2606Dioxide8\n|j|\u2606Kill_Ko_Kill\n|t:|1701188979\n|gametype|doubles\n|player|p1|Dioxide8|youngster-gen4dp|1552\n|player|p2|Kill_Ko_Kill|ingo|1456\n|teamsize|p1|6\n|teamsize|p2|6\n|gen|9\n|tier|[Gen 9] VGC 2023 Regulation E\n|rated|\n|rule|Species Clause: Limit one of each Pok\u00e9mon\n|rule|Item Clause: Limit one of each item\n|clearpoke\n|poke|p1|Tornadus, L50, M|\n|poke|p1|Urshifu-*, L50, F|\n|poke|p1|Chien-Pao, L50|\n|poke|p1|Arcanine-Hisui, L50, M|\n|poke|p1|Rillaboom, L50, M|\n|poke|p1|Flutter Mane, L50|\n|poke|p2|Urshifu-*, L50, F|\n|poke|p2|Tornadus, L50, M|\n|poke|p2|Chien-Pao, L50|\n|poke|p2|Flutter Mane, L50|\n|poke|p2|Rillaboom, L50, F|\n|poke|p2|Arcanine-Hisui, L50, M|\n|teampreview|4\n|c|\u2606Dioxide8|Should be a fun one haha.  Glhf\n|c|\u2606Kill_Ko_Kill|You too\n|\n|t:|1701189053\n|start\n|switch|p1a: Tornadus|Tornadus, L50, M|100\/100\n|switch|p1b: Urshifu|Urshifu-Rapid-Strike, L50, F|100\/100\n|switch|p2a: Urshifu|Urshifu-Rapid-Strike, L50, F|100\/100\n|switch|p2b: Tornadus|Tornadus, L50, M|100\/100\n|turn|1\n|c|\u2606Kill_Ko_Kill|Oh wait I\u2019m not locked? Epic\n|c|\u2606Kill_Ko_Kill|I was locked cause I\u2019m using a VPN for better service\n|c|\u2606Kill_Ko_Kill|How did I meet a dude with the EXACT same mons \ud83d\ude2d\ud83d\ude2d\n|\n|t:|1701189089\n|move|p2b: Tornadus|Tailwind|p2b: Tornadus\n|-sidestart|p2: Kill_Ko_Kill|move: Tailwind\n|move|p1a: Tornadus|Taunt|p2b: Tornadus\n|-start|p2b: Tornadus|move: Taunt\n|move|p2a: Urshifu|Close Combat|p1b: Urshifu\n|-crit|p1b: Urshifu\n|-damage|p1b: Urshifu|13\/100\n|-unboost|p2a: Urshifu|def|1\n|-unboost|p2a: Urshifu|spd|1\n|move|p1b: Urshifu|Close Combat|p2a: Urshifu\n|-damage|p2a: Urshifu|4\/100\n|-unboost|p1b: Urshifu|def|1\n|-unboost|p1b: Urshifu|spd|1\n|\n|upkeep\n|turn|2\n|\n|t:|1701189109\n|move|p2a: Urshifu|Aqua Jet|p1b: Urshifu\n|-resisted|p1b: Urshifu\n|-damage|p1b: Urshifu|0 fnt\n|faint|p1b: Urshifu\n|move|p1a: Tornadus|Tailwind|p1a: Tornadus\n|-sidestart|p1: Dioxide8|move: Tailwind\n|move|p2b: Tornadus|Bleakwind Storm|p1a: Tornadus|[miss]\n|-miss|p2b: Tornadus|p1a: Tornadus\n|\n|upkeep\n|\n|t:|1701189119\n|switch|p1b: Arcanine|Arcanine-Hisui, L50, M, shiny|100\/100\n|-ability|p1b: Arcanine|Intimidate|boost\n|-unboost|p2a: Urshifu|atk|1\n|-unboost|p2b: Tornadus|atk|1\n|turn|3\n|\n|t:|1701189138\n|-terastallize|p1b: Arcanine|Normal\n|move|p1b: Arcanine|Extreme Speed|p2b: Tornadus\n|-damage|p2b: Tornadus|11\/100\n|move|p2b: Tornadus|Bleakwind Storm|p1a: Tornadus|[spread] \n|-miss|p2b: Tornadus|p1a: Tornadus\n|-miss|p2b: Tornadus|p1b: Arcanine\n|move|p2a: Urshifu|Surging Strikes|p1b: Arcanine\n|-crit|p1b: Arcanine\n|-damage|p1b: Arcanine|70\/100\n|-crit|p1b: Arcanine\n|-damage|p1b: Arcanine|42\/100\n|-crit|p1b: Arcanine\n|-damage|p1b: Arcanine|12\/100\n|-hitcount|p1b: Arcanine|3\n|move|p1a: Tornadus|Bleakwind Storm|p2b: Tornadus|[spread] p2a,p2b\n|-supereffective|p2a: Urshifu\n|-damage|p2a: Urshifu|0 fnt\n|-damage|p2b: Tornadus|0 fnt\n|faint|p2a: Urshifu\n|faint|p2b: Tornadus\n|\n|upkeep\n|\n|t:|1701189147\n|switch|p2b: Rillaboom|Rillaboom, L50, F|100\/100\n|switch|p2a: Chien-Pao|Chien-Pao, L50|100\/100\n|-ability|p2a: Chien-Pao|Sword of Ruin\n|-fieldstart|move: Grassy Terrain|[from] ability: Grassy Surge|[of] p2b: Rillaboom\n|turn|4\n|\n|t:|1701189172\n|-terastallize|p2a: Chien-Pao|Dark\n|move|p2b: Rillaboom|Fake Out|p1b: Arcanine\n|-damage|p1b: Arcanine|0 fnt\n|faint|p1b: Arcanine\n|move|p2a: Chien-Pao|Sucker Punch|p1a: Tornadus\n|-damage|p1a: Tornadus|35\/100\n|move|p1a: Tornadus|Bleakwind Storm|p2b: Rillaboom|[spread] p2a,p2b\n|-supereffective|p2b: Rillaboom\n|-damage|p2a: Chien-Pao|52\/100\n|-damage|p2b: Rillaboom|35\/100\n|-unboost|p2b: Rillaboom|spe|1\n|\n|-heal|p2a: Chien-Pao|58\/100|[from] Grassy Terrain\n|-heal|p2b: Rillaboom|41\/100|[from] Grassy Terrain\n|-sideend|p2: Kill_Ko_Kill|move: Tailwind\n|upkeep\n|\n|t:|1701189182\n|switch|p1b: Chien-Pao|Chien-Pao, L50|100\/100\n|-ability|p1b: Chien-Pao|Sword of Ruin\n|turn|5\n|\n|t:|1701189229\n|move|p1a: Tornadus|Taunt|p2b: Rillaboom\n|-start|p2b: Rillaboom|move: Taunt\n|move|p2a: Chien-Pao|Sucker Punch||[still]\n|-fail|p2a: Chien-Pao\n|move|p1b: Chien-Pao|Sacred Sword|p2a: Chien-Pao\n|-supereffective|p2a: Chien-Pao\n|-damage|p2a: Chien-Pao|0 fnt\n|faint|p2a: Chien-Pao\n|move|p2b: Rillaboom|Wood Hammer|p1b: Chien-Pao\n|-enditem|p1b: Chien-Pao|Focus Sash\n|-damage|p1b: Chien-Pao|1\/100\n|-damage|p2b: Rillaboom|16\/100|[from] Recoil\n|\n|-heal|p1b: Chien-Pao|7\/100|[from] Grassy Terrain\n|-heal|p2b: Rillaboom|22\/100|[from] Grassy Terrain\n|-sideend|p1: Dioxide8|move: Tailwind\n|upkeep\n|turn|6\n|\n|t:|1701189254\n|move|p1b: Chien-Pao|Sucker Punch|p2b: Rillaboom\n|-damage|p2b: Rillaboom|0 fnt\n|faint|p2b: Rillaboom\n|\n|win|Dioxide8\n|raw|Dioxide8's rating: 1552 &rarr; <strong>1567<\/strong><br \/>(+15 for winning)\n|raw|Kill_Ko_Kill's rating: 1456 &rarr; <strong>1441<\/strong><br \/>(-15 for losing)\n|c|\u2606Kill_Ko_Kill|Gg\n","uploadtime":1701189263,"views":15,"p1id":"dioxide8","p2id":"killkokill","formatid":"gen9vgc2023regulatione","rating":1441,"private":0,"password":""}