{"id":"gen9vgc2023regulatione-1994359268","p1":"ZippidyZap","p2":"alfoooooort","format":"[Gen 9] VGC 2023 Regulation E","log":"|j|\u2606ZippidyZap\n|j|\u2606alfoooooort\n|t:|1700434940\n|gametype|doubles\n|player|p1|ZippidyZap|hilbert|1137\n|player|p2|alfoooooort|102|1194\n|teamsize|p1|6\n|teamsize|p2|6\n|gen|9\n|tier|[Gen 9] VGC 2023 Regulation E\n|rated|\n|rule|Species Clause: Limit one of each Pok\u00e9mon\n|rule|Item Clause: Limit one of each item\n|clearpoke\n|poke|p1|Ogerpon, L50, F|\n|poke|p1|Grimmsnarl, L50, M|\n|poke|p1|Arcanine-Hisui, L50, M|\n|poke|p1|Wyrdeer, L50, F|\n|poke|p1|Articuno-Galar, L50|\n|poke|p1|Indeedee-F, L50, F|\n|poke|p2|Roaring Moon, L50|\n|poke|p2|Amoonguss, L50, M|\n|poke|p2|Iron Hands, L50|\n|poke|p2|Flutter Mane, L50|\n|poke|p2|Arcanine-Hisui, L50, M|\n|poke|p2|Dondozo, L50, F|\n|teampreview|4\n|inactive|Battle timer is ON: inactive players will automatically lose when time's up. (requested by ZippidyZap)\n|l|\u2606alfoooooort\n|inactive|alfoooooort disconnected and has a minute to reconnect!\n|player|p2|\n|j|\u2606alfoooooort\n|inactive|alfoooooort reconnected and has 70 seconds left.\n|player|p2|alfoooooort|102\n|inactive|alfoooooort has 60 seconds left.\n|inactive|alfoooooort has 30 seconds left.\n|\n|t:|1700435035\n|start\n|switch|p1a: Wyrdeer|Wyrdeer, L50, F|100\/100\n|switch|p1b: Articuno|Articuno-Galar, L50, shiny|100\/100\n|switch|p2a: Roaring Moon|Roaring Moon, L50|100\/100\n|switch|p2b: Amoonguss|Amoonguss, L50, M|100\/100\n|-ability|p1a: Wyrdeer|Intimidate|boost\n|-unboost|p2a: Roaring Moon|atk|1\n|-unboost|p2b: Amoonguss|atk|1\n|-enditem|p2a: Roaring Moon|Booster Energy\n|-activate|p2a: Roaring Moon|ability: Protosynthesis|[fromitem]\n|-start|p2a: Roaring Moon|protosynthesisspe\n|turn|1\n|inactive|ZippidyZap has 30 seconds left.\n|inactive|alfoooooort has 30 seconds left.\n|inactive|alfoooooort has 20 seconds left.\n|\n|t:|1700435073\n|move|p2a: Roaring Moon|Protect|p2a: Roaring Moon\n|-singleturn|p2a: Roaring Moon|Protect\n|move|p1b: Articuno|Protect|p1b: Articuno\n|-singleturn|p1b: Articuno|Protect\n|move|p2b: Amoonguss|Protect|p2b: Amoonguss\n|-singleturn|p2b: Amoonguss|Protect\n|move|p1a: Wyrdeer|Skill Swap|p2b: Amoonguss\n|-activate|p2b: Amoonguss|move: Protect\n|\n|upkeep\n|turn|2\n|inactive|ZippidyZap has 30 seconds left.\n|\n|t:|1700435104\n|switch|p1b: Ogerpon|Ogerpon, L50, F|100\/100\n|move|p2a: Roaring Moon|Dragon Dance|p2a: Roaring Moon\n|-boost|p2a: Roaring Moon|atk|1\n|-boost|p2a: Roaring Moon|spe|1\n|move|p1a: Wyrdeer|Skill Swap|p2b: Amoonguss\n|-activate|p1a: Wyrdeer|move: Skill Swap|Regenerator|Intimidate|[of] p2b: Amoonguss\n|-ability|p2b: Amoonguss|Intimidate|boost\n|-unboost|p1a: Wyrdeer|atk|1\n|-enditem|p1a: Wyrdeer|Eject Pack\n|-unboost|p1b: Ogerpon|atk|1\n|-ability|p1b: Ogerpon|Defiant|boost\n|-boost|p1b: Ogerpon|atk|2\n|\n|t:|1700435117\n|switch|p1a: Indeedee|Indeedee-F, L50, F|100\/100\n|-fieldstart|move: Psychic Terrain|[from] ability: Psychic Surge|[of] p1a: Indeedee\n|-enditem|p1a: Indeedee|Psychic Seed\n|-boost|p1a: Indeedee|spd|1|[from] item: Psychic Seed\n|move|p2b: Amoonguss|Spore|p1b: Ogerpon\n|-immune|p1b: Ogerpon\n|\n|upkeep\n|turn|3\n|inactive|ZippidyZap has 30 seconds left.\n|inactive|ZippidyZap has 20 seconds left.\n|\n|t:|1700435155\n|move|p1a: Indeedee|Follow Me|p1a: Indeedee\n|-singleturn|p1a: Indeedee|move: Follow Me\n|move|p2a: Roaring Moon|Knock Off|p1a: Indeedee\n|-supereffective|p1a: Indeedee\n|-damage|p1a: Indeedee|39\/100\n|move|p1b: Ogerpon|Brick Break|p2a: Roaring Moon\n|-supereffective|p2a: Roaring Moon\n|-damage|p2a: Roaring Moon|0 fnt\n|faint|p2a: Roaring Moon\n|-end|p2a: Roaring Moon|Protosynthesis|[silent]\n|-damage|p1b: Ogerpon|91\/100|[from] item: Life Orb\n|move|p2b: Amoonguss|Sludge Bomb|p1a: Indeedee\n|-damage|p1a: Indeedee|22\/100\n|\n|upkeep\n|inactive|alfoooooort has 30 seconds left.\n|inactive|alfoooooort has 20 seconds left.\n|\n|t:|1700435192\n|switch|p2a: Arcanine|Arcanine-Hisui, L50, M|100\/100\n|-ability|p2a: Arcanine|Intimidate|boost\n|-unboost|p1a: Indeedee|atk|1\n|-unboost|p1b: Ogerpon|atk|1\n|-ability|p1b: Ogerpon|Defiant|boost\n|-boost|p1b: Ogerpon|atk|2\n|turn|4\n|\n|t:|1700435206\n|-terastallize|p2a: Arcanine|Water\n|move|p1a: Indeedee|Follow Me|p1a: Indeedee\n|-singleturn|p1a: Indeedee|move: Follow Me\n|move|p2a: Arcanine|Rock Slide|p1a: Indeedee|[spread] p1a,p1b\n|-damage|p1a: Indeedee|0 fnt\n|-damage|p1b: Ogerpon|50\/100\n|faint|p1a: Indeedee\n|move|p1b: Ogerpon|Stomping Tantrum|p2a: Arcanine\n|-damage|p2a: Arcanine|22\/100\n|-damage|p1b: Ogerpon|40\/100|[from] item: Life Orb\n|move|p2b: Amoonguss|Sludge Bomb|p1b: Ogerpon\n|-supereffective|p1b: Ogerpon\n|-damage|p1b: Ogerpon|0 fnt\n|faint|p1b: Ogerpon\n|\n|upkeep\n|c|\u2606ZippidyZap|damn, brave tera\n|\n|t:|1700435224\n|switch|p1b: Articuno|Articuno-Galar, L50, shiny|100\/100\n|switch|p1a: Wyrdeer|Wyrdeer, L50, F|100\/100\n|-ability|p1a: Wyrdeer|Intimidate|boost\n|-unboost|p2a: Arcanine|atk|1\n|-unboost|p2b: Amoonguss|atk|1\n|turn|5\n|inactive|ZippidyZap has 30 seconds left.\n|inactive|ZippidyZap has 20 seconds left.\n|\n|t:|1700435260\n|switch|p2a: Iron Hands|Iron Hands, L50|100\/100\n|move|p1b: Articuno|Protect|p1b: Articuno\n|-singleturn|p1b: Articuno|Protect\n|move|p1a: Wyrdeer|Skill Swap|p2b: Amoonguss\n|-activate|p1a: Wyrdeer|move: Skill Swap|Intimidate|Intimidate|[of] p2b: Amoonguss\n|-ability|p1a: Wyrdeer|Intimidate|boost\n|-unboost|p2a: Iron Hands|atk|1\n|-unboost|p2b: Amoonguss|atk|1\n|-ability|p2b: Amoonguss|Intimidate|boost\n|-unboost|p1a: Wyrdeer|atk|1\n|-unboost|p1b: Articuno|atk|1\n|-ability|p1b: Articuno|Competitive|boost\n|-boost|p1b: Articuno|spa|2\n|-enditem|p1b: Articuno|Adrenaline Orb\n|-boost|p1b: Articuno|spe|1|[from] item: Adrenaline Orb\n|move|p2b: Amoonguss|Spore|p1b: Articuno\n|-activate|p1b: Articuno|move: Protect\n|\n|upkeep\n|turn|6\n|inactive|ZippidyZap has 30 seconds left.\n|\n|t:|1700435294\n|move|p2b: Amoonguss|Rage Powder|p2b: Amoonguss\n|-singleturn|p2b: Amoonguss|move: Rage Powder\n|move|p1b: Articuno|Air Slash|p2b: Amoonguss\n|-supereffective|p2b: Amoonguss\n|-damage|p2b: Amoonguss|0 fnt\n|faint|p2b: Amoonguss\n|move|p1a: Wyrdeer|Skill Swap||[still]\n|-fail|p1a: Wyrdeer\n|move|p2a: Iron Hands|Wild Charge|p1b: Articuno\n|-supereffective|p1b: Articuno\n|-damage|p1b: Articuno|13\/100\n|-damage|p2a: Iron Hands|85\/100|[from] Recoil\n|\n|-fieldend|move: Psychic Terrain\n|upkeep\n|\n|t:|1700435308\n|switch|p2b: Arcanine|Arcanine-Hisui, L50, M, tera:Water|22\/100\n|-ability|p2b: Arcanine|Intimidate|boost\n|-unboost|p1a: Wyrdeer|atk|1\n|-unboost|p1b: Articuno|atk|1\n|-ability|p1b: Articuno|Competitive|boost\n|-boost|p1b: Articuno|spa|2\n|turn|7\n|inactive|ZippidyZap has 30 seconds left.\n|inactive|alfoooooort has 30 seconds left.\n|inactive|ZippidyZap has 20 seconds left.\n|inactive|alfoooooort has 20 seconds left.\n|inactive|alfoooooort has 15 seconds left.\n|\n|t:|1700435348\n|-terastallize|p1b: Articuno|Normal\n|move|p1a: Wyrdeer|Helping Hand|p1b: Articuno\n|-singleturn|p1b: Articuno|Helping Hand|[of] p1a: Wyrdeer\n|move|p1b: Articuno|Hyper Voice|p2a: Iron Hands|[spread] p2a,p2b\n|-damage|p2a: Iron Hands|3\/100\n|-damage|p2b: Arcanine|0 fnt\n|faint|p2b: Arcanine\n|move|p2a: Iron Hands|Drain Punch|p1a: Wyrdeer\n|-damage|p1a: Wyrdeer|70\/100\n|-heal|p2a: Iron Hands|17\/100|[from] drain|[of] p1a: Wyrdeer\n|\n|upkeep\n|turn|8\n|inactive|alfoooooort has 30 seconds left.\n|-message|alfoooooort forfeited.\n|\n|win|ZippidyZap\n|raw|ZippidyZap's rating: 1137 &rarr; <strong>1166<\/strong><br \/>(+29 for winning)\n|raw|alfoooooort's rating: 1194 &rarr; <strong>1165<\/strong><br \/>(-29 for losing)\n|l|\u2606alfoooooort\n|c|\u2606ZippidyZap|gg\n","uploadtime":1700435858,"views":4,"p1id":"zippidyzap","p2id":"alfoooooort","formatid":"gen9vgc2023regulatione","rating":1165,"private":0,"password":""}