{"id":"gen9vgc2023regulatione-1989063020","p1":"CharlienoB","p2":"AlexCamped","format":"[Gen 9] VGC 2023 Regulation E","log":"|j|\u2606CharlienoB\n|j|\u2606AlexCamped\n|t:|1699808094\n|gametype|doubles\n|player|p1|CharlienoB|1|1128\n|player|p2|AlexCamped|102|1083\n|teamsize|p1|6\n|teamsize|p2|6\n|gen|9\n|tier|[Gen 9] VGC 2023 Regulation E\n|rated|\n|rule|Species Clause: Limit one of each Pok\u00e9mon\n|rule|Item Clause: Limit one of each item\n|clearpoke\n|poke|p1|Dondozo, L50, M|\n|poke|p1|Tatsugiri, L50, F|\n|poke|p1|Flamigo, L50, M|\n|poke|p1|Sinistcha, L50|\n|poke|p1|Glimmora, L50, F|\n|poke|p1|Arcanine-Hisui, L50, F|\n|poke|p2|Landorus-Therian, L50, M|\n|poke|p2|Dragonite, L50, F|\n|poke|p2|Chien-Pao, L50|\n|poke|p2|Toxapex, L50, F|\n|poke|p2|Flutter Mane, L50|\n|poke|p2|Ogerpon-Hearthflame, L50, F|\n|teampreview|4\n|inactive|Battle timer is ON: inactive players will automatically lose when time's up. (requested by AlexCamped)\n|inactive|CharlienoB has 60 seconds left.\n|inactive|AlexCamped has 60 seconds left.\n|\n|t:|1699808132\n|start\n|switch|p1a: Glimmora|Glimmora, L50, F|100\/100\n|switch|p1b: Arcanine|Arcanine-Hisui, L50, F|100\/100\n|switch|p2a: Landorus|Landorus-Therian, L50, M|100\/100\n|switch|p2b: Dragonite|Dragonite, L50, F|100\/100\n|-ability|p1b: Arcanine|Intimidate|boost\n|-unboost|p2a: Landorus|atk|1\n|-fail|p2b: Dragonite|unboost|Attack|[from] ability: Inner Focus|[of] p2b: Dragonite\n|-ability|p2a: Landorus|Intimidate|boost\n|-unboost|p1a: Glimmora|atk|1\n|-unboost|p1b: Arcanine|atk|1\n|turn|1\n|inactive|CharlienoB has 30 seconds left.\n|\n|t:|1699808165\n|-terastallize|p1b: Arcanine|Ghost\n|move|p1b: Arcanine|Howl|p1b: Arcanine|[spread] p1a,p1b\n|-boost|p1a: Glimmora|atk|1\n|-boost|p1b: Arcanine|atk|1\n|move|p1a: Glimmora|Mortal Spin|p2a: Landorus|[spread] p2a,p2b\n|-resisted|p2a: Landorus\n|-damage|p2a: Landorus|97\/100\n|-damage|p2b: Dragonite|94\/100\n|-status|p2a: Landorus|psn\n|-status|p2b: Dragonite|psn\n|-damage|p1a: Glimmora|91\/100|[from] item: Life Orb\n|move|p2a: Landorus|Stomping Tantrum|p1b: Arcanine\n|-damage|p1b: Arcanine|61\/100\n|move|p2b: Dragonite|Stomping Tantrum|p1a: Glimmora\n|-supereffective|p1a: Glimmora\n|-damage|p1a: Glimmora|0 fnt\n|-activate|p1a: Glimmora|ability: Toxic Debris\n|-sidestart|p2: AlexCamped|move: Toxic Spikes\n|faint|p1a: Glimmora\n|\n|-damage|p2a: Landorus|85\/100 psn|[from] psn\n|-damage|p2b: Dragonite|82\/100 psn|[from] psn\n|upkeep\n|\n|t:|1699808187\n|switch|p1a: Dondozo|Dondozo, L50, M|100\/100\n|turn|2\n|\n|t:|1699808211\n|switch|p2b: Toxapex|Toxapex, L50, F|100\/100\n|-sideend|p2: AlexCamped|move: Toxic Spikes|[of] p2b: Toxapex\n|move|p1a: Dondozo|Protect|p1a: Dondozo\n|-singleturn|p1a: Dondozo|Protect\n|move|p1b: Arcanine|Howl|p1b: Arcanine|[spread] p1a,p1b\n|-boost|p1a: Dondozo|atk|1\n|-boost|p1b: Arcanine|atk|1\n|move|p2a: Landorus|U-turn|p1a: Dondozo\n|-activate|p1a: Dondozo|move: Protect\n|\n|-damage|p2a: Landorus|73\/100 psn|[from] psn\n|upkeep\n|turn|3\n|inactive|CharlienoB has 30 seconds left.\n|inactive|AlexCamped has 30 seconds left.\n|inactive|AlexCamped has 20 seconds left.\n|inactive|AlexCamped has 15 seconds left.\n|\n|t:|1699808254\n|switch|p1b: Tatsugiri|Tatsugiri, L50, F|100\/100\n|-activate|p1b: Tatsugiri|ability: Commander|[of] p1a: Dondozo\n|-boost|p1a: Dondozo|atk|2\n|-boost|p1a: Dondozo|spa|2\n|-boost|p1a: Dondozo|spe|2\n|-boost|p1a: Dondozo|def|2\n|-boost|p1a: Dondozo|spd|2\n|move|p2a: Landorus|U-turn|p1a: Dondozo\n|-damage|p1a: Dondozo|91\/100\n|\n|t:|1699808263\n|switch|p2a: Ogerpon|Ogerpon-Hearthflame, L50, F|100\/100|[from] U-turn\n|-ability|p2a: Ogerpon|Mold Breaker\n|move|p1a: Dondozo|Earthquake|p2a: Ogerpon|[spread] p2a,p2b\n|-miss|p1a: Dondozo|p1b: Tatsugiri\n|-supereffective|p2b: Toxapex\n|-damage|p2a: Ogerpon|24\/100\n|-damage|p2b: Toxapex|28\/100\n|move|p2b: Toxapex|Toxic Spikes|p1b: Tatsugiri\n|-sidestart|p1: CharlienoB|move: Toxic Spikes\n|\n|-heal|p2b: Toxapex|34\/100|[from] item: Leftovers\n|-status|p1b: Tatsugiri|tox|[from] item: Toxic Orb\n|upkeep\n|turn|4\n|\n|t:|1699808282\n|move|p2b: Toxapex|Baneful Bunker|p2b: Toxapex\n|-singleturn|p2b: Toxapex|move: Protect\n|move|p2a: Ogerpon|Horn Leech|p1a: Dondozo\n|-supereffective|p1a: Dondozo\n|-damage|p1a: Dondozo|61\/100\n|-heal|p2a: Ogerpon|46\/100|[from] drain|[of] p1a: Dondozo\n|move|p1a: Dondozo|Earthquake|p2b: Toxapex|[spread] p2a\n|-miss|p1a: Dondozo|p1b: Tatsugiri\n|-activate|p2b: Toxapex|move: Protect\n|-damage|p2a: Ogerpon|0 fnt\n|faint|p2a: Ogerpon\n|\n|-heal|p2b: Toxapex|39\/100|[from] item: Leftovers\n|-damage|p1b: Tatsugiri|94\/100 tox|[from] psn\n|upkeep\n|\n|t:|1699808299\n|switch|p2a: Dragonite|Dragonite, L50, F|82\/100 psn\n|turn|5\n|\n|t:|1699808305\n|-terastallize|p2a: Dragonite|Normal\n|move|p2a: Dragonite|Extreme Speed|p1a: Dondozo\n|-damage|p1a: Dondozo|41\/100\n|move|p1a: Dondozo|Order Up|p2a: Dragonite\n|-damage|p2a: Dragonite|21\/100 psn\n|-boost|p1a: Dondozo|atk|1\n|move|p2b: Toxapex|Acid Spray|p1a: Dondozo\n|-damage|p1a: Dondozo|36\/100\n|\n|-heal|p2b: Toxapex|45\/100|[from] item: Leftovers\n|-damage|p1b: Tatsugiri|82\/100 tox|[from] psn\n|-damage|p2a: Dragonite|9\/100 psn|[from] psn\n|upkeep\n|turn|6\n|\n|t:|1699808323\n|move|p1a: Dondozo|Protect|p1a: Dondozo\n|-singleturn|p1a: Dondozo|Protect\n|move|p2a: Dragonite|Extreme Speed|p1a: Dondozo\n|-activate|p1a: Dondozo|move: Protect\n|move|p2b: Toxapex|Acid Spray|p1a: Dondozo\n|-activate|p1a: Dondozo|move: Protect\n|\n|-heal|p2b: Toxapex|51\/100|[from] item: Leftovers\n|-damage|p1b: Tatsugiri|64\/100 tox|[from] psn\n|-damage|p2a: Dragonite|0 fnt|[from] psn\n|faint|p2a: Dragonite\n|upkeep\n|\n|t:|1699808334\n|switch|p2a: Landorus|Landorus-Therian, L50, M|73\/100 psn\n|-ability|p2a: Landorus|Intimidate|boost\n|-fail|p1a: Dondozo|unboost|[from] item: Clear Amulet|[of] p1a: Dondozo\n|-unboost|p1b: Tatsugiri|atk|1\n|turn|7\n|\n|t:|1699808346\n|move|p2a: Landorus|Stomping Tantrum|p1b: Tatsugiri|[miss]\n|-miss|p2a: Landorus|p1b: Tatsugiri\n|move|p1a: Dondozo|Order Up|p2a: Landorus\n|-damage|p2a: Landorus|0 fnt\n|faint|p2a: Landorus\n|-boost|p1a: Dondozo|atk|1\n|move|p2b: Toxapex|Acid Spray|p1b: Tatsugiri|[miss]\n|-miss|p2b: Toxapex|p1b: Tatsugiri\n|\n|-heal|p2b: Toxapex|57\/100|[from] item: Leftovers\n|-damage|p1b: Tatsugiri|40\/100 tox|[from] psn\n|upkeep\n|turn|8\n|\n|t:|1699808363\n|move|p1a: Dondozo|Protect|p1a: Dondozo\n|-singleturn|p1a: Dondozo|Protect\n|move|p2b: Toxapex|Baneful Bunker||[still]\n|-fail|p2b: Toxapex\n|\n|-heal|p2b: Toxapex|62\/100|[from] item: Leftovers\n|-damage|p1b: Tatsugiri|10\/100 tox|[from] psn\n|upkeep\n|turn|9\n|\n|t:|1699808371\n|move|p1a: Dondozo|Order Up|p2b: Toxapex\n|-damage|p2b: Toxapex|4\/100\n|-boost|p1a: Dondozo|atk|1\n|move|p2b: Toxapex|Recover|p2b: Toxapex\n|-heal|p2b: Toxapex|54\/100\n|\n|-heal|p2b: Toxapex|60\/100|[from] item: Leftovers\n|-damage|p1b: Tatsugiri|0 fnt|[from] psn\n|faint|p1b: Tatsugiri\n|upkeep\n|\n|t:|1699808377\n|switch|p1b: Arcanine|Arcanine-Hisui, L50, F, tera:Ghost|61\/100\n|-status|p1b: Arcanine|psn\n|-ability|p1b: Arcanine|Intimidate|boost\n|-unboost|p2b: Toxapex|atk|1\n|turn|10\n|\n|t:|1699808387\n|move|p2b: Toxapex|Baneful Bunker|p2b: Toxapex\n|-singleturn|p2b: Toxapex|move: Protect\n|move|p1b: Arcanine|Howl|p1b: Arcanine|[spread] p1a,p1b\n|-boost|p1a: Dondozo|atk|0\n|-boost|p1b: Arcanine|atk|1\n|move|p1a: Dondozo|Order Up|p2b: Toxapex\n|-activate|p2b: Toxapex|move: Protect\n|\n|-heal|p2b: Toxapex|65\/100|[from] item: Leftovers\n|-damage|p1b: Arcanine|49\/100 psn|[from] psn\n|upkeep\n|-enditem|p1b: Arcanine|Sitrus Berry|[eat]\n|-heal|p1b: Arcanine|74\/100 psn|[from] item: Sitrus Berry\n|turn|11\n|\n|t:|1699808408\n|move|p1b: Arcanine|Extreme Speed|p2b: Toxapex\n|-damage|p2b: Toxapex|41\/100\n|move|p1a: Dondozo|Order Up|p2b: Toxapex\n|-damage|p2b: Toxapex|0 fnt\n|faint|p2b: Toxapex\n|\n|win|CharlienoB\n|raw|CharlienoB's rating: 1128 &rarr; <strong>1150<\/strong><br \/>(+22 for winning)\n|raw|AlexCamped's rating: 1083 &rarr; <strong>1063<\/strong><br \/>(-20 for losing)\n|l|\u2606AlexCamped\n","uploadtime":1699808420,"views":15,"p1id":"charlienob","p2id":"alexcamped","formatid":"gen9vgc2023regulatione","rating":1063,"private":0,"password":""}