{"id":"gen9vgc2023regulatione-1992355746","p1":"luggi8787","p2":"Brainiac 5.0","format":"[Gen 9] VGC 2023 Regulation E","log":"|j|\u2606luggi8787\n|j|\u2606Brainiac 5.0\n|t:|1700178116\n|gametype|doubles\n|player|p1|luggi8787|volkner|1202\n|player|p2|Brainiac 5.0|richboy-gen4|1123\n|teamsize|p1|6\n|teamsize|p2|6\n|gen|9\n|tier|[Gen 9] VGC 2023 Regulation E\n|rated|\n|rule|Species Clause: Limit one of each Pok\u00e9mon\n|rule|Item Clause: Limit one of each item\n|clearpoke\n|poke|p1|Snorlax, L50, M|\n|poke|p1|Clefairy, L50, M|\n|poke|p1|Sinistcha, L50|\n|poke|p1|Kommo-o, L50, F|\n|poke|p1|Landorus-Therian, L50, M|\n|poke|p1|Iron Hands, L50|\n|poke|p2|Cresselia, L50, F|\n|poke|p2|Flutter Mane, L50|\n|poke|p2|Iron Hands, L50|\n|poke|p2|Ursaluna, L50, M|\n|poke|p2|Sinistcha, L50|\n|poke|p2|Heatran, L50, F|\n|teampreview|4\n|inactive|Battle timer is ON: inactive players will automatically lose when time's up. (requested by Brainiac 5.0)\n|inactive|luggi8787 has 60 seconds left.\n|inactive|luggi8787 has 30 seconds left.\n|inactive|luggi8787 has 20 seconds left.\n|inactive|luggi8787 has 15 seconds left.\n|inactive|luggi8787 has 10 seconds left.\n|inactive|luggi8787 has 5 seconds left.\n|\n|t:|1700178254\n|start\n|switch|p1a: Snorlax|Snorlax, L50, M|100\/100\n|switch|p1b: Clefairy|Clefairy, L50, M|100\/100\n|switch|p2a: Heatran|Heatran, L50, F|100\/100\n|switch|p2b: Sinistcha|Sinistcha, L50|100\/100\n|turn|1\n|\n|t:|1700178275\n|switch|p2b: Ursaluna|Ursaluna, L50, M|100\/100\n|move|p2a: Heatran|Substitute|p2a: Heatran\n|-start|p2a: Heatran|Substitute\n|-damage|p2a: Heatran|76\/100\n|move|p1a: Snorlax|Belly Drum|p1a: Snorlax\n|-damage|p1a: Snorlax|50\/100\n|-setboost|p1a: Snorlax|atk|6|[from] move: Belly Drum\n|-enditem|p1a: Snorlax|Sitrus Berry|[eat]\n|-heal|p1a: Snorlax|75\/100|[from] item: Sitrus Berry\n|move|p1b: Clefairy|Heal Pulse|p1a: Snorlax\n|-heal|p1a: Snorlax|100\/100\n|\n|-heal|p2a: Heatran|82\/100|[from] item: Leftovers\n|-status|p2b: Ursaluna|brn|[from] item: Flame Orb\n|upkeep\n|turn|2\n|\n|t:|1700178295\n|-terastallize|p2b: Ursaluna|Ghost\n|move|p1b: Clefairy|Follow Me|p1b: Clefairy\n|-singleturn|p1b: Clefairy|move: Follow Me\n|move|p2a: Heatran|Heat Wave|p1a: Snorlax|[spread] p1a,p1b\n|-damage|p1a: Snorlax|91\/100\n|-damage|p1b: Clefairy|71\/100\n|move|p2b: Ursaluna|Swords Dance|p2b: Ursaluna\n|-boost|p2b: Ursaluna|atk|2\n|move|p1a: Snorlax|Facade|p2b: Ursaluna\n|-immune|p2b: Ursaluna\n|\n|-heal|p2a: Heatran|87\/100|[from] item: Leftovers\n|-damage|p2b: Ursaluna|95\/100 brn|[from] brn\n|upkeep\n|turn|3\n|\n|t:|1700178308\n|move|p1b: Clefairy|Follow Me|p1b: Clefairy\n|-singleturn|p1b: Clefairy|move: Follow Me\n|move|p2a: Heatran|Heat Wave|p1b: Clefairy|[spread] p1a,p1b\n|-damage|p1a: Snorlax|81\/100\n|-damage|p1b: Clefairy|42\/100\n|move|p2b: Ursaluna|Earthquake|p1b: Clefairy|[spread] p2a,p1a,p1b\n|-supereffective|p2a: Heatran\n|-end|p2a: Heatran|Substitute\n|-damage|p1a: Snorlax|7\/100\n|-damage|p1b: Clefairy|0 fnt\n|faint|p1b: Clefairy\n|move|p1a: Snorlax|High Horsepower|p2b: Ursaluna\n|-damage|p2b: Ursaluna|16\/100 brn\n|\n|-heal|p2a: Heatran|93\/100|[from] item: Leftovers\n|-damage|p2b: Ursaluna|10\/100 brn|[from] brn\n|upkeep\n|\n|t:|1700178320\n|switch|p1b: Sinistcha|Sinistcha, L50|100\/100\n|-heal|p1a: Snorlax|32\/100|[from] ability: Hospitality|[of] p1b: Sinistcha\n|turn|4\n|\n|t:|1700178341\n|move|p2b: Ursaluna|Protect|p2b: Ursaluna\n|-singleturn|p2b: Ursaluna|Protect\n|move|p1a: Snorlax|Protect|p1a: Snorlax\n|-singleturn|p1a: Snorlax|Protect\n|move|p2a: Heatran|Heat Wave|p1b: Sinistcha|[spread] p1b\n|-activate|p1a: Snorlax|move: Protect\n|-supereffective|p1b: Sinistcha\n|-damage|p1b: Sinistcha|17\/100\n|move|p1b: Sinistcha|Matcha Gotcha|p2a: Heatran|[spread] p2a\n|-activate|p2b: Ursaluna|move: Protect\n|-resisted|p2a: Heatran\n|-damage|p2a: Heatran|87\/100\n|-heal|p1b: Sinistcha|20\/100|[from] drain|[of] p2a: Heatran\n|\n|-heal|p2a: Heatran|93\/100|[from] item: Leftovers\n|-damage|p2b: Ursaluna|4\/100 brn|[from] brn\n|upkeep\n|turn|5\n|\n|t:|1700178354\n|move|p1a: Snorlax|Protect||[still]\n|-fail|p1a: Snorlax\n|move|p2a: Heatran|Heat Wave|p1b: Sinistcha|[spread] p1b\n|-miss|p2a: Heatran|p1a: Snorlax\n|-supereffective|p1b: Sinistcha\n|-damage|p1b: Sinistcha|0 fnt\n|faint|p1b: Sinistcha\n|move|p2b: Ursaluna|Facade|p1a: Snorlax\n|-damage|p1a: Snorlax|0 fnt\n|faint|p1a: Snorlax\n|\n|-heal|p2a: Heatran|99\/100|[from] item: Leftovers\n|-damage|p2b: Ursaluna|0 fnt|[from] brn\n|faint|p2b: Ursaluna\n|upkeep\n|\n|t:|1700178367\n|switch|p1b: Kommo-o|Kommo-o, L50, F|100\/100\n|switch|p2b: Sinistcha|Sinistcha, L50|100\/100\n|-heal|p2a: Heatran|100\/100|[from] ability: Hospitality|[of] p2b: Sinistcha\n|turn|6\n|\n|t:|1700178374\n|move|p1b: Kommo-o|Clangorous Soul|p1b: Kommo-o\n|-boost|p1b: Kommo-o|atk|1\n|-boost|p1b: Kommo-o|def|1\n|-boost|p1b: Kommo-o|spa|1\n|-boost|p1b: Kommo-o|spd|1\n|-boost|p1b: Kommo-o|spe|1\n|-damage|p1b: Kommo-o|68\/100\n|-enditem|p1b: Kommo-o|Throat Spray\n|-boost|p1b: Kommo-o|spa|1|[from] item: Throat Spray\n|move|p2a: Heatran|Earth Power|p1b: Kommo-o\n|-damage|p1b: Kommo-o|43\/100\n|move|p2b: Sinistcha|Trick Room|p2b: Sinistcha\n|-fieldstart|move: Trick Room|[of] p2b: Sinistcha\n|\n|upkeep\n|turn|7\n|\n|t:|1700178378\n|move|p2b: Sinistcha|Matcha Gotcha|p1b: Kommo-o\n|-resisted|p1b: Kommo-o\n|-damage|p1b: Kommo-o|30\/100\n|-status|p1b: Kommo-o|brn\n|move|p2a: Heatran|Earth Power|p1b: Kommo-o\n|-damage|p1b: Kommo-o|6\/100 brn\n|move|p1b: Kommo-o|Flamethrower|p2b: Sinistcha\n|-supereffective|p2b: Sinistcha\n|-damage|p2b: Sinistcha|0 fnt\n|faint|p2b: Sinistcha\n|\n|-damage|p1b: Kommo-o|0 fnt|[from] brn\n|faint|p1b: Kommo-o\n|\n|win|Brainiac 5.0\n|upkeep\n|raw|luggi8787's rating: 1202 &rarr; <strong>1171<\/strong><br \/>(-31 for losing)\n|raw|Brainiac 5.0's rating: 1123 &rarr; <strong>1154<\/strong><br \/>(+31 for winning)\n|l|\u2606luggi8787\n|c|\u2606Brainiac 5.0|gg\n","uploadtime":1700178394,"views":28,"p1id":"luggi8787","p2id":"brainiac50","formatid":"gen9vgc2023regulatione","rating":1154,"private":0,"password":""}