{"id":"gen9vgc2023regulatione-1989643130","p1":"Ndonuh","p2":"Elbow baggins","format":"[Gen 9] VGC 2023 Regulation E","log":"|j|\u2606Ndonuh\n|j|\u2606Elbow baggins\n|t:|1699882433\n|gametype|doubles\n|player|p1|Ndonuh|hilbert|1308\n|player|p2|Elbow baggins|1|1325\n|teamsize|p1|6\n|teamsize|p2|6\n|gen|9\n|tier|[Gen 9] VGC 2023 Regulation E\n|rated|\n|rule|Species Clause: Limit one of each Pok\u00e9mon\n|rule|Item Clause: Limit one of each item\n|clearpoke\n|poke|p1|Heatran, L50, M|\n|poke|p1|Rillaboom, L50, M|\n|poke|p1|Urshifu-*, L50, M|\n|poke|p1|Iron Hands, L50|\n|poke|p1|Flutter Mane, L50|\n|poke|p1|Landorus-Therian, L50, M|\n|poke|p2|Ogerpon-Cornerstone, L50, F|\n|poke|p2|Farigiraf, L50, M|\n|poke|p2|Dragonite, L50, M|\n|poke|p2|Chien-Pao, L50|\n|poke|p2|Ursaluna-Bloodmoon, L50, M|\n|poke|p2|Iron Hands, L50|\n|teampreview|4\n|\n|t:|1699882485\n|start\n|switch|p1a: Rillaboom|Rillaboom, L50, M, shiny|100\/100\n|switch|p1b: Urshifu|Urshifu, L50, M|100\/100\n|switch|p2a: Chien-Pao|Chien-Pao, L50|100\/100\n|switch|p2b: Dragonite|Dragonite, L50, M|100\/100\n|-ability|p2a: Chien-Pao|Sword of Ruin\n|-fieldstart|move: Grassy Terrain|[from] ability: Grassy Surge|[of] p1a: Rillaboom\n|turn|1\n|\n|t:|1699882523\n|switch|p2a: Farigiraf|Farigiraf, L50, M|100\/100\n|move|p1a: Rillaboom|Fake Out||[still]\n|cant|p2a: Farigiraf|ability: Armor Tail|Fake Out|[of] p1a: Rillaboom\n|move|p2b: Dragonite|Extreme Speed|p1b: Urshifu\n|-damage|p1b: Urshifu|52\/100\n|move|p1b: Urshifu|Close Combat|p2a: Farigiraf\n|-damage|p2a: Farigiraf|51\/100\n|-unboost|p1b: Urshifu|def|1\n|-unboost|p1b: Urshifu|spd|1\n|\n|-heal|p1b: Urshifu|58\/100|[from] Grassy Terrain\n|-heal|p2a: Farigiraf|57\/100|[from] Grassy Terrain\n|upkeep\n|turn|2\n|\n|t:|1699882559\n|switch|p1a: Iron Hands|Iron Hands, L50|100\/100\n|switch|p2a: Chien-Pao|Chien-Pao, L50|100\/100\n|-ability|p2a: Chien-Pao|Sword of Ruin\n|move|p1b: Urshifu|Detect|p1b: Urshifu\n|-singleturn|p1b: Urshifu|Protect\n|move|p2b: Dragonite|Extreme Speed|p1b: Urshifu\n|-activate|p1b: Urshifu|move: Protect\n|\n|-heal|p1b: Urshifu|63\/100|[from] Grassy Terrain\n|upkeep\n|turn|3\n|\n|t:|1699882597\n|-terastallize|p2a: Chien-Pao|Ghost\n|move|p1a: Iron Hands|Fake Out|p2a: Chien-Pao\n|-immune|p2a: Chien-Pao\n|move|p2b: Dragonite|Extreme Speed|p1b: Urshifu\n|-damage|p1b: Urshifu|0 fnt\n|faint|p1b: Urshifu\n|move|p2a: Chien-Pao|Icicle Crash|p1a: Iron Hands\n|-damage|p1a: Iron Hands|60\/100\n|\n|-heal|p1a: Iron Hands|66\/100|[from] Grassy Terrain\n|upkeep\n|\n|t:|1699882609\n|switch|p1b: Flutter Mane|Flutter Mane, L50|100\/100\n|turn|4\n|\n|t:|1699882637\n|-terastallize|p1b: Flutter Mane|Water\n|move|p2b: Dragonite|Extreme Speed|p1a: Iron Hands\n|-damage|p1a: Iron Hands|27\/100\n|move|p2a: Chien-Pao|Icicle Crash|p1b: Flutter Mane\n|-resisted|p1b: Flutter Mane\n|-damage|p1b: Flutter Mane|50\/100\n|cant|p1b: Flutter Mane|flinch\n|move|p1a: Iron Hands|Wild Charge|p2b: Dragonite\n|-damage|p2b: Dragonite|29\/100\n|-damage|p1a: Iron Hands|14\/100|[from] Recoil\n|\n|-heal|p1b: Flutter Mane|56\/100|[from] Grassy Terrain\n|-heal|p1a: Iron Hands|19\/100|[from] Grassy Terrain\n|upkeep\n|turn|5\n|\n|t:|1699882667\n|-end|p1a: Iron Hands|Quark Drive|[silent]\n|switch|p1a: Rillaboom|Rillaboom, L50, M, shiny|100\/100\n|move|p2b: Dragonite|Extreme Speed|p1b: Flutter Mane\n|-damage|p1b: Flutter Mane|0 fnt\n|faint|p1b: Flutter Mane\n|-end|p1b: Flutter Mane|Protosynthesis|[silent]\n|move|p2a: Chien-Pao|Icicle Crash|p1a: Rillaboom\n|-supereffective|p1a: Rillaboom\n|-damage|p1a: Rillaboom|0 fnt\n|faint|p1a: Rillaboom\n|\n|-fieldend|move: Grassy Terrain\n|upkeep\n|-message|Ndonuh forfeited.\n|\n|win|Elbow baggins\n|raw|Ndonuh's rating: 1308 &rarr; <strong>1289<\/strong><br \/>(-19 for losing)\n|raw|Elbow baggins's rating: 1325 &rarr; <strong>1344<\/strong><br \/>(+19 for winning)\n|l|\u2606Ndonuh\n","uploadtime":1699882686,"views":35,"p1id":"ndonuh","p2id":"elbowbaggins","formatid":"gen9vgc2023regulatione","rating":1289,"private":0,"password":""}