{"id":"gen9vgc2023regulatione-1990644138","p1":"MichaelderBeste24","p2":"Inferno prodigy","format":"[Gen 9] VGC 2023 Regulation E","log":"|j|\u2606MichaelderBeste24\n|j|\u2606Inferno prodigy\n|t:|1699988248\n|gametype|doubles\n|player|p1|MichaelderBeste24|102|\n|player|p2|Inferno prodigy|102|\n|teamsize|p1|6\n|teamsize|p2|6\n|gen|9\n|tier|[Gen 9] VGC 2023 Regulation E\n|rule|Species Clause: Limit one of each Pok\u00e9mon\n|rule|Item Clause: Limit one of each item\n|clearpoke\n|poke|p1|Iron Hands, L50|\n|poke|p1|Ursaluna, L50, M|\n|poke|p1|Urshifu-*, L50, F|\n|poke|p1|Heatran, L50, M|\n|poke|p1|Cresselia, L50, F|\n|poke|p1|Flutter Mane, L50|\n|poke|p2|Arcanine-Hisui, L50, M|\n|poke|p2|Tornadus, L50, M|\n|poke|p2|Flutter Mane, L50|\n|poke|p2|Iron Hands, L50|\n|poke|p2|Ogerpon-Wellspring, L50, F|\n|poke|p2|Urshifu-*, L50, M|\n|teampreview|4\nMichaelderBeste24 has agreed to open team sheets.\nInferno prodigy has agreed to open team sheets.\n|showteam|p1|Iron Hands||AssaultVest|QuarkDrive|VoltSwitch,DrainPunch,WildCharge,FakeOut||||||50|,,,,,Fire]Ursaluna||FlameOrb|Guts|Protect,Facade,Earthquake,SwordsDance|||M|||50|,,,,,Ghost]Urshifu||FocusSash|UnseenFist|WickedBlow,SuckerPunch,CloseCombat,Protect|||F|||50|,,,,,Dark]Heatran||LifeOrb|FlashFire|HeatWave,Protect,FlashCannon,EarthPower|||M|||50|,,,,,Grass]Cresselia||SafetyGoggles|Levitate|TrickRoom,LunarBlessing,IceBeam,AllySwitch|||F|||50|,,,,,Dark]Flutter Mane||BoosterEnergy|Protosynthesis|IcyWind,Moonblast,EnergyBall,Protect||||||50|,,,,,Grass\n|showteam|p2|Arcanine-Hisui||ChoiceBand|Intimidate|FlareBlitz,RockSlide,ExtremeSpeed,TeraBlast|||M|||50|,,,,,Fairy]Tornadus||CovertCloak|Prankster|Tailwind,BleakwindStorm,SunnyDay,Taunt|||M|||50|,,,,,Steel]Flutter Mane||ChoiceSpecs|Protosynthesis|DazzlingGleam,Moonblast,ShadowBall,Thunderbolt||||||50|,,,,,Fairy]Iron Hands||AssaultVest|QuarkDrive|FakeOut,WildCharge,DrainPunch,HeavySlam||||||50|,,,,,Fire]Ogerpon-Wellspring||WellspringMask|WaterAbsorb|IvyCudgel,HornLeech,SwordsDance,SpikyShield|||F|||50|,,,,,Water]Urshifu||FocusSash|UnseenFist|WickedBlow,CloseCombat,SuckerPunch,Detect|||M|||50|,,,,,Dark\n|inactive|Battle timer is ON: inactive players will automatically lose when time's up. (requested by MichaelderBeste24)\n|c|\u2606Inferno prodigy|Did you do the setting for b03?\n|c|\u2606MichaelderBeste24|you didnt do it\n|c|\u2606MichaelderBeste24|lol\n|c|\u2606MichaelderBeste24|G\"\n|c|\u2606MichaelderBeste24|G2\n|inactive|MichaelderBeste24 has 60 seconds left.\n|\n|t:|1699988297\n|start\n|switch|p1a: Ursaluna|Ursaluna, L50, M|100\/100\n|switch|p1b: Cresselia|Cresselia, L50, F, shiny|100\/100\n|switch|p2a: Iron Hands|Iron Hands, L50|100\/100\n|switch|p2b: Ogerpon|Ogerpon-Wellspring, L50, F|100\/100\n|turn|1\n|c|\u2606MichaelderBeste24|well that was not supose to be my lead\n|c|\u2606MichaelderBeste24|thanks\n|inactive|MichaelderBeste24 has 30 seconds left.\n|inactive|MichaelderBeste24 has 20 seconds left.\n|inactive|MichaelderBeste24 has 15 seconds left.\n|inactive|MichaelderBeste24 has 10 seconds left.\n|\n|t:|1699988347\n|move|p2a: Iron Hands|Fake Out|p1b: Cresselia\n|-damage|p1b: Cresselia|90\/100\n|move|p2b: Ogerpon|Swords Dance|p2b: Ogerpon\n|-boost|p2b: Ogerpon|atk|2\n|cant|p1b: Cresselia|flinch\n|move|p1a: Ursaluna|Swords Dance|p1a: Ursaluna\n|-boost|p1a: Ursaluna|atk|2\n|\n|-status|p1a: Ursaluna|brn|[from] item: Flame Orb\n|upkeep\n|turn|2\n|inactive|MichaelderBeste24 has 30 seconds left.\n|inactive|Inferno prodigy has 30 seconds left.\n|inactive|Inferno prodigy has 20 seconds left.\n|\n|t:|1699988384\n|-terastallize|p2b: Ogerpon|Water\n|detailschange|p2b: Ogerpon|Ogerpon-Wellspring-Tera, L50, F, tera:Water\n|-ability|p2b: Ogerpon|Embody Aspect (Wellspring)|boost\n|-boost|p2b: Ogerpon|spd|1\n|-terastallize|p1a: Ursaluna|Ghost\n|move|p2b: Ogerpon|Ivy Cudgel|p1b: Cresselia|[anim] Ivy Cudgel Water\n|-damage|p1b: Cresselia|0 fnt\n|faint|p1b: Cresselia\n|move|p2a: Iron Hands|Wild Charge|p1a: Ursaluna\n|-damage|p1a: Ursaluna|66\/100 brn\n|-damage|p2a: Iron Hands|92\/100|[from] Recoil\n|move|p1a: Ursaluna|Facade|p2b: Ogerpon\n|-damage|p2b: Ogerpon|0 fnt\n|faint|p2b: Ogerpon\n|\n|-damage|p1a: Ursaluna|60\/100 brn|[from] brn\n|upkeep\n|\n|t:|1699988403\n|switch|p2b: Urshifu|Urshifu, L50, M|100\/100\n|switch|p1b: Iron Hands|Iron Hands, L50|100\/100\n|turn|3\n|\n|t:|1699988419\n|-end|p2a: Iron Hands|Quark Drive|[silent]\n|switch|p2a: Arcanine|Arcanine-Hisui, L50, M|100\/100\n|-ability|p2a: Arcanine|Intimidate|boost\n|-unboost|p1a: Ursaluna|atk|1\n|-unboost|p1b: Iron Hands|atk|1\n|move|p2b: Urshifu|Detect|p2b: Urshifu\n|-singleturn|p2b: Urshifu|Protect\n|move|p1b: Iron Hands|Drain Punch|p2a: Arcanine\n|-supereffective|p2a: Arcanine\n|-damage|p2a: Arcanine|24\/100\n|move|p1a: Ursaluna|Facade|p2a: Arcanine\n|-resisted|p2a: Arcanine\n|-damage|p2a: Arcanine|0 fnt\n|faint|p2a: Arcanine\n|\n|-damage|p1a: Ursaluna|54\/100 brn|[from] brn\n|upkeep\n|\n|t:|1699988430\n|switch|p2a: Iron Hands|Iron Hands, L50|92\/100\n|turn|4\n|inactive|MichaelderBeste24 has 30 seconds left.\n|\n|t:|1699988455\n|move|p2b: Urshifu|Wicked Blow|p1a: Ursaluna\n|-supereffective|p1a: Ursaluna\n|-crit|p1a: Ursaluna\n|-damage|p1a: Ursaluna|0 fnt\n|faint|p1a: Ursaluna\n|move|p2a: Iron Hands|Drain Punch|p1b: Iron Hands\n|-damage|p1b: Iron Hands|70\/100\n|-heal|p2a: Iron Hands|100\/100|[from] drain|[of] p1b: Iron Hands\n|move|p1b: Iron Hands|Volt Switch|p2b: Urshifu\n|-crit|p2b: Urshifu\n|-damage|p2b: Urshifu|72\/100\n|\n|t:|1699988457\n|-end|p1b: Iron Hands|Quark Drive|[silent]\n|switch|p1b: Flutter Mane|Flutter Mane, L50|100\/100|[from] Volt Switch\n|-enditem|p1b: Flutter Mane|Booster Energy\n|-activate|p1b: Flutter Mane|ability: Protosynthesis|[fromitem]\n|-start|p1b: Flutter Mane|protosynthesisspe\n|\n|upkeep\n|\n|t:|1699988459\n|switch|p1a: Iron Hands|Iron Hands, L50|70\/100\n|turn|5\n|inactive|Inferno prodigy has 30 seconds left.\n|inactive|MichaelderBeste24 has 30 seconds left.\n|inactive|MichaelderBeste24 has 20 seconds left.\n|\n|t:|1699988511\n|move|p1a: Iron Hands|Fake Out|p2a: Iron Hands\n|-damage|p2a: Iron Hands|89\/100\n|move|p1b: Flutter Mane|Moonblast|p2b: Urshifu\n|-supereffective|p2b: Urshifu\n|-damage|p2b: Urshifu|0 fnt\n|faint|p2b: Urshifu\n|cant|p2a: Iron Hands|flinch\n|\n|upkeep\n|turn|6\n|\n|t:|1699988518\n|move|p1b: Flutter Mane|Moonblast|p2a: Iron Hands\n|-supereffective|p2a: Iron Hands\n|-damage|p2a: Iron Hands|39\/100\n|move|p2a: Iron Hands|Heavy Slam|p1b: Flutter Mane\n|-supereffective|p1b: Flutter Mane\n|-damage|p1b: Flutter Mane|0 fnt\n|faint|p1b: Flutter Mane\n|-end|p1b: Flutter Mane|Protosynthesis|[silent]\n|move|p1a: Iron Hands|Drain Punch|p2a: Iron Hands\n|-damage|p2a: Iron Hands|10\/100\n|-heal|p1a: Iron Hands|84\/100|[from] drain|[of] p2a: Iron Hands\n|\n|upkeep\n|turn|7\n|\n|t:|1699988522\n|move|p2a: Iron Hands|Drain Punch|p1a: Iron Hands\n|-crit|p1a: Iron Hands\n|-damage|p1a: Iron Hands|41\/100\n|-heal|p2a: Iron Hands|32\/100|[from] drain|[of] p1a: Iron Hands\n|move|p1a: Iron Hands|Drain Punch|p2a: Iron Hands\n|-damage|p2a: Iron Hands|0 fnt\n|-heal|p1a: Iron Hands|57\/100|[from] drain|[of] p2a: Iron Hands\n|faint|p2a: Iron Hands\n|-end|p2a: Iron Hands|Quark Drive|[silent]\n|\n|win|MichaelderBeste24\n|l|\u2606Inferno prodigy\n|j|\u2606Inferno prodigy\n|player|p2|Inferno prodigy|102\n|l|\u2606Inferno prodigy\n|player|p2|\n","uploadtime":1699988969,"views":47,"p1id":"michaelderbeste24","p2id":"infernoprodigy","formatid":"gen9vgc2023regulatione","rating":0,"private":0,"password":""}