{"id":"gen9vgc2023regulatione-1989009071","p1":"leleme segundo","p2":"Sanbuza","format":"[Gen 9] VGC 2023 Regulation E","log":"|j|\u2606leleme segundo\n|j|\u2606Sanbuza\n|t:|1699801652\n|gametype|doubles\n|player|p1|leleme segundo|clown|\n|player|p2|Sanbuza|hiker-gen4|\n|teamsize|p1|6\n|teamsize|p2|6\n|gen|9\n|tier|[Gen 9] VGC 2023 Regulation E\n|rule|Species Clause: Limit one of each Pok\u00e9mon\n|rule|Item Clause: Limit one of each item\n|clearpoke\n|poke|p1|Clefable, L50, F|\n|poke|p1|Garchomp, L50, M|\n|poke|p1|Rillaboom, L50, F|\n|poke|p1|Tyranitar, L50, M|\n|poke|p1|Ursaluna-Bloodmoon, L50, M|\n|poke|p1|Grimmsnarl, L50, M|\n|poke|p2|Lurantis, L50, F|\n|poke|p2|Polteageist-Antique, L50|\n|poke|p2|Cinderace, L50, F|\n|poke|p2|Pawmot, L50, M|\n|poke|p2|Glalie, L50, M|\n|poke|p2|Cyclizar, L50, M|\n|teampreview|4\n|l|\u2606Sanbuza\n|player|p2|\n|j|\u2606Sanbuza\n|player|p2|Sanbuza|hiker-gen4\n|\n|t:|1699801724\n|start\n|switch|p1a: Clefable|Clefable, L50, F|100\/100\n|switch|p1b: Grimmsnarl|Grimmsnarl, L50, M|100\/100\n|switch|p2a: Lurantis|Lurantis, L50, F|100\/100\n|switch|p2b: Kaloi|Cyclizar, L50, M|100\/100\n|turn|1\n|c|\u2606Sanbuza|onii chan\n|c|\u2606Sanbuza|onii chan\n|c|\u2606Sanbuza|onii chan\n|c|\u2606Sanbuza|onii chan\n|c|\u2606Sanbuza|onii chan\n|c|\u2606Sanbuza|onii chan\n|c|\u2606Sanbuza|onii chan\n|\n|t:|1699801786\n|move|p1b: Grimmsnarl|Fake Out|p2a: Lurantis\n|-damage|p2a: Lurantis|89\/100\n|move|p2b: Kaloi|Shed Tail|p2b: Kaloi\n|-start|p2b: Kaloi|Substitute|[from] move: Shed Tail\n|-damage|p2b: Kaloi|50\/100\n|\n|t:|1699801793\n|switch|p2b: Ice Ice Baby|Glalie, L50, M|100\/100|[from] Shed Tail\n|move|p1a: Clefable|Cosmic Power|p1a: Clefable\n|-boost|p1a: Clefable|def|1\n|-boost|p1a: Clefable|spd|1\n|cant|p2a: Lurantis|flinch\n|\n|-ability|p2b: Ice Ice Baby|Moody|boost\n|-boost|p2b: Ice Ice Baby|atk|2\n|-unboost|p2b: Ice Ice Baby|spd|1\n|upkeep\n|turn|2\n|\n|t:|1699801815\n|move|p1b: Grimmsnarl|Reflect|p1b: Grimmsnarl\n|-sidestart|p1: leleme segundo|Reflect\n|move|p2b: Ice Ice Baby|Ice Beam|p1b: Grimmsnarl\n|-damage|p1b: Grimmsnarl|59\/100\n|-enditem|p1b: Grimmsnarl|Eject Button\n|\n|t:|1699801820\n|switch|p1b: Tyranitar|Tyranitar, L50, M, shiny|100\/100\n|-weather|Sandstorm|[from] ability: Sand Stream|[of] p1b: Tyranitar\n|move|p1a: Clefable|Cosmic Power|p1a: Clefable\n|-boost|p1a: Clefable|def|1\n|-boost|p1a: Clefable|spd|1\n|move|p2a: Lurantis|Superpower|p1b: Tyranitar\n|-supereffective|p1b: Tyranitar\n|-damage|p1b: Tyranitar|6\/100\n|-boost|p2a: Lurantis|atk|1\n|-boost|p2a: Lurantis|def|1\n|-enditem|p1b: Tyranitar|Aguav Berry|[eat]\n|-heal|p1b: Tyranitar|40\/100|[from] item: Aguav Berry\n|\n|-weather|Sandstorm|[upkeep]\n|-damage|p2b: Ice Ice Baby|95\/100|[from] Sandstorm\n|-damage|p1a: Clefable|95\/100|[from] Sandstorm\n|-damage|p2a: Lurantis|83\/100|[from] Sandstorm\n|-heal|p2b: Ice Ice Baby|100\/100|[from] item: Leftovers\n|-ability|p2b: Ice Ice Baby|Moody|boost\n|-boost|p2b: Ice Ice Baby|def|2\n|-unboost|p2b: Ice Ice Baby|spa|1\n|upkeep\n|turn|3\n|\n|t:|1699801846\n|move|p1a: Clefable|Follow Me|p1a: Clefable\n|-singleturn|p1a: Clefable|move: Follow Me\n|move|p2b: Ice Ice Baby|Ice Beam|p1a: Clefable\n|-damage|p1a: Clefable|84\/100\n|move|p1b: Tyranitar|Dragon Dance|p1b: Tyranitar\n|-boost|p1b: Tyranitar|atk|1\n|-boost|p1b: Tyranitar|spe|1\n|move|p2a: Lurantis|Superpower|p1a: Clefable\n|-resisted|p1a: Clefable\n|-damage|p1a: Clefable|75\/100\n|-boost|p2a: Lurantis|atk|1\n|-boost|p2a: Lurantis|def|1\n|\n|-weather|Sandstorm|[upkeep]\n|-damage|p2b: Ice Ice Baby|95\/100|[from] Sandstorm\n|-damage|p1a: Clefable|69\/100|[from] Sandstorm\n|-damage|p2a: Lurantis|77\/100|[from] Sandstorm\n|-heal|p2b: Ice Ice Baby|100\/100|[from] item: Leftovers\n|-ability|p2b: Ice Ice Baby|Moody|boost\n|-boost|p2b: Ice Ice Baby|atk|2\n|-unboost|p2b: Ice Ice Baby|spe|1\n|upkeep\n|turn|4\n|\n|t:|1699801871\n|move|p1a: Clefable|Follow Me|p1a: Clefable\n|-singleturn|p1a: Clefable|move: Follow Me\n|move|p1b: Tyranitar|Rock Slide|p2b: Ice Ice Baby|[spread] p2a,p2b\n|-supereffective|p2b: Ice Ice Baby\n|-end|p2b: Ice Ice Baby|Substitute\n|-crit|p2a: Lurantis\n|-damage|p2a: Lurantis|23\/100\n|move|p2b: Ice Ice Baby|Ice Beam|p1a: Clefable\n|-crit|p1a: Clefable\n|-damage|p1a: Clefable|21\/100\n|move|p2a: Lurantis|Superpower|p1a: Clefable\n|-resisted|p1a: Clefable\n|-damage|p1a: Clefable|11\/100\n|-boost|p2a: Lurantis|atk|1\n|-boost|p2a: Lurantis|def|1\n|\n|-weather|Sandstorm|[upkeep]\n|-damage|p2b: Ice Ice Baby|95\/100|[from] Sandstorm\n|-damage|p1a: Clefable|5\/100|[from] Sandstorm\n|-damage|p2a: Lurantis|16\/100|[from] Sandstorm\n|-heal|p2b: Ice Ice Baby|100\/100|[from] item: Leftovers\n|-ability|p2b: Ice Ice Baby|Moody|boost\n|-boost|p2b: Ice Ice Baby|spa|2\n|-unboost|p2b: Ice Ice Baby|atk|1\n|upkeep\n|turn|5\n|\n|t:|1699801907\n|move|p1b: Tyranitar|Rock Slide|p2a: Lurantis|[spread] p2a,p2b\n|-crit|p2a: Lurantis\n|-supereffective|p2b: Ice Ice Baby\n|-damage|p2a: Lurantis|0 fnt\n|-damage|p2b: Ice Ice Baby|50\/100\n|faint|p2a: Lurantis\n|move|p2b: Ice Ice Baby|Substitute|p2b: Ice Ice Baby\n|-start|p2b: Ice Ice Baby|Substitute\n|-damage|p2b: Ice Ice Baby|26\/100\n|move|p1a: Clefable|Life Dew|p1a: Clefable|[spread] p1a,p1b\n|-heal|p1a: Clefable|30\/100\n|-heal|p1b: Tyranitar|65\/100\n|\n|-weather|Sandstorm|[upkeep]\n|-damage|p2b: Ice Ice Baby|20\/100|[from] Sandstorm\n|-damage|p1a: Clefable|24\/100|[from] Sandstorm\n|-heal|p2b: Ice Ice Baby|26\/100|[from] item: Leftovers\n|-ability|p2b: Ice Ice Baby|Moody|boost\n|-boost|p2b: Ice Ice Baby|spa|2\n|-unboost|p2b: Ice Ice Baby|def|1\n|upkeep\n|\n|t:|1699801925\n|switch|p2a: Chazin|Polteageist-Antique, L50|100\/100\n|turn|6\n|\n|t:|1699801936\n|move|p1a: Clefable|Follow Me|p1a: Clefable\n|-singleturn|p1a: Clefable|move: Follow Me\n|move|p1b: Tyranitar|Rock Slide|p2a: Chazin|[spread] p2a,p2b\n|-supereffective|p2b: Ice Ice Baby\n|-end|p2b: Ice Ice Baby|Substitute\n|-damage|p2a: Chazin|29\/100\n|-ability|p2a: Chazin|Weak Armor|boost\n|-unboost|p2a: Chazin|def|1\n|-boost|p2a: Chazin|spe|2\n|-enditem|p2a: Chazin|White Herb\n|-clearnegativeboost|p2a: Chazin|[silent]\n|move|p2a: Chazin|Strength Sap|p1a: Clefable\n|-unboost|p1a: Clefable|atk|1\n|-heal|p2a: Chazin|79\/100\n|move|p2b: Ice Ice Baby|Ice Beam|p1a: Clefable\n|-crit|p1a: Clefable\n|-damage|p1a: Clefable|0 fnt\n|faint|p1a: Clefable\n|\n|-weather|none\n|-heal|p2b: Ice Ice Baby|31\/100|[from] item: Leftovers\n|-sideend|p1: leleme segundo|Reflect\n|-ability|p2b: Ice Ice Baby|Moody|boost\n|-boost|p2b: Ice Ice Baby|spd|2\n|-unboost|p2b: Ice Ice Baby|spa|1\n|upkeep\n|\n|t:|1699801957\n|switch|p1a: Grimmsnarl|Grimmsnarl, L50, M|59\/100\n|turn|7\n|\n|t:|1699801967\n|move|p2b: Ice Ice Baby|Protect|p2b: Ice Ice Baby\n|-singleturn|p2b: Ice Ice Baby|Protect\n|move|p1a: Grimmsnarl|Fake Out|p2b: Ice Ice Baby\n|-activate|p2b: Ice Ice Baby|move: Protect\n|move|p2a: Chazin|Strength Sap|p1b: Tyranitar\n|-unboost|p1b: Tyranitar|atk|1\n|-heal|p2a: Chazin|100\/100\n|move|p1b: Tyranitar|Crunch|p2a: Chazin\n|-supereffective|p2a: Chazin\n|-damage|p2a: Chazin|0 fnt\n|faint|p2a: Chazin\n|\n|-heal|p2b: Ice Ice Baby|37\/100|[from] item: Leftovers\n|-ability|p2b: Ice Ice Baby|Moody|boost\n|-boost|p2b: Ice Ice Baby|atk|2\n|-unboost|p2b: Ice Ice Baby|def|1\n|upkeep\n|\n|t:|1699801984\n|switch|p2a: Kaloi|Cyclizar, L50, M|83\/100\n|turn|8\n|\n|t:|1699802013\n|-terastallize|p2b: Ice Ice Baby|Electric\n|move|p1a: Grimmsnarl|Trick|p2b: Ice Ice Baby\n|-activate|p1a: Grimmsnarl|move: Trick|[of] p2b: Ice Ice Baby\n|-enditem|p2b: Ice Ice Baby|Leftovers|[silent]|[from] move: Trick\n|-item|p1a: Grimmsnarl|Leftovers|[from] move: Trick\n|move|p2a: Kaloi|Facade|p1a: Grimmsnarl\n|-damage|p1a: Grimmsnarl|29\/100\n|move|p1b: Tyranitar|Rock Slide|p2a: Kaloi|[spread] p2a,p2b\n|-damage|p2a: Kaloi|43\/100\n|-damage|p2b: Ice Ice Baby|4\/100\n|move|p2b: Ice Ice Baby|Tera Blast|p1b: Tyranitar|[anim] Tera Blast Electric\n|-damage|p1b: Tyranitar|21\/100\n|\n|-heal|p1a: Grimmsnarl|35\/100|[from] item: Leftovers\n|-status|p2a: Kaloi|tox|[from] item: Toxic Orb\n|-ability|p2b: Ice Ice Baby|Moody|boost\n|-boost|p2b: Ice Ice Baby|spd|2\n|-unboost|p2b: Ice Ice Baby|atk|1\n|upkeep\n|turn|9\n|\n|t:|1699802038\n|move|p1a: Grimmsnarl|Reflect|p1a: Grimmsnarl\n|-sidestart|p1: leleme segundo|Reflect\n|move|p2a: Kaloi|Facade|p1a: Grimmsnarl\n|-damage|p1a: Grimmsnarl|0 fnt\n|faint|p1a: Grimmsnarl\n|move|p1b: Tyranitar|Rock Slide|p2b: Ice Ice Baby|[spread] p2a\n|-miss|p1b: Tyranitar|p2b: Ice Ice Baby\n|-damage|p2a: Kaloi|3\/100 tox\n|move|p2b: Ice Ice Baby|Tera Blast|p1b: Tyranitar|[anim] Tera Blast Electric\n|-damage|p1b: Tyranitar|0 fnt\n|faint|p1b: Tyranitar\n|\n|-damage|p2a: Kaloi|0 fnt|[from] psn\n|faint|p2a: Kaloi\n|-ability|p2b: Ice Ice Baby|Moody|boost\n|-boost|p2b: Ice Ice Baby|spa|2\n|-unboost|p2b: Ice Ice Baby|atk|1\n|upkeep\n|\n|t:|1699802056\n|switch|p1a: Garchomp|Garchomp, L50, M|100\/100\n|turn|10\n|\n|t:|1699802070\n|move|p2b: Ice Ice Baby|Protect|p2b: Ice Ice Baby\n|-singleturn|p2b: Ice Ice Baby|Protect\n|move|p1a: Garchomp|Liquidation|p2b: Ice Ice Baby\n|-activate|p2b: Ice Ice Baby|move: Protect\n|\n|-ability|p2b: Ice Ice Baby|Moody|boost\n|-boost|p2b: Ice Ice Baby|spe|2\n|-unboost|p2b: Ice Ice Baby|def|1\n|upkeep\n|turn|11\n|\n|t:|1699802087\n|move|p2b: Ice Ice Baby|Ice Beam|p1a: Garchomp\n|-supereffective|p1a: Garchomp\n|-damage|p1a: Garchomp|0 fnt\n|faint|p1a: Garchomp\n|\n|win|Sanbuza\n|l|\u2606leleme segundo\n","uploadtime":1699802560,"views":18,"p1id":"lelemesegundo","p2id":"sanbuza","formatid":"gen9vgc2023regulatione","rating":0,"private":0,"password":""}