{"id":"gen9vgc2023regulatione-1991667389","p1":"Iamgreed","p2":"PleaseRememberMe","format":"[Gen 9] VGC 2023 Regulation E","log":"|j|\u2606Iamgreed\n|j|\u2606PleaseRememberMe\n|t:|1700100407\n|gametype|doubles\n|player|p1|Iamgreed|102|1094\n|player|p2|PleaseRememberMe|dancer|1016\n|teamsize|p1|6\n|teamsize|p2|6\n|gen|9\n|tier|[Gen 9] VGC 2023 Regulation E\n|rated|\n|rule|Species Clause: Limit one of each Pok\u00e9mon\n|rule|Item Clause: Limit one of each item\n|clearpoke\n|poke|p1|Dudunsparce-*, L50, M|\n|poke|p1|Flutter Mane, L50|\n|poke|p1|Zoroark-Hisui, L50, M|\n|poke|p1|Ogerpon-Hearthflame, L50, F|\n|poke|p1|Urshifu-*, L50, M|\n|poke|p1|Milotic, L50, M|\n|poke|p2|Sinistcha, L50|\n|poke|p2|Milotic, L50, F|\n|poke|p2|Trevenant, L50, M|\n|poke|p2|Okidogi, L50, M|\n|poke|p2|Cresselia, L50, F|\n|poke|p2|Torkoal, L50, M|\n|teampreview|4\nPleaseRememberMe rejected open team sheets.\n|inactive|Battle timer is ON: inactive players will automatically lose when time's up. (requested by PleaseRememberMe)\n|\n|t:|1700100486\n|start\n|switch|p1a: Dudunsparce|Dudunsparce-Three-Segment, L50, M|100\/100\n|switch|p1b: Urshifu|Urshifu, L50, M|100\/100\n|switch|p2a: Cresselia|Cresselia, L50, F|100\/100\n|switch|p2b: Torkoal|Torkoal, L50, M|100\/100\n|-weather|SunnyDay|[from] ability: Drought|[of] p2b: Torkoal\n|turn|1\n|\n|t:|1700100500\n|-terastallize|p2a: Cresselia|Electric\n|move|p1b: Urshifu|Nasty Plot|p1b: Urshifu\n|-boost|p1b: Urshifu|spa|2\n|move|p1a: Dudunsparce|Rock Slide|p2b: Torkoal|[spread] p2a,p2b\n|-supereffective|p2b: Torkoal\n|-crit|p2b: Torkoal\n|-damage|p2a: Cresselia|91\/100\n|-damage|p2b: Torkoal|74\/100\n|cant|p2b: Torkoal|flinch\n|move|p2a: Cresselia|Trick Room|p2a: Cresselia\n|-fieldstart|move: Trick Room|[of] p2a: Cresselia\n|\n|-weather|SunnyDay|[upkeep]\n|upkeep\n|turn|2\n|inactive|Iamgreed has 30 seconds left.\n|inactive|PleaseRememberMe has 30 seconds left.\n|inactive|Iamgreed has 20 seconds left.\n|inactive|PleaseRememberMe has 20 seconds left.\n|inactive|Iamgreed has 15 seconds left.\n|\n|t:|1700100542\n|move|p1b: Urshifu|Protect|p1b: Urshifu\n|-singleturn|p1b: Urshifu|Protect\n|move|p2b: Torkoal|Heat Wave|p1a: Dudunsparce|[spread] p1a\n|-activate|p1b: Urshifu|move: Protect\n|-damage|p1a: Dudunsparce|54\/100\n|move|p1a: Dudunsparce|Body Slam|p2b: Torkoal\n|-damage|p2b: Torkoal|50\/100\n|-status|p2b: Torkoal|par\n|move|p2a: Cresselia|Tera Blast|p1b: Urshifu|[anim] Tera Blast Electric\n|-activate|p1b: Urshifu|move: Protect\n|\n|-weather|SunnyDay|[upkeep]\n|upkeep\n|turn|3\n|\n|t:|1700100560\n|cant|p2b: Torkoal|par\n|move|p1a: Dudunsparce|Rock Slide|p2b: Torkoal|[spread] p2a,p2b\n|-supereffective|p2b: Torkoal\n|-damage|p2a: Cresselia|82\/100\n|-damage|p2b: Torkoal|31\/100 par\n|move|p2a: Cresselia|Tera Blast|p1b: Urshifu|[anim] Tera Blast Electric\n|-damage|p1b: Urshifu|59\/100\n|replace|p1b: Zoroark|Zoroark-Hisui, L50, M\n|-end|p1b: Zoroark|Illusion\n|move|p1b: Zoroark|Hyper Voice|p2a: Cresselia|[spread] p2a,p2b\n|-damage|p2a: Cresselia|43\/100\n|-damage|p2b: Torkoal|0 fnt\n|faint|p2b: Torkoal\n|\n|-weather|SunnyDay|[upkeep]\n|upkeep\n|\n|t:|1700100574\n|switch|p2b: Sinistcha|Sinistcha, L50|100\/100\n|-heal|p2a: Cresselia|68\/100|[from] ability: Hospitality|[of] p2b: Sinistcha\n|turn|4\n|\n|t:|1700100595\n|move|p1b: Zoroark|Protect|p1b: Zoroark\n|-singleturn|p1b: Zoroark|Protect\n|move|p2b: Sinistcha|Matcha Gotcha|p1b: Zoroark|[spread] p1a\n|-activate|p1b: Zoroark|move: Protect\n|-damage|p1a: Dudunsparce|32\/100\n|move|p1a: Dudunsparce|Rock Slide|p2a: Cresselia|[spread] p2a,p2b\n|-damage|p2a: Cresselia|58\/100\n|-damage|p2b: Sinistcha|91\/100\n|move|p2a: Cresselia|Tera Blast|p1b: Zoroark|[anim] Tera Blast Electric\n|-activate|p1b: Zoroark|move: Protect\n|\n|-weather|SunnyDay|[upkeep]\n|-heal|p2b: Sinistcha|97\/100|[from] item: Leftovers\n|upkeep\n|turn|5\n|\n|t:|1700100619\n|move|p2b: Sinistcha|Matcha Gotcha|p1b: Zoroark|[spread] p1a,p1b\n|-damage|p1a: Dudunsparce|11\/100\n|-heal|p2b: Sinistcha|100\/100|[from] drain|[of] p1a: Dudunsparce\n|-damage|p1b: Zoroark|7\/100\n|move|p1a: Dudunsparce|Rock Slide|p2a: Cresselia|[spread] p2a,p2b\n|-damage|p2a: Cresselia|49\/100\n|-damage|p2b: Sinistcha|92\/100\n|move|p2a: Cresselia|Tera Blast|p1b: Zoroark|[anim] Tera Blast Electric\n|-damage|p1b: Zoroark|0 fnt\n|faint|p1b: Zoroark\n|\n|-weather|none\n|-heal|p2b: Sinistcha|98\/100|[from] item: Leftovers\n|-fieldend|move: Trick Room\n|upkeep\n|\n|t:|1700100638\n|switch|p1b: Urshifu|Urshifu, L50, M|100\/100\n|turn|6\n|\n|t:|1700100656\n|move|p1b: Urshifu|Sucker Punch|p2b: Sinistcha\n|-supereffective|p2b: Sinistcha\n|-damage|p2b: Sinistcha|26\/100\n|-damage|p1b: Urshifu|91\/100|[from] item: Life Orb\n|move|p1a: Dudunsparce|Rock Slide|p2a: Cresselia|[spread] p2a,p2b\n|-damage|p2a: Cresselia|39\/100\n|-damage|p2b: Sinistcha|17\/100\n|cant|p2b: Sinistcha|flinch\n|move|p2a: Cresselia|Trick Room|p2a: Cresselia\n|-fieldstart|move: Trick Room|[of] p2a: Cresselia\n|\n|-heal|p2b: Sinistcha|24\/100|[from] item: Leftovers\n|upkeep\n|turn|7\n|inactive|Iamgreed has 30 seconds left.\n|\n|t:|1700100683\n|move|p1b: Urshifu|Protect|p1b: Urshifu\n|-singleturn|p1b: Urshifu|Protect\n|move|p2b: Sinistcha|Matcha Gotcha|p1a: Dudunsparce|[spread] \n|-activate|p1b: Urshifu|move: Protect\n|-miss|p2b: Sinistcha|p1a: Dudunsparce\n|move|p1a: Dudunsparce|Rock Slide|p2a: Cresselia|[spread] p2a,p2b\n|-damage|p2a: Cresselia|30\/100\n|-damage|p2b: Sinistcha|14\/100\n|move|p2a: Cresselia|Tera Blast|p1a: Dudunsparce|[anim] Tera Blast Electric\n|-damage|p1a: Dudunsparce|0 fnt\n|faint|p1a: Dudunsparce\n|\n|-heal|p2b: Sinistcha|20\/100|[from] item: Leftovers\n|upkeep\n|\n|t:|1700100700\n|switch|p1a: balance all|Ogerpon-Hearthflame, L50, F|100\/100\n|-ability|p1a: balance all|Mold Breaker\n|turn|8\n|\n|t:|1700100709\n|move|p1b: Urshifu|Sucker Punch|p2b: Sinistcha\n|-supereffective|p2b: Sinistcha\n|-damage|p2b: Sinistcha|0 fnt\n|faint|p2b: Sinistcha\n|-damage|p1b: Urshifu|81\/100|[from] item: Life Orb\n|move|p2a: Cresselia|Lunar Blessing|p2a: Cresselia\n|-heal|p2a: Cresselia|55\/100\n|move|p1a: balance all|Focus Energy|p1a: balance all\n|-start|p1a: balance all|move: Focus Energy\n|\n|upkeep\n|\n|t:|1700100711\n|switch|p2b: Okidogi|Okidogi, L50, M|100\/100\n|turn|9\n|\n|t:|1700100727\n|move|p1b: Urshifu|Protect|p1b: Urshifu\n|-singleturn|p1b: Urshifu|Protect\n|move|p1a: balance all|Spiky Shield|p1a: balance all\n|-singleturn|p1a: balance all|move: Protect\n|move|p2b: Okidogi|Gunk Shot|p1a: balance all\n|-activate|p1a: balance all|move: Protect\n|move|p2a: Cresselia|Lunar Blessing|p2a: Cresselia|[spread] p2a,p2b\n|-heal|p2a: Cresselia|80\/100\n|\n|upkeep\n|turn|10\n|\n|t:|1700100747\n|-terastallize|p1a: balance all|Fire\n|detailschange|p1a: balance all|Ogerpon-Hearthflame-Tera, L50, F, tera:Fire\n|-ability|p1a: balance all|Embody Aspect (Hearthflame)|boost\n|-boost|p1a: balance all|atk|1\n|move|p2b: Okidogi|Gunk Shot|p1a: balance all\n|-damage|p1a: balance all|29\/100\n|move|p2a: Cresselia|Tera Blast|p1a: balance all|[anim] Tera Blast Electric\n|-damage|p1a: balance all|4\/100\n|move|p1b: Urshifu|Wicked Blow|p2a: Cresselia\n|-crit|p2a: Cresselia\n|-damage|p2a: Cresselia|23\/100\n|-damage|p1b: Urshifu|71\/100|[from] item: Life Orb\n|move|p1a: balance all|Ivy Cudgel|p2b: Okidogi|[anim] Ivy Cudgel Fire\n|-crit|p2b: Okidogi\n|-damage|p2b: Okidogi|0 fnt\n|faint|p2b: Okidogi\n|\n|-fieldend|move: Trick Room\n|upkeep\n|turn|11\n|-message|PleaseRememberMe forfeited.\n|\n|win|Iamgreed\n|raw|Iamgreed's rating: 1094 &rarr; <strong>1114<\/strong><br \/>(+20 for winning)\n|raw|PleaseRememberMe's rating: 1016 &rarr; <strong>1006<\/strong><br \/>(-10 for losing)\n|l|\u2606PleaseRememberMe\n","uploadtime":1700100971,"views":23,"p1id":"iamgreed","p2id":"pleaserememberme","formatid":"gen9vgc2023regulatione","rating":1006,"private":0,"password":""}