{"id":"gen9vgc2023regulatione-1999152197","p1":"brunikolas","p2":"yippyyah","format":"[Gen 9] VGC 2023 Regulation E","log":"|j|\u2606brunikolas\n|j|\u2606yippyyah\n|t:|1701038875\n|gametype|doubles\n|player|p1|brunikolas|2|1103\n|player|p2|yippyyah|swimmer-gen4|1069\n|teamsize|p1|6\n|teamsize|p2|6\n|gen|9\n|tier|[Gen 9] VGC 2023 Regulation E\n|rated|\n|rule|Species Clause: Limit one of each Pok\u00e9mon\n|rule|Item Clause: Limit one of each item\n|clearpoke\n|poke|p1|Dragonite, L50, F|\n|poke|p1|Weezing-Galar, L50, F|\n|poke|p1|Zoroark-Hisui, L50, M|\n|poke|p1|Iron Hands, L50|\n|poke|p1|Flutter Mane, L50|\n|poke|p1|Roaring Moon, L50|\n|poke|p2|Empoleon, L50, F|\n|poke|p2|Tornadus, L50, M|\n|poke|p2|Kommo-o, L50, M|\n|poke|p2|Arcanine-Hisui, L50, M|\n|poke|p2|Iron Moth, L50|\n|poke|p2|Ninetales-Alola, L50, M|\n|teampreview|4\n|inactive|Battle timer is ON: inactive players will automatically lose when time's up. (requested by yippyyah)\n|\n|t:|1701038914\n|start\n|switch|p1a: Weezing|Weezing-Galar, L50, F|100\/100\n|switch|p1b: Dragonite|Dragonite, L50, F|100\/100\n|switch|p2a: Tornadus|Tornadus, L50, M|100\/100\n|switch|p2b: Ninetales|Ninetales-Alola, L50, M|100\/100\n|-ability|p1a: Weezing|Neutralizing Gas\n|turn|1\n|inactive|brunikolas has 30 seconds left.\n|inactive|brunikolas has 20 seconds left.\n|inactive|brunikolas has 15 seconds left.\n|inactive|yippyyah has 30 seconds left.\n|inactive|brunikolas has 10 seconds left.\n|inactive|brunikolas has 5 seconds left.\n|\n|t:|1701038964\n|switch|p1b: Iron Hands|Iron Hands, L50|100\/100\n|-terastallize|p2b: Ninetales|Ghost\n|move|p2b: Ninetales|Blizzard|p1b: Iron Hands|[spread] \n|-miss|p2b: Ninetales|p1a: Weezing\n|-miss|p2b: Ninetales|p1b: Iron Hands\n|move|p2a: Tornadus|Tailwind|p2a: Tornadus\n|-sidestart|p2: yippyyah|move: Tailwind\n|move|p1a: Weezing|Dazzling Gleam|p2b: Ninetales|[spread] p2a,p2b\n|-damage|p2a: Tornadus|81\/100\n|-damage|p2b: Ninetales|78\/100\n|\n|upkeep\n|turn|2\n|inactive|yippyyah has 30 seconds left.\n|\n|t:|1701038993\n|move|p2b: Ninetales|Moonblast|p1b: Iron Hands\n|-supereffective|p1b: Iron Hands\n|-damage|p1b: Iron Hands|61\/100\n|move|p2a: Tornadus|Psychic|p1a: Weezing\n|-supereffective|p1a: Weezing\n|-damage|p1a: Weezing|26\/100\n|move|p1a: Weezing|Dazzling Gleam|p2b: Ninetales|[spread] p2a,p2b\n|-damage|p2a: Tornadus|58\/100\n|-damage|p2b: Ninetales|53\/100\n|move|p1b: Iron Hands|Ice Punch|p2a: Tornadus\n|-supereffective|p2a: Tornadus\n|-damage|p2a: Tornadus|0 fnt\n|faint|p2a: Tornadus\n|\n|-heal|p1a: Weezing|31\/100|[from] item: Leftovers\n|upkeep\n|\n|t:|1701039011\n|switch|p2a: Arcanine|Arcanine-Hisui, L50, M|100\/100\n|turn|3\n|\n|t:|1701039028\n|-end|p1a: Weezing|ability: Neutralizing Gas\n|-weather|Snow|[from] ability: Snow Warning|[of] p2b: Ninetales\n|switch|p1a: Roaring Moon|Roaring Moon, L50|100\/100\n|-enditem|p1a: Roaring Moon|Booster Energy\n|-activate|p1a: Roaring Moon|ability: Protosynthesis|[fromitem]\n|-start|p1a: Roaring Moon|protosynthesisspe\n|move|p2a: Arcanine|Head Smash|p1a: Roaring Moon\n|-damage|p1a: Roaring Moon|8\/100\n|move|p2b: Ninetales|Moonblast|p1b: Iron Hands\n|-supereffective|p1b: Iron Hands\n|-damage|p1b: Iron Hands|19\/100\n|move|p1b: Iron Hands|Drain Punch|p2a: Arcanine\n|-supereffective|p2a: Arcanine\n|-damage|p2a: Arcanine|0 fnt\n|-heal|p1b: Iron Hands|54\/100|[from] drain|[of] p2a: Arcanine\n|faint|p2a: Arcanine\n|\n|-weather|Snow|[upkeep]\n|upkeep\n|\n|t:|1701039040\n|switch|p2a: Empoleon|Empoleon, L50, F|100\/100\n|turn|4\n|\n|t:|1701039064\n|-end|p1a: Roaring Moon|Protosynthesis|[silent]\n|switch|p1a: Weezing|Weezing-Galar, L50, F|31\/100\n|-ability|p1a: Weezing|Neutralizing Gas\n|move|p2b: Ninetales|Aurora Veil|p2b: Ninetales\n|-sidestart|p2: yippyyah|move: Aurora Veil\n|move|p2a: Empoleon|Ice Beam|p1a: Weezing\n|-damage|p1a: Weezing|0 fnt\n|faint|p1a: Weezing\n|-end|p1a: Weezing|ability: Neutralizing Gas\n|move|p1b: Iron Hands|Drain Punch|p2a: Empoleon\n|-supereffective|p2a: Empoleon\n|-damage|p2a: Empoleon|39\/100\n|-heal|p1b: Iron Hands|78\/100|[from] drain|[of] p2a: Empoleon\n|-enditem|p2a: Empoleon|Weakness Policy\n|-boost|p2a: Empoleon|atk|2|[from] item: Weakness Policy\n|-boost|p2a: Empoleon|spa|2|[from] item: Weakness Policy\n|\n|-weather|Snow|[upkeep]\n|-sideend|p2: yippyyah|move: Tailwind\n|upkeep\n|\n|t:|1701039081\n|switch|p1a: Roaring Moon|Roaring Moon, L50|8\/100\n|turn|5\n|inactive|yippyyah has 30 seconds left.\n|inactive|yippyyah has 20 seconds left.\n|\n|t:|1701039117\n|move|p1a: Roaring Moon|Knock Off|p2b: Ninetales\n|-supereffective|p2b: Ninetales\n|-damage|p2b: Ninetales|0 fnt\n|-enditem|p2b: Ninetales|Light Clay|[from] move: Knock Off|[of] p1a: Roaring Moon\n|faint|p2b: Ninetales\n|move|p2a: Empoleon|Hydro Pump|p1b: Iron Hands\n|-crit|p1b: Iron Hands\n|-damage|p1b: Iron Hands|0 fnt\n|faint|p1b: Iron Hands\n|-end|p1b: Iron Hands|Quark Drive|[silent]\n|\n|-weather|Snow|[upkeep]\n|upkeep\n|\n|t:|1701039127\n|switch|p1b: Dragonite|Dragonite, L50, F|100\/100\n|turn|6\n|\n|t:|1701039150\n|move|p1a: Roaring Moon|Knock Off|p2a: Empoleon\n|-damage|p2a: Empoleon|18\/100\n|move|p1b: Dragonite|Stomping Tantrum|p2a: Empoleon\n|-supereffective|p2a: Empoleon\n|-damage|p2a: Empoleon|0 fnt\n|faint|p2a: Empoleon\n|\n|win|brunikolas\n|raw|brunikolas's rating: 1103 &rarr; <strong>1126<\/strong><br \/>(+23 for winning)\n|raw|yippyyah's rating: 1069 &rarr; <strong>1051<\/strong><br \/>(-18 for losing)\n|l|\u2606yippyyah\n","uploadtime":1701039157,"views":11,"p1id":"brunikolas","p2id":"yippyyah","formatid":"gen9vgc2023regulatione","rating":1051,"private":0,"password":""}