{"id":"gen9vgc2023regulatione-1998945390","p1":"LePixsel","p2":"SuitedTrainer01","format":"[Gen 9] VGC 2023 Regulation E","log":"|j|\u2606LePixsel\n|j|\u2606SuitedTrainer01\n|t:|1701016255\n|gametype|doubles\n|player|p1|LePixsel|102|\n|player|p2|SuitedTrainer01|sada-ai|\n|teamsize|p1|6\n|teamsize|p2|6\n|gen|9\n|tier|[Gen 9] VGC 2023 Regulation E\n|rule|Species Clause: Limit one of each Pok\u00e9mon\n|rule|Item Clause: Limit one of each item\n|clearpoke\n|poke|p1|Urshifu-*, L50, M|\n|poke|p1|Ursaluna, L50, M|\n|poke|p1|Iron Bundle, L50|\n|poke|p1|Regidrago, L50|\n|poke|p1|Cresselia, L50, F|\n|poke|p1|Iron Hands, L50|\n|poke|p2|Milotic, L50, M|\n|poke|p2|Illumise, L50, F|\n|poke|p2|Gardevoir, L50, F|\n|poke|p2|Ogerpon, L50, F|\n|poke|p2|Haxorus, L50, M|\n|poke|p2|Ditto, L50|\n|teampreview|4\n|j| ImTheSorrow\n|j| Kurona25\n|\n|t:|1701016277\n|start\n|switch|p1a: Iron Bundle|Iron Bundle, L50|100\/100\n|switch|p1b: Urshifu|Urshifu, L50, M|100\/100\n|switch|p2a: Sportsball|Milotic, L50, M, shiny|100\/100\n|switch|p2b: Purple Mage|Illumise, L50, F|100\/100\n|-enditem|p1a: Iron Bundle|Booster Energy\n|-activate|p1a: Iron Bundle|ability: Quark Drive|[fromitem]\n|-start|p1a: Iron Bundle|quarkdrivespe\n|turn|1\n|c|\u2606LePixsel|can we make this a bit faster\n|\n|t:|1701016315\n|-terastallize|p2a: Sportsball|Fairy\n|move|p2b: Purple Mage|Tailwind|p2b: Purple Mage\n|-sidestart|p2: SuitedTrainer01|move: Tailwind\n|move|p1a: Iron Bundle|Freeze-Dry|p2a: Sportsball\n|-damage|p2a: Sportsball|73\/100\n|move|p1b: Urshifu|Poison Jab|p2a: Sportsball\n|-supereffective|p2a: Sportsball\n|-damage|p2a: Sportsball|10\/100\n|move|p2a: Sportsball|Draining Kiss|p1b: Urshifu\n|-supereffective|p1b: Urshifu\n|-damage|p1b: Urshifu|0 fnt\n|-heal|p2a: Sportsball|75\/100|[from] drain|[of] p1b: Urshifu\n|faint|p1b: Urshifu\n|\n|-status|p2a: Sportsball|brn|[from] item: Flame Orb\n|upkeep\n|c|\u2606LePixsel|cause my dad is forcing me to sleep\n|\n|t:|1701016327\n|switch|p1b: Cresselia|Cresselia, L50, F, shiny|100\/100\n|turn|2\n|c|\u2606SuitedTrainer01|all g brother\n|\n|t:|1701016341\n|move|p2b: Purple Mage|Helping Hand|p2a: Sportsball\n|-singleturn|p2a: Sportsball|Helping Hand|[of] p2b: Purple Mage\n|move|p1a: Iron Bundle|Freeze-Dry|p2b: Purple Mage\n|-damage|p2b: Purple Mage|60\/100\n|move|p2a: Sportsball|Draining Kiss|p1a: Iron Bundle\n|-damage|p1a: Iron Bundle|30\/100\n|-heal|p2a: Sportsball|100\/100 brn|[from] drain|[of] p1a: Iron Bundle\n|move|p1b: Cresselia|Trick Room|p1b: Cresselia\n|-fieldstart|move: Trick Room|[of] p1b: Cresselia\n|\n|-damage|p2a: Sportsball|95\/100 brn|[from] brn\n|upkeep\n|turn|3\n|\n|t:|1701016357\n|move|p2b: Purple Mage|Encore|p1a: Iron Bundle\n|-start|p1a: Iron Bundle|Encore\n|move|p1b: Cresselia|Moonblast|p2b: Purple Mage\n|-damage|p2b: Purple Mage|38\/100\n|move|p2a: Sportsball|Scald|p1b: Cresselia\n|-damage|p1b: Cresselia|79\/100\n|move|p1a: Iron Bundle|Freeze-Dry|p2a: Sportsball\n|-damage|p2a: Sportsball|68\/100 brn\n|\n|-damage|p2a: Sportsball|62\/100 brn|[from] brn\n|upkeep\n|turn|4\n|\n|t:|1701016381\n|move|p2b: Purple Mage|Helping Hand|p2a: Sportsball\n|-singleturn|p2a: Sportsball|Helping Hand|[of] p2b: Purple Mage\n|move|p1b: Cresselia|Moonblast|p2a: Sportsball\n|-damage|p2a: Sportsball|49\/100 brn\n|-unboost|p2a: Sportsball|spa|1\n|move|p2a: Sportsball|Draining Kiss|p1b: Cresselia\n|-damage|p1b: Cresselia|64\/100\n|-heal|p2a: Sportsball|61\/100 brn|[from] drain|[of] p1b: Cresselia\n|move|p1a: Iron Bundle|Freeze-Dry|p2a: Sportsball\n|-damage|p2a: Sportsball|34\/100 brn\n|\n|-damage|p2a: Sportsball|28\/100 brn|[from] brn\n|-sideend|p2: SuitedTrainer01|move: Tailwind\n|upkeep\n|turn|5\n|\n|t:|1701016400\n|move|p2b: Purple Mage|Encore|p1b: Cresselia\n|-start|p1b: Cresselia|Encore\n|-enditem|p1b: Cresselia|Mental Herb\n|-end|p1b: Cresselia|Encore\n|move|p2a: Sportsball|Draining Kiss|p1a: Iron Bundle\n|-damage|p1a: Iron Bundle|0 fnt\n|-heal|p2a: Sportsball|43\/100 brn|[from] drain|[of] p1a: Iron Bundle\n|faint|p1a: Iron Bundle\n|-end|p1a: Iron Bundle|Quark Drive|[silent]\n|move|p1b: Cresselia|Lunar Blessing|p1b: Cresselia\n|-heal|p1b: Cresselia|89\/100\n|\n|-damage|p2a: Sportsball|37\/100 brn|[from] brn\n|upkeep\n|\n|t:|1701016406\n|switch|p1a: Ursaluna|Ursaluna, L50, M|100\/100\n|turn|6\n|\n|t:|1701016426\n|-terastallize|p1a: Ursaluna|Normal\n|move|p2b: Purple Mage|Helping Hand|p2a: Sportsball\n|-singleturn|p2a: Sportsball|Helping Hand|[of] p2b: Purple Mage\n|move|p1a: Ursaluna|Earthquake|p2a: Sportsball|[spread] p2a,p2b\n|-immune|p1b: Cresselia|[from] ability: Levitate\n|-resisted|p2b: Purple Mage\n|-damage|p2a: Sportsball|5\/100 brn\n|-damage|p2b: Purple Mage|19\/100\n|move|p2a: Sportsball|Draining Kiss|p1a: Ursaluna\n|-damage|p1a: Ursaluna|79\/100\n|-heal|p2a: Sportsball|24\/100 brn|[from] drain|[of] p1a: Ursaluna\n|move|p1b: Cresselia|Moonblast|p2b: Purple Mage\n|-damage|p2b: Purple Mage|0 fnt\n|faint|p2b: Purple Mage\n|\n|-damage|p2a: Sportsball|18\/100 brn|[from] brn\n|-fieldend|move: Trick Room\n|-status|p1a: Ursaluna|brn|[from] item: Flame Orb\n|upkeep\n|\n|t:|1701016437\n|switch|p2b: me fr|Ditto, L50, shiny|100\/100\n|-transform|p2b: me fr|p1a: Ursaluna|[from] ability: Imposter\n|-start|p2b: me fr|typechange|Ground\/Normal|[silent]\n|turn|7\n|\n|t:|1701016455\n|move|p2b: me fr|Protect|p2b: me fr\n|-singleturn|p2b: me fr|Protect\n|move|p1a: Ursaluna|Protect|p1a: Ursaluna\n|-singleturn|p1a: Ursaluna|Protect\n|move|p2a: Sportsball|Draining Kiss|p1a: Ursaluna\n|-activate|p1a: Ursaluna|move: Protect\n|move|p1b: Cresselia|Trick Room|p1b: Cresselia\n|-fieldstart|move: Trick Room|[of] p1b: Cresselia\n|-enditem|p2b: me fr|Room Service\n|-unboost|p2b: me fr|spe|1|[from] item: Room Service\n|\n|-damage|p1a: Ursaluna|73\/100 brn|[from] brn\n|-damage|p2a: Sportsball|12\/100 brn|[from] brn\n|upkeep\n|turn|8\n|\n|t:|1701016479\n|move|p1a: Ursaluna|Protect||[still]\n|-fail|p1a: Ursaluna\n|move|p2b: me fr|Swords Dance|p2b: me fr\n|-boost|p2b: me fr|atk|2\n|move|p2a: Sportsball|Draining Kiss|p1a: Ursaluna\n|-damage|p1a: Ursaluna|56\/100 brn\n|-heal|p2a: Sportsball|27\/100 brn|[from] drain|[of] p1a: Ursaluna\n|move|p1b: Cresselia|Trick Room|p1b: Cresselia\n|-fieldend|move: Trick Room\n|\n|-damage|p2a: Sportsball|21\/100 brn|[from] brn\n|-damage|p1a: Ursaluna|50\/100 brn|[from] brn\n|upkeep\n|turn|9\n|\n|t:|1701016496\n|move|p1b: Cresselia|Helping Hand|p1a: Ursaluna\n|-singleturn|p1a: Ursaluna|Helping Hand|[of] p1b: Cresselia\n|move|p2b: me fr|Protect|p2b: me fr\n|-singleturn|p2b: me fr|Protect\n|move|p2a: Sportsball|Haze|p2a: Sportsball\n|-clearallboost\n|move|p1a: Ursaluna|Facade|p2b: me fr\n|-activate|p2b: me fr|move: Protect\n|\n|-damage|p2a: Sportsball|15\/100 brn|[from] brn\n|-damage|p1a: Ursaluna|44\/100 brn|[from] brn\n|upkeep\n|turn|10\n|\n|t:|1701016520\n|move|p1b: Cresselia|Lunar Blessing|p1b: Cresselia|[spread] p1a,p1b\n|-heal|p1a: Ursaluna|69\/100 brn\n|-curestatus|p1a: Ursaluna|brn|[msg]\n|-heal|p1b: Cresselia|100\/100\n|move|p2a: Sportsball|Draining Kiss|p1a: Ursaluna\n|-damage|p1a: Ursaluna|44\/100\n|-heal|p2a: Sportsball|37\/100 brn|[from] drain|[of] p1a: Ursaluna\n|move|p2b: me fr|Facade|p1a: Ursaluna\n|-damage|p1a: Ursaluna|14\/100\n|move|p1a: Ursaluna|Facade|p2b: me fr\n|-damage|p2b: me fr|42\/100\n|\n|-damage|p2a: Sportsball|31\/100 brn|[from] brn\n|-status|p1a: Ursaluna|brn|[from] item: Flame Orb\n|upkeep\n|turn|11\n|\n|t:|1701016539\n|move|p1b: Cresselia|Helping Hand|p1a: Ursaluna\n|-singleturn|p1a: Ursaluna|Helping Hand|[of] p1b: Cresselia\n|move|p2a: Sportsball|Draining Kiss|p1b: Cresselia\n|-damage|p1b: Cresselia|86\/100\n|-heal|p2a: Sportsball|44\/100 brn|[from] drain|[of] p1b: Cresselia\n|move|p2b: me fr|Swords Dance|p2b: me fr\n|-boost|p2b: me fr|atk|2\n|move|p1a: Ursaluna|Earthquake|p2a: Sportsball|[spread] p2a,p2b\n|-immune|p1b: Cresselia|[from] ability: Levitate\n|-damage|p2a: Sportsball|0 fnt\n|-damage|p2b: me fr|0 fnt\n|faint|p2a: Sportsball\n|faint|p2b: me fr\n|\n|-damage|p1a: Ursaluna|9\/100 brn|[from] brn\n|upkeep\n|\n|t:|1701016544\n|switch|p2b: Queen|Gardevoir, L50, F|100\/100\n|-ability|p2b: Queen|Guts|[from] ability: Trace|[of] p1a: Ursaluna\n|turn|12\n|\n|t:|1701016555\n|move|p1a: Ursaluna|Protect|p1a: Ursaluna\n|-singleturn|p1a: Ursaluna|Protect\n|move|p2b: Queen|Moonblast|p1a: Ursaluna\n|-activate|p1a: Ursaluna|move: Protect\n|move|p1b: Cresselia|Trick Room|p1b: Cresselia\n|-fieldstart|move: Trick Room|[of] p1b: Cresselia\n|\n|-damage|p1a: Ursaluna|3\/100 brn|[from] brn\n|upkeep\n|turn|13\n|\n|t:|1701016560\n|move|p2b: Queen|Protect|p2b: Queen\n|-singleturn|p2b: Queen|Protect\n|move|p1a: Ursaluna|Facade|p2b: Queen\n|-activate|p2b: Queen|move: Protect\n|move|p1b: Cresselia|Lunar Blessing|p1b: Cresselia|[spread] p1a,p1b\n|-heal|p1a: Ursaluna|28\/100 brn\n|-curestatus|p1a: Ursaluna|brn|[msg]\n|-heal|p1b: Cresselia|100\/100\n|\n|-status|p1a: Ursaluna|brn|[from] item: Flame Orb\n|upkeep\n|turn|14\n|\n|t:|1701016569\n|move|p1b: Cresselia|Helping Hand|p1a: Ursaluna\n|-singleturn|p1a: Ursaluna|Helping Hand|[of] p1b: Cresselia\n|move|p1a: Ursaluna|Facade|p2b: Queen\n|-damage|p2b: Queen|0 fnt\n|faint|p2b: Queen\n|\n|win|LePixsel\n|c|\u2606LePixsel|gg\n|c|\u2606SuitedTrainer01|gg\n","uploadtime":1701016583,"views":34,"p1id":"lepixsel","p2id":"suitedtrainer01","formatid":"gen9vgc2023regulatione","rating":0,"private":0,"password":""}