{"id":"gen9vgc2023regulatione-1995447814","p1":"Nath222","p2":"CasualPizza","format":"[Gen 9] VGC 2023 Regulation E","log":"|j|\u2606Nath222\n|j|\u2606CasualPizza\n|t:|1700571923\n|gametype|doubles\n|player|p1|Nath222|cilan|1309\n|player|p2|CasualPizza|elesa-masters|1351\n|teamsize|p1|6\n|teamsize|p2|6\n|gen|9\n|tier|[Gen 9] VGC 2023 Regulation E\n|rated|\n|rule|Species Clause: Limit one of each Pok\u00e9mon\n|rule|Item Clause: Limit one of each item\n|clearpoke\n|poke|p1|Ogerpon, L50, F|\n|poke|p1|Arcanine-Hisui, L50, F|\n|poke|p1|Gastrodon-East, L50, M|\n|poke|p1|Tornadus, L50, M|\n|poke|p1|Iron Hands, L50|\n|poke|p1|Gholdengo, L50|\n|poke|p2|Flutter Mane, L50|\n|poke|p2|Urshifu-*, L50, M|\n|poke|p2|Ogerpon-Wellspring, L50, F|\n|poke|p2|Iron Hands, L50|\n|poke|p2|Landorus, L50, M|\n|poke|p2|Arcanine-Hisui, L50, M|\n|teampreview|4\nNath222 rejected open team sheets.\n|inactive|Battle timer is ON: inactive players will automatically lose when time's up. (requested by Nath222)\n|\n|t:|1700571963\n|start\n|switch|p1a: Ogerpon|Ogerpon, L50, F|100\/100\n|switch|p1b: Iron Hands|Iron Hands, L50|100\/100\n|switch|p2a: Ogerpon|Ogerpon-Wellspring, L50, F|100\/100\n|switch|p2b: Iron Hands|Iron Hands, L50|100\/100\n|turn|1\n|inactive|Nath222 has 30 seconds left.\n|inactive|Nath222 has 20 seconds left.\n|inactive|Nath222 has 15 seconds left.\n|inactive|Nath222 has 10 seconds left.\n|\n|t:|1700572012\n|switch|p1a: Gholdengo|Gholdengo, L50|100\/100\n|move|p2b: Iron Hands|Fake Out|p1b: Iron Hands\n|-damage|p1b: Iron Hands|90\/100\n|move|p2a: Ogerpon|Ivy Cudgel|p1b: Iron Hands|[anim] Ivy Cudgel Water\n|-damage|p1b: Iron Hands|49\/100\n|cant|p1b: Iron Hands|flinch\n|\n|upkeep\n|turn|2\n|\n|t:|1700572035\n|-end|p1b: Iron Hands|Quark Drive|[silent]\n|switch|p1b: Gastrodon|Gastrodon-East, L50, M|100\/100\n|-terastallize|p1a: Gholdengo|Steel\n|move|p2a: Ogerpon|Spiky Shield|p2a: Ogerpon\n|-singleturn|p2a: Ogerpon|move: Protect\n|move|p1a: Gholdengo|Make It Rain|p2a: Ogerpon|[spread] p2b\n|-activate|p2a: Ogerpon|move: Protect\n|-resisted|p2b: Iron Hands\n|-damage|p2b: Iron Hands|74\/100\n|-unboost|p1a: Gholdengo|spa|1\n|move|p2b: Iron Hands|Drain Punch|p1b: Gastrodon\n|-damage|p1b: Gastrodon|70\/100\n|-heal|p2b: Iron Hands|87\/100|[from] drain|[of] p1b: Gastrodon\n|\n|-heal|p1b: Gastrodon|76\/100|[from] item: Leftovers\n|upkeep\n|turn|3\n|inactive|Nath222 has 30 seconds left.\n|\n|t:|1700572066\n|switch|p1a: Ogerpon|Ogerpon, L50, F|100\/100\n|move|p2a: Ogerpon|Wood Hammer|p1b: Gastrodon\n|-supereffective|p1b: Gastrodon\n|-damage|p1b: Gastrodon|0 fnt\n|faint|p1b: Gastrodon\n|-damage|p2a: Ogerpon|72\/100|[from] Recoil\n|move|p2b: Iron Hands|Drain Punch|p1a: Ogerpon\n|-damage|p1a: Ogerpon|48\/100\n|-heal|p2b: Iron Hands|100\/100|[from] drain|[of] p1a: Ogerpon\n|\n|upkeep\n|\n|t:|1700572078\n|switch|p1b: Iron Hands|Iron Hands, L50|49\/100\n|turn|4\n|\n|t:|1700572093\n|move|p1b: Iron Hands|Fake Out|p2a: Ogerpon\n|-damage|p2a: Ogerpon|58\/100\n|move|p1a: Ogerpon|Stomping Tantrum|p2b: Iron Hands\n|-supereffective|p2b: Iron Hands\n|-damage|p2b: Iron Hands|48\/100\n|cant|p2a: Ogerpon|flinch\n|move|p2b: Iron Hands|Drain Punch|p1a: Ogerpon\n|-damage|p1a: Ogerpon|0 fnt\n|-heal|p2b: Iron Hands|63\/100|[from] drain|[of] p1a: Ogerpon\n|faint|p1a: Ogerpon\n|\n|upkeep\n|\n|t:|1700572103\n|switch|p1a: Gholdengo|Gholdengo, L50, tera:Steel|100\/100\n|turn|5\n|\n|t:|1700572126\n|move|p2a: Ogerpon|Spiky Shield|p2a: Ogerpon\n|-singleturn|p2a: Ogerpon|move: Protect\n|move|p1a: Gholdengo|Shadow Ball|p2b: Iron Hands\n|-damage|p2b: Iron Hands|30\/100\n|move|p2b: Iron Hands|Drain Punch|p1a: Gholdengo\n|-supereffective|p1a: Gholdengo\n|-damage|p1a: Gholdengo|19\/100\n|-heal|p2b: Iron Hands|63\/100|[from] drain|[of] p1a: Gholdengo\n|move|p1b: Iron Hands|Wild Charge|p2a: Ogerpon\n|-activate|p2a: Ogerpon|move: Protect\n|-damage|p1b: Iron Hands|37\/100|[from] Spiky Shield|[of] p2a: Ogerpon\n|\n|upkeep\n|turn|6\n|\n|t:|1700572142\n|move|p2a: Ogerpon|Ivy Cudgel|p1b: Iron Hands|[anim] Ivy Cudgel Water\n|-damage|p1b: Iron Hands|0 fnt\n|faint|p1b: Iron Hands\n|-end|p1b: Iron Hands|Quark Drive|[silent]\n|move|p1a: Gholdengo|Shadow Ball|p2b: Iron Hands\n|-damage|p2b: Iron Hands|28\/100\n|-unboost|p2b: Iron Hands|spd|1\n|move|p2b: Iron Hands|Drain Punch|p1a: Gholdengo\n|-supereffective|p1a: Gholdengo\n|-damage|p1a: Gholdengo|0 fnt\n|-heal|p2b: Iron Hands|36\/100|[from] drain|[of] p1a: Gholdengo\n|faint|p1a: Gholdengo\n|\n|win|CasualPizza\n|raw|Nath222's rating: 1309 &rarr; <strong>1291<\/strong><br \/>(-18 for losing)\n|raw|CasualPizza's rating: 1351 &rarr; <strong>1369<\/strong><br \/>(+18 for winning)\n","uploadtime":1700572148,"views":4,"p1id":"nath222","p2id":"casualpizza","formatid":"gen9vgc2023regulatione","rating":1291,"private":0,"password":""}