{"id":"gen9vgc2023regulatione-2000493848","p1":"newusernovice","p2":"Mena the tengu","format":"[Gen 9] VGC 2023 Regulation E","log":"|j|\u2606newusernovice\n|j|\u2606Mena the tengu\n|t:|1701199492\n|gametype|doubles\n|player|p1|newusernovice|brawly|1407\n|player|p2|Mena the tengu|mars|1377\n|teamsize|p1|6\n|teamsize|p2|6\n|gen|9\n|tier|[Gen 9] VGC 2023 Regulation E\n|rated|\n|rule|Species Clause: Limit one of each Pok\u00e9mon\n|rule|Item Clause: Limit one of each item\n|clearpoke\n|poke|p1|Kingambit, L50, M|\n|poke|p1|Iron Hands, L50|\n|poke|p1|Tornadus, L50, M|\n|poke|p1|Amoonguss, L50, M|\n|poke|p1|Arcanine-Hisui, L50, M|\n|poke|p1|Landorus-Therian, L50, M|\n|poke|p2|Shiftry, L50, F|\n|poke|p2|Tornadus, L50, M|\n|poke|p2|Ursaluna-Bloodmoon, L50, M|\n|poke|p2|Flutter Mane, L50|\n|poke|p2|Urshifu-*, L50, M|\n|poke|p2|Arcanine, L50, F|\n|teampreview|4\n|inactive|Battle timer is ON: inactive players will automatically lose when time's up. (requested by newusernovice)\n|inactive|newusernovice has 60 seconds left.\n|\n|t:|1701199526\n|start\n|switch|p1a: Tornadus|Tornadus, L50, M, shiny|100\/100\n|switch|p1b: Arcanine|Arcanine-Hisui, L50, M|100\/100\n|switch|p2a: Tornadus|Tornadus, L50, M|100\/100\n|switch|p2b: Shiftry|Shiftry, L50, F|100\/100\n|-ability|p1b: Arcanine|Intimidate|boost\n|-unboost|p2a: Tornadus|atk|1\n|-unboost|p2b: Shiftry|atk|1\n|turn|1\n|\n|t:|1701199555\n|switch|p2b: Arcanine|Arcanine, L50, F|100\/100\n|-ability|p2b: Arcanine|Intimidate|boost\n|-unboost|p1a: Tornadus|atk|1\n|-unboost|p1b: Arcanine|atk|1\n|move|p2a: Tornadus|Tailwind|p2a: Tornadus\n|-sidestart|p2: Mena the tengu|move: Tailwind\n|move|p1b: Arcanine|Rock Slide|p2a: Tornadus|[spread] p2a\n|-miss|p1b: Arcanine|p2b: Arcanine\n|-supereffective|p2a: Tornadus\n|-damage|p2a: Tornadus|39\/100\n|move|p1a: Tornadus|Icy Wind|p2a: Tornadus|[spread] p2a,p2b\n|-supereffective|p2a: Tornadus\n|-resisted|p2b: Arcanine\n|-damage|p2a: Tornadus|1\/100\n|-damage|p2b: Arcanine|92\/100\n|-unboost|p2b: Arcanine|spe|1\n|\n|-heal|p2b: Arcanine|98\/100|[from] item: Leftovers\n|upkeep\n|turn|2\n|inactive|newusernovice has 30 seconds left.\n|inactive|newusernovice has 20 seconds left.\n|inactive|newusernovice has 15 seconds left.\n|\n|t:|1701199596\n|move|p2a: Tornadus|Taunt|p1a: Tornadus\n|-start|p1a: Tornadus|move: Taunt\n|cant|p1a: Tornadus|move: Taunt|Tailwind\n|move|p2b: Arcanine|Flare Blitz|p1a: Tornadus\n|-damage|p1a: Tornadus|13\/100\n|-damage|p2b: Arcanine|71\/100|[from] Recoil\n|move|p1b: Arcanine|Rock Slide|p2b: Arcanine|[spread] p2a,p2b\n|-supereffective|p2a: Tornadus\n|-supereffective|p2b: Arcanine\n|-damage|p2a: Tornadus|0 fnt\n|-damage|p2b: Arcanine|16\/100\n|faint|p2a: Tornadus\n|\n|-heal|p2b: Arcanine|22\/100|[from] item: Leftovers\n|upkeep\n|\n|t:|1701199611\n|switch|p2a: Urshifu|Urshifu-Rapid-Strike, L50, M|100\/100\n|turn|3\n|\n|t:|1701199624\n|switch|p2b: Shiftry|Shiftry, L50, F|100\/100\n|-ability|p2b: Shiftry|Wind Rider|boost\n|-boost|p2b: Shiftry|atk|1\n|move|p2a: Urshifu|Surging Strikes|p1b: Arcanine\n|-supereffective|p1b: Arcanine\n|-crit|p1b: Arcanine\n|-damage|p1b: Arcanine|0 fnt\n|faint|p1b: Arcanine\n|-hitcount|p1: Arcanine|1\n|move|p1a: Tornadus|Bleakwind Storm|p2b: Shiftry|[spread] p2a\n|-ability|p2b: Shiftry|Wind Rider|boost\n|-boost|p2b: Shiftry|atk|1\n|-supereffective|p2a: Urshifu\n|-damage|p2a: Urshifu|0 fnt\n|faint|p2a: Urshifu\n|\n|upkeep\n|\n|t:|1701199646\n|switch|p2a: Arcanine|Arcanine, L50, F|22\/100\n|switch|p1b: Kingambit|Kingambit, L50, M, shiny|100\/100\n|-ability|p2a: Arcanine|Intimidate|boost\n|-unboost|p1a: Tornadus|atk|1\n|-unboost|p1b: Kingambit|atk|1\n|-ability|p1b: Kingambit|Defiant|boost\n|-boost|p1b: Kingambit|atk|2\n|turn|4\n|inactive|Mena the tengu has 30 seconds left.\n|\n|t:|1701199676\n|-terastallize|p2b: Shiftry|Fairy\n|-terastallize|p1b: Kingambit|Fairy\n|move|p2a: Arcanine|Will-O-Wisp|p1b: Kingambit\n|-status|p1b: Kingambit|brn\n|move|p2b: Shiftry|Knock Off|p1a: Tornadus\n|-damage|p1a: Tornadus|0 fnt\n|-enditem|p1a: Tornadus|Focus Sash|[from] move: Knock Off|[of] p2b: Shiftry\n|faint|p1a: Tornadus\n|move|p1b: Kingambit|Tera Blast|p2b: Shiftry|[anim] Tera Blast Fairy\n|-damage|p2b: Shiftry|12\/100\n|-damage|p1b: Kingambit|91\/100 brn|[from] item: Life Orb\n|\n|-heal|p2a: Arcanine|28\/100|[from] item: Leftovers\n|-damage|p1b: Kingambit|85\/100 brn|[from] brn\n|-sideend|p2: Mena the tengu|move: Tailwind\n|upkeep\n|\n|t:|1701199692\n|switch|p1a: Landorus|Landorus-Therian, L50, M|100\/100\n|-ability|p1a: Landorus|Intimidate|boost\n|-unboost|p2a: Arcanine|atk|1\n|-unboost|p2b: Shiftry|atk|1\n|turn|5\n|\n|t:|1701199715\n|move|p2b: Shiftry|Sucker Punch|p1a: Landorus\n|-damage|p1a: Landorus|44\/100\n|move|p1b: Kingambit|Sucker Punch||[still]\n|-fail|p1b: Kingambit\n|move|p2a: Arcanine|Flare Blitz|p1a: Landorus\n|-damage|p1a: Landorus|7\/100\n|-damage|p2a: Arcanine|14\/100|[from] Recoil\n|move|p1a: Landorus|Stomping Tantrum|p2a: Arcanine\n|-supereffective|p2a: Arcanine\n|-damage|p2a: Arcanine|0 fnt\n|faint|p2a: Arcanine\n|\n|-damage|p1b: Kingambit|79\/100 brn|[from] brn\n|upkeep\n|turn|6\n|\n|t:|1701199734\n|move|p2b: Shiftry|Leaf Blade|p1b: Kingambit\n|-damage|p1b: Kingambit|33\/100 brn\n|move|p1a: Landorus|Stomping Tantrum|p2b: Shiftry\n|-damage|p2b: Shiftry|0 fnt\n|faint|p2b: Shiftry\n|\n|win|newusernovice\n|raw|newusernovice's rating: 1407 &rarr; <strong>1425<\/strong><br \/>(+18 for winning)\n|raw|Mena the tengu's rating: 1377 &rarr; <strong>1359<\/strong><br \/>(-18 for losing)\n|l|\u2606Mena the tengu\n","uploadtime":1701199781,"views":1,"p1id":"newusernovice","p2id":"menathetengu","formatid":"gen9vgc2023regulatione","rating":1359,"private":0,"password":""}