{"id":"gen9vgc2023regulatione-1994969195","p1":"Loser1118","p2":"I'm SO not cooking","format":"[Gen 9] VGC 2023 Regulation E","log":"|j|\u2606Loser1118\n|j|\u2606I'm SO not cooking\n|t:|1700509042\n|gametype|doubles\n|player|p1|Loser1118|102|1158\n|player|p2|I'm SO not cooking|102|1205\n|teamsize|p1|6\n|teamsize|p2|6\n|gen|9\n|tier|[Gen 9] VGC 2023 Regulation E\n|rated|\n|rule|Species Clause: Limit one of each Pok\u00e9mon\n|rule|Item Clause: Limit one of each item\n|clearpoke\n|poke|p1|Zapdos-Galar, L50|\n|poke|p1|Annihilape, L50, F|\n|poke|p1|Ceruledge, L50, F|\n|poke|p1|Landorus-Therian, L50, M|\n|poke|p1|Urshifu-*, L50, M|\n|poke|p1|Staraptor, L50, F|\n|poke|p2|Drifblim, L50, F|\n|poke|p2|Rillaboom, L50, M|\n|poke|p2|Dondozo, L50, F|\n|poke|p2|Tatsugiri, L50, M|\n|poke|p2|Urshifu-*, L50, F|\n|poke|p2|Iron Bundle, L50|\n|teampreview|4\n|\n|t:|1700509061\n|start\n|switch|p1a: Zapdos|Zapdos-Galar, L50|100\/100\n|switch|p1b: Landorus|Landorus-Therian, L50, M|100\/100\n|switch|p2a: Drifblim|Drifblim, L50, F|100\/100\n|switch|p2b: Rillaboom|Rillaboom, L50, M|100\/100\n|-ability|p1b: Landorus|Intimidate|boost\n|-unboost|p2a: Drifblim|atk|1\n|-unboost|p2b: Rillaboom|atk|1\n|-fieldstart|move: Grassy Terrain|[from] ability: Grassy Surge|[of] p2b: Rillaboom\n|-enditem|p2a: Drifblim|Grassy Seed\n|-boost|p2a: Drifblim|def|1|[from] item: Grassy Seed\n|turn|1\n|\n|t:|1700509087\n|-terastallize|p1b: Landorus|Flying\n|move|p2b: Rillaboom|Fake Out|p1b: Landorus\n|-damage|p1b: Landorus|90\/100\n|-damage|p2b: Rillaboom|84\/100|[from] item: Rocky Helmet|[of] p1b: Landorus\n|move|p1a: Zapdos|Brave Bird|p2b: Rillaboom\n|-supereffective|p2b: Rillaboom\n|-crit|p2b: Rillaboom\n|-damage|p2b: Rillaboom|0 fnt\n|faint|p2b: Rillaboom\n|-damage|p1a: Zapdos|70\/100|[from] Recoil\n|move|p2a: Drifblim|Minimize|p2a: Drifblim\n|-boost|p2a: Drifblim|evasion|2\n|cant|p1b: Landorus|flinch\n|\n|upkeep\n|\n|t:|1700509095\n|switch|p2b: Tatsugiri|Tatsugiri, L50, M|100\/100\n|turn|2\n|\n|t:|1700509112\n|move|p2b: Tatsugiri|Protect|p2b: Tatsugiri\n|-singleturn|p2b: Tatsugiri|Protect\n|move|p1a: Zapdos|Brave Bird|p2b: Tatsugiri\n|-activate|p2b: Tatsugiri|move: Protect\n|move|p2a: Drifblim|Minimize|p2a: Drifblim\n|-boost|p2a: Drifblim|evasion|2\n|move|p1b: Landorus|Tera Blast|p2b: Tatsugiri|[anim] Tera Blast Flying\n|-activate|p2b: Tatsugiri|move: Protect\n|\n|upkeep\n|turn|3\n|\n|t:|1700509128\n|move|p2b: Tatsugiri|Protect|p2b: Tatsugiri\n|-singleturn|p2b: Tatsugiri|Protect\n|move|p1a: Zapdos|Brave Bird|p2b: Tatsugiri\n|-activate|p2b: Tatsugiri|move: Protect\n|move|p2a: Drifblim|Baton Pass|p2a: Drifblim\n|\n|t:|1700509135\n|switch|p2a: Dondozo|Dondozo, L50, F|100\/100|[from] Baton Pass\n|-activate|p2b: Tatsugiri|ability: Commander|[of] p2a: Dondozo\n|-boost|p2a: Dondozo|atk|2\n|-boost|p2a: Dondozo|spa|2\n|-boost|p2a: Dondozo|spe|2\n|-boost|p2a: Dondozo|def|2\n|-boost|p2a: Dondozo|spd|2\n|move|p1b: Landorus|Tera Blast|p2b: Tatsugiri|[anim] Tera Blast Flying|[miss]\n|-miss|p1b: Landorus|p2b: Tatsugiri\n|\n|upkeep\n|turn|4\n|\n|t:|1700509159\n|move|p1a: Zapdos|Brave Bird|p2a: Dondozo\n|-damage|p2a: Dondozo|84\/100\n|-damage|p1a: Zapdos|62\/100|[from] Recoil\n|move|p2a: Dondozo|Order Up|p1a: Zapdos\n|-damage|p1a: Zapdos|25\/100\n|-boost|p2a: Dondozo|atk|1\n|move|p1b: Landorus|Rock Slide|p2a: Dondozo|[spread] \n|-miss|p1b: Landorus|p2b: Tatsugiri\n|-miss|p1b: Landorus|p2a: Dondozo\n|\n|-heal|p2a: Dondozo|90\/100|[from] Grassy Terrain\n|-heal|p2a: Dondozo|96\/100|[from] item: Leftovers\n|upkeep\n|turn|5\n|\n|t:|1700509177\n|move|p1a: Zapdos|Brave Bird|p2a: Dondozo|[miss]\n|-miss|p1a: Zapdos|p2a: Dondozo\n|move|p2a: Dondozo|Order Up|p1a: Zapdos\n|-crit|p1a: Zapdos\n|-damage|p1a: Zapdos|0 fnt\n|faint|p1a: Zapdos\n|-boost|p2a: Dondozo|atk|1\n|move|p1b: Landorus|Rock Slide|p2b: Tatsugiri|[spread] p2a\n|-miss|p1b: Landorus|p2b: Tatsugiri\n|-damage|p2a: Dondozo|90\/100\n|\n|-heal|p2a: Dondozo|96\/100|[from] Grassy Terrain\n|-heal|p2a: Dondozo|100\/100|[from] item: Leftovers\n|-fieldend|move: Grassy Terrain\n|upkeep\n|\n|t:|1700509195\n|switch|p1a: Urshifu|Urshifu, L50, M|100\/100\n|turn|6\n|\n|t:|1700509205\n|switch|p1b: Staraptor|Staraptor, L50, F|100\/100\n|move|p2a: Dondozo|Order Up|p1a: Urshifu\n|-damage|p1a: Urshifu|55\/100\n|-boost|p2a: Dondozo|atk|1\n|move|p1a: Urshifu|Wicked Blow|p2a: Dondozo\n|-crit|p2a: Dondozo\n|-damage|p2a: Dondozo|53\/100\n|\n|-heal|p2a: Dondozo|58\/100|[from] item: Leftovers\n|upkeep\n|turn|7\n|\n|t:|1700509220\n|-terastallize|p2a: Dondozo|Dragon\n|move|p2a: Dondozo|Order Up|p1a: Urshifu\n|-damage|p1a: Urshifu|0 fnt\n|faint|p1a: Urshifu\n|-boost|p2a: Dondozo|atk|1\n|move|p1b: Staraptor|Double-Edge|p2a: Dondozo|[miss]\n|-miss|p1b: Staraptor|p2a: Dondozo\n|\n|-heal|p2a: Dondozo|64\/100|[from] item: Leftovers\n|upkeep\n|inactive|Battle timer is ON: inactive players will automatically lose when time's up. (requested by I'm SO not cooking)\n|\n|t:|1700509232\n|switch|p1a: Landorus|Landorus-Therian, L50, M, tera:Flying|90\/100\n|-ability|p1a: Landorus|Intimidate|boost\n|-fail|p2a: Dondozo|unboost|Attack|[from] ability: Oblivious|[of] p2a: Dondozo\n|-unboost|p2b: Tatsugiri|atk|1\n|turn|8\n|\n|t:|1700509243\n|move|p2a: Dondozo|Protect|p2a: Dondozo\n|-singleturn|p2a: Dondozo|Protect\n|move|p1b: Staraptor|Double-Edge|p2a: Dondozo\n|-activate|p2a: Dondozo|move: Protect\n|move|p1a: Landorus|Tera Blast|p2a: Dondozo|[anim] Tera Blast Flying\n|-activate|p2a: Dondozo|move: Protect\n|\n|-heal|p2a: Dondozo|70\/100|[from] item: Leftovers\n|upkeep\n|turn|9\n|\n|t:|1700509256\n|move|p2a: Dondozo|Order Up|p1b: Staraptor\n|-damage|p1b: Staraptor|0 fnt\n|faint|p1b: Staraptor\n|-boost|p2a: Dondozo|atk|1\n|move|p1a: Landorus|Tera Blast|p2a: Dondozo|[anim] Tera Blast Flying\n|-damage|p2a: Dondozo|54\/100\n|\n|-heal|p2a: Dondozo|60\/100|[from] item: Leftovers\n|upkeep\n|turn|10\n|-message|Loser1118 forfeited.\n|\n|win|I'm SO not cooking\n|raw|Loser1118's rating: 1158 &rarr; <strong>1136<\/strong><br \/>(-22 for losing)\n|raw|I&apos;m SO not cooking's rating: 1205 &rarr; <strong>1227<\/strong><br \/>(+22 for winning)\n|l|\u2606Loser1118\n","uploadtime":1700509274,"views":6,"p1id":"loser1118","p2id":"imsonotcooking","formatid":"gen9vgc2023regulatione","rating":1136,"private":0,"password":""}