{"id":"gen9vgc2023regulatione-1999569088","p1":"Podsmalls51","p2":"khe7marak","format":"[Gen 9] VGC 2023 Regulation E","log":"|j|\u2606Podsmalls51\n|j|\u2606khe7marak\n|t:|1701097076\n|gametype|doubles\n|player|p1|Podsmalls51|gentleman-gen4|1340\n|player|p2|khe7marak|2|1250\n|teamsize|p1|6\n|teamsize|p2|6\n|gen|9\n|tier|[Gen 9] VGC 2023 Regulation E\n|rated|\n|rule|Species Clause: Limit one of each Pok\u00e9mon\n|rule|Item Clause: Limit one of each item\n|clearpoke\n|poke|p1|Amoonguss, L50, F|\n|poke|p1|Sableye, L50, F|\n|poke|p1|Ogerpon-Hearthflame, L50, F|\n|poke|p1|Flutter Mane, L50|\n|poke|p1|Iron Hands, L50|\n|poke|p1|Chien-Pao, L50|\n|poke|p2|Roaring Moon, L50|\n|poke|p2|Milotic, L50, M|\n|poke|p2|Landorus-Therian, L50, M|\n|poke|p2|Flutter Mane, L50|\n|poke|p2|Iron Hands, L50|\n|poke|p2|Ogerpon-Hearthflame, L50, F|\n|teampreview|4\n|\n|t:|1701097124\n|start\n|switch|p1a: Amoonguss|Amoonguss, L50, F|100\/100\n|switch|p1b: Sableye|Sableye, L50, F|100\/100\n|switch|p2a: Roaring Moon|Roaring Moon, L50|100\/100\n|switch|p2b: Ogerpon|Ogerpon-Hearthflame, L50, F|100\/100\n|-ability|p2b: Ogerpon|Mold Breaker\n|-enditem|p2a: Roaring Moon|Booster Energy\n|-activate|p2a: Roaring Moon|ability: Protosynthesis|[fromitem]\n|-start|p2a: Roaring Moon|protosynthesisatk\n|turn|1\n|\n|t:|1701097141\n|-terastallize|p1a: Amoonguss|Water\n|move|p1b: Sableye|Fake Out|p2b: Ogerpon\n|-damage|p2b: Ogerpon|91\/100\n|cant|p2b: Ogerpon|flinch\n|move|p2a: Roaring Moon|Tailwind|p2a: Roaring Moon\n|-sidestart|p2: khe7marak|move: Tailwind\n|move|p1a: Amoonguss|Spore|p2a: Roaring Moon\n|-status|p2a: Roaring Moon|slp|[from] move: Spore\n|\n|upkeep\n|turn|2\n|\n|t:|1701097187\n|switch|p1a: Iron Hands|Iron Hands, L50|100\/100\n|move|p1b: Sableye|Will-O-Wisp|p2a: Roaring Moon\n|-hint|Since gen 7, Dark is immune to Prankster moves.\n|-immune|p2a: Roaring Moon\n|cant|p2a: Roaring Moon|slp\n|move|p2b: Ogerpon|Ivy Cudgel|p1b: Sableye|[anim] Ivy Cudgel Fire\n|-damage|p1b: Sableye|12\/100\n|\n|upkeep\n|turn|3\n|\n|t:|1701097214\n|cant|p2a: Roaring Moon|slp\n|move|p2b: Ogerpon|Ivy Cudgel|p1b: Sableye|[anim] Ivy Cudgel Fire\n|-damage|p1b: Sableye|0 fnt\n|faint|p1b: Sableye\n|move|p1a: Iron Hands|Drain Punch|p2a: Roaring Moon\n|-supereffective|p2a: Roaring Moon\n|-damage|p2a: Roaring Moon|0 fnt\n|faint|p2a: Roaring Moon\n|-end|p2a: Roaring Moon|Protosynthesis|[silent]\n|\n|upkeep\n|\n|t:|1701097230\n|switch|p2a: Landorus|Landorus-Therian, L50, M|100\/100\n|switch|p1b: Amoonguss|Amoonguss, L50, F, tera:Water|100\/100\n|-ability|p2a: Landorus|Intimidate|boost\n|-unboost|p1a: Iron Hands|atk|1\n|-unboost|p1b: Amoonguss|atk|1\n|turn|4\n|\n|t:|1701097250\n|move|p1b: Amoonguss|Protect|p1b: Amoonguss\n|-singleturn|p1b: Amoonguss|Protect\n|move|p2a: Landorus|U-turn|p1a: Iron Hands\n|-resisted|p1a: Iron Hands\n|-damage|p1a: Iron Hands|91\/100\n|\n|t:|1701097254\n|switch|p2a: Iron Hands|Iron Hands, L50|100\/100|[from] U-turn\n|move|p2b: Ogerpon|Wood Hammer|p1b: Amoonguss\n|-activate|p1b: Amoonguss|move: Protect\n|move|p1a: Iron Hands|Drain Punch|p2b: Ogerpon\n|-damage|p2b: Ogerpon|53\/100\n|-heal|p1a: Iron Hands|100\/100|[from] drain|[of] p2b: Ogerpon\n|\n|-sideend|p2: khe7marak|move: Tailwind\n|upkeep\n|turn|5\n|\n|t:|1701097281\n|move|p2a: Iron Hands|Fake Out|p1a: Iron Hands\n|-damage|p1a: Iron Hands|89\/100\n|move|p2b: Ogerpon|Wood Hammer|p1b: Amoonguss\n|-supereffective|p1b: Amoonguss\n|-damage|p1b: Amoonguss|0 fnt\n|-damage|p2b: Ogerpon|36\/100|[from] item: Rocky Helmet|[of] p1b: Amoonguss\n|faint|p1b: Amoonguss\n|-damage|p2b: Ogerpon|0 fnt|[from] Recoil\n|faint|p2b: Ogerpon\n|cant|p1a: Iron Hands|flinch\n|\n|upkeep\n|\n|t:|1701097293\n|switch|p2b: Landorus|Landorus-Therian, L50, M|100\/100\n|switch|p1b: Chien-Pao|Chien-Pao, L50|100\/100\n|-ability|p2b: Landorus|Intimidate|boost\n|-unboost|p1a: Iron Hands|atk|1\n|-unboost|p1b: Chien-Pao|atk|1\n|-ability|p1b: Chien-Pao|Sword of Ruin\n|turn|6\n|\n|t:|1701097316\n|-terastallize|p2b: Landorus|Water\n|move|p2b: Landorus|Stomping Tantrum|p1a: Iron Hands\n|-supereffective|p1a: Iron Hands\n|-damage|p1a: Iron Hands|7\/100\n|move|p1b: Chien-Pao|Ice Spinner|p2b: Landorus\n|-resisted|p2b: Landorus\n|-damage|p2b: Landorus|83\/100\n|move|p2a: Iron Hands|Drain Punch|p1b: Chien-Pao\n|-supereffective|p1b: Chien-Pao\n|-enditem|p1b: Chien-Pao|Focus Sash\n|-damage|p1b: Chien-Pao|1\/100\n|move|p1a: Iron Hands|Drain Punch|p2a: Iron Hands\n|-damage|p2a: Iron Hands|80\/100\n|-heal|p1a: Iron Hands|17\/100|[from] drain|[of] p2a: Iron Hands\n|\n|upkeep\n|turn|7\n|\n|t:|1701097337\n|move|p1b: Chien-Pao|Sucker Punch|p2b: Landorus\n|-damage|p2b: Landorus|50\/100\n|move|p2b: Landorus|Stomping Tantrum|p1a: Iron Hands\n|-supereffective|p1a: Iron Hands\n|-damage|p1a: Iron Hands|0 fnt\n|faint|p1a: Iron Hands\n|-end|p1a: Iron Hands|Quark Drive|[silent]\n|move|p2a: Iron Hands|Drain Punch|p1b: Chien-Pao\n|-supereffective|p1b: Chien-Pao\n|-damage|p1b: Chien-Pao|0 fnt\n|-heal|p2a: Iron Hands|81\/100|[from] drain|[of] p1b: Chien-Pao\n|faint|p1b: Chien-Pao\n|\n|win|khe7marak\n|raw|Podsmalls51's rating: 1340 &rarr; <strong>1315<\/strong><br \/>(-25 for losing)\n|raw|khe7marak's rating: 1250 &rarr; <strong>1281<\/strong><br \/>(+31 for winning)\n","uploadtime":1701097355,"views":1,"p1id":"podsmalls51","p2id":"khe7marak","formatid":"gen9vgc2023regulatione","rating":1281,"private":0,"password":""}