{"id":"gen9vgc2023regulatione-1993935860","p1":"BigBusted","p2":"birdkeeperneek","format":"[Gen 9] VGC 2023 Regulation E","log":"|j|\u2606BigBusted\n|j|\u2606birdkeeperneek\n|t:|1700378447\n|gametype|doubles\n|player|p1|BigBusted|unknown|1285\n|player|p2|birdkeeperneek|102|1391\n|teamsize|p1|6\n|teamsize|p2|6\n|gen|9\n|tier|[Gen 9] VGC 2023 Regulation E\n|rated|\n|rule|Species Clause: Limit one of each Pok\u00e9mon\n|rule|Item Clause: Limit one of each item\n|clearpoke\n|poke|p1|Okidogi, L50, M|\n|poke|p1|Flutter Mane, L50|\n|poke|p1|Landorus-Therian, L50, M|\n|poke|p1|Zapdos, L50|\n|poke|p1|Tornadus, L50, M|\n|poke|p1|Gyarados, L50, M|\n|poke|p2|Corviknight, L50, F|\n|poke|p2|Arcanine-Hisui, L50, F|\n|poke|p2|Sinistcha-Masterpiece, L50|\n|poke|p2|Heatran, L50, M|\n|poke|p2|Grimmsnarl, L50, M|\n|poke|p2|Rillaboom, L50, F|\n|teampreview|4\n|inactive|Battle timer is ON: inactive players will automatically lose when time's up. (requested by BigBusted)\n|\n|t:|1700378504\n|start\n|switch|p1a: Flutter Mane|Flutter Mane, L50|100\/100\n|switch|p1b: Gyarados|Gyarados, L50, M|100\/100\n|switch|p2a: Grimmsnarl|Grimmsnarl, L50, M|100\/100\n|switch|p2b: Corviknight|Corviknight, L50, F|100\/100\n|-ability|p1b: Gyarados|Intimidate|boost\n|-unboost|p2a: Grimmsnarl|atk|1\n|-ability|p2b: Corviknight|Mirror Armor\n|-unboost|p1b: Gyarados|atk|1\n|-enditem|p1a: Flutter Mane|Booster Energy\n|-activate|p1a: Flutter Mane|ability: Protosynthesis|[fromitem]\n|-start|p1a: Flutter Mane|protosynthesisspa\n|turn|1\n|\n|t:|1700378525\n|move|p2a: Grimmsnarl|Light Screen|p2a: Grimmsnarl\n|-sidestart|p2: birdkeeperneek|move: Light Screen\n|move|p1a: Flutter Mane|Moonblast|p2a: Grimmsnarl\n|-supereffective|p2a: Grimmsnarl\n|-damage|p2a: Grimmsnarl|19\/100\n|move|p1b: Gyarados|Dragon Dance|p1b: Gyarados\n|-boost|p1b: Gyarados|atk|1\n|-boost|p1b: Gyarados|spe|1\n|move|p2b: Corviknight|Bulk Up|p2b: Corviknight\n|-boost|p2b: Corviknight|atk|1\n|-boost|p2b: Corviknight|def|1\n|\n|upkeep\n|turn|2\n|inactive|birdkeeperneek has 30 seconds left.\n|\n|t:|1700378554\n|move|p1a: Flutter Mane|Protect|p1a: Flutter Mane\n|-singleturn|p1a: Flutter Mane|Protect\n|move|p2a: Grimmsnarl|Parting Shot|p1a: Flutter Mane\n|-activate|p1a: Flutter Mane|move: Protect\n|move|p1b: Gyarados|Dragon Dance|p1b: Gyarados\n|-boost|p1b: Gyarados|atk|1\n|-boost|p1b: Gyarados|spe|1\n|move|p2b: Corviknight|Bulk Up|p2b: Corviknight\n|-boost|p2b: Corviknight|atk|1\n|-boost|p2b: Corviknight|def|1\n|\n|upkeep\n|turn|3\n|inactive|birdkeeperneek has 30 seconds left.\n|\n|t:|1700378580\n|move|p2a: Grimmsnarl|Parting Shot|p1a: Flutter Mane\n|-unboost|p1a: Flutter Mane|atk|1\n|-unboost|p1a: Flutter Mane|spa|1\n|\n|t:|1700378583\n|switch|p2a: Arcanine|Arcanine-Hisui, L50, F|100\/100|[from] Parting Shot\n|-ability|p2a: Arcanine|Intimidate|boost\n|-unboost|p1a: Flutter Mane|atk|1\n|-unboost|p1b: Gyarados|atk|1\n|move|p1b: Gyarados|Waterfall|p2b: Corviknight\n|-damage|p2b: Corviknight|84\/100\n|move|p1a: Flutter Mane|Shadow Ball|p2b: Corviknight\n|-damage|p2b: Corviknight|63\/100\n|-ability|p2b: Corviknight|Mirror Armor\n|-unboost|p1a: Flutter Mane|spd|1\n|cant|p2b: Corviknight|flinch\n|\n|-heal|p2b: Corviknight|69\/100|[from] item: Leftovers\n|upkeep\n|turn|4\n|inactive|birdkeeperneek has 30 seconds left.\n|\n|t:|1700378610\n|-terastallize|p2a: Arcanine|Grass\n|move|p1a: Flutter Mane|Protect|p1a: Flutter Mane\n|-singleturn|p1a: Flutter Mane|Protect\n|move|p1b: Gyarados|Dragon Dance|p1b: Gyarados\n|-boost|p1b: Gyarados|atk|1\n|-boost|p1b: Gyarados|spe|1\n|move|p2a: Arcanine|Snarl|p1a: Flutter Mane|[spread] p1b\n|-activate|p1a: Flutter Mane|move: Protect\n|-damage|p1b: Gyarados|93\/100\n|-unboost|p1b: Gyarados|spa|1\n|move|p2b: Corviknight|Roost|p2b: Corviknight\n|-heal|p2b: Corviknight|100\/100\n|-singleturn|p2b: Corviknight|move: Roost\n|\n|upkeep\n|turn|5\n|\n|t:|1700378631\n|-end|p1a: Flutter Mane|Protosynthesis|[silent]\n|switch|p1a: Landorus|Landorus-Therian, L50, M|100\/100\n|-ability|p1a: Landorus|Intimidate|boost\n|-unboost|p2a: Arcanine|atk|1\n|-ability|p2b: Corviknight|Mirror Armor\n|-unboost|p1a: Landorus|atk|1\n|move|p1b: Gyarados|Dragon Dance|p1b: Gyarados\n|-boost|p1b: Gyarados|atk|1\n|-boost|p1b: Gyarados|spe|1\n|move|p2a: Arcanine|Rock Slide|p1a: Landorus|[spread] p1a,p1b\n|-supereffective|p1b: Gyarados\n|-damage|p1a: Landorus|80\/100\n|-damage|p1b: Gyarados|56\/100\n|move|p2b: Corviknight|Power Trip|p1b: Gyarados\n|-damage|p1b: Gyarados|10\/100\n|-enditem|p1b: Gyarados|Sitrus Berry|[eat]\n|-heal|p1b: Gyarados|35\/100|[from] item: Sitrus Berry\n|\n|upkeep\n|turn|6\n|\n|t:|1700378655\n|move|p1b: Gyarados|Protect|p1b: Gyarados\n|-singleturn|p1b: Gyarados|Protect\n|move|p1a: Landorus|Swords Dance|p1a: Landorus\n|-boost|p1a: Landorus|atk|2\n|move|p2a: Arcanine|Rock Slide|p1b: Gyarados|[spread] p1a\n|-activate|p1b: Gyarados|move: Protect\n|-damage|p1a: Landorus|60\/100\n|move|p2b: Corviknight|Bulk Up|p2b: Corviknight\n|-boost|p2b: Corviknight|atk|1\n|-boost|p2b: Corviknight|def|1\n|\n|upkeep\n|turn|7\n|\n|t:|1700378673\n|move|p1b: Gyarados|Waterfall|p2b: Corviknight\n|-damage|p2b: Corviknight|74\/100\n|move|p1a: Landorus|Rock Slide|p2b: Corviknight|[spread] p2a\n|-miss|p1a: Landorus|p2b: Corviknight\n|-damage|p2a: Arcanine|66\/100\n|move|p2a: Arcanine|Rock Slide|p1a: Landorus|[spread] p1a\n|-miss|p2a: Arcanine|p1b: Gyarados\n|-crit|p1a: Landorus\n|-damage|p1a: Landorus|20\/100\n|move|p2b: Corviknight|Power Trip|p1a: Landorus\n|-damage|p1a: Landorus|0 fnt\n|faint|p1a: Landorus\n|\n|-heal|p2b: Corviknight|80\/100|[from] item: Leftovers\n|upkeep\n|c|\u2606BigBusted|what the hell is power trop\n|c|\u2606birdkeeperneek|basically physical stored power\n|\n|t:|1700378691\n|switch|p1a: Okidogi|Okidogi, L50, M|100\/100\n|turn|8\n|c|\u2606BigBusted|why have i never seen it\n|c|\u2606birdkeeperneek|It's not very good\n|\n|t:|1700378712\n|move|p1b: Gyarados|Protect|p1b: Gyarados\n|-singleturn|p1b: Gyarados|Protect\n|move|p2a: Arcanine|Rock Slide|p1b: Gyarados|[spread] p1a\n|-activate|p1b: Gyarados|move: Protect\n|-resisted|p1a: Okidogi\n|-damage|p1a: Okidogi|94\/100\n|move|p1a: Okidogi|Poison Jab|p2a: Arcanine\n|-supereffective|p2a: Arcanine\n|-damage|p2a: Arcanine|0 fnt\n|faint|p2a: Arcanine\n|move|p2b: Corviknight|Roost|p2b: Corviknight\n|-heal|p2b: Corviknight|100\/100\n|-singleturn|p2b: Corviknight|move: Roost\n|\n|-sideend|p2: birdkeeperneek|move: Light Screen\n|upkeep\n|c|\u2606birdkeeperneek|And basiucally only Corv gets it\n|c|\u2606BigBusted|fair enough hahaha\n|\n|t:|1700378726\n|switch|p2a: Grimmsnarl|Grimmsnarl, L50, M|19\/100\n|turn|9\n|\n|t:|1700378739\n|move|p2a: Grimmsnarl|Light Screen|p2a: Grimmsnarl\n|-sidestart|p2: birdkeeperneek|move: Light Screen\n|move|p1b: Gyarados|Waterfall|p2b: Corviknight\n|-damage|p2b: Corviknight|74\/100\n|move|p1a: Okidogi|Body Slam|p2b: Corviknight\n|-resisted|p2b: Corviknight\n|-damage|p2b: Corviknight|69\/100\n|-status|p2b: Corviknight|par\n|move|p2b: Corviknight|Power Trip|p1b: Gyarados\n|-damage|p1b: Gyarados|0 fnt\n|faint|p1b: Gyarados\n|\n|-heal|p2b: Corviknight|75\/100 par|[from] item: Leftovers\n|upkeep\n|c|\u2606BigBusted|if youre gonna be birdkeeper then go full falkner\n|\n|t:|1700378763\n|switch|p1b: Flutter Mane|Flutter Mane, L50|100\/100\n|turn|10\n|c|\u2606birdkeeperneek|I actualkly6 normally have him as my profile lmao\n|c|\u2606birdkeeperneek|\\It's a new PC so it changed on me :(\n|inactive|birdkeeperneek has 30 seconds left.\n|c|\u2606birdkeeperneek|New keyboard too as you can see LMAO\n|inactive|birdkeeperneek has 20 seconds left.\n|inactive|birdkeeperneek has 15 seconds left.\n|inactive|birdkeeperneek has 10 seconds left.\n|inactive|birdkeeperneek has 5 seconds left.\n|\n|t:|1700378815\n|move|p1b: Flutter Mane|Protect|p1b: Flutter Mane\n|-singleturn|p1b: Flutter Mane|Protect\n|move|p2a: Grimmsnarl|Reflect|p2a: Grimmsnarl\n|-sidestart|p2: birdkeeperneek|Reflect\n|move|p1a: Okidogi|Drain Punch|p2b: Corviknight\n|-damage|p2b: Corviknight|65\/100 par\n|-heal|p1a: Okidogi|99\/100|[from] drain|[of] p2b: Corviknight\n|move|p2b: Corviknight|Power Trip|p1b: Flutter Mane\n|-activate|p1b: Flutter Mane|move: Protect\n|\n|-heal|p2b: Corviknight|71\/100 par|[from] item: Leftovers\n|upkeep\n|turn|11\n|\n|t:|1700378836\n|move|p2a: Grimmsnarl|Parting Shot|p1b: Flutter Mane\n|-unboost|p1b: Flutter Mane|atk|1\n|-unboost|p1b: Flutter Mane|spa|1\n|\n|t:|1700378839\n|switch|p2a: Heatran|Heatran, L50, M|100\/100|[from] Parting Shot\n|move|p1b: Flutter Mane|Shadow Ball|p2b: Corviknight\n|-damage|p2b: Corviknight|55\/100 par\n|-ability|p2b: Corviknight|Mirror Armor\n|-unboost|p1b: Flutter Mane|spd|1\n|move|p1a: Okidogi|Drain Punch|p2b: Corviknight\n|-damage|p2b: Corviknight|46\/100 par\n|-heal|p1a: Okidogi|100\/100|[from] drain|[of] p2b: Corviknight\n|move|p2b: Corviknight|Roost|p2b: Corviknight\n|-heal|p2b: Corviknight|96\/100 par\n|-singleturn|p2b: Corviknight|move: Roost\n|\n|-heal|p2b: Corviknight|100\/100 par|[from] item: Leftovers\n|upkeep\n|turn|12\n|c|\u2606birdkeeperneek|huge lmao\n|c|\u2606BigBusted|thats one big boy\n|inactive|BigBusted has 30 seconds left.\n|inactive|birdkeeperneek has 30 seconds left.\n|c|\u2606birdkeeperneek|yuh\n|c|\u2606BigBusted|good luck against the sober players\n|inactive|BigBusted has 20 seconds left.\n|c|\u2606birdkeeperneek|thanks LMAO\n|-message|BigBusted forfeited.\n|\n|win|birdkeeperneek\n|raw|BigBusted's rating: 1285 &rarr; <strong>1267<\/strong><br \/>(-18 for losing)\n|raw|birdkeeperneek's rating: 1391 &rarr; <strong>1405<\/strong><br \/>(+14 for winning)\n|l|\u2606BigBusted\n","uploadtime":1700378882,"views":21,"p1id":"bigbusted","p2id":"birdkeeperneek","formatid":"gen9vgc2023regulatione","rating":1267,"private":0,"password":""}