{"id":"gen9vgc2023regulatione-1989172189","p1":"CharlienoB","p2":"ArianaGrandeBaddie","format":"[Gen 9] VGC 2023 Regulation E","log":"|j|\u2606CharlienoB\n|j|\u2606ArianaGrandeBaddie\n|t:|1699819838\n|gametype|doubles\n|player|p1|CharlienoB|1|1087\n|player|p2|ArianaGrandeBaddie|2|1177\n|teamsize|p1|6\n|teamsize|p2|6\n|gen|9\n|tier|[Gen 9] VGC 2023 Regulation E\n|rated|\n|rule|Species Clause: Limit one of each Pok\u00e9mon\n|rule|Item Clause: Limit one of each item\n|clearpoke\n|poke|p1|Brute Bonnet, L50|\n|poke|p1|Chi-Yu, L50|\n|poke|p1|Dondozo, L50, F|\n|poke|p1|Tatsugiri, L50, F|\n|poke|p1|Flamigo, L50, F|\n|poke|p1|Landorus-Therian, L50, M|\n|poke|p2|Flutter Mane, L50|\n|poke|p2|Urshifu-*, L50, M|\n|poke|p2|Clefairy, L50, F|\n|poke|p2|Moltres-Galar, L50|\n|poke|p2|Farigiraf, L50, F|\n|poke|p2|Landorus-Therian, L50, M|\n|teampreview|4\n|\n|t:|1699819862\n|start\n|switch|p1a: Brute Bonnet|Brute Bonnet, L50|100\/100\n|switch|p1b: Chi-Yu|Chi-Yu, L50|100\/100\n|switch|p2a: Moltres|Moltres-Galar, L50|100\/100\n|switch|p2b: Clefairy|Clefairy, L50, F|100\/100\n|-ability|p1b: Chi-Yu|Beads of Ruin\n|turn|1\n|\n|t:|1699819892\n|move|p2b: Clefairy|Follow Me|p2b: Clefairy\n|-singleturn|p2b: Clefairy|move: Follow Me\n|move|p1b: Chi-Yu|Overheat|p2b: Clefairy\n|-damage|p2b: Clefairy|12\/100\n|-unboost|p1b: Chi-Yu|spa|2\n|-damage|p1b: Chi-Yu|90\/100|[from] item: Life Orb\n|move|p2a: Moltres|Nasty Plot|p2a: Moltres\n|-boost|p2a: Moltres|spa|2\n|move|p1a: Brute Bonnet|Spore|p2b: Clefairy\n|-status|p2b: Clefairy|slp|[from] move: Spore\n|\n|upkeep\n|turn|2\n|\n|t:|1699819915\n|switch|p1b: Tatsugiri|Tatsugiri, L50, F|100\/100\n|cant|p2b: Clefairy|slp\n|move|p2a: Moltres|Air Slash|p1a: Brute Bonnet\n|-supereffective|p1a: Brute Bonnet\n|-damage|p1a: Brute Bonnet|0 fnt\n|faint|p1a: Brute Bonnet\n|-end|p1a: Brute Bonnet|Protosynthesis|[silent]\n|\n|upkeep\n|\n|t:|1699819924\n|switch|p1a: Dondozo|Dondozo, L50, F|100\/100\n|-activate|p1b: Tatsugiri|ability: Commander|[of] p1a: Dondozo\n|-boost|p1a: Dondozo|atk|2\n|-boost|p1a: Dondozo|spa|2\n|-boost|p1a: Dondozo|spe|2\n|-boost|p1a: Dondozo|def|2\n|-boost|p1a: Dondozo|spd|2\n|turn|3\n|\n|t:|1699819945\n|cant|p2b: Clefairy|slp\n|move|p1a: Dondozo|Order Up|p2a: Moltres\n|-damage|p2a: Moltres|61\/100\n|-boost|p1a: Dondozo|atk|1\n|move|p2a: Moltres|Fiery Wrath|p1a: Dondozo|[spread] p1a\n|-miss|p2a: Moltres|p1b: Tatsugiri\n|-crit|p1a: Dondozo\n|-damage|p1a: Dondozo|56\/100\n|\n|-heal|p1a: Dondozo|62\/100|[from] item: Leftovers\n|upkeep\n|turn|4\n|\n|t:|1699819962\n|cant|p2b: Clefairy|slp\n|move|p1a: Dondozo|Wave Crash|p2a: Moltres\n|-damage|p2a: Moltres|0 fnt\n|faint|p2a: Moltres\n|-damage|p1a: Dondozo|46\/100|[from] Recoil\n|\n|-heal|p1a: Dondozo|52\/100|[from] item: Leftovers\n|upkeep\n|\n|t:|1699819968\n|switch|p2a: Farigiraf|Farigiraf, L50, F|100\/100\n|turn|5\n|\n|t:|1699819984\n|-terastallize|p1a: Dondozo|Water\n|-curestatus|p2b: Clefairy|slp|[msg]\n|move|p2b: Clefairy|Follow Me|p2b: Clefairy\n|-singleturn|p2b: Clefairy|move: Follow Me\n|move|p1a: Dondozo|Wave Crash|p2b: Clefairy\n|-damage|p2b: Clefairy|0 fnt\n|faint|p2b: Clefairy\n|-damage|p1a: Dondozo|49\/100|[from] Recoil\n|move|p2a: Farigiraf|Hyper Voice|p1b: Tatsugiri|[spread] p1a\n|-miss|p2a: Farigiraf|p1b: Tatsugiri\n|-damage|p1a: Dondozo|33\/100\n|\n|-heal|p1a: Dondozo|39\/100|[from] item: Leftovers\n|upkeep\n|inactive|Battle timer is ON: inactive players will automatically lose when time's up. (requested by CharlienoB)\n|\n|t:|1699819997\n|switch|p2b: Urshifu|Urshifu-Rapid-Strike, L50, M|100\/100\n|turn|6\n|\n|t:|1699820003\n|-terastallize|p2b: Urshifu|Water\n|move|p2b: Urshifu|Surging Strikes|p1a: Dondozo\n|-resisted|p1a: Dondozo\n|-crit|p1a: Dondozo\n|-damage|p1a: Dondozo|28\/100\n|-resisted|p1a: Dondozo\n|-crit|p1a: Dondozo\n|-damage|p1a: Dondozo|18\/100\n|-resisted|p1a: Dondozo\n|-crit|p1a: Dondozo\n|-damage|p1a: Dondozo|8\/100\n|-hitcount|p1a: Dondozo|3\n|move|p1a: Dondozo|Wave Crash|p2a: Farigiraf\n|-enditem|p2a: Farigiraf|Focus Sash\n|-damage|p2a: Farigiraf|1\/100\n|-damage|p1a: Dondozo|0 fnt|[from] Recoil\n|faint|p1a: Dondozo\n|move|p2a: Farigiraf|Psyshock|p1b: Tatsugiri\n|-damage|p1b: Tatsugiri|52\/100\n|\n|upkeep\n|\n|t:|1699820020\n|switch|p1a: Chi-Yu|Chi-Yu, L50|90\/100\n|-ability|p1a: Chi-Yu|Beads of Ruin\n|turn|7\n|\n|t:|1699820040\n|move|p2a: Farigiraf|Protect|p2a: Farigiraf\n|-singleturn|p2a: Farigiraf|Protect\n|move|p2b: Urshifu|Surging Strikes|p1a: Chi-Yu\n|-supereffective|p1a: Chi-Yu\n|-crit|p1a: Chi-Yu\n|-damage|p1a: Chi-Yu|25\/100\n|-supereffective|p1a: Chi-Yu\n|-crit|p1a: Chi-Yu\n|-damage|p1a: Chi-Yu|0 fnt\n|faint|p1a: Chi-Yu\n|-hitcount|p1: Chi-Yu|2\n|move|p1b: Tatsugiri|Draco Meteor|p2b: Urshifu\n|-damage|p2b: Urshifu|30\/100\n|-unboost|p1b: Tatsugiri|spa|2\n|\n|upkeep\n|turn|8\n|\n|t:|1699820058\n|move|p2b: Urshifu|Surging Strikes|p1b: Tatsugiri\n|-resisted|p1b: Tatsugiri\n|-crit|p1b: Tatsugiri\n|-damage|p1b: Tatsugiri|45\/100\n|-damage|p2b: Urshifu|14\/100|[from] item: Rocky Helmet|[of] p1b: Tatsugiri\n|-resisted|p1b: Tatsugiri\n|-crit|p1b: Tatsugiri\n|-damage|p1b: Tatsugiri|38\/100\n|-damage|p2b: Urshifu|0 fnt|[from] item: Rocky Helmet|[of] p1b: Tatsugiri\n|faint|p2b: Urshifu\n|-hitcount|p1b: Tatsugiri|2\n|move|p1b: Tatsugiri|Icy Wind|p2a: Farigiraf\n|-damage|p2a: Farigiraf|0 fnt\n|faint|p2a: Farigiraf\n|\n|win|CharlienoB\n|raw|CharlienoB's rating: 1087 &rarr; <strong>1121<\/strong><br \/>(+34 for winning)\n|raw|ArianaGrandeBaddie's rating: 1177 &rarr; <strong>1146<\/strong><br \/>(-31 for losing)\n","uploadtime":1699820068,"views":16,"p1id":"charlienob","p2id":"arianagrandebaddie","formatid":"gen9vgc2023regulatione","rating":1121,"private":0,"password":""}