{"id":"gen9vgc2023regulatione-1993920354","p1":"SpaceCP","p2":"kingofspades13","format":"[Gen 9] VGC 2023 Regulation E","log":"|j|\u2606SpaceCP\n|j|\u2606kingofspades13\n|n|\u2606SpaceCP|spacecp\n|n|\u2606kingofspades13|kingofspades13\n|html|View the match progress at <a href=\"\/game-bestof3-gen9vgc2023regulatione-1993920353\">game-bestof3-gen9vgc2023regulatione-1993920353<\/a>\n|t:|1700375622\n|gametype|doubles\n|player|p1|SpaceCP|youngster-gen4dp|\n|player|p2|kingofspades13|ghetsis-gen5bw|\n|teamsize|p1|6\n|teamsize|p2|6\n|gen|9\n|tier|[Gen 9] VGC 2023 Regulation E\n|rule|Species Clause: Limit one of each Pok\u00e9mon\n|rule|Item Clause: Limit one of each item\n|clearpoke\n|poke|p1|Sandaconda, L50, M|\n|poke|p1|Chi-Yu, L50|\n|poke|p1|Vulpix, L50, F|\n|poke|p1|Clefable, L50, F|\n|poke|p1|Lokix, L50, M|\n|poke|p1|Sunflora, L50, M|\n|poke|p2|Milotic, L50, F|\n|poke|p2|Ampharos, L50, M|\n|poke|p2|Conkeldurr, L50, F|\n|poke|p2|Gogoat, L50, M|\n|poke|p2|Spiritomb, L50, M|\n|poke|p2|Hatterene, L50, F|\n|teampreview|4\n|c|\u2606kingofspades13|Do we deny open sheets?\nSpaceCP rejected open team sheets.\n|c|\u2606kingofspades13|https:\/\/pokepast.es\/7087556ae3677e3f\n|c|\u2606SpaceCP|Ye, put teras in disc\n|c|\u2606SpaceCP|glhf\n|c|\u2606kingofspades13|Gl Hf\n|\n|t:|1700375867\n|start\n|switch|p1a: Chi-Yu|Chi-Yu, L50|100\/100\n|switch|p1b: Lokix|Lokix, L50, M|100\/100\n|switch|p2a: Hatterene|Hatterene, L50, F|100\/100\n|switch|p2b: Spiritomb|Spiritomb, L50, M|100\/100\n|-ability|p1a: Chi-Yu|Beads of Ruin\n|turn|1\n|\n|t:|1700375893\n|move|p1b: Lokix|U-turn|p2a: Hatterene\n|-damage|p2a: Hatterene|65\/100\n|\n|t:|1700375896\n|switch|p1b: Vulpix|Vulpix, L50, F|100\/100|[from] U-turn\n|-weather|SunnyDay|[from] ability: Drought|[of] p1b: Vulpix\n|move|p1a: Chi-Yu|Heat Wave|p2a: Hatterene|[spread] p2a,p2b\n|-damage|p2a: Hatterene|0 fnt\n|-damage|p2b: Spiritomb|25\/100\n|faint|p2a: Hatterene\n|-enditem|p2b: Spiritomb|Red Card|[of] p1a: Chi-Yu\n|drag|p1a: Lokix|Lokix, L50, M|100\/100\n|move|p2b: Spiritomb|Will-O-Wisp|p1b: Vulpix\n|-immune|p1b: Vulpix\n|\n|-weather|SunnyDay|[upkeep]\n|upkeep\n|\n|t:|1700375916\n|switch|p2a: Ampharos|Ampharos, L50, M|100\/100\n|turn|2\n|j| ruwisc\n|\n|t:|1700375950\n|move|p1a: Lokix|U-turn|p2a: Ampharos\n|-damage|p2a: Ampharos|69\/100\n|\n|t:|1700375956\n|switch|p1a: Chi-Yu|Chi-Yu, L50|100\/100|[from] U-turn\n|-ability|p1a: Chi-Yu|Beads of Ruin\n|move|p2a: Ampharos|Thunderbolt|p1b: Vulpix\n|-damage|p1b: Vulpix|0 fnt\n|faint|p1b: Vulpix\n|move|p2b: Spiritomb|Destiny Bond|p2b: Spiritomb\n|-singlemove|p2b: Spiritomb|Destiny Bond\n|\n|-weather|SunnyDay|[upkeep]\n|upkeep\n|\n|t:|1700375968\n|switch|p1b: Lokix|Lokix, L50, M|100\/100\n|turn|3\n|\n|t:|1700375991\n|move|p1b: Lokix|Detect|p1b: Lokix\n|-singleturn|p1b: Lokix|Protect\n|move|p2a: Ampharos|Protect|p2a: Ampharos\n|-singleturn|p2a: Ampharos|Protect\n|move|p1a: Chi-Yu|Flamethrower|p2a: Ampharos\n|-activate|p2a: Ampharos|move: Protect\n|move|p2b: Spiritomb|Will-O-Wisp|p1b: Lokix\n|-activate|p1b: Lokix|move: Protect\n|\n|-weather|SunnyDay|[upkeep]\n|upkeep\n|turn|4\n|\n|t:|1700376040\n|switch|p2a: Milotic|Milotic, L50, F|100\/100\n|move|p1b: Lokix|U-turn|p2a: Milotic\n|-damage|p2a: Milotic|77\/100\n|\n|t:|1700376045\n|switch|p1b: Sunflora|Sunflora, L50, M|100\/100|[from] U-turn\n|move|p1a: Chi-Yu|Heat Wave|p2a: Milotic|[spread] p2a,p2b\n|-resisted|p2a: Milotic\n|-damage|p2a: Milotic|46\/100\n|-damage|p2b: Spiritomb|0 fnt\n|faint|p2b: Spiritomb\n|\n|-weather|SunnyDay|[upkeep]\n|-damage|p1b: Sunflora|88\/100|[from] ability: Solar Power|[of] p1b: Sunflora\n|-heal|p2a: Milotic|51\/100|[from] item: Leftovers\n|upkeep\n|\n|t:|1700376059\n|switch|p2b: Ampharos|Ampharos, L50, M|69\/100\n|turn|5\n|\n|t:|1700376097\n|-terastallize|p2b: Ampharos|Dragon\n|move|p1a: Chi-Yu|Heat Wave|p2a: Milotic|[spread] p2a,p2b\n|-resisted|p2a: Milotic\n|-resisted|p2b: Ampharos\n|-damage|p2a: Milotic|15\/100\n|-damage|p2b: Ampharos|20\/100\n|move|p2a: Milotic|Ice Beam|p1b: Sunflora\n|-supereffective|p1b: Sunflora\n|-damage|p1b: Sunflora|31\/100\n|move|p2b: Ampharos|Dragon Pulse|p1a: Chi-Yu\n|-damage|p1a: Chi-Yu|59\/100\n|move|p1b: Sunflora|Dazzling Gleam|p2a: Milotic|[spread] p2a,p2b\n|-supereffective|p2b: Ampharos\n|-damage|p2a: Milotic|0 fnt\n|-damage|p2b: Ampharos|0 fnt\n|faint|p2a: Milotic\n|faint|p2b: Ampharos\n|\n|win|SpaceCP\n|inactive|SpaceCP has 50 seconds to confirm battle start!\n|inactive|kingofspades13 has 50 seconds to confirm battle start!\n|c|\u2606SpaceCP|gg game 1\n|c|\u2606kingofspades13|gg\n|c|&|\/uhtml prompt-kingofspades13,kingofspades13 is ready for game 2!\n|c|&|\/uhtml prompt-spacecp,SpaceCP is ready for game 2!\nBoth players are ready! Starting next match!\n","uploadtime":1700377128,"views":37,"p1id":"spacecp","p2id":"kingofspades13","formatid":"gen9vgc2023regulatione","rating":0,"private":0,"password":""}