{"id":"gen9vgc2023regulatione-1999113691","p1":"Hugs1986","p2":"TheGreatMutwa","format":"[Gen 9] VGC 2023 Regulation E","log":"|j|\u2606Hugs1986\n|j|\u2606TheGreatMutwa\n|t:|1701034584\n|gametype|doubles\n|player|p1|Hugs1986|101|1383\n|player|p2|TheGreatMutwa|theroyal|1404\n|teamsize|p1|6\n|teamsize|p2|6\n|gen|9\n|tier|[Gen 9] VGC 2023 Regulation E\n|rated|\n|rule|Species Clause: Limit one of each Pok\u00e9mon\n|rule|Item Clause: Limit one of each item\n|clearpoke\n|poke|p1|Ninetales-Alola, L50, F|\n|poke|p1|Grimmsnarl, L50, M|\n|poke|p1|Wo-Chien, L50|\n|poke|p1|Goodra-Hisui, L50, F|\n|poke|p1|Sinistcha, L50|\n|poke|p1|Frosmoth, L50, F|\n|poke|p2|Chi-Yu, L50|\n|poke|p2|Munkidori, L50, M|\n|poke|p2|Rillaboom, L50, M|\n|poke|p2|Annihilape, L50, F|\n|poke|p2|Arcanine-Hisui, L50, M|\n|poke|p2|Maushold, L50|\n|teampreview|4\n|\n|t:|1701034616\n|start\n|switch|p1a: Grimmsnarl|Grimmsnarl, L50, M|100\/100\n|switch|p1b: Goodra|Goodra-Hisui, L50, F|100\/100\n|switch|p2a: Chi-Yu|Chi-Yu, L50|100\/100\n|switch|p2b: Munkidori|Munkidori, L50, M|100\/100\n|-ability|p2a: Chi-Yu|Beads of Ruin\n|turn|1\n|\n|t:|1701034636\n|-terastallize|p2a: Chi-Yu|Steel\n|move|p1b: Goodra|Protect|p1b: Goodra\n|-singleturn|p1b: Goodra|Protect\n|move|p1a: Grimmsnarl|Light Screen|p1a: Grimmsnarl\n|-sidestart|p1: Hugs1986|move: Light Screen\n|move|p2b: Munkidori|Sludge Wave|p1b: Goodra|[spread] p1a\n|-activate|p1b: Goodra|move: Protect\n|-immune|p2a: Chi-Yu\n|-supereffective|p1a: Grimmsnarl\n|-damage|p1a: Grimmsnarl|3\/100\n|move|p2a: Chi-Yu|Heat Wave|p1b: Goodra|[spread] p1a\n|-activate|p1b: Goodra|move: Protect\n|-damage|p1a: Grimmsnarl|0 fnt\n|faint|p1a: Grimmsnarl\n|-damage|p2a: Chi-Yu|90\/100|[from] item: Life Orb\n|\n|upkeep\n|\n|t:|1701034662\n|switch|p1a: Wo-Chien|Wo-Chien, L50|100\/100\n|-ability|p1a: Wo-Chien|Tablets of Ruin\n|turn|2\n|\n|t:|1701034674\n|move|p1a: Wo-Chien|Protect|p1a: Wo-Chien\n|-singleturn|p1a: Wo-Chien|Protect\n|move|p2b: Munkidori|Sludge Wave|p1b: Goodra|[spread] \n|-activate|p1a: Wo-Chien|move: Protect\n|-immune|p2a: Chi-Yu\n|-immune|p1b: Goodra\n|move|p2a: Chi-Yu|Heat Wave|p1b: Goodra|[spread] p1b\n|-activate|p1a: Wo-Chien|move: Protect\n|-damage|p1b: Goodra|68\/100\n|-status|p1b: Goodra|brn\n|-damage|p2a: Chi-Yu|80\/100|[from] item: Life Orb\n|move|p1b: Goodra|Shelter|p1b: Goodra\n|-boost|p1b: Goodra|def|2\n|\n|-heal|p1b: Goodra|74\/100 brn|[from] item: Leftovers\n|-damage|p1b: Goodra|68\/100 brn|[from] brn\n|upkeep\n|turn|3\n|\n|t:|1701034698\n|move|p2b: Munkidori|Sludge Wave|p1b: Goodra|[spread] p1a\n|-immune|p2a: Chi-Yu\n|-immune|p1b: Goodra\n|-supereffective|p1a: Wo-Chien\n|-damage|p1a: Wo-Chien|35\/100\n|-status|p1a: Wo-Chien|psn\n|move|p2a: Chi-Yu|Heat Wave|p1a: Wo-Chien|[spread] p1a,p1b\n|-supereffective|p1a: Wo-Chien\n|-enditem|p1a: Wo-Chien|Occa Berry|[eat]\n|-enditem|p1a: Wo-Chien|Occa Berry|[weaken]\n|-damage|p1a: Wo-Chien|4\/100 psn\n|-damage|p1b: Goodra|35\/100 brn\n|-damage|p2a: Chi-Yu|70\/100|[from] item: Life Orb\n|move|p1a: Wo-Chien|Pollen Puff|p1b: Goodra\n|-heal|p1b: Goodra|85\/100 brn\n|move|p1b: Goodra|Shelter|p1b: Goodra\n|-boost|p1b: Goodra|def|2\n|\n|-heal|p1b: Goodra|91\/100 brn|[from] item: Leftovers\n|-damage|p1a: Wo-Chien|0 fnt|[from] psn\n|faint|p1a: Wo-Chien\n|-damage|p1b: Goodra|85\/100 brn|[from] brn\n|upkeep\n|\n|t:|1701034722\n|switch|p1a: Sinistcha|Sinistcha, L50|100\/100\n|-heal|p1b: Goodra|100\/100 brn|[from] ability: Hospitality|[of] p1a: Sinistcha\n|turn|4\n|\n|t:|1701034737\n|-terastallize|p1a: Sinistcha|Water\n|move|p2b: Munkidori|Sludge Wave|p1a: Sinistcha|[spread] p1a\n|-immune|p2a: Chi-Yu\n|-immune|p1b: Goodra\n|-damage|p1a: Sinistcha|52\/100\n|-status|p1a: Sinistcha|tox|[from] ability: Toxic Chain|[of] p2b: Munkidori\n|move|p2a: Chi-Yu|Heat Wave|p1a: Sinistcha|[spread] p1a\n|-miss|p2a: Chi-Yu|p1b: Goodra\n|-resisted|p1a: Sinistcha\n|-damage|p1a: Sinistcha|26\/100 tox\n|-enditem|p1a: Sinistcha|Sitrus Berry|[eat]\n|-heal|p1a: Sinistcha|51\/100 tox|[from] item: Sitrus Berry\n|-damage|p2a: Chi-Yu|60\/100|[from] item: Life Orb\n|move|p1b: Goodra|Body Press|p2a: Chi-Yu\n|-supereffective|p2a: Chi-Yu\n|-damage|p2a: Chi-Yu|0 fnt\n|faint|p2a: Chi-Yu\n|move|p1a: Sinistcha|Matcha Gotcha|p2b: Munkidori\n|-resisted|p2b: Munkidori\n|-damage|p2b: Munkidori|80\/100\n|-heal|p1a: Sinistcha|61\/100 tox|[from] drain|[of] p2b: Munkidori\n|\n|-damage|p1a: Sinistcha|54\/100 tox|[from] psn\n|-damage|p1b: Goodra|95\/100 brn|[from] brn\n|upkeep\n|\n|t:|1701034771\n|switch|p2a: Arcanine|Arcanine-Hisui, L50, M|100\/100\n|-ability|p2a: Arcanine|Intimidate|boost\n|-unboost|p1a: Sinistcha|atk|1\n|-unboost|p1b: Goodra|atk|1\n|turn|5\n|\n|t:|1701034798\n|switch|p2b: Annihilape|Annihilape, L50, F|100\/100\n|move|p2a: Arcanine|Flare Blitz|p1b: Goodra\n|-damage|p1b: Goodra|81\/100 brn\n|-damage|p2a: Arcanine|97\/100|[from] Recoil\n|move|p1b: Goodra|Shelter|p1b: Goodra\n|-boost|p1b: Goodra|def|2\n|move|p1a: Sinistcha|Trick Room|p1a: Sinistcha\n|-fieldstart|move: Trick Room|[of] p1a: Sinistcha\n|\n|-heal|p1b: Goodra|87\/100 brn|[from] item: Leftovers\n|-damage|p1a: Sinistcha|42\/100 tox|[from] psn\n|-damage|p1b: Goodra|81\/100 brn|[from] brn\n|upkeep\n|turn|6\n|\n|t:|1701034830\n|switch|p2b: Munkidori|Munkidori, L50, M|80\/100\n|move|p1a: Sinistcha|Matcha Gotcha|p2a: Arcanine|[spread] p2a,p2b\n|-resisted|p2b: Munkidori\n|-damage|p2a: Arcanine|71\/100\n|-heal|p1a: Sinistcha|57\/100 tox|[from] drain|[of] p2a: Arcanine\n|-damage|p2b: Munkidori|67\/100\n|-heal|p1a: Sinistcha|63\/100 tox|[from] drain|[of] p2b: Munkidori\n|move|p1b: Goodra|Knock Off|p2b: Munkidori\n|-supereffective|p2b: Munkidori\n|-damage|p2b: Munkidori|45\/100\n|-enditem|p2b: Munkidori|Choice Specs|[from] move: Knock Off|[of] p1b: Goodra\n|move|p2a: Arcanine|Rock Slide|p1b: Goodra|[spread] p1a,p1b\n|-resisted|p1b: Goodra\n|-damage|p1a: Sinistcha|44\/100 tox\n|-damage|p1b: Goodra|79\/100 brn\n|\n|-heal|p1b: Goodra|85\/100 brn|[from] item: Leftovers\n|-damage|p1a: Sinistcha|26\/100 tox|[from] psn\n|-damage|p1b: Goodra|79\/100 brn|[from] brn\n|upkeep\n|turn|7\n|\n|t:|1701034867\n|move|p1a: Sinistcha|Matcha Gotcha|p2b: Munkidori|[spread] p2a,p2b\n|-resisted|p2b: Munkidori\n|-damage|p2a: Arcanine|44\/100\n|-heal|p1a: Sinistcha|42\/100 tox|[from] drain|[of] p2a: Arcanine\n|-damage|p2b: Munkidori|32\/100\n|-heal|p1a: Sinistcha|48\/100 tox|[from] drain|[of] p2b: Munkidori\n|move|p1b: Goodra|Body Press|p2b: Munkidori\n|-resisted|p2b: Munkidori\n|-damage|p2b: Munkidori|14\/100\n|move|p2a: Arcanine|Rock Slide|p1a: Sinistcha|[spread] p1a,p1b\n|-resisted|p1b: Goodra\n|-damage|p1a: Sinistcha|29\/100 tox\n|-damage|p1b: Goodra|76\/100 brn\n|move|p2b: Munkidori|Focus Blast|p1b: Goodra\n|-supereffective|p1b: Goodra\n|-damage|p1b: Goodra|42\/100 brn\n|\n|-heal|p1b: Goodra|48\/100 brn|[from] item: Leftovers\n|-damage|p1a: Sinistcha|4\/100 tox|[from] psn\n|-damage|p1b: Goodra|42\/100 brn|[from] brn\n|upkeep\n|turn|8\n|\n|t:|1701034905\n|switch|p2b: Annihilape|Annihilape, L50, F|100\/100\n|move|p1a: Sinistcha|Matcha Gotcha|p2b: Annihilape|[spread] p2a,p2b\n|-damage|p2a: Arcanine|20\/100\n|-heal|p1a: Sinistcha|18\/100 tox|[from] drain|[of] p2a: Arcanine\n|-damage|p2b: Annihilape|84\/100\n|-heal|p1a: Sinistcha|28\/100 tox|[from] drain|[of] p2b: Annihilape\n|-status|p2b: Annihilape|brn\n|-enditem|p2a: Arcanine|Figy Berry|[eat]\n|-heal|p2a: Arcanine|53\/100|[from] item: Figy Berry\n|move|p1b: Goodra|Body Press|p2a: Arcanine\n|-supereffective|p2a: Arcanine\n|-damage|p2a: Arcanine|0 fnt\n|faint|p2a: Arcanine\n|\n|-heal|p1b: Goodra|48\/100 brn|[from] item: Leftovers\n|-damage|p1a: Sinistcha|0 fnt|[from] psn\n|faint|p1a: Sinistcha\n|-damage|p1b: Goodra|42\/100 brn|[from] brn\n|-damage|p2b: Annihilape|78\/100 brn|[from] brn\n|-sideend|p1: Hugs1986|move: Light Screen\n|upkeep\n|\n|t:|1701034925\n|switch|p2a: Munkidori|Munkidori, L50, M|14\/100\n|turn|9\n|\n|t:|1701034937\n|move|p1b: Goodra|Body Press|p2a: Munkidori\n|-resisted|p2a: Munkidori\n|-damage|p2a: Munkidori|0 fnt\n|faint|p2a: Munkidori\n|move|p2b: Annihilape|Bulk Up|p2b: Annihilape\n|-boost|p2b: Annihilape|atk|1\n|-boost|p2b: Annihilape|def|1\n|\n|-heal|p1b: Goodra|48\/100 brn|[from] item: Leftovers\n|-damage|p1b: Goodra|42\/100 brn|[from] brn\n|-damage|p2b: Annihilape|72\/100 brn|[from] brn\n|-fieldend|move: Trick Room\n|upkeep\n|turn|10\n|\n|t:|1701034957\n|move|p2b: Annihilape|Bulk Up|p2b: Annihilape\n|-boost|p2b: Annihilape|atk|1\n|-boost|p2b: Annihilape|def|1\n|move|p1b: Goodra|Knock Off|p2b: Annihilape\n|-damage|p2b: Annihilape|68\/100 brn\n|-enditem|p2b: Annihilape|Sitrus Berry|[from] move: Knock Off|[of] p1b: Goodra\n|\n|-heal|p1b: Goodra|48\/100 brn|[from] item: Leftovers\n|-damage|p2b: Annihilape|62\/100 brn|[from] brn\n|-damage|p1b: Goodra|42\/100 brn|[from] brn\n|upkeep\n|turn|11\n|\n|t:|1701034975\n|move|p1b: Goodra|Protect|p1b: Goodra\n|-singleturn|p1b: Goodra|Protect\n|move|p2b: Annihilape|Bulk Up|p2b: Annihilape\n|-boost|p2b: Annihilape|atk|1\n|-boost|p2b: Annihilape|def|1\n|\n|-heal|p1b: Goodra|48\/100 brn|[from] item: Leftovers\n|-damage|p2b: Annihilape|56\/100 brn|[from] brn\n|-damage|p1b: Goodra|42\/100 brn|[from] brn\n|upkeep\n|turn|12\n|\n|t:|1701034987\n|move|p2b: Annihilape|Drain Punch|p1b: Goodra\n|-supereffective|p1b: Goodra\n|-damage|p1b: Goodra|27\/100 brn\n|-heal|p2b: Annihilape|63\/100 brn|[from] drain|[of] p1b: Goodra\n|move|p1b: Goodra|Knock Off|p2b: Annihilape\n|-damage|p2b: Annihilape|60\/100 brn\n|\n|-heal|p1b: Goodra|33\/100 brn|[from] item: Leftovers\n|-damage|p2b: Annihilape|54\/100 brn|[from] brn\n|-damage|p1b: Goodra|27\/100 brn|[from] brn\n|upkeep\n|turn|13\n|\n|t:|1701034998\n|move|p1b: Goodra|Protect|p1b: Goodra\n|-singleturn|p1b: Goodra|Protect\n|move|p2b: Annihilape|Bulk Up|p2b: Annihilape\n|-boost|p2b: Annihilape|atk|1\n|-boost|p2b: Annihilape|def|1\n|\n|-heal|p1b: Goodra|33\/100 brn|[from] item: Leftovers\n|-damage|p2b: Annihilape|48\/100 brn|[from] brn\n|-damage|p1b: Goodra|27\/100 brn|[from] brn\n|upkeep\n|turn|14\n|\n|t:|1701035007\n|move|p1b: Goodra|Protect|p1b: Goodra\n|-singleturn|p1b: Goodra|Protect\n|move|p2b: Annihilape|Drain Punch|p1b: Goodra\n|-activate|p1b: Goodra|move: Protect\n|\n|-heal|p1b: Goodra|33\/100 brn|[from] item: Leftovers\n|-damage|p2b: Annihilape|42\/100 brn|[from] brn\n|-damage|p1b: Goodra|27\/100 brn|[from] brn\n|upkeep\n|turn|15\n|\n|t:|1701035017\n|move|p1b: Goodra|Protect||[still]\n|-fail|p1b: Goodra\n|move|p2b: Annihilape|Drain Punch|p1b: Goodra\n|-supereffective|p1b: Goodra\n|-damage|p1b: Goodra|7\/100 brn\n|-heal|p2b: Annihilape|51\/100 brn|[from] drain|[of] p1b: Goodra\n|\n|-heal|p1b: Goodra|13\/100 brn|[from] item: Leftovers\n|-damage|p2b: Annihilape|45\/100 brn|[from] brn\n|-damage|p1b: Goodra|7\/100 brn|[from] brn\n|upkeep\n|turn|16\n|\n|t:|1701035032\n|move|p2b: Annihilape|Drain Punch|p1b: Goodra\n|-supereffective|p1b: Goodra\n|-damage|p1b: Goodra|0 fnt\n|-heal|p2b: Annihilape|48\/100 brn|[from] drain|[of] p1b: Goodra\n|faint|p1b: Goodra\n|\n|win|TheGreatMutwa\n|raw|Hugs1986's rating: 1383 &rarr; <strong>1364<\/strong><br \/>(-19 for losing)\n|raw|TheGreatMutwa's rating: 1404 &rarr; <strong>1423<\/strong><br \/>(+19 for winning)\n|c|\u2606TheGreatMutwa|gg wp\n|l|\u2606Hugs1986\n","uploadtime":1701035045,"views":16,"p1id":"hugs1986","p2id":"thegreatmutwa","formatid":"gen9vgc2023regulatione","rating":1364,"private":0,"password":""}