{"id":"gen9vgc2023regulatione-1988743323","p1":"Aerdan","p2":"ale cog","format":"[Gen 9] VGC 2023 Regulation E","log":"|j|\u2606Aerdan\n|j|\u2606ale cog\n|t:|1699757480\n|gametype|doubles\n|player|p1|Aerdan|cynthia|\n|player|p2|ale cog|artist-gen4|\n|teamsize|p1|6\n|teamsize|p2|6\n|gen|9\n|tier|[Gen 9] VGC 2023 Regulation E\n|rated|Tournament battle\n|rule|Species Clause: Limit one of each Pok\u00e9mon\n|rule|Item Clause: Limit one of each item\n|clearpoke\n|poke|p1|Kommo-o, L50, M|\n|poke|p1|Tyranitar, L50, M|\n|poke|p1|Rillaboom, L50, M|\n|poke|p1|Arcanine-Hisui, L50, F|\n|poke|p1|Iron Bundle, L50|\n|poke|p1|Landorus-Therian, L50, M|\n|poke|p2|Landorus, L50, M|\n|poke|p2|Tornadus, L50, M|\n|poke|p2|Ogerpon-Hearthflame, L50, F|\n|poke|p2|Iron Hands, L50|\n|poke|p2|Urshifu-*, L50, M|\n|poke|p2|Rillaboom, L50, F|\n|teampreview|4\n|showteam|p1|Kommo-o||Leftovers|Bulletproof|BodyPress,IronDefense,IronHead,Protect|||M|||50|,,,,,Steel]Tyranitar||AssaultVest|SandStream|KnockOff,RockSlide,LowKick,TeraBlast|||M|||50|,,,,,Psychic]Rillaboom||MiracleSeed|GrassySurge|FakeOut,WoodHammer,GrassyGlide,Taunt|||M|||50|,,,,,Grass]Arcanine-Hisui||SitrusBerry|Intimidate|FlareBlitz,RockSlide,Howl,WillOWisp|||F|||50|,,,,,Water]Iron Bundle||BoosterEnergy|QuarkDrive|FreezeDry,IcyWind,HydroPump,Protect||||||50|,,,,,Ghost]Landorus-Therian||ChoiceScarf|Intimidate|StompingTantrum,Uturn,TeraBlast,RockSlide|||M|||50|,,,,,Flying\n|showteam|p2|Landorus||LifeOrb|SheerForce|EarthPower,SandsearStorm,SludgeBomb,Protect|||M|||50|,,,,,Dragon]Tornadus||MentalHerb|Prankster|BleakwindStorm,Taunt,Tailwind,RainDance|||M|||50|,,,,,Ghost]Ogerpon-Hearthflame||HearthflameMask|MoldBreaker|IvyCudgel,GrassyGlide,SwordsDance,SpikyShield|||F|||50|,,,,,Fire]Iron Hands||AssaultVest|QuarkDrive|DrainPunch,WildCharge,HeavySlam,FakeOut||||||50|,,,,,Electric]Urshifu-Rapid-Strike||ChoiceScarf|UnseenFist|SurgingStrikes,CloseCombat,AquaJet,Uturn|||M|||50|,,,,,Water]Rillaboom||MiracleSeed|GrassySurge|WoodHammer,GrassyGlide,FakeOut,Protect|||F|||50|,,,,,Grass\n|inactive|Battle timer is ON: inactive players will automatically lose when time's up. (requested by Aerdan)\n|inactive|ale cog also wants the timer to be on.\n|j|%Radio Free C-Side\n|j|@Bright Size\n|c|%Radio Free C-Side|how's lando i feeling\n|c|\u2606ale cog|its so good\n|c|\u2606ale cog|tera dragon is amazing for it\n|inactive|Aerdan has 60 seconds left.\n|inactive|ale cog has 60 seconds left.\n|c|\u2606ale cog|you are still weak to ice but it flips buncha mathc ups\n|c|%Radio Free C-Side|makes sense, tbh I think the sandsear + ep is the optimal set for it\n|\n|t:|1699757542\n|start\n|switch|p1a: Kommo-o|Kommo-o, L50, M|100\/100\n|switch|p1b: Landorus|Landorus-Therian, L50, M|100\/100\n|switch|p2a: Shamone-Strike|Urshifu-Rapid-Strike, L50, M|100\/100\n|switch|p2b: Blowin In The Wind|Tornadus, L50, M, shiny|100\/100\n|-ability|p1b: Landorus|Intimidate|boost\n|-unboost|p2a: Shamone-Strike|atk|1\n|-unboost|p2b: Blowin In The Wind|atk|1\n|turn|1\n|j| Heartsteel Sett\n|inactive|ale cog has 30 seconds left.\n|inactive|ale cog has 20 seconds left.\n|inactive|ale cog has 15 seconds left.\n|\n|t:|1699757583\n|-terastallize|p1a: Kommo-o|Steel\n|move|p2b: Blowin In The Wind|Rain Dance|p2b: Blowin In The Wind\n|-weather|RainDance\n|move|p1b: Landorus|U-turn|p2a: Shamone-Strike\n|-resisted|p2a: Shamone-Strike\n|-damage|p2a: Shamone-Strike|87\/100\n|\n|t:|1699757589\n|switch|p1b: Rillaboom|Rillaboom, L50, M|100\/100|[from] U-turn\n|-fieldstart|move: Grassy Terrain|[from] ability: Grassy Surge|[of] p1b: Rillaboom\n|move|p2a: Shamone-Strike|Surging Strikes|p1b: Rillaboom\n|-resisted|p1b: Rillaboom\n|-crit|p1b: Rillaboom\n|-damage|p1b: Rillaboom|84\/100\n|-resisted|p1b: Rillaboom\n|-crit|p1b: Rillaboom\n|-damage|p1b: Rillaboom|68\/100\n|-resisted|p1b: Rillaboom\n|-crit|p1b: Rillaboom\n|-damage|p1b: Rillaboom|52\/100\n|-hitcount|p1b: Rillaboom|3\n|move|p1a: Kommo-o|Iron Defense|p1a: Kommo-o\n|-boost|p1a: Kommo-o|def|2\n|\n|-weather|RainDance|[upkeep]\n|-heal|p2a: Shamone-Strike|93\/100|[from] Grassy Terrain\n|-heal|p1b: Rillaboom|58\/100|[from] Grassy Terrain\n|upkeep\n|turn|2\n|\n|t:|1699757609\n|switch|p2a: Fiona-Hearthflame|Ogerpon-Hearthflame, L50, F|100\/100\n|-ability|p2a: Fiona-Hearthflame|Mold Breaker\n|move|p1b: Rillaboom|Fake Out|p2a: Fiona-Hearthflame\n|-damage|p2a: Fiona-Hearthflame|85\/100\n|move|p2b: Blowin In The Wind|Bleakwind Storm|p1a: Kommo-o|[spread] p1a,p1b\n|-resisted|p1a: Kommo-o\n|-supereffective|p1b: Rillaboom\n|-damage|p1a: Kommo-o|87\/100\n|-damage|p1b: Rillaboom|0 fnt\n|faint|p1b: Rillaboom\n|move|p1a: Kommo-o|Body Press|p2a: Fiona-Hearthflame\n|-damage|p2a: Fiona-Hearthflame|3\/100\n|\n|-weather|RainDance|[upkeep]\n|-heal|p2a: Fiona-Hearthflame|9\/100|[from] Grassy Terrain\n|-heal|p1a: Kommo-o|93\/100|[from] Grassy Terrain\n|-heal|p1a: Kommo-o|99\/100|[from] item: Leftovers\n|upkeep\n|\n|t:|1699757630\n|switch|p1b: Landorus|Landorus-Therian, L50, M|100\/100\n|-ability|p1b: Landorus|Intimidate|boost\n|-unboost|p2a: Fiona-Hearthflame|atk|1\n|-unboost|p2b: Blowin In The Wind|atk|1\n|turn|3\n|\n|t:|1699757644\n|move|p2a: Fiona-Hearthflame|Grassy Glide|p1b: Landorus\n|-damage|p1b: Landorus|62\/100\n|move|p2b: Blowin In The Wind|Tailwind|p2b: Blowin In The Wind\n|-sidestart|p2: ale cog|move: Tailwind\n|move|p1b: Landorus|Rock Slide|p2b: Blowin In The Wind|[spread] p2a,p2b\n|-supereffective|p2a: Fiona-Hearthflame\n|-supereffective|p2b: Blowin In The Wind\n|-damage|p2a: Fiona-Hearthflame|0 fnt\n|-damage|p2b: Blowin In The Wind|61\/100\n|faint|p2a: Fiona-Hearthflame\n|move|p1a: Kommo-o|Iron Defense|p1a: Kommo-o\n|-boost|p1a: Kommo-o|def|2\n|\n|-weather|RainDance|[upkeep]\n|-heal|p1a: Kommo-o|100\/100|[from] Grassy Terrain\n|upkeep\n|\n|t:|1699757662\n|switch|p2a: Shamone-Strike|Urshifu-Rapid-Strike, L50, M|93\/100\n|turn|4\n|\n|t:|1699757680\n|-terastallize|p2a: Shamone-Strike|Water\n|move|p2a: Shamone-Strike|Surging Strikes|p1a: Kommo-o\n|-crit|p1a: Kommo-o\n|-damage|p1a: Kommo-o|69\/100\n|-crit|p1a: Kommo-o\n|-damage|p1a: Kommo-o|37\/100\n|-crit|p1a: Kommo-o\n|-damage|p1a: Kommo-o|8\/100\n|-hitcount|p1a: Kommo-o|3\n|move|p2b: Blowin In The Wind|Bleakwind Storm|p1b: Landorus|[spread] p1a,p1b\n|-resisted|p1a: Kommo-o\n|-damage|p1a: Kommo-o|0 fnt\n|-damage|p1b: Landorus|18\/100\n|faint|p1a: Kommo-o\n|move|p1b: Landorus|Rock Slide|p2a: Shamone-Strike|[spread] p2a,p2b\n|-supereffective|p2b: Blowin In The Wind\n|-damage|p2a: Shamone-Strike|73\/100\n|-damage|p2b: Blowin In The Wind|19\/100\n|\n|-weather|RainDance|[upkeep]\n|-heal|p2a: Shamone-Strike|80\/100|[from] Grassy Terrain\n|upkeep\n|\n|t:|1699757701\n|switch|p1a: Arcanine|Arcanine-Hisui, L50, F|100\/100\n|-ability|p1a: Arcanine|Intimidate|boost\n|-unboost|p2a: Shamone-Strike|atk|1\n|-unboost|p2b: Blowin In The Wind|atk|1\n|turn|5\n|\n|t:|1699757715\n|move|p2a: Shamone-Strike|Surging Strikes|p1a: Arcanine\n|-supereffective|p1a: Arcanine\n|-crit|p1a: Arcanine\n|-damage|p1a: Arcanine|0 fnt\n|faint|p1a: Arcanine\n|-hitcount|p1: Arcanine|1\n|move|p2b: Blowin In The Wind|Bleakwind Storm|p1b: Landorus\n|-damage|p1b: Landorus|0 fnt\n|faint|p1b: Landorus\n|\n|win|ale cog\n|n|\u2606Aerdan|aerdan\n|n|\u2606ale cog|alecog\n|n| Radio Free C-Side|radiofreecside\n|n| Bright Size|brightsize\n|n| Heartsteel Sett|heartsteelsett\n|l| Radio Free C-Side\n|l|\u2606Aerdan\n|l| Bright Size\n|l| Heartsteel Sett\n|j| Cdogp\n|l| Cdogp\n","uploadtime":1699758861,"views":19,"p1id":"aerdan","p2id":"alecog","formatid":"gen9vgc2023regulatione","rating":0,"private":0,"password":""}