{"id":"gen9vgc2023regulatione-1989380363","p1":"lanlanc2","p2":"Xjay121","format":"[Gen 9] VGC 2023 Regulation E","log":"|j|\u2606lanlanc2\n|j|\u2606Xjay121\n|t:|1699842976\n|gametype|doubles\n|player|p1|lanlanc2|rosa|1238\n|player|p2|Xjay121|265|1335\n|teamsize|p1|6\n|teamsize|p2|6\n|gen|9\n|tier|[Gen 9] VGC 2023 Regulation E\n|rated|\n|rule|Species Clause: Limit one of each Pok\u00e9mon\n|rule|Item Clause: Limit one of each item\n|clearpoke\n|poke|p1|Chi-Yu, L50|\n|poke|p1|Flutter Mane, L50|\n|poke|p1|Arcanine-Hisui, L50, F|\n|poke|p1|Rillaboom, L50, F|\n|poke|p1|Urshifu-*, L50, M|\n|poke|p1|Tornadus, L50, M|\n|poke|p2|Ninetales-Alola, L50, F|\n|poke|p2|Goodra-Hisui, L50, F|\n|poke|p2|Indeedee-F, L50, F|\n|poke|p2|Urshifu-*, L50, M|\n|poke|p2|Armarouge, L50, M|\n|poke|p2|Vaporeon, L50, M|\n|teampreview|4\n|\n|t:|1699843015\n|start\n|switch|p1a: Chi-Yu|Chi-Yu, L50|100\/100\n|switch|p1b: Tornadus|Tornadus, L50, M|100\/100\n|switch|p2a: Urshifu|Urshifu, L50, M|100\/100\n|switch|p2b: Vaporeon|Vaporeon, L50, M|100\/100\n|-ability|p1a: Chi-Yu|Beads of Ruin\n|turn|1\n|\n|t:|1699843043\n|switch|p1a: Rillaboom|Rillaboom, L50, F|100\/100\n|-fieldstart|move: Grassy Terrain|[from] ability: Grassy Surge|[of] p1a: Rillaboom\n|move|p1b: Tornadus|Taunt|p2b: Vaporeon\n|-start|p2b: Vaporeon|move: Taunt\n|move|p2a: Urshifu|Wicked Blow|p1a: Rillaboom\n|-crit|p1a: Rillaboom\n|-damage|p1a: Rillaboom|3\/100\n|cant|p2b: Vaporeon|move: Taunt|Yawn\n|\n|-heal|p1a: Rillaboom|9\/100|[from] Grassy Terrain\n|upkeep\n|turn|2\n|\n|t:|1699843066\n|switch|p2b: Indeedee|Indeedee-F, L50, F|100\/100\n|-fieldstart|move: Psychic Terrain|[from] ability: Psychic Surge|[of] p2b: Indeedee\n|-enditem|p2b: Indeedee|Psychic Seed\n|-boost|p2b: Indeedee|spd|1|[from] item: Psychic Seed\n|move|p1b: Tornadus|Bleakwind Storm|p2a: Urshifu|[spread] p2a,p2b\n|-supereffective|p2a: Urshifu\n|-damage|p2a: Urshifu|5\/100\n|-damage|p2b: Indeedee|83\/100\n|-unboost|p2b: Indeedee|spe|1\n|move|p2a: Urshifu|Wicked Blow|p1b: Tornadus\n|-crit|p1b: Tornadus\n|-damage|p1b: Tornadus|0 fnt\n|faint|p1b: Tornadus\n|move|p1a: Rillaboom|U-turn|p2b: Indeedee\n|-supereffective|p2b: Indeedee\n|-damage|p2b: Indeedee|26\/100\n|\n|t:|1699843083\n|switch|p1a: Arcanine|Arcanine-Hisui, L50, F|100\/100|[from] U-turn\n|-ability|p1a: Arcanine|Intimidate|boost\n|-unboost|p2a: Urshifu|atk|1\n|-unboost|p2b: Indeedee|atk|1\n|\n|upkeep\n|\n|t:|1699843088\n|switch|p1b: Rillaboom|Rillaboom, L50, F|9\/100\n|-fieldstart|move: Grassy Terrain|[from] ability: Grassy Surge|[of] p1b: Rillaboom\n|turn|3\n|\n|t:|1699843100\n|switch|p2a: Goodra|Goodra-Hisui, L50, F|100\/100\n|move|p1a: Arcanine|Extreme Speed|p2a: Goodra\n|-resisted|p2a: Goodra\n|-damage|p2a: Goodra|83\/100\n|-damage|p1a: Arcanine|84\/100|[from] item: Rocky Helmet|[of] p2a: Goodra\n|move|p1b: Rillaboom|Grassy Glide|p2b: Indeedee\n|-crit|p2b: Indeedee\n|-damage|p2b: Indeedee|0 fnt\n|faint|p2b: Indeedee\n|\n|-heal|p1a: Arcanine|90\/100|[from] Grassy Terrain\n|-heal|p1b: Rillaboom|15\/100|[from] Grassy Terrain\n|-heal|p2a: Goodra|89\/100|[from] Grassy Terrain\n|upkeep\n|\n|t:|1699843115\n|switch|p2b: Vaporeon|Vaporeon, L50, M|100\/100\n|turn|4\n|\n|t:|1699843140\n|switch|p1a: Chi-Yu|Chi-Yu, L50|100\/100\n|-ability|p1a: Chi-Yu|Beads of Ruin\n|-terastallize|p2b: Vaporeon|Fire\n|move|p1b: Rillaboom|Wood Hammer|p2b: Vaporeon\n|-resisted|p2b: Vaporeon\n|-damage|p2b: Vaporeon|65\/100\n|-damage|p1b: Rillaboom|2\/100|[from] Recoil\n|move|p2b: Vaporeon|Muddy Water|p1a: Chi-Yu|[spread] p1a,p1b\n|-supereffective|p1a: Chi-Yu\n|-resisted|p1b: Rillaboom\n|-damage|p1a: Chi-Yu|25\/100\n|-damage|p1b: Rillaboom|0 fnt\n|faint|p1b: Rillaboom\n|move|p2a: Goodra|Shelter|p2a: Goodra\n|-boost|p2a: Goodra|def|2\n|\n|-heal|p1a: Chi-Yu|31\/100|[from] Grassy Terrain\n|-heal|p2b: Vaporeon|71\/100|[from] Grassy Terrain\n|-heal|p2b: Vaporeon|77\/100|[from] item: Leftovers\n|-heal|p2a: Goodra|95\/100|[from] Grassy Terrain\n|upkeep\n|\n|t:|1699843150\n|switch|p1b: Arcanine|Arcanine-Hisui, L50, F|90\/100\n|-ability|p1b: Arcanine|Intimidate|boost\n|-unboost|p2a: Goodra|atk|1\n|-unboost|p2b: Vaporeon|atk|1\n|turn|5\n|\n|t:|1699843165\n|move|p1a: Chi-Yu|Heat Wave|p2a: Goodra|[spread] p2a,p2b\n|-resisted|p2b: Vaporeon\n|-damage|p2a: Goodra|45\/100\n|-damage|p2b: Vaporeon|44\/100\n|move|p1b: Arcanine|Rock Slide|p2a: Goodra|[spread] p2a,p2b\n|-resisted|p2a: Goodra\n|-supereffective|p2b: Vaporeon\n|-damage|p2a: Goodra|36\/100\n|-damage|p2b: Vaporeon|0 fnt\n|faint|p2b: Vaporeon\n|move|p2a: Goodra|Shelter|p2a: Goodra\n|-boost|p2a: Goodra|def|2\n|\n|-heal|p1a: Chi-Yu|37\/100|[from] Grassy Terrain\n|-heal|p1b: Arcanine|96\/100|[from] Grassy Terrain\n|-heal|p2a: Goodra|42\/100|[from] Grassy Terrain\n|upkeep\n|\n|t:|1699843179\n|switch|p2b: Urshifu|Urshifu, L50, M|5\/100\n|turn|6\n|\n|t:|1699843194\n|move|p2b: Urshifu|Sucker Punch|p1a: Chi-Yu\n|-resisted|p1a: Chi-Yu\n|-damage|p1a: Chi-Yu|0 fnt\n|faint|p1a: Chi-Yu\n|move|p1b: Arcanine|Rock Slide|p2b: Urshifu|[spread] p2a,p2b\n|-resisted|p2a: Goodra\n|-resisted|p2b: Urshifu\n|-damage|p2a: Goodra|36\/100\n|-damage|p2b: Urshifu|0 fnt\n|faint|p2b: Urshifu\n|move|p2a: Goodra|Body Press|p1b: Arcanine\n|-supereffective|p1b: Arcanine\n|-damage|p1b: Arcanine|0 fnt\n|faint|p1b: Arcanine\n|\n|win|Xjay121\n|raw|lanlanc2's rating: 1238 &rarr; <strong>1220<\/strong><br \/>(-18 for losing)\n|raw|Xjay121's rating: 1335 &rarr; <strong>1350<\/strong><br \/>(+15 for winning)\n|l|\u2606lanlanc2\n","uploadtime":1699843208,"views":54,"p1id":"lanlanc2","p2id":"xjay121","formatid":"gen9vgc2023regulatione","rating":1220,"private":0,"password":""}