{"id":"gen9vgc2023regulatione-1992520918","p1":"BugCatcherJacobe","p2":"kidturtle","format":"[Gen 9] VGC 2023 Regulation E","log":"|j|\u2606BugCatcherJacobe\n|j|\u2606kidturtle\n|t:|1700198811\n|gametype|doubles\n|player|p1|BugCatcherJacobe|bugcatcher-gen4dp|\n|player|p2|kidturtle|hoopster|\n|teamsize|p1|6\n|teamsize|p2|6\n|gen|9\n|tier|[Gen 9] VGC 2023 Regulation E\n|rated|Tournament battle\n|rule|Species Clause: Limit one of each Pok\u00e9mon\n|rule|Item Clause: Limit one of each item\n|clearpoke\n|poke|p1|Flutter Mane, L50|\n|poke|p1|Vikavolt, L50, M|\n|poke|p1|Sinistcha, L50|\n|poke|p1|Tauros-Paldea-Blaze, L50, M|\n|poke|p1|Ogerpon-Wellspring, L50, F|\n|poke|p1|Corviknight, L50, F|\n|poke|p2|Ursaluna, L50, M|\n|poke|p2|Cresselia, L50, F|\n|poke|p2|Flutter Mane, L50|\n|poke|p2|Chi-Yu, L50|\n|poke|p2|Iron Hands, L50|\n|poke|p2|Urshifu-*, L50, M|\n|teampreview|4\n|showteam|p1|Flutter Mane||BoosterEnergy|Protosynthesis|Moonblast,Protect,Thunderbolt,IcyWind||||||50|,,,,,Fairy]Vikavolt||AssaultVest|Levitate|Thunderbolt,BugBuzz,VoltSwitch,TeraBlast|||M|||50|,,,,,Rock]Sinistcha||SitrusBerry|Hospitality|RagePowder,MatchaGotcha,TrickRoom,Hex||||||50|,,,,,Water]Tauros-Paldea-Blaze||MirrorHerb|Intimidate|WillOWisp,RagingBull,Protect,CloseCombat|||M|||50|,,,,,Fire]Ogerpon-Wellspring||WellspringMask|WaterAbsorb|IvyCudgel,HornLeech,FollowMe,SpikyShield|||F|||50|,,,,,Water]Corviknight||Leftovers|MirrorArmor|Tailwind,BraveBird,IronHead,Protect|||F|||50|,,,,,Dragon\n|showteam|p2|Ursaluna||FlameOrb|Guts|Facade,Earthquake,SwordsDance,Protect|||M|||50|,,,,,Ghost]Cresselia||MentalHerb|Levitate|IceBeam,AllySwitch,LunarBlessing,TrickRoom|||F|||50|,,,,,Fairy]Flutter Mane||BoosterEnergy|Protosynthesis|IcyWind,ShadowBall,Moonblast,Protect||||||50|,,,,,Fairy]Chi-Yu||ChoiceSpecs|BeadsofRuin|BurningJealousy,DarkPulse,Overheat,Snarl||||||50|,,,,,Ghost]Iron Hands||SitrusBerry|QuarkDrive|DrainPunch,WildCharge,FakeOut,SwordsDance||||||50|,,,,,Fire]Urshifu||FocusSash|UnseenFist|Detect,WickedBlow,CloseCombat,SuckerPunch|||M|||50|,,,,,Dark\n|inactive|Battle timer is ON: inactive players will automatically lose when time's up. (requested by BugCatcherJacobe)\n|inactive|BugCatcherJacobe has 60 seconds left.\n|j|%Radio Free C-Side\n|\n|t:|1700198869\n|start\n|switch|p1a: Vikavolt|Vikavolt, L50, M|100\/100\n|switch|p1b: Ogerpon|Ogerpon-Wellspring, L50, F|100\/100\n|switch|p2a: Flutter Mane|Flutter Mane, L50, shiny|100\/100\n|switch|p2b: Chi-Yu|Chi-Yu, L50|100\/100\n|-ability|p2b: Chi-Yu|Beads of Ruin\n|-enditem|p2a: Flutter Mane|Booster Energy\n|-activate|p2a: Flutter Mane|ability: Protosynthesis|[fromitem]\n|-start|p2a: Flutter Mane|protosynthesisspe\n|turn|1\n|j| KnighLt\n|j| Flarefox_7\n|inactive|BugCatcherJacobe has 30 seconds left.\n|inactive|BugCatcherJacobe has 20 seconds left.\n|inactive|BugCatcherJacobe has 15 seconds left.\n|\n|t:|1700198910\n|-terastallize|p1a: Vikavolt|Rock\n|move|p1b: Ogerpon|Follow Me|p1b: Ogerpon\n|-singleturn|p1b: Ogerpon|move: Follow Me\n|move|p2a: Flutter Mane|Moonblast|p1b: Ogerpon\n|-damage|p1b: Ogerpon|35\/100\n|move|p2b: Chi-Yu|Dark Pulse|p1b: Ogerpon\n|-damage|p1b: Ogerpon|0 fnt\n|faint|p1b: Ogerpon\n|move|p1a: Vikavolt|Tera Blast|p2b: Chi-Yu|[anim] Tera Blast Rock\n|-supereffective|p2b: Chi-Yu\n|-damage|p2b: Chi-Yu|0 fnt\n|faint|p2b: Chi-Yu\n|\n|upkeep\n|\n|t:|1700198926\n|switch|p2b: Cresselia|Cresselia, L50, F|100\/100\n|switch|p1b: Sinistcha|Sinistcha, L50|100\/100\n|turn|2\n|\n|t:|1700198942\n|move|p2a: Flutter Mane|Shadow Ball|p1b: Sinistcha\n|-supereffective|p1b: Sinistcha\n|-damage|p1b: Sinistcha|2\/100\n|-enditem|p1b: Sinistcha|Sitrus Berry|[eat]\n|-heal|p1b: Sinistcha|26\/100|[from] item: Sitrus Berry\n|move|p2b: Cresselia|Ice Beam|p1b: Sinistcha\n|-supereffective|p1b: Sinistcha\n|-damage|p1b: Sinistcha|0 fnt\n|faint|p1b: Sinistcha\n|move|p1a: Vikavolt|Thunderbolt|p2a: Flutter Mane\n|-damage|p2a: Flutter Mane|47\/100\n|\n|upkeep\n|\n|t:|1700198954\n|switch|p1b: Flutter Mane|Flutter Mane, L50|100\/100\n|-enditem|p1b: Flutter Mane|Booster Energy\n|-activate|p1b: Flutter Mane|ability: Protosynthesis|[fromitem]\n|-start|p1b: Flutter Mane|protosynthesisspe\n|turn|3\n|\n|t:|1700198976\n|-terastallize|p2b: Cresselia|Fairy\n|move|p1b: Flutter Mane|Protect|p1b: Flutter Mane\n|-singleturn|p1b: Flutter Mane|Protect\n|move|p2a: Flutter Mane|Shadow Ball|p1b: Flutter Mane\n|-activate|p1b: Flutter Mane|move: Protect\n|move|p2b: Cresselia|Lunar Blessing|p2b: Cresselia|[spread] p2a,p2b\n|-heal|p2a: Flutter Mane|71\/100\n|move|p1a: Vikavolt|Bug Buzz|p2b: Cresselia\n|-resisted|p2b: Cresselia\n|-crit|p2b: Cresselia\n|-damage|p2b: Cresselia|75\/100\n|\n|upkeep\n|turn|4\n|inactive|BugCatcherJacobe has 30 seconds left.\n|\n|t:|1700199010\n|move|p2a: Flutter Mane|Shadow Ball|p1b: Flutter Mane\n|-supereffective|p1b: Flutter Mane\n|-damage|p1b: Flutter Mane|14\/100\n|-unboost|p1b: Flutter Mane|spd|1\n|move|p1b: Flutter Mane|Thunderbolt|p2a: Flutter Mane\n|-damage|p2a: Flutter Mane|39\/100\n|move|p2b: Cresselia|Lunar Blessing|p2b: Cresselia|[spread] p2a,p2b\n|-heal|p2a: Flutter Mane|64\/100\n|-heal|p2b: Cresselia|99\/100\n|move|p1a: Vikavolt|Thunderbolt|p2a: Flutter Mane\n|-damage|p2a: Flutter Mane|0 fnt\n|faint|p2a: Flutter Mane\n|-end|p2a: Flutter Mane|Protosynthesis|[silent]\n|\n|upkeep\n|\n|t:|1700199014\n|switch|p2a: Ursaluna|Ursaluna, L50, M|100\/100\n|turn|5\n|inactive|BugCatcherJacobe has 30 seconds left.\n|\n|t:|1700199040\n|move|p1b: Flutter Mane|Moonblast|p2b: Cresselia\n|-damage|p2b: Cresselia|71\/100\n|move|p2b: Cresselia|Ice Beam|p1b: Flutter Mane\n|-damage|p1b: Flutter Mane|0 fnt\n|faint|p1b: Flutter Mane\n|-end|p1b: Flutter Mane|Protosynthesis|[silent]\n|move|p2a: Ursaluna|Swords Dance|p2a: Ursaluna\n|-boost|p2a: Ursaluna|atk|2\n|move|p1a: Vikavolt|Bug Buzz|p2a: Ursaluna\n|-damage|p2a: Ursaluna|50\/100\n|\n|-status|p2a: Ursaluna|brn|[from] item: Flame Orb\n|upkeep\n|turn|6\n|\n|t:|1700199057\n|move|p2a: Ursaluna|Protect|p2a: Ursaluna\n|-singleturn|p2a: Ursaluna|Protect\n|move|p2b: Cresselia|Lunar Blessing|p2b: Cresselia|[spread] p2a,p2b\n|-heal|p2a: Ursaluna|75\/100 brn\n|-curestatus|p2a: Ursaluna|brn|[msg]\n|-heal|p2b: Cresselia|97\/100\n|move|p1a: Vikavolt|Bug Buzz|p2a: Ursaluna\n|-activate|p2a: Ursaluna|move: Protect\n|\n|-status|p2a: Ursaluna|brn|[from] item: Flame Orb\n|upkeep\n|turn|7\n|\n|t:|1700199065\n|move|p2b: Cresselia|Ally Switch|p2b: Cresselia\n|swap|p2b: Cresselia|0|[from] move: Ally Switch\n|move|p2b: Ursaluna|Facade|p1a: Vikavolt\n|-resisted|p1a: Vikavolt\n|-damage|p1a: Vikavolt|0 fnt\n|faint|p1a: Vikavolt\n|\n|win|kidturtle\n|n|\u2606BugCatcherJacobe|bugcatcherjacobe\n|n|\u2606kidturtle|kidturtle\n|n| Radio Free C-Side|radiofreecside\n|n| KnighLt|knighlt\n|n| Flarefox_7|flarefox7\n","uploadtime":1700199071,"views":23,"p1id":"bugcatcherjacobe","p2id":"kidturtle","formatid":"gen9vgc2023regulatione","rating":0,"private":0,"password":""}