{"id":"gen9vgc2023regulatione-1988612123","p1":"Ganjux","p2":"kricketot marx","format":"[Gen 9] VGC 2023 Regulation E","log":"|j|\u2606Ganjux\n|j|\u2606kricketot marx\n|t:|1699741881\n|gametype|doubles\n|player|p1|Ganjux|1|1332\n|player|p2|kricketot marx|lyra-masters2|1397\n|teamsize|p1|6\n|teamsize|p2|6\n|gen|9\n|tier|[Gen 9] VGC 2023 Regulation E\n|rated|\n|rule|Species Clause: Limit one of each Pok\u00e9mon\n|rule|Item Clause: Limit one of each item\n|clearpoke\n|poke|p1|Roaring Moon, L50|\n|poke|p1|Chien-Pao, L50|\n|poke|p1|Amoonguss, L50, F|\n|poke|p1|Rillaboom, L50, M|\n|poke|p1|Arcanine-Hisui, L50, F|\n|poke|p1|Cresselia, L50, F|\n|poke|p2|Chien-Pao, L50|\n|poke|p2|Dragonite, L50, M|\n|poke|p2|Rillaboom, L50, M|\n|poke|p2|Heatran, L50, F|\n|poke|p2|Urshifu-*, L50, M|\n|poke|p2|Farigiraf, L50, M|\n|teampreview|4\nkricketot marx has agreed to open team sheets.\n|\n|t:|1699741920\n|start\n|switch|p1a: Roaring Moon|Roaring Moon, L50|100\/100\n|switch|p1b: Amoonguss|Amoonguss, L50, F|100\/100\n|switch|p2a: Dragonite|Dragonite, L50, M|100\/100\n|switch|p2b: Urshifu|Urshifu-Rapid-Strike, L50, M|100\/100\n|-enditem|p1a: Roaring Moon|Booster Energy\n|-activate|p1a: Roaring Moon|ability: Protosynthesis|[fromitem]\n|-start|p1a: Roaring Moon|protosynthesisspe\n|turn|1\n|\n|t:|1699741944\n|move|p1b: Amoonguss|Protect|p1b: Amoonguss\n|-singleturn|p1b: Amoonguss|Protect\n|move|p1a: Roaring Moon|Dragon Dance|p1a: Roaring Moon\n|-boost|p1a: Roaring Moon|atk|1\n|-boost|p1a: Roaring Moon|spe|1\n|move|p2b: Urshifu|U-turn|p1b: Amoonguss\n|-damage|p1b: Amoonguss|81\/100\n|\n|t:|1699741951\n|switch|p2b: Rillaboom|Rillaboom, L50, M|100\/100|[from] U-turn\n|-fieldstart|move: Grassy Terrain|[from] ability: Grassy Surge|[of] p2b: Rillaboom\n|move|p2a: Dragonite|Aerial Ace|p1b: Amoonguss\n|-activate|p1b: Amoonguss|move: Protect\n|\n|-heal|p1b: Amoonguss|86\/100|[from] Grassy Terrain\n|upkeep\n|turn|2\n|\n|t:|1699741977\n|switch|p1b: Arcanine|Arcanine-Hisui, L50, F|100\/100\n|-ability|p1b: Arcanine|Intimidate|boost\n|-fail|p2a: Dragonite|unboost|Attack|[from] ability: Inner Focus|[of] p2a: Dragonite\n|-unboost|p2b: Rillaboom|atk|1\n|move|p2b: Rillaboom|Fake Out|p1b: Arcanine\n|-resisted|p1b: Arcanine\n|-damage|p1b: Arcanine|96\/100\n|move|p1a: Roaring Moon|Acrobatics|p2b: Rillaboom\n|-supereffective|p2b: Rillaboom\n|-damage|p2b: Rillaboom|10\/100\n|move|p2a: Dragonite|Aerial Ace|p1b: Arcanine\n|-resisted|p1b: Arcanine\n|-damage|p1b: Arcanine|69\/100\n|\n|-heal|p1b: Arcanine|75\/100|[from] Grassy Terrain\n|-heal|p2b: Rillaboom|16\/100|[from] Grassy Terrain\n|upkeep\n|turn|3\n|\n|t:|1699742001\n|switch|p2a: Urshifu|Urshifu-Rapid-Strike, L50, M|100\/100\n|move|p1b: Arcanine|Extreme Speed|p2b: Rillaboom\n|-damage|p2b: Rillaboom|0 fnt\n|faint|p2b: Rillaboom\n|move|p1a: Roaring Moon|Knock Off|p2a: Urshifu\n|-resisted|p2a: Urshifu\n|-damage|p2a: Urshifu|64\/100\n|-enditem|p2a: Urshifu|Choice Scarf|[from] move: Knock Off|[of] p1a: Roaring Moon\n|\n|-heal|p2a: Urshifu|70\/100|[from] Grassy Terrain\n|-heal|p1b: Arcanine|81\/100|[from] Grassy Terrain\n|upkeep\n|\n|t:|1699742013\n|switch|p2b: Heatran|Heatran, L50, F|100\/100\n|turn|4\n|\n|t:|1699742051\n|-terastallize|p1b: Arcanine|Ground\n|-terastallize|p2b: Heatran|Fairy\n|move|p1a: Roaring Moon|Acrobatics|p2a: Urshifu\n|-supereffective|p2a: Urshifu\n|-damage|p2a: Urshifu|0 fnt\n|faint|p2a: Urshifu\n|move|p1b: Arcanine|Tera Blast|p2b: Heatran|[anim] Tera Blast Ground\n|-damage|p2b: Heatran|66\/100\n|move|p2b: Heatran|Tera Blast|p1a: Roaring Moon|[anim] Tera Blast Fairy\n|-supereffective|p1a: Roaring Moon\n|-damage|p1a: Roaring Moon|0 fnt\n|faint|p1a: Roaring Moon\n|-end|p1a: Roaring Moon|Protosynthesis|[silent]\n|\n|-heal|p1b: Arcanine|87\/100|[from] Grassy Terrain\n|-heal|p2b: Heatran|72\/100|[from] Grassy Terrain\n|upkeep\n|\n|t:|1699742067\n|switch|p1a: Amoonguss|Amoonguss, L50, F|100\/100\n|switch|p2a: Dragonite|Dragonite, L50, M|100\/100\n|turn|5\n|\n|t:|1699742086\n|move|p1b: Arcanine|Rock Slide|p2a: Dragonite|[spread] p2a,p2b\n|-supereffective|p2a: Dragonite\n|-damage|p2a: Dragonite|45\/100\n|-damage|p2b: Heatran|49\/100\n|move|p2a: Dragonite|Aerial Ace|p1a: Amoonguss\n|-supereffective|p1a: Amoonguss\n|-damage|p1a: Amoonguss|21\/100\n|-enditem|p1a: Amoonguss|Sitrus Berry|[eat]\n|-heal|p1a: Amoonguss|46\/100|[from] item: Sitrus Berry\n|move|p2b: Heatran|Heat Wave|p1b: Arcanine|[spread] p1a,p1b\n|-supereffective|p1a: Amoonguss\n|-damage|p1a: Amoonguss|0 fnt\n|-damage|p1b: Arcanine|60\/100\n|faint|p1a: Amoonguss\n|\n|-heal|p1b: Arcanine|66\/100|[from] Grassy Terrain\n|-heal|p2b: Heatran|55\/100|[from] Grassy Terrain\n|-fieldend|move: Grassy Terrain\n|upkeep\n|\n|t:|1699742100\n|switch|p1a: Chien-Pao|Chien-Pao, L50|100\/100\n|-ability|p1a: Chien-Pao|Sword of Ruin\n|turn|6\n|\n|t:|1699742110\n|move|p1a: Chien-Pao|Icicle Crash|p2a: Dragonite|[miss]\n|-miss|p1a: Chien-Pao|p2a: Dragonite\n|move|p1b: Arcanine|Rock Slide|p2b: Heatran|[spread] p2a,p2b\n|-supereffective|p2a: Dragonite\n|-damage|p2a: Dragonite|0 fnt\n|-damage|p2b: Heatran|25\/100\n|faint|p2a: Dragonite\n|move|p2b: Heatran|Heat Wave|p1b: Arcanine|[spread] p1a\n|-miss|p2b: Heatran|p1b: Arcanine\n|-supereffective|p1a: Chien-Pao\n|-enditem|p1a: Chien-Pao|Focus Sash\n|-damage|p1a: Chien-Pao|1\/100\n|\n|upkeep\n|turn|7\n|\n|t:|1699742127\n|move|p1b: Arcanine|Extreme Speed|p2b: Heatran\n|-damage|p2b: Heatran|0 fnt\n|faint|p2b: Heatran\n|\n|win|Ganjux\n|raw|Ganjux's rating: 1332 &rarr; <strong>1356<\/strong><br \/>(+24 for winning)\n|raw|kricketot marx's rating: 1397 &rarr; <strong>1373<\/strong><br \/>(-24 for losing)\n","uploadtime":1699742131,"views":10,"p1id":"ganjux","p2id":"kricketotmarx","formatid":"gen9vgc2023regulatione","rating":1356,"private":0,"password":""}