{"id":"gen9vgc2023regulatione-1999129687","p1":"KGBAGENT64","p2":"bigbranonbampus","format":"[Gen 9] VGC 2023 Regulation E","log":"|j|\u2606KGBAGENT64\n|j|\u2606bigbranonbampus\n|t:|1701036333\n|gametype|doubles\n|player|p1|KGBAGENT64|veteran|1137\n|player|p2|bigbranonbampus|hiker|1104\n|teamsize|p1|6\n|teamsize|p2|6\n|gen|9\n|tier|[Gen 9] VGC 2023 Regulation E\n|rated|\n|rule|Species Clause: Limit one of each Pok\u00e9mon\n|rule|Item Clause: Limit one of each item\n|clearpoke\n|poke|p1|Annihilape, L50, M|\n|poke|p1|Maushold, L50|\n|poke|p1|Kommo-o, L50, F|\n|poke|p1|Sinistcha-Masterpiece, L50|\n|poke|p1|Ogerpon-Wellspring, L50, F|\n|poke|p1|Arcanine-Hisui, L50, M|\n|poke|p2|Urshifu-*, L50, M|\n|poke|p2|Arcanine-Hisui, L50, F|\n|poke|p2|Iron Hands, L50|\n|poke|p2|Amoonguss, L50, F|\n|poke|p2|Chien-Pao, L50|\n|poke|p2|Kingambit, L50, F|\n|teampreview|4\n|inactive|Battle timer is ON: inactive players will automatically lose when time's up. (requested by bigbranonbampus)\n|inactive|bigbranonbampus has 60 seconds left.\n|\n|t:|1701036364\n|start\n|switch|p1a: Annihilape|Annihilape, L50, M|100\/100\n|switch|p1b: Maushold|Maushold, L50|100\/100\n|switch|p2a: Iron Hands|Iron Hands, L50|100\/100\n|switch|p2b: Kingambit|Kingambit, L50, F|100\/100\n|turn|1\n|\n|t:|1701036385\n|-terastallize|p1a: Annihilape|Steel\n|move|p2a: Iron Hands|Fake Out|p1b: Maushold\n|-crit|p1b: Maushold\n|-damage|p1b: Maushold|69\/100\n|cant|p1b: Maushold|flinch\n|move|p1a: Annihilape|Bulk Up|p1a: Annihilape\n|-boost|p1a: Annihilape|atk|1\n|-boost|p1a: Annihilape|def|1\n|move|p2b: Kingambit|Shadow Claw|p1a: Annihilape\n|-damage|p1a: Annihilape|86\/100\n|\n|-heal|p1a: Annihilape|92\/100|[from] item: Leftovers\n|upkeep\n|turn|2\n|inactive|bigbranonbampus has 30 seconds left.\n|\n|t:|1701036411\n|move|p1b: Maushold|Beat Up|p1a: Annihilape\n|-damage|p1a: Annihilape|90\/100\n|-damage|p1a: Annihilape|89\/100\n|-damage|p1a: Annihilape|87\/100\n|-damage|p1a: Annihilape|86\/100\n|-hitcount|p1a: Annihilape|4\n|move|p1a: Annihilape|Drain Punch|p2b: Kingambit\n|-supereffective|p2b: Kingambit\n|-damage|p2b: Kingambit|0 fnt\n|-heal|p1a: Annihilape|100\/100|[from] drain|[of] p2b: Kingambit\n|faint|p2b: Kingambit\n|move|p2a: Iron Hands|Drain Punch|p1a: Annihilape\n|-supereffective|p1a: Annihilape\n|-damage|p1a: Annihilape|59\/100\n|\n|-heal|p1a: Annihilape|65\/100|[from] item: Leftovers\n|upkeep\n|\n|t:|1701036426\n|switch|p2b: Urshifu|Urshifu-Rapid-Strike, L50, M|100\/100\n|turn|3\n|\n|t:|1701036433\n|move|p1b: Maushold|Follow Me|p1b: Maushold\n|-singleturn|p1b: Maushold|move: Follow Me\n|move|p2b: Urshifu|Close Combat|p1b: Maushold\n|-supereffective|p1b: Maushold\n|-damage|p1b: Maushold|0 fnt\n|-unboost|p2b: Urshifu|def|1\n|-unboost|p2b: Urshifu|spd|1\n|faint|p1b: Maushold\n|move|p1a: Annihilape|Rage Fist|p2b: Urshifu\n|-damage|p2b: Urshifu|0 fnt\n|faint|p2b: Urshifu\n|move|p2a: Iron Hands|Drain Punch|p1a: Annihilape\n|-supereffective|p1a: Annihilape\n|-damage|p1a: Annihilape|8\/100\n|\n|-heal|p1a: Annihilape|14\/100|[from] item: Leftovers\n|upkeep\n|\n|t:|1701036446\n|switch|p1b: Sinistcha|Sinistcha-Masterpiece, L50|100\/100\n|switch|p2b: Chien-Pao|Chien-Pao, L50|100\/100\n|-ability|p2b: Chien-Pao|Sword of Ruin\n|-heal|p1a: Annihilape|39\/100|[from] ability: Hospitality|[of] p1b: Sinistcha\n|turn|4\n|\n|t:|1701036467\n|move|p1a: Annihilape|Protect|p1a: Annihilape\n|-singleturn|p1a: Annihilape|Protect\n|move|p2b: Chien-Pao|Icicle Crash|p1b: Sinistcha\n|-supereffective|p1b: Sinistcha\n|-damage|p1b: Sinistcha|0 fnt\n|faint|p1b: Sinistcha\n|-damage|p2b: Chien-Pao|91\/100|[from] item: Life Orb\n|move|p2a: Iron Hands|Drain Punch|p1a: Annihilape\n|-activate|p1a: Annihilape|move: Protect\n|\n|-heal|p1a: Annihilape|45\/100|[from] item: Leftovers\n|upkeep\n|\n|t:|1701036478\n|switch|p1b: Arcanine|Arcanine-Hisui, L50, M|100\/100\n|-ability|p1b: Arcanine|Intimidate|boost\n|-unboost|p2a: Iron Hands|atk|1\n|-unboost|p2b: Chien-Pao|atk|1\n|turn|5\n|\n|t:|1701036500\n|-terastallize|p2b: Chien-Pao|Ghost\n|move|p2b: Chien-Pao|Icicle Crash|p1a: Annihilape\n|-resisted|p1a: Annihilape\n|-damage|p1a: Annihilape|30\/100\n|-damage|p2b: Chien-Pao|81\/100|[from] item: Life Orb\n|move|p1b: Arcanine|Flare Blitz|p2b: Chien-Pao\n|-damage|p2b: Chien-Pao|0 fnt\n|faint|p2b: Chien-Pao\n|-damage|p1b: Arcanine|76\/100|[from] Recoil\n|cant|p1a: Annihilape|flinch\n|move|p2a: Iron Hands|Drain Punch|p1a: Annihilape\n|-supereffective|p1a: Annihilape\n|-damage|p1a: Annihilape|0 fnt\n|faint|p1a: Annihilape\n|\n|upkeep\n|turn|6\n|\n|t:|1701036520\n|move|p1b: Arcanine|Flare Blitz|p2a: Iron Hands\n|-damage|p2a: Iron Hands|44\/100\n|-damage|p1b: Arcanine|48\/100|[from] Recoil\n|move|p2a: Iron Hands|Drain Punch|p1b: Arcanine\n|-supereffective|p1b: Arcanine\n|-damage|p1b: Arcanine|0 fnt\n|-heal|p2a: Iron Hands|60\/100|[from] drain|[of] p1b: Arcanine\n|faint|p1b: Arcanine\n|\n|win|bigbranonbampus\n|raw|KGBAGENT64's rating: 1137 &rarr; <strong>1110<\/strong><br \/>(-27 for losing)\n|raw|bigbranonbampus's rating: 1104 &rarr; <strong>1131<\/strong><br \/>(+27 for winning)\n|l|\u2606KGBAGENT64\n","uploadtime":1701036542,"views":9,"p1id":"kgbagent64","p2id":"bigbranonbampus","formatid":"gen9vgc2023regulatione","rating":1110,"private":0,"password":""}