{"id":"gen9vgc2023regulatione-1991260726","p1":"Ningolland","p2":"334yopf","format":"[Gen 9] VGC 2023 Regulation E","log":"|j|\u2606Ningolland\n|j|\u2606334yopf\n|t:|1700062188\n|gametype|doubles\n|player|p1|Ningolland|fisherman-gen4|1074\n|player|p2|334yopf|102|1079\n|teamsize|p1|6\n|teamsize|p2|6\n|gen|9\n|tier|[Gen 9] VGC 2023 Regulation E\n|rated|\n|rule|Species Clause: Limit one of each Pok\u00e9mon\n|rule|Item Clause: Limit one of each item\n|clearpoke\n|poke|p1|Wugtrio, L50, M|\n|poke|p1|Annihilape, L50, M|\n|poke|p1|Chien-Pao, L50|\n|poke|p1|Ogerpon-Wellspring, L50, F|\n|poke|p1|Sinistcha, L50|\n|poke|p1|Jumpluff, L50, F|\n|poke|p2|Snorlax, L50, M|\n|poke|p2|Ogerpon-Hearthflame, L50, F|\n|poke|p2|Urshifu-*, L50, F|\n|poke|p2|Squawkabilly-Yellow, L50, F|\n|poke|p2|Cresselia, L50, F|\n|poke|p2|Chi-Yu, L50|\n|teampreview|4\n|\n|t:|1700062225\n|start\n|switch|p1a: Wugtrio|Wugtrio, L50, M, shiny|100\/100\n|switch|p1b: Annihilape|Annihilape, L50, M|100\/100\n|switch|p2a: pain|Squawkabilly-Yellow, L50, F|100\/100\n|switch|p2b: Ogerpon|Ogerpon-Hearthflame, L50, F|100\/100\n|-ability|p2b: Ogerpon|Mold Breaker\n|-ability|p2a: pain|Intimidate|boost\n|-unboost|p1a: Wugtrio|atk|1\n|-unboost|p1b: Annihilape|atk|1\n|-ability|p1b: Annihilape|Defiant|boost\n|-boost|p1b: Annihilape|atk|2\n|turn|1\n|\n|t:|1700062249\n|move|p1a: Wugtrio|Triple Dive|p2b: Ogerpon\n|-damage|p2b: Ogerpon|89\/100\n|-damage|p2b: Ogerpon|75\/100\n|-damage|p2b: Ogerpon|63\/100\n|-hitcount|p2b: Ogerpon|3\n|move|p2b: Ogerpon|Ivy Cudgel|p1b: Annihilape|[anim] Ivy Cudgel Fire\n|-crit|p1b: Annihilape\n|-damage|p1b: Annihilape|16\/100\n|move|p2a: pain|Tailwind|p2a: pain\n|-sidestart|p2: 334yopf|move: Tailwind\n|move|p1b: Annihilape|Drain Punch|p2b: Ogerpon\n|-damage|p2b: Ogerpon|0 fnt\n|-heal|p1b: Annihilape|39\/100|[from] drain|[of] p2b: Ogerpon\n|faint|p2b: Ogerpon\n|-heal|p1b: Annihilape|44\/100|[from] item: Shell Bell|[of] p2: Ogerpon\n|\n|upkeep\n|\n|t:|1700062265\n|switch|p2b: Urshifu|Urshifu-Rapid-Strike, L50, F|100\/100\n|turn|2\n|\n|t:|1700062281\n|move|p1b: Annihilape|Protect|p1b: Annihilape\n|-singleturn|p1b: Annihilape|Protect\n|move|p2b: Urshifu|Surging Strikes|p1b: Annihilape\n|-crit|p1b: Annihilape\n|-damage|p1b: Annihilape|19\/100\n|-crit|p1b: Annihilape\n|-damage|p1b: Annihilape|0 fnt\n|faint|p1b: Annihilape\n|-hitcount|p1: Annihilape|2\n|-damage|p2b: Urshifu|91\/100|[from] item: Life Orb\n|move|p2a: pain|Final Gambit|p1a: Wugtrio\n|-damage|p1a: Wugtrio|0 fnt\n|faint|p2a: pain\n|faint|p1a: Wugtrio\n|\n|upkeep\n|\n|t:|1700062296\n|switch|p1a: Ogerpon|Ogerpon-Wellspring, L50, F|100\/100\n|switch|p2a: Snorlax|Snorlax, L50, M|100\/100\n|switch|p1b: Jumpluff|Jumpluff, L50, F|100\/100\n|turn|3\n|\n|t:|1700062330\n|-terastallize|p2a: Snorlax|Dragon\n|move|p2b: Urshifu|Close Combat|p1a: Ogerpon\n|-damage|p1a: Ogerpon|11\/100\n|-unboost|p2b: Urshifu|def|1\n|-unboost|p2b: Urshifu|spd|1\n|-damage|p2b: Urshifu|81\/100|[from] item: Life Orb\n|move|p1b: Jumpluff|Pollen Puff|p1a: Ogerpon\n|-heal|p1a: Ogerpon|61\/100\n|move|p1a: Ogerpon|Horn Leech|p2b: Urshifu\n|-supereffective|p2b: Urshifu\n|-damage|p2b: Urshifu|0 fnt\n|-heal|p1a: Ogerpon|100\/100|[from] drain|[of] p2b: Urshifu\n|faint|p2b: Urshifu\n|move|p2a: Snorlax|Outrage|p1b: Jumpluff\n|-damage|p1b: Jumpluff|33\/100\n|-damage|p2a: Snorlax|84\/100|[from] item: Rocky Helmet|[of] p1b: Jumpluff\n|\n|upkeep\n|turn|4\n|\n|t:|1700062368\n|move|p1a: Ogerpon|Spiky Shield|p1a: Ogerpon\n|-singleturn|p1a: Ogerpon|move: Protect\n|move|p1b: Jumpluff|Tailwind|p1b: Jumpluff\n|-sidestart|p1: Ningolland|move: Tailwind\n|move|p2a: Snorlax|Outrage|p1b: Jumpluff|[from]lockedmove\n|-damage|p1b: Jumpluff|0 fnt\n|-damage|p2a: Snorlax|67\/100|[from] item: Rocky Helmet|[of] p1b: Jumpluff\n|faint|p1b: Jumpluff\n|\n|-sideend|p2: 334yopf|move: Tailwind\n|upkeep\n|turn|5\n|\n|t:|1700062381\n|-terastallize|p1a: Ogerpon|Water\n|detailschange|p1a: Ogerpon|Ogerpon-Wellspring-Tera, L50, F, tera:Water\n|-ability|p1a: Ogerpon|Embody Aspect (Wellspring)|boost\n|-boost|p1a: Ogerpon|spd|1\n|move|p1a: Ogerpon|Ivy Cudgel|p2a: Snorlax|[anim] Ivy Cudgel Water\n|-resisted|p2a: Snorlax\n|-damage|p2a: Snorlax|29\/100\n|-enditem|p2a: Snorlax|Aguav Berry|[eat]\n|-heal|p2a: Snorlax|62\/100|[from] item: Aguav Berry\n|move|p2a: Snorlax|Outrage|p1a: Ogerpon|[from]lockedmove\n|-damage|p1a: Ogerpon|31\/100\n|-start|p2a: Snorlax|confusion|[fatigue]\n|\n|upkeep\n|turn|6\n|\n|t:|1700062398\n|move|p1a: Ogerpon|Ivy Cudgel|p2a: Snorlax|[anim] Ivy Cudgel Water\n|-resisted|p2a: Snorlax\n|-damage|p2a: Snorlax|27\/100\n|-activate|p2a: Snorlax|confusion\n|move|p2a: Snorlax|Double-Edge|p1a: Ogerpon\n|-damage|p1a: Ogerpon|0 fnt\n|faint|p1a: Ogerpon\n|-damage|p2a: Snorlax|21\/100|[from] Recoil\n|\n|win|334yopf\n|raw|Ningolland's rating: 1074 &rarr; <strong>1053<\/strong><br \/>(-21 for losing)\n|raw|334yopf's rating: 1079 &rarr; <strong>1107<\/strong><br \/>(+28 for winning)\n|c|\u2606334yopf|gg\n|l|\u2606Ningolland\n","uploadtime":1700062418,"views":11,"p1id":"ningolland","p2id":"334yopf","formatid":"gen9vgc2023regulatione","rating":1053,"private":0,"password":""}