{"id":"gen9vgc2023regulatione-1998316438","p1":"Justyoujustyou","p2":"superseriousboi","format":"[Gen 9] VGC 2023 Regulation E","log":"|j|\u2606Justyoujustyou\n|j|\u2606superseriousboi\n|t:|1700928592\n|gametype|doubles\n|player|p1|Justyoujustyou|170|1125\n|player|p2|superseriousboi|drayden|1227\n|teamsize|p1|6\n|teamsize|p2|6\n|gen|9\n|tier|[Gen 9] VGC 2023 Regulation E\n|rated|\n|rule|Species Clause: Limit one of each Pok\u00e9mon\n|rule|Item Clause: Limit one of each item\n|clearpoke\n|poke|p1|Flutter Mane, L50|\n|poke|p1|Iron Hands, L50|\n|poke|p1|Roaring Moon, L50|\n|poke|p1|Gholdengo, L50|\n|poke|p1|Landorus-Therian, L50, M|\n|poke|p1|Urshifu-*, L50, F|\n|poke|p2|Ogerpon-Wellspring, L50, F|\n|poke|p2|Landorus-Therian, L50, M|\n|poke|p2|Heatran, L50, M|\n|poke|p2|Iron Hands, L50|\n|poke|p2|Kingambit, L50, M|\n|poke|p2|Flutter Mane, L50|\n|teampreview|4\nJustyoujustyou has agreed to open team sheets.\n|\n|t:|1700928630\n|start\n|switch|p1a: Landorus|Landorus-Therian, L50, M|100\/100\n|switch|p1b: Iron Hands|Iron Hands, L50|100\/100\n|switch|p2a: Kingambit|Kingambit, L50, M|100\/100\n|switch|p2b: Heatran|Heatran, L50, M|100\/100\n|-ability|p1a: Landorus|Intimidate|boost\n|-unboost|p2a: Kingambit|atk|1\n|-ability|p2a: Kingambit|Defiant|boost\n|-boost|p2a: Kingambit|atk|2\n|-unboost|p2b: Heatran|atk|1\n|turn|1\n|inactive|Battle timer is ON: inactive players will automatically lose when time's up. (requested by superseriousboi)\n|\n|t:|1700928664\n|switch|p2b: Landorus|Landorus-Therian, L50, M|100\/100\n|-ability|p2b: Landorus|Intimidate|boost\n|-unboost|p1a: Landorus|atk|1\n|-unboost|p1b: Iron Hands|atk|1\n|move|p2a: Kingambit|Protect|p2a: Kingambit\n|-singleturn|p2a: Kingambit|Protect\n|move|p1a: Landorus|Stomping Tantrum|p2b: Landorus\n|-immune|p2b: Landorus\n|move|p1b: Iron Hands|Drain Punch|p2a: Kingambit\n|-activate|p2a: Kingambit|move: Protect\n|\n|upkeep\n|turn|2\n|inactive|superseriousboi has 30 seconds left.\n|inactive|superseriousboi has 20 seconds left.\n|\n|t:|1700928703\n|switch|p1a: Flutter Mane|Flutter Mane, L50|100\/100\n|-terastallize|p1b: Iron Hands|Flying\n|-terastallize|p2a: Kingambit|Ghost\n|move|p2a: Kingambit|Sucker Punch||[still]\n|-fail|p2a: Kingambit\n|move|p2b: Landorus|Stomping Tantrum|p1b: Iron Hands\n|-immune|p1b: Iron Hands\n|move|p1b: Iron Hands|Drain Punch|p2a: Kingambit\n|-immune|p2a: Kingambit\n|\n|upkeep\n|turn|3\n|inactive|superseriousboi has 30 seconds left.\n|\n|t:|1700928729\n|switch|p2b: Heatran|Heatran, L50, M|100\/100\n|-end|p1b: Iron Hands|Quark Drive|[silent]\n|switch|p1b: Landorus|Landorus-Therian, L50, M|100\/100\n|-ability|p1b: Landorus|Intimidate|boost\n|-unboost|p2a: Kingambit|atk|1\n|-ability|p2a: Kingambit|Defiant|boost\n|-boost|p2a: Kingambit|atk|2\n|-unboost|p2b: Heatran|atk|1\n|move|p2a: Kingambit|Protect|p2a: Kingambit\n|-singleturn|p2a: Kingambit|Protect\n|move|p1a: Flutter Mane|Shadow Ball|p2a: Kingambit\n|-activate|p2a: Kingambit|move: Protect\n|\n|upkeep\n|turn|4\n|inactive|superseriousboi has 30 seconds left.\n|\n|t:|1700928758\n|-end|p1a: Flutter Mane|Protosynthesis|[silent]\n|switch|p1a: Iron Hands|Iron Hands, L50, tera:Flying|100\/100\n|move|p2a: Kingambit|Sucker Punch|p1b: Landorus\n|-damage|p1b: Landorus|0 fnt\n|faint|p1b: Landorus\n|move|p2b: Heatran|Flash Cannon|p1a: Iron Hands\n|-damage|p1a: Iron Hands|77\/100\n|-damage|p2b: Heatran|91\/100|[from] item: Life Orb\n|\n|upkeep\n|\n|t:|1700928767\n|switch|p1b: Urshifu|Urshifu-Rapid-Strike, L50, F|100\/100\n|turn|5\n|inactive|superseriousboi has 30 seconds left.\n|\n|t:|1700928792\n|move|p1a: Iron Hands|Fake Out|p2b: Heatran\n|-resisted|p2b: Heatran\n|-damage|p2b: Heatran|85\/100\n|move|p1b: Urshifu|Surging Strikes|p2a: Kingambit\n|-crit|p2a: Kingambit\n|-damage|p2a: Kingambit|79\/100\n|-crit|p2a: Kingambit\n|-damage|p2a: Kingambit|58\/100\n|-crit|p2a: Kingambit\n|-damage|p2a: Kingambit|38\/100\n|-hitcount|p2a: Kingambit|3\n|cant|p2b: Heatran|flinch\n|move|p2a: Kingambit|Kowtow Cleave|p1a: Iron Hands\n|-damage|p1a: Iron Hands|0 fnt\n|faint|p1a: Iron Hands\n|-end|p1a: Iron Hands|Quark Drive|[silent]\n|\n|upkeep\n|\n|t:|1700928806\n|switch|p1a: Flutter Mane|Flutter Mane, L50|100\/100\n|turn|6\n|inactive|superseriousboi has 30 seconds left.\n|inactive|superseriousboi has 20 seconds left.\n|\n|t:|1700928841\n|move|p2a: Kingambit|Sucker Punch|p1b: Urshifu\n|-resisted|p1b: Urshifu\n|-damage|p1b: Urshifu|55\/100\n|move|p1a: Flutter Mane|Dazzling Gleam|p2a: Kingambit|[spread] p2a,p2b\n|-resisted|p2b: Heatran\n|-damage|p2a: Kingambit|0 fnt\n|-damage|p2b: Heatran|77\/100\n|faint|p2a: Kingambit\n|move|p1b: Urshifu|Surging Strikes|p2b: Heatran\n|-supereffective|p2b: Heatran\n|-crit|p2b: Heatran\n|-damage|p2b: Heatran|34\/100\n|-supereffective|p2b: Heatran\n|-crit|p2b: Heatran\n|-damage|p2b: Heatran|0 fnt\n|faint|p2b: Heatran\n|-hitcount|p2: Heatran|2\n|\n|upkeep\n|\n|t:|1700928857\n|switch|p2b: Flutter Mane|Flutter Mane, L50|100\/100\n|switch|p2a: Landorus|Landorus-Therian, L50, M|100\/100\n|-ability|p2a: Landorus|Intimidate|boost\n|-unboost|p1a: Flutter Mane|atk|1\n|-unboost|p1b: Urshifu|atk|1\n|turn|7\n|\n|t:|1700928878\n|move|p2a: Landorus|Stomping Tantrum|p1a: Flutter Mane\n|-damage|p1a: Flutter Mane|41\/100\n|move|p1a: Flutter Mane|Dazzling Gleam|p2a: Landorus|[spread] p2a,p2b\n|-damage|p2a: Landorus|51\/100\n|-damage|p2b: Flutter Mane|57\/100\n|move|p2b: Flutter Mane|Moonblast|p1b: Urshifu\n|-supereffective|p1b: Urshifu\n|-damage|p1b: Urshifu|0 fnt\n|faint|p1b: Urshifu\n|\n|upkeep\n|turn|8\n|\n|t:|1700928897\n|move|p2a: Landorus|Stomping Tantrum|p1a: Flutter Mane\n|-damage|p1a: Flutter Mane|0 fnt\n|faint|p1a: Flutter Mane\n|-end|p1a: Flutter Mane|Protosynthesis|[silent]\n|\n|win|superseriousboi\n|raw|Justyoujustyou's rating: 1125 &rarr; <strong>1107<\/strong><br \/>(-18 for losing)\n|raw|superseriousboi's rating: 1227 &rarr; <strong>1245<\/strong><br \/>(+18 for winning)\n|l|\u2606Justyoujustyou\n","uploadtime":1700928903,"views":3,"p1id":"justyoujustyou","p2id":"superseriousboi","formatid":"gen9vgc2023regulatione","rating":1107,"private":0,"password":""}