{"id":"gen9vgc2023regulatione-1988773545","p1":"ultrabide","p2":"Vengeful potato","format":"[Gen 9] VGC 2023 Regulation E","log":"|j|\u2606ultrabide\n|j|\u2606Vengeful potato\n|t:|1699761294\n|gametype|doubles\n|player|p1|ultrabide|brock|1574\n|player|p2|Vengeful potato|swimmer|1591\n|teamsize|p1|6\n|teamsize|p2|6\n|gen|9\n|tier|[Gen 9] VGC 2023 Regulation E\n|rated|\n|rule|Species Clause: Limit one of each Pok\u00e9mon\n|rule|Item Clause: Limit one of each item\n|clearpoke\n|poke|p1|Annihilape, L50, M|\n|poke|p1|Rillaboom, L50, F|\n|poke|p1|Sinistcha, L50|\n|poke|p1|Grimmsnarl, L50, M|\n|poke|p1|Breloom, L50, F|\n|poke|p1|Iron Bundle, L50|\n|poke|p2|Articuno-Galar, L50|\n|poke|p2|Maushold, L50|\n|poke|p2|Urshifu-*, L50, F|\n|poke|p2|Sinistcha-Masterpiece, L50|\n|poke|p2|Heatran, L50, F|\n|poke|p2|Regidrago, L50|\n|teampreview|4\n|j| pepperrefrigerator\n|inactive|Battle timer is ON: inactive players will automatically lose when time's up. (requested by ultrabide)\n|l| pepperrefrigerator\n|inactive|Vengeful potato has 60 seconds left.\n|\n|t:|1699761346\n|start\n|switch|p1a: Iron Bundle|Iron Bundle, L50|100\/100\n|switch|p1b: Breloom|Breloom, L50, F|100\/100\n|switch|p2a: The Rizzler\ud83d\ude31\ud83d\udcaf\ud83d\udde3\ufe0f|Articuno-Galar, L50, shiny|100\/100\n|switch|p2b: Despereaux|Maushold, L50, shiny|100\/100\n|-enditem|p1a: Iron Bundle|Booster Energy\n|-activate|p1a: Iron Bundle|ability: Quark Drive|[fromitem]\n|-start|p1a: Iron Bundle|quarkdrivespe\n|turn|1\n|\n|t:|1699761369\n|move|p2b: Despereaux|Follow Me|p2b: Despereaux\n|-singleturn|p2b: Despereaux|move: Follow Me\n|move|p1a: Iron Bundle|Icy Wind|p2b: Despereaux|[spread] p2b\n|-miss|p1a: Iron Bundle|p2a: The Rizzler\ud83d\ude31\ud83d\udcaf\ud83d\udde3\ufe0f\n|-damage|p2b: Despereaux|79\/100\n|-unboost|p2b: Despereaux|spe|1\n|move|p1b: Breloom|Spore|p2b: Despereaux\n|-status|p2b: Despereaux|slp|[from] move: Spore\n|move|p2a: The Rizzler\ud83d\ude31\ud83d\udcaf\ud83d\udde3\ufe0f|Air Slash|p1b: Breloom\n|-supereffective|p1b: Breloom\n|-damage|p1b: Breloom|0 fnt\n|faint|p1b: Breloom\n|\n|upkeep\n|\n|t:|1699761381\n|switch|p1b: Annihilape|Annihilape, L50, M|100\/100\n|turn|2\n|\n|t:|1699761400\n|-terastallize|p1b: Annihilape|Fire\n|move|p1a: Iron Bundle|Freeze-Dry|p2a: The Rizzler\ud83d\ude31\ud83d\udcaf\ud83d\udde3\ufe0f\n|-supereffective|p2a: The Rizzler\ud83d\ude31\ud83d\udcaf\ud83d\udde3\ufe0f\n|-damage|p2a: The Rizzler\ud83d\ude31\ud83d\udcaf\ud83d\udde3\ufe0f|59\/100\n|move|p1b: Annihilape|Bulk Up|p1b: Annihilape\n|-boost|p1b: Annihilape|atk|1\n|-boost|p1b: Annihilape|def|1\n|cant|p2b: Despereaux|slp\n|move|p2a: The Rizzler\ud83d\ude31\ud83d\udcaf\ud83d\udde3\ufe0f|Trick Room|p2a: The Rizzler\ud83d\ude31\ud83d\udcaf\ud83d\udde3\ufe0f\n|-fieldstart|move: Trick Room|[of] p2a: The Rizzler\ud83d\ude31\ud83d\udcaf\ud83d\udde3\ufe0f\n|\n|upkeep\n|turn|3\n|\n|t:|1699761415\n|-end|p1a: Iron Bundle|Quark Drive|[silent]\n|switch|p1a: Sinistcha|Sinistcha, L50|100\/100\n|cant|p2b: Despereaux|slp\n|move|p1b: Annihilape|Bulk Up|p1b: Annihilape\n|-boost|p1b: Annihilape|atk|1\n|-boost|p1b: Annihilape|def|1\n|move|p2a: The Rizzler\ud83d\ude31\ud83d\udcaf\ud83d\udde3\ufe0f|Freezing Glare|p1a: Sinistcha\n|-damage|p1a: Sinistcha|57\/100\n|\n|upkeep\n|turn|4\n|j| Yagamoth\n|\n|t:|1699761430\n|-curestatus|p2b: Despereaux|slp|[msg]\n|move|p2b: Despereaux|Super Fang|p1b: Annihilape\n|-damage|p1b: Annihilape|51\/100\n|move|p1a: Sinistcha|Life Dew|p1a: Sinistcha|[spread] p1a,p1b\n|-heal|p1a: Sinistcha|82\/100\n|-heal|p1b: Annihilape|76\/100\n|move|p1b: Annihilape|Drain Punch|p2b: Despereaux\n|-supereffective|p2b: Despereaux\n|-damage|p2b: Despereaux|0 fnt\n|-heal|p1b: Annihilape|100\/100|[from] drain|[of] p2b: Despereaux\n|-damage|p1b: Annihilape|84\/100|[from] item: Rocky Helmet|[of] p2b: Despereaux\n|faint|p2b: Despereaux\n|move|p2a: The Rizzler\ud83d\ude31\ud83d\udcaf\ud83d\udde3\ufe0f|Air Slash|p1a: Sinistcha\n|-supereffective|p1a: Sinistcha\n|-damage|p1a: Sinistcha|13\/100\n|\n|-heal|p1b: Annihilape|90\/100|[from] item: Leftovers\n|upkeep\n|\n|t:|1699761450\n|switch|p2b: THE DRAGON BALL\ud83e\udd76|Regidrago, L50, shiny|100\/100\n|turn|5\n|\n|t:|1699761465\n|move|p1a: Sinistcha|Protect|p1a: Sinistcha\n|-singleturn|p1a: Sinistcha|Protect\n|move|p2b: THE DRAGON BALL\ud83e\udd76|Protect|p2b: THE DRAGON BALL\ud83e\udd76\n|-singleturn|p2b: THE DRAGON BALL\ud83e\udd76|Protect\n|move|p1b: Annihilape|Rage Fist|p2b: THE DRAGON BALL\ud83e\udd76\n|-activate|p2b: THE DRAGON BALL\ud83e\udd76|move: Protect\n|move|p2a: The Rizzler\ud83d\ude31\ud83d\udcaf\ud83d\udde3\ufe0f|Freezing Glare|p1b: Annihilape\n|-damage|p1b: Annihilape|61\/100\n|\n|-heal|p1b: Annihilape|67\/100|[from] item: Leftovers\n|upkeep\n|turn|6\n|\n|t:|1699761478\n|switch|p1a: Iron Bundle|Iron Bundle, L50|100\/100\n|move|p2b: THE DRAGON BALL\ud83e\udd76|Dragon Energy|p1a: Iron Bundle|[spread] p1a,p1b\n|-damage|p1a: Iron Bundle|0 fnt\n|-damage|p1b: Annihilape|0 fnt\n|faint|p1a: Iron Bundle\n|-end|p1a: Iron Bundle|Quark Drive|[silent]\n|faint|p1b: Annihilape\n|move|p2a: The Rizzler\ud83d\ude31\ud83d\udcaf\ud83d\udde3\ufe0f|Tailwind|p2a: The Rizzler\ud83d\ude31\ud83d\udcaf\ud83d\udde3\ufe0f\n|-sidestart|p2: Vengeful potato|move: Tailwind\n|\n|-fieldend|move: Trick Room\n|upkeep\n|-message|ultrabide forfeited.\n|\n|win|Vengeful potato\n|raw|ultrabide's rating: 1574 &rarr; <strong>1555<\/strong><br \/>(-19 for losing)\n|raw|Vengeful potato's rating: 1591 &rarr; <strong>1610<\/strong><br \/>(+19 for winning)\n|l|\u2606ultrabide\n","uploadtime":1699761503,"views":10,"p1id":"ultrabide","p2id":"vengefulpotato","formatid":"gen9vgc2023regulatione","rating":1555,"private":0,"password":""}