{"id":"gen9vgc2023regulatione-1987874130","p1":"zGDarkness","p2":"Xyther","format":"[Gen 9] VGC 2023 Regulation E","log":"|j|\u2606zGDarkness\n|j|\u2606Xyther\n|n|\u2606zGDarkness|zgdarkness\n|n|\u2606Xyther|xyther\n|html|View the match progress at <a href=\"\/game-bestof3-gen9vgc2023regulatione-1987872702\">game-bestof3-gen9vgc2023regulatione-1987872702<\/a>\n|t:|1699644807\n|gametype|doubles\n|player|p1|zGDarkness|169|\n|player|p2|Xyther|hugh|\n|teamsize|p1|6\n|teamsize|p2|6\n|gen|9\n|tier|[Gen 9] VGC 2023 Regulation E\n|rule|Species Clause: Limit one of each Pok\u00e9mon\n|rule|Item Clause: Limit one of each item\n|clearpoke\n|poke|p1|Lilligant, L50, F|\n|poke|p1|Torkoal, L50, F|\n|poke|p1|Flutter Mane, L50|\n|poke|p1|Kingambit, L50, F|\n|poke|p1|Dragonite, L50, F|\n|poke|p1|Great Tusk, L50|\n|poke|p2|Tornadus, L50, M|\n|poke|p2|Arcanine-Hisui, L50, F|\n|poke|p2|Iron Hands, L50|\n|poke|p2|Gholdengo, L50|\n|poke|p2|Urshifu-*, L50, M|\n|poke|p2|Ogerpon-Wellspring, L50, F|\n|teampreview|4\nXyther rejected open team sheets.\n|\n|t:|1699644827\n|start\n|switch|p1a: Breakthrough|Torkoal, L50, F, shiny|100\/100\n|switch|p1b: Trouble|Great Tusk, L50, shiny|100\/100\n|switch|p2a: Gholdengo|Gholdengo, L50|100\/100\n|switch|p2b: Tornadus|Tornadus, L50, M|100\/100\n|-weather|SunnyDay|[from] ability: Drought|[of] p1a: Breakthrough\n|-activate|p1b: Trouble|ability: Protosynthesis\n|-start|p1b: Trouble|protosynthesisatk\n|turn|1\n|\n|t:|1699644849\n|switch|p2a: Ogerpon|Ogerpon-Wellspring, L50, F|100\/100\n|move|p2b: Tornadus|Rain Dance|p2b: Tornadus\n|-weather|RainDance\n|-end|p1b: Trouble|Protosynthesis\n|move|p1b: Trouble|Rock Slide|p2b: Tornadus|[spread] p2a,p2b\n|-supereffective|p2b: Tornadus\n|-damage|p2a: Ogerpon|80\/100\n|-damage|p2b: Tornadus|51\/100\n|move|p1a: Breakthrough|Eruption|p2b: Tornadus|[spread] p2a,p2b\n|-damage|p2a: Ogerpon|56\/100\n|-damage|p2b: Tornadus|28\/100\n|\n|-weather|RainDance|[upkeep]\n|upkeep\n|turn|2\n|\n|t:|1699644921\n|move|p2b: Tornadus|Tailwind|p2b: Tornadus\n|-sidestart|p2: Xyther|move: Tailwind\n|move|p2a: Ogerpon|Ivy Cudgel|p1a: Breakthrough\n|-supereffective|p1a: Breakthrough\n|-damage|p1a: Breakthrough|0 fnt\n|faint|p1a: Breakthrough\n|move|p1b: Trouble|Rock Slide|p2b: Tornadus|[spread] p2a,p2b\n|-supereffective|p2b: Tornadus\n|-damage|p2a: Ogerpon|38\/100\n|-damage|p2b: Tornadus|0 fnt\n|faint|p2b: Tornadus\n|\n|-weather|RainDance|[upkeep]\n|upkeep\n|\n|t:|1699644929\n|switch|p2b: Gholdengo|Gholdengo, L50|100\/100\n|switch|p1a: FANCY|Flutter Mane, L50, shiny|100\/100\n|turn|3\n|\n|t:|1699644956\n|-terastallize|p1a: FANCY|Fairy\n|move|p2a: Ogerpon|Power Whip|p1b: Trouble\n|-supereffective|p1b: Trouble\n|-damage|p1b: Trouble|6\/100\n|move|p2b: Gholdengo|Shadow Ball|p1a: FANCY\n|-damage|p1a: FANCY|60\/100\n|move|p1b: Trouble|Rock Slide|p2a: Ogerpon|[spread] p2b\n|-miss|p1b: Trouble|p2a: Ogerpon\n|-resisted|p2b: Gholdengo\n|-damage|p2b: Gholdengo|91\/100\n|move|p1a: FANCY|Dazzling Gleam|p2a: Ogerpon|[spread] p2a,p2b\n|-resisted|p2b: Gholdengo\n|-damage|p2a: Ogerpon|0 fnt\n|-damage|p2b: Gholdengo|59\/100\n|faint|p2a: Ogerpon\n|\n|-weather|RainDance|[upkeep]\n|-heal|p2b: Gholdengo|65\/100|[from] item: Leftovers\n|upkeep\n|\n|t:|1699644958\n|switch|p2a: Arcanine|Arcanine-Hisui, L50, F|100\/100\n|-ability|p2a: Arcanine|Intimidate|boost\n|-unboost|p1a: FANCY|atk|1\n|-unboost|p1b: Trouble|atk|1\n|turn|4\n|\n|t:|1699644965\n|move|p2a: Arcanine|Extreme Speed|p1b: Trouble\n|-damage|p1b: Trouble|0 fnt\n|faint|p1b: Trouble\n|-end|p1b: Trouble|Protosynthesis|[silent]\n|move|p2b: Gholdengo|Shadow Ball|p1a: FANCY\n|-damage|p1a: FANCY|15\/100\n|move|p1a: FANCY|Dazzling Gleam|p2b: Gholdengo|[spread] p2a,p2b\n|-resisted|p2a: Arcanine\n|-resisted|p2b: Gholdengo\n|-damage|p2a: Arcanine|63\/100\n|-damage|p2b: Gholdengo|34\/100\n|\n|-weather|RainDance|[upkeep]\n|-heal|p2b: Gholdengo|40\/100|[from] item: Leftovers\n|upkeep\n|\n|t:|1699644968\n|switch|p1b: Espresso|Dragonite, L50, F|100\/100\n|turn|5\n|\n|t:|1699644981\n|-terastallize|p2a: Arcanine|Fairy\n|move|p2a: Arcanine|Extreme Speed|p1b: Espresso\n|-damage|p1b: Espresso|79\/100\n|move|p2b: Gholdengo|Make It Rain|p1b: Espresso|[spread] p1a,p1b\n|-supereffective|p1a: FANCY\n|-damage|p1a: FANCY|0 fnt\n|-damage|p1b: Espresso|38\/100\n|-unboost|p2b: Gholdengo|spa|1\n|faint|p1a: FANCY\n|-end|p1a: FANCY|Protosynthesis|[silent]\n|move|p1b: Espresso|Ice Spinner|p2b: Gholdengo\n|-resisted|p2b: Gholdengo\n|-damage|p2b: Gholdengo|26\/100\n|\n|-weather|none\n|-heal|p2b: Gholdengo|32\/100|[from] item: Leftovers\n|-sideend|p2: Xyther|move: Tailwind\n|upkeep\n|turn|6\n|\n|t:|1699644992\n|move|p2a: Arcanine|Extreme Speed|p1b: Espresso\n|-damage|p1b: Espresso|1\/100\n|move|p2b: Gholdengo|Shadow Ball|p1b: Espresso\n|-damage|p1b: Espresso|0 fnt\n|faint|p1b: Espresso\n|\n|win|Xyther\n|c|&|\/uhtml prompt-zgdarkness,zGDarkness is ready for game 3!\n","uploadtime":1699644999,"views":14,"p1id":"zgdarkness","p2id":"xyther","formatid":"gen9vgc2023regulatione","rating":0,"private":0,"password":""}