{"id":"gen9vgc2023regulatione-1995168004","p1":"Ozwald McFly","p2":"NickNoName","format":"[Gen 9] VGC 2023 Regulation E","log":"|j|\u2606Ozwald McFly\n|j|\u2606NickNoName\n|t:|1700530188\n|gametype|doubles\n|player|p1|Ozwald McFly|birdkeeper-gen4dp|1465\n|player|p2|NickNoName|102|1493\n|teamsize|p1|6\n|teamsize|p2|6\n|gen|9\n|tier|[Gen 9] VGC 2023 Regulation E\n|rated|\n|rule|Species Clause: Limit one of each Pok\u00e9mon\n|rule|Item Clause: Limit one of each item\n|clearpoke\n|poke|p1|Noctowl, L50, F|\n|poke|p1|Sandy Shocks, L50|\n|poke|p1|Espeon, L50, F|\n|poke|p1|Indeedee-F, L50, F|\n|poke|p1|Iron Hands, L50|\n|poke|p1|Decidueye-Hisui, L50, M|\n|poke|p2|Sableye, L50, M|\n|poke|p2|Espathra, L50, M|\n|poke|p2|Hawlucha, L50, F|\n|poke|p2|Landorus, L50, M|\n|poke|p2|Iron Bundle, L50|\n|poke|p2|Sinistcha, L50|\n|teampreview|4\n|\n|t:|1700530209\n|start\n|switch|p1a: Decidueye|Decidueye-Hisui, L50, M, shiny|100\/100\n|switch|p1b: Indeedee|Indeedee-F, L50, F|100\/100\n|switch|p2a: Espathra|Espathra, L50, M|100\/100\n|switch|p2b: Hawlucha|Hawlucha, L50, F|100\/100\n|-fieldstart|move: Psychic Terrain|[from] ability: Psychic Surge|[of] p1b: Indeedee\n|turn|1\n|\n|t:|1700530236\n|move|p2a: Espathra|Protect|p2a: Espathra\n|-singleturn|p2a: Espathra|Protect\n|move|p1a: Decidueye|Protect|p1a: Decidueye\n|-singleturn|p1a: Decidueye|Protect\n|move|p2b: Hawlucha|Defog|p1b: Indeedee\n|-unboost|p1b: Indeedee|evasion|1\n|-fieldend|move: Psychic Terrain\n|move|p1b: Indeedee|Trick Room|p1b: Indeedee\n|-fieldstart|move: Trick Room|[of] p1b: Indeedee\n|\n|-ability|p2a: Espathra|Speed Boost|boost\n|-boost|p2a: Espathra|spe|1\n|upkeep\n|turn|2\n|\n|t:|1700530258\n|move|p1b: Indeedee|Follow Me|p1b: Indeedee\n|-singleturn|p1b: Indeedee|move: Follow Me\n|move|p1a: Decidueye|Knock Off|p2a: Espathra\n|-supereffective|p2a: Espathra\n|-damage|p2a: Espathra|0 fnt\n|-enditem|p2a: Espathra|Covert Cloak|[from] move: Knock Off|[of] p1a: Decidueye\n|faint|p2a: Espathra\n|move|p2b: Hawlucha|Defog|p1b: Indeedee\n|-unboost|p1b: Indeedee|evasion|1\n|\n|upkeep\n|\n|t:|1700530272\n|switch|p2a: Landorus|Landorus, L50, M|100\/100\n|turn|3\n|\n|t:|1700530296\n|-terastallize|p2a: Landorus|Fairy\n|move|p1b: Indeedee|Helping Hand|p1a: Decidueye\n|-singleturn|p1a: Decidueye|Helping Hand|[of] p1b: Indeedee\n|move|p1a: Decidueye|Leaf Blade|p2a: Landorus\n|-crit|p2a: Landorus\n|-damage|p2a: Landorus|0 fnt\n|faint|p2a: Landorus\n|move|p2b: Hawlucha|Acrobatics|p1a: Decidueye\n|-supereffective|p1a: Decidueye\n|-damage|p1a: Decidueye|2\/100\n|\n|upkeep\n|\n|t:|1700530298\n|switch|p2a: Iron Bundle|Iron Bundle, L50|100\/100\n|-enditem|p2a: Iron Bundle|Booster Energy\n|-activate|p2a: Iron Bundle|ability: Quark Drive|[fromitem]\n|-start|p2a: Iron Bundle|quarkdrivespe\n|turn|4\n|\n|t:|1700530313\n|move|p2a: Iron Bundle|Protect|p2a: Iron Bundle\n|-singleturn|p2a: Iron Bundle|Protect\n|move|p1a: Decidueye|Triple Arrows|p2a: Iron Bundle\n|-activate|p2a: Iron Bundle|move: Protect\n|move|p1b: Indeedee|Psyshock|p2a: Iron Bundle\n|-activate|p2a: Iron Bundle|move: Protect\n|move|p2b: Hawlucha|Acrobatics|p1a: Decidueye\n|-supereffective|p1a: Decidueye\n|-damage|p1a: Decidueye|0 fnt\n|faint|p1a: Decidueye\n|\n|upkeep\n|\n|t:|1700530324\n|switch|p1a: Iron Hands|Iron Hands, L50|100\/100\n|turn|5\n|\n|t:|1700530342\n|move|p2a: Iron Bundle|Protect||[still]\n|-fail|p2a: Iron Bundle\n|move|p1a: Iron Hands|Wild Charge|p2b: Hawlucha\n|-supereffective|p2b: Hawlucha\n|-damage|p2b: Hawlucha|0 fnt\n|faint|p2b: Hawlucha\n|-damage|p1a: Iron Hands|84\/100|[from] Recoil\n|move|p1b: Indeedee|Psyshock|p2a: Iron Bundle\n|-damage|p2a: Iron Bundle|69\/100\n|\n|-fieldend|move: Trick Room\n|upkeep\n|turn|6\n|\n|t:|1700530354\n|move|p2a: Iron Bundle|Hydro Pump|p1a: Iron Hands|[miss]\n|-miss|p2a: Iron Bundle|p1a: Iron Hands\n|move|p1a: Iron Hands|Drain Punch|p2a: Iron Bundle\n|-supereffective|p2a: Iron Bundle\n|-damage|p2a: Iron Bundle|0 fnt\n|-heal|p1a: Iron Hands|100\/100|[from] drain|[of] p2a: Iron Bundle\n|faint|p2a: Iron Bundle\n|-end|p2a: Iron Bundle|Quark Drive|[silent]\n|\n|win|Ozwald McFly\n|raw|Ozwald McFly's rating: 1465 &rarr; <strong>1487<\/strong><br \/>(+22 for winning)\n|raw|NickNoName's rating: 1493 &rarr; <strong>1471<\/strong><br \/>(-22 for losing)\n|l|\u2606NickNoName\n","uploadtime":1700530363,"views":3,"p1id":"ozwaldmcfly","p2id":"nicknoname","formatid":"gen9vgc2023regulatione","rating":1471,"private":0,"password":""}