{"id":"gen9vgc2023regulatione-1999614752","p1":"Achoque14","p2":"Sh1k3","format":"[Gen 9] VGC 2023 Regulation E","log":"|j|\u2606Achoque14\n|j|\u2606Sh1k3\n|t:|1701101373\n|gametype|doubles\n|player|p1|Achoque14|265|1501\n|player|p2|Sh1k3|169|1530\n|teamsize|p1|6\n|teamsize|p2|6\n|gen|9\n|tier|[Gen 9] VGC 2023 Regulation E\n|rated|\n|rule|Species Clause: Limit one of each Pok\u00e9mon\n|rule|Item Clause: Limit one of each item\n|clearpoke\n|poke|p1|Tornadus, L50, M|\n|poke|p1|Iron Bundle, L50|\n|poke|p1|Gholdengo, L50|\n|poke|p1|Rillaboom, L50, F|\n|poke|p1|Chien-Pao, L50|\n|poke|p1|Arcanine-Hisui, L50, M|\n|poke|p2|Flutter Mane, L50|\n|poke|p2|Torkoal, L50, F|\n|poke|p2|Lilligant-Hisui, L50, F|\n|poke|p2|Armarouge, L50, F|\n|poke|p2|Indeedee-F, L50, F|\n|poke|p2|Ursaluna, L50, M|\n|teampreview|4\n|inactive|Battle timer is ON: inactive players will automatically lose when time's up. (requested by Sh1k3)\n|\n|t:|1701101397\n|start\n|switch|p1a: Chien-Pao|Chien-Pao, L50|100\/100\n|switch|p1b: Arcanine|Arcanine-Hisui, L50, M|100\/100\n|switch|p2a: Armarouge|Armarouge, L50, F|100\/100\n|switch|p2b: Indeedee|Indeedee-F, L50, F|100\/100\n|-ability|p1a: Chien-Pao|Sword of Ruin\n|-ability|p1b: Arcanine|Intimidate|boost\n|-unboost|p2a: Armarouge|atk|1\n|-unboost|p2b: Indeedee|atk|1\n|-fieldstart|move: Psychic Terrain|[from] ability: Psychic Surge|[of] p2b: Indeedee\n|-enditem|p2b: Indeedee|Psychic Seed\n|-boost|p2b: Indeedee|spd|1|[from] item: Psychic Seed\n|turn|1\n|inactive|Sh1k3 has 30 seconds left.\n|inactive|Sh1k3 has 20 seconds left.\n|inactive|Sh1k3 has 15 seconds left.\n|\n|t:|1701101437\n|move|p2a: Armarouge|Wide Guard|p2a: Armarouge\n|-singleturn|p2a: Armarouge|Wide Guard\n|move|p1a: Chien-Pao|Ice Spinner|p2a: Armarouge\n|-resisted|p2a: Armarouge\n|-damage|p2a: Armarouge|66\/100\n|-fieldend|move: Psychic Terrain\n|-damage|p1a: Chien-Pao|91\/100|[from] item: Life Orb\n|move|p1b: Arcanine|Rock Slide|p2a: Armarouge|[spread] \n|-activate|p2a: Armarouge|move: Wide Guard\n|-activate|p2b: Indeedee|move: Wide Guard\n|move|p2b: Indeedee|Trick Room|p2b: Indeedee\n|-fieldstart|move: Trick Room|[of] p2b: Indeedee\n|\n|upkeep\n|turn|2\n|inactive|Sh1k3 has 30 seconds left.\n|j| andy8105\n|inactive|Sh1k3 has 20 seconds left.\n|\n|t:|1701101476\n|switch|p2b: Torkoal|Torkoal, L50, F|100\/100\n|-weather|SunnyDay|[from] ability: Drought|[of] p2b: Torkoal\n|move|p2a: Armarouge|Wide Guard|p2a: Armarouge\n|-singleturn|p2a: Armarouge|Wide Guard\n|move|p1a: Chien-Pao|Sucker Punch||[still]\n|-fail|p1a: Chien-Pao\n|move|p1b: Arcanine|Rock Slide|p2b: Torkoal|[spread] \n|-activate|p2a: Armarouge|move: Wide Guard\n|-activate|p2b: Torkoal|move: Wide Guard\n|\n|-weather|SunnyDay|[upkeep]\n|upkeep\n|turn|3\n|inactive|Sh1k3 has 30 seconds left.\n|\n|t:|1701101508\n|switch|p1b: Gholdengo|Gholdengo, L50|100\/100\n|move|p1a: Chien-Pao|Protect|p1a: Chien-Pao\n|-singleturn|p1a: Chien-Pao|Protect\n|move|p2b: Torkoal|Earth Power|p1b: Gholdengo\n|-supereffective|p1b: Gholdengo\n|-damage|p1b: Gholdengo|38\/100\n|move|p2a: Armarouge|Armor Cannon|p1a: Chien-Pao\n|-activate|p1a: Chien-Pao|move: Protect\n|\n|-weather|SunnyDay|[upkeep]\n|upkeep\n|turn|4\n|\n|t:|1701101533\n|switch|p1a: Arcanine|Arcanine-Hisui, L50, M|100\/100\n|-ability|p1a: Arcanine|Intimidate|boost\n|-unboost|p2a: Armarouge|atk|1\n|-unboost|p2b: Torkoal|atk|1\n|move|p2b: Torkoal|Eruption|p1a: Arcanine|[spread] p1a,p1b\n|-resisted|p1a: Arcanine\n|-supereffective|p1b: Gholdengo\n|-damage|p1a: Arcanine|72\/100\n|-damage|p1b: Gholdengo|0 fnt\n|faint|p1b: Gholdengo\n|move|p2a: Armarouge|Armor Cannon|p1a: Arcanine\n|-resisted|p1a: Arcanine\n|-damage|p1a: Arcanine|33\/100\n|-unboost|p2a: Armarouge|def|1\n|-unboost|p2a: Armarouge|spd|1\n|-damage|p2a: Armarouge|56\/100|[from] item: Life Orb\n|\n|-weather|SunnyDay|[upkeep]\n|upkeep\n|\n|t:|1701101547\n|switch|p1b: Rillaboom|Rillaboom, L50, F, shiny|100\/100\n|-fieldstart|move: Grassy Terrain|[from] ability: Grassy Surge|[of] p1b: Rillaboom\n|turn|5\n|\n|t:|1701101568\n|switch|p2b: Indeedee|Indeedee-F, L50, F|100\/100\n|-fieldstart|move: Psychic Terrain|[from] ability: Psychic Surge|[of] p2b: Indeedee\n|move|p1b: Rillaboom|Fake Out|p2b: Indeedee\n|-activate|p2b: Indeedee|move: Psychic Terrain\n|move|p2a: Armarouge|Expanding Force|p1a: Arcanine|[spread] p1a,p1b\n|-damage|p1a: Arcanine|0 fnt\n|-damage|p1b: Rillaboom|37\/100\n|faint|p1a: Arcanine\n|-damage|p2a: Armarouge|46\/100|[from] item: Life Orb\n|\n|-weather|SunnyDay|[upkeep]\n|-fieldend|move: Trick Room\n|upkeep\n|\n|t:|1701101576\n|switch|p1a: Chien-Pao|Chien-Pao, L50|91\/100\n|-ability|p1a: Chien-Pao|Sword of Ruin\n|turn|6\n|j| previouslyunnamed\n|\n|t:|1701101599\n|-terastallize|p2b: Indeedee|Fire\n|move|p1a: Chien-Pao|Ice Spinner|p2b: Indeedee\n|-resisted|p2b: Indeedee\n|-damage|p2b: Indeedee|71\/100\n|-fieldend|move: Psychic Terrain\n|-damage|p1a: Chien-Pao|81\/100|[from] item: Life Orb\n|move|p1b: Rillaboom|High Horsepower|p2a: Armarouge\n|-supereffective|p2a: Armarouge\n|-damage|p2a: Armarouge|0 fnt\n|faint|p2a: Armarouge\n|move|p2b: Indeedee|Trick Room|p2b: Indeedee\n|-fieldstart|move: Trick Room|[of] p2b: Indeedee\n|\n|-weather|none\n|upkeep\n|l| previouslyunnamed\n|\n|t:|1701101611\n|switch|p2a: Torkoal|Torkoal, L50, F|100\/100\n|-weather|SunnyDay|[from] ability: Drought|[of] p2a: Torkoal\n|turn|7\n|\n|t:|1701101631\n|-terastallize|p1a: Chien-Pao|Ghost\n|move|p2b: Indeedee|Helping Hand|p2a: Torkoal\n|-singleturn|p2a: Torkoal|Helping Hand|[of] p2b: Indeedee\n|move|p2a: Torkoal|Eruption|p1a: Chien-Pao|[spread] p1a,p1b\n|-crit|p1a: Chien-Pao\n|-supereffective|p1b: Rillaboom\n|-damage|p1a: Chien-Pao|0 fnt\n|-damage|p1b: Rillaboom|0 fnt\n|faint|p1a: Chien-Pao\n|faint|p1b: Rillaboom\n|\n|win|Sh1k3\n|raw|Achoque14's rating: 1501 &rarr; <strong>1483<\/strong><br \/>(-18 for losing)\n|raw|Sh1k3's rating: 1530 &rarr; <strong>1548<\/strong><br \/>(+18 for winning)\n|l|\u2606Achoque14\n|l| andy8105\n","uploadtime":1701101682,"views":3,"p1id":"achoque14","p2id":"sh1k3","formatid":"gen9vgc2023regulatione","rating":1483,"private":0,"password":""}