{"id":"gen9vgc2023regulatione-1996678908","p1":"wangyira20","p2":"Mr.X&Y97","format":"[Gen 9] VGC 2023 Regulation E","log":"|j|\u2606wangyira20\n|j|\u2606Mr.X&Y97\n|t:|1700708710\n|gametype|doubles\n|player|p1|wangyira20|nate|1225\n|player|p2|Mr.X&Y97|ingo|1230\n|teamsize|p1|6\n|teamsize|p2|6\n|gen|9\n|tier|[Gen 9] VGC 2023 Regulation E\n|rated|\n|rule|Species Clause: Limit one of each Pok\u00e9mon\n|rule|Item Clause: Limit one of each item\n|clearpoke\n|poke|p1|Ursaluna-Bloodmoon, L50, M|\n|poke|p1|Oranguru, L50, M|\n|poke|p1|Maushold-Four, L50|\n|poke|p1|Torkoal, L50, M|\n|poke|p1|Urshifu-*, L50, M|\n|poke|p1|Bruxish, L50, M|\n|poke|p2|Ogerpon-Wellspring, L50, F|\n|poke|p2|Conkeldurr, L50, M|\n|poke|p2|Munkidori, L50, M|\n|poke|p2|Landorus-Therian, L50, M|\n|poke|p2|Tornadus, L50, M|\n|poke|p2|Gholdengo, L50|\n|teampreview|4\n|inactive|Battle timer is ON: inactive players will automatically lose when time's up. (requested by Mr.X&Y97)\nMr.X&Y97 rejected open team sheets.\n|\n|t:|1700708733\n|start\n|switch|p1a: Oranguru|Oranguru, L50, M|100\/100\n|switch|p1b: Maushold|Maushold-Four, L50|100\/100\n|switch|p2a: Landorus|Landorus-Therian, L50, M|100\/100\n|switch|p2b: Gholdengo|Gholdengo, L50|100\/100\n|-ability|p2a: Landorus|Intimidate|boost\n|-fail|p1a: Oranguru|unboost|Attack|[from] ability: Inner Focus|[of] p1a: Oranguru\n|-unboost|p1b: Maushold|atk|1\n|turn|1\n|\n|t:|1700708750\n|-terastallize|p2b: Gholdengo|Steel\n|move|p2a: Landorus|Rock Slide|p1b: Maushold|[spread] p1a,p1b\n|-damage|p1a: Oranguru|80\/100\n|-damage|p1b: Maushold|64\/100\n|move|p1b: Maushold|Population Bomb|p2a: Landorus\n|-crit|p2a: Landorus\n|-damage|p2a: Landorus|82\/100\n|-damage|p2a: Landorus|72\/100\n|-damage|p2a: Landorus|62\/100\n|-damage|p2a: Landorus|53\/100\n|-damage|p2a: Landorus|42\/100\n|-damage|p2a: Landorus|33\/100\n|-damage|p2a: Landorus|24\/100\n|-damage|p2a: Landorus|14\/100\n|-damage|p2a: Landorus|5\/100\n|-damage|p2a: Landorus|0 fnt\n|faint|p2a: Landorus\n|-hitcount|p2: Landorus|10\n|move|p2b: Gholdengo|Make It Rain|p1b: Maushold|[spread] p1a,p1b\n|-damage|p1a: Oranguru|24\/100\n|-damage|p1b: Maushold|0 fnt\n|-unboost|p2b: Gholdengo|spa|1\n|faint|p1b: Maushold\n|move|p1a: Oranguru|Trick Room|p1a: Oranguru\n|-fieldstart|move: Trick Room|[of] p1a: Oranguru\n|\n|upkeep\n|inactive|wangyira20 has 30 seconds left.\n|\n|t:|1700708776\n|switch|p2a: Munkidori|Munkidori, L50, M|100\/100\n|switch|p1b: Ursaluna|Ursaluna-Bloodmoon, L50, M|100\/100\n|turn|2\n|\n|t:|1700708794\n|switch|p2b: Conkeldurr|Conkeldurr, L50, M, shiny|100\/100\n|-terastallize|p1b: Ursaluna|Normal\n|move|p2a: Munkidori|Fake Out|p1b: Ursaluna\n|-damage|p1b: Ursaluna|95\/100\n|cant|p1b: Ursaluna|flinch\n|move|p1a: Oranguru|Instruct||[still]\n|-fail|p1a: Oranguru\n|\n|-status|p2b: Conkeldurr|brn|[from] item: Flame Orb\n|upkeep\n|turn|3\n|\n|t:|1700708806\n|move|p2b: Conkeldurr|Protect|p2b: Conkeldurr\n|-singleturn|p2b: Conkeldurr|Protect\n|move|p2a: Munkidori|Protect|p2a: Munkidori\n|-singleturn|p2a: Munkidori|Protect\n|move|p1b: Ursaluna|Blood Moon|p2b: Conkeldurr\n|-activate|p2b: Conkeldurr|move: Protect\n|move|p1a: Oranguru|Encore|p2a: Munkidori\n|-activate|p2a: Munkidori|move: Protect\n|\n|-damage|p2b: Conkeldurr|95\/100 brn|[from] brn\n|upkeep\n|turn|4\n|inactive|Mr.X&Y97 has 30 seconds left.\n|\n|t:|1700708835\n|switch|p2a: Gholdengo|Gholdengo, L50, tera:Steel|100\/100\n|move|p2b: Conkeldurr|Mach Punch|p1b: Ursaluna\n|-supereffective|p1b: Ursaluna\n|-damage|p1b: Ursaluna|41\/100\n|move|p1b: Ursaluna|Hyper Voice|p2a: Gholdengo|[spread] p2a,p2b\n|-resisted|p2a: Gholdengo\n|-damage|p2a: Gholdengo|69\/100\n|-damage|p2b: Conkeldurr|6\/100 brn\n|-damage|p1b: Ursaluna|31\/100|[from] item: Life Orb\n|move|p1a: Oranguru|Encore|p2a: Gholdengo\n|-immune|p2a: Gholdengo|[from] ability: Good as Gold\n|\n|-damage|p2b: Conkeldurr|0 fnt|[from] brn\n|faint|p2b: Conkeldurr\n|upkeep\n|\n|t:|1700708846\n|switch|p2b: Munkidori|Munkidori, L50, M|100\/100\n|turn|5\n|\n|t:|1700708860\n|move|p2b: Munkidori|Fake Out|p1b: Ursaluna\n|-damage|p1b: Ursaluna|26\/100\n|cant|p1b: Ursaluna|flinch\n|move|p1a: Oranguru|Foul Play|p2a: Gholdengo\n|-crit|p2a: Gholdengo\n|-damage|p2a: Gholdengo|50\/100\n|move|p2a: Gholdengo|Make It Rain|p1a: Oranguru|[spread] p1a,p1b\n|-damage|p1a: Oranguru|0 fnt\n|-damage|p1b: Ursaluna|0 fnt\n|-unboost|p2a: Gholdengo|spa|1\n|faint|p1a: Oranguru\n|faint|p1b: Ursaluna\n|\n|-fieldend|move: Trick Room\n|upkeep\n|\n|t:|1700708872\n|switch|p1b: Torkoal|Torkoal, L50, M|100\/100\n|-weather|SunnyDay|[from] ability: Drought|[of] p1b: Torkoal\n|turn|6\n|\n|t:|1700708877\n|move|p2b: Munkidori|Sludge Bomb|p1b: Torkoal\n|-damage|p1b: Torkoal|41\/100\n|-status|p1b: Torkoal|psn\n|move|p2a: Gholdengo|Make It Rain|p1b: Torkoal\n|-resisted|p1b: Torkoal\n|-damage|p1b: Torkoal|0 fnt\n|-unboost|p2a: Gholdengo|spa|1\n|faint|p1b: Torkoal\n|\n|win|Mr.X&Y97\n|raw|wangyira20's rating: 1225 &rarr; <strong>1200<\/strong><br \/>(-25 for losing)\n|raw|Mr.X&amp;Y97's rating: 1230 &rarr; <strong>1255<\/strong><br \/>(+25 for winning)\n|l|\u2606wangyira20\n","uploadtime":1700708891,"views":8,"p1id":"wangyira20","p2id":"mrxy97","formatid":"gen9vgc2023regulatione","rating":1200,"private":0,"password":""}