{"id":"gen9vgc2023regulatione-1995731943","p1":"l4z4r0","p2":"Holibrand","format":"[Gen 9] VGC 2023 Regulation E","log":"|j|\u2606l4z4r0\n|j|\u2606Holibrand\n|t:|1700597965\n|gametype|doubles\n|player|p1|l4z4r0|169|1308\n|player|p2|Holibrand|pokemonbreeder-gen4|1292\n|teamsize|p1|6\n|teamsize|p2|6\n|gen|9\n|tier|[Gen 9] VGC 2023 Regulation E\n|rated|\n|rule|Species Clause: Limit one of each Pok\u00e9mon\n|rule|Item Clause: Limit one of each item\n|clearpoke\n|poke|p1|Iron Hands, L50|\n|poke|p1|Annihilape, L50, M|\n|poke|p1|Maushold-Four, L50|\n|poke|p1|Rillaboom, L50, M|\n|poke|p1|Cresselia, L50, F|\n|poke|p1|Sinistcha, L50|\n|poke|p2|Urshifu-*, L50, F|\n|poke|p2|Regieleki, L50|\n|poke|p2|Gholdengo, L50|\n|poke|p2|Landorus-Therian, L50, M|\n|poke|p2|Rillaboom, L50, F|\n|poke|p2|Chi-Yu, L50|\n|teampreview|4\n|inactive|Battle timer is ON: inactive players will automatically lose when time's up. (requested by Holibrand)\nl4z4r0 rejected open team sheets.\n|inactive|Holibrand has 60 seconds left.\n|\n|t:|1700598007\n|start\n|switch|p1a: BudSpencer|Iron Hands, L50, shiny|100\/100\n|switch|p1b: VegetaSSJ4|Rillaboom, L50, M|100\/100\n|switch|p2a: Gholdengo|Gholdengo, L50|100\/100\n|switch|p2b: Regieleki|Regieleki, L50|100\/100\n|-fieldstart|move: Grassy Terrain|[from] ability: Grassy Surge|[of] p1b: VegetaSSJ4\n|turn|1\n|inactive|l4z4r0 has 30 seconds left.\n|inactive|l4z4r0 has 20 seconds left.\n|inactive|l4z4r0 has 15 seconds left.\n|inactive|l4z4r0 has 10 seconds left.\n|\n|t:|1700598057\n|move|p2b: Regieleki|Protect|p2b: Regieleki\n|-singleturn|p2b: Regieleki|Protect\n|move|p1a: BudSpencer|Protect|p1a: BudSpencer\n|-singleturn|p1a: BudSpencer|Protect\n|move|p1b: VegetaSSJ4|Fake Out|p2b: Regieleki\n|-activate|p2b: Regieleki|move: Protect\n|move|p2a: Gholdengo|Psychic|p1a: BudSpencer\n|-activate|p1a: BudSpencer|move: Protect\n|\n|upkeep\n|turn|2\n|inactive|l4z4r0 has 30 seconds left.\n|inactive|Holibrand has 30 seconds left.\n|inactive|l4z4r0 has 20 seconds left.\n|\n|t:|1700598093\n|switch|p2b: Rillaboom|Rillaboom, L50, F, shiny|100\/100\n|-terastallize|p1a: BudSpencer|Water\n|move|p2a: Gholdengo|Shadow Ball|p1a: BudSpencer\n|-damage|p1a: BudSpencer|73\/100\n|move|p1b: VegetaSSJ4|Stomping Tantrum|p2b: Rillaboom\n|-resisted|p2b: Rillaboom\n|-damage|p2b: Rillaboom|87\/100\n|move|p1a: BudSpencer|Belly Drum|p1a: BudSpencer\n|-damage|p1a: BudSpencer|23\/100\n|-setboost|p1a: BudSpencer|atk|6|[from] move: Belly Drum\n|-enditem|p1a: BudSpencer|Sitrus Berry|[eat]\n|-heal|p1a: BudSpencer|48\/100|[from] item: Sitrus Berry\n|\n|-heal|p2b: Rillaboom|93\/100|[from] Grassy Terrain\n|-heal|p1a: BudSpencer|54\/100|[from] Grassy Terrain\n|upkeep\n|turn|3\n|inactive|l4z4r0 has 30 seconds left.\n|inactive|Holibrand has 30 seconds left.\n|inactive|l4z4r0 has 20 seconds left.\n|inactive|Holibrand has 20 seconds left.\n|inactive|Holibrand has 15 seconds left.\n|\n|t:|1700598133\n|-terastallize|p2b: Rillaboom|Grass\n|move|p2b: Rillaboom|Grassy Glide|p1a: BudSpencer\n|-supereffective|p1a: BudSpencer\n|-damage|p1a: BudSpencer|0 fnt\n|faint|p1a: BudSpencer\n|-end|p1a: BudSpencer|Quark Drive|[silent]\n|move|p2a: Gholdengo|Shadow Ball|p1b: VegetaSSJ4\n|-damage|p1b: VegetaSSJ4|69\/100\n|move|p1b: VegetaSSJ4|Stomping Tantrum|p2a: Gholdengo\n|-supereffective|p2a: Gholdengo\n|-damage|p2a: Gholdengo|44\/100\n|\n|-heal|p2a: Gholdengo|50\/100|[from] Grassy Terrain\n|-heal|p1b: VegetaSSJ4|75\/100|[from] Grassy Terrain\n|-heal|p2b: Rillaboom|98\/100|[from] Grassy Terrain\n|upkeep\n|\n|t:|1700598147\n|switch|p1a: MatchaLatte|Sinistcha, L50|100\/100\n|-heal|p1b: VegetaSSJ4|99\/100|[from] ability: Hospitality|[of] p1a: MatchaLatte\n|turn|4\n|\n|t:|1700598165\n|move|p2a: Gholdengo|Protect|p2a: Gholdengo\n|-singleturn|p2a: Gholdengo|Protect\n|move|p1b: VegetaSSJ4|Stomping Tantrum|p2a: Gholdengo\n|-activate|p2a: Gholdengo|move: Protect\n|move|p2b: Rillaboom|Knock Off|p1a: MatchaLatte\n|-supereffective|p1a: MatchaLatte\n|-damage|p1a: MatchaLatte|38\/100\n|-damage|p2b: Rillaboom|82\/100|[from] item: Rocky Helmet|[of] p1a: MatchaLatte\n|-enditem|p1a: MatchaLatte|Rocky Helmet|[from] move: Knock Off|[of] p2b: Rillaboom\n|move|p1a: MatchaLatte|Calm Mind|p1a: MatchaLatte\n|-boost|p1a: MatchaLatte|spa|1\n|-boost|p1a: MatchaLatte|spd|1\n|\n|-heal|p2a: Gholdengo|56\/100|[from] Grassy Terrain\n|-heal|p1b: VegetaSSJ4|100\/100|[from] Grassy Terrain\n|-heal|p2b: Rillaboom|88\/100|[from] Grassy Terrain\n|-heal|p1a: MatchaLatte|44\/100|[from] Grassy Terrain\n|upkeep\n|turn|5\n|inactive|l4z4r0 has 30 seconds left.\n|inactive|l4z4r0 has 20 seconds left.\n|inactive|l4z4r0 has 15 seconds left.\n|\n|t:|1700598205\n|move|p2a: Gholdengo|Shadow Ball|p1b: VegetaSSJ4\n|-damage|p1b: VegetaSSJ4|66\/100\n|move|p1b: VegetaSSJ4|Stomping Tantrum|p2a: Gholdengo\n|-supereffective|p2a: Gholdengo\n|-damage|p2a: Gholdengo|0 fnt\n|faint|p2a: Gholdengo\n|move|p2b: Rillaboom|Knock Off|p1a: MatchaLatte\n|-supereffective|p1a: MatchaLatte\n|-damage|p1a: MatchaLatte|0 fnt\n|faint|p1a: MatchaLatte\n|\n|-heal|p1b: VegetaSSJ4|71\/100|[from] Grassy Terrain\n|-heal|p2b: Rillaboom|94\/100|[from] Grassy Terrain\n|-fieldend|move: Grassy Terrain\n|upkeep\n|\n|t:|1700598220\n|switch|p2a: Regieleki|Regieleki, L50|100\/100\n|switch|p1a: TerenceHill|Cresselia, L50, F|100\/100\n|turn|6\n|\n|t:|1700598235\n|move|p2a: Regieleki|Protect|p2a: Regieleki\n|-singleturn|p2a: Regieleki|Protect\n|move|p1b: VegetaSSJ4|Stomping Tantrum|p2a: Regieleki\n|-activate|p2a: Regieleki|move: Protect\n|move|p2b: Rillaboom|Knock Off|p1a: TerenceHill\n|-supereffective|p1a: TerenceHill\n|-damage|p1a: TerenceHill|52\/100\n|-enditem|p1a: TerenceHill|Life Orb|[from] move: Knock Off|[of] p2b: Rillaboom\n|move|p1a: TerenceHill|Ice Beam|p2b: Rillaboom\n|-supereffective|p2b: Rillaboom\n|-damage|p2b: Rillaboom|65\/100\n|\n|upkeep\n|turn|7\n|inactive|Holibrand has 30 seconds left.\n|\n|t:|1700598263\n|move|p2a: Regieleki|Electroweb|p1b: VegetaSSJ4|[spread] p1a,p1b\n|-resisted|p1b: VegetaSSJ4\n|-damage|p1a: TerenceHill|31\/100\n|-damage|p1b: VegetaSSJ4|59\/100\n|-unboost|p1a: TerenceHill|spe|1\n|-unboost|p1b: VegetaSSJ4|spe|1\n|-damage|p2a: Regieleki|91\/100|[from] item: Life Orb\n|move|p2b: Rillaboom|Knock Off|p1b: VegetaSSJ4\n|-damage|p1b: VegetaSSJ4|27\/100\n|-enditem|p1b: VegetaSSJ4|Assault Vest|[from] move: Knock Off|[of] p2b: Rillaboom\n|move|p1b: VegetaSSJ4|Stomping Tantrum|p2a: Regieleki\n|-supereffective|p2a: Regieleki\n|-damage|p2a: Regieleki|0 fnt\n|faint|p2a: Regieleki\n|move|p1a: TerenceHill|Lunar Blessing|p1a: TerenceHill|[spread] p1a,p1b\n|-heal|p1a: TerenceHill|56\/100\n|-heal|p1b: VegetaSSJ4|51\/100\n|\n|upkeep\n|\n|t:|1700598275\n|switch|p2a: Chi-Yu|Chi-Yu, L50|100\/100\n|-ability|p2a: Chi-Yu|Beads of Ruin\n|turn|8\n|\n|t:|1700598290\n|move|p2a: Chi-Yu|Protect|p2a: Chi-Yu\n|-singleturn|p2a: Chi-Yu|Protect\n|move|p2b: Rillaboom|Knock Off|p1a: TerenceHill\n|-supereffective|p1a: TerenceHill\n|-damage|p1a: TerenceHill|18\/100\n|move|p1b: VegetaSSJ4|Stomping Tantrum|p2a: Chi-Yu\n|-activate|p2a: Chi-Yu|move: Protect\n|move|p1a: TerenceHill|Trick Room|p1a: TerenceHill\n|-fieldstart|move: Trick Room|[of] p1a: TerenceHill\n|\n|upkeep\n|turn|9\n|\n|t:|1700598309\n|move|p1a: TerenceHill|Lunar Blessing|p1a: TerenceHill|[spread] p1a,p1b\n|-heal|p1a: TerenceHill|43\/100\n|-heal|p1b: VegetaSSJ4|76\/100\n|move|p1b: VegetaSSJ4|Stomping Tantrum|p2a: Chi-Yu\n|-supereffective|p2a: Chi-Yu\n|-damage|p2a: Chi-Yu|23\/100\n|move|p2b: Rillaboom|Knock Off|p1a: TerenceHill\n|-supereffective|p1a: TerenceHill\n|-damage|p1a: TerenceHill|5\/100\n|move|p2a: Chi-Yu|Heat Wave|p1a: TerenceHill|[spread] p1a,p1b\n|-supereffective|p1b: VegetaSSJ4\n|-damage|p1a: TerenceHill|0 fnt\n|-damage|p1b: VegetaSSJ4|0 fnt\n|faint|p1a: TerenceHill\n|faint|p1b: VegetaSSJ4\n|\n|win|Holibrand\n|raw|l4z4r0's rating: 1308 &rarr; <strong>1287<\/strong><br \/>(-21 for losing)\n|raw|Holibrand's rating: 1292 &rarr; <strong>1318<\/strong><br \/>(+26 for winning)\n|l|\u2606l4z4r0\n","uploadtime":1700598330,"views":8,"p1id":"l4z4r0","p2id":"holibrand","formatid":"gen9vgc2023regulatione","rating":1287,"private":0,"password":""}