{"id":"gen9vgc2023regulatione-1992391482","p1":"zanethrillseek","p2":"echidna909","format":"[Gen 9] VGC 2023 Regulation E","log":"|j|\u2606zanethrillseek\n|j|\u2606echidna909\n|t:|1700182164\n|gametype|doubles\n|player|p1|zanethrillseek|hilbert-wonderlauncher|1176\n|player|p2|echidna909|101|1279\n|teamsize|p1|6\n|teamsize|p2|6\n|gen|9\n|tier|[Gen 9] VGC 2023 Regulation E\n|rated|\n|rule|Species Clause: Limit one of each Pok\u00e9mon\n|rule|Item Clause: Limit one of each item\n|clearpoke\n|poke|p1|Indeedee-F, L50, F|\n|poke|p1|Armarouge, L50, M|\n|poke|p1|Hatterene, L50, F|\n|poke|p1|Ursaluna, L50, M|\n|poke|p1|Urshifu-*, L50, F|\n|poke|p1|Torkoal, L50, F|\n|poke|p2|Moltres-Galar, L50|\n|poke|p2|Arcanine-Hisui, L50, F|\n|poke|p2|Munkidori, L50, M|\n|poke|p2|Sinistcha, L50|\n|poke|p2|Grimmsnarl, L50, M|\n|poke|p2|Milotic, L50, M|\n|teampreview|4\n|inactive|Battle timer is ON: inactive players will automatically lose when time's up. (requested by echidna909)\n|\n|t:|1700182198\n|start\n|switch|p1a: Indeedee|Indeedee-F, L50, F|100\/100\n|switch|p1b: Armarouge|Armarouge, L50, M|100\/100\n|switch|p2a: Munkidori|Munkidori, L50, M|100\/100\n|switch|p2b: Grimmsnarl|Grimmsnarl, L50, M|100\/100\n|-item|p1a: Indeedee|Psychic Seed|[from] ability: Frisk|[of] p2a: Munkidori|[identify]\n|-item|p1b: Armarouge|Twisted Spoon|[from] ability: Frisk|[of] p2a: Munkidori|[identify]\n|-fieldstart|move: Psychic Terrain|[from] ability: Psychic Surge|[of] p1a: Indeedee\n|-enditem|p1a: Indeedee|Psychic Seed\n|-boost|p1a: Indeedee|spd|1|[from] item: Psychic Seed\n|turn|1\n|inactive|zanethrillseek has 30 seconds left.\n|inactive|zanethrillseek has 20 seconds left.\n|inactive|zanethrillseek has 15 seconds left.\n|inactive|zanethrillseek has 10 seconds left.\n|\n|t:|1700182243\n|move|p2b: Grimmsnarl|Light Screen|p2b: Grimmsnarl\n|-sidestart|p2: echidna909|move: Light Screen\n|move|p2a: Munkidori|Parting Shot|p1b: Armarouge\n|-unboost|p1b: Armarouge|atk|1\n|-unboost|p1b: Armarouge|spa|1\n|\n|t:|1700182250\n|switch|p2a: Moltres|Moltres-Galar, L50|100\/100|[from] Parting Shot\n|move|p1b: Armarouge|Expanding Force|p2a: Moltres|[spread] \n|-immune|p2a: Moltres\n|-immune|p2b: Grimmsnarl\n|move|p1a: Indeedee|Trick Room|p1a: Indeedee\n|-fieldstart|move: Trick Room|[of] p1a: Indeedee\n|\n|upkeep\n|turn|2\n|inactive|zanethrillseek has 30 seconds left.\n|\n|t:|1700182277\n|-terastallize|p1a: Indeedee|Dragon\n|move|p2b: Grimmsnarl|Reflect|p2b: Grimmsnarl\n|-sidestart|p2: echidna909|Reflect\n|move|p1b: Armarouge|Heat Wave|p2b: Grimmsnarl|[spread] p2a,p2b\n|-damage|p2a: Moltres|88\/100\n|-damage|p2b: Grimmsnarl|82\/100\n|move|p1a: Indeedee|Dazzling Gleam|p2a: Moltres|[spread] p2a,p2b\n|-supereffective|p2a: Moltres\n|-supereffective|p2b: Grimmsnarl\n|-damage|p2a: Moltres|74\/100\n|-damage|p2b: Grimmsnarl|65\/100\n|move|p2a: Moltres|Nasty Plot|p2a: Moltres\n|-boost|p2a: Moltres|spa|2\n|\n|upkeep\n|turn|3\n|\n|t:|1700182301\n|switch|p2b: Milotic|Milotic, L50, M|100\/100\n|move|p1b: Armarouge|Heat Wave|p2b: Milotic|[spread] p2a,p2b\n|-resisted|p2b: Milotic\n|-damage|p2a: Moltres|61\/100\n|-damage|p2b: Milotic|93\/100\n|move|p1a: Indeedee|Dazzling Gleam|p2a: Moltres|[spread] p2a,p2b\n|-supereffective|p2a: Moltres\n|-damage|p2a: Moltres|47\/100\n|-damage|p2b: Milotic|87\/100\n|-ability|p2a: Moltres|Berserk|boost\n|-boost|p2a: Moltres|spa|1\n|-enditem|p2a: Moltres|Sitrus Berry|[eat]\n|-heal|p2a: Moltres|72\/100|[from] item: Sitrus Berry\n|move|p2a: Moltres|Nasty Plot|p2a: Moltres\n|-boost|p2a: Moltres|spa|2\n|\n|upkeep\n|turn|4\n|inactive|zanethrillseek has 30 seconds left.\n|inactive|zanethrillseek has 20 seconds left.\n|\n|t:|1700182336\n|move|p2a: Moltres|Protect|p2a: Moltres\n|-singleturn|p2a: Moltres|Protect\n|move|p1b: Armarouge|Heat Wave|p2b: Milotic|[spread] \n|-activate|p2a: Moltres|move: Protect\n|-miss|p1b: Armarouge|p2b: Milotic\n|move|p1a: Indeedee|Dazzling Gleam|p2b: Milotic|[spread] p2b\n|-activate|p2a: Moltres|move: Protect\n|-damage|p2b: Milotic|79\/100\n|move|p2b: Milotic|Hypnosis|p1a: Indeedee|[miss]\n|-miss|p2b: Milotic|p1a: Indeedee\n|\n|upkeep\n|turn|5\n|\n|t:|1700182361\n|move|p1b: Armarouge|Heat Wave|p2b: Milotic|[spread] p2a,p2b\n|-resisted|p2b: Milotic\n|-damage|p2a: Moltres|59\/100\n|-damage|p2b: Milotic|73\/100\n|-status|p2a: Moltres|brn\n|move|p1a: Indeedee|Dazzling Gleam|p2b: Milotic|[spread] p2a,p2b\n|-supereffective|p2a: Moltres\n|-damage|p2a: Moltres|47\/100 brn\n|-damage|p2b: Milotic|66\/100\n|-ability|p2a: Moltres|Berserk|boost\n|-boost|p2a: Moltres|spa|1\n|move|p2a: Moltres|Fiery Wrath|p1b: Armarouge|[spread] p1a,p1b\n|-supereffective|p1b: Armarouge\n|-crit|p1b: Armarouge\n|-damage|p1a: Indeedee|19\/100\n|-damage|p1b: Armarouge|0 fnt\n|faint|p1b: Armarouge\n|move|p2b: Milotic|Life Dew|p2b: Milotic|[spread] p2a,p2b\n|-heal|p2a: Moltres|72\/100 brn\n|-heal|p2b: Milotic|91\/100\n|\n|-damage|p2a: Moltres|66\/100 brn|[from] brn\n|-fieldend|move: Trick Room\n|-fieldend|move: Psychic Terrain\n|upkeep\n|\n|t:|1700182385\n|switch|p1b: Hatterene|Hatterene, L50, F|100\/100\n|turn|6\n|\n|t:|1700182400\n|move|p1a: Indeedee|Helping Hand|p1b: Hatterene\n|-singleturn|p1b: Hatterene|Helping Hand|[of] p1a: Indeedee\n|move|p2b: Milotic|Life Dew|p2b: Milotic|[spread] p2a,p2b\n|-heal|p2a: Moltres|91\/100 brn\n|-heal|p2b: Milotic|100\/100\n|move|p2a: Moltres|Fiery Wrath|p1b: Hatterene|[spread] p1a,p1b\n|-damage|p1a: Indeedee|0 fnt\n|-damage|p1b: Hatterene|0 fnt\n|faint|p1a: Indeedee\n|faint|p1b: Hatterene\n|\n|-damage|p2a: Moltres|85\/100 brn|[from] brn\n|upkeep\n|\n|t:|1700182414\n|switch|p1b: Ursaluna|Ursaluna, L50, M|100\/100\n|turn|7\n|\n|t:|1700182424\n|move|p1b: Ursaluna|Protect|p1b: Ursaluna\n|-singleturn|p1b: Ursaluna|Protect\n|move|p2b: Milotic|Hydro Pump|p1b: Ursaluna\n|-activate|p1b: Ursaluna|move: Protect\n|move|p2a: Moltres|Air Slash|p1b: Ursaluna\n|-activate|p1b: Ursaluna|move: Protect\n|\n|-damage|p2a: Moltres|79\/100 brn|[from] brn\n|-status|p1b: Ursaluna|brn|[from] item: Flame Orb\n|upkeep\n|turn|8\n|\n|t:|1700182440\n|move|p2b: Milotic|Hydro Pump|p1b: Ursaluna|[miss]\n|-miss|p2b: Milotic|p1b: Ursaluna\n|move|p2a: Moltres|Air Slash|p1b: Ursaluna\n|-damage|p1b: Ursaluna|0 fnt\n|faint|p1b: Ursaluna\n|\n|win|echidna909\n|raw|zanethrillseek's rating: 1176 &rarr; <strong>1158<\/strong><br \/>(-18 for losing)\n|raw|echidna909's rating: 1279 &rarr; <strong>1297<\/strong><br \/>(+18 for winning)\n","uploadtime":1700182448,"views":8,"p1id":"zanethrillseek","p2id":"echidna909","formatid":"gen9vgc2023regulatione","rating":1158,"private":0,"password":""}