{"id":"gen9vgc2023regulatione-1999901978","p1":"MorningElegy","p2":"Hitmonjon","format":"[Gen 9] VGC 2023 Regulation E","log":"|j|\u2606MorningElegy\n|j|\u2606Hitmonjon\n|n|\u2606MorningElegy|morningelegy\n|n|\u2606Hitmonjon|hitmonjon\n|html|View the match progress at <a href=\"\/game-bestof3-gen9vgc2023regulatione-1999901977\">game-bestof3-gen9vgc2023regulatione-1999901977<\/a>\n|t:|1701128102\n|gametype|doubles\n|player|p1|MorningElegy|psychic-gen2|\n|player|p2|Hitmonjon|169|\n|teamsize|p1|6\n|teamsize|p2|6\n|gen|9\n|tier|[Gen 9] VGC 2023 Regulation E\n|rated|Tournament battle\n|rule|Species Clause: Limit one of each Pok\u00e9mon\n|rule|Item Clause: Limit one of each item\n|clearpoke\n|poke|p1|Urshifu-*, L50, M|\n|poke|p1|Gholdengo, L50|\n|poke|p1|Salamence, L50, F|\n|poke|p1|Politoed, L50, F|\n|poke|p1|Gothitelle, L50, M|\n|poke|p1|Amoonguss, L50, F|\n|poke|p2|Amoonguss, L50, M|\n|poke|p2|Iron Hands, L50|\n|poke|p2|Gholdengo, L50|\n|poke|p2|Arcanine-Hisui, L50, M|\n|poke|p2|Urshifu-*, L50, F|\n|poke|p2|Tornadus, L50, M|\n|teampreview|4\n|showteam|p1|Urshifu-Rapid-Strike||ChoiceScarf|UnseenFist|SurgingStrikes,AquaJet,CloseCombat,Uturn|||M|||50|,,,,,Water]Gholdengo||LifeOrb|GoodasGold|MakeItRain,ShadowBall,NastyPlot,Protect||||||50|,,,,,Dragon]Salamence||CovertCloak|Intimidate|DracoMeteor,Hurricane,Tailwind,Protect|||F|||50|,,,,,Flying]Politoed||DampRock|Drizzle|MuddyWater,PerishSong,Encore,Protect|||F|||50|,,,,,Dark]Gothitelle||SitrusBerry|ShadowTag|Psychic,FakeOut,Taunt,Protect|||M|||50|,,,,,Fairy]Amoonguss||RockyHelmet|Regenerator|PollenPuff,Spore,RagePowder,Protect|||F|||50|,,,,,Water\n|showteam|p2|Amoonguss||SitrusBerry|Regenerator|Spore,PollenPuff,RagePowder,Protect|||M|||50|,,,,,Water]Iron Hands||AssaultVest|QuarkDrive|FakeOut,VoltSwitch,DrainPunch,WildCharge||||||50|,,,,,Grass]Gholdengo||Leftovers|GoodasGold|Protect,MakeItRain,ShadowBall,NastyPlot||||||50|,,,,,Dragon]Arcanine-Hisui||ChoiceBand|Intimidate|ExtremeSpeed,FlareBlitz,RockSlide,HeadSmash|||M|||50|,,,,,Fairy]Urshifu-Rapid-Strike||MysticWater|UnseenFist|SurgingStrikes,AquaJet,CloseCombat,Protect|||F|||50|,,,,,Water]Tornadus||RockyHelmet|Prankster|BleakwindStorm,Protect,Tailwind,RainDance|||M|||50|,,,,,Steel\n|\n|t:|1701128218\n|start\n|switch|p1a: Gholdengo|Gholdengo, L50|100\/100\n|switch|p1b: Gothitelle|Gothitelle, L50, M|100\/100\n|switch|p2a: Iron Hands|Iron Hands, L50, shiny|100\/100\n|switch|p2b: Arcanine|Arcanine-Hisui, L50, M|100\/100\n|-ability|p2b: Arcanine|Intimidate|boost\n|-unboost|p1a: Gholdengo|atk|1\n|-unboost|p1b: Gothitelle|atk|1\n|turn|1\n|\n|t:|1701128246\n|move|p1b: Gothitelle|Fake Out|p2b: Arcanine\n|-resisted|p2b: Arcanine\n|-damage|p2b: Arcanine|98\/100\n|cant|p2b: Arcanine|flinch\n|move|p1a: Gholdengo|Nasty Plot|p1a: Gholdengo\n|-boost|p1a: Gholdengo|spa|2\n|move|p2a: Iron Hands|Wild Charge|p1a: Gholdengo\n|-damage|p1a: Gholdengo|50\/100\n|-damage|p2a: Iron Hands|90\/100|[from] Recoil\n|\n|upkeep\n|turn|2\n|\n|t:|1701128266\n|switch|p1b: Amoonguss|Amoonguss, L50, F|100\/100\n|move|p1a: Gholdengo|Protect|p1a: Gholdengo\n|-singleturn|p1a: Gholdengo|Protect\n|move|p2b: Arcanine|Head Smash|p1b: Amoonguss|[miss]\n|-miss|p2b: Arcanine|p1b: Amoonguss\n|move|p2a: Iron Hands|Wild Charge|p1a: Gholdengo\n|-activate|p1a: Gholdengo|move: Protect\n|\n|upkeep\n|turn|3\n|\n|t:|1701128301\n|move|p1b: Amoonguss|Rage Powder|p1b: Amoonguss\n|-singleturn|p1b: Amoonguss|move: Rage Powder\n|move|p2b: Arcanine|Head Smash|p1b: Amoonguss|[miss]\n|-miss|p2b: Arcanine|p1b: Amoonguss\n|move|p1a: Gholdengo|Shadow Ball|p2a: Iron Hands\n|-damage|p2a: Iron Hands|36\/100\n|-damage|p1a: Gholdengo|40\/100|[from] item: Life Orb\n|move|p2a: Iron Hands|Wild Charge|p1b: Amoonguss\n|-resisted|p1b: Amoonguss\n|-damage|p1b: Amoonguss|77\/100\n|-damage|p2a: Iron Hands|20\/100|[from] item: Rocky Helmet|[of] p1b: Amoonguss\n|-damage|p2a: Iron Hands|14\/100|[from] Recoil\n|\n|upkeep\n|turn|4\n|\n|t:|1701128317\n|move|p1b: Amoonguss|Rage Powder|p1b: Amoonguss\n|-singleturn|p1b: Amoonguss|move: Rage Powder\n|move|p2b: Arcanine|Head Smash|p1b: Amoonguss\n|-damage|p1b: Amoonguss|0 fnt\n|-damage|p2b: Arcanine|82\/100|[from] item: Rocky Helmet|[of] p1b: Amoonguss\n|faint|p1b: Amoonguss\n|-damage|p2b: Arcanine|35\/100|[from] Recoil\n|move|p1a: Gholdengo|Make It Rain|p2a: Iron Hands|[spread] p2a,p2b\n|-resisted|p2a: Iron Hands\n|-damage|p2a: Iron Hands|0 fnt\n|-damage|p2b: Arcanine|0 fnt\n|-unboost|p1a: Gholdengo|spa|1\n|faint|p2a: Iron Hands\n|-end|p2a: Iron Hands|Quark Drive|[silent]\n|faint|p2b: Arcanine\n|-damage|p1a: Gholdengo|31\/100|[from] item: Life Orb\n|\n|upkeep\n|\n|t:|1701128326\n|switch|p2b: Tornadus|Tornadus, L50, M|100\/100\n|switch|p2a: Urshifu|Urshifu-Rapid-Strike, L50, F|100\/100\n|switch|p1b: Gothitelle|Gothitelle, L50, M|100\/100\n|turn|5\n|\n|t:|1701128361\n|move|p2b: Tornadus|Protect|p2b: Tornadus\n|-singleturn|p2b: Tornadus|Protect\n|move|p2a: Urshifu|Protect|p2a: Urshifu\n|-singleturn|p2a: Urshifu|Protect\n|move|p1b: Gothitelle|Fake Out|p2a: Urshifu\n|-activate|p2a: Urshifu|move: Protect\n|move|p1a: Gholdengo|Make It Rain|p2a: Urshifu|[spread] \n|-activate|p2a: Urshifu|move: Protect\n|-activate|p2b: Tornadus|move: Protect\n|\n|upkeep\n|turn|6\n|\n|t:|1701128389\n|-terastallize|p1a: Gholdengo|Dragon\n|-terastallize|p2a: Urshifu|Water\n|move|p2b: Tornadus|Bleakwind Storm|p1b: Gothitelle|[spread] p1a,p1b\n|-damage|p1a: Gholdengo|0 fnt\n|-damage|p1b: Gothitelle|78\/100\n|faint|p1a: Gholdengo\n|move|p2a: Urshifu|Surging Strikes|p1b: Gothitelle\n|-crit|p1b: Gothitelle\n|-damage|p1b: Gothitelle|45\/100\n|-enditem|p1b: Gothitelle|Sitrus Berry|[eat]\n|-heal|p1b: Gothitelle|70\/100|[from] item: Sitrus Berry\n|-crit|p1b: Gothitelle\n|-damage|p1b: Gothitelle|37\/100\n|-crit|p1b: Gothitelle\n|-damage|p1b: Gothitelle|8\/100\n|-hitcount|p1b: Gothitelle|3\n|move|p1b: Gothitelle|Psychic|p2b: Tornadus\n|-damage|p2b: Tornadus|76\/100\n|\n|upkeep\n|\n|t:|1701128400\n|switch|p1a: Urshifu|Urshifu-Rapid-Strike, L50, M|100\/100\n|turn|7\n|\n|t:|1701128422\n|move|p1a: Urshifu|Surging Strikes|p2a: Urshifu\n|-resisted|p2a: Urshifu\n|-crit|p2a: Urshifu\n|-damage|p2a: Urshifu|92\/100\n|-resisted|p2a: Urshifu\n|-crit|p2a: Urshifu\n|-damage|p2a: Urshifu|83\/100\n|-resisted|p2a: Urshifu\n|-crit|p2a: Urshifu\n|-damage|p2a: Urshifu|75\/100\n|-hitcount|p2a: Urshifu|3\n|move|p2b: Tornadus|Bleakwind Storm|p1a: Urshifu|[spread] p1a,p1b\n|-supereffective|p1a: Urshifu\n|-damage|p1a: Urshifu|14\/100\n|-damage|p1b: Gothitelle|0 fnt\n|-unboost|p1a: Urshifu|spe|1\n|faint|p1b: Gothitelle\n|move|p2a: Urshifu|Surging Strikes|p1a: Urshifu\n|-resisted|p1a: Urshifu\n|-crit|p1a: Urshifu\n|-damage|p1a: Urshifu|0 fnt\n|faint|p1a: Urshifu\n|-hitcount|p1: Urshifu|1\n|\n|win|Hitmonjon\n|c|&|\/uhtml prompt-morningelegy,MorningElegy is ready for game 2!\n|inactive|Hitmonjon has 50 seconds to confirm battle start!\n|c|&|\/uhtml prompt-hitmonjon,Hitmonjon is ready for game 2!\nBoth players are ready! Starting next match!\n|l|\u2606MorningElegy\n","uploadtime":1701129124,"views":12,"p1id":"morningelegy","p2id":"hitmonjon","formatid":"gen9vgc2023regulatione","rating":0,"private":0,"password":""}