{"id":"gen9vgc2023regulatione-1999325383","p1":"JTechtonic","p2":"TheGamingMammoth","format":"[Gen 9] VGC 2023 Regulation E","log":"|j|\u2606JTechtonic\n|j|\u2606TheGamingMammoth\n|n|\u2606JTechtonic|jtechtonic\n|n|\u2606TheGamingMammoth|thegamingmammoth\n|html|View the match progress at <a href=\"\/game-bestof3-gen9vgc2023regulatione-1999322817\">game-bestof3-gen9vgc2023regulatione-1999322817<\/a>\n|t:|1701060612\n|gametype|doubles\n|player|p1|JTechtonic|hugh|\n|player|p2|TheGamingMammoth|turo-ai|\n|teamsize|p1|6\n|teamsize|p2|6\n|gen|9\n|tier|[Gen 9] VGC 2023 Regulation E\n|rule|Species Clause: Limit one of each Pok\u00e9mon\n|rule|Item Clause: Limit one of each item\n|clearpoke\n|poke|p1|Roaring Moon, L50|\n|poke|p1|Weezing, L50, M|\n|poke|p1|Flutter Mane, L50|\n|poke|p1|Iron Hands, L50|\n|poke|p1|Landorus-Therian, L50, M|\n|poke|p1|Ogerpon-Wellspring, L50, F|\n|poke|p2|Chien-Pao, L50|\n|poke|p2|Rillaboom, L50, M|\n|poke|p2|Arcanine-Hisui, L50, F|\n|poke|p2|Urshifu-*, L50, M|\n|poke|p2|Tornadus, L50, M|\n|poke|p2|Landorus, L50, M|\n|teampreview|4\n|inactive|Battle timer is ON: inactive players will automatically lose when time's up. (requested by JTechtonic)\nJTechtonic has agreed to open team sheets.\n|j| Novacast\nTheGamingMammoth has agreed to open team sheets.\n|showteam|p1|Roaring Moon||BoosterEnergy|Protosynthesis|Acrobatics,KnockOff,Tailwind,Protect||||||50|,,,,,Flying]Weezing||SitrusBerry|NeutralizingGas|SludgeBomb,WillOWisp,Taunt,Protect|||M|||50|,,,,,Ghost]Flutter Mane||ChoiceSpecs|Protosynthesis|Moonblast,ShadowBall,DazzlingGleam,Thunderbolt||||||50|,,,,,Fairy]Iron Hands||AssaultVest|QuarkDrive|DrainPunch,WildCharge,HeavySlam,FakeOut||||||50|,,,,,Water]Landorus-Therian||ChoiceScarf|Intimidate|StompingTantrum,TeraBlast,RockSlide,Uturn|||M|||50|,,,,,Flying]Ogerpon-Wellspring||WellspringMask|WaterAbsorb|IvyCudgel,HornLeech,SwordsDance,SpikyShield|||F|||50|,,,,,Water\n|showteam|p2|Chien-Pao||FocusSash|SwordofRuin|SuckerPunch,IcicleCrash,SacredSword,Protect||||||50|,,,,,Ghost]Rillaboom||AssaultVest|GrassySurge|WoodHammer,GrassyGlide,Uturn,FakeOut|||M|||50|,,,,,Fire]Arcanine-Hisui||ChoiceBand|Intimidate|FlareBlitz,RockSlide,HeadSmash,ExtremeSpeed|||F|||50|,,,,,Normal]Urshifu-Rapid-Strike||SplashPlate|UnseenFist|SurgingStrikes,AquaJet,CloseCombat,Detect|||M|||50|,,,,,Water]Tornadus||CovertCloak|Prankster|Tailwind,Taunt,RainDance,BleakwindStorm|||M|||50|,,,,,Steel]Landorus||LifeOrb|SheerForce|SludgeBomb,SandsearStorm,EarthPower,Protect|||M|||50|,,,,,Poison\n|inactive|JTechtonic has 30 seconds left.\n|inactive|TheGamingMammoth has 30 seconds left.\n|inactive|TheGamingMammoth has 20 seconds left.\n|inactive|TheGamingMammoth has 15 seconds left.\n|\n|t:|1701060667\n|start\n|switch|p1a: Weezing|Weezing, L50, M, shiny|100\/100\n|switch|p1b: Ogerpon|Ogerpon-Wellspring, L50, F|100\/100\n|switch|p2a: Jugo|Rillaboom, L50, M, shiny|100\/100\n|switch|p2b: Jiraiya|Urshifu-Rapid-Strike, L50, M|100\/100\n|-ability|p1a: Weezing|Neutralizing Gas\n|turn|1\n|inactive|JTechtonic has 30 seconds left.\n|inactive|TheGamingMammoth has 30 seconds left.\n|inactive|TheGamingMammoth has 20 seconds left.\n|inactive|TheGamingMammoth has 15 seconds left.\n|inactive|TheGamingMammoth has 10 seconds left.\n|inactive|TheGamingMammoth has 5 seconds left.\n|\n|t:|1701060729\n|move|p2b: Jiraiya|Detect|p2b: Jiraiya\n|-singleturn|p2b: Jiraiya|Protect\n|move|p1b: Ogerpon|Swords Dance|p1b: Ogerpon\n|-boost|p1b: Ogerpon|atk|2\n|move|p2a: Jugo|Wood Hammer|p1b: Ogerpon\n|-damage|p1b: Ogerpon|21\/100\n|-damage|p2a: Jugo|77\/100|[from] Recoil\n|move|p1a: Weezing|Will-O-Wisp|p2b: Jiraiya\n|-activate|p2b: Jiraiya|move: Protect\n|\n|upkeep\n|turn|2\n|inactive|JTechtonic has 30 seconds left.\n|inactive|TheGamingMammoth has 30 seconds left.\n|\n|t:|1701060757\n|switch|p2b: Temari|Tornadus, L50, M|100\/100\n|move|p1b: Ogerpon|Ivy Cudgel|p2b: Temari|[anim] Ivy Cudgel Water\n|-damage|p2b: Temari|0 fnt\n|faint|p2b: Temari\n|move|p2a: Jugo|U-turn|p1b: Ogerpon\n|-supereffective|p1b: Ogerpon\n|-damage|p1b: Ogerpon|0 fnt\n|faint|p1b: Ogerpon\n|\n|t:|1701060764\n|switch|p2a: Gaara|Landorus, L50, M|100\/100|[from] U-turn\n|move|p1a: Weezing|Will-O-Wisp|p2a: Gaara\n|-status|p2a: Gaara|brn\n|\n|-damage|p2a: Gaara|95\/100 brn|[from] brn\n|upkeep\n|\n|t:|1701060771\n|switch|p1b: Landorus|Landorus-Therian, L50, M|100\/100\n|switch|p2b: Jugo|Rillaboom, L50, M, shiny|77\/100\n|turn|3\n|inactive|TheGamingMammoth has 30 seconds left.\n|inactive|JTechtonic has 30 seconds left.\n|\n|t:|1701060810\n|-terastallize|p1a: Weezing|Ghost\n|move|p2b: Jugo|Fake Out|p1b: Landorus\n|-damage|p1b: Landorus|85\/100\n|cant|p1b: Landorus|flinch\n|move|p2a: Gaara|Sludge Bomb|p1b: Landorus\n|-resisted|p1b: Landorus\n|-damage|p1b: Landorus|61\/100\n|-status|p1b: Landorus|psn\n|-damage|p2a: Gaara|85\/100 brn|[from] item: Life Orb\n|move|p1a: Weezing|Will-O-Wisp|p2b: Jugo\n|-status|p2b: Jugo|brn\n|\n|-damage|p1b: Landorus|49\/100 psn|[from] psn\n|-damage|p2a: Gaara|79\/100 brn|[from] brn\n|-damage|p2b: Jugo|71\/100 brn|[from] brn\n|upkeep\n|turn|4\n|inactive|JTechtonic has 30 seconds left.\n|inactive|TheGamingMammoth has 30 seconds left.\n|inactive|JTechtonic has 20 seconds left.\n|inactive|TheGamingMammoth has 20 seconds left.\n|inactive|TheGamingMammoth has 15 seconds left.\n|\n|t:|1701060854\n|switch|p1b: Iron Hands|Iron Hands, L50|100\/100\n|move|p2a: Gaara|Protect|p2a: Gaara\n|-singleturn|p2a: Gaara|Protect\n|move|p2b: Jugo|U-turn|p1a: Weezing\n|-resisted|p1a: Weezing\n|-damage|p1a: Weezing|96\/100\n|\n|t:|1701060860\n|switch|p2b: Jiraiya|Urshifu-Rapid-Strike, L50, M|100\/100|[from] U-turn\n|move|p1a: Weezing|Sludge Bomb|p2b: Jiraiya\n|-damage|p2b: Jiraiya|62\/100\n|\n|-damage|p2a: Gaara|73\/100 brn|[from] brn\n|upkeep\n|turn|5\n|inactive|JTechtonic has 30 seconds left.\n|inactive|TheGamingMammoth has 30 seconds left.\n|\n|t:|1701060891\n|switch|p2b: Jugo|Rillaboom, L50, M, shiny|71\/100 brn\n|-end|p1a: Weezing|ability: Neutralizing Gas\n|-fieldstart|move: Grassy Terrain|[from] ability: Grassy Surge|[of] p2b: Jugo\n|switch|p1a: Landorus|Landorus-Therian, L50, M|49\/100 psn\n|-ability|p1a: Landorus|Intimidate|boost\n|-unboost|p2a: Gaara|atk|1\n|-unboost|p2b: Jugo|atk|1\n|move|p1b: Iron Hands|Fake Out|p2a: Gaara\n|-damage|p2a: Gaara|54\/100 brn\n|cant|p2a: Gaara|flinch\n|\n|-heal|p2b: Jugo|77\/100 brn|[from] Grassy Terrain\n|-damage|p1a: Landorus|37\/100 psn|[from] psn\n|-damage|p2a: Gaara|48\/100 brn|[from] brn\n|-damage|p2b: Jugo|71\/100 brn|[from] brn\n|upkeep\n|turn|6\n|inactive|JTechtonic has 30 seconds left.\n|inactive|TheGamingMammoth has 30 seconds left.\n|inactive|JTechtonic has 20 seconds left.\n|\n|t:|1701060929\n|switch|p1a: Weezing|Weezing, L50, M, shiny, tera:Ghost|96\/100\n|-ability|p1a: Weezing|Neutralizing Gas\n|move|p2b: Jugo|Fake Out|p1a: Weezing\n|-immune|p1a: Weezing\n|move|p2a: Gaara|Earth Power|p1b: Iron Hands\n|-supereffective|p1b: Iron Hands\n|-damage|p1b: Iron Hands|29\/100\n|-damage|p2a: Gaara|38\/100 brn|[from] item: Life Orb\n|move|p1b: Iron Hands|Heavy Slam|p2a: Gaara\n|-damage|p2a: Gaara|0 fnt\n|faint|p2a: Gaara\n|\n|-heal|p2b: Jugo|77\/100 brn|[from] Grassy Terrain\n|-heal|p1b: Iron Hands|35\/100|[from] Grassy Terrain\n|-heal|p1a: Weezing|100\/100|[from] Grassy Terrain\n|-damage|p2b: Jugo|71\/100 brn|[from] brn\n|upkeep\n|\n|t:|1701060940\n|switch|p2a: Jiraiya|Urshifu-Rapid-Strike, L50, M|62\/100\n|turn|7\n|\n|t:|1701060963\n|-end|p1b: Iron Hands|Quark Drive|[silent]\n|switch|p1b: Landorus|Landorus-Therian, L50, M|37\/100 psn\n|-terastallize|p2a: Jiraiya|Water\n|move|p2a: Jiraiya|Surging Strikes|p1b: Landorus\n|-supereffective|p1b: Landorus\n|-crit|p1b: Landorus\n|-damage|p1b: Landorus|0 fnt\n|faint|p1b: Landorus\n|-hitcount|p1: Landorus|1\n|move|p2b: Jugo|Wood Hammer|p1a: Weezing\n|-damage|p1a: Weezing|81\/100\n|-damage|p2b: Jugo|66\/100 brn|[from] Recoil\n|move|p1a: Weezing|Sludge Bomb|p2b: Jugo\n|-supereffective|p2b: Jugo\n|-damage|p2b: Jugo|32\/100 brn\n|\n|-heal|p2a: Jiraiya|68\/100|[from] Grassy Terrain\n|-heal|p2b: Jugo|38\/100 brn|[from] Grassy Terrain\n|-heal|p1a: Weezing|87\/100|[from] Grassy Terrain\n|-damage|p2b: Jugo|32\/100 brn|[from] brn\n|upkeep\n|\n|t:|1701060973\n|switch|p1b: Iron Hands|Iron Hands, L50|35\/100\n|turn|8\n|\n|t:|1701060992\n|move|p1b: Iron Hands|Fake Out|p2b: Jugo\n|-damage|p2b: Jugo|17\/100 brn\n|move|p2a: Jiraiya|Surging Strikes|p1b: Iron Hands\n|-crit|p1b: Iron Hands\n|-damage|p1b: Iron Hands|9\/100\n|-crit|p1b: Iron Hands\n|-damage|p1b: Iron Hands|0 fnt\n|faint|p1b: Iron Hands\n|-end|p1b: Iron Hands|Quark Drive|[silent]\n|-hitcount|p1: Iron Hands|2\n|cant|p2b: Jugo|flinch\n|move|p1a: Weezing|Will-O-Wisp|p2a: Jiraiya\n|-status|p2a: Jiraiya|brn\n|\n|-heal|p2a: Jiraiya|75\/100 brn|[from] Grassy Terrain\n|-heal|p2b: Jugo|24\/100 brn|[from] Grassy Terrain\n|-heal|p1a: Weezing|93\/100|[from] Grassy Terrain\n|-damage|p2a: Jiraiya|68\/100 brn|[from] brn\n|-damage|p2b: Jugo|17\/100 brn|[from] brn\n|upkeep\n|turn|9\n|\n|t:|1701061005\n|move|p2a: Jiraiya|Surging Strikes|p1a: Weezing\n|-crit|p1a: Weezing\n|-damage|p1a: Weezing|80\/100\n|-crit|p1a: Weezing\n|-damage|p1a: Weezing|67\/100\n|-crit|p1a: Weezing\n|-damage|p1a: Weezing|53\/100\n|-hitcount|p1a: Weezing|3\n|move|p2b: Jugo|Wood Hammer|p1a: Weezing\n|-crit|p1a: Weezing\n|-damage|p1a: Weezing|6\/100\n|-enditem|p1a: Weezing|Sitrus Berry|[eat]\n|-heal|p1a: Weezing|31\/100|[from] item: Sitrus Berry\n|-damage|p2b: Jugo|4\/100 brn|[from] Recoil\n|move|p1a: Weezing|Sludge Bomb|p2a: Jiraiya\n|-crit|p2a: Jiraiya\n|-damage|p2a: Jiraiya|10\/100 brn\n|\n|-heal|p2a: Jiraiya|17\/100 brn|[from] Grassy Terrain\n|-heal|p2b: Jugo|10\/100 brn|[from] Grassy Terrain\n|-heal|p1a: Weezing|37\/100|[from] Grassy Terrain\n|-damage|p2a: Jiraiya|10\/100 brn|[from] brn\n|-damage|p2b: Jugo|4\/100 brn|[from] brn\n|-fieldend|move: Grassy Terrain\n|upkeep\n|turn|10\n|\n|t:|1701061019\n|move|p1a: Weezing|Protect|p1a: Weezing\n|-singleturn|p1a: Weezing|Protect\n|move|p2a: Jiraiya|Surging Strikes|p1a: Weezing\n|-activate|p1a: Weezing|move: Protect\n|move|p2b: Jugo|Wood Hammer|p1a: Weezing\n|-activate|p1a: Weezing|move: Protect\n|\n|-damage|p2a: Jiraiya|4\/100 brn|[from] brn\n|-damage|p2b: Jugo|0 fnt|[from] brn\n|faint|p2b: Jugo\n|upkeep\n|turn|11\n|inactive|JTechtonic has 30 seconds left.\n|inactive|JTechtonic has 20 seconds left.\n|inactive|JTechtonic has 15 seconds left.\n|\n|t:|1701061059\n|move|p1a: Weezing|Protect|p1a: Weezing\n|-singleturn|p1a: Weezing|Protect\n|move|p2a: Jiraiya|Surging Strikes|p1a: Weezing\n|-activate|p1a: Weezing|move: Protect\n|\n|-damage|p2a: Jiraiya|0 fnt|[from] brn\n|faint|p2a: Jiraiya\n|\n|win|JTechtonic\n|upkeep\n|c| Novacast|LET GOOOO\n|c|\u2606JTechtonic|LMAOOOOOOOOO\n|inactive|JTechtonic has 50 seconds to confirm battle start!\n|inactive|TheGamingMammoth has 50 seconds to confirm battle start!\n|l|\u2606JTechtonic\n|c|&|\/uhtml prompt-jtechtonic,JTechtonic is ready for game 3!\n|inactive|TheGamingMammoth has 40 seconds to confirm battle start!\n|inactive|TheGamingMammoth has 30 seconds to confirm battle start!\n|c|&|\/uhtml prompt-thegamingmammoth,TheGamingMammoth is ready for game 3!\nBoth players are ready! Starting next match!\n","uploadtime":1701061095,"views":2,"p1id":"jtechtonic","p2id":"thegamingmammoth","formatid":"gen9vgc2023regulatione","rating":0,"private":0,"password":""}