{"id":"gen9vgc2023regulatione-1997948087","p1":"NeRoZ18","p2":"Ogskive","format":"[Gen 9] VGC 2023 Regulation E","log":"|j|\u203dNeRoZ18\n|j|\u2606Ogskive\n|t:|1700870914\n|gametype|doubles\n|player|p1|NeRoZ18|1|1158\n|player|p2|Ogskive|fisherman-gen4|1127\n|teamsize|p1|6\n|teamsize|p2|6\n|gen|9\n|tier|[Gen 9] VGC 2023 Regulation E\n|rated|\n|rule|Species Clause: Limit one of each Pok\u00e9mon\n|rule|Item Clause: Limit one of each item\n|clearpoke\n|poke|p1|Rillaboom, L50, F|\n|poke|p1|Tornadus, L50, M|\n|poke|p1|Landorus-Therian, L50, M|\n|poke|p1|Flutter Mane, L50|\n|poke|p1|Amoonguss, L50, M|\n|poke|p1|Urshifu-*, L50, M|\n|poke|p2|Drifblim, L50, M|\n|poke|p2|Overqwil, L50, F|\n|poke|p2|Ting-Lu, L50|\n|poke|p2|Altaria, L50, F|\n|poke|p2|Rillaboom, L50, M|\n|poke|p2|Maushold-Four, L50|\n|teampreview|4\n|inactive|Battle timer is ON: inactive players will automatically lose when time's up. (requested by Ogskive)\n|\n|t:|1700870921\n|start\n|switch|p1a: Flutter Mane|Flutter Mane, L50|100\/100\n|switch|p1b: Tornadus|Tornadus, L50, M|100\/100\n|switch|p2a: Transmutation|Rillaboom, L50, M|100\/100\n|switch|p2b: Illusion|Drifblim, L50, M|100\/100\n|-fieldstart|move: Grassy Terrain|[from] ability: Grassy Surge|[of] p2a: Transmutation\n|-enditem|p2b: Illusion|Grassy Seed\n|-boost|p2b: Illusion|def|1|[from] item: Grassy Seed\n|-enditem|p1a: Flutter Mane|Booster Energy\n|-activate|p1a: Flutter Mane|ability: Protosynthesis|[fromitem]\n|-start|p1a: Flutter Mane|protosynthesisspa\n|turn|1\n|\n|t:|1700870936\n|move|p2b: Illusion|Protect|p2b: Illusion\n|-singleturn|p2b: Illusion|Protect\n|move|p1a: Flutter Mane|Protect|p1a: Flutter Mane\n|-singleturn|p1a: Flutter Mane|Protect\n|move|p1b: Tornadus|Tailwind|p1b: Tornadus\n|-sidestart|p1: NeRoZ18|move: Tailwind\n|move|p2a: Transmutation|Bullet Seed|p1a: Flutter Mane\n|-activate|p1a: Flutter Mane|move: Protect\n|\n|upkeep\n|turn|2\n|\n|t:|1700870958\n|-terastallize|p2b: Illusion|Flying\n|move|p1a: Flutter Mane|Shadow Ball|p2b: Illusion\n|-damage|p2b: Illusion|30\/100\n|-unboost|p2b: Illusion|spd|1\n|move|p1b: Tornadus|Bleakwind Storm|p2b: Illusion|[spread] p2a,p2b\n|-supereffective|p2a: Transmutation\n|-damage|p2a: Transmutation|14\/100\n|-damage|p2b: Illusion|0 fnt\n|-unboost|p2a: Transmutation|spe|1\n|faint|p2b: Illusion\n|move|p2a: Transmutation|Bullet Seed|p1a: Flutter Mane\n|-damage|p1a: Flutter Mane|57\/100\n|-damage|p1a: Flutter Mane|14\/100\n|-damage|p1a: Flutter Mane|0 fnt\n|faint|p1a: Flutter Mane\n|-end|p1a: Flutter Mane|Protosynthesis|[silent]\n|-hitcount|p1: Flutter Mane|3\n|\n|-heal|p2a: Transmutation|20\/100|[from] Grassy Terrain\n|upkeep\n|\n|t:|1700870977\n|switch|p1a: Rillaboom|Rillaboom, L50, F|100\/100\n|switch|p2b: Necromancy|Altaria, L50, F|100\/100\n|-ability|p2b: Necromancy|Cloud Nine\n|turn|3\n|\n|t:|1700870988\n|switch|p2a: Abjuration|Ting-Lu, L50|100\/100\n|-ability|p2a: Abjuration|Vessel of Ruin\n|move|p1a: Rillaboom|Fake Out|p2b: Necromancy\n|-damage|p2b: Necromancy|90\/100\n|move|p1b: Tornadus|Bleakwind Storm|p2b: Necromancy|[spread] p2a,p2b\n|-damage|p2a: Abjuration|81\/100\n|-damage|p2b: Necromancy|64\/100\n|cant|p2b: Necromancy|flinch\n|\n|-heal|p2a: Abjuration|87\/100|[from] Grassy Terrain\n|-heal|p2a: Abjuration|93\/100|[from] item: Leftovers\n|upkeep\n|turn|4\n|\n|t:|1700871008\n|move|p2a: Abjuration|Protect|p2a: Abjuration\n|-singleturn|p2a: Abjuration|Protect\n|move|p1b: Tornadus|Bleakwind Storm|p2a: Abjuration|[spread] p2b\n|-activate|p2a: Abjuration|move: Protect\n|-damage|p2b: Necromancy|37\/100\n|move|p1a: Rillaboom|Wood Hammer|p2a: Abjuration\n|-activate|p2a: Abjuration|move: Protect\n|move|p2b: Necromancy|Perish Song|p2b: Necromancy\n|-start|p1a: Rillaboom|perish3|[silent]\n|-start|p1b: Tornadus|perish3|[silent]\n|-start|p2a: Abjuration|perish3|[silent]\n|-start|p2b: Necromancy|perish3|[silent]\n|-fieldactivate|move: Perish Song\n|\n|-heal|p2a: Abjuration|99\/100|[from] Grassy Terrain\n|-heal|p2a: Abjuration|100\/100|[from] item: Leftovers\n|-start|p1b: Tornadus|perish3\n|-start|p1a: Rillaboom|perish3\n|-start|p2b: Necromancy|perish3\n|-start|p2a: Abjuration|perish3\n|-sideend|p1: NeRoZ18|move: Tailwind\n|upkeep\n|turn|5\n|\n|t:|1700871030\n|move|p1b: Tornadus|Tailwind|p1b: Tornadus\n|-sidestart|p1: NeRoZ18|move: Tailwind\n|move|p1a: Rillaboom|Wood Hammer|p2a: Abjuration\n|-supereffective|p2a: Abjuration\n|-damage|p2a: Abjuration|24\/100\n|-damage|p1a: Rillaboom|68\/100|[from] Recoil\n|move|p2b: Necromancy|Roost|p2b: Necromancy\n|-heal|p2b: Necromancy|87\/100\n|-singleturn|p2b: Necromancy|move: Roost\n|move|p2a: Abjuration|Sand Tomb|p1a: Rillaboom\n|-resisted|p1a: Rillaboom\n|-damage|p1a: Rillaboom|63\/100\n|-activate|p1a: Rillaboom|move: Sand Tomb|[of] p2a: Abjuration\n|\n|-heal|p1a: Rillaboom|68\/100|[from] Grassy Terrain\n|-heal|p2b: Necromancy|93\/100|[from] Grassy Terrain\n|-heal|p2a: Abjuration|30\/100|[from] Grassy Terrain\n|-heal|p2a: Abjuration|36\/100|[from] item: Leftovers\n|-damage|p1a: Rillaboom|56\/100|[from] move: Sand Tomb|[partiallytrapped]\n|-start|p1b: Tornadus|perish2\n|-start|p1a: Rillaboom|perish2\n|-start|p2b: Necromancy|perish2\n|-start|p2a: Abjuration|perish2\n|-fieldend|move: Grassy Terrain\n|upkeep\n|turn|6\n|inactive|NeRoZ18 has 30 seconds left.\n|inactive|Ogskive has 30 seconds left.\n|\n|t:|1700871057\n|switch|p2b: Transmutation|Rillaboom, L50, M|20\/100\n|-fieldstart|move: Grassy Terrain|[from] ability: Grassy Surge|[of] p2b: Transmutation\n|move|p2a: Abjuration|Protect|p2a: Abjuration\n|-singleturn|p2a: Abjuration|Protect\n|move|p1b: Tornadus|Bleakwind Storm|p2a: Abjuration|[spread] p2b\n|-activate|p2a: Abjuration|move: Protect\n|-supereffective|p2b: Transmutation\n|-damage|p2b: Transmutation|0 fnt\n|faint|p2b: Transmutation\n|move|p1a: Rillaboom|Wood Hammer|p2a: Abjuration\n|-activate|p2a: Abjuration|move: Protect\n|\n|-heal|p1a: Rillaboom|62\/100|[from] Grassy Terrain\n|-heal|p2a: Abjuration|42\/100|[from] Grassy Terrain\n|-heal|p2a: Abjuration|49\/100|[from] item: Leftovers\n|-damage|p1a: Rillaboom|50\/100|[from] move: Sand Tomb|[partiallytrapped]\n|-start|p1b: Tornadus|perish1\n|-start|p1a: Rillaboom|perish1\n|-start|p2a: Abjuration|perish1\n|upkeep\n|\n|t:|1700871077\n|switch|p2b: Necromancy|Altaria, L50, F|93\/100\n|-ability|p2b: Necromancy|Cloud Nine\n|turn|7\n|\n|t:|1700871091\n|move|p2b: Necromancy|Protect|p2b: Necromancy\n|-singleturn|p2b: Necromancy|Protect\n|move|p1b: Tornadus|Bleakwind Storm|p2b: Necromancy|[spread] p2a\n|-activate|p2b: Necromancy|move: Protect\n|-damage|p2a: Abjuration|31\/100\n|move|p1a: Rillaboom|Wood Hammer|p2a: Abjuration\n|-supereffective|p2a: Abjuration\n|-crit|p2a: Abjuration\n|-damage|p2a: Abjuration|0 fnt\n|faint|p2a: Abjuration\n|-damage|p1a: Rillaboom|37\/100|[from] Recoil\n|\n|-heal|p1a: Rillaboom|43\/100|[from] Grassy Terrain\n|-end|p1a: Rillaboom|Sand Tomb|[partiallytrapped]|[silent]\n|-start|p1b: Tornadus|perish0\n|-start|p1a: Rillaboom|perish0\n|faint|p1b: Tornadus\n|faint|p1a: Rillaboom\n|upkeep\n|\n|t:|1700871108\n|switch|p1b: Urshifu|Urshifu-Rapid-Strike, L50, M|100\/100\n|turn|8\n|\n|t:|1700871120\n|-terastallize|p1b: Urshifu|Water\n|move|p1b: Urshifu|Surging Strikes|p2b: Necromancy\n|-resisted|p2b: Necromancy\n|-crit|p2b: Necromancy\n|-damage|p2b: Necromancy|80\/100\n|-resisted|p2b: Necromancy\n|-crit|p2b: Necromancy\n|-damage|p2b: Necromancy|65\/100\n|-resisted|p2b: Necromancy\n|-crit|p2b: Necromancy\n|-damage|p2b: Necromancy|53\/100\n|-hitcount|p2b: Necromancy|3\n|move|p2b: Necromancy|Perish Song|p2b: Necromancy\n|-start|p1b: Urshifu|perish3|[silent]\n|-start|p2b: Necromancy|perish3|[silent]\n|-fieldactivate|move: Perish Song\n|\n|-start|p1b: Urshifu|perish3\n|-start|p2b: Necromancy|perish3\n|-sideend|p1: NeRoZ18|move: Tailwind\n|upkeep\n|turn|9\n|\n|t:|1700871136\n|move|p1b: Urshifu|Surging Strikes|p2b: Necromancy\n|-resisted|p2b: Necromancy\n|-crit|p2b: Necromancy\n|-damage|p2b: Necromancy|39\/100\n|-resisted|p2b: Necromancy\n|-crit|p2b: Necromancy\n|-damage|p2b: Necromancy|26\/100\n|-resisted|p2b: Necromancy\n|-crit|p2b: Necromancy\n|-damage|p2b: Necromancy|13\/100\n|-hitcount|p2b: Necromancy|3\n|move|p2b: Necromancy|Roost|p2b: Necromancy\n|-heal|p2b: Necromancy|63\/100\n|-singleturn|p2b: Necromancy|move: Roost\n|\n|-heal|p2b: Necromancy|69\/100|[from] Grassy Terrain\n|-start|p1b: Urshifu|perish2\n|-start|p2b: Necromancy|perish2\n|upkeep\n|turn|10\n|\n|t:|1700871154\n|move|p1b: Urshifu|Surging Strikes|p2b: Necromancy\n|-resisted|p2b: Necromancy\n|-crit|p2b: Necromancy\n|-damage|p2b: Necromancy|55\/100\n|-resisted|p2b: Necromancy\n|-crit|p2b: Necromancy\n|-damage|p2b: Necromancy|42\/100\n|-resisted|p2b: Necromancy\n|-crit|p2b: Necromancy\n|-damage|p2b: Necromancy|29\/100\n|-hitcount|p2b: Necromancy|3\n|move|p2b: Necromancy|Roost|p2b: Necromancy\n|-heal|p2b: Necromancy|79\/100\n|-singleturn|p2b: Necromancy|move: Roost\n|\n|-heal|p2b: Necromancy|85\/100|[from] Grassy Terrain\n|-start|p1b: Urshifu|perish1\n|-start|p2b: Necromancy|perish1\n|-fieldend|move: Grassy Terrain\n|upkeep\n|turn|11\n|c|\u2606Ogskive|gg\n|\n|t:|1700871174\n|move|p1b: Urshifu|Surging Strikes|p2b: Necromancy\n|-resisted|p2b: Necromancy\n|-crit|p2b: Necromancy\n|-damage|p2b: Necromancy|72\/100\n|-resisted|p2b: Necromancy\n|-crit|p2b: Necromancy\n|-damage|p2b: Necromancy|59\/100\n|-resisted|p2b: Necromancy\n|-crit|p2b: Necromancy\n|-damage|p2b: Necromancy|47\/100\n|-hitcount|p2b: Necromancy|3\n|move|p2b: Necromancy|Roost|p2b: Necromancy\n|-heal|p2b: Necromancy|97\/100\n|-singleturn|p2b: Necromancy|move: Roost\n|\n|-start|p1b: Urshifu|perish0\n|-start|p2b: Necromancy|perish0\n|upkeep\n|faint|p1b: Urshifu\n|faint|p2b: Necromancy\n|\n|win|Ogskive\n|raw|NeRoZ18's rating: 1158 &rarr; <strong>1131<\/strong><br \/>(-27 for losing)\n|raw|Ogskive's rating: 1127 &rarr; <strong>1154<\/strong><br \/>(+27 for winning)\n|l|\u203dNeRoZ18\n","uploadtime":1700871220,"views":2,"p1id":"neroz18","p2id":"ogskive","formatid":"gen9vgc2023regulatione","rating":1131,"private":0,"password":""}