{"id":"gen9vgc2023regulatione-1996715605","p1":"KimiTheWeeb","p2":"andrew_hooverr","format":"[Gen 9] VGC 2023 Regulation E","log":"|j|\u2606KimiTheWeeb\n|j|\u2606andrew_hooverr\n|t:|1700713584\n|gametype|doubles\n|player|p1|KimiTheWeeb|maid|1190\n|player|p2|andrew_hooverr|266|1302\n|teamsize|p1|6\n|teamsize|p2|6\n|gen|9\n|tier|[Gen 9] VGC 2023 Regulation E\n|rated|\n|rule|Species Clause: Limit one of each Pok\u00e9mon\n|rule|Item Clause: Limit one of each item\n|clearpoke\n|poke|p1|Kommo-o, L50, F|\n|poke|p1|Clefairy, L50, F|\n|poke|p1|Arcanine-Hisui, L50, M|\n|poke|p1|Rillaboom, L50, F|\n|poke|p1|Milotic, L50, M|\n|poke|p1|Flutter Mane, L50|\n|poke|p2|Goodra-Hisui, L50, F|\n|poke|p2|Grimmsnarl, L50, M|\n|poke|p2|Sinistcha-Masterpiece, L50|\n|poke|p2|Landorus-Therian, L50, M|\n|poke|p2|Rillaboom, L50, F|\n|poke|p2|Urshifu-*, L50, M|\n|teampreview|4\n|inactive|Battle timer is ON: inactive players will automatically lose when time's up. (requested by KimiTheWeeb)\n|\n|t:|1700713620\n|start\n|switch|p1a: Rillaboom|Rillaboom, L50, F|100\/100\n|switch|p1b: Flutter Mane|Flutter Mane, L50|100\/100\n|switch|p2a: Grimmsnarl|Grimmsnarl, L50, M|100\/100\n|switch|p2b: Goodra|Goodra-Hisui, L50, F|100\/100\n|-fieldstart|move: Grassy Terrain|[from] ability: Grassy Surge|[of] p1a: Rillaboom\n|-enditem|p1b: Flutter Mane|Booster Energy\n|-activate|p1b: Flutter Mane|ability: Protosynthesis|[fromitem]\n|-start|p1b: Flutter Mane|protosynthesisspe\n|turn|1\n|\n|t:|1700713645\n|move|p1a: Rillaboom|Fake Out|p2a: Grimmsnarl\n|-damage|p2a: Grimmsnarl|88\/100\n|cant|p2a: Grimmsnarl|flinch\n|move|p1b: Flutter Mane|Moonblast|p2a: Grimmsnarl\n|-supereffective|p2a: Grimmsnarl\n|-damage|p2a: Grimmsnarl|0 fnt\n|faint|p2a: Grimmsnarl\n|move|p2b: Goodra|Heavy Slam|p1b: Flutter Mane\n|-supereffective|p1b: Flutter Mane\n|-damage|p1b: Flutter Mane|0 fnt\n|faint|p1b: Flutter Mane\n|-end|p1b: Flutter Mane|Protosynthesis|[silent]\n|\n|upkeep\n|\n|t:|1700713659\n|switch|p1b: Kommo-o|Kommo-o, L50, F|100\/100\n|switch|p2a: Rillaboom|Rillaboom, L50, F|100\/100\n|turn|2\n|\n|t:|1700713672\n|move|p2a: Rillaboom|Fake Out|p1b: Kommo-o\n|-damage|p1b: Kommo-o|86\/100\n|cant|p1b: Kommo-o|flinch\n|move|p1a: Rillaboom|Knock Off|p2b: Goodra\n|-damage|p2b: Goodra|78\/100\n|-enditem|p2b: Goodra|Leftovers|[from] move: Knock Off|[of] p1a: Rillaboom\n|move|p2b: Goodra|Shelter|p2b: Goodra\n|-boost|p2b: Goodra|def|2\n|\n|-heal|p1b: Kommo-o|93\/100|[from] Grassy Terrain\n|-heal|p1b: Kommo-o|99\/100|[from] item: Leftovers\n|-heal|p2b: Goodra|84\/100|[from] Grassy Terrain\n|upkeep\n|turn|3\n|\n|t:|1700713691\n|move|p1b: Kommo-o|Clangorous Soul|p1b: Kommo-o\n|-boost|p1b: Kommo-o|atk|1\n|-boost|p1b: Kommo-o|def|1\n|-boost|p1b: Kommo-o|spa|1\n|-boost|p1b: Kommo-o|spd|1\n|-boost|p1b: Kommo-o|spe|1\n|-damage|p1b: Kommo-o|66\/100\n|move|p1a: Rillaboom|Knock Off|p2a: Rillaboom\n|-damage|p2a: Rillaboom|69\/100\n|-enditem|p2a: Rillaboom|Assault Vest|[from] move: Knock Off|[of] p1a: Rillaboom\n|move|p2a: Rillaboom|U-turn|p1a: Rillaboom\n|-supereffective|p1a: Rillaboom\n|-damage|p1a: Rillaboom|51\/100\n|\n|t:|1700713702\n|switch|p2a: Sinistcha|Sinistcha-Masterpiece, L50|100\/100|[from] U-turn\n|-heal|p2b: Goodra|100\/100|[from] ability: Hospitality|[of] p2a: Sinistcha\n|move|p2b: Goodra|Shelter|p2b: Goodra\n|-boost|p2b: Goodra|def|2\n|\n|-heal|p1b: Kommo-o|72\/100|[from] Grassy Terrain\n|-heal|p1b: Kommo-o|78\/100|[from] item: Leftovers\n|-heal|p1a: Rillaboom|57\/100|[from] Grassy Terrain\n|upkeep\n|turn|4\n|\n|t:|1700713722\n|switch|p1a: Clefairy|Clefairy, L50, F|100\/100\n|move|p1b: Kommo-o|Protect|p1b: Kommo-o\n|-singleturn|p1b: Kommo-o|Protect\n|move|p2a: Sinistcha|Matcha Gotcha|p1a: Clefairy|[spread] p1a\n|-activate|p1b: Kommo-o|move: Protect\n|-damage|p1a: Clefairy|78\/100\n|move|p2b: Goodra|Body Press|p1b: Kommo-o\n|-activate|p1b: Kommo-o|move: Protect\n|\n|-heal|p1b: Kommo-o|84\/100|[from] Grassy Terrain\n|-heal|p1b: Kommo-o|90\/100|[from] item: Leftovers\n|-heal|p1a: Clefairy|84\/100|[from] Grassy Terrain\n|upkeep\n|turn|5\n|\n|t:|1700713742\n|move|p1a: Clefairy|Follow Me|p1a: Clefairy\n|-singleturn|p1a: Clefairy|move: Follow Me\n|move|p1b: Kommo-o|Clangorous Soul|p1b: Kommo-o\n|-boost|p1b: Kommo-o|atk|1\n|-boost|p1b: Kommo-o|def|1\n|-boost|p1b: Kommo-o|spa|1\n|-boost|p1b: Kommo-o|spd|1\n|-boost|p1b: Kommo-o|spe|1\n|-damage|p1b: Kommo-o|57\/100\n|move|p2a: Sinistcha|Matcha Gotcha|p1b: Kommo-o|[spread] p1a,p1b\n|-resisted|p1b: Kommo-o\n|-damage|p1a: Clefairy|62\/100\n|-damage|p1b: Kommo-o|52\/100\n|move|p2b: Goodra|Shelter|p2b: Goodra\n|-boost|p2b: Goodra|def|2\n|\n|-heal|p1b: Kommo-o|58\/100|[from] Grassy Terrain\n|-heal|p1b: Kommo-o|64\/100|[from] item: Leftovers\n|-heal|p1a: Clefairy|68\/100|[from] Grassy Terrain\n|-fieldend|move: Grassy Terrain\n|upkeep\n|turn|6\n|inactive|andrew_hooverr has 30 seconds left.\n|\n|t:|1700713775\n|move|p1a: Clefairy|Follow Me|p1a: Clefairy\n|-singleturn|p1a: Clefairy|move: Follow Me\n|move|p1b: Kommo-o|Clangorous Soul|p1b: Kommo-o\n|-boost|p1b: Kommo-o|atk|1\n|-boost|p1b: Kommo-o|def|1\n|-boost|p1b: Kommo-o|spa|1\n|-boost|p1b: Kommo-o|spd|1\n|-boost|p1b: Kommo-o|spe|1\n|-damage|p1b: Kommo-o|31\/100\n|move|p2a: Sinistcha|Matcha Gotcha|p1b: Kommo-o|[spread] p1a,p1b\n|-resisted|p1b: Kommo-o\n|-damage|p1a: Clefairy|49\/100\n|-damage|p1b: Kommo-o|27\/100\n|move|p2b: Goodra|Body Press|p1a: Clefairy\n|-resisted|p1a: Clefairy\n|-damage|p1a: Clefairy|2\/100\n|\n|-heal|p1b: Kommo-o|33\/100|[from] item: Leftovers\n|upkeep\n|turn|7\n|\n|t:|1700713794\n|move|p1a: Clefairy|Follow Me|p1a: Clefairy\n|-singleturn|p1a: Clefairy|move: Follow Me\n|move|p1b: Kommo-o|Clanging Scales|p2a: Sinistcha|[spread] p2a,p2b\n|-damage|p2a: Sinistcha|0 fnt\n|-damage|p2b: Goodra|34\/100\n|faint|p2a: Sinistcha\n|-unboost|p1b: Kommo-o|def|1\n|move|p2b: Goodra|Body Press|p1a: Clefairy\n|-resisted|p1a: Clefairy\n|-damage|p1a: Clefairy|0 fnt\n|faint|p1a: Clefairy\n|\n|-heal|p1b: Kommo-o|40\/100|[from] item: Leftovers\n|upkeep\n|\n|t:|1700713809\n|switch|p2a: Rillaboom|Rillaboom, L50, F|69\/100\n|switch|p1a: Rillaboom|Rillaboom, L50, F|57\/100\n|-fieldstart|move: Grassy Terrain|[from] ability: Grassy Surge|[of] p1a: Rillaboom\n|turn|8\n|\n|t:|1700713830\n|-terastallize|p2b: Goodra|Water\n|move|p1b: Kommo-o|Protect|p1b: Kommo-o\n|-singleturn|p1b: Kommo-o|Protect\n|move|p1a: Rillaboom|Fake Out|p2b: Goodra\n|-damage|p2b: Goodra|32\/100\n|move|p2a: Rillaboom|U-turn|p1a: Rillaboom\n|-supereffective|p1a: Rillaboom\n|-damage|p1a: Rillaboom|7\/100\n|cant|p2b: Goodra|flinch\n|\n|-heal|p1b: Kommo-o|46\/100|[from] Grassy Terrain\n|-heal|p1b: Kommo-o|52\/100|[from] item: Leftovers\n|-heal|p1a: Rillaboom|13\/100|[from] Grassy Terrain\n|-heal|p2a: Rillaboom|74\/100|[from] Grassy Terrain\n|-heal|p2b: Goodra|37\/100|[from] Grassy Terrain\n|upkeep\n|turn|9\n|inactive|andrew_hooverr has 30 seconds left.\n|\n|t:|1700713857\n|move|p1a: Rillaboom|Grassy Glide|p2a: Rillaboom\n|-resisted|p2a: Rillaboom\n|-damage|p2a: Rillaboom|59\/100\n|move|p1b: Kommo-o|Clanging Scales|p2b: Goodra|[spread] p2a,p2b\n|-damage|p2a: Rillaboom|0 fnt\n|-damage|p2b: Goodra|0 fnt\n|faint|p2a: Rillaboom\n|faint|p2b: Goodra\n|\n|win|KimiTheWeeb\n|raw|KimiTheWeeb's rating: 1190 &rarr; <strong>1223<\/strong><br \/>(+33 for winning)\n|raw|andrew_hooverr's rating: 1302 &rarr; <strong>1276<\/strong><br \/>(-26 for losing)\n|l|\u2606andrew_hooverr\n","uploadtime":1700713946,"views":17,"p1id":"kimitheweeb","p2id":"andrewhooverr","formatid":"gen9vgc2023regulatione","rating":1223,"private":0,"password":""}