{"id":"gen9vgc2023regulatione-1997979022","p1":"Eleisson4","p2":"porygon peo","format":"[Gen 9] VGC 2023 Regulation E","log":"|j|\u2606Eleisson4\n|j|\u2606porygon peo\n|n|\u2606Eleisson4|eleisson4\n|n|\u2606porygon peo|porygonpeo\n|html|View the match progress at <a href=\"\/game-bestof3-gen9vgc2023regulatione-1997976334\">game-bestof3-gen9vgc2023regulatione-1997976334<\/a>\n|t:|1700874712\n|gametype|doubles\n|player|p1|Eleisson4|101|\n|player|p2|porygon peo|169|\n|teamsize|p1|6\n|teamsize|p2|6\n|gen|9\n|tier|[Gen 9] VGC 2023 Regulation E\n|rule|Species Clause: Limit one of each Pok\u00e9mon\n|rule|Item Clause: Limit one of each item\n|clearpoke\n|poke|p1|Iron Hands, L50|\n|poke|p1|Flutter Mane, L50|\n|poke|p1|Heatran, L50, F|\n|poke|p1|Chien-Pao, L50|\n|poke|p1|Ogerpon-Wellspring, L50, F|\n|poke|p1|Amoonguss, L50, F|\n|poke|p2|Landorus-Therian, L50, M|\n|poke|p2|Ogerpon-Wellspring, L50, F|\n|poke|p2|Heatran, L50, F|\n|poke|p2|Iron Hands, L50|\n|poke|p2|Farigiraf, L50, M|\n|poke|p2|Ninetales-Alola, L50, F|\n|teampreview|4\nEleisson4 has agreed to open team sheets.\nporygon peo has agreed to open team sheets.\n|showteam|p1|Iron Hands||BoosterEnergy|QuarkDrive|SwordsDance,IcePunch,WildCharge,DrainPunch||||||50|,,,,,Ground]Flutter Mane||ChoiceSpecs|Protosynthesis|MysticalFire,ShadowBall,DazzlingGleam,PowerGem||||||50|,,,,,Fairy]Heatran||SitrusBerry|FlashFire|HeatWave,FlashCannon,EarthPower,Protect|||F|||50|,,,,,Grass]Chien-Pao||FocusSash|SwordofRuin|IceSpinner,SuckerPunch,PsychicFangs,Protect||||||50|,,,,,Ghost]Ogerpon-Wellspring||WellspringMask|WaterAbsorb|IvyCudgel,HornLeech,Taunt,SpikyShield|||F|||50|,,,,,Water]Amoonguss||AguavBerry|Regenerator|Spore,RagePowder,PollenPuff,ClearSmog|||F|||50|,,,,,Water\n|showteam|p2|Landorus-Therian||ChoiceScarf|Intimidate|StompingTantrum,RockSlide,Uturn,TeraBlast|||M|||50|,,,,,Flying]Ogerpon-Wellspring||WellspringMask|WaterAbsorb|HornLeech,IvyCudgel,SwordsDance,SpikyShield|||F|||50|,,,,,Water]Heatran||Leftovers|FlashFire|MagmaStorm,EarthPower,TeraBlast,Protect|||F|||50|,,,,,Grass]Iron Hands||AssaultVest|QuarkDrive|FakeOut,DrainPunch,WildCharge,HeavySlam||||||50|,,,,,Water]Farigiraf||SitrusBerry|ArmorTail|Psychic,DazzlingGleam,TrickRoom,Protect|||M|||50|,,,,,Fairy]Ninetales-Alola||LightClay|SnowWarning|IcyWind,Moonblast,AuroraVeil,Protect|||F|||50|,,,,,Water\n|inactive|Battle timer is ON: inactive players will automatically lose when time's up. (requested by porygon peo)\n|inactive|Eleisson4 has 60 seconds left.\n|inactive|porygon peo has 60 seconds left.\n|\n|t:|1700874760\n|start\n|switch|p1a: Iron Hands|Iron Hands, L50, shiny|100\/100\n|switch|p1b: Chien-Pao|Chien-Pao, L50|100\/100\n|switch|p2a: Landorus|Landorus-Therian, L50, M|100\/100\n|switch|p2b: Ninetales|Ninetales-Alola, L50, F|100\/100\n|-ability|p2a: Landorus|Intimidate|boost\n|-unboost|p1a: Iron Hands|atk|1\n|-unboost|p1b: Chien-Pao|atk|1\n|-ability|p1b: Chien-Pao|Sword of Ruin\n|-weather|Snow|[from] ability: Snow Warning|[of] p2b: Ninetales\n|-enditem|p1a: Iron Hands|Booster Energy\n|-activate|p1a: Iron Hands|ability: Quark Drive|[fromitem]\n|-start|p1a: Iron Hands|quarkdrivedef\n|turn|1\n|inactive|porygon peo has 30 seconds left.\n|\n|t:|1700874786\n|move|p1b: Chien-Pao|Protect|p1b: Chien-Pao\n|-singleturn|p1b: Chien-Pao|Protect\n|move|p2a: Landorus|U-turn|p1a: Iron Hands\n|-resisted|p1a: Iron Hands\n|-damage|p1a: Iron Hands|93\/100\n|\n|t:|1700874792\n|switch|p2a: Iron Hands|Iron Hands, L50|100\/100|[from] U-turn\n|move|p2b: Ninetales|Aurora Veil|p2b: Ninetales\n|-sidestart|p2: porygon peo|move: Aurora Veil\n|move|p1a: Iron Hands|Ice Punch|p2a: Iron Hands\n|-damage|p2a: Iron Hands|91\/100\n|\n|-weather|Snow|[upkeep]\n|upkeep\n|turn|2\n|\n|t:|1700874810\n|switch|p1b: Amoonguss|Amoonguss, L50, F, shiny|100\/100\n|move|p2b: Ninetales|Icy Wind|p1b: Amoonguss|[spread] p1a,p1b\n|-supereffective|p1b: Amoonguss\n|-damage|p1a: Iron Hands|85\/100\n|-damage|p1b: Amoonguss|82\/100\n|-unboost|p1a: Iron Hands|spe|1\n|-unboost|p1b: Amoonguss|spe|1\n|move|p2a: Iron Hands|Heavy Slam|p1b: Amoonguss\n|-damage|p1b: Amoonguss|44\/100\n|move|p1a: Iron Hands|Swords Dance|p1a: Iron Hands\n|-boost|p1a: Iron Hands|atk|2\n|\n|-weather|Snow|[upkeep]\n|upkeep\n|turn|3\n|inactive|Eleisson4 has 30 seconds left.\n|inactive|porygon peo has 30 seconds left.\n|inactive|Eleisson4 has 20 seconds left.\n|\n|t:|1700874846\n|move|p2b: Ninetales|Moonblast|p1b: Amoonguss\n|-resisted|p1b: Amoonguss\n|-damage|p1b: Amoonguss|31\/100\n|move|p2a: Iron Hands|Heavy Slam|p1b: Amoonguss\n|-damage|p1b: Amoonguss|0 fnt\n|faint|p1b: Amoonguss\n|move|p1a: Iron Hands|Swords Dance|p1a: Iron Hands\n|-boost|p1a: Iron Hands|atk|2\n|\n|-weather|Snow|[upkeep]\n|upkeep\n|\n|t:|1700874858\n|switch|p1b: Chien-Pao|Chien-Pao, L50|100\/100\n|-ability|p1b: Chien-Pao|Sword of Ruin\n|turn|4\n|inactive|porygon peo has 30 seconds left.\n|inactive|Eleisson4 has 30 seconds left.\n|inactive|Eleisson4 has 20 seconds left.\n|inactive|Eleisson4 has 15 seconds left.\n|\n|t:|1700874904\n|switch|p2b: Landorus|Landorus-Therian, L50, M|100\/100\n|-ability|p2b: Landorus|Intimidate|boost\n|-unboost|p1a: Iron Hands|atk|1\n|-unboost|p1b: Chien-Pao|atk|1\n|move|p1b: Chien-Pao|Protect|p1b: Chien-Pao\n|-singleturn|p1b: Chien-Pao|Protect\n|move|p2a: Iron Hands|Heavy Slam|p1b: Chien-Pao\n|-activate|p1b: Chien-Pao|move: Protect\n|move|p1a: Iron Hands|Drain Punch|p2a: Iron Hands\n|-damage|p2a: Iron Hands|46\/100\n|-heal|p1a: Iron Hands|100\/100|[from] drain|[of] p2a: Iron Hands\n|\n|-weather|Snow|[upkeep]\n|upkeep\n|turn|5\n|inactive|Eleisson4 has 30 seconds left.\n|inactive|porygon peo has 30 seconds left.\n|inactive|Eleisson4 has 20 seconds left.\n|inactive|Eleisson4 has 15 seconds left.\n|inactive|Eleisson4 has 10 seconds left.\n|inactive|Eleisson4 has 5 seconds left.\n|\n|t:|1700874956\n|-end|p2a: Iron Hands|Quark Drive|[silent]\n|switch|p2a: Ninetales|Ninetales-Alola, L50, F|100\/100\n|move|p2b: Landorus|U-turn|p1b: Chien-Pao\n|-supereffective|p1b: Chien-Pao\n|-damage|p1b: Chien-Pao|47\/100\n|\n|t:|1700874966\n|switch|p2b: Heatran|Heatran, L50, F|100\/100|[from] U-turn\n|move|p1b: Chien-Pao|Psychic Fangs|p2a: Ninetales\n|-sideend|p2: porygon peo|move: Aurora Veil\n|-damage|p2a: Ninetales|79\/100\n|move|p1a: Iron Hands|Ice Punch|p2b: Heatran\n|-resisted|p2b: Heatran\n|-damage|p2b: Heatran|89\/100\n|\n|-weather|none\n|-heal|p2b: Heatran|95\/100|[from] item: Leftovers\n|upkeep\n|turn|6\n|inactive|Eleisson4 has 30 seconds left.\n|inactive|porygon peo has 30 seconds left.\n|\n|t:|1700874994\n|move|p1b: Chien-Pao|Protect|p1b: Chien-Pao\n|-singleturn|p1b: Chien-Pao|Protect\n|move|p2b: Heatran|Protect|p2b: Heatran\n|-singleturn|p2b: Heatran|Protect\n|move|p2a: Ninetales|Moonblast|p1b: Chien-Pao\n|-activate|p1b: Chien-Pao|move: Protect\n|move|p1a: Iron Hands|Drain Punch|p2b: Heatran\n|-activate|p2b: Heatran|move: Protect\n|\n|-heal|p2b: Heatran|100\/100|[from] item: Leftovers\n|upkeep\n|turn|7\n|inactive|porygon peo has 30 seconds left.\n|\n|t:|1700875027\n|switch|p1b: Heatran|Heatran, L50, F, shiny|100\/100\n|switch|p2b: Landorus|Landorus-Therian, L50, M|100\/100\n|-ability|p2b: Landorus|Intimidate|boost\n|-unboost|p1a: Iron Hands|atk|1\n|-unboost|p1b: Heatran|atk|1\n|move|p2a: Ninetales|Moonblast|p1b: Heatran\n|-resisted|p1b: Heatran\n|-damage|p1b: Heatran|93\/100\n|move|p1a: Iron Hands|Ice Punch|p2b: Landorus\n|-supereffective|p2b: Landorus\n|-damage|p2b: Landorus|0 fnt\n|faint|p2b: Landorus\n|\n|upkeep\n|\n|t:|1700875037\n|switch|p2b: Heatran|Heatran, L50, F|100\/100\n|turn|8\n|inactive|Eleisson4 has 30 seconds left.\n|inactive|Eleisson4 has 20 seconds left.\n|\n|t:|1700875074\n|-terastallize|p1b: Heatran|Grass\n|-terastallize|p2b: Heatran|Grass\n|move|p2a: Ninetales|Moonblast|p1a: Iron Hands\n|-supereffective|p1a: Iron Hands\n|-damage|p1a: Iron Hands|59\/100\n|-unboost|p1a: Iron Hands|spa|1\n|move|p1b: Heatran|Flash Cannon|p2a: Ninetales\n|-supereffective|p2a: Ninetales\n|-damage|p2a: Ninetales|0 fnt\n|faint|p2a: Ninetales\n|move|p2b: Heatran|Magma Storm|p1a: Iron Hands\n|-damage|p1a: Iron Hands|24\/100\n|-activate|p1a: Iron Hands|move: Magma Storm|[of] p2b: Heatran\n|move|p1a: Iron Hands|Drain Punch|p2b: Heatran\n|-damage|p2b: Heatran|59\/100\n|-heal|p1a: Iron Hands|42\/100|[from] drain|[of] p2b: Heatran\n|\n|-heal|p2b: Heatran|65\/100|[from] item: Leftovers\n|-damage|p1a: Iron Hands|30\/100|[from] move: Magma Storm|[partiallytrapped]\n|upkeep\n|\n|t:|1700875092\n|switch|p2a: Iron Hands|Iron Hands, L50|46\/100\n|turn|9\n|\n|t:|1700875112\n|move|p2a: Iron Hands|Fake Out|p1b: Heatran\n|-damage|p1b: Heatran|78\/100\n|cant|p1b: Heatran|flinch\n|move|p2b: Heatran|Earth Power|p1a: Iron Hands\n|-supereffective|p1a: Iron Hands\n|-damage|p1a: Iron Hands|0 fnt\n|faint|p1a: Iron Hands\n|-end|p1a: Iron Hands|Quark Drive|[silent]\n|\n|-heal|p2b: Heatran|72\/100|[from] item: Leftovers\n|upkeep\n|\n|t:|1700875122\n|switch|p1a: Chien-Pao|Chien-Pao, L50|47\/100\n|-ability|p1a: Chien-Pao|Sword of Ruin\n|turn|10\n|\n|t:|1700875140\n|move|p1a: Chien-Pao|Protect|p1a: Chien-Pao\n|-singleturn|p1a: Chien-Pao|Protect\n|move|p1b: Heatran|Earth Power|p2a: Iron Hands\n|-supereffective|p2a: Iron Hands\n|-damage|p2a: Iron Hands|13\/100\n|move|p2b: Heatran|Tera Blast|p1a: Chien-Pao|[anim] Tera Blast Grass\n|-activate|p1a: Chien-Pao|move: Protect\n|move|p2a: Iron Hands|Drain Punch|p1b: Heatran\n|-damage|p1b: Heatran|23\/100\n|-heal|p2a: Iron Hands|33\/100|[from] drain|[of] p1b: Heatran\n|-enditem|p1b: Heatran|Sitrus Berry|[eat]\n|-heal|p1b: Heatran|48\/100|[from] item: Sitrus Berry\n|\n|-heal|p2b: Heatran|78\/100|[from] item: Leftovers\n|upkeep\n|turn|11\n|inactive|Eleisson4 has 30 seconds left.\n|\n|t:|1700875170\n|move|p1a: Chien-Pao|Ice Spinner|p2b: Heatran\n|-supereffective|p2b: Heatran\n|-damage|p2b: Heatran|0 fnt\n|faint|p2b: Heatran\n|move|p1b: Heatran|Earth Power|p2a: Iron Hands\n|-supereffective|p2a: Iron Hands\n|-damage|p2a: Iron Hands|1\/100\n|move|p2a: Iron Hands|Drain Punch|p1a: Chien-Pao\n|-supereffective|p1a: Chien-Pao\n|-damage|p1a: Chien-Pao|0 fnt\n|-heal|p2a: Iron Hands|16\/100|[from] drain|[of] p1a: Chien-Pao\n|faint|p1a: Chien-Pao\n|\n|upkeep\n|turn|12\n|\n|t:|1700875183\n|move|p1b: Heatran|Earth Power|p2a: Iron Hands\n|-supereffective|p2a: Iron Hands\n|-damage|p2a: Iron Hands|0 fnt\n|faint|p2a: Iron Hands\n|-end|p2a: Iron Hands|Quark Drive|[silent]\n|\n|win|Eleisson4\n|c|&|\/uhtml prompt-eleisson4,Eleisson4 is ready for game 3!\n|c|&|\/uhtml prompt-porygonpeo,porygon peo is ready for game 3!\nBoth players are ready! Starting next match!\n|l|\u2606porygon peo\n","uploadtime":1700876219,"views":2,"p1id":"eleisson4","p2id":"porygonpeo","formatid":"gen9vgc2023regulatione","rating":0,"private":0,"password":""}