{"id":"gen9vgc2023regulatione-1998311699","p1":"cl123","p2":"Brijesh121","format":"[Gen 9] VGC 2023 Regulation E","log":"|j|\u2606cl123\n|j|\u2606Brijesh121\n|t:|1700928015\n|gametype|doubles\n|player|p1|cl123|170|1306\n|player|p2|Brijesh121|karen|1320\n|teamsize|p1|6\n|teamsize|p2|6\n|gen|9\n|tier|[Gen 9] VGC 2023 Regulation E\n|rated|\n|rule|Species Clause: Limit one of each Pok\u00e9mon\n|rule|Item Clause: Limit one of each item\n|clearpoke\n|poke|p1|Chien-Pao, L50|\n|poke|p1|Scizor, L50, F|\n|poke|p1|Chi-Yu, L50|\n|poke|p1|Perrserker, L50, F|\n|poke|p1|Dragonite, L50, F|\n|poke|p1|Munkidori, L50, M|\n|poke|p2|Tatsugiri, L50, F|\n|poke|p2|Dondozo, L50, M|\n|poke|p2|Flutter Mane, L50|\n|poke|p2|Scream Tail, L50|\n|poke|p2|Flamigo, L50, F|\n|poke|p2|Gothitelle, L50, F|\n|teampreview|4\n|inactive|Battle timer is ON: inactive players will automatically lose when time's up. (requested by Brijesh121)\n|\n|t:|1700928104\n|start\n|switch|p1a: Scizor|Scizor, L50, F|100\/100\n|switch|p1b: Chien-Pao|Chien-Pao, L50|100\/100\n|switch|p2a: Tatsugiri|Tatsugiri, L50, F|100\/100\n|switch|p2b: Scream Tail|Scream Tail, L50|100\/100\n|-ability|p1b: Chien-Pao|Sword of Ruin\n|turn|1\n|\n|t:|1700928126\n|-terastallize|p2b: Scream Tail|Steel\n|-terastallize|p1a: Scizor|Steel\n|move|p1b: Chien-Pao|Protect|p1b: Chien-Pao\n|-singleturn|p1b: Chien-Pao|Protect\n|move|p1a: Scizor|Bullet Punch|p2b: Scream Tail\n|-resisted|p2b: Scream Tail\n|-damage|p2b: Scream Tail|73\/100\n|-damage|p1a: Scizor|90\/100|[from] item: Life Orb\n|move|p2b: Scream Tail|Perish Song|p2b: Scream Tail\n|-start|p1a: Scizor|perish3|[silent]\n|-start|p1b: Chien-Pao|perish3|[silent]\n|-start|p2a: Tatsugiri|perish3|[silent]\n|-start|p2b: Scream Tail|perish3|[silent]\n|-fieldactivate|move: Perish Song\n|move|p2a: Tatsugiri|Muddy Water|p1b: Chien-Pao|[spread] p1a\n|-activate|p1b: Chien-Pao|move: Protect\n|-damage|p1a: Scizor|62\/100\n|\n|-start|p1b: Chien-Pao|perish3\n|-start|p2b: Scream Tail|perish3\n|-start|p2a: Tatsugiri|perish3\n|-start|p1a: Scizor|perish3\n|upkeep\n|turn|2\n|inactive|cl123 has 30 seconds left.\n|\n|t:|1700928161\n|switch|p1b: Perrserker|Perrserker, L50, F|100\/100\n|move|p2a: Tatsugiri|Protect|p2a: Tatsugiri\n|-singleturn|p2a: Tatsugiri|Protect\n|move|p2b: Scream Tail|Play Rough|p1b: Perrserker\n|-resisted|p1b: Perrserker\n|-damage|p1b: Perrserker|89\/100\n|move|p1a: Scizor|Close Combat|p2b: Scream Tail\n|-supereffective|p2b: Scream Tail\n|-damage|p2b: Scream Tail|0 fnt\n|-unboost|p1a: Scizor|def|1\n|-unboost|p1a: Scizor|spd|1\n|faint|p2b: Scream Tail\n|-end|p2b: Scream Tail|Protosynthesis|[silent]\n|-damage|p1a: Scizor|52\/100|[from] item: Life Orb\n|\n|-start|p2a: Tatsugiri|perish2\n|-start|p1a: Scizor|perish2\n|upkeep\n|\n|t:|1700928174\n|switch|p2b: Dondozo|Dondozo, L50, M|100\/100\n|-activate|p2a: Tatsugiri|ability: Commander|[of] p2b: Dondozo\n|-boost|p2b: Dondozo|atk|2\n|-boost|p2b: Dondozo|spa|2\n|-boost|p2b: Dondozo|spe|2\n|-boost|p2b: Dondozo|def|2\n|-boost|p2b: Dondozo|spd|2\n|turn|3\n|\n|t:|1700928189\n|switch|p1a: Chien-Pao|Chien-Pao, L50|100\/100\n|-ability|p1a: Chien-Pao|Sword of Ruin\n|move|p2b: Dondozo|Protect|p2b: Dondozo\n|-singleturn|p2b: Dondozo|Protect\n|move|p1b: Perrserker|Fake Out|p2b: Dondozo\n|-activate|p2b: Dondozo|move: Protect\n|\n|-start|p2a: Tatsugiri|perish1\n|upkeep\n|turn|4\n|inactive|cl123 has 30 seconds left.\n|\n|t:|1700928217\n|move|p1a: Chien-Pao|Haze|p1a: Chien-Pao\n|-clearallboost\n|move|p2b: Dondozo|Wave Crash|p1b: Perrserker\n|-damage|p1b: Perrserker|16\/100\n|-enditem|p1b: Perrserker|Sitrus Berry|[eat]\n|-heal|p1b: Perrserker|41\/100|[from] item: Sitrus Berry\n|-damage|p2b: Dondozo|82\/100|[from] Recoil\n|move|p1b: Perrserker|Iron Head|p2b: Dondozo\n|-resisted|p2b: Dondozo\n|-damage|p2b: Dondozo|62\/100\n|\n|-heal|p2b: Dondozo|68\/100|[from] item: Leftovers\n|-start|p2a: Tatsugiri|perish0\n|upkeep\n|faint|p2a: Tatsugiri\n|\n|t:|1700928228\n|switch|p2a: Flamigo|Flamigo, L50, F|100\/100\n|-copyboost|p2a: Flamigo|p2b: Dondozo|[from] ability: Costar\n|turn|5\n|inactive|cl123 has 30 seconds left.\n|inactive|cl123 has 20 seconds left.\n|inactive|cl123 has 15 seconds left.\n|\n|t:|1700928273\n|move|p1a: Chien-Pao|Ice Spinner|p2a: Flamigo\n|-supereffective|p2a: Flamigo\n|-damage|p2a: Flamigo|0 fnt\n|faint|p2a: Flamigo\n|move|p2b: Dondozo|Wave Crash|p1b: Perrserker\n|-crit|p1b: Perrserker\n|-damage|p1b: Perrserker|0 fnt\n|faint|p1b: Perrserker\n|-damage|p2b: Dondozo|58\/100|[from] Recoil\n|\n|-heal|p2b: Dondozo|64\/100|[from] item: Leftovers\n|upkeep\n|\n|t:|1700928286\n|switch|p1b: Chi-Yu|Chi-Yu, L50|100\/100\n|-ability|p1b: Chi-Yu|Beads of Ruin\n|turn|6\n|\n|t:|1700928298\n|move|p1a: Chien-Pao|Sucker Punch|p2b: Dondozo\n|-damage|p2b: Dondozo|31\/100\n|move|p1b: Chi-Yu|Dark Pulse|p2b: Dondozo\n|-damage|p2b: Dondozo|0 fnt\n|faint|p2b: Dondozo\n|\n|win|cl123\n|raw|cl123's rating: 1306 &rarr; <strong>1327<\/strong><br \/>(+21 for winning)\n|raw|Brijesh121's rating: 1320 &rarr; <strong>1299<\/strong><br \/>(-21 for losing)\n|l|\u2606Brijesh121\n","uploadtime":1700928313,"views":9,"p1id":"cl123","p2id":"brijesh121","formatid":"gen9vgc2023regulatione","rating":1299,"private":0,"password":""}