{"id":"gen9vgc2023regulatione-1993972445","p1":"Araf Zaman","p2":"TrapTus","format":"[Gen 9] VGC 2023 Regulation E","log":"|j|\u2606Araf Zaman\n|j|\u2606TrapTus\n|t:|1700385823\n|gametype|doubles\n|player|p1|Araf Zaman|1|1467\n|player|p2|TrapTus|1|1353\n|teamsize|p1|6\n|teamsize|p2|6\n|gen|9\n|tier|[Gen 9] VGC 2023 Regulation E\n|rated|\n|rule|Species Clause: Limit one of each Pok\u00e9mon\n|rule|Item Clause: Limit one of each item\n|clearpoke\n|poke|p1|Chien-Pao, L50|\n|poke|p1|Tornadus, L50, M|\n|poke|p1|Iron Hands, L50|\n|poke|p1|Flutter Mane, L50|\n|poke|p1|Arcanine-Hisui, L50, M|\n|poke|p1|Ogerpon-Wellspring, L50, F|\n|poke|p2|Tornadus, L50, M|\n|poke|p2|Flutter Mane, L50|\n|poke|p2|Roaring Moon, L50|\n|poke|p2|Iron Hands, L50|\n|poke|p2|Landorus-Therian, L50, M|\n|poke|p2|Gholdengo, L50|\n|teampreview|4\nAraf Zaman has agreed to open team sheets.\n|\n|t:|1700385848\n|start\n|switch|p1a: Tornadus|Tornadus, L50, M|100\/100\n|switch|p1b: Arcanine|Arcanine-Hisui, L50, M|100\/100\n|switch|p2a: Flutter Mane|Flutter Mane, L50|100\/100\n|switch|p2b: Roaring Moon|Roaring Moon, L50|100\/100\n|-ability|p1b: Arcanine|Intimidate|boost\n|-unboost|p2a: Flutter Mane|atk|1\n|-unboost|p2b: Roaring Moon|atk|1\n|-enditem|p2b: Roaring Moon|Booster Energy\n|-activate|p2b: Roaring Moon|ability: Protosynthesis|[fromitem]\n|-start|p2b: Roaring Moon|protosynthesisspe\n|turn|1\n|\n|t:|1700385879\n|move|p1a: Tornadus|Tailwind|p1a: Tornadus\n|-sidestart|p1: Araf Zaman|move: Tailwind\n|move|p2b: Roaring Moon|Knock Off|p1b: Arcanine\n|-damage|p1b: Arcanine|58\/100\n|-enditem|p1b: Arcanine|Clear Amulet|[from] move: Knock Off|[of] p2b: Roaring Moon\n|move|p1b: Arcanine|Rock Slide|p2a: Flutter Mane|[spread] p2a,p2b\n|-damage|p2a: Flutter Mane|52\/100\n|-damage|p2b: Roaring Moon|61\/100\n|move|p2a: Flutter Mane|Shadow Ball|p1b: Arcanine\n|-damage|p1b: Arcanine|0 fnt\n|faint|p1b: Arcanine\n|\n|upkeep\n|\n|t:|1700385897\n|switch|p1b: Flutter Mane|Flutter Mane, L50|100\/100\n|-enditem|p1b: Flutter Mane|Booster Energy\n|-activate|p1b: Flutter Mane|ability: Protosynthesis|[fromitem]\n|-start|p1b: Flutter Mane|protosynthesisspe\n|turn|2\n|\n|t:|1700385915\n|-terastallize|p1b: Flutter Mane|Fairy\n|move|p2b: Roaring Moon|Protect|p2b: Roaring Moon\n|-singleturn|p2b: Roaring Moon|Protect\n|move|p1b: Flutter Mane|Dazzling Gleam|p2a: Flutter Mane|[spread] p2a\n|-activate|p2b: Roaring Moon|move: Protect\n|-damage|p2a: Flutter Mane|15\/100\n|move|p1a: Tornadus|Bleakwind Storm|p2a: Flutter Mane|[spread] p2a\n|-activate|p2b: Roaring Moon|move: Protect\n|-damage|p2a: Flutter Mane|0 fnt\n|faint|p2a: Flutter Mane\n|-end|p2a: Flutter Mane|Protosynthesis|[silent]\n|\n|upkeep\n|\n|t:|1700385928\n|switch|p2a: Gholdengo|Gholdengo, L50|100\/100\n|turn|3\n|\n|t:|1700385946\n|switch|p1a: Iron Hands|Iron Hands, L50|100\/100\n|-terastallize|p2a: Gholdengo|Water\n|move|p2b: Roaring Moon|Protect||[still]\n|-fail|p2b: Roaring Moon\n|move|p1b: Flutter Mane|Dazzling Gleam|p2b: Roaring Moon|[spread] p2a,p2b\n|-supereffective|p2b: Roaring Moon\n|-damage|p2a: Gholdengo|61\/100\n|-damage|p2b: Roaring Moon|0 fnt\n|faint|p2b: Roaring Moon\n|-end|p2b: Roaring Moon|Protosynthesis|[silent]\n|move|p2a: Gholdengo|Make It Rain|p1a: Iron Hands|[spread] p1a,p1b\n|-resisted|p1a: Iron Hands\n|-supereffective|p1b: Flutter Mane\n|-damage|p1a: Iron Hands|88\/100\n|-damage|p1b: Flutter Mane|14\/100\n|-unboost|p2a: Gholdengo|spa|1\n|\n|-heal|p2a: Gholdengo|67\/100|[from] item: Leftovers\n|upkeep\n|\n|t:|1700385963\n|switch|p2b: Tornadus|Tornadus, L50, M|100\/100\n|turn|4\n|\n|t:|1700385981\n|move|p1b: Flutter Mane|Protect|p1b: Flutter Mane\n|-singleturn|p1b: Flutter Mane|Protect\n|move|p1a: Iron Hands|Wild Charge|p2b: Tornadus\n|-supereffective|p2b: Tornadus\n|-damage|p2b: Tornadus|0 fnt\n|faint|p2b: Tornadus\n|-damage|p1a: Iron Hands|69\/100|[from] Recoil\n|move|p2a: Gholdengo|Shadow Ball|p1b: Flutter Mane\n|-activate|p1b: Flutter Mane|move: Protect\n|\n|-heal|p2a: Gholdengo|73\/100|[from] item: Leftovers\n|-sideend|p1: Araf Zaman|move: Tailwind\n|upkeep\n|turn|5\n|-message|TrapTus forfeited.\n|\n|win|Araf Zaman\n|raw|Araf Zaman's rating: 1467 &rarr; <strong>1481<\/strong><br \/>(+14 for winning)\n|raw|TrapTus's rating: 1353 &rarr; <strong>1339<\/strong><br \/>(-14 for losing)\n|l|\u2606TrapTus\n","uploadtime":1700386015,"views":9,"p1id":"arafzaman","p2id":"traptus","formatid":"gen9vgc2023regulatione","rating":1339,"private":0,"password":""}