{"id":"gen9vgc2023regulatione-1999524305","p1":"Lucawufflekinz","p2":"Umbrella_Day","format":"[Gen 9] VGC 2023 Regulation E","log":"|j|\u2606Lucawufflekinz\n|j|\u2606Umbrella_Day\n|t:|1701092386\n|gametype|doubles\n|player|p1|Lucawufflekinz|169|1186\n|player|p2|Umbrella_Day|lady-gen4|1151\n|teamsize|p1|6\n|teamsize|p2|6\n|gen|9\n|tier|[Gen 9] VGC 2023 Regulation E\n|rated|\n|rule|Species Clause: Limit one of each Pok\u00e9mon\n|rule|Item Clause: Limit one of each item\n|clearpoke\n|poke|p1|Scream Tail, L50|\n|poke|p1|Ninetales-Alola, L50, F|\n|poke|p1|Baxcalibur, L50, F|\n|poke|p1|Arcanine-Hisui, L50, M|\n|poke|p1|Ogerpon, L50, F|\n|poke|p1|Gyarados, L50, F|\n|poke|p2|Samurott-Hisui, L50, M|\n|poke|p2|Ogerpon-Hearthflame, L50, F|\n|poke|p2|Sinistcha, L50|\n|poke|p2|Ting-Lu, L50|\n|poke|p2|Iron Hands, L50|\n|poke|p2|Iron Bundle, L50|\n|teampreview|4\nUmbrella_Day has agreed to open team sheets.\n|\n|t:|1701092425\n|start\n|switch|p1a: Scream Tail|Scream Tail, L50|100\/100\n|switch|p1b: Gyarados|Gyarados, L50, F|100\/100\n|switch|p2a: Iron Bundle|Iron Bundle, L50|100\/100\n|switch|p2b: Ogerpon|Ogerpon-Hearthflame, L50, F|100\/100\n|-ability|p2b: Ogerpon|Mold Breaker\n|-ability|p1b: Gyarados|Intimidate|boost\n|-unboost|p2a: Iron Bundle|atk|1\n|-unboost|p2b: Ogerpon|atk|1\n|-enditem|p2a: Iron Bundle|Booster Energy\n|-activate|p2a: Iron Bundle|ability: Quark Drive|[fromitem]\n|-start|p2a: Iron Bundle|quarkdrivespe\n|-enditem|p1a: Scream Tail|Booster Energy\n|-activate|p1a: Scream Tail|ability: Protosynthesis|[fromitem]\n|-start|p1a: Scream Tail|protosynthesisspe\n|turn|1\n|\n|t:|1701092452\n|switch|p1b: Ninetales|Ninetales-Alola, L50, F|100\/100\n|-weather|Snow|[from] ability: Snow Warning|[of] p1b: Ninetales\n|move|p2b: Ogerpon|Spiky Shield|p2b: Ogerpon\n|-singleturn|p2b: Ogerpon|move: Protect\n|move|p2a: Iron Bundle|Icy Wind|p1b: Ninetales|[spread] p1a,p1b\n|-resisted|p1b: Ninetales\n|-damage|p1a: Scream Tail|85\/100\n|-damage|p1b: Ninetales|91\/100\n|-unboost|p1a: Scream Tail|spe|1\n|-unboost|p1b: Ninetales|spe|1\n|move|p1a: Scream Tail|Encore|p2a: Iron Bundle\n|-start|p2a: Iron Bundle|Encore\n|\n|-weather|Snow|[upkeep]\n|upkeep\n|turn|2\n|\n|t:|1701092486\n|-terastallize|p2b: Ogerpon|Fire\n|detailschange|p2b: Ogerpon|Ogerpon-Hearthflame-Tera, L50, F, tera:Fire\n|-ability|p2b: Ogerpon|Embody Aspect (Hearthflame)|boost\n|-boost|p2b: Ogerpon|atk|1\n|-terastallize|p1b: Ninetales|Water\n|move|p2a: Iron Bundle|Icy Wind|p1a: Scream Tail|[spread] p1a,p1b\n|-crit|p1a: Scream Tail\n|-resisted|p1b: Ninetales\n|-damage|p1a: Scream Tail|63\/100\n|-damage|p1b: Ninetales|81\/100\n|-unboost|p1a: Scream Tail|spe|1\n|-unboost|p1b: Ninetales|spe|1\n|move|p2b: Ogerpon|Ivy Cudgel|p1b: Ninetales|[anim] Ivy Cudgel Fire\n|-resisted|p1b: Ninetales\n|-damage|p1b: Ninetales|35\/100\n|move|p1a: Scream Tail|Disable|p2b: Ogerpon\n|-start|p2b: Ogerpon|Disable|Ivy Cudgel\n|move|p1b: Ninetales|Aurora Veil|p1b: Ninetales\n|-sidestart|p1: Lucawufflekinz|move: Aurora Veil\n|\n|-weather|Snow|[upkeep]\n|upkeep\n|turn|3\n|\n|t:|1701092511\n|switch|p2b: Iron Hands|Iron Hands, L50|100\/100\n|switch|p1b: Baxcalibur|Baxcalibur, L50, F|100\/100\n|move|p2a: Iron Bundle|Icy Wind|p1b: Baxcalibur|[spread] p1a,p1b\n|-damage|p1a: Scream Tail|54\/100\n|-damage|p1b: Baxcalibur|88\/100\n|-unboost|p1a: Scream Tail|spe|1\n|-unboost|p1b: Baxcalibur|spe|1\n|move|p1a: Scream Tail|Disable|p2a: Iron Bundle\n|-start|p2a: Iron Bundle|Disable|Icy Wind\n|\n|-weather|Snow|[upkeep]\n|upkeep\n|turn|4\n|\n|t:|1701092530\n|-end|p2a: Iron Bundle|Quark Drive|[silent]\n|switch|p2a: Ogerpon|Ogerpon-Hearthflame-Tera, L50, F, tera:Fire|100\/100\n|-ability|p2a: Ogerpon|Embody Aspect (Hearthflame)|boost\n|-boost|p2a: Ogerpon|atk|1\n|move|p2b: Iron Hands|Fake Out|p1b: Baxcalibur\n|-crit|p1b: Baxcalibur\n|-damage|p1b: Baxcalibur|76\/100\n|move|p1a: Scream Tail|Howl|p1a: Scream Tail|[spread] p1a,p1b\n|-boost|p1a: Scream Tail|atk|1\n|-boost|p1b: Baxcalibur|atk|1\n|cant|p1b: Baxcalibur|flinch\n|\n|-weather|Snow|[upkeep]\n|upkeep\n|turn|5\n|\n|t:|1701092565\n|move|p2a: Ogerpon|Ivy Cudgel|p1b: Baxcalibur|[anim] Ivy Cudgel Fire\n|-damage|p1b: Baxcalibur|27\/100\n|-ability|p1b: Baxcalibur|Thermal Exchange|boost\n|-boost|p1b: Baxcalibur|atk|1\n|move|p1a: Scream Tail|Encore|p2b: Iron Hands\n|-start|p2b: Iron Hands|Encore\n|move|p2b: Iron Hands|Fake Out||[still]\n|-hint|Fake Out only works on your first turn out.\n|-fail|p2b: Iron Hands\n|move|p1b: Baxcalibur|Scale Shot|p2a: Ogerpon\n|-damage|p2a: Ogerpon|59\/100\n|-damage|p2a: Ogerpon|20\/100\n|-damage|p2a: Ogerpon|0 fnt\n|faint|p2a: Ogerpon\n|-hitcount|p2: Ogerpon|3\n|-unboost|p1b: Baxcalibur|def|1\n|-boost|p1b: Baxcalibur|spe|1\n|\n|-weather|none\n|upkeep\n|\n|t:|1701092574\n|switch|p2a: Iron Bundle|Iron Bundle, L50|100\/100\n|turn|6\n|\n|t:|1701092591\n|-end|p2b: Iron Hands|Quark Drive|[silent]\n|switch|p2b: Sinistcha|Sinistcha, L50|100\/100\n|move|p2a: Iron Bundle|Freeze-Dry|p1b: Baxcalibur\n|-damage|p1b: Baxcalibur|7\/100\n|move|p1b: Baxcalibur|Scale Shot|p2a: Iron Bundle\n|-damage|p2a: Iron Bundle|60\/100\n|-damage|p2a: Iron Bundle|25\/100\n|-damage|p2a: Iron Bundle|0 fnt\n|faint|p2a: Iron Bundle\n|-end|p2a: Iron Bundle|Quark Drive|[silent]\n|-hitcount|p2: Iron Bundle|3\n|-unboost|p1b: Baxcalibur|def|1\n|-boost|p1b: Baxcalibur|spe|1\n|move|p1a: Scream Tail|Howl|p1a: Scream Tail|[spread] p1a,p1b\n|-boost|p1a: Scream Tail|atk|1\n|-boost|p1b: Baxcalibur|atk|1\n|\n|upkeep\n|\n|t:|1701092595\n|switch|p2a: Iron Hands|Iron Hands, L50|100\/100\n|turn|7\n|\n|t:|1701092616\n|move|p1b: Baxcalibur|Protect|p1b: Baxcalibur\n|-singleturn|p1b: Baxcalibur|Protect\n|move|p2a: Iron Hands|Fake Out|p1b: Baxcalibur\n|-activate|p1b: Baxcalibur|move: Protect\n|move|p2b: Sinistcha|Rage Powder|p2b: Sinistcha\n|-singleturn|p2b: Sinistcha|move: Rage Powder\n|move|p1a: Scream Tail|Encore|p2b: Sinistcha\n|-start|p2b: Sinistcha|Encore\n|-enditem|p2b: Sinistcha|Mental Herb\n|-end|p2b: Sinistcha|Encore\n|\n|upkeep\n|turn|8\n|\n|t:|1701092648\n|move|p2b: Sinistcha|Rage Powder|p2b: Sinistcha\n|-singleturn|p2b: Sinistcha|move: Rage Powder\n|move|p1b: Baxcalibur|Icicle Spear|p2b: Sinistcha\n|-supereffective|p2b: Sinistcha\n|-damage|p2b: Sinistcha|36\/100\n|-supereffective|p2b: Sinistcha\n|-damage|p2b: Sinistcha|0 fnt\n|faint|p2b: Sinistcha\n|-hitcount|p2: Sinistcha|2\n|move|p1a: Scream Tail|Encore|p2a: Iron Hands\n|-start|p2a: Iron Hands|Encore\n|move|p2a: Iron Hands|Fake Out||[still]\n|-hint|Fake Out only works on your first turn out.\n|-fail|p2a: Iron Hands\n|\n|upkeep\n|turn|9\n|inactive|Battle timer is ON: inactive players will automatically lose when time's up. (requested by Umbrella_Day)\n|-message|Umbrella_Day forfeited.\n|\n|win|Lucawufflekinz\n|raw|Lucawufflekinz's rating: 1186 &rarr; <strong>1208<\/strong><br \/>(+22 for winning)\n|raw|Umbrella_Day's rating: 1151 &rarr; <strong>1129<\/strong><br \/>(-22 for losing)\n|l|\u2606Umbrella_Day\n","uploadtime":1701092869,"views":32,"p1id":"lucawufflekinz","p2id":"umbrelladay","formatid":"gen9vgc2023regulatione","rating":1129,"private":0,"password":""}