{"id":"gen9vgc2023regulatione-1996081942","p1":"jungle211","p2":"OvenfreshO1","format":"[Gen 9] VGC 2023 Regulation E","log":"|j|\u2606jungle211\n|j|\u2606OvenfreshO1\n|t:|1700641117\n|gametype|doubles\n|player|p1|jungle211|koga|1187\n|player|p2|OvenfreshO1|170|1168\n|teamsize|p1|6\n|teamsize|p2|6\n|gen|9\n|tier|[Gen 9] VGC 2023 Regulation E\n|rated|\n|rule|Species Clause: Limit one of each Pok\u00e9mon\n|rule|Item Clause: Limit one of each item\n|clearpoke\n|poke|p1|Chi-Yu, L50|\n|poke|p1|Ogerpon-Wellspring, L50, F|\n|poke|p1|Orthworm, L50, M|\n|poke|p1|Ursaluna, L50, F|\n|poke|p1|Indeedee-F, L50, F|\n|poke|p1|Zapdos, L50|\n|poke|p2|Maushold-Four, L50|\n|poke|p2|Indeedee-F, L50, F|\n|poke|p2|Armarouge, L50, F|\n|poke|p2|Ursaluna-Bloodmoon, L50, M|\n|poke|p2|Torkoal, L50, F|\n|poke|p2|Roaring Moon, L50|\n|teampreview|4\n|inactive|Battle timer is ON: inactive players will automatically lose when time's up. (requested by OvenfreshO1)\n|\n|t:|1700641143\n|start\n|switch|p1a: Chi-Yu|Chi-Yu, L50|100\/100\n|switch|p1b: Indeedee|Indeedee-F, L50, F|100\/100\n|switch|p2a: Maushold|Maushold-Four, L50|100\/100\n|switch|p2b: Torkoal|Torkoal, L50, F|100\/100\n|-ability|p1a: Chi-Yu|Beads of Ruin\n|-fieldstart|move: Psychic Terrain|[from] ability: Psychic Surge|[of] p1b: Indeedee\n|-weather|SunnyDay|[from] ability: Drought|[of] p2b: Torkoal\n|turn|1\n|inactive|OvenfreshO1 has 30 seconds left.\n|\n|t:|1700641172\n|move|p1b: Indeedee|Follow Me|p1b: Indeedee\n|-singleturn|p1b: Indeedee|move: Follow Me\n|move|p2a: Maushold|After You||[still]\n|-fail|p2a: Maushold\n|move|p1a: Chi-Yu|Heat Wave|p2a: Maushold|[spread] p2a,p2b\n|-resisted|p2b: Torkoal\n|-damage|p2a: Maushold|6\/100\n|-damage|p2b: Torkoal|66\/100\n|-status|p2a: Maushold|brn\n|move|p2b: Torkoal|Eruption|p1b: Indeedee|[spread] p1a,p1b\n|-resisted|p1a: Chi-Yu\n|-crit|p1a: Chi-Yu\n|-damage|p1a: Chi-Yu|54\/100\n|-damage|p1b: Indeedee|24\/100\n|\n|-weather|SunnyDay|[upkeep]\n|-damage|p2a: Maushold|0 fnt|[from] brn\n|faint|p2a: Maushold\n|upkeep\n|\n|t:|1700641178\n|switch|p2a: Roaring Moon|Roaring Moon, L50|100\/100\n|-activate|p2a: Roaring Moon|ability: Protosynthesis\n|-start|p2a: Roaring Moon|protosynthesisatk\n|turn|2\n|\n|t:|1700641192\n|move|p2a: Roaring Moon|Protect|p2a: Roaring Moon\n|-singleturn|p2a: Roaring Moon|Protect\n|move|p1b: Indeedee|Protect|p1b: Indeedee\n|-singleturn|p1b: Indeedee|Protect\n|move|p1a: Chi-Yu|Dark Pulse|p2b: Torkoal\n|-damage|p2b: Torkoal|1\/100\n|move|p2b: Torkoal|Heat Wave|p1b: Indeedee|[spread] p1a\n|-activate|p1b: Indeedee|move: Protect\n|-resisted|p1a: Chi-Yu\n|-damage|p1a: Chi-Yu|22\/100\n|\n|-weather|SunnyDay|[upkeep]\n|upkeep\n|turn|3\n|\n|t:|1700641204\n|move|p2a: Roaring Moon|Knock Off|p1a: Chi-Yu\n|-resisted|p1a: Chi-Yu\n|-damage|p1a: Chi-Yu|0 fnt\n|-enditem|p1a: Chi-Yu|Focus Sash|[from] move: Knock Off|[of] p2a: Roaring Moon\n|faint|p1a: Chi-Yu\n|move|p2b: Torkoal|Earth Power|p1b: Indeedee\n|-damage|p1b: Indeedee|0 fnt\n|faint|p1b: Indeedee\n|\n|-weather|SunnyDay|[upkeep]\n|upkeep\n|\n|t:|1700641207\n|switch|p1a: Ursaluna|Ursaluna, L50, F, shiny|100\/100\n|switch|p1b: Orthworm|Orthworm, L50, M|100\/100\n|turn|4\n|\n|t:|1700641219\n|-terastallize|p1b: Orthworm|Fire\n|move|p1a: Ursaluna|Protect|p1a: Ursaluna\n|-singleturn|p1a: Ursaluna|Protect\n|move|p2a: Roaring Moon|Knock Off|p1a: Ursaluna\n|-activate|p1a: Ursaluna|move: Protect\n|move|p1b: Orthworm|Iron Defense|p1b: Orthworm\n|-boost|p1b: Orthworm|def|2\n|move|p2b: Torkoal|Heat Wave|p1b: Orthworm|[spread] p1b\n|-activate|p1a: Ursaluna|move: Protect\n|-resisted|p1b: Orthworm\n|-damage|p1b: Orthworm|65\/100\n|\n|-weather|SunnyDay|[upkeep]\n|-heal|p1b: Orthworm|71\/100|[from] item: Leftovers\n|-status|p1a: Ursaluna|brn|[from] item: Flame Orb\n|upkeep\n|turn|5\n|\n|t:|1700641235\n|move|p1b: Orthworm|Protect|p1b: Orthworm\n|-singleturn|p1b: Orthworm|Protect\n|move|p2a: Roaring Moon|Knock Off|p1b: Orthworm\n|-activate|p1b: Orthworm|move: Protect\n|move|p1a: Ursaluna|Ice Punch|p2a: Roaring Moon\n|-supereffective|p2a: Roaring Moon\n|-damage|p2a: Roaring Moon|0 fnt\n|faint|p2a: Roaring Moon\n|-end|p2a: Roaring Moon|Protosynthesis|[silent]\n|move|p2b: Torkoal|Yawn||[still]\n|-fail|p2b: Torkoal\n|\n|-weather|none\n|-heal|p1b: Orthworm|77\/100|[from] item: Leftovers\n|-damage|p1a: Ursaluna|94\/100 brn|[from] brn\n|-fieldend|move: Psychic Terrain\n|upkeep\n|\n|t:|1700641243\n|switch|p2a: Ursaluna|Ursaluna-Bloodmoon, L50, M|100\/100\n|turn|6\n|\n|t:|1700641254\n|-terastallize|p2a: Ursaluna|Normal\n|move|p1b: Orthworm|Body Press|p2a: Ursaluna\n|-supereffective|p2a: Ursaluna\n|-damage|p2a: Ursaluna|15\/100\n|move|p1a: Ursaluna|Earthquake|p2a: Ursaluna|[spread] p2a,p2b\n|-heal|p1b: Orthworm|100\/100|[from] ability: Earth Eater|[of] p1a: Ursaluna\n|-supereffective|p2b: Torkoal\n|-damage|p2a: Ursaluna|0 fnt\n|-damage|p2b: Torkoal|0 fnt\n|faint|p2a: Ursaluna\n|faint|p2b: Torkoal\n|\n|win|jungle211\n|raw|jungle211's rating: 1187 &rarr; <strong>1211<\/strong><br \/>(+24 for winning)\n|raw|OvenfreshO1's rating: 1168 &rarr; <strong>1144<\/strong><br \/>(-24 for losing)\n|l|\u2606OvenfreshO1\n","uploadtime":1700641274,"views":4,"p1id":"jungle211","p2id":"ovenfresho1","formatid":"gen9vgc2023regulatione","rating":1144,"private":0,"password":""}