{"id":"gen9vgc2023regulatione-1996616222","p1":"Kukino","p2":"Kedrigz","format":"[Gen 9] VGC 2023 Regulation E","log":"|j|\u2606Kukino\n|j|\u2606Kedrigz\n|t:|1700701004\n|gametype|doubles\n|player|p1|Kukino|265|1184\n|player|p2|Kedrigz|steven|1097\n|teamsize|p1|6\n|teamsize|p2|6\n|gen|9\n|tier|[Gen 9] VGC 2023 Regulation E\n|rated|\n|rule|Species Clause: Limit one of each Pok\u00e9mon\n|rule|Item Clause: Limit one of each item\n|clearpoke\n|poke|p1|Heatran, L50, M|\n|poke|p1|Rillaboom, L50, F|\n|poke|p1|Gastrodon-East, L50, F|\n|poke|p1|Cresselia, L50, F|\n|poke|p1|Annihilape, L50, M|\n|poke|p1|Luxray, L50, F|\n|poke|p2|Kommo-o, L50, F|\n|poke|p2|Scizor, L50, M|\n|poke|p2|Rillaboom, L50, F|\n|poke|p2|Iron Bundle, L50|\n|poke|p2|Flutter Mane, L50|\n|poke|p2|Arcanine-Hisui, L50, M|\n|teampreview|4\n|\n|t:|1700701048\n|start\n|switch|p1a: Annihilape|Annihilape, L50, M|100\/100\n|switch|p1b: Heatran|Heatran, L50, M|100\/100\n|switch|p2a: Iron Bundle|Iron Bundle, L50|100\/100\n|switch|p2b: Arcanine|Arcanine-Hisui, L50, M|100\/100\n|-ability|p2b: Arcanine|Intimidate|boost\n|-unboost|p1a: Annihilape|atk|1\n|-ability|p1a: Annihilape|Defiant|boost\n|-boost|p1a: Annihilape|atk|2\n|-unboost|p1b: Heatran|atk|1\n|-enditem|p2a: Iron Bundle|Booster Energy\n|-activate|p2a: Iron Bundle|ability: Quark Drive|[fromitem]\n|-start|p2a: Iron Bundle|quarkdrivespe\n|turn|1\n|\n|t:|1700701077\n|switch|p1b: Gastrodon|Gastrodon-East, L50, F|100\/100\n|move|p2a: Iron Bundle|Icy Wind|p1a: Annihilape|[spread] p1a,p1b\n|-damage|p1a: Annihilape|82\/100\n|-damage|p1b: Gastrodon|83\/100\n|-unboost|p1a: Annihilape|spe|1\n|-ability|p1a: Annihilape|Defiant|boost\n|-boost|p1a: Annihilape|atk|2\n|move|p2b: Arcanine|Will-O-Wisp|p1a: Annihilape|[miss]\n|-miss|p2b: Arcanine|p1a: Annihilape\n|move|p1a: Annihilape|Drain Punch|p2b: Arcanine\n|-supereffective|p2b: Arcanine\n|-damage|p2b: Arcanine|0 fnt\n|-heal|p1a: Annihilape|100\/100|[from] drain|[of] p2b: Arcanine\n|faint|p2b: Arcanine\n|\n|upkeep\n|\n|t:|1700701095\n|switch|p2b: Flutter Mane|Flutter Mane, L50|100\/100\n|turn|2\n|\n|t:|1700701112\n|-terastallize|p1a: Annihilape|Fire\n|move|p1b: Gastrodon|Protect|p1b: Gastrodon\n|-singleturn|p1b: Gastrodon|Protect\n|move|p2a: Iron Bundle|Freeze-Dry|p1b: Gastrodon\n|-activate|p1b: Gastrodon|move: Protect\n|move|p2b: Flutter Mane|Shadow Ball|p1a: Annihilape\n|-damage|p1a: Annihilape|67\/100\n|move|p1a: Annihilape|Rage Fist|p2b: Flutter Mane\n|-supereffective|p2b: Flutter Mane\n|-enditem|p2b: Flutter Mane|Focus Sash\n|-damage|p2b: Flutter Mane|1\/100\n|\n|-heal|p1a: Annihilape|73\/100|[from] item: Leftovers\n|upkeep\n|turn|3\n|\n|t:|1700701142\n|switch|p1b: Luxray|Luxray, L50, F|100\/100\n|-ability|p1b: Luxray|Intimidate|boost\n|-unboost|p2a: Iron Bundle|atk|1\n|-unboost|p2b: Flutter Mane|atk|1\n|move|p1a: Annihilape|Protect|p1a: Annihilape\n|-singleturn|p1a: Annihilape|Protect\n|move|p2a: Iron Bundle|Hydro Pump|p1a: Annihilape\n|-activate|p1a: Annihilape|move: Protect\n|move|p2b: Flutter Mane|Moonblast|p1a: Annihilape\n|-activate|p1a: Annihilape|move: Protect\n|\n|-heal|p1a: Annihilape|79\/100|[from] item: Leftovers\n|upkeep\n|turn|4\n|\n|t:|1700701174\n|switch|p1a: Gastrodon|Gastrodon-East, L50, F|83\/100\n|-terastallize|p2a: Iron Bundle|Ghost\n|move|p2a: Iron Bundle|Hydro Pump|p1a: Gastrodon\n|-ability|p1a: Gastrodon|Storm Drain|boost\n|-boost|p1a: Gastrodon|spa|1\n|move|p2b: Flutter Mane|Psyshock|p1a: Gastrodon\n|-damage|p1a: Gastrodon|55\/100\n|move|p1b: Luxray|Snarl|p2a: Iron Bundle|[spread] p2a,p2b\n|-supereffective|p2a: Iron Bundle\n|-damage|p2a: Iron Bundle|64\/100\n|-damage|p2b: Flutter Mane|0 fnt\n|-unboost|p2a: Iron Bundle|spa|1\n|faint|p2b: Flutter Mane\n|-end|p2b: Flutter Mane|Protosynthesis|[silent]\n|\n|upkeep\n|\n|t:|1700701192\n|switch|p2b: Rillaboom|Rillaboom, L50, F|100\/100\n|-fieldstart|move: Grassy Terrain|[from] ability: Grassy Surge|[of] p2b: Rillaboom\n|turn|5\n|\n|t:|1700701210\n|move|p1a: Gastrodon|Protect|p1a: Gastrodon\n|-singleturn|p1a: Gastrodon|Protect\n|move|p2a: Iron Bundle|Freeze-Dry|p1b: Luxray\n|-damage|p1b: Luxray|81\/100\n|move|p2b: Rillaboom|Wood Hammer|p1b: Luxray\n|-damage|p1b: Luxray|0 fnt\n|faint|p1b: Luxray\n|-damage|p2b: Rillaboom|76\/100|[from] Recoil\n|\n|-heal|p2a: Iron Bundle|70\/100|[from] Grassy Terrain\n|-heal|p2b: Rillaboom|82\/100|[from] Grassy Terrain\n|-heal|p1a: Gastrodon|62\/100|[from] Grassy Terrain\n|upkeep\n|\n|t:|1700701230\n|switch|p1b: Heatran|Heatran, L50, M|100\/100\n|turn|6\n|\n|t:|1700701251\n|switch|p1a: Annihilape|Annihilape, L50, M, tera:Fire|79\/100\n|move|p2a: Iron Bundle|Hydro Pump|p1b: Heatran\n|-supereffective|p1b: Heatran\n|-damage|p1b: Heatran|40\/100\n|move|p1b: Heatran|Flamethrower|p2b: Rillaboom\n|-supereffective|p2b: Rillaboom\n|-damage|p2b: Rillaboom|0 fnt\n|faint|p2b: Rillaboom\n|-damage|p1b: Heatran|30\/100|[from] item: Life Orb\n|\n|-heal|p2a: Iron Bundle|76\/100|[from] Grassy Terrain\n|-heal|p1a: Annihilape|85\/100|[from] Grassy Terrain\n|-heal|p1a: Annihilape|91\/100|[from] item: Leftovers\n|-heal|p1b: Heatran|36\/100|[from] Grassy Terrain\n|upkeep\n|turn|7\n|\n|t:|1700701273\n|switch|p1b: Gastrodon|Gastrodon-East, L50, F|62\/100\n|move|p2a: Iron Bundle|Hydro Pump|p1b: Gastrodon\n|-ability|p1b: Gastrodon|Storm Drain|boost\n|-boost|p1b: Gastrodon|spa|1\n|move|p1a: Annihilape|Rage Fist|p2a: Iron Bundle\n|-supereffective|p2a: Iron Bundle\n|-damage|p2a: Iron Bundle|0 fnt\n|faint|p2a: Iron Bundle\n|-end|p2a: Iron Bundle|Quark Drive|[silent]\n|\n|win|Kukino\n|raw|Kukino's rating: 1184 &rarr; <strong>1203<\/strong><br \/>(+19 for winning)\n|raw|Kedrigz's rating: 1097 &rarr; <strong>1078<\/strong><br \/>(-19 for losing)\n","uploadtime":1700701289,"views":3,"p1id":"kukino","p2id":"kedrigz","formatid":"gen9vgc2023regulatione","rating":1078,"private":0,"password":""}