{"id":"gen9vgc2023regulatione-1997984802","p1":"Starling Desire","p2":"guvv11wanhao","format":"[Gen 9] VGC 2023 Regulation E","log":"|j|\u2606Starling Desire\n|j|\u2606guvv11wanhao\n|t:|1700875424\n|gametype|doubles\n|player|p1|Starling Desire|1|1000\n|player|p2|guvv11wanhao|marnie|1072\n|teamsize|p1|6\n|teamsize|p2|6\n|gen|9\n|tier|[Gen 9] VGC 2023 Regulation E\n|rated|\n|rule|Species Clause: Limit one of each Pok\u00e9mon\n|rule|Item Clause: Limit one of each item\n|clearpoke\n|poke|p1|Espathra, L50, M|\n|poke|p1|Flamigo, L50, M|\n|poke|p1|Chi-Yu, L50|\n|poke|p1|Gastrodon, L50, F|\n|poke|p1|Dachsbun, L50, M|\n|poke|p1|Corviknight, L50, M|\n|poke|p2|Articuno, L50|\n|poke|p2|Sableye, L50, F|\n|poke|p2|Ting-Lu, L50|\n|poke|p2|Kingambit, L50, M|\n|poke|p2|Grimmsnarl, L50, M|\n|poke|p2|Scream Tail, L50|\n|teampreview|4\n|\n|t:|1700875449\n|start\n|switch|p1a: Espathra|Espathra, L50, M|100\/100\n|switch|p1b: Corviknight|Corviknight, L50, M|100\/100\n|switch|p2a: \u4e13\u6cbb\u5404\u79cd\u4e0d\u670d\u4e4b\u75c7|Articuno, L50|100\/100\n|switch|p2b: \u6162\u7684\u597d\u5904|Ting-Lu, L50|100\/100\n|-ability|p2b: \u6162\u7684\u597d\u5904|Vessel of Ruin\n|turn|1\n|\n|t:|1700875469\n|switch|p2b: \u5feb\u70b9\u6447|Grimmsnarl, L50, M|100\/100\n|move|p2a: \u4e13\u6cbb\u5404\u79cd\u4e0d\u670d\u4e4b\u75c7|Sheer Cold|p1b: Corviknight\n|-damage|p1b: Corviknight|0 fnt\n|faint|p1b: Corviknight\n|-ohko\n|move|p1a: Espathra|Light Screen|p1a: Espathra\n|-sidestart|p1: Starling Desire|move: Light Screen\n|\n|upkeep\n|\n|t:|1700875479\n|switch|p1b: Chi-Yu|Chi-Yu, L50|100\/100\n|-ability|p1b: Chi-Yu|Beads of Ruin\n|turn|2\n|\n|t:|1700875510\n|move|p2b: \u5feb\u70b9\u6447|Metronome|p2b: \u5feb\u70b9\u6447\n|move|p2b: \u5feb\u70b9\u6447|Iron Tail|p1a: Espathra|[from]move: Metronome\n|-damage|p1a: Espathra|29\/100\n|move|p1b: Chi-Yu|Flamethrower|p2a: \u4e13\u6cbb\u5404\u79cd\u4e0d\u670d\u4e4b\u75c7\n|-supereffective|p2a: \u4e13\u6cbb\u5404\u79cd\u4e0d\u670d\u4e4b\u75c7\n|-damage|p2a: \u4e13\u6cbb\u5404\u79cd\u4e0d\u670d\u4e4b\u75c7|9\/100\n|move|p2a: \u4e13\u6cbb\u5404\u79cd\u4e0d\u670d\u4e4b\u75c7|Sheer Cold|p1b: Chi-Yu|[miss]\n|-miss|p2a: \u4e13\u6cbb\u5404\u79cd\u4e0d\u670d\u4e4b\u75c7|p1b: Chi-Yu\n|move|p1a: Espathra|Reflect|p1a: Espathra\n|-sidestart|p1: Starling Desire|Reflect\n|\n|upkeep\n|turn|3\n|\n|t:|1700875528\n|move|p2b: \u5feb\u70b9\u6447|Metronome|p2b: \u5feb\u70b9\u6447\n|move|p2b: \u5feb\u70b9\u6447|Fairy Wind|p1b: Chi-Yu|[from]move: Metronome\n|-hint|Since gen 7, Dark is immune to Prankster moves.\n|-immune|p1b: Chi-Yu\n|move|p1b: Chi-Yu|Flamethrower|p2a: \u4e13\u6cbb\u5404\u79cd\u4e0d\u670d\u4e4b\u75c7\n|-supereffective|p2a: \u4e13\u6cbb\u5404\u79cd\u4e0d\u670d\u4e4b\u75c7\n|-damage|p2a: \u4e13\u6cbb\u5404\u79cd\u4e0d\u670d\u4e4b\u75c7|0 fnt\n|faint|p2a: \u4e13\u6cbb\u5404\u79cd\u4e0d\u670d\u4e4b\u75c7\n|move|p1a: Espathra|Lumina Crash|p2b: \u5feb\u70b9\u6447\n|-immune|p2b: \u5feb\u70b9\u6447\n|\n|upkeep\n|\n|t:|1700875536\n|switch|p2a: \u6162\u7684\u597d\u5904|Ting-Lu, L50|100\/100\n|-ability|p2a: \u6162\u7684\u597d\u5904|Vessel of Ruin\n|turn|4\n|\n|t:|1700875550\n|move|p2b: \u5feb\u70b9\u6447|Metronome|p2b: \u5feb\u70b9\u6447\n|move|p2b: \u5feb\u70b9\u6447|Round|p1a: Espathra|[from]move: Metronome\n|-crit|p1a: Espathra\n|-damage|p1a: Espathra|5\/100\n|move|p1b: Chi-Yu|Flamethrower|p2b: \u5feb\u70b9\u6447\n|-damage|p2b: \u5feb\u70b9\u6447|43\/100\n|move|p1a: Espathra|Shadow Ball|p2b: \u5feb\u70b9\u6447\n|-resisted|p2b: \u5feb\u70b9\u6447\n|-damage|p2b: \u5feb\u70b9\u6447|31\/100\n|move|p2a: \u6162\u7684\u597d\u5904|Fissure|p1b: Chi-Yu\n|-damage|p1b: Chi-Yu|0 fnt\n|faint|p1b: Chi-Yu\n|-ohko\n|\n|upkeep\n|\n|t:|1700875566\n|switch|p1b: Dachsbun|Dachsbun, L50, M|100\/100\n|turn|5\n|inactive|Battle timer is ON: inactive players will automatically lose when time's up. (requested by guvv11wanhao)\n|\n|t:|1700875582\n|move|p2b: \u5feb\u70b9\u6447|Metronome|p2b: \u5feb\u70b9\u6447\n|move|p2b: \u5feb\u70b9\u6447|Shore Up|p2b: \u5feb\u70b9\u6447|[from]move: Metronome\n|-heal|p2b: \u5feb\u70b9\u6447|81\/100\n|move|p1a: Espathra|Lumina Crash|p2a: \u6162\u7684\u597d\u5904\n|-immune|p2a: \u6162\u7684\u597d\u5904\n|move|p1b: Dachsbun|Play Rough|p2b: \u5feb\u70b9\u6447\n|-supereffective|p2b: \u5feb\u70b9\u6447\n|-damage|p2b: \u5feb\u70b9\u6447|0 fnt\n|faint|p2b: \u5feb\u70b9\u6447\n|move|p2a: \u6162\u7684\u597d\u5904|Fissure|p1b: Dachsbun|[miss]\n|-miss|p2a: \u6162\u7684\u597d\u5904|p1b: Dachsbun\n|\n|-sideend|p1: Starling Desire|move: Light Screen\n|upkeep\n|\n|t:|1700875594\n|switch|p2b: \u8ba9\u4f60\u4eba\u5934\u843d\u5730|Kingambit, L50, M|100\/100\n|-activate|p2b: \u8ba9\u4f60\u4eba\u5934\u843d\u5730|ability: Supreme Overlord\n|-start|p2b: \u8ba9\u4f60\u4eba\u5934\u843d\u5730|fallen2|[silent]\n|turn|6\n|\n|t:|1700875611\n|move|p1a: Espathra|Shadow Ball|p2a: \u6162\u7684\u597d\u5904\n|-resisted|p2a: \u6162\u7684\u597d\u5904\n|-damage|p2a: \u6162\u7684\u597d\u5904|96\/100\n|-unboost|p2a: \u6162\u7684\u597d\u5904|spd|1\n|move|p1b: Dachsbun|Play Rough|p2a: \u6162\u7684\u597d\u5904\n|-supereffective|p2a: \u6162\u7684\u597d\u5904\n|-crit|p2a: \u6162\u7684\u597d\u5904\n|-damage|p2a: \u6162\u7684\u597d\u5904|28\/100\n|move|p2b: \u8ba9\u4f60\u4eba\u5934\u843d\u5730|Guillotine|p1b: Dachsbun\n|-damage|p1b: Dachsbun|0 fnt\n|faint|p1b: Dachsbun\n|-ohko\n|move|p2a: \u6162\u7684\u597d\u5904|Fissure|p1a: Espathra|[miss]\n|-miss|p2a: \u6162\u7684\u597d\u5904|p1a: Espathra\n|\n|-sideend|p1: Starling Desire|Reflect\n|upkeep\n|turn|7\n|\n|t:|1700875632\n|move|p1a: Espathra|Shadow Ball|p2a: \u6162\u7684\u597d\u5904\n|-resisted|p2a: \u6162\u7684\u597d\u5904\n|-damage|p2a: \u6162\u7684\u597d\u5904|21\/100\n|move|p2b: \u8ba9\u4f60\u4eba\u5934\u843d\u5730|Guillotine|p1a: Espathra|[miss]\n|-miss|p2b: \u8ba9\u4f60\u4eba\u5934\u843d\u5730|p1a: Espathra\n|move|p2a: \u6162\u7684\u597d\u5904|Fissure|p1a: Espathra|[miss]\n|-miss|p2a: \u6162\u7684\u597d\u5904|p1a: Espathra\n|\n|upkeep\n|turn|8\n|\n|t:|1700875643\n|move|p1a: Espathra|Shadow Ball|p2a: \u6162\u7684\u597d\u5904\n|-resisted|p2a: \u6162\u7684\u597d\u5904\n|-damage|p2a: \u6162\u7684\u597d\u5904|13\/100\n|move|p2b: \u8ba9\u4f60\u4eba\u5934\u843d\u5730|Guillotine|p1a: Espathra\n|-damage|p1a: Espathra|0 fnt\n|faint|p1a: Espathra\n|-ohko\n|\n|win|guvv11wanhao\n|raw|Starling Desire's rating: 1000 &rarr; <strong>1000<\/strong><br \/>(+0 for losing)\n|raw|guvv11wanhao's rating: 1072 &rarr; <strong>1095<\/strong><br \/>(+23 for winning)\n|l|\u2606Starling Desire\n","uploadtime":1700875800,"views":5,"p1id":"starlingdesire","p2id":"guvv11wanhao","formatid":"gen9vgc2023regulatione","rating":1000,"private":0,"password":""}