{"id":"gen9vgc2023regulatione-1992906167","p1":"ShrimpTheShrimp","p2":"agthebad","format":"[Gen 9] VGC 2023 Regulation E","log":"|j|\u2606ShrimpTheShrimp\n|j|\u2606agthebad\n|t:|1700245673\n|gametype|doubles\n|player|p1|ShrimpTheShrimp|266|1407\n|player|p2|agthebad|workerice|1469\n|teamsize|p1|6\n|teamsize|p2|6\n|gen|9\n|tier|[Gen 9] VGC 2023 Regulation E\n|rated|\n|rule|Species Clause: Limit one of each Pok\u00e9mon\n|rule|Item Clause: Limit one of each item\n|clearpoke\n|poke|p1|Dondozo, L50, F|\n|poke|p1|Tatsugiri, L50, F|\n|poke|p1|Flutter Mane, L50|\n|poke|p1|Arcanine-Hisui, L50, M|\n|poke|p1|Rillaboom, L50, F|\n|poke|p1|Farigiraf, L50, F|\n|poke|p2|Basculegion, L50, M|\n|poke|p2|Chi-Yu, L50|\n|poke|p2|Sinistcha, L50|\n|poke|p2|Ursaluna-Bloodmoon, L50, M|\n|poke|p2|Flutter Mane, L50|\n|poke|p2|Iron Hands, L50|\n|teampreview|4\n|\n|t:|1700245721\n|start\n|switch|p1a: Arcanine|Arcanine-Hisui, L50, M|100\/100\n|switch|p1b: Rillaboom|Rillaboom, L50, F|100\/100\n|switch|p2a: Nantwich|Sinistcha, L50|100\/100\n|switch|p2b: Craven Arms|Iron Hands, L50|100\/100\n|-ability|p1a: Arcanine|Intimidate|boost\n|-unboost|p2a: Nantwich|atk|1\n|-unboost|p2b: Craven Arms|atk|1\n|-fieldstart|move: Grassy Terrain|[from] ability: Grassy Surge|[of] p1b: Rillaboom\n|turn|1\n|\n|t:|1700245773\n|-terastallize|p2b: Craven Arms|Ghost\n|move|p1b: Rillaboom|Fake Out|p2b: Craven Arms\n|-immune|p2b: Craven Arms\n|move|p2a: Nantwich|Rage Powder|p2a: Nantwich\n|-singleturn|p2a: Nantwich|move: Rage Powder\n|move|p1a: Arcanine|Head Smash|p2a: Nantwich\n|-enditem|p2a: Nantwich|Focus Sash\n|-damage|p2a: Nantwich|1\/100\n|-damage|p1a: Arcanine|51\/100|[from] Recoil\n|move|p2b: Craven Arms|Belly Drum|p2b: Craven Arms\n|-damage|p2b: Craven Arms|50\/100\n|-setboost|p2b: Craven Arms|atk|6|[from] move: Belly Drum\n|-enditem|p2b: Craven Arms|Sitrus Berry|[eat]\n|-heal|p2b: Craven Arms|75\/100|[from] item: Sitrus Berry\n|\n|-heal|p1a: Arcanine|57\/100|[from] Grassy Terrain\n|-heal|p2a: Nantwich|7\/100|[from] Grassy Terrain\n|-heal|p2b: Craven Arms|82\/100|[from] Grassy Terrain\n|upkeep\n|turn|2\n|\n|t:|1700245790\n|move|p2a: Nantwich|Rage Powder|p2a: Nantwich\n|-singleturn|p2a: Nantwich|move: Rage Powder\n|move|p1b: Rillaboom|Grassy Glide|p2a: Nantwich\n|-resisted|p2a: Nantwich\n|-damage|p2a: Nantwich|0 fnt\n|faint|p2a: Nantwich\n|move|p1a: Arcanine|Head Smash|p2b: Craven Arms|[miss]\n|-miss|p1a: Arcanine|p2b: Craven Arms\n|move|p2b: Craven Arms|Drain Punch|p1b: Rillaboom\n|-damage|p1b: Rillaboom|0 fnt\n|-heal|p2b: Craven Arms|100\/100|[from] drain|[of] p1b: Rillaboom\n|faint|p1b: Rillaboom\n|\n|-heal|p1a: Arcanine|63\/100|[from] Grassy Terrain\n|upkeep\n|\n|t:|1700245803\n|switch|p1b: Dondozo|Dondozo, L50, F|100\/100\n|switch|p2a: Embankment|Basculegion, L50, M|100\/100\n|turn|3\n|c|\u2606ShrimpTheShrimp|this is some serious Bo1 energy\n|\n|t:|1700245818\n|-terastallize|p1a: Arcanine|Fairy\n|move|p1b: Dondozo|Protect|p1b: Dondozo\n|-singleturn|p1b: Dondozo|Protect\n|move|p1a: Arcanine|Head Smash|p2b: Craven Arms\n|-damage|p2b: Craven Arms|24\/100\n|-damage|p1a: Arcanine|12\/100|[from] Recoil\n|move|p2a: Embankment|Last Respects|p1b: Dondozo\n|-activate|p1b: Dondozo|move: Protect\n|move|p2b: Craven Arms|Thunder Punch|p1b: Dondozo\n|-activate|p1b: Dondozo|move: Protect\n|\n|-heal|p1a: Arcanine|18\/100|[from] Grassy Terrain\n|-heal|p2b: Craven Arms|30\/100|[from] Grassy Terrain\n|upkeep\n|turn|4\n|c|\u2606agthebad|You're not wrong\n|c|\u2606agthebad|Gimmicks are fun tho\n|c|\u2606ShrimpTheShrimp|Can be ye\n|\n|t:|1700245870\n|move|p1a: Arcanine|Head Smash|p2a: Embankment\n|-damage|p2a: Embankment|0 fnt\n|faint|p2a: Embankment\n|-damage|p1a: Arcanine|0 fnt|[from] Recoil\n|faint|p1a: Arcanine\n|move|p1b: Dondozo|Wave Crash|p2b: Craven Arms\n|-damage|p2b: Craven Arms|0 fnt\n|faint|p2b: Craven Arms\n|-end|p2b: Craven Arms|Quark Drive|[silent]\n|-damage|p1b: Dondozo|90\/100|[from] Recoil\n|\n|-heal|p1b: Dondozo|96\/100|[from] Grassy Terrain\n|-heal|p1b: Dondozo|100\/100|[from] item: Leftovers\n|upkeep\n|c|\u2606agthebad|gg lol\n|\n|t:|1700245879\n|switch|p1a: Tatsugiri|Tatsugiri, L50, F|100\/100\n|switch|p2b: Ursaluna|Ursaluna-Bloodmoon, L50, M|100\/100\n|-activate|p1a: Tatsugiri|ability: Commander|[of] p1b: Dondozo\n|-boost|p1b: Dondozo|atk|2\n|-boost|p1b: Dondozo|spa|2\n|-boost|p1b: Dondozo|spe|2\n|-boost|p1b: Dondozo|def|2\n|-boost|p1b: Dondozo|spd|2\n|turn|5\n|c|\u2606ShrimpTheShrimp|gg\n|\n|t:|1700245882\n|move|p1b: Dondozo|Wave Crash|p2b: Ursaluna\n|-supereffective|p2b: Ursaluna\n|-damage|p2b: Ursaluna|0 fnt\n|faint|p2b: Ursaluna\n|-damage|p1b: Dondozo|69\/100|[from] Recoil\n|\n|win|ShrimpTheShrimp\n|raw|ShrimpTheShrimp's rating: 1407 &rarr; <strong>1431<\/strong><br \/>(+24 for winning)\n|raw|agthebad's rating: 1469 &rarr; <strong>1445<\/strong><br \/>(-24 for losing)\n|l|\u2606agthebad\n","uploadtime":1700245895,"views":20,"p1id":"shrimptheshrimp","p2id":"agthebad","formatid":"gen9vgc2023regulatione","rating":1431,"private":0,"password":""}