{"id":"gen9vgc2023regulatione-1990040269","p1":"leleme segundo","p2":"solve my riddles!","format":"[Gen 9] VGC 2023 Regulation E","log":"|j|\u2606leleme segundo\n|j|\u2606solve my riddles!\n|t:|1699918128\n|gametype|doubles\n|player|p1|leleme segundo|clown|1072\n|player|p2|solve my riddles!|flint|1079\n|teamsize|p1|6\n|teamsize|p2|6\n|gen|9\n|tier|[Gen 9] VGC 2023 Regulation E\n|rated|\n|rule|Species Clause: Limit one of each Pok\u00e9mon\n|rule|Item Clause: Limit one of each item\n|clearpoke\n|poke|p1|Gardevoir, L50, F|\n|poke|p1|Shiftry, L50, F|\n|poke|p1|Quaquaval, L50, M|\n|poke|p1|Grimmsnarl, L50, M|\n|poke|p1|Chandelure, L50, F|\n|poke|p1|Dragapult, L50, F|\n|poke|p2|Golem-Alola, L50, F|\n|poke|p2|Pincurchin, L50, M|\n|poke|p2|Rabsca, L50, M|\n|poke|p2|Dondozo, L50, F|\n|poke|p2|Sinistcha, L50|\n|poke|p2|Ursaluna, L50, M|\n|teampreview|4\n|\n|t:|1699918142\n|start\n|switch|p1a: Gardevoir|Gardevoir, L50, F|100\/100\n|switch|p1b: Shiftry|Shiftry, L50, F|100\/100\n|switch|p2a: Pincurchin|Pincurchin, L50, M|100\/100\n|switch|p2b: Rabsca|Rabsca, L50, M|100\/100\n|-fieldstart|move: Electric Terrain|[from] ability: Electric Surge|[of] p2a: Pincurchin\n|turn|1\n|\n|t:|1699918161\n|-terastallize|p1b: Shiftry|Normal\n|move|p1b: Shiftry|Explosion|p2b: Rabsca|[spread] p2a,p2b\n|-activate|p1a: Gardevoir|ability: Telepathy\n|-damage|p2a: Pincurchin|5\/100\n|-damage|p2b: Rabsca|21\/100\n|faint|p1b: Shiftry\n|move|p1a: Gardevoir|Taunt|p2a: Pincurchin\n|-start|p2a: Pincurchin|move: Taunt\n|move|p2a: Pincurchin|Discharge|p1a: Gardevoir|[spread] p1a\n|-activate|p2b: Rabsca|ability: Telepathy\n|-damage|p1a: Gardevoir|78\/100\n|move|p2b: Rabsca|Trick Room|p2b: Rabsca\n|-fieldstart|move: Trick Room|[of] p2b: Rabsca\n|\n|upkeep\n|\n|t:|1699918177\n|switch|p1b: Grimmsnarl|Grimmsnarl, L50, M|100\/100\n|turn|2\n|\n|t:|1699918197\n|switch|p2a: Golem|Golem-Alola, L50, F|100\/100\n|move|p2b: Rabsca|Protect|p2b: Rabsca\n|-singleturn|p2b: Rabsca|Protect\n|move|p1b: Grimmsnarl|Fake Out|p2b: Rabsca\n|-activate|p2b: Rabsca|move: Protect\n|move|p1a: Gardevoir|Psychic|p2a: Golem\n|-damage|p2a: Golem|43\/100\n|\n|upkeep\n|turn|3\n|\n|t:|1699918225\n|move|p1b: Grimmsnarl|Reflect|p1b: Grimmsnarl\n|-sidestart|p1: leleme segundo|Reflect\n|move|p2a: Golem|Explosion|p1b: Grimmsnarl|[spread] p1a,p1b\n|-activate|p2b: Rabsca|ability: Telepathy\n|-damage|p1a: Gardevoir|0 fnt\n|-damage|p1b: Grimmsnarl|0 fnt\n|faint|p2a: Golem\n|faint|p1a: Gardevoir\n|faint|p1b: Grimmsnarl\n|move|p2b: Rabsca|Psychic|p1: Gardevoir|[notarget]\n|-fail|p2b: Rabsca\n|\n|upkeep\n|\n|t:|1699918236\n|switch|p2a: Dondozo|Dondozo, L50, F|100\/100\n|switch|p1b: Quaquaval|Quaquaval, L50, M|100\/100\n|turn|4\n|\n|t:|1699918251\n|move|p2b: Rabsca|Protect|p2b: Rabsca\n|-singleturn|p2b: Rabsca|Protect\n|move|p1b: Quaquaval|Aqua Jet|p2b: Rabsca\n|-activate|p2b: Rabsca|move: Protect\n|move|p2a: Dondozo|Yawn|p1b: Quaquaval\n|-activate|p1b: Quaquaval|move: Electric Terrain\n|\n|upkeep\n|turn|5\n|\n|t:|1699918262\n|move|p2a: Dondozo|Protect|p2a: Dondozo\n|-singleturn|p2a: Dondozo|Protect\n|move|p1b: Quaquaval|Aqua Jet|p2b: Rabsca\n|-damage|p2b: Rabsca|0 fnt\n|faint|p2b: Rabsca\n|-ability|p1b: Quaquaval|Moxie|boost\n|-boost|p1b: Quaquaval|atk|1\n|\n|-fieldend|move: Trick Room\n|upkeep\n|\n|t:|1699918268\n|switch|p2b: Pincurchin|Pincurchin, L50, M|5\/100\n|turn|6\n|\n|t:|1699918284\n|move|p1b: Quaquaval|Aqua Jet|p2b: Pincurchin\n|-damage|p2b: Pincurchin|0 fnt\n|faint|p2b: Pincurchin\n|-ability|p1b: Quaquaval|Moxie|boost\n|-boost|p1b: Quaquaval|atk|1\n|move|p2a: Dondozo|Wave Crash|p1b: Quaquaval\n|-resisted|p1b: Quaquaval\n|-damage|p1b: Quaquaval|82\/100\n|-damage|p2a: Dondozo|96\/100|[from] Recoil\n|\n|-heal|p2a: Dondozo|100\/100|[from] item: Leftovers\n|upkeep\n|turn|7\n|\n|t:|1699918302\n|-terastallize|p2a: Dondozo|Water\n|move|p1b: Quaquaval|Wave Crash|p2a: Dondozo\n|-resisted|p2a: Dondozo\n|-damage|p2a: Dondozo|76\/100\n|-damage|p1b: Quaquaval|71\/100|[from] Recoil\n|move|p2a: Dondozo|Wave Crash|p1b: Quaquaval\n|-resisted|p1b: Quaquaval\n|-damage|p1b: Quaquaval|47\/100\n|-damage|p2a: Dondozo|70\/100|[from] Recoil\n|\n|-heal|p2a: Dondozo|76\/100|[from] item: Leftovers\n|-sideend|p1: leleme segundo|Reflect\n|upkeep\n|turn|8\n|\n|t:|1699918323\n|move|p1b: Quaquaval|Tera Blast|p2a: Dondozo\n|-damage|p2a: Dondozo|65\/100\n|move|p2a: Dondozo|Wave Crash|p1b: Quaquaval\n|-resisted|p1b: Quaquaval\n|-damage|p1b: Quaquaval|13\/100\n|-damage|p2a: Dondozo|57\/100|[from] Recoil\n|\n|-heal|p2a: Dondozo|64\/100|[from] item: Leftovers\n|-fieldend|move: Electric Terrain\n|upkeep\n|turn|9\n|\n|t:|1699918337\n|move|p1b: Quaquaval|Ice Spinner|p2a: Dondozo\n|-resisted|p2a: Dondozo\n|-damage|p2a: Dondozo|54\/100\n|move|p2a: Dondozo|Wave Crash|p1b: Quaquaval\n|-resisted|p1b: Quaquaval\n|-damage|p1b: Quaquaval|0 fnt\n|faint|p1b: Quaquaval\n|-damage|p2a: Dondozo|51\/100|[from] Recoil\n|\n|win|solve my riddles!\n|raw|leleme segundo's rating: 1072 &rarr; <strong>1052<\/strong><br \/>(-20 for losing)\n|raw|solve my riddles!'s rating: 1079 &rarr; <strong>1107<\/strong><br \/>(+28 for winning)\n|l|\u2606leleme segundo\n","uploadtime":1699918355,"views":19,"p1id":"lelemesegundo","p2id":"solvemyriddles","formatid":"gen9vgc2023regulatione","rating":1052,"private":0,"password":""}