{"id":"gen9vgc2023regulatione-1994192634","p1":"rulrus","p2":"infernape339","format":"[Gen 9] VGC 2023 Regulation E","log":"|j|\u2606rulrus\n|j|\u2606infernape339\n|t:|1700417354\n|gametype|doubles\n|player|p1|rulrus|101|\n|player|p2|infernape339|266|\n|teamsize|p1|6\n|teamsize|p2|6\n|gen|9\n|tier|[Gen 9] VGC 2023 Regulation E\n|rated|Tournament battle\n|rule|Species Clause: Limit one of each Pok\u00e9mon\n|rule|Item Clause: Limit one of each item\n|clearpoke\n|poke|p1|Arcanine-Hisui, L50, M|\n|poke|p1|Annihilape, L50, F|\n|poke|p1|Muk-Alola, L50, F|\n|poke|p1|Sinistcha-Masterpiece, L50|\n|poke|p1|Chesnaught, L50, M|\n|poke|p1|Cresselia, L50, F|\n|poke|p2|Dusclops, L50, F|\n|poke|p2|Ursaluna-Bloodmoon, L50, M|\n|poke|p2|Iron Hands, L50|\n|poke|p2|Flutter Mane, L50|\n|poke|p2|Chi-Yu, L50|\n|poke|p2|Landorus-Therian, L50, M|\n|teampreview|4\n|showteam|p1|Arcanine-Hisui||ChoiceBand|Intimidate|FlareBlitz,ExtremeSpeed,HeadSmash,RockSlide|||M|||50|,,,,,Normal]Annihilape||LifeOrb|Defiant|DrainPunch,RageFist,BulkUp,Protect|||F|||50|,,,,,Fire]Muk-Alola||MirrorHerb|PowerofAlchemy|BrickBreak,GunkShot,HelpingHand,KnockOff|||F|||50|,,,,,Ghost]Sinistcha-Masterpiece||SitrusBerry|Hospitality|MatchaGotcha,RagePowder,TrickRoom,NastyPlot||||||50|,,,,,Fire]Chesnaught||Leftovers|Bulletproof|IronDefense,BodyPress,WideGuard,WoodHammer|||M|||50|,,,,,Steel]Cresselia||RockyHelmet|Levitate|LunarBlessing,IceBeam,Psychic,TrickRoom|||F|||50|,,,,,Fairy\n|showteam|p2|Dusclops||Eviolite|Pressure|PainSplit,WillOWisp,TrickRoom,Protect|||F|||50|,,,,,Dark]Ursaluna-Bloodmoon||LifeOrb|MindsEye|HyperVoice,Protect,BloodMoon,EarthPower|||M|||50|,,,,,Normal]Iron Hands||AssaultVest|QuarkDrive|FakeOut,WildCharge,HeavySlam,DrainPunch||||||50|,,,,,Grass]Flutter Mane||BoosterEnergy|Protosynthesis|IcyWind,Moonblast,ShadowBall,Protect||||||50|,,,,,Fairy]Chi-Yu||FocusSash|BeadsofRuin|Snarl,DarkPulse,Overheat,Protect||||||50|,,,,,Ghost]Landorus-Therian||ChoiceScarf|Intimidate|Uturn,StompingTantrum,RockSlide,TeraBlast|||M|||50|,,,,,Flying\n|inactive|Battle timer is ON: inactive players will automatically lose when time's up. (requested by rulrus)\n|inactive|infernape339 also wants the timer to be on.\n|j|%Radio Free C-Side\n|j| FBISurveillanceMan\n|c|\u2606rulrus|glhf\n|j| hl498\n|inactive|infernape339 has 60 seconds left.\n|j| Red Fang X\n|\n|t:|1700417386\n|start\n|switch|p1a: Arcanine|Arcanine-Hisui, L50, M|100\/100\n|switch|p1b: Annihilape|Annihilape, L50, F|100\/100\n|switch|p2a: Flutter Mane|Flutter Mane, L50|100\/100\n|switch|p2b: Chi-Yu|Chi-Yu, L50|100\/100\n|-ability|p2b: Chi-Yu|Beads of Ruin\n|-ability|p1a: Arcanine|Intimidate|boost\n|-unboost|p2a: Flutter Mane|atk|1\n|-unboost|p2b: Chi-Yu|atk|1\n|-enditem|p2a: Flutter Mane|Booster Energy\n|-activate|p2a: Flutter Mane|ability: Protosynthesis|[fromitem]\n|-start|p2a: Flutter Mane|protosynthesisspa\n|turn|1\n|j| EmceeMikey\n|l| hl498\n|l| EmceeMikey\n|\n|t:|1700417410\n|-terastallize|p1b: Annihilape|Fire\n|move|p2a: Flutter Mane|Shadow Ball|p1a: Arcanine\n|-damage|p1a: Arcanine|11\/100\n|move|p2b: Chi-Yu|Dark Pulse|p1a: Arcanine\n|-damage|p1a: Arcanine|0 fnt\n|faint|p1a: Arcanine\n|move|p1b: Annihilape|Drain Punch|p2b: Chi-Yu\n|-supereffective|p2b: Chi-Yu\n|-enditem|p2b: Chi-Yu|Focus Sash\n|-damage|p2b: Chi-Yu|1\/100\n|-damage|p1b: Annihilape|91\/100|[from] item: Life Orb\n|\n|upkeep\n|\n|t:|1700417418\n|switch|p1a: Chesnaught|Chesnaught, L50, M|100\/100\n|turn|2\n|\n|t:|1700417429\n|move|p2a: Flutter Mane|Shadow Ball|p1b: Annihilape\n|-damage|p1b: Annihilape|15\/100\n|move|p2b: Chi-Yu|Overheat|p1a: Chesnaught\n|-supereffective|p1a: Chesnaught\n|-damage|p1a: Chesnaught|0 fnt\n|-unboost|p2b: Chi-Yu|spa|2\n|faint|p1a: Chesnaught\n|move|p1b: Annihilape|Rage Fist|p2a: Flutter Mane\n|-supereffective|p2a: Flutter Mane\n|-damage|p2a: Flutter Mane|0 fnt\n|faint|p2a: Flutter Mane\n|-end|p2a: Flutter Mane|Protosynthesis|[silent]\n|-damage|p1b: Annihilape|5\/100|[from] item: Life Orb\n|\n|upkeep\n|\n|t:|1700417437\n|switch|p2a: Ursaluna|Ursaluna-Bloodmoon, L50, M|100\/100\n|switch|p1a: Sinistcha|Sinistcha-Masterpiece, L50|100\/100\n|-heal|p1b: Annihilape|30\/100|[from] ability: Hospitality|[of] p1a: Sinistcha\n|turn|3\n|\n|t:|1700417452\n|-terastallize|p2a: Ursaluna|Normal\n|move|p2b: Chi-Yu|Dark Pulse|p1b: Annihilape\n|-damage|p1b: Annihilape|2\/100\n|move|p1b: Annihilape|Drain Punch|p2a: Ursaluna\n|-supereffective|p2a: Ursaluna\n|-damage|p2a: Ursaluna|33\/100\n|-heal|p1b: Annihilape|36\/100|[from] drain|[of] p2a: Ursaluna\n|-damage|p1b: Annihilape|26\/100|[from] item: Life Orb\n|move|p1a: Sinistcha|Matcha Gotcha|p2b: Chi-Yu|[spread] p2a\n|-miss|p1a: Sinistcha|p2b: Chi-Yu\n|-damage|p2a: Ursaluna|0 fnt\n|faint|p2a: Ursaluna\n|\n|upkeep\n|\n|t:|1700417457\n|switch|p2a: Dusclops|Dusclops, L50, F|100\/100\n|-ability|p2a: Dusclops|Pressure\n|turn|4\n|c|\u2606rulrus|NOOO\n|j| mocha_06\n|inactive|infernape339 has 30 seconds left.\n|\n|t:|1700417482\n|move|p2a: Dusclops|Protect|p2a: Dusclops\n|-singleturn|p2a: Dusclops|Protect\n|move|p2b: Chi-Yu|Snarl|p1b: Annihilape|[spread] p1a,p1b\n|-supereffective|p1a: Sinistcha\n|-crit|p1a: Sinistcha\n|-damage|p1a: Sinistcha|13\/100\n|-damage|p1b: Annihilape|13\/100\n|-unboost|p1a: Sinistcha|spa|1\n|-unboost|p1b: Annihilape|spa|1\n|-ability|p1b: Annihilape|Defiant|boost\n|-boost|p1b: Annihilape|atk|2\n|-enditem|p1a: Sinistcha|Sitrus Berry|[eat]\n|-heal|p1a: Sinistcha|38\/100|[from] item: Sitrus Berry\n|move|p1b: Annihilape|Drain Punch|p2b: Chi-Yu\n|-supereffective|p2b: Chi-Yu\n|-damage|p2b: Chi-Yu|0 fnt\n|-heal|p1b: Annihilape|14\/100|[from] drain|[of] p2b: Chi-Yu\n|faint|p2b: Chi-Yu\n|-damage|p1b: Annihilape|4\/100|[from] item: Life Orb\n|move|p1a: Sinistcha|Matcha Gotcha|p2a: Dusclops\n|-activate|p2a: Dusclops|move: Protect\n|\n|upkeep\n|turn|5\n|c|\u2606rulrus|gg\n|c|\u2606infernape339|oh no i made a bad predic\n|j| maxdeesevgc\n|c|\u2606infernape339|you didnt rage power\n|inactive|infernape339 has 30 seconds left.\n|\n|t:|1700417509\n|move|p1b: Annihilape|Rage Fist|p2a: Dusclops\n|-supereffective|p2a: Dusclops\n|-damage|p2a: Dusclops|0 fnt\n|faint|p2a: Dusclops\n|-damage|p1b: Annihilape|0 fnt|[from] item: Life Orb\n|faint|p1b: Annihilape\n|\n|win|rulrus\n|n|\u2606rulrus|rulrus\n|n|\u2606infernape339|infernape339\n|n| Radio Free C-Side|radiofreecside\n|n| FBISurveillanceMan|fbisurveillanceman\n|n| Red Fang X|redfangx\n|n| mocha_06|mocha06\n|n| maxdeesevgc|maxdeesevgc\n","uploadtime":1700417510,"views":16,"p1id":"rulrus","p2id":"infernape339","formatid":"gen9vgc2023regulatione","rating":0,"private":0,"password":""}