{"id":"gen9vgc2023regulatione-1990262520","p1":"bobforte22","p2":"Gr1lled_m0rmons","format":"[Gen 9] VGC 2023 Regulation E","log":"|j|\u2606bobforte22\n|j|\u2606Gr1lled_m0rmons\n|t:|1699946823\n|gametype|doubles\n|player|p1|bobforte22|pilot|1166\n|player|p2|Gr1lled_m0rmons|2|1074\n|teamsize|p1|6\n|teamsize|p2|6\n|gen|9\n|tier|[Gen 9] VGC 2023 Regulation E\n|rated|\n|rule|Species Clause: Limit one of each Pok\u00e9mon\n|rule|Item Clause: Limit one of each item\n|clearpoke\n|poke|p1|Chi-Yu, L50|\n|poke|p1|Jolteon, L50, M|\n|poke|p1|Iron Hands, L50|\n|poke|p1|Iron Bundle, L50|\n|poke|p1|Arcanine, L50, F|\n|poke|p1|Garchomp, L50, F|\n|poke|p2|Arcanine-Hisui, L50, F|\n|poke|p2|Annihilape, L50, M|\n|poke|p2|Chien-Pao, L50|\n|poke|p2|Dragapult, L50, M|\n|poke|p2|Tornadus, L50, M|\n|poke|p2|Gholdengo, L50|\n|teampreview|4\nGr1lled_m0rmons has agreed to open team sheets.\n|inactive|Battle timer is ON: inactive players will automatically lose when time's up. (requested by bobforte22)\n|\n|t:|1699946868\n|start\n|switch|p1a: Garchomp|Garchomp, L50, F|100\/100\n|switch|p1b: Jolteon|Jolteon, L50, M|100\/100\n|switch|p2a: Lizard|Chien-Pao, L50|100\/100\n|switch|p2b: Da Ape|Annihilape, L50, M|100\/100\n|-ability|p2a: Lizard|Sword of Ruin\n|turn|1\n|inactive|bobforte22 has 30 seconds left.\n|\n|t:|1699946901\n|move|p1a: Garchomp|Protect|p1a: Garchomp\n|-singleturn|p1a: Garchomp|Protect\n|move|p2a: Lizard|Ice Spinner|p1a: Garchomp\n|-activate|p1a: Garchomp|move: Protect\n|move|p1b: Jolteon|Thunderbolt|p2b: Da Ape\n|-damage|p2b: Da Ape|59\/100\n|-damage|p1b: Jolteon|91\/100|[from] item: Life Orb\n|move|p2b: Da Ape|Bulk Up|p2b: Da Ape\n|-boost|p2b: Da Ape|atk|1\n|-boost|p2b: Da Ape|def|1\n|\n|upkeep\n|turn|2\n|\n|t:|1699946926\n|-terastallize|p1a: Garchomp|Ice\n|move|p2a: Lizard|Ice Spinner|p1a: Garchomp\n|-resisted|p1a: Garchomp\n|-damage|p1a: Garchomp|75\/100\n|-damage|p2a: Lizard|88\/100|[from] ability: Rough Skin|[of] p1a: Garchomp\n|move|p1b: Jolteon|Thunderbolt|p2a: Lizard\n|-damage|p2a: Lizard|22\/100\n|-damage|p1b: Jolteon|81\/100|[from] item: Life Orb\n|move|p1a: Garchomp|Stomping Tantrum|p2b: Da Ape\n|-damage|p2b: Da Ape|22\/100\n|move|p2b: Da Ape|Drain Punch|p1b: Jolteon\n|-damage|p1b: Jolteon|0 fnt\n|-heal|p2b: Da Ape|54\/100|[from] drain|[of] p1b: Jolteon\n|faint|p1b: Jolteon\n|-damage|p2b: Da Ape|44\/100|[from] item: Life Orb\n|\n|upkeep\n|\n|t:|1699946941\n|switch|p1b: Iron Hands|Iron Hands, L50|100\/100\n|turn|3\n|inactive|bobforte22 has 30 seconds left.\n|\n|t:|1699946975\n|-terastallize|p2b: Da Ape|Poison\n|move|p1a: Garchomp|Protect|p1a: Garchomp\n|-singleturn|p1a: Garchomp|Protect\n|move|p2a: Lizard|Sacred Sword|p1a: Garchomp\n|-activate|p1a: Garchomp|move: Protect\n|move|p2b: Da Ape|Rage Fist|p1b: Iron Hands\n|-damage|p1b: Iron Hands|0 fnt\n|faint|p1b: Iron Hands\n|-end|p1b: Iron Hands|Quark Drive|[silent]\n|-damage|p2b: Da Ape|35\/100|[from] item: Life Orb\n|\n|upkeep\n|\n|t:|1699946985\n|switch|p1b: Iron Bundle|Iron Bundle, L50|100\/100\n|turn|4\n|\n|t:|1699947009\n|switch|p2a: Boeing|Dragapult, L50, M|100\/100\n|move|p1b: Iron Bundle|Hydro Pump|p2a: Boeing\n|-resisted|p2a: Boeing\n|-damage|p2a: Boeing|75\/100\n|move|p1a: Garchomp|Stomping Tantrum|p2b: Da Ape\n|-supereffective|p2b: Da Ape\n|-damage|p2b: Da Ape|0 fnt\n|faint|p2b: Da Ape\n|\n|upkeep\n|\n|t:|1699947021\n|switch|p2b: Good Boy|Arcanine-Hisui, L50, F|100\/100\n|-ability|p2b: Good Boy|Intimidate|boost\n|-unboost|p1a: Garchomp|atk|1\n|-unboost|p1b: Iron Bundle|atk|1\n|turn|5\n|\n|t:|1699947034\n|switch|p2b: Lizard|Chien-Pao, L50|22\/100\n|-ability|p2b: Lizard|Sword of Ruin\n|move|p2a: Boeing|U-turn|p1b: Iron Bundle\n|-damage|p1b: Iron Bundle|70\/100\n|\n|t:|1699947042\n|switch|p2a: Good Boy|Arcanine-Hisui, L50, F|100\/100|[from] U-turn\n|-ability|p2a: Good Boy|Intimidate|boost\n|-unboost|p1a: Garchomp|atk|1\n|-unboost|p1b: Iron Bundle|atk|1\n|move|p1b: Iron Bundle|Freeze-Dry|p2a: Good Boy\n|-resisted|p2a: Good Boy\n|-damage|p2a: Good Boy|82\/100\n|move|p1a: Garchomp|Stomping Tantrum|p2b: Lizard\n|-damage|p2b: Lizard|0 fnt\n|faint|p2b: Lizard\n|\n|upkeep\n|\n|t:|1699947053\n|switch|p2b: Boeing|Dragapult, L50, M|75\/100\n|turn|6\n|\n|t:|1699947070\n|move|p2b: Boeing|Phantom Force||[still]\n|-prepare|p2b: Boeing|Phantom Force\n|move|p1b: Iron Bundle|Hydro Pump|p2a: Good Boy\n|-supereffective|p2a: Good Boy\n|-damage|p2a: Good Boy|0 fnt\n|faint|p2a: Good Boy\n|move|p1a: Garchomp|Stomping Tantrum|p2b: Boeing|[miss]\n|-miss|p1a: Garchomp|p2b: Boeing\n|\n|upkeep\n|turn|7\n|\n|t:|1699947084\n|move|p2b: Boeing|Phantom Force|p1b: Iron Bundle|[from]lockedmove\n|-damage|p1b: Iron Bundle|28\/100\n|move|p1b: Iron Bundle|Freeze-Dry|p2b: Boeing\n|-supereffective|p2b: Boeing\n|-damage|p2b: Boeing|6\/100\n|move|p1a: Garchomp|Tera Blast|p2b: Boeing|[anim] Tera Blast Ice\n|-supereffective|p2b: Boeing\n|-damage|p2b: Boeing|0 fnt\n|faint|p2b: Boeing\n|\n|win|bobforte22\n|raw|bobforte22's rating: 1166 &rarr; <strong>1185<\/strong><br \/>(+19 for winning)\n|raw|Gr1lled_m0rmons's rating: 1074 &rarr; <strong>1058<\/strong><br \/>(-16 for losing)\n","uploadtime":1699947097,"views":23,"p1id":"bobforte22","p2id":"gr1lledm0rmons","formatid":"gen9vgc2023regulatione","rating":1058,"private":0,"password":""}