{"id":"gen9vgc2023regulatione-2000530833","p1":"watabolt","p2":"j-sock reimagined","format":"[Gen 9] VGC 2023 Regulation E","log":"|j|\u2606watabolt\n|j|\u2606j-sock reimagined\n|t:|1701202702\n|gametype|doubles\n|player|p1|watabolt|depotagent|1102\n|player|p2|j-sock reimagined|102|1131\n|teamsize|p1|6\n|teamsize|p2|6\n|gen|9\n|tier|[Gen 9] VGC 2023 Regulation E\n|rated|\n|rule|Species Clause: Limit one of each Pok\u00e9mon\n|rule|Item Clause: Limit one of each item\n|clearpoke\n|poke|p1|Flutter Mane, L50|\n|poke|p1|Ninetales-Alola, L50, M|\n|poke|p1|Sandslash-Alola, L50, M|\n|poke|p1|Iron Hands, L50|\n|poke|p1|Chi-Yu, L50|\n|poke|p1|Gastrodon-East, L50, F|\n|poke|p2|Iron Bundle, L50|\n|poke|p2|Volcarona, L50, F|\n|poke|p2|Rillaboom, L50, M|\n|poke|p2|Landorus-Therian, L50, M|\n|poke|p2|Grimmsnarl, L50, M|\n|poke|p2|Iron Hands, L50|\n|teampreview|4\n|\n|t:|1701202747\n|start\n|switch|p1a: Iron Hands|Iron Hands, L50|100\/100\n|switch|p1b: Chi-Yu|Chi-Yu, L50|100\/100\n|switch|p2a: Iron Hands|Iron Hands, L50|100\/100\n|switch|p2b: Grimmsnarl|Grimmsnarl, L50, M|100\/100\n|-ability|p1b: Chi-Yu|Beads of Ruin\n|turn|1\n|\n|t:|1701202790\n|-terastallize|p2b: Grimmsnarl|Poison\n|move|p1b: Chi-Yu|Protect|p1b: Chi-Yu\n|-singleturn|p1b: Chi-Yu|Protect\n|move|p2b: Grimmsnarl|Light Screen|p2b: Grimmsnarl\n|-sidestart|p2: j-sock reimagined|move: Light Screen\n|move|p1a: Iron Hands|Heavy Slam|p2b: Grimmsnarl\n|-crit|p2b: Grimmsnarl\n|-damage|p2b: Grimmsnarl|41\/100\n|move|p2a: Iron Hands|Drain Punch|p1b: Chi-Yu\n|-activate|p1b: Chi-Yu|move: Protect\n|\n|upkeep\n|turn|2\n|\n|t:|1701202812\n|switch|p1b: Gastrodon|Gastrodon-East, L50, F|100\/100\n|move|p2b: Grimmsnarl|Reflect|p2b: Grimmsnarl\n|-sidestart|p2: j-sock reimagined|Reflect\n|move|p1a: Iron Hands|Drain Punch|p2b: Grimmsnarl\n|-resisted|p2b: Grimmsnarl\n|-damage|p2b: Grimmsnarl|28\/100\n|move|p2a: Iron Hands|Drain Punch|p1b: Gastrodon\n|-damage|p1b: Gastrodon|56\/100\n|\n|-heal|p1b: Gastrodon|62\/100|[from] item: Leftovers\n|upkeep\n|turn|3\n|\n|t:|1701202840\n|move|p2b: Grimmsnarl|Taunt|p1b: Gastrodon\n|-start|p1b: Gastrodon|move: Taunt\n|move|p1a: Iron Hands|Wild Charge|p2b: Grimmsnarl\n|-damage|p2b: Grimmsnarl|0 fnt\n|faint|p2b: Grimmsnarl\n|-damage|p1a: Iron Hands|95\/100|[from] Recoil\n|move|p2a: Iron Hands|Drain Punch|p1b: Gastrodon\n|-damage|p1b: Gastrodon|18\/100\n|move|p1b: Gastrodon|Earth Power|p2a: Iron Hands\n|-supereffective|p2a: Iron Hands\n|-damage|p2a: Iron Hands|73\/100\n|\n|-heal|p1b: Gastrodon|24\/100|[from] item: Leftovers\n|upkeep\n|\n|t:|1701202862\n|switch|p2b: Volcarona|Volcarona, L50, F|100\/100\n|turn|4\n|\n|t:|1701202882\n|move|p2b: Volcarona|Quiver Dance|p2b: Volcarona\n|-boost|p2b: Volcarona|spa|1\n|-boost|p2b: Volcarona|spd|1\n|-boost|p2b: Volcarona|spe|1\n|move|p1a: Iron Hands|Drain Punch|p2b: Volcarona\n|-resisted|p2b: Volcarona\n|-damage|p2b: Volcarona|88\/100\n|-heal|p1a: Iron Hands|99\/100|[from] drain|[of] p2b: Volcarona\n|-status|p1a: Iron Hands|brn|[from] ability: Flame Body|[of] p2b: Volcarona\n|move|p2a: Iron Hands|Drain Punch|p1b: Gastrodon\n|-damage|p1b: Gastrodon|0 fnt\n|-heal|p2a: Iron Hands|83\/100|[from] drain|[of] p1b: Gastrodon\n|faint|p1b: Gastrodon\n|\n|-damage|p1a: Iron Hands|94\/100 brn|[from] brn\n|upkeep\n|\n|t:|1701202915\n|switch|p1b: Flutter Mane|Flutter Mane, L50|100\/100\n|-enditem|p1b: Flutter Mane|Booster Energy\n|-activate|p1b: Flutter Mane|ability: Protosynthesis|[fromitem]\n|-start|p1b: Flutter Mane|protosynthesisspa\n|turn|5\n|\n|t:|1701202941\n|-end|p1a: Iron Hands|Quark Drive|[silent]\n|switch|p1a: Chi-Yu|Chi-Yu, L50|100\/100\n|-ability|p1a: Chi-Yu|Beads of Ruin\n|move|p1b: Flutter Mane|Dazzling Gleam|p2a: Iron Hands|[spread] p2a,p2b\n|-supereffective|p2a: Iron Hands\n|-resisted|p2b: Volcarona\n|-damage|p2a: Iron Hands|39\/100\n|-damage|p2b: Volcarona|78\/100\n|move|p2b: Volcarona|Heat Wave|p1a: Chi-Yu|[spread] p1a,p1b\n|-resisted|p1a: Chi-Yu\n|-damage|p1a: Chi-Yu|74\/100\n|-damage|p1b: Flutter Mane|40\/100\n|move|p2a: Iron Hands|Heavy Slam|p1b: Flutter Mane\n|-supereffective|p1b: Flutter Mane\n|-damage|p1b: Flutter Mane|0 fnt\n|faint|p1b: Flutter Mane\n|-end|p1b: Flutter Mane|Protosynthesis|[silent]\n|\n|upkeep\n|\n|t:|1701202960\n|switch|p1b: Iron Hands|Iron Hands, L50|94\/100 brn\n|turn|6\n|\n|t:|1701202981\n|-terastallize|p1b: Iron Hands|Fire\n|move|p1a: Chi-Yu|Protect|p1a: Chi-Yu\n|-singleturn|p1a: Chi-Yu|Protect\n|move|p2b: Volcarona|Quiver Dance|p2b: Volcarona\n|-boost|p2b: Volcarona|spa|1\n|-boost|p2b: Volcarona|spd|1\n|-boost|p2b: Volcarona|spe|1\n|move|p1b: Iron Hands|Wild Charge|p2b: Volcarona\n|-damage|p2b: Volcarona|62\/100\n|-damage|p1b: Iron Hands|91\/100 brn|[from] Recoil\n|move|p2a: Iron Hands|Drain Punch|p1a: Chi-Yu\n|-activate|p1a: Chi-Yu|move: Protect\n|\n|-damage|p1b: Iron Hands|85\/100 brn|[from] brn\n|upkeep\n|turn|7\n|-message|watabolt forfeited.\n|\n|win|j-sock reimagined\n|raw|watabolt's rating: 1102 &rarr; <strong>1079<\/strong><br \/>(-23 for losing)\n|raw|j-sock reimagined's rating: 1131 &rarr; <strong>1154<\/strong><br \/>(+23 for winning)\n|l|\u2606watabolt\n","uploadtime":1701203011,"views":2,"p1id":"watabolt","p2id":"jsockreimagined","formatid":"gen9vgc2023regulatione","rating":1079,"private":0,"password":""}