{"id":"gen9vgc2023regulatione-1999354564","p1":"Mirai_Burai","p2":"Mallow_sux","format":"[Gen 9] VGC 2023 Regulation E","log":"|j|\u2606Mirai_Burai\n|j|\u2606Mallow_sux\n|n|\u2606Mirai_Burai|miraiburai\n|n|\u2606Mallow_sux|mallowsux\n|html|View the match progress at <a href=\"\/game-bestof7-gen9vgc2023regulatione-1999340407\">game-bestof7-gen9vgc2023regulatione-1999340407<\/a>\n|t:|1701065536\n|gametype|doubles\n|player|p1|Mirai_Burai|skyla|\n|player|p2|Mallow_sux|shauntal|\n|teamsize|p1|6\n|teamsize|p2|6\n|gen|9\n|tier|[Gen 9] VGC 2023 Regulation E\n|rule|Species Clause: Limit one of each Pok\u00e9mon\n|rule|Item Clause: Limit one of each item\n|clearpoke\n|poke|p1|Roaring Moon, L50|\n|poke|p1|Ninetales-Alola, L50, F|\n|poke|p1|Landorus-Therian, L50, M|\n|poke|p1|Iron Hands, L50|\n|poke|p1|Milotic, L50, F|\n|poke|p1|Ogerpon-Hearthflame, L50, F|\n|poke|p2|Iron Bundle, L50|\n|poke|p2|Tornadus, L50, M|\n|poke|p2|Flutter Mane, L50|\n|poke|p2|Ogerpon-Hearthflame, L50, F|\n|poke|p2|Rillaboom, L50, F|\n|poke|p2|Chi-Yu, L50|\n|teampreview|4\nMallow_sux has agreed to open team sheets.\n|\n|t:|1701065584\n|start\n|switch|p1a: Ninetales|Ninetales-Alola, L50, F, shiny|100\/100\n|switch|p1b: Milotic|Milotic, L50, F, shiny|100\/100\n|switch|p2a: Tornadus|Tornadus, L50, M|100\/100\n|switch|p2b: Ogerpon|Ogerpon-Hearthflame, L50, F|100\/100\n|-weather|Snow|[from] ability: Snow Warning|[of] p1a: Ninetales\n|-ability|p2b: Ogerpon|Mold Breaker\n|turn|1\n|\n|t:|1701065605\n|switch|p1a: Landorus|Landorus-Therian, L50, M|100\/100\n|-ability|p1a: Landorus|Intimidate|boost\n|-unboost|p2a: Tornadus|atk|1\n|-unboost|p2b: Ogerpon|atk|1\n|move|p2a: Tornadus|Sunny Day|p2a: Tornadus\n|-weather|SunnyDay\n|move|p2b: Ogerpon|Grassy Glide|p1b: Milotic\n|-supereffective|p1b: Milotic\n|-damage|p1b: Milotic|63\/100\n|move|p1b: Milotic|Icy Wind|p2b: Ogerpon|[spread] p2a,p2b\n|-supereffective|p2a: Tornadus\n|-damage|p2a: Tornadus|73\/100\n|-damage|p2b: Ogerpon|89\/100\n|-unboost|p2a: Tornadus|spe|1\n|-unboost|p2b: Ogerpon|spe|1\n|\n|-weather|SunnyDay|[upkeep]\n|upkeep\n|turn|2\n|\n|t:|1701065633\n|move|p2b: Ogerpon|Spiky Shield|p2b: Ogerpon\n|-singleturn|p2b: Ogerpon|move: Protect\n|move|p2a: Tornadus|Tailwind|p2a: Tornadus\n|-sidestart|p2: Mallow_sux|move: Tailwind\n|move|p1a: Landorus|Rock Slide|p2a: Tornadus|[spread] p2a\n|-activate|p2b: Ogerpon|move: Protect\n|-supereffective|p2a: Tornadus\n|-damage|p2a: Tornadus|29\/100\n|move|p1b: Milotic|Recover|p1b: Milotic\n|-heal|p1b: Milotic|100\/100\n|\n|-weather|SunnyDay|[upkeep]\n|upkeep\n|turn|3\n|\n|t:|1701065650\n|move|p2a: Tornadus|Taunt|p1b: Milotic\n|-start|p1b: Milotic|move: Taunt\n|move|p1a: Landorus|Rock Slide|p2b: Ogerpon|[spread] p2a,p2b\n|-supereffective|p2a: Tornadus\n|-supereffective|p2b: Ogerpon\n|-damage|p2a: Tornadus|0 fnt\n|-damage|p2b: Ogerpon|40\/100\n|faint|p2a: Tornadus\n|move|p2b: Ogerpon|Ivy Cudgel|p1a: Landorus|[anim] Ivy Cudgel Fire\n|-damage|p1a: Landorus|35\/100\n|move|p1b: Milotic|Icy Wind|p2b: Ogerpon\n|-damage|p2b: Ogerpon|25\/100\n|-unboost|p2b: Ogerpon|spe|1\n|\n|-weather|SunnyDay|[upkeep]\n|upkeep\n|\n|t:|1701065669\n|switch|p2a: Chi-Yu|Chi-Yu, L50|100\/100\n|-ability|p2a: Chi-Yu|Beads of Ruin\n|turn|4\n|\n|t:|1701065693\n|-terastallize|p2a: Chi-Yu|Ghost\n|move|p2b: Ogerpon|Spiky Shield|p2b: Ogerpon\n|-singleturn|p2b: Ogerpon|move: Protect\n|move|p2a: Chi-Yu|Heat Wave|p1b: Milotic|[spread] p1a,p1b\n|-resisted|p1b: Milotic\n|-damage|p1a: Landorus|0 fnt\n|-damage|p1b: Milotic|59\/100\n|faint|p1a: Landorus\n|move|p1b: Milotic|Scald|p2a: Chi-Yu\n|-damage|p2a: Chi-Yu|83\/100\n|\n|-weather|SunnyDay|[upkeep]\n|upkeep\n|\n|t:|1701065705\n|switch|p1a: Ninetales|Ninetales-Alola, L50, F, shiny|100\/100\n|-weather|Snow|[from] ability: Snow Warning|[of] p1a: Ninetales\n|turn|5\n|\n|t:|1701065721\n|move|p1a: Ninetales|Protect|p1a: Ninetales\n|-singleturn|p1a: Ninetales|Protect\n|move|p2a: Chi-Yu|Heat Wave|p1b: Milotic|[spread] \n|-activate|p1a: Ninetales|move: Protect\n|-miss|p2a: Chi-Yu|p1b: Milotic\n|move|p2b: Ogerpon|Grassy Glide|p1b: Milotic\n|-supereffective|p1b: Milotic\n|-crit|p1b: Milotic\n|-damage|p1b: Milotic|0 fnt\n|faint|p1b: Milotic\n|\n|-weather|Snow|[upkeep]\n|-sideend|p2: Mallow_sux|move: Tailwind\n|upkeep\n|\n|t:|1701065734\n|switch|p1b: Iron Hands|Iron Hands, L50|100\/100\n|turn|6\n|\n|t:|1701065764\n|move|p2b: Ogerpon|Spiky Shield|p2b: Ogerpon\n|-singleturn|p2b: Ogerpon|move: Protect\n|move|p1b: Iron Hands|Fake Out|p2b: Ogerpon\n|-activate|p2b: Ogerpon|move: Protect\n|-damage|p1b: Iron Hands|88\/100|[from] Spiky Shield|[of] p2b: Ogerpon\n|move|p1a: Ninetales|Aurora Veil|p1a: Ninetales\n|-sidestart|p1: Mirai_Burai|move: Aurora Veil\n|move|p2a: Chi-Yu|Heat Wave|p1b: Iron Hands|[spread] p1a\n|-miss|p2a: Chi-Yu|p1b: Iron Hands\n|-supereffective|p1a: Ninetales\n|-damage|p1a: Ninetales|0 fnt\n|faint|p1a: Ninetales\n|\n|-weather|Snow|[upkeep]\n|upkeep\n|turn|7\n|\n|t:|1701065783\n|move|p2a: Chi-Yu|Heat Wave|p1b: Iron Hands\n|-damage|p1b: Iron Hands|59\/100\n|move|p2b: Ogerpon|Ivy Cudgel|p1b: Iron Hands|[anim] Ivy Cudgel Fire\n|-damage|p1b: Iron Hands|39\/100\n|move|p1b: Iron Hands|Wild Charge|p2b: Ogerpon\n|-resisted|p2b: Ogerpon\n|-damage|p2b: Ogerpon|0 fnt\n|faint|p2b: Ogerpon\n|-damage|p1b: Iron Hands|35\/100|[from] Recoil\n|\n|-weather|Snow|[upkeep]\n|upkeep\n|\n|t:|1701065794\n|switch|p2b: Flutter Mane|Flutter Mane, L50|100\/100\n|turn|8\n|\n|t:|1701065800\n|move|p2b: Flutter Mane|Moonblast|p1b: Iron Hands\n|-supereffective|p1b: Iron Hands\n|-damage|p1b: Iron Hands|0 fnt\n|faint|p1b: Iron Hands\n|-end|p1b: Iron Hands|Quark Drive|[silent]\n|\n|win|Mallow_sux\n","uploadtime":1701065869,"views":3,"p1id":"miraiburai","p2id":"mallowsux","formatid":"gen9vgc2023regulatione","rating":0,"private":0,"password":""}