{"id":"gen9vgc2023regulatione-1988141578","p1":"Yassooooo","p2":"Mketester","format":"[Gen 9] VGC 2023 Regulation E","log":"|j|\u2606Yassooooo\n|j|\u2606Mketester\n|t:|1699674821\n|gametype|doubles\n|player|p1|Yassooooo|2|1511\n|player|p2|Mketester|1|1563\n|teamsize|p1|6\n|teamsize|p2|6\n|gen|9\n|tier|[Gen 9] VGC 2023 Regulation E\n|rated|\n|rule|Species Clause: Limit one of each Pok\u00e9mon\n|rule|Item Clause: Limit one of each item\n|clearpoke\n|poke|p1|Torkoal, L50, M|\n|poke|p1|Ursaluna, L50, M|\n|poke|p1|Sableye, L50, M|\n|poke|p1|Moltres-Galar, L50|\n|poke|p1|Flutter Mane, L50|\n|poke|p1|Tyranitar, L50, M|\n|poke|p2|Tornadus, L50, M|\n|poke|p2|Arcanine-Hisui, L50, M|\n|poke|p2|Iron Hands, L50|\n|poke|p2|Gholdengo, L50|\n|poke|p2|Urshifu-*, L50, M|\n|poke|p2|Ogerpon-Wellspring, L50, F|\n|teampreview|4\n|inactive|Battle timer is ON: inactive players will automatically lose when time's up. (requested by Mketester)\n|j| RM20VGC777\n|\n|t:|1699674881\n|start\n|switch|p1a: Sableye|Sableye, L50, M|100\/100\n|switch|p1b: Moltres|Moltres-Galar, L50|100\/100\n|switch|p2a: Gholdengo|Gholdengo, L50|100\/100\n|switch|p2b: Ogerpon|Ogerpon-Wellspring, L50, F|100\/100\n|turn|1\n|inactive|Mketester has 30 seconds left.\n|\n|t:|1699674910\n|switch|p2b: Iron Hands|Iron Hands, L50|100\/100\n|move|p1a: Sableye|Skill Swap|p1b: Moltres\n|-activate|p1a: Sableye|move: Skill Swap|||[of] p1b: Moltres\n|move|p1b: Moltres|Substitute|p1b: Moltres\n|-start|p1b: Moltres|Substitute\n|-damage|p1b: Moltres|76\/100\n|move|p2a: Gholdengo|Nasty Plot|p2a: Gholdengo\n|-boost|p2a: Gholdengo|spa|2\n|\n|upkeep\n|turn|2\n|\n|t:|1699674929\n|move|p1b: Moltres|Protect|p1b: Moltres\n|-singleturn|p1b: Moltres|Protect\n|move|p2a: Gholdengo|Make It Rain|p1b: Moltres|[spread] p1a\n|-activate|p1b: Moltres|move: Protect\n|-damage|p1a: Sableye|14\/100\n|-unboost|p2a: Gholdengo|spa|1\n|-enditem|p1a: Sableye|Eject Button\n|-ability|p1a: Sableye|Berserk|boost\n|-boost|p1a: Sableye|spa|1\n|\n|t:|1699674945\n|switch|p1a: Ursaluna|Ursaluna, L50, M|100\/100\n|move|p2b: Iron Hands|Wild Charge|p1b: Moltres\n|-activate|p1b: Moltres|move: Protect\n|\n|-status|p1a: Ursaluna|brn|[from] item: Flame Orb\n|upkeep\n|turn|3\n|\n|t:|1699674963\n|move|p1b: Moltres|After You|p1a: Ursaluna\n|-activate|p1a: Ursaluna|move: After You\n|move|p1a: Ursaluna|Earthquake|p2a: Gholdengo|[spread] p2a,p2b\n|-immune|p1b: Moltres\n|-supereffective|p2a: Gholdengo\n|-crit|p2a: Gholdengo\n|-supereffective|p2b: Iron Hands\n|-damage|p2a: Gholdengo|0 fnt\n|-damage|p2b: Iron Hands|11\/100\n|faint|p2a: Gholdengo\n|move|p2b: Iron Hands|Wild Charge|p1b: Moltres\n|-supereffective|p1b: Moltres\n|-end|p1b: Moltres|Substitute\n|-damage|p2b: Iron Hands|6\/100|[from] Recoil|[of] p1b: Moltres\n|\n|-damage|p1a: Ursaluna|95\/100 brn|[from] brn\n|upkeep\n|\n|t:|1699674985\n|switch|p2a: Ogerpon|Ogerpon-Wellspring, L50, F|100\/100\n|turn|4\n|inactive|Yassooooo has 30 seconds left.\n|\n|t:|1699675010\n|-terastallize|p1a: Ursaluna|Ghost\n|move|p1b: Moltres|After You|p1a: Ursaluna\n|-activate|p1a: Ursaluna|move: After You\n|move|p1a: Ursaluna|Earthquake|p2b: Iron Hands|[spread] p2a,p2b\n|-immune|p1b: Moltres\n|-resisted|p2a: Ogerpon\n|-supereffective|p2b: Iron Hands\n|-damage|p2a: Ogerpon|66\/100\n|-damage|p2b: Iron Hands|0 fnt\n|faint|p2b: Iron Hands\n|-end|p2b: Iron Hands|Quark Drive|[silent]\n|move|p2a: Ogerpon|Ivy Cudgel|p1a: Ursaluna\n|-damage|p1a: Ursaluna|57\/100 brn\n|\n|-damage|p1a: Ursaluna|51\/100 brn|[from] brn\n|upkeep\n|\n|t:|1699675017\n|switch|p2b: Tornadus|Tornadus, L50, M|100\/100\n|turn|5\n|\n|t:|1699675039\n|move|p2b: Tornadus|Tailwind|p2b: Tornadus\n|-sidestart|p2: Mketester|move: Tailwind\n|move|p1b: Moltres|After You|p1a: Ursaluna\n|-activate|p1a: Ursaluna|move: After You\n|move|p1a: Ursaluna|Facade|p2a: Ogerpon\n|-damage|p2a: Ogerpon|0 fnt\n|faint|p2a: Ogerpon\n|\n|-damage|p1a: Ursaluna|45\/100 brn|[from] brn\n|upkeep\n|turn|6\n|\n|t:|1699675053\n|move|p1b: Moltres|After You|p1a: Ursaluna\n|-activate|p1a: Ursaluna|move: After You\n|move|p1a: Ursaluna|Facade|p2b: Tornadus\n|-damage|p2b: Tornadus|0 fnt\n|faint|p2b: Tornadus\n|\n|win|Yassooooo\n|raw|Yassooooo's rating: 1511 &rarr; <strong>1534<\/strong><br \/>(+23 for winning)\n|raw|Mketester's rating: 1563 &rarr; <strong>1540<\/strong><br \/>(-23 for losing)\n|l|\u2606Yassooooo\n","uploadtime":1699675059,"views":26,"p1id":"yassooooo","p2id":"mketester","formatid":"gen9vgc2023regulatione","rating":1534,"private":0,"password":""}