{"id":"gen9vgc2023regulatione-1992430266","p1":"xS0CCERPR0x","p2":"Thud124","format":"[Gen 9] VGC 2023 Regulation E","log":"|j|\u2606xS0CCERPR0x\n|j|\u2606Thud124\n|n|\u2606xS0CCERPR0x|xs0ccerpr0x\n|n|\u2606Thud124|thud124\n|html|View the match progress at <a href=\"\/game-bestof3-gen9vgc2023regulatione-1992425700\">game-bestof3-gen9vgc2023regulatione-1992425700<\/a>\n|t:|1700186651\n|gametype|doubles\n|player|p1|xS0CCERPR0x|acetrainerf-gen4dp|\n|player|p2|Thud124|juan-gen3|\n|teamsize|p1|6\n|teamsize|p2|6\n|gen|9\n|tier|[Gen 9] VGC 2023 Regulation E\n|rule|Species Clause: Limit one of each Pok\u00e9mon\n|rule|Item Clause: Limit one of each item\n|clearpoke\n|poke|p1|Arbok, L50, F|\n|poke|p1|Espathra, L50, M|\n|poke|p1|Goodra-Hisui, L50, F|\n|poke|p1|Braviary-Hisui, L50, M|\n|poke|p1|Tsareena, L50, F|\n|poke|p1|Greninja-*, L50, F|\n|poke|p2|Gothitelle, L50, F|\n|poke|p2|Scream Tail, L50|\n|poke|p2|Urshifu-*, L50, M|\n|poke|p2|Politoed, L50, F|\n|poke|p2|Ludicolo, L50, M|\n|poke|p2|Kilowattrel, L50, M|\n|teampreview|4\nxS0CCERPR0x rejected open team sheets.\n|\n|t:|1700186709\n|start\n|switch|p1a: Balthasar Gelt|Arbok, L50, F, shiny|100\/100\n|switch|p1b: Markus Wulfhart|Braviary-Hisui, L50, M|100\/100\n|switch|p2a: Politoed|Politoed, L50, F|100\/100\n|switch|p2b: Urshifu|Urshifu-Rapid-Strike, L50, M|100\/100\n|-ability|p1a: Balthasar Gelt|Intimidate|boost\n|-unboost|p2a: Politoed|atk|1\n|-unboost|p2b: Urshifu|atk|1\n|-weather|RainDance|[from] ability: Drizzle|[of] p2a: Politoed\n|turn|1\n|\n|t:|1700186731\n|-terastallize|p2b: Urshifu|Water\n|move|p1a: Balthasar Gelt|Sucker Punch|p2b: Urshifu\n|-damage|p2b: Urshifu|80\/100\n|move|p2b: Urshifu|Surging Strikes|p1b: Markus Wulfhart\n|-crit|p1b: Markus Wulfhart\n|-damage|p1b: Markus Wulfhart|50\/100\n|-crit|p1b: Markus Wulfhart\n|-damage|p1b: Markus Wulfhart|1\/100\n|-crit|p1b: Markus Wulfhart\n|-damage|p1b: Markus Wulfhart|0 fnt\n|faint|p1b: Markus Wulfhart\n|-hitcount|p1: Markus Wulfhart|3\n|move|p2a: Politoed|Weather Ball|p1a: Balthasar Gelt\n|-damage|p1a: Balthasar Gelt|27\/100\n|\n|-weather|RainDance|[upkeep]\n|upkeep\n|\n|t:|1700186749\n|switch|p1b: Isabella|Espathra, L50, M|100\/100\n|turn|2\n|\n|t:|1700186765\n|move|p1a: Balthasar Gelt|Sucker Punch|p2a: Politoed\n|-damage|p2a: Politoed|85\/100\n|move|p1b: Isabella|Energy Ball|p2b: Urshifu\n|-supereffective|p2b: Urshifu\n|-damage|p2b: Urshifu|0 fnt\n|faint|p2b: Urshifu\n|move|p2a: Politoed|Weather Ball|p1a: Balthasar Gelt\n|-damage|p1a: Balthasar Gelt|0 fnt\n|faint|p1a: Balthasar Gelt\n|\n|-weather|RainDance|[upkeep]\n|-ability|p1b: Isabella|Speed Boost|boost\n|-boost|p1b: Isabella|spe|1\n|upkeep\n|\n|t:|1700186777\n|switch|p2b: Ludicolo|Ludicolo, L50, M|100\/100\n|switch|p1a: Throgg|Goodra-Hisui, L50, F|100\/100\n|turn|3\n|\n|t:|1700186789\n|move|p2b: Ludicolo|Fake Out|p1b: Isabella\n|-damage|p1b: Isabella|87\/100\n|-damage|p2b: Ludicolo|91\/100|[from] item: Life Orb\n|cant|p1b: Isabella|flinch\n|move|p2a: Politoed|Perish Song|p2a: Politoed\n|-start|p1a: Throgg|perish3|[silent]\n|-start|p1b: Isabella|perish3|[silent]\n|-start|p2a: Politoed|perish3|[silent]\n|-start|p2b: Ludicolo|perish3|[silent]\n|-fieldactivate|move: Perish Song\n|move|p1a: Throgg|Sludge Bomb|p2b: Ludicolo\n|-supereffective|p2b: Ludicolo\n|-damage|p2b: Ludicolo|36\/100\n|\n|-weather|RainDance|[upkeep]\n|-start|p1b: Isabella|perish3\n|-start|p2b: Ludicolo|perish3\n|-start|p2a: Politoed|perish3\n|-start|p1a: Throgg|perish3\n|-ability|p1b: Isabella|Speed Boost|boost\n|-boost|p1b: Isabella|spe|1\n|upkeep\n|turn|4\n|\n|t:|1700186810\n|switch|p2b: Gothitelle|Gothitelle, L50, F|100\/100\n|move|p2a: Politoed|Protect|p2a: Politoed\n|-singleturn|p2a: Politoed|Protect\n|move|p1b: Isabella|Energy Ball|p2a: Politoed\n|-activate|p2a: Politoed|move: Protect\n|move|p1a: Throgg|Sludge Bomb|p2b: Gothitelle\n|-damage|p2b: Gothitelle|79\/100\n|\n|-weather|RainDance|[upkeep]\n|-start|p1b: Isabella|perish2\n|-start|p2a: Politoed|perish2\n|-start|p1a: Throgg|perish2\n|-ability|p1b: Isabella|Speed Boost|boost\n|-boost|p1b: Isabella|spe|1\n|upkeep\n|turn|5\n|\n|t:|1700186843\n|switch|p2a: Ludicolo|Ludicolo, L50, M|36\/100\n|-terastallize|p1a: Throgg|Electric\n|move|p2b: Gothitelle|Fake Out|p1b: Isabella\n|-crit|p1b: Isabella\n|-damage|p1b: Isabella|75\/100\n|cant|p1b: Isabella|flinch\n|move|p1a: Throgg|Thunderbolt|p2b: Gothitelle\n|-damage|p2b: Gothitelle|45\/100\n|-enditem|p2b: Gothitelle|Sitrus Berry|[eat]\n|-heal|p2b: Gothitelle|69\/100|[from] item: Sitrus Berry\n|\n|-weather|none\n|-start|p1b: Isabella|perish1\n|-start|p1a: Throgg|perish1\n|-ability|p1b: Isabella|Speed Boost|boost\n|-boost|p1b: Isabella|spe|1\n|upkeep\n|turn|6\n|c|\u2606xS0CCERPR0x|well, shoot\n|\n|t:|1700186871\n|move|p2a: Ludicolo|Protect|p2a: Ludicolo\n|-singleturn|p2a: Ludicolo|Protect\n|move|p2b: Gothitelle|Protect|p2b: Gothitelle\n|-singleturn|p2b: Gothitelle|Protect\n|move|p1b: Isabella|Energy Ball|p2a: Ludicolo\n|-activate|p2a: Ludicolo|move: Protect\n|move|p1a: Throgg|Thunderbolt|p2b: Gothitelle\n|-activate|p2b: Gothitelle|move: Protect\n|\n|-start|p1b: Isabella|perish0\n|-start|p1a: Throgg|perish0\n|faint|p1b: Isabella\n|faint|p1a: Throgg\n|\n|win|Thud124\n|upkeep\n|c|\u2606xS0CCERPR0x|gg\n|c|\u2606Thud124|ggs\n|c|\u2606Thud124|sorry again how much of a mess I was this week\n|c|\u2606xS0CCERPR0x|no worries\n|c|\u2606xS0CCERPR0x|are you gettin replays?\n|c|\u2606Thud124|yep I can do that\n","uploadtime":1700187009,"views":25,"p1id":"xs0ccerpr0x","p2id":"thud124","formatid":"gen9vgc2023regulatione","rating":0,"private":0,"password":""}