{"id":"gen9vgc2023regulatione-1999513360","p1":"Smallchiou36","p2":"BoYang0903","format":"[Gen 9] VGC 2023 Regulation E","log":"|j|\u2606Smallchiou36\n|j|\u2606BoYang0903\n|t:|1701091140\n|gametype|doubles\n|player|p1|Smallchiou36|iono|1521\n|player|p2|BoYang0903|wallace|1493\n|teamsize|p1|6\n|teamsize|p2|6\n|gen|9\n|tier|[Gen 9] VGC 2023 Regulation E\n|rated|\n|rule|Species Clause: Limit one of each Pok\u00e9mon\n|rule|Item Clause: Limit one of each item\n|clearpoke\n|poke|p1|Indeedee-F, L50, F|\n|poke|p1|Armarouge, L50, M|\n|poke|p1|Hatterene, L50, F|\n|poke|p1|Ursaluna, L50, M|\n|poke|p1|Lilligant-Hisui, L50, F|\n|poke|p1|Torkoal, L50, M|\n|poke|p2|Florges-White, L50, F|\n|poke|p2|Farigiraf, L50, F|\n|poke|p2|Wo-Chien, L50|\n|poke|p2|Heatran, L50, F|\n|poke|p2|Politoed, L50, M|\n|poke|p2|Shiftry, L50, M|\n|teampreview|4\n|inactive|Battle timer is ON: inactive players will automatically lose when time's up. (requested by BoYang0903)\n|\n|t:|1701091204\n|start\n|switch|p1a: Lilligant|Lilligant-Hisui, L50, F, shiny|100\/100\n|switch|p1b: Ursaluna|Ursaluna, L50, M, shiny|100\/100\n|switch|p2a: Farigiraf|Farigiraf, L50, F|100\/100\n|switch|p2b: Shiftry|Shiftry, L50, M|100\/100\n|turn|1\n|\n|t:|1701091221\n|-terastallize|p1a: Lilligant|Ghost\n|move|p1b: Ursaluna|Protect|p1b: Ursaluna\n|-singleturn|p1b: Ursaluna|Protect\n|move|p2b: Shiftry|Fake Out|p1a: Lilligant\n|-immune|p1a: Lilligant\n|move|p1a: Lilligant|Close Combat|p2b: Shiftry\n|-supereffective|p2b: Shiftry\n|-enditem|p2b: Shiftry|Focus Sash\n|-damage|p2b: Shiftry|1\/100\n|-unboost|p1a: Lilligant|def|1\n|-unboost|p1a: Lilligant|spd|1\n|move|p2a: Farigiraf|Dazzling Gleam|p1b: Ursaluna|[spread] p1a\n|-activate|p1b: Ursaluna|move: Protect\n|-damage|p1a: Lilligant|64\/100\n|\n|-status|p1b: Ursaluna|brn|[from] item: Flame Orb\n|upkeep\n|turn|2\n|inactive|BoYang0903 has 30 seconds left.\n|l|\u2606Smallchiou36\n|inactive|Smallchiou36 disconnected and has a minute to reconnect!\n|player|p1|\n|\n|t:|1701091250\n|move|p1a: Lilligant|Close Combat|p2b: Shiftry\n|-supereffective|p2b: Shiftry\n|-damage|p2b: Shiftry|0 fnt\n|-unboost|p1a: Lilligant|def|1\n|-unboost|p1a: Lilligant|spd|1\n|faint|p2b: Shiftry\n|move|p2a: Farigiraf|Dazzling Gleam|p1a: Lilligant|[spread] p1a,p1b\n|-damage|p1a: Lilligant|12\/100\n|-damage|p1b: Ursaluna|85\/100 brn\n|move|p1b: Ursaluna|Facade|p2a: Farigiraf\n|-damage|p2a: Farigiraf|0 fnt\n|faint|p2a: Farigiraf\n|\n|-damage|p1b: Ursaluna|79\/100 brn|[from] brn\n|upkeep\n|\n|t:|1701091262\n|switch|p2b: Politoed|Politoed, L50, M|100\/100\n|switch|p2a: Wo-Chien|Wo-Chien, L50|100\/100\n|-weather|RainDance|[from] ability: Drizzle|[of] p2b: Politoed\n|-ability|p2a: Wo-Chien|Tablets of Ruin\n|turn|3\n|j|\u2606Smallchiou36\n|inactive|Smallchiou36 reconnected and has 55 seconds left.\n|player|p1|Smallchiou36|iono\n|\n|t:|1701091283\n|switch|p1b: Torkoal|Torkoal, L50, M, shiny|100\/100\n|-weather|SunnyDay|[from] ability: Drought|[of] p1b: Torkoal\n|-terastallize|p2b: Politoed|Fire\n|move|p1a: Lilligant|Solar Blade||[still]\n|-prepare|p1a: Lilligant|Solar Blade\n|-anim|p1a: Lilligant|Solar Blade|p2b: Politoed\n|-resisted|p2b: Politoed\n|-damage|p2b: Politoed|74\/100\n|move|p2a: Wo-Chien|Substitute|p2a: Wo-Chien\n|-start|p2a: Wo-Chien|Substitute\n|-damage|p2a: Wo-Chien|75\/100\n|move|p2b: Politoed|Muddy Water|p1a: Lilligant|[spread] p1b\n|-miss|p2b: Politoed|p1a: Lilligant\n|-supereffective|p1b: Torkoal\n|-damage|p1b: Torkoal|53\/100\n|\n|-weather|SunnyDay|[upkeep]\n|-heal|p2a: Wo-Chien|82\/100|[from] item: Leftovers\n|upkeep\n|turn|4\n|\n|t:|1701091305\n|switch|p1b: Indeedee|Indeedee-F, L50, F|100\/100\n|-fieldstart|move: Psychic Terrain|[from] ability: Psychic Surge|[of] p1b: Indeedee\n|-enditem|p1b: Indeedee|Psychic Seed\n|-boost|p1b: Indeedee|spd|1|[from] item: Psychic Seed\n|move|p1a: Lilligant|Sleep Powder|p2b: Politoed\n|-status|p2b: Politoed|slp|[from] move: Sleep Powder\n|cant|p2b: Politoed|slp\n|move|p2a: Wo-Chien|Knock Off|p1a: Lilligant\n|-supereffective|p1a: Lilligant\n|-damage|p1a: Lilligant|0 fnt\n|-enditem|p1a: Lilligant|Focus Sash|[from] move: Knock Off|[of] p2a: Wo-Chien\n|faint|p1a: Lilligant\n|\n|-weather|SunnyDay|[upkeep]\n|-heal|p2a: Wo-Chien|88\/100|[from] item: Leftovers\n|upkeep\n|\n|t:|1701091317\n|switch|p1a: Torkoal|Torkoal, L50, M, shiny|53\/100\n|turn|5\n|l|\u2606BoYang0903\n|inactive|BoYang0903 disconnected and has a minute to reconnect!\n|player|p2|\n|inactive|BoYang0903 has 30 seconds left.\n|inactive|BoYang0903 has 20 seconds left.\n|inactive|BoYang0903 has 15 seconds left.\n|inactive|BoYang0903 has 10 seconds left.\n|j|\u2606BoYang0903\n|inactive|BoYang0903 reconnected and has 10 seconds left.\n|player|p2|BoYang0903|wallace\n|inactive|BoYang0903 has 5 seconds left.\n|\n|t:|1701091372\n|cant|p2b: Politoed|slp\n|move|p2a: Wo-Chien|Knock Off|p1b: Indeedee\n|-supereffective|p1b: Indeedee\n|-damage|p1b: Indeedee|65\/100\n|move|p1a: Torkoal|Heat Wave|p2a: Wo-Chien|[spread] p2a,p2b\n|-supereffective|p2a: Wo-Chien\n|-end|p2a: Wo-Chien|Substitute\n|-resisted|p2b: Politoed\n|-damage|p2b: Politoed|42\/100 slp\n|move|p1b: Indeedee|Trick Room|p1b: Indeedee\n|-fieldstart|move: Trick Room|[of] p1b: Indeedee\n|\n|-weather|SunnyDay|[upkeep]\n|-heal|p2a: Wo-Chien|94\/100|[from] item: Leftovers\n|upkeep\n|turn|6\n|\n|t:|1701091384\n|move|p1b: Indeedee|Helping Hand|p1a: Torkoal\n|-singleturn|p1a: Torkoal|Helping Hand|[of] p1b: Indeedee\n|move|p2a: Wo-Chien|Protect|p2a: Wo-Chien\n|-singleturn|p2a: Wo-Chien|Protect\n|move|p1a: Torkoal|Heat Wave|p2b: Politoed|[spread] p2b\n|-activate|p2a: Wo-Chien|move: Protect\n|-resisted|p2b: Politoed\n|-damage|p2b: Politoed|0 fnt\n|faint|p2b: Politoed\n|\n|-weather|SunnyDay|[upkeep]\n|-heal|p2a: Wo-Chien|100\/100|[from] item: Leftovers\n|upkeep\n|turn|7\n|-message|BoYang0903 forfeited.\n|\n|win|Smallchiou36\n|raw|Smallchiou36's rating: 1521 &rarr; <strong>1539<\/strong><br \/>(+18 for winning)\n|raw|BoYang0903's rating: 1493 &rarr; <strong>1475<\/strong><br \/>(-18 for losing)\n|l|\u2606BoYang0903\n","uploadtime":1701091409,"views":3,"p1id":"smallchiou36","p2id":"boyang0903","formatid":"gen9vgc2023regulatione","rating":1475,"private":0,"password":""}