{"id":"gen9vgc2023regulatione-1999382819","p1":"juicytoaster","p2":"fukamiaoi","format":"[Gen 9] VGC 2023 Regulation E","log":"|j|\u2606juicytoaster\n|j|\u2606fukamiaoi\n|t:|1701070907\n|gametype|doubles\n|player|p1|juicytoaster|colress|1170\n|player|p2|fukamiaoi|dawn-gen4pt|1070\n|teamsize|p1|6\n|teamsize|p2|6\n|gen|9\n|tier|[Gen 9] VGC 2023 Regulation E\n|rated|\n|rule|Species Clause: Limit one of each Pok\u00e9mon\n|rule|Item Clause: Limit one of each item\n|clearpoke\n|poke|p1|Urshifu-*, L50, F|\n|poke|p1|Arcanine-Hisui, L50, M|\n|poke|p1|Gholdengo, L50|\n|poke|p1|Tornadus, L50, M|\n|poke|p1|Rillaboom, L50, F|\n|poke|p1|Flutter Mane, L50|\n|poke|p2|Gholdengo, L50|\n|poke|p2|Golem, L50, F|\n|poke|p2|Cresselia, L50, F|\n|poke|p2|Iron Hands, L50|\n|poke|p2|Crawdaunt, L50, M|\n|poke|p2|Dragonite, L50, F|\n|teampreview|4\n|inactive|Battle timer is ON: inactive players will automatically lose when time's up. (requested by juicytoaster)\n|inactive|fukamiaoi has 60 seconds left.\n|\n|t:|1701070966\n|start\n|switch|p1a: Tornadus|Tornadus, L50, M|100\/100\n|switch|p1b: Urshifu|Urshifu-Rapid-Strike, L50, F|100\/100\n|switch|p2a: Cresselia|Cresselia, L50, F|100\/100\n|switch|p2b: Crawdaunt|Crawdaunt, L50, M|100\/100\n|turn|1\n|inactive|juicytoaster has 30 seconds left.\n|\n|t:|1701070991\n|move|p1a: Tornadus|Rain Dance|p1a: Tornadus\n|-weather|RainDance\n|move|p1b: Urshifu|Surging Strikes|p2a: Cresselia\n|-crit|p2a: Cresselia\n|-damage|p2a: Cresselia|72\/100\n|-damage|p1b: Urshifu|84\/100|[from] item: Rocky Helmet|[of] p2a: Cresselia\n|-crit|p2a: Cresselia\n|-damage|p2a: Cresselia|41\/100\n|-damage|p1b: Urshifu|67\/100|[from] item: Rocky Helmet|[of] p2a: Cresselia\n|-crit|p2a: Cresselia\n|-damage|p2a: Cresselia|13\/100\n|-damage|p1b: Urshifu|51\/100|[from] item: Rocky Helmet|[of] p2a: Cresselia\n|-hitcount|p2a: Cresselia|3\n|move|p2b: Crawdaunt|Avalanche|p1a: Tornadus\n|-supereffective|p1a: Tornadus\n|-damage|p1a: Tornadus|64\/100\n|-damage|p2b: Crawdaunt|84\/100|[from] item: Rocky Helmet|[of] p1a: Tornadus\n|move|p2a: Cresselia|Trick Room|p2a: Cresselia\n|-fieldstart|move: Trick Room|[of] p2a: Cresselia\n|\n|-weather|RainDance|[upkeep]\n|upkeep\n|turn|2\n|inactive|fukamiaoi has 30 seconds left.\n|inactive|fukamiaoi has 20 seconds left.\n|inactive|fukamiaoi has 15 seconds left.\n|\n|t:|1701071035\n|move|p1b: Urshifu|Protect|p1b: Urshifu\n|-singleturn|p1b: Urshifu|Protect\n|move|p2b: Crawdaunt|Crabhammer|p1a: Tornadus\n|-crit|p1a: Tornadus\n|-damage|p1a: Tornadus|0 fnt\n|-damage|p2b: Crawdaunt|68\/100|[from] item: Rocky Helmet|[of] p1a: Tornadus\n|faint|p1a: Tornadus\n|move|p2a: Cresselia|Lunar Blessing|p2a: Cresselia|[spread] p2a,p2b\n|-heal|p2a: Cresselia|38\/100\n|-heal|p2b: Crawdaunt|92\/100\n|\n|-weather|RainDance|[upkeep]\n|upkeep\n|\n|t:|1701071051\n|switch|p1a: Gholdengo|Gholdengo, L50|100\/100\n|turn|3\n|\n|t:|1701071067\n|move|p2b: Crawdaunt|Crabhammer|p1b: Urshifu\n|-resisted|p1b: Urshifu\n|-crit|p1b: Urshifu\n|-damage|p1b: Urshifu|0 fnt\n|faint|p1b: Urshifu\n|move|p2a: Cresselia|Lunar Blessing|p2a: Cresselia|[spread] p2a,p2b\n|-heal|p2a: Cresselia|63\/100\n|-heal|p2b: Crawdaunt|100\/100\n|move|p1a: Gholdengo|Shadow Ball|p2a: Cresselia\n|-supereffective|p2a: Cresselia\n|-damage|p2a: Cresselia|0 fnt\n|faint|p2a: Cresselia\n|\n|-weather|RainDance|[upkeep]\n|upkeep\n|\n|t:|1701071087\n|switch|p2a: Dragonite|Dragonite, L50, F|100\/100\n|switch|p1b: Flutter Mane|Flutter Mane, L50|100\/100\n|-enditem|p1b: Flutter Mane|Booster Energy\n|-activate|p1b: Flutter Mane|ability: Protosynthesis|[fromitem]\n|-start|p1b: Flutter Mane|protosynthesisspe\n|turn|4\n|\n|t:|1701071109\n|move|p1b: Flutter Mane|Protect|p1b: Flutter Mane\n|-singleturn|p1b: Flutter Mane|Protect\n|move|p2b: Crawdaunt|Crunch|p1b: Flutter Mane\n|-activate|p1b: Flutter Mane|move: Protect\n|move|p2a: Dragonite|Dragon Dance|p2a: Dragonite\n|-boost|p2a: Dragonite|atk|1\n|-boost|p2a: Dragonite|spe|1\n|move|p1a: Gholdengo|Shadow Ball|p2a: Dragonite\n|-damage|p2a: Dragonite|71\/100\n|\n|-weather|RainDance|[upkeep]\n|upkeep\n|turn|5\n|\n|t:|1701071131\n|move|p2b: Crawdaunt|Crunch|p1b: Flutter Mane\n|-damage|p1b: Flutter Mane|0 fnt\n|faint|p1b: Flutter Mane\n|-end|p1b: Flutter Mane|Protosynthesis|[silent]\n|move|p1a: Gholdengo|Shadow Ball|p2b: Crawdaunt\n|-resisted|p2b: Crawdaunt\n|-damage|p2b: Crawdaunt|33\/100\n|move|p2a: Dragonite|Outrage|p1a: Gholdengo\n|-resisted|p1a: Gholdengo\n|-damage|p1a: Gholdengo|43\/100\n|\n|-weather|none\n|-fieldend|move: Trick Room\n|upkeep\n|turn|6\n|\n|t:|1701071147\n|move|p2b: Crawdaunt|Aqua Jet|p1a: Gholdengo\n|-damage|p1a: Gholdengo|12\/100\n|move|p2a: Dragonite|Outrage|p1a: Gholdengo|[from]lockedmove\n|-resisted|p1a: Gholdengo\n|-damage|p1a: Gholdengo|0 fnt\n|faint|p1a: Gholdengo\n|\n|win|fukamiaoi\n|raw|juicytoaster's rating: 1170 &rarr; <strong>1138<\/strong><br \/>(-32 for losing)\n|raw|fukamiaoi's rating: 1070 &rarr; <strong>1108<\/strong><br \/>(+38 for winning)\n|l|\u2606juicytoaster\n","uploadtime":1701071301,"views":8,"p1id":"juicytoaster","p2id":"fukamiaoi","formatid":"gen9vgc2023regulatione","rating":1108,"private":0,"password":""}