{"id":"gen9vgc2023regulatione-1992988508","p1":"Peligrosplgs","p2":"GSGPhysical","format":"[Gen 9] VGC 2023 Regulation E","log":"|j|\u2606Peligrosplgs\n|j|\u2606GSGPhysical\n|t:|1700253113\n|gametype|doubles\n|player|p1|Peligrosplgs|1|1280\n|player|p2|GSGPhysical|266|1223\n|teamsize|p1|6\n|teamsize|p2|6\n|gen|9\n|tier|[Gen 9] VGC 2023 Regulation E\n|rated|\n|rule|Species Clause: Limit one of each Pok\u00e9mon\n|rule|Item Clause: Limit one of each item\n|clearpoke\n|poke|p1|Ursaluna-Bloodmoon, L50, M|\n|poke|p1|Sinistcha-Masterpiece, L50|\n|poke|p1|Cresselia, L50, F|\n|poke|p1|Arcanine, L50, M|\n|poke|p1|Iron Hands, L50|\n|poke|p1|Ogerpon-Hearthflame, L50, F|\n|poke|p2|Ogerpon-Cornerstone, L50, F|\n|poke|p2|Landorus-Therian, L50, M|\n|poke|p2|Sinistcha-Masterpiece, L50|\n|poke|p2|Houndstone, L50, F|\n|poke|p2|Tyranitar, L50, F|\n|poke|p2|Heatran, L50, F|\n|teampreview|4\n|inactive|Battle timer is ON: inactive players will automatically lose when time's up. (requested by GSGPhysical)\nGSGPhysical rejected open team sheets.\n|inactive|Peligrosplgs has 60 seconds left.\n|\n|t:|1700253150\n|start\n|switch|p1a: Sinistcha|Sinistcha-Masterpiece, L50|100\/100\n|switch|p1b: Iron Hands|Iron Hands, L50|100\/100\n|switch|p2a: Tyranitar|Tyranitar, L50, F|100\/100\n|switch|p2b: Houndstone|Houndstone, L50, F|100\/100\n|-weather|Sandstorm|[from] ability: Sand Stream|[of] p2a: Tyranitar\n|turn|1\n|inactive|Peligrosplgs has 30 seconds left.\n|inactive|Peligrosplgs has 20 seconds left.\n|\n|t:|1700253187\n|-end|p1b: Iron Hands|Quark Drive|[silent]\n|switch|p1b: Arcanine|Arcanine, L50, M|100\/100\n|-ability|p1b: Arcanine|Intimidate|boost\n|-fail|p2a: Tyranitar|unboost|[from] item: Clear Amulet|[of] p2a: Tyranitar\n|-unboost|p2b: Houndstone|atk|1\n|move|p2a: Tyranitar|Protect|p2a: Tyranitar\n|-singleturn|p2a: Tyranitar|Protect\n|move|p2b: Houndstone|Will-O-Wisp|p1b: Arcanine|[miss]\n|-miss|p2b: Houndstone|p1b: Arcanine\n|move|p1a: Sinistcha|Matcha Gotcha|p2b: Houndstone|[spread] p2b\n|-activate|p2a: Tyranitar|move: Protect\n|-damage|p2b: Houndstone|80\/100\n|\n|-weather|Sandstorm|[upkeep]\n|-damage|p1b: Arcanine|95\/100|[from] Sandstorm\n|-damage|p1a: Sinistcha|94\/100|[from] Sandstorm\n|upkeep\n|turn|2\n|inactive|Peligrosplgs has 30 seconds left.\n|\n|t:|1700253220\n|move|p2b: Houndstone|Ally Switch|p2b: Houndstone\n|swap|p2b: Houndstone|0|[from] move: Ally Switch\n|move|p1b: Arcanine|Flare Blitz|p2b: Tyranitar\n|-resisted|p2b: Tyranitar\n|-damage|p2b: Tyranitar|78\/100\n|-damage|p1b: Arcanine|88\/100|[from] Recoil\n|move|p2b: Tyranitar|Rock Slide|p1a: Sinistcha|[spread] p1a,p1b\n|-supereffective|p1b: Arcanine\n|-damage|p1a: Sinistcha|69\/100\n|-damage|p1b: Arcanine|18\/100\n|move|p1a: Sinistcha|Matcha Gotcha|p2a: Houndstone|[spread] p2a,p2b\n|-supereffective|p2b: Tyranitar\n|-damage|p2a: Houndstone|63\/100\n|-heal|p1a: Sinistcha|78\/100|[from] drain|[of] p2a: Houndstone\n|-damage|p2b: Tyranitar|47\/100\n|-heal|p1a: Sinistcha|94\/100|[from] drain|[of] p2b: Tyranitar\n|-status|p2a: Houndstone|brn\n|\n|-weather|Sandstorm|[upkeep]\n|-damage|p1b: Arcanine|12\/100|[from] Sandstorm\n|-damage|p1a: Sinistcha|88\/100|[from] Sandstorm\n|-damage|p2a: Houndstone|56\/100 brn|[from] brn\n|upkeep\n|turn|3\n|inactive|Peligrosplgs has 30 seconds left.\n|inactive|GSGPhysical has 30 seconds left.\n|inactive|Peligrosplgs has 20 seconds left.\n|\n|t:|1700253258\n|switch|p1b: Iron Hands|Iron Hands, L50|100\/100\n|move|p2a: Houndstone|Last Respects|p1b: Iron Hands\n|-damage|p1b: Iron Hands|97\/100\n|move|p2b: Tyranitar|Knock Off|p1a: Sinistcha\n|-supereffective|p1a: Sinistcha\n|-damage|p1a: Sinistcha|0 fnt\n|-enditem|p1a: Sinistcha|Figy Berry|[from] move: Knock Off|[of] p2b: Tyranitar\n|faint|p1a: Sinistcha\n|\n|-weather|Sandstorm|[upkeep]\n|-damage|p1b: Iron Hands|90\/100|[from] Sandstorm\n|-damage|p2a: Houndstone|50\/100 brn|[from] brn\n|upkeep\n|\n|t:|1700253270\n|switch|p1a: Ogerpon|Ogerpon-Hearthflame, L50, F|100\/100\n|-ability|p1a: Ogerpon|Mold Breaker\n|turn|4\n|inactive|Peligrosplgs has 30 seconds left.\n|\n|t:|1700253300\n|-terastallize|p1a: Ogerpon|Fire\n|detailschange|p1a: Ogerpon|Ogerpon-Hearthflame-Tera, L50, F, tera:Fire\n|-ability|p1a: Ogerpon|Embody Aspect (Hearthflame)|boost\n|-boost|p1a: Ogerpon|atk|1\n|-terastallize|p2b: Tyranitar|Ghost\n|move|p1a: Ogerpon|Horn Leech|p2b: Tyranitar\n|-damage|p2b: Tyranitar|2\/100\n|move|p2a: Houndstone|Will-O-Wisp|p1b: Iron Hands\n|-status|p1b: Iron Hands|brn\n|move|p2b: Tyranitar|Rock Slide|p1b: Iron Hands|[spread] p1a,p1b\n|-supereffective|p1a: Ogerpon\n|-resisted|p1b: Iron Hands\n|-damage|p1a: Ogerpon|33\/100\n|-damage|p1b: Iron Hands|77\/100 brn\n|move|p1b: Iron Hands|Swords Dance|p1b: Iron Hands\n|-boost|p1b: Iron Hands|atk|2\n|\n|-weather|Sandstorm|[upkeep]\n|-damage|p1a: Ogerpon|27\/100|[from] Sandstorm\n|-damage|p2b: Tyranitar|0 fnt|[from] Sandstorm\n|-damage|p1b: Iron Hands|71\/100 brn|[from] Sandstorm\n|faint|p2b: Tyranitar\n|-damage|p2a: Houndstone|44\/100 brn|[from] brn\n|-damage|p1b: Iron Hands|65\/100 brn|[from] brn\n|upkeep\n|inactive|GSGPhysical has 30 seconds left.\n|\n|t:|1700253328\n|switch|p2b: Ogerpon|Ogerpon-Cornerstone, L50, F|100\/100\n|turn|5\n|\n|t:|1700253339\n|move|p1a: Ogerpon|Spiky Shield|p1a: Ogerpon\n|-singleturn|p1a: Ogerpon|move: Protect\n|move|p2b: Ogerpon|Spiky Shield|p2b: Ogerpon\n|-singleturn|p2b: Ogerpon|move: Protect\n|move|p2a: Houndstone|Last Respects|p1a: Ogerpon\n|-activate|p1a: Ogerpon|move: Protect\n|move|p1b: Iron Hands|Drain Punch|p2b: Ogerpon\n|-activate|p2b: Ogerpon|move: Protect\n|-damage|p1b: Iron Hands|53\/100 brn|[from] Spiky Shield|[of] p2b: Ogerpon\n|\n|-weather|none\n|-damage|p2a: Houndstone|38\/100 brn|[from] brn\n|-damage|p1b: Iron Hands|47\/100 brn|[from] brn\n|upkeep\n|turn|6\n|\n|t:|1700253359\n|move|p2a: Houndstone|Ally Switch|p2a: Houndstone\n|swap|p2a: Houndstone|1|[from] move: Ally Switch\n|move|p1a: Ogerpon|Horn Leech|p2b: Houndstone\n|-damage|p2b: Houndstone|0 fnt\n|-heal|p1a: Ogerpon|45\/100|[from] drain|[of] p2b: Houndstone\n|faint|p2b: Houndstone\n|move|p2a: Ogerpon|Ivy Cudgel|p1a: Ogerpon|[anim] Ivy Cudgel Rock\n|-supereffective|p1a: Ogerpon\n|-damage|p1a: Ogerpon|0 fnt\n|faint|p1a: Ogerpon\n|move|p1b: Iron Hands|Drain Punch|p2a: Ogerpon\n|-supereffective|p2a: Ogerpon\n|-ability|p2a: Ogerpon|Sturdy\n|-damage|p2a: Ogerpon|1\/100\n|-heal|p1b: Iron Hands|81\/100 brn|[from] drain|[of] p2a: Ogerpon\n|\n|-damage|p1b: Iron Hands|75\/100 brn|[from] brn\n|upkeep\n|\n|t:|1700253375\n|switch|p1a: Arcanine|Arcanine, L50, M|12\/100\n|switch|p2b: Heatran|Heatran, L50, F|100\/100\n|-ability|p1a: Arcanine|Intimidate|boost\n|-unboost|p2a: Ogerpon|atk|1\n|-unboost|p2b: Heatran|atk|1\n|turn|7\n|inactive|GSGPhysical has 30 seconds left.\n|\n|t:|1700253410\n|move|p1a: Arcanine|Protect|p1a: Arcanine\n|-singleturn|p1a: Arcanine|Protect\n|move|p2a: Ogerpon|Ivy Cudgel|p1a: Arcanine|[anim] Ivy Cudgel Rock\n|-activate|p1a: Arcanine|move: Protect\n|move|p2b: Heatran|Earth Power|p1b: Iron Hands\n|-supereffective|p1b: Iron Hands\n|-damage|p1b: Iron Hands|23\/100 brn\n|move|p1b: Iron Hands|Drain Punch|p2b: Heatran\n|-supereffective|p2b: Heatran\n|-damage|p2b: Heatran|27\/100\n|-heal|p1b: Iron Hands|54\/100 brn|[from] drain|[of] p2b: Heatran\n|\n|-damage|p1b: Iron Hands|48\/100 brn|[from] brn\n|upkeep\n|turn|8\n|inactive|Peligrosplgs has 30 seconds left.\n|inactive|Peligrosplgs has 20 seconds left.\n|inactive|Peligrosplgs has 15 seconds left.\n|\n|t:|1700253453\n|move|p1a: Arcanine|Extreme Speed|p2a: Ogerpon\n|-resisted|p2a: Ogerpon\n|-damage|p2a: Ogerpon|0 fnt\n|faint|p2a: Ogerpon\n|move|p2b: Heatran|Earth Power|p1b: Iron Hands\n|-supereffective|p1b: Iron Hands\n|-damage|p1b: Iron Hands|0 fnt\n|faint|p1b: Iron Hands\n|-end|p1b: Iron Hands|Quark Drive|[silent]\n|\n|upkeep\n|turn|9\n|\n|t:|1700253463\n|move|p1a: Arcanine|Extreme Speed|p2b: Heatran\n|-resisted|p2b: Heatran\n|-damage|p2b: Heatran|17\/100\n|move|p2b: Heatran|Earth Power|p1a: Arcanine\n|-supereffective|p1a: Arcanine\n|-damage|p1a: Arcanine|0 fnt\n|faint|p1a: Arcanine\n|\n|win|GSGPhysical\n|raw|Peligrosplgs's rating: 1280 &rarr; <strong>1251<\/strong><br \/>(-29 for losing)\n|raw|GSGPhysical's rating: 1223 &rarr; <strong>1252<\/strong><br \/>(+29 for winning)\n|c|\u2606GSGPhysical|gg\n|l|\u2606Peligrosplgs\n","uploadtime":1700253473,"views":20,"p1id":"peligrosplgs","p2id":"gsgphysical","formatid":"gen9vgc2023regulatione","rating":1251,"private":0,"password":""}