{"id":"gen9vgc2023regulatione-1992447929","p1":"Chowdah","p2":"Hinkle54","format":"[Gen 9] VGC 2023 Regulation E","log":"|j|\u2606Chowdah\n|j|\u2606Hinkle54\n|n|\u2606Chowdah|chowdah\n|n|\u2606Hinkle54|hinkle54\n|html|View the match progress at <a href=\"\/game-bestof3-gen9vgc2023regulatione-1992445302\">game-bestof3-gen9vgc2023regulatione-1992445302<\/a>\n|t:|1700188779\n|gametype|doubles\n|player|p1|Chowdah|hiker-gen1rb|\n|player|p2|Hinkle54|clown|\n|teamsize|p1|6\n|teamsize|p2|6\n|gen|9\n|tier|[Gen 9] VGC 2023 Regulation E\n|rule|Species Clause: Limit one of each Pok\u00e9mon\n|rule|Item Clause: Limit one of each item\n|clearpoke\n|poke|p1|Urshifu-*, L50, F|\n|poke|p1|Shiftry, L50, M|\n|poke|p1|Heatran, L50, M|\n|poke|p1|Regidrago, L50|\n|poke|p1|Clefairy, L50, M|\n|poke|p1|Azumarill, L50, F|\n|poke|p2|Enamorus-Therian, L50, F|\n|poke|p2|Empoleon, L50, M|\n|poke|p2|Cresselia, L50, F|\n|poke|p2|Milotic, L50, M|\n|poke|p2|Ursaluna, L50, M|\n|poke|p2|Pawmot, L50, F|\n|teampreview|4\nChowdah has agreed to open team sheets.\nHinkle54 has agreed to open team sheets.\n|showteam|p1|Urshifu||LifeOrb|UnseenFist|CloseCombat,SuckerPunch,WickedBlow,Protect|||F|||50|,,,,,Dark]Shiftry||FocusSash|Chlorophyll|Taunt,Tailwind,FakeOut,KnockOff|||M|||50|,,,,,Poison]Heatran||Leftovers|FlashFire|MagmaStorm,FlashCannon,EarthPower,Protect|||M|||50|,,,,,Fairy]Regidrago||DragonFang|DragonsMaw|DracoMeteor,DragonEnergy,EarthPower,Protect||||||50|,,,,,Steel]Clefairy||Eviolite|FriendGuard|IcyWind,HealPulse,FollowMe,Moonblast|||M|||50|,,,,,Fairy]Azumarill||AssaultVest|ThickFat|IceSpinner,AquaJet,Liquidation,PlayRough|||F|||50|,,,,,Grass\n|showteam|p2|Enamorus-Therian||ChoiceSpecs|Overcoat|DazzlingGleam,SludgeBomb,EarthPower,Moonblast|||F|||50|,,,,,Water]Empoleon||AssaultVest|Competitive|KnockOff,WaterPledge,AirSlash,FlashCannon|||M|||50|,,,,,Flying]Cresselia||MentalHerb|Levitate|TrickRoom,HelpingHand,DazzlingGleam,Protect|||F|||50|,,,,,Fairy]Milotic||Leftovers|Competitive|Haze,Scald,IceBeam,Protect|||M|||50|,,,,,Poison]Ursaluna||FlameOrb|Guts|CloseCombat,Protect,GunkShot,HighHorsepower|||M|||50|,,,,,Grass]Pawmot||FocusSash|IronFist|FakeOut,RevivalBlessing,DoubleShock,CloseCombat|||F|||50|,,,,,Electric\n|\n|t:|1700188885\n|start\n|switch|p1a: Community Theatre|Urshifu, L50, F|100\/100\n|switch|p1b: Moldy Cheese|Shiftry, L50, M|100\/100\n|switch|p2a: Big Hoss|Cresselia, L50, F|100\/100\n|switch|p2b: The Gungler|Empoleon, L50, M|100\/100\n|turn|1\n|\n|t:|1700188921\n|-terastallize|p2b: The Gungler|Flying\n|move|p1b: Moldy Cheese|Fake Out|p2a: Big Hoss\n|-damage|p2a: Big Hoss|93\/100\n|move|p1a: Community Theatre|Close Combat|p2b: The Gungler\n|-resisted|p2b: The Gungler\n|-damage|p2b: The Gungler|59\/100\n|-unboost|p1a: Community Theatre|def|1\n|-unboost|p1a: Community Theatre|spd|1\n|-damage|p1a: Community Theatre|91\/100|[from] item: Life Orb\n|cant|p2a: Big Hoss|flinch\n|move|p2b: The Gungler|Air Slash|p1a: Community Theatre\n|-supereffective|p1a: Community Theatre\n|-damage|p1a: Community Theatre|0 fnt\n|faint|p1a: Community Theatre\n|\n|upkeep\n|\n|t:|1700188946\n|switch|p1a: Balls on Car|Heatran, L50, M|100\/100\n|turn|2\n|\n|t:|1700188986\n|move|p1b: Moldy Cheese|Knock Off|p2a: Big Hoss\n|-supereffective|p2a: Big Hoss\n|-damage|p2a: Big Hoss|42\/100\n|-enditem|p2a: Big Hoss|Mental Herb|[from] move: Knock Off|[of] p1b: Moldy Cheese\n|move|p1a: Balls on Car|Flash Cannon|p2a: Big Hoss\n|-damage|p2a: Big Hoss|15\/100\n|move|p2b: The Gungler|Water Pledge|p1a: Balls on Car\n|-supereffective|p1a: Balls on Car\n|-damage|p1a: Balls on Car|33\/100\n|move|p2a: Big Hoss|Trick Room|p2a: Big Hoss\n|-fieldstart|move: Trick Room|[of] p2a: Big Hoss\n|\n|-heal|p1a: Balls on Car|39\/100|[from] item: Leftovers\n|upkeep\n|turn|3\n|\n|t:|1700189013\n|move|p1a: Balls on Car|Protect|p1a: Balls on Car\n|-singleturn|p1a: Balls on Car|Protect\n|move|p2b: The Gungler|Water Pledge|p1a: Balls on Car\n|-activate|p1a: Balls on Car|move: Protect\n|move|p2a: Big Hoss|Dazzling Gleam|p1a: Balls on Car|[spread] p1b\n|-activate|p1a: Balls on Car|move: Protect\n|-supereffective|p1b: Moldy Cheese\n|-damage|p1b: Moldy Cheese|65\/100\n|move|p1b: Moldy Cheese|Knock Off|p2b: The Gungler\n|-damage|p2b: The Gungler|18\/100\n|-enditem|p2b: The Gungler|Assault Vest|[from] move: Knock Off|[of] p1b: Moldy Cheese\n|\n|-heal|p1a: Balls on Car|45\/100|[from] item: Leftovers\n|upkeep\n|turn|4\n|\n|t:|1700189034\n|switch|p1a: Comass|Azumarill, L50, F|100\/100\n|move|p2b: The Gungler|Water Pledge|p1a: Comass\n|-resisted|p1a: Comass\n|-damage|p1a: Comass|87\/100\n|move|p2a: Big Hoss|Dazzling Gleam|p1b: Moldy Cheese|[spread] p1a,p1b\n|-supereffective|p1b: Moldy Cheese\n|-damage|p1a: Comass|80\/100\n|-damage|p1b: Moldy Cheese|31\/100\n|move|p1b: Moldy Cheese|Taunt|p2a: Big Hoss\n|-start|p2a: Big Hoss|move: Taunt\n|\n|upkeep\n|turn|5\n|\n|t:|1700189068\n|switch|p1a: Balls on Car|Heatran, L50, M|45\/100\n|move|p2b: The Gungler|Flash Cannon|p1a: Balls on Car\n|-resisted|p1a: Balls on Car\n|-damage|p1a: Balls on Car|37\/100\n|move|p2a: Big Hoss|Dazzling Gleam|p1b: Moldy Cheese|[spread] p1a,p1b\n|-resisted|p1a: Balls on Car\n|-supereffective|p1b: Moldy Cheese\n|-damage|p1a: Balls on Car|34\/100\n|-damage|p1b: Moldy Cheese|0 fnt\n|faint|p1b: Moldy Cheese\n|\n|-heal|p1a: Balls on Car|40\/100|[from] item: Leftovers\n|upkeep\n|\n|t:|1700189078\n|switch|p1b: Comass|Azumarill, L50, F|80\/100\n|turn|6\n|\n|t:|1700189109\n|switch|p2a: Not a Rock|Ursaluna, L50, M|100\/100\n|-terastallize|p1a: Balls on Car|Fairy\n|move|p1b: Comass|Aqua Jet|p2b: The Gungler\n|-damage|p2b: The Gungler|3\/100\n|move|p2b: The Gungler|Flash Cannon|p1b: Comass\n|-damage|p1b: Comass|55\/100\n|move|p1a: Balls on Car|Flash Cannon|p2a: Not a Rock\n|-damage|p2a: Not a Rock|57\/100\n|\n|-heal|p1a: Balls on Car|46\/100|[from] item: Leftovers\n|-fieldend|move: Trick Room\n|-status|p2a: Not a Rock|brn|[from] item: Flame Orb\n|upkeep\n|turn|7\n|\n|t:|1700189150\n|move|p1a: Balls on Car|Flash Cannon|p2b: The Gungler\n|-damage|p2b: The Gungler|0 fnt\n|faint|p2b: The Gungler\n|move|p1b: Comass|Liquidation|p2a: Not a Rock\n|-supereffective|p2a: Not a Rock\n|-damage|p2a: Not a Rock|19\/100 brn\n|move|p2a: Not a Rock|Gunk Shot|p1a: Balls on Car\n|-supereffective|p1a: Balls on Car\n|-damage|p1a: Balls on Car|0 fnt\n|faint|p1a: Balls on Car\n|\n|-damage|p2a: Not a Rock|14\/100 brn|[from] brn\n|upkeep\n|\n|t:|1700189161\n|switch|p2b: Big Hoss|Cresselia, L50, F|15\/100\n|turn|8\n|\n|t:|1700189177\n|move|p1b: Comass|Aqua Jet|p2a: Not a Rock\n|-supereffective|p2a: Not a Rock\n|-damage|p2a: Not a Rock|0 fnt\n|faint|p2a: Not a Rock\n|move|p2b: Big Hoss|Trick Room|p2b: Big Hoss\n|-fieldstart|move: Trick Room|[of] p2b: Big Hoss\n|\n|upkeep\n|\n|t:|1700189183\n|switch|p2a: Squirrely Frank|Enamorus-Therian, L50, F|100\/100\n|turn|9\n|\n|t:|1700189192\n|move|p2b: Big Hoss|Helping Hand|p2a: Squirrely Frank\n|-singleturn|p2a: Squirrely Frank|Helping Hand|[of] p2b: Big Hoss\n|move|p2a: Squirrely Frank|Sludge Bomb|p1b: Comass\n|-supereffective|p1b: Comass\n|-damage|p1b: Comass|0 fnt\n|faint|p1b: Comass\n|\n|win|Hinkle54\n|inactive|Chowdah has 50 seconds to confirm battle start!\n|inactive|Hinkle54 has 50 seconds to confirm battle start!\n|c|&|\/uhtml prompt-chowdah,Chowdah is ready for game 3!\n","uploadtime":1700189207,"views":29,"p1id":"chowdah","p2id":"hinkle54","formatid":"gen9vgc2023regulatione","rating":0,"private":0,"password":""}