{"id":"gen9vgc2023regulatione-1990697235","p1":"ThiagoPrates23","p2":"rulrus","format":"[Gen 9] VGC 2023 Regulation E","log":"|j|\u2606ThiagoPrates23\n|j|\u2606rulrus\n|t:|1699992655\n|gametype|doubles\n|player|p1|ThiagoPrates23|lance|1463\n|player|p2|rulrus|zinzolin|1436\n|teamsize|p1|6\n|teamsize|p2|6\n|gen|9\n|tier|[Gen 9] VGC 2023 Regulation E\n|rated|\n|rule|Species Clause: Limit one of each Pok\u00e9mon\n|rule|Item Clause: Limit one of each item\n|clearpoke\n|poke|p1|Dragonite, L50, M|\n|poke|p1|Chien-Pao, L50|\n|poke|p1|Urshifu-*, L50, M|\n|poke|p1|Tornadus, L50, M|\n|poke|p1|Flutter Mane, L50|\n|poke|p1|Chi-Yu, L50|\n|poke|p2|Arcanine-Hisui, L50, F|\n|poke|p2|Annihilape, L50, M|\n|poke|p2|Ogerpon-Wellspring, L50, F|\n|poke|p2|Tornadus, L50, M|\n|poke|p2|Muk-Alola, L50, M|\n|poke|p2|Sinistcha-Masterpiece, L50|\n|teampreview|4\n|inactive|Battle timer is ON: inactive players will automatically lose when time's up. (requested by rulrus)\n|inactive|ThiagoPrates23 has 60 seconds left.\n|inactive|rulrus has 60 seconds left.\n|\n|t:|1699992690\n|start\n|switch|p1a: Tornadus|Tornadus, L50, M|100\/100\n|switch|p1b: Urshifu|Urshifu-Rapid-Strike, L50, M|100\/100\n|switch|p2a: Arcanine|Arcanine-Hisui, L50, F|100\/100\n|switch|p2b: Muk|Muk-Alola, L50, M|100\/100\n|-ability|p2a: Arcanine|Intimidate|boost\n|-unboost|p1a: Tornadus|atk|1\n|-unboost|p1b: Urshifu|atk|1\n|turn|1\n|\n|t:|1699992713\n|switch|p2a: Sinistcha|Sinistcha-Masterpiece, L50|100\/100\n|-terastallize|p1b: Urshifu|Water\n|move|p1a: Tornadus|Rain Dance|p1a: Tornadus\n|-weather|RainDance\n|move|p1b: Urshifu|Surging Strikes|p2b: Muk\n|-crit|p2b: Muk\n|-damage|p2b: Muk|60\/100\n|-crit|p2b: Muk\n|-damage|p2b: Muk|16\/100\n|-crit|p2b: Muk\n|-damage|p2b: Muk|0 fnt\n|faint|p2b: Muk\n|-hitcount|p2: Muk|3\n|\n|-weather|RainDance|[upkeep]\n|upkeep\n|\n|t:|1699992722\n|switch|p2b: Arcanine|Arcanine-Hisui, L50, F|100\/100\n|-ability|p2b: Arcanine|Intimidate|boost\n|-unboost|p1a: Tornadus|atk|1\n|-unboost|p1b: Urshifu|atk|1\n|turn|2\n|\n|t:|1699992731\n|move|p1b: Urshifu|Detect|p1b: Urshifu\n|-singleturn|p1b: Urshifu|Protect\n|move|p1a: Tornadus|Taunt|p2a: Sinistcha\n|-start|p2a: Sinistcha|move: Taunt\n|move|p2b: Arcanine|Rock Slide|p1b: Urshifu|[spread] p1a\n|-activate|p1b: Urshifu|move: Protect\n|-supereffective|p1a: Tornadus\n|-damage|p1a: Tornadus|10\/100\n|cant|p2a: Sinistcha|move: Taunt|Trick Room\n|\n|-weather|RainDance|[upkeep]\n|upkeep\n|turn|3\n|\n|t:|1699992744\n|move|p1a: Tornadus|Bleakwind Storm|p2b: Arcanine|[spread] p2a,p2b\n|-supereffective|p2a: Sinistcha\n|-resisted|p2b: Arcanine\n|-damage|p2a: Sinistcha|42\/100\n|-damage|p2b: Arcanine|85\/100\n|-enditem|p2a: Sinistcha|Sitrus Berry|[eat]\n|-heal|p2a: Sinistcha|67\/100|[from] item: Sitrus Berry\n|move|p1b: Urshifu|Surging Strikes|p2b: Arcanine\n|-supereffective|p2b: Arcanine\n|-crit|p2b: Arcanine\n|-damage|p2b: Arcanine|0 fnt\n|faint|p2b: Arcanine\n|-hitcount|p2: Arcanine|1\n|move|p2a: Sinistcha|Matcha Gotcha|p1b: Urshifu|[spread] p1b\n|-miss|p2a: Sinistcha|p1a: Tornadus\n|-supereffective|p1b: Urshifu\n|-damage|p1b: Urshifu|48\/100\n|-heal|p2a: Sinistcha|96\/100|[from] drain|[of] p1b: Urshifu\n|\n|-weather|RainDance|[upkeep]\n|upkeep\n|\n|t:|1699992748\n|switch|p2b: Annihilape|Annihilape, L50, M|100\/100\n|turn|4\n|\n|t:|1699992764\n|-terastallize|p2a: Sinistcha|Fire\n|move|p1a: Tornadus|Bleakwind Storm|p2b: Annihilape|[spread] p2a,p2b\n|-supereffective|p2b: Annihilape\n|-damage|p2a: Sinistcha|68\/100\n|-damage|p2b: Annihilape|47\/100\n|-unboost|p2a: Sinistcha|spe|1\n|-unboost|p2b: Annihilape|spe|1\n|-ability|p2b: Annihilape|Defiant|boost\n|-boost|p2b: Annihilape|atk|2\n|move|p1b: Urshifu|Surging Strikes|p2b: Annihilape\n|-crit|p2b: Annihilape\n|-damage|p2b: Annihilape|5\/100\n|-crit|p2b: Annihilape\n|-damage|p2b: Annihilape|0 fnt\n|faint|p2b: Annihilape\n|-hitcount|p2: Annihilape|2\n|move|p2a: Sinistcha|Matcha Gotcha|p1a: Tornadus|[spread] p1a,p1b\n|-resisted|p1a: Tornadus\n|-supereffective|p1b: Urshifu\n|-damage|p1a: Tornadus|0 fnt\n|-heal|p2a: Sinistcha|74\/100|[from] drain|[of] p1a: Tornadus\n|-damage|p1b: Urshifu|0 fnt\n|-heal|p2a: Sinistcha|100\/100|[from] drain|[of] p1b: Urshifu\n|faint|p1a: Tornadus\n|faint|p1b: Urshifu\n|\n|-weather|RainDance|[upkeep]\n|-end|p2a: Sinistcha|move: Taunt\n|upkeep\n|\n|t:|1699992788\n|switch|p1a: Dragonite|Dragonite, L50, M, shiny|100\/100\n|switch|p1b: Chien-Pao|Chien-Pao, L50|100\/100\n|-ability|p1b: Chien-Pao|Sword of Ruin\n|turn|5\n|\n|t:|1699992799\n|move|p1b: Chien-Pao|Lash Out|p2a: Sinistcha\n|-damage|p2a: Sinistcha|56\/100\n|move|p1a: Dragonite|Stomping Tantrum|p2a: Sinistcha\n|-supereffective|p2a: Sinistcha\n|-damage|p2a: Sinistcha|0 fnt\n|faint|p2a: Sinistcha\n|\n|win|ThiagoPrates23\n|raw|ThiagoPrates23's rating: 1463 &rarr; <strong>1481<\/strong><br \/>(+18 for winning)\n|raw|rulrus's rating: 1436 &rarr; <strong>1418<\/strong><br \/>(-18 for losing)\n|l|\u2606rulrus\n","uploadtime":1699992819,"views":9,"p1id":"thiagoprates23","p2id":"rulrus","formatid":"gen9vgc2023regulatione","rating":1418,"private":0,"password":""}