{"id":"gen9vgc2023regulatione-1990102658","p1":"Loswiththeemost","p2":"Not a sun","format":"[Gen 9] VGC 2023 Regulation E","log":"|j|\u2606Loswiththeemost\n|j|\u2606Not a sun\n|t:|1699924798\n|gametype|doubles\n|player|p1|Loswiththeemost|101|1184\n|player|p2|Not a sun|2|1279\n|teamsize|p1|6\n|teamsize|p2|6\n|gen|9\n|tier|[Gen 9] VGC 2023 Regulation E\n|rated|\n|rule|Species Clause: Limit one of each Pok\u00e9mon\n|rule|Item Clause: Limit one of each item\n|clearpoke\n|poke|p1|Chien-Pao, L50|\n|poke|p1|Amoonguss, L50, F|\n|poke|p1|Dragonite, L50, M|\n|poke|p1|Kingambit, L50, M|\n|poke|p1|Urshifu-*, L50, F|\n|poke|p1|Tornadus, L50, M|\n|poke|p2|Roaring Moon, L50|\n|poke|p2|Ogerpon-Wellspring, L50, F|\n|poke|p2|Tauros-Paldea-Blaze, L50, M|\n|poke|p2|Gholdengo, L50|\n|poke|p2|Thundurus-Therian, L50, M|\n|poke|p2|Ninetales-Alola, L50, M|\n|teampreview|4\nLoswiththeemost has agreed to open team sheets.\n|\n|t:|1699924837\n|start\n|switch|p1a: Urshifu|Urshifu-Rapid-Strike, L50, F|100\/100\n|switch|p1b: Tornadus|Tornadus, L50, M|100\/100\n|switch|p2a: Ninetales|Ninetales-Alola, L50, M|100\/100\n|switch|p2b: Tauros|Tauros-Paldea-Blaze, L50, M|100\/100\n|-ability|p2b: Tauros|Intimidate|boost\n|-unboost|p1a: Urshifu|atk|1\n|-unboost|p1b: Tornadus|atk|1\n|-weather|Snow|[from] ability: Snow Warning|[of] p2a: Ninetales\n|turn|1\n|\n|t:|1699924882\n|-terastallize|p2b: Tauros|Water\n|move|p1b: Tornadus|Rain Dance|p1b: Tornadus\n|-weather|RainDance\n|move|p1a: Urshifu|Surging Strikes|p2b: Tauros\n|-resisted|p2b: Tauros\n|-crit|p2b: Tauros\n|-damage|p2b: Tauros|85\/100\n|-resisted|p2b: Tauros\n|-crit|p2b: Tauros\n|-damage|p2b: Tauros|71\/100\n|-resisted|p2b: Tauros\n|-crit|p2b: Tauros\n|-damage|p2b: Tauros|56\/100\n|-hitcount|p2b: Tauros|3\n|move|p2b: Tauros|Will-O-Wisp|p1a: Urshifu\n|-status|p1a: Urshifu|brn\n|move|p2a: Ninetales|Icy Wind|p1b: Tornadus|[spread] p1b\n|-miss|p2a: Ninetales|p1a: Urshifu\n|-supereffective|p1b: Tornadus\n|-damage|p1b: Tornadus|52\/100\n|-unboost|p1b: Tornadus|spe|1\n|\n|-weather|RainDance|[upkeep]\n|-damage|p1a: Urshifu|94\/100 brn|[from] brn\n|upkeep\n|turn|2\n|\n|t:|1699924923\n|switch|p2a: Roaring Moon|Roaring Moon, L50|100\/100\n|-enditem|p2a: Roaring Moon|Booster Energy\n|-activate|p2a: Roaring Moon|ability: Protosynthesis|[fromitem]\n|-start|p2a: Roaring Moon|protosynthesisspe\n|move|p1a: Urshifu|Surging Strikes|p2a: Roaring Moon\n|-resisted|p2a: Roaring Moon\n|-crit|p2a: Roaring Moon\n|-damage|p2a: Roaring Moon|93\/100\n|-resisted|p2a: Roaring Moon\n|-crit|p2a: Roaring Moon\n|-damage|p2a: Roaring Moon|85\/100\n|-resisted|p2a: Roaring Moon\n|-crit|p2a: Roaring Moon\n|-damage|p2a: Roaring Moon|77\/100\n|-hitcount|p2a: Roaring Moon|3\n|move|p2b: Tauros|Raging Bull|p1b: Tornadus\n|-damage|p1b: Tornadus|31\/100\n|-damage|p2b: Tauros|39\/100|[from] item: Rocky Helmet|[of] p1b: Tornadus\n|move|p1b: Tornadus|Bleakwind Storm|p2b: Tauros|[spread] p2a,p2b\n|-damage|p2a: Roaring Moon|48\/100\n|-damage|p2b: Tauros|0 fnt\n|faint|p2b: Tauros\n|\n|-weather|RainDance|[upkeep]\n|-damage|p1a: Urshifu|88\/100 brn|[from] brn\n|upkeep\n|\n|t:|1699924946\n|switch|p2b: Ninetales|Ninetales-Alola, L50, M|100\/100\n|-weather|Snow|[from] ability: Snow Warning|[of] p2b: Ninetales\n|turn|3\n|\n|t:|1699924966\n|move|p1b: Tornadus|Rain Dance|p1b: Tornadus\n|-weather|RainDance\n|move|p2a: Roaring Moon|Knock Off|p1b: Tornadus\n|-damage|p1b: Tornadus|0 fnt\n|-damage|p2a: Roaring Moon|32\/100|[from] item: Rocky Helmet|[of] p1b: Tornadus\n|-enditem|p1b: Tornadus|Rocky Helmet|[from] move: Knock Off|[of] p2a: Roaring Moon\n|faint|p1b: Tornadus\n|move|p1a: Urshifu|Surging Strikes|p2b: Ninetales\n|-crit|p2b: Ninetales\n|-damage|p2b: Ninetales|79\/100\n|-crit|p2b: Ninetales\n|-damage|p2b: Ninetales|59\/100\n|-crit|p2b: Ninetales\n|-damage|p2b: Ninetales|40\/100\n|-hitcount|p2b: Ninetales|3\n|move|p2b: Ninetales|Freeze-Dry|p1a: Urshifu\n|-supereffective|p1a: Urshifu\n|-damage|p1a: Urshifu|0 fnt\n|faint|p1a: Urshifu\n|\n|-weather|RainDance|[upkeep]\n|upkeep\n|\n|t:|1699924980\n|switch|p1a: Chien-Pao|Chien-Pao, L50|100\/100\n|switch|p1b: Kingambit|Kingambit, L50, M|100\/100\n|-ability|p1a: Chien-Pao|Sword of Ruin\n|turn|4\n|\n|t:|1699925008\n|switch|p2b: Gholdengo|Gholdengo, L50|100\/100\n|move|p2a: Roaring Moon|Protect|p2a: Roaring Moon\n|-singleturn|p2a: Roaring Moon|Protect\n|move|p1a: Chien-Pao|Sacred Sword|p2b: Gholdengo\n|-immune|p2b: Gholdengo\n|move|p1b: Kingambit|Iron Head|p2a: Roaring Moon\n|-activate|p2a: Roaring Moon|move: Protect\n|\n|-weather|RainDance|[upkeep]\n|upkeep\n|turn|5\n|l|\u2606Not a sun\n|player|p2|\n|inactive|Battle timer is ON: inactive players will automatically lose when time's up. (requested by Loswiththeemost)\n|inactive|Not a sun has 30 seconds to reconnect!\n|inactive|Not a sun has 20 seconds to reconnect!\n|inactive|Not a sun has 15 seconds to reconnect!\n|inactive|Not a sun has 10 seconds to reconnect!\n|inactive|Not a sun has 5 seconds to reconnect!\n|-message|Not a sun lost due to inactivity.\n|\n|win|Loswiththeemost\n|raw|Loswiththeemost's rating: 1184 &rarr; <strong>1216<\/strong><br \/>(+32 for winning)\n|raw|Not a sun's rating: 1279 &rarr; <strong>1247<\/strong><br \/>(-32 for losing)\n","uploadtime":1699925164,"views":15,"p1id":"loswiththeemost","p2id":"notasun","formatid":"gen9vgc2023regulatione","rating":1216,"private":0,"password":""}