{"id":"gen9vgc2023regulatione-1997360831","p1":"Pechuguera","p2":"Nemo493","format":"[Gen 9] VGC 2023 Regulation E","log":"|j|\u2606Pechuguera\n|j|\u2606Nemo493\n|t:|1700794104\n|gametype|doubles\n|player|p1|Pechuguera|170|1257\n|player|p2|Nemo493|1|1308\n|teamsize|p1|6\n|teamsize|p2|6\n|gen|9\n|tier|[Gen 9] VGC 2023 Regulation E\n|rated|\n|rule|Species Clause: Limit one of each Pok\u00e9mon\n|rule|Item Clause: Limit one of each item\n|clearpoke\n|poke|p1|Tyranitar, L50, F|\n|poke|p1|Gholdengo, L50|\n|poke|p1|Arcanine-Hisui, L50, M|\n|poke|p1|Kommo-o, L50, M|\n|poke|p1|Rillaboom, L50, M|\n|poke|p1|Grimmsnarl, L50, M|\n|poke|p2|Grimmsnarl, L50, M|\n|poke|p2|Ogerpon-Wellspring, L50, F|\n|poke|p2|Ursaluna-Bloodmoon, L50, M|\n|poke|p2|Annihilape, L50, F|\n|poke|p2|Arcanine-Hisui, L50, M|\n|poke|p2|Flutter Mane, L50|\n|teampreview|4\n|inactive|Battle timer is ON: inactive players will automatically lose when time's up. (requested by Nemo493)\n|inactive|Pechuguera also wants the timer to be on.\n|\n|t:|1700794146\n|start\n|switch|p1a: Gholdengo|Gholdengo, L50|100\/100\n|switch|p1b: Grimmsnarl|Grimmsnarl, L50, M|100\/100\n|switch|p2a: Annihilape|Annihilape, L50, F|100\/100\n|switch|p2b: Grimmsnarl|Grimmsnarl, L50, M|100\/100\n|turn|1\n|\n|t:|1700794162\n|-terastallize|p2a: Annihilape|Fire\n|move|p1a: Gholdengo|Protect|p1a: Gholdengo\n|-singleturn|p1a: Gholdengo|Protect\n|move|p2b: Grimmsnarl|Light Screen|p2b: Grimmsnarl\n|-sidestart|p2: Nemo493|move: Light Screen\n|move|p1b: Grimmsnarl|Thunder Wave|p2a: Annihilape\n|-status|p2a: Annihilape|par\n|move|p2a: Annihilape|Rage Fist|p1a: Gholdengo\n|-activate|p1a: Gholdengo|move: Protect\n|\n|upkeep\n|turn|2\n|inactive|Pechuguera has 30 seconds left.\n|inactive|Pechuguera has 20 seconds left.\n|inactive|Pechuguera has 15 seconds left.\n|inactive|Pechuguera has 10 seconds left.\n|inactive|Pechuguera has 5 seconds left.\n|\n|t:|1700794214\n|switch|p1a: Rillaboom|Rillaboom, L50, M|100\/100\n|-fieldstart|move: Grassy Terrain|[from] ability: Grassy Surge|[of] p1a: Rillaboom\n|-enditem|p1a: Rillaboom|Grassy Seed\n|-boost|p1a: Rillaboom|def|1|[from] item: Grassy Seed\n|switch|p2b: Ogerpon|Ogerpon-Wellspring, L50, F|100\/100\n|move|p1b: Grimmsnarl|Spirit Break|p2b: Ogerpon\n|-damage|p2b: Ogerpon|68\/100\n|-unboost|p2b: Ogerpon|spa|1\n|move|p2a: Annihilape|Bulk Up|p2a: Annihilape\n|-boost|p2a: Annihilape|atk|1\n|-boost|p2a: Annihilape|def|1\n|\n|-heal|p2b: Ogerpon|74\/100|[from] Grassy Terrain\n|upkeep\n|turn|3\n|inactive|Pechuguera has 30 seconds left.\n|inactive|Pechuguera has 20 seconds left.\n|inactive|Pechuguera has 15 seconds left.\n|inactive|Pechuguera has 10 seconds left.\n|\n|t:|1700794260\n|switch|p2b: Grimmsnarl|Grimmsnarl, L50, M|100\/100\n|move|p1b: Grimmsnarl|Thunder Wave|p2b: Grimmsnarl\n|-hint|Since gen 7, Dark is immune to Prankster moves.\n|-immune|p2b: Grimmsnarl\n|move|p1a: Rillaboom|High Horsepower|p2a: Annihilape\n|-supereffective|p2a: Annihilape\n|-damage|p2a: Annihilape|53\/100 par\n|cant|p2a: Annihilape|par\n|\n|-heal|p2a: Annihilape|59\/100 par|[from] Grassy Terrain\n|-heal|p2a: Annihilape|65\/100 par|[from] item: Leftovers\n|upkeep\n|turn|4\n|\n|t:|1700794282\n|move|p2b: Grimmsnarl|Reflect|p2b: Grimmsnarl\n|-sidestart|p2: Nemo493|Reflect\n|move|p1a: Rillaboom|High Horsepower|p2a: Annihilape|[miss]\n|-miss|p1a: Rillaboom|p2a: Annihilape\n|move|p1b: Grimmsnarl|Spirit Break|p2b: Grimmsnarl\n|-supereffective|p2b: Grimmsnarl\n|-crit|p2b: Grimmsnarl\n|-damage|p2b: Grimmsnarl|17\/100\n|-unboost|p2b: Grimmsnarl|spa|1\n|cant|p2a: Annihilape|par\n|\n|-heal|p2b: Grimmsnarl|23\/100|[from] Grassy Terrain\n|-heal|p2a: Annihilape|71\/100 par|[from] Grassy Terrain\n|-heal|p2a: Annihilape|77\/100 par|[from] item: Leftovers\n|upkeep\n|turn|5\n|\n|t:|1700794304\n|move|p2b: Grimmsnarl|Parting Shot|p1a: Rillaboom\n|-unboost|p1a: Rillaboom|atk|1\n|-unboost|p1a: Rillaboom|spa|1\n|\n|t:|1700794308\n|switch|p2b: Ogerpon|Ogerpon-Wellspring, L50, F|74\/100|[from] Parting Shot\n|move|p1a: Rillaboom|High Horsepower|p2a: Annihilape\n|-supereffective|p2a: Annihilape\n|-damage|p2a: Annihilape|56\/100 par\n|move|p1b: Grimmsnarl|Spirit Break|p2b: Ogerpon\n|-damage|p2b: Ogerpon|52\/100\n|-unboost|p2b: Ogerpon|spa|1\n|move|p2a: Annihilape|Bulk Up|p2a: Annihilape\n|-boost|p2a: Annihilape|atk|1\n|-boost|p2a: Annihilape|def|1\n|\n|-heal|p2b: Ogerpon|58\/100|[from] Grassy Terrain\n|-heal|p2a: Annihilape|62\/100 par|[from] Grassy Terrain\n|-heal|p2a: Annihilape|68\/100 par|[from] item: Leftovers\n|upkeep\n|turn|6\n|inactive|Pechuguera has 30 seconds left.\n|inactive|Nemo493 has 30 seconds left.\n|inactive|Pechuguera has 20 seconds left.\n|inactive|Pechuguera has 15 seconds left.\n|\n|t:|1700794350\n|switch|p2b: Grimmsnarl|Grimmsnarl, L50, M|23\/100\n|move|p1b: Grimmsnarl|Parting Shot|p2b: Grimmsnarl\n|-hint|Since gen 7, Dark is immune to Prankster moves.\n|-immune|p2b: Grimmsnarl\n|move|p1a: Rillaboom|Acrobatics|p2b: Grimmsnarl\n|-damage|p2b: Grimmsnarl|7\/100\n|move|p2a: Annihilape|Rage Fist|p1a: Rillaboom\n|-damage|p1a: Rillaboom|0 fnt\n|faint|p1a: Rillaboom\n|\n|-heal|p2b: Grimmsnarl|13\/100|[from] Grassy Terrain\n|-heal|p2a: Annihilape|74\/100 par|[from] Grassy Terrain\n|-heal|p2a: Annihilape|80\/100 par|[from] item: Leftovers\n|-fieldend|move: Grassy Terrain\n|upkeep\n|\n|t:|1700794361\n|switch|p1a: Tyranitar|Tyranitar, L50, F, shiny|100\/100\n|-weather|Sandstorm|[from] ability: Sand Stream|[of] p1a: Tyranitar\n|turn|7\n|\n|t:|1700794384\n|switch|p1a: Gholdengo|Gholdengo, L50|100\/100\n|move|p2b: Grimmsnarl|Parting Shot|p1a: Gholdengo\n|-immune|p1a: Gholdengo|[from] ability: Good as Gold\n|move|p1b: Grimmsnarl|Spirit Break|p2b: Grimmsnarl\n|-supereffective|p2b: Grimmsnarl\n|-damage|p2b: Grimmsnarl|0 fnt\n|faint|p2b: Grimmsnarl\n|move|p2a: Annihilape|Drain Punch|p1b: Grimmsnarl\n|-crit|p1b: Grimmsnarl\n|-damage|p1b: Grimmsnarl|0 fnt\n|-heal|p2a: Annihilape|100\/100 par|[from] drain|[of] p1b: Grimmsnarl\n|faint|p1b: Grimmsnarl\n|\n|-weather|Sandstorm|[upkeep]\n|-damage|p2a: Annihilape|95\/100 par|[from] Sandstorm\n|-heal|p2a: Annihilape|100\/100 par|[from] item: Leftovers\n|upkeep\n|\n|t:|1700794400\n|switch|p2b: Ogerpon|Ogerpon-Wellspring, L50, F|58\/100\n|switch|p1b: Tyranitar|Tyranitar, L50, F, shiny|100\/100\n|turn|8\n|\n|t:|1700794420\n|-terastallize|p1b: Tyranitar|Water\n|move|p2b: Ogerpon|Spiky Shield|p2b: Ogerpon\n|-singleturn|p2b: Ogerpon|move: Protect\n|move|p1a: Gholdengo|Protect|p1a: Gholdengo\n|-singleturn|p1a: Gholdengo|Protect\n|move|p2a: Annihilape|Protect|p2a: Annihilape\n|-singleturn|p2a: Annihilape|Protect\n|move|p1b: Tyranitar|Knock Off|p2b: Ogerpon\n|-activate|p2b: Ogerpon|move: Protect\n|-damage|p1b: Tyranitar|88\/100|[from] Spiky Shield|[of] p2b: Ogerpon\n|\n|-weather|Sandstorm|[upkeep]\n|-damage|p2b: Ogerpon|52\/100|[from] Sandstorm\n|-damage|p1b: Tyranitar|83\/100|[from] Sandstorm\n|-damage|p2a: Annihilape|95\/100 par|[from] Sandstorm\n|-heal|p2a: Annihilape|100\/100 par|[from] item: Leftovers\n|-sideend|p2: Nemo493|move: Light Screen\n|upkeep\n|turn|9\n|inactive|Pechuguera has 30 seconds left.\n|\n|t:|1700794446\n|move|p2b: Ogerpon|Horn Leech|p1b: Tyranitar\n|-supereffective|p1b: Tyranitar\n|-damage|p1b: Tyranitar|12\/100\n|-heal|p2b: Ogerpon|94\/100|[from] drain|[of] p1b: Tyranitar\n|move|p1a: Gholdengo|Hex|p2a: Annihilape\n|-damage|p2a: Annihilape|36\/100 par\n|move|p1b: Tyranitar|Knock Off|p2a: Annihilape\n|-damage|p2a: Annihilape|17\/100 par\n|-enditem|p2a: Annihilape|Leftovers|[from] move: Knock Off|[of] p1b: Tyranitar\n|move|p2a: Annihilape|Rage Fist|p1a: Gholdengo\n|-supereffective|p1a: Gholdengo\n|-crit|p1a: Gholdengo\n|-damage|p1a: Gholdengo|0 fnt\n|faint|p1a: Gholdengo\n|\n|-weather|Sandstorm|[upkeep]\n|-damage|p2b: Ogerpon|88\/100|[from] Sandstorm\n|-damage|p1b: Tyranitar|6\/100|[from] Sandstorm\n|-damage|p2a: Annihilape|11\/100 par|[from] Sandstorm\n|upkeep\n|turn|10\n|l|\u2606Pechuguera\n|inactive|Pechuguera disconnected and has a minute to reconnect!\n|player|p1|\n|inactive|Pechuguera has 30 seconds left.\n|inactive|Pechuguera has 20 seconds left.\n|inactive|Pechuguera has 15 seconds left.\n|inactive|Pechuguera has 10 seconds left.\n|inactive|Pechuguera has 5 seconds left.\n|-message|Pechuguera lost due to inactivity.\n|\n|win|Nemo493\n|raw|Pechuguera's rating: 1257 &rarr; <strong>1236<\/strong><br \/>(-21 for losing)\n|raw|Nemo493's rating: 1308 &rarr; <strong>1325<\/strong><br \/>(+17 for winning)\n","uploadtime":1700794509,"views":4,"p1id":"pechuguera","p2id":"nemo493","formatid":"gen9vgc2023regulatione","rating":1236,"private":0,"password":""}