{"id":"gen9vgc2023regulatione-1988635461","p1":"Steakman5","p2":"Luckybadday","format":"[Gen 9] VGC 2023 Regulation E","log":"|j|\u2606Steakman5\n|j|\u2606Luckybadday\n|t:|1699744541\n|gametype|doubles\n|player|p1|Steakman5|acetrainer|1190\n|player|p2|Luckybadday|169|1116\n|teamsize|p1|6\n|teamsize|p2|6\n|gen|9\n|tier|[Gen 9] VGC 2023 Regulation E\n|rated|\n|rule|Species Clause: Limit one of each Pok\u00e9mon\n|rule|Item Clause: Limit one of each item\n|clearpoke\n|poke|p1|Tornadus, L50, M|\n|poke|p1|Moltres, L50|\n|poke|p1|Ogerpon-Wellspring, L50, F|\n|poke|p1|Sinistcha, L50|\n|poke|p1|Flutter Mane, L50|\n|poke|p1|Basculegion, L50, M|\n|poke|p2|Palafin, L50, M|\n|poke|p2|Rillaboom, L50, M|\n|poke|p2|Sinistcha, L50|\n|poke|p2|Heatran, L50, F|\n|poke|p2|Kingambit, L50, M|\n|poke|p2|Ceruledge, L50, F|\n|teampreview|4\n|inactive|Battle timer is ON: inactive players will automatically lose when time's up. (requested by Luckybadday)\n|\n|t:|1699744564\n|start\n|switch|p1a: Tornadus|Tornadus, L50, M|100\/100\n|switch|p1b: Moltres|Moltres, L50|100\/100\n|switch|p2a: Palafin|Palafin, L50, M|100\/100\n|switch|p2b: Ceruledge|Ceruledge, L50, F|100\/100\n|-ability|p1b: Moltres|Pressure\n|turn|1\n|\n|t:|1699744577\n|move|p1a: Tornadus|Tailwind|p1a: Tornadus\n|-sidestart|p1: Steakman5|move: Tailwind\n|move|p1b: Moltres|Hurricane|p2a: Palafin\n|-damage|p2a: Palafin|23\/100\n|move|p2a: Palafin|Flip Turn|p2b: Ceruledge\n|-supereffective|p2b: Ceruledge\n|-damage|p2b: Ceruledge|49\/100\n|-ability|p2b: Ceruledge|Weak Armor|boost\n|-unboost|p2b: Ceruledge|def|1\n|-boost|p2b: Ceruledge|spe|2\n|-enditem|p2b: Ceruledge|Weakness Policy\n|-boost|p2b: Ceruledge|atk|2|[from] item: Weakness Policy\n|-boost|p2b: Ceruledge|spa|2|[from] item: Weakness Policy\n|\n|t:|1699744590\n|detailschange|p2a: Palafin|Palafin-Hero, L50, M\n|switch|p2a: Sinistcha|Sinistcha, L50|100\/100|[from] Flip Turn\n|-heal|p2b: Ceruledge|74\/100|[from] ability: Hospitality|[of] p2a: Sinistcha\n|move|p2b: Ceruledge|Bitter Blade|p1a: Tornadus\n|-enditem|p1a: Tornadus|Focus Sash\n|-damage|p1a: Tornadus|1\/100\n|-heal|p2b: Ceruledge|100\/100|[from] drain|[of] p1a: Tornadus\n|\n|upkeep\n|turn|2\n|\n|t:|1699744610\n|-terastallize|p2a: Sinistcha|Water\n|move|p1a: Tornadus|Protect|p1a: Tornadus\n|-singleturn|p1a: Tornadus|Protect\n|move|p2b: Ceruledge|Shadow Sneak|p1a: Tornadus\n|-activate|p1a: Tornadus|move: Protect\n|move|p1b: Moltres|Heat Wave|p2a: Sinistcha|[spread] p2a,p2b\n|-resisted|p2a: Sinistcha\n|-resisted|p2b: Ceruledge\n|-damage|p2a: Sinistcha|81\/100\n|-damage|p2b: Ceruledge|81\/100\n|move|p2a: Sinistcha|Calm Mind|p2a: Sinistcha\n|-boost|p2a: Sinistcha|spa|1\n|-boost|p2a: Sinistcha|spd|1\n|\n|upkeep\n|turn|3\n|\n|t:|1699744630\n|-terastallize|p1b: Moltres|Water\n|move|p1a: Tornadus|Rain Dance|p1a: Tornadus\n|-weather|RainDance\n|move|p2b: Ceruledge|Shadow Sneak|p1a: Tornadus\n|-damage|p1a: Tornadus|0 fnt\n|faint|p1a: Tornadus\n|move|p1b: Moltres|Tera Blast|p2b: Ceruledge|[anim] Tera Blast Water\n|-supereffective|p2b: Ceruledge\n|-damage|p2b: Ceruledge|0 fnt\n|faint|p2b: Ceruledge\n|move|p2a: Sinistcha|Calm Mind|p2a: Sinistcha\n|-boost|p2a: Sinistcha|spa|1\n|-boost|p2a: Sinistcha|spd|1\n|\n|-weather|RainDance|[upkeep]\n|upkeep\n|\n|t:|1699744644\n|switch|p1a: Ogerpon|Ogerpon-Wellspring, L50, F|100\/100\n|switch|p2b: Kingambit|Kingambit, L50, M|100\/100\n|turn|4\n|\n|t:|1699744658\n|move|p2b: Kingambit|Protect|p2b: Kingambit\n|-singleturn|p2b: Kingambit|Protect\n|move|p1a: Ogerpon|Horn Leech|p2a: Sinistcha\n|-supereffective|p2a: Sinistcha\n|-damage|p2a: Sinistcha|12\/100\n|-damage|p1a: Ogerpon|84\/100|[from] item: Rocky Helmet|[of] p2a: Sinistcha\n|move|p1b: Moltres|Hurricane|p2b: Kingambit\n|-activate|p2b: Kingambit|move: Protect\n|move|p2a: Sinistcha|Matcha Gotcha|p1a: Ogerpon|[spread] p1a,p1b\n|-supereffective|p1b: Moltres\n|-damage|p1a: Ogerpon|31\/100\n|-heal|p2a: Sinistcha|36\/100|[from] drain|[of] p1a: Ogerpon\n|-damage|p1b: Moltres|0 fnt\n|-heal|p2a: Sinistcha|83\/100|[from] drain|[of] p1b: Moltres\n|faint|p1b: Moltres\n|\n|-weather|RainDance|[upkeep]\n|-sideend|p1: Steakman5|move: Tailwind\n|upkeep\n|\n|t:|1699744672\n|switch|p1b: Sinistcha|Sinistcha, L50|100\/100\n|-heal|p1a: Ogerpon|56\/100|[from] ability: Hospitality|[of] p1b: Sinistcha\n|turn|5\n|\n|t:|1699744691\n|move|p1a: Ogerpon|Horn Leech|p2a: Sinistcha\n|-supereffective|p2a: Sinistcha\n|-damage|p2a: Sinistcha|24\/100\n|-heal|p1a: Ogerpon|90\/100|[from] drain|[of] p2a: Sinistcha\n|-damage|p1a: Ogerpon|73\/100|[from] item: Rocky Helmet|[of] p2a: Sinistcha\n|move|p2a: Sinistcha|Matcha Gotcha|p1b: Sinistcha|[spread] p1a,p1b\n|-resisted|p1b: Sinistcha\n|-damage|p1a: Ogerpon|17\/100\n|-heal|p2a: Sinistcha|49\/100|[from] drain|[of] p1a: Ogerpon\n|-damage|p1b: Sinistcha|71\/100\n|-heal|p2a: Sinistcha|64\/100|[from] drain|[of] p1b: Sinistcha\n|move|p1b: Sinistcha|Matcha Gotcha|p2b: Kingambit|[spread] p2a,p2b\n|-supereffective|p2a: Sinistcha\n|-resisted|p2b: Kingambit\n|-damage|p2a: Sinistcha|25\/100\n|-heal|p1b: Sinistcha|90\/100|[from] drain|[of] p2a: Sinistcha\n|-damage|p2b: Kingambit|85\/100\n|-heal|p1b: Sinistcha|99\/100|[from] drain|[of] p2b: Kingambit\n|move|p2b: Kingambit|Swords Dance|p2b: Kingambit\n|-boost|p2b: Kingambit|atk|2\n|\n|-weather|RainDance|[upkeep]\n|upkeep\n|turn|6\n|inactive|Steakman5 has 30 seconds left.\n|inactive|Luckybadday has 30 seconds left.\n|\n|t:|1699744717\n|move|p2b: Kingambit|Sucker Punch|p1a: Ogerpon\n|-damage|p1a: Ogerpon|0 fnt\n|faint|p1a: Ogerpon\n|move|p2a: Sinistcha|Matcha Gotcha|p1b: Sinistcha|[miss]\n|-miss|p2a: Sinistcha|p1b: Sinistcha\n|move|p1b: Sinistcha|Scald|p2b: Kingambit\n|-damage|p2b: Kingambit|40\/100\n|\n|-weather|RainDance|[upkeep]\n|upkeep\n|turn|7\n|\n|t:|1699744734\n|move|p2b: Kingambit|Sucker Punch|p1b: Sinistcha\n|-supereffective|p1b: Sinistcha\n|-damage|p1b: Sinistcha|0 fnt\n|faint|p1b: Sinistcha\n|\n|win|Luckybadday\n|raw|Steakman5's rating: 1190 &rarr; <strong>1160<\/strong><br \/>(-30 for losing)\n|raw|Luckybadday's rating: 1116 &rarr; <strong>1146<\/strong><br \/>(+30 for winning)\n|l|\u2606Luckybadday\n","uploadtime":1699744741,"views":12,"p1id":"steakman5","p2id":"luckybadday","formatid":"gen9vgc2023regulatione","rating":1146,"private":0,"password":""}