{"id":"gen9vgc2023regulatione-1999371391","p1":"juicytoaster","p2":"honeyfuchsia","format":"[Gen 9] VGC 2023 Regulation E","log":"|j|\u2606juicytoaster\n|j|\u2606honeyfuchsia\n|t:|1701068727\n|gametype|doubles\n|player|p1|juicytoaster|colress|1186\n|player|p2|honeyfuchsia|teamrocket|1258\n|teamsize|p1|6\n|teamsize|p2|6\n|gen|9\n|tier|[Gen 9] VGC 2023 Regulation E\n|rated|\n|rule|Species Clause: Limit one of each Pok\u00e9mon\n|rule|Item Clause: Limit one of each item\n|clearpoke\n|poke|p1|Urshifu-*, L50, F|\n|poke|p1|Arcanine-Hisui, L50, F|\n|poke|p1|Gholdengo, L50|\n|poke|p1|Tornadus, L50, M|\n|poke|p1|Rillaboom, L50, F|\n|poke|p1|Flutter Mane, L50|\n|poke|p2|Sableye, L50, F|\n|poke|p2|Sylveon, L50, F|\n|poke|p2|Conkeldurr, L50, M|\n|poke|p2|Sinistcha, L50|\n|poke|p2|Gyarados, L50, F|\n|poke|p2|Roaring Moon, L50|\n|teampreview|4\n|\n|t:|1701068754\n|start\n|switch|p1a: Tornadus|Tornadus, L50, M|100\/100\n|switch|p1b: Urshifu|Urshifu-Rapid-Strike, L50, F|100\/100\n|switch|p2a: Sinistcha|Sinistcha, L50, shiny|100\/100\n|switch|p2b: Conkeldurr|Conkeldurr, L50, M, shiny|100\/100\n|turn|1\n|inactive|Battle timer is ON: inactive players will automatically lose when time's up. (requested by honeyfuchsia)\n|\n|t:|1701068779\n|switch|p1b: Arcanine|Arcanine-Hisui, L50, F|100\/100\n|-ability|p1b: Arcanine|Intimidate|boost\n|-unboost|p2a: Sinistcha|atk|1\n|-unboost|p2b: Conkeldurr|atk|1\n|move|p1a: Tornadus|Bleakwind Storm|p2a: Sinistcha|[spread] p2a,p2b\n|-supereffective|p2a: Sinistcha\n|-supereffective|p2b: Conkeldurr\n|-crit|p2b: Conkeldurr\n|-damage|p2a: Sinistcha|17\/100\n|-damage|p2b: Conkeldurr|31\/100\n|-unboost|p2a: Sinistcha|spe|1\n|move|p2b: Conkeldurr|Drain Punch|p1b: Arcanine\n|-supereffective|p1b: Arcanine\n|-damage|p1b: Arcanine|13\/100\n|-heal|p2b: Conkeldurr|72\/100|[from] drain|[of] p1b: Arcanine\n|-enditem|p1b: Arcanine|Sitrus Berry|[eat]\n|-heal|p1b: Arcanine|38\/100|[from] item: Sitrus Berry\n|move|p2a: Sinistcha|Trick Room|p2a: Sinistcha\n|-fieldstart|move: Trick Room|[of] p2a: Sinistcha\n|\n|upkeep\n|turn|2\n|inactive|juicytoaster has 30 seconds left.\n|inactive|honeyfuchsia has 30 seconds left.\n|inactive|juicytoaster has 20 seconds left.\n|inactive|honeyfuchsia has 20 seconds left.\n|inactive|honeyfuchsia has 15 seconds left.\n|\n|t:|1701068821\n|switch|p1b: Flutter Mane|Flutter Mane, L50|100\/100\n|-enditem|p1b: Flutter Mane|Booster Energy\n|-activate|p1b: Flutter Mane|ability: Protosynthesis|[fromitem]\n|-start|p1b: Flutter Mane|protosynthesisspe\n|move|p2a: Sinistcha|Matcha Gotcha|p1b: Flutter Mane|[spread] p1a,p1b\n|-resisted|p1a: Tornadus\n|-damage|p1a: Tornadus|83\/100\n|-heal|p2a: Sinistcha|27\/100|[from] drain|[of] p1a: Tornadus\n|-damage|p1b: Flutter Mane|67\/100\n|-heal|p2a: Sinistcha|41\/100|[from] drain|[of] p1b: Flutter Mane\n|move|p2b: Conkeldurr|Drain Punch|p1b: Flutter Mane\n|-immune|p1b: Flutter Mane\n|move|p1a: Tornadus|Bleakwind Storm|p2a: Sinistcha|[spread] p2a,p2b\n|-supereffective|p2a: Sinistcha\n|-supereffective|p2b: Conkeldurr\n|-damage|p2a: Sinistcha|0 fnt\n|-damage|p2b: Conkeldurr|30\/100\n|faint|p2a: Sinistcha\n|\n|upkeep\n|\n|t:|1701068840\n|switch|p2a: Sylveon|Sylveon, L50, F, shiny|100\/100\n|turn|3\n|\n|t:|1701068864\n|move|p1a: Tornadus|Protect|p1a: Tornadus\n|-singleturn|p1a: Tornadus|Protect\n|move|p2a: Sylveon|Protect|p2a: Sylveon\n|-singleturn|p2a: Sylveon|Protect\n|move|p1b: Flutter Mane|Protect|p1b: Flutter Mane\n|-singleturn|p1b: Flutter Mane|Protect\n|move|p2b: Conkeldurr|Fire Punch|p1a: Tornadus\n|-activate|p1a: Tornadus|move: Protect\n|\n|upkeep\n|turn|4\n|inactive|honeyfuchsia has 30 seconds left.\n|\n|t:|1701068895\n|-end|p1b: Flutter Mane|Protosynthesis|[silent]\n|switch|p1b: Arcanine|Arcanine-Hisui, L50, F|38\/100\n|-ability|p1b: Arcanine|Intimidate|boost\n|-unboost|p2a: Sylveon|atk|1\n|-unboost|p2b: Conkeldurr|atk|1\n|-terastallize|p2a: Sylveon|Fairy\n|move|p1a: Tornadus|Rain Dance|p1a: Tornadus\n|-weather|RainDance\n|move|p2a: Sylveon|Hyper Voice|p1b: Arcanine|[spread] p1a,p1b\n|-resisted|p1b: Arcanine\n|-damage|p1a: Tornadus|14\/100\n|-damage|p1b: Arcanine|5\/100\n|-enditem|p2a: Sylveon|Throat Spray\n|-boost|p2a: Sylveon|spa|1|[from] item: Throat Spray\n|move|p2b: Conkeldurr|Fire Punch|p1b: Arcanine\n|-resisted|p1b: Arcanine\n|-damage|p1b: Arcanine|3\/100\n|\n|-weather|RainDance|[upkeep]\n|upkeep\n|turn|5\n|\n|t:|1701068913\n|switch|p2b: Sableye|Sableye, L50, F|100\/100\n|move|p1a: Tornadus|Protect|p1a: Tornadus\n|-singleturn|p1a: Tornadus|Protect\n|move|p1b: Arcanine|Extreme Speed|p2b: Sableye\n|-immune|p2b: Sableye\n|move|p2a: Sylveon|Hyper Voice|p1a: Tornadus|[spread] p1b\n|-activate|p1a: Tornadus|move: Protect\n|-resisted|p1b: Arcanine\n|-crit|p1b: Arcanine\n|-damage|p1b: Arcanine|0 fnt\n|faint|p1b: Arcanine\n|\n|-weather|RainDance|[upkeep]\n|-fieldend|move: Trick Room\n|upkeep\n|c|\u2606honeyfuchsia|haha\n|\n|t:|1701068927\n|switch|p1b: Urshifu|Urshifu-Rapid-Strike, L50, F|100\/100\n|turn|6\n|\n|t:|1701068935\n|move|p2b: Sableye|Encore|p2a: Sylveon\n|-start|p2a: Sylveon|Encore\n|move|p2a: Sylveon|Hyper Voice|p1b: Urshifu|[spread] p1a,p1b\n|-supereffective|p1b: Urshifu\n|-crit|p1b: Urshifu\n|-damage|p1a: Tornadus|0 fnt\n|-damage|p1b: Urshifu|0 fnt\n|faint|p1a: Tornadus\n|faint|p1b: Urshifu\n|\n|-weather|RainDance|[upkeep]\n|upkeep\n|c|\u2606juicytoaster|huh?\n|inactive|juicytoaster has 30 seconds left.\n|inactive|juicytoaster has 20 seconds left.\n|\n|t:|1701068973\n|switch|p1b: Flutter Mane|Flutter Mane, L50|67\/100\n|turn|7\n|c|\u2606honeyfuchsia|my sylveon outspeeds duh\n|inactive|juicytoaster has 30 seconds left.\n|c|\u2606juicytoaster|how? tr isnt up\n|inactive|juicytoaster has 20 seconds left.\n|\n|t:|1701069009\n|move|p2b: Sableye|Light Screen|p2b: Sableye\n|-sidestart|p2: honeyfuchsia|move: Light Screen\n|move|p1b: Flutter Mane|Moonblast|p2b: Sableye\n|-supereffective|p2b: Sableye\n|-enditem|p2b: Sableye|Roseli Berry|[eat]\n|-enditem|p2b: Sableye|Roseli Berry|[weaken]\n|-damage|p2b: Sableye|65\/100\n|move|p2a: Sylveon|Hyper Voice|p1b: Flutter Mane\n|-damage|p1b: Flutter Mane|0 fnt\n|faint|p1b: Flutter Mane\n|-end|p1b: Flutter Mane|Protosynthesis|[silent]\n|\n|win|honeyfuchsia\n|raw|juicytoaster's rating: 1186 &rarr; <strong>1166<\/strong><br \/>(-20 for losing)\n|raw|honeyfuchsia's rating: 1258 &rarr; <strong>1278<\/strong><br \/>(+20 for winning)\n|l|\u2606honeyfuchsia\n","uploadtime":1701069020,"views":12,"p1id":"juicytoaster","p2id":"honeyfuchsia","formatid":"gen9vgc2023regulatione","rating":1166,"private":0,"password":""}