{"id":"gen9vgc2023regulatione-1990902774","p1":"TornadoofDOOM","p2":"Dukelow","format":"[Gen 9] VGC 2023 Regulation E","log":"|j|\u2606TornadoofDOOM\n|j|\u2606Dukelow\n|t:|1700013259\n|gametype|doubles\n|player|p1|TornadoofDOOM|barry|\n|player|p2|Dukelow|alder|\n|teamsize|p1|6\n|teamsize|p2|6\n|gen|9\n|tier|[Gen 9] VGC 2023 Regulation E\n|rated|Tournament battle\n|rule|Species Clause: Limit one of each Pok\u00e9mon\n|rule|Item Clause: Limit one of each item\n|clearpoke\n|poke|p1|Enamorus, L50, F|\n|poke|p1|Thundurus, L50, M|\n|poke|p1|Urshifu-*, L50, F|\n|poke|p1|Amoonguss, L50, M|\n|poke|p1|Heatran, L50, M|\n|poke|p1|Iron Hands, L50|\n|poke|p2|Urshifu-*, L50, M|\n|poke|p2|Tornadus, L50, M|\n|poke|p2|Regidrago, L50|\n|poke|p2|Rillaboom, L50, F|\n|poke|p2|Arcanine-Hisui, L50, F|\n|poke|p2|Gholdengo, L50|\n|teampreview|4\n|showteam|p1|Enamorus||LifeOrb|Contrary|DazzlingGleam,Superpower,SludgeBomb,Protect|||F|||50|,,,,,Poison]Thundurus||CovertCloak|Prankster|WildboltStorm,EerieImpulse,ScaryFace,Protect|||M|||50|,,,,,Electric]Urshifu-Rapid-Strike||ChoiceScarf|UnseenFist|CloseCombat,SurgingStrikes,AquaJet,Uturn|||F|||50|,,,,,Water]Amoonguss||RockyHelmet|Regenerator|Spore,RagePowder,PollenPuff,ClearSmog|||M|||50|,,,,,Water]Heatran||Leftovers|FlashFire|HeatWave,EarthPower,Substitute,Protect|||M|||50|,,,,,Grass]Iron Hands||AssaultVest|QuarkDrive|DrainPunch,WildCharge,FakeOut,HeavySlam||||||50|,,,,,Fire\n|showteam|p2|Urshifu-Rapid-Strike||ChoiceScarf|UnseenFist|SurgingStrikes,CloseCombat,AquaJet,Uturn|||M|||50|,,,,,Poison]Tornadus||RockyHelmet|Prankster|BleakwindStorm,RainDance,Tailwind,Protect|||M|||50|,,,,,Ghost]Regidrago||DragonFang|DragonsMaw|DragonEnergy,DracoMeteor,EarthPower,Protect||||||50|,,,,,Steel]Rillaboom||AssaultVest|GrassySurge|FakeOut,WoodHammer,HighHorsepower,GrassyGlide|||F|||50|,,,,,Grass]Arcanine-Hisui||SitrusBerry|Intimidate|FlareBlitz,ExtremeSpeed,RockSlide,WillOWisp|||F|||50|,,,,,Water]Gholdengo||MetalCoat|GoodasGold|MakeItRain,ShadowBall,NastyPlot,Protect||||||50|,,,,,Dragon\n|inactive|Battle timer is ON: inactive players will automatically lose when time's up. (requested by Dukelow)\n|j| Flarefox_7\n|j| moonybunny\n|c|\u2606TornadoofDOOM|glhf\n|j| OHVO\n|c|\u2606Dukelow|glhf\n|inactive|TornadoofDOOM has 60 seconds left.\n|inactive|Dukelow has 60 seconds left.\n|j| Lorul\n|inactive|Dukelow has 30 seconds left.\n|inactive|Dukelow has 20 seconds left.\n|inactive|Dukelow has 15 seconds left.\n|inactive|Dukelow has 10 seconds left.\n|inactive|Dukelow has 5 seconds left.\n|\n|t:|1700013345\n|start\n|switch|p1a: Thundurus|Thundurus, L50, M|100\/100\n|switch|p1b: Iron Hands|Iron Hands, L50|100\/100\n|switch|p2a: Tornadus|Tornadus, L50, M|100\/100\n|switch|p2b: Rillaboom|Rillaboom, L50, F|100\/100\n|-fieldstart|move: Grassy Terrain|[from] ability: Grassy Surge|[of] p2b: Rillaboom\n|turn|1\n|\n|t:|1700013366\n|move|p2b: Rillaboom|Fake Out|p1b: Iron Hands\n|-damage|p1b: Iron Hands|91\/100\n|cant|p1b: Iron Hands|flinch\n|move|p2a: Tornadus|Tailwind|p2a: Tornadus\n|-sidestart|p2: Dukelow|move: Tailwind\n|move|p1a: Thundurus|Wildbolt Storm|p2a: Tornadus|[spread] p2a\n|-miss|p1a: Thundurus|p2b: Rillaboom\n|-supereffective|p2a: Tornadus\n|-damage|p2a: Tornadus|32\/100\n|\n|-heal|p1b: Iron Hands|97\/100|[from] Grassy Terrain\n|upkeep\n|turn|2\n|inactive|Dukelow has 30 seconds left.\n|inactive|Dukelow has 20 seconds left.\n|\n|t:|1700013403\n|move|p1a: Thundurus|Scary Face|p2b: Rillaboom\n|-unboost|p2b: Rillaboom|spe|2\n|move|p2a: Tornadus|Bleakwind Storm|p1a: Thundurus|[spread] p1a,p1b\n|-resisted|p1a: Thundurus\n|-damage|p1a: Thundurus|87\/100\n|-damage|p1b: Iron Hands|78\/100\n|move|p2b: Rillaboom|High Horsepower|p1b: Iron Hands\n|-supereffective|p1b: Iron Hands\n|-damage|p1b: Iron Hands|35\/100\n|move|p1b: Iron Hands|Wild Charge|p2a: Tornadus\n|-supereffective|p2a: Tornadus\n|-damage|p2a: Tornadus|0 fnt\n|-damage|p1b: Iron Hands|19\/100|[from] item: Rocky Helmet|[of] p2a: Tornadus\n|faint|p2a: Tornadus\n|-damage|p1b: Iron Hands|13\/100|[from] Recoil\n|\n|-heal|p1b: Iron Hands|19\/100|[from] Grassy Terrain\n|upkeep\n|j| dravenak1\n|inactive|Dukelow has 30 seconds left.\n|inactive|Dukelow has 20 seconds left.\n|\n|t:|1700013443\n|switch|p2a: Gholdengo|Gholdengo, L50|100\/100\n|turn|3\n|\n|t:|1700013457\n|move|p2b: Rillaboom|Grassy Glide|p1b: Iron Hands\n|-damage|p1b: Iron Hands|0 fnt\n|faint|p1b: Iron Hands\n|-end|p1b: Iron Hands|Quark Drive|[silent]\n|move|p2a: Gholdengo|Nasty Plot|p2a: Gholdengo\n|-boost|p2a: Gholdengo|spa|2\n|move|p1a: Thundurus|Wildbolt Storm|p2a: Gholdengo|[spread] p2a,p2b\n|-resisted|p2b: Rillaboom\n|-damage|p2a: Gholdengo|70\/100\n|-damage|p2b: Rillaboom|90\/100\n|-status|p2a: Gholdengo|par\n|\n|-heal|p2a: Gholdengo|76\/100 par|[from] Grassy Terrain\n|-heal|p2b: Rillaboom|96\/100|[from] Grassy Terrain\n|upkeep\n|\n|t:|1700013471\n|switch|p1b: Enamorus|Enamorus, L50, F|100\/100\n|turn|4\n|\n|t:|1700013494\n|move|p1b: Enamorus|Protect|p1b: Enamorus\n|-singleturn|p1b: Enamorus|Protect\n|move|p2b: Rillaboom|Grassy Glide|p1b: Enamorus\n|-activate|p1b: Enamorus|move: Protect\n|move|p1a: Thundurus|Wildbolt Storm|p2b: Rillaboom|[spread] p2a,p2b\n|-crit|p2a: Gholdengo\n|-resisted|p2b: Rillaboom\n|-damage|p2a: Gholdengo|29\/100 par\n|-damage|p2b: Rillaboom|83\/100\n|cant|p2a: Gholdengo|par\n|\n|-heal|p2a: Gholdengo|35\/100 par|[from] Grassy Terrain\n|-heal|p2b: Rillaboom|89\/100|[from] Grassy Terrain\n|-sideend|p2: Dukelow|move: Tailwind\n|upkeep\n|turn|5\n|\n|t:|1700013518\n|move|p1a: Thundurus|Eerie Impulse|p1b: Enamorus\n|-boost|p1b: Enamorus|spa|2\n|move|p2b: Rillaboom|Grassy Glide|p1b: Enamorus\n|-resisted|p1b: Enamorus\n|-damage|p1b: Enamorus|70\/100\n|move|p1b: Enamorus|Dazzling Gleam|p2a: Gholdengo|[spread] p2a,p2b\n|-resisted|p2a: Gholdengo\n|-damage|p2a: Gholdengo|0 fnt\n|-damage|p2b: Rillaboom|21\/100\n|faint|p2a: Gholdengo\n|-damage|p1b: Enamorus|60\/100|[from] item: Life Orb\n|\n|-heal|p2b: Rillaboom|27\/100|[from] Grassy Terrain\n|-fieldend|move: Grassy Terrain\n|upkeep\n|inactive|Dukelow has 30 seconds left.\n|inactive|Dukelow has 20 seconds left.\n|inactive|Dukelow has 15 seconds left.\n|\n|t:|1700013562\n|switch|p2a: Regidrago|Regidrago, L50|100\/100\n|turn|6\n|c|\u2606TornadoofDOOM|THE THUNDURUS CARRY\n|inactive|Dukelow has 30 seconds left.\n|\n|t:|1700013589\n|-terastallize|p2b: Rillaboom|Grass\n|move|p2a: Regidrago|Protect|p2a: Regidrago\n|-singleturn|p2a: Regidrago|Protect\n|move|p1a: Thundurus|Eerie Impulse|p2a: Regidrago\n|-activate|p2a: Regidrago|move: Protect\n|move|p1b: Enamorus|Dazzling Gleam|p2b: Rillaboom|[spread] p2b\n|-activate|p2a: Regidrago|move: Protect\n|-damage|p2b: Rillaboom|0 fnt\n|faint|p2b: Rillaboom\n|-damage|p1b: Enamorus|51\/100|[from] item: Life Orb\n|\n|upkeep\n|turn|7\n|c|\u2606Dukelow|gg\n|c|\u2606TornadoofDOOM|ggwp\n|-message|Dukelow forfeited.\n|\n|win|TornadoofDOOM\n|n|\u2606TornadoofDOOM|tornadoofdoom\n|n|\u2606Dukelow|dukelow\n|n| Flarefox_7|flarefox7\n|n| moonybunny|moonybunny\n|n| OHVO|ohvo\n|n| Lorul|lorul\n|n| dravenak1|dravenak1\n","uploadtime":1700013607,"views":7,"p1id":"tornadoofdoom","p2id":"dukelow","formatid":"gen9vgc2023regulatione","rating":0,"private":0,"password":""}