{"id":"gen9vgc2023regulatione-1994594933","p1":"17 cats in a coat","p2":"kris7443","format":"[Gen 9] VGC 2023 Regulation E","log":"|j|\u260617 cats in a coat\n|j|\u2606kris7443\n|t:|1700466257\n|gametype|doubles\n|player|p1|17 cats in a coat|pokemonbreederf-gen4|1326\n|player|p2|kris7443|ingo|1253\n|teamsize|p1|6\n|teamsize|p2|6\n|gen|9\n|tier|[Gen 9] VGC 2023 Regulation E\n|rated|\n|rule|Species Clause: Limit one of each Pok\u00e9mon\n|rule|Item Clause: Limit one of each item\n|clearpoke\n|poke|p1|Baxcalibur, L50, M|\n|poke|p1|Ninetales-Alola, L50, F|\n|poke|p1|Heatran, L50, M|\n|poke|p1|Ogerpon-Wellspring, L50, F|\n|poke|p1|Landorus-Therian, L50, M|\n|poke|p1|Rillaboom, L50, F|\n|poke|p2|Torkoal, L50, M|\n|poke|p2|Heatran, L50, F|\n|poke|p2|Kingambit, L50, M|\n|poke|p2|Sylveon, L50, F|\n|poke|p2|Ursaluna-Bloodmoon, L50, M|\n|poke|p2|Dusclops, L50, M|\n|teampreview|4\n|inactive|Battle timer is ON: inactive players will automatically lose when time's up. (requested by kris7443)\n|\n|t:|1700466303\n|start\n|switch|p1a: Ogerpon|Ogerpon-Wellspring, L50, F|100\/100\n|switch|p1b: Rillaboom|Rillaboom, L50, F|100\/100\n|switch|p2a: Dusclops|Dusclops, L50, M|100\/100\n|switch|p2b: Torkoal|Torkoal, L50, M|100\/100\n|-fieldstart|move: Grassy Terrain|[from] ability: Grassy Surge|[of] p1b: Rillaboom\n|-item|p1a: Ogerpon|Wellspring Mask|[from] ability: Frisk|[of] p2a: Dusclops|[identify]\n|-item|p1b: Rillaboom|Assault Vest|[from] ability: Frisk|[of] p2a: Dusclops|[identify]\n|-weather|SunnyDay|[from] ability: Drought|[of] p2b: Torkoal\n|turn|1\n|\n|t:|1700466322\n|move|p2b: Torkoal|Protect|p2b: Torkoal\n|-singleturn|p2b: Torkoal|Protect\n|move|p1a: Ogerpon|Horn Leech|p2a: Dusclops\n|-damage|p2a: Dusclops|64\/100\n|move|p1b: Rillaboom|Wood Hammer|p2a: Dusclops\n|-damage|p2a: Dusclops|7\/100\n|-damage|p1b: Rillaboom|89\/100|[from] Recoil\n|move|p2a: Dusclops|Trick Room|p2a: Dusclops\n|-fieldstart|move: Trick Room|[of] p2a: Dusclops\n|\n|-weather|SunnyDay|[upkeep]\n|-heal|p2a: Dusclops|13\/100|[from] Grassy Terrain\n|-heal|p1b: Rillaboom|95\/100|[from] Grassy Terrain\n|upkeep\n|turn|2\n|inactive|17 cats in a coat has 30 seconds left.\n|inactive|17 cats in a coat has 20 seconds left.\n|\n|t:|1700466358\n|switch|p1b: Heatran|Heatran, L50, M|100\/100\n|-terastallize|p1a: Ogerpon|Water\n|detailschange|p1a: Ogerpon|Ogerpon-Wellspring-Tera, L50, F, tera:Water\n|-ability|p1a: Ogerpon|Embody Aspect (Wellspring)|boost\n|-boost|p1a: Ogerpon|spd|1\n|move|p2b: Torkoal|Eruption|p1b: Heatran|[spread] p1a\n|-start|p1b: Heatran|ability: Flash Fire\n|-resisted|p1a: Ogerpon\n|-damage|p1a: Ogerpon|75\/100\n|move|p2a: Dusclops|Pain Split|p1a: Ogerpon\n|-sethp|p1a: Ogerpon|41\/100|[from] move: Pain Split|[silent]\n|-sethp|p2a: Dusclops|66\/100|[from] move: Pain Split\n|move|p1a: Ogerpon|Ivy Cudgel|p2b: Torkoal|[anim] Ivy Cudgel Water\n|-supereffective|p2b: Torkoal\n|-damage|p2b: Torkoal|48\/100\n|\n|-weather|SunnyDay|[upkeep]\n|-heal|p2b: Torkoal|55\/100|[from] Grassy Terrain\n|-heal|p2a: Dusclops|72\/100|[from] Grassy Terrain\n|-heal|p1a: Ogerpon|47\/100|[from] Grassy Terrain\n|upkeep\n|turn|3\n|inactive|17 cats in a coat has 30 seconds left.\n|inactive|kris7443 has 30 seconds left.\n|\n|t:|1700466387\n|move|p1b: Heatran|Protect|p1b: Heatran\n|-singleturn|p1b: Heatran|Protect\n|move|p2b: Torkoal|Stealth Rock|p1a: Ogerpon\n|-sidestart|p1: 17 cats in a coat|move: Stealth Rock\n|move|p2a: Dusclops|Pain Split|p1b: Heatran\n|-activate|p1b: Heatran|move: Protect\n|move|p1a: Ogerpon|Ivy Cudgel|p2b: Torkoal|[anim] Ivy Cudgel Water\n|-supereffective|p2b: Torkoal\n|-damage|p2b: Torkoal|2\/100\n|\n|-weather|SunnyDay|[upkeep]\n|-heal|p2b: Torkoal|9\/100|[from] Grassy Terrain\n|-heal|p2a: Dusclops|78\/100|[from] Grassy Terrain\n|-heal|p1a: Ogerpon|53\/100|[from] Grassy Terrain\n|upkeep\n|turn|4\n|\n|t:|1700466407\n|move|p1a: Ogerpon|Follow Me|p1a: Ogerpon\n|-singleturn|p1a: Ogerpon|move: Follow Me\n|move|p2b: Torkoal|Overheat|p1a: Ogerpon\n|-resisted|p1a: Ogerpon\n|-damage|p1a: Ogerpon|21\/100\n|-unboost|p2b: Torkoal|spa|2\n|move|p2a: Dusclops|Pain Split|p1a: Ogerpon\n|-sethp|p1a: Ogerpon|35\/100|[from] move: Pain Split|[silent]\n|-sethp|p2a: Dusclops|56\/100|[from] move: Pain Split\n|move|p1b: Heatran|Heat Wave|p2a: Dusclops|[spread] p2a,p2b\n|-resisted|p2b: Torkoal\n|-damage|p2a: Dusclops|0 fnt\n|-damage|p2b: Torkoal|0 fnt\n|faint|p2a: Dusclops\n|faint|p2b: Torkoal\n|-damage|p1b: Heatran|91\/100|[from] item: Life Orb\n|\n|-weather|SunnyDay|[upkeep]\n|-heal|p1b: Heatran|97\/100|[from] Grassy Terrain\n|-heal|p1a: Ogerpon|41\/100|[from] Grassy Terrain\n|upkeep\n|inactive|kris7443 has 30 seconds left.\n|\n|t:|1700466432\n|switch|p2b: Ursaluna|Ursaluna-Bloodmoon, L50, M|100\/100\n|switch|p2a: Heatran|Heatran, L50, F|100\/100\n|turn|5\n|inactive|17 cats in a coat has 30 seconds left.\n|inactive|17 cats in a coat has 20 seconds left.\n|inactive|17 cats in a coat has 15 seconds left.\n|\n|t:|1700466475\n|-terastallize|p2a: Heatran|Grass\n|move|p1b: Heatran|Protect|p1b: Heatran\n|-singleturn|p1b: Heatran|Protect\n|move|p1a: Ogerpon|Spiky Shield|p1a: Ogerpon\n|-singleturn|p1a: Ogerpon|move: Protect\n|move|p2b: Ursaluna|Earth Power|p1b: Heatran\n|-activate|p1b: Heatran|move: Protect\n|move|p2a: Heatran|Solar Beam||[still]\n|-prepare|p2a: Heatran|Solar Beam\n|-anim|p2a: Heatran|Solar Beam|p1a: Ogerpon\n|-activate|p1a: Ogerpon|move: Protect\n|\n|-weather|none\n|-heal|p1b: Heatran|100\/100|[from] Grassy Terrain\n|-heal|p1a: Ogerpon|46\/100|[from] Grassy Terrain\n|-fieldend|move: Trick Room\n|-fieldend|move: Grassy Terrain\n|upkeep\n|turn|6\n|inactive|17 cats in a coat has 30 seconds left.\n|inactive|kris7443 has 30 seconds left.\n|inactive|17 cats in a coat has 20 seconds left.\n|inactive|17 cats in a coat has 15 seconds left.\n|inactive|17 cats in a coat has 10 seconds left.\n|inactive|17 cats in a coat has 5 seconds left.\n|\n|t:|1700466529\n|move|p1a: Ogerpon|Horn Leech|p2b: Ursaluna\n|-supereffective|p2b: Ursaluna\n|-damage|p2b: Ursaluna|48\/100\n|-heal|p1a: Ogerpon|74\/100|[from] drain|[of] p2b: Ursaluna\n|move|p1b: Heatran|Flash Cannon|p2b: Ursaluna\n|-damage|p2b: Ursaluna|0 fnt\n|faint|p2b: Ursaluna\n|-damage|p1b: Heatran|91\/100|[from] item: Life Orb\n|move|p2a: Heatran|Earth Power|p1a: Ogerpon\n|-damage|p1a: Ogerpon|51\/100\n|\n|upkeep\n|turn|7\n|\n|t:|1700466549\n|move|p1a: Ogerpon|Follow Me|p1a: Ogerpon\n|-singleturn|p1a: Ogerpon|move: Follow Me\n|move|p1b: Heatran|Flash Cannon|p2a: Heatran\n|-damage|p2a: Heatran|66\/100\n|-damage|p1b: Heatran|82\/100|[from] item: Life Orb\n|move|p2a: Heatran|Earth Power|p1a: Ogerpon\n|-damage|p1a: Ogerpon|28\/100\n|-unboost|p1a: Ogerpon|spd|1\n|\n|upkeep\n|turn|8\n|\n|t:|1700466570\n|move|p1a: Ogerpon|Ivy Cudgel|p2a: Heatran|[anim] Ivy Cudgel Water\n|-resisted|p2a: Heatran\n|-damage|p2a: Heatran|34\/100\n|move|p1b: Heatran|Flash Cannon|p2a: Heatran\n|-crit|p2a: Heatran\n|-damage|p2a: Heatran|0 fnt\n|faint|p2a: Heatran\n|-damage|p1b: Heatran|72\/100|[from] item: Life Orb\n|\n|win|17 cats in a coat\n|raw|17 cats in a coat's rating: 1326 &rarr; <strong>1342<\/strong><br \/>(+16 for winning)\n|raw|kris7443's rating: 1253 &rarr; <strong>1233<\/strong><br \/>(-20 for losing)\n|c|\u260617 cats in a coat|gg\n|l|\u2606kris7443\n","uploadtime":1700466594,"views":14,"p1id":"17catsinacoat","p2id":"kris7443","formatid":"gen9vgc2023regulatione","rating":1233,"private":0,"password":""}