{"id":"gen9vgc2023regulatione-1997743518","p1":"dcfghuijmhbg","p2":"W_i_Pohemon","format":"[Gen 9] VGC 2023 Regulation E","log":"|j|\u2606dcfghuijmhbg\n|j|\u2606W_i_Pohemon\n|t:|1700847972\n|gametype|doubles\n|player|p1|dcfghuijmhbg|266|1178\n|player|p2|W_i_Pohemon|fisherman|1274\n|teamsize|p1|6\n|teamsize|p2|6\n|gen|9\n|tier|[Gen 9] VGC 2023 Regulation E\n|rated|\n|rule|Species Clause: Limit one of each Pok\u00e9mon\n|rule|Item Clause: Limit one of each item\n|clearpoke\n|poke|p1|Arcanine, L50, F|\n|poke|p1|Roaring Moon, L50|\n|poke|p1|Iron Hands, L50|\n|poke|p1|Ogerpon, L50, F|\n|poke|p1|Gastrodon-East, L50, M|\n|poke|p1|Sylveon, L50, F|\n|poke|p2|Arcanine-Hisui, L50, F|\n|poke|p2|Basculegion, L50, M|\n|poke|p2|Tornadus, L50, M|\n|poke|p2|Urshifu-*, L50, F|\n|poke|p2|Iron Hands, L50|\n|poke|p2|Thundurus-Therian, L50, M|\n|teampreview|4\n|inactive|Battle timer is ON: inactive players will automatically lose when time's up. (requested by dcfghuijmhbg)\n|\n|t:|1700848034\n|start\n|switch|p1a: Arcanine|Arcanine, L50, F|100\/100\n|switch|p1b: Roaring Moon|Roaring Moon, L50, shiny|100\/100\n|switch|p2a: Tornadus|Tornadus, L50, M|100\/100\n|switch|p2b: Arcanine|Arcanine-Hisui, L50, F|100\/100\n|-ability|p1a: Arcanine|Intimidate|boost\n|-unboost|p2a: Tornadus|atk|1\n|-unboost|p2b: Arcanine|atk|1\n|-ability|p2b: Arcanine|Intimidate|boost\n|-unboost|p1a: Arcanine|atk|1\n|-unboost|p1b: Roaring Moon|atk|1\n|-enditem|p1b: Roaring Moon|Booster Energy\n|-activate|p1b: Roaring Moon|ability: Protosynthesis|[fromitem]\n|-start|p1b: Roaring Moon|protosynthesisspe\n|turn|1\n|inactive|dcfghuijmhbg has 30 seconds left.\n|inactive|dcfghuijmhbg has 20 seconds left.\n|inactive|dcfghuijmhbg has 15 seconds left.\n|inactive|dcfghuijmhbg has 10 seconds left.\n|inactive|dcfghuijmhbg has 5 seconds left.\n|\n|t:|1700848084\n|-terastallize|p2b: Arcanine|Fairy\n|move|p2a: Tornadus|Tailwind|p2a: Tornadus\n|-sidestart|p2: W_i_Pohemon|move: Tailwind\n|move|p1b: Roaring Moon|Breaking Swipe|p2b: Arcanine|[spread] p2a\n|-immune|p2b: Arcanine\n|-damage|p2a: Tornadus|78\/100\n|move|p2b: Arcanine|Tera Blast|p1b: Roaring Moon|[anim] Tera Blast Fairy\n|-supereffective|p1b: Roaring Moon\n|-damage|p1b: Roaring Moon|0 fnt\n|faint|p1b: Roaring Moon\n|-end|p1b: Roaring Moon|Protosynthesis|[silent]\n|move|p1a: Arcanine|Howl|p1a: Arcanine\n|-boost|p1a: Arcanine|atk|1\n|\n|upkeep\n|\n|t:|1700848098\n|switch|p1b: Iron Hands|Iron Hands, L50, shiny|100\/100\n|turn|2\n|\n|t:|1700848113\n|move|p2a: Tornadus|Bleakwind Storm|p1a: Arcanine|[spread] p1a,p1b\n|-damage|p1a: Arcanine|63\/100\n|-damage|p1b: Iron Hands|81\/100\n|-unboost|p1a: Arcanine|spe|1\n|move|p2b: Arcanine|Tera Blast|p1b: Iron Hands|[anim] Tera Blast Fairy\n|-supereffective|p1b: Iron Hands\n|-damage|p1b: Iron Hands|21\/100\n|move|p1a: Arcanine|Will-O-Wisp|p2b: Arcanine\n|-status|p2b: Arcanine|brn\n|move|p1b: Iron Hands|Wild Charge|p2a: Tornadus\n|-supereffective|p2a: Tornadus\n|-damage|p2a: Tornadus|0 fnt\n|faint|p2a: Tornadus\n|-damage|p1b: Iron Hands|9\/100|[from] Recoil\n|\n|-damage|p2b: Arcanine|94\/100 brn|[from] brn\n|upkeep\n|\n|t:|1700848129\n|switch|p2a: Urshifu|Urshifu-Rapid-Strike, L50, F|100\/100\n|turn|3\n|\n|t:|1700848138\n|-end|p1b: Iron Hands|Quark Drive|[silent]\n|switch|p1b: Gastrodon|Gastrodon-East, L50, M|100\/100\n|-terastallize|p1a: Arcanine|Water\n|move|p2a: Urshifu|Surging Strikes|p1b: Gastrodon\n|-activate|p1b: Gastrodon|ability: Storm Drain\n|-ability|p1b: Gastrodon|Storm Drain|boost\n|-boost|p1b: Gastrodon|spa|1\n|move|p2b: Arcanine|Tera Blast|p1b: Gastrodon|[anim] Tera Blast Fairy\n|-crit|p1b: Gastrodon\n|-damage|p1b: Gastrodon|50\/100\n|-enditem|p1b: Gastrodon|Sitrus Berry|[eat]\n|-heal|p1b: Gastrodon|75\/100|[from] item: Sitrus Berry\n|move|p1a: Arcanine|Will-O-Wisp|p2a: Urshifu\n|-status|p2a: Urshifu|brn\n|\n|-damage|p2a: Urshifu|95\/100 brn|[from] brn\n|-damage|p2b: Arcanine|88\/100 brn|[from] brn\n|upkeep\n|turn|4\n|inactive|dcfghuijmhbg has 30 seconds left.\n|inactive|dcfghuijmhbg has 20 seconds left.\n|\n|t:|1700848178\n|switch|p2b: Thundurus|Thundurus-Therian, L50, M|100\/100\n|move|p2a: Urshifu|Close Combat|p1b: Gastrodon\n|-damage|p1b: Gastrodon|43\/100\n|-unboost|p2a: Urshifu|def|1\n|-unboost|p2a: Urshifu|spd|1\n|move|p1a: Arcanine|Flare Blitz|p2b: Thundurus\n|-damage|p2b: Thundurus|26\/100\n|-damage|p1a: Arcanine|41\/100|[from] Recoil\n|move|p1b: Gastrodon|Icy Wind|p2b: Thundurus|[spread] p2a,p2b\n|-resisted|p2a: Urshifu\n|-supereffective|p2b: Thundurus\n|-damage|p2a: Urshifu|79\/100 brn\n|-damage|p2b: Thundurus|0 fnt\n|-unboost|p2a: Urshifu|spe|1\n|faint|p2b: Thundurus\n|\n|-damage|p2a: Urshifu|73\/100 brn|[from] brn\n|-sideend|p2: W_i_Pohemon|move: Tailwind\n|upkeep\n|\n|t:|1700848193\n|switch|p2b: Arcanine|Arcanine-Hisui, L50, F, tera:Fairy|88\/100 brn\n|-ability|p2b: Arcanine|Intimidate|boost\n|-unboost|p1a: Arcanine|atk|1\n|-unboost|p1b: Gastrodon|atk|1\n|turn|5\n|\n|t:|1700848216\n|move|p1b: Gastrodon|Protect|p1b: Gastrodon\n|-singleturn|p1b: Gastrodon|Protect\n|move|p2b: Arcanine|Rock Slide|p1a: Arcanine|[spread] p1a\n|-activate|p1b: Gastrodon|move: Protect\n|-damage|p1a: Arcanine|15\/100\n|move|p2a: Urshifu|Close Combat|p1a: Arcanine\n|-damage|p1a: Arcanine|0 fnt\n|-unboost|p2a: Urshifu|def|1\n|-unboost|p2a: Urshifu|spd|1\n|faint|p1a: Arcanine\n|\n|-damage|p2b: Arcanine|82\/100 brn|[from] brn\n|-damage|p2a: Urshifu|67\/100 brn|[from] brn\n|upkeep\n|\n|t:|1700848228\n|switch|p1a: Iron Hands|Iron Hands, L50, shiny|9\/100\n|turn|6\n|\n|t:|1700848251\n|move|p1a: Iron Hands|Fake Out|p2b: Arcanine\n|-damage|p2b: Arcanine|64\/100 brn\n|cant|p2b: Arcanine|flinch\n|move|p2a: Urshifu|Close Combat|p1a: Iron Hands\n|-damage|p1a: Iron Hands|0 fnt\n|-unboost|p2a: Urshifu|def|1\n|-unboost|p2a: Urshifu|spd|1\n|faint|p1a: Iron Hands\n|-end|p1a: Iron Hands|Quark Drive|[silent]\n|move|p1b: Gastrodon|Earth Power|p2b: Arcanine\n|-damage|p2b: Arcanine|6\/100 brn\n|\n|-damage|p2b: Arcanine|0 fnt|[from] brn\n|faint|p2b: Arcanine\n|-damage|p2a: Urshifu|62\/100 brn|[from] brn\n|upkeep\n|turn|7\n|\n|t:|1700848272\n|move|p2a: Urshifu|Detect|p2a: Urshifu\n|-singleturn|p2a: Urshifu|Protect\n|move|p1b: Gastrodon|Earth Power|p2a: Urshifu\n|-activate|p2a: Urshifu|move: Protect\n|\n|-damage|p2a: Urshifu|56\/100 brn|[from] brn\n|upkeep\n|turn|8\n|\n|t:|1700848280\n|move|p2a: Urshifu|Close Combat|p1b: Gastrodon\n|-damage|p1b: Gastrodon|13\/100\n|-unboost|p2a: Urshifu|def|1\n|-unboost|p2a: Urshifu|spd|1\n|move|p1b: Gastrodon|Earth Power|p2a: Urshifu\n|-damage|p2a: Urshifu|0 fnt\n|faint|p2a: Urshifu\n|\n|win|dcfghuijmhbg\n|raw|dcfghuijmhbg's rating: 1178 &rarr; <strong>1210<\/strong><br \/>(+32 for winning)\n|raw|W_i_Pohemon's rating: 1274 &rarr; <strong>1242<\/strong><br \/>(-32 for losing)\n|l|\u2606W_i_Pohemon\n","uploadtime":1700848296,"views":9,"p1id":"dcfghuijmhbg","p2id":"wipohemon","formatid":"gen9vgc2023regulatione","rating":1210,"private":0,"password":""}