{"id":"gen9vgc2023regulatione-1994239359","p1":"StarkHD","p2":"Agent D01","format":"[Gen 9] VGC 2023 Regulation E","log":"|j|\u2606StarkHD\n|j|\u2606Agent D01\n|t:|1700422308\n|gametype|doubles\n|player|p1|StarkHD|170|1457\n|player|p2|Agent D01|benga|1444\n|teamsize|p1|6\n|teamsize|p2|6\n|gen|9\n|tier|[Gen 9] VGC 2023 Regulation E\n|rated|\n|rule|Species Clause: Limit one of each Pok\u00e9mon\n|rule|Item Clause: Limit one of each item\n|clearpoke\n|poke|p1|Ninetales-Alola, L50, M|\n|poke|p1|Roaring Moon, L50|\n|poke|p1|Gholdengo, L50|\n|poke|p1|Heatran, L50, F|\n|poke|p1|Iron Hands, L50|\n|poke|p1|Ogerpon-Wellspring, L50, F|\n|poke|p2|Chi-Yu, L50|\n|poke|p2|Flutter Mane, L50|\n|poke|p2|Amoonguss, L50, F|\n|poke|p2|Farigiraf, L50, M|\n|poke|p2|Landorus-Therian, L50, M|\n|poke|p2|Iron Hands, L50|\n|teampreview|4\n|inactive|Battle timer is ON: inactive players will automatically lose when time's up. (requested by StarkHD)\n|\n|t:|1700422368\n|start\n|switch|p1a: Roaring Moon|Roaring Moon, L50, shiny|100\/100\n|switch|p1b: Gholdengo|Gholdengo, L50, shiny|100\/100\n|switch|p2a: Chi-Yu|Chi-Yu, L50|100\/100\n|switch|p2b: Iron Hands|Iron Hands, L50|100\/100\n|-ability|p2a: Chi-Yu|Beads of Ruin\n|-enditem|p1a: Roaring Moon|Booster Energy\n|-activate|p1a: Roaring Moon|ability: Protosynthesis|[fromitem]\n|-start|p1a: Roaring Moon|protosynthesisspe\n|turn|1\n|j| Braindeadmeta\n|\n|t:|1700422381\n|switch|p1b: Heatran|Heatran, L50, F|100\/100\n|move|p1a: Roaring Moon|Protect|p1a: Roaring Moon\n|-singleturn|p1a: Roaring Moon|Protect\n|move|p2b: Iron Hands|Fake Out|p1a: Roaring Moon\n|-activate|p1a: Roaring Moon|move: Protect\n|move|p2a: Chi-Yu|Heat Wave|p1b: Heatran|[spread] \n|-activate|p1a: Roaring Moon|move: Protect\n|-start|p1b: Heatran|ability: Flash Fire\n|\n|upkeep\n|turn|2\n|inactive|StarkHD has 30 seconds left.\n|\n|t:|1700422408\n|switch|p2a: Farigiraf|Farigiraf, L50, M|100\/100\n|-terastallize|p1b: Heatran|Fairy\n|move|p1a: Roaring Moon|Breaking Swipe|p2a: Farigiraf|[spread] p2a,p2b\n|-damage|p2a: Farigiraf|84\/100\n|-damage|p2b: Iron Hands|87\/100\n|-unboost|p2a: Farigiraf|atk|1\n|-unboost|p2b: Iron Hands|atk|1\n|move|p1b: Heatran|Heat Wave|p2a: Farigiraf|[spread] p2a,p2b\n|-damage|p2a: Farigiraf|25\/100\n|-damage|p2b: Iron Hands|60\/100\n|-enditem|p2a: Farigiraf|Sitrus Berry|[eat]\n|-heal|p2a: Farigiraf|49\/100|[from] item: Sitrus Berry\n|move|p2b: Iron Hands|Drain Punch|p1a: Roaring Moon\n|-supereffective|p1a: Roaring Moon\n|-damage|p1a: Roaring Moon|50\/100\n|-heal|p2b: Iron Hands|79\/100|[from] drain|[of] p1a: Roaring Moon\n|\n|upkeep\n|turn|3\n|\n|t:|1700422429\n|move|p1a: Roaring Moon|Knock Off|p2b: Iron Hands\n|-resisted|p2b: Iron Hands\n|-damage|p2b: Iron Hands|65\/100\n|-enditem|p2b: Iron Hands|Assault Vest|[from] move: Knock Off|[of] p1a: Roaring Moon\n|move|p1b: Heatran|Heat Wave|p2b: Iron Hands|[spread] p2a,p2b\n|-damage|p2a: Farigiraf|0 fnt\n|-damage|p2b: Iron Hands|28\/100\n|faint|p2a: Farigiraf\n|move|p2b: Iron Hands|Heavy Slam|p1b: Heatran\n|-supereffective|p1b: Heatran\n|-damage|p1b: Heatran|85\/100\n|\n|-heal|p1b: Heatran|91\/100|[from] item: Leftovers\n|upkeep\n|\n|t:|1700422440\n|switch|p2a: Landorus|Landorus-Therian, L50, M|100\/100\n|-ability|p2a: Landorus|Intimidate|boost\n|-unboost|p1a: Roaring Moon|atk|1\n|-unboost|p1b: Heatran|atk|1\n|turn|4\n|\n|t:|1700422460\n|move|p1a: Roaring Moon|Tailwind|p1a: Roaring Moon\n|-sidestart|p1: StarkHD|move: Tailwind\n|move|p1b: Heatran|Flash Cannon|p2a: Landorus\n|-damage|p2a: Landorus|53\/100\n|move|p2a: Landorus|Stomping Tantrum|p1b: Heatran\n|-damage|p1b: Heatran|51\/100\n|move|p2b: Iron Hands|Drain Punch|p1a: Roaring Moon\n|-supereffective|p1a: Roaring Moon\n|-damage|p1a: Roaring Moon|0 fnt\n|-heal|p2b: Iron Hands|47\/100|[from] drain|[of] p1a: Roaring Moon\n|faint|p1a: Roaring Moon\n|-end|p1a: Roaring Moon|Protosynthesis|[silent]\n|\n|-heal|p1b: Heatran|57\/100|[from] item: Leftovers\n|upkeep\n|\n|t:|1700422469\n|switch|p1a: Gholdengo|Gholdengo, L50, shiny|100\/100\n|turn|5\n|\n|t:|1700422483\n|-end|p2b: Iron Hands|Quark Drive|[silent]\n|switch|p2b: Chi-Yu|Chi-Yu, L50|100\/100\n|-ability|p2b: Chi-Yu|Beads of Ruin\n|move|p1a: Gholdengo|Make It Rain|p2a: Landorus|[spread] p2a,p2b\n|-resisted|p2b: Chi-Yu\n|-damage|p2a: Landorus|0 fnt\n|-damage|p2b: Chi-Yu|56\/100\n|-unboost|p1a: Gholdengo|spa|1\n|faint|p2a: Landorus\n|move|p1b: Heatran|Earth Power|p2b: Chi-Yu\n|-supereffective|p2b: Chi-Yu\n|-damage|p2b: Chi-Yu|0 fnt\n|faint|p2b: Chi-Yu\n|\n|-heal|p1b: Heatran|63\/100|[from] item: Leftovers\n|upkeep\n|-message|Agent D01 forfeited.\n|\n|win|StarkHD\n|raw|StarkHD's rating: 1457 &rarr; <strong>1476<\/strong><br \/>(+19 for winning)\n|raw|Agent D01's rating: 1444 &rarr; <strong>1425<\/strong><br \/>(-19 for losing)\n|l|\u2606Agent D01\n","uploadtime":1700422506,"views":8,"p1id":"starkhd","p2id":"agentd01","formatid":"gen9vgc2023regulatione","rating":1425,"private":0,"password":""}