{"id":"gen9vgc2023regulatione-1996008854","p1":"Cap4816","p2":"sol0fogo","format":"[Gen 9] VGC 2023 Regulation E","log":"|j|\u2606Cap4816\n|j|\u2606sol0fogo\n|t:|1700628708\n|gametype|doubles\n|player|p1|Cap4816|pokekid|1185\n|player|p2|sol0fogo|169|1245\n|teamsize|p1|6\n|teamsize|p2|6\n|gen|9\n|tier|[Gen 9] VGC 2023 Regulation E\n|rated|\n|rule|Species Clause: Limit one of each Pok\u00e9mon\n|rule|Item Clause: Limit one of each item\n|clearpoke\n|poke|p1|Flareon, L50, M|\n|poke|p1|Skeledirge, L50, M|\n|poke|p1|Roaring Moon, L50|\n|poke|p1|Scream Tail, L50|\n|poke|p1|Torkoal, L50, M|\n|poke|p1|Sinistcha-Masterpiece, L50|\n|poke|p2|Chi-Yu, L50|\n|poke|p2|Ogerpon-Wellspring, L50, F|\n|poke|p2|Tornadus, L50, M|\n|poke|p2|Indeedee-F, L50, F|\n|poke|p2|Ursaluna-Bloodmoon, L50, M|\n|poke|p2|Sinistcha, L50|\n|teampreview|4\n|inactive|Battle timer is ON: inactive players will automatically lose when time's up. (requested by sol0fogo)\n|inactive|Cap4816 has 60 seconds left.\n|\n|t:|1700628741\n|start\n|switch|p1a: Roaring Moon|Roaring Moon, L50|100\/100\n|switch|p1b: Scream Tail|Scream Tail, L50|100\/100\n|switch|p2a: Indeedee|Indeedee-F, L50, F|100\/100\n|switch|p2b: Ursaluna|Ursaluna-Bloodmoon, L50, M|100\/100\n|-fieldstart|move: Psychic Terrain|[from] ability: Psychic Surge|[of] p2a: Indeedee\n|-enditem|p2a: Indeedee|Psychic Seed\n|-boost|p2a: Indeedee|spd|1|[from] item: Psychic Seed\n|-enditem|p1a: Roaring Moon|Booster Energy\n|-activate|p1a: Roaring Moon|ability: Protosynthesis|[fromitem]\n|-start|p1a: Roaring Moon|protosynthesisspe\n|turn|1\n|inactive|Cap4816 has 30 seconds left.\n|\n|t:|1700628771\n|move|p1a: Roaring Moon|Protect|p1a: Roaring Moon\n|-singleturn|p1a: Roaring Moon|Protect\n|move|p2a: Indeedee|Follow Me|p2a: Indeedee\n|-singleturn|p2a: Indeedee|move: Follow Me\n|move|p1b: Scream Tail|Thunder Wave|p2a: Indeedee\n|-status|p2a: Indeedee|par\n|move|p2b: Ursaluna|Hyper Voice|p1b: Scream Tail|[spread] p1b\n|-activate|p1a: Roaring Moon|move: Protect\n|-damage|p1b: Scream Tail|75\/100\n|-enditem|p2b: Ursaluna|Throat Spray\n|-boost|p2b: Ursaluna|spa|1|[from] item: Throat Spray\n|\n|-heal|p1b: Scream Tail|81\/100|[from] item: Leftovers\n|upkeep\n|turn|2\n|inactive|Cap4816 has 30 seconds left.\n|\n|t:|1700628801\n|cant|p2a: Indeedee|par\n|move|p2b: Ursaluna|Vacuum Wave|p1a: Roaring Moon\n|-activate|p1a: Roaring Moon|move: Psychic Terrain\n|move|p1a: Roaring Moon|Knock Off|p2b: Ursaluna\n|-damage|p2b: Ursaluna|75\/100\n|move|p1b: Scream Tail|Encore|p2a: Indeedee\n|-start|p2a: Indeedee|Encore\n|\n|-heal|p1b: Scream Tail|87\/100|[from] item: Leftovers\n|upkeep\n|turn|3\n|\n|t:|1700628819\n|-end|p1b: Scream Tail|Protosynthesis|[silent]\n|switch|p1b: Flareon|Flareon, L50, M|100\/100\n|move|p2a: Indeedee|Follow Me|p2a: Indeedee\n|-singleturn|p2a: Indeedee|move: Follow Me\n|move|p1a: Roaring Moon|Knock Off|p2a: Indeedee\n|-supereffective|p2a: Indeedee\n|-damage|p2a: Indeedee|32\/100 par\n|move|p2b: Ursaluna|Blood Moon|p1a: Roaring Moon\n|-damage|p1a: Roaring Moon|0 fnt\n|faint|p1a: Roaring Moon\n|-end|p1a: Roaring Moon|Protosynthesis|[silent]\n|\n|upkeep\n|inactive|Cap4816 has 30 seconds left.\n|\n|t:|1700628845\n|switch|p1a: Sinistcha|Sinistcha-Masterpiece, L50, shiny|100\/100\n|turn|4\n|\n|t:|1700628864\n|-terastallize|p2b: Ursaluna|Normal\n|move|p2a: Indeedee|Follow Me|p2a: Indeedee\n|-singleturn|p2a: Indeedee|move: Follow Me\n|move|p1b: Flareon|Flare Blitz|p2a: Indeedee\n|-damage|p2a: Indeedee|0 fnt\n|faint|p2a: Indeedee\n|-damage|p1b: Flareon|90\/100|[from] Recoil\n|-damage|p1b: Flareon|80\/100|[from] item: Life Orb\n|move|p1a: Sinistcha|Matcha Gotcha|p2b: Ursaluna\n|-damage|p2b: Ursaluna|35\/100\n|move|p2b: Ursaluna|Hyper Voice|p1b: Flareon|[spread] p1a,p1b\n|-damage|p1a: Sinistcha|23\/100\n|-damage|p1b: Flareon|6\/100\n|-enditem|p1a: Sinistcha|Mago Berry|[eat]\n|-heal|p1a: Sinistcha|56\/100|[from] item: Mago Berry\n|\n|upkeep\n|\n|t:|1700628881\n|switch|p2a: Chi-Yu|Chi-Yu, L50|100\/100\n|-ability|p2a: Chi-Yu|Beads of Ruin\n|turn|5\n|inactive|Cap4816 has 30 seconds left.\n|\n|t:|1700628908\n|-terastallize|p1a: Sinistcha|Dragon\n|move|p1b: Flareon|Detect|p1b: Flareon\n|-singleturn|p1b: Flareon|Protect\n|move|p2a: Chi-Yu|Heat Wave|p1b: Flareon|[spread] p1a\n|-activate|p1b: Flareon|move: Protect\n|-resisted|p1a: Sinistcha\n|-damage|p1a: Sinistcha|19\/100\n|-status|p1a: Sinistcha|brn\n|move|p1a: Sinistcha|Matcha Gotcha|p2b: Ursaluna|[spread] p2a,p2b\n|-resisted|p2a: Chi-Yu\n|-damage|p2a: Chi-Yu|87\/100\n|-heal|p1a: Sinistcha|25\/100 brn|[from] drain|[of] p2a: Chi-Yu\n|-damage|p2b: Ursaluna|0 fnt\n|-heal|p1a: Sinistcha|47\/100 brn|[from] drain|[of] p2b: Ursaluna\n|faint|p2b: Ursaluna\n|\n|-damage|p1a: Sinistcha|41\/100 brn|[from] brn\n|-fieldend|move: Psychic Terrain\n|upkeep\n|\n|t:|1700628918\n|switch|p2b: Ogerpon|Ogerpon-Wellspring, L50, F|100\/100\n|turn|6\n|\n|t:|1700628935\n|switch|p1b: Scream Tail|Scream Tail, L50|87\/100\n|move|p2a: Chi-Yu|Heat Wave|p1a: Sinistcha|[spread] p1b\n|-miss|p2a: Chi-Yu|p1a: Sinistcha\n|-damage|p1b: Scream Tail|42\/100\n|move|p2b: Ogerpon|Swords Dance|p2b: Ogerpon\n|-boost|p2b: Ogerpon|atk|2\n|move|p1a: Sinistcha|Trick Room|p1a: Sinistcha\n|-fieldstart|move: Trick Room|[of] p1a: Sinistcha\n|\n|-heal|p1b: Scream Tail|49\/100|[from] item: Leftovers\n|-damage|p1a: Sinistcha|35\/100 brn|[from] brn\n|upkeep\n|turn|7\n|inactive|Cap4816 has 30 seconds left.\n|inactive|sol0fogo has 30 seconds left.\n|\n|t:|1700628964\n|move|p1a: Sinistcha|Strength Sap|p2b: Ogerpon\n|-unboost|p2b: Ogerpon|atk|1\n|-heal|p1a: Sinistcha|100\/100 brn\n|move|p1b: Scream Tail|Encore|p2b: Ogerpon\n|-start|p2b: Ogerpon|Encore\n|move|p2b: Ogerpon|Swords Dance|p2b: Ogerpon\n|-boost|p2b: Ogerpon|atk|2\n|move|p2a: Chi-Yu|Heat Wave|p1b: Scream Tail|[spread] p1b\n|-miss|p2a: Chi-Yu|p1a: Sinistcha\n|-damage|p1b: Scream Tail|5\/100\n|\n|-heal|p1b: Scream Tail|11\/100|[from] item: Leftovers\n|-damage|p1a: Sinistcha|95\/100 brn|[from] brn\n|upkeep\n|turn|8\n|\n|t:|1700628981\n|-end|p1b: Scream Tail|Protosynthesis|[silent]\n|switch|p1b: Flareon|Flareon, L50, M|6\/100\n|move|p1a: Sinistcha|Matcha Gotcha|p2a: Chi-Yu|[spread] p2b\n|-miss|p1a: Sinistcha|p2a: Chi-Yu\n|-damage|p2b: Ogerpon|70\/100\n|-heal|p1a: Sinistcha|100\/100 brn|[from] drain|[of] p2b: Ogerpon\n|-status|p2b: Ogerpon|brn\n|move|p2b: Ogerpon|Swords Dance|p2b: Ogerpon\n|-boost|p2b: Ogerpon|atk|2\n|move|p2a: Chi-Yu|Heat Wave|p1a: Sinistcha|[spread] p1a\n|-start|p1b: Flareon|ability: Flash Fire\n|-resisted|p1a: Sinistcha\n|-damage|p1a: Sinistcha|64\/100 brn\n|\n|-damage|p1a: Sinistcha|59\/100 brn|[from] brn\n|-damage|p2b: Ogerpon|64\/100 brn|[from] brn\n|upkeep\n|turn|9\n|\n|t:|1700629005\n|move|p1a: Sinistcha|Matcha Gotcha|p2a: Chi-Yu|[spread] p2a,p2b\n|-resisted|p2a: Chi-Yu\n|-damage|p2a: Chi-Yu|73\/100\n|-heal|p1a: Sinistcha|64\/100 brn|[from] drain|[of] p2a: Chi-Yu\n|-damage|p2b: Ogerpon|28\/100 brn\n|-heal|p1a: Sinistcha|83\/100 brn|[from] drain|[of] p2b: Ogerpon\n|move|p1b: Flareon|Flare Blitz|p2a: Chi-Yu\n|-resisted|p2a: Chi-Yu\n|-damage|p2a: Chi-Yu|0 fnt\n|faint|p2a: Chi-Yu\n|-damage|p1b: Flareon|0 fnt|[from] Recoil\n|faint|p1b: Flareon\n|move|p2b: Ogerpon|Swords Dance|p2b: Ogerpon\n|-boost|p2b: Ogerpon|atk|1\n|\n|-damage|p1a: Sinistcha|77\/100 brn|[from] brn\n|-damage|p2b: Ogerpon|22\/100 brn|[from] brn\n|-end|p2b: Ogerpon|Encore\n|upkeep\n|\n|t:|1700629021\n|switch|p1b: Scream Tail|Scream Tail, L50|11\/100\n|turn|10\n|\n|t:|1700629026\n|move|p1a: Sinistcha|Matcha Gotcha|p2b: Ogerpon\n|-damage|p2b: Ogerpon|0 fnt\n|-heal|p1a: Sinistcha|88\/100 brn|[from] drain|[of] p2b: Ogerpon\n|faint|p2b: Ogerpon\n|\n|win|Cap4816\n|raw|Cap4816's rating: 1185 &rarr; <strong>1214<\/strong><br \/>(+29 for winning)\n|raw|sol0fogo's rating: 1245 &rarr; <strong>1216<\/strong><br \/>(-29 for losing)\n|l|\u2606sol0fogo\n","uploadtime":1700629035,"views":7,"p1id":"cap4816","p2id":"sol0fogo","formatid":"gen9vgc2023regulatione","rating":1214,"private":0,"password":""}