{"id":"gen9vgc2023regulatione-1997888372","p1":"SicGatto","p2":"PiaxVGC","format":"[Gen 9] VGC 2023 Regulation E","log":"|j|\u2606SicGatto\n|j|\u2606PiaxVGC\n|n|\u2606SicGatto|sicgatto\n|n|\u2606PiaxVGC|piaxvgc\n|html|View the match progress at <a href=\"\/game-bestof3-gen9vgc2023regulatione-1997884014\">game-bestof3-gen9vgc2023regulatione-1997884014<\/a>\n|t:|1700863949\n|gametype|doubles\n|player|p1|SicGatto|1|\n|player|p2|PiaxVGC|dawn|\n|teamsize|p1|6\n|teamsize|p2|6\n|gen|9\n|tier|[Gen 9] VGC 2023 Regulation E\n|rule|Species Clause: Limit one of each Pok\u00e9mon\n|rule|Item Clause: Limit one of each item\n|clearpoke\n|poke|p1|Urshifu-*, L50, F|\n|poke|p1|Flutter Mane, L50|\n|poke|p1|Brambleghast, L50, F|\n|poke|p1|Chi-Yu, L50|\n|poke|p1|Tornadus, L50, M|\n|poke|p1|Gholdengo, L50|\n|poke|p2|Landorus-Therian, L50, M|\n|poke|p2|Roaring Moon, L50|\n|poke|p2|Iron Hands, L50|\n|poke|p2|Amoonguss, L50, M|\n|poke|p2|Heatran, L50, M|\n|poke|p2|Flutter Mane, L50|\n|teampreview|4\nSicGatto has agreed to open team sheets.\n|j| Dracozoltommemerd\n|j| KyuremBiancoEtero\nPiaxVGC has agreed to open team sheets.\n|showteam|p1|Urshifu-Rapid-Strike||MysticWater|UnseenFist|SurgingStrikes,CloseCombat,AquaJet,Detect|||F|||50|,,,,,Water]Flutter Mane||BoosterEnergy|Protosynthesis|Moonblast,ShadowBall,DazzlingGleam,Protect||||||50|,,,,,Fairy]Brambleghast||FocusSash|WindRider|PowerWhip,Poltergeist,ShadowSneak,StrengthSap|||F|||50|,,,,,Ghost]Chi-Yu||LifeOrb|BeadsofRuin|DarkPulse,HeatWave,Overheat,Protect||||||50|,,,,,Ghost]Tornadus||CovertCloak|Prankster|BleakwindStorm,SunnyDay,Tailwind,Taunt|||M|||50|,,,,,Steel]Gholdengo||ChoiceSpecs|GoodasGold|MakeItRain,ShadowBall,Thunderbolt,SteelBeam||||||50|,,,,,Steel\n|showteam|p2|Landorus-Therian||ChoiceScarf|Intimidate|StompingTantrum,TeraBlast,RockSlide,Uturn|||M|||50|,,,,,Flying]Roaring Moon||BoosterEnergy|Protosynthesis|KnockOff,Acrobatics,DragonDance,Protect||||||50|,,,,,Flying]Iron Hands||AssaultVest|QuarkDrive|DrainPunch,WildCharge,VoltSwitch,FakeOut||||||50|,,,,,Water]Amoonguss||RockyHelmet|Regenerator|PollenPuff,Spore,RagePowder,Protect|||M|||50|,,,,,Water]Heatran||LifeOrb|FlashFire|HeatWave,EarthPower,FlashCannon,Protect|||M|||50|,,,,,Fairy]Flutter Mane||ChoiceSpecs|Protosynthesis|Moonblast,ShadowBall,DazzlingGleam,PerishSong||||||50|,,,,,Fairy\n|j| Dan_DES\n|j| Dice Player\n|j| Ryugami0\n|l| Dice Player\n|j| Spindina\n|\n|t:|1700864016\n|start\n|switch|p1a: Flutter Mane|Flutter Mane, L50|100\/100\n|switch|p1b: Bramble vest|Brambleghast, L50, F|100\/100\n|switch|p2a: Iron Hands|Iron Hands, L50|100\/100\n|switch|p2b: Heatran|Heatran, L50, M|100\/100\n|-enditem|p1a: Flutter Mane|Booster Energy\n|-activate|p1a: Flutter Mane|ability: Protosynthesis|[fromitem]\n|-start|p1a: Flutter Mane|protosynthesisspe\n|turn|1\n|j| MobiusVGC\n|\n|t:|1700864072\n|-end|p2a: Iron Hands|Quark Drive|[silent]\n|switch|p2a: Landorus|Landorus-Therian, L50, M|100\/100\n|-ability|p2a: Landorus|Intimidate|boost\n|-unboost|p1a: Flutter Mane|atk|1\n|-unboost|p1b: Bramble vest|atk|1\n|move|p1a: Flutter Mane|Protect|p1a: Flutter Mane\n|-singleturn|p1a: Flutter Mane|Protect\n|move|p1b: Bramble vest|Poltergeist|p2b: Heatran\n|-activate|p2b: Heatran|move: Poltergeist|Life Orb\n|-damage|p2b: Heatran|70\/100\n|move|p2b: Heatran|Flash Cannon|p1a: Flutter Mane\n|-activate|p1a: Flutter Mane|move: Protect\n|\n|upkeep\n|turn|2\n|j| Dice Player\n|\n|t:|1700864130\n|-end|p1a: Flutter Mane|Protosynthesis|[silent]\n|switch|p1a: Tornadus|Tornadus, L50, M|100\/100\n|move|p2b: Heatran|Protect|p2b: Heatran\n|-singleturn|p2b: Heatran|Protect\n|move|p2a: Landorus|U-turn|p1b: Bramble vest\n|-damage|p1b: Bramble vest|53\/100\n|j| gluon drive\n|\n|t:|1700864138\n|switch|p2a: Iron Hands|Iron Hands, L50|100\/100|[from] U-turn\n|move|p1b: Bramble vest|Strength Sap|p2a: Iron Hands\n|-unboost|p2a: Iron Hands|atk|1\n|-heal|p1b: Bramble vest|100\/100\n|\n|upkeep\n|turn|3\n|\n|t:|1700864177\n|move|p1a: Tornadus|Tailwind|p1a: Tornadus\n|-sidestart|p1: SicGatto|move: Tailwind\n|-ability|p1b: Bramble vest|Wind Rider|boost\n|-boost|p1b: Bramble vest|atk|1\n|move|p1b: Bramble vest|Poltergeist|p2b: Heatran\n|-activate|p2b: Heatran|move: Poltergeist|Life Orb\n|-damage|p2b: Heatran|19\/100\n|move|p2b: Heatran|Flash Cannon|p1a: Tornadus\n|-damage|p1a: Tornadus|32\/100\n|-damage|p2b: Heatran|9\/100|[from] item: Life Orb\n|move|p2a: Iron Hands|Volt Switch|p1a: Tornadus\n|-supereffective|p1a: Tornadus\n|-damage|p1a: Tornadus|0 fnt\n|faint|p1a: Tornadus\n|\n|t:|1700864191\n|-end|p2a: Iron Hands|Quark Drive|[silent]\n|switch|p2a: Landorus|Landorus-Therian, L50, M|100\/100|[from] Volt Switch\n|-ability|p2a: Landorus|Intimidate|boost\n|-unboost|p1b: Bramble vest|atk|1\n|\n|upkeep\n|\n|t:|1700864196\n|switch|p1a: Urshifu|Urshifu-Rapid-Strike, L50, F|100\/100\n|turn|4\n|l| Dice Player\n|\n|t:|1700864229\n|switch|p2a: Amoonguss|Amoonguss, L50, M|100\/100\n|-terastallize|p1a: Urshifu|Water\n|move|p1b: Bramble vest|Shadow Sneak|p2b: Heatran\n|-damage|p2b: Heatran|0 fnt\n|faint|p2b: Heatran\n|move|p1a: Urshifu|Surging Strikes|p2a: Amoonguss\n|-resisted|p2a: Amoonguss\n|-crit|p2a: Amoonguss\n|-damage|p2a: Amoonguss|88\/100\n|-damage|p1a: Urshifu|84\/100|[from] item: Rocky Helmet|[of] p2a: Amoonguss\n|-resisted|p2a: Amoonguss\n|-crit|p2a: Amoonguss\n|-damage|p2a: Amoonguss|74\/100\n|-damage|p1a: Urshifu|67\/100|[from] item: Rocky Helmet|[of] p2a: Amoonguss\n|-resisted|p2a: Amoonguss\n|-crit|p2a: Amoonguss\n|-damage|p2a: Amoonguss|60\/100\n|-damage|p1a: Urshifu|50\/100|[from] item: Rocky Helmet|[of] p2a: Amoonguss\n|-hitcount|p2a: Amoonguss|3\n|\n|upkeep\n|j| Dice Player\n|\n|t:|1700864258\n|switch|p2b: Iron Hands|Iron Hands, L50|100\/100\n|turn|5\n|\n|t:|1700864318\n|move|p2b: Iron Hands|Fake Out|p1a: Urshifu\n|-damage|p1a: Urshifu|35\/100\n|move|p1b: Bramble vest|Strength Sap|p2b: Iron Hands\n|-unboost|p2b: Iron Hands|atk|1\n|cant|p1a: Urshifu|flinch\n|move|p2a: Amoonguss|Spore|p1a: Urshifu\n|-status|p1a: Urshifu|slp|[from] move: Spore\n|\n|upkeep\n|turn|6\n|\n|t:|1700864356\n|cant|p1a: Urshifu|slp\n|move|p1b: Bramble vest|Power Whip|p2b: Iron Hands|[miss]\n|-miss|p1b: Bramble vest|p2b: Iron Hands\n|move|p2b: Iron Hands|Volt Switch|p1a: Urshifu\n|-supereffective|p1a: Urshifu\n|-damage|p1a: Urshifu|3\/100 slp\n|\n|t:|1700864363\n|-end|p2b: Iron Hands|Quark Drive|[silent]\n|switch|p2b: Landorus|Landorus-Therian, L50, M|100\/100|[from] Volt Switch\n|-ability|p2b: Landorus|Intimidate|boost\n|-unboost|p1a: Urshifu|atk|1\n|-unboost|p1b: Bramble vest|atk|1\n|move|p2a: Amoonguss|Spore|p1a: Urshifu\n|-fail|p1a: Urshifu|slp\n|\n|-sideend|p1: SicGatto|move: Tailwind\n|upkeep\n|turn|7\n|\n|t:|1700864380\n|move|p2b: Landorus|U-turn|p1a: Urshifu\n|-damage|p1a: Urshifu|0 fnt\n|faint|p1a: Urshifu\n|\n|t:|1700864383\n|switch|p2b: Iron Hands|Iron Hands, L50|100\/100|[from] U-turn\n|move|p1b: Bramble vest|Poltergeist|p2a: Amoonguss\n|-activate|p2a: Amoonguss|move: Poltergeist|Rocky Helmet\n|-damage|p2a: Amoonguss|37\/100\n|move|p2a: Amoonguss|Pollen Puff|p2b: Iron Hands\n|-immune|p2b: Iron Hands\n|\n|upkeep\n|\n|t:|1700864391\n|switch|p1a: Flutter Mane|Flutter Mane, L50|100\/100\n|turn|8\n|\n|t:|1700864413\n|move|p2a: Amoonguss|Rage Powder|p2a: Amoonguss\n|-singleturn|p2a: Amoonguss|move: Rage Powder\n|move|p1a: Flutter Mane|Moonblast|p2a: Amoonguss\n|-resisted|p2a: Amoonguss\n|-damage|p2a: Amoonguss|19\/100\n|move|p1b: Bramble vest|Strength Sap|p2b: Iron Hands\n|-unboost|p2b: Iron Hands|atk|1\n|move|p2b: Iron Hands|Wild Charge|p1a: Flutter Mane\n|-damage|p1a: Flutter Mane|48\/100\n|-damage|p2b: Iron Hands|92\/100|[from] Recoil\n|\n|upkeep\n|turn|9\n|\n|t:|1700864430\n|move|p2a: Amoonguss|Rage Powder|p2a: Amoonguss\n|-singleturn|p2a: Amoonguss|move: Rage Powder\n|move|p1a: Flutter Mane|Moonblast|p2a: Amoonguss\n|-resisted|p2a: Amoonguss\n|-damage|p2a: Amoonguss|0 fnt\n|faint|p2a: Amoonguss\n|move|p1b: Bramble vest|Strength Sap|p2b: Iron Hands\n|-unboost|p2b: Iron Hands|atk|1\n|move|p2b: Iron Hands|Wild Charge|p1a: Flutter Mane\n|-damage|p1a: Flutter Mane|8\/100\n|-damage|p2b: Iron Hands|85\/100|[from] Recoil\n|\n|upkeep\n|\n|t:|1700864436\n|switch|p2a: Landorus|Landorus-Therian, L50, M|100\/100\n|-ability|p2a: Landorus|Intimidate|boost\n|-unboost|p1a: Flutter Mane|atk|1\n|-unboost|p1b: Bramble vest|atk|1\n|turn|10\n|\n|t:|1700864454\n|-terastallize|p2a: Landorus|Flying\n|move|p1a: Flutter Mane|Protect|p1a: Flutter Mane\n|-singleturn|p1a: Flutter Mane|Protect\n|move|p2a: Landorus|Tera Blast|p1a: Flutter Mane|[anim] Tera Blast Flying\n|-activate|p1a: Flutter Mane|move: Protect\n|move|p1b: Bramble vest|Power Whip|p2a: Landorus\n|-resisted|p2a: Landorus\n|-damage|p2a: Landorus|87\/100\n|move|p2b: Iron Hands|Volt Switch|p1b: Bramble vest\n|-resisted|p1b: Bramble vest\n|-damage|p1b: Bramble vest|87\/100\n|\n|upkeep\n|turn|11\n|\n|t:|1700864481\n|move|p1b: Bramble vest|Shadow Sneak|p2a: Landorus\n|-damage|p2a: Landorus|79\/100\n|move|p2a: Landorus|Tera Blast|p1b: Bramble vest|[anim] Tera Blast Flying\n|-supereffective|p1b: Bramble vest\n|-damage|p1b: Bramble vest|0 fnt\n|faint|p1b: Bramble vest\n|move|p1a: Flutter Mane|Moonblast|p2a: Landorus\n|-damage|p2a: Landorus|31\/100\n|move|p2b: Iron Hands|Wild Charge|p1a: Flutter Mane\n|-damage|p1a: Flutter Mane|0 fnt\n|faint|p1a: Flutter Mane\n|-end|p1a: Flutter Mane|Protosynthesis|[silent]\n|-damage|p2b: Iron Hands|84\/100|[from] Recoil\n|\n|win|PiaxVGC\n|c|\u2606SicGatto|gg\n|c|\u2606PiaxVGC|ggs\n|l| Spindina\n|c|\u2606PiaxVGC|wp\n|l| Dice Player\n|l| Ryugami0\n|l|\u2606SicGatto\n|l| Dracozoltommemerd\n|l| MobiusVGC\n|l| Dan_DES\n","uploadtime":1700864496,"views":22,"p1id":"sicgatto","p2id":"piaxvgc","formatid":"gen9vgc2023regulatione","rating":0,"private":0,"password":""}