{"id":"gen9vgc2023regulatione-1992548584","p1":"flopyflopsters","p2":"Tilzy","format":"[Gen 9] VGC 2023 Regulation E","log":"|j|\u2606flopyflopsters\n|j|\u2606Tilzy\n|t:|1700203710\n|gametype|doubles\n|player|p1|flopyflopsters|gentleman-gen4|\n|player|p2|Tilzy|101|\n|teamsize|p1|6\n|teamsize|p2|6\n|gen|9\n|tier|[Gen 9] VGC 2023 Regulation E\n|rated|Tournament battle\n|rule|Species Clause: Limit one of each Pok\u00e9mon\n|rule|Item Clause: Limit one of each item\n|clearpoke\n|poke|p1|Tornadus, L50, M|\n|poke|p1|Urshifu-*, L50, M|\n|poke|p1|Iron Hands, L50|\n|poke|p1|Farigiraf, L50, M|\n|poke|p1|Chien-Pao, L50|\n|poke|p1|Arcanine-Hisui, L50, M|\n|poke|p2|Regidrago, L50|\n|poke|p2|Tornadus, L50, M|\n|poke|p2|Urshifu-*, L50, M|\n|poke|p2|Rillaboom, L50, F|\n|poke|p2|Gholdengo, L50|\n|poke|p2|Ogerpon-Hearthflame, L50, F|\n|teampreview|4\n|showteam|p1|Tornadus||RockyHelmet|Prankster|BleakwindStorm,Tailwind,RainDance,Taunt|||M|||50|,,,,,Steel]Urshifu-Rapid-Strike||MysticWater|UnseenFist|SurgingStrikes,CloseCombat,AquaJet,Detect|||M|||50|,,,,,Water]Iron Hands||AssaultVest|QuarkDrive|WildCharge,DrainPunch,HeavySlam,FakeOut||||||50|,,,,,Water]Farigiraf||SitrusBerry|ArmorTail|Psychic,HyperVoice,Imprison,TrickRoom|||M|||50|,,,,,Fairy]Chien-Pao||FocusSash|SwordofRuin|IceSpinner,SuckerPunch,SacredSword,Protect||||||50|,,,,,Poison]Arcanine-Hisui||Leftovers|Intimidate|ExtremeSpeed,TeraBlast,WillOWisp,FlareBlitz|||M|||50|,,,,,Grass\n|showteam|p2|Regidrago||DragonFang|DragonsMaw|DragonEnergy,DragonPulse,EarthPower,Protect||||||50|,,,,,Steel]Tornadus||FocusSash|Prankster|IcyWind,Protect,BleakwindStorm,Tailwind|||M|||50|,,,,,Ghost]Urshifu-Rapid-Strike||ChoiceScarf|UnseenFist|SurgingStrikes,CloseCombat,AquaJet,RockSlide|||M|||50|,,,,,Water]Rillaboom||AssaultVest|GrassySurge|GrassyGlide,HighHorsepower,WoodHammer,FakeOut|||F|||50|,,,,,Fire]Gholdengo||ChoiceSpecs|GoodasGold|MakeItRain,ShadowBall,Thunderbolt,PowerGem||||||50|,,,,,Steel]Ogerpon-Hearthflame||HearthflameMask|MoldBreaker|IvyCudgel,GrassyGlide,FollowMe,SpikyShield|||F|||50|,,,,,Fire\n|inactive|Battle timer is ON: inactive players will automatically lose when time's up. (requested by flopyflopsters)\n|j|%Radio Free C-Side\n|j| FatalEspresso\n|c|\u2606flopyflopsters|glhf\n|c|\u2606Tilzy|glhf\n|inactive|Tilzy has 60 seconds left.\n|\n|t:|1700203751\n|start\n|switch|p1a: Jimmy|Tornadus, L50, M|100\/100\n|switch|p1b: Timmy|Urshifu-Rapid-Strike, L50, M|100\/100\n|switch|p2a: Tornadus|Tornadus, L50, M, shiny|100\/100\n|switch|p2b: Gholdengo|Gholdengo, L50, shiny|100\/100\n|turn|1\n|j| Grewt\n|\n|t:|1700203769\n|move|p1b: Timmy|Detect|p1b: Timmy\n|-singleturn|p1b: Timmy|Protect\n|move|p2a: Tornadus|Tailwind|p2a: Tornadus\n|-sidestart|p2: Tilzy|move: Tailwind\n|move|p1a: Jimmy|Tailwind|p1a: Jimmy\n|-sidestart|p1: flopyflopsters|move: Tailwind\n|move|p2b: Gholdengo|Thunderbolt|p1b: Timmy\n|-activate|p1b: Timmy|move: Protect\n|\n|upkeep\n|turn|2\n|\n|t:|1700203784\n|-terastallize|p1b: Timmy|Water\n|move|p1a: Jimmy|Rain Dance|p1a: Jimmy\n|-weather|RainDance\n|move|p2a: Tornadus|Bleakwind Storm|p1a: Jimmy|[spread] p1a,p1b\n|-damage|p1a: Jimmy|59\/100\n|-damage|p1b: Timmy|47\/100\n|move|p1b: Timmy|Surging Strikes|p2b: Gholdengo\n|-crit|p2b: Gholdengo\n|-damage|p2b: Gholdengo|55\/100\n|-crit|p2b: Gholdengo\n|-damage|p2b: Gholdengo|2\/100\n|-crit|p2b: Gholdengo\n|-damage|p2b: Gholdengo|0 fnt\n|faint|p2b: Gholdengo\n|-hitcount|p2: Gholdengo|3\n|\n|-weather|RainDance|[upkeep]\n|upkeep\n|\n|t:|1700203793\n|switch|p2b: Urshifu|Urshifu-Rapid-Strike, L50, M|100\/100\n|turn|3\n|\n|t:|1700203801\n|move|p2b: Urshifu|Surging Strikes|p1a: Jimmy\n|-crit|p1a: Jimmy\n|-damage|p1a: Jimmy|27\/100\n|-damage|p2b: Urshifu|84\/100|[from] item: Rocky Helmet|[of] p1a: Jimmy\n|-crit|p1a: Jimmy\n|-damage|p1a: Jimmy|0 fnt\n|-damage|p2b: Urshifu|67\/100|[from] item: Rocky Helmet|[of] p1a: Jimmy\n|faint|p1a: Jimmy\n|-hitcount|p1: Jimmy|2\n|move|p2a: Tornadus|Bleakwind Storm|p1b: Timmy\n|-crit|p1b: Timmy\n|-damage|p1b: Timmy|0 fnt\n|faint|p1b: Timmy\n|\n|-weather|RainDance|[upkeep]\n|upkeep\n|\n|t:|1700203814\n|switch|p1b: Johnny|Chien-Pao, L50|100\/100\n|switch|p1a: Billy|Iron Hands, L50|100\/100\n|-ability|p1b: Johnny|Sword of Ruin\n|turn|4\n|\n|t:|1700203831\n|move|p1a: Billy|Fake Out|p2b: Urshifu\n|-damage|p2b: Urshifu|46\/100\n|cant|p2b: Urshifu|flinch\n|move|p1b: Johnny|Ice Spinner|p2a: Tornadus\n|-supereffective|p2a: Tornadus\n|-crit|p2a: Tornadus\n|-enditem|p2a: Tornadus|Focus Sash\n|-damage|p2a: Tornadus|1\/100\n|move|p2a: Tornadus|Icy Wind|p1a: Billy|[spread] p1a,p1b\n|-resisted|p1b: Johnny\n|-damage|p1a: Billy|92\/100\n|-damage|p1b: Johnny|89\/100\n|-unboost|p1a: Billy|spe|1\n|-unboost|p1b: Johnny|spe|1\n|\n|-weather|RainDance|[upkeep]\n|-sideend|p1: flopyflopsters|move: Tailwind\n|-sideend|p2: Tilzy|move: Tailwind\n|upkeep\n|turn|5\n|\n|t:|1700203849\n|move|p2a: Tornadus|Protect|p2a: Tornadus\n|-singleturn|p2a: Tornadus|Protect\n|move|p2b: Urshifu|Surging Strikes|p1b: Johnny\n|-crit|p1b: Johnny\n|-damage|p1b: Johnny|44\/100\n|-crit|p1b: Johnny\n|-damage|p1b: Johnny|0 fnt\n|faint|p1b: Johnny\n|-hitcount|p1: Johnny|2\n|move|p1a: Billy|Wild Charge|p2b: Urshifu\n|-supereffective|p2b: Urshifu\n|-damage|p2b: Urshifu|0 fnt\n|faint|p2b: Urshifu\n|-damage|p1a: Billy|84\/100|[from] Recoil\n|\n|-weather|RainDance|[upkeep]\n|upkeep\n|\n|t:|1700203859\n|switch|p2b: Ogerpon|Ogerpon-Hearthflame, L50, F|100\/100\n|-ability|p2b: Ogerpon|Mold Breaker\n|turn|6\n|\n|t:|1700203868\n|-terastallize|p2b: Ogerpon|Fire\n|detailschange|p2b: Ogerpon|Ogerpon-Hearthflame-Tera, L50, F, tera:Fire\n|-ability|p2b: Ogerpon|Embody Aspect (Hearthflame)|boost\n|-boost|p2b: Ogerpon|atk|1\n|move|p2a: Tornadus|Bleakwind Storm|p1a: Billy\n|-damage|p1a: Billy|55\/100\n|move|p2b: Ogerpon|Grassy Glide|p1a: Billy\n|-damage|p1a: Billy|19\/100\n|move|p1a: Billy|Drain Punch|p2b: Ogerpon\n|-damage|p2b: Ogerpon|58\/100\n|-heal|p1a: Billy|35\/100|[from] drain|[of] p2b: Ogerpon\n|\n|-weather|none\n|upkeep\n|turn|7\n|c|\u2606flopyflopsters|ggwp\n|c|\u2606Tilzy|gg\n|c|\u2606Tilzy|wp\n|\n|t:|1700203882\n|move|p2a: Tornadus|Bleakwind Storm|p1a: Billy\n|-damage|p1a: Billy|9\/100\n|move|p2b: Ogerpon|Ivy Cudgel|p1a: Billy|[anim] Ivy Cudgel Fire\n|-crit|p1a: Billy\n|-damage|p1a: Billy|0 fnt\n|faint|p1a: Billy\n|-end|p1a: Billy|Quark Drive|[silent]\n|\n|win|Tilzy\n|n|\u2606flopyflopsters|flopyflopsters\n|n|\u2606Tilzy|tilzy\n|n| Radio Free C-Side|radiofreecside\n|n| FatalEspresso|fatalespresso\n|n| Grewt|grewt\n","uploadtime":1700203883,"views":9,"p1id":"flopyflopsters","p2id":"tilzy","formatid":"gen9vgc2023regulatione","rating":0,"private":0,"password":""}