{"id":"gen9vgc2023regulatione-1993461623","p1":"DeathReaperTTV","p2":"TartarinhaMaruga","format":"[Gen 9] VGC 2023 Regulation E","log":"|j|\u2606DeathReaperTTV\n|j|\u2606TartarinhaMaruga\n|t:|1700320776\n|gametype|doubles\n|player|p1|DeathReaperTTV|red|1023\n|player|p2|TartarinhaMaruga|265|1034\n|teamsize|p1|6\n|teamsize|p2|6\n|gen|9\n|tier|[Gen 9] VGC 2023 Regulation E\n|rated|\n|rule|Species Clause: Limit one of each Pok\u00e9mon\n|rule|Item Clause: Limit one of each item\n|clearpoke\n|poke|p1|Cresselia, L50, F|\n|poke|p1|Amoonguss, L50, M|\n|poke|p1|Urshifu-*, L50, M|\n|poke|p1|Ceruledge, L50, M|\n|poke|p1|Grimmsnarl, L50, M|\n|poke|p1|Iron Thorns, L50|\n|poke|p2|Tornadus, L50, M|\n|poke|p2|Iron Bundle, L50|\n|poke|p2|Amoonguss, L50, M|\n|poke|p2|Zoroark, L50, M|\n|poke|p2|Dipplin, L50, M|\n|poke|p2|Maushold-Four, L50|\n|teampreview|4\n|inactive|Battle timer is ON: inactive players will automatically lose when time's up. (requested by DeathReaperTTV)\n|inactive|TartarinhaMaruga has 60 seconds left.\n|\n|t:|1700320824\n|start\n|switch|p1a: Ir o N-torn|Iron Thorns, L50, shiny|100\/100\n|switch|p1b: Cresce ela|Cresselia, L50, F, shiny|100\/100\n|switch|p2a: Dipplin|Dipplin, L50, M|100\/100\n|switch|p2b: Maushold|Maushold-Four, L50|100\/100\n|-ability|p2a: Dipplin|Supersweet Syrup\n|-ability|p2a: Dipplin|Supersweet Syrup|boost\n|-unboost|p1a: Ir o N-torn|evasion|1\n|-unboost|p1b: Cresce ela|evasion|1\n|turn|1\n|inactive|DeathReaperTTV has 30 seconds left.\n|\n|t:|1700320853\n|move|p2b: Maushold|Population Bomb|p1b: Cresce ela\n|-damage|p1b: Cresce ela|91\/100\n|-damage|p1b: Cresce ela|82\/100\n|-damage|p1b: Cresce ela|72\/100\n|-damage|p1b: Cresce ela|62\/100\n|-damage|p1b: Cresce ela|52\/100\n|-damage|p1b: Cresce ela|43\/100\n|-damage|p1b: Cresce ela|33\/100\n|-damage|p1b: Cresce ela|24\/100\n|-damage|p1b: Cresce ela|14\/100\n|-damage|p1b: Cresce ela|3\/100\n|-hitcount|p1b: Cresce ela|10\n|move|p1b: Cresce ela|Ice Beam|p2a: Dipplin\n|-supereffective|p2a: Dipplin\n|-crit|p2a: Dipplin\n|-damage|p2a: Dipplin|23\/100\n|move|p1a: Ir o N-torn|Rock Slide|p2a: Dipplin|[spread] p2a,p2b\n|-damage|p2a: Dipplin|3\/100\n|-damage|p2b: Maushold|52\/100\n|cant|p2a: Dipplin|flinch\n|\n|upkeep\n|turn|2\n|inactive|DeathReaperTTV has 30 seconds left.\n|inactive|TartarinhaMaruga has 30 seconds left.\n|inactive|DeathReaperTTV has 20 seconds left.\n|\n|t:|1700320891\n|switch|p1b: Cem luz edge|Ceruledge, L50, M|100\/100\n|move|p2b: Maushold|Population Bomb|p1b: Cem luz edge\n|-immune|p1b: Cem luz edge\n|move|p1a: Ir o N-torn|Rock Slide|p2b: Maushold|[spread] p2a,p2b\n|-damage|p2a: Dipplin|0 fnt\n|-damage|p2b: Maushold|3\/100\n|faint|p2a: Dipplin\n|\n|upkeep\n|\n|t:|1700320899\n|switch|p2a: Amoonguss|Amoonguss, L50, M|100\/100\n|turn|3\n|\n|t:|1700320922\n|move|p1b: Cem luz edge|Ally Switch|p1b: Cem luz edge\n|swap|p1b: Cem luz edge|0|[from] move: Ally Switch\n|move|p2b: Maushold|Population Bomb|p1a: Cem luz edge\n|-immune|p1a: Cem luz edge\n|move|p2a: Amoonguss|Knock Off|p1b: Ir o N-torn\n|-damage|p1b: Ir o N-torn|62\/100\n|-enditem|p1b: Ir o N-torn|Leftovers|[from] move: Knock Off|[of] p2a: Amoonguss\n|cant|p1b: Ir o N-torn|flinch\n|\n|upkeep\n|turn|4\n|\n|t:|1700320942\n|move|p2b: Maushold|Population Bomb|p1b: Ir o N-torn\n|-resisted|p1b: Ir o N-torn\n|-crit|p1b: Ir o N-torn\n|-damage|p1b: Ir o N-torn|56\/100\n|-resisted|p1b: Ir o N-torn\n|-damage|p1b: Ir o N-torn|52\/100\n|-resisted|p1b: Ir o N-torn\n|-damage|p1b: Ir o N-torn|47\/100\n|-resisted|p1b: Ir o N-torn\n|-damage|p1b: Ir o N-torn|43\/100\n|-resisted|p1b: Ir o N-torn\n|-damage|p1b: Ir o N-torn|39\/100\n|-resisted|p1b: Ir o N-torn\n|-damage|p1b: Ir o N-torn|34\/100\n|-resisted|p1b: Ir o N-torn\n|-damage|p1b: Ir o N-torn|30\/100\n|-resisted|p1b: Ir o N-torn\n|-damage|p1b: Ir o N-torn|26\/100\n|-resisted|p1b: Ir o N-torn\n|-damage|p1b: Ir o N-torn|22\/100\n|-resisted|p1b: Ir o N-torn\n|-damage|p1b: Ir o N-torn|17\/100\n|-hitcount|p1b: Ir o N-torn|10\n|move|p2a: Amoonguss|Knock Off|p1b: Ir o N-torn\n|-damage|p1b: Ir o N-torn|0 fnt\n|faint|p1b: Ir o N-torn\n|-end|p1b: Ir o N-torn|Quark Drive|[silent]\n|move|p1a: Cem luz edge|Bitter Blade|p2a: Amoonguss\n|-damage|p2a: Amoonguss|12\/100\n|replace|p2a: Zoroark|Zoroark, L50, M\n|-end|p2a: Zoroark|Illusion\n|\n|upkeep\n|inactive|DeathReaperTTV has 30 seconds left.\n|\n|t:|1700320977\n|switch|p1b: Almondegas|Amoonguss, L50, M, shiny|100\/100\n|turn|5\n|inactive|DeathReaperTTV has 30 seconds left.\n|\n|t:|1700321003\n|move|p1b: Almondegas|Rage Powder|p1b: Almondegas\n|-singleturn|p1b: Almondegas|move: Rage Powder\n|move|p2b: Maushold|Population Bomb|p1b: Almondegas\n|-damage|p1b: Almondegas|88\/100\n|-damage|p2b: Maushold|0 fnt|[from] item: Rocky Helmet|[of] p1b: Almondegas\n|faint|p2b: Maushold\n|-hitcount|p1b: Almondegas|1\n|move|p2a: Zoroark|Copycat|p2a: Zoroark\n|move|p2a: Zoroark|Population Bomb|p1b: Almondegas|[from]move: Copycat\n|-damage|p1b: Almondegas|81\/100\n|-damage|p2a: Zoroark|0 fnt|[from] item: Rocky Helmet|[of] p1b: Almondegas\n|faint|p2a: Zoroark\n|-hitcount|p1b: Almondegas|1\n|move|p1a: Cem luz edge|Close Combat|p2: Zoroark|[notarget]\n|-fail|p1a: Cem luz edge\n|\n|upkeep\n|\n|t:|1700321010\n|switch|p2b: Amoonguss|Amoonguss, L50, M|100\/100\n|turn|6\n|-message|TartarinhaMaruga forfeited.\n|\n|win|DeathReaperTTV\n|raw|DeathReaperTTV's rating: 1023 &rarr; <strong>1061<\/strong><br \/>(+38 for winning)\n|raw|TartarinhaMaruga's rating: 1034 &rarr; <strong>1018<\/strong><br \/>(-16 for losing)\n|l|\u2606TartarinhaMaruga\n","uploadtime":1700321021,"views":10,"p1id":"deathreaperttv","p2id":"tartarinhamaruga","formatid":"gen9vgc2023regulatione","rating":1018,"private":0,"password":""}