{"id":"gen9vgc2023regulatione-1995102883","p1":"SudoDudo","p2":"UrshiTornisntSkill","format":"[Gen 9] VGC 2023 Regulation E","log":"|j|\u2606SudoDudo\n|j|\u2606UrshiTornisntSkill\n|t:|1700522850\n|gametype|doubles\n|player|p1|SudoDudo|101|1144\n|player|p2|UrshiTornisntSkill|caitlin|1171\n|teamsize|p1|6\n|teamsize|p2|6\n|gen|9\n|tier|[Gen 9] VGC 2023 Regulation E\n|rated|\n|rule|Species Clause: Limit one of each Pok\u00e9mon\n|rule|Item Clause: Limit one of each item\n|clearpoke\n|poke|p1|Ting-Lu, L50|\n|poke|p1|Gyarados, L50, M|\n|poke|p1|Amoonguss, L50, M|\n|poke|p1|Chi-Yu, L50|\n|poke|p1|Flutter Mane, L50|\n|poke|p1|Iron Hands, L50|\n|poke|p2|Regieleki, L50|\n|poke|p2|Ninetales, L50, F|\n|poke|p2|Flutter Mane, L50|\n|poke|p2|Chi-Yu, L50|\n|poke|p2|Illumise, L50, F|\n|poke|p2|Meowscarada, L50, F|\n|teampreview|4\n|\n|t:|1700522872\n|start\n|switch|p1a: Ting-Lu|Ting-Lu, L50|100\/100\n|switch|p1b: Iron Hands|Iron Hands, L50|100\/100\n|switch|p2a: Regieleki|Regieleki, L50, shiny|100\/100\n|switch|p2b: Flutter Mane|Flutter Mane, L50, shiny|100\/100\n|-ability|p1a: Ting-Lu|Vessel of Ruin\n|turn|1\n|inactive|Battle timer is ON: inactive players will automatically lose when time's up. (requested by SudoDudo)\n|\n|t:|1700522908\n|-terastallize|p2b: Flutter Mane|Fairy\n|move|p1b: Iron Hands|Fake Out|p2a: Regieleki\n|-damage|p2a: Regieleki|70\/100\n|cant|p2a: Regieleki|flinch\n|move|p2b: Flutter Mane|Dazzling Gleam|p1b: Iron Hands|[spread] p1a,p1b\n|-supereffective|p1a: Ting-Lu\n|-supereffective|p1b: Iron Hands\n|-damage|p1a: Ting-Lu|56\/100\n|-damage|p1b: Iron Hands|52\/100\n|move|p1a: Ting-Lu|Fissure|p2b: Flutter Mane|[miss]\n|-miss|p1a: Ting-Lu|p2b: Flutter Mane\n|\n|-heal|p1a: Ting-Lu|62\/100|[from] item: Leftovers\n|upkeep\n|turn|2\n|\n|t:|1700522927\n|move|p2a: Regieleki|Volt Switch|p1b: Iron Hands\n|-resisted|p1b: Iron Hands\n|-damage|p1b: Iron Hands|39\/100\n|\n|t:|1700522932\n|switch|p2a: Chi-Yu|Chi-Yu, L50|100\/100|[from] Volt Switch\n|-ability|p2a: Chi-Yu|Beads of Ruin\n|move|p2b: Flutter Mane|Dazzling Gleam|p1b: Iron Hands|[spread] p1a,p1b\n|-supereffective|p1a: Ting-Lu\n|-supereffective|p1b: Iron Hands\n|-damage|p1a: Ting-Lu|7\/100\n|-damage|p1b: Iron Hands|0 fnt\n|faint|p1b: Iron Hands\n|-end|p1b: Iron Hands|Quark Drive|[silent]\n|move|p1a: Ting-Lu|Stomping Tantrum|p2a: Chi-Yu\n|-supereffective|p2a: Chi-Yu\n|-damage|p2a: Chi-Yu|0 fnt\n|faint|p2a: Chi-Yu\n|\n|-heal|p1a: Ting-Lu|13\/100|[from] item: Leftovers\n|upkeep\n|\n|t:|1700522953\n|switch|p2a: Regieleki|Regieleki, L50, shiny|70\/100\n|switch|p1b: Amoonguss|Amoonguss, L50, M|100\/100\n|turn|3\n|\n|t:|1700522967\n|switch|p1a: Gyarados|Gyarados, L50, M|100\/100\n|-ability|p1a: Gyarados|Intimidate|boost\n|-unboost|p2a: Regieleki|atk|1\n|-unboost|p2b: Flutter Mane|atk|1\n|move|p2a: Regieleki|Thunderbolt|p1b: Amoonguss\n|-resisted|p1b: Amoonguss\n|-damage|p1b: Amoonguss|72\/100\n|move|p2b: Flutter Mane|Dazzling Gleam|p1b: Amoonguss|[spread] p1a,p1b\n|-resisted|p1b: Amoonguss\n|-damage|p1a: Gyarados|69\/100\n|-damage|p1b: Amoonguss|54\/100\n|move|p1b: Amoonguss|Spore|p2b: Flutter Mane\n|-status|p2b: Flutter Mane|slp|[from] move: Spore\n|\n|-heal|p1b: Amoonguss|60\/100|[from] item: Black Sludge\n|upkeep\n|turn|4\n|\n|t:|1700522987\n|move|p1b: Amoonguss|Rage Powder|p1b: Amoonguss\n|-singleturn|p1b: Amoonguss|move: Rage Powder\n|move|p2a: Regieleki|Thunderbolt|p1b: Amoonguss\n|-resisted|p1b: Amoonguss\n|-damage|p1b: Amoonguss|33\/100\n|cant|p2b: Flutter Mane|slp\n|move|p1a: Gyarados|Waterfall|p2b: Flutter Mane\n|-damage|p2b: Flutter Mane|31\/100 slp\n|\n|-heal|p1b: Amoonguss|39\/100|[from] item: Black Sludge\n|upkeep\n|turn|5\n|\n|t:|1700523002\n|switch|p1a: Ting-Lu|Ting-Lu, L50|13\/100\n|-ability|p1a: Ting-Lu|Vessel of Ruin\n|move|p2a: Regieleki|Thunderbolt|p1b: Amoonguss\n|-resisted|p1b: Amoonguss\n|-damage|p1b: Amoonguss|17\/100\n|cant|p2b: Flutter Mane|slp\n|move|p1b: Amoonguss|Spore|p2a: Regieleki\n|-status|p2a: Regieleki|slp|[from] move: Spore\n|\n|-heal|p1a: Ting-Lu|20\/100|[from] item: Leftovers\n|-heal|p1b: Amoonguss|23\/100|[from] item: Black Sludge\n|upkeep\n|turn|6\n|\n|t:|1700523022\n|switch|p1b: Gyarados|Gyarados, L50, M|69\/100\n|-ability|p1b: Gyarados|Intimidate|boost\n|-unboost|p2a: Regieleki|atk|1\n|-unboost|p2b: Flutter Mane|atk|1\n|cant|p2a: Regieleki|slp\n|cant|p2b: Flutter Mane|slp\n|move|p1a: Ting-Lu|Heavy Slam|p2b: Flutter Mane\n|-supereffective|p2b: Flutter Mane\n|-damage|p2b: Flutter Mane|0 fnt\n|faint|p2b: Flutter Mane\n|-end|p2b: Flutter Mane|Protosynthesis|[silent]\n|\n|-heal|p1a: Ting-Lu|26\/100|[from] item: Leftovers\n|upkeep\n|\n|t:|1700523034\n|switch|p2b: Meowscarada|Meowscarada, L50, F|100\/100\n|turn|7\n|c|\u2606UrshiTornisntSkill|nice spore abuse spam\n|\n|t:|1700523045\n|switch|p1a: Amoonguss|Amoonguss, L50, M|56\/100\n|move|p2b: Meowscarada|Flower Trick|p1a: Amoonguss\n|-start|p2b: Meowscarada|typechange|Grass|[from] ability: Protean\n|-resisted|p1a: Amoonguss\n|-crit|p1a: Amoonguss\n|-damage|p1a: Amoonguss|44\/100\n|cant|p2a: Regieleki|slp\n|move|p1b: Gyarados|Waterfall|p2a: Regieleki\n|-damage|p2a: Regieleki|2\/100 slp\n|\n|-heal|p1a: Amoonguss|50\/100|[from] item: Black Sludge\n|upkeep\n|turn|8\n|\n|t:|1700523063\n|move|p1a: Amoonguss|Rage Powder|p1a: Amoonguss\n|-singleturn|p1a: Amoonguss|move: Rage Powder\n|move|p2b: Meowscarada|Flower Trick|p1a: Amoonguss\n|-resisted|p1a: Amoonguss\n|-crit|p1a: Amoonguss\n|-damage|p1a: Amoonguss|37\/100\n|cant|p2a: Regieleki|slp\n|move|p1b: Gyarados|Waterfall|p2a: Regieleki\n|-damage|p2a: Regieleki|0 fnt\n|faint|p2a: Regieleki\n|\n|-heal|p1a: Amoonguss|43\/100|[from] item: Black Sludge\n|upkeep\n|turn|9\n|inactive|UrshiTornisntSkill has 30 seconds left.\n|c|\u2606UrshiTornisntSkill|really outskilled me rolling 3 turn sleep twice\n|inactive|UrshiTornisntSkill has 20 seconds left.\n|c|\u2606UrshiTornisntSkill|should feel proud with how good you did there\n|inactive|UrshiTornisntSkill has 15 seconds left.\n|inactive|SudoDudo has 30 seconds left.\n|inactive|UrshiTornisntSkill has 10 seconds left.\n|inactive|UrshiTornisntSkill has 5 seconds left.\n|\n|t:|1700523119\n|switch|p1a: Ting-Lu|Ting-Lu, L50|26\/100\n|-ability|p1a: Ting-Lu|Vessel of Ruin\n|move|p2b: Meowscarada|Flower Trick|p1b: Gyarados\n|-crit|p1b: Gyarados\n|-damage|p1b: Gyarados|12\/100\n|-enditem|p1b: Gyarados|Sitrus Berry|[eat]\n|-heal|p1b: Gyarados|37\/100|[from] item: Sitrus Berry\n|move|p1b: Gyarados|Thunder Wave|p2b: Meowscarada\n|-status|p2b: Meowscarada|par\n|\n|-heal|p1a: Ting-Lu|32\/100|[from] item: Leftovers\n|upkeep\n|turn|10\n|c|\u2606UrshiTornisntSkill|might win worlds with that kinda skill man\n|c|\u2606UrshiTornisntSkill|you did so good\n|n|!UrshiTornisntSkill|urshitornisntskill\n|inactive|SudoDudo has 30 seconds left.\n|inactive|UrshiTornisntSkill has 30 seconds left.\n|inactive|UrshiTornisntSkill has 20 seconds left.\n|inactive|UrshiTornisntSkill has 15 seconds left.\n|inactive|UrshiTornisntSkill has 10 seconds left.\n|inactive|UrshiTornisntSkill has 5 seconds left.\n|\n|t:|1700523174\n|switch|p1a: Amoonguss|Amoonguss, L50, M|76\/100\n|move|p1b: Gyarados|Protect|p1b: Gyarados\n|-singleturn|p1b: Gyarados|Protect\n|move|p2b: Meowscarada|Flower Trick|p1b: Gyarados\n|-activate|p1b: Gyarados|move: Protect\n|\n|-heal|p1a: Amoonguss|81\/100|[from] item: Black Sludge\n|upkeep\n|turn|11\n|inactive|UrshiTornisntSkill has 30 seconds left.\n|inactive|UrshiTornisntSkill has 20 seconds left.\n|inactive|UrshiTornisntSkill has 15 seconds left.\n|inactive|UrshiTornisntSkill has 10 seconds left.\n|inactive|UrshiTornisntSkill has 5 seconds left.\n|\n|t:|1700523230\n|move|p1b: Gyarados|Helping Hand|p1a: Amoonguss\n|-singleturn|p1a: Amoonguss|Helping Hand|[of] p1b: Gyarados\n|cant|p2b: Meowscarada|par\n|move|p1a: Amoonguss|Foul Play|p2b: Meowscarada\n|-damage|p2b: Meowscarada|32\/100 par\n|\n|-heal|p1a: Amoonguss|87\/100|[from] item: Black Sludge\n|upkeep\n|turn|12\n|inactive|UrshiTornisntSkill has 30 seconds left.\n|inactive|UrshiTornisntSkill has 20 seconds left.\n|inactive|UrshiTornisntSkill has 15 seconds left.\n|inactive|UrshiTornisntSkill has 10 seconds left.\n|inactive|UrshiTornisntSkill has 5 seconds left.\n|\n|t:|1700523287\n|move|p1b: Gyarados|Helping Hand|p1a: Amoonguss\n|-singleturn|p1a: Amoonguss|Helping Hand|[of] p1b: Gyarados\n|move|p2b: Meowscarada|Flower Trick|p1b: Gyarados\n|-crit|p1b: Gyarados\n|-damage|p1b: Gyarados|0 fnt\n|faint|p1b: Gyarados\n|move|p1a: Amoonguss|Foul Play|p2b: Meowscarada\n|-damage|p2b: Meowscarada|0 fnt\n|faint|p2b: Meowscarada\n|\n|win|SudoDudo\n|raw|SudoDudo's rating: 1144 &rarr; <strong>1171<\/strong><br \/>(+27 for winning)\n|raw|UrshiTornisntSkill's rating: 1171 &rarr; <strong>1144<\/strong><br \/>(-27 for losing)\n","uploadtime":1700523137,"views":1,"p1id":"sudodudo","p2id":"urshitornisntskill","formatid":"gen9vgc2023regulatione","rating":1144,"private":0,"password":""}