{"id":"gen9vgc2023regulatione-1995747336","p1":"Rewk0","p2":"vivixification","format":"[Gen 9] VGC 2023 Regulation E","log":"|j|\u2606Rewk0\n|j|\u2606vivixification\n|t:|1700599386\n|gametype|doubles\n|player|p1|Rewk0|101|1431\n|player|p2|vivixification|dragontamer-gen9|1339\n|teamsize|p1|6\n|teamsize|p2|6\n|gen|9\n|tier|[Gen 9] VGC 2023 Regulation E\n|rated|\n|rule|Species Clause: Limit one of each Pok\u00e9mon\n|rule|Item Clause: Limit one of each item\n|clearpoke\n|poke|p1|Tornadus, L50, M|\n|poke|p1|Sinistcha-Masterpiece, L50|\n|poke|p1|Iron Hands, L50|\n|poke|p1|Chi-Yu, L50|\n|poke|p1|Urshifu-*, L50, F|\n|poke|p1|Flutter Mane, L50|\n|poke|p2|Tornadus, L50, M|\n|poke|p2|Iron Hands, L50|\n|poke|p2|Arcanine-Hisui, L50, M|\n|poke|p2|Urshifu-*, L50, M|\n|poke|p2|Amoonguss, L50, F|\n|poke|p2|Chien-Pao, L50|\n|teampreview|4\n|inactive|Battle timer is ON: inactive players will automatically lose when time's up. (requested by vivixification)\n|inactive|vivixification has 60 seconds left.\n|\n|t:|1700599441\n|start\n|switch|p1a: Flutter Mane|Flutter Mane, L50|100\/100\n|switch|p1b: Iron Hands|Iron Hands, L50|100\/100\n|switch|p2a: Arcanine|Arcanine-Hisui, L50, M|100\/100\n|switch|p2b: Amoonguss|Amoonguss, L50, F|100\/100\n|-ability|p2a: Arcanine|Intimidate|boost\n|-unboost|p1a: Flutter Mane|atk|1\n|-fail|p1b: Iron Hands|unboost|[from] item: Clear Amulet|[of] p1b: Iron Hands\n|-enditem|p1a: Flutter Mane|Booster Energy\n|-activate|p1a: Flutter Mane|ability: Protosynthesis|[fromitem]\n|-start|p1a: Flutter Mane|protosynthesisspa\n|turn|1\n|inactive|Rewk0 has 30 seconds left.\n|inactive|vivixification has 30 seconds left.\n|\n|t:|1700599479\n|switch|p2a: Iron Hands|Iron Hands, L50|100\/100\n|-end|p1a: Flutter Mane|Protosynthesis|[silent]\n|switch|p1a: Sinistcha|Sinistcha-Masterpiece, L50|100\/100\n|-terastallize|p1b: Iron Hands|Water\n|move|p1b: Iron Hands|Tera Blast|p2a: Iron Hands|[anim] Tera Blast Water\n|-damage|p2a: Iron Hands|68\/100\n|move|p2b: Amoonguss|Spore|p1a: Sinistcha\n|-immune|p1a: Sinistcha\n|\n|upkeep\n|turn|2\n|inactive|Rewk0 has 30 seconds left.\n|inactive|vivixification has 30 seconds left.\n|inactive|Rewk0 has 20 seconds left.\n|\n|t:|1700599518\n|move|p1a: Sinistcha|Rage Powder|p1a: Sinistcha\n|-singleturn|p1a: Sinistcha|move: Rage Powder\n|move|p2a: Iron Hands|Heavy Slam|p1a: Sinistcha\n|-damage|p1a: Sinistcha|70\/100\n|-damage|p2a: Iron Hands|51\/100|[from] item: Rocky Helmet|[of] p1a: Sinistcha\n|move|p1b: Iron Hands|Tera Blast|p2a: Iron Hands|[anim] Tera Blast Water\n|-damage|p2a: Iron Hands|20\/100\n|move|p2b: Amoonguss|Spore|p1b: Iron Hands\n|-status|p1b: Iron Hands|slp|[from] move: Spore\n|\n|upkeep\n|turn|3\n|inactive|vivixification has 30 seconds left.\n|\n|t:|1700599550\n|move|p2a: Iron Hands|Fake Out||[still]\n|-hint|Fake Out only works on your first turn out.\n|-fail|p2a: Iron Hands\n|move|p1a: Sinistcha|Matcha Gotcha|p2b: Amoonguss|[spread] p2a,p2b\n|-resisted|p2b: Amoonguss\n|-damage|p2a: Iron Hands|8\/100\n|-heal|p1a: Sinistcha|78\/100|[from] drain|[of] p2a: Iron Hands\n|-damage|p2b: Amoonguss|96\/100\n|-heal|p1a: Sinistcha|81\/100|[from] drain|[of] p2b: Amoonguss\n|-status|p2b: Amoonguss|brn\n|cant|p1b: Iron Hands|slp\n|move|p2b: Amoonguss|Pollen Puff|p2a: Iron Hands\n|-heal|p2a: Iron Hands|58\/100\n|\n|-damage|p2b: Amoonguss|90\/100 brn|[from] brn\n|upkeep\n|turn|4\n|inactive|Rewk0 has 30 seconds left.\n|\n|t:|1700599578\n|move|p2a: Iron Hands|Wild Charge|p1b: Iron Hands\n|-supereffective|p1b: Iron Hands\n|-damage|p1b: Iron Hands|41\/100 slp\n|-damage|p2a: Iron Hands|42\/100|[from] Recoil\n|move|p1a: Sinistcha|Strength Sap|p2a: Iron Hands\n|-unboost|p2a: Iron Hands|atk|1\n|-heal|p1a: Sinistcha|100\/100\n|-curestatus|p1b: Iron Hands|slp|[msg]\n|move|p1b: Iron Hands|Tera Blast|p2a: Iron Hands|[anim] Tera Blast Water\n|-damage|p2a: Iron Hands|8\/100\n|move|p2b: Amoonguss|Pollen Puff|p2a: Iron Hands\n|-heal|p2a: Iron Hands|58\/100\n|\n|-damage|p2b: Amoonguss|84\/100 brn|[from] brn\n|upkeep\n|turn|5\n|inactive|vivixification has 30 seconds left.\n|\n|t:|1700599609\n|-end|p2a: Iron Hands|Quark Drive|[silent]\n|switch|p2a: Chien-Pao|Chien-Pao, L50|100\/100\n|-ability|p2a: Chien-Pao|Sword of Ruin\n|move|p1a: Sinistcha|Strength Sap|p2a: Chien-Pao\n|-unboost|p2a: Chien-Pao|atk|1\n|move|p1b: Iron Hands|Tera Blast|p2a: Chien-Pao|[anim] Tera Blast Water\n|-damage|p2a: Chien-Pao|36\/100\n|move|p2b: Amoonguss|Spore|p1b: Iron Hands\n|-status|p1b: Iron Hands|slp|[from] move: Spore\n|\n|-damage|p2b: Amoonguss|78\/100 brn|[from] brn\n|upkeep\n|turn|6\n|\n|t:|1700599633\n|move|p2a: Chien-Pao|Icicle Crash|p1a: Sinistcha|[miss]\n|-miss|p2a: Chien-Pao|p1a: Sinistcha\n|move|p1a: Sinistcha|Matcha Gotcha|p2b: Amoonguss|[spread] p2a,p2b\n|-resisted|p2b: Amoonguss\n|-damage|p2a: Chien-Pao|0 fnt\n|-damage|p2b: Amoonguss|72\/100 brn\n|faint|p2a: Chien-Pao\n|cant|p1b: Iron Hands|slp\n|move|p2b: Amoonguss|Spore|p1a: Sinistcha\n|-immune|p1a: Sinistcha\n|\n|-damage|p2b: Amoonguss|67\/100 brn|[from] brn\n|upkeep\n|\n|t:|1700599637\n|switch|p2a: Arcanine|Arcanine-Hisui, L50, M|100\/100\n|-ability|p2a: Arcanine|Intimidate|boost\n|-unboost|p1a: Sinistcha|atk|1\n|-fail|p1b: Iron Hands|unboost|[from] item: Clear Amulet|[of] p1b: Iron Hands\n|turn|7\n|inactive|vivixification has 30 seconds left.\n|\n|t:|1700599662\n|move|p2b: Amoonguss|Rage Powder|p2b: Amoonguss\n|-singleturn|p2b: Amoonguss|move: Rage Powder\n|move|p2a: Arcanine|Flare Blitz|p1a: Sinistcha\n|-supereffective|p1a: Sinistcha\n|-damage|p1a: Sinistcha|0 fnt\n|-damage|p2a: Arcanine|84\/100|[from] item: Rocky Helmet|[of] p1a: Sinistcha\n|faint|p1a: Sinistcha\n|-damage|p2a: Arcanine|49\/100|[from] Recoil\n|cant|p1b: Iron Hands|slp\n|\n|-damage|p2b: Amoonguss|61\/100 brn|[from] brn\n|upkeep\n|\n|t:|1700599676\n|switch|p1a: Chi-Yu|Chi-Yu, L50|100\/100\n|-ability|p1a: Chi-Yu|Beads of Ruin\n|turn|8\n|\n|t:|1700599691\n|switch|p2a: Iron Hands|Iron Hands, L50|58\/100\n|-terastallize|p2b: Amoonguss|Water\n|move|p1a: Chi-Yu|Heat Wave|p2a: Iron Hands|[spread] p2b\n|-miss|p1a: Chi-Yu|p2a: Iron Hands\n|-resisted|p2b: Amoonguss\n|-damage|p2b: Amoonguss|39\/100 brn\n|-enditem|p2b: Amoonguss|Sitrus Berry|[eat]\n|-heal|p2b: Amoonguss|64\/100 brn|[from] item: Sitrus Berry\n|-curestatus|p1b: Iron Hands|slp|[msg]\n|move|p1b: Iron Hands|Tera Blast|p2a: Iron Hands|[anim] Tera Blast Water\n|-damage|p2a: Iron Hands|28\/100\n|move|p2b: Amoonguss|Spore|p1a: Chi-Yu\n|-status|p1a: Chi-Yu|slp|[from] move: Spore\n|\n|-damage|p2b: Amoonguss|58\/100 brn|[from] brn\n|upkeep\n|turn|9\n|inactive|Rewk0 has 30 seconds left.\n|\n|t:|1700599719\n|move|p2a: Iron Hands|Fake Out|p1b: Iron Hands\n|-damage|p1b: Iron Hands|31\/100\n|cant|p1b: Iron Hands|flinch\n|cant|p1a: Chi-Yu|slp\n|move|p2b: Amoonguss|Spore|p1b: Iron Hands\n|-status|p1b: Iron Hands|slp|[from] move: Spore\n|\n|-damage|p2b: Amoonguss|53\/100 brn|[from] brn\n|upkeep\n|turn|10\n|\n|t:|1700599732\n|cant|p1a: Chi-Yu|slp\n|move|p2a: Iron Hands|Drain Punch|p1a: Chi-Yu\n|-supereffective|p1a: Chi-Yu\n|-enditem|p1a: Chi-Yu|Focus Sash\n|-damage|p1a: Chi-Yu|1\/100 slp\n|-heal|p2a: Iron Hands|56\/100|[from] drain|[of] p1a: Chi-Yu\n|cant|p1b: Iron Hands|slp\n|move|p2b: Amoonguss|Pollen Puff|p2a: Iron Hands\n|-heal|p2a: Iron Hands|100\/100\n|\n|-damage|p2b: Amoonguss|47\/100 brn|[from] brn\n|upkeep\n|turn|11\n|\n|t:|1700599742\n|cant|p1a: Chi-Yu|slp\n|move|p2a: Iron Hands|Wild Charge|p1b: Iron Hands\n|-supereffective|p1b: Iron Hands\n|-damage|p1b: Iron Hands|0 fnt\n|faint|p1b: Iron Hands\n|-end|p1b: Iron Hands|Quark Drive|[silent]\n|-damage|p2a: Iron Hands|92\/100|[from] Recoil\n|move|p2b: Amoonguss|Pollen Puff|p1a: Chi-Yu\n|-damage|p1a: Chi-Yu|0 fnt\n|faint|p1a: Chi-Yu\n|\n|-damage|p2b: Amoonguss|41\/100 brn|[from] brn\n|upkeep\n|\n|t:|1700599754\n|switch|p1b: Flutter Mane|Flutter Mane, L50|100\/100\n|turn|12\n|\n|t:|1700599759\n|move|p2b: Amoonguss|Rage Powder|p2b: Amoonguss\n|-singleturn|p2b: Amoonguss|move: Rage Powder\n|move|p1b: Flutter Mane|Dazzling Gleam|p2b: Amoonguss|[spread] p2a,p2b\n|-supereffective|p2a: Iron Hands\n|-damage|p2a: Iron Hands|60\/100\n|-damage|p2b: Amoonguss|9\/100 brn\n|move|p2a: Iron Hands|Heavy Slam|p1b: Flutter Mane\n|-supereffective|p1b: Flutter Mane\n|-damage|p1b: Flutter Mane|0 fnt\n|faint|p1b: Flutter Mane\n|-end|p1b: Flutter Mane|Protosynthesis|[silent]\n|\n|win|vivixification\n|raw|Rewk0's rating: 1431 &rarr; <strong>1406<\/strong><br \/>(-25 for losing)\n|raw|vivixification's rating: 1339 &rarr; <strong>1364<\/strong><br \/>(+25 for winning)\n","uploadtime":1700599766,"views":15,"p1id":"rewk0","p2id":"vivixification","formatid":"gen9vgc2023regulatione","rating":1364,"private":0,"password":""}