{"id":"gen9vgc2023regulatione-2000338946","p1":"underratedbanana","p2":"Lurvas","format":"[Gen 9] VGC 2023 Regulation E","log":"|j|\u2606underratedbanana\n|j|\u2606Lurvas\n|t:|1701186327\n|gametype|doubles\n|player|p1|underratedbanana|psychic|1205\n|player|p2|Lurvas|alder|1167\n|teamsize|p1|6\n|teamsize|p2|6\n|gen|9\n|tier|[Gen 9] VGC 2023 Regulation E\n|rated|\n|rule|Species Clause: Limit one of each Pok\u00e9mon\n|rule|Item Clause: Limit one of each item\n|clearpoke\n|poke|p1|Roaring Moon, L50|\n|poke|p1|Cresselia, L50, F|\n|poke|p1|Flutter Mane, L50|\n|poke|p1|Ogerpon-Wellspring, L50, F|\n|poke|p1|Torkoal, L50, M|\n|poke|p1|Ursaluna-Bloodmoon, L50, M|\n|poke|p2|Urshifu-*, L50, F|\n|poke|p2|Rillaboom, L50, M|\n|poke|p2|Flutter Mane, L50|\n|poke|p2|Arcanine-Hisui, L50, F|\n|poke|p2|Chien-Pao, L50|\n|poke|p2|Tornadus, L50, M|\n|teampreview|4\nLurvas has agreed to open team sheets.\n|inactive|Battle timer is ON: inactive players will automatically lose when time's up. (requested by Lurvas)\nunderratedbanana has agreed to open team sheets.\n|inactive|underratedbanana has 30 seconds left.\n|inactive|underratedbanana has 20 seconds left.\n|\n|t:|1701186384\n|start\n|switch|p1a: Cresselia|Cresselia, L50, F|100\/100\n|switch|p1b: Ogerpon|Ogerpon-Wellspring, L50, F|100\/100\n|switch|p2a: Rillaboom|Rillaboom, L50, M|100\/100\n|switch|p2b: Tornadus|Tornadus, L50, M|100\/100\n|-fieldstart|move: Grassy Terrain|[from] ability: Grassy Surge|[of] p2a: Rillaboom\n|turn|1\n|inactive|underratedbanana has 30 seconds left.\n|\n|t:|1701186409\n|move|p1a: Cresselia|Helping Hand|p1b: Ogerpon\n|-singleturn|p1b: Ogerpon|Helping Hand|[of] p1a: Cresselia\n|move|p2a: Rillaboom|Fake Out|p1a: Cresselia\n|-damage|p1a: Cresselia|92\/100\n|move|p2b: Tornadus|Bleakwind Storm|p1a: Cresselia|[spread] p1a,p1b\n|-supereffective|p1b: Ogerpon\n|-damage|p1a: Cresselia|73\/100\n|-damage|p1b: Ogerpon|33\/100\n|-unboost|p1a: Cresselia|spe|1\n|-unboost|p1b: Ogerpon|spe|1\n|move|p1b: Ogerpon|Ivy Cudgel|p2b: Tornadus|[anim] Ivy Cudgel Water\n|-damage|p2b: Tornadus|11\/100\n|\n|-heal|p1b: Ogerpon|39\/100|[from] Grassy Terrain\n|upkeep\n|turn|2\n|inactive|underratedbanana has 30 seconds left.\n|\n|t:|1701186439\n|move|p1b: Ogerpon|Spiky Shield|p1b: Ogerpon\n|-singleturn|p1b: Ogerpon|move: Protect\n|move|p2b: Tornadus|Bleakwind Storm|p1a: Cresselia|[spread] p1a\n|-activate|p1b: Ogerpon|move: Protect\n|-damage|p1a: Cresselia|52\/100\n|move|p2a: Rillaboom|Drum Beating|p1a: Cresselia\n|-damage|p1a: Cresselia|19\/100\n|-unboost|p1a: Cresselia|spe|1\n|move|p1a: Cresselia|Psychic|p2b: Tornadus\n|-damage|p2b: Tornadus|0 fnt\n|faint|p2b: Tornadus\n|\n|-heal|p1b: Ogerpon|45\/100|[from] Grassy Terrain\n|upkeep\n|\n|t:|1701186464\n|switch|p2b: Flutter Mane|Flutter Mane, L50|100\/100\n|-enditem|p2b: Flutter Mane|Booster Energy\n|-activate|p2b: Flutter Mane|ability: Protosynthesis|[fromitem]\n|-start|p2b: Flutter Mane|protosynthesisspe\n|turn|3\n|\n|t:|1701186475\n|move|p1b: Ogerpon|Follow Me|p1b: Ogerpon\n|-singleturn|p1b: Ogerpon|move: Follow Me\n|move|p2a: Rillaboom|Grassy Glide|p1b: Ogerpon\n|-damage|p1b: Ogerpon|5\/100\n|move|p2b: Flutter Mane|Shadow Ball|p1b: Ogerpon\n|-damage|p1b: Ogerpon|0 fnt\n|faint|p1b: Ogerpon\n|move|p1a: Cresselia|Trick Room|p1a: Cresselia\n|-fieldstart|move: Trick Room|[of] p1a: Cresselia\n|\n|upkeep\n|\n|t:|1701186486\n|switch|p1b: Torkoal|Torkoal, L50, M|100\/100\n|-weather|SunnyDay|[from] ability: Drought|[of] p1b: Torkoal\n|turn|4\n|\n|t:|1701186498\n|-terastallize|p1b: Torkoal|Fire\n|-terastallize|p2a: Rillaboom|Water\n|move|p1a: Cresselia|Helping Hand|p1b: Torkoal\n|-singleturn|p1b: Torkoal|Helping Hand|[of] p1a: Cresselia\n|move|p2b: Flutter Mane|Protect|p2b: Flutter Mane\n|-singleturn|p2b: Flutter Mane|Protect\n|move|p1b: Torkoal|Eruption|p2a: Rillaboom|[spread] p2a\n|-activate|p2b: Flutter Mane|move: Protect\n|-resisted|p2a: Rillaboom\n|-damage|p2a: Rillaboom|35\/100\n|move|p2a: Rillaboom|Stomping Tantrum|p1b: Torkoal\n|-supereffective|p1b: Torkoal\n|-damage|p1b: Torkoal|62\/100\n|\n|-weather|SunnyDay|[upkeep]\n|-heal|p1b: Torkoal|68\/100|[from] Grassy Terrain\n|-heal|p2a: Rillaboom|41\/100|[from] Grassy Terrain\n|upkeep\n|turn|5\n|\n|t:|1701186521\n|move|p1a: Cresselia|Helping Hand|p1b: Torkoal\n|-singleturn|p1b: Torkoal|Helping Hand|[of] p1a: Cresselia\n|move|p1b: Torkoal|Eruption|p2b: Flutter Mane|[spread] p2a,p2b\n|-resisted|p2a: Rillaboom\n|-damage|p2a: Rillaboom|0 fnt\n|-damage|p2b: Flutter Mane|0 fnt\n|faint|p2a: Rillaboom\n|faint|p2b: Flutter Mane\n|-end|p2b: Flutter Mane|Protosynthesis|[silent]\n|\n|-weather|SunnyDay|[upkeep]\n|-heal|p1b: Torkoal|74\/100|[from] Grassy Terrain\n|-fieldend|move: Grassy Terrain\n|upkeep\n|\n|t:|1701186532\n|switch|p2a: Urshifu|Urshifu-Rapid-Strike, L50, F|100\/100\n|turn|6\n|\n|t:|1701186549\n|move|p2a: Urshifu|Detect|p2a: Urshifu\n|-singleturn|p2a: Urshifu|Protect\n|move|p1b: Torkoal|Eruption|p2a: Urshifu\n|-activate|p2a: Urshifu|move: Protect\n|move|p1a: Cresselia|Lunar Blessing|p1a: Cresselia|[spread] p1a,p1b\n|-heal|p1a: Cresselia|45\/100\n|-heal|p1b: Torkoal|99\/100\n|\n|-weather|SunnyDay|[upkeep]\n|upkeep\n|turn|7\n|\n|t:|1701186560\n|move|p2a: Urshifu|Aqua Jet|p1b: Torkoal\n|-supereffective|p1b: Torkoal\n|-damage|p1b: Torkoal|79\/100\n|move|p1b: Torkoal|Eruption|p2a: Urshifu\n|-resisted|p2a: Urshifu\n|-damage|p2a: Urshifu|33\/100\n|move|p1a: Cresselia|Lunar Blessing|p1a: Cresselia|[spread] p1a,p1b\n|-heal|p1a: Cresselia|70\/100\n|-heal|p1b: Torkoal|100\/100\n|\n|-weather|SunnyDay|[upkeep]\n|-fieldend|move: Trick Room\n|upkeep\n|turn|8\n|\n|t:|1701186575\n|move|p2a: Urshifu|Surging Strikes|p1b: Torkoal\n|-supereffective|p1b: Torkoal\n|-crit|p1b: Torkoal\n|-damage|p1b: Torkoal|81\/100\n|-supereffective|p1b: Torkoal\n|-crit|p1b: Torkoal\n|-damage|p1b: Torkoal|62\/100\n|-supereffective|p1b: Torkoal\n|-crit|p1b: Torkoal\n|-damage|p1b: Torkoal|44\/100\n|-hitcount|p1b: Torkoal|3\n|move|p1a: Cresselia|Psychic|p2a: Urshifu\n|-supereffective|p2a: Urshifu\n|-damage|p2a: Urshifu|0 fnt\n|faint|p2a: Urshifu\n|\n|win|underratedbanana\n|raw|underratedbanana's rating: 1205 &rarr; <strong>1227<\/strong><br \/>(+22 for winning)\n|raw|Lurvas's rating: 1167 &rarr; <strong>1145<\/strong><br \/>(-22 for losing)\n|c|\u2606Lurvas|gg\n|l|\u2606underratedbanana\n","uploadtime":1701186598,"views":10,"p1id":"underratedbanana","p2id":"lurvas","formatid":"gen9vgc2023regulatione","rating":1145,"private":0,"password":""}