{"id":"gen9vgc2023regulatione-1993608703","p1":"sdmiiu","p2":"Piouspoppy41355","format":"[Gen 9] VGC 2023 Regulation E","log":"|j|\u2606sdmiiu\n|j|\u2606Piouspoppy41355\n|t:|1700337044\n|gametype|doubles\n|player|p1|sdmiiu|red|1081\n|player|p2|Piouspoppy41355|266|1000\n|teamsize|p1|6\n|teamsize|p2|6\n|gen|9\n|tier|[Gen 9] VGC 2023 Regulation E\n|rated|\n|rule|Species Clause: Limit one of each Pok\u00e9mon\n|rule|Item Clause: Limit one of each item\n|clearpoke\n|poke|p1|Inteleon, L50, F|\n|poke|p1|Sawsbuck, L50, F|\n|poke|p1|Gengar, L50, F|\n|poke|p1|Tornadus, L50, M|\n|poke|p1|Volbeat, L50, M|\n|poke|p1|Clefable, L50, F|\n|poke|p2|Cloyster, L50, M|\n|poke|p2|Ninetales-Alola, L50, F|\n|poke|p2|Avalugg-Hisui, L50, M|\n|poke|p2|Articuno, L50|\n|poke|p2|Gardevoir, L50, M|\n|poke|p2|Dusknoir, L50, F|\n|teampreview|4\n|inactive|Battle timer is ON: inactive players will automatically lose when time's up. (requested by sdmiiu)\n|\n|t:|1700337074\n|start\n|switch|p1a: Gengar|Gengar, L50, F|100\/100\n|switch|p1b: Volbeat|Volbeat, L50, M|100\/100\n|switch|p2a: Dusknoir|Dusknoir, L50, F|100\/100\n|switch|p2b: Ninetales|Ninetales-Alola, L50, F, shiny|100\/100\n|-weather|Snow|[from] ability: Snow Warning|[of] p2b: Ninetales\n|-ability|p2a: Dusknoir|Pressure\n|turn|1\n|\n|t:|1700337092\n|move|p1b: Volbeat|Tailwind|p1b: Volbeat\n|-sidestart|p1: sdmiiu|move: Tailwind\n|move|p1a: Gengar|Sludge Bomb|p2b: Ninetales\n|-supereffective|p2b: Ninetales\n|-damage|p2b: Ninetales|9\/100\n|-status|p2b: Ninetales|psn\n|move|p2b: Ninetales|Aurora Veil|p2b: Ninetales\n|-sidestart|p2: Piouspoppy41355|move: Aurora Veil\n|move|p2a: Dusknoir|Trick Room|p2a: Dusknoir\n|-fieldstart|move: Trick Room|[of] p2a: Dusknoir\n|\n|-weather|Snow|[upkeep]\n|-damage|p2b: Ninetales|0 fnt|[from] psn\n|faint|p2b: Ninetales\n|upkeep\n|\n|t:|1700337109\n|switch|p2b: Articuno|Articuno, L50, shiny|100\/100\n|turn|2\n|\n|t:|1700337129\n|move|p1b: Volbeat|Encore|p2a: Dusknoir\n|-start|p2a: Dusknoir|Encore\n|move|p2a: Dusknoir|Trick Room|p2a: Dusknoir\n|-fieldend|move: Trick Room\n|move|p1a: Gengar|Shadow Ball|p2b: Articuno\n|-damage|p2b: Articuno|88\/100\n|-unboost|p2b: Articuno|spd|1\n|move|p2b: Articuno|Blizzard|p1b: Volbeat|[spread] p1a,p1b\n|-damage|p1a: Gengar|56\/100\n|-damage|p1b: Volbeat|71\/100\n|-start|p2b: Articuno|Disable|Blizzard|[from] ability: Cursed Body|[of] p1a: Gengar\n|\n|-weather|Snow|[upkeep]\n|upkeep\n|turn|3\n|\n|t:|1700337153\n|move|p1b: Volbeat|Encore|p2b: Articuno\n|-start|p2b: Articuno|Encore\n|move|p1a: Gengar|Nasty Plot|p1a: Gengar\n|-boost|p1a: Gengar|spa|2\n|cant|p2b: Articuno|Disable|Blizzard\n|move|p2a: Dusknoir|Trick Room|p2a: Dusknoir\n|-fieldstart|move: Trick Room|[of] p2a: Dusknoir\n|\n|-weather|Snow|[upkeep]\n|upkeep\n|turn|4\n|\n|t:|1700337174\n|switch|p2a: Avalugg|Avalugg-Hisui, L50, M|100\/100\n|move|p1b: Volbeat|Tail Glow|p1b: Volbeat\n|-boost|p1b: Volbeat|spa|3\n|-activate|p2b: Articuno|move: Struggle\n|move|p2b: Articuno|Struggle|p1a: Gengar\n|-damage|p1a: Gengar|36\/100\n|-damage|p2b: Articuno|63\/100|[from] recoil\n|move|p1a: Gengar|Nasty Plot|p1a: Gengar\n|-boost|p1a: Gengar|spa|2\n|\n|-weather|Snow|[upkeep]\n|-sideend|p1: sdmiiu|move: Tailwind\n|upkeep\n|turn|5\n|inactive|sdmiiu has 30 seconds left.\n|\n|t:|1700337203\n|-terastallize|p2a: Avalugg|Ice\n|move|p2a: Avalugg|Ice Spinner|p1a: Gengar\n|-damage|p1a: Gengar|0 fnt\n|faint|p1a: Gengar\n|-activate|p2b: Articuno|move: Struggle\n|move|p2b: Articuno|Struggle|p1b: Volbeat\n|-damage|p1b: Volbeat|60\/100\n|-damage|p2b: Articuno|38\/100|[from] recoil\n|move|p1b: Volbeat|Bug Buzz|p2b: Articuno\n|-resisted|p2b: Articuno\n|-damage|p2b: Articuno|28\/100\n|\n|-weather|none\n|-end|p2b: Articuno|Encore\n|-end|p2b: Articuno|Disable\n|-sideend|p2: Piouspoppy41355|move: Aurora Veil\n|upkeep\n|\n|t:|1700337221\n|switch|p1a: Tornadus|Tornadus, L50, M|100\/100\n|turn|6\n|inactive|Piouspoppy41355 has 30 seconds left.\n|\n|t:|1700337250\n|move|p1a: Tornadus|Protect|p1a: Tornadus\n|-singleturn|p1a: Tornadus|Protect\n|move|p1b: Volbeat|Tail Glow|p1b: Volbeat\n|-boost|p1b: Volbeat|spa|3\n|move|p2a: Avalugg|Snowscape|p2a: Avalugg\n|-weather|Snow\n|move|p2b: Articuno|Blizzard|p1a: Tornadus|[spread] p1b\n|-activate|p1a: Tornadus|move: Protect\n|-damage|p1b: Volbeat|30\/100\n|\n|-weather|Snow|[upkeep]\n|upkeep\n|turn|7\n|inactive|Piouspoppy41355 has 30 seconds left.\n|\n|t:|1700337276\n|-terastallize|p1a: Tornadus|Flying\n|move|p2a: Avalugg|Ice Spinner|p1a: Tornadus\n|-supereffective|p1a: Tornadus\n|-crit|p1a: Tornadus\n|-damage|p1a: Tornadus|0 fnt\n|faint|p1a: Tornadus\n|move|p2b: Articuno|Blizzard|p1b: Volbeat\n|-damage|p1b: Volbeat|0 fnt\n|faint|p1b: Volbeat\n|\n|-weather|Snow|[upkeep]\n|-fieldend|move: Trick Room\n|upkeep\n|-message|sdmiiu forfeited.\n|\n|win|Piouspoppy41355\n|raw|sdmiiu's rating: 1081 &rarr; <strong>1054<\/strong><br \/>(-27 for losing)\n|raw|Piouspoppy41355's rating: 1000 &rarr; <strong>1049<\/strong><br \/>(+49 for winning)\n|l|\u2606sdmiiu\n","uploadtime":1700337300,"views":17,"p1id":"sdmiiu","p2id":"piouspoppy41355","formatid":"gen9vgc2023regulatione","rating":1049,"private":0,"password":""}