{"id":"gen9vgc2023regulatione-1995627368","p1":"avder","p2":"ChocccccyMilkMafia","format":"[Gen 9] VGC 2023 Regulation E","log":"|j|\u2606avder\n|j|\u2606ChocccccyMilkMafia\n|t:|1700588772\n|gametype|doubles\n|player|p1|avder|170|1139\n|player|p2|ChocccccyMilkMafia|kieran|1095\n|teamsize|p1|6\n|teamsize|p2|6\n|gen|9\n|tier|[Gen 9] VGC 2023 Regulation E\n|rated|\n|rule|Species Clause: Limit one of each Pok\u00e9mon\n|rule|Item Clause: Limit one of each item\n|clearpoke\n|poke|p1|Weezing, L50, M|\n|poke|p1|Iron Hands, L50|\n|poke|p1|Landorus-Therian, L50, M|\n|poke|p1|Roaring Moon, L50|\n|poke|p1|Flutter Mane, L50|\n|poke|p1|Amoonguss, L50, F|\n|poke|p2|Farigiraf, L50, M|\n|poke|p2|Kingambit, L50, F|\n|poke|p2|Kommo-o, L50, F|\n|poke|p2|Sinistcha, L50|\n|poke|p2|Fezandipiti, L50, M|\n|poke|p2|Ninetales-Alola, L50, M|\n|teampreview|4\navder has agreed to open team sheets.\n|j| SammyPenguin12\n|\n|t:|1700588817\n|start\n|switch|p1a: Iron Hands|Iron Hands, L50|100\/100\n|switch|p1b: Roaring Moon|Roaring Moon, L50|100\/100\n|switch|p2a: Farigiraf|Farigiraf, L50, M|100\/100\n|switch|p2b: Kingambit|Kingambit, L50, F|100\/100\n|-enditem|p1b: Roaring Moon|Booster Energy\n|-activate|p1b: Roaring Moon|ability: Protosynthesis|[fromitem]\n|-start|p1b: Roaring Moon|protosynthesisatk\n|turn|1\n|\n|t:|1700588840\n|switch|p2b: Sinistcha|Sinistcha, L50|100\/100\n|-terastallize|p2a: Farigiraf|Fairy\n|move|p1b: Roaring Moon|Knock Off|p2a: Farigiraf\n|-resisted|p2a: Farigiraf\n|-crit|p2a: Farigiraf\n|-damage|p2a: Farigiraf|55\/100\n|-enditem|p2a: Farigiraf|Throat Spray|[from] move: Knock Off|[of] p1b: Roaring Moon\n|move|p1a: Iron Hands|Drain Punch|p2b: Sinistcha\n|-immune|p2b: Sinistcha\n|move|p2a: Farigiraf|Trick Room|p2a: Farigiraf\n|-fieldstart|move: Trick Room|[of] p2a: Farigiraf\n|\n|upkeep\n|turn|2\n|\n|t:|1700588874\n|-terastallize|p1b: Roaring Moon|Flying\n|move|p2a: Farigiraf|Psyshock|p1a: Iron Hands\n|-supereffective|p1a: Iron Hands\n|-damage|p1a: Iron Hands|59\/100\n|move|p2b: Sinistcha|Strength Sap|p1b: Roaring Moon\n|-unboost|p1b: Roaring Moon|atk|1\n|move|p1a: Iron Hands|Heavy Slam|p2a: Farigiraf\n|-supereffective|p2a: Farigiraf\n|-damage|p2a: Farigiraf|12\/100\n|move|p1b: Roaring Moon|Knock Off|p2b: Sinistcha\n|-supereffective|p2b: Sinistcha\n|-damage|p2b: Sinistcha|33\/100\n|-enditem|p2b: Sinistcha|Coba Berry|[from] move: Knock Off|[of] p1b: Roaring Moon\n|\n|upkeep\n|turn|3\n|\n|t:|1700588898\n|switch|p2b: Kingambit|Kingambit, L50, F|100\/100\n|move|p2a: Farigiraf|Psyshock|p1a: Iron Hands\n|-supereffective|p1a: Iron Hands\n|-damage|p1a: Iron Hands|16\/100\n|move|p1a: Iron Hands|Heavy Slam|p2a: Farigiraf\n|-supereffective|p2a: Farigiraf\n|-damage|p2a: Farigiraf|0 fnt\n|faint|p2a: Farigiraf\n|move|p1b: Roaring Moon|Acrobatics|p2b: Kingambit\n|-resisted|p2b: Kingambit\n|-damage|p2b: Kingambit|83\/100\n|\n|upkeep\n|\n|t:|1700588912\n|switch|p2a: Sinistcha|Sinistcha, L50|33\/100\n|-heal|p2b: Kingambit|100\/100|[from] ability: Hospitality|[of] p2a: Sinistcha\n|turn|4\n|\n|t:|1700588924\n|move|p2b: Kingambit|Stone Edge|p1b: Roaring Moon\n|-supereffective|p1b: Roaring Moon\n|-damage|p1b: Roaring Moon|2\/100\n|move|p2a: Sinistcha|Matcha Gotcha|p1b: Roaring Moon|[spread] p1a,p1b\n|-crit|p1a: Iron Hands\n|-resisted|p1b: Roaring Moon\n|-damage|p1a: Iron Hands|0 fnt\n|-heal|p2a: Sinistcha|43\/100|[from] drain|[of] p1a: Iron Hands\n|-damage|p1b: Roaring Moon|0 fnt\n|-heal|p2a: Sinistcha|44\/100|[from] drain|[of] p1b: Roaring Moon\n|faint|p1a: Iron Hands\n|-end|p1a: Iron Hands|Quark Drive|[silent]\n|faint|p1b: Roaring Moon\n|-end|p1b: Roaring Moon|Protosynthesis|[silent]\n|\n|upkeep\n|\n|t:|1700588938\n|switch|p1a: Landorus|Landorus-Therian, L50, M|100\/100\n|switch|p1b: Flutter Mane|Flutter Mane, L50|100\/100\n|-ability|p1a: Landorus|Intimidate|boost\n|-unboost|p2a: Sinistcha|atk|1\n|-unboost|p2b: Kingambit|atk|1\n|-ability|p2b: Kingambit|Defiant|boost\n|-boost|p2b: Kingambit|atk|2\n|turn|5\n|\n|t:|1700588961\n|move|p2b: Kingambit|Assurance|p1b: Flutter Mane\n|-damage|p1b: Flutter Mane|0 fnt\n|faint|p1b: Flutter Mane\n|-end|p1b: Flutter Mane|Protosynthesis|[silent]\n|move|p2a: Sinistcha|Strength Sap|p1a: Landorus\n|-unboost|p1a: Landorus|atk|1\n|-heal|p2a: Sinistcha|100\/100\n|move|p1a: Landorus|Stomping Tantrum|p2b: Kingambit\n|-supereffective|p2b: Kingambit\n|-damage|p2b: Kingambit|59\/100\n|\n|-fieldend|move: Trick Room\n|upkeep\n|turn|6\n|-message|avder forfeited.\n|\n|win|ChocccccyMilkMafia\n|raw|avder's rating: 1139 &rarr; <strong>1111<\/strong><br \/>(-28 for losing)\n|raw|ChocccccyMilkMafia's rating: 1095 &rarr; <strong>1124<\/strong><br \/>(+29 for winning)\n|l|\u2606avder\n|l| SammyPenguin12\n","uploadtime":1700588982,"views":1,"p1id":"avder","p2id":"chocccccymilkmafia","formatid":"gen9vgc2023regulatione","rating":1111,"private":0,"password":""}