{"id":"gen9vgc2023regulatione-1996368157","p1":"wu1fan","p2":"Johnboge","format":"[Gen 9] VGC 2023 Regulation E","log":"|j|\u2606wu1fan\n|j|\u2606Johnboge\n|t:|1700675361\n|gametype|doubles\n|player|p1|wu1fan|102|1128\n|player|p2|Johnboge|102|1000\n|teamsize|p1|6\n|teamsize|p2|6\n|gen|9\n|tier|[Gen 9] VGC 2023 Regulation E\n|rated|\n|rule|Species Clause: Limit one of each Pok\u00e9mon\n|rule|Item Clause: Limit one of each item\n|clearpoke\n|poke|p1|Arcanine-Hisui, L50, M|\n|poke|p1|Baxcalibur, L50, M|\n|poke|p1|Ninetales-Alola, L50, F|\n|poke|p1|Ogerpon-Wellspring, L50, F|\n|poke|p1|Clefairy, L50, M|\n|poke|p1|Flutter Mane, L50|\n|poke|p2|Tornadus, L50, M|\n|poke|p2|Dusclops, L50, M|\n|poke|p2|Ninetales-Alola, L50, M|\n|poke|p2|Baxcalibur, L50, M|\n|poke|p2|Sinistcha, L50|\n|poke|p2|Chien-Pao, L50|\n|teampreview|4\n|\n|t:|1700675387\n|start\n|switch|p1a: Clefairy|Clefairy, L50, M|100\/100\n|switch|p1b: Arcanine|Arcanine-Hisui, L50, M|100\/100\n|switch|p2a: Ninetales|Ninetales-Alola, L50, M|100\/100\n|switch|p2b: Baxcalibur|Baxcalibur, L50, M|100\/100\n|-weather|Snow|[from] ability: Snow Warning|[of] p2a: Ninetales\n|-ability|p1b: Arcanine|Intimidate|boost\n|-unboost|p2a: Ninetales|atk|1\n|-unboost|p2b: Baxcalibur|atk|1\n|turn|1\n|\n|t:|1700675418\n|-terastallize|p2b: Baxcalibur|Fairy\n|move|p2a: Ninetales|Aurora Veil|p2a: Ninetales\n|-sidestart|p2: Johnboge|move: Aurora Veil\n|move|p2b: Baxcalibur|Swords Dance|p2b: Baxcalibur\n|-boost|p2b: Baxcalibur|atk|2\n|move|p1b: Arcanine|Rock Slide|p2b: Baxcalibur|[spread] p2a,p2b\n|-supereffective|p2a: Ninetales\n|-damage|p2a: Ninetales|51\/100\n|-damage|p2b: Baxcalibur|73\/100\n|move|p1a: Clefairy|Encore|p2b: Baxcalibur\n|-start|p2b: Baxcalibur|Encore\n|\n|-weather|Snow|[upkeep]\n|upkeep\n|turn|2\n|\n|t:|1700675447\n|switch|p2a: Sinistcha|Sinistcha, L50|100\/100\n|-heal|p2b: Baxcalibur|98\/100|[from] ability: Hospitality|[of] p2a: Sinistcha\n|move|p2b: Baxcalibur|Swords Dance|p2b: Baxcalibur\n|-boost|p2b: Baxcalibur|atk|2\n|move|p1b: Arcanine|Rock Slide|p2b: Baxcalibur|[spread] p2a,p2b\n|-damage|p2a: Sinistcha|75\/100\n|-damage|p2b: Baxcalibur|68\/100\n|move|p1a: Clefairy|Life Dew||[still]|[still]|[spread] \n|-fail|p1a: Clefairy|heal\n|-fail|p1b: Arcanine|heal\n|\n|-weather|Snow|[upkeep]\n|upkeep\n|turn|3\n|\n|t:|1700675503\n|switch|p1b: Ogerpon|Ogerpon-Wellspring, L50, F|100\/100\n|move|p2b: Baxcalibur|Swords Dance|p2b: Baxcalibur\n|-boost|p2b: Baxcalibur|atk|2\n|move|p2a: Sinistcha|Strength Sap|p1b: Ogerpon\n|-unboost|p1b: Ogerpon|atk|1\n|-heal|p2a: Sinistcha|100\/100\n|move|p1a: Clefairy|Encore|p2a: Sinistcha\n|-start|p2a: Sinistcha|Encore\n|\n|-weather|Snow|[upkeep]\n|upkeep\n|turn|4\n|\n|t:|1700675531\n|switch|p1b: Arcanine|Arcanine-Hisui, L50, M|100\/100\n|-ability|p1b: Arcanine|Intimidate|boost\n|-unboost|p2a: Sinistcha|atk|1\n|-unboost|p2b: Baxcalibur|atk|1\n|move|p1a: Clefairy|Follow Me|p1a: Clefairy\n|-singleturn|p1a: Clefairy|move: Follow Me\n|move|p2b: Baxcalibur|Swords Dance|p2b: Baxcalibur\n|-boost|p2b: Baxcalibur|atk|2\n|move|p2a: Sinistcha|Strength Sap|p1a: Clefairy\n|-unboost|p1a: Clefairy|atk|1\n|\n|-weather|Snow|[upkeep]\n|-end|p2b: Baxcalibur|Encore\n|upkeep\n|turn|5\n|\n|t:|1700675573\n|switch|p2a: Chien-Pao|Chien-Pao, L50|100\/100\n|-ability|p2a: Chien-Pao|Sword of Ruin\n|move|p1a: Clefairy|Follow Me|p1a: Clefairy\n|-singleturn|p1a: Clefairy|move: Follow Me\n|move|p2b: Baxcalibur|Icicle Spear|p1a: Clefairy\n|-crit|p1a: Clefairy\n|-damage|p1a: Clefairy|0 fnt\n|faint|p1a: Clefairy\n|-hitcount|p1: Clefairy|1\n|move|p1b: Arcanine|Flare Blitz|p2b: Baxcalibur\n|-crit|p2b: Baxcalibur\n|-damage|p2b: Baxcalibur|0 fnt\n|faint|p2b: Baxcalibur\n|-damage|p1b: Arcanine|78\/100|[from] Recoil\n|\n|-weather|none\n|upkeep\n|\n|t:|1700675605\n|switch|p2b: Ninetales|Ninetales-Alola, L50, M|51\/100\n|switch|p1a: Ogerpon|Ogerpon-Wellspring, L50, F|100\/100\n|-weather|Snow|[from] ability: Snow Warning|[of] p2b: Ninetales\n|turn|6\n|\n|t:|1700675622\n|move|p2b: Ninetales|Protect|p2b: Ninetales\n|-singleturn|p2b: Ninetales|Protect\n|move|p1a: Ogerpon|Follow Me|p1a: Ogerpon\n|-singleturn|p1a: Ogerpon|move: Follow Me\n|move|p2a: Chien-Pao|Sacred Sword|p1a: Ogerpon\n|-damage|p1a: Ogerpon|64\/100\n|move|p1b: Arcanine|Flare Blitz|p2a: Chien-Pao\n|-supereffective|p2a: Chien-Pao\n|-enditem|p2a: Chien-Pao|Focus Sash\n|-damage|p2a: Chien-Pao|1\/100\n|-damage|p1b: Arcanine|51\/100|[from] Recoil\n|\n|-weather|Snow|[upkeep]\n|upkeep\n|turn|7\n|\n|t:|1700675643\n|switch|p1b: Flutter Mane|Flutter Mane, L50|100\/100\n|-enditem|p1b: Flutter Mane|Booster Energy\n|-activate|p1b: Flutter Mane|ability: Protosynthesis|[fromitem]\n|-start|p1b: Flutter Mane|protosynthesisspe\n|move|p2a: Chien-Pao|Protect|p2a: Chien-Pao\n|-singleturn|p2a: Chien-Pao|Protect\n|move|p1a: Ogerpon|Spiky Shield|p1a: Ogerpon\n|-singleturn|p1a: Ogerpon|move: Protect\n|move|p2b: Ninetales|Icy Wind|p1a: Ogerpon|[spread] p1b\n|-activate|p1a: Ogerpon|move: Protect\n|-damage|p1b: Flutter Mane|87\/100\n|-unboost|p1b: Flutter Mane|spe|1\n|\n|-weather|Snow|[upkeep]\n|upkeep\n|turn|8\n|\n|t:|1700675675\n|move|p1a: Ogerpon|Follow Me|p1a: Ogerpon\n|-singleturn|p1a: Ogerpon|move: Follow Me\n|move|p2a: Chien-Pao|Sucker Punch||[still]\n|-fail|p2a: Chien-Pao\n|move|p1b: Flutter Mane|Dazzling Gleam|p2b: Ninetales|[spread] p2a,p2b\n|-supereffective|p2a: Chien-Pao\n|-crit|p2b: Ninetales\n|-damage|p2a: Chien-Pao|0 fnt\n|-damage|p2b: Ninetales|1\/100\n|faint|p2a: Chien-Pao\n|move|p2b: Ninetales|Icy Wind|p1b: Flutter Mane|[spread] p1a,p1b\n|-damage|p1a: Ogerpon|50\/100\n|-damage|p1b: Flutter Mane|74\/100\n|-unboost|p1a: Ogerpon|spe|1\n|-unboost|p1b: Flutter Mane|spe|1\n|\n|-weather|Snow|[upkeep]\n|-sideend|p2: Johnboge|move: Aurora Veil\n|upkeep\n|\n|t:|1700675691\n|switch|p2a: Sinistcha|Sinistcha, L50|100\/100\n|-heal|p2b: Ninetales|26\/100|[from] ability: Hospitality|[of] p2a: Sinistcha\n|turn|9\n|\n|t:|1700675705\n|-terastallize|p1a: Ogerpon|Water\n|detailschange|p1a: Ogerpon|Ogerpon-Wellspring-Tera, L50, F, tera:Water\n|-ability|p1a: Ogerpon|Embody Aspect (Wellspring)|boost\n|-boost|p1a: Ogerpon|spd|1\n|move|p2b: Ninetales|Protect|p2b: Ninetales\n|-singleturn|p2b: Ninetales|Protect\n|move|p1b: Flutter Mane|Protect|p1b: Flutter Mane\n|-singleturn|p1b: Flutter Mane|Protect\n|move|p2a: Sinistcha|Matcha Gotcha|p1b: Flutter Mane|[spread] p1a\n|-activate|p1b: Flutter Mane|move: Protect\n|-supereffective|p1a: Ogerpon\n|-damage|p1a: Ogerpon|7\/100\n|-status|p1a: Ogerpon|brn\n|move|p1a: Ogerpon|Giga Drain|p2b: Ninetales\n|-activate|p2b: Ninetales|move: Protect\n|\n|-weather|Snow|[upkeep]\n|-damage|p1a: Ogerpon|2\/100 brn|[from] brn\n|upkeep\n|turn|10\n|\n|t:|1700675741\n|move|p2b: Ninetales|Helping Hand|p2a: Sinistcha\n|-singleturn|p2a: Sinistcha|Helping Hand|[of] p2b: Ninetales\n|move|p1a: Ogerpon|Follow Me|p1a: Ogerpon\n|-singleturn|p1a: Ogerpon|move: Follow Me\n|move|p1b: Flutter Mane|Moonblast|p2b: Ninetales\n|-crit|p2b: Ninetales\n|-damage|p2b: Ninetales|0 fnt\n|faint|p2b: Ninetales\n|move|p2a: Sinistcha|Matcha Gotcha|p1b: Flutter Mane|[spread] p1a,p1b\n|-supereffective|p1a: Ogerpon\n|-crit|p1b: Flutter Mane\n|-damage|p1a: Ogerpon|0 fnt\n|-damage|p1b: Flutter Mane|0 fnt\n|faint|p1a: Ogerpon\n|faint|p1b: Flutter Mane\n|-end|p1b: Flutter Mane|Protosynthesis|[silent]\n|\n|-weather|none\n|upkeep\n|\n|t:|1700675766\n|switch|p1b: Arcanine|Arcanine-Hisui, L50, M|51\/100\n|-ability|p1b: Arcanine|Intimidate|boost\n|-unboost|p2a: Sinistcha|atk|1\n|turn|11\n|\n|t:|1700675775\n|move|p2a: Sinistcha|Protect|p2a: Sinistcha\n|-singleturn|p2a: Sinistcha|Protect\n|move|p1b: Arcanine|Flare Blitz|p2a: Sinistcha\n|-activate|p2a: Sinistcha|move: Protect\n|\n|upkeep\n|turn|12\n|\n|t:|1700675788\n|move|p1b: Arcanine|Flare Blitz|p2a: Sinistcha\n|-supereffective|p2a: Sinistcha\n|-damage|p2a: Sinistcha|0 fnt\n|faint|p2a: Sinistcha\n|-damage|p1b: Arcanine|20\/100|[from] Recoil\n|\n|win|wu1fan\n|raw|wu1fan's rating: 1128 &rarr; <strong>1144<\/strong><br \/>(+16 for winning)\n|raw|Johnboge's rating: 1000 &rarr; <strong>1000<\/strong><br \/>(+0 for losing)\n|l|\u2606Johnboge\n","uploadtime":1700675809,"views":6,"p1id":"wu1fan","p2id":"johnboge","formatid":"gen9vgc2023regulatione","rating":1000,"private":0,"password":""}