{"id":"gen9vgc2023regulatione-1991719389","p1":"SnrubYesthatlldo","p2":"FAMILIARCOL","format":"[Gen 9] VGC 2023 Regulation E","log":"|j|\u2606SnrubYesthatlldo\n|j|\u2606FAMILIARCOL\n|t:|1700106623\n|gametype|doubles\n|player|p1|SnrubYesthatlldo|101|1676\n|player|p2|FAMILIARCOL|pokemonranger-gen4|1584\n|teamsize|p1|6\n|teamsize|p2|6\n|gen|9\n|tier|[Gen 9] VGC 2023 Regulation E\n|rated|\n|rule|Species Clause: Limit one of each Pok\u00e9mon\n|rule|Item Clause: Limit one of each item\n|clearpoke\n|poke|p1|Roaring Moon, L50|\n|poke|p1|Chi-Yu, L50|\n|poke|p1|Flutter Mane, L50|\n|poke|p1|Amoonguss, L50, M|\n|poke|p1|Corviknight, L50, M|\n|poke|p1|Urshifu-*, L50, M|\n|poke|p2|Urshifu-*, L50, M|\n|poke|p2|Flutter Mane, L50|\n|poke|p2|Chi-Yu, L50|\n|poke|p2|Annihilape, L50, F|\n|poke|p2|Tornadus, L50, M|\n|poke|p2|Sinistcha, L50|\n|teampreview|4\n|inactive|Battle timer is ON: inactive players will automatically lose when time's up. (requested by FAMILIARCOL)\nSnrubYesthatlldo has agreed to open team sheets.\nFAMILIARCOL has agreed to open team sheets.\n|\n|t:|1700106656\n|start\n|switch|p1a: Roaring Moon|Roaring Moon, L50|100\/100\n|switch|p1b: Urshifu|Urshifu-Rapid-Strike, L50, M|100\/100\n|switch|p2a: Chi-Yu|Chi-Yu, L50|100\/100\n|switch|p2b: Tornadus|Tornadus, L50, M|100\/100\n|-ability|p2a: Chi-Yu|Beads of Ruin\n|-enditem|p1a: Roaring Moon|Booster Energy\n|-activate|p1a: Roaring Moon|ability: Protosynthesis|[fromitem]\n|-start|p1a: Roaring Moon|protosynthesisspe\n|turn|1\n|\n|t:|1700106676\n|move|p1b: Urshifu|Detect|p1b: Urshifu\n|-singleturn|p1b: Urshifu|Protect\n|move|p2b: Tornadus|Tailwind|p2b: Tornadus\n|-sidestart|p2: FAMILIARCOL|move: Tailwind\n|move|p2a: Chi-Yu|Psychic|p1b: Urshifu\n|-activate|p1b: Urshifu|move: Protect\n|move|p1a: Roaring Moon|Tailwind|p1a: Roaring Moon\n|-sidestart|p1: SnrubYesthatlldo|move: Tailwind\n|\n|upkeep\n|turn|2\n|inactive|SnrubYesthatlldo has 30 seconds left.\n|inactive|SnrubYesthatlldo has 20 seconds left.\n|inactive|SnrubYesthatlldo has 15 seconds left.\n|\n|t:|1700106720\n|-terastallize|p2a: Chi-Yu|Grass\n|move|p1b: Urshifu|Aqua Jet|p2a: Chi-Yu\n|-resisted|p2a: Chi-Yu\n|-damage|p2a: Chi-Yu|84\/100\n|move|p1a: Roaring Moon|Knock Off|p2a: Chi-Yu\n|-damage|p2a: Chi-Yu|10\/100\n|-enditem|p2a: Chi-Yu|Sitrus Berry|[from] move: Knock Off|[of] p1a: Roaring Moon\n|move|p2b: Tornadus|Bleakwind Storm|p1b: Urshifu|[spread] p1b\n|-miss|p2b: Tornadus|p1a: Roaring Moon\n|-supereffective|p1b: Urshifu\n|-enditem|p1b: Urshifu|Focus Sash\n|-damage|p1b: Urshifu|1\/100\n|move|p2a: Chi-Yu|Psychic|p1b: Urshifu\n|-supereffective|p1b: Urshifu\n|-damage|p1b: Urshifu|0 fnt\n|faint|p1b: Urshifu\n|\n|upkeep\n|\n|t:|1700106727\n|switch|p1b: Flutter Mane|Flutter Mane, L50|100\/100\n|turn|3\n|\n|t:|1700106742\n|-terastallize|p1b: Flutter Mane|Fairy\n|move|p1a: Roaring Moon|Knock Off|p2b: Tornadus\n|-damage|p2b: Tornadus|40\/100\n|-enditem|p2b: Tornadus|Mental Herb|[from] move: Knock Off|[of] p1a: Roaring Moon\n|move|p1b: Flutter Mane|Dazzling Gleam|p2a: Chi-Yu|[spread] p2a,p2b\n|-damage|p2a: Chi-Yu|0 fnt\n|-damage|p2b: Tornadus|0 fnt\n|faint|p2a: Chi-Yu\n|faint|p2b: Tornadus\n|\n|upkeep\n|\n|t:|1700106753\n|switch|p2b: Urshifu|Urshifu-Rapid-Strike, L50, M|100\/100\n|switch|p2a: Flutter Mane|Flutter Mane, L50, shiny|100\/100\n|-enditem|p2a: Flutter Mane|Booster Energy\n|-activate|p2a: Flutter Mane|ability: Protosynthesis|[fromitem]\n|-start|p2a: Flutter Mane|protosynthesisspa\n|turn|4\n|\n|t:|1700106766\n|move|p2b: Urshifu|Detect|p2b: Urshifu\n|-singleturn|p2b: Urshifu|Protect\n|move|p1a: Roaring Moon|Knock Off|p2b: Urshifu\n|-activate|p2b: Urshifu|move: Protect\n|move|p1b: Flutter Mane|Dazzling Gleam|p2a: Flutter Mane|[spread] p2a\n|-activate|p2b: Urshifu|move: Protect\n|-damage|p2a: Flutter Mane|38\/100\n|move|p2a: Flutter Mane|Dazzling Gleam|p1b: Flutter Mane|[spread] p1a,p1b\n|-supereffective|p1a: Roaring Moon\n|-damage|p1a: Roaring Moon|0 fnt\n|-damage|p1b: Flutter Mane|57\/100\n|faint|p1a: Roaring Moon\n|-end|p1a: Roaring Moon|Protosynthesis|[silent]\n|\n|-sideend|p2: FAMILIARCOL|move: Tailwind\n|-sideend|p1: SnrubYesthatlldo|move: Tailwind\n|upkeep\n|\n|t:|1700106768\n|switch|p1a: Amoonguss|Amoonguss, L50, M|100\/100\n|turn|5\n|inactive|FAMILIARCOL has 30 seconds left.\n|\n|t:|1700106795\n|move|p1a: Amoonguss|Rage Powder|p1a: Amoonguss\n|-singleturn|p1a: Amoonguss|move: Rage Powder\n|move|p2b: Urshifu|Aqua Jet|p1a: Amoonguss\n|-resisted|p1a: Amoonguss\n|-damage|p1a: Amoonguss|90\/100\n|-damage|p2b: Urshifu|84\/100|[from] item: Rocky Helmet|[of] p1a: Amoonguss\n|move|p1b: Flutter Mane|Dazzling Gleam|p2a: Flutter Mane|[spread] p2a,p2b\n|-supereffective|p2b: Urshifu\n|-damage|p2a: Flutter Mane|0 fnt\n|-damage|p2b: Urshifu|0 fnt\n|faint|p2a: Flutter Mane\n|-end|p2a: Flutter Mane|Protosynthesis|[silent]\n|faint|p2b: Urshifu\n|\n|win|SnrubYesthatlldo\n|raw|SnrubYesthatlldo's rating: 1676 &rarr; <strong>1691<\/strong><br \/>(+15 for winning)\n|raw|FAMILIARCOL's rating: 1584 &rarr; <strong>1569<\/strong><br \/>(-15 for losing)\n|l|\u2606FAMILIARCOL\n","uploadtime":1700106813,"views":24,"p1id":"snrubyesthatlldo","p2id":"familiarcol","formatid":"gen9vgc2023regulatione","rating":1569,"private":0,"password":""}