{"id":"gen9vgc2023regulatione-1997977659","p1":"Testting123","p2":"CheeseB0y","format":"[Gen 9] VGC 2023 Regulation E","log":"|j|\u2606Testting123\n|j|\u2606CheeseB0y\n|n|\u2606Testting123|testting123\n|n|\u2606CheeseB0y|cheeseb0y\n|html|View the match progress at <a href=\"\/game-bestof3-gen9vgc2023regulatione-1997977658\">game-bestof3-gen9vgc2023regulatione-1997977658<\/a>\n|t:|1700874538\n|gametype|doubles\n|player|p1|Testting123|blackbelt-gen4dp|\n|player|p2|CheeseB0y|cynthia|\n|teamsize|p1|6\n|teamsize|p2|6\n|gen|9\n|tier|[Gen 9] VGC 2023 Regulation E\n|rule|Species Clause: Limit one of each Pok\u00e9mon\n|rule|Item Clause: Limit one of each item\n|clearpoke\n|poke|p1|Florges, L50, F|\n|poke|p1|Hariyama, L50, M|\n|poke|p1|Oranguru, L50, F|\n|poke|p1|Torkoal, L50, M|\n|poke|p1|Roaring Moon, L50|\n|poke|p1|Bruxish, L50, F|\n|poke|p2|Flutter Mane, L50|\n|poke|p2|Great Tusk, L50|\n|poke|p2|Pawmot, L50, F|\n|poke|p2|Rotom-Wash, L50|\n|poke|p2|Squawkabilly-Blue, L50, F|\n|poke|p2|Victreebel, L50, M|\n|teampreview|4\n|inactive|Battle timer is ON: inactive players will automatically lose when time's up. (requested by CheeseB0y)\n|inactive|Testting123 has 60 seconds left.\n|inactive|CheeseB0y has 60 seconds left.\n|j| Jay Jingles\n|c| Jay Jingles|Oooo spicy teams\n|inactive|CheeseB0y has 30 seconds left.\n|c|\u2606CheeseB0y|glhf\n|inactiveoff|Battle timer is now OFF.\n|c|\u2606Testting123|u2!\n|c|\u2606CheeseB0y|oh sorry have auto timer start on lol\n|c|\u2606Testting123|all good\n|\n|t:|1700874650\n|start\n|switch|p1a: Hariyama|Hariyama, L50, M|100\/100\n|switch|p1b: Oranguru|Oranguru, L50, F|100\/100\n|switch|p2a: Flutter Mane|Flutter Mane, L50|100\/100\n|switch|p2b: Victreebel|Victreebel, L50, M|100\/100\n|-enditem|p2a: Flutter Mane|Booster Energy\n|-activate|p2a: Flutter Mane|ability: Protosynthesis|[fromitem]\n|-start|p2a: Flutter Mane|protosynthesisspe\n|turn|1\n|j| Kokinopleiding\n|\n|t:|1700874716\n|-terastallize|p2b: Victreebel|Ghost\n|move|p1b: Oranguru|Protect|p1b: Oranguru\n|-singleturn|p1b: Oranguru|Protect\n|move|p1a: Hariyama|Protect|p1a: Hariyama\n|-singleturn|p1a: Hariyama|Protect\n|move|p2a: Flutter Mane|Taunt|p1b: Oranguru\n|-activate|p1b: Oranguru|move: Protect\n|move|p2b: Victreebel|Sleep Powder|p1b: Oranguru\n|-activate|p1b: Oranguru|move: Protect\n|\n|-status|p1a: Hariyama|brn|[from] item: Flame Orb\n|upkeep\n|turn|2\n|j| hdsjjdndjd\n|\n|t:|1700874751\n|move|p1a: Hariyama|Bullet Punch|p2a: Flutter Mane\n|-supereffective|p2a: Flutter Mane\n|-damage|p2a: Flutter Mane|34\/100\n|move|p2a: Flutter Mane|Moonblast|p1a: Hariyama\n|-supereffective|p1a: Hariyama\n|-damage|p1a: Hariyama|29\/100 brn\n|move|p2b: Victreebel|Sleep Powder|p1b: Oranguru\n|-activate|p1b: Oranguru|item: Safety Goggles|Sleep Powder\n|move|p1b: Oranguru|Trick Room|p1b: Oranguru\n|-fieldstart|move: Trick Room|[of] p1b: Oranguru\n|\n|-damage|p1a: Hariyama|23\/100 brn|[from] brn\n|upkeep\n|turn|3\n|\n|t:|1700874801\n|move|p2a: Flutter Mane|Protect|p2a: Flutter Mane\n|-singleturn|p2a: Flutter Mane|Protect\n|move|p1a: Hariyama|Bullet Punch|p2b: Victreebel\n|-damage|p2b: Victreebel|70\/100\n|move|p1b: Oranguru|Instruct|p1a: Hariyama\n|-singleturn|p1a: Hariyama|move: Instruct|[of] p1b: Oranguru\n|move|p1a: Hariyama|Bullet Punch|p2b: Victreebel\n|-damage|p2b: Victreebel|41\/100\n|move|p2b: Victreebel|Poison Jab|p1a: Hariyama\n|-damage|p1a: Hariyama|0 fnt\n|faint|p1a: Hariyama\n|\n|upkeep\n|\n|t:|1700874812\n|switch|p1a: Torkoal|Torkoal, L50, M|100\/100\n|-weather|SunnyDay|[from] ability: Drought|[of] p1a: Torkoal\n|turn|4\n|\n|t:|1700874842\n|switch|p1b: Bruxish|Bruxish, L50, F|100\/100\n|-terastallize|p1a: Torkoal|Fire\n|move|p2b: Victreebel|Protect|p2b: Victreebel\n|-singleturn|p2b: Victreebel|Protect\n|move|p1a: Torkoal|Eruption|p2b: Victreebel|[spread] p2a\n|-activate|p2b: Victreebel|move: Protect\n|-damage|p2a: Flutter Mane|0 fnt\n|faint|p2a: Flutter Mane\n|-end|p2a: Flutter Mane|Protosynthesis|[silent]\n|\n|-weather|SunnyDay|[upkeep]\n|upkeep\n|\n|t:|1700874855\n|switch|p2a: Pawmot|Pawmot, L50, F|100\/100\n|turn|5\n|l| hdsjjdndjd\n|\n|t:|1700874896\n|move|p1a: Torkoal|Eruption|p2a: Pawmot|[spread] p2a,p2b\n|-enditem|p2a: Pawmot|Focus Sash\n|-damage|p2a: Pawmot|1\/100\n|-damage|p2b: Victreebel|0 fnt\n|faint|p2b: Victreebel\n|move|p1b: Bruxish|Psychic Fangs|p2a: Pawmot\n|-supereffective|p2a: Pawmot\n|-damage|p2a: Pawmot|0 fnt\n|faint|p2a: Pawmot\n|\n|-weather|SunnyDay|[upkeep]\n|upkeep\n|\n|t:|1700874903\n|switch|p2b: Great Tusk|Great Tusk, L50|100\/100\n|-activate|p2b: Great Tusk|ability: Protosynthesis\n|-start|p2b: Great Tusk|protosynthesisatk\n|turn|6\n|l| Jay Jingles\n|j| Jay Jingles\n|\n|t:|1700874946\n|move|p1b: Bruxish|Protect|p1b: Bruxish\n|-singleturn|p1b: Bruxish|Protect\n|move|p1a: Torkoal|Eruption|p2b: Great Tusk\n|-damage|p2b: Great Tusk|0 fnt\n|faint|p2b: Great Tusk\n|-end|p2b: Great Tusk|Protosynthesis|[silent]\n|\n|win|Testting123\n|c|&|\/uhtml prompt-cheeseb0y,CheeseB0y is ready for game 2!\n|inactive|Testting123 has 50 seconds to confirm battle start!\n|c|&|\/uhtml prompt-testting123,Testting123 is ready for game 2!\nBoth players are ready! Starting next match!\n|l| Kokinopleiding\n|j| Fmaster94\n|l| Fmaster94\n","uploadtime":1700874956,"views":13,"p1id":"testting123","p2id":"cheeseb0y","formatid":"gen9vgc2023regulatione","rating":0,"private":0,"password":""}