{"id":"gen9vgc2023regulatione-1989033335","p1":"MJSCANON11","p2":"PenglinHeHe","format":"[Gen 9] VGC 2023 Regulation E","log":"|j|\u2606MJSCANON11\n|j|\u2606PenglinHeHe\n|n|\u2606MJSCANON11|mjscanon11\n|n|\u2606PenglinHeHe|penglinhehe\n|html|View the match progress at <a href=\"\/game-bestof3-gen9vgc2023regulatione-1989028838\">game-bestof3-gen9vgc2023regulatione-1989028838<\/a>\n|t:|1699804629\n|gametype|doubles\n|player|p1|MJSCANON11|unknownf|\n|player|p2|PenglinHeHe|lady|\n|teamsize|p1|6\n|teamsize|p2|6\n|gen|9\n|tier|[Gen 9] VGC 2023 Regulation E\n|rule|Species Clause: Limit one of each Pok\u00e9mon\n|rule|Item Clause: Limit one of each item\n|clearpoke\n|poke|p1|Arcanine-Hisui, L50, M|\n|poke|p1|Enamorus-Therian, L50, F|\n|poke|p1|Regieleki, L50|\n|poke|p1|Rillaboom, L50, M|\n|poke|p1|Sneasler, L50, F|\n|poke|p1|Urshifu-*, L50, M|\n|poke|p2|Indeedee-F, L50, F|\n|poke|p2|Sylveon, L50, M|\n|poke|p2|Armarouge, L50, M|\n|poke|p2|Murkrow, L50, M|\n|poke|p2|Urshifu-*, L50, F|\n|poke|p2|Chi-Yu, L50|\n|teampreview|4\n|inactive|Battle timer is ON: inactive players will automatically lose when time's up. (requested by PenglinHeHe)\nMJSCANON11 has agreed to open team sheets.\nPenglinHeHe has agreed to open team sheets.\n|showteam|p1|Arcanine-Hisui||SitrusBerry|Intimidate|FlareBlitz,RockSlide,ExtremeSpeed,WillOWisp|||M|||50|,,,,,Water]Enamorus-Therian||Leftovers|Overcoat|Moonblast,EarthPower,CalmMind,Protect|||F|||50|,,,,,Steel]Regieleki||LifeOrb|Transistor|Thunderbolt,VoltSwitch,TeraBlast,Protect||||||50|,,,,,Ice]Rillaboom||AssaultVest|GrassySurge|WoodHammer,GrassyGlide,FakeOut,HighHorsepower|||M|||50|,,,,,Fire]Sneasler||GrassySeed|Unburden|CloseCombat,Acrobatics,SwordsDance,Protect|||F|||50|,,,,,Flying]Urshifu-Rapid-Strike||ChoiceScarf|UnseenFist|CloseCombat,SurgingStrikes,AquaJet,Uturn|||M|||50|,,,,,Water\n|showteam|p2|Indeedee-F||SafetyGoggles|PsychicSurge|FollowMe,HealPulse,Psychic,TrickRoom|||F|||50|,,,,,Dragon]Sylveon||SitrusBerry|Pixilate|ShadowBall,HyperVoice,CalmMind,Detect|||M|||50|,,,,,Ghost]Armarouge||LifeOrb|FlashFire|HeatWave,ExpandingForce,TeraBlast,Protect|||M|||50|,,,,,Fairy]Murkrow||FocusSash|Insomnia|Tailwind,Flatter,RainDance,Snarl|||M|||50|,,,,,Ghost]Urshifu-Rapid-Strike||ChoiceScarf|UnseenFist|SurgingStrikes,DrainPunch,PoisonJab,Uturn|||F|||50|,,,,,Poison]Chi-Yu||MirrorHerb|BeadsofRuin|TeraBlast,BurningJealousy,DarkPulse,Protect||||||50|,,,,,Water\n|inactive|MJSCANON11 has 30 seconds left.\n|inactive|MJSCANON11 has 20 seconds left.\n|inactive|MJSCANON11 has 15 seconds left.\n|\n|t:|1699804676\n|start\n|switch|p1a: Arcanine|Arcanine-Hisui, L50, M|100\/100\n|switch|p1b: Urshifu|Urshifu-Rapid-Strike, L50, M|100\/100\n|switch|p2a: Sylveon|Sylveon, L50, M|100\/100\n|switch|p2b: Indeedee|Indeedee-F, L50, F, shiny|100\/100\n|-ability|p1a: Arcanine|Intimidate|boost\n|-unboost|p2a: Sylveon|atk|1\n|-unboost|p2b: Indeedee|atk|1\n|-fieldstart|move: Psychic Terrain|[from] ability: Psychic Surge|[of] p2b: Indeedee\n|turn|1\n|inactive|MJSCANON11 has 30 seconds left.\n|\n|t:|1699804705\n|move|p1b: Urshifu|U-turn|p2b: Indeedee\n|-supereffective|p2b: Indeedee\n|-damage|p2b: Indeedee|51\/100\n|\n|t:|1699804708\n|switch|p1b: Sneasler|Sneasler, L50, F|100\/100|[from] U-turn\n|move|p1a: Arcanine|Rock Slide|p2b: Indeedee|[spread] p2a,p2b\n|-damage|p2a: Sylveon|77\/100\n|-damage|p2b: Indeedee|28\/100\n|move|p2a: Sylveon|Calm Mind|p2a: Sylveon\n|-boost|p2a: Sylveon|spa|1\n|-boost|p2a: Sylveon|spd|1\n|move|p2b: Indeedee|Trick Room|p2b: Indeedee\n|-fieldstart|move: Trick Room|[of] p2b: Indeedee\n|\n|upkeep\n|turn|2\n|inactive|MJSCANON11 has 30 seconds left.\n|inactive|PenglinHeHe has 30 seconds left.\n|inactive|MJSCANON11 has 20 seconds left.\n|inactive|MJSCANON11 has 15 seconds left.\n|\n|t:|1699804749\n|-terastallize|p2a: Sylveon|Ghost\n|move|p1b: Sneasler|Protect|p1b: Sneasler\n|-singleturn|p1b: Sneasler|Protect\n|move|p2a: Sylveon|Shadow Ball|p1a: Arcanine\n|-damage|p1a: Arcanine|44\/100\n|-enditem|p1a: Arcanine|Sitrus Berry|[eat]\n|-heal|p1a: Arcanine|69\/100|[from] item: Sitrus Berry\n|move|p2b: Indeedee|Psychic|p1a: Arcanine\n|-damage|p1a: Arcanine|23\/100\n|move|p1a: Arcanine|Flare Blitz|p2a: Sylveon\n|-damage|p2a: Sylveon|21\/100\n|-enditem|p2a: Sylveon|Sitrus Berry|[eat]\n|-heal|p2a: Sylveon|46\/100|[from] item: Sitrus Berry\n|-damage|p1a: Arcanine|5\/100|[from] Recoil\n|\n|upkeep\n|turn|3\n|inactive|MJSCANON11 has 30 seconds left.\n|\n|t:|1699804781\n|switch|p1a: Rillaboom|Rillaboom, L50, M|100\/100\n|-fieldstart|move: Grassy Terrain|[from] ability: Grassy Surge|[of] p1a: Rillaboom\n|-enditem|p1b: Sneasler|Grassy Seed\n|-boost|p1b: Sneasler|def|1|[from] item: Grassy Seed\n|move|p2a: Sylveon|Hyper Voice|p1a: Rillaboom|[spread] p1a,p1b\n|-crit|p1a: Rillaboom\n|-damage|p1a: Rillaboom|39\/100\n|-damage|p1b: Sneasler|37\/100\n|move|p2b: Indeedee|Heal Pulse|p2a: Sylveon\n|-heal|p2a: Sylveon|96\/100\n|move|p1b: Sneasler|Acrobatics|p2b: Indeedee\n|-damage|p2b: Indeedee|0 fnt\n|faint|p2b: Indeedee\n|\n|-heal|p2a: Sylveon|100\/100|[from] Grassy Terrain\n|-heal|p1a: Rillaboom|45\/100|[from] Grassy Terrain\n|-heal|p1b: Sneasler|43\/100|[from] Grassy Terrain\n|upkeep\n|\n|t:|1699804799\n|switch|p2b: Chi-Yu|Chi-Yu, L50|100\/100\n|-ability|p2b: Chi-Yu|Beads of Ruin\n|turn|4\n|inactive|MJSCANON11 has 30 seconds left.\n|inactive|MJSCANON11 has 20 seconds left.\n|inactive|MJSCANON11 has 15 seconds left.\n|\n|t:|1699804840\n|switch|p1b: Arcanine|Arcanine-Hisui, L50, M|5\/100\n|-ability|p1b: Arcanine|Intimidate|boost\n|-unboost|p2a: Sylveon|atk|1\n|-unboost|p2b: Chi-Yu|atk|1\n|-terastallize|p1a: Rillaboom|Fire\n|move|p1a: Rillaboom|Grassy Glide|p2a: Sylveon\n|-damage|p2a: Sylveon|58\/100\n|move|p2a: Sylveon|Shadow Ball|p1a: Rillaboom\n|-damage|p1a: Rillaboom|0 fnt\n|faint|p1a: Rillaboom\n|move|p2b: Chi-Yu|Burning Jealousy|p1b: Arcanine\n|-resisted|p1b: Arcanine\n|-damage|p1b: Arcanine|0 fnt\n|faint|p1b: Arcanine\n|\n|-heal|p2a: Sylveon|64\/100|[from] Grassy Terrain\n|upkeep\n|\n|t:|1699804851\n|switch|p1a: Sneasler|Sneasler, L50, F|43\/100\n|switch|p1b: Urshifu|Urshifu-Rapid-Strike, L50, M|100\/100\n|turn|5\n|inactive|PenglinHeHe has 30 seconds left.\n|\n|t:|1699804876\n|move|p1a: Sneasler|Protect|p1a: Sneasler\n|-singleturn|p1a: Sneasler|Protect\n|move|p1b: Urshifu|Aqua Jet|p2b: Chi-Yu\n|-supereffective|p2b: Chi-Yu\n|-damage|p2b: Chi-Yu|25\/100\n|move|p2a: Sylveon|Hyper Voice|p1b: Urshifu|[spread] p1b\n|-activate|p1a: Sneasler|move: Protect\n|-supereffective|p1b: Urshifu\n|-damage|p1b: Urshifu|0 fnt\n|faint|p1b: Urshifu\n|move|p2b: Chi-Yu|Dark Pulse|p1a: Sneasler\n|-activate|p1a: Sneasler|move: Protect\n|\n|-heal|p2a: Sylveon|69\/100|[from] Grassy Terrain\n|-heal|p1a: Sneasler|50\/100|[from] Grassy Terrain\n|-heal|p2b: Chi-Yu|31\/100|[from] Grassy Terrain\n|-fieldend|move: Trick Room\n|upkeep\n|turn|6\n|\n|t:|1699804898\n|move|p2b: Chi-Yu|Burning Jealousy|p1a: Sneasler\n|-damage|p1a: Sneasler|0 fnt\n|faint|p1a: Sneasler\n|\n|win|PenglinHeHe\n|c|\u2606PenglinHeHe|gg\n|l|\u2606MJSCANON11\n","uploadtime":1699804909,"views":9,"p1id":"mjscanon11","p2id":"penglinhehe","formatid":"gen9vgc2023regulatione","rating":0,"private":0,"password":""}