{"id":"gen9vgc2023regulatione-1991431186","p1":"Kzejzhzk","p2":"maceofspades42","format":"[Gen 9] VGC 2023 Regulation E","log":"|j|\u2606Kzejzhzk\n|j|\u2606maceofspades42\n|t:|1700076527\n|gametype|doubles\n|player|p1|Kzejzhzk|lance|1000\n|player|p2|maceofspades42|265|1061\n|teamsize|p1|6\n|teamsize|p2|6\n|gen|9\n|tier|[Gen 9] VGC 2023 Regulation E\n|rated|\n|rule|Species Clause: Limit one of each Pok\u00e9mon\n|rule|Item Clause: Limit one of each item\n|clearpoke\n|poke|p1|Flutter Mane, L50|\n|poke|p1|Tornadus, L50, M|\n|poke|p1|Rillaboom, L50, F|\n|poke|p1|Garganacl, L50, M|\n|poke|p1|Arcanine-Hisui, L50, M|\n|poke|p1|Chien-Pao, L50|\n|poke|p2|Azelf, L50|\n|poke|p2|Mesprit, L50|\n|poke|p2|Uxie, L50|\n|poke|p2|Amoonguss, L50, F|\n|poke|p2|Tornadus, L50, M|\n|poke|p2|Ninetales-Alola, L50, F|\n|teampreview|4\n|j| Bingin Chillingin\n|l| Bingin Chillingin\n|\n|t:|1700076549\n|start\n|switch|p1a: Tornadus|Tornadus, L50, M|100\/100\n|switch|p1b: Garganacl|Garganacl, L50, M|100\/100\n|switch|p2a: Tornadus|Tornadus, L50, M|100\/100\n|switch|p2b: Azelf|Azelf, L50|100\/100\n|turn|1\n|\n|t:|1700076597\n|move|p2a: Tornadus|Protect|p2a: Tornadus\n|-singleturn|p2a: Tornadus|Protect\n|move|p1b: Garganacl|Protect|p1b: Garganacl\n|-singleturn|p1b: Garganacl|Protect\n|move|p1a: Tornadus|Tailwind|p1a: Tornadus\n|-sidestart|p1: Kzejzhzk|move: Tailwind\n|move|p2b: Azelf|Explosion|p1b: Garganacl|[spread] p1a\n|-activate|p2a: Tornadus|move: Protect\n|-activate|p1b: Garganacl|move: Protect\n|-damage|p1a: Tornadus|0 fnt\n|faint|p2b: Azelf\n|faint|p1a: Tornadus\n|\n|upkeep\n|\n|t:|1700076617\n|switch|p2b: Mesprit|Mesprit, L50|100\/100\n|switch|p1a: Arcanine|Arcanine-Hisui, L50, M|100\/100\n|-ability|p1a: Arcanine|Intimidate|boost\n|-unboost|p2a: Tornadus|atk|1\n|-unboost|p2b: Mesprit|atk|1\n|turn|2\n|\n|t:|1700076644\n|-terastallize|p2a: Tornadus|Water\n|-terastallize|p1b: Garganacl|Ghost\n|move|p2b: Mesprit|Protect|p2b: Mesprit\n|-singleturn|p2b: Mesprit|Protect\n|move|p2a: Tornadus|Tailwind|p2a: Tornadus\n|-sidestart|p2: maceofspades42|move: Tailwind\n|move|p1a: Arcanine|Rock Slide|p2a: Tornadus|[spread] \n|-activate|p2b: Mesprit|move: Protect\n|-miss|p1a: Arcanine|p2a: Tornadus\n|move|p1b: Garganacl|Salt Cure|p2b: Mesprit\n|-activate|p2b: Mesprit|move: Protect\n|\n|upkeep\n|turn|3\n|\n|t:|1700076682\n|move|p2a: Tornadus|Bleakwind Storm|p1b: Garganacl|[spread] p1a,p1b\n|-resisted|p1a: Arcanine\n|-damage|p1a: Arcanine|70\/100\n|-damage|p1b: Garganacl|70\/100\n|move|p1a: Arcanine|Rock Slide|p2a: Tornadus|[spread] p2a,p2b\n|-damage|p2a: Tornadus|43\/100\n|-damage|p2b: Mesprit|61\/100\n|move|p2b: Mesprit|Psychic|p1a: Arcanine\n|-damage|p1a: Arcanine|19\/100\n|move|p1b: Garganacl|Salt Cure|p2a: Tornadus\n|-crit|p2a: Tornadus\n|-damage|p2a: Tornadus|13\/100\n|-start|p2a: Tornadus|Salt Cure\n|\n|-damage|p2a: Tornadus|0 fnt|[from] Salt Cure\n|faint|p2a: Tornadus\n|upkeep\n|\n|t:|1700076695\n|switch|p2a: Uxie|Uxie, L50|100\/100\n|turn|4\n|\n|t:|1700076714\n|move|p2b: Mesprit|Protect|p2b: Mesprit\n|-singleturn|p2b: Mesprit|Protect\n|move|p1a: Arcanine|Rock Slide|p2b: Mesprit|[spread] p2a\n|-activate|p2b: Mesprit|move: Protect\n|-damage|p2a: Uxie|72\/100\n|move|p2a: Uxie|Dazzling Gleam|p1b: Garganacl|[spread] p1a,p1b\n|-resisted|p1a: Arcanine\n|-damage|p1a: Arcanine|12\/100\n|-damage|p1b: Garganacl|61\/100\n|move|p1b: Garganacl|Salt Cure|p2a: Uxie\n|-damage|p2a: Uxie|63\/100\n|-start|p2a: Uxie|Salt Cure\n|\n|-heal|p2a: Uxie|69\/100|[from] item: Leftovers\n|-damage|p2a: Uxie|57\/100|[from] Salt Cure\n|-sideend|p1: Kzejzhzk|move: Tailwind\n|upkeep\n|turn|5\n|inactive|Battle timer is ON: inactive players will automatically lose when time's up. (requested by Kzejzhzk)\n|\n|t:|1700076757\n|move|p1b: Garganacl|Protect|p1b: Garganacl\n|-singleturn|p1b: Garganacl|Protect\n|move|p2b: Mesprit|Draining Kiss|p1a: Arcanine\n|-resisted|p1a: Arcanine\n|-damage|p1a: Arcanine|1\/100\n|-heal|p2b: Mesprit|69\/100|[from] drain|[of] p1a: Arcanine\n|move|p2a: Uxie|Psychic|p1b: Garganacl\n|-activate|p1b: Garganacl|move: Protect\n|move|p1a: Arcanine|Rock Slide|p2b: Mesprit|[spread] \n|-miss|p1a: Arcanine|p2a: Uxie\n|-miss|p1a: Arcanine|p2b: Mesprit\n|\n|-heal|p2a: Uxie|63\/100|[from] item: Leftovers\n|-damage|p2a: Uxie|50\/100|[from] Salt Cure\n|-sideend|p2: maceofspades42|move: Tailwind\n|upkeep\n|turn|6\n|inactive|maceofspades42 has 30 seconds left.\n|\n|t:|1700076788\n|move|p2b: Mesprit|Protect|p2b: Mesprit\n|-singleturn|p2b: Mesprit|Protect\n|move|p1a: Arcanine|Rock Slide|p2a: Uxie|[spread] p2a\n|-activate|p2b: Mesprit|move: Protect\n|-damage|p2a: Uxie|22\/100\n|cant|p2a: Uxie|flinch\n|move|p1b: Garganacl|Recover|p1b: Garganacl\n|-heal|p1b: Garganacl|100\/100\n|\n|-heal|p2a: Uxie|28\/100|[from] item: Leftovers\n|-damage|p2a: Uxie|16\/100|[from] Salt Cure\n|upkeep\n|turn|7\n|inactive|maceofspades42 has 30 seconds left.\n|\n|t:|1700076813\n|move|p1b: Garganacl|Protect|p1b: Garganacl\n|-singleturn|p1b: Garganacl|Protect\n|move|p1a: Arcanine|Rock Slide|p2a: Uxie|[spread] p2b\n|-miss|p1a: Arcanine|p2a: Uxie\n|-damage|p2b: Mesprit|31\/100\n|-enditem|p2b: Mesprit|Sitrus Berry|[eat]\n|-heal|p2b: Mesprit|55\/100|[from] item: Sitrus Berry\n|move|p2b: Mesprit|Draining Kiss|p1a: Arcanine\n|-resisted|p1a: Arcanine\n|-damage|p1a: Arcanine|0 fnt\n|-heal|p2b: Mesprit|56\/100|[from] drain|[of] p1a: Arcanine\n|faint|p1a: Arcanine\n|move|p2a: Uxie|Dazzling Gleam|p1b: Garganacl\n|-activate|p1b: Garganacl|move: Protect\n|\n|-heal|p2a: Uxie|22\/100|[from] item: Leftovers\n|-damage|p2a: Uxie|10\/100|[from] Salt Cure\n|upkeep\n|\n|t:|1700076821\n|switch|p1a: Flutter Mane|Flutter Mane, L50|100\/100\n|-enditem|p1a: Flutter Mane|Booster Energy\n|-activate|p1a: Flutter Mane|ability: Protosynthesis|[fromitem]\n|-start|p1a: Flutter Mane|protosynthesisspe\n|turn|8\n|\n|t:|1700076845\n|move|p1a: Flutter Mane|Protect|p1a: Flutter Mane\n|-singleturn|p1a: Flutter Mane|Protect\n|move|p2b: Mesprit|Psychic|p1a: Flutter Mane\n|-activate|p1a: Flutter Mane|move: Protect\n|move|p2a: Uxie|Psychic|p1a: Flutter Mane\n|-activate|p1a: Flutter Mane|move: Protect\n|move|p1b: Garganacl|Salt Cure|p2b: Mesprit\n|-damage|p2b: Mesprit|41\/100\n|-start|p2b: Mesprit|Salt Cure\n|\n|-heal|p2a: Uxie|16\/100|[from] item: Leftovers\n|-damage|p2b: Mesprit|29\/100|[from] Salt Cure\n|-damage|p2a: Uxie|4\/100|[from] Salt Cure\n|upkeep\n|turn|9\n|\n|t:|1700076863\n|move|p1a: Flutter Mane|Substitute|p1a: Flutter Mane\n|-start|p1a: Flutter Mane|Substitute\n|-damage|p1a: Flutter Mane|76\/100\n|move|p2b: Mesprit|Psychic|p1a: Flutter Mane\n|-end|p1a: Flutter Mane|Substitute\n|move|p2a: Uxie|Psychic|p1a: Flutter Mane\n|-damage|p1a: Flutter Mane|44\/100\n|move|p1b: Garganacl|Recover||[still]\n|-fail|p1b: Garganacl|heal\n|\n|-heal|p2a: Uxie|10\/100|[from] item: Leftovers\n|-damage|p2b: Mesprit|17\/100|[from] Salt Cure\n|-damage|p2a: Uxie|0 fnt|[from] Salt Cure\n|faint|p2a: Uxie\n|upkeep\n|turn|10\n|-message|maceofspades42 forfeited.\n|\n|win|Kzejzhzk\n|raw|Kzejzhzk's rating: 1000 &rarr; <strong>1047<\/strong><br \/>(+47 for winning)\n|raw|maceofspades42's rating: 1061 &rarr; <strong>1039<\/strong><br \/>(-22 for losing)\n|l|\u2606maceofspades42\n","uploadtime":1700076905,"views":9,"p1id":"kzejzhzk","p2id":"maceofspades42","formatid":"gen9vgc2023regulatione","rating":1039,"private":0,"password":""}