{"id":"gen9vgc2023regulatione-1998150458","p1":"DouWu","p2":"Testing_Chue","format":"[Gen 9] VGC 2023 Regulation E","log":"|j|\u2606DouWu\n|j|\u2606Testing_Chue\n|t:|1700901169\n|gametype|doubles\n|player|p1|DouWu|larry|1422\n|player|p2|Testing_Chue|1|1353\n|teamsize|p1|6\n|teamsize|p2|6\n|gen|9\n|tier|[Gen 9] VGC 2023 Regulation E\n|rated|\n|rule|Species Clause: Limit one of each Pok\u00e9mon\n|rule|Item Clause: Limit one of each item\n|clearpoke\n|poke|p1|Toxapex, L50, M|\n|poke|p1|Wo-Chien, L50|\n|poke|p1|Flutter Mane, L50|\n|poke|p1|Chi-Yu, L50|\n|poke|p1|Garganacl, L50, F|\n|poke|p1|Milotic, L50, F|\n|poke|p2|Yanmega, L50, M|\n|poke|p2|Landorus-Therian, L50, M|\n|poke|p2|Ogerpon-Wellspring, L50, F|\n|poke|p2|Urshifu-*, L50, M|\n|poke|p2|Thundurus, L50, M|\n|poke|p2|Roaring Moon, L50|\n|teampreview|4\n|inactive|Battle timer is ON: inactive players will automatically lose when time's up. (requested by Testing_Chue)\n|j| Asacado\n|l| Asacado\n|inactive|Testing_Chue has 60 seconds left.\n|inactive|Testing_Chue has 30 seconds left.\n|inactive|Testing_Chue has 20 seconds left.\n|inactive|Testing_Chue has 15 seconds left.\n|\n|t:|1700901252\n|start\n|switch|p1a: Garganacl|Garganacl, L50, F|100\/100\n|switch|p1b: Flutter Mane|Flutter Mane, L50|100\/100\n|switch|p2a: Ogerpon|Ogerpon-Wellspring, L50, F|100\/100\n|switch|p2b: Yanmega|Yanmega, L50, M|100\/100\n|turn|1\n|\n|t:|1700901274\n|move|p2a: Ogerpon|Spiky Shield|p2a: Ogerpon\n|-singleturn|p2a: Ogerpon|move: Protect\n|move|p1a: Garganacl|Protect|p1a: Garganacl\n|-singleturn|p1a: Garganacl|Protect\n|move|p1b: Flutter Mane|Power Gem|p2b: Yanmega\n|-supereffective|p2b: Yanmega\n|-enditem|p2b: Yanmega|Focus Sash\n|-damage|p2b: Yanmega|1\/100\n|-damage|p1b: Flutter Mane|91\/100|[from] item: Life Orb\n|move|p2b: Yanmega|Tailwind|p2b: Yanmega\n|-sidestart|p2: Testing_Chue|move: Tailwind\n|\n|-ability|p2b: Yanmega|Speed Boost|boost\n|-boost|p2b: Yanmega|spe|1\n|upkeep\n|turn|2\n|\n|t:|1700901298\n|-end|p1b: Flutter Mane|Protosynthesis|[silent]\n|switch|p1b: Milotic|Milotic, L50, F|100\/100\n|-terastallize|p1a: Garganacl|Fairy\n|move|p2b: Yanmega|Screech|p1a: Garganacl\n|-unboost|p1a: Garganacl|def|2\n|move|p2a: Ogerpon|Horn Leech|p1a: Garganacl\n|-damage|p1a: Garganacl|42\/100\n|-enditem|p1a: Garganacl|Sitrus Berry|[eat]\n|-heal|p1a: Garganacl|67\/100|[from] item: Sitrus Berry\n|move|p1a: Garganacl|Salt Cure|p2a: Ogerpon\n|-damage|p2a: Ogerpon|82\/100\n|-start|p2a: Ogerpon|Salt Cure\n|\n|-damage|p2a: Ogerpon|57\/100|[from] Salt Cure\n|-ability|p2b: Yanmega|Speed Boost|boost\n|-boost|p2b: Yanmega|spe|1\n|-status|p1b: Milotic|brn|[from] item: Flame Orb\n|upkeep\n|turn|3\n|inactive|DouWu has 30 seconds left.\n|inactive|Testing_Chue has 30 seconds left.\n|\n|t:|1700901324\n|switch|p2a: Roaring Moon|Roaring Moon, L50|100\/100\n|-enditem|p2a: Roaring Moon|Booster Energy\n|-activate|p2a: Roaring Moon|ability: Protosynthesis|[fromitem]\n|-start|p2a: Roaring Moon|protosynthesisspe\n|move|p2b: Yanmega|Detect|p2b: Yanmega\n|-singleturn|p2b: Yanmega|Protect\n|move|p1a: Garganacl|Protect|p1a: Garganacl\n|-singleturn|p1a: Garganacl|Protect\n|move|p1b: Milotic|Coil|p1b: Milotic\n|-boost|p1b: Milotic|atk|1\n|-boost|p1b: Milotic|def|1\n|-boost|p1b: Milotic|accuracy|1\n|\n|-damage|p1b: Milotic|95\/100 brn|[from] brn\n|-ability|p2b: Yanmega|Speed Boost|boost\n|-boost|p2b: Yanmega|spe|1\n|upkeep\n|turn|4\n|inactive|DouWu has 30 seconds left.\n|inactive|Testing_Chue has 30 seconds left.\n|inactive|DouWu has 20 seconds left.\n|inactive|DouWu has 15 seconds left.\n|\n|t:|1700901366\n|move|p1a: Garganacl|Protect|p1a: Garganacl\n|-singleturn|p1a: Garganacl|Protect\n|move|p2b: Yanmega|Screech|p1b: Milotic\n|-unboost|p1b: Milotic|def|2\n|move|p2a: Roaring Moon|Knock Off|p1b: Milotic\n|-damage|p1b: Milotic|57\/100 brn\n|-enditem|p1b: Milotic|Flame Orb|[from] move: Knock Off|[of] p2a: Roaring Moon\n|move|p1b: Milotic|Coil|p1b: Milotic\n|-boost|p1b: Milotic|atk|1\n|-boost|p1b: Milotic|def|1\n|-boost|p1b: Milotic|accuracy|1\n|\n|-damage|p1b: Milotic|51\/100 brn|[from] brn\n|-sideend|p2: Testing_Chue|move: Tailwind\n|-ability|p2b: Yanmega|Speed Boost|boost\n|-boost|p2b: Yanmega|spe|1\n|upkeep\n|turn|5\n|inactive|Testing_Chue has 30 seconds left.\n|\n|t:|1700901392\n|-terastallize|p2a: Roaring Moon|Flying\n|move|p2b: Yanmega|Screech|p1a: Garganacl\n|-unboost|p1a: Garganacl|def|2\n|move|p2a: Roaring Moon|Acrobatics|p1a: Garganacl\n|-crit|p1a: Garganacl\n|-damage|p1a: Garganacl|0 fnt\n|faint|p1a: Garganacl\n|move|p1b: Milotic|Recover|p1b: Milotic\n|-heal|p1b: Milotic|100\/100 brn\n|\n|-damage|p1b: Milotic|95\/100 brn|[from] brn\n|-ability|p2b: Yanmega|Speed Boost|boost\n|-boost|p2b: Yanmega|spe|1\n|upkeep\n|\n|t:|1700901408\n|switch|p1a: Flutter Mane|Flutter Mane, L50|91\/100\n|turn|6\n|\n|t:|1700901420\n|move|p2b: Yanmega|Tailwind|p2b: Yanmega\n|-sidestart|p2: Testing_Chue|move: Tailwind\n|move|p2a: Roaring Moon|Dragon Dance|p2a: Roaring Moon\n|-boost|p2a: Roaring Moon|atk|1\n|-boost|p2a: Roaring Moon|spe|1\n|move|p1a: Flutter Mane|Dazzling Gleam|p2a: Roaring Moon|[spread] p2a,p2b\n|-damage|p2a: Roaring Moon|65\/100\n|-damage|p2b: Yanmega|0 fnt\n|faint|p2b: Yanmega\n|-damage|p1a: Flutter Mane|81\/100|[from] item: Life Orb\n|move|p1b: Milotic|Hypnosis|p2a: Roaring Moon\n|-status|p2a: Roaring Moon|slp|[from] move: Hypnosis\n|\n|-damage|p1b: Milotic|89\/100 brn|[from] brn\n|upkeep\n|\n|t:|1700901424\n|switch|p2b: Ogerpon|Ogerpon-Wellspring, L50, F|57\/100\n|turn|7\n|\n|t:|1700901444\n|cant|p2a: Roaring Moon|slp\n|move|p2b: Ogerpon|Ivy Cudgel|p1a: Flutter Mane|[anim] Ivy Cudgel Water\n|-damage|p1a: Flutter Mane|4\/100\n|move|p1a: Flutter Mane|Dazzling Gleam|p2b: Ogerpon|[spread] p2a,p2b\n|-damage|p2a: Roaring Moon|31\/100 slp\n|-damage|p2b: Ogerpon|14\/100\n|-damage|p1a: Flutter Mane|0 fnt|[from] item: Life Orb\n|faint|p1a: Flutter Mane\n|-end|p1a: Flutter Mane|Protosynthesis|[silent]\n|move|p1b: Milotic|Hypnosis|p2b: Ogerpon\n|-status|p2b: Ogerpon|slp|[from] move: Hypnosis\n|\n|-damage|p1b: Milotic|83\/100 brn|[from] brn\n|upkeep\n|\n|t:|1700901460\n|switch|p1a: Chi-Yu|Chi-Yu, L50|100\/100\n|-ability|p1a: Chi-Yu|Beads of Ruin\n|turn|8\n|\n|t:|1700901471\n|cant|p2a: Roaring Moon|slp\n|cant|p2b: Ogerpon|slp\n|move|p1a: Chi-Yu|Heat Wave|p2b: Ogerpon|[spread] p2a,p2b\n|-damage|p2a: Roaring Moon|0 fnt\n|-damage|p2b: Ogerpon|0 fnt\n|faint|p2a: Roaring Moon\n|-end|p2a: Roaring Moon|Protosynthesis|[silent]\n|faint|p2b: Ogerpon\n|move|p1b: Milotic|Scald|p2: Roaring Moon|[notarget]\n|-fail|p1b: Milotic\n|\n|-damage|p1b: Milotic|77\/100 brn|[from] brn\n|upkeep\n|\n|t:|1700901475\n|switch|p2b: Landorus|Landorus-Therian, L50, M|100\/100\n|-ability|p2b: Landorus|Intimidate|boost\n|-unboost|p1a: Chi-Yu|atk|1\n|-unboost|p1b: Milotic|atk|1\n|turn|9\n|\n|t:|1700901498\n|move|p2b: Landorus|Earthquake|p1b: Milotic|[spread] p1a,p1b\n|-supereffective|p1a: Chi-Yu\n|-enditem|p1a: Chi-Yu|Focus Sash\n|-damage|p1a: Chi-Yu|1\/100\n|-damage|p1b: Milotic|54\/100 brn\n|move|p1a: Chi-Yu|Will-O-Wisp|p2b: Landorus\n|-status|p2b: Landorus|brn\n|move|p1b: Milotic|Scald|p2b: Landorus\n|-supereffective|p2b: Landorus\n|-damage|p2b: Landorus|30\/100 brn\n|\n|-damage|p2b: Landorus|24\/100 brn|[from] brn\n|-damage|p1b: Milotic|48\/100 brn|[from] brn\n|-sideend|p2: Testing_Chue|move: Tailwind\n|upkeep\n|turn|10\n|-message|Testing_Chue forfeited.\n|\n|win|DouWu\n|raw|DouWu's rating: 1422 &rarr; <strong>1438<\/strong><br \/>(+16 for winning)\n|raw|Testing_Chue's rating: 1353 &rarr; <strong>1337<\/strong><br \/>(-16 for losing)\n|l|\u2606Testing_Chue\n","uploadtime":1700901515,"views":8,"p1id":"douwu","p2id":"testingchue","formatid":"gen9vgc2023regulatione","rating":1337,"private":0,"password":""}