{"id":"gen9vgc2023regulatione-1989212366","p1":"Kzjrehzl","p2":"KarouVGC","format":"[Gen 9] VGC 2023 Regulation E","log":"|j|\u2606Kzjrehzl\n|j|\u2606KarouVGC\n|t:|1699823987\n|gametype|doubles\n|player|p1|Kzjrehzl|lance|1118\n|player|p2|KarouVGC|clerk-boss|1062\n|teamsize|p1|6\n|teamsize|p2|6\n|gen|9\n|tier|[Gen 9] VGC 2023 Regulation E\n|rated|\n|rule|Species Clause: Limit one of each Pok\u00e9mon\n|rule|Item Clause: Limit one of each item\n|clearpoke\n|poke|p1|Flutter Mane, L50|\n|poke|p1|Tornadus, L50, M|\n|poke|p1|Rillaboom, L50, F|\n|poke|p1|Garganacl, L50, F|\n|poke|p1|Arcanine-Hisui, L50, M|\n|poke|p1|Chien-Pao, L50|\n|poke|p2|Gastrodon, L50, F|\n|poke|p2|Maushold, L50|\n|poke|p2|Gyarados, L50, F|\n|poke|p2|Arcanine-Hisui, L50, M|\n|poke|p2|Brute Bonnet, L50|\n|poke|p2|Kingambit, L50, F|\n|teampreview|4\n|inactive|Battle timer is ON: inactive players will automatically lose when time's up. (requested by KarouVGC)\n|inactive|Kzjrehzl has 60 seconds left.\n|inactive|KarouVGC has 60 seconds left.\n|\n|t:|1699824033\n|start\n|switch|p1a: Tornadus|Tornadus, L50, M|100\/100\n|switch|p1b: Garganacl|Garganacl, L50, F|100\/100\n|switch|p2a: Maushold|Maushold, L50, shiny|100\/100\n|switch|p2b: Arcanine|Arcanine-Hisui, L50, M, shiny|100\/100\n|-ability|p2b: Arcanine|Intimidate|boost\n|-unboost|p1a: Tornadus|atk|1\n|-unboost|p1b: Garganacl|atk|1\n|turn|1\n|\n|t:|1699824053\n|-terastallize|p1b: Garganacl|Ghost\n|move|p1a: Tornadus|Taunt|p2a: Maushold\n|-start|p2a: Maushold|move: Taunt\n|move|p2a: Maushold|Population Bomb|p1a: Tornadus\n|-damage|p1a: Tornadus|89\/100\n|-damage|p2a: Maushold|84\/100|[from] item: Rocky Helmet|[of] p1a: Tornadus\n|-damage|p1a: Tornadus|77\/100\n|-damage|p2a: Maushold|67\/100|[from] item: Rocky Helmet|[of] p1a: Tornadus\n|-damage|p1a: Tornadus|66\/100\n|-damage|p2a: Maushold|51\/100|[from] item: Rocky Helmet|[of] p1a: Tornadus\n|-damage|p1a: Tornadus|56\/100\n|-damage|p2a: Maushold|34\/100|[from] item: Rocky Helmet|[of] p1a: Tornadus\n|-damage|p1a: Tornadus|44\/100\n|-damage|p2a: Maushold|18\/100|[from] item: Rocky Helmet|[of] p1a: Tornadus\n|-damage|p1a: Tornadus|33\/100\n|-damage|p2a: Maushold|1\/100|[from] item: Rocky Helmet|[of] p1a: Tornadus\n|-damage|p1a: Tornadus|21\/100\n|-damage|p2a: Maushold|0 fnt|[from] item: Rocky Helmet|[of] p1a: Tornadus\n|faint|p2a: Maushold\n|-hitcount|p1a: Tornadus|7\n|move|p2b: Arcanine|Rock Slide|p1b: Garganacl|[spread] p1a,p1b\n|-supereffective|p1a: Tornadus\n|-damage|p1a: Tornadus|0 fnt\n|-damage|p1b: Garganacl|82\/100\n|faint|p1a: Tornadus\n|move|p1b: Garganacl|Iron Defense|p1b: Garganacl\n|-boost|p1b: Garganacl|def|2\n|\n|upkeep\n|\n|t:|1699824069\n|switch|p2a: Kingambit|Kingambit, L50, F, shiny|100\/100\n|switch|p1a: Rillaboom|Rillaboom, L50, F|100\/100\n|-fieldstart|move: Grassy Terrain|[from] ability: Grassy Surge|[of] p1a: Rillaboom\n|turn|2\n|\n|t:|1699824092\n|move|p1a: Rillaboom|Fake Out|p2b: Arcanine\n|-resisted|p2b: Arcanine\n|-damage|p2b: Arcanine|90\/100\n|cant|p2b: Arcanine|flinch\n|move|p2a: Kingambit|Kowtow Cleave|p1b: Garganacl\n|-supereffective|p1b: Garganacl\n|-damage|p1b: Garganacl|42\/100\n|-enditem|p1b: Garganacl|Sitrus Berry|[eat]\n|-heal|p1b: Garganacl|67\/100|[from] item: Sitrus Berry\n|move|p1b: Garganacl|Salt Cure|p2a: Kingambit\n|-resisted|p2a: Kingambit\n|-damage|p2a: Kingambit|97\/100\n|-start|p2a: Kingambit|Salt Cure\n|\n|-heal|p2b: Arcanine|96\/100|[from] Grassy Terrain\n|-heal|p2a: Kingambit|100\/100|[from] Grassy Terrain\n|-heal|p1b: Garganacl|72\/100|[from] Grassy Terrain\n|-damage|p2a: Kingambit|76\/100|[from] Salt Cure\n|upkeep\n|turn|3\n|\n|t:|1699824110\n|move|p2b: Arcanine|Flare Blitz|p1a: Rillaboom\n|-supereffective|p1a: Rillaboom\n|-damage|p1a: Rillaboom|0 fnt\n|faint|p1a: Rillaboom\n|-damage|p2b: Arcanine|56\/100|[from] Recoil\n|move|p2a: Kingambit|Kowtow Cleave|p1b: Garganacl\n|-supereffective|p1b: Garganacl\n|-damage|p1b: Garganacl|27\/100\n|move|p1b: Garganacl|Recover|p1b: Garganacl\n|-heal|p1b: Garganacl|77\/100\n|\n|-heal|p2b: Arcanine|62\/100|[from] Grassy Terrain\n|-heal|p2a: Kingambit|82\/100|[from] Grassy Terrain\n|-heal|p1b: Garganacl|83\/100|[from] Grassy Terrain\n|-damage|p2a: Kingambit|57\/100|[from] Salt Cure\n|upkeep\n|\n|t:|1699824114\n|switch|p1a: Flutter Mane|Flutter Mane, L50|100\/100\n|-enditem|p1a: Flutter Mane|Booster Energy\n|-activate|p1a: Flutter Mane|ability: Protosynthesis|[fromitem]\n|-start|p1a: Flutter Mane|protosynthesisspe\n|turn|4\n|inactive|KarouVGC has 30 seconds left.\n|\n|t:|1699824142\n|switch|p2a: Gyarados|Gyarados, L50, F, shiny|100\/100\n|-ability|p2a: Gyarados|Intimidate|boost\n|-unboost|p1a: Flutter Mane|atk|1\n|-unboost|p1b: Garganacl|atk|1\n|move|p1a: Flutter Mane|Protect|p1a: Flutter Mane\n|-singleturn|p1a: Flutter Mane|Protect\n|move|p2b: Arcanine|Protect|p2b: Arcanine\n|-singleturn|p2b: Arcanine|Protect\n|move|p1b: Garganacl|Salt Cure|p2b: Arcanine\n|-activate|p2b: Arcanine|move: Protect\n|\n|-heal|p2b: Arcanine|68\/100|[from] Grassy Terrain\n|-heal|p1b: Garganacl|89\/100|[from] Grassy Terrain\n|upkeep\n|turn|5\n|inactive|KarouVGC has 30 seconds left.\n|\n|t:|1699824167\n|move|p1a: Flutter Mane|Substitute|p1a: Flutter Mane\n|-start|p1a: Flutter Mane|Substitute\n|-damage|p1a: Flutter Mane|76\/100\n|move|p2b: Arcanine|Flare Blitz|p1a: Flutter Mane\n|-end|p1a: Flutter Mane|Substitute\n|-damage|p2b: Arcanine|62\/100|[from] Recoil|[of] p1a: Flutter Mane\n|move|p2a: Gyarados|Thunder Wave|p1b: Garganacl\n|-immune|p1b: Garganacl|[from] ability: Purifying Salt\n|move|p1b: Garganacl|Iron Defense|p1b: Garganacl\n|-boost|p1b: Garganacl|def|2\n|\n|-heal|p1a: Flutter Mane|82\/100|[from] Grassy Terrain\n|-heal|p2b: Arcanine|68\/100|[from] Grassy Terrain\n|-heal|p1b: Garganacl|95\/100|[from] Grassy Terrain\n|upkeep\n|turn|6\n|\n|t:|1699824190\n|move|p1a: Flutter Mane|Protect|p1a: Flutter Mane\n|-singleturn|p1a: Flutter Mane|Protect\n|move|p2b: Arcanine|Flare Blitz|p1a: Flutter Mane\n|-activate|p1a: Flutter Mane|move: Protect\n|move|p2a: Gyarados|Waterfall|p1b: Garganacl\n|-damage|p1b: Garganacl|86\/100\n|move|p1b: Garganacl|Salt Cure|p2b: Arcanine\n|-supereffective|p2b: Arcanine\n|-damage|p2b: Arcanine|49\/100\n|-start|p2b: Arcanine|Salt Cure\n|\n|-heal|p1a: Flutter Mane|88\/100|[from] Grassy Terrain\n|-heal|p2b: Arcanine|55\/100|[from] Grassy Terrain\n|-heal|p1b: Garganacl|92\/100|[from] Grassy Terrain\n|-damage|p2b: Arcanine|42\/100|[from] Salt Cure\n|-fieldend|move: Grassy Terrain\n|upkeep\n|turn|7\n|\n|t:|1699824213\n|switch|p2b: Kingambit|Kingambit, L50, F, shiny|57\/100\n|move|p1a: Flutter Mane|Shadow Ball|p2b: Kingambit\n|-resisted|p2b: Kingambit\n|-damage|p2b: Kingambit|35\/100\n|move|p2a: Gyarados|Thunder Wave|p1a: Flutter Mane\n|-status|p1a: Flutter Mane|par\n|move|p1b: Garganacl|Salt Cure|p2a: Gyarados\n|-supereffective|p2a: Gyarados\n|-damage|p2a: Gyarados|85\/100\n|-start|p2a: Gyarados|Salt Cure\n|\n|-damage|p2a: Gyarados|60\/100|[from] Salt Cure\n|upkeep\n|turn|8\n|\n|t:|1699824232\n|switch|p2a: Arcanine|Arcanine-Hisui, L50, M, shiny|42\/100\n|-ability|p2a: Arcanine|Intimidate|boost\n|-unboost|p1a: Flutter Mane|atk|1\n|-unboost|p1b: Garganacl|atk|1\n|move|p1a: Flutter Mane|Protect|p1a: Flutter Mane\n|-singleturn|p1a: Flutter Mane|Protect\n|move|p2b: Kingambit|Protect|p2b: Kingambit\n|-singleturn|p2b: Kingambit|Protect\n|move|p1b: Garganacl|Salt Cure|p2b: Kingambit\n|-activate|p2b: Kingambit|move: Protect\n|\n|upkeep\n|turn|9\n|\n|t:|1699824254\n|move|p2a: Arcanine|Flare Blitz|p1b: Garganacl\n|-damage|p1b: Garganacl|78\/100\n|-damage|p2a: Arcanine|37\/100|[from] Recoil\n|move|p1a: Flutter Mane|Shadow Ball|p2a: Arcanine\n|-damage|p2a: Arcanine|0 fnt\n|faint|p2a: Arcanine\n|move|p2b: Kingambit|Kowtow Cleave|p1b: Garganacl\n|-supereffective|p1b: Garganacl\n|-damage|p1b: Garganacl|49\/100\n|move|p1b: Garganacl|Salt Cure|p2b: Kingambit\n|-resisted|p2b: Kingambit\n|-damage|p2b: Kingambit|33\/100\n|-start|p2b: Kingambit|Salt Cure\n|\n|-damage|p2b: Kingambit|8\/100|[from] Salt Cure\n|upkeep\n|-message|KarouVGC forfeited.\n|\n|win|Kzjrehzl\n|raw|Kzjrehzl's rating: 1118 &rarr; <strong>1139<\/strong><br \/>(+21 for winning)\n|raw|KarouVGC's rating: 1062 &rarr; <strong>1046<\/strong><br \/>(-16 for losing)\n","uploadtime":1699824281,"views":13,"p1id":"kzjrehzl","p2id":"karouvgc","formatid":"gen9vgc2023regulatione","rating":1046,"private":0,"password":""}