{"id":"gen9vgc2023regulatione-1998257286","p1":"LegacyShowden","p2":"bububibjb","format":"[Gen 9] VGC 2023 Regulation E","log":"|j|\u2606LegacyShowden\n|j|\u2606bububibjb\n|t:|1700920875\n|gametype|doubles\n|player|p1|LegacyShowden|rosa|1289\n|player|p2|bububibjb|dawn-gen4pt|1246\n|teamsize|p1|6\n|teamsize|p2|6\n|gen|9\n|tier|[Gen 9] VGC 2023 Regulation E\n|rated|\n|rule|Species Clause: Limit one of each Pok\u00e9mon\n|rule|Item Clause: Limit one of each item\n|clearpoke\n|poke|p1|Landorus-Therian, L50, M|\n|poke|p1|Samurott-Hisui, L50, M|\n|poke|p1|Ogerpon-Hearthflame, L50, F|\n|poke|p1|Kommo-o, L50, M|\n|poke|p1|Gholdengo, L50|\n|poke|p1|Thundurus, L50, M|\n|poke|p2|Flutter Mane, L50|\n|poke|p2|Zapdos-Galar, L50|\n|poke|p2|Chi-Yu, L50|\n|poke|p2|Kingambit, L50, M|\n|poke|p2|Tornadus, L50, M|\n|poke|p2|Heatran, L50, F|\n|teampreview|4\n|inactive|Battle timer is ON: inactive players will automatically lose when time's up. (requested by LegacyShowden)\n|inactive|LegacyShowden has 60 seconds left.\n|inactive|LegacyShowden has 30 seconds left.\n|inactive|LegacyShowden has 20 seconds left.\n|inactive|LegacyShowden has 15 seconds left.\n|\n|t:|1700920955\n|start\n|switch|p1a: Thundurus|Thundurus, L50, M, shiny|100\/100\n|switch|p1b: Gholdengo|Gholdengo, L50|100\/100\n|switch|p2a: Matsya|Chi-Yu, L50|100\/100\n|switch|p2b: Larissa|Flutter Mane, L50|100\/100\n|-ability|p2a: Matsya|Beads of Ruin\n|turn|1\n|\n|t:|1700920968\n|move|p1b: Gholdengo|Protect|p1b: Gholdengo\n|-singleturn|p1b: Gholdengo|Protect\n|move|p2a: Matsya|Heat Wave|p1a: Thundurus|[spread] p1a\n|-activate|p1b: Gholdengo|move: Protect\n|-damage|p1a: Thundurus|36\/100\n|move|p2b: Larissa|Mystical Fire|p1b: Gholdengo\n|-activate|p1b: Gholdengo|move: Protect\n|move|p1a: Thundurus|Wildbolt Storm|p2a: Matsya|[spread] p2a,p2b\n|-damage|p2a: Matsya|56\/100\n|-damage|p2b: Larissa|50\/100\n|-status|p2b: Larissa|par\n|\n|upkeep\n|turn|2\n|inactive|LegacyShowden has 30 seconds left.\n|inactive|LegacyShowden has 20 seconds left.\n|\n|t:|1700921006\n|switch|p1b: Kommo-o|Kommo-o, L50, M|100\/100\n|-end|p2b: Larissa|Protosynthesis|[silent]\n|switch|p2b: Mazda \u0644\u0639\u0646\u062a\u06cc \u062c\u0646|Tornadus, L50, M|100\/100\n|move|p1a: Thundurus|Taunt|p2b: Mazda \u0644\u0639\u0646\u062a\u06cc \u062c\u0646\n|-start|p2b: Mazda \u0644\u0639\u0646\u062a\u06cc \u062c\u0646|move: Taunt\n|-enditem|p2b: Mazda \u0644\u0639\u0646\u062a\u06cc \u062c\u0646|Mental Herb\n|-end|p2b: Mazda \u0644\u0639\u0646\u062a\u06cc \u062c\u0646|move: Taunt\n|move|p2a: Matsya|Heat Wave|p1a: Thundurus|[spread] p1a,p1b\n|-resisted|p1b: Kommo-o\n|-damage|p1a: Thundurus|0 fnt\n|-damage|p1b: Kommo-o|77\/100\n|-status|p1b: Kommo-o|brn\n|faint|p1a: Thundurus\n|\n|-damage|p1b: Kommo-o|71\/100 brn|[from] brn\n|upkeep\n|\n|t:|1700921011\n|switch|p1a: Samurott|Samurott-Hisui, L50, M|100\/100\n|turn|3\n|\n|t:|1700921030\n|switch|p2a: Roschelle's Bae|Zapdos-Galar, L50|100\/100\n|move|p1b: Kommo-o|Protect|p1b: Kommo-o\n|-singleturn|p1b: Kommo-o|Protect\n|move|p2b: Mazda \u0644\u0639\u0646\u062a\u06cc \u062c\u0646|Scary Face|p1b: Kommo-o\n|-activate|p1b: Kommo-o|move: Protect\n|move|p1a: Samurott|Razor Shell|p2a: Roschelle's Bae\n|-damage|p2a: Roschelle's Bae|47\/100\n|\n|-damage|p1b: Kommo-o|65\/100 brn|[from] brn\n|upkeep\n|turn|4\n|\n|t:|1700921047\n|switch|p1a: Gholdengo|Gholdengo, L50|100\/100\n|-terastallize|p1b: Kommo-o|Steel\n|move|p2b: Mazda \u0644\u0639\u0646\u062a\u06cc \u062c\u0646|Tailwind|p2b: Mazda \u0644\u0639\u0646\u062a\u06cc \u062c\u0646\n|-sidestart|p2: bububibjb|move: Tailwind\n|move|p2a: Roschelle's Bae|Thunderous Kick|p1a: Gholdengo\n|-immune|p1a: Gholdengo\n|move|p1b: Kommo-o|Iron Defense|p1b: Kommo-o\n|-boost|p1b: Kommo-o|def|2\n|\n|-damage|p1b: Kommo-o|59\/100 brn|[from] brn\n|upkeep\n|turn|5\n|\n|t:|1700921072\n|move|p2a: Roschelle's Bae|Protect|p2a: Roschelle's Bae\n|-singleturn|p2a: Roschelle's Bae|Protect\n|move|p2b: Mazda \u0644\u0639\u0646\u062a\u06cc \u062c\u0646|Leer|p1b: Kommo-o|[spread] p1b\n|-immune|p1a: Gholdengo|[from] ability: Good as Gold\n|-unboost|p1b: Kommo-o|def|1\n|move|p1b: Kommo-o|Iron Defense|p1b: Kommo-o\n|-boost|p1b: Kommo-o|def|2\n|move|p1a: Gholdengo|Make It Rain|p2b: Mazda \u0644\u0639\u0646\u062a\u06cc \u062c\u0646|[spread] p2b\n|-activate|p2a: Roschelle's Bae|move: Protect\n|-damage|p2b: Mazda \u0644\u0639\u0646\u062a\u06cc \u062c\u0646|42\/100\n|-unboost|p1a: Gholdengo|spa|1\n|-damage|p1a: Gholdengo|91\/100|[from] item: Life Orb\n|\n|-damage|p1b: Kommo-o|53\/100 brn|[from] brn\n|upkeep\n|turn|6\n|\n|t:|1700921094\n|move|p2b: Mazda \u0644\u0639\u0646\u062a\u06cc \u062c\u0646|Leer|p1b: Kommo-o|[spread] p1b\n|-immune|p1a: Gholdengo|[from] ability: Good as Gold\n|-unboost|p1b: Kommo-o|def|1\n|move|p2a: Roschelle's Bae|Thunderous Kick|p1b: Kommo-o\n|-supereffective|p1b: Kommo-o\n|-damage|p1b: Kommo-o|14\/100 brn\n|-unboost|p1b: Kommo-o|def|1\n|-enditem|p1b: Kommo-o|Sitrus Berry|[eat]\n|-heal|p1b: Kommo-o|39\/100 brn|[from] item: Sitrus Berry\n|-damage|p2a: Roschelle's Bae|38\/100|[from] item: Life Orb\n|move|p1b: Kommo-o|Body Press|p2a: Roschelle's Bae\n|-resisted|p2a: Roschelle's Bae\n|-damage|p2a: Roschelle's Bae|22\/100\n|move|p1a: Gholdengo|Make It Rain|p2b: Mazda \u0644\u0639\u0646\u062a\u06cc \u062c\u0646|[spread] p2a,p2b\n|-damage|p2a: Roschelle's Bae|0 fnt\n|-damage|p2b: Mazda \u0644\u0639\u0646\u062a\u06cc \u062c\u0646|5\/100\n|-unboost|p1a: Gholdengo|spa|1\n|faint|p2a: Roschelle's Bae\n|-damage|p1a: Gholdengo|81\/100|[from] item: Life Orb\n|\n|-damage|p1b: Kommo-o|33\/100 brn|[from] brn\n|upkeep\n|\n|t:|1700921114\n|switch|p2a: Matsya|Chi-Yu, L50|56\/100\n|-ability|p2a: Matsya|Beads of Ruin\n|turn|7\n|\n|t:|1700921127\n|move|p1b: Kommo-o|Protect|p1b: Kommo-o\n|-singleturn|p1b: Kommo-o|Protect\n|move|p2b: Mazda \u0644\u0639\u0646\u062a\u06cc \u062c\u0646|Scary Face|p1b: Kommo-o\n|-activate|p1b: Kommo-o|move: Protect\n|move|p2a: Matsya|Heat Wave|p1a: Gholdengo|[spread] p1a\n|-activate|p1b: Kommo-o|move: Protect\n|-supereffective|p1a: Gholdengo\n|-damage|p1a: Gholdengo|0 fnt\n|faint|p1a: Gholdengo\n|\n|-damage|p1b: Kommo-o|27\/100 brn|[from] brn\n|-sideend|p2: bububibjb|move: Tailwind\n|upkeep\n|\n|t:|1700921134\n|switch|p1a: Samurott|Samurott-Hisui, L50, M|100\/100\n|turn|8\n|inactive|LegacyShowden has 30 seconds left.\n|inactive|bububibjb has 30 seconds left.\n|\n|t:|1700921164\n|-terastallize|p2a: Matsya|Ghost\n|move|p2b: Mazda \u0644\u0639\u0646\u062a\u06cc \u062c\u0646|Tailwind|p2b: Mazda \u0644\u0639\u0646\u062a\u06cc \u062c\u0646\n|-sidestart|p2: bububibjb|move: Tailwind\n|move|p2a: Matsya|Heat Wave|p1a: Samurott|[spread] p1a,p1b\n|-resisted|p1a: Samurott\n|-supereffective|p1b: Kommo-o\n|-damage|p1a: Samurott|77\/100\n|-damage|p1b: Kommo-o|0 fnt\n|faint|p1b: Kommo-o\n|move|p1a: Samurott|Razor Shell|p2a: Matsya\n|-damage|p2a: Matsya|0 fnt\n|faint|p2a: Matsya\n|\n|upkeep\n|\n|t:|1700921176\n|switch|p2a: Larissa|Flutter Mane, L50|50\/100 par\n|turn|9\n|\n|t:|1700921182\n|move|p2b: Mazda \u0644\u0639\u0646\u062a\u06cc \u062c\u0646|Scary Face|p1a: Samurott\n|-hint|Since gen 7, Dark is immune to Prankster moves.\n|-immune|p1a: Samurott\n|move|p1a: Samurott|Sucker Punch|p2a: Larissa\n|-damage|p2a: Larissa|0 fnt\n|faint|p2a: Larissa\n|-end|p2a: Larissa|Protosynthesis|[silent]\n|\n|upkeep\n|turn|10\n|\n|t:|1700921191\n|move|p2b: Mazda \u0644\u0639\u0646\u062a\u06cc \u062c\u0646|Bleakwind Storm|p1a: Samurott\n|-damage|p1a: Samurott|43\/100\n|-unboost|p1a: Samurott|spe|1\n|move|p1a: Samurott|Razor Shell|p2b: Mazda \u0644\u0639\u0646\u062a\u06cc \u062c\u0646\n|-damage|p2b: Mazda \u0644\u0639\u0646\u062a\u06cc \u062c\u0646|0 fnt\n|faint|p2b: Mazda \u0644\u0639\u0646\u062a\u06cc \u062c\u0646\n|\n|win|LegacyShowden\n|raw|LegacyShowden's rating: 1289 &rarr; <strong>1311<\/strong><br \/>(+22 for winning)\n|raw|bububibjb's rating: 1246 &rarr; <strong>1224<\/strong><br \/>(-22 for losing)\n|l|\u2606bububibjb\n","uploadtime":1700921205,"views":11,"p1id":"legacyshowden","p2id":"bububibjb","formatid":"gen9vgc2023regulatione","rating":1224,"private":0,"password":""}