{"id":"gen9vgc2023regulatione-1994028262","p1":"Ergodicity","p2":"touhou ost","format":"[Gen 9] VGC 2023 Regulation E","log":"|j|\u2606Ergodicity\n|j|\u2606touhou ost\n|t:|1700396265\n|gametype|doubles\n|player|p1|Ergodicity|gambler|1351\n|player|p2|touhou ost|266|1416\n|teamsize|p1|6\n|teamsize|p2|6\n|gen|9\n|tier|[Gen 9] VGC 2023 Regulation E\n|rated|\n|rule|Species Clause: Limit one of each Pok\u00e9mon\n|rule|Item Clause: Limit one of each item\n|clearpoke\n|poke|p1|Torkoal, L50, F|\n|poke|p1|Flutter Mane, L50|\n|poke|p1|Lilligant-Hisui, L50, F|\n|poke|p1|Annihilape, L50, M|\n|poke|p1|Armarouge, L50, F|\n|poke|p1|Indeedee-F, L50, F|\n|poke|p2|Ogerpon-Hearthflame, L50, F|\n|poke|p2|Urshifu-*, L50, M|\n|poke|p2|Tornadus, L50, M|\n|poke|p2|Landorus-Therian, L50, M|\n|poke|p2|Flutter Mane, L50|\n|poke|p2|Kingambit, L50, M|\n|teampreview|4\n|inactive|Battle timer is ON: inactive players will automatically lose when time's up. (requested by touhou ost)\n|inactive|Ergodicity also wants the timer to be on.\n|inactive|Ergodicity has 60 seconds left.\n|inactive|touhou ost has 60 seconds left.\n|\n|t:|1700396306\n|start\n|switch|p1a: Annihilape|Annihilape, L50, M|100\/100\n|switch|p1b: Indeedee|Indeedee-F, L50, F|100\/100\n|switch|p2a: Tornadus|Tornadus, L50, M|100\/100\n|switch|p2b: Kingambit|Kingambit, L50, M, shiny|100\/100\n|-fieldstart|move: Psychic Terrain|[from] ability: Psychic Surge|[of] p1b: Indeedee\n|turn|1\n|\n|t:|1700396326\n|move|p2b: Kingambit|Protect|p2b: Kingambit\n|-singleturn|p2b: Kingambit|Protect\n|move|p1a: Annihilape|Final Gambit|p2b: Kingambit\n|-activate|p2b: Kingambit|move: Protect\n|move|p2a: Tornadus|Bleakwind Storm|p1b: Indeedee|[spread] p1a\n|-miss|p2a: Tornadus|p1b: Indeedee\n|-supereffective|p1a: Annihilape\n|-damage|p1a: Annihilape|40\/100\n|-unboost|p1a: Annihilape|spe|1\n|-ability|p1a: Annihilape|Defiant|boost\n|-boost|p1a: Annihilape|atk|2\n|move|p1b: Indeedee|Trick Room|p1b: Indeedee\n|-fieldstart|move: Trick Room|[of] p1b: Indeedee\n|\n|upkeep\n|turn|2\n|inactive|touhou ost has 30 seconds left.\n|\n|t:|1700396352\n|switch|p2b: Urshifu|Urshifu-Rapid-Strike, L50, M|100\/100\n|move|p1b: Indeedee|Follow Me|p1b: Indeedee\n|-singleturn|p1b: Indeedee|move: Follow Me\n|move|p2a: Tornadus|Bleakwind Storm|p1b: Indeedee|[spread] p1a,p1b\n|-supereffective|p1a: Annihilape\n|-damage|p1a: Annihilape|0 fnt\n|-damage|p1b: Indeedee|70\/100\n|faint|p1a: Annihilape\n|-enditem|p1b: Indeedee|Red Card|[of] p2a: Tornadus\n|drag|p2a: Kingambit|Kingambit, L50, M, shiny|100\/100\n|\n|upkeep\n|\n|t:|1700396374\n|switch|p1a: Torkoal|Torkoal, L50, F|100\/100\n|-weather|SunnyDay|[from] ability: Drought|[of] p1a: Torkoal\n|turn|3\n|\n|t:|1700396385\n|-terastallize|p1a: Torkoal|Fire\n|-terastallize|p2a: Kingambit|Dark\n|move|p1b: Indeedee|Follow Me|p1b: Indeedee\n|-singleturn|p1b: Indeedee|move: Follow Me\n|move|p1a: Torkoal|Eruption|p2a: Kingambit|[spread] p2a,p2b\n|-resisted|p2b: Urshifu\n|-damage|p2a: Kingambit|0 fnt\n|-damage|p2b: Urshifu|8\/100\n|faint|p2a: Kingambit\n|move|p2b: Urshifu|Surging Strikes|p1b: Indeedee\n|-crit|p1b: Indeedee\n|-damage|p1b: Indeedee|60\/100\n|-crit|p1b: Indeedee\n|-damage|p1b: Indeedee|50\/100\n|-crit|p1b: Indeedee\n|-damage|p1b: Indeedee|41\/100\n|-hitcount|p1b: Indeedee|3\n|\n|-weather|SunnyDay|[upkeep]\n|upkeep\n|\n|t:|1700396395\n|switch|p2a: Tornadus|Tornadus, L50, M|100\/100\n|turn|4\n|\n|t:|1700396409\n|switch|p1b: Armarouge|Armarouge, L50, F|100\/100\n|-enditem|p1b: Armarouge|Room Service\n|-unboost|p1b: Armarouge|spe|1|[from] item: Room Service\n|move|p2b: Urshifu|Protect|p2b: Urshifu\n|-singleturn|p2b: Urshifu|Protect\n|move|p2a: Tornadus|Rain Dance|p2a: Tornadus\n|-weather|RainDance\n|move|p1a: Torkoal|Eruption|p2b: Urshifu|[spread] p2a\n|-activate|p2b: Urshifu|move: Protect\n|-damage|p2a: Tornadus|55\/100\n|\n|-weather|RainDance|[upkeep]\n|upkeep\n|turn|5\n|\n|t:|1700396430\n|move|p2a: Tornadus|Protect|p2a: Tornadus\n|-singleturn|p2a: Tornadus|Protect\n|move|p2b: Urshifu|Aqua Jet|p1b: Armarouge\n|-activate|p1b: Armarouge|move: Psychic Terrain\n|move|p1a: Torkoal|Eruption|p2a: Tornadus|[spread] p2b\n|-activate|p2a: Tornadus|move: Protect\n|-resisted|p2b: Urshifu\n|-damage|p2b: Urshifu|0 fnt\n|faint|p2b: Urshifu\n|move|p1b: Armarouge|Expanding Force|p2a: Tornadus\n|-activate|p2a: Tornadus|move: Protect\n|\n|-weather|RainDance|[upkeep]\n|-fieldend|move: Trick Room\n|-fieldend|move: Psychic Terrain\n|upkeep\n|\n|t:|1700396435\n|switch|p2b: Landorus|Landorus-Therian, L50, M|100\/100\n|-ability|p2b: Landorus|Intimidate|boost\n|-unboost|p1a: Torkoal|atk|1\n|-unboost|p1b: Armarouge|atk|1\n|turn|6\n|\n|t:|1700396457\n|switch|p1a: Indeedee|Indeedee-F, L50, F|41\/100\n|-fieldstart|move: Psychic Terrain|[from] ability: Psychic Surge|[of] p1a: Indeedee\n|move|p2b: Landorus|Stomping Tantrum|p1b: Armarouge\n|-supereffective|p1b: Armarouge\n|-damage|p1b: Armarouge|18\/100\n|move|p2a: Tornadus|Bleakwind Storm|p1a: Indeedee|[spread] p1a,p1b\n|-damage|p1a: Indeedee|8\/100\n|-damage|p1b: Armarouge|0 fnt\n|faint|p1b: Armarouge\n|\n|-weather|RainDance|[upkeep]\n|upkeep\n|\n|t:|1700396468\n|switch|p1b: Torkoal|Torkoal, L50, F, tera:Fire|100\/100\n|-weather|SunnyDay|[from] ability: Drought|[of] p1b: Torkoal\n|turn|7\n|\n|t:|1700396483\n|move|p1a: Indeedee|Follow Me|p1a: Indeedee\n|-singleturn|p1a: Indeedee|move: Follow Me\n|move|p2a: Tornadus|Rain Dance|p2a: Tornadus\n|-weather|RainDance\n|move|p2b: Landorus|Stomping Tantrum|p1a: Indeedee\n|-damage|p1a: Indeedee|0 fnt\n|faint|p1a: Indeedee\n|move|p1b: Torkoal|Eruption|p2b: Landorus|[spread] p2a,p2b\n|-damage|p2a: Tornadus|10\/100\n|-damage|p2b: Landorus|51\/100\n|-enditem|p2a: Tornadus|Sitrus Berry|[eat]\n|-heal|p2a: Tornadus|35\/100|[from] item: Sitrus Berry\n|\n|-weather|RainDance|[upkeep]\n|upkeep\n|turn|8\n|\n|t:|1700396498\n|move|p2b: Landorus|Stomping Tantrum|p1b: Torkoal\n|-supereffective|p1b: Torkoal\n|-crit|p1b: Torkoal\n|-damage|p1b: Torkoal|4\/100\n|move|p2a: Tornadus|Bleakwind Storm|p1b: Torkoal\n|-damage|p1b: Torkoal|0 fnt\n|faint|p1b: Torkoal\n|\n|win|touhou ost\n|raw|Ergodicity's rating: 1351 &rarr; <strong>1335<\/strong><br \/>(-16 for losing)\n|raw|touhou ost's rating: 1416 &rarr; <strong>1432<\/strong><br \/>(+16 for winning)\n|c|\u2606touhou ost|GG\n|l|\u2606Ergodicity\n","uploadtime":1700396511,"views":5,"p1id":"ergodicity","p2id":"touhouost","formatid":"gen9vgc2023regulatione","rating":1335,"private":0,"password":""}