{"id":"gen9vgc2023regulatione-1990045874","p1":"StupidSweepers","p2":"soulmp4","format":"[Gen 9] VGC 2023 Regulation E","log":"|j|\u2606StupidSweepers\n|j|\u2606soulmp4\n|t:|1699918711\n|gametype|doubles\n|player|p1|StupidSweepers|burglar|1164\n|player|p2|soulmp4|clown|1097\n|teamsize|p1|6\n|teamsize|p2|6\n|gen|9\n|tier|[Gen 9] VGC 2023 Regulation E\n|rated|\n|rule|Species Clause: Limit one of each Pok\u00e9mon\n|rule|Item Clause: Limit one of each item\n|clearpoke\n|poke|p1|Volbeat, L50, M|\n|poke|p1|Ursaluna-Bloodmoon, L50, M|\n|poke|p1|Sinistcha, L50|\n|poke|p1|Cresselia, L50, F|\n|poke|p1|Gholdengo, L50|\n|poke|p1|Iron Hands, L50|\n|poke|p2|Iron Hands, L50|\n|poke|p2|Rotom-Mow, L50|\n|poke|p2|Chi-Yu, L50|\n|poke|p2|Iron Bundle, L50|\n|poke|p2|Landorus-Therian, L50, M|\n|poke|p2|Tornadus, L50, M|\n|teampreview|4\nsoulmp4 has agreed to open team sheets.\n|\n|t:|1699918750\n|start\n|switch|p1a: Sinistcha|Sinistcha, L50|100\/100\n|switch|p1b: Ursaluna|Ursaluna-Bloodmoon, L50, M|100\/100\n|switch|p2a: Overheat|Chi-Yu, L50|100\/100\n|switch|p2b: Bleakwind Storm|Tornadus, L50, M|100\/100\n|-ability|p2a: Overheat|Beads of Ruin\n|turn|1\n|\n|t:|1699918777\n|-terastallize|p1a: Sinistcha|Fire\n|move|p1b: Ursaluna|Protect|p1b: Ursaluna\n|-singleturn|p1b: Ursaluna|Protect\n|move|p2b: Bleakwind Storm|Taunt|p1a: Sinistcha\n|-start|p1a: Sinistcha|move: Taunt\n|move|p2a: Overheat|Overheat|p1b: Ursaluna\n|-activate|p1b: Ursaluna|move: Protect\n|cant|p1a: Sinistcha|move: Taunt|Trick Room\n|\n|upkeep\n|turn|2\n|\n|t:|1699918807\n|switch|p2b: Rock Slide|Landorus-Therian, L50, M|100\/100\n|-ability|p2b: Rock Slide|Intimidate|boost\n|-unboost|p1a: Sinistcha|atk|1\n|-unboost|p1b: Ursaluna|atk|1\n|switch|p1a: Iron Hands|Iron Hands, L50|100\/100\n|move|p2a: Overheat|Overheat|p1b: Ursaluna\n|-damage|p1b: Ursaluna|0 fnt\n|-unboost|p2a: Overheat|spa|2\n|faint|p1b: Ursaluna\n|\n|upkeep\n|\n|t:|1699918821\n|switch|p1b: Sinistcha|Sinistcha, L50, tera:Fire|100\/100\n|turn|3\n|\n|t:|1699918855\n|move|p1a: Iron Hands|Fake Out|p2b: Rock Slide\n|-damage|p2b: Rock Slide|84\/100\n|cant|p2b: Rock Slide|flinch\n|move|p2a: Overheat|Overheat|p1a: Iron Hands|[miss]\n|-miss|p2a: Overheat|p1a: Iron Hands\n|move|p1b: Sinistcha|Trick Room|p1b: Sinistcha\n|-fieldstart|move: Trick Room|[of] p1b: Sinistcha\n|\n|upkeep\n|turn|4\n|\n|t:|1699918877\n|switch|p2a: Bleakwind Storm|Tornadus, L50, M|100\/100\n|move|p1a: Iron Hands|Drain Punch|p2a: Bleakwind Storm\n|-resisted|p2a: Bleakwind Storm\n|-damage|p2a: Bleakwind Storm|73\/100\n|move|p1b: Sinistcha|Matcha Gotcha|p2a: Bleakwind Storm|[spread] p2b\n|-miss|p1b: Sinistcha|p2a: Bleakwind Storm\n|-damage|p2b: Rock Slide|56\/100\n|-status|p2b: Rock Slide|brn\n|move|p2b: Rock Slide|Stomping Tantrum|p1a: Iron Hands\n|-supereffective|p1a: Iron Hands\n|-damage|p1a: Iron Hands|44\/100\n|\n|-damage|p2b: Rock Slide|50\/100 brn|[from] brn\n|upkeep\n|turn|5\n|\n|t:|1699918904\n|move|p2a: Bleakwind Storm|Protect|p2a: Bleakwind Storm\n|-singleturn|p2a: Bleakwind Storm|Protect\n|move|p1a: Iron Hands|Wild Charge|p2a: Bleakwind Storm\n|-activate|p2a: Bleakwind Storm|move: Protect\n|move|p1b: Sinistcha|Matcha Gotcha|p2b: Rock Slide|[spread] p2b\n|-activate|p2a: Bleakwind Storm|move: Protect\n|-damage|p2b: Rock Slide|19\/100 brn\n|move|p2b: Rock Slide|Stomping Tantrum|p1a: Iron Hands\n|-supereffective|p1a: Iron Hands\n|-damage|p1a: Iron Hands|18\/100\n|\n|-damage|p2b: Rock Slide|13\/100 brn|[from] brn\n|upkeep\n|turn|6\n|\n|t:|1699918934\n|move|p2a: Bleakwind Storm|Protect||[still]\n|-fail|p2a: Bleakwind Storm\n|move|p1a: Iron Hands|Drain Punch|p2a: Bleakwind Storm\n|-resisted|p2a: Bleakwind Storm\n|-damage|p2a: Bleakwind Storm|44\/100\n|-heal|p1a: Iron Hands|27\/100|[from] drain|[of] p2a: Bleakwind Storm\n|move|p1b: Sinistcha|Matcha Gotcha|p2a: Bleakwind Storm|[spread] p2a,p2b\n|-resisted|p2a: Bleakwind Storm\n|-damage|p2a: Bleakwind Storm|28\/100\n|-damage|p2b: Rock Slide|0 fnt\n|faint|p2b: Rock Slide\n|\n|upkeep\n|\n|t:|1699918946\n|switch|p2b: Hydro Pump|Iron Bundle, L50|100\/100\n|-enditem|p2b: Hydro Pump|Booster Energy\n|-activate|p2b: Hydro Pump|ability: Quark Drive|[fromitem]\n|-start|p2b: Hydro Pump|quarkdrivespe\n|turn|7\n|\n|t:|1699918959\n|-end|p1a: Iron Hands|Quark Drive|[silent]\n|switch|p1a: Gholdengo|Gholdengo, L50|100\/100\n|move|p2b: Hydro Pump|Protect|p2b: Hydro Pump\n|-singleturn|p2b: Hydro Pump|Protect\n|move|p2a: Bleakwind Storm|Taunt|p1b: Sinistcha\n|-start|p1b: Sinistcha|move: Taunt\n|move|p1b: Sinistcha|Matcha Gotcha|p2b: Hydro Pump|[spread] p2a\n|-activate|p2b: Hydro Pump|move: Protect\n|-resisted|p2a: Bleakwind Storm\n|-damage|p2a: Bleakwind Storm|13\/100\n|\n|-fieldend|move: Trick Room\n|upkeep\n|turn|8\n|\n|t:|1699918987\n|move|p2b: Hydro Pump|Hydro Pump|p1a: Gholdengo\n|-damage|p1a: Gholdengo|55\/100\n|move|p2a: Bleakwind Storm|Bleakwind Storm|p1a: Gholdengo|[spread] p1a,p1b\n|-resisted|p1a: Gholdengo\n|-damage|p1a: Gholdengo|36\/100\n|-damage|p1b: Sinistcha|65\/100\n|move|p1a: Gholdengo|Nasty Plot|p1a: Gholdengo\n|-boost|p1a: Gholdengo|spa|2\n|move|p1b: Sinistcha|Matcha Gotcha|p2b: Hydro Pump|[spread] p2a,p2b\n|-resisted|p2a: Bleakwind Storm\n|-supereffective|p2b: Hydro Pump\n|-damage|p2a: Bleakwind Storm|0 fnt\n|-heal|p1b: Sinistcha|71\/100|[from] drain|[of] p2a: Bleakwind Storm\n|-damage|p2b: Hydro Pump|8\/100\n|-heal|p1b: Sinistcha|100\/100|[from] drain|[of] p2b: Hydro Pump\n|faint|p2a: Bleakwind Storm\n|\n|-heal|p1a: Gholdengo|42\/100|[from] item: Leftovers\n|upkeep\n|\n|t:|1699919001\n|switch|p2a: Overheat|Chi-Yu, L50|100\/100\n|-ability|p2a: Overheat|Beads of Ruin\n|turn|9\n|\n|t:|1699919014\n|move|p1a: Gholdengo|Protect|p1a: Gholdengo\n|-singleturn|p1a: Gholdengo|Protect\n|move|p2b: Hydro Pump|Hydro Pump|p1b: Sinistcha\n|-supereffective|p1b: Sinistcha\n|-damage|p1b: Sinistcha|0 fnt\n|faint|p1b: Sinistcha\n|move|p2a: Overheat|Overheat|p1a: Gholdengo\n|-activate|p1a: Gholdengo|move: Protect\n|\n|-heal|p1a: Gholdengo|49\/100|[from] item: Leftovers\n|upkeep\n|\n|t:|1699919019\n|switch|p1b: Iron Hands|Iron Hands, L50|27\/100\n|turn|10\n|\n|t:|1699919039\n|-terastallize|p2a: Overheat|Ghost\n|move|p1b: Iron Hands|Fake Out|p2a: Overheat\n|-immune|p2a: Overheat\n|move|p2b: Hydro Pump|Hydro Pump|p1b: Iron Hands\n|-damage|p1b: Iron Hands|0 fnt\n|faint|p1b: Iron Hands\n|-end|p1b: Iron Hands|Quark Drive|[silent]\n|move|p2a: Overheat|Overheat|p1a: Gholdengo\n|-supereffective|p1a: Gholdengo\n|-damage|p1a: Gholdengo|0 fnt\n|-unboost|p2a: Overheat|spa|2\n|faint|p1a: Gholdengo\n|\n|win|soulmp4\n|raw|StupidSweepers's rating: 1164 &rarr; <strong>1134<\/strong><br \/>(-30 for losing)\n|raw|soulmp4's rating: 1097 &rarr; <strong>1127<\/strong><br \/>(+30 for winning)\n|l|\u2606StupidSweepers\n|c|\u2606soulmp4|GGS\n","uploadtime":1699919054,"views":31,"p1id":"stupidsweepers","p2id":"soulmp4","formatid":"gen9vgc2023regulatione","rating":1127,"private":0,"password":""}