{"id":"gen9vgc2023regulatione-1993619671","p1":"tastethekoalabear","p2":"OmegaAlpha01","format":"[Gen 9] VGC 2023 Regulation E","log":"|j|\u2606tastethekoalabear\n|j|\u2606OmegaAlpha01\n|n|\u2606tastethekoalabear|tastethekoalabear\n|n|\u2606OmegaAlpha01|omegaalpha01\n|html|View the match progress at <a href=\"\/game-bestof3-gen9vgc2023regulatione-1993615391\">game-bestof3-gen9vgc2023regulatione-1993615391<\/a>\n|t:|1700338237\n|gametype|doubles\n|player|p1|tastethekoalabear|266|\n|player|p2|OmegaAlpha01|caitlin|\n|teamsize|p1|6\n|teamsize|p2|6\n|gen|9\n|tier|[Gen 9] VGC 2023 Regulation E\n|rule|Species Clause: Limit one of each Pok\u00e9mon\n|rule|Item Clause: Limit one of each item\n|clearpoke\n|poke|p1|Volbeat, L50, M|\n|poke|p1|Magnezone, L50|\n|poke|p1|Ogerpon-Hearthflame, L50, F|\n|poke|p1|Brambleghast, L50, M|\n|poke|p1|Tauros-Paldea-Aqua, L50, M|\n|poke|p1|Chi-Yu, L50|\n|poke|p2|Ninetales-Alola, L50, F|\n|poke|p2|Baxcalibur, L50, F|\n|poke|p2|Hydreigon, L50, F|\n|poke|p2|Skiploom, L50, M|\n|poke|p2|Delphox, L50, F|\n|poke|p2|Revavroom, L50, F|\n|teampreview|4\nOmegaAlpha01 rejected open team sheets.\n|j| downfall18\n|\n|t:|1700338289\n|start\n|switch|p1a: alien x|Magnezone, L50|100\/100\n|switch|p1b: gas gas gas|Volbeat, L50, M|100\/100\n|switch|p2a: Mariah Carey|Ninetales-Alola, L50, F|100\/100\n|switch|p2b: IM BACK SUCKAS|Skiploom, L50, M|100\/100\n|-weather|Snow|[from] ability: Snow Warning|[of] p2a: Mariah Carey\n|turn|1\n|\n|t:|1700338302\n|move|p2b: IM BACK SUCKAS|Rage Powder|p2b: IM BACK SUCKAS\n|-singleturn|p2b: IM BACK SUCKAS|move: Rage Powder\n|move|p1b: gas gas gas|Tailwind|p1b: gas gas gas\n|-sidestart|p1: tastethekoalabear|move: Tailwind\n|move|p2a: Mariah Carey|Aurora Veil|p2a: Mariah Carey\n|-sidestart|p2: OmegaAlpha01|move: Aurora Veil\n|move|p1a: alien x|Thunderbolt|p2b: IM BACK SUCKAS\n|-damage|p2b: IM BACK SUCKAS|74\/100\n|\n|-weather|Snow|[upkeep]\n|upkeep\n|turn|2\n|\n|t:|1700338319\n|switch|p2a: Gun|Baxcalibur, L50, F|100\/100\n|move|p2b: IM BACK SUCKAS|Rage Powder|p2b: IM BACK SUCKAS\n|-singleturn|p2b: IM BACK SUCKAS|move: Rage Powder\n|move|p1b: gas gas gas|Encore|p2b: IM BACK SUCKAS\n|-start|p2b: IM BACK SUCKAS|Encore\n|move|p1a: alien x|Flash Cannon|p2b: IM BACK SUCKAS\n|-damage|p2b: IM BACK SUCKAS|49\/100\n|\n|-weather|Snow|[upkeep]\n|upkeep\n|turn|3\n|\n|t:|1700338335\n|switch|p1b: 252+ spatk|Chi-Yu, L50|100\/100\n|-ability|p1b: 252+ spatk|Beads of Ruin\n|move|p1a: alien x|Protect|p1a: alien x\n|-singleturn|p1a: alien x|Protect\n|move|p2b: IM BACK SUCKAS|Rage Powder|p2b: IM BACK SUCKAS\n|-singleturn|p2b: IM BACK SUCKAS|move: Rage Powder\n|move|p2a: Gun|Scale Shot|p1b: 252+ spatk\n|-damage|p1b: 252+ spatk|77\/100\n|-damage|p1b: 252+ spatk|54\/100\n|-damage|p1b: 252+ spatk|33\/100\n|-damage|p1b: 252+ spatk|7\/100\n|-hitcount|p1b: 252+ spatk|4\n|-unboost|p2a: Gun|def|1\n|-boost|p2a: Gun|spe|1\n|\n|-weather|Snow|[upkeep]\n|upkeep\n|turn|4\n|\n|t:|1700338375\n|switch|p1a: gas gas gas|Volbeat, L50, M|100\/100\n|switch|p2b: Return of the King|Hydreigon, L50, F|100\/100\n|move|p2a: Gun|Protect|p2a: Gun\n|-singleturn|p2a: Gun|Protect\n|move|p1b: 252+ spatk|Heat Wave|p2a: Gun|[spread] p2b\n|-activate|p2a: Gun|move: Protect\n|-resisted|p2b: Return of the King\n|-damage|p2b: Return of the King|74\/100\n|\n|-weather|Snow|[upkeep]\n|-sideend|p1: tastethekoalabear|move: Tailwind\n|upkeep\n|turn|5\n|\n|t:|1700338389\n|move|p1a: gas gas gas|Tailwind|p1a: gas gas gas\n|-sidestart|p1: tastethekoalabear|move: Tailwind\n|move|p1b: 252+ spatk|Heat Wave|p2a: Gun|[spread] p2a,p2b\n|-resisted|p2b: Return of the King\n|-damage|p2a: Gun|58\/100\n|-damage|p2b: Return of the King|48\/100\n|-ability|p2a: Gun|Thermal Exchange|boost\n|-boost|p2a: Gun|atk|1\n|move|p2a: Gun|Scale Shot|p1b: 252+ spatk\n|-damage|p1b: 252+ spatk|0 fnt\n|faint|p1b: 252+ spatk\n|-hitcount|p1: 252+ spatk|1\n|-unboost|p2a: Gun|def|1\n|-boost|p2a: Gun|spe|1\n|move|p2b: Return of the King|Focus Energy|p2b: Return of the King\n|-start|p2b: Return of the King|move: Focus Energy\n|\n|-weather|none\n|upkeep\n|\n|t:|1700338394\n|switch|p1b: alien x|Magnezone, L50|100\/100\n|turn|6\n|\n|t:|1700338422\n|switch|p2b: IM BACK SUCKAS|Skiploom, L50, M|49\/100\n|move|p2a: Gun|Protect|p2a: Gun\n|-singleturn|p2a: Gun|Protect\n|move|p1a: gas gas gas|Encore|p2a: Gun\n|-activate|p2a: Gun|move: Protect\n|move|p1b: alien x|Thunder Wave|p2b: IM BACK SUCKAS\n|-status|p2b: IM BACK SUCKAS|par\n|\n|upkeep\n|turn|7\n|\n|t:|1700338437\n|move|p2b: IM BACK SUCKAS|Rage Powder|p2b: IM BACK SUCKAS\n|-singleturn|p2b: IM BACK SUCKAS|move: Rage Powder\n|move|p1a: gas gas gas|Encore|p2b: IM BACK SUCKAS\n|-start|p2b: IM BACK SUCKAS|Encore\n|move|p2a: Gun|Icicle Spear|p1a: gas gas gas\n|-damage|p1a: gas gas gas|74\/100\n|-damage|p1a: gas gas gas|48\/100\n|-damage|p1a: gas gas gas|19\/100\n|-damage|p1a: gas gas gas|0 fnt\n|faint|p1a: gas gas gas\n|-hitcount|p1: gas gas gas|4\n|move|p1b: alien x|Thunderbolt|p2b: IM BACK SUCKAS\n|-damage|p2b: IM BACK SUCKAS|20\/100 par\n|\n|upkeep\n|\n|t:|1700338442\n|switch|p1a: then die|Ogerpon-Hearthflame, L50, F|100\/100\n|-ability|p1a: then die|Mold Breaker\n|turn|8\n|\n|t:|1700338460\n|-terastallize|p1a: then die|Fire\n|detailschange|p1a: then die|Ogerpon-Hearthflame-Tera, L50, F, tera:Fire\n|-ability|p1a: then die|Embody Aspect (Hearthflame)|boost\n|-boost|p1a: then die|atk|1\n|move|p2a: Gun|Protect|p2a: Gun\n|-singleturn|p2a: Gun|Protect\n|move|p2b: IM BACK SUCKAS|Rage Powder|p2b: IM BACK SUCKAS\n|-singleturn|p2b: IM BACK SUCKAS|move: Rage Powder\n|move|p1a: then die|Ivy Cudgel|p2b: IM BACK SUCKAS|[anim] Ivy Cudgel Fire\n|-supereffective|p2b: IM BACK SUCKAS\n|-damage|p2b: IM BACK SUCKAS|0 fnt\n|faint|p2b: IM BACK SUCKAS\n|move|p1b: alien x|Flash Cannon|p2a: Gun\n|-activate|p2a: Gun|move: Protect\n|\n|-sideend|p1: tastethekoalabear|move: Tailwind\n|-sideend|p2: OmegaAlpha01|move: Aurora Veil\n|upkeep\n|\n|t:|1700338472\n|switch|p2b: Mariah Carey|Ninetales-Alola, L50, F|100\/100\n|-weather|Snow|[from] ability: Snow Warning|[of] p2b: Mariah Carey\n|turn|9\n|\n|t:|1700338492\n|move|p2a: Gun|High Horsepower|p1b: alien x\n|-supereffective|p1b: alien x\n|-damage|p1b: alien x|0 fnt\n|faint|p1b: alien x\n|move|p1a: then die|Ivy Cudgel|p2a: Gun|[anim] Ivy Cudgel Fire\n|-damage|p2a: Gun|0 fnt\n|faint|p2a: Gun\n|move|p2b: Mariah Carey|Aurora Veil|p2b: Mariah Carey\n|-sidestart|p2: OmegaAlpha01|move: Aurora Veil\n|\n|-weather|Snow|[upkeep]\n|upkeep\n|\n|t:|1700338501\n|switch|p2a: Return of the King|Hydreigon, L50, F|48\/100\n|turn|10\n|\n|t:|1700338510\n|move|p2a: Return of the King|Protect|p2a: Return of the King\n|-singleturn|p2a: Return of the King|Protect\n|move|p1a: then die|Ivy Cudgel|p2a: Return of the King|[anim] Ivy Cudgel Fire\n|-activate|p2a: Return of the King|move: Protect\n|move|p2b: Mariah Carey|Icy Wind|p1a: then die\n|-resisted|p1a: then die\n|-damage|p1a: then die|91\/100\n|-unboost|p1a: then die|spe|1\n|\n|-weather|Snow|[upkeep]\n|upkeep\n|turn|11\n|\n|t:|1700338520\n|-terastallize|p2a: Return of the King|Dragon\n|move|p2b: Mariah Carey|Icy Wind|p1a: then die\n|-resisted|p1a: then die\n|-damage|p1a: then die|81\/100\n|-unboost|p1a: then die|spe|1\n|move|p2a: Return of the King|Draco Meteor|p1a: then die\n|-damage|p1a: then die|0 fnt\n|-unboost|p2a: Return of the King|spa|2\n|faint|p1a: then die\n|\n|win|OmegaAlpha01\n|c|\u2606OmegaAlpha01|ggwp!\n|c| downfall18|ggs!\n|l| downfall18\n|l|\u2606tastethekoalabear\n","uploadtime":1700338586,"views":17,"p1id":"tastethekoalabear","p2id":"omegaalpha01","formatid":"gen9vgc2023regulatione","rating":0,"private":0,"password":""}