{"id":"gen9vgc2023regulatione-1991434910","p1":"joshferd","p2":"bus","format":"[Gen 9] VGC 2023 Regulation E","log":"|j|\u2606joshferd\n|j|\u2606bus\n|t:|1700076835\n|gametype|doubles\n|player|p1|joshferd|1|1140\n|player|p2|bus|sabrina|1251\n|teamsize|p1|6\n|teamsize|p2|6\n|gen|9\n|tier|[Gen 9] VGC 2023 Regulation E\n|rated|\n|rule|Species Clause: Limit one of each Pok\u00e9mon\n|rule|Item Clause: Limit one of each item\n|clearpoke\n|poke|p1|Ninetales-Alola, L50, M|\n|poke|p1|Rillaboom, L50, M|\n|poke|p1|Milotic, L50, F|\n|poke|p1|Mienshao, L50, M|\n|poke|p1|Typhlosion-Hisui, L50, F|\n|poke|p1|Tornadus, L50, M|\n|poke|p2|Indeedee-F, L50, F|\n|poke|p2|Armarouge, L50, F|\n|poke|p2|Sinistcha-Masterpiece, L50|\n|poke|p2|Gholdengo, L50|\n|poke|p2|Tornadus, L50, M|\n|poke|p2|Clefairy, L50, F|\n|teampreview|4\n|\n|t:|1700076868\n|start\n|switch|p1a: Mienshao|Mienshao, L50, M|100\/100\n|switch|p1b: Milotic|Milotic, L50, F|100\/100\n|switch|p2a: Rougearma|Armarouge, L50, F|100\/100\n|switch|p2b: Dustorn|Tornadus, L50, M|100\/100\n|turn|1\n|\n|t:|1700076902\n|move|p2a: Rougearma|Protect|p2a: Rougearma\n|-singleturn|p2a: Rougearma|Protect\n|move|p1a: Mienshao|Fake Out|p2b: Dustorn\n|-damage|p2b: Dustorn|83\/100\n|move|p2b: Dustorn|Tailwind|p2b: Dustorn\n|-sidestart|p2: bus|move: Tailwind\n|move|p1b: Milotic|Hydro Pump|p2a: Rougearma\n|-activate|p2a: Rougearma|move: Protect\n|\n|upkeep\n|turn|2\n|\n|t:|1700076924\n|-terastallize|p2a: Rougearma|Grass\n|-terastallize|p1a: Mienshao|Ice\n|move|p2b: Dustorn|U-turn|p2a: Rougearma\n|-supereffective|p2a: Rougearma\n|-damage|p2a: Rougearma|65\/100\n|-ability|p2a: Rougearma|Weak Armor|boost\n|-unboost|p2a: Rougearma|def|1\n|-boost|p2a: Rougearma|spe|2\n|-enditem|p2a: Rougearma|Weakness Policy\n|-boost|p2a: Rougearma|atk|2|[from] item: Weakness Policy\n|-boost|p2a: Rougearma|spa|2|[from] item: Weakness Policy\n|\n|t:|1700076935\n|switch|p2b: Deedeein|Indeedee-F, L50, F|100\/100|[from] U-turn\n|-fieldstart|move: Psychic Terrain|[from] ability: Psychic Surge|[of] p2b: Deedeein\n|-enditem|p2b: Deedeein|Psychic Seed\n|-boost|p2b: Deedeein|spd|1|[from] item: Psychic Seed\n|move|p2a: Rougearma|Expanding Force|p1b: Milotic|[spread] p1a,p1b\n|-enditem|p1a: Mienshao|Focus Sash\n|-damage|p1a: Mienshao|1\/100\n|-damage|p1b: Milotic|9\/100\n|move|p1a: Mienshao|Ice Spinner|p2b: Deedeein\n|-damage|p2b: Deedeein|58\/100\n|-fieldend|move: Psychic Terrain\n|move|p1b: Milotic|Hydro Pump|p2a: Rougearma\n|-resisted|p2a: Rougearma\n|-damage|p2a: Rougearma|30\/100\n|\n|-heal|p1b: Milotic|15\/100|[from] item: Leftovers\n|upkeep\n|turn|3\n|\n|t:|1700076961\n|switch|p2b: Fairyclef|Clefairy, L50, F|100\/100\n|switch|p1a: Rillaboom|Rillaboom, L50, M|100\/100\n|-fieldstart|move: Grassy Terrain|[from] ability: Grassy Surge|[of] p1a: Rillaboom\n|move|p1b: Milotic|Protect|p1b: Milotic\n|-singleturn|p1b: Milotic|Protect\n|move|p2a: Rougearma|Heat Wave|p1b: Milotic|[spread] p1a\n|-activate|p1b: Milotic|move: Protect\n|-supereffective|p1a: Rillaboom\n|-damage|p1a: Rillaboom|0 fnt\n|faint|p1a: Rillaboom\n|\n|-heal|p2a: Rougearma|36\/100|[from] Grassy Terrain\n|-heal|p1b: Milotic|21\/100|[from] Grassy Terrain\n|-heal|p1b: Milotic|27\/100|[from] item: Leftovers\n|upkeep\n|\n|t:|1700076979\n|switch|p1a: Mienshao|Mienshao, L50, M, tera:Ice|1\/100\n|turn|4\n|\n|t:|1700076989\n|move|p1a: Mienshao|Fake Out|p2a: Rougearma\n|-damage|p2a: Rougearma|19\/100\n|-ability|p2a: Rougearma|Weak Armor|boost\n|-unboost|p2a: Rougearma|def|1\n|-boost|p2a: Rougearma|spe|2\n|move|p2b: Fairyclef|Follow Me|p2b: Fairyclef\n|-singleturn|p2b: Fairyclef|move: Follow Me\n|cant|p2a: Rougearma|flinch\n|move|p1b: Milotic|Recover|p1b: Milotic\n|-heal|p1b: Milotic|77\/100\n|\n|-heal|p2a: Rougearma|25\/100|[from] Grassy Terrain\n|-heal|p1a: Mienshao|7\/100|[from] Grassy Terrain\n|-heal|p1b: Milotic|83\/100|[from] Grassy Terrain\n|-heal|p1b: Milotic|89\/100|[from] item: Leftovers\n|-sideend|p2: bus|move: Tailwind\n|upkeep\n|turn|5\n|\n|t:|1700077012\n|switch|p1a: Ninetales|Ninetales-Alola, L50, M|100\/100\n|-weather|Snow|[from] ability: Snow Warning|[of] p1a: Ninetales\n|move|p1b: Milotic|Protect|p1b: Milotic\n|-singleturn|p1b: Milotic|Protect\n|move|p2b: Fairyclef|Follow Me|p2b: Fairyclef\n|-singleturn|p2b: Fairyclef|move: Follow Me\n|move|p2a: Rougearma|Tera Blast|p1b: Milotic|[anim] Tera Blast Grass\n|-activate|p1b: Milotic|move: Protect\n|\n|-weather|Snow|[upkeep]\n|-heal|p2a: Rougearma|32\/100|[from] Grassy Terrain\n|-heal|p1b: Milotic|95\/100|[from] Grassy Terrain\n|-heal|p1b: Milotic|100\/100|[from] item: Leftovers\n|upkeep\n|turn|6\n|\n|t:|1700077040\n|switch|p2b: Deedeein|Indeedee-F, L50, F|58\/100\n|-fieldstart|move: Psychic Terrain|[from] ability: Psychic Surge|[of] p2b: Deedeein\n|move|p2a: Rougearma|Protect|p2a: Rougearma\n|-singleturn|p2a: Rougearma|Protect\n|move|p1a: Ninetales|Blizzard|p2a: Rougearma|[spread] p2b\n|-activate|p2a: Rougearma|move: Protect\n|-crit|p2b: Deedeein\n|-damage|p2b: Deedeein|16\/100\n|move|p1b: Milotic|Blizzard|p2a: Rougearma|[spread] p2b\n|-activate|p2a: Rougearma|move: Protect\n|-damage|p2b: Deedeein|0 fnt\n|faint|p2b: Deedeein\n|\n|-weather|Snow|[upkeep]\n|upkeep\n|\n|t:|1700077056\n|switch|p2b: Dustorn|Tornadus, L50, M|83\/100\n|turn|7\n|\n|t:|1700077066\n|move|p1b: Milotic|Protect|p1b: Milotic\n|-singleturn|p1b: Milotic|Protect\n|move|p2b: Dustorn|Taunt|p1a: Ninetales\n|-activate|p1a: Ninetales|move: Psychic Terrain\n|move|p2a: Rougearma|Expanding Force|p1a: Ninetales|[spread] p1a\n|-activate|p1b: Milotic|move: Protect\n|-damage|p1a: Ninetales|0 fnt\n|faint|p1a: Ninetales\n|\n|-weather|Snow|[upkeep]\n|upkeep\n|\n|t:|1700077075\n|switch|p1a: Mienshao|Mienshao, L50, M, tera:Ice|7\/100\n|turn|8\n|\n|t:|1700077089\n|switch|p2b: Fairyclef|Clefairy, L50, F|100\/100\n|move|p2a: Rougearma|Protect|p2a: Rougearma\n|-singleturn|p2a: Rougearma|Protect\n|move|p1a: Mienshao|Fake Out|p2a: Rougearma\n|-activate|p2a: Rougearma|move: Psychic Terrain\n|move|p1b: Milotic|Blizzard|p2b: Fairyclef|[spread] p2b\n|-activate|p2a: Rougearma|move: Protect\n|-damage|p2b: Fairyclef|77\/100\n|\n|-weather|Snow|[upkeep]\n|upkeep\n|turn|9\n|\n|t:|1700077112\n|move|p2a: Rougearma|Expanding Force|p1b: Milotic|[spread] p1a,p1b\n|-damage|p1a: Mienshao|0 fnt\n|-damage|p1b: Milotic|17\/100\n|faint|p1a: Mienshao\n|move|p1b: Milotic|Blizzard|p2b: Fairyclef|[spread] p2a,p2b\n|-supereffective|p2a: Rougearma\n|-damage|p2a: Rougearma|0 fnt\n|-damage|p2b: Fairyclef|52\/100\n|faint|p2a: Rougearma\n|move|p2b: Fairyclef|Heal Pulse|p2: Rougearma|[notarget]\n|-fail|p2b: Fairyclef\n|\n|-weather|Snow|[upkeep]\n|-heal|p1b: Milotic|23\/100|[from] item: Leftovers\n|upkeep\n|\n|t:|1700077119\n|switch|p2a: Dustorn|Tornadus, L50, M|83\/100\n|turn|10\n|\n|t:|1700077126\n|move|p1b: Milotic|Protect|p1b: Milotic\n|-singleturn|p1b: Milotic|Protect\n|move|p2a: Dustorn|Bleakwind Storm|p1b: Milotic\n|-activate|p1b: Milotic|move: Protect\n|move|p2b: Fairyclef|Heal Pulse|p2a: Dustorn\n|-heal|p2a: Dustorn|100\/100\n|\n|-weather|Snow|[upkeep]\n|-heal|p1b: Milotic|29\/100|[from] item: Leftovers\n|-fieldend|move: Psychic Terrain\n|upkeep\n|turn|11\n|\n|t:|1700077137\n|move|p2a: Dustorn|Bleakwind Storm|p1b: Milotic\n|-damage|p1b: Milotic|0 fnt\n|faint|p1b: Milotic\n|\n|win|bus\n|raw|joshferd's rating: 1140 &rarr; <strong>1123<\/strong><br \/>(-17 for losing)\n|raw|bus's rating: 1251 &rarr; <strong>1268<\/strong><br \/>(+17 for winning)\n","uploadtime":1700077142,"views":11,"p1id":"joshferd","p2id":"bus","formatid":"gen9vgc2023regulatione","rating":1123,"private":0,"password":""}