{"id":"gen9vgc2023regulatione-1996513948","p1":"Ibsbsussbs","p2":"beatcr","format":"[Gen 9] VGC 2023 Regulation E","log":"|j|\u2606Ibsbsussbs\n|j|\u2606beatcr\n|t:|1700689452\n|gametype|doubles\n|player|p1|Ibsbsussbs|1|1029\n|player|p2|beatcr|1|1119\n|teamsize|p1|6\n|teamsize|p2|6\n|gen|9\n|tier|[Gen 9] VGC 2023 Regulation E\n|rated|\n|rule|Species Clause: Limit one of each Pok\u00e9mon\n|rule|Item Clause: Limit one of each item\n|clearpoke\n|poke|p1|Ogerpon-Hearthflame, L50, F|\n|poke|p1|Kommo-o, L50, F|\n|poke|p1|Clefairy, L50, F|\n|poke|p1|Rabsca, L50, M|\n|poke|p1|Toxtricity, L50, F|\n|poke|p1|Corviknight, L50, M|\n|poke|p2|Chien-Pao, L50|\n|poke|p2|Dragapult, L50, F|\n|poke|p2|Heatran, L50, F|\n|poke|p2|Farigiraf, L50, F|\n|poke|p2|Rillaboom, L50, F|\n|poke|p2|Urshifu-*, L50, F|\n|teampreview|4\nbeatcr rejected open team sheets.\n|inactive|Battle timer is ON: inactive players will automatically lose when time's up. (requested by beatcr)\n|inactive|Ibsbsussbs has 60 seconds left.\n|\n|t:|1700689488\n|start\n|switch|p1a: Ogerpon|Ogerpon-Hearthflame, L50, F|100\/100\n|switch|p1b: Clefairy|Clefairy, L50, F|100\/100\n|switch|p2a: Farigiraf|Farigiraf, L50, F|100\/100\n|switch|p2b: Dragapult|Dragapult, L50, F|100\/100\n|-ability|p1a: Ogerpon|Mold Breaker\n|turn|1\n|inactive|Ibsbsussbs has 30 seconds left.\n|\n|t:|1700689514\n|-terastallize|p2b: Dragapult|Ghost\n|move|p1a: Ogerpon|Spiky Shield|p1a: Ogerpon\n|-singleturn|p1a: Ogerpon|move: Protect\n|move|p1b: Clefairy|Protect|p1b: Clefairy\n|-singleturn|p1b: Clefairy|Protect\n|move|p2b: Dragapult|Sucker Punch||[still]\n|-fail|p2b: Dragapult\n|move|p2a: Farigiraf|Psychic|p1a: Ogerpon\n|-activate|p1a: Ogerpon|move: Protect\n|\n|upkeep\n|turn|2\n|\n|t:|1700689530\n|move|p1b: Clefairy|Follow Me|p1b: Clefairy\n|-singleturn|p1b: Clefairy|move: Follow Me\n|move|p2b: Dragapult|Sucker Punch||[still]\n|-fail|p2b: Dragapult\n|move|p1a: Ogerpon|Ivy Cudgel|p2a: Farigiraf|[anim] Ivy Cudgel Fire\n|-damage|p2a: Farigiraf|47\/100\n|move|p2a: Farigiraf|Psychic|p1b: Clefairy\n|-damage|p1b: Clefairy|69\/100\n|\n|upkeep\n|turn|3\n|inactive|Ibsbsussbs has 30 seconds left.\n|\n|t:|1700689556\n|move|p2b: Dragapult|Sucker Punch||[still]\n|-fail|p2b: Dragapult\n|move|p1a: Ogerpon|Ivy Cudgel|p2a: Farigiraf|[anim] Ivy Cudgel Fire\n|-damage|p2a: Farigiraf|0 fnt\n|faint|p2a: Farigiraf\n|move|p1b: Clefairy|Wish|p1b: Clefairy\n|\n|upkeep\n|\n|t:|1700689564\n|switch|p2a: Heatran|Heatran, L50, F, shiny|100\/100\n|turn|4\n|\n|t:|1700689577\n|move|p1a: Ogerpon|Spiky Shield|p1a: Ogerpon\n|-singleturn|p1a: Ogerpon|move: Protect\n|move|p1b: Clefairy|Protect|p1b: Clefairy\n|-singleturn|p1b: Clefairy|Protect\n|move|p2b: Dragapult|Sucker Punch||[still]\n|-fail|p2b: Dragapult\n|move|p2a: Heatran|Earth Power|p1a: Ogerpon\n|-activate|p1a: Ogerpon|move: Protect\n|\n|-heal|p1b: Clefairy|100\/100|[from] move: Wish|[wisher] Clefairy\n|upkeep\n|turn|5\n|inactive|Ibsbsussbs has 30 seconds left.\n|\n|t:|1700689604\n|switch|p2b: Urshifu|Urshifu-Rapid-Strike, L50, F|100\/100\n|switch|p1a: Kommo-o|Kommo-o, L50, F|100\/100\n|move|p1b: Clefairy|Follow Me|p1b: Clefairy\n|-singleturn|p1b: Clefairy|move: Follow Me\n|move|p2a: Heatran|Earth Power|p1b: Clefairy\n|-damage|p1b: Clefairy|70\/100\n|\n|upkeep\n|turn|6\n|\n|t:|1700689625\n|move|p1b: Clefairy|Follow Me|p1b: Clefairy\n|-singleturn|p1b: Clefairy|move: Follow Me\n|move|p2b: Urshifu|Surging Strikes|p1b: Clefairy\n|-crit|p1b: Clefairy\n|-damage|p1b: Clefairy|49\/100\n|-crit|p1b: Clefairy\n|-damage|p1b: Clefairy|31\/100\n|-crit|p1b: Clefairy\n|-damage|p1b: Clefairy|10\/100\n|-hitcount|p1b: Clefairy|3\n|move|p1a: Kommo-o|Clangorous Soul|p1a: Kommo-o\n|-boost|p1a: Kommo-o|atk|1\n|-boost|p1a: Kommo-o|def|1\n|-boost|p1a: Kommo-o|spa|1\n|-boost|p1a: Kommo-o|spd|1\n|-boost|p1a: Kommo-o|spe|1\n|-damage|p1a: Kommo-o|68\/100\n|move|p2a: Heatran|Flash Cannon|p1b: Clefairy\n|-supereffective|p1b: Clefairy\n|-damage|p1b: Clefairy|0 fnt\n|faint|p1b: Clefairy\n|\n|upkeep\n|\n|t:|1700689643\n|switch|p1b: Rabsca|Rabsca, L50, M|100\/100\n|turn|7\n|\n|t:|1700689653\n|-terastallize|p1a: Kommo-o|Ice\n|move|p2b: Urshifu|Surging Strikes|p1a: Kommo-o\n|-crit|p1a: Kommo-o\n|-damage|p1a: Kommo-o|46\/100\n|-crit|p1a: Kommo-o\n|-damage|p1a: Kommo-o|22\/100\n|-crit|p1a: Kommo-o\n|-damage|p1a: Kommo-o|2\/100\n|-hitcount|p1a: Kommo-o|3\n|move|p1a: Kommo-o|Clanging Scales|p2b: Urshifu|[spread] p2a,p2b\n|-resisted|p2a: Heatran\n|-damage|p2a: Heatran|83\/100\n|-damage|p2b: Urshifu|19\/100\n|-unboost|p1a: Kommo-o|def|1\n|move|p2a: Heatran|Heat Wave|p1a: Kommo-o|[spread] p1a,p1b\n|-supereffective|p1a: Kommo-o\n|-supereffective|p1b: Rabsca\n|-damage|p1a: Kommo-o|0 fnt\n|-damage|p1b: Rabsca|21\/100\n|faint|p1a: Kommo-o\n|move|p1b: Rabsca|Revival Blessing|p1b: Rabsca\n|\n|t:|1700689672\n|-heal|p1: Clefairy|50\/100|[from] move: Revival Blessing\n|\n|upkeep\n|\n|t:|1700689682\n|switch|p1a: Clefairy|Clefairy, L50, F|50\/100\n|turn|8\n|\n|t:|1700689690\n|move|p1a: Clefairy|Protect|p1a: Clefairy\n|-singleturn|p1a: Clefairy|Protect\n|move|p2b: Urshifu|Surging Strikes|p1a: Clefairy\n|-crit|p1a: Clefairy\n|-damage|p1a: Clefairy|32\/100\n|-crit|p1a: Clefairy\n|-damage|p1a: Clefairy|14\/100\n|-crit|p1a: Clefairy\n|-damage|p1a: Clefairy|0 fnt\n|faint|p1a: Clefairy\n|-hitcount|p1: Clefairy|3\n|move|p2a: Heatran|Heat Wave|p1b: Rabsca\n|-supereffective|p1b: Rabsca\n|-damage|p1b: Rabsca|0 fnt\n|faint|p1b: Rabsca\n|\n|upkeep\n|\n|t:|1700689708\n|switch|p1b: Ogerpon|Ogerpon-Hearthflame, L50, F|100\/100\n|-ability|p1b: Ogerpon|Mold Breaker\n|turn|9\n|\n|t:|1700689724\n|move|p1b: Ogerpon|Spiky Shield|p1b: Ogerpon\n|-singleturn|p1b: Ogerpon|move: Protect\n|move|p2b: Urshifu|Surging Strikes|p1b: Ogerpon\n|-crit|p1b: Ogerpon\n|-damage|p1b: Ogerpon|74\/100\n|-crit|p1b: Ogerpon\n|-damage|p1b: Ogerpon|48\/100\n|-crit|p1b: Ogerpon\n|-damage|p1b: Ogerpon|19\/100\n|-hitcount|p1b: Ogerpon|3\n|move|p2a: Heatran|Earth Power|p1b: Ogerpon\n|-activate|p1b: Ogerpon|move: Protect\n|\n|upkeep\n|turn|10\n|inactive|beatcr has 30 seconds left.\n|-message|Ibsbsussbs forfeited.\n|\n|win|beatcr\n|raw|Ibsbsussbs's rating: 1029 &rarr; <strong>1018<\/strong><br \/>(-11 for losing)\n|raw|beatcr's rating: 1119 &rarr; <strong>1138<\/strong><br \/>(+19 for winning)\n|l|\u2606Ibsbsussbs\n","uploadtime":1700689763,"views":8,"p1id":"ibsbsussbs","p2id":"beatcr","formatid":"gen9vgc2023regulatione","rating":1018,"private":0,"password":""}