{"id":"gen9vgc2023regulatione-1993850880","p1":"5343l","p2":"PunkRockObstagoon","format":"[Gen 9] VGC 2023 Regulation E","log":"|j|\u26065343l\n|j|\u2606PunkRockObstagoon\n|t:|1700365208\n|gametype|doubles\n|player|p1|5343l|cynthia|1351\n|player|p2|PunkRockObstagoon|hilbert|1431\n|teamsize|p1|6\n|teamsize|p2|6\n|gen|9\n|tier|[Gen 9] VGC 2023 Regulation E\n|rated|\n|rule|Species Clause: Limit one of each Pok\u00e9mon\n|rule|Item Clause: Limit one of each item\n|clearpoke\n|poke|p1|Ogerpon-Wellspring, L50, F|\n|poke|p1|Landorus-Therian, L50, M|\n|poke|p1|Heatran, L50, M|\n|poke|p1|Amoonguss, L50, F|\n|poke|p1|Iron Hands, L50|\n|poke|p1|Flutter Mane, L50|\n|poke|p2|Spinarak, L50, M|\n|poke|p2|Tatsugiri-Droopy, L50, M|\n|poke|p2|Urshifu-*, L50, M|\n|poke|p2|Lurantis, L50, F|\n|poke|p2|Armarouge, L50, M|\n|poke|p2|Farigiraf, L50, F|\n|teampreview|4\n|inactive|Battle timer is ON: inactive players will automatically lose when time's up. (requested by PunkRockObstagoon)\n|inactive|5343l has 60 seconds left.\n|inactive|PunkRockObstagoon has 60 seconds left.\n|\n|t:|1700365266\n|start\n|switch|p1a: Amoonguss|Amoonguss, L50, F, shiny|100\/100\n|switch|p1b: Landorus|Landorus-Therian, L50, M|100\/100\n|switch|p2a: Lurantis|Lurantis, L50, F|100\/100\n|switch|p2b: Farigiraf|Farigiraf, L50, F|100\/100\n|-ability|p1b: Landorus|Intimidate|boost\n|-boost|p2a: Lurantis|atk|1\n|-unboost|p2b: Farigiraf|atk|1\n|turn|1\n|\n|t:|1700365291\n|-terastallize|p1b: Landorus|Flying\n|-terastallize|p2a: Lurantis|Fire\n|move|p1b: Landorus|Tera Blast|p2a: Lurantis|[anim] Tera Blast Flying\n|-damage|p2a: Lurantis|27\/100\n|move|p2b: Farigiraf|Psychic|p1a: Amoonguss\n|-supereffective|p1a: Amoonguss\n|-damage|p1a: Amoonguss|27\/100\n|move|p1a: Amoonguss|Pollen Puff|p2b: Farigiraf\n|-supereffective|p2b: Farigiraf\n|-damage|p2b: Farigiraf|55\/100\n|move|p2a: Lurantis|Superpower|p1b: Landorus\n|-resisted|p1b: Landorus\n|-damage|p1b: Landorus|67\/100\n|-boost|p2a: Lurantis|atk|1\n|-boost|p2a: Lurantis|def|1\n|\n|upkeep\n|turn|2\n|\n|t:|1700365314\n|move|p1a: Amoonguss|Rage Powder|p1a: Amoonguss\n|-singleturn|p1a: Amoonguss|move: Rage Powder\n|move|p1b: Landorus|Tera Blast|p2a: Lurantis|[anim] Tera Blast Flying\n|-damage|p2a: Lurantis|0 fnt\n|faint|p2a: Lurantis\n|move|p2b: Farigiraf|Hyper Voice|p1b: Landorus|[spread] p1a,p1b\n|-damage|p1a: Amoonguss|0 fnt\n|-damage|p1b: Landorus|24\/100\n|faint|p1a: Amoonguss\n|\n|upkeep\n|\n|t:|1700365324\n|switch|p2a: Tatsugiri|Tatsugiri-Droopy, L50, M|100\/100\n|switch|p1a: Ogerpon|Ogerpon-Wellspring, L50, F|100\/100\n|turn|3\n|\n|t:|1700365338\n|switch|p1b: Iron Hands|Iron Hands, L50, shiny|100\/100\n|move|p1a: Ogerpon|Horn Leech|p2a: Tatsugiri\n|-damage|p2a: Tatsugiri|38\/100\n|move|p2a: Tatsugiri|Substitute|p2a: Tatsugiri\n|-start|p2a: Tatsugiri|Substitute\n|-damage|p2a: Tatsugiri|14\/100\n|move|p2b: Farigiraf|Trick Room|p2b: Farigiraf\n|-fieldstart|move: Trick Room|[of] p2b: Farigiraf\n|\n|-heal|p2a: Tatsugiri|19\/100|[from] item: Leftovers\n|upkeep\n|turn|4\n|\n|t:|1700365356\n|move|p2b: Farigiraf|Psychic|p1b: Iron Hands\n|-supereffective|p1b: Iron Hands\n|-damage|p1b: Iron Hands|49\/100\n|move|p1b: Iron Hands|Drain Punch|p2b: Farigiraf\n|-damage|p2b: Farigiraf|7\/100\n|-heal|p1b: Iron Hands|68\/100|[from] drain|[of] p2b: Farigiraf\n|move|p2a: Tatsugiri|Muddy Water|p1b: Iron Hands|[spread] p1b\n|-immune|p1a: Ogerpon|[from] ability: Water Absorb\n|-damage|p1b: Iron Hands|50\/100\n|move|p1a: Ogerpon|Ivy Cudgel|p2a: Tatsugiri|[anim] Ivy Cudgel Water\n|-activate|p2a: Tatsugiri|ability: Storm Drain\n|-ability|p2a: Tatsugiri|Storm Drain|boost\n|-boost|p2a: Tatsugiri|spa|1\n|\n|-heal|p2a: Tatsugiri|25\/100|[from] item: Leftovers\n|upkeep\n|turn|5\n|inactive|PunkRockObstagoon has 30 seconds left.\n|\n|t:|1700365384\n|move|p2b: Farigiraf|Psychic|p1b: Iron Hands\n|-supereffective|p1b: Iron Hands\n|-damage|p1b: Iron Hands|0 fnt\n|faint|p1b: Iron Hands\n|-end|p1b: Iron Hands|Quark Drive|[silent]\n|move|p2a: Tatsugiri|Tera Blast|p1a: Ogerpon\n|-damage|p1a: Ogerpon|57\/100\n|move|p1a: Ogerpon|Horn Leech|p2a: Tatsugiri\n|-end|p2a: Tatsugiri|Substitute\n|-heal|p1a: Ogerpon|69\/100|[from] drain|[of] p2a: Tatsugiri\n|\n|-heal|p2a: Tatsugiri|31\/100|[from] item: Leftovers\n|upkeep\n|\n|t:|1700365396\n|switch|p1b: Landorus|Landorus-Therian, L50, M, tera:Flying|24\/100\n|-ability|p1b: Landorus|Intimidate|boost\n|-unboost|p2a: Tatsugiri|atk|1\n|-unboost|p2b: Farigiraf|atk|1\n|turn|6\n|\n|t:|1700365413\n|move|p2a: Tatsugiri|Protect|p2a: Tatsugiri\n|-singleturn|p2a: Tatsugiri|Protect\n|move|p2b: Farigiraf|Hyper Voice|p1b: Landorus|[spread] p1a,p1b\n|-damage|p1a: Ogerpon|34\/100\n|-damage|p1b: Landorus|0 fnt\n|faint|p1b: Landorus\n|move|p1a: Ogerpon|Horn Leech|p2a: Tatsugiri\n|-activate|p2a: Tatsugiri|move: Protect\n|\n|-heal|p2a: Tatsugiri|36\/100|[from] item: Leftovers\n|upkeep\n|turn|7\n|\n|t:|1700365423\n|move|p1a: Ogerpon|Spiky Shield|p1a: Ogerpon\n|-singleturn|p1a: Ogerpon|move: Protect\n|move|p2b: Farigiraf|Hyper Voice|p1a: Ogerpon\n|-activate|p1a: Ogerpon|move: Protect\n|move|p2a: Tatsugiri|Substitute|p2a: Tatsugiri\n|-start|p2a: Tatsugiri|Substitute\n|-damage|p2a: Tatsugiri|12\/100\n|\n|-heal|p2a: Tatsugiri|18\/100|[from] item: Leftovers\n|-fieldend|move: Trick Room\n|upkeep\n|turn|8\n|\n|t:|1700365433\n|move|p1a: Ogerpon|Horn Leech|p2b: Farigiraf\n|-damage|p2b: Farigiraf|0 fnt\n|-heal|p1a: Ogerpon|37\/100|[from] drain|[of] p2b: Farigiraf\n|faint|p2b: Farigiraf\n|move|p2a: Tatsugiri|Tera Blast|p1a: Ogerpon\n|-damage|p1a: Ogerpon|0 fnt\n|faint|p1a: Ogerpon\n|\n|win|PunkRockObstagoon\n|raw|5343l's rating: 1351 &rarr; <strong>1336<\/strong><br \/>(-15 for losing)\n|raw|PunkRockObstagoon's rating: 1431 &rarr; <strong>1446<\/strong><br \/>(+15 for winning)\n|l|\u26065343l\n","uploadtime":1700365444,"views":8,"p1id":"5343l","p2id":"punkrockobstagoon","formatid":"gen9vgc2023regulatione","rating":1336,"private":0,"password":""}