{"id":"gen9vgc2023regulatione-1988657553","p1":"CharlienoB","p2":"DoritoSlayer","format":"[Gen 9] VGC 2023 Regulation E","log":"|j|\u2606CharlienoB\n|j|\u2606DoritoSlayer\n|t:|1699747087\n|gametype|doubles\n|player|p1|CharlienoB|102|1185\n|player|p2|DoritoSlayer|cynthia-gen4|1183\n|teamsize|p1|6\n|teamsize|p2|6\n|gen|9\n|tier|[Gen 9] VGC 2023 Regulation E\n|rated|\n|rule|Species Clause: Limit one of each Pok\u00e9mon\n|rule|Item Clause: Limit one of each item\n|clearpoke\n|poke|p1|Salamence, L50, M|\n|poke|p1|Landorus, L50, M|\n|poke|p1|Pelipper, L50, M|\n|poke|p1|Arcanine-Hisui, L50, F|\n|poke|p1|Rillaboom, L50, F|\n|poke|p1|Beartic, L50, M|\n|poke|p2|Cresselia, L50, F|\n|poke|p2|Crabominable, L50, M|\n|poke|p2|Snorlax, L50, F|\n|poke|p2|Dragonite, L50, M|\n|poke|p2|Chi-Yu, L50|\n|poke|p2|Urshifu-*, L50, M|\n|teampreview|4\n|\n|t:|1699747171\n|start\n|switch|p1a: Arcanine|Arcanine-Hisui, L50, F|100\/100\n|switch|p1b: Rillaboom|Rillaboom, L50, F|100\/100\n|switch|p2a: Cresselia|Cresselia, L50, F|100\/100\n|switch|p2b: Snorlax|Snorlax, L50, F|100\/100\n|-ability|p1a: Arcanine|Intimidate|boost\n|-unboost|p2a: Cresselia|atk|1\n|-unboost|p2b: Snorlax|atk|1\n|-fieldstart|move: Grassy Terrain|[from] ability: Grassy Surge|[of] p1b: Rillaboom\n|turn|1\n|\n|t:|1699747199\n|move|p2b: Snorlax|Protect|p2b: Snorlax\n|-singleturn|p2b: Snorlax|Protect\n|move|p1a: Arcanine|Flare Blitz|p2a: Cresselia\n|-damage|p2a: Cresselia|65\/100\n|-damage|p1a: Arcanine|84\/100|[from] item: Rocky Helmet|[of] p2a: Cresselia\n|-damage|p1a: Arcanine|70\/100|[from] Recoil\n|move|p1b: Rillaboom|Wood Hammer|p2a: Cresselia\n|-damage|p2a: Cresselia|15\/100\n|-damage|p1b: Rillaboom|84\/100|[from] item: Rocky Helmet|[of] p2a: Cresselia\n|-damage|p1b: Rillaboom|66\/100|[from] Recoil\n|move|p2a: Cresselia|Trick Room|p2a: Cresselia\n|-fieldstart|move: Trick Room|[of] p2a: Cresselia\n|\n|-heal|p1b: Rillaboom|71\/100|[from] Grassy Terrain\n|-heal|p1a: Arcanine|76\/100|[from] Grassy Terrain\n|upkeep\n|turn|2\n|\n|t:|1699747230\n|switch|p2a: Dragonite|Dragonite, L50, M|100\/100\n|move|p1a: Arcanine|Extreme Speed|p2a: Dragonite\n|-damage|p2a: Dragonite|74\/100\n|move|p2b: Snorlax|Belly Drum|p2b: Snorlax\n|-damage|p2b: Snorlax|50\/100\n|-setboost|p2b: Snorlax|atk|6|[from] move: Belly Drum\n|-enditem|p2b: Snorlax|Sitrus Berry|[eat]\n|-heal|p2b: Snorlax|75\/100|[from] item: Sitrus Berry\n|move|p1b: Rillaboom|Wood Hammer|p2b: Snorlax\n|-damage|p2b: Snorlax|24\/100\n|-damage|p1b: Rillaboom|47\/100|[from] Recoil\n|\n|-heal|p2b: Snorlax|30\/100|[from] Grassy Terrain\n|-heal|p1b: Rillaboom|53\/100|[from] Grassy Terrain\n|-heal|p1a: Arcanine|82\/100|[from] Grassy Terrain\n|upkeep\n|turn|3\n|\n|t:|1699747263\n|-terastallize|p1a: Arcanine|Ghost\n|move|p2b: Snorlax|Protect|p2b: Snorlax\n|-singleturn|p2b: Snorlax|Protect\n|move|p1b: Rillaboom|Grassy Glide|p2a: Dragonite\n|-resisted|p2a: Dragonite\n|-damage|p2a: Dragonite|66\/100\n|move|p2a: Dragonite|Earthquake|p1b: Rillaboom|[spread] p1a,p1b\n|-activate|p2b: Snorlax|move: Protect\n|-resisted|p1b: Rillaboom\n|-damage|p1a: Arcanine|55\/100\n|-damage|p1b: Rillaboom|41\/100\n|move|p1a: Arcanine|Rock Slide|p2b: Snorlax|[spread] p2a\n|-activate|p2b: Snorlax|move: Protect\n|-supereffective|p2a: Dragonite\n|-damage|p2a: Dragonite|11\/100\n|\n|-heal|p2b: Snorlax|36\/100|[from] Grassy Terrain\n|-heal|p1b: Rillaboom|47\/100|[from] Grassy Terrain\n|-heal|p1a: Arcanine|61\/100|[from] Grassy Terrain\n|upkeep\n|turn|4\n|\n|t:|1699747288\n|switch|p2a: Cresselia|Cresselia, L50, F|15\/100\n|move|p1a: Arcanine|Extreme Speed|p2b: Snorlax\n|-crit|p2b: Snorlax\n|-damage|p2b: Snorlax|10\/100\n|move|p1b: Rillaboom|Grassy Glide|p2b: Snorlax\n|-damage|p2b: Snorlax|0 fnt\n|faint|p2b: Snorlax\n|\n|-heal|p1b: Rillaboom|52\/100|[from] Grassy Terrain\n|-heal|p1a: Arcanine|67\/100|[from] Grassy Terrain\n|upkeep\n|\n|t:|1699747302\n|switch|p2b: Crabominable|Crabominable, L50, M|100\/100\n|turn|5\n|\n|t:|1699747320\n|move|p1a: Arcanine|Extreme Speed|p2a: Cresselia\n|-crit|p2a: Cresselia\n|-damage|p2a: Cresselia|0 fnt\n|-damage|p1a: Arcanine|50\/100|[from] item: Rocky Helmet|[of] p2a: Cresselia\n|-enditem|p1a: Arcanine|Sitrus Berry|[eat]\n|-heal|p1a: Arcanine|75\/100|[from] item: Sitrus Berry\n|faint|p2a: Cresselia\n|move|p1b: Rillaboom|Grassy Glide|p2b: Crabominable\n|-damage|p2b: Crabominable|66\/100\n|move|p2b: Crabominable|Ice Hammer|p1b: Rillaboom\n|-supereffective|p1b: Rillaboom\n|-damage|p1b: Rillaboom|0 fnt\n|-unboost|p2b: Crabominable|spe|1\n|faint|p1b: Rillaboom\n|\n|-heal|p2b: Crabominable|71\/100|[from] Grassy Terrain\n|-heal|p1a: Arcanine|81\/100|[from] Grassy Terrain\n|-fieldend|move: Trick Room\n|-fieldend|move: Grassy Terrain\n|upkeep\n|inactive|Battle timer is ON: inactive players will automatically lose when time's up. (requested by CharlienoB)\n|\n|t:|1699747350\n|switch|p1b: Pelipper|Pelipper, L50, M|100\/100\n|switch|p2a: Dragonite|Dragonite, L50, M|11\/100\n|-weather|RainDance|[from] ability: Drizzle|[of] p1b: Pelipper\n|turn|6\n|inactive|DoritoSlayer has 30 seconds left.\n|\n|t:|1699747384\n|-terastallize|p2b: Crabominable|Water\n|move|p1a: Arcanine|Extreme Speed|p2a: Dragonite\n|-damage|p2a: Dragonite|0 fnt\n|faint|p2a: Dragonite\n|move|p1b: Pelipper|Hurricane|p2b: Crabominable\n|-damage|p2b: Crabominable|36\/100\n|move|p2b: Crabominable|Crabhammer|p1a: Arcanine\n|-damage|p1a: Arcanine|0 fnt\n|faint|p1a: Arcanine\n|\n|-weather|RainDance|[upkeep]\n|upkeep\n|\n|t:|1699747398\n|switch|p1a: Landorus|Landorus, L50, M|100\/100\n|turn|7\n|\n|t:|1699747410\n|move|p1a: Landorus|Sandsear Storm|p2b: Crabominable\n|-damage|p2b: Crabominable|0 fnt\n|faint|p2b: Crabominable\n|\n|win|CharlienoB\n|raw|CharlienoB's rating: 1185 &rarr; <strong>1210<\/strong><br \/>(+25 for winning)\n|raw|DoritoSlayer's rating: 1183 &rarr; <strong>1158<\/strong><br \/>(-25 for losing)\n","uploadtime":1699747428,"views":18,"p1id":"charlienob","p2id":"doritoslayer","formatid":"gen9vgc2023regulatione","rating":1158,"private":0,"password":""}