{"id":"gen9vgc2023regulatione-1996242888","p1":"Filie","p2":"Arby's service","format":"[Gen 9] VGC 2023 Regulation E","log":"|j|\u2606Filie\n|j|\u2606Arby's service\n|t:|1700663210\n|gametype|doubles\n|player|p1|Filie|nate|1125\n|player|p2|Arby's service|carmine|1098\n|teamsize|p1|6\n|teamsize|p2|6\n|gen|9\n|tier|[Gen 9] VGC 2023 Regulation E\n|rated|\n|rule|Species Clause: Limit one of each Pok\u00e9mon\n|rule|Item Clause: Limit one of each item\n|clearpoke\n|poke|p1|Ogerpon-Wellspring, L50, F|\n|poke|p1|Iron Hands, L50|\n|poke|p1|Roaring Moon, L50|\n|poke|p1|Gholdengo, L50|\n|poke|p1|Weezing, L50, F|\n|poke|p1|Arcanine-Hisui, L50, F|\n|poke|p2|Urshifu-*, L50, M|\n|poke|p2|Amoonguss, L50, M|\n|poke|p2|Ogerpon-Wellspring, L50, F|\n|poke|p2|Flutter Mane, L50|\n|poke|p2|Tornadus, L50, M|\n|poke|p2|Arcanine-Hisui, L50, M|\n|teampreview|4\n|inactive|Battle timer is ON: inactive players will automatically lose when time's up. (requested by Arby's service)\n|\n|t:|1700663237\n|start\n|switch|p1a: Weezing|Weezing, L50, F|100\/100\n|switch|p1b: Ogerpon|Ogerpon-Wellspring, L50, F|100\/100\n|switch|p2a: Flutter Mane|Flutter Mane, L50|100\/100\n|switch|p2b: Arcanine|Arcanine-Hisui, L50, M|100\/100\n|-ability|p1a: Weezing|Neutralizing Gas\n|-enditem|p2a: Flutter Mane|Booster Energy\n|-activate|p2a: Flutter Mane|ability: Protosynthesis|[fromitem]\n|-start|p2a: Flutter Mane|protosynthesisspa\n|turn|1\n|inactive|Arby's service has 30 seconds left.\n|\n|t:|1700663264\n|move|p2a: Flutter Mane|Protect|p2a: Flutter Mane\n|-singleturn|p2a: Flutter Mane|Protect\n|move|p1a: Weezing|Protect|p1a: Weezing\n|-singleturn|p1a: Weezing|Protect\n|move|p1b: Ogerpon|Ivy Cudgel|p2b: Arcanine|[anim] Ivy Cudgel Water\n|-supereffective|p2b: Arcanine\n|-damage|p2b: Arcanine|0 fnt\n|faint|p2b: Arcanine\n|\n|upkeep\n|\n|t:|1700663275\n|switch|p2b: Tornadus|Tornadus, L50, M|100\/100\n|turn|2\n|\n|t:|1700663287\n|move|p2a: Flutter Mane|Moonblast|p1b: Ogerpon\n|-damage|p1b: Ogerpon|32\/100\n|move|p2b: Tornadus|Tailwind|p2b: Tornadus\n|-sidestart|p2: Arby's service|move: Tailwind\n|move|p1b: Ogerpon|Ivy Cudgel|p2a: Flutter Mane|[anim] Ivy Cudgel Water\n|-damage|p2a: Flutter Mane|0 fnt\n|faint|p2a: Flutter Mane\n|-end|p2a: Flutter Mane|Protosynthesis|[silent]\n|move|p1a: Weezing|Taunt|p2b: Tornadus\n|-start|p2b: Tornadus|move: Taunt\n|\n|upkeep\n|\n|t:|1700663300\n|switch|p2a: Urshifu|Urshifu-Rapid-Strike, L50, M|100\/100\n|turn|3\n|\n|t:|1700663309\n|move|p2a: Urshifu|Detect|p2a: Urshifu\n|-singleturn|p2a: Urshifu|Protect\n|move|p1b: Ogerpon|Spiky Shield|p1b: Ogerpon\n|-singleturn|p1b: Ogerpon|move: Protect\n|move|p1a: Weezing|Protect|p1a: Weezing\n|-singleturn|p1a: Weezing|Protect\n|move|p2b: Tornadus|Bleakwind Storm|p1a: Weezing|[spread] \n|-activate|p1a: Weezing|move: Protect\n|-activate|p1b: Ogerpon|move: Protect\n|\n|upkeep\n|turn|4\n|\n|t:|1700663333\n|-terastallize|p2a: Urshifu|Water\n|move|p2a: Urshifu|Surging Strikes|p1a: Weezing\n|-crit|p1a: Weezing\n|-damage|p1a: Weezing|78\/100\n|-crit|p1a: Weezing\n|-damage|p1a: Weezing|57\/100\n|-crit|p1a: Weezing\n|-damage|p1a: Weezing|35\/100\n|-enditem|p1a: Weezing|Sitrus Berry|[eat]\n|-heal|p1a: Weezing|60\/100|[from] item: Sitrus Berry\n|-hitcount|p1a: Weezing|3\n|move|p2b: Tornadus|Bleakwind Storm|p1a: Weezing|[spread] p1a,p1b\n|-supereffective|p1b: Ogerpon\n|-damage|p1a: Weezing|25\/100\n|-damage|p1b: Ogerpon|0 fnt\n|-unboost|p1a: Weezing|spe|1\n|faint|p1b: Ogerpon\n|move|p1a: Weezing|Will-O-Wisp|p2a: Urshifu|[miss]\n|-miss|p1a: Weezing|p2a: Urshifu\n|\n|upkeep\n|inactive|Filie has 30 seconds left.\n|\n|t:|1700663361\n|switch|p1b: Arcanine|Arcanine-Hisui, L50, F|100\/100\n|turn|5\n|\n|t:|1700663371\n|-terastallize|p1b: Arcanine|Fairy\n|move|p1a: Weezing|Protect|p1a: Weezing\n|-singleturn|p1a: Weezing|Protect\n|move|p2a: Urshifu|Surging Strikes|p1b: Arcanine\n|-crit|p1b: Arcanine\n|-damage|p1b: Arcanine|65\/100\n|-crit|p1b: Arcanine\n|-damage|p1b: Arcanine|32\/100\n|-crit|p1b: Arcanine\n|-damage|p1b: Arcanine|2\/100\n|-hitcount|p1b: Arcanine|3\n|move|p2b: Tornadus|Bleakwind Storm|p1a: Weezing|[spread] p1b\n|-activate|p1a: Weezing|move: Protect\n|-damage|p1b: Arcanine|0 fnt\n|faint|p1b: Arcanine\n|\n|-end|p2b: Tornadus|move: Taunt\n|-sideend|p2: Arby's service|move: Tailwind\n|upkeep\n|\n|t:|1700663390\n|switch|p1b: Iron Hands|Iron Hands, L50|100\/100\n|turn|6\n|\n|t:|1700663404\n|move|p1b: Iron Hands|Fake Out|p2a: Urshifu\n|-damage|p2a: Urshifu|87\/100\n|cant|p2a: Urshifu|flinch\n|move|p2b: Tornadus|Tailwind|p2b: Tornadus\n|-sidestart|p2: Arby's service|move: Tailwind\n|move|p1a: Weezing|Will-O-Wisp|p2a: Urshifu\n|-status|p2a: Urshifu|brn\n|\n|-damage|p2a: Urshifu|81\/100 brn|[from] brn\n|upkeep\n|turn|7\n|\n|t:|1700663427\n|move|p1a: Weezing|Protect|p1a: Weezing\n|-singleturn|p1a: Weezing|Protect\n|move|p2a: Urshifu|Surging Strikes|p1a: Weezing\n|-activate|p1a: Weezing|move: Protect\n|move|p2b: Tornadus|Bleakwind Storm|p1a: Weezing|[spread] p1b\n|-activate|p1a: Weezing|move: Protect\n|-damage|p1b: Iron Hands|84\/100\n|move|p1b: Iron Hands|Wild Charge|p2a: Urshifu\n|-supereffective|p2a: Urshifu\n|-damage|p2a: Urshifu|0 fnt\n|faint|p2a: Urshifu\n|-damage|p1b: Iron Hands|69\/100|[from] Recoil\n|\n|upkeep\n|turn|8\n|-message|Arby's service forfeited.\n|\n|win|Filie\n|raw|Filie's rating: 1125 &rarr; <strong>1148<\/strong><br \/>(+23 for winning)\n|raw|Arby&apos;s service's rating: 1098 &rarr; <strong>1075<\/strong><br \/>(-23 for losing)\n|l|\u2606Arby's service\n","uploadtime":1700663447,"views":8,"p1id":"filie","p2id":"arbysservice","formatid":"gen9vgc2023regulatione","rating":1075,"private":0,"password":""}