{"id":"gen9vgc2023regulatione-1988022421","p1":"Monobraunmann95","p2":"Loswiththeemost","format":"[Gen 9] VGC 2023 Regulation E","log":"|j|\u2606Monobraunmann95\n|j|\u2606Loswiththeemost\n|t:|1699660195\n|gametype|doubles\n|player|p1|Monobraunmann95|266|1150\n|player|p2|Loswiththeemost|265|1103\n|teamsize|p1|6\n|teamsize|p2|6\n|gen|9\n|tier|[Gen 9] VGC 2023 Regulation E\n|rated|\n|rule|Species Clause: Limit one of each Pok\u00e9mon\n|rule|Item Clause: Limit one of each item\n|clearpoke\n|poke|p1|Pawmot, L50, F|\n|poke|p1|Ogerpon-Wellspring, L50, F|\n|poke|p1|Landorus-Therian, L50, M|\n|poke|p1|Maushold, L50|\n|poke|p1|Roaring Moon, L50|\n|poke|p1|Volcarona, L50, F|\n|poke|p2|Chien-Pao, L50|\n|poke|p2|Amoonguss, L50, F|\n|poke|p2|Dragonite, L50, F|\n|poke|p2|Kingambit, L50, M|\n|poke|p2|Urshifu-*, L50, M|\n|poke|p2|Farigiraf, L50, M|\n|teampreview|4\n|inactive|Battle timer is ON: inactive players will automatically lose when time's up. (requested by Monobraunmann95)\nMonobraunmann95 has agreed to open team sheets.\n|\n|t:|1699660234\n|start\n|switch|p1a: Ogerpon|Ogerpon-Wellspring, L50, F|100\/100\n|switch|p1b: Volcarona|Volcarona, L50, F|100\/100\n|switch|p2a: Chien-Pao|Chien-Pao, L50|100\/100\n|switch|p2b: Dragonite|Dragonite, L50, F|100\/100\n|-ability|p2a: Chien-Pao|Sword of Ruin\n|turn|1\n|\n|t:|1699660254\n|-terastallize|p1a: Ogerpon|Water\n|detailschange|p1a: Ogerpon|Ogerpon-Wellspring-Tera, L50, F, tera:Water\n|-ability|p1a: Ogerpon|Embody Aspect (Wellspring)|boost\n|-boost|p1a: Ogerpon|spd|1\n|move|p2b: Dragonite|Extreme Speed|p1b: Volcarona\n|-damage|p1b: Volcarona|38\/100\n|move|p2a: Chien-Pao|Ice Spinner|p1b: Volcarona\n|-resisted|p1b: Volcarona\n|-damage|p1b: Volcarona|0 fnt\n|faint|p1b: Volcarona\n|move|p1a: Ogerpon|Swords Dance|p1a: Ogerpon\n|-boost|p1a: Ogerpon|atk|2\n|\n|upkeep\n|\n|t:|1699660270\n|switch|p1b: Maushold|Maushold, L50|100\/100\n|turn|2\n|\n|t:|1699660285\n|move|p1b: Maushold|Follow Me|p1b: Maushold\n|-singleturn|p1b: Maushold|move: Follow Me\n|move|p2b: Dragonite|Extreme Speed|p1b: Maushold\n|-damage|p1b: Maushold|49\/100\n|move|p2a: Chien-Pao|Sacred Sword|p1b: Maushold\n|-supereffective|p1b: Maushold\n|-damage|p1b: Maushold|0 fnt\n|faint|p1b: Maushold\n|move|p1a: Ogerpon|Ivy Cudgel|p2a: Chien-Pao\n|-enditem|p2a: Chien-Pao|Focus Sash\n|-damage|p2a: Chien-Pao|1\/100\n|\n|upkeep\n|\n|t:|1699660295\n|switch|p1b: Pawmot|Pawmot, L50, F|100\/100\n|turn|3\n|inactive|Loswiththeemost has 30 seconds left.\n|\n|t:|1699660327\n|-terastallize|p2a: Chien-Pao|Ghost\n|move|p1b: Pawmot|Fake Out|p2a: Chien-Pao\n|-immune|p2a: Chien-Pao\n|move|p2a: Chien-Pao|Ice Spinner|p1b: Pawmot\n|-damage|p1b: Pawmot|18\/100\n|move|p1a: Ogerpon|Ivy Cudgel|p2b: Dragonite\n|-resisted|p2b: Dragonite\n|-damage|p2b: Dragonite|0 fnt\n|faint|p2b: Dragonite\n|\n|upkeep\n|\n|t:|1699660342\n|switch|p2b: Kingambit|Kingambit, L50, M|100\/100\n|turn|4\n|\n|t:|1699660361\n|move|p1a: Ogerpon|Spiky Shield|p1a: Ogerpon\n|-singleturn|p1a: Ogerpon|move: Protect\n|move|p2a: Chien-Pao|Ice Spinner|p1b: Pawmot\n|-damage|p1b: Pawmot|0 fnt\n|faint|p1b: Pawmot\n|move|p2b: Kingambit|Kowtow Cleave|p1a: Ogerpon\n|-activate|p1a: Ogerpon|move: Protect\n|-damage|p2b: Kingambit|88\/100|[from] Spiky Shield|[of] p1a: Ogerpon\n|\n|upkeep\n|turn|5\n|\n|t:|1699660372\n|move|p2a: Chien-Pao|Sacred Sword|p1a: Ogerpon\n|-damage|p1a: Ogerpon|59\/100\n|move|p1a: Ogerpon|Ivy Cudgel|p2b: Kingambit\n|-damage|p2b: Kingambit|0 fnt\n|faint|p2b: Kingambit\n|\n|upkeep\n|\n|t:|1699660378\n|switch|p2b: Urshifu|Urshifu-Rapid-Strike, L50, M|100\/100\n|turn|6\n|\n|t:|1699660389\n|move|p2a: Chien-Pao|Protect|p2a: Chien-Pao\n|-singleturn|p2a: Chien-Pao|Protect\n|move|p2b: Urshifu|Close Combat|p1a: Ogerpon\n|-damage|p1a: Ogerpon|0 fnt\n|-unboost|p2b: Urshifu|def|1\n|-unboost|p2b: Urshifu|spd|1\n|faint|p1a: Ogerpon\n|\n|win|Loswiththeemost\n|raw|Monobraunmann95's rating: 1150 &rarr; <strong>1122<\/strong><br \/>(-28 for losing)\n|raw|Loswiththeemost's rating: 1103 &rarr; <strong>1131<\/strong><br \/>(+28 for winning)\n|l|\u2606Monobraunmann95\n","uploadtime":1699660403,"views":20,"p1id":"monobraunmann95","p2id":"loswiththeemost","formatid":"gen9vgc2023regulatione","rating":1122,"private":0,"password":""}