{"id":"gen9vgc2023regulatione-1988730688","p1":"Ragnar92","p2":"MidianVGC","format":"[Gen 9] VGC 2023 Regulation E","log":"|j|\u2606Ragnar92\n|j|\u2606MidianVGC\n|t:|1699755912\n|gametype|doubles\n|player|p1|Ragnar92|2|1318\n|player|p2|MidianVGC|265|1287\n|teamsize|p1|6\n|teamsize|p2|6\n|gen|9\n|tier|[Gen 9] VGC 2023 Regulation E\n|rated|\n|rule|Species Clause: Limit one of each Pok\u00e9mon\n|rule|Item Clause: Limit one of each item\n|clearpoke\n|poke|p1|Iron Hands, L50|\n|poke|p1|Milotic, L50, M|\n|poke|p1|Glastrier, L50|\n|poke|p1|Cresselia, L50, F|\n|poke|p1|Flutter Mane, L50|\n|poke|p1|Sinistcha, L50|\n|poke|p2|Rillaboom, L50, F|\n|poke|p2|Urshifu-*, L50, F|\n|poke|p2|Tornadus, L50, M|\n|poke|p2|Gholdengo, L50|\n|poke|p2|Sylveon, L50, M|\n|poke|p2|Arcanine-Hisui, L50, M|\n|teampreview|4\n|j| bhjsuus\n|inactive|Battle timer is ON: inactive players will automatically lose when time's up. (requested by MidianVGC)\n|\n|t:|1699755950\n|start\n|switch|p1a: Cresselia|Cresselia, L50, F|100\/100\n|switch|p1b: Iron Hands|Iron Hands, L50|100\/100\n|switch|p2a: Gholdengo|Gholdengo, L50|100\/100\n|switch|p2b: Rillaboom|Rillaboom, L50, F|100\/100\n|-fieldstart|move: Grassy Terrain|[from] ability: Grassy Surge|[of] p2b: Rillaboom\n|turn|1\n|inactive|MidianVGC has 30 seconds left.\n|\n|t:|1699755977\n|-terastallize|p2a: Gholdengo|Steel\n|move|p2b: Rillaboom|Fake Out|p1a: Cresselia\n|-damage|p1a: Cresselia|91\/100\n|move|p2a: Gholdengo|Make It Rain|p1b: Iron Hands|[spread] p1a,p1b\n|-resisted|p1b: Iron Hands\n|-damage|p1a: Cresselia|25\/100\n|-damage|p1b: Iron Hands|65\/100\n|-unboost|p2a: Gholdengo|spa|1\n|move|p1b: Iron Hands|Swords Dance|p1b: Iron Hands\n|-boost|p1b: Iron Hands|atk|2\n|cant|p1a: Cresselia|flinch\n|\n|-heal|p1b: Iron Hands|71\/100|[from] Grassy Terrain\n|upkeep\n|turn|2\n|\n|t:|1699755998\n|move|p2a: Gholdengo|Make It Rain|p1b: Iron Hands|[spread] p1a,p1b\n|-resisted|p1b: Iron Hands\n|-damage|p1a: Cresselia|0 fnt\n|-damage|p1b: Iron Hands|44\/100\n|-unboost|p2a: Gholdengo|spa|1\n|faint|p1a: Cresselia\n|move|p2b: Rillaboom|High Horsepower|p1b: Iron Hands\n|-supereffective|p1b: Iron Hands\n|-damage|p1b: Iron Hands|2\/100\n|move|p1b: Iron Hands|Drain Punch|p2b: Rillaboom\n|-damage|p2b: Rillaboom|27\/100\n|-heal|p1b: Iron Hands|31\/100|[from] drain|[of] p2b: Rillaboom\n|\n|-heal|p2b: Rillaboom|33\/100|[from] Grassy Terrain\n|-heal|p1b: Iron Hands|38\/100|[from] Grassy Terrain\n|upkeep\n|\n|t:|1699756013\n|switch|p1a: Flutter Mane|Flutter Mane, L50|100\/100\n|-enditem|p1a: Flutter Mane|Booster Energy\n|-activate|p1a: Flutter Mane|ability: Protosynthesis|[fromitem]\n|-start|p1a: Flutter Mane|protosynthesisspa\n|turn|3\n|\n|t:|1699756034\n|switch|p2a: Arcanine|Arcanine-Hisui, L50, M|100\/100\n|-ability|p2a: Arcanine|Intimidate|boost\n|-unboost|p1a: Flutter Mane|atk|1\n|-fail|p1b: Iron Hands|unboost|[from] item: Clear Amulet|[of] p1b: Iron Hands\n|move|p2b: Rillaboom|Grassy Glide|p1b: Iron Hands\n|-damage|p1b: Iron Hands|13\/100\n|move|p1a: Flutter Mane|Shadow Ball|p2b: Rillaboom\n|-damage|p2b: Rillaboom|0 fnt\n|faint|p2b: Rillaboom\n|move|p1b: Iron Hands|Drain Punch|p2a: Arcanine\n|-supereffective|p2a: Arcanine\n|-damage|p2a: Arcanine|0 fnt\n|-heal|p1b: Iron Hands|53\/100|[from] drain|[of] p2a: Arcanine\n|faint|p2a: Arcanine\n|\n|-heal|p1b: Iron Hands|60\/100|[from] Grassy Terrain\n|upkeep\n|\n|t:|1699756048\n|switch|p2a: Gholdengo|Gholdengo, L50, tera:Steel|100\/100\n|switch|p2b: Sylveon|Sylveon, L50, M|100\/100\n|turn|4\n|\n|t:|1699756068\n|-terastallize|p1b: Iron Hands|Ghost\n|move|p1a: Flutter Mane|Dazzling Gleam|p2b: Sylveon|[spread] p2a,p2b\n|-resisted|p2a: Gholdengo\n|-damage|p2a: Gholdengo|79\/100\n|-damage|p2b: Sylveon|72\/100\n|move|p2a: Gholdengo|Make It Rain|p1b: Iron Hands|[spread] p1a,p1b\n|-supereffective|p1a: Flutter Mane\n|-damage|p1a: Flutter Mane|0 fnt\n|-damage|p1b: Iron Hands|0 fnt\n|-unboost|p2a: Gholdengo|spa|1\n|faint|p1a: Flutter Mane\n|-end|p1a: Flutter Mane|Protosynthesis|[silent]\n|faint|p1b: Iron Hands\n|-end|p1b: Iron Hands|Quark Drive|[silent]\n|move|p2b: Sylveon|Hyper Voice|p1: Flutter Mane|[notarget]\n|-fail|p2b: Sylveon\n|\n|-heal|p2a: Gholdengo|85\/100|[from] Grassy Terrain\n|-heal|p2b: Sylveon|79\/100|[from] Grassy Terrain\n|upkeep\n|\n|t:|1699756081\n|switch|p1a: Milotic|Milotic, L50, M|100\/100\n|turn|5\n|\n|t:|1699756087\n|move|p2a: Gholdengo|Make It Rain|p1a: Milotic\n|-resisted|p1a: Milotic\n|-damage|p1a: Milotic|69\/100\n|-unboost|p2a: Gholdengo|spa|1\n|move|p1a: Milotic|Icy Wind|p2a: Gholdengo|[spread] p2a,p2b\n|-resisted|p2a: Gholdengo\n|-crit|p2a: Gholdengo\n|-damage|p2a: Gholdengo|77\/100\n|-damage|p2b: Sylveon|71\/100\n|-unboost|p2a: Gholdengo|spe|1\n|-unboost|p2b: Sylveon|spe|1\n|move|p2b: Sylveon|Yawn|p1a: Milotic\n|-start|p1a: Milotic|move: Yawn|[of] p2b: Sylveon\n|\n|-heal|p1a: Milotic|75\/100|[from] Grassy Terrain\n|-heal|p1a: Milotic|81\/100|[from] item: Leftovers\n|-heal|p2a: Gholdengo|83\/100|[from] Grassy Terrain\n|-heal|p2b: Sylveon|77\/100|[from] Grassy Terrain\n|-fieldend|move: Grassy Terrain\n|upkeep\n|turn|6\n|\n|t:|1699756107\n|move|p2b: Sylveon|Protect|p2b: Sylveon\n|-singleturn|p2b: Sylveon|Protect\n|move|p1a: Milotic|Scald|p2b: Sylveon\n|-activate|p2b: Sylveon|move: Protect\n|move|p2a: Gholdengo|Make It Rain|p1a: Milotic\n|-resisted|p1a: Milotic\n|-damage|p1a: Milotic|58\/100\n|-unboost|p2a: Gholdengo|spa|1\n|\n|-heal|p1a: Milotic|64\/100|[from] item: Leftovers\n|-end|p1a: Milotic|move: Yawn|[silent]\n|-status|p1a: Milotic|slp\n|upkeep\n|turn|7\n|\n|t:|1699756120\n|cant|p1a: Milotic|slp\n|move|p2a: Gholdengo|Make It Rain|p1a: Milotic\n|-resisted|p1a: Milotic\n|-damage|p1a: Milotic|44\/100 slp\n|-unboost|p2a: Gholdengo|spa|1\n|move|p2b: Sylveon|Hyper Voice|p1a: Milotic\n|-damage|p1a: Milotic|8\/100 slp\n|-enditem|p2b: Sylveon|Throat Spray\n|-boost|p2b: Sylveon|spa|1|[from] item: Throat Spray\n|\n|-heal|p1a: Milotic|14\/100 slp|[from] item: Leftovers\n|upkeep\n|turn|8\n|\n|t:|1699756137\n|-curestatus|p1a: Milotic|slp|[msg]\n|move|p1a: Milotic|Protect|p1a: Milotic\n|-singleturn|p1a: Milotic|Protect\n|move|p2a: Gholdengo|Make It Rain|p1a: Milotic\n|-activate|p1a: Milotic|move: Protect\n|move|p2b: Sylveon|Hyper Voice|p1a: Milotic\n|-activate|p1a: Milotic|move: Protect\n|\n|-heal|p1a: Milotic|20\/100|[from] item: Leftovers\n|upkeep\n|turn|9\n|\n|t:|1699756142\n|move|p1a: Milotic|Recover|p1a: Milotic\n|-heal|p1a: Milotic|70\/100\n|move|p2a: Gholdengo|Make It Rain|p1a: Milotic\n|-resisted|p1a: Milotic\n|-damage|p1a: Milotic|55\/100\n|-unboost|p2a: Gholdengo|spa|1\n|move|p2b: Sylveon|Hyper Voice|p1a: Milotic\n|-damage|p1a: Milotic|0 fnt\n|faint|p1a: Milotic\n|\n|win|MidianVGC\n|raw|Ragnar92's rating: 1318 &rarr; <strong>1296<\/strong><br \/>(-22 for losing)\n|raw|MidianVGC's rating: 1287 &rarr; <strong>1314<\/strong><br \/>(+27 for winning)\n|l|\u2606Ragnar92\n|l| bhjsuus\n","uploadtime":1699756329,"views":23,"p1id":"ragnar92","p2id":"midianvgc","formatid":"gen9vgc2023regulatione","rating":1296,"private":0,"password":""}