{"id":"gen9vgc2023regulatione-1999046204","p1":"squigsquag","p2":"Bugcatcherbilly75","format":"[Gen 9] VGC 2023 Regulation E","log":"|j|\u2606squigsquag\n|j|\u2606Bugcatcherbilly75\n|t:|1701027378\n|gametype|doubles\n|player|p1|squigsquag|102|1152\n|player|p2|Bugcatcherbilly75|bugcatcher-gen4dp|1106\n|teamsize|p1|6\n|teamsize|p2|6\n|gen|9\n|tier|[Gen 9] VGC 2023 Regulation E\n|rated|\n|rule|Species Clause: Limit one of each Pok\u00e9mon\n|rule|Item Clause: Limit one of each item\n|clearpoke\n|poke|p1|Iron Bundle, L50|\n|poke|p1|Hawlucha, L50, M|\n|poke|p1|Garganacl, L50, M|\n|poke|p1|Sinistcha-Masterpiece, L50|\n|poke|p1|Toxapex, L50, M|\n|poke|p1|Goodra-Hisui, L50, F|\n|poke|p2|Ursaluna-Bloodmoon, L50, M|\n|poke|p2|Sinistcha-Masterpiece, L50|\n|poke|p2|Farigiraf, L50, F|\n|poke|p2|Iron Hands, L50|\n|poke|p2|Kingambit, L50, M|\n|poke|p2|Annihilape, L50, F|\n|teampreview|4\n|\n|t:|1701027422\n|start\n|switch|p1a: Hawlucha|Hawlucha, L50, M|100\/100\n|switch|p1b: Iron Bundle|Iron Bundle, L50|100\/100\n|switch|p2a: Iron Hands|Iron Hands, L50|100\/100\n|switch|p2b: Farigiraf|Farigiraf, L50, F|100\/100\n|turn|1\n|\n|t:|1701027445\n|-end|p1b: Iron Bundle|Quark Drive|[silent]\n|switch|p1b: Toxapex|Toxapex, L50, M|100\/100\n|move|p2a: Iron Hands|Fake Out|p1b: Toxapex\n|-damage|p1b: Toxapex|90\/100\n|move|p1a: Hawlucha|Swords Dance|p1a: Hawlucha\n|-boost|p1a: Hawlucha|atk|2\n|move|p2b: Farigiraf|Trick Room|p2b: Farigiraf\n|-fieldstart|move: Trick Room|[of] p2b: Farigiraf\n|\n|upkeep\n|turn|2\n|inactive|Battle timer is ON: inactive players will automatically lose when time's up. (requested by Bugcatcherbilly75)\n|\n|t:|1701027483\n|move|p1a: Hawlucha|Detect|p1a: Hawlucha\n|-singleturn|p1a: Hawlucha|Protect\n|move|p2a: Iron Hands|Wild Charge|p1a: Hawlucha\n|-activate|p1a: Hawlucha|move: Protect\n|move|p1b: Toxapex|Infestation|p2a: Iron Hands\n|-resisted|p2a: Iron Hands\n|-damage|p2a: Iron Hands|99\/100\n|-activate|p2a: Iron Hands|move: Infestation|[of] p1b: Toxapex\n|move|p2b: Farigiraf|Dazzling Gleam|p1a: Hawlucha|[spread] p1b\n|-activate|p1a: Hawlucha|move: Protect\n|-resisted|p1b: Toxapex\n|-damage|p1b: Toxapex|84\/100\n|\n|-damage|p2a: Iron Hands|83\/100|[from] move: Infestation|[partiallytrapped]\n|upkeep\n|turn|3\n|\n|t:|1701027499\n|switch|p1a: Sinistcha|Sinistcha-Masterpiece, L50|100\/100\n|-heal|p1b: Toxapex|100\/100|[from] ability: Hospitality|[of] p1a: Sinistcha\n|move|p2a: Iron Hands|Wild Charge|p1b: Toxapex\n|-supereffective|p1b: Toxapex\n|-damage|p1b: Toxapex|28\/100\n|-damage|p2a: Iron Hands|72\/100|[from] Recoil\n|move|p1b: Toxapex|Infestation|p2b: Farigiraf\n|-supereffective|p2b: Farigiraf\n|-damage|p2b: Farigiraf|96\/100\n|-activate|p2b: Farigiraf|move: Infestation|[of] p1b: Toxapex\n|-damage|p1b: Toxapex|11\/100|[from] item: Rocky Helmet|[of] p2b: Farigiraf\n|move|p2b: Farigiraf|Dazzling Gleam|p1b: Toxapex|[spread] p1a,p1b\n|-resisted|p1b: Toxapex\n|-damage|p1a: Sinistcha|81\/100\n|-damage|p1b: Toxapex|5\/100\n|\n|-damage|p2a: Iron Hands|55\/100|[from] move: Infestation|[partiallytrapped]\n|-damage|p2b: Farigiraf|80\/100|[from] move: Infestation|[partiallytrapped]\n|upkeep\n|turn|4\n|\n|t:|1701027520\n|move|p1b: Toxapex|Baneful Bunker|p1b: Toxapex\n|-singleturn|p1b: Toxapex|move: Protect\n|move|p2a: Iron Hands|Iron Head|p1a: Sinistcha\n|-damage|p1a: Sinistcha|58\/100\n|move|p2b: Farigiraf|Dazzling Gleam|p1a: Sinistcha|[spread] p1a\n|-activate|p1b: Toxapex|move: Protect\n|-damage|p1a: Sinistcha|42\/100\n|cant|p1a: Sinistcha|flinch\n|\n|-damage|p2a: Iron Hands|39\/100|[from] move: Infestation|[partiallytrapped]\n|-damage|p2b: Farigiraf|63\/100|[from] move: Infestation|[partiallytrapped]\n|upkeep\n|turn|5\n|inactive|squigsquag has 30 seconds left.\n|\n|t:|1701027548\n|move|p2a: Iron Hands|Iron Head|p1a: Sinistcha\n|-damage|p1a: Sinistcha|20\/100\n|move|p1b: Toxapex|Recover|p1b: Toxapex\n|-heal|p1b: Toxapex|55\/100\n|move|p2b: Farigiraf|Dazzling Gleam|p1b: Toxapex|[spread] p1a,p1b\n|-resisted|p1b: Toxapex\n|-damage|p1a: Sinistcha|1\/100\n|-damage|p1b: Toxapex|49\/100\n|move|p1a: Sinistcha|Life Dew|p1a: Sinistcha|[spread] p1a,p1b\n|-heal|p1a: Sinistcha|26\/100\n|-heal|p1b: Toxapex|74\/100\n|\n|-damage|p2a: Iron Hands|22\/100|[from] move: Infestation|[partiallytrapped]\n|-damage|p2b: Farigiraf|47\/100|[from] move: Infestation|[partiallytrapped]\n|-fieldend|move: Trick Room\n|upkeep\n|turn|6\n|inactive|squigsquag has 30 seconds left.\n|\n|t:|1701027573\n|move|p1b: Toxapex|Baneful Bunker|p1b: Toxapex\n|-singleturn|p1b: Toxapex|move: Protect\n|move|p1a: Sinistcha|Strength Sap|p2a: Iron Hands\n|-unboost|p2a: Iron Hands|atk|1\n|-heal|p1a: Sinistcha|100\/100\n|move|p2a: Iron Hands|Iron Head|p1a: Sinistcha\n|-damage|p1a: Sinistcha|85\/100\n|move|p2b: Farigiraf|Trick Room|p2b: Farigiraf\n|-fieldstart|move: Trick Room|[of] p2b: Farigiraf\n|\n|-damage|p2a: Iron Hands|5\/100|[from] move: Infestation|[partiallytrapped]\n|-damage|p2b: Farigiraf|31\/100|[from] move: Infestation|[partiallytrapped]\n|upkeep\n|turn|7\n|\n|t:|1701027591\n|move|p2a: Iron Hands|Wild Charge|p1b: Toxapex\n|-supereffective|p1b: Toxapex\n|-damage|p1b: Toxapex|28\/100\n|-damage|p2a: Iron Hands|0 fnt|[from] Recoil\n|faint|p2a: Iron Hands\n|-end|p2a: Iron Hands|Quark Drive|[silent]\n|move|p1b: Toxapex|Recover|p1b: Toxapex\n|-heal|p1b: Toxapex|78\/100\n|move|p2b: Farigiraf|Foul Play|p1a: Sinistcha\n|-supereffective|p1a: Sinistcha\n|-damage|p1a: Sinistcha|70\/100\n|move|p1a: Sinistcha|Matcha Gotcha|p2b: Farigiraf\n|-damage|p2b: Farigiraf|5\/100\n|-heal|p1a: Sinistcha|86\/100|[from] drain|[of] p2b: Farigiraf\n|-status|p2b: Farigiraf|brn\n|\n|-damage|p2b: Farigiraf|0 fnt|[from] brn\n|faint|p2b: Farigiraf\n|upkeep\n|\n|t:|1701027605\n|switch|p2a: Annihilape|Annihilape, L50, F|100\/100\n|switch|p2b: Ursaluna|Ursaluna-Bloodmoon, L50, M|100\/100\n|turn|8\n|inactive|squigsquag has 30 seconds left.\n|\n|t:|1701027633\n|-terastallize|p2b: Ursaluna|Grass\n|move|p2b: Ursaluna|Blood Moon|p1a: Sinistcha\n|-damage|p1a: Sinistcha|0 fnt\n|faint|p1a: Sinistcha\n|move|p1b: Toxapex|Infestation|p2a: Annihilape\n|-resisted|p2a: Annihilape\n|-damage|p2a: Annihilape|99\/100\n|-activate|p2a: Annihilape|move: Infestation|[of] p1b: Toxapex\n|move|p2a: Annihilape|Bulk Up|p2a: Annihilape\n|-boost|p2a: Annihilape|atk|1\n|-boost|p2a: Annihilape|def|1\n|\n|-damage|p2a: Annihilape|83\/100|[from] move: Infestation|[partiallytrapped]\n|upkeep\n|\n|t:|1701027640\n|switch|p1a: Iron Bundle|Iron Bundle, L50|100\/100\n|turn|9\n|inactive|squigsquag has 30 seconds left.\n|\n|t:|1701027672\n|move|p1b: Toxapex|Baneful Bunker|p1b: Toxapex\n|-singleturn|p1b: Toxapex|move: Protect\n|move|p1a: Iron Bundle|Protect|p1a: Iron Bundle\n|-singleturn|p1a: Iron Bundle|Protect\n|move|p2b: Ursaluna|Hyper Voice|p1b: Toxapex|[spread] \n|-activate|p1a: Iron Bundle|move: Protect\n|-activate|p1b: Toxapex|move: Protect\n|move|p2a: Annihilape|Drain Punch|p1a: Iron Bundle\n|-activate|p1a: Iron Bundle|move: Protect\n|\n|-damage|p2a: Annihilape|67\/100|[from] move: Infestation|[partiallytrapped]\n|upkeep\n|turn|10\n|inactive|squigsquag has 30 seconds left.\n|inactive|Bugcatcherbilly75 has 30 seconds left.\n|inactive|Bugcatcherbilly75 has 20 seconds left.\n|\n|t:|1701027707\n|-terastallize|p1a: Iron Bundle|Ghost\n|move|p2b: Ursaluna|Hyper Voice|p1b: Toxapex|[spread] p1a,p1b\n|-damage|p1a: Iron Bundle|41\/100\n|-damage|p1b: Toxapex|40\/100\n|move|p1b: Toxapex|Infestation|p2b: Ursaluna\n|-supereffective|p2b: Ursaluna\n|-crit|p2b: Ursaluna\n|-damage|p2b: Ursaluna|91\/100\n|-activate|p2b: Ursaluna|move: Infestation|[of] p1b: Toxapex\n|move|p2a: Annihilape|Drain Punch|p1a: Iron Bundle\n|-immune|p1a: Iron Bundle\n|move|p1a: Iron Bundle|Freeze-Dry|p2b: Ursaluna\n|-supereffective|p2b: Ursaluna\n|-damage|p2b: Ursaluna|22\/100\n|\n|-damage|p2b: Ursaluna|6\/100|[from] move: Infestation|[partiallytrapped]\n|-damage|p2a: Annihilape|50\/100|[from] move: Infestation|[partiallytrapped]\n|-fieldend|move: Trick Room\n|upkeep\n|turn|11\n|inactive|squigsquag has 30 seconds left.\n|inactive|squigsquag has 20 seconds left.\n|inactive|squigsquag has 15 seconds left.\n|inactive|squigsquag has 10 seconds left.\n|\n|t:|1701027755\n|move|p1a: Iron Bundle|Protect|p1a: Iron Bundle\n|-singleturn|p1a: Iron Bundle|Protect\n|move|p1b: Toxapex|Baneful Bunker|p1b: Toxapex\n|-singleturn|p1b: Toxapex|move: Protect\n|move|p2a: Annihilape|Rest|p2a: Annihilape\n|-status|p2a: Annihilape|slp|[from] move: Rest\n|-heal|p2a: Annihilape|100\/100 slp|[silent]\n|-enditem|p2a: Annihilape|Chesto Berry|[eat]\n|-curestatus|p2a: Annihilape|slp|[msg]\n|move|p2b: Ursaluna|Hyper Voice|p1b: Toxapex|[spread] \n|-activate|p1a: Iron Bundle|move: Protect\n|-activate|p1b: Toxapex|move: Protect\n|\n|-damage|p2a: Annihilape|84\/100|[from] move: Infestation|[partiallytrapped]\n|-damage|p2b: Ursaluna|0 fnt|[from] move: Infestation|[partiallytrapped]\n|faint|p2b: Ursaluna\n|upkeep\n|turn|12\n|inactive|squigsquag has 30 seconds left.\n|inactive|squigsquag has 20 seconds left.\n|inactive|squigsquag has 15 seconds left.\n|\n|t:|1701027799\n|move|p1a: Iron Bundle|Icy Wind|p2a: Annihilape\n|-damage|p2a: Annihilape|70\/100\n|-unboost|p2a: Annihilape|spe|1\n|-ability|p2a: Annihilape|Defiant|boost\n|-boost|p2a: Annihilape|atk|2\n|move|p2a: Annihilape|Rage Fist|p1a: Iron Bundle\n|-supereffective|p1a: Iron Bundle\n|-damage|p1a: Iron Bundle|0 fnt\n|faint|p1a: Iron Bundle\n|-end|p1a: Iron Bundle|Quark Drive|[silent]\n|move|p1b: Toxapex|Chilling Water|p2a: Annihilape\n|-damage|p2a: Annihilape|63\/100\n|-unboost|p2a: Annihilape|atk|1\n|-ability|p2a: Annihilape|Defiant|boost\n|-boost|p2a: Annihilape|atk|2\n|\n|-end|p2a: Annihilape|Infestation|[partiallytrapped]\n|upkeep\n|\n|t:|1701027812\n|switch|p1a: Hawlucha|Hawlucha, L50, M|100\/100\n|turn|13\n|\n|t:|1701027823\n|move|p1a: Hawlucha|Acrobatics|p2a: Annihilape\n|-supereffective|p2a: Annihilape\n|-damage|p2a: Annihilape|31\/100\n|move|p2a: Annihilape|Rage Fist|p1a: Hawlucha\n|-damage|p1a: Hawlucha|0 fnt\n|faint|p1a: Hawlucha\n|move|p1b: Toxapex|Infestation|p2a: Annihilape\n|-resisted|p2a: Annihilape\n|-damage|p2a: Annihilape|31\/100\n|-activate|p2a: Annihilape|move: Infestation|[of] p1b: Toxapex\n|\n|-damage|p2a: Annihilape|14\/100|[from] move: Infestation|[partiallytrapped]\n|upkeep\n|turn|14\n|inactive|Bugcatcherbilly75 has 30 seconds left.\n|\n|t:|1701027850\n|move|p1b: Toxapex|Baneful Bunker|p1b: Toxapex\n|-singleturn|p1b: Toxapex|move: Protect\n|move|p2a: Annihilape|Rest|p2a: Annihilape\n|-status|p2a: Annihilape|slp|[from] move: Rest\n|-heal|p2a: Annihilape|100\/100 slp|[silent]\n|\n|-damage|p2a: Annihilape|84\/100 slp|[from] move: Infestation|[partiallytrapped]\n|upkeep\n|turn|15\n|\n|t:|1701027869\n|cant|p2a: Annihilape|slp\n|move|p1b: Toxapex|Recover|p1b: Toxapex\n|-heal|p1b: Toxapex|90\/100\n|\n|-damage|p2a: Annihilape|67\/100 slp|[from] move: Infestation|[partiallytrapped]\n|upkeep\n|turn|16\n|\n|t:|1701027887\n|cant|p2a: Annihilape|slp\n|move|p1b: Toxapex|Infestation|p2a: Annihilape\n|-resisted|p2a: Annihilape\n|-damage|p2a: Annihilape|67\/100 slp\n|\n|-damage|p2a: Annihilape|50\/100 slp|[from] move: Infestation|[partiallytrapped]\n|upkeep\n|turn|17\n|\n|t:|1701027900\n|-curestatus|p2a: Annihilape|slp|[msg]\n|move|p2a: Annihilape|Rage Fist|p1b: Toxapex\n|-damage|p1b: Toxapex|0 fnt\n|faint|p1b: Toxapex\n|\n|win|Bugcatcherbilly75\n|raw|squigsquag's rating: 1152 &rarr; <strong>1124<\/strong><br \/>(-28 for losing)\n|raw|Bugcatcherbilly75's rating: 1106 &rarr; <strong>1134<\/strong><br \/>(+28 for winning)\n","uploadtime":1701027907,"views":17,"p1id":"squigsquag","p2id":"bugcatcherbilly75","formatid":"gen9vgc2023regulatione","rating":1124,"private":0,"password":""}