{"id":"gen9vgc2023regulatione-1995797235","p1":"boggey7","p2":"StonerSomeone","format":"[Gen 9] VGC 2023 Regulation E","log":"|j|\u2606boggey7\n|j|\u2606StonerSomeone\n|n|\u2606boggey7|boggey7\n|n|\u2606StonerSomeone|stonersomeone\n|html|View the match progress at <a href=\"\/game-bestof3-gen9vgc2023regulatione-1995797234\">game-bestof3-gen9vgc2023regulatione-1995797234<\/a>\n|t:|1700604095\n|gametype|doubles\n|player|p1|boggey7|grimsley|\n|player|p2|StonerSomeone|anabel|\n|teamsize|p1|6\n|teamsize|p2|6\n|gen|9\n|tier|[Gen 9] VGC 2023 Regulation E\n|rated|Tournament battle\n|rule|Species Clause: Limit one of each Pok\u00e9mon\n|rule|Item Clause: Limit one of each item\n|clearpoke\n|poke|p1|Urshifu-*, L50, F|\n|poke|p1|Baxcalibur, L50, M|\n|poke|p1|Landorus-Therian, L50, M|\n|poke|p1|Ninetales-Alola, L50, F|\n|poke|p1|Heatran, L50, F|\n|poke|p1|Iron Hands, L50|\n|poke|p2|Moltres, L50|\n|poke|p2|Iron Hands, L50|\n|poke|p2|Urshifu-*, L50, F|\n|poke|p2|Flutter Mane, L50|\n|poke|p2|Landorus-Therian, L50, M|\n|poke|p2|Milotic, L50, F|\n|teampreview|4\n|showteam|p1|Urshifu-Rapid-Strike||MysticWater|UnseenFist|SurgingStrikes,CloseCombat,AquaJet,Protect|||F|||50|,,,,,Water]Baxcalibur||LoadedDice|ThermalExchange|IcicleSpear,ScaleShot,SwordsDance,Protect|||M|||50|,,,,,Poison]Landorus-Therian||ChoiceScarf|Intimidate|TeraBlast,Uturn,StompingTantrum,RockSlide|||M|||50|,,,,,Flying]Ninetales-Alola||LightClay|SnowWarning|Moonblast,Blizzard,AuroraVeil,Protect|||F|||50|,,,,,Water]Heatran||LifeOrb|FlashFire|EarthPower,FlashCannon,HeatWave,Protect|||F|||50|,,,,,Fairy]Iron Hands||AssaultVest|QuarkDrive|DrainPunch,HeavySlam,FakeOut,WildCharge||||||50|,,,,,Fire\n|showteam|p2|Moltres||RockyHelmet|FlameBody|HeatWave,AirSlash,Tailwind,Roost||||||50|,,,,,Dragon]Iron Hands||AssaultVest|QuarkDrive|DrainPunch,WildCharge,HeavySlam,FakeOut||||||50|,,,,,Fire]Urshifu||BlackGlasses|UnseenFist|Protect,WickedBlow,SuckerPunch,CloseCombat|||F|||50|,,,,,Poison]Flutter Mane||ChoiceSpecs|Protosynthesis|PowerGem,DazzlingGleam,Moonblast,ShadowBall||||||50|,,,,,Fairy]Landorus-Therian||ChoiceScarf|Intimidate|TeraBlast,StompingTantrum,Uturn,RockSlide|||M|||50|,,,,,Flying]Milotic||SitrusBerry|Competitive|Scald,IcyWind,Recover,Protect|||F|||50|,,,,,Grass\n|inactive|Battle timer is ON: inactive players will automatically lose when time's up. (requested by StonerSomeone)\n|c|\u2606StonerSomeone|glhf\n|inactive|boggey7 has 60 seconds left.\n|inactive|StonerSomeone has 60 seconds left.\n|inactive|StonerSomeone has 30 seconds left.\n|inactive|StonerSomeone has 20 seconds left.\n|\n|t:|1700604168\n|start\n|switch|p1a: Ninetales|Ninetales-Alola, L50, F|100\/100\n|switch|p1b: Baxcalibur|Baxcalibur, L50, M|100\/100\n|switch|p2a: Flutter Mane|Flutter Mane, L50|100\/100\n|switch|p2b: Landorus|Landorus-Therian, L50, M|100\/100\n|-ability|p2b: Landorus|Intimidate|boost\n|-unboost|p1a: Ninetales|atk|1\n|-unboost|p1b: Baxcalibur|atk|1\n|-weather|Snow|[from] ability: Snow Warning|[of] p1a: Ninetales\n|turn|1\n|\n|t:|1700604187\n|-terastallize|p1b: Baxcalibur|Poison\n|move|p1a: Ninetales|Protect|p1a: Ninetales\n|-singleturn|p1a: Ninetales|Protect\n|move|p2b: Landorus|Rock Slide|p1b: Baxcalibur|[spread] p1b\n|-activate|p1a: Ninetales|move: Protect\n|-damage|p1b: Baxcalibur|80\/100\n|move|p2a: Flutter Mane|Moonblast|p1a: Ninetales\n|-activate|p1a: Ninetales|move: Protect\n|move|p1b: Baxcalibur|Icicle Spear|p2b: Landorus\n|-supereffective|p2b: Landorus\n|-damage|p2b: Landorus|63\/100\n|-supereffective|p2b: Landorus\n|-damage|p2b: Landorus|20\/100\n|-supereffective|p2b: Landorus\n|-damage|p2b: Landorus|0 fnt\n|faint|p2b: Landorus\n|-hitcount|p2: Landorus|3\n|\n|-weather|Snow|[upkeep]\n|upkeep\n|\n|t:|1700604192\n|switch|p2b: Milotic|Milotic, L50, F|100\/100\n|turn|2\n|inactive|boggey7 has 30 seconds left.\n|inactive|StonerSomeone has 30 seconds left.\n|inactive|boggey7 has 20 seconds left.\n|\n|t:|1700604231\n|-end|p2a: Flutter Mane|Protosynthesis|[silent]\n|switch|p2a: Iron Hands|Iron Hands, L50|100\/100\n|move|p1a: Ninetales|Aurora Veil|p1a: Ninetales\n|-sidestart|p1: boggey7|move: Aurora Veil\n|move|p1b: Baxcalibur|Icicle Spear|p2a: Iron Hands\n|-damage|p2a: Iron Hands|94\/100\n|-damage|p2a: Iron Hands|87\/100\n|-damage|p2a: Iron Hands|80\/100\n|-damage|p2a: Iron Hands|72\/100\n|-damage|p2a: Iron Hands|66\/100\n|-hitcount|p2a: Iron Hands|5\n|move|p2b: Milotic|Scald|p1b: Baxcalibur\n|-damage|p1b: Baxcalibur|62\/100\n|\n|-weather|Snow|[upkeep]\n|upkeep\n|turn|3\n|\n|t:|1700604247\n|move|p1a: Ninetales|Protect|p1a: Ninetales\n|-singleturn|p1a: Ninetales|Protect\n|move|p1b: Baxcalibur|Protect|p1b: Baxcalibur\n|-singleturn|p1b: Baxcalibur|Protect\n|move|p2b: Milotic|Scald|p1b: Baxcalibur\n|-activate|p1b: Baxcalibur|move: Protect\n|move|p2a: Iron Hands|Heavy Slam|p1a: Ninetales\n|-activate|p1a: Ninetales|move: Protect\n|\n|-weather|Snow|[upkeep]\n|upkeep\n|turn|4\n|\n|t:|1700604263\n|move|p1a: Ninetales|Moonblast|p2a: Iron Hands\n|-supereffective|p2a: Iron Hands\n|-damage|p2a: Iron Hands|36\/100\n|move|p1b: Baxcalibur|Swords Dance|p1b: Baxcalibur\n|-boost|p1b: Baxcalibur|atk|2\n|move|p2b: Milotic|Scald|p1b: Baxcalibur\n|-damage|p1b: Baxcalibur|43\/100\n|move|p2a: Iron Hands|Wild Charge|p1b: Baxcalibur\n|-damage|p1b: Baxcalibur|10\/100\n|-damage|p2a: Iron Hands|29\/100|[from] Recoil\n|\n|-weather|Snow|[upkeep]\n|upkeep\n|turn|5\n|\n|t:|1700604286\n|move|p1a: Ninetales|Moonblast|p2a: Iron Hands\n|-supereffective|p2a: Iron Hands\n|-damage|p2a: Iron Hands|0 fnt\n|faint|p2a: Iron Hands\n|-end|p2a: Iron Hands|Quark Drive|[silent]\n|move|p1b: Baxcalibur|Scale Shot|p2b: Milotic\n|-damage|p2b: Milotic|82\/100\n|-damage|p2b: Milotic|64\/100\n|-damage|p2b: Milotic|44\/100\n|-enditem|p2b: Milotic|Sitrus Berry|[eat]\n|-heal|p2b: Milotic|69\/100|[from] item: Sitrus Berry\n|-damage|p2b: Milotic|49\/100\n|-hitcount|p2b: Milotic|4\n|-unboost|p1b: Baxcalibur|def|1\n|-boost|p1b: Baxcalibur|spe|1\n|move|p2b: Milotic|Icy Wind|p1b: Baxcalibur|[spread] p1a,p1b\n|-resisted|p1a: Ninetales\n|-damage|p1a: Ninetales|97\/100\n|-damage|p1b: Baxcalibur|3\/100\n|-unboost|p1a: Ninetales|spe|1\n|-unboost|p1b: Baxcalibur|spe|1\n|\n|-weather|none\n|upkeep\n|\n|t:|1700604292\n|switch|p2a: Flutter Mane|Flutter Mane, L50|100\/100\n|turn|6\n|j| lateralvs\n|inactive|boggey7 has 30 seconds left.\n|\n|t:|1700604319\n|-terastallize|p2a: Flutter Mane|Fairy\n|move|p2a: Flutter Mane|Dazzling Gleam|p1b: Baxcalibur|[spread] p1a,p1b\n|-resisted|p1b: Baxcalibur\n|-damage|p1a: Ninetales|59\/100\n|-damage|p1b: Baxcalibur|0 fnt\n|faint|p1b: Baxcalibur\n|move|p1a: Ninetales|Moonblast|p2b: Milotic\n|-damage|p2b: Milotic|30\/100\n|-unboost|p2b: Milotic|spa|1\n|-ability|p2b: Milotic|Competitive|boost\n|-boost|p2b: Milotic|spa|2\n|move|p2b: Milotic|Recover|p2b: Milotic\n|-heal|p2b: Milotic|80\/100\n|\n|upkeep\n|\n|t:|1700604328\n|switch|p1b: Urshifu|Urshifu-Rapid-Strike, L50, F|100\/100\n|turn|7\n|\n|t:|1700604345\n|move|p1b: Urshifu|Protect|p1b: Urshifu\n|-singleturn|p1b: Urshifu|Protect\n|move|p2a: Flutter Mane|Dazzling Gleam|p1a: Ninetales|[spread] p1a\n|-activate|p1b: Urshifu|move: Protect\n|-damage|p1a: Ninetales|19\/100\n|move|p1a: Ninetales|Moonblast|p2a: Flutter Mane\n|-damage|p2a: Flutter Mane|75\/100\n|move|p2b: Milotic|Scald|p1b: Urshifu\n|-activate|p1b: Urshifu|move: Protect\n|\n|upkeep\n|turn|8\n|inactive|boggey7 has 30 seconds left.\n|inactive|boggey7 has 20 seconds left.\n|\n|t:|1700604384\n|move|p1b: Urshifu|Aqua Jet|p2a: Flutter Mane\n|-damage|p2a: Flutter Mane|35\/100\n|move|p2a: Flutter Mane|Dazzling Gleam|p1b: Urshifu|[spread] p1a,p1b\n|-supereffective|p1b: Urshifu\n|-damage|p1a: Ninetales|0 fnt\n|-damage|p1b: Urshifu|9\/100\n|faint|p1a: Ninetales\n|move|p2b: Milotic|Scald|p1b: Urshifu\n|-resisted|p1b: Urshifu\n|-damage|p1b: Urshifu|0 fnt\n|faint|p1b: Urshifu\n|\n|upkeep\n|\n|t:|1700604390\n|switch|p1a: Kyriakos|Iron Hands, L50|100\/100\n|turn|9\n|\n|t:|1700604396\n|move|p1a: Kyriakos|Fake Out|p2a: Flutter Mane\n|-damage|p2a: Flutter Mane|10\/100\n|cant|p2a: Flutter Mane|flinch\n|move|p2b: Milotic|Scald|p1a: Kyriakos\n|-damage|p1a: Kyriakos|84\/100\n|\n|-sideend|p1: boggey7|move: Aurora Veil\n|upkeep\n|turn|10\n|\n|t:|1700604406\n|move|p2a: Flutter Mane|Dazzling Gleam|p1a: Kyriakos\n|-supereffective|p1a: Kyriakos\n|-damage|p1a: Kyriakos|3\/100\n|move|p2b: Milotic|Scald|p1a: Kyriakos\n|-damage|p1a: Kyriakos|0 fnt\n|faint|p1a: Kyriakos\n|-end|p1a: Kyriakos|Quark Drive|[silent]\n|\n|win|StonerSomeone\n|c|&|\/uhtml prompt-boggey7,boggey7 is ready for game 2!\n","uploadtime":1700604411,"views":0,"p1id":"boggey7","p2id":"stonersomeone","formatid":"gen9vgc2023regulatione","rating":0,"private":0,"password":""}