{"id":"gen9vgc2023regulatione-1990744508","p1":"Cyalia12","p2":"unluckyalba","format":"[Gen 9] VGC 2023 Regulation E","log":"|j|\u2606Cyalia12\n|j|\u2606unluckyalba\n|n|\u2606Cyalia12|cyalia12\n|n|\u2606unluckyalba|unluckyalba\n|html|View the match progress at <a href=\"\/game-bestof3-gen9vgc2023regulatione-1990738772\">game-bestof3-gen9vgc2023regulatione-1990738772<\/a>\n|t:|1699996796\n|gametype|doubles\n|player|p1|Cyalia12|shadowtriad|\n|player|p2|unluckyalba|102|\n|teamsize|p1|6\n|teamsize|p2|6\n|gen|9\n|tier|[Gen 9] VGC 2023 Regulation E\n|rule|Species Clause: Limit one of each Pok\u00e9mon\n|rule|Item Clause: Limit one of each item\n|clearpoke\n|poke|p1|Chien-Pao, L50|\n|poke|p1|Flutter Mane, L50|\n|poke|p1|Tornadus, L50, M|\n|poke|p1|Rillaboom, L50, M|\n|poke|p1|Urshifu-*, L50, F|\n|poke|p1|Arcanine-Hisui, L50, F|\n|poke|p2|Grimmsnarl, L50, M|\n|poke|p2|Volcarona, L50, F|\n|poke|p2|Iron Hands, L50|\n|poke|p2|Ogerpon-Wellspring, L50, F|\n|poke|p2|Landorus-Therian, L50, M|\n|poke|p2|Dragapult, L50, F|\n|teampreview|4\nCyalia12 has agreed to open team sheets.\nunluckyalba has agreed to open team sheets.\n|showteam|p1|Chien-Pao||FocusSash|SwordofRuin|IcicleCrash,SuckerPunch,LashOut,Protect||||||50|,,,,,Ghost]Flutter Mane||BoosterEnergy|Protosynthesis|Moonblast,DazzlingGleam,ShadowBall,Protect||||||50|,,,,,Fairy]Tornadus||RockyHelmet|Prankster|Tailwind,RainDance,BleakwindStorm,Taunt|||M|||50|,,,,,Steel]Rillaboom||AssaultVest|GrassySurge|WoodHammer,HighHorsepower,GrassyGlide,FakeOut|||M|||50|,,,,,Fire]Urshifu-Rapid-Strike||MysticWater|UnseenFist|SurgingStrikes,CloseCombat,AquaJet,Detect|||F|||50|,,,,,Water]Arcanine-Hisui||ChoiceBand|Intimidate|RockSlide,FlareBlitz,ExtremeSpeed,TeraBlast|||F|||50|,,,,,Fairy\n|showteam|p2|Grimmsnarl||LightClay|Prankster|Reflect,LightScreen,PartingShot,SpiritBreak|||M|||50|,,,,,Ghost]Volcarona||Leftovers|FlameBody|QuiverDance,HeatWave,BugBuzz,Protect|||F|||50|,,,,,Dragon]Iron Hands||AssaultVest|QuarkDrive|DrainPunch,WildCharge,HeavySlam,FakeOut||||||50|,,,,,Grass]Ogerpon-Wellspring||WellspringMask|WaterAbsorb|IvyCudgel,HornLeech,FollowMe,SpikyShield|||F|||50|,,,,,Water]Landorus-Therian||ChoiceScarf|Intimidate|TeraBlast,RockSlide,StompingTantrum,Uturn|||M|||50|,,,,,Flying]Dragapult||ChoiceBand|ClearBody|DragonDarts,TeraBlast,Uturn,SuckerPunch|||F|||50|,,,,,Ghost\n|\n|t:|1699996841\n|start\n|switch|p1a: Chien-Pao|Chien-Pao, L50|100\/100\n|switch|p1b: Flutter Mane|Flutter Mane, L50|100\/100\n|switch|p2a: Iron Hands|Iron Hands, L50|100\/100\n|switch|p2b: Grimmsnarl|Grimmsnarl, L50, M|100\/100\n|-ability|p1a: Chien-Pao|Sword of Ruin\n|-enditem|p1b: Flutter Mane|Booster Energy\n|-activate|p1b: Flutter Mane|ability: Protosynthesis|[fromitem]\n|-start|p1b: Flutter Mane|protosynthesisspa\n|turn|1\n|\n|t:|1699996878\n|-end|p1b: Flutter Mane|Protosynthesis|[silent]\n|switch|p1b: Tornadus|Tornadus, L50, M|100\/100\n|move|p2b: Grimmsnarl|Reflect|p2b: Grimmsnarl\n|-sidestart|p2: unluckyalba|Reflect\n|move|p1a: Chien-Pao|Icicle Crash|p2a: Iron Hands\n|-damage|p2a: Iron Hands|77\/100\n|cant|p2a: Iron Hands|flinch\n|\n|upkeep\n|turn|2\n|\n|t:|1699996899\n|move|p1b: Tornadus|Rain Dance|p1b: Tornadus\n|-weather|RainDance\n|move|p2b: Grimmsnarl|Light Screen|p2b: Grimmsnarl\n|-sidestart|p2: unluckyalba|move: Light Screen\n|move|p1a: Chien-Pao|Icicle Crash|p2b: Grimmsnarl\n|-damage|p2b: Grimmsnarl|63\/100\n|move|p2a: Iron Hands|Wild Charge|p1b: Tornadus\n|-supereffective|p1b: Tornadus\n|-damage|p1b: Tornadus|0 fnt\n|-damage|p2a: Iron Hands|61\/100|[from] item: Rocky Helmet|[of] p1b: Tornadus\n|faint|p1b: Tornadus\n|-damage|p2a: Iron Hands|42\/100|[from] Recoil\n|\n|-weather|RainDance|[upkeep]\n|upkeep\n|\n|t:|1699996908\n|switch|p1b: Urshifu|Urshifu-Rapid-Strike, L50, F|100\/100\n|turn|3\n|\n|t:|1699996928\n|move|p1b: Urshifu|Detect|p1b: Urshifu\n|-singleturn|p1b: Urshifu|Protect\n|move|p1a: Chien-Pao|Icicle Crash|p2a: Iron Hands|[miss]\n|-miss|p1a: Chien-Pao|p2a: Iron Hands\n|move|p2b: Grimmsnarl|Spirit Break|p1a: Chien-Pao\n|-supereffective|p1a: Chien-Pao\n|-damage|p1a: Chien-Pao|23\/100\n|-unboost|p1a: Chien-Pao|spa|1\n|move|p2a: Iron Hands|Drain Punch|p1a: Chien-Pao\n|-supereffective|p1a: Chien-Pao\n|-damage|p1a: Chien-Pao|0 fnt\n|-heal|p2a: Iron Hands|49\/100|[from] drain|[of] p1a: Chien-Pao\n|faint|p1a: Chien-Pao\n|\n|-weather|RainDance|[upkeep]\n|upkeep\n|\n|t:|1699996942\n|switch|p1a: Flutter Mane|Flutter Mane, L50|100\/100\n|turn|4\n|\n|t:|1699996953\n|-terastallize|p1b: Urshifu|Water\n|move|p2b: Grimmsnarl|Parting Shot|p1a: Flutter Mane\n|-unboost|p1a: Flutter Mane|atk|1\n|-unboost|p1a: Flutter Mane|spa|1\n|\n|t:|1699996960\n|switch|p2b: Volcarona|Volcarona, L50, F|100\/100|[from] Parting Shot\n|move|p1a: Flutter Mane|Dazzling Gleam|p2a: Iron Hands|[spread] p2a,p2b\n|-supereffective|p2a: Iron Hands\n|-resisted|p2b: Volcarona\n|-crit|p2b: Volcarona\n|-damage|p2a: Iron Hands|34\/100\n|-damage|p2b: Volcarona|80\/100\n|move|p1b: Urshifu|Surging Strikes|p2a: Iron Hands\n|-crit|p2a: Iron Hands\n|-damage|p2a: Iron Hands|0 fnt\n|faint|p2a: Iron Hands\n|-end|p2a: Iron Hands|Quark Drive|[silent]\n|-hitcount|p2: Iron Hands|1\n|\n|-weather|RainDance|[upkeep]\n|-heal|p2b: Volcarona|86\/100|[from] item: Leftovers\n|upkeep\n|\n|t:|1699996972\n|switch|p2a: Landorus|Landorus-Therian, L50, M|100\/100\n|-ability|p2a: Landorus|Intimidate|boost\n|-unboost|p1a: Flutter Mane|atk|1\n|-unboost|p1b: Urshifu|atk|1\n|turn|5\n|\n|t:|1699996985\n|-terastallize|p2b: Volcarona|Dragon\n|move|p1b: Urshifu|Aqua Jet|p2a: Landorus\n|-supereffective|p2a: Landorus\n|-damage|p2a: Landorus|43\/100\n|move|p2a: Landorus|Stomping Tantrum|p1a: Flutter Mane\n|-damage|p1a: Flutter Mane|37\/100\n|move|p1a: Flutter Mane|Moonblast|p2a: Landorus\n|-damage|p2a: Landorus|19\/100\n|move|p2b: Volcarona|Heat Wave|p1a: Flutter Mane|[spread] p1a,p1b\n|-resisted|p1b: Urshifu\n|-damage|p1a: Flutter Mane|22\/100\n|-damage|p1b: Urshifu|89\/100\n|\n|-weather|RainDance|[upkeep]\n|-heal|p2b: Volcarona|92\/100|[from] item: Leftovers\n|upkeep\n|turn|6\n|\n|t:|1699997007\n|switch|p2a: Grimmsnarl|Grimmsnarl, L50, M|63\/100\n|move|p1b: Urshifu|Aqua Jet|p2a: Grimmsnarl\n|-damage|p2a: Grimmsnarl|40\/100\n|move|p1a: Flutter Mane|Moonblast|p2b: Volcarona\n|-supereffective|p2b: Volcarona\n|-damage|p2b: Volcarona|55\/100\n|move|p2b: Volcarona|Bug Buzz|p1a: Flutter Mane\n|-resisted|p1a: Flutter Mane\n|-damage|p1a: Flutter Mane|12\/100\n|\n|-weather|none\n|-heal|p2b: Volcarona|61\/100|[from] item: Leftovers\n|upkeep\n|turn|7\n|\n|t:|1699997031\n|move|p2b: Volcarona|Protect|p2b: Volcarona\n|-singleturn|p2b: Volcarona|Protect\n|move|p1a: Flutter Mane|Dazzling Gleam|p2a: Grimmsnarl|[spread] p2a\n|-activate|p2b: Volcarona|move: Protect\n|-supereffective|p2a: Grimmsnarl\n|-damage|p2a: Grimmsnarl|12\/100\n|move|p1b: Urshifu|Surging Strikes|p2a: Grimmsnarl\n|-crit|p2a: Grimmsnarl\n|-damage|p2a: Grimmsnarl|0 fnt\n|faint|p2a: Grimmsnarl\n|-hitcount|p2: Grimmsnarl|1\n|\n|-heal|p2b: Volcarona|67\/100|[from] item: Leftovers\n|upkeep\n|\n|t:|1699997043\n|switch|p2a: Landorus|Landorus-Therian, L50, M|19\/100\n|-ability|p2a: Landorus|Intimidate|boost\n|-unboost|p1a: Flutter Mane|atk|1\n|-unboost|p1b: Urshifu|atk|1\n|turn|8\n|\n|t:|1699997057\n|move|p1b: Urshifu|Aqua Jet|p2a: Landorus\n|-supereffective|p2a: Landorus\n|-damage|p2a: Landorus|0 fnt\n|faint|p2a: Landorus\n|move|p1a: Flutter Mane|Moonblast|p2b: Volcarona\n|-supereffective|p2b: Volcarona\n|-damage|p2b: Volcarona|30\/100\n|-unboost|p2b: Volcarona|spa|1\n|move|p2b: Volcarona|Quiver Dance|p2b: Volcarona\n|-boost|p2b: Volcarona|spa|1\n|-boost|p2b: Volcarona|spd|1\n|-boost|p2b: Volcarona|spe|1\n|\n|-heal|p2b: Volcarona|36\/100|[from] item: Leftovers\n|-sideend|p2: unluckyalba|Reflect\n|upkeep\n|turn|9\n|\n|t:|1699997073\n|move|p2b: Volcarona|Heat Wave|p1b: Urshifu|[spread] p1a,p1b\n|-resisted|p1b: Urshifu\n|-damage|p1a: Flutter Mane|0 fnt\n|-damage|p1b: Urshifu|65\/100\n|-status|p1b: Urshifu|brn\n|faint|p1a: Flutter Mane\n|-end|p1a: Flutter Mane|Protosynthesis|[silent]\n|move|p1b: Urshifu|Surging Strikes|p2b: Volcarona\n|-resisted|p2b: Volcarona\n|-crit|p2b: Volcarona\n|-damage|p2b: Volcarona|29\/100\n|-resisted|p2b: Volcarona\n|-crit|p2b: Volcarona\n|-damage|p2b: Volcarona|21\/100\n|-resisted|p2b: Volcarona\n|-crit|p2b: Volcarona\n|-damage|p2b: Volcarona|13\/100\n|-hitcount|p2b: Volcarona|3\n|\n|-heal|p2b: Volcarona|19\/100|[from] item: Leftovers\n|-damage|p1b: Urshifu|59\/100 brn|[from] brn\n|-sideend|p2: unluckyalba|move: Light Screen\n|upkeep\n|turn|10\n|\n|t:|1699997094\n|move|p1b: Urshifu|Aqua Jet|p2b: Volcarona\n|-resisted|p2b: Volcarona\n|-damage|p2b: Volcarona|15\/100\n|move|p2b: Volcarona|Bug Buzz|p1b: Urshifu\n|-damage|p1b: Urshifu|0 fnt\n|faint|p1b: Urshifu\n|\n|win|unluckyalba\n|c|\u2606Cyalia12|gg\n|c|\u2606unluckyalba|gg\n|c|\u2606unluckyalba|mi sono cacato sotto ahahah\n|c|\u2606Cyalia12|eh si gg!\n|l|\u2606Cyalia12\n","uploadtime":1699997263,"views":16,"p1id":"cyalia12","p2id":"unluckyalba","formatid":"gen9vgc2023regulatione","rating":0,"private":0,"password":""}