{"id":"gen9vgc2023regulatione-1993837481","p1":"LanaDelReyVGC","p2":"Gear1243","format":"[Gen 9] VGC 2023 Regulation E","log":"|j|\u2606LanaDelReyVGC\n|j|\u2606Gear1243\n|t:|1700363466\n|gametype|doubles\n|player|p1|LanaDelReyVGC|266|1107\n|player|p2|Gear1243|wallace|1040\n|teamsize|p1|6\n|teamsize|p2|6\n|gen|9\n|tier|[Gen 9] VGC 2023 Regulation E\n|rated|\n|rule|Species Clause: Limit one of each Pok\u00e9mon\n|rule|Item Clause: Limit one of each item\n|clearpoke\n|poke|p1|Roaring Moon, L50|\n|poke|p1|Farigiraf, L50, M|\n|poke|p1|Kingambit, L50, M|\n|poke|p1|Heatran, L50, F|\n|poke|p1|Urshifu-*, L50, F|\n|poke|p1|Ogerpon-Cornerstone, L50, F|\n|poke|p2|Torterra, L50, M|\n|poke|p2|Empoleon, L50, F|\n|poke|p2|Infernape, L50, M|\n|poke|p2|Garchomp, L50, M|\n|poke|p2|Spiritomb, L50, M|\n|poke|p2|Ambipom, L50, F|\n|teampreview|4\n|inactive|Battle timer is ON: inactive players will automatically lose when time's up. (requested by LanaDelReyVGC)\nGear1243 rejected open team sheets.\n|\n|t:|1700363524\n|start\n|switch|p1a: Budtender|Ogerpon-Cornerstone, L50, F|100\/100\n|switch|p1b: Pilot|Roaring Moon, L50|100\/100\n|switch|p2a: Ambipom|Ambipom, L50, F|100\/100\n|switch|p2b: Garchomp|Garchomp, L50, M|100\/100\n|-enditem|p1b: Pilot|Booster Energy\n|-activate|p1b: Pilot|ability: Protosynthesis|[fromitem]\n|-start|p1b: Pilot|protosynthesisspe\n|turn|1\n|\n|t:|1700363542\n|move|p1b: Pilot|Protect|p1b: Pilot\n|-singleturn|p1b: Pilot|Protect\n|move|p1a: Budtender|Spiky Shield|p1a: Budtender\n|-singleturn|p1a: Budtender|move: Protect\n|move|p2a: Ambipom|Fake Out|p1b: Pilot\n|-activate|p1b: Pilot|move: Protect\n|move|p2b: Garchomp|Swords Dance|p2b: Garchomp\n|-boost|p2b: Garchomp|atk|2\n|\n|upkeep\n|turn|2\n|\n|t:|1700363560\n|-terastallize|p1b: Pilot|Flying\n|move|p2a: Ambipom|Protect|p2a: Ambipom\n|-singleturn|p2a: Ambipom|Protect\n|move|p1b: Pilot|Acrobatics|p2b: Garchomp\n|-damage|p2b: Garchomp|39\/100\n|-damage|p1b: Pilot|88\/100|[from] ability: Rough Skin|[of] p2b: Garchomp\n|-damage|p1b: Pilot|71\/100|[from] item: Rocky Helmet|[of] p2b: Garchomp\n|move|p2b: Garchomp|Dragon Claw|p1b: Pilot\n|-damage|p1b: Pilot|0 fnt\n|faint|p1b: Pilot\n|-end|p1b: Pilot|Protosynthesis|[silent]\n|move|p1a: Budtender|Power Whip|p2b: Garchomp\n|-damage|p2b: Garchomp|0 fnt\n|-damage|p1a: Budtender|88\/100|[from] ability: Rough Skin|[of] p2b: Garchomp\n|-damage|p1a: Budtender|72\/100|[from] item: Rocky Helmet|[of] p2b: Garchomp\n|faint|p2b: Garchomp\n|\n|upkeep\n|\n|t:|1700363579\n|switch|p1b: Baker|Heatran, L50, F|100\/100\n|switch|p2b: Infernape|Infernape, L50, M|100\/100\n|turn|3\n|\n|t:|1700363595\n|move|p2a: Ambipom|Protect||[still]\n|-fail|p2a: Ambipom\n|move|p1a: Budtender|Follow Me|p1a: Budtender\n|-singleturn|p1a: Budtender|move: Follow Me\n|move|p2b: Infernape|Drain Punch|p1a: Budtender\n|-supereffective|p1a: Budtender\n|-damage|p1a: Budtender|0 fnt\n|faint|p1a: Budtender\n|move|p1b: Baker|Earth Power|p2b: Infernape\n|-supereffective|p2b: Infernape\n|-damage|p2b: Infernape|0 fnt\n|faint|p2b: Infernape\n|\n|upkeep\n|\n|t:|1700363606\n|switch|p2b: Torterra|Torterra, L50, M|100\/100\n|switch|p1a: Chef|Kingambit, L50, M|100\/100\n|turn|4\n|\n|t:|1700363616\n|-terastallize|p2b: Torterra|Water\n|move|p1a: Chef|Protect|p1a: Chef\n|-singleturn|p1a: Chef|Protect\n|move|p2a: Ambipom|Knock Off|p1a: Chef\n|-activate|p1a: Chef|move: Protect\n|move|p2b: Torterra|Shell Smash|p2b: Torterra\n|-unboost|p2b: Torterra|def|1\n|-unboost|p2b: Torterra|spd|1\n|-boost|p2b: Torterra|atk|2\n|-boost|p2b: Torterra|spa|2\n|-boost|p2b: Torterra|spe|2\n|-enditem|p2b: Torterra|White Herb\n|-clearnegativeboost|p2b: Torterra|[silent]\n|move|p1b: Baker|Heat Wave|p2a: Ambipom|[spread] p2b\n|-miss|p1b: Baker|p2a: Ambipom\n|-resisted|p2b: Torterra\n|-damage|p2b: Torterra|79\/100\n|\n|upkeep\n|turn|5\n|\n|t:|1700363640\n|move|p1a: Chef|Sucker Punch|p2b: Torterra\n|-damage|p2b: Torterra|23\/100\n|-damage|p1a: Chef|91\/100|[from] item: Life Orb\n|move|p2b: Torterra|Stomping Tantrum|p1a: Chef\n|-supereffective|p1a: Chef\n|-damage|p1a: Chef|0 fnt\n|faint|p1a: Chef\n|move|p2a: Ambipom|Knock Off|p1b: Baker\n|-damage|p1b: Baker|77\/100\n|-enditem|p1b: Baker|Leftovers|[from] move: Knock Off|[of] p2a: Ambipom\n|move|p1b: Baker|Flash Cannon|p2b: Torterra\n|-resisted|p2b: Torterra\n|-damage|p2b: Torterra|0 fnt\n|faint|p2b: Torterra\n|\n|upkeep\n|turn|6\n|\n|t:|1700363659\n|move|p2a: Ambipom|Knock Off|p1b: Baker\n|-crit|p1b: Baker\n|-damage|p1b: Baker|52\/100\n|move|p1b: Baker|Heat Wave|p2a: Ambipom\n|-damage|p2a: Ambipom|22\/100\n|\n|upkeep\n|turn|7\n|\n|t:|1700363669\n|move|p2a: Ambipom|Knock Off|p1b: Baker\n|-damage|p1b: Baker|37\/100\n|move|p1b: Baker|Flash Cannon|p2a: Ambipom\n|-damage|p2a: Ambipom|0 fnt\n|faint|p2a: Ambipom\n|\n|win|LanaDelReyVGC\n|raw|LanaDelReyVGC's rating: 1107 &rarr; <strong>1127<\/strong><br \/>(+20 for winning)\n|raw|Gear1243's rating: 1040 &rarr; <strong>1027<\/strong><br \/>(-13 for losing)\n","uploadtime":1700363675,"views":21,"p1id":"lanadelreyvgc","p2id":"gear1243","formatid":"gen9vgc2023regulatione","rating":1027,"private":0,"password":""}