{"id":"gen9vgc2023regulatione-1998943384","p1":"Autin Mago","p2":"Chowdah","format":"[Gen 9] VGC 2023 Regulation E","log":"|j|\u2606Autin Mago\n|j|\u2606Chowdah\n|t:|1701016011\n|gametype|doubles\n|player|p1|Autin Mago|ballguy|\n|player|p2|Chowdah|hiker-gen1rb|\n|teamsize|p1|6\n|teamsize|p2|6\n|gen|9\n|tier|[Gen 9] VGC 2023 Regulation E\n|rule|Species Clause: Limit one of each Pok\u00e9mon\n|rule|Item Clause: Limit one of each item\n|clearpoke\n|poke|p1|Klefki, L50, F|\n|poke|p1|Roaring Moon, L50|\n|poke|p1|Ogerpon-Wellspring, L50, F|\n|poke|p1|Weezing, L50, M|\n|poke|p1|Okidogi, L50, M|\n|poke|p1|Sylveon, L50, F|\n|poke|p2|Dusclops, L50, M|\n|poke|p2|Azumarill, L50, F|\n|poke|p2|Heatran, L50, M|\n|poke|p2|Urshifu-*, L50, M|\n|poke|p2|Volcarona, L50, M|\n|poke|p2|Shiftry, L50, F|\n|teampreview|4\nChowdah has agreed to open team sheets.\n|c|\u2606Autin Mago|Glhf\nAutin Mago has agreed to open team sheets.\n|showteam|p1|Klefki||CovertCloak|Prankster|TrickRoom,ThunderWave,LightScreen,DazzlingGleam|||F|||50|,,,,,Dark]Roaring Moon||BoosterEnergy|Protosynthesis|DragonDance,Acrobatics,KnockOff,Protect||||||50|,,,,,Flying]Ogerpon-Wellspring||WellspringMask|WaterAbsorb|FollowMe,IvyCudgel,SpikyShield,HornLeech|||F|||50|,,,,,Water]Weezing||SitrusBerry|NeutralizingGas|Taunt,Haze,WillOWisp,SludgeBomb|||M|||50|,,,,,Dark]Okidogi||Leftovers|ToxicChain|Protect,PoisonJab,DrainPunch,BulkUp|||M|||50|,,,,,Dragon]Sylveon||ThroatSpray|Pixilate|HyperVoice,TeraBlast,Protect,ShadowBall|||F|||50|,,,,,Steel\n|showteam|p2|Dusclops||Eviolite|Pressure|TrickRoom,NightShade,PainSplit,WillOWisp|||M|||50|,,,,,Poison]Azumarill||LifeOrb|HugePower|AquaJet,Liquidation,Protect,PlayRough|||F|||50|,,,,,Water]Heatran||AssaultVest|FlameBody|FlashCannon,TeraBlast,HeatWave,EarthPower|||M|||50|,,,,,Fairy]Urshifu||ChoiceScarf|UnseenFist|WickedBlow,Uturn,CloseCombat,SuckerPunch|||M|||50|,,,,,Dark]Volcarona||Leftovers|FlameBody|QuiverDance,FieryDance,Protect,GigaDrain|||M|||50|,,,,,Grass]Shiftry||FocusSash|Chlorophyll|Tailwind,FakeOut,KnockOff,LeafBlade|||F|||50|,,,,,Rock\n|c|\u2606Chowdah|only fun\n|c|\u2606Chowdah|no luck\n|c|\u2606Chowdah|all skill\n|c|\u2606Chowdah|besto friendu\n|c|\u2606Autin Mago|Oh okay, good luck have skill\n|c|\u2606Autin Mago|Besto friendo\n|\n|t:|1701016154\n|start\n|switch|p1a: Weezing|Weezing, L50, M|100\/100\n|switch|p1b: Ogerpon|Ogerpon-Wellspring, L50, F|100\/100\n|switch|p2a: Volcarona|Volcarona, L50, M|100\/100\n|switch|p2b: Shiftry|Shiftry, L50, F|100\/100\n|-ability|p1a: Weezing|Neutralizing Gas\n|turn|1\n|\n|t:|1701016192\n|move|p2a: Volcarona|Protect|p2a: Volcarona\n|-singleturn|p2a: Volcarona|Protect\n|move|p1b: Ogerpon|Ivy Cudgel|p2a: Volcarona|[anim] Ivy Cudgel Water\n|-activate|p2a: Volcarona|move: Protect\n|move|p2b: Shiftry|Tailwind|p2b: Shiftry\n|-sidestart|p2: Chowdah|move: Tailwind\n|move|p1a: Weezing|Will-O-Wisp|p2b: Shiftry\n|-status|p2b: Shiftry|brn\n|\n|-damage|p2b: Shiftry|94\/100 brn|[from] brn\n|upkeep\n|turn|2\n|\n|t:|1701016233\n|-terastallize|p2a: Volcarona|Grass\n|move|p2b: Shiftry|Knock Off|p1a: Weezing\n|-damage|p1a: Weezing|81\/100\n|-enditem|p1a: Weezing|Sitrus Berry|[from] move: Knock Off|[of] p2b: Shiftry\n|move|p2a: Volcarona|Giga Drain|p1b: Ogerpon\n|-damage|p1b: Ogerpon|52\/100\n|move|p1b: Ogerpon|Ivy Cudgel|p2a: Volcarona|[anim] Ivy Cudgel Water\n|-resisted|p2a: Volcarona\n|-crit|p2a: Volcarona\n|-damage|p2a: Volcarona|44\/100\n|move|p1a: Weezing|Sludge Bomb|p2b: Shiftry\n|-supereffective|p2b: Shiftry\n|-damage|p2b: Shiftry|2\/100 brn\n|\n|-heal|p2a: Volcarona|50\/100|[from] item: Leftovers\n|-damage|p2b: Shiftry|0 fnt|[from] brn\n|faint|p2b: Shiftry\n|upkeep\n|\n|t:|1701016267\n|switch|p2b: Protect Please \ud83e\udd24|Urshifu, L50, M|100\/100\n|turn|3\n|j| Spearstorms\n|c| Spearstorms|YO IS THAT THE DEKU\n|c| Spearstorms|PLAYING POKEMON\n|\n|t:|1701016310\n|move|p1b: Ogerpon|Follow Me|p1b: Ogerpon\n|-singleturn|p1b: Ogerpon|move: Follow Me\n|move|p2b: Protect Please \ud83e\udd24|Wicked Blow|p1b: Ogerpon\n|-crit|p1b: Ogerpon\n|-damage|p1b: Ogerpon|0 fnt\n|faint|p1b: Ogerpon\n|move|p2a: Volcarona|Giga Drain|p1a: Weezing\n|-resisted|p1a: Weezing\n|-damage|p1a: Weezing|62\/100\n|-heal|p2a: Volcarona|59\/100|[from] drain|[of] p1a: Weezing\n|move|p1a: Weezing|Will-O-Wisp|p2b: Protect Please \ud83e\udd24|[miss]\n|-miss|p1a: Weezing|p2b: Protect Please \ud83e\udd24\n|\n|-heal|p2a: Volcarona|65\/100|[from] item: Leftovers\n|upkeep\n|\n|t:|1701016330\n|switch|p1b: Roaring Moon|Roaring Moon, L50|100\/100\n|-enditem|p1b: Roaring Moon|Booster Energy\n|-activate|p1b: Roaring Moon|ability: Protosynthesis|[fromitem]\n|-start|p1b: Roaring Moon|protosynthesisatk\n|turn|4\n|c| Spearstorms|Hey deku u missed willo bro your supposed to hit those\n|c|\u2606Autin Mago|:(\n|\n|t:|1701016386\n|move|p2b: Protect Please \ud83e\udd24|Wicked Blow|p1b: Roaring Moon\n|-resisted|p1b: Roaring Moon\n|-crit|p1b: Roaring Moon\n|-damage|p1b: Roaring Moon|57\/100\n|move|p2a: Volcarona|Giga Drain|p1b: Roaring Moon\n|-resisted|p1b: Roaring Moon\n|-damage|p1b: Roaring Moon|36\/100\n|-heal|p2a: Volcarona|75\/100|[from] drain|[of] p1b: Roaring Moon\n|move|p1b: Roaring Moon|Acrobatics|p2b: Protect Please \ud83e\udd24\n|-supereffective|p2b: Protect Please \ud83e\udd24\n|-damage|p2b: Protect Please \ud83e\udd24|0 fnt\n|faint|p2b: Protect Please \ud83e\udd24\n|move|p1a: Weezing|Sludge Bomb|p2a: Volcarona\n|-supereffective|p2a: Volcarona\n|-damage|p2a: Volcarona|28\/100\n|\n|-heal|p2a: Volcarona|34\/100|[from] item: Leftovers\n|-sideend|p2: Chowdah|move: Tailwind\n|upkeep\n|\n|t:|1701016400\n|switch|p2b: Heatran|Heatran, L50, M|100\/100\n|turn|5\n|\n|t:|1701016480\n|move|p2a: Volcarona|Protect|p2a: Volcarona\n|-singleturn|p2a: Volcarona|Protect\n|move|p1b: Roaring Moon|Acrobatics|p2a: Volcarona\n|-activate|p2a: Volcarona|move: Protect\n|move|p2b: Heatran|Flash Cannon|p1b: Roaring Moon\n|-damage|p1b: Roaring Moon|0 fnt\n|faint|p1b: Roaring Moon\n|-end|p1b: Roaring Moon|Protosynthesis|[silent]\n|move|p1a: Weezing|Haze|p1a: Weezing\n|-clearallboost\n|\n|-heal|p2a: Volcarona|40\/100|[from] item: Leftovers\n|upkeep\n|\n|t:|1701016492\n|switch|p1b: Okidogi|Okidogi, L50, M|100\/100\n|turn|6\n|\n|t:|1701016508\n|-terastallize|p1b: Okidogi|Dragon\n|move|p2a: Volcarona|Fiery Dance|p1b: Okidogi\n|-resisted|p1b: Okidogi\n|-damage|p1b: Okidogi|80\/100\n|-boost|p2a: Volcarona|spa|1\n|move|p1b: Okidogi|Drain Punch|p2b: Heatran\n|-supereffective|p2b: Heatran\n|-damage|p2b: Heatran|37\/100\n|-heal|p1b: Okidogi|100\/100|[from] drain|[of] p2b: Heatran\n|move|p2b: Heatran|Earth Power|p1b: Okidogi\n|-damage|p1b: Okidogi|68\/100\n|move|p1a: Weezing|Sludge Bomb|p2a: Volcarona\n|-supereffective|p2a: Volcarona\n|-damage|p2a: Volcarona|0 fnt\n|faint|p2a: Volcarona\n|\n|-heal|p1b: Okidogi|74\/100|[from] item: Leftovers\n|upkeep\n|turn|7\n|\n|t:|1701016530\n|move|p1b: Okidogi|Drain Punch|p2b: Heatran\n|-supereffective|p2b: Heatran\n|-damage|p2b: Heatran|0 fnt\n|-heal|p1b: Okidogi|92\/100|[from] drain|[of] p2b: Heatran\n|faint|p2b: Heatran\n|\n|win|Autin Mago\n|c|\u2606Autin Mago|Gg\n|c|\u2606Chowdah|gg\n","uploadtime":1701016542,"views":18,"p1id":"autinmago","p2id":"chowdah","formatid":"gen9vgc2023regulatione","rating":0,"private":0,"password":""}