{"id":"gen9vgc2023regulatione-1993796579","p1":"Huxley187","p2":"Neb5","format":"[Gen 9] VGC 2023 Regulation E","log":"|j|\u2606Huxley187\n|j|\u2606Neb5\n|n|\u2606Huxley187|huxley187\n|n|\u2606Neb5|neb5\n|html|View the match progress at <a href=\"\/game-bestof3-gen9vgc2023regulatione-1993793391\">game-bestof3-gen9vgc2023regulatione-1993793391<\/a>\n|t:|1700358347\n|gametype|doubles\n|player|p1|Huxley187|nate|\n|player|p2|Neb5|169|\n|teamsize|p1|6\n|teamsize|p2|6\n|gen|9\n|tier|[Gen 9] VGC 2023 Regulation E\n|rule|Species Clause: Limit one of each Pok\u00e9mon\n|rule|Item Clause: Limit one of each item\n|clearpoke\n|poke|p1|Indeedee-F, L50, F|\n|poke|p1|Armarouge, L50, M|\n|poke|p1|Qwilfish-Hisui, L50, M|\n|poke|p1|Urshifu-*, L50, M|\n|poke|p1|Zoroark, L50, M|\n|poke|p1|Gallade, L50, M|\n|poke|p2|Gardevoir, L50, F|\n|poke|p2|Mismagius, L50, F|\n|poke|p2|Illumise, L50, F|\n|poke|p2|Urshifu-*, L50, M|\n|poke|p2|Regidrago, L50|\n|poke|p2|Thundurus-Therian, L50, M|\n|teampreview|4\nHuxley187 rejected open team sheets.\n|c|\u2606Neb5|gl g2\n|c|\u2606Huxley187|glhf\n|j| Lkynmbr24\n|j| TreeDolphin\n|j| BunnyWarrior\n|\n|t:|1700358465\n|start\n|switch|p1a: ban me pls|Urshifu, L50, M|100\/100\n|switch|p1b: Gallade|Gallade, L50, M|100\/100\n|switch|p2a: Gardevoir|Gardevoir, L50, F, shiny|100\/100\n|switch|p2b: Illumise|Illumise, L50, F, shiny|100\/100\n|-ability|p2a: Gardevoir|Sharpness|[from] ability: Trace|[of] p1b: Gallade\n|turn|1\n|j| CellieVG\n|j| LookItUpVGC\n|l| LookItUpVGC\n|j| LookItUpVGC\n|\n|t:|1700358491\n|-terastallize|p1a: ban me pls|Fairy\n|move|p2b: Illumise|Tailwind|p2b: Illumise\n|-sidestart|p2: Neb5|move: Tailwind\n|move|p1a: ban me pls|Wicked Blow|p2a: Gardevoir\n|-crit|p2a: Gardevoir\n|-damage|p2a: Gardevoir|5\/100\n|move|p2a: Gardevoir|Dazzling Gleam|p1b: Gallade|[spread] p1a,p1b\n|-supereffective|p1b: Gallade\n|-damage|p1a: ban me pls|47\/100\n|-damage|p1b: Gallade|24\/100\n|move|p1b: Gallade|Psycho Cut|p2b: Illumise\n|-damage|p2b: Illumise|4\/100\n|-damage|p1b: Gallade|14\/100|[from] item: Life Orb\n|\n|upkeep\n|turn|2\n|\n|t:|1700358517\n|move|p1a: ban me pls|Wicked Blow|p2a: Gardevoir\n|-crit|p2a: Gardevoir\n|-damage|p2a: Gardevoir|0 fnt\n|faint|p2a: Gardevoir\n|move|p2b: Illumise|Dazzling Gleam|p1a: ban me pls|[spread] p1a,p1b\n|-supereffective|p1b: Gallade\n|-damage|p1a: ban me pls|30\/100\n|-damage|p1b: Gallade|0 fnt\n|faint|p1b: Gallade\n|\n|upkeep\n|c|\u2606Neb5|didnt expect to live\n|c|\u2606Huxley187|ok\n|c|\u2606Huxley187|please dont laugh\n|\n|t:|1700358546\n|switch|p1b: Armarouge|Armarouge, L50, M|100\/100\n|switch|p2a: Urshifu|Urshifu-Rapid-Strike, L50, M|100\/100\n|turn|3\n|c|\u2606Huxley187|oh wait nvm\n|n| Huxley188|treedolphin\n|c|\u2606Huxley187|why\n|j| Mewizard113\n|\n|t:|1700358594\n|-terastallize|p2a: Urshifu|Grass\n|move|p2b: Illumise|Rain Dance|p2b: Illumise\n|-weather|RainDance\n|move|p2a: Urshifu|Surging Strikes|p1a: ban me pls\n|-crit|p1a: ban me pls\n|-damage|p1a: ban me pls|0 fnt\n|faint|p1a: ban me pls\n|-hitcount|p1: ban me pls|1\n|move|p1b: Armarouge|Night Daze|p2b: Illumise\n|-damage|p2b: Illumise|0 fnt\n|faint|p2b: Illumise\n|\n|-weather|RainDance|[upkeep]\n|upkeep\n|c| Huxley188|Wassup guys\n|c| Mewizard113|Hi\n|\n|t:|1700358603\n|switch|p1a: Armarouge|Armarouge, L50, M|100\/100\n|switch|p2b: Regidrago|Regidrago, L50|100\/100\n|turn|4\n|c|\u2606Neb5|hey\n|c| BunnyWarrior|tree stop\n|n| Huxley188|huxley188\n|\n|t:|1700358631\n|move|p1a: Armarouge|Endure|p1a: Armarouge\n|-singleturn|p1a: Armarouge|move: Endure\n|move|p2a: Urshifu|Surging Strikes|p1a: Armarouge\n|-supereffective|p1a: Armarouge\n|-crit|p1a: Armarouge\n|-damage|p1a: Armarouge|39\/100\n|-ability|p1a: Armarouge|Weak Armor|boost\n|-unboost|p1a: Armarouge|def|1\n|-boost|p1a: Armarouge|spe|2\n|-enditem|p1a: Armarouge|Weakness Policy\n|-boost|p1a: Armarouge|atk|2|[from] item: Weakness Policy\n|-boost|p1a: Armarouge|spa|2|[from] item: Weakness Policy\n|-supereffective|p1a: Armarouge\n|-crit|p1a: Armarouge\n|-activate|p1a: Armarouge|move: Endure\n|-damage|p1a: Armarouge|1\/100\n|-ability|p1a: Armarouge|Weak Armor|boost\n|-unboost|p1a: Armarouge|def|1\n|-boost|p1a: Armarouge|spe|2\n|-supereffective|p1a: Armarouge\n|-crit|p1a: Armarouge\n|-activate|p1a: Armarouge|move: Endure\n|-damage|p1a: Armarouge|1\/100\n|-ability|p1a: Armarouge|Weak Armor|boost\n|-unboost|p1a: Armarouge|def|1\n|-boost|p1a: Armarouge|spe|2\n|-hitcount|p1a: Armarouge|3\n|move|p2b: Regidrago|Dragon Energy|p1a: Armarouge|[spread] p1a,p1b\n|-activate|p1a: Armarouge|move: Endure\n|-damage|p1a: Armarouge|1\/100\n|-enditem|p1b: Armarouge|Focus Sash\n|-damage|p1b: Armarouge|1\/100\n|replace|p1b: suprise|Zoroark, L50, M\n|-end|p1b: suprise|Illusion\n|move|p1b: suprise|Night Daze|p2a: Urshifu\n|-damage|p2a: Urshifu|30\/100\n|\n|-weather|RainDance|[upkeep]\n|-sideend|p2: Neb5|move: Tailwind\n|upkeep\n|turn|5\n|c| Huxley188|Lol\n|c| Lkynmbr24|Omg I can't see, LOL\n|c| Lkynmbr24|So much text for one turn, haha\n|c| BunnyWarrior|that was crazy\n|c| Huxley188|Surprise\n|c|\u2606Neb5|lmao\n|\n|t:|1700358700\n|move|p2b: Regidrago|Protect|p2b: Regidrago\n|-singleturn|p2b: Regidrago|Protect\n|move|p1a: Armarouge|Expanding Force|p2b: Regidrago\n|-activate|p2b: Regidrago|move: Protect\n|move|p1b: suprise|Night Daze|p2a: Urshifu\n|-damage|p2a: Urshifu|0 fnt\n|faint|p2a: Urshifu\n|\n|-weather|RainDance|[upkeep]\n|upkeep\n|turn|6\n|c|\u2606Neb5|thought i had you with the protect\n|\n|t:|1700358738\n|move|p1a: Armarouge|Expanding Force|p2b: Regidrago\n|-damage|p2b: Regidrago|0 fnt\n|faint|p2b: Regidrago\n|\n|win|Huxley187\n|c|\u2606Huxley187|gg\n|c|\u2606Neb5|gg\n|c|&|\/uhtml prompt-neb5,Neb5 is ready for game 3!\n|inactive|Huxley187 has 50 seconds to confirm battle start!\n|c|\u2606Huxley187|that was too close\n|c|&|\/uhtml prompt-huxley187,Huxley187 is ready for game 3!\nBoth players are ready! Starting next match!\n|l| BunnyWarrior\n|l| Mewizard113\n|j| Mewizard113\n|l| Mewizard113\n|l| LookItUpVGC\n|l| Huxley188\n|l|\u2606Neb5\n","uploadtime":1700359295,"views":17,"p1id":"huxley187","p2id":"neb5","formatid":"gen9vgc2023regulatione","rating":0,"private":0,"password":""}