{"id":"gen9vgc2023regulatione-1998314793","p1":"Fortune Meow","p2":"WestyLiam","format":"[Gen 9] VGC 2023 Regulation E","log":"|j|\u2606Fortune Meow\n|j|\u2606WestyLiam\n|n|\u2606Fortune Meow|fortunemeow\n|n|\u2606WestyLiam|westyliam\n|html|View the match progress at <a href=\"\/game-bestof3-gen9vgc2023regulatione-1998314790\">game-bestof3-gen9vgc2023regulatione-1998314790<\/a>\n|t:|1700928391\n|gametype|doubles\n|player|p1|Fortune Meow|burglar|\n|player|p2|WestyLiam|102|\n|teamsize|p1|6\n|teamsize|p2|6\n|gen|9\n|tier|[Gen 9] VGC 2023 Regulation E\n|rule|Species Clause: Limit one of each Pok\u00e9mon\n|rule|Item Clause: Limit one of each item\n|clearpoke\n|poke|p1|Iron Hands, L50|\n|poke|p1|Sinistcha, L50|\n|poke|p1|Flutter Mane, L50|\n|poke|p1|Weezing, L50, M|\n|poke|p1|Roaring Moon, L50|\n|poke|p1|Spectrier, L50|\n|poke|p2|Heatran, L50, F|\n|poke|p2|Iron Hands, L50|\n|poke|p2|Flutter Mane, L50|\n|poke|p2|Roaring Moon, L50|\n|poke|p2|Amoonguss, L50, M|\n|poke|p2|Landorus-Therian, L50, M|\n|teampreview|4\n|inactive|Battle timer is ON: inactive players will automatically lose when time's up. (requested by WestyLiam)\n|inactive|Fortune Meow also wants the timer to be on.\nFortune Meow has agreed to open team sheets.\n|inactive|Fortune Meow has 60 seconds left.\nWestyLiam has agreed to open team sheets.\n|showteam|p1|Iron Hands||AssaultVest|QuarkDrive|FakeOut,WildCharge,IcePunch,DrainPunch||||||50|,,,,,Grass]Sinistcha||RockyHelmet|Hospitality|MatchaGotcha,StrengthSap,TrickRoom,RagePowder||||||50|,,,,,Water]Flutter Mane||ChoiceSpecs|Protosynthesis|Moonblast,DazzlingGleam,ShadowBall,PowerGem||||||50|,,,,,Fairy]Weezing||AguavBerry|NeutralizingGas|Taunt,SludgeBomb,Protect,WillOWisp|||M|||50|,,,,,Ghost]Roaring Moon||BoosterEnergy|Protosynthesis|Acrobatics,KnockOff,Tailwind,Protect||||||50|,,,,,Poison]Spectrier||SitrusBerry|GrimNeigh|Hex,WillOWisp,Taunt,Snarl||||||50|,,,,,Fairy\n|showteam|p2|Heatran||LifeOrb|FlashFire|Protect,HeatWave,EarthPower,FlashCannon|||F|||50|,,,,,Fairy]Iron Hands||AssaultVest|QuarkDrive|FakeOut,DrainPunch,WildCharge,HeavySlam||||||50|,,,,,Water]Flutter Mane||ChoiceSpecs|Protosynthesis|DazzlingGleam,Moonblast,ShadowBall,PerishSong||||||50|,,,,,Fairy]Roaring Moon||BoosterEnergy|Protosynthesis|Protect,DragonDance,Acrobatics,KnockOff||||||50|,,,,,Flying]Amoonguss||RockyHelmet|Regenerator|Protect,RagePowder,Spore,PollenPuff|||M|||50|,,,,,Water]Landorus-Therian||ChoiceScarf|Intimidate|StompingTantrum,RockSlide,Uturn,TeraBlast|||M|||50|,,,,,Flying\n|c|\u2606Fortune Meow|Ost bro\n|c|\u2606WestyLiam|i did\n|inactive|Fortune Meow has 30 seconds left.\n|\n|t:|1700928450\n|start\n|switch|p1a: S\u1ee7i|Spectrier, L50|100\/100\n|switch|p1b: b\u00ecnh \u0111\u1eb3ng|Weezing, L50, M|100\/100\n|switch|p2a: Heatran|Heatran, L50, F|100\/100\n|switch|p2b: Iron Hands|Iron Hands, L50|100\/100\n|-ability|p1b: b\u00ecnh \u0111\u1eb3ng|Neutralizing Gas\n|turn|1\n|\n|t:|1700928473\n|-end|p2b: Iron Hands|Quark Drive|[silent]\n|switch|p2b: Amoonguss|Amoonguss, L50, M|100\/100\n|move|p1b: b\u00ecnh \u0111\u1eb3ng|Protect|p1b: b\u00ecnh \u0111\u1eb3ng\n|-singleturn|p1b: b\u00ecnh \u0111\u1eb3ng|Protect\n|move|p1a: S\u1ee7i|Will-O-Wisp|p2b: Amoonguss\n|-status|p2b: Amoonguss|brn\n|move|p2a: Heatran|Heat Wave|p1a: S\u1ee7i|[spread] p1a\n|-activate|p1b: b\u00ecnh \u0111\u1eb3ng|move: Protect\n|-damage|p1a: S\u1ee7i|53\/100\n|-damage|p2a: Heatran|91\/100|[from] item: Life Orb\n|\n|-damage|p2b: Amoonguss|95\/100 brn|[from] brn\n|upkeep\n|turn|2\n|\n|t:|1700928494\n|move|p2a: Heatran|Protect|p2a: Heatran\n|-singleturn|p2a: Heatran|Protect\n|move|p1a: S\u1ee7i|Snarl|p2b: Amoonguss|[spread] p2b\n|-activate|p2a: Heatran|move: Protect\n|-damage|p2b: Amoonguss|82\/100 brn\n|-unboost|p2b: Amoonguss|spa|1\n|move|p1b: b\u00ecnh \u0111\u1eb3ng|Taunt|p2b: Amoonguss\n|-start|p2b: Amoonguss|move: Taunt\n|cant|p2b: Amoonguss|move: Taunt|Spore\n|\n|-damage|p2b: Amoonguss|76\/100 brn|[from] brn\n|upkeep\n|turn|3\n|\n|t:|1700928517\n|switch|p2b: Landorus|Landorus-Therian, L50, M|100\/100\n|move|p1b: b\u00ecnh \u0111\u1eb3ng|Protect|p1b: b\u00ecnh \u0111\u1eb3ng\n|-singleturn|p1b: b\u00ecnh \u0111\u1eb3ng|Protect\n|move|p1a: S\u1ee7i|Snarl|p2b: Landorus|[spread] p2a,p2b\n|-damage|p2a: Heatran|77\/100\n|-damage|p2b: Landorus|85\/100\n|-unboost|p2a: Heatran|spa|1\n|-unboost|p2b: Landorus|spa|1\n|move|p2a: Heatran|Heat Wave|p1a: S\u1ee7i|[spread] p1a\n|-activate|p1b: b\u00ecnh \u0111\u1eb3ng|move: Protect\n|-damage|p1a: S\u1ee7i|16\/100\n|-enditem|p1a: S\u1ee7i|Sitrus Berry|[eat]\n|-heal|p1a: S\u1ee7i|41\/100|[from] item: Sitrus Berry\n|-damage|p2a: Heatran|67\/100|[from] item: Life Orb\n|\n|upkeep\n|turn|4\n|\n|t:|1700928541\n|switch|p2b: Amoonguss|Amoonguss, L50, M|76\/100 brn\n|-end|p1b: b\u00ecnh \u0111\u1eb3ng|ability: Neutralizing Gas\n|switch|p1b: Tay b\u00e9o|Iron Hands, L50|100\/100\n|move|p1a: S\u1ee7i|Will-O-Wisp|p2b: Amoonguss\n|-fail|p2b: Amoonguss|brn\n|move|p2a: Heatran|Earth Power|p1b: Tay b\u00e9o\n|-supereffective|p1b: Tay b\u00e9o\n|-damage|p1b: Tay b\u00e9o|69\/100\n|-damage|p2a: Heatran|57\/100|[from] item: Life Orb\n|\n|-damage|p2b: Amoonguss|70\/100 brn|[from] brn\n|upkeep\n|turn|5\n|\n|t:|1700928562\n|switch|p2a: Landorus|Landorus-Therian, L50, M|85\/100\n|-ability|p2a: Landorus|Intimidate|boost\n|-unboost|p1a: S\u1ee7i|atk|1\n|-unboost|p1b: Tay b\u00e9o|atk|1\n|-terastallize|p1b: Tay b\u00e9o|Grass\n|move|p1a: S\u1ee7i|Snarl|p2b: Amoonguss|[spread] p2a,p2b\n|-damage|p2a: Landorus|70\/100\n|-damage|p2b: Amoonguss|57\/100 brn\n|-unboost|p2a: Landorus|spa|1\n|-unboost|p2b: Amoonguss|spa|1\n|move|p1b: Tay b\u00e9o|Ice Punch|p2b: Amoonguss\n|-supereffective|p2b: Amoonguss\n|-damage|p2b: Amoonguss|29\/100 brn\n|-damage|p1b: Tay b\u00e9o|53\/100|[from] item: Rocky Helmet|[of] p2b: Amoonguss\n|move|p2b: Amoonguss|Spore|p1b: Tay b\u00e9o\n|-immune|p1b: Tay b\u00e9o\n|\n|-damage|p2b: Amoonguss|23\/100 brn|[from] brn\n|upkeep\n|turn|6\n|inactive|WestyLiam has 30 seconds left.\n|\n|t:|1700928589\n|-end|p1b: Tay b\u00e9o|Quark Drive|[silent]\n|switch|p1b: b\u00ecnh \u0111\u1eb3ng|Weezing, L50, M|100\/100\n|-ability|p1b: b\u00ecnh \u0111\u1eb3ng|Neutralizing Gas\n|switch|p2b: Heatran|Heatran, L50, F|57\/100\n|-terastallize|p2a: Landorus|Flying\n|move|p2a: Landorus|Tera Blast|p1b: b\u00ecnh \u0111\u1eb3ng|[anim] Tera Blast Flying\n|-damage|p1b: b\u00ecnh \u0111\u1eb3ng|50\/100\n|move|p1a: S\u1ee7i|Will-O-Wisp|p2a: Landorus\n|-status|p2a: Landorus|brn\n|\n|-damage|p2a: Landorus|64\/100 brn|[from] brn\n|upkeep\n|turn|7\n|\n|t:|1700928609\n|move|p1b: b\u00ecnh \u0111\u1eb3ng|Protect|p1b: b\u00ecnh \u0111\u1eb3ng\n|-singleturn|p1b: b\u00ecnh \u0111\u1eb3ng|Protect\n|move|p2a: Landorus|Tera Blast|p1b: b\u00ecnh \u0111\u1eb3ng|[anim] Tera Blast Flying\n|-activate|p1b: b\u00ecnh \u0111\u1eb3ng|move: Protect\n|move|p1a: S\u1ee7i|Snarl|p2b: Heatran|[spread] p2a,p2b\n|-damage|p2a: Landorus|49\/100 brn\n|-damage|p2b: Heatran|44\/100\n|-unboost|p2a: Landorus|spa|1\n|-unboost|p2b: Heatran|spa|1\n|move|p2b: Heatran|Heat Wave|p1a: S\u1ee7i|[spread] \n|-activate|p1b: b\u00ecnh \u0111\u1eb3ng|move: Protect\n|-miss|p2b: Heatran|p1a: S\u1ee7i\n|\n|-damage|p2a: Landorus|44\/100 brn|[from] brn\n|upkeep\n|turn|8\n|inactive|Fortune Meow has 30 seconds left.\n|inactive|Fortune Meow has 20 seconds left.\n|inactive|Fortune Meow has 15 seconds left.\n|\n|t:|1700928652\n|move|p2b: Heatran|Protect|p2b: Heatran\n|-singleturn|p2b: Heatran|Protect\n|move|p1b: b\u00ecnh \u0111\u1eb3ng|Protect||[still]\n|-fail|p1b: b\u00ecnh \u0111\u1eb3ng\n|move|p2a: Landorus|Tera Blast|p1a: S\u1ee7i|[anim] Tera Blast Flying\n|-damage|p1a: S\u1ee7i|9\/100\n|move|p1a: S\u1ee7i|Hex|p2a: Landorus\n|-damage|p2a: Landorus|0 fnt\n|faint|p2a: Landorus\n|\n|upkeep\n|\n|t:|1700928662\n|switch|p2a: Iron Hands|Iron Hands, L50|100\/100\n|turn|9\n|\n|t:|1700928675\n|-end|p2a: Iron Hands|Quark Drive|[silent]\n|switch|p2a: Amoonguss|Amoonguss, L50, M|23\/100 brn\n|move|p1b: b\u00ecnh \u0111\u1eb3ng|Protect|p1b: b\u00ecnh \u0111\u1eb3ng\n|-singleturn|p1b: b\u00ecnh \u0111\u1eb3ng|Protect\n|move|p1a: S\u1ee7i|Will-O-Wisp|p2a: Amoonguss\n|-fail|p2a: Amoonguss|brn\n|move|p2b: Heatran|Heat Wave|p1a: S\u1ee7i|[spread] \n|-activate|p1b: b\u00ecnh \u0111\u1eb3ng|move: Protect\n|-miss|p2b: Heatran|p1a: S\u1ee7i\n|\n|-damage|p2a: Amoonguss|17\/100 brn|[from] brn\n|upkeep\n|turn|10\n|\n|t:|1700928686\n|-end|p1b: b\u00ecnh \u0111\u1eb3ng|ability: Neutralizing Gas\n|switch|p1b: Tay b\u00e9o|Iron Hands, L50, tera:Grass|53\/100\n|move|p2a: Amoonguss|Protect|p2a: Amoonguss\n|-singleturn|p2a: Amoonguss|Protect\n|move|p1a: S\u1ee7i|Hex|p2a: Amoonguss\n|-activate|p2a: Amoonguss|move: Protect\n|move|p2b: Heatran|Heat Wave|p1b: Tay b\u00e9o|[spread] p1a,p1b\n|-crit|p1a: S\u1ee7i\n|-supereffective|p1b: Tay b\u00e9o\n|-damage|p1a: S\u1ee7i|0 fnt\n|-damage|p1b: Tay b\u00e9o|16\/100\n|faint|p1a: S\u1ee7i\n|-damage|p2b: Heatran|34\/100|[from] item: Life Orb\n|\n|-damage|p2a: Amoonguss|11\/100 brn|[from] brn\n|upkeep\n|\n|t:|1700928695\n|switch|p1a: B\u00e9|Flutter Mane, L50|100\/100\n|turn|11\n|\n|t:|1700928710\n|switch|p2a: Iron Hands|Iron Hands, L50|100\/100\n|move|p2b: Heatran|Protect|p2b: Heatran\n|-singleturn|p2b: Heatran|Protect\n|move|p1a: B\u00e9|Dazzling Gleam|p2a: Iron Hands|[spread] p2a\n|-activate|p2b: Heatran|move: Protect\n|-supereffective|p2a: Iron Hands\n|-damage|p2a: Iron Hands|43\/100\n|move|p1b: Tay b\u00e9o|Drain Punch|p2b: Heatran\n|-activate|p2b: Heatran|move: Protect\n|\n|upkeep\n|turn|12\n|\n|t:|1700928733\n|-end|p1b: Tay b\u00e9o|Quark Drive|[silent]\n|switch|p1b: b\u00ecnh \u0111\u1eb3ng|Weezing, L50, M|50\/100\n|-ability|p1b: b\u00ecnh \u0111\u1eb3ng|Neutralizing Gas\n|move|p2a: Iron Hands|Fake Out|p1b: b\u00ecnh \u0111\u1eb3ng\n|-damage|p1b: b\u00ecnh \u0111\u1eb3ng|38\/100\n|move|p1a: B\u00e9|Dazzling Gleam|p2a: Iron Hands|[spread] p2a,p2b\n|-supereffective|p2a: Iron Hands\n|-resisted|p2b: Heatran\n|-damage|p2a: Iron Hands|0 fnt\n|-damage|p2b: Heatran|21\/100\n|faint|p2a: Iron Hands\n|-end|p2a: Iron Hands|Quark Drive|[silent]\n|move|p2b: Heatran|Heat Wave|p1a: B\u00e9|[spread] p1a,p1b\n|-damage|p1a: B\u00e9|67\/100\n|-damage|p1b: b\u00ecnh \u0111\u1eb3ng|5\/100\n|-enditem|p1b: b\u00ecnh \u0111\u1eb3ng|Aguav Berry|[eat]\n|-heal|p1b: b\u00ecnh \u0111\u1eb3ng|38\/100|[from] item: Aguav Berry\n|-damage|p2b: Heatran|11\/100|[from] item: Life Orb\n|\n|upkeep\n|\n|t:|1700928745\n|switch|p2a: Amoonguss|Amoonguss, L50, M|44\/100 brn\n|turn|13\n|\n|t:|1700928751\n|move|p2a: Amoonguss|Rage Powder|p2a: Amoonguss\n|-singleturn|p2a: Amoonguss|move: Rage Powder\n|move|p1a: B\u00e9|Dazzling Gleam|p2a: Amoonguss|[spread] p2a,p2b\n|-resisted|p2a: Amoonguss\n|-resisted|p2b: Heatran\n|-damage|p2a: Amoonguss|22\/100 brn\n|-damage|p2b: Heatran|0 fnt\n|faint|p2b: Heatran\n|move|p1b: b\u00ecnh \u0111\u1eb3ng|Sludge Bomb|p2a: Amoonguss\n|-damage|p2a: Amoonguss|0 fnt\n|faint|p2a: Amoonguss\n|\n|win|Fortune Meow\n|c|&|\/uhtml prompt-westyliam,WestyLiam is ready for game 2!\n|inactive|Fortune Meow has 50 seconds to confirm battle start!\n|c|&|\/uhtml prompt-fortunemeow,Fortune Meow is ready for game 2!\nBoth players are ready! Starting next match!\n","uploadtime":1700929112,"views":10,"p1id":"fortunemeow","p2id":"westyliam","formatid":"gen9vgc2023regulatione","rating":0,"private":0,"password":""}