{"id":"gen9vgc2023regulatione-1997793724","p1":"VGCRem","p2":"iSebbi","format":"[Gen 9] VGC 2023 Regulation E","log":"|j|\u2606VGCRem\n|j|\u2606iSebbi\n|n|\u2606VGCRem|vgcrem\n|n|\u2606iSebbi|isebbi\n|html|View the match progress at <a href=\"\/game-bestof3-gen9vgc2023regulatione-1997793723\">game-bestof3-gen9vgc2023regulatione-1997793723<\/a>\n|t:|1700853345\n|gametype|doubles\n|player|p1|VGCRem|169|\n|player|p2|iSebbi|pokemonbreeder-gen4|\n|teamsize|p1|6\n|teamsize|p2|6\n|gen|9\n|tier|[Gen 9] VGC 2023 Regulation E\n|rule|Species Clause: Limit one of each Pok\u00e9mon\n|rule|Item Clause: Limit one of each item\n|clearpoke\n|poke|p1|Iron Bundle, L50|\n|poke|p1|Iron Moth, L50|\n|poke|p1|Iron Hands, L50|\n|poke|p1|Landorus-Therian, L50, M|\n|poke|p1|Sinistcha-Masterpiece, L50|\n|poke|p1|Chi-Yu, L50|\n|poke|p2|Landorus-Therian, L50, M|\n|poke|p2|Iron Hands, L50|\n|poke|p2|Flutter Mane, L50|\n|poke|p2|Urshifu-*, L50, F|\n|poke|p2|Ogerpon-Hearthflame, L50, F|\n|poke|p2|Amoonguss, L50, F|\n|teampreview|4\niSebbi has agreed to open team sheets.\nVGCRem has agreed to open team sheets.\n|showteam|p1|Iron Bundle||BoosterEnergy|QuarkDrive|Protect,IcyWind,FreezeDry,Encore||||||50|,,,,,Ice]Iron Moth||LifeOrb|QuarkDrive|Protect,HeatWave,TeraBlast,EnergyBall||||||50|,,,,,Water]Iron Hands||AssaultVest|QuarkDrive|DrainPunch,WildCharge,HeavySlam,FakeOut||||||50|,,,,,Water]Landorus-Therian||ClearAmulet|Intimidate|Protect,StompingTantrum,TeraBlast,SwordsDance|||M|||50|,,,,,Flying]Sinistcha-Masterpiece||MentalHerb|Hospitality|TrickRoom,MatchaGotcha,StrengthSap,RagePowder||||||50|,,,,,Fire]Chi-Yu||Leftovers|BeadsofRuin|Protect,NastyPlot,DarkPulse,HeatWave||||||50|,,,,,Grass\n|showteam|p2|Landorus-Therian||ChoiceScarf|Intimidate|TeraBlast,Uturn,StompingTantrum,RockSlide|||M|||50|,,,,,Flying]Iron Hands||AssaultVest|QuarkDrive|VoltSwitch,DrainPunch,WildCharge,FakeOut||||||50|,,,,,Fire]Flutter Mane||BoosterEnergy|Protosynthesis|Moonblast,ShadowBall,DazzlingGleam,Protect||||||50|,,,,,Fairy]Urshifu-Rapid-Strike||SafetyGoggles|UnseenFist|SurgingStrikes,CloseCombat,AquaJet,Detect|||F|||50|,,,,,Water]Ogerpon-Hearthflame||HearthflameMask|MoldBreaker|IvyCudgel,WoodHammer,SpikyShield,SwordsDance|||F|||50|,,,,,Fire]Amoonguss||IronBall|Regenerator|RagePowder,PollenPuff,Spore,Protect|||F|||50|,,,,,Dragon\n|c|\u2606VGCRem|gl & hf\n|c|\u2606iSebbi|glhf\n|c|\u2606iSebbi|ready\n|c|\u2606VGCRem|ready\n|\n|t:|1700853435\n|start\n|switch|p1a: Iron Bundle|Iron Bundle, L50, shiny|100\/100\n|switch|p1b: Landorus|Landorus-Therian, L50, M|100\/100\n|switch|p2a: Flutter Mane|Flutter Mane, L50|100\/100\n|switch|p2b: Iron Hands|Iron Hands, L50|100\/100\n|-ability|p1b: Landorus|Intimidate|boost\n|-unboost|p2a: Flutter Mane|atk|1\n|-unboost|p2b: Iron Hands|atk|1\n|-enditem|p1a: Iron Bundle|Booster Energy\n|-activate|p1a: Iron Bundle|ability: Quark Drive|[fromitem]\n|-start|p1a: Iron Bundle|quarkdrivespe\n|-enditem|p2a: Flutter Mane|Booster Energy\n|-activate|p2a: Flutter Mane|ability: Protosynthesis|[fromitem]\n|-start|p2a: Flutter Mane|protosynthesisspe\n|turn|1\n|\n|t:|1700853469\n|-terastallize|p2a: Flutter Mane|Fairy\n|move|p1a: Iron Bundle|Protect|p1a: Iron Bundle\n|-singleturn|p1a: Iron Bundle|Protect\n|move|p1b: Landorus|Protect|p1b: Landorus\n|-singleturn|p1b: Landorus|Protect\n|move|p2b: Iron Hands|Fake Out|p1a: Iron Bundle\n|-activate|p1a: Iron Bundle|move: Protect\n|move|p2a: Flutter Mane|Dazzling Gleam|p1a: Iron Bundle|[spread] \n|-activate|p1a: Iron Bundle|move: Protect\n|-activate|p1b: Landorus|move: Protect\n|\n|upkeep\n|turn|2\n|\n|t:|1700853517\n|-end|p2b: Iron Hands|Quark Drive|[silent]\n|switch|p2b: Amoonguss|Amoonguss, L50, F|100\/100\n|-terastallize|p1b: Landorus|Flying\n|move|p1a: Iron Bundle|Encore||[still]\n|-fail|p1a: Iron Bundle\n|move|p2a: Flutter Mane|Dazzling Gleam|p1b: Landorus|[spread] p1a,p1b\n|-damage|p1a: Iron Bundle|35\/100\n|-damage|p1b: Landorus|51\/100\n|move|p1b: Landorus|Tera Blast|p2a: Flutter Mane|[anim] Tera Blast Flying\n|-damage|p2a: Flutter Mane|0 fnt\n|faint|p2a: Flutter Mane\n|-end|p2a: Flutter Mane|Protosynthesis|[silent]\n|\n|upkeep\n|\n|t:|1700853529\n|switch|p2a: Urshifu|Urshifu-Rapid-Strike, L50, F|100\/100\n|turn|3\n|\n|t:|1700853550\n|move|p2b: Amoonguss|Rage Powder|p2b: Amoonguss\n|-singleturn|p2b: Amoonguss|move: Rage Powder\n|move|p1a: Iron Bundle|Icy Wind|p2b: Amoonguss|[spread] p2a,p2b\n|-resisted|p2a: Urshifu\n|-supereffective|p2b: Amoonguss\n|-damage|p2a: Urshifu|86\/100\n|-damage|p2b: Amoonguss|69\/100\n|-unboost|p2a: Urshifu|spe|1\n|-unboost|p2b: Amoonguss|spe|1\n|move|p1b: Landorus|Tera Blast|p2b: Amoonguss|[anim] Tera Blast Flying\n|-supereffective|p2b: Amoonguss\n|-damage|p2b: Amoonguss|0 fnt\n|faint|p2b: Amoonguss\n|move|p2a: Urshifu|Surging Strikes|p1b: Landorus\n|-crit|p1b: Landorus\n|-damage|p1b: Landorus|31\/100\n|-crit|p1b: Landorus\n|-damage|p1b: Landorus|12\/100\n|-crit|p1b: Landorus\n|-damage|p1b: Landorus|0 fnt\n|faint|p1b: Landorus\n|-hitcount|p1: Landorus|3\n|\n|upkeep\n|\n|t:|1700853569\n|switch|p1b: Sinistcha|Sinistcha-Masterpiece, L50|100\/100\n|switch|p2b: Iron Hands|Iron Hands, L50|100\/100\n|-heal|p1a: Iron Bundle|60\/100|[from] ability: Hospitality|[of] p1b: Sinistcha\n|turn|4\n|\n|t:|1700853589\n|move|p2a: Urshifu|Detect|p2a: Urshifu\n|-singleturn|p2a: Urshifu|Protect\n|move|p1a: Iron Bundle|Freeze-Dry|p2a: Urshifu\n|-activate|p2a: Urshifu|move: Protect\n|move|p2b: Iron Hands|Wild Charge|p1a: Iron Bundle\n|-supereffective|p1a: Iron Bundle\n|-damage|p1a: Iron Bundle|0 fnt\n|faint|p1a: Iron Bundle\n|-end|p1a: Iron Bundle|Quark Drive|[silent]\n|-damage|p2b: Iron Hands|91\/100|[from] Recoil\n|move|p1b: Sinistcha|Matcha Gotcha|p2b: Iron Hands|[spread] p2b\n|-activate|p2a: Urshifu|move: Protect\n|-damage|p2b: Iron Hands|79\/100\n|\n|upkeep\n|\n|t:|1700853604\n|switch|p1a: Iron Hands|Iron Hands, L50, shiny|100\/100\n|turn|5\n|\n|t:|1700853613\n|move|p2a: Urshifu|Detect||[still]\n|-fail|p2a: Urshifu\n|move|p1a: Iron Hands|Fake Out|p2a: Urshifu\n|-damage|p2a: Urshifu|71\/100\n|move|p2b: Iron Hands|Drain Punch|p1a: Iron Hands\n|-damage|p1a: Iron Hands|72\/100\n|-heal|p2b: Iron Hands|94\/100|[from] drain|[of] p1a: Iron Hands\n|move|p1b: Sinistcha|Matcha Gotcha|p2a: Urshifu|[spread] p2a,p2b\n|-supereffective|p2a: Urshifu\n|-damage|p2a: Urshifu|3\/100\n|-damage|p2b: Iron Hands|81\/100\n|\n|upkeep\n|turn|6\n|\n|t:|1700853669\n|move|p2a: Urshifu|Detect|p2a: Urshifu\n|-singleturn|p2a: Urshifu|Protect\n|move|p1b: Sinistcha|Rage Powder|p1b: Sinistcha\n|-singleturn|p1b: Sinistcha|move: Rage Powder\n|move|p2b: Iron Hands|Drain Punch|p1b: Sinistcha\n|-immune|p1b: Sinistcha\n|move|p1a: Iron Hands|Drain Punch|p2a: Urshifu\n|-activate|p2a: Urshifu|move: Protect\n|\n|upkeep\n|turn|7\n|\n|t:|1700853683\n|move|p1b: Sinistcha|Rage Powder|p1b: Sinistcha\n|-singleturn|p1b: Sinistcha|move: Rage Powder\n|move|p2a: Urshifu|Surging Strikes|p1b: Sinistcha\n|-resisted|p1b: Sinistcha\n|-crit|p1b: Sinistcha\n|-damage|p1b: Sinistcha|92\/100\n|-resisted|p1b: Sinistcha\n|-crit|p1b: Sinistcha\n|-damage|p1b: Sinistcha|83\/100\n|-resisted|p1b: Sinistcha\n|-crit|p1b: Sinistcha\n|-damage|p1b: Sinistcha|74\/100\n|-hitcount|p1b: Sinistcha|3\n|move|p2b: Iron Hands|Wild Charge|p1b: Sinistcha\n|-resisted|p1b: Sinistcha\n|-damage|p1b: Sinistcha|52\/100\n|-damage|p2b: Iron Hands|77\/100|[from] Recoil\n|move|p1a: Iron Hands|Drain Punch|p2a: Urshifu\n|-damage|p2a: Urshifu|0 fnt\n|-heal|p1a: Iron Hands|73\/100|[from] drain|[of] p2a: Urshifu\n|faint|p2a: Urshifu\n|\n|upkeep\n|turn|8\n|\n|t:|1700853704\n|move|p2b: Iron Hands|Wild Charge|p1b: Sinistcha\n|-resisted|p1b: Sinistcha\n|-crit|p1b: Sinistcha\n|-damage|p1b: Sinistcha|21\/100\n|-damage|p2b: Iron Hands|70\/100|[from] Recoil\n|move|p1b: Sinistcha|Matcha Gotcha|p2b: Iron Hands\n|-damage|p2b: Iron Hands|52\/100\n|-heal|p1b: Sinistcha|33\/100|[from] drain|[of] p2b: Iron Hands\n|-status|p2b: Iron Hands|brn\n|move|p1a: Iron Hands|Drain Punch|p2b: Iron Hands\n|-damage|p2b: Iron Hands|20\/100 brn\n|-heal|p1a: Iron Hands|88\/100|[from] drain|[of] p2b: Iron Hands\n|\n|-damage|p2b: Iron Hands|14\/100 brn|[from] brn\n|upkeep\n|turn|9\n|\n|t:|1700853738\n|move|p2b: Iron Hands|Drain Punch|p1a: Iron Hands\n|-damage|p1a: Iron Hands|74\/100\n|-heal|p2b: Iron Hands|22\/100 brn|[from] drain|[of] p1a: Iron Hands\n|move|p1b: Sinistcha|Matcha Gotcha|p2b: Iron Hands\n|-damage|p2b: Iron Hands|6\/100 brn\n|-heal|p1b: Sinistcha|44\/100|[from] drain|[of] p2b: Iron Hands\n|move|p1a: Iron Hands|Drain Punch|p2b: Iron Hands\n|-damage|p2b: Iron Hands|0 fnt\n|-heal|p1a: Iron Hands|76\/100|[from] drain|[of] p2b: Iron Hands\n|faint|p2b: Iron Hands\n|-end|p2b: Iron Hands|Quark Drive|[silent]\n|\n|win|VGCRem\n|c|&|\/uhtml prompt-isebbi,iSebbi is ready for game 2!\n|c|&|\/uhtml prompt-isebbi,iSebbi is ready for game 2!\n|c|&|\/uhtml prompt-vgcrem,VGCRem is ready for game 2!\nBoth players are ready! Starting next match!\n","uploadtime":1700853759,"views":25,"p1id":"vgcrem","p2id":"isebbi","formatid":"gen9vgc2023regulatione","rating":0,"private":0,"password":""}