{"id":"gen9vgc2023regulatione-1989192235","p1":"GeoGreenBeanz","p2":"CharlienoB","format":"[Gen 9] VGC 2023 Regulation E","log":"|j|\u2606GeoGreenBeanz\n|j|\u2606CharlienoB\n|t:|1699821890\n|gametype|doubles\n|player|p1|GeoGreenBeanz|101|1092\n|player|p2|CharlienoB|1|1079\n|teamsize|p1|6\n|teamsize|p2|6\n|gen|9\n|tier|[Gen 9] VGC 2023 Regulation E\n|rated|\n|rule|Species Clause: Limit one of each Pok\u00e9mon\n|rule|Item Clause: Limit one of each item\n|clearpoke\n|poke|p1|Sableye, L50, F|\n|poke|p1|Dragonite, L50, M|\n|poke|p1|Sinistcha, L50|\n|poke|p1|Slaking, L50, F|\n|poke|p1|Espathra, L50, F|\n|poke|p1|Zoroark-Hisui, L50, M|\n|poke|p2|Dondozo, L50, F|\n|poke|p2|Tatsugiri, L50, F|\n|poke|p2|Flamigo, L50, F|\n|poke|p2|Rillaboom, L50, M|\n|poke|p2|Volcarona, L50, F|\n|poke|p2|Landorus-Therian, L50, M|\n|teampreview|4\n|\n|t:|1699821942\n|start\n|switch|p1a: Slaking|Slaking, L50, F|100\/100\n|switch|p1b: Espathra|Espathra, L50, F|100\/100\n|switch|p2a: Landorus|Landorus-Therian, L50, M|100\/100\n|switch|p2b: Volcarona|Volcarona, L50, F|100\/100\n|-ability|p2a: Landorus|Intimidate|boost\n|-fail|p1a: Slaking|unboost|[from] item: Clear Amulet|[of] p1a: Slaking\n|-unboost|p1b: Espathra|atk|1\n|turn|1\n|\n|t:|1699821974\n|-terastallize|p1a: Slaking|Ghost\n|move|p2a: Landorus|Rock Slide|p1b: Espathra|[spread] p1a,p1b\n|-damage|p1a: Slaking|87\/100\n|-damage|p1b: Espathra|73\/100\n|move|p1b: Espathra|Skill Swap|p1a: Slaking\n|-activate|p1b: Espathra|move: Skill Swap|||[of] p1a: Slaking\n|move|p2b: Volcarona|Fiery Dance|p1b: Espathra\n|-damage|p1b: Espathra|29\/100\n|move|p1a: Slaking|Curse|p2b: Volcarona\n|-start|p2b: Volcarona|Curse|[of] p1a: Slaking\n|-damage|p1a: Slaking|37\/100\n|\n|-damage|p2b: Volcarona|75\/100|[from] Curse\n|-ability|p1a: Slaking|Speed Boost|boost\n|-boost|p1a: Slaking|spe|1\n|upkeep\n|turn|2\n|\n|t:|1699822006\n|switch|p1b: Sableye|Sableye, L50, F|100\/100\n|-terastallize|p2a: Landorus|Flying\n|move|p2a: Landorus|Rock Slide|p1a: Slaking|[spread] p1a,p1b\n|-damage|p1a: Slaking|22\/100\n|-damage|p1b: Sableye|81\/100\n|-enditem|p1b: Sableye|Red Card|[of] p2a: Landorus\n|drag|p2a: Flamigo|Flamigo, L50, F|100\/100\n|-copyboost|p2a: Flamigo|p2b: Volcarona|[from] ability: Costar\n|move|p1a: Slaking|Slack Off|p1a: Slaking\n|-heal|p1a: Slaking|72\/100\n|move|p2b: Volcarona|Giga Drain|p1a: Slaking\n|-damage|p1a: Slaking|52\/100\n|-heal|p2b: Volcarona|89\/100|[from] drain|[of] p1a: Slaking\n|\n|-damage|p2b: Volcarona|64\/100|[from] Curse\n|-ability|p1a: Slaking|Speed Boost|boost\n|-boost|p1a: Slaking|spe|1\n|upkeep\n|turn|3\n|\n|t:|1699822049\n|switch|p2a: Landorus|Landorus-Therian, L50, M, tera:Flying|100\/100\n|-ability|p2a: Landorus|Intimidate|boost\n|-fail|p1a: Slaking|unboost|[from] item: Clear Amulet|[of] p1a: Slaking\n|-unboost|p1b: Sableye|atk|1\n|switch|p2b: Rillaboom|Rillaboom, L50, M|100\/100\n|-fieldstart|move: Grassy Terrain|[from] ability: Grassy Surge|[of] p2b: Rillaboom\n|move|p1b: Sableye|Disable||[still]\n|-fail|p1b: Sableye\n|move|p1a: Slaking|Shadow Claw|p2a: Landorus\n|-damage|p2a: Landorus|49\/100\n|\n|-heal|p1a: Slaking|58\/100|[from] Grassy Terrain\n|-heal|p1b: Sableye|86\/100|[from] Grassy Terrain\n|-ability|p1a: Slaking|Speed Boost|boost\n|-boost|p1a: Slaking|spe|1\n|upkeep\n|turn|4\n|\n|t:|1699822096\n|move|p1a: Slaking|Shadow Claw|p2a: Landorus\n|-damage|p2a: Landorus|0 fnt\n|faint|p2a: Landorus\n|move|p2b: Rillaboom|Wood Hammer|p1a: Slaking\n|-damage|p1a: Slaking|0 fnt\n|faint|p1a: Slaking\n|-damage|p2b: Rillaboom|72\/100|[from] Recoil\n|move|p1b: Sableye|Night Shade|p2b: Rillaboom\n|-damage|p2b: Rillaboom|44\/100\n|\n|-heal|p2b: Rillaboom|50\/100|[from] Grassy Terrain\n|-heal|p1b: Sableye|92\/100|[from] Grassy Terrain\n|upkeep\n|\n|t:|1699822118\n|switch|p2a: Volcarona|Volcarona, L50, F|64\/100\n|switch|p1a: Dragonite|Dragonite, L50, M|100\/100\n|turn|5\n|\n|t:|1699822135\n|move|p2a: Volcarona|Rage Powder|p2a: Volcarona\n|-singleturn|p2a: Volcarona|move: Rage Powder\n|move|p1b: Sableye|Quash||[still]\n|-fail|p1b: Sableye\n|move|p2b: Rillaboom|Wood Hammer|p1b: Sableye\n|-damage|p1b: Sableye|19\/100\n|-damage|p2b: Rillaboom|28\/100|[from] Recoil\n|move|p1a: Dragonite|Ice Spinner|p2a: Volcarona\n|-resisted|p2a: Volcarona\n|-damage|p2a: Volcarona|50\/100\n|-fieldend|move: Grassy Terrain\n|-enditem|p2a: Volcarona|Sitrus Berry|[eat]\n|-heal|p2a: Volcarona|75\/100|[from] item: Sitrus Berry\n|\n|upkeep\n|turn|6\n|l|\u2606CharlienoB\n|player|p2|\n|\n|t:|1699822178\n|switch|p1a: Espathra|Espathra, L50, F|29\/100\n|move|p2a: Volcarona|Rage Powder|p2a: Volcarona\n|-singleturn|p2a: Volcarona|move: Rage Powder\n|move|p1b: Sableye|Encore|p2a: Volcarona\n|-start|p2a: Volcarona|Encore\n|move|p2b: Rillaboom|U-turn|p1b: Sableye\n|-damage|p1b: Sableye|0 fnt\n|faint|p1b: Sableye\n|j|\u2606CharlienoB\n|player|p2|CharlienoB|1\n|\n|t:|1699822206\n|switch|p2b: Flamigo|Flamigo, L50, F|100\/100|[from] U-turn\n|-copyboost|p2b: Flamigo|p2a: Volcarona|[from] ability: Costar\n|\n|upkeep\n|\n|t:|1699822213\n|switch|p1b: Dragonite|Dragonite, L50, M|100\/100\n|turn|7\n|inactive|Battle timer is ON: inactive players will automatically lose when time's up. (requested by CharlienoB)\n|\n|t:|1699822243\n|move|p2a: Volcarona|Rage Powder|p2a: Volcarona\n|-singleturn|p2a: Volcarona|move: Rage Powder\n|move|p1a: Espathra|Dazzling Gleam|p2a: Volcarona|[spread] p2a,p2b\n|-resisted|p2a: Volcarona\n|-supereffective|p2b: Flamigo\n|-damage|p2a: Volcarona|69\/100\n|-damage|p2b: Flamigo|55\/100\n|move|p2b: Flamigo|Brave Bird|p1a: Espathra\n|-damage|p1a: Espathra|0 fnt\n|faint|p1a: Espathra\n|-damage|p2b: Flamigo|43\/100|[from] Recoil\n|move|p1b: Dragonite|Dragon Claw|p2a: Volcarona\n|-damage|p2a: Volcarona|28\/100\n|-status|p1b: Dragonite|brn|[from] ability: Flame Body|[of] p2a: Volcarona\n|\n|-damage|p1b: Dragonite|94\/100 brn|[from] brn\n|upkeep\n|turn|8\n|-message|GeoGreenBeanz forfeited.\n|\n|win|CharlienoB\n|raw|GeoGreenBeanz's rating: 1092 &rarr; <strong>1067<\/strong><br \/>(-25 for losing)\n|raw|CharlienoB's rating: 1079 &rarr; <strong>1108<\/strong><br \/>(+29 for winning)\n|l|\u2606GeoGreenBeanz\n","uploadtime":1699822266,"views":12,"p1id":"geogreenbeanz","p2id":"charlienob","formatid":"gen9vgc2023regulatione","rating":1067,"private":0,"password":""}