{"id":"gen9vgc2023regulatione-1995757005","p1":"oRinNeGa7V1","p2":"bwan","format":"[Gen 9] VGC 2023 Regulation E","log":"|j|\u2606oRinNeGa7V1\n|j|\u2606bwan\n|t:|1700600274\n|gametype|doubles\n|player|p1|oRinNeGa7V1|miriam|1401\n|player|p2|bwan|265|1459\n|teamsize|p1|6\n|teamsize|p2|6\n|gen|9\n|tier|[Gen 9] VGC 2023 Regulation E\n|rated|\n|rule|Species Clause: Limit one of each Pok\u00e9mon\n|rule|Item Clause: Limit one of each item\n|clearpoke\n|poke|p1|Tornadus, L50, M|\n|poke|p1|Arcanine-Hisui, L50, M|\n|poke|p1|Iron Hands, L50|\n|poke|p1|Gholdengo, L50|\n|poke|p1|Urshifu-*, L50, M|\n|poke|p1|Ogerpon-Wellspring, L50, F|\n|poke|p2|Chien-Pao, L50|\n|poke|p2|Dragonite, L50, M|\n|poke|p2|Urshifu-*, L50, F|\n|poke|p2|Rillaboom, L50, M|\n|poke|p2|Heatran, L50, F|\n|poke|p2|Farigiraf, L50, M|\n|teampreview|4\n|\n|t:|1700600296\n|start\n|switch|p1a: Tornadus|Tornadus, L50, M|100\/100\n|switch|p1b: Urshifu|Urshifu-Rapid-Strike, L50, M|100\/100\n|switch|p2a: Rillaboom|Rillaboom, L50, M|100\/100\n|switch|p2b: Farigiraf|Farigiraf, L50, M|100\/100\n|-fieldstart|move: Grassy Terrain|[from] ability: Grassy Surge|[of] p2a: Rillaboom\n|turn|1\n|\n|t:|1700600309\n|switch|p1b: Arcanine|Arcanine-Hisui, L50, M|100\/100\n|-ability|p1b: Arcanine|Intimidate|boost\n|-unboost|p2a: Rillaboom|atk|1\n|-unboost|p2b: Farigiraf|atk|1\n|move|p2a: Rillaboom|Fake Out|p1b: Arcanine\n|-resisted|p1b: Arcanine\n|-damage|p1b: Arcanine|95\/100\n|move|p1a: Tornadus|Bleakwind Storm|p2a: Rillaboom|[spread] p2a,p2b\n|-supereffective|p2a: Rillaboom\n|-damage|p2a: Rillaboom|39\/100\n|-damage|p2b: Farigiraf|66\/100\n|-unboost|p2a: Rillaboom|spe|1\n|move|p2b: Farigiraf|Trick Room|p2b: Farigiraf\n|-fieldstart|move: Trick Room|[of] p2b: Farigiraf\n|\n|-heal|p2a: Rillaboom|44\/100|[from] Grassy Terrain\n|-heal|p2b: Farigiraf|72\/100|[from] Grassy Terrain\n|-heal|p1b: Arcanine|100\/100|[from] Grassy Terrain\n|upkeep\n|turn|2\n|\n|t:|1700600332\n|switch|p1b: Iron Hands|Iron Hands, L50|100\/100\n|move|p2a: Rillaboom|Wood Hammer|p1b: Iron Hands\n|-damage|p1b: Iron Hands|59\/100\n|-damage|p2a: Rillaboom|29\/100|[from] Recoil\n|move|p2b: Farigiraf|Psyshock|p1b: Iron Hands\n|-supereffective|p1b: Iron Hands\n|-damage|p1b: Iron Hands|12\/100\n|move|p1a: Tornadus|Bleakwind Storm|p2b: Farigiraf|[spread] p2a,p2b\n|-supereffective|p2a: Rillaboom\n|-damage|p2a: Rillaboom|0 fnt\n|-damage|p2b: Farigiraf|41\/100\n|-enditem|p2b: Farigiraf|Sitrus Berry|[eat]\n|-heal|p2b: Farigiraf|66\/100|[from] item: Sitrus Berry\n|faint|p2a: Rillaboom\n|\n|-heal|p1b: Iron Hands|18\/100|[from] Grassy Terrain\n|-heal|p2b: Farigiraf|72\/100|[from] Grassy Terrain\n|upkeep\n|\n|t:|1700600352\n|switch|p2a: Dragonite|Dragonite, L50, M|100\/100\n|turn|3\n|\n|t:|1700600371\n|move|p1b: Iron Hands|Drain Punch|p2a: Dragonite\n|-resisted|p2a: Dragonite\n|-damage|p2a: Dragonite|79\/100\n|-heal|p1b: Iron Hands|26\/100|[from] drain|[of] p2a: Dragonite\n|move|p2b: Farigiraf|Dazzling Gleam|p1a: Tornadus|[spread] p1a,p1b\n|-supereffective|p1b: Iron Hands\n|-damage|p1a: Tornadus|82\/100\n|-damage|p1b: Iron Hands|8\/100\n|move|p2a: Dragonite|Outrage|p1b: Iron Hands\n|-damage|p1b: Iron Hands|0 fnt\n|faint|p1b: Iron Hands\n|-end|p1b: Iron Hands|Quark Drive|[silent]\n|move|p1a: Tornadus|Bleakwind Storm|p2b: Farigiraf|[spread] p2a,p2b\n|-crit|p2a: Dragonite\n|-damage|p2a: Dragonite|27\/100\n|-damage|p2b: Farigiraf|39\/100\n|\n|-heal|p2b: Farigiraf|45\/100|[from] Grassy Terrain\n|upkeep\n|\n|t:|1700600386\n|switch|p1b: Arcanine|Arcanine-Hisui, L50, M|100\/100\n|-ability|p1b: Arcanine|Intimidate|boost\n|-fail|p2a: Dragonite|unboost|Attack|[from] ability: Inner Focus|[of] p2a: Dragonite\n|-unboost|p2b: Farigiraf|atk|1\n|turn|4\n|\n|t:|1700600402\n|-terastallize|p1b: Arcanine|Fairy\n|move|p2b: Farigiraf|Psyshock|p1a: Tornadus\n|-damage|p1a: Tornadus|41\/100\n|move|p2a: Dragonite|Outrage|p1b: Arcanine|[from]lockedmove\n|-immune|p1b: Arcanine\n|move|p1b: Arcanine|Rock Slide|p2b: Farigiraf|[spread] p2a,p2b\n|-supereffective|p2a: Dragonite\n|-damage|p2a: Dragonite|0 fnt\n|-damage|p2b: Farigiraf|5\/100\n|faint|p2a: Dragonite\n|move|p1a: Tornadus|Bleakwind Storm|p2b: Farigiraf\n|-damage|p2b: Farigiraf|0 fnt\n|faint|p2b: Farigiraf\n|\n|upkeep\n|inactive|Battle timer is ON: inactive players will automatically lose when time's up. (requested by oRinNeGa7V1)\n|\n|t:|1700600420\n|switch|p2a: Heatran|Heatran, L50, F|100\/100\n|turn|5\n|\n|t:|1700600425\n|switch|p1b: Urshifu|Urshifu-Rapid-Strike, L50, M|100\/100\n|move|p1a: Tornadus|Rain Dance|p1a: Tornadus\n|-weather|RainDance\n|move|p2a: Heatran|Flash Cannon|p1b: Urshifu\n|-resisted|p1b: Urshifu\n|-damage|p1b: Urshifu|67\/100\n|\n|-weather|RainDance|[upkeep]\n|-heal|p1b: Urshifu|73\/100|[from] Grassy Terrain\n|-fieldend|move: Trick Room\n|-fieldend|move: Grassy Terrain\n|upkeep\n|turn|6\n|\n|t:|1700600437\n|-terastallize|p2a: Heatran|Fairy\n|move|p1b: Urshifu|Surging Strikes|p2a: Heatran\n|-crit|p2a: Heatran\n|-damage|p2a: Heatran|72\/100\n|-crit|p2a: Heatran\n|-damage|p2a: Heatran|44\/100\n|-crit|p2a: Heatran\n|-damage|p2a: Heatran|16\/100\n|-hitcount|p2a: Heatran|3\n|move|p1a: Tornadus|Bleakwind Storm|p2a: Heatran\n|-damage|p2a: Heatran|0 fnt\n|faint|p2a: Heatran\n|\n|win|oRinNeGa7V1\n|raw|oRinNeGa7V1's rating: 1401 &rarr; <strong>1424<\/strong><br \/>(+23 for winning)\n|raw|bwan's rating: 1459 &rarr; <strong>1436<\/strong><br \/>(-23 for losing)\n|l|\u2606bwan\n","uploadtime":1700600449,"views":6,"p1id":"orinnega7v1","p2id":"bwan","formatid":"gen9vgc2023regulatione","rating":1424,"private":0,"password":""}