{"id":"gen9vgc2023regulatione-1988624636","p1":"piedi nei piedi","p2":"It'sJustKen VGC","format":"[Gen 9] VGC 2023 Regulation E","log":"|j|\u2606piedi nei piedi\n|j|\u2606It'sJustKen VGC\n|t:|1699743283\n|gametype|doubles\n|player|p1|piedi nei piedi|beni-ninja|1322\n|player|p2|It'sJustKen VGC|turo|1306\n|teamsize|p1|6\n|teamsize|p2|6\n|gen|9\n|tier|[Gen 9] VGC 2023 Regulation E\n|rated|\n|rule|Species Clause: Limit one of each Pok\u00e9mon\n|rule|Item Clause: Limit one of each item\n|clearpoke\n|poke|p1|Mamoswine, L50, M|\n|poke|p1|Ninetales-Alola, L50, F|\n|poke|p1|Gholdengo, L50|\n|poke|p1|Arcanine-Hisui, L50, M|\n|poke|p1|Iron Hands, L50|\n|poke|p1|Rillaboom, L50, M|\n|poke|p2|Ting-Lu, L50|\n|poke|p2|Palafin, L50, M|\n|poke|p2|Pelipper, L50, F|\n|poke|p2|Iron Bundle, L50|\n|poke|p2|Ogerpon-Hearthflame, L50, F|\n|poke|p2|Dragonite, L50, M|\n|teampreview|4\n|inactive|Battle timer is ON: inactive players will automatically lose when time's up. (requested by It'sJustKen VGC)\n|c|\u2606It'sJustKen VGC|glhf\n|c|\u2606piedi nei piedi|u2\n|inactive|piedi nei piedi has 60 seconds left.\n|\n|t:|1699743317\n|start\n|switch|p1a: Rillaboom|Rillaboom, L50, M|100\/100\n|switch|p1b: Iron Hands|Iron Hands, L50|100\/100\n|switch|p2a: Palafin|Palafin, L50, M|100\/100\n|switch|p2b: Ting-Lu|Ting-Lu, L50|100\/100\n|-fieldstart|move: Grassy Terrain|[from] ability: Grassy Surge|[of] p1a: Rillaboom\n|-ability|p2b: Ting-Lu|Vessel of Ruin\n|turn|1\n|inactive|It'sJustKen VGC has 30 seconds left.\n|\n|t:|1699743352\n|detailschange|p2a: Palafin|Palafin-Hero, L50, M\n|switch|p2a: Pelipper|Pelipper, L50, F|100\/100\n|-weather|RainDance|[from] ability: Drizzle|[of] p2a: Pelipper\n|move|p1a: Rillaboom|Fake Out|p2b: Ting-Lu\n|-damage|p2b: Ting-Lu|91\/100\n|move|p1b: Iron Hands|Wild Charge|p2a: Pelipper\n|-supereffective|p2a: Pelipper\n|-damage|p2a: Pelipper|0 fnt\n|-damage|p1b: Iron Hands|84\/100|[from] item: Rocky Helmet|[of] p2a: Pelipper\n|faint|p2a: Pelipper\n|-damage|p1b: Iron Hands|69\/100|[from] Recoil\n|cant|p2b: Ting-Lu|flinch\n|\n|-weather|RainDance|[upkeep]\n|-heal|p1b: Iron Hands|75\/100|[from] Grassy Terrain\n|-heal|p2b: Ting-Lu|97\/100|[from] Grassy Terrain\n|upkeep\n|\n|t:|1699743358\n|switch|p2a: Iron Bundle|Iron Bundle, L50|100\/100\n|-enditem|p2a: Iron Bundle|Booster Energy\n|-activate|p2a: Iron Bundle|ability: Quark Drive|[fromitem]\n|-start|p2a: Iron Bundle|quarkdrivespe\n|turn|2\n|\n|t:|1699743369\n|switch|p2b: Palafin|Palafin-Hero, L50, M|100\/100\n|-activate|p2b: Palafin|ability: Zero to Hero\n|-terastallize|p2a: Iron Bundle|Ice\n|move|p1a: Rillaboom|Grassy Glide|p2a: Iron Bundle\n|-damage|p2a: Iron Bundle|48\/100\n|move|p2a: Iron Bundle|Freeze-Dry|p1a: Rillaboom\n|-supereffective|p1a: Rillaboom\n|-damage|p1a: Rillaboom|3\/100\n|move|p1b: Iron Hands|Drain Punch|p2b: Palafin\n|-damage|p2b: Palafin|62\/100\n|-heal|p1b: Iron Hands|91\/100|[from] drain|[of] p2b: Palafin\n|\n|-weather|RainDance|[upkeep]\n|-heal|p2a: Iron Bundle|54\/100|[from] Grassy Terrain\n|-heal|p2b: Palafin|68\/100|[from] Grassy Terrain\n|-heal|p1a: Rillaboom|9\/100|[from] Grassy Terrain\n|-heal|p1b: Iron Hands|97\/100|[from] Grassy Terrain\n|upkeep\n|turn|3\n|\n|t:|1699743389\n|switch|p2b: Ting-Lu|Ting-Lu, L50|97\/100\n|-ability|p2b: Ting-Lu|Vessel of Ruin\n|switch|p1a: Ninetales|Ninetales-Alola, L50, F|100\/100\n|-weather|Snow|[from] ability: Snow Warning|[of] p1a: Ninetales\n|move|p2a: Iron Bundle|Protect|p2a: Iron Bundle\n|-singleturn|p2a: Iron Bundle|Protect\n|move|p1b: Iron Hands|Drain Punch|p2a: Iron Bundle\n|-activate|p2a: Iron Bundle|move: Protect\n|\n|-weather|Snow|[upkeep]\n|-heal|p2a: Iron Bundle|60\/100|[from] Grassy Terrain\n|-heal|p1b: Iron Hands|100\/100|[from] Grassy Terrain\n|-heal|p2b: Ting-Lu|100\/100|[from] Grassy Terrain\n|upkeep\n|turn|4\n|\n|t:|1699743414\n|-end|p2a: Iron Bundle|Quark Drive|[silent]\n|switch|p2a: Palafin|Palafin-Hero, L50, M|68\/100\n|move|p1a: Ninetales|Aurora Veil|p1a: Ninetales\n|-sidestart|p1: piedi nei piedi|move: Aurora Veil\n|move|p1b: Iron Hands|Drain Punch|p2b: Ting-Lu\n|-supereffective|p2b: Ting-Lu\n|-damage|p2b: Ting-Lu|50\/100\n|move|p2b: Ting-Lu|Heavy Slam|p1a: Ninetales\n|-supereffective|p1a: Ninetales\n|-damage|p1a: Ninetales|35\/100\n|\n|-weather|Snow|[upkeep]\n|-heal|p2a: Palafin|74\/100|[from] Grassy Terrain\n|-heal|p1a: Ninetales|41\/100|[from] Grassy Terrain\n|-heal|p2b: Ting-Lu|56\/100|[from] Grassy Terrain\n|upkeep\n|turn|5\n|inactive|It'sJustKen VGC has 30 seconds left.\n|\n|t:|1699743442\n|move|p2a: Palafin|Wave Crash|p1a: Ninetales\n|-crit|p1a: Ninetales\n|-damage|p1a: Ninetales|0 fnt\n|faint|p1a: Ninetales\n|-damage|p2a: Palafin|61\/100|[from] Recoil\n|move|p1b: Iron Hands|Wild Charge|p2a: Palafin\n|-supereffective|p2a: Palafin\n|-damage|p2a: Palafin|0 fnt\n|faint|p2a: Palafin\n|-damage|p1b: Iron Hands|88\/100|[from] Recoil\n|move|p2b: Ting-Lu|Ruination|p1b: Iron Hands\n|-damage|p1b: Iron Hands|44\/100\n|\n|-weather|Snow|[upkeep]\n|-heal|p1b: Iron Hands|50\/100|[from] Grassy Terrain\n|-heal|p2b: Ting-Lu|62\/100|[from] Grassy Terrain\n|-fieldend|move: Grassy Terrain\n|upkeep\n|\n|t:|1699743449\n|switch|p2a: Iron Bundle|Iron Bundle, L50, tera:Ice|60\/100\n|switch|p1a: Gholdengo|Gholdengo, L50|100\/100\n|turn|6\n|inactive|It'sJustKen VGC has 30 seconds left.\n|inactive|It'sJustKen VGC has 20 seconds left.\n|inactive|It'sJustKen VGC has 15 seconds left.\n|inactive|It'sJustKen VGC has 10 seconds left.\n|inactive|It'sJustKen VGC has 5 seconds left.\n|\n|t:|1699743502\n|move|p2a: Iron Bundle|Icy Wind|p1b: Iron Hands|[spread] p1a,p1b\n|-resisted|p1a: Gholdengo\n|-damage|p1a: Gholdengo|93\/100\n|-damage|p1b: Iron Hands|42\/100\n|-unboost|p1a: Gholdengo|spe|1\n|-unboost|p1b: Iron Hands|spe|1\n|move|p1a: Gholdengo|Make It Rain|p2a: Iron Bundle|[spread] p2a,p2b\n|-supereffective|p2a: Iron Bundle\n|-damage|p2a: Iron Bundle|0 fnt\n|-damage|p2b: Ting-Lu|43\/100\n|-unboost|p1a: Gholdengo|spa|1\n|faint|p2a: Iron Bundle\n|-end|p2a: Iron Bundle|Quark Drive|[silent]\n|move|p2b: Ting-Lu|Earthquake|p1b: Iron Hands|[spread] p1a,p1b\n|-supereffective|p1a: Gholdengo\n|-supereffective|p1b: Iron Hands\n|-damage|p1a: Gholdengo|42\/100\n|-damage|p1b: Iron Hands|11\/100\n|move|p1b: Iron Hands|Drain Punch|p2b: Ting-Lu\n|-supereffective|p2b: Ting-Lu\n|-damage|p2b: Ting-Lu|0 fnt\n|-heal|p1b: Iron Hands|33\/100|[from] drain|[of] p2b: Ting-Lu\n|faint|p2b: Ting-Lu\n|\n|win|piedi nei piedi\n|raw|piedi nei piedi's rating: 1322 &rarr; <strong>1341<\/strong><br \/>(+19 for winning)\n|raw|It&apos;sJustKen VGC's rating: 1306 &rarr; <strong>1287<\/strong><br \/>(-19 for losing)\n|c|\u2606It'sJustKen VGC|gg wp\n","uploadtime":1699743517,"views":11,"p1id":"piedineipiedi","p2id":"itsjustkenvgc","formatid":"gen9vgc2023regulatione","rating":1287,"private":0,"password":""}