{"id":"gen9vgc2023regulatione-1999306340","p1":"Conchoboar3","p2":"zekiewon","format":"[Gen 9] VGC 2023 Regulation E","log":"|j|\u2606Conchoboar3\n|j|\u2606zekiewon\n|t:|1701057834\n|gametype|doubles\n|player|p1|Conchoboar3|266|1291\n|player|p2|zekiewon|1|1366\n|teamsize|p1|6\n|teamsize|p2|6\n|gen|9\n|tier|[Gen 9] VGC 2023 Regulation E\n|rated|\n|rule|Species Clause: Limit one of each Pok\u00e9mon\n|rule|Item Clause: Limit one of each item\n|clearpoke\n|poke|p1|Mamoswine, L50, M|\n|poke|p1|Iron Hands, L50|\n|poke|p1|Grimmsnarl, L50, M|\n|poke|p1|Heatran, L50, F|\n|poke|p1|Sinistcha, L50|\n|poke|p1|Urshifu-*, L50, F|\n|poke|p2|Flutter Mane, L50|\n|poke|p2|Urshifu-*, L50, M|\n|poke|p2|Chien-Pao, L50|\n|poke|p2|Iron Hands, L50|\n|poke|p2|Cresselia, L50, F|\n|poke|p2|Landorus-Therian, L50, M|\n|teampreview|4\n|inactive|Battle timer is ON: inactive players will automatically lose when time's up. (requested by Conchoboar3)\n|\n|t:|1701057936\n|start\n|switch|p1a: Grimmsnarl|Grimmsnarl, L50, M|100\/100\n|switch|p1b: Iron Hands|Iron Hands, L50|100\/100\n|switch|p2a: Landorus|Landorus-Therian, L50, M|100\/100\n|switch|p2b: Flutter Mane|Flutter Mane, L50|100\/100\n|-ability|p2a: Landorus|Intimidate|boost\n|-unboost|p1a: Grimmsnarl|atk|1\n|-unboost|p1b: Iron Hands|atk|1\n|turn|1\n|inactive|zekiewon has 30 seconds left.\n|\n|t:|1701057967\n|move|p1a: Grimmsnarl|Light Screen|p1a: Grimmsnarl\n|-sidestart|p1: Conchoboar3|move: Light Screen\n|move|p2b: Flutter Mane|Dazzling Gleam|p1b: Iron Hands|[spread] p1a,p1b\n|-supereffective|p1a: Grimmsnarl\n|-supereffective|p1b: Iron Hands\n|-damage|p1a: Grimmsnarl|38\/100\n|-damage|p1b: Iron Hands|70\/100\n|-damage|p2b: Flutter Mane|90\/100|[from] item: Life Orb\n|move|p2a: Landorus|Taunt|p1a: Grimmsnarl\n|-start|p1a: Grimmsnarl|move: Taunt\n|move|p1b: Iron Hands|Heavy Slam|p2b: Flutter Mane\n|-supereffective|p2b: Flutter Mane\n|-damage|p2b: Flutter Mane|0 fnt\n|faint|p2b: Flutter Mane\n|-end|p2b: Flutter Mane|Protosynthesis|[silent]\n|\n|upkeep\n|\n|t:|1701057990\n|switch|p2b: Urshifu|Urshifu-Rapid-Strike, L50, M|100\/100\n|turn|2\n|\n|t:|1701058006\n|-terastallize|p2a: Landorus|Flying\n|move|p2b: Urshifu|Surging Strikes|p1b: Iron Hands\n|-crit|p1b: Iron Hands\n|-damage|p1b: Iron Hands|56\/100\n|-crit|p1b: Iron Hands\n|-damage|p1b: Iron Hands|38\/100\n|-crit|p1b: Iron Hands\n|-damage|p1b: Iron Hands|21\/100\n|-hitcount|p1b: Iron Hands|3\n|move|p2a: Landorus|Bulldoze|p1b: Iron Hands|[spread] p2b,p1a,p1b\n|-supereffective|p1b: Iron Hands\n|-damage|p2b: Urshifu|76\/100\n|-damage|p1a: Grimmsnarl|16\/100\n|-damage|p1b: Iron Hands|0 fnt\n|-unboost|p2b: Urshifu|spe|1\n|-unboost|p1a: Grimmsnarl|spe|1\n|faint|p1b: Iron Hands\n|-end|p1b: Iron Hands|Quark Drive|[silent]\n|move|p1a: Grimmsnarl|Spirit Break|p2b: Urshifu\n|-supereffective|p2b: Urshifu\n|-damage|p2b: Urshifu|35\/100\n|-unboost|p2b: Urshifu|spa|1\n|\n|upkeep\n|\n|t:|1701058013\n|switch|p1b: Mamoswine|Mamoswine, L50, M|100\/100\n|turn|3\n|\n|t:|1701058031\n|switch|p2a: Iron Hands|Iron Hands, L50|100\/100\n|-terastallize|p1b: Mamoswine|Dragon\n|move|p1b: Mamoswine|Ice Shard|p2a: Iron Hands\n|-damage|p2a: Iron Hands|80\/100\n|move|p2b: Urshifu|U-turn|p1a: Grimmsnarl\n|-damage|p1a: Grimmsnarl|0 fnt\n|faint|p1a: Grimmsnarl\n|\n|t:|1701058041\n|switch|p2b: Landorus|Landorus-Therian, L50, M, tera:Flying|100\/100|[from] U-turn\n|-ability|p2b: Landorus|Intimidate|boost\n|-fail|p1b: Mamoswine|unboost|Attack|[from] ability: Oblivious|[of] p1b: Mamoswine\n|\n|upkeep\n|\n|t:|1701058043\n|switch|p1a: Urshifu|Urshifu-Rapid-Strike, L50, F|100\/100\n|turn|4\n|inactive|zekiewon has 30 seconds left.\n|inactive|zekiewon has 20 seconds left.\n|inactive|zekiewon has 15 seconds left.\n|\n|t:|1701058084\n|move|p1b: Mamoswine|Protect|p1b: Mamoswine\n|-singleturn|p1b: Mamoswine|Protect\n|move|p2a: Iron Hands|Fake Out|p1b: Mamoswine\n|-activate|p1b: Mamoswine|move: Protect\n|move|p1a: Urshifu|Surging Strikes|p2b: Landorus\n|-crit|p2b: Landorus\n|-damage|p2b: Landorus|79\/100\n|-crit|p2b: Landorus\n|-damage|p2b: Landorus|58\/100\n|-crit|p2b: Landorus\n|-damage|p2b: Landorus|36\/100\n|-hitcount|p2b: Landorus|3\n|move|p2b: Landorus|Tera Blast|p1b: Mamoswine|[anim] Tera Blast Flying\n|-activate|p1b: Mamoswine|move: Protect\n|\n|upkeep\n|turn|5\n|inactive|zekiewon has 30 seconds left.\n|\n|t:|1701058111\n|switch|p2b: Urshifu|Urshifu-Rapid-Strike, L50, M|35\/100\n|move|p1a: Urshifu|Surging Strikes|p2b: Urshifu\n|-resisted|p2b: Urshifu\n|-crit|p2b: Urshifu\n|-damage|p2b: Urshifu|25\/100\n|-resisted|p2b: Urshifu\n|-crit|p2b: Urshifu\n|-damage|p2b: Urshifu|16\/100\n|-resisted|p2b: Urshifu\n|-crit|p2b: Urshifu\n|-damage|p2b: Urshifu|7\/100\n|-hitcount|p2b: Urshifu|3\n|move|p1b: Mamoswine|High Horsepower|p2a: Iron Hands\n|-supereffective|p2a: Iron Hands\n|-damage|p2a: Iron Hands|2\/100\n|-enditem|p2a: Iron Hands|Weakness Policy\n|-boost|p2a: Iron Hands|atk|2|[from] item: Weakness Policy\n|-boost|p2a: Iron Hands|spa|2|[from] item: Weakness Policy\n|move|p2a: Iron Hands|Wild Charge|p1a: Urshifu\n|-supereffective|p1a: Urshifu\n|-damage|p1a: Urshifu|0 fnt\n|faint|p1a: Urshifu\n|-damage|p2a: Iron Hands|0 fnt|[from] Recoil\n|faint|p2a: Iron Hands\n|-end|p2a: Iron Hands|Quark Drive|[silent]\n|\n|upkeep\n|\n|t:|1701058133\n|switch|p2a: Landorus|Landorus-Therian, L50, M, tera:Flying|36\/100\n|-ability|p2a: Landorus|Intimidate|boost\n|-fail|p1b: Mamoswine|unboost|Attack|[from] ability: Oblivious|[of] p1b: Mamoswine\n|turn|6\n|\n|t:|1701058152\n|move|p1b: Mamoswine|Ice Shard|p2b: Urshifu\n|-resisted|p2b: Urshifu\n|-damage|p2b: Urshifu|0 fnt\n|faint|p2b: Urshifu\n|move|p2a: Landorus|Tera Blast|p1b: Mamoswine|[anim] Tera Blast Flying\n|-damage|p1b: Mamoswine|32\/100\n|\n|upkeep\n|turn|7\n|\n|t:|1701058162\n|move|p1b: Mamoswine|Ice Shard|p2a: Landorus\n|-supereffective|p2a: Landorus\n|-damage|p2a: Landorus|0 fnt\n|faint|p2a: Landorus\n|\n|win|Conchoboar3\n|raw|Conchoboar3's rating: 1291 &rarr; <strong>1321<\/strong><br \/>(+30 for winning)\n|raw|zekiewon's rating: 1366 &rarr; <strong>1342<\/strong><br \/>(-24 for losing)\n","uploadtime":1701058166,"views":1,"p1id":"conchoboar3","p2id":"zekiewon","formatid":"gen9vgc2023regulatione","rating":1321,"private":0,"password":""}