{"id":"gen9vgc2023regulatione-1989168166","p1":"umbreonclan20","p2":"takua1495","format":"[Gen 9] VGC 2023 Regulation E","log":"|j|\u2606umbreonclan20\n|j|\u2606takua1495\n|t:|1699819427\n|gametype|doubles\n|player|p1|umbreonclan20|clair|1272\n|player|p2|takua1495|benga|1179\n|teamsize|p1|6\n|teamsize|p2|6\n|gen|9\n|tier|[Gen 9] VGC 2023 Regulation E\n|rated|\n|rule|Species Clause: Limit one of each Pok\u00e9mon\n|rule|Item Clause: Limit one of each item\n|clearpoke\n|poke|p1|Landorus-Therian, L50, M|\n|poke|p1|Flutter Mane, L50|\n|poke|p1|Weezing, L50, M|\n|poke|p1|Roaring Moon, L50|\n|poke|p1|Ogerpon-Wellspring, L50, F|\n|poke|p1|Iron Hands, L50|\n|poke|p2|Chandelure, L50, F|\n|poke|p2|Clefairy, L50, F|\n|poke|p2|Rillaboom, L50, M|\n|poke|p2|Ogerpon-Wellspring, L50, F|\n|poke|p2|Landorus-Therian, L50, M|\n|poke|p2|Empoleon, L50, M|\n|teampreview|4\numbreonclan20 has agreed to open team sheets.\ntakua1495 has agreed to open team sheets.\n|c|\u2606takua1495|glhf\n|inactive|Battle timer is ON: inactive players will automatically lose when time's up. (requested by umbreonclan20)\n|\n|t:|1699819522\n|start\n|switch|p1a: Weezing|Weezing, L50, M|100\/100\n|switch|p1b: Roaring Moon|Roaring Moon, L50|100\/100\n|switch|p2a: Rillaboom|Rillaboom, L50, M|100\/100\n|switch|p2b: Landorus|Landorus-Therian, L50, M|100\/100\n|-ability|p1a: Weezing|Neutralizing Gas\n|-enditem|p1b: Roaring Moon|Booster Energy\n|-activate|p1b: Roaring Moon|ability: Protosynthesis|[fromitem]\n|-start|p1b: Roaring Moon|protosynthesisspe\n|turn|1\n|\n|t:|1699819540\n|move|p1b: Roaring Moon|Protect|p1b: Roaring Moon\n|-singleturn|p1b: Roaring Moon|Protect\n|move|p1a: Weezing|Protect|p1a: Weezing\n|-singleturn|p1a: Weezing|Protect\n|move|p2a: Rillaboom|Fake Out|p1b: Roaring Moon\n|-activate|p1b: Roaring Moon|move: Protect\n|move|p2b: Landorus|Rock Slide|p1b: Roaring Moon|[spread] \n|-activate|p1a: Weezing|move: Protect\n|-activate|p1b: Roaring Moon|move: Protect\n|\n|upkeep\n|turn|2\n|\n|t:|1699819559\n|switch|p2a: Empoleon|Empoleon, L50, M|100\/100\n|move|p1b: Roaring Moon|Tailwind|p1b: Roaring Moon\n|-sidestart|p1: umbreonclan20|move: Tailwind\n|move|p2b: Landorus|Rock Slide|p1a: Weezing|[spread] p1a,p1b\n|-damage|p1a: Weezing|83\/100\n|-damage|p1b: Roaring Moon|76\/100\n|move|p1a: Weezing|Will-O-Wisp|p2a: Empoleon\n|-status|p2a: Empoleon|brn\n|\n|-damage|p2a: Empoleon|95\/100 brn|[from] brn\n|upkeep\n|turn|3\n|inactive|takua1495 has 30 seconds left.\n|\n|t:|1699819593\n|move|p1b: Roaring Moon|Protect|p1b: Roaring Moon\n|-singleturn|p1b: Roaring Moon|Protect\n|move|p2b: Landorus|Rock Slide|p1a: Weezing|[spread] p1a\n|-activate|p1b: Roaring Moon|move: Protect\n|-damage|p1a: Weezing|68\/100\n|cant|p1a: Weezing|flinch\n|move|p2a: Empoleon|Flash Cannon|p1a: Weezing\n|-damage|p1a: Weezing|30\/100\n|-enditem|p1a: Weezing|Sitrus Berry|[eat]\n|-heal|p1a: Weezing|55\/100|[from] item: Sitrus Berry\n|\n|-heal|p2a: Empoleon|100\/100 brn|[from] item: Leftovers\n|-damage|p2a: Empoleon|95\/100 brn|[from] brn\n|upkeep\n|turn|4\n|inactive|umbreonclan20 has 30 seconds left.\n|\n|t:|1699819619\n|-terastallize|p1b: Roaring Moon|Flying\n|move|p1b: Roaring Moon|Knock Off|p2a: Empoleon\n|-damage|p2a: Empoleon|49\/100 brn\n|-enditem|p2a: Empoleon|Leftovers|[from] move: Knock Off|[of] p1b: Roaring Moon\n|move|p2b: Landorus|Rock Slide|p1b: Roaring Moon|[spread] p1a,p1b\n|-crit|p1a: Weezing\n|-supereffective|p1b: Roaring Moon\n|-damage|p1a: Weezing|28\/100\n|-damage|p1b: Roaring Moon|24\/100\n|move|p1a: Weezing|Will-O-Wisp|p2b: Landorus|[miss]\n|-miss|p1a: Weezing|p2b: Landorus\n|move|p2a: Empoleon|Ice Beam|p1b: Roaring Moon\n|-supereffective|p1b: Roaring Moon\n|-damage|p1b: Roaring Moon|0 fnt\n|faint|p1b: Roaring Moon\n|-end|p1b: Roaring Moon|Protosynthesis|[silent]\n|\n|-damage|p2a: Empoleon|43\/100 brn|[from] brn\n|upkeep\n|\n|t:|1699819635\n|switch|p1b: Iron Hands|Iron Hands, L50|100\/100\n|turn|5\n|\n|t:|1699819645\n|move|p2a: Empoleon|Protect|p2a: Empoleon\n|-singleturn|p2a: Empoleon|Protect\n|move|p2b: Landorus|Rock Slide|p1a: Weezing|[spread] p1a,p1b\n|-resisted|p1b: Iron Hands\n|-damage|p1a: Weezing|13\/100\n|-damage|p1b: Iron Hands|94\/100\n|move|p1b: Iron Hands|Drain Punch|p2a: Empoleon\n|-activate|p2a: Empoleon|move: Protect\n|move|p1a: Weezing|Will-O-Wisp|p2b: Landorus\n|-status|p2b: Landorus|brn\n|\n|-damage|p2b: Landorus|94\/100 brn|[from] brn\n|-damage|p2a: Empoleon|37\/100 brn|[from] brn\n|-sideend|p1: umbreonclan20|move: Tailwind\n|upkeep\n|turn|6\n|\n|t:|1699819668\n|-end|p1a: Weezing|ability: Neutralizing Gas\n|-ability|p2b: Landorus|Intimidate|boost\n|-unboost|p1a: Weezing|atk|1\n|-unboost|p1b: Iron Hands|atk|1\n|switch|p1a: Landorus|Landorus-Therian, L50, M|100\/100\n|-ability|p1a: Landorus|Intimidate|boost\n|-unboost|p2a: Empoleon|atk|1\n|-ability|p2a: Empoleon|Competitive|boost\n|-boost|p2a: Empoleon|spa|2\n|-unboost|p2b: Landorus|atk|1\n|switch|p2a: Rillaboom|Rillaboom, L50, M|100\/100\n|-fieldstart|move: Grassy Terrain|[from] ability: Grassy Surge|[of] p2a: Rillaboom\n|move|p2b: Landorus|Rock Slide|p1a: Landorus|[spread] p1a,p1b\n|-resisted|p1b: Iron Hands\n|-damage|p1a: Landorus|91\/100\n|-damage|p1b: Iron Hands|91\/100\n|move|p1b: Iron Hands|Drain Punch|p2a: Rillaboom\n|-damage|p2a: Rillaboom|75\/100\n|-heal|p1b: Iron Hands|100\/100|[from] drain|[of] p2a: Rillaboom\n|\n|-heal|p2a: Rillaboom|81\/100|[from] Grassy Terrain\n|-damage|p2b: Landorus|88\/100 brn|[from] brn\n|upkeep\n|turn|7\n|inactive|umbreonclan20 has 30 seconds left.\n|inactive|takua1495 has 30 seconds left.\n|inactive|umbreonclan20 has 20 seconds left.\n|\n|t:|1699819708\n|switch|p2b: Empoleon|Empoleon, L50, M|37\/100 brn\n|move|p2a: Rillaboom|Fake Out|p1a: Landorus\n|-damage|p1a: Landorus|72\/100\n|cant|p1a: Landorus|flinch\n|move|p1b: Iron Hands|Drain Punch|p2a: Rillaboom\n|-damage|p2a: Rillaboom|53\/100\n|\n|-heal|p2a: Rillaboom|59\/100|[from] Grassy Terrain\n|-heal|p2b: Empoleon|43\/100 brn|[from] Grassy Terrain\n|-damage|p2b: Empoleon|37\/100 brn|[from] brn\n|upkeep\n|turn|8\n|\n|t:|1699819729\n|move|p2a: Rillaboom|Grassy Glide|p1a: Landorus\n|-damage|p1a: Landorus|19\/100\n|move|p1a: Landorus|Stomping Tantrum|p2b: Empoleon\n|-supereffective|p2b: Empoleon\n|-damage|p2b: Empoleon|0 fnt\n|faint|p2b: Empoleon\n|move|p1b: Iron Hands|Drain Punch|p2a: Rillaboom\n|-damage|p2a: Rillaboom|32\/100\n|\n|-heal|p2a: Rillaboom|38\/100|[from] Grassy Terrain\n|upkeep\n|\n|t:|1699819740\n|switch|p2b: Landorus|Landorus-Therian, L50, M|88\/100 brn\n|-ability|p2b: Landorus|Intimidate|boost\n|-unboost|p1a: Landorus|atk|1\n|-unboost|p1b: Iron Hands|atk|1\n|turn|9\n|\n|t:|1699819754\n|-end|p1b: Iron Hands|Quark Drive|[silent]\n|switch|p1b: Weezing|Weezing, L50, M|13\/100\n|-ability|p1b: Weezing|Neutralizing Gas\n|move|p2a: Rillaboom|Protect|p2a: Rillaboom\n|-singleturn|p2a: Rillaboom|Protect\n|move|p1a: Landorus|Stomping Tantrum|p2a: Rillaboom\n|-activate|p2a: Rillaboom|move: Protect\n|move|p2b: Landorus|Rock Slide|p1a: Landorus|[spread] p1a,p1b\n|-damage|p1a: Landorus|5\/100\n|-damage|p1b: Weezing|5\/100\n|\n|-heal|p2a: Rillaboom|44\/100|[from] Grassy Terrain\n|-heal|p1b: Weezing|11\/100|[from] Grassy Terrain\n|-damage|p2b: Landorus|82\/100 brn|[from] brn\n|upkeep\n|turn|10\n|\n|t:|1699819778\n|switch|p1a: Iron Hands|Iron Hands, L50|100\/100\n|move|p1b: Weezing|Protect|p1b: Weezing\n|-singleturn|p1b: Weezing|Protect\n|move|p2a: Rillaboom|Grassy Glide|p1a: Iron Hands\n|-damage|p1a: Iron Hands|62\/100\n|move|p2b: Landorus|Rock Slide|p1a: Iron Hands|[spread] p1a\n|-activate|p1b: Weezing|move: Protect\n|-resisted|p1a: Iron Hands\n|-damage|p1a: Iron Hands|59\/100\n|\n|-heal|p2a: Rillaboom|50\/100|[from] Grassy Terrain\n|-heal|p1a: Iron Hands|65\/100|[from] Grassy Terrain\n|-heal|p1b: Weezing|17\/100|[from] Grassy Terrain\n|-damage|p2b: Landorus|76\/100 brn|[from] brn\n|-fieldend|move: Grassy Terrain\n|upkeep\n|turn|11\n|inactive|takua1495 has 30 seconds left.\n|\n|t:|1699819808\n|switch|p2b: Ogerpon|Ogerpon-Wellspring, L50, F|100\/100\n|-end|p1b: Weezing|ability: Neutralizing Gas\n|-fieldstart|move: Grassy Terrain|[from] ability: Grassy Surge|[of] p2a: Rillaboom\n|switch|p1b: Landorus|Landorus-Therian, L50, M|5\/100\n|-ability|p1b: Landorus|Intimidate|boost\n|-unboost|p2a: Rillaboom|atk|1\n|-unboost|p2b: Ogerpon|atk|1\n|move|p2a: Rillaboom|Protect|p2a: Rillaboom\n|-singleturn|p2a: Rillaboom|Protect\n|move|p1a: Iron Hands|Heavy Slam|p2b: Ogerpon\n|-resisted|p2b: Ogerpon\n|-damage|p2b: Ogerpon|79\/100\n|\n|-heal|p2b: Ogerpon|85\/100|[from] Grassy Terrain\n|-heal|p2a: Rillaboom|56\/100|[from] Grassy Terrain\n|-heal|p1a: Iron Hands|71\/100|[from] Grassy Terrain\n|upkeep\n|turn|12\n|inactive|takua1495 has 30 seconds left.\n|\n|t:|1699819835\n|move|p2b: Ogerpon|Spiky Shield|p2b: Ogerpon\n|-singleturn|p2b: Ogerpon|move: Protect\n|move|p2a: Rillaboom|Grassy Glide|p1b: Landorus\n|-damage|p1b: Landorus|0 fnt\n|faint|p1b: Landorus\n|move|p1a: Iron Hands|Drain Punch|p2a: Rillaboom\n|-damage|p2a: Rillaboom|16\/100\n|-heal|p1a: Iron Hands|89\/100|[from] drain|[of] p2a: Rillaboom\n|\n|-heal|p2b: Ogerpon|91\/100|[from] Grassy Terrain\n|-heal|p2a: Rillaboom|22\/100|[from] Grassy Terrain\n|-heal|p1a: Iron Hands|95\/100|[from] Grassy Terrain\n|upkeep\n|\n|t:|1699819844\n|switch|p1b: Weezing|Weezing, L50, M|17\/100\n|-ability|p1b: Weezing|Neutralizing Gas\n|turn|13\n|\n|t:|1699819869\n|switch|p2b: Landorus|Landorus-Therian, L50, M|76\/100 brn\n|move|p2a: Rillaboom|Protect|p2a: Rillaboom\n|-singleturn|p2a: Rillaboom|Protect\n|move|p1b: Weezing|Protect|p1b: Weezing\n|-singleturn|p1b: Weezing|Protect\n|move|p1a: Iron Hands|Drain Punch|p2b: Landorus\n|-resisted|p2b: Landorus\n|-damage|p2b: Landorus|51\/100 brn\n|-heal|p1a: Iron Hands|100\/100|[from] drain|[of] p2b: Landorus\n|\n|-heal|p2a: Rillaboom|28\/100|[from] Grassy Terrain\n|-heal|p1b: Weezing|23\/100|[from] Grassy Terrain\n|-damage|p2b: Landorus|45\/100 brn|[from] brn\n|upkeep\n|turn|14\n|inactive|umbreonclan20 has 30 seconds left.\n|\n|t:|1699819897\n|move|p1b: Weezing|Protect|p1b: Weezing\n|-singleturn|p1b: Weezing|Protect\n|move|p2a: Rillaboom|Grassy Glide|p1b: Weezing\n|-activate|p1b: Weezing|move: Protect\n|move|p2b: Landorus|Rock Slide|p1a: Iron Hands|[spread] p1a\n|-activate|p1b: Weezing|move: Protect\n|-resisted|p1a: Iron Hands\n|-damage|p1a: Iron Hands|97\/100\n|move|p1a: Iron Hands|Drain Punch|p2a: Rillaboom\n|-damage|p2a: Rillaboom|0 fnt\n|-heal|p1a: Iron Hands|100\/100|[from] drain|[of] p2a: Rillaboom\n|faint|p2a: Rillaboom\n|\n|-heal|p1b: Weezing|28\/100|[from] Grassy Terrain\n|-damage|p2b: Landorus|39\/100 brn|[from] brn\n|upkeep\n|\n|t:|1699819913\n|switch|p2a: Ogerpon|Ogerpon-Wellspring, L50, F|91\/100\n|turn|15\n|\n|t:|1699819930\n|move|p2a: Ogerpon|Follow Me|p2a: Ogerpon\n|-singleturn|p2a: Ogerpon|move: Follow Me\n|move|p2b: Landorus|Rock Slide|p1a: Iron Hands|[spread] p1a,p1b\n|-resisted|p1a: Iron Hands\n|-damage|p1a: Iron Hands|97\/100\n|-damage|p1b: Weezing|20\/100\n|move|p1a: Iron Hands|Heavy Slam|p2a: Ogerpon\n|-resisted|p2a: Ogerpon\n|-damage|p2a: Ogerpon|66\/100\n|cant|p1b: Weezing|flinch\n|\n|-heal|p2a: Ogerpon|72\/100|[from] Grassy Terrain\n|-heal|p1a: Iron Hands|100\/100|[from] Grassy Terrain\n|-heal|p1b: Weezing|25\/100|[from] Grassy Terrain\n|-damage|p2b: Landorus|33\/100 brn|[from] brn\n|-fieldend|move: Grassy Terrain\n|upkeep\n|turn|16\n|\n|t:|1699819949\n|move|p2a: Ogerpon|Spiky Shield|p2a: Ogerpon\n|-singleturn|p2a: Ogerpon|move: Protect\n|move|p1b: Weezing|Protect|p1b: Weezing\n|-singleturn|p1b: Weezing|Protect\n|move|p2b: Landorus|Rock Slide|p1a: Iron Hands|[spread] p1a\n|-activate|p1b: Weezing|move: Protect\n|-resisted|p1a: Iron Hands\n|-damage|p1a: Iron Hands|97\/100\n|cant|p1a: Iron Hands|flinch\n|\n|-damage|p2b: Landorus|27\/100 brn|[from] brn\n|upkeep\n|turn|17\n|\n|t:|1699819965\n|move|p2b: Landorus|Rock Slide|p1a: Iron Hands|[spread] p1a\n|-miss|p2b: Landorus|p1b: Weezing\n|-resisted|p1a: Iron Hands\n|-crit|p1a: Iron Hands\n|-damage|p1a: Iron Hands|90\/100\n|move|p2a: Ogerpon|Ivy Cudgel|p1b: Weezing\n|-damage|p1b: Weezing|0 fnt\n|faint|p1b: Weezing\n|-end|p1b: Weezing|ability: Neutralizing Gas\n|-ability|p2b: Landorus|Intimidate|boost\n|-unboost|p1a: Iron Hands|atk|1\n|move|p1a: Iron Hands|Drain Punch|p2b: Landorus\n|-resisted|p2b: Landorus\n|-damage|p2b: Landorus|10\/100 brn\n|-heal|p1a: Iron Hands|97\/100|[from] drain|[of] p2b: Landorus\n|\n|-damage|p2b: Landorus|4\/100 brn|[from] brn\n|upkeep\n|turn|18\n|\n|t:|1699819988\n|move|p2b: Landorus|Rock Slide|p1a: Iron Hands\n|-resisted|p1a: Iron Hands\n|-damage|p1a: Iron Hands|92\/100\n|move|p2a: Ogerpon|Ivy Cudgel|p1a: Iron Hands\n|-damage|p1a: Iron Hands|50\/100\n|move|p1a: Iron Hands|Drain Punch|p2b: Landorus\n|-resisted|p2b: Landorus\n|-damage|p2b: Landorus|0 fnt\n|-heal|p1a: Iron Hands|51\/100|[from] drain|[of] p2b: Landorus\n|faint|p2b: Landorus\n|\n|upkeep\n|turn|19\n|\n|t:|1699820000\n|move|p2a: Ogerpon|Spiky Shield|p2a: Ogerpon\n|-singleturn|p2a: Ogerpon|move: Protect\n|move|p1a: Iron Hands|Drain Punch|p2a: Ogerpon\n|-activate|p2a: Ogerpon|move: Protect\n|-damage|p1a: Iron Hands|39\/100|[from] Spiky Shield|[of] p2a: Ogerpon\n|\n|upkeep\n|turn|20\n|\n|t:|1699820011\n|move|p2a: Ogerpon|Ivy Cudgel|p1a: Iron Hands\n|-damage|p1a: Iron Hands|0 fnt\n|faint|p1a: Iron Hands\n|-end|p1a: Iron Hands|Quark Drive|[silent]\n|\n|win|takua1495\n|raw|umbreonclan20's rating: 1272 &rarr; <strong>1240<\/strong><br \/>(-32 for losing)\n|raw|takua1495's rating: 1179 &rarr; <strong>1211<\/strong><br \/>(+32 for winning)\n|c|\u2606umbreonclan20|you got so lucky\n|c|\u2606umbreonclan20|not even gg\n|l|\u2606umbreonclan20\n|c|\u2606takua1495|that was  ahard fought game dude\n|c|\u2606takua1495|I thought we had a good back and forth\n","uploadtime":1699820067,"views":12,"p1id":"umbreonclan20","p2id":"takua1495","formatid":"gen9vgc2023regulatione","rating":1211,"private":0,"password":""}