{"id":"gen9vgc2023regulatione-1996454391","p1":"wu1fan","p2":"Shojiron","format":"[Gen 9] VGC 2023 Regulation E","log":"|j|\u2606wu1fan\n|j|\u2606Shojiron\n|t:|1700683577\n|gametype|doubles\n|player|p1|wu1fan|102|1200\n|player|p2|Shojiron|steven|1100\n|teamsize|p1|6\n|teamsize|p2|6\n|gen|9\n|tier|[Gen 9] VGC 2023 Regulation E\n|rated|\n|rule|Species Clause: Limit one of each Pok\u00e9mon\n|rule|Item Clause: Limit one of each item\n|clearpoke\n|poke|p1|Arcanine-Hisui, L50, F|\n|poke|p1|Baxcalibur, L50, M|\n|poke|p1|Ninetales-Alola, L50, F|\n|poke|p1|Ogerpon-Wellspring, L50, F|\n|poke|p1|Iron Hands, L50|\n|poke|p1|Flutter Mane, L50|\n|poke|p2|Great Tusk, L50|\n|poke|p2|Dudunsparce-*, L50, M|\n|poke|p2|Mandibuzz, L50, F|\n|poke|p2|Basculegion, L50, M|\n|poke|p2|Dondozo, L50, M|\n|poke|p2|Tatsugiri-Droopy, L50, F|\n|teampreview|4\n|j| Schlytus\n|\n|t:|1700683631\n|start\n|switch|p1a: Ninetales|Ninetales-Alola, L50, F|100\/100\n|switch|p1b: Ogerpon|Ogerpon-Wellspring, L50, F|100\/100\n|switch|p2a: Great Tusk|Great Tusk, L50|100\/100\n|switch|p2b: Dondozo|Dondozo, L50, M|100\/100\n|-weather|Snow|[from] ability: Snow Warning|[of] p1a: Ninetales\n|-enditem|p2a: Great Tusk|Booster Energy\n|-activate|p2a: Great Tusk|ability: Protosynthesis|[fromitem]\n|-start|p2a: Great Tusk|protosynthesisatk\n|turn|1\n|\n|t:|1700683678\n|move|p1a: Ninetales|Aurora Veil|p1a: Ninetales\n|-sidestart|p1: wu1fan|move: Aurora Veil\n|move|p2a: Great Tusk|Close Combat|p1b: Ogerpon\n|-damage|p1b: Ogerpon|48\/100\n|-unboost|p2a: Great Tusk|def|1\n|-unboost|p2a: Great Tusk|spd|1\n|move|p1b: Ogerpon|Giga Drain|p2b: Dondozo\n|-supereffective|p2b: Dondozo\n|-damage|p2b: Dondozo|67\/100\n|-heal|p1b: Ogerpon|71\/100|[from] drain|[of] p2b: Dondozo\n|move|p2b: Dondozo|Rock Slide|p1a: Ninetales|[spread] p1a,p1b\n|-supereffective|p1a: Ninetales\n|-damage|p1a: Ninetales|82\/100\n|-damage|p1b: Ogerpon|59\/100\n|\n|-weather|Snow|[upkeep]\n|-heal|p2b: Dondozo|73\/100|[from] item: Leftovers\n|upkeep\n|turn|2\n|\n|t:|1700683724\n|switch|p2b: Tatsugiri|Tatsugiri-Droopy, L50, F|100\/100\n|move|p1a: Ninetales|Icy Wind|p2a: Great Tusk|[spread] p2a,p2b\n|-supereffective|p2a: Great Tusk\n|-damage|p2a: Great Tusk|49\/100\n|-damage|p2b: Tatsugiri|87\/100\n|-unboost|p2a: Great Tusk|spe|1\n|-unboost|p2b: Tatsugiri|spe|1\n|move|p1b: Ogerpon|Giga Drain|p2a: Great Tusk\n|-supereffective|p2a: Great Tusk\n|-damage|p2a: Great Tusk|0 fnt\n|-heal|p1b: Ogerpon|84\/100|[from] drain|[of] p2a: Great Tusk\n|faint|p2a: Great Tusk\n|-end|p2a: Great Tusk|Protosynthesis|[silent]\n|\n|-weather|Snow|[upkeep]\n|upkeep\n|\n|t:|1700683734\n|switch|p2a: Dondozo|Dondozo, L50, M|73\/100\n|-activate|p2b: Tatsugiri|ability: Commander|[of] p2a: Dondozo\n|-boost|p2a: Dondozo|atk|2\n|-boost|p2a: Dondozo|spa|2\n|-boost|p2a: Dondozo|spe|2\n|-boost|p2a: Dondozo|def|2\n|-boost|p2a: Dondozo|spd|2\n|turn|3\n|\n|t:|1700683753\n|switch|p1b: Iron Hands|Iron Hands, L50|100\/100\n|move|p1a: Ninetales|Icy Wind|p2a: Dondozo|[spread] p2a\n|-miss|p1a: Ninetales|p2b: Tatsugiri\n|-resisted|p2a: Dondozo\n|-damage|p2a: Dondozo|71\/100\n|-unboost|p2a: Dondozo|spe|1\n|move|p2a: Dondozo|Rock Slide|p1a: Ninetales|[spread] p1a,p1b\n|-supereffective|p1a: Ninetales\n|-resisted|p1b: Iron Hands\n|-damage|p1a: Ninetales|45\/100\n|-damage|p1b: Iron Hands|93\/100\n|\n|-weather|Snow|[upkeep]\n|-heal|p2a: Dondozo|77\/100|[from] item: Leftovers\n|upkeep\n|turn|4\n|\n|t:|1700683783\n|switch|p1a: Ogerpon|Ogerpon-Wellspring, L50, F|84\/100\n|move|p1b: Iron Hands|Fake Out|p2a: Dondozo\n|-damage|p2a: Dondozo|71\/100\n|cant|p2a: Dondozo|flinch\n|\n|-weather|Snow|[upkeep]\n|-heal|p2a: Dondozo|78\/100|[from] item: Leftovers\n|upkeep\n|turn|5\n|\n|t:|1700683804\n|move|p1a: Ogerpon|Giga Drain|p2a: Dondozo\n|-supereffective|p2a: Dondozo\n|-damage|p2a: Dondozo|60\/100\n|-heal|p1a: Ogerpon|96\/100|[from] drain|[of] p2a: Dondozo\n|move|p2a: Dondozo|Earthquake|p1a: Ogerpon|[spread] p1a,p1b\n|-miss|p2a: Dondozo|p2b: Tatsugiri\n|-resisted|p1a: Ogerpon\n|-supereffective|p1b: Iron Hands\n|-damage|p1a: Ogerpon|81\/100\n|-damage|p1b: Iron Hands|49\/100\n|move|p1b: Iron Hands|Wild Charge|p2a: Dondozo\n|-supereffective|p2a: Dondozo\n|-damage|p2a: Dondozo|29\/100\n|-damage|p1b: Iron Hands|41\/100|[from] Recoil\n|\n|-weather|Snow|[upkeep]\n|-heal|p2a: Dondozo|36\/100|[from] item: Leftovers\n|-sideend|p1: wu1fan|move: Aurora Veil\n|upkeep\n|turn|6\n|\n|t:|1700683833\n|-terastallize|p1b: Iron Hands|Water\n|move|p1a: Ogerpon|Giga Drain|p2a: Dondozo\n|-supereffective|p2a: Dondozo\n|-damage|p2a: Dondozo|15\/100\n|-heal|p1a: Ogerpon|96\/100|[from] drain|[of] p2a: Dondozo\n|move|p2a: Dondozo|Earthquake|p1b: Iron Hands|[spread] p1a,p1b\n|-miss|p2a: Dondozo|p2b: Tatsugiri\n|-resisted|p1a: Ogerpon\n|-damage|p1a: Ogerpon|73\/100\n|-damage|p1b: Iron Hands|8\/100\n|move|p1b: Iron Hands|Drain Punch|p2a: Dondozo\n|-damage|p2a: Dondozo|0 fnt\n|-heal|p1b: Iron Hands|16\/100|[from] drain|[of] p2a: Dondozo\n|faint|p2a: Dondozo\n|\n|-weather|Snow|[upkeep]\n|upkeep\n|\n|t:|1700683854\n|switch|p2a: Dudunsparce|Dudunsparce, L50, M|100\/100\n|turn|7\n|\n|t:|1700683897\n|move|p1a: Ogerpon|Follow Me|p1a: Ogerpon\n|-singleturn|p1a: Ogerpon|move: Follow Me\n|move|p2a: Dudunsparce|Hurricane|p1a: Ogerpon\n|-supereffective|p1a: Ogerpon\n|-damage|p1a: Ogerpon|15\/100\n|move|p1b: Iron Hands|Drain Punch|p2a: Dudunsparce\n|-supereffective|p2a: Dudunsparce\n|-enditem|p2a: Dudunsparce|Chople Berry|[eat]\n|-enditem|p2a: Dudunsparce|Chople Berry|[weaken]\n|-damage|p2a: Dudunsparce|58\/100\n|-heal|p1b: Iron Hands|35\/100|[from] drain|[of] p2a: Dudunsparce\n|move|p2b: Tatsugiri|Tera Blast|p1a: Ogerpon\n|-damage|p1a: Ogerpon|0 fnt\n|faint|p1a: Ogerpon\n|\n|-weather|Snow|[upkeep]\n|upkeep\n|\n|t:|1700683915\n|switch|p1a: Ninetales|Ninetales-Alola, L50, F|45\/100\n|turn|8\n|\n|t:|1700683939\n|-terastallize|p2b: Tatsugiri|Fire\n|move|p1a: Ninetales|Aurora Veil|p1a: Ninetales\n|-sidestart|p1: wu1fan|move: Aurora Veil\n|move|p2a: Dudunsparce|Boomburst|p1b: Iron Hands|[spread] p2b,p1a,p1b\n|-damage|p2b: Tatsugiri|36\/100\n|-damage|p1a: Ninetales|13\/100\n|-damage|p1b: Iron Hands|18\/100\n|move|p1b: Iron Hands|Drain Punch|p2a: Dudunsparce\n|-supereffective|p2a: Dudunsparce\n|-damage|p2a: Dudunsparce|0 fnt\n|-heal|p1b: Iron Hands|44\/100|[from] drain|[of] p2a: Dudunsparce\n|faint|p2a: Dudunsparce\n|move|p2b: Tatsugiri|Tera Blast|p1a: Ninetales|[anim] Tera Blast Fire\n|-supereffective|p1a: Ninetales\n|-damage|p1a: Ninetales|0 fnt\n|faint|p1a: Ninetales\n|\n|-weather|none\n|upkeep\n|\n|t:|1700683959\n|switch|p1a: Flutter Mane|Flutter Mane, L50|100\/100\n|-enditem|p1a: Flutter Mane|Booster Energy\n|-activate|p1a: Flutter Mane|ability: Protosynthesis|[fromitem]\n|-start|p1a: Flutter Mane|protosynthesisspe\n|turn|9\n|\n|t:|1700683971\n|move|p1a: Flutter Mane|Dark Pulse|p2b: Tatsugiri\n|-crit|p2b: Tatsugiri\n|-damage|p2b: Tatsugiri|0 fnt\n|faint|p2b: Tatsugiri\n|\n|win|wu1fan\n|raw|wu1fan's rating: 1200 &rarr; <strong>1218<\/strong><br \/>(+18 for winning)\n|raw|Shojiron's rating: 1100 &rarr; <strong>1082<\/strong><br \/>(-18 for losing)\n|l|\u2606Shojiron\n|l| Schlytus\n","uploadtime":1700683998,"views":0,"p1id":"wu1fan","p2id":"shojiron","formatid":"gen9vgc2023regulatione","rating":1082,"private":0,"password":""}