{"id":"gen9vgc2023regulatione-1996507599","p1":"D0CZERA","p2":"Rean411","format":"[Gen 9] VGC 2023 Regulation E","log":"|j|\u2606D0CZERA\n|j|\u2606Rean411\n|t:|1700688807\n|gametype|doubles\n|player|p1|D0CZERA|101|1390\n|player|p2|Rean411|101|1334\n|teamsize|p1|6\n|teamsize|p2|6\n|gen|9\n|tier|[Gen 9] VGC 2023 Regulation E\n|rated|\n|rule|Species Clause: Limit one of each Pok\u00e9mon\n|rule|Item Clause: Limit one of each item\n|clearpoke\n|poke|p1|Fezandipiti, L50, M|\n|poke|p1|Garchomp, L50, F|\n|poke|p1|Gholdengo, L50|\n|poke|p1|Ogerpon-Hearthflame, L50, F|\n|poke|p1|Urshifu-*, L50, F|\n|poke|p1|Amoonguss, L50, M|\n|poke|p2|Iron Hands, L50|\n|poke|p2|Chien-Pao, L50|\n|poke|p2|Annihilape, L50, F|\n|poke|p2|Ninetales-Alola, L50, M|\n|poke|p2|Amoonguss, L50, F|\n|poke|p2|Arcanine-Hisui, L50, F|\n|teampreview|4\n|inactive|Battle timer is ON: inactive players will automatically lose when time's up. (requested by D0CZERA)\n|inactive|D0CZERA has 60 seconds left.\n|\n|t:|1700688846\n|start\n|switch|p1a: Gholdengo|Gholdengo, L50|100\/100\n|switch|p1b: Garchomp|Garchomp, L50, F|100\/100\n|switch|p2a: Chien-Pao|Chien-Pao, L50|100\/100\n|switch|p2b: Ninetales|Ninetales-Alola, L50, M|100\/100\n|-ability|p2a: Chien-Pao|Sword of Ruin\n|-weather|Snow|[from] ability: Snow Warning|[of] p2b: Ninetales\n|turn|1\n|inactive|Rean411 has 30 seconds left.\n|\n|t:|1700688879\n|-terastallize|p1b: Garchomp|Poison\n|move|p2a: Chien-Pao|Sucker Punch||[still]\n|-fail|p2a: Chien-Pao\n|move|p2b: Ninetales|Blizzard|p1b: Garchomp|[spread] p1a,p1b\n|-resisted|p1a: Gholdengo\n|-damage|p1a: Gholdengo|87\/100\n|-damage|p1b: Garchomp|84\/100\n|move|p1b: Garchomp|Rock Slide|p2a: Chien-Pao|[spread] p2a,p2b\n|-supereffective|p2a: Chien-Pao\n|-supereffective|p2b: Ninetales\n|-damage|p2a: Chien-Pao|64\/100\n|-damage|p2b: Ninetales|53\/100\n|move|p1a: Gholdengo|Nasty Plot|p1a: Gholdengo\n|-boost|p1a: Gholdengo|spa|2\n|\n|-weather|Snow|[upkeep]\n|-heal|p1a: Gholdengo|93\/100|[from] item: Leftovers\n|upkeep\n|turn|2\n|\n|t:|1700688901\n|move|p2a: Chien-Pao|Haze|p2a: Chien-Pao\n|-clearallboost\n|move|p2b: Ninetales|Icy Wind|p1b: Garchomp|[spread] p1a,p1b\n|-resisted|p1a: Gholdengo\n|-damage|p1a: Gholdengo|87\/100\n|-damage|p1b: Garchomp|77\/100\n|-unboost|p1a: Gholdengo|spe|1\n|-unboost|p1b: Garchomp|spe|1\n|move|p1a: Gholdengo|Nasty Plot|p1a: Gholdengo\n|-boost|p1a: Gholdengo|spa|2\n|move|p1b: Garchomp|Dragon Tail|p2a: Chien-Pao\n|-damage|p2a: Chien-Pao|33\/100\n|drag|p2a: Amoonguss|Amoonguss, L50, F|100\/100\n|\n|-weather|Snow|[upkeep]\n|-heal|p1a: Gholdengo|93\/100|[from] item: Leftovers\n|upkeep\n|turn|3\n|inactive|Rean411 has 30 seconds left.\n|inactive|Rean411 has 20 seconds left.\n|inactive|Rean411 has 15 seconds left.\n|inactive|Rean411 has 10 seconds left.\n|inactive|Rean411 has 5 seconds left.\n|\n|t:|1700688952\n|move|p2b: Ninetales|Icy Wind|p1b: Garchomp|[spread] p1a,p1b\n|-resisted|p1a: Gholdengo\n|-damage|p1a: Gholdengo|87\/100\n|-damage|p1b: Garchomp|68\/100\n|-unboost|p1a: Gholdengo|spe|1\n|-unboost|p1b: Garchomp|spe|1\n|move|p1b: Garchomp|Poison Jab|p2a: Amoonguss\n|-damage|p2a: Amoonguss|64\/100\n|-damage|p1b: Garchomp|51\/100|[from] item: Rocky Helmet|[of] p2a: Amoonguss\n|move|p1a: Gholdengo|Nasty Plot|p1a: Gholdengo\n|-boost|p1a: Gholdengo|spa|2\n|move|p2a: Amoonguss|Spore|p1b: Garchomp\n|-status|p1b: Garchomp|slp|[from] move: Spore\n|\n|-weather|Snow|[upkeep]\n|-heal|p1a: Gholdengo|93\/100|[from] item: Leftovers\n|upkeep\n|turn|4\n|inactive|Rean411 has 30 seconds left.\n|\n|t:|1700688980\n|switch|p1b: Ogerpon|Ogerpon-Hearthflame, L50, F|100\/100\n|-ability|p1b: Ogerpon|Mold Breaker\n|move|p2a: Amoonguss|Protect|p2a: Amoonguss\n|-singleturn|p2a: Amoonguss|Protect\n|move|p2b: Ninetales|Aurora Veil|p2b: Ninetales\n|-sidestart|p2: Rean411|move: Aurora Veil\n|move|p1a: Gholdengo|Make It Rain|p2b: Ninetales|[spread] p2b\n|-activate|p2a: Amoonguss|move: Protect\n|-supereffective|p2b: Ninetales\n|-damage|p2b: Ninetales|0 fnt\n|-unboost|p1a: Gholdengo|spa|1\n|faint|p2b: Ninetales\n|\n|-weather|Snow|[upkeep]\n|-heal|p1a: Gholdengo|99\/100|[from] item: Leftovers\n|upkeep\n|inactive|Rean411 has 30 seconds left.\n|\n|t:|1700689006\n|switch|p2b: Chien-Pao|Chien-Pao, L50|33\/100\n|-ability|p2b: Chien-Pao|Sword of Ruin\n|turn|5\n|\n|t:|1700689017\n|switch|p2a: Arcanine|Arcanine-Hisui, L50, F|100\/100\n|-ability|p2a: Arcanine|Intimidate|boost\n|-unboost|p1a: Gholdengo|atk|1\n|-unboost|p1b: Ogerpon|atk|1\n|move|p2b: Chien-Pao|Protect|p2b: Chien-Pao\n|-singleturn|p2b: Chien-Pao|Protect\n|move|p1b: Ogerpon|Follow Me|p1b: Ogerpon\n|-singleturn|p1b: Ogerpon|move: Follow Me\n|move|p1a: Gholdengo|Make It Rain|p2b: Chien-Pao|[spread] p2a\n|-activate|p2b: Chien-Pao|move: Protect\n|-damage|p2a: Arcanine|19\/100\n|-unboost|p1a: Gholdengo|spa|1\n|-enditem|p2a: Arcanine|Sitrus Berry|[eat]\n|-heal|p2a: Arcanine|44\/100|[from] item: Sitrus Berry\n|\n|-weather|none\n|-heal|p1a: Gholdengo|100\/100|[from] item: Leftovers\n|upkeep\n|turn|6\n|inactive|Rean411 has 30 seconds left.\n|\n|t:|1700689050\n|move|p1b: Ogerpon|Follow Me|p1b: Ogerpon\n|-singleturn|p1b: Ogerpon|move: Follow Me\n|move|p2b: Chien-Pao|Ice Spinner|p1b: Ogerpon\n|-damage|p1b: Ogerpon|29\/100\n|move|p2a: Arcanine|Rock Slide|p1b: Ogerpon|[spread] p1a,p1b\n|-resisted|p1a: Gholdengo\n|-supereffective|p1b: Ogerpon\n|-damage|p1a: Gholdengo|85\/100\n|-damage|p1b: Ogerpon|0 fnt\n|faint|p1b: Ogerpon\n|cant|p1a: Gholdengo|flinch\n|\n|-heal|p1a: Gholdengo|91\/100|[from] item: Leftovers\n|upkeep\n|\n|t:|1700689061\n|switch|p1b: Amoonguss|Amoonguss, L50, M|100\/100\n|turn|7\n|inactive|Rean411 has 30 seconds left.\n|\n|t:|1700689093\n|move|p2b: Chien-Pao|Protect|p2b: Chien-Pao\n|-singleturn|p2b: Chien-Pao|Protect\n|move|p1a: Gholdengo|Protect|p1a: Gholdengo\n|-singleturn|p1a: Gholdengo|Protect\n|move|p2a: Arcanine|Flare Blitz|p1b: Amoonguss\n|-supereffective|p1b: Amoonguss\n|-damage|p1b: Amoonguss|1\/100\n|-status|p1b: Amoonguss|brn\n|-damage|p2a: Arcanine|27\/100|[from] item: Rocky Helmet|[of] p1b: Amoonguss\n|-damage|p2a: Arcanine|0 fnt|[from] Recoil\n|faint|p2a: Arcanine\n|move|p1b: Amoonguss|Spore|p2b: Chien-Pao\n|-activate|p2b: Chien-Pao|move: Protect\n|\n|-heal|p1a: Gholdengo|97\/100|[from] item: Leftovers\n|-damage|p1b: Amoonguss|0 fnt|[from] brn\n|faint|p1b: Amoonguss\n|upkeep\n|\n|t:|1700689108\n|switch|p2a: Amoonguss|Amoonguss, L50, F|98\/100\n|switch|p1b: Garchomp|Garchomp, L50, F, tera:Poison|51\/100 slp\n|turn|8\n|inactive|Rean411 has 30 seconds left.\n|\n|t:|1700689138\n|move|p2b: Chien-Pao|Ice Spinner|p1a: Gholdengo\n|-resisted|p1a: Gholdengo\n|-damage|p1a: Gholdengo|69\/100\n|move|p1a: Gholdengo|Nasty Plot|p1a: Gholdengo\n|-boost|p1a: Gholdengo|spa|2\n|move|p2a: Amoonguss|Leaf Storm|p1a: Gholdengo\n|-resisted|p1a: Gholdengo\n|-damage|p1a: Gholdengo|50\/100\n|-unboost|p2a: Amoonguss|spa|2\n|cant|p1b: Garchomp|slp\n|\n|-heal|p1a: Gholdengo|56\/100|[from] item: Leftovers\n|upkeep\n|turn|9\n|inactive|Rean411 has 30 seconds left.\n|\n|t:|1700689170\n|move|p1a: Gholdengo|Protect|p1a: Gholdengo\n|-singleturn|p1a: Gholdengo|Protect\n|move|p2b: Chien-Pao|Sucker Punch||[still]\n|-fail|p2b: Chien-Pao\n|-curestatus|p1b: Garchomp|slp|[msg]\n|move|p1b: Garchomp|Rock Slide|p2a: Amoonguss|[spread] p2a,p2b\n|-supereffective|p2b: Chien-Pao\n|-damage|p2a: Amoonguss|82\/100\n|-damage|p2b: Chien-Pao|0 fnt\n|faint|p2b: Chien-Pao\n|cant|p2a: Amoonguss|flinch\n|\n|-heal|p1a: Gholdengo|62\/100|[from] item: Leftovers\n|upkeep\n|turn|10\n|c|\u2606D0CZERA|gg\n|inactive|Rean411 has 30 seconds left.\n|inactive|Rean411 has 20 seconds left.\n|c|\u2606Rean411|I am so tired of my opponents waking up turn 1 when everytime I get put to sleep it\u2019s 3 turns. GGWP\n|inactive|Rean411 has 15 seconds left.\n|inactive|Rean411 has 10 seconds left.\n|c|\u2606Rean411|im mad at the game, not you\n|inactive|Rean411 has 5 seconds left.\n|\n|t:|1700689223\n|move|p1b: Garchomp|Poison Jab|p2a: Amoonguss\n|-damage|p2a: Amoonguss|56\/100\n|-damage|p1b: Garchomp|35\/100|[from] item: Rocky Helmet|[of] p2a: Amoonguss\n|move|p1a: Gholdengo|Shadow Ball|p2a: Amoonguss\n|-damage|p2a: Amoonguss|0 fnt\n|faint|p2a: Amoonguss\n|\n|win|D0CZERA\n|raw|D0CZERA's rating: 1390 &rarr; <strong>1407<\/strong><br \/>(+17 for winning)\n|raw|Rean411's rating: 1334 &rarr; <strong>1317<\/strong><br \/>(-17 for losing)\n|c|\u2606D0CZERA|you flinched me\n|c|\u2606D0CZERA|luck was balanced\n|c|\u2606D0CZERA|this match\n|c|\u2606Rean411|10% chance to flinch once\n|c|\u2606D0CZERA|33% to wake uo first turn\n|c|\u2606Rean411|i have played so many matches and lost the coin flip over and over.\n|c|\u2606Rean411|im not complaining about this match in isolation\n|c|\u2606D0CZERA|anyways ggs\n|c|\u2606Rean411|you\u2019re right this match was balanced\n|c|\u2606Rean411|im just tired of the overall way my RNG has gone\n|l|\u2606D0CZERA\n|c|\u2606Rean411|Anyways. Like I said you played well\n|l|\u2606Rean411\n|j|\u2606Rean411\n|player|p2|Rean411|101\n","uploadtime":1700689324,"views":3,"p1id":"d0czera","p2id":"rean411","formatid":"gen9vgc2023regulatione","rating":1317,"private":0,"password":""}