{"id":"gen9vgc2023regulatione-1999532057","p1":"Zadom123","p2":"MiraidonDeezNut5","format":"[Gen 9] VGC 2023 Regulation E","log":"|j|\u203dZadom123\n|j|\u2606MiraidonDeezNut5\n|t:|1701093245\n|gametype|doubles\n|player|p1|Zadom123|benga|1147\n|player|p2|MiraidonDeezNut5|swimmer-gen4dp|1143\n|teamsize|p1|6\n|teamsize|p2|6\n|gen|9\n|tier|[Gen 9] VGC 2023 Regulation E\n|rated|\n|rule|Species Clause: Limit one of each Pok\u00e9mon\n|rule|Item Clause: Limit one of each item\n|clearpoke\n|poke|p1|Wo-Chien, L50|\n|poke|p1|Flutter Mane, L50|\n|poke|p1|Gothitelle, L50, F|\n|poke|p1|Jigglypuff, L50, M|\n|poke|p1|Infernape, L50, F|\n|poke|p1|Gastrodon, L50, F|\n|poke|p2|Tatsugiri-Stretchy, L50, M|\n|poke|p2|Indeedee-F, L50, F|\n|poke|p2|Lilligant-Hisui, L50, F|\n|poke|p2|Torkoal, L50, M|\n|poke|p2|Armarouge, L50, F|\n|poke|p2|Dondozo, L50, M|\n|teampreview|4\n|inactive|Battle timer is ON: inactive players will automatically lose when time's up. (requested by Zadom123)\nZadom123 has agreed to open team sheets.\n|inactive|MiraidonDeezNut5 has 60 seconds left.\n|\n|t:|1701093276\n|start\n|switch|p1a: Gothitelle|Gothitelle, L50, F|100\/100\n|switch|p1b: Jigglypuff|Jigglypuff, L50, M|100\/100\n|switch|p2a: Indeedee|Indeedee-F, L50, F|100\/100\n|switch|p2b: Armarouge|Armarouge, L50, F|100\/100\n|-fieldstart|move: Psychic Terrain|[from] ability: Psychic Surge|[of] p2a: Indeedee\n|-enditem|p2a: Indeedee|Psychic Seed\n|-boost|p2a: Indeedee|spd|1|[from] item: Psychic Seed\n|turn|1\n|inactive|MiraidonDeezNut5 has 30 seconds left.\n|\n|t:|1701093310\n|move|p1a: Gothitelle|Protect|p1a: Gothitelle\n|-singleturn|p1a: Gothitelle|Protect\n|move|p2a: Indeedee|Skill Swap|p1a: Gothitelle\n|-activate|p1a: Gothitelle|move: Protect\n|move|p1b: Jigglypuff|Perish Song|p1b: Jigglypuff\n|-start|p1a: Gothitelle|perish3|[silent]\n|-start|p1b: Jigglypuff|perish3|[silent]\n|-start|p2a: Indeedee|perish3|[silent]\n|-start|p2b: Armarouge|perish3|[silent]\n|-fieldactivate|move: Perish Song\n|move|p2b: Armarouge|Trick Room|p2b: Armarouge\n|-fieldstart|move: Trick Room|[of] p2b: Armarouge\n|\n|-start|p1b: Jigglypuff|perish3\n|-start|p2a: Indeedee|perish3\n|-start|p2b: Armarouge|perish3\n|-start|p1a: Gothitelle|perish3\n|upkeep\n|turn|2\n|\n|t:|1701093329\n|switch|p1a: Wo-Chien|Wo-Chien, L50|100\/100\n|-ability|p1a: Wo-Chien|Tablets of Ruin\n|move|p1b: Jigglypuff|Baton Pass|p1b: Jigglypuff\n|\n|t:|1701093335\n|switch|p1b: Gothitelle|Gothitelle, L50, F|100\/100|[from] Baton Pass\n|move|p2a: Indeedee|Skill Swap|p1a: Wo-Chien\n|-activate|p2a: Indeedee|move: Skill Swap|Tablets of Ruin|Psychic Surge|[of] p1a: Wo-Chien\n|-ability|p2a: Indeedee|Tablets of Ruin\n|move|p2b: Armarouge|Expanding Force|p1a: Wo-Chien|[spread] p1b\n|-immune|p1a: Wo-Chien\n|-resisted|p1b: Gothitelle\n|-damage|p1b: Gothitelle|63\/100\n|-damage|p2b: Armarouge|91\/100|[from] item: Life Orb\n|\n|-start|p2a: Indeedee|perish2\n|-start|p2b: Armarouge|perish2\n|-start|p1b: Gothitelle|perish2\n|upkeep\n|turn|3\n|inactive|MiraidonDeezNut5 has 30 seconds left.\n|inactive|Zadom123 has 30 seconds left.\n|\n|t:|1701093368\n|-terastallize|p1a: Wo-Chien|Water\n|move|p1b: Gothitelle|Protect|p1b: Gothitelle\n|-singleturn|p1b: Gothitelle|Protect\n|move|p2a: Indeedee|Dazzling Gleam|p1a: Wo-Chien|[spread] p1a\n|-activate|p1b: Gothitelle|move: Protect\n|-damage|p1a: Wo-Chien|91\/100\n|move|p2b: Armarouge|Heat Wave|p1b: Gothitelle|[spread] p1a\n|-activate|p1b: Gothitelle|move: Protect\n|-resisted|p1a: Wo-Chien\n|-damage|p1a: Wo-Chien|71\/100\n|-damage|p2b: Armarouge|81\/100|[from] item: Life Orb\n|move|p1a: Wo-Chien|Giga Drain|p2a: Indeedee\n|-damage|p2a: Indeedee|87\/100\n|-heal|p1a: Wo-Chien|79\/100|[from] drain|[of] p2a: Indeedee\n|\n|-heal|p1a: Wo-Chien|85\/100|[from] item: Leftovers\n|-start|p2a: Indeedee|perish1\n|-start|p2b: Armarouge|perish1\n|-start|p1b: Gothitelle|perish1\n|upkeep\n|turn|4\n|inactive|MiraidonDeezNut5 has 30 seconds left.\n|\n|t:|1701093401\n|switch|p1b: Jigglypuff|Jigglypuff, L50, M|100\/100\n|move|p1a: Wo-Chien|Protect|p1a: Wo-Chien\n|-singleturn|p1a: Wo-Chien|Protect\n|move|p2a: Indeedee|Trick Room|p2a: Indeedee\n|-fieldend|move: Trick Room\n|move|p2b: Armarouge|Trick Room|p2b: Armarouge\n|-fieldstart|move: Trick Room|[of] p2b: Armarouge\n|\n|-heal|p1a: Wo-Chien|91\/100|[from] item: Leftovers\n|-start|p2a: Indeedee|perish0\n|-start|p2b: Armarouge|perish0\n|faint|p2a: Indeedee\n|faint|p2b: Armarouge\n|upkeep\n|\n|t:|1701093411\n|switch|p2a: Dondozo|Dondozo, L50, M|100\/100\n|switch|p2b: Torkoal|Torkoal, L50, M|100\/100\n|-weather|SunnyDay|[from] ability: Drought|[of] p2b: Torkoal\n|turn|5\n|\n|t:|1701093432\n|-terastallize|p2b: Torkoal|Flying\n|move|p2b: Torkoal|Eruption|p1a: Wo-Chien|[spread] p1a,p1b\n|-resisted|p1a: Wo-Chien\n|-damage|p1a: Wo-Chien|61\/100\n|-damage|p1b: Jigglypuff|9\/100\n|move|p1b: Jigglypuff|Perish Song|p1b: Jigglypuff\n|-start|p1a: Wo-Chien|perish3|[silent]\n|-start|p1b: Jigglypuff|perish3|[silent]\n|-start|p2a: Dondozo|perish3|[silent]\n|-start|p2b: Torkoal|perish3|[silent]\n|-fieldactivate|move: Perish Song\n|move|p2a: Dondozo|Earthquake|p1b: Jigglypuff|[spread] p1a,p1b\n|-immune|p2b: Torkoal\n|-damage|p1a: Wo-Chien|46\/100\n|-damage|p1b: Jigglypuff|0 fnt\n|faint|p1b: Jigglypuff\n|move|p1a: Wo-Chien|Leech Seed|p2a: Dondozo\n|-start|p2a: Dondozo|move: Leech Seed\n|\n|-weather|SunnyDay|[upkeep]\n|-heal|p1a: Wo-Chien|53\/100|[from] item: Leftovers\n|-damage|p2a: Dondozo|88\/100|[from] Leech Seed|[of] p1a: Wo-Chien\n|-heal|p1a: Wo-Chien|70\/100|[silent]\n|-start|p2b: Torkoal|perish3\n|-start|p2a: Dondozo|perish3\n|-start|p1a: Wo-Chien|perish3\n|-fieldend|move: Psychic Terrain\n|upkeep\n|\n|t:|1701093452\n|switch|p1b: Flutter Mane|Flutter Mane, L50|100\/100\n|-activate|p1b: Flutter Mane|ability: Protosynthesis\n|-start|p1b: Flutter Mane|protosynthesisspe\n|turn|6\n|\n|t:|1701093469\n|move|p1a: Wo-Chien|Protect|p1a: Wo-Chien\n|-singleturn|p1a: Wo-Chien|Protect\n|move|p1b: Flutter Mane|Protect|p1b: Flutter Mane\n|-singleturn|p1b: Flutter Mane|Protect\n|move|p2b: Torkoal|Eruption|p1b: Flutter Mane|[spread] \n|-activate|p1a: Wo-Chien|move: Protect\n|-activate|p1b: Flutter Mane|move: Protect\n|move|p2a: Dondozo|Earthquake|p1b: Flutter Mane|[spread] \n|-activate|p1a: Wo-Chien|move: Protect\n|-activate|p1b: Flutter Mane|move: Protect\n|-immune|p2b: Torkoal\n|\n|-weather|SunnyDay|[upkeep]\n|-heal|p1a: Wo-Chien|76\/100|[from] item: Leftovers\n|-damage|p2a: Dondozo|76\/100|[from] Leech Seed|[of] p1a: Wo-Chien\n|-heal|p1a: Wo-Chien|94\/100|[silent]\n|-start|p2b: Torkoal|perish2\n|-start|p2a: Dondozo|perish2\n|-start|p1a: Wo-Chien|perish2\n|upkeep\n|turn|7\n|\n|t:|1701093490\n|move|p2b: Torkoal|Eruption|p1b: Flutter Mane|[spread] p1a,p1b\n|-resisted|p1a: Wo-Chien\n|-damage|p1a: Wo-Chien|52\/100\n|-enditem|p1b: Flutter Mane|Focus Sash\n|-damage|p1b: Flutter Mane|1\/100\n|move|p2a: Dondozo|Earthquake|p1a: Wo-Chien|[spread] p1a,p1b\n|-immune|p2b: Torkoal\n|-damage|p1a: Wo-Chien|33\/100\n|-damage|p1b: Flutter Mane|0 fnt\n|faint|p1b: Flutter Mane\n|-end|p1b: Flutter Mane|Protosynthesis|[silent]\n|move|p1a: Wo-Chien|Giga Drain|p2a: Dondozo\n|-supereffective|p2a: Dondozo\n|-damage|p2a: Dondozo|31\/100\n|-heal|p1a: Wo-Chien|65\/100|[from] drain|[of] p2a: Dondozo\n|\n|-weather|SunnyDay|[upkeep]\n|-heal|p1a: Wo-Chien|71\/100|[from] item: Leftovers\n|-damage|p2a: Dondozo|18\/100|[from] Leech Seed|[of] p1a: Wo-Chien\n|-heal|p1a: Wo-Chien|89\/100|[silent]\n|-start|p2b: Torkoal|perish1\n|-start|p2a: Dondozo|perish1\n|-start|p1a: Wo-Chien|perish1\n|upkeep\n|\n|t:|1701093509\n|switch|p1b: Gothitelle|Gothitelle, L50, F|63\/100\n|turn|8\n|\n|t:|1701093522\n|move|p1a: Wo-Chien|Protect|p1a: Wo-Chien\n|-singleturn|p1a: Wo-Chien|Protect\n|move|p1b: Gothitelle|Fake Out|p2b: Torkoal\n|-damage|p2b: Torkoal|96\/100\n|cant|p2b: Torkoal|flinch\n|move|p2a: Dondozo|Earthquake|p1b: Gothitelle|[spread] p1b\n|-activate|p1a: Wo-Chien|move: Protect\n|-immune|p2b: Torkoal\n|-damage|p1b: Gothitelle|44\/100\n|-enditem|p1b: Gothitelle|Sitrus Berry|[eat]\n|-heal|p1b: Gothitelle|69\/100|[from] item: Sitrus Berry\n|\n|-weather|SunnyDay|[upkeep]\n|-heal|p1a: Wo-Chien|95\/100|[from] item: Leftovers\n|-damage|p2a: Dondozo|6\/100|[from] Leech Seed|[of] p1a: Wo-Chien\n|-heal|p1a: Wo-Chien|100\/100|[silent]\n|-start|p2b: Torkoal|perish0\n|-start|p2a: Dondozo|perish0\n|-start|p1a: Wo-Chien|perish0\n|-fieldend|move: Trick Room\n|faint|p2b: Torkoal\n|faint|p2a: Dondozo\n|faint|p1a: Wo-Chien\n|\n|win|Zadom123\n|upkeep\n|raw|Zadom123's rating: 1147 &rarr; <strong>1172<\/strong><br \/>(+25 for winning)\n|raw|MiraidonDeezNut5's rating: 1143 &rarr; <strong>1118<\/strong><br \/>(-25 for losing)\n|l|\u2606MiraidonDeezNut5\n","uploadtime":1701093531,"views":19,"p1id":"zadom123","p2id":"miraidondeeznut5","formatid":"gen9vgc2023regulatione","rating":1118,"private":0,"password":""}