{"id":"gen9vgc2023regulatione-1988724757","p1":"E.Bluemage","p2":"olmecssb","format":"[Gen 9] VGC 2023 Regulation E","log":"|j|\u2606E.Bluemage\n|j|\u2606olmecssb\n|n|\u2606E.Bluemage|ebluemage\n|n|\u2606olmecssb|olmecssb\n|html|View the match progress at <a href=\"\/game-bestof3-gen9vgc2023regulatione-1988724756\">game-bestof3-gen9vgc2023regulatione-1988724756<\/a>\n|t:|1699755195\n|gametype|doubles\n|player|p1|E.Bluemage|gentleman-gen4dp|\n|player|p2|olmecssb|misty-gen1rb|\n|teamsize|p1|6\n|teamsize|p2|6\n|gen|9\n|tier|[Gen 9] VGC 2023 Regulation E\n|rule|Species Clause: Limit one of each Pok\u00e9mon\n|rule|Item Clause: Limit one of each item\n|clearpoke\n|poke|p1|Ninetales, L50, M|\n|poke|p1|Farigiraf, L50, M|\n|poke|p1|Typhlosion-Hisui, L50, F|\n|poke|p1|Lilligant-Hisui, L50, F|\n|poke|p1|Flutter Mane, L50|\n|poke|p1|Ursaluna, L50, M|\n|poke|p2|Mimikyu, L50, M|\n|poke|p2|Gothitelle, L50, F|\n|poke|p2|Scream Tail, L50|\n|poke|p2|Heatran, L50, M|\n|poke|p2|Sinistcha, L50|\n|poke|p2|Ogerpon-Wellspring, L50, F|\n|teampreview|4\nolmecssb has agreed to open team sheets.\nE.Bluemage has agreed to open team sheets.\n|showteam|p1|Ninetales||HeatRock|Drought|SolarBeam,Protect,Flamethrower,NastyPlot|||M|||50|,,,,,Grass]Farigiraf||SitrusBerry|ArmorTail|Imprison,HyperVoice,HelpingHand,Psychic|||M|||50|,,,,,Fairy]Typhlosion-Hisui||Charcoal|Blaze|Eruption,InfernalParade,WillOWisp,Protect|||F|||50|,,,,,Fire]Lilligant-Hisui||ExpertBelt|Chlorophyll|SolarBlade,AxeKick,IceSpinner,SleepPowder|||F|||50|,,,,,Fighting]Flutter Mane||LifeOrb|Protosynthesis|Thunderbolt,ShadowBall,Psyshock,Moonblast||||||50|,,,,,Fairy]Ursaluna||AssaultVest|Guts|Earthquake,Facade,CloseCombat,GunkShot|||M|||50|,,,,,Ghost\n|showteam|p2|Mimikyu||AguavBerry|Disguise|TrickRoom,PlayRough,Curse,Protect|||M|||50|,,,,,Fire]Gothitelle||SitrusBerry|ShadowTag|FakeOut,Psychic,HealPulse,Protect|||F|||50|,,,,,Fighting]Scream Tail||MentalHerb|Protosynthesis|Protect,PerishSong,Disable,Encore||||||50|,,,,,Dark]Heatran||Leftovers|FlashFire|HeatWave,FlashCannon,IronDefense,Protect|||M|||50|,,,,,Grass]Sinistcha||ShellBell|Hospitality|MatchaGotcha,Protect,CalmMind,StrengthSap||||||50|,,,,,Steel]Ogerpon-Wellspring||WellspringMask|WaterAbsorb|IvyCudgel,HornLeech,SwordsDance,SpikyShield|||F|||50|,,,,,Water\n|j| spork2000\n|j| Bardemis\n|inactive|Battle timer is ON: inactive players will automatically lose when time's up. (requested by E.Bluemage)\n|inactive|olmecssb has 60 seconds left.\n|\n|t:|1699755278\n|start\n|switch|p1a: Amaterasu|Ninetales, L50, M|100\/100\n|switch|p1b: Skipmore|Lilligant-Hisui, L50, F|100\/100\n|switch|p2a: Chess Board|Gothitelle, L50, F|100\/100\n|switch|p2b: Shrek-pon|Ogerpon-Wellspring, L50, F|100\/100\n|-weather|SunnyDay|[from] ability: Drought|[of] p1a: Amaterasu\n|turn|1\n|\n|t:|1699755297\n|-terastallize|p1a: Amaterasu|Grass\n|move|p2b: Shrek-pon|Spiky Shield|p2b: Shrek-pon\n|-singleturn|p2b: Shrek-pon|move: Protect\n|move|p1b: Skipmore|Solar Blade||[still]\n|-prepare|p1b: Skipmore|Solar Blade\n|-anim|p1b: Skipmore|Solar Blade|p2b: Shrek-pon\n|-activate|p2b: Shrek-pon|move: Protect\n|-damage|p1b: Skipmore|88\/100|[from] Spiky Shield|[of] p2b: Shrek-pon\n|move|p1a: Amaterasu|Solar Beam||[still]\n|-prepare|p1a: Amaterasu|Solar Beam\n|-anim|p1a: Amaterasu|Solar Beam|p2b: Shrek-pon\n|-activate|p2b: Shrek-pon|move: Protect\n|move|p2a: Chess Board|Psychic|p1b: Skipmore\n|-supereffective|p1b: Skipmore\n|-damage|p1b: Skipmore|0 fnt\n|faint|p1b: Skipmore\n|\n|-weather|SunnyDay|[upkeep]\n|upkeep\n|\n|t:|1699755316\n|switch|p1b: Mima|Flutter Mane, L50|100\/100\n|-activate|p1b: Mima|ability: Protosynthesis\n|-start|p1b: Mima|protosynthesisspe\n|turn|2\n|\n|t:|1699755332\n|switch|p2b: Japanese Sinestea|Sinistcha, L50|100\/100\n|move|p1b: Mima|Shadow Ball|p2a: Chess Board\n|-supereffective|p2a: Chess Board\n|-damage|p2a: Chess Board|25\/100\n|-enditem|p2a: Chess Board|Sitrus Berry|[eat]\n|-heal|p2a: Chess Board|50\/100|[from] item: Sitrus Berry\n|-damage|p1b: Mima|90\/100|[from] item: Life Orb\n|move|p1a: Amaterasu|Nasty Plot|p1a: Amaterasu\n|-boost|p1a: Amaterasu|spa|2\n|move|p2a: Chess Board|Psychic|p1b: Mima\n|-damage|p1b: Mima|56\/100\n|\n|-weather|SunnyDay|[upkeep]\n|upkeep\n|turn|3\n|\n|t:|1699755355\n|switch|p2a: Shrek-pon|Ogerpon-Wellspring, L50, F|100\/100\n|move|p2b: Japanese Sinestea|Protect|p2b: Japanese Sinestea\n|-singleturn|p2b: Japanese Sinestea|Protect\n|move|p1b: Mima|Shadow Ball|p2a: Shrek-pon\n|-damage|p2a: Shrek-pon|36\/100\n|-unboost|p2a: Shrek-pon|spd|1\n|-damage|p1b: Mima|46\/100|[from] item: Life Orb\n|move|p1a: Amaterasu|Flamethrower|p2b: Japanese Sinestea\n|-activate|p2b: Japanese Sinestea|move: Protect\n|\n|-weather|SunnyDay|[upkeep]\n|upkeep\n|turn|4\n|\n|t:|1699755374\n|move|p1b: Mima|Shadow Ball|p2a: Shrek-pon\n|-crit|p2a: Shrek-pon\n|-damage|p2a: Shrek-pon|0 fnt\n|faint|p2a: Shrek-pon\n|-damage|p1b: Mima|36\/100|[from] item: Life Orb\n|move|p1a: Amaterasu|Flamethrower|p2b: Japanese Sinestea\n|-supereffective|p2b: Japanese Sinestea\n|-damage|p2b: Japanese Sinestea|0 fnt\n|faint|p2b: Japanese Sinestea\n|\n|-weather|SunnyDay|[upkeep]\n|upkeep\n|\n|t:|1699755382\n|switch|p2a: Broken Neck|Mimikyu, L50, M|100\/100\n|switch|p2b: Chess Board|Gothitelle, L50, F|50\/100\n|turn|5\n|\n|t:|1699755405\n|move|p2b: Chess Board|Fake Out|p1a: Amaterasu\n|-damage|p1a: Amaterasu|92\/100\n|move|p1b: Mima|Shadow Ball|p2a: Broken Neck\n|-activate|p2a: Broken Neck|ability: Disguise\n|-damage|p2a: Broken Neck|100\/100\n|-unboost|p2a: Broken Neck|spd|1\n|detailschange|p2a: Broken Neck|Mimikyu-Busted, L50, M\n|-damage|p2a: Broken Neck|88\/100|[from] pokemon: Mimikyu-Busted\n|-damage|p1b: Mima|26\/100|[from] item: Life Orb\n|cant|p1a: Amaterasu|flinch\n|move|p2a: Broken Neck|Trick Room|p2a: Broken Neck\n|-fieldstart|move: Trick Room|[of] p2a: Broken Neck\n|\n|-weather|SunnyDay|[upkeep]\n|upkeep\n|turn|6\n|inactive|olmecssb has 30 seconds left.\n|\n|t:|1699755434\n|-terastallize|p2a: Broken Neck|Fire\n|move|p2b: Chess Board|Psychic|p1b: Mima\n|-damage|p1b: Mima|0 fnt\n|faint|p1b: Mima\n|-end|p1b: Mima|Protosynthesis|[silent]\n|move|p2a: Broken Neck|Play Rough|p1a: Amaterasu\n|-damage|p1a: Amaterasu|45\/100\n|move|p1a: Amaterasu|Flamethrower|p2a: Broken Neck\n|-resisted|p2a: Broken Neck\n|-damage|p2a: Broken Neck|25\/100\n|-enditem|p2a: Broken Neck|Aguav Berry|[eat]\n|-heal|p2a: Broken Neck|58\/100|[from] item: Aguav Berry\n|\n|-weather|SunnyDay|[upkeep]\n|upkeep\n|\n|t:|1699755448\n|switch|p1b: Shinki|Typhlosion-Hisui, L50, F|100\/100\n|turn|7\n|\n|t:|1699755468\n|move|p2b: Chess Board|Heal Pulse|p2a: Broken Neck\n|-heal|p2a: Broken Neck|100\/100\n|move|p2a: Broken Neck|Play Rough|p1a: Amaterasu\n|-damage|p1a: Amaterasu|4\/100\n|move|p1b: Shinki|Eruption|p2b: Chess Board|[spread] p2a,p2b\n|-resisted|p2a: Broken Neck\n|-damage|p2a: Broken Neck|43\/100\n|-damage|p2b: Chess Board|0 fnt\n|faint|p2b: Chess Board\n|move|p1a: Amaterasu|Flamethrower|p2a: Broken Neck\n|-resisted|p2a: Broken Neck\n|-damage|p2a: Broken Neck|0 fnt\n|faint|p2a: Broken Neck\n|\n|win|E.Bluemage\n|inactive|E.Bluemage has 50 seconds to confirm battle start!\n|inactive|olmecssb has 50 seconds to confirm battle start!\n|c|&|\/uhtml prompt-ebluemage,E.Bluemage is ready for game 2!\n","uploadtime":1699755486,"views":33,"p1id":"ebluemage","p2id":"olmecssb","formatid":"gen9vgc2023regulatione","rating":0,"private":0,"password":""}