{"id":"gen9vgc2023regulatione-1989266655","p1":"Open00","p2":"Vengeful potato","format":"[Gen 9] VGC 2023 Regulation E","log":"|j|\u2606Open00\n|j|\u2606Vengeful potato\n|t:|1699829785\n|gametype|doubles\n|player|p1|Open00|depotagent|1481\n|player|p2|Vengeful potato|swimmer|1637\n|teamsize|p1|6\n|teamsize|p2|6\n|gen|9\n|tier|[Gen 9] VGC 2023 Regulation E\n|rated|\n|rule|Species Clause: Limit one of each Pok\u00e9mon\n|rule|Item Clause: Limit one of each item\n|clearpoke\n|poke|p1|Sableye, L50, F|\n|poke|p1|Espathra, L50, F|\n|poke|p1|Landorus, L50, M|\n|poke|p1|Iron Bundle, L50|\n|poke|p1|Arcanine-Hisui, L50, F|\n|poke|p1|Flutter Mane, L50|\n|poke|p2|Articuno-Galar, L50|\n|poke|p2|Maushold, L50|\n|poke|p2|Urshifu-*, L50, F|\n|poke|p2|Sinistcha-Masterpiece, L50|\n|poke|p2|Heatran, L50, F|\n|poke|p2|Regidrago, L50|\n|teampreview|4\n|\n|t:|1699829811\n|start\n|switch|p1a: Sableye|Sableye, L50, F|100\/100\n|switch|p1b: Espathra|Espathra, L50, F|100\/100\n|switch|p2a: The Rizzler\ud83d\ude31\ud83d\udcaf\ud83d\udde3\ufe0f|Articuno-Galar, L50, shiny|100\/100\n|switch|p2b: Despereaux|Maushold, L50, shiny|100\/100\n|turn|1\n|inactive|Battle timer is ON: inactive players will automatically lose when time's up. (requested by Open00)\n|\n|t:|1699829823\n|move|p1a: Sableye|Gravity|p1a: Sableye\n|-fieldstart|move: Gravity\n|move|p1b: Espathra|Hypnosis|p2a: The Rizzler\ud83d\ude31\ud83d\udcaf\ud83d\udde3\ufe0f\n|-status|p2a: The Rizzler\ud83d\ude31\ud83d\udcaf\ud83d\udde3\ufe0f|slp|[from] move: Hypnosis\n|move|p2b: Despereaux|Taunt|p1b: Espathra\n|-start|p1b: Espathra|move: Taunt\n|-enditem|p1b: Espathra|Mental Herb\n|-end|p1b: Espathra|move: Taunt\n|cant|p2a: The Rizzler\ud83d\ude31\ud83d\udcaf\ud83d\udde3\ufe0f|slp\n|\n|-ability|p1b: Espathra|Speed Boost|boost\n|-boost|p1b: Espathra|spe|1\n|upkeep\n|turn|2\n|\n|t:|1699829838\n|switch|p1a: Iron Bundle|Iron Bundle, L50|100\/100\n|move|p1b: Espathra|Hypnosis|p2b: Despereaux\n|-status|p2b: Despereaux|slp|[from] move: Hypnosis\n|cant|p2b: Despereaux|slp\n|cant|p2a: The Rizzler\ud83d\ude31\ud83d\udcaf\ud83d\udde3\ufe0f|slp\n|\n|-ability|p1b: Espathra|Speed Boost|boost\n|-boost|p1b: Espathra|spe|1\n|upkeep\n|turn|3\n|\n|t:|1699829851\n|cant|p2b: Despereaux|slp\n|move|p1b: Espathra|Lumina Crash|p2a: The Rizzler\ud83d\ude31\ud83d\udcaf\ud83d\udde3\ufe0f\n|-resisted|p2a: The Rizzler\ud83d\ude31\ud83d\udcaf\ud83d\udde3\ufe0f\n|-damage|p2a: The Rizzler\ud83d\ude31\ud83d\udcaf\ud83d\udde3\ufe0f|91\/100 slp\n|move|p1a: Iron Bundle|Blizzard|p2a: The Rizzler\ud83d\ude31\ud83d\udcaf\ud83d\udde3\ufe0f|[spread] p2a,p2b\n|-supereffective|p2a: The Rizzler\ud83d\ude31\ud83d\udcaf\ud83d\udde3\ufe0f\n|-damage|p2a: The Rizzler\ud83d\ude31\ud83d\udcaf\ud83d\udde3\ufe0f|38\/100 slp\n|-damage|p2b: Despereaux|52\/100 slp\n|cant|p2a: The Rizzler\ud83d\ude31\ud83d\udcaf\ud83d\udde3\ufe0f|slp\n|\n|-ability|p1b: Espathra|Speed Boost|boost\n|-boost|p1b: Espathra|spe|1\n|upkeep\n|turn|4\n|\n|t:|1699829867\n|-terastallize|p2a: The Rizzler\ud83d\ude31\ud83d\udcaf\ud83d\udde3\ufe0f|Steel\n|cant|p2b: Despereaux|slp\n|move|p1b: Espathra|Lumina Crash|p2b: Despereaux\n|-damage|p2b: Despereaux|18\/100 slp\n|-unboost|p2b: Despereaux|spd|2\n|move|p1a: Iron Bundle|Blizzard|p2a: The Rizzler\ud83d\ude31\ud83d\udcaf\ud83d\udde3\ufe0f|[spread] p2a,p2b\n|-resisted|p2a: The Rizzler\ud83d\ude31\ud83d\udcaf\ud83d\udde3\ufe0f\n|-damage|p2a: The Rizzler\ud83d\ude31\ud83d\udcaf\ud83d\udde3\ufe0f|25\/100 slp\n|-damage|p2b: Despereaux|0 fnt\n|faint|p2b: Despereaux\n|-curestatus|p2a: The Rizzler\ud83d\ude31\ud83d\udcaf\ud83d\udde3\ufe0f|slp|[msg]\n|move|p2a: The Rizzler\ud83d\ude31\ud83d\udcaf\ud83d\udde3\ufe0f|Trick Room|p2a: The Rizzler\ud83d\ude31\ud83d\udcaf\ud83d\udde3\ufe0f\n|-fieldstart|move: Trick Room|[of] p2a: The Rizzler\ud83d\ude31\ud83d\udcaf\ud83d\udde3\ufe0f\n|\n|-ability|p1b: Espathra|Speed Boost|boost\n|-boost|p1b: Espathra|spe|1\n|upkeep\n|\n|t:|1699829877\n|switch|p2b: THE DRAGON BALL\ud83e\udd76|Regidrago, L50, shiny|100\/100\n|turn|5\n|\n|t:|1699829892\n|-terastallize|p1b: Espathra|Fairy\n|move|p2b: THE DRAGON BALL\ud83e\udd76|Protect|p2b: THE DRAGON BALL\ud83e\udd76\n|-singleturn|p2b: THE DRAGON BALL\ud83e\udd76|Protect\n|move|p1a: Iron Bundle|Protect|p1a: Iron Bundle\n|-singleturn|p1a: Iron Bundle|Protect\n|move|p2a: The Rizzler\ud83d\ude31\ud83d\udcaf\ud83d\udde3\ufe0f|Freezing Glare|p1a: Iron Bundle\n|-activate|p1a: Iron Bundle|move: Protect\n|move|p1b: Espathra|Hypnosis|p2b: THE DRAGON BALL\ud83e\udd76\n|-activate|p2b: THE DRAGON BALL\ud83e\udd76|move: Protect\n|\n|-fieldend|move: Gravity\n|-ability|p1b: Espathra|Speed Boost|boost\n|-boost|p1b: Espathra|spe|1\n|upkeep\n|turn|6\n|\n|t:|1699829904\n|-end|p1a: Iron Bundle|Quark Drive|[silent]\n|switch|p1a: Sableye|Sableye, L50, F|100\/100\n|move|p2b: THE DRAGON BALL\ud83e\udd76|Dragon Energy|p1b: Espathra|[spread] p1a\n|-immune|p1b: Espathra\n|-damage|p1a: Sableye|0 fnt\n|faint|p1a: Sableye\n|move|p2a: The Rizzler\ud83d\ude31\ud83d\udcaf\ud83d\udde3\ufe0f|Air Slash|p1b: Espathra\n|-damage|p1b: Espathra|52\/100\n|move|p1b: Espathra|Hypnosis|p2b: THE DRAGON BALL\ud83e\udd76|[miss]\n|-miss|p1b: Espathra|p2b: THE DRAGON BALL\ud83e\udd76\n|\n|-ability|p1b: Espathra|Speed Boost|boost\n|-boost|p1b: Espathra|spe|1\n|upkeep\n|\n|t:|1699829921\n|switch|p1a: Landorus|Landorus, L50, M|100\/100\n|turn|7\n|\n|t:|1699829929\n|move|p1a: Landorus|Protect|p1a: Landorus\n|-singleturn|p1a: Landorus|Protect\n|move|p2b: THE DRAGON BALL\ud83e\udd76|Dragon Energy|p1a: Landorus|[spread] \n|-activate|p1a: Landorus|move: Protect\n|-immune|p1b: Espathra\n|move|p2a: The Rizzler\ud83d\ude31\ud83d\udcaf\ud83d\udde3\ufe0f|Freezing Glare|p1b: Espathra\n|-damage|p1b: Espathra|0 fnt\n|faint|p1b: Espathra\n|\n|upkeep\n|\n|t:|1699829938\n|switch|p1b: Iron Bundle|Iron Bundle, L50|100\/100\n|turn|8\n|\n|t:|1699829948\n|move|p1b: Iron Bundle|Protect|p1b: Iron Bundle\n|-singleturn|p1b: Iron Bundle|Protect\n|move|p2b: THE DRAGON BALL\ud83e\udd76|Dragon Energy|p1a: Landorus|[spread] p1a\n|-activate|p1b: Iron Bundle|move: Protect\n|-damage|p1a: Landorus|0 fnt\n|faint|p1a: Landorus\n|move|p2a: The Rizzler\ud83d\ude31\ud83d\udcaf\ud83d\udde3\ufe0f|Tailwind|p2a: The Rizzler\ud83d\ude31\ud83d\udcaf\ud83d\udde3\ufe0f\n|-sidestart|p2: Vengeful potato|move: Tailwind\n|\n|-fieldend|move: Trick Room\n|upkeep\n|turn|9\n|\n|t:|1699829960\n|move|p2a: The Rizzler\ud83d\ude31\ud83d\udcaf\ud83d\udde3\ufe0f|Freezing Glare|p1b: Iron Bundle\n|-damage|p1b: Iron Bundle|4\/100\n|move|p2b: THE DRAGON BALL\ud83e\udd76|Dragon Energy|p1b: Iron Bundle\n|-damage|p1b: Iron Bundle|0 fnt\n|faint|p1b: Iron Bundle\n|-end|p1b: Iron Bundle|Quark Drive|[silent]\n|\n|win|Vengeful potato\n|raw|Open00's rating: 1481 &rarr; <strong>1469<\/strong><br \/>(-12 for losing)\n|raw|Vengeful potato's rating: 1637 &rarr; <strong>1649<\/strong><br \/>(+12 for winning)\n|c|\u2606Vengeful potato|Gg\n|l|\u2606Open00\n","uploadtime":1699829970,"views":13,"p1id":"open00","p2id":"vengefulpotato","formatid":"gen9vgc2023regulatione","rating":1469,"private":0,"password":""}