{"id":"gen9vgc2023regulatione-1988644845","p1":"ShimeNaruka","p2":"Leon1das","format":"[Gen 9] VGC 2023 Regulation E","log":"|j|\u2606ShimeNaruka\n|j|\u2606Leon1das\n|n|\u2606ShimeNaruka|shimenaruka\n|n|\u2606Leon1das|leon1das\n|html|View the match progress at <a href=\"\/game-bestof3-gen9vgc2023regulatione-1988644844\">game-bestof3-gen9vgc2023regulatione-1988644844<\/a>\n|t:|1699745617\n|gametype|doubles\n|player|p1|ShimeNaruka|alder|\n|player|p2|Leon1das|265|\n|teamsize|p1|6\n|teamsize|p2|6\n|gen|9\n|tier|[Gen 9] VGC 2023 Regulation E\n|rule|Species Clause: Limit one of each Pok\u00e9mon\n|rule|Item Clause: Limit one of each item\n|clearpoke\n|poke|p1|Flutter Mane, L50|\n|poke|p1|Urshifu-*, L50, M|\n|poke|p1|Ogerpon-Wellspring, L50, F|\n|poke|p1|Iron Hands, L50|\n|poke|p1|Landorus, L50, M|\n|poke|p1|Arcanine-Hisui, L50, M|\n|poke|p2|Cresselia, L50, F|\n|poke|p2|Ursaluna-Bloodmoon, L50, M|\n|poke|p2|Iron Hands, L50|\n|poke|p2|Ogerpon-Wellspring, L50, F|\n|poke|p2|Arcanine-Hisui, L50, M|\n|poke|p2|Flutter Mane, L50|\n|teampreview|4\n|j| lucasarreguy\nShimeNaruka has agreed to open team sheets.\n|j| Bard0_Gamer\n|j| PSmonteiro\n|j| Rebornsan93\n|c| Rebornsan93|abre o time leonidas :)\nLeon1das has agreed to open team sheets.\n|showteam|p1|Flutter Mane||BoosterEnergy|Protosynthesis|Moonblast,ShadowBall,IcyWind,Protect||||||50|,,,,,Fairy]Urshifu||FocusSash|UnseenFist|WickedBlow,CloseCombat,SuckerPunch,Protect|||M|||50|,,,,,Dark]Ogerpon-Wellspring||WellspringMask|WaterAbsorb|IvyCudgel,WoodHammer,FollowMe,SpikyShield|||F|||50|,,,,,Water]Iron Hands||AssaultVest|QuarkDrive|WildCharge,DrainPunch,HeavySlam,FakeOut||||||50|,,,,,Grass]Landorus||LifeOrb|SheerForce|EarthPower,SludgeBomb,Taunt,Protect|||M|||50|,,,,,Poison]Arcanine-Hisui||ChoiceBand|Intimidate|FlareBlitz,RockSlide,ExtremeSpeed,TeraBlast|||M|||50|,,,,,Fairy\n|showteam|p2|Cresselia||MentalHerb|Levitate|Psychic,HelpingHand,LunarBlessing,TrickRoom|||F|||50|,,,,,Fire]Ursaluna-Bloodmoon||ThroatSpray|MindsEye|BloodMoon,EarthPower,HyperVoice,Protect|||M|||50|,,,,,Grass]Iron Hands||AssaultVest|QuarkDrive|FakeOut,DrainPunch,WildCharge,HeavySlam||||||50|,,,,,Fire]Ogerpon-Wellspring||WellspringMask|WaterAbsorb|IvyCudgel,FollowMe,HornLeech,SpikyShield|||F|||50|,,,,,Water]Arcanine-Hisui||SitrusBerry|Intimidate|RockSlide,FlareBlitz,ExtremeSpeed,Protect|||M|||50|,,,,,Grass]Flutter Mane||BoosterEnergy|Protosynthesis|Moonblast,ShadowBall,DazzlingGleam,Protect||||||50|,,,,,Fairy\n|c| lucasarreguy|podem come\u00e7ar\n|\n|t:|1699745668\n|start\n|switch|p1a: Ogerpon|Ogerpon-Wellspring, L50, F|100\/100\n|switch|p1b: Iron Hands|Iron Hands, L50|100\/100\n|switch|p2a: Celinha|Cresselia, L50, F|100\/100\n|switch|p2b: Michelangelo|Iron Hands, L50|100\/100\n|turn|1\n|j| Yuri\n|\n|t:|1699745715\n|move|p1b: Iron Hands|Fake Out|p2b: Michelangelo\n|-damage|p2b: Michelangelo|89\/100\n|cant|p2b: Michelangelo|flinch\n|move|p1a: Ogerpon|Ivy Cudgel|p2b: Michelangelo\n|-damage|p2b: Michelangelo|48\/100\n|move|p2a: Celinha|Trick Room|p2a: Celinha\n|-fieldstart|move: Trick Room|[of] p2a: Celinha\n|\n|upkeep\n|turn|2\n|\n|t:|1699745749\n|move|p1a: Ogerpon|Spiky Shield|p1a: Ogerpon\n|-singleturn|p1a: Ogerpon|move: Protect\n|move|p2b: Michelangelo|Wild Charge|p1a: Ogerpon\n|-activate|p1a: Ogerpon|move: Protect\n|-damage|p2b: Michelangelo|36\/100|[from] Spiky Shield|[of] p1a: Ogerpon\n|move|p1b: Iron Hands|Wild Charge|p2a: Celinha\n|-damage|p2a: Celinha|66\/100\n|-damage|p1b: Iron Hands|92\/100|[from] Recoil\n|move|p2a: Celinha|Psychic|p1a: Ogerpon\n|-activate|p1a: Ogerpon|move: Protect\n|\n|upkeep\n|turn|3\n|j| bb_hachi8\n|\n|t:|1699745774\n|switch|p1a: Landorus|Landorus, L50, M|100\/100\n|move|p2a: Celinha|Helping Hand|p2b: Michelangelo\n|-singleturn|p2b: Michelangelo|Helping Hand|[of] p2a: Celinha\n|move|p2b: Michelangelo|Wild Charge|p1a: Landorus\n|-immune|p1a: Landorus\n|move|p1b: Iron Hands|Wild Charge|p2a: Celinha\n|-damage|p2a: Celinha|36\/100\n|-damage|p1b: Iron Hands|85\/100|[from] Recoil\n|\n|upkeep\n|turn|4\n|c|\u2606Leon1das|EU TO COMENDO\n|j| DorititosKiller\n|\n|t:|1699745806\n|move|p1a: Landorus|Protect|p1a: Landorus\n|-singleturn|p1a: Landorus|Protect\n|move|p2b: Michelangelo|Drain Punch|p1b: Iron Hands\n|-damage|p1b: Iron Hands|55\/100\n|-heal|p2b: Michelangelo|52\/100|[from] drain|[of] p1b: Iron Hands\n|move|p1b: Iron Hands|Wild Charge|p2a: Celinha\n|-damage|p2a: Celinha|1\/100\n|-damage|p1b: Iron Hands|47\/100|[from] Recoil\n|move|p2a: Celinha|Lunar Blessing|p2a: Celinha|[spread] p2a,p2b\n|-heal|p2a: Celinha|26\/100\n|-heal|p2b: Michelangelo|77\/100\n|\n|upkeep\n|turn|5\n|c|\u2606Leon1das|e a memoria ram foi toda pro estomago\n|c| lucasarreguy|campeonato rolando e voc\u00ea JANTANDO?\n|\n|t:|1699745851\n|move|p2a: Celinha|Helping Hand|p2b: Michelangelo\n|-singleturn|p2b: Michelangelo|Helping Hand|[of] p2a: Celinha\n|move|p2b: Michelangelo|Heavy Slam|p1a: Landorus\n|-damage|p1a: Landorus|27\/100\n|move|p1b: Iron Hands|Wild Charge|p2a: Celinha\n|-damage|p2a: Celinha|0 fnt\n|faint|p2a: Celinha\n|-damage|p1b: Iron Hands|40\/100|[from] Recoil\n|move|p1a: Landorus|Earth Power|p2b: Michelangelo\n|-supereffective|p2b: Michelangelo\n|-damage|p2b: Michelangelo|0 fnt\n|faint|p2b: Michelangelo\n|-end|p2b: Michelangelo|Quark Drive|[silent]\n|\n|-fieldend|move: Trick Room\n|upkeep\n|\n|t:|1699745865\n|switch|p2a: Lana del Rey|Ogerpon-Wellspring, L50, F|100\/100\n|switch|p2b: Melanie|Flutter Mane, L50|100\/100\n|-enditem|p2b: Melanie|Booster Energy\n|-activate|p2b: Melanie|ability: Protosynthesis|[fromitem]\n|-start|p2b: Melanie|protosynthesisspa\n|turn|6\n|\n|t:|1699745892\n|move|p1a: Landorus|Protect|p1a: Landorus\n|-singleturn|p1a: Landorus|Protect\n|move|p2a: Lana del Rey|Follow Me|p2a: Lana del Rey\n|-singleturn|p2a: Lana del Rey|move: Follow Me\n|move|p2b: Melanie|Dazzling Gleam|p1b: Iron Hands|[spread] p1b\n|-activate|p1a: Landorus|move: Protect\n|-supereffective|p1b: Iron Hands\n|-damage|p1b: Iron Hands|4\/100\n|move|p1b: Iron Hands|Wild Charge|p2a: Lana del Rey\n|-damage|p2a: Lana del Rey|44\/100\n|-damage|p1b: Iron Hands|0 fnt|[from] Recoil\n|faint|p1b: Iron Hands\n|-end|p1b: Iron Hands|Quark Drive|[silent]\n|\n|upkeep\n|\n|t:|1699745905\n|switch|p1b: Urshifu|Urshifu, L50, M|100\/100\n|turn|7\n|\n|t:|1699745927\n|-terastallize|p1a: Landorus|Poison\n|-terastallize|p2a: Lana del Rey|Water\n|detailschange|p2a: Lana del Rey|Ogerpon-Wellspring-Tera, L50, F, tera:Water\n|-ability|p2a: Lana del Rey|Embody Aspect (Wellspring)|boost\n|-boost|p2a: Lana del Rey|spd|1\n|move|p2a: Lana del Rey|Follow Me|p2a: Lana del Rey\n|-singleturn|p2a: Lana del Rey|move: Follow Me\n|move|p2b: Melanie|Dazzling Gleam|p1a: Landorus|[spread] p1a,p1b\n|-resisted|p1a: Landorus\n|-supereffective|p1b: Urshifu\n|-damage|p1a: Landorus|4\/100\n|-enditem|p1b: Urshifu|Focus Sash\n|-damage|p1b: Urshifu|1\/100\n|move|p1a: Landorus|Sludge Bomb|p2a: Lana del Rey\n|-damage|p2a: Lana del Rey|0 fnt\n|faint|p2a: Lana del Rey\n|move|p1b: Urshifu|Wicked Blow|p2b: Melanie\n|-crit|p2b: Melanie\n|-damage|p2b: Melanie|5\/100\n|\n|upkeep\n|turn|8\n|\n|t:|1699745948\n|move|p1b: Urshifu|Sucker Punch|p2b: Melanie\n|-crit|p2b: Melanie\n|-damage|p2b: Melanie|0 fnt\n|faint|p2b: Melanie\n|-end|p2b: Melanie|Protosynthesis|[silent]\n|\n|win|ShimeNaruka\n|c|&|\/uhtml prompt-leon1das,Leon1das is ready for game 2!\n","uploadtime":1699745954,"views":12,"p1id":"shimenaruka","p2id":"leon1das","formatid":"gen9vgc2023regulatione","rating":0,"private":0,"password":""}