{"id":"gen9vgc2023regulatione-1991591911","p1":"Nervoneo","p2":"RandyDaRowlet","format":"[Gen 9] VGC 2023 Regulation E","log":"|j|\u2606Nervoneo\n|j|\u2606RandyDaRowlet\n|t:|1700091858\n|gametype|doubles\n|player|p1|Nervoneo|101|1198\n|player|p2|RandyDaRowlet|boarder|1107\n|teamsize|p1|6\n|teamsize|p2|6\n|gen|9\n|tier|[Gen 9] VGC 2023 Regulation E\n|rated|\n|rule|Species Clause: Limit one of each Pok\u00e9mon\n|rule|Item Clause: Limit one of each item\n|clearpoke\n|poke|p1|Clodsire, L50, M|\n|poke|p1|Dipplin, L50, M|\n|poke|p1|Iron Bundle, L50|\n|poke|p1|Tauros-Paldea-Blaze, L50, M|\n|poke|p1|Landorus-Therian, L50, M|\n|poke|p1|Farigiraf, L50, M|\n|poke|p2|Torkoal, L50, F|\n|poke|p2|Hatterene, L50, F|\n|poke|p2|Amoonguss, L50, F|\n|poke|p2|Armarouge, L50, F|\n|poke|p2|Skeledirge, L50, M|\n|poke|p2|Flutter Mane, L50|\n|teampreview|4\n|\n|t:|1700091880\n|start\n|switch|p1a: Iron Bundle|Iron Bundle, L50|100\/100\n|switch|p1b: Tauros|Tauros-Paldea-Blaze, L50, M|100\/100\n|switch|p2a: Torkoal|Torkoal, L50, F|100\/100\n|switch|p2b: Hatterene|Hatterene, L50, F|100\/100\n|-ability|p1b: Tauros|Intimidate|boost\n|-unboost|p2a: Torkoal|atk|1\n|-unboost|p2b: Hatterene|atk|1\n|-weather|SunnyDay|[from] ability: Drought|[of] p2a: Torkoal\n|-enditem|p1a: Iron Bundle|Booster Energy\n|-activate|p1a: Iron Bundle|ability: Quark Drive|[fromitem]\n|-start|p1a: Iron Bundle|quarkdrivespe\n|turn|1\n|\n|t:|1700091902\n|move|p1a: Iron Bundle|Freeze-Dry|p2b: Hatterene\n|-damage|p2b: Hatterene|66\/100\n|move|p1b: Tauros|Stomping Tantrum|p2a: Torkoal\n|-supereffective|p2a: Torkoal\n|-damage|p2a: Torkoal|63\/100\n|move|p2a: Torkoal|Stealth Rock|p1b: Tauros\n|-sidestart|p1: Nervoneo|move: Stealth Rock\n|move|p2b: Hatterene|Trick Room|p2b: Hatterene\n|-fieldstart|move: Trick Room|[of] p2b: Hatterene\n|\n|-weather|SunnyDay|[upkeep]\n|upkeep\n|turn|2\n|\n|t:|1700091921\n|move|p2a: Torkoal|Gyro Ball|p1a: Iron Bundle\n|-damage|p1a: Iron Bundle|74\/100\n|move|p2b: Hatterene|Dazzling Gleam|p1b: Tauros|[spread] p1a,p1b\n|-damage|p1a: Iron Bundle|23\/100\n|-damage|p1b: Tauros|74\/100\n|move|p1b: Tauros|Raging Bull|p2b: Hatterene\n|-damage|p2b: Hatterene|11\/100\n|move|p1a: Iron Bundle|Freeze-Dry|p2b: Hatterene\n|-damage|p2b: Hatterene|0 fnt\n|faint|p2b: Hatterene\n|\n|-weather|SunnyDay|[upkeep]\n|upkeep\n|\n|t:|1700091934\n|switch|p2b: Armarouge|Armarouge, L50, F|100\/100\n|-enditem|p2b: Armarouge|Room Service\n|-unboost|p2b: Armarouge|spe|1|[from] item: Room Service\n|turn|3\n|\n|t:|1700091968\n|move|p2a: Torkoal|Body Press|p1a: Iron Bundle\n|-supereffective|p1a: Iron Bundle\n|-damage|p1a: Iron Bundle|0 fnt\n|faint|p1a: Iron Bundle\n|-end|p1a: Iron Bundle|Quark Drive|[silent]\n|move|p2b: Armarouge|Psychic|p1b: Tauros\n|-supereffective|p1b: Tauros\n|-damage|p1b: Tauros|0 fnt\n|faint|p1b: Tauros\n|\n|-weather|SunnyDay|[upkeep]\n|upkeep\n|\n|t:|1700091976\n|switch|p1b: Clodsire|Clodsire, L50, M|100\/100\n|switch|p1a: Dipplin|Dipplin, L50, M|100\/100\n|-damage|p1b: Clodsire|94\/100|[from] Stealth Rock\n|-damage|p1a: Dipplin|88\/100|[from] Stealth Rock\n|-ability|p1a: Dipplin|Supersweet Syrup\n|-ability|p1a: Dipplin|Supersweet Syrup|boost\n|-unboost|p2a: Torkoal|evasion|1\n|-unboost|p2b: Armarouge|evasion|1\n|turn|4\n|\n|t:|1700092000\n|move|p2a: Torkoal|Body Press|p1a: Dipplin\n|-damage|p1a: Dipplin|73\/100\n|move|p1b: Clodsire|Gunk Shot|p2b: Armarouge\n|-damage|p2b: Armarouge|54\/100\n|move|p2b: Armarouge|Psychic|p1b: Clodsire\n|-supereffective|p1b: Clodsire\n|-damage|p1b: Clodsire|32\/100\n|-enditem|p1b: Clodsire|Weakness Policy\n|-boost|p1b: Clodsire|atk|2|[from] item: Weakness Policy\n|-boost|p1b: Clodsire|spa|2|[from] item: Weakness Policy\n|move|p1a: Dipplin|Pollen Puff|p2b: Armarouge\n|-damage|p2b: Armarouge|20\/100\n|\n|-weather|SunnyDay|[upkeep]\n|upkeep\n|turn|5\n|\n|t:|1700092025\n|move|p2a: Torkoal|Body Press|p1a: Dipplin\n|-damage|p1a: Dipplin|57\/100\n|move|p1b: Clodsire|Stomping Tantrum|p2b: Armarouge\n|-supereffective|p2b: Armarouge\n|-damage|p2b: Armarouge|0 fnt\n|faint|p2b: Armarouge\n|move|p1a: Dipplin|Pollen Puff|p1b: Clodsire\n|-heal|p1b: Clodsire|82\/100\n|\n|-weather|SunnyDay|[upkeep]\n|-fieldend|move: Trick Room\n|upkeep\n|\n|t:|1700092035\n|switch|p2b: Flutter Mane|Flutter Mane, L50|100\/100\n|-activate|p2b: Flutter Mane|ability: Protosynthesis\n|-start|p2b: Flutter Mane|protosynthesisspa\n|turn|6\n|\n|t:|1700092053\n|-terastallize|p2b: Flutter Mane|Fairy\n|-terastallize|p1b: Clodsire|Poison\n|move|p2b: Flutter Mane|Moonblast|p1a: Dipplin\n|-supereffective|p1a: Dipplin\n|-damage|p1a: Dipplin|0 fnt\n|faint|p1a: Dipplin\n|move|p1b: Clodsire|Gunk Shot|p2b: Flutter Mane\n|-supereffective|p2b: Flutter Mane\n|-damage|p2b: Flutter Mane|0 fnt\n|faint|p2b: Flutter Mane\n|-end|p2b: Flutter Mane|Protosynthesis|[silent]\n|move|p2a: Torkoal|Body Press|p1b: Clodsire\n|-resisted|p1b: Clodsire\n|-crit|p1b: Clodsire\n|-damage|p1b: Clodsire|63\/100\n|\n|-weather|SunnyDay|[upkeep]\n|upkeep\n|turn|7\n|\n|t:|1700092068\n|move|p1b: Clodsire|Gunk Shot|p2a: Torkoal\n|-damage|p2a: Torkoal|0 fnt\n|faint|p2a: Torkoal\n|\n|win|Nervoneo\n|raw|Nervoneo's rating: 1198 &rarr; <strong>1217<\/strong><br \/>(+19 for winning)\n|raw|RandyDaRowlet's rating: 1107 &rarr; <strong>1088<\/strong><br \/>(-19 for losing)\n|c|\u2606Nervoneo|ggwp\n|l|\u2606RandyDaRowlet\n","uploadtime":1700092077,"views":9,"p1id":"nervoneo","p2id":"randydarowlet","formatid":"gen9vgc2023regulatione","rating":1088,"private":0,"password":""}