{"id":"gen9vgc2023regulatione-1990520127","p1":"Johnaroy","p2":"trequinho","format":"[Gen 9] VGC 2023 Regulation E","log":"|j|\u2606Johnaroy\n|j|\u2606trequinho\n|t:|1699978198\n|gametype|doubles\n|player|p1|Johnaroy|giovanni|1380\n|player|p2|trequinho|byron|1387\n|teamsize|p1|6\n|teamsize|p2|6\n|gen|9\n|tier|[Gen 9] VGC 2023 Regulation E\n|rated|\n|rule|Species Clause: Limit one of each Pok\u00e9mon\n|rule|Item Clause: Limit one of each item\n|clearpoke\n|poke|p1|Ursaluna-Bloodmoon, L50, M|\n|poke|p1|Oranguru, L50, F|\n|poke|p1|Iron Hands, L50|\n|poke|p1|Flutter Mane, L50|\n|poke|p1|Kingambit, L50, M|\n|poke|p1|Landorus-Therian, L50, M|\n|poke|p2|Rillaboom, L50, M|\n|poke|p2|Hawlucha, L50, F|\n|poke|p2|Rotom-Wash, L50|\n|poke|p2|Amoonguss, L50, F|\n|poke|p2|Heatran, L50, F|\n|poke|p2|Scream Tail, L50|\n|teampreview|4\n|inactive|Battle timer is ON: inactive players will automatically lose when time's up. (requested by trequinho)\n|\n|t:|1699978217\n|start\n|switch|p1a: Iron Hands|Iron Hands, L50|100\/100\n|switch|p1b: Oranguru|Oranguru, L50, F|100\/100\n|switch|p2a: Capitalismo|Rotom-Wash, L50|100\/100\n|switch|p2b: DID|Amoonguss, L50, F|100\/100\n|turn|1\n|\n|t:|1699978232\n|move|p2a: Capitalismo|Protect|p2a: Capitalismo\n|-singleturn|p2a: Capitalismo|Protect\n|move|p2b: DID|Protect|p2b: DID\n|-singleturn|p2b: DID|Protect\n|move|p1a: Iron Hands|Fake Out|p2b: DID\n|-activate|p2b: DID|move: Protect\n|move|p1b: Oranguru|Trick Room|p1b: Oranguru\n|-fieldstart|move: Trick Room|[of] p1b: Oranguru\n|\n|upkeep\n|turn|2\n|\n|t:|1699978253\n|switch|p1b: Kingambit|Kingambit, L50, M|100\/100\n|move|p2b: DID|Spore|p1a: Iron Hands\n|-status|p1a: Iron Hands|slp|[from] move: Spore\n|cant|p1a: Iron Hands|slp\n|move|p2a: Capitalismo|Hydro Pump|p1b: Kingambit|[miss]\n|-miss|p2a: Capitalismo|p1b: Kingambit\n|\n|upkeep\n|turn|3\n|\n|t:|1699978272\n|switch|p2a: MASKEIKOO|Rillaboom, L50, M|100\/100\n|-fieldstart|move: Grassy Terrain|[from] ability: Grassy Surge|[of] p2a: MASKEIKOO\n|move|p2b: DID|Spore|p1b: Kingambit\n|-status|p1b: Kingambit|slp|[from] move: Spore\n|cant|p1b: Kingambit|slp\n|-curestatus|p1a: Iron Hands|slp|[msg]\n|move|p1a: Iron Hands|Wild Charge|p2a: MASKEIKOO\n|-resisted|p2a: MASKEIKOO\n|-damage|p2a: MASKEIKOO|75\/100\n|-damage|p1a: Iron Hands|95\/100|[from] Recoil\n|\n|-heal|p1a: Iron Hands|100\/100|[from] Grassy Terrain\n|-heal|p2a: MASKEIKOO|81\/100|[from] Grassy Terrain\n|upkeep\n|turn|4\n|\n|t:|1699978295\n|switch|p2a: Call Me out|Hawlucha, L50, F|100\/100\n|-enditem|p2a: Call Me out|Grassy Seed\n|-boost|p2a: Call Me out|def|1|[from] item: Grassy Seed\n|-terastallize|p1b: Kingambit|Dark\n|move|p2b: DID|Spore|p1a: Iron Hands\n|-status|p1a: Iron Hands|slp|[from] move: Spore\n|-curestatus|p1b: Kingambit|slp|[msg]\n|move|p1b: Kingambit|Kowtow Cleave|p2b: DID\n|-damage|p2b: DID|10\/100\n|cant|p1a: Iron Hands|slp\n|\n|-heal|p2b: DID|16\/100|[from] Grassy Terrain\n|-heal|p2b: DID|22\/100|[from] item: Leftovers\n|upkeep\n|turn|5\n|\n|t:|1699978315\n|switch|p2b: MASKEIKOO|Rillaboom, L50, M|81\/100\n|move|p1b: Kingambit|Kowtow Cleave|p2b: MASKEIKOO\n|-damage|p2b: MASKEIKOO|5\/100\n|-curestatus|p1a: Iron Hands|slp|[msg]\n|move|p1a: Iron Hands|Drain Punch|p2b: MASKEIKOO\n|-damage|p2b: MASKEIKOO|0 fnt\n|faint|p2b: MASKEIKOO\n|move|p2a: Call Me out|Close Combat|p1b: Kingambit\n|-supereffective|p1b: Kingambit\n|-damage|p1b: Kingambit|22\/100\n|-unboost|p2a: Call Me out|def|1\n|-unboost|p2a: Call Me out|spd|1\n|\n|-heal|p1b: Kingambit|28\/100|[from] Grassy Terrain\n|-fieldend|move: Trick Room\n|upkeep\n|\n|t:|1699978322\n|switch|p2b: DID|Amoonguss, L50, F|55\/100\n|turn|6\n|inactive|Johnaroy has 30 seconds left.\n|\n|t:|1699978351\n|-end|p1a: Iron Hands|Quark Drive|[silent]\n|switch|p1a: Ursaluna|Ursaluna-Bloodmoon, L50, M|100\/100\n|move|p2a: Call Me out|Protect|p2a: Call Me out\n|-singleturn|p2a: Call Me out|Protect\n|move|p1b: Kingambit|Sucker Punch||[still]\n|-fail|p1b: Kingambit\n|move|p2b: DID|Pollen Puff|p1b: Kingambit\n|-supereffective|p1b: Kingambit\n|-damage|p1b: Kingambit|0 fnt\n|faint|p1b: Kingambit\n|\n|-heal|p2b: DID|61\/100|[from] Grassy Terrain\n|-heal|p2b: DID|67\/100|[from] item: Leftovers\n|upkeep\n|\n|t:|1699978364\n|switch|p1b: Oranguru|Oranguru, L50, F|100\/100\n|turn|7\n|\n|t:|1699978373\n|move|p2a: Call Me out|Close Combat|p1a: Ursaluna\n|-supereffective|p1a: Ursaluna\n|-damage|p1a: Ursaluna|10\/100\n|-unboost|p2a: Call Me out|def|1\n|-unboost|p2a: Call Me out|spd|1\n|move|p1a: Ursaluna|Blood Moon|p2b: DID\n|-damage|p2b: DID|4\/100\n|move|p2b: DID|Spore|p1b: Oranguru\n|-status|p1b: Oranguru|slp|[from] move: Spore\n|cant|p1b: Oranguru|slp\n|\n|-heal|p1a: Ursaluna|16\/100|[from] Grassy Terrain\n|-heal|p2b: DID|10\/100|[from] Grassy Terrain\n|-heal|p2b: DID|16\/100|[from] item: Leftovers\n|-fieldend|move: Grassy Terrain\n|upkeep\n|turn|8\n|\n|t:|1699978395\n|switch|p1a: Iron Hands|Iron Hands, L50|100\/100\n|move|p2a: Call Me out|Acrobatics|p1a: Iron Hands\n|-damage|p1a: Iron Hands|65\/100\n|move|p2b: DID|Pollen Puff|p1b: Oranguru\n|-supereffective|p1b: Oranguru\n|-damage|p1b: Oranguru|69\/100 slp\n|cant|p1b: Oranguru|slp\n|\n|-heal|p2b: DID|22\/100|[from] item: Leftovers\n|upkeep\n|turn|9\n|\n|t:|1699978415\n|-terastallize|p2b: DID|Steel\n|move|p1a: Iron Hands|Fake Out|p2a: Call Me out\n|-damage|p2a: Call Me out|69\/100\n|cant|p2a: Call Me out|flinch\n|move|p2b: DID|Pollen Puff|p1b: Oranguru\n|-supereffective|p1b: Oranguru\n|-damage|p1b: Oranguru|41\/100 slp\n|-curestatus|p1b: Oranguru|slp|[msg]\n|move|p1b: Oranguru|Trick Room|p1b: Oranguru\n|-fieldstart|move: Trick Room|[of] p1b: Oranguru\n|\n|-heal|p2b: DID|28\/100|[from] item: Leftovers\n|upkeep\n|turn|10\n|\n|t:|1699978436\n|move|p2b: DID|Spore|p1a: Iron Hands\n|-status|p1a: Iron Hands|slp|[from] move: Spore\n|cant|p1a: Iron Hands|slp\n|move|p1b: Oranguru|Instruct|p1a: Iron Hands\n|-singleturn|p1a: Iron Hands|move: Instruct|[of] p1b: Oranguru\n|cant|p1a: Iron Hands|slp\n|move|p2a: Call Me out|Acrobatics|p1b: Oranguru\n|-damage|p1b: Oranguru|0 fnt\n|faint|p1b: Oranguru\n|\n|-heal|p2b: DID|34\/100|[from] item: Leftovers\n|upkeep\n|\n|t:|1699978446\n|switch|p1b: Ursaluna|Ursaluna-Bloodmoon, L50, M|16\/100\n|turn|11\n|\n|t:|1699978466\n|move|p2a: Call Me out|Protect|p2a: Call Me out\n|-singleturn|p2a: Call Me out|Protect\n|move|p2b: DID|Pollen Puff|p1b: Ursaluna\n|-damage|p1b: Ursaluna|0 fnt\n|faint|p1b: Ursaluna\n|cant|p1a: Iron Hands|slp\n|\n|-heal|p2b: DID|40\/100|[from] item: Leftovers\n|upkeep\n|turn|12\n|-message|Johnaroy forfeited.\n|\n|win|trequinho\n|raw|Johnaroy's rating: 1380 &rarr; <strong>1360<\/strong><br \/>(-20 for losing)\n|raw|trequinho's rating: 1387 &rarr; <strong>1407<\/strong><br \/>(+20 for winning)\n|l|\u2606Johnaroy\n","uploadtime":1699978513,"views":13,"p1id":"johnaroy","p2id":"trequinho","formatid":"gen9vgc2023regulatione","rating":1360,"private":0,"password":""}