{"id":"gen9vgc2023regulatione-1993275885","p1":"hehheiamcheese","p2":"whyismynamejeff","format":"[Gen 9] VGC 2023 Regulation E","log":"|j|\u2606hehheiamcheese\n|j|\u2606whyismynamejeff\n|t:|1700288591\n|gametype|doubles\n|player|p1|hehheiamcheese|hilbert|\n|player|p2|whyismynamejeff|colress|\n|teamsize|p1|6\n|teamsize|p2|6\n|gen|9\n|tier|[Gen 9] VGC 2023 Regulation E\n|rated|Tournament battle\n|rule|Species Clause: Limit one of each Pok\u00e9mon\n|rule|Item Clause: Limit one of each item\n|clearpoke\n|poke|p1|Urshifu-*, L50, M|\n|poke|p1|Tornadus, L50, M|\n|poke|p1|Regieleki, L50|\n|poke|p1|Annihilape, L50, M|\n|poke|p1|Ogerpon-Cornerstone, L50, F|\n|poke|p1|Azumarill, L50, M|\n|poke|p2|Empoleon, L50, M|\n|poke|p2|Ogerpon-Hearthflame, L50, F|\n|poke|p2|Flutter Mane, L50|\n|poke|p2|Iron Hands, L50|\n|poke|p2|Baxcalibur, L50, M|\n|poke|p2|Landorus-Therian, L50, M|\n|teampreview|4\n|showteam|p1|Urshifu-Rapid-Strike||ChoiceScarf|UnseenFist|SurgingStrikes,Uturn,PoisonJab,CloseCombat|||M|||50|,,,,,Water]Tornadus||FocusSash|Prankster|Tailwind,RainDance,Taunt,IcyWind|||M|||50|,,,,,Steel]Regieleki||LifeOrb|Transistor|Thunderbolt,TeraBlast,Electroweb,Thunder||||||50|,,,,,Ice]Annihilape||SitrusBerry|Defiant|RageFist,CloseCombat,FinalGambit,BulkUp|||M|||50|,,,,,Water]Ogerpon-Cornerstone||CornerstoneMask|Sturdy|FollowMe,IvyCudgel,HornLeech,LowKick|||F|||50|,,,,,Rock]Azumarill||ClearAmulet|HugePower|BellyDrum,Waterfall,AquaJet,PlayRough|||M|||50|,,,,,Fairy\n|showteam|p2|Empoleon||Leftovers|Competitive|HydroPump,Protect,IceBeam,FlashCannon|||M|||50|,,,,,Dragon]Ogerpon-Hearthflame||HearthflameMask|MoldBreaker|IvyCudgel,HornLeech,SwordsDance,SpikyShield|||F|||50|,,,,,Fire]Flutter Mane||BoosterEnergy|Protosynthesis|Moonblast,ShadowBall,IcyWind,Protect||||||50|,,,,,Fairy]Iron Hands||AssaultVest|QuarkDrive|WildCharge,DrainPunch,FakeOut,IcePunch||||||50|,,,,,Water]Baxcalibur||LoadedDice|ThermalExchange|IcicleSpear,ScaleShot,IceShard,Protect|||M|||50|,,,,,Poison]Landorus-Therian||ChoiceScarf|Intimidate|RockSlide,StompingTantrum,Uturn,TeraBlast|||M|||50|,,,,,Flying\n|j| Flarefox_7\n|\n|t:|1700288634\n|start\n|switch|p1a: Tornadus|Tornadus, L50, M|100\/100\n|switch|p1b: Regieleki|Regieleki, L50|100\/100\n|switch|p2a: Landorus|Landorus-Therian, L50, M|100\/100\n|switch|p2b: Iron Hands|Iron Hands, L50|100\/100\n|-ability|p2a: Landorus|Intimidate|boost\n|-unboost|p1a: Tornadus|atk|1\n|-unboost|p1b: Regieleki|atk|1\n|turn|1\n|\n|t:|1700288669\n|-terastallize|p1b: Regieleki|Ice\n|move|p2b: Iron Hands|Fake Out|p1a: Tornadus\n|-damage|p1a: Tornadus|83\/100\n|cant|p1a: Tornadus|flinch\n|move|p1b: Regieleki|Tera Blast|p2a: Landorus|[anim] Tera Blast Ice\n|-supereffective|p2a: Landorus\n|-damage|p2a: Landorus|0 fnt\n|faint|p2a: Landorus\n|-damage|p1b: Regieleki|91\/100|[from] item: Life Orb\n|\n|upkeep\n|\n|t:|1700288681\n|switch|p2a: Baxcalibur|Baxcalibur, L50, M|100\/100\n|turn|2\n|\n|t:|1700288691\n|move|p1a: Tornadus|Rain Dance|p1a: Tornadus\n|-weather|RainDance\n|move|p2a: Baxcalibur|Ice Shard|p1a: Tornadus\n|-supereffective|p1a: Tornadus\n|-damage|p1a: Tornadus|31\/100\n|move|p1b: Regieleki|Thunder|p2a: Baxcalibur\n|-resisted|p2a: Baxcalibur\n|-damage|p2a: Baxcalibur|57\/100\n|-status|p2a: Baxcalibur|par\n|-damage|p1b: Regieleki|81\/100|[from] item: Life Orb\n|move|p2b: Iron Hands|Drain Punch|p1b: Regieleki\n|-supereffective|p1b: Regieleki\n|-damage|p1b: Regieleki|0 fnt\n|faint|p1b: Regieleki\n|\n|-weather|RainDance|[upkeep]\n|upkeep\n|\n|t:|1700288710\n|switch|p1b: Urshifu|Urshifu-Rapid-Strike, L50, M|100\/100\n|turn|3\n|c|\u2606whyismynamejeff|hmm\n|\n|t:|1700288729\n|move|p1a: Tornadus|Tailwind|p1a: Tornadus\n|-sidestart|p1: hehheiamcheese|move: Tailwind\n|cant|p2a: Baxcalibur|par\n|move|p1b: Urshifu|U-turn|p2b: Iron Hands\n|-resisted|p2b: Iron Hands\n|-damage|p2b: Iron Hands|91\/100\n|\n|t:|1700288736\n|switch|p1b: Annihilape|Annihilape, L50, M|100\/100|[from] U-turn\n|move|p2b: Iron Hands|Wild Charge|p1b: Annihilape\n|-damage|p1b: Annihilape|42\/100\n|-enditem|p1b: Annihilape|Sitrus Berry|[eat]\n|-heal|p1b: Annihilape|67\/100|[from] item: Sitrus Berry\n|-damage|p2b: Iron Hands|80\/100|[from] Recoil\n|\n|-weather|RainDance|[upkeep]\n|upkeep\n|turn|4\n|\n|t:|1700288779\n|move|p1a: Tornadus|Icy Wind|p2a: Baxcalibur|[spread] p2a,p2b\n|-damage|p2a: Baxcalibur|44\/100 par\n|-damage|p2b: Iron Hands|73\/100\n|-unboost|p2a: Baxcalibur|spe|1\n|-unboost|p2b: Iron Hands|spe|1\n|move|p1b: Annihilape|Close Combat|p2a: Baxcalibur\n|-supereffective|p2a: Baxcalibur\n|-damage|p2a: Baxcalibur|0 fnt\n|-unboost|p1b: Annihilape|def|1\n|-unboost|p1b: Annihilape|spd|1\n|faint|p2a: Baxcalibur\n|move|p2b: Iron Hands|Wild Charge|p1a: Tornadus\n|-supereffective|p1a: Tornadus\n|-damage|p1a: Tornadus|0 fnt\n|faint|p1a: Tornadus\n|-damage|p2b: Iron Hands|68\/100|[from] Recoil\n|\n|-weather|RainDance|[upkeep]\n|upkeep\n|\n|t:|1700288794\n|switch|p1a: Urshifu|Urshifu-Rapid-Strike, L50, M|100\/100\n|switch|p2a: Flutter Mane|Flutter Mane, L50|100\/100\n|-enditem|p2a: Flutter Mane|Booster Energy\n|-activate|p2a: Flutter Mane|ability: Protosynthesis|[fromitem]\n|-start|p2a: Flutter Mane|protosynthesisspe\n|turn|5\n|c|\u2606whyismynamejeff|hmm\n|\n|t:|1700288826\n|-terastallize|p2b: Iron Hands|Water\n|move|p1a: Urshifu|Surging Strikes|p2b: Iron Hands\n|-resisted|p2b: Iron Hands\n|-crit|p2b: Iron Hands\n|-damage|p2b: Iron Hands|57\/100\n|-resisted|p2b: Iron Hands\n|-crit|p2b: Iron Hands\n|-damage|p2b: Iron Hands|46\/100\n|-resisted|p2b: Iron Hands\n|-crit|p2b: Iron Hands\n|-damage|p2b: Iron Hands|35\/100\n|-hitcount|p2b: Iron Hands|3\n|move|p2a: Flutter Mane|Shadow Ball|p1b: Annihilape\n|-supereffective|p1b: Annihilape\n|-damage|p1b: Annihilape|0 fnt\n|faint|p1b: Annihilape\n|move|p2b: Iron Hands|Wild Charge|p1a: Urshifu\n|-supereffective|p1a: Urshifu\n|-damage|p1a: Urshifu|0 fnt\n|faint|p1a: Urshifu\n|-damage|p2b: Iron Hands|17\/100|[from] Recoil\n|\n|win|whyismynamejeff\n|n|\u2606hehheiamcheese|hehheiamcheese\n|n|\u2606whyismynamejeff|whyismynamejeff\n|n| Flarefox_7|flarefox7\n|l|\u2606whyismynamejeff\n|j|\u2606whyismynamejeff\n|player|p2|whyismynamejeff|colress\n|l|\u2606hehheiamcheese\n","uploadtime":1700288852,"views":15,"p1id":"hehheiamcheese","p2id":"whyismynamejeff","formatid":"gen9vgc2023regulatione","rating":0,"private":0,"password":""}