{"id":"gen9vgc2023regulatione-1992799479","p1":"AppleSockz","p2":"Zsdad","format":"[Gen 9] VGC 2023 Regulation E","log":"|j|\u2606AppleSockz\n|j|\u2606Zsdad\n|t:|1700236479\n|gametype|doubles\n|player|p1|AppleSockz|pokemaniac|1265\n|player|p2|Zsdad|brycenman|1309\n|teamsize|p1|6\n|teamsize|p2|6\n|gen|9\n|tier|[Gen 9] VGC 2023 Regulation E\n|rated|\n|rule|Species Clause: Limit one of each Pok\u00e9mon\n|rule|Item Clause: Limit one of each item\n|clearpoke\n|poke|p1|Tornadus, L50, M|\n|poke|p1|Ogerpon-Wellspring, L50, F|\n|poke|p1|Iron Hands, L50|\n|poke|p1|Arcanine-Hisui, L50, F|\n|poke|p1|Urshifu-*, L50, F|\n|poke|p1|Gholdengo, L50|\n|poke|p2|Dragapult, L50, M|\n|poke|p2|Chien-Pao, L50|\n|poke|p2|Landorus-Therian, L50, M|\n|poke|p2|Gholdengo, L50|\n|poke|p2|Maushold-Four, L50|\n|poke|p2|Murkrow, L50, M|\n|teampreview|4\nAppleSockz has agreed to open team sheets.\nZsdad has agreed to open team sheets.\n|\n|t:|1700236530\n|start\n|switch|p1a: Komainu|Arcanine-Hisui, L50, F|100\/100\n|switch|p1b: Da Dawg|Urshifu-Rapid-Strike, L50, F|100\/100\n|switch|p2a: Murkrow|Murkrow, L50, M|100\/100\n|switch|p2b: Landorus|Landorus-Therian, L50, M|100\/100\n|-ability|p2b: Landorus|Intimidate|boost\n|-unboost|p1a: Komainu|atk|1\n|-unboost|p1b: Da Dawg|atk|1\n|-ability|p1a: Komainu|Intimidate|boost\n|-unboost|p2a: Murkrow|atk|1\n|-unboost|p2b: Landorus|atk|1\n|turn|1\n|\n|t:|1700236549\n|switch|p1a: Da Man|Tornadus, L50, M|100\/100\n|move|p2a: Murkrow|Thunder Wave|p1b: Da Dawg\n|-status|p1b: Da Dawg|par\n|move|p2b: Landorus|Stomping Tantrum|p1a: Da Man\n|-immune|p1a: Da Man\n|cant|p1b: Da Dawg|par\n|\n|upkeep\n|turn|2\n|\n|t:|1700236563\n|switch|p2b: Dragapult|Dragapult, L50, M|100\/100\n|move|p1a: Da Man|Tailwind|p1a: Da Man\n|-sidestart|p1: AppleSockz|move: Tailwind\n|move|p2a: Murkrow|Tailwind|p2a: Murkrow\n|-sidestart|p2: Zsdad|move: Tailwind\n|cant|p1b: Da Dawg|par\n|\n|upkeep\n|turn|3\n|c|\u2606AppleSockz|I am going to break my computer\n|c|\u2606Zsdad|Sorry\n|\n|t:|1700236596\n|switch|p1b: Mr.Slapper|Iron Hands, L50|100\/100\n|move|p1a: Da Man|Rain Dance|p1a: Da Man\n|-weather|RainDance\n|move|p2a: Murkrow|Thunder Wave|p1a: Da Man|[miss]\n|-miss|p2a: Murkrow|p1a: Da Man\n|move|p2b: Dragapult|Psychic Fangs|p1b: Mr.Slapper\n|-supereffective|p1b: Mr.Slapper\n|-damage|p1b: Mr.Slapper|39\/100\n|\n|-weather|RainDance|[upkeep]\n|upkeep\n|turn|4\n|\n|t:|1700236609\n|-end|p1b: Mr.Slapper|Quark Drive|[silent]\n|switch|p1b: Komainu|Arcanine-Hisui, L50, F|100\/100\n|-ability|p1b: Komainu|Intimidate|boost\n|-unboost|p2a: Murkrow|atk|1\n|-fail|p2b: Dragapult|unboost|[from] ability: Clear Body|[of] p2b: Dragapult\n|move|p2a: Murkrow|Thunder Wave|p1a: Da Man\n|-status|p1a: Da Man|par\n|move|p2b: Dragapult|Psychic Fangs|p1b: Komainu\n|-damage|p1b: Komainu|56\/100\n|cant|p1a: Da Man|par\n|\n|-weather|RainDance|[upkeep]\n|upkeep\n|turn|5\n|\n|t:|1700236636\n|switch|p2b: Landorus|Landorus-Therian, L50, M|100\/100\n|-ability|p2b: Landorus|Intimidate|boost\n|-unboost|p1a: Da Man|atk|1\n|-unboost|p1b: Komainu|atk|1\n|-terastallize|p1b: Komainu|Fairy\n|move|p2a: Murkrow|Thunder Wave|p1b: Komainu\n|-status|p1b: Komainu|par\n|cant|p1b: Komainu|par\n|move|p1a: Da Man|Bleakwind Storm|p2a: Murkrow|[spread] p2a,p2b\n|-crit|p2b: Landorus\n|-damage|p2a: Murkrow|68\/100\n|-damage|p2b: Landorus|33\/100\n|\n|-weather|RainDance|[upkeep]\n|-sideend|p1: AppleSockz|move: Tailwind\n|-sideend|p2: Zsdad|move: Tailwind\n|upkeep\n|turn|6\n|\n|t:|1700236654\n|move|p2b: Landorus|Rock Slide|p1a: Da Man|[spread] p1a\n|-miss|p2b: Landorus|p1b: Komainu\n|-supereffective|p1a: Da Man\n|-damage|p1a: Da Man|42\/100 par\n|move|p2a: Murkrow|Foul Play|p1a: Da Man\n|-damage|p1a: Da Man|17\/100 par\n|cant|p1b: Komainu|par\n|cant|p1a: Da Man|flinch\n|\n|-weather|RainDance|[upkeep]\n|upkeep\n|turn|7\n|c|\u2606AppleSockz|its alright, I don't want to move\n|\n|t:|1700236673\n|move|p1a: Da Man|Tailwind|p1a: Da Man\n|-sidestart|p1: AppleSockz|move: Tailwind\n|move|p2b: Landorus|Rock Slide|p1b: Komainu|[spread] p1a,p1b\n|-supereffective|p1a: Da Man\n|-damage|p1a: Da Man|0 fnt\n|-damage|p1b: Komainu|33\/100 par\n|faint|p1a: Da Man\n|move|p1b: Komainu|Rock Slide|p2b: Landorus|[spread] p2a,p2b\n|-supereffective|p2a: Murkrow\n|-damage|p2a: Murkrow|0 fnt\n|-damage|p2b: Landorus|0 fnt\n|faint|p2a: Murkrow\n|faint|p2b: Landorus\n|\n|-weather|none\n|upkeep\n|c|\u2606Zsdad|This is absurd\n|\n|t:|1700236689\n|switch|p2b: Chien-Pao|Chien-Pao, L50|100\/100\n|switch|p1a: Da Dawg|Urshifu-Rapid-Strike, L50, F|100\/100 par\n|switch|p2a: Dragapult|Dragapult, L50, M|100\/100\n|-ability|p2b: Chien-Pao|Sword of Ruin\n|turn|8\n|\n|t:|1700236702\n|-terastallize|p2a: Dragapult|Steel\n|move|p2a: Dragapult|Psychic Fangs|p1a: Da Dawg\n|-supereffective|p1a: Da Dawg\n|-damage|p1a: Da Dawg|0 fnt\n|faint|p1a: Da Dawg\n|move|p2b: Chien-Pao|Ice Spinner|p1b: Komainu\n|-damage|p1b: Komainu|0 fnt\n|faint|p1b: Komainu\n|\n|upkeep\n|\n|t:|1700236711\n|switch|p1a: Mr.Slapper|Iron Hands, L50|39\/100\n|turn|9\n|c|\u2606AppleSockz|gg lol\n|c|\u2606Zsdad|Gg, I got super lucky\n|\n|t:|1700236723\n|move|p2a: Dragapult|Psychic Fangs|p1a: Mr.Slapper\n|-supereffective|p1a: Mr.Slapper\n|-damage|p1a: Mr.Slapper|0 fnt\n|faint|p1a: Mr.Slapper\n|-end|p1a: Mr.Slapper|Quark Drive|[silent]\n|\n|win|Zsdad\n|raw|AppleSockz's rating: 1265 &rarr; <strong>1243<\/strong><br \/>(-22 for losing)\n|raw|Zsdad's rating: 1309 &rarr; <strong>1326<\/strong><br \/>(+17 for winning)\n|l|\u2606Zsdad\n","uploadtime":1700236732,"views":30,"p1id":"applesockz","p2id":"zsdad","formatid":"gen9vgc2023regulatione","rating":1243,"private":0,"password":""}