{"id":"gen9vgc2023regulatione-1990936098","p1":"cut*redacted*vgc","p2":"averagerandbats","format":"[Gen 9] VGC 2023 Regulation E","log":"|j|\u2606cut*redacted*vgc\n|j|\u2606averagerandbats\n|t:|1700017065\n|gametype|doubles\n|player|p1|cut*redacted*vgc|2|1250\n|player|p2|averagerandbats|janitor|1169\n|teamsize|p1|6\n|teamsize|p2|6\n|gen|9\n|tier|[Gen 9] VGC 2023 Regulation E\n|rated|\n|rule|Species Clause: Limit one of each Pok\u00e9mon\n|rule|Item Clause: Limit one of each item\n|clearpoke\n|poke|p1|Tornadus, L50, M|\n|poke|p1|Arcanine-Hisui, L50, M|\n|poke|p1|Iron Hands, L50|\n|poke|p1|Gholdengo, L50|\n|poke|p1|Urshifu-*, L50, M|\n|poke|p1|Ogerpon-Wellspring, L50, F|\n|poke|p2|Zapdos, L50|\n|poke|p2|Arcanine-Hisui, L50, F|\n|poke|p2|Urshifu-*, L50, M|\n|poke|p2|Rillaboom, L50, M|\n|poke|p2|Gholdengo, L50|\n|poke|p2|Ogerpon-Wellspring, L50, F|\n|teampreview|4\n|inactive|Battle timer is ON: inactive players will automatically lose when time's up. (requested by cut*redacted*vgc)\n|c|\u2606cut*redacted*vgc|Glhf\n|\n|t:|1700017110\n|start\n|switch|p1a: Urshifu|Urshifu-Rapid-Strike, L50, M|100\/100\n|switch|p1b: Arcanine|Arcanine-Hisui, L50, M|100\/100\n|switch|p2a: Zapdos|Zapdos, L50|100\/100\n|switch|p2b: Arcanine|Arcanine-Hisui, L50, F|100\/100\n|-ability|p2b: Arcanine|Intimidate|boost\n|-unboost|p1a: Urshifu|atk|1\n|-unboost|p1b: Arcanine|atk|1\n|-ability|p1b: Arcanine|Intimidate|boost\n|-unboost|p2a: Zapdos|atk|1\n|-unboost|p2b: Arcanine|atk|1\n|turn|1\n|\n|t:|1700017127\n|-terastallize|p2b: Arcanine|Fairy\n|move|p1a: Urshifu|Surging Strikes|p2b: Arcanine\n|-crit|p2b: Arcanine\n|-damage|p2b: Arcanine|79\/100\n|-crit|p2b: Arcanine\n|-damage|p2b: Arcanine|54\/100\n|-crit|p2b: Arcanine\n|-damage|p2b: Arcanine|30\/100\n|-hitcount|p2b: Arcanine|3\n|move|p2b: Arcanine|Tera Blast|p1a: Urshifu|[anim] Tera Blast Fairy\n|-supereffective|p1a: Urshifu\n|-damage|p1a: Urshifu|34\/100\n|move|p1b: Arcanine|Rock Slide|p2b: Arcanine|[spread] p2a,p2b\n|-supereffective|p2a: Zapdos\n|-damage|p2a: Zapdos|54\/100\n|-damage|p2b: Arcanine|0 fnt\n|faint|p2b: Arcanine\n|cant|p2a: Zapdos|flinch\n|\n|upkeep\n|\n|t:|1700017143\n|switch|p2b: Urshifu|Urshifu-Rapid-Strike, L50, M|100\/100\n|turn|2\n|\n|t:|1700017159\n|switch|p1b: Iron Hands|Iron Hands, L50|100\/100\n|move|p1a: Urshifu|Surging Strikes|p2a: Zapdos\n|-crit|p2a: Zapdos\n|-damage|p2a: Zapdos|38\/100\n|-damage|p1a: Urshifu|18\/100|[from] item: Rocky Helmet|[of] p2a: Zapdos\n|-crit|p2a: Zapdos\n|-damage|p2a: Zapdos|22\/100\n|-damage|p1a: Urshifu|1\/100|[from] item: Rocky Helmet|[of] p2a: Zapdos\n|-crit|p2a: Zapdos\n|-damage|p2a: Zapdos|6\/100\n|-damage|p1a: Urshifu|0 fnt|[from] item: Rocky Helmet|[of] p2a: Zapdos\n|faint|p1a: Urshifu\n|-hitcount|p2a: Zapdos|3\n|move|p2b: Urshifu|U-turn|p1b: Iron Hands\n|-resisted|p1b: Iron Hands\n|-damage|p1b: Iron Hands|93\/100\n|\n|t:|1700017173\n|switch|p2b: Rillaboom|Rillaboom, L50, M, shiny|100\/100|[from] U-turn\n|-fieldstart|move: Grassy Terrain|[from] ability: Grassy Surge|[of] p2b: Rillaboom\n|move|p2a: Zapdos|Tailwind|p2a: Zapdos\n|-sidestart|p2: averagerandbats|move: Tailwind\n|\n|-heal|p1b: Iron Hands|99\/100|[from] Grassy Terrain\n|upkeep\n|\n|t:|1700017178\n|switch|p1a: Arcanine|Arcanine-Hisui, L50, M|100\/100\n|-ability|p1a: Arcanine|Intimidate|boost\n|-unboost|p2a: Zapdos|atk|1\n|-unboost|p2b: Rillaboom|atk|1\n|turn|3\n|\n|t:|1700017191\n|switch|p2b: Urshifu|Urshifu-Rapid-Strike, L50, M|100\/100\n|move|p1b: Iron Hands|Fake Out|p2b: Urshifu\n|-damage|p2b: Urshifu|86\/100\n|move|p2a: Zapdos|Hurricane|p1b: Iron Hands\n|-damage|p1b: Iron Hands|75\/100\n|-start|p1b: Iron Hands|confusion\n|move|p1a: Arcanine|Flare Blitz|p2b: Urshifu\n|-resisted|p2b: Urshifu\n|-damage|p2b: Urshifu|47\/100\n|-damage|p1a: Arcanine|88\/100|[from] Recoil\n|\n|-heal|p2b: Urshifu|54\/100|[from] Grassy Terrain\n|-heal|p1a: Arcanine|93\/100|[from] Grassy Terrain\n|-heal|p1b: Iron Hands|81\/100|[from] Grassy Terrain\n|upkeep\n|turn|4\n|c|\u2606cut*redacted*vgc|Really thought you was switching\n|c|\u2606cut*redacted*vgc|The zap\n|inactive|cut*redacted*vgc has 30 seconds left.\n|inactive|averagerandbats has 30 seconds left.\n|c|\u2606averagerandbats|too bulky not to lol\n|inactive|cut*redacted*vgc has 20 seconds left.\n|inactive|averagerandbats has 20 seconds left.\n|\n|t:|1700017230\n|-terastallize|p1a: Arcanine|Fairy\n|move|p2b: Urshifu|Surging Strikes|p1a: Arcanine\n|-crit|p1a: Arcanine\n|-damage|p1a: Arcanine|69\/100\n|-crit|p1a: Arcanine\n|-damage|p1a: Arcanine|46\/100\n|-crit|p1a: Arcanine\n|-damage|p1a: Arcanine|24\/100\n|-hitcount|p1a: Arcanine|3\n|move|p2a: Zapdos|Rain Dance|p2a: Zapdos\n|-weather|RainDance\n|move|p1a: Arcanine|Flare Blitz|p2a: Zapdos\n|-damage|p2a: Zapdos|0 fnt\n|-damage|p1a: Arcanine|8\/100|[from] item: Rocky Helmet|[of] p2a: Zapdos\n|faint|p2a: Zapdos\n|-damage|p1a: Arcanine|6\/100|[from] Recoil\n|-activate|p1b: Iron Hands|confusion\n|-damage|p1b: Iron Hands|71\/100|[from] confusion\n|\n|-weather|RainDance|[upkeep]\n|-heal|p2b: Urshifu|60\/100|[from] Grassy Terrain\n|-heal|p1a: Arcanine|12\/100|[from] Grassy Terrain\n|-heal|p1b: Iron Hands|78\/100|[from] Grassy Terrain\n|upkeep\n|c|\u2606cut*redacted*vgc|I was really gonna fake that spot\n|\n|t:|1700017249\n|switch|p2a: Rillaboom|Rillaboom, L50, M, shiny|100\/100\n|turn|5\n|\n|t:|1700017265\n|switch|p1a: Tornadus|Tornadus, L50, M|100\/100\n|move|p2b: Urshifu|Surging Strikes|p1a: Tornadus\n|-crit|p1a: Tornadus\n|-damage|p1a: Tornadus|63\/100\n|-crit|p1a: Tornadus\n|-damage|p1a: Tornadus|32\/100\n|-crit|p1a: Tornadus\n|-damage|p1a: Tornadus|0 fnt\n|faint|p1a: Tornadus\n|-hitcount|p1: Tornadus|3\n|move|p2a: Rillaboom|High Horsepower|p1b: Iron Hands\n|-supereffective|p1b: Iron Hands\n|-damage|p1b: Iron Hands|32\/100\n|-activate|p1b: Iron Hands|confusion\n|-damage|p1b: Iron Hands|22\/100|[from] confusion\n|\n|-weather|RainDance|[upkeep]\n|-heal|p2b: Urshifu|66\/100|[from] Grassy Terrain\n|-heal|p1b: Iron Hands|28\/100|[from] Grassy Terrain\n|-sideend|p2: averagerandbats|move: Tailwind\n|upkeep\n|\n|t:|1700017281\n|switch|p1a: Arcanine|Arcanine-Hisui, L50, M, tera:Fairy|12\/100\n|-ability|p1a: Arcanine|Intimidate|boost\n|-unboost|p2a: Rillaboom|atk|1\n|-unboost|p2b: Urshifu|atk|1\n|turn|6\n|c|\u2606averagerandbats|unlucky on that confusion\n|\n|t:|1700017300\n|move|p1a: Arcanine|Extreme Speed|p2b: Urshifu\n|-damage|p2b: Urshifu|31\/100\n|move|p2b: Urshifu|Surging Strikes|p1a: Arcanine\n|-crit|p1a: Arcanine\n|-damage|p1a: Arcanine|0 fnt\n|faint|p1a: Arcanine\n|-hitcount|p1: Arcanine|1\n|move|p2a: Rillaboom|High Horsepower|p1b: Iron Hands\n|-supereffective|p1b: Iron Hands\n|-damage|p1b: Iron Hands|1\/100\n|-activate|p1b: Iron Hands|confusion\n|-damage|p1b: Iron Hands|0 fnt|[from] confusion\n|faint|p1b: Iron Hands\n|-end|p1b: Iron Hands|Quark Drive|[silent]\n|\n|win|averagerandbats\n|raw|cut*redacted*vgc's rating: 1250 &rarr; <strong>1219<\/strong><br \/>(-31 for losing)\n|raw|averagerandbats's rating: 1169 &rarr; <strong>1200<\/strong><br \/>(+31 for winning)\n|c|\u2606averagerandbats|gg\n|l|\u2606cut*redacted*vgc\n|c|\u2606averagerandbats|that's baek's team right?\n","uploadtime":1700017318,"views":17,"p1id":"cutredactedvgc","p2id":"averagerandbats","formatid":"gen9vgc2023regulatione","rating":1200,"private":0,"password":""}