{"id":"gen9vgc2023regulatione-1994326058","p1":"CrystalDialga","p2":"Osprey11","format":"[Gen 9] VGC 2023 Regulation E","log":"|j|\u2606CrystalDialga\n|j|\u2606Osprey11\n|n|\u2606CrystalDialga|crystaldialga\n|n|\u2606Osprey11|osprey11\n|html|View the match progress at <a href=\"\/game-bestof3-gen9vgc2023regulatione-1994326057\">game-bestof3-gen9vgc2023regulatione-1994326057<\/a>\n|t:|1700431363\n|gametype|doubles\n|player|p1|CrystalDialga|larry|\n|player|p2|Osprey11|101|\n|teamsize|p1|6\n|teamsize|p2|6\n|gen|9\n|tier|[Gen 9] VGC 2023 Regulation E\n|rule|Species Clause: Limit one of each Pok\u00e9mon\n|rule|Item Clause: Limit one of each item\n|clearpoke\n|poke|p1|Dragapult, L50, M|\n|poke|p1|Chien-Pao, L50|\n|poke|p1|Ting-Lu, L50|\n|poke|p1|Rillaboom, L50, M|\n|poke|p1|Dondozo, L50, M|\n|poke|p1|Amoonguss, L50, M|\n|poke|p2|Moltres-Galar, L50|\n|poke|p2|Sinistcha, L50|\n|poke|p2|Iron Hands, L50|\n|poke|p2|Ogerpon-Wellspring, L50, F|\n|poke|p2|Arcanine-Hisui, L50, M|\n|poke|p2|Tornadus, L50, M|\n|teampreview|4\nCrystalDialga has agreed to open team sheets.\nOsprey11 has agreed to open team sheets.\n|showteam|p1|Dragapult||ChoiceBand|ClearBody|DragonDarts,PhantomForce,TeraBlast,Uturn|||M|||50|,,,,,Ghost]Chien-Pao||FocusSash|SwordofRuin|Protect,SuckerPunch,IcicleCrash,SacredSword||||||50|,,,,,Ghost]Ting-Lu||AssaultVest|VesselofRuin|Fissure,StompingTantrum,Ruination,HeavySlam||||||50|,,,,,Poison]Rillaboom||GrassySeed|GrassySurge|FakeOut,GrassyGlide,WoodHammer,Uturn|||M|||50|,,,,,Fire]Dondozo||Leftovers|Oblivious|Yawn,OrderUp,WaveCrash,HeavySlam|||M|||50|,,,,,Dragon]Amoonguss||RockyHelmet|Regenerator|Spore,RagePowder,PollenPuff,ClearSmog|||M|||50|,,,,,Dragon\n|showteam|p2|Moltres-Galar||Leftovers|Berserk|NastyPlot,Protect,FieryWrath,AirSlash||||||50|,,,,,Poison]Sinistcha||MentalHerb|Hospitality|TrickRoom,LifeDew,RagePowder,StrengthSap||||||50|,,,,,Water]Iron Hands||AssaultVest|QuarkDrive|FakeOut,WildCharge,DrainPunch,HeavySlam||||||50|,,,,,Fire]Ogerpon-Wellspring||WellspringMask|WaterAbsorb|SpikyShield,IvyCudgel,HornLeech,FollowMe|||F|||50|,,,,,Water]Arcanine-Hisui||SitrusBerry|Intimidate|FlareBlitz,WillOWisp,Snarl,RockSlide|||M|||50|,,,,,Grass]Tornadus||CovertCloak|Prankster|Tailwind,RainDance,BleakwindStorm,IcyWind|||M|||50|,,,,,Dark\n|j| Van. Volcanucks\n|c|\u2606CrystalDialga|gl hf\n|c|\u2606Osprey11|you too\n|\n|t:|1700431429\n|start\n|switch|p1a: Dude from Ice Age|Chien-Pao, L50|100\/100\n|switch|p1b: SSJ3 Goku|Rillaboom, L50, M, shiny|100\/100\n|switch|p2a: Moltres|Moltres-Galar, L50|100\/100\n|switch|p2b: Iron Hands|Iron Hands, L50|100\/100\n|-ability|p1a: Dude from Ice Age|Sword of Ruin\n|-fieldstart|move: Grassy Terrain|[from] ability: Grassy Surge|[of] p1b: SSJ3 Goku\n|-enditem|p1b: SSJ3 Goku|Grassy Seed\n|-boost|p1b: SSJ3 Goku|def|1|[from] item: Grassy Seed\n|turn|1\n|\n|t:|1700431475\n|-terastallize|p2a: Moltres|Poison\n|move|p1b: SSJ3 Goku|Fake Out|p2b: Iron Hands\n|-damage|p2b: Iron Hands|87\/100\n|move|p1a: Dude from Ice Age|Icicle Crash|p2a: Moltres\n|-damage|p2a: Moltres|54\/100\n|move|p2a: Moltres|Fiery Wrath|p1a: Dude from Ice Age|[spread] p1a,p1b\n|-resisted|p1a: Dude from Ice Age\n|-damage|p1a: Dude from Ice Age|81\/100\n|-damage|p1b: SSJ3 Goku|70\/100\n|cant|p2b: Iron Hands|flinch\n|\n|-heal|p1a: Dude from Ice Age|87\/100|[from] Grassy Terrain\n|-heal|p1b: SSJ3 Goku|76\/100|[from] Grassy Terrain\n|-heal|p2a: Moltres|60\/100|[from] Grassy Terrain\n|-heal|p2a: Moltres|66\/100|[from] item: Leftovers\n|-heal|p2b: Iron Hands|93\/100|[from] Grassy Terrain\n|upkeep\n|turn|2\n|\n|t:|1700431516\n|move|p1a: Dude from Ice Age|Protect|p1a: Dude from Ice Age\n|-singleturn|p1a: Dude from Ice Age|Protect\n|move|p2a: Moltres|Protect|p2a: Moltres\n|-singleturn|p2a: Moltres|Protect\n|move|p1b: SSJ3 Goku|Wood Hammer|p2a: Moltres\n|-activate|p2a: Moltres|move: Protect\n|move|p2b: Iron Hands|Heavy Slam|p1a: Dude from Ice Age\n|-activate|p1a: Dude from Ice Age|move: Protect\n|\n|-heal|p1a: Dude from Ice Age|93\/100|[from] Grassy Terrain\n|-heal|p1b: SSJ3 Goku|82\/100|[from] Grassy Terrain\n|-heal|p2a: Moltres|73\/100|[from] Grassy Terrain\n|-heal|p2a: Moltres|79\/100|[from] item: Leftovers\n|-heal|p2b: Iron Hands|99\/100|[from] Grassy Terrain\n|upkeep\n|turn|3\n|\n|t:|1700431543\n|-end|p2b: Iron Hands|Quark Drive|[silent]\n|switch|p2b: Arcanine|Arcanine-Hisui, L50, M|100\/100\n|-ability|p2b: Arcanine|Intimidate|boost\n|-unboost|p1a: Dude from Ice Age|atk|1\n|-unboost|p1b: SSJ3 Goku|atk|1\n|move|p1a: Dude from Ice Age|Icicle Crash|p2a: Moltres\n|-damage|p2a: Moltres|46\/100\n|-ability|p2a: Moltres|Berserk|boost\n|-boost|p2a: Moltres|spa|1\n|cant|p2a: Moltres|flinch\n|move|p1b: SSJ3 Goku|Wood Hammer|p2a: Moltres\n|-resisted|p2a: Moltres\n|-damage|p2a: Moltres|17\/100\n|-damage|p1b: SSJ3 Goku|73\/100|[from] Recoil\n|\n|-heal|p1a: Dude from Ice Age|99\/100|[from] Grassy Terrain\n|-heal|p1b: SSJ3 Goku|79\/100|[from] Grassy Terrain\n|-heal|p2a: Moltres|23\/100|[from] Grassy Terrain\n|-heal|p2a: Moltres|29\/100|[from] item: Leftovers\n|upkeep\n|turn|4\n|\n|t:|1700431583\n|switch|p1b: \"One more fissure\"|Ting-Lu, L50|100\/100\n|-ability|p1b: \"One more fissure\"|Vessel of Ruin\n|move|p1a: Dude from Ice Age|Protect|p1a: Dude from Ice Age\n|-singleturn|p1a: Dude from Ice Age|Protect\n|move|p2a: Moltres|Protect|p2a: Moltres\n|-singleturn|p2a: Moltres|Protect\n|move|p2b: Arcanine|Flare Blitz|p1b: \"One more fissure\"\n|-damage|p1b: \"One more fissure\"|66\/100\n|-status|p1b: \"One more fissure\"|brn\n|-damage|p2b: Arcanine|86\/100|[from] Recoil\n|\n|-heal|p1a: Dude from Ice Age|100\/100|[from] Grassy Terrain\n|-heal|p2a: Moltres|36\/100|[from] Grassy Terrain\n|-heal|p2b: Arcanine|92\/100|[from] Grassy Terrain\n|-heal|p2a: Moltres|42\/100|[from] item: Leftovers\n|-heal|p1b: \"One more fissure\"|72\/100 brn|[from] Grassy Terrain\n|-damage|p1b: \"One more fissure\"|66\/100 brn|[from] brn\n|upkeep\n|turn|5\n|\n|t:|1700431642\n|switch|p2a: Iron Hands|Iron Hands, L50|99\/100\n|move|p1a: Dude from Ice Age|Icicle Crash|p2a: Iron Hands\n|-damage|p2a: Iron Hands|68\/100\n|move|p2b: Arcanine|Rock Slide|p1a: Dude from Ice Age|[spread] p1a,p1b\n|-supereffective|p1a: Dude from Ice Age\n|-resisted|p1b: \"One more fissure\"\n|-damage|p1a: Dude from Ice Age|45\/100\n|-damage|p1b: \"One more fissure\"|58\/100 brn\n|move|p1b: \"One more fissure\"|Stomping Tantrum|p2a: Iron Hands\n|-supereffective|p2a: Iron Hands\n|-damage|p2a: Iron Hands|37\/100\n|\n|-heal|p1a: Dude from Ice Age|51\/100|[from] Grassy Terrain\n|-heal|p2b: Arcanine|98\/100|[from] Grassy Terrain\n|-heal|p2a: Iron Hands|44\/100|[from] Grassy Terrain\n|-heal|p1b: \"One more fissure\"|64\/100 brn|[from] Grassy Terrain\n|-damage|p1b: \"One more fissure\"|58\/100 brn|[from] brn\n|-fieldend|move: Grassy Terrain\n|upkeep\n|turn|6\n|\n|t:|1700431677\n|switch|p1a: pookie bear|Dragapult, L50, M|100\/100\n|-terastallize|p1b: \"One more fissure\"|Poison\n|move|p2b: Arcanine|Flare Blitz|p1a: pookie bear\n|-resisted|p1a: pookie bear\n|-damage|p1a: pookie bear|71\/100\n|-damage|p2b: Arcanine|90\/100|[from] Recoil\n|move|p2a: Iron Hands|Drain Punch|p1b: \"One more fissure\"\n|-resisted|p1b: \"One more fissure\"\n|-damage|p1b: \"One more fissure\"|46\/100 brn\n|-heal|p2a: Iron Hands|50\/100|[from] drain|[of] p1b: \"One more fissure\"\n|move|p1b: \"One more fissure\"|Stomping Tantrum|p2b: Arcanine\n|-supereffective|p2b: Arcanine\n|-damage|p2b: Arcanine|34\/100\n|-enditem|p2b: Arcanine|Sitrus Berry|[eat]\n|-heal|p2b: Arcanine|58\/100|[from] item: Sitrus Berry\n|\n|-damage|p1b: \"One more fissure\"|40\/100 brn|[from] brn\n|upkeep\n|turn|7\n|\n|t:|1700431710\n|-end|p2a: Iron Hands|Quark Drive|[silent]\n|switch|p2a: Ogerpon|Ogerpon-Wellspring, L50, F|100\/100\n|move|p1a: pookie bear|Dragon Darts|p2a: Ogerpon\n|-damage|p2a: Ogerpon|66\/100\n|-anim|p1a: pookie bear|Dragon Darts|p2b: Arcanine\n|-damage|p2b: Arcanine|24\/100\n|move|p2b: Arcanine|Will-O-Wisp|p1a: pookie bear\n|-status|p1a: pookie bear|brn\n|move|p1b: \"One more fissure\"|Stomping Tantrum|p2a: Ogerpon\n|-resisted|p2a: Ogerpon\n|-damage|p2a: Ogerpon|59\/100\n|\n|-damage|p1a: pookie bear|65\/100 brn|[from] brn\n|-damage|p1b: \"One more fissure\"|34\/100 brn|[from] brn\n|upkeep\n|turn|8\n|\n|t:|1700431738\n|switch|p2b: Iron Hands|Iron Hands, L50|50\/100\n|move|p1a: pookie bear|Dragon Darts|p2b: Iron Hands\n|-damage|p2b: Iron Hands|37\/100\n|-anim|p1a: pookie bear|Dragon Darts|p2a: Ogerpon\n|-damage|p2a: Ogerpon|44\/100\n|move|p2a: Ogerpon|Ivy Cudgel|p1b: \"One more fissure\"|[anim] Ivy Cudgel Water\n|-crit|p1b: \"One more fissure\"\n|-damage|p1b: \"One more fissure\"|0 fnt\n|faint|p1b: \"One more fissure\"\n|\n|-damage|p1a: pookie bear|59\/100 brn|[from] brn\n|upkeep\n|\n|t:|1700431749\n|switch|p1b: SSJ3 Goku|Rillaboom, L50, M, shiny|79\/100\n|-fieldstart|move: Grassy Terrain|[from] ability: Grassy Surge|[of] p1b: SSJ3 Goku\n|turn|9\n|\n|t:|1700431760\n|-end|p2b: Iron Hands|Quark Drive|[silent]\n|switch|p2b: Arcanine|Arcanine-Hisui, L50, M|24\/100\n|-ability|p2b: Arcanine|Intimidate|boost\n|-fail|p1a: pookie bear|unboost|[from] ability: Clear Body|[of] p1a: pookie bear\n|-unboost|p1b: SSJ3 Goku|atk|1\n|move|p2a: Ogerpon|Spiky Shield|p2a: Ogerpon\n|-singleturn|p2a: Ogerpon|move: Protect\n|move|p1b: SSJ3 Goku|Fake Out|p2b: Arcanine\n|-resisted|p2b: Arcanine\n|-damage|p2b: Arcanine|20\/100\n|move|p1a: pookie bear|Dragon Darts|p2b: Arcanine\n|-damage|p2b: Arcanine|5\/100\n|-anim|p1a: pookie bear|Dragon Darts|p2b: Arcanine\n|-damage|p2b: Arcanine|0 fnt\n|faint|p2b: Arcanine\n|\n|-heal|p1a: pookie bear|65\/100 brn|[from] Grassy Terrain\n|-heal|p2a: Ogerpon|50\/100|[from] Grassy Terrain\n|-heal|p1b: SSJ3 Goku|85\/100|[from] Grassy Terrain\n|-damage|p1a: pookie bear|59\/100 brn|[from] brn\n|upkeep\n|\n|t:|1700431779\n|switch|p2b: Moltres|Moltres-Galar, L50, tera:Poison|42\/100\n|turn|10\n|\n|t:|1700431808\n|move|p1a: pookie bear|Dragon Darts|p2b: Moltres\n|-damage|p2b: Moltres|26\/100\n|-anim|p1a: pookie bear|Dragon Darts|p2a: Ogerpon\n|-crit|p2a: Ogerpon\n|-damage|p2a: Ogerpon|26\/100\n|move|p2a: Ogerpon|Horn Leech|p1b: SSJ3 Goku\n|-resisted|p1b: SSJ3 Goku\n|-damage|p1b: SSJ3 Goku|64\/100\n|-heal|p2a: Ogerpon|37\/100|[from] drain|[of] p1b: SSJ3 Goku\n|move|p1b: SSJ3 Goku|Wood Hammer|p2a: Ogerpon\n|-damage|p2a: Ogerpon|0 fnt\n|faint|p2a: Ogerpon\n|-damage|p1b: SSJ3 Goku|52\/100|[from] Recoil\n|move|p2b: Moltres|Air Slash|p1b: SSJ3 Goku\n|-supereffective|p1b: SSJ3 Goku\n|-damage|p1b: SSJ3 Goku|0 fnt\n|faint|p1b: SSJ3 Goku\n|\n|-heal|p1a: pookie bear|65\/100 brn|[from] Grassy Terrain\n|-heal|p2b: Moltres|32\/100|[from] Grassy Terrain\n|-heal|p2b: Moltres|39\/100|[from] item: Leftovers\n|-damage|p1a: pookie bear|59\/100 brn|[from] brn\n|upkeep\n|\n|t:|1700431829\n|switch|p2a: Iron Hands|Iron Hands, L50|37\/100\n|switch|p1b: Dude from Ice Age|Chien-Pao, L50|51\/100\n|-ability|p1b: Dude from Ice Age|Sword of Ruin\n|turn|11\n|\n|t:|1700431850\n|move|p1b: Dude from Ice Age|Sucker Punch|p2b: Moltres\n|-damage|p2b: Moltres|0 fnt\n|faint|p2b: Moltres\n|move|p1a: pookie bear|Dragon Darts|p2a: Iron Hands\n|-damage|p2a: Iron Hands|19\/100\n|-anim|p1a: pookie bear|Dragon Darts|p2a: Iron Hands\n|-crit|p2a: Iron Hands\n|-damage|p2a: Iron Hands|0 fnt\n|faint|p2a: Iron Hands\n|-end|p2a: Iron Hands|Quark Drive|[silent]\n|\n|win|CrystalDialga\n|inactive|CrystalDialga has 50 seconds to confirm battle start!\n|inactive|Osprey11 has 50 seconds to confirm battle start!\n|l| Van. Volcanucks\n|c|&|\/uhtml prompt-osprey11,Osprey11 is ready for game 2!\n|inactive|CrystalDialga has 40 seconds to confirm battle start!\n|c|&|\/uhtml prompt-crystaldialga,CrystalDialga is ready for game 2!\nBoth players are ready! Starting next match!\n","uploadtime":1700431870,"views":5,"p1id":"crystaldialga","p2id":"osprey11","formatid":"gen9vgc2023regulatione","rating":0,"private":0,"password":""}