{"id":"gen9vgc2023regulatione-1994576994","p1":"FearZero","p2":"Toedscool4school","format":"[Gen 9] VGC 2023 Regulation E","log":"|j|\u2606FearZero\n|j|\u2606Toedscool4school\n|t:|1700462936\n|gametype|doubles\n|player|p1|FearZero|hugh|1508\n|player|p2|Toedscool4school|170|1640\n|teamsize|p1|6\n|teamsize|p2|6\n|gen|9\n|tier|[Gen 9] VGC 2023 Regulation E\n|rated|\n|rule|Species Clause: Limit one of each Pok\u00e9mon\n|rule|Item Clause: Limit one of each item\n|clearpoke\n|poke|p1|Roaring Moon, L50|\n|poke|p1|Iron Hands, L50|\n|poke|p1|Gholdengo, L50|\n|poke|p1|Arcanine-Hisui, L50, M|\n|poke|p1|Ogerpon-Wellspring, L50, F|\n|poke|p1|Farigiraf, L50, F|\n|poke|p2|Flutter Mane, L50|\n|poke|p2|Landorus-Therian, L50, M|\n|poke|p2|Heatran, L50, M|\n|poke|p2|Amoonguss, L50, F|\n|poke|p2|Ogerpon-Wellspring, L50, F|\n|poke|p2|Cresselia, L50, F|\n|teampreview|4\n|inactive|Battle timer is ON: inactive players will automatically lose when time's up. (requested by FearZero)\nToedscool4school has agreed to open team sheets.\nFearZero has agreed to open team sheets.\n|inactive|Toedscool4school has 30 seconds left.\n|inactive|Toedscool4school has 20 seconds left.\n|inactive|Toedscool4school has 15 seconds left.\n|inactive|Toedscool4school has 10 seconds left.\n|\n|t:|1700462996\n|start\n|switch|p1a: Roaring Moon|Roaring Moon, L50|100\/100\n|switch|p1b: Arcanine|Arcanine-Hisui, L50, M|100\/100\n|switch|p2a: Flutter Mane|Flutter Mane, L50|100\/100\n|switch|p2b: Heatran|Heatran, L50, M|100\/100\n|-ability|p1b: Arcanine|Intimidate|boost\n|-unboost|p2a: Flutter Mane|atk|1\n|-unboost|p2b: Heatran|atk|1\n|-enditem|p1a: Roaring Moon|Booster Energy\n|-activate|p1a: Roaring Moon|ability: Protosynthesis|[fromitem]\n|-start|p1a: Roaring Moon|protosynthesisspe\n|-enditem|p2a: Flutter Mane|Booster Energy\n|-activate|p2a: Flutter Mane|ability: Protosynthesis|[fromitem]\n|-start|p2a: Flutter Mane|protosynthesisspe\n|turn|1\n|inactive|FearZero has 30 seconds left.\n|inactive|FearZero has 20 seconds left.\n|inactive|FearZero has 15 seconds left.\n|inactive|FearZero has 10 seconds left.\n|inactive|FearZero has 5 seconds left.\n|\n|t:|1700463050\n|-terastallize|p1b: Arcanine|Fairy\n|move|p2a: Flutter Mane|Protect|p2a: Flutter Mane\n|-singleturn|p2a: Flutter Mane|Protect\n|move|p1a: Roaring Moon|Tailwind|p1a: Roaring Moon\n|-sidestart|p1: FearZero|move: Tailwind\n|move|p1b: Arcanine|Flare Blitz|p2a: Flutter Mane\n|-activate|p2a: Flutter Mane|move: Protect\n|move|p2b: Heatran|Will-O-Wisp|p1a: Roaring Moon\n|-status|p1a: Roaring Moon|brn\n|\n|-damage|p1a: Roaring Moon|94\/100 brn|[from] brn\n|upkeep\n|turn|2\n|inactive|Toedscool4school has 30 seconds left.\n|inactive|Toedscool4school has 20 seconds left.\n|inactive|Toedscool4school has 15 seconds left.\n|inactive|Toedscool4school has 10 seconds left.\n|inactive|Toedscool4school has 5 seconds left.\n|\n|t:|1700463101\n|move|p1a: Roaring Moon|Knock Off|p2b: Heatran\n|-damage|p2b: Heatran|78\/100\n|-enditem|p2b: Heatran|Leftovers|[from] move: Knock Off|[of] p1a: Roaring Moon\n|move|p1b: Arcanine|Flare Blitz|p2a: Flutter Mane\n|-damage|p2a: Flutter Mane|0 fnt\n|faint|p2a: Flutter Mane\n|-end|p2a: Flutter Mane|Protosynthesis|[silent]\n|-damage|p1b: Arcanine|71\/100|[from] Recoil\n|move|p2b: Heatran|Will-O-Wisp|p1b: Arcanine\n|-status|p1b: Arcanine|brn\n|\n|-damage|p1a: Roaring Moon|88\/100 brn|[from] brn\n|-damage|p1b: Arcanine|65\/100 brn|[from] brn\n|upkeep\n|\n|t:|1700463114\n|switch|p2a: Ogerpon|Ogerpon-Wellspring, L50, F|100\/100\n|turn|3\n|\n|t:|1700463122\n|switch|p1b: Ogerpon|Ogerpon-Wellspring, L50, F|100\/100\n|switch|p2b: Landorus|Landorus-Therian, L50, M|100\/100\n|-ability|p2b: Landorus|Intimidate|boost\n|-unboost|p1a: Roaring Moon|atk|1\n|-unboost|p1b: Ogerpon|atk|1\n|-terastallize|p2a: Ogerpon|Water\n|detailschange|p2a: Ogerpon|Ogerpon-Wellspring-Tera, L50, F, tera:Water\n|-ability|p2a: Ogerpon|Embody Aspect (Wellspring)|boost\n|-boost|p2a: Ogerpon|spd|1\n|move|p1a: Roaring Moon|Breaking Swipe|p2b: Landorus|[spread] p2a,p2b\n|-damage|p2a: Ogerpon|90\/100\n|-damage|p2b: Landorus|94\/100\n|-unboost|p2a: Ogerpon|atk|1\n|move|p2a: Ogerpon|Swords Dance|p2a: Ogerpon\n|-boost|p2a: Ogerpon|atk|2\n|\n|-damage|p1a: Roaring Moon|82\/100 brn|[from] brn\n|upkeep\n|turn|4\n|inactive|FearZero has 30 seconds left.\n|inactive|Toedscool4school has 30 seconds left.\n|inactive|FearZero has 20 seconds left.\n|\n|t:|1700463159\n|move|p1b: Ogerpon|Spiky Shield|p1b: Ogerpon\n|-singleturn|p1b: Ogerpon|move: Protect\n|move|p1a: Roaring Moon|Knock Off|p2b: Landorus\n|-damage|p2b: Landorus|79\/100\n|-enditem|p2b: Landorus|Clear Amulet|[from] move: Knock Off|[of] p1a: Roaring Moon\n|move|p2a: Ogerpon|Horn Leech|p1b: Ogerpon\n|-activate|p1b: Ogerpon|move: Protect\n|-damage|p2a: Ogerpon|78\/100|[from] Spiky Shield|[of] p1b: Ogerpon\n|move|p2b: Landorus|U-turn|p1a: Roaring Moon\n|-supereffective|p1a: Roaring Moon\n|-damage|p1a: Roaring Moon|16\/100 brn\n|\n|t:|1700463162\n|switch|p2b: Heatran|Heatran, L50, M|78\/100|[from] U-turn\n|\n|-damage|p1a: Roaring Moon|10\/100 brn|[from] brn\n|-sideend|p1: FearZero|move: Tailwind\n|upkeep\n|turn|5\n|\n|t:|1700463176\n|switch|p1b: Arcanine|Arcanine-Hisui, L50, M, tera:Fairy|65\/100 brn\n|-ability|p1b: Arcanine|Intimidate|boost\n|-unboost|p2a: Ogerpon|atk|1\n|-unboost|p2b: Heatran|atk|1\n|switch|p2b: Landorus|Landorus-Therian, L50, M|79\/100\n|-ability|p2b: Landorus|Intimidate|boost\n|-unboost|p1a: Roaring Moon|atk|1\n|-unboost|p1b: Arcanine|atk|1\n|move|p1a: Roaring Moon|Breaking Swipe|p2b: Landorus|[spread] p2a,p2b\n|-damage|p2a: Ogerpon|70\/100\n|-damage|p2b: Landorus|74\/100\n|-unboost|p2a: Ogerpon|atk|1\n|-unboost|p2b: Landorus|atk|1\n|move|p2a: Ogerpon|Horn Leech|p1b: Arcanine\n|-damage|p1b: Arcanine|32\/100 brn\n|-heal|p2a: Ogerpon|90\/100|[from] drain|[of] p1b: Arcanine\n|\n|-damage|p1a: Roaring Moon|4\/100 brn|[from] brn\n|-damage|p1b: Arcanine|25\/100 brn|[from] brn\n|upkeep\n|turn|6\n|\n|t:|1700463195\n|switch|p1b: Ogerpon|Ogerpon-Wellspring, L50, F|100\/100\n|switch|p2b: Heatran|Heatran, L50, M|78\/100\n|move|p1a: Roaring Moon|Tailwind|p1a: Roaring Moon\n|-sidestart|p1: FearZero|move: Tailwind\n|move|p2a: Ogerpon|Swords Dance|p2a: Ogerpon\n|-boost|p2a: Ogerpon|atk|2\n|\n|-damage|p1a: Roaring Moon|0 fnt|[from] brn\n|faint|p1a: Roaring Moon\n|-end|p1a: Roaring Moon|Protosynthesis|[silent]\n|upkeep\n|\n|t:|1700463201\n|switch|p1a: Arcanine|Arcanine-Hisui, L50, M, tera:Fairy|25\/100 brn\n|-ability|p1a: Arcanine|Intimidate|boost\n|-unboost|p2a: Ogerpon|atk|1\n|-unboost|p2b: Heatran|atk|1\n|turn|7\n|\n|t:|1700463214\n|switch|p2a: Landorus|Landorus-Therian, L50, M|74\/100\n|-ability|p2a: Landorus|Intimidate|boost\n|-unboost|p1a: Arcanine|atk|1\n|-unboost|p1b: Ogerpon|atk|1\n|move|p2b: Heatran|Protect|p2b: Heatran\n|-singleturn|p2b: Heatran|Protect\n|move|p1b: Ogerpon|Horn Leech|p2a: Landorus\n|-damage|p2a: Landorus|46\/100\n|move|p1a: Arcanine|Rock Slide|p2b: Heatran|[spread] p2a\n|-activate|p2b: Heatran|move: Protect\n|-damage|p2a: Landorus|32\/100\n|\n|-damage|p1a: Arcanine|19\/100 brn|[from] brn\n|upkeep\n|turn|8\n|\n|t:|1700463232\n|switch|p1a: Gholdengo|Gholdengo, L50|100\/100\n|switch|p2b: Ogerpon|Ogerpon-Wellspring-Tera, L50, F, tera:Water|90\/100\n|-ability|p2b: Ogerpon|Embody Aspect (Wellspring)|boost\n|-boost|p2b: Ogerpon|spd|1\n|move|p1b: Ogerpon|Spiky Shield|p1b: Ogerpon\n|-singleturn|p1b: Ogerpon|move: Protect\n|move|p2a: Landorus|U-turn|p1b: Ogerpon\n|-activate|p1b: Ogerpon|move: Protect\n|-damage|p2a: Landorus|20\/100|[from] Spiky Shield|[of] p1b: Ogerpon\n|\n|upkeep\n|turn|9\n|\n|t:|1700463251\n|move|p2a: Landorus|Protect|p2a: Landorus\n|-singleturn|p2a: Landorus|Protect\n|move|p1b: Ogerpon|Ivy Cudgel|p2a: Landorus|[anim] Ivy Cudgel Water\n|-activate|p2a: Landorus|move: Protect\n|move|p1a: Gholdengo|Nasty Plot|p1a: Gholdengo\n|-boost|p1a: Gholdengo|spa|2\n|move|p2b: Ogerpon|Swords Dance|p2b: Ogerpon\n|-boost|p2b: Ogerpon|atk|2\n|\n|-sideend|p1: FearZero|move: Tailwind\n|upkeep\n|turn|10\n|inactive|Toedscool4school has 30 seconds left.\n|inactive|Toedscool4school has 20 seconds left.\n|inactive|Toedscool4school has 15 seconds left.\n|\n|t:|1700463293\n|switch|p1b: Arcanine|Arcanine-Hisui, L50, M, tera:Fairy|19\/100 brn\n|-ability|p1b: Arcanine|Intimidate|boost\n|-unboost|p2a: Landorus|atk|1\n|-unboost|p2b: Ogerpon|atk|1\n|switch|p2a: Heatran|Heatran, L50, M|78\/100\n|move|p2b: Ogerpon|Ivy Cudgel|p1a: Gholdengo|[anim] Ivy Cudgel Water\n|-damage|p1a: Gholdengo|5\/100\n|move|p1a: Gholdengo|Shadow Ball|p2a: Heatran\n|-damage|p2a: Heatran|9\/100\n|\n|-heal|p1a: Gholdengo|11\/100|[from] item: Leftovers\n|-damage|p1b: Arcanine|13\/100 brn|[from] brn\n|upkeep\n|turn|11\n|inactive|Toedscool4school has 30 seconds left.\n|inactive|Toedscool4school has 20 seconds left.\n|inactive|Toedscool4school has 15 seconds left.\n|\n|t:|1700463335\n|switch|p1b: Ogerpon|Ogerpon-Wellspring, L50, F|100\/100\n|move|p2b: Ogerpon|Spiky Shield|p2b: Ogerpon\n|-singleturn|p2b: Ogerpon|move: Protect\n|move|p1a: Gholdengo|Protect|p1a: Gholdengo\n|-singleturn|p1a: Gholdengo|Protect\n|move|p2a: Heatran|Heat Wave|p1b: Ogerpon|[spread] p1b\n|-activate|p1a: Gholdengo|move: Protect\n|-damage|p1b: Ogerpon|60\/100\n|\n|-heal|p1a: Gholdengo|18\/100|[from] item: Leftovers\n|upkeep\n|turn|12\n|inactive|Toedscool4school has 30 seconds left.\n|\n|t:|1700463365\n|move|p1b: Ogerpon|Follow Me|p1b: Ogerpon\n|-singleturn|p1b: Ogerpon|move: Follow Me\n|move|p2b: Ogerpon|Horn Leech|p1b: Ogerpon\n|-damage|p1b: Ogerpon|0 fnt\n|-heal|p2b: Ogerpon|100\/100|[from] drain|[of] p1b: Ogerpon\n|faint|p1b: Ogerpon\n|move|p1a: Gholdengo|Shadow Ball|p2a: Heatran\n|-damage|p2a: Heatran|0 fnt\n|faint|p2a: Heatran\n|\n|-heal|p1a: Gholdengo|24\/100|[from] item: Leftovers\n|upkeep\n|\n|t:|1700463372\n|switch|p1b: Arcanine|Arcanine-Hisui, L50, M, tera:Fairy|13\/100 brn\n|switch|p2a: Landorus|Landorus-Therian, L50, M|20\/100\n|-ability|p1b: Arcanine|Intimidate|boost\n|-unboost|p2a: Landorus|atk|1\n|-unboost|p2b: Ogerpon|atk|1\n|-ability|p2a: Landorus|Intimidate|boost\n|-unboost|p1a: Gholdengo|atk|1\n|-unboost|p1b: Arcanine|atk|1\n|turn|13\n|\n|t:|1700463384\n|move|p1b: Arcanine|Extreme Speed|p2a: Landorus\n|-damage|p2a: Landorus|8\/100\n|move|p2b: Ogerpon|Ivy Cudgel|p1a: Gholdengo|[anim] Ivy Cudgel Water\n|-damage|p1a: Gholdengo|0 fnt\n|faint|p1a: Gholdengo\n|move|p2a: Landorus|Stomping Tantrum|p1b: Arcanine\n|-crit|p1b: Arcanine\n|-damage|p1b: Arcanine|0 fnt\n|faint|p1b: Arcanine\n|\n|win|Toedscool4school\n|raw|FearZero's rating: 1508 &rarr; <strong>1495<\/strong><br \/>(-13 for losing)\n|raw|Toedscool4school's rating: 1640 &rarr; <strong>1653<\/strong><br \/>(+13 for winning)\n|c|\u2606Toedscool4school|gg\n|c|\u2606FearZero|gg\n","uploadtime":1700463393,"views":11,"p1id":"fearzero","p2id":"toedscool4school","formatid":"gen9vgc2023regulatione","rating":1495,"private":0,"password":""}