{"id":"gen9vgc2023regulatione-1990578640","p1":"Shmubadubdub","p2":"WarTails","format":"[Gen 9] VGC 2023 Regulation E","log":"|j|\u2606Shmubadubdub\n|j|\u2606WarTails\n|n|\u2606Shmubadubdub|shmubadubdub\n|n|\u2606WarTails|wartails\n|html|View the match progress at <a href=\"\/game-bestof3-gen9vgc2023regulatione-1990578639\">game-bestof3-gen9vgc2023regulatione-1990578639<\/a>\n|t:|1699982970\n|gametype|doubles\n|player|p1|Shmubadubdub|1|\n|player|p2|WarTails|veteran|\n|teamsize|p1|6\n|teamsize|p2|6\n|gen|9\n|tier|[Gen 9] VGC 2023 Regulation E\n|rule|Species Clause: Limit one of each Pok\u00e9mon\n|rule|Item Clause: Limit one of each item\n|clearpoke\n|poke|p1|Arcanine-Hisui, L50, M|\n|poke|p1|Sinistcha, L50|\n|poke|p1|Moltres-Galar, L50|\n|poke|p1|Weezing-Galar, L50, M|\n|poke|p1|Iron Hands, L50|\n|poke|p1|Urshifu-*, L50, F|\n|poke|p2|Lucario, L50, F|\n|poke|p2|Garchomp, L50, M|\n|poke|p2|Gliscor, L50, M|\n|poke|p2|Rotom-Heat, L50|\n|poke|p2|Pachirisu, L50, F|\n|poke|p2|Tyranitar, L50, M|\n|teampreview|4\nWarTails has agreed to open team sheets.\n|\n|t:|1699982994\n|start\n|switch|p1a: Weezing|Weezing-Galar, L50, M|100\/100\n|switch|p1b: Sinistcha|Sinistcha, L50|100\/100\n|switch|p2a: Gliscor|Gliscor, L50, M|100\/100\n|switch|p2b: Rotom|Rotom-Heat, L50|100\/100\n|-ability|p1a: Weezing|Neutralizing Gas\n|turn|1\n|\n|t:|1699983044\n|move|p2a: Gliscor|Toxic|p1b: Sinistcha\n|-status|p1b: Sinistcha|tox\n|move|p2b: Rotom|Discharge|p1b: Sinistcha|[spread] p1a,p1b\n|-immune|p2a: Gliscor\n|-resisted|p1b: Sinistcha\n|-damage|p1a: Weezing|67\/100\n|-damage|p1b: Sinistcha|88\/100 tox\n|move|p1b: Sinistcha|Nasty Plot|p1b: Sinistcha\n|-boost|p1b: Sinistcha|spa|2\n|move|p1a: Weezing|Taunt|p2b: Rotom\n|-start|p2b: Rotom|move: Taunt\n|\n|-damage|p1b: Sinistcha|81\/100 tox|[from] psn\n|-status|p2a: Gliscor|tox|[from] item: Toxic Orb\n|upkeep\n|turn|2\n|\n|t:|1699983078\n|switch|p2a: Garchomp|Garchomp, L50, M|100\/100\n|move|p2b: Rotom|Discharge|p1b: Sinistcha|[spread] p1a,p1b\n|-immune|p2a: Garchomp\n|-resisted|p1b: Sinistcha\n|-damage|p1a: Weezing|35\/100\n|-damage|p1b: Sinistcha|69\/100 tox\n|move|p1b: Sinistcha|Strength Sap|p2a: Garchomp\n|-unboost|p2a: Garchomp|atk|1\n|-heal|p1b: Sinistcha|100\/100 tox\n|move|p1a: Weezing|Strange Steam|p2a: Garchomp\n|-supereffective|p2a: Garchomp\n|-damage|p2a: Garchomp|57\/100\n|\n|-damage|p1b: Sinistcha|88\/100 tox|[from] psn\n|upkeep\n|turn|3\n|\n|t:|1699983107\n|-end|p1a: Weezing|ability: Neutralizing Gas\n|-heal|p1a: Weezing|60\/100|[from] ability: Hospitality|[of] p1b: Sinistcha\n|switch|p1a: Urshifu|Urshifu, L50, F|100\/100\n|move|p2a: Garchomp|Iron Head|p1a: Urshifu\n|-damage|p1a: Urshifu|83\/100\n|move|p2b: Rotom|Discharge|p1a: Urshifu|[spread] p1a,p1b\n|-immune|p2a: Garchomp\n|-resisted|p1b: Sinistcha\n|-damage|p1a: Urshifu|50\/100\n|-damage|p1b: Sinistcha|76\/100 tox\n|-status|p1a: Urshifu|par\n|move|p1b: Sinistcha|Matcha Gotcha|p2a: Garchomp|[spread] p2a,p2b\n|-resisted|p2b: Rotom\n|-damage|p2a: Garchomp|24\/100\n|-heal|p1b: Sinistcha|94\/100 tox|[from] drain|[of] p2a: Garchomp\n|-damage|p2b: Rotom|71\/100\n|-heal|p1b: Sinistcha|100\/100 tox|[from] drain|[of] p2b: Rotom\n|-status|p2a: Garchomp|brn\n|\n|-heal|p2b: Rotom|77\/100|[from] item: Leftovers\n|-damage|p1b: Sinistcha|82\/100 tox|[from] psn\n|-damage|p2a: Garchomp|18\/100 brn|[from] brn\n|upkeep\n|turn|4\n|\n|t:|1699983142\n|switch|p2a: Gliscor|Gliscor, L50, M|100\/100 tox\n|cant|p1a: Urshifu|par\n|move|p2b: Rotom|Discharge|p1a: Urshifu|[spread] p1a,p1b\n|-immune|p2a: Gliscor\n|-resisted|p1b: Sinistcha\n|-damage|p1a: Urshifu|14\/100 par\n|-damage|p1b: Sinistcha|70\/100 tox\n|move|p1b: Sinistcha|Shadow Ball|p2b: Rotom\n|-damage|p2b: Rotom|0 fnt\n|faint|p2b: Rotom\n|\n|-damage|p1b: Sinistcha|45\/100 tox|[from] psn\n|upkeep\n|\n|t:|1699983155\n|switch|p2b: Lucario|Lucario, L50, F, shiny|100\/100\n|turn|5\n|\n|t:|1699983165\n|move|p2b: Lucario|Detect|p2b: Lucario\n|-singleturn|p2b: Lucario|Protect\n|move|p1a: Urshifu|Sucker Punch|p2a: Gliscor\n|-damage|p2a: Gliscor|58\/100 tox\n|-damage|p1a: Urshifu|4\/100 par|[from] item: Life Orb\n|move|p2a: Gliscor|Bulldoze|p1a: Urshifu|[spread] p1a,p1b\n|-activate|p2b: Lucario|move: Protect\n|-resisted|p1b: Sinistcha\n|-damage|p1a: Urshifu|0 fnt\n|-damage|p1b: Sinistcha|39\/100 tox\n|-unboost|p1b: Sinistcha|spe|1\n|faint|p1a: Urshifu\n|move|p1b: Sinistcha|Strength Sap|p2a: Gliscor\n|-unboost|p2a: Gliscor|atk|1\n|-heal|p1b: Sinistcha|100\/100 tox\n|\n|-heal|p2a: Gliscor|70\/100 tox|[from] ability: Poison Heal\n|-damage|p1b: Sinistcha|70\/100 tox|[from] psn\n|upkeep\n|\n|t:|1699983191\n|switch|p1a: Tekken|Iron Hands, L50|100\/100\n|-enditem|p1a: Tekken|Booster Energy\n|-activate|p1a: Tekken|ability: Quark Drive|[fromitem]\n|-start|p1a: Tekken|quarkdriveatk\n|turn|6\n|\n|t:|1699983215\n|switch|p2a: Garchomp|Garchomp, L50, M|18\/100 brn\n|-terastallize|p2b: Lucario|Ghost\n|-terastallize|p1b: Sinistcha|Fairy\n|move|p1a: Tekken|Fake Out|p2a: Garchomp\n|-damage|p2a: Garchomp|5\/100 brn\n|-damage|p1a: Tekken|88\/100|[from] ability: Rough Skin|[of] p2a: Garchomp\n|move|p2b: Lucario|Shadow Claw|p1b: Sinistcha\n|-damage|p1b: Sinistcha|35\/100 tox\n|move|p1b: Sinistcha|Matcha Gotcha|p2a: Garchomp|[spread] p2b\n|-miss|p1b: Sinistcha|p2a: Garchomp\n|-damage|p2b: Lucario|14\/100\n|-heal|p1b: Sinistcha|71\/100 tox|[from] drain|[of] p2b: Lucario\n|\n|-damage|p1b: Sinistcha|34\/100 tox|[from] psn\n|-damage|p2a: Garchomp|0 fnt|[from] brn\n|faint|p2a: Garchomp\n|upkeep\n|\n|t:|1699983235\n|switch|p2a: Gliscor|Gliscor, L50, M|70\/100 tox\n|turn|7\n|\n|t:|1699983273\n|switch|p1b: Weezing|Weezing-Galar, L50, M|60\/100\n|-ability|p1b: Weezing|Neutralizing Gas\n|move|p2b: Lucario|Detect|p2b: Lucario\n|-singleturn|p2b: Lucario|Protect\n|move|p2a: Gliscor|Bulldoze|p1b: Weezing|[spread] p1a,p1b\n|-activate|p2b: Lucario|move: Protect\n|-supereffective|p1a: Tekken\n|-supereffective|p1b: Weezing\n|-damage|p1a: Tekken|69\/100\n|-damage|p1b: Weezing|38\/100\n|-unboost|p1a: Tekken|spe|1\n|-unboost|p1b: Weezing|spe|1\n|move|p1a: Tekken|Thunder Punch|p2b: Lucario\n|-activate|p2b: Lucario|move: Protect\n|\n|-damage|p2a: Gliscor|64\/100 tox|[from] psn\n|upkeep\n|turn|8\n|\n|t:|1699983304\n|move|p2b: Lucario|Shadow Claw|p1a: Tekken\n|-damage|p1a: Tekken|47\/100\n|move|p2a: Gliscor|Mud-Slap|p1a: Tekken\n|-supereffective|p1a: Tekken\n|-crit|p1a: Tekken\n|-damage|p1a: Tekken|40\/100\n|-unboost|p1a: Tekken|accuracy|1\n|move|p1b: Weezing|Strange Steam|p2a: Gliscor\n|-damage|p2a: Gliscor|31\/100 tox\n|move|p1a: Tekken|Thunder Punch|p2b: Lucario\n|-damage|p2b: Lucario|0 fnt\n|faint|p2b: Lucario\n|\n|-damage|p2a: Gliscor|18\/100 tox|[from] psn\n|upkeep\n|turn|9\n|\n|t:|1699983332\n|-end|p1b: Weezing|ability: Neutralizing Gas\n|switch|p1b: Sinistcha|Sinistcha, L50, tera:Fairy|34\/100 tox\n|-heal|p1a: Tekken|65\/100|[from] ability: Hospitality|[of] p1b: Sinistcha\n|move|p2a: Gliscor|Bulldoze|p1b: Sinistcha|[spread] p1a,p1b\n|-supereffective|p1a: Tekken\n|-damage|p1a: Tekken|46\/100\n|-damage|p1b: Sinistcha|20\/100 tox\n|-unboost|p1a: Tekken|spe|1\n|-unboost|p1b: Sinistcha|spe|1\n|-enditem|p1b: Sinistcha|Wiki Berry|[eat]\n|-heal|p1b: Sinistcha|53\/100 tox|[from] item: Wiki Berry\n|move|p1a: Tekken|Heavy Slam|p2a: Gliscor\n|-damage|p2a: Gliscor|0 fnt\n|faint|p2a: Gliscor\n|\n|win|Shmubadubdub\n|inactive|Shmubadubdub has 50 seconds to confirm battle start!\n|inactive|WarTails has 50 seconds to confirm battle start!\n|c|&|\/uhtml prompt-wartails,WarTails is ready for game 2!\n","uploadtime":1699983348,"views":20,"p1id":"shmubadubdub","p2id":"wartails","formatid":"gen9vgc2023regulatione","rating":0,"private":0,"password":""}