{"id":"gen9vgc2023regulatione-1996535392","p1":"zagreus134","p2":"McFrickinChicken","format":"[Gen 9] VGC 2023 Regulation E","log":"|j|\u2606zagreus134\n|j|\u2606McFrickinChicken\n|t:|1700691662\n|gametype|doubles\n|player|p1|zagreus134|janine|1409\n|player|p2|McFrickinChicken|ltsurge|1466\n|teamsize|p1|6\n|teamsize|p2|6\n|gen|9\n|tier|[Gen 9] VGC 2023 Regulation E\n|rated|\n|rule|Species Clause: Limit one of each Pok\u00e9mon\n|rule|Item Clause: Limit one of each item\n|clearpoke\n|poke|p1|Dragonite, L50, M|\n|poke|p1|Iron Hands, L50|\n|poke|p1|Kingambit, L50, M|\n|poke|p1|Iron Bundle, L50|\n|poke|p1|Flutter Mane, L50|\n|poke|p1|Urshifu-*, L50, F|\n|poke|p2|Ninetales, L50, F|\n|poke|p2|Ogerpon-Hearthflame, L50, F|\n|poke|p2|Typhlosion-Hisui, L50, F|\n|poke|p2|Weezing-Galar, L50, M|\n|poke|p2|Landorus, L50, M|\n|poke|p2|Talonflame, L50, M|\n|teampreview|4\n|inactive|Battle timer is ON: inactive players will automatically lose when time's up. (requested by zagreus134)\nMcFrickinChicken rejected open team sheets.\n|inactive|McFrickinChicken has 60 seconds left.\n|\n|t:|1700691716\n|start\n|switch|p1a: Queen|Flutter Mane, L50|100\/100\n|switch|p1b: Rook|Iron Hands, L50|100\/100\n|switch|p2a: Typhlosion|Typhlosion-Hisui, L50, F|100\/100\n|switch|p2b: Ninetales|Ninetales, L50, F, shiny|100\/100\n|-weather|SunnyDay|[from] ability: Drought|[of] p2b: Ninetales\n|-activate|p1a: Queen|ability: Protosynthesis\n|-start|p1a: Queen|protosynthesisspe\n|turn|1\n|inactive|McFrickinChicken has 30 seconds left.\n|inactive|zagreus134 has 30 seconds left.\n|\n|t:|1700691754\n|-terastallize|p2a: Typhlosion|Fire\n|-terastallize|p1b: Rook|Fire\n|move|p1b: Rook|Fake Out|p2b: Ninetales\n|-damage|p2b: Ninetales|79\/100\n|move|p1a: Queen|Shadow Ball|p2a: Typhlosion\n|-damage|p2a: Typhlosion|51\/100\n|move|p2a: Typhlosion|Eruption|p1b: Rook|[spread] p1a,p1b\n|-resisted|p1b: Rook\n|-damage|p1a: Queen|45\/100\n|-damage|p1b: Rook|78\/100\n|cant|p2b: Ninetales|flinch\n|\n|-weather|SunnyDay|[upkeep]\n|upkeep\n|turn|2\n|inactive|McFrickinChicken has 30 seconds left.\n|\n|t:|1700691788\n|switch|p2a: Talonflame|Talonflame, L50, M|100\/100\n|move|p1a: Queen|Shadow Ball|p2a: Talonflame\n|-damage|p2a: Talonflame|45\/100\n|move|p2b: Ninetales|Heat Wave|p1b: Rook|[spread] p1b\n|-miss|p2b: Ninetales|p1a: Queen\n|-resisted|p1b: Rook\n|-damage|p1b: Rook|58\/100\n|move|p1b: Rook|Drain Punch|p2b: Ninetales\n|-damage|p2b: Ninetales|18\/100\n|-heal|p1b: Rook|78\/100|[from] drain|[of] p2b: Ninetales\n|\n|-weather|SunnyDay|[upkeep]\n|upkeep\n|turn|3\n|\n|t:|1700691804\n|move|p1a: Queen|Shadow Ball|p2a: Talonflame\n|-damage|p2a: Talonflame|0 fnt\n|faint|p2a: Talonflame\n|move|p2b: Ninetales|Heat Wave|p1b: Rook|[spread] p1a,p1b\n|-resisted|p1b: Rook\n|-damage|p1a: Queen|0 fnt\n|-damage|p1b: Rook|57\/100\n|faint|p1a: Queen\n|-end|p1a: Queen|Protosynthesis|[silent]\n|move|p1b: Rook|Drain Punch|p2b: Ninetales\n|-damage|p2b: Ninetales|0 fnt\n|-heal|p1b: Rook|63\/100|[from] drain|[of] p2b: Ninetales\n|faint|p2b: Ninetales\n|\n|-weather|SunnyDay|[upkeep]\n|upkeep\n|j| TurquoiseLink\n|\n|t:|1700691817\n|switch|p1a: Bishop|Dragonite, L50, M|100\/100\n|switch|p2a: Ogerpon|Ogerpon-Hearthflame, L50, F|100\/100\n|switch|p2b: Typhlosion|Typhlosion-Hisui, L50, F, tera:Fire|51\/100\n|-ability|p2a: Ogerpon|Mold Breaker\n|turn|4\n|\n|t:|1700691838\n|move|p1a: Bishop|Extreme Speed|p2b: Typhlosion\n|-damage|p2b: Typhlosion|0 fnt\n|faint|p2b: Typhlosion\n|move|p2a: Ogerpon|Stomping Tantrum|p1b: Rook\n|-supereffective|p1b: Rook\n|-damage|p1b: Rook|25\/100\n|-enditem|p1b: Rook|Sitrus Berry|[eat]\n|-heal|p1b: Rook|50\/100|[from] item: Sitrus Berry\n|move|p1b: Rook|Drain Punch|p2a: Ogerpon\n|-damage|p2a: Ogerpon|48\/100\n|-heal|p1b: Rook|67\/100|[from] drain|[of] p2a: Ogerpon\n|\n|-weather|SunnyDay|[upkeep]\n|upkeep\n|turn|5\n|-message|McFrickinChicken forfeited.\n|\n|win|zagreus134\n|raw|zagreus134's rating: 1409 &rarr; <strong>1432<\/strong><br \/>(+23 for winning)\n|raw|McFrickinChicken's rating: 1466 &rarr; <strong>1443<\/strong><br \/>(-23 for losing)\n|l|\u2606McFrickinChicken\n","uploadtime":1700691853,"views":13,"p1id":"zagreus134","p2id":"mcfrickinchicken","formatid":"gen9vgc2023regulatione","rating":1432,"private":0,"password":""}