{"id":"gen9vgc2023regulatione-1993623488","p1":"tpw989","p2":"Evil Yarrack","format":"[Gen 9] VGC 2023 Regulation E","log":"|j|\u2606tpw989\n|j|\u2606Evil Yarrack\n|t:|1700338649\n|gametype|doubles\n|player|p1|tpw989|blackbelt|\n|player|p2|Evil Yarrack|youngster-gen4dp|\n|teamsize|p1|6\n|teamsize|p2|6\n|gen|9\n|tier|[Gen 9] VGC 2023 Regulation E\n|rule|Species Clause: Limit one of each Pok\u00e9mon\n|rule|Item Clause: Limit one of each item\n|clearpoke\n|poke|p1|Oricorio-Pom-Pom, L50, M|\n|poke|p1|Volcarona, L50, F|\n|poke|p1|Kommo-o, L50, F|\n|poke|p1|Amoonguss, L50, F|\n|poke|p1|Masquerain, L50, F|\n|poke|p1|Quaquaval, L50, F|\n|poke|p2|Flamigo, L50, F|\n|poke|p2|Kommo-o, L50, F|\n|poke|p2|Clefairy, L50, M|\n|poke|p2|Volbeat, L50, M|\n|poke|p2|Sinistcha-Masterpiece, L50|\n|poke|p2|Overqwil, L50, F|\n|teampreview|4\n|inactive|Battle timer is ON: inactive players will automatically lose when time's up. (requested by Evil Yarrack)\n|inactive|tpw989 has 60 seconds left.\n|c|\u2606tpw989|so i have no proity or speed control\n|c|\u2606Evil Yarrack|I can only recommend you to run tailwind, honestly\n|\n|t:|1700338702\n|start\n|switch|p1a: Masquerain|Masquerain, L50, F|100\/100\n|switch|p1b: Oricorio|Oricorio-Pom-Pom, L50, M, shiny|100\/100\n|switch|p2a: Volbeat|Volbeat, L50, M|100\/100\n|switch|p2b: Kommo-o|Kommo-o, L50, F|100\/100\n|-ability|p1a: Masquerain|Intimidate|boost\n|-unboost|p2a: Volbeat|atk|1\n|-unboost|p2b: Kommo-o|atk|1\n|turn|1\n|\n|t:|1700338724\n|move|p2a: Volbeat|Tailwind|p2a: Volbeat\n|-sidestart|p2: Evil Yarrack|move: Tailwind\n|move|p2b: Kommo-o|Clangorous Soul|p2b: Kommo-o\n|-boost|p2b: Kommo-o|atk|1\n|-boost|p2b: Kommo-o|def|1\n|-boost|p2b: Kommo-o|spa|1\n|-boost|p2b: Kommo-o|spd|1\n|-boost|p2b: Kommo-o|spe|1\n|-damage|p2b: Kommo-o|68\/100\n|-enditem|p2b: Kommo-o|Throat Spray\n|-boost|p2b: Kommo-o|spa|1|[from] item: Throat Spray\n|-activate|p1b: Oricorio|ability: Dancer\n|move|p1b: Oricorio|Clangorous Soul|p1b: Oricorio|[from]ability: Dancer\n|-boost|p1b: Oricorio|atk|1\n|-boost|p1b: Oricorio|def|1\n|-boost|p1b: Oricorio|spa|1\n|-boost|p1b: Oricorio|spd|1\n|-boost|p1b: Oricorio|spe|1\n|-damage|p1b: Oricorio|68\/100\n|move|p1b: Oricorio|Quiver Dance|p1b: Oricorio\n|-boost|p1b: Oricorio|spa|1\n|-boost|p1b: Oricorio|spd|1\n|-boost|p1b: Oricorio|spe|1\n|move|p1a: Masquerain|Quiver Dance|p1a: Masquerain\n|-boost|p1a: Masquerain|spa|1\n|-boost|p1a: Masquerain|spd|1\n|-boost|p1a: Masquerain|spe|1\n|-activate|p1b: Oricorio|ability: Dancer\n|move|p1b: Oricorio|Quiver Dance|p1b: Oricorio|[from]ability: Dancer\n|-boost|p1b: Oricorio|spa|1\n|-boost|p1b: Oricorio|spd|1\n|-boost|p1b: Oricorio|spe|1\n|\n|upkeep\n|turn|2\n|inactive|tpw989 has 30 seconds left.\n|inactive|Evil Yarrack has 30 seconds left.\n|c|\u2606tpw989|whats kommo speed at now ?\n|inactive|tpw989 has 20 seconds left.\n|inactive|tpw989 has 15 seconds left.\n|c|\u2606Evil Yarrack|410\n|inactive|tpw989 has 10 seconds left.\n|\n|t:|1700338770\n|-terastallize|p2b: Kommo-o|Steel\n|move|p1b: Oricorio|Protect|p1b: Oricorio\n|-singleturn|p1b: Oricorio|Protect\n|move|p2a: Volbeat|Encore|p1b: Oricorio\n|-activate|p1b: Oricorio|move: Protect\n|move|p2b: Kommo-o|Clangorous Soul|p2b: Kommo-o\n|-boost|p2b: Kommo-o|atk|1\n|-boost|p2b: Kommo-o|def|1\n|-boost|p2b: Kommo-o|spa|1\n|-boost|p2b: Kommo-o|spd|1\n|-boost|p2b: Kommo-o|spe|1\n|-damage|p2b: Kommo-o|35\/100\n|-activate|p1b: Oricorio|ability: Dancer\n|move|p1b: Oricorio|Clangorous Soul|p1b: Oricorio|[from]ability: Dancer\n|-boost|p1b: Oricorio|atk|1\n|-boost|p1b: Oricorio|def|1\n|-boost|p1b: Oricorio|spa|1\n|-boost|p1b: Oricorio|spd|1\n|-boost|p1b: Oricorio|spe|1\n|-damage|p1b: Oricorio|35\/100\n|move|p1a: Masquerain|Icy Wind|p2b: Kommo-o|[spread] p2a,p2b\n|-resisted|p2b: Kommo-o\n|-crit|p2b: Kommo-o\n|-damage|p2a: Volbeat|88\/100\n|-damage|p2b: Kommo-o|24\/100\n|-unboost|p2a: Volbeat|spe|1\n|-unboost|p2b: Kommo-o|spe|1\n|\n|upkeep\n|turn|3\n|inactive|tpw989 has 30 seconds left.\n|inactive|Evil Yarrack has 30 seconds left.\n|inactive|tpw989 has 20 seconds left.\n|\n|t:|1700338807\n|move|p2a: Volbeat|Encore|p1b: Oricorio\n|-start|p1b: Oricorio|Encore\n|move|p2b: Kommo-o|Clanging Scales|p1b: Oricorio|[spread] p1a,p1b\n|-damage|p1a: Masquerain|20\/100\n|-damage|p1b: Oricorio|0 fnt\n|faint|p1b: Oricorio\n|-unboost|p2b: Kommo-o|def|1\n|move|p1a: Masquerain|Quiver Dance|p1a: Masquerain\n|-boost|p1a: Masquerain|spa|1\n|-boost|p1a: Masquerain|spd|1\n|-boost|p1a: Masquerain|spe|1\n|\n|upkeep\n|c|\u2606tpw989|voltbeat pranster ?\n|inactive|tpw989 has 30 seconds left.\n|\n|t:|1700338834\n|switch|p1b: Amoonguss|Amoonguss, L50, F, shiny|100\/100\n|turn|4\n|c|\u2606Evil Yarrack|Yes\n|\n|t:|1700338848\n|move|p2a: Volbeat|Encore|p1a: Masquerain\n|-start|p1a: Masquerain|Encore\n|move|p2b: Kommo-o|Clanging Scales|p1b: Amoonguss|[spread] p1a,p1b\n|-damage|p1a: Masquerain|0 fnt\n|-damage|p1b: Amoonguss|0 fnt\n|faint|p1a: Masquerain\n|faint|p1b: Amoonguss\n|-unboost|p2b: Kommo-o|def|1\n|\n|-sideend|p2: Evil Yarrack|move: Tailwind\n|upkeep\n|inactive|tpw989 has 30 seconds left.\n|\n|t:|1700338876\n|switch|p1a: Volcarona|Volcarona, L50, F, shiny|100\/100\n|turn|5\n|\n|t:|1700338883\n|switch|p2a: Flamigo|Flamigo, L50, F|100\/100\n|-copyboost|p2a: Flamigo|p2b: Kommo-o|[from] ability: Costar\n|move|p2b: Kommo-o|Protect|p2b: Kommo-o\n|-singleturn|p2b: Kommo-o|Protect\n|move|p1a: Volcarona|Heat Wave|p2b: Kommo-o|[spread] \n|-activate|p2b: Kommo-o|move: Protect\n|-miss|p1a: Volcarona|p2a: Flamigo\n|\n|upkeep\n|turn|6\n|\n|t:|1700338895\n|-terastallize|p1a: Volcarona|Dragon\n|move|p2a: Flamigo|Brave Bird|p1a: Volcarona\n|-damage|p1a: Volcarona|0 fnt\n|-damage|p2a: Flamigo|84\/100|[from] item: Rocky Helmet|[of] p1a: Volcarona\n|faint|p1a: Volcarona\n|-damage|p2a: Flamigo|50\/100|[from] Recoil\n|\n|win|Evil Yarrack\n|l|\u2606tpw989\n","uploadtime":1700338905,"views":7,"p1id":"tpw989","p2id":"evilyarrack","formatid":"gen9vgc2023regulatione","rating":0,"private":0,"password":""}