{"id":"gen9vgc2023regulatione-1989323568","p1":"luksm94","p2":"Jadedragon61","format":"[Gen 9] VGC 2023 Regulation E","log":"|j|\u2606luksm94\n|j|\u2606Jadedragon61\n|t:|1699836364\n|gametype|doubles\n|player|p1|luksm94|266|1212\n|player|p2|Jadedragon61|colress|1203\n|teamsize|p1|6\n|teamsize|p2|6\n|gen|9\n|tier|[Gen 9] VGC 2023 Regulation E\n|rated|\n|rule|Species Clause: Limit one of each Pok\u00e9mon\n|rule|Item Clause: Limit one of each item\n|clearpoke\n|poke|p1|Dusclops, L50, M|\n|poke|p1|Oranguru, L50, F|\n|poke|p1|Torkoal, L50, F|\n|poke|p1|Iron Hands, L50|\n|poke|p1|Ursaluna-Bloodmoon, L50, M|\n|poke|p1|Ogerpon-Wellspring, L50, F|\n|poke|p2|Landorus-Therian, L50, M|\n|poke|p2|Iron Hands, L50|\n|poke|p2|Heatran, L50, M|\n|poke|p2|Sylveon, L50, M|\n|poke|p2|Sinistcha, L50|\n|poke|p2|Iron Bundle, L50|\n|teampreview|4\n|j| DarkRinoRex\n|inactive|Battle timer is ON: inactive players will automatically lose when time's up. (requested by luksm94)\n|inactive|Jadedragon61 has 60 seconds left.\n|inactive|Jadedragon61 has 30 seconds left.\n|inactive|Jadedragon61 has 20 seconds left.\n|\n|t:|1699836457\n|start\n|switch|p1a: Oranguru|Oranguru, L50, F|100\/100\n|switch|p1b: Torkoal|Torkoal, L50, F|100\/100\n|switch|p2a: Atsui|Iron Hands, L50, shiny|100\/100\n|switch|p2b: Haitatsu!|Iron Bundle, L50, shiny|100\/100\n|-weather|SunnyDay|[from] ability: Drought|[of] p1b: Torkoal\n|-enditem|p2b: Haitatsu!|Booster Energy\n|-activate|p2b: Haitatsu!|ability: Quark Drive|[fromitem]\n|-start|p2b: Haitatsu!|quarkdrivespe\n|turn|1\n|\n|t:|1699836473\n|switch|p1b: Iron Hands|Iron Hands, L50|100\/100\n|move|p2a: Atsui|Fake Out|p1a: Oranguru\n|-damage|p1a: Oranguru|89\/100\n|move|p2b: Haitatsu!|Icy Wind|p1b: Iron Hands|[spread] p1a,p1b\n|-damage|p1a: Oranguru|71\/100\n|-damage|p1b: Iron Hands|89\/100\n|-unboost|p1a: Oranguru|spe|1\n|-unboost|p1b: Iron Hands|spe|1\n|move|p1a: Oranguru|Trick Room|p1a: Oranguru\n|-fieldstart|move: Trick Room|[of] p1a: Oranguru\n|\n|-weather|SunnyDay|[upkeep]\n|upkeep\n|turn|2\n|\n|t:|1699836482\n|-end|p2b: Haitatsu!|Quark Drive|[silent]\n|switch|p2b: Kur\u012bmuk\u014dn|Landorus-Therian, L50, M, shiny|100\/100\n|-ability|p2b: Kur\u012bmuk\u014dn|Intimidate|boost\n|-fail|p1a: Oranguru|unboost|Attack|[from] ability: Inner Focus|[of] p1a: Oranguru\n|-unboost|p1b: Iron Hands|atk|1\n|move|p1b: Iron Hands|Drain Punch|p2a: Atsui\n|-damage|p2a: Atsui|85\/100\n|-heal|p1b: Iron Hands|97\/100|[from] drain|[of] p2a: Atsui\n|move|p1a: Oranguru|Instruct|p1b: Iron Hands\n|-singleturn|p1b: Iron Hands|move: Instruct|[of] p1a: Oranguru\n|move|p1b: Iron Hands|Drain Punch|p2a: Atsui\n|-damage|p2a: Atsui|67\/100\n|-heal|p1b: Iron Hands|100\/100|[from] drain|[of] p2a: Atsui\n|move|p2a: Atsui|Drain Punch|p1a: Oranguru\n|-damage|p1a: Oranguru|36\/100\n|-heal|p2a: Atsui|82\/100|[from] drain|[of] p1a: Oranguru\n|-enditem|p1a: Oranguru|Sitrus Berry|[eat]\n|-heal|p1a: Oranguru|61\/100|[from] item: Sitrus Berry\n|\n|-weather|SunnyDay|[upkeep]\n|upkeep\n|turn|3\n|inactive|luksm94 has 30 seconds left.\n|inactive|Jadedragon61 has 30 seconds left.\n|\n|t:|1699836514\n|-end|p1b: Iron Hands|Quark Drive|[silent]\n|switch|p1b: Torkoal|Torkoal, L50, F|100\/100\n|move|p1a: Oranguru|Foul Play|p2b: Kur\u012bmuk\u014dn\n|-damage|p2b: Kur\u012bmuk\u014dn|53\/100\n|move|p2a: Atsui|Drain Punch|p1a: Oranguru\n|-damage|p1a: Oranguru|27\/100\n|-heal|p2a: Atsui|96\/100|[from] drain|[of] p1a: Oranguru\n|move|p2b: Kur\u012bmuk\u014dn|Stomping Tantrum|p1b: Torkoal\n|-supereffective|p1b: Torkoal\n|-damage|p1b: Torkoal|29\/100\n|\n|-weather|SunnyDay|[upkeep]\n|upkeep\n|turn|4\n|\n|t:|1699836533\n|switch|p2b: Yogan Ka\u0113ru|Heatran, L50, M, shiny|100\/100\n|move|p1b: Torkoal|Heat Wave|p2a: Atsui|[spread] p2a\n|-start|p2b: Yogan Ka\u0113ru|ability: Flash Fire\n|-damage|p2a: Atsui|62\/100\n|move|p1a: Oranguru|Instruct|p1b: Torkoal\n|-singleturn|p1b: Torkoal|move: Instruct|[of] p1a: Oranguru\n|move|p1b: Torkoal|Heat Wave|p2a: Atsui|[spread] p2a\n|-immune|p2b: Yogan Ka\u0113ru|[from] ability: Flash Fire\n|-damage|p2a: Atsui|26\/100\n|move|p2a: Atsui|Drain Punch|p1a: Oranguru\n|-damage|p1a: Oranguru|0 fnt\n|-heal|p2a: Atsui|37\/100|[from] drain|[of] p1a: Oranguru\n|faint|p1a: Oranguru\n|\n|-weather|SunnyDay|[upkeep]\n|upkeep\n|\n|t:|1699836540\n|switch|p1a: Iron Hands|Iron Hands, L50|100\/100\n|turn|5\n|inactive|Jadedragon61 has 30 seconds left.\n|\n|t:|1699836566\n|-terastallize|p2a: Atsui|Water\n|move|p1b: Torkoal|Earth Power|p2a: Atsui\n|-damage|p2a: Atsui|22\/100\n|-unboost|p2a: Atsui|spd|1\n|move|p1a: Iron Hands|Drain Punch|p2b: Yogan Ka\u0113ru\n|-supereffective|p2b: Yogan Ka\u0113ru\n|-damage|p2b: Yogan Ka\u0113ru|31\/100\n|move|p2a: Atsui|Drain Punch|p1b: Torkoal\n|-damage|p1b: Torkoal|0 fnt\n|-heal|p2a: Atsui|33\/100|[from] drain|[of] p1b: Torkoal\n|faint|p1b: Torkoal\n|move|p2b: Yogan Ka\u0113ru|Heat Wave|p1a: Iron Hands\n|-damage|p1a: Iron Hands|20\/100\n|-damage|p2b: Yogan Ka\u0113ru|21\/100|[from] item: Life Orb\n|\n|-weather|none\n|-fieldend|move: Trick Room\n|upkeep\n|\n|t:|1699836571\n|switch|p1b: Ogerpon|Ogerpon-Wellspring, L50, F|100\/100\n|turn|6\n|\n|t:|1699836591\n|-terastallize|p1b: Ogerpon|Water\n|detailschange|p1b: Ogerpon|Ogerpon-Wellspring-Tera, L50, F, tera:Water\n|-ability|p1b: Ogerpon|Embody Aspect (Wellspring)|boost\n|-boost|p1b: Ogerpon|spd|1\n|move|p1b: Ogerpon|Horn Leech|p2a: Atsui\n|-supereffective|p2a: Atsui\n|-damage|p2a: Atsui|0 fnt\n|faint|p2a: Atsui\n|-end|p2a: Atsui|Quark Drive|[silent]\n|move|p2b: Yogan Ka\u0113ru|Heat Wave|p1b: Ogerpon|[spread] p1a\n|-miss|p2b: Yogan Ka\u0113ru|p1b: Ogerpon\n|-damage|p1a: Iron Hands|0 fnt\n|faint|p1a: Iron Hands\n|-end|p1a: Iron Hands|Quark Drive|[silent]\n|-damage|p2b: Yogan Ka\u0113ru|12\/100|[from] item: Life Orb\n|\n|upkeep\n|\n|t:|1699836605\n|switch|p2a: Kur\u012bmuk\u014dn|Landorus-Therian, L50, M, shiny|53\/100\n|-ability|p2a: Kur\u012bmuk\u014dn|Intimidate|boost\n|-unboost|p1b: Ogerpon|atk|1\n|turn|7\n|\n|t:|1699836612\n|move|p2a: Kur\u012bmuk\u014dn|Stomping Tantrum|p1b: Ogerpon\n|-damage|p1b: Ogerpon|51\/100\n|move|p1b: Ogerpon|Ivy Cudgel|p2a: Kur\u012bmuk\u014dn\n|-supereffective|p2a: Kur\u012bmuk\u014dn\n|-crit|p2a: Kur\u012bmuk\u014dn\n|-damage|p2a: Kur\u012bmuk\u014dn|0 fnt\n|faint|p2a: Kur\u012bmuk\u014dn\n|move|p2b: Yogan Ka\u0113ru|Earth Power|p1b: Ogerpon\n|-damage|p1b: Ogerpon|26\/100\n|-unboost|p1b: Ogerpon|spd|1\n|-damage|p2b: Yogan Ka\u0113ru|2\/100|[from] item: Life Orb\n|\n|upkeep\n|\n|t:|1699836620\n|switch|p2a: Haitatsu!|Iron Bundle, L50, shiny|100\/100\n|turn|8\n|\n|t:|1699836627\n|move|p1b: Ogerpon|Spiky Shield|p1b: Ogerpon\n|-singleturn|p1b: Ogerpon|move: Protect\n|move|p2a: Haitatsu!|Freeze-Dry|p1b: Ogerpon\n|-activate|p1b: Ogerpon|move: Protect\n|move|p2b: Yogan Ka\u0113ru|Earth Power|p1b: Ogerpon\n|-activate|p1b: Ogerpon|move: Protect\n|\n|upkeep\n|turn|9\n|\n|t:|1699836630\n|move|p2a: Haitatsu!|Freeze-Dry|p1b: Ogerpon\n|-supereffective|p1b: Ogerpon\n|-damage|p1b: Ogerpon|0 fnt\n|faint|p1b: Ogerpon\n|\n|win|Jadedragon61\n|raw|luksm94's rating: 1212 &rarr; <strong>1186<\/strong><br \/>(-26 for losing)\n|raw|Jadedragon61's rating: 1203 &rarr; <strong>1229<\/strong><br \/>(+26 for winning)\n","uploadtime":1699836649,"views":19,"p1id":"luksm94","p2id":"jadedragon61","formatid":"gen9vgc2023regulatione","rating":1186,"private":0,"password":""}