{"id":"gen9vgc2023regulatione-1991473650","p1":"RayOgre_VGC11","p2":"ggttmmhh","format":"[Gen 9] VGC 2023 Regulation E","log":"|j|\u2606RayOgre_VGC11\n|j|\u2606ggttmmhh\n|t:|1700080213\n|gametype|doubles\n|player|p1|RayOgre_VGC11|266|1609\n|player|p2|ggttmmhh|1|1720\n|teamsize|p1|6\n|teamsize|p2|6\n|gen|9\n|tier|[Gen 9] VGC 2023 Regulation E\n|rated|\n|rule|Species Clause: Limit one of each Pok\u00e9mon\n|rule|Item Clause: Limit one of each item\n|clearpoke\n|poke|p1|Iron Bundle, L50|\n|poke|p1|Ogerpon, L50, F|\n|poke|p1|Ursaluna-Bloodmoon, L50, M|\n|poke|p1|Sableye, L50, F|\n|poke|p1|Tyranitar, L50, F|\n|poke|p1|Landorus, L50, M|\n|poke|p2|Weezing, L50, F|\n|poke|p2|Iron Hands, L50|\n|poke|p2|Roaring Moon, L50|\n|poke|p2|Flutter Mane, L50|\n|poke|p2|Landorus-Therian, L50, M|\n|poke|p2|Ogerpon-Wellspring, L50, F|\n|teampreview|4\n|j| Asacado\n|inactive|Battle timer is ON: inactive players will automatically lose when time's up. (requested by RayOgre_VGC11)\n|inactive|ggttmmhh has 60 seconds left.\n|\n|t:|1700080256\n|start\n|switch|p1a: Ursaluna|Ursaluna-Bloodmoon, L50, M|100\/100\n|switch|p1b: Sableye|Sableye, L50, F|100\/100\n|switch|p2a: Iron Hands|Iron Hands, L50|100\/100\n|switch|p2b: Roaring Moon|Roaring Moon, L50|100\/100\n|-enditem|p2b: Roaring Moon|Booster Energy\n|-activate|p2b: Roaring Moon|ability: Protosynthesis|[fromitem]\n|-start|p2b: Roaring Moon|protosynthesisspe\n|turn|1\n|inactive|RayOgre_VGC11 has 30 seconds left.\n|inactive|ggttmmhh has 30 seconds left.\n|inactive|ggttmmhh has 20 seconds left.\n|\n|t:|1700080295\n|-end|p2a: Iron Hands|Quark Drive|[silent]\n|switch|p2a: Weezing|Weezing, L50, F|100\/100\n|-ability|p2a: Weezing|Neutralizing Gas\n|-terastallize|p1a: Ursaluna|Ghost\n|move|p1b: Sableye|Fake Out|p2b: Roaring Moon\n|-damage|p2b: Roaring Moon|91\/100\n|cant|p2b: Roaring Moon|flinch\n|move|p1a: Ursaluna|Hyper Voice|p2a: Weezing|[spread] p2a,p2b\n|-damage|p2a: Weezing|56\/100\n|-damage|p2b: Roaring Moon|51\/100\n|-enditem|p1a: Ursaluna|Throat Spray\n|-boost|p1a: Ursaluna|spa|1|[from] item: Throat Spray\n|\n|upkeep\n|turn|2\n|inactive|RayOgre_VGC11 has 30 seconds left.\n|inactive|ggttmmhh has 30 seconds left.\n|inactive|ggttmmhh has 20 seconds left.\n|inactive|ggttmmhh has 15 seconds left.\n|inactive|ggttmmhh has 10 seconds left.\n|\n|t:|1700080342\n|move|p1a: Ursaluna|Protect|p1a: Ursaluna\n|-singleturn|p1a: Ursaluna|Protect\n|move|p2b: Roaring Moon|Tailwind|p2b: Roaring Moon\n|-sidestart|p2: ggttmmhh|move: Tailwind\n|move|p2a: Weezing|Taunt|p1b: Sableye\n|-start|p1b: Sableye|move: Taunt\n|cant|p1b: Sableye|move: Taunt|Will-O-Wisp\n|\n|upkeep\n|turn|3\n|inactive|ggttmmhh has 30 seconds left.\n|inactive|ggttmmhh has 20 seconds left.\n|inactive|ggttmmhh has 15 seconds left.\n|\n|t:|1700080382\n|-end|p2b: Roaring Moon|Protosynthesis|[silent]\n|switch|p2b: Flutter Mane|Flutter Mane, L50|100\/100\n|switch|p1b: Iron Bundle|Iron Bundle, L50|100\/100\n|-enditem|p1b: Iron Bundle|Booster Energy\n|-activate|p1b: Iron Bundle|ability: Quark Drive|[fromitem]\n|-start|p1b: Iron Bundle|quarkdrivespe\n|move|p2a: Weezing|Protect|p2a: Weezing\n|-singleturn|p2a: Weezing|Protect\n|move|p1a: Ursaluna|Hyper Voice|p2b: Flutter Mane|[spread] \n|-activate|p2a: Weezing|move: Protect\n|-immune|p2b: Flutter Mane\n|\n|upkeep\n|turn|4\n|inactive|RayOgre_VGC11 has 30 seconds left.\n|inactive|ggttmmhh has 30 seconds left.\n|\n|t:|1700080412\n|-end|p2a: Weezing|ability: Neutralizing Gas\n|switch|p2a: Iron Hands|Iron Hands, L50|100\/100\n|move|p2b: Flutter Mane|Shadow Ball|p1a: Ursaluna\n|-supereffective|p1a: Ursaluna\n|-damage|p1a: Ursaluna|0 fnt\n|faint|p1a: Ursaluna\n|move|p1b: Iron Bundle|Icy Wind|p2b: Flutter Mane|[spread] p2a,p2b\n|-damage|p2a: Iron Hands|91\/100\n|-damage|p2b: Flutter Mane|86\/100\n|-unboost|p2a: Iron Hands|spe|1\n|-unboost|p2b: Flutter Mane|spe|1\n|\n|upkeep\n|\n|t:|1700080428\n|switch|p1a: Landorus|Landorus, L50, M|100\/100\n|turn|5\n|inactive|ggttmmhh has 30 seconds left.\n|inactive|RayOgre_VGC11 has 30 seconds left.\n|inactive|ggttmmhh has 20 seconds left.\n|inactive|ggttmmhh has 15 seconds left.\n|inactive|ggttmmhh has 10 seconds left.\n|j| previouslyunnamed\n|\n|t:|1700080478\n|-end|p2a: Iron Hands|Quark Drive|[silent]\n|switch|p2a: Roaring Moon|Roaring Moon, L50|51\/100\n|move|p1b: Iron Bundle|Protect|p1b: Iron Bundle\n|-singleturn|p1b: Iron Bundle|Protect\n|move|p1a: Landorus|Protect|p1a: Landorus\n|-singleturn|p1a: Landorus|Protect\n|move|p2b: Flutter Mane|Shadow Ball|p1b: Iron Bundle\n|-activate|p1b: Iron Bundle|move: Protect\n|\n|-sideend|p2: ggttmmhh|move: Tailwind\n|upkeep\n|turn|6\n|c| previouslyunnamed|ggtt\n|c| previouslyunnamed|starting his gain back on top\n|inactive|RayOgre_VGC11 has 30 seconds left.\n|inactive|ggttmmhh has 30 seconds left.\n|inactive|RayOgre_VGC11 has 20 seconds left.\n|inactive|ggttmmhh has 20 seconds left.\n|inactive|RayOgre_VGC11 has 15 seconds left.\n|\n|t:|1700080518\n|-end|p2b: Flutter Mane|Protosynthesis|[silent]\n|switch|p2b: Weezing|Weezing, L50, F|56\/100\n|-ability|p2b: Weezing|Neutralizing Gas\n|move|p2a: Roaring Moon|Protect|p2a: Roaring Moon\n|-singleturn|p2a: Roaring Moon|Protect\n|move|p1b: Iron Bundle|Icy Wind|p2a: Roaring Moon|[spread] p2b\n|-activate|p2a: Roaring Moon|move: Protect\n|-damage|p2b: Weezing|35\/100\n|-unboost|p2b: Weezing|spe|1\n|-enditem|p2b: Weezing|Sitrus Berry|[eat]\n|-heal|p2b: Weezing|60\/100|[from] item: Sitrus Berry\n|move|p1a: Landorus|Sludge Bomb|p2b: Weezing\n|-resisted|p2b: Weezing\n|-damage|p2b: Weezing|42\/100\n|-damage|p1a: Landorus|91\/100|[from] item: Life Orb\n|\n|upkeep\n|turn|7\n|inactive|RayOgre_VGC11 has 30 seconds left.\n|inactive|ggttmmhh has 30 seconds left.\n|inactive|RayOgre_VGC11 has 20 seconds left.\n|inactive|ggttmmhh has 20 seconds left.\n|\n|t:|1700080557\n|-end|p2a: Roaring Moon|Protosynthesis|[silent]\n|switch|p2a: Iron Hands|Iron Hands, L50|91\/100\n|move|p1b: Iron Bundle|Icy Wind|p2b: Weezing|[spread] p2a,p2b\n|-damage|p2a: Iron Hands|83\/100\n|-damage|p2b: Weezing|21\/100\n|-unboost|p2a: Iron Hands|spe|1\n|-unboost|p2b: Weezing|spe|1\n|move|p1a: Landorus|Sandsear Storm|p2b: Weezing|[spread] p2a,p2b\n|-supereffective|p2a: Iron Hands\n|-supereffective|p2b: Weezing\n|-damage|p2a: Iron Hands|32\/100\n|-damage|p2b: Weezing|0 fnt\n|faint|p2b: Weezing\n|-end|p2b: Weezing|ability: Neutralizing Gas\n|-damage|p1a: Landorus|81\/100|[from] item: Life Orb\n|\n|upkeep\n|\n|t:|1700080575\n|switch|p2b: Roaring Moon|Roaring Moon, L50|51\/100\n|turn|8\n|inactive|RayOgre_VGC11 has 30 seconds left.\n|\n|t:|1700080603\n|move|p2a: Iron Hands|Fake Out|p1b: Iron Bundle\n|-damage|p1b: Iron Bundle|84\/100\n|cant|p1b: Iron Bundle|flinch\n|move|p2b: Roaring Moon|Tailwind|p2b: Roaring Moon\n|-sidestart|p2: ggttmmhh|move: Tailwind\n|move|p1a: Landorus|Earth Power|p2b: Roaring Moon\n|-damage|p2b: Roaring Moon|0 fnt\n|faint|p2b: Roaring Moon\n|-end|p2b: Roaring Moon|Protosynthesis|[silent]\n|\n|upkeep\n|\n|t:|1700080612\n|switch|p2b: Flutter Mane|Flutter Mane, L50|86\/100\n|turn|9\n|inactive|RayOgre_VGC11 has 30 seconds left.\n|inactive|ggttmmhh has 30 seconds left.\n|inactive|RayOgre_VGC11 has 20 seconds left.\n|inactive|ggttmmhh has 20 seconds left.\n|j| neusrel\n|inactive|RayOgre_VGC11 has 15 seconds left.\n|inactive|ggttmmhh has 15 seconds left.\n|inactive|RayOgre_VGC11 has 10 seconds left.\n|\n|t:|1700080658\n|move|p1a: Landorus|Protect|p1a: Landorus\n|-singleturn|p1a: Landorus|Protect\n|move|p2b: Flutter Mane|Moonblast|p1a: Landorus\n|-activate|p1a: Landorus|move: Protect\n|move|p1b: Iron Bundle|Icy Wind|p2a: Iron Hands|[spread] p2a\n|-miss|p1b: Iron Bundle|p2b: Flutter Mane\n|-damage|p2a: Iron Hands|22\/100\n|-unboost|p2a: Iron Hands|spe|1\n|move|p2a: Iron Hands|Drain Punch|p1b: Iron Bundle\n|-supereffective|p1b: Iron Bundle\n|-damage|p1b: Iron Bundle|0 fnt\n|-heal|p2a: Iron Hands|50\/100|[from] drain|[of] p1b: Iron Bundle\n|faint|p1b: Iron Bundle\n|-end|p1b: Iron Bundle|Quark Drive|[silent]\n|\n|upkeep\n|\n|t:|1700080672\n|switch|p1b: Sableye|Sableye, L50, F|100\/100\n|turn|10\n|inactive|RayOgre_VGC11 has 30 seconds left.\n|\n|t:|1700080697\n|move|p1b: Sableye|Quash|p2b: Flutter Mane\n|-activate|p2b: Flutter Mane|move: Quash\n|move|p1a: Landorus|Sludge Bomb|p2b: Flutter Mane\n|-damage|p2b: Flutter Mane|42\/100\n|move|p2a: Iron Hands|Heavy Slam|p1a: Landorus\n|-damage|p1a: Landorus|35\/100\n|move|p2b: Flutter Mane|Moonblast|p1a: Landorus\n|-damage|p1a: Landorus|0 fnt\n|faint|p1a: Landorus\n|\n|upkeep\n|turn|11\n|-message|RayOgre_VGC11 forfeited.\n|\n|win|ggttmmhh\n|raw|RayOgre_VGC11's rating: 1609 &rarr; <strong>1595<\/strong><br \/>(-14 for losing)\n|raw|ggttmmhh's rating: 1720 &rarr; <strong>1734<\/strong><br \/>(+14 for winning)\n|l|\u2606RayOgre_VGC11\n","uploadtime":1700080715,"views":8,"p1id":"rayogrevgc11","p2id":"ggttmmhh","formatid":"gen9vgc2023regulatione","rating":1595,"private":0,"password":""}