{"id":"gen9vgc2023regulatione-1997968145","p1":"PeachBlink","p2":"Detective 76","format":"[Gen 9] VGC 2023 Regulation E","log":"|j|\u2606PeachBlink\n|j|\u2606Detective 76\n|t:|1700873372\n|gametype|doubles\n|player|p1|PeachBlink|bruno|1298\n|player|p2|Detective 76|veteran|1334\n|teamsize|p1|6\n|teamsize|p2|6\n|gen|9\n|tier|[Gen 9] VGC 2023 Regulation E\n|rated|\n|rule|Species Clause: Limit one of each Pok\u00e9mon\n|rule|Item Clause: Limit one of each item\n|clearpoke\n|poke|p1|Gholdengo, L50|\n|poke|p1|Iron Hands, L50|\n|poke|p1|Amoonguss, L50, M|\n|poke|p1|Iron Bundle, L50|\n|poke|p1|Pelipper, L50, F|\n|poke|p1|Salamence, L50, F|\n|poke|p2|Landorus-Therian, L50, M|\n|poke|p2|Iron Hands, L50|\n|poke|p2|Urshifu-*, L50, F|\n|poke|p2|Flutter Mane, L50|\n|poke|p2|Chien-Pao, L50|\n|poke|p2|Rillaboom, L50, M|\n|teampreview|4\n|inactive|Battle timer is ON: inactive players will automatically lose when time's up. (requested by Detective 76)\n|\n|t:|1700873416\n|start\n|switch|p1a: Iron Hands|Iron Hands, L50|100\/100\n|switch|p1b: Iron Bundle|Iron Bundle, L50|100\/100\n|switch|p2a: Chien-Pao|Chien-Pao, L50|100\/100\n|switch|p2b: Iron Hands|Iron Hands, L50|100\/100\n|-ability|p2a: Chien-Pao|Sword of Ruin\n|-enditem|p1b: Iron Bundle|Booster Energy\n|-activate|p1b: Iron Bundle|ability: Quark Drive|[fromitem]\n|-start|p1b: Iron Bundle|quarkdrivespe\n|turn|1\n|\n|t:|1700873440\n|move|p1b: Iron Bundle|Protect|p1b: Iron Bundle\n|-singleturn|p1b: Iron Bundle|Protect\n|move|p2a: Chien-Pao|Protect|p2a: Chien-Pao\n|-singleturn|p2a: Chien-Pao|Protect\n|move|p2b: Iron Hands|Fake Out|p1b: Iron Bundle\n|-activate|p1b: Iron Bundle|move: Protect\n|move|p1a: Iron Hands|Drain Punch|p2a: Chien-Pao\n|-activate|p2a: Chien-Pao|move: Protect\n|\n|upkeep\n|turn|2\n|inactive|PeachBlink has 30 seconds left.\n|\n|t:|1700873471\n|-end|p1b: Iron Bundle|Quark Drive|[silent]\n|switch|p1b: Salamence|Salamence, L50, F|100\/100\n|-ability|p1b: Salamence|Intimidate|boost\n|-unboost|p2a: Chien-Pao|atk|1\n|-unboost|p2b: Iron Hands|atk|1\n|switch|p2a: Landorus|Landorus-Therian, L50, M|100\/100\n|-ability|p2a: Landorus|Intimidate|boost\n|-unboost|p1a: Iron Hands|atk|1\n|-unboost|p1b: Salamence|atk|1\n|move|p1a: Iron Hands|Heavy Slam|p2a: Landorus\n|-damage|p2a: Landorus|64\/100\n|move|p2b: Iron Hands|Drain Punch|p1b: Salamence\n|-resisted|p1b: Salamence\n|-damage|p1b: Salamence|81\/100\n|\n|upkeep\n|turn|3\n|inactive|PeachBlink has 30 seconds left.\n|\n|t:|1700873500\n|-end|p1a: Iron Hands|Quark Drive|[silent]\n|switch|p1a: Amoonguss|Amoonguss, L50, M|100\/100\n|move|p1b: Salamence|Air Slash|p2a: Landorus\n|-damage|p2a: Landorus|16\/100\n|move|p2a: Landorus|Rock Slide|p1b: Salamence|[spread] p1a,p1b\n|-supereffective|p1b: Salamence\n|-damage|p1a: Amoonguss|84\/100\n|-damage|p1b: Salamence|28\/100\n|move|p2b: Iron Hands|Drain Punch|p1a: Amoonguss\n|-resisted|p1a: Amoonguss\n|-damage|p1a: Amoonguss|73\/100\n|\n|upkeep\n|turn|4\n|inactive|Detective 76 has 30 seconds left.\n|\n|t:|1700873527\n|-end|p2b: Iron Hands|Quark Drive|[silent]\n|switch|p2b: Rillaboom|Rillaboom, L50, M|100\/100\n|-fieldstart|move: Grassy Terrain|[from] ability: Grassy Surge|[of] p2b: Rillaboom\n|move|p1b: Salamence|Air Slash|p2a: Landorus\n|-damage|p2a: Landorus|0 fnt\n|faint|p2a: Landorus\n|move|p1a: Amoonguss|Spore|p2b: Rillaboom\n|-immune|p2b: Rillaboom\n|\n|-heal|p1a: Amoonguss|79\/100|[from] Grassy Terrain\n|upkeep\n|\n|t:|1700873541\n|switch|p2a: Iron Hands|Iron Hands, L50|100\/100\n|turn|5\n|\n|t:|1700873561\n|switch|p1b: Iron Hands|Iron Hands, L50|100\/100\n|move|p2b: Rillaboom|Fake Out|p1a: Amoonguss\n|-damage|p1a: Amoonguss|65\/100\n|-damage|p2b: Rillaboom|91\/100|[from] item: Life Orb\n|move|p2a: Iron Hands|Fake Out|p1b: Iron Hands\n|-damage|p1b: Iron Hands|90\/100\n|cant|p1a: Amoonguss|flinch\n|\n|-heal|p2b: Rillaboom|96\/100|[from] Grassy Terrain\n|-heal|p1b: Iron Hands|96\/100|[from] Grassy Terrain\n|-heal|p1a: Amoonguss|71\/100|[from] Grassy Terrain\n|upkeep\n|turn|6\n|\n|t:|1700873583\n|move|p1b: Iron Hands|Fake Out|p2b: Rillaboom\n|-damage|p2b: Rillaboom|79\/100\n|cant|p2b: Rillaboom|flinch\n|move|p2a: Iron Hands|Drain Punch|p1b: Iron Hands\n|-damage|p1b: Iron Hands|64\/100\n|move|p1a: Amoonguss|Spore|p2a: Iron Hands\n|-status|p2a: Iron Hands|slp|[from] move: Spore\n|\n|-heal|p2b: Rillaboom|84\/100|[from] Grassy Terrain\n|-heal|p1b: Iron Hands|70\/100|[from] Grassy Terrain\n|-heal|p1a: Amoonguss|77\/100|[from] Grassy Terrain\n|upkeep\n|turn|7\n|\n|t:|1700873601\n|switch|p1a: Salamence|Salamence, L50, F|28\/100\n|-ability|p1a: Salamence|Intimidate|boost\n|-unboost|p2a: Iron Hands|atk|1\n|-unboost|p2b: Rillaboom|atk|1\n|-terastallize|p2b: Rillaboom|Grass\n|move|p2b: Rillaboom|Wood Hammer|p1b: Iron Hands\n|-damage|p1b: Iron Hands|10\/100\n|-damage|p2b: Rillaboom|57\/100|[from] Recoil\n|-damage|p2b: Rillaboom|47\/100|[from] item: Life Orb\n|move|p1b: Iron Hands|Drain Punch|p2b: Rillaboom\n|-damage|p2b: Rillaboom|0 fnt\n|-heal|p1b: Iron Hands|27\/100|[from] drain|[of] p2b: Rillaboom\n|faint|p2b: Rillaboom\n|cant|p2a: Iron Hands|slp\n|\n|-heal|p1b: Iron Hands|33\/100|[from] Grassy Terrain\n|upkeep\n|\n|t:|1700873609\n|switch|p2b: Chien-Pao|Chien-Pao, L50|100\/100\n|-ability|p2b: Chien-Pao|Sword of Ruin\n|turn|8\n|inactive|PeachBlink has 30 seconds left.\n|\n|t:|1700873642\n|-end|p1b: Iron Hands|Quark Drive|[silent]\n|switch|p1b: Amoonguss|Amoonguss, L50, M|100\/100\n|move|p2b: Chien-Pao|Protect|p2b: Chien-Pao\n|-singleturn|p2b: Chien-Pao|Protect\n|move|p1a: Salamence|Tailwind|p1a: Salamence\n|-sidestart|p1: PeachBlink|move: Tailwind\n|cant|p2a: Iron Hands|slp\n|\n|-fieldend|move: Grassy Terrain\n|upkeep\n|turn|9\n|inactive|PeachBlink has 30 seconds left.\n|inactive|Detective 76 has 30 seconds left.\n|\n|t:|1700873672\n|switch|p1a: Iron Hands|Iron Hands, L50|33\/100\n|move|p1b: Amoonguss|Protect|p1b: Amoonguss\n|-singleturn|p1b: Amoonguss|Protect\n|move|p2b: Chien-Pao|Ice Spinner|p1a: Iron Hands\n|-damage|p1a: Iron Hands|0 fnt\n|faint|p1a: Iron Hands\n|-end|p1a: Iron Hands|Quark Drive|[silent]\n|cant|p2a: Iron Hands|slp\n|\n|upkeep\n|\n|t:|1700873684\n|switch|p1a: Salamence|Salamence, L50, F|28\/100\n|-ability|p1a: Salamence|Intimidate|boost\n|-unboost|p2a: Iron Hands|atk|1\n|-unboost|p2b: Chien-Pao|atk|1\n|turn|10\n|\n|t:|1700873702\n|move|p1b: Amoonguss|Rage Powder|p1b: Amoonguss\n|-singleturn|p1b: Amoonguss|move: Rage Powder\n|move|p1a: Salamence|Air Slash|p2b: Chien-Pao\n|-damage|p2b: Chien-Pao|42\/100\n|cant|p2b: Chien-Pao|flinch\n|-curestatus|p2a: Iron Hands|slp|[msg]\n|move|p2a: Iron Hands|Heavy Slam|p1b: Amoonguss\n|-damage|p1b: Amoonguss|74\/100\n|\n|upkeep\n|turn|11\n|\n|t:|1700873723\n|move|p2b: Chien-Pao|Sucker Punch|p1a: Salamence\n|-damage|p1a: Salamence|0 fnt\n|faint|p1a: Salamence\n|move|p1b: Amoonguss|Spore|p2a: Iron Hands\n|-status|p2a: Iron Hands|slp|[from] move: Spore\n|cant|p2a: Iron Hands|slp\n|\n|-sideend|p1: PeachBlink|move: Tailwind\n|upkeep\n|\n|t:|1700873732\n|switch|p1a: Iron Bundle|Iron Bundle, L50|100\/100\n|turn|12\n|\n|t:|1700873743\n|move|p2b: Chien-Pao|Protect|p2b: Chien-Pao\n|-singleturn|p2b: Chien-Pao|Protect\n|move|p1a: Iron Bundle|Icy Wind|p2b: Chien-Pao|[spread] p2a\n|-activate|p2b: Chien-Pao|move: Protect\n|-damage|p2a: Iron Hands|89\/100 slp\n|-unboost|p2a: Iron Hands|spe|1\n|move|p1b: Amoonguss|Pollen Puff|p2b: Chien-Pao\n|-activate|p2b: Chien-Pao|move: Protect\n|cant|p2a: Iron Hands|slp\n|\n|upkeep\n|turn|13\n|inactive|PeachBlink has 30 seconds left.\n|inactive|Detective 76 has 30 seconds left.\n|inactive|PeachBlink has 20 seconds left.\n|\n|t:|1700873778\n|move|p1a: Iron Bundle|Protect|p1a: Iron Bundle\n|-singleturn|p1a: Iron Bundle|Protect\n|move|p2b: Chien-Pao|Crunch|p1a: Iron Bundle\n|-activate|p1a: Iron Bundle|move: Protect\n|move|p1b: Amoonguss|Spore|p2b: Chien-Pao\n|-status|p2b: Chien-Pao|slp|[from] move: Spore\n|cant|p2a: Iron Hands|slp\n|\n|upkeep\n|turn|14\n|inactive|PeachBlink has 30 seconds left.\n|\n|t:|1700873809\n|-terastallize|p1a: Iron Bundle|Ghost\n|cant|p2b: Chien-Pao|slp\n|move|p1a: Iron Bundle|Freeze-Dry|p2a: Iron Hands\n|-damage|p2a: Iron Hands|69\/100 slp\n|move|p1b: Amoonguss|Pollen Puff|p2b: Chien-Pao\n|-supereffective|p2b: Chien-Pao\n|-damage|p2b: Chien-Pao|0 fnt\n|faint|p2b: Chien-Pao\n|-curestatus|p2a: Iron Hands|slp|[msg]\n|move|p2a: Iron Hands|Drain Punch|p1a: Iron Bundle\n|-immune|p1a: Iron Bundle\n|\n|upkeep\n|turn|15\n|-message|Detective 76 forfeited.\n|\n|win|PeachBlink\n|raw|PeachBlink's rating: 1298 &rarr; <strong>1326<\/strong><br \/>(+28 for winning)\n|raw|Detective 76's rating: 1334 &rarr; <strong>1312<\/strong><br \/>(-22 for losing)\n|l|\u2606Detective 76\n","uploadtime":1700873829,"views":5,"p1id":"peachblink","p2id":"detective76","formatid":"gen9vgc2023regulatione","rating":1312,"private":0,"password":""}