{"id":"gen9vgc2023regulatione-1993520396","p1":"DarthGlacies","p2":"cocomolaco","format":"[Gen 9] VGC 2023 Regulation E","log":"|j|\u2606DarthGlacies\n|j|\u2606cocomolaco\n|n|\u2606DarthGlacies|darthglacies\n|n|\u2606cocomolaco|cocomolaco\n|html|View the match progress at <a href=\"\/game-bestof3-gen9vgc2023regulatione-1993517747\">game-bestof3-gen9vgc2023regulatione-1993517747<\/a>\n|t:|1700327472\n|gametype|doubles\n|player|p1|DarthGlacies|red|\n|player|p2|cocomolaco|102|\n|teamsize|p1|6\n|teamsize|p2|6\n|gen|9\n|tier|[Gen 9] VGC 2023 Regulation E\n|rule|Species Clause: Limit one of each Pok\u00e9mon\n|rule|Item Clause: Limit one of each item\n|clearpoke\n|poke|p1|Roaring Moon, L50|\n|poke|p1|Iron Hands, L50|\n|poke|p1|Iron Bundle, L50|\n|poke|p1|Gholdengo, L50|\n|poke|p1|Amoonguss, L50, F|\n|poke|p1|Landorus-Therian, L50, M|\n|poke|p2|Ninetales-Alola, L50, F|\n|poke|p2|Vaporeon, L50, F|\n|poke|p2|Sinistcha, L50|\n|poke|p2|Iron Hands, L50|\n|poke|p2|Heatran, L50, F|\n|poke|p2|Landorus-Therian, L50, M|\n|teampreview|4\n|inactive|Battle timer is ON: inactive players will automatically lose when time's up. (requested by DarthGlacies)\nDarthGlacies has agreed to open team sheets.\n|\n|t:|1700327488\n|start\n|switch|p1a: Roaring Moon|Roaring Moon, L50|100\/100\n|switch|p1b: Gholdengo|Gholdengo, L50|100\/100\n|switch|p2a: Sinistcha|Sinistcha, L50|100\/100\n|switch|p2b: Ninetales|Ninetales-Alola, L50, F|100\/100\n|-weather|Snow|[from] ability: Snow Warning|[of] p2b: Ninetales\n|-enditem|p1a: Roaring Moon|Booster Energy\n|-activate|p1a: Roaring Moon|ability: Protosynthesis|[fromitem]\n|-start|p1a: Roaring Moon|protosynthesisspe\n|turn|1\n|\n|t:|1700327508\n|-terastallize|p2a: Sinistcha|Dragon\n|move|p1a: Roaring Moon|Tailwind|p1a: Roaring Moon\n|-sidestart|p1: DarthGlacies|move: Tailwind\n|move|p1b: Gholdengo|Make It Rain|p2a: Sinistcha|[spread] p2a,p2b\n|-supereffective|p2b: Ninetales\n|-damage|p2a: Sinistcha|61\/100\n|-damage|p2b: Ninetales|0 fnt\n|-unboost|p1b: Gholdengo|spa|1\n|faint|p2b: Ninetales\n|move|p2a: Sinistcha|Nasty Plot|p2a: Sinistcha\n|-boost|p2a: Sinistcha|spa|2\n|\n|-weather|Snow|[upkeep]\n|-heal|p2a: Sinistcha|67\/100|[from] item: Leftovers\n|upkeep\n|\n|t:|1700327524\n|switch|p2b: Heatran|Heatran, L50, F|100\/100\n|turn|2\n|\n|t:|1700327542\n|move|p1b: Gholdengo|Protect|p1b: Gholdengo\n|-singleturn|p1b: Gholdengo|Protect\n|move|p1a: Roaring Moon|Knock Off|p2a: Sinistcha\n|-crit|p2a: Sinistcha\n|-damage|p2a: Sinistcha|0 fnt\n|-enditem|p2a: Sinistcha|Leftovers|[from] move: Knock Off|[of] p1a: Roaring Moon\n|faint|p2a: Sinistcha\n|move|p2b: Heatran|Heat Wave|p1b: Gholdengo|[spread] p1a\n|-activate|p1b: Gholdengo|move: Protect\n|-resisted|p1a: Roaring Moon\n|-damage|p1a: Roaring Moon|71\/100\n|\n|-weather|Snow|[upkeep]\n|upkeep\n|\n|t:|1700327553\n|switch|p2a: Iron Hands|Iron Hands, L50|100\/100\n|turn|3\n|\n|t:|1700327561\n|switch|p1b: Iron Bundle|Iron Bundle, L50|100\/100\n|move|p1a: Roaring Moon|Knock Off|p2b: Heatran\n|-damage|p2b: Heatran|60\/100\n|-enditem|p2b: Heatran|Choice Specs|[from] move: Knock Off|[of] p1a: Roaring Moon\n|move|p2b: Heatran|Heat Wave|p1a: Roaring Moon|[spread] p1a,p1b\n|-resisted|p1a: Roaring Moon\n|-crit|p1a: Roaring Moon\n|-damage|p1a: Roaring Moon|44\/100\n|-damage|p1b: Iron Bundle|16\/100\n|move|p2a: Iron Hands|Drain Punch|p1a: Roaring Moon\n|-supereffective|p1a: Roaring Moon\n|-damage|p1a: Roaring Moon|0 fnt\n|faint|p1a: Roaring Moon\n|-end|p1a: Roaring Moon|Protosynthesis|[silent]\n|\n|-weather|Snow|[upkeep]\n|upkeep\n|\n|t:|1700327574\n|switch|p1a: Landorus|Landorus-Therian, L50, M|100\/100\n|-ability|p1a: Landorus|Intimidate|boost\n|-unboost|p2a: Iron Hands|atk|1\n|-unboost|p2b: Heatran|atk|1\n|turn|4\n|\n|t:|1700327591\n|-end|p1b: Iron Bundle|Quark Drive|[silent]\n|switch|p1b: Gholdengo|Gholdengo, L50|100\/100\n|move|p1a: Landorus|Stomping Tantrum|p2b: Heatran\n|-supereffective|p2b: Heatran\n|-damage|p2b: Heatran|0 fnt\n|faint|p2b: Heatran\n|move|p2a: Iron Hands|Drain Punch|p1b: Gholdengo\n|-immune|p1b: Gholdengo\n|\n|-weather|Snow|[upkeep]\n|-sideend|p1: DarthGlacies|move: Tailwind\n|upkeep\n|turn|5\n|\n|t:|1700327602\n|move|p1a: Landorus|Stomping Tantrum|p2a: Iron Hands\n|-supereffective|p2a: Iron Hands\n|-damage|p2a: Iron Hands|42\/100\n|move|p1b: Gholdengo|Nasty Plot|p1b: Gholdengo\n|-boost|p1b: Gholdengo|spa|2\n|move|p2a: Iron Hands|Drain Punch|p1b: Gholdengo\n|-immune|p1b: Gholdengo\n|\n|-weather|none\n|upkeep\n|turn|6\n|\n|t:|1700327615\n|move|p1a: Landorus|Stomping Tantrum|p2a: Iron Hands\n|-supereffective|p2a: Iron Hands\n|-damage|p2a: Iron Hands|0 fnt\n|faint|p2a: Iron Hands\n|-end|p2a: Iron Hands|Quark Drive|[silent]\n|\n|win|DarthGlacies\n|l|\u2606cocomolaco\n","uploadtime":1700327636,"views":13,"p1id":"darthglacies","p2id":"cocomolaco","formatid":"gen9vgc2023regulatione","rating":0,"private":0,"password":""}