{"id":"gen9vgc2023regulatione-1990752793","p1":"RuvaPlaysPokemon","p2":"scrapsorra","format":"[Gen 9] VGC 2023 Regulation E","log":"|j|\u2606RuvaPlaysPokemon\n|j|\u2606scrapsorra\n|t:|1699997559\n|gametype|doubles\n|player|p1|RuvaPlaysPokemon|266|1148\n|player|p2|scrapsorra|mars|1170\n|teamsize|p1|6\n|teamsize|p2|6\n|gen|9\n|tier|[Gen 9] VGC 2023 Regulation E\n|rated|\n|rule|Species Clause: Limit one of each Pok\u00e9mon\n|rule|Item Clause: Limit one of each item\n|clearpoke\n|poke|p1|Ninetales-Alola, L50, F|\n|poke|p1|Arcanine-Hisui, L50, M|\n|poke|p1|Goodra-Hisui, L50, M|\n|poke|p1|Gastrodon, L50, F|\n|poke|p1|Clefairy, L50, M|\n|poke|p1|Ursaluna-Bloodmoon, L50, M|\n|poke|p2|Delphox, L50, F|\n|poke|p2|Ogerpon-Wellspring, L50, F|\n|poke|p2|Farigiraf, L50, F|\n|poke|p2|Arcanine-Hisui, L50, M|\n|poke|p2|Rillaboom, L50, M|\n|poke|p2|Milotic, L50, F|\n|teampreview|4\nscrapsorra has agreed to open team sheets.\nRuvaPlaysPokemon rejected open team sheets.\n|\n|t:|1699997606\n|start\n|switch|p1a: Clefairy|Clefairy, L50, M|100\/100\n|switch|p1b: Ursaluna|Ursaluna-Bloodmoon, L50, M|100\/100\n|switch|p2a: DK|Rillaboom, L50, M|100\/100\n|switch|p2b: Danny|Arcanine-Hisui, L50, M|100\/100\n|-ability|p2b: Danny|Intimidate|boost\n|-unboost|p1a: Clefairy|atk|1\n|-unboost|p1b: Ursaluna|atk|1\n|-fieldstart|move: Grassy Terrain|[from] ability: Grassy Surge|[of] p2a: DK\n|turn|1\n|\n|t:|1699997622\n|move|p2a: DK|Fake Out|p1b: Ursaluna\n|-damage|p1b: Ursaluna|92\/100\n|move|p1a: Clefairy|Follow Me|p1a: Clefairy\n|-singleturn|p1a: Clefairy|move: Follow Me\n|move|p2b: Danny|Rock Slide|p1b: Ursaluna|[spread] p1b\n|-miss|p2b: Danny|p1a: Clefairy\n|-resisted|p1b: Ursaluna\n|-damage|p1b: Ursaluna|79\/100\n|cant|p1b: Ursaluna|flinch\n|\n|-heal|p1b: Ursaluna|85\/100|[from] Grassy Terrain\n|upkeep\n|turn|2\n|\n|t:|1699997638\n|switch|p2b: Lily|Ogerpon-Wellspring, L50, F|100\/100\n|move|p1a: Clefairy|Follow Me|p1a: Clefairy\n|-singleturn|p1a: Clefairy|move: Follow Me\n|move|p2a: DK|Knock Off|p1a: Clefairy\n|-resisted|p1a: Clefairy\n|-damage|p1a: Clefairy|85\/100\n|-enditem|p1a: Clefairy|Eviolite|[from] move: Knock Off|[of] p2a: DK\n|move|p1b: Ursaluna|Earth Power|p2b: Lily\n|-resisted|p2b: Lily\n|-damage|p2b: Lily|71\/100\n|\n|-heal|p2b: Lily|77\/100|[from] Grassy Terrain\n|-heal|p1b: Ursaluna|91\/100|[from] Grassy Terrain\n|-heal|p1a: Clefairy|91\/100|[from] Grassy Terrain\n|upkeep\n|turn|3\n|\n|t:|1699997677\n|switch|p1a: Gastrodon|Gastrodon, L50, F|100\/100\n|move|p2b: Lily|Spiky Shield|p2b: Lily\n|-singleturn|p2b: Lily|move: Protect\n|move|p2a: DK|Grassy Glide|p1b: Ursaluna\n|-supereffective|p1b: Ursaluna\n|-damage|p1b: Ursaluna|29\/100\n|move|p1b: Ursaluna|Blood Moon|p2a: DK\n|-damage|p2a: DK|41\/100\n|\n|-heal|p2b: Lily|83\/100|[from] Grassy Terrain\n|-heal|p2a: DK|47\/100|[from] Grassy Terrain\n|-heal|p1b: Ursaluna|35\/100|[from] Grassy Terrain\n|upkeep\n|turn|4\n|\n|t:|1699997707\n|switch|p1b: Clefairy|Clefairy, L50, M|91\/100\n|switch|p1a: Goodra|Goodra-Hisui, L50, M|100\/100\n|move|p2a: DK|Grassy Glide|p1b: Clefairy\n|-crit|p1b: Clefairy\n|-damage|p1b: Clefairy|21\/100\n|move|p2b: Lily|Horn Leech|p1a: Goodra\n|-ability|p1a: Goodra|Sap Sipper|boost\n|-boost|p1a: Goodra|atk|1\n|\n|-heal|p2b: Lily|89\/100|[from] Grassy Terrain\n|-heal|p2a: DK|52\/100|[from] Grassy Terrain\n|-heal|p1b: Clefairy|26\/100|[from] Grassy Terrain\n|upkeep\n|turn|5\n|\n|t:|1699997734\n|move|p1b: Clefairy|Helping Hand|p1a: Goodra\n|-singleturn|p1a: Goodra|Helping Hand|[of] p1b: Clefairy\n|move|p2b: Lily|Ivy Cudgel|p1b: Clefairy|[anim] Ivy Cudgel Water\n|-damage|p1b: Clefairy|0 fnt\n|faint|p1b: Clefairy\n|move|p2a: DK|High Horsepower|p1a: Goodra\n|-supereffective|p1a: Goodra\n|-damage|p1a: Goodra|46\/100\n|move|p1a: Goodra|Heavy Slam|p2b: Lily\n|-resisted|p2b: Lily\n|-damage|p2b: Lily|25\/100\n|\n|-heal|p2b: Lily|31\/100|[from] Grassy Terrain\n|-heal|p2a: DK|58\/100|[from] Grassy Terrain\n|-heal|p1a: Goodra|52\/100|[from] Grassy Terrain\n|-heal|p1a: Goodra|58\/100|[from] item: Leftovers\n|-fieldend|move: Grassy Terrain\n|upkeep\n|\n|t:|1699997753\n|switch|p1b: Gastrodon|Gastrodon, L50, F|100\/100\n|turn|6\n|\n|t:|1699997781\n|-terastallize|p1b: Gastrodon|Fire\n|move|p2b: Lily|Spiky Shield|p2b: Lily\n|-singleturn|p2b: Lily|move: Protect\n|move|p2a: DK|High Horsepower|p1a: Goodra\n|-supereffective|p1a: Goodra\n|-damage|p1a: Goodra|7\/100\n|move|p1a: Goodra|Heavy Slam|p2a: DK\n|-damage|p2a: DK|15\/100\n|move|p1b: Gastrodon|Tera Blast|p2a: DK|[anim] Tera Blast Fire\n|-supereffective|p2a: DK\n|-damage|p2a: DK|0 fnt\n|faint|p2a: DK\n|\n|-heal|p1a: Goodra|14\/100|[from] item: Leftovers\n|upkeep\n|\n|t:|1699997792\n|switch|p2a: Danny|Arcanine-Hisui, L50, M|100\/100\n|-ability|p2a: Danny|Intimidate|boost\n|-unboost|p1a: Goodra|atk|1\n|-unboost|p1b: Gastrodon|atk|1\n|turn|7\n|\n|t:|1699997810\n|move|p1a: Goodra|Protect|p1a: Goodra\n|-singleturn|p1a: Goodra|Protect\n|move|p2b: Lily|Ivy Cudgel|p1b: Gastrodon|[anim] Ivy Cudgel Water\n|-activate|p1b: Gastrodon|ability: Storm Drain\n|-ability|p1b: Gastrodon|Storm Drain|boost\n|-boost|p1b: Gastrodon|spa|1\n|move|p2a: Danny|Rock Slide|p1a: Goodra|[spread] p1b\n|-activate|p1a: Goodra|move: Protect\n|-supereffective|p1b: Gastrodon\n|-damage|p1b: Gastrodon|20\/100\n|-enditem|p1b: Gastrodon|Sitrus Berry|[eat]\n|-heal|p1b: Gastrodon|45\/100|[from] item: Sitrus Berry\n|move|p1b: Gastrodon|Earth Power|p2a: Danny\n|-supereffective|p2a: Danny\n|-damage|p2a: Danny|0 fnt\n|faint|p2a: Danny\n|\n|-heal|p1a: Goodra|20\/100|[from] item: Leftovers\n|upkeep\n|\n|t:|1699997823\n|switch|p2a: Jenny-Belle|Farigiraf, L50, F, shiny|100\/100\n|turn|8\n|\n|t:|1699997844\n|move|p2b: Lily|Spiky Shield|p2b: Lily\n|-singleturn|p2b: Lily|move: Protect\n|move|p1b: Gastrodon|Protect|p1b: Gastrodon\n|-singleturn|p1b: Gastrodon|Protect\n|move|p2a: Jenny-Belle|Psychic|p1b: Gastrodon\n|-activate|p1b: Gastrodon|move: Protect\n|move|p1a: Goodra|Life Dew|p1a: Goodra|[spread] p1a\n|-ability|p1b: Gastrodon|Storm Drain|boost\n|-boost|p1b: Gastrodon|spa|1\n|-heal|p1a: Goodra|45\/100\n|\n|-heal|p1a: Goodra|51\/100|[from] item: Leftovers\n|upkeep\n|turn|9\n|\n|t:|1699997870\n|-terastallize|p2a: Jenny-Belle|Fairy\n|move|p2b: Lily|Follow Me|p2b: Lily\n|-singleturn|p2b: Lily|move: Follow Me\n|move|p2a: Jenny-Belle|Dazzling Gleam|p1b: Gastrodon|[spread] p1a,p1b\n|-crit|p1a: Goodra\n|-resisted|p1b: Gastrodon\n|-damage|p1a: Goodra|22\/100\n|-damage|p1b: Gastrodon|30\/100\n|move|p1a: Goodra|Heavy Slam|p2b: Lily\n|-resisted|p2b: Lily\n|-damage|p2b: Lily|4\/100\n|move|p1b: Gastrodon|Tera Blast|p2b: Lily|[anim] Tera Blast Fire\n|-damage|p2b: Lily|0 fnt\n|faint|p2b: Lily\n|\n|-heal|p1a: Goodra|28\/100|[from] item: Leftovers\n|upkeep\n|turn|10\n|\n|t:|1699997901\n|move|p1a: Goodra|Protect|p1a: Goodra\n|-singleturn|p1a: Goodra|Protect\n|move|p2a: Jenny-Belle|Dazzling Gleam|p1a: Goodra|[spread] p1b\n|-activate|p1a: Goodra|move: Protect\n|-resisted|p1b: Gastrodon\n|-damage|p1b: Gastrodon|15\/100\n|move|p1b: Gastrodon|Tera Blast|p2a: Jenny-Belle|[anim] Tera Blast Fire\n|-damage|p2a: Jenny-Belle|30\/100\n|-enditem|p2a: Jenny-Belle|Sitrus Berry|[eat]\n|-heal|p2a: Jenny-Belle|54\/100|[from] item: Sitrus Berry\n|\n|-heal|p1a: Goodra|35\/100|[from] item: Leftovers\n|upkeep\n|turn|11\n|\n|t:|1699997915\n|move|p2a: Jenny-Belle|Dazzling Gleam|p1b: Gastrodon|[spread] p1a,p1b\n|-resisted|p1b: Gastrodon\n|-damage|p1a: Goodra|12\/100\n|-damage|p1b: Gastrodon|0 fnt\n|faint|p1b: Gastrodon\n|move|p1a: Goodra|Heavy Slam|p2a: Jenny-Belle\n|-supereffective|p2a: Jenny-Belle\n|-damage|p2a: Jenny-Belle|9\/100\n|\n|-heal|p1a: Goodra|19\/100|[from] item: Leftovers\n|upkeep\n|\n|t:|1699997924\n|switch|p1b: Ursaluna|Ursaluna-Bloodmoon, L50, M|35\/100\n|turn|12\n|\n|t:|1699997936\n|move|p1a: Goodra|Protect|p1a: Goodra\n|-singleturn|p1a: Goodra|Protect\n|move|p2a: Jenny-Belle|Dazzling Gleam|p1a: Goodra|[spread] p1b\n|-activate|p1a: Goodra|move: Protect\n|-damage|p1b: Ursaluna|13\/100\n|move|p1b: Ursaluna|Hyper Voice|p2a: Jenny-Belle\n|-damage|p2a: Jenny-Belle|0 fnt\n|faint|p2a: Jenny-Belle\n|\n|win|RuvaPlaysPokemon\n|raw|RuvaPlaysPokemon's rating: 1148 &rarr; <strong>1175<\/strong><br \/>(+27 for winning)\n|raw|scrapsorra's rating: 1170 &rarr; <strong>1143<\/strong><br \/>(-27 for losing)\n|l|\u2606scrapsorra\n|c|\u2606RuvaPlaysPokemon|gg\n","uploadtime":1699998116,"views":12,"p1id":"ruvaplayspokemon","p2id":"scrapsorra","formatid":"gen9vgc2023regulatione","rating":1143,"private":0,"password":""}