{"id":"gen9vgc2023regulatione-2000188734","p1":"4KuserVGC","p2":"Dondozoisbeast1","format":"[Gen 9] VGC 2023 Regulation E","log":"|j|\u26064KuserVGC\n|j|\u2606Dondozoisbeast1\n|t:|1701169506\n|gametype|doubles\n|player|p1|4KuserVGC|jogger|1147\n|player|p2|Dondozoisbeast1|169|1056\n|teamsize|p1|6\n|teamsize|p2|6\n|gen|9\n|tier|[Gen 9] VGC 2023 Regulation E\n|rated|\n|rule|Species Clause: Limit one of each Pok\u00e9mon\n|rule|Item Clause: Limit one of each item\n|clearpoke\n|poke|p1|Landorus, L50, M|\n|poke|p1|Tornadus, L50, M|\n|poke|p1|Flutter Mane, L50|\n|poke|p1|Rillaboom, L50, F|\n|poke|p1|Ogerpon-Wellspring, L50, F|\n|poke|p1|Arcanine-Hisui, L50, F|\n|poke|p2|Torterra, L50, F|\n|poke|p2|Maushold-Four, L50|\n|poke|p2|Tornadus, L50, M|\n|poke|p2|Chien-Pao, L50|\n|poke|p2|Ting-Lu, L50|\n|poke|p2|Spectrier, L50|\n|teampreview|4\nDondozoisbeast1 rejected open team sheets.\n|inactive|Battle timer is ON: inactive players will automatically lose when time's up. (requested by Dondozoisbeast1)\n|\n|t:|1701169526\n|start\n|switch|p1a: Landorus|Landorus, L50, M|100\/100\n|switch|p1b: Rillaboom|Rillaboom, L50, F, shiny|100\/100\n|switch|p2a: Maushold|Maushold-Four, L50|100\/100\n|switch|p2b: Torterra|Torterra, L50, F, shiny|100\/100\n|-fieldstart|move: Grassy Terrain|[from] ability: Grassy Surge|[of] p1b: Rillaboom\n|turn|1\n|\n|t:|1701169543\n|move|p2a: Maushold|Protect|p2a: Maushold\n|-singleturn|p2a: Maushold|Protect\n|move|p2b: Torterra|Protect|p2b: Torterra\n|-singleturn|p2b: Torterra|Protect\n|move|p1b: Rillaboom|Fake Out|p2a: Maushold\n|-activate|p2a: Maushold|move: Protect\n|move|p1a: Landorus|Sludge Bomb|p2b: Torterra\n|-activate|p2b: Torterra|move: Protect\n|\n|upkeep\n|turn|2\n|\n|t:|1701169564\n|-terastallize|p2b: Torterra|Fire\n|move|p2a: Maushold|After You|p2b: Torterra\n|-activate|p2b: Torterra|move: After You\n|move|p2b: Torterra|Shell Smash|p2b: Torterra\n|-unboost|p2b: Torterra|def|1\n|-unboost|p2b: Torterra|spd|1\n|-boost|p2b: Torterra|atk|2\n|-boost|p2b: Torterra|spa|2\n|-boost|p2b: Torterra|spe|2\n|-enditem|p2b: Torterra|White Herb\n|-clearnegativeboost|p2b: Torterra|[silent]\n|move|p1a: Landorus|Sandsear Storm|p2b: Torterra|[spread] p2a,p2b\n|-supereffective|p2b: Torterra\n|-damage|p2a: Maushold|34\/100\n|-damage|p2b: Torterra|10\/100\n|move|p1b: Rillaboom|Wood Hammer|p2a: Maushold\n|-damage|p2a: Maushold|0 fnt\n|faint|p2a: Maushold\n|-damage|p1b: Rillaboom|90\/100|[from] Recoil\n|\n|-heal|p2b: Torterra|16\/100|[from] Grassy Terrain\n|-heal|p1b: Rillaboom|96\/100|[from] Grassy Terrain\n|upkeep\n|\n|t:|1701169582\n|switch|p2a: Chien-Pao|Chien-Pao, L50|100\/100\n|-ability|p2a: Chien-Pao|Sword of Ruin\n|turn|3\n|inactive|4KuserVGC has 30 seconds left.\n|\n|t:|1701169611\n|switch|p1a: Arcanine|Arcanine-Hisui, L50, F|100\/100\n|-ability|p1a: Arcanine|Intimidate|boost\n|-unboost|p2a: Chien-Pao|atk|1\n|-unboost|p2b: Torterra|atk|1\n|-terastallize|p1b: Rillaboom|Fire\n|move|p2b: Torterra|Protect|p2b: Torterra\n|-singleturn|p2b: Torterra|Protect\n|move|p2a: Chien-Pao|Ice Shard|p1a: Arcanine\n|-resisted|p1a: Arcanine\n|-damage|p1a: Arcanine|90\/100\n|move|p1b: Rillaboom|Grassy Glide|p2b: Torterra\n|-activate|p2b: Torterra|move: Protect\n|\n|-heal|p2b: Torterra|22\/100|[from] Grassy Terrain\n|-heal|p1a: Arcanine|96\/100|[from] Grassy Terrain\n|-heal|p1b: Rillaboom|100\/100|[from] Grassy Terrain\n|upkeep\n|turn|4\n|inactive|4KuserVGC has 30 seconds left.\n|inactive|Dondozoisbeast1 has 30 seconds left.\n|\n|t:|1701169642\n|switch|p2a: Tornadus|Tornadus, L50, M|100\/100\n|move|p1b: Rillaboom|Grassy Glide|p2a: Tornadus\n|-resisted|p2a: Tornadus\n|-damage|p2a: Tornadus|78\/100\n|move|p2b: Torterra|Earthquake|p1b: Rillaboom|[spread] p1a,p1b\n|-immune|p2a: Tornadus\n|-supereffective|p1a: Arcanine\n|-supereffective|p1b: Rillaboom\n|-damage|p1a: Arcanine|0 fnt\n|-damage|p1b: Rillaboom|46\/100\n|faint|p1a: Arcanine\n|\n|-heal|p2b: Torterra|27\/100|[from] Grassy Terrain\n|-heal|p1b: Rillaboom|53\/100|[from] Grassy Terrain\n|upkeep\n|\n|t:|1701169658\n|switch|p1a: Landorus|Landorus, L50, M|100\/100\n|turn|5\n|\n|t:|1701169669\n|switch|p2a: Chien-Pao|Chien-Pao, L50|100\/100\n|-ability|p2a: Chien-Pao|Sword of Ruin\n|move|p2b: Torterra|Protect|p2b: Torterra\n|-singleturn|p2b: Torterra|Protect\n|move|p1a: Landorus|Earth Power|p2b: Torterra\n|-activate|p2b: Torterra|move: Protect\n|move|p1b: Rillaboom|Wood Hammer|p2a: Chien-Pao\n|-enditem|p2a: Chien-Pao|Focus Sash\n|-damage|p2a: Chien-Pao|1\/100\n|-damage|p1b: Rillaboom|26\/100|[from] Recoil\n|\n|-heal|p2a: Chien-Pao|7\/100|[from] Grassy Terrain\n|-heal|p2b: Torterra|33\/100|[from] Grassy Terrain\n|-heal|p1b: Rillaboom|32\/100|[from] Grassy Terrain\n|-fieldend|move: Grassy Terrain\n|upkeep\n|turn|6\n|\n|t:|1701169689\n|move|p1a: Landorus|Protect|p1a: Landorus\n|-singleturn|p1a: Landorus|Protect\n|move|p2a: Chien-Pao|Ice Shard|p1a: Landorus\n|-activate|p1a: Landorus|move: Protect\n|move|p2b: Torterra|Earthquake|p1a: Landorus|[spread] p2a,p1b\n|-activate|p1a: Landorus|move: Protect\n|-supereffective|p1b: Rillaboom\n|-damage|p2a: Chien-Pao|0 fnt\n|-damage|p1b: Rillaboom|0 fnt\n|faint|p2a: Chien-Pao\n|faint|p1b: Rillaboom\n|\n|upkeep\n|\n|t:|1701169700\n|switch|p2a: Tornadus|Tornadus, L50, M|78\/100\n|switch|p1b: Ogerpon|Ogerpon-Wellspring, L50, F|100\/100\n|turn|7\n|\n|t:|1701169712\n|move|p2b: Torterra|Protect|p2b: Torterra\n|-singleturn|p2b: Torterra|Protect\n|move|p2a: Tornadus|Tailwind|p2a: Tornadus\n|-sidestart|p2: Dondozoisbeast1|move: Tailwind\n|move|p1a: Landorus|Sludge Bomb|p2a: Tornadus\n|-damage|p2a: Tornadus|27\/100\n|move|p1b: Ogerpon|Ivy Cudgel|p2b: Torterra|[anim] Ivy Cudgel Water\n|-activate|p2b: Torterra|move: Protect\n|\n|upkeep\n|turn|8\n|\n|t:|1701169727\n|move|p2b: Torterra|Wood Hammer|p1a: Landorus\n|-damage|p1a: Landorus|17\/100\n|-damage|p2b: Torterra|6\/100|[from] Recoil\n|move|p2a: Tornadus|Bleakwind Storm|p1b: Ogerpon|[spread] p1a,p1b\n|-supereffective|p1b: Ogerpon\n|-crit|p1b: Ogerpon\n|-damage|p1a: Landorus|0 fnt\n|-damage|p1b: Ogerpon|6\/100\n|faint|p1a: Landorus\n|move|p1b: Ogerpon|Ivy Cudgel|p2a: Tornadus|[anim] Ivy Cudgel Water\n|-damage|p2a: Tornadus|0 fnt\n|faint|p2a: Tornadus\n|\n|upkeep\n|turn|9\n|\n|t:|1701169742\n|move|p2b: Torterra|Protect|p2b: Torterra\n|-singleturn|p2b: Torterra|Protect\n|move|p1b: Ogerpon|Spiky Shield||[still]\n|-fail|p1b: Ogerpon\n|\n|upkeep\n|turn|10\n|\n|t:|1701169751\n|move|p1b: Ogerpon|Spiky Shield|p1b: Ogerpon\n|-singleturn|p1b: Ogerpon|move: Protect\n|move|p2b: Torterra|Earthquake|p1b: Ogerpon\n|-activate|p1b: Ogerpon|move: Protect\n|\n|-sideend|p2: Dondozoisbeast1|move: Tailwind\n|upkeep\n|turn|11\n|\n|t:|1701169758\n|move|p2b: Torterra|Earthquake|p1b: Ogerpon\n|-resisted|p1b: Ogerpon\n|-damage|p1b: Ogerpon|0 fnt\n|faint|p1b: Ogerpon\n|\n|win|Dondozoisbeast1\n|raw|4KuserVGC's rating: 1147 &rarr; <strong>1116<\/strong><br \/>(-31 for losing)\n|raw|Dondozoisbeast1's rating: 1056 &rarr; <strong>1096<\/strong><br \/>(+40 for winning)\n","uploadtime":1701169765,"views":39,"p1id":"4kuservgc","p2id":"dondozoisbeast1","formatid":"gen9vgc2023regulatione","rating":1096,"private":0,"password":""}