{"id":"gen9vgc2023regulatione-1989413012","p1":"Lab Gamer","p2":"mofonguero","format":"[Gen 9] VGC 2023 Regulation E","log":"|j|\u2606Lab Gamer\n|j|\u2606mofonguero\n|n|\u2606Lab Gamer|labgamer\n|n|\u2606mofonguero|mofonguero\n|html|View the match progress at <a href=\"\/game-bestof3-gen9vgc2023regulatione-1989409688\">game-bestof3-gen9vgc2023regulatione-1989409688<\/a>\n|t:|1699847004\n|gametype|doubles\n|player|p1|Lab Gamer|roark|\n|player|p2|mofonguero|waiter|\n|teamsize|p1|6\n|teamsize|p2|6\n|gen|9\n|tier|[Gen 9] VGC 2023 Regulation E\n|rule|Species Clause: Limit one of each Pok\u00e9mon\n|rule|Item Clause: Limit one of each item\n|clearpoke\n|poke|p1|Ogerpon-Wellspring, L50, F|\n|poke|p1|Rillaboom, L50, F|\n|poke|p1|Heatran, L50, M|\n|poke|p1|Kommo-o, L50, M|\n|poke|p1|Farigiraf, L50, F|\n|poke|p1|Landorus-Therian, L50, M|\n|poke|p2|Ninetales-Alola, L50, M|\n|poke|p2|Baxcalibur, L50, M|\n|poke|p2|Rillaboom, L50, F|\n|poke|p2|Ogerpon-Wellspring, L50, F|\n|poke|p2|Heatran, L50, F|\n|poke|p2|Flutter Mane, L50|\n|teampreview|4\n|inactive|Battle timer is ON: inactive players will automatically lose when time's up. (requested by mofonguero)\nLab Gamer has agreed to open team sheets.\nmofonguero has agreed to open team sheets.\n|showteam|p1|Ogerpon-Wellspring||WellspringMask|WaterAbsorb|IvyCudgel,HornLeech,FollowMe,SpikyShield|||F|||50|,,,,,Water]Rillaboom||AssaultVest|GrassySurge|GrassyGlide,Uturn,HighHorsepower,FakeOut|||F|||50|,,,,,Fire]Heatran||Leftovers|FlashFire|MagmaStorm,EarthPower,WillOWisp,Protect|||M|||50|,,,,,Fairy]Kommo-o||GrassySeed|Bulletproof|IronHead,BodyPress,IronDefense,Protect|||M|||50|,,,,,Steel]Farigiraf||SitrusBerry|ArmorTail|DazzlingGleam,Psychic,NastyPlot,TrickRoom|||F|||50|,,,,,Fairy]Landorus-Therian||ChoiceScarf|Intimidate|StompingTantrum,TeraBlast,RockSlide,Uturn|||M|||50|,,,,,Flying\n|showteam|p2|Ninetales-Alola||LightClay|SnowWarning|Protect,IcyWind,AuroraVeil,Moonblast|||M|||50|,,,,,Water]Baxcalibur||LoadedDice|IceBody|IcicleSpear,ScaleShot,SwordsDance,Protect|||M|||50|,,,,,Poison]Rillaboom||AssaultVest|GrassySurge|WoodHammer,FakeOut,GrassyGlide,Uturn|||F|||50|,,,,,Fire]Ogerpon-Wellspring||WellspringMask|WaterAbsorb|IvyCudgel,HornLeech,FollowMe,SpikyShield|||F|||50|,,,,,Water]Heatran||Leftovers|FlashFire|Protect,HeatWave,Substitute,EarthPower|||F|||50|,,,,,Fairy]Flutter Mane||BoosterEnergy|Protosynthesis|IcyWind,Moonblast,ShadowBall,Protect||||||50|,,,,,Fairy\n|inactive|Lab Gamer has 30 seconds left.\n|inactive|Lab Gamer has 20 seconds left.\n|inactive|Lab Gamer has 15 seconds left.\n|inactive|Lab Gamer has 10 seconds left.\n|inactive|Lab Gamer has 5 seconds left.\n|\n|t:|1699847063\n|start\n|switch|p1a: Heatran|Heatran, L50, M|100\/100\n|switch|p1b: Farigiraf|Farigiraf, L50, F|100\/100\n|switch|p2a: Ninetales|Ninetales-Alola, L50, M|100\/100\n|switch|p2b: Flutter Mane|Flutter Mane, L50|100\/100\n|-weather|Snow|[from] ability: Snow Warning|[of] p2a: Ninetales\n|-enditem|p2b: Flutter Mane|Booster Energy\n|-activate|p2b: Flutter Mane|ability: Protosynthesis|[fromitem]\n|-start|p2b: Flutter Mane|protosynthesisspe\n|turn|1\n|inactive|Lab Gamer has 30 seconds left.\n|inactive|mofonguero has 30 seconds left.\n|inactive|Lab Gamer has 20 seconds left.\n|\n|t:|1699847098\n|-terastallize|p2a: Ninetales|Water\n|move|p2b: Flutter Mane|Shadow Ball|p1a: Heatran\n|-damage|p1a: Heatran|64\/100\n|move|p2a: Ninetales|Aurora Veil|p2a: Ninetales\n|-sidestart|p2: mofonguero|move: Aurora Veil\n|move|p1a: Heatran|Magma Storm|p2a: Ninetales\n|-resisted|p2a: Ninetales\n|-damage|p2a: Ninetales|83\/100\n|-activate|p2a: Ninetales|move: Magma Storm|[of] p1a: Heatran\n|move|p1b: Farigiraf|Trick Room|p1b: Farigiraf\n|-fieldstart|move: Trick Room|[of] p1b: Farigiraf\n|\n|-weather|Snow|[upkeep]\n|-heal|p1a: Heatran|69\/100|[from] item: Leftovers\n|-damage|p2a: Ninetales|71\/100|[from] move: Magma Storm|[partiallytrapped]\n|upkeep\n|turn|2\n|inactive|Lab Gamer has 30 seconds left.\n|inactive|mofonguero has 30 seconds left.\n|\n|t:|1699847128\n|move|p2b: Flutter Mane|Protect|p2b: Flutter Mane\n|-singleturn|p2b: Flutter Mane|Protect\n|move|p1b: Farigiraf|Nasty Plot|p1b: Farigiraf\n|-boost|p1b: Farigiraf|spa|2\n|move|p1a: Heatran|Magma Storm|p2b: Flutter Mane\n|-activate|p2b: Flutter Mane|move: Protect\n|move|p2a: Ninetales|Moonblast|p1a: Heatran\n|-resisted|p1a: Heatran\n|-damage|p1a: Heatran|64\/100\n|\n|-weather|Snow|[upkeep]\n|-heal|p1a: Heatran|69\/100|[from] item: Leftovers\n|-damage|p2a: Ninetales|59\/100|[from] move: Magma Storm|[partiallytrapped]\n|upkeep\n|turn|3\n|\n|t:|1699847148\n|move|p1b: Farigiraf|Nasty Plot|p1b: Farigiraf\n|-boost|p1b: Farigiraf|spa|2\n|move|p1a: Heatran|Will-O-Wisp|p2a: Ninetales\n|-status|p2a: Ninetales|brn\n|move|p2a: Ninetales|Moonblast|p1b: Farigiraf\n|-damage|p1b: Farigiraf|76\/100\n|-unboost|p1b: Farigiraf|spa|1\n|move|p2b: Flutter Mane|Shadow Ball|p1a: Heatran\n|-damage|p1a: Heatran|38\/100\n|\n|-weather|Snow|[upkeep]\n|-heal|p1a: Heatran|44\/100|[from] item: Leftovers\n|-damage|p2a: Ninetales|53\/100 brn|[from] brn\n|-damage|p2a: Ninetales|40\/100 brn|[from] move: Magma Storm|[partiallytrapped]\n|upkeep\n|turn|4\n|inactive|Lab Gamer has 30 seconds left.\n|inactive|Lab Gamer has 20 seconds left.\n|\n|t:|1699847183\n|move|p1b: Farigiraf|Nasty Plot|p1b: Farigiraf\n|-boost|p1b: Farigiraf|spa|2\n|move|p1a: Heatran|Magma Storm|p2b: Flutter Mane|[miss]\n|-miss|p1a: Heatran|p2b: Flutter Mane\n|move|p2a: Ninetales|Moonblast|p1b: Farigiraf\n|-damage|p1b: Farigiraf|50\/100\n|-enditem|p1b: Farigiraf|Sitrus Berry|[eat]\n|-heal|p1b: Farigiraf|75\/100|[from] item: Sitrus Berry\n|move|p2b: Flutter Mane|Shadow Ball|p1a: Heatran\n|-damage|p1a: Heatran|10\/100\n|\n|-weather|Snow|[upkeep]\n|-heal|p1a: Heatran|16\/100|[from] item: Leftovers\n|-damage|p2a: Ninetales|34\/100 brn|[from] brn\n|-damage|p2a: Ninetales|22\/100 brn|[from] move: Magma Storm|[partiallytrapped]\n|upkeep\n|turn|5\n|inactive|Lab Gamer has 30 seconds left.\n|inactive|Lab Gamer has 20 seconds left.\n|inactive|Lab Gamer has 15 seconds left.\n|\n|t:|1699847224\n|move|p2b: Flutter Mane|Protect|p2b: Flutter Mane\n|-singleturn|p2b: Flutter Mane|Protect\n|move|p1b: Farigiraf|Dazzling Gleam|p2a: Ninetales|[spread] p2a\n|-activate|p2b: Flutter Mane|move: Protect\n|-damage|p2a: Ninetales|0 fnt\n|faint|p2a: Ninetales\n|move|p1a: Heatran|Will-O-Wisp|p2b: Flutter Mane\n|-activate|p2b: Flutter Mane|move: Protect\n|\n|-weather|none\n|-heal|p1a: Heatran|22\/100|[from] item: Leftovers\n|-fieldend|move: Trick Room\n|upkeep\n|\n|t:|1699847230\n|switch|p2a: Baxcalibur|Baxcalibur, L50, M|100\/100\n|turn|6\n|inactive|Lab Gamer has 30 seconds left.\n|\n|t:|1699847259\n|move|p2b: Flutter Mane|Moonblast|p1b: Farigiraf\n|-damage|p1b: Farigiraf|37\/100\n|move|p2a: Baxcalibur|Icicle Spear|p1b: Farigiraf\n|-damage|p1b: Farigiraf|24\/100\n|-damage|p1b: Farigiraf|12\/100\n|-damage|p1b: Farigiraf|0 fnt\n|faint|p1b: Farigiraf\n|-hitcount|p1: Farigiraf|3\n|move|p1a: Heatran|Will-O-Wisp|p2a: Baxcalibur\n|-status|p2a: Baxcalibur|brn\n|\n|-heal|p1a: Heatran|28\/100|[from] item: Leftovers\n|-damage|p2a: Baxcalibur|94\/100 brn|[from] brn\n|upkeep\n|\n|t:|1699847277\n|switch|p1b: Rillaboom|Rillaboom, L50, F|100\/100\n|-fieldstart|move: Grassy Terrain|[from] ability: Grassy Surge|[of] p1b: Rillaboom\n|turn|7\n|\n|t:|1699847300\n|move|p2b: Flutter Mane|Protect|p2b: Flutter Mane\n|-singleturn|p2b: Flutter Mane|Protect\n|move|p1b: Rillaboom|Grassy Glide|p2b: Flutter Mane\n|-activate|p2b: Flutter Mane|move: Protect\n|move|p2a: Baxcalibur|Icicle Spear|p1b: Rillaboom\n|-supereffective|p1b: Rillaboom\n|-damage|p1b: Rillaboom|88\/100\n|-supereffective|p1b: Rillaboom\n|-damage|p1b: Rillaboom|75\/100\n|-supereffective|p1b: Rillaboom\n|-damage|p1b: Rillaboom|61\/100\n|-supereffective|p1b: Rillaboom\n|-damage|p1b: Rillaboom|48\/100\n|-supereffective|p1b: Rillaboom\n|-damage|p1b: Rillaboom|34\/100\n|-hitcount|p1b: Rillaboom|5\n|move|p1a: Heatran|Magma Storm|p2a: Baxcalibur\n|-damage|p2a: Baxcalibur|65\/100 brn\n|-activate|p2a: Baxcalibur|move: Magma Storm|[of] p1a: Heatran\n|\n|-heal|p2a: Baxcalibur|71\/100 brn|[from] Grassy Terrain\n|-heal|p1a: Heatran|34\/100|[from] Grassy Terrain\n|-heal|p1b: Rillaboom|40\/100|[from] Grassy Terrain\n|-heal|p1a: Heatran|39\/100|[from] item: Leftovers\n|-damage|p2a: Baxcalibur|65\/100 brn|[from] brn\n|-damage|p2a: Baxcalibur|52\/100 brn|[from] move: Magma Storm|[partiallytrapped]\n|upkeep\n|turn|8\n|inactive|mofonguero has 30 seconds left.\n|\n|t:|1699847331\n|move|p1b: Rillaboom|Grassy Glide|p2b: Flutter Mane\n|-crit|p2b: Flutter Mane\n|-damage|p2b: Flutter Mane|5\/100\n|move|p2b: Flutter Mane|Shadow Ball|p1a: Heatran\n|-damage|p1a: Heatran|3\/100\n|move|p2a: Baxcalibur|Icicle Spear|p1b: Rillaboom\n|-supereffective|p1b: Rillaboom\n|-damage|p1b: Rillaboom|26\/100\n|-supereffective|p1b: Rillaboom\n|-damage|p1b: Rillaboom|12\/100\n|-supereffective|p1b: Rillaboom\n|-damage|p1b: Rillaboom|0 fnt\n|faint|p1b: Rillaboom\n|-hitcount|p1: Rillaboom|3\n|move|p1a: Heatran|Magma Storm|p2b: Flutter Mane\n|-damage|p2b: Flutter Mane|0 fnt\n|faint|p2b: Flutter Mane\n|-end|p2b: Flutter Mane|Protosynthesis|[silent]\n|\n|-heal|p2a: Baxcalibur|59\/100 brn|[from] Grassy Terrain\n|-heal|p1a: Heatran|9\/100|[from] Grassy Terrain\n|-heal|p1a: Heatran|15\/100|[from] item: Leftovers\n|-damage|p2a: Baxcalibur|52\/100 brn|[from] brn\n|-damage|p2a: Baxcalibur|40\/100 brn|[from] move: Magma Storm|[partiallytrapped]\n|-sideend|p2: mofonguero|move: Aurora Veil\n|upkeep\n|inactive|Lab Gamer has 30 seconds left.\n|\n|t:|1699847356\n|switch|p2b: Ogerpon|Ogerpon-Wellspring, L50, F|100\/100\n|switch|p1b: Kommo-o|Kommo-o, L50, M|100\/100\n|-enditem|p1b: Kommo-o|Grassy Seed\n|-boost|p1b: Kommo-o|def|1|[from] item: Grassy Seed\n|turn|9\n|inactive|Lab Gamer has 30 seconds left.\n|inactive|Lab Gamer has 20 seconds left.\n|inactive|Lab Gamer has 15 seconds left.\n|inactive|Lab Gamer has 10 seconds left.\n|\n|t:|1699847406\n|-terastallize|p1b: Kommo-o|Steel\n|move|p2b: Ogerpon|Ivy Cudgel|p1a: Heatran\n|-supereffective|p1a: Heatran\n|-damage|p1a: Heatran|0 fnt\n|faint|p1a: Heatran\n|move|p2a: Baxcalibur|Icicle Spear|p1b: Kommo-o\n|-resisted|p1b: Kommo-o\n|-damage|p1b: Kommo-o|99\/100\n|-resisted|p1b: Kommo-o\n|-damage|p1b: Kommo-o|98\/100\n|-resisted|p1b: Kommo-o\n|-damage|p1b: Kommo-o|96\/100\n|-resisted|p1b: Kommo-o\n|-damage|p1b: Kommo-o|95\/100\n|-hitcount|p1b: Kommo-o|4\n|move|p1b: Kommo-o|Iron Defense|p1b: Kommo-o\n|-boost|p1b: Kommo-o|def|2\n|\n|-heal|p2a: Baxcalibur|46\/100 brn|[from] Grassy Terrain\n|-heal|p1b: Kommo-o|100\/100|[from] Grassy Terrain\n|-damage|p2a: Baxcalibur|40\/100 brn|[from] brn\n|-end|p2a: Baxcalibur|Magma Storm|[partiallytrapped]|[silent]\n|upkeep\n|turn|10\n|inactive|Lab Gamer has 30 seconds left.\n|\n|t:|1699847437\n|move|p2b: Ogerpon|Ivy Cudgel|p1b: Kommo-o\n|-damage|p1b: Kommo-o|85\/100\n|move|p2a: Baxcalibur|Swords Dance|p2a: Baxcalibur\n|-boost|p2a: Baxcalibur|atk|2\n|move|p1b: Kommo-o|Iron Defense|p1b: Kommo-o\n|-boost|p1b: Kommo-o|def|2\n|\n|-heal|p2a: Baxcalibur|46\/100 brn|[from] Grassy Terrain\n|-heal|p1b: Kommo-o|91\/100|[from] Grassy Terrain\n|-damage|p2a: Baxcalibur|40\/100 brn|[from] brn\n|upkeep\n|turn|11\n|\n|t:|1699847458\n|move|p2b: Ogerpon|Ivy Cudgel|p1b: Kommo-o\n|-damage|p1b: Kommo-o|81\/100\n|move|p2a: Baxcalibur|Icicle Spear|p1b: Kommo-o\n|-resisted|p1b: Kommo-o\n|-damage|p1b: Kommo-o|80\/100\n|-resisted|p1b: Kommo-o\n|-damage|p1b: Kommo-o|79\/100\n|-resisted|p1b: Kommo-o\n|-damage|p1b: Kommo-o|78\/100\n|-resisted|p1b: Kommo-o\n|-damage|p1b: Kommo-o|77\/100\n|-hitcount|p1b: Kommo-o|4\n|move|p1b: Kommo-o|Body Press|p2a: Baxcalibur\n|-supereffective|p2a: Baxcalibur\n|-damage|p2a: Baxcalibur|0 fnt\n|faint|p2a: Baxcalibur\n|\n|-heal|p1b: Kommo-o|83\/100|[from] Grassy Terrain\n|-fieldend|move: Grassy Terrain\n|upkeep\n|turn|12\n|inactive|Lab Gamer has 30 seconds left.\n|\n|t:|1699847476\n|move|p2b: Ogerpon|Spiky Shield|p2b: Ogerpon\n|-singleturn|p2b: Ogerpon|move: Protect\n|move|p1b: Kommo-o|Body Press|p2b: Ogerpon\n|-activate|p2b: Ogerpon|move: Protect\n|-damage|p1b: Kommo-o|71\/100|[from] Spiky Shield|[of] p2b: Ogerpon\n|\n|upkeep\n|turn|13\n|inactive|Lab Gamer has 30 seconds left this turn.\n|\n|t:|1699847483\n|move|p2b: Ogerpon|Ivy Cudgel|p1b: Kommo-o\n|-damage|p1b: Kommo-o|60\/100\n|move|p1b: Kommo-o|Body Press|p2b: Ogerpon\n|-damage|p2b: Ogerpon|0 fnt\n|faint|p2b: Ogerpon\n|\n|win|Lab Gamer\n|inactive|Lab Gamer has 30 seconds left this turn.\n|c|&|\/uhtml prompt-mofonguero,mofonguero is ready for game 3!\n|c|&|\/uhtml prompt-labgamer,Lab Gamer is ready for game 3!\nBoth players are ready! Starting next match!\n","uploadtime":1699847806,"views":27,"p1id":"labgamer","p2id":"mofonguero","formatid":"gen9vgc2023regulatione","rating":0,"private":0,"password":""}