{"id":"gen9vgc2023regulatione-1995716901","p1":"OfficerQuaxly","p2":"Cozy Snail","format":"[Gen 9] VGC 2023 Regulation E","log":"|j|\u2606OfficerQuaxly\n|j|\u2606Cozy Snail\n|n|\u2606OfficerQuaxly|officerquaxly\n|n|\u2606Cozy Snail|cozysnail\n|html|View the match progress at <a href=\"\/game-bestof3-gen9vgc2023regulatione-1995716900\">game-bestof3-gen9vgc2023regulatione-1995716900<\/a>\n|t:|1700596591\n|gametype|doubles\n|player|p1|OfficerQuaxly|larry|\n|player|p2|Cozy Snail|fisherman-gen4|\n|teamsize|p1|6\n|teamsize|p2|6\n|gen|9\n|tier|[Gen 9] VGC 2023 Regulation E\n|rule|Species Clause: Limit one of each Pok\u00e9mon\n|rule|Item Clause: Limit one of each item\n|clearpoke\n|poke|p1|Honchkrow, L50, M|\n|poke|p1|Ursaluna, L50, M|\n|poke|p1|Arcanine-Hisui, L50, M|\n|poke|p1|Sinistcha-Masterpiece, L50|\n|poke|p1|Basculegion-F, L50, F|\n|poke|p1|Hariyama, L50, M|\n|poke|p2|Heatran, L50, F|\n|poke|p2|Landorus-Therian, L50, M|\n|poke|p2|Illumise, L50, F|\n|poke|p2|Enamorus-Therian, L50, F|\n|poke|p2|Blissey, L50, F|\n|poke|p2|Vikavolt, L50, F|\n|teampreview|4\n|c|\u2606OfficerQuaxly|Should I do links and replays?\n|c|\u2606OfficerQuaxly|Since you're at work\n|c|\u2606Cozy Snail|replays if you dont mind\n|c|\u2606Cozy Snail|thank you\n|c|\u2606OfficerQuaxly|No problem at all\n|c|\u2606OfficerQuaxly|I can do both as well\n|j| MikeTitan\n|j| OmegaAlpha01\n|j| Aox93\n|j| downfall18\n|c|\u2606Cozy Snail|its ok!\n|c|\u2606Cozy Snail|glhf :D\n|c|\u2606OfficerQuaxly|glhf!\n|c| MikeTitan|Glhf have fun to you both\n|c| OmegaAlpha01|glhf bois\n|c| MikeTitan|especially you, officer quaxly\n|l| MikeTitan\n|j| MikeTitan\n|j| Halotowers\n|l| downfall18\n|j| pokemon_and_beer\n|l| Halotowers\n|c| pokemon_and_beer|GLHF!\n|l| MikeTitan\n|\n|t:|1700596737\n|start\n|switch|p1a: Hariyama|Hariyama, L50, M|100\/100\n|switch|p1b: Arcanine|Arcanine-Hisui, L50, M|100\/100\n|switch|p2a: Landorus|Landorus-Therian, L50, M, shiny|100\/100\n|switch|p2b: Blissey|Blissey, L50, F, shiny|100\/100\n|-ability|p2a: Landorus|Intimidate|boost\n|-unboost|p1a: Hariyama|atk|1\n|-unboost|p1b: Arcanine|atk|1\n|-ability|p1b: Arcanine|Intimidate|boost\n|-fail|p2a: Landorus|unboost|[from] item: Clear Amulet|[of] p2a: Landorus\n|-unboost|p2b: Blissey|atk|1\n|turn|1\n|j| MikeTitan\n|c| Aox93|Let's see if they stay unbeaten \ud83d\udc40\n|\n|t:|1700596841\n|switch|p1b: Honchkrow|Honchkrow, L50, M|100\/100\n|switch|p2b: Enamorus|Enamorus-Therian, L50, F|100\/100\n|move|p1a: Hariyama|Fake Out|p2b: Enamorus\n|-damage|p2b: Enamorus|92\/100\n|move|p2a: Landorus|Earthquake|p1a: Hariyama|[spread] p1a\n|-immune|p2b: Enamorus\n|-immune|p1b: Honchkrow\n|-damage|p1a: Hariyama|65\/100\n|\n|upkeep\n|turn|2\n|j| downfall18\n|\n|t:|1700596883\n|-terastallize|p2b: Enamorus|Fairy\n|move|p2a: Landorus|Taunt|p1b: Honchkrow\n|-start|p1b: Honchkrow|move: Taunt\n|cant|p1b: Honchkrow|move: Taunt|Tailwind\n|move|p1a: Hariyama|Ice Punch|p2a: Landorus\n|-supereffective|p2a: Landorus\n|-crit|p2a: Landorus\n|-damage|p2a: Landorus|0 fnt\n|faint|p2a: Landorus\n|move|p2b: Enamorus|Dazzling Gleam|p1a: Hariyama|[spread] p1a,p1b\n|-supereffective|p1a: Hariyama\n|-supereffective|p1b: Honchkrow\n|-damage|p1a: Hariyama|0 fnt\n|-enditem|p1b: Honchkrow|Focus Sash\n|-damage|p1b: Honchkrow|1\/100\n|faint|p1a: Hariyama\n|-damage|p2b: Enamorus|83\/100|[from] item: Life Orb\n|\n|upkeep\n|c| Aox93|Oh the ice punch tech!\n|\n|t:|1700596903\n|switch|p2a: Illumise|Illumise, L50, F, shiny|100\/100\n|switch|p1a: Ursaluna|Ursaluna, L50, M|100\/100\n|turn|3\n|\n|t:|1700596931\n|move|p1a: Ursaluna|Protect|p1a: Ursaluna\n|-singleturn|p1a: Ursaluna|Protect\n|move|p2a: Illumise|Tailwind|p2a: Illumise\n|-sidestart|p2: Cozy Snail|move: Tailwind\n|move|p2b: Enamorus|Grass Knot|p1a: Ursaluna\n|-activate|p1a: Ursaluna|move: Protect\n|move|p1b: Honchkrow|Night Slash|p2a: Illumise\n|-damage|p2a: Illumise|60\/100\n|\n|-status|p1a: Ursaluna|brn|[from] item: Flame Orb\n|upkeep\n|turn|4\n|c| downfall18|Grass knot is heat\n|l| MikeTitan\n|j| MikeTitan\n|\n|t:|1700597016\n|switch|p1a: Arcanine|Arcanine-Hisui, L50, M|100\/100\n|-ability|p1a: Arcanine|Intimidate|boost\n|-unboost|p2a: Illumise|atk|1\n|-unboost|p2b: Enamorus|atk|1\n|move|p2a: Illumise|Encore||[still]\n|-fail|p2a: Illumise\n|move|p2b: Enamorus|Dazzling Gleam|p1b: Honchkrow|[spread] p1a,p1b\n|-resisted|p1a: Arcanine\n|-supereffective|p1b: Honchkrow\n|-damage|p1a: Arcanine|69\/100\n|-damage|p1b: Honchkrow|0 fnt\n|faint|p1b: Honchkrow\n|-damage|p2b: Enamorus|73\/100|[from] item: Life Orb\n|\n|upkeep\n|\n|t:|1700597028\n|switch|p1b: Ursaluna|Ursaluna, L50, M|100\/100 brn\n|turn|5\n|\n|t:|1700597041\n|-terastallize|p1b: Ursaluna|Normal\n|move|p2a: Illumise|Charm|p1a: Arcanine\n|-unboost|p1a: Arcanine|atk|2\n|move|p2b: Enamorus|Grass Knot|p1b: Ursaluna\n|-damage|p1b: Ursaluna|50\/100 brn\n|-damage|p2b: Enamorus|64\/100|[from] item: Life Orb\n|move|p1a: Arcanine|Rock Slide|p2a: Illumise|[spread] p2b\n|-miss|p1a: Arcanine|p2a: Illumise\n|-damage|p2b: Enamorus|49\/100\n|move|p1b: Ursaluna|Facade|p2b: Enamorus\n|-damage|p2b: Enamorus|0 fnt\n|faint|p2b: Enamorus\n|\n|-damage|p1b: Ursaluna|44\/100 brn|[from] brn\n|upkeep\n|\n|t:|1700597057\n|switch|p2b: Blissey|Blissey, L50, F, shiny|100\/100\n|turn|6\n|c| Aox93|The tech moves on display are awesome\n|\n|t:|1700597087\n|move|p2a: Illumise|Charm|p1b: Ursaluna\n|-unboost|p1b: Ursaluna|atk|2\n|move|p2b: Blissey|Skill Swap|p1b: Ursaluna\n|-activate|p2b: Blissey|move: Skill Swap|Guts|Serene Grace|[of] p1b: Ursaluna\n|move|p1a: Arcanine|Flare Blitz|p2a: Illumise\n|-supereffective|p2a: Illumise\n|-damage|p2a: Illumise|0 fnt\n|faint|p2a: Illumise\n|-damage|p1a: Arcanine|52\/100|[from] Recoil\n|move|p1b: Ursaluna|Facade|p2b: Blissey\n|-damage|p2b: Blissey|45\/100\n|\n|-heal|p2b: Blissey|51\/100|[from] item: Leftovers\n|-damage|p1b: Ursaluna|38\/100 brn|[from] brn\n|-sideend|p2: Cozy Snail|move: Tailwind\n|upkeep\n|turn|7\n|c| Aox93|THE SKILL SWAP TOO\n|c| Aox93|Cooking\n|c|\u2606Cozy Snail|gg well played\n|\n|t:|1700597121\n|move|p1a: Arcanine|Flare Blitz|p2b: Blissey\n|-damage|p2b: Blissey|19\/100\n|-damage|p1a: Arcanine|32\/100|[from] Recoil\n|-enditem|p1a: Arcanine|Sitrus Berry|[eat]\n|-heal|p1a: Arcanine|57\/100|[from] item: Sitrus Berry\n|move|p1b: Ursaluna|Facade|p2b: Blissey\n|-damage|p2b: Blissey|0 fnt\n|faint|p2b: Blissey\n|\n|win|OfficerQuaxly\n|c|\u2606OfficerQuaxly|gg\n|l| MikeTitan\n|c|&|\/uhtml prompt-officerquaxly,OfficerQuaxly is ready for game 2!\n|inactive|Cozy Snail has 50 seconds to confirm battle start!\n|c|&|\/uhtml prompt-cozysnail,Cozy Snail is ready for game 2!\nBoth players are ready! Starting next match!\n|c| downfall18|Heat techs\n","uploadtime":1700597333,"views":8,"p1id":"officerquaxly","p2id":"cozysnail","formatid":"gen9vgc2023regulatione","rating":0,"private":0,"password":""}