{"id":"gen9vgc2023regulatione-1995409175","p1":"cicibi","p2":"Gleisbett","format":"[Gen 9] VGC 2023 Regulation E","log":"|j|\u2606cicibi\n|j|\u2606Gleisbett\n|t:|1700566977\n|gametype|doubles\n|player|p1|cicibi|170|1275\n|player|p2|Gleisbett|169|1240\n|teamsize|p1|6\n|teamsize|p2|6\n|gen|9\n|tier|[Gen 9] VGC 2023 Regulation E\n|rated|\n|rule|Species Clause: Limit one of each Pok\u00e9mon\n|rule|Item Clause: Limit one of each item\n|clearpoke\n|poke|p1|Cresselia, L50, F|\n|poke|p1|Dondozo, L50, M|\n|poke|p1|Iron Hands, L50|\n|poke|p1|Klefki, L50, M|\n|poke|p1|Sinistcha, L50|\n|poke|p1|Ting-Lu, L50|\n|poke|p2|Arcanine-Hisui, L50, M|\n|poke|p2|Tornadus, L50, M|\n|poke|p2|Flutter Mane, L50|\n|poke|p2|Rillaboom, L50, F|\n|poke|p2|Chi-Yu, L50|\n|poke|p2|Ogerpon-Wellspring, L50, F|\n|teampreview|4\n|inactive|Battle timer is ON: inactive players will automatically lose when time's up. (requested by Gleisbett)\n|\n|t:|1700567022\n|start\n|switch|p1a: Klefki|Klefki, L50, M|100\/100\n|switch|p1b: Iron Hands|Iron Hands, L50|100\/100\n|switch|p2a: Ogerpon|Ogerpon-Wellspring, L50, F|100\/100\n|switch|p2b: Tornadus|Tornadus, L50, M|100\/100\n|turn|1\n|inactive|cicibi has 30 seconds left.\n|\n|t:|1700567047\n|move|p2b: Tornadus|Tailwind|p2b: Tornadus\n|-sidestart|p2: Gleisbett|move: Tailwind\n|move|p1a: Klefki|Reflect|p1a: Klefki\n|-sidestart|p1: cicibi|Reflect\n|move|p2a: Ogerpon|Swords Dance|p2a: Ogerpon\n|-boost|p2a: Ogerpon|atk|2\n|move|p1b: Iron Hands|Swords Dance|p1b: Iron Hands\n|-boost|p1b: Iron Hands|atk|2\n|\n|upkeep\n|turn|2\n|inactive|cicibi has 30 seconds left.\n|inactive|Gleisbett has 30 seconds left.\n|\n|t:|1700567078\n|move|p1a: Klefki|Light Screen|p1a: Klefki\n|-sidestart|p1: cicibi|move: Light Screen\n|move|p2a: Ogerpon|Ivy Cudgel|p1b: Iron Hands|[anim] Ivy Cudgel Water\n|-damage|p1b: Iron Hands|48\/100\n|move|p2b: Tornadus|Bleakwind Storm|p1b: Iron Hands|[spread] p1a,p1b\n|-resisted|p1a: Klefki\n|-damage|p1a: Klefki|89\/100\n|-damage|p1b: Iron Hands|32\/100\n|-unboost|p1a: Klefki|spe|1\n|-unboost|p1b: Iron Hands|spe|1\n|move|p1b: Iron Hands|Wild Charge|p2a: Ogerpon\n|-damage|p2a: Ogerpon|0 fnt\n|faint|p2a: Ogerpon\n|-damage|p1b: Iron Hands|16\/100|[from] Recoil\n|-enditem|p1b: Iron Hands|Figy Berry|[eat]\n|-heal|p1b: Iron Hands|49\/100|[from] item: Figy Berry\n|\n|upkeep\n|\n|t:|1700567095\n|switch|p2a: Flutter Mane|Flutter Mane, L50|100\/100\n|turn|3\n|\n|t:|1700567107\n|switch|p2b: Rillaboom|Rillaboom, L50, F|100\/100\n|-fieldstart|move: Grassy Terrain|[from] ability: Grassy Surge|[of] p2b: Rillaboom\n|-terastallize|p2a: Flutter Mane|Fairy\n|move|p1a: Klefki|Thunder Wave|p2a: Flutter Mane\n|-status|p2a: Flutter Mane|par\n|move|p2a: Flutter Mane|Dazzling Gleam|p1a: Klefki|[spread] p1a,p1b\n|-resisted|p1a: Klefki\n|-supereffective|p1b: Iron Hands\n|-damage|p1a: Klefki|69\/100\n|-damage|p1b: Iron Hands|0 fnt\n|faint|p1b: Iron Hands\n|-end|p1b: Iron Hands|Quark Drive|[silent]\n|\n|-heal|p1a: Klefki|75\/100|[from] Grassy Terrain\n|upkeep\n|\n|t:|1700567131\n|switch|p1b: Ting-Lu|Ting-Lu, L50|100\/100\n|-ability|p1b: Ting-Lu|Vessel of Ruin\n|turn|4\n|\n|t:|1700567142\n|-terastallize|p1b: Ting-Lu|Grass\n|move|p1a: Klefki|Thunder Wave|p2b: Rillaboom\n|-status|p2b: Rillaboom|par\n|move|p2a: Flutter Mane|Dazzling Gleam|p1a: Klefki|[spread] p1a,p1b\n|-resisted|p1a: Klefki\n|-damage|p1a: Klefki|61\/100\n|-damage|p1b: Ting-Lu|84\/100\n|move|p2b: Rillaboom|Wood Hammer|p1b: Ting-Lu\n|-resisted|p1b: Ting-Lu\n|-damage|p1b: Ting-Lu|67\/100\n|-damage|p2b: Rillaboom|92\/100 par|[from] Recoil\n|-damage|p2b: Rillaboom|82\/100 par|[from] item: Life Orb\n|move|p1b: Ting-Lu|Heavy Slam|p2a: Flutter Mane\n|-supereffective|p2a: Flutter Mane\n|-damage|p2a: Flutter Mane|0 fnt\n|faint|p2a: Flutter Mane\n|-end|p2a: Flutter Mane|Protosynthesis|[silent]\n|\n|-heal|p2b: Rillaboom|88\/100 par|[from] Grassy Terrain\n|-heal|p1b: Ting-Lu|73\/100|[from] Grassy Terrain\n|-heal|p1a: Klefki|67\/100|[from] Grassy Terrain\n|-sideend|p2: Gleisbett|move: Tailwind\n|upkeep\n|\n|t:|1700567154\n|switch|p2a: Tornadus|Tornadus, L50, M|100\/100\n|turn|5\n|\n|t:|1700567176\n|move|p2a: Tornadus|Tailwind|p2a: Tornadus\n|-sidestart|p2: Gleisbett|move: Tailwind\n|move|p1a: Klefki|Thunder Wave|p2a: Tornadus\n|-status|p2a: Tornadus|par\n|move|p2b: Rillaboom|U-turn|p1b: Ting-Lu\n|-supereffective|p1b: Ting-Lu\n|-damage|p1b: Ting-Lu|52\/100\n|-damage|p2b: Rillaboom|78\/100 par|[from] item: Life Orb\n|move|p1b: Ting-Lu|Ruination|p2a: Tornadus\n|-damage|p2a: Tornadus|50\/100 par\n|-enditem|p2a: Tornadus|Sitrus Berry|[eat]\n|-heal|p2a: Tornadus|75\/100 par|[from] item: Sitrus Berry\n|\n|-heal|p2b: Rillaboom|84\/100 par|[from] Grassy Terrain\n|-heal|p1b: Ting-Lu|58\/100|[from] Grassy Terrain\n|-heal|p1a: Klefki|73\/100|[from] Grassy Terrain\n|upkeep\n|turn|6\n|l|\u2606Gleisbett\n|inactive|Gleisbett disconnected and has a minute to reconnect!\n|player|p2|\n|inactive|Gleisbett has 30 seconds left.\n|inactive|Gleisbett has 20 seconds left.\n|inactive|Gleisbett has 15 seconds left.\n|inactive|Gleisbett has 10 seconds left.\n|inactive|Gleisbett has 5 seconds left.\n|-message|Gleisbett lost due to inactivity.\n|\n|win|cicibi\n|raw|cicibi's rating: 1275 &rarr; <strong>1297<\/strong><br \/>(+22 for winning)\n|raw|Gleisbett's rating: 1240 &rarr; <strong>1218<\/strong><br \/>(-22 for losing)\n","uploadtime":1700567238,"views":1,"p1id":"cicibi","p2id":"gleisbett","formatid":"gen9vgc2023regulatione","rating":1218,"private":0,"password":""}