{"id":"gen9vgc2023regulatione-1989672566","p1":"bipolarmoonlight","p2":"PizzaSanwitch","format":"[Gen 9] VGC 2023 Regulation E","log":"|j|\u2606bipolarmoonlight\n|j|\u2606PizzaSanwitch\n|t:|1699885492\n|gametype|doubles\n|player|p1|bipolarmoonlight|cynthia-gen4|1244\n|player|p2|PizzaSanwitch|pokemaniac|1352\n|teamsize|p1|6\n|teamsize|p2|6\n|gen|9\n|tier|[Gen 9] VGC 2023 Regulation E\n|rated|\n|rule|Species Clause: Limit one of each Pok\u00e9mon\n|rule|Item Clause: Limit one of each item\n|clearpoke\n|poke|p1|Grimmsnarl, L50, M|\n|poke|p1|Goodra-Hisui, L50, M|\n|poke|p1|Basculegion, L50, M|\n|poke|p1|Zapdos, L50|\n|poke|p1|Tornadus, L50, M|\n|poke|p1|Rillaboom, L50, F|\n|poke|p2|Dusclops, L50, F|\n|poke|p2|Ogerpon-Wellspring, L50, F|\n|poke|p2|Chi-Yu, L50|\n|poke|p2|Iron Hands, L50|\n|poke|p2|Landorus-Therian, L50, M|\n|poke|p2|Ursaluna-Bloodmoon, L50, M|\n|teampreview|4\nPizzaSanwitch has agreed to open team sheets.\n|inactive|Battle timer is ON: inactive players will automatically lose when time's up. (requested by PizzaSanwitch)\n|\n|t:|1699885551\n|start\n|switch|p1a: Rillaboom|Rillaboom, L50, F|100\/100\n|switch|p1b: Grimmsnarl|Grimmsnarl, L50, M|100\/100\n|switch|p2a: Iron Hands|Iron Hands, L50|100\/100\n|switch|p2b: Dusclops|Dusclops, L50, F|100\/100\n|-fieldstart|move: Grassy Terrain|[from] ability: Grassy Surge|[of] p1a: Rillaboom\n|-ability|p2b: Dusclops|Pressure\n|turn|1\n|inactive|bipolarmoonlight has 30 seconds left.\n|inactive|bipolarmoonlight has 20 seconds left.\n|inactive|bipolarmoonlight has 15 seconds left.\n|\n|t:|1699885596\n|-end|p2a: Iron Hands|Quark Drive|[silent]\n|switch|p2a: Ursaluna|Ursaluna-Bloodmoon, L50, M|100\/100\n|move|p1b: Grimmsnarl|Reflect|p1b: Grimmsnarl\n|-sidestart|p1: bipolarmoonlight|Reflect\n|move|p1a: Rillaboom|U-turn|p2b: Dusclops\n|-resisted|p2b: Dusclops\n|-damage|p2b: Dusclops|93\/100\n|\n|t:|1699885606\n|switch|p1a: Goodra|Goodra-Hisui, L50, M|100\/100|[from] U-turn\n|move|p2b: Dusclops|Trick Room|p2b: Dusclops\n|-fieldstart|move: Trick Room|[of] p2b: Dusclops\n|\n|-heal|p2b: Dusclops|99\/100|[from] Grassy Terrain\n|upkeep\n|turn|2\n|\n|t:|1699885630\n|switch|p1a: Rillaboom|Rillaboom, L50, F|100\/100\n|move|p1b: Grimmsnarl|Light Screen|p1b: Grimmsnarl\n|-sidestart|p1: bipolarmoonlight|move: Light Screen\n|move|p2b: Dusclops|Will-O-Wisp|p1a: Rillaboom|[miss]\n|-miss|p2b: Dusclops|p1a: Rillaboom\n|move|p2a: Ursaluna|Earth Power|p1a: Rillaboom\n|-resisted|p1a: Rillaboom\n|-damage|p1a: Rillaboom|83\/100\n|-damage|p2a: Ursaluna|91\/100|[from] item: Life Orb\n|\n|-heal|p2b: Dusclops|100\/100|[from] Grassy Terrain\n|-heal|p2a: Ursaluna|97\/100|[from] Grassy Terrain\n|-heal|p1a: Rillaboom|89\/100|[from] Grassy Terrain\n|upkeep\n|turn|3\n|inactive|PizzaSanwitch has 30 seconds left.\n|\n|t:|1699885656\n|-terastallize|p2a: Ursaluna|Normal\n|-terastallize|p1a: Rillaboom|Fire\n|move|p2b: Dusclops|Will-O-Wisp|p1a: Rillaboom\n|-immune|p1a: Rillaboom\n|move|p2a: Ursaluna|Hyper Voice|p1a: Rillaboom|[spread] p1a,p1b\n|-damage|p1a: Rillaboom|56\/100\n|-damage|p1b: Grimmsnarl|63\/100\n|-damage|p2a: Ursaluna|87\/100|[from] item: Life Orb\n|move|p1b: Grimmsnarl|Spirit Break|p2a: Ursaluna\n|-damage|p2a: Ursaluna|63\/100\n|-unboost|p2a: Ursaluna|spa|1\n|move|p1a: Rillaboom|Wood Hammer|p2b: Dusclops\n|-damage|p2b: Dusclops|49\/100\n|-damage|p1a: Rillaboom|43\/100|[from] Recoil\n|\n|-heal|p2b: Dusclops|56\/100|[from] Grassy Terrain\n|-heal|p2a: Ursaluna|69\/100|[from] Grassy Terrain\n|-heal|p1b: Grimmsnarl|69\/100|[from] Grassy Terrain\n|-heal|p1a: Rillaboom|49\/100|[from] Grassy Terrain\n|upkeep\n|turn|4\n|inactive|bipolarmoonlight has 30 seconds left.\n|inactive|PizzaSanwitch has 30 seconds left.\n|inactive|bipolarmoonlight has 20 seconds left.\n|inactive|bipolarmoonlight has 15 seconds left.\n|\n|t:|1699885698\n|move|p2b: Dusclops|Pain Split|p1b: Grimmsnarl\n|-sethp|p1b: Grimmsnarl|54\/100|[from] move: Pain Split|[silent]\n|-sethp|p2b: Dusclops|75\/100|[from] move: Pain Split\n|move|p2a: Ursaluna|Blood Moon|p1a: Rillaboom\n|-damage|p1a: Rillaboom|3\/100\n|-damage|p2a: Ursaluna|59\/100|[from] item: Life Orb\n|move|p1b: Grimmsnarl|Spirit Break|p2a: Ursaluna\n|-damage|p2a: Ursaluna|38\/100\n|-unboost|p2a: Ursaluna|spa|1\n|move|p1a: Rillaboom|U-turn|p2b: Dusclops\n|-resisted|p2b: Dusclops\n|-damage|p2b: Dusclops|68\/100\n|inactive|bipolarmoonlight has 30 seconds left.\n|\n|t:|1699885731\n|switch|p1a: Goodra|Goodra-Hisui, L50, M|100\/100|[from] U-turn\n|\n|-heal|p2b: Dusclops|74\/100|[from] Grassy Terrain\n|-heal|p2a: Ursaluna|44\/100|[from] Grassy Terrain\n|-heal|p1b: Grimmsnarl|60\/100|[from] Grassy Terrain\n|upkeep\n|turn|5\n|\n|t:|1699885748\n|switch|p2a: Iron Hands|Iron Hands, L50|100\/100\n|move|p1b: Grimmsnarl|Parting Shot|p2a: Iron Hands\n|-unboost|p2a: Iron Hands|atk|1\n|-unboost|p2a: Iron Hands|spa|1\n|\n|t:|1699885753\n|switch|p1b: Rillaboom|Rillaboom, L50, F, tera:Fire|3\/100|[from] Parting Shot\n|move|p2b: Dusclops|Will-O-Wisp|p1a: Goodra\n|-status|p1a: Goodra|brn\n|move|p1a: Goodra|Life Dew||[still]|[spread] p1a,p1b\n|-fail|p1a: Goodra|heal\n|-heal|p1b: Rillaboom|29\/100\n|\n|-heal|p2b: Dusclops|80\/100|[from] Grassy Terrain\n|-heal|p1b: Rillaboom|34\/100|[from] Grassy Terrain\n|-damage|p1a: Goodra|95\/100 brn|[from] brn\n|-fieldend|move: Trick Room\n|-fieldend|move: Grassy Terrain\n|upkeep\n|turn|6\n|inactive|PizzaSanwitch has 30 seconds left.\n|\n|t:|1699885784\n|switch|p1a: Grimmsnarl|Grimmsnarl, L50, M|60\/100\n|move|p1b: Rillaboom|Fake Out|p2a: Iron Hands\n|-damage|p2a: Iron Hands|91\/100\n|cant|p2a: Iron Hands|flinch\n|move|p2b: Dusclops|Night Shade|p1b: Rillaboom\n|-damage|p1b: Rillaboom|10\/100\n|\n|upkeep\n|turn|7\n|\n|t:|1699885803\n|move|p1b: Rillaboom|U-turn|p2b: Dusclops\n|-resisted|p2b: Dusclops\n|-damage|p2b: Dusclops|73\/100\n|\n|t:|1699885807\n|switch|p1b: Goodra|Goodra-Hisui, L50, M|95\/100 brn|[from] U-turn\n|move|p1a: Grimmsnarl|Spirit Break|p2a: Iron Hands\n|-supereffective|p2a: Iron Hands\n|-damage|p2a: Iron Hands|53\/100\n|-unboost|p2a: Iron Hands|spa|1\n|move|p2a: Iron Hands|Drain Punch|p1b: Goodra\n|-supereffective|p1b: Goodra\n|-damage|p1b: Goodra|66\/100 brn\n|-heal|p2a: Iron Hands|64\/100|[from] drain|[of] p1b: Goodra\n|move|p2b: Dusclops|Trick Room|p2b: Dusclops\n|-fieldstart|move: Trick Room|[of] p2b: Dusclops\n|\n|-heal|p1b: Goodra|72\/100 brn|[from] item: Leftovers\n|-damage|p1b: Goodra|66\/100 brn|[from] brn\n|upkeep\n|turn|8\n|inactive|bipolarmoonlight has 30 seconds left.\n|inactive|PizzaSanwitch has 30 seconds left.\n|\n|t:|1699885840\n|move|p1a: Grimmsnarl|Parting Shot|p2a: Iron Hands\n|-unboost|p2a: Iron Hands|atk|1\n|-unboost|p2a: Iron Hands|spa|1\n|\n|t:|1699885843\n|switch|p1a: Rillaboom|Rillaboom, L50, F, tera:Fire|10\/100|[from] Parting Shot\n|-fieldstart|move: Grassy Terrain|[from] ability: Grassy Surge|[of] p1a: Rillaboom\n|move|p2b: Dusclops|Will-O-Wisp|p1a: Rillaboom\n|-immune|p1a: Rillaboom\n|move|p2a: Iron Hands|Drain Punch|p1b: Goodra\n|-supereffective|p1b: Goodra\n|-damage|p1b: Goodra|47\/100 brn\n|-heal|p2a: Iron Hands|71\/100|[from] drain|[of] p1b: Goodra\n|move|p1b: Goodra|Shelter|p1b: Goodra\n|-boost|p1b: Goodra|def|2\n|\n|-heal|p2b: Dusclops|79\/100|[from] Grassy Terrain\n|-heal|p2a: Iron Hands|78\/100|[from] Grassy Terrain\n|-heal|p1b: Goodra|53\/100 brn|[from] Grassy Terrain\n|-heal|p1b: Goodra|59\/100 brn|[from] item: Leftovers\n|-heal|p1a: Rillaboom|16\/100|[from] Grassy Terrain\n|-damage|p1b: Goodra|53\/100 brn|[from] brn\n|-sideend|p1: bipolarmoonlight|Reflect\n|upkeep\n|turn|9\n|inactive|PizzaSanwitch has 30 seconds left.\n|\n|t:|1699885872\n|move|p1a: Rillaboom|Fake Out|p2a: Iron Hands\n|-damage|p2a: Iron Hands|67\/100\n|move|p2b: Dusclops|Night Shade|p1a: Rillaboom\n|-damage|p1a: Rillaboom|0 fnt\n|faint|p1a: Rillaboom\n|cant|p2a: Iron Hands|flinch\n|move|p1b: Goodra|Life Dew|p1b: Goodra\n|-heal|p1b: Goodra|78\/100 brn\n|\n|-heal|p2b: Dusclops|85\/100|[from] Grassy Terrain\n|-heal|p2a: Iron Hands|74\/100|[from] Grassy Terrain\n|-heal|p1b: Goodra|84\/100 brn|[from] Grassy Terrain\n|-heal|p1b: Goodra|90\/100 brn|[from] item: Leftovers\n|-damage|p1b: Goodra|84\/100 brn|[from] brn\n|-sideend|p1: bipolarmoonlight|move: Light Screen\n|upkeep\n|\n|t:|1699885892\n|switch|p1a: Grimmsnarl|Grimmsnarl, L50, M|60\/100\n|turn|10\n|\n|t:|1699885903\n|-end|p2a: Iron Hands|Quark Drive|[silent]\n|switch|p2a: Ursaluna|Ursaluna-Bloodmoon, L50, M, tera:Normal|44\/100\n|move|p1a: Grimmsnarl|Reflect|p1a: Grimmsnarl\n|-sidestart|p1: bipolarmoonlight|Reflect\n|move|p2b: Dusclops|Pain Split|p1b: Goodra\n|-sethp|p1b: Goodra|75\/100 brn|[from] move: Pain Split|[silent]\n|-sethp|p2b: Dusclops|96\/100|[from] move: Pain Split\n|move|p1b: Goodra|Life Dew|p1b: Goodra|[spread] p1a,p1b\n|-heal|p1a: Grimmsnarl|86\/100\n|-heal|p1b: Goodra|100\/100 brn\n|\n|-heal|p2b: Dusclops|100\/100|[from] Grassy Terrain\n|-heal|p2a: Ursaluna|50\/100|[from] Grassy Terrain\n|-heal|p1a: Grimmsnarl|92\/100|[from] Grassy Terrain\n|-damage|p1b: Goodra|95\/100 brn|[from] brn\n|upkeep\n|turn|11\n|inactive|bipolarmoonlight has 30 seconds left.\n|inactive|PizzaSanwitch has 30 seconds left.\n|\n|t:|1699885929\n|move|p1a: Grimmsnarl|Parting Shot|p2a: Ursaluna\n|-unboost|p2a: Ursaluna|atk|1\n|-unboost|p2a: Ursaluna|spa|1\n|\n|t:|1699885933\n|switch|p1a: Basculegion|Basculegion, L50, M|100\/100|[from] Parting Shot\n|move|p2b: Dusclops|Night Shade|p1b: Goodra\n|-damage|p1b: Goodra|68\/100 brn\n|move|p2a: Ursaluna|Earth Power|p1b: Goodra\n|-supereffective|p1b: Goodra\n|-damage|p1b: Goodra|12\/100 brn\n|-damage|p2a: Ursaluna|40\/100|[from] item: Life Orb\n|move|p1b: Goodra|Body Press|p2a: Ursaluna\n|-supereffective|p2a: Ursaluna\n|-damage|p2a: Ursaluna|5\/100\n|\n|-heal|p2a: Ursaluna|11\/100|[from] Grassy Terrain\n|-heal|p1b: Goodra|18\/100 brn|[from] Grassy Terrain\n|-heal|p1b: Goodra|24\/100 brn|[from] item: Leftovers\n|-damage|p1b: Goodra|18\/100 brn|[from] brn\n|-fieldend|move: Trick Room\n|upkeep\n|turn|12\n|inactive|bipolarmoonlight has 30 seconds left.\n|\n|t:|1699885959\n|move|p2a: Ursaluna|Protect|p2a: Ursaluna\n|-singleturn|p2a: Ursaluna|Protect\n|move|p1a: Basculegion|Last Respects|p2b: Dusclops\n|-supereffective|p2b: Dusclops\n|-damage|p2b: Dusclops|38\/100\n|move|p1b: Goodra|Body Press|p2a: Ursaluna\n|-activate|p2a: Ursaluna|move: Protect\n|move|p2b: Dusclops|Trick Room|p2b: Dusclops\n|-fieldstart|move: Trick Room|[of] p2b: Dusclops\n|\n|-heal|p2b: Dusclops|44\/100|[from] Grassy Terrain\n|-heal|p2a: Ursaluna|17\/100|[from] Grassy Terrain\n|-heal|p1b: Goodra|24\/100 brn|[from] Grassy Terrain\n|-heal|p1b: Goodra|30\/100 brn|[from] item: Leftovers\n|-damage|p1b: Goodra|24\/100 brn|[from] brn\n|-fieldend|move: Grassy Terrain\n|upkeep\n|turn|13\n|\n|t:|1699885980\n|move|p1a: Basculegion|Aqua Jet|p2a: Ursaluna\n|-crit|p2a: Ursaluna\n|-damage|p2a: Ursaluna|0 fnt\n|faint|p2a: Ursaluna\n|move|p2b: Dusclops|Pain Split|p1a: Basculegion\n|-sethp|p1a: Basculegion|66\/100|[from] move: Pain Split|[silent]\n|-sethp|p2b: Dusclops|90\/100|[from] move: Pain Split\n|move|p1b: Goodra|Life Dew|p1b: Goodra|[spread] p1a,p1b\n|-heal|p1a: Basculegion|91\/100\n|-heal|p1b: Goodra|49\/100 brn\n|\n|-heal|p1b: Goodra|55\/100 brn|[from] item: Leftovers\n|-damage|p1b: Goodra|49\/100 brn|[from] brn\n|upkeep\n|\n|t:|1699885993\n|switch|p2a: Iron Hands|Iron Hands, L50|74\/100\n|turn|14\n|\n|t:|1699886006\n|move|p1a: Basculegion|Protect|p1a: Basculegion\n|-singleturn|p1a: Basculegion|Protect\n|move|p2b: Dusclops|Night Shade|p1b: Goodra\n|-damage|p1b: Goodra|22\/100 brn\n|move|p2a: Iron Hands|Drain Punch|p1b: Goodra\n|-supereffective|p1b: Goodra\n|-damage|p1b: Goodra|0 fnt\n|-heal|p2a: Iron Hands|82\/100|[from] drain|[of] p1b: Goodra\n|faint|p1b: Goodra\n|\n|upkeep\n|\n|t:|1699886014\n|switch|p1b: Grimmsnarl|Grimmsnarl, L50, M|92\/100\n|turn|15\n|\n|t:|1699886031\n|move|p1b: Grimmsnarl|Parting Shot|p2a: Iron Hands\n|-unboost|p2a: Iron Hands|atk|1\n|-unboost|p2a: Iron Hands|spa|1\n|move|p2b: Dusclops|Will-O-Wisp|p1a: Basculegion\n|-status|p1a: Basculegion|brn\n|move|p2a: Iron Hands|Wild Charge|p1a: Basculegion\n|-supereffective|p1a: Basculegion\n|-damage|p1a: Basculegion|45\/100 brn\n|-damage|p2a: Iron Hands|73\/100|[from] Recoil\n|move|p1a: Basculegion|Last Respects|p2a: Iron Hands\n|-damage|p2a: Iron Hands|49\/100\n|\n|-damage|p1a: Basculegion|39\/100 brn|[from] brn\n|upkeep\n|turn|16\n|inactive|PizzaSanwitch has 30 seconds left.\n|\n|t:|1699886061\n|move|p1a: Basculegion|Protect|p1a: Basculegion\n|-singleturn|p1a: Basculegion|Protect\n|move|p2b: Dusclops|Will-O-Wisp|p1b: Grimmsnarl\n|-status|p1b: Grimmsnarl|brn\n|move|p2a: Iron Hands|Heavy Slam|p1b: Grimmsnarl\n|-supereffective|p1b: Grimmsnarl\n|-damage|p1b: Grimmsnarl|52\/100 brn\n|move|p1b: Grimmsnarl|Spirit Break|p2a: Iron Hands\n|-supereffective|p2a: Iron Hands\n|-damage|p2a: Iron Hands|29\/100\n|-unboost|p2a: Iron Hands|spa|1\n|\n|-damage|p1b: Grimmsnarl|46\/100 brn|[from] brn\n|-damage|p1a: Basculegion|33\/100 brn|[from] brn\n|-fieldend|move: Trick Room\n|upkeep\n|turn|17\n|inactive|bipolarmoonlight has 30 seconds left.\n|\n|t:|1699886083\n|-end|p2a: Iron Hands|Quark Drive|[silent]\n|switch|p2a: Landorus|Landorus-Therian, L50, M|100\/100\n|-ability|p2a: Landorus|Intimidate|boost\n|-unboost|p1a: Basculegion|atk|1\n|-unboost|p1b: Grimmsnarl|atk|1\n|move|p1a: Basculegion|Last Respects|p2a: Landorus\n|-crit|p2a: Landorus\n|-damage|p2a: Landorus|42\/100\n|move|p1b: Grimmsnarl|Spirit Break|p2a: Landorus\n|-damage|p2a: Landorus|32\/100\n|-unboost|p2a: Landorus|spa|1\n|move|p2b: Dusclops|Night Shade|p1a: Basculegion\n|-damage|p1a: Basculegion|8\/100 brn\n|\n|-damage|p1a: Basculegion|2\/100 brn|[from] brn\n|-damage|p1b: Grimmsnarl|40\/100 brn|[from] brn\n|-sideend|p1: bipolarmoonlight|Reflect\n|upkeep\n|turn|18\n|inactive|bipolarmoonlight has 25 seconds left this turn.\n|inactive|bipolarmoonlight has 20 seconds left.\n|inactive|bipolarmoonlight has 15 seconds left.\n|inactive|bipolarmoonlight has 10 seconds left.\n|inactive|bipolarmoonlight has 5 seconds left.\n|inactive|PizzaSanwitch has 30 seconds left.\n|\n|t:|1699886115\n|switch|p2a: Iron Hands|Iron Hands, L50|29\/100\n|move|p1a: Basculegion|Aqua Jet|p2a: Iron Hands\n|-crit|p2a: Iron Hands\n|-damage|p2a: Iron Hands|18\/100\n|move|p1b: Grimmsnarl|Parting Shot|p2a: Iron Hands\n|-unboost|p2a: Iron Hands|atk|1\n|-unboost|p2a: Iron Hands|spa|1\n|move|p2b: Dusclops|Night Shade|p1b: Grimmsnarl\n|-damage|p1b: Grimmsnarl|15\/100 brn\n|\n|-damage|p1a: Basculegion|0 fnt|[from] brn\n|faint|p1a: Basculegion\n|-damage|p1b: Grimmsnarl|9\/100 brn|[from] brn\n|upkeep\n|turn|19\n|inactive|bipolarmoonlight has 5 seconds left this turn.\n|inactive|PizzaSanwitch has 30 seconds left.\n|-message|bipolarmoonlight lost due to inactivity.\n|\n|win|PizzaSanwitch\n|raw|bipolarmoonlight's rating: 1244 &rarr; <strong>1227<\/strong><br \/>(-17 for losing)\n|raw|PizzaSanwitch's rating: 1352 &rarr; <strong>1366<\/strong><br \/>(+14 for winning)\n|c|\u2606bipolarmoonlight|gg\n|c|\u2606PizzaSanwitch|bro ultra ggs\n|c|\u2606PizzaSanwitch|amazing game\n|c|\u2606PizzaSanwitch|have a nice day\n|c|\u2606bipolarmoonlight|You too\n","uploadtime":1699886154,"views":25,"p1id":"bipolarmoonlight","p2id":"pizzasanwitch","formatid":"gen9vgc2023regulatione","rating":1227,"private":0,"password":""}