{"id":"gen9vgc2023regulatione-1997925954","p1":"Reversery","p2":"mabend","format":"[Gen 9] VGC 2023 Regulation E","log":"|j|\u2606Reversery\n|j|\u2606mabend\n|n|\u2606Reversery|reversery\n|n|\u2606mabend|mabend\n|html|View the match progress at <a href=\"\/game-bestof3-gen9vgc2023regulatione-1997925953\">game-bestof3-gen9vgc2023regulatione-1997925953<\/a>\n|t:|1700868235\n|gametype|doubles\n|player|p1|Reversery|dawn-gen4pt|\n|player|p2|mabend|roxie|\n|teamsize|p1|6\n|teamsize|p2|6\n|gen|9\n|tier|[Gen 9] VGC 2023 Regulation E\n|rule|Species Clause: Limit one of each Pok\u00e9mon\n|rule|Item Clause: Limit one of each item\n|clearpoke\n|poke|p1|Rillaboom, L50, M|\n|poke|p1|Heatran, L50, M|\n|poke|p1|Clefairy, L50, F|\n|poke|p1|Eiscue, L50, M|\n|poke|p1|Tornadus-Therian, L50, M|\n|poke|p1|Houndstone, L50, F|\n|poke|p2|Volcarona, L50, M|\n|poke|p2|Oricorio-Pom-Pom, L50, M|\n|poke|p2|Urshifu-*, L50, F|\n|poke|p2|Landorus-Therian, L50, M|\n|poke|p2|Scream Tail, L50|\n|poke|p2|Pawmot, L50, M|\n|teampreview|4\n|l|\u2606mabend\n|player|p2|\nReversery rejected open team sheets.\n|j|\u2606mabend\n|player|p2|mabend|roxie\n|\n|t:|1700868269\n|start\n|switch|p1a: Ding Dong|Rillaboom, L50, M|100\/100\n|switch|p1b: Cool But Not|Heatran, L50, M|100\/100\n|switch|p2a: Landorus|Landorus-Therian, L50, M|100\/100\n|switch|p2b: Urshifu|Urshifu-Rapid-Strike, L50, F|100\/100\n|-ability|p2a: Landorus|Intimidate|boost\n|-unboost|p1a: Ding Dong|atk|1\n|-unboost|p1b: Cool But Not|atk|1\n|-fieldstart|move: Grassy Terrain|[from] ability: Grassy Surge|[of] p1a: Ding Dong\n|-item|p1b: Cool But Not|Air Balloon\n|turn|1\n|\n|t:|1700868302\n|switch|p1b: Pillow|Clefairy, L50, F|100\/100\n|-terastallize|p2b: Urshifu|Poison\n|move|p1a: Ding Dong|Grassy Glide|p2b: Urshifu\n|-resisted|p2b: Urshifu\n|-damage|p2b: Urshifu|81\/100\n|move|p2a: Landorus|U-turn|p1a: Ding Dong\n|-supereffective|p1a: Ding Dong\n|-damage|p1a: Ding Dong|60\/100\n|\n|t:|1700868316\n|switch|p2a: Volcarona|Volcarona, L50, M|100\/100|[from] U-turn\n|move|p2b: Urshifu|Poison Jab|p1a: Ding Dong\n|-supereffective|p1a: Ding Dong\n|-damage|p1a: Ding Dong|0 fnt\n|faint|p1a: Ding Dong\n|\n|-heal|p2b: Urshifu|87\/100|[from] Grassy Terrain\n|upkeep\n|\n|t:|1700868330\n|switch|p1a: Cool But Not|Heatran, L50, M|100\/100\n|-item|p1a: Cool But Not|Air Balloon\n|turn|2\n|\n|t:|1700868353\n|move|p1b: Pillow|Helping Hand|p1a: Cool But Not\n|-singleturn|p1a: Cool But Not|Helping Hand|[of] p1b: Pillow\n|move|p2b: Urshifu|Poison Jab|p1b: Pillow\n|-supereffective|p1b: Pillow\n|-damage|p1b: Pillow|1\/100\n|-status|p1b: Pillow|psn\n|move|p2a: Volcarona|Quiver Dance|p2a: Volcarona\n|-boost|p2a: Volcarona|spa|1\n|-boost|p2a: Volcarona|spd|1\n|-boost|p2a: Volcarona|spe|1\n|move|p1a: Cool But Not|Earth Power|p2b: Urshifu\n|-supereffective|p2b: Urshifu\n|-damage|p2b: Urshifu|0 fnt\n|faint|p2b: Urshifu\n|\n|-heal|p1b: Pillow|7\/100 psn|[from] Grassy Terrain\n|-damage|p1b: Pillow|0 fnt|[from] psn\n|faint|p1b: Pillow\n|upkeep\n|\n|t:|1700868370\n|switch|p2b: Landorus|Landorus-Therian, L50, M|100\/100\n|switch|p1b: Club Penguin|Eiscue, L50, M|100\/100\n|-ability|p2b: Landorus|Intimidate|boost\n|-unboost|p1a: Cool But Not|atk|1\n|-unboost|p1b: Club Penguin|atk|1\n|turn|3\n|\n|t:|1700868419\n|move|p2a: Volcarona|Protect|p2a: Volcarona\n|-singleturn|p2a: Volcarona|Protect\n|move|p2b: Landorus|Rock Slide|p1a: Cool But Not|[spread] p1a\n|-miss|p2b: Landorus|p1b: Club Penguin\n|-damage|p1a: Cool But Not|86\/100\n|-enditem|p1a: Cool But Not|Air Balloon\n|move|p1a: Cool But Not|Earth Power|p2a: Volcarona\n|-activate|p2a: Volcarona|move: Protect\n|move|p1b: Club Penguin|Substitute|p1b: Club Penguin\n|-start|p1b: Club Penguin|Substitute\n|-damage|p1b: Club Penguin|76\/100\n|\n|-heal|p1a: Cool But Not|91\/100|[from] Grassy Terrain\n|-heal|p1b: Club Penguin|82\/100|[from] Grassy Terrain\n|upkeep\n|turn|4\n|\n|t:|1700868447\n|switch|p2b: Oricorio|Oricorio-Pom-Pom, L50, M|100\/100\n|move|p1a: Cool But Not|Protect|p1a: Cool But Not\n|-singleturn|p1a: Cool But Not|Protect\n|move|p2a: Volcarona|Quiver Dance|p2a: Volcarona\n|-boost|p2a: Volcarona|spa|1\n|-boost|p2a: Volcarona|spd|1\n|-boost|p2a: Volcarona|spe|1\n|-activate|p2b: Oricorio|ability: Dancer\n|move|p2b: Oricorio|Quiver Dance|p2b: Oricorio|[from]ability: Dancer\n|-boost|p2b: Oricorio|spa|1\n|-boost|p2b: Oricorio|spd|1\n|-boost|p2b: Oricorio|spe|1\n|move|p1b: Club Penguin|Belly Drum|p1b: Club Penguin\n|-damage|p1b: Club Penguin|32\/100\n|-setboost|p1b: Club Penguin|atk|6|[from] move: Belly Drum\n|-enditem|p1b: Club Penguin|Sitrus Berry|[eat]\n|-heal|p1b: Club Penguin|57\/100|[from] item: Sitrus Berry\n|\n|-heal|p1a: Cool But Not|97\/100|[from] Grassy Terrain\n|-heal|p1b: Club Penguin|62\/100|[from] Grassy Terrain\n|upkeep\n|turn|5\n|\n|t:|1700868492\n|move|p2a: Volcarona|Bug Buzz|p1b: Club Penguin\n|-damage|p1b: Club Penguin|0 fnt\n|faint|p1b: Club Penguin\n|move|p2b: Oricorio|Revelation Dance|p1a: Cool But Not\n|-damage|p1a: Cool But Not|54\/100\n|move|p1a: Cool But Not|Heat Wave|p2b: Oricorio|[spread] p2b\n|-miss|p1a: Cool But Not|p2a: Volcarona\n|-damage|p2b: Oricorio|66\/100\n|\n|-heal|p1a: Cool But Not|60\/100|[from] Grassy Terrain\n|-fieldend|move: Grassy Terrain\n|upkeep\n|turn|6\n|\n|t:|1700868511\n|move|p1a: Cool But Not|Protect|p1a: Cool But Not\n|-singleturn|p1a: Cool But Not|Protect\n|move|p2a: Volcarona|Bug Buzz|p1a: Cool But Not\n|-activate|p1a: Cool But Not|move: Protect\n|move|p2b: Oricorio|Revelation Dance|p1a: Cool But Not\n|-activate|p1a: Cool But Not|move: Protect\n|\n|upkeep\n|turn|7\n|\n|t:|1700868523\n|move|p2a: Volcarona|Bug Buzz|p1a: Cool But Not\n|-resisted|p1a: Cool But Not\n|-damage|p1a: Cool But Not|41\/100\n|move|p2b: Oricorio|Revelation Dance|p1a: Cool But Not\n|-damage|p1a: Cool But Not|2\/100\n|move|p1a: Cool But Not|Heat Wave|p2b: Oricorio|[spread] p2a,p2b\n|-damage|p2a: Volcarona|83\/100\n|-damage|p2b: Oricorio|34\/100\n|\n|-heal|p2a: Volcarona|90\/100|[from] item: Leftovers\n|upkeep\n|turn|8\n|\n|t:|1700868548\n|move|p2a: Volcarona|Quiver Dance|p2a: Volcarona\n|-boost|p2a: Volcarona|spa|1\n|-boost|p2a: Volcarona|spd|1\n|-boost|p2a: Volcarona|spe|1\n|-activate|p2b: Oricorio|ability: Dancer\n|move|p2b: Oricorio|Quiver Dance|p2b: Oricorio|[from]ability: Dancer\n|-boost|p2b: Oricorio|spa|1\n|-boost|p2b: Oricorio|spd|1\n|-boost|p2b: Oricorio|spe|1\n|move|p2b: Oricorio|Roost|p2b: Oricorio\n|-heal|p2b: Oricorio|84\/100\n|-singleturn|p2b: Oricorio|move: Roost\n|move|p1a: Cool But Not|Heat Wave|p2a: Volcarona|[spread] p2a\n|-miss|p1a: Cool But Not|p2b: Oricorio\n|-damage|p2a: Volcarona|77\/100\n|\n|-heal|p2a: Volcarona|83\/100|[from] item: Leftovers\n|upkeep\n|turn|9\n|\n|t:|1700868570\n|move|p2a: Volcarona|Bug Buzz|p1a: Cool But Not\n|-resisted|p1a: Cool But Not\n|-damage|p1a: Cool But Not|0 fnt\n|faint|p1a: Cool But Not\n|\n|win|mabend\n|c|&|\/uhtml prompt-reversery,Reversery is ready for game 2!\n|inactive|mabend has 50 seconds to confirm battle start!\n|inactive|mabend has 40 seconds to confirm battle start!\n|l|\u2606mabend\n|inactive|mabend has 30 seconds to confirm battle start!\n|j|\u2606mabend\n|player|p2|mabend|roxie\n|l|\u2606mabend\n|player|p2|\n|inactive|mabend has 20 seconds to confirm battle start!\n|inactive|mabend has 10 seconds to confirm battle start!\n|inactive|mabend has 0 seconds to confirm battle start!\n","uploadtime":1700868577,"views":13,"p1id":"reversery","p2id":"mabend","formatid":"gen9vgc2023regulatione","rating":0,"private":0,"password":""}