{"id":"gen9vgc2023regulatione-1990280954","p1":"Tooper Sr","p2":"MommySkyee","format":"[Gen 9] VGC 2023 Regulation E","log":"|j|\u2606Tooper Sr\n|j|\u2606MommySkyee\n|t:|1699950007\n|gametype|doubles\n|player|p1|Tooper Sr|swimmerf|1243\n|player|p2|MommySkyee|169|1145\n|teamsize|p1|6\n|teamsize|p2|6\n|gen|9\n|tier|[Gen 9] VGC 2023 Regulation E\n|rated|\n|rule|Species Clause: Limit one of each Pok\u00e9mon\n|rule|Item Clause: Limit one of each item\n|clearpoke\n|poke|p1|Urshifu-*, L50, F|\n|poke|p1|Landorus-Therian, L50, M|\n|poke|p1|Rillaboom, L50, M|\n|poke|p1|Tornadus, L50, M|\n|poke|p1|Coalossal, L50, F|\n|poke|p1|Flutter Mane, L50|\n|poke|p2|Flutter Mane, L50|\n|poke|p2|Landorus-Therian, L50, M|\n|poke|p2|Urshifu-*, L50, F|\n|poke|p2|Iron Hands, L50|\n|poke|p2|Farigiraf, L50, M|\n|poke|p2|Heatran, L50, F|\n|teampreview|4\n|inactive|Battle timer is ON: inactive players will automatically lose when time's up. (requested by Tooper Sr)\n|\n|t:|1699950050\n|start\n|switch|p1a: Rillaboom|Rillaboom, L50, M|100\/100\n|switch|p1b: Urshifu|Urshifu-Rapid-Strike, L50, F|100\/100\n|switch|p2a: Farigiraf|Farigiraf, L50, M, shiny|100\/100\n|switch|p2b: Flutter Mane|Flutter Mane, L50|100\/100\n|-fieldstart|move: Grassy Terrain|[from] ability: Grassy Surge|[of] p1a: Rillaboom\n|-enditem|p2b: Flutter Mane|Booster Energy\n|-activate|p2b: Flutter Mane|ability: Protosynthesis|[fromitem]\n|-start|p2b: Flutter Mane|protosynthesisspa\n|turn|1\n|\n|t:|1699950066\n|-terastallize|p1b: Urshifu|Water\n|move|p2b: Flutter Mane|Icy Wind|p1a: Rillaboom|[spread] p1a,p1b\n|-supereffective|p1a: Rillaboom\n|-resisted|p1b: Urshifu\n|-damage|p1a: Rillaboom|71\/100\n|-damage|p1b: Urshifu|86\/100\n|-unboost|p1a: Rillaboom|spe|1\n|-unboost|p1b: Urshifu|spe|1\n|move|p1b: Urshifu|Surging Strikes|p2a: Farigiraf\n|-crit|p2a: Farigiraf\n|-damage|p2a: Farigiraf|77\/100\n|-damage|p1b: Urshifu|69\/100|[from] item: Rocky Helmet|[of] p2a: Farigiraf\n|-crit|p2a: Farigiraf\n|-damage|p2a: Farigiraf|56\/100\n|-damage|p1b: Urshifu|52\/100|[from] item: Rocky Helmet|[of] p2a: Farigiraf\n|-crit|p2a: Farigiraf\n|-damage|p2a: Farigiraf|35\/100\n|-damage|p1b: Urshifu|36\/100|[from] item: Rocky Helmet|[of] p2a: Farigiraf\n|-hitcount|p2a: Farigiraf|3\n|move|p2a: Farigiraf|Dazzling Gleam|p1a: Rillaboom|[spread] p1a,p1b\n|-damage|p1a: Rillaboom|57\/100\n|-damage|p1b: Urshifu|10\/100\n|move|p1a: Rillaboom|Wood Hammer|p2a: Farigiraf\n|-damage|p2a: Farigiraf|0 fnt\n|-damage|p1a: Rillaboom|41\/100|[from] item: Rocky Helmet|[of] p2a: Farigiraf\n|faint|p2a: Farigiraf\n|-damage|p1a: Rillaboom|28\/100|[from] Recoil\n|\n|-heal|p1b: Urshifu|15\/100|[from] Grassy Terrain\n|-heal|p1a: Rillaboom|34\/100|[from] Grassy Terrain\n|upkeep\n|\n|t:|1699950077\n|switch|p2a: Iron Hands|Iron Hands, L50|100\/100\n|turn|2\n|\n|t:|1699950095\n|switch|p1b: Landorus|Landorus-Therian, L50, M|100\/100\n|-ability|p1b: Landorus|Intimidate|boost\n|-unboost|p2a: Iron Hands|atk|1\n|-unboost|p2b: Flutter Mane|atk|1\n|move|p2a: Iron Hands|Fake Out|p1a: Rillaboom\n|-damage|p1a: Rillaboom|24\/100\n|cant|p1a: Rillaboom|flinch\n|move|p2b: Flutter Mane|Dazzling Gleam|p1b: Landorus|[spread] p1a,p1b\n|-damage|p1a: Rillaboom|0 fnt\n|-damage|p1b: Landorus|51\/100\n|faint|p1a: Rillaboom\n|\n|upkeep\n|\n|t:|1699950111\n|switch|p1a: Flutter Mane|Flutter Mane, L50|100\/100\n|-enditem|p1a: Flutter Mane|Booster Energy\n|-activate|p1a: Flutter Mane|ability: Protosynthesis|[fromitem]\n|-start|p1a: Flutter Mane|protosynthesisspe\n|turn|3\n|\n|t:|1699950129\n|-end|p2a: Iron Hands|Quark Drive|[silent]\n|switch|p2a: Landorus|Landorus-Therian, L50, M|100\/100\n|-ability|p2a: Landorus|Intimidate|boost\n|-unboost|p1a: Flutter Mane|atk|1\n|-unboost|p1b: Landorus|atk|1\n|-terastallize|p2b: Flutter Mane|Fire\n|move|p1a: Flutter Mane|Shadow Ball|p2b: Flutter Mane\n|-damage|p2b: Flutter Mane|53\/100\n|-unboost|p2b: Flutter Mane|spd|1\n|move|p1b: Landorus|Stomping Tantrum|p2b: Flutter Mane\n|-supereffective|p2b: Flutter Mane\n|-damage|p2b: Flutter Mane|0 fnt\n|faint|p2b: Flutter Mane\n|-end|p2b: Flutter Mane|Protosynthesis|[silent]\n|\n|upkeep\n|\n|t:|1699950141\n|switch|p2b: Iron Hands|Iron Hands, L50|100\/100\n|turn|4\n|\n|t:|1699950163\n|move|p2b: Iron Hands|Fake Out|p1b: Landorus\n|-damage|p1b: Landorus|34\/100\n|move|p1a: Flutter Mane|Moonblast|p2b: Iron Hands\n|-supereffective|p2b: Iron Hands\n|-damage|p2b: Iron Hands|49\/100\n|cant|p1b: Landorus|flinch\n|move|p2a: Landorus|Stomping Tantrum|p1a: Flutter Mane\n|-damage|p1a: Flutter Mane|14\/100\n|\n|-heal|p1a: Flutter Mane|20\/100|[from] Grassy Terrain\n|-heal|p2b: Iron Hands|55\/100|[from] Grassy Terrain\n|upkeep\n|turn|5\n|inactive|MommySkyee has 30 seconds left.\n|\n|t:|1699950191\n|move|p1a: Flutter Mane|Dazzling Gleam|p2b: Iron Hands|[spread] p2a,p2b\n|-supereffective|p2b: Iron Hands\n|-damage|p2a: Landorus|58\/100\n|-damage|p2b: Iron Hands|26\/100\n|move|p1b: Landorus|Stomping Tantrum|p2b: Iron Hands\n|-supereffective|p2b: Iron Hands\n|-damage|p2b: Iron Hands|0 fnt\n|faint|p2b: Iron Hands\n|-end|p2b: Iron Hands|Quark Drive|[silent]\n|move|p2a: Landorus|Stomping Tantrum|p1a: Flutter Mane\n|-damage|p1a: Flutter Mane|0 fnt\n|faint|p1a: Flutter Mane\n|-end|p1a: Flutter Mane|Protosynthesis|[silent]\n|\n|-fieldend|move: Grassy Terrain\n|upkeep\n|\n|t:|1699950200\n|switch|p1a: Urshifu|Urshifu-Rapid-Strike, L50, F, tera:Water|15\/100\n|turn|6\n|\n|t:|1699950209\n|move|p1b: Landorus|Stomping Tantrum|p2a: Landorus\n|-immune|p2a: Landorus\n|move|p2a: Landorus|Stomping Tantrum|p1a: Urshifu\n|-damage|p1a: Urshifu|0 fnt\n|faint|p1a: Urshifu\n|\n|upkeep\n|turn|7\n|\n|t:|1699950215\n|move|p2a: Landorus|Stomping Tantrum|p1b: Landorus\n|-immune|p1b: Landorus\n|move|p1b: Landorus|Stomping Tantrum|p2a: Landorus\n|-immune|p2a: Landorus\n|\n|upkeep\n|turn|8\n|c|\u2606MommySkyee|lol\n|c|\u2606Tooper Sr|im choiced too lol\n|\n|t:|1699950230\n|move|p1b: Landorus|Stomping Tantrum|p2a: Landorus\n|-immune|p2a: Landorus\n|move|p2a: Landorus|Stomping Tantrum|p1b: Landorus\n|-immune|p1b: Landorus\n|\n|upkeep\n|turn|9\n|\n|t:|1699950233\n|move|p1b: Landorus|Stomping Tantrum|p2a: Landorus\n|-immune|p2a: Landorus\n|move|p2a: Landorus|Stomping Tantrum|p1b: Landorus\n|-immune|p1b: Landorus\n|\n|upkeep\n|turn|10\n|c|\u2606Tooper Sr|ggs im out\n|-message|Tooper Sr forfeited.\n|\n|win|MommySkyee\n|raw|Tooper Sr's rating: 1243 &rarr; <strong>1211<\/strong><br \/>(-32 for losing)\n|raw|MommySkyee's rating: 1145 &rarr; <strong>1177<\/strong><br \/>(+32 for winning)\n|l|\u2606Tooper Sr\n|c|\u2606MommySkyee|gg\n","uploadtime":1699950284,"views":23,"p1id":"toopersr","p2id":"mommyskyee","formatid":"gen9vgc2023regulatione","rating":1177,"private":0,"password":""}