{"id":"gen9vgc2023regulatione-1990105970","p1":"Valkyrie95","p2":"QueenFluffyShadow","format":"[Gen 9] VGC 2023 Regulation E","log":"|j|\u2606Valkyrie95\n|j|\u2606QueenFluffyShadow\n|t:|1699925148\n|gametype|doubles\n|player|p1|Valkyrie95|biker-gen4|1033\n|player|p2|QueenFluffyShadow|bellelba|1053\n|teamsize|p1|6\n|teamsize|p2|6\n|gen|9\n|tier|[Gen 9] VGC 2023 Regulation E\n|rated|\n|rule|Species Clause: Limit one of each Pok\u00e9mon\n|rule|Item Clause: Limit one of each item\n|clearpoke\n|poke|p1|Skeledirge, L50, M|\n|poke|p1|Gastrodon, L50, F|\n|poke|p1|Gengar, L50, F|\n|poke|p1|Dragapult, L50, F|\n|poke|p1|Grimmsnarl, L50, M|\n|poke|p1|Talonflame, L50, F|\n|poke|p2|Moltres-Galar, L50|\n|poke|p2|Arcanine-Hisui, L50, F|\n|poke|p2|Munkidori, L50, M|\n|poke|p2|Sinistcha, L50|\n|poke|p2|Grimmsnarl, L50, M|\n|poke|p2|Milotic, L50, F|\n|teampreview|4\nQueenFluffyShadow rejected open team sheets.\n|\n|t:|1699925189\n|start\n|switch|p1a: Skeledirge|Skeledirge, L50, M|100\/100\n|switch|p1b: Grimmsnarl|Grimmsnarl, L50, M|100\/100\n|switch|p2a: Grimmsnarl|Grimmsnarl, L50, M|100\/100\n|switch|p2b: Arcanine|Arcanine-Hisui, L50, F|100\/100\n|-ability|p2b: Arcanine|Intimidate|boost\n|-unboost|p1a: Skeledirge|atk|1\n|-unboost|p1b: Grimmsnarl|atk|1\n|turn|1\n|\n|t:|1699925209\n|move|p1b: Grimmsnarl|Reflect|p1b: Grimmsnarl\n|-sidestart|p1: Valkyrie95|Reflect\n|move|p2a: Grimmsnarl|Light Screen|p2a: Grimmsnarl\n|-sidestart|p2: QueenFluffyShadow|move: Light Screen\n|move|p2b: Arcanine|Rock Slide|p1b: Grimmsnarl|[spread] p1a,p1b\n|-supereffective|p1a: Skeledirge\n|-crit|p1a: Skeledirge\n|-damage|p1a: Skeledirge|24\/100\n|-damage|p1b: Grimmsnarl|75\/100\n|move|p1a: Skeledirge|Torch Song|p2a: Grimmsnarl\n|-damage|p2a: Grimmsnarl|72\/100\n|-boost|p1a: Skeledirge|spa|1\n|-enditem|p1a: Skeledirge|Throat Spray\n|-boost|p1a: Skeledirge|spa|1|[from] item: Throat Spray\n|\n|upkeep\n|turn|2\n|\n|t:|1699925232\n|move|p2a: Grimmsnarl|Reflect|p2a: Grimmsnarl\n|-sidestart|p2: QueenFluffyShadow|Reflect\n|move|p2b: Arcanine|Rock Slide|p1b: Grimmsnarl|[spread] p1a,p1b\n|-supereffective|p1a: Skeledirge\n|-damage|p1a: Skeledirge|0 fnt\n|-damage|p1b: Grimmsnarl|49\/100\n|faint|p1a: Skeledirge\n|cant|p1b: Grimmsnarl|flinch\n|\n|upkeep\n|\n|t:|1699925240\n|switch|p1a: Dragapult|Dragapult, L50, F|100\/100\n|turn|3\n|\n|t:|1699925265\n|switch|p2a: Moltres|Moltres-Galar, L50|100\/100\n|-terastallize|p2b: Arcanine|Fairy\n|move|p1a: Dragapult|Phantom Force||[still]\n|-prepare|p1a: Dragapult|Phantom Force\n|move|p2b: Arcanine|Tera Blast|p1a: Dragapult|[anim] Tera Blast Fairy|[miss]\n|-miss|p2b: Arcanine|p1a: Dragapult\n|move|p1b: Grimmsnarl|Dazzling Gleam|p2a: Moltres|[spread] p2a,p2b\n|-supereffective|p2a: Moltres\n|-damage|p2a: Moltres|82\/100\n|-damage|p2b: Arcanine|90\/100\n|\n|upkeep\n|turn|4\n|\n|t:|1699925292\n|move|p1a: Dragapult|Phantom Force|p2b: Arcanine|[from]lockedmove\n|-damage|p2b: Arcanine|57\/100\n|move|p2b: Arcanine|Rock Slide|p1b: Grimmsnarl|[spread] p1a,p1b\n|-crit|p1b: Grimmsnarl\n|-damage|p1a: Dragapult|72\/100\n|-damage|p1b: Grimmsnarl|0 fnt\n|faint|p1b: Grimmsnarl\n|move|p2a: Moltres|Nasty Plot|p2a: Moltres\n|-boost|p2a: Moltres|spa|2\n|\n|upkeep\n|\n|t:|1699925302\n|switch|p1b: Gastrodon|Gastrodon, L50, F|100\/100\n|turn|5\n|\n|t:|1699925327\n|move|p1a: Dragapult|Phantom Force||[still]\n|-prepare|p1a: Dragapult|Phantom Force\n|move|p2b: Arcanine|Rock Slide|p1a: Dragapult|[spread] p1b\n|-miss|p2b: Arcanine|p1a: Dragapult\n|-resisted|p1b: Gastrodon\n|-damage|p1b: Gastrodon|89\/100\n|move|p2a: Moltres|Fiery Wrath|p1b: Gastrodon|[spread] p1b\n|-miss|p2a: Moltres|p1a: Dragapult\n|-damage|p1b: Gastrodon|49\/100\n|cant|p1b: Gastrodon|flinch\n|\n|upkeep\n|turn|6\n|\n|t:|1699925347\n|move|p2a: Moltres|Protect|p2a: Moltres\n|-singleturn|p2a: Moltres|Protect\n|move|p1a: Dragapult|Phantom Force|p2b: Arcanine|[from]lockedmove\n|-damage|p2b: Arcanine|24\/100\n|move|p2b: Arcanine|Tera Blast|p1a: Dragapult|[anim] Tera Blast Fairy\n|-supereffective|p1a: Dragapult\n|-damage|p1a: Dragapult|0 fnt\n|faint|p1a: Dragapult\n|move|p1b: Gastrodon|Chilling Water|p2b: Arcanine\n|-damage|p2b: Arcanine|16\/100\n|-unboost|p2b: Arcanine|atk|1\n|\n|upkeep\n|turn|7\n|\n|t:|1699925368\n|move|p2b: Arcanine|Extreme Speed|p1b: Gastrodon\n|-damage|p1b: Gastrodon|34\/100\n|move|p2a: Moltres|Fiery Wrath|p1b: Gastrodon\n|-damage|p1b: Gastrodon|0 fnt\n|faint|p1b: Gastrodon\n|\n|win|QueenFluffyShadow\n|raw|Valkyrie95's rating: 1033 &rarr; <strong>1019<\/strong><br \/>(-14 for losing)\n|raw|QueenFluffyShadow's rating: 1053 &rarr; <strong>1083<\/strong><br \/>(+30 for winning)\n|l|\u2606Valkyrie95\n|c|\u2606QueenFluffyShadow|gg\n","uploadtime":1699925382,"views":10,"p1id":"valkyrie95","p2id":"queenfluffyshadow","formatid":"gen9vgc2023regulatione","rating":1019,"private":0,"password":""}