{"id":"gen9vgc2023regulatione-1988071388","p1":"hueso49","p2":"HexagonFoot","format":"[Gen 9] VGC 2023 Regulation E","log":"|j|\u2606hueso49\n|j|\u2606HexagonFoot\n|t:|1699666023\n|gametype|doubles\n|player|p1|hueso49|265|1255\n|player|p2|HexagonFoot|skyla|1323\n|teamsize|p1|6\n|teamsize|p2|6\n|gen|9\n|tier|[Gen 9] VGC 2023 Regulation E\n|rated|\n|rule|Species Clause: Limit one of each Pok\u00e9mon\n|rule|Item Clause: Limit one of each item\n|clearpoke\n|poke|p1|Tornadus, L50, M|\n|poke|p1|Urshifu-*, L50, M|\n|poke|p1|Frosmoth, L50, M|\n|poke|p1|Dipplin, L50, M|\n|poke|p1|Ninetales-Alola, L50, M|\n|poke|p1|Arcanine-Hisui, L50, M|\n|poke|p2|Iron Hands, L50|\n|poke|p2|Kingambit, L50, M|\n|poke|p2|Chi-Yu, L50|\n|poke|p2|Ogerpon-Wellspring, L50, F|\n|poke|p2|Cresselia, L50, F|\n|poke|p2|Ursaluna-Bloodmoon, L50, M|\n|teampreview|4\n|inactive|Battle timer is ON: inactive players will automatically lose when time's up. (requested by HexagonFoot)\n|inactive|hueso49 has 60 seconds left.\n|\n|t:|1699666074\n|start\n|switch|p1a: Frosmoth|Frosmoth, L50, M, shiny|100\/100\n|switch|p1b: Ninetales|Ninetales-Alola, L50, M, shiny|100\/100\n|switch|p2a: moon|Cresselia, L50, F|100\/100\n|switch|p2b: metal man|Iron Hands, L50|100\/100\n|-weather|Snow|[from] ability: Snow Warning|[of] p1b: Ninetales\n|turn|1\n|inactive|HexagonFoot has 30 seconds left.\n|\n|t:|1699666104\n|move|p2b: metal man|Fake Out|p1b: Ninetales\n|-damage|p1b: Ninetales|88\/100\n|cant|p1b: Ninetales|flinch\n|move|p1a: Frosmoth|Bug Buzz|p2a: moon\n|-supereffective|p2a: moon\n|-crit|p2a: moon\n|-damage|p2a: moon|7\/100\n|move|p2a: moon|Trick Room|p2a: moon\n|-fieldstart|move: Trick Room|[of] p2a: moon\n|\n|-weather|Snow|[upkeep]\n|upkeep\n|turn|2\n|inactive|hueso49 has 30 seconds left.\n|inactive|hueso49 has 20 seconds left.\n|\n|t:|1699666139\n|switch|p1b: Dipplin|Dipplin, L50, M, shiny|100\/100\n|-ability|p1b: Dipplin|Supersweet Syrup\n|-ability|p1b: Dipplin|Supersweet Syrup|boost\n|-unboost|p2a: moon|evasion|1\n|-unboost|p2b: metal man|evasion|1\n|move|p2a: moon|Protect|p2a: moon\n|-singleturn|p2a: moon|Protect\n|move|p2b: metal man|Heavy Slam|p1b: Dipplin\n|-damage|p1b: Dipplin|75\/100\n|move|p1a: Frosmoth|Blizzard|p2a: moon|[spread] p2b\n|-activate|p2a: moon|move: Protect\n|-damage|p2b: metal man|72\/100\n|\n|-weather|Snow|[upkeep]\n|upkeep\n|turn|3\n|inactive|HexagonFoot has 30 seconds left.\n|\n|t:|1699666165\n|move|p2a: moon|Protect||[still]\n|-fail|p2a: moon\n|move|p1b: Dipplin|Pollen Puff|p2a: moon\n|-supereffective|p2a: moon\n|-damage|p2a: moon|0 fnt\n|faint|p2a: moon\n|move|p2b: metal man|Heavy Slam|p1a: Frosmoth\n|-supereffective|p1a: Frosmoth\n|-damage|p1a: Frosmoth|11\/100\n|move|p1a: Frosmoth|Blizzard|p2b: metal man\n|-damage|p2b: metal man|34\/100\n|\n|-weather|Snow|[upkeep]\n|upkeep\n|\n|t:|1699666176\n|switch|p2a: feesh|Chi-Yu, L50|100\/100\n|-ability|p2a: feesh|Beads of Ruin\n|turn|4\n|inactive|hueso49 has 30 seconds left.\n|\n|t:|1699666203\n|-terastallize|p1b: Dipplin|Dragon\n|move|p1b: Dipplin|Draco Meteor|p2b: metal man\n|-damage|p2b: metal man|0 fnt\n|-unboost|p1b: Dipplin|spa|2\n|faint|p2b: metal man\n|-end|p2b: metal man|Quark Drive|[silent]\n|move|p1a: Frosmoth|Bug Buzz|p2a: feesh\n|-damage|p2a: feesh|40\/100\n|move|p2a: feesh|Heat Wave|p1b: Dipplin|[spread] p1a,p1b\n|-supereffective|p1a: Frosmoth\n|-resisted|p1b: Dipplin\n|-crit|p1b: Dipplin\n|-damage|p1a: Frosmoth|0 fnt\n|-damage|p1b: Dipplin|30\/100\n|faint|p1a: Frosmoth\n|\n|-weather|Snow|[upkeep]\n|upkeep\n|\n|t:|1699666217\n|switch|p2b: its ogre|Ogerpon-Wellspring, L50, F|100\/100\n|switch|p1a: Urshifu|Urshifu-Rapid-Strike, L50, M|100\/100\n|turn|5\n|inactive|hueso49 has 30 seconds left.\n|inactive|hueso49 has 20 seconds left.\n|inactive|hueso49 has 15 seconds left.\n|inactive|hueso49 has 10 seconds left.\n|\n|t:|1699666262\n|move|p2b: its ogre|Follow Me|p2b: its ogre\n|-singleturn|p2b: its ogre|move: Follow Me\n|move|p1b: Dipplin|Draco Meteor|p2b: its ogre\n|-damage|p2b: its ogre|42\/100\n|-unboost|p1b: Dipplin|spa|2\n|move|p2a: feesh|Heat Wave|p1a: Urshifu|[spread] p1a,p1b\n|-resisted|p1a: Urshifu\n|-resisted|p1b: Dipplin\n|-damage|p1a: Urshifu|42\/100\n|-damage|p1b: Dipplin|3\/100\n|move|p1a: Urshifu|Close Combat|p2b: its ogre\n|-damage|p2b: its ogre|0 fnt\n|-unboost|p1a: Urshifu|def|1\n|-unboost|p1a: Urshifu|spd|1\n|faint|p2b: its ogre\n|\n|-weather|none\n|-fieldend|move: Trick Room\n|upkeep\n|turn|6\n|\n|t:|1699666278\n|-terastallize|p2a: feesh|Ghost\n|move|p1a: Urshifu|Close Combat|p2a: feesh\n|-immune|p2a: feesh\n|move|p2a: feesh|Heat Wave|p1b: Dipplin|[spread] p1a,p1b\n|-resisted|p1a: Urshifu\n|-resisted|p1b: Dipplin\n|-damage|p1a: Urshifu|0 fnt\n|-damage|p1b: Dipplin|0 fnt\n|faint|p1a: Urshifu\n|faint|p1b: Dipplin\n|\n|upkeep\n|\n|t:|1699666283\n|switch|p1b: Ninetales|Ninetales-Alola, L50, M, shiny|88\/100\n|-weather|Snow|[from] ability: Snow Warning|[of] p1b: Ninetales\n|turn|7\n|\n|t:|1699666291\n|move|p1b: Ninetales|Blizzard|p2a: feesh\n|-damage|p2a: feesh|4\/100\n|move|p2a: feesh|Heat Wave|p1b: Ninetales\n|-supereffective|p1b: Ninetales\n|-damage|p1b: Ninetales|0 fnt\n|faint|p1b: Ninetales\n|\n|win|HexagonFoot\n|raw|hueso49's rating: 1255 &rarr; <strong>1235<\/strong><br \/>(-20 for losing)\n|raw|HexagonFoot's rating: 1323 &rarr; <strong>1339<\/strong><br \/>(+16 for winning)\n|l|\u2606hueso49\n","uploadtime":1699666299,"views":20,"p1id":"hueso49","p2id":"hexagonfoot","formatid":"gen9vgc2023regulatione","rating":1235,"private":0,"password":""}