{"id":"gen9vgc2023regulatione-1988788523","p1":"CharlienoB","p2":"surasak","format":"[Gen 9] VGC 2023 Regulation E","log":"|j|\u2606CharlienoB\n|j|\u2606surasak\n|t:|1699763294\n|gametype|doubles\n|player|p1|CharlienoB|102|1089\n|player|p2|surasak|266|1065\n|teamsize|p1|6\n|teamsize|p2|6\n|gen|9\n|tier|[Gen 9] VGC 2023 Regulation E\n|rated|\n|rule|Species Clause: Limit one of each Pok\u00e9mon\n|rule|Item Clause: Limit one of each item\n|clearpoke\n|poke|p1|Mimikyu, L50, F|\n|poke|p1|Sableye, L50, M|\n|poke|p1|Torkoal, L50, F|\n|poke|p1|Brute Bonnet, L50|\n|poke|p1|Gyarados, L50, F|\n|poke|p1|Ursaluna-Bloodmoon, L50, M|\n|poke|p2|Tyranitar, L50, M|\n|poke|p2|Brambleghast, L50, M|\n|poke|p2|Gholdengo, L50|\n|poke|p2|Murkrow, L50, M|\n|poke|p2|Raichu, L50, M|\n|poke|p2|Clefable, L50, M|\n|teampreview|4\n|\n|t:|1699763309\n|start\n|switch|p1a: Mimikyu|Mimikyu, L50, F|100\/100\n|switch|p1b: Sableye|Sableye, L50, M|100\/100\n|switch|p2a: Raichu|Raichu, L50, M, shiny|100\/100\n|switch|p2b: Clefable|Clefable, L50, M, shiny|100\/100\n|turn|1\n|inactive|Battle timer is ON: inactive players will automatically lose when time's up. (requested by surasak)\n|inactive|surasak has 60 seconds left.\n|\n|t:|1699763350\n|move|p1b: Sableye|Light Screen|p1b: Sableye\n|-sidestart|p1: CharlienoB|move: Light Screen\n|move|p2a: Raichu|Volt Switch|p1a: Mimikyu\n|-activate|p1a: Mimikyu|ability: Disguise\n|-damage|p1a: Mimikyu|100\/100\n|detailschange|p1a: Mimikyu|Mimikyu-Busted, L50, F\n|-damage|p1a: Mimikyu|88\/100|[from] pokemon: Mimikyu-Busted\n|\n|t:|1699763357\n|switch|p2a: Murkrow|Murkrow, L50, M, shiny|100\/100|[from] Volt Switch\n|move|p2b: Clefable|Shadow Ball|p1a: Mimikyu\n|-supereffective|p1a: Mimikyu\n|-damage|p1a: Mimikyu|34\/100\n|-unboost|p1a: Mimikyu|spd|1\n|-enditem|p1a: Mimikyu|Sitrus Berry|[eat]\n|-heal|p1a: Mimikyu|59\/100|[from] item: Sitrus Berry\n|move|p1a: Mimikyu|Trick Room|p1a: Mimikyu\n|-fieldstart|move: Trick Room|[of] p1a: Mimikyu\n|\n|upkeep\n|turn|2\n|\n|t:|1699763380\n|move|p1b: Sableye|Disable|p2b: Clefable\n|-start|p2b: Clefable|Disable|Shadow Ball\n|cant|p2b: Clefable|Disable|Shadow Ball\n|move|p1a: Mimikyu|Phantom Force||[still]\n|-prepare|p1a: Mimikyu|Phantom Force\n|move|p2a: Murkrow|Icy Wind|p1b: Sableye|[spread] p1b\n|-miss|p2a: Murkrow|p1a: Mimikyu\n|-damage|p1b: Sableye|92\/100\n|-unboost|p1b: Sableye|spe|1\n|\n|upkeep\n|turn|3\n|\n|t:|1699763395\n|switch|p1b: Torkoal|Torkoal, L50, F|100\/100\n|-weather|SunnyDay|[from] ability: Drought|[of] p1b: Torkoal\n|switch|p2b: Raichu|Raichu, L50, M, shiny|100\/100\n|move|p2a: Murkrow|Haze|p2a: Murkrow\n|-clearallboost\n|move|p1a: Mimikyu|Phantom Force|p2b: Raichu|[from]lockedmove\n|-damage|p2b: Raichu|22\/100\n|\n|-weather|SunnyDay|[upkeep]\n|upkeep\n|turn|4\n|inactive|CharlienoB has 30 seconds left.\n|\n|t:|1699763423\n|switch|p1a: Sableye|Sableye, L50, M|92\/100\n|-terastallize|p1b: Torkoal|Fire\n|move|p2b: Raichu|Fake Out|p1b: Torkoal\n|-crit|p1b: Torkoal\n|-damage|p1b: Torkoal|91\/100\n|cant|p1b: Torkoal|flinch\n|move|p2a: Murkrow|Foul Play|p1a: Sableye\n|-damage|p1a: Sableye|69\/100\n|\n|-weather|SunnyDay|[upkeep]\n|upkeep\n|turn|5\n|\n|t:|1699763448\n|switch|p2a: Clefable|Clefable, L50, M, shiny|100\/100\n|move|p1a: Sableye|Encore|p2b: Raichu\n|-start|p2b: Raichu|Encore\n|move|p1b: Torkoal|Eruption|p2b: Raichu|[spread] p2a,p2b\n|-damage|p2a: Clefable|0 fnt\n|-damage|p2b: Raichu|0 fnt\n|faint|p2a: Clefable\n|faint|p2b: Raichu\n|\n|-weather|SunnyDay|[upkeep]\n|-fieldend|move: Trick Room\n|upkeep\n|-message|surasak forfeited.\n|\n|win|CharlienoB\n|raw|CharlienoB's rating: 1089 &rarr; <strong>1114<\/strong><br \/>(+25 for winning)\n|raw|surasak's rating: 1065 &rarr; <strong>1047<\/strong><br \/>(-18 for losing)\n|l|\u2606surasak\n","uploadtime":1699763466,"views":20,"p1id":"charlienob","p2id":"surasak","formatid":"gen9vgc2023regulatione","rating":1047,"private":0,"password":""}