{"id":"gen9vgc2023regulatione-1988647701","p1":"ShimeNaruka","p2":"Leon1das","format":"[Gen 9] VGC 2023 Regulation E","log":"|j|\u2606ShimeNaruka\n|j|\u2606Leon1das\n|n|\u2606ShimeNaruka|shimenaruka\n|n|\u2606Leon1das|leon1das\n|html|View the match progress at <a href=\"\/game-bestof3-gen9vgc2023regulatione-1988644844\">game-bestof3-gen9vgc2023regulatione-1988644844<\/a>\n|t:|1699745954\n|gametype|doubles\n|player|p1|ShimeNaruka|alder|\n|player|p2|Leon1das|265|\n|teamsize|p1|6\n|teamsize|p2|6\n|gen|9\n|tier|[Gen 9] VGC 2023 Regulation E\n|rule|Species Clause: Limit one of each Pok\u00e9mon\n|rule|Item Clause: Limit one of each item\n|clearpoke\n|poke|p1|Flutter Mane, L50|\n|poke|p1|Urshifu-*, L50, M|\n|poke|p1|Ogerpon-Wellspring, L50, F|\n|poke|p1|Iron Hands, L50|\n|poke|p1|Landorus, L50, M|\n|poke|p1|Arcanine-Hisui, L50, M|\n|poke|p2|Cresselia, L50, F|\n|poke|p2|Ursaluna-Bloodmoon, L50, M|\n|poke|p2|Iron Hands, L50|\n|poke|p2|Ogerpon-Wellspring, L50, F|\n|poke|p2|Arcanine-Hisui, L50, M|\n|poke|p2|Flutter Mane, L50|\n|teampreview|4\n|j| PSmonteiro\nLeon1das has agreed to open team sheets.\n|j| lucasarreguy\n|\n|t:|1699745996\n|start\n|switch|p1a: Urshifu|Urshifu, L50, M|100\/100\n|switch|p1b: Arcanine|Arcanine-Hisui, L50, M|100\/100\n|switch|p2a: Melanie|Flutter Mane, L50|100\/100\n|switch|p2b: Lana del Rey|Ogerpon-Wellspring, L50, F|100\/100\n|-ability|p1b: Arcanine|Intimidate|boost\n|-unboost|p2a: Melanie|atk|1\n|-unboost|p2b: Lana del Rey|atk|1\n|-enditem|p2a: Melanie|Booster Energy\n|-activate|p2a: Melanie|ability: Protosynthesis|[fromitem]\n|-start|p2a: Melanie|protosynthesisspa\n|turn|1\n|c|\u2606ShimeNaruka|O BUCETA\n|c| lucasarreguy|ou\n|c| lucasarreguy|nem abriram\n|c| lucasarreguy|mas podem come\u00e7ar n\u00e9\n|j| Rebornsan93\n|c|\u2606ShimeNaruka|nah agr eu vacilei\n|c|\u2606ShimeNaruka|mb :(\n|j| DorititosKiller\n|j| Bard0_Gamer\n|j| Yuri\n|\n|t:|1699746094\n|-terastallize|p2b: Lana del Rey|Water\n|detailschange|p2b: Lana del Rey|Ogerpon-Wellspring-Tera, L50, F, tera:Water\n|-ability|p2b: Lana del Rey|Embody Aspect (Wellspring)|boost\n|-boost|p2b: Lana del Rey|spd|1\n|move|p1a: Urshifu|Protect|p1a: Urshifu\n|-singleturn|p1a: Urshifu|Protect\n|move|p2b: Lana del Rey|Follow Me|p2b: Lana del Rey\n|-singleturn|p2b: Lana del Rey|move: Follow Me\n|move|p2a: Melanie|Dazzling Gleam|p1a: Urshifu|[spread] p1b\n|-activate|p1a: Urshifu|move: Protect\n|-resisted|p1b: Arcanine\n|-damage|p1b: Arcanine|82\/100\n|move|p1b: Arcanine|Flare Blitz|p2b: Lana del Rey\n|-resisted|p2b: Lana del Rey\n|-damage|p2b: Lana del Rey|57\/100\n|-status|p2b: Lana del Rey|brn\n|-damage|p1b: Arcanine|68\/100|[from] Recoil\n|\n|-damage|p2b: Lana del Rey|51\/100 brn|[from] brn\n|upkeep\n|turn|2\n|\n|t:|1699746134\n|switch|p1a: Flutter Mane|Flutter Mane, L50|100\/100\n|-enditem|p1a: Flutter Mane|Booster Energy\n|-activate|p1a: Flutter Mane|ability: Protosynthesis|[fromitem]\n|-start|p1a: Flutter Mane|protosynthesisspe\n|move|p2b: Lana del Rey|Spiky Shield|p2b: Lana del Rey\n|-singleturn|p2b: Lana del Rey|move: Protect\n|move|p2a: Melanie|Dazzling Gleam|p1b: Arcanine|[spread] p1a,p1b\n|-resisted|p1b: Arcanine\n|-damage|p1a: Flutter Mane|68\/100\n|-damage|p1b: Arcanine|48\/100\n|move|p1b: Arcanine|Flare Blitz|p2b: Lana del Rey\n|-activate|p2b: Lana del Rey|move: Protect\n|-damage|p1b: Arcanine|35\/100|[from] Spiky Shield|[of] p2b: Lana del Rey\n|\n|-damage|p2b: Lana del Rey|45\/100 brn|[from] brn\n|upkeep\n|turn|3\n|\n|t:|1699746157\n|move|p2b: Lana del Rey|Follow Me|p2b: Lana del Rey\n|-singleturn|p2b: Lana del Rey|move: Follow Me\n|move|p1a: Flutter Mane|Icy Wind|p2b: Lana del Rey|[spread] p2a,p2b\n|-resisted|p2b: Lana del Rey\n|-damage|p2a: Melanie|89\/100\n|-damage|p2b: Lana del Rey|41\/100 brn\n|-unboost|p2a: Melanie|spe|1\n|-unboost|p2b: Lana del Rey|spe|1\n|move|p1b: Arcanine|Flare Blitz|p2b: Lana del Rey\n|-resisted|p2b: Lana del Rey\n|-damage|p2b: Lana del Rey|1\/100 brn\n|-damage|p1b: Arcanine|22\/100|[from] Recoil\n|move|p2a: Melanie|Shadow Ball|p1a: Flutter Mane\n|-supereffective|p1a: Flutter Mane\n|-damage|p1a: Flutter Mane|0 fnt\n|faint|p1a: Flutter Mane\n|-end|p1a: Flutter Mane|Protosynthesis|[silent]\n|\n|-damage|p2b: Lana del Rey|0 fnt|[from] brn\n|faint|p2b: Lana del Rey\n|upkeep\n|\n|t:|1699746181\n|switch|p1a: Urshifu|Urshifu, L50, M|100\/100\n|switch|p2b: Michelangelo|Iron Hands, L50|100\/100\n|turn|4\n|\n|t:|1699746208\n|-terastallize|p1a: Urshifu|Dark\n|move|p2b: Michelangelo|Fake Out|p1a: Urshifu\n|-damage|p1a: Urshifu|83\/100\n|cant|p1a: Urshifu|flinch\n|move|p1b: Arcanine|Flare Blitz|p2b: Michelangelo\n|-damage|p2b: Michelangelo|47\/100\n|-damage|p1b: Arcanine|0 fnt|[from] Recoil\n|faint|p1b: Arcanine\n|move|p2a: Melanie|Dazzling Gleam|p1a: Urshifu\n|-supereffective|p1a: Urshifu\n|-damage|p1a: Urshifu|0 fnt\n|faint|p1a: Urshifu\n|\n|upkeep\n|\n|t:|1699746220\n|switch|p1b: Landorus|Landorus, L50, M|100\/100\n|turn|5\n|\n|t:|1699746244\n|move|p1b: Landorus|Sludge Bomb|p2a: Melanie\n|-damage|p2a: Melanie|43\/100\n|move|p2a: Melanie|Shadow Ball|p1b: Landorus\n|-damage|p1b: Landorus|44\/100\n|move|p2b: Michelangelo|Heavy Slam|p1b: Landorus\n|-crit|p1b: Landorus\n|-damage|p1b: Landorus|0 fnt\n|faint|p1b: Landorus\n|\n|win|Leon1das\n|c|&|\/uhtml prompt-shimenaruka,ShimeNaruka is ready for game 3!\n|inactive|Leon1das has 50 seconds to confirm battle start!\n|c|&|\/uhtml prompt-leon1das,Leon1das is ready for game 3!\nBoth players are ready! Starting next match!\n|l| Yuri\n|l| Bard0_Gamer\n","uploadtime":1699746270,"views":11,"p1id":"shimenaruka","p2id":"leon1das","formatid":"gen9vgc2023regulatione","rating":0,"private":0,"password":""}