{"id":"gen9vgc2023regulatione-1999570079","p1":"PritzShow","p2":"Dajve","format":"[Gen 9] VGC 2023 Regulation E","log":"|j|\u2606PritzShow\n|j|\u2606Dajve\n|t:|1701097170\n|gametype|doubles\n|player|p1|PritzShow|fisherman-gen4|1392\n|player|p2|Dajve|karen|1383\n|teamsize|p1|6\n|teamsize|p2|6\n|gen|9\n|tier|[Gen 9] VGC 2023 Regulation E\n|rated|\n|rule|Species Clause: Limit one of each Pok\u00e9mon\n|rule|Item Clause: Limit one of each item\n|clearpoke\n|poke|p1|Arcanine, L50, F|\n|poke|p1|Ting-Lu, L50|\n|poke|p1|Zapdos, L50|\n|poke|p1|Vivillon, L50, M|\n|poke|p1|Revavroom, L50, M|\n|poke|p1|Scream Tail, L50|\n|poke|p2|Polteageist-Antique, L50|\n|poke|p2|Chi-Yu, L50|\n|poke|p2|Amoonguss, L50, F|\n|poke|p2|Indeedee-F, L50, F|\n|poke|p2|Armarouge, L50, F|\n|poke|p2|Zapdos-Galar, L50|\n|teampreview|4\n|inactive|Battle timer is ON: inactive players will automatically lose when time's up. (requested by Dajve)\n|inactive|PritzShow also wants the timer to be on.\n|inactive|PritzShow has 60 seconds left.\n|\n|t:|1701097202\n|start\n|switch|p1a: Ting-Lu|Ting-Lu, L50|100\/100\n|switch|p1b: Zapdos|Zapdos, L50|100\/100\n|switch|p2a: Indeedee|Indeedee-F, L50, F|100\/100\n|switch|p2b: Armarouge|Armarouge, L50, F|100\/100\n|-fieldstart|move: Psychic Terrain|[from] ability: Psychic Surge|[of] p2a: Indeedee\n|-enditem|p2a: Indeedee|Psychic Seed\n|-boost|p2a: Indeedee|spd|1|[from] item: Psychic Seed\n|-ability|p1a: Ting-Lu|Vessel of Ruin\n|turn|1\n|inactive|Dajve has 30 seconds left.\n|\n|t:|1701097234\n|move|p2a: Indeedee|Helping Hand|p2b: Armarouge\n|-singleturn|p2b: Armarouge|Helping Hand|[of] p2a: Indeedee\n|move|p1b: Zapdos|Thunderbolt|p2a: Indeedee\n|-damage|p2a: Indeedee|80\/100\n|move|p2b: Armarouge|Aura Sphere|p1a: Ting-Lu\n|-supereffective|p1a: Ting-Lu\n|-damage|p1a: Ting-Lu|52\/100\n|-damage|p2b: Armarouge|91\/100|[from] item: Life Orb\n|move|p1a: Ting-Lu|Rock Slide|p2a: Indeedee|[spread] p2a,p2b\n|-supereffective|p2b: Armarouge\n|-damage|p2a: Indeedee|60\/100\n|-damage|p2b: Armarouge|53\/100\n|\n|upkeep\n|turn|2\n|\n|t:|1701097253\n|move|p1b: Zapdos|Thunderbolt|p2a: Indeedee\n|-damage|p2a: Indeedee|37\/100\n|move|p2a: Indeedee|Dazzling Gleam|p1a: Ting-Lu|[spread] p1a,p1b\n|-supereffective|p1a: Ting-Lu\n|-damage|p1a: Ting-Lu|41\/100\n|-damage|p1b: Zapdos|89\/100\n|move|p2b: Armarouge|Aura Sphere|p1a: Ting-Lu\n|-supereffective|p1a: Ting-Lu\n|-damage|p1a: Ting-Lu|6\/100\n|-damage|p2b: Armarouge|44\/100|[from] item: Life Orb\n|move|p1a: Ting-Lu|Earthquake|p2a: Indeedee|[spread] p2a,p2b\n|-immune|p1b: Zapdos\n|-supereffective|p2b: Armarouge\n|-damage|p2a: Indeedee|0 fnt\n|-damage|p2b: Armarouge|0 fnt\n|faint|p2a: Indeedee\n|faint|p2b: Armarouge\n|\n|upkeep\n|\n|t:|1701097270\n|switch|p2a: Chi-Yu|Chi-Yu, L50|100\/100\n|switch|p2b: Polteageist|Polteageist-Antique, L50|100\/100\n|-ability|p2a: Chi-Yu|Beads of Ruin\n|turn|3\n|\n|t:|1701097280\n|-terastallize|p2b: Polteageist|Steel\n|move|p2a: Chi-Yu|Heat Wave|p1a: Ting-Lu|[spread] p1a,p1b\n|-damage|p1a: Ting-Lu|0 fnt\n|-damage|p1b: Zapdos|35\/100\n|-enditem|p1b: Zapdos|Sitrus Berry|[eat]\n|-heal|p1b: Zapdos|60\/100|[from] item: Sitrus Berry\n|faint|p1a: Ting-Lu\n|move|p1b: Zapdos|Tailwind|p1b: Zapdos\n|-sidestart|p1: PritzShow|move: Tailwind\n|move|p2b: Polteageist|Shell Smash|p2b: Polteageist\n|-unboost|p2b: Polteageist|def|1\n|-unboost|p2b: Polteageist|spd|1\n|-boost|p2b: Polteageist|atk|2\n|-boost|p2b: Polteageist|spa|2\n|-boost|p2b: Polteageist|spe|2\n|\n|upkeep\n|\n|t:|1701097288\n|switch|p1a: Scream Tail|Scream Tail, L50|100\/100\n|-enditem|p1a: Scream Tail|Booster Energy\n|-activate|p1a: Scream Tail|ability: Protosynthesis|[fromitem]\n|-start|p1a: Scream Tail|protosynthesisspe\n|turn|4\n|\n|t:|1701097310\n|move|p2b: Polteageist|Protect|p2b: Polteageist\n|-singleturn|p2b: Polteageist|Protect\n|move|p1a: Scream Tail|Encore|p2b: Polteageist\n|-activate|p2b: Polteageist|move: Protect\n|move|p1b: Zapdos|Thunderbolt|p2a: Chi-Yu\n|-damage|p2a: Chi-Yu|45\/100\n|move|p2a: Chi-Yu|Heat Wave|p1a: Scream Tail|[spread] p1a,p1b\n|-crit|p1a: Scream Tail\n|-damage|p1a: Scream Tail|42\/100\n|-damage|p1b: Zapdos|0 fnt\n|faint|p1b: Zapdos\n|\n|upkeep\n|\n|t:|1701097313\n|switch|p1b: Vivillon|Vivillon, L50, M|100\/100\n|turn|5\n|\n|t:|1701097331\n|-terastallize|p1b: Vivillon|Water\n|move|p1a: Scream Tail|Encore|p2b: Polteageist\n|-start|p2b: Polteageist|Encore\n|move|p1b: Vivillon|Pollen Puff|p1a: Scream Tail\n|-heal|p1a: Scream Tail|92\/100\n|move|p2b: Polteageist|Protect|p2b: Polteageist\n|-singleturn|p2b: Polteageist|Protect\n|move|p2a: Chi-Yu|Heat Wave|p1a: Scream Tail|[spread] p1a\n|-miss|p2a: Chi-Yu|p1b: Vivillon\n|-damage|p1a: Scream Tail|62\/100\n|\n|-fieldend|move: Psychic Terrain\n|upkeep\n|turn|6\n|\n|t:|1701097345\n|move|p2b: Polteageist|Protect||[still]\n|-fail|p2b: Polteageist\n|move|p1a: Scream Tail|Disable|p2a: Chi-Yu\n|-start|p2a: Chi-Yu|Disable|Heat Wave\n|move|p1b: Vivillon|Pollen Puff|p1a: Scream Tail\n|-heal|p1a: Scream Tail|100\/100\n|cant|p2a: Chi-Yu|Disable|Heat Wave\n|\n|-sideend|p1: PritzShow|move: Tailwind\n|upkeep\n|turn|7\n|\n|t:|1701097352\n|move|p2b: Polteageist|Protect|p2b: Polteageist\n|-singleturn|p2b: Polteageist|Protect\n|move|p1a: Scream Tail|Dazzling Gleam|p2b: Polteageist|[spread] p2a\n|-activate|p2b: Polteageist|move: Protect\n|-damage|p2a: Chi-Yu|27\/100\n|-activate|p2a: Chi-Yu|move: Struggle\n|move|p2a: Chi-Yu|Struggle|p1b: Vivillon\n|-damage|p1b: Vivillon|88\/100\n|-damage|p2a: Chi-Yu|1\/100|[from] recoil\n|move|p1b: Vivillon|Pollen Puff|p2a: Chi-Yu\n|-damage|p2a: Chi-Yu|0 fnt\n|faint|p2a: Chi-Yu\n|\n|-end|p2b: Polteageist|Encore\n|upkeep\n|turn|8\n|\n|t:|1701097367\n|move|p1a: Scream Tail|Encore|p2b: Polteageist\n|-start|p2b: Polteageist|Encore\n|move|p2b: Polteageist|Protect||[still]\n|-fail|p2b: Polteageist\n|move|p1b: Vivillon|Pollen Puff|p2b: Polteageist\n|-resisted|p2b: Polteageist\n|-damage|p2b: Polteageist|76\/100\n|\n|upkeep\n|turn|9\n|\n|t:|1701097371\n|move|p2b: Polteageist|Protect|p2b: Polteageist\n|-singleturn|p2b: Polteageist|Protect\n|move|p1a: Scream Tail|Dazzling Gleam|p2b: Polteageist\n|-activate|p2b: Polteageist|move: Protect\n|move|p1b: Vivillon|Pollen Puff|p2b: Polteageist\n|-activate|p2b: Polteageist|move: Protect\n|\n|upkeep\n|turn|10\n|\n|t:|1701097374\n|move|p2b: Polteageist|Protect||[still]\n|-fail|p2b: Polteageist\n|move|p1a: Scream Tail|Dazzling Gleam|p2b: Polteageist\n|-resisted|p2b: Polteageist\n|-damage|p2b: Polteageist|58\/100\n|move|p1b: Vivillon|Pollen Puff|p2b: Polteageist\n|-resisted|p2b: Polteageist\n|-damage|p2b: Polteageist|31\/100\n|\n|-end|p2b: Polteageist|Encore\n|upkeep\n|turn|11\n|\n|t:|1701097381\n|move|p1a: Scream Tail|Encore|p2b: Polteageist\n|-start|p2b: Polteageist|Encore\n|move|p2b: Polteageist|Protect|p2b: Polteageist\n|-singleturn|p2b: Polteageist|Protect\n|move|p1b: Vivillon|Pollen Puff|p2b: Polteageist\n|-activate|p2b: Polteageist|move: Protect\n|\n|upkeep\n|turn|12\n|\n|t:|1701097384\n|move|p2b: Polteageist|Protect|p2b: Polteageist\n|-singleturn|p2b: Polteageist|Protect\n|move|p1a: Scream Tail|Dazzling Gleam|p2b: Polteageist\n|-activate|p2b: Polteageist|move: Protect\n|move|p1b: Vivillon|Pollen Puff|p2b: Polteageist\n|-activate|p2b: Polteageist|move: Protect\n|\n|upkeep\n|turn|13\n|\n|t:|1701097387\n|move|p2b: Polteageist|Protect|p2b: Polteageist\n|-singleturn|p2b: Polteageist|Protect\n|move|p1a: Scream Tail|Dazzling Gleam|p2b: Polteageist\n|-activate|p2b: Polteageist|move: Protect\n|move|p1b: Vivillon|Pollen Puff|p2b: Polteageist\n|-activate|p2b: Polteageist|move: Protect\n|\n|-end|p2b: Polteageist|Encore\n|upkeep\n|turn|14\n|\n|t:|1701097398\n|move|p1a: Scream Tail|Encore|p2b: Polteageist\n|-start|p2b: Polteageist|Encore\n|move|p2b: Polteageist|Protect||[still]\n|-fail|p2b: Polteageist\n|move|p1b: Vivillon|Pollen Puff|p2b: Polteageist\n|-resisted|p2b: Polteageist\n|-damage|p2b: Polteageist|4\/100\n|\n|upkeep\n|turn|15\n|\n|t:|1701097401\n|move|p2b: Polteageist|Protect|p2b: Polteageist\n|-singleturn|p2b: Polteageist|Protect\n|move|p1a: Scream Tail|Dazzling Gleam|p2b: Polteageist\n|-activate|p2b: Polteageist|move: Protect\n|move|p1b: Vivillon|Pollen Puff|p2b: Polteageist\n|-activate|p2b: Polteageist|move: Protect\n|\n|upkeep\n|turn|16\n|\n|t:|1701097406\n|move|p2b: Polteageist|Protect||[still]\n|-fail|p2b: Polteageist\n|move|p1a: Scream Tail|Dazzling Gleam|p2b: Polteageist\n|-resisted|p2b: Polteageist\n|-crit|p2b: Polteageist\n|-damage|p2b: Polteageist|0 fnt\n|faint|p2b: Polteageist\n|\n|win|PritzShow\n|raw|PritzShow's rating: 1392 &rarr; <strong>1411<\/strong><br \/>(+19 for winning)\n|raw|Dajve's rating: 1383 &rarr; <strong>1364<\/strong><br \/>(-19 for losing)\n|l|\u2606Dajve\n","uploadtime":1701097417,"views":1,"p1id":"pritzshow","p2id":"dajve","formatid":"gen9vgc2023regulatione","rating":1364,"private":0,"password":""}