{"id":"gen9vgc2023regulatione-1998227948","p1":"cazaki","p2":"whyismynamejeff","format":"[Gen 9] VGC 2023 Regulation E","log":"|j|\u2606cazaki\n|j|\u2606whyismynamejeff\n|t:|1700916273\n|gametype|doubles\n|player|p1|cazaki|steven|1025\n|player|p2|whyismynamejeff|musician|1060\n|teamsize|p1|6\n|teamsize|p2|6\n|gen|9\n|tier|[Gen 9] VGC 2023 Regulation E\n|rated|\n|rule|Species Clause: Limit one of each Pok\u00e9mon\n|rule|Item Clause: Limit one of each item\n|clearpoke\n|poke|p1|Gholdengo, L50|\n|poke|p1|Scizor, L50, F|\n|poke|p1|Landorus-Therian, L50, M|\n|poke|p1|Amoonguss, L50, M|\n|poke|p1|Tornadus, L50, M|\n|poke|p1|Sinistcha-Masterpiece, L50|\n|poke|p2|Amoonguss, L50, M|\n|poke|p2|Tornadus, L50, M|\n|poke|p2|Iron Hands, L50|\n|poke|p2|Arcanine-Hisui, L50, M|\n|poke|p2|Gholdengo, L50|\n|poke|p2|Urshifu-*, L50, M|\n|teampreview|4\n|inactive|Battle timer is ON: inactive players will automatically lose when time's up. (requested by cazaki)\n|inactive|cazaki has 60 seconds left.\n|\n|t:|1700916305\n|start\n|switch|p1a: Gholdengo|Gholdengo, L50|100\/100\n|switch|p1b: Tornadus|Tornadus, L50, M|100\/100\n|switch|p2a: Tornadus|Tornadus, L50, M|100\/100\n|switch|p2b: Iron Hands|Iron Hands, L50|100\/100\n|turn|1\n|inactive|cazaki has 30 seconds left.\n|\n|t:|1700916331\n|move|p2b: Iron Hands|Fake Out|p1b: Tornadus\n|-damage|p1b: Tornadus|79\/100\n|cant|p1b: Tornadus|flinch\n|move|p2a: Tornadus|Tailwind|p2a: Tornadus\n|-sidestart|p2: whyismynamejeff|move: Tailwind\n|move|p1a: Gholdengo|Shadow Ball|p2b: Iron Hands\n|-damage|p2b: Iron Hands|74\/100\n|-damage|p1a: Gholdengo|91\/100|[from] item: Life Orb\n|\n|upkeep\n|turn|2\n|\n|t:|1700916349\n|move|p2a: Tornadus|Rain Dance|p2a: Tornadus\n|-weather|RainDance\n|move|p1b: Tornadus|Tailwind|p1b: Tornadus\n|-sidestart|p1: cazaki|move: Tailwind\n|move|p1a: Gholdengo|Nasty Plot|p1a: Gholdengo\n|-boost|p1a: Gholdengo|spa|2\n|move|p2b: Iron Hands|Volt Switch|p1b: Tornadus\n|-supereffective|p1b: Tornadus\n|-damage|p1b: Tornadus|47\/100\n|-enditem|p1b: Tornadus|Sitrus Berry|[eat]\n|-heal|p1b: Tornadus|71\/100|[from] item: Sitrus Berry\n|\n|t:|1700916364\n|-end|p2b: Iron Hands|Quark Drive|[silent]\n|switch|p2b: Gholdengo|Gholdengo, L50|100\/100|[from] Volt Switch\n|\n|-weather|RainDance|[upkeep]\n|upkeep\n|turn|3\n|\n|t:|1700916382\n|switch|p1b: Amoonguss|Amoonguss, L50, M, shiny|100\/100\n|move|p1a: Gholdengo|Shadow Ball|p2b: Gholdengo\n|-supereffective|p2b: Gholdengo\n|-damage|p2b: Gholdengo|0 fnt\n|faint|p2b: Gholdengo\n|-damage|p1a: Gholdengo|81\/100|[from] item: Life Orb\n|move|p2a: Tornadus|Bleakwind Storm|p1b: Amoonguss|[spread] p1a,p1b\n|-resisted|p1a: Gholdengo\n|-crit|p1a: Gholdengo\n|-supereffective|p1b: Amoonguss\n|-damage|p1a: Gholdengo|58\/100\n|-damage|p1b: Amoonguss|53\/100\n|-unboost|p1a: Gholdengo|spe|1\n|-unboost|p1b: Amoonguss|spe|1\n|\n|-weather|RainDance|[upkeep]\n|-heal|p1b: Amoonguss|59\/100|[from] item: Leftovers\n|upkeep\n|\n|t:|1700916396\n|switch|p2b: Urshifu|Urshifu-Rapid-Strike, L50, M|100\/100\n|turn|4\n|\n|t:|1700916407\n|-terastallize|p1b: Amoonguss|Water\n|move|p2b: Urshifu|Detect|p2b: Urshifu\n|-singleturn|p2b: Urshifu|Protect\n|move|p2a: Tornadus|Bleakwind Storm|p1a: Gholdengo|[spread] p1a,p1b\n|-resisted|p1a: Gholdengo\n|-damage|p1a: Gholdengo|42\/100\n|-damage|p1b: Amoonguss|34\/100\n|-unboost|p1a: Gholdengo|spe|1\n|move|p1a: Gholdengo|Make It Rain|p2b: Urshifu|[spread] p2a\n|-activate|p2b: Urshifu|move: Protect\n|-damage|p2a: Tornadus|0 fnt\n|-unboost|p1a: Gholdengo|spa|1\n|faint|p2a: Tornadus\n|-damage|p1a: Gholdengo|33\/100|[from] item: Life Orb\n|move|p1b: Amoonguss|Spore|p2b: Urshifu\n|-activate|p2b: Urshifu|move: Protect\n|\n|-weather|RainDance|[upkeep]\n|-heal|p1b: Amoonguss|40\/100|[from] item: Leftovers\n|-sideend|p2: whyismynamejeff|move: Tailwind\n|upkeep\n|\n|t:|1700916429\n|switch|p2a: Iron Hands|Iron Hands, L50|74\/100\n|turn|5\n|\n|t:|1700916442\n|move|p2a: Iron Hands|Fake Out|p1b: Amoonguss\n|-damage|p1b: Amoonguss|25\/100\n|move|p2b: Urshifu|Surging Strikes|p1a: Gholdengo\n|-crit|p1a: Gholdengo\n|-damage|p1a: Gholdengo|0 fnt\n|faint|p1a: Gholdengo\n|-hitcount|p1: Gholdengo|1\n|cant|p1b: Amoonguss|flinch\n|\n|-weather|RainDance|[upkeep]\n|-heal|p1b: Amoonguss|31\/100|[from] item: Leftovers\n|-sideend|p1: cazaki|move: Tailwind\n|upkeep\n|\n|t:|1700916454\n|switch|p1a: Tornadus|Tornadus, L50, M|71\/100\n|turn|6\n|\n|t:|1700916466\n|switch|p1b: Landorus|Landorus-Therian, L50, M|100\/100\n|-ability|p1b: Landorus|Intimidate|boost\n|-unboost|p2a: Iron Hands|atk|1\n|-unboost|p2b: Urshifu|atk|1\n|move|p2b: Urshifu|Detect|p2b: Urshifu\n|-singleturn|p2b: Urshifu|Protect\n|move|p1a: Tornadus|Tailwind|p1a: Tornadus\n|-sidestart|p1: cazaki|move: Tailwind\n|move|p2a: Iron Hands|Wild Charge|p1b: Landorus\n|-immune|p1b: Landorus\n|\n|-weather|none\n|upkeep\n|turn|7\n|inactive|cazaki has 30 seconds left.\n|inactive|whyismynamejeff has 30 seconds left.\n|\n|t:|1700916494\n|-terastallize|p2a: Iron Hands|Water\n|move|p1b: Landorus|Stomping Tantrum|p2a: Iron Hands\n|-damage|p2a: Iron Hands|42\/100\n|move|p1a: Tornadus|Bleakwind Storm|p2b: Urshifu|[spread] p2a,p2b\n|-supereffective|p2b: Urshifu\n|-damage|p2a: Iron Hands|24\/100\n|-damage|p2b: Urshifu|0 fnt\n|-unboost|p2a: Iron Hands|spe|1\n|faint|p2b: Urshifu\n|move|p2a: Iron Hands|Drain Punch|p1b: Landorus\n|-resisted|p1b: Landorus\n|-damage|p1b: Landorus|84\/100\n|-heal|p2a: Iron Hands|30\/100|[from] drain|[of] p1b: Landorus\n|\n|upkeep\n|turn|8\n|\n|t:|1700916511\n|switch|p1a: Amoonguss|Amoonguss, L50, M, shiny, tera:Water|64\/100\n|move|p1b: Landorus|Stomping Tantrum|p2a: Iron Hands\n|-damage|p2a: Iron Hands|0 fnt\n|faint|p2a: Iron Hands\n|-end|p2a: Iron Hands|Quark Drive|[silent]\n|\n|win|cazaki\n|raw|cazaki's rating: 1025 &rarr; <strong>1065<\/strong><br \/>(+40 for winning)\n|raw|whyismynamejeff's rating: 1060 &rarr; <strong>1039<\/strong><br \/>(-21 for losing)\n|l|\u2606cazaki\n","uploadtime":1700916565,"views":4,"p1id":"cazaki","p2id":"whyismynamejeff","formatid":"gen9vgc2023regulatione","rating":1039,"private":0,"password":""}