{"id":"gen9vgc2023regulatione-1991217359","p1":"Jace28","p2":"Patata Navidenya","format":"[Gen 9] VGC 2023 Regulation E","log":"|j|\u2606Jace28\n|j|\u2606Patata Navidenya\n|t:|1700058188\n|gametype|doubles\n|player|p1|Jace28|pokefanf|1124\n|player|p2|Patata Navidenya|cilan|1111\n|teamsize|p1|6\n|teamsize|p2|6\n|gen|9\n|tier|[Gen 9] VGC 2023 Regulation E\n|rated|\n|rule|Species Clause: Limit one of each Pok\u00e9mon\n|rule|Item Clause: Limit one of each item\n|clearpoke\n|poke|p1|Overqwil, L50, F|\n|poke|p1|Sinistcha, L50|\n|poke|p1|Iron Hands, L50|\n|poke|p1|Enamorus-Therian, L50, F|\n|poke|p1|Farigiraf, L50, M|\n|poke|p1|Urshifu-*, L50, F|\n|poke|p2|Falinks, L50|\n|poke|p2|Tornadus, L50, M|\n|poke|p2|Indeedee-F, L50, F|\n|poke|p2|Arcanine-Hisui, L50, F|\n|poke|p2|Flutter Mane, L50|\n|poke|p2|Ogerpon-Wellspring, L50, F|\n|teampreview|4\n|inactive|Battle timer is ON: inactive players will automatically lose when time's up. (requested by Jace28)\n|inactive|Patata Navidenya also wants the timer to be on.\n|inactive|Jace28 has 60 seconds left.\n|\n|t:|1700058222\n|start\n|switch|p1a: Iron Hands|Iron Hands, L50|100\/100\n|switch|p1b: Overqwil|Overqwil, L50, F|100\/100\n|switch|p2a: Falinks|Falinks, L50|100\/100\n|switch|p2b: Flutter Mane|Flutter Mane, L50|100\/100\n|-ability|p1b: Overqwil|Intimidate|boost\n|-unboost|p2a: Falinks|atk|1\n|-ability|p2a: Falinks|Defiant|boost\n|-boost|p2a: Falinks|atk|2\n|-unboost|p2b: Flutter Mane|atk|1\n|turn|1\n|inactive|Patata Navidenya has 30 seconds left.\n|\n|t:|1700058249\n|move|p1a: Iron Hands|Fake Out|p2a: Falinks\n|-damage|p2a: Falinks|84\/100\n|move|p2b: Flutter Mane|Moonblast|p1a: Iron Hands\n|-supereffective|p1a: Iron Hands\n|-damage|p1a: Iron Hands|36\/100\n|-unboost|p1a: Iron Hands|spa|1\n|-damage|p2b: Flutter Mane|90\/100|[from] item: Life Orb\n|move|p1b: Overqwil|Gunk Shot|p2b: Flutter Mane\n|-damage|p2b: Flutter Mane|0 fnt\n|faint|p2b: Flutter Mane\n|-end|p2b: Flutter Mane|Protosynthesis|[silent]\n|cant|p2a: Falinks|flinch\n|\n|-heal|p2a: Falinks|91\/100|[from] item: Leftovers\n|upkeep\n|\n|t:|1700058272\n|switch|p2b: Arcanine|Arcanine-Hisui, L50, F|100\/100\n|-ability|p2b: Arcanine|Intimidate|boost\n|-unboost|p1a: Iron Hands|atk|1\n|-fail|p1b: Overqwil|unboost|[from] item: Clear Amulet|[of] p1b: Overqwil\n|turn|2\n|inactive|Jace28 has 30 seconds left.\n|inactive|Patata Navidenya has 30 seconds left.\n|\n|t:|1700058300\n|-terastallize|p1b: Overqwil|Water\n|-terastallize|p2a: Falinks|Steel\n|move|p2b: Arcanine|Will-O-Wisp|p1a: Iron Hands\n|-status|p1a: Iron Hands|brn\n|move|p1b: Overqwil|Liquidation|p2b: Arcanine\n|-supereffective|p2b: Arcanine\n|-crit|p2b: Arcanine\n|-damage|p2b: Arcanine|0 fnt\n|faint|p2b: Arcanine\n|move|p2a: Falinks|No Retreat|p2a: Falinks\n|-boost|p2a: Falinks|atk|1\n|-boost|p2a: Falinks|def|1\n|-boost|p2a: Falinks|spa|1\n|-boost|p2a: Falinks|spd|1\n|-boost|p2a: Falinks|spe|1\n|-start|p2a: Falinks|move: No Retreat\n|move|p1a: Iron Hands|Drain Punch|p2a: Falinks\n|-supereffective|p2a: Falinks\n|-damage|p2a: Falinks|70\/100\n|-heal|p1a: Iron Hands|43\/100 brn|[from] drain|[of] p2a: Falinks\n|\n|-heal|p2a: Falinks|76\/100|[from] item: Leftovers\n|-damage|p1a: Iron Hands|36\/100 brn|[from] brn\n|upkeep\n|\n|t:|1700058323\n|switch|p2b: Ogerpon|Ogerpon-Wellspring, L50, F|100\/100\n|turn|3\n|\n|t:|1700058336\n|-end|p1a: Iron Hands|Quark Drive|[silent]\n|switch|p1a: Farigiraf|Farigiraf, L50, M|100\/100\n|move|p2b: Ogerpon|Horn Leech|p1b: Overqwil\n|-supereffective|p1b: Overqwil\n|-damage|p1b: Overqwil|8\/100\n|move|p2a: Falinks|Iron Head|p1a: Farigiraf\n|-damage|p1a: Farigiraf|39\/100\n|move|p1b: Overqwil|Gunk Shot|p2b: Ogerpon|[miss]\n|-miss|p1b: Overqwil|p2b: Ogerpon\n|\n|-heal|p2a: Falinks|82\/100|[from] item: Leftovers\n|upkeep\n|turn|4\n|inactive|Patata Navidenya has 30 seconds left.\n|\n|t:|1700058361\n|move|p2b: Ogerpon|Horn Leech|p1b: Overqwil\n|-supereffective|p1b: Overqwil\n|-damage|p1b: Overqwil|0 fnt\n|faint|p1b: Overqwil\n|move|p2a: Falinks|Iron Head|p1a: Farigiraf\n|-damage|p1a: Farigiraf|0 fnt\n|faint|p1a: Farigiraf\n|\n|-heal|p2a: Falinks|89\/100|[from] item: Leftovers\n|upkeep\n|\n|t:|1700058364\n|switch|p1b: Enamorus|Enamorus-Therian, L50, F|100\/100\n|switch|p1a: Iron Hands|Iron Hands, L50|36\/100 brn\n|turn|5\n|inactive|Patata Navidenya has 30 seconds left.\n|\n|t:|1700058393\n|move|p1a: Iron Hands|Fake Out|p2a: Falinks\n|-resisted|p2a: Falinks\n|-damage|p2a: Falinks|86\/100\n|move|p2b: Ogerpon|Ivy Cudgel|p1a: Iron Hands|[anim] Ivy Cudgel Water\n|-damage|p1a: Iron Hands|0 fnt\n|faint|p1a: Iron Hands\n|-end|p1a: Iron Hands|Quark Drive|[silent]\n|cant|p2a: Falinks|flinch\n|move|p1b: Enamorus|Earth Power|p2a: Falinks\n|-supereffective|p2a: Falinks\n|-crit|p2a: Falinks\n|-damage|p2a: Falinks|0 fnt\n|faint|p2a: Falinks\n|-damage|p1b: Enamorus|91\/100|[from] item: Life Orb\n|\n|upkeep\n|turn|6\n|\n|t:|1700058410\n|move|p2b: Ogerpon|Ivy Cudgel|p1b: Enamorus|[anim] Ivy Cudgel Water\n|-damage|p1b: Enamorus|34\/100\n|move|p1b: Enamorus|Dazzling Gleam|p2b: Ogerpon\n|-damage|p2b: Ogerpon|35\/100\n|-damage|p1b: Enamorus|24\/100|[from] item: Life Orb\n|\n|upkeep\n|turn|7\n|\n|t:|1700058418\n|move|p2b: Ogerpon|Ivy Cudgel|p1b: Enamorus|[anim] Ivy Cudgel Water\n|-damage|p1b: Enamorus|0 fnt\n|faint|p1b: Enamorus\n|\n|win|Patata Navidenya\n|raw|Jace28's rating: 1124 &rarr; <strong>1098<\/strong><br \/>(-26 for losing)\n|raw|Patata Navidenya's rating: 1111 &rarr; <strong>1137<\/strong><br \/>(+26 for winning)\n|l|\u2606Jace28\n","uploadtime":1700058425,"views":11,"p1id":"jace28","p2id":"patatanavidenya","formatid":"gen9vgc2023regulatione","rating":1098,"private":0,"password":""}