{"id":"gen9vgc2023regulatione-1989940193","p1":"kidturtle","p2":"MinamiSimp","format":"[Gen 9] VGC 2023 Regulation E","log":"|j|\u2606kidturtle\n|j|\u2606MinamiSimp\n|n|\u2606kidturtle|kidturtle\n|n|\u2606MinamiSimp|minamisimp\n|html|View the match progress at <a href=\"\/game-bestof3-gen9vgc2023regulatione-1989935352\">game-bestof3-gen9vgc2023regulatione-1989935352<\/a>\n|t:|1699908549\n|gametype|doubles\n|player|p1|kidturtle|hoopster|\n|player|p2|MinamiSimp|yellow|\n|teamsize|p1|6\n|teamsize|p2|6\n|gen|9\n|tier|[Gen 9] VGC 2023 Regulation E\n|rated|Tournament battle\n|rule|Species Clause: Limit one of each Pok\u00e9mon\n|rule|Item Clause: Limit one of each item\n|clearpoke\n|poke|p1|Ursaluna, L50, M|\n|poke|p1|Cresselia, L50, F|\n|poke|p1|Flutter Mane, L50|\n|poke|p1|Chi-Yu, L50|\n|poke|p1|Iron Hands, L50|\n|poke|p1|Urshifu-*, L50, M|\n|poke|p2|Great Tusk, L50|\n|poke|p2|Tornadus, L50, M|\n|poke|p2|Gholdengo, L50|\n|poke|p2|Flutter Mane, L50|\n|poke|p2|Arcanine-Hisui, L50, F|\n|poke|p2|Rillaboom, L50, F|\n|teampreview|4\n|showteam|p1|Ursaluna||FlameOrb|Guts|Facade,Earthquake,SwordsDance,Protect|||M|||50|,,,,,Ghost]Cresselia||MentalHerb|Levitate|IceBeam,AllySwitch,LunarBlessing,TrickRoom|||F|||50|,,,,,Fairy]Flutter Mane||BoosterEnergy|Protosynthesis|IcyWind,ShadowBall,Moonblast,Protect||||||50|,,,,,Fairy]Chi-Yu||ChoiceSpecs|BeadsofRuin|BurningJealousy,DarkPulse,Overheat,Snarl||||||50|,,,,,Ghost]Iron Hands||SitrusBerry|QuarkDrive|DrainPunch,WildCharge,FakeOut,SwordsDance||||||50|,,,,,Fire]Urshifu||FocusSash|UnseenFist|Detect,WickedBlow,CloseCombat,SuckerPunch|||M|||50|,,,,,Dark\n|showteam|p2|Great Tusk||ClearAmulet|Protosynthesis|HeadlongRush,CloseCombat,IceSpinner,Protect||||||50|,,,,,Fire]Tornadus||CovertCloak|Prankster|Tailwind,BleakwindStorm,SunnyDay,Protect|||M|||50|,,,,,Ghost]Gholdengo||Leftovers|GoodasGold|MakeItRain,ShadowBall,NastyPlot,Protect||||||50|,,,,,Dragon]Flutter Mane||ChoiceSpecs|Protosynthesis|Moonblast,DazzlingGleam,ShadowBall,Thunderbolt||||||50|,,,,,Fairy]Arcanine-Hisui||ChoiceBand|Intimidate|RockSlide,FlareBlitz,ExtremeSpeed,TeraBlast|||F|||50|,,,,,Fairy]Rillaboom||AssaultVest|GrassySurge|FakeOut,GrassyGlide,WoodHammer,Uturn|||F|||50|,,,,,Fire\n|inactive|Battle timer is ON: inactive players will automatically lose when time's up. (requested by kidturtle)\n|j| Wulongcha\n|\n|t:|1699908582\n|start\n|switch|p1a: Flutter Mane|Flutter Mane, L50, shiny|100\/100\n|switch|p1b: Chi-Yu|Chi-Yu, L50|100\/100\n|switch|p2a: Stark|Arcanine-Hisui, L50, F|100\/100\n|switch|p2b: Eisen|Great Tusk, L50|100\/100\n|-ability|p1b: Chi-Yu|Beads of Ruin\n|-ability|p2a: Stark|Intimidate|boost\n|-unboost|p1a: Flutter Mane|atk|1\n|-unboost|p1b: Chi-Yu|atk|1\n|-enditem|p1a: Flutter Mane|Booster Energy\n|-activate|p1a: Flutter Mane|ability: Protosynthesis|[fromitem]\n|-start|p1a: Flutter Mane|protosynthesisspe\n|turn|1\n|inactive|kidturtle has 30 seconds left.\n|inactive|MinamiSimp has 30 seconds left.\n|\n|t:|1699908615\n|-terastallize|p2b: Eisen|Fire\n|move|p1a: Flutter Mane|Shadow Ball|p2a: Stark\n|-damage|p2a: Stark|36\/100\n|move|p1b: Chi-Yu|Dark Pulse|p2a: Stark\n|-damage|p2a: Stark|0 fnt\n|faint|p2a: Stark\n|move|p2b: Eisen|Headlong Rush|p1a: Flutter Mane\n|-damage|p1a: Flutter Mane|0 fnt\n|-unboost|p2b: Eisen|def|1\n|-unboost|p2b: Eisen|spd|1\n|faint|p1a: Flutter Mane\n|-end|p1a: Flutter Mane|Protosynthesis|[silent]\n|\n|upkeep\n|\n|t:|1699908624\n|switch|p1a: Cresselia|Cresselia, L50, F|100\/100\n|switch|p2a: David|Rillaboom, L50, F|100\/100\n|-fieldstart|move: Grassy Terrain|[from] ability: Grassy Surge|[of] p2a: David\n|turn|2\n|\n|t:|1699908643\n|move|p2b: Eisen|Protect|p2b: Eisen\n|-singleturn|p2b: Eisen|Protect\n|move|p1b: Chi-Yu|Dark Pulse|p2a: David\n|-damage|p2a: David|42\/100\n|move|p2a: David|Wood Hammer|p1a: Cresselia\n|-damage|p1a: Cresselia|53\/100\n|-damage|p2a: David|24\/100|[from] Recoil\n|move|p1a: Cresselia|Trick Room|p1a: Cresselia\n|-fieldstart|move: Trick Room|[of] p1a: Cresselia\n|\n|-heal|p2a: David|30\/100|[from] Grassy Terrain\n|upkeep\n|turn|3\n|\n|t:|1699908661\n|switch|p2a: Tingle|Gholdengo, L50|100\/100\n|move|p1a: Cresselia|Lunar Blessing|p1a: Cresselia|[spread] p1a,p1b\n|-heal|p1a: Cresselia|78\/100\n|move|p2b: Eisen|Headlong Rush|p1b: Chi-Yu\n|-supereffective|p1b: Chi-Yu\n|-damage|p1b: Chi-Yu|0 fnt\n|-unboost|p2b: Eisen|def|1\n|-unboost|p2b: Eisen|spd|1\n|faint|p1b: Chi-Yu\n|\n|upkeep\n|\n|t:|1699908668\n|switch|p1b: Ursaluna|Ursaluna, L50, M|100\/100\n|turn|4\n|\n|t:|1699908678\n|-terastallize|p1b: Ursaluna|Ghost\n|move|p2a: Tingle|Protect|p2a: Tingle\n|-singleturn|p2a: Tingle|Protect\n|move|p1b: Ursaluna|Swords Dance|p1b: Ursaluna\n|-boost|p1b: Ursaluna|atk|2\n|move|p1a: Cresselia|Lunar Blessing|p1a: Cresselia|[spread] p1a,p1b\n|-heal|p1a: Cresselia|100\/100\n|move|p2b: Eisen|Close Combat|p1b: Ursaluna\n|-immune|p1b: Ursaluna\n|\n|-status|p1b: Ursaluna|brn|[from] item: Flame Orb\n|upkeep\n|turn|5\n|\n|t:|1699908694\n|move|p2a: Tingle|Protect||[still]\n|-fail|p2a: Tingle\n|move|p1b: Ursaluna|Earthquake|p2a: Tingle|[spread] p2a,p2b\n|-immune|p1a: Cresselia|[from] ability: Levitate\n|-supereffective|p2a: Tingle\n|-supereffective|p2b: Eisen\n|-damage|p2a: Tingle|0 fnt\n|-damage|p2b: Eisen|0 fnt\n|faint|p2a: Tingle\n|faint|p2b: Eisen\n|-end|p2b: Eisen|Protosynthesis|[silent]\n|move|p1a: Cresselia|Ice Beam|p2: Tingle|[notarget]\n|-fail|p1a: Cresselia\n|\n|-damage|p1b: Ursaluna|95\/100 brn|[from] brn\n|upkeep\n|c|\u2606MinamiSimp|gg\n|\n|t:|1699908700\n|switch|p2b: David|Rillaboom, L50, F|30\/100\n|turn|6\n|c|\u2606kidturtle|gg\n|l| Wulongcha\n|\n|t:|1699908707\n|move|p1b: Ursaluna|Facade|p2b: David\n|-damage|p2b: David|0 fnt\n|faint|p2b: David\n|\n|win|kidturtle\n|l|\u2606MinamiSimp\n","uploadtime":1699908712,"views":7,"p1id":"kidturtle","p2id":"minamisimp","formatid":"gen9vgc2023regulatione","rating":0,"private":0,"password":""}