{"id":"gen9vgc2023regulatione-1995143623","p1":"gooseiq","p2":"PureNeutral","format":"[Gen 9] VGC 2023 Regulation E","log":"|j|\u2606gooseiq\n|j|\u2606PureNeutral\n|n|\u2606gooseiq|gooseiq\n|n|\u2606PureNeutral|pureneutral\n|html|View the match progress at <a href=\"\/game-bestof3-gen9vgc2023regulatione-1995138766\">game-bestof3-gen9vgc2023regulatione-1995138766<\/a>\n|t:|1700527435\n|gametype|doubles\n|player|p1|gooseiq|harlequin|\n|player|p2|PureNeutral|elesa|\n|teamsize|p1|6\n|teamsize|p2|6\n|gen|9\n|tier|[Gen 9] VGC 2023 Regulation E\n|rule|Species Clause: Limit one of each Pok\u00e9mon\n|rule|Item Clause: Limit one of each item\n|clearpoke\n|poke|p1|Kilowattrel, L50, M|\n|poke|p1|Rillaboom, L50, F|\n|poke|p1|Cryogonal, L50|\n|poke|p1|Palossand, L50, F|\n|poke|p1|Rabsca, L50, M|\n|poke|p1|Iron Treads, L50|\n|poke|p2|Flutter Mane, L50|\n|poke|p2|Ninetales, L50, F|\n|poke|p2|Arcanine-Hisui, L50, M|\n|poke|p2|Brute Bonnet, L50|\n|poke|p2|Jumpluff, L50, F|\n|poke|p2|Samurott-Hisui, L50, F|\n|teampreview|4\n|inactive|Battle timer is ON: inactive players will automatically lose when time's up. (requested by gooseiq)\n|inactiveoff|Battle timer is now OFF.\n|j| Pokemon_and_beer\n|\n|t:|1700527502\n|start\n|switch|p1a: IceAge|Cryogonal, L50, shiny|100\/100\n|switch|p1b: MonkeySee|Rillaboom, L50, F|100\/100\n|switch|p2a: Scotch Bonnet|Brute Bonnet, L50, shiny|100\/100\n|switch|p2b: Salmonrott|Samurott-Hisui, L50, F, shiny|100\/100\n|-fieldstart|move: Grassy Terrain|[from] ability: Grassy Surge|[of] p1b: MonkeySee\n|turn|1\n|l| Pokemon_and_beer\n|c|\u2606gooseiq|GL HF\n|c|\u2606PureNeutral|glhf\n|j| Pokemon_and_beer\n|\n|t:|1700527554\n|move|p1b: MonkeySee|Fake Out|p2b: Salmonrott\n|-damage|p2b: Salmonrott|82\/100\n|cant|p2b: Salmonrott|flinch\n|move|p1a: IceAge|Freeze-Dry|p2a: Scotch Bonnet\n|-supereffective|p2a: Scotch Bonnet\n|-damage|p2a: Scotch Bonnet|49\/100\n|-enditem|p2a: Scotch Bonnet|Sitrus Berry|[eat]\n|-heal|p2a: Scotch Bonnet|74\/100|[from] item: Sitrus Berry\n|move|p2a: Scotch Bonnet|Spore|p1a: IceAge\n|-status|p1a: IceAge|slp|[from] move: Spore\n|\n|-heal|p2b: Salmonrott|88\/100|[from] Grassy Terrain\n|-heal|p2a: Scotch Bonnet|80\/100|[from] Grassy Terrain\n|upkeep\n|turn|2\n|\n|t:|1700527579\n|move|p2b: Salmonrott|Flip Turn|p1a: IceAge\n|-damage|p1a: IceAge|50\/100 slp\n|\n|t:|1700527583\n|switch|p2b: Winetales|Ninetales, L50, F, shiny|100\/100|[from] Flip Turn\n|-weather|SunnyDay|[from] ability: Drought|[of] p2b: Winetales\n|-activate|p2a: Scotch Bonnet|ability: Protosynthesis\n|-start|p2a: Scotch Bonnet|protosynthesisatk\n|cant|p1a: IceAge|slp\n|move|p1b: MonkeySee|Taunt|p2a: Scotch Bonnet\n|-start|p2a: Scotch Bonnet|move: Taunt\n|move|p2a: Scotch Bonnet|Seed Bomb|p1a: IceAge\n|-damage|p1a: IceAge|0 fnt\n|faint|p1a: IceAge\n|\n|-weather|SunnyDay|[upkeep]\n|-heal|p2a: Scotch Bonnet|86\/100|[from] Grassy Terrain\n|upkeep\n|\n|t:|1700527605\n|switch|p1a: idkduud|Rabsca, L50, M, shiny|100\/100\n|turn|3\n|\n|t:|1700527644\n|-end|p2a: Scotch Bonnet|Protosynthesis|[silent]\n|switch|p2a: Arc & Fries|Arcanine-Hisui, L50, M, shiny|100\/100\n|-ability|p2a: Arc & Fries|Intimidate|boost\n|-unboost|p1a: idkduud|atk|1\n|-unboost|p1b: MonkeySee|atk|1\n|-terastallize|p1b: MonkeySee|Fire\n|move|p2b: Winetales|Will-O-Wisp|p1b: MonkeySee\n|-immune|p1b: MonkeySee\n|move|p1b: MonkeySee|Wood Hammer|p2a: Arc & Fries\n|-damage|p2a: Arc & Fries|41\/100\n|-damage|p1b: MonkeySee|83\/100|[from] Recoil\n|move|p1a: idkduud|Cosmic Power|p1a: idkduud\n|-boost|p1a: idkduud|def|1\n|-boost|p1a: idkduud|spd|1\n|\n|-weather|SunnyDay|[upkeep]\n|-heal|p2a: Arc & Fries|47\/100|[from] Grassy Terrain\n|-heal|p1b: MonkeySee|89\/100|[from] Grassy Terrain\n|upkeep\n|turn|4\n|\n|t:|1700527687\n|switch|p2a: Scotch Bonnet|Brute Bonnet, L50, shiny|86\/100\n|-activate|p2a: Scotch Bonnet|ability: Protosynthesis\n|-start|p2a: Scotch Bonnet|protosynthesisatk\n|move|p2b: Winetales|Overheat|p1a: idkduud\n|-supereffective|p1a: idkduud\n|-damage|p1a: idkduud|20\/100\n|-unboost|p2b: Winetales|spa|2\n|move|p1b: MonkeySee|Wood Hammer|p2a: Scotch Bonnet\n|-resisted|p2a: Scotch Bonnet\n|-damage|p2a: Scotch Bonnet|66\/100\n|-damage|p1b: MonkeySee|82\/100|[from] Recoil\n|move|p1a: idkduud|Cosmic Power|p1a: idkduud\n|-boost|p1a: idkduud|def|1\n|-boost|p1a: idkduud|spd|1\n|\n|-weather|SunnyDay|[upkeep]\n|-heal|p1b: MonkeySee|88\/100|[from] Grassy Terrain\n|-heal|p2a: Scotch Bonnet|72\/100|[from] Grassy Terrain\n|-heal|p1a: idkduud|26\/100|[from] Grassy Terrain\n|-heal|p1a: idkduud|32\/100|[from] item: Leftovers\n|upkeep\n|turn|5\n|\n|t:|1700527732\n|move|p2a: Scotch Bonnet|Sucker Punch|p1a: idkduud\n|-supereffective|p1a: idkduud\n|-damage|p1a: idkduud|0 fnt\n|faint|p1a: idkduud\n|move|p2b: Winetales|Overheat|p1b: MonkeySee\n|-resisted|p1b: MonkeySee\n|-damage|p1b: MonkeySee|71\/100\n|-unboost|p2b: Winetales|spa|2\n|move|p1b: MonkeySee|Taunt|p2a: Scotch Bonnet\n|-start|p2a: Scotch Bonnet|move: Taunt\n|\n|-weather|SunnyDay|[upkeep]\n|-heal|p1b: MonkeySee|77\/100|[from] Grassy Terrain\n|-heal|p2a: Scotch Bonnet|78\/100|[from] Grassy Terrain\n|-fieldend|move: Grassy Terrain\n|upkeep\n|\n|t:|1700527745\n|switch|p1a: angy|Iron Treads, L50, shiny|100\/100\n|turn|6\n|j| MikeTitan\n|\n|t:|1700527791\n|move|p2a: Scotch Bonnet|Sucker Punch|p1b: MonkeySee\n|-damage|p1b: MonkeySee|39\/100\n|-enditem|p1b: MonkeySee|Sitrus Berry|[eat]\n|-heal|p1b: MonkeySee|64\/100|[from] item: Sitrus Berry\n|move|p2b: Winetales|Howl|p2b: Winetales|[spread] p2a,p2b\n|-boost|p2a: Scotch Bonnet|atk|1\n|-boost|p2b: Winetales|atk|1\n|move|p1a: angy|Iron Head|p2a: Scotch Bonnet\n|-damage|p2a: Scotch Bonnet|42\/100\n|move|p1b: MonkeySee|Wood Hammer|p2a: Scotch Bonnet\n|-resisted|p2a: Scotch Bonnet\n|-damage|p2a: Scotch Bonnet|25\/100\n|-damage|p1b: MonkeySee|58\/100|[from] Recoil\n|\n|-weather|SunnyDay|[upkeep]\n|upkeep\n|turn|7\n|\n|t:|1700527817\n|move|p2a: Scotch Bonnet|Sucker Punch|p1b: MonkeySee\n|-damage|p1b: MonkeySee|0 fnt\n|faint|p1b: MonkeySee\n|move|p2b: Winetales|Will-O-Wisp|p1a: angy|[miss]\n|-miss|p2b: Winetales|p1a: angy\n|move|p1a: angy|Iron Head|p2a: Scotch Bonnet\n|-damage|p2a: Scotch Bonnet|0 fnt\n|faint|p2a: Scotch Bonnet\n|-end|p2a: Scotch Bonnet|Protosynthesis|[silent]\n|\n|-weather|SunnyDay|[upkeep]\n|upkeep\n|\n|t:|1700527827\n|switch|p2a: Arc & Fries|Arcanine-Hisui, L50, M, shiny|47\/100\n|-ability|p2a: Arc & Fries|Intimidate|boost\n|-unboost|p1a: angy|atk|1\n|turn|8\n|l| Pokemon_and_beer\n|l| MikeTitan\n|\n|t:|1700527843\n|move|p2a: Arc & Fries|Flare Blitz|p1a: angy\n|-supereffective|p1a: angy\n|-damage|p1a: angy|0 fnt\n|faint|p1a: angy\n|-end|p1a: angy|Quark Drive|[silent]\n|-damage|p2a: Arc & Fries|9\/100|[from] Recoil\n|\n|win|PureNeutral\n|c|\u2606gooseiq|GG\n|c|\u2606PureNeutral|GGs\n","uploadtime":1700527854,"views":22,"p1id":"gooseiq","p2id":"pureneutral","formatid":"gen9vgc2023regulatione","rating":0,"private":0,"password":""}