{"id":"gen9vgc2023regulatione-1994255024","p1":"HiKraunty","p2":"BigSteveVGC","format":"[Gen 9] VGC 2023 Regulation E","log":"|j|\u2606HiKraunty\n|j|\u2606BigSteveVGC\n|t:|1700423953\n|gametype|doubles\n|player|p1|HiKraunty|265|1536\n|player|p2|BigSteveVGC|265|1504\n|teamsize|p1|6\n|teamsize|p2|6\n|gen|9\n|tier|[Gen 9] VGC 2023 Regulation E\n|rated|\n|rule|Species Clause: Limit one of each Pok\u00e9mon\n|rule|Item Clause: Limit one of each item\n|clearpoke\n|poke|p1|Tornadus, L50, M|\n|poke|p1|Landorus, L50, M|\n|poke|p1|Gholdengo, L50|\n|poke|p1|Urshifu-*, L50, M|\n|poke|p1|Iron Bundle, L50|\n|poke|p1|Brambleghast, L50, F|\n|poke|p2|Chi-Yu, L50|\n|poke|p2|Regieleki, L50|\n|poke|p2|Tornadus, L50, M|\n|poke|p2|Landorus, L50, M|\n|poke|p2|Ogerpon-Wellspring, L50, F|\n|poke|p2|Farigiraf, L50, F|\n|teampreview|4\n|inactive|Battle timer is ON: inactive players will automatically lose when time's up. (requested by HiKraunty)\nHiKraunty has agreed to open team sheets.\n|inactive|HiKraunty has 60 seconds left.\n|inactive|BigSteveVGC has 60 seconds left.\n|inactive|BigSteveVGC has 30 seconds left.\n|inactive|BigSteveVGC has 20 seconds left.\n|inactive|BigSteveVGC has 15 seconds left.\n|inactive|BigSteveVGC has 10 seconds left.\n|inactive|BigSteveVGC has 5 seconds left.\n|\n|t:|1700424040\n|start\n|switch|p1a: Tornadus|Tornadus, L50, M|100\/100\n|switch|p1b: Urshifu|Urshifu-Rapid-Strike, L50, M|100\/100\n|switch|p2a: Farigiraf|Farigiraf, L50, F, shiny|100\/100\n|switch|p2b: Regieleki|Regieleki, L50|100\/100\n|turn|1\n|\n|t:|1700424062\n|move|p1a: Tornadus|Tailwind|p1a: Tornadus\n|-sidestart|p1: HiKraunty|move: Tailwind\n|move|p1b: Urshifu|Surging Strikes|p2b: Regieleki\n|-crit|p2b: Regieleki\n|-damage|p2b: Regieleki|48\/100\n|-crit|p2b: Regieleki\n|-damage|p2b: Regieleki|4\/100\n|-crit|p2b: Regieleki\n|-damage|p2b: Regieleki|0 fnt\n|faint|p2b: Regieleki\n|-hitcount|p2: Regieleki|3\n|move|p2a: Farigiraf|Trick Room|p2a: Farigiraf\n|-fieldstart|move: Trick Room|[of] p2a: Farigiraf\n|\n|upkeep\n|\n|t:|1700424075\n|switch|p2b: Ogerpon|Ogerpon-Wellspring, L50, F|100\/100\n|turn|2\n|\n|t:|1700424099\n|switch|p1a: Jesse|Brambleghast, L50, F|100\/100\n|-ability|p1a: Jesse|Wind Rider|boost\n|-boost|p1a: Jesse|atk|1\n|-terastallize|p2a: Farigiraf|Fairy\n|move|p1b: Urshifu|Detect|p1b: Urshifu\n|-singleturn|p1b: Urshifu|Protect\n|move|p2a: Farigiraf|Dazzling Gleam|p1b: Urshifu|[spread] p1a\n|-activate|p1b: Urshifu|move: Protect\n|-damage|p1a: Jesse|50\/100\n|move|p2b: Ogerpon|Horn Leech|p1b: Urshifu\n|-activate|p1b: Urshifu|move: Protect\n|\n|upkeep\n|turn|3\n|inactive|HiKraunty has 30 seconds left.\n|\n|t:|1700424128\n|switch|p1b: Tornadus|Tornadus, L50, M|100\/100\n|move|p2a: Farigiraf|Dazzling Gleam|p1a: Jesse|[spread] p1a,p1b\n|-damage|p1a: Jesse|0 fnt\n|-damage|p1b: Tornadus|66\/100\n|faint|p1a: Jesse\n|move|p2b: Ogerpon|Horn Leech|p1b: Tornadus\n|-resisted|p1b: Tornadus\n|-damage|p1b: Tornadus|43\/100\n|-damage|p2b: Ogerpon|84\/100|[from] item: Rocky Helmet|[of] p1b: Tornadus\n|\n|upkeep\n|\n|t:|1700424137\n|switch|p1a: Urshifu|Urshifu-Rapid-Strike, L50, M|100\/100\n|turn|4\n|\n|t:|1700424156\n|-terastallize|p1b: Tornadus|Steel\n|move|p1a: Urshifu|Detect|p1a: Urshifu\n|-singleturn|p1a: Urshifu|Protect\n|move|p2a: Farigiraf|Dazzling Gleam|p1b: Tornadus|[spread] p1b\n|-activate|p1a: Urshifu|move: Protect\n|-resisted|p1b: Tornadus\n|-damage|p1b: Tornadus|26\/100\n|move|p2b: Ogerpon|Horn Leech|p1a: Urshifu\n|-activate|p1a: Urshifu|move: Protect\n|move|p1b: Tornadus|Bleakwind Storm|p2b: Ogerpon|[spread] p2b\n|-miss|p1b: Tornadus|p2a: Farigiraf\n|-supereffective|p2b: Ogerpon\n|-damage|p2b: Ogerpon|23\/100\n|\n|-sideend|p1: HiKraunty|move: Tailwind\n|upkeep\n|turn|5\n|inactive|HiKraunty has 30 seconds left.\n|inactive|BigSteveVGC has 30 seconds left.\n|\n|t:|1700424184\n|switch|p1a: Xun|Iron Bundle, L50|100\/100\n|-enditem|p1a: Xun|Booster Energy\n|-activate|p1a: Xun|ability: Quark Drive|[fromitem]\n|-start|p1a: Xun|quarkdrivespe\n|move|p2a: Farigiraf|Dazzling Gleam|p1b: Tornadus|[spread] p1a,p1b\n|-resisted|p1b: Tornadus\n|-damage|p1a: Xun|59\/100\n|-damage|p1b: Tornadus|10\/100\n|move|p2b: Ogerpon|Horn Leech|p1a: Xun\n|-supereffective|p1a: Xun\n|-damage|p1a: Xun|0 fnt\n|-heal|p2b: Ogerpon|49\/100|[from] drain|[of] p1a: Xun\n|faint|p1a: Xun\n|-end|p1a: Xun|Quark Drive|[silent]\n|move|p1b: Tornadus|Bleakwind Storm|p2a: Farigiraf|[spread] p2b\n|-miss|p1b: Tornadus|p2a: Farigiraf\n|-supereffective|p2b: Ogerpon\n|-damage|p2b: Ogerpon|0 fnt\n|faint|p2b: Ogerpon\n|\n|-fieldend|move: Trick Room\n|upkeep\n|\n|t:|1700424205\n|switch|p1a: Urshifu|Urshifu-Rapid-Strike, L50, M|100\/100\n|switch|p2b: Chi-Yu|Chi-Yu, L50|100\/100\n|-ability|p2b: Chi-Yu|Beads of Ruin\n|turn|6\n|\n|t:|1700424219\n|move|p1b: Tornadus|Rain Dance|p1b: Tornadus\n|-weather|RainDance\n|move|p2b: Chi-Yu|Psychic|p1a: Urshifu\n|-supereffective|p1a: Urshifu\n|-damage|p1a: Urshifu|0 fnt\n|faint|p1a: Urshifu\n|move|p2a: Farigiraf|Dazzling Gleam|p1b: Tornadus\n|-resisted|p1b: Tornadus\n|-damage|p1b: Tornadus|0 fnt\n|faint|p1b: Tornadus\n|\n|win|BigSteveVGC\n|raw|HiKraunty's rating: 1536 &rarr; <strong>1514<\/strong><br \/>(-22 for losing)\n|raw|BigSteveVGC's rating: 1504 &rarr; <strong>1526<\/strong><br \/>(+22 for winning)\n|l|\u2606HiKraunty\n|l|\u2606BigSteveVGC\n|j|\u2606BigSteveVGC\n|player|p2|BigSteveVGC|265\n","uploadtime":1700424512,"views":14,"p1id":"hikraunty","p2id":"bigstevevgc","formatid":"gen9vgc2023regulatione","rating":1514,"private":0,"password":""}