{"id":"gen9vgc2023regulatione-1998122166","p1":"DarthGlacies","p2":"azubbang","format":"[Gen 9] VGC 2023 Regulation E","log":"|j|\u2606DarthGlacies\n|j|\u2606azubbang\n|n|\u2606DarthGlacies|darthglacies\n|n|\u2606azubbang|azubbang\n|html|View the match progress at <a href=\"\/game-bestof3-gen9vgc2023regulatione-1998122165\">game-bestof3-gen9vgc2023regulatione-1998122165<\/a>\n|t:|1700895314\n|gametype|doubles\n|player|p1|DarthGlacies|red|\n|player|p2|azubbang|nurse|\n|teamsize|p1|6\n|teamsize|p2|6\n|gen|9\n|tier|[Gen 9] VGC 2023 Regulation E\n|rule|Species Clause: Limit one of each Pok\u00e9mon\n|rule|Item Clause: Limit one of each item\n|clearpoke\n|poke|p1|Roaring Moon, L50|\n|poke|p1|Iron Hands, L50|\n|poke|p1|Iron Bundle, L50|\n|poke|p1|Gholdengo, L50|\n|poke|p1|Amoonguss, L50, F|\n|poke|p1|Landorus-Therian, L50, M|\n|poke|p2|Thundurus-Therian, L50, M|\n|poke|p2|Heatran, L50, M|\n|poke|p2|Roaring Moon, L50|\n|poke|p2|Ogerpon-Wellspring, L50, F|\n|poke|p2|Weezing, L50, F|\n|poke|p2|Landorus-Therian, L50, M|\n|teampreview|4\n|inactive|Battle timer is ON: inactive players will automatically lose when time's up. (requested by DarthGlacies)\nDarthGlacies has agreed to open team sheets.\nazubbang has agreed to open team sheets.\n|showteam|p1|Roaring Moon||BoosterEnergy|Protosynthesis|BreakingSwipe,KnockOff,Protect,Tailwind||||||50|,,,,,Poison]Iron Hands||AssaultVest|QuarkDrive|WildCharge,FakeOut,DrainPunch,IcePunch||||||50|,,,,,Grass]Iron Bundle||FocusSash|QuarkDrive|FreezeDry,IcyWind,Protect,HydroPump||||||50|,,,,,Ghost]Gholdengo||Leftovers|GoodasGold|MakeItRain,Protect,NastyPlot,ShadowBall||||||50|,,,,,Dragon]Amoonguss||RockyHelmet|Regenerator|RagePowder,Protect,Spore,PollenPuff|||F|||50|,,,,,Water]Landorus-Therian||ChoiceScarf|Intimidate|StompingTantrum,TeraBlast,Uturn,RockSlide|||M|||50|,,,,,Flying\n|showteam|p2|Thundurus-Therian||AssaultVest|VoltAbsorb|Thunderbolt,WildboltStorm,GrassKnot,VoltSwitch|||M|||50|,,,,,Steel]Heatran||LifeOrb|FlashFire|Protect,HeatWave,FlashCannon,EarthPower|||M|||50|,,,,,Fairy]Roaring Moon||BoosterEnergy|Protosynthesis|Protect,KnockOff,Acrobatics,Tailwind||||||50|,,,,,Flying]Ogerpon-Wellspring||WellspringMask|WaterAbsorb|SpikyShield,IvyCudgel,HornLeech,SwordsDance|||F|||50|,,,,,Water]Weezing||SitrusBerry|NeutralizingGas|Protect,GunkShot,WillOWisp,Taunt|||F|||50|,,,,,Ghost]Landorus-Therian||ChoiceBand|Intimidate|StompingTantrum,RockTomb,TeraBlast,Uturn|||M|||50|,,,,,Ground\n|c|\u2606DarthGlacies|glhf!\n|c|\u2606azubbang|glhf to you too!\n|inactive|azubbang has 30 seconds left.\n|c|\u2606DarthGlacies|did you build this with someone?\n|c|\u2606DarthGlacies|with slash?\n|inactive|azubbang has 20 seconds left.\n|c|\u2606azubbang|yup :)\n|inactive|azubbang has 15 seconds left.\n|c|\u2606DarthGlacies|ahh i figured awesome team!\n|inactive|azubbang has 10 seconds left.\n|\n|t:|1700895367\n|start\n|switch|p1a: Roaring Moon|Roaring Moon, L50|100\/100\n|switch|p1b: Landorus|Landorus-Therian, L50, M|100\/100\n|switch|p2a: Weezing|Weezing, L50, F|100\/100\n|switch|p2b: Roaring Moon|Roaring Moon, L50|100\/100\n|-ability|p2a: Weezing|Neutralizing Gas\n|-enditem|p2b: Roaring Moon|Booster Energy\n|-activate|p2b: Roaring Moon|ability: Protosynthesis|[fromitem]\n|-start|p2b: Roaring Moon|protosynthesisspe\n|-enditem|p1a: Roaring Moon|Booster Energy\n|-activate|p1a: Roaring Moon|ability: Protosynthesis|[fromitem]\n|-start|p1a: Roaring Moon|protosynthesisspe\n|turn|1\n|c|\u2606azubbang|with the same tera blast mistake on lando lol\n|inactive|azubbang has 30 seconds left.\n|c|\u2606DarthGlacies|haha\n|inactive|azubbang has 20 seconds left.\n|inactive|azubbang has 15 seconds left.\n|\n|t:|1700895410\n|move|p1a: Roaring Moon|Knock Off|p2a: Weezing\n|-damage|p2a: Weezing|60\/100\n|-enditem|p2a: Weezing|Sitrus Berry|[from] move: Knock Off|[of] p1a: Roaring Moon\n|move|p2b: Roaring Moon|Tailwind|p2b: Roaring Moon\n|-sidestart|p2: azubbang|move: Tailwind\n|move|p1b: Landorus|Stomping Tantrum|p2a: Weezing\n|-supereffective|p2a: Weezing\n|-damage|p2a: Weezing|0 fnt\n|faint|p2a: Weezing\n|-end|p2a: Weezing|ability: Neutralizing Gas\n|-ability|p1b: Landorus|Intimidate|boost\n|-unboost|p2b: Roaring Moon|atk|1\n|\n|upkeep\n|\n|t:|1700895420\n|switch|p2a: Ogerpon|Ogerpon-Wellspring, L50, F|100\/100\n|turn|2\n|\n|t:|1700895437\n|switch|p1b: Iron Hands|Iron Hands, L50|100\/100\n|move|p2b: Roaring Moon|Knock Off|p1b: Iron Hands\n|-resisted|p1b: Iron Hands\n|-damage|p1b: Iron Hands|88\/100\n|-enditem|p1b: Iron Hands|Assault Vest|[from] move: Knock Off|[of] p2b: Roaring Moon\n|move|p2a: Ogerpon|Swords Dance|p2a: Ogerpon\n|-boost|p2a: Ogerpon|atk|2\n|move|p1a: Roaring Moon|Breaking Swipe|p2b: Roaring Moon|[spread] p2a,p2b\n|-supereffective|p2b: Roaring Moon\n|-damage|p2a: Ogerpon|78\/100\n|-damage|p2b: Roaring Moon|42\/100\n|-unboost|p2a: Ogerpon|atk|1\n|-unboost|p2b: Roaring Moon|atk|1\n|\n|upkeep\n|turn|3\n|\n|t:|1700895451\n|-end|p2b: Roaring Moon|Protosynthesis|[silent]\n|switch|p2b: Heatran|Heatran, L50, M|100\/100\n|move|p2a: Ogerpon|Spiky Shield|p2a: Ogerpon\n|-singleturn|p2a: Ogerpon|move: Protect\n|move|p1b: Iron Hands|Fake Out|p2a: Ogerpon\n|-activate|p2a: Ogerpon|move: Protect\n|-damage|p1b: Iron Hands|76\/100|[from] Spiky Shield|[of] p2a: Ogerpon\n|move|p1a: Roaring Moon|Tailwind|p1a: Roaring Moon\n|-sidestart|p1: DarthGlacies|move: Tailwind\n|\n|upkeep\n|turn|4\n|inactive|azubbang has 30 seconds left.\n|inactive|azubbang has 20 seconds left.\n|inactive|azubbang has 15 seconds left.\n|\n|t:|1700895492\n|-end|p1b: Iron Hands|Quark Drive|[silent]\n|switch|p1b: Iron Bundle|Iron Bundle, L50|100\/100\n|move|p1a: Roaring Moon|Knock Off|p2b: Heatran\n|-crit|p2b: Heatran\n|-damage|p2b: Heatran|44\/100\n|-enditem|p2b: Heatran|Life Orb|[from] move: Knock Off|[of] p1a: Roaring Moon\n|move|p2a: Ogerpon|Ivy Cudgel|p1a: Roaring Moon|[anim] Ivy Cudgel Water\n|-resisted|p1a: Roaring Moon\n|-crit|p1a: Roaring Moon\n|-damage|p1a: Roaring Moon|27\/100\n|move|p2b: Heatran|Flash Cannon|p1a: Roaring Moon\n|-crit|p1a: Roaring Moon\n|-damage|p1a: Roaring Moon|0 fnt\n|faint|p1a: Roaring Moon\n|-end|p1a: Roaring Moon|Protosynthesis|[silent]\n|\n|-sideend|p2: azubbang|move: Tailwind\n|upkeep\n|\n|t:|1700895506\n|switch|p1a: Iron Hands|Iron Hands, L50|76\/100\n|turn|5\n|\n|t:|1700895518\n|move|p2a: Ogerpon|Spiky Shield|p2a: Ogerpon\n|-singleturn|p2a: Ogerpon|move: Protect\n|move|p2b: Heatran|Protect|p2b: Heatran\n|-singleturn|p2b: Heatran|Protect\n|move|p1b: Iron Bundle|Freeze-Dry|p2a: Ogerpon\n|-activate|p2a: Ogerpon|move: Protect\n|move|p1a: Iron Hands|Wild Charge|p2b: Heatran\n|-activate|p2b: Heatran|move: Protect\n|\n|upkeep\n|turn|6\n|inactive|azubbang has 30 seconds left.\n|\n|t:|1700895544\n|-terastallize|p2a: Ogerpon|Water\n|detailschange|p2a: Ogerpon|Ogerpon-Wellspring-Tera, L50, F, tera:Water\n|-ability|p2a: Ogerpon|Embody Aspect (Wellspring)|boost\n|-boost|p2a: Ogerpon|spd|1\n|-terastallize|p1a: Iron Hands|Grass\n|move|p1b: Iron Bundle|Hydro Pump|p2b: Heatran\n|-supereffective|p2b: Heatran\n|-damage|p2b: Heatran|0 fnt\n|faint|p2b: Heatran\n|move|p2a: Ogerpon|Horn Leech|p1b: Iron Bundle\n|-supereffective|p1b: Iron Bundle\n|-enditem|p1b: Iron Bundle|Focus Sash\n|-damage|p1b: Iron Bundle|1\/100\n|-heal|p2a: Ogerpon|100\/100|[from] drain|[of] p1b: Iron Bundle\n|move|p1a: Iron Hands|Wild Charge|p2a: Ogerpon\n|-supereffective|p2a: Ogerpon\n|-damage|p2a: Ogerpon|0 fnt\n|faint|p2a: Ogerpon\n|-damage|p1a: Iron Hands|57\/100|[from] Recoil\n|\n|-sideend|p1: DarthGlacies|move: Tailwind\n|upkeep\n|\n|t:|1700895559\n|switch|p2b: Roaring Moon|Roaring Moon, L50|42\/100\n|turn|7\n|\n|t:|1700895565\n|move|p2b: Roaring Moon|Acrobatics|p1b: Iron Bundle\n|-damage|p1b: Iron Bundle|0 fnt\n|faint|p1b: Iron Bundle\n|-end|p1b: Iron Bundle|Quark Drive|[silent]\n|move|p1a: Iron Hands|Drain Punch|p2b: Roaring Moon\n|-supereffective|p2b: Roaring Moon\n|-damage|p2b: Roaring Moon|0 fnt\n|-heal|p1a: Iron Hands|72\/100|[from] drain|[of] p2b: Roaring Moon\n|faint|p2b: Roaring Moon\n|-end|p2b: Roaring Moon|Protosynthesis|[silent]\n|\n|win|DarthGlacies\n|c|\u2606azubbang|gg\n|c|&|\/uhtml prompt-azubbang,azubbang is ready for game 2!\n|c|\u2606DarthGlacies|ggs\n|c|&|\/uhtml prompt-darthglacies,DarthGlacies is ready for game 2!\nBoth players are ready! Starting next match!\n","uploadtime":1700895943,"views":7,"p1id":"darthglacies","p2id":"azubbang","formatid":"gen9vgc2023regulatione","rating":0,"private":0,"password":""}