{"id":"gen9vgc2023regulatione-1988399590","p1":"Xstream Nferno","p2":"Dumdunsparce","format":"[Gen 9] VGC 2023 Regulation E","log":"|j|\u2606Xstream Nferno\n|j|\u2606Dumdunsparce\n|t:|1699718643\n|gametype|doubles\n|player|p1|Xstream Nferno|psychic-gen4|1297\n|player|p2|Dumdunsparce|harlequin|1324\n|teamsize|p1|6\n|teamsize|p2|6\n|gen|9\n|tier|[Gen 9] VGC 2023 Regulation E\n|rated|\n|rule|Species Clause: Limit one of each Pok\u00e9mon\n|rule|Item Clause: Limit one of each item\n|clearpoke\n|poke|p1|Tatsugiri, L50, F|\n|poke|p1|Dondozo, L50, F|\n|poke|p1|Ogerpon-Hearthflame, L50, F|\n|poke|p1|Chien-Pao, L50|\n|poke|p1|Dragonite, L50, M|\n|poke|p1|Flutter Mane, L50|\n|poke|p2|Zapdos-Galar, L50|\n|poke|p2|Chien-Pao, L50|\n|poke|p2|Arcanine-Hisui, L50, M|\n|poke|p2|Amoonguss, L50, M|\n|poke|p2|Roaring Moon, L50|\n|poke|p2|Bruxish, L50, F|\n|teampreview|4\n|inactive|Battle timer is ON: inactive players will automatically lose when time's up. (requested by Xstream Nferno)\nXstream Nferno rejected open team sheets.\n|\n|t:|1699718673\n|start\n|switch|p1a: Chien-Pao|Chien-Pao, L50|100\/100\n|switch|p1b: Dragonite|Dragonite, L50, M|100\/100\n|switch|p2a: Zapdos|Zapdos-Galar, L50|100\/100\n|switch|p2b: Arcanine|Arcanine-Hisui, L50, M|100\/100\n|-ability|p1a: Chien-Pao|Sword of Ruin\n|-ability|p2b: Arcanine|Intimidate|boost\n|-unboost|p1a: Chien-Pao|atk|1\n|-fail|p1b: Dragonite|unboost|Attack|[from] ability: Inner Focus|[of] p1b: Dragonite\n|turn|1\n|inactive|Dumdunsparce has 30 seconds left.\n|\n|t:|1699718707\n|move|p2a: Zapdos|Thunderous Kick|p1b: Dragonite\n|-resisted|p1b: Dragonite\n|-damage|p1b: Dragonite|67\/100\n|-unboost|p1b: Dragonite|def|1\n|move|p1a: Chien-Pao|Ice Spinner|p2a: Zapdos\n|-supereffective|p2a: Zapdos\n|-damage|p2a: Zapdos|6\/100\n|move|p2b: Arcanine|Rock Slide|p1a: Chien-Pao|[spread] p1a,p1b\n|-supereffective|p1a: Chien-Pao\n|-supereffective|p1b: Dragonite\n|-crit|p1b: Dragonite\n|-enditem|p1a: Chien-Pao|Focus Sash\n|-damage|p1a: Chien-Pao|1\/100\n|-damage|p1b: Dragonite|0 fnt\n|faint|p1b: Dragonite\n|\n|upkeep\n|inactive|Xstream Nferno has 30 seconds left.\n|inactive|Xstream Nferno has 20 seconds left.\n|inactive|Xstream Nferno has 15 seconds left.\n|\n|t:|1699718748\n|switch|p1b: Dondozo|Dondozo, L50, F|100\/100\n|turn|2\n|inactive|Dumdunsparce has 30 seconds left.\n|\n|t:|1699718775\n|switch|p2a: Roaring Moon|Roaring Moon, L50|100\/100\n|-enditem|p2a: Roaring Moon|Booster Energy\n|-activate|p2a: Roaring Moon|ability: Protosynthesis|[fromitem]\n|-start|p2a: Roaring Moon|protosynthesisspe\n|-terastallize|p2b: Arcanine|Normal\n|move|p1a: Chien-Pao|Sucker Punch||[still]\n|-fail|p1a: Chien-Pao\n|move|p2b: Arcanine|Rock Slide|p1a: Chien-Pao|[spread] p1b\n|-miss|p2b: Arcanine|p1a: Chien-Pao\n|-damage|p1b: Dondozo|65\/100\n|move|p1b: Dondozo|Wave Crash|p2b: Arcanine\n|-damage|p2b: Arcanine|20\/100\n|-damage|p1b: Dondozo|44\/100|[from] Recoil\n|\n|-heal|p1b: Dondozo|50\/100|[from] item: Leftovers\n|upkeep\n|turn|3\n|inactive|Xstream Nferno has 30 seconds left.\n|inactive|Dumdunsparce has 30 seconds left.\n|\n|t:|1699718807\n|switch|p2b: Zapdos|Zapdos-Galar, L50|6\/100\n|move|p1b: Dondozo|Protect|p1b: Dondozo\n|-singleturn|p1b: Dondozo|Protect\n|move|p1a: Chien-Pao|Sucker Punch||[still]\n|-fail|p1a: Chien-Pao\n|move|p2a: Roaring Moon|Breaking Swipe|p1b: Dondozo|[spread] p1a\n|-activate|p1b: Dondozo|move: Protect\n|-damage|p1a: Chien-Pao|0 fnt\n|faint|p1a: Chien-Pao\n|\n|-heal|p1b: Dondozo|56\/100|[from] item: Leftovers\n|upkeep\n|\n|t:|1699718817\n|switch|p1a: Tatsugiri|Tatsugiri, L50, F|100\/100\n|-activate|p1a: Tatsugiri|ability: Commander|[of] p1b: Dondozo\n|-boost|p1b: Dondozo|atk|2\n|-boost|p1b: Dondozo|spa|2\n|-boost|p1b: Dondozo|spe|2\n|-boost|p1b: Dondozo|def|2\n|-boost|p1b: Dondozo|spd|2\n|turn|4\n|\n|t:|1699718841\n|move|p2a: Roaring Moon|Knock Off|p1b: Dondozo\n|-damage|p1b: Dondozo|39\/100\n|-enditem|p1b: Dondozo|Leftovers|[from] move: Knock Off|[of] p2a: Roaring Moon\n|move|p2b: Zapdos|Thunderous Kick|p1b: Dondozo\n|-damage|p1b: Dondozo|21\/100\n|-unboost|p1b: Dondozo|def|1\n|move|p1b: Dondozo|Order Up|p2a: Roaring Moon\n|-supereffective|p2a: Roaring Moon\n|-damage|p2a: Roaring Moon|19\/100\n|-boost|p1b: Dondozo|atk|1\n|\n|upkeep\n|turn|5\n|inactive|Dumdunsparce has 30 seconds left.\n|\n|t:|1699718868\n|move|p1b: Dondozo|Protect|p1b: Dondozo\n|-singleturn|p1b: Dondozo|Protect\n|move|p2a: Roaring Moon|Knock Off|p1b: Dondozo\n|-activate|p1b: Dondozo|move: Protect\n|move|p2b: Zapdos|Thunderous Kick|p1b: Dondozo\n|-activate|p1b: Dondozo|move: Protect\n|\n|upkeep\n|turn|6\n|\n|t:|1699718882\n|-terastallize|p1b: Dondozo|Dragon\n|move|p2a: Roaring Moon|Knock Off|p1b: Dondozo\n|-damage|p1b: Dondozo|6\/100\n|move|p2b: Zapdos|Thunderous Kick|p1b: Dondozo\n|-damage|p1b: Dondozo|0 fnt\n|faint|p1b: Dondozo\n|\n|upkeep\n|turn|7\n|\n|t:|1699718898\n|move|p2a: Roaring Moon|Breaking Swipe|p1a: Tatsugiri\n|-supereffective|p1a: Tatsugiri\n|-damage|p1a: Tatsugiri|0 fnt\n|faint|p1a: Tatsugiri\n|\n|win|Dumdunsparce\n|raw|Xstream Nferno's rating: 1297 &rarr; <strong>1274<\/strong><br \/>(-23 for losing)\n|raw|Dumdunsparce's rating: 1324 &rarr; <strong>1342<\/strong><br \/>(+18 for winning)\n|l|\u2606Xstream Nferno\n","uploadtime":1699718905,"views":51,"p1id":"xstreamnferno","p2id":"dumdunsparce","formatid":"gen9vgc2023regulatione","rating":1274,"private":0,"password":""}