{"id":"gen9vgc2023regulatione-1994864681","p1":"NyksLumina","p2":"sharkwouter","format":"[Gen 9] VGC 2023 Regulation E","log":"|j|\u2606NyksLumina\n|j|\u2606sharkwouter\n|t:|1700499809\n|gametype|doubles\n|player|p1|NyksLumina|pokemonrangerf-gen4|1065\n|player|p2|sharkwouter|265|1032\n|teamsize|p1|6\n|teamsize|p2|6\n|gen|9\n|tier|[Gen 9] VGC 2023 Regulation E\n|rated|\n|rule|Species Clause: Limit one of each Pok\u00e9mon\n|rule|Item Clause: Limit one of each item\n|clearpoke\n|poke|p1|Flutter Mane, L50|\n|poke|p1|Farigiraf, L50, F|\n|poke|p1|Kommo-o, L50, F|\n|poke|p1|Ogerpon-Hearthflame, L50, F|\n|poke|p1|Roaring Moon, L50|\n|poke|p1|Milotic, L50, F|\n|poke|p2|Florges, L50, F|\n|poke|p2|Flareon, L50, F|\n|poke|p2|Ninetales, L50, F|\n|poke|p2|Jumpluff, L50, F|\n|poke|p2|Lilligant-Hisui, L50, F|\n|poke|p2|Dragonite, L50, M|\n|teampreview|4\n|\n|t:|1700499862\n|start\n|switch|p1a: Farigiraf|Farigiraf, L50, F|100\/100\n|switch|p1b: Flutter Mane|Flutter Mane, L50|100\/100\n|switch|p2a: Ninetales|Ninetales, L50, F|100\/100\n|switch|p2b: Lilligant|Lilligant-Hisui, L50, F|100\/100\n|-weather|SunnyDay|[from] ability: Drought|[of] p2a: Ninetales\n|-activate|p1b: Flutter Mane|ability: Protosynthesis\n|-start|p1b: Flutter Mane|protosynthesisspa\n|turn|1\n|\n|t:|1700499882\n|switch|p2b: Jumpluff|Jumpluff, L50, F|100\/100\n|move|p1b: Flutter Mane|Moonblast|p2b: Jumpluff\n|-damage|p2b: Jumpluff|4\/100\n|move|p2a: Ninetales|Burning Jealousy|p1a: Farigiraf|[spread] p1a,p1b\n|-damage|p1a: Farigiraf|83\/100\n|-damage|p1b: Flutter Mane|74\/100\n|move|p1a: Farigiraf|Trick Room|p1a: Farigiraf\n|-fieldstart|move: Trick Room|[of] p1a: Farigiraf\n|\n|-weather|SunnyDay|[upkeep]\n|upkeep\n|turn|2\n|\n|t:|1700499907\n|move|p2b: Jumpluff|Rage Powder|p2b: Jumpluff\n|-singleturn|p2b: Jumpluff|move: Rage Powder\n|move|p1a: Farigiraf|Hyper Voice|p2b: Jumpluff|[spread] p2a,p2b\n|-damage|p2a: Ninetales|82\/100\n|-damage|p2b: Jumpluff|0 fnt\n|faint|p2b: Jumpluff\n|move|p2a: Ninetales|Heat Wave|p1b: Flutter Mane|[spread] p1a,p1b\n|-damage|p1a: Farigiraf|56\/100\n|-damage|p1b: Flutter Mane|41\/100\n|move|p1b: Flutter Mane|Moonblast|p2a: Ninetales\n|-resisted|p2a: Ninetales\n|-damage|p2a: Ninetales|49\/100\n|\n|-weather|SunnyDay|[upkeep]\n|upkeep\n|\n|t:|1700499919\n|switch|p2b: Dragonite|Dragonite, L50, M|100\/100\n|turn|3\n|\n|t:|1700499935\n|-terastallize|p2b: Dragonite|Normal\n|move|p2b: Dragonite|Extreme Speed||[still]\n|cant|p1a: Farigiraf|ability: Armor Tail|Extreme Speed|[of] p2b: Dragonite\n|move|p1a: Farigiraf|Psychic|p2a: Ninetales\n|-damage|p2a: Ninetales|23\/100\n|move|p2a: Ninetales|Heat Wave|p1a: Farigiraf|[spread] p1a\n|-miss|p2a: Ninetales|p1b: Flutter Mane\n|-damage|p1a: Farigiraf|31\/100\n|move|p1b: Flutter Mane|Moonblast|p2b: Dragonite\n|-damage|p2b: Dragonite|54\/100\n|\n|-weather|SunnyDay|[upkeep]\n|-heal|p2b: Dragonite|60\/100|[from] item: Leftovers\n|upkeep\n|turn|4\n|\n|t:|1700499954\n|move|p1a: Farigiraf|Hyper Voice|p2a: Ninetales|[spread] p2a,p2b\n|-crit|p2a: Ninetales\n|-damage|p2a: Ninetales|0 fnt\n|-damage|p2b: Dragonite|38\/100\n|faint|p2a: Ninetales\n|move|p2b: Dragonite|Brick Break|p1a: Farigiraf\n|-damage|p1a: Farigiraf|1\/100\n|move|p1b: Flutter Mane|Moonblast|p2b: Dragonite\n|-damage|p2b: Dragonite|0 fnt\n|faint|p2b: Dragonite\n|\n|-weather|SunnyDay|[upkeep]\n|upkeep\n|\n|t:|1700499996\n|switch|p2b: Lilligant|Lilligant-Hisui, L50, F|100\/100\n|turn|5\n|\n|t:|1700500012\n|move|p2b: Lilligant|Protect|p2b: Lilligant\n|-singleturn|p2b: Lilligant|Protect\n|move|p1a: Farigiraf|Psychic|p2b: Lilligant\n|-activate|p2b: Lilligant|move: Protect\n|move|p1b: Flutter Mane|Moonblast|p2b: Lilligant\n|-activate|p2b: Lilligant|move: Protect\n|\n|-weather|none\n|-end|p1b: Flutter Mane|Protosynthesis\n|-fieldend|move: Trick Room\n|upkeep\n|turn|6\n|\n|t:|1700500025\n|move|p1b: Flutter Mane|Moonblast|p2b: Lilligant\n|-supereffective|p2b: Lilligant\n|-damage|p2b: Lilligant|0 fnt\n|faint|p2b: Lilligant\n|\n|win|NyksLumina\n|raw|NyksLumina's rating: 1065 &rarr; <strong>1092<\/strong><br \/>(+27 for winning)\n|raw|sharkwouter's rating: 1032 &rarr; <strong>1019<\/strong><br \/>(-13 for losing)\n","uploadtime":1700500037,"views":15,"p1id":"nykslumina","p2id":"sharkwouter","formatid":"gen9vgc2023regulatione","rating":1019,"private":0,"password":""}