{"id":"gen9vgc2023regulatione-1995337500","p1":"Trenabuser69","p2":"Brotecitow","format":"[Gen 9] VGC 2023 Regulation E","log":"|j|\u2606Trenabuser69\n|j|\u2606Brotecitow\n|t:|1700556011\n|gametype|doubles\n|player|p1|Trenabuser69|blackbelt-gen4dp|1044\n|player|p2|Brotecitow|pokemonbreederf-gen4|1056\n|teamsize|p1|6\n|teamsize|p2|6\n|gen|9\n|tier|[Gen 9] VGC 2023 Regulation E\n|rated|\n|rule|Species Clause: Limit one of each Pok\u00e9mon\n|rule|Item Clause: Limit one of each item\n|clearpoke\n|poke|p1|Amoonguss, L50, M|\n|poke|p1|Tornadus, L50, M|\n|poke|p1|Arcanine-Hisui, L50, M|\n|poke|p1|Regieleki, L50|\n|poke|p1|Urshifu-*, L50, M|\n|poke|p1|Flutter Mane, L50|\n|poke|p2|Mimikyu, L50, F|\n|poke|p2|Gastrodon-East, L50, F|\n|poke|p2|Hatterene, L50, F|\n|poke|p2|Golem-Alola, L50, M|\n|poke|p2|Glastrier, L50|\n|poke|p2|Amoonguss, L50, F|\n|teampreview|4\n|inactive|Battle timer is ON: inactive players will automatically lose when time's up. (requested by Brotecitow)\n|\n|t:|1700556042\n|start\n|switch|p1a: Tornadus|Tornadus, L50, M|100\/100\n|switch|p1b: Flutter Mane|Flutter Mane, L50|100\/100\n|switch|p2a: Mimikyu|Mimikyu, L50, F|100\/100\n|switch|p2b: Golem|Golem-Alola, L50, M|100\/100\n|-enditem|p1b: Flutter Mane|Booster Energy\n|-activate|p1b: Flutter Mane|ability: Protosynthesis|[fromitem]\n|-start|p1b: Flutter Mane|protosynthesisspe\n|turn|1\n|inactive|Trenabuser69 has 30 seconds left.\n|\n|t:|1700556072\n|move|p2b: Golem|Protect|p2b: Golem\n|-singleturn|p2b: Golem|Protect\n|move|p1a: Tornadus|Tailwind|p1a: Tornadus\n|-sidestart|p1: Trenabuser69|move: Tailwind\n|move|p1b: Flutter Mane|Icy Wind|p2b: Golem|[spread] p2a\n|-activate|p2b: Golem|move: Protect\n|-activate|p2a: Mimikyu|ability: Disguise\n|-damage|p2a: Mimikyu|100\/100\n|-unboost|p2a: Mimikyu|spe|1\n|detailschange|p2a: Mimikyu|Mimikyu-Busted, L50, F\n|-damage|p2a: Mimikyu|88\/100|[from] pokemon: Mimikyu-Busted\n|move|p2a: Mimikyu|Trick Room|p2a: Mimikyu\n|-fieldstart|move: Trick Room|[of] p2a: Mimikyu\n|\n|upkeep\n|turn|2\n|inactive|Brotecitow has 30 seconds left.\n|inactive|Trenabuser69 has 30 seconds left.\n|\n|t:|1700556106\n|move|p1a: Tornadus|Protect|p1a: Tornadus\n|-singleturn|p1a: Tornadus|Protect\n|move|p1b: Flutter Mane|Protect|p1b: Flutter Mane\n|-singleturn|p1b: Flutter Mane|Protect\n|move|p2a: Mimikyu|Shadow Sneak|p1a: Tornadus\n|-activate|p1a: Tornadus|move: Protect\n|move|p2b: Golem|Explosion|p1a: Tornadus|[spread] p2a\n|-activate|p1a: Tornadus|move: Protect\n|-activate|p1b: Flutter Mane|move: Protect\n|-damage|p2a: Mimikyu|0 fnt\n|faint|p2b: Golem\n|faint|p2a: Mimikyu\n|\n|upkeep\n|c|\u2606Trenabuser69|f\n|\n|t:|1700556122\n|switch|p2b: Gastrodon|Gastrodon-East, L50, F|100\/100\n|switch|p2a: Glastrier|Glastrier, L50|100\/100\n|turn|3\n|\n|t:|1700556140\n|move|p2a: Glastrier|Heavy Slam|p1b: Flutter Mane\n|-supereffective|p1b: Flutter Mane\n|-damage|p1b: Flutter Mane|0 fnt\n|faint|p1b: Flutter Mane\n|-end|p1b: Flutter Mane|Protosynthesis|[silent]\n|-ability|p2a: Glastrier|Chilling Neigh|boost\n|-boost|p2a: Glastrier|atk|1\n|move|p2b: Gastrodon|Stockpile|p2b: Gastrodon\n|-start|p2b: Gastrodon|stockpile1\n|-boost|p2b: Gastrodon|def|1\n|-boost|p2b: Gastrodon|spd|1\n|move|p1a: Tornadus|Bleakwind Storm|p2b: Gastrodon|[spread] \n|-miss|p1a: Tornadus|p2a: Glastrier\n|-miss|p1a: Tornadus|p2b: Gastrodon\n|\n|upkeep\n|\n|t:|1700556157\n|switch|p1b: Amoonguss|Amoonguss, L50, M|100\/100\n|turn|4\n|\n|t:|1700556172\n|-terastallize|p2b: Gastrodon|Fairy\n|move|p1a: Tornadus|Protect|p1a: Tornadus\n|-singleturn|p1a: Tornadus|Protect\n|move|p2a: Glastrier|Icicle Crash|p1a: Tornadus\n|-activate|p1a: Tornadus|move: Protect\n|move|p2b: Gastrodon|Muddy Water|p1b: Amoonguss|[spread] p1b\n|-activate|p1a: Tornadus|move: Protect\n|-resisted|p1b: Amoonguss\n|-damage|p1b: Amoonguss|92\/100\n|move|p1b: Amoonguss|Spore|p2a: Glastrier\n|-status|p2a: Glastrier|slp|[from] move: Spore\n|\n|-sideend|p1: Trenabuser69|move: Tailwind\n|upkeep\n|turn|5\n|\n|t:|1700556197\n|cant|p2a: Glastrier|slp\n|move|p1b: Amoonguss|Pollen Puff|p2b: Gastrodon\n|-resisted|p2b: Gastrodon\n|-damage|p2b: Gastrodon|95\/100\n|move|p2b: Gastrodon|Stockpile|p2b: Gastrodon\n|-start|p2b: Gastrodon|stockpile2\n|-boost|p2b: Gastrodon|def|1\n|-boost|p2b: Gastrodon|spd|1\n|move|p1a: Tornadus|Bleakwind Storm|p2a: Glastrier|[spread] p2a\n|-miss|p1a: Tornadus|p2b: Gastrodon\n|-damage|p2a: Glastrier|72\/100 slp\n|\n|-fieldend|move: Trick Room\n|upkeep\n|turn|6\n|\n|t:|1700556220\n|move|p1a: Tornadus|Bleakwind Storm|p2b: Gastrodon|[spread] p2a,p2b\n|-damage|p2a: Glastrier|41\/100 slp\n|-damage|p2b: Gastrodon|75\/100\n|move|p2b: Gastrodon|Muddy Water|p1b: Amoonguss|[spread] p1b\n|-miss|p2b: Gastrodon|p1a: Tornadus\n|-resisted|p1b: Amoonguss\n|-damage|p1b: Amoonguss|83\/100\n|-unboost|p1b: Amoonguss|accuracy|1\n|move|p1b: Amoonguss|Spore|p2b: Gastrodon|[miss]\n|-miss|p1b: Amoonguss|p2b: Gastrodon\n|cant|p2a: Glastrier|slp\n|\n|upkeep\n|turn|7\n|\n|t:|1700556238\n|move|p1a: Tornadus|Tailwind|p1a: Tornadus\n|-sidestart|p1: Trenabuser69|move: Tailwind\n|move|p1b: Amoonguss|Spore|p2b: Gastrodon\n|-status|p2b: Gastrodon|slp|[from] move: Spore\n|cant|p2b: Gastrodon|slp\n|cant|p2a: Glastrier|slp\n|\n|upkeep\n|turn|8\n|\n|t:|1700556250\n|switch|p1a: Urshifu|Urshifu-Rapid-Strike, L50, M|100\/100\n|move|p1b: Amoonguss|Rage Powder|p1b: Amoonguss\n|-singleturn|p1b: Amoonguss|move: Rage Powder\n|-curestatus|p2b: Gastrodon|slp|[msg]\n|move|p2b: Gastrodon|Muddy Water|p1a: Urshifu|[spread] p1a,p1b\n|-resisted|p1a: Urshifu\n|-resisted|p1b: Amoonguss\n|-damage|p1a: Urshifu|87\/100\n|-damage|p1b: Amoonguss|74\/100\n|-unboost|p1b: Amoonguss|accuracy|1\n|-curestatus|p2a: Glastrier|slp|[msg]\n|move|p2a: Glastrier|Icicle Crash|p1b: Amoonguss\n|-supereffective|p1b: Amoonguss\n|-damage|p1b: Amoonguss|0 fnt\n|faint|p1b: Amoonguss\n|-ability|p2a: Glastrier|Chilling Neigh|boost\n|-boost|p2a: Glastrier|atk|1\n|\n|upkeep\n|\n|t:|1700556265\n|switch|p1b: Tornadus|Tornadus, L50, M|100\/100\n|turn|9\n|\n|t:|1700556280\n|move|p1b: Tornadus|Taunt|p2b: Gastrodon\n|-start|p2b: Gastrodon|move: Taunt\n|move|p1a: Urshifu|Close Combat|p2a: Glastrier\n|-supereffective|p2a: Glastrier\n|-damage|p2a: Glastrier|0 fnt\n|-unboost|p1a: Urshifu|def|1\n|-unboost|p1a: Urshifu|spd|1\n|faint|p2a: Glastrier\n|move|p2b: Gastrodon|Muddy Water|p1b: Tornadus|[spread] \n|-miss|p2b: Gastrodon|p1a: Urshifu\n|-miss|p2b: Gastrodon|p1b: Tornadus\n|\n|upkeep\n|turn|10\n|\n|t:|1700556294\n|move|p1a: Urshifu|Close Combat|p2b: Gastrodon\n|-resisted|p2b: Gastrodon\n|-damage|p2b: Gastrodon|63\/100\n|-unboost|p1a: Urshifu|def|1\n|-unboost|p1a: Urshifu|spd|1\n|-damage|p1a: Urshifu|71\/100|[from] item: Rocky Helmet|[of] p2b: Gastrodon\n|move|p1b: Tornadus|Bleakwind Storm|p2b: Gastrodon\n|-damage|p2b: Gastrodon|39\/100\n|move|p2b: Gastrodon|Earth Power|p1a: Urshifu\n|-damage|p1a: Urshifu|0 fnt\n|faint|p1a: Urshifu\n|\n|-sideend|p1: Trenabuser69|move: Tailwind\n|upkeep\n|turn|11\n|\n|t:|1700556312\n|move|p1b: Tornadus|Bleakwind Storm|p2b: Gastrodon\n|-damage|p2b: Gastrodon|17\/100\n|-unboost|p2b: Gastrodon|spe|1\n|move|p2b: Gastrodon|Muddy Water|p1b: Tornadus\n|-crit|p1b: Tornadus\n|-damage|p1b: Tornadus|55\/100\n|\n|-end|p2b: Gastrodon|move: Taunt\n|upkeep\n|turn|12\n|\n|t:|1700556322\n|move|p1b: Tornadus|Bleakwind Storm|p2b: Gastrodon\n|-damage|p2b: Gastrodon|0 fnt\n|faint|p2b: Gastrodon\n|\n|win|Trenabuser69\n|raw|Trenabuser69's rating: 1044 &rarr; <strong>1079<\/strong><br \/>(+35 for winning)\n|raw|Brotecitow's rating: 1056 &rarr; <strong>1037<\/strong><br \/>(-19 for losing)\n|c|\u2606Trenabuser69|gg+\n|l|\u2606Brotecitow\n","uploadtime":1700556363,"views":6,"p1id":"trenabuser69","p2id":"brotecitow","formatid":"gen9vgc2023regulatione","rating":1037,"private":0,"password":""}