{"id":"gen9vgc2023regulatione-1994370353","p1":"TakinaVGC","p2":"Osprey11","format":"[Gen 9] VGC 2023 Regulation E","log":"|j|\u2606TakinaVGC\n|j|\u2606Osprey11\n|t:|1700436183\n|gametype|doubles\n|player|p1|TakinaVGC|cynthia|\n|player|p2|Osprey11|101|\n|teamsize|p1|6\n|teamsize|p2|6\n|gen|9\n|tier|[Gen 9] VGC 2023 Regulation E\n|rule|Species Clause: Limit one of each Pok\u00e9mon\n|rule|Item Clause: Limit one of each item\n|clearpoke\n|poke|p1|Arcanine-Hisui, L50, F|\n|poke|p1|Tornadus, L50, M|\n|poke|p1|Urshifu-*, L50, F|\n|poke|p1|Rillaboom, L50, M|\n|poke|p1|Regidrago, L50|\n|poke|p1|Scizor, L50, F|\n|poke|p2|Moltres-Galar, L50|\n|poke|p2|Sinistcha, L50|\n|poke|p2|Iron Hands, L50|\n|poke|p2|Ogerpon-Wellspring, L50, F|\n|poke|p2|Arcanine-Hisui, L50, F|\n|poke|p2|Tornadus, L50, M|\n|teampreview|4\nTakinaVGC has agreed to open team sheets.\nOsprey11 has agreed to open team sheets.\n|showteam|p1|Arcanine-Hisui||ChoiceBand|Intimidate|FlareBlitz,RockSlide,ExtremeSpeed,HeadSmash|||F|||50|,,,,,Water]Tornadus||SharpBeak|Prankster|Tailwind,BleakwindStorm,RainDance,Protect|||M|||50|,,,,,Dragon]Urshifu-Rapid-Strike||MysticWater|UnseenFist|SurgingStrikes,AquaJet,CloseCombat,Protect|||F|||50|,,,,,Water]Rillaboom||AssaultVest|GrassySurge|FakeOut,GrassyGlide,WoodHammer,HighHorsepower|||M|||50|,,,,,Fire]Regidrago||DragonFang|DragonsMaw|DragonEnergy,DracoMeteor,EarthPower,Protect||||||50|,,,,,Steel]Scizor||ClearAmulet|Technician|BulletPunch,BugBite,Protect,DualWingbeat|||F|||50|,,,,,Water\n|showteam|p2|Moltres-Galar||Leftovers|Berserk|NastyPlot,Protect,FieryWrath,AirSlash||||||50|,,,,,Poison]Sinistcha||MentalHerb|Hospitality|TrickRoom,LifeDew,RagePowder,StrengthSap||||||50|,,,,,Water]Iron Hands||AssaultVest|QuarkDrive|FakeOut,WildCharge,DrainPunch,HeavySlam||||||50|,,,,,Fire]Ogerpon-Wellspring||WellspringMask|WaterAbsorb|SpikyShield,IvyCudgel,HornLeech,FollowMe|||F|||50|,,,,,Water]Arcanine-Hisui||SitrusBerry|Intimidate|FlareBlitz,WillOWisp,Snarl,RockSlide|||F|||50|,,,,,Grass]Tornadus||CovertCloak|Prankster|Tailwind,RainDance,BleakwindStorm,IcyWind|||M|||50|,,,,,Dark\n|\n|t:|1700436228\n|start\n|switch|p1a: Regidrago|Regidrago, L50|100\/100\n|switch|p1b: Rillaboom|Rillaboom, L50, M|100\/100\n|switch|p2a: Moltres|Moltres-Galar, L50|100\/100\n|switch|p2b: Iron Hands|Iron Hands, L50|100\/100\n|-fieldstart|move: Grassy Terrain|[from] ability: Grassy Surge|[of] p1b: Rillaboom\n|turn|1\n|\n|t:|1700436256\n|move|p1b: Rillaboom|Fake Out|p2b: Iron Hands\n|-damage|p2b: Iron Hands|90\/100\n|cant|p2b: Iron Hands|flinch\n|move|p1a: Regidrago|Dragon Energy|p2b: Iron Hands|[spread] p2a,p2b\n|-damage|p2a: Moltres|24\/100\n|-damage|p2b: Iron Hands|44\/100\n|-ability|p2a: Moltres|Berserk|boost\n|-boost|p2a: Moltres|spa|1\n|move|p2a: Moltres|Fiery Wrath|p1b: Rillaboom|[spread] p1a,p1b\n|-damage|p1a: Regidrago|60\/100\n|-damage|p1b: Rillaboom|72\/100\n|\n|-heal|p1a: Regidrago|66\/100|[from] Grassy Terrain\n|-heal|p2a: Moltres|30\/100|[from] item: Leftovers\n|-heal|p1b: Rillaboom|78\/100|[from] Grassy Terrain\n|-heal|p2b: Iron Hands|50\/100|[from] Grassy Terrain\n|upkeep\n|turn|2\n|\n|t:|1700436277\n|-end|p2b: Iron Hands|Quark Drive|[silent]\n|switch|p2b: Sinistcha|Sinistcha, L50|100\/100\n|-heal|p2a: Moltres|55\/100|[from] ability: Hospitality|[of] p2b: Sinistcha\n|move|p2a: Moltres|Protect|p2a: Moltres\n|-singleturn|p2a: Moltres|Protect\n|move|p1a: Regidrago|Dragon Energy|p2b: Sinistcha|[spread] p2b\n|-activate|p2a: Moltres|move: Protect\n|-damage|p2b: Sinistcha|52\/100\n|move|p1b: Rillaboom|High Horsepower|p2b: Sinistcha\n|-resisted|p2b: Sinistcha\n|-damage|p2b: Sinistcha|36\/100\n|\n|-heal|p1a: Regidrago|72\/100|[from] Grassy Terrain\n|-heal|p2a: Moltres|61\/100|[from] item: Leftovers\n|-heal|p1b: Rillaboom|84\/100|[from] Grassy Terrain\n|-heal|p2b: Sinistcha|43\/100|[from] Grassy Terrain\n|upkeep\n|turn|3\n|\n|t:|1700436325\n|switch|p1b: Arcanine|Arcanine-Hisui, L50, F|100\/100\n|-ability|p1b: Arcanine|Intimidate|boost\n|-unboost|p2a: Moltres|atk|1\n|-unboost|p2b: Sinistcha|atk|1\n|move|p1a: Regidrago|Dragon Energy|p2b: Sinistcha|[spread] p2a,p2b\n|-crit|p2b: Sinistcha\n|-damage|p2a: Moltres|14\/100\n|-damage|p2b: Sinistcha|0 fnt\n|faint|p2b: Sinistcha\n|-ability|p2a: Moltres|Berserk|boost\n|-boost|p2a: Moltres|spa|1\n|move|p2a: Moltres|Fiery Wrath|p1a: Regidrago|[spread] p1a,p1b\n|-damage|p1a: Regidrago|11\/100\n|-damage|p1b: Arcanine|50\/100\n|\n|-heal|p1a: Regidrago|17\/100|[from] Grassy Terrain\n|-heal|p1b: Arcanine|55\/100|[from] Grassy Terrain\n|-heal|p2a: Moltres|20\/100|[from] item: Leftovers\n|upkeep\n|\n|t:|1700436352\n|switch|p2b: Ogerpon|Ogerpon-Wellspring, L50, F|100\/100\n|turn|4\n|\n|t:|1700436407\n|switch|p1a: Rillaboom|Rillaboom, L50, M|84\/100\n|-terastallize|p2b: Ogerpon|Water\n|detailschange|p2b: Ogerpon|Ogerpon-Wellspring-Tera, L50, F, tera:Water\n|-ability|p2b: Ogerpon|Embody Aspect (Wellspring)|boost\n|-boost|p2b: Ogerpon|spd|1\n|move|p2a: Moltres|Protect|p2a: Moltres\n|-singleturn|p2a: Moltres|Protect\n|move|p1b: Arcanine|Extreme Speed|p2a: Moltres\n|-activate|p2a: Moltres|move: Protect\n|move|p2b: Ogerpon|Ivy Cudgel|p1b: Arcanine|[anim] Ivy Cudgel Water\n|-supereffective|p1b: Arcanine\n|-damage|p1b: Arcanine|0 fnt\n|faint|p1b: Arcanine\n|\n|-heal|p2a: Moltres|26\/100|[from] item: Leftovers\n|-heal|p1a: Rillaboom|90\/100|[from] Grassy Terrain\n|upkeep\n|\n|t:|1700436420\n|switch|p1b: Tornadus|Tornadus, L50, M|100\/100\n|turn|5\n|\n|t:|1700436460\n|switch|p2a: Iron Hands|Iron Hands, L50|50\/100\n|move|p2b: Ogerpon|Spiky Shield|p2b: Ogerpon\n|-singleturn|p2b: Ogerpon|move: Protect\n|move|p1b: Tornadus|Bleakwind Storm|p2a: Iron Hands|[spread] p2a\n|-activate|p2b: Ogerpon|move: Protect\n|-damage|p2a: Iron Hands|27\/100\n|-unboost|p2a: Iron Hands|spe|1\n|move|p1a: Rillaboom|Wood Hammer|p2b: Ogerpon\n|-activate|p2b: Ogerpon|move: Protect\n|-damage|p1a: Rillaboom|78\/100|[from] Spiky Shield|[of] p2b: Ogerpon\n|\n|-heal|p1a: Rillaboom|84\/100|[from] Grassy Terrain\n|-heal|p2a: Iron Hands|33\/100|[from] Grassy Terrain\n|-fieldend|move: Grassy Terrain\n|upkeep\n|turn|6\n|\n|t:|1700436493\n|switch|p2b: Moltres|Moltres-Galar, L50|26\/100\n|move|p1b: Tornadus|Protect|p1b: Tornadus\n|-singleturn|p1b: Tornadus|Protect\n|move|p1a: Rillaboom|High Horsepower|p2a: Iron Hands\n|-supereffective|p2a: Iron Hands\n|-damage|p2a: Iron Hands|0 fnt\n|faint|p2a: Iron Hands\n|-end|p2a: Iron Hands|Quark Drive|[silent]\n|\n|-heal|p2b: Moltres|32\/100|[from] item: Leftovers\n|upkeep\n|\n|t:|1700436502\n|switch|p2a: Ogerpon|Ogerpon-Wellspring-Tera, L50, F, tera:Water|100\/100\n|-ability|p2a: Ogerpon|Embody Aspect (Wellspring)|boost\n|-boost|p2a: Ogerpon|spd|1\n|turn|7\n|\n|t:|1700436513\n|move|p1b: Tornadus|Bleakwind Storm|p2b: Moltres|[spread] p2a,p2b\n|-damage|p2a: Ogerpon|76\/100\n|-damage|p2b: Moltres|0 fnt\n|-unboost|p2a: Ogerpon|spe|1\n|faint|p2b: Moltres\n|move|p1a: Rillaboom|Wood Hammer|p2a: Ogerpon\n|-supereffective|p2a: Ogerpon\n|-damage|p2a: Ogerpon|0 fnt\n|faint|p2a: Ogerpon\n|-damage|p1a: Rillaboom|60\/100|[from] Recoil\n|\n|win|TakinaVGC\n|c|\u2606Osprey11|gg I think\n","uploadtime":1700436527,"views":8,"p1id":"takinavgc","p2id":"osprey11","formatid":"gen9vgc2023regulatione","rating":0,"private":0,"password":""}