{"id":"gen9vgc2023regulatione-1997519826","p1":"perceived slight","p2":"Ytterby","format":"[Gen 9] VGC 2023 Regulation E","log":"|j|\u2606perceived slight\n|j|\u2606Ytterby\n|n|\u2606perceived slight|perceivedslight\n|n|\u2606Ytterby|ytterby\n|html|View the match progress at <a href=\"\/game-bestof3-gen9vgc2023regulatione-1997519825\">game-bestof3-gen9vgc2023regulatione-1997519825<\/a>\n|t:|1700819278\n|gametype|doubles\n|player|p1|perceived slight|ninjaboy|\n|player|p2|Ytterby|brycenman|\n|teamsize|p1|6\n|teamsize|p2|6\n|gen|9\n|tier|[Gen 9] VGC 2023 Regulation E\n|rule|Species Clause: Limit one of each Pok\u00e9mon\n|rule|Item Clause: Limit one of each item\n|clearpoke\n|poke|p1|Regieleki, L50|\n|poke|p1|Corviknight, L50, M|\n|poke|p1|Amoonguss, L50, M|\n|poke|p1|Urshifu-*, L50, F|\n|poke|p1|Dragapult, L50, M|\n|poke|p1|Ting-Lu, L50|\n|poke|p2|Indeedee-F, L50, F|\n|poke|p2|Armarouge, L50, F|\n|poke|p2|Torkoal, L50, M|\n|poke|p2|Amoonguss, L50, F|\n|poke|p2|Ursaluna-Bloodmoon, L50, M|\n|poke|p2|Gastrodon, L50, F|\n|teampreview|4\nYtterby has agreed to open team sheets.\nperceived slight has agreed to open team sheets.\n|showteam|p1|Regieleki||Magnet|Transistor|Thunderbolt,Electroweb,TeraBlast,Protect||||||50|,,,,,Ice]Corviknight||Leftovers|MirrorArmor|BraveBird,Roost,Taunt,BulkUp|||M|||50|,,,,,Dragon]Amoonguss||RockyHelmet|Regenerator|Spore,RagePowder,ClearSmog,PollenPuff|||M|||50|,,,,,Water]Urshifu-Rapid-Strike||ChoiceScarf|UnseenFist|SurgingStrikes,CloseCombat,Uturn,PoisonJab|||F|||50|,,,,,Water]Dragapult||FocusSash|ClearBody|WillOWisp,DragonDarts,Disable,Protect|||M|||50|,,,,,Fairy]Ting-Lu||SitrusBerry|VesselofRuin|Payback,StompingTantrum,HeavySlam,Protect||||||50|,,,,,Fire\n|showteam|p2|Indeedee-F||PsychicSeed|PsychicSurge|FollowMe,TrickRoom,HelpingHand,Psychic|||F|||50|,,,,,Water]Armarouge||LifeOrb|FlashFire|ExpandingForce,HeatWave,TrickRoom,WideGuard|||F|||50|,,,,,Grass]Torkoal||ChoiceSpecs|Drought|Eruption,Flamethrower,SolarBeam,EarthPower|||M|||50|,,,,,Fire]Amoonguss||SitrusBerry|Regenerator|Spore,PollenPuff,RagePowder,Protect|||F|||50|,,,,,Water]Ursaluna-Bloodmoon||AssaultVest|MindsEye|HyperVoice,BloodMoon,EarthPower,Moonblast|||M|||50|,,,,,Fairy]Gastrodon||Leftovers|StormDrain|Counter,MirrorCoat,MuddyWater,Protect|||F|||50|,,,,,Dragon\n|c|\u2606perceived slight|ayo let's go\n|c|\u2606perceived slight|only the hardest tr\n|c|\u2606Ytterby|Haha glhf against this horrid squad\n|\n|t:|1700819337\n|start\n|switch|p1a: Ting-Lu|Ting-Lu, L50|100\/100\n|switch|p1b: Corviknight|Corviknight, L50, M|100\/100\n|switch|p2a: Indeedee|Indeedee-F, L50, F|100\/100\n|switch|p2b: Armarouge|Armarouge, L50, F|100\/100\n|-fieldstart|move: Psychic Terrain|[from] ability: Psychic Surge|[of] p2a: Indeedee\n|-enditem|p2a: Indeedee|Psychic Seed\n|-boost|p2a: Indeedee|spd|1|[from] item: Psychic Seed\n|-ability|p1a: Ting-Lu|Vessel of Ruin\n|turn|1\n|c|\u2606perceived slight|gonna need it lmao\n|\n|t:|1700819362\n|move|p2a: Indeedee|Follow Me|p2a: Indeedee\n|-singleturn|p2a: Indeedee|move: Follow Me\n|move|p1b: Corviknight|Taunt|p2a: Indeedee\n|-start|p2a: Indeedee|move: Taunt\n|move|p1a: Ting-Lu|Payback|p2a: Indeedee\n|-supereffective|p2a: Indeedee\n|-damage|p2a: Indeedee|0 fnt\n|faint|p2a: Indeedee\n|move|p2b: Armarouge|Trick Room|p2b: Armarouge\n|-fieldstart|move: Trick Room|[of] p2b: Armarouge\n|\n|upkeep\n|c|\u2606Ytterby|Fucking nuked \ud83d\ude02\n|\n|t:|1700819387\n|switch|p2a: Torkoal|Torkoal, L50, M|100\/100\n|-weather|SunnyDay|[from] ability: Drought|[of] p2a: Torkoal\n|turn|2\n|c|\u2606Ytterby|Anyway here's eruption\n|\n|t:|1700819426\n|-terastallize|p2a: Torkoal|Fire\n|-terastallize|p1b: Corviknight|Dragon\n|move|p2a: Torkoal|Eruption|p1b: Corviknight|[spread] p1a,p1b\n|-resisted|p1b: Corviknight\n|-damage|p1a: Ting-Lu|6\/100\n|-damage|p1b: Corviknight|61\/100\n|-enditem|p1a: Ting-Lu|Sitrus Berry|[eat]\n|-heal|p1a: Ting-Lu|31\/100|[from] item: Sitrus Berry\n|move|p1a: Ting-Lu|Stomping Tantrum|p2a: Torkoal\n|-supereffective|p2a: Torkoal\n|-damage|p2a: Torkoal|44\/100\n|move|p2b: Armarouge|Heat Wave|p1b: Corviknight|[spread] p1a,p1b\n|-resisted|p1b: Corviknight\n|-damage|p1a: Ting-Lu|0 fnt\n|-damage|p1b: Corviknight|40\/100\n|-status|p1b: Corviknight|brn\n|faint|p1a: Ting-Lu\n|-damage|p2b: Armarouge|91\/100|[from] item: Life Orb\n|move|p1b: Corviknight|Brave Bird|p2a: Torkoal\n|-damage|p2a: Torkoal|28\/100\n|-damage|p1b: Corviknight|36\/100 brn|[from] Recoil\n|\n|-weather|SunnyDay|[upkeep]\n|-heal|p1b: Corviknight|42\/100 brn|[from] item: Leftovers\n|-damage|p1b: Corviknight|36\/100 brn|[from] brn\n|upkeep\n|\n|t:|1700819454\n|switch|p1a: Amoonguss|Amoonguss, L50, M|100\/100\n|turn|3\n|\n|t:|1700819467\n|move|p2a: Torkoal|Eruption|p1a: Amoonguss|[spread] p1a,p1b\n|-supereffective|p1a: Amoonguss\n|-resisted|p1b: Corviknight\n|-damage|p1a: Amoonguss|21\/100\n|-damage|p1b: Corviknight|22\/100 brn\n|move|p1a: Amoonguss|Spore|p2b: Armarouge\n|-status|p2b: Armarouge|slp|[from] move: Spore\n|cant|p2b: Armarouge|slp\n|move|p1b: Corviknight|Roost|p1b: Corviknight\n|-heal|p1b: Corviknight|73\/100 brn\n|\n|-weather|SunnyDay|[upkeep]\n|-heal|p1b: Corviknight|79\/100 brn|[from] item: Leftovers\n|-damage|p1b: Corviknight|73\/100 brn|[from] brn\n|upkeep\n|turn|4\n|c|\u2606perceived slight|that heatwave burn is a big oof hahaha\n|\n|t:|1700819512\n|switch|p2a: Amoonguss|Amoonguss, L50, F|100\/100\n|switch|p1a: Urshifu|Urshifu-Rapid-Strike, L50, F|100\/100\n|cant|p2b: Armarouge|slp\n|move|p1b: Corviknight|Brave Bird|p2a: Amoonguss\n|-supereffective|p2a: Amoonguss\n|-damage|p2a: Amoonguss|67\/100\n|-damage|p1b: Corviknight|61\/100 brn|[from] Recoil\n|\n|-weather|SunnyDay|[upkeep]\n|-heal|p1b: Corviknight|67\/100 brn|[from] item: Leftovers\n|-damage|p1b: Corviknight|61\/100 brn|[from] brn\n|upkeep\n|turn|5\n|c|\u2606Ytterby|See if I was smart I would have switched they're\n|\n|t:|1700819544\n|switch|p1a: Amoonguss|Amoonguss, L50, M|54\/100\n|move|p2a: Amoonguss|Spore|p1a: Amoonguss\n|-immune|p1a: Amoonguss\n|cant|p2b: Armarouge|slp\n|move|p1b: Corviknight|Taunt|p2a: Amoonguss\n|-start|p2a: Amoonguss|move: Taunt\n|\n|-weather|SunnyDay|[upkeep]\n|-heal|p1b: Corviknight|67\/100 brn|[from] item: Leftovers\n|-damage|p1b: Corviknight|61\/100 brn|[from] brn\n|-fieldend|move: Trick Room\n|-fieldend|move: Psychic Terrain\n|upkeep\n|turn|6\n|\n|t:|1700819573\n|move|p1b: Corviknight|Taunt|p2b: Armarouge\n|-start|p2b: Armarouge|move: Taunt\n|-curestatus|p2b: Armarouge|slp|[msg]\n|move|p2b: Armarouge|Expanding Force|p1a: Amoonguss\n|-supereffective|p1a: Amoonguss\n|-damage|p1a: Amoonguss|0 fnt\n|faint|p1a: Amoonguss\n|-damage|p2b: Armarouge|81\/100|[from] item: Life Orb\n|move|p2a: Amoonguss|Pollen Puff|p2b: Armarouge\n|-heal|p2b: Armarouge|100\/100\n|\n|-weather|none\n|-heal|p1b: Corviknight|67\/100 brn|[from] item: Leftovers\n|-damage|p1b: Corviknight|61\/100 brn|[from] brn\n|upkeep\n|\n|t:|1700819590\n|switch|p1a: Urshifu|Urshifu-Rapid-Strike, L50, F|100\/100\n|turn|7\n|\n|t:|1700819598\n|switch|p2b: Torkoal|Torkoal, L50, M, tera:Fire|28\/100\n|-weather|SunnyDay|[from] ability: Drought|[of] p2b: Torkoal\n|move|p1a: Urshifu|Surging Strikes|p2b: Torkoal\n|-supereffective|p2b: Torkoal\n|-crit|p2b: Torkoal\n|-damage|p2b: Torkoal|14\/100\n|-supereffective|p2b: Torkoal\n|-crit|p2b: Torkoal\n|-damage|p2b: Torkoal|0 fnt\n|faint|p2b: Torkoal\n|-hitcount|p2: Torkoal|2\n|move|p1b: Corviknight|Brave Bird|p2a: Amoonguss\n|-supereffective|p2a: Amoonguss\n|-damage|p2a: Amoonguss|33\/100\n|-enditem|p2a: Amoonguss|Sitrus Berry|[eat]\n|-heal|p2a: Amoonguss|58\/100|[from] item: Sitrus Berry\n|-damage|p1b: Corviknight|49\/100 brn|[from] Recoil\n|move|p2a: Amoonguss|Pollen Puff|p2: Torkoal|[notarget]\n|-fail|p2a: Amoonguss\n|\n|-weather|SunnyDay|[upkeep]\n|-heal|p1b: Corviknight|55\/100 brn|[from] item: Leftovers\n|-damage|p1b: Corviknight|49\/100 brn|[from] brn\n|upkeep\n|c|\u2606Ytterby|Tee hee\n|c|\u2606Ytterby|Aw\n|\n|t:|1700819616\n|switch|p2b: Armarouge|Armarouge, L50, F|100\/100\n|turn|8\n|\n|t:|1700819629\n|move|p1a: Urshifu|Surging Strikes|p2b: Armarouge\n|-supereffective|p2b: Armarouge\n|-crit|p2b: Armarouge\n|-damage|p2b: Armarouge|81\/100\n|-supereffective|p2b: Armarouge\n|-crit|p2b: Armarouge\n|-damage|p2b: Armarouge|59\/100\n|-supereffective|p2b: Armarouge\n|-crit|p2b: Armarouge\n|-damage|p2b: Armarouge|36\/100\n|-hitcount|p2b: Armarouge|3\n|move|p1b: Corviknight|Brave Bird|p2b: Armarouge\n|-damage|p2b: Armarouge|19\/100\n|-damage|p1b: Corviknight|44\/100 brn|[from] Recoil\n|move|p2b: Armarouge|Expanding Force|p1a: Urshifu\n|-supereffective|p1a: Urshifu\n|-damage|p1a: Urshifu|0 fnt\n|faint|p1a: Urshifu\n|-damage|p2b: Armarouge|9\/100|[from] item: Life Orb\n|move|p2a: Amoonguss|Pollen Puff|p1b: Corviknight\n|-damage|p1b: Corviknight|31\/100 brn\n|\n|-weather|SunnyDay|[upkeep]\n|-heal|p1b: Corviknight|37\/100 brn|[from] item: Leftovers\n|-damage|p1b: Corviknight|31\/100 brn|[from] brn\n|-end|p2a: Amoonguss|move: Taunt\n|upkeep\n|turn|9\n|\n|t:|1700819663\n|move|p2a: Amoonguss|Rage Powder|p2a: Amoonguss\n|-singleturn|p2a: Amoonguss|move: Rage Powder\n|move|p1b: Corviknight|Brave Bird|p2a: Amoonguss\n|-supereffective|p2a: Amoonguss\n|-damage|p2a: Amoonguss|22\/100\n|-damage|p1b: Corviknight|19\/100 brn|[from] Recoil\n|move|p2b: Armarouge|Trick Room|p2b: Armarouge\n|-fieldstart|move: Trick Room|[of] p2b: Armarouge\n|\n|-weather|SunnyDay|[upkeep]\n|-heal|p1b: Corviknight|25\/100 brn|[from] item: Leftovers\n|-damage|p1b: Corviknight|19\/100 brn|[from] brn\n|upkeep\n|turn|10\n|\n|t:|1700819675\n|move|p2a: Amoonguss|Pollen Puff|p2b: Armarouge\n|-heal|p2b: Armarouge|59\/100\n|move|p2b: Armarouge|Expanding Force|p1b: Corviknight\n|-damage|p1b: Corviknight|0 fnt\n|faint|p1b: Corviknight\n|-damage|p2b: Armarouge|49\/100|[from] item: Life Orb\n|\n|win|Ytterby\n|c|&|\/uhtml prompt-perceivedslight,perceived slight is ready for game 2!\n|inactive|Ytterby has 50 seconds to confirm battle start!\n|c|\u2606Ytterby|Idk how I brought that back tbh\n|inactive|Ytterby has 40 seconds to confirm battle start!\n|c|&|\/uhtml prompt-ytterby,Ytterby is ready for game 2!\nBoth players are ready! Starting next match!\n|l|\u2606perceived slight\n","uploadtime":1700821072,"views":7,"p1id":"perceivedslight","p2id":"ytterby","formatid":"gen9vgc2023regulatione","rating":0,"private":0,"password":""}