{"id":"gen9vgc2023regulatione-1995036914","p1":"PhantomOrionVgc","p2":"ethethan","format":"[Gen 9] VGC 2023 Regulation E","log":"|j|\u2606PhantomOrionVgc\n|j|\u2606ethethan\n|t:|1700515791\n|gametype|doubles\n|player|p1|PhantomOrionVgc|caitlin-masters|1278\n|player|p2|ethethan|169|1364\n|teamsize|p1|6\n|teamsize|p2|6\n|gen|9\n|tier|[Gen 9] VGC 2023 Regulation E\n|rated|\n|rule|Species Clause: Limit one of each Pok\u00e9mon\n|rule|Item Clause: Limit one of each item\n|clearpoke\n|poke|p1|Farigiraf, L50, M|\n|poke|p1|Baxcalibur, L50, F|\n|poke|p1|Ninetales-Alola, L50, F|\n|poke|p1|Heatran, L50, F|\n|poke|p1|Weezing-Galar, L50, F|\n|poke|p1|Iron Hands, L50|\n|poke|p2|Farigiraf, L50, F|\n|poke|p2|Urshifu-*, L50, M|\n|poke|p2|Sinistcha, L50|\n|poke|p2|Torkoal, L50, M|\n|poke|p2|Armarouge, L50, F|\n|poke|p2|Indeedee-F, L50, F|\n|teampreview|4\n|inactive|Battle timer is ON: inactive players will automatically lose when time's up. (requested by ethethan)\n|inactive|PhantomOrionVgc has 60 seconds left.\n|\n|t:|1700515856\n|start\n|switch|p1a: Weezing|Weezing-Galar, L50, F|100\/100\n|switch|p1b: Heatran|Heatran, L50, F|100\/100\n|switch|p2a: Armarouge|Armarouge, L50, F|100\/100\n|switch|p2b: Indeedee|Indeedee-F, L50, F|100\/100\n|-ability|p1a: Weezing|Neutralizing Gas\n|turn|1\n|inactive|ethethan has 30 seconds left.\n|inactive|ethethan has 20 seconds left.\n|inactive|ethethan has 15 seconds left.\n|inactive|ethethan has 10 seconds left.\n|\n|t:|1700515905\n|move|p2b: Indeedee|Helping Hand|p2a: Armarouge\n|-singleturn|p2a: Armarouge|Helping Hand|[of] p2b: Indeedee\n|move|p1a: Weezing|Protect|p1a: Weezing\n|-singleturn|p1a: Weezing|Protect\n|move|p1b: Heatran|Earth Power|p2a: Armarouge\n|-supereffective|p2a: Armarouge\n|-damage|p2a: Armarouge|19\/100\n|move|p2a: Armarouge|Expanding Force|p1a: Weezing\n|-activate|p1a: Weezing|move: Protect\n|\n|upkeep\n|turn|2\n|inactive|PhantomOrionVgc has 30 seconds left.\n|inactive|PhantomOrionVgc has 20 seconds left.\n|inactive|PhantomOrionVgc has 15 seconds left.\n|inactive|PhantomOrionVgc has 10 seconds left.\n|\n|t:|1700515955\n|-end|p1a: Weezing|ability: Neutralizing Gas\n|-fieldstart|move: Psychic Terrain|[from] ability: Psychic Surge|[of] p2b: Indeedee\n|-enditem|p2b: Indeedee|Psychic Seed\n|-boost|p2b: Indeedee|spd|1|[from] item: Psychic Seed\n|switch|p1a: Farigiraf|Farigiraf, L50, M|100\/100\n|move|p2a: Armarouge|Wide Guard|p2a: Armarouge\n|-singleturn|p2a: Armarouge|Wide Guard\n|move|p1b: Heatran|Heat Wave|p2a: Armarouge|[spread] \n|-activate|p2a: Armarouge|move: Wide Guard\n|-activate|p2b: Indeedee|move: Wide Guard\n|move|p2b: Indeedee|Trick Room|p2b: Indeedee\n|-fieldstart|move: Trick Room|[of] p2b: Indeedee\n|\n|upkeep\n|turn|3\n|\n|t:|1700515978\n|move|p2b: Indeedee|Follow Me|p2b: Indeedee\n|-singleturn|p2b: Indeedee|move: Follow Me\n|move|p2a: Armarouge|Expanding Force|p1b: Heatran|[spread] p1a,p1b\n|-resisted|p1a: Farigiraf\n|-resisted|p1b: Heatran\n|-damage|p1a: Farigiraf|60\/100\n|-damage|p1b: Heatran|67\/100\n|move|p1b: Heatran|Heat Wave|p2a: Armarouge|[spread] p2b\n|-start|p2a: Armarouge|ability: Flash Fire\n|-damage|p2b: Indeedee|75\/100\n|move|p1a: Farigiraf|Trick Room|p1a: Farigiraf\n|-fieldend|move: Trick Room\n|\n|-heal|p1b: Heatran|73\/100|[from] item: Leftovers\n|upkeep\n|turn|4\n|\n|t:|1700516001\n|move|p2b: Indeedee|Follow Me|p2b: Indeedee\n|-singleturn|p2b: Indeedee|move: Follow Me\n|move|p1b: Heatran|Earth Power|p2b: Indeedee\n|-damage|p2b: Indeedee|50\/100\n|move|p1a: Farigiraf|Imprison|p1a: Farigiraf\n|-start|p1a: Farigiraf|move: Imprison\n|cant|p2a: Armarouge|move: Imprison|Trick Room\n|\n|-heal|p1b: Heatran|79\/100|[from] item: Leftovers\n|upkeep\n|turn|5\n|\n|t:|1700516025\n|move|p1a: Farigiraf|Helping Hand|p1b: Heatran\n|-singleturn|p1b: Heatran|Helping Hand|[of] p1a: Farigiraf\n|move|p2b: Indeedee|Follow Me|p2b: Indeedee\n|-singleturn|p2b: Indeedee|move: Follow Me\n|move|p1b: Heatran|Flash Cannon|p2b: Indeedee\n|-crit|p2b: Indeedee\n|-damage|p2b: Indeedee|0 fnt\n|faint|p2b: Indeedee\n|move|p2a: Armarouge|Expanding Force|p1b: Heatran|[spread] p1a,p1b\n|-resisted|p1a: Farigiraf\n|-resisted|p1b: Heatran\n|-damage|p1a: Farigiraf|20\/100\n|-damage|p1b: Heatran|43\/100\n|\n|-heal|p1b: Heatran|48\/100|[from] item: Leftovers\n|upkeep\n|\n|t:|1700516037\n|switch|p2b: Sinistcha|Sinistcha, L50|100\/100\n|-heal|p2a: Armarouge|44\/100|[from] ability: Hospitality|[of] p2b: Sinistcha\n|turn|6\n|\n|t:|1700516049\n|move|p1a: Farigiraf|Helping Hand|p1b: Heatran\n|-singleturn|p1b: Heatran|Helping Hand|[of] p1a: Farigiraf\n|move|p2b: Sinistcha|Rage Powder|p2b: Sinistcha\n|-singleturn|p2b: Sinistcha|move: Rage Powder\n|move|p1b: Heatran|Earth Power|p2b: Sinistcha\n|-resisted|p2b: Sinistcha\n|-damage|p2b: Sinistcha|71\/100\n|move|p2a: Armarouge|Expanding Force|p1b: Heatran|[spread] p1a,p1b\n|-resisted|p1a: Farigiraf\n|-resisted|p1b: Heatran\n|-damage|p1a: Farigiraf|0 fnt\n|-damage|p1b: Heatran|11\/100\n|faint|p1a: Farigiraf\n|\n|-heal|p1b: Heatran|17\/100|[from] item: Leftovers\n|-fieldend|move: Psychic Terrain\n|upkeep\n|\n|t:|1700516058\n|switch|p1a: Iron Hands|Iron Hands, L50|100\/100\n|turn|7\n|\n|t:|1700516083\n|move|p2a: Armarouge|Wide Guard|p2a: Armarouge\n|-singleturn|p2a: Armarouge|Wide Guard\n|move|p1b: Heatran|Flash Cannon|p2b: Sinistcha\n|-damage|p2b: Sinistcha|24\/100\n|move|p2b: Sinistcha|Matcha Gotcha|p1a: Iron Hands|[spread] p1a,p1b\n|-resisted|p1b: Heatran\n|-damage|p1a: Iron Hands|85\/100\n|-heal|p2b: Sinistcha|35\/100|[from] drain|[of] p1a: Iron Hands\n|-damage|p1b: Heatran|12\/100\n|-heal|p2b: Sinistcha|38\/100|[from] drain|[of] p1b: Heatran\n|move|p1a: Iron Hands|Wild Charge|p2b: Sinistcha\n|-resisted|p2b: Sinistcha\n|-damage|p2b: Sinistcha|14\/100\n|-damage|p1a: Iron Hands|81\/100|[from] Recoil\n|\n|-heal|p1b: Heatran|17\/100|[from] item: Leftovers\n|upkeep\n|turn|8\n|inactive|PhantomOrionVgc has 30 seconds left.\n|\n|t:|1700516115\n|-end|p1a: Iron Hands|Quark Drive|[silent]\n|switch|p1a: Weezing|Weezing-Galar, L50, F|100\/100\n|-ability|p1a: Weezing|Neutralizing Gas\n|move|p2b: Sinistcha|Rage Powder|p2b: Sinistcha\n|-singleturn|p2b: Sinistcha|move: Rage Powder\n|move|p1b: Heatran|Earth Power|p2b: Sinistcha\n|-resisted|p2b: Sinistcha\n|-damage|p2b: Sinistcha|0 fnt\n|faint|p2b: Sinistcha\n|move|p2a: Armarouge|Trick Room|p2a: Armarouge\n|-fieldstart|move: Trick Room|[of] p2a: Armarouge\n|\n|-heal|p1b: Heatran|23\/100|[from] item: Leftovers\n|upkeep\n|\n|t:|1700516127\n|switch|p2b: Torkoal|Torkoal, L50, M|100\/100\n|turn|9\n|inactive|PhantomOrionVgc has 30 seconds left.\n|\n|t:|1700516159\n|-terastallize|p2b: Torkoal|Fire\n|move|p1a: Weezing|Protect|p1a: Weezing\n|-singleturn|p1a: Weezing|Protect\n|move|p1b: Heatran|Protect|p1b: Heatran\n|-singleturn|p1b: Heatran|Protect\n|move|p2b: Torkoal|Eruption|p1b: Heatran|[spread] \n|-activate|p1a: Weezing|move: Protect\n|-activate|p1b: Heatran|move: Protect\n|move|p2a: Armarouge|Expanding Force|p1b: Heatran\n|-activate|p1b: Heatran|move: Protect\n|\n|-heal|p1b: Heatran|29\/100|[from] item: Leftovers\n|upkeep\n|turn|10\n|\n|t:|1700516178\n|-end|p1a: Weezing|ability: Neutralizing Gas\n|-weather|SunnyDay|[from] ability: Drought|[of] p2b: Torkoal\n|switch|p1a: Iron Hands|Iron Hands, L50|81\/100\n|move|p2b: Torkoal|Earth Power|p1a: Iron Hands\n|-supereffective|p1a: Iron Hands\n|-damage|p1a: Iron Hands|50\/100\n|move|p2a: Armarouge|Expanding Force|p1a: Iron Hands\n|-supereffective|p1a: Iron Hands\n|-damage|p1a: Iron Hands|0 fnt\n|faint|p1a: Iron Hands\n|-end|p1a: Iron Hands|Quark Drive|[silent]\n|move|p1b: Heatran|Earth Power|p2a: Armarouge\n|-supereffective|p2a: Armarouge\n|-damage|p2a: Armarouge|0 fnt\n|faint|p2a: Armarouge\n|\n|-weather|SunnyDay|[upkeep]\n|-heal|p1b: Heatran|35\/100|[from] item: Leftovers\n|upkeep\n|\n|t:|1700516195\n|switch|p1a: Weezing|Weezing-Galar, L50, F|100\/100\n|-ability|p1a: Weezing|Neutralizing Gas\n|turn|11\n|\n|t:|1700516222\n|move|p1b: Heatran|Protect|p1b: Heatran\n|-singleturn|p1b: Heatran|Protect\n|move|p2b: Torkoal|Eruption|p1b: Heatran|[spread] p1a\n|-activate|p1b: Heatran|move: Protect\n|-damage|p1a: Weezing|0 fnt\n|faint|p1a: Weezing\n|-end|p1a: Weezing|ability: Neutralizing Gas\n|\n|-weather|SunnyDay|[upkeep]\n|-heal|p1b: Heatran|40\/100|[from] item: Leftovers\n|upkeep\n|turn|12\n|\n|t:|1700516234\n|-terastallize|p1b: Heatran|Fairy\n|move|p2b: Torkoal|Earth Power|p1b: Heatran\n|-damage|p1b: Heatran|18\/100\n|move|p1b: Heatran|Earth Power|p2b: Torkoal\n|-supereffective|p2b: Torkoal\n|-damage|p2b: Torkoal|6\/100\n|\n|-weather|SunnyDay|[upkeep]\n|-heal|p1b: Heatran|24\/100|[from] item: Leftovers\n|-fieldend|move: Trick Room\n|upkeep\n|turn|13\n|\n|t:|1700516249\n|move|p1b: Heatran|Earth Power|p2b: Torkoal\n|-supereffective|p2b: Torkoal\n|-damage|p2b: Torkoal|0 fnt\n|faint|p2b: Torkoal\n|\n|win|PhantomOrionVgc\n|raw|PhantomOrionVgc's rating: 1278 &rarr; <strong>1309<\/strong><br \/>(+31 for winning)\n|raw|ethethan's rating: 1364 &rarr; <strong>1339<\/strong><br \/>(-25 for losing)\n|c|\u2606ethethan|wp\n|c|\u2606PhantomOrionVgc|gg\n","uploadtime":1700516258,"views":13,"p1id":"phantomorionvgc","p2id":"ethethan","formatid":"gen9vgc2023regulatione","rating":1309,"private":0,"password":""}