{"id":"gen9vgc2023regulatione-1999706293","p1":"Ciq108","p2":"Jadedragon61","format":"[Gen 9] VGC 2023 Regulation E","log":"|j|\u2606Ciq108\n|j|\u2606Jadedragon61\n|n|\u2606Ciq108|ciq108\n|n|\u2606Jadedragon61|jadedragon61\n|html|View the match progress at <a href=\"\/game-bestof3-gen9vgc2023regulatione-1999706292\">game-bestof3-gen9vgc2023regulatione-1999706292<\/a>\n|t:|1701109519\n|gametype|doubles\n|player|p1|Ciq108|2|\n|player|p2|Jadedragon61|colress|\n|teamsize|p1|6\n|teamsize|p2|6\n|gen|9\n|tier|[Gen 9] VGC 2023 Regulation E\n|rule|Species Clause: Limit one of each Pok\u00e9mon\n|rule|Item Clause: Limit one of each item\n|clearpoke\n|poke|p1|Iron Hands, L50|\n|poke|p1|Dondozo, L50, M|\n|poke|p1|Tatsugiri, L50, M|\n|poke|p1|Glimmora, L50, F|\n|poke|p1|Mandibuzz, L50, F|\n|poke|p1|Espathra, L50, M|\n|poke|p2|Amoonguss, L50, M|\n|poke|p2|Tyranitar, L50, F|\n|poke|p2|Lycanroc, L50, F|\n|poke|p2|Toxapex, L50, M|\n|poke|p2|Salamence, L50, F|\n|poke|p2|Zapdos-Galar, L50|\n|teampreview|4\n|inactive|Battle timer is ON: inactive players will automatically lose when time's up. (requested by Ciq108)\n|inactiveoff|Battle timer is now OFF.\n|c|\u2606Ciq108|Glhf\n|\n|t:|1701109558\n|start\n|switch|p1a: Espathra|Espathra, L50, M|100\/100\n|switch|p1b: Glimmora|Glimmora, L50, F|100\/100\n|switch|p2a: Tyranitar|Tyranitar, L50, F|100\/100\n|switch|p2b: Lycanroc|Lycanroc, L50, F|100\/100\n|-weather|Sandstorm|[from] ability: Sand Stream|[of] p2a: Tyranitar\n|turn|1\n|c|\u2606Jadedragon61|Glhf\n|\n|t:|1701109576\n|move|p1b: Glimmora|Spiky Shield|p1b: Glimmora\n|-singleturn|p1b: Glimmora|move: Protect\n|move|p1a: Espathra|Protect|p1a: Espathra\n|-singleturn|p1a: Espathra|Protect\n|move|p2b: Lycanroc|Drill Run|p1b: Glimmora\n|-activate|p1b: Glimmora|move: Protect\n|-damage|p2b: Lycanroc|88\/100|[from] Spiky Shield|[of] p1b: Glimmora\n|move|p2a: Tyranitar|Knock Off|p1a: Espathra\n|-activate|p1a: Espathra|move: Protect\n|\n|-weather|Sandstorm|[upkeep]\n|-damage|p1a: Espathra|95\/100|[from] Sandstorm\n|-ability|p1a: Espathra|Speed Boost|boost\n|-boost|p1a: Espathra|spe|1\n|upkeep\n|turn|2\n|\n|t:|1701109590\n|-terastallize|p1a: Espathra|Fighting\n|move|p2b: Lycanroc|Drill Run|p1b: Glimmora\n|-supereffective|p1b: Glimmora\n|-enditem|p1b: Glimmora|Focus Sash\n|-damage|p1b: Glimmora|1\/100\n|-activate|p1b: Glimmora|ability: Toxic Debris\n|-sidestart|p2: Jadedragon61|move: Toxic Spikes\n|move|p1a: Espathra|Tera Blast|p2a: Tyranitar|[anim] Tera Blast Fighting\n|-supereffective|p2a: Tyranitar\n|-damage|p2a: Tyranitar|15\/100\n|-damage|p1a: Espathra|85\/100|[from] item: Life Orb\n|move|p1b: Glimmora|Earth Power|p2b: Lycanroc\n|-supereffective|p2b: Lycanroc\n|-damage|p2b: Lycanroc|22\/100\n|move|p2a: Tyranitar|Knock Off|p1a: Espathra\n|-resisted|p1a: Espathra\n|-damage|p1a: Espathra|45\/100\n|-enditem|p1a: Espathra|Life Orb|[from] move: Knock Off|[of] p2a: Tyranitar\n|\n|-weather|Sandstorm|[upkeep]\n|-damage|p1a: Espathra|40\/100|[from] Sandstorm\n|-ability|p1a: Espathra|Speed Boost|boost\n|-boost|p1a: Espathra|spe|1\n|upkeep\n|turn|3\n|\n|t:|1701109617\n|switch|p2a: Amoonguss|Amoonguss, L50, M, shiny|100\/100\n|-sideend|p2: Jadedragon61|move: Toxic Spikes|[of] p2a: Amoonguss\n|move|p1a: Espathra|Protect|p1a: Espathra\n|-singleturn|p1a: Espathra|Protect\n|move|p1b: Glimmora|Spiky Shield|p1b: Glimmora\n|-singleturn|p1b: Glimmora|move: Protect\n|move|p2b: Lycanroc|Rock Slide|p1b: Glimmora|[spread] \n|-activate|p1a: Espathra|move: Protect\n|-activate|p1b: Glimmora|move: Protect\n|\n|-weather|Sandstorm|[upkeep]\n|-damage|p1a: Espathra|34\/100|[from] Sandstorm\n|-damage|p2a: Amoonguss|95\/100|[from] Sandstorm\n|-ability|p1a: Espathra|Speed Boost|boost\n|-boost|p1a: Espathra|spe|1\n|upkeep\n|turn|4\n|\n|t:|1701109637\n|move|p2a: Amoonguss|Rage Powder|p2a: Amoonguss\n|-singleturn|p2a: Amoonguss|move: Rage Powder\n|move|p1a: Espathra|Lumina Crash|p2a: Amoonguss\n|-supereffective|p2a: Amoonguss\n|-damage|p2a: Amoonguss|16\/100\n|-unboost|p2a: Amoonguss|spd|2\n|-enditem|p2a: Amoonguss|Sitrus Berry|[eat]\n|-heal|p2a: Amoonguss|41\/100|[from] item: Sitrus Berry\n|move|p2b: Lycanroc|Rock Slide|p1b: Glimmora|[spread] p1a\n|-miss|p2b: Lycanroc|p1b: Glimmora\n|-resisted|p1a: Espathra\n|-damage|p1a: Espathra|12\/100\n|move|p1b: Glimmora|Power Gem|p2a: Amoonguss\n|-damage|p2a: Amoonguss|0 fnt\n|faint|p2a: Amoonguss\n|\n|-weather|Sandstorm|[upkeep]\n|-damage|p1a: Espathra|6\/100|[from] Sandstorm\n|-ability|p1a: Espathra|Speed Boost|boost\n|-boost|p1a: Espathra|spe|1\n|upkeep\n|\n|t:|1701109656\n|switch|p2a: Toxapex|Toxapex, L50, M|100\/100\n|turn|5\n|\n|t:|1701109672\n|switch|p2a: Tyranitar|Tyranitar, L50, F|15\/100\n|move|p2b: Lycanroc|Protect|p2b: Lycanroc\n|-singleturn|p2b: Lycanroc|Protect\n|move|p1a: Espathra|Tera Blast|p2b: Lycanroc|[anim] Tera Blast Fighting\n|-activate|p2b: Lycanroc|move: Protect\n|move|p1b: Glimmora|Earth Power|p2a: Tyranitar\n|-supereffective|p2a: Tyranitar\n|-damage|p2a: Tyranitar|0 fnt\n|faint|p2a: Tyranitar\n|\n|-weather|none\n|-ability|p1a: Espathra|Speed Boost|boost\n|-boost|p1a: Espathra|spe|1\n|upkeep\n|\n|t:|1701109688\n|switch|p2a: Toxapex|Toxapex, L50, M|100\/100\n|turn|6\n|\n|t:|1701109708\n|-terastallize|p2a: Toxapex|Grass\n|move|p1a: Espathra|Lumina Crash|p2b: Lycanroc\n|-damage|p2b: Lycanroc|0 fnt\n|faint|p2b: Lycanroc\n|move|p1b: Glimmora|Earth Power|p2a: Toxapex\n|-resisted|p2a: Toxapex\n|-damage|p2a: Toxapex|86\/100\n|move|p2a: Toxapex|Liquidation|p1a: Espathra\n|-damage|p1a: Espathra|0 fnt\n|faint|p1a: Espathra\n|\n|-heal|p2a: Toxapex|92\/100|[from] item: Leftovers\n|upkeep\n|\n|t:|1701109720\n|switch|p1a: Dondozo|Dondozo, L50, M|100\/100\n|turn|7\n|\n|t:|1701109727\n|move|p1b: Glimmora|Mortal Spin|p2a: Toxapex\n|-supereffective|p2a: Toxapex\n|-damage|p2a: Toxapex|85\/100\n|-status|p2a: Toxapex|psn\n|move|p1a: Dondozo|Substitute|p1a: Dondozo\n|-start|p1a: Dondozo|Substitute\n|-damage|p1a: Dondozo|75\/100\n|move|p2a: Toxapex|Liquidation|p1b: Glimmora\n|-supereffective|p1b: Glimmora\n|-damage|p1b: Glimmora|0 fnt\n|-activate|p1b: Glimmora|ability: Toxic Debris\n|-sidestart|p2: Jadedragon61|move: Toxic Spikes\n|faint|p1b: Glimmora\n|\n|-heal|p2a: Toxapex|90\/100 psn|[from] item: Leftovers\n|-damage|p2a: Toxapex|78\/100 psn|[from] psn\n|upkeep\n|\n|t:|1701109736\n|switch|p1b: Tatsugiri|Tatsugiri, L50, M|100\/100\n|-activate|p1b: Tatsugiri|ability: Commander|[of] p1a: Dondozo\n|-boost|p1a: Dondozo|atk|2\n|-boost|p1a: Dondozo|spa|2\n|-boost|p1a: Dondozo|spe|2\n|-boost|p1a: Dondozo|def|2\n|-boost|p1a: Dondozo|spd|2\n|turn|8\n|\n|t:|1701109741\n|move|p1a: Dondozo|Order Up|p2a: Toxapex\n|-damage|p2a: Toxapex|50\/100 psn\n|-boost|p1a: Dondozo|atk|1\n|move|p2a: Toxapex|Haze|p2a: Toxapex\n|-clearallboost\n|\n|-heal|p2a: Toxapex|56\/100 psn|[from] item: Leftovers\n|-damage|p2a: Toxapex|44\/100 psn|[from] psn\n|upkeep\n|turn|9\n|\n|t:|1701109749\n|move|p1a: Dondozo|Order Up|p2a: Toxapex\n|-damage|p2a: Toxapex|29\/100 psn\n|-boost|p1a: Dondozo|atk|1\n|move|p2a: Toxapex|Recover|p2a: Toxapex\n|-heal|p2a: Toxapex|79\/100 psn\n|\n|-heal|p2a: Toxapex|85\/100 psn|[from] item: Leftovers\n|-damage|p2a: Toxapex|73\/100 psn|[from] psn\n|upkeep\n|turn|10\n|\n|t:|1701109758\n|move|p1a: Dondozo|Order Up|p2a: Toxapex\n|-crit|p2a: Toxapex\n|-damage|p2a: Toxapex|39\/100 psn\n|-boost|p1a: Dondozo|atk|1\n|move|p2a: Toxapex|Liquidation|p1a: Dondozo\n|-resisted|p1a: Dondozo\n|-activate|p1a: Dondozo|move: Substitute|[damage]\n|\n|-heal|p2a: Toxapex|44\/100 psn|[from] item: Leftovers\n|-damage|p2a: Toxapex|32\/100 psn|[from] psn\n|upkeep\n|turn|11\n|\n|t:|1701109765\n|move|p1a: Dondozo|Order Up|p2a: Toxapex\n|-damage|p2a: Toxapex|5\/100 psn\n|-boost|p1a: Dondozo|atk|1\n|move|p2a: Toxapex|Recover|p2a: Toxapex\n|-heal|p2a: Toxapex|55\/100 psn\n|\n|-heal|p2a: Toxapex|61\/100 psn|[from] item: Leftovers\n|-damage|p2a: Toxapex|49\/100 psn|[from] psn\n|upkeep\n|turn|12\n|\n|t:|1701109771\n|move|p1a: Dondozo|Order Up|p2a: Toxapex\n|-damage|p2a: Toxapex|15\/100 psn\n|-boost|p1a: Dondozo|atk|1\n|move|p2a: Toxapex|Recover|p2a: Toxapex\n|-heal|p2a: Toxapex|65\/100 psn\n|\n|-heal|p2a: Toxapex|71\/100 psn|[from] item: Leftovers\n|-damage|p2a: Toxapex|58\/100 psn|[from] psn\n|upkeep\n|turn|13\n|\n|t:|1701109777\n|move|p1a: Dondozo|Order Up|p2a: Toxapex\n|-damage|p2a: Toxapex|18\/100 psn\n|-boost|p1a: Dondozo|atk|1\n|move|p2a: Toxapex|Recover|p2a: Toxapex\n|-heal|p2a: Toxapex|68\/100 psn\n|\n|-heal|p2a: Toxapex|74\/100 psn|[from] item: Leftovers\n|-damage|p2a: Toxapex|62\/100 psn|[from] psn\n|upkeep\n|turn|14\n|\n|t:|1701109784\n|move|p1a: Dondozo|Order Up|p2a: Toxapex\n|-damage|p2a: Toxapex|11\/100 psn\n|-boost|p1a: Dondozo|atk|1\n|move|p2a: Toxapex|Recover|p2a: Toxapex\n|-heal|p2a: Toxapex|62\/100 psn\n|\n|-heal|p2a: Toxapex|67\/100 psn|[from] item: Leftovers\n|-damage|p2a: Toxapex|55\/100 psn|[from] psn\n|upkeep\n|turn|15\n|\n|t:|1701109792\n|move|p1a: Dondozo|Order Up|p2a: Toxapex\n|-damage|p2a: Toxapex|0 fnt\n|faint|p2a: Toxapex\n|\n|win|Ciq108\n|c|\u2606Ciq108|Gg\n|c|&|\/uhtml prompt-ciq108,Ciq108 is ready for game 2!\n|c|&|\/uhtml prompt-jadedragon61,Jadedragon61 is ready for game 2!\nBoth players are ready! Starting next match!\n|l|\u2606Ciq108\n|j| amlosmurf\n|l| amlosmurf\n|l|\u2606Jadedragon61\n|j|\u2606Jadedragon61\n|player|p2|Jadedragon61|colress\n","uploadtime":1701111459,"views":24,"p1id":"ciq108","p2id":"jadedragon61","formatid":"gen9vgc2023regulatione","rating":0,"private":0,"password":""}