{"id":"gen9vgc2023regulatione-1993258013","p1":"Goosie_911","p2":"kavonpokebros","format":"[Gen 9] VGC 2023 Regulation E","log":"|j|\u2606Goosie_911\n|j|\u2606kavonpokebros\n|t:|1700285494\n|gametype|doubles\n|player|p1|Goosie_911|2|1145\n|player|p2|kavonpokebros|worker-gen4|1141\n|teamsize|p1|6\n|teamsize|p2|6\n|gen|9\n|tier|[Gen 9] VGC 2023 Regulation E\n|rated|\n|rule|Species Clause: Limit one of each Pok\u00e9mon\n|rule|Item Clause: Limit one of each item\n|clearpoke\n|poke|p1|Oranguru, L50, M|\n|poke|p1|Torkoal, L50, F|\n|poke|p1|Snorlax, L50, F|\n|poke|p1|Basculegion, L50, M|\n|poke|p1|Regidrago, L50|\n|poke|p1|Ceruledge, L50, F|\n|poke|p2|Persian-Alola, L50, M|\n|poke|p2|Arcanine, L50, M|\n|poke|p2|Milotic, L50, F|\n|poke|p2|Mimikyu, L50, M|\n|poke|p2|Appletun, L50, F|\n|poke|p2|Sneasler, L50, F|\n|teampreview|4\n|inactive|Battle timer is ON: inactive players will automatically lose when time's up. (requested by Goosie_911)\nGoosie_911 has agreed to open team sheets.\n|\n|t:|1700285520\n|start\n|switch|p1a: Oranguru|Oranguru, L50, M|100\/100\n|switch|p1b: Snorlax|Snorlax, L50, F|100\/100\n|switch|p2a: Persian|Persian-Alola, L50, M|100\/100\n|switch|p2b: Sneasler|Sneasler, L50, F|100\/100\n|turn|1\n|\n|t:|1700285539\n|-terastallize|p2a: Persian|Dark\n|move|p2a: Persian|Snarl|p1b: Snorlax|[spread] p1a,p1b\n|-supereffective|p1a: Oranguru\n|-crit|p1a: Oranguru\n|-crit|p1b: Snorlax\n|-damage|p1a: Oranguru|66\/100\n|-damage|p1b: Snorlax|85\/100\n|-unboost|p1a: Oranguru|spa|1\n|-unboost|p1b: Snorlax|spa|1\n|move|p2b: Sneasler|Lash Out|p1a: Oranguru\n|-supereffective|p1a: Oranguru\n|-crit|p1a: Oranguru\n|-damage|p1a: Oranguru|0 fnt\n|faint|p1a: Oranguru\n|move|p1b: Snorlax|Belly Drum|p1b: Snorlax\n|-damage|p1b: Snorlax|35\/100\n|-setboost|p1b: Snorlax|atk|6|[from] move: Belly Drum\n|-enditem|p1b: Snorlax|Aguav Berry|[eat]\n|-heal|p1b: Snorlax|68\/100|[from] item: Aguav Berry\n|\n|upkeep\n|\n|t:|1700285554\n|switch|p1a: Regidrago|Regidrago, L50|100\/100\n|turn|2\n|\n|t:|1700285577\n|switch|p2b: Appletun|Appletun, L50, F|100\/100\n|-terastallize|p1a: Regidrago|Steel\n|move|p2a: Persian|Parting Shot|p1a: Regidrago\n|-unboost|p1a: Regidrago|atk|1\n|-unboost|p1a: Regidrago|spa|1\n|\n|t:|1700285586\n|switch|p2a: Milotic|Milotic, L50, F|100\/100|[from] Parting Shot\n|move|p1a: Regidrago|Dragon Energy|p2b: Appletun|[spread] p2a,p2b\n|-supereffective|p2b: Appletun\n|-damage|p2a: Milotic|50\/100\n|-damage|p2b: Appletun|0 fnt\n|faint|p2b: Appletun\n|move|p1b: Snorlax|Facade|p2a: Milotic\n|-crit|p2a: Milotic\n|-damage|p2a: Milotic|0 fnt\n|faint|p2a: Milotic\n|\n|upkeep\n|\n|t:|1700285600\n|switch|p2a: Persian|Persian-Alola, L50, M, tera:Dark|100\/100\n|switch|p2b: Sneasler|Sneasler, L50, F|100\/100\n|turn|3\n|\n|t:|1700285610\n|move|p2a: Persian|Fake Out|p1b: Snorlax\n|-damage|p1b: Snorlax|63\/100\n|move|p2b: Sneasler|Brick Break|p1a: Regidrago\n|-supereffective|p1a: Regidrago\n|-damage|p1a: Regidrago|0 fnt\n|faint|p1a: Regidrago\n|cant|p1b: Snorlax|flinch\n|\n|upkeep\n|\n|t:|1700285617\n|switch|p1a: Ceruledge|Ceruledge, L50, F|100\/100\n|turn|4\n|\n|t:|1700285628\n|move|p2a: Persian|Snarl|p1b: Snorlax|[spread] p1a,p1b\n|-supereffective|p1a: Ceruledge\n|-damage|p1a: Ceruledge|68\/100\n|-damage|p1b: Snorlax|51\/100\n|-unboost|p1a: Ceruledge|spa|1\n|-unboost|p1b: Snorlax|spa|1\n|move|p2b: Sneasler|Brick Break|p1b: Snorlax\n|-supereffective|p1b: Snorlax\n|-damage|p1b: Snorlax|0 fnt\n|faint|p1b: Snorlax\n|move|p1a: Ceruledge|Close Combat|p2a: Persian\n|-supereffective|p2a: Persian\n|-damage|p2a: Persian|33\/100\n|-unboost|p1a: Ceruledge|def|1\n|-unboost|p1a: Ceruledge|spd|1\n|\n|upkeep\n|turn|5\n|c|\u2606Goosie_911|gg\n|\n|t:|1700285646\n|move|p2a: Persian|Snarl|p1a: Ceruledge\n|-supereffective|p1a: Ceruledge\n|-damage|p1a: Ceruledge|0 fnt\n|faint|p1a: Ceruledge\n|\n|win|kavonpokebros\n|raw|Goosie_911's rating: 1145 &rarr; <strong>1120<\/strong><br \/>(-25 for losing)\n|raw|kavonpokebros's rating: 1141 &rarr; <strong>1166<\/strong><br \/>(+25 for winning)\n|l|\u2606Goosie_911\n","uploadtime":1700285653,"views":11,"p1id":"goosie911","p2id":"kavonpokebros","formatid":"gen9vgc2023regulatione","rating":1120,"private":0,"password":""}