{"id":"gen9vgc2023regulatione-1996927310","p1":"texastrill713","p2":"BobbyBlueEyes","format":"[Gen 9] VGC 2023 Regulation E","log":"|j|\u2606texastrill713\n|j|\u2606BobbyBlueEyes\n|t:|1700745849\n|gametype|doubles\n|player|p1|texastrill713|lucas-gen4pt|1343\n|player|p2|BobbyBlueEyes|gentleman-gen4|1361\n|teamsize|p1|6\n|teamsize|p2|6\n|gen|9\n|tier|[Gen 9] VGC 2023 Regulation E\n|rated|\n|rule|Species Clause: Limit one of each Pok\u00e9mon\n|rule|Item Clause: Limit one of each item\n|clearpoke\n|poke|p1|Tyranitar, L50, F|\n|poke|p1|Houndstone, L50, M|\n|poke|p1|Corviknight, L50, M|\n|poke|p1|Rillaboom, L50, M|\n|poke|p1|Heatran, L50, M|\n|poke|p1|Flutter Mane, L50|\n|poke|p2|Torkoal, L50, F|\n|poke|p2|Farigiraf, L50, M|\n|poke|p2|Ursaluna, L50, M|\n|poke|p2|Iron Bundle, L50|\n|poke|p2|Iron Hands, L50|\n|poke|p2|Sandy Shocks, L50|\n|teampreview|4\n|inactive|Battle timer is ON: inactive players will automatically lose when time's up. (requested by BobbyBlueEyes)\n|inactive|texastrill713 has 60 seconds left.\n|inactive|BobbyBlueEyes has 60 seconds left.\n|inactive|BobbyBlueEyes has 30 seconds left.\n|\n|t:|1700745913\n|start\n|switch|p1a: Tyranitar|Tyranitar, L50, F|100\/100\n|switch|p1b: Corviknight|Corviknight, L50, M|100\/100\n|switch|p2a: Sandy Shocks|Sandy Shocks, L50|100\/100\n|switch|p2b: Farigiraf|Farigiraf, L50, M|100\/100\n|-weather|Sandstorm|[from] ability: Sand Stream|[of] p1a: Tyranitar\n|turn|1\n|inactive|texastrill713 has 30 seconds left.\n|inactive|texastrill713 has 20 seconds left.\n|inactive|texastrill713 has 15 seconds left.\n|inactive|texastrill713 has 10 seconds left.\n|inactive|texastrill713 has 5 seconds left.\n|\n|t:|1700745963\n|switch|p2b: Ursaluna|Ursaluna, L50, M|100\/100\n|-terastallize|p1b: Corviknight|Dragon\n|move|p2a: Sandy Shocks|Earth Power|p1a: Tyranitar\n|-supereffective|p1a: Tyranitar\n|-damage|p1a: Tyranitar|40\/100\n|-damage|p2a: Sandy Shocks|91\/100|[from] item: Life Orb\n|move|p1b: Corviknight|Taunt|p2b: Ursaluna\n|-start|p2b: Ursaluna|move: Taunt\n|move|p1a: Tyranitar|Knock Off|p2b: Ursaluna\n|-damage|p2b: Ursaluna|60\/100\n|-enditem|p2b: Ursaluna|Flame Orb|[from] move: Knock Off|[of] p1a: Tyranitar\n|\n|-weather|Sandstorm|[upkeep]\n|-damage|p1b: Corviknight|94\/100|[from] Sandstorm\n|upkeep\n|turn|2\n|\n|t:|1700745987\n|-terastallize|p2a: Sandy Shocks|Ice\n|move|p1a: Tyranitar|Protect|p1a: Tyranitar\n|-singleturn|p1a: Tyranitar|Protect\n|move|p2a: Sandy Shocks|Tera Blast|p1b: Corviknight|[anim] Tera Blast Ice\n|-supereffective|p1b: Corviknight\n|-damage|p1b: Corviknight|0 fnt\n|faint|p1b: Corviknight\n|-damage|p2a: Sandy Shocks|81\/100|[from] item: Life Orb\n|move|p2b: Ursaluna|High Horsepower|p1a: Tyranitar\n|-activate|p1a: Tyranitar|move: Protect\n|\n|-weather|Sandstorm|[upkeep]\n|-damage|p2a: Sandy Shocks|75\/100|[from] Sandstorm\n|upkeep\n|\n|t:|1700746004\n|switch|p1b: Flutter Mane|Flutter Mane, L50|100\/100\n|turn|3\n|\n|t:|1700746019\n|switch|p1a: Rillaboom|Rillaboom, L50, M|100\/100\n|-fieldstart|move: Grassy Terrain|[from] ability: Grassy Surge|[of] p1a: Rillaboom\n|move|p2a: Sandy Shocks|Protect|p2a: Sandy Shocks\n|-singleturn|p2a: Sandy Shocks|Protect\n|move|p1b: Flutter Mane|Dazzling Gleam|p2b: Ursaluna|[spread] p2b\n|-activate|p2a: Sandy Shocks|move: Protect\n|-damage|p2b: Ursaluna|29\/100\n|move|p2b: Ursaluna|High Horsepower|p1a: Rillaboom\n|-resisted|p1a: Rillaboom\n|-damage|p1a: Rillaboom|76\/100\n|\n|-weather|Sandstorm|[upkeep]\n|-damage|p1b: Flutter Mane|95\/100|[from] Sandstorm\n|-damage|p2a: Sandy Shocks|69\/100|[from] Sandstorm\n|-damage|p1a: Rillaboom|70\/100|[from] Sandstorm\n|-heal|p1b: Flutter Mane|100\/100|[from] Grassy Terrain\n|-heal|p2a: Sandy Shocks|75\/100|[from] Grassy Terrain\n|-heal|p1a: Rillaboom|76\/100|[from] Grassy Terrain\n|-heal|p2b: Ursaluna|35\/100|[from] Grassy Terrain\n|-end|p2b: Ursaluna|move: Taunt\n|upkeep\n|turn|4\n|inactive|texastrill713 has 30 seconds left.\n|inactive|BobbyBlueEyes has 30 seconds left.\n|inactive|texastrill713 has 20 seconds left.\n|inactive|BobbyBlueEyes has 20 seconds left.\n|inactive|texastrill713 has 15 seconds left.\n|\n|t:|1700746063\n|switch|p2b: Farigiraf|Farigiraf, L50, M|100\/100\n|move|p1a: Rillaboom|Grassy Glide||[still]\n|cant|p2b: Farigiraf|ability: Armor Tail|Grassy Glide|[of] p1a: Rillaboom\n|move|p1b: Flutter Mane|Dazzling Gleam|p2b: Farigiraf|[spread] p2a,p2b\n|-damage|p2a: Sandy Shocks|17\/100\n|-damage|p2b: Farigiraf|59\/100\n|move|p2a: Sandy Shocks|Tera Blast|p1a: Rillaboom|[anim] Tera Blast Ice\n|-supereffective|p1a: Rillaboom\n|-damage|p1a: Rillaboom|5\/100\n|-damage|p2a: Sandy Shocks|7\/100|[from] item: Life Orb\n|\n|-weather|Sandstorm|[upkeep]\n|-damage|p1b: Flutter Mane|95\/100|[from] Sandstorm\n|-damage|p2a: Sandy Shocks|1\/100|[from] Sandstorm\n|-damage|p1a: Rillaboom|0 fnt|[from] Sandstorm\n|-damage|p2b: Farigiraf|53\/100|[from] Sandstorm\n|faint|p1a: Rillaboom\n|-heal|p1b: Flutter Mane|100\/100|[from] Grassy Terrain\n|-heal|p2a: Sandy Shocks|7\/100|[from] Grassy Terrain\n|-heal|p2b: Farigiraf|59\/100|[from] Grassy Terrain\n|upkeep\n|\n|t:|1700746084\n|switch|p1a: Tyranitar|Tyranitar, L50, F|40\/100\n|turn|5\n|inactive|BobbyBlueEyes has 30 seconds left.\n|inactive|BobbyBlueEyes has 20 seconds left.\n|inactive|BobbyBlueEyes has 15 seconds left.\n|inactive|BobbyBlueEyes has 10 seconds left.\n|\n|t:|1700746133\n|switch|p2b: Ursaluna|Ursaluna, L50, M|35\/100\n|move|p1b: Flutter Mane|Dazzling Gleam|p2a: Sandy Shocks|[spread] p2a,p2b\n|-damage|p2a: Sandy Shocks|0 fnt\n|-damage|p2b: Ursaluna|0 fnt\n|faint|p2a: Sandy Shocks\n|-end|p2a: Sandy Shocks|Protosynthesis|[silent]\n|faint|p2b: Ursaluna\n|move|p1a: Tyranitar|Knock Off|p2: Sandy Shocks|[notarget]\n|-fail|p1a: Tyranitar\n|\n|-weather|none\n|-heal|p1a: Tyranitar|46\/100|[from] Grassy Terrain\n|upkeep\n|\n|t:|1700746141\n|switch|p2a: Farigiraf|Farigiraf, L50, M|59\/100\n|switch|p2b: Iron Hands|Iron Hands, L50|100\/100\n|turn|6\n|inactive|texastrill713 has 30 seconds left.\n|\n|t:|1700746166\n|move|p1a: Tyranitar|Protect|p1a: Tyranitar\n|-singleturn|p1a: Tyranitar|Protect\n|move|p1b: Flutter Mane|Dazzling Gleam|p2b: Iron Hands|[spread] p2a,p2b\n|-supereffective|p2b: Iron Hands\n|-damage|p2a: Farigiraf|20\/100\n|-damage|p2b: Iron Hands|22\/100\n|move|p2b: Iron Hands|Heavy Slam|p1b: Flutter Mane\n|-supereffective|p1b: Flutter Mane\n|-damage|p1b: Flutter Mane|0 fnt\n|faint|p1b: Flutter Mane\n|-end|p1b: Flutter Mane|Protosynthesis|[silent]\n|move|p2a: Farigiraf|Trick Room|p2a: Farigiraf\n|-fieldstart|move: Trick Room|[of] p2a: Farigiraf\n|\n|-heal|p2b: Iron Hands|28\/100|[from] Grassy Terrain\n|-heal|p2b: Iron Hands|34\/100|[from] item: Leftovers\n|-heal|p2a: Farigiraf|26\/100|[from] Grassy Terrain\n|-heal|p1a: Tyranitar|52\/100|[from] Grassy Terrain\n|upkeep\n|turn|7\n|inactive|BobbyBlueEyes has 30 seconds left.\n|c|\u2606texastrill713|Fuk u\n|\n|t:|1700746201\n|move|p2b: Iron Hands|Drain Punch|p1a: Tyranitar\n|-supereffective|p1a: Tyranitar\n|-damage|p1a: Tyranitar|0 fnt\n|-heal|p2b: Iron Hands|54\/100|[from] drain|[of] p1a: Tyranitar\n|faint|p1a: Tyranitar\n|\n|win|BobbyBlueEyes\n|raw|texastrill713's rating: 1343 &rarr; <strong>1324<\/strong><br \/>(-19 for losing)\n|raw|BobbyBlueEyes's rating: 1361 &rarr; <strong>1380<\/strong><br \/>(+19 for winning)\n","uploadtime":1700746198,"views":6,"p1id":"texastrill713","p2id":"bobbyblueeyes","formatid":"gen9vgc2023regulatione","rating":1324,"private":0,"password":""}