{"id":"gen9vgc2023regulatione-1998936602","p1":"Flexing Val","p2":"zephiel97","format":"[Gen 9] VGC 2023 Regulation E","log":"|j|\u2606Flexing Val\n|j|\u2606zephiel97\n|n|\u2606Flexing Val|flexingval\n|n|\u2606zephiel97|zephiel97\n|html|View the match progress at <a href=\"\/game-bestof3-gen9vgc2023regulatione-1998933407\">game-bestof3-gen9vgc2023regulatione-1998933407<\/a>\n|t:|1701015189\n|gametype|doubles\n|player|p1|Flexing Val|lance|\n|player|p2|zephiel97|n|\n|teamsize|p1|6\n|teamsize|p2|6\n|gen|9\n|tier|[Gen 9] VGC 2023 Regulation E\n|rule|Species Clause: Limit one of each Pok\u00e9mon\n|rule|Item Clause: Limit one of each item\n|clearpoke\n|poke|p1|Regidrago, L50|\n|poke|p1|Urshifu-*, L50, F|\n|poke|p1|Landorus-Therian, L50, M|\n|poke|p1|Tornadus, L50, M|\n|poke|p1|Heatran, L50, M|\n|poke|p1|Rillaboom, L50, F|\n|poke|p2|Landorus-Therian, L50, M|\n|poke|p2|Rillaboom, L50, M|\n|poke|p2|Tornadus, L50, M|\n|poke|p2|Urshifu-*, L50, M|\n|poke|p2|Flutter Mane, L50|\n|poke|p2|Ogerpon-Hearthflame, L50, F|\n|teampreview|4\n|inactive|Battle timer is ON: inactive players will automatically lose when time's up. (requested by Flexing Val)\nzephiel97 has agreed to open team sheets.\nFlexing Val has agreed to open team sheets.\n|showteam|p1|Regidrago||DracoPlate|DragonsMaw|DragonEnergy,DragonPulse,EarthPower,Protect||||||50|,,,,,Steel]Urshifu||DreadPlate|UnseenFist|WickedBlow,CloseCombat,SuckerPunch,Detect|||F|||50|,,,,,Poison]Landorus-Therian||ChoiceBand|Intimidate|Earthquake,StompingTantrum,Uturn,RockSlide|||M|||50|,,,,,Water]Tornadus||FocusSash|Prankster|BleakwindStorm,IcyWind,Tailwind,Protect|||M|||50|,,,,,Ghost]Heatran||LifeOrb|FlashFire|HeatWave,EarthPower,FlashCannon,Protect|||M|||50|,,,,,Fairy]Rillaboom||AssaultVest|GrassySurge|WoodHammer,GrassyGlide,Uturn,FakeOut|||F|||50|,,,,,Fire\n|showteam|p2|Landorus-Therian||ChoiceScarf|Intimidate|StompingTantrum,TeraBlast,RockSlide,Uturn|||M|||50|,,,,,Flying]Rillaboom||AssaultVest|GrassySurge|WoodHammer,GrassyGlide,Uturn,FakeOut|||M|||50|,,,,,Fire]Tornadus||SitrusBerry|Prankster|Tailwind,Taunt,BleakwindStorm,IcyWind|||M|||50|,,,,,Ghost]Urshifu-Rapid-Strike||MysticWater|UnseenFist|SurgingStrikes,AquaJet,CloseCombat,Detect|||M|||50|,,,,,Water]Flutter Mane||BoosterEnergy|Protosynthesis|Moonblast,DazzlingGleam,ShadowBall,Protect||||||50|,,,,,Fairy]Ogerpon-Hearthflame||HearthflameMask|MoldBreaker|IvyCudgel,GrassyGlide,SwordsDance,SpikyShield|||F|||50|,,,,,Fire\n|j| Kxroro\n|inactiveoff|Battle timer is now OFF.\n|c|\u2606zephiel97|gl hf\n|c|\u2606Flexing Val|hf\n|\n|t:|1701015246\n|start\n|switch|p1a: Tornadus|Tornadus, L50, M|100\/100\n|switch|p1b: Urshifu|Urshifu, L50, F|100\/100\n|switch|p2a: Tornadus|Tornadus, L50, M|100\/100\n|switch|p2b: Landorus|Landorus-Therian, L50, M|100\/100\n|-ability|p2b: Landorus|Intimidate|boost\n|-unboost|p1a: Tornadus|atk|1\n|-unboost|p1b: Urshifu|atk|1\n|turn|1\n|\n|t:|1701015279\n|move|p1b: Urshifu|Detect|p1b: Urshifu\n|-singleturn|p1b: Urshifu|Protect\n|move|p2a: Tornadus|Tailwind|p2a: Tornadus\n|-sidestart|p2: zephiel97|move: Tailwind\n|move|p2b: Landorus|U-turn|p1a: Tornadus\n|-resisted|p1a: Tornadus\n|-damage|p1a: Tornadus|80\/100\n|\n|t:|1701015285\n|switch|p2b: Flutter Mane|Flutter Mane, L50|100\/100|[from] U-turn\n|-enditem|p2b: Flutter Mane|Booster Energy\n|-activate|p2b: Flutter Mane|ability: Protosynthesis|[fromitem]\n|-start|p2b: Flutter Mane|protosynthesisspa\n|move|p1a: Tornadus|Icy Wind|p2a: Tornadus|[spread] p2a,p2b\n|-supereffective|p2a: Tornadus\n|-damage|p2a: Tornadus|60\/100\n|-damage|p2b: Flutter Mane|87\/100\n|-unboost|p2a: Tornadus|spe|1\n|-unboost|p2b: Flutter Mane|spe|1\n|\n|upkeep\n|turn|2\n|j| nightcoreee\n|\n|t:|1701015328\n|switch|p1b: Heatran|Heatran, L50, M|100\/100\n|-terastallize|p2b: Flutter Mane|Fairy\n|move|p2a: Tornadus|Bleakwind Storm|p1a: Tornadus|[spread] p1a,p1b\n|-resisted|p1b: Heatran\n|-damage|p1a: Tornadus|31\/100\n|-damage|p1b: Heatran|85\/100\n|-unboost|p1b: Heatran|spe|1\n|move|p2b: Flutter Mane|Shadow Ball|p1b: Heatran\n|-damage|p1b: Heatran|35\/100\n|move|p1a: Tornadus|Icy Wind|p2b: Flutter Mane|[spread] p2a,p2b\n|-supereffective|p2a: Tornadus\n|-damage|p2a: Tornadus|22\/100\n|-damage|p2b: Flutter Mane|74\/100\n|-unboost|p2a: Tornadus|spe|1\n|-unboost|p2b: Flutter Mane|spe|1\n|-enditem|p2a: Tornadus|Sitrus Berry|[eat]\n|-heal|p2a: Tornadus|47\/100|[from] item: Sitrus Berry\n|\n|upkeep\n|turn|3\n|\n|t:|1701015365\n|move|p1b: Heatran|Protect|p1b: Heatran\n|-singleturn|p1b: Heatran|Protect\n|move|p1a: Tornadus|Tailwind|p1a: Tornadus\n|-sidestart|p1: Flexing Val|move: Tailwind\n|move|p2a: Tornadus|Taunt|p1a: Tornadus\n|-start|p1a: Tornadus|move: Taunt\n|move|p2b: Flutter Mane|Shadow Ball|p1b: Heatran\n|-activate|p1b: Heatran|move: Protect\n|\n|upkeep\n|turn|4\n|\n|t:|1701015410\n|switch|p2a: Landorus|Landorus-Therian, L50, M|100\/100\n|-ability|p2a: Landorus|Intimidate|boost\n|-unboost|p1a: Tornadus|atk|1\n|-unboost|p1b: Heatran|atk|1\n|move|p2b: Flutter Mane|Protect|p2b: Flutter Mane\n|-singleturn|p2b: Flutter Mane|Protect\n|move|p1a: Tornadus|Bleakwind Storm|p2a: Landorus|[spread] p2a\n|-activate|p2b: Flutter Mane|move: Protect\n|-damage|p2a: Landorus|55\/100\n|move|p1b: Heatran|Heat Wave|p2a: Landorus|[spread] p2a\n|-activate|p2b: Flutter Mane|move: Protect\n|-damage|p2a: Landorus|0 fnt\n|faint|p2a: Landorus\n|-damage|p1b: Heatran|26\/100|[from] item: Life Orb\n|\n|-sideend|p2: zephiel97|move: Tailwind\n|upkeep\n|j| DubiousVGC\n|\n|t:|1701015427\n|switch|p2a: Tornadus|Tornadus, L50, M|47\/100\n|turn|5\n|\n|t:|1701015438\n|move|p2a: Tornadus|Tailwind|p2a: Tornadus\n|-sidestart|p2: zephiel97|move: Tailwind\n|move|p1a: Tornadus|Bleakwind Storm|p2b: Flutter Mane|[spread] p2a\n|-miss|p1a: Tornadus|p2b: Flutter Mane\n|-damage|p2a: Tornadus|0 fnt\n|faint|p2a: Tornadus\n|move|p1b: Heatran|Flash Cannon|p2b: Flutter Mane\n|-supereffective|p2b: Flutter Mane\n|-damage|p2b: Flutter Mane|0 fnt\n|faint|p2b: Flutter Mane\n|-end|p2b: Flutter Mane|Protosynthesis|[silent]\n|-damage|p1b: Heatran|16\/100|[from] item: Life Orb\n|\n|upkeep\n|\n|t:|1701015472\n|switch|p2b: Ogerpon|Ogerpon-Hearthflame, L50, F|100\/100\n|-ability|p2b: Ogerpon|Mold Breaker\n|turn|6\n|\n|t:|1701015522\n|move|p1a: Tornadus|Bleakwind Storm|p2b: Ogerpon\n|-supereffective|p2b: Ogerpon\n|-damage|p2b: Ogerpon|0 fnt\n|faint|p2b: Ogerpon\n|\n|win|Flexing Val\n|c|\u2606zephiel97|gg\n|c|\u2606Flexing Val|ggs\n","uploadtime":1701015528,"views":21,"p1id":"flexingval","p2id":"zephiel97","formatid":"gen9vgc2023regulatione","rating":0,"private":0,"password":""}