{"id":"gen9vgc2023regulatione-1994286654","p1":"Quello_Scarso","p2":"Marco Lucato","format":"[Gen 9] VGC 2023 Regulation E","log":"|j|\u2606Quello_Scarso\n|j|\u2606Marco Lucato\n|n|\u2606Quello_Scarso|quelloscarso\n|n|\u2606Marco Lucato|marcolucato\n|html|View the match progress at <a href=\"\/game-bestof3-gen9vgc2023regulatione-1994286652\">game-bestof3-gen9vgc2023regulatione-1994286652<\/a>\n|t:|1700427200\n|gametype|doubles\n|player|p1|Quello_Scarso|dawn-gen4pt|\n|player|p2|Marco Lucato|102|\n|teamsize|p1|6\n|teamsize|p2|6\n|gen|9\n|tier|[Gen 9] VGC 2023 Regulation E\n|rule|Species Clause: Limit one of each Pok\u00e9mon\n|rule|Item Clause: Limit one of each item\n|clearpoke\n|poke|p1|Kingambit, L50, F|\n|poke|p1|Amoonguss, L50, M|\n|poke|p1|Urshifu-*, L50, F|\n|poke|p1|Dragonite, L50, F|\n|poke|p1|Chien-Pao, L50|\n|poke|p1|Ogerpon-Hearthflame, L50, F|\n|poke|p2|Rillaboom, L50, M|\n|poke|p2|Iron Hands, L50|\n|poke|p2|Heatran, L50, F|\n|poke|p2|Ursaluna-Bloodmoon, L50, M|\n|poke|p2|Urshifu-*, L50, M|\n|poke|p2|Farigiraf, L50, M|\n|teampreview|4\nQuello_Scarso has agreed to open team sheets.\n|c|\u2606Quello_Scarso|gl hf\n|c|\u2606Marco Lucato|u 2\nMarco Lucato has agreed to open team sheets.\n|showteam|p1|Kingambit||BlackGlasses|Defiant|SuckerPunch,IronHead,KowtowCleave,Protect|||F|||50|,,,,,Dragon]Amoonguss||SitrusBerry|Regenerator|Spore,PollenPuff,RagePowder,ClearSmog|||M|||50|,,,,,Fire]Urshifu-Rapid-Strike||ChoiceScarf|UnseenFist|SurgingStrikes,CloseCombat,AquaJet,Uturn|||F|||50|,,,,,Poison]Dragonite||ChoiceBand|InnerFocus|ExtremeSpeed,AerialAce,StompingTantrum,Outrage|||F|||50|,,,,,Normal]Chien-Pao||FocusSash|SwordofRuin|IcicleCrash,SacredSword,Protect,SuckerPunch||||||50|,,,,,Ghost]Ogerpon-Hearthflame||HearthflameMask|MoldBreaker|IvyCudgel,GrassyGlide,SwordsDance,SpikyShield|||F|||50|,,,,,Fire\n|showteam|p2|Rillaboom||AssaultVest|GrassySurge|WoodHammer,GrassyGlide,Uturn,FakeOut|||M|||50|,,,,,Fire]Iron Hands||Leftovers|QuarkDrive|ThunderPunch,DrainPunch,SwordsDance,Detect||||||50|,,,,,Grass]Heatran||ShucaBerry|FlashFire|HeatWave,Protect,EarthPower,WillOWisp|||F|||50|,,,,,Grass]Ursaluna-Bloodmoon||SilkScarf|MindsEye|BloodMoon,EarthPower,HyperVoice,Protect|||M|||50|,,,,,Ghost]Urshifu-Rapid-Strike||ChoiceScarf|UnseenFist|SurgingStrikes,CloseCombat,AquaJet,Uturn|||M|||50|,,,,,Water]Farigiraf||SitrusBerry|ArmorTail|Psychic,MeanLook,TrickRoom,HelpingHand|||M|||50|,,,,,Fairy\n|j| ilpalmi\n|j| glopp_97\n|j| pakossrabanne\n|l| pakossrabanne\n|j| Triir\n|l| Triir\n|j| Ryugami0\n|\n|t:|1700427386\n|start\n|switch|p1a: Dragonite|Dragonite, L50, F|100\/100\n|switch|p1b: Chien-Pao|Chien-Pao, L50|100\/100\n|switch|p2a: Rillaboom|Rillaboom, L50, M|100\/100\n|switch|p2b: Farigiraf|Farigiraf, L50, M|100\/100\n|-ability|p1b: Chien-Pao|Sword of Ruin\n|-fieldstart|move: Grassy Terrain|[from] ability: Grassy Surge|[of] p2a: Rillaboom\n|turn|1\n|\n|t:|1700427443\n|-terastallize|p2b: Farigiraf|Fairy\n|move|p1b: Chien-Pao|Icicle Crash|p2a: Rillaboom\n|-supereffective|p2a: Rillaboom\n|-damage|p2a: Rillaboom|5\/100\n|move|p2a: Rillaboom|U-turn|p1b: Chien-Pao\n|-supereffective|p1b: Chien-Pao\n|-damage|p1b: Chien-Pao|43\/100\n|\n|t:|1700427452\n|switch|p2a: Ursaluna|Ursaluna-Bloodmoon, L50, M|100\/100|[from] U-turn\n|move|p1a: Dragonite|Outrage|p2b: Farigiraf\n|-immune|p2b: Farigiraf\n|move|p2b: Farigiraf|Trick Room|p2b: Farigiraf\n|-fieldstart|move: Trick Room|[of] p2b: Farigiraf\n|\n|-heal|p1b: Chien-Pao|49\/100|[from] Grassy Terrain\n|upkeep\n|turn|2\n|\n|t:|1700427482\n|switch|p1b: Amoonguss|Amoonguss, L50, M|100\/100\n|move|p2b: Farigiraf|Helping Hand|p2a: Ursaluna\n|-singleturn|p2a: Ursaluna|Helping Hand|[of] p2b: Farigiraf\n|move|p2a: Ursaluna|Hyper Voice|p1b: Amoonguss|[spread] p1a,p1b\n|-damage|p1a: Dragonite|36\/100\n|-damage|p1b: Amoonguss|39\/100\n|-enditem|p1b: Amoonguss|Sitrus Berry|[eat]\n|-heal|p1b: Amoonguss|64\/100|[from] item: Sitrus Berry\n|move|p1a: Dragonite|Outrage|p2b: Farigiraf\n|-immune|p2b: Farigiraf\n|\n|-heal|p1b: Amoonguss|70\/100|[from] Grassy Terrain\n|upkeep\n|turn|3\n|\n|t:|1700427543\n|switch|p1a: Ogerpon|Ogerpon-Hearthflame, L50, F|100\/100\n|-ability|p1a: Ogerpon|Mold Breaker\n|move|p2a: Ursaluna|Protect|p2a: Ursaluna\n|-singleturn|p2a: Ursaluna|Protect\n|move|p1b: Amoonguss|Spore|p2a: Ursaluna\n|-activate|p2a: Ursaluna|move: Protect\n|move|p2b: Farigiraf|Psychic|p1b: Amoonguss\n|-supereffective|p1b: Amoonguss\n|-damage|p1b: Amoonguss|10\/100\n|-unboost|p1b: Amoonguss|spd|1\n|\n|-heal|p1b: Amoonguss|15\/100|[from] Grassy Terrain\n|upkeep\n|turn|4\n|\n|t:|1700427564\n|switch|p2a: Rillaboom|Rillaboom, L50, M|5\/100\n|move|p1b: Amoonguss|Spore|p2b: Farigiraf\n|-status|p2b: Farigiraf|slp|[from] move: Spore\n|cant|p2b: Farigiraf|slp\n|move|p1a: Ogerpon|Swords Dance|p1a: Ogerpon\n|-boost|p1a: Ogerpon|atk|2\n|\n|-heal|p1b: Amoonguss|21\/100|[from] Grassy Terrain\n|-heal|p2a: Rillaboom|11\/100|[from] Grassy Terrain\n|upkeep\n|turn|5\n|j| Triir\n|j| Dice Player\n|\n|t:|1700427605\n|move|p1b: Amoonguss|Pollen Puff|p2a: Rillaboom\n|-supereffective|p2a: Rillaboom\n|-damage|p2a: Rillaboom|0 fnt\n|faint|p2a: Rillaboom\n|cant|p2b: Farigiraf|slp\n|move|p1a: Ogerpon|Ivy Cudgel|p2b: Farigiraf|[anim] Ivy Cudgel Fire\n|-damage|p2b: Farigiraf|1\/100 slp\n|-enditem|p2b: Farigiraf|Sitrus Berry|[eat]\n|-heal|p2b: Farigiraf|26\/100 slp|[from] item: Sitrus Berry\n|\n|-heal|p1b: Amoonguss|27\/100|[from] Grassy Terrain\n|-heal|p2b: Farigiraf|32\/100 slp|[from] Grassy Terrain\n|-fieldend|move: Trick Room\n|-fieldend|move: Grassy Terrain\n|upkeep\n|\n|t:|1700427627\n|switch|p2a: Ursaluna|Ursaluna-Bloodmoon, L50, M|100\/100\n|turn|6\n|l| Triir\n|j| fuggdafogg\n|l| fuggdafogg\n|j| Ryum\n|\n|t:|1700427754\n|switch|p1b: Chien-Pao|Chien-Pao, L50|49\/100\n|-ability|p1b: Chien-Pao|Sword of Ruin\n|-terastallize|p1a: Ogerpon|Fire\n|detailschange|p1a: Ogerpon|Ogerpon-Hearthflame-Tera, L50, F, tera:Fire\n|-ability|p1a: Ogerpon|Embody Aspect (Hearthflame)|boost\n|-boost|p1a: Ogerpon|atk|1\n|move|p1a: Ogerpon|Ivy Cudgel|p2a: Ursaluna|[anim] Ivy Cudgel Fire\n|-damage|p2a: Ursaluna|0 fnt\n|faint|p2a: Ursaluna\n|cant|p2b: Farigiraf|slp\n|\n|upkeep\n|\n|t:|1700427766\n|switch|p2a: Iron Hands|Iron Hands, L50, shiny|100\/100\n|turn|7\n|\n|t:|1700427788\n|-curestatus|p2b: Farigiraf|slp|[msg]\n|move|p2b: Farigiraf|Helping Hand|p2a: Iron Hands\n|-singleturn|p2a: Iron Hands|Helping Hand|[of] p2b: Farigiraf\n|move|p1b: Chien-Pao|Icicle Crash|p2a: Iron Hands\n|-damage|p2a: Iron Hands|62\/100\n|move|p1a: Ogerpon|Ivy Cudgel|p2b: Farigiraf|[anim] Ivy Cudgel Fire\n|-damage|p2b: Farigiraf|0 fnt\n|faint|p2b: Farigiraf\n|move|p2a: Iron Hands|Drain Punch|p1a: Ogerpon\n|-damage|p1a: Ogerpon|12\/100\n|-heal|p2a: Iron Hands|94\/100|[from] drain|[of] p1a: Ogerpon\n|\n|-heal|p2a: Iron Hands|99\/100|[from] item: Leftovers\n|upkeep\n|turn|8\n|\n|t:|1700427804\n|move|p1b: Chien-Pao|Sacred Sword|p2a: Iron Hands\n|-damage|p2a: Iron Hands|72\/100\n|move|p1a: Ogerpon|Ivy Cudgel|p2a: Iron Hands|[anim] Ivy Cudgel Fire\n|-damage|p2a: Iron Hands|0 fnt\n|faint|p2a: Iron Hands\n|-end|p2a: Iron Hands|Quark Drive|[silent]\n|\n|win|Quello_Scarso\n|c|&|\/uhtml prompt-marcolucato,Marco Lucato is ready for game 2!\n|c|&|\/uhtml prompt-quelloscarso,Quello_Scarso is ready for game 2!\nBoth players are ready! Starting next match!\n|l| Dice Player\n|j| HS_Oscar\n|l| HS_Oscar\n|l| Ryugami0\n|l|\u2606Marco Lucato\n|l| glopp_97\n","uploadtime":1700428275,"views":26,"p1id":"quelloscarso","p2id":"marcolucato","formatid":"gen9vgc2023regulatione","rating":0,"private":0,"password":""}