{"id":"gen9vgc2023regulatione-1993566250","p1":"casper6_14","p2":"tomcheung22","format":"[Gen 9] VGC 2023 Regulation E","log":"|j|\u2606casper6_14\n|j|\u2606tomcheung22\n|n|\u2606casper6_14|casper614\n|n|\u2606tomcheung22|tomcheung22\n|html|View the match progress at <a href=\"\/game-bestof3-gen9vgc2023regulatione-1993566249\">game-bestof3-gen9vgc2023regulatione-1993566249<\/a>\n|t:|1700332459\n|gametype|doubles\n|player|p1|casper6_14|1|\n|player|p2|tomcheung22|lady-gen4|\n|teamsize|p1|6\n|teamsize|p2|6\n|gen|9\n|tier|[Gen 9] VGC 2023 Regulation E\n|rated|Tournament battle\n|rule|Species Clause: Limit one of each Pok\u00e9mon\n|rule|Item Clause: Limit one of each item\n|clearpoke\n|poke|p1|Dondozo, L50, F|\n|poke|p1|Tatsugiri, L50, F|\n|poke|p1|Gholdengo, L50|\n|poke|p1|Perrserker, L50, F|\n|poke|p1|Indeedee-F, L50, F|\n|poke|p1|Armarouge, L50, F|\n|poke|p2|Rowlet, L50, F|\n|poke|p2|Armarouge, L50, F|\n|poke|p2|Indeedee-F, L50, F|\n|poke|p2|Torkoal, L50, F|\n|poke|p2|Great Tusk, L50|\n|poke|p2|Gengar, L50, F|\n|teampreview|4\n|showteam|p1|Dondozo||Leftovers|Unaware|OrderUp,Protect,Substitute,WaveCrash|||F|||50|,,,,,Dragon]Tatsugiri||ChoiceScarf|Commander|DracoMeteor,HydroPump,IcyWind,MuddyWater|||F|||50|,,,,,Dragon]Gholdengo||ChoiceSpecs|GoodasGold|MakeItRain,ShadowBall,Trick,Thunderbolt||||||50|,,,,,Steel]Perrserker||SitrusBerry|SteelySpirit|FakeOut,IronHead,SwordsDance,Protect|||F|||50|,,,,,Ghost]Indeedee-F||RockyHelmet|PsychicSurge|DazzlingGleam,FollowMe,HelpingHand,TrickRoom|||F|||50|,,,,,Fairy]Armarouge||LifeOrb|FlashFire|TrickRoom,ExpandingForce,WideGuard,Protect|||F|||50|,,,,,Psychic\n|showteam|p2|Rowlet||Eviolite|Overgrow|EnergyBall,ShadowSneak,SunnyDay,Haze|||F|||50|,,,,,Dragon]Armarouge||MindPlate|FlashFire|ExpandingForce,ArmorCannon,TrickRoom,WideGuard|||F|||50|,,,,,Psychic]Indeedee-F||PsychicSeed|PsychicSurge|DazzlingGleam,HelpingHand,FollowMe,TrickRoom|||F|||50|,,,,,Grass]Torkoal||Charcoal|Drought|Eruption,Flamethrower,EarthPower,ClearSmog|||F|||50|,,,,,Fire]Great Tusk||AssaultVest|Protosynthesis|HeadlongRush,CloseCombat,RockSlide,IceSpinner||||||50|,,,,,Fire]Gengar||FocusSash|CursedBody|SludgeBomb,IcyWind,Taunt,TrickRoom|||F|||50|,,,,,Poison\n|c|\u2606casper6_14|ROWLET?\n|c|\u2606tomcheung22|Indeed ROWLET\n|c|\u2606tomcheung22|My round boi\n|c|\u2606casper6_14|mad man\n|\n|t:|1700332533\n|start\n|switch|p1a: Gholdengo|Gholdengo, L50|100\/100\n|switch|p1b: Perrserker|Perrserker, L50, F|100\/100\n|switch|p2a: Indeedee|Indeedee-F, L50, F|100\/100\n|switch|p2b: Armarouge|Armarouge, L50, F|100\/100\n|-fieldstart|move: Psychic Terrain|[from] ability: Psychic Surge|[of] p2a: Indeedee\n|-enditem|p2a: Indeedee|Psychic Seed\n|-boost|p2a: Indeedee|spd|1|[from] item: Psychic Seed\n|turn|1\n|\n|t:|1700332563\n|-terastallize|p1a: Gholdengo|Steel\n|move|p2b: Armarouge|Wide Guard|p2b: Armarouge\n|-singleturn|p2b: Armarouge|Wide Guard\n|move|p1a: Gholdengo|Make It Rain|p2a: Indeedee|[spread] \n|-activate|p2a: Indeedee|move: Wide Guard\n|-activate|p2b: Armarouge|move: Wide Guard\n|move|p1b: Perrserker|Iron Head|p2b: Armarouge\n|-resisted|p2b: Armarouge\n|-damage|p2b: Armarouge|77\/100\n|move|p2a: Indeedee|Trick Room|p2a: Indeedee\n|-fieldstart|move: Trick Room|[of] p2a: Indeedee\n|\n|upkeep\n|turn|2\n|\n|t:|1700332580\n|move|p2a: Indeedee|Helping Hand|p2b: Armarouge\n|-singleturn|p2b: Armarouge|Helping Hand|[of] p2a: Indeedee\n|move|p1b: Perrserker|Iron Head|p2b: Armarouge\n|-resisted|p2b: Armarouge\n|-damage|p2b: Armarouge|54\/100\n|move|p2b: Armarouge|Expanding Force|p1b: Perrserker|[spread] p1a,p1b\n|-resisted|p1a: Gholdengo\n|-resisted|p1b: Perrserker\n|-damage|p1a: Gholdengo|42\/100\n|-damage|p1b: Perrserker|32\/100\n|-enditem|p1b: Perrserker|Sitrus Berry|[eat]\n|-heal|p1b: Perrserker|57\/100|[from] item: Sitrus Berry\n|move|p1a: Gholdengo|Make It Rain|p2a: Indeedee|[spread] p2a,p2b\n|-resisted|p2b: Armarouge\n|-damage|p2a: Indeedee|0 fnt\n|-damage|p2b: Armarouge|0 fnt\n|-unboost|p1a: Gholdengo|spa|1\n|faint|p2a: Indeedee\n|faint|p2b: Armarouge\n|\n|upkeep\n|\n|t:|1700332597\n|switch|p2b: Torkoal|Torkoal, L50, F|100\/100\n|switch|p2a: Rowlet|Rowlet, L50, F|100\/100\n|-weather|SunnyDay|[from] ability: Drought|[of] p2b: Torkoal\n|turn|3\n|inactive|Battle timer is ON: inactive players will automatically lose when time's up. (requested by tomcheung22)\n|\n|t:|1700332616\n|move|p1b: Perrserker|Protect|p1b: Perrserker\n|-singleturn|p1b: Perrserker|Protect\n|move|p2b: Torkoal|Eruption|p1b: Perrserker|[spread] p1a\n|-activate|p1b: Perrserker|move: Protect\n|-supereffective|p1a: Gholdengo\n|-damage|p1a: Gholdengo|0 fnt\n|faint|p1a: Gholdengo\n|move|p2a: Rowlet|Haze|p2a: Rowlet\n|-clearallboost\n|\n|-weather|SunnyDay|[upkeep]\n|upkeep\n|c|\u2606tomcheung22|here it is\n|\n|t:|1700332632\n|switch|p1a: Dondozo|Dondozo, L50, F|100\/100\n|turn|4\n|\n|t:|1700332641\n|-terastallize|p2b: Torkoal|Fire\n|move|p2b: Torkoal|Eruption|p1a: Dondozo|[spread] p1a,p1b\n|-resisted|p1a: Dondozo\n|-supereffective|p1b: Perrserker\n|-damage|p1a: Dondozo|59\/100\n|-damage|p1b: Perrserker|0 fnt\n|faint|p1b: Perrserker\n|move|p2a: Rowlet|Haze|p2a: Rowlet\n|-clearallboost\n|move|p1a: Dondozo|Substitute|p1a: Dondozo\n|-start|p1a: Dondozo|Substitute\n|-damage|p1a: Dondozo|34\/100\n|\n|-weather|SunnyDay|[upkeep]\n|-heal|p1a: Dondozo|40\/100|[from] item: Leftovers\n|upkeep\n|\n|t:|1700332662\n|switch|p1b: Tatsugiri|Tatsugiri, L50, F|100\/100\n|-activate|p1b: Tatsugiri|ability: Commander|[of] p1a: Dondozo\n|-boost|p1a: Dondozo|atk|2\n|-boost|p1a: Dondozo|spa|2\n|-boost|p1a: Dondozo|spe|2\n|-boost|p1a: Dondozo|def|2\n|-boost|p1a: Dondozo|spd|2\n|turn|5\n|\n|t:|1700332676\n|move|p2b: Torkoal|Eruption|p1a: Dondozo|[spread] p1a\n|-miss|p2b: Torkoal|p1b: Tatsugiri\n|-resisted|p1a: Dondozo\n|-crit|p1a: Dondozo\n|-end|p1a: Dondozo|Substitute\n|move|p2a: Rowlet|Haze|p2a: Rowlet\n|-clearallboost\n|move|p1a: Dondozo|Order Up|p2b: Torkoal\n|-damage|p2b: Torkoal|83\/100\n|-boost|p1a: Dondozo|atk|1\n|\n|-weather|SunnyDay|[upkeep]\n|-heal|p1a: Dondozo|46\/100|[from] item: Leftovers\n|-fieldend|move: Trick Room\n|-fieldend|move: Psychic Terrain\n|upkeep\n|turn|6\n|inactive|casper6_14 has 30 seconds left.\n|\n|t:|1700332701\n|move|p1a: Dondozo|Wave Crash|p2b: Torkoal\n|-supereffective|p2b: Torkoal\n|-damage|p2b: Torkoal|31\/100\n|-damage|p1a: Dondozo|34\/100|[from] Recoil\n|move|p2a: Rowlet|Energy Ball|p1a: Dondozo\n|-supereffective|p1a: Dondozo\n|-damage|p1a: Dondozo|0 fnt\n|faint|p1a: Dondozo\n|move|p2b: Torkoal|Flamethrower|p1b: Tatsugiri\n|-resisted|p1b: Tatsugiri\n|-damage|p1b: Tatsugiri|70\/100\n|-status|p1b: Tatsugiri|brn\n|\n|-weather|SunnyDay|[upkeep]\n|-damage|p1b: Tatsugiri|64\/100 brn|[from] brn\n|upkeep\n|turn|7\n|\n|t:|1700332724\n|move|p1b: Tatsugiri|Icy Wind|p2a: Rowlet|[spread] p2a,p2b\n|-supereffective|p2a: Rowlet\n|-resisted|p2b: Torkoal\n|-damage|p2a: Rowlet|29\/100\n|-damage|p2b: Torkoal|21\/100\n|-unboost|p2a: Rowlet|spe|1\n|-unboost|p2b: Torkoal|spe|1\n|move|p2a: Rowlet|Energy Ball|p1b: Tatsugiri\n|-crit|p1b: Tatsugiri\n|-damage|p1b: Tatsugiri|0 fnt\n|faint|p1b: Tatsugiri\n|\n|win|tomcheung22\n|c|&|\/uhtml prompt-tomcheung22,tomcheung22 is ready for game 2!\n|c|&|\/uhtml prompt-casper614,casper6_14 is ready for game 2!\nBoth players are ready! Starting next match!\n","uploadtime":1700332737,"views":8,"p1id":"casper614","p2id":"tomcheung22","formatid":"gen9vgc2023regulatione","rating":0,"private":0,"password":""}