{"id":"gen9vgc2023regulatione-1993202312","p1":"RotovicVGC","p2":"LMagician","format":"[Gen 9] VGC 2023 Regulation E","log":"|j|\u2606RotovicVGC\n|j|\u2606LMagician\n|n|\u2606RotovicVGC|rotovicvgc\n|n|\u2606LMagician|lmagician\n|html|View the match progress at <a href=\"\/game-bestof3-gen9vgc2023regulatione-1993199793\">game-bestof3-gen9vgc2023regulatione-1993199793<\/a>\n|t:|1700277435\n|gametype|doubles\n|player|p1|RotovicVGC|170|\n|player|p2|LMagician|steven|\n|teamsize|p1|6\n|teamsize|p2|6\n|gen|9\n|tier|[Gen 9] VGC 2023 Regulation E\n|rule|Species Clause: Limit one of each Pok\u00e9mon\n|rule|Item Clause: Limit one of each item\n|clearpoke\n|poke|p1|Tornadus, L50, M|\n|poke|p1|Urshifu-*, L50, M|\n|poke|p1|Chien-Pao, L50|\n|poke|p1|Arcanine-Hisui, L50, M|\n|poke|p1|Rillaboom, L50, M|\n|poke|p1|Flutter Mane, L50|\n|poke|p2|Tornadus, L50, M|\n|poke|p2|Flutter Mane, L50|\n|poke|p2|Landorus-Therian, L50, M|\n|poke|p2|Heatran, L50, M|\n|poke|p2|Roaring Moon, L50|\n|poke|p2|Ogerpon-Wellspring, L50, F|\n|teampreview|4\nRotovicVGC has agreed to open team sheets.\nLMagician has agreed to open team sheets.\n|showteam|p1|Tornadus||RockyHelmet|Prankster|BleakwindStorm,Tailwind,Taunt,RainDance|||M|||50|,,,,,Ghost]Urshifu-Rapid-Strike||ChoiceScarf|UnseenFist|SurgingStrikes,CloseCombat,Uturn,AquaJet|||M|||50|,,,,,Water]Chien-Pao||FocusSash|SwordofRuin|SuckerPunch,IcicleCrash,Protect,SacredSword||||||50|,,,,,Ghost]Arcanine-Hisui||ChoiceBand|Intimidate|ExtremeSpeed,FlareBlitz,RockSlide,TeraBlast|||M|||50|,,,,,Fairy]Rillaboom||AssaultVest|GrassySurge|FakeOut,GrassyGlide,Uturn,WoodHammer|||M|||50|,,,,,Poison]Flutter Mane||BoosterEnergy|Protosynthesis|DazzlingGleam,ShadowBall,Moonblast,Protect||||||50|,,,,,Fairy\n|showteam|p2|Tornadus||CovertCloak|Prankster|Tailwind,BleakwindStorm,SunnyDay,RainDance|||M|||50|,,,,,Dragon]Flutter Mane||ChoiceSpecs|Protosynthesis|Moonblast,ShadowBall,DazzlingGleam,TrickRoom||||||50|,,,,,Fairy]Landorus-Therian||ChoiceScarf|Intimidate|StompingTantrum,TeraBlast,RockSlide,Uturn|||M|||50|,,,,,Flying]Heatran||LifeOrb|FlashFire|HeatWave,FlashCannon,Protect,EarthPower|||M|||50|,,,,,Grass]Roaring Moon||BoosterEnergy|Protosynthesis|Acrobatics,KnockOff,Protect,DragonDance||||||50|,,,,,Flying]Ogerpon-Wellspring||WellspringMask|WaterAbsorb|IvyCudgel,WoodHammer,SpikyShield,FollowMe|||F|||50|,,,,,Water\n|j| Fancy Cucudrula\n|j| FenrirZzz\n|\n|t:|1700277524\n|start\n|switch|p1a: Tornadus|Tornadus, L50, M|100\/100\n|switch|p1b: Urshifu|Urshifu-Rapid-Strike, L50, M|100\/100\n|switch|p2a: Tornadus|Tornadus, L50, M|100\/100\n|switch|p2b: Ogerpon|Ogerpon-Wellspring, L50, F|100\/100\n|turn|1\n|\n|t:|1700277583\n|-terastallize|p2b: Ogerpon|Water\n|detailschange|p2b: Ogerpon|Ogerpon-Wellspring-Tera, L50, F, tera:Water\n|-ability|p2b: Ogerpon|Embody Aspect (Wellspring)|boost\n|-boost|p2b: Ogerpon|spd|1\n|move|p2a: Tornadus|Tailwind|p2a: Tornadus\n|-sidestart|p2: LMagician|move: Tailwind\n|move|p2b: Ogerpon|Ivy Cudgel|p1b: Urshifu|[anim] Ivy Cudgel Water\n|-resisted|p1b: Urshifu\n|-damage|p1b: Urshifu|67\/100\n|move|p1b: Urshifu|U-turn|p2b: Ogerpon\n|-damage|p2b: Ogerpon|74\/100\n|\n|t:|1700277599\n|switch|p1b: Mi Kokoro|Arcanine-Hisui, L50, M|100\/100|[from] U-turn\n|-ability|p1b: Mi Kokoro|Intimidate|boost\n|-unboost|p2a: Tornadus|atk|1\n|-unboost|p2b: Ogerpon|atk|1\n|move|p1a: Tornadus|Bleakwind Storm|p2a: Tornadus|[spread] p2a\n|-miss|p1a: Tornadus|p2b: Ogerpon\n|-damage|p2a: Tornadus|62\/100\n|\n|upkeep\n|turn|2\n|inactive|Battle timer is ON: inactive players will automatically lose when time's up. (requested by LMagician)\n|inactive|RotovicVGC has 60 seconds left.\n|\n|t:|1700277678\n|switch|p2a: Landorus|Landorus-Therian, L50, M|100\/100\n|-ability|p2a: Landorus|Intimidate|boost\n|-unboost|p1a: Tornadus|atk|1\n|-unboost|p1b: Mi Kokoro|atk|1\n|-terastallize|p1b: Mi Kokoro|Fairy\n|move|p2b: Ogerpon|Spiky Shield|p2b: Ogerpon\n|-singleturn|p2b: Ogerpon|move: Protect\n|move|p1b: Mi Kokoro|Extreme Speed|p2b: Ogerpon\n|-activate|p2b: Ogerpon|move: Protect\n|-damage|p1b: Mi Kokoro|88\/100|[from] Spiky Shield|[of] p2b: Ogerpon\n|move|p1a: Tornadus|Bleakwind Storm|p2b: Ogerpon|[spread] p2a\n|-activate|p2b: Ogerpon|move: Protect\n|-crit|p2a: Landorus\n|-damage|p2a: Landorus|49\/100\n|-unboost|p2a: Landorus|spe|1\n|\n|upkeep\n|turn|3\n|inactive|RotovicVGC has 30 seconds left.\n|inactive|LMagician has 30 seconds left.\n|inactive|RotovicVGC has 20 seconds left.\n|inactive|RotovicVGC has 15 seconds left.\n|inactive|RotovicVGC has 10 seconds left.\n|\n|t:|1700277727\n|switch|p2b: Flutter Mane|Flutter Mane, L50|100\/100\n|move|p1b: Mi Kokoro|Extreme Speed|p2b: Flutter Mane\n|-immune|p2b: Flutter Mane\n|move|p1a: Tornadus|Tailwind|p1a: Tornadus\n|-sidestart|p1: RotovicVGC|move: Tailwind\n|move|p2a: Landorus|Rock Slide|p1b: Mi Kokoro|[spread] p1a,p1b\n|-supereffective|p1a: Tornadus\n|-damage|p1a: Tornadus|64\/100\n|-damage|p1b: Mi Kokoro|63\/100\n|\n|upkeep\n|turn|4\n|\n|t:|1700277748\n|move|p1b: Mi Kokoro|Extreme Speed|p2a: Landorus\n|-damage|p2a: Landorus|22\/100\n|move|p2b: Flutter Mane|Dazzling Gleam|p1b: Mi Kokoro|[spread] p1a,p1b\n|-damage|p1a: Tornadus|17\/100\n|-damage|p1b: Mi Kokoro|9\/100\n|move|p2a: Landorus|Rock Slide|p1b: Mi Kokoro|[spread] p1a,p1b\n|-supereffective|p1a: Tornadus\n|-damage|p1a: Tornadus|0 fnt\n|-damage|p1b: Mi Kokoro|0 fnt\n|faint|p1a: Tornadus\n|faint|p1b: Mi Kokoro\n|\n|-sideend|p2: LMagician|move: Tailwind\n|upkeep\n|\n|t:|1700277756\n|switch|p1a: Chien-Pao|Chien-Pao, L50|100\/100\n|switch|p1b: Urshifu|Urshifu-Rapid-Strike, L50, M|67\/100\n|-ability|p1a: Chien-Pao|Sword of Ruin\n|turn|5\n|inactive|RotovicVGC has 30 seconds left.\n|inactive|LMagician has 30 seconds left.\n|inactive|RotovicVGC has 20 seconds left.\n|inactive|LMagician has 20 seconds left.\n|inactive|LMagician has 15 seconds left.\n|\n|t:|1700277801\n|-end|p2b: Flutter Mane|Protosynthesis|[silent]\n|switch|p2b: Ogerpon|Ogerpon-Wellspring-Tera, L50, F, tera:Water|74\/100\n|-ability|p2b: Ogerpon|Embody Aspect (Wellspring)|boost\n|-boost|p2b: Ogerpon|spd|1\n|move|p1a: Chien-Pao|Sucker Punch|p2a: Landorus\n|-damage|p2a: Landorus|0 fnt\n|faint|p2a: Landorus\n|move|p1b: Urshifu|Surging Strikes|p2b: Ogerpon\n|-resisted|p2b: Ogerpon\n|-crit|p2b: Ogerpon\n|-damage|p2b: Ogerpon|60\/100\n|-resisted|p2b: Ogerpon\n|-crit|p2b: Ogerpon\n|-damage|p2b: Ogerpon|46\/100\n|-resisted|p2b: Ogerpon\n|-crit|p2b: Ogerpon\n|-damage|p2b: Ogerpon|31\/100\n|-hitcount|p2b: Ogerpon|3\n|\n|upkeep\n|inactive|LMagician has 30 seconds left.\n|\n|t:|1700277826\n|switch|p2a: Tornadus|Tornadus, L50, M|62\/100\n|turn|6\n|inactive|LMagician has 30 seconds left.\n|inactive|LMagician has 20 seconds left.\n|inactive|LMagician has 15 seconds left.\n|inactive|LMagician has 10 seconds left.\n|inactive|LMagician has 5 seconds left.\n|\n|t:|1700277880\n|move|p1a: Chien-Pao|Sucker Punch|p2b: Ogerpon\n|-damage|p2b: Ogerpon|0 fnt\n|faint|p2b: Ogerpon\n|move|p2a: Tornadus|Tailwind|p2a: Tornadus\n|-sidestart|p2: LMagician|move: Tailwind\n|move|p1b: Urshifu|Surging Strikes|p2a: Tornadus\n|-crit|p2a: Tornadus\n|-damage|p2a: Tornadus|36\/100\n|-crit|p2a: Tornadus\n|-damage|p2a: Tornadus|9\/100\n|-crit|p2a: Tornadus\n|-damage|p2a: Tornadus|0 fnt\n|faint|p2a: Tornadus\n|-hitcount|p2: Tornadus|3\n|\n|-sideend|p1: RotovicVGC|move: Tailwind\n|upkeep\n|\n|t:|1700277893\n|switch|p2b: Flutter Mane|Flutter Mane, L50|100\/100\n|turn|7\n|\n|t:|1700277901\n|move|p1a: Chien-Pao|Sucker Punch|p2b: Flutter Mane\n|-damage|p2b: Flutter Mane|27\/100\n|move|p2b: Flutter Mane|Dazzling Gleam|p1a: Chien-Pao|[spread] p1a,p1b\n|-supereffective|p1a: Chien-Pao\n|-supereffective|p1b: Urshifu\n|-enditem|p1a: Chien-Pao|Focus Sash\n|-damage|p1a: Chien-Pao|1\/100\n|-damage|p1b: Urshifu|0 fnt\n|faint|p1b: Urshifu\n|\n|upkeep\n|turn|8\n|c|\u2606LMagician|ggs bro\n|c|\u2606RotovicVGC|ggs\n|\n|t:|1700277913\n|move|p1a: Chien-Pao|Sucker Punch|p2b: Flutter Mane\n|-damage|p2b: Flutter Mane|0 fnt\n|faint|p2b: Flutter Mane\n|-end|p2b: Flutter Mane|Protosynthesis|[silent]\n|\n|win|RotovicVGC\n|l| FenrirZzz\n|l| Fancy Cucudrula\n","uploadtime":1700278273,"views":12,"p1id":"rotovicvgc","p2id":"lmagician","formatid":"gen9vgc2023regulatione","rating":0,"private":0,"password":""}