{"id":"gen9vgc2023regulatione-1992656599","p1":"fairylilipad","p2":"aquartertwo","format":"[Gen 9] VGC 2023 Regulation E","log":"|j|\u2606fairylilipad\n|j|\u2606aquartertwo\n|n|\u2606fairylilipad|fairylilipad\n|n|\u2606aquartertwo|aquartertwo\n|html|View the match progress at <a href=\"\/game-bestof3-gen9vgc2023regulatione-1992656598\">game-bestof3-gen9vgc2023regulatione-1992656598<\/a>\n|t:|1700221289\n|gametype|doubles\n|player|p1|fairylilipad|guitarist|\n|player|p2|aquartertwo|clerk|\n|teamsize|p1|6\n|teamsize|p2|6\n|gen|9\n|tier|[Gen 9] VGC 2023 Regulation E\n|rule|Species Clause: Limit one of each Pok\u00e9mon\n|rule|Item Clause: Limit one of each item\n|clearpoke\n|poke|p1|Weezing, L50, M|\n|poke|p1|Roaring Moon, L50|\n|poke|p1|Flutter Mane, L50|\n|poke|p1|Ogerpon-Hearthflame, L50, F|\n|poke|p1|Rillaboom, L50, M|\n|poke|p1|Urshifu-*, L50, F|\n|poke|p2|Tornadus, L50, M|\n|poke|p2|Flutter Mane, L50|\n|poke|p2|Regidrago, L50|\n|poke|p2|Heatran, L50, M|\n|poke|p2|Urshifu-*, L50, M|\n|poke|p2|Farigiraf, L50, F|\n|teampreview|4\nfairylilipad has agreed to open team sheets.\naquartertwo has agreed to open team sheets.\n|showteam|p1|Weezing||SitrusBerry|NeutralizingGas|WillOWisp,Taunt,GunkShot,Protect|||M|||50|,,,,,Ghost]Roaring Moon||BoosterEnergy|Protosynthesis|BreakingSwipe,Tailwind,KnockOff,Protect||||||50|,,,,,Poison]Flutter Mane||ChoiceSpecs|Protosynthesis|Thunderbolt,DazzlingGleam,ShadowBall,Moonblast||||||50|,,,,,Fairy]Ogerpon-Hearthflame||HearthflameMask|MoldBreaker|IvyCudgel,GrassyGlide,HornLeech,SpikyShield|||F|||50|,,,,,Fire]Rillaboom||AssaultVest|GrassySurge|FakeOut,HighHorsepower,WoodHammer,GrassyGlide|||M|||50|,,,,,Fire]Urshifu-Rapid-Strike||ChoiceScarf|UnseenFist|SurgingStrikes,CloseCombat,AquaJet,Uturn|||F|||50|,,,,,Water\n|showteam|p2|Tornadus||MentalHerb|Prankster|BleakwindStorm,Tailwind,SunnyDay,Protect|||M|||50|,,,,,Ghost]Flutter Mane||BoosterEnergy|Protosynthesis|DazzlingGleam,ShadowBall,Substitute,Protect||||||50|,,,,,Water]Regidrago||DragonFang|DragonsMaw|DragonEnergy,DracoMeteor,EarthPower,Protect||||||50|,,,,,Poison]Heatran||LifeOrb|FlashFire|HeatWave,FlashCannon,EarthPower,Protect|||M|||50|,,,,,Fairy]Urshifu||ChoiceScarf|UnseenFist|WickedBlow,SuckerPunch,CloseCombat,IronHead|||M|||50|,,,,,Dark]Farigiraf||RockyHelmet|ArmorTail|Psychic,DazzlingGleam,TrickRoom,Imprison|||F|||50|,,,,,Fairy\n|\n|t:|1700221350\n|start\n|switch|p1a: Roaring Moon|Roaring Moon, L50|100\/100\n|switch|p1b: Urshifu|Urshifu-Rapid-Strike, L50, F|100\/100\n|switch|p2a: Farigiraf|Farigiraf, L50, F|100\/100\n|switch|p2b: Heatran|Heatran, L50, M|100\/100\n|-enditem|p1a: Roaring Moon|Booster Energy\n|-activate|p1a: Roaring Moon|ability: Protosynthesis|[fromitem]\n|-start|p1a: Roaring Moon|protosynthesisspe\n|turn|1\n|c|\u2606aquartertwo|5\/6 of my team is Special. So Weezing feels less useful.\n|\n|t:|1700221408\n|-terastallize|p2a: Farigiraf|Fairy\n|move|p1a: Roaring Moon|Knock Off|p2a: Farigiraf\n|-resisted|p2a: Farigiraf\n|-damage|p2a: Farigiraf|79\/100\n|-damage|p1a: Roaring Moon|84\/100|[from] item: Rocky Helmet|[of] p2a: Farigiraf\n|-enditem|p2a: Farigiraf|Rocky Helmet|[from] move: Knock Off|[of] p1a: Roaring Moon\n|move|p1b: Urshifu|Surging Strikes|p2a: Farigiraf\n|-crit|p2a: Farigiraf\n|-damage|p2a: Farigiraf|59\/100\n|-crit|p2a: Farigiraf\n|-damage|p2a: Farigiraf|36\/100\n|-crit|p2a: Farigiraf\n|-damage|p2a: Farigiraf|16\/100\n|-hitcount|p2a: Farigiraf|3\n|move|p2b: Heatran|Flash Cannon|p1b: Urshifu\n|-resisted|p1b: Urshifu\n|-damage|p1b: Urshifu|61\/100\n|-damage|p2b: Heatran|91\/100|[from] item: Life Orb\n|move|p2a: Farigiraf|Trick Room|p2a: Farigiraf\n|-fieldstart|move: Trick Room|[of] p2a: Farigiraf\n|\n|upkeep\n|turn|2\n|c|\u2606fairylilipad|dapat nag tera ako haha\n|\n|t:|1700221444\n|-terastallize|p1b: Urshifu|Water\n|move|p2a: Farigiraf|Dazzling Gleam|p1a: Roaring Moon|[spread] p1a,p1b\n|-supereffective|p1a: Roaring Moon\n|-damage|p1a: Roaring Moon|3\/100\n|-damage|p1b: Urshifu|24\/100\n|move|p2b: Heatran|Flash Cannon|p1a: Roaring Moon\n|-damage|p1a: Roaring Moon|0 fnt\n|faint|p1a: Roaring Moon\n|-end|p1a: Roaring Moon|Protosynthesis|[silent]\n|-damage|p2b: Heatran|82\/100|[from] item: Life Orb\n|move|p1b: Urshifu|Surging Strikes|p2b: Heatran\n|-supereffective|p2b: Heatran\n|-crit|p2b: Heatran\n|-damage|p2b: Heatran|18\/100\n|-supereffective|p2b: Heatran\n|-crit|p2b: Heatran\n|-damage|p2b: Heatran|0 fnt\n|faint|p2b: Heatran\n|-hitcount|p2: Heatran|2\n|\n|upkeep\n|c|\u2606fairylilipad|sakit ng gleam\n|\n|t:|1700221472\n|switch|p2b: Flutter Mane|Flutter Mane, L50|100\/100\n|switch|p1a: Rillaboom|Rillaboom, L50, M|100\/100\n|-fieldstart|move: Grassy Terrain|[from] ability: Grassy Surge|[of] p1a: Rillaboom\n|-enditem|p2b: Flutter Mane|Booster Energy\n|-activate|p2b: Flutter Mane|ability: Protosynthesis|[fromitem]\n|-start|p2b: Flutter Mane|protosynthesisspa\n|turn|3\n|\n|t:|1700221534\n|switch|p2a: Regidrago|Regidrago, L50|100\/100\n|switch|p1b: Flutter Mane|Flutter Mane, L50|100\/100\n|move|p1a: Rillaboom|Wood Hammer|p2a: Regidrago\n|-resisted|p2a: Regidrago\n|-damage|p2a: Regidrago|57\/100\n|-damage|p1a: Rillaboom|81\/100|[from] Recoil\n|move|p2b: Flutter Mane|Dazzling Gleam|p1a: Rillaboom|[spread] p1a,p1b\n|-damage|p1a: Rillaboom|57\/100\n|-damage|p1b: Flutter Mane|65\/100\n|\n|-heal|p1a: Rillaboom|62\/100|[from] Grassy Terrain\n|-heal|p2a: Regidrago|63\/100|[from] Grassy Terrain\n|-heal|p1b: Flutter Mane|71\/100|[from] Grassy Terrain\n|upkeep\n|turn|4\n|\n|t:|1700221557\n|move|p2a: Regidrago|Protect|p2a: Regidrago\n|-singleturn|p2a: Regidrago|Protect\n|move|p1a: Rillaboom|Wood Hammer|p2b: Flutter Mane\n|-damage|p2b: Flutter Mane|0 fnt\n|faint|p2b: Flutter Mane\n|-end|p2b: Flutter Mane|Protosynthesis|[silent]\n|-damage|p1a: Rillaboom|40\/100|[from] Recoil\n|move|p1b: Flutter Mane|Dazzling Gleam|p2a: Regidrago\n|-activate|p2a: Regidrago|move: Protect\n|\n|-heal|p1a: Rillaboom|46\/100|[from] Grassy Terrain\n|-heal|p2a: Regidrago|69\/100|[from] Grassy Terrain\n|-heal|p1b: Flutter Mane|77\/100|[from] Grassy Terrain\n|upkeep\n|\n|t:|1700221570\n|switch|p2b: Farigiraf|Farigiraf, L50, F, tera:Fairy|16\/100\n|turn|5\n|\n|t:|1700221584\n|move|p2b: Farigiraf|Psychic|p1b: Flutter Mane\n|-damage|p1b: Flutter Mane|40\/100\n|-unboost|p1b: Flutter Mane|spd|1\n|move|p1a: Rillaboom|Wood Hammer|p2a: Regidrago\n|-resisted|p2a: Regidrago\n|-damage|p2a: Regidrago|28\/100\n|-damage|p1a: Rillaboom|28\/100|[from] Recoil\n|move|p2a: Regidrago|Draco Meteor|p1a: Rillaboom\n|-damage|p1a: Rillaboom|0 fnt\n|-unboost|p2a: Regidrago|spa|2\n|faint|p1a: Rillaboom\n|move|p1b: Flutter Mane|Dazzling Gleam|p2b: Farigiraf|[spread] p2a,p2b\n|-supereffective|p2a: Regidrago\n|-damage|p2a: Regidrago|0 fnt\n|-damage|p2b: Farigiraf|0 fnt\n|faint|p2a: Regidrago\n|faint|p2b: Farigiraf\n|\n|win|fairylilipad\n|l|\u2606aquartertwo\n|c|&|\/uhtml prompt-aquartertwo,aquartertwo is ready for game 2!\n|c|&|\/uhtml prompt-aquartertwo,aquartertwo is ready for game 2!\n|inactive|fairylilipad has 50 seconds to confirm battle start!\n|c|&|\/uhtml prompt-aquartertwo,aquartertwo is ready for game 2!\n|c|&|\/uhtml prompt-aquartertwo,aquartertwo is ready for game 2!\n|c|&|\/uhtml prompt-aquartertwo,aquartertwo is ready for game 2!\n|c|&|\/uhtml prompt-aquartertwo,aquartertwo is ready for game 2!\n|c|&|\/uhtml prompt-aquartertwo,aquartertwo is ready for game 2!\n|c|&|\/uhtml prompt-aquartertwo,aquartertwo is ready for game 2!\n|c|&|\/uhtml prompt-aquartertwo,aquartertwo is ready for game 2!\n|j|\u2606aquartertwo\n|player|p2|aquartertwo|clerk\n|c|&|\/uhtml prompt-fairylilipad,fairylilipad is ready for game 2!\nBoth players are ready! Starting next match!\n","uploadtime":1700221916,"views":11,"p1id":"fairylilipad","p2id":"aquartertwo","formatid":"gen9vgc2023regulatione","rating":0,"private":0,"password":""}