{"id":"gen9vgc2023regulatione-1998819848","p1":"Jstardude","p2":"LiluziHit","format":"[Gen 9] VGC 2023 Regulation E","log":"|j|\u2606Jstardude\n|j|\u2606LiluziHit\n|n|\u2606Jstardude|jstardude\n|n|\u2606LiluziHit|liluzihit\n|html|View the match progress at <a href=\"\/game-bestof3-gen9vgc2023regulatione-1998819847\">game-bestof3-gen9vgc2023regulatione-1998819847<\/a>\n|t:|1700997406\n|gametype|doubles\n|player|p1|Jstardude|psychic-gen4|\n|player|p2|LiluziHit|blue|\n|teamsize|p1|6\n|teamsize|p2|6\n|gen|9\n|tier|[Gen 9] VGC 2023 Regulation E\n|rule|Species Clause: Limit one of each Pok\u00e9mon\n|rule|Item Clause: Limit one of each item\n|clearpoke\n|poke|p1|Grafaiai, L50, F|\n|poke|p1|Basculegion-F, L50, F|\n|poke|p1|Gastrodon-East, L50, M|\n|poke|p1|Grookey, L50, M|\n|poke|p1|Moltres, L50|\n|poke|p1|Bisharp, L50, F|\n|poke|p2|Kingambit, L50, F|\n|poke|p2|Landorus-Therian, L50, M|\n|poke|p2|Ursaluna-Bloodmoon, L50, M|\n|poke|p2|Dusknoir, L50, F|\n|poke|p2|Munkidori, L50, M|\n|poke|p2|Furret, L50, M|\n|teampreview|4\n|j| Lux2821\n|c| Lux2821|watching this at 3am true gaming\n|c| Lux2821|grookey goes hard\n|c|\u2606Jstardude|glhf\n|c|\u2606LiluziHit|gl\n|\n|t:|1700997515\n|start\n|switch|p1a: Grafaiai|Grafaiai, L50, F|100\/100\n|switch|p1b: Basculegion|Basculegion-F, L50, F|100\/100\n|switch|p2a: Ursaluna|Ursaluna-Bloodmoon, L50, M|100\/100\n|switch|p2b: Furret|Furret, L50, M|100\/100\n|-item|p1a: Grafaiai|Covert Cloak|[from] ability: Frisk|[of] p2b: Furret|[identify]\n|-item|p1b: Basculegion|Choice Specs|[from] ability: Frisk|[of] p2b: Furret|[identify]\n|turn|1\n|\n|t:|1700997625\n|-terastallize|p1b: Basculegion|Water\n|-terastallize|p2a: Ursaluna|Normal\n|move|p2b: Furret|Follow Me|p2b: Furret\n|-singleturn|p2b: Furret|move: Follow Me\n|move|p1a: Grafaiai|Rain Dance|p1a: Grafaiai\n|-weather|RainDance\n|move|p1b: Basculegion|Surf|p2b: Furret|[spread] p1a,p2a,p2b\n|-damage|p1a: Grafaiai|0 fnt\n|-damage|p2a: Ursaluna|7\/100\n|-enditem|p2b: Furret|Focus Sash\n|-damage|p2b: Furret|1\/100\n|faint|p1a: Grafaiai\n|move|p2a: Ursaluna|Hyper Voice|p1b: Basculegion\n|-damage|p1b: Basculegion|21\/100\n|-enditem|p2a: Ursaluna|Throat Spray\n|-boost|p2a: Ursaluna|spa|1|[from] item: Throat Spray\n|\n|-weather|RainDance|[upkeep]\n|upkeep\n|\n|t:|1700997639\n|switch|p1a: Gastrodon|Gastrodon-East, L50, M|100\/100\n|turn|2\n|\n|t:|1700997661\n|move|p2a: Ursaluna|Protect|p2a: Ursaluna\n|-singleturn|p2a: Ursaluna|Protect\n|move|p1b: Basculegion|Surf|p2b: Furret|[spread] p2b\n|-activate|p2a: Ursaluna|move: Protect\n|-ability|p1a: Gastrodon|Storm Drain|boost\n|-boost|p1a: Gastrodon|spa|1\n|-damage|p2b: Furret|0 fnt\n|faint|p2b: Furret\n|move|p1a: Gastrodon|Muddy Water|p2a: Ursaluna\n|-activate|p2a: Ursaluna|move: Protect\n|\n|-weather|RainDance|[upkeep]\n|upkeep\n|\n|t:|1700997665\n|switch|p2b: Kingambit|Kingambit, L50, F|100\/100\n|turn|3\n|\n|t:|1700997691\n|move|p2b: Kingambit|Sucker Punch|p1b: Basculegion\n|-damage|p1b: Basculegion|0 fnt\n|faint|p1b: Basculegion\n|move|p2a: Ursaluna|Blood Moon|p1a: Gastrodon\n|-damage|p1a: Gastrodon|0 fnt\n|faint|p1a: Gastrodon\n|\n|-weather|RainDance|[upkeep]\n|upkeep\n|\n|t:|1700997697\n|switch|p1a: Moltres|Moltres, L50|100\/100\n|turn|4\n|\n|t:|1700997724\n|move|p1a: Moltres|Protect|p1a: Moltres\n|-singleturn|p1a: Moltres|Protect\n|move|p2b: Kingambit|Sucker Punch||[still]\n|-fail|p2b: Kingambit\n|move|p2a: Ursaluna|Hyper Voice|p1a: Moltres\n|-activate|p1a: Moltres|move: Protect\n|\n|-weather|RainDance|[upkeep]\n|upkeep\n|turn|5\n|\n|t:|1700997730\n|move|p2b: Kingambit|Sucker Punch|p1a: Moltres\n|-damage|p1a: Moltres|55\/100\n|-status|p2b: Kingambit|brn|[from] ability: Flame Body|[of] p1a: Moltres\n|move|p1a: Moltres|Hurricane|p2a: Ursaluna\n|-damage|p2a: Ursaluna|0 fnt\n|faint|p2a: Ursaluna\n|\n|-weather|none\n|-heal|p1a: Moltres|61\/100|[from] item: Leftovers\n|-damage|p2b: Kingambit|95\/100 brn|[from] brn\n|upkeep\n|\n|t:|1700997734\n|switch|p2a: Landorus|Landorus-Therian, L50, M, shiny|100\/100\n|-ability|p2a: Landorus|Intimidate|boost\n|-unboost|p1a: Moltres|atk|1\n|turn|6\n|\n|t:|1700997742\n|move|p2b: Kingambit|Protect|p2b: Kingambit\n|-singleturn|p2b: Kingambit|Protect\n|move|p2a: Landorus|Rock Slide|p1a: Moltres\n|-supereffective|p1a: Moltres\n|-damage|p1a: Moltres|0 fnt\n|faint|p1a: Moltres\n|\n|win|LiluziHit\n|c|&|\/uhtml prompt-jstardude,Jstardude is ready for game 2!\n|c|&|\/uhtml prompt-liluzihit,LiluziHit is ready for game 2!\nBoth players are ready! Starting next match!\n|l| Lux2821\n","uploadtime":1700998553,"views":17,"p1id":"jstardude","p2id":"liluzihit","formatid":"gen9vgc2023regulatione","rating":0,"private":0,"password":""}