{"id":"gen9vgc2023regulatione-1994994710","p1":"Dudu_2209","p2":"Llort365","format":"[Gen 9] VGC 2023 Regulation E","log":"|j|\u2606Dudu_2209\n|j|\u2606Llort365\n|t:|1700511541\n|gametype|doubles\n|player|p1|Dudu_2209|2|1078\n|player|p2|Llort365|hilbert-wonderlauncher|1146\n|teamsize|p1|6\n|teamsize|p2|6\n|gen|9\n|tier|[Gen 9] VGC 2023 Regulation E\n|rated|\n|rule|Species Clause: Limit one of each Pok\u00e9mon\n|rule|Item Clause: Limit one of each item\n|clearpoke\n|poke|p1|Ambipom, L50, M|\n|poke|p1|Annihilape, L50, F|\n|poke|p1|Amoonguss, L50, M|\n|poke|p1|Tornadus, L50, M|\n|poke|p1|Urshifu-*, L50, F|\n|poke|p1|Flutter Mane, L50|\n|poke|p2|Iron Bundle, L50|\n|poke|p2|Flutter Mane, L50|\n|poke|p2|Kingambit, L50, M|\n|poke|p2|Chi-Yu, L50|\n|poke|p2|Landorus-Therian, L50, M|\n|poke|p2|Ogerpon-Wellspring, L50, F|\n|teampreview|4\nLlort365 has agreed to open team sheets.\n|\n|t:|1700511577\n|start\n|switch|p1a: Urshifu|Urshifu-Rapid-Strike, L50, F|100\/100\n|switch|p1b: Tornadus|Tornadus, L50, M|100\/100\n|switch|p2a: Ogerpon|Ogerpon-Wellspring, L50, F|100\/100\n|switch|p2b: Iron Bundle|Iron Bundle, L50|100\/100\n|-enditem|p2b: Iron Bundle|Booster Energy\n|-activate|p2b: Iron Bundle|ability: Quark Drive|[fromitem]\n|-start|p2b: Iron Bundle|quarkdrivespe\n|turn|1\n|\n|t:|1700511595\n|move|p1b: Tornadus|Tailwind|p1b: Tornadus\n|-sidestart|p1: Dudu_2209|move: Tailwind\n|move|p1a: Urshifu|Close Combat|p2b: Iron Bundle\n|-supereffective|p2b: Iron Bundle\n|-damage|p2b: Iron Bundle|0 fnt\n|-unboost|p1a: Urshifu|def|1\n|-unboost|p1a: Urshifu|spd|1\n|faint|p2b: Iron Bundle\n|-end|p2b: Iron Bundle|Quark Drive|[silent]\n|move|p2a: Ogerpon|Horn Leech|p1a: Urshifu\n|-supereffective|p1a: Urshifu\n|-damage|p1a: Urshifu|0 fnt\n|faint|p1a: Urshifu\n|\n|upkeep\n|\n|t:|1700511616\n|switch|p2b: Flutter Mane|Flutter Mane, L50|100\/100\n|switch|p1a: Annihilape|Annihilape, L50, F|100\/100\n|turn|2\n|c|\u2606Dudu_2209|!weak flutter mane\n|c| Dudu_2209|\/raw <div class=\"infobox\">Flutter Mane (ignoring abilities):<br \/><span class=\"message-effect-weak\">Weaknesses<\/span>: Ghost, Steel<br \/><span class=\"message-effect-resist\">Resistances<\/span>: <b>Bug<\/b><br \/><span class=\"message-effect-immune\">Immunities<\/span>: Dragon, Fighting, Normal, Trapping<\/div>\n|\n|t:|1700511653\n|move|p2a: Ogerpon|Follow Me|p2a: Ogerpon\n|-singleturn|p2a: Ogerpon|move: Follow Me\n|move|p1b: Tornadus|Icy Wind|p2a: Ogerpon|[spread] p2a,p2b\n|-damage|p2a: Ogerpon|90\/100\n|-damage|p2b: Flutter Mane|89\/100\n|-unboost|p2a: Ogerpon|spe|1\n|-unboost|p2b: Flutter Mane|spe|1\n|move|p1a: Annihilape|Rage Fist|p2a: Ogerpon\n|-damage|p2a: Ogerpon|65\/100\n|move|p2b: Flutter Mane|Dazzling Gleam|p1a: Annihilape|[spread] p1a,p1b\n|-supereffective|p1a: Annihilape\n|-damage|p1a: Annihilape|29\/100\n|-damage|p1b: Tornadus|71\/100\n|\n|-heal|p1a: Annihilape|35\/100|[from] item: Leftovers\n|upkeep\n|turn|3\n|\n|t:|1700511682\n|-terastallize|p2b: Flutter Mane|Fairy\n|move|p2a: Ogerpon|Follow Me|p2a: Ogerpon\n|-singleturn|p2a: Ogerpon|move: Follow Me\n|move|p1b: Tornadus|Icy Wind|p2b: Flutter Mane|[spread] p2a,p2b\n|-damage|p2a: Ogerpon|54\/100\n|-damage|p2b: Flutter Mane|77\/100\n|-unboost|p2a: Ogerpon|spe|1\n|-unboost|p2b: Flutter Mane|spe|1\n|move|p1a: Annihilape|Drain Punch|p2a: Ogerpon\n|-damage|p2a: Ogerpon|12\/100\n|-heal|p1a: Annihilape|53\/100|[from] drain|[of] p2a: Ogerpon\n|move|p2b: Flutter Mane|Dazzling Gleam|p1b: Tornadus|[spread] p1a,p1b\n|-supereffective|p1a: Annihilape\n|-damage|p1a: Annihilape|0 fnt\n|-damage|p1b: Tornadus|24\/100\n|faint|p1a: Annihilape\n|\n|upkeep\n|\n|t:|1700511700\n|switch|p1a: Ambipom|Ambipom, L50, M|100\/100\n|turn|4\n|\n|t:|1700511723\n|-end|p2b: Flutter Mane|Protosynthesis|[silent]\n|switch|p2b: Kingambit|Kingambit, L50, M|100\/100\n|move|p2a: Ogerpon|Spiky Shield|p2a: Ogerpon\n|-singleturn|p2a: Ogerpon|move: Protect\n|move|p1a: Ambipom|Fake Out|p2b: Kingambit\n|-enditem|p1a: Ambipom|Normal Gem|[from] gem\n|-resisted|p2b: Kingambit\n|-crit|p2b: Kingambit\n|-damage|p2b: Kingambit|83\/100\n|move|p1b: Tornadus|Icy Wind|p2b: Kingambit|[spread] p2b\n|-activate|p2a: Ogerpon|move: Protect\n|-resisted|p2b: Kingambit\n|-damage|p2b: Kingambit|77\/100\n|-unboost|p2b: Kingambit|spe|1\n|-ability|p2b: Kingambit|Defiant|boost\n|-boost|p2b: Kingambit|atk|2\n|\n|-sideend|p1: Dudu_2209|move: Tailwind\n|upkeep\n|turn|5\n|\n|t:|1700511757\n|move|p2a: Ogerpon|Follow Me|p2a: Ogerpon\n|-singleturn|p2a: Ogerpon|move: Follow Me\n|move|p1b: Tornadus|Tailwind|p1b: Tornadus\n|-sidestart|p1: Dudu_2209|move: Tailwind\n|move|p1a: Ambipom|Smack Down|p2a: Ogerpon\n|-damage|p2a: Ogerpon|0 fnt\n|faint|p2a: Ogerpon\n|move|p2b: Kingambit|Kowtow Cleave|p1a: Ambipom\n|-damage|p1a: Ambipom|0 fnt\n|faint|p1a: Ambipom\n|\n|upkeep\n|\n|t:|1700511770\n|switch|p2a: Flutter Mane|Flutter Mane, L50, tera:Fairy|77\/100\n|turn|6\n|\n|t:|1700511776\n|move|p2b: Kingambit|Sucker Punch|p1b: Tornadus\n|-damage|p1b: Tornadus|0 fnt\n|faint|p1b: Tornadus\n|\n|win|Llort365\n|raw|Dudu_2209's rating: 1078 &rarr; <strong>1060<\/strong><br \/>(-18 for losing)\n|raw|Llort365's rating: 1146 &rarr; <strong>1166<\/strong><br \/>(+20 for winning)\n|l|\u2606Dudu_2209\n|c|\u2606Llort365|gg\n","uploadtime":1700511782,"views":3,"p1id":"dudu2209","p2id":"llort365","formatid":"gen9vgc2023regulatione","rating":1060,"private":0,"password":""}