{"id":"gen9vgc2023regulatione-1994884209","p1":"Dabwald","p2":"Mortipherus","format":"[Gen 9] VGC 2023 Regulation E","log":"|j|\u2606Dabwald\n|j|\u2606Mortipherus\n|t:|1700501540\n|gametype|doubles\n|player|p1|Dabwald|169|1208\n|player|p2|Mortipherus|biker-gen4|1259\n|teamsize|p1|6\n|teamsize|p2|6\n|gen|9\n|tier|[Gen 9] VGC 2023 Regulation E\n|rated|\n|rule|Species Clause: Limit one of each Pok\u00e9mon\n|rule|Item Clause: Limit one of each item\n|clearpoke\n|poke|p1|Ogerpon-Hearthflame, L50, F|\n|poke|p1|Urshifu-*, L50, F|\n|poke|p1|Pelipper, L50, M|\n|poke|p1|Sinistcha-Masterpiece, L50|\n|poke|p1|Tauros-Paldea-Aqua, L50, M|\n|poke|p1|Chien-Pao, L50|\n|poke|p2|Gholdengo, L50|\n|poke|p2|Roaring Moon, L50|\n|poke|p2|Iron Hands, L50|\n|poke|p2|Ogerpon-Hearthflame, L50, F|\n|poke|p2|Landorus-Therian, L50, M|\n|poke|p2|Flutter Mane, L50|\n|teampreview|4\n|inactive|Battle timer is ON: inactive players will automatically lose when time's up. (requested by Mortipherus)\nMortipherus has agreed to open team sheets.\n|\n|t:|1700501563\n|start\n|switch|p1a: Urshifu|Urshifu, L50, F|100\/100\n|switch|p1b: Tauros|Tauros-Paldea-Aqua, L50, M|100\/100\n|switch|p2a: Ogerpon|Ogerpon-Hearthflame, L50, F|100\/100\n|switch|p2b: Roaring Moon|Roaring Moon, L50, shiny|100\/100\n|-ability|p2a: Ogerpon|Mold Breaker\n|-enditem|p2b: Roaring Moon|Booster Energy\n|-activate|p2b: Roaring Moon|ability: Protosynthesis|[fromitem]\n|-start|p2b: Roaring Moon|protosynthesisspe\n|turn|1\n|inactive|Dabwald has 30 seconds left.\n|inactive|Mortipherus has 30 seconds left.\n|\n|t:|1700501594\n|-terastallize|p2b: Roaring Moon|Flying\n|-terastallize|p1a: Urshifu|Steel\n|move|p1b: Tauros|Protect|p1b: Tauros\n|-singleturn|p1b: Tauros|Protect\n|move|p2b: Roaring Moon|Acrobatics|p1a: Urshifu\n|-resisted|p1a: Urshifu\n|-damage|p1a: Urshifu|82\/100\n|move|p2a: Ogerpon|Horn Leech|p1b: Tauros\n|-activate|p1b: Tauros|move: Protect\n|move|p1a: Urshifu|Wicked Blow|p1b: Tauros\n|-resisted|p1b: Tauros\n|-crit|p1b: Tauros\n|-damage|p1b: Tauros|81\/100\n|-setboost|p1b: Tauros|atk|6|[from] ability: Anger Point\n|\n|upkeep\n|turn|2\n|inactive|Dabwald has 30 seconds left.\n|inactive|Dabwald has 20 seconds left.\n|inactive|Dabwald has 15 seconds left.\n|inactive|Dabwald has 10 seconds left.\n|\n|t:|1700501643\n|move|p1b: Tauros|Aqua Jet|p2b: Roaring Moon\n|-damage|p2b: Roaring Moon|0 fnt\n|faint|p2b: Roaring Moon\n|-end|p2b: Roaring Moon|Protosynthesis|[silent]\n|move|p2a: Ogerpon|Ivy Cudgel|p1a: Urshifu|[anim] Ivy Cudgel Fire\n|-supereffective|p1a: Urshifu\n|-damage|p1a: Urshifu|0 fnt\n|faint|p1a: Urshifu\n|\n|upkeep\n|inactive|Dabwald has 30 seconds left.\n|\n|t:|1700501676\n|switch|p2b: Iron Hands|Iron Hands, L50|100\/100\n|switch|p1a: Chien-Pao|Chien-Pao, L50|100\/100\n|-ability|p1a: Chien-Pao|Sword of Ruin\n|turn|3\n|inactive|Dabwald has 30 seconds left.\n|inactive|Dabwald has 20 seconds left.\n|\n|t:|1700501714\n|move|p1a: Chien-Pao|Protect|p1a: Chien-Pao\n|-singleturn|p1a: Chien-Pao|Protect\n|move|p1b: Tauros|Protect|p1b: Tauros\n|-singleturn|p1b: Tauros|Protect\n|move|p2b: Iron Hands|Fake Out|p1a: Chien-Pao\n|-activate|p1a: Chien-Pao|move: Protect\n|move|p2a: Ogerpon|Swords Dance|p2a: Ogerpon\n|-boost|p2a: Ogerpon|atk|2\n|\n|upkeep\n|turn|4\n|inactive|Dabwald has 30 seconds left.\n|inactive|Dabwald has 20 seconds left.\n|\n|t:|1700501753\n|switch|p1a: Ogerpon|Ogerpon-Hearthflame, L50, F|100\/100\n|-ability|p1a: Ogerpon|Mold Breaker\n|move|p1b: Tauros|Aqua Jet|p2a: Ogerpon\n|-damage|p2a: Ogerpon|1\/100\n|move|p2a: Ogerpon|Horn Leech|p1b: Tauros\n|-supereffective|p1b: Tauros\n|-damage|p1b: Tauros|0 fnt\n|-heal|p2a: Ogerpon|37\/100|[from] drain|[of] p1b: Tauros\n|faint|p1b: Tauros\n|move|p2b: Iron Hands|Drain Punch|p1a: Ogerpon\n|-damage|p1a: Ogerpon|47\/100\n|\n|upkeep\n|\n|t:|1700501768\n|switch|p1b: Chien-Pao|Chien-Pao, L50|100\/100\n|-ability|p1b: Chien-Pao|Sword of Ruin\n|turn|5\n|inactive|Dabwald has 30 seconds left.\n|inactive|Dabwald has 20 seconds left.\n|inactive|Dabwald has 15 seconds left.\n|inactive|Dabwald has 10 seconds left.\n|\n|t:|1700501813\n|move|p2a: Ogerpon|Spiky Shield|p2a: Ogerpon\n|-singleturn|p2a: Ogerpon|move: Protect\n|move|p1b: Chien-Pao|Ice Spinner|p2a: Ogerpon\n|-activate|p2a: Ogerpon|move: Protect\n|-damage|p1b: Chien-Pao|88\/100|[from] Spiky Shield|[of] p2a: Ogerpon\n|move|p1a: Ogerpon|Horn Leech|p2b: Iron Hands\n|-damage|p2b: Iron Hands|59\/100\n|-heal|p1a: Ogerpon|78\/100|[from] drain|[of] p2b: Iron Hands\n|move|p2b: Iron Hands|Drain Punch|p1a: Ogerpon\n|-damage|p1a: Ogerpon|4\/100\n|-heal|p2b: Iron Hands|84\/100|[from] drain|[of] p1a: Ogerpon\n|\n|upkeep\n|turn|6\n|inactive|Dabwald has 30 seconds left.\n|inactive|Dabwald has 20 seconds left.\n|inactive|Dabwald has 15 seconds left.\n|\n|t:|1700501858\n|move|p1b: Chien-Pao|Protect|p1b: Chien-Pao\n|-singleturn|p1b: Chien-Pao|Protect\n|move|p1a: Ogerpon|Ivy Cudgel|p2a: Ogerpon|[anim] Ivy Cudgel Fire\n|-damage|p2a: Ogerpon|0 fnt\n|faint|p2a: Ogerpon\n|move|p2b: Iron Hands|Drain Punch|p1b: Chien-Pao\n|-activate|p1b: Chien-Pao|move: Protect\n|\n|upkeep\n|\n|t:|1700501869\n|switch|p2a: Flutter Mane|Flutter Mane, L50, shiny|100\/100\n|turn|7\n|inactive|Dabwald has 30 seconds left.\n|inactive|Dabwald has 20 seconds left.\n|\n|t:|1700501908\n|move|p2a: Flutter Mane|Protect|p2a: Flutter Mane\n|-singleturn|p2a: Flutter Mane|Protect\n|move|p1b: Chien-Pao|Ice Spinner|p2a: Flutter Mane\n|-activate|p2a: Flutter Mane|move: Protect\n|move|p1a: Ogerpon|Ivy Cudgel|p2b: Iron Hands|[anim] Ivy Cudgel Fire\n|-damage|p2b: Iron Hands|29\/100\n|move|p2b: Iron Hands|Drain Punch|p1b: Chien-Pao\n|-supereffective|p1b: Chien-Pao\n|-damage|p1b: Chien-Pao|0 fnt\n|-heal|p2b: Iron Hands|57\/100|[from] drain|[of] p1b: Chien-Pao\n|faint|p1b: Chien-Pao\n|\n|upkeep\n|turn|8\n|\n|t:|1700501928\n|move|p2a: Flutter Mane|Shadow Ball|p1a: Ogerpon\n|-damage|p1a: Ogerpon|0 fnt\n|faint|p1a: Ogerpon\n|\n|win|Mortipherus\n|raw|Dabwald's rating: 1208 &rarr; <strong>1187<\/strong><br \/>(-21 for losing)\n|raw|Mortipherus's rating: 1259 &rarr; <strong>1280<\/strong><br \/>(+21 for winning)\n|l|\u2606Dabwald\n","uploadtime":1700501946,"views":19,"p1id":"dabwald","p2id":"mortipherus","formatid":"gen9vgc2023regulatione","rating":1187,"private":0,"password":""}