{"id":"gen9vgc2023regulatione-1992071459","p1":"The_Scraggy","p2":"BeasTxBrojacK","format":"[Gen 9] VGC 2023 Regulation E","log":"|j|\u2606The_Scraggy\n|j|\u2606BeasTxBrojacK\n|t:|1700152671\n|gametype|doubles\n|player|p1|The_Scraggy|grimsley|1131\n|player|p2|BeasTxBrojacK|1|1115\n|teamsize|p1|6\n|teamsize|p2|6\n|gen|9\n|tier|[Gen 9] VGC 2023 Regulation E\n|rated|\n|rule|Species Clause: Limit one of each Pok\u00e9mon\n|rule|Item Clause: Limit one of each item\n|clearpoke\n|poke|p1|Dondozo, L50, F|\n|poke|p1|Tatsugiri-Stretchy, L50, M|\n|poke|p1|Chien-Pao, L50|\n|poke|p1|Dragonite, L50, M|\n|poke|p1|Ogerpon-Hearthflame, L50, F|\n|poke|p1|Flutter Mane, L50|\n|poke|p2|Iron Hands, L50|\n|poke|p2|Grimmsnarl, L50, M|\n|poke|p2|Heatran, L50, F|\n|poke|p2|Urshifu-*, L50, F|\n|poke|p2|Scream Tail, L50|\n|poke|p2|Ursaluna, L50, M|\n|teampreview|4\n|\n|t:|1700152696\n|start\n|switch|p1a: Ogerpon|Ogerpon-Hearthflame, L50, F|100\/100\n|switch|p1b: Flutter Mane|Flutter Mane, L50|100\/100\n|switch|p2a: Tails|Scream Tail, L50|100\/100\n|switch|p2b: Hikaru|Iron Hands, L50|100\/100\n|-ability|p1a: Ogerpon|Mold Breaker\n|-enditem|p1b: Flutter Mane|Booster Energy\n|-activate|p1b: Flutter Mane|ability: Protosynthesis|[fromitem]\n|-start|p1b: Flutter Mane|protosynthesisspe\n|-enditem|p2a: Tails|Booster Energy\n|-activate|p2a: Tails|ability: Protosynthesis|[fromitem]\n|-start|p2a: Tails|protosynthesisspe\n|turn|1\n|\n|t:|1700152719\n|move|p2b: Hikaru|Detect|p2b: Hikaru\n|-singleturn|p2b: Hikaru|Protect\n|move|p1b: Flutter Mane|Icy Wind|p2b: Hikaru|[spread] p2a\n|-activate|p2b: Hikaru|move: Protect\n|-damage|p2a: Tails|90\/100\n|-unboost|p2a: Tails|spe|1\n|move|p2a: Tails|Thunder Wave|p1b: Flutter Mane\n|-status|p1b: Flutter Mane|par\n|move|p1a: Ogerpon|Ivy Cudgel|p2a: Tails|[anim] Ivy Cudgel Fire\n|-damage|p2a: Tails|43\/100\n|\n|upkeep\n|turn|2\n|\n|t:|1700152741\n|move|p1a: Ogerpon|Spiky Shield|p1a: Ogerpon\n|-singleturn|p1a: Ogerpon|move: Protect\n|move|p2a: Tails|Disable|p1a: Ogerpon\n|-activate|p1a: Ogerpon|move: Protect\n|move|p1b: Flutter Mane|Shadow Ball|p2a: Tails\n|-supereffective|p2a: Tails\n|-damage|p2a: Tails|0 fnt\n|faint|p2a: Tails\n|-end|p2a: Tails|Protosynthesis|[silent]\n|move|p2b: Hikaru|Swords Dance|p2b: Hikaru\n|-boost|p2b: Hikaru|atk|2\n|\n|upkeep\n|\n|t:|1700152764\n|switch|p2a: Ursaluna|Ursaluna, L50, M|100\/100\n|turn|3\n|\n|t:|1700152770\n|move|p2b: Hikaru|Detect|p2b: Hikaru\n|-singleturn|p2b: Hikaru|Protect\n|move|p1a: Ogerpon|Ivy Cudgel|p2b: Hikaru|[anim] Ivy Cudgel Fire\n|-activate|p2b: Hikaru|move: Protect\n|move|p1b: Flutter Mane|Moonblast|p2b: Hikaru\n|-activate|p2b: Hikaru|move: Protect\n|move|p2a: Ursaluna|Heavy Slam|p1b: Flutter Mane\n|-supereffective|p1b: Flutter Mane\n|-damage|p1b: Flutter Mane|0 fnt\n|faint|p1b: Flutter Mane\n|-end|p1b: Flutter Mane|Protosynthesis|[silent]\n|\n|-status|p2a: Ursaluna|brn|[from] item: Flame Orb\n|upkeep\n|\n|t:|1700152777\n|switch|p1b: Dondozo|Dondozo, L50, F|100\/100\n|turn|4\n|\n|t:|1700152826\n|move|p1b: Dondozo|Protect|p1b: Dondozo\n|-singleturn|p1b: Dondozo|Protect\n|move|p1a: Ogerpon|Wood Hammer|p2a: Ursaluna\n|-supereffective|p2a: Ursaluna\n|-crit|p2a: Ursaluna\n|-damage|p2a: Ursaluna|0 fnt\n|faint|p2a: Ursaluna\n|-damage|p1a: Ogerpon|50\/100|[from] Recoil\n|move|p2b: Hikaru|Thunder Punch|p1b: Dondozo\n|-activate|p1b: Dondozo|move: Protect\n|\n|upkeep\n|\n|t:|1700152836\n|switch|p2a: Jiren|Grimmsnarl, L50, M|100\/100\n|turn|5\n|\n|t:|1700152845\n|switch|p1a: Tatsugiri|Tatsugiri-Stretchy, L50, M|100\/100\n|-activate|p1a: Tatsugiri|ability: Commander|[of] p1b: Dondozo\n|-boost|p1b: Dondozo|atk|2\n|-boost|p1b: Dondozo|spa|2\n|-boost|p1b: Dondozo|spe|2\n|-boost|p1b: Dondozo|def|2\n|-boost|p1b: Dondozo|spd|2\n|-terastallize|p1b: Dondozo|Dragon\n|move|p2a: Jiren|Fake Out|p1a: Tatsugiri|[miss]\n|-miss|p2a: Jiren|p1a: Tatsugiri\n|move|p1b: Dondozo|Earthquake|p2b: Hikaru|[spread] p2a,p2b\n|-miss|p1b: Dondozo|p1a: Tatsugiri\n|-supereffective|p2b: Hikaru\n|-damage|p2a: Jiren|49\/100\n|-damage|p2b: Hikaru|44\/100\n|move|p2b: Hikaru|Thunder Punch|p1b: Dondozo\n|-resisted|p1b: Dondozo\n|-damage|p1b: Dondozo|93\/100\n|\n|upkeep\n|turn|6\n|\n|t:|1700152865\n|move|p2a: Jiren|Thunder Wave|p1b: Dondozo\n|-status|p1b: Dondozo|par\n|cant|p1b: Dondozo|par\n|move|p2b: Hikaru|Drain Punch|p1b: Dondozo\n|-damage|p1b: Dondozo|78\/100 par\n|-heal|p2b: Hikaru|51\/100|[from] drain|[of] p1b: Dondozo\n|\n|upkeep\n|turn|7\n|\n|t:|1700152882\n|move|p2a: Jiren|Sucker Punch|p1b: Dondozo\n|-damage|p1b: Dondozo|67\/100 par\n|cant|p1b: Dondozo|par\n|move|p2b: Hikaru|Swords Dance|p2b: Hikaru\n|-boost|p2b: Hikaru|atk|2\n|\n|upkeep\n|turn|8\n|\n|t:|1700152894\n|move|p2a: Jiren|Sucker Punch|p1b: Dondozo\n|-damage|p1b: Dondozo|57\/100 par\n|move|p1b: Dondozo|Earthquake|p2b: Hikaru|[spread] p2a,p2b\n|-miss|p1b: Dondozo|p1a: Tatsugiri\n|-supereffective|p2b: Hikaru\n|-damage|p2a: Jiren|0 fnt\n|-damage|p2b: Hikaru|0 fnt\n|faint|p2a: Jiren\n|faint|p2b: Hikaru\n|-end|p2b: Hikaru|Quark Drive|[silent]\n|\n|win|The_Scraggy\n|raw|The_Scraggy's rating: 1131 &rarr; <strong>1155<\/strong><br \/>(+24 for winning)\n|raw|BeasTxBrojacK's rating: 1115 &rarr; <strong>1091<\/strong><br \/>(-24 for losing)\n|c|\u2606The_Scraggy|gg\n|l|\u2606BeasTxBrojacK\n","uploadtime":1700152922,"views":10,"p1id":"thescraggy","p2id":"beastxbrojack","formatid":"gen9vgc2023regulatione","rating":1091,"private":0,"password":""}