{"id":"gen9vgc2023regulatione-1991784350","p1":"jeikono","p2":"Jdkisawesome","format":"[Gen 9] VGC 2023 Regulation E","log":"|j|\u2606jeikono\n|j|\u2606Jdkisawesome\n|t:|1700116711\n|gametype|doubles\n|player|p1|jeikono|whitney|1187\n|player|p2|Jdkisawesome|265|1159\n|teamsize|p1|4\n|teamsize|p2|6\n|gen|9\n|tier|[Gen 9] VGC 2023 Regulation E\n|rated|\n|rule|Species Clause: Limit one of each Pok\u00e9mon\n|rule|Item Clause: Limit one of each item\n|clearpoke\n|poke|p1|Sableye, L50, M|\n|poke|p1|Maushold, L50|\n|poke|p1|Sinistcha-Masterpiece, L50|\n|poke|p1|Garganacl, L50, M|\n|poke|p2|Chien-Pao, L50|\n|poke|p2|Roaring Moon, L50|\n|poke|p2|Flutter Mane, L50|\n|poke|p2|Dragonite, L50, F|\n|poke|p2|Urshifu-*, L50, F|\n|poke|p2|Iron Hands, L50|\n|teampreview|4\n|inactive|Battle timer is ON: inactive players will automatically lose when time's up. (requested by Jdkisawesome)\n|inactive|jeikono also wants the timer to be on.\njeikono rejected open team sheets.\n|inactive|Jdkisawesome has 60 seconds left.\n|\n|t:|1700116747\n|start\n|switch|p1a: Sableye|Sableye, L50, M|100\/100\n|switch|p1b: Sinistcha|Sinistcha-Masterpiece, L50|100\/100\n|switch|p2a: Iron Hands|Iron Hands, L50, shiny|100\/100\n|switch|p2b: Urshifu|Urshifu, L50, F|100\/100\n|turn|1\n|\n|t:|1700116768\n|move|p1a: Sableye|Gravity|p1a: Sableye\n|-fieldstart|move: Gravity\n|move|p2b: Urshifu|Wicked Blow|p1b: Sinistcha\n|-supereffective|p1b: Sinistcha\n|-crit|p1b: Sinistcha\n|-enditem|p1b: Sinistcha|Focus Sash\n|-damage|p1b: Sinistcha|1\/100\n|move|p1b: Sinistcha|Matcha Gotcha|p2b: Urshifu|[spread] p2a,p2b\n|-damage|p2a: Iron Hands|83\/100\n|-heal|p1b: Sinistcha|13\/100|[from] drain|[of] p2a: Iron Hands\n|-damage|p2b: Urshifu|61\/100\n|-heal|p1b: Sinistcha|36\/100|[from] drain|[of] p2b: Urshifu\n|-status|p2a: Iron Hands|brn\n|-status|p2b: Urshifu|brn\n|move|p2a: Iron Hands|Volt Switch|p1a: Sableye\n|-crit|p1a: Sableye\n|-damage|p1a: Sableye|70\/100\n|-enditem|p1a: Sableye|Eject Button\n|\n|t:|1700116787\n|switch|p1a: Maushold|Maushold, L50|100\/100\n|\n|-damage|p2b: Urshifu|56\/100 brn|[from] brn\n|-damage|p2a: Iron Hands|77\/100 brn|[from] brn\n|upkeep\n|turn|2\n|inactive|Jdkisawesome has 30 seconds left.\n|\n|t:|1700116813\n|move|p1a: Maushold|Population Bomb|p2b: Urshifu\n|-crit|p2b: Urshifu\n|-damage|p2b: Urshifu|41\/100 brn\n|-damage|p2b: Urshifu|32\/100 brn\n|-damage|p2b: Urshifu|23\/100 brn\n|-damage|p2b: Urshifu|14\/100 brn\n|-damage|p2b: Urshifu|4\/100 brn\n|-damage|p2b: Urshifu|0 fnt\n|faint|p2b: Urshifu\n|-hitcount|p2: Urshifu|6\n|move|p1b: Sinistcha|Shadow Ball|p2a: Iron Hands\n|-damage|p2a: Iron Hands|55\/100 brn\n|move|p2a: Iron Hands|Volt Switch|p1a: Maushold\n|-damage|p1a: Maushold|78\/100\n|\n|t:|1700116829\n|-end|p2a: Iron Hands|Quark Drive|[silent]\n|switch|p2a: Chien-Pao|Chien-Pao, L50|100\/100|[from] Volt Switch\n|-ability|p2a: Chien-Pao|Sword of Ruin\n|\n|upkeep\n|\n|t:|1700116833\n|switch|p2b: Iron Hands|Iron Hands, L50, shiny|55\/100 brn\n|turn|3\n|\n|t:|1700116852\n|move|p2b: Iron Hands|Fake Out|p1a: Maushold\n|-damage|p1a: Maushold|62\/100\n|move|p2a: Chien-Pao|Sacred Sword|p1a: Maushold\n|-supereffective|p1a: Maushold\n|-damage|p1a: Maushold|0 fnt\n|faint|p1a: Maushold\n|move|p1b: Sinistcha|Matcha Gotcha|p2b: Iron Hands|[spread] p2a,p2b\n|-damage|p2a: Chien-Pao|50\/100\n|-heal|p1b: Sinistcha|58\/100|[from] drain|[of] p2a: Chien-Pao\n|-damage|p2b: Iron Hands|36\/100 brn\n|-heal|p1b: Sinistcha|71\/100|[from] drain|[of] p2b: Iron Hands\n|-status|p2a: Chien-Pao|brn\n|\n|-damage|p2a: Chien-Pao|44\/100 brn|[from] brn\n|-damage|p2b: Iron Hands|30\/100 brn|[from] brn\n|upkeep\n|\n|t:|1700116859\n|switch|p1a: Sableye|Sableye, L50, M|70\/100\n|turn|4\n|inactive|Jdkisawesome has 30 seconds left.\n|\n|t:|1700116888\n|-end|p2b: Iron Hands|Quark Drive|[silent]\n|switch|p2b: Roaring Moon|Roaring Moon, L50, shiny|100\/100\n|-enditem|p2b: Roaring Moon|Booster Energy\n|-activate|p2b: Roaring Moon|ability: Protosynthesis|[fromitem]\n|-start|p2b: Roaring Moon|protosynthesisspe\n|move|p1a: Sableye|Encore|p2a: Chien-Pao\n|-hint|Since gen 7, Dark is immune to Prankster moves.\n|-immune|p2a: Chien-Pao\n|move|p2a: Chien-Pao|Throat Chop|p1a: Sableye\n|-damage|p1a: Sableye|39\/100\n|-start|p1a: Sableye|Throat Chop|[silent]\n|move|p1b: Sinistcha|Matcha Gotcha|p2a: Chien-Pao|[spread] p2a,p2b\n|-resisted|p2b: Roaring Moon\n|-damage|p2a: Chien-Pao|0 fnt\n|-heal|p1b: Sinistcha|90\/100|[from] drain|[of] p2a: Chien-Pao\n|-damage|p2b: Roaring Moon|85\/100\n|-heal|p1b: Sinistcha|98\/100|[from] drain|[of] p2b: Roaring Moon\n|-status|p2b: Roaring Moon|brn\n|faint|p2a: Chien-Pao\n|\n|-damage|p2b: Roaring Moon|79\/100 brn|[from] brn\n|upkeep\n|\n|t:|1700116908\n|switch|p2a: Iron Hands|Iron Hands, L50, shiny|30\/100 brn\n|turn|5\n|\n|t:|1700116920\n|-terastallize|p2b: Roaring Moon|Flying\n|move|p2b: Roaring Moon|Acrobatics|p1b: Sinistcha\n|-supereffective|p1b: Sinistcha\n|-crit|p1b: Sinistcha\n|-damage|p1b: Sinistcha|19\/100\n|move|p1b: Sinistcha|Matcha Gotcha|p2a: Iron Hands|[spread] p2a,p2b\n|-resisted|p2b: Roaring Moon\n|-damage|p2a: Iron Hands|14\/100 brn\n|-heal|p1b: Sinistcha|30\/100|[from] drain|[of] p2a: Iron Hands\n|-damage|p2b: Roaring Moon|63\/100 brn\n|-heal|p1b: Sinistcha|39\/100|[from] drain|[of] p2b: Roaring Moon\n|move|p2a: Iron Hands|Thunder Punch|p1a: Sableye\n|-damage|p1a: Sableye|20\/100\n|move|p1a: Sableye|Foul Play|p2b: Roaring Moon\n|-damage|p2b: Roaring Moon|0 fnt\n|faint|p2b: Roaring Moon\n|-end|p2b: Roaring Moon|Protosynthesis|[silent]\n|\n|-damage|p2a: Iron Hands|8\/100 brn|[from] brn\n|-end|p1a: Sableye|Throat Chop|[silent]\n|-fieldend|move: Gravity\n|upkeep\n|turn|6\n|-message|Jdkisawesome forfeited.\n|\n|win|jeikono\n|raw|jeikono's rating: 1187 &rarr; <strong>1210<\/strong><br \/>(+23 for winning)\n|raw|Jdkisawesome's rating: 1159 &rarr; <strong>1136<\/strong><br \/>(-23 for losing)\n|l|\u2606Jdkisawesome\n","uploadtime":1700116945,"views":17,"p1id":"jeikono","p2id":"jdkisawesome","formatid":"gen9vgc2023regulatione","rating":1136,"private":0,"password":""}