{"id":"gen9vgc2023regulatione-1988011742","p1":"Xikirito","p2":"Prioxas","format":"[Gen 9] VGC 2023 Regulation E","log":"|j|\u2606Xikirito\n|j|\u2606Prioxas\n|t:|1699658971\n|gametype|doubles\n|player|p1|Xikirito|volkner|1033\n|player|p2|Prioxas|ethan|1123\n|teamsize|p1|6\n|teamsize|p2|6\n|gen|9\n|tier|[Gen 9] VGC 2023 Regulation E\n|rated|\n|rule|Species Clause: Limit one of each Pok\u00e9mon\n|rule|Item Clause: Limit one of each item\n|clearpoke\n|poke|p1|Chi-Yu, L50|\n|poke|p1|Iron Hands, L50|\n|poke|p1|Landorus-Therian, L50, M|\n|poke|p1|Dusclops, L50, F|\n|poke|p1|Ogerpon-Wellspring, L50, F|\n|poke|p1|Ursaluna-Bloodmoon, L50, M|\n|poke|p2|Urshifu-*, L50, F|\n|poke|p2|Farigiraf, L50, M|\n|poke|p2|Clefairy, L50, M|\n|poke|p2|Ogerpon-Hearthflame, L50, F|\n|poke|p2|Ursaluna-Bloodmoon, L50, M|\n|poke|p2|Okidogi, L50, M|\n|teampreview|4\n|\n|t:|1699658988\n|start\n|switch|p1a: Chi-Yu|Chi-Yu, L50|100\/100\n|switch|p1b: Iron Hands|Iron Hands, L50|100\/100\n|switch|p2a: Urshifu|Urshifu-Rapid-Strike, L50, F|100\/100\n|switch|p2b: Farigiraf|Farigiraf, L50, M|100\/100\n|-ability|p1a: Chi-Yu|Beads of Ruin\n|turn|1\n|inactive|Battle timer is ON: inactive players will automatically lose when time's up. (requested by Prioxas)\n|inactive|Prioxas has 60 seconds left.\n|\n|t:|1699659031\n|-terastallize|p2b: Farigiraf|Fire\n|move|p1b: Iron Hands|Fake Out||[still]\n|cant|p2b: Farigiraf|ability: Armor Tail|Fake Out|[of] p1b: Iron Hands\n|move|p2a: Urshifu|U-turn|p1a: Chi-Yu\n|-damage|p1a: Chi-Yu|69\/100\n|\n|t:|1699659042\n|switch|p2a: Ursaluna|Ursaluna-Bloodmoon, L50, M|100\/100|[from] U-turn\n|move|p1a: Chi-Yu|Dark Pulse|p2b: Farigiraf\n|-damage|p2b: Farigiraf|20\/100\n|-enditem|p2b: Farigiraf|Sitrus Berry|[eat]\n|-heal|p2b: Farigiraf|45\/100|[from] item: Sitrus Berry\n|move|p2b: Farigiraf|Trick Room|p2b: Farigiraf\n|-fieldstart|move: Trick Room|[of] p2b: Farigiraf\n|\n|upkeep\n|turn|2\n|\n|t:|1699659059\n|move|p2a: Ursaluna|Blood Moon|p1a: Chi-Yu\n|-damage|p1a: Chi-Yu|0 fnt\n|faint|p1a: Chi-Yu\n|-damage|p2a: Ursaluna|91\/100|[from] item: Life Orb\n|move|p1b: Iron Hands|Drain Punch|p2a: Ursaluna\n|-supereffective|p2a: Ursaluna\n|-damage|p2a: Ursaluna|33\/100\n|move|p2b: Farigiraf|Nasty Plot|p2b: Farigiraf\n|-boost|p2b: Farigiraf|spa|2\n|\n|upkeep\n|\n|t:|1699659074\n|switch|p1a: Ursaluna|Ursaluna-Bloodmoon, L50, M|100\/100\n|turn|3\n|inactive|Prioxas has 30 seconds left.\n|\n|t:|1699659099\n|move|p2a: Ursaluna|Earth Power|p1a: Ursaluna\n|-damage|p1a: Ursaluna|29\/100\n|-damage|p2a: Ursaluna|24\/100|[from] item: Life Orb\n|move|p1a: Ursaluna|Hyper Voice|p2a: Ursaluna|[spread] p2a,p2b\n|-damage|p2a: Ursaluna|0 fnt\n|-damage|p2b: Farigiraf|5\/100\n|faint|p2a: Ursaluna\n|move|p1b: Iron Hands|Drain Punch|p2b: Farigiraf\n|-damage|p2b: Farigiraf|0 fnt\n|faint|p2b: Farigiraf\n|\n|upkeep\n|\n|t:|1699659115\n|switch|p2a: Urshifu|Urshifu-Rapid-Strike, L50, F|100\/100\n|switch|p2b: Okidogi|Okidogi, L50, M|100\/100\n|turn|4\n|\n|t:|1699659130\n|move|p1a: Ursaluna|Hyper Voice|p2a: Urshifu|[spread] p2a,p2b\n|-damage|p2a: Urshifu|45\/100\n|-damage|p2b: Okidogi|75\/100\n|move|p1b: Iron Hands|Wild Charge|p2a: Urshifu\n|-supereffective|p2a: Urshifu\n|-damage|p2a: Urshifu|0 fnt\n|faint|p2a: Urshifu\n|-damage|p1b: Iron Hands|92\/100|[from] Recoil\n|move|p2b: Okidogi|Brick Break|p1a: Ursaluna\n|-supereffective|p1a: Ursaluna\n|-damage|p1a: Ursaluna|0 fnt\n|faint|p1a: Ursaluna\n|\n|upkeep\n|\n|t:|1699659141\n|switch|p1a: Dusclops|Dusclops, L50, F|100\/100\n|-item|p2b: Okidogi|Assault Vest|[from] ability: Frisk|[of] p1a: Dusclops|[identify]\n|turn|5\n|\n|t:|1699659156\n|move|p1a: Dusclops|Will-O-Wisp|p2b: Okidogi\n|-status|p2b: Okidogi|brn\n|move|p1b: Iron Hands|Wild Charge|p2b: Okidogi\n|-damage|p2b: Okidogi|37\/100 brn\n|-damage|p1b: Iron Hands|84\/100|[from] Recoil\n|move|p2b: Okidogi|Snarl|p1a: Dusclops|[spread] p1a,p1b\n|-supereffective|p1a: Dusclops\n|-resisted|p1b: Iron Hands\n|-damage|p1a: Dusclops|94\/100\n|-damage|p1b: Iron Hands|83\/100\n|-unboost|p1a: Dusclops|spa|1\n|-unboost|p1b: Iron Hands|spa|1\n|\n|-damage|p2b: Okidogi|31\/100 brn|[from] brn\n|-fieldend|move: Trick Room\n|upkeep\n|turn|6\n|-message|Prioxas forfeited.\n|\n|win|Xikirito\n|raw|Xikirito's rating: 1033 &rarr; <strong>1077<\/strong><br \/>(+44 for winning)\n|raw|Prioxas's rating: 1123 &rarr; <strong>1092<\/strong><br \/>(-31 for losing)\n|l|\u2606Prioxas\n","uploadtime":1699659172,"views":21,"p1id":"xikirito","p2id":"prioxas","formatid":"gen9vgc2023regulatione","rating":1077,"private":0,"password":""}