{"id":"gen9vgc2023regulatione-1995876423","p1":"Lixiviados","p2":"mathology0","format":"[Gen 9] VGC 2023 Regulation E","log":"|j|\u2606Lixiviados\n|j|\u2606mathology0\n|t:|1700612485\n|gametype|doubles\n|player|p1|Lixiviados|grimsley|1380\n|player|p2|mathology0|265|1303\n|teamsize|p1|6\n|teamsize|p2|6\n|gen|9\n|tier|[Gen 9] VGC 2023 Regulation E\n|rated|\n|rule|Species Clause: Limit one of each Pok\u00e9mon\n|rule|Item Clause: Limit one of each item\n|clearpoke\n|poke|p1|Kingambit, L50, M|\n|poke|p1|Landorus-Therian, L50, M|\n|poke|p1|Chi-Yu, L50|\n|poke|p1|Flutter Mane, L50|\n|poke|p1|Ogerpon-Wellspring, L50, F|\n|poke|p1|Iron Hands, L50|\n|poke|p2|Iron Hands, L50|\n|poke|p2|Flutter Mane, L50|\n|poke|p2|Landorus-Therian, L50, M|\n|poke|p2|Heatran, L50, M|\n|poke|p2|Roaring Moon, L50|\n|poke|p2|Amoonguss, L50, F|\n|teampreview|4\n|\n|t:|1700612536\n|start\n|switch|p1a: Kingambit|Kingambit, L50, M|100\/100\n|switch|p1b: Iron Hands|Iron Hands, L50|100\/100\n|switch|p2a: Roaring Moon|Roaring Moon, L50|100\/100\n|switch|p2b: Landorus|Landorus-Therian, L50, M|100\/100\n|-ability|p2b: Landorus|Intimidate|boost\n|-unboost|p1a: Kingambit|atk|1\n|-ability|p1a: Kingambit|Defiant|boost\n|-boost|p1a: Kingambit|atk|2\n|-unboost|p1b: Iron Hands|atk|1\n|-enditem|p2a: Roaring Moon|Booster Energy\n|-activate|p2a: Roaring Moon|ability: Protosynthesis|[fromitem]\n|-start|p2a: Roaring Moon|protosynthesisspe\n|turn|1\n|\n|t:|1700612569\n|-terastallize|p1a: Kingambit|Dark\n|move|p2a: Roaring Moon|Protect|p2a: Roaring Moon\n|-singleturn|p2a: Roaring Moon|Protect\n|move|p2b: Landorus|Stomping Tantrum|p1b: Iron Hands\n|-supereffective|p1b: Iron Hands\n|-damage|p1b: Iron Hands|44\/100\n|move|p1a: Kingambit|Kowtow Cleave|p2b: Landorus\n|-damage|p2b: Landorus|0 fnt\n|faint|p2b: Landorus\n|move|p1b: Iron Hands|Drain Punch|p2a: Roaring Moon\n|-activate|p2a: Roaring Moon|move: Protect\n|\n|upkeep\n|\n|t:|1700612582\n|switch|p2b: Iron Hands|Iron Hands, L50|100\/100\n|turn|2\n|\n|t:|1700612623\n|move|p1a: Kingambit|Protect|p1a: Kingambit\n|-singleturn|p1a: Kingambit|Protect\n|move|p2a: Roaring Moon|Breaking Swipe|p1a: Kingambit|[spread] p1b\n|-activate|p1a: Kingambit|move: Protect\n|-damage|p1b: Iron Hands|30\/100\n|-unboost|p1b: Iron Hands|atk|1\n|move|p2b: Iron Hands|Drain Punch|p1a: Kingambit\n|-activate|p1a: Kingambit|move: Protect\n|move|p1b: Iron Hands|Drain Punch|p2a: Roaring Moon\n|-supereffective|p2a: Roaring Moon\n|-damage|p2a: Roaring Moon|56\/100\n|-heal|p1b: Iron Hands|47\/100|[from] drain|[of] p2a: Roaring Moon\n|\n|upkeep\n|turn|3\n|\n|t:|1700612654\n|switch|p1a: Flutter Mane|Flutter Mane, L50|100\/100\n|-enditem|p1a: Flutter Mane|Booster Energy\n|-activate|p1a: Flutter Mane|ability: Protosynthesis|[fromitem]\n|-start|p1a: Flutter Mane|protosynthesisspe\n|move|p2a: Roaring Moon|Knock Off|p1a: Flutter Mane\n|-damage|p1a: Flutter Mane|29\/100\n|move|p2b: Iron Hands|Drain Punch|p1a: Flutter Mane\n|-immune|p1a: Flutter Mane\n|move|p1b: Iron Hands|Drain Punch|p2a: Roaring Moon\n|-supereffective|p2a: Roaring Moon\n|-damage|p2a: Roaring Moon|5\/100\n|-heal|p1b: Iron Hands|65\/100|[from] drain|[of] p2a: Roaring Moon\n|\n|upkeep\n|turn|4\n|\n|t:|1700612693\n|-end|p1b: Iron Hands|Quark Drive|[silent]\n|switch|p1b: Ogerpon|Ogerpon-Wellspring, L50, F|100\/100\n|move|p1a: Flutter Mane|Protect|p1a: Flutter Mane\n|-singleturn|p1a: Flutter Mane|Protect\n|move|p2a: Roaring Moon|Tailwind|p2a: Roaring Moon\n|-sidestart|p2: mathology0|move: Tailwind\n|move|p2b: Iron Hands|Heavy Slam|p1a: Flutter Mane\n|-activate|p1a: Flutter Mane|move: Protect\n|\n|upkeep\n|turn|5\n|\n|t:|1700612721\n|-end|p1a: Flutter Mane|Protosynthesis|[silent]\n|switch|p1a: Iron Hands|Iron Hands, L50|65\/100\n|move|p1b: Ogerpon|Spiky Shield|p1b: Ogerpon\n|-singleturn|p1b: Ogerpon|move: Protect\n|move|p2a: Roaring Moon|Knock Off|p1a: Iron Hands\n|-resisted|p1a: Iron Hands\n|-damage|p1a: Iron Hands|50\/100\n|-enditem|p1a: Iron Hands|Assault Vest|[from] move: Knock Off|[of] p2a: Roaring Moon\n|move|p2b: Iron Hands|Wild Charge|p1b: Ogerpon\n|-activate|p1b: Ogerpon|move: Protect\n|-damage|p2b: Iron Hands|88\/100|[from] Spiky Shield|[of] p1b: Ogerpon\n|\n|upkeep\n|turn|6\n|\n|t:|1700612749\n|move|p2a: Roaring Moon|Protect|p2a: Roaring Moon\n|-singleturn|p2a: Roaring Moon|Protect\n|move|p1a: Iron Hands|Fake Out|p2b: Iron Hands\n|-damage|p2b: Iron Hands|76\/100\n|move|p1b: Ogerpon|Ivy Cudgel|p2a: Roaring Moon|[anim] Ivy Cudgel Water\n|-activate|p2a: Roaring Moon|move: Protect\n|cant|p2b: Iron Hands|flinch\n|\n|upkeep\n|turn|7\n|\n|t:|1700612765\n|switch|p1b: Kingambit|Kingambit, L50, M, tera:Dark|100\/100\n|move|p2a: Roaring Moon|Knock Off|p1a: Iron Hands\n|-resisted|p1a: Iron Hands\n|-damage|p1a: Iron Hands|40\/100\n|move|p2b: Iron Hands|Drain Punch|p1a: Iron Hands\n|-damage|p1a: Iron Hands|14\/100\n|-heal|p2b: Iron Hands|90\/100|[from] drain|[of] p1a: Iron Hands\n|move|p1a: Iron Hands|Drain Punch|p2a: Roaring Moon\n|-supereffective|p2a: Roaring Moon\n|-damage|p2a: Roaring Moon|0 fnt\n|-heal|p1a: Iron Hands|16\/100|[from] drain|[of] p2a: Roaring Moon\n|faint|p2a: Roaring Moon\n|-end|p2a: Roaring Moon|Protosynthesis|[silent]\n|\n|-sideend|p2: mathology0|move: Tailwind\n|upkeep\n|\n|t:|1700612781\n|switch|p2a: Heatran|Heatran, L50, M|100\/100\n|turn|8\n|\n|t:|1700612810\n|move|p2a: Heatran|Heat Wave|p1a: Iron Hands|[spread] p1a,p1b\n|-damage|p1a: Iron Hands|0 fnt\n|-damage|p1b: Kingambit|54\/100\n|faint|p1a: Iron Hands\n|-end|p1a: Iron Hands|Quark Drive|[silent]\n|-damage|p2a: Heatran|91\/100|[from] item: Life Orb\n|move|p2b: Iron Hands|Drain Punch|p1b: Kingambit\n|-supereffective|p1b: Kingambit\n|-damage|p1b: Kingambit|0 fnt\n|-heal|p2b: Iron Hands|100\/100|[from] drain|[of] p1b: Kingambit\n|faint|p1b: Kingambit\n|\n|upkeep\n|\n|t:|1700612817\n|switch|p1a: Flutter Mane|Flutter Mane, L50|29\/100\n|switch|p1b: Ogerpon|Ogerpon-Wellspring, L50, F|100\/100\n|turn|9\n|\n|t:|1700612840\n|-terastallize|p2a: Heatran|Grass\n|move|p1a: Flutter Mane|Moonblast|p2b: Iron Hands\n|-supereffective|p2b: Iron Hands\n|-damage|p2b: Iron Hands|50\/100\n|move|p1b: Ogerpon|Ivy Cudgel|p2b: Iron Hands|[anim] Ivy Cudgel Water\n|-damage|p2b: Iron Hands|5\/100\n|move|p2a: Heatran|Heat Wave|p1b: Ogerpon|[spread] p1a,p1b\n|-damage|p1a: Flutter Mane|0 fnt\n|-damage|p1b: Ogerpon|37\/100\n|faint|p1a: Flutter Mane\n|-end|p1a: Flutter Mane|Protosynthesis|[silent]\n|-damage|p2a: Heatran|81\/100|[from] item: Life Orb\n|move|p2b: Iron Hands|Drain Punch|p1b: Ogerpon\n|-damage|p1b: Ogerpon|0 fnt\n|-heal|p2b: Iron Hands|17\/100|[from] drain|[of] p1b: Ogerpon\n|faint|p1b: Ogerpon\n|\n|win|mathology0\n|raw|Lixiviados's rating: 1380 &rarr; <strong>1356<\/strong><br \/>(-24 for losing)\n|raw|mathology0's rating: 1303 &rarr; <strong>1327<\/strong><br \/>(+24 for winning)\n|l|\u2606Lixiviados\n","uploadtime":1700612862,"views":20,"p1id":"lixiviados","p2id":"mathology0","formatid":"gen9vgc2023regulatione","rating":1327,"private":0,"password":""}