{"id":"gen9vgc2023regulatione-1996621530","p1":"Jourvicious","p2":"Possumcult","format":"[Gen 9] VGC 2023 Regulation E","log":"|j|\u2606Jourvicious\n|j|\u2606Possumcult\n|t:|1700701646\n|gametype|doubles\n|player|p1|Jourvicious|guitarist|1219\n|player|p2|Possumcult|candice|1232\n|teamsize|p1|6\n|teamsize|p2|6\n|gen|9\n|tier|[Gen 9] VGC 2023 Regulation E\n|rated|\n|rule|Species Clause: Limit one of each Pok\u00e9mon\n|rule|Item Clause: Limit one of each item\n|clearpoke\n|poke|p1|Milotic, L50, F|\n|poke|p1|Sinistcha, L50|\n|poke|p1|Arcanine-Hisui, L50, F|\n|poke|p1|Roaring Moon, L50|\n|poke|p1|Ninetales-Alola, L50, F|\n|poke|p1|Iron Hands, L50|\n|poke|p2|Abomasnow, L50, F|\n|poke|p2|Frosmoth, L50, F|\n|poke|p2|Iron Hands, L50|\n|poke|p2|Iron Bundle, L50|\n|poke|p2|Landorus-Therian, L50, M|\n|poke|p2|Chi-Yu, L50|\n|teampreview|4\n|inactive|Battle timer is ON: inactive players will automatically lose when time's up. (requested by Possumcult)\n|inactive|Jourvicious also wants the timer to be on.\n|\n|t:|1700701673\n|start\n|switch|p1a: Bryan Hands|Iron Hands, L50|100\/100\n|switch|p1b: Roaring Mid|Roaring Moon, L50|100\/100\n|switch|p2a: Iron Hands|Iron Hands, L50|100\/100\n|switch|p2b: Landorus|Landorus-Therian, L50, M|100\/100\n|-ability|p2b: Landorus|Intimidate|boost\n|-unboost|p1a: Bryan Hands|atk|1\n|-unboost|p1b: Roaring Mid|atk|1\n|-enditem|p1b: Roaring Mid|Booster Energy\n|-activate|p1b: Roaring Mid|ability: Protosynthesis|[fromitem]\n|-start|p1b: Roaring Mid|protosynthesisspe\n|turn|1\n|\n|t:|1700701698\n|move|p1a: Bryan Hands|Fake Out|p2a: Iron Hands\n|-damage|p2a: Iron Hands|93\/100\n|cant|p2a: Iron Hands|flinch\n|move|p1b: Roaring Mid|Knock Off|p2b: Landorus\n|-damage|p2b: Landorus|60\/100\n|-enditem|p2b: Landorus|Choice Scarf|[from] move: Knock Off|[of] p1b: Roaring Mid\n|move|p2b: Landorus|U-turn|p1b: Roaring Mid\n|-supereffective|p1b: Roaring Mid\n|-damage|p1b: Roaring Mid|37\/100\n|\n|t:|1700701720\n|switch|p2b: Chi-Yu|Chi-Yu, L50|100\/100|[from] U-turn\n|-ability|p2b: Chi-Yu|Beads of Ruin\n|\n|upkeep\n|turn|2\n|\n|t:|1700701737\n|switch|p2b: Landorus|Landorus-Therian, L50, M|60\/100\n|-ability|p2b: Landorus|Intimidate|boost\n|-unboost|p1a: Bryan Hands|atk|1\n|-unboost|p1b: Roaring Mid|atk|1\n|move|p1b: Roaring Mid|Tailwind|p1b: Roaring Mid\n|-sidestart|p1: Jourvicious|move: Tailwind\n|move|p1a: Bryan Hands|Drain Punch|p2b: Landorus\n|-resisted|p2b: Landorus\n|-damage|p2b: Landorus|46\/100\n|move|p2a: Iron Hands|Drain Punch|p1b: Roaring Mid\n|-supereffective|p1b: Roaring Mid\n|-damage|p1b: Roaring Mid|0 fnt\n|-heal|p2a: Iron Hands|100\/100|[from] drain|[of] p1b: Roaring Mid\n|faint|p1b: Roaring Mid\n|-end|p1b: Roaring Mid|Protosynthesis|[silent]\n|\n|upkeep\n|\n|t:|1700701747\n|switch|p1b: Milotic|Milotic, L50, F|100\/100\n|turn|3\n|\n|t:|1700701756\n|-end|p1a: Bryan Hands|Quark Drive|[silent]\n|switch|p1a: Arcanine|Arcanine-Hisui, L50, F|100\/100\n|-ability|p1a: Arcanine|Intimidate|boost\n|-unboost|p2a: Iron Hands|atk|1\n|-unboost|p2b: Landorus|atk|1\n|-terastallize|p1b: Milotic|Dragon\n|move|p1b: Milotic|Scald|p2b: Landorus\n|-supereffective|p2b: Landorus\n|-damage|p2b: Landorus|0 fnt\n|faint|p2b: Landorus\n|move|p2a: Iron Hands|Wild Charge|p1b: Milotic\n|-resisted|p1b: Milotic\n|-damage|p1b: Milotic|87\/100\n|-damage|p2a: Iron Hands|98\/100|[from] Recoil\n|\n|-heal|p1b: Milotic|93\/100|[from] item: Leftovers\n|upkeep\n|\n|t:|1700701762\n|switch|p2b: Iron Bundle|Iron Bundle, L50|100\/100\n|turn|4\n|\n|t:|1700701786\n|move|p2b: Iron Bundle|Protect|p2b: Iron Bundle\n|-singleturn|p2b: Iron Bundle|Protect\n|move|p1a: Arcanine|Rock Slide|p2a: Iron Hands|[spread] p2a\n|-activate|p2b: Iron Bundle|move: Protect\n|-resisted|p2a: Iron Hands\n|-damage|p2a: Iron Hands|89\/100\n|move|p1b: Milotic|Coil|p1b: Milotic\n|-boost|p1b: Milotic|atk|1\n|-boost|p1b: Milotic|def|1\n|-boost|p1b: Milotic|accuracy|1\n|move|p2a: Iron Hands|Drain Punch|p1a: Arcanine\n|-supereffective|p1a: Arcanine\n|-damage|p1a: Arcanine|38\/100\n|-heal|p2a: Iron Hands|100\/100|[from] drain|[of] p1a: Arcanine\n|-enditem|p1a: Arcanine|Sitrus Berry|[eat]\n|-heal|p1a: Arcanine|63\/100|[from] item: Sitrus Berry\n|\n|-heal|p1b: Milotic|99\/100|[from] item: Leftovers\n|upkeep\n|turn|5\n|\n|t:|1700701806\n|move|p1a: Arcanine|Rock Slide|p2b: Iron Bundle|[spread] p2a,p2b\n|-resisted|p2a: Iron Hands\n|-crit|p2a: Iron Hands\n|-supereffective|p2b: Iron Bundle\n|-damage|p2a: Iron Hands|88\/100\n|-damage|p2b: Iron Bundle|30\/100\n|move|p1b: Milotic|Hypnosis|p2a: Iron Hands\n|-status|p2a: Iron Hands|slp|[from] move: Hypnosis\n|move|p2b: Iron Bundle|Blizzard|p1a: Arcanine|[spread] p1b\n|-miss|p2b: Iron Bundle|p1a: Arcanine\n|-supereffective|p1b: Milotic\n|-damage|p1b: Milotic|39\/100\n|cant|p2a: Iron Hands|slp\n|\n|-heal|p1b: Milotic|45\/100|[from] item: Leftovers\n|-sideend|p1: Jourvicious|move: Tailwind\n|upkeep\n|turn|6\n|inactive|Jourvicious has 30 seconds left.\n|inactive|Possumcult has 30 seconds left.\n|\n|t:|1700701839\n|move|p1a: Arcanine|Extreme Speed|p2b: Iron Bundle\n|-damage|p2b: Iron Bundle|0 fnt\n|faint|p2b: Iron Bundle\n|-end|p2b: Iron Bundle|Quark Drive|[silent]\n|move|p1b: Milotic|Coil|p1b: Milotic\n|-boost|p1b: Milotic|atk|1\n|-boost|p1b: Milotic|def|1\n|-boost|p1b: Milotic|accuracy|1\n|-curestatus|p2a: Iron Hands|slp|[msg]\n|move|p2a: Iron Hands|Drain Punch|p1a: Arcanine\n|-supereffective|p1a: Arcanine\n|-damage|p1a: Arcanine|0 fnt\n|-heal|p2a: Iron Hands|100\/100|[from] drain|[of] p1a: Arcanine\n|faint|p1a: Arcanine\n|\n|-heal|p1b: Milotic|51\/100|[from] item: Leftovers\n|upkeep\n|\n|t:|1700701844\n|switch|p2b: Chi-Yu|Chi-Yu, L50|100\/100\n|switch|p1a: Bryan Hands|Iron Hands, L50|100\/100\n|-ability|p2b: Chi-Yu|Beads of Ruin\n|turn|7\n|\n|t:|1700701862\n|move|p1a: Bryan Hands|Fake Out|p2b: Chi-Yu\n|-damage|p2b: Chi-Yu|73\/100\n|cant|p2b: Chi-Yu|flinch\n|move|p1b: Milotic|Hypnosis|p2a: Iron Hands\n|-status|p2a: Iron Hands|slp|[from] move: Hypnosis\n|cant|p2a: Iron Hands|slp\n|\n|-heal|p1b: Milotic|57\/100|[from] item: Leftovers\n|upkeep\n|turn|8\n|\n|t:|1700701880\n|move|p2b: Chi-Yu|Dark Pulse|p1b: Milotic\n|-damage|p1b: Milotic|0 fnt\n|faint|p1b: Milotic\n|move|p1a: Bryan Hands|Drain Punch|p2b: Chi-Yu\n|-supereffective|p2b: Chi-Yu\n|-damage|p2b: Chi-Yu|0 fnt\n|faint|p2b: Chi-Yu\n|cant|p2a: Iron Hands|slp\n|\n|upkeep\n|turn|9\n|\n|t:|1700701893\n|move|p1a: Bryan Hands|Drain Punch|p2a: Iron Hands\n|-damage|p2a: Iron Hands|71\/100 slp\n|-curestatus|p2a: Iron Hands|slp|[msg]\n|move|p2a: Iron Hands|Drain Punch|p1a: Bryan Hands\n|-crit|p1a: Bryan Hands\n|-damage|p1a: Bryan Hands|54\/100\n|-heal|p2a: Iron Hands|93\/100|[from] drain|[of] p1a: Bryan Hands\n|\n|upkeep\n|turn|10\n|\n|t:|1700701898\n|move|p1a: Bryan Hands|Drain Punch|p2a: Iron Hands\n|-damage|p2a: Iron Hands|66\/100\n|-heal|p1a: Bryan Hands|68\/100|[from] drain|[of] p2a: Iron Hands\n|move|p2a: Iron Hands|Drain Punch|p1a: Bryan Hands\n|-crit|p1a: Bryan Hands\n|-damage|p1a: Bryan Hands|23\/100\n|-heal|p2a: Iron Hands|87\/100|[from] drain|[of] p1a: Bryan Hands\n|\n|upkeep\n|turn|11\n|\n|t:|1700701906\n|move|p1a: Bryan Hands|Drain Punch|p2a: Iron Hands\n|-damage|p2a: Iron Hands|57\/100\n|-heal|p1a: Bryan Hands|40\/100|[from] drain|[of] p2a: Iron Hands\n|move|p2a: Iron Hands|Drain Punch|p1a: Bryan Hands\n|-damage|p1a: Bryan Hands|20\/100\n|-heal|p2a: Iron Hands|66\/100|[from] drain|[of] p1a: Bryan Hands\n|\n|upkeep\n|turn|12\n|\n|t:|1700701913\n|move|p1a: Bryan Hands|Drain Punch|p2a: Iron Hands\n|-damage|p2a: Iron Hands|40\/100\n|-heal|p1a: Bryan Hands|34\/100|[from] drain|[of] p2a: Iron Hands\n|move|p2a: Iron Hands|Drain Punch|p1a: Bryan Hands\n|-damage|p1a: Bryan Hands|13\/100\n|-heal|p2a: Iron Hands|50\/100|[from] drain|[of] p1a: Bryan Hands\n|\n|upkeep\n|turn|13\n|\n|t:|1700701917\n|move|p1a: Bryan Hands|Drain Punch|p2a: Iron Hands\n|-damage|p2a: Iron Hands|23\/100\n|-heal|p1a: Bryan Hands|28\/100|[from] drain|[of] p2a: Iron Hands\n|move|p2a: Iron Hands|Drain Punch|p1a: Bryan Hands\n|-damage|p1a: Bryan Hands|6\/100\n|-heal|p2a: Iron Hands|33\/100|[from] drain|[of] p1a: Bryan Hands\n|\n|upkeep\n|turn|14\n|\n|t:|1700701923\n|move|p1a: Bryan Hands|Drain Punch|p2a: Iron Hands\n|-damage|p2a: Iron Hands|5\/100\n|-heal|p1a: Bryan Hands|22\/100|[from] drain|[of] p2a: Iron Hands\n|move|p2a: Iron Hands|Drain Punch|p1a: Bryan Hands\n|-damage|p1a: Bryan Hands|0 fnt\n|-heal|p2a: Iron Hands|15\/100|[from] drain|[of] p1a: Bryan Hands\n|faint|p1a: Bryan Hands\n|-end|p1a: Bryan Hands|Quark Drive|[silent]\n|\n|win|Possumcult\n|raw|Jourvicious's rating: 1219 &rarr; <strong>1195<\/strong><br \/>(-24 for losing)\n|raw|Possumcult's rating: 1232 &rarr; <strong>1256<\/strong><br \/>(+24 for winning)\n|l|\u2606Possumcult\n","uploadtime":1700701938,"views":25,"p1id":"jourvicious","p2id":"possumcult","formatid":"gen9vgc2023regulatione","rating":1195,"private":0,"password":""}