{"id":"gen9vgc2023regulatione-1987962252","p1":"Hornet G","p2":"jaffasplash","format":"[Gen 9] VGC 2023 Regulation E","log":"|j|\u2606Hornet G\n|j|\u2606jaffasplash\n|t:|1699653574\n|gametype|doubles\n|player|p1|Hornet G|265|1234\n|player|p2|jaffasplash|n|1167\n|teamsize|p1|6\n|teamsize|p2|6\n|gen|9\n|tier|[Gen 9] VGC 2023 Regulation E\n|rated|\n|rule|Species Clause: Limit one of each Pok\u00e9mon\n|rule|Item Clause: Limit one of each item\n|clearpoke\n|poke|p1|Klefki, L50, M|\n|poke|p1|Moltres-Galar, L50|\n|poke|p1|Sinistcha, L50|\n|poke|p1|Arcanine-Hisui, L50, M|\n|poke|p1|Milotic, L50, F|\n|poke|p1|Dragonite, L50, F|\n|poke|p2|Annihilape, L50, M|\n|poke|p2|Tornadus, L50, M|\n|poke|p2|Farigiraf, L50, M|\n|poke|p2|Rillaboom, L50, F|\n|poke|p2|Arcanine-Hisui, L50, M|\n|poke|p2|Iron Bundle, L50|\n|teampreview|4\n|\n|t:|1699653590\n|start\n|switch|p1a: Moltres|Moltres-Galar, L50|100\/100\n|switch|p1b: Klefki|Klefki, L50, M|100\/100\n|switch|p2a: Farigiraf|Farigiraf, L50, M|100\/100\n|switch|p2b: Annihilape|Annihilape, L50, M|100\/100\n|turn|1\n|inactive|Battle timer is ON: inactive players will automatically lose when time's up. (requested by jaffasplash)\n|\n|t:|1699653621\n|-terastallize|p2b: Annihilape|Steel\n|move|p1a: Moltres|Protect|p1a: Moltres\n|-singleturn|p1a: Moltres|Protect\n|move|p1b: Klefki|Reflect|p1b: Klefki\n|-sidestart|p1: Hornet G|Reflect\n|move|p2b: Annihilape|Ice Punch|p1a: Moltres\n|-activate|p1a: Moltres|move: Protect\n|move|p2a: Farigiraf|Dazzling Gleam|p1a: Moltres|[spread] p1b\n|-activate|p1a: Moltres|move: Protect\n|-resisted|p1b: Klefki\n|-damage|p1b: Klefki|92\/100\n|\n|upkeep\n|turn|2\n|\n|t:|1699653642\n|move|p1b: Klefki|Light Screen|p1b: Klefki\n|-sidestart|p1: Hornet G|move: Light Screen\n|move|p2b: Annihilape|Ice Punch|p1a: Moltres\n|-supereffective|p1a: Moltres\n|-damage|p1a: Moltres|70\/100\n|-status|p1a: Moltres|frz\n|cant|p1a: Moltres|frz\n|move|p2a: Farigiraf|Imprison|p2a: Farigiraf\n|-start|p2a: Farigiraf|move: Imprison\n|\n|upkeep\n|turn|3\n|\n|t:|1699653662\n|switch|p1b: Sinistcha|Sinistcha, L50|100\/100\n|-heal|p1a: Moltres|95\/100 frz|[from] ability: Hospitality|[of] p1b: Sinistcha\n|move|p2b: Annihilape|Ice Punch|p1a: Moltres\n|-supereffective|p1a: Moltres\n|-damage|p1a: Moltres|65\/100 frz\n|cant|p1a: Moltres|frz\n|move|p2a: Farigiraf|Dazzling Gleam|p1a: Moltres|[spread] p1a,p1b\n|-supereffective|p1a: Moltres\n|-damage|p1a: Moltres|48\/100 frz\n|-damage|p1b: Sinistcha|88\/100\n|-ability|p1a: Moltres|Berserk|boost\n|-boost|p1a: Moltres|spa|1\n|-enditem|p1a: Moltres|Sitrus Berry|[eat]\n|-heal|p1a: Moltres|73\/100 frz|[from] item: Sitrus Berry\n|\n|upkeep\n|turn|4\n|inactive|Hornet G has 30 seconds left.\n|\n|t:|1699653688\n|switch|p1b: Klefki|Klefki, L50, M|92\/100\n|move|p2b: Annihilape|Ice Punch|p1a: Moltres\n|-supereffective|p1a: Moltres\n|-damage|p1a: Moltres|43\/100 frz\n|-ability|p1a: Moltres|Berserk|boost\n|-boost|p1a: Moltres|spa|1\n|cant|p1a: Moltres|frz\n|move|p2a: Farigiraf|Dazzling Gleam|p1b: Klefki|[spread] p1a,p1b\n|-supereffective|p1a: Moltres\n|-resisted|p1b: Klefki\n|-damage|p1a: Moltres|26\/100 frz\n|-damage|p1b: Klefki|86\/100\n|\n|upkeep\n|turn|5\n|\n|t:|1699653704\n|switch|p1b: Sinistcha|Sinistcha, L50|88\/100\n|-heal|p1a: Moltres|51\/100 frz|[from] ability: Hospitality|[of] p1b: Sinistcha\n|move|p2b: Annihilape|Ice Punch|p1a: Moltres\n|-supereffective|p1a: Moltres\n|-damage|p1a: Moltres|22\/100 frz\n|-ability|p1a: Moltres|Berserk|boost\n|-boost|p1a: Moltres|spa|1\n|cant|p1a: Moltres|frz\n|move|p2a: Farigiraf|Dazzling Gleam|p1a: Moltres|[spread] p1a,p1b\n|-supereffective|p1a: Moltres\n|-damage|p1a: Moltres|4\/100 frz\n|-damage|p1b: Sinistcha|74\/100\n|\n|upkeep\n|turn|6\n|\n|t:|1699653721\n|switch|p1b: Milotic|Milotic, L50, F|100\/100\n|move|p2b: Annihilape|Ice Punch|p1b: Milotic\n|-resisted|p1b: Milotic\n|-damage|p1b: Milotic|95\/100\n|cant|p1a: Moltres|frz\n|move|p2a: Farigiraf|Dazzling Gleam|p1a: Moltres|[spread] p1a,p1b\n|-supereffective|p1a: Moltres\n|-damage|p1a: Moltres|0 fnt\n|-damage|p1b: Milotic|87\/100\n|faint|p1a: Moltres\n|\n|-heal|p1b: Milotic|93\/100|[from] item: Leftovers\n|upkeep\n|\n|t:|1699653729\n|switch|p1a: Sinistcha|Sinistcha, L50|74\/100\n|-heal|p1b: Milotic|100\/100|[from] ability: Hospitality|[of] p1a: Sinistcha\n|turn|7\n|\n|t:|1699653741\n|switch|p2b: Rillaboom|Rillaboom, L50, F|100\/100\n|-fieldstart|move: Grassy Terrain|[from] ability: Grassy Surge|[of] p2b: Rillaboom\n|move|p2a: Farigiraf|Protect|p2a: Farigiraf\n|-singleturn|p2a: Farigiraf|Protect\n|move|p1b: Milotic|Coil|p1b: Milotic\n|-boost|p1b: Milotic|atk|1\n|-boost|p1b: Milotic|def|1\n|-boost|p1b: Milotic|accuracy|1\n|move|p1a: Sinistcha|Matcha Gotcha|p2a: Farigiraf|[spread] p2b\n|-activate|p2a: Farigiraf|move: Protect\n|-resisted|p2b: Rillaboom\n|-damage|p2b: Rillaboom|83\/100\n|-heal|p1a: Sinistcha|83\/100|[from] drain|[of] p2b: Rillaboom\n|\n|-heal|p2b: Rillaboom|89\/100|[from] Grassy Terrain\n|-heal|p1a: Sinistcha|89\/100|[from] Grassy Terrain\n|upkeep\n|turn|8\n|inactive|Hornet G has 30 seconds left.\n|inactive|Hornet G has 20 seconds left.\n|inactive|Hornet G has 15 seconds left.\n|inactive|Hornet G has 10 seconds left.\n|inactive|Hornet G has 5 seconds left.\n|\n|t:|1699653792\n|switch|p2a: Iron Bundle|Iron Bundle, L50|100\/100\n|-enditem|p2a: Iron Bundle|Booster Energy\n|-activate|p2a: Iron Bundle|ability: Quark Drive|[fromitem]\n|-start|p2a: Iron Bundle|quarkdrivespe\n|-terastallize|p1b: Milotic|Fairy\n|move|p2b: Rillaboom|Wood Hammer|p1b: Milotic\n|-damage|p1b: Milotic|72\/100\n|-damage|p2b: Rillaboom|78\/100|[from] Recoil\n|move|p1b: Milotic|Coil|p1b: Milotic\n|-boost|p1b: Milotic|atk|1\n|-boost|p1b: Milotic|def|1\n|-boost|p1b: Milotic|accuracy|1\n|move|p1a: Sinistcha|Strength Sap|p2b: Rillaboom\n|-unboost|p2b: Rillaboom|atk|1\n|-heal|p1a: Sinistcha|100\/100\n|\n|-heal|p2b: Rillaboom|84\/100|[from] Grassy Terrain\n|-heal|p1b: Milotic|78\/100|[from] Grassy Terrain\n|-heal|p1b: Milotic|84\/100|[from] item: Leftovers\n|-sideend|p1: Hornet G|Reflect\n|upkeep\n|turn|9\n|inactive|Hornet G has 30 seconds left.\n|inactive|jaffasplash has 30 seconds left.\n|\n|t:|1699653822\n|switch|p2b: Annihilape|Annihilape, L50, M, tera:Steel|100\/100\n|move|p2a: Iron Bundle|Icy Wind|p1a: Sinistcha|[spread] p1a,p1b\n|-supereffective|p1a: Sinistcha\n|-crit|p1a: Sinistcha\n|-damage|p1a: Sinistcha|25\/100\n|-damage|p1b: Milotic|74\/100\n|-unboost|p1a: Sinistcha|spe|1\n|-unboost|p1b: Milotic|spe|1\n|-ability|p1b: Milotic|Competitive|boost\n|-boost|p1b: Milotic|spa|2\n|move|p1b: Milotic|Scald|p2a: Iron Bundle\n|-resisted|p2a: Iron Bundle\n|-damage|p2a: Iron Bundle|43\/100\n|-status|p2a: Iron Bundle|brn\n|move|p1a: Sinistcha|Trick Room|p1a: Sinistcha\n|-fieldstart|move: Trick Room|[of] p1a: Sinistcha\n|\n|-heal|p1a: Sinistcha|31\/100|[from] Grassy Terrain\n|-heal|p1b: Milotic|80\/100|[from] Grassy Terrain\n|-heal|p1b: Milotic|86\/100|[from] item: Leftovers\n|-heal|p2a: Iron Bundle|48\/100 brn|[from] Grassy Terrain\n|-damage|p2a: Iron Bundle|43\/100 brn|[from] brn\n|-sideend|p1: Hornet G|move: Light Screen\n|upkeep\n|turn|10\n|inactive|Hornet G has 30 seconds left.\n|\n|t:|1699653852\n|move|p1a: Sinistcha|Rage Powder|p1a: Sinistcha\n|-singleturn|p1a: Sinistcha|move: Rage Powder\n|move|p1b: Milotic|Scald|p2a: Iron Bundle\n|-resisted|p2a: Iron Bundle\n|-damage|p2a: Iron Bundle|0 fnt\n|faint|p2a: Iron Bundle\n|-end|p2a: Iron Bundle|Quark Drive|[silent]\n|move|p2b: Annihilape|Poison Jab|p1a: Sinistcha\n|-damage|p1a: Sinistcha|9\/100\n|-status|p1a: Sinistcha|psn\n|\n|-heal|p1a: Sinistcha|15\/100 psn|[from] Grassy Terrain\n|-heal|p1b: Milotic|92\/100|[from] Grassy Terrain\n|-heal|p1b: Milotic|98\/100|[from] item: Leftovers\n|-damage|p1a: Sinistcha|3\/100 psn|[from] psn\n|upkeep\n|\n|t:|1699653866\n|switch|p2a: Rillaboom|Rillaboom, L50, F|84\/100\n|turn|11\n|\n|t:|1699653883\n|switch|p1a: Klefki|Klefki, L50, M|86\/100\n|move|p2a: Rillaboom|Fake Out|p1b: Milotic\n|-damage|p1b: Milotic|92\/100\n|cant|p1b: Milotic|flinch\n|move|p2b: Annihilape|Poison Jab|p1a: Klefki\n|-immune|p1a: Klefki\n|\n|-heal|p1b: Milotic|98\/100|[from] Grassy Terrain\n|-heal|p1b: Milotic|100\/100|[from] item: Leftovers\n|-heal|p1a: Klefki|93\/100|[from] Grassy Terrain\n|-heal|p2a: Rillaboom|90\/100|[from] Grassy Terrain\n|-fieldend|move: Grassy Terrain\n|upkeep\n|turn|12\n|inactive|Hornet G has 30 seconds left.\n|\n|t:|1699653911\n|switch|p2a: Farigiraf|Farigiraf, L50, M|100\/100\n|move|p1a: Klefki|Reflect|p1a: Klefki\n|-sidestart|p1: Hornet G|Reflect\n|move|p1b: Milotic|Scald|p2a: Farigiraf\n|-damage|p2a: Farigiraf|44\/100\n|move|p2b: Annihilape|Poison Jab|p1b: Milotic\n|-supereffective|p1b: Milotic\n|-damage|p1b: Milotic|85\/100\n|\n|-heal|p1b: Milotic|91\/100|[from] item: Leftovers\n|upkeep\n|turn|13\n|-message|jaffasplash forfeited.\n|\n|win|Hornet G\n|raw|Hornet G's rating: 1234 &rarr; <strong>1254<\/strong><br \/>(+20 for winning)\n|raw|jaffasplash's rating: 1167 &rarr; <strong>1147<\/strong><br \/>(-20 for losing)\n|l|\u2606jaffasplash\n","uploadtime":1699653965,"views":27,"p1id":"hornetg","p2id":"jaffasplash","formatid":"gen9vgc2023regulatione","rating":1147,"private":0,"password":""}