{"id":"gen9vgc2023regulatione-1990121544","p1":"Zatch2802","p2":"dangledipipples","format":"[Gen 9] VGC 2023 Regulation E","log":"|j|\u2606Zatch2802\n|j|\u2606dangledipipples\n|t:|1699926847\n|gametype|doubles\n|player|p1|Zatch2802|lucas|1103\n|player|p2|dangledipipples|veteran|1094\n|teamsize|p1|5\n|teamsize|p2|6\n|gen|9\n|tier|[Gen 9] VGC 2023 Regulation E\n|rated|\n|rule|Species Clause: Limit one of each Pok\u00e9mon\n|rule|Item Clause: Limit one of each item\n|clearpoke\n|poke|p1|Tauros-Paldea-Blaze, L50, M|\n|poke|p1|Empoleon, L50, M|\n|poke|p1|Ogerpon, L50, F|\n|poke|p1|Arboliva, L50, F|\n|poke|p1|Regieleki, L50|\n|poke|p2|Poliwrath, L50, F|\n|poke|p2|Pelipper, L50, F|\n|poke|p2|Amoonguss, L50, M|\n|poke|p2|Landorus-Therian, L50, M|\n|poke|p2|Raichu, L50, M|\n|poke|p2|Bronzong, L50|\n|teampreview|4\n|\n|t:|1699926873\n|start\n|switch|p1a: Regieleki|Regieleki, L50|100\/100\n|switch|p1b: Ogerpon|Ogerpon, L50, F|100\/100\n|switch|p2a: Rusty|Raichu, L50, M, shiny|100\/100\n|switch|p2b: Dempsey|Poliwrath, L50, F|100\/100\n|turn|1\n|\n|t:|1699926901\n|switch|p1a: Tauros|Tauros-Paldea-Blaze, L50, M|100\/100\n|-ability|p1a: Tauros|Intimidate|boost\n|-unboost|p2a: Rusty|atk|1\n|-unboost|p2b: Dempsey|atk|1\n|move|p2a: Rusty|Fake Out|p1b: Ogerpon\n|-damage|p1b: Ogerpon|93\/100\n|cant|p1b: Ogerpon|flinch\n|move|p2b: Dempsey|Belly Drum|p2b: Dempsey\n|-damage|p2b: Dempsey|50\/100\n|-setboost|p2b: Dempsey|atk|6|[from] move: Belly Drum\n|-enditem|p1a: Tauros|Mirror Herb\n|-boost|p1a: Tauros|atk|6|[from] item: Mirror Herb\n|-enditem|p2b: Dempsey|Sitrus Berry|[eat]\n|-heal|p2b: Dempsey|75\/100|[from] item: Sitrus Berry\n|\n|upkeep\n|turn|2\n|\n|t:|1699926927\n|switch|p2a: Olive|Pelipper, L50, F|100\/100\n|-weather|RainDance|[from] ability: Drizzle|[of] p2a: Olive\n|-terastallize|p2b: Dempsey|Steel\n|move|p1a: Tauros|Protect|p1a: Tauros\n|-singleturn|p1a: Tauros|Protect\n|move|p2b: Dempsey|Liquidation|p1a: Tauros\n|-activate|p1a: Tauros|move: Protect\n|move|p1b: Ogerpon|Stomping Tantrum|p2a: Olive\n|-immune|p2a: Olive\n|\n|-weather|RainDance|[upkeep]\n|upkeep\n|turn|3\n|\n|t:|1699926946\n|switch|p1b: Regieleki|Regieleki, L50|100\/100\n|-terastallize|p1a: Tauros|Dragon\n|move|p2b: Dempsey|Liquidation|p1a: Tauros\n|-resisted|p1a: Tauros\n|-damage|p1a: Tauros|0 fnt\n|faint|p1a: Tauros\n|move|p2a: Olive|Hurricane|p1b: Regieleki\n|-resisted|p1b: Regieleki\n|-damage|p1b: Regieleki|64\/100\n|\n|-weather|RainDance|[upkeep]\n|upkeep\n|\n|t:|1699926957\n|switch|p1a: Empoleon|Empoleon, L50, M|100\/100\n|turn|4\n|\n|t:|1699926967\n|switch|p2a: Rusty|Raichu, L50, M, shiny|100\/100\n|move|p1b: Regieleki|Electroweb|p2a: Rusty|[spread] p2b\n|-ability|p2a: Rusty|Lightning Rod|boost\n|-boost|p2a: Rusty|spa|1\n|-damage|p2b: Dempsey|41\/100\n|-unboost|p2b: Dempsey|spe|1\n|move|p2b: Dempsey|Drain Punch|p1a: Empoleon\n|-supereffective|p1a: Empoleon\n|-damage|p1a: Empoleon|0 fnt\n|-heal|p2b: Dempsey|93\/100|[from] drain|[of] p1a: Empoleon\n|faint|p1a: Empoleon\n|\n|-weather|RainDance|[upkeep]\n|upkeep\n|\n|t:|1699926980\n|switch|p1a: Ogerpon|Ogerpon, L50, F|93\/100\n|turn|5\n|\n|t:|1699926991\n|move|p2a: Rusty|Fake Out|p1b: Regieleki\n|-damage|p1b: Regieleki|48\/100\n|cant|p1b: Regieleki|flinch\n|move|p1a: Ogerpon|Stomping Tantrum|p2b: Dempsey\n|-supereffective|p2b: Dempsey\n|-damage|p2b: Dempsey|18\/100\n|move|p2b: Dempsey|Liquidation|p1a: Ogerpon\n|-resisted|p1a: Ogerpon\n|-damage|p1a: Ogerpon|0 fnt\n|faint|p1a: Ogerpon\n|\n|-weather|RainDance|[upkeep]\n|upkeep\n|turn|6\n|\n|t:|1699927005\n|move|p2b: Dempsey|Protect|p2b: Dempsey\n|-singleturn|p2b: Dempsey|Protect\n|move|p1b: Regieleki|Electroweb|p2b: Dempsey|[spread] \n|-activate|p2b: Dempsey|move: Protect\n|-ability|p2a: Rusty|Lightning Rod|boost\n|-boost|p2a: Rusty|spa|1\n|move|p2a: Rusty|Thunderbolt|p1b: Regieleki\n|-resisted|p1b: Regieleki\n|-damage|p1b: Regieleki|0 fnt\n|faint|p1b: Regieleki\n|\n|win|dangledipipples\n|raw|Zatch2802's rating: 1103 &rarr; <strong>1077<\/strong><br \/>(-26 for losing)\n|raw|dangledipipples's rating: 1094 &rarr; <strong>1121<\/strong><br \/>(+27 for winning)\n","uploadtime":1699927018,"views":9,"p1id":"zatch2802","p2id":"dangledipipples","formatid":"gen9vgc2023regulatione","rating":1077,"private":0,"password":""}