{"id":"gen9vgc2023regulatione-1995933651","p1":"Tampico11","p2":"Tenken11","format":"[Gen 9] VGC 2023 Regulation E","log":"|j|\u2606Tampico11\n|j|\u2606Tenken11\n|n|\u2606Tampico11|tampico11\n|n|\u2606Tenken11|tenken11\n|html|View the match progress at <a href=\"\/game-bestof3-gen9vgc2023regulatione-1995933650\">game-bestof3-gen9vgc2023regulatione-1995933650<\/a>\n|t:|1700619070\n|gametype|doubles\n|player|p1|Tampico11|ethan|\n|player|p2|Tenken11|266|\n|teamsize|p1|6\n|teamsize|p2|6\n|gen|9\n|tier|[Gen 9] VGC 2023 Regulation E\n|rule|Species Clause: Limit one of each Pok\u00e9mon\n|rule|Item Clause: Limit one of each item\n|clearpoke\n|poke|p1|Iron Hands, L50|\n|poke|p1|Amoonguss, L50, M|\n|poke|p1|Grimmsnarl, L50, M|\n|poke|p1|Ursaluna-Bloodmoon, L50, M|\n|poke|p1|Annihilape, L50, M|\n|poke|p1|Cresselia, L50, F|\n|poke|p2|Clefairy, L50, F|\n|poke|p2|Cetitan, L50, M|\n|poke|p2|Kommo-o, L50, F|\n|poke|p2|Sinistcha-Masterpiece, L50|\n|poke|p2|Landorus-Therian, L50, M|\n|poke|p2|Rillaboom, L50, M|\n|teampreview|4\nTampico11 has agreed to open team sheets.\nTenken11 has agreed to open team sheets.\n|showteam|p1|Iron Hands||AssaultVest|QuarkDrive|FakeOut,DrainPunch,WildCharge,HeavySlam||||||50|,,,,,Water]Amoonguss||MentalHerb|Regenerator|PollenPuff,ClearSmog,RagePowder,Spore|||M|||50|,,,,,Fire]Grimmsnarl||CovertCloak|Prankster|SpiritBreak,PartingShot,Reflect,LightScreen|||M|||50|,,,,,Water]Ursaluna-Bloodmoon||SilkScarf|MindsEye|HyperVoice,BloodMoon,EarthPower,Protect|||M|||50|,,,,,Grass]Annihilape||SitrusBerry|Defiant|DrainPunch,RageFist,BulkUp,Protect|||M|||50|,,,,,Fire]Cresselia||SafetyGoggles|Levitate|IceBeam,LunarBlessing,HelpingHand,TrickRoom|||F|||50|,,,,,Fire\n|showteam|p2|Clefairy||Eviolite|FriendGuard|FollowMe,HealPulse,HelpingHand,Protect|||F|||50|,,,,,Dark]Cetitan||SitrusBerry|ThickFat|Liquidation,IceShard,BellyDrum,Protect|||M|||50|,,,,,Water]Kommo-o||ThroatSpray|Overcoat|ClangingScales,FlashCannon,ClangorousSoul,Protect|||F|||50|,,,,,Steel]Sinistcha-Masterpiece||WideLens|Hospitality|MatchaGotcha,StrengthSap,RagePowder,TrickRoom||||||50|,,,,,Fire]Landorus-Therian||ChoiceScarf|Intimidate|StompingTantrum,TeraBlast,RockSlide,Uturn|||M|||50|,,,,,Flying]Rillaboom||AssaultVest|GrassySurge|WoodHammer,GrassyGlide,Uturn,FakeOut|||M|||50|,,,,,Fire\n|inactive|Battle timer is ON: inactive players will automatically lose when time's up. (requested by Tampico11)\n|\n|t:|1700619089\n|start\n|switch|p1a: Anestesia|Amoonguss, L50, M, shiny|100\/100\n|switch|p1b: Cresselia|Cresselia, L50, F|100\/100\n|switch|p2a: Cetitan|Cetitan, L50, M|100\/100\n|switch|p2b: Clefairy|Clefairy, L50, F|100\/100\n|turn|1\n|\n|t:|1700619111\n|move|p2b: Clefairy|Helping Hand|p2a: Cetitan\n|-singleturn|p2a: Cetitan|Helping Hand|[of] p2b: Clefairy\n|move|p2a: Cetitan|Ice Shard|p1a: Anestesia\n|-supereffective|p1a: Anestesia\n|-damage|p1a: Anestesia|43\/100\n|move|p1a: Anestesia|Spore|p2a: Cetitan\n|-status|p2a: Cetitan|slp|[from] move: Spore\n|move|p1b: Cresselia|Trick Room|p1b: Cresselia\n|-fieldstart|move: Trick Room|[of] p1b: Cresselia\n|\n|upkeep\n|turn|2\n|\n|t:|1700619135\n|switch|p1a: Ursaluna|Ursaluna-Bloodmoon, L50, M|100\/100\n|move|p2b: Clefairy|Protect|p2b: Clefairy\n|-singleturn|p2b: Clefairy|Protect\n|cant|p2a: Cetitan|slp\n|move|p1b: Cresselia|Ice Beam|p2b: Clefairy\n|-activate|p2b: Clefairy|move: Protect\n|\n|upkeep\n|turn|3\n|\n|t:|1700619163\n|move|p1b: Cresselia|Helping Hand|p1a: Ursaluna\n|-singleturn|p1a: Ursaluna|Helping Hand|[of] p1b: Cresselia\n|move|p2b: Clefairy|Follow Me|p2b: Clefairy\n|-singleturn|p2b: Clefairy|move: Follow Me\n|move|p1a: Ursaluna|Blood Moon|p2b: Clefairy\n|-damage|p2b: Clefairy|0 fnt\n|faint|p2b: Clefairy\n|cant|p2a: Cetitan|slp\n|\n|upkeep\n|\n|t:|1700619171\n|switch|p2b: Rillaboom|Rillaboom, L50, M|100\/100\n|-fieldstart|move: Grassy Terrain|[from] ability: Grassy Surge|[of] p2b: Rillaboom\n|turn|4\n|inactive|Tampico11 has 30 seconds left.\n|\n|t:|1700619199\n|switch|p1b: Anestesia|Amoonguss, L50, M, shiny|77\/100\n|move|p2b: Rillaboom|Fake Out|p1b: Anestesia\n|-damage|p1b: Anestesia|63\/100\n|move|p1a: Ursaluna|Hyper Voice|p2a: Cetitan|[spread] p2a,p2b\n|-damage|p2a: Cetitan|61\/100 slp\n|-damage|p2b: Rillaboom|59\/100\n|-curestatus|p2a: Cetitan|slp|[msg]\n|move|p2a: Cetitan|Belly Drum|p2a: Cetitan\n|-damage|p2a: Cetitan|11\/100\n|-setboost|p2a: Cetitan|atk|6|[from] move: Belly Drum\n|-enditem|p2a: Cetitan|Sitrus Berry|[eat]\n|-heal|p2a: Cetitan|36\/100|[from] item: Sitrus Berry\n|\n|-heal|p1b: Anestesia|69\/100|[from] Grassy Terrain\n|-heal|p2a: Cetitan|42\/100|[from] Grassy Terrain\n|-heal|p2b: Rillaboom|66\/100|[from] Grassy Terrain\n|upkeep\n|turn|5\n|inactive|Tampico11 has 30 seconds left.\n|\n|t:|1700619232\n|switch|p2b: Sinistcha|Sinistcha-Masterpiece, L50|100\/100\n|-heal|p2a: Cetitan|67\/100|[from] ability: Hospitality|[of] p2b: Sinistcha\n|move|p2a: Cetitan|Protect|p2a: Cetitan\n|-singleturn|p2a: Cetitan|Protect\n|move|p1b: Anestesia|Spore|p2a: Cetitan\n|-activate|p2a: Cetitan|move: Protect\n|move|p1a: Ursaluna|Blood Moon|p2a: Cetitan\n|-activate|p2a: Cetitan|move: Protect\n|\n|-heal|p1b: Anestesia|75\/100|[from] Grassy Terrain\n|-heal|p2a: Cetitan|73\/100|[from] Grassy Terrain\n|-fieldend|move: Trick Room\n|upkeep\n|turn|6\n|inactive|Tampico11 has 30 seconds left.\n|\n|t:|1700619266\n|switch|p1a: Ferropalmas|Iron Hands, L50, shiny|100\/100\n|-terastallize|p2a: Cetitan|Water\n|-terastallize|p1b: Anestesia|Fire\n|move|p2b: Sinistcha|Rage Powder|p2b: Sinistcha\n|-singleturn|p2b: Sinistcha|move: Rage Powder\n|move|p2a: Cetitan|Liquidation|p1b: Anestesia\n|-supereffective|p1b: Anestesia\n|-damage|p1b: Anestesia|0 fnt\n|faint|p1b: Anestesia\n|\n|-heal|p2a: Cetitan|79\/100|[from] Grassy Terrain\n|upkeep\n|\n|t:|1700619288\n|switch|p1b: Ursaluna|Ursaluna-Bloodmoon, L50, M|100\/100\n|turn|7\n|\n|t:|1700619295\n|move|p2a: Cetitan|Protect|p2a: Cetitan\n|-singleturn|p2a: Cetitan|Protect\n|move|p1a: Ferropalmas|Fake Out|p2a: Cetitan\n|-activate|p2a: Cetitan|move: Protect\n|move|p2b: Sinistcha|Strength Sap|p1a: Ferropalmas\n|-unboost|p1a: Ferropalmas|atk|1\n|move|p1b: Ursaluna|Blood Moon|p2b: Sinistcha\n|-damage|p2b: Sinistcha|2\/100\n|\n|-heal|p2a: Cetitan|85\/100|[from] Grassy Terrain\n|-heal|p2b: Sinistcha|8\/100|[from] Grassy Terrain\n|upkeep\n|turn|8\n|\n|t:|1700619311\n|move|p2a: Cetitan|Liquidation|p1a: Ferropalmas\n|-damage|p1a: Ferropalmas|0 fnt\n|faint|p1a: Ferropalmas\n|-end|p1a: Ferropalmas|Quark Drive|[silent]\n|move|p2b: Sinistcha|Strength Sap|p1b: Ursaluna\n|-unboost|p1b: Ursaluna|atk|1\n|-heal|p2b: Sinistcha|50\/100\n|move|p1b: Ursaluna|Hyper Voice|p2b: Sinistcha|[spread] p2a,p2b\n|-damage|p2a: Cetitan|42\/100\n|-damage|p2b: Sinistcha|3\/100\n|\n|-heal|p2a: Cetitan|48\/100|[from] Grassy Terrain\n|-heal|p2b: Sinistcha|9\/100|[from] Grassy Terrain\n|-fieldend|move: Grassy Terrain\n|upkeep\n|\n|t:|1700619322\n|switch|p1a: Cresselia|Cresselia, L50, F|100\/100\n|turn|9\n|\n|t:|1700619331\n|move|p1b: Ursaluna|Protect|p1b: Ursaluna\n|-singleturn|p1b: Ursaluna|Protect\n|move|p2a: Cetitan|Liquidation|p1a: Cresselia\n|-damage|p1a: Cresselia|0 fnt\n|faint|p1a: Cresselia\n|move|p2b: Sinistcha|Matcha Gotcha|p1b: Ursaluna\n|-activate|p1b: Ursaluna|move: Protect\n|\n|upkeep\n|turn|10\n|-message|Tampico11 forfeited.\n|\n|win|Tenken11\n|c|&|\/uhtml prompt-tampico11,Tampico11 is ready for game 2!\n|c|&|\/uhtml prompt-tampico11,Tampico11 is ready for game 2!\n|c|&|\/uhtml prompt-tenken11,Tenken11 is ready for game 2!\nBoth players are ready! Starting next match!\n|l|\u2606Tampico11\n","uploadtime":1700620079,"views":7,"p1id":"tampico11","p2id":"tenken11","formatid":"gen9vgc2023regulatione","rating":0,"private":0,"password":""}