{"id":"gen9vgc2023regulatione-2000099777","p1":"bobforte22","p2":"Tyjack129","format":"[Gen 9] VGC 2023 Regulation E","log":"|j|\u2606bobforte22\n|j|\u2606Tyjack129\n|t:|1701154696\n|gametype|doubles\n|player|p1|bobforte22|pilot|1065\n|player|p2|Tyjack129|ltsurge|1154\n|teamsize|p1|6\n|teamsize|p2|6\n|gen|9\n|tier|[Gen 9] VGC 2023 Regulation E\n|rated|\n|rule|Species Clause: Limit one of each Pok\u00e9mon\n|rule|Item Clause: Limit one of each item\n|clearpoke\n|poke|p1|Chi-Yu, L50|\n|poke|p1|Jolteon, L50, M|\n|poke|p1|Iron Hands, L50|\n|poke|p1|Iron Bundle, L50|\n|poke|p1|Arcanine, L50, M|\n|poke|p1|Garchomp, L50, F|\n|poke|p2|Urshifu-*, L50, F|\n|poke|p2|Fezandipiti, L50, M|\n|poke|p2|Amoonguss, L50, M|\n|poke|p2|Roaring Moon, L50|\n|poke|p2|Ogerpon-Hearthflame, L50, F|\n|poke|p2|Landorus, L50, M|\n|teampreview|4\n|\n|t:|1701154719\n|start\n|switch|p1a: Iron Hands|Iron Hands, L50|100\/100\n|switch|p1b: Iron Bundle|Iron Bundle, L50|100\/100\n|switch|p2a: Fezandipiti|Fezandipiti, L50, M|100\/100\n|switch|p2b: Landorus|Landorus, L50, M|100\/100\n|turn|1\n|inactive|Battle timer is ON: inactive players will automatically lose when time's up. (requested by bobforte22)\n|\n|t:|1701154732\n|move|p2b: Landorus|Protect|p2b: Landorus\n|-singleturn|p2b: Landorus|Protect\n|move|p1a: Iron Hands|Fake Out|p2b: Landorus\n|-activate|p2b: Landorus|move: Protect\n|move|p1b: Iron Bundle|Freeze-Dry|p2b: Landorus\n|-activate|p2b: Landorus|move: Protect\n|move|p2a: Fezandipiti|Icy Wind|p1b: Iron Bundle|[spread] p1a,p1b\n|-resisted|p1b: Iron Bundle\n|-damage|p1a: Iron Hands|96\/100\n|-damage|p1b: Iron Bundle|97\/100\n|-unboost|p1a: Iron Hands|spe|1\n|-status|p1a: Iron Hands|tox|[from] ability: Toxic Chain|[of] p2a: Fezandipiti\n|\n|-damage|p1a: Iron Hands|90\/100 tox|[from] psn\n|upkeep\n|turn|2\n|inactive|Tyjack129 has 30 seconds left.\n|\n|t:|1701154766\n|-terastallize|p2b: Landorus|Ground\n|move|p1b: Iron Bundle|Encore|p2b: Landorus\n|-start|p2b: Landorus|Encore\n|move|p2b: Landorus|Protect||[still]\n|-fail|p2b: Landorus\n|move|p2a: Fezandipiti|Icy Wind|p1a: Iron Hands|[spread] p1a,p1b\n|-resisted|p1b: Iron Bundle\n|-damage|p1a: Iron Hands|86\/100 tox\n|-damage|p1b: Iron Bundle|94\/100\n|-unboost|p1a: Iron Hands|spe|1\n|move|p1a: Iron Hands|Drain Punch|p2a: Fezandipiti\n|-resisted|p2a: Fezandipiti\n|-damage|p2a: Fezandipiti|87\/100\n|-heal|p1a: Iron Hands|91\/100 tox|[from] drain|[of] p2a: Fezandipiti\n|\n|-damage|p1a: Iron Hands|78\/100 tox|[from] psn\n|upkeep\n|turn|3\n|inactive|bobforte22 has 30 seconds left.\n|inactive|Tyjack129 has 30 seconds left.\n|\n|t:|1701154799\n|-end|p1a: Iron Hands|Quark Drive|[silent]\n|switch|p1a: Arcanine|Arcanine, L50, M, shiny|100\/100\n|-ability|p1a: Arcanine|Intimidate|boost\n|-unboost|p2a: Fezandipiti|atk|1\n|-unboost|p2b: Landorus|atk|1\n|move|p2b: Landorus|Protect|p2b: Landorus\n|-singleturn|p2b: Landorus|Protect\n|move|p1b: Iron Bundle|Freeze-Dry|p2b: Landorus\n|-activate|p2b: Landorus|move: Protect\n|move|p2a: Fezandipiti|Dazzling Gleam|p1b: Iron Bundle|[spread] p1a,p1b\n|-resisted|p1a: Arcanine\n|-damage|p1a: Arcanine|91\/100\n|-damage|p1b: Iron Bundle|64\/100\n|-status|p1a: Arcanine|tox|[from] ability: Toxic Chain|[of] p2a: Fezandipiti\n|\n|-damage|p1a: Arcanine|85\/100 tox|[from] psn\n|upkeep\n|turn|4\n|inactive|Tyjack129 has 30 seconds left.\n|\n|t:|1701154833\n|move|p2b: Landorus|Protect||[still]\n|-fail|p2b: Landorus\n|move|p1b: Iron Bundle|Freeze-Dry|p2b: Landorus\n|-supereffective|p2b: Landorus\n|-damage|p2b: Landorus|22\/100\n|move|p2a: Fezandipiti|Icy Wind|p1a: Arcanine|[spread] p1a,p1b\n|-resisted|p1a: Arcanine\n|-resisted|p1b: Iron Bundle\n|-damage|p1a: Arcanine|82\/100 tox\n|-damage|p1b: Iron Bundle|61\/100\n|-unboost|p1a: Arcanine|spe|1\n|move|p1a: Arcanine|Flare Blitz|p2b: Landorus\n|-damage|p2b: Landorus|0 fnt\n|faint|p2b: Landorus\n|-damage|p1a: Arcanine|75\/100 tox|[from] Recoil\n|\n|-damage|p1a: Arcanine|63\/100 tox|[from] psn\n|upkeep\n|\n|t:|1701154851\n|switch|p2b: Roaring Moon|Roaring Moon, L50|100\/100\n|-enditem|p2b: Roaring Moon|Booster Energy\n|-activate|p2b: Roaring Moon|ability: Protosynthesis|[fromitem]\n|-start|p2b: Roaring Moon|protosynthesisatk\n|turn|5\n|\n|t:|1701154865\n|move|p1b: Iron Bundle|Protect|p1b: Iron Bundle\n|-singleturn|p1b: Iron Bundle|Protect\n|move|p2b: Roaring Moon|Acrobatics|p1b: Iron Bundle\n|-activate|p1b: Iron Bundle|move: Protect\n|move|p2a: Fezandipiti|Icy Wind|p1b: Iron Bundle|[spread] p1a\n|-activate|p1b: Iron Bundle|move: Protect\n|-resisted|p1a: Arcanine\n|-damage|p1a: Arcanine|59\/100 tox\n|-unboost|p1a: Arcanine|spe|1\n|move|p1a: Arcanine|Will-O-Wisp|p2b: Roaring Moon\n|-status|p2b: Roaring Moon|brn\n|\n|-damage|p1a: Arcanine|41\/100 tox|[from] psn\n|-damage|p2b: Roaring Moon|94\/100 brn|[from] brn\n|upkeep\n|turn|6\n|inactive|bobforte22 has 30 seconds left.\n|\n|t:|1701154898\n|-end|p1b: Iron Bundle|Quark Drive|[silent]\n|switch|p1b: Garchomp|Garchomp, L50, F|100\/100\n|move|p2b: Roaring Moon|Protect|p2b: Roaring Moon\n|-singleturn|p2b: Roaring Moon|Protect\n|move|p2a: Fezandipiti|Dazzling Gleam|p1b: Garchomp|[spread] p1a,p1b\n|-resisted|p1a: Arcanine\n|-supereffective|p1b: Garchomp\n|-damage|p1a: Arcanine|32\/100 tox\n|-damage|p1b: Garchomp|65\/100\n|-status|p1b: Garchomp|tox|[from] ability: Toxic Chain|[of] p2a: Fezandipiti\n|move|p1a: Arcanine|Flare Blitz|p2a: Fezandipiti\n|-damage|p2a: Fezandipiti|25\/100\n|-damage|p1a: Arcanine|11\/100 tox|[from] Recoil\n|\n|-damage|p1b: Garchomp|59\/100 tox|[from] psn\n|-damage|p1a: Arcanine|0 fnt|[from] psn\n|faint|p1a: Arcanine\n|-damage|p2b: Roaring Moon|88\/100 brn|[from] brn\n|upkeep\n|\n|t:|1701154914\n|switch|p1a: Iron Hands|Iron Hands, L50|78\/100 tox\n|turn|7\n|\n|t:|1701154928\n|move|p1a: Iron Hands|Fake Out|p2b: Roaring Moon\n|-damage|p2b: Roaring Moon|69\/100 brn\n|cant|p2b: Roaring Moon|flinch\n|move|p2a: Fezandipiti|Icy Wind|p1b: Garchomp|[spread] p1a,p1b\n|-supereffective|p1b: Garchomp\n|-damage|p1a: Iron Hands|74\/100 tox\n|-damage|p1b: Garchomp|24\/100 tox\n|-unboost|p1a: Iron Hands|spe|1\n|-unboost|p1b: Garchomp|spe|1\n|move|p1b: Garchomp|Stomping Tantrum|p2a: Fezandipiti\n|-supereffective|p2a: Fezandipiti\n|-damage|p2a: Fezandipiti|0 fnt\n|faint|p2a: Fezandipiti\n|\n|-damage|p1b: Garchomp|11\/100 tox|[from] psn\n|-damage|p1a: Iron Hands|68\/100 tox|[from] psn\n|-damage|p2b: Roaring Moon|63\/100 brn|[from] brn\n|upkeep\n|\n|t:|1701154939\n|switch|p2a: Urshifu|Urshifu-Rapid-Strike, L50, F|100\/100\n|turn|8\n|\n|t:|1701154958\n|move|p2b: Roaring Moon|Acrobatics|p1b: Garchomp\n|-damage|p1b: Garchomp|0 fnt\n|-damage|p2b: Roaring Moon|51\/100 brn|[from] ability: Rough Skin|[of] p1b: Garchomp\n|faint|p1b: Garchomp\n|move|p2a: Urshifu|Surging Strikes|p1a: Iron Hands\n|-crit|p1a: Iron Hands\n|-damage|p1a: Iron Hands|51\/100 tox\n|-crit|p1a: Iron Hands\n|-damage|p1a: Iron Hands|33\/100 tox\n|-crit|p1a: Iron Hands\n|-damage|p1a: Iron Hands|15\/100 tox\n|-hitcount|p1a: Iron Hands|3\n|move|p1a: Iron Hands|Wild Charge|p2a: Urshifu\n|-supereffective|p2a: Urshifu\n|-damage|p2a: Urshifu|0 fnt\n|faint|p2a: Urshifu\n|-damage|p1a: Iron Hands|0 fnt|[from] Recoil\n|faint|p1a: Iron Hands\n|-end|p1a: Iron Hands|Quark Drive|[silent]\n|\n|-damage|p2b: Roaring Moon|45\/100 brn|[from] brn\n|upkeep\n|\n|t:|1701154974\n|switch|p1b: Iron Bundle|Iron Bundle, L50|61\/100\n|turn|9\n|\n|t:|1701154985\n|-terastallize|p1b: Iron Bundle|Fairy\n|move|p1b: Iron Bundle|Freeze-Dry|p2b: Roaring Moon\n|-supereffective|p2b: Roaring Moon\n|-damage|p2b: Roaring Moon|0 fnt\n|faint|p2b: Roaring Moon\n|-end|p2b: Roaring Moon|Protosynthesis|[silent]\n|\n|win|bobforte22\n|raw|bobforte22's rating: 1065 &rarr; <strong>1103<\/strong><br \/>(+38 for winning)\n|raw|Tyjack129's rating: 1154 &rarr; <strong>1123<\/strong><br \/>(-31 for losing)\n|l|\u2606Tyjack129\n","uploadtime":1701154993,"views":3,"p1id":"bobforte22","p2id":"tyjack129","formatid":"gen9vgc2023regulatione","rating":1103,"private":0,"password":""}