{"id":"gen9vgc2023regulatione-1998537397","p1":"Starlightkoma","p2":"YoFushi","format":"[Gen 9] VGC 2023 Regulation E","log":"|j|\u2606Starlightkoma\n|j|\u2606YoFushi\n|n|\u2606Starlightkoma|starlightkoma\n|n|\u2606YoFushi|yofushi\n|html|View the match progress at <a href=\"\/game-bestof3-gen9vgc2023regulatione-1998535058\">game-bestof3-gen9vgc2023regulatione-1998535058<\/a>\n|t:|1700953667\n|gametype|doubles\n|player|p1|Starlightkoma|101|\n|player|p2|YoFushi|fisherman-gen4|\n|teamsize|p1|6\n|teamsize|p2|6\n|gen|9\n|tier|[Gen 9] VGC 2023 Regulation E\n|rule|Species Clause: Limit one of each Pok\u00e9mon\n|rule|Item Clause: Limit one of each item\n|clearpoke\n|poke|p1|Weezing-Galar, L50, M|\n|poke|p1|Slaking, L50, M|\n|poke|p1|Rillaboom, L50, F|\n|poke|p1|Roaring Moon, L50|\n|poke|p1|Volbeat, L50, M|\n|poke|p1|Palafin, L50, M|\n|poke|p2|Chi-Yu, L50|\n|poke|p2|Uxie, L50|\n|poke|p2|Chandelure, L50, M|\n|poke|p2|Victreebel, L50, F|\n|poke|p2|Dondozo, L50, M|\n|poke|p2|Orthworm, L50, F|\n|teampreview|4\n|\n|t:|1700953689\n|start\n|switch|p1a: Cetus|Palafin, L50, M|100\/100\n|switch|p1b: Monkey...|Slaking, L50, M|100\/100\n|switch|p2a: Sarge Yu|Chi-Yu, L50|100\/100\n|switch|p2b: It's Me|Uxie, L50, shiny|100\/100\n|-ability|p2a: Sarge Yu|Beads of Ruin\n|turn|1\n|\n|t:|1700953708\n|detailschange|p1a: Cetus|Palafin-Hero, L50, M\n|switch|p1a: DougDimmadome|Weezing-Galar, L50, M|100\/100\n|-ability|p1a: DougDimmadome|Neutralizing Gas\n|move|p1b: Monkey...|Drain Punch|p2a: Sarge Yu\n|-supereffective|p2a: Sarge Yu\n|-enditem|p2a: Sarge Yu|Focus Sash\n|-damage|p2a: Sarge Yu|1\/100\n|-damage|p1b: Monkey...|91\/100|[from] item: Life Orb\n|move|p2a: Sarge Yu|Heat Wave|p1b: Monkey...|[spread] p1a,p1b\n|-damage|p1a: DougDimmadome|62\/100\n|-damage|p1b: Monkey...|47\/100\n|-status|p1a: DougDimmadome|brn\n|move|p2b: It's Me|Reflect|p2b: It's Me\n|-sidestart|p2: YoFushi|Reflect\n|\n|-damage|p1a: DougDimmadome|56\/100 brn|[from] brn\n|upkeep\n|turn|2\n|\n|t:|1700953740\n|move|p2b: It's Me|Ally Switch|p2b: It's Me\n|swap|p2b: It's Me|0|[from] move: Ally Switch\n|move|p1b: Monkey...|Body Slam|p2b: Sarge Yu\n|-damage|p2b: Sarge Yu|0 fnt\n|faint|p2b: Sarge Yu\n|-damage|p1b: Monkey...|37\/100|[from] item: Life Orb\n|move|p1a: DougDimmadome|Strange Steam|p2a: It's Me\n|-damage|p2a: It's Me|80\/100\n|\n|-damage|p1a: DougDimmadome|50\/100 brn|[from] brn\n|upkeep\n|\n|t:|1700953752\n|switch|p2b: Ancient Clock|Orthworm, L50, F, shiny|100\/100\n|turn|3\n|\n|t:|1700953786\n|-terastallize|p1b: Monkey...|Ghost\n|-terastallize|p2a: It's Me|Electric\n|move|p2b: Ancient Clock|Protect|p2b: Ancient Clock\n|-singleturn|p2b: Ancient Clock|Protect\n|move|p1a: DougDimmadome|Protect|p1a: DougDimmadome\n|-singleturn|p1a: DougDimmadome|Protect\n|move|p1b: Monkey...|Drain Punch|p2b: Ancient Clock\n|-activate|p2b: Ancient Clock|move: Protect\n|move|p2a: It's Me|Light Screen|p2a: It's Me\n|-sidestart|p2: YoFushi|move: Light Screen\n|\n|-damage|p1a: DougDimmadome|45\/100 brn|[from] brn\n|upkeep\n|turn|4\n|c|\u2606YoFushi|oh that was such a misclick lmaooooo\n|\n|t:|1700953817\n|move|p1b: Monkey...|Drain Punch|p2b: Ancient Clock\n|-supereffective|p2b: Ancient Clock\n|-damage|p2b: Ancient Clock|66\/100\n|-heal|p1b: Monkey...|48\/100|[from] drain|[of] p2b: Ancient Clock\n|-damage|p1b: Monkey...|38\/100|[from] item: Life Orb\n|move|p2a: It's Me|Dazzling Gleam|p1a: DougDimmadome|[spread] p1a,p1b\n|-resisted|p1a: DougDimmadome\n|-crit|p1b: Monkey...\n|-damage|p1a: DougDimmadome|39\/100 brn\n|-damage|p1b: Monkey...|19\/100\n|move|p2b: Ancient Clock|Iron Defense|p2b: Ancient Clock\n|-boost|p2b: Ancient Clock|def|2\n|move|p1a: DougDimmadome|Taunt|p2b: Ancient Clock\n|-start|p2b: Ancient Clock|move: Taunt\n|\n|-heal|p2b: Ancient Clock|72\/100|[from] item: Leftovers\n|-damage|p1a: DougDimmadome|34\/100 brn|[from] brn\n|upkeep\n|turn|5\n|c|\u2606Starlightkoma|it be like that sometime\n|\n|t:|1700953848\n|move|p2a: It's Me|Ally Switch|p2a: It's Me\n|swap|p2a: It's Me|1|[from] move: Ally Switch\n|move|p1b: Monkey...|Drain Punch|p2b: It's Me\n|-damage|p2b: It's Me|61\/100\n|-heal|p1b: Monkey...|26\/100|[from] drain|[of] p2b: It's Me\n|-damage|p1b: Monkey...|16\/100|[from] item: Life Orb\n|move|p2a: Ancient Clock|Heavy Slam|p1b: Monkey...\n|-damage|p1b: Monkey...|0 fnt\n|faint|p1b: Monkey...\n|move|p1a: DougDimmadome|Taunt||[still]\n|-fail|p1a: DougDimmadome\n|\n|-heal|p2a: Ancient Clock|78\/100|[from] item: Leftovers\n|-damage|p1a: DougDimmadome|28\/100 brn|[from] brn\n|upkeep\n|\n|t:|1700953860\n|switch|p1b: Mmmm....|Rillaboom, L50, F|100\/100\n|turn|6\n|\n|t:|1700953872\n|move|p2b: It's Me|Dazzling Gleam|p1a: DougDimmadome|[spread] p1a,p1b\n|-resisted|p1a: DougDimmadome\n|-damage|p1a: DougDimmadome|23\/100 brn\n|-damage|p1b: Mmmm....|92\/100\n|move|p1b: Mmmm....|Stomping Tantrum|p2a: Ancient Clock\n|-supereffective|p2a: Ancient Clock\n|-damage|p2a: Ancient Clock|67\/100\n|move|p2a: Ancient Clock|Body Press|p1b: Mmmm....\n|-damage|p1b: Mmmm....|35\/100\n|move|p1a: DougDimmadome|Taunt|p2b: It's Me\n|-start|p2b: It's Me|move: Taunt\n|\n|-heal|p2a: Ancient Clock|73\/100|[from] item: Leftovers\n|-damage|p1a: DougDimmadome|17\/100 brn|[from] brn\n|upkeep\n|turn|7\n|\n|t:|1700953891\n|move|p2b: It's Me|Dazzling Gleam|p1b: Mmmm....|[spread] p1a,p1b\n|-resisted|p1a: DougDimmadome\n|-damage|p1a: DougDimmadome|12\/100 brn\n|-damage|p1b: Mmmm....|27\/100\n|move|p1b: Mmmm....|Stomping Tantrum|p2a: Ancient Clock\n|-supereffective|p2a: Ancient Clock\n|-damage|p2a: Ancient Clock|62\/100\n|move|p2a: Ancient Clock|Body Press|p1b: Mmmm....\n|-damage|p1b: Mmmm....|0 fnt\n|faint|p1b: Mmmm....\n|move|p1a: DougDimmadome|Sludge Bomb|p2b: It's Me\n|-damage|p2b: It's Me|46\/100\n|\n|-heal|p2a: Ancient Clock|68\/100|[from] item: Leftovers\n|-damage|p1a: DougDimmadome|6\/100 brn|[from] brn\n|-end|p2a: Ancient Clock|move: Taunt\n|upkeep\n|\n|t:|1700953893\n|switch|p1b: Cetus|Palafin-Hero, L50, M|100\/100\n|-activate|p1b: Cetus|ability: Zero to Hero\n|turn|8\n|c|\u2606Starlightkoma|I dont think it matters tho\n|\n|t:|1700953911\n|move|p1b: Cetus|Close Combat|p2a: Ancient Clock\n|-supereffective|p2a: Ancient Clock\n|-damage|p2a: Ancient Clock|44\/100\n|-unboost|p1b: Cetus|def|1\n|-unboost|p1b: Cetus|spd|1\n|move|p2b: It's Me|Dazzling Gleam|p1a: DougDimmadome|[spread] p1a,p1b\n|-resisted|p1a: DougDimmadome\n|-damage|p1a: DougDimmadome|2\/100 brn\n|-damage|p1b: Cetus|85\/100\n|move|p2a: Ancient Clock|Body Press|p1b: Cetus\n|-damage|p1b: Cetus|0 fnt\n|faint|p1b: Cetus\n|move|p1a: DougDimmadome|Strange Steam|p2b: It's Me\n|-damage|p2b: It's Me|30\/100\n|\n|-heal|p2a: Ancient Clock|50\/100|[from] item: Leftovers\n|-damage|p1a: DougDimmadome|0 fnt|[from] brn\n|faint|p1a: DougDimmadome\n|-end|p1a: DougDimmadome|ability: Neutralizing Gas\n|\n|win|YoFushi\n|upkeep\n|c|\u2606Starlightkoma|Orthworm is such a fucking tank jesus\n|c|\u2606YoFushi|i know dude its such a menace\n","uploadtime":1700954047,"views":33,"p1id":"starlightkoma","p2id":"yofushi","formatid":"gen9vgc2023regulatione","rating":0,"private":0,"password":""}