{"id":"gen9vgc2023regulatione-1990819740","p1":"Oorko","p2":"SwaseyVGC","format":"[Gen 9] VGC 2023 Regulation E","log":"|j|\u2606Oorko\n|j|\u2606SwaseyVGC\n|t:|1700004126\n|gametype|doubles\n|player|p1|Oorko|dragontamer|1399\n|player|p2|SwaseyVGC|265|1327\n|teamsize|p1|6\n|teamsize|p2|6\n|gen|9\n|tier|[Gen 9] VGC 2023 Regulation E\n|rated|\n|rule|Species Clause: Limit one of each Pok\u00e9mon\n|rule|Item Clause: Limit one of each item\n|clearpoke\n|poke|p1|Iron Hands, L50|\n|poke|p1|Sinistcha, L50|\n|poke|p1|Tornadus, L50, M|\n|poke|p1|Arcanine-Hisui, L50, M|\n|poke|p1|Urshifu-*, L50, M|\n|poke|p1|Chien-Pao, L50|\n|poke|p2|Urshifu-*, L50, F|\n|poke|p2|Enamorus, L50, F|\n|poke|p2|Rillaboom, L50, M|\n|poke|p2|Roaring Moon, L50|\n|poke|p2|Arcanine-Hisui, L50, M|\n|poke|p2|Gholdengo, L50|\n|teampreview|4\nSwaseyVGC has agreed to open team sheets.\n|inactive|Battle timer is ON: inactive players will automatically lose when time's up. (requested by Oorko)\n|\n|t:|1700004191\n|start\n|switch|p1a: Tornadus|Tornadus, L50, M|100\/100\n|switch|p1b: Urshifu|Urshifu-Rapid-Strike, L50, M|100\/100\n|switch|p2a: Urshifu|Urshifu-Rapid-Strike, L50, F|100\/100\n|switch|p2b: Gholdengo|Gholdengo, L50|100\/100\n|turn|1\n|inactive|SwaseyVGC has 30 seconds left.\n|inactive|SwaseyVGC has 20 seconds left.\n|inactive|SwaseyVGC has 15 seconds left.\n|inactive|SwaseyVGC has 10 seconds left.\n|inactive|SwaseyVGC has 5 seconds left.\n|\n|t:|1700004244\n|-terastallize|p2b: Gholdengo|Dragon\n|move|p1a: Tornadus|Tailwind|p1a: Tornadus\n|-sidestart|p1: Oorko|move: Tailwind\n|move|p1b: Urshifu|U-turn|p2a: Urshifu\n|-resisted|p2a: Urshifu\n|-damage|p2a: Urshifu|89\/100\n|\n|t:|1700004251\n|switch|p1b: Arcanine|Arcanine-Hisui, L50, M|100\/100|[from] U-turn\n|-ability|p1b: Arcanine|Intimidate|boost\n|-unboost|p2a: Urshifu|atk|1\n|-unboost|p2b: Gholdengo|atk|1\n|move|p2a: Urshifu|Surging Strikes|p1b: Arcanine\n|-supereffective|p1b: Arcanine\n|-crit|p1b: Arcanine\n|-damage|p1b: Arcanine|0 fnt\n|faint|p1b: Arcanine\n|-hitcount|p1: Arcanine|1\n|move|p2b: Gholdengo|Nasty Plot|p2b: Gholdengo\n|-boost|p2b: Gholdengo|spa|2\n|\n|upkeep\n|\n|t:|1700004257\n|switch|p1b: Chien-Pao|Chien-Pao, L50|100\/100\n|-ability|p1b: Chien-Pao|Sword of Ruin\n|turn|2\n|inactive|SwaseyVGC has 30 seconds left.\n|\n|t:|1700004292\n|switch|p2a: Arcanine|Arcanine-Hisui, L50, M|100\/100\n|-ability|p2a: Arcanine|Intimidate|boost\n|-unboost|p1a: Tornadus|atk|1\n|-unboost|p1b: Chien-Pao|atk|1\n|-terastallize|p1b: Chien-Pao|Ghost\n|move|p1b: Chien-Pao|Ice Spinner|p2a: Arcanine\n|-resisted|p2a: Arcanine\n|-damage|p2a: Arcanine|82\/100\n|move|p1a: Tornadus|Bleakwind Storm|p2b: Gholdengo|[spread] p2a,p2b\n|-resisted|p2a: Arcanine\n|-damage|p2a: Arcanine|62\/100\n|-damage|p2b: Gholdengo|64\/100\n|move|p2b: Gholdengo|Nasty Plot|p2b: Gholdengo\n|-boost|p2b: Gholdengo|spa|2\n|\n|-heal|p2b: Gholdengo|70\/100|[from] item: Leftovers\n|upkeep\n|turn|3\n|\n|t:|1700004311\n|move|p1b: Chien-Pao|Protect|p1b: Chien-Pao\n|-singleturn|p1b: Chien-Pao|Protect\n|move|p2b: Gholdengo|Protect|p2b: Gholdengo\n|-singleturn|p2b: Gholdengo|Protect\n|move|p1a: Tornadus|Leer|p2a: Arcanine|[spread] p2a\n|-activate|p2b: Gholdengo|move: Protect\n|-unboost|p2a: Arcanine|def|1\n|move|p2a: Arcanine|Rock Slide|p1a: Tornadus|[spread] p1a\n|-activate|p1b: Chien-Pao|move: Protect\n|-supereffective|p1a: Tornadus\n|-damage|p1a: Tornadus|0 fnt\n|faint|p1a: Tornadus\n|\n|-heal|p2b: Gholdengo|77\/100|[from] item: Leftovers\n|upkeep\n|\n|t:|1700004317\n|switch|p1a: Urshifu|Urshifu-Rapid-Strike, L50, M|100\/100\n|turn|4\n|inactive|SwaseyVGC has 30 seconds left.\n|\n|t:|1700004345\n|switch|p2a: Urshifu|Urshifu-Rapid-Strike, L50, F|89\/100\n|move|p1a: Urshifu|Surging Strikes|p2a: Urshifu\n|-resisted|p2a: Urshifu\n|-crit|p2a: Urshifu\n|-damage|p2a: Urshifu|77\/100\n|-resisted|p2a: Urshifu\n|-crit|p2a: Urshifu\n|-damage|p2a: Urshifu|65\/100\n|-resisted|p2a: Urshifu\n|-crit|p2a: Urshifu\n|-damage|p2a: Urshifu|52\/100\n|-hitcount|p2a: Urshifu|3\n|move|p1b: Chien-Pao|Ice Spinner|p2b: Gholdengo\n|-supereffective|p2b: Gholdengo\n|-damage|p2b: Gholdengo|11\/100\n|move|p2b: Gholdengo|Nasty Plot|p2b: Gholdengo\n|-boost|p2b: Gholdengo|spa|2\n|\n|-heal|p2b: Gholdengo|17\/100|[from] item: Leftovers\n|-sideend|p1: Oorko|move: Tailwind\n|upkeep\n|turn|5\n|inactive|Oorko has 30 seconds left.\n|inactive|Oorko has 20 seconds left.\n|\n|t:|1700004381\n|move|p1a: Urshifu|Surging Strikes|p2a: Urshifu\n|-resisted|p2a: Urshifu\n|-crit|p2a: Urshifu\n|-damage|p2a: Urshifu|41\/100\n|-resisted|p2a: Urshifu\n|-crit|p2a: Urshifu\n|-damage|p2a: Urshifu|29\/100\n|-resisted|p2a: Urshifu\n|-crit|p2a: Urshifu\n|-damage|p2a: Urshifu|17\/100\n|-hitcount|p2a: Urshifu|3\n|move|p1b: Chien-Pao|Ice Spinner|p2a: Urshifu\n|-resisted|p2a: Urshifu\n|-damage|p2a: Urshifu|2\/100\n|move|p2a: Urshifu|Surging Strikes|p1b: Chien-Pao\n|-crit|p1b: Chien-Pao\n|-damage|p1b: Chien-Pao|67\/100\n|-crit|p1b: Chien-Pao\n|-damage|p1b: Chien-Pao|31\/100\n|-crit|p1b: Chien-Pao\n|-damage|p1b: Chien-Pao|0 fnt\n|faint|p1b: Chien-Pao\n|-hitcount|p1: Chien-Pao|3\n|move|p2b: Gholdengo|Make It Rain|p1a: Urshifu\n|-resisted|p1a: Urshifu\n|-damage|p1a: Urshifu|0 fnt\n|-unboost|p2b: Gholdengo|spa|1\n|faint|p1a: Urshifu\n|\n|win|SwaseyVGC\n|raw|Oorko's rating: 1376 &rarr; <strong>1353<\/strong><br \/>(-23 for losing)\n|raw|SwaseyVGC's rating: 1327 &rarr; <strong>1350<\/strong><br \/>(+23 for winning)\n|l|\u2606Oorko\n","uploadtime":1700004419,"views":17,"p1id":"oorko","p2id":"swaseyvgc","formatid":"gen9vgc2023regulatione","rating":1350,"private":0,"password":""}