{"id":"gen9vgc2023regulatione-1989388578","p1":"BreadyTorus","p2":"An0nymoose","format":"[Gen 9] VGC 2023 Regulation E","log":"|j|\u2606BreadyTorus\n|j|\u2606An0nymoose\n|t:|1699843966\n|gametype|doubles\n|player|p1|BreadyTorus|unknown|1072\n|player|p2|An0nymoose|170|1171\n|teamsize|p1|6\n|teamsize|p2|6\n|gen|9\n|tier|[Gen 9] VGC 2023 Regulation E\n|rated|\n|rule|Species Clause: Limit one of each Pok\u00e9mon\n|rule|Item Clause: Limit one of each item\n|clearpoke\n|poke|p1|Gallade, L50, M|\n|poke|p1|Drifblim, L50, M|\n|poke|p1|Ogerpon-Cornerstone, L50, F|\n|poke|p1|Scream Tail, L50|\n|poke|p1|Chi-Yu, L50|\n|poke|p1|Tornadus, L50, M|\n|poke|p2|Oranguru, L50, F|\n|poke|p2|Oricorio-Pom-Pom, L50, M|\n|poke|p2|Volcarona, L50, M|\n|poke|p2|Quaquaval, L50, M|\n|poke|p2|Lilligant, L50, F|\n|poke|p2|Torkoal, L50, F|\n|teampreview|4\n|inactive|Battle timer is ON: inactive players will automatically lose when time's up. (requested by An0nymoose)\n|inactive|BreadyTorus has 60 seconds left.\n|\n|t:|1699844020\n|start\n|switch|p1a: My Fish|Chi-Yu, L50|100\/100\n|switch|p1b: Curl|Scream Tail, L50|100\/100\n|switch|p2a: Oranguru|Oranguru, L50, F|100\/100\n|switch|p2b: Oricorio|Oricorio-Pom-Pom, L50, M|100\/100\n|-ability|p1a: My Fish|Beads of Ruin\n|turn|1\n|\n|t:|1699844043\n|-terastallize|p2a: Oranguru|Fairy\n|move|p1a: My Fish|Dark Pulse|p2a: Oranguru\n|-resisted|p2a: Oranguru\n|-damage|p2a: Oranguru|67\/100\n|-damage|p1a: My Fish|91\/100|[from] item: Life Orb\n|move|p1b: Curl|Imprison|p1b: Curl\n|-start|p1b: Curl|move: Imprison\n|move|p2b: Oricorio|Quiver Dance|p2b: Oricorio\n|-boost|p2b: Oricorio|spa|1\n|-boost|p2b: Oricorio|spd|1\n|-boost|p2b: Oricorio|spe|1\n|move|p2a: Oranguru|Skill Swap|p2b: Oricorio\n|-activate|p2a: Oranguru|move: Skill Swap|||[of] p2b: Oricorio\n|\n|upkeep\n|turn|2\n|inactive|BreadyTorus has 30 seconds left.\n|inactive|BreadyTorus has 20 seconds left.\n|\n|t:|1699844081\n|move|p2b: Oricorio|Quiver Dance|p2b: Oricorio\n|-boost|p2b: Oricorio|spa|1\n|-boost|p2b: Oricorio|spd|1\n|-boost|p2b: Oricorio|spe|1\n|-activate|p2a: Oranguru|ability: Dancer\n|move|p2a: Oranguru|Quiver Dance|p2a: Oranguru|[from]ability: Dancer\n|-boost|p2a: Oranguru|spa|1\n|-boost|p2a: Oranguru|spd|1\n|-boost|p2a: Oranguru|spe|1\n|move|p1a: My Fish|Heat Wave|p2a: Oranguru|[spread] p2a,p2b\n|-damage|p2a: Oranguru|29\/100\n|-damage|p2b: Oricorio|49\/100\n|-damage|p1a: My Fish|81\/100|[from] item: Life Orb\n|move|p1b: Curl|Ice Beam|p2b: Oricorio\n|-supereffective|p2b: Oricorio\n|-crit|p2b: Oricorio\n|-damage|p2b: Oricorio|0 fnt\n|faint|p2b: Oricorio\n|move|p2a: Oranguru|Instruct|p2: Oricorio|[notarget]\n|-fail|p2a: Oranguru\n|\n|upkeep\n|\n|t:|1699844102\n|switch|p2b: Volcarona|Volcarona, L50, M|100\/100\n|turn|3\n|\n|t:|1699844115\n|move|p1a: My Fish|Heat Wave|p2a: Oranguru|[spread] p2a\n|-miss|p1a: My Fish|p2b: Volcarona\n|-damage|p2a: Oranguru|0 fnt\n|faint|p2a: Oranguru\n|-damage|p1a: My Fish|71\/100|[from] item: Life Orb\n|move|p1b: Curl|Dazzling Gleam|p2b: Volcarona\n|-resisted|p2b: Volcarona\n|-damage|p2b: Volcarona|78\/100\n|move|p2b: Volcarona|Fiery Dance|p1b: Curl\n|-damage|p1b: Curl|43\/100\n|\n|-heal|p1b: Curl|49\/100|[from] item: Leftovers\n|upkeep\n|\n|t:|1699844130\n|switch|p2a: Torkoal|Torkoal, L50, F|100\/100\n|-weather|SunnyDay|[from] ability: Drought|[of] p2a: Torkoal\n|-activate|p1b: Curl|ability: Protosynthesis\n|-start|p1b: Curl|protosynthesisspe\n|turn|4\n|\n|t:|1699844149\n|move|p1b: Curl|Protect|p1b: Curl\n|-singleturn|p1b: Curl|Protect\n|move|p1a: My Fish|Psychic|p2b: Volcarona\n|-damage|p2b: Volcarona|20\/100\n|-damage|p1a: My Fish|61\/100|[from] item: Life Orb\n|move|p2b: Volcarona|Bug Buzz|p1a: My Fish\n|-damage|p1a: My Fish|0 fnt\n|faint|p1a: My Fish\n|move|p2a: Torkoal|Earth Power|p1b: Curl\n|-activate|p1b: Curl|move: Protect\n|\n|-weather|SunnyDay|[upkeep]\n|-heal|p1b: Curl|55\/100|[from] item: Leftovers\n|upkeep\n|\n|t:|1699844168\n|switch|p1a: Wham-Bam Rock|Ogerpon-Cornerstone, L50, F|100\/100\n|turn|5\n|\n|t:|1699844185\n|move|p1a: Wham-Bam Rock|Spiky Shield|p1a: Wham-Bam Rock\n|-singleturn|p1a: Wham-Bam Rock|move: Protect\n|move|p1b: Curl|Dazzling Gleam|p2a: Torkoal|[spread] p2a,p2b\n|-resisted|p2a: Torkoal\n|-resisted|p2b: Volcarona\n|-damage|p2a: Torkoal|90\/100\n|-damage|p2b: Volcarona|8\/100\n|move|p2b: Volcarona|Bug Buzz|p1a: Wham-Bam Rock\n|-activate|p1a: Wham-Bam Rock|move: Protect\n|move|p2a: Torkoal|Eruption|p1a: Wham-Bam Rock|[spread] p1b\n|-activate|p1a: Wham-Bam Rock|move: Protect\n|-damage|p1b: Curl|0 fnt\n|faint|p1b: Curl\n|-end|p1b: Curl|Protosynthesis|[silent]\n|\n|-weather|SunnyDay|[upkeep]\n|upkeep\n|\n|t:|1699844199\n|switch|p1b: Helium|Gallade, L50, M|100\/100\n|turn|6\n|\n|t:|1699844218\n|-terastallize|p1a: Wham-Bam Rock|Rock\n|detailschange|p1a: Wham-Bam Rock|Ogerpon-Cornerstone-Tera, L50, F, tera:Rock\n|-ability|p1a: Wham-Bam Rock|Embody Aspect (Cornerstone)|boost\n|-boost|p1a: Wham-Bam Rock|def|1\n|move|p1b: Helium|Wide Guard|p1b: Helium\n|-singleturn|p1b: Helium|Wide Guard\n|move|p1a: Wham-Bam Rock|Ivy Cudgel|p2a: Torkoal\n|-supereffective|p2a: Torkoal\n|-damage|p2a: Torkoal|0 fnt\n|faint|p2a: Torkoal\n|move|p2b: Volcarona|Bug Buzz|p1a: Wham-Bam Rock\n|-damage|p1a: Wham-Bam Rock|37\/100\n|\n|-weather|SunnyDay|[upkeep]\n|upkeep\n|turn|7\n|\n|t:|1699844239\n|move|p1a: Wham-Bam Rock|Spiky Shield|p1a: Wham-Bam Rock\n|-singleturn|p1a: Wham-Bam Rock|move: Protect\n|move|p2b: Volcarona|Fiery Dance|p1b: Helium\n|-damage|p1b: Helium|26\/100\n|-boost|p2b: Volcarona|spa|1\n|move|p1b: Helium|Aqua Cutter|p2b: Volcarona\n|-supereffective|p2b: Volcarona\n|-damage|p2b: Volcarona|0 fnt\n|faint|p2b: Volcarona\n|\n|win|BreadyTorus\n|raw|BreadyTorus's rating: 1072 &rarr; <strong>1109<\/strong><br \/>(+37 for winning)\n|raw|An0nymoose's rating: 1171 &rarr; <strong>1139<\/strong><br \/>(-32 for losing)\n","uploadtime":1699844250,"views":11,"p1id":"breadytorus","p2id":"an0nymoose","formatid":"gen9vgc2023regulatione","rating":1109,"private":0,"password":""}