{"id":"gen9vgc2023regulatione-1993854769","p1":"iPetBigfoot","p2":"LameLiarLeo","format":"[Gen 9] VGC 2023 Regulation E","log":"|j|\u2606iPetBigfoot\n|j|\u2606LameLiarLeo\n|n|\u2606iPetBigfoot|ipetbigfoot\n|n|\u2606LameLiarLeo|lameliarleo\n|html|View the match progress at <a href=\"\/game-bestof3-gen9vgc2023regulatione-1993849534\">game-bestof3-gen9vgc2023regulatione-1993849534<\/a>\n|t:|1700365730\n|gametype|doubles\n|player|p1|iPetBigfoot|carmine-festival|\n|player|p2|LameLiarLeo|caitlin|\n|teamsize|p1|6\n|teamsize|p2|6\n|gen|9\n|tier|[Gen 9] VGC 2023 Regulation E\n|rule|Species Clause: Limit one of each Pok\u00e9mon\n|rule|Item Clause: Limit one of each item\n|clearpoke\n|poke|p1|Chien-Pao, L50|\n|poke|p1|Amoonguss, L50, F|\n|poke|p1|Iron Hands, L50|\n|poke|p1|Landorus-Therian, L50, M|\n|poke|p1|Heatran, L50, M|\n|poke|p1|Urshifu-*, L50, F|\n|poke|p2|Iron Valiant, L50|\n|poke|p2|Gholdengo, L50|\n|poke|p2|Ogerpon-Wellspring, L50, F|\n|poke|p2|Rillaboom, L50, F|\n|poke|p2|Heatran, L50, F|\n|poke|p2|Ninetales-Alola, L50, M|\n|teampreview|4\n|inactive|Battle timer is ON: inactive players will automatically lose when time's up. (requested by LameLiarLeo)\niPetBigfoot has agreed to open team sheets.\nLameLiarLeo has agreed to open team sheets.\n|showteam|p1|Chien-Pao||FocusSash|SwordofRuin|IcicleCrash,Crunch,SuckerPunch,Protect||||||50|,,,,,Ghost]Amoonguss||SitrusBerry|Regenerator|PollenPuff,Spore,RagePowder,Protect|||F|||50|,,,,,Water]Iron Hands||AssaultVest|QuarkDrive|FakeOut,DrainPunch,WildCharge,HeavySlam||||||50|,,,,,Grass]Landorus-Therian||ChoiceScarf|Intimidate|StompingTantrum,TeraBlast,RockSlide,Uturn|||M|||50|,,,,,Flying]Heatran||Leftovers|FlashFire|HeatWave,EarthPower,Substitute,Protect|||M|||50|,,,,,Grass]Urshifu-Rapid-Strike||MysticWater|UnseenFist|SurgingStrikes,CloseCombat,AquaJet,Detect|||F|||50|,,,,,Water\n|showteam|p2|Iron Valiant||BoosterEnergy|QuarkDrive|CloseCombat,Moonblast,Encore,Disable||||||50|,,,,,Ghost]Gholdengo||Leftovers|GoodasGold|MakeItRain,ShadowBall,NastyPlot,Protect||||||50|,,,,,Dragon]Ogerpon-Wellspring||WellspringMask|WaterAbsorb|IvyCudgel,HornLeech,FollowMe,SpikyShield|||F|||50|,,,,,Water]Rillaboom||AssaultVest|GrassySurge|FakeOut,WoodHammer,GrassyGlide,Uturn|||F|||50|,,,,,Fire]Heatran||LifeOrb|FlashFire|HeatWave,TeraBlast,EarthPower,Protect|||F|||50|,,,,,Fairy]Ninetales-Alola||SitrusBerry|SnowWarning|Blizzard,IcyWind,AuroraVeil,Protect|||M|||50|,,,,,Fire\n|inactive|iPetBigfoot has 30 seconds left.\n|inactive|iPetBigfoot has 20 seconds left.\n|inactive|iPetBigfoot has 15 seconds left.\n|inactive|iPetBigfoot has 10 seconds left.\n|c|\u2606iPetBigfoot|can we stop timer\n|inactiveoff|Battle timer is now OFF.\n|\n|t:|1700365804\n|start\n|switch|p1a: Iron Hands|Iron Hands, L50|100\/100\n|switch|p1b: Amoonguss|Amoonguss, L50, F|100\/100\n|switch|p2a: Ninetales|Ninetales-Alola, L50, M|100\/100\n|switch|p2b: Ogerpon|Ogerpon-Wellspring, L50, F|100\/100\n|-weather|Snow|[from] ability: Snow Warning|[of] p2a: Ninetales\n|turn|1\n|\n|t:|1700365840\n|move|p2a: Ninetales|Protect|p2a: Ninetales\n|-singleturn|p2a: Ninetales|Protect\n|move|p2b: Ogerpon|Spiky Shield|p2b: Ogerpon\n|-singleturn|p2b: Ogerpon|move: Protect\n|move|p1a: Iron Hands|Fake Out|p2a: Ninetales\n|-activate|p2a: Ninetales|move: Protect\n|move|p1b: Amoonguss|Rage Powder|p1b: Amoonguss\n|-singleturn|p1b: Amoonguss|move: Rage Powder\n|\n|-weather|Snow|[upkeep]\n|upkeep\n|turn|2\n|\n|t:|1700365878\n|move|p2b: Ogerpon|Follow Me|p2b: Ogerpon\n|-singleturn|p2b: Ogerpon|move: Follow Me\n|move|p2a: Ninetales|Aurora Veil|p2a: Ninetales\n|-sidestart|p2: LameLiarLeo|move: Aurora Veil\n|move|p1a: Iron Hands|Wild Charge|p2b: Ogerpon\n|-damage|p2b: Ogerpon|68\/100\n|-damage|p1a: Iron Hands|94\/100|[from] Recoil\n|move|p1b: Amoonguss|Pollen Puff|p2b: Ogerpon\n|-supereffective|p2b: Ogerpon\n|-damage|p2b: Ogerpon|46\/100\n|\n|-weather|Snow|[upkeep]\n|upkeep\n|turn|3\n|\n|t:|1700365938\n|move|p1b: Amoonguss|Protect|p1b: Amoonguss\n|-singleturn|p1b: Amoonguss|Protect\n|move|p2a: Ninetales|Blizzard|p1a: Iron Hands|[spread] p1a\n|-activate|p1b: Amoonguss|move: Protect\n|-damage|p1a: Iron Hands|80\/100\n|move|p2b: Ogerpon|Horn Leech|p1a: Iron Hands\n|-damage|p1a: Iron Hands|48\/100\n|-heal|p2b: Ogerpon|66\/100|[from] drain|[of] p1a: Iron Hands\n|move|p1a: Iron Hands|Heavy Slam|p2a: Ninetales\n|-supereffective|p2a: Ninetales\n|-crit|p2a: Ninetales\n|-damage|p2a: Ninetales|0 fnt\n|faint|p2a: Ninetales\n|\n|-weather|Snow|[upkeep]\n|upkeep\n|c|\u2606LameLiarLeo|Crit rip\n|\n|t:|1700365971\n|switch|p2a: Heatran|Heatran, L50, F|100\/100\n|turn|4\n|\n|t:|1700366008\n|switch|p1b: Heatran|Heatran, L50, M|100\/100\n|move|p2a: Heatran|Protect|p2a: Heatran\n|-singleturn|p2a: Heatran|Protect\n|move|p2b: Ogerpon|Horn Leech|p1a: Iron Hands\n|-damage|p1a: Iron Hands|16\/100\n|-heal|p2b: Ogerpon|86\/100|[from] drain|[of] p1a: Iron Hands\n|move|p1a: Iron Hands|Drain Punch|p2a: Heatran\n|-activate|p2a: Heatran|move: Protect\n|\n|-weather|Snow|[upkeep]\n|upkeep\n|turn|5\n|\n|t:|1700366067\n|-terastallize|p2a: Heatran|Fairy\n|-terastallize|p1b: Heatran|Grass\n|move|p2b: Ogerpon|Ivy Cudgel|p1b: Heatran|[anim] Ivy Cudgel Water\n|-resisted|p1b: Heatran\n|-damage|p1b: Heatran|76\/100\n|move|p2a: Heatran|Earth Power|p1a: Iron Hands\n|-supereffective|p1a: Iron Hands\n|-damage|p1a: Iron Hands|0 fnt\n|faint|p1a: Iron Hands\n|-end|p1a: Iron Hands|Quark Drive|[silent]\n|-damage|p2a: Heatran|91\/100|[from] item: Life Orb\n|move|p1b: Heatran|Heat Wave|p2a: Heatran|[spread] p2b\n|-start|p2a: Heatran|ability: Flash Fire\n|-damage|p2b: Ogerpon|64\/100\n|\n|-weather|none\n|-heal|p1b: Heatran|81\/100|[from] item: Leftovers\n|upkeep\n|\n|t:|1700366086\n|switch|p1a: Chien-Pao|Chien-Pao, L50|100\/100\n|-ability|p1a: Chien-Pao|Sword of Ruin\n|turn|6\n|\n|t:|1700366099\n|move|p1a: Chien-Pao|Protect|p1a: Chien-Pao\n|-singleturn|p1a: Chien-Pao|Protect\n|move|p2b: Ogerpon|Horn Leech|p1a: Chien-Pao\n|-activate|p1a: Chien-Pao|move: Protect\n|move|p2a: Heatran|Tera Blast|p1b: Heatran|[anim] Tera Blast Fairy\n|-damage|p1b: Heatran|35\/100\n|-damage|p2a: Heatran|81\/100|[from] item: Life Orb\n|move|p1b: Heatran|Heat Wave|p2a: Heatran|[spread] p2b\n|-immune|p2a: Heatran|[from] ability: Flash Fire\n|-damage|p2b: Ogerpon|41\/100\n|\n|-heal|p1b: Heatran|41\/100|[from] item: Leftovers\n|-sideend|p2: LameLiarLeo|move: Aurora Veil\n|upkeep\n|turn|7\n|\n|t:|1700366134\n|move|p2b: Ogerpon|Spiky Shield|p2b: Ogerpon\n|-singleturn|p2b: Ogerpon|move: Protect\n|move|p1a: Chien-Pao|Icicle Crash|p2a: Heatran|[miss]\n|-miss|p1a: Chien-Pao|p2a: Heatran\n|move|p2a: Heatran|Tera Blast|p1a: Chien-Pao|[anim] Tera Blast Fairy\n|-supereffective|p1a: Chien-Pao\n|-enditem|p1a: Chien-Pao|Focus Sash\n|-damage|p1a: Chien-Pao|1\/100\n|-damage|p2a: Heatran|72\/100|[from] item: Life Orb\n|move|p1b: Heatran|Heat Wave|p2b: Ogerpon|[spread] \n|-activate|p2b: Ogerpon|move: Protect\n|-immune|p2a: Heatran|[from] ability: Flash Fire\n|\n|-heal|p1b: Heatran|47\/100|[from] item: Leftovers\n|upkeep\n|turn|8\n|\n|t:|1700366168\n|move|p1a: Chien-Pao|Protect|p1a: Chien-Pao\n|-singleturn|p1a: Chien-Pao|Protect\n|move|p2b: Ogerpon|Follow Me|p2b: Ogerpon\n|-singleturn|p2b: Ogerpon|move: Follow Me\n|move|p2a: Heatran|Tera Blast|p1b: Heatran|[anim] Tera Blast Fairy\n|-damage|p1b: Heatran|0 fnt\n|faint|p1b: Heatran\n|-damage|p2a: Heatran|62\/100|[from] item: Life Orb\n|\n|upkeep\n|\n|t:|1700366175\n|switch|p1b: Amoonguss|Amoonguss, L50, F|100\/100\n|turn|9\n|\n|t:|1700366187\n|move|p1a: Chien-Pao|Protect||[still]\n|-fail|p1a: Chien-Pao\n|move|p2b: Ogerpon|Follow Me|p2b: Ogerpon\n|-singleturn|p2b: Ogerpon|move: Follow Me\n|move|p2a: Heatran|Heat Wave|p1b: Amoonguss|[spread] p1a,p1b\n|-supereffective|p1a: Chien-Pao\n|-supereffective|p1b: Amoonguss\n|-damage|p1a: Chien-Pao|0 fnt\n|-damage|p1b: Amoonguss|0 fnt\n|faint|p1a: Chien-Pao\n|faint|p1b: Amoonguss\n|-damage|p2a: Heatran|53\/100|[from] item: Life Orb\n|\n|win|LameLiarLeo\n|c|\u2606LameLiarLeo|gg, wp\n|l|\u2606iPetBigfoot\n","uploadtime":1700366300,"views":12,"p1id":"ipetbigfoot","p2id":"lameliarleo","formatid":"gen9vgc2023regulatione","rating":0,"private":0,"password":""}