{"id":"gen9vgc2023regulatione-1988553069","p1":"oluqy","p2":"mang0","format":"[Gen 9] VGC 2023 Regulation E","log":"|j|\u2606oluqy\n|j|\u2606mang0\n|n|\u2606oluqy|oluqy\n|n|\u2606mang0|mang0\n|html|View the match progress at <a href=\"\/game-bestof3-gen9vgc2023regulatione-1988549520\">game-bestof3-gen9vgc2023regulatione-1988549520<\/a>\n|t:|1699735369\n|gametype|doubles\n|player|p1|oluqy|pokemonrangerf-gen4|\n|player|p2|mang0|elesa|\n|teamsize|p1|6\n|teamsize|p2|6\n|gen|9\n|tier|[Gen 9] VGC 2023 Regulation E\n|rule|Species Clause: Limit one of each Pok\u00e9mon\n|rule|Item Clause: Limit one of each item\n|clearpoke\n|poke|p1|Tornadus, L50, M|\n|poke|p1|Heatran, L50, F|\n|poke|p1|Flutter Mane, L50|\n|poke|p1|Landorus-Therian, L50, M|\n|poke|p1|Amoonguss, L50, F|\n|poke|p1|Ogerpon-Wellspring, L50, F|\n|poke|p2|Clefairy, L50, M|\n|poke|p2|Kingambit, L50, M|\n|poke|p2|Ogerpon-Wellspring, L50, F|\n|poke|p2|Flutter Mane, L50|\n|poke|p2|Iron Hands, L50|\n|poke|p2|Landorus-Therian, L50, M|\n|teampreview|4\noluqy has agreed to open team sheets.\nmang0 has agreed to open team sheets.\n|showteam|p1|Tornadus||MentalHerb|Prankster|BleakwindStorm,Tailwind,SunnyDay,Protect|||M|||50|,,,,,Dark]Heatran||AssaultVest|FlashFire|HeatWave,FlashCannon,EarthPower,SolarBeam|||F|||50|,,,,,Fairy]Flutter Mane||ChoiceSpecs|Protosynthesis|DazzlingGleam,Moonblast,ShadowBall,PowerGem||||||50|,,,,,Fairy]Landorus-Therian||ChoiceScarf|Intimidate|StompingTantrum,TeraBlast,RockSlide,Uturn|||M|||50|,,,,,Flying]Amoonguss||SitrusBerry|Regenerator|Spore,PollenPuff,RagePowder,Protect|||F|||50|,,,,,Water]Ogerpon-Wellspring||WellspringMask|WaterAbsorb|IvyCudgel,HornLeech,SwordsDance,SpikyShield|||F|||50|,,,,,Water\n|showteam|p2|Clefairy||Eviolite|FriendGuard|LifeDew,HelpingHand,FollowMe,Protect|||M|||50|,,,,,Grass]Kingambit||BlackGlasses|Defiant|KowtowCleave,SuckerPunch,SwordsDance,Protect|||M|||50|,,,,,Dark]Ogerpon-Wellspring||WellspringMask|WaterAbsorb|IvyCudgel,HornLeech,FollowMe,SpikyShield|||F|||50|,,,,,Water]Flutter Mane||ChoiceSpecs|Protosynthesis|Moonblast,DazzlingGleam,ShadowBall,PerishSong||||||50|,,,,,Fairy]Iron Hands||AssaultVest|QuarkDrive|WildCharge,DrainPunch,HeavySlam,FakeOut||||||50|,,,,,Electric]Landorus-Therian||ChoiceScarf|Intimidate|StompingTantrum,RockSlide,Uturn,TeraBlast|||M|||50|,,,,,Flying\n|inactive|Battle timer is ON: inactive players will automatically lose when time's up. (requested by mang0)\n|\n|t:|1699735422\n|start\n|switch|p1a: Tornadus|Tornadus, L50, M|100\/100\n|switch|p1b: Heatran|Heatran, L50, F|100\/100\n|switch|p2a: Ogerpon|Ogerpon-Wellspring, L50, F|100\/100\n|switch|p2b: Kingambit|Kingambit, L50, M|100\/100\n|turn|1\n|inactive|oluqy has 30 seconds left.\n|inactive|mang0 has 30 seconds left.\n|\n|t:|1699735454\n|-terastallize|p2a: Ogerpon|Water\n|detailschange|p2a: Ogerpon|Ogerpon-Wellspring-Tera, L50, F, tera:Water\n|-ability|p2a: Ogerpon|Embody Aspect (Wellspring)|boost\n|-boost|p2a: Ogerpon|spd|1\n|-terastallize|p1b: Heatran|Fairy\n|move|p2b: Kingambit|Protect|p2b: Kingambit\n|-singleturn|p2b: Kingambit|Protect\n|move|p1a: Tornadus|Sunny Day|p1a: Tornadus\n|-weather|SunnyDay\n|move|p2a: Ogerpon|Ivy Cudgel|p1a: Tornadus\n|-damage|p1a: Tornadus|65\/100\n|move|p1b: Heatran|Heat Wave|p2a: Ogerpon|[spread] p2a\n|-activate|p2b: Kingambit|move: Protect\n|-resisted|p2a: Ogerpon\n|-damage|p2a: Ogerpon|80\/100\n|\n|-weather|SunnyDay|[upkeep]\n|upkeep\n|turn|2\n|inactive|oluqy has 30 seconds left.\n|inactive|mang0 has 30 seconds left.\n|inactive|mang0 has 20 seconds left.\n|inactive|mang0 has 15 seconds left.\n|\n|t:|1699735495\n|switch|p1a: Amoonguss|Amoonguss, L50, F|100\/100\n|switch|p2b: Iron Hands|Iron Hands, L50|100\/100\n|move|p2a: Ogerpon|Horn Leech|p1b: Heatran\n|-damage|p1b: Heatran|63\/100\n|-heal|p2a: Ogerpon|98\/100|[from] drain|[of] p1b: Heatran\n|move|p1b: Heatran|Solar Beam||[still]\n|-prepare|p1b: Heatran|Solar Beam\n|-anim|p1b: Heatran|Solar Beam|p2a: Ogerpon\n|-supereffective|p2a: Ogerpon\n|-damage|p2a: Ogerpon|42\/100\n|\n|-weather|SunnyDay|[upkeep]\n|upkeep\n|turn|3\n|inactive|oluqy has 30 seconds left.\n|inactive|mang0 has 30 seconds left.\n|inactive|oluqy has 20 seconds left.\n|inactive|oluqy has 15 seconds left.\n|inactive|oluqy has 10 seconds left.\n|\n|t:|1699735543\n|move|p2a: Ogerpon|Spiky Shield|p2a: Ogerpon\n|-singleturn|p2a: Ogerpon|move: Protect\n|move|p1b: Heatran|Solar Beam||[still]\n|-prepare|p1b: Heatran|Solar Beam\n|-anim|p1b: Heatran|Solar Beam|p2a: Ogerpon\n|-activate|p2a: Ogerpon|move: Protect\n|move|p2b: Iron Hands|Heavy Slam|p1b: Heatran\n|-supereffective|p1b: Heatran\n|-damage|p1b: Heatran|38\/100\n|move|p1a: Amoonguss|Pollen Puff|p1b: Heatran\n|-heal|p1b: Heatran|88\/100\n|\n|-weather|SunnyDay|[upkeep]\n|upkeep\n|turn|4\n|inactive|oluqy has 30 seconds left.\n|inactive|mang0 has 30 seconds left.\n|\n|t:|1699735574\n|move|p2a: Ogerpon|Horn Leech|p1b: Heatran\n|-damage|p1b: Heatran|52\/100\n|-heal|p2a: Ogerpon|59\/100|[from] drain|[of] p1b: Heatran\n|move|p1b: Heatran|Heat Wave|p2a: Ogerpon|[spread] p2a,p2b\n|-resisted|p2a: Ogerpon\n|-damage|p2a: Ogerpon|38\/100\n|-damage|p2b: Iron Hands|65\/100\n|move|p2b: Iron Hands|Wild Charge|p1b: Heatran\n|-damage|p1b: Heatran|6\/100\n|-damage|p2b: Iron Hands|56\/100|[from] Recoil\n|move|p1a: Amoonguss|Spore|p2b: Iron Hands\n|-status|p2b: Iron Hands|slp|[from] move: Spore\n|\n|-weather|SunnyDay|[upkeep]\n|upkeep\n|turn|5\n|inactive|mang0 has 30 seconds left.\n|inactive|mang0 has 20 seconds left.\n|\n|t:|1699735613\n|move|p1a: Amoonguss|Rage Powder|p1a: Amoonguss\n|-singleturn|p1a: Amoonguss|move: Rage Powder\n|move|p2a: Ogerpon|Ivy Cudgel|p1a: Amoonguss\n|-resisted|p1a: Amoonguss\n|-damage|p1a: Amoonguss|87\/100\n|move|p1b: Heatran|Heat Wave|p2a: Ogerpon|[spread] p2a,p2b\n|-resisted|p2a: Ogerpon\n|-damage|p2a: Ogerpon|18\/100\n|-damage|p2b: Iron Hands|20\/100 slp\n|cant|p2b: Iron Hands|slp\n|\n|-weather|none\n|upkeep\n|turn|6\n|inactive|oluqy has 30 seconds left.\n|\n|t:|1699735648\n|move|p1a: Amoonguss|Rage Powder|p1a: Amoonguss\n|-singleturn|p1a: Amoonguss|move: Rage Powder\n|move|p2a: Ogerpon|Horn Leech|p1a: Amoonguss\n|-resisted|p1a: Amoonguss\n|-damage|p1a: Amoonguss|79\/100\n|-heal|p2a: Ogerpon|22\/100|[from] drain|[of] p1a: Amoonguss\n|move|p1b: Heatran|Earth Power|p2b: Iron Hands\n|-supereffective|p2b: Iron Hands\n|-damage|p2b: Iron Hands|0 fnt\n|faint|p2b: Iron Hands\n|-end|p2b: Iron Hands|Quark Drive|[silent]\n|\n|upkeep\n|inactive|mang0 has 30 seconds left.\n|\n|t:|1699735678\n|switch|p2b: Flutter Mane|Flutter Mane, L50|100\/100\n|turn|7\n|\n|t:|1699735699\n|move|p2b: Flutter Mane|Dazzling Gleam|p1b: Heatran|[spread] p1a,p1b\n|-resisted|p1a: Amoonguss\n|-damage|p1a: Amoonguss|59\/100\n|-damage|p1b: Heatran|0 fnt\n|faint|p1b: Heatran\n|move|p2a: Ogerpon|Ivy Cudgel|p1a: Amoonguss\n|-resisted|p1a: Amoonguss\n|-damage|p1a: Amoonguss|33\/100\n|-enditem|p1a: Amoonguss|Sitrus Berry|[eat]\n|-heal|p1a: Amoonguss|58\/100|[from] item: Sitrus Berry\n|move|p1a: Amoonguss|Spore|p2b: Flutter Mane\n|-status|p2b: Flutter Mane|slp|[from] move: Spore\n|\n|upkeep\n|\n|t:|1699735709\n|switch|p1b: Flutter Mane|Flutter Mane, L50|100\/100\n|turn|8\n|inactive|oluqy has 30 seconds left.\n|\n|t:|1699735737\n|move|p1a: Amoonguss|Rage Powder|p1a: Amoonguss\n|-singleturn|p1a: Amoonguss|move: Rage Powder\n|cant|p2b: Flutter Mane|slp\n|move|p1b: Flutter Mane|Dazzling Gleam|p2b: Flutter Mane|[spread] p2a,p2b\n|-damage|p2a: Ogerpon|0 fnt\n|-damage|p2b: Flutter Mane|55\/100 slp\n|faint|p2a: Ogerpon\n|\n|upkeep\n|\n|t:|1699735746\n|switch|p2a: Kingambit|Kingambit, L50, M|100\/100\n|turn|9\n|\n|t:|1699735759\n|-end|p1b: Flutter Mane|Protosynthesis|[silent]\n|switch|p1b: Tornadus|Tornadus, L50, M|65\/100\n|cant|p2b: Flutter Mane|slp\n|move|p2a: Kingambit|Kowtow Cleave|p1b: Tornadus\n|-damage|p1b: Tornadus|2\/100\n|move|p1a: Amoonguss|Spore|p2a: Kingambit\n|-status|p2a: Kingambit|slp|[from] move: Spore\n|\n|upkeep\n|turn|10\n|\n|t:|1699735772\n|switch|p1b: Flutter Mane|Flutter Mane, L50|100\/100\n|-curestatus|p2b: Flutter Mane|slp|[msg]\n|move|p2b: Flutter Mane|Dazzling Gleam|p1a: Amoonguss|[spread] p1a,p1b\n|-resisted|p1a: Amoonguss\n|-damage|p1a: Amoonguss|38\/100\n|-damage|p1b: Flutter Mane|59\/100\n|cant|p2a: Kingambit|slp\n|move|p1a: Amoonguss|Pollen Puff|p1b: Flutter Mane\n|-heal|p1b: Flutter Mane|100\/100\n|\n|upkeep\n|turn|11\n|\n|t:|1699735793\n|move|p1a: Amoonguss|Rage Powder|p1a: Amoonguss\n|-singleturn|p1a: Amoonguss|move: Rage Powder\n|cant|p2a: Kingambit|slp\n|move|p2b: Flutter Mane|Dazzling Gleam|p1b: Flutter Mane|[spread] p1a,p1b\n|-resisted|p1a: Amoonguss\n|-damage|p1a: Amoonguss|21\/100\n|-damage|p1b: Flutter Mane|60\/100\n|move|p1b: Flutter Mane|Moonblast|p2b: Flutter Mane\n|-damage|p2b: Flutter Mane|0 fnt\n|faint|p2b: Flutter Mane\n|-end|p2b: Flutter Mane|Protosynthesis|[silent]\n|\n|upkeep\n|turn|12\n|inactive|oluqy has 30 seconds left.\n|inactive|oluqy has 20 seconds left.\n|inactive|oluqy has 15 seconds left.\n|\n|t:|1699735836\n|move|p1a: Amoonguss|Protect|p1a: Amoonguss\n|-singleturn|p1a: Amoonguss|Protect\n|move|p1b: Flutter Mane|Moonblast|p2a: Kingambit\n|-damage|p2a: Kingambit|26\/100 slp\n|-unboost|p2a: Kingambit|spa|1\n|-ability|p2a: Kingambit|Defiant|boost\n|-boost|p2a: Kingambit|atk|2\n|-curestatus|p2a: Kingambit|slp|[msg]\n|move|p2a: Kingambit|Kowtow Cleave|p1b: Flutter Mane\n|-damage|p1b: Flutter Mane|0 fnt\n|faint|p1b: Flutter Mane\n|-end|p1b: Flutter Mane|Protosynthesis|[silent]\n|\n|upkeep\n|\n|t:|1699735848\n|switch|p1b: Tornadus|Tornadus, L50, M|2\/100\n|turn|13\n|\n|t:|1699735870\n|move|p1b: Tornadus|Bleakwind Storm|p2a: Kingambit\n|-resisted|p2a: Kingambit\n|-damage|p2a: Kingambit|5\/100\n|move|p2a: Kingambit|Kowtow Cleave|p1a: Amoonguss\n|-damage|p1a: Amoonguss|0 fnt\n|faint|p1a: Amoonguss\n|\n|upkeep\n|turn|14\n|inactive|oluqy has 30 seconds left.\n|\n|t:|1699735897\n|move|p1b: Tornadus|Protect|p1b: Tornadus\n|-singleturn|p1b: Tornadus|Protect\n|move|p2a: Kingambit|Sucker Punch||[still]\n|-fail|p2a: Kingambit\n|\n|upkeep\n|turn|15\n|\n|t:|1699735908\n|move|p1b: Tornadus|Protect||[still]\n|-fail|p1b: Tornadus\n|move|p2a: Kingambit|Sucker Punch||[still]\n|-fail|p2a: Kingambit\n|\n|upkeep\n|turn|16\n|\n|t:|1699735918\n|move|p1b: Tornadus|Protect|p1b: Tornadus\n|-singleturn|p1b: Tornadus|Protect\n|move|p2a: Kingambit|Protect||[still]\n|-fail|p2a: Kingambit\n|\n|upkeep\n|turn|17\n|\n|t:|1699735940\n|move|p1b: Tornadus|Protect||[still]\n|-fail|p1b: Tornadus\n|move|p2a: Kingambit|Sucker Punch||[still]\n|-fail|p2a: Kingambit\n|\n|upkeep\n|turn|18\n|inactive|oluqy has 30 seconds left.\n|\n|t:|1699735947\n|move|p2a: Kingambit|Protect|p2a: Kingambit\n|-singleturn|p2a: Kingambit|Protect\n|move|p1b: Tornadus|Bleakwind Storm|p2a: Kingambit\n|-activate|p2a: Kingambit|move: Protect\n|\n|upkeep\n|turn|19\n|inactive|oluqy has 30 seconds left this turn.\n|inactive|oluqy has 20 seconds left.\n|inactive|oluqy has 15 seconds left.\n|\n|t:|1699735965\n|move|p2a: Kingambit|Sucker Punch|p1b: Tornadus\n|-damage|p1b: Tornadus|0 fnt\n|faint|p1b: Tornadus\n|\n|win|mang0\n|inactive|oluqy has 15 seconds left this turn.\n|c|&|\/uhtml prompt-oluqy,oluqy is ready for game 3!\n|c|&|\/uhtml prompt-mang0,mang0 is ready for game 3!\nBoth players are ready! Starting next match!\n|l|\u2606mang0\n","uploadtime":1699736318,"views":15,"p1id":"oluqy","p2id":"mang0","formatid":"gen9vgc2023regulatione","rating":0,"private":0,"password":""}