{"id":"gen9vgc2023regulatione-1993136148","p1":"Richie tenenbaum","p2":"Saucey 8oi","format":"[Gen 9] VGC 2023 Regulation E","log":"|j|\u2606Richie tenenbaum\n|j|\u2606Saucey 8oi\n|t:|1700269045\n|gametype|doubles\n|player|p1|Richie tenenbaum|morty|1338\n|player|p2|Saucey 8oi|riley|1420\n|teamsize|p1|6\n|teamsize|p2|6\n|gen|9\n|tier|[Gen 9] VGC 2023 Regulation E\n|rated|\n|rule|Species Clause: Limit one of each Pok\u00e9mon\n|rule|Item Clause: Limit one of each item\n|clearpoke\n|poke|p1|Torkoal, L50, F|\n|poke|p1|Maushold, L50|\n|poke|p1|Bruxish, L50, F|\n|poke|p1|Urshifu-*, L50, M|\n|poke|p1|Cresselia, L50, F|\n|poke|p1|Ursaluna, L50, M|\n|poke|p2|Annihilape, L50, F|\n|poke|p2|Arcanine-Hisui, L50, F|\n|poke|p2|Cresselia, L50, F|\n|poke|p2|Tornadus, L50, M|\n|poke|p2|Gyarados, L50, F|\n|poke|p2|Gholdengo, L50|\n|teampreview|4\n|inactive|Battle timer is ON: inactive players will automatically lose when time's up. (requested by Saucey 8oi)\n|\n|t:|1700269075\n|start\n|switch|p1a: WHERE\u2019S DAVE?|Maushold, L50|100\/100\n|switch|p1b: Pout Pout|Bruxish, L50, F|100\/100\n|switch|p2a: Gyarados|Gyarados, L50, F, shiny|100\/100\n|switch|p2b: Annihilape|Annihilape, L50, F, shiny|100\/100\n|-ability|p2a: Gyarados|Intimidate|boost\n|-unboost|p1a: WHERE\u2019S DAVE?|atk|1\n|-unboost|p1b: Pout Pout|atk|1\n|turn|1\n|\n|t:|1700269087\n|switch|p2b: Arcanine|Arcanine-Hisui, L50, F|100\/100\n|-ability|p2b: Arcanine|Intimidate|boost\n|-unboost|p1a: WHERE\u2019S DAVE?|atk|1\n|-unboost|p1b: Pout Pout|atk|1\n|move|p1a: WHERE\u2019S DAVE?|Follow Me|p1a: WHERE\u2019S DAVE?\n|-singleturn|p1a: WHERE\u2019S DAVE?|move: Follow Me\n|move|p2a: Gyarados|Thunder Wave|p1a: WHERE\u2019S DAVE?|[miss]\n|-miss|p2a: Gyarados|p1a: WHERE\u2019S DAVE?\n|move|p1b: Pout Pout|Trick Room|p1b: Pout Pout\n|-fieldstart|move: Trick Room|[of] p1b: Pout Pout\n|\n|upkeep\n|turn|2\n|inactive|Saucey 8oi has 30 seconds left.\n|\n|t:|1700269114\n|switch|p1b: Bam|Urshifu, L50, M|100\/100\n|switch|p2b: Annihilape|Annihilape, L50, F, shiny|100\/100\n|move|p2a: Gyarados|Taunt|p1a: WHERE\u2019S DAVE?\n|-start|p1a: WHERE\u2019S DAVE?|move: Taunt\n|cant|p1a: WHERE\u2019S DAVE?|move: Taunt|Taunt\n|\n|upkeep\n|turn|3\n|\n|t:|1700269130\n|-terastallize|p1b: Bam|Dark\n|move|p1b: Bam|Wicked Blow|p2b: Annihilape\n|-crit|p2b: Annihilape\n|-damage|p2b: Annihilape|0 fnt\n|faint|p2b: Annihilape\n|-damage|p1b: Bam|91\/100|[from] item: Life Orb\n|move|p2a: Gyarados|Thunder Wave|p1b: Bam\n|-status|p1b: Bam|par\n|move|p1a: WHERE\u2019S DAVE?|Population Bomb|p2a: Gyarados\n|-damage|p2a: Gyarados|95\/100\n|-damage|p2a: Gyarados|89\/100\n|-damage|p2a: Gyarados|83\/100\n|-damage|p2a: Gyarados|77\/100\n|-damage|p2a: Gyarados|70\/100\n|-damage|p2a: Gyarados|64\/100\n|-damage|p2a: Gyarados|59\/100\n|-damage|p2a: Gyarados|53\/100\n|-damage|p2a: Gyarados|47\/100\n|-enditem|p2a: Gyarados|Sitrus Berry|[eat]\n|-heal|p2a: Gyarados|72\/100|[from] item: Sitrus Berry\n|-damage|p2a: Gyarados|66\/100\n|-hitcount|p2a: Gyarados|10\n|\n|upkeep\n|\n|t:|1700269144\n|switch|p2b: Arcanine|Arcanine-Hisui, L50, F|100\/100\n|-ability|p2b: Arcanine|Intimidate|boost\n|-unboost|p1a: WHERE\u2019S DAVE?|atk|1\n|-unboost|p1b: Bam|atk|1\n|turn|4\n|\n|t:|1700269158\n|switch|p1a: Pout Pout|Bruxish, L50, F|100\/100\n|-terastallize|p2b: Arcanine|Normal\n|move|p2b: Arcanine|Extreme Speed||[still]\n|cant|p1a: Pout Pout|ability: Dazzling|Extreme Speed|[of] p2b: Arcanine\n|move|p1b: Bam|Wicked Blow|p2a: Gyarados\n|-crit|p2a: Gyarados\n|-damage|p2a: Gyarados|0 fnt\n|faint|p2a: Gyarados\n|-damage|p1b: Bam|81\/100 par|[from] item: Life Orb\n|\n|upkeep\n|\n|t:|1700269167\n|switch|p2a: Gholdengo|Gholdengo, L50|100\/100\n|turn|5\n|\n|t:|1700269176\n|move|p2b: Arcanine|Extreme Speed||[still]\n|cant|p1a: Pout Pout|ability: Dazzling|Extreme Speed|[of] p2b: Arcanine\n|move|p1b: Bam|Wicked Blow|p2a: Gholdengo\n|-supereffective|p2a: Gholdengo\n|-crit|p2a: Gholdengo\n|-damage|p2a: Gholdengo|0 fnt\n|faint|p2a: Gholdengo\n|-damage|p1b: Bam|72\/100 par|[from] item: Life Orb\n|move|p1a: Pout Pout|Psychic Fangs|p2b: Arcanine\n|-damage|p2b: Arcanine|60\/100\n|\n|-fieldend|move: Trick Room\n|upkeep\n|turn|6\n|-message|Saucey 8oi forfeited.\n|\n|win|Richie tenenbaum\n|raw|Richie tenenbaum's rating: 1338 &rarr; <strong>1363<\/strong><br \/>(+25 for winning)\n|raw|Saucey 8oi's rating: 1420 &rarr; <strong>1395<\/strong><br \/>(-25 for losing)\n|l|\u2606Saucey 8oi\n","uploadtime":1700269292,"views":9,"p1id":"richietenenbaum","p2id":"saucey8oi","formatid":"gen9vgc2023regulatione","rating":1363,"private":0,"password":""}