{"id":"gen9vgc2023regulatione-1991568685","p1":"Jard13255","p2":"Sad_Hurtbox","format":"[Gen 9] VGC 2023 Regulation E","log":"|j|\u2606Jard13255\n|j|\u2606Sad_Hurtbox\n|t:|1700089311\n|gametype|doubles\n|player|p1|Jard13255|psychic-gen4|1109\n|player|p2|Sad_Hurtbox|265|1116\n|teamsize|p1|6\n|teamsize|p2|6\n|gen|9\n|tier|[Gen 9] VGC 2023 Regulation E\n|rated|\n|rule|Species Clause: Limit one of each Pok\u00e9mon\n|rule|Item Clause: Limit one of each item\n|clearpoke\n|poke|p1|Gyarados, L50, F|\n|poke|p1|Garganacl, L50, M|\n|poke|p1|Sinistcha, L50|\n|poke|p1|Iron Hands, L50|\n|poke|p1|Grimmsnarl, L50, M|\n|poke|p1|Glimmora, L50, M|\n|poke|p2|Kommo-o, L50, F|\n|poke|p2|Sinistcha-Masterpiece, L50|\n|poke|p2|Palafin, L50, M|\n|poke|p2|Salamence, L50, M|\n|poke|p2|Gholdengo, L50|\n|poke|p2|Glastrier, L50|\n|teampreview|4\nJard13255 has agreed to open team sheets.\n|inactive|Battle timer is ON: inactive players will automatically lose when time's up. (requested by Jard13255)\n|\n|t:|1700089355\n|start\n|switch|p1a: Glimmora|Glimmora, L50, M|100\/100\n|switch|p1b: Grimmsnarl|Grimmsnarl, L50, M|100\/100\n|switch|p2a: Gholdengo|Gholdengo, L50|100\/100\n|switch|p2b: Palafin|Palafin, L50, M|100\/100\n|turn|1\n|\n|t:|1700089372\n|-terastallize|p1a: Glimmora|Grass\n|move|p2b: Palafin|Flip Turn|p1a: Glimmora\n|-resisted|p1a: Glimmora\n|-crit|p1a: Glimmora\n|-damage|p1a: Glimmora|85\/100\n|-activate|p1a: Glimmora|ability: Toxic Debris\n|-sidestart|p2: Sad_Hurtbox|move: Toxic Spikes\n|\n|t:|1700089382\n|detailschange|p2b: Palafin|Palafin-Hero, L50, M\n|switch|p2b: Sinistcha|Sinistcha-Masterpiece, L50|100\/100|[from] Flip Turn\n|-status|p2b: Sinistcha|psn\n|move|p1a: Glimmora|Earth Power|p2a: Gholdengo\n|-supereffective|p2a: Gholdengo\n|-damage|p2a: Gholdengo|29\/100\n|move|p2a: Gholdengo|Make It Rain|p1b: Grimmsnarl|[spread] p1a,p1b\n|-supereffective|p1b: Grimmsnarl\n|-damage|p1a: Glimmora|39\/100\n|-damage|p1b: Grimmsnarl|0 fnt\n|-unboost|p2a: Gholdengo|spa|1\n|faint|p1b: Grimmsnarl\n|\n|-damage|p2b: Sinistcha|88\/100 psn|[from] psn\n|upkeep\n|\n|t:|1700089403\n|switch|p1b: Sinistcha|Sinistcha, L50|100\/100\n|-heal|p1a: Glimmora|64\/100|[from] ability: Hospitality|[of] p1b: Sinistcha\n|turn|2\n|\n|t:|1700089422\n|move|p1a: Glimmora|Earth Power|p2a: Gholdengo\n|-supereffective|p2a: Gholdengo\n|-damage|p2a: Gholdengo|0 fnt\n|faint|p2a: Gholdengo\n|move|p1b: Sinistcha|Hex|p2b: Sinistcha\n|-supereffective|p2b: Sinistcha\n|-damage|p2b: Sinistcha|0 fnt\n|faint|p2b: Sinistcha\n|\n|upkeep\n|\n|t:|1700089432\n|switch|p2a: Palafin|Palafin-Hero, L50, M|100\/100\n|switch|p2b: Glastrier|Glastrier, L50|100\/100\n|-status|p2a: Palafin|psn\n|-activate|p2a: Palafin|ability: Zero to Hero\n|-status|p2b: Glastrier|psn\n|turn|3\n|inactive|Sad_Hurtbox has 30 seconds left.\n|\n|t:|1700089460\n|switch|p1a: Gyarados|Gyarados, L50, F|100\/100\n|-ability|p1a: Gyarados|Intimidate|boost\n|-unboost|p2a: Palafin|atk|1\n|-unboost|p2b: Glastrier|atk|1\n|move|p1b: Sinistcha|Protect|p1b: Sinistcha\n|-singleturn|p1b: Sinistcha|Protect\n|move|p2a: Palafin|Ice Punch|p1b: Sinistcha\n|-activate|p1b: Sinistcha|move: Protect\n|move|p2b: Glastrier|Icicle Crash|p1a: Gyarados\n|-damage|p1a: Gyarados|66\/100\n|\n|-damage|p2a: Palafin|88\/100 psn|[from] psn\n|-damage|p2b: Glastrier|88\/100 psn|[from] psn\n|upkeep\n|turn|4\n|\n|t:|1700089484\n|move|p2a: Palafin|Ice Punch|p1b: Sinistcha\n|-supereffective|p1b: Sinistcha\n|-damage|p1b: Sinistcha|63\/100\n|-damage|p2a: Palafin|72\/100 psn|[from] item: Rocky Helmet|[of] p1b: Sinistcha\n|move|p1a: Gyarados|Waterfall|p2b: Glastrier\n|-damage|p2b: Glastrier|61\/100 psn\n|move|p1b: Sinistcha|Strength Sap|p2a: Palafin\n|-unboost|p2a: Palafin|atk|1\n|-heal|p1b: Sinistcha|100\/100\n|move|p2b: Glastrier|Icicle Crash|p1b: Sinistcha\n|-supereffective|p1b: Sinistcha\n|-damage|p1b: Sinistcha|29\/100\n|\n|-damage|p2a: Palafin|60\/100 psn|[from] psn\n|-damage|p2b: Glastrier|49\/100 psn|[from] psn\n|upkeep\n|turn|5\n|inactive|Jard13255 has 30 seconds left.\n|inactive|Sad_Hurtbox has 30 seconds left.\n|\n|t:|1700089512\n|move|p2a: Palafin|Ice Punch|p1a: Gyarados\n|-damage|p1a: Gyarados|51\/100\n|move|p1a: Gyarados|Waterfall|p2b: Glastrier\n|-damage|p2b: Glastrier|23\/100 psn\n|move|p1b: Sinistcha|Strength Sap|p2b: Glastrier\n|-unboost|p2b: Glastrier|atk|1\n|-heal|p1b: Sinistcha|100\/100\n|move|p2b: Glastrier|Icicle Crash|p1a: Gyarados\n|-damage|p1a: Gyarados|24\/100\n|-enditem|p1a: Gyarados|Aguav Berry|[eat]\n|-heal|p1a: Gyarados|57\/100|[from] item: Aguav Berry\n|\n|-damage|p2a: Palafin|48\/100 psn|[from] psn\n|-damage|p2b: Glastrier|11\/100 psn|[from] psn\n|upkeep\n|turn|6\n|-message|Sad_Hurtbox forfeited.\n|\n|win|Jard13255\n|raw|Jard13255's rating: 1109 &rarr; <strong>1135<\/strong><br \/>(+26 for winning)\n|raw|Sad_Hurtbox's rating: 1116 &rarr; <strong>1090<\/strong><br \/>(-26 for losing)\n|l|\u2606Sad_Hurtbox\n","uploadtime":1700089537,"views":10,"p1id":"jard13255","p2id":"sadhurtbox","formatid":"gen9vgc2023regulatione","rating":1090,"private":0,"password":""}