{"id":"gen9vgc2023regulatione-1996032214","p1":"kylelowry007","p2":"olivermaul","format":"[Gen 9] VGC 2023 Regulation E","log":"|j|\u2606kylelowry007\n|j|\u2606olivermaul\n|t:|1700632384\n|gametype|doubles\n|player|p1|kylelowry007|cynthia-gen4|1059\n|player|p2|olivermaul|brawly|1149\n|teamsize|p1|6\n|teamsize|p2|6\n|gen|9\n|tier|[Gen 9] VGC 2023 Regulation E\n|rated|\n|rule|Species Clause: Limit one of each Pok\u00e9mon\n|rule|Item Clause: Limit one of each item\n|clearpoke\n|poke|p1|Flutter Mane, L50|\n|poke|p1|Tatsugiri, L50, F|\n|poke|p1|Urshifu-*, L50, F|\n|poke|p1|Dragapult, L50, M|\n|poke|p1|Iron Hands, L50|\n|poke|p1|Umbreon, L50, M|\n|poke|p2|Breloom, L50, F|\n|poke|p2|Arcanine-Hisui, L50, M|\n|poke|p2|Iron Bundle, L50|\n|poke|p2|Kingambit, L50, F|\n|poke|p2|Chien-Pao, L50|\n|poke|p2|Salazzle, L50, F|\n|teampreview|4\nkylelowry007 has agreed to open team sheets.\n|\n|t:|1700632488\n|start\n|switch|p1a: Umbreon|Umbreon, L50, M|100\/100\n|switch|p1b: Dragapult|Dragapult, L50, M|100\/100\n|switch|p2a: Salazzle|Salazzle, L50, F|100\/100\n|switch|p2b: Chien-Pao|Chien-Pao, L50|100\/100\n|-ability|p2b: Chien-Pao|Sword of Ruin\n|turn|1\n|\n|t:|1700632517\n|move|p2a: Salazzle|Fake Out|p1a: Umbreon\n|-damage|p1a: Umbreon|94\/100\n|move|p2b: Chien-Pao|Sucker Punch|p1b: Dragapult\n|-supereffective|p1b: Dragapult\n|-damage|p1b: Dragapult|0 fnt\n|faint|p1b: Dragapult\n|move|p1a: Umbreon|Yawn|p2a: Salazzle\n|-start|p2a: Salazzle|move: Yawn|[of] p1a: Umbreon\n|\n|upkeep\n|\n|t:|1700632540\n|switch|p1b: Flutter Mane|Flutter Mane, L50|100\/100\n|-enditem|p1b: Flutter Mane|Booster Energy\n|-activate|p1b: Flutter Mane|ability: Protosynthesis|[fromitem]\n|-start|p1b: Flutter Mane|protosynthesisspe\n|turn|2\n|inactive|Battle timer is ON: inactive players will automatically lose when time's up. (requested by olivermaul)\n|\n|t:|1700632584\n|switch|p2a: Arcanine|Arcanine-Hisui, L50, M|100\/100\n|-ability|p2a: Arcanine|Intimidate|boost\n|-fail|p1a: Umbreon|unboost|Attack|[from] ability: Inner Focus|[of] p1a: Umbreon\n|-unboost|p1b: Flutter Mane|atk|1\n|-terastallize|p1b: Flutter Mane|Fairy\n|move|p2b: Chien-Pao|Sucker Punch|p1b: Flutter Mane\n|-resisted|p1b: Flutter Mane\n|-damage|p1b: Flutter Mane|61\/100\n|move|p1b: Flutter Mane|Moonblast|p2b: Chien-Pao\n|-supereffective|p2b: Chien-Pao\n|-enditem|p2b: Chien-Pao|Focus Sash\n|-damage|p2b: Chien-Pao|1\/100\n|move|p1a: Umbreon|Fake Tears|p2b: Chien-Pao\n|-unboost|p2b: Chien-Pao|spd|2\n|\n|upkeep\n|turn|3\n|inactive|kylelowry007 has 30 seconds left.\n|inactive|olivermaul has 30 seconds left.\n|\n|t:|1700632616\n|-end|p1b: Flutter Mane|Protosynthesis|[silent]\n|switch|p1b: Iron Hands|Iron Hands, L50, shiny|100\/100\n|move|p2b: Chien-Pao|Sacred Sword|p1a: Umbreon\n|-supereffective|p1a: Umbreon\n|-damage|p1a: Umbreon|39\/100\n|-enditem|p1a: Umbreon|Sitrus Berry|[eat]\n|-heal|p1a: Umbreon|64\/100|[from] item: Sitrus Berry\n|move|p2a: Arcanine|Rock Slide|p1b: Iron Hands|[spread] p1a,p1b\n|-resisted|p1b: Iron Hands\n|-damage|p1a: Umbreon|37\/100\n|-damage|p1b: Iron Hands|85\/100\n|move|p1a: Umbreon|Yawn|p2a: Arcanine\n|-start|p2a: Arcanine|move: Yawn|[of] p1a: Umbreon\n|\n|upkeep\n|turn|4\n|inactive|kylelowry007 has 30 seconds left.\n|\n|t:|1700632650\n|-terastallize|p2a: Arcanine|Ghost\n|move|p2b: Chien-Pao|Protect|p2b: Chien-Pao\n|-singleturn|p2b: Chien-Pao|Protect\n|move|p2a: Arcanine|Flare Blitz|p1a: Umbreon\n|-damage|p1a: Umbreon|0 fnt\n|faint|p1a: Umbreon\n|-damage|p2a: Arcanine|89\/100|[from] Recoil\n|move|p1b: Iron Hands|Bulldoze|p2a: Arcanine|[spread] p2a\n|-activate|p2b: Chien-Pao|move: Protect\n|-damage|p2a: Arcanine|66\/100\n|-unboost|p2a: Arcanine|spe|1\n|\n|-end|p2a: Arcanine|move: Yawn|[silent]\n|-status|p2a: Arcanine|slp\n|upkeep\n|\n|t:|1700632668\n|switch|p1a: Flutter Mane|Flutter Mane, L50, tera:Fairy|61\/100\n|turn|5\n|\n|t:|1700632692\n|switch|p2a: Iron Bundle|Iron Bundle, L50|100\/100\n|-enditem|p2a: Iron Bundle|Booster Energy\n|-activate|p2a: Iron Bundle|ability: Quark Drive|[fromitem]\n|-start|p2a: Iron Bundle|quarkdrivespe\n|move|p2b: Chien-Pao|Ice Spinner|p1a: Flutter Mane\n|-damage|p1a: Flutter Mane|0 fnt\n|faint|p1a: Flutter Mane\n|-end|p1a: Flutter Mane|Protosynthesis|[silent]\n|move|p1b: Iron Hands|Volt Switch|p2b: Chien-Pao\n|-damage|p2b: Chien-Pao|0 fnt\n|faint|p2b: Chien-Pao\n|\n|upkeep\n|\n|t:|1700632697\n|switch|p2b: Arcanine|Arcanine-Hisui, L50, M, tera:Ghost|66\/100 slp\n|-ability|p2b: Arcanine|Intimidate|boost\n|-unboost|p1b: Iron Hands|atk|1\n|turn|6\n|inactive|kylelowry007 has 30 seconds left.\n|\n|t:|1700632725\n|switch|p2b: Salazzle|Salazzle, L50, F|100\/100\n|move|p2a: Iron Bundle|Protect|p2a: Iron Bundle\n|-singleturn|p2a: Iron Bundle|Protect\n|move|p1b: Iron Hands|Drain Punch|p2a: Iron Bundle\n|-activate|p2a: Iron Bundle|move: Protect\n|\n|upkeep\n|turn|7\n|\n|t:|1700632741\n|-end|p2a: Iron Bundle|Quark Drive|[silent]\n|switch|p2a: Arcanine|Arcanine-Hisui, L50, M, tera:Ghost|66\/100 slp\n|-ability|p2a: Arcanine|Intimidate|boost\n|-unboost|p1b: Iron Hands|atk|1\n|move|p2b: Salazzle|Fake Out|p1b: Iron Hands\n|-damage|p1b: Iron Hands|80\/100\n|cant|p1b: Iron Hands|flinch\n|\n|upkeep\n|turn|8\n|\n|t:|1700632754\n|switch|p2a: Iron Bundle|Iron Bundle, L50|100\/100\n|move|p2b: Salazzle|Sludge Bomb|p1b: Iron Hands\n|-damage|p1b: Iron Hands|49\/100\n|-status|p1b: Iron Hands|psn\n|move|p1b: Iron Hands|Bulldoze|p2b: Salazzle|[spread] p2a,p2b\n|-supereffective|p2b: Salazzle\n|-damage|p2a: Iron Bundle|93\/100\n|-damage|p2b: Salazzle|33\/100\n|-unboost|p2a: Iron Bundle|spe|1\n|-unboost|p2b: Salazzle|spe|1\n|\n|-damage|p1b: Iron Hands|36\/100 psn|[from] psn\n|upkeep\n|turn|9\n|inactive|kylelowry007 has 30 seconds left.\n|\n|t:|1700632785\n|switch|p2b: Arcanine|Arcanine-Hisui, L50, M, tera:Ghost|66\/100 slp\n|-ability|p2b: Arcanine|Intimidate|boost\n|-unboost|p1b: Iron Hands|atk|1\n|move|p2a: Iron Bundle|Protect|p2a: Iron Bundle\n|-singleturn|p2a: Iron Bundle|Protect\n|move|p1b: Iron Hands|Drain Punch|p2a: Iron Bundle\n|-activate|p2a: Iron Bundle|move: Protect\n|\n|-damage|p1b: Iron Hands|24\/100 psn|[from] psn\n|upkeep\n|turn|10\n|\n|t:|1700632803\n|cant|p2b: Arcanine|slp\n|move|p2a: Iron Bundle|Icy Wind|p1b: Iron Hands\n|-damage|p1b: Iron Hands|7\/100 psn\n|-unboost|p1b: Iron Hands|spe|1\n|move|p1b: Iron Hands|Drain Punch|p2a: Iron Bundle\n|-supereffective|p2a: Iron Bundle\n|-damage|p2a: Iron Bundle|62\/100\n|-heal|p1b: Iron Hands|18\/100 psn|[from] drain|[of] p2a: Iron Bundle\n|\n|-damage|p1b: Iron Hands|5\/100 psn|[from] psn\n|upkeep\n|turn|11\n|inactive|kylelowry007 has 30 seconds left.\n|\n|t:|1700632836\n|-end|p2a: Iron Bundle|Quark Drive|[silent]\n|switch|p2a: Salazzle|Salazzle, L50, F|33\/100\n|cant|p2b: Arcanine|slp\n|move|p1b: Iron Hands|Drain Punch|p2a: Salazzle\n|-resisted|p2a: Salazzle\n|-damage|p2a: Salazzle|17\/100\n|-heal|p1b: Iron Hands|11\/100 psn|[from] drain|[of] p2a: Salazzle\n|\n|-damage|p1b: Iron Hands|0 fnt|[from] psn\n|faint|p1b: Iron Hands\n|-end|p1b: Iron Hands|Quark Drive|[silent]\n|\n|win|olivermaul\n|upkeep\n|raw|kylelowry007's rating: 1059 &rarr; <strong>1045<\/strong><br \/>(-14 for losing)\n|raw|olivermaul's rating: 1149 &rarr; <strong>1168<\/strong><br \/>(+19 for winning)\n","uploadtime":1700632848,"views":7,"p1id":"kylelowry007","p2id":"olivermaul","formatid":"gen9vgc2023regulatione","rating":1045,"private":0,"password":""}