{"id":"gen9vgc2023regulatione-1994505606","p1":"rYN_796","p2":"linguss","format":"[Gen 9] VGC 2023 Regulation E","log":"|j|\u2606rYN_796\n|j|\u2606linguss\n|n|\u2606rYN_796|ryn796\n|n|\u2606linguss|linguss\n|html|View the match progress at <a href=\"\/game-bestof3-gen9vgc2023regulatione-1994505605\">game-bestof3-gen9vgc2023regulatione-1994505605<\/a>\n|t:|1700451940\n|gametype|doubles\n|player|p1|rYN_796|flannery|\n|player|p2|linguss|1|\n|teamsize|p1|6\n|teamsize|p2|6\n|gen|9\n|tier|[Gen 9] VGC 2023 Regulation E\n|rule|Species Clause: Limit one of each Pok\u00e9mon\n|rule|Item Clause: Limit one of each item\n|clearpoke\n|poke|p1|Cresselia, L50, F|\n|poke|p1|Clefairy, L50, M|\n|poke|p1|Sinistcha, L50|\n|poke|p1|Ursaluna-Bloodmoon, L50, M|\n|poke|p1|Palossand, L50, F|\n|poke|p1|Bruxish, L50, F|\n|poke|p2|Okidogi, L50, M|\n|poke|p2|Ogerpon, L50, F|\n|poke|p2|Bronzong, L50|\n|poke|p2|Roaring Moon, L50|\n|poke|p2|Sableye, L50, F|\n|poke|p2|Azumarill, L50, F|\n|teampreview|4\nrYN_796 rejected open team sheets.\n|c|\u2606rYN_796|g1\n|c|\u2606rYN_796|gl\n|c|\u2606linguss|glhf\n|\n|t:|1700452013\n|start\n|switch|p1a: Bruxish|Bruxish, L50, F|100\/100\n|switch|p1b: Ursaluna|Ursaluna-Bloodmoon, L50, M|100\/100\n|switch|p2a: Croissant|Roaring Moon, L50|100\/100\n|switch|p2b: Gremlin|Sableye, L50, F|100\/100\n|-enditem|p2a: Croissant|Booster Energy\n|-activate|p2a: Croissant|ability: Protosynthesis|[fromitem]\n|-start|p2a: Croissant|protosynthesisatk\n|turn|1\n|inactive|Battle timer is ON: inactive players will automatically lose when time's up. (requested by linguss)\n|inactive|rYN_796 has 60 seconds left.\n|inactive|linguss has 60 seconds left.\n|\n|t:|1700452049\n|switch|p2b: Roronoa Zoro|Ogerpon, L50, F|100\/100\n|move|p1b: Ursaluna|Protect|p1b: Ursaluna\n|-singleturn|p1b: Ursaluna|Protect\n|move|p2a: Croissant|Taunt|p1a: Bruxish\n|-start|p1a: Bruxish|move: Taunt\n|-enditem|p1a: Bruxish|Mental Herb\n|-end|p1a: Bruxish|move: Taunt\n|move|p1a: Bruxish|Trick Room|p1a: Bruxish\n|-fieldstart|move: Trick Room|[of] p1a: Bruxish\n|\n|upkeep\n|turn|2\n|inactive|linguss has 30 seconds left.\n|inactive|linguss has 20 seconds left.\n|inactive|linguss has 15 seconds left.\n|inactive|linguss has 10 seconds left.\n|\n|t:|1700452098\n|switch|p1a: Clefairy|Clefairy, L50, M|100\/100\n|-terastallize|p1b: Ursaluna|Fairy\n|move|p2a: Croissant|Protect|p2a: Croissant\n|-singleturn|p2a: Croissant|Protect\n|move|p1b: Ursaluna|Hyper Voice|p2a: Croissant|[spread] p2b\n|-activate|p2a: Croissant|move: Protect\n|-damage|p2b: Roronoa Zoro|64\/100\n|-enditem|p1b: Ursaluna|Throat Spray\n|-boost|p1b: Ursaluna|spa|1|[from] item: Throat Spray\n|move|p2b: Roronoa Zoro|Ivy Cudgel|p1a: Clefairy\n|-damage|p1a: Clefairy|19\/100\n|-damage|p2b: Roronoa Zoro|55\/100|[from] item: Life Orb\n|\n|upkeep\n|turn|3\n|inactive|rYN_796 has 30 seconds left.\n|inactive|linguss has 30 seconds left.\n|inactive|linguss has 20 seconds left.\n|inactive|linguss has 15 seconds left.\n|\n|t:|1700452138\n|-end|p2a: Croissant|Protosynthesis|[silent]\n|switch|p2a: Gremlin|Sableye, L50, F|100\/100\n|move|p1a: Clefairy|Helping Hand|p1b: Ursaluna\n|-singleturn|p1b: Ursaluna|Helping Hand|[of] p1a: Clefairy\n|move|p1b: Ursaluna|Hyper Voice|p2a: Gremlin|[spread] p2a,p2b\n|-damage|p2a: Gremlin|0 fnt\n|-damage|p2b: Roronoa Zoro|0 fnt\n|faint|p2a: Gremlin\n|faint|p2b: Roronoa Zoro\n|\n|upkeep\n|\n|t:|1700452148\n|switch|p2a: Croissant|Roaring Moon, L50|100\/100\n|switch|p2b: Tha Dawg|Okidogi, L50, M|100\/100\n|turn|4\n|\n|t:|1700452171\n|-terastallize|p2b: Tha Dawg|Fairy\n|move|p1a: Clefairy|Protect|p1a: Clefairy\n|-singleturn|p1a: Clefairy|Protect\n|move|p1b: Ursaluna|Protect|p1b: Ursaluna\n|-singleturn|p1b: Ursaluna|Protect\n|move|p2a: Croissant|Protect|p2a: Croissant\n|-singleturn|p2a: Croissant|Protect\n|move|p2b: Tha Dawg|Poison Jab|p1b: Ursaluna\n|-activate|p1b: Ursaluna|move: Protect\n|\n|upkeep\n|turn|5\n|inactive|linguss has 30 seconds left.\n|\n|t:|1700452205\n|move|p1a: Clefairy|Helping Hand|p1b: Ursaluna\n|-singleturn|p1b: Ursaluna|Helping Hand|[of] p1a: Clefairy\n|move|p2b: Tha Dawg|Protect|p2b: Tha Dawg\n|-singleturn|p2b: Tha Dawg|Protect\n|move|p1b: Ursaluna|Blood Moon|p2b: Tha Dawg\n|-activate|p2b: Tha Dawg|move: Protect\n|move|p2a: Croissant|Acrobatics|p1a: Clefairy\n|-damage|p1a: Clefairy|0 fnt\n|faint|p1a: Clefairy\n|\n|-fieldend|move: Trick Room\n|upkeep\n|\n|t:|1700452211\n|switch|p1a: Bruxish|Bruxish, L50, F|100\/100\n|turn|6\n|\n|t:|1700452226\n|move|p2a: Croissant|Knock Off|p1a: Bruxish\n|-supereffective|p1a: Bruxish\n|-damage|p1a: Bruxish|4\/100\n|move|p2b: Tha Dawg|Poison Jab|p1b: Ursaluna\n|-supereffective|p1b: Ursaluna\n|-damage|p1b: Ursaluna|40\/100\n|-status|p1b: Ursaluna|psn\n|move|p1b: Ursaluna|Moonblast|p2a: Croissant\n|-supereffective|p2a: Croissant\n|-damage|p2a: Croissant|0 fnt\n|faint|p2a: Croissant\n|-end|p2a: Croissant|Protosynthesis|[silent]\n|move|p1a: Bruxish|Trick Room|p1a: Bruxish\n|-fieldstart|move: Trick Room|[of] p1a: Bruxish\n|\n|-damage|p1b: Ursaluna|28\/100 psn|[from] psn\n|upkeep\n|turn|7\n|\n|t:|1700452248\n|move|p2b: Tha Dawg|Protect|p2b: Tha Dawg\n|-singleturn|p2b: Tha Dawg|Protect\n|move|p1b: Ursaluna|Blood Moon|p2b: Tha Dawg\n|-activate|p2b: Tha Dawg|move: Protect\n|move|p1a: Bruxish|Psychic Fangs|p2b: Tha Dawg\n|-activate|p2b: Tha Dawg|move: Protect\n|\n|-damage|p1b: Ursaluna|16\/100 psn|[from] psn\n|upkeep\n|turn|8\n|\n|t:|1700452268\n|move|p1b: Ursaluna|Hyper Voice|p2b: Tha Dawg\n|-damage|p2b: Tha Dawg|27\/100\n|move|p1a: Bruxish|Psychic Fangs|p2b: Tha Dawg\n|-damage|p2b: Tha Dawg|2\/100\n|move|p2b: Tha Dawg|Drain Punch|p1b: Ursaluna\n|-resisted|p1b: Ursaluna\n|-damage|p1b: Ursaluna|2\/100 psn\n|-heal|p2b: Tha Dawg|10\/100|[from] drain|[of] p1b: Ursaluna\n|\n|-heal|p2b: Tha Dawg|16\/100|[from] item: Leftovers\n|-damage|p1b: Ursaluna|0 fnt|[from] psn\n|faint|p1b: Ursaluna\n|upkeep\n|\n|t:|1700452282\n|switch|p1b: Sinistcha|Sinistcha, L50|100\/100\n|-heal|p1a: Bruxish|29\/100|[from] ability: Hospitality|[of] p1b: Sinistcha\n|turn|9\n|\n|t:|1700452296\n|move|p2b: Tha Dawg|Protect|p2b: Tha Dawg\n|-singleturn|p2b: Tha Dawg|Protect\n|move|p1b: Sinistcha|Matcha Gotcha|p2b: Tha Dawg\n|-activate|p2b: Tha Dawg|move: Protect\n|move|p1a: Bruxish|Psychic Fangs|p2b: Tha Dawg\n|-activate|p2b: Tha Dawg|move: Protect\n|\n|-heal|p2b: Tha Dawg|22\/100|[from] item: Leftovers\n|upkeep\n|turn|10\n|\n|t:|1700452312\n|move|p1b: Sinistcha|Matcha Gotcha|p2b: Tha Dawg\n|-damage|p2b: Tha Dawg|0 fnt\n|faint|p2b: Tha Dawg\n|\n|win|rYN_796\n|c|&|\/uhtml prompt-linguss,linguss is ready for game 2!\n|c|&|\/uhtml prompt-ryn796,rYN_796 is ready for game 2!\nBoth players are ready! Starting next match!\n","uploadtime":1700453101,"views":26,"p1id":"ryn796","p2id":"linguss","formatid":"gen9vgc2023regulatione","rating":0,"private":0,"password":""}