{"id":"gen9vgc2023regulatione-1993148254","p1":"just sayori","p2":"TheblackGotenks","format":"[Gen 9] VGC 2023 Regulation E","log":"|j|\u2606just sayori\n|j|\u2606TheblackGotenks\n|n|\u2606just sayori|justsayori\n|n|\u2606TheblackGotenks|theblackgotenks\n|html|View the match progress at <a href=\"\/game-bestof3-gen9vgc2023regulatione-1993145308\">game-bestof3-gen9vgc2023regulatione-1993145308<\/a>\n|t:|1700270579\n|gametype|doubles\n|player|p1|just sayori|102|\n|player|p2|TheblackGotenks|ghetsis-gen5bw|\n|teamsize|p1|6\n|teamsize|p2|6\n|gen|9\n|tier|[Gen 9] VGC 2023 Regulation E\n|rule|Species Clause: Limit one of each Pok\u00e9mon\n|rule|Item Clause: Limit one of each item\n|clearpoke\n|poke|p1|Indeedee-F, L50, F|\n|poke|p1|Armarouge, L50, F|\n|poke|p1|Roaring Moon, L50|\n|poke|p1|Torkoal, L50, M|\n|poke|p1|Lilligant-Hisui, L50, F|\n|poke|p1|Sableye, L50, F|\n|poke|p2|Volcarona, L50, F|\n|poke|p2|Clefairy, L50, M|\n|poke|p2|Ting-Lu, L50|\n|poke|p2|Mienshao, L50, M|\n|poke|p2|Thundurus, L50, M|\n|poke|p2|Azumarill, L50, M|\n|teampreview|4\n|c|\u2606just sayori|there we go haha\n|c|\u2606TheblackGotenks|There we go\n|c|\u2606just sayori|hf part 2\n|c|\u2606TheblackGotenks|You too!\n|j| ShrimpTheShrimp\n|c|\u2606TheblackGotenks|Finally getting to put this vgc experience to use has been fun ngl\n|c|\u2606just sayori|same honestly, almost never play vgc\n|c|\u2606just sayori|got me shook\n|c|\u2606TheblackGotenks|Did 1 sv wifi vgc league\n|c|\u2606TheblackGotenks|Got destroyed but taught me a lot\n|j| Beauty Devon\n|\n|t:|1700270789\n|start\n|switch|p1a: Turtle Chocolate|Torkoal, L50, M|100\/100\n|switch|p1b: Fancy Pants|Lilligant-Hisui, L50, F|100\/100\n|switch|p2a: Ting-Lu|Ting-Lu, L50|100\/100\n|switch|p2b: Mienshao|Mienshao, L50, M|100\/100\n|-ability|p2a: Ting-Lu|Vessel of Ruin\n|-weather|SunnyDay|[from] ability: Drought|[of] p1a: Turtle Chocolate\n|turn|1\n|\n|t:|1700270809\n|-terastallize|p1b: Fancy Pants|Ghost\n|move|p2b: Mienshao|Fake Out|p1b: Fancy Pants\n|-immune|p1b: Fancy Pants\n|move|p1b: Fancy Pants|After You|p1a: Turtle Chocolate\n|-activate|p1a: Turtle Chocolate|move: After You\n|move|p1a: Turtle Chocolate|Eruption|p2a: Ting-Lu|[spread] p2a,p2b\n|-damage|p2a: Ting-Lu|65\/100\n|-damage|p2b: Mienshao|21\/100\n|move|p2a: Ting-Lu|Rock Slide|p1b: Fancy Pants|[spread] p1a\n|-miss|p2a: Ting-Lu|p1b: Fancy Pants\n|-supereffective|p1a: Turtle Chocolate\n|-damage|p1a: Turtle Chocolate|78\/100\n|\n|-weather|SunnyDay|[upkeep]\n|upkeep\n|turn|2\n|c|\u2606TheblackGotenks|Ooh nice\n|c|\u2606just sayori|tyty\n|\n|t:|1700270837\n|move|p2b: Mienshao|Protect|p2b: Mienshao\n|-singleturn|p2b: Mienshao|Protect\n|move|p1b: Fancy Pants|After You|p1a: Turtle Chocolate\n|-activate|p1a: Turtle Chocolate|move: After You\n|move|p1a: Turtle Chocolate|Eruption|p2a: Ting-Lu|[spread] p2a\n|-activate|p2b: Mienshao|move: Protect\n|-damage|p2a: Ting-Lu|38\/100\n|move|p2a: Ting-Lu|Fissure|p1b: Fancy Pants|[miss]\n|-miss|p2a: Ting-Lu|p1b: Fancy Pants\n|\n|-weather|SunnyDay|[upkeep]\n|upkeep\n|turn|3\n|\n|t:|1700270861\n|move|p1b: Fancy Pants|Solar Blade||[still]\n|-prepare|p1b: Fancy Pants|Solar Blade\n|-anim|p1b: Fancy Pants|Solar Blade|p2b: Mienshao\n|-damage|p2b: Mienshao|0 fnt\n|faint|p2b: Mienshao\n|move|p2a: Ting-Lu|Rock Slide|p1b: Fancy Pants|[spread] p1b\n|-miss|p2a: Ting-Lu|p1a: Turtle Chocolate\n|-damage|p1b: Fancy Pants|72\/100\n|move|p1a: Turtle Chocolate|Eruption|p2a: Ting-Lu\n|-damage|p2a: Ting-Lu|2\/100\n|\n|-weather|SunnyDay|[upkeep]\n|upkeep\n|\n|t:|1700270881\n|switch|p2b: Volcarona|Volcarona, L50, F|100\/100\n|turn|4\n|\n|t:|1700270901\n|move|p2a: Ting-Lu|Protect|p2a: Ting-Lu\n|-singleturn|p2a: Ting-Lu|Protect\n|move|p1b: Fancy Pants|Sleep Powder|p2b: Volcarona|[miss]\n|-miss|p1b: Fancy Pants|p2b: Volcarona\n|move|p2b: Volcarona|Quiver Dance|p2b: Volcarona\n|-boost|p2b: Volcarona|spa|1\n|-boost|p2b: Volcarona|spd|1\n|-boost|p2b: Volcarona|spe|1\n|move|p1a: Turtle Chocolate|Eruption|p2a: Ting-Lu|[spread] p2b\n|-activate|p2a: Ting-Lu|move: Protect\n|-damage|p2b: Volcarona|77\/100\n|\n|-weather|SunnyDay|[upkeep]\n|-heal|p2b: Volcarona|83\/100|[from] item: Leftovers\n|upkeep\n|turn|5\n|\n|t:|1700270918\n|move|p1b: Fancy Pants|Sleep Powder|p2b: Volcarona|[miss]\n|-miss|p1b: Fancy Pants|p2b: Volcarona\n|move|p2b: Volcarona|Heat Wave|p1a: Turtle Chocolate|[spread] p1a,p1b\n|-resisted|p1a: Turtle Chocolate\n|-damage|p1a: Turtle Chocolate|38\/100\n|-damage|p1b: Fancy Pants|0 fnt\n|faint|p1b: Fancy Pants\n|move|p2a: Ting-Lu|Rock Slide|p1a: Turtle Chocolate\n|-supereffective|p1a: Turtle Chocolate\n|-damage|p1a: Turtle Chocolate|10\/100\n|move|p1a: Turtle Chocolate|Heat Wave|p2a: Ting-Lu|[spread] p2a,p2b\n|-damage|p2a: Ting-Lu|0 fnt\n|-damage|p2b: Volcarona|64\/100\n|faint|p2a: Ting-Lu\n|\n|-weather|none\n|-heal|p2b: Volcarona|70\/100|[from] item: Leftovers\n|upkeep\n|c|\u2606TheblackGotenks|That is so\n|c|\u2606TheblackGotenks|Unfortunate\n|c| ShrimpTheShrimp|right play, wrong RNG\n|c|\u2606just sayori|it happens\n|\n|t:|1700270939\n|switch|p1b: Armchair GM|Armarouge, L50, F|100\/100\n|switch|p2a: Thundurus|Thundurus, L50, M|100\/100\n|turn|6\n|\n|t:|1700270958\n|move|p2a: Thundurus|Eerie Impulse|p1b: Armchair GM\n|-unboost|p1b: Armchair GM|spa|2\n|move|p2b: Volcarona|Quiver Dance|p2b: Volcarona\n|-boost|p2b: Volcarona|spa|1\n|-boost|p2b: Volcarona|spd|1\n|-boost|p2b: Volcarona|spe|1\n|move|p1a: Turtle Chocolate|Heat Wave|p2b: Volcarona|[spread] p2a,p2b\n|-damage|p2a: Thundurus|65\/100\n|-damage|p2b: Volcarona|58\/100\n|move|p1b: Armchair GM|Trick Room|p1b: Armchair GM\n|-fieldstart|move: Trick Room|[of] p1b: Armchair GM\n|\n|-heal|p2b: Volcarona|64\/100|[from] item: Leftovers\n|upkeep\n|turn|7\n|\n|t:|1700270978\n|switch|p1b: Cat|Indeedee-F, L50, F|100\/100\n|-fieldstart|move: Psychic Terrain|[from] ability: Psychic Surge|[of] p1b: Cat\n|-enditem|p1b: Cat|Psychic Seed\n|-boost|p1b: Cat|spd|1|[from] item: Psychic Seed\n|move|p1a: Turtle Chocolate|Heat Wave|p2a: Thundurus|[spread] p2a,p2b\n|-damage|p2a: Thundurus|29\/100\n|-damage|p2b: Volcarona|52\/100\n|-enditem|p2a: Thundurus|Sitrus Berry|[eat]\n|-heal|p2a: Thundurus|54\/100|[from] item: Sitrus Berry\n|move|p2a: Thundurus|Wildbolt Storm|p1b: Cat|[spread] p1b\n|-miss|p2a: Thundurus|p1a: Turtle Chocolate\n|-damage|p1b: Cat|78\/100\n|move|p2b: Volcarona|Bug Buzz|p1b: Cat\n|-supereffective|p1b: Cat\n|-damage|p1b: Cat|0 fnt\n|faint|p1b: Cat\n|\n|-heal|p2b: Volcarona|58\/100|[from] item: Leftovers\n|upkeep\n|\n|t:|1700270983\n|switch|p1b: Armchair GM|Armarouge, L50, F|100\/100\n|turn|8\n|c|\u2606TheblackGotenks|Oof these misses make up for those sleep powders lmao\n|c|\u2606just sayori|idk about that lol you still win\n|\n|t:|1700271027\n|-terastallize|p2b: Volcarona|Dark\n|move|p1a: Turtle Chocolate|Heat Wave|p2a: Thundurus|[spread] p2b\n|-miss|p1a: Turtle Chocolate|p2a: Thundurus\n|-damage|p2b: Volcarona|44\/100\n|move|p1b: Armchair GM|Armor Cannon|p2a: Thundurus\n|-damage|p2a: Thundurus|0 fnt\n|-unboost|p1b: Armchair GM|def|1\n|-unboost|p1b: Armchair GM|spd|1\n|faint|p2a: Thundurus\n|-damage|p1b: Armchair GM|91\/100|[from] item: Life Orb\n|move|p2b: Volcarona|Bug Buzz|p1b: Armchair GM\n|-damage|p1b: Armchair GM|0 fnt\n|faint|p1b: Armchair GM\n|\n|-heal|p2b: Volcarona|50\/100|[from] item: Leftovers\n|upkeep\n|turn|9\n|c| ShrimpTheShrimp|it ain't over till it's okver\n|\n|t:|1700271037\n|move|p1a: Turtle Chocolate|Heat Wave|p2b: Volcarona\n|-damage|p2b: Volcarona|33\/100\n|move|p2b: Volcarona|Bug Buzz|p1a: Turtle Chocolate\n|-resisted|p1a: Turtle Chocolate\n|-damage|p1a: Turtle Chocolate|0 fnt\n|faint|p1a: Turtle Chocolate\n|\n|win|TheblackGotenks\n|c|\u2606just sayori|gg\n|c|\u2606TheblackGotenks|Holy this game is weird\n|c|\u2606TheblackGotenks|Gg\n|l|\u2606just sayori\n|l|\u2606TheblackGotenks\n|l| Beauty Devon\n|l| ShrimpTheShrimp\n|j| Beauty Devon\n","uploadtime":1700271044,"views":12,"p1id":"justsayori","p2id":"theblackgotenks","formatid":"gen9vgc2023regulatione","rating":0,"private":0,"password":""}