{"id":"gen9vgc2023regulatione-1990936283","p1":"luca8","p2":"maku8319","format":"[Gen 9] VGC 2023 Regulation E","log":"|j|\u2606luca8\n|j|\u2606maku8319\n|t:|1700017090\n|gametype|doubles\n|player|p1|luca8|flint|1493\n|player|p2|maku8319|101|1401\n|teamsize|p1|6\n|teamsize|p2|6\n|gen|9\n|tier|[Gen 9] VGC 2023 Regulation E\n|rated|\n|rule|Species Clause: Limit one of each Pok\u00e9mon\n|rule|Item Clause: Limit one of each item\n|clearpoke\n|poke|p1|Urshifu-*, L50, M|\n|poke|p1|Farigiraf, L50, F|\n|poke|p1|Torkoal, L50, F|\n|poke|p1|Flutter Mane, L50|\n|poke|p1|Chi-Yu, L50|\n|poke|p1|Ogerpon-Wellspring, L50, F|\n|poke|p2|Landorus-Therian, L50, M|\n|poke|p2|Ogerpon-Wellspring, L50, F|\n|poke|p2|Iron Hands, L50|\n|poke|p2|Cresselia, L50, F|\n|poke|p2|Heatran, L50, M|\n|poke|p2|Flutter Mane, L50|\n|teampreview|4\n|\n|t:|1700017129\n|start\n|switch|p1a: Farigiraf|Farigiraf, L50, F|100\/100\n|switch|p1b: Flutter Mane|Flutter Mane, L50|100\/100\n|switch|p2a: Landorus|Landorus-Therian, L50, M|100\/100\n|switch|p2b: Iron Hands|Iron Hands, L50, shiny|100\/100\n|-ability|p2a: Landorus|Intimidate|boost\n|-unboost|p1a: Farigiraf|atk|1\n|-unboost|p1b: Flutter Mane|atk|1\n|turn|1\n|\n|t:|1700017153\n|-end|p2b: Iron Hands|Quark Drive|[silent]\n|switch|p2b: Heatran|Heatran, L50, M|100\/100\n|move|p2a: Landorus|Stomping Tantrum|p1b: Flutter Mane\n|-damage|p1b: Flutter Mane|13\/100\n|move|p1b: Flutter Mane|Dazzling Gleam|p2b: Heatran|[spread] p2a,p2b\n|-crit|p2a: Landorus\n|-resisted|p2b: Heatran\n|-damage|p2a: Landorus|21\/100\n|-damage|p2b: Heatran|91\/100\n|move|p1a: Farigiraf|Trick Room|p1a: Farigiraf\n|-fieldstart|move: Trick Room|[of] p1a: Farigiraf\n|\n|-heal|p2b: Heatran|97\/100|[from] item: Leftovers\n|upkeep\n|turn|2\n|\n|t:|1700017178\n|move|p1a: Farigiraf|Nasty Plot|p1a: Farigiraf\n|-boost|p1a: Farigiraf|spa|2\n|move|p2b: Heatran|Earth Power|p1b: Flutter Mane\n|-damage|p1b: Flutter Mane|0 fnt\n|faint|p1b: Flutter Mane\n|-end|p1b: Flutter Mane|Protosynthesis|[silent]\n|move|p2a: Landorus|Stomping Tantrum|p1a: Farigiraf\n|-crit|p1a: Farigiraf\n|-damage|p1a: Farigiraf|40\/100\n|\n|-heal|p2b: Heatran|100\/100|[from] item: Leftovers\n|upkeep\n|\n|t:|1700017192\n|switch|p1b: Urshifu|Urshifu, L50, M|100\/100\n|-enditem|p1b: Urshifu|Room Service\n|-unboost|p1b: Urshifu|spe|1|[from] item: Room Service\n|turn|3\n|\n|t:|1700017212\n|switch|p2b: Iron Hands|Iron Hands, L50, shiny|100\/100\n|move|p1a: Farigiraf|Hyper Voice|p2b: Iron Hands|[spread] p2a,p2b\n|-damage|p2a: Landorus|0 fnt\n|-damage|p2b: Iron Hands|64\/100\n|faint|p2a: Landorus\n|move|p1b: Urshifu|Wicked Blow|p2b: Iron Hands\n|-resisted|p2b: Iron Hands\n|-crit|p2b: Iron Hands\n|-damage|p2b: Iron Hands|41\/100\n|\n|upkeep\n|\n|t:|1700017224\n|switch|p2a: Heatran|Heatran, L50, M|100\/100\n|turn|4\n|\n|t:|1700017237\n|move|p1a: Farigiraf|Hyper Voice|p2b: Iron Hands|[spread] p2a,p2b\n|-resisted|p2a: Heatran\n|-damage|p2a: Heatran|75\/100\n|-damage|p2b: Iron Hands|7\/100\n|move|p1b: Urshifu|Close Combat|p2a: Heatran\n|-supereffective|p2a: Heatran\n|-damage|p2a: Heatran|0 fnt\n|-unboost|p1b: Urshifu|def|1\n|-unboost|p1b: Urshifu|spd|1\n|faint|p2a: Heatran\n|move|p2b: Iron Hands|Drain Punch|p1b: Urshifu\n|-supereffective|p1b: Urshifu\n|-damage|p1b: Urshifu|0 fnt\n|-heal|p2b: Iron Hands|46\/100|[from] drain|[of] p1b: Urshifu\n|faint|p1b: Urshifu\n|\n|upkeep\n|\n|t:|1700017253\n|switch|p1b: Torkoal|Torkoal, L50, F|100\/100\n|switch|p2a: Emilia|Flutter Mane, L50, shiny|100\/100\n|-weather|SunnyDay|[from] ability: Drought|[of] p1b: Torkoal\n|-activate|p2a: Emilia|ability: Protosynthesis\n|-start|p2a: Emilia|protosynthesisspa\n|turn|5\n|\n|t:|1700017264\n|-terastallize|p1b: Torkoal|Fire\n|move|p1b: Torkoal|Eruption|p2a: Emilia|[spread] p2a,p2b\n|-crit|p2b: Iron Hands\n|-damage|p2a: Emilia|0 fnt\n|-damage|p2b: Iron Hands|0 fnt\n|faint|p2a: Emilia\n|-end|p2a: Emilia|Protosynthesis|[silent]\n|faint|p2b: Iron Hands\n|-end|p2b: Iron Hands|Quark Drive|[silent]\n|\n|win|luca8\n|raw|luca8's rating: 1493 &rarr; <strong>1508<\/strong><br \/>(+15 for winning)\n|raw|maku8319's rating: 1401 &rarr; <strong>1386<\/strong><br \/>(-15 for losing)\n","uploadtime":1700017274,"views":22,"p1id":"luca8","p2id":"maku8319","formatid":"gen9vgc2023regulatione","rating":1386,"private":0,"password":""}