{"id":"gen9vgc2023regulatione-1995103073","p1":"blankbasic","p2":"miniat","format":"[Gen 9] VGC 2023 Regulation E","log":"|j|\u2606blankbasic\n|j|\u2606miniat\n|t:|1700522869\n|gametype|doubles\n|player|p1|blankbasic|169|1248\n|player|p2|miniat|cress|1221\n|teamsize|p1|6\n|teamsize|p2|6\n|gen|9\n|tier|[Gen 9] VGC 2023 Regulation E\n|rated|\n|rule|Species Clause: Limit one of each Pok\u00e9mon\n|rule|Item Clause: Limit one of each item\n|clearpoke\n|poke|p1|Flutter Mane, L50|\n|poke|p1|Tornadus, L50, M|\n|poke|p1|Landorus-Therian, L50, M|\n|poke|p1|Ogerpon-Hearthflame, L50, F|\n|poke|p1|Urshifu-*, L50, F|\n|poke|p1|Rillaboom, L50, M|\n|poke|p2|Grimmsnarl, L50, M|\n|poke|p2|Wyrdeer, L50, M|\n|poke|p2|Okidogi, L50, M|\n|poke|p2|Iron Hands, L50|\n|poke|p2|Ogerpon-Wellspring, L50, F|\n|poke|p2|Chien-Pao, L50|\n|teampreview|4\n|\n|t:|1700522888\n|start\n|switch|p1a: Ogerpon|Ogerpon-Hearthflame, L50, F|100\/100\n|switch|p1b: Tornadus|Tornadus, L50, M|100\/100\n|switch|p2a: Grimmsnarl|Grimmsnarl, L50, M|100\/100\n|switch|p2b: Okidogi|Okidogi, L50, M|100\/100\n|-ability|p1a: Ogerpon|Mold Breaker\n|turn|1\n|\n|t:|1700522902\n|-terastallize|p1a: Ogerpon|Fire\n|detailschange|p1a: Ogerpon|Ogerpon-Hearthflame-Tera, L50, F, tera:Fire\n|-ability|p1a: Ogerpon|Embody Aspect (Hearthflame)|boost\n|-boost|p1a: Ogerpon|atk|1\n|-terastallize|p2b: Okidogi|Water\n|move|p2a: Grimmsnarl|Reflect|p2a: Grimmsnarl\n|-sidestart|p2: miniat|Reflect\n|move|p1a: Ogerpon|Ivy Cudgel|p2a: Grimmsnarl|[anim] Ivy Cudgel Fire\n|-damage|p2a: Grimmsnarl|30\/100\n|move|p1b: Tornadus|Bleakwind Storm|p2a: Grimmsnarl|[spread] p2a,p2b\n|-damage|p2a: Grimmsnarl|0 fnt\n|-damage|p2b: Okidogi|71\/100\n|faint|p2a: Grimmsnarl\n|move|p2b: Okidogi|Bulk Up|p2b: Okidogi\n|-boost|p2b: Okidogi|atk|1\n|-boost|p2b: Okidogi|def|1\n|\n|-heal|p2b: Okidogi|77\/100|[from] item: Leftovers\n|upkeep\n|\n|t:|1700522918\n|switch|p2a: Wyrdeer|Wyrdeer, L50, M|100\/100\n|-ability|p2a: Wyrdeer|Intimidate|boost\n|-unboost|p1a: Ogerpon|atk|1\n|-unboost|p1b: Tornadus|atk|1\n|turn|2\n|\n|t:|1700522941\n|switch|p1b: Rillaboom|Rillaboom, L50, M|100\/100\n|-fieldstart|move: Grassy Terrain|[from] ability: Grassy Surge|[of] p1b: Rillaboom\n|move|p1a: Ogerpon|Horn Leech|p2b: Okidogi\n|-supereffective|p2b: Okidogi\n|-damage|p2b: Okidogi|33\/100\n|move|p2b: Okidogi|Bulk Up|p2b: Okidogi\n|-boost|p2b: Okidogi|atk|1\n|-boost|p2b: Okidogi|def|1\n|move|p2a: Wyrdeer|Trick Room|p2a: Wyrdeer\n|-fieldstart|move: Trick Room|[of] p2a: Wyrdeer\n|\n|-heal|p2b: Okidogi|39\/100|[from] Grassy Terrain\n|-heal|p2b: Okidogi|45\/100|[from] item: Leftovers\n|upkeep\n|turn|3\n|\n|t:|1700522960\n|move|p2b: Okidogi|Protect|p2b: Okidogi\n|-singleturn|p2b: Okidogi|Protect\n|move|p1b: Rillaboom|Grassy Glide|p2b: Okidogi\n|-activate|p2b: Okidogi|move: Protect\n|move|p1a: Ogerpon|Grassy Glide|p2b: Okidogi\n|-activate|p2b: Okidogi|move: Protect\n|move|p2a: Wyrdeer|Skill Swap|p1a: Ogerpon\n|-activate|p2a: Wyrdeer|move: Skill Swap|Embody Aspect (Hearthflame)|Intimidate|[of] p1a: Ogerpon\n|-ability|p1a: Ogerpon|Intimidate|boost\n|-unboost|p2a: Wyrdeer|atk|1\n|-ability|p2b: Okidogi|Guard Dog|boost\n|-boost|p2b: Okidogi|atk|1\n|\n|-heal|p2b: Okidogi|52\/100|[from] Grassy Terrain\n|-heal|p2b: Okidogi|58\/100|[from] item: Leftovers\n|upkeep\n|turn|4\n|\n|t:|1700522982\n|move|p1b: Rillaboom|Grassy Glide|p2b: Okidogi\n|-supereffective|p2b: Okidogi\n|-damage|p2b: Okidogi|36\/100\n|move|p1a: Ogerpon|Grassy Glide|p2b: Okidogi\n|-supereffective|p2b: Okidogi\n|-damage|p2b: Okidogi|13\/100\n|move|p2a: Wyrdeer|Skill Swap|p1a: Ogerpon\n|-activate|p2a: Wyrdeer|move: Skill Swap|Intimidate|Embody Aspect (Hearthflame)|[of] p1a: Ogerpon\n|-ability|p2a: Wyrdeer|Intimidate|boost\n|-unboost|p1a: Ogerpon|atk|1\n|-unboost|p1b: Rillaboom|atk|1\n|-ability|p1a: Ogerpon|Embody Aspect (Hearthflame)|boost\n|-boost|p1a: Ogerpon|atk|1\n|move|p2b: Okidogi|Drain Punch|p1a: Ogerpon\n|-damage|p1a: Ogerpon|0 fnt\n|-heal|p2b: Okidogi|56\/100|[from] drain|[of] p1a: Ogerpon\n|faint|p1a: Ogerpon\n|\n|-heal|p2b: Okidogi|62\/100|[from] Grassy Terrain\n|-heal|p2b: Okidogi|68\/100|[from] item: Leftovers\n|upkeep\n|\n|t:|1700522996\n|switch|p1a: Tornadus|Tornadus, L50, M|100\/100\n|turn|5\n|\n|t:|1700523005\n|move|p1b: Rillaboom|Grassy Glide|p2b: Okidogi\n|-supereffective|p2b: Okidogi\n|-damage|p2b: Okidogi|53\/100\n|move|p2a: Wyrdeer|Skill Swap|p1a: Tornadus\n|-activate|p2a: Wyrdeer|move: Skill Swap|Prankster|Intimidate|[of] p1a: Tornadus\n|-ability|p1a: Tornadus|Intimidate|boost\n|-unboost|p2a: Wyrdeer|atk|1\n|-ability|p2b: Okidogi|Guard Dog|boost\n|-boost|p2b: Okidogi|atk|1\n|move|p2b: Okidogi|Drain Punch|p1b: Rillaboom\n|-damage|p1b: Rillaboom|0 fnt\n|-heal|p2b: Okidogi|100\/100|[from] drain|[of] p1b: Rillaboom\n|faint|p1b: Rillaboom\n|move|p1a: Tornadus|Bleakwind Storm|p2a: Wyrdeer|[spread] \n|-miss|p1a: Tornadus|p2a: Wyrdeer\n|-miss|p1a: Tornadus|p2b: Okidogi\n|\n|upkeep\n|\n|t:|1700523011\n|switch|p1b: Flutter Mane|Flutter Mane, L50, shiny|100\/100\n|-enditem|p1b: Flutter Mane|Booster Energy\n|-activate|p1b: Flutter Mane|ability: Protosynthesis|[fromitem]\n|-start|p1b: Flutter Mane|protosynthesisspe\n|turn|6\n|\n|t:|1700523035\n|move|p1b: Flutter Mane|Protect|p1b: Flutter Mane\n|-singleturn|p1b: Flutter Mane|Protect\n|move|p2a: Wyrdeer|Psychic|p1a: Tornadus\n|-damage|p1a: Tornadus|67\/100\n|move|p2b: Okidogi|Knock Off|p1a: Tornadus\n|-damage|p1a: Tornadus|0 fnt\n|-damage|p2b: Okidogi|84\/100|[from] item: Rocky Helmet|[of] p1a: Tornadus\n|-enditem|p1a: Tornadus|Rocky Helmet|[from] move: Knock Off|[of] p2b: Okidogi\n|faint|p1a: Tornadus\n|\n|-heal|p2b: Okidogi|90\/100|[from] Grassy Terrain\n|-heal|p2b: Okidogi|96\/100|[from] item: Leftovers\n|-fieldend|move: Trick Room\n|-fieldend|move: Grassy Terrain\n|upkeep\n|turn|7\n|-message|blankbasic forfeited.\n|\n|win|miniat\n|raw|blankbasic's rating: 1248 &rarr; <strong>1222<\/strong><br \/>(-26 for losing)\n|raw|miniat's rating: 1236 &rarr; <strong>1262<\/strong><br \/>(+26 for winning)\n|l|\u2606blankbasic\n","uploadtime":1700523052,"views":3,"p1id":"blankbasic","p2id":"miniat","formatid":"gen9vgc2023regulatione","rating":1222,"private":0,"password":""}