{"id":"gen9vgc2023regulatione-1997921876","p1":"DragonSniper555","p2":"tormentita013","format":"[Gen 9] VGC 2023 Regulation E","log":"|j|\u2606DragonSniper555\n|j|\u2606tormentita013\n|t:|1700867752\n|gametype|doubles\n|player|p1|DragonSniper555|1|\n|player|p2|tormentita013|265|\n|teamsize|p1|6\n|teamsize|p2|6\n|gen|9\n|tier|[Gen 9] VGC 2023 Regulation E\n|rule|Species Clause: Limit one of each Pok\u00e9mon\n|rule|Item Clause: Limit one of each item\n|clearpoke\n|poke|p1|Iron Jugulis, L50|\n|poke|p1|Great Tusk, L50|\n|poke|p1|Iron Bundle, L50|\n|poke|p1|Iron Hands, L50|\n|poke|p1|Gholdengo, L50|\n|poke|p1|Gothitelle, L50, F|\n|poke|p2|Flutter Mane, L50|\n|poke|p2|Iron Hands, L50|\n|poke|p2|Amoonguss, L50, M|\n|poke|p2|Great Tusk, L50|\n|poke|p2|Torkoal, L50, M|\n|poke|p2|Lilligant, L50, F|\n|teampreview|4\n|j| drakig\n|j| efedefelipe93\n|j| JL_GAMER7\n|j| SlashLigue\n|j| MasterArios\n|\n|t:|1700867786\n|start\n|switch|p1a: La hidrah|Iron Jugulis, L50|100\/100\n|switch|p1b: El Papa Nueces|Iron Bundle, L50|100\/100\n|switch|p2a: Jalexy|Torkoal, L50, M|100\/100\n|switch|p2b: Peque\u00f1a Diabla|Lilligant, L50, F, shiny|100\/100\n|-weather|SunnyDay|[from] ability: Drought|[of] p2a: Jalexy\n|-enditem|p1a: La hidrah|Booster Energy\n|-activate|p1a: La hidrah|ability: Quark Drive|[fromitem]\n|-start|p1a: La hidrah|quarkdrivespe\n|turn|1\n|inactive|Battle timer is ON: inactive players will automatically lose when time's up. (requested by DragonSniper555)\n|j| Jalexy325\n|\n|t:|1700867801\n|-terastallize|p2a: Jalexy|Fire\n|move|p1b: El Papa Nueces|Protect|p1b: El Papa Nueces\n|-singleturn|p1b: El Papa Nueces|Protect\n|move|p2b: Peque\u00f1a Diabla|Sleep Powder|p1b: El Papa Nueces\n|-activate|p1b: El Papa Nueces|move: Protect\n|move|p1a: La hidrah|Tailwind|p1a: La hidrah\n|-sidestart|p1: DragonSniper555|move: Tailwind\n|move|p2a: Jalexy|Eruption|p1b: El Papa Nueces|[spread] p1a\n|-activate|p1b: El Papa Nueces|move: Protect\n|-damage|p1a: La hidrah|0 fnt\n|faint|p1a: La hidrah\n|-end|p1a: La hidrah|Quark Drive|[silent]\n|\n|-weather|SunnyDay|[upkeep]\n|upkeep\n|j| sergiovicenteg3\n|\n|t:|1700867826\n|switch|p1a: Er Golden Boy|Gholdengo, L50|100\/100\n|turn|2\n|inactive|DragonSniper555 has 30 seconds left.\n|inactive|tormentita013 has 30 seconds left.\n|\n|t:|1700867860\n|move|p1b: El Papa Nueces|Icy Wind|p2b: Peque\u00f1a Diabla|[spread] p2a,p2b\n|-resisted|p2a: Jalexy\n|-supereffective|p2b: Peque\u00f1a Diabla\n|-damage|p2a: Jalexy|87\/100\n|-damage|p2b: Peque\u00f1a Diabla|49\/100\n|-unboost|p2a: Jalexy|spe|1\n|-unboost|p2b: Peque\u00f1a Diabla|spe|1\n|move|p1a: Er Golden Boy|Make It Rain|p2b: Peque\u00f1a Diabla|[spread] p2a,p2b\n|-resisted|p2a: Jalexy\n|-damage|p2a: Jalexy|43\/100\n|-damage|p2b: Peque\u00f1a Diabla|0 fnt\n|-unboost|p1a: Er Golden Boy|spa|1\n|faint|p2b: Peque\u00f1a Diabla\n|move|p2a: Jalexy|Heat Wave|p1b: El Papa Nueces|[spread] p1a,p1b\n|-supereffective|p1a: Er Golden Boy\n|-damage|p1a: Er Golden Boy|0 fnt\n|-enditem|p1b: El Papa Nueces|Focus Sash\n|-damage|p1b: El Papa Nueces|1\/100\n|faint|p1a: Er Golden Boy\n|\n|-weather|SunnyDay|[upkeep]\n|upkeep\n|\n|t:|1700867880\n|switch|p2b: Arhios|Great Tusk, L50|100\/100\n|switch|p1a: Er Cormilloh|Great Tusk, L50|100\/100\n|-activate|p1a: Er Cormilloh|ability: Protosynthesis\n|-start|p1a: Er Cormilloh|protosynthesisatk\n|-activate|p2b: Arhios|ability: Protosynthesis\n|-start|p2b: Arhios|protosynthesisspe\n|turn|3\n|inactive|tormentita013 has 30 seconds left.\n|\n|t:|1700867906\n|move|p2a: Jalexy|Protect|p2a: Jalexy\n|-singleturn|p2a: Jalexy|Protect\n|move|p1b: El Papa Nueces|Icy Wind|p2b: Arhios|[spread] p2b\n|-activate|p2a: Jalexy|move: Protect\n|-supereffective|p2b: Arhios\n|-damage|p2b: Arhios|46\/100\n|-unboost|p2b: Arhios|spe|1\n|move|p1a: Er Cormilloh|Earthquake|p2a: Jalexy|[spread] p1b,p2b\n|-activate|p2a: Jalexy|move: Protect\n|-damage|p1b: El Papa Nueces|0 fnt\n|-damage|p2b: Arhios|3\/100\n|faint|p1b: El Papa Nueces\n|-end|p1b: El Papa Nueces|Quark Drive|[silent]\n|-damage|p1a: Er Cormilloh|91\/100|[from] item: Life Orb\n|move|p2b: Arhios|Ice Spinner|p1a: Er Cormilloh\n|-supereffective|p1a: Er Cormilloh\n|-damage|p1a: Er Cormilloh|54\/100\n|\n|-weather|SunnyDay|[upkeep]\n|upkeep\n|turn|4\n|\n|t:|1700867928\n|move|p1a: Er Cormilloh|Earthquake|p2b: Arhios|[spread] p2a,p2b\n|-supereffective|p2a: Jalexy\n|-crit|p2a: Jalexy\n|-damage|p2a: Jalexy|0 fnt\n|-damage|p2b: Arhios|0 fnt\n|faint|p2a: Jalexy\n|faint|p2b: Arhios\n|-end|p2b: Arhios|Protosynthesis|[silent]\n|-damage|p1a: Er Cormilloh|44\/100|[from] item: Life Orb\n|\n|-weather|SunnyDay|[upkeep]\n|-sideend|p1: DragonSniper555|move: Tailwind\n|upkeep\n|\n|t:|1700867937\n|switch|p2b: Vic8|Amoonguss, L50, M|100\/100\n|turn|5\n|\n|t:|1700867950\n|move|p1a: Er Cormilloh|Earthquake|p2b: Vic8\n|-damage|p2b: Vic8|2\/100\n|-enditem|p2b: Vic8|Sitrus Berry|[eat]\n|-heal|p2b: Vic8|27\/100|[from] item: Sitrus Berry\n|-damage|p1a: Er Cormilloh|35\/100|[from] item: Life Orb\n|move|p2b: Vic8|Spore|p1a: Er Cormilloh\n|-status|p1a: Er Cormilloh|slp|[from] move: Spore\n|\n|-weather|none\n|-end|p1a: Er Cormilloh|Protosynthesis\n|upkeep\n|turn|6\n|\n|t:|1700867962\n|cant|p1a: Er Cormilloh|slp\n|move|p2b: Vic8|Pollen Puff|p1a: Er Cormilloh\n|-resisted|p1a: Er Cormilloh\n|-damage|p1a: Er Cormilloh|21\/100 slp\n|\n|upkeep\n|turn|7\n|\n|t:|1700867975\n|cant|p1a: Er Cormilloh|slp\n|move|p2b: Vic8|Pollen Puff|p1a: Er Cormilloh\n|-resisted|p1a: Er Cormilloh\n|-damage|p1a: Er Cormilloh|8\/100 slp\n|\n|upkeep\n|turn|8\n|\n|t:|1700867982\n|-curestatus|p1a: Er Cormilloh|slp|[msg]\n|move|p1a: Er Cormilloh|Earthquake|p2b: Vic8\n|-damage|p2b: Vic8|0 fnt\n|faint|p2b: Vic8\n|-damage|p1a: Er Cormilloh|0 fnt|[from] item: Life Orb\n|faint|p1a: Er Cormilloh\n|-end|p1a: Er Cormilloh|Protosynthesis|[silent]\n|\n|win|DragonSniper555\n|c| MasterArios|E\n|c|\u2606DragonSniper555|GG\n","uploadtime":1700867994,"views":7,"p1id":"dragonsniper555","p2id":"tormentita013","formatid":"gen9vgc2023regulatione","rating":0,"private":0,"password":""}