{"id":"gen9vgc2023regulatione-1993724572","p1":"Gurrasnurra5","p2":"Elbow baggins","format":"[Gen 9] VGC 2023 Regulation E","log":"|j|\u2606Gurrasnurra5\n|j|\u2606Elbow baggins\n|t:|1700349796\n|gametype|doubles\n|player|p1|Gurrasnurra5|rood|1484\n|player|p2|Elbow baggins|170|1586\n|teamsize|p1|6\n|teamsize|p2|6\n|gen|9\n|tier|[Gen 9] VGC 2023 Regulation E\n|rated|\n|rule|Species Clause: Limit one of each Pok\u00e9mon\n|rule|Item Clause: Limit one of each item\n|clearpoke\n|poke|p1|Amoonguss, L50, F|\n|poke|p1|Tornadus, L50, M|\n|poke|p1|Chien-Pao, L50|\n|poke|p1|Urshifu-*, L50, F|\n|poke|p1|Arcanine-Hisui, L50, F|\n|poke|p1|Flutter Mane, L50|\n|poke|p2|Ogerpon-Cornerstone, L50, F|\n|poke|p2|Farigiraf, L50, F|\n|poke|p2|Dragonite, L50, M|\n|poke|p2|Chien-Pao, L50|\n|poke|p2|Ursaluna-Bloodmoon, L50, M|\n|poke|p2|Iron Hands, L50|\n|teampreview|4\nGurrasnurra5 has agreed to open team sheets.\nElbow baggins has agreed to open team sheets.\n|c|\u2606Elbow baggins|Glhf\n|c|\u2606Gurrasnurra5|u2\n|\n|t:|1700349858\n|start\n|switch|p1a: Urshifu|Urshifu-Rapid-Strike, L50, F|100\/100\n|switch|p1b: Amoonguss|Amoonguss, L50, F|100\/100\n|switch|p2a: Farigiraf|Farigiraf, L50, F, shiny|100\/100\n|switch|p2b: Ogerpon|Ogerpon-Cornerstone, L50, F|100\/100\n|turn|1\n|\n|t:|1700349895\n|-terastallize|p1a: Urshifu|Water\n|move|p2b: Ogerpon|Follow Me|p2b: Ogerpon\n|-singleturn|p2b: Ogerpon|move: Follow Me\n|move|p1a: Urshifu|Surging Strikes|p2b: Ogerpon\n|-crit|p2b: Ogerpon\n|-damage|p2b: Ogerpon|54\/100\n|-crit|p2b: Ogerpon\n|-damage|p2b: Ogerpon|6\/100\n|-crit|p2b: Ogerpon\n|-damage|p2b: Ogerpon|0 fnt\n|faint|p2b: Ogerpon\n|-hitcount|p2: Ogerpon|3\n|move|p1b: Amoonguss|Spore|p2a: Farigiraf\n|-activate|p2a: Farigiraf|item: Safety Goggles|Spore\n|move|p2a: Farigiraf|Trick Room|p2a: Farigiraf\n|-fieldstart|move: Trick Room|[of] p2a: Farigiraf\n|\n|upkeep\n|inactive|Battle timer is ON: inactive players will automatically lose when time's up. (requested by Gurrasnurra5)\n|\n|t:|1700349908\n|switch|p2b: Iron Hands|Iron Hands, L50|100\/100\n|turn|2\n|\n|t:|1700349913\n|move|p1b: Amoonguss|Protect|p1b: Amoonguss\n|-singleturn|p1b: Amoonguss|Protect\n|move|p1a: Urshifu|Protect|p1a: Urshifu\n|-singleturn|p1a: Urshifu|Protect\n|move|p2b: Iron Hands|Fake Out|p1b: Amoonguss\n|-activate|p1b: Amoonguss|move: Protect\n|move|p2a: Farigiraf|Uproar|p1a: Urshifu\n|-activate|p1a: Urshifu|move: Protect\n|\n|upkeep\n|turn|3\n|inactive|Elbow baggins has 30 seconds left.\n|inactive|Elbow baggins has 20 seconds left.\n|inactive|Elbow baggins has 15 seconds left.\n|inactive|Elbow baggins has 10 seconds left.\n|\n|t:|1700349962\n|move|p1b: Amoonguss|Spore|p2b: Iron Hands\n|-status|p2b: Iron Hands|slp|[from] move: Spore\n|cant|p2b: Iron Hands|slp\n|move|p2a: Farigiraf|Uproar|p1a: Urshifu\n|-curestatus|p2b: Iron Hands|slp|[msg]\n|-damage|p1a: Urshifu|51\/100\n|-start|p2a: Farigiraf|Uproar\n|move|p1a: Urshifu|Surging Strikes|p2a: Farigiraf\n|-crit|p2a: Farigiraf\n|-damage|p2a: Farigiraf|74\/100\n|-crit|p2a: Farigiraf\n|-damage|p2a: Farigiraf|46\/100\n|-crit|p2a: Farigiraf\n|-damage|p2a: Farigiraf|19\/100\n|-hitcount|p2a: Farigiraf|3\n|\n|-start|p2a: Farigiraf|Uproar|[upkeep]\n|upkeep\n|turn|4\n|\n|t:|1700349984\n|-end|p2b: Iron Hands|Quark Drive|[silent]\n|switch|p2b: Ursaluna|Ursaluna-Bloodmoon, L50, M|100\/100\n|move|p1a: Urshifu|Protect|p1a: Urshifu\n|-singleturn|p1a: Urshifu|Protect\n|move|p1b: Amoonguss|Pollen Puff|p2a: Farigiraf\n|-supereffective|p2a: Farigiraf\n|-damage|p2a: Farigiraf|0 fnt\n|faint|p2a: Farigiraf\n|\n|upkeep\n|\n|t:|1700349990\n|switch|p2a: Iron Hands|Iron Hands, L50|100\/100\n|turn|5\n|j| horizonbattle\n|\n|t:|1700350011\n|switch|p1a: Flutter Mane|Flutter Mane, L50|100\/100\n|-terastallize|p2b: Ursaluna|Normal\n|move|p1b: Amoonguss|Protect|p1b: Amoonguss\n|-singleturn|p1b: Amoonguss|Protect\n|move|p2a: Iron Hands|Fake Out|p1b: Amoonguss\n|-activate|p1b: Amoonguss|move: Protect\n|move|p2b: Ursaluna|Hyper Voice|p1a: Flutter Mane|[spread] p1a\n|-activate|p1b: Amoonguss|move: Protect\n|-damage|p1a: Flutter Mane|35\/100\n|-damage|p2b: Ursaluna|91\/100|[from] item: Life Orb\n|\n|-fieldend|move: Trick Room\n|upkeep\n|turn|6\n|c|\u2606Elbow baggins|Uproar giraffe is so bad haha\n|c|\u2606Elbow baggins|ive given it the good college try\n|c|\u2606Gurrasnurra5|It worked this game :)\n|inactive|Elbow baggins has 30 seconds left.\n|c|\u2606Gurrasnurra5|you cooked a little too hard\n|inactive|Elbow baggins has 20 seconds left.\n|inactive|Elbow baggins has 15 seconds left.\n|\n|t:|1700350054\n|move|p1b: Amoonguss|Rage Powder|p1b: Amoonguss\n|-singleturn|p1b: Amoonguss|move: Rage Powder\n|move|p1a: Flutter Mane|Moonblast|p2a: Iron Hands\n|-supereffective|p2a: Iron Hands\n|-damage|p2a: Iron Hands|27\/100\n|move|p2a: Iron Hands|Heavy Slam|p1b: Amoonguss\n|-damage|p1b: Amoonguss|69\/100\n|-damage|p2a: Iron Hands|10\/100|[from] item: Rocky Helmet|[of] p1b: Amoonguss\n|move|p2b: Ursaluna|Hyper Voice|p1a: Flutter Mane|[spread] p1a,p1b\n|-crit|p1a: Flutter Mane\n|-damage|p1a: Flutter Mane|0 fnt\n|-damage|p1b: Amoonguss|10\/100\n|faint|p1a: Flutter Mane\n|-end|p1a: Flutter Mane|Protosynthesis|[silent]\n|-damage|p2b: Ursaluna|81\/100|[from] item: Life Orb\n|\n|upkeep\n|\n|t:|1700350063\n|switch|p1a: Urshifu|Urshifu-Rapid-Strike, L50, F, tera:Water|51\/100\n|turn|7\n|c|\u2606Elbow baggins|Hahaha OverCooked\n|\n|t:|1700350086\n|move|p1b: Amoonguss|Rage Powder|p1b: Amoonguss\n|-singleturn|p1b: Amoonguss|move: Rage Powder\n|move|p1a: Urshifu|Close Combat|p2b: Ursaluna\n|-supereffective|p2b: Ursaluna\n|-damage|p2b: Ursaluna|0 fnt\n|-unboost|p1a: Urshifu|def|1\n|-unboost|p1a: Urshifu|spd|1\n|faint|p2b: Ursaluna\n|move|p2a: Iron Hands|Drain Punch|p1b: Amoonguss\n|-resisted|p1b: Amoonguss\n|-damage|p1b: Amoonguss|0 fnt\n|-heal|p2a: Iron Hands|15\/100|[from] drain|[of] p1b: Amoonguss\n|-damage|p2a: Iron Hands|0 fnt|[from] item: Rocky Helmet|[of] p1b: Amoonguss\n|faint|p1b: Amoonguss\n|faint|p2a: Iron Hands\n|-end|p2a: Iron Hands|Quark Drive|[silent]\n|\n|win|Gurrasnurra5\n|raw|Gurrasnurra5's rating: 1484 &rarr; <strong>1510<\/strong><br \/>(+26 for winning)\n|raw|Elbow baggins's rating: 1586 &rarr; <strong>1560<\/strong><br \/>(-26 for losing)\n|c|\u2606Gurrasnurra5|ggwp\n|c|\u2606Elbow baggins|Gg wp\n|l|\u2606Gurrasnurra5\n|l|\u2606Elbow baggins\n|j|\u2606Elbow baggins\n|player|p2|Elbow baggins|170\n","uploadtime":1700350647,"views":18,"p1id":"gurrasnurra5","p2id":"elbowbaggins","formatid":"gen9vgc2023regulatione","rating":1510,"private":0,"password":""}