{"id":"gen9vgc2023regulatione-1998460658","p1":"yuuuuuuuuuj","p2":"NoseToGrindstone","format":"[Gen 9] VGC 2023 Regulation E","log":"|j|\u2606yuuuuuuuuuj\n|j|\u2606NoseToGrindstone\n|t:|1700944838\n|gametype|doubles\n|player|p1|yuuuuuuuuuj|1|1298\n|player|p2|NoseToGrindstone|gentleman-gen4dp|1374\n|teamsize|p1|6\n|teamsize|p2|6\n|gen|9\n|tier|[Gen 9] VGC 2023 Regulation E\n|rated|\n|rule|Species Clause: Limit one of each Pok\u00e9mon\n|rule|Item Clause: Limit one of each item\n|clearpoke\n|poke|p1|Iron Hands, L50|\n|poke|p1|Landorus-Therian, L50, M|\n|poke|p1|Flutter Mane, L50|\n|poke|p1|Chien-Pao, L50|\n|poke|p1|Clefairy, L50, F|\n|poke|p1|Grimmsnarl, L50, M|\n|poke|p2|Armarouge, L50, F|\n|poke|p2|Indeedee-F, L50, F|\n|poke|p2|Sneasler, L50, F|\n|poke|p2|Scream Tail, L50|\n|poke|p2|Torkoal, L50, F|\n|poke|p2|Lilligant-Hisui, L50, F|\n|teampreview|4\nNoseToGrindstone has agreed to open team sheets.\n|\n|t:|1700944889\n|start\n|switch|p1a: Grimmsnarl|Grimmsnarl, L50, M|100\/100\n|switch|p1b: Landorus|Landorus-Therian, L50, M|100\/100\n|switch|p2a: Sneasler|Sneasler, L50, F|100\/100\n|switch|p2b: Lilligant|Lilligant-Hisui, L50, F|100\/100\n|-ability|p1b: Landorus|Intimidate|boost\n|-unboost|p2a: Sneasler|atk|1\n|-unboost|p2b: Lilligant|atk|1\n|turn|1\n|\n|t:|1700944901\n|switch|p2a: Torkoal|Torkoal, L50, F|100\/100\n|-weather|SunnyDay|[from] ability: Drought|[of] p2a: Torkoal\n|-terastallize|p2b: Lilligant|Ghost\n|move|p1a: Grimmsnarl|Reflect|p1a: Grimmsnarl\n|-sidestart|p1: yuuuuuuuuuj|Reflect\n|move|p2b: Lilligant|Sleep Powder|p1b: Landorus\n|-status|p1b: Landorus|slp|[from] move: Sleep Powder\n|cant|p1b: Landorus|slp\n|\n|-weather|SunnyDay|[upkeep]\n|upkeep\n|turn|2\n|\n|t:|1700944918\n|move|p1a: Grimmsnarl|Thunder Wave|p2b: Lilligant\n|-status|p2b: Lilligant|par\n|cant|p1b: Landorus|slp\n|move|p2b: Lilligant|After You|p2a: Torkoal\n|-activate|p2a: Torkoal|move: After You\n|move|p2a: Torkoal|Eruption|p1a: Grimmsnarl|[spread] p1a,p1b\n|-damage|p1a: Grimmsnarl|0 fnt\n|-damage|p1b: Landorus|0 fnt\n|faint|p1a: Grimmsnarl\n|faint|p1b: Landorus\n|\n|-weather|SunnyDay|[upkeep]\n|upkeep\n|\n|t:|1700944922\n|switch|p1b: Clefairy|Clefairy, L50, F|100\/100\n|switch|p1a: Iron Hands|Iron Hands, L50|100\/100\n|turn|3\n|inactive|Battle timer is ON: inactive players will automatically lose when time's up. (requested by yuuuuuuuuuj)\n|\n|t:|1700944942\n|switch|p2b: Indeedee|Indeedee-F, L50, F|100\/100\n|-fieldstart|move: Psychic Terrain|[from] ability: Psychic Surge|[of] p2b: Indeedee\n|-terastallize|p1a: Iron Hands|Water\n|move|p1a: Iron Hands|Belly Drum|p1a: Iron Hands\n|-damage|p1a: Iron Hands|51\/100\n|-setboost|p1a: Iron Hands|atk|6|[from] move: Belly Drum\n|move|p1b: Clefairy|Thunder Wave|p2a: Torkoal\n|-status|p2a: Torkoal|par\n|move|p2a: Torkoal|Eruption|p1a: Iron Hands|[spread] p1a,p1b\n|-resisted|p1a: Iron Hands\n|-damage|p1a: Iron Hands|19\/100\n|-damage|p1b: Clefairy|32\/100\n|-enditem|p1a: Iron Hands|Sitrus Berry|[eat]\n|-heal|p1a: Iron Hands|44\/100|[from] item: Sitrus Berry\n|\n|-weather|SunnyDay|[upkeep]\n|upkeep\n|turn|4\n|inactive|NoseToGrindstone has 30 seconds left.\n|\n|t:|1700944974\n|move|p2b: Indeedee|Follow Me|p2b: Indeedee\n|-singleturn|p2b: Indeedee|move: Follow Me\n|move|p1a: Iron Hands|Drain Punch|p2b: Indeedee\n|-damage|p2b: Indeedee|0 fnt\n|-heal|p1a: Iron Hands|78\/100|[from] drain|[of] p2b: Indeedee\n|faint|p2b: Indeedee\n|move|p1b: Clefairy|Heal Pulse|p1a: Iron Hands\n|-heal|p1a: Iron Hands|100\/100\n|move|p2a: Torkoal|Flamethrower|p1b: Clefairy\n|-damage|p1b: Clefairy|0 fnt\n|faint|p1b: Clefairy\n|\n|-weather|SunnyDay|[upkeep]\n|upkeep\n|\n|t:|1700944985\n|switch|p2b: Lilligant|Lilligant-Hisui, L50, F, tera:Ghost|100\/100 par\n|turn|5\n|\n|t:|1700944990\n|move|p2b: Lilligant|Sleep Powder|p1a: Iron Hands\n|-status|p1a: Iron Hands|slp|[from] move: Sleep Powder\n|cant|p1a: Iron Hands|slp\n|move|p2a: Torkoal|Clear Smog|p1a: Iron Hands\n|-damage|p1a: Iron Hands|88\/100 slp\n|-clearboost|p1a: Iron Hands\n|\n|-weather|none\n|upkeep\n|turn|6\n|-message|yuuuuuuuuuj forfeited.\n|\n|win|NoseToGrindstone\n|raw|yuuuuuuuuuj's rating: 1298 &rarr; <strong>1278<\/strong><br \/>(-20 for losing)\n|raw|NoseToGrindstone's rating: 1374 &rarr; <strong>1390<\/strong><br \/>(+16 for winning)\n|l|\u2606yuuuuuuuuuj\n","uploadtime":1700945010,"views":10,"p1id":"yuuuuuuuuuj","p2id":"nosetogrindstone","formatid":"gen9vgc2023regulatione","rating":1278,"private":0,"password":""}