{"id":"gen9vgc2023regulatione-1990876591","p1":"AXELLARAMENA","p2":"pedrofilipe","format":"[Gen 9] VGC 2023 Regulation E","log":"|j|\u2606AXELLARAMENA\n|j|\u2606pedrofilipe\n|t:|1700010342\n|gametype|doubles\n|player|p1|AXELLARAMENA|1|1123\n|player|p2|pedrofilipe|266|1050\n|teamsize|p1|6\n|teamsize|p2|6\n|gen|9\n|tier|[Gen 9] VGC 2023 Regulation E\n|rated|\n|rule|Species Clause: Limit one of each Pok\u00e9mon\n|rule|Item Clause: Limit one of each item\n|clearpoke\n|poke|p1|Torterra, L50, F|\n|poke|p1|Sinistcha, L50|\n|poke|p1|Grumpig, L50, F|\n|poke|p1|Talonflame, L50, F|\n|poke|p1|Ursaluna-Bloodmoon, L50, M|\n|poke|p1|Indeedee-F, L50, F|\n|poke|p2|Landorus-Therian, L50, M|\n|poke|p2|Heatran, L50, M|\n|poke|p2|Amoonguss, L50, F|\n|poke|p2|Ogerpon-Wellspring, L50, F|\n|poke|p2|Arcanine, L50, F|\n|poke|p2|Rillaboom, L50, M|\n|teampreview|4\n|inactive|Battle timer is ON: inactive players will automatically lose when time's up. (requested by pedrofilipe)\n|inactive|AXELLARAMENA has 60 seconds left.\npedrofilipe rejected open team sheets.\n|\n|t:|1700010440\n|start\n|switch|p1a: Ursaluna|Ursaluna-Bloodmoon, L50, M|100\/100\n|switch|p1b: Grumpig|Grumpig, L50, F, shiny|100\/100\n|switch|p2a: Amoonguss|Amoonguss, L50, F|100\/100\n|switch|p2b: Heatran|Heatran, L50, M|100\/100\n|turn|1\n|inactive|AXELLARAMENA has 30 seconds left.\n|\n|t:|1700010468\n|move|p1a: Ursaluna|Protect|p1a: Ursaluna\n|-singleturn|p1a: Ursaluna|Protect\n|move|p1b: Grumpig|Taunt|p2a: Amoonguss\n|-start|p2a: Amoonguss|move: Taunt\n|move|p2b: Heatran|Heat Wave|p1a: Ursaluna|[spread] \n|-activate|p1a: Ursaluna|move: Protect\n|-miss|p2b: Heatran|p1b: Grumpig\n|cant|p2a: Amoonguss|move: Taunt|Spore\n|\n|upkeep\n|turn|2\n|\n|t:|1700010487\n|switch|p2b: Ogerpon|Ogerpon-Wellspring, L50, F|100\/100\n|switch|p2a: Landorus|Landorus-Therian, L50, M|100\/100\n|-ability|p2a: Landorus|Intimidate|boost\n|-unboost|p1a: Ursaluna|atk|1\n|-unboost|p1b: Grumpig|atk|1\n|move|p1b: Grumpig|Simple Beam|p1a: Ursaluna\n|-endability|p1a: Ursaluna|Mind's Eye|[from] move: Simple Beam\n|-ability|p1a: Ursaluna|Simple|[from] move: Simple Beam\n|move|p1a: Ursaluna|Calm Mind|p1a: Ursaluna\n|-boost|p1a: Ursaluna|spa|2\n|-boost|p1a: Ursaluna|spd|2\n|\n|upkeep\n|turn|3\n|inactive|pedrofilipe has 30 seconds left.\n|\n|t:|1700010512\n|move|p1a: Ursaluna|Protect|p1a: Ursaluna\n|-singleturn|p1a: Ursaluna|Protect\n|move|p2b: Ogerpon|Ivy Cudgel|p1a: Ursaluna|[anim] Ivy Cudgel Water\n|-activate|p1a: Ursaluna|move: Protect\n|move|p2a: Landorus|Stomping Tantrum|p1b: Grumpig\n|-damage|p1b: Grumpig|54\/100\n|move|p1b: Grumpig|Trick Room|p1b: Grumpig\n|-fieldstart|move: Trick Room|[of] p1b: Grumpig\n|\n|upkeep\n|turn|4\n|\n|t:|1700010530\n|switch|p1b: Sinistcha|Sinistcha, L50, shiny|100\/100\n|-terastallize|p1a: Ursaluna|Fairy\n|move|p2b: Ogerpon|Spiky Shield|p2b: Ogerpon\n|-singleturn|p2b: Ogerpon|move: Protect\n|move|p1a: Ursaluna|Hyper Voice|p2b: Ogerpon|[spread] p2a\n|-activate|p2b: Ogerpon|move: Protect\n|-damage|p2a: Landorus|10\/100\n|-enditem|p1a: Ursaluna|Throat Spray\n|-boost|p1a: Ursaluna|spa|2|[from] item: Throat Spray\n|move|p2a: Landorus|Rock Slide|p1a: Ursaluna|[spread] p1a,p1b\n|-damage|p1a: Ursaluna|85\/100\n|-damage|p1b: Sinistcha|81\/100\n|\n|upkeep\n|turn|5\n|-message|pedrofilipe forfeited.\n|\n|win|AXELLARAMENA\n|raw|AXELLARAMENA's rating: 1123 &rarr; <strong>1143<\/strong><br \/>(+20 for winning)\n|raw|pedrofilipe's rating: 1050 &rarr; <strong>1036<\/strong><br \/>(-14 for losing)\n|l|\u2606pedrofilipe\n","uploadtime":1700010565,"views":8,"p1id":"axellaramena","p2id":"pedrofilipe","formatid":"gen9vgc2023regulatione","rating":1036,"private":0,"password":""}