{"id":"gen9vgc2023regulatione-1988605720","p1":"It'sJustKen VGC","p2":"raeyvix","format":"[Gen 9] VGC 2023 Regulation E","log":"|j|\u2606It'sJustKen VGC\n|j|\u2606raeyvix\n|t:|1699741172\n|gametype|doubles\n|player|p1|It'sJustKen VGC|turo|1322\n|player|p2|raeyvix|n|1264\n|teamsize|p1|6\n|teamsize|p2|6\n|gen|9\n|tier|[Gen 9] VGC 2023 Regulation E\n|rated|\n|rule|Species Clause: Limit one of each Pok\u00e9mon\n|rule|Item Clause: Limit one of each item\n|clearpoke\n|poke|p1|Ting-Lu, L50|\n|poke|p1|Palafin, L50, F|\n|poke|p1|Pelipper, L50, M|\n|poke|p1|Flutter Mane, L50|\n|poke|p1|Ogerpon-Hearthflame, L50, F|\n|poke|p1|Dragonite, L50, M|\n|poke|p2|Amoonguss, L50, M|\n|poke|p2|Iron Hands, L50|\n|poke|p2|Flutter Mane, L50|\n|poke|p2|Dudunsparce-*, L50, M|\n|poke|p2|Chi-Yu, L50|\n|poke|p2|Landorus, L50, M|\n|teampreview|4\n|inactive|Battle timer is ON: inactive players will automatically lose when time's up. (requested by It'sJustKen VGC)\n|inactive|It'sJustKen VGC has 60 seconds left.\n|inactive|raeyvix has 60 seconds left.\n|c|\u2606It'sJustKen VGC|glhf\n|inactive|It'sJustKen VGC has 30 seconds left.\n|inactive|It'sJustKen VGC has 20 seconds left.\n|inactive|It'sJustKen VGC has 15 seconds left.\n|inactive|It'sJustKen VGC has 10 seconds left.\n|\n|t:|1699741258\n|start\n|switch|p1a: Ogerpon|Ogerpon-Hearthflame, L50, F|100\/100\n|switch|p1b: Dragonite|Dragonite, L50, M|100\/100\n|switch|p2a: Dududududunsparce|Dudunsparce-Three-Segment, L50, M|100\/100\n|switch|p2b: Iron Hands|Iron Hands, L50|100\/100\n|-ability|p1a: Ogerpon|Mold Breaker\n|turn|1\n|\n|t:|1699741274\n|-terastallize|p1b: Dragonite|Flying\n|move|p1a: Ogerpon|Spiky Shield|p1a: Ogerpon\n|-singleturn|p1a: Ogerpon|move: Protect\n|move|p2b: Iron Hands|Fake Out|p1b: Dragonite\n|-damage|p1b: Dragonite|84\/100\n|move|p1b: Dragonite|Tera Blast|p2a: Dududududunsparce|[anim] Tera Blast Flying\n|-damage|p2a: Dududududunsparce|27\/100\n|move|p2a: Dududududunsparce|Tailwind|p2a: Dududududunsparce\n|-sidestart|p2: raeyvix|move: Tailwind\n|\n|upkeep\n|turn|2\n|\n|t:|1699741295\n|switch|p1b: Ting-Lu|Ting-Lu, L50|100\/100\n|-ability|p1b: Ting-Lu|Vessel of Ruin\n|move|p2a: Dududududunsparce|Rock Slide|p1a: Ogerpon|[spread] p1a,p1b\n|-supereffective|p1a: Ogerpon\n|-crit|p1a: Ogerpon\n|-resisted|p1b: Ting-Lu\n|-damage|p1a: Ogerpon|50\/100\n|-damage|p1b: Ting-Lu|96\/100\n|move|p1a: Ogerpon|Ivy Cudgel|p2a: Dududududunsparce\n|-damage|p2a: Dududududunsparce|0 fnt\n|faint|p2a: Dududududunsparce\n|move|p2b: Iron Hands|Wild Charge|p1b: Ting-Lu\n|-immune|p1b: Ting-Lu\n|\n|upkeep\n|\n|t:|1699741308\n|switch|p2a: Flutter Mane|Flutter Mane, L50|100\/100\n|-enditem|p2a: Flutter Mane|Booster Energy\n|-activate|p2a: Flutter Mane|ability: Protosynthesis|[fromitem]\n|-start|p2a: Flutter Mane|protosynthesisspe\n|turn|3\n|\n|t:|1699741324\n|switch|p1a: Pelipper|Pelipper, L50, M|100\/100\n|-weather|RainDance|[from] ability: Drizzle|[of] p1a: Pelipper\n|switch|p1b: Dragonite|Dragonite, L50, M, tera:Flying|84\/100\n|move|p2a: Flutter Mane|Shadow Ball|p1a: Pelipper\n|-damage|p1a: Pelipper|28\/100\n|move|p2b: Iron Hands|Drain Punch|p1b: Dragonite\n|-resisted|p1b: Dragonite\n|-damage|p1b: Dragonite|60\/100\n|\n|-weather|RainDance|[upkeep]\n|upkeep\n|turn|4\n|inactive|It'sJustKen VGC has 30 seconds left.\n|\n|t:|1699741355\n|switch|p1b: Ting-Lu|Ting-Lu, L50|96\/100\n|-ability|p1b: Ting-Lu|Vessel of Ruin\n|move|p2a: Flutter Mane|Protect|p2a: Flutter Mane\n|-singleturn|p2a: Flutter Mane|Protect\n|move|p1a: Pelipper|Protect|p1a: Pelipper\n|-singleturn|p1a: Pelipper|Protect\n|move|p2b: Iron Hands|Wild Charge|p1b: Ting-Lu\n|-immune|p1b: Ting-Lu\n|\n|-weather|RainDance|[upkeep]\n|-sideend|p2: raeyvix|move: Tailwind\n|upkeep\n|turn|5\n|\n|t:|1699741373\n|move|p1a: Pelipper|Wide Guard|p1a: Pelipper\n|-singleturn|p1a: Pelipper|Wide Guard\n|move|p2a: Flutter Mane|Dazzling Gleam|p1a: Pelipper|[spread] \n|-activate|p1a: Pelipper|move: Wide Guard\n|-activate|p1b: Ting-Lu|move: Wide Guard\n|move|p1b: Ting-Lu|Heavy Slam|p2a: Flutter Mane\n|-supereffective|p2a: Flutter Mane\n|-damage|p2a: Flutter Mane|0 fnt\n|faint|p2a: Flutter Mane\n|-end|p2a: Flutter Mane|Protosynthesis|[silent]\n|move|p2b: Iron Hands|Drain Punch|p1b: Ting-Lu\n|-supereffective|p1b: Ting-Lu\n|-damage|p1b: Ting-Lu|50\/100\n|\n|-weather|RainDance|[upkeep]\n|upkeep\n|\n|t:|1699741381\n|switch|p2a: Chi-Yu|Chi-Yu, L50|100\/100\n|-ability|p2a: Chi-Yu|Beads of Ruin\n|turn|6\n|inactive|It'sJustKen VGC has 30 seconds left.\n|inactive|It'sJustKen VGC has 20 seconds left.\n|\n|t:|1699741418\n|-terastallize|p2a: Chi-Yu|Grass\n|move|p1a: Pelipper|Wide Guard|p1a: Pelipper\n|-singleturn|p1a: Pelipper|Wide Guard\n|move|p2a: Chi-Yu|Tera Blast|p1b: Ting-Lu|[anim] Tera Blast Grass\n|-supereffective|p1b: Ting-Lu\n|-damage|p1b: Ting-Lu|0 fnt\n|faint|p1b: Ting-Lu\n|-damage|p2a: Chi-Yu|90\/100|[from] item: Life Orb\n|move|p2b: Iron Hands|Wild Charge|p1a: Pelipper\n|-supereffective|p1a: Pelipper\n|-damage|p1a: Pelipper|0 fnt\n|-damage|p2b: Iron Hands|84\/100|[from] item: Rocky Helmet|[of] p1a: Pelipper\n|faint|p1a: Pelipper\n|-damage|p2b: Iron Hands|80\/100|[from] Recoil\n|\n|-weather|RainDance|[upkeep]\n|-heal|p2b: Iron Hands|86\/100|[from] item: Leftovers\n|upkeep\n|\n|t:|1699741423\n|switch|p1a: Ogerpon|Ogerpon-Hearthflame, L50, F|50\/100\n|switch|p1b: Dragonite|Dragonite, L50, M, tera:Flying|60\/100\n|-ability|p1a: Ogerpon|Mold Breaker\n|turn|7\n|\n|t:|1699741445\n|move|p1a: Ogerpon|Spiky Shield|p1a: Ogerpon\n|-singleturn|p1a: Ogerpon|move: Protect\n|move|p2a: Chi-Yu|Protect|p2a: Chi-Yu\n|-singleturn|p2a: Chi-Yu|Protect\n|move|p1b: Dragonite|Extreme Speed|p2a: Chi-Yu\n|-activate|p2a: Chi-Yu|move: Protect\n|move|p2b: Iron Hands|Wild Charge|p1b: Dragonite\n|-supereffective|p1b: Dragonite\n|-damage|p1b: Dragonite|0 fnt\n|faint|p1b: Dragonite\n|-damage|p2b: Iron Hands|75\/100|[from] Recoil\n|\n|-weather|none\n|-heal|p2b: Iron Hands|81\/100|[from] item: Leftovers\n|upkeep\n|turn|8\n|inactive|It'sJustKen VGC has 30 seconds left.\n|\n|t:|1699741474\n|move|p1a: Ogerpon|Ivy Cudgel|p2a: Chi-Yu\n|-supereffective|p2a: Chi-Yu\n|-damage|p2a: Chi-Yu|0 fnt\n|faint|p2a: Chi-Yu\n|move|p2b: Iron Hands|Drain Punch|p1a: Ogerpon\n|-damage|p1a: Ogerpon|0 fnt\n|-heal|p2b: Iron Hands|98\/100|[from] drain|[of] p1a: Ogerpon\n|faint|p1a: Ogerpon\n|\n|win|raeyvix\n|raw|It&apos;sJustKen VGC's rating: 1322 &rarr; <strong>1299<\/strong><br \/>(-23 for losing)\n|raw|raeyvix's rating: 1264 &rarr; <strong>1293<\/strong><br \/>(+29 for winning)\n|c|\u2606It'sJustKen VGC|gg wp\n|l|\u2606raeyvix\n","uploadtime":1699741488,"views":11,"p1id":"itsjustkenvgc","p2id":"raeyvix","formatid":"gen9vgc2023regulatione","rating":1293,"private":0,"password":""}