{"id":"gen9vgc2023regulatione-1991150236","p1":"Jippt351","p2":"JammVGC","format":"[Gen 9] VGC 2023 Regulation E","log":"|j|\u2606Jippt351\n|j|\u2606JammVGC\n|t:|1700050463\n|gametype|doubles\n|player|p1|Jippt351|lucas|1354\n|player|p2|JammVGC|marshal|1381\n|teamsize|p1|6\n|teamsize|p2|6\n|gen|9\n|tier|[Gen 9] VGC 2023 Regulation E\n|rated|\n|rule|Species Clause: Limit one of each Pok\u00e9mon\n|rule|Item Clause: Limit one of each item\n|clearpoke\n|poke|p1|Tornadus, L50, M|\n|poke|p1|Flutter Mane, L50|\n|poke|p1|Regidrago, L50|\n|poke|p1|Heatran, L50, M|\n|poke|p1|Urshifu-*, L50, M|\n|poke|p1|Farigiraf, L50, M|\n|poke|p2|Arcanine-Hisui, L50, F|\n|poke|p2|Gholdengo, L50|\n|poke|p2|Thundurus-Therian, L50, M|\n|poke|p2|Urshifu-*, L50, F|\n|poke|p2|Rillaboom, L50, M|\n|poke|p2|Roaring Moon, L50|\n|teampreview|4\n|inactive|Battle timer is ON: inactive players will automatically lose when time's up. (requested by Jippt351)\n|inactive|JammVGC has 60 seconds left.\n|l|\u2606Jippt351\n|inactive|Jippt351 disconnected and has a minute to reconnect!\n|player|p1|\n|inactive|JammVGC has 30 seconds left.\n|\n|t:|1700050526\n|start\n|switch|p1a: Tornadus|Tornadus, L50, M|100\/100\n|switch|p1b: Heatran|Heatran, L50, M|100\/100\n|switch|p2a: Thundurus|Thundurus-Therian, L50, M|100\/100\n|switch|p2b: Rillaboom|Rillaboom, L50, M|100\/100\n|-fieldstart|move: Grassy Terrain|[from] ability: Grassy Surge|[of] p2b: Rillaboom\n|turn|1\n|j|\u2606Jippt351\n|inactive|Jippt351 reconnected and has 55 seconds left.\n|player|p1|Jippt351|lucas\n|\n|t:|1700050540\n|switch|p2b: Roaring Moon|Roaring Moon, L50|100\/100\n|-enditem|p2b: Roaring Moon|Booster Energy\n|-activate|p2b: Roaring Moon|ability: Protosynthesis|[fromitem]\n|-start|p2b: Roaring Moon|protosynthesisatk\n|move|p1b: Heatran|Protect|p1b: Heatran\n|-singleturn|p1b: Heatran|Protect\n|move|p1a: Tornadus|Tailwind|p1a: Tornadus\n|-sidestart|p1: Jippt351|move: Tailwind\n|move|p2a: Thundurus|Thunderbolt|p1a: Tornadus\n|-supereffective|p1a: Tornadus\n|-enditem|p1a: Tornadus|Focus Sash\n|-damage|p1a: Tornadus|1\/100\n|-status|p1a: Tornadus|par\n|\n|upkeep\n|turn|2\n|l|\u2606Jippt351\n|inactive|Jippt351 disconnected and has a minute to reconnect!\n|player|p1|\n|inactive|Jippt351 has 30 seconds left.\n|j|\u2606Jippt351\n|inactive|Jippt351 reconnected and has 25 seconds left.\n|player|p1|Jippt351|lucas\n|\n|t:|1700050574\n|move|p1a: Tornadus|Sunny Day|p1a: Tornadus\n|-weather|SunnyDay\n|move|p1b: Heatran|Heat Wave|p2a: Thundurus|[spread] p2a,p2b\n|-resisted|p2b: Roaring Moon\n|-damage|p2a: Thundurus|10\/100\n|-damage|p2b: Roaring Moon|67\/100\n|-enditem|p2a: Thundurus|Sitrus Berry|[eat]\n|-heal|p2a: Thundurus|35\/100|[from] item: Sitrus Berry\n|-damage|p1b: Heatran|91\/100|[from] item: Life Orb\n|move|p2b: Roaring Moon|Tailwind|p2b: Roaring Moon\n|-sidestart|p2: JammVGC|move: Tailwind\n|move|p2a: Thundurus|Wildbolt Storm|p1a: Tornadus|[spread] p1a\n|-miss|p2a: Thundurus|p1b: Heatran\n|-supereffective|p1a: Tornadus\n|-damage|p1a: Tornadus|0 fnt\n|faint|p1a: Tornadus\n|\n|-weather|SunnyDay|[upkeep]\n|-heal|p2b: Roaring Moon|73\/100|[from] Grassy Terrain\n|-heal|p1b: Heatran|97\/100|[from] Grassy Terrain\n|upkeep\n|\n|t:|1700050580\n|switch|p1a: Regidrago|Regidrago, L50|100\/100\n|turn|3\n|\n|t:|1700050598\n|-terastallize|p1a: Regidrago|Poison\n|move|p2b: Roaring Moon|Protect|p2b: Roaring Moon\n|-singleturn|p2b: Roaring Moon|Protect\n|move|p1a: Regidrago|Draco Meteor|p2b: Roaring Moon\n|-activate|p2b: Roaring Moon|move: Protect\n|move|p2a: Thundurus|Wildbolt Storm|p1a: Regidrago|[spread] p1b\n|-miss|p2a: Thundurus|p1a: Regidrago\n|-damage|p1b: Heatran|54\/100\n|move|p1b: Heatran|Heat Wave|p2a: Thundurus|[spread] p2a\n|-activate|p2b: Roaring Moon|move: Protect\n|-damage|p2a: Thundurus|0 fnt\n|faint|p2a: Thundurus\n|-damage|p1b: Heatran|45\/100|[from] item: Life Orb\n|\n|-weather|SunnyDay|[upkeep]\n|-heal|p2b: Roaring Moon|79\/100|[from] Grassy Terrain\n|-heal|p1b: Heatran|51\/100|[from] Grassy Terrain\n|upkeep\n|j| fheopjgaoijfaofjo\n|\n|t:|1700050611\n|switch|p2a: Rillaboom|Rillaboom, L50, M|100\/100\n|turn|4\n|\n|t:|1700050623\n|move|p2a: Rillaboom|Fake Out|p1a: Regidrago\n|-damage|p1a: Regidrago|85\/100\n|move|p2b: Roaring Moon|Knock Off|p1b: Heatran\n|-damage|p1b: Heatran|0 fnt\n|-enditem|p1b: Heatran|Life Orb|[from] move: Knock Off|[of] p2b: Roaring Moon\n|faint|p1b: Heatran\n|cant|p1a: Regidrago|flinch\n|\n|-weather|SunnyDay|[upkeep]\n|-heal|p2b: Roaring Moon|85\/100|[from] Grassy Terrain\n|-heal|p1a: Regidrago|91\/100|[from] Grassy Terrain\n|-sideend|p1: Jippt351|move: Tailwind\n|upkeep\n|\n|t:|1700050628\n|switch|p1b: Flutter Mane|Flutter Mane, L50|100\/100\n|-activate|p1b: Flutter Mane|ability: Protosynthesis\n|-start|p1b: Flutter Mane|protosynthesisspa\n|turn|5\n|inactive|JammVGC has 30 seconds left.\n|inactive|JammVGC has 20 seconds left.\n|\n|t:|1700050663\n|-terastallize|p2b: Roaring Moon|Poison\n|move|p1b: Flutter Mane|Protect|p1b: Flutter Mane\n|-singleturn|p1b: Flutter Mane|Protect\n|move|p1a: Regidrago|Protect|p1a: Regidrago\n|-singleturn|p1a: Regidrago|Protect\n|move|p2b: Roaring Moon|Knock Off|p1b: Flutter Mane\n|-activate|p1b: Flutter Mane|move: Protect\n|move|p2a: Rillaboom|U-turn|p1a: Regidrago\n|-activate|p1a: Regidrago|move: Protect\n|\n|-weather|SunnyDay|[upkeep]\n|-heal|p2b: Roaring Moon|91\/100|[from] Grassy Terrain\n|-heal|p1a: Regidrago|98\/100|[from] Grassy Terrain\n|-sideend|p2: JammVGC|move: Tailwind\n|-fieldend|move: Grassy Terrain\n|upkeep\n|turn|6\n|\n|t:|1700050682\n|switch|p2a: Urshifu|Urshifu-Rapid-Strike, L50, F|100\/100\n|move|p2b: Roaring Moon|Protect|p2b: Roaring Moon\n|-singleturn|p2b: Roaring Moon|Protect\n|move|p1b: Flutter Mane|Dazzling Gleam|p2a: Urshifu|[spread] p2a\n|-activate|p2b: Roaring Moon|move: Protect\n|-supereffective|p2a: Urshifu\n|-damage|p2a: Urshifu|10\/100\n|move|p1a: Regidrago|Dragon Energy|p2a: Urshifu|[spread] p2a\n|-activate|p2b: Roaring Moon|move: Protect\n|-damage|p2a: Urshifu|0 fnt\n|faint|p2a: Urshifu\n|\n|-weather|none\n|-end|p1b: Flutter Mane|Protosynthesis\n|upkeep\n|-enditem|p1b: Flutter Mane|Booster Energy\n|-activate|p1b: Flutter Mane|ability: Protosynthesis|[fromitem]\n|-start|p1b: Flutter Mane|protosynthesisspa\n|\n|t:|1700050693\n|switch|p2a: Rillaboom|Rillaboom, L50, M|100\/100\n|-fieldstart|move: Grassy Terrain|[from] ability: Grassy Surge|[of] p2a: Rillaboom\n|turn|7\n|\n|t:|1700050698\n|move|p1b: Flutter Mane|Protect|p1b: Flutter Mane\n|-singleturn|p1b: Flutter Mane|Protect\n|move|p1a: Regidrago|Protect|p1a: Regidrago\n|-singleturn|p1a: Regidrago|Protect\n|move|p2a: Rillaboom|Fake Out|p1a: Regidrago\n|-activate|p1a: Regidrago|move: Protect\n|move|p2b: Roaring Moon|Tailwind|p2b: Roaring Moon\n|-sidestart|p2: JammVGC|move: Tailwind\n|\n|-heal|p2b: Roaring Moon|97\/100|[from] Grassy Terrain\n|-heal|p1a: Regidrago|100\/100|[from] Grassy Terrain\n|upkeep\n|turn|8\n|l|\u2606Jippt351\n|inactive|Jippt351 disconnected and has a minute to reconnect!\n|player|p1|\n|j|\u2606Jippt351\n|inactive|Jippt351 reconnected and has 35 seconds left.\n|player|p1|Jippt351|lucas\n|inactive|Jippt351 has 30 seconds left.\n|\n|t:|1700050723\n|move|p2a: Rillaboom|Grassy Glide|p1b: Flutter Mane\n|-crit|p1b: Flutter Mane\n|-damage|p1b: Flutter Mane|3\/100\n|move|p2b: Roaring Moon|Knock Off|p1a: Regidrago\n|-damage|p1a: Regidrago|27\/100\n|-enditem|p1a: Regidrago|Dragon Fang|[from] move: Knock Off|[of] p2b: Roaring Moon\n|move|p1b: Flutter Mane|Dazzling Gleam|p2b: Roaring Moon|[spread] p2a,p2b\n|-resisted|p2b: Roaring Moon\n|-damage|p2a: Rillaboom|71\/100\n|-damage|p2b: Roaring Moon|80\/100\n|move|p1a: Regidrago|Dragon Energy|p2a: Rillaboom|[spread] p2a,p2b\n|-damage|p2a: Rillaboom|55\/100\n|-damage|p2b: Roaring Moon|60\/100\n|\n|-heal|p2b: Roaring Moon|66\/100|[from] Grassy Terrain\n|-heal|p2a: Rillaboom|61\/100|[from] Grassy Terrain\n|-heal|p1b: Flutter Mane|9\/100|[from] Grassy Terrain\n|-heal|p1a: Regidrago|33\/100|[from] Grassy Terrain\n|upkeep\n|turn|9\n|l|\u2606Jippt351\n|inactive|Jippt351 disconnected and has a minute to reconnect!\n|player|p1|\n|j|\u2606Jippt351\n|inactive|Jippt351 reconnected and has 35 seconds left.\n|player|p1|Jippt351|lucas\n|inactive|Jippt351 has 30 seconds left.\n|\n|t:|1700050751\n|move|p1b: Flutter Mane|Protect|p1b: Flutter Mane\n|-singleturn|p1b: Flutter Mane|Protect\n|move|p1a: Regidrago|Protect|p1a: Regidrago\n|-singleturn|p1a: Regidrago|Protect\n|move|p2a: Rillaboom|Grassy Glide|p1b: Flutter Mane\n|-activate|p1b: Flutter Mane|move: Protect\n|move|p2b: Roaring Moon|Acrobatics|p1a: Regidrago\n|-activate|p1a: Regidrago|move: Protect\n|\n|-heal|p2b: Roaring Moon|72\/100|[from] Grassy Terrain\n|-heal|p2a: Rillaboom|67\/100|[from] Grassy Terrain\n|-heal|p1b: Flutter Mane|15\/100|[from] Grassy Terrain\n|-heal|p1a: Regidrago|40\/100|[from] Grassy Terrain\n|upkeep\n|turn|10\n|\n|t:|1700050759\n|move|p1b: Flutter Mane|Protect|p1b: Flutter Mane\n|-singleturn|p1b: Flutter Mane|Protect\n|move|p1a: Regidrago|Protect||[still]\n|-fail|p1a: Regidrago\n|move|p2a: Rillaboom|Grassy Glide|p1b: Flutter Mane\n|-activate|p1b: Flutter Mane|move: Protect\n|move|p2b: Roaring Moon|Knock Off|p1a: Regidrago\n|-damage|p1a: Regidrago|0 fnt\n|faint|p1a: Regidrago\n|\n|-heal|p2b: Roaring Moon|78\/100|[from] Grassy Terrain\n|-heal|p2a: Rillaboom|73\/100|[from] Grassy Terrain\n|-heal|p1b: Flutter Mane|21\/100|[from] Grassy Terrain\n|-sideend|p2: JammVGC|move: Tailwind\n|upkeep\n|turn|11\n|\n|t:|1700050773\n|move|p2a: Rillaboom|Grassy Glide|p1b: Flutter Mane\n|-damage|p1b: Flutter Mane|0 fnt\n|faint|p1b: Flutter Mane\n|-end|p1b: Flutter Mane|Protosynthesis|[silent]\n|\n|win|JammVGC\n|raw|Jippt351's rating: 1354 &rarr; <strong>1336<\/strong><br \/>(-18 for losing)\n|raw|JammVGC's rating: 1381 &rarr; <strong>1399<\/strong><br \/>(+18 for winning)\n","uploadtime":1700050779,"views":9,"p1id":"jippt351","p2id":"jammvgc","formatid":"gen9vgc2023regulatione","rating":1336,"private":0,"password":""}