{"id":"gen9vgc2023regulatione-2000476884","p1":"tomma","p2":"Mortipherus","format":"[Gen 9] VGC 2023 Regulation E","log":"|j|\u2606tomma\n|j|\u2606Mortipherus\n|n|\u2606tomma|tomma\n|n|\u2606Mortipherus|mortipherus\n|html|View the match progress at <a href=\"\/game-bestof3-gen9vgc2023regulatione-2000475352\">game-bestof3-gen9vgc2023regulatione-2000475352<\/a>\n|t:|1701198050\n|gametype|doubles\n|player|p1|tomma|170|\n|player|p2|Mortipherus|biker-gen4|\n|teamsize|p1|6\n|teamsize|p2|6\n|gen|9\n|tier|[Gen 9] VGC 2023 Regulation E\n|rule|Species Clause: Limit one of each Pok\u00e9mon\n|rule|Item Clause: Limit one of each item\n|clearpoke\n|poke|p1|Iron Hands, L50|\n|poke|p1|Sinistcha, L50|\n|poke|p1|Clefairy, L50, F|\n|poke|p1|Thundurus, L50, M|\n|poke|p1|Roaring Moon, L50|\n|poke|p1|Landorus-Therian, L50, M|\n|poke|p2|Ursaluna-Bloodmoon, L50, M|\n|poke|p2|Iron Hands, L50|\n|poke|p2|Flutter Mane, L50|\n|poke|p2|Ogerpon-Cornerstone, L50, F|\n|poke|p2|Farigiraf, L50, F|\n|poke|p2|Urshifu-*, L50, M|\n|teampreview|4\n|inactive|Battle timer is ON: inactive players will automatically lose when time's up. (requested by tomma)\ntomma has agreed to open team sheets.\nMortipherus has agreed to open team sheets.\n|showteam|p1|Iron Hands||SitrusBerry|QuarkDrive|DrainPunch,ThunderPunch,BellyDrum,Detect||||||50|,,,,,Water]Sinistcha||RockyHelmet|Hospitality|MatchaGotcha,RagePowder,StrengthSap,TrickRoom||||||50|,,,,,Fire]Clefairy||Eviolite|FriendGuard|HealPulse,FollowMe,Encore,Protect|||F|||50|,,,,,Grass]Thundurus||AguavBerry|Prankster|WildboltStorm,EerieImpulse,Taunt,ScaryFace|||M|||50|,,,,,Ghost]Roaring Moon||BoosterEnergy|Protosynthesis|Acrobatics,KnockOff,DragonDance,Protect||||||50|,,,,,Flying]Landorus-Therian||ChoiceScarf|Intimidate|Earthquake,StompingTantrum,RockSlide,Uturn|||M|||50|,,,,,Ground\n|showteam|p2|Ursaluna-Bloodmoon||LifeOrb|MindsEye|Protect,BloodMoon,HyperVoice,EarthPower|||M|||50|,,,,,Normal]Iron Hands||AssaultVest|QuarkDrive|FakeOut,DrainPunch,WildCharge,IcePunch||||||50|,,,,,Grass]Flutter Mane||BoosterEnergy|Protosynthesis|Protect,IcyWind,Moonblast,ShadowBall||||||50|,,,,,Fairy]Ogerpon-Cornerstone||CornerstoneMask|Sturdy|SpikyShield,FollowMe,IvyCudgel,WoodHammer|||F|||50|,,,,,Rock]Farigiraf||SitrusBerry|ArmorTail|TrickRoom,HelpingHand,Psychic,DazzlingGleam|||F|||50|,,,,,Fire]Urshifu||ChoiceBand|UnseenFist|WickedBlow,SuckerPunch,CloseCombat,PoisonJab|||M|||50|,,,,,Poison\n|inactive|Mortipherus has 30 seconds left.\n|inactive|Mortipherus has 20 seconds left.\n|inactive|Mortipherus has 15 seconds left.\n|inactive|Mortipherus has 10 seconds left.\n|inactive|Mortipherus has 5 seconds left.\n|\n|t:|1701198109\n|start\n|switch|p1a: Iron Hands|Iron Hands, L50|100\/100\n|switch|p1b: Clefairy|Clefairy, L50, F|100\/100\n|switch|p2a: Ogerpon|Ogerpon-Cornerstone, L50, F|100\/100\n|switch|p2b: Iron Hands|Iron Hands, L50|100\/100\n|turn|1\n|\n|t:|1701198132\n|move|p1a: Iron Hands|Detect|p1a: Iron Hands\n|-singleturn|p1a: Iron Hands|Protect\n|move|p1b: Clefairy|Protect|p1b: Clefairy\n|-singleturn|p1b: Clefairy|Protect\n|move|p2b: Iron Hands|Fake Out|p1a: Iron Hands\n|-activate|p1a: Iron Hands|move: Protect\n|move|p2a: Ogerpon|Ivy Cudgel|p1b: Clefairy|[anim] Ivy Cudgel Rock\n|-activate|p1b: Clefairy|move: Protect\n|\n|upkeep\n|turn|2\n|\n|t:|1701198149\n|-end|p2b: Iron Hands|Quark Drive|[silent]\n|switch|p2b: Flutter Mane|Flutter Mane, L50, shiny|100\/100\n|-enditem|p2b: Flutter Mane|Booster Energy\n|-activate|p2b: Flutter Mane|ability: Protosynthesis|[fromitem]\n|-start|p2b: Flutter Mane|protosynthesisspe\n|move|p2a: Ogerpon|Wood Hammer|p1a: Iron Hands\n|-damage|p1a: Iron Hands|68\/100\n|-damage|p2a: Ogerpon|86\/100|[from] Recoil\n|move|p1a: Iron Hands|Belly Drum|p1a: Iron Hands\n|-damage|p1a: Iron Hands|18\/100\n|-setboost|p1a: Iron Hands|atk|6|[from] move: Belly Drum\n|-enditem|p1a: Iron Hands|Sitrus Berry|[eat]\n|-heal|p1a: Iron Hands|43\/100|[from] item: Sitrus Berry\n|move|p1b: Clefairy|Heal Pulse|p1a: Iron Hands\n|-heal|p1a: Iron Hands|93\/100\n|\n|upkeep\n|turn|3\n|\n|t:|1701198173\n|-terastallize|p1a: Iron Hands|Water\n|move|p2a: Ogerpon|Follow Me|p2a: Ogerpon\n|-singleturn|p2a: Ogerpon|move: Follow Me\n|move|p1b: Clefairy|Follow Me|p1b: Clefairy\n|-singleturn|p1b: Clefairy|move: Follow Me\n|move|p2b: Flutter Mane|Moonblast|p1b: Clefairy\n|-damage|p1b: Clefairy|57\/100\n|move|p1a: Iron Hands|Drain Punch|p2a: Ogerpon\n|-supereffective|p2a: Ogerpon\n|-damage|p2a: Ogerpon|0 fnt\n|-heal|p1a: Iron Hands|100\/100|[from] drain|[of] p2a: Ogerpon\n|faint|p2a: Ogerpon\n|\n|upkeep\n|\n|t:|1701198185\n|switch|p2a: Iron Hands|Iron Hands, L50|100\/100\n|turn|4\n|\n|t:|1701198195\n|-terastallize|p2b: Flutter Mane|Fairy\n|move|p1a: Iron Hands|Detect|p1a: Iron Hands\n|-singleturn|p1a: Iron Hands|Protect\n|move|p2b: Flutter Mane|Moonblast|p1a: Iron Hands\n|-activate|p1a: Iron Hands|move: Protect\n|move|p2a: Iron Hands|Wild Charge|p1a: Iron Hands\n|-activate|p1a: Iron Hands|move: Protect\n|move|p1b: Clefairy|Encore|p2a: Iron Hands\n|-start|p2a: Iron Hands|Encore\n|\n|upkeep\n|turn|5\n|\n|t:|1701198215\n|move|p1b: Clefairy|Follow Me|p1b: Clefairy\n|-singleturn|p1b: Clefairy|move: Follow Me\n|move|p2b: Flutter Mane|Moonblast|p1b: Clefairy\n|-crit|p1b: Clefairy\n|-damage|p1b: Clefairy|0 fnt\n|faint|p1b: Clefairy\n|move|p2a: Iron Hands|Wild Charge|p1a: Iron Hands\n|-supereffective|p1a: Iron Hands\n|-damage|p1a: Iron Hands|37\/100\n|-damage|p2a: Iron Hands|83\/100|[from] Recoil\n|move|p1a: Iron Hands|Thunder Punch|p2b: Flutter Mane\n|-damage|p2b: Flutter Mane|0 fnt\n|faint|p2b: Flutter Mane\n|-end|p2b: Flutter Mane|Protosynthesis|[silent]\n|\n|upkeep\n|\n|t:|1701198227\n|switch|p2b: Ursaluna|Ursaluna-Bloodmoon, L50, M|100\/100\n|switch|p1b: Sinistcha|Sinistcha, L50|100\/100\n|-heal|p1a: Iron Hands|62\/100|[from] ability: Hospitality|[of] p1b: Sinistcha\n|turn|6\n|\n|t:|1701198239\n|move|p1b: Sinistcha|Rage Powder|p1b: Sinistcha\n|-singleturn|p1b: Sinistcha|move: Rage Powder\n|move|p2a: Iron Hands|Wild Charge|p1b: Sinistcha\n|-resisted|p1b: Sinistcha\n|-damage|p1b: Sinistcha|82\/100\n|-damage|p2a: Iron Hands|67\/100|[from] item: Rocky Helmet|[of] p1b: Sinistcha\n|-damage|p2a: Iron Hands|64\/100|[from] Recoil\n|move|p1a: Iron Hands|Drain Punch|p2a: Iron Hands\n|-damage|p2a: Iron Hands|0 fnt\n|-heal|p1a: Iron Hands|92\/100|[from] drain|[of] p2a: Iron Hands\n|faint|p2a: Iron Hands\n|-end|p2a: Iron Hands|Quark Drive|[silent]\n|move|p2b: Ursaluna|Hyper Voice|p1b: Sinistcha|[spread] p1a,p1b\n|-damage|p1a: Iron Hands|57\/100\n|-damage|p1b: Sinistcha|27\/100\n|-damage|p2b: Ursaluna|91\/100|[from] item: Life Orb\n|\n|upkeep\n|turn|7\n|\n|t:|1701198251\n|move|p1b: Sinistcha|Matcha Gotcha|p2b: Ursaluna\n|-supereffective|p2b: Ursaluna\n|-damage|p2b: Ursaluna|15\/100\n|-heal|p1b: Sinistcha|72\/100|[from] drain|[of] p2b: Ursaluna\n|move|p1a: Iron Hands|Drain Punch|p2b: Ursaluna\n|-supereffective|p2b: Ursaluna\n|-damage|p2b: Ursaluna|0 fnt\n|-heal|p1a: Iron Hands|63\/100|[from] drain|[of] p2b: Ursaluna\n|faint|p2b: Ursaluna\n|\n|win|tomma\n|c|&|\/uhtml prompt-tomma,tomma is ready for game 3!\n|c|&|\/uhtml prompt-mortipherus,Mortipherus is ready for game 3!\nBoth players are ready! Starting next match!\n|l|\u2606tomma\n","uploadtime":1701198464,"views":1,"p1id":"tomma","p2id":"mortipherus","formatid":"gen9vgc2023regulatione","rating":0,"private":0,"password":""}