{"id":"gen9vgc2023regulatione-1988591388","p1":"Raikou sailor","p2":"Mr. Memer McMemes","format":"[Gen 9] VGC 2023 Regulation E","log":"|j|\u2606Raikou sailor\n|j|\u2606Mr. Memer McMemes\n|t:|1699739581\n|gametype|doubles\n|player|p1|Raikou sailor|lass-gen4dp|1323\n|player|p2|Mr. Memer McMemes|101|1352\n|teamsize|p1|6\n|teamsize|p2|6\n|gen|9\n|tier|[Gen 9] VGC 2023 Regulation E\n|rated|\n|rule|Species Clause: Limit one of each Pok\u00e9mon\n|rule|Item Clause: Limit one of each item\n|clearpoke\n|poke|p1|Trevenant, L50, F|\n|poke|p1|Ogerpon-Wellspring, L50, F|\n|poke|p1|Torkoal, L50, M|\n|poke|p1|Ursaluna, L50, F|\n|poke|p1|Iron Hands, L50|\n|poke|p1|Farigiraf, L50, F|\n|poke|p2|Chi-Yu, L50|\n|poke|p2|Iron Hands, L50|\n|poke|p2|Flutter Mane, L50|\n|poke|p2|Ogerpon-Hearthflame, L50, F|\n|poke|p2|Tornadus, L50, M|\n|poke|p2|Urshifu-*, L50, M|\n|teampreview|4\n|inactive|Battle timer is ON: inactive players will automatically lose when time's up. (requested by Raikou sailor)\n|c|\u2606Raikou sailor|GLHF\n|\n|t:|1699739610\n|start\n|switch|p1a: Far From Good|Farigiraf, L50, F, shiny|100\/100\n|switch|p1b: Poggers|Ogerpon-Wellspring, L50, F|100\/100\n|switch|p2a: Chi-Yu|Chi-Yu, L50|100\/100\n|switch|p2b: Tornadus|Tornadus, L50, M|100\/100\n|-ability|p2a: Chi-Yu|Beads of Ruin\n|turn|1\n|inactive|Raikou sailor has 30 seconds left.\n|\n|t:|1699739643\n|-terastallize|p1b: Poggers|Water\n|detailschange|p1b: Poggers|Ogerpon-Wellspring-Tera, L50, F, tera:Water\n|-ability|p1b: Poggers|Embody Aspect (Wellspring)|boost\n|-boost|p1b: Poggers|spd|1\n|move|p1b: Poggers|Follow Me|p1b: Poggers\n|-singleturn|p1b: Poggers|move: Follow Me\n|move|p2a: Chi-Yu|Snarl|p1a: Far From Good|[spread] p1b\n|-miss|p2a: Chi-Yu|p1a: Far From Good\n|-damage|p1b: Poggers|80\/100\n|-unboost|p1b: Poggers|spa|1\n|-damage|p2a: Chi-Yu|91\/100|[from] item: Life Orb\n|move|p2b: Tornadus|Bleakwind Storm|p1b: Poggers|[spread] p1a,p1b\n|-damage|p1a: Far From Good|58\/100\n|-damage|p1b: Poggers|50\/100\n|move|p1a: Far From Good|Trick Room|p1a: Far From Good\n|-fieldstart|move: Trick Room|[of] p1a: Far From Good\n|\n|upkeep\n|turn|2\n|\n|t:|1699739668\n|move|p2a: Chi-Yu|Protect|p2a: Chi-Yu\n|-singleturn|p2a: Chi-Yu|Protect\n|move|p1a: Far From Good|Dazzling Gleam|p2b: Tornadus|[spread] p2b\n|-activate|p2a: Chi-Yu|move: Protect\n|-damage|p2b: Tornadus|79\/100\n|move|p1b: Poggers|Ivy Cudgel|p2a: Chi-Yu\n|-activate|p2a: Chi-Yu|move: Protect\n|move|p2b: Tornadus|Bleakwind Storm|p1a: Far From Good|[spread] p1a,p1b\n|-damage|p1a: Far From Good|14\/100\n|-damage|p1b: Poggers|18\/100\n|\n|upkeep\n|turn|3\n|inactive|Mr. Memer McMemes has 30 seconds left.\n|\n|t:|1699739696\n|switch|p2a: Iron Hands|Iron Hands, L50|100\/100\n|move|p1a: Far From Good|Dazzling Gleam|p2a: Iron Hands|[spread] p2a,p2b\n|-supereffective|p2a: Iron Hands\n|-damage|p2a: Iron Hands|83\/100\n|-damage|p2b: Tornadus|62\/100\n|move|p1b: Poggers|Ivy Cudgel|p2a: Iron Hands\n|-damage|p2a: Iron Hands|29\/100\n|move|p2b: Tornadus|Knock Off|p1a: Far From Good\n|-supereffective|p1a: Far From Good\n|-damage|p1a: Far From Good|0 fnt\n|-enditem|p1a: Far From Good|Safety Goggles|[from] move: Knock Off|[of] p2b: Tornadus\n|faint|p1a: Far From Good\n|\n|upkeep\n|inactive|Raikou sailor has 30 seconds left.\n|inactive|Raikou sailor has 20 seconds left.\n|inactive|Raikou sailor has 15 seconds left.\n|inactive|Raikou sailor has 10 seconds left.\n|c|\u2606Mr. Memer McMemes|Oh dang I didn\u2019t see your message lol glhf as well\n|\n|t:|1699739745\n|switch|p1a: Trek|Torkoal, L50, M, shiny|100\/100\n|-weather|SunnyDay|[from] ability: Drought|[of] p1a: Trek\n|-item|p1a: Trek|Air Balloon\n|turn|4\n|inactiveoff|Battle timer is now OFF.\n|l|\u2606Raikou sailor\n|player|p1|\n|inactive|Battle timer is ON: inactive players will automatically lose when time's up. (requested by Mr. Memer McMemes)\n|j|\u2606Raikou sailor\n|inactive|Raikou sailor reconnected and has 55 seconds left.\n|player|p1|Raikou sailor|lass-gen4dp\n|inactive|Raikou sailor also wants the timer to be on.\n|inactive|Mr. Memer McMemes no longer wants the timer on, but the timer is staying on because raikousailor still does.\n|\n|t:|1699739819\n|move|p2a: Iron Hands|Fake Out|p1a: Trek\n|-damage|p1a: Trek|90\/100\n|-enditem|p1a: Trek|Air Balloon\n|cant|p1a: Trek|flinch\n|move|p1b: Poggers|Ivy Cudgel|p2b: Tornadus\n|-damage|p2b: Tornadus|16\/100\n|move|p2b: Tornadus|Bleakwind Storm|p1a: Trek|[spread] p1a\n|-miss|p2b: Tornadus|p1b: Poggers\n|-damage|p1a: Trek|42\/100\n|\n|-weather|SunnyDay|[upkeep]\n|upkeep\n|turn|5\n|\n|t:|1699739838\n|move|p2b: Tornadus|Tailwind|p2b: Tornadus\n|-sidestart|p2: Mr. Memer McMemes|move: Tailwind\n|move|p1a: Trek|Heat Wave|p2b: Tornadus|[spread] p2a,p2b\n|-damage|p2a: Iron Hands|2\/100\n|-damage|p2b: Tornadus|0 fnt\n|faint|p2b: Tornadus\n|move|p1b: Poggers|Ivy Cudgel|p2a: Iron Hands\n|-damage|p2a: Iron Hands|0 fnt\n|faint|p2a: Iron Hands\n|-end|p2a: Iron Hands|Quark Drive|[silent]\n|\n|-weather|SunnyDay|[upkeep]\n|-fieldend|move: Trick Room\n|upkeep\n|\n|t:|1699739846\n|switch|p2b: Ogerpon|Ogerpon-Hearthflame, L50, F|100\/100\n|switch|p2a: Chi-Yu|Chi-Yu, L50|91\/100\n|-ability|p2a: Chi-Yu|Beads of Ruin\n|-ability|p2b: Ogerpon|Mold Breaker\n|turn|6\n|\n|t:|1699739865\n|move|p1a: Trek|Protect|p1a: Trek\n|-singleturn|p1a: Trek|Protect\n|move|p2a: Chi-Yu|Snarl|p1a: Trek|[spread] p1b\n|-activate|p1a: Trek|move: Protect\n|-damage|p1b: Poggers|0 fnt\n|faint|p1b: Poggers\n|-damage|p2a: Chi-Yu|82\/100|[from] item: Life Orb\n|move|p2b: Ogerpon|Horn Leech|p1a: Trek\n|-activate|p1a: Trek|move: Protect\n|\n|-weather|SunnyDay|[upkeep]\n|upkeep\n|\n|t:|1699739874\n|switch|p1b: Hands Solo|Iron Hands, L50|100\/100\n|turn|7\n|\n|t:|1699739885\n|-terastallize|p2a: Chi-Yu|Ghost\n|move|p2b: Ogerpon|Spiky Shield|p2b: Ogerpon\n|-singleturn|p2b: Ogerpon|move: Protect\n|move|p1b: Hands Solo|Fake Out|p2b: Ogerpon\n|-activate|p2b: Ogerpon|move: Protect\n|-damage|p1b: Hands Solo|88\/100|[from] Spiky Shield|[of] p2b: Ogerpon\n|move|p2a: Chi-Yu|Heat Wave|p1a: Trek|[spread] p1a,p1b\n|-resisted|p1a: Trek\n|-crit|p1b: Hands Solo\n|-damage|p1a: Trek|0 fnt\n|-damage|p1b: Hands Solo|17\/100\n|faint|p1a: Trek\n|-damage|p2a: Chi-Yu|72\/100|[from] item: Life Orb\n|\n|-weather|SunnyDay|[upkeep]\n|upkeep\n|turn|8\n|-message|Raikou sailor forfeited.\n|\n|win|Mr. Memer McMemes\n|raw|Raikou sailor's rating: 1323 &rarr; <strong>1305<\/strong><br \/>(-18 for losing)\n|raw|Mr. Memer McMemes's rating: 1352 &rarr; <strong>1370<\/strong><br \/>(+18 for winning)\n|l|\u2606Raikou sailor\n","uploadtime":1699740027,"views":8,"p1id":"raikousailor","p2id":"mrmemermcmemes","formatid":"gen9vgc2023regulatione","rating":1305,"private":0,"password":""}