{"id":"gen9vgc2023regulatione-1989833909","p1":"enchaerylion","p2":"wiranVGC","format":"[Gen 9] VGC 2023 Regulation E","log":"|j|\u2606enchaerylion\n|j|\u2606wiranVGC\n|t:|1699899594\n|gametype|doubles\n|player|p1|enchaerylion|elesa|1101\n|player|p2|wiranVGC|266|1153\n|teamsize|p1|6\n|teamsize|p2|6\n|gen|9\n|tier|[Gen 9] VGC 2023 Regulation E\n|rated|\n|rule|Species Clause: Limit one of each Pok\u00e9mon\n|rule|Item Clause: Limit one of each item\n|clearpoke\n|poke|p1|Azelf, L50|\n|poke|p1|Annihilape, L50, M|\n|poke|p1|Maushold-Four, L50|\n|poke|p1|Breloom, L50, F|\n|poke|p1|Murkrow, L50, F|\n|poke|p1|Ogerpon-Hearthflame, L50, F|\n|poke|p2|Slaking, L50, F|\n|poke|p2|Haxorus, L50, M|\n|poke|p2|Baxcalibur, L50, F|\n|poke|p2|Glastrier, L50|\n|poke|p2|Landorus-Therian, L50, M|\n|poke|p2|Conkeldurr, L50, M|\n|teampreview|4\n|inactive|Battle timer is ON: inactive players will automatically lose when time's up. (requested by enchaerylion)\n|inactive|enchaerylion has 60 seconds left.\n|inactive|wiranVGC has 60 seconds left.\nwiranVGC rejected open team sheets.\n|\n|t:|1699899642\n|start\n|switch|p1a: Annihilape|Annihilape, L50, M, shiny|100\/100\n|switch|p1b: Maushold|Maushold-Four, L50, shiny|100\/100\n|switch|p2a: Slaking|Slaking, L50, F|100\/100\n|switch|p2b: Landorus|Landorus-Therian, L50, M|100\/100\n|-ability|p2b: Landorus|Intimidate|boost\n|-fail|p1a: Annihilape|unboost|Attack|[from] ability: Inner Focus|[of] p1a: Annihilape\n|-unboost|p1b: Maushold|atk|1\n|turn|1\n|\n|t:|1699899662\n|-terastallize|p1a: Annihilape|Ghost\n|move|p2a: Slaking|Sucker Punch|p1a: Annihilape\n|-supereffective|p1a: Annihilape\n|-damage|p1a: Annihilape|30\/100\n|move|p2b: Landorus|Rock Slide|p1a: Annihilape|[spread] p1a,p1b\n|-damage|p1a: Annihilape|11\/100\n|-damage|p1b: Maushold|61\/100\n|move|p1b: Maushold|Beat Up|p1a: Annihilape\n|-supereffective|p1a: Annihilape\n|-damage|p1a: Annihilape|7\/100\n|-supereffective|p1a: Annihilape\n|-damage|p1a: Annihilape|4\/100\n|-supereffective|p1a: Annihilape\n|-damage|p1a: Annihilape|0 fnt\n|faint|p1a: Annihilape\n|-hitcount|p1: Annihilape|3\n|\n|upkeep\n|\n|t:|1699899679\n|switch|p1a: Breloom|Breloom, L50, F, shiny|100\/100\n|turn|2\n|\n|t:|1699899692\n|switch|p2b: Baxcalibur|Baxcalibur, L50, F|100\/100\n|cant|p2a: Slaking|ability: Truant\n|move|p1b: Maushold|Population Bomb|p2b: Baxcalibur\n|-damage|p2b: Baxcalibur|95\/100\n|-damage|p2b: Baxcalibur|90\/100\n|-damage|p2b: Baxcalibur|85\/100\n|-damage|p2b: Baxcalibur|79\/100\n|-damage|p2b: Baxcalibur|74\/100\n|-damage|p2b: Baxcalibur|69\/100\n|-damage|p2b: Baxcalibur|64\/100\n|-hitcount|p2b: Baxcalibur|7\n|move|p1a: Breloom|Rock Tomb|p2b: Baxcalibur\n|-supereffective|p2b: Baxcalibur\n|-damage|p2b: Baxcalibur|3\/100\n|-unboost|p2b: Baxcalibur|spe|1\n|\n|upkeep\n|turn|3\n|inactive|enchaerylion has 30 seconds left.\n|\n|t:|1699899720\n|move|p1a: Breloom|Mach Punch|p2b: Baxcalibur\n|-supereffective|p2b: Baxcalibur\n|-damage|p2b: Baxcalibur|0 fnt\n|faint|p2b: Baxcalibur\n|move|p2a: Slaking|Sucker Punch|p1b: Maushold\n|-damage|p1b: Maushold|0 fnt\n|faint|p1b: Maushold\n|\n|upkeep\n|\n|t:|1699899742\n|switch|p1b: Ogerpon|Ogerpon-Hearthflame, L50, F|100\/100\n|switch|p2b: Landorus|Landorus-Therian, L50, M|100\/100\n|-ability|p2b: Landorus|Intimidate|boost\n|-unboost|p1a: Breloom|atk|1\n|-unboost|p1b: Ogerpon|atk|1\n|-ability|p1b: Ogerpon|Mold Breaker\n|turn|4\n|inactive|enchaerylion has 30 seconds left.\n|\n|t:|1699899771\n|cant|p2a: Slaking|ability: Truant\n|move|p2b: Landorus|U-turn|p1a: Breloom\n|-crit|p1a: Breloom\n|-damage|p1a: Breloom|36\/100\n|\n|t:|1699899775\n|switch|p2b: Conkeldurr|Conkeldurr, L50, M|100\/100|[from] U-turn\n|move|p1b: Ogerpon|Horn Leech|p2b: Conkeldurr\n|-damage|p2b: Conkeldurr|72\/100\n|move|p1a: Breloom|Bullet Seed|p2b: Conkeldurr\n|-damage|p2b: Conkeldurr|59\/100\n|-damage|p2b: Conkeldurr|48\/100\n|-damage|p2b: Conkeldurr|36\/100\n|-damage|p2b: Conkeldurr|23\/100\n|-damage|p2b: Conkeldurr|12\/100\n|-hitcount|p2b: Conkeldurr|5\n|\n|-status|p2b: Conkeldurr|brn|[from] item: Flame Orb\n|upkeep\n|turn|5\n|\n|t:|1699899791\n|move|p1b: Ogerpon|Spiky Shield|p1b: Ogerpon\n|-singleturn|p1b: Ogerpon|move: Protect\n|move|p1a: Breloom|Mach Punch|p2b: Conkeldurr\n|-damage|p2b: Conkeldurr|0 fnt\n|faint|p2b: Conkeldurr\n|move|p2a: Slaking|Sucker Punch||[still]\n|-fail|p2a: Slaking\n|\n|upkeep\n|\n|t:|1699899796\n|switch|p2b: Landorus|Landorus-Therian, L50, M|100\/100\n|-ability|p2b: Landorus|Intimidate|boost\n|-unboost|p1a: Breloom|atk|1\n|-unboost|p1b: Ogerpon|atk|1\n|turn|6\n|\n|t:|1699899814\n|-terastallize|p2b: Landorus|Flying\n|cant|p2a: Slaking|ability: Truant\n|move|p2b: Landorus|Tera Blast|p1b: Ogerpon|[anim] Tera Blast Flying\n|-supereffective|p1b: Ogerpon\n|-damage|p1b: Ogerpon|0 fnt\n|faint|p1b: Ogerpon\n|move|p1a: Breloom|Bullet Seed|p2b: Landorus\n|-resisted|p2b: Landorus\n|-damage|p2b: Landorus|95\/100\n|-resisted|p2b: Landorus\n|-damage|p2b: Landorus|89\/100\n|-resisted|p2b: Landorus\n|-crit|p2b: Landorus\n|-damage|p2b: Landorus|71\/100\n|-resisted|p2b: Landorus\n|-damage|p2b: Landorus|65\/100\n|-resisted|p2b: Landorus\n|-damage|p2b: Landorus|59\/100\n|-hitcount|p2b: Landorus|5\n|\n|upkeep\n|turn|7\n|\n|t:|1699899833\n|move|p2a: Slaking|Sucker Punch|p1a: Breloom\n|-resisted|p1a: Breloom\n|-damage|p1a: Breloom|0 fnt\n|faint|p1a: Breloom\n|\n|win|wiranVGC\n|raw|enchaerylion's rating: 1101 &rarr; <strong>1080<\/strong><br \/>(-21 for losing)\n|raw|wiranVGC's rating: 1153 &rarr; <strong>1174<\/strong><br \/>(+21 for winning)\n","uploadtime":1699899837,"views":17,"p1id":"enchaerylion","p2id":"wiranvgc","formatid":"gen9vgc2023regulatione","rating":1080,"private":0,"password":""}