{"id":"gen9vgc2023regulatione-1994623579","p1":"FlopyFlopsters","p2":"Playground1","format":"[Gen 9] VGC 2023 Regulation E","log":"|j|\u2606FlopyFlopsters\n|j|\u2606Playground1\n|t:|1700471167\n|gametype|doubles\n|player|p1|FlopyFlopsters|nate|1537\n|player|p2|Playground1|acetrainer-gen4dp|1589\n|teamsize|p1|6\n|teamsize|p2|6\n|gen|9\n|tier|[Gen 9] VGC 2023 Regulation E\n|rated|\n|rule|Species Clause: Limit one of each Pok\u00e9mon\n|rule|Item Clause: Limit one of each item\n|clearpoke\n|poke|p1|Tornadus, L50, M|\n|poke|p1|Urshifu-*, L50, F|\n|poke|p1|Iron Hands, L50|\n|poke|p1|Sinistcha-Masterpiece, L50|\n|poke|p1|Chien-Pao, L50|\n|poke|p1|Arcanine-Hisui, L50, F|\n|poke|p2|Sinistcha-Masterpiece, L50|\n|poke|p2|Milotic, L50, M|\n|poke|p2|Ursaluna, L50, F|\n|poke|p2|Tauros-Paldea-Blaze, L50, M|\n|poke|p2|Ninetales-Alola, L50, F|\n|poke|p2|Scyther, L50, M|\n|teampreview|4\n|inactive|Battle timer is ON: inactive players will automatically lose when time's up. (requested by FlopyFlopsters)\n|c|\u2606FlopyFlopsters|eviolite scyther\n|c|\u2606FlopyFlopsters|is this tech\n|c|\u2606FlopyFlopsters|u def got support moves\n|c|\u2606FlopyFlopsters|hold up\n|c|\u2606FlopyFlopsters|lemme check rq\n|inactive|Playground1 has 60 seconds left.\n|inactiveoff|Battle timer is now OFF.\n|j| meowmeowjoe\n|c|\u2606FlopyFlopsters|tailwind\n|c|\u2606FlopyFlopsters|weather setter\n|c|\u2606FlopyFlopsters|endure?\n|c|\u2606FlopyFlopsters|weakness policy?\n|\n|t:|1700471257\n|start\n|switch|p1a: Tornadus|Tornadus, L50, M|100\/100\n|switch|p1b: Urshifu|Urshifu-Rapid-Strike, L50, F|100\/100\n|switch|p2a: Milotic|Milotic, L50, M|100\/100\n|switch|p2b: Tauros|Tauros-Paldea-Blaze, L50, M|100\/100\n|-ability|p2b: Tauros|Intimidate|boost\n|-unboost|p1a: Tornadus|atk|1\n|-unboost|p1b: Urshifu|atk|1\n|turn|1\n|c|\u2606Playground1|nope\n|c|\u2606Playground1|eviolite is correct\n|c|\u2606FlopyFlopsters|:D\n|c|\u2606Playground1|but i play it with swords dance, dual wingbeat, close combat and protect\n|\n|t:|1700471291\n|switch|p2b: Sinistcha|Sinistcha-Masterpiece, L50|100\/100\n|move|p1b: Urshifu|Detect|p1b: Urshifu\n|-singleturn|p1b: Urshifu|Protect\n|move|p1a: Tornadus|Tailwind|p1a: Tornadus\n|-sidestart|p1: FlopyFlopsters|move: Tailwind\n|move|p2a: Milotic|Icy Wind|p1b: Urshifu|[spread] p1a\n|-activate|p1b: Urshifu|move: Protect\n|-supereffective|p1a: Tornadus\n|-damage|p1a: Tornadus|74\/100\n|-unboost|p1a: Tornadus|spe|1\n|\n|upkeep\n|turn|2\n|c|\u2606FlopyFlopsters|0o0\n|\n|t:|1700471322\n|switch|p1b: Iron Hands|Iron Hands, L50|100\/100\n|move|p1a: Tornadus|Bleakwind Storm|p2b: Sinistcha|[spread] p2a,p2b\n|-supereffective|p2b: Sinistcha\n|-damage|p2a: Milotic|74\/100\n|-damage|p2b: Sinistcha|39\/100\n|-unboost|p2a: Milotic|spe|1\n|-ability|p2a: Milotic|Competitive|boost\n|-boost|p2a: Milotic|spa|2\n|move|p2b: Sinistcha|Strength Sap|p1b: Iron Hands\n|-unboost|p1b: Iron Hands|atk|1\n|-heal|p2b: Sinistcha|100\/100\n|move|p2a: Milotic|Icy Wind|p1a: Tornadus|[spread] p1a,p1b\n|-supereffective|p1a: Tornadus\n|-damage|p1a: Tornadus|29\/100\n|-damage|p1b: Iron Hands|88\/100\n|-unboost|p1a: Tornadus|spe|1\n|-unboost|p1b: Iron Hands|spe|1\n|\n|upkeep\n|turn|3\n|\n|t:|1700471347\n|move|p2a: Milotic|Protect|p2a: Milotic\n|-singleturn|p2a: Milotic|Protect\n|move|p1a: Tornadus|Bleakwind Storm|p2b: Sinistcha|[spread] \n|-activate|p2a: Milotic|move: Protect\n|-miss|p1a: Tornadus|p2b: Sinistcha\n|move|p2b: Sinistcha|Strength Sap|p1b: Iron Hands\n|-unboost|p1b: Iron Hands|atk|1\n|move|p1b: Iron Hands|Wild Charge|p2a: Milotic\n|-activate|p2a: Milotic|move: Protect\n|\n|upkeep\n|turn|4\n|\n|t:|1700471365\n|move|p2b: Sinistcha|Rage Powder|p2b: Sinistcha\n|-singleturn|p2b: Sinistcha|move: Rage Powder\n|move|p1a: Tornadus|Rain Dance|p1a: Tornadus\n|-weather|RainDance\n|move|p2a: Milotic|Icy Wind|p1b: Iron Hands|[spread] p1a,p1b\n|-supereffective|p1a: Tornadus\n|-damage|p1a: Tornadus|0 fnt\n|-damage|p1b: Iron Hands|75\/100\n|-unboost|p1b: Iron Hands|spe|1\n|faint|p1a: Tornadus\n|move|p1b: Iron Hands|Wild Charge|p2b: Sinistcha\n|-resisted|p2b: Sinistcha\n|-damage|p2b: Sinistcha|89\/100\n|-damage|p1b: Iron Hands|59\/100|[from] item: Rocky Helmet|[of] p2b: Sinistcha\n|-damage|p1b: Iron Hands|57\/100|[from] Recoil\n|\n|-weather|RainDance|[upkeep]\n|-sideend|p1: FlopyFlopsters|move: Tailwind\n|upkeep\n|\n|t:|1700471379\n|switch|p1a: Urshifu|Urshifu-Rapid-Strike, L50, F|100\/100\n|turn|5\n|c|\u2606FlopyFlopsters|kill hands plz\n|\n|t:|1700471392\n|move|p1a: Urshifu|Detect|p1a: Urshifu\n|-singleturn|p1a: Urshifu|Protect\n|move|p2b: Sinistcha|Rage Powder|p2b: Sinistcha\n|-singleturn|p2b: Sinistcha|move: Rage Powder\n|move|p2a: Milotic|Scald|p1b: Iron Hands\n|-damage|p1b: Iron Hands|2\/100\n|-status|p1b: Iron Hands|brn\n|move|p1b: Iron Hands|Wild Charge|p2b: Sinistcha\n|-resisted|p2b: Sinistcha\n|-damage|p2b: Sinistcha|84\/100\n|-damage|p1b: Iron Hands|0 fnt|[from] item: Rocky Helmet|[of] p2b: Sinistcha\n|faint|p1b: Iron Hands\n|-end|p1b: Iron Hands|Quark Drive|[silent]\n|\n|-weather|RainDance|[upkeep]\n|upkeep\n|\n|t:|1700471404\n|switch|p1b: Chien-Pao|Chien-Pao, L50|100\/100\n|-ability|p1b: Chien-Pao|Sword of Ruin\n|turn|6\n|\n|t:|1700471417\n|switch|p2b: Ninetales|Ninetales-Alola, L50, F|100\/100\n|-weather|Snow|[from] ability: Snow Warning|[of] p2b: Ninetales\n|-terastallize|p1a: Urshifu|Water\n|move|p1b: Chien-Pao|Ice Spinner|p2b: Ninetales\n|-resisted|p2b: Ninetales\n|-crit|p2b: Ninetales\n|-damage|p2b: Ninetales|60\/100\n|move|p1a: Urshifu|Surging Strikes|p2a: Milotic\n|-resisted|p2a: Milotic\n|-crit|p2a: Milotic\n|-damage|p2a: Milotic|52\/100\n|-resisted|p2a: Milotic\n|-crit|p2a: Milotic\n|-damage|p2a: Milotic|31\/100\n|-enditem|p2a: Milotic|Sitrus Berry|[eat]\n|-heal|p2a: Milotic|55\/100|[from] item: Sitrus Berry\n|-resisted|p2a: Milotic\n|-crit|p2a: Milotic\n|-damage|p2a: Milotic|35\/100\n|-hitcount|p2a: Milotic|3\n|move|p2a: Milotic|Icy Wind|p1a: Urshifu|[spread] p1a,p1b\n|-resisted|p1a: Urshifu\n|-resisted|p1b: Chien-Pao\n|-damage|p1a: Urshifu|83\/100\n|-damage|p1b: Chien-Pao|84\/100\n|-unboost|p1a: Urshifu|spe|1\n|-unboost|p1b: Chien-Pao|spe|1\n|\n|-weather|Snow|[upkeep]\n|upkeep\n|turn|7\n|\n|t:|1700471451\n|move|p1b: Chien-Pao|Sucker Punch|p2a: Milotic\n|-damage|p2a: Milotic|0 fnt\n|faint|p2a: Milotic\n|move|p2b: Ninetales|Moonblast|p1b: Chien-Pao\n|-supereffective|p1b: Chien-Pao\n|-damage|p1b: Chien-Pao|0 fnt\n|faint|p1b: Chien-Pao\n|move|p1a: Urshifu|Surging Strikes|p2b: Ninetales\n|-crit|p2b: Ninetales\n|-damage|p2b: Ninetales|26\/100\n|-crit|p2b: Ninetales\n|-damage|p2b: Ninetales|0 fnt\n|faint|p2b: Ninetales\n|-hitcount|p2: Ninetales|2\n|\n|-weather|Snow|[upkeep]\n|upkeep\n|c|\u2606FlopyFlopsters|ggwp\n|\n|t:|1700471463\n|switch|p2b: Sinistcha|Sinistcha-Masterpiece, L50|84\/100\n|switch|p2a: Tauros|Tauros-Paldea-Blaze, L50, M|100\/100\n|-ability|p2a: Tauros|Intimidate|boost\n|-unboost|p1a: Urshifu|atk|1\n|turn|8\n|\n|t:|1700471472\n|move|p2b: Sinistcha|Rage Powder|p2b: Sinistcha\n|-singleturn|p2b: Sinistcha|move: Rage Powder\n|move|p2a: Tauros|Close Combat|p1a: Urshifu\n|-damage|p1a: Urshifu|19\/100\n|-unboost|p2a: Tauros|def|1\n|-unboost|p2a: Tauros|spd|1\n|-enditem|p2a: Tauros|White Herb\n|-clearnegativeboost|p2a: Tauros|[silent]\n|move|p1a: Urshifu|Surging Strikes|p2b: Sinistcha\n|-resisted|p2b: Sinistcha\n|-crit|p2b: Sinistcha\n|-damage|p2b: Sinistcha|67\/100\n|-damage|p1a: Urshifu|3\/100|[from] item: Rocky Helmet|[of] p2b: Sinistcha\n|-resisted|p2b: Sinistcha\n|-crit|p2b: Sinistcha\n|-damage|p2b: Sinistcha|52\/100\n|-damage|p1a: Urshifu|0 fnt|[from] item: Rocky Helmet|[of] p2b: Sinistcha\n|faint|p1a: Urshifu\n|\n|win|Playground1\n|-hitcount|p2b: Sinistcha|2\n|raw|FlopyFlopsters's rating: 1537 &rarr; <strong>1520<\/strong><br \/>(-17 for losing)\n|raw|Playground1's rating: 1589 &rarr; <strong>1606<\/strong><br \/>(+17 for winning)\n|c|\u2606Playground1|gg\n|l|\u2606FlopyFlopsters\n","uploadtime":1700471491,"views":11,"p1id":"flopyflopsters","p2id":"playground1","formatid":"gen9vgc2023regulatione","rating":1520,"private":0,"password":""}