{"id":"gen9vgc2023regulatione-1996514377","p1":"Komino","p2":"UserIntel","format":"[Gen 9] VGC 2023 Regulation E","log":"|j|\u2606Komino\n|j|\u2606UserIntel\n|t:|1700689497\n|gametype|doubles\n|player|p1|Komino|maid|1174\n|player|p2|UserIntel|1|1237\n|teamsize|p1|6\n|teamsize|p2|6\n|gen|9\n|tier|[Gen 9] VGC 2023 Regulation E\n|rated|\n|rule|Species Clause: Limit one of each Pok\u00e9mon\n|rule|Item Clause: Limit one of each item\n|clearpoke\n|poke|p1|Farigiraf, L50, M|\n|poke|p1|Kingambit, L50, F|\n|poke|p1|Vaporeon, L50, M|\n|poke|p1|Sinistcha-Masterpiece, L50|\n|poke|p1|Gastrodon, L50, M|\n|poke|p1|Iron Hands, L50|\n|poke|p2|Enamorus-Therian, L50, F|\n|poke|p2|Oranguru, L50, M|\n|poke|p2|Ursaluna, L50, M|\n|poke|p2|Indeedee-F, L50, F|\n|poke|p2|Ogerpon-Cornerstone, L50, F|\n|poke|p2|Urshifu-*, L50, M|\n|teampreview|4\n|inactive|Battle timer is ON: inactive players will automatically lose when time's up. (requested by Komino)\n|\n|t:|1700689513\n|start\n|switch|p1a: Vaporeon|Vaporeon, L50, M|100\/100\n|switch|p1b: Gastrodon|Gastrodon, L50, M|100\/100\n|switch|p2a: Oranguru|Oranguru, L50, M, shiny|100\/100\n|switch|p2b: Ogerpon|Ogerpon-Cornerstone, L50, F|100\/100\n|turn|1\n|inactive|Komino has 30 seconds left.\n|inactive|Komino has 20 seconds left.\n|\n|t:|1700689548\n|-terastallize|p1b: Gastrodon|Dragon\n|move|p2b: Ogerpon|Horn Leech|p1a: Vaporeon\n|-supereffective|p1a: Vaporeon\n|-damage|p1a: Vaporeon|0 fnt\n|faint|p1a: Vaporeon\n|move|p1b: Gastrodon|Surf|p2a: Oranguru|[spread] p2a,p2b\n|-damage|p2a: Oranguru|77\/100\n|-damage|p2b: Ogerpon|53\/100\n|move|p2a: Oranguru|Trick Room|p2a: Oranguru\n|-fieldstart|move: Trick Room|[of] p2a: Oranguru\n|\n|upkeep\n|\n|t:|1700689556\n|switch|p1a: Kingambit|Kingambit, L50, F|100\/100\n|turn|2\n|\n|t:|1700689570\n|move|p1a: Kingambit|Protect|p1a: Kingambit\n|-singleturn|p1a: Kingambit|Protect\n|move|p1b: Gastrodon|Surf|p2a: Oranguru|[spread] p2a,p2b\n|-activate|p1a: Kingambit|move: Protect\n|-damage|p2a: Oranguru|54\/100\n|-damage|p2b: Ogerpon|8\/100\n|move|p2a: Oranguru|Instruct|p2b: Ogerpon\n|-singleturn|p2b: Ogerpon|move: Instruct|[of] p2a: Oranguru\n|move|p2b: Ogerpon|Horn Leech|p1a: Kingambit\n|-activate|p1a: Kingambit|move: Protect\n|move|p2b: Ogerpon|Horn Leech|p1b: Gastrodon\n|-resisted|p1b: Gastrodon\n|-damage|p1b: Gastrodon|75\/100\n|-heal|p2b: Ogerpon|26\/100|[from] drain|[of] p1b: Gastrodon\n|\n|upkeep\n|turn|3\n|\n|t:|1700689590\n|move|p2b: Ogerpon|Follow Me|p2b: Ogerpon\n|-singleturn|p2b: Ogerpon|move: Follow Me\n|move|p1b: Gastrodon|Earth Power|p2b: Ogerpon\n|-damage|p2b: Ogerpon|0 fnt\n|faint|p2b: Ogerpon\n|move|p1a: Kingambit|Kowtow Cleave|p2a: Oranguru\n|-supereffective|p2a: Oranguru\n|-damage|p2a: Oranguru|0 fnt\n|faint|p2a: Oranguru\n|\n|upkeep\n|\n|t:|1700689599\n|switch|p2a: Enamorus|Enamorus-Therian, L50, F|100\/100\n|switch|p2b: Urshifu|Urshifu, L50, M|100\/100\n|turn|4\n|\n|t:|1700689613\n|-terastallize|p2a: Enamorus|Fairy\n|move|p1a: Kingambit|Protect|p1a: Kingambit\n|-singleturn|p1a: Kingambit|Protect\n|move|p1b: Gastrodon|Blizzard|p2b: Urshifu|[spread] p2a,p2b\n|-damage|p2a: Enamorus|73\/100\n|-damage|p2b: Urshifu|63\/100\n|move|p2a: Enamorus|Dazzling Gleam|p1a: Kingambit|[spread] p1b\n|-activate|p1a: Kingambit|move: Protect\n|-supereffective|p1b: Gastrodon\n|-damage|p1b: Gastrodon|0 fnt\n|faint|p1b: Gastrodon\n|move|p2b: Urshifu|Close Combat|p1a: Kingambit\n|-supereffective|p1a: Kingambit\n|-damage|p1a: Kingambit|0 fnt\n|-unboost|p2b: Urshifu|def|1\n|-unboost|p2b: Urshifu|spd|1\n|faint|p1a: Kingambit\n|\n|upkeep\n|\n|t:|1700689622\n|switch|p1b: Farigiraf|Farigiraf, L50, M|100\/100\n|turn|5\n|-message|Komino forfeited.\n|\n|win|UserIntel\n|raw|Komino's rating: 1174 &rarr; <strong>1153<\/strong><br \/>(-21 for losing)\n|raw|UserIntel's rating: 1237 &rarr; <strong>1258<\/strong><br \/>(+21 for winning)\n|l|\u2606Komino\n","uploadtime":1700689910,"views":7,"p1id":"komino","p2id":"userintel","formatid":"gen9vgc2023regulatione","rating":1153,"private":0,"password":""}