{"id":"gen9vgc2023regulatione-1993069152","p1":"BROKE1TH","p2":"That_Leek","format":"[Gen 9] VGC 2023 Regulation E","log":"|j|\u2606BROKE1TH\n|j|\u2606That_Leek\n|t:|1700261257\n|gametype|doubles\n|player|p1|BROKE1TH|unknown|1585\n|player|p2|That_Leek|blue-masters|1668\n|teamsize|p1|6\n|teamsize|p2|6\n|gen|9\n|tier|[Gen 9] VGC 2023 Regulation E\n|rated|\n|rule|Species Clause: Limit one of each Pok\u00e9mon\n|rule|Item Clause: Limit one of each item\n|clearpoke\n|poke|p1|Armarouge, L50, M|\n|poke|p1|Iron Bundle, L50|\n|poke|p1|Indeedee-F, L50, F|\n|poke|p1|Farigiraf, L50, M|\n|poke|p1|Lilligant-Hisui, L50, F|\n|poke|p1|Torkoal, L50, M|\n|poke|p2|Gholdengo, L50|\n|poke|p2|Ogerpon-Wellspring, L50, F|\n|poke|p2|Arcanine-Hisui, L50, M|\n|poke|p2|Chien-Pao, L50|\n|poke|p2|Scream Tail, L50|\n|poke|p2|Dragonite, L50, F|\n|teampreview|4\n|inactive|Battle timer is ON: inactive players will automatically lose when time's up. (requested by BROKE1TH)\nThat_Leek has agreed to open team sheets.\n|\n|t:|1700261279\n|start\n|switch|p1a: Vegan|Lilligant-Hisui, L50, F|100\/100\n|switch|p1b: Mellow Bowser|Torkoal, L50, M|100\/100\n|switch|p2a: Arcanine|Arcanine-Hisui, L50, M|100\/100\n|switch|p2b: Gholdengo|Gholdengo, L50|100\/100\n|-ability|p2a: Arcanine|Intimidate|boost\n|-unboost|p1a: Vegan|atk|1\n|-unboost|p1b: Mellow Bowser|atk|1\n|-weather|SunnyDay|[from] ability: Drought|[of] p1b: Mellow Bowser\n|turn|1\n|\n|t:|1700261289\n|switch|p2a: Dragonite|Dragonite, L50, F|100\/100\n|-terastallize|p2b: Gholdengo|Water\n|-terastallize|p1b: Mellow Bowser|Fire\n|move|p1a: Vegan|After You|p1b: Mellow Bowser\n|-activate|p1b: Mellow Bowser|move: After You\n|move|p1b: Mellow Bowser|Eruption|p2b: Gholdengo|[spread] p2a,p2b\n|-resisted|p2a: Dragonite\n|-crit|p2a: Dragonite\n|-resisted|p2b: Gholdengo\n|-damage|p2a: Dragonite|46\/100\n|-damage|p2b: Gholdengo|34\/100\n|-enditem|p2b: Gholdengo|Sitrus Berry|[eat]\n|-heal|p2b: Gholdengo|59\/100|[from] item: Sitrus Berry\n|-damage|p1b: Mellow Bowser|91\/100|[from] item: Life Orb\n|move|p2b: Gholdengo|Nasty Plot|p2b: Gholdengo\n|-boost|p2b: Gholdengo|spa|2\n|\n|-weather|SunnyDay|[upkeep]\n|upkeep\n|turn|2\n|j| Judang\n|\n|t:|1700261304\n|switch|p1b: Melman|Farigiraf, L50, M|100\/100\n|move|p2b: Gholdengo|Protect|p2b: Gholdengo\n|-singleturn|p2b: Gholdengo|Protect\n|move|p1a: Vegan|Solar Blade||[still]\n|-prepare|p1a: Vegan|Solar Blade\n|-anim|p1a: Vegan|Solar Blade|p2b: Gholdengo\n|-activate|p2b: Gholdengo|move: Protect\n|move|p2a: Dragonite|Aerial Ace|p1a: Vegan\n|-supereffective|p1a: Vegan\n|-enditem|p1a: Vegan|Focus Sash\n|-damage|p1a: Vegan|1\/100\n|\n|-weather|SunnyDay|[upkeep]\n|upkeep\n|turn|3\n|\n|t:|1700261317\n|switch|p2a: Arcanine|Arcanine-Hisui, L50, M|100\/100\n|-ability|p2a: Arcanine|Intimidate|boost\n|-unboost|p1a: Vegan|atk|1\n|-unboost|p1b: Melman|atk|1\n|move|p1a: Vegan|Solar Blade||[still]\n|-prepare|p1a: Vegan|Solar Blade\n|-anim|p1a: Vegan|Solar Blade|p2b: Gholdengo\n|-supereffective|p2b: Gholdengo\n|-damage|p2b: Gholdengo|7\/100\n|move|p2b: Gholdengo|Make It Rain|p1a: Vegan|[spread] p1a,p1b\n|-damage|p1a: Vegan|0 fnt\n|-damage|p1b: Melman|0 fnt\n|-unboost|p2b: Gholdengo|spa|1\n|faint|p1a: Vegan\n|faint|p1b: Melman\n|\n|-weather|SunnyDay|[upkeep]\n|upkeep\n|\n|t:|1700261327\n|switch|p1a: Christmas Stork|Iron Bundle, L50|100\/100\n|switch|p1b: Mellow Bowser|Torkoal, L50, M, tera:Fire|91\/100\n|turn|4\n|\n|t:|1700261336\n|move|p1a: Christmas Stork|Freeze-Dry|p2b: Gholdengo\n|-supereffective|p2b: Gholdengo\n|-damage|p2b: Gholdengo|0 fnt\n|faint|p2b: Gholdengo\n|move|p2a: Arcanine|Rock Slide|p1a: Christmas Stork|[spread] p1a,p1b\n|-supereffective|p1a: Christmas Stork\n|-supereffective|p1b: Mellow Bowser\n|-damage|p1a: Christmas Stork|0 fnt\n|-damage|p1b: Mellow Bowser|22\/100\n|faint|p1a: Christmas Stork\n|-end|p1a: Christmas Stork|Quark Drive|[silent]\n|move|p1b: Mellow Bowser|Earth Power|p2a: Arcanine\n|-supereffective|p2a: Arcanine\n|-damage|p2a: Arcanine|0 fnt\n|faint|p2a: Arcanine\n|-damage|p1b: Mellow Bowser|12\/100|[from] item: Life Orb\n|\n|-weather|SunnyDay|[upkeep]\n|upkeep\n|\n|t:|1700261340\n|switch|p2a: Dragonite|Dragonite, L50, F|46\/100\n|switch|p2b: Ogerpon|Ogerpon-Wellspring, L50, F|100\/100\n|turn|5\n|-message|BROKE1TH forfeited.\n|\n|win|That_Leek\n|raw|BROKE1TH's rating: 1585 &rarr; <strong>1570<\/strong><br \/>(-15 for losing)\n|raw|That_Leek's rating: 1668 &rarr; <strong>1683<\/strong><br \/>(+15 for winning)\n|l|\u2606BROKE1TH\n|j|\u2606BROKE1TH\n|player|p1|BROKE1TH|unknown\n|l|\u2606BROKE1TH\n|player|p1|\n","uploadtime":1700261349,"views":9,"p1id":"broke1th","p2id":"thatleek","formatid":"gen9vgc2023regulatione","rating":1570,"private":0,"password":""}