{"id":"gen9vgc2023regulatione-1995803456","p1":"Jbenn","p2":"mythikz","format":"[Gen 9] VGC 2023 Regulation E","log":"|j|\u2606Jbenn\n|j|\u2606mythikz\n|n|\u2606Jbenn|jbenn\n|n|\u2606mythikz|mythikz\n|html|View the match progress at <a href=\"\/game-bestof3-gen9vgc2023regulatione-1995799326\">game-bestof3-gen9vgc2023regulatione-1995799326<\/a>\n|t:|1700604695\n|gametype|doubles\n|player|p1|Jbenn|266|\n|player|p2|mythikz|n|\n|teamsize|p1|6\n|teamsize|p2|6\n|gen|9\n|tier|[Gen 9] VGC 2023 Regulation E\n|rated|Tournament battle\n|rule|Species Clause: Limit one of each Pok\u00e9mon\n|rule|Item Clause: Limit one of each item\n|clearpoke\n|poke|p1|Thundurus, L50, M|\n|poke|p1|Farigiraf, L50, M|\n|poke|p1|Torkoal, L50, M|\n|poke|p1|Kingambit, L50, M|\n|poke|p1|Flutter Mane, L50|\n|poke|p1|Landorus-Therian, L50, M|\n|poke|p2|Baxcalibur, L50, F|\n|poke|p2|Ogerpon, L50, F|\n|poke|p2|Iron Hands, L50|\n|poke|p2|Ninetales-Alola, L50, F|\n|poke|p2|Gyarados, L50, F|\n|poke|p2|Heatran, L50, F|\n|teampreview|4\n|showteam|p1|Thundurus||ExpertBelt|Prankster|Protect,Thunderbolt,ElectricTerrain,RainDance|||M|||50|,,,,,Water]Farigiraf||SitrusBerry|ArmorTail|TrickRoom,Psychic,DazzlingGleam,NastyPlot|||M|||50|,,,,,Fairy]Torkoal||EjectPack|Drought|Protect,Overheat,EarthPower,HelpingHand|||M|||50|,,,,,Flying]Kingambit||AssaultVest|Defiant|LowKick,Assurance,SuckerPunch,TeraBlast|||M|||50|,,,,,Fire]Flutter Mane||BoosterEnergy|Protosynthesis|Protect,Moonblast,DazzlingGleam,ShadowBall||||||50|,,,,,Fairy]Landorus-Therian||ChoiceScarf|Intimidate|RockSlide,Earthquake,StompingTantrum,Uturn|||M|||50|,,,,,Fire\n|showteam|p2|Baxcalibur||LoadedDice|ThermalExchange|Protect,ScaleShot,SwordsDance,IcicleSpear|||F|||50|,,,,,Water]Ogerpon||LifeOrb|Defiant|SpikyShield,Uturn,StompingTantrum,IvyCudgel|||F|||50|,,,,,Grass]Iron Hands||AssaultVest|QuarkDrive|FakeOut,HeavySlam,DrainPunch,WildCharge||||||50|,,,,,Grass]Ninetales-Alola||LightClay|SnowWarning|AuroraVeil,Protect,Moonblast,FreezeDry|||F|||50|,,,,,Water]Gyarados||SitrusBerry|Intimidate|Protect,TeraBlast,Taunt,Waterfall|||F|||50|,,,,,Ground]Heatran||Leftovers|FlashFire|LavaPlume,Protect,FlashCannon,MagmaStorm|||F|||50|,,,,,Fairy\n|\n|t:|1700604734\n|start\n|switch|p1a: Kingambit|Kingambit, L50, M|100\/100\n|switch|p1b: Flutter Mane|Flutter Mane, L50|100\/100\n|switch|p2a: Ogerpon|Ogerpon, L50, F|100\/100\n|switch|p2b: Iron Hands|Iron Hands, L50|100\/100\n|-enditem|p1b: Flutter Mane|Booster Energy\n|-activate|p1b: Flutter Mane|ability: Protosynthesis|[fromitem]\n|-start|p1b: Flutter Mane|protosynthesisspa\n|turn|1\n|\n|t:|1700604787\n|-end|p1b: Flutter Mane|Protosynthesis|[silent]\n|switch|p1b: Torkoal|Torkoal, L50, M|100\/100\n|-weather|SunnyDay|[from] ability: Drought|[of] p1b: Torkoal\n|-terastallize|p1a: Kingambit|Fire\n|move|p2b: Iron Hands|Fake Out|p1a: Kingambit\n|-damage|p1a: Kingambit|88\/100\n|move|p2a: Ogerpon|Ivy Cudgel|p1b: Torkoal\n|-resisted|p1b: Torkoal\n|-damage|p1b: Torkoal|76\/100\n|-damage|p2a: Ogerpon|91\/100|[from] item: Life Orb\n|cant|p1a: Kingambit|flinch\n|\n|-weather|SunnyDay|[upkeep]\n|upkeep\n|turn|2\n|\n|t:|1700604814\n|switch|p2a: Heatran|Heatran, L50, F|100\/100\n|move|p2b: Iron Hands|Wild Charge|p1a: Kingambit\n|-damage|p1a: Kingambit|51\/100\n|-damage|p2b: Iron Hands|93\/100|[from] Recoil\n|move|p1a: Kingambit|Low Kick|p2a: Heatran\n|-supereffective|p2a: Heatran\n|-damage|p2a: Heatran|16\/100\n|move|p1b: Torkoal|Overheat|p2b: Iron Hands|[miss]\n|-miss|p1b: Torkoal|p2b: Iron Hands\n|\n|-weather|SunnyDay|[upkeep]\n|-heal|p2a: Heatran|22\/100|[from] item: Leftovers\n|upkeep\n|turn|3\n|\n|t:|1700604840\n|switch|p1b: Landorus|Landorus-Therian, L50, M|100\/100\n|-ability|p1b: Landorus|Intimidate|boost\n|-unboost|p2a: Heatran|atk|1\n|-unboost|p2b: Iron Hands|atk|1\n|move|p1a: Kingambit|Sucker Punch|p2a: Heatran\n|-damage|p2a: Heatran|0 fnt\n|faint|p2a: Heatran\n|move|p2b: Iron Hands|Wild Charge|p1a: Kingambit\n|-damage|p1a: Kingambit|24\/100\n|-damage|p2b: Iron Hands|88\/100|[from] Recoil\n|\n|-weather|SunnyDay|[upkeep]\n|upkeep\n|\n|t:|1700604851\n|switch|p2a: Baxcalibur|Baxcalibur, L50, F|100\/100\n|turn|4\n|\n|t:|1700604868\n|switch|p1a: Flutter Mane|Flutter Mane, L50|100\/100\n|-activate|p1a: Flutter Mane|ability: Protosynthesis\n|-start|p1a: Flutter Mane|protosynthesisspa\n|-terastallize|p2a: Baxcalibur|Water\n|move|p1b: Landorus|U-turn|p2b: Iron Hands\n|-resisted|p2b: Iron Hands\n|-damage|p2b: Iron Hands|79\/100\n|\n|t:|1700604879\n|switch|p1b: Torkoal|Torkoal, L50, M|76\/100|[from] U-turn\n|move|p2a: Baxcalibur|Icicle Spear|p1b: Torkoal\n|-resisted|p1b: Torkoal\n|-damage|p1b: Torkoal|71\/100\n|-resisted|p1b: Torkoal\n|-damage|p1b: Torkoal|65\/100\n|-resisted|p1b: Torkoal\n|-damage|p1b: Torkoal|59\/100\n|-resisted|p1b: Torkoal\n|-damage|p1b: Torkoal|54\/100\n|-hitcount|p1b: Torkoal|4\n|move|p2b: Iron Hands|Wild Charge|p1a: Flutter Mane\n|-damage|p1a: Flutter Mane|45\/100\n|-damage|p2b: Iron Hands|71\/100|[from] Recoil\n|\n|-weather|SunnyDay|[upkeep]\n|upkeep\n|turn|5\n|\n|t:|1700604912\n|move|p1b: Torkoal|Helping Hand|p1a: Flutter Mane\n|-singleturn|p1a: Flutter Mane|Helping Hand|[of] p1b: Torkoal\n|move|p2a: Baxcalibur|Protect|p2a: Baxcalibur\n|-singleturn|p2a: Baxcalibur|Protect\n|move|p1a: Flutter Mane|Moonblast|p2b: Iron Hands\n|-supereffective|p2b: Iron Hands\n|-damage|p2b: Iron Hands|0 fnt\n|faint|p2b: Iron Hands\n|-end|p2b: Iron Hands|Quark Drive|[silent]\n|\n|-weather|none\n|-end|p1a: Flutter Mane|Protosynthesis\n|upkeep\n|\n|t:|1700604919\n|switch|p2b: Ogerpon|Ogerpon, L50, F|91\/100\n|turn|6\n|j| StonerSomeone\n|j| Lawrence_lmao\n|\n|t:|1700604970\n|switch|p1b: Kingambit|Kingambit, L50, M, tera:Fire|24\/100\n|move|p1a: Flutter Mane|Protect|p1a: Flutter Mane\n|-singleturn|p1a: Flutter Mane|Protect\n|move|p2b: Ogerpon|Ivy Cudgel|p1a: Flutter Mane\n|-activate|p1a: Flutter Mane|move: Protect\n|move|p2a: Baxcalibur|Scale Shot|p1b: Kingambit|[miss]\n|-miss|p2a: Baxcalibur|p1b: Kingambit\n|\n|upkeep\n|turn|7\n|c|\u2606mythikz|im so sad\n|c|\u2606Jbenn|why\n|\n|t:|1700605006\n|move|p2b: Ogerpon|Ivy Cudgel|p1a: Flutter Mane\n|-damage|p1a: Flutter Mane|0 fnt\n|faint|p1a: Flutter Mane\n|-end|p1a: Flutter Mane|Protosynthesis|[silent]\n|-damage|p2b: Ogerpon|81\/100|[from] item: Life Orb\n|move|p2a: Baxcalibur|Scale Shot|p1b: Kingambit\n|-damage|p1b: Kingambit|13\/100\n|-damage|p1b: Kingambit|2\/100\n|-damage|p1b: Kingambit|0 fnt\n|faint|p1b: Kingambit\n|-hitcount|p1: Kingambit|3\n|-unboost|p2a: Baxcalibur|def|1\n|-boost|p2a: Baxcalibur|spe|1\n|\n|upkeep\n|\n|t:|1700605019\n|switch|p1a: Torkoal|Torkoal, L50, M|54\/100\n|switch|p1b: Landorus|Landorus-Therian, L50, M|100\/100\n|-ability|p1b: Landorus|Intimidate|boost\n|-unboost|p2a: Baxcalibur|atk|1\n|-unboost|p2b: Ogerpon|atk|1\n|-ability|p2b: Ogerpon|Defiant|boost\n|-boost|p2b: Ogerpon|atk|2\n|-weather|SunnyDay|[from] ability: Drought|[of] p1a: Torkoal\n|turn|8\n|c|\u2606mythikz|it missed\n|\n|t:|1700605046\n|move|p2a: Baxcalibur|Icicle Spear|p1b: Landorus\n|-supereffective|p1b: Landorus\n|-damage|p1b: Landorus|55\/100\n|-supereffective|p1b: Landorus\n|-damage|p1b: Landorus|10\/100\n|-supereffective|p1b: Landorus\n|-damage|p1b: Landorus|0 fnt\n|faint|p1b: Landorus\n|-hitcount|p1: Landorus|3\n|move|p2b: Ogerpon|Stomping Tantrum|p1a: Torkoal\n|-supereffective|p1a: Torkoal\n|-damage|p1a: Torkoal|0 fnt\n|faint|p1a: Torkoal\n|-damage|p2b: Ogerpon|72\/100|[from] item: Life Orb\n|\n|win|mythikz\n|c|&|\/uhtml prompt-jbenn,Jbenn is ready for game 3!\n|l| Lawrence_lmao\n|inactive|mythikz has 50 seconds to confirm battle start!\n|l|\u2606mythikz\n|c|&|\/uhtml prompt-mythikz,mythikz is ready for game 3!\nBoth players are ready! Starting next match!\n|l| StonerSomeone\n","uploadtime":1700605436,"views":4,"p1id":"jbenn","p2id":"mythikz","formatid":"gen9vgc2023regulatione","rating":0,"private":0,"password":""}