{"id":"gen9vgc2023regulatione-1997961586","p1":"Eleisson4","p2":"Eseqxiel","format":"[Gen 9] VGC 2023 Regulation E","log":"|j|\u2606Eleisson4\n|j|\u2606Eseqxiel\n|n|\u2606Eleisson4|eleisson4\n|n|\u2606Eseqxiel|eseqxiel\n|html|View the match progress at <a href=\"\/game-bestof3-gen9vgc2023regulatione-1997961585\">game-bestof3-gen9vgc2023regulatione-1997961585<\/a>\n|t:|1700872577\n|gametype|doubles\n|player|p1|Eleisson4|101|\n|player|p2|Eseqxiel|hoopster|\n|teamsize|p1|6\n|teamsize|p2|6\n|gen|9\n|tier|[Gen 9] VGC 2023 Regulation E\n|rule|Species Clause: Limit one of each Pok\u00e9mon\n|rule|Item Clause: Limit one of each item\n|clearpoke\n|poke|p1|Iron Hands, L50|\n|poke|p1|Flutter Mane, L50|\n|poke|p1|Heatran, L50, F|\n|poke|p1|Chien-Pao, L50|\n|poke|p1|Ogerpon-Wellspring, L50, F|\n|poke|p1|Amoonguss, L50, F|\n|poke|p2|Tornadus, L50, M|\n|poke|p2|Heatran, L50, M|\n|poke|p2|Urshifu-*, L50, M|\n|poke|p2|Flutter Mane, L50|\n|poke|p2|Rillaboom, L50, M|\n|poke|p2|Landorus-Therian, L50, M|\n|teampreview|4\nEseqxiel has agreed to open team sheets.\nEleisson4 has agreed to open team sheets.\n|showteam|p1|Iron Hands||BoosterEnergy|QuarkDrive|SwordsDance,IcePunch,WildCharge,DrainPunch||||||50|,,,,,Ground]Flutter Mane||ChoiceSpecs|Protosynthesis|MysticalFire,ShadowBall,DazzlingGleam,PowerGem||||||50|,,,,,Fairy]Heatran||SitrusBerry|FlashFire|HeatWave,FlashCannon,EarthPower,Protect|||F|||50|,,,,,Grass]Chien-Pao||FocusSash|SwordofRuin|IceSpinner,SuckerPunch,PsychicFangs,Protect||||||50|,,,,,Ghost]Ogerpon-Wellspring||WellspringMask|WaterAbsorb|IvyCudgel,HornLeech,Taunt,SpikyShield|||F|||50|,,,,,Water]Amoonguss||AguavBerry|Regenerator|Spore,RagePowder,PollenPuff,ClearSmog|||F|||50|,,,,,Water\n|showteam|p2|Tornadus||CovertCloak|Prankster|BleakwindStorm,Tailwind,Taunt,RainDance|||M|||50|,,,,,Dark]Heatran||Leftovers|FlashFire|HeatWave,EarthPower,FlashCannon,Protect|||M|||50|,,,,,Grass]Urshifu-Rapid-Strike||MysticWater|UnseenFist|SurgingStrikes,CloseCombat,AquaJet,Detect|||M|||50|,,,,,Water]Flutter Mane||BoosterEnergy|Protosynthesis|DazzlingGleam,ShadowBall,TrickRoom,Protect||||||50|,,,,,Fairy]Rillaboom||AssaultVest|GrassySurge|FakeOut,GrassyGlide,Uturn,WoodHammer|||M|||50|,,,,,Fire]Landorus-Therian||ChoiceBand|Intimidate|StompingTantrum,RockSlide,Uturn,TeraBlast|||M|||50|,,,,,Ground\n|c|\u2606Eleisson4|Dame un momento bro\n|c|\u2606Eseqxiel|va\n|c|\u2606Eleisson4|Ready bro\n|\n|t:|1700872659\n|start\n|switch|p1a: Chien-Pao|Chien-Pao, L50|100\/100\n|switch|p1b: Heatran|Heatran, L50, F, shiny|100\/100\n|switch|p2a: Tornadus|Tornadus, L50, M|100\/100\n|switch|p2b: Heatran|Heatran, L50, M|100\/100\n|-ability|p1a: Chien-Pao|Sword of Ruin\n|turn|1\n|\n|t:|1700872703\n|move|p1b: Heatran|Protect|p1b: Heatran\n|-singleturn|p1b: Heatran|Protect\n|move|p2b: Heatran|Protect|p2b: Heatran\n|-singleturn|p2b: Heatran|Protect\n|move|p2a: Tornadus|Tailwind|p2a: Tornadus\n|-sidestart|p2: Eseqxiel|move: Tailwind\n|move|p1a: Chien-Pao|Ice Spinner|p2a: Tornadus\n|-supereffective|p2a: Tornadus\n|-damage|p2a: Tornadus|0 fnt\n|faint|p2a: Tornadus\n|\n|upkeep\n|\n|t:|1700872739\n|switch|p2a: Flutter Mane|Flutter Mane, L50|100\/100\n|-enditem|p2a: Flutter Mane|Booster Energy\n|-activate|p2a: Flutter Mane|ability: Protosynthesis|[fromitem]\n|-start|p2a: Flutter Mane|protosynthesisspe\n|turn|2\n|\n|t:|1700872781\n|-terastallize|p1b: Heatran|Grass\n|move|p2a: Flutter Mane|Dazzling Gleam|p1a: Chien-Pao|[spread] p1a,p1b\n|-supereffective|p1a: Chien-Pao\n|-damage|p1a: Chien-Pao|3\/100\n|-damage|p1b: Heatran|70\/100\n|move|p2b: Heatran|Earth Power|p1b: Heatran\n|-resisted|p1b: Heatran\n|-damage|p1b: Heatran|53\/100\n|move|p1a: Chien-Pao|Ice Spinner|p2b: Heatran\n|-resisted|p2b: Heatran\n|-damage|p2b: Heatran|89\/100\n|move|p1b: Heatran|Earth Power|p2b: Heatran\n|-supereffective|p2b: Heatran\n|-damage|p2b: Heatran|0 fnt\n|faint|p2b: Heatran\n|\n|upkeep\n|\n|t:|1700872795\n|switch|p2b: Rillaboom|Rillaboom, L50, M|100\/100\n|-fieldstart|move: Grassy Terrain|[from] ability: Grassy Surge|[of] p2b: Rillaboom\n|turn|3\n|\n|t:|1700872821\n|-terastallize|p2b: Rillaboom|Fire\n|move|p1a: Chien-Pao|Protect|p1a: Chien-Pao\n|-singleturn|p1a: Chien-Pao|Protect\n|move|p1b: Heatran|Protect|p1b: Heatran\n|-singleturn|p1b: Heatran|Protect\n|move|p2b: Rillaboom|Fake Out|p1a: Chien-Pao\n|-activate|p1a: Chien-Pao|move: Protect\n|move|p2a: Flutter Mane|Shadow Ball|p1b: Heatran\n|-activate|p1b: Heatran|move: Protect\n|\n|-heal|p1a: Chien-Pao|9\/100|[from] Grassy Terrain\n|-heal|p1b: Heatran|59\/100|[from] Grassy Terrain\n|upkeep\n|turn|4\n|\n|t:|1700872854\n|switch|p1a: Amoonguss|Amoonguss, L50, F, shiny|100\/100\n|move|p2a: Flutter Mane|Dazzling Gleam|p1b: Heatran|[spread] p1a,p1b\n|-resisted|p1a: Amoonguss\n|-damage|p1a: Amoonguss|86\/100\n|-damage|p1b: Heatran|29\/100\n|-enditem|p1b: Heatran|Sitrus Berry|[eat]\n|-heal|p1b: Heatran|53\/100|[from] item: Sitrus Berry\n|move|p2b: Rillaboom|U-turn|p1b: Heatran\n|-supereffective|p1b: Heatran\n|-damage|p1b: Heatran|0 fnt\n|faint|p1b: Heatran\n|\n|-heal|p1a: Amoonguss|92\/100|[from] Grassy Terrain\n|-sideend|p2: Eseqxiel|move: Tailwind\n|upkeep\n|\n|t:|1700872874\n|switch|p1b: Chien-Pao|Chien-Pao, L50|9\/100\n|-ability|p1b: Chien-Pao|Sword of Ruin\n|turn|5\n|\n|t:|1700872900\n|move|p1b: Chien-Pao|Protect|p1b: Chien-Pao\n|-singleturn|p1b: Chien-Pao|Protect\n|move|p2a: Flutter Mane|Dazzling Gleam|p1b: Chien-Pao|[spread] p1a\n|-activate|p1b: Chien-Pao|move: Protect\n|-resisted|p1a: Amoonguss\n|-damage|p1a: Amoonguss|78\/100\n|move|p2b: Rillaboom|U-turn|p1a: Amoonguss\n|-damage|p1a: Amoonguss|50\/100\n|move|p1a: Amoonguss|Spore|p2b: Rillaboom\n|-status|p2b: Rillaboom|slp|[from] move: Spore\n|\n|-heal|p1b: Chien-Pao|15\/100|[from] Grassy Terrain\n|-heal|p1a: Amoonguss|56\/100|[from] Grassy Terrain\n|upkeep\n|turn|6\n|\n|t:|1700872925\n|move|p1b: Chien-Pao|Sucker Punch|p2a: Flutter Mane\n|-damage|p2a: Flutter Mane|0 fnt\n|faint|p2a: Flutter Mane\n|-end|p2a: Flutter Mane|Protosynthesis|[silent]\n|cant|p2b: Rillaboom|slp\n|move|p1a: Amoonguss|Spore|p2b: Rillaboom\n|-fail|p2b: Rillaboom|slp\n|\n|-heal|p1b: Chien-Pao|20\/100|[from] Grassy Terrain\n|-heal|p1a: Amoonguss|62\/100|[from] Grassy Terrain\n|upkeep\n|turn|7\n|\n|t:|1700872941\n|-curestatus|p2b: Rillaboom|slp|[msg]\n|move|p2b: Rillaboom|Grassy Glide|p1b: Chien-Pao\n|-damage|p1b: Chien-Pao|0 fnt\n|faint|p1b: Chien-Pao\n|move|p1a: Amoonguss|Pollen Puff|p1: Chien-Pao|[notarget]\n|-fail|p1a: Amoonguss\n|\n|-heal|p1a: Amoonguss|68\/100|[from] Grassy Terrain\n|-fieldend|move: Grassy Terrain\n|upkeep\n|\n|t:|1700872950\n|switch|p1b: Iron Hands|Iron Hands, L50, shiny|100\/100\n|-enditem|p1b: Iron Hands|Booster Energy\n|-activate|p1b: Iron Hands|ability: Quark Drive|[fromitem]\n|-start|p1b: Iron Hands|quarkdriveatk\n|turn|8\n|\n|t:|1700872963\n|move|p2b: Rillaboom|U-turn|p1a: Amoonguss\n|-damage|p1a: Amoonguss|48\/100\n|move|p1b: Iron Hands|Swords Dance|p1b: Iron Hands\n|-boost|p1b: Iron Hands|atk|2\n|move|p1a: Amoonguss|Spore|p2b: Rillaboom\n|-status|p2b: Rillaboom|slp|[from] move: Spore\n|\n|upkeep\n|turn|9\n|-message|Eseqxiel forfeited.\n|\n|win|Eleisson4\n|c|&|\/uhtml prompt-eleisson4,Eleisson4 is ready for game 2!\n|c|&|\/uhtml prompt-eseqxiel,Eseqxiel is ready for game 2!\nBoth players are ready! Starting next match!\n|l|\u2606Eseqxiel\n","uploadtime":1700874170,"views":1,"p1id":"eleisson4","p2id":"eseqxiel","formatid":"gen9vgc2023regulatione","rating":0,"private":0,"password":""}