{"id":"gen9vgc2023regulatione-1999866422","p1":"So Long Thanks","p2":"lorylagg","format":"[Gen 9] VGC 2023 Regulation E","log":"|j|\u2606So Long Thanks\n|j|\u2606lorylagg\n|t:|1701124302\n|gametype|doubles\n|player|p1|So Long Thanks|170|1451\n|player|p2|lorylagg|unknownf|1492\n|teamsize|p1|6\n|teamsize|p2|6\n|gen|9\n|tier|[Gen 9] VGC 2023 Regulation E\n|rated|\n|rule|Species Clause: Limit one of each Pok\u00e9mon\n|rule|Item Clause: Limit one of each item\n|clearpoke\n|poke|p1|Indeedee-F, L50, F|\n|poke|p1|Pelipper, L50, M|\n|poke|p1|Gholdengo, L50|\n|poke|p1|Landorus, L50, M|\n|poke|p1|Urshifu-*, L50, M|\n|poke|p1|Flutter Mane, L50|\n|poke|p2|Urshifu-*, L50, F|\n|poke|p2|Arcanine-Hisui, L50, F|\n|poke|p2|Gholdengo, L50|\n|poke|p2|Tornadus, L50, M|\n|poke|p2|Rillaboom, L50, M|\n|poke|p2|Flutter Mane, L50|\n|teampreview|4\nlorylagg has agreed to open team sheets.\nSo Long Thanks has agreed to open team sheets.\n|\n|t:|1701124406\n|start\n|switch|p1a: Pelipper|Pelipper, L50, M|100\/100\n|switch|p1b: Landorus|Landorus, L50, M|100\/100\n|switch|p2a: Urs4lun4-Bloodmoon|Gholdengo, L50|100\/100\n|switch|p2b: Tornadus|Tornadus, L50, M|100\/100\n|-weather|RainDance|[from] ability: Drizzle|[of] p1a: Pelipper\n|turn|1\n|\n|t:|1701124424\n|-terastallize|p2a: Urs4lun4-Bloodmoon|Steel\n|move|p1b: Landorus|Protect|p1b: Landorus\n|-singleturn|p1b: Landorus|Protect\n|move|p2b: Tornadus|Tailwind|p2b: Tornadus\n|-sidestart|p2: lorylagg|move: Tailwind\n|move|p2a: Urs4lun4-Bloodmoon|Make It Rain|p1a: Pelipper|[spread] p1a\n|-activate|p1b: Landorus|move: Protect\n|-resisted|p1a: Pelipper\n|-damage|p1a: Pelipper|21\/100\n|-unboost|p2a: Urs4lun4-Bloodmoon|spa|1\n|move|p1a: Pelipper|Tailwind|p1a: Pelipper\n|-sidestart|p1: So Long Thanks|move: Tailwind\n|\n|-weather|RainDance|[upkeep]\n|upkeep\n|turn|2\n|\n|t:|1701124451\n|switch|p2a: Rillaboom|Rillaboom, L50, M|100\/100\n|-fieldstart|move: Grassy Terrain|[from] ability: Grassy Surge|[of] p2a: Rillaboom\n|move|p2b: Tornadus|Bleakwind Storm|p1a: Pelipper|[spread] p1a,p1b\n|-damage|p1a: Pelipper|0 fnt\n|-damage|p1b: Landorus|62\/100\n|faint|p1a: Pelipper\n|move|p1b: Landorus|Sandsear Storm|p2a: Rillaboom|[spread] p2a\n|-immune|p2b: Tornadus\n|-resisted|p2a: Rillaboom\n|-damage|p2a: Rillaboom|80\/100\n|\n|-weather|RainDance|[upkeep]\n|-heal|p2a: Rillaboom|86\/100|[from] Grassy Terrain\n|upkeep\n|\n|t:|1701124466\n|switch|p1a: Indeedee|Indeedee-F, L50, F|100\/100\n|-fieldstart|move: Psychic Terrain|[from] ability: Psychic Surge|[of] p1a: Indeedee\n|-enditem|p1a: Indeedee|Psychic Seed\n|-boost|p1a: Indeedee|spd|1|[from] item: Psychic Seed\n|turn|3\n|\n|t:|1701124503\n|switch|p2a: Urs4lun4-Bloodmoon|Gholdengo, L50, tera:Steel|100\/100\n|-terastallize|p1b: Landorus|Poison\n|move|p1a: Indeedee|Follow Me|p1a: Indeedee\n|-singleturn|p1a: Indeedee|move: Follow Me\n|move|p1b: Landorus|Sludge Bomb|p2a: Urs4lun4-Bloodmoon\n|-immune|p2a: Urs4lun4-Bloodmoon\n|move|p2b: Tornadus|Bleakwind Storm|p1a: Indeedee|[spread] p1a,p1b\n|-damage|p1a: Indeedee|80\/100\n|-damage|p1b: Landorus|23\/100\n|\n|-weather|RainDance|[upkeep]\n|upkeep\n|turn|4\n|\n|t:|1701124525\n|switch|p2a: Rillaboom|Rillaboom, L50, M|86\/100\n|-fieldstart|move: Grassy Terrain|[from] ability: Grassy Surge|[of] p2a: Rillaboom\n|move|p2b: Tornadus|Protect|p2b: Tornadus\n|-singleturn|p2b: Tornadus|Protect\n|move|p1b: Landorus|Protect|p1b: Landorus\n|-singleturn|p1b: Landorus|Protect\n|move|p1a: Indeedee|Trick Room|p1a: Indeedee\n|-fieldstart|move: Trick Room|[of] p1a: Indeedee\n|\n|-weather|RainDance|[upkeep]\n|-heal|p1a: Indeedee|86\/100|[from] Grassy Terrain\n|-heal|p2a: Rillaboom|93\/100|[from] Grassy Terrain\n|-heal|p1b: Landorus|29\/100|[from] Grassy Terrain\n|-sideend|p1: So Long Thanks|move: Tailwind\n|-sideend|p2: lorylagg|move: Tailwind\n|upkeep\n|turn|5\n|\n|t:|1701124550\n|move|p1a: Indeedee|Follow Me|p1a: Indeedee\n|-singleturn|p1a: Indeedee|move: Follow Me\n|move|p2a: Rillaboom|Wood Hammer|p1a: Indeedee\n|-damage|p1a: Indeedee|2\/100\n|-damage|p2a: Rillaboom|65\/100|[from] Recoil\n|move|p2b: Tornadus|Bleakwind Storm|p1b: Landorus|[spread] p1a,p1b\n|-damage|p1a: Indeedee|0 fnt\n|-damage|p1b: Landorus|0 fnt\n|faint|p1a: Indeedee\n|faint|p1b: Landorus\n|\n|-weather|none\n|-heal|p2a: Rillaboom|71\/100|[from] Grassy Terrain\n|upkeep\n|\n|t:|1701124571\n|switch|p1b: Gholdengo|Gholdengo, L50|100\/100\n|turn|6\n|-message|So Long Thanks forfeited.\n|\n|win|lorylagg\n|raw|So Long Thanks's rating: 1451 &rarr; <strong>1433<\/strong><br \/>(-18 for losing)\n|raw|lorylagg's rating: 1492 &rarr; <strong>1510<\/strong><br \/>(+18 for winning)\n|l|\u2606So Long Thanks\n","uploadtime":1701124580,"views":9,"p1id":"solongthanks","p2id":"lorylagg","formatid":"gen9vgc2023regulatione","rating":1433,"private":0,"password":""}