{"id":"gen9vgc2023regulatione-1999186632","p1":"Matcha Man Savage","p2":"jenzz2","format":"[Gen 9] VGC 2023 Regulation E","log":"|j|\u2606Matcha Man Savage\n|j|\u2606jenzz2\n|n|\u2606Matcha Man Savage|matchamansavage\n|n|\u2606jenzz2|jenzz2\n|html|View the match progress at <a href=\"\/game-bestof3-gen9vgc2023regulatione-1999184741\">game-bestof3-gen9vgc2023regulatione-1999184741<\/a>\n|t:|1701042937\n|gametype|doubles\n|player|p1|Matcha Man Savage|pokemaniac|\n|player|p2|jenzz2|265|\n|teamsize|p1|6\n|teamsize|p2|5\n|gen|9\n|tier|[Gen 9] VGC 2023 Regulation E\n|rule|Species Clause: Limit one of each Pok\u00e9mon\n|rule|Item Clause: Limit one of each item\n|clearpoke\n|poke|p1|Baxcalibur, L50, M|\n|poke|p1|Landorus-Therian, L50, M|\n|poke|p1|Goodra-Hisui, L50, F|\n|poke|p1|Scream Tail, L50|\n|poke|p1|Moltres-Galar, L50|\n|poke|p1|Ninetales-Alola, L50, F|\n|poke|p2|Tornadus, L50, M|\n|poke|p2|Landorus-Therian, L50, M|\n|poke|p2|Urshifu-*, L50, F|\n|poke|p2|Gothitelle, L50, F|\n|poke|p2|Ogerpon, L50, F|\n|teampreview|4\n|inactive|Battle timer is ON: inactive players will automatically lose when time's up. (requested by Matcha Man Savage)\n|\n|t:|1701042956\n|start\n|switch|p1a: Dawg?|Landorus-Therian, L50, M, shiny|100\/100\n|switch|p1b: Mufasa|Moltres-Galar, L50|100\/100\n|switch|p2a: Ogerpon|Ogerpon, L50, F|100\/100\n|switch|p2b: Gothitelle|Gothitelle, L50, F|100\/100\n|-ability|p1a: Dawg?|Intimidate|boost\n|-unboost|p2a: Ogerpon|atk|1\n|-ability|p2a: Ogerpon|Defiant|boost\n|-boost|p2a: Ogerpon|atk|2\n|-unboost|p2b: Gothitelle|atk|1\n|turn|1\n|inactive|jenzz2 has 30 seconds left.\n|inactive|jenzz2 has 20 seconds left.\n|\n|t:|1701042993\n|-terastallize|p1a: Dawg?|Flying\n|move|p2a: Ogerpon|Spiky Shield|p2a: Ogerpon\n|-singleturn|p2a: Ogerpon|move: Protect\n|move|p1a: Dawg?|Tera Blast|p2a: Ogerpon|[anim] Tera Blast Flying\n|-activate|p2a: Ogerpon|move: Protect\n|move|p1b: Mufasa|Nasty Plot|p1b: Mufasa\n|-boost|p1b: Mufasa|spa|2\n|move|p2b: Gothitelle|Hypnosis|p1b: Mufasa\n|-status|p1b: Mufasa|slp|[from] move: Hypnosis\n|\n|upkeep\n|turn|2\n|inactive|jenzz2 has 30 seconds left.\n|inactive|jenzz2 has 20 seconds left.\n|\n|t:|1701043029\n|switch|p2a: Tornadus|Tornadus, L50, M|100\/100\n|switch|p2b: Urshifu|Urshifu-Rapid-Strike, L50, F|100\/100\n|move|p1a: Dawg?|Tera Blast|p2a: Tornadus|[anim] Tera Blast Flying\n|-damage|p2a: Tornadus|29\/100\n|cant|p1b: Mufasa|slp\n|\n|upkeep\n|turn|3\n|\n|t:|1701043049\n|switch|p1a: GOJIRA|Baxcalibur, L50, M|100\/100\n|move|p2a: Tornadus|Rain Dance|p2a: Tornadus\n|-weather|RainDance\n|move|p2b: Urshifu|Surging Strikes|p1a: GOJIRA\n|-resisted|p1a: GOJIRA\n|-crit|p1a: GOJIRA\n|-damage|p1a: GOJIRA|85\/100\n|-resisted|p1a: GOJIRA\n|-crit|p1a: GOJIRA\n|-damage|p1a: GOJIRA|69\/100\n|-resisted|p1a: GOJIRA\n|-crit|p1a: GOJIRA\n|-damage|p1a: GOJIRA|53\/100\n|-hitcount|p1a: GOJIRA|3\n|-curestatus|p1b: Mufasa|slp|[msg]\n|move|p1b: Mufasa|Fiery Wrath|p2a: Tornadus|[spread] p2a,p2b\n|-resisted|p2b: Urshifu\n|-damage|p2a: Tornadus|0 fnt\n|-damage|p2b: Urshifu|61\/100\n|faint|p2a: Tornadus\n|\n|-weather|RainDance|[upkeep]\n|upkeep\n|inactive|jenzz2 has 30 seconds left.\n|\n|t:|1701043077\n|switch|p2a: Gothitelle|Gothitelle, L50, F|100\/100\n|turn|4\n|\n|t:|1701043093\n|move|p2a: Gothitelle|Fake Out|p1a: GOJIRA\n|-damage|p1a: GOJIRA|48\/100\n|move|p2b: Urshifu|Surging Strikes|p1a: GOJIRA\n|-resisted|p1a: GOJIRA\n|-crit|p1a: GOJIRA\n|-damage|p1a: GOJIRA|34\/100\n|-resisted|p1a: GOJIRA\n|-crit|p1a: GOJIRA\n|-damage|p1a: GOJIRA|18\/100\n|-resisted|p1a: GOJIRA\n|-crit|p1a: GOJIRA\n|-damage|p1a: GOJIRA|4\/100\n|-hitcount|p1a: GOJIRA|3\n|move|p1b: Mufasa|Fiery Wrath|p2b: Urshifu|[spread] p2a,p2b\n|-supereffective|p2a: Gothitelle\n|-resisted|p2b: Urshifu\n|-damage|p2a: Gothitelle|0 fnt\n|-damage|p2b: Urshifu|22\/100\n|faint|p2a: Gothitelle\n|cant|p1a: GOJIRA|flinch\n|\n|-weather|RainDance|[upkeep]\n|upkeep\n|\n|t:|1701043109\n|switch|p2a: Ogerpon|Ogerpon, L50, F|100\/100\n|turn|5\n|inactive|jenzz2 has 30 seconds left.\n|\n|t:|1701043142\n|move|p1a: GOJIRA|Ice Shard|p2a: Ogerpon\n|-supereffective|p2a: Ogerpon\n|-damage|p2a: Ogerpon|51\/100\n|move|p2b: Urshifu|Surging Strikes|p1b: Mufasa\n|-crit|p1b: Mufasa\n|-damage|p1b: Mufasa|67\/100\n|-crit|p1b: Mufasa\n|-damage|p1b: Mufasa|35\/100\n|-crit|p1b: Mufasa\n|-damage|p1b: Mufasa|7\/100\n|-hitcount|p1b: Mufasa|3\n|-ability|p1b: Mufasa|Berserk|boost\n|-boost|p1b: Mufasa|spa|1\n|move|p2a: Ogerpon|Ivy Cudgel|p1a: GOJIRA\n|-resisted|p1a: GOJIRA\n|-damage|p1a: GOJIRA|0 fnt\n|faint|p1a: GOJIRA\n|move|p1b: Mufasa|Fiery Wrath|p2a: Ogerpon|[spread] p2a,p2b\n|-resisted|p2b: Urshifu\n|-damage|p2a: Ogerpon|0 fnt\n|-damage|p2b: Urshifu|0 fnt\n|faint|p2a: Ogerpon\n|faint|p2b: Urshifu\n|\n|win|Matcha Man Savage\n|l|\u2606jenzz2\n","uploadtime":1701043165,"views":8,"p1id":"matchamansavage","p2id":"jenzz2","formatid":"gen9vgc2023regulatione","rating":0,"private":0,"password":""}