{"id":"gen9vgc2023regulatione-1992073010","p1":"nogm","p2":"w0rkj0","format":"[Gen 9] VGC 2023 Regulation E","log":"|j|\u2606nogm\n|j|\u2606w0rkj0\n|t:|1700152801\n|gametype|doubles\n|player|p1|nogm|ethan|1221\n|player|p2|w0rkj0|acetrainer-gen4|1124\n|teamsize|p1|6\n|teamsize|p2|6\n|gen|9\n|tier|[Gen 9] VGC 2023 Regulation E\n|rated|\n|rule|Species Clause: Limit one of each Pok\u00e9mon\n|rule|Item Clause: Limit one of each item\n|clearpoke\n|poke|p1|Tornadus, L50, M|\n|poke|p1|Urshifu-*, L50, F|\n|poke|p1|Sinistcha, L50|\n|poke|p1|Roaring Moon, L50|\n|poke|p1|Heatran, L50, M|\n|poke|p1|Iron Hands, L50|\n|poke|p2|Landorus, L50, M|\n|poke|p2|Clefairy, L50, M|\n|poke|p2|Arcanine-Hisui, L50, M|\n|poke|p2|Ogerpon-Wellspring, L50, F|\n|poke|p2|Roaring Moon, L50|\n|poke|p2|Iron Hands, L50|\n|teampreview|4\n|inactive|Battle timer is ON: inactive players will automatically lose when time's up. (requested by nogm)\nw0rkj0 has agreed to open team sheets.\nnogm has agreed to open team sheets.\n|inactive|nogm has 30 seconds left.\n|inactive|w0rkj0 has 30 seconds left.\n|inactive|w0rkj0 has 20 seconds left.\n|inactive|w0rkj0 has 15 seconds left.\n|inactive|w0rkj0 has 10 seconds left.\n|inactive|w0rkj0 has 5 seconds left.\n|\n|t:|1700152871\n|start\n|switch|p1a: Roaring Moon|Roaring Moon, L50|100\/100\n|switch|p1b: Iron Hands|Iron Hands, L50|100\/100\n|switch|p2a: Landorus|Landorus, L50, M|100\/100\n|switch|p2b: Clefairy|Clefairy, L50, M|100\/100\n|turn|1\n|inactive|w0rkj0 has 30 seconds left.\n|inactive|w0rkj0 has 20 seconds left.\n|inactive|w0rkj0 has 15 seconds left.\n|inactive|w0rkj0 has 10 seconds left.\n|\n|t:|1700152920\n|switch|p2b: Arcanine|Arcanine-Hisui, L50, M|100\/100\n|-ability|p2b: Arcanine|Intimidate|boost\n|-fail|p1a: Roaring Moon|unboost|[from] item: Clear Amulet|[of] p1a: Roaring Moon\n|-unboost|p1b: Iron Hands|atk|1\n|move|p1b: Iron Hands|Fake Out|p2b: Arcanine\n|-resisted|p2b: Arcanine\n|-damage|p2b: Arcanine|94\/100\n|move|p1a: Roaring Moon|Knock Off|p2a: Landorus\n|-crit|p2a: Landorus\n|-damage|p2a: Landorus|0 fnt\n|-enditem|p2a: Landorus|Life Orb|[from] move: Knock Off|[of] p1a: Roaring Moon\n|faint|p2a: Landorus\n|\n|upkeep\n|inactive|w0rkj0 has 30 seconds left.\n|\n|t:|1700152948\n|switch|p2a: Clefairy|Clefairy, L50, M|100\/100\n|turn|2\n|inactive|w0rkj0 has 30 seconds left.\n|inactive|w0rkj0 has 20 seconds left.\n|\n|t:|1700152984\n|-terastallize|p1a: Roaring Moon|Poison\n|-terastallize|p2b: Arcanine|Fairy\n|move|p2a: Clefairy|Helping Hand|p2b: Arcanine\n|-singleturn|p2b: Arcanine|Helping Hand|[of] p2a: Clefairy\n|move|p1a: Roaring Moon|Dragon Dance|p1a: Roaring Moon\n|-boost|p1a: Roaring Moon|atk|1\n|-boost|p1a: Roaring Moon|spe|1\n|move|p2b: Arcanine|Rock Slide|p1a: Roaring Moon|[spread] p1b\n|-miss|p2b: Arcanine|p1a: Roaring Moon\n|-resisted|p1b: Iron Hands\n|-damage|p1b: Iron Hands|80\/100\n|move|p1b: Iron Hands|Heavy Slam|p2b: Arcanine\n|-supereffective|p2b: Arcanine\n|-damage|p2b: Arcanine|67\/100\n|\n|upkeep\n|turn|3\n|inactive|w0rkj0 has 30 seconds left.\n|inactive|w0rkj0 has 20 seconds left.\n|\n|t:|1700153021\n|switch|p2b: Ogerpon|Ogerpon-Wellspring, L50, F|100\/100\n|move|p1a: Roaring Moon|Knock Off|p2b: Ogerpon\n|-damage|p2b: Ogerpon|56\/100\n|move|p1b: Iron Hands|Heavy Slam|p2a: Clefairy\n|-supereffective|p2a: Clefairy\n|-damage|p2a: Clefairy|45\/100\n|move|p2a: Clefairy|Heal Pulse|p2b: Ogerpon\n|-heal|p2b: Ogerpon|100\/100\n|\n|upkeep\n|turn|4\n|\n|t:|1700153046\n|move|p2a: Clefairy|Helping Hand|p2b: Ogerpon\n|-singleturn|p2b: Ogerpon|Helping Hand|[of] p2a: Clefairy\n|move|p1a: Roaring Moon|Breaking Swipe|p2a: Clefairy|[spread] p2b\n|-immune|p2a: Clefairy\n|-damage|p2b: Ogerpon|69\/100\n|-unboost|p2b: Ogerpon|atk|1\n|move|p2b: Ogerpon|Ivy Cudgel|p1a: Roaring Moon|[anim] Ivy Cudgel Water\n|-crit|p1a: Roaring Moon\n|-damage|p1a: Roaring Moon|0 fnt\n|faint|p1a: Roaring Moon\n|-end|p1a: Roaring Moon|Protosynthesis|[silent]\n|move|p1b: Iron Hands|Drain Punch|p2b: Ogerpon\n|-damage|p2b: Ogerpon|45\/100\n|-heal|p1b: Iron Hands|89\/100|[from] drain|[of] p2b: Ogerpon\n|\n|upkeep\n|\n|t:|1700153061\n|switch|p1a: Sinistcha|Sinistcha, L50|100\/100\n|-heal|p1b: Iron Hands|100\/100|[from] ability: Hospitality|[of] p1a: Sinistcha\n|turn|5\n|inactive|w0rkj0 has 30 seconds left.\n|inactive|w0rkj0 has 20 seconds left.\n|inactive|w0rkj0 has 15 seconds left.\n|inactive|w0rkj0 has 10 seconds left.\n|\n|t:|1700153108\n|-end|p1b: Iron Hands|Quark Drive|[silent]\n|switch|p1b: Urshifu|Urshifu-Rapid-Strike, L50, F|100\/100\n|move|p2b: Ogerpon|Spiky Shield|p2b: Ogerpon\n|-singleturn|p2b: Ogerpon|move: Protect\n|move|p1a: Sinistcha|Matcha Gotcha|p2b: Ogerpon|[spread] p2a\n|-activate|p2b: Ogerpon|move: Protect\n|-damage|p2a: Clefairy|21\/100\n|move|p2a: Clefairy|Heal Pulse|p2b: Ogerpon\n|-activate|p2b: Ogerpon|move: Protect\n|\n|upkeep\n|turn|6\n|inactive|w0rkj0 has 30 seconds left.\n|inactive|w0rkj0 has 20 seconds left.\n|inactive|w0rkj0 has 15 seconds left.\n|inactive|w0rkj0 has 10 seconds left.\n|inactive|w0rkj0 has 5 seconds left.\n|\n|t:|1700153163\n|move|p2b: Ogerpon|Spiky Shield||[still]\n|-fail|p2b: Ogerpon\n|move|p2a: Clefairy|Follow Me|p2a: Clefairy\n|-singleturn|p2a: Clefairy|move: Follow Me\n|move|p1b: Urshifu|U-turn|p2a: Clefairy\n|-resisted|p2a: Clefairy\n|-damage|p2a: Clefairy|10\/100\n|\n|t:|1700153169\n|switch|p1b: Iron Hands|Iron Hands, L50|100\/100|[from] U-turn\n|move|p1a: Sinistcha|Matcha Gotcha|p2b: Ogerpon|[spread] p2a,p2b\n|-damage|p2a: Clefairy|0 fnt\n|-damage|p2b: Ogerpon|26\/100\n|faint|p2a: Clefairy\n|\n|upkeep\n|\n|t:|1700153178\n|switch|p2a: Arcanine|Arcanine-Hisui, L50, M, tera:Fairy|67\/100\n|-ability|p2a: Arcanine|Intimidate|boost\n|-unboost|p1a: Sinistcha|atk|1\n|-unboost|p1b: Iron Hands|atk|1\n|turn|7\n|inactive|w0rkj0 has 30 seconds left.\n|\n|t:|1700153209\n|move|p1b: Iron Hands|Fake Out|p2a: Arcanine\n|-damage|p2a: Arcanine|54\/100\n|move|p2b: Ogerpon|Ivy Cudgel|p1b: Iron Hands|[anim] Ivy Cudgel Water\n|-crit|p1b: Iron Hands\n|-damage|p1b: Iron Hands|38\/100\n|cant|p2a: Arcanine|flinch\n|move|p1a: Sinistcha|Matcha Gotcha|p2b: Ogerpon|[spread] p2a\n|-miss|p1a: Sinistcha|p2b: Ogerpon\n|-crit|p2a: Arcanine\n|-damage|p2a: Arcanine|7\/100\n|\n|upkeep\n|turn|8\n|inactive|nogm has 30 seconds left.\n|inactive|w0rkj0 has 30 seconds left.\n|\n|t:|1700153238\n|move|p2b: Ogerpon|Ivy Cudgel|p1b: Iron Hands|[anim] Ivy Cudgel Water\n|-crit|p1b: Iron Hands\n|-damage|p1b: Iron Hands|0 fnt\n|faint|p1b: Iron Hands\n|-end|p1b: Iron Hands|Quark Drive|[silent]\n|move|p2a: Arcanine|Tera Blast|p1a: Sinistcha|[anim] Tera Blast Fairy\n|-damage|p1a: Sinistcha|43\/100\n|-enditem|p1a: Sinistcha|Sitrus Berry|[eat]\n|-heal|p1a: Sinistcha|67\/100|[from] item: Sitrus Berry\n|move|p1a: Sinistcha|Matcha Gotcha|p2b: Ogerpon|[spread] p2a,p2b\n|-damage|p2a: Arcanine|0 fnt\n|-heal|p1a: Sinistcha|71\/100|[from] drain|[of] p2a: Arcanine\n|-damage|p2b: Ogerpon|0 fnt\n|-heal|p1a: Sinistcha|84\/100|[from] drain|[of] p2b: Ogerpon\n|faint|p2a: Arcanine\n|faint|p2b: Ogerpon\n|\n|win|nogm\n|raw|nogm's rating: 1221 &rarr; <strong>1239<\/strong><br \/>(+18 for winning)\n|raw|w0rkj0's rating: 1124 &rarr; <strong>1106<\/strong><br \/>(-18 for losing)\n|l|\u2606nogm\n","uploadtime":1700153257,"views":11,"p1id":"nogm","p2id":"w0rkj0","formatid":"gen9vgc2023regulatione","rating":1106,"private":0,"password":""}