{"id":"gen9vgc2023regulatione-1989210867","p1":"taco_bowl_mx","p2":"RT-qPCR","format":"[Gen 9] VGC 2023 Regulation E","log":"|j|\u2606taco_bowl_mx\n|j|\u2606RT-qPCR\n|t:|1699823830\n|gametype|doubles\n|player|p1|taco_bowl_mx|dawn-gen4pt|1429\n|player|p2|RT-qPCR|170|1407\n|teamsize|p1|6\n|teamsize|p2|6\n|gen|9\n|tier|[Gen 9] VGC 2023 Regulation E\n|rated|\n|rule|Species Clause: Limit one of each Pok\u00e9mon\n|rule|Item Clause: Limit one of each item\n|clearpoke\n|poke|p1|Flutter Mane, L50|\n|poke|p1|Chien-Pao, L50|\n|poke|p1|Iron Hands, L50|\n|poke|p1|Heatran, L50, F|\n|poke|p1|Ogerpon-Wellspring, L50, F|\n|poke|p1|Landorus-Therian, L50, M|\n|poke|p2|Landorus-Therian, L50, M|\n|poke|p2|Heatran, L50, F|\n|poke|p2|Ogerpon-Wellspring, L50, F|\n|poke|p2|Iron Hands, L50|\n|poke|p2|Iron Bundle, L50|\n|poke|p2|Flutter Mane, L50|\n|teampreview|4\ntaco_bowl_mx has agreed to open team sheets.\n|inactive|Battle timer is ON: inactive players will automatically lose when time's up. (requested by taco_bowl_mx)\nRT-qPCR has agreed to open team sheets.\n|\n|t:|1699823868\n|start\n|switch|p1a: Iron Hands|Iron Hands, L50, shiny|100\/100\n|switch|p1b: Flutter Mane|Flutter Mane, L50|100\/100\n|switch|p2a: Iron Hands|Iron Hands, L50|100\/100\n|switch|p2b: Landorus|Landorus-Therian, L50, M, shiny|100\/100\n|-ability|p2b: Landorus|Intimidate|boost\n|-unboost|p1a: Iron Hands|atk|1\n|-unboost|p1b: Flutter Mane|atk|1\n|turn|1\n|\n|t:|1699823889\n|switch|p2b: Heatran|Heatran, L50, F|100\/100\n|move|p1a: Iron Hands|Fake Out|p2a: Iron Hands\n|-damage|p2a: Iron Hands|93\/100\n|move|p1b: Flutter Mane|Moonblast|p2a: Iron Hands\n|-supereffective|p2a: Iron Hands\n|-damage|p2a: Iron Hands|21\/100\n|cant|p2a: Iron Hands|flinch\n|\n|upkeep\n|turn|2\n|inactive|taco_bowl_mx has 30 seconds left.\n|inactive|RT-qPCR has 30 seconds left.\n|inactive|RT-qPCR has 20 seconds left.\n|inactive|RT-qPCR has 15 seconds left.\n|\n|t:|1699823933\n|-end|p1b: Flutter Mane|Protosynthesis|[silent]\n|switch|p1b: Ogerpon|Ogerpon-Wellspring, L50, F|100\/100\n|-terastallize|p2b: Heatran|Fairy\n|move|p2b: Heatran|Tera Blast|p1a: Iron Hands|[anim] Tera Blast Fairy\n|-supereffective|p1a: Iron Hands\n|-damage|p1a: Iron Hands|54\/100\n|move|p2a: Iron Hands|Wild Charge|p1b: Ogerpon\n|-damage|p1b: Ogerpon|49\/100\n|-damage|p2a: Iron Hands|11\/100|[from] Recoil\n|move|p1a: Iron Hands|Drain Punch|p2a: Iron Hands\n|-damage|p2a: Iron Hands|0 fnt\n|-heal|p1a: Iron Hands|60\/100|[from] drain|[of] p2a: Iron Hands\n|faint|p2a: Iron Hands\n|-end|p2a: Iron Hands|Quark Drive|[silent]\n|\n|upkeep\n|\n|t:|1699823957\n|switch|p2a: Landorus|Landorus-Therian, L50, M, shiny|100\/100\n|-ability|p2a: Landorus|Intimidate|boost\n|-unboost|p1a: Iron Hands|atk|1\n|-unboost|p1b: Ogerpon|atk|1\n|turn|3\n|inactive|taco_bowl_mx has 30 seconds left.\n|inactive|taco_bowl_mx has 20 seconds left.\n|inactive|taco_bowl_mx has 15 seconds left.\n|inactive|taco_bowl_mx has 10 seconds left.\n|\n|t:|1699824005\n|move|p2a: Landorus|U-turn|p1a: Iron Hands\n|-resisted|p1a: Iron Hands\n|-damage|p1a: Iron Hands|51\/100\n|\n|t:|1699824008\n|switch|p2a: Iron Bundle|Iron Bundle, L50, shiny|100\/100|[from] U-turn\n|-enditem|p2a: Iron Bundle|Booster Energy\n|-activate|p2a: Iron Bundle|ability: Quark Drive|[fromitem]\n|-start|p2a: Iron Bundle|quarkdrivespe\n|move|p1b: Ogerpon|Ivy Cudgel|p2a: Iron Bundle\n|-resisted|p2a: Iron Bundle\n|-damage|p2a: Iron Bundle|84\/100\n|move|p2b: Heatran|Tera Blast|p1a: Iron Hands|[anim] Tera Blast Fairy\n|-supereffective|p1a: Iron Hands\n|-damage|p1a: Iron Hands|8\/100\n|move|p1a: Iron Hands|Heavy Slam|p2b: Heatran\n|-supereffective|p2b: Heatran\n|-crit|p2b: Heatran\n|-damage|p2b: Heatran|64\/100\n|\n|upkeep\n|turn|4\n|inactive|taco_bowl_mx has 30 seconds left.\n|\n|t:|1699824037\n|-end|p1a: Iron Hands|Quark Drive|[silent]\n|switch|p1a: Flutter Mane|Flutter Mane, L50|100\/100\n|move|p1b: Ogerpon|Follow Me|p1b: Ogerpon\n|-singleturn|p1b: Ogerpon|move: Follow Me\n|move|p2a: Iron Bundle|Freeze-Dry|p1b: Ogerpon\n|-supereffective|p1b: Ogerpon\n|-damage|p1b: Ogerpon|0 fnt\n|faint|p1b: Ogerpon\n|move|p2b: Heatran|Magma Storm|p1a: Flutter Mane\n|-damage|p1a: Flutter Mane|54\/100\n|-activate|p1a: Flutter Mane|move: Magma Storm|[of] p2b: Heatran\n|\n|-damage|p1a: Flutter Mane|42\/100|[from] move: Magma Storm|[partiallytrapped]\n|upkeep\n|\n|t:|1699824051\n|switch|p1b: Chien-Pao|Chien-Pao, L50|100\/100\n|-ability|p1b: Chien-Pao|Sword of Ruin\n|turn|5\n|\n|t:|1699824073\n|-terastallize|p1a: Flutter Mane|Fire\n|move|p2a: Iron Bundle|Protect|p2a: Iron Bundle\n|-singleturn|p2a: Iron Bundle|Protect\n|move|p2b: Heatran|Protect|p2b: Heatran\n|-singleturn|p2b: Heatran|Protect\n|move|p1b: Chien-Pao|Sucker Punch||[still]\n|-fail|p1b: Chien-Pao\n|move|p1a: Flutter Mane|Shadow Ball|p2b: Heatran\n|-activate|p2b: Heatran|move: Protect\n|\n|-damage|p1a: Flutter Mane|31\/100|[from] move: Magma Storm|[partiallytrapped]\n|upkeep\n|turn|6\n|inactive|RT-qPCR has 30 seconds left.\n|\n|t:|1699824098\n|move|p1b: Chien-Pao|Sucker Punch|p2b: Heatran\n|-resisted|p2b: Heatran\n|-damage|p2b: Heatran|44\/100\n|move|p2a: Iron Bundle|Icy Wind|p1a: Flutter Mane|[spread] p1a,p1b\n|-resisted|p1a: Flutter Mane\n|-resisted|p1b: Chien-Pao\n|-damage|p1a: Flutter Mane|22\/100\n|-damage|p1b: Chien-Pao|87\/100\n|-unboost|p1a: Flutter Mane|spe|1\n|-unboost|p1b: Chien-Pao|spe|1\n|move|p1a: Flutter Mane|Shadow Ball|p2b: Heatran\n|-damage|p2b: Heatran|0 fnt\n|faint|p2b: Heatran\n|\n|-end|p1a: Flutter Mane|Magma Storm|[partiallytrapped]|[silent]\n|upkeep\n|\n|t:|1699824112\n|switch|p2b: Landorus|Landorus-Therian, L50, M, shiny|100\/100\n|-ability|p2b: Landorus|Intimidate|boost\n|-unboost|p1a: Flutter Mane|atk|1\n|-unboost|p1b: Chien-Pao|atk|1\n|turn|7\n|inactive|RT-qPCR has 30 seconds left.\n|inactive|RT-qPCR has 20 seconds left.\n|inactive|RT-qPCR has 15 seconds left.\n|inactive|RT-qPCR has 10 seconds left.\n|inactive|RT-qPCR has 5 seconds left.\n|\n|t:|1699824166\n|move|p1b: Chien-Pao|Protect|p1b: Chien-Pao\n|-singleturn|p1b: Chien-Pao|Protect\n|move|p2a: Iron Bundle|Freeze-Dry|p1a: Flutter Mane\n|-resisted|p1a: Flutter Mane\n|-damage|p1a: Flutter Mane|7\/100\n|move|p2b: Landorus|Rock Tomb|p1b: Chien-Pao\n|-activate|p1b: Chien-Pao|move: Protect\n|move|p1a: Flutter Mane|Shadow Ball|p2a: Iron Bundle\n|-damage|p2a: Iron Bundle|12\/100\n|-unboost|p2a: Iron Bundle|spd|1\n|\n|upkeep\n|turn|8\n|inactive|taco_bowl_mx has 30 seconds left.\n|\n|t:|1699824199\n|move|p1b: Chien-Pao|Sucker Punch||[still]\n|-fail|p1b: Chien-Pao\n|move|p2a: Iron Bundle|Encore|p1b: Chien-Pao\n|-start|p1b: Chien-Pao|Encore\n|move|p2b: Landorus|Rock Tomb|p1a: Flutter Mane\n|-supereffective|p1a: Flutter Mane\n|-damage|p1a: Flutter Mane|0 fnt\n|faint|p1a: Flutter Mane\n|-end|p1a: Flutter Mane|Protosynthesis|[silent]\n|\n|upkeep\n|\n|t:|1699824208\n|switch|p1a: Iron Hands|Iron Hands, L50, shiny|8\/100\n|turn|9\n|\n|t:|1699824218\n|move|p2a: Iron Bundle|Protect|p2a: Iron Bundle\n|-singleturn|p2a: Iron Bundle|Protect\n|move|p1b: Chien-Pao|Sucker Punch|p2b: Landorus\n|-damage|p2b: Landorus|67\/100\n|move|p2b: Landorus|Rock Tomb|p1b: Chien-Pao\n|-supereffective|p1b: Chien-Pao\n|-damage|p1b: Chien-Pao|27\/100\n|-unboost|p1b: Chien-Pao|spe|1\n|move|p1a: Iron Hands|Drain Punch|p2b: Landorus\n|-resisted|p2b: Landorus\n|-damage|p2b: Landorus|34\/100\n|-heal|p1a: Iron Hands|21\/100|[from] drain|[of] p2b: Landorus\n|\n|upkeep\n|turn|10\n|inactive|RT-qPCR has 30 seconds left.\n|inactive|taco_bowl_mx has 30 seconds left.\n|inactive|RT-qPCR has 20 seconds left.\n|\n|t:|1699824254\n|move|p1b: Chien-Pao|Sucker Punch|p2b: Landorus\n|-damage|p2b: Landorus|2\/100\n|move|p2a: Iron Bundle|Freeze-Dry|p1b: Chien-Pao\n|-resisted|p1b: Chien-Pao\n|-damage|p1b: Chien-Pao|6\/100\n|move|p2b: Landorus|Rock Tomb|p1b: Chien-Pao\n|-supereffective|p1b: Chien-Pao\n|-damage|p1b: Chien-Pao|0 fnt\n|faint|p1b: Chien-Pao\n|move|p1a: Iron Hands|Drain Punch|p2b: Landorus\n|-resisted|p2b: Landorus\n|-damage|p2b: Landorus|0 fnt\n|-heal|p1a: Iron Hands|21\/100|[from] drain|[of] p2b: Landorus\n|faint|p2b: Landorus\n|\n|upkeep\n|turn|11\n|\n|t:|1699824273\n|move|p2a: Iron Bundle|Freeze-Dry|p1a: Iron Hands\n|-damage|p1a: Iron Hands|5\/100\n|move|p1a: Iron Hands|Drain Punch|p2a: Iron Bundle\n|-supereffective|p2a: Iron Bundle\n|-damage|p2a: Iron Bundle|0 fnt\n|-heal|p1a: Iron Hands|8\/100|[from] drain|[of] p2a: Iron Bundle\n|faint|p2a: Iron Bundle\n|-end|p2a: Iron Bundle|Quark Drive|[silent]\n|\n|win|taco_bowl_mx\n|raw|taco_bowl_mx's rating: 1429 &rarr; <strong>1448<\/strong><br \/>(+19 for winning)\n|raw|RT-qPCR's rating: 1407 &rarr; <strong>1388<\/strong><br \/>(-19 for losing)\n|c|\u2606taco_bowl_mx|gg\n|l|\u2606taco_bowl_mx\n|j|\u2606taco_bowl_mx\n|player|p1|taco_bowl_mx|dawn-gen4pt\n|l|\u2606RT-qPCR\n","uploadtime":1699824296,"views":57,"p1id":"tacobowlmx","p2id":"rtqpcr","formatid":"gen9vgc2023regulatione","rating":1388,"private":0,"password":""}