{"id":"gen9vgc2023regulatione-1996448744","p1":"cataciyzmic","p2":"4Azzy","format":"[Gen 9] VGC 2023 Regulation E","log":"|j|\u2606cataciyzmic\n|j|\u26064Azzy\n|n|\u2606cataciyzmic|cataciyzmic\n|n|\u26064Azzy|4azzy\n|html|View the match progress at <a href=\"\/game-bestof3-gen9vgc2023regulatione-1996443997\">game-bestof3-gen9vgc2023regulatione-1996443997<\/a>\n|t:|1700683027\n|gametype|doubles\n|player|p1|cataciyzmic|cyrus|\n|player|p2|4Azzy|will|\n|teamsize|p1|6\n|teamsize|p2|6\n|gen|9\n|tier|[Gen 9] VGC 2023 Regulation E\n|rule|Species Clause: Limit one of each Pok\u00e9mon\n|rule|Item Clause: Limit one of each item\n|clearpoke\n|poke|p1|Urshifu-*, L50, M|\n|poke|p1|Moltres-Galar, L50|\n|poke|p1|Klefki, L50, F|\n|poke|p1|Fezandipiti, L50, M|\n|poke|p1|Empoleon, L50, M|\n|poke|p1|Lokix, L50, M|\n|poke|p2|Sableye, L50, M|\n|poke|p2|Iron Valiant, L50|\n|poke|p2|Landorus, L50, M|\n|poke|p2|Enamorus, L50, F|\n|poke|p2|Floatzel, L50, F|\n|poke|p2|Basculin-White-Striped, L50, F|\n|teampreview|4\ncataciyzmic rejected open team sheets.\n|j| MikeTitan\n|j| pokemon_and_beer\n|\n|t:|1700683087\n|start\n|switch|p1a: Maid|Klefki, L50, F|100\/100\n|switch|p1b: Cropduster|Moltres-Galar, L50|100\/100\n|switch|p2a: Yami Yami no Mi|Sableye, L50, M|100\/100\n|switch|p2b: Suna Suna no Mi|Landorus, L50, M|100\/100\n|turn|1\n|\n|t:|1700683110\n|-terastallize|p1a: Maid|Dark\n|move|p1a: Maid|Light Screen|p1a: Maid\n|-sidestart|p1: cataciyzmic|move: Light Screen\n|move|p2a: Yami Yami no Mi|Gravity|p2a: Yami Yami no Mi\n|-fieldstart|move: Gravity\n|move|p2b: Suna Suna no Mi|Sandsear Storm|p1b: Cropduster|[spread] p1a,p1b\n|-damage|p1a: Maid|66\/100\n|-damage|p1b: Cropduster|65\/100\n|move|p1b: Cropduster|Nasty Plot|p1b: Cropduster\n|-boost|p1b: Cropduster|spa|2\n|\n|-heal|p1b: Cropduster|71\/100|[from] item: Leftovers\n|upkeep\n|turn|2\n|\n|t:|1700683133\n|switch|p1a: Sensei|Urshifu, L50, M|100\/100\n|switch|p2a: Umi no akuma|Floatzel, L50, F|100\/100\n|move|p2b: Suna Suna no Mi|Protect|p2b: Suna Suna no Mi\n|-singleturn|p2b: Suna Suna no Mi|Protect\n|move|p1b: Cropduster|Fiery Wrath|p2a: Umi no akuma|[spread] p2a\n|-activate|p2b: Suna Suna no Mi|move: Protect\n|-damage|p2a: Umi no akuma|0 fnt\n|faint|p2a: Umi no akuma\n|\n|-heal|p1b: Cropduster|77\/100|[from] item: Leftovers\n|upkeep\n|\n|t:|1700683136\n|switch|p2a: Mero Mero no Mi|Enamorus, L50, F|100\/100\n|turn|3\n|\n|t:|1700683184\n|move|p2a: Mero Mero no Mi|Springtide Storm|p1b: Cropduster|[spread] p1a,p1b\n|-supereffective|p1a: Sensei\n|-supereffective|p1b: Cropduster\n|-enditem|p1a: Sensei|Focus Sash\n|-damage|p1a: Sensei|1\/100\n|-damage|p1b: Cropduster|11\/100\n|-unboost|p1b: Cropduster|atk|1\n|-ability|p1b: Cropduster|Berserk|boost\n|-boost|p1b: Cropduster|spa|1\n|move|p2b: Suna Suna no Mi|Sandsear Storm|p1a: Sensei|[spread] p1a,p1b\n|-damage|p1a: Sensei|0 fnt\n|-damage|p1b: Cropduster|0 fnt\n|faint|p1a: Sensei\n|faint|p1b: Cropduster\n|\n|upkeep\n|\n|t:|1700683193\n|switch|p1a: Male Stripper|Fezandipiti, L50, M|100\/100\n|switch|p1b: Maid|Klefki, L50, F, tera:Dark|66\/100\n|turn|4\n|\n|t:|1700683224\n|switch|p2a: Yami Yami no Mi|Sableye, L50, M|100\/100\n|move|p1b: Maid|Reflect|p1b: Maid\n|-sidestart|p1: cataciyzmic|Reflect\n|move|p2b: Suna Suna no Mi|Sandsear Storm|p1b: Maid|[spread] p1a,p1b\n|-supereffective|p1a: Male Stripper\n|-damage|p1a: Male Stripper|33\/100\n|-damage|p1b: Maid|28\/100\n|move|p1a: Male Stripper|Icy Wind|p2a: Yami Yami no Mi|[spread] p2a,p2b\n|-supereffective|p2b: Suna Suna no Mi\n|-damage|p2a: Yami Yami no Mi|88\/100\n|-damage|p2b: Suna Suna no Mi|61\/100\n|-unboost|p2a: Yami Yami no Mi|spe|1\n|-unboost|p2b: Suna Suna no Mi|spe|1\n|-status|p2a: Yami Yami no Mi|tox|[from] ability: Toxic Chain|[of] p1a: Male Stripper\n|-enditem|p2a: Yami Yami no Mi|Eject Button\n|\n|t:|1700683231\n|switch|p2a: Mero Mero no Mi|Enamorus, L50, F|100\/100\n|\n|upkeep\n|turn|5\n|\n|t:|1700683255\n|move|p1b: Maid|Misty Terrain|p1b: Maid\n|-fieldstart|move: Misty Terrain\n|move|p2a: Mero Mero no Mi|Moonblast|p1b: Maid\n|-supereffective|p1b: Maid\n|-damage|p1b: Maid|0 fnt\n|faint|p1b: Maid\n|move|p1a: Male Stripper|Icy Wind|p2a: Mero Mero no Mi|[spread] p2a,p2b\n|-supereffective|p2a: Mero Mero no Mi\n|-supereffective|p2b: Suna Suna no Mi\n|-damage|p2a: Mero Mero no Mi|76\/100\n|-damage|p2b: Suna Suna no Mi|18\/100\n|-unboost|p2a: Mero Mero no Mi|spe|1\n|-unboost|p2b: Suna Suna no Mi|spe|1\n|move|p2b: Suna Suna no Mi|Sandsear Storm|p1a: Male Stripper\n|-supereffective|p1a: Male Stripper\n|-damage|p1a: Male Stripper|0 fnt\n|faint|p1a: Male Stripper\n|\n|win|4Azzy\n|c|\u2606cataciyzmic|gg i fumbled bad lol\n|inactive|cataciyzmic has 50 seconds to confirm battle start!\n|inactive|4Azzy has 50 seconds to confirm battle start!\n|c|\u26064Azzy|gg happens\n|c|&|\/uhtml prompt-cataciyzmic,cataciyzmic is ready for game 3!\n|c|&|\/uhtml prompt-4azzy,4Azzy is ready for game 3!\nBoth players are ready! Starting next match!\n|l| MikeTitan\n|l| pokemon_and_beer\n|j| agati 2\n|l| agati 2\n|l|\u26064Azzy\n","uploadtime":1700683897,"views":2,"p1id":"cataciyzmic","p2id":"4azzy","formatid":"gen9vgc2023regulatione","rating":0,"private":0,"password":""}