{"id":"gen9vgc2023regulatione-1993119360","p1":"Fernanch","p2":"ant_3","format":"[Gen 9] VGC 2023 Regulation E","log":"|j|\u2606Fernanch\n|j|\u2606ant_3\n|n|\u2606Fernanch|fernanch\n|n|\u2606ant_3|ant3\n|html|View the match progress at <a href=\"\/game-bestof3-gen9vgc2023regulatione-1993116028\">game-bestof3-gen9vgc2023regulatione-1993116028<\/a>\n|t:|1700267036\n|gametype|doubles\n|player|p1|Fernanch|waiter-gen4dp|\n|player|p2|ant_3|266|\n|teamsize|p1|6\n|teamsize|p2|6\n|gen|9\n|tier|[Gen 9] VGC 2023 Regulation E\n|rule|Species Clause: Limit one of each Pok\u00e9mon\n|rule|Item Clause: Limit one of each item\n|clearpoke\n|poke|p1|Iron Hands, L50|\n|poke|p1|Amoonguss, L50, M|\n|poke|p1|Chi-Yu, L50|\n|poke|p1|Grafaiai, L50, F|\n|poke|p1|Regieleki, L50|\n|poke|p1|Hatterene, L50, F|\n|poke|p2|Iron Bundle, L50|\n|poke|p2|Ursaluna, L50, M|\n|poke|p2|Chimecho, L50, M|\n|poke|p2|Breloom, L50, M|\n|poke|p2|Urshifu-*, L50, M|\n|poke|p2|Murkrow, L50, F|\n|teampreview|4\n|c|\u2606ant_3|wooo gl hf\n|j| The Carkol Rider\n|c|\u2606Fernanch|Glhf\n|c|\u2606Fernanch|This is so practical\n|j| CanuckChum\n|\n|t:|1700267073\n|start\n|switch|p1a: Iron Hands|Iron Hands, L50|100\/100\n|switch|p1b: Amoonguss|Amoonguss, L50, M|100\/100\n|switch|p2a: Murkrow|Murkrow, L50, F|100\/100\n|switch|p2b: Urshifu|Urshifu, L50, M|100\/100\n|turn|1\n|\n|t:|1700267103\n|-terastallize|p2b: Urshifu|Dark\n|move|p2a: Murkrow|Protect|p2a: Murkrow\n|-singleturn|p2a: Murkrow|Protect\n|move|p1a: Iron Hands|Fake Out|p2a: Murkrow\n|-activate|p2a: Murkrow|move: Protect\n|move|p2b: Urshifu|Wicked Blow|p1b: Amoonguss\n|-crit|p1b: Amoonguss\n|-damage|p1b: Amoonguss|7\/100\n|move|p1b: Amoonguss|Spore|p2b: Urshifu\n|-status|p2b: Urshifu|slp|[from] move: Spore\n|\n|-heal|p1b: Amoonguss|13\/100|[from] item: Black Sludge\n|upkeep\n|turn|2\n|c|\u2606ant_3|it LIVED\n|c|\u2606ant_3|OWRD\n|c|\u2606Fernanch|Idk either\n|\n|t:|1700267168\n|cant|p2b: Urshifu|slp\n|move|p2a: Murkrow|Brave Bird|p1b: Amoonguss\n|-supereffective|p1b: Amoonguss\n|-damage|p1b: Amoonguss|0 fnt\n|faint|p1b: Amoonguss\n|-damage|p2a: Murkrow|95\/100|[from] Recoil\n|move|p1a: Iron Hands|Drain Punch|p2b: Urshifu\n|-supereffective|p2b: Urshifu\n|-crit|p2b: Urshifu\n|-damage|p2b: Urshifu|0 fnt\n|faint|p2b: Urshifu\n|\n|upkeep\n|\n|t:|1700267180\n|switch|p2b: Ursaluna|Ursaluna, L50, M|100\/100\n|switch|p1b: Regieleki|Regieleki, L50|100\/100\n|turn|3\n|c| The Carkol Rider|dude this mon is a criminal\n|c|\u2606ant_3|LOL\n|\n|t:|1700267196\n|move|p2a: Murkrow|Protect|p2a: Murkrow\n|-singleturn|p2a: Murkrow|Protect\n|move|p2b: Ursaluna|Protect|p2b: Ursaluna\n|-singleturn|p2b: Ursaluna|Protect\n|move|p1b: Regieleki|Thunderbolt|p2a: Murkrow\n|-activate|p2a: Murkrow|move: Protect\n|move|p1a: Iron Hands|Drain Punch|p2b: Ursaluna\n|-activate|p2b: Ursaluna|move: Protect\n|\n|-status|p2b: Ursaluna|brn|[from] item: Flame Orb\n|upkeep\n|turn|4\n|\n|t:|1700267222\n|-terastallize|p1b: Regieleki|Ice\n|move|p2a: Murkrow|Tailwind|p2a: Murkrow\n|-sidestart|p2: ant_3|move: Tailwind\n|move|p1b: Regieleki|Tera Blast|p2b: Ursaluna|[anim] Tera Blast Ice\n|-supereffective|p2b: Ursaluna\n|-damage|p2b: Ursaluna|32\/100 brn\n|move|p2b: Ursaluna|Headlong Rush|p1b: Regieleki\n|-damage|p1b: Regieleki|0 fnt\n|-unboost|p2b: Ursaluna|def|1\n|-unboost|p2b: Ursaluna|spd|1\n|faint|p1b: Regieleki\n|move|p1a: Iron Hands|Drain Punch|p2b: Ursaluna\n|-supereffective|p2b: Ursaluna\n|-damage|p2b: Ursaluna|0 fnt\n|faint|p2b: Ursaluna\n|\n|upkeep\n|c|\u2606ant_3|ggs i think\n|\n|t:|1700267244\n|switch|p1b: Grafaiai|Grafaiai, L50, F|100\/100\n|switch|p2b: Iron Bundle|Iron Bundle, L50|100\/100\n|turn|5\n|c|\u2606ant_3|i mean i guess it depends but prolly gg\n|c|\u2606Fernanch|Maybe\n|\n|t:|1700267264\n|move|p1b: Grafaiai|Helping Hand|p1a: Iron Hands\n|-singleturn|p1a: Iron Hands|Helping Hand|[of] p1b: Grafaiai\n|move|p2b: Iron Bundle|Taunt|p1b: Grafaiai\n|-start|p1b: Grafaiai|move: Taunt\n|move|p2a: Murkrow|Brave Bird|p1a: Iron Hands\n|-damage|p1a: Iron Hands|77\/100\n|-damage|p2a: Murkrow|84\/100|[from] Recoil\n|move|p1a: Iron Hands|Drain Punch|p2b: Iron Bundle\n|-supereffective|p2b: Iron Bundle\n|-damage|p2b: Iron Bundle|0 fnt\n|-heal|p1a: Iron Hands|100\/100|[from] drain|[of] p2b: Iron Bundle\n|faint|p2b: Iron Bundle\n|-end|p2b: Iron Bundle|Quark Drive|[silent]\n|\n|upkeep\n|turn|6\n|c|\u2606Fernanch|Watch this\n|\n|t:|1700267280\n|move|p2a: Murkrow|Brave Bird|p1a: Iron Hands\n|-damage|p1a: Iron Hands|76\/100\n|-damage|p2a: Murkrow|72\/100|[from] Recoil\n|-activate|p1b: Grafaiai|move: Struggle\n|move|p1b: Grafaiai|Struggle|p2a: Murkrow\n|-damage|p2a: Murkrow|53\/100\n|-damage|p1b: Grafaiai|75\/100|[from] recoil\n|move|p1a: Iron Hands|Wild Charge|p2a: Murkrow\n|-supereffective|p2a: Murkrow\n|-damage|p2a: Murkrow|0 fnt\n|faint|p2a: Murkrow\n|-damage|p1a: Iron Hands|67\/100|[from] Recoil\n|\n|win|Fernanch\n|c|\u2606Fernanch|ggs\n|c|\u2606ant_3|ggs\n|l|\u2606ant_3\n|c| The Carkol Rider|I wouldve attacked my own grafaiai\n","uploadtime":1700267297,"views":19,"p1id":"fernanch","p2id":"ant3","formatid":"gen9vgc2023regulatione","rating":0,"private":0,"password":""}