{"id":"gen9vgc2023regulatione-1991634647","p1":"Junkman3713","p2":"breezedrw","format":"[Gen 9] VGC 2023 Regulation E","log":"|j|\u2606Junkman3713\n|j|\u2606breezedrw\n|t:|1700096675\n|gametype|doubles\n|player|p1|Junkman3713|101|1082\n|player|p2|breezedrw|flannery|1074\n|teamsize|p1|6\n|teamsize|p2|6\n|gen|9\n|tier|[Gen 9] VGC 2023 Regulation E\n|rated|\n|rule|Species Clause: Limit one of each Pok\u00e9mon\n|rule|Item Clause: Limit one of each item\n|clearpoke\n|poke|p1|Urshifu-*, L50, M|\n|poke|p1|Nosepass, L50, M|\n|poke|p1|Amoonguss, L50, M|\n|poke|p1|Magnezone, L50|\n|poke|p1|Pelipper, L50, F|\n|poke|p1|Ogerpon-Hearthflame, L50, F|\n|poke|p2|Arbok, L50, F|\n|poke|p2|Toxapex, L50, F|\n|poke|p2|Delphox, L50, F|\n|poke|p2|Sableye, L50, F|\n|poke|p2|Espathra, L50, F|\n|poke|p2|Regieleki, L50|\n|teampreview|4\n|\n|t:|1700096710\n|start\n|switch|p1a: Nosepass|Nosepass, L50, M|100\/100\n|switch|p1b: Urshifu|Urshifu, L50, M|100\/100\n|switch|p2a: Mynor|Sableye, L50, F|100\/100\n|switch|p2b: Maude|Espathra, L50, F, shiny|100\/100\n|turn|1\n|\n|t:|1700096740\n|-terastallize|p2b: Maude|Bug\n|move|p1a: Nosepass|Wide Guard|p1a: Nosepass\n|-singleturn|p1a: Nosepass|Wide Guard\n|move|p2a: Mynor|Gravity|p2a: Mynor\n|-fieldstart|move: Gravity\n|move|p2b: Maude|Hypnosis|p1b: Urshifu\n|-status|p1b: Urshifu|slp|[from] move: Hypnosis\n|cant|p1b: Urshifu|slp\n|\n|-ability|p2b: Maude|Speed Boost|boost\n|-boost|p2b: Maude|spe|1\n|upkeep\n|turn|2\n|\n|t:|1700096765\n|switch|p2a: Arbok|Arbok, L50, F|100\/100\n|-ability|p2a: Arbok|Intimidate|boost\n|-unboost|p1a: Nosepass|atk|1\n|-unboost|p1b: Urshifu|atk|1\n|cant|p1b: Urshifu|slp\n|move|p2b: Maude|Hypnosis|p1a: Nosepass\n|-status|p1a: Nosepass|slp|[from] move: Hypnosis\n|cant|p1a: Nosepass|slp\n|\n|-ability|p2b: Maude|Speed Boost|boost\n|-boost|p2b: Maude|spe|1\n|upkeep\n|turn|3\n|\n|t:|1700096783\n|move|p2b: Maude|Tera Blast|p1b: Urshifu|[anim] Tera Blast Bug\n|-damage|p1b: Urshifu|69\/100 slp\n|cant|p1b: Urshifu|slp\n|move|p2a: Arbok|Coil|p2a: Arbok\n|-boost|p2a: Arbok|atk|1\n|-boost|p2a: Arbok|def|1\n|-boost|p2a: Arbok|accuracy|1\n|cant|p1a: Nosepass|slp\n|\n|-ability|p2b: Maude|Speed Boost|boost\n|-boost|p2b: Maude|spe|1\n|upkeep\n|turn|4\n|\n|t:|1700096799\n|move|p2b: Maude|Lumina Crash|p1a: Nosepass\n|-damage|p1a: Nosepass|79\/100 slp\n|-unboost|p1a: Nosepass|spd|2\n|-curestatus|p1b: Urshifu|slp|[msg]\n|move|p1b: Urshifu|Wicked Blow|p2b: Maude\n|-crit|p2b: Maude\n|-damage|p2b: Maude|39\/100\n|move|p2a: Arbok|Scale Shot|p1b: Urshifu\n|-damage|p1b: Urshifu|60\/100\n|-damage|p1b: Urshifu|50\/100\n|-damage|p1b: Urshifu|40\/100\n|-damage|p1b: Urshifu|31\/100\n|-damage|p1b: Urshifu|21\/100\n|-hitcount|p1b: Urshifu|5\n|-unboost|p2a: Arbok|def|1\n|-boost|p2a: Arbok|spe|1\n|-curestatus|p1a: Nosepass|slp|[msg]\n|move|p1a: Nosepass|Sand Tomb|p2a: Arbok\n|-supereffective|p2a: Arbok\n|-damage|p2a: Arbok|93\/100\n|-activate|p2a: Arbok|move: Sand Tomb|[of] p1a: Nosepass\n|\n|-damage|p2a: Arbok|81\/100|[from] move: Sand Tomb|[partiallytrapped]\n|-ability|p2b: Maude|Speed Boost|boost\n|-boost|p2b: Maude|spe|1\n|upkeep\n|turn|5\n|\n|t:|1700096834\n|switch|p1a: Magnezone|Magnezone, L50|100\/100\n|move|p1b: Urshifu|Detect|p1b: Urshifu\n|-singleturn|p1b: Urshifu|Protect\n|move|p2b: Maude|Tera Blast|p1b: Urshifu|[anim] Tera Blast Bug\n|-activate|p1b: Urshifu|move: Protect\n|move|p2a: Arbok|Coil|p2a: Arbok\n|-boost|p2a: Arbok|atk|1\n|-boost|p2a: Arbok|def|1\n|-boost|p2a: Arbok|accuracy|1\n|\n|-end|p2a: Arbok|Sand Tomb|[partiallytrapped]|[silent]\n|-fieldend|move: Gravity\n|-ability|p2b: Maude|Speed Boost|boost\n|-boost|p2b: Maude|spe|1\n|upkeep\n|turn|6\n|\n|t:|1700096871\n|move|p2b: Maude|Tera Blast|p1b: Urshifu|[anim] Tera Blast Bug\n|-damage|p1b: Urshifu|0 fnt\n|faint|p1b: Urshifu\n|move|p2a: Arbok|Earthquake|p1a: Magnezone|[spread] p2b,p1a\n|-resisted|p2b: Maude\n|-supereffective|p1a: Magnezone\n|-damage|p2b: Maude|13\/100\n|-ability|p1a: Magnezone|Sturdy\n|-damage|p1a: Magnezone|1\/100\n|move|p1a: Magnezone|Thunder|p2a: Arbok\n|-damage|p2a: Arbok|0 fnt\n|faint|p2a: Arbok\n|\n|-ability|p2b: Maude|Speed Boost|boost\n|-boost|p2b: Maude|spe|1\n|upkeep\n|\n|t:|1700096888\n|switch|p1b: Nosepass|Nosepass, L50, M|79\/100\n|switch|p2a: I-no|Delphox, L50, F|100\/100\n|turn|7\n|\n|t:|1700096926\n|switch|p1a: Pelipper|Pelipper, L50, F|100\/100\n|-weather|RainDance|[from] ability: Drizzle|[of] p1a: Pelipper\n|move|p2b: Maude|Lumina Crash|p1b: Nosepass\n|-damage|p1b: Nosepass|59\/100\n|-unboost|p1b: Nosepass|spd|2\n|move|p2a: I-no|Dazzling Gleam|p1b: Nosepass|[spread] p1a,p1b\n|-damage|p1a: Pelipper|76\/100\n|-damage|p1b: Nosepass|33\/100\n|move|p1b: Nosepass|Thunder Wave|p2a: I-no\n|-status|p2a: I-no|par\n|\n|-weather|RainDance|[upkeep]\n|upkeep\n|turn|8\n|\n|t:|1700096950\n|move|p2b: Maude|Lumina Crash|p1a: Pelipper\n|-damage|p1a: Pelipper|39\/100\n|-unboost|p1a: Pelipper|spd|2\n|move|p1a: Pelipper|Weather Ball|p2a: I-no\n|-supereffective|p2a: I-no\n|-damage|p2a: I-no|0 fnt\n|faint|p2a: I-no\n|move|p1b: Nosepass|Sand Tomb|p2b: Maude\n|-resisted|p2b: Maude\n|-damage|p2b: Maude|11\/100\n|-activate|p2b: Maude|move: Sand Tomb|[of] p1b: Nosepass\n|\n|-weather|RainDance|[upkeep]\n|-damage|p2b: Maude|0 fnt|[from] move: Sand Tomb|[partiallytrapped]\n|faint|p2b: Maude\n|upkeep\n|\n|t:|1700096968\n|switch|p2b: Mynor|Sableye, L50, F|100\/100\n|turn|9\n|\n|t:|1700096980\n|switch|p1b: Magnezone|Magnezone, L50|1\/100\n|move|p1a: Pelipper|Protect|p1a: Pelipper\n|-singleturn|p1a: Pelipper|Protect\n|move|p2b: Mynor|Knock Off|p1b: Magnezone\n|-damage|p1b: Magnezone|0 fnt\n|-damage|p2b: Mynor|84\/100|[from] item: Rocky Helmet|[of] p1b: Magnezone\n|-enditem|p1b: Magnezone|Rocky Helmet|[from] move: Knock Off|[of] p2b: Mynor\n|faint|p1b: Magnezone\n|\n|-weather|RainDance|[upkeep]\n|upkeep\n|\n|t:|1700096993\n|switch|p1b: Nosepass|Nosepass, L50, M|33\/100\n|turn|10\n|\n|t:|1700097004\n|move|p2b: Mynor|Encore|p1a: Pelipper\n|-start|p1a: Pelipper|Encore\n|move|p1a: Pelipper|Protect||[still]\n|-fail|p1a: Pelipper\n|move|p1b: Nosepass|Thunder Wave|p2b: Mynor\n|-status|p2b: Mynor|par\n|\n|-weather|RainDance|[upkeep]\n|upkeep\n|turn|11\n|\n|t:|1700097016\n|move|p1a: Pelipper|Protect|p1a: Pelipper\n|-singleturn|p1a: Pelipper|Protect\n|move|p1b: Nosepass|Sand Tomb|p2b: Mynor\n|-crit|p2b: Mynor\n|-damage|p2b: Mynor|76\/100 par\n|-activate|p2b: Mynor|move: Sand Tomb|[of] p1b: Nosepass\n|cant|p2b: Mynor|par\n|\n|-weather|none\n|-damage|p2b: Mynor|64\/100 par|[from] move: Sand Tomb|[partiallytrapped]\n|upkeep\n|turn|12\n|\n|t:|1700097035\n|move|p1a: Pelipper|Protect||[still]\n|-fail|p1a: Pelipper\n|cant|p2b: Mynor|par\n|move|p1b: Nosepass|Sand Tomb|p2b: Mynor\n|-damage|p2b: Mynor|57\/100 par\n|\n|-damage|p2b: Mynor|45\/100 par|[from] move: Sand Tomb|[partiallytrapped]\n|-end|p1a: Pelipper|Encore\n|upkeep\n|turn|13\n|\n|t:|1700097054\n|move|p2b: Mynor|Encore|p1a: Pelipper\n|-start|p1a: Pelipper|Encore\n|move|p1a: Pelipper|Protect|p1a: Pelipper\n|-singleturn|p1a: Pelipper|Protect\n|move|p1b: Nosepass|Gravity|p1b: Nosepass\n|-fieldstart|move: Gravity\n|\n|-damage|p2b: Mynor|33\/100 par|[from] move: Sand Tomb|[partiallytrapped]\n|upkeep\n|turn|14\n|\n|t:|1700097065\n|move|p1a: Pelipper|Protect||[still]\n|-fail|p1a: Pelipper\n|move|p2b: Mynor|Encore|p1b: Nosepass\n|-start|p1b: Nosepass|Encore\n|move|p1b: Nosepass|Gravity||[still]\n|-fail|p1b: Nosepass\n|\n|-damage|p2b: Mynor|20\/100 par|[from] move: Sand Tomb|[partiallytrapped]\n|upkeep\n|turn|15\n|\n|t:|1700097077\n|move|p1a: Pelipper|Protect|p1a: Pelipper\n|-singleturn|p1a: Pelipper|Protect\n|move|p2b: Mynor|Disable|p1b: Nosepass\n|-start|p1b: Nosepass|Disable|Gravity\n|cant|p1b: Nosepass|Disable|Gravity\n|\n|-end|p2b: Mynor|Sand Tomb|[partiallytrapped]\n|-end|p1a: Pelipper|Encore\n|upkeep\n|turn|16\n|c|\u2606breezedrw|how are you shaking encore after one turn\n|\n|t:|1700097137\n|move|p1a: Pelipper|Protect||[still]\n|-fail|p1a: Pelipper\n|-activate|p1b: Nosepass|move: Struggle\n|move|p1b: Nosepass|Struggle|p2b: Mynor\n|-damage|p2b: Mynor|11\/100 par\n|-damage|p1b: Nosepass|8\/100|[from] recoil\n|move|p2b: Mynor|Knock Off|p1a: Pelipper\n|-damage|p1a: Pelipper|12\/100\n|-enditem|p1a: Pelipper|Focus Sash|[from] move: Knock Off|[of] p2b: Mynor\n|\n|-end|p1b: Nosepass|Encore\n|upkeep\n|turn|17\n|\n|t:|1700097160\n|move|p2b: Mynor|Disable|p1a: Pelipper\n|-start|p1a: Pelipper|Disable|Protect\n|move|p1a: Pelipper|Hurricane|p2b: Mynor\n|-damage|p2b: Mynor|0 fnt\n|faint|p2b: Mynor\n|\n|win|Junkman3713\n|raw|Junkman3713's rating: 1082 &rarr; <strong>1109<\/strong><br \/>(+27 for winning)\n|raw|breezedrw's rating: 1074 &rarr; <strong>1053<\/strong><br \/>(-21 for losing)\n|l|\u2606breezedrw\n","uploadtime":1700097192,"views":14,"p1id":"junkman3713","p2id":"breezedrw","formatid":"gen9vgc2023regulatione","rating":1053,"private":0,"password":""}