{"id":"gen9vgc2023regulatione-1990673294","p1":"elgymk3","p2":"SuperFaco1","format":"[Gen 9] VGC 2023 Regulation E","log":"|j|\u2606elgymk3\n|j|\u2606SuperFaco1\n|t:|1699990637\n|gametype|doubles\n|player|p1|elgymk3|101|1317\n|player|p2|SuperFaco1|pilot|1248\n|teamsize|p1|6\n|teamsize|p2|6\n|gen|9\n|tier|[Gen 9] VGC 2023 Regulation E\n|rated|\n|rule|Species Clause: Limit one of each Pok\u00e9mon\n|rule|Item Clause: Limit one of each item\n|clearpoke\n|poke|p1|Flutter Mane, L50|\n|poke|p1|Chi-Yu, L50|\n|poke|p1|Tornadus, L50, M|\n|poke|p1|Gholdengo, L50|\n|poke|p1|Landorus-Therian, L50, M|\n|poke|p1|Ogerpon-Hearthflame, L50, F|\n|poke|p2|Tornadus, L50, M|\n|poke|p2|Zapdos, L50|\n|poke|p2|Milotic, L50, F|\n|poke|p2|Ogerpon-Cornerstone, L50, F|\n|poke|p2|Landorus-Therian, L50, M|\n|poke|p2|Ursaluna, L50, F|\n|teampreview|4\n|inactive|Battle timer is ON: inactive players will automatically lose when time's up. (requested by SuperFaco1)\n|inactive|elgymk3 has 60 seconds left.\n|\n|t:|1699990670\n|start\n|switch|p1a: Tornadus|Tornadus, L50, M|100\/100\n|switch|p1b: Flutter Mane|Flutter Mane, L50|100\/100\n|switch|p2a: Tornadus|Tornadus, L50, M|100\/100\n|switch|p2b: Zapdos|Zapdos, L50|100\/100\n|turn|1\n|\n|t:|1699990684\n|move|p2a: Tornadus|Rain Dance|p2a: Tornadus\n|-weather|RainDance\n|move|p1a: Tornadus|Tailwind|p1a: Tornadus\n|-sidestart|p1: elgymk3|move: Tailwind\n|move|p1b: Flutter Mane|Dazzling Gleam|p2a: Tornadus|[spread] p2a,p2b\n|-damage|p2a: Tornadus|36\/100\n|-damage|p2b: Zapdos|50\/100\n|move|p2b: Zapdos|Hurricane|p1b: Flutter Mane\n|-damage|p1b: Flutter Mane|46\/100\n|\n|-weather|RainDance|[upkeep]\n|upkeep\n|turn|2\n|inactive|elgymk3 has 30 seconds left.\n|\n|t:|1699990711\n|move|p2b: Zapdos|Protect|p2b: Zapdos\n|-singleturn|p2b: Zapdos|Protect\n|move|p1b: Flutter Mane|Dazzling Gleam|p2a: Tornadus|[spread] p2a\n|-activate|p2b: Zapdos|move: Protect\n|-damage|p2a: Tornadus|0 fnt\n|faint|p2a: Tornadus\n|move|p1a: Tornadus|Icy Wind|p2b: Zapdos\n|-activate|p2b: Zapdos|move: Protect\n|\n|-weather|RainDance|[upkeep]\n|upkeep\n|\n|t:|1699990714\n|switch|p2a: Milotic|Milotic, L50, F|100\/100\n|turn|3\n|\n|t:|1699990738\n|-terastallize|p2a: Milotic|Steel\n|move|p1a: Tornadus|Sunny Day|p1a: Tornadus\n|-weather|SunnyDay\n|-activate|p1b: Flutter Mane|ability: Protosynthesis\n|-start|p1b: Flutter Mane|protosynthesisspa\n|move|p1b: Flutter Mane|Dazzling Gleam|p2a: Milotic|[spread] p2a,p2b\n|-resisted|p2a: Milotic\n|-damage|p2a: Milotic|78\/100\n|-damage|p2b: Zapdos|0 fnt\n|faint|p2b: Zapdos\n|move|p2a: Milotic|Tera Blast|p1b: Flutter Mane|[anim] Tera Blast Steel\n|-supereffective|p1b: Flutter Mane\n|-damage|p1b: Flutter Mane|0 fnt\n|faint|p1b: Flutter Mane\n|-end|p1b: Flutter Mane|Protosynthesis|[silent]\n|\n|-weather|SunnyDay|[upkeep]\n|-heal|p2a: Milotic|84\/100|[from] item: Leftovers\n|upkeep\n|inactive|elgymk3 has 30 seconds left.\n|inactive|elgymk3 has 20 seconds left.\n|\n|t:|1699990773\n|switch|p1b: Chi-Yu|Chi-Yu, L50|100\/100\n|switch|p2b: Landorus|Landorus-Therian, L50, M|100\/100\n|-ability|p1b: Chi-Yu|Beads of Ruin\n|-ability|p2b: Landorus|Intimidate|boost\n|-unboost|p1a: Tornadus|atk|1\n|-unboost|p1b: Chi-Yu|atk|1\n|turn|4\n|\n|t:|1699990783\n|move|p2a: Milotic|Protect|p2a: Milotic\n|-singleturn|p2a: Milotic|Protect\n|move|p1b: Chi-Yu|Flamethrower|p2b: Landorus\n|-damage|p2b: Landorus|0 fnt\n|faint|p2b: Landorus\n|move|p1a: Tornadus|Icy Wind|p2a: Milotic\n|-activate|p2a: Milotic|move: Protect\n|\n|-weather|SunnyDay|[upkeep]\n|-heal|p2a: Milotic|90\/100|[from] item: Leftovers\n|-sideend|p1: elgymk3|move: Tailwind\n|upkeep\n|turn|5\n|\n|t:|1699990792\n|move|p1a: Tornadus|Tailwind|p1a: Tornadus\n|-sidestart|p1: elgymk3|move: Tailwind\n|move|p1b: Chi-Yu|Flamethrower|p2a: Milotic\n|-supereffective|p2a: Milotic\n|-damage|p2a: Milotic|0 fnt\n|faint|p2a: Milotic\n|\n|win|elgymk3\n|raw|elgymk3's rating: 1317 &rarr; <strong>1333<\/strong><br \/>(+16 for winning)\n|raw|SuperFaco1's rating: 1248 &rarr; <strong>1228<\/strong><br \/>(-20 for losing)\n|l|\u2606SuperFaco1\n","uploadtime":1699990848,"views":8,"p1id":"elgymk3","p2id":"superfaco1","formatid":"gen9vgc2023regulatione","rating":1228,"private":0,"password":""}