{"id":"gen9vgc2023regulatione-1990116142","p1":"Matcha Man Savage","p2":"jenzz2","format":"[Gen 9] VGC 2023 Regulation E","log":"|j|\u2606Matcha Man Savage\n|j|\u2606jenzz2\n|t:|1699926265\n|gametype|doubles\n|player|p1|Matcha Man Savage|pokemaniac|\n|player|p2|jenzz2|169|\n|teamsize|p1|6\n|teamsize|p2|6\n|gen|9\n|tier|[Gen 9] VGC 2023 Regulation E\n|rule|Species Clause: Limit one of each Pok\u00e9mon\n|rule|Item Clause: Limit one of each item\n|clearpoke\n|poke|p1|Iron Hands, L50|\n|poke|p1|Chi-Yu, L50|\n|poke|p1|Flutter Mane, L50|\n|poke|p1|Torkoal, L50, M|\n|poke|p1|Lilligant-Hisui, L50, F|\n|poke|p1|Dusclops, L50, M|\n|poke|p2|Flutter Mane, L50|\n|poke|p2|Indeedee-F, L50, F|\n|poke|p2|Landorus-Therian, L50, M|\n|poke|p2|Iron Hands, L50|\n|poke|p2|Sinistcha-Masterpiece, L50|\n|poke|p2|Moltres-Galar, L50|\n|teampreview|4\n|inactive|Battle timer is ON: inactive players will automatically lose when time's up. (requested by Matcha Man Savage)\n|inactive|jenzz2 has 60 seconds left.\n|\n|t:|1699926303\n|start\n|switch|p1a: Chi-Yu|Chi-Yu, L50|100\/100\n|switch|p1b: Tairy Fera|Flutter Mane, L50|100\/100\n|switch|p2a: Landorus|Landorus-Therian, L50, M|100\/100\n|switch|p2b: Mt. 4:19|Indeedee-F, L50, F|100\/100\n|-ability|p1a: Chi-Yu|Beads of Ruin\n|-ability|p2a: Landorus|Intimidate|boost\n|-unboost|p1a: Chi-Yu|atk|1\n|-unboost|p1b: Tairy Fera|atk|1\n|-fieldstart|move: Psychic Terrain|[from] ability: Psychic Surge|[of] p2b: Mt. 4:19\n|turn|1\n|inactive|Matcha Man Savage has 30 seconds left.\n|inactive|Matcha Man Savage has 20 seconds left.\n|\n|t:|1699926341\n|-terastallize|p1a: Chi-Yu|Ghost\n|move|p2b: Mt. 4:19|Helping Hand|p2a: Landorus\n|-singleturn|p2a: Landorus|Helping Hand|[of] p2b: Mt. 4:19\n|move|p1b: Tairy Fera|Icy Wind|p2a: Landorus|[spread] p2a,p2b\n|-supereffective|p2a: Landorus\n|-damage|p2a: Landorus|39\/100\n|-damage|p2b: Mt. 4:19|81\/100\n|-unboost|p2a: Landorus|spe|1\n|-unboost|p2b: Mt. 4:19|spe|1\n|move|p1a: Chi-Yu|Heat Wave|p2b: Mt. 4:19|[spread] p2a,p2b\n|-crit|p2a: Landorus\n|-damage|p2a: Landorus|0 fnt\n|-damage|p2b: Mt. 4:19|13\/100\n|faint|p2a: Landorus\n|-damage|p1a: Chi-Yu|91\/100|[from] item: Life Orb\n|\n|upkeep\n|inactive|jenzz2 has 30 seconds left.\n|\n|t:|1699926370\n|switch|p2a: Sinistcha|Sinistcha-Masterpiece, L50|100\/100\n|-heal|p2b: Mt. 4:19|38\/100|[from] ability: Hospitality|[of] p2a: Sinistcha\n|turn|2\n|\n|t:|1699926383\n|-terastallize|p2a: Sinistcha|Fire\n|move|p1b: Tairy Fera|Shadow Ball|p2a: Sinistcha\n|-damage|p2a: Sinistcha|46\/100\n|move|p1a: Chi-Yu|Heat Wave|p2b: Mt. 4:19|[spread] p2a,p2b\n|-resisted|p2a: Sinistcha\n|-crit|p2b: Mt. 4:19\n|-damage|p2a: Sinistcha|16\/100\n|-damage|p2b: Mt. 4:19|0 fnt\n|faint|p2b: Mt. 4:19\n|-damage|p1a: Chi-Yu|82\/100|[from] item: Life Orb\n|move|p2a: Sinistcha|Trick Room|p2a: Sinistcha\n|-fieldstart|move: Trick Room|[of] p2a: Sinistcha\n|\n|-heal|p2a: Sinistcha|22\/100|[from] item: Leftovers\n|upkeep\n|\n|t:|1699926395\n|switch|p2b: Moltres|Moltres-Galar, L50|100\/100\n|turn|3\n|\n|t:|1699926416\n|move|p2a: Sinistcha|Calm Mind|p2a: Sinistcha\n|-boost|p2a: Sinistcha|spa|1\n|-boost|p2a: Sinistcha|spd|1\n|move|p2b: Moltres|Fiery Wrath|p1b: Tairy Fera|[spread] p1a,p1b\n|-supereffective|p1a: Chi-Yu\n|-damage|p1a: Chi-Yu|21\/100\n|-damage|p1b: Tairy Fera|72\/100\n|cant|p1a: Chi-Yu|flinch\n|move|p1b: Tairy Fera|Shadow Ball|p2a: Sinistcha\n|-crit|p2a: Sinistcha\n|-damage|p2a: Sinistcha|0 fnt\n|faint|p2a: Sinistcha\n|\n|upkeep\n|turn|4\n|\n|t:|1699926440\n|move|p2b: Moltres|Fiery Wrath|p1a: Chi-Yu|[spread] p1a,p1b\n|-supereffective|p1a: Chi-Yu\n|-damage|p1a: Chi-Yu|0 fnt\n|-damage|p1b: Tairy Fera|47\/100\n|faint|p1a: Chi-Yu\n|move|p1b: Tairy Fera|Shadow Ball|p2b: Moltres\n|-resisted|p2b: Moltres\n|-damage|p2b: Moltres|82\/100\n|\n|upkeep\n|\n|t:|1699926448\n|switch|p1a: Torque|Torkoal, L50, M|100\/100\n|-weather|SunnyDay|[from] ability: Drought|[of] p1a: Torque\n|-activate|p1b: Tairy Fera|ability: Protosynthesis\n|-start|p1b: Tairy Fera|protosynthesisspa\n|turn|5\n|\n|t:|1699926455\n|move|p2b: Moltres|Protect|p2b: Moltres\n|-singleturn|p2b: Moltres|Protect\n|move|p1a: Torque|Eruption|p2b: Moltres\n|-activate|p2b: Moltres|move: Protect\n|move|p1b: Tairy Fera|Shadow Ball|p2b: Moltres\n|-activate|p2b: Moltres|move: Protect\n|\n|-weather|SunnyDay|[upkeep]\n|-fieldend|move: Psychic Terrain\n|upkeep\n|turn|6\n|\n|t:|1699926464\n|move|p2b: Moltres|Protect||[still]\n|-fail|p2b: Moltres\n|move|p1a: Torque|Eruption|p2b: Moltres\n|-damage|p2b: Moltres|7\/100\n|-ability|p2b: Moltres|Berserk|boost\n|-boost|p2b: Moltres|spa|1\n|move|p1b: Tairy Fera|Shadow Ball|p2b: Moltres\n|-resisted|p2b: Moltres\n|-damage|p2b: Moltres|0 fnt\n|faint|p2b: Moltres\n|\n|win|Matcha Man Savage\n|l|\u2606jenzz2\n|l|\u2606Matcha Man Savage\n|j|\u2606Matcha Man Savage\n|player|p1|Matcha Man Savage|pokemaniac\n","uploadtime":1699926969,"views":16,"p1id":"matchamansavage","p2id":"jenzz2","formatid":"gen9vgc2023regulatione","rating":0,"private":0,"password":""}