{"id":"gen9vgc2023regulatione-1999508899","p1":"Blazikennyan","p2":"jalumun3","format":"[Gen 9] VGC 2023 Regulation E","log":"|j|\u2606Blazikennyan\n|j|\u2606jalumun3\n|n|\u2606Blazikennyan|blazikennyan\n|n|\u2606jalumun3|jalumun3\n|html|View the match progress at <a href=\"\/game-bestof3-gen9vgc2023regulatione-1999506085\">game-bestof3-gen9vgc2023regulatione-1999506085<\/a>\n|t:|1701090608\n|gametype|doubles\n|player|p1|Blazikennyan|flint|\n|player|p2|jalumun3|medium|\n|teamsize|p1|6\n|teamsize|p2|6\n|gen|9\n|tier|[Gen 9] VGC 2023 Regulation E\n|rule|Species Clause: Limit one of each Pok\u00e9mon\n|rule|Item Clause: Limit one of each item\n|clearpoke\n|poke|p1|Landorus-Therian, L50, M|\n|poke|p1|Armarouge, L50, F|\n|poke|p1|Indeedee-F, L50, F|\n|poke|p1|Hatterene, L50, F|\n|poke|p1|Iron Hands, L50|\n|poke|p1|Torkoal, L50, M|\n|poke|p2|Tatsugiri-Stretchy, L50, M|\n|poke|p2|Dondozo, L50, M|\n|poke|p2|Gholdengo, L50|\n|poke|p2|Ogerpon, L50, F|\n|poke|p2|Chien-Pao, L50|\n|poke|p2|Landorus-Therian, L50, M|\n|teampreview|4\n|\n|t:|1701090627\n|start\n|switch|p1a: Iron Hands|Iron Hands, L50|100\/100\n|switch|p1b: Landorus|Landorus-Therian, L50, M|100\/100\n|switch|p2a: HereComesTheMoney|Gholdengo, L50|100\/100\n|switch|p2b: Hur\u00f3n helado|Chien-Pao, L50|100\/100\n|-ability|p2b: Hur\u00f3n helado|Sword of Ruin\n|-ability|p1b: Landorus|Intimidate|boost\n|-unboost|p2a: HereComesTheMoney|atk|1\n|-unboost|p2b: Hur\u00f3n helado|atk|1\n|turn|1\n|\n|t:|1701090718\n|switch|p2a: Ogerpon|Ogerpon, L50, F|100\/100\n|-terastallize|p1b: Landorus|Steel\n|move|p2b: Hur\u00f3n helado|Ice Spinner|p1b: Landorus\n|-resisted|p1b: Landorus\n|-damage|p1b: Landorus|84\/100\n|move|p1b: Landorus|Stomping Tantrum|p2a: Ogerpon\n|-resisted|p2a: Ogerpon\n|-damage|p2a: Ogerpon|64\/100\n|-damage|p1b: Landorus|68\/100|[from] item: Rocky Helmet|[of] p2a: Ogerpon\n|move|p1a: Iron Hands|Volt Switch|p2b: Hur\u00f3n helado\n|-damage|p2b: Hur\u00f3n helado|77\/100\n|\n|t:|1701090737\n|-end|p1a: Iron Hands|Quark Drive|[silent]\n|switch|p1a: Armarouge|Armarouge, L50, F|100\/100|[from] Volt Switch\n|\n|-heal|p1b: Landorus|74\/100|[from] item: Leftovers\n|upkeep\n|turn|2\n|\n|t:|1701090766\n|-terastallize|p2b: Hur\u00f3n helado|Ghost\n|move|p2a: Ogerpon|Spiky Shield|p2a: Ogerpon\n|-singleturn|p2a: Ogerpon|move: Protect\n|move|p2b: Hur\u00f3n helado|Sucker Punch|p1a: Armarouge\n|-supereffective|p1a: Armarouge\n|-damage|p1a: Armarouge|45\/100\n|move|p1a: Armarouge|Armor Cannon|p2a: Ogerpon\n|-activate|p2a: Ogerpon|move: Protect\n|move|p1b: Landorus|Rock Slide|p2b: Hur\u00f3n helado|[spread] p2b\n|-activate|p2a: Ogerpon|move: Protect\n|-damage|p2b: Hur\u00f3n helado|46\/100\n|\n|-heal|p1b: Landorus|80\/100|[from] item: Leftovers\n|upkeep\n|turn|3\n|\n|t:|1701090806\n|switch|p2b: Landorus|Landorus-Therian, L50, M|100\/100\n|-ability|p2b: Landorus|Intimidate|boost\n|-unboost|p1a: Armarouge|atk|1\n|-unboost|p1b: Landorus|atk|1\n|switch|p1b: Iron Hands|Iron Hands, L50|100\/100\n|move|p1a: Armarouge|Protect|p1a: Armarouge\n|-singleturn|p1a: Armarouge|Protect\n|move|p2a: Ogerpon|Knock Off|p1a: Armarouge\n|-activate|p1a: Armarouge|move: Protect\n|\n|upkeep\n|turn|4\n|\n|t:|1701090853\n|move|p2a: Ogerpon|Spiky Shield|p2a: Ogerpon\n|-singleturn|p2a: Ogerpon|move: Protect\n|move|p1b: Iron Hands|Fake Out|p2a: Ogerpon\n|-activate|p2a: Ogerpon|move: Protect\n|-damage|p1b: Iron Hands|88\/100|[from] Spiky Shield|[of] p2a: Ogerpon\n|move|p2b: Landorus|U-turn|p1a: Armarouge\n|-damage|p1a: Armarouge|9\/100\n|-damage|p2b: Landorus|91\/100|[from] item: Life Orb\n|\n|t:|1701090864\n|switch|p2b: HereComesTheMoney|Gholdengo, L50|100\/100|[from] U-turn\n|move|p1a: Armarouge|Expanding Force|p2b: HereComesTheMoney\n|-resisted|p2b: HereComesTheMoney\n|-damage|p2b: HereComesTheMoney|69\/100\n|-damage|p1a: Armarouge|0 fnt|[from] item: Life Orb\n|faint|p1a: Armarouge\n|\n|upkeep\n|\n|t:|1701090874\n|switch|p1a: Landorus|Landorus-Therian, L50, M, tera:Steel|80\/100\n|-ability|p1a: Landorus|Intimidate|boost\n|-unboost|p2a: Ogerpon|atk|1\n|-ability|p2a: Ogerpon|Defiant|boost\n|-boost|p2a: Ogerpon|atk|2\n|-unboost|p2b: HereComesTheMoney|atk|1\n|turn|5\n|\n|t:|1701090922\n|move|p2a: Ogerpon|Follow Me|p2a: Ogerpon\n|-singleturn|p2a: Ogerpon|move: Follow Me\n|move|p2b: HereComesTheMoney|Trick|p1b: Iron Hands\n|-activate|p2b: HereComesTheMoney|move: Trick|[of] p1b: Iron Hands\n|-item|p1b: Iron Hands|Toxic Orb|[from] move: Trick\n|-item|p2b: HereComesTheMoney|Assault Vest|[from] move: Trick\n|move|p1a: Landorus|U-turn|p2a: Ogerpon\n|-supereffective|p2a: Ogerpon\n|-damage|p2a: Ogerpon|0 fnt\n|-damage|p1a: Landorus|64\/100|[from] item: Rocky Helmet|[of] p2a: Ogerpon\n|faint|p2a: Ogerpon\n|\n|t:|1701090934\n|switch|p1a: Indeedee|Indeedee-F, L50, F|100\/100|[from] U-turn\n|-fieldstart|move: Psychic Terrain|[from] ability: Psychic Surge|[of] p1a: Indeedee\n|-enditem|p1a: Indeedee|Psychic Seed\n|-boost|p1a: Indeedee|spd|1|[from] item: Psychic Seed\n|move|p1b: Iron Hands|Volt Switch|p2b: HereComesTheMoney\n|-damage|p2b: HereComesTheMoney|58\/100\n|\n|t:|1701090945\n|-end|p1b: Iron Hands|Quark Drive|[silent]\n|switch|p1b: Landorus|Landorus-Therian, L50, M, tera:Steel|64\/100|[from] Volt Switch\n|-ability|p1b: Landorus|Intimidate|boost\n|-unboost|p2b: HereComesTheMoney|atk|1\n|\n|-heal|p1b: Landorus|70\/100|[from] item: Leftovers\n|upkeep\n|\n|t:|1701090952\n|switch|p2a: Hur\u00f3n helado|Chien-Pao, L50, tera:Ghost|46\/100\n|-ability|p2a: Hur\u00f3n helado|Sword of Ruin\n|turn|6\n|\n|t:|1701090984\n|move|p2a: Hur\u00f3n helado|Protect|p2a: Hur\u00f3n helado\n|-singleturn|p2a: Hur\u00f3n helado|Protect\n|move|p2b: HereComesTheMoney|Make It Rain|p1b: Landorus|[spread] p1a,p1b\n|-resisted|p1b: Landorus\n|-damage|p1a: Indeedee|65\/100\n|-damage|p1b: Landorus|41\/100\n|-unboost|p2b: HereComesTheMoney|spa|1\n|move|p1b: Landorus|Stomping Tantrum|p2b: HereComesTheMoney\n|-supereffective|p2b: HereComesTheMoney\n|-damage|p2b: HereComesTheMoney|0 fnt\n|faint|p2b: HereComesTheMoney\n|move|p1a: Indeedee|Trick Room|p1a: Indeedee\n|-fieldstart|move: Trick Room|[of] p1a: Indeedee\n|\n|-heal|p1b: Landorus|47\/100|[from] item: Leftovers\n|upkeep\n|\n|t:|1701090995\n|switch|p2b: Landorus|Landorus-Therian, L50, M|91\/100\n|-ability|p2b: Landorus|Intimidate|boost\n|-unboost|p1a: Indeedee|atk|1\n|-unboost|p1b: Landorus|atk|1\n|turn|7\n|\n|t:|1701091021\n|move|p1a: Indeedee|Follow Me|p1a: Indeedee\n|-singleturn|p1a: Indeedee|move: Follow Me\n|move|p1b: Landorus|Rock Slide|p2a: Hur\u00f3n helado|[spread] p2a,p2b\n|-damage|p2a: Hur\u00f3n helado|26\/100\n|-damage|p2b: Landorus|65\/100\n|move|p2b: Landorus|Stomping Tantrum|p1a: Indeedee\n|-damage|p1a: Indeedee|0 fnt\n|faint|p1a: Indeedee\n|-damage|p2b: Landorus|56\/100|[from] item: Life Orb\n|move|p2a: Hur\u00f3n helado|Ice Spinner|p1b: Landorus\n|-resisted|p1b: Landorus\n|-damage|p1b: Landorus|23\/100\n|-fieldend|move: Psychic Terrain\n|\n|-heal|p1b: Landorus|29\/100|[from] item: Leftovers\n|upkeep\n|\n|t:|1701091037\n|switch|p1a: Iron Hands|Iron Hands, L50|88\/100\n|turn|8\n|\n|t:|1701091053\n|move|p2a: Hur\u00f3n helado|Protect|p2a: Hur\u00f3n helado\n|-singleturn|p2a: Hur\u00f3n helado|Protect\n|move|p1a: Iron Hands|Fake Out|p2b: Landorus\n|-damage|p2b: Landorus|31\/100\n|move|p1b: Landorus|Stomping Tantrum|p2a: Hur\u00f3n helado\n|-activate|p2a: Hur\u00f3n helado|move: Protect\n|cant|p2b: Landorus|flinch\n|\n|-heal|p1b: Landorus|35\/100|[from] item: Leftovers\n|-status|p1a: Iron Hands|tox|[from] item: Toxic Orb\n|upkeep\n|turn|9\n|\n|t:|1701091085\n|move|p2a: Hur\u00f3n helado|Sucker Punch|p1b: Landorus\n|-damage|p1b: Landorus|0 fnt\n|faint|p1b: Landorus\n|move|p1a: Iron Hands|Drain Punch|p2b: Landorus\n|-resisted|p2b: Landorus\n|-damage|p2b: Landorus|0 fnt\n|-heal|p1a: Iron Hands|99\/100 tox|[from] drain|[of] p2b: Landorus\n|faint|p2b: Landorus\n|\n|-damage|p1a: Iron Hands|93\/100 tox|[from] psn\n|upkeep\n|turn|10\n|\n|t:|1701091103\n|move|p2a: Hur\u00f3n helado|Protect|p2a: Hur\u00f3n helado\n|-singleturn|p2a: Hur\u00f3n helado|Protect\n|move|p1a: Iron Hands|Wild Charge|p2a: Hur\u00f3n helado\n|-activate|p2a: Hur\u00f3n helado|move: Protect\n|\n|-damage|p1a: Iron Hands|81\/100 tox|[from] psn\n|-fieldend|move: Trick Room\n|upkeep\n|turn|11\n|\n|t:|1701091113\n|move|p2a: Hur\u00f3n helado|Ice Spinner|p1a: Iron Hands\n|-damage|p1a: Iron Hands|48\/100 tox\n|move|p1a: Iron Hands|Wild Charge|p2a: Hur\u00f3n helado\n|-damage|p2a: Hur\u00f3n helado|0 fnt\n|faint|p2a: Hur\u00f3n helado\n|-damage|p1a: Iron Hands|44\/100 tox|[from] Recoil\n|\n|win|Blazikennyan\n|l|\u2606jalumun3\n","uploadtime":1701091125,"views":4,"p1id":"blazikennyan","p2id":"jalumun3","formatid":"gen9vgc2023regulatione","rating":0,"private":0,"password":""}