{"id":"gen9vgc2023regulatione-1996664606","p1":"KdSSSSSSSSSSSS","p2":"icyM1+ch","format":"[Gen 9] VGC 2023 Regulation E","log":"|j|\u2606KdSSSSSSSSSSSS\n|j|\u2606icyM1+ch\n|t:|1700706926\n|gametype|doubles\n|player|p1|KdSSSSSSSSSSSS|veteran|1195\n|player|p2|icyM1+ch|170|1207\n|teamsize|p1|6\n|teamsize|p2|6\n|gen|9\n|tier|[Gen 9] VGC 2023 Regulation E\n|rated|\n|rule|Species Clause: Limit one of each Pok\u00e9mon\n|rule|Item Clause: Limit one of each item\n|clearpoke\n|poke|p1|Ninetales-Alola, L50, F|\n|poke|p1|Heatran, L50, F|\n|poke|p1|Baxcalibur, L50, F|\n|poke|p1|Rillaboom, L50, M|\n|poke|p1|Flutter Mane, L50|\n|poke|p1|Landorus-Therian, L50, M|\n|poke|p2|Garchomp, L50, M|\n|poke|p2|Ogerpon-Wellspring, L50, F|\n|poke|p2|Heatran, L50, F|\n|poke|p2|Rillaboom, L50, M|\n|poke|p2|Flutter Mane, L50|\n|poke|p2|Landorus-Therian, L50, M|\n|teampreview|4\n|inactive|Battle timer is ON: inactive players will automatically lose when time's up. (requested by KdSSSSSSSSSSSS)\n|\n|t:|1700706965\n|start\n|switch|p1a: Ninetales|Ninetales-Alola, L50, F|100\/100\n|switch|p1b: Landorus|Landorus-Therian, L50, M|100\/100\n|switch|p2a: Garchomp|Garchomp, L50, M|100\/100\n|switch|p2b: Landorus|Landorus-Therian, L50, M|100\/100\n|-ability|p1b: Landorus|Intimidate|boost\n|-unboost|p2a: Garchomp|atk|1\n|-unboost|p2b: Landorus|atk|1\n|-ability|p2b: Landorus|Intimidate|boost\n|-unboost|p1a: Ninetales|atk|1\n|-unboost|p1b: Landorus|atk|1\n|-weather|Snow|[from] ability: Snow Warning|[of] p1a: Ninetales\n|turn|1\n|inactive|icyM1+ch has 30 seconds left.\n|\n|t:|1700706993\n|switch|p2b: Heatran|Heatran, L50, F|100\/100\n|-terastallize|p2a: Garchomp|Steel\n|move|p1b: Landorus|Rock Slide|p2a: Garchomp|[spread] \n|-miss|p1b: Landorus|p2a: Garchomp\n|-miss|p1b: Landorus|p2b: Heatran\n|move|p1a: Ninetales|Icy Wind|p2b: Heatran|[spread] p2a,p2b\n|-resisted|p2a: Garchomp\n|-resisted|p2b: Heatran\n|-damage|p2a: Garchomp|94\/100\n|-damage|p2b: Heatran|98\/100\n|-unboost|p2a: Garchomp|spe|1\n|-unboost|p2b: Heatran|spe|1\n|move|p2a: Garchomp|Stealth Rock|p1b: Landorus\n|-sidestart|p1: KdSSSSSSSSSSSS|move: Stealth Rock\n|\n|-weather|Snow|[upkeep]\n|upkeep\n|turn|2\n|inactive|KdSSSSSSSSSSSS has 30 seconds left.\n|inactive|icyM1+ch has 30 seconds left.\n|inactive|KdSSSSSSSSSSSS has 20 seconds left.\n|inactive|KdSSSSSSSSSSSS has 15 seconds left.\n|\n|t:|1700707035\n|switch|p1b: Heatran|Heatran, L50, F|100\/100\n|-damage|p1b: Heatran|88\/100|[from] Stealth Rock\n|move|p1a: Ninetales|Aurora Veil|p1a: Ninetales\n|-sidestart|p1: KdSSSSSSSSSSSS|move: Aurora Veil\n|move|p2a: Garchomp|Iron Head|p1a: Ninetales\n|-supereffective|p1a: Ninetales\n|-damage|p1a: Ninetales|43\/100\n|move|p2b: Heatran|Heat Wave|p1b: Heatran|[spread] p1a\n|-start|p1b: Heatran|ability: Flash Fire\n|-supereffective|p1a: Ninetales\n|-damage|p1a: Ninetales|0 fnt\n|faint|p1a: Ninetales\n|-damage|p2b: Heatran|88\/100|[from] item: Life Orb\n|\n|-weather|Snow|[upkeep]\n|-heal|p1b: Heatran|94\/100|[from] item: Leftovers\n|upkeep\n|\n|t:|1700707050\n|switch|p1a: Landorus|Landorus-Therian, L50, M|100\/100\n|-damage|p1a: Landorus|88\/100|[from] Stealth Rock\n|-ability|p1a: Landorus|Intimidate|boost\n|-unboost|p2a: Garchomp|atk|1\n|-unboost|p2b: Heatran|atk|1\n|turn|3\n|\n|t:|1700707067\n|switch|p2a: Landorus|Landorus-Therian, L50, M|100\/100\n|-ability|p2a: Landorus|Intimidate|boost\n|-unboost|p1a: Landorus|atk|1\n|-unboost|p1b: Heatran|atk|1\n|switch|p2b: Rillaboom|Rillaboom, L50, M|100\/100\n|-fieldstart|move: Grassy Terrain|[from] ability: Grassy Surge|[of] p2b: Rillaboom\n|move|p1a: Landorus|Stomping Tantrum|p2b: Rillaboom\n|-resisted|p2b: Rillaboom\n|-damage|p2b: Rillaboom|90\/100\n|move|p1b: Heatran|Earth Power|p2a: Landorus\n|-immune|p2a: Landorus\n|\n|-weather|Snow|[upkeep]\n|-heal|p2b: Rillaboom|96\/100|[from] Grassy Terrain\n|-heal|p1b: Heatran|99\/100|[from] Grassy Terrain\n|-heal|p1b: Heatran|100\/100|[from] item: Leftovers\n|upkeep\n|turn|4\n|inactive|icyM1+ch has 30 seconds left.\n|\n|t:|1700707095\n|switch|p1a: Baxcalibur|Baxcalibur, L50, F|100\/100\n|-damage|p1a: Baxcalibur|76\/100|[from] Stealth Rock\n|move|p2b: Rillaboom|Fake Out|p1b: Heatran\n|-resisted|p1b: Heatran\n|-damage|p1b: Heatran|97\/100\n|move|p2a: Landorus|U-turn|p1a: Baxcalibur\n|-crit|p1a: Baxcalibur\n|-damage|p1a: Baxcalibur|50\/100\n|\n|t:|1700707110\n|switch|p2a: Garchomp|Garchomp, L50, M, tera:Steel|94\/100|[from] U-turn\n|cant|p1b: Heatran|flinch\n|\n|-weather|Snow|[upkeep]\n|-heal|p1a: Baxcalibur|56\/100|[from] ability: Ice Body\n|-heal|p2a: Garchomp|99\/100|[from] Grassy Terrain\n|-heal|p1a: Baxcalibur|62\/100|[from] Grassy Terrain\n|-heal|p2b: Rillaboom|100\/100|[from] Grassy Terrain\n|-heal|p1b: Heatran|100\/100|[from] Grassy Terrain\n|upkeep\n|turn|5\n|inactive|KdSSSSSSSSSSSS has 30 seconds left.\n|\n|t:|1700707141\n|move|p2b: Rillaboom|Grassy Glide|p1a: Baxcalibur\n|-resisted|p1a: Baxcalibur\n|-damage|p1a: Baxcalibur|54\/100\n|move|p2a: Garchomp|Earthquake|p1b: Heatran|[spread] p2b,p1a,p1b\n|-resisted|p2b: Rillaboom\n|-supereffective|p1b: Heatran\n|-damage|p2b: Rillaboom|94\/100\n|-damage|p1a: Baxcalibur|48\/100\n|-damage|p1b: Heatran|65\/100\n|move|p1a: Baxcalibur|Icicle Spear|p2b: Rillaboom\n|-supereffective|p2b: Rillaboom\n|-damage|p2b: Rillaboom|70\/100\n|-supereffective|p2b: Rillaboom\n|-damage|p2b: Rillaboom|46\/100\n|-supereffective|p2b: Rillaboom\n|-damage|p2b: Rillaboom|19\/100\n|-supereffective|p2b: Rillaboom\n|-damage|p2b: Rillaboom|0 fnt\n|faint|p2b: Rillaboom\n|-hitcount|p2: Rillaboom|4\n|move|p1b: Heatran|Heat Wave|p2a: Garchomp\n|-supereffective|p2a: Garchomp\n|-damage|p2a: Garchomp|0 fnt\n|faint|p2a: Garchomp\n|\n|-weather|none\n|-heal|p1a: Baxcalibur|54\/100|[from] Grassy Terrain\n|-heal|p1b: Heatran|71\/100|[from] Grassy Terrain\n|-heal|p1b: Heatran|77\/100|[from] item: Leftovers\n|upkeep\n|\n|t:|1700707164\n|switch|p2a: Landorus|Landorus-Therian, L50, M|100\/100\n|switch|p2b: Heatran|Heatran, L50, F|88\/100\n|-ability|p2a: Landorus|Intimidate|boost\n|-unboost|p1a: Baxcalibur|atk|1\n|-unboost|p1b: Heatran|atk|1\n|turn|6\n|inactive|KdSSSSSSSSSSSS has 30 seconds left.\n|\n|t:|1700707193\n|move|p2b: Heatran|Protect|p2b: Heatran\n|-singleturn|p2b: Heatran|Protect\n|move|p2a: Landorus|Stomping Tantrum|p1b: Heatran\n|-supereffective|p1b: Heatran\n|-damage|p1b: Heatran|0 fnt\n|faint|p1b: Heatran\n|move|p1a: Baxcalibur|Swords Dance|p1a: Baxcalibur\n|-boost|p1a: Baxcalibur|atk|2\n|\n|-heal|p1a: Baxcalibur|60\/100|[from] Grassy Terrain\n|-heal|p2b: Heatran|94\/100|[from] Grassy Terrain\n|upkeep\n|\n|t:|1700707203\n|switch|p1b: Landorus|Landorus-Therian, L50, M|88\/100\n|-damage|p1b: Landorus|76\/100|[from] Stealth Rock\n|-ability|p1b: Landorus|Intimidate|boost\n|-unboost|p2a: Landorus|atk|1\n|-unboost|p2b: Heatran|atk|1\n|turn|7\n|\n|t:|1700707225\n|-terastallize|p1a: Baxcalibur|Fairy\n|move|p1b: Landorus|Stomping Tantrum|p2b: Heatran\n|-supereffective|p2b: Heatran\n|-damage|p2b: Heatran|0 fnt\n|faint|p2b: Heatran\n|move|p2a: Landorus|Stomping Tantrum|p1a: Baxcalibur\n|-damage|p1a: Baxcalibur|43\/100\n|move|p1a: Baxcalibur|Icicle Spear|p2a: Landorus\n|-supereffective|p2a: Landorus\n|-damage|p2a: Landorus|14\/100\n|-supereffective|p2a: Landorus\n|-damage|p2a: Landorus|0 fnt\n|faint|p2a: Landorus\n|-hitcount|p2: Landorus|2\n|\n|win|KdSSSSSSSSSSSS\n|raw|KdSSSSSSSSSSSS's rating: 1195 &rarr; <strong>1221<\/strong><br \/>(+26 for winning)\n|raw|icyM1+ch's rating: 1207 &rarr; <strong>1181<\/strong><br \/>(-26 for losing)\n|l|\u2606icyM1+ch\n","uploadtime":1700707239,"views":16,"p1id":"kdssssssssssss","p2id":"icym1ch","formatid":"gen9vgc2023regulatione","rating":1181,"private":0,"password":""}