{"id":"gen9vgc2023regulatione-1999073599","p1":"AutumnFawn","p2":"itachi1324","format":"[Gen 9] VGC 2023 Regulation E","log":"|j|\u2606AutumnFawn\n|j|\u2606itachi1324\n|t:|1701030323\n|gametype|doubles\n|player|p1|AutumnFawn|erika|1221\n|player|p2|itachi1324|2|1190\n|teamsize|p1|6\n|teamsize|p2|6\n|gen|9\n|tier|[Gen 9] VGC 2023 Regulation E\n|rated|\n|rule|Species Clause: Limit one of each Pok\u00e9mon\n|rule|Item Clause: Limit one of each item\n|clearpoke\n|poke|p1|Kingambit, L50, M|\n|poke|p1|Urshifu-*, L50, F|\n|poke|p1|Espathra, L50, F|\n|poke|p1|Sandy Shocks, L50|\n|poke|p1|Tornadus, L50, M|\n|poke|p1|Ogerpon-Wellspring, L50, F|\n|poke|p2|Toxapex, L50, M|\n|poke|p2|Grimmsnarl, L50, M|\n|poke|p2|Landorus-Therian, L50, M|\n|poke|p2|Sinistcha, L50|\n|poke|p2|Heatran, L50, M|\n|poke|p2|Flutter Mane, L50|\n|teampreview|4\nAutumnFawn has agreed to open team sheets.\n|\n|t:|1701030356\n|start\n|switch|p1a: Shu|Tornadus, L50, M|100\/100\n|switch|p1b: Osiris|Sandy Shocks, L50, shiny|100\/100\n|switch|p2a: Toxapex|Toxapex, L50, M|100\/100\n|switch|p2b: Flutter Mane|Flutter Mane, L50|100\/100\n|-enditem|p2b: Flutter Mane|Booster Energy\n|-activate|p2b: Flutter Mane|ability: Protosynthesis|[fromitem]\n|-start|p2b: Flutter Mane|protosynthesisspe\n|-enditem|p1b: Osiris|Booster Energy\n|-activate|p1b: Osiris|ability: Protosynthesis|[fromitem]\n|-start|p1b: Osiris|protosynthesisspa\n|turn|1\n|inactive|Battle timer is ON: inactive players will automatically lose when time's up. (requested by itachi1324)\n|\n|t:|1701030385\n|-terastallize|p2a: Toxapex|Dragon\n|move|p2b: Flutter Mane|Protect|p2b: Flutter Mane\n|-singleturn|p2b: Flutter Mane|Protect\n|move|p1a: Shu|Tailwind|p1a: Shu\n|-sidestart|p1: AutumnFawn|move: Tailwind\n|move|p1b: Osiris|Flash Cannon|p2b: Flutter Mane\n|-activate|p2b: Flutter Mane|move: Protect\n|move|p2a: Toxapex|Infestation|p1b: Osiris\n|-damage|p1b: Osiris|96\/100\n|-activate|p1b: Osiris|move: Infestation|[of] p2a: Toxapex\n|\n|-damage|p1b: Osiris|84\/100|[from] move: Infestation|[partiallytrapped]\n|upkeep\n|turn|2\n|\n|t:|1701030409\n|-end|p2b: Flutter Mane|Protosynthesis|[silent]\n|switch|p2b: Heatran|Heatran, L50, M|100\/100\n|move|p1b: Osiris|Flash Cannon|p2b: Heatran\n|-resisted|p2b: Heatran\n|-damage|p2b: Heatran|96\/100\n|move|p1a: Shu|Bleakwind Storm|p2a: Toxapex|[spread] p2a,p2b\n|-resisted|p2b: Heatran\n|-damage|p2a: Toxapex|76\/100\n|-damage|p2b: Heatran|87\/100\n|move|p2a: Toxapex|Infestation|p1a: Shu\n|-resisted|p1a: Shu\n|-damage|p1a: Shu|99\/100\n|-activate|p1a: Shu|move: Infestation|[of] p2a: Toxapex\n|\n|-heal|p2a: Toxapex|81\/100|[from] item: Leftovers\n|-damage|p1b: Osiris|71\/100|[from] move: Infestation|[partiallytrapped]\n|-damage|p1a: Shu|87\/100|[from] move: Infestation|[partiallytrapped]\n|upkeep\n|turn|3\n|\n|t:|1701030429\n|switch|p2b: Grimmsnarl|Grimmsnarl, L50, M|100\/100\n|move|p1a: Shu|Rain Dance|p1a: Shu\n|-weather|RainDance\n|move|p1b: Osiris|Earth Power|p2b: Grimmsnarl\n|-damage|p2b: Grimmsnarl|50\/100\n|move|p2a: Toxapex|Toxic|p1b: Osiris\n|-status|p1b: Osiris|tox\n|\n|-weather|RainDance|[upkeep]\n|-heal|p2a: Toxapex|87\/100|[from] item: Leftovers\n|-damage|p1b: Osiris|65\/100 tox|[from] psn\n|-damage|p1b: Osiris|52\/100 tox|[from] move: Infestation|[partiallytrapped]\n|-damage|p1a: Shu|75\/100|[from] move: Infestation|[partiallytrapped]\n|upkeep\n|turn|4\n|inactive|itachi1324 has 30 seconds left.\n|\n|t:|1701030462\n|move|p2b: Grimmsnarl|Reflect|p2b: Grimmsnarl\n|-sidestart|p2: itachi1324|Reflect\n|move|p1b: Osiris|Earth Power|p2b: Grimmsnarl\n|-damage|p2b: Grimmsnarl|0 fnt\n|faint|p2b: Grimmsnarl\n|move|p1a: Shu|Icy Wind|p2a: Toxapex\n|-supereffective|p2a: Toxapex\n|-damage|p2a: Toxapex|64\/100\n|-unboost|p2a: Toxapex|spe|1\n|move|p2a: Toxapex|Toxic|p1a: Shu\n|-status|p1a: Shu|tox\n|\n|-weather|RainDance|[upkeep]\n|-heal|p2a: Toxapex|70\/100|[from] item: Leftovers\n|-damage|p1b: Osiris|40\/100 tox|[from] psn\n|-damage|p1a: Shu|69\/100 tox|[from] psn\n|-damage|p1b: Osiris|27\/100 tox|[from] move: Infestation|[partiallytrapped]\n|-damage|p1a: Shu|57\/100 tox|[from] move: Infestation|[partiallytrapped]\n|-sideend|p1: AutumnFawn|move: Tailwind\n|upkeep\n|\n|t:|1701030478\n|switch|p2b: Flutter Mane|Flutter Mane, L50|100\/100\n|turn|5\n|\n|t:|1701030490\n|move|p2b: Flutter Mane|Protect|p2b: Flutter Mane\n|-singleturn|p2b: Flutter Mane|Protect\n|move|p1a: Shu|Tailwind|p1a: Shu\n|-sidestart|p1: AutumnFawn|move: Tailwind\n|move|p1b: Osiris|Earth Power|p2a: Toxapex\n|-damage|p2a: Toxapex|28\/100\n|move|p2a: Toxapex|Recover|p2a: Toxapex\n|-heal|p2a: Toxapex|78\/100\n|\n|-weather|RainDance|[upkeep]\n|-heal|p2a: Toxapex|84\/100|[from] item: Leftovers\n|-damage|p1b: Osiris|9\/100 tox|[from] psn\n|-damage|p1a: Shu|46\/100 tox|[from] psn\n|-damage|p1b: Osiris|0 fnt|[from] move: Infestation|[partiallytrapped]\n|faint|p1b: Osiris\n|-end|p1b: Osiris|Protosynthesis|[silent]\n|-damage|p1a: Shu|34\/100 tox|[from] move: Infestation|[partiallytrapped]\n|upkeep\n|\n|t:|1701030511\n|switch|p1b: Honey|Urshifu-Rapid-Strike, L50, F|100\/100\n|turn|6\n|\n|t:|1701030533\n|-end|p2b: Flutter Mane|Protosynthesis|[silent]\n|switch|p2b: Heatran|Heatran, L50, M|87\/100\n|move|p1a: Shu|Icy Wind|p2b: Heatran|[spread] p2a,p2b\n|-supereffective|p2a: Toxapex\n|-crit|p2a: Toxapex\n|-resisted|p2b: Heatran\n|-damage|p2a: Toxapex|58\/100\n|-damage|p2b: Heatran|85\/100\n|-unboost|p2a: Toxapex|spe|1\n|-unboost|p2b: Heatran|spe|1\n|move|p1b: Honey|Ice Spinner|p2a: Toxapex\n|-supereffective|p2a: Toxapex\n|-damage|p2a: Toxapex|30\/100\n|move|p2a: Toxapex|Toxic|p1b: Honey|[miss]\n|-miss|p2a: Toxapex|p1b: Honey\n|\n|-weather|RainDance|[upkeep]\n|-heal|p2a: Toxapex|36\/100|[from] item: Leftovers\n|-damage|p1a: Shu|16\/100 tox|[from] psn\n|-end|p1a: Shu|Infestation|[partiallytrapped]\n|upkeep\n|turn|7\n|inactive|AutumnFawn has 30 seconds left.\n|inactive|itachi1324 has 30 seconds left.\n|inactive|itachi1324 has 20 seconds left.\n|\n|t:|1701030573\n|-terastallize|p1b: Honey|Water\n|move|p2a: Toxapex|Baneful Bunker|p2a: Toxapex\n|-singleturn|p2a: Toxapex|move: Protect\n|move|p1a: Shu|Icy Wind|p2a: Toxapex|[spread] p2b\n|-activate|p2a: Toxapex|move: Protect\n|-resisted|p2b: Heatran\n|-damage|p2b: Heatran|84\/100\n|-unboost|p2b: Heatran|spe|1\n|move|p1b: Honey|Surging Strikes|p2b: Heatran\n|-supereffective|p2b: Heatran\n|-crit|p2b: Heatran\n|-damage|p2b: Heatran|17\/100\n|-supereffective|p2b: Heatran\n|-crit|p2b: Heatran\n|-damage|p2b: Heatran|0 fnt\n|faint|p2b: Heatran\n|-hitcount|p2: Heatran|2\n|\n|-weather|none\n|-heal|p2a: Toxapex|41\/100|[from] item: Leftovers\n|-damage|p1a: Shu|0 fnt|[from] psn\n|faint|p1a: Shu\n|upkeep\n|\n|t:|1701030591\n|switch|p1a: Hideyoshi|Kingambit, L50, M|100\/100\n|switch|p2b: Flutter Mane|Flutter Mane, L50|100\/100\n|turn|8\n|inactive|itachi1324 has 30 seconds left.\n|\n|t:|1701030616\n|move|p1a: Hideyoshi|Protect|p1a: Hideyoshi\n|-singleturn|p1a: Hideyoshi|Protect\n|move|p1b: Honey|Ice Spinner|p2a: Toxapex\n|-supereffective|p2a: Toxapex\n|-damage|p2a: Toxapex|15\/100\n|move|p2b: Flutter Mane|Shadow Ball|p1b: Honey\n|-damage|p1b: Honey|65\/100\n|move|p2a: Toxapex|Recover|p2a: Toxapex\n|-heal|p2a: Toxapex|65\/100\n|\n|-heal|p2a: Toxapex|71\/100|[from] item: Leftovers\n|-sideend|p1: AutumnFawn|move: Tailwind\n|upkeep\n|turn|9\n|\n|t:|1701030639\n|move|p1a: Hideyoshi|Sucker Punch|p2b: Flutter Mane\n|-damage|p2b: Flutter Mane|33\/100\n|move|p2b: Flutter Mane|Dazzling Gleam|p1b: Honey|[spread] p1a,p1b\n|-damage|p1a: Hideyoshi|70\/100\n|-damage|p1b: Honey|37\/100\n|move|p1b: Honey|Surging Strikes|p2a: Toxapex\n|-resisted|p2a: Toxapex\n|-crit|p2a: Toxapex\n|-damage|p2a: Toxapex|61\/100\n|-resisted|p2a: Toxapex\n|-crit|p2a: Toxapex\n|-damage|p2a: Toxapex|51\/100\n|-resisted|p2a: Toxapex\n|-crit|p2a: Toxapex\n|-damage|p2a: Toxapex|41\/100\n|-hitcount|p2a: Toxapex|3\n|move|p2a: Toxapex|Infestation|p1b: Honey\n|-crit|p1b: Honey\n|-damage|p1b: Honey|33\/100\n|-activate|p1b: Honey|move: Infestation|[of] p2a: Toxapex\n|\n|-heal|p2a: Toxapex|47\/100|[from] item: Leftovers\n|-damage|p1b: Honey|20\/100|[from] move: Infestation|[partiallytrapped]\n|upkeep\n|turn|10\n|inactive|AutumnFawn has 30 seconds left.\n|\n|t:|1701030665\n|move|p2b: Flutter Mane|Protect|p2b: Flutter Mane\n|-singleturn|p2b: Flutter Mane|Protect\n|move|p1a: Hideyoshi|Sucker Punch||[still]\n|-fail|p1a: Hideyoshi\n|move|p1b: Honey|Close Combat|p2a: Toxapex\n|-damage|p2a: Toxapex|18\/100\n|-unboost|p1b: Honey|def|1\n|-unboost|p1b: Honey|spd|1\n|move|p2a: Toxapex|Recover|p2a: Toxapex\n|-heal|p2a: Toxapex|68\/100\n|\n|-heal|p2a: Toxapex|74\/100|[from] item: Leftovers\n|-damage|p1b: Honey|8\/100|[from] move: Infestation|[partiallytrapped]\n|upkeep\n|turn|11\n|\n|t:|1701030686\n|move|p2b: Flutter Mane|Protect||[still]\n|-fail|p2b: Flutter Mane\n|move|p1a: Hideyoshi|Sucker Punch||[still]\n|-fail|p1a: Hideyoshi\n|move|p1b: Honey|Ice Spinner|p2a: Toxapex\n|-supereffective|p2a: Toxapex\n|-damage|p2a: Toxapex|46\/100\n|move|p2a: Toxapex|Recover|p2a: Toxapex\n|-heal|p2a: Toxapex|96\/100\n|\n|-heal|p2a: Toxapex|100\/100|[from] item: Leftovers\n|-damage|p1b: Honey|0 fnt|[from] move: Infestation|[partiallytrapped]\n|faint|p1b: Honey\n|-sideend|p2: itachi1324|Reflect\n|upkeep\n|turn|12\n|\n|t:|1701030701\n|move|p1a: Hideyoshi|Sucker Punch|p2b: Flutter Mane\n|-damage|p2b: Flutter Mane|0 fnt\n|faint|p2b: Flutter Mane\n|-end|p2b: Flutter Mane|Protosynthesis|[silent]\n|move|p2a: Toxapex|Infestation|p1a: Hideyoshi\n|-damage|p1a: Hideyoshi|67\/100\n|-activate|p1a: Hideyoshi|move: Infestation|[of] p2a: Toxapex\n|\n|-damage|p1a: Hideyoshi|55\/100|[from] move: Infestation|[partiallytrapped]\n|upkeep\n|turn|13\n|\n|t:|1701030713\n|move|p1a: Hideyoshi|Swords Dance|p1a: Hideyoshi\n|-boost|p1a: Hideyoshi|atk|2\n|move|p2a: Toxapex|Toxic|p1a: Hideyoshi\n|-immune|p1a: Hideyoshi\n|\n|-damage|p1a: Hideyoshi|43\/100|[from] move: Infestation|[partiallytrapped]\n|upkeep\n|turn|14\n|\n|t:|1701030720\n|move|p2a: Toxapex|Baneful Bunker|p2a: Toxapex\n|-singleturn|p2a: Toxapex|move: Protect\n|move|p1a: Hideyoshi|Kowtow Cleave|p2a: Toxapex\n|-activate|p2a: Toxapex|move: Protect\n|\n|-damage|p1a: Hideyoshi|30\/100|[from] move: Infestation|[partiallytrapped]\n|upkeep\n|turn|15\n|\n|t:|1701030729\n|move|p1a: Hideyoshi|Kowtow Cleave|p2a: Toxapex\n|-damage|p2a: Toxapex|22\/100\n|move|p2a: Toxapex|Recover|p2a: Toxapex\n|-heal|p2a: Toxapex|72\/100\n|\n|-heal|p2a: Toxapex|78\/100|[from] item: Leftovers\n|-damage|p1a: Hideyoshi|18\/100|[from] move: Infestation|[partiallytrapped]\n|upkeep\n|turn|16\n|\n|t:|1701030741\n|move|p1a: Hideyoshi|Kowtow Cleave|p2a: Toxapex\n|-damage|p2a: Toxapex|2\/100\n|move|p2a: Toxapex|Recover|p2a: Toxapex\n|-heal|p2a: Toxapex|53\/100\n|\n|-heal|p2a: Toxapex|58\/100|[from] item: Leftovers\n|-end|p1a: Hideyoshi|Infestation|[partiallytrapped]\n|upkeep\n|turn|17\n|\n|t:|1701030750\n|move|p2a: Toxapex|Baneful Bunker|p2a: Toxapex\n|-singleturn|p2a: Toxapex|move: Protect\n|move|p1a: Hideyoshi|Kowtow Cleave|p2a: Toxapex\n|-activate|p2a: Toxapex|move: Protect\n|\n|-heal|p2a: Toxapex|64\/100|[from] item: Leftovers\n|upkeep\n|turn|18\n|\n|t:|1701030765\n|move|p1a: Hideyoshi|Kowtow Cleave|p2a: Toxapex\n|-damage|p2a: Toxapex|0 fnt\n|faint|p2a: Toxapex\n|\n|win|AutumnFawn\n|raw|AutumnFawn's rating: 1221 &rarr; <strong>1244<\/strong><br \/>(+23 for winning)\n|raw|itachi1324's rating: 1190 &rarr; <strong>1167<\/strong><br \/>(-23 for losing)\n|c|\u2606AutumnFawn|gg\n|l|\u2606itachi1324\n","uploadtime":1701030776,"views":7,"p1id":"autumnfawn","p2id":"itachi1324","formatid":"gen9vgc2023regulatione","rating":1167,"private":0,"password":""}