{"id":"gen9vgc2023regulatione-1999865619","p1":"Matcha Man Savage","p2":"jenzz2","format":"[Gen 9] VGC 2023 Regulation E","log":"|j|\u2606Matcha Man Savage\n|j|\u2606jenzz2\n|n|\u2606Matcha Man Savage|matchamansavage\n|n|\u2606jenzz2|jenzz2\n|html|View the match progress at <a href=\"\/game-bestof3-gen9vgc2023regulatione-1999861911\">game-bestof3-gen9vgc2023regulatione-1999861911<\/a>\n|t:|1701124218\n|gametype|doubles\n|player|p1|Matcha Man Savage|pokemaniac|\n|player|p2|jenzz2|101|\n|teamsize|p1|6\n|teamsize|p2|6\n|gen|9\n|tier|[Gen 9] VGC 2023 Regulation E\n|rule|Species Clause: Limit one of each Pok\u00e9mon\n|rule|Item Clause: Limit one of each item\n|clearpoke\n|poke|p1|Baxcalibur, L50, M|\n|poke|p1|Landorus-Therian, L50, M|\n|poke|p1|Goodra-Hisui, L50, F|\n|poke|p1|Scream Tail, L50|\n|poke|p1|Moltres-Galar, L50|\n|poke|p1|Ninetales-Alola, L50, F|\n|poke|p2|Ursaluna, L50, F|\n|poke|p2|Cresselia, L50, F|\n|poke|p2|Landorus-Therian, L50, M|\n|poke|p2|Iron Hands, L50|\n|poke|p2|Sinistcha-Masterpiece, L50|\n|poke|p2|Moltres-Galar, L50|\n|teampreview|4\n|inactive|Battle timer is ON: inactive players will automatically lose when time's up. (requested by Matcha Man Savage)\nMatcha Man Savage has agreed to open team sheets.\n|inactiveoff|Battle timer is now OFF.\njenzz2 has agreed to open team sheets.\n|showteam|p1|Baxcalibur||ClearAmulet|ThermalExchange|GlaiveRush,IceShard,SwordsDance,Protect|||M|||50|,,,,,Water]Landorus-Therian||ChoiceScarf|Intimidate|StompingTantrum,TeraBlast,RockSlide,Uturn|||M|||50|,,,,,Flying]Goodra-Hisui||RockyHelmet|ShellArmor|Shelter,HeavySlam,BodyPress,LifeDew|||F|||50|,,,,,Flying]Scream Tail||BoosterEnergy|Protosynthesis|PlayRough,Imprison,Howl,TrickRoom||||||50|,,,,,Dark]Moltres-Galar||WeaknessPolicy|Berserk|NastyPlot,FieryWrath,TeraBlast,Protect||||||50|,,,,,Poison]Ninetales-Alola||CovertCloak|SnowWarning|AuroraVeil,IcyWind,HelpingHand,BabyDollEyes|||F|||50|,,,,,Dark\n|showteam|p2|Ursaluna||FlameOrb|Guts|Facade,HeadlongRush,Earthquake,Protect|||F|||50|,,,,,Ghost]Cresselia||MentalHerb|Levitate|TrickRoom,LunarBlessing,Moonblast,IceBeam|||F|||50|,,,,,Fire]Landorus-Therian||ChoiceScarf|Intimidate|RockSlide,Uturn,Earthquake,TeraBlast|||M|||50|,,,,,Flying]Iron Hands||AssaultVest|QuarkDrive|FakeOut,DrainPunch,WildCharge,HeavySlam||||||50|,,,,,Fire]Sinistcha-Masterpiece||Leftovers|Hospitality|StrengthSap,CalmMind,MatchaGotcha,TrickRoom||||||50|,,,,,Fire]Moltres-Galar||WeaknessPolicy|Berserk|FieryWrath,Tailwind,NastyPlot,Protect||||||50|,,,,,Poison\n|\n|t:|1701124540\n|start\n|switch|p1a: GOJIRA|Baxcalibur, L50, M|100\/100\n|switch|p1b: AWOOOO|Scream Tail, L50|100\/100\n|switch|p2a: Cresselia|Cresselia, L50, F|100\/100\n|switch|p2b: Iron Hands|Iron Hands, L50, shiny|100\/100\n|-enditem|p1b: AWOOOO|Booster Energy\n|-activate|p1b: AWOOOO|ability: Protosynthesis|[fromitem]\n|-start|p1b: AWOOOO|protosynthesisspe\n|turn|1\n|\n|t:|1701124637\n|-terastallize|p1a: GOJIRA|Water\n|move|p1b: AWOOOO|Imprison|p1b: AWOOOO\n|-start|p1b: AWOOOO|move: Imprison\n|move|p1a: GOJIRA|Swords Dance|p1a: GOJIRA\n|-boost|p1a: GOJIRA|atk|2\n|move|p2b: Iron Hands|Drain Punch|p1a: GOJIRA\n|-crit|p1a: GOJIRA\n|-damage|p1a: GOJIRA|44\/100\n|cant|p2a: Cresselia|move: Imprison|Trick Room\n|\n|upkeep\n|turn|2\n|\n|t:|1701124658\n|move|p1b: AWOOOO|Play Rough|p2b: Iron Hands\n|-supereffective|p2b: Iron Hands\n|-damage|p2b: Iron Hands|61\/100\n|move|p1a: GOJIRA|Glaive Rush|p2b: Iron Hands\n|-damage|p2b: Iron Hands|0 fnt\n|-singlemove|p1a: GOJIRA|Glaive Rush|[silent]\n|faint|p2b: Iron Hands\n|-end|p2b: Iron Hands|Quark Drive|[silent]\n|move|p2a: Cresselia|Moonblast|p1a: GOJIRA\n|-damage|p1a: GOJIRA|5\/100\n|\n|upkeep\n|\n|t:|1701124676\n|switch|p2b: Ursaluna|Ursaluna, L50, F|100\/100\n|turn|3\n|\n|t:|1701124690\n|move|p2b: Ursaluna|Protect|p2b: Ursaluna\n|-singleturn|p2b: Ursaluna|Protect\n|move|p1a: GOJIRA|Ice Shard|p2b: Ursaluna\n|-activate|p2b: Ursaluna|move: Protect\n|move|p1b: AWOOOO|Howl|p1b: AWOOOO|[spread] p1a,p1b\n|-boost|p1a: GOJIRA|atk|1\n|-boost|p1b: AWOOOO|atk|1\n|move|p2a: Cresselia|Moonblast|p1a: GOJIRA\n|-damage|p1a: GOJIRA|0 fnt\n|faint|p1a: GOJIRA\n|\n|-status|p2b: Ursaluna|brn|[from] item: Flame Orb\n|upkeep\n|\n|t:|1701124715\n|switch|p1a: Dawg?|Landorus-Therian, L50, M, shiny|100\/100\n|-ability|p1a: Dawg?|Intimidate|boost\n|-unboost|p2a: Cresselia|atk|1\n|-unboost|p2b: Ursaluna|atk|1\n|turn|4\n|\n|t:|1701124739\n|move|p1b: AWOOOO|Play Rough|p2b: Ursaluna\n|-damage|p2b: Ursaluna|65\/100 brn\n|move|p1a: Dawg?|U-turn|p2a: Cresselia\n|-supereffective|p2a: Cresselia\n|-damage|p2a: Cresselia|69\/100\n|\n|t:|1701124744\n|switch|p1a: Rosa Tubsman|Goodra-Hisui, L50, F|100\/100|[from] U-turn\n|move|p2a: Cresselia|Ice Beam|p1a: Rosa Tubsman\n|-damage|p1a: Rosa Tubsman|88\/100\n|move|p2b: Ursaluna|Facade|p1a: Rosa Tubsman\n|-resisted|p1a: Rosa Tubsman\n|-damage|p1a: Rosa Tubsman|57\/100\n|-damage|p2b: Ursaluna|49\/100 brn|[from] item: Rocky Helmet|[of] p1a: Rosa Tubsman\n|\n|-damage|p2b: Ursaluna|43\/100 brn|[from] brn\n|upkeep\n|turn|5\n|\n|t:|1701124767\n|switch|p2b: Sinistcha|Sinistcha-Masterpiece, L50|100\/100\n|-heal|p2a: Cresselia|94\/100|[from] ability: Hospitality|[of] p2b: Sinistcha\n|move|p1b: AWOOOO|Play Rough|p2b: Sinistcha\n|-damage|p2b: Sinistcha|58\/100\n|move|p2a: Cresselia|Moonblast|p1a: Rosa Tubsman\n|-damage|p1a: Rosa Tubsman|41\/100\n|move|p1a: Rosa Tubsman|Heavy Slam|p2b: Sinistcha\n|-damage|p2b: Sinistcha|15\/100\n|\n|-heal|p2b: Sinistcha|20\/100|[from] item: Leftovers\n|upkeep\n|turn|6\n|\n|t:|1701124804\n|move|p1b: AWOOOO|Play Rough|p2b: Sinistcha|[miss]\n|-miss|p1b: AWOOOO|p2b: Sinistcha\n|move|p2a: Cresselia|Ice Beam|p1b: AWOOOO\n|-damage|p1b: AWOOOO|83\/100\n|move|p2b: Sinistcha|Strength Sap|p1b: AWOOOO\n|-unboost|p1b: AWOOOO|atk|1\n|-heal|p2b: Sinistcha|100\/100\n|move|p1a: Rosa Tubsman|Heavy Slam|p2b: Sinistcha\n|-damage|p2b: Sinistcha|65\/100\n|\n|-heal|p2b: Sinistcha|70\/100|[from] item: Leftovers\n|upkeep\n|turn|7\n|\n|t:|1701124827\n|move|p1b: AWOOOO|Howl|p1b: AWOOOO|[spread] p1a,p1b\n|-boost|p1a: Rosa Tubsman|atk|1\n|-boost|p1b: AWOOOO|atk|1\n|move|p2a: Cresselia|Ice Beam|p1b: AWOOOO\n|-damage|p1b: AWOOOO|66\/100\n|move|p2b: Sinistcha|Strength Sap|p1b: AWOOOO\n|-unboost|p1b: AWOOOO|atk|1\n|-heal|p2b: Sinistcha|100\/100\n|move|p1a: Rosa Tubsman|Heavy Slam|p2b: Sinistcha\n|-damage|p2b: Sinistcha|39\/100\n|\n|-heal|p2b: Sinistcha|45\/100|[from] item: Leftovers\n|upkeep\n|turn|8\n|\n|t:|1701124851\n|move|p1b: AWOOOO|Play Rough|p2b: Sinistcha\n|-damage|p2b: Sinistcha|14\/100\n|move|p2a: Cresselia|Moonblast|p1a: Rosa Tubsman\n|-damage|p1a: Rosa Tubsman|28\/100\n|move|p2b: Sinistcha|Strength Sap|p1b: AWOOOO\n|-unboost|p1b: AWOOOO|atk|1\n|-heal|p2b: Sinistcha|82\/100\n|move|p1a: Rosa Tubsman|Heavy Slam|p2b: Sinistcha\n|-damage|p2b: Sinistcha|25\/100\n|\n|-heal|p2b: Sinistcha|30\/100|[from] item: Leftovers\n|upkeep\n|turn|9\n|\n|t:|1701124873\n|move|p1b: AWOOOO|Howl|p1b: AWOOOO|[spread] p1a,p1b\n|-boost|p1a: Rosa Tubsman|atk|1\n|-boost|p1b: AWOOOO|atk|1\n|move|p2a: Cresselia|Lunar Blessing|p2a: Cresselia|[spread] p2a,p2b\n|-heal|p2a: Cresselia|100\/100\n|-heal|p2b: Sinistcha|55\/100\n|move|p2b: Sinistcha|Strength Sap|p1b: AWOOOO\n|-unboost|p1b: AWOOOO|atk|1\n|-heal|p2b: Sinistcha|100\/100\n|move|p1a: Rosa Tubsman|Shelter|p1a: Rosa Tubsman\n|-boost|p1a: Rosa Tubsman|def|2\n|\n|upkeep\n|turn|10\n|\n|t:|1701124899\n|move|p1b: AWOOOO|Play Rough|p2b: Sinistcha\n|-damage|p2b: Sinistcha|82\/100\n|move|p2a: Cresselia|Moonblast|p1a: Rosa Tubsman\n|-damage|p1a: Rosa Tubsman|14\/100\n|-unboost|p1a: Rosa Tubsman|spa|1\n|move|p2b: Sinistcha|Strength Sap|p1a: Rosa Tubsman\n|-unboost|p1a: Rosa Tubsman|atk|1\n|-heal|p2b: Sinistcha|100\/100\n|move|p1a: Rosa Tubsman|Life Dew|p1a: Rosa Tubsman|[spread] p1a,p1b\n|-heal|p1a: Rosa Tubsman|39\/100\n|-heal|p1b: AWOOOO|91\/100\n|\n|upkeep\n|turn|11\n|\n|t:|1701124920\n|-end|p1b: AWOOOO|Protosynthesis|[silent]\n|switch|p1b: Dawg?|Landorus-Therian, L50, M, shiny|100\/100\n|-ability|p1b: Dawg?|Intimidate|boost\n|-unboost|p2a: Cresselia|atk|1\n|-unboost|p2b: Sinistcha|atk|1\n|move|p2a: Cresselia|Ice Beam|p1a: Rosa Tubsman\n|-damage|p1a: Rosa Tubsman|26\/100\n|move|p2b: Sinistcha|Calm Mind|p2b: Sinistcha\n|-boost|p2b: Sinistcha|spa|1\n|-boost|p2b: Sinistcha|spd|1\n|move|p1a: Rosa Tubsman|Life Dew||[still]|[spread] p1a,p1b\n|-heal|p1a: Rosa Tubsman|51\/100\n|-fail|p1b: Dawg?|heal\n|\n|upkeep\n|turn|12\n|\n|t:|1701124945\n|move|p1b: Dawg?|Rock Slide|p2a: Cresselia|[spread] p2a,p2b\n|-damage|p2a: Cresselia|87\/100\n|-damage|p2b: Sinistcha|80\/100\n|move|p2a: Cresselia|Ice Beam|p1b: Dawg?\n|-supereffective|p1b: Dawg?\n|-damage|p1b: Dawg?|1\/100\n|move|p2b: Sinistcha|Strength Sap|p1a: Rosa Tubsman\n|-unboost|p1a: Rosa Tubsman|atk|1\n|-heal|p2b: Sinistcha|100\/100\n|move|p1a: Rosa Tubsman|Life Dew|p1a: Rosa Tubsman|[spread] p1a,p1b\n|-heal|p1a: Rosa Tubsman|76\/100\n|-heal|p1b: Dawg?|26\/100\n|\n|upkeep\n|turn|13\n|\n|t:|1701124964\n|switch|p1b: AWOOOO|Scream Tail, L50|91\/100\n|move|p2a: Cresselia|Ice Beam|p1b: AWOOOO\n|-damage|p1b: AWOOOO|74\/100\n|move|p2b: Sinistcha|Calm Mind|p2b: Sinistcha\n|-boost|p2b: Sinistcha|spa|1\n|-boost|p2b: Sinistcha|spd|1\n|move|p1a: Rosa Tubsman|Shelter|p1a: Rosa Tubsman\n|-boost|p1a: Rosa Tubsman|def|2\n|\n|upkeep\n|turn|14\n|\n|t:|1701124983\n|move|p1b: AWOOOO|Howl|p1b: AWOOOO|[spread] p1a,p1b\n|-boost|p1a: Rosa Tubsman|atk|1\n|-boost|p1b: AWOOOO|atk|1\n|move|p2b: Sinistcha|Calm Mind|p2b: Sinistcha\n|-boost|p2b: Sinistcha|spa|1\n|-boost|p2b: Sinistcha|spd|1\n|move|p1a: Rosa Tubsman|Shelter|p1a: Rosa Tubsman\n|-boost|p1a: Rosa Tubsman|def|2\n|move|p2a: Cresselia|Trick Room|p2a: Cresselia\n|-fieldstart|move: Trick Room|[of] p2a: Cresselia\n|\n|upkeep\n|turn|15\n|\n|t:|1701125002\n|move|p1a: Rosa Tubsman|Heavy Slam|p2b: Sinistcha\n|-damage|p2b: Sinistcha|46\/100\n|move|p2b: Sinistcha|Matcha Gotcha|p1b: AWOOOO|[spread] p1a,p1b\n|-resisted|p1a: Rosa Tubsman\n|-damage|p1a: Rosa Tubsman|67\/100\n|-heal|p2b: Sinistcha|50\/100|[from] drain|[of] p1a: Rosa Tubsman\n|-damage|p1b: AWOOOO|28\/100\n|-heal|p2b: Sinistcha|78\/100|[from] drain|[of] p1b: AWOOOO\n|move|p2a: Cresselia|Moonblast|p1a: Rosa Tubsman\n|-damage|p1a: Rosa Tubsman|55\/100\n|-unboost|p1a: Rosa Tubsman|spa|1\n|move|p1b: AWOOOO|Play Rough|p2b: Sinistcha\n|-damage|p2b: Sinistcha|35\/100\n|\n|-heal|p2b: Sinistcha|41\/100|[from] item: Leftovers\n|upkeep\n|turn|16\n|\n|t:|1701125030\n|move|p1a: Rosa Tubsman|Heavy Slam|p2b: Sinistcha\n|-damage|p2b: Sinistcha|0 fnt\n|faint|p2b: Sinistcha\n|move|p2a: Cresselia|Lunar Blessing|p2a: Cresselia\n|-heal|p2a: Cresselia|100\/100\n|move|p1b: AWOOOO|Play Rough|p2a: Cresselia\n|-damage|p2a: Cresselia|72\/100\n|\n|upkeep\n|\n|t:|1701125039\n|switch|p2b: Ursaluna|Ursaluna, L50, F|43\/100 brn\n|turn|17\n|\n|t:|1701125074\n|-end|p1b: AWOOOO|Protosynthesis|[silent]\n|switch|p1b: Dawg?|Landorus-Therian, L50, M, shiny|26\/100\n|-ability|p1b: Dawg?|Intimidate|boost\n|-unboost|p2a: Cresselia|atk|1\n|-unboost|p2b: Ursaluna|atk|1\n|move|p2b: Ursaluna|Headlong Rush|p1a: Rosa Tubsman\n|-supereffective|p1a: Rosa Tubsman\n|-damage|p1a: Rosa Tubsman|24\/100\n|-unboost|p2b: Ursaluna|def|1\n|-unboost|p2b: Ursaluna|spd|1\n|-damage|p2b: Ursaluna|27\/100 brn|[from] item: Rocky Helmet|[of] p1a: Rosa Tubsman\n|move|p1a: Rosa Tubsman|Life Dew|p1a: Rosa Tubsman|[spread] p1a,p1b\n|-heal|p1a: Rosa Tubsman|49\/100\n|-heal|p1b: Dawg?|51\/100\n|move|p2a: Cresselia|Lunar Blessing|p2a: Cresselia|[spread] p2a,p2b\n|-heal|p2a: Cresselia|96\/100\n|-heal|p2b: Ursaluna|52\/100 brn\n|-curestatus|p2b: Ursaluna|brn|[msg]\n|\n|-status|p2b: Ursaluna|brn|[from] item: Flame Orb\n|upkeep\n|turn|18\n|\n|t:|1701125109\n|switch|p1b: AWOOOO|Scream Tail, L50|28\/100\n|move|p2b: Ursaluna|Earthquake|p1b: AWOOOO|[spread] p1a,p1b\n|-immune|p2a: Cresselia|[from] ability: Levitate\n|-supereffective|p1a: Rosa Tubsman\n|-damage|p1a: Rosa Tubsman|31\/100\n|-damage|p1b: AWOOOO|0 fnt\n|faint|p1b: AWOOOO\n|-end|p1b: AWOOOO|Protosynthesis|[silent]\n|move|p1a: Rosa Tubsman|Life Dew|p1a: Rosa Tubsman\n|-heal|p1a: Rosa Tubsman|56\/100\n|move|p2a: Cresselia|Ice Beam|p1a: Rosa Tubsman\n|-damage|p1a: Rosa Tubsman|42\/100\n|\n|-damage|p2b: Ursaluna|46\/100 brn|[from] brn\n|-fieldend|move: Trick Room\n|upkeep\n|\n|t:|1701125122\n|switch|p1b: Dawg?|Landorus-Therian, L50, M, shiny|51\/100\n|-ability|p1b: Dawg?|Intimidate|boost\n|-unboost|p2a: Cresselia|atk|1\n|-unboost|p2b: Ursaluna|atk|1\n|turn|19\n|\n|t:|1701125132\n|move|p2b: Ursaluna|Protect|p2b: Ursaluna\n|-singleturn|p2b: Ursaluna|Protect\n|move|p1b: Dawg?|Rock Slide|p2b: Ursaluna|[spread] p2a\n|-activate|p2b: Ursaluna|move: Protect\n|-damage|p2a: Cresselia|83\/100\n|move|p2a: Cresselia|Ice Beam|p1b: Dawg?\n|-supereffective|p1b: Dawg?\n|-damage|p1b: Dawg?|0 fnt\n|faint|p1b: Dawg?\n|move|p1a: Rosa Tubsman|Life Dew|p1a: Rosa Tubsman\n|-heal|p1a: Rosa Tubsman|67\/100\n|\n|-damage|p2b: Ursaluna|40\/100 brn|[from] brn\n|upkeep\n|turn|20\n|\n|t:|1701125167\n|-terastallize|p2b: Ursaluna|Ghost\n|move|p1a: Rosa Tubsman|Heavy Slam|p2a: Cresselia\n|-damage|p2a: Cresselia|57\/100\n|move|p2b: Ursaluna|Headlong Rush|p1a: Rosa Tubsman\n|-supereffective|p1a: Rosa Tubsman\n|-damage|p1a: Rosa Tubsman|44\/100\n|-unboost|p2b: Ursaluna|def|1\n|-unboost|p2b: Ursaluna|spd|1\n|-damage|p2b: Ursaluna|24\/100 brn|[from] item: Rocky Helmet|[of] p1a: Rosa Tubsman\n|move|p2a: Cresselia|Trick Room|p2a: Cresselia\n|-fieldstart|move: Trick Room|[of] p2a: Cresselia\n|\n|-damage|p2b: Ursaluna|18\/100 brn|[from] brn\n|upkeep\n|turn|21\n|\n|t:|1701125188\n|move|p2b: Ursaluna|Headlong Rush|p1a: Rosa Tubsman\n|-supereffective|p1a: Rosa Tubsman\n|-damage|p1a: Rosa Tubsman|23\/100\n|-unboost|p2b: Ursaluna|def|1\n|-unboost|p2b: Ursaluna|spd|1\n|-damage|p2b: Ursaluna|1\/100 brn|[from] item: Rocky Helmet|[of] p1a: Rosa Tubsman\n|move|p1a: Rosa Tubsman|Heavy Slam|p2b: Ursaluna\n|-damage|p2b: Ursaluna|0 fnt\n|faint|p2b: Ursaluna\n|move|p2a: Cresselia|Moonblast|p1a: Rosa Tubsman\n|-damage|p1a: Rosa Tubsman|8\/100\n|\n|upkeep\n|turn|22\n|\n|t:|1701125204\n|move|p1a: Rosa Tubsman|Life Dew|p1a: Rosa Tubsman\n|-heal|p1a: Rosa Tubsman|33\/100\n|move|p2a: Cresselia|Moonblast|p1a: Rosa Tubsman\n|-damage|p1a: Rosa Tubsman|17\/100\n|\n|upkeep\n|turn|23\n|\n|t:|1701125213\n|move|p1a: Rosa Tubsman|Life Dew|p1a: Rosa Tubsman\n|-heal|p1a: Rosa Tubsman|42\/100\n|move|p2a: Cresselia|Ice Beam|p1a: Rosa Tubsman\n|-damage|p1a: Rosa Tubsman|28\/100\n|\n|upkeep\n|turn|24\n|\n|t:|1701125226\n|move|p1a: Rosa Tubsman|Life Dew|p1a: Rosa Tubsman\n|-heal|p1a: Rosa Tubsman|53\/100\n|move|p2a: Cresselia|Ice Beam|p1a: Rosa Tubsman\n|-damage|p1a: Rosa Tubsman|41\/100\n|-status|p1a: Rosa Tubsman|frz\n|\n|-fieldend|move: Trick Room\n|upkeep\n|turn|25\n|\n|t:|1701125239\n|move|p2a: Cresselia|Moonblast|p1a: Rosa Tubsman\n|-damage|p1a: Rosa Tubsman|28\/100 frz\n|-unboost|p1a: Rosa Tubsman|spa|1\n|-curestatus|p1a: Rosa Tubsman|frz|[msg]\n|move|p1a: Rosa Tubsman|Life Dew|p1a: Rosa Tubsman\n|-heal|p1a: Rosa Tubsman|53\/100\n|\n|upkeep\n|turn|26\n|\n|t:|1701125249\n|move|p2a: Cresselia|Ice Beam|p1a: Rosa Tubsman\n|-damage|p1a: Rosa Tubsman|39\/100\n|-status|p1a: Rosa Tubsman|frz\n|cant|p1a: Rosa Tubsman|frz\n|\n|upkeep\n|turn|27\n|\n|t:|1701125258\n|move|p2a: Cresselia|Moonblast|p1a: Rosa Tubsman\n|-damage|p1a: Rosa Tubsman|25\/100 frz\n|-unboost|p1a: Rosa Tubsman|spa|1\n|cant|p1a: Rosa Tubsman|frz\n|\n|upkeep\n|turn|28\n|\n|t:|1701125266\n|move|p2a: Cresselia|Moonblast|p1a: Rosa Tubsman\n|-damage|p1a: Rosa Tubsman|12\/100 frz\n|cant|p1a: Rosa Tubsman|frz\n|\n|upkeep\n|turn|29\n|\n|t:|1701125271\n|move|p2a: Cresselia|Moonblast|p1a: Rosa Tubsman\n|-damage|p1a: Rosa Tubsman|0 fnt\n|faint|p1a: Rosa Tubsman\n|\n|win|jenzz2\n|l|\u2606jenzz2\n","uploadtime":1701125295,"views":4,"p1id":"matchamansavage","p2id":"jenzz2","formatid":"gen9vgc2023regulatione","rating":0,"private":0,"password":""}