{"id":"gen9vgc2023regulatione-2000458725","p1":"sirttas","p2":"zombieaussie","format":"[Gen 9] VGC 2023 Regulation E","log":"|j|\u2606sirttas\n|j|\u2606zombieaussie\n|t:|1701196549\n|gametype|doubles\n|player|p1|sirttas|102|1128\n|player|p2|zombieaussie|266|1125\n|teamsize|p1|6\n|teamsize|p2|6\n|gen|9\n|tier|[Gen 9] VGC 2023 Regulation E\n|rated|\n|rule|Species Clause: Limit one of each Pok\u00e9mon\n|rule|Item Clause: Limit one of each item\n|clearpoke\n|poke|p1|Ninetales-Alola, L50, M|\n|poke|p1|Chien-Pao, L50|\n|poke|p1|Iron Bundle, L50|\n|poke|p1|Landorus-Therian, L50, M|\n|poke|p1|Ogerpon-Hearthflame, L50, F|\n|poke|p1|Ursaluna, L50, F|\n|poke|p2|Farigiraf, L50, M|\n|poke|p2|Kleavor, L50, F|\n|poke|p2|Hatterene, L50, F|\n|poke|p2|Dragapult, L50, F|\n|poke|p2|Tornadus, L50, M|\n|poke|p2|Corviknight, L50, M|\n|teampreview|4\n|\n|t:|1701196585\n|start\n|switch|p1a: Ninetales|Ninetales-Alola, L50, M|100\/100\n|switch|p1b: Landorus|Landorus-Therian, L50, M|100\/100\n|switch|p2a: Tornadus|Tornadus, L50, M|100\/100\n|switch|p2b: Kleavor|Kleavor, L50, F|100\/100\n|-weather|Snow|[from] ability: Snow Warning|[of] p1a: Ninetales\n|-ability|p1b: Landorus|Intimidate|boost\n|-unboost|p2a: Tornadus|atk|1\n|-unboost|p2b: Kleavor|atk|1\n|turn|1\n|\n|t:|1701196603\n|move|p2a: Tornadus|Tailwind|p2a: Tornadus\n|-sidestart|p2: zombieaussie|move: Tailwind\n|move|p2b: Kleavor|Stone Axe|p1a: Ninetales\n|-supereffective|p1a: Ninetales\n|-damage|p1a: Ninetales|19\/100\n|-sidestart|p1: sirttas|move: Stealth Rock\n|move|p1a: Ninetales|Aurora Veil|p1a: Ninetales\n|-sidestart|p1: sirttas|move: Aurora Veil\n|move|p1b: Landorus|Rock Slide|p2b: Kleavor|[spread] p2b\n|-miss|p1b: Landorus|p2a: Tornadus\n|-supereffective|p2b: Kleavor\n|-damage|p2b: Kleavor|41\/100\n|\n|-weather|Snow|[upkeep]\n|upkeep\n|turn|2\n|\n|t:|1701196620\n|move|p1a: Ninetales|Protect|p1a: Ninetales\n|-singleturn|p1a: Ninetales|Protect\n|move|p2a: Tornadus|Icy Wind|p1a: Ninetales|[spread] p1b\n|-activate|p1a: Ninetales|move: Protect\n|-supereffective|p1b: Landorus\n|-damage|p1b: Landorus|73\/100\n|-unboost|p1b: Landorus|spe|1\n|move|p2b: Kleavor|Stone Axe|p1a: Ninetales\n|-activate|p1a: Ninetales|move: Protect\n|move|p1b: Landorus|Rock Slide|p2b: Kleavor|[spread] p2a\n|-miss|p1b: Landorus|p2b: Kleavor\n|-supereffective|p2a: Tornadus\n|-damage|p2a: Tornadus|33\/100\n|\n|-weather|Snow|[upkeep]\n|upkeep\n|turn|3\n|\n|t:|1701196647\n|switch|p1a: Ursaluna|Ursaluna, L50, F|100\/100\n|-damage|p1a: Ursaluna|95\/100|[from] Stealth Rock\n|move|p2a: Tornadus|Icy Wind|p1a: Ursaluna|[spread] p1a,p1b\n|-supereffective|p1a: Ursaluna\n|-supereffective|p1b: Landorus\n|-damage|p1a: Ursaluna|79\/100\n|-damage|p1b: Landorus|47\/100\n|-unboost|p1a: Ursaluna|spe|1\n|-unboost|p1b: Landorus|spe|1\n|move|p2b: Kleavor|Stone Axe|p1a: Ursaluna\n|-resisted|p1a: Ursaluna\n|-damage|p1a: Ursaluna|67\/100\n|move|p1b: Landorus|Rock Slide|p2a: Tornadus|[spread] p2a,p2b\n|-supereffective|p2a: Tornadus\n|-supereffective|p2b: Kleavor\n|-damage|p2a: Tornadus|0 fnt\n|-damage|p2b: Kleavor|0 fnt\n|faint|p2a: Tornadus\n|faint|p2b: Kleavor\n|\n|-weather|Snow|[upkeep]\n|-status|p1a: Ursaluna|brn|[from] item: Flame Orb\n|upkeep\n|\n|t:|1701196651\n|switch|p2a: Dragapult|Dragapult, L50, F|100\/100\n|switch|p2b: Hatterene|Hatterene, L50, F, shiny|100\/100\n|turn|4\n|\n|t:|1701196680\n|move|p1a: Ursaluna|Protect|p1a: Ursaluna\n|-singleturn|p1a: Ursaluna|Protect\n|move|p2a: Dragapult|Phantom Force||[still]\n|-prepare|p2a: Dragapult|Phantom Force\n|move|p2b: Hatterene|Giga Drain|p1a: Ursaluna\n|-activate|p1a: Ursaluna|move: Protect\n|move|p1b: Landorus|U-turn|p2a: Dragapult|[miss]\n|-miss|p1b: Landorus|p2a: Dragapult\n|\n|-weather|Snow|[upkeep]\n|-damage|p1a: Ursaluna|61\/100 brn|[from] brn\n|-sideend|p2: zombieaussie|move: Tailwind\n|upkeep\n|turn|5\n|\n|t:|1701196696\n|move|p2a: Dragapult|Phantom Force|p1b: Landorus|[from]lockedmove\n|-damage|p1b: Landorus|0 fnt\n|faint|p1b: Landorus\n|-damage|p2a: Dragapult|91\/100|[from] item: Life Orb\n|move|p2b: Hatterene|Giga Drain|p1a: Ursaluna\n|-supereffective|p1a: Ursaluna\n|-damage|p1a: Ursaluna|24\/100 brn\n|move|p1a: Ursaluna|Bulk Up|p1a: Ursaluna\n|-boost|p1a: Ursaluna|atk|1\n|-boost|p1a: Ursaluna|def|1\n|\n|-weather|Snow|[upkeep]\n|-damage|p1a: Ursaluna|18\/100 brn|[from] brn\n|-sideend|p1: sirttas|move: Aurora Veil\n|upkeep\n|\n|t:|1701196711\n|switch|p1b: Iron Bundle|Iron Bundle, L50|100\/100\n|-damage|p1b: Iron Bundle|76\/100|[from] Stealth Rock\n|-enditem|p1b: Iron Bundle|Booster Energy\n|-activate|p1b: Iron Bundle|ability: Quark Drive|[fromitem]\n|-start|p1b: Iron Bundle|quarkdrivespe\n|turn|6\n|\n|t:|1701196726\n|-terastallize|p2a: Dragapult|Ghost\n|move|p1a: Ursaluna|Protect|p1a: Ursaluna\n|-singleturn|p1a: Ursaluna|Protect\n|move|p1b: Iron Bundle|Icy Wind|p2a: Dragapult|[spread] p2a,p2b\n|-damage|p2a: Dragapult|64\/100\n|-damage|p2b: Hatterene|85\/100\n|-unboost|p2a: Dragapult|spe|1\n|-unboost|p2b: Hatterene|spe|1\n|move|p2a: Dragapult|Phantom Force||[still]\n|-prepare|p2a: Dragapult|Phantom Force\n|move|p2b: Hatterene|Giga Drain|p1a: Ursaluna\n|-activate|p1a: Ursaluna|move: Protect\n|\n|-weather|Snow|[upkeep]\n|-damage|p1a: Ursaluna|12\/100 brn|[from] brn\n|upkeep\n|turn|7\n|\n|t:|1701196748\n|move|p1b: Iron Bundle|Protect|p1b: Iron Bundle\n|-singleturn|p1b: Iron Bundle|Protect\n|move|p2a: Dragapult|Phantom Force|p1b: Iron Bundle|[from]lockedmove\n|-activate|p1b: Iron Bundle|move: Phantom Force|[broken]\n|-damage|p1b: Iron Bundle|14\/100\n|-damage|p2a: Dragapult|54\/100|[from] item: Life Orb\n|move|p1a: Ursaluna|Headlong Rush|p2b: Hatterene\n|-damage|p2b: Hatterene|0 fnt\n|-unboost|p1a: Ursaluna|def|1\n|-unboost|p1a: Ursaluna|spd|1\n|faint|p2b: Hatterene\n|\n|-weather|Snow|[upkeep]\n|-damage|p1a: Ursaluna|6\/100 brn|[from] brn\n|upkeep\n|turn|8\n|\n|t:|1701196787\n|move|p1b: Iron Bundle|Chilling Water|p2a: Dragapult\n|-damage|p2a: Dragapult|17\/100\n|-unboost|p2a: Dragapult|atk|1\n|move|p2a: Dragapult|Phantom Force||[still]\n|-prepare|p2a: Dragapult|Phantom Force\n|move|p1a: Ursaluna|Bulk Up|p1a: Ursaluna\n|-boost|p1a: Ursaluna|atk|1\n|-boost|p1a: Ursaluna|def|1\n|\n|-weather|none\n|-damage|p1a: Ursaluna|0 fnt|[from] brn\n|faint|p1a: Ursaluna\n|upkeep\n|\n|t:|1701196797\n|switch|p1a: Ninetales|Ninetales-Alola, L50, M|19\/100\n|-damage|p1a: Ninetales|0 fnt|[from] Stealth Rock\n|faint|p1a: Ninetales\n|turn|9\n|c|\u2606zombieaussie|gg\n|\n|t:|1701196805\n|move|p1b: Iron Bundle|Protect|p1b: Iron Bundle\n|-singleturn|p1b: Iron Bundle|Protect\n|move|p2a: Dragapult|Phantom Force|p1b: Iron Bundle|[from]lockedmove\n|-activate|p1b: Iron Bundle|move: Phantom Force|[broken]\n|-damage|p1b: Iron Bundle|0 fnt\n|faint|p1b: Iron Bundle\n|-end|p1b: Iron Bundle|Quark Drive|[silent]\n|-damage|p2a: Dragapult|7\/100|[from] item: Life Orb\n|\n|win|zombieaussie\n|raw|sirttas's rating: 1128 &rarr; <strong>1103<\/strong><br \/>(-25 for losing)\n|raw|zombieaussie's rating: 1125 &rarr; <strong>1150<\/strong><br \/>(+25 for winning)\n|l|\u2606sirttas\n","uploadtime":1701196833,"views":11,"p1id":"sirttas","p2id":"zombieaussie","formatid":"gen9vgc2023regulatione","rating":1103,"private":0,"password":""}