{"id":"gen9vgc2023regulatione-1993252745","p1":"PrismaAce","p2":"beewatree","format":"[Gen 9] VGC 2023 Regulation E","log":"|j|\u2606PrismaAce\n|j|\u2606beewatree\n|n|\u2606PrismaAce|prismaace\n|n|\u2606beewatree|beewatree\n|html|View the match progress at <a href=\"\/game-bestof3-gen9vgc2023regulatione-1993247192\">game-bestof3-gen9vgc2023regulatione-1993247192<\/a>\n|t:|1700284637\n|gametype|doubles\n|player|p1|PrismaAce|clair|\n|player|p2|beewatree|170|\n|teamsize|p1|6\n|teamsize|p2|6\n|gen|9\n|tier|[Gen 9] VGC 2023 Regulation E\n|rule|Species Clause: Limit one of each Pok\u00e9mon\n|rule|Item Clause: Limit one of each item\n|clearpoke\n|poke|p1|Orthworm, L50, M|\n|poke|p1|Mienshao, L50, M|\n|poke|p1|Garchomp, L50, M|\n|poke|p1|Tauros-Paldea-Aqua, L50, M|\n|poke|p1|Wo-Chien, L50|\n|poke|p1|Ceruledge, L50, M|\n|poke|p2|Toxtricity, L50, F|\n|poke|p2|Pincurchin, L50, F|\n|poke|p2|Noivern, L50, F|\n|poke|p2|Sableye, L50, F|\n|poke|p2|Electrode-Hisui, L50|\n|poke|p2|Enamorus, L50, F|\n|teampreview|4\nPrismaAce has agreed to open team sheets.\nbeewatree has agreed to open team sheets.\n|showteam|p1|Orthworm||SitrusBerry|EarthEater|Protect,ShedTail,IronDefense,BodyPress|||M|||50|,,,,,Fire]Mienshao||FocusSash|Regenerator|FakeOut,CloseCombat,Uturn,WideGuard|||M|||50|,,,,,Grass]Garchomp||LoadedDice|RoughSkin|Earthquake,ScaleShot,Protect,SwordsDance|||M|||50|,,,,,Water]Tauros-Paldea-Aqua||SafetyGoggles|Intimidate|RagingBull,CloseCombat,AquaJet,Protect|||M|||50|,,,,,Poison]Wo-Chien||MiracleSeed|TabletsofRuin|GigaDrain,LeechSeed,FoulPlay,Protect||||||50|,,,,,Fairy]Ceruledge||Leftovers|FlashFire|BitterBlade,Poltergeist,Protect,BulkUp|||M|||50|,,,,,Grass\n|showteam|p2|Toxtricity||ThroatSpray|PunkRock|Boomburst,Overdrive,HyperVoice,Protect|||F|||50|,,,,,Ghost]Pincurchin||AssaultVest|ElectricSurge|Scald,HydroPump,Thunder,Discharge|||F|||50|,,,,,Water]Noivern||CovertCloak|Telepathy|Tailwind,Boomburst,DracoMeteor,Whirlwind|||F|||50|,,,,,Normal]Sableye||SitrusBerry|Prankster|Encore,Disable,Quash,Gravity|||F|||50|,,,,,Dark]Electrode-Hisui||FocusSash|Soundproof|Chloroblast,ThunderWave,Taunt,Thunder||||||50|,,,,,Electric]Enamorus||LifeOrb|Contrary|SpringtideStorm,FocusBlast,EarthPower,Protect|||F|||50|,,,,,Fairy\n|j| arrascaxeira\n|j| angelicism\n|j| Teekin\n|\n|t:|1700284754\n|start\n|switch|p1a: Floppy Hands|Mienshao, L50, M|100\/100\n|switch|p1b: :eatDirt:|Orthworm, L50, M|100\/100\n|switch|p2a: Toxtricity|Toxtricity, L50, F|100\/100\n|switch|p2b: Electrode|Electrode-Hisui, L50|100\/100\n|turn|1\n|\n|t:|1700284835\n|switch|p2b: Noivern|Noivern, L50, F|100\/100\n|-terastallize|p2a: Toxtricity|Ghost\n|move|p1a: Floppy Hands|Fake Out|p2b: Noivern\n|-damage|p2b: Noivern|82\/100\n|move|p2a: Toxtricity|Boomburst|p1b: :eatDirt:|[spread] p1a,p1b\n|-activate|p2b: Noivern|ability: Telepathy\n|-resisted|p1b: :eatDirt:\n|-damage|p1a: Floppy Hands|12\/100\n|-damage|p1b: :eatDirt:|71\/100\n|-enditem|p2a: Toxtricity|Throat Spray\n|-boost|p2a: Toxtricity|spa|1|[from] item: Throat Spray\n|move|p1b: :eatDirt:|Shed Tail|p1b: :eatDirt:\n|-start|p1b: :eatDirt:|Substitute|[from] move: Shed Tail\n|-damage|p1b: :eatDirt:|21\/100\n|-enditem|p1b: :eatDirt:|Sitrus Berry|[eat]\n|-heal|p1b: :eatDirt:|46\/100|[from] item: Sitrus Berry\n|\n|t:|1700284851\n|switch|p1b: Live Reaction|Wo-Chien, L50|100\/100|[from] Shed Tail\n|-ability|p1b: Live Reaction|Tablets of Ruin\n|\n|upkeep\n|turn|2\n|c| angelicism|LIVE WO CHIEN REACTION !!\n|\n|t:|1700284885\n|move|p1a: Floppy Hands|Wide Guard|p1a: Floppy Hands\n|-singleturn|p1a: Floppy Hands|Wide Guard\n|move|p2a: Toxtricity|Boomburst|p1a: Floppy Hands|[spread] \n|-activate|p1a: Floppy Hands|move: Wide Guard\n|-activate|p1b: Live Reaction|move: Wide Guard\n|-activate|p2b: Noivern|ability: Telepathy\n|move|p1b: Live Reaction|Leech Seed|p2b: Noivern\n|-start|p2b: Noivern|move: Leech Seed\n|move|p2b: Noivern|Whirlwind|p1b: Live Reaction\n|drag|p1b: Cerulean|Ceruledge, L50, M|100\/100\n|\n|-damage|p2b: Noivern|69\/100|[from] Leech Seed|[of] p1b: Cerulean\n|upkeep\n|turn|3\n|c| Teekin|BRO\n|c| angelicism|i am losing my mind\n|\n|t:|1700284921\n|switch|p2b: Pincurchin|Pincurchin, L50, F|100\/100\n|-fieldstart|move: Electric Terrain|[from] ability: Electric Surge|[of] p2b: Pincurchin\n|move|p1b: Cerulean|Protect|p1b: Cerulean\n|-singleturn|p1b: Cerulean|Protect\n|move|p2a: Toxtricity|Protect|p2a: Toxtricity\n|-singleturn|p2a: Toxtricity|Protect\n|move|p1a: Floppy Hands|U-turn|p2a: Toxtricity\n|-activate|p2a: Toxtricity|move: Protect\n|\n|upkeep\n|turn|4\n|\n|t:|1700284971\n|move|p1b: Cerulean|Protect||[still]\n|-fail|p1b: Cerulean\n|move|p1a: Floppy Hands|Close Combat|p2b: Pincurchin\n|-damage|p2b: Pincurchin|28\/100\n|-unboost|p1a: Floppy Hands|def|1\n|-unboost|p1a: Floppy Hands|spd|1\n|move|p2a: Toxtricity|Boomburst|p1b: Cerulean|[spread] p2b,p1a\n|-immune|p1b: Cerulean\n|-damage|p2b: Pincurchin|0 fnt\n|-damage|p1a: Floppy Hands|0 fnt\n|faint|p2b: Pincurchin\n|faint|p1a: Floppy Hands\n|\n|upkeep\n|\n|t:|1700284985\n|switch|p1a: Live Reaction|Wo-Chien, L50|100\/100\n|switch|p2b: Electrode|Electrode-Hisui, L50|100\/100\n|-ability|p1a: Live Reaction|Tablets of Ruin\n|turn|5\n|\n|t:|1700285010\n|-terastallize|p1b: Cerulean|Grass\n|move|p2b: Electrode|Taunt|p1a: Live Reaction\n|-start|p1a: Live Reaction|move: Taunt\n|move|p1b: Cerulean|Bitter Blade|p2b: Electrode\n|-supereffective|p2b: Electrode\n|-enditem|p2b: Electrode|Focus Sash\n|-damage|p2b: Electrode|1\/100\n|move|p2a: Toxtricity|Boomburst|p1a: Live Reaction|[spread] p1a,p1b\n|-immune|p2b: Electrode|[from] ability: Soundproof\n|-crit|p1a: Live Reaction\n|-damage|p1a: Live Reaction|39\/100\n|-damage|p1b: Cerulean|38\/100\n|move|p1a: Live Reaction|Foul Play|p2b: Electrode\n|-damage|p2b: Electrode|0 fnt\n|faint|p2b: Electrode\n|\n|-heal|p1b: Cerulean|44\/100|[from] item: Leftovers\n|upkeep\n|\n|t:|1700285026\n|switch|p2b: Noivern|Noivern, L50, F|69\/100\n|turn|6\n|\n|t:|1700285038\n|switch|p1a: :eatDirt:|Orthworm, L50, M|46\/100\n|move|p1b: Cerulean|Protect|p1b: Cerulean\n|-singleturn|p1b: Cerulean|Protect\n|move|p2b: Noivern|Tailwind|p2b: Noivern\n|-sidestart|p2: beewatree|move: Tailwind\n|move|p2a: Toxtricity|Boomburst|p1b: Cerulean|[spread] p1a\n|-activate|p1b: Cerulean|move: Protect\n|-activate|p2b: Noivern|ability: Telepathy\n|-resisted|p1a: :eatDirt:\n|-damage|p1a: :eatDirt:|8\/100\n|\n|-heal|p1b: Cerulean|50\/100|[from] item: Leftovers\n|upkeep\n|turn|7\n|\n|t:|1700285063\n|move|p2b: Noivern|Boomburst|p1b: Cerulean|[spread] p1a,p1b\n|-immune|p2a: Toxtricity\n|-resisted|p1a: :eatDirt:\n|-damage|p1a: :eatDirt:|0 fnt\n|-damage|p1b: Cerulean|24\/100\n|faint|p1a: :eatDirt:\n|move|p2a: Toxtricity|Boomburst|p1b: Cerulean|[spread] p1b\n|-activate|p2b: Noivern|ability: Telepathy\n|-damage|p1b: Cerulean|0 fnt\n|faint|p1b: Cerulean\n|\n|-fieldend|move: Electric Terrain\n|upkeep\n|\n|t:|1700285073\n|switch|p1b: Live Reaction|Wo-Chien, L50|39\/100\n|-ability|p1b: Live Reaction|Tablets of Ruin\n|turn|8\n|\n|t:|1700285084\n|move|p2b: Noivern|Draco Meteor|p1b: Live Reaction\n|-damage|p1b: Live Reaction|9\/100\n|-unboost|p2b: Noivern|spa|2\n|move|p2a: Toxtricity|Boomburst|p1b: Live Reaction|[spread] p1b\n|-activate|p2b: Noivern|ability: Telepathy\n|-damage|p1b: Live Reaction|0 fnt\n|faint|p1b: Live Reaction\n|\n|win|beewatree\n|c|&|\/uhtml prompt-beewatree,beewatree is ready for game 3!\n|c|&|\/uhtml prompt-prismaace,PrismaAce is ready for game 3!\nBoth players are ready! Starting next match!\n|l| angelicism\n","uploadtime":1700285146,"views":11,"p1id":"prismaace","p2id":"beewatree","formatid":"gen9vgc2023regulatione","rating":0,"private":0,"password":""}