{"id":"gen9vgc2023regulatione-1999971803","p1":"F3EF0O","p2":"HHHILer","format":"[Gen 9] VGC 2023 Regulation E","log":"|j|\u2606F3EF0O\n|j|\u2606HHHILer\n|t:|1701136165\n|gametype|doubles\n|player|p1|F3EF0O|2|1215\n|player|p2|HHHILer|2|1234\n|teamsize|p1|6\n|teamsize|p2|6\n|gen|9\n|tier|[Gen 9] VGC 2023 Regulation E\n|rated|\n|rule|Species Clause: Limit one of each Pok\u00e9mon\n|rule|Item Clause: Limit one of each item\n|clearpoke\n|poke|p1|Iron Bundle, L50|\n|poke|p1|Ninetales-Alola, L50, F|\n|poke|p1|Dachsbun, L50, M|\n|poke|p1|Chi-Yu, L50|\n|poke|p1|Heatran, L50, F|\n|poke|p1|Rillaboom, L50, F|\n|poke|p2|Spectrier, L50|\n|poke|p2|Kingambit, L50, M|\n|poke|p2|Tornadus, L50, M|\n|poke|p2|Urshifu-*, L50, M|\n|poke|p2|Iron Hands, L50|\n|poke|p2|Flutter Mane, L50|\n|teampreview|4\n|inactive|Battle timer is ON: inactive players will automatically lose when time's up. (requested by F3EF0O)\n|\n|t:|1701136181\n|start\n|switch|p1a: Duck|Iron Bundle, L50|100\/100\n|switch|p1b: Dachsbun Hater|Ninetales-Alola, L50, F|100\/100\n|switch|p2a: Tornadus|Tornadus, L50, M|100\/100\n|switch|p2b: Urshifu|Urshifu-Rapid-Strike, L50, M|100\/100\n|-weather|Snow|[from] ability: Snow Warning|[of] p1b: Dachsbun Hater\n|-enditem|p1a: Duck|Booster Energy\n|-activate|p1a: Duck|ability: Quark Drive|[fromitem]\n|-start|p1a: Duck|quarkdrivespe\n|turn|1\n|\n|t:|1701136193\n|move|p2a: Tornadus|Rain Dance|p2a: Tornadus\n|-weather|RainDance\n|move|p1a: Duck|Blizzard|p2b: Urshifu|[spread] p2a,p2b\n|-supereffective|p2a: Tornadus\n|-crit|p2a: Tornadus\n|-resisted|p2b: Urshifu\n|-damage|p2a: Tornadus|0 fnt\n|-damage|p2b: Urshifu|70\/100\n|-status|p2b: Urshifu|frz\n|faint|p2a: Tornadus\n|-curestatus|p2b: Urshifu|frz|[msg]\n|move|p2b: Urshifu|Close Combat|p1a: Duck\n|-supereffective|p1a: Duck\n|-damage|p1a: Duck|0 fnt\n|-unboost|p2b: Urshifu|def|1\n|-unboost|p2b: Urshifu|spd|1\n|faint|p1a: Duck\n|-end|p1a: Duck|Quark Drive|[silent]\n|move|p1b: Dachsbun Hater|Aurora Veil||[still]\n|-fail|p1b: Dachsbun Hater\n|\n|-weather|RainDance|[upkeep]\n|upkeep\n|c|\u2606F3EF0O|that was a great turn\n|c|\u2606F3EF0O|but it thawed out\n|c|\u2606F3EF0O|annoyingly\n|\n|t:|1701136217\n|switch|p1a: Best Of All Boys|Dachsbun, L50, M|100\/100\n|switch|p2a: Spectrier|Spectrier, L50|100\/100\n|turn|2\n|\n|t:|1701136228\n|switch|p1b: Dog Walker|Heatran, L50, F|100\/100\n|move|p2a: Spectrier|Shadow Ball|p1a: Best Of All Boys\n|-damage|p1a: Best Of All Boys|68\/100\n|move|p2b: Urshifu|Surging Strikes|p1a: Best Of All Boys\n|-crit|p1a: Best Of All Boys\n|-damage|p1a: Best Of All Boys|40\/100\n|-crit|p1a: Best Of All Boys\n|-damage|p1a: Best Of All Boys|12\/100\n|-crit|p1a: Best Of All Boys\n|-damage|p1a: Best Of All Boys|0 fnt\n|faint|p1a: Best Of All Boys\n|-hitcount|p1: Best Of All Boys|3\n|\n|-weather|RainDance|[upkeep]\n|upkeep\n|c|\u2606F3EF0O|also made a mistake sadly\n|\n|t:|1701136238\n|switch|p1a: Dachsbun Hater|Ninetales-Alola, L50, F|100\/100\n|-weather|Snow|[from] ability: Snow Warning|[of] p1a: Dachsbun Hater\n|turn|3\n|inactive|F3EF0O has 30 seconds left.\n|\n|t:|1701136265\n|-terastallize|p1b: Dog Walker|Fairy\n|move|p2a: Spectrier|Snarl|p1b: Dog Walker|[spread] p1a,p1b\n|-resisted|p1a: Dachsbun Hater\n|-resisted|p1b: Dog Walker\n|-damage|p1a: Dachsbun Hater|94\/100\n|-damage|p1b: Dog Walker|95\/100\n|-unboost|p1a: Dachsbun Hater|spa|1\n|-unboost|p1b: Dog Walker|spa|1\n|move|p2b: Urshifu|Surging Strikes|p1a: Dachsbun Hater\n|-crit|p1a: Dachsbun Hater\n|-damage|p1a: Dachsbun Hater|78\/100\n|-crit|p1a: Dachsbun Hater\n|-damage|p1a: Dachsbun Hater|60\/100\n|-crit|p1a: Dachsbun Hater\n|-damage|p1a: Dachsbun Hater|43\/100\n|-hitcount|p1a: Dachsbun Hater|3\n|move|p1a: Dachsbun Hater|Blizzard|p2b: Urshifu|[spread] p2a,p2b\n|-resisted|p2b: Urshifu\n|-damage|p2a: Spectrier|84\/100\n|-damage|p2b: Urshifu|52\/100\n|move|p1b: Dog Walker|Heat Wave|p2b: Urshifu|[spread] p2a\n|-miss|p1b: Dog Walker|p2b: Urshifu\n|-damage|p2a: Spectrier|54\/100\n|-damage|p1b: Dog Walker|86\/100|[from] item: Life Orb\n|\n|-weather|Snow|[upkeep]\n|upkeep\n|turn|4\n|inactive|F3EF0O has 30 seconds left.\n|inactive|HHHILer has 30 seconds left.\n|inactive|HHHILer has 20 seconds left.\n|inactive|HHHILer has 15 seconds left.\n|inactive|HHHILer has 10 seconds left.\n|\n|t:|1701136312\n|move|p2a: Spectrier|Snarl|p1a: Dachsbun Hater|[spread] p1a,p1b\n|-resisted|p1a: Dachsbun Hater\n|-resisted|p1b: Dog Walker\n|-damage|p1a: Dachsbun Hater|37\/100\n|-damage|p1b: Dog Walker|80\/100\n|-unboost|p1a: Dachsbun Hater|spa|1\n|-unboost|p1b: Dog Walker|spa|1\n|move|p2b: Urshifu|Surging Strikes|p1a: Dachsbun Hater\n|-crit|p1a: Dachsbun Hater\n|-damage|p1a: Dachsbun Hater|19\/100\n|-crit|p1a: Dachsbun Hater\n|-damage|p1a: Dachsbun Hater|3\/100\n|-crit|p1a: Dachsbun Hater\n|-damage|p1a: Dachsbun Hater|0 fnt\n|faint|p1a: Dachsbun Hater\n|-hitcount|p1: Dachsbun Hater|3\n|move|p1b: Dog Walker|Heat Wave|p2a: Spectrier|[spread] p2a,p2b\n|-resisted|p2b: Urshifu\n|-damage|p2a: Spectrier|30\/100\n|-damage|p2b: Urshifu|23\/100\n|-enditem|p2a: Spectrier|Sitrus Berry|[eat]\n|-heal|p2a: Spectrier|55\/100|[from] item: Sitrus Berry\n|-damage|p1b: Dog Walker|71\/100|[from] item: Life Orb\n|\n|-weather|Snow|[upkeep]\n|upkeep\n|turn|5\n|c|\u2606F3EF0O|that snarl is a pain\n|\n|t:|1701136335\n|move|p2a: Spectrier|Shadow Ball|p1b: Dog Walker\n|-damage|p1b: Dog Walker|42\/100\n|move|p2b: Urshifu|Surging Strikes|p1b: Dog Walker\n|-crit|p1b: Dog Walker\n|-damage|p1b: Dog Walker|25\/100\n|-crit|p1b: Dog Walker\n|-damage|p1b: Dog Walker|8\/100\n|-crit|p1b: Dog Walker\n|-damage|p1b: Dog Walker|0 fnt\n|faint|p1b: Dog Walker\n|-hitcount|p1: Dog Walker|3\n|\n|win|HHHILer\n|raw|F3EF0O's rating: 1215 &rarr; <strong>1191<\/strong><br \/>(-24 for losing)\n|raw|HHHILer's rating: 1234 &rarr; <strong>1258<\/strong><br \/>(+24 for winning)\n|c|\u2606F3EF0O|gg\n|l|\u2606F3EF0O\n|l|\u2606HHHILer\n","uploadtime":1701136521,"views":25,"p1id":"f3ef0o","p2id":"hhhiler","formatid":"gen9vgc2023regulatione","rating":1191,"private":0,"password":""}