{"id":"gen9vgc2023regulatione-1999551474","p1":"willy4598","p2":"Z-pokemaster2000","format":"[Gen 9] VGC 2023 Regulation E","log":"|j|\u2606willy4598\n|j|\u2606Z-pokemaster2000\n|t:|1701095300\n|gametype|doubles\n|player|p1|willy4598|pokemonbreeder-gen4|1233\n|player|p2|Z-pokemaster2000|veteran|1340\n|teamsize|p1|6\n|teamsize|p2|6\n|gen|9\n|tier|[Gen 9] VGC 2023 Regulation E\n|rated|\n|rule|Species Clause: Limit one of each Pok\u00e9mon\n|rule|Item Clause: Limit one of each item\n|clearpoke\n|poke|p1|Okidogi, L50, M|\n|poke|p1|Urshifu-*, L50, F|\n|poke|p1|Chien-Pao, L50|\n|poke|p1|Rillaboom, L50, F|\n|poke|p1|Glimmora, L50, M|\n|poke|p1|Drifblim, L50, M|\n|poke|p2|Rillaboom, L50, F|\n|poke|p2|Okidogi, L50, M|\n|poke|p2|Sinistcha-Masterpiece, L50|\n|poke|p2|Wyrdeer, L50, M|\n|poke|p2|Milotic, L50, M|\n|poke|p2|Ting-Lu, L50|\n|teampreview|4\n|inactive|Battle timer is ON: inactive players will automatically lose when time's up. (requested by Z-pokemaster2000)\n|inactive|willy4598 has 60 seconds left.\n|\n|t:|1701095338\n|start\n|switch|p1a: Okidogi|Okidogi, L50, M|100\/100\n|switch|p1b: Urshifu|Urshifu-Rapid-Strike, L50, F|100\/100\n|switch|p2a: Agent Stag|Wyrdeer, L50, M|100\/100\n|switch|p2b: Agent Dogi|Okidogi, L50, M|100\/100\n|-ability|p2a: Agent Stag|Intimidate|boost\n|-ability|p1a: Okidogi|Guard Dog|boost\n|-boost|p1a: Okidogi|atk|1\n|-unboost|p1b: Urshifu|atk|1\n|turn|1\n|inactive|willy4598 has 30 seconds left.\n|inactive|willy4598 has 20 seconds left.\n|inactive|willy4598 has 15 seconds left.\n|\n|t:|1701095379\n|-terastallize|p1b: Urshifu|Water\n|move|p1b: Urshifu|Surging Strikes|p2a: Agent Stag\n|-crit|p2a: Agent Stag\n|-damage|p2a: Agent Stag|50\/100\n|-crit|p2a: Agent Stag\n|-damage|p2a: Agent Stag|4\/100\n|-crit|p2a: Agent Stag\n|-damage|p2a: Agent Stag|0 fnt\n|faint|p2a: Agent Stag\n|-hitcount|p2: Agent Stag|3\n|move|p1a: Okidogi|Drain Punch|p2b: Agent Dogi\n|-resisted|p2b: Agent Dogi\n|-damage|p2b: Agent Dogi|81\/100\n|move|p2b: Agent Dogi|Bulk Up|p2b: Agent Dogi\n|-boost|p2b: Agent Dogi|atk|1\n|-boost|p2b: Agent Dogi|def|1\n|\n|-heal|p2b: Agent Dogi|87\/100|[from] item: Leftovers\n|upkeep\n|\n|t:|1701095384\n|switch|p2a: Agent Matcha|Sinistcha-Masterpiece, L50, shiny|100\/100\n|-heal|p2b: Agent Dogi|100\/100|[from] ability: Hospitality|[of] p2a: Agent Matcha\n|turn|2\n|inactive|willy4598 has 30 seconds left.\n|inactive|Z-pokemaster2000 has 30 seconds left.\n|\n|t:|1701095419\n|switch|p1b: Chien-Pao|Chien-Pao, L50|100\/100\n|-ability|p1b: Chien-Pao|Sword of Ruin\n|move|p2a: Agent Matcha|Rage Powder|p2a: Agent Matcha\n|-singleturn|p2a: Agent Matcha|move: Rage Powder\n|move|p1a: Okidogi|Bulk Up|p1a: Okidogi\n|-boost|p1a: Okidogi|atk|1\n|-boost|p1a: Okidogi|def|1\n|move|p2b: Agent Dogi|Drain Punch|p1b: Chien-Pao\n|-supereffective|p1b: Chien-Pao\n|-enditem|p1b: Chien-Pao|Focus Sash\n|-damage|p1b: Chien-Pao|1\/100\n|\n|upkeep\n|turn|3\n|\n|t:|1701095438\n|move|p2a: Agent Matcha|Protect|p2a: Agent Matcha\n|-singleturn|p2a: Agent Matcha|Protect\n|move|p1b: Chien-Pao|Icicle Crash|p2a: Agent Matcha\n|-activate|p2a: Agent Matcha|move: Protect\n|move|p1a: Okidogi|Poison Fang|p2a: Agent Matcha\n|-activate|p2a: Agent Matcha|move: Protect\n|move|p2b: Agent Dogi|Drain Punch|p1b: Chien-Pao\n|-supereffective|p1b: Chien-Pao\n|-damage|p1b: Chien-Pao|0 fnt\n|faint|p1b: Chien-Pao\n|\n|upkeep\n|\n|t:|1701095453\n|switch|p1b: Urshifu|Urshifu-Rapid-Strike, L50, F, tera:Water|100\/100\n|turn|4\n|inactive|willy4598 has 30 seconds left.\n|\n|t:|1701095479\n|move|p2a: Agent Matcha|Rage Powder|p2a: Agent Matcha\n|-singleturn|p2a: Agent Matcha|move: Rage Powder\n|move|p1b: Urshifu|U-turn|p2a: Agent Matcha\n|-damage|p2a: Agent Matcha|61\/100\n|-damage|p1b: Urshifu|84\/100|[from] item: Rocky Helmet|[of] p2a: Agent Matcha\n|\n|t:|1701095484\n|switch|p1b: Rillaboom|Rillaboom, L50, F|100\/100|[from] U-turn\n|-fieldstart|move: Grassy Terrain|[from] ability: Grassy Surge|[of] p1b: Rillaboom\n|move|p1a: Okidogi|Bulk Up|p1a: Okidogi\n|-boost|p1a: Okidogi|atk|1\n|-boost|p1a: Okidogi|def|1\n|move|p2b: Agent Dogi|Drain Punch|p1b: Rillaboom\n|-damage|p1b: Rillaboom|50\/100\n|\n|-heal|p1b: Rillaboom|57\/100|[from] Grassy Terrain\n|-heal|p2a: Agent Matcha|68\/100|[from] Grassy Terrain\n|upkeep\n|turn|5\n|inactive|Z-pokemaster2000 has 30 seconds left.\n|inactive|willy4598 has 30 seconds left.\n|\n|t:|1701095517\n|move|p1a: Okidogi|Protect|p1a: Okidogi\n|-singleturn|p1a: Okidogi|Protect\n|move|p1b: Rillaboom|Fake Out|p2b: Agent Dogi\n|-damage|p2b: Agent Dogi|93\/100\n|cant|p2b: Agent Dogi|flinch\n|move|p2a: Agent Matcha|Matcha Gotcha|p1b: Rillaboom|[spread] p1b\n|-activate|p1a: Okidogi|move: Protect\n|-resisted|p1b: Rillaboom\n|-damage|p1b: Rillaboom|43\/100\n|-heal|p2a: Agent Matcha|75\/100|[from] drain|[of] p1b: Rillaboom\n|\n|-heal|p1b: Rillaboom|49\/100|[from] Grassy Terrain\n|-heal|p2b: Agent Dogi|99\/100|[from] Grassy Terrain\n|-heal|p2b: Agent Dogi|100\/100|[from] item: Leftovers\n|-heal|p2a: Agent Matcha|82\/100|[from] Grassy Terrain\n|upkeep\n|turn|6\n|\n|t:|1701095539\n|move|p2a: Agent Matcha|Protect|p2a: Agent Matcha\n|-singleturn|p2a: Agent Matcha|Protect\n|move|p1b: Rillaboom|U-turn|p2a: Agent Matcha\n|-activate|p2a: Agent Matcha|move: Protect\n|move|p1a: Okidogi|Poison Fang|p2a: Agent Matcha\n|-activate|p2a: Agent Matcha|move: Protect\n|move|p2b: Agent Dogi|Poison Jab|p1b: Rillaboom\n|-supereffective|p1b: Rillaboom\n|-damage|p1b: Rillaboom|0 fnt\n|faint|p1b: Rillaboom\n|\n|-heal|p2a: Agent Matcha|88\/100|[from] Grassy Terrain\n|upkeep\n|\n|t:|1701095554\n|switch|p1b: Urshifu|Urshifu-Rapid-Strike, L50, F, tera:Water|84\/100\n|turn|7\n|inactive|Z-pokemaster2000 has 30 seconds left.\n|inactive|willy4598 has 30 seconds left.\n|\n|t:|1701095592\n|move|p1b: Urshifu|Close Combat|p2a: Agent Matcha\n|-immune|p2a: Agent Matcha\n|move|p1a: Okidogi|Poison Fang|p2a: Agent Matcha\n|-damage|p2a: Agent Matcha|31\/100\n|-damage|p1a: Okidogi|84\/100|[from] item: Rocky Helmet|[of] p2a: Agent Matcha\n|move|p2b: Agent Dogi|Drain Punch|p1b: Urshifu\n|-damage|p1b: Urshifu|35\/100\n|move|p2a: Agent Matcha|Matcha Gotcha|p1a: Okidogi|[spread] p1a,p1b\n|-resisted|p1a: Okidogi\n|-supereffective|p1b: Urshifu\n|-damage|p1a: Okidogi|68\/100\n|-heal|p2a: Agent Matcha|40\/100|[from] drain|[of] p1a: Okidogi\n|-damage|p1b: Urshifu|0 fnt\n|-heal|p2a: Agent Matcha|59\/100|[from] drain|[of] p1b: Urshifu\n|-status|p1a: Okidogi|brn\n|faint|p1b: Urshifu\n|\n|-heal|p1a: Okidogi|74\/100 brn|[from] Grassy Terrain\n|-heal|p1a: Okidogi|80\/100 brn|[from] item: Leftovers\n|-heal|p2a: Agent Matcha|65\/100|[from] Grassy Terrain\n|-damage|p1a: Okidogi|74\/100 brn|[from] brn\n|upkeep\n|turn|8\n|inactive|willy4598 has 30 seconds left.\n|inactive|Z-pokemaster2000 has 30 seconds left.\n|\n|t:|1701095618\n|switch|p2a: Agent Clay|Ting-Lu, L50|100\/100\n|-ability|p2a: Agent Clay|Vessel of Ruin\n|move|p1a: Okidogi|Bulk Up|p1a: Okidogi\n|-boost|p1a: Okidogi|atk|1\n|-boost|p1a: Okidogi|def|1\n|move|p2b: Agent Dogi|Bulk Up|p2b: Agent Dogi\n|-boost|p2b: Agent Dogi|atk|1\n|-boost|p2b: Agent Dogi|def|1\n|\n|-heal|p1a: Okidogi|80\/100 brn|[from] Grassy Terrain\n|-heal|p1a: Okidogi|86\/100 brn|[from] item: Leftovers\n|-damage|p1a: Okidogi|80\/100 brn|[from] brn\n|-fieldend|move: Grassy Terrain\n|upkeep\n|turn|9\n|\n|t:|1701095634\n|-terastallize|p2a: Agent Clay|Poison\n|move|p1a: Okidogi|Drain Punch|p2a: Agent Clay\n|-resisted|p2a: Agent Clay\n|-damage|p2a: Agent Clay|87\/100\n|-heal|p1a: Okidogi|90\/100 brn|[from] drain|[of] p2a: Agent Clay\n|move|p2b: Agent Dogi|Bulk Up|p2b: Agent Dogi\n|-boost|p2b: Agent Dogi|atk|1\n|-boost|p2b: Agent Dogi|def|1\n|move|p2a: Agent Clay|Fissure|p1a: Okidogi|[miss]\n|-miss|p2a: Agent Clay|p1a: Okidogi\n|\n|-heal|p1a: Okidogi|96\/100 brn|[from] item: Leftovers\n|-damage|p1a: Okidogi|90\/100 brn|[from] brn\n|upkeep\n|turn|10\n|\n|t:|1701095650\n|move|p2a: Agent Clay|Protect|p2a: Agent Clay\n|-singleturn|p2a: Agent Clay|Protect\n|move|p1a: Okidogi|Bulk Up|p1a: Okidogi\n|-boost|p1a: Okidogi|atk|1\n|-boost|p1a: Okidogi|def|1\n|move|p2b: Agent Dogi|Bulk Up|p2b: Agent Dogi\n|-boost|p2b: Agent Dogi|atk|1\n|-boost|p2b: Agent Dogi|def|1\n|\n|-heal|p1a: Okidogi|96\/100 brn|[from] item: Leftovers\n|-damage|p1a: Okidogi|90\/100 brn|[from] brn\n|upkeep\n|turn|11\n|\n|t:|1701095663\n|move|p1a: Okidogi|Drain Punch|p2b: Agent Dogi\n|-resisted|p2b: Agent Dogi\n|-damage|p2b: Agent Dogi|92\/100\n|-heal|p1a: Okidogi|94\/100 brn|[from] drain|[of] p2b: Agent Dogi\n|move|p2b: Agent Dogi|Bulk Up|p2b: Agent Dogi\n|-boost|p2b: Agent Dogi|atk|1\n|-boost|p2b: Agent Dogi|def|1\n|move|p2a: Agent Clay|Fissure|p1a: Okidogi\n|-damage|p1a: Okidogi|0 fnt\n|faint|p1a: Okidogi\n|-ohko\n|\n|win|Z-pokemaster2000\n|raw|willy4598's rating: 1233 &rarr; <strong>1215<\/strong><br \/>(-18 for losing)\n|raw|Z-pokemaster2000's rating: 1340 &rarr; <strong>1354<\/strong><br \/>(+14 for winning)\n|c|\u2606Z-pokemaster2000|gg WP\n","uploadtime":1701095680,"views":9,"p1id":"willy4598","p2id":"zpokemaster2000","formatid":"gen9vgc2023regulatione","rating":1215,"private":0,"password":""}