{"id":"gen9vgc2023regulatione-1993537881","p1":"matthewssandslash","p2":"Muy Fuecoco","format":"[Gen 9] VGC 2023 Regulation E","log":"|j|\u2606matthewssandslash\n|j|\u2606Muy Fuecoco\n|n|\u2606matthewssandslash|matthewssandslash\n|n|\u2606Muy Fuecoco|muyfuecoco\n|html|View the match progress at <a href=\"\/game-bestof3-gen9vgc2023regulatione-1993537880\">game-bestof3-gen9vgc2023regulatione-1993537880<\/a>\n|t:|1700329375\n|gametype|doubles\n|player|p1|matthewssandslash|266|\n|player|p2|Muy Fuecoco|ingo|\n|teamsize|p1|6\n|teamsize|p2|6\n|gen|9\n|tier|[Gen 9] VGC 2023 Regulation E\n|rule|Species Clause: Limit one of each Pok\u00e9mon\n|rule|Item Clause: Limit one of each item\n|clearpoke\n|poke|p1|Mesprit, L50|\n|poke|p1|Illumise, L50, F|\n|poke|p1|Enamorus, L50, F|\n|poke|p1|Haxorus, L50, F|\n|poke|p1|Mightyena, L50, F|\n|poke|p1|Donphan, L50, F|\n|poke|p2|Armarouge, L50, F|\n|poke|p2|Indeedee-F, L50, F|\n|poke|p2|Torkoal, L50, F|\n|poke|p2|Lilligant-Hisui, L50, F|\n|poke|p2|Iron Hands, L50|\n|poke|p2|Trevenant, L50, F|\n|teampreview|4\n|c|\u2606Muy Fuecoco|glhf\n|c|\u2606matthewssandslash|glhf!\n|\n|t:|1700329475\n|start\n|switch|p1a: Is|Illumise, L50, F|100\/100\n|switch|p1b: The|Enamorus, L50, F|100\/100\n|switch|p2a: Iron Hands|Iron Hands, L50|100\/100\n|switch|p2b: Trevenant|Trevenant, L50, F|100\/100\n|turn|1\n|\n|t:|1700329521\n|move|p2a: Iron Hands|Fake Out|p1b: The\n|-damage|p1b: The|74\/100\n|move|p1a: Is|Light Screen|p1a: Is\n|-sidestart|p1: matthewssandslash|move: Light Screen\n|cant|p1b: The|flinch\n|move|p2b: Trevenant|Trick Room|p2b: Trevenant\n|-fieldstart|move: Trick Room|[of] p2b: Trevenant\n|\n|upkeep\n|turn|2\n|\n|t:|1700329565\n|switch|p2b: Torkoal|Torkoal, L50, F|100\/100\n|-weather|SunnyDay|[from] ability: Drought|[of] p2b: Torkoal\n|switch|p1a: Mesprit|Mesprit, L50|100\/100\n|switch|p1b: Female|Donphan, L50, F|100\/100\n|move|p2a: Iron Hands|Wild Charge|p1b: Female\n|-immune|p1b: Female\n|\n|-weather|SunnyDay|[upkeep]\n|upkeep\n|turn|3\n|\n|t:|1700329590\n|-terastallize|p2b: Torkoal|Fire\n|-terastallize|p1a: Mesprit|Dragon\n|move|p1b: Female|Protect|p1b: Female\n|-singleturn|p1b: Female|Protect\n|move|p2b: Torkoal|Eruption|p1a: Mesprit|[spread] p1a\n|-activate|p1b: Female|move: Protect\n|-resisted|p1a: Mesprit\n|-damage|p1a: Mesprit|72\/100\n|move|p2a: Iron Hands|Drain Punch|p1b: Female\n|-activate|p1b: Female|move: Protect\n|move|p1a: Mesprit|Trick Room|p1a: Mesprit\n|-fieldend|move: Trick Room\n|\n|-weather|SunnyDay|[upkeep]\n|upkeep\n|turn|4\n|\n|t:|1700329623\n|switch|p2b: Trevenant|Trevenant, L50, F|100\/100\n|move|p1b: Female|Knock Off|p2b: Trevenant\n|-supereffective|p2b: Trevenant\n|-damage|p2b: Trevenant|41\/100\n|-enditem|p2b: Trevenant|Sitrus Berry|[from] move: Knock Off|[of] p1b: Female\n|move|p2a: Iron Hands|Drain Punch|p1a: Mesprit\n|-damage|p1a: Mesprit|35\/100\n|move|p1a: Mesprit|Expanding Force|p2a: Iron Hands\n|-supereffective|p2a: Iron Hands\n|-damage|p2a: Iron Hands|71\/100\n|\n|-weather|SunnyDay|[upkeep]\n|upkeep\n|turn|5\n|\n|t:|1700329649\n|move|p1b: Female|High Horsepower|p2a: Iron Hands\n|-supereffective|p2a: Iron Hands\n|-damage|p2a: Iron Hands|0 fnt\n|faint|p2a: Iron Hands\n|-end|p2a: Iron Hands|Quark Drive|[silent]\n|move|p2b: Trevenant|Will-O-Wisp|p1b: Female|[miss]\n|-miss|p2b: Trevenant|p1b: Female\n|move|p1a: Mesprit|Fling|p2b: Trevenant\n|-supereffective|p2b: Trevenant\n|-damage|p2b: Trevenant|0 fnt\n|-enditem|p1a: Mesprit|Iron Ball|[from] move: Fling\n|faint|p2b: Trevenant\n|\n|-weather|SunnyDay|[upkeep]\n|-sideend|p1: matthewssandslash|move: Light Screen\n|upkeep\n|\n|t:|1700329658\n|switch|p2a: Torkoal|Torkoal, L50, F, tera:Fire|100\/100\n|switch|p2b: Armarouge|Armarouge, L50, F|100\/100\n|turn|6\n|\n|t:|1700329735\n|move|p2b: Armarouge|Heat Wave|p1a: Mesprit|[spread] p1a,p1b\n|-resisted|p1a: Mesprit\n|-damage|p1a: Mesprit|15\/100\n|-damage|p1b: Female|21\/100\n|move|p1a: Mesprit|Expanding Force|p2a: Torkoal\n|-damage|p2a: Torkoal|65\/100\n|move|p1b: Female|High Horsepower|p2b: Armarouge\n|-supereffective|p2b: Armarouge\n|-damage|p2b: Armarouge|0 fnt\n|faint|p2b: Armarouge\n|move|p2a: Torkoal|Heat Wave|p1a: Mesprit|[spread] p1a\n|-miss|p2a: Torkoal|p1b: Female\n|-resisted|p1a: Mesprit\n|-damage|p1a: Mesprit|0 fnt\n|faint|p1a: Mesprit\n|\n|-weather|none\n|upkeep\n|c|\u2606matthewssandslash|dang\n|c|\u2606matthewssandslash|donphan got moves\n|\n|t:|1700329758\n|switch|p1a: The|Enamorus, L50, F|74\/100\n|turn|7\n|c|\u2606matthewssandslash|I promise you\n|c|\u2606matthewssandslash|it isn't bright powder\n|\n|t:|1700329799\n|move|p1a: The|Earth Power|p2a: Torkoal\n|-supereffective|p2a: Torkoal\n|-damage|p2a: Torkoal|0 fnt\n|faint|p2a: Torkoal\n|\n|win|matthewssandslash\n|c|\u2606Muy Fuecoco|gg\n|c|&|\/uhtml prompt-muyfuecoco,Muy Fuecoco is ready for game 2!\n|c|\u2606matthewssandslash|gg\n|c|&|\/uhtml prompt-matthewssandslash,matthewssandslash is ready for game 2!\nBoth players are ready! Starting next match!\n","uploadtime":1700329822,"views":39,"p1id":"matthewssandslash","p2id":"muyfuecoco","formatid":"gen9vgc2023regulatione","rating":0,"private":0,"password":""}