{"id":"gen9vgc2023regulatione-2000535984","p1":"Jaj1992","p2":"MattressMatters","format":"[Gen 9] VGC 2023 Regulation E","log":"|j|\u2606Jaj1992\n|j|\u2606MattressMatters\n|t:|1701203181\n|gametype|doubles\n|player|p1|Jaj1992|170|1063\n|player|p2|MattressMatters|baker|1000\n|teamsize|p1|6\n|teamsize|p2|5\n|gen|9\n|tier|[Gen 9] VGC 2023 Regulation E\n|rated|\n|rule|Species Clause: Limit one of each Pok\u00e9mon\n|rule|Item Clause: Limit one of each item\n|clearpoke\n|poke|p1|Ursaluna, L50, F|\n|poke|p1|Dusclops, L50, F|\n|poke|p1|Landorus-Therian, L50, M|\n|poke|p1|Heatran, L50, F|\n|poke|p1|Spectrier, L50|\n|poke|p1|Regieleki, L50|\n|poke|p2|Iron Hands, L50|\n|poke|p2|Sableye, L50, M|\n|poke|p2|Magcargo, L50, M|\n|poke|p2|Oranguru, L50, F|\n|poke|p2|Kingambit, L50, M|\n|teampreview|4\n|\n|t:|1701203223\n|start\n|switch|p1a: Regieleki|Regieleki, L50|100\/100\n|switch|p1b: Dusclops|Dusclops, L50, F|100\/100\n|switch|p2a: Oranguru|Oranguru, L50, F|100\/100\n|switch|p2b: Sableye|Sableye, L50, M|100\/100\n|-ability|p1b: Dusclops|Pressure\n|turn|1\n|inactive|Battle timer is ON: inactive players will automatically lose when time's up. (requested by Jaj1992)\n|\n|t:|1701203243\n|move|p2b: Sableye|Taunt|p1b: Dusclops\n|-start|p1b: Dusclops|move: Taunt\n|move|p1a: Regieleki|Thunderbolt|p2b: Sableye\n|-damage|p2b: Sableye|51\/100\n|move|p1b: Dusclops|Night Shade|p2b: Sableye\n|-damage|p2b: Sableye|19\/100\n|move|p2a: Oranguru|Trick Room|p2a: Oranguru\n|-fieldstart|move: Trick Room|[of] p2a: Oranguru\n|\n|upkeep\n|turn|2\n|inactive|MattressMatters has 30 seconds left.\n|inactive|MattressMatters has 20 seconds left.\n|\n|t:|1701203281\n|switch|p2a: Magcargo|Magcargo, L50, M|100\/100\n|move|p2b: Sableye|Will-O-Wisp|p1b: Dusclops\n|-status|p1b: Dusclops|brn\n|move|p1b: Dusclops|Night Shade|p2a: Magcargo\n|-damage|p2a: Magcargo|71\/100\n|move|p1a: Regieleki|Thunderbolt|p2b: Sableye\n|-damage|p2b: Sableye|0 fnt\n|faint|p2b: Sableye\n|\n|-damage|p1b: Dusclops|94\/100 brn|[from] brn\n|upkeep\n|\n|t:|1701203298\n|switch|p2b: Kingambit|Kingambit, L50, M|100\/100\n|turn|3\n|\n|t:|1701203310\n|switch|p2b: Oranguru|Oranguru, L50, F|100\/100\n|move|p1b: Dusclops|Night Shade|p2a: Magcargo\n|-damage|p2a: Magcargo|41\/100\n|move|p2a: Magcargo|Shell Smash|p2a: Magcargo\n|-unboost|p2a: Magcargo|def|1\n|-unboost|p2a: Magcargo|spd|1\n|-boost|p2a: Magcargo|atk|2\n|-boost|p2a: Magcargo|spa|2\n|-boost|p2a: Magcargo|spe|2\n|-enditem|p2a: Magcargo|White Herb\n|-activate|p2b: Oranguru|ability: Symbiosis|Weakness Policy|[of] p2a: Magcargo\n|-clearnegativeboost|p2a: Magcargo|[silent]\n|move|p1a: Regieleki|Reflect|p1a: Regieleki\n|-sidestart|p1: Jaj1992|Reflect\n|\n|-damage|p1b: Dusclops|88\/100 brn|[from] brn\n|-end|p1b: Dusclops|move: Taunt\n|upkeep\n|turn|4\n|inactive|Jaj1992 has 30 seconds left.\n|\n|t:|1701203338\n|move|p1b: Dusclops|Haze|p1b: Dusclops\n|-clearallboost\n|move|p2a: Magcargo|Recover|p2a: Magcargo\n|-heal|p2a: Magcargo|91\/100\n|move|p2b: Oranguru|Bulldoze|p1b: Dusclops|[spread] p2a,p1a,p1b\n|-supereffective|p2a: Magcargo\n|-supereffective|p1a: Regieleki\n|-damage|p2a: Magcargo|60\/100\n|-damage|p1a: Regieleki|86\/100\n|-damage|p1b: Dusclops|86\/100 brn\n|-unboost|p2a: Magcargo|spe|1\n|-unboost|p1a: Regieleki|spe|1\n|-unboost|p1b: Dusclops|spe|1\n|-enditem|p2a: Magcargo|Weakness Policy\n|-boost|p2a: Magcargo|atk|2|[from] item: Weakness Policy\n|-boost|p2a: Magcargo|spa|2|[from] item: Weakness Policy\n|move|p1a: Regieleki|Light Screen|p1a: Regieleki\n|-sidestart|p1: Jaj1992|move: Light Screen\n|\n|-damage|p1b: Dusclops|80\/100 brn|[from] brn\n|upkeep\n|turn|5\n|inactive|MattressMatters has 30 seconds left.\n|inactive|MattressMatters has 20 seconds left.\n|inactive|MattressMatters has 15 seconds left.\n|\n|t:|1701203380\n|move|p1b: Dusclops|Haze|p1b: Dusclops\n|-clearallboost\n|move|p2a: Magcargo|Heat Wave|p1a: Regieleki|[spread] p1a,p1b\n|-damage|p1a: Regieleki|54\/100\n|-damage|p1b: Dusclops|69\/100 brn\n|-status|p1a: Regieleki|brn\n|move|p2b: Oranguru|Encore|p1a: Regieleki\n|-start|p1a: Regieleki|Encore\n|move|p1a: Regieleki|Light Screen||[still]\n|-fail|p1a: Regieleki\n|\n|-damage|p1b: Dusclops|62\/100 brn|[from] brn\n|-damage|p1a: Regieleki|48\/100 brn|[from] brn\n|-fieldend|move: Trick Room\n|upkeep\n|turn|6\n|inactive|MattressMatters has 30 seconds left.\n|\n|t:|1701203408\n|switch|p1a: Heatran|Heatran, L50, F|100\/100\n|move|p2a: Magcargo|Recover|p2a: Magcargo\n|-heal|p2a: Magcargo|100\/100\n|move|p1b: Dusclops|Night Shade|p2a: Magcargo\n|-damage|p2a: Magcargo|71\/100\n|move|p2b: Oranguru|Trick Room|p2b: Oranguru\n|-fieldstart|move: Trick Room|[of] p2b: Oranguru\n|\n|-damage|p1b: Dusclops|56\/100 brn|[from] brn\n|upkeep\n|turn|7\n|\n|t:|1701203427\n|move|p1b: Dusclops|Night Shade|p2b: Oranguru\n|-immune|p2b: Oranguru\n|move|p2a: Magcargo|Shell Smash|p2a: Magcargo\n|-unboost|p2a: Magcargo|def|1\n|-unboost|p2a: Magcargo|spd|1\n|-boost|p2a: Magcargo|atk|2\n|-boost|p2a: Magcargo|spa|2\n|-boost|p2a: Magcargo|spe|2\n|move|p2b: Oranguru|Encore|p1b: Dusclops\n|-start|p1b: Dusclops|Encore\n|move|p1a: Heatran|Will-O-Wisp|p2b: Oranguru|[miss]\n|-miss|p1a: Heatran|p2b: Oranguru\n|\n|-damage|p1b: Dusclops|50\/100 brn|[from] brn\n|upkeep\n|turn|8\n|\n|t:|1701203451\n|move|p1b: Dusclops|Night Shade|p2b: Oranguru\n|-immune|p2b: Oranguru\n|move|p2b: Oranguru|Instruct|p2a: Magcargo\n|-singleturn|p2a: Magcargo|move: Instruct|[of] p2b: Oranguru\n|move|p2a: Magcargo|Shell Smash|p2a: Magcargo\n|-unboost|p2a: Magcargo|def|1\n|-unboost|p2a: Magcargo|spd|1\n|-boost|p2a: Magcargo|atk|2\n|-boost|p2a: Magcargo|spa|2\n|-boost|p2a: Magcargo|spe|2\n|move|p2a: Magcargo|Earth Power|p1a: Heatran\n|-supereffective|p1a: Heatran\n|-damage|p1a: Heatran|0 fnt\n|faint|p1a: Heatran\n|\n|-damage|p1b: Dusclops|44\/100 brn|[from] brn\n|upkeep\n|\n|t:|1701203471\n|switch|p1a: Regieleki|Regieleki, L50|48\/100 brn\n|turn|9\n|\n|t:|1701203478\n|move|p1b: Dusclops|Night Shade|p2b: Oranguru\n|-immune|p2b: Oranguru\n|move|p2b: Oranguru|Instruct|p2a: Magcargo\n|-singleturn|p2a: Magcargo|move: Instruct|[of] p2b: Oranguru\n|move|p2a: Magcargo|Earth Power|p1a: Regieleki\n|-supereffective|p1a: Regieleki\n|-damage|p1a: Regieleki|0 fnt\n|faint|p1a: Regieleki\n|move|p2a: Magcargo|Heat Wave|p1b: Dusclops\n|-damage|p1b: Dusclops|0 fnt\n|faint|p1b: Dusclops\n|\n|upkeep\n|-message|Jaj1992 forfeited.\n|\n|win|MattressMatters\n|raw|Jaj1992's rating: 1063 &rarr; <strong>1040<\/strong><br \/>(-23 for losing)\n|raw|MattressMatters's rating: 1000 &rarr; <strong>1047<\/strong><br \/>(+47 for winning)\n|l|\u2606Jaj1992\n","uploadtime":1701203503,"views":3,"p1id":"jaj1992","p2id":"mattressmatters","formatid":"gen9vgc2023regulatione","rating":1040,"private":0,"password":""}