{"id":"gen9vgc2023regulatione-1996462024","p1":"Gunterzilla","p2":"Courtsari","format":"[Gen 9] VGC 2023 Regulation E","log":"|j|\u2606Gunterzilla\n|j|\u2606Courtsari\n|t:|1700684328\n|gametype|doubles\n|player|p1|Gunterzilla|brycenman|1171\n|player|p2|Courtsari|102|1272\n|teamsize|p1|6\n|teamsize|p2|6\n|gen|9\n|tier|[Gen 9] VGC 2023 Regulation E\n|rated|\n|rule|Species Clause: Limit one of each Pok\u00e9mon\n|rule|Item Clause: Limit one of each item\n|clearpoke\n|poke|p1|Flutter Mane, L50|\n|poke|p1|Iron Hands, L50|\n|poke|p1|Ogerpon-Hearthflame, L50, F|\n|poke|p1|Urshifu-*, L50, M|\n|poke|p1|Tornadus, L50, M|\n|poke|p1|Chien-Pao, L50|\n|poke|p2|Arcanine-Hisui, L50, F|\n|poke|p2|Urshifu-*, L50, F|\n|poke|p2|Rillaboom, L50, M|\n|poke|p2|Flutter Mane, L50|\n|poke|p2|Tornadus, L50, M|\n|poke|p2|Chien-Pao, L50|\n|teampreview|4\n|inactive|Battle timer is ON: inactive players will automatically lose when time's up. (requested by Courtsari)\n|\n|t:|1700684375\n|start\n|switch|p1a: Aeolos|Tornadus, L50, M|100\/100\n|switch|p1b: Ogerpon|Ogerpon-Hearthflame, L50, F|100\/100\n|switch|p2a: Tornadus|Tornadus, L50, M|100\/100\n|switch|p2b: Urshifu|Urshifu-Rapid-Strike, L50, F|100\/100\n|-ability|p1b: Ogerpon|Mold Breaker\n|turn|1\n|inactive|Gunterzilla has 30 seconds left.\n|\n|t:|1700684402\n|move|p2b: Urshifu|Detect|p2b: Urshifu\n|-singleturn|p2b: Urshifu|Protect\n|move|p2a: Tornadus|Rain Dance|p2a: Tornadus\n|-weather|RainDance\n|move|p1b: Ogerpon|Wood Hammer|p2b: Urshifu\n|-activate|p2b: Urshifu|move: Protect\n|move|p1a: Aeolos|Icy Wind|p2b: Urshifu|[spread] p2a\n|-activate|p2b: Urshifu|move: Protect\n|-supereffective|p2a: Tornadus\n|-damage|p2a: Tornadus|78\/100\n|\n|-weather|RainDance|[upkeep]\n|upkeep\n|turn|2\n|inactive|Courtsari has 30 seconds left.\n|\n|t:|1700684436\n|switch|p2b: Arcanine|Arcanine-Hisui, L50, F|100\/100\n|-ability|p2b: Arcanine|Intimidate|boost\n|-unboost|p1a: Aeolos|atk|1\n|-unboost|p1b: Ogerpon|atk|1\n|move|p1b: Ogerpon|Wood Hammer|p2b: Arcanine\n|-damage|p2b: Arcanine|42\/100\n|-damage|p1b: Ogerpon|79\/100|[from] Recoil\n|move|p1a: Aeolos|Icy Wind|p2b: Arcanine|[spread] p2a,p2b\n|-supereffective|p2a: Tornadus\n|-crit|p2a: Tornadus\n|-resisted|p2b: Arcanine\n|-damage|p2a: Tornadus|45\/100\n|-damage|p2b: Arcanine|36\/100\n|-unboost|p2b: Arcanine|spe|1\n|move|p2a: Tornadus|Bleakwind Storm|p1a: Aeolos|[spread] p1a,p1b\n|-supereffective|p1b: Ogerpon\n|-damage|p1a: Aeolos|69\/100\n|-damage|p1b: Ogerpon|13\/100\n|\n|-weather|RainDance|[upkeep]\n|upkeep\n|turn|3\n|inactive|Gunterzilla has 30 seconds left.\n|\n|t:|1700684466\n|switch|p1b: Big Slap|Iron Hands, L50|100\/100\n|move|p1a: Aeolos|Tailwind|p1a: Aeolos\n|-sidestart|p1: Gunterzilla|move: Tailwind\n|move|p2a: Tornadus|Bleakwind Storm|p1a: Aeolos|[spread] p1a,p1b\n|-damage|p1a: Aeolos|35\/100\n|-damage|p1b: Big Slap|82\/100\n|-unboost|p1a: Aeolos|spe|1\n|move|p2b: Arcanine|Rock Slide|p1b: Big Slap|[spread] p1a,p1b\n|-supereffective|p1a: Aeolos\n|-resisted|p1b: Big Slap\n|-damage|p1a: Aeolos|0 fnt\n|-damage|p1b: Big Slap|66\/100\n|faint|p1a: Aeolos\n|\n|-weather|RainDance|[upkeep]\n|upkeep\n|\n|t:|1700684490\n|switch|p1a: Chien-Pao|Chien-Pao, L50|100\/100\n|-ability|p1a: Chien-Pao|Sword of Ruin\n|turn|4\n|\n|t:|1700684513\n|switch|p2b: Urshifu|Urshifu-Rapid-Strike, L50, F|100\/100\n|move|p1b: Big Slap|Fake Out|p2b: Urshifu\n|-damage|p2b: Urshifu|80\/100\n|move|p2a: Tornadus|Tailwind|p2a: Tornadus\n|-sidestart|p2: Courtsari|move: Tailwind\n|move|p1a: Chien-Pao|Ice Spinner|p2a: Tornadus\n|-supereffective|p2a: Tornadus\n|-damage|p2a: Tornadus|0 fnt\n|faint|p2a: Tornadus\n|\n|-weather|RainDance|[upkeep]\n|upkeep\n|\n|t:|1700684527\n|switch|p2a: Arcanine|Arcanine-Hisui, L50, F|36\/100\n|-ability|p2a: Arcanine|Intimidate|boost\n|-unboost|p1a: Chien-Pao|atk|1\n|-unboost|p1b: Big Slap|atk|1\n|turn|5\n|\n|t:|1700684549\n|-terastallize|p1a: Chien-Pao|Ghost\n|move|p1a: Chien-Pao|Sucker Punch|p2a: Arcanine\n|-damage|p2a: Arcanine|1\/100\n|move|p2b: Urshifu|Surging Strikes|p1b: Big Slap\n|-crit|p1b: Big Slap\n|-damage|p1b: Big Slap|32\/100\n|-crit|p1b: Big Slap\n|-damage|p1b: Big Slap|0 fnt\n|faint|p1b: Big Slap\n|-end|p1b: Big Slap|Quark Drive|[silent]\n|-hitcount|p1: Big Slap|2\n|move|p2a: Arcanine|Rock Slide|p1a: Chien-Pao|[miss]\n|-miss|p2a: Arcanine|p1a: Chien-Pao\n|\n|-weather|none\n|upkeep\n|\n|t:|1700684565\n|switch|p1b: Ogerpon|Ogerpon-Hearthflame, L50, F|13\/100\n|-ability|p1b: Ogerpon|Mold Breaker\n|turn|6\n|inactive|Gunterzilla has 30 seconds left.\n|inactive|Gunterzilla has 20 seconds left.\n|\n|t:|1700684603\n|move|p2b: Urshifu|Detect|p2b: Urshifu\n|-singleturn|p2b: Urshifu|Protect\n|move|p1a: Chien-Pao|Sucker Punch|p2a: Arcanine\n|-damage|p2a: Arcanine|0 fnt\n|faint|p2a: Arcanine\n|move|p1b: Ogerpon|Wood Hammer|p2b: Urshifu\n|-activate|p2b: Urshifu|move: Protect\n|\n|-sideend|p1: Gunterzilla|move: Tailwind\n|upkeep\n|\n|t:|1700684612\n|switch|p2a: Flutter Mane|Flutter Mane, L50|100\/100\n|turn|7\n|\n|t:|1700684629\n|-terastallize|p2a: Flutter Mane|Fairy\n|move|p2a: Flutter Mane|Dazzling Gleam|p1a: Chien-Pao|[spread] p1a,p1b\n|-resisted|p1b: Ogerpon\n|-damage|p1a: Chien-Pao|2\/100\n|-damage|p1b: Ogerpon|0 fnt\n|faint|p1b: Ogerpon\n|move|p2b: Urshifu|Surging Strikes|p1a: Chien-Pao\n|-crit|p1a: Chien-Pao\n|-damage|p1a: Chien-Pao|0 fnt\n|faint|p1a: Chien-Pao\n|-hitcount|p1: Chien-Pao|1\n|\n|win|Courtsari\n|raw|Gunterzilla's rating: 1171 &rarr; <strong>1153<\/strong><br \/>(-18 for losing)\n|raw|Courtsari's rating: 1272 &rarr; <strong>1290<\/strong><br \/>(+18 for winning)\n|l|\u2606Courtsari\n","uploadtime":1700684845,"views":21,"p1id":"gunterzilla","p2id":"courtsari","formatid":"gen9vgc2023regulatione","rating":1153,"private":0,"password":""}