{"id":"gen9vgc2023regulatione-1998132311","p1":"Abused24","p2":"Lab Gamer","format":"[Gen 9] VGC 2023 Regulation E","log":"|j|\u2606Abused24\n|j|\u2606Lab Gamer\n|n|\u2606Abused24|abused24\n|n|\u2606Lab Gamer|labgamer\n|html|View the match progress at <a href=\"\/game-bestof3-gen9vgc2023regulatione-1998132310\">game-bestof3-gen9vgc2023regulatione-1998132310<\/a>\n|t:|1700897342\n|gametype|doubles\n|player|p1|Abused24|101|\n|player|p2|Lab Gamer|acetrainersnow|\n|teamsize|p1|6\n|teamsize|p2|6\n|gen|9\n|tier|[Gen 9] VGC 2023 Regulation E\n|rule|Species Clause: Limit one of each Pok\u00e9mon\n|rule|Item Clause: Limit one of each item\n|clearpoke\n|poke|p1|Ogerpon-Wellspring, L50, F|\n|poke|p1|Rillaboom, L50, F|\n|poke|p1|Kingambit, L50, M|\n|poke|p1|Arcanine-Hisui, L50, F|\n|poke|p1|Flutter Mane, L50|\n|poke|p1|Tornadus, L50, M|\n|poke|p2|Urshifu-*, L50, M|\n|poke|p2|Arcanine-Hisui, L50, F|\n|poke|p2|Gholdengo, L50|\n|poke|p2|Roaring Moon, L50|\n|poke|p2|Landorus, L50, M|\n|poke|p2|Iron Hands, L50|\n|teampreview|4\nLab Gamer has agreed to open team sheets.\n|c|\u2606Lab Gamer|Can you agree to open OTS?\nAbused24 has agreed to open team sheets.\n|showteam|p1|Ogerpon-Wellspring||WellspringMask|WaterAbsorb|FollowMe,SpikyShield,IvyCudgel,HornLeech|||F|||50|,,,,,Water]Rillaboom||AssaultVest|GrassySurge|FakeOut,WoodHammer,GrassyGlide,HighHorsepower|||F|||50|,,,,,Water]Kingambit||BlackGlasses|Defiant|Protect,SuckerPunch,KowtowCleave,SwordsDance|||M|||50|,,,,,Dark]Arcanine-Hisui||ChoiceBand|Intimidate|RockSlide,FlareBlitz,ExtremeSpeed,TeraBlast|||F|||50|,,,,,Fairy]Flutter Mane||BoosterEnergy|Protosynthesis|ShadowBall,Protect,DazzlingGleam,Moonblast||||||50|,,,,,Fairy]Tornadus||CovertCloak|Prankster|Tailwind,BleakwindStorm,RainDance,Taunt|||M|||50|,,,,,Ghost\n|showteam|p2|Urshifu-Rapid-Strike||MysticWater|UnseenFist|SurgingStrikes,CloseCombat,AquaJet,Protect|||M|||50|,,,,,Water]Arcanine-Hisui||ChoiceBand|Intimidate|RockSlide,FlareBlitz,ExtremeSpeed,TeraBlast|||F|||50|,,,,,Fairy]Gholdengo||Leftovers|GoodasGold|MakeItRain,ShadowBall,NastyPlot,Protect||||||50|,,,,,Dragon]Roaring Moon||BoosterEnergy|Protosynthesis|Tailwind,KnockOff,BreakingSwipe,Protect||||||50|,,,,,Poison]Landorus||LifeOrb|SheerForce|EarthPower,SludgeBomb,SandsearStorm,Protect|||M|||50|,,,,,Poison]Iron Hands||AssaultVest|QuarkDrive|DrainPunch,WildCharge,FakeOut,HeavySlam||||||50|,,,,,Fire\n|c|\u2606Lab Gamer|thanks\n|c|\u2606Abused24|mb cant see chat and game at same time\n|\n|t:|1700897438\n|start\n|switch|p1a: Arcanine|Arcanine-Hisui, L50, F|100\/100\n|switch|p1b: Ogerpon|Ogerpon-Wellspring, L50, F|100\/100\n|switch|p2a: Landorus|Landorus, L50, M|100\/100\n|switch|p2b: Roaring Moon|Roaring Moon, L50|100\/100\n|-ability|p1a: Arcanine|Intimidate|boost\n|-unboost|p2a: Landorus|atk|1\n|-unboost|p2b: Roaring Moon|atk|1\n|-enditem|p2b: Roaring Moon|Booster Energy\n|-activate|p2b: Roaring Moon|ability: Protosynthesis|[fromitem]\n|-start|p2b: Roaring Moon|protosynthesisspe\n|turn|1\n|c|\u2606Lab Gamer|ok\n|\n|t:|1700897491\n|-terastallize|p2a: Landorus|Poison\n|-terastallize|p1a: Arcanine|Fairy\n|move|p1b: Ogerpon|Follow Me|p1b: Ogerpon\n|-singleturn|p1b: Ogerpon|move: Follow Me\n|move|p2b: Roaring Moon|Tailwind|p2b: Roaring Moon\n|-sidestart|p2: Lab Gamer|move: Tailwind\n|move|p2a: Landorus|Sludge Bomb|p1b: Ogerpon\n|-supereffective|p1b: Ogerpon\n|-damage|p1b: Ogerpon|0 fnt\n|faint|p1b: Ogerpon\n|move|p1a: Arcanine|Rock Slide|p2b: Roaring Moon|[spread] p2a,p2b\n|-damage|p2a: Landorus|59\/100\n|-damage|p2b: Roaring Moon|49\/100\n|\n|upkeep\n|\n|t:|1700897506\n|switch|p1b: Rillaboom|Rillaboom, L50, F|100\/100\n|-fieldstart|move: Grassy Terrain|[from] ability: Grassy Surge|[of] p1b: Rillaboom\n|turn|2\n|\n|t:|1700897529\n|-end|p2b: Roaring Moon|Protosynthesis|[silent]\n|switch|p2b: Iron Hands|Iron Hands, L50|100\/100\n|move|p2a: Landorus|Protect|p2a: Landorus\n|-singleturn|p2a: Landorus|Protect\n|move|p1b: Rillaboom|Fake Out|p2a: Landorus\n|-activate|p2a: Landorus|move: Protect\n|move|p1a: Arcanine|Rock Slide|p2b: Iron Hands|[spread] p2b\n|-activate|p2a: Landorus|move: Protect\n|-resisted|p2b: Iron Hands\n|-damage|p2b: Iron Hands|86\/100\n|\n|-heal|p2a: Landorus|65\/100|[from] Grassy Terrain\n|-heal|p2b: Iron Hands|92\/100|[from] Grassy Terrain\n|upkeep\n|turn|3\n|\n|t:|1700897552\n|switch|p1a: Flutter Mane|Flutter Mane, L50|100\/100\n|-enditem|p1a: Flutter Mane|Booster Energy\n|-activate|p1a: Flutter Mane|ability: Protosynthesis|[fromitem]\n|-start|p1a: Flutter Mane|protosynthesisspa\n|move|p2b: Iron Hands|Fake Out|p1b: Rillaboom\n|-damage|p1b: Rillaboom|86\/100\n|move|p2a: Landorus|Sludge Bomb|p1a: Flutter Mane\n|-damage|p1a: Flutter Mane|38\/100\n|cant|p1b: Rillaboom|flinch\n|\n|-heal|p2a: Landorus|71\/100|[from] Grassy Terrain\n|-heal|p1a: Flutter Mane|44\/100|[from] Grassy Terrain\n|-heal|p2b: Iron Hands|98\/100|[from] Grassy Terrain\n|-heal|p1b: Rillaboom|92\/100|[from] Grassy Terrain\n|upkeep\n|turn|4\n|\n|t:|1700897585\n|switch|p2a: Roaring Moon|Roaring Moon, L50|49\/100\n|-end|p2b: Iron Hands|Quark Drive|[silent]\n|switch|p2b: Gholdengo|Gholdengo, L50|100\/100\n|move|p1a: Flutter Mane|Protect|p1a: Flutter Mane\n|-singleturn|p1a: Flutter Mane|Protect\n|move|p1b: Rillaboom|High Horsepower|p2a: Roaring Moon\n|-damage|p2a: Roaring Moon|8\/100\n|\n|-heal|p2a: Roaring Moon|14\/100|[from] Grassy Terrain\n|-heal|p1a: Flutter Mane|50\/100|[from] Grassy Terrain\n|-heal|p1b: Rillaboom|98\/100|[from] Grassy Terrain\n|-sideend|p2: Lab Gamer|move: Tailwind\n|upkeep\n|turn|5\n|\n|t:|1700897604\n|move|p1b: Rillaboom|Grassy Glide|p2a: Roaring Moon\n|-resisted|p2a: Roaring Moon\n|-crit|p2a: Roaring Moon\n|-damage|p2a: Roaring Moon|0 fnt\n|faint|p2a: Roaring Moon\n|-end|p2a: Roaring Moon|Protosynthesis|[silent]\n|move|p1a: Flutter Mane|Shadow Ball|p2b: Gholdengo\n|-supereffective|p2b: Gholdengo\n|-damage|p2b: Gholdengo|0 fnt\n|faint|p2b: Gholdengo\n|\n|-heal|p1a: Flutter Mane|56\/100|[from] Grassy Terrain\n|-heal|p1b: Rillaboom|100\/100|[from] Grassy Terrain\n|upkeep\n|\n|t:|1700897613\n|switch|p2a: Iron Hands|Iron Hands, L50|98\/100\n|switch|p2b: Landorus|Landorus, L50, M, tera:Poison|71\/100\n|turn|6\n|\n|t:|1700897657\n|move|p2a: Iron Hands|Fake Out|p1a: Flutter Mane\n|-immune|p1a: Flutter Mane\n|move|p1a: Flutter Mane|Shadow Ball|p2b: Landorus\n|-damage|p2b: Landorus|3\/100\n|move|p2b: Landorus|Sludge Bomb|p1a: Flutter Mane\n|-damage|p1a: Flutter Mane|0 fnt\n|faint|p1a: Flutter Mane\n|-end|p1a: Flutter Mane|Protosynthesis|[silent]\n|move|p1b: Rillaboom|High Horsepower|p2b: Landorus\n|-supereffective|p2b: Landorus\n|-damage|p2b: Landorus|0 fnt\n|faint|p2b: Landorus\n|\n|-heal|p2a: Iron Hands|100\/100|[from] Grassy Terrain\n|-fieldend|move: Grassy Terrain\n|upkeep\n|\n|t:|1700897673\n|switch|p1a: Arcanine|Arcanine-Hisui, L50, F, tera:Fairy|100\/100\n|-ability|p1a: Arcanine|Intimidate|boost\n|-unboost|p2a: Iron Hands|atk|1\n|turn|7\n|-message|Lab Gamer forfeited.\n|\n|win|Abused24\n|c|&|\/uhtml prompt-labgamer,Lab Gamer is ready for game 2!\n|inactive|Abused24 has 50 seconds to confirm battle start!\n","uploadtime":1700897699,"views":3,"p1id":"abused24","p2id":"labgamer","formatid":"gen9vgc2023regulatione","rating":0,"private":0,"password":""}