{"id":"gen9vgc2023regulatione-1995703246","p1":"namboyVGC","p2":"Lbbones","format":"[Gen 9] VGC 2023 Regulation E","log":"|j|\u2606namboyVGC\n|j|\u2606Lbbones\n|n|\u2606namboyVGC|namboyvgc\n|n|\u2606Lbbones|lbbones\n|html|View the match progress at <a href=\"\/game-bestof3-gen9vgc2023regulatione-1995703245\">game-bestof3-gen9vgc2023regulatione-1995703245<\/a>\n|t:|1700595390\n|gametype|doubles\n|player|p1|namboyVGC|youngster-gen4dp|\n|player|p2|Lbbones|marshal|\n|teamsize|p1|6\n|teamsize|p2|6\n|gen|9\n|tier|[Gen 9] VGC 2023 Regulation E\n|rule|Species Clause: Limit one of each Pok\u00e9mon\n|rule|Item Clause: Limit one of each item\n|clearpoke\n|poke|p1|Farigiraf, L50, F|\n|poke|p1|Gholdengo, L50|\n|poke|p1|Ogerpon-Wellspring, L50, F|\n|poke|p1|Iron Hands, L50|\n|poke|p1|Roaring Moon, L50|\n|poke|p1|Ursaluna-Bloodmoon, L50, M|\n|poke|p2|Tornadus, L50, M|\n|poke|p2|Mamoswine, L50, F|\n|poke|p2|Flutter Mane, L50|\n|poke|p2|Chi-Yu, L50|\n|poke|p2|Ogerpon-Wellspring, L50, F|\n|poke|p2|Iron Hands, L50|\n|teampreview|4\n|inactive|Battle timer is ON: inactive players will automatically lose when time's up. (requested by namboyVGC)\nnamboyVGC has agreed to open team sheets.\n|inactive|namboyVGC has 60 seconds left.\n|inactive|Lbbones has 60 seconds left.\n|\n|t:|1700595439\n|start\n|switch|p1a: Roaring Moon|Roaring Moon, L50|100\/100\n|switch|p1b: Ogerpon|Ogerpon-Wellspring, L50, F|100\/100\n|switch|p2a: Iron Hands|Iron Hands, L50|100\/100\n|switch|p2b: Flutter Mane|Flutter Mane, L50|100\/100\n|-enditem|p1a: Roaring Moon|Booster Energy\n|-activate|p1a: Roaring Moon|ability: Protosynthesis|[fromitem]\n|-start|p1a: Roaring Moon|protosynthesisspe\n|turn|1\n|inactive|Lbbones has 30 seconds left.\n|\n|t:|1700595466\n|-terastallize|p2b: Flutter Mane|Fairy\n|move|p1a: Roaring Moon|Protect|p1a: Roaring Moon\n|-singleturn|p1a: Roaring Moon|Protect\n|move|p1b: Ogerpon|Spiky Shield|p1b: Ogerpon\n|-singleturn|p1b: Ogerpon|move: Protect\n|move|p2a: Iron Hands|Fake Out|p1a: Roaring Moon\n|-activate|p1a: Roaring Moon|move: Protect\n|move|p2b: Flutter Mane|Icy Wind|p1a: Roaring Moon|[spread] \n|-activate|p1a: Roaring Moon|move: Protect\n|-activate|p1b: Ogerpon|move: Protect\n|\n|upkeep\n|turn|2\n|\n|t:|1700595484\n|move|p1a: Roaring Moon|Tailwind|p1a: Roaring Moon\n|-sidestart|p1: namboyVGC|move: Tailwind\n|move|p1b: Ogerpon|Ivy Cudgel|p2b: Flutter Mane|[anim] Ivy Cudgel Water\n|-damage|p2b: Flutter Mane|16\/100\n|move|p2b: Flutter Mane|Dazzling Gleam|p1b: Ogerpon|[spread] p1a,p1b\n|-supereffective|p1a: Roaring Moon\n|-damage|p1a: Roaring Moon|0 fnt\n|-damage|p1b: Ogerpon|52\/100\n|faint|p1a: Roaring Moon\n|-end|p1a: Roaring Moon|Protosynthesis|[silent]\n|move|p2a: Iron Hands|Wild Charge|p1b: Ogerpon\n|-damage|p1b: Ogerpon|0 fnt\n|faint|p1b: Ogerpon\n|-damage|p2a: Iron Hands|92\/100|[from] Recoil\n|\n|upkeep\n|\n|t:|1700595498\n|switch|p1a: Iron Hands|Iron Hands, L50|100\/100\n|switch|p1b: Gholdengo|Gholdengo, L50|100\/100\n|turn|3\n|\n|t:|1700595515\n|move|p1a: Iron Hands|Fake Out|p2b: Flutter Mane\n|-damage|p2b: Flutter Mane|0 fnt\n|faint|p2b: Flutter Mane\n|-end|p2b: Flutter Mane|Protosynthesis|[silent]\n|move|p1b: Gholdengo|Nasty Plot|p1b: Gholdengo\n|-boost|p1b: Gholdengo|spa|2\n|move|p2a: Iron Hands|Drain Punch|p1a: Iron Hands\n|-damage|p1a: Iron Hands|71\/100\n|-heal|p2a: Iron Hands|100\/100|[from] drain|[of] p1a: Iron Hands\n|\n|upkeep\n|\n|t:|1700595528\n|switch|p2b: Ogerpon|Ogerpon-Wellspring, L50, F|100\/100\n|turn|4\n|\n|t:|1700595538\n|move|p1b: Gholdengo|Make It Rain|p2a: Iron Hands|[spread] p2a,p2b\n|-resisted|p2a: Iron Hands\n|-resisted|p2b: Ogerpon\n|-damage|p2a: Iron Hands|66\/100\n|-damage|p2b: Ogerpon|26\/100\n|-unboost|p1b: Gholdengo|spa|1\n|-damage|p1b: Gholdengo|91\/100|[from] item: Life Orb\n|move|p2b: Ogerpon|Ivy Cudgel|p1b: Gholdengo|[anim] Ivy Cudgel Water\n|-damage|p1b: Gholdengo|28\/100\n|move|p1a: Iron Hands|Wild Charge|p2b: Ogerpon\n|-damage|p2b: Ogerpon|0 fnt\n|faint|p2b: Ogerpon\n|-damage|p1a: Iron Hands|67\/100|[from] Recoil\n|move|p2a: Iron Hands|Drain Punch|p1a: Iron Hands\n|-crit|p1a: Iron Hands\n|-damage|p1a: Iron Hands|23\/100\n|-heal|p2a: Iron Hands|90\/100|[from] drain|[of] p1a: Iron Hands\n|\n|upkeep\n|inactive|Lbbones has 30 seconds left.\n|\n|t:|1700595567\n|switch|p2b: Mamoswine|Mamoswine, L50, F|100\/100\n|turn|5\n|inactive|Lbbones has 30 seconds left.\n|\n|t:|1700595595\n|move|p2b: Mamoswine|Ice Shard|p1b: Gholdengo\n|-resisted|p1b: Gholdengo\n|-damage|p1b: Gholdengo|19\/100\n|move|p1b: Gholdengo|Make It Rain|p2a: Iron Hands|[spread] p2a,p2b\n|-resisted|p2a: Iron Hands\n|-supereffective|p2b: Mamoswine\n|-damage|p2a: Iron Hands|67\/100\n|-enditem|p2b: Mamoswine|Focus Sash\n|-damage|p2b: Mamoswine|1\/100\n|-unboost|p1b: Gholdengo|spa|1\n|-damage|p1b: Gholdengo|9\/100|[from] item: Life Orb\n|move|p1a: Iron Hands|Drain Punch|p2a: Iron Hands\n|-damage|p2a: Iron Hands|34\/100\n|-heal|p1a: Iron Hands|38\/100|[from] drain|[of] p2a: Iron Hands\n|move|p2a: Iron Hands|Drain Punch|p1a: Iron Hands\n|-damage|p1a: Iron Hands|9\/100\n|-heal|p2a: Iron Hands|49\/100|[from] drain|[of] p1a: Iron Hands\n|\n|-sideend|p1: namboyVGC|move: Tailwind\n|upkeep\n|turn|6\n|inactive|Lbbones has 30 seconds left.\n|\n|t:|1700595623\n|move|p2b: Mamoswine|Ice Shard|p1b: Gholdengo\n|-resisted|p1b: Gholdengo\n|-damage|p1b: Gholdengo|0 fnt\n|faint|p1b: Gholdengo\n|move|p2a: Iron Hands|Drain Punch|p1a: Iron Hands\n|-damage|p1a: Iron Hands|0 fnt\n|-heal|p2a: Iron Hands|54\/100|[from] drain|[of] p1a: Iron Hands\n|faint|p1a: Iron Hands\n|-end|p1a: Iron Hands|Quark Drive|[silent]\n|\n|win|Lbbones\n|c|&|\/uhtml prompt-namboyvgc,namboyVGC is ready for game 2!\n|inactive|Lbbones has 50 seconds to confirm battle start!\n|c|&|\/uhtml prompt-lbbones,Lbbones is ready for game 2!\nBoth players are ready! Starting next match!\n","uploadtime":1700596056,"views":1,"p1id":"namboyvgc","p2id":"lbbones","formatid":"gen9vgc2023regulatione","rating":0,"private":0,"password":""}