{"id":"gen9vgc2023regulatione-1988185987","p1":"gamemasterv111","p2":"rafaesfuego","format":"[Gen 9] VGC 2023 Regulation E","log":"|j|\u2606gamemasterv111\n|j|\u2606rafaesfuego\n|n|\u2606gamemasterv111|gamemasterv111\n|n|\u2606rafaesfuego|rafaesfuego\n|html|View the match progress at <a href=\"\/game-bestof3-gen9vgc2023regulatione-1988180926\">game-bestof3-gen9vgc2023regulatione-1988180926<\/a>\n|t:|1699681444\n|gametype|doubles\n|player|p1|gamemasterv111|170|\n|player|p2|rafaesfuego|170|\n|teamsize|p1|6\n|teamsize|p2|6\n|gen|9\n|tier|[Gen 9] VGC 2023 Regulation E\n|rule|Species Clause: Limit one of each Pok\u00e9mon\n|rule|Item Clause: Limit one of each item\n|clearpoke\n|poke|p1|Arbok, L50, M|\n|poke|p1|Sinistcha-Masterpiece, L50|\n|poke|p1|Iron Hands, L50|\n|poke|p1|Flutter Mane, L50|\n|poke|p1|Rotom-Heat, L50|\n|poke|p1|Milotic, L50, F|\n|poke|p2|Ogerpon-Hearthflame, L50, F|\n|poke|p2|Tornadus, L50, M|\n|poke|p2|Iron Bundle, L50|\n|poke|p2|Amoonguss, L50, F|\n|poke|p2|Armarouge, L50, M|\n|poke|p2|Flutter Mane, L50|\n|teampreview|4\n|\n|t:|1699681499\n|start\n|switch|p1a: Arbok|Arbok, L50, M, shiny|100\/100\n|switch|p1b: Iron Hands|Iron Hands, L50|100\/100\n|switch|p2a: Ogerpon|Ogerpon-Hearthflame, L50, F|100\/100\n|switch|p2b: Tornadus|Tornadus, L50, M, shiny|100\/100\n|-ability|p2a: Ogerpon|Mold Breaker\n|-ability|p1a: Arbok|Intimidate|boost\n|-unboost|p2a: Ogerpon|atk|1\n|-unboost|p2b: Tornadus|atk|1\n|turn|1\n|\n|t:|1699681543\n|move|p2a: Ogerpon|Spiky Shield|p2a: Ogerpon\n|-singleturn|p2a: Ogerpon|move: Protect\n|move|p1b: Iron Hands|Fake Out|p2a: Ogerpon\n|-activate|p2a: Ogerpon|move: Protect\n|-damage|p1b: Iron Hands|88\/100|[from] Spiky Shield|[of] p2a: Ogerpon\n|move|p2b: Tornadus|Sunny Day|p2b: Tornadus\n|-weather|SunnyDay\n|move|p1a: Arbok|Coil|p1a: Arbok\n|-boost|p1a: Arbok|atk|1\n|-boost|p1a: Arbok|def|1\n|-boost|p1a: Arbok|accuracy|1\n|\n|-weather|SunnyDay|[upkeep]\n|upkeep\n|turn|2\n|\n|t:|1699681573\n|-terastallize|p2a: Ogerpon|Fire\n|detailschange|p2a: Ogerpon|Ogerpon-Hearthflame-Tera, L50, F, tera:Fire\n|-ability|p2a: Ogerpon|Embody Aspect (Hearthflame)|boost\n|-boost|p2a: Ogerpon|atk|1\n|-terastallize|p1a: Arbok|Dragon\n|move|p2b: Tornadus|Bleakwind Storm|p1b: Iron Hands|[spread] p1a,p1b\n|-damage|p1a: Arbok|55\/100\n|-damage|p1b: Iron Hands|74\/100\n|-unboost|p1a: Arbok|spe|1\n|move|p2a: Ogerpon|Ivy Cudgel|p1b: Iron Hands\n|-damage|p1b: Iron Hands|0 fnt\n|faint|p1b: Iron Hands\n|-end|p1b: Iron Hands|Quark Drive|[silent]\n|move|p1a: Arbok|Scale Shot|p2a: Ogerpon\n|-damage|p2a: Ogerpon|83\/100\n|-damage|p2a: Ogerpon|65\/100\n|-damage|p2a: Ogerpon|48\/100\n|-damage|p2a: Ogerpon|30\/100\n|-damage|p2a: Ogerpon|11\/100\n|-hitcount|p2a: Ogerpon|5\n|-unboost|p1a: Arbok|def|1\n|-boost|p1a: Arbok|spe|1\n|\n|-weather|SunnyDay|[upkeep]\n|upkeep\n|\n|t:|1699681596\n|switch|p1b: Flutter Mane|Flutter Mane, L50|100\/100\n|-activate|p1b: Flutter Mane|ability: Protosynthesis\n|-start|p1b: Flutter Mane|protosynthesisspa\n|turn|3\n|\n|t:|1699681609\n|move|p2a: Ogerpon|Spiky Shield|p2a: Ogerpon\n|-singleturn|p2a: Ogerpon|move: Protect\n|move|p2b: Tornadus|Tailwind|p2b: Tornadus\n|-sidestart|p2: rafaesfuego|move: Tailwind\n|move|p1b: Flutter Mane|Icy Wind|p2a: Ogerpon|[spread] p2b\n|-activate|p2a: Ogerpon|move: Protect\n|-supereffective|p2b: Tornadus\n|-damage|p2b: Tornadus|68\/100\n|move|p1a: Arbok|Scale Shot|p2b: Tornadus\n|-damage|p2b: Tornadus|46\/100\n|-damage|p2b: Tornadus|25\/100\n|-damage|p2b: Tornadus|6\/100\n|-damage|p2b: Tornadus|0 fnt\n|faint|p2b: Tornadus\n|-hitcount|p2: Tornadus|4\n|-unboost|p1a: Arbok|def|1\n|-boost|p1a: Arbok|spe|1\n|\n|-weather|SunnyDay|[upkeep]\n|upkeep\n|\n|t:|1699681633\n|switch|p2b: Iron Bundle|Iron Bundle, L50|100\/100\n|-enditem|p2b: Iron Bundle|Booster Energy\n|-activate|p2b: Iron Bundle|ability: Quark Drive|[fromitem]\n|-start|p2b: Iron Bundle|quarkdrivespe\n|turn|4\n|\n|t:|1699681663\n|move|p2b: Iron Bundle|Icy Wind|p1a: Arbok|[spread] p1a,p1b\n|-supereffective|p1a: Arbok\n|-damage|p1a: Arbok|0 fnt\n|-damage|p1b: Flutter Mane|83\/100\n|-unboost|p1b: Flutter Mane|spe|1\n|faint|p1a: Arbok\n|move|p2a: Ogerpon|Ivy Cudgel|p1b: Flutter Mane\n|-damage|p1b: Flutter Mane|0 fnt\n|faint|p1b: Flutter Mane\n|-end|p1b: Flutter Mane|Protosynthesis|[silent]\n|\n|-weather|SunnyDay|[upkeep]\n|upkeep\n|\n|t:|1699681668\n|switch|p1a: Rotom|Rotom-Heat, L50|100\/100\n|turn|5\n|\n|t:|1699681708\n|move|p2b: Iron Bundle|Hydro Pump|p1a: Rotom\n|-supereffective|p1a: Rotom\n|-damage|p1a: Rotom|39\/100\n|move|p2a: Ogerpon|Ivy Cudgel|p1a: Rotom\n|-resisted|p1a: Rotom\n|-crit|p1a: Rotom\n|-damage|p1a: Rotom|0 fnt\n|faint|p1a: Rotom\n|\n|win|rafaesfuego\n|c|\u2606rafaesfuego|Ggs\n|c|\u2606gamemasterv111|ggs\n|c|\u2606rafaesfuego|If there\u2019s one thing I forgot you taught me\n|c|\u2606rafaesfuego|its to use ally switch\n|c|\u2606gamemasterv111|never use ally switch\n|c|\u2606rafaesfuego|Couldnt find the space\n|c|\u2606rafaesfuego|Ally switch cooks bro wym\n|c|\u2606gamemasterv111|but lol you're right, very scummy team\n|c|\u2606rafaesfuego|Like most of them are counters\n|c|\u2606rafaesfuego|flutter counters hands, bundle counters landorus\n|c|\u2606gamemasterv111|smh\n|c|\u2606rafaesfuego|amogus and armarouge are if they use trick room\n|c|\u2606rafaesfuego|tho it feels weird\n|c|\u2606gamemasterv111|smh\n|c|\u2606gamemasterv111|i would just use\n|c|\u2606gamemasterv111|imprison flutter\n|c|\u2606gamemasterv111|with trick\n|c|\u2606rafaesfuego|It wins I just don\u2019t like being scummy\n|c|\u2606rafaesfuego|I want Ogerpon to pop off\n|c|\u2606gamemasterv111|i see\n|c|\u2606rafaesfuego|I have trick room on flutter\n|c|\u2606rafaesfuego|oh you meant imprison\n|c|\u2606rafaesfuego|fuck that\u2019s not a bad idea\n|c|\u2606rafaesfuego|tho it\u2019d lose a move, it\u2019s much more realistic than to leave flutter vulnerable\n|c|\u2606rafaesfuego|Ima move to discord for now\n|l|\u2606gamemasterv111\n","uploadtime":1699681966,"views":25,"p1id":"gamemasterv111","p2id":"rafaesfuego","formatid":"gen9vgc2023regulatione","rating":0,"private":0,"password":""}