{"id":"gen9vgc2023regulatione-1996159400","p1":"nrld","p2":"SoapierMage5794","format":"[Gen 9] VGC 2023 Regulation E","log":"|j|\u2606nrld\n|j|\u2606SoapierMage5794\n|t:|1700652977\n|gametype|doubles\n|player|p1|nrld|266|1379\n|player|p2|SoapierMage5794|170|1317\n|teamsize|p1|6\n|teamsize|p2|6\n|gen|9\n|tier|[Gen 9] VGC 2023 Regulation E\n|rated|\n|rule|Species Clause: Limit one of each Pok\u00e9mon\n|rule|Item Clause: Limit one of each item\n|clearpoke\n|poke|p1|Armarouge, L50, M|\n|poke|p1|Ursaluna-Bloodmoon, L50, M|\n|poke|p1|Iron Hands, L50|\n|poke|p1|Ogerpon, L50, F|\n|poke|p1|Flutter Mane, L50|\n|poke|p1|Indeedee-F, L50, F|\n|poke|p2|Chien-Pao, L50|\n|poke|p2|Dragonite, L50, M|\n|poke|p2|Rillaboom, L50, F|\n|poke|p2|Tornadus, L50, M|\n|poke|p2|Arcanine-Hisui, L50, F|\n|poke|p2|Iron Bundle, L50|\n|teampreview|4\n|inactive|Battle timer is ON: inactive players will automatically lose when time's up. (requested by SoapierMage5794)\n|inactive|nrld has 60 seconds left.\n|\n|t:|1700653009\n|start\n|switch|p1a: Flutter Mane|Flutter Mane, L50|100\/100\n|switch|p1b: Ogerpon|Ogerpon, L50, F|100\/100\n|switch|p2a: Tornadus|Tornadus, L50, M|100\/100\n|switch|p2b: Arcanine|Arcanine-Hisui, L50, F|100\/100\n|-ability|p2b: Arcanine|Intimidate|boost\n|-unboost|p1a: Flutter Mane|atk|1\n|-unboost|p1b: Ogerpon|atk|1\n|-ability|p1b: Ogerpon|Defiant|boost\n|-boost|p1b: Ogerpon|atk|2\n|turn|1\n|\n|t:|1700653031\n|move|p2a: Tornadus|Taunt|p1a: Flutter Mane\n|-start|p1a: Flutter Mane|move: Taunt\n|move|p2b: Arcanine|Flare Blitz|p1b: Ogerpon\n|-supereffective|p1b: Ogerpon\n|-damage|p1b: Ogerpon|0 fnt\n|faint|p1b: Ogerpon\n|-damage|p2b: Arcanine|66\/100|[from] Recoil\n|cant|p1a: Flutter Mane|move: Taunt|Trick Room\n|\n|upkeep\n|\n|t:|1700653044\n|switch|p1b: Redlotus Armor|Armarouge, L50, M|100\/100\n|turn|2\n|\n|t:|1700653050\n|-end|p1a: Flutter Mane|Protosynthesis|[silent]\n|switch|p1a: Meddle|Indeedee-F, L50, F|100\/100\n|-fieldstart|move: Psychic Terrain|[from] ability: Psychic Surge|[of] p1a: Meddle\n|move|p2a: Tornadus|Bleakwind Storm|p1a: Meddle|[spread] p1a,p1b\n|-damage|p1a: Meddle|62\/100\n|-damage|p1b: Redlotus Armor|66\/100\n|-unboost|p1a: Meddle|spe|1\n|-unboost|p1b: Redlotus Armor|spe|1\n|move|p2b: Arcanine|Flare Blitz|p1b: Redlotus Armor\n|-start|p1b: Redlotus Armor|ability: Flash Fire\n|move|p1b: Redlotus Armor|Expanding Force|p2a: Tornadus|[spread] p2a,p2b\n|-damage|p2a: Tornadus|23\/100\n|-damage|p2b: Arcanine|0 fnt\n|faint|p2b: Arcanine\n|\n|upkeep\n|\n|t:|1700653062\n|switch|p2b: Chien-Pao|Chien-Pao, L50|100\/100\n|-ability|p2b: Chien-Pao|Sword of Ruin\n|turn|3\n|\n|t:|1700653086\n|move|p2b: Chien-Pao|Crunch|p1b: Redlotus Armor\n|-supereffective|p1b: Redlotus Armor\n|-damage|p1b: Redlotus Armor|0 fnt\n|faint|p1b: Redlotus Armor\n|move|p2a: Tornadus|Bleakwind Storm|p1a: Meddle\n|-damage|p1a: Meddle|8\/100\n|move|p1a: Meddle|Dazzling Gleam|p2b: Chien-Pao|[spread] p2a,p2b\n|-supereffective|p2b: Chien-Pao\n|-damage|p2a: Tornadus|4\/100\n|-damage|p2b: Chien-Pao|58\/100\n|\n|upkeep\n|\n|t:|1700653089\n|switch|p1b: Flutter Mane|Flutter Mane, L50|100\/100\n|turn|4\n|\n|t:|1700653113\n|move|p2a: Tornadus|Tailwind|p2a: Tornadus\n|-sidestart|p2: SoapierMage5794|move: Tailwind\n|move|p2b: Chien-Pao|Icicle Crash|p1b: Flutter Mane\n|-damage|p1b: Flutter Mane|19\/100\n|move|p1a: Meddle|Dazzling Gleam|p2a: Tornadus|[spread] p2a,p2b\n|-supereffective|p2b: Chien-Pao\n|-damage|p2a: Tornadus|0 fnt\n|-damage|p2b: Chien-Pao|10\/100\n|faint|p2a: Tornadus\n|cant|p1b: Flutter Mane|flinch\n|\n|upkeep\n|\n|t:|1700653123\n|switch|p2a: Dragonite|Dragonite, L50, M|100\/100\n|turn|5\n|\n|t:|1700653142\n|-terastallize|p1b: Flutter Mane|Fairy\n|move|p2b: Chien-Pao|Crunch|p1b: Flutter Mane\n|-resisted|p1b: Flutter Mane\n|-damage|p1b: Flutter Mane|0 fnt\n|faint|p1b: Flutter Mane\n|-end|p1b: Flutter Mane|Protosynthesis|[silent]\n|move|p2a: Dragonite|Aerial Ace|p1a: Meddle\n|-damage|p1a: Meddle|0 fnt\n|-damage|p2a: Dragonite|84\/100|[from] item: Rocky Helmet|[of] p1a: Meddle\n|faint|p1a: Meddle\n|\n|win|SoapierMage5794\n|raw|nrld's rating: 1379 &rarr; <strong>1355<\/strong><br \/>(-24 for losing)\n|raw|SoapierMage5794's rating: 1317 &rarr; <strong>1341<\/strong><br \/>(+24 for winning)\n","uploadtime":1700653153,"views":0,"p1id":"nrld","p2id":"soapiermage5794","formatid":"gen9vgc2023regulatione","rating":1341,"private":0,"password":""}