{"id":"gen9vgc2023regulatione-1990812801","p1":"aidan amoongus","p2":"Guigoh7","format":"[Gen 9] VGC 2023 Regulation E","log":"|j|\u2606aidan amoongus\n|j|\u2606Guigoh7\n|t:|1700003401\n|gametype|doubles\n|player|p1|aidan amoongus|169|1000\n|player|p2|Guigoh7|red|1098\n|teamsize|p1|6\n|teamsize|p2|6\n|gen|9\n|tier|[Gen 9] VGC 2023 Regulation E\n|rated|\n|rule|Species Clause: Limit one of each Pok\u00e9mon\n|rule|Item Clause: Limit one of each item\n|clearpoke\n|poke|p1|Shiftry, L50, F|\n|poke|p1|Drifblim, L50, F|\n|poke|p1|Gardevoir, L50, M|\n|poke|p1|Weezing-Galar, L50, F|\n|poke|p1|Krookodile, L50, F|\n|poke|p1|Lucario, L50, M|\n|poke|p2|Arcanine-Hisui, L50, M|\n|poke|p2|Garchomp, L50, M|\n|poke|p2|Breloom, L50, M|\n|poke|p2|Tornadus, L50, M|\n|poke|p2|Gastrodon, L50, M|\n|poke|p2|Sylveon, L50, M|\n|teampreview|4\n|inactive|Battle timer is ON: inactive players will automatically lose when time's up. (requested by Guigoh7)\naidan amoongus has agreed to open team sheets.\n|inactive|aidan amoongus has 60 seconds left.\n|inactive|Guigoh7 has 60 seconds left.\n|inactive|aidan amoongus has 30 seconds left.\n|inactive|Guigoh7 has 30 seconds left.\n|inactive|aidan amoongus has 20 seconds left.\n|inactive|aidan amoongus has 15 seconds left.\n|\n|t:|1700003478\n|start\n|switch|p1a: Shiftry|Shiftry, L50, F, shiny|100\/100\n|switch|p1b: Drifblim|Drifblim, L50, F, shiny|100\/100\n|switch|p2a: Tornadus|Tornadus, L50, M|100\/100\n|switch|p2b: Gastrodon|Gastrodon, L50, M|100\/100\n|turn|1\n|inactive|Guigoh7 has 30 seconds left.\n|\n|t:|1700003505\n|switch|p2b: Sylveon|Sylveon, L50, M|100\/100\n|move|p2a: Tornadus|Rain Dance|p2a: Tornadus\n|-weather|RainDance\n|move|p1a: Shiftry|Taunt|p2a: Tornadus\n|-start|p2a: Tornadus|move: Taunt\n|move|p1b: Drifblim|Tailwind|p1b: Drifblim\n|-sidestart|p1: aidan amoongus|move: Tailwind\n|-ability|p1a: Shiftry|Wind Rider|boost\n|-boost|p1a: Shiftry|atk|1\n|\n|-weather|RainDance|[upkeep]\n|upkeep\n|turn|2\n|\n|t:|1700003526\n|move|p1b: Drifblim|Helping Hand|p1a: Shiftry\n|-singleturn|p1a: Shiftry|Helping Hand|[of] p1b: Drifblim\n|move|p1a: Shiftry|Explosion|p2b: Sylveon|[spread] p2a,p2b\n|-immune|p1b: Drifblim\n|-damage|p2a: Tornadus|0 fnt\n|-damage|p2b: Sylveon|0 fnt\n|faint|p1a: Shiftry\n|faint|p2a: Tornadus\n|faint|p2b: Sylveon\n|\n|-weather|RainDance|[upkeep]\n|upkeep\n|\n|t:|1700003538\n|switch|p1a: Gardevoir|Gardevoir, L50, M, shiny|100\/100\n|switch|p2a: Gastrodon|Gastrodon, L50, M|100\/100\n|switch|p2b: Breloom|Breloom, L50, M|100\/100\n|turn|3\n|inactive|Guigoh7 has 30 seconds left.\n|\n|t:|1700003568\n|-terastallize|p1b: Drifblim|Normal\n|move|p1a: Gardevoir|Shadow Sneak|p1b: Drifblim\n|-immune|p1b: Drifblim\n|move|p1b: Drifblim|Explosion|p2a: Gastrodon|[spread] p2a,p2b\n|-activate|p1a: Gardevoir|ability: Telepathy\n|-damage|p2a: Gastrodon|32\/100\n|-damage|p2b: Breloom|17\/100\n|faint|p1b: Drifblim\n|move|p2b: Breloom|Spore|p1a: Gardevoir\n|-status|p1a: Gardevoir|slp|[from] move: Spore\n|move|p2a: Gastrodon|Muddy Water|p1a: Gardevoir\n|-damage|p1a: Gardevoir|45\/100 slp\n|\n|-weather|RainDance|[upkeep]\n|-heal|p2a: Gastrodon|38\/100|[from] item: Leftovers\n|upkeep\n|\n|t:|1700003582\n|switch|p1b: Weezing|Weezing-Galar, L50, F, shiny|100\/100\n|-fieldstart|move: Misty Terrain|[from] ability: Misty Surge|[of] p1b: Weezing\n|turn|4\n|\n|t:|1700003603\n|move|p2b: Breloom|Protect|p2b: Breloom\n|-singleturn|p2b: Breloom|Protect\n|move|p1b: Weezing|Acid Spray|p2b: Breloom\n|-activate|p2b: Breloom|move: Protect\n|cant|p1a: Gardevoir|slp\n|move|p2a: Gastrodon|Muddy Water|p1a: Gardevoir|[spread] p1b\n|-miss|p2a: Gastrodon|p1a: Gardevoir\n|-damage|p1b: Weezing|53\/100\n|\n|-weather|RainDance|[upkeep]\n|-heal|p2a: Gastrodon|44\/100|[from] item: Leftovers\n|-sideend|p1: aidan amoongus|move: Tailwind\n|upkeep\n|turn|5\n|inactive|Guigoh7 has 30 seconds left.\n|\n|t:|1700003630\n|move|p1b: Weezing|Acid Spray|p2a: Gastrodon\n|-resisted|p2a: Gastrodon\n|-damage|p2a: Gastrodon|37\/100\n|-unboost|p2a: Gastrodon|spd|2\n|cant|p1a: Gardevoir|slp\n|move|p2b: Breloom|Bullet Seed|p1b: Weezing\n|-resisted|p1b: Weezing\n|-damage|p1b: Weezing|43\/100\n|-enditem|p1b: Weezing|Sitrus Berry|[eat]\n|-heal|p1b: Weezing|67\/100|[from] item: Sitrus Berry\n|-resisted|p1b: Weezing\n|-damage|p1b: Weezing|58\/100\n|-resisted|p1b: Weezing\n|-damage|p1b: Weezing|48\/100\n|-resisted|p1b: Weezing\n|-damage|p1b: Weezing|36\/100\n|-resisted|p1b: Weezing\n|-damage|p1b: Weezing|27\/100\n|-hitcount|p1b: Weezing|5\n|move|p2a: Gastrodon|Sludge Bomb|p1a: Gardevoir\n|-supereffective|p1a: Gardevoir\n|-damage|p1a: Gardevoir|0 fnt\n|faint|p1a: Gardevoir\n|\n|-weather|none\n|-heal|p2a: Gastrodon|43\/100|[from] item: Leftovers\n|upkeep\n|turn|6\n|inactive|Guigoh7 has 30 seconds left.\n|inactive|Guigoh7 has 20 seconds left.\n|inactive|Guigoh7 has 15 seconds left.\n|\n|t:|1700003674\n|move|p1b: Weezing|Strange Steam|p2a: Gastrodon\n|-damage|p2a: Gastrodon|0 fnt\n|faint|p2a: Gastrodon\n|move|p2b: Breloom|Spore|p1b: Weezing\n|-activate|p1b: Weezing|move: Misty Terrain\n|\n|upkeep\n|turn|7\n|\n|t:|1700003691\n|move|p1b: Weezing|Flamethrower|p2b: Breloom\n|-supereffective|p2b: Breloom\n|-damage|p2b: Breloom|0 fnt\n|faint|p2b: Breloom\n|\n|win|aidan amoongus\n|raw|aidan amoongus's rating: 1000 &rarr; <strong>1051<\/strong><br \/>(+51 for winning)\n|raw|Guigoh7's rating: 1098 &rarr; <strong>1067<\/strong><br \/>(-31 for losing)\n","uploadtime":1700003698,"views":17,"p1id":"aidanamoongus","p2id":"guigoh7","formatid":"gen9vgc2023regulatione","rating":1051,"private":0,"password":""}