{"id":"gen9vgc2023regulatione-1997828152","p1":"Triir","p2":"cach92","format":"[Gen 9] VGC 2023 Regulation E","log":"|j|\u2606Triir\n|j|\u2606cach92\n|n|\u2606Triir|triir\n|n|\u2606cach92|cach92\n|html|View the match progress at <a href=\"\/game-bestof3-gen9vgc2023regulatione-1997821095\">game-bestof3-gen9vgc2023regulatione-1997821095<\/a>\n|t:|1700857088\n|gametype|doubles\n|player|p1|Triir|palmer|\n|player|p2|cach92|170|\n|teamsize|p1|6\n|teamsize|p2|6\n|gen|9\n|tier|[Gen 9] VGC 2023 Regulation E\n|rule|Species Clause: Limit one of each Pok\u00e9mon\n|rule|Item Clause: Limit one of each item\n|clearpoke\n|poke|p1|Urshifu-*, L50, F|\n|poke|p1|Tornadus, L50, M|\n|poke|p1|Regidrago, L50|\n|poke|p1|Rillaboom, L50, F|\n|poke|p1|Gholdengo, L50|\n|poke|p1|Ogerpon-Hearthflame, L50, F|\n|poke|p2|Brambleghast, L50, F|\n|poke|p2|Roaring Moon, L50|\n|poke|p2|Iron Hands, L50|\n|poke|p2|Tornadus, L50, M|\n|poke|p2|Arcanine-Hisui, L50, M|\n|poke|p2|Urshifu-*, L50, F|\n|teampreview|4\n|j| TaliZ0rah\ncach92 has agreed to open team sheets.\nTriir has agreed to open team sheets.\n|showteam|p1|Urshifu-Rapid-Strike||ChoiceScarf|UnseenFist|SurgingStrikes,CloseCombat,AquaJet,Uturn|||F|||50|,,,,,Poison]Tornadus||RockyHelmet|Prankster|BleakwindStorm,RainDance,Tailwind,Protect|||M|||50|,,,,,Ghost]Regidrago||DragonFang|DragonsMaw|DragonEnergy,DracoMeteor,EarthPower,Protect||||||50|,,,,,Steel]Rillaboom||AssaultVest|GrassySurge|FakeOut,WoodHammer,HighHorsepower,GrassyGlide|||F|||50|,,,,,Grass]Gholdengo||MetalCoat|GoodasGold|MakeItRain,ShadowBall,NastyPlot,Protect||||||50|,,,,,Dragon]Ogerpon-Hearthflame||HearthflameMask|MoldBreaker|IvyCudgel,GrassyGlide,FollowMe,SpikyShield|||F|||50|,,,,,Fire\n|showteam|p2|Brambleghast||FocusSash|WindRider|Poltergeist,PowerWhip,ShadowSneak,StrengthSap|||F|||50|,,,,,Ghost]Roaring Moon||BoosterEnergy|Protosynthesis|Acrobatics,KnockOff,DragonDance,Protect||||||50|,,,,,Flying]Iron Hands||AssaultVest|QuarkDrive|DrainPunch,WildCharge,HeavySlam,FakeOut||||||50|,,,,,Water]Tornadus||CovertCloak|Prankster|BleakwindStorm,Tailwind,RainDance,Taunt|||M|||50|,,,,,Fairy]Arcanine-Hisui||SitrusBerry|Intimidate|FlareBlitz,RockSlide,Howl,ExtremeSpeed|||M|||50|,,,,,Ghost]Urshifu-Rapid-Strike||MysticWater|UnseenFist|SurgingStrikes,CloseCombat,AquaJet,Detect|||F|||50|,,,,,Water\n|\n|t:|1700857186\n|start\n|switch|p1a: Regidrago|Regidrago, L50|100\/100\n|switch|p1b: Ogerpon|Ogerpon-Hearthflame, L50, F|100\/100\n|switch|p2a: Tornadus|Tornadus, L50, M|100\/100\n|switch|p2b: Arcanine|Arcanine-Hisui, L50, M|100\/100\n|-ability|p2b: Arcanine|Intimidate|boost\n|-unboost|p1a: Regidrago|atk|1\n|-unboost|p1b: Ogerpon|atk|1\n|-ability|p1b: Ogerpon|Mold Breaker\n|turn|1\n|j| Zeprikan\n|\n|t:|1700857226\n|move|p1b: Ogerpon|Spiky Shield|p1b: Ogerpon\n|-singleturn|p1b: Ogerpon|move: Protect\n|move|p2a: Tornadus|Tailwind|p2a: Tornadus\n|-sidestart|p2: cach92|move: Tailwind\n|move|p2b: Arcanine|Rock Slide|p1b: Ogerpon|[spread] p1a\n|-activate|p1b: Ogerpon|move: Protect\n|-damage|p1a: Regidrago|69\/100\n|move|p1a: Regidrago|Draco Meteor|p2a: Tornadus\n|-damage|p2a: Tornadus|0 fnt\n|-unboost|p1a: Regidrago|spa|2\n|faint|p2a: Tornadus\n|\n|upkeep\n|\n|t:|1700857242\n|switch|p2a: Brambleghast|Brambleghast, L50, F|100\/100\n|-ability|p2a: Brambleghast|Wind Rider|boost\n|-boost|p2a: Brambleghast|atk|1\n|turn|2\n|\n|t:|1700857263\n|-terastallize|p2a: Brambleghast|Ghost\n|move|p1b: Ogerpon|Follow Me|p1b: Ogerpon\n|-singleturn|p1b: Ogerpon|move: Follow Me\n|move|p2b: Arcanine|Flare Blitz|p1b: Ogerpon\n|-damage|p1b: Ogerpon|46\/100\n|-damage|p2b: Arcanine|85\/100|[from] Recoil\n|move|p2a: Brambleghast|Poltergeist|p1b: Ogerpon\n|-activate|p1b: Ogerpon|move: Poltergeist|Hearthflame Mask\n|-damage|p1b: Ogerpon|0 fnt\n|faint|p1b: Ogerpon\n|move|p1a: Regidrago|Draco Meteor|p2a: Brambleghast\n|-enditem|p2a: Brambleghast|Focus Sash\n|-damage|p2a: Brambleghast|1\/100\n|-unboost|p1a: Regidrago|spa|2\n|\n|upkeep\n|\n|t:|1700857272\n|switch|p1b: Rillaboom|Rillaboom, L50, F|100\/100\n|-fieldstart|move: Grassy Terrain|[from] ability: Grassy Surge|[of] p1b: Rillaboom\n|turn|3\n|\n|t:|1700857339\n|switch|p2a: Roaring Moon|Roaring Moon, L50|100\/100\n|-enditem|p2a: Roaring Moon|Booster Energy\n|-activate|p2a: Roaring Moon|ability: Protosynthesis|[fromitem]\n|-start|p2a: Roaring Moon|protosynthesisatk\n|switch|p1a: Urshifu|Urshifu-Rapid-Strike, L50, F|100\/100\n|move|p1b: Rillaboom|Fake Out|p2b: Arcanine\n|-resisted|p2b: Arcanine\n|-damage|p2b: Arcanine|76\/100\n|cant|p2b: Arcanine|flinch\n|\n|-heal|p2b: Arcanine|82\/100|[from] Grassy Terrain\n|upkeep\n|turn|4\n|\n|t:|1700857423\n|move|p2b: Arcanine|Extreme Speed|p1a: Urshifu\n|-damage|p1a: Urshifu|72\/100\n|move|p1a: Urshifu|Aqua Jet|p2b: Arcanine\n|-supereffective|p2b: Arcanine\n|-damage|p2b: Arcanine|0 fnt\n|faint|p2b: Arcanine\n|move|p2a: Roaring Moon|Acrobatics|p1a: Urshifu\n|-supereffective|p1a: Urshifu\n|-damage|p1a: Urshifu|0 fnt\n|faint|p1a: Urshifu\n|move|p1b: Rillaboom|Wood Hammer|p2a: Roaring Moon\n|-resisted|p2a: Roaring Moon\n|-damage|p2a: Roaring Moon|49\/100\n|-damage|p1b: Rillaboom|83\/100|[from] Recoil\n|\n|-heal|p2a: Roaring Moon|55\/100|[from] Grassy Terrain\n|-heal|p1b: Rillaboom|89\/100|[from] Grassy Terrain\n|-sideend|p2: cach92|move: Tailwind\n|upkeep\n|\n|t:|1700857441\n|switch|p1a: Regidrago|Regidrago, L50|69\/100\n|switch|p2b: Brambleghast|Brambleghast, L50, F, tera:Ghost|1\/100\n|turn|5\n|\n|t:|1700857488\n|move|p1b: Rillaboom|Grassy Glide|p2b: Brambleghast\n|-damage|p2b: Brambleghast|0 fnt\n|faint|p2b: Brambleghast\n|move|p2a: Roaring Moon|Knock Off|p1a: Regidrago\n|-damage|p1a: Regidrago|0 fnt\n|-enditem|p1a: Regidrago|Dragon Fang|[from] move: Knock Off|[of] p2a: Roaring Moon\n|faint|p1a: Regidrago\n|\n|-heal|p2a: Roaring Moon|62\/100|[from] Grassy Terrain\n|-heal|p1b: Rillaboom|95\/100|[from] Grassy Terrain\n|upkeep\n|turn|6\n|\n|t:|1700857503\n|-terastallize|p1b: Rillaboom|Grass\n|move|p2a: Roaring Moon|Acrobatics|p1b: Rillaboom\n|-supereffective|p1b: Rillaboom\n|-damage|p1b: Rillaboom|0 fnt\n|faint|p1b: Rillaboom\n|\n|win|cach92\n","uploadtime":1700857514,"views":14,"p1id":"triir","p2id":"cach92","formatid":"gen9vgc2023regulatione","rating":0,"private":0,"password":""}