{"id":"gen9vgc2023regulatione-1988473715","p1":"M4tty02","p2":"Matt142718","format":"[Gen 9] VGC 2023 Regulation E","log":"|j|\u2606M4tty02\n|j|\u2606Matt142718\n|n|\u2606M4tty02|m4tty02\n|n|\u2606Matt142718|matt142718\n|html|View the match progress at <a href=\"\/game-bestof3-gen9vgc2023regulatione-1988473714\">game-bestof3-gen9vgc2023regulatione-1988473714<\/a>\n|t:|1699726743\n|gametype|doubles\n|player|p1|M4tty02|emmet|\n|player|p2|Matt142718|170|\n|teamsize|p1|6\n|teamsize|p2|6\n|gen|9\n|tier|[Gen 9] VGC 2023 Regulation E\n|rule|Species Clause: Limit one of each Pok\u00e9mon\n|rule|Item Clause: Limit one of each item\n|clearpoke\n|poke|p1|Dusclops, L50, M|\n|poke|p1|Ursaluna-Bloodmoon, L50, M|\n|poke|p1|Arcanine-Hisui, L50, M|\n|poke|p1|Okidogi, L50, M|\n|poke|p1|Ogerpon-Wellspring, L50, F|\n|poke|p1|Chi-Yu, L50|\n|poke|p2|Tornadus, L50, M|\n|poke|p2|Urshifu-*, L50, M|\n|poke|p2|Rillaboom, L50, F|\n|poke|p2|Chien-Pao, L50|\n|poke|p2|Arcanine-Hisui, L50, M|\n|poke|p2|Flutter Mane, L50|\n|teampreview|4\nM4tty02 has agreed to open team sheets.\nMatt142718 has agreed to open team sheets.\n|showteam|p1|Dusclops||Eviolite|Pressure|NightShade,PainSplit,WillOWisp,TrickRoom|||M|||50|,,,,,Dark]Ursaluna-Bloodmoon||LifeOrb|MindsEye|BloodMoon,Moonblast,EarthPower,Protect|||M|||50|,,,,,Fairy]Arcanine-Hisui||ChoiceBand|Intimidate|ExtremeSpeed,RockSlide,FlareBlitz,TeraBlast|||M|||50|,,,,,Fairy]Okidogi||AssaultVest|GuardDog|DrainPunch,PoisonJab,IcePunch,Snarl|||M|||50|,,,,,Dark]Ogerpon-Wellspring||WellspringMask|WaterAbsorb|IvyCudgel,FollowMe,SwordsDance,SpikyShield|||F|||50|,,,,,Water]Chi-Yu||FocusSash|BeadsofRuin|HeatWave,DarkPulse,Overheat,Protect||||||50|,,,,,Ghost\n|showteam|p2|Tornadus||CovertCloak|Prankster|BleakwindStorm,RainDance,Tailwind,Taunt|||M|||50|,,,,,Steel]Urshifu-Rapid-Strike||ChoiceScarf|UnseenFist|Uturn,SurgingStrikes,CloseCombat,AquaJet|||M|||50|,,,,,Water]Rillaboom||AssaultVest|GrassySurge|WoodHammer,HighHorsepower,GrassyGlide,FakeOut|||F|||50|,,,,,Fire]Chien-Pao||FocusSash|SwordofRuin|SuckerPunch,SacredSword,Protect,IcicleCrash||||||50|,,,,,Ghost]Arcanine-Hisui||SitrusBerry|Intimidate|FlareBlitz,Protect,RockSlide,ExtremeSpeed|||M|||50|,,,,,Normal]Flutter Mane||BoosterEnergy|Protosynthesis|Moonblast,DazzlingGleam,ShadowBall,Protect||||||50|,,,,,Fairy\n|\n|t:|1699726836\n|start\n|switch|p1a: Dusclops|Dusclops, L50, M, shiny|100\/100\n|switch|p1b: Okidogi|Okidogi, L50, M|100\/100\n|switch|p2a: Flutter Mane|Flutter Mane, L50|100\/100\n|switch|p2b: Tornadus|Tornadus, L50, M|100\/100\n|-ability|p1a: Dusclops|Pressure\n|-enditem|p2a: Flutter Mane|Booster Energy\n|-activate|p2a: Flutter Mane|ability: Protosynthesis|[fromitem]\n|-start|p2a: Flutter Mane|protosynthesisspa\n|turn|1\n|\n|t:|1699726898\n|-terastallize|p2a: Flutter Mane|Fairy\n|-terastallize|p1a: Dusclops|Dark\n|move|p2b: Tornadus|Taunt|p1a: Dusclops\n|-hint|Since gen 7, Dark is immune to Prankster moves.\n|-immune|p1a: Dusclops\n|move|p2a: Flutter Mane|Moonblast|p1a: Dusclops\n|-supereffective|p1a: Dusclops\n|-damage|p1a: Dusclops|3\/100\n|move|p1b: Okidogi|Poison Jab|p2a: Flutter Mane\n|-supereffective|p2a: Flutter Mane\n|-damage|p2a: Flutter Mane|0 fnt\n|faint|p2a: Flutter Mane\n|-end|p2a: Flutter Mane|Protosynthesis|[silent]\n|move|p1a: Dusclops|Trick Room|p1a: Dusclops\n|-fieldstart|move: Trick Room|[of] p1a: Dusclops\n|\n|upkeep\n|\n|t:|1699726916\n|switch|p2a: Urshifu|Urshifu-Rapid-Strike, L50, M|100\/100\n|turn|2\n|\n|t:|1699726946\n|move|p2b: Tornadus|Rain Dance|p2b: Tornadus\n|-weather|RainDance\n|move|p2a: Urshifu|Aqua Jet|p1a: Dusclops\n|-damage|p1a: Dusclops|0 fnt\n|faint|p1a: Dusclops\n|move|p1b: Okidogi|Poison Jab|p2a: Urshifu\n|-damage|p2a: Urshifu|64\/100\n|\n|-weather|RainDance|[upkeep]\n|upkeep\n|\n|t:|1699726952\n|switch|p1a: Ursaluna|Ursaluna-Bloodmoon, L50, M|100\/100\n|turn|3\n|\n|t:|1699726970\n|switch|p1b: Arcanine|Arcanine-Hisui, L50, M, shiny|100\/100\n|-ability|p1b: Arcanine|Intimidate|boost\n|-unboost|p2a: Urshifu|atk|1\n|-unboost|p2b: Tornadus|atk|1\n|move|p2a: Urshifu|Aqua Jet|p1a: Ursaluna\n|-supereffective|p1a: Ursaluna\n|-damage|p1a: Ursaluna|65\/100\n|move|p1a: Ursaluna|Moonblast|p2a: Urshifu\n|-supereffective|p2a: Urshifu\n|-damage|p2a: Urshifu|0 fnt\n|faint|p2a: Urshifu\n|-damage|p1a: Ursaluna|55\/100|[from] item: Life Orb\n|move|p2b: Tornadus|Bleakwind Storm|p1a: Ursaluna|[spread] p1a,p1b\n|-resisted|p1b: Arcanine\n|-damage|p1a: Ursaluna|22\/100\n|-damage|p1b: Arcanine|81\/100\n|\n|-weather|RainDance|[upkeep]\n|upkeep\n|\n|t:|1699726986\n|switch|p2a: Arcanine|Arcanine-Hisui, L50, M|100\/100\n|-ability|p2a: Arcanine|Intimidate|boost\n|-unboost|p1a: Ursaluna|atk|1\n|-unboost|p1b: Arcanine|atk|1\n|turn|4\n|\n|t:|1699727008\n|switch|p1b: Okidogi|Okidogi, L50, M|100\/100\n|move|p1a: Ursaluna|Protect|p1a: Ursaluna\n|-singleturn|p1a: Ursaluna|Protect\n|move|p2a: Arcanine|Rock Slide|p1a: Ursaluna|[spread] p1b\n|-activate|p1a: Ursaluna|move: Protect\n|-resisted|p1b: Okidogi\n|-damage|p1b: Okidogi|90\/100\n|move|p2b: Tornadus|Bleakwind Storm|p1a: Ursaluna|[spread] p1b\n|-activate|p1a: Ursaluna|move: Protect\n|-supereffective|p1b: Okidogi\n|-damage|p1b: Okidogi|43\/100\n|\n|-weather|RainDance|[upkeep]\n|upkeep\n|turn|5\n|\n|t:|1699727040\n|move|p2a: Arcanine|Protect|p2a: Arcanine\n|-singleturn|p2a: Arcanine|Protect\n|move|p1a: Ursaluna|Blood Moon|p2b: Tornadus\n|-damage|p2b: Tornadus|0 fnt\n|faint|p2b: Tornadus\n|-damage|p1a: Ursaluna|12\/100|[from] item: Life Orb\n|move|p1b: Okidogi|Drain Punch|p2a: Arcanine\n|-activate|p2a: Arcanine|move: Protect\n|\n|-weather|RainDance|[upkeep]\n|-fieldend|move: Trick Room\n|upkeep\n|turn|6\n|\n|t:|1699727056\n|move|p2a: Arcanine|Rock Slide|p1b: Okidogi|[spread] p1a,p1b\n|-resisted|p1a: Ursaluna\n|-resisted|p1b: Okidogi\n|-damage|p1a: Ursaluna|2\/100\n|-damage|p1b: Okidogi|33\/100\n|move|p1b: Okidogi|Drain Punch|p2a: Arcanine\n|-supereffective|p2a: Arcanine\n|-damage|p2a: Arcanine|16\/100\n|-heal|p1b: Okidogi|72\/100|[from] drain|[of] p2a: Arcanine\n|-enditem|p2a: Arcanine|Sitrus Berry|[eat]\n|-heal|p2a: Arcanine|41\/100|[from] item: Sitrus Berry\n|cant|p1a: Ursaluna|flinch\n|\n|-weather|none\n|upkeep\n|turn|7\n|\n|t:|1699727071\n|move|p2a: Arcanine|Rock Slide|p1b: Okidogi|[spread] p1a,p1b\n|-resisted|p1a: Ursaluna\n|-resisted|p1b: Okidogi\n|-damage|p1a: Ursaluna|0 fnt\n|-damage|p1b: Okidogi|62\/100\n|faint|p1a: Ursaluna\n|cant|p1b: Okidogi|flinch\n|\n|upkeep\n|\n|t:|1699727074\n|switch|p1a: Arcanine|Arcanine-Hisui, L50, M, shiny|81\/100\n|-ability|p1a: Arcanine|Intimidate|boost\n|-unboost|p2a: Arcanine|atk|1\n|turn|8\n|\n|t:|1699727079\n|move|p2a: Arcanine|Rock Slide|p1b: Okidogi|[spread] p1a,p1b\n|-supereffective|p1a: Arcanine\n|-resisted|p1b: Okidogi\n|-damage|p1a: Arcanine|45\/100\n|-damage|p1b: Okidogi|55\/100\n|move|p1a: Arcanine|Rock Slide|p2a: Arcanine\n|-supereffective|p2a: Arcanine\n|-damage|p2a: Arcanine|0 fnt\n|faint|p2a: Arcanine\n|\n|win|M4tty02\n|c|&|\/uhtml prompt-matt142718,Matt142718 is ready for game 2!\n|c|&|\/uhtml prompt-m4tty02,M4tty02 is ready for game 2!\nBoth players are ready! Starting next match!\n|l|\u2606Matt142718\n|l|\u2606M4tty02\n|j|\u2606M4tty02\n|player|p1|M4tty02|emmet\n","uploadtime":1699727200,"views":26,"p1id":"m4tty02","p2id":"matt142718","formatid":"gen9vgc2023regulatione","rating":0,"private":0,"password":""}