{"id":"gen9vgc2023regulatione-1993140795","p1":"The Carkol Rider","p2":"Fernanch","format":"[Gen 9] VGC 2023 Regulation E","log":"|j|\u2606The Carkol Rider\n|j|\u2606Fernanch\n|n|\u2606The Carkol Rider|thecarkolrider\n|n|\u2606Fernanch|fernanch\n|html|View the match progress at <a href=\"\/game-bestof3-gen9vgc2023regulatione-1993136230\">game-bestof3-gen9vgc2023regulatione-1993136230<\/a>\n|t:|1700269636\n|gametype|doubles\n|player|p1|The Carkol Rider|grimsley|\n|player|p2|Fernanch|waiter-gen4dp|\n|teamsize|p1|6\n|teamsize|p2|6\n|gen|9\n|tier|[Gen 9] VGC 2023 Regulation E\n|rule|Species Clause: Limit one of each Pok\u00e9mon\n|rule|Item Clause: Limit one of each item\n|clearpoke\n|poke|p1|Ogerpon-Hearthflame, L50, F|\n|poke|p1|Tornadus, L50, M|\n|poke|p1|Sandy Shocks, L50|\n|poke|p1|Espathra, L50, M|\n|poke|p1|Gholdengo, L50|\n|poke|p1|Kommo-o, L50, M|\n|poke|p2|Iron Hands, L50|\n|poke|p2|Amoonguss, L50, F|\n|poke|p2|Chi-Yu, L50|\n|poke|p2|Grafaiai, L50, F|\n|poke|p2|Regieleki, L50|\n|poke|p2|Jigglypuff, L50, M|\n|teampreview|4\n|c|\u2606The Carkol Rider|glhf\n|c|\u2606Fernanch|glhf\n|\n|t:|1700269702\n|start\n|switch|p1a: Gholdengo|Gholdengo, L50|100\/100\n|switch|p1b: Kommo-o|Kommo-o, L50, M|100\/100\n|switch|p2a: Jigglypuff|Jigglypuff, L50, M|100\/100\n|switch|p2b: Iron Hands|Iron Hands, L50|100\/100\n|turn|1\n|\n|t:|1700269718\n|move|p1b: Kommo-o|Protect|p1b: Kommo-o\n|-singleturn|p1b: Kommo-o|Protect\n|move|p1a: Gholdengo|Nasty Plot|p1a: Gholdengo\n|-boost|p1a: Gholdengo|spa|2\n|move|p2b: Iron Hands|Fire Punch|p1a: Gholdengo\n|-supereffective|p1a: Gholdengo\n|-damage|p1a: Gholdengo|42\/100\n|move|p2a: Jigglypuff|Encore|p1b: Kommo-o\n|-activate|p1b: Kommo-o|move: Protect\n|\n|-heal|p1a: Gholdengo|49\/100|[from] item: Leftovers\n|upkeep\n|turn|2\n|\n|t:|1700269739\n|move|p1a: Gholdengo|Make It Rain|p2a: Jigglypuff|[spread] p2a,p2b\n|-supereffective|p2a: Jigglypuff\n|-resisted|p2b: Iron Hands\n|-damage|p2a: Jigglypuff|0 fnt\n|-damage|p2b: Iron Hands|82\/100\n|-unboost|p1a: Gholdengo|spa|1\n|faint|p2a: Jigglypuff\n|move|p1b: Kommo-o|Clangorous Soul|p1b: Kommo-o\n|-boost|p1b: Kommo-o|atk|1\n|-boost|p1b: Kommo-o|def|1\n|-boost|p1b: Kommo-o|spa|1\n|-boost|p1b: Kommo-o|spd|1\n|-boost|p1b: Kommo-o|spe|1\n|-damage|p1b: Kommo-o|68\/100\n|-enditem|p1b: Kommo-o|Throat Spray\n|-boost|p1b: Kommo-o|spa|1|[from] item: Throat Spray\n|move|p2b: Iron Hands|Fire Punch|p1a: Gholdengo\n|-supereffective|p1a: Gholdengo\n|-damage|p1a: Gholdengo|0 fnt\n|faint|p1a: Gholdengo\n|\n|upkeep\n|\n|t:|1700269753\n|switch|p1a: Tornadus|Tornadus, L50, M|100\/100\n|switch|p2a: Amoonguss|Amoonguss, L50, F|100\/100\n|turn|3\n|\n|t:|1700269768\n|switch|p1a: Ogerpon|Ogerpon-Hearthflame, L50, F|100\/100\n|-ability|p1a: Ogerpon|Mold Breaker\n|move|p1b: Kommo-o|Protect|p1b: Kommo-o\n|-singleturn|p1b: Kommo-o|Protect\n|move|p2a: Amoonguss|Spore|p1b: Kommo-o\n|-activate|p1b: Kommo-o|move: Protect\n|move|p2b: Iron Hands|Wild Charge|p1a: Ogerpon\n|-resisted|p1a: Ogerpon\n|-damage|p1a: Ogerpon|69\/100\n|-damage|p2b: Iron Hands|77\/100|[from] Recoil\n|\n|upkeep\n|turn|4\n|\n|t:|1700269785\n|-terastallize|p2a: Amoonguss|Fire\n|move|p1b: Kommo-o|Clanging Scales|p2b: Iron Hands|[spread] p2a,p2b\n|-damage|p2a: Amoonguss|31\/100\n|-damage|p2b: Iron Hands|38\/100\n|-unboost|p1b: Kommo-o|def|1\n|move|p1a: Ogerpon|Ivy Cudgel|p2b: Iron Hands|[anim] Ivy Cudgel Fire\n|-damage|p2b: Iron Hands|0 fnt\n|faint|p2b: Iron Hands\n|-end|p2b: Iron Hands|Quark Drive|[silent]\n|move|p2a: Amoonguss|Spore|p1b: Kommo-o\n|-immune|p1b: Kommo-o|[from] ability: Overcoat\n|\n|upkeep\n|c|\u2606Fernanch|oh\n|c|\u2606Fernanch|Man\n|\n|t:|1700269811\n|switch|p2b: Regieleki|Regieleki, L50|100\/100\n|turn|5\n|c|\u2606The Carkol Rider|thats ggs i think\n|\n|t:|1700269830\n|move|p1a: Ogerpon|Follow Me|p1a: Ogerpon\n|-singleturn|p1a: Ogerpon|move: Follow Me\n|move|p2b: Regieleki|Thunderbolt|p1a: Ogerpon\n|-resisted|p1a: Ogerpon\n|-damage|p1a: Ogerpon|31\/100\n|move|p1b: Kommo-o|Clanging Scales|p2a: Amoonguss|[spread] p2a,p2b\n|-damage|p2a: Amoonguss|0 fnt\n|-damage|p2b: Regieleki|0 fnt\n|faint|p2a: Amoonguss\n|faint|p2b: Regieleki\n|\n|win|The Carkol Rider\n|c|\u2606Fernanch|gg\n|c|\u2606The Carkol Rider|gg\n|c|\u2606The Carkol Rider|kommo-o is fun\n","uploadtime":1700269844,"views":19,"p1id":"thecarkolrider","p2id":"fernanch","formatid":"gen9vgc2023regulatione","rating":0,"private":0,"password":""}