{"id":"gen9vgc2023regulatione-1999885247","p1":"Jaystorm027","p2":"KumpelXD","format":"[Gen 9] VGC 2023 Regulation E","log":"|j|\u2606Jaystorm027\n|j|\u2606KumpelXD\n|t:|1701126266\n|gametype|doubles\n|player|p1|Jaystorm027|pokemonranger-gen4|1172\n|player|p2|KumpelXD|169|1289\n|teamsize|p1|6\n|teamsize|p2|6\n|gen|9\n|tier|[Gen 9] VGC 2023 Regulation E\n|rated|\n|rule|Species Clause: Limit one of each Pok\u00e9mon\n|rule|Item Clause: Limit one of each item\n|clearpoke\n|poke|p1|Milotic, L50, M|\n|poke|p1|Roaring Moon, L50|\n|poke|p1|Weezing, L50, F|\n|poke|p1|Ogerpon-Hearthflame, L50, F|\n|poke|p1|Gholdengo, L50|\n|poke|p1|Iron Hands, L50|\n|poke|p2|Empoleon, L50, M|\n|poke|p2|Landorus-Therian, L50, M|\n|poke|p2|Ninetales-Alola, L50, M|\n|poke|p2|Iron Hands, L50|\n|poke|p2|Ogerpon-Cornerstone, L50, F|\n|poke|p2|Hydreigon, L50, F|\n|teampreview|4\n|inactive|Battle timer is ON: inactive players will automatically lose when time's up. (requested by KumpelXD)\nKumpelXD has agreed to open team sheets.\n|c|\u2606Jaystorm027|Gl hf\n|inactive|KumpelXD has 60 seconds left.\nJaystorm027 has agreed to open team sheets.\n|c|\u2606KumpelXD|u2\n|inactive|KumpelXD has 30 seconds left.\n|inactive|KumpelXD has 20 seconds left.\n|inactive|KumpelXD has 15 seconds left.\n|inactive|KumpelXD has 10 seconds left.\n|inactive|KumpelXD has 5 seconds left.\n|\n|t:|1701126347\n|start\n|switch|p1a: Weezing|Weezing, L50, F, shiny|100\/100\n|switch|p1b: Roaring Moon|Roaring Moon, L50, shiny|100\/100\n|switch|p2a: Iron Hands|Iron Hands, L50|100\/100\n|switch|p2b: Ogerpon|Ogerpon-Cornerstone, L50, F|100\/100\n|-ability|p1a: Weezing|Neutralizing Gas\n|-enditem|p1b: Roaring Moon|Booster Energy\n|-activate|p1b: Roaring Moon|ability: Protosynthesis|[fromitem]\n|-start|p1b: Roaring Moon|protosynthesisspe\n|turn|1\n|inactive|KumpelXD has 30 seconds left.\n|\n|t:|1701126379\n|move|p1b: Roaring Moon|Protect|p1b: Roaring Moon\n|-singleturn|p1b: Roaring Moon|Protect\n|move|p1a: Weezing|Protect|p1a: Weezing\n|-singleturn|p1a: Weezing|Protect\n|move|p2b: Ogerpon|Ivy Cudgel|p1b: Roaring Moon|[anim] Ivy Cudgel Rock\n|-activate|p1b: Roaring Moon|move: Protect\n|move|p2a: Iron Hands|Drain Punch|p1b: Roaring Moon\n|-activate|p1b: Roaring Moon|move: Protect\n|\n|upkeep\n|turn|2\n|inactive|Jaystorm027 has 30 seconds left.\n|\n|t:|1701126408\n|move|p2b: Ogerpon|Spiky Shield|p2b: Ogerpon\n|-singleturn|p2b: Ogerpon|move: Protect\n|move|p1b: Roaring Moon|Acrobatics|p2a: Iron Hands\n|-damage|p2a: Iron Hands|70\/100\n|move|p1a: Weezing|Will-O-Wisp|p2b: Ogerpon\n|-activate|p2b: Ogerpon|move: Protect\n|move|p2a: Iron Hands|Volt Switch|p1a: Weezing\n|-damage|p1a: Weezing|88\/100\n|\n|t:|1701126423\n|-end|p2a: Iron Hands|Quark Drive|[silent]\n|switch|p2a: Landorus|Landorus-Therian, L50, M|100\/100|[from] Volt Switch\n|\n|upkeep\n|turn|3\n|\n|t:|1701126447\n|-end|p1b: Roaring Moon|Protosynthesis|[silent]\n|switch|p1b: Milotic|Milotic, L50, M, shiny|100\/100\n|-terastallize|p2a: Landorus|Ground\n|move|p1a: Weezing|Protect|p1a: Weezing\n|-singleturn|p1a: Weezing|Protect\n|move|p2b: Ogerpon|Ivy Cudgel|p1b: Milotic|[anim] Ivy Cudgel Rock\n|-crit|p1b: Milotic\n|-damage|p1b: Milotic|13\/100\n|move|p2a: Landorus|Stomping Tantrum|p1a: Weezing\n|-activate|p1a: Weezing|move: Protect\n|\n|-heal|p1b: Milotic|19\/100|[from] item: Leftovers\n|upkeep\n|turn|4\n|\n|t:|1701126469\n|move|p1b: Milotic|Protect|p1b: Milotic\n|-singleturn|p1b: Milotic|Protect\n|move|p2b: Ogerpon|Ivy Cudgel|p1b: Milotic|[anim] Ivy Cudgel Rock\n|-activate|p1b: Milotic|move: Protect\n|move|p2a: Landorus|Stomping Tantrum|p1a: Weezing\n|-supereffective|p1a: Weezing\n|-damage|p1a: Weezing|0 fnt\n|faint|p1a: Weezing\n|-end|p1a: Weezing|ability: Neutralizing Gas\n|-ability|p2a: Landorus|Intimidate|boost\n|-unboost|p1b: Milotic|atk|1\n|-ability|p1b: Milotic|Competitive|boost\n|-boost|p1b: Milotic|spa|2\n|\n|-heal|p1b: Milotic|25\/100|[from] item: Leftovers\n|upkeep\n|\n|t:|1701126485\n|switch|p1a: Iron Hands|Iron Hands, L50|100\/100\n|turn|5\n|\n|t:|1701126493\n|switch|p2a: Empoleon|Empoleon, L50, M|100\/100\n|-terastallize|p1b: Milotic|Fairy\n|move|p2b: Ogerpon|Spiky Shield|p2b: Ogerpon\n|-singleturn|p2b: Ogerpon|move: Protect\n|move|p1a: Iron Hands|Fake Out|p2a: Empoleon\n|-resisted|p2a: Empoleon\n|-damage|p2a: Empoleon|92\/100\n|move|p1b: Milotic|Coil|p1b: Milotic\n|-boost|p1b: Milotic|atk|1\n|-boost|p1b: Milotic|def|1\n|-boost|p1b: Milotic|accuracy|1\n|\n|-heal|p1b: Milotic|31\/100|[from] item: Leftovers\n|-heal|p2a: Empoleon|98\/100|[from] item: Leftovers\n|upkeep\n|turn|6\n|inactive|KumpelXD has 30 seconds left.\n|inactive|KumpelXD has 20 seconds left.\n|inactive|KumpelXD has 15 seconds left.\n|inactive|KumpelXD has 10 seconds left.\n|inactive|KumpelXD has 5 seconds left.\n|\n|t:|1701126543\n|move|p1b: Milotic|Protect|p1b: Milotic\n|-singleturn|p1b: Milotic|Protect\n|move|p2b: Ogerpon|U-turn|p1a: Iron Hands\n|-resisted|p1a: Iron Hands\n|-damage|p1a: Iron Hands|92\/100\n|\n|t:|1701126548\n|switch|p2b: Iron Hands|Iron Hands, L50|70\/100|[from] U-turn\n|move|p2a: Empoleon|Flash Cannon|p1b: Milotic\n|-activate|p1b: Milotic|move: Protect\n|move|p1a: Iron Hands|Drain Punch|p2a: Empoleon\n|-supereffective|p2a: Empoleon\n|-damage|p2a: Empoleon|15\/100\n|-heal|p1a: Iron Hands|100\/100|[from] drain|[of] p2a: Empoleon\n|\n|-heal|p1b: Milotic|37\/100|[from] item: Leftovers\n|-heal|p2a: Empoleon|22\/100|[from] item: Leftovers\n|upkeep\n|turn|7\n|\n|t:|1701126572\n|-end|p1a: Iron Hands|Quark Drive|[silent]\n|switch|p1a: Roaring Moon|Roaring Moon, L50, shiny|100\/100\n|move|p1b: Milotic|Protect||[still]\n|-fail|p1b: Milotic\n|move|p2b: Iron Hands|Fake Out|p1b: Milotic\n|-crit|p1b: Milotic\n|-damage|p1b: Milotic|14\/100\n|move|p2a: Empoleon|Flash Cannon|p1b: Milotic\n|-supereffective|p1b: Milotic\n|-damage|p1b: Milotic|0 fnt\n|faint|p1b: Milotic\n|\n|-heal|p2a: Empoleon|28\/100|[from] item: Leftovers\n|upkeep\n|\n|t:|1701126576\n|switch|p1b: Iron Hands|Iron Hands, L50|100\/100\n|turn|8\n|\n|t:|1701126591\n|switch|p2a: Landorus|Landorus-Therian, L50, M, tera:Ground|100\/100\n|-ability|p2a: Landorus|Intimidate|boost\n|-unboost|p1a: Roaring Moon|atk|1\n|-unboost|p1b: Iron Hands|atk|1\n|move|p1b: Iron Hands|Fake Out|p2b: Iron Hands\n|-damage|p2b: Iron Hands|62\/100\n|move|p1a: Roaring Moon|Knock Off|p2a: Landorus\n|-damage|p2a: Landorus|63\/100\n|-enditem|p2a: Landorus|Sitrus Berry|[from] move: Knock Off|[of] p1a: Roaring Moon\n|cant|p2b: Iron Hands|flinch\n|\n|upkeep\n|turn|9\n|\n|t:|1701126603\n|switch|p2a: Empoleon|Empoleon, L50, M|28\/100\n|move|p1a: Roaring Moon|Knock Off|p2a: Empoleon\n|-damage|p2a: Empoleon|0 fnt\n|-enditem|p2a: Empoleon|Leftovers|[from] move: Knock Off|[of] p1a: Roaring Moon\n|faint|p2a: Empoleon\n|move|p2b: Iron Hands|Drain Punch|p1a: Roaring Moon\n|-supereffective|p1a: Roaring Moon\n|-damage|p1a: Roaring Moon|0 fnt\n|-heal|p2b: Iron Hands|100\/100|[from] drain|[of] p1a: Roaring Moon\n|faint|p1a: Roaring Moon\n|-end|p1a: Roaring Moon|Protosynthesis|[silent]\n|move|p1b: Iron Hands|Drain Punch|p2b: Iron Hands\n|-damage|p2b: Iron Hands|81\/100\n|\n|upkeep\n|-message|Jaystorm027 forfeited.\n|\n|win|KumpelXD\n|raw|Jaystorm027's rating: 1172 &rarr; <strong>1155<\/strong><br \/>(-17 for losing)\n|raw|KumpelXD's rating: 1289 &rarr; <strong>1306<\/strong><br \/>(+17 for winning)\n|l|\u2606Jaystorm027\n|c|\u2606KumpelXD|gg\n","uploadtime":1701126620,"views":8,"p1id":"jaystorm027","p2id":"kumpelxd","formatid":"gen9vgc2023regulatione","rating":1155,"private":0,"password":""}