{"id":"gen9vgc2023regulatione-1999190261","p1":"alpha can elephant","p2":"Emirnent","format":"[Gen 9] VGC 2023 Regulation E","log":"|j|\u2606alpha can elephant\n|j|\u2606Emirnent\n|t:|1701043377\n|gametype|doubles\n|player|p1|alpha can elephant|marley|1756\n|player|p2|Emirnent|169|1755\n|teamsize|p1|6\n|teamsize|p2|6\n|gen|9\n|tier|[Gen 9] VGC 2023 Regulation E\n|rated|\n|rule|Species Clause: Limit one of each Pok\u00e9mon\n|rule|Item Clause: Limit one of each item\n|clearpoke\n|poke|p1|Urshifu-*, L50, M|\n|poke|p1|Iron Bundle, L50|\n|poke|p1|Tornadus, L50, M|\n|poke|p1|Flutter Mane, L50|\n|poke|p1|Chien-Pao, L50|\n|poke|p1|Dragonite, L50, F|\n|poke|p2|Urshifu-*, L50, M|\n|poke|p2|Farigiraf, L50, M|\n|poke|p2|Clefairy, L50, M|\n|poke|p2|Ogerpon-Hearthflame, L50, F|\n|poke|p2|Ursaluna-Bloodmoon, L50, M|\n|poke|p2|Okidogi, L50, M|\n|teampreview|4\n|inactive|Battle timer is ON: inactive players will automatically lose when time's up. (requested by Emirnent)\n|inactive|alpha can elephant has 60 seconds left.\n|inactive|alpha can elephant has 30 seconds left.\n|inactive|alpha can elephant has 20 seconds left.\n|\n|t:|1701043458\n|start\n|switch|p1a: Flutter Mane|Flutter Mane, L50|100\/100\n|switch|p1b: Tornadus|Tornadus, L50, M|100\/100\n|switch|p2a: Farigiraf|Farigiraf, L50, M|100\/100\n|switch|p2b: Clefairy|Clefairy, L50, M|100\/100\n|turn|1\n|j| Braindeadmeta\n|\n|t:|1701043466\n|-terastallize|p1a: Flutter Mane|Fairy\n|move|p2b: Clefairy|Follow Me|p2b: Clefairy\n|-singleturn|p2b: Clefairy|move: Follow Me\n|move|p1b: Tornadus|Sunny Day|p1b: Tornadus\n|-weather|SunnyDay\n|-activate|p1a: Flutter Mane|ability: Protosynthesis\n|-start|p1a: Flutter Mane|protosynthesisspa\n|move|p1a: Flutter Mane|Dazzling Gleam|p2a: Farigiraf|[spread] p2a,p2b\n|-damage|p2a: Farigiraf|49\/100\n|-damage|p2b: Clefairy|27\/100\n|-enditem|p2a: Farigiraf|Sitrus Berry|[eat]\n|-heal|p2a: Farigiraf|74\/100|[from] item: Sitrus Berry\n|move|p2a: Farigiraf|Trick Room|p2a: Farigiraf\n|-fieldstart|move: Trick Room|[of] p2a: Farigiraf\n|\n|-weather|SunnyDay|[upkeep]\n|upkeep\n|turn|2\n|inactive|alpha can elephant has 30 seconds left.\n|\n|t:|1701043493\n|-end|p1a: Flutter Mane|Protosynthesis|[silent]\n|switch|p1a: Dragonite|Dragonite, L50, F|100\/100\n|-terastallize|p2a: Farigiraf|Fire\n|move|p2b: Clefairy|Heal Pulse|p2a: Farigiraf\n|-heal|p2a: Farigiraf|100\/100\n|move|p2a: Farigiraf|Nasty Plot|p2a: Farigiraf\n|-boost|p2a: Farigiraf|spa|2\n|move|p1b: Tornadus|Bleakwind Storm|p2b: Clefairy|[spread] p2a\n|-miss|p1b: Tornadus|p2b: Clefairy\n|-damage|p2a: Farigiraf|80\/100\n|-unboost|p2a: Farigiraf|spe|1\n|\n|-weather|SunnyDay|[upkeep]\n|upkeep\n|turn|3\n|inactive|alpha can elephant has 30 seconds left.\n|inactive|alpha can elephant has 20 seconds left.\n|inactive|alpha can elephant has 15 seconds left.\n|inactive|alpha can elephant has 10 seconds left.\n|\n|t:|1701043542\n|move|p2b: Clefairy|Heal Pulse|p2a: Farigiraf\n|-heal|p2a: Farigiraf|100\/100\n|move|p2a: Farigiraf|Dazzling Gleam|p1b: Tornadus|[spread] p1a,p1b\n|-supereffective|p1a: Dragonite\n|-damage|p1a: Dragonite|28\/100\n|-damage|p1b: Tornadus|59\/100\n|move|p1a: Dragonite|Haze|p1a: Dragonite\n|-clearallboost\n|move|p1b: Tornadus|Bleakwind Storm|p2b: Clefairy|[spread] p2a,p2b\n|-damage|p2a: Farigiraf|77\/100\n|-damage|p2b: Clefairy|0 fnt\n|faint|p2b: Clefairy\n|\n|-weather|SunnyDay|[upkeep]\n|upkeep\n|\n|t:|1701043551\n|switch|p2b: Ursaluna|Ursaluna-Bloodmoon, L50, M|100\/100\n|turn|4\n|\n|t:|1701043561\n|switch|p1a: Flutter Mane|Flutter Mane, L50, tera:Fairy|100\/100\n|-activate|p1a: Flutter Mane|ability: Protosynthesis\n|-start|p1a: Flutter Mane|protosynthesisspa\n|move|p2b: Ursaluna|Hyper Voice|p1a: Flutter Mane|[spread] p1a,p1b\n|-damage|p1a: Flutter Mane|55\/100\n|-damage|p1b: Tornadus|0 fnt\n|faint|p1b: Tornadus\n|-damage|p2b: Ursaluna|91\/100|[from] item: Life Orb\n|move|p2a: Farigiraf|Dazzling Gleam|p1a: Flutter Mane\n|-damage|p1a: Flutter Mane|36\/100\n|\n|-weather|SunnyDay|[upkeep]\n|upkeep\n|\n|t:|1701043573\n|switch|p1b: Urshifu|Urshifu, L50, M|100\/100\n|turn|5\n|\n|t:|1701043583\n|move|p1b: Urshifu|Detect|p1b: Urshifu\n|-singleturn|p1b: Urshifu|Protect\n|move|p2b: Ursaluna|Hyper Voice|p1b: Urshifu|[spread] p1a\n|-activate|p1b: Urshifu|move: Protect\n|-damage|p1a: Flutter Mane|0 fnt\n|faint|p1a: Flutter Mane\n|-end|p1a: Flutter Mane|Protosynthesis|[silent]\n|-damage|p2b: Ursaluna|81\/100|[from] item: Life Orb\n|move|p2a: Farigiraf|Nasty Plot|p2a: Farigiraf\n|-boost|p2a: Farigiraf|spa|2\n|\n|-weather|none\n|-fieldend|move: Trick Room\n|upkeep\n|\n|t:|1701043588\n|switch|p1a: Dragonite|Dragonite, L50, F|28\/100\n|turn|6\n|\n|t:|1701043596\n|move|p1b: Urshifu|Close Combat|p2b: Ursaluna\n|-supereffective|p2b: Ursaluna\n|-damage|p2b: Ursaluna|0 fnt\n|-unboost|p1b: Urshifu|def|1\n|-unboost|p1b: Urshifu|spd|1\n|faint|p2b: Ursaluna\n|-damage|p1b: Urshifu|91\/100|[from] item: Life Orb\n|move|p1a: Dragonite|Outrage|p2a: Farigiraf\n|-damage|p2a: Farigiraf|0 fnt\n|faint|p2a: Farigiraf\n|\n|upkeep\n|\n|t:|1701043599\n|switch|p2b: Okidogi|Okidogi, L50, M|100\/100\n|turn|7\n|\n|t:|1701043608\n|move|p1b: Urshifu|Wicked Blow|p2b: Okidogi\n|-resisted|p2b: Okidogi\n|-crit|p2b: Okidogi\n|-damage|p2b: Okidogi|69\/100\n|-damage|p1b: Urshifu|81\/100|[from] item: Life Orb\n|move|p1a: Dragonite|Outrage|p2b: Okidogi|[from]lockedmove\n|-damage|p2b: Okidogi|0 fnt\n|faint|p2b: Okidogi\n|-start|p1a: Dragonite|confusion|[fatigue]\n|\n|win|alpha can elephant\n|raw|alpha can elephant's rating: 1756 &rarr; <strong>1776<\/strong><br \/>(+20 for winning)\n|raw|Emirnent's rating: 1755 &rarr; <strong>1735<\/strong><br \/>(-20 for losing)\n|l|\u2606Emirnent\n|l| Braindeadmeta\n|l|\u2606alpha can elephant\n|j|\u2606alpha can elephant\n|player|p1|alpha can elephant|marley\n","uploadtime":1701043623,"views":51,"p1id":"alphacanelephant","p2id":"emirnent","formatid":"gen9vgc2023regulatione","rating":1735,"private":0,"password":""}