{"id":"gen9vgc2023regulatione-1989625665","p1":"GooeyGoodraa","p2":"Woundsave","format":"[Gen 9] VGC 2023 Regulation E","log":"|j|\u2606GooeyGoodraa\n|j|\u2606Woundsave\n|t:|1699880408\n|gametype|doubles\n|player|p1|GooeyGoodraa|2|1133\n|player|p2|Woundsave|266|1133\n|teamsize|p1|6\n|teamsize|p2|6\n|gen|9\n|tier|[Gen 9] VGC 2023 Regulation E\n|rated|\n|rule|Species Clause: Limit one of each Pok\u00e9mon\n|rule|Item Clause: Limit one of each item\n|clearpoke\n|poke|p1|Iron Hands, L50|\n|poke|p1|Trevenant, L50, F|\n|poke|p1|Torkoal, L50, F|\n|poke|p1|Ogerpon-Wellspring, L50, F|\n|poke|p1|Fezandipiti, L50, M|\n|poke|p1|Spectrier, L50|\n|poke|p2|Wo-Chien, L50|\n|poke|p2|Flutter Mane, L50|\n|poke|p2|Volcarona, L50, M|\n|poke|p2|Arcanine-Hisui, L50, M|\n|poke|p2|Sinistcha, L50|\n|poke|p2|Iron Hands, L50|\n|teampreview|4\n|inactive|Battle timer is ON: inactive players will automatically lose when time's up. (requested by Woundsave)\n|\n|t:|1699880455\n|start\n|switch|p1a: Trevenant|Trevenant, L50, F|100\/100\n|switch|p1b: Ogerpon|Ogerpon-Wellspring, L50, F|100\/100\n|switch|p2a: Arcanine|Arcanine-Hisui, L50, M|100\/100\n|switch|p2b: Volcarona|Volcarona, L50, M|100\/100\n|-ability|p2a: Arcanine|Intimidate|boost\n|-unboost|p1a: Trevenant|atk|1\n|-unboost|p1b: Ogerpon|atk|1\n|turn|1\n|inactive|GooeyGoodraa has 30 seconds left.\n|inactive|GooeyGoodraa has 20 seconds left.\n|inactive|GooeyGoodraa has 15 seconds left.\n|\n|t:|1699880496\n|switch|p2a: Iron Hands|Iron Hands, L50|100\/100\n|-terastallize|p1a: Trevenant|Water\n|move|p2b: Volcarona|Protect|p2b: Volcarona\n|-singleturn|p2b: Volcarona|Protect\n|move|p1b: Ogerpon|Ivy Cudgel|p2a: Iron Hands\n|-damage|p2a: Iron Hands|78\/100\n|move|p1a: Trevenant|Trick Room|p1a: Trevenant\n|-fieldstart|move: Trick Room|[of] p1a: Trevenant\n|\n|upkeep\n|turn|2\n|inactive|Woundsave has 30 seconds left.\n|\n|t:|1699880526\n|-end|p2a: Iron Hands|Quark Drive|[silent]\n|switch|p2a: Arcanine|Arcanine-Hisui, L50, M|100\/100\n|-ability|p2a: Arcanine|Intimidate|boost\n|-unboost|p1a: Trevenant|atk|1\n|-unboost|p1b: Ogerpon|atk|1\n|-terastallize|p2b: Volcarona|Water\n|move|p1a: Trevenant|Will-O-Wisp|p2a: Arcanine\n|-immune|p2a: Arcanine\n|move|p2b: Volcarona|Quiver Dance|p2b: Volcarona\n|-boost|p2b: Volcarona|spa|1\n|-boost|p2b: Volcarona|spd|1\n|-boost|p2b: Volcarona|spe|1\n|move|p1b: Ogerpon|Ivy Cudgel|p2b: Volcarona\n|-resisted|p2b: Volcarona\n|-damage|p2b: Volcarona|87\/100\n|\n|upkeep\n|turn|3\n|\n|t:|1699880547\n|switch|p2a: Iron Hands|Iron Hands, L50|78\/100\n|move|p2b: Volcarona|Protect|p2b: Volcarona\n|-singleturn|p2b: Volcarona|Protect\n|move|p1b: Ogerpon|Follow Me|p1b: Ogerpon\n|-singleturn|p1b: Ogerpon|move: Follow Me\n|move|p1a: Trevenant|Horn Leech|p2b: Volcarona\n|-activate|p2b: Volcarona|move: Protect\n|\n|upkeep\n|turn|4\n|\n|t:|1699880567\n|switch|p1b: Torkoal|Torkoal, L50, F|100\/100\n|-weather|SunnyDay|[from] ability: Drought|[of] p1b: Torkoal\n|move|p2a: Iron Hands|Fake Out|p1a: Trevenant\n|-damage|p1a: Trevenant|85\/100\n|cant|p1a: Trevenant|flinch\n|move|p2b: Volcarona|Heat Wave|p1b: Torkoal|[spread] p1a,p1b\n|-resisted|p1a: Trevenant\n|-resisted|p1b: Torkoal\n|-damage|p1a: Trevenant|45\/100\n|-damage|p1b: Torkoal|53\/100\n|-enditem|p1a: Trevenant|Sitrus Berry|[eat]\n|-heal|p1a: Trevenant|70\/100|[from] item: Sitrus Berry\n|\n|-weather|SunnyDay|[upkeep]\n|-item|p1a: Trevenant|Sitrus Berry|[from] ability: Harvest\n|upkeep\n|turn|5\n|inactive|GooeyGoodraa has 30 seconds left.\n|\n|t:|1699880601\n|switch|p1a: Fezandipiti|Fezandipiti, L50, M|100\/100\n|-end|p2a: Iron Hands|Quark Drive|[silent]\n|switch|p2a: Arcanine|Arcanine-Hisui, L50, M|100\/100\n|-ability|p2a: Arcanine|Intimidate|boost\n|-unboost|p1a: Fezandipiti|atk|1\n|-unboost|p1b: Torkoal|atk|1\n|move|p2b: Volcarona|Protect|p2b: Volcarona\n|-singleturn|p2b: Volcarona|Protect\n|move|p1b: Torkoal|Earth Power|p2a: Arcanine\n|-supereffective|p2a: Arcanine\n|-damage|p2a: Arcanine|0 fnt\n|faint|p2a: Arcanine\n|\n|-weather|SunnyDay|[upkeep]\n|-fieldend|move: Trick Room\n|upkeep\n|\n|t:|1699880613\n|switch|p2a: Iron Hands|Iron Hands, L50|78\/100\n|turn|6\n|\n|t:|1699880631\n|move|p2a: Iron Hands|Fake Out|p1a: Fezandipiti\n|-damage|p1a: Fezandipiti|86\/100\n|move|p2b: Volcarona|Heat Wave|p1b: Torkoal|[spread] p1a,p1b\n|-resisted|p1b: Torkoal\n|-damage|p1a: Fezandipiti|40\/100\n|-damage|p1b: Torkoal|7\/100\n|-status|p1a: Fezandipiti|brn\n|cant|p1a: Fezandipiti|flinch\n|move|p1b: Torkoal|Earth Power|p2a: Iron Hands\n|-supereffective|p2a: Iron Hands\n|-damage|p2a: Iron Hands|49\/100\n|-unboost|p2a: Iron Hands|spd|1\n|\n|-weather|SunnyDay|[upkeep]\n|-heal|p1a: Fezandipiti|45\/100 brn|[from] item: Leftovers\n|-damage|p1a: Fezandipiti|40\/100 brn|[from] brn\n|upkeep\n|turn|7\n|inactive|GooeyGoodraa has 30 seconds left.\n|inactive|GooeyGoodraa has 20 seconds left.\n|\n|t:|1699880668\n|move|p2b: Volcarona|Heat Wave|p1a: Fezandipiti|[spread] p1a,p1b\n|-resisted|p1b: Torkoal\n|-damage|p1a: Fezandipiti|0 fnt\n|-damage|p1b: Torkoal|0 fnt\n|faint|p1a: Fezandipiti\n|faint|p1b: Torkoal\n|move|p2a: Iron Hands|Drain Punch|p1: Fezandipiti|[notarget]\n|-fail|p2a: Iron Hands\n|\n|-weather|SunnyDay|[upkeep]\n|upkeep\n|\n|t:|1699880677\n|switch|p1a: Ogerpon|Ogerpon-Wellspring, L50, F|100\/100\n|switch|p1b: Trevenant|Trevenant, L50, F, tera:Water|70\/100\n|turn|8\n|\n|t:|1699880696\n|move|p2b: Volcarona|Protect|p2b: Volcarona\n|-singleturn|p2b: Volcarona|Protect\n|move|p1a: Ogerpon|Spiky Shield|p1a: Ogerpon\n|-singleturn|p1a: Ogerpon|move: Protect\n|move|p2a: Iron Hands|Thunder Punch|p1b: Trevenant\n|-supereffective|p1b: Trevenant\n|-damage|p1b: Trevenant|0 fnt\n|faint|p1b: Trevenant\n|\n|-weather|none\n|upkeep\n|turn|9\n|\n|t:|1699880709\n|move|p2b: Volcarona|Bug Buzz|p1a: Ogerpon\n|-supereffective|p1a: Ogerpon\n|-damage|p1a: Ogerpon|0 fnt\n|faint|p1a: Ogerpon\n|\n|win|Woundsave\n|raw|GooeyGoodraa's rating: 1133 &rarr; <strong>1108<\/strong><br \/>(-25 for losing)\n|raw|Woundsave's rating: 1133 &rarr; <strong>1158<\/strong><br \/>(+25 for winning)\n|l|\u2606GooeyGoodraa\n","uploadtime":1699880718,"views":29,"p1id":"gooeygoodraa","p2id":"woundsave","formatid":"gen9vgc2023regulatione","rating":1108,"private":0,"password":""}