{"id":"gen9vgc2023regulatione-1987962760","p1":"zanethrillseek","p2":"HiRakkun","format":"[Gen 9] VGC 2023 Regulation E","log":"|j|\u2606zanethrillseek\n|j|\u2606HiRakkun\n|t:|1699653629\n|gametype|doubles\n|player|p1|zanethrillseek|hilbert-wonderlauncher|1215\n|player|p2|HiRakkun|266|1112\n|teamsize|p1|6\n|teamsize|p2|6\n|gen|9\n|tier|[Gen 9] VGC 2023 Regulation E\n|rated|\n|rule|Species Clause: Limit one of each Pok\u00e9mon\n|rule|Item Clause: Limit one of each item\n|clearpoke\n|poke|p1|Tornadus, L50, M|\n|poke|p1|Chien-Pao, L50|\n|poke|p1|Rillaboom, L50, F|\n|poke|p1|Arcanine-Hisui, L50, F|\n|poke|p1|Flutter Mane, L50|\n|poke|p1|Urshifu-*, L50, F|\n|poke|p2|Tauros-Paldea-Blaze, L50, M|\n|poke|p2|Zoroark-Hisui, L50, M|\n|poke|p2|Flutter Mane, L50|\n|poke|p2|Ogerpon-Wellspring, L50, F|\n|poke|p2|Tornadus, L50, M|\n|poke|p2|Arbok, L50, F|\n|teampreview|4\n|inactive|Battle timer is ON: inactive players will automatically lose when time's up. (requested by HiRakkun)\nHiRakkun rejected open team sheets.\n|\n|t:|1699653682\n|start\n|switch|p1a: Tornadus|Tornadus, L50, M|100\/100\n|switch|p1b: Rillaboom|Rillaboom, L50, F|100\/100\n|switch|p2a: Tauros|Tauros-Paldea-Blaze, L50, M|100\/100\n|switch|p2b: Flutter Mane|Flutter Mane, L50|100\/100\n|-ability|p2a: Tauros|Intimidate|boost\n|-unboost|p1a: Tornadus|atk|1\n|-unboost|p1b: Rillaboom|atk|1\n|-fieldstart|move: Grassy Terrain|[from] ability: Grassy Surge|[of] p1b: Rillaboom\n|turn|1\n|inactive|zanethrillseek has 30 seconds left.\n|inactive|zanethrillseek has 20 seconds left.\n|inactive|zanethrillseek has 15 seconds left.\n|\n|t:|1699653731\n|move|p2a: Tauros|Protect|p2a: Tauros\n|-singleturn|p2a: Tauros|Protect\n|move|p1b: Rillaboom|Fake Out|p2a: Tauros\n|-activate|p2a: Tauros|move: Protect\n|move|p1a: Tornadus|Rain Dance|p1a: Tornadus\n|-weather|RainDance\n|move|p2b: Flutter Mane|Bitter Malice|p1b: Rillaboom\n|-damage|p1b: Rillaboom|73\/100\n|-unboost|p1b: Rillaboom|atk|1\n|\n|-weather|RainDance|[upkeep]\n|-heal|p1b: Rillaboom|79\/100|[from] Grassy Terrain\n|upkeep\n|turn|2\n|inactive|zanethrillseek has 30 seconds left.\n|\n|t:|1699653758\n|switch|p2b: Tornadus|Tornadus, L50, M|100\/100\n|-terastallize|p2a: Tauros|Dragon\n|move|p2a: Tauros|Will-O-Wisp|p1b: Rillaboom\n|-status|p1b: Rillaboom|brn\n|move|p1a: Tornadus|Bleakwind Storm|p2a: Tauros|[spread] p2a,p2b\n|-damage|p2a: Tauros|56\/100\n|-damage|p2b: Tornadus|64\/100\n|move|p1b: Rillaboom|U-turn|p2b: Tornadus\n|-resisted|p2b: Tornadus\n|-damage|p2b: Tornadus|60\/100\n|\n|t:|1699653773\n|switch|p1b: Arcanine|Arcanine-Hisui, L50, F|100\/100|[from] U-turn\n|-ability|p1b: Arcanine|Intimidate|boost\n|-unboost|p2a: Tauros|atk|1\n|-unboost|p2b: Tornadus|atk|1\n|\n|-weather|RainDance|[upkeep]\n|-heal|p2a: Tauros|62\/100|[from] Grassy Terrain\n|upkeep\n|turn|3\n|inactive|HiRakkun has 30 seconds left.\n|inactive|HiRakkun has 20 seconds left.\n|inactive|HiRakkun has 15 seconds left.\n|\n|t:|1699653817\n|move|p2b: Tornadus|Tailwind|p2b: Tornadus\n|-sidestart|p2: HiRakkun|move: Tailwind\n|move|p1a: Tornadus|Tailwind|p1a: Tornadus\n|-sidestart|p1: zanethrillseek|move: Tailwind\n|move|p2a: Tauros|Close Combat|p1b: Arcanine\n|-supereffective|p1b: Arcanine\n|-damage|p1b: Arcanine|32\/100\n|-unboost|p2a: Tauros|def|1\n|-unboost|p2a: Tauros|spd|1\n|move|p1b: Arcanine|Rock Slide|p2b: Tornadus|[spread] p2a,p2b\n|-supereffective|p2b: Tornadus\n|-crit|p2b: Tornadus\n|-damage|p2a: Tauros|0 fnt\n|-damage|p2b: Tornadus|0 fnt\n|faint|p2a: Tauros\n|faint|p2b: Tornadus\n|\n|-weather|RainDance|[upkeep]\n|-heal|p1b: Arcanine|38\/100|[from] Grassy Terrain\n|upkeep\n|\n|t:|1699653828\n|switch|p2b: Flutter Mane|Flutter Mane, L50|100\/100\n|switch|p2a: Flutter Mane|Flutter Mane, L50|100\/100\n|-enditem|p2b: Flutter Mane|Booster Energy\n|-activate|p2b: Flutter Mane|ability: Protosynthesis|[fromitem]\n|-start|p2b: Flutter Mane|protosynthesisspe\n|turn|4\n|inactive|zanethrillseek has 30 seconds left.\n|\n|t:|1699653856\n|move|p2b: Flutter Mane|Calm Mind|p2b: Flutter Mane\n|-boost|p2b: Flutter Mane|spa|1\n|-boost|p2b: Flutter Mane|spd|1\n|move|p2a: Flutter Mane|Bitter Malice|p1b: Arcanine\n|-damage|p1b: Arcanine|0 fnt\n|faint|p1b: Arcanine\n|move|p1a: Tornadus|Bleakwind Storm|p2b: Flutter Mane|[spread] p2a,p2b\n|-damage|p2a: Flutter Mane|38\/100\n|-damage|p2b: Flutter Mane|77\/100\n|-unboost|p2a: Flutter Mane|spe|1\n|replace|p2a: Zoroark|Zoroark-Hisui, L50, M\n|-end|p2a: Zoroark|Illusion\n|\n|-weather|RainDance|[upkeep]\n|-heal|p2b: Flutter Mane|84\/100|[from] Grassy Terrain\n|-heal|p2a: Zoroark|44\/100|[from] Grassy Terrain\n|upkeep\n|\n|t:|1699653873\n|switch|p1b: Urshifu|Urshifu-Rapid-Strike, L50, F|100\/100\n|turn|5\n|\n|t:|1699653890\n|-terastallize|p1b: Urshifu|Water\n|move|p2b: Flutter Mane|Dazzling Gleam|p1b: Urshifu|[spread] p1a,p1b\n|-damage|p1a: Tornadus|46\/100\n|-damage|p1b: Urshifu|20\/100\n|move|p2a: Zoroark|Bitter Malice|p1a: Tornadus\n|-damage|p1a: Tornadus|3\/100\n|-unboost|p1a: Tornadus|atk|1\n|move|p1b: Urshifu|Surging Strikes|p2b: Flutter Mane\n|-crit|p2b: Flutter Mane\n|-damage|p2b: Flutter Mane|0 fnt\n|faint|p2b: Flutter Mane\n|-end|p2b: Flutter Mane|Protosynthesis|[silent]\n|-hitcount|p2: Flutter Mane|1\n|move|p1a: Tornadus|Bleakwind Storm|p2a: Zoroark\n|-damage|p2a: Zoroark|0 fnt\n|faint|p2a: Zoroark\n|\n|win|zanethrillseek\n|raw|zanethrillseek's rating: 1215 &rarr; <strong>1233<\/strong><br \/>(+18 for winning)\n|raw|HiRakkun's rating: 1112 &rarr; <strong>1094<\/strong><br \/>(-18 for losing)\n|l|\u2606HiRakkun\n|c|\u2606zanethrillseek|gg\n","uploadtime":1699653916,"views":18,"p1id":"zanethrillseek","p2id":"hirakkun","formatid":"gen9vgc2023regulatione","rating":1094,"private":0,"password":""}