{"id":"gen9vgc2023regulatione-1998937377","p1":"BriemVR","p2":"Astano","format":"[Gen 9] VGC 2023 Regulation E","log":"|j|\u2606BriemVR\n|j|\u2606Astano\n|t:|1701015286\n|gametype|doubles\n|player|p1|BriemVR|swimmer-gen4dp|1177\n|player|p2|Astano|cynthia-masters3|1078\n|teamsize|p1|6\n|teamsize|p2|6\n|gen|9\n|tier|[Gen 9] VGC 2023 Regulation E\n|rated|\n|rule|Species Clause: Limit one of each Pok\u00e9mon\n|rule|Item Clause: Limit one of each item\n|clearpoke\n|poke|p1|Basculegion, L50, M|\n|poke|p1|Ursaluna, L50, F|\n|poke|p1|Golem-Alola, L50, F|\n|poke|p1|Rabsca, L50, F|\n|poke|p1|Grafaiai, L50, F|\n|poke|p1|Clefairy, L50, F|\n|poke|p2|Ogerpon-Wellspring, L50, F|\n|poke|p2|Chi-Yu, L50|\n|poke|p2|Iron Hands, L50|\n|poke|p2|Landorus-Therian, L50, M|\n|poke|p2|Chien-Pao, L50|\n|poke|p2|Flutter Mane, L50|\n|teampreview|4\n|inactive|Battle timer is ON: inactive players will automatically lose when time's up. (requested by BriemVR)\nAstano has agreed to open team sheets.\n|inactive|BriemVR has 60 seconds left.\n|\n|t:|1701015330\n|start\n|switch|p1a: Rabsca|Rabsca, L50, F|100\/100\n|switch|p1b: Golem|Golem-Alola, L50, F|100\/100\n|switch|p2a: Chi-Yu|Chi-Yu, L50|100\/100\n|switch|p2b: Iron Hands|Iron Hands, L50|100\/100\n|-ability|p2a: Chi-Yu|Beads of Ruin\n|turn|1\n|inactive|BriemVR has 30 seconds left.\n|inactive|Astano has 30 seconds left.\n|\n|t:|1701015359\n|switch|p1a: Ursaluna|Ursaluna, L50, F|100\/100\n|-terastallize|p2a: Chi-Yu|Ghost\n|-terastallize|p1b: Golem|Electric\n|move|p2b: Iron Hands|Fake Out|p1a: Ursaluna\n|-damage|p1a: Ursaluna|90\/100\n|move|p2a: Chi-Yu|Dark Pulse|p1a: Ursaluna\n|-damage|p1a: Ursaluna|14\/100\n|move|p1b: Golem|Explosion|p2b: Iron Hands|[spread] p2a,p2b\n|-immune|p1a: Ursaluna\n|-resisted|p2b: Iron Hands\n|-damage|p2a: Chi-Yu|0 fnt\n|-damage|p2b: Iron Hands|35\/100\n|faint|p1b: Golem\n|faint|p2a: Chi-Yu\n|\n|-status|p1a: Ursaluna|brn|[from] item: Flame Orb\n|upkeep\n|inactive|BriemVR has 30 seconds left.\n|\n|t:|1701015387\n|switch|p2a: Flutter Mane|Flutter Mane, L50|100\/100\n|switch|p1b: Rabsca|Rabsca, L50, F|100\/100\n|-enditem|p2a: Flutter Mane|Booster Energy\n|-activate|p2a: Flutter Mane|ability: Protosynthesis|[fromitem]\n|-start|p2a: Flutter Mane|protosynthesisspa\n|turn|2\n|\n|t:|1701015405\n|switch|p1a: Basculegion|Basculegion, L50, M|100\/100\n|move|p2a: Flutter Mane|Dazzling Gleam|p1a: Basculegion|[spread] p1a,p1b\n|-damage|p1a: Basculegion|63\/100\n|-damage|p1b: Rabsca|63\/100\n|move|p2b: Iron Hands|Heavy Slam|p1b: Rabsca\n|-damage|p1b: Rabsca|21\/100\n|move|p1b: Rabsca|Trick Room|p1b: Rabsca\n|-fieldstart|move: Trick Room|[of] p1b: Rabsca\n|\n|upkeep\n|turn|3\n|\n|t:|1701015427\n|-end|p2b: Iron Hands|Quark Drive|[silent]\n|switch|p2b: Ogerpon|Ogerpon-Wellspring, L50, F|100\/100\n|move|p2a: Flutter Mane|Protect|p2a: Flutter Mane\n|-singleturn|p2a: Flutter Mane|Protect\n|move|p1b: Rabsca|Psychic|p2b: Ogerpon\n|-damage|p2b: Ogerpon|64\/100\n|move|p1a: Basculegion|Last Respects|p2a: Flutter Mane\n|-activate|p2a: Flutter Mane|move: Protect\n|\n|upkeep\n|turn|4\n|\n|t:|1701015456\n|move|p2b: Ogerpon|Follow Me|p2b: Ogerpon\n|-singleturn|p2b: Ogerpon|move: Follow Me\n|move|p1b: Rabsca|Revival Blessing|p1b: Rabsca\n|-enditem|p1b: Rabsca|Leppa Berry|[eat]\n|-activate|p1b: Rabsca|item: Leppa Berry|Revival Blessing|[consumed]\n|\n|t:|1701015460\n|-heal|p1: Golem|50\/100|[from] move: Revival Blessing\n|move|p1a: Basculegion|Last Respects|p2b: Ogerpon\n|-damage|p2b: Ogerpon|0 fnt\n|faint|p2b: Ogerpon\n|-damage|p1a: Basculegion|53\/100|[from] item: Life Orb\n|move|p2a: Flutter Mane|Dazzling Gleam|p1a: Basculegion|[spread] p1a,p1b\n|-damage|p1a: Basculegion|20\/100\n|-damage|p1b: Rabsca|0 fnt\n|faint|p1b: Rabsca\n|\n|upkeep\n|\n|t:|1701015481\n|switch|p1b: Ursaluna|Ursaluna, L50, F|14\/100 brn\n|switch|p2b: Iron Hands|Iron Hands, L50|35\/100\n|turn|5\n|\n|t:|1701015496\n|move|p2a: Flutter Mane|Protect|p2a: Flutter Mane\n|-singleturn|p2a: Flutter Mane|Protect\n|move|p2b: Iron Hands|Fake Out|p1b: Ursaluna\n|-damage|p1b: Ursaluna|1\/100 brn\n|cant|p1b: Ursaluna|flinch\n|move|p1a: Basculegion|Last Respects|p2a: Flutter Mane\n|-activate|p2a: Flutter Mane|move: Protect\n|\n|-damage|p1b: Ursaluna|0 fnt|[from] brn\n|faint|p1b: Ursaluna\n|upkeep\n|\n|t:|1701015509\n|switch|p1b: Golem|Golem-Alola, L50, F|50\/100\n|turn|6\n|inactive|BriemVR has 30 seconds left.\n|inactive|BriemVR has 20 seconds left.\n|inactive|BriemVR has 15 seconds left.\n|\n|t:|1701015553\n|move|p1a: Basculegion|Protect|p1a: Basculegion\n|-singleturn|p1a: Basculegion|Protect\n|move|p2a: Flutter Mane|Protect||[still]\n|-fail|p2a: Flutter Mane\n|move|p1b: Golem|Explosion|p2a: Flutter Mane|[spread] p2a,p2b\n|-activate|p1a: Basculegion|move: Protect\n|-resisted|p2b: Iron Hands\n|-damage|p2a: Flutter Mane|0 fnt\n|-damage|p2b: Iron Hands|0 fnt\n|faint|p1b: Golem\n|faint|p2a: Flutter Mane\n|-end|p2a: Flutter Mane|Protosynthesis|[silent]\n|faint|p2b: Iron Hands\n|-end|p2b: Iron Hands|Quark Drive|[silent]\n|\n|win|BriemVR\n|raw|BriemVR's rating: 1177 &rarr; <strong>1195<\/strong><br \/>(+18 for winning)\n|raw|Astano's rating: 1078 &rarr; <strong>1062<\/strong><br \/>(-16 for losing)\n","uploadtime":1701015563,"views":1,"p1id":"briemvr","p2id":"astano","formatid":"gen9vgc2023regulatione","rating":1062,"private":0,"password":""}