{"id":"gen9vgc2023regulatione-1999852924","p1":"tiiibbs","p2":"testlab12","format":"[Gen 9] VGC 2023 Regulation E","log":"|j|\u2606tiiibbs\n|j|\u2606testlab12\n|n|\u2606tiiibbs|tiiibbs\n|n|\u2606testlab12|testlab12\n|html|View the match progress at <a href=\"\/game-bestof3-gen9vgc2023regulatione-1999852923\">game-bestof3-gen9vgc2023regulatione-1999852923<\/a>\n|t:|1701122909\n|gametype|doubles\n|player|p1|tiiibbs|clay|\n|player|p2|testlab12|ghetsis|\n|teamsize|p1|6\n|teamsize|p2|6\n|gen|9\n|tier|[Gen 9] VGC 2023 Regulation E\n|rule|Species Clause: Limit one of each Pok\u00e9mon\n|rule|Item Clause: Limit one of each item\n|clearpoke\n|poke|p1|Urshifu-*, L50, F|\n|poke|p1|Rillaboom, L50, M|\n|poke|p1|Hawlucha, L50, F|\n|poke|p1|Zapdos, L50|\n|poke|p1|Tinkaton, L50, F|\n|poke|p1|Persian-Alola, L50, F|\n|poke|p2|Iron Hands, L50|\n|poke|p2|Ogerpon, L50, F|\n|poke|p2|Arcanine-Hisui, L50, F|\n|poke|p2|Krookodile, L50, F|\n|poke|p2|Clefairy, L50, F|\n|poke|p2|Bruxish, L50, M|\n|teampreview|4\n|c|\u2606testlab12|yo\ntestlab12 has agreed to open team sheets.\n|c|\u2606tiiibbs|do they care if we do open ts or not\n|c|\u2606testlab12|i dont think so though i am an open ts enjoyer so i will always offer\n|c|\u2606tiiibbs|ok\ntiiibbs has agreed to open team sheets.\n|showteam|p1|Urshifu-Rapid-Strike||ClearAmulet|UnseenFist|SurgingStrikes,TeraBlast,BulkUp,Protect|||F|||50|,,,,,Fairy]Rillaboom||OccaBerry|GrassySurge|FakeOut,GrassyGlide,StompingTantrum,Uturn|||M|||50|,,,,,Dragon]Hawlucha||GrassySeed|Unburden|Acrobatics,CloseCombat,Protect,SwordsDance|||F|||50|,,,,,Flying]Zapdos||CovertCloak|Static|Hurricane,Thunderbolt,Tailwind,VoltSwitch||||||50|,,,,,Electric]Tinkaton||RedCard|MoldBreaker|FakeOut,PlayRough,Encore,ThunderWave|||F|||50|,,,,,Fairy]Persian-Alola||ChoiceScarf|FurCoat|FakeOut,PartingShot,Switcheroo,FoulPlay|||F|||50|,,,,,Dark\n|showteam|p2|Iron Hands||BoosterEnergy|QuarkDrive|DrainPunch,ThunderPunch,FakeOut,SwordsDance||||||50|,,,,,Fighting]Ogerpon||RazorClaw|Defiant|IvyCudgel,StompingTantrum,KnockOff,SpikyShield|||F|||50|,,,,,Grass]Arcanine-Hisui||ChoiceScarf|Intimidate|ExtremeSpeed,FlareBlitz,RockSlide,TeraBlast|||F|||50|,,,,,Fairy]Krookodile||AssaultVest|Intimidate|HighHorsepower,KnockOff,CloseCombat,RockSlide|||F|||50|,,,,,Ground]Clefairy||Eviolite|FriendGuard|HealPulse,HelpingHand,FollowMe,Protect|||F|||50|,,,,,Fairy]Bruxish||SitrusBerry|Dazzling|WaveCrash,PsychicFangs,Taunt,Protect|||M|||50|,,,,,Water\n|\n|t:|1701123071\n|start\n|switch|p1a: Persian|Persian-Alola, L50, F|100\/100\n|switch|p1b: Rillaboom|Rillaboom, L50, M|100\/100\n|switch|p2a: Arcanine|Arcanine-Hisui, L50, F|100\/100\n|switch|p2b: Iron Hands|Iron Hands, L50|100\/100\n|-ability|p2a: Arcanine|Intimidate|boost\n|-unboost|p1a: Persian|atk|1\n|-unboost|p1b: Rillaboom|atk|1\n|-fieldstart|move: Grassy Terrain|[from] ability: Grassy Surge|[of] p1b: Rillaboom\n|-enditem|p2b: Iron Hands|Booster Energy\n|-activate|p2b: Iron Hands|ability: Quark Drive|[fromitem]\n|-start|p2b: Iron Hands|quarkdriveatk\n|turn|1\n|\n|t:|1701123105\n|switch|p2a: Bruxish|Bruxish, L50, M|100\/100\n|move|p1b: Rillaboom|Fake Out||[still]\n|cant|p2a: Bruxish|ability: Dazzling|Fake Out|[of] p1b: Rillaboom\n|move|p1a: Persian|Switcheroo|p2b: Iron Hands\n|-activate|p1a: Persian|move: Trick|[of] p2b: Iron Hands\n|-item|p2b: Iron Hands|Choice Scarf|[from] move: Switcheroo\n|-enditem|p1a: Persian|Choice Scarf|[silent]|[from] move: Switcheroo\n|move|p2b: Iron Hands|Swords Dance|p2b: Iron Hands\n|-boost|p2b: Iron Hands|atk|2\n|\n|upkeep\n|turn|2\n|\n|t:|1701123136\n|-end|p2b: Iron Hands|Quark Drive|[silent]\n|switch|p2b: Arcanine|Arcanine-Hisui, L50, F|100\/100\n|-ability|p2b: Arcanine|Intimidate|boost\n|-unboost|p1a: Persian|atk|1\n|-unboost|p1b: Rillaboom|atk|1\n|move|p2a: Bruxish|Protect|p2a: Bruxish\n|-singleturn|p2a: Bruxish|Protect\n|move|p1a: Persian|Parting Shot|p2b: Arcanine\n|-unboost|p2b: Arcanine|atk|1\n|-unboost|p2b: Arcanine|spa|1\n|\n|t:|1701123158\n|switch|p1a: Urshifu|Urshifu-Rapid-Strike, L50, F|100\/100|[from] Parting Shot\n|move|p1b: Rillaboom|U-turn|p2a: Bruxish\n|-activate|p2a: Bruxish|move: Protect\n|\n|upkeep\n|turn|3\n|\n|t:|1701123188\n|-terastallize|p1a: Urshifu|Fairy\n|move|p2b: Arcanine|Rock Slide|p1b: Rillaboom|[spread] p1a,p1b\n|-damage|p1a: Urshifu|83\/100\n|-damage|p1b: Rillaboom|87\/100\n|move|p1a: Urshifu|Bulk Up|p1a: Urshifu\n|-boost|p1a: Urshifu|atk|1\n|-boost|p1a: Urshifu|def|1\n|cant|p1b: Rillaboom|flinch\n|move|p2a: Bruxish|Taunt|p1a: Urshifu\n|-start|p1a: Urshifu|move: Taunt\n|\n|-heal|p1a: Urshifu|89\/100|[from] Grassy Terrain\n|-heal|p1b: Rillaboom|93\/100|[from] Grassy Terrain\n|upkeep\n|turn|4\n|\n|t:|1701123212\n|switch|p2b: Iron Hands|Iron Hands, L50|100\/100\n|move|p1a: Urshifu|Surging Strikes|p2b: Iron Hands\n|-crit|p2b: Iron Hands\n|-damage|p2b: Iron Hands|80\/100\n|-crit|p2b: Iron Hands\n|-damage|p2b: Iron Hands|59\/100\n|-crit|p2b: Iron Hands\n|-damage|p2b: Iron Hands|36\/100\n|-hitcount|p2b: Iron Hands|3\n|move|p2a: Bruxish|Psychic Fangs|p1a: Urshifu\n|-damage|p1a: Urshifu|68\/100\n|move|p1b: Rillaboom|U-turn|p2a: Bruxish\n|-supereffective|p2a: Bruxish\n|-damage|p2a: Bruxish|78\/100\n|\n|t:|1701123236\n|switch|p1b: Persian|Persian-Alola, L50, F|100\/100|[from] U-turn\n|\n|-heal|p1a: Urshifu|74\/100|[from] Grassy Terrain\n|-heal|p2a: Bruxish|83\/100|[from] Grassy Terrain\n|-heal|p2b: Iron Hands|42\/100|[from] Grassy Terrain\n|upkeep\n|turn|5\n|\n|t:|1701123251\n|move|p2a: Bruxish|Protect|p2a: Bruxish\n|-singleturn|p2a: Bruxish|Protect\n|move|p1b: Persian|Fake Out||[still]\n|cant|p2a: Bruxish|ability: Dazzling|Fake Out|[of] p1b: Persian\n|move|p1a: Urshifu|Surging Strikes|p2b: Iron Hands\n|-crit|p2b: Iron Hands\n|-damage|p2b: Iron Hands|22\/100\n|-crit|p2b: Iron Hands\n|-damage|p2b: Iron Hands|2\/100\n|-crit|p2b: Iron Hands\n|-damage|p2b: Iron Hands|0 fnt\n|faint|p2b: Iron Hands\n|-end|p2b: Iron Hands|Quark Drive|[silent]\n|-hitcount|p2: Iron Hands|3\n|\n|-heal|p1a: Urshifu|79\/100|[from] Grassy Terrain\n|-heal|p2a: Bruxish|89\/100|[from] Grassy Terrain\n|-fieldend|move: Grassy Terrain\n|upkeep\n|\n|t:|1701123265\n|switch|p2b: Arcanine|Arcanine-Hisui, L50, F|100\/100\n|-ability|p2b: Arcanine|Intimidate|boost\n|-fail|p1a: Urshifu|unboost|[from] item: Clear Amulet|[of] p1a: Urshifu\n|-unboost|p1b: Persian|atk|1\n|turn|6\n|\n|t:|1701123290\n|-terastallize|p2b: Arcanine|Fairy\n|move|p2b: Arcanine|Flare Blitz|p1a: Urshifu\n|-damage|p1a: Urshifu|41\/100\n|-damage|p2b: Arcanine|88\/100|[from] Recoil\n|move|p1b: Persian|Foul Play|p2a: Bruxish\n|-supereffective|p2a: Bruxish\n|-damage|p2a: Bruxish|7\/100\n|-enditem|p2a: Bruxish|Sitrus Berry|[eat]\n|-heal|p2a: Bruxish|31\/100|[from] item: Sitrus Berry\n|move|p1a: Urshifu|Surging Strikes|p2b: Arcanine\n|-crit|p2b: Arcanine\n|-damage|p2b: Arcanine|55\/100\n|-crit|p2b: Arcanine\n|-damage|p2b: Arcanine|21\/100\n|-crit|p2b: Arcanine\n|-damage|p2b: Arcanine|0 fnt\n|faint|p2b: Arcanine\n|-hitcount|p2: Arcanine|3\n|move|p2a: Bruxish|Wave Crash|p1a: Urshifu\n|-damage|p1a: Urshifu|14\/100\n|-damage|p2a: Bruxish|22\/100|[from] Recoil\n|\n|-end|p1a: Urshifu|move: Taunt\n|upkeep\n|\n|t:|1701123302\n|switch|p2b: Krookodile|Krookodile, L50, F|100\/100\n|-ability|p2b: Krookodile|Intimidate|boost\n|-fail|p1a: Urshifu|unboost|[from] item: Clear Amulet|[of] p1a: Urshifu\n|-unboost|p1b: Persian|atk|1\n|turn|7\n|\n|t:|1701123317\n|move|p1b: Persian|Foul Play|p2a: Bruxish\n|-supereffective|p2a: Bruxish\n|-damage|p2a: Bruxish|0 fnt\n|faint|p2a: Bruxish\n|move|p1a: Urshifu|Surging Strikes|p2b: Krookodile\n|-supereffective|p2b: Krookodile\n|-crit|p2b: Krookodile\n|-damage|p2b: Krookodile|25\/100\n|-supereffective|p2b: Krookodile\n|-crit|p2b: Krookodile\n|-damage|p2b: Krookodile|0 fnt\n|faint|p2b: Krookodile\n|-hitcount|p2: Krookodile|2\n|\n|win|tiiibbs\n|c|&|\/uhtml prompt-testlab12,testlab12 is ready for game 2!\n|c|\u2606testlab12|gg\n|inactive|tiiibbs has 50 seconds to confirm battle start!\n|c|\u2606tiiibbs|gg\n|c|&|\/uhtml prompt-testlab12,testlab12 is ready for game 2!\n|c|&|\/uhtml prompt-tiiibbs,tiiibbs is ready for game 2!\nBoth players are ready! Starting next match!\n|l|\u2606testlab12\n","uploadtime":1701123322,"views":10,"p1id":"tiiibbs","p2id":"testlab12","formatid":"gen9vgc2023regulatione","rating":0,"private":0,"password":""}