{"id":"gen9vgc2023regulatione-1989921084","p1":"Snivy387","p2":"cefiroo","format":"[Gen 9] VGC 2023 Regulation E","log":"|j|\u203dSnivy387\n|j|\u2606cefiroo\n|t:|1699906888\n|gametype|doubles\n|player|p1|Snivy387|2|1215\n|player|p2|cefiroo|iris-gen5bw2|1223\n|teamsize|p1|6\n|teamsize|p2|6\n|gen|9\n|tier|[Gen 9] VGC 2023 Regulation E\n|rated|\n|rule|Species Clause: Limit one of each Pok\u00e9mon\n|rule|Item Clause: Limit one of each item\n|clearpoke\n|poke|p1|Chien-Pao, L50|\n|poke|p1|Tyranitar, L50, M|\n|poke|p1|Ambipom, L50, M|\n|poke|p1|Flutter Mane, L50|\n|poke|p1|Ariados, L50, M|\n|poke|p1|Dragonite, L50, M|\n|poke|p2|Zapdos-Galar, L50|\n|poke|p2|Chien-Pao, L50|\n|poke|p2|Dragonite, L50, M|\n|poke|p2|Clefairy, L50, M|\n|poke|p2|Heatran, L50, M|\n|poke|p2|Goodra-Hisui, L50, M|\n|teampreview|4\n|inactive|Battle timer is ON: inactive players will automatically lose when time's up. (requested by cefiroo)\n|inactive|cefiroo has 60 seconds left.\n|\n|t:|1699906951\n|start\n|switch|p1a: Ambipom|Ambipom, L50, M, shiny|100\/100\n|switch|p1b: Chien-Pao|Chien-Pao, L50|100\/100\n|switch|p2a: Heatran|Heatran, L50, M|100\/100\n|switch|p2b: Zapdos|Zapdos-Galar, L50|100\/100\n|-ability|p1b: Chien-Pao|Sword of Ruin\n|turn|1\n|inactive|cefiroo has 30 seconds left.\n|\n|t:|1699906980\n|-terastallize|p2b: Zapdos|Ghost\n|-terastallize|p1b: Chien-Pao|Rock\n|move|p1a: Ambipom|Fake Out|p2b: Zapdos\n|-immune|p2b: Zapdos\n|move|p2b: Zapdos|Thunderous Kick|p1a: Ambipom\n|-supereffective|p1a: Ambipom\n|-damage|p1a: Ambipom|0 fnt\n|faint|p1a: Ambipom\n|move|p1b: Chien-Pao|Tera Blast|p2a: Heatran|[anim] Tera Blast Rock\n|-damage|p2a: Heatran|44\/100\n|-damage|p1b: Chien-Pao|91\/100|[from] item: Life Orb\n|move|p2a: Heatran|Heat Wave|p1b: Chien-Pao\n|-resisted|p1b: Chien-Pao\n|-damage|p1b: Chien-Pao|49\/100\n|\n|upkeep\n|\n|t:|1699906995\n|switch|p1a: Dragonite|Dragonite, L50, M, shiny|100\/100\n|turn|2\n|\n|t:|1699907013\n|switch|p2a: Clefairy|Clefairy, L50, M, shiny|100\/100\n|move|p1b: Chien-Pao|Protect|p1b: Chien-Pao\n|-singleturn|p1b: Chien-Pao|Protect\n|move|p2b: Zapdos|Thunderous Kick|p1a: Dragonite\n|-resisted|p1a: Dragonite\n|-damage|p1a: Dragonite|84\/100\n|-unboost|p1a: Dragonite|def|1\n|move|p1a: Dragonite|Dragon Dance|p1a: Dragonite\n|-boost|p1a: Dragonite|atk|1\n|-boost|p1a: Dragonite|spe|1\n|\n|upkeep\n|turn|3\n|\n|t:|1699907032\n|move|p2a: Clefairy|Helping Hand|p2b: Zapdos\n|-singleturn|p2b: Zapdos|Helping Hand|[of] p2a: Clefairy\n|move|p2b: Zapdos|Thunderous Kick|p1a: Dragonite\n|-resisted|p1a: Dragonite\n|-damage|p1a: Dragonite|11\/100\n|-unboost|p1a: Dragonite|def|1\n|move|p1b: Chien-Pao|Icicle Crash|p2a: Clefairy\n|-damage|p2a: Clefairy|45\/100\n|-damage|p1b: Chien-Pao|39\/100|[from] item: Life Orb\n|move|p1a: Dragonite|Stomping Tantrum|p2a: Clefairy\n|-damage|p2a: Clefairy|0 fnt\n|faint|p2a: Clefairy\n|\n|upkeep\n|\n|t:|1699907047\n|switch|p2a: Goodra|Goodra-Hisui, L50, M|100\/100\n|turn|4\n|\n|t:|1699907068\n|move|p1b: Chien-Pao|Sucker Punch|p2b: Zapdos\n|-supereffective|p2b: Zapdos\n|-damage|p2b: Zapdos|0 fnt\n|faint|p2b: Zapdos\n|-damage|p1b: Chien-Pao|29\/100|[from] item: Life Orb\n|move|p1a: Dragonite|Stomping Tantrum|p2a: Goodra\n|-supereffective|p2a: Goodra\n|-damage|p2a: Goodra|10\/100\n|-enditem|p2a: Goodra|Aguav Berry|[eat]\n|-heal|p2a: Goodra|43\/100|[from] item: Aguav Berry\n|move|p2a: Goodra|Body Press|p1b: Chien-Pao\n|-supereffective|p1b: Chien-Pao\n|-damage|p1b: Chien-Pao|0 fnt\n|faint|p1b: Chien-Pao\n|\n|upkeep\n|\n|t:|1699907081\n|switch|p1b: Tyranitar|Tyranitar, L50, M, shiny|100\/100\n|switch|p2b: Heatran|Heatran, L50, M|44\/100\n|-weather|Sandstorm|[from] ability: Sand Stream|[of] p1b: Tyranitar\n|turn|5\n|inactive|cefiroo has 30 seconds left.\n|\n|t:|1699907112\n|move|p1a: Dragonite|Stomping Tantrum|p2a: Goodra\n|-supereffective|p2a: Goodra\n|-damage|p2a: Goodra|0 fnt\n|faint|p2a: Goodra\n|move|p2b: Heatran|Flash Cannon|p1a: Dragonite\n|-damage|p1a: Dragonite|0 fnt\n|faint|p1a: Dragonite\n|move|p1b: Tyranitar|Stomping Tantrum|p2b: Heatran\n|-supereffective|p2b: Heatran\n|-damage|p2b: Heatran|0 fnt\n|faint|p2b: Heatran\n|\n|win|Snivy387\n|raw|Snivy387's rating: 1215 &rarr; <strong>1241<\/strong><br \/>(+26 for winning)\n|raw|cefiroo's rating: 1223 &rarr; <strong>1197<\/strong><br \/>(-26 for losing)\n|l|\u2606cefiroo\n","uploadtime":1699907123,"views":14,"p1id":"snivy387","p2id":"cefiroo","formatid":"gen9vgc2023regulatione","rating":1197,"private":0,"password":""}