{"id":"gen9vgc2023regulatione-1992242580","p1":"BeckerVGC","p2":"lozraff","format":"[Gen 9] VGC 2023 Regulation E","log":"|j|\u2606BeckerVGC\n|j|\u2606lozraff\n|t:|1700166999\n|gametype|doubles\n|player|p1|BeckerVGC|hiker-gen4|1272\n|player|p2|lozraff|265|1316\n|teamsize|p1|6\n|teamsize|p2|6\n|gen|9\n|tier|[Gen 9] VGC 2023 Regulation E\n|rated|\n|rule|Species Clause: Limit one of each Pok\u00e9mon\n|rule|Item Clause: Limit one of each item\n|clearpoke\n|poke|p1|Urshifu-*, L50, F|\n|poke|p1|Iron Hands, L50|\n|poke|p1|Heatran, L50, F|\n|poke|p1|Flutter Mane, L50|\n|poke|p1|Tornadus, L50, M|\n|poke|p1|Amoonguss, L50, F|\n|poke|p2|Sinistcha-Masterpiece, L50|\n|poke|p2|Iron Hands, L50|\n|poke|p2|Grimmsnarl, L50, M|\n|poke|p2|Garchomp, L50, F|\n|poke|p2|Flutter Mane, L50|\n|poke|p2|Fezandipiti, L50, M|\n|teampreview|4\n|inactive|Battle timer is ON: inactive players will automatically lose when time's up. (requested by lozraff)\n|inactive|BeckerVGC has 60 seconds left.\n|\n|t:|1700167046\n|start\n|switch|p1a: Urshifu|Urshifu, L50, F|100\/100\n|switch|p1b: Tornadus|Tornadus, L50, M|100\/100\n|switch|p2a: Grimmsnarl|Grimmsnarl, L50, M|100\/100\n|switch|p2b: Iron Hands|Iron Hands, L50|100\/100\n|turn|1\n|inactive|BeckerVGC has 30 seconds left.\n|\n|t:|1700167079\n|-terastallize|p1a: Urshifu|Poison\n|-terastallize|p2b: Iron Hands|Fairy\n|move|p2a: Grimmsnarl|Fake Out|p1b: Tornadus\n|-damage|p1b: Tornadus|84\/100\n|move|p1b: Tornadus|Bleakwind Storm|p2b: Iron Hands|[spread] p2a,p2b\n|-damage|p2a: Grimmsnarl|51\/100\n|-damage|p2b: Iron Hands|76\/100\n|move|p1a: Urshifu|Poison Jab|p2a: Grimmsnarl\n|-supereffective|p2a: Grimmsnarl\n|-damage|p2a: Grimmsnarl|0 fnt\n|faint|p2a: Grimmsnarl\n|move|p2b: Iron Hands|Belly Drum|p2b: Iron Hands\n|-damage|p2b: Iron Hands|26\/100\n|-setboost|p2b: Iron Hands|atk|6|[from] move: Belly Drum\n|-enditem|p2b: Iron Hands|Sitrus Berry|[eat]\n|-heal|p2b: Iron Hands|51\/100|[from] item: Sitrus Berry\n|\n|upkeep\n|\n|t:|1700167095\n|switch|p2a: Sinistcha|Sinistcha-Masterpiece, L50|100\/100\n|-heal|p2b: Iron Hands|76\/100|[from] ability: Hospitality|[of] p2a: Sinistcha\n|turn|2\n|\n|t:|1700167105\n|move|p1b: Tornadus|Bleakwind Storm|p2b: Iron Hands|[spread] p2a\n|-miss|p1b: Tornadus|p2b: Iron Hands\n|-supereffective|p2a: Sinistcha\n|-damage|p2a: Sinistcha|32\/100\n|-unboost|p2a: Sinistcha|spe|1\n|move|p1a: Urshifu|Poison Jab|p2b: Iron Hands\n|-supereffective|p2b: Iron Hands\n|-damage|p2b: Iron Hands|2\/100\n|move|p2b: Iron Hands|Drain Punch|p1a: Urshifu\n|-resisted|p1a: Urshifu\n|-damage|p1a: Urshifu|40\/100\n|-heal|p2b: Iron Hands|24\/100|[from] drain|[of] p1a: Urshifu\n|move|p2a: Sinistcha|Trick Room|p2a: Sinistcha\n|-fieldstart|move: Trick Room|[of] p2a: Sinistcha\n|\n|upkeep\n|turn|3\n|inactive|BeckerVGC has 30 seconds left.\n|\n|t:|1700167136\n|switch|p1a: Iron Hands|Iron Hands, L50|100\/100\n|move|p2a: Sinistcha|Life Dew|p2a: Sinistcha|[spread] p2a,p2b\n|-heal|p2a: Sinistcha|57\/100\n|-heal|p2b: Iron Hands|49\/100\n|move|p2b: Iron Hands|Drain Punch|p1a: Iron Hands\n|-damage|p1a: Iron Hands|2\/100\n|-heal|p2b: Iron Hands|94\/100|[from] drain|[of] p1a: Iron Hands\n|move|p1b: Tornadus|Bleakwind Storm|p2a: Sinistcha|[spread] p2a\n|-miss|p1b: Tornadus|p2b: Iron Hands\n|-supereffective|p2a: Sinistcha\n|-damage|p2a: Sinistcha|0 fnt\n|faint|p2a: Sinistcha\n|\n|upkeep\n|\n|t:|1700167151\n|switch|p2a: Fezandipiti|Fezandipiti, L50, M|100\/100\n|turn|4\n|\n|t:|1700167169\n|move|p1a: Iron Hands|Fake Out|p2b: Iron Hands\n|-damage|p2b: Iron Hands|85\/100\n|cant|p2b: Iron Hands|flinch\n|move|p2a: Fezandipiti|Dazzling Gleam|p1b: Tornadus|[spread] p1a,p1b\n|-supereffective|p1a: Iron Hands\n|-damage|p1a: Iron Hands|0 fnt\n|-damage|p1b: Tornadus|66\/100\n|faint|p1a: Iron Hands\n|-end|p1a: Iron Hands|Quark Drive|[silent]\n|move|p1b: Tornadus|Bleakwind Storm|p2a: Fezandipiti|[spread] p2a,p2b\n|-crit|p2b: Iron Hands\n|-damage|p2a: Fezandipiti|77\/100\n|-damage|p2b: Iron Hands|48\/100\n|-unboost|p2b: Iron Hands|spe|1\n|\n|-heal|p2a: Fezandipiti|84\/100|[from] item: Leftovers\n|upkeep\n|\n|t:|1700167189\n|switch|p1a: Urshifu|Urshifu, L50, F, tera:Poison|40\/100\n|turn|5\n|\n|t:|1700167209\n|switch|p1a: Flutter Mane|Flutter Mane, L50|100\/100\n|-enditem|p1a: Flutter Mane|Booster Energy\n|-activate|p1a: Flutter Mane|ability: Protosynthesis|[fromitem]\n|-start|p1a: Flutter Mane|protosynthesisspa\n|move|p2b: Iron Hands|Drain Punch|p1a: Flutter Mane\n|-immune|p1a: Flutter Mane\n|move|p2a: Fezandipiti|Calm Mind|p2a: Fezandipiti\n|-boost|p2a: Fezandipiti|spa|1\n|-boost|p2a: Fezandipiti|spd|1\n|move|p1b: Tornadus|Bleakwind Storm|p2b: Iron Hands|[spread] p2a,p2b\n|-damage|p2a: Fezandipiti|68\/100\n|-damage|p2b: Iron Hands|23\/100\n|-unboost|p2a: Fezandipiti|spe|1\n|\n|-heal|p2a: Fezandipiti|74\/100|[from] item: Leftovers\n|upkeep\n|turn|6\n|inactive|lozraff has 30 seconds left.\n|\n|t:|1700167235\n|move|p1a: Flutter Mane|Protect|p1a: Flutter Mane\n|-singleturn|p1a: Flutter Mane|Protect\n|move|p2b: Iron Hands|Tera Blast|p1a: Flutter Mane|[anim] Tera Blast Fairy\n|-activate|p1a: Flutter Mane|move: Protect\n|move|p2a: Fezandipiti|Calm Mind|p2a: Fezandipiti\n|-boost|p2a: Fezandipiti|spa|1\n|-boost|p2a: Fezandipiti|spd|1\n|move|p1b: Tornadus|Bleakwind Storm|p2b: Iron Hands|[spread] p2a,p2b\n|-damage|p2a: Fezandipiti|61\/100\n|-damage|p2b: Iron Hands|0 fnt\n|faint|p2b: Iron Hands\n|-end|p2b: Iron Hands|Quark Drive|[silent]\n|\n|-heal|p2a: Fezandipiti|67\/100|[from] item: Leftovers\n|-fieldend|move: Trick Room\n|upkeep\n|turn|7\n|\n|t:|1700167264\n|move|p1b: Tornadus|Taunt|p2a: Fezandipiti\n|-start|p2a: Fezandipiti|move: Taunt\n|move|p1a: Flutter Mane|Shadow Ball|p2a: Fezandipiti\n|-damage|p2a: Fezandipiti|47\/100\n|move|p2a: Fezandipiti|Dazzling Gleam|p1b: Tornadus|[spread] p1a,p1b\n|-damage|p1a: Flutter Mane|75\/100\n|-damage|p1b: Tornadus|30\/100\n|\n|-heal|p2a: Fezandipiti|53\/100|[from] item: Leftovers\n|upkeep\n|turn|8\n|\n|t:|1700167277\n|move|p1a: Flutter Mane|Shadow Ball|p2a: Fezandipiti\n|-damage|p2a: Fezandipiti|35\/100\n|-unboost|p2a: Fezandipiti|spd|1\n|move|p1b: Tornadus|Bleakwind Storm|p2a: Fezandipiti\n|-damage|p2a: Fezandipiti|10\/100\n|move|p2a: Fezandipiti|Dazzling Gleam|p1a: Flutter Mane|[spread] p1a,p1b\n|-damage|p1a: Flutter Mane|46\/100\n|-damage|p1b: Tornadus|0 fnt\n|faint|p1b: Tornadus\n|\n|-heal|p2a: Fezandipiti|16\/100|[from] item: Leftovers\n|upkeep\n|\n|t:|1700167288\n|switch|p1b: Urshifu|Urshifu, L50, F, tera:Poison|40\/100\n|turn|9\n|\n|t:|1700167299\n|move|p1b: Urshifu|Sucker Punch|p2a: Fezandipiti\n|-resisted|p2a: Fezandipiti\n|-damage|p2a: Fezandipiti|0 fnt\n|faint|p2a: Fezandipiti\n|\n|win|BeckerVGC\n|raw|BeckerVGC's rating: 1272 &rarr; <strong>1300<\/strong><br \/>(+28 for winning)\n|raw|lozraff's rating: 1316 &rarr; <strong>1293<\/strong><br \/>(-23 for losing)\n|l|\u2606lozraff\n","uploadtime":1700167318,"views":11,"p1id":"beckervgc","p2id":"lozraff","formatid":"gen9vgc2023regulatione","rating":1293,"private":0,"password":""}