{"id":"gen9vgc2023regulatione-1989591772","p1":"Pr1ncip3","p2":"SoapierMage5794","format":"[Gen 9] VGC 2023 Regulation E","log":"|j|\u2606Pr1ncip3\n|j|\u2606SoapierMage5794\n|t:|1699875987\n|gametype|doubles\n|player|p1|Pr1ncip3|265|1315\n|player|p2|SoapierMage5794|265|1352\n|teamsize|p1|6\n|teamsize|p2|6\n|gen|9\n|tier|[Gen 9] VGC 2023 Regulation E\n|rated|\n|rule|Species Clause: Limit one of each Pok\u00e9mon\n|rule|Item Clause: Limit one of each item\n|clearpoke\n|poke|p1|Tornadus, L50, M|\n|poke|p1|Arcanine-Hisui, L50, M|\n|poke|p1|Iron Hands, L50|\n|poke|p1|Gholdengo, L50|\n|poke|p1|Urshifu-*, L50, M|\n|poke|p1|Ogerpon-Wellspring, L50, F|\n|poke|p2|Illumise, L50, F|\n|poke|p2|Ogerpon-Hearthflame, L50, F|\n|poke|p2|Landorus-Therian, L50, M|\n|poke|p2|Chi-Yu, L50|\n|poke|p2|Flutter Mane, L50|\n|poke|p2|Urshifu-*, L50, F|\n|teampreview|4\n|inactive|Battle timer is ON: inactive players will automatically lose when time's up. (requested by SoapierMage5794)\n|inactive|Pr1ncip3 has 60 seconds left.\n|inactive|SoapierMage5794 has 60 seconds left.\n|inactive|Pr1ncip3 has 30 seconds left.\n|\n|t:|1699876055\n|start\n|switch|p1a: Tornadus|Tornadus, L50, M|100\/100\n|switch|p1b: Gholdengo|Gholdengo, L50|100\/100\n|switch|p2a: Flutter Mane|Flutter Mane, L50|100\/100\n|switch|p2b: Chi-Yu|Chi-Yu, L50|100\/100\n|-ability|p2b: Chi-Yu|Beads of Ruin\n|turn|1\n|inactive|Pr1ncip3 has 30 seconds left.\n|\n|t:|1699876084\n|-terastallize|p2a: Flutter Mane|Fairy\n|move|p1b: Gholdengo|Protect|p1b: Gholdengo\n|-singleturn|p1b: Gholdengo|Protect\n|move|p1a: Tornadus|Rain Dance|p1a: Tornadus\n|-weather|RainDance\n|move|p2a: Flutter Mane|Dazzling Gleam|p1a: Tornadus|[spread] p1a\n|-activate|p1b: Gholdengo|move: Protect\n|-damage|p1a: Tornadus|24\/100\n|move|p2b: Chi-Yu|Heat Wave|p1a: Tornadus|[spread] p1a\n|-activate|p1b: Gholdengo|move: Protect\n|-damage|p1a: Tornadus|1\/100\n|\n|-weather|RainDance|[upkeep]\n|upkeep\n|turn|2\n|inactive|Pr1ncip3 has 30 seconds left.\n|inactive|SoapierMage5794 has 30 seconds left.\n|\n|t:|1699876116\n|-end|p2a: Flutter Mane|Protosynthesis|[silent]\n|switch|p2a: Landorus|Landorus-Therian, L50, M|100\/100\n|-ability|p2a: Landorus|Intimidate|boost\n|-unboost|p1a: Tornadus|atk|1\n|-unboost|p1b: Gholdengo|atk|1\n|move|p1a: Tornadus|Tailwind|p1a: Tornadus\n|-sidestart|p1: Pr1ncip3|move: Tailwind\n|move|p1b: Gholdengo|Make It Rain|p2b: Chi-Yu|[spread] p2a,p2b\n|-resisted|p2b: Chi-Yu\n|-damage|p2a: Landorus|10\/100\n|-damage|p2b: Chi-Yu|75\/100\n|-unboost|p1b: Gholdengo|spa|1\n|move|p2b: Chi-Yu|Dark Pulse|p1b: Gholdengo\n|-supereffective|p1b: Gholdengo\n|-damage|p1b: Gholdengo|0 fnt\n|faint|p1b: Gholdengo\n|\n|-weather|RainDance|[upkeep]\n|upkeep\n|\n|t:|1699876134\n|switch|p1b: Ogerpon|Ogerpon-Wellspring, L50, F|100\/100\n|turn|3\n|\n|t:|1699876147\n|-terastallize|p1b: Ogerpon|Water\n|detailschange|p1b: Ogerpon|Ogerpon-Wellspring-Tera, L50, F, tera:Water\n|-ability|p1b: Ogerpon|Embody Aspect (Wellspring)|boost\n|-boost|p1b: Ogerpon|spd|1\n|move|p2b: Chi-Yu|Protect|p2b: Chi-Yu\n|-singleturn|p2b: Chi-Yu|Protect\n|move|p1b: Ogerpon|Ivy Cudgel|p2b: Chi-Yu\n|-activate|p2b: Chi-Yu|move: Protect\n|move|p1a: Tornadus|Bleakwind Storm|p2b: Chi-Yu|[spread] p2a\n|-activate|p2b: Chi-Yu|move: Protect\n|-damage|p2a: Landorus|0 fnt\n|faint|p2a: Landorus\n|\n|-weather|RainDance|[upkeep]\n|upkeep\n|\n|t:|1699876159\n|switch|p2a: Illumise|Illumise, L50, F|100\/100\n|turn|4\n|inactive|Pr1ncip3 has 30 seconds left.\n|\n|t:|1699876190\n|move|p2a: Illumise|Sunny Day|p2a: Illumise\n|-weather|SunnyDay\n|move|p1b: Ogerpon|Ivy Cudgel|p2b: Chi-Yu\n|-supereffective|p2b: Chi-Yu\n|-damage|p2b: Chi-Yu|0 fnt\n|faint|p2b: Chi-Yu\n|move|p1a: Tornadus|Bleakwind Storm|p2a: Illumise\n|-supereffective|p2a: Illumise\n|-damage|p2a: Illumise|2\/100\n|\n|-weather|SunnyDay|[upkeep]\n|upkeep\n|\n|t:|1699876194\n|switch|p2b: Flutter Mane|Flutter Mane, L50, tera:Fairy|100\/100\n|-activate|p2b: Flutter Mane|ability: Protosynthesis\n|-start|p2b: Flutter Mane|protosynthesisspe\n|turn|5\n|\n|t:|1699876206\n|move|p1a: Tornadus|Rain Dance|p1a: Tornadus\n|-weather|RainDance\n|-end|p2b: Flutter Mane|Protosynthesis\n|move|p2a: Illumise|Tailwind|p2a: Illumise\n|-sidestart|p2: SoapierMage5794|move: Tailwind\n|move|p2b: Flutter Mane|Dazzling Gleam|p1b: Ogerpon|[spread] p1a,p1b\n|-damage|p1a: Tornadus|0 fnt\n|-damage|p1b: Ogerpon|66\/100\n|faint|p1a: Tornadus\n|move|p1b: Ogerpon|Ivy Cudgel|p2b: Flutter Mane\n|-damage|p2b: Flutter Mane|0 fnt\n|faint|p2b: Flutter Mane\n|-end|p2b: Flutter Mane|Protosynthesis|[silent]\n|\n|-weather|RainDance|[upkeep]\n|-sideend|p1: Pr1ncip3|move: Tailwind\n|upkeep\n|\n|t:|1699876216\n|switch|p1a: Arcanine|Arcanine-Hisui, L50, M|100\/100\n|-ability|p1a: Arcanine|Intimidate|boost\n|-unboost|p2a: Illumise|atk|1\n|turn|6\n|-message|SoapierMage5794 forfeited.\n|\n|win|Pr1ncip3\n|raw|Pr1ncip3's rating: 1315 &rarr; <strong>1337<\/strong><br \/>(+22 for winning)\n|raw|SoapierMage5794's rating: 1352 &rarr; <strong>1330<\/strong><br \/>(-22 for losing)\n|l|\u2606SoapierMage5794\n","uploadtime":1699876230,"views":29,"p1id":"pr1ncip3","p2id":"soapiermage5794","formatid":"gen9vgc2023regulatione","rating":1330,"private":0,"password":""}