{"id":"gen9vgc2023regulatione-1987927582","p1":"topfox444","p2":"GhostOW23","format":"[Gen 9] VGC 2023 Regulation E","log":"|j|\u2606topfox444\n|j|\u2606GhostOW23\n|t:|1699649980\n|gametype|doubles\n|player|p1|topfox444|2|1240\n|player|p2|GhostOW23|dawn|1264\n|teamsize|p1|6\n|teamsize|p2|6\n|gen|9\n|tier|[Gen 9] VGC 2023 Regulation E\n|rated|\n|rule|Species Clause: Limit one of each Pok\u00e9mon\n|rule|Item Clause: Limit one of each item\n|clearpoke\n|poke|p1|Sinistcha, L50|\n|poke|p1|Iron Hands, L50|\n|poke|p1|Landorus-Therian, L50, M|\n|poke|p1|Heatran, L50, M|\n|poke|p1|Milotic, L50, F|\n|poke|p1|Clefairy, L50, M|\n|poke|p2|Amoonguss, L50, M|\n|poke|p2|Arcanine, L50, F|\n|poke|p2|Flamigo, L50, F|\n|poke|p2|Tatsugiri, L50, F|\n|poke|p2|Dondozo, L50, F|\n|poke|p2|Regieleki, L50|\n|teampreview|4\n|inactive|Battle timer is ON: inactive players will automatically lose when time's up. (requested by GhostOW23)\nGhostOW23 rejected open team sheets.\n|inactive|topfox444 has 60 seconds left.\n|\n|t:|1699650064\n|start\n|switch|p1a: Milotic|Milotic, L50, F|100\/100\n|switch|p1b: Landorus|Landorus-Therian, L50, M|100\/100\n|switch|p2a: Tatsugiri|Tatsugiri, L50, F|100\/100\n|switch|p2b: Regieleki|Regieleki, L50|100\/100\n|-ability|p1b: Landorus|Intimidate|boost\n|-unboost|p2a: Tatsugiri|atk|1\n|-unboost|p2b: Regieleki|atk|1\n|turn|1\n|inactive|topfox444 has 30 seconds left.\n|inactive|topfox444 has 20 seconds left.\n|inactive|topfox444 has 15 seconds left.\n|\n|t:|1699650107\n|-terastallize|p1a: Milotic|Dragon\n|move|p2a: Tatsugiri|Endure|p2a: Tatsugiri\n|-singleturn|p2a: Tatsugiri|move: Endure\n|move|p2b: Regieleki|Explosion|p1a: Milotic|[spread] p2a,p1a,p1b\n|-damage|p2a: Tatsugiri|36\/100\n|-damage|p1a: Milotic|70\/100\n|-damage|p1b: Landorus|53\/100\n|faint|p2b: Regieleki\n|move|p1b: Landorus|U-turn|p2a: Tatsugiri\n|-activate|p2a: Tatsugiri|move: Endure\n|-damage|p2a: Tatsugiri|1\/100\n|\n|t:|1699650118\n|switch|p1b: Iron Hands|Iron Hands, L50|100\/100|[from] U-turn\n|move|p1a: Milotic|Coil|p1a: Milotic\n|-boost|p1a: Milotic|atk|1\n|-boost|p1a: Milotic|def|1\n|-boost|p1a: Milotic|accuracy|1\n|\n|-heal|p1a: Milotic|76\/100|[from] item: Leftovers\n|-status|p2a: Tatsugiri|tox|[from] item: Toxic Orb\n|upkeep\n|\n|t:|1699650127\n|switch|p2b: Dondozo|Dondozo, L50, F|100\/100\n|-activate|p2a: Tatsugiri|ability: Commander|[of] p2b: Dondozo\n|-boost|p2b: Dondozo|atk|2\n|-boost|p2b: Dondozo|spa|2\n|-boost|p2b: Dondozo|spe|2\n|-boost|p2b: Dondozo|def|2\n|-boost|p2b: Dondozo|spd|2\n|turn|2\n|inactive|topfox444 has 30 seconds left.\n|\n|t:|1699650155\n|move|p1b: Iron Hands|Fake Out|p2b: Dondozo\n|-damage|p2b: Dondozo|95\/100\n|cant|p2b: Dondozo|flinch\n|move|p1a: Milotic|Hypnosis|p2b: Dondozo\n|-status|p2b: Dondozo|slp|[from] move: Hypnosis\n|\n|-heal|p1a: Milotic|82\/100|[from] item: Leftovers\n|-damage|p2a: Tatsugiri|0 fnt|[from] psn\n|faint|p2a: Tatsugiri\n|upkeep\n|\n|t:|1699650164\n|switch|p2a: Flamigo|Flamigo, L50, F|100\/100\n|-copyboost|p2a: Flamigo|p2b: Dondozo|[from] ability: Costar\n|turn|3\n|inactive|topfox444 has 30 seconds left.\n|\n|t:|1699650193\n|move|p2a: Flamigo|Close Combat|p1a: Milotic\n|-damage|p1a: Milotic|14\/100\n|-unboost|p2a: Flamigo|def|1\n|-unboost|p2a: Flamigo|spd|1\n|cant|p2b: Dondozo|slp\n|move|p1a: Milotic|Hypnosis|p2a: Flamigo\n|-status|p2a: Flamigo|slp|[from] move: Hypnosis\n|move|p1b: Iron Hands|Wild Charge|p2a: Flamigo\n|-supereffective|p2a: Flamigo\n|-damage|p2a: Flamigo|0 fnt\n|faint|p2a: Flamigo\n|-damage|p1b: Iron Hands|84\/100|[from] Recoil\n|\n|-heal|p1a: Milotic|20\/100|[from] item: Leftovers\n|upkeep\n|turn|4\n|inactive|GhostOW23 has 30 seconds left.\n|\n|t:|1699650219\n|-end|p1b: Iron Hands|Quark Drive|[silent]\n|switch|p1b: Sinistcha|Sinistcha, L50|100\/100\n|-heal|p1a: Milotic|45\/100|[from] ability: Hospitality|[of] p1b: Sinistcha\n|-terastallize|p2b: Dondozo|Steel\n|cant|p2b: Dondozo|slp\n|move|p1a: Milotic|Coil|p1a: Milotic\n|-boost|p1a: Milotic|atk|1\n|-boost|p1a: Milotic|def|1\n|-boost|p1a: Milotic|accuracy|1\n|\n|-heal|p1a: Milotic|51\/100|[from] item: Leftovers\n|upkeep\n|turn|5\n|\n|t:|1699650233\n|move|p1b: Sinistcha|Rage Powder|p1b: Sinistcha\n|-singleturn|p1b: Sinistcha|move: Rage Powder\n|-curestatus|p2b: Dondozo|slp|[msg]\n|move|p2b: Dondozo|Order Up|p1b: Sinistcha\n|-damage|p1b: Sinistcha|61\/100\n|-boost|p2b: Dondozo|atk|1\n|move|p1a: Milotic|Coil|p1a: Milotic\n|-boost|p1a: Milotic|atk|1\n|-boost|p1a: Milotic|def|1\n|-boost|p1a: Milotic|accuracy|1\n|\n|-heal|p1a: Milotic|57\/100|[from] item: Leftovers\n|upkeep\n|turn|6\n|\n|t:|1699650250\n|move|p1b: Sinistcha|Rage Powder|p1b: Sinistcha\n|-singleturn|p1b: Sinistcha|move: Rage Powder\n|move|p2b: Dondozo|Order Up|p1b: Sinistcha\n|-crit|p1b: Sinistcha\n|-damage|p1b: Sinistcha|0 fnt\n|faint|p1b: Sinistcha\n|-boost|p2b: Dondozo|atk|1\n|move|p1a: Milotic|Hypnosis|p2b: Dondozo\n|-status|p2b: Dondozo|slp|[from] move: Hypnosis\n|\n|-heal|p1a: Milotic|63\/100|[from] item: Leftovers\n|upkeep\n|\n|t:|1699650262\n|switch|p1b: Iron Hands|Iron Hands, L50|84\/100\n|turn|7\n|\n|t:|1699650279\n|cant|p2b: Dondozo|slp\n|move|p1a: Milotic|Scald|p2b: Dondozo\n|-damage|p2b: Dondozo|86\/100 slp\n|move|p1b: Iron Hands|Drain Punch|p2b: Dondozo\n|-supereffective|p2b: Dondozo\n|-damage|p2b: Dondozo|58\/100 slp\n|-heal|p1b: Iron Hands|99\/100|[from] drain|[of] p2b: Dondozo\n|\n|-heal|p1a: Milotic|69\/100|[from] item: Leftovers\n|upkeep\n|turn|8\n|inactive|topfox444 has 30 seconds left.\n|\n|t:|1699650311\n|cant|p2b: Dondozo|slp\n|move|p1a: Milotic|Scald|p2b: Dondozo\n|-crit|p2b: Dondozo\n|-damage|p2b: Dondozo|29\/100 slp\n|move|p1b: Iron Hands|Drain Punch|p2b: Dondozo\n|-supereffective|p2b: Dondozo\n|-damage|p2b: Dondozo|3\/100 slp\n|-heal|p1b: Iron Hands|100\/100|[from] drain|[of] p2b: Dondozo\n|\n|-heal|p1a: Milotic|75\/100|[from] item: Leftovers\n|upkeep\n|turn|9\n|\n|t:|1699650326\n|cant|p2b: Dondozo|slp\n|move|p1a: Milotic|Scald|p2b: Dondozo\n|-damage|p2b: Dondozo|0 fnt\n|faint|p2b: Dondozo\n|\n|win|topfox444\n|raw|topfox444's rating: 1240 &rarr; <strong>1267<\/strong><br \/>(+27 for winning)\n|raw|GhostOW23's rating: 1264 &rarr; <strong>1237<\/strong><br \/>(-27 for losing)\n|l|\u2606GhostOW23\n","uploadtime":1699650392,"views":30,"p1id":"topfox444","p2id":"ghostow23","formatid":"gen9vgc2023regulatione","rating":1237,"private":0,"password":""}