{"id":"gen9vgc2023regulatione-1988934179","p1":"zesticeiro","p2":"Jippt351","format":"[Gen 9] VGC 2023 Regulation E","log":"|j|\u2606zesticeiro\n|j|\u2606Jippt351\n|t:|1699790523\n|gametype|doubles\n|player|p1|zesticeiro|li|1142\n|player|p2|Jippt351|1|1168\n|teamsize|p1|6\n|teamsize|p2|6\n|gen|9\n|tier|[Gen 9] VGC 2023 Regulation E\n|rated|\n|rule|Species Clause: Limit one of each Pok\u00e9mon\n|rule|Item Clause: Limit one of each item\n|clearpoke\n|poke|p1|Arcanine, L50, F|\n|poke|p1|Moltres-Galar, L50|\n|poke|p1|Farigiraf, L50, M|\n|poke|p1|Iron Hands, L50|\n|poke|p1|Glastrier, L50|\n|poke|p1|Decidueye-Hisui, L50, M|\n|poke|p2|Tornadus, L50, M|\n|poke|p2|Flutter Mane, L50|\n|poke|p2|Regidrago, L50|\n|poke|p2|Heatran, L50, M|\n|poke|p2|Urshifu-*, L50, M|\n|poke|p2|Farigiraf, L50, M|\n|teampreview|4\n|inactive|Battle timer is ON: inactive players will automatically lose when time's up. (requested by zesticeiro)\n|inactive|Jippt351 also wants the timer to be on.\n|l|\u2606Jippt351\n|inactive|Jippt351 disconnected and has a minute to reconnect!\n|player|p2|\n|j|\u2606Jippt351\n|inactive|Jippt351 reconnected and has 60 seconds left.\n|player|p2|Jippt351|1\n|l|\u2606Jippt351\n|inactive|Jippt351 disconnected and has a minute to reconnect!\n|player|p2|\n|j|\u2606Jippt351\n|inactive|Jippt351 reconnected and has 35 seconds left.\n|player|p2|Jippt351|1\n|inactive|Jippt351 has 30 seconds left.\n|inactive|Jippt351 has 20 seconds left.\n|\n|t:|1699790597\n|start\n|switch|p1a: Farigiraf|Farigiraf, L50, M|100\/100\n|switch|p1b: Iron Hands|Iron Hands, L50|100\/100\n|switch|p2a: Tornadus|Tornadus, L50, M|100\/100\n|switch|p2b: Regidrago|Regidrago, L50|100\/100\n|turn|1\n|\n|t:|1699790621\n|move|p1b: Iron Hands|Fake Out|p2b: Regidrago\n|-damage|p2b: Regidrago|81\/100\n|move|p2a: Tornadus|Bleakwind Storm|p1b: Iron Hands|[spread] p1a,p1b\n|-damage|p1a: Farigiraf|71\/100\n|-damage|p1b: Iron Hands|81\/100\n|cant|p2b: Regidrago|flinch\n|move|p1a: Farigiraf|Trick Room|p1a: Farigiraf\n|-fieldstart|move: Trick Room|[of] p1a: Farigiraf\n|\n|upkeep\n|turn|2\n|inactive|zesticeiro has 30 seconds left.\n|\n|t:|1699790649\n|move|p1b: Iron Hands|Wild Charge|p2a: Tornadus\n|-supereffective|p2a: Tornadus\n|-enditem|p2a: Tornadus|Focus Sash\n|-damage|p2a: Tornadus|1\/100\n|-damage|p1b: Iron Hands|65\/100|[from] Recoil\n|move|p1a: Farigiraf|Hyper Voice|p2b: Regidrago|[spread] p2a,p2b\n|-damage|p2a: Tornadus|0 fnt\n|-damage|p2b: Regidrago|53\/100\n|faint|p2a: Tornadus\n|move|p2b: Regidrago|Dragon Energy|p1b: Iron Hands|[spread] p1a,p1b\n|-damage|p1a: Farigiraf|30\/100\n|-damage|p1b: Iron Hands|36\/100\n|\n|upkeep\n|\n|t:|1699790662\n|switch|p2a: Heatran|Heatran, L50, M|100\/100\n|turn|3\n|\n|t:|1699790668\n|move|p1b: Iron Hands|Drain Punch|p2a: Heatran\n|-supereffective|p2a: Heatran\n|-damage|p2a: Heatran|15\/100\n|-heal|p1b: Iron Hands|66\/100|[from] drain|[of] p2a: Heatran\n|move|p1a: Farigiraf|Hyper Voice|p2a: Heatran|[spread] p2a,p2b\n|-resisted|p2a: Heatran\n|-damage|p2a: Heatran|4\/100\n|-damage|p2b: Regidrago|28\/100\n|move|p2a: Heatran|Heat Wave|p1b: Iron Hands|[spread] p1a,p1b\n|-damage|p1a: Farigiraf|0 fnt\n|-damage|p1b: Iron Hands|38\/100\n|faint|p1a: Farigiraf\n|-damage|p2a: Heatran|0 fnt|[from] item: Life Orb\n|faint|p2a: Heatran\n|move|p2b: Regidrago|Draco Meteor|p1b: Iron Hands\n|-damage|p1b: Iron Hands|0 fnt\n|-unboost|p2b: Regidrago|spa|2\n|faint|p1b: Iron Hands\n|-end|p1b: Iron Hands|Quark Drive|[silent]\n|\n|upkeep\n|inactive|zesticeiro has 30 seconds left.\n|\n|t:|1699790701\n|switch|p1b: Glastrier|Glastrier, L50|100\/100\n|switch|p1a: Decidueye|Decidueye-Hisui, L50, M|100\/100\n|switch|p2a: Flutter Mane|Flutter Mane, L50|100\/100\n|-enditem|p2a: Flutter Mane|Booster Energy\n|-activate|p2a: Flutter Mane|ability: Protosynthesis|[fromitem]\n|-start|p2a: Flutter Mane|protosynthesisspa\n|turn|4\n|l|\u2606Jippt351\n|inactive|Jippt351 disconnected and has a minute to reconnect!\n|player|p2|\n|inactive|Jippt351 has 30 seconds left.\n|j|\u2606Jippt351\n|inactive|Jippt351 reconnected and has 30 seconds left.\n|player|p2|Jippt351|1\n|\n|t:|1699790732\n|move|p1b: Glastrier|Icicle Crash|p2b: Regidrago|[miss]\n|-miss|p1b: Glastrier|p2b: Regidrago\n|move|p1a: Decidueye|Triple Arrows|p2a: Flutter Mane\n|-resisted|p2a: Flutter Mane\n|-damage|p2a: Flutter Mane|59\/100\n|-unboost|p2a: Flutter Mane|def|1\n|move|p2b: Regidrago|Draco Meteor|p1b: Glastrier\n|-damage|p1b: Glastrier|58\/100\n|-unboost|p2b: Regidrago|spa|2\n|move|p2a: Flutter Mane|Dazzling Gleam|p1a: Decidueye|[spread] p1a,p1b\n|-supereffective|p1a: Decidueye\n|-damage|p1a: Decidueye|23\/100\n|-damage|p1b: Glastrier|26\/100\n|-enditem|p1b: Glastrier|Sitrus Berry|[eat]\n|-heal|p1b: Glastrier|51\/100|[from] item: Sitrus Berry\n|\n|upkeep\n|turn|5\n|\n|t:|1699790754\n|move|p2b: Regidrago|Protect|p2b: Regidrago\n|-singleturn|p2b: Regidrago|Protect\n|move|p2a: Flutter Mane|Protect|p2a: Flutter Mane\n|-singleturn|p2a: Flutter Mane|Protect\n|move|p1a: Decidueye|Sucker Punch||[still]\n|-fail|p1a: Decidueye\n|move|p1b: Glastrier|Icicle Crash|p2b: Regidrago\n|-activate|p2b: Regidrago|move: Protect\n|\n|-fieldend|move: Trick Room\n|upkeep\n|turn|6\n|\n|t:|1699790767\n|move|p1a: Decidueye|Sucker Punch|p2a: Flutter Mane\n|-damage|p2a: Flutter Mane|0 fnt\n|faint|p2a: Flutter Mane\n|-end|p2a: Flutter Mane|Protosynthesis|[silent]\n|move|p2b: Regidrago|Earth Power|p1b: Glastrier\n|-damage|p1b: Glastrier|44\/100\n|move|p1b: Glastrier|Icicle Crash|p2b: Regidrago|[miss]\n|-miss|p1b: Glastrier|p2b: Regidrago\n|\n|upkeep\n|turn|7\n|l|\u2606Jippt351\n|inactive|Jippt351 disconnected and has a minute to reconnect!\n|player|p2|\n|inactive|zesticeiro has 30 seconds left.\n|j|\u2606Jippt351\n|inactive|Jippt351 reconnected.\n|player|p2|Jippt351|1\n|inactive|zesticeiro has 20 seconds left.\n|inactive|zesticeiro has 15 seconds left.\n|inactive|zesticeiro has 10 seconds left.\n|inactive|zesticeiro has 5 seconds left.\n|\n|t:|1699790823\n|move|p1a: Decidueye|Protect|p1a: Decidueye\n|-singleturn|p1a: Decidueye|Protect\n|move|p1b: Glastrier|Protect|p1b: Glastrier\n|-singleturn|p1b: Glastrier|Protect\n|move|p2b: Regidrago|Draco Meteor|p1b: Glastrier\n|-activate|p1b: Glastrier|move: Protect\n|\n|upkeep\n|turn|8\n|inactive|zesticeiro has 30 seconds left.\n|inactive|zesticeiro has 20 seconds left.\n|inactive|zesticeiro has 15 seconds left.\n|inactive|zesticeiro has 10 seconds left.\n|inactive|zesticeiro has 5 seconds left.\n|\n|t:|1699790878\n|move|p1a: Decidueye|Protect||[still]\n|-fail|p1a: Decidueye\n|move|p1b: Glastrier|Protect|p1b: Glastrier\n|-singleturn|p1b: Glastrier|Protect\n|move|p2b: Regidrago|Dragon Energy|p1a: Decidueye|[spread] p1a\n|-activate|p1b: Glastrier|move: Protect\n|-damage|p1a: Decidueye|13\/100\n|\n|upkeep\n|turn|9\n|l|\u2606Jippt351\n|inactive|Jippt351 disconnected and has a minute to reconnect!\n|player|p2|\n|j|\u2606Jippt351\n|inactive|Jippt351 reconnected and has 35 seconds left.\n|player|p2|Jippt351|1\n|inactive|zesticeiro has 30 seconds left.\n|inactive|Jippt351 has 30 seconds left.\n|inactive|zesticeiro has 20 seconds left.\n|inactive|zesticeiro has 15 seconds left.\n|inactive|zesticeiro has 10 seconds left.\n|inactive|zesticeiro has 5 seconds left.\n|\n|t:|1699790933\n|move|p1a: Decidueye|Protect|p1a: Decidueye\n|-singleturn|p1a: Decidueye|Protect\n|move|p1b: Glastrier|Protect||[still]\n|-fail|p1b: Glastrier\n|move|p2b: Regidrago|Draco Meteor|p1b: Glastrier\n|-damage|p1b: Glastrier|18\/100\n|-unboost|p2b: Regidrago|spa|2\n|\n|upkeep\n|turn|10\n|inactive|zesticeiro has 30 seconds left.\n|inactive|zesticeiro has 20 seconds left.\n|inactive|zesticeiro has 15 seconds left.\n|inactive|zesticeiro has 10 seconds left.\n|inactive|zesticeiro has 5 seconds left.\n|\n|t:|1699790988\n|move|p1a: Decidueye|Protect||[still]\n|-fail|p1a: Decidueye\n|move|p1b: Glastrier|Protect|p1b: Glastrier\n|-singleturn|p1b: Glastrier|Protect\n|move|p2b: Regidrago|Dragon Energy|p1b: Glastrier|[spread] p1a\n|-activate|p1b: Glastrier|move: Protect\n|-damage|p1a: Decidueye|7\/100\n|\n|upkeep\n|turn|11\n|inactive|zesticeiro has 30 seconds left.\n|inactive|zesticeiro has 20 seconds left.\n|l|\u2606zesticeiro\n|inactive|zesticeiro disconnected and has a minute to reconnect!\n|player|p1|\n|inactive|zesticeiro has 15 seconds left.\n|inactive|zesticeiro has 10 seconds left.\n|inactive|zesticeiro has 5 seconds left.\n|-message|zesticeiro lost due to inactivity.\n|\n|win|Jippt351\n|inactive|zesticeiro has 30 seconds left this turn.\n|raw|zesticeiro's rating: 1142 &rarr; <strong>1119<\/strong><br \/>(-23 for losing)\n|raw|Jippt351's rating: 1168 &rarr; <strong>1191<\/strong><br \/>(+23 for winning)\n","uploadtime":1699791048,"views":35,"p1id":"zesticeiro","p2id":"jippt351","formatid":"gen9vgc2023regulatione","rating":1119,"private":0,"password":""}