{"id":"gen9vgc2023regulatione-1995334761","p1":"E.E.E Guzma","p2":"cocomolaco","format":"[Gen 9] VGC 2023 Regulation E","log":"|j|\u2606E.E.E Guzma\n|j|\u2606cocomolaco\n|t:|1700555558\n|gametype|doubles\n|player|p1|E.E.E Guzma|guzma|1472\n|player|p2|cocomolaco|169|1482\n|teamsize|p1|6\n|teamsize|p2|6\n|gen|9\n|tier|[Gen 9] VGC 2023 Regulation E\n|rated|\n|rule|Species Clause: Limit one of each Pok\u00e9mon\n|rule|Item Clause: Limit one of each item\n|clearpoke\n|poke|p1|Ogerpon-Wellspring, L50, F|\n|poke|p1|Flutter Mane, L50|\n|poke|p1|Iron Hands, L50|\n|poke|p1|Chi-Yu, L50|\n|poke|p1|Tornadus, L50, M|\n|poke|p1|Iron Bundle, L50|\n|poke|p2|Ninetales-Alola, L50, M|\n|poke|p2|Milotic, L50, M|\n|poke|p2|Sinistcha, L50|\n|poke|p2|Iron Hands, L50|\n|poke|p2|Heatran, L50, M|\n|poke|p2|Landorus-Therian, L50, M|\n|teampreview|4\n|inactive|Battle timer is ON: inactive players will automatically lose when time's up. (requested by E.E.E Guzma)\n|inactive|cocomolaco has 60 seconds left.\n|\n|t:|1700555596\n|start\n|switch|p1a: Tornadus|Tornadus, L50, M|100\/100\n|switch|p1b: Chi-Yu|Chi-Yu, L50|100\/100\n|switch|p2a: Iron Hands|Iron Hands, L50|100\/100\n|switch|p2b: Sinistcha|Sinistcha, L50|100\/100\n|-ability|p1b: Chi-Yu|Beads of Ruin\n|turn|1\n|\n|t:|1700555617\n|switch|p1a: Iron Hands|Iron Hands, L50|100\/100\n|-terastallize|p1b: Chi-Yu|Fire\n|-terastallize|p2b: Sinistcha|Dragon\n|move|p1b: Chi-Yu|Overheat|p2b: Sinistcha\n|-resisted|p2b: Sinistcha\n|-damage|p2b: Sinistcha|24\/100\n|-unboost|p1b: Chi-Yu|spa|2\n|-damage|p1b: Chi-Yu|90\/100|[from] item: Life Orb\n|move|p2b: Sinistcha|Nasty Plot|p2b: Sinistcha\n|-boost|p2b: Sinistcha|spa|2\n|move|p2a: Iron Hands|Wild Charge|p1a: Iron Hands\n|-resisted|p1a: Iron Hands\n|-damage|p1a: Iron Hands|85\/100\n|-damage|p2a: Iron Hands|97\/100|[from] Recoil\n|\n|-heal|p2b: Sinistcha|30\/100|[from] item: Leftovers\n|upkeep\n|turn|2\n|inactive|E.E.E Guzma has 30 seconds left.\n|\n|t:|1700555646\n|-end|p2a: Iron Hands|Quark Drive|[silent]\n|switch|p2a: Ninetales|Ninetales-Alola, L50, M|100\/100\n|-weather|Snow|[from] ability: Snow Warning|[of] p2a: Ninetales\n|move|p2b: Sinistcha|Protect|p2b: Sinistcha\n|-singleturn|p2b: Sinistcha|Protect\n|move|p1b: Chi-Yu|Overheat|p2b: Sinistcha\n|-activate|p2b: Sinistcha|move: Protect\n|move|p1a: Iron Hands|Drain Punch|p2a: Ninetales\n|-damage|p2a: Ninetales|69\/100\n|-heal|p1a: Iron Hands|96\/100|[from] drain|[of] p2a: Ninetales\n|\n|-weather|Snow|[upkeep]\n|-heal|p2b: Sinistcha|36\/100|[from] item: Leftovers\n|upkeep\n|turn|3\n|\n|t:|1700555661\n|move|p2a: Ninetales|Aurora Veil|p2a: Ninetales\n|-sidestart|p2: cocomolaco|move: Aurora Veil\n|move|p1b: Chi-Yu|Overheat|p2b: Sinistcha\n|-resisted|p2b: Sinistcha\n|-damage|p2b: Sinistcha|6\/100\n|-unboost|p1b: Chi-Yu|spa|2\n|-damage|p1b: Chi-Yu|80\/100|[from] item: Life Orb\n|move|p2b: Sinistcha|Matcha Gotcha|p1b: Chi-Yu|[spread] p1a,p1b\n|-resisted|p1b: Chi-Yu\n|-damage|p1a: Iron Hands|62\/100\n|-heal|p2b: Sinistcha|31\/100|[from] drain|[of] p1a: Iron Hands\n|-damage|p1b: Chi-Yu|45\/100\n|-heal|p2b: Sinistcha|44\/100|[from] drain|[of] p1b: Chi-Yu\n|move|p1a: Iron Hands|Heavy Slam|p2a: Ninetales\n|-supereffective|p2a: Ninetales\n|-damage|p2a: Ninetales|0 fnt\n|faint|p2a: Ninetales\n|\n|-weather|Snow|[upkeep]\n|-heal|p2b: Sinistcha|50\/100|[from] item: Leftovers\n|upkeep\n|\n|t:|1700555681\n|switch|p2a: Landorus|Landorus-Therian, L50, M|100\/100\n|-ability|p2a: Landorus|Intimidate|boost\n|-unboost|p1a: Iron Hands|atk|1\n|-unboost|p1b: Chi-Yu|atk|1\n|turn|4\n|\n|t:|1700555692\n|switch|p1b: Tornadus|Tornadus, L50, M|100\/100\n|move|p2a: Landorus|U-turn|p1a: Iron Hands\n|-resisted|p1a: Iron Hands\n|-damage|p1a: Iron Hands|52\/100\n|\n|t:|1700555698\n|switch|p2a: Iron Hands|Iron Hands, L50|97\/100|[from] U-turn\n|move|p2b: Sinistcha|Matcha Gotcha|p1b: Tornadus|[spread] p1a,p1b\n|-resisted|p1b: Tornadus\n|-damage|p1a: Iron Hands|22\/100\n|-heal|p2b: Sinistcha|71\/100|[from] drain|[of] p1a: Iron Hands\n|-damage|p1b: Tornadus|76\/100\n|-heal|p2b: Sinistcha|84\/100|[from] drain|[of] p1b: Tornadus\n|move|p1a: Iron Hands|Drain Punch|p2b: Sinistcha\n|-damage|p2b: Sinistcha|67\/100\n|-heal|p1a: Iron Hands|28\/100|[from] drain|[of] p2b: Sinistcha\n|\n|-weather|Snow|[upkeep]\n|-heal|p2b: Sinistcha|74\/100|[from] item: Leftovers\n|upkeep\n|turn|5\n|\n|t:|1700555717\n|move|p1b: Tornadus|Protect|p1b: Tornadus\n|-singleturn|p1b: Tornadus|Protect\n|move|p2a: Iron Hands|Fake Out|p1b: Tornadus\n|-activate|p1b: Tornadus|move: Protect\n|move|p2b: Sinistcha|Matcha Gotcha|p1a: Iron Hands|[spread] p1a\n|-activate|p1b: Tornadus|move: Protect\n|-damage|p1a: Iron Hands|0 fnt\n|-heal|p2b: Sinistcha|93\/100|[from] drain|[of] p1a: Iron Hands\n|faint|p1a: Iron Hands\n|-end|p1a: Iron Hands|Quark Drive|[silent]\n|\n|-weather|Snow|[upkeep]\n|-heal|p2b: Sinistcha|99\/100|[from] item: Leftovers\n|upkeep\n|\n|t:|1700555727\n|switch|p1a: Iron Bundle|Iron Bundle, L50|100\/100\n|-enditem|p1a: Iron Bundle|Booster Energy\n|-activate|p1a: Iron Bundle|ability: Quark Drive|[fromitem]\n|-start|p1a: Iron Bundle|quarkdrivespe\n|turn|6\n|\n|t:|1700555746\n|move|p2b: Sinistcha|Protect|p2b: Sinistcha\n|-singleturn|p2b: Sinistcha|Protect\n|move|p1b: Tornadus|Sunny Day|p1b: Tornadus\n|-weather|SunnyDay\n|move|p1a: Iron Bundle|Encore|p2a: Iron Hands\n|-start|p2a: Iron Hands|Encore\n|move|p2a: Iron Hands|Fake Out||[still]\n|-hint|Fake Out only works on your first turn out.\n|-fail|p2a: Iron Hands\n|\n|-weather|SunnyDay|[upkeep]\n|-heal|p2b: Sinistcha|100\/100|[from] item: Leftovers\n|upkeep\n|turn|7\n|\n|t:|1700555761\n|switch|p1b: Chi-Yu|Chi-Yu, L50, tera:Fire|45\/100\n|-ability|p1b: Chi-Yu|Beads of Ruin\n|-end|p2a: Iron Hands|Quark Drive|[silent]\n|switch|p2a: Landorus|Landorus-Therian, L50, M|100\/100\n|-ability|p2a: Landorus|Intimidate|boost\n|-unboost|p1a: Iron Bundle|atk|1\n|-unboost|p1b: Chi-Yu|atk|1\n|move|p1a: Iron Bundle|Encore|p2b: Sinistcha\n|-start|p2b: Sinistcha|Encore\n|move|p2b: Sinistcha|Protect||[still]\n|-fail|p2b: Sinistcha\n|\n|-weather|SunnyDay|[upkeep]\n|upkeep\n|turn|8\n|\n|t:|1700555782\n|move|p1b: Chi-Yu|Protect|p1b: Chi-Yu\n|-singleturn|p1b: Chi-Yu|Protect\n|move|p2b: Sinistcha|Protect|p2b: Sinistcha\n|-singleturn|p2b: Sinistcha|Protect\n|move|p1a: Iron Bundle|Icy Wind|p2a: Landorus|[spread] p2a\n|-activate|p2b: Sinistcha|move: Protect\n|-supereffective|p2a: Landorus\n|-damage|p2a: Landorus|8\/100\n|-unboost|p2a: Landorus|spe|1\n|move|p2a: Landorus|Rock Slide|p1a: Iron Bundle|[spread] p1a\n|-activate|p1b: Chi-Yu|move: Protect\n|-supereffective|p1a: Iron Bundle\n|-damage|p1a: Iron Bundle|55\/100\n|\n|-weather|SunnyDay|[upkeep]\n|upkeep\n|turn|9\n|\n|t:|1700555801\n|switch|p2a: Iron Hands|Iron Hands, L50|97\/100\n|move|p2b: Sinistcha|Protect||[still]\n|-fail|p2b: Sinistcha\n|move|p1a: Iron Bundle|Icy Wind|p2b: Sinistcha|[spread] p2a,p2b\n|-supereffective|p2b: Sinistcha\n|-damage|p2a: Iron Hands|90\/100\n|-damage|p2b: Sinistcha|68\/100\n|-unboost|p2a: Iron Hands|spe|1\n|-unboost|p2b: Sinistcha|spe|1\n|move|p1b: Chi-Yu|Overheat|p2b: Sinistcha\n|-resisted|p2b: Sinistcha\n|-damage|p2b: Sinistcha|0 fnt\n|-unboost|p1b: Chi-Yu|spa|2\n|faint|p2b: Sinistcha\n|-damage|p1b: Chi-Yu|35\/100|[from] item: Life Orb\n|\n|-weather|SunnyDay|[upkeep]\n|upkeep\n|\n|t:|1700555816\n|switch|p2b: Landorus|Landorus-Therian, L50, M|8\/100\n|-ability|p2b: Landorus|Intimidate|boost\n|-unboost|p1a: Iron Bundle|atk|1\n|-unboost|p1b: Chi-Yu|atk|1\n|turn|10\n|\n|t:|1700555824\n|switch|p1b: Tornadus|Tornadus, L50, M|76\/100\n|move|p1a: Iron Bundle|Protect|p1a: Iron Bundle\n|-singleturn|p1a: Iron Bundle|Protect\n|move|p2a: Iron Hands|Fake Out|p1a: Iron Bundle\n|-activate|p1a: Iron Bundle|move: Protect\n|move|p2b: Landorus|Rock Slide|p1b: Tornadus|[spread] p1b\n|-activate|p1a: Iron Bundle|move: Protect\n|-supereffective|p1b: Tornadus\n|-damage|p1b: Tornadus|24\/100\n|-enditem|p1b: Tornadus|Sitrus Berry|[eat]\n|-heal|p1b: Tornadus|48\/100|[from] item: Sitrus Berry\n|\n|-weather|none\n|-sideend|p2: cocomolaco|move: Aurora Veil\n|upkeep\n|turn|11\n|\n|t:|1700555846\n|move|p1b: Tornadus|Tailwind|p1b: Tornadus\n|-sidestart|p1: E.E.E Guzma|move: Tailwind\n|move|p1a: Iron Bundle|Encore|p2a: Iron Hands\n|-start|p2a: Iron Hands|Encore\n|move|p2b: Landorus|Rock Slide|p1a: Iron Bundle|[spread] p1a,p1b\n|-supereffective|p1a: Iron Bundle\n|-supereffective|p1b: Tornadus\n|-damage|p1a: Iron Bundle|11\/100\n|-damage|p1b: Tornadus|0 fnt\n|faint|p1b: Tornadus\n|move|p2a: Iron Hands|Fake Out||[still]\n|-hint|Fake Out only works on your first turn out.\n|-fail|p2a: Iron Hands\n|\n|upkeep\n|\n|t:|1700555859\n|switch|p1b: Chi-Yu|Chi-Yu, L50, tera:Fire|35\/100\n|-ability|p1b: Chi-Yu|Beads of Ruin\n|turn|12\n|\n|t:|1700555866\n|move|p2a: Iron Hands|Fake Out||[still]\n|-hint|Fake Out only works on your first turn out.\n|-fail|p2a: Iron Hands\n|move|p1a: Iron Bundle|Freeze-Dry|p2b: Landorus\n|-supereffective|p2b: Landorus\n|-damage|p2b: Landorus|0 fnt\n|faint|p2b: Landorus\n|move|p1b: Chi-Yu|Heat Wave|p2a: Iron Hands\n|-damage|p2a: Iron Hands|36\/100\n|-damage|p1b: Chi-Yu|25\/100|[from] item: Life Orb\n|\n|upkeep\n|turn|13\n|\n|t:|1700555882\n|move|p2a: Iron Hands|Fake Out||[still]\n|-hint|Fake Out only works on your first turn out.\n|-fail|p2a: Iron Hands\n|move|p1a: Iron Bundle|Freeze-Dry|p2a: Iron Hands\n|-damage|p2a: Iron Hands|18\/100\n|move|p1b: Chi-Yu|Overheat|p2a: Iron Hands\n|-damage|p2a: Iron Hands|0 fnt\n|-unboost|p1b: Chi-Yu|spa|2\n|faint|p2a: Iron Hands\n|-end|p2a: Iron Hands|Quark Drive|[silent]\n|-damage|p1b: Chi-Yu|15\/100|[from] item: Life Orb\n|\n|win|E.E.E Guzma\n|raw|E.E.E Guzma's rating: 1472 &rarr; <strong>1493<\/strong><br \/>(+21 for winning)\n|raw|cocomolaco's rating: 1482 &rarr; <strong>1461<\/strong><br \/>(-21 for losing)\n","uploadtime":1700555903,"views":22,"p1id":"eeeguzma","p2id":"cocomolaco","formatid":"gen9vgc2023regulatione","rating":1461,"private":0,"password":""}