{"id":"gen9vgc2023regulatione-1994562612","p1":"ShinyLucarioXD","p2":"Llama_Llord","format":"[Gen 9] VGC 2023 Regulation E","log":"|j|\u2606ShinyLucarioXD\n|j|\u2606Llama_Llord\n|n|\u2606ShinyLucarioXD|shinylucarioxd\n|n|\u2606Llama_Llord|llamallord\n|html|View the match progress at <a href=\"\/game-bestof3-gen9vgc2023regulatione-1994562611\">game-bestof3-gen9vgc2023regulatione-1994562611<\/a>\n|t:|1700460356\n|gametype|doubles\n|player|p1|ShinyLucarioXD|riley|\n|player|p2|Llama_Llord|169|\n|teamsize|p1|6\n|teamsize|p2|6\n|gen|9\n|tier|[Gen 9] VGC 2023 Regulation E\n|rule|Species Clause: Limit one of each Pok\u00e9mon\n|rule|Item Clause: Limit one of each item\n|clearpoke\n|poke|p1|Jolteon, L50, M|\n|poke|p1|Gyarados, L50, M|\n|poke|p1|Gliscor, L50, M|\n|poke|p1|Amoonguss, L50, M|\n|poke|p1|Arcanine-Hisui, L50, M|\n|poke|p1|Gholdengo, L50|\n|poke|p2|Chandelure, L50, M|\n|poke|p2|Grimmsnarl, L50, M|\n|poke|p2|Amoonguss, L50, F|\n|poke|p2|Glimmora, L50, M|\n|poke|p2|Dondozo, L50, F|\n|poke|p2|Tatsugiri-Droopy, L50, M|\n|teampreview|4\n|inactive|Battle timer is ON: inactive players will automatically lose when time's up. (requested by ShinyLucarioXD)\nShinyLucarioXD has agreed to open team sheets.\n|inactiveoff|Battle timer is now OFF.\nLlama_Llord has agreed to open team sheets.\n|showteam|p1|Jolteon||LifeOrb|VoltAbsorb|Protect,TeraBlast,HyperVoice,Thunderbolt|||M|||50|,,,,,Ice]Gyarados||SafetyGoggles|Intimidate|Protect,Taunt,ThunderWave,Waterfall|||M|||50|,,,,,Ground]Gliscor||ToxicOrb|PoisonHeal|Protect,SwordsDance,DualWingbeat,HighHorsepower|||M|||50|,,,,,Fairy]Amoonguss||SitrusBerry|Regenerator|Protect,Spore,RagePowder,PollenPuff|||M|||50|,,,,,Water]Arcanine-Hisui||Leftovers|Intimidate|Protect,WillOWisp,RockSlide,FlareBlitz|||M|||50|,,,,,Grass]Gholdengo||ChoiceSpecs|GoodasGold|Trick,FocusBlast,ShadowBall,MakeItRain||||||50|,,,,,Steel\n|showteam|p2|Chandelure||FocusSash|FlashFire|HeatWave,Protect,ShadowBall,EnergyBall|||M|||50|,,,,,Grass]Grimmsnarl||LightClay|Prankster|Reflect,LightScreen,Taunt,SpiritBreak|||M|||50|,,,,,Ghost]Amoonguss||RockyHelmet|Regenerator|PollenPuff,RagePowder,Spore,ClearSmog|||F|||50|,,,,,Fire]Glimmora||ChoiceSpecs|ToxicDebris|EarthPower,DazzlingGleam,PowerGem,SludgeBomb|||M|||50|,,,,,Grass]Dondozo||Leftovers|Unaware|Protect,OrderUp,WaveCrash,Earthquake|||F|||50|,,,,,Flying]Tatsugiri-Droopy||SitrusBerry|Commander|IcyWind,DracoMeteor,MuddyWater,Protect|||M|||50|,,,,,Steel\n|c|\u2606ShinyLucarioXD|glhf\n|c|\u2606Llama_Llord|you too\n|\n|t:|1700460395\n|start\n|switch|p1a: Haizaki Ry\u014dhei|Gyarados, L50, M, shiny|100\/100\n|switch|p1b: G\u014denji Sh\u016bya|Arcanine-Hisui, L50, M|100\/100\n|switch|p2a: Parfait|Glimmora, L50, M, shiny|100\/100\n|switch|p2b: Risotto|Amoonguss, L50, F, shiny|100\/100\n|-ability|p1b: G\u014denji Sh\u016bya|Intimidate|boost\n|-unboost|p2a: Parfait|atk|1\n|-unboost|p2b: Risotto|atk|1\n|-ability|p1a: Haizaki Ry\u014dhei|Intimidate|boost\n|-unboost|p2a: Parfait|atk|1\n|-unboost|p2b: Risotto|atk|1\n|turn|1\n|\n|t:|1700460427\n|move|p1b: G\u014denji Sh\u016bya|Protect|p1b: G\u014denji Sh\u016bya\n|-singleturn|p1b: G\u014denji Sh\u016bya|Protect\n|move|p2a: Parfait|Power Gem|p1a: Haizaki Ry\u014dhei\n|-supereffective|p1a: Haizaki Ry\u014dhei\n|-damage|p1a: Haizaki Ry\u014dhei|13\/100\n|move|p1a: Haizaki Ry\u014dhei|Thunder Wave|p2a: Parfait\n|-status|p2a: Parfait|par\n|move|p2b: Risotto|Spore|p1b: G\u014denji Sh\u016bya\n|-activate|p1b: G\u014denji Sh\u016bya|move: Protect\n|\n|upkeep\n|turn|2\n|\n|t:|1700460456\n|switch|p1b: Koz\u014dmaru Sasuke|Amoonguss, L50, M, shiny|100\/100\n|move|p1a: Haizaki Ry\u014dhei|Protect|p1a: Haizaki Ry\u014dhei\n|-singleturn|p1a: Haizaki Ry\u014dhei|Protect\n|move|p2b: Risotto|Rage Powder|p2b: Risotto\n|-singleturn|p2b: Risotto|move: Rage Powder\n|move|p2a: Parfait|Power Gem|p1b: Koz\u014dmaru Sasuke\n|-damage|p1b: Koz\u014dmaru Sasuke|49\/100\n|-enditem|p1b: Koz\u014dmaru Sasuke|Sitrus Berry|[eat]\n|-heal|p1b: Koz\u014dmaru Sasuke|73\/100|[from] item: Sitrus Berry\n|\n|upkeep\n|turn|3\n|j| iljone\n|\n|t:|1700460484\n|switch|p1a: G\u014denji Sh\u016bya|Arcanine-Hisui, L50, M|100\/100\n|-ability|p1a: G\u014denji Sh\u016bya|Intimidate|boost\n|-unboost|p2a: Parfait|atk|1\n|-unboost|p2b: Risotto|atk|1\n|move|p1b: Koz\u014dmaru Sasuke|Rage Powder|p1b: Koz\u014dmaru Sasuke\n|-singleturn|p1b: Koz\u014dmaru Sasuke|move: Rage Powder\n|move|p2a: Parfait|Power Gem|p1b: Koz\u014dmaru Sasuke\n|-damage|p1b: Koz\u014dmaru Sasuke|14\/100\n|move|p2b: Risotto|Pollen Puff|p2a: Parfait\n|-immune|p2a: Parfait\n|\n|upkeep\n|turn|4\n|\n|t:|1700460509\n|switch|p1b: Haizaki Ry\u014dhei|Gyarados, L50, M, shiny|13\/100\n|-ability|p1b: Haizaki Ry\u014dhei|Intimidate|boost\n|-unboost|p2a: Parfait|atk|1\n|-unboost|p2b: Risotto|atk|1\n|move|p1a: G\u014denji Sh\u016bya|Flare Blitz|p2b: Risotto\n|-supereffective|p2b: Risotto\n|-damage|p2b: Risotto|0 fnt\n|-damage|p1a: G\u014denji Sh\u016bya|84\/100|[from] item: Rocky Helmet|[of] p2b: Risotto\n|faint|p2b: Risotto\n|-damage|p1a: G\u014denji Sh\u016bya|43\/100|[from] Recoil\n|move|p2a: Parfait|Power Gem|p1a: G\u014denji Sh\u016bya\n|-supereffective|p1a: G\u014denji Sh\u016bya\n|-damage|p1a: G\u014denji Sh\u016bya|0 fnt\n|faint|p1a: G\u014denji Sh\u016bya\n|\n|upkeep\n|\n|t:|1700460531\n|switch|p1a: End\u014d Mamoru|Jolteon, L50, M|100\/100\n|switch|p2b: Buri Daikon|Tatsugiri-Droopy, L50, M, shiny|100\/100\n|turn|5\n|\n|t:|1700460562\n|move|p1b: Haizaki Ry\u014dhei|Protect|p1b: Haizaki Ry\u014dhei\n|-singleturn|p1b: Haizaki Ry\u014dhei|Protect\n|move|p1a: End\u014d Mamoru|Thunderbolt|p2a: Parfait\n|-damage|p2a: Parfait|23\/100 par\n|-damage|p1a: End\u014d Mamoru|91\/100|[from] item: Life Orb\n|move|p2b: Buri Daikon|Icy Wind|p1b: Haizaki Ry\u014dhei|[spread] p1a\n|-activate|p1b: Haizaki Ry\u014dhei|move: Protect\n|-damage|p1a: End\u014d Mamoru|74\/100\n|-unboost|p1a: End\u014d Mamoru|spe|1\n|move|p2a: Parfait|Power Gem|p1a: End\u014d Mamoru\n|-damage|p1a: End\u014d Mamoru|0 fnt\n|faint|p1a: End\u014d Mamoru\n|\n|upkeep\n|\n|t:|1700460570\n|switch|p1a: Koz\u014dmaru Sasuke|Amoonguss, L50, M, shiny|48\/100\n|turn|6\n|\n|t:|1700460584\n|move|p2b: Buri Daikon|Icy Wind|p1b: Haizaki Ry\u014dhei|[spread] p1a,p1b\n|-supereffective|p1a: Koz\u014dmaru Sasuke\n|-damage|p1a: Koz\u014dmaru Sasuke|25\/100\n|-damage|p1b: Haizaki Ry\u014dhei|2\/100\n|-unboost|p1a: Koz\u014dmaru Sasuke|spe|1\n|-unboost|p1b: Haizaki Ry\u014dhei|spe|1\n|move|p1b: Haizaki Ry\u014dhei|Thunder Wave|p2b: Buri Daikon\n|-status|p2b: Buri Daikon|par\n|move|p2a: Parfait|Power Gem|p1b: Haizaki Ry\u014dhei\n|-supereffective|p1b: Haizaki Ry\u014dhei\n|-damage|p1b: Haizaki Ry\u014dhei|0 fnt\n|faint|p1b: Haizaki Ry\u014dhei\n|move|p1a: Koz\u014dmaru Sasuke|Pollen Puff|p1: Haizaki Ry\u014dhei|[notarget]\n|-fail|p1a: Koz\u014dmaru Sasuke\n|\n|upkeep\n|turn|7\n|\n|t:|1700460605\n|move|p2a: Parfait|Power Gem|p1a: Koz\u014dmaru Sasuke\n|-damage|p1a: Koz\u014dmaru Sasuke|0 fnt\n|faint|p1a: Koz\u014dmaru Sasuke\n|\n|win|Llama_Llord\n|c|\u2606ShinyLucarioXD|gg\n|c|\u2606Llama_Llord|gg\n","uploadtime":1700460611,"views":26,"p1id":"shinylucarioxd","p2id":"llamallord","formatid":"gen9vgc2023regulatione","rating":0,"private":0,"password":""}