{"id":"gen9vgc2023regulatione-1989050884","p1":"Valhala Alfa","p2":"wzRagar75","format":"[Gen 9] VGC 2023 Regulation E","log":"|j|\u2606Valhala Alfa\n|j|\u2606wzRagar75\n|t:|1699806696\n|gametype|doubles\n|player|p1|Valhala Alfa|silver|1283\n|player|p2|wzRagar75|101|1299\n|teamsize|p1|6\n|teamsize|p2|6\n|gen|9\n|tier|[Gen 9] VGC 2023 Regulation E\n|rated|\n|rule|Species Clause: Limit one of each Pok\u00e9mon\n|rule|Item Clause: Limit one of each item\n|clearpoke\n|poke|p1|Dondozo, L50, F|\n|poke|p1|Tatsugiri, L50, M|\n|poke|p1|Glimmora, L50, F|\n|poke|p1|Urshifu-*, L50, M|\n|poke|p1|Ogerpon-Wellspring, L50, F|\n|poke|p1|Chi-Yu, L50|\n|poke|p2|Tornadus, L50, M|\n|poke|p2|Flutter Mane, L50|\n|poke|p2|Urshifu-*, L50, M|\n|poke|p2|Amoonguss, L50, M|\n|poke|p2|Chien-Pao, L50|\n|poke|p2|Iron Hands, L50|\n|teampreview|4\n|inactive|Battle timer is ON: inactive players will automatically lose when time's up. (requested by Valhala Alfa)\n|\n|t:|1699806725\n|start\n|switch|p1a: Glimmora|Glimmora, L50, F|100\/100\n|switch|p1b: Chi-Yu|Chi-Yu, L50|100\/100\n|switch|p2a: Iron Hands|Iron Hands, L50|100\/100\n|switch|p2b: Amoonguss|Amoonguss, L50, M|100\/100\n|-ability|p1b: Chi-Yu|Beads of Ruin\n|turn|1\n|inactive|wzRagar75 has 30 seconds left.\n|inactive|wzRagar75 has 20 seconds left.\n|\n|t:|1699806761\n|-terastallize|p1b: Chi-Yu|Ghost\n|-terastallize|p2b: Amoonguss|Water\n|move|p1b: Chi-Yu|Heat Wave|p2b: Amoonguss|[spread] p2a,p2b\n|-resisted|p2b: Amoonguss\n|-damage|p2a: Iron Hands|65\/100\n|-damage|p2b: Amoonguss|73\/100\n|move|p1a: Glimmora|Mortal Spin|p2a: Iron Hands|[spread] p2a,p2b\n|-damage|p2a: Iron Hands|62\/100\n|-damage|p2b: Amoonguss|69\/100\n|-status|p2a: Iron Hands|psn\n|-status|p2b: Amoonguss|psn\n|move|p2a: Iron Hands|Wild Charge|p1b: Chi-Yu\n|-damage|p1b: Chi-Yu|29\/100\n|-damage|p2a: Iron Hands|50\/100 psn|[from] Recoil\n|move|p2b: Amoonguss|Spore|p1a: Glimmora\n|-status|p1a: Glimmora|slp|[from] move: Spore\n|\n|-damage|p2a: Iron Hands|38\/100 psn|[from] psn\n|-damage|p2b: Amoonguss|56\/100 psn|[from] psn\n|upkeep\n|turn|2\n|inactive|Valhala Alfa has 30 seconds left.\n|inactive|wzRagar75 has 30 seconds left.\n|inactive|Valhala Alfa has 20 seconds left.\n|\n|t:|1699806800\n|move|p1b: Chi-Yu|Heat Wave|p2a: Iron Hands|[spread] p2a,p2b\n|-resisted|p2b: Amoonguss\n|-damage|p2a: Iron Hands|1\/100 psn\n|-damage|p2b: Amoonguss|28\/100 psn\n|-enditem|p2b: Amoonguss|Sitrus Berry|[eat]\n|-heal|p2b: Amoonguss|53\/100 psn|[from] item: Sitrus Berry\n|cant|p1a: Glimmora|slp\n|move|p2a: Iron Hands|Drain Punch|p1a: Glimmora\n|-damage|p1a: Glimmora|40\/100 slp\n|-heal|p2a: Iron Hands|22\/100 psn|[from] drain|[of] p1a: Glimmora\n|-activate|p1a: Glimmora|ability: Toxic Debris\n|-sidestart|p2: wzRagar75|move: Toxic Spikes\n|move|p2b: Amoonguss|Pollen Puff|p2a: Iron Hands\n|-heal|p2a: Iron Hands|72\/100 psn\n|\n|-damage|p2a: Iron Hands|60\/100 psn|[from] psn\n|-damage|p2b: Amoonguss|40\/100 psn|[from] psn\n|upkeep\n|turn|3\n|inactive|wzRagar75 has 30 seconds left.\n|inactive|wzRagar75 has 20 seconds left.\n|\n|t:|1699806835\n|move|p2b: Amoonguss|Protect|p2b: Amoonguss\n|-singleturn|p2b: Amoonguss|Protect\n|move|p1b: Chi-Yu|Heat Wave|p2b: Amoonguss|[spread] \n|-activate|p2b: Amoonguss|move: Protect\n|-miss|p1b: Chi-Yu|p2a: Iron Hands\n|cant|p1a: Glimmora|slp\n|move|p2a: Iron Hands|Drain Punch|p1a: Glimmora\n|-damage|p1a: Glimmora|0 fnt\n|-heal|p2a: Iron Hands|74\/100 psn|[from] drain|[of] p1a: Glimmora\n|-activate|p1a: Glimmora|ability: Toxic Debris\n|-sidestart|p2: wzRagar75|move: Toxic Spikes\n|faint|p1a: Glimmora\n|\n|-damage|p2a: Iron Hands|61\/100 psn|[from] psn\n|-damage|p2b: Amoonguss|28\/100 psn|[from] psn\n|upkeep\n|\n|t:|1699806846\n|switch|p1a: Ogerpon|Ogerpon-Wellspring, L50, F|100\/100\n|turn|4\n|\n|t:|1699806866\n|switch|p2b: Flutter Mane|Flutter Mane, L50|100\/100\n|-status|p2b: Flutter Mane|tox\n|-enditem|p2b: Flutter Mane|Booster Energy\n|-activate|p2b: Flutter Mane|ability: Protosynthesis|[fromitem]\n|-start|p2b: Flutter Mane|protosynthesisspa\n|move|p1b: Chi-Yu|Heat Wave|p2a: Iron Hands|[spread] p2a,p2b\n|-damage|p2a: Iron Hands|24\/100 psn\n|-damage|p2b: Flutter Mane|32\/100 tox\n|move|p1a: Ogerpon|Ivy Cudgel|p2a: Iron Hands\n|-crit|p2a: Iron Hands\n|-damage|p2a: Iron Hands|0 fnt\n|faint|p2a: Iron Hands\n|-end|p2a: Iron Hands|Quark Drive|[silent]\n|\n|-damage|p2b: Flutter Mane|26\/100 tox|[from] psn\n|upkeep\n|\n|t:|1699806889\n|switch|p2a: Amoonguss|Amoonguss, L50, M, tera:Water|61\/100 psn\n|turn|5\n|\n|t:|1699806901\n|move|p2a: Amoonguss|Rage Powder|p2a: Amoonguss\n|-singleturn|p2a: Amoonguss|move: Rage Powder\n|move|p2b: Flutter Mane|Dazzling Gleam|p1a: Ogerpon|[spread] p1a,p1b\n|-damage|p1a: Ogerpon|39\/100\n|-damage|p1b: Chi-Yu|0 fnt\n|faint|p1b: Chi-Yu\n|move|p1a: Ogerpon|Horn Leech|p2a: Amoonguss\n|-supereffective|p2a: Amoonguss\n|-damage|p2a: Amoonguss|0 fnt\n|-heal|p1a: Ogerpon|75\/100|[from] drain|[of] p2a: Amoonguss\n|faint|p2a: Amoonguss\n|\n|-damage|p2b: Flutter Mane|13\/100 tox|[from] psn\n|upkeep\n|\n|t:|1699806915\n|switch|p1b: Urshifu|Urshifu, L50, M|100\/100\n|switch|p2a: Chien-Pao|Chien-Pao, L50|100\/100\n|-status|p2a: Chien-Pao|tox\n|-ability|p2a: Chien-Pao|Sword of Ruin\n|turn|6\n|\n|t:|1699806934\n|move|p1a: Ogerpon|Spiky Shield|p1a: Ogerpon\n|-singleturn|p1a: Ogerpon|move: Protect\n|move|p1b: Urshifu|Protect|p1b: Urshifu\n|-singleturn|p1b: Urshifu|Protect\n|move|p2a: Chien-Pao|Sucker Punch||[still]\n|-fail|p2a: Chien-Pao\n|move|p2b: Flutter Mane|Dazzling Gleam|p1b: Urshifu|[spread] \n|-activate|p1a: Ogerpon|move: Protect\n|-activate|p1b: Urshifu|move: Protect\n|\n|-damage|p2a: Chien-Pao|95\/100 tox|[from] psn\n|-damage|p2b: Flutter Mane|0 fnt|[from] psn\n|faint|p2b: Flutter Mane\n|-end|p2b: Flutter Mane|Protosynthesis|[silent]\n|upkeep\n|turn|7\n|inactive|wzRagar75 has 30 seconds left.\n|inactive|wzRagar75 has 20 seconds left.\n|inactive|wzRagar75 has 15 seconds left.\n|inactive|wzRagar75 has 10 seconds left.\n|l|\u2606wzRagar75\n|inactive|wzRagar75 disconnected and has a minute to reconnect!\n|player|p2|\n|inactive|wzRagar75 has 5 seconds left.\n|-message|wzRagar75 lost due to inactivity.\n|\n|win|Valhala Alfa\n|raw|Valhala Alfa's rating: 1283 &rarr; <strong>1309<\/strong><br \/>(+26 for winning)\n|raw|wzRagar75's rating: 1299 &rarr; <strong>1273<\/strong><br \/>(-26 for losing)\n","uploadtime":1699806996,"views":27,"p1id":"valhalaalfa","p2id":"wzragar75","formatid":"gen9vgc2023regulatione","rating":1273,"private":0,"password":""}