{"id":"gen9vgc2023regulatione-1997819612","p1":"Juan El Macho","p2":"rodjilius","format":"[Gen 9] VGC 2023 Regulation E","log":"|j|\u2606Juan El Macho\n|j|\u2606rodjilius\n|t:|1700856147\n|gametype|doubles\n|player|p1|Juan El Macho|169|1249\n|player|p2|rodjilius|2|1437\n|teamsize|p1|6\n|teamsize|p2|6\n|gen|9\n|tier|[Gen 9] VGC 2023 Regulation E\n|rated|\n|rule|Species Clause: Limit one of each Pok\u00e9mon\n|rule|Item Clause: Limit one of each item\n|clearpoke\n|poke|p1|Tornadus, L50, M|\n|poke|p1|Landorus-Therian, L50, M|\n|poke|p1|Urshifu-*, L50, M|\n|poke|p1|Gholdengo, L50|\n|poke|p1|Amoonguss, L50, M|\n|poke|p1|Iron Hands, L50|\n|poke|p2|Sneasler, L50, F|\n|poke|p2|Indeedee-F, L50, F|\n|poke|p2|Armarouge, L50, M|\n|poke|p2|Gholdengo, L50|\n|poke|p2|Tornadus, L50, M|\n|poke|p2|Urshifu-*, L50, F|\n|teampreview|4\n|inactive|Battle timer is ON: inactive players will automatically lose when time's up. (requested by rodjilius)\n|inactive|Juan El Macho has 60 seconds left.\n|inactive|Juan El Macho has 30 seconds left.\n|\n|t:|1700856211\n|start\n|switch|p1a: Tornadus|Tornadus, L50, M, shiny|100\/100\n|switch|p1b: Landorus|Landorus-Therian, L50, M, shiny|100\/100\n|switch|p2a: Sneasler|Sneasler, L50, F|100\/100\n|switch|p2b: Tornadus|Tornadus, L50, M|100\/100\n|-ability|p1b: Landorus|Intimidate|boost\n|-unboost|p2a: Sneasler|atk|1\n|-unboost|p2b: Tornadus|atk|1\n|turn|1\n|inactive|Juan El Macho has 30 seconds left.\n|inactive|Juan El Macho has 20 seconds left.\n|inactive|Juan El Macho has 15 seconds left.\n|inactive|Juan El Macho has 10 seconds left.\n|inactive|Juan El Macho has 5 seconds left.\n|inactive|rodjilius has 30 seconds left.\n|\n|t:|1700856266\n|switch|p1b: Iron Hands|Iron Hands, L50|100\/100\n|move|p2a: Sneasler|Protect|p2a: Sneasler\n|-singleturn|p2a: Sneasler|Protect\n|move|p2b: Tornadus|Knock Off|p1a: Tornadus\n|-damage|p1a: Tornadus|87\/100\n|-enditem|p1a: Tornadus|Covert Cloak|[from] move: Knock Off|[of] p2b: Tornadus\n|move|p1a: Tornadus|Bleakwind Storm|p2a: Sneasler|[spread] p2b\n|-activate|p2a: Sneasler|move: Protect\n|-damage|p2b: Tornadus|55\/100\n|\n|upkeep\n|turn|2\n|inactive|Juan El Macho has 30 seconds left.\n|inactive|rodjilius has 30 seconds left.\n|inactive|Juan El Macho has 20 seconds left.\n|inactive|rodjilius has 20 seconds left.\n|inactive|Juan El Macho has 15 seconds left.\n|inactive|Juan El Macho has 10 seconds left.\n|inactive|Juan El Macho has 5 seconds left.\n|\n|t:|1700856320\n|switch|p2a: Indeedee|Indeedee-F, L50, F|100\/100\n|-fieldstart|move: Psychic Terrain|[from] ability: Psychic Surge|[of] p2a: Indeedee\n|move|p2b: Tornadus|Protect|p2b: Tornadus\n|-singleturn|p2b: Tornadus|Protect\n|move|p1a: Tornadus|Tailwind|p1a: Tornadus\n|-sidestart|p1: Juan El Macho|move: Tailwind\n|move|p1b: Iron Hands|Volt Switch|p2a: Indeedee\n|-damage|p2a: Indeedee|88\/100\n|\n|t:|1700856334\n|-end|p1b: Iron Hands|Quark Drive|[silent]\n|switch|p1b: Urshifu|Urshifu-Rapid-Strike, L50, M|100\/100|[from] Volt Switch\n|\n|upkeep\n|turn|3\n|\n|t:|1700856359\n|move|p2a: Indeedee|Follow Me|p2a: Indeedee\n|-singleturn|p2a: Indeedee|move: Follow Me\n|move|p1a: Tornadus|Rain Dance|p1a: Tornadus\n|-weather|RainDance\n|move|p1b: Urshifu|Surging Strikes|p2a: Indeedee\n|-crit|p2a: Indeedee\n|-damage|p2a: Indeedee|52\/100\n|-damage|p1b: Urshifu|84\/100|[from] item: Rocky Helmet|[of] p2a: Indeedee\n|-crit|p2a: Indeedee\n|-damage|p2a: Indeedee|15\/100\n|-damage|p1b: Urshifu|67\/100|[from] item: Rocky Helmet|[of] p2a: Indeedee\n|-crit|p2a: Indeedee\n|-damage|p2a: Indeedee|0 fnt\n|-damage|p1b: Urshifu|51\/100|[from] item: Rocky Helmet|[of] p2a: Indeedee\n|faint|p2a: Indeedee\n|-hitcount|p2: Indeedee|3\n|move|p2b: Tornadus|Air Slash|p1b: Urshifu\n|-supereffective|p1b: Urshifu\n|-damage|p1b: Urshifu|0 fnt\n|faint|p1b: Urshifu\n|\n|-weather|RainDance|[upkeep]\n|upkeep\n|inactive|Juan El Macho has 30 seconds left.\n|\n|t:|1700856384\n|switch|p1b: Landorus|Landorus-Therian, L50, M, shiny|100\/100\n|switch|p2a: Sneasler|Sneasler, L50, F|100\/100\n|-ability|p1b: Landorus|Intimidate|boost\n|-unboost|p2a: Sneasler|atk|1\n|-unboost|p2b: Tornadus|atk|1\n|-enditem|p2a: Sneasler|Psychic Seed\n|-boost|p2a: Sneasler|spd|1|[from] item: Psychic Seed\n|turn|4\n|inactive|Juan El Macho has 30 seconds left.\n|\n|t:|1700856410\n|switch|p1b: Iron Hands|Iron Hands, L50|100\/100\n|move|p2b: Tornadus|Tailwind|p2b: Tornadus\n|-sidestart|p2: rodjilius|move: Tailwind\n|move|p2a: Sneasler|Dire Claw|p1b: Iron Hands\n|-damage|p1b: Iron Hands|80\/100\n|-status|p1b: Iron Hands|slp\n|move|p1a: Tornadus|Bleakwind Storm|p2b: Tornadus|[spread] p2a,p2b\n|-supereffective|p2a: Sneasler\n|-damage|p2a: Sneasler|41\/100\n|-damage|p2b: Tornadus|12\/100\n|-unboost|p2a: Sneasler|spe|1\n|\n|-weather|RainDance|[upkeep]\n|upkeep\n|turn|5\n|inactive|Juan El Macho has 30 seconds left.\n|inactive|rodjilius has 30 seconds left.\n|\n|t:|1700856444\n|switch|p2b: Armarouge|Armarouge, L50, M|100\/100\n|switch|p1a: Landorus|Landorus-Therian, L50, M, shiny|100\/100\n|-ability|p1a: Landorus|Intimidate|boost\n|-unboost|p2a: Sneasler|atk|1\n|-unboost|p2b: Armarouge|atk|1\n|move|p2a: Sneasler|Dire Claw|p1a: Landorus\n|-resisted|p1a: Landorus\n|-damage|p1a: Landorus|89\/100\n|-status|p1a: Landorus|slp\n|cant|p1b: Iron Hands|slp\n|\n|-weather|RainDance|[upkeep]\n|-sideend|p1: Juan El Macho|move: Tailwind\n|upkeep\n|turn|6\n|inactive|Juan El Macho has 30 seconds left.\n|inactive|Juan El Macho has 20 seconds left.\n|inactive|Juan El Macho has 15 seconds left.\n|inactive|Juan El Macho has 10 seconds left.\n|inactive|Juan El Macho has 5 seconds left.\n|\n|t:|1700856498\n|-terastallize|p2b: Armarouge|Grass\n|move|p2a: Sneasler|Swords Dance|p2a: Sneasler\n|-boost|p2a: Sneasler|atk|2\n|cant|p1a: Landorus|slp\n|move|p2b: Armarouge|Expanding Force|p1a: Landorus|[spread] p1a,p1b\n|-supereffective|p1b: Iron Hands\n|-damage|p1a: Landorus|0 fnt\n|-damage|p1b: Iron Hands|0 fnt\n|faint|p1a: Landorus\n|faint|p1b: Iron Hands\n|-end|p1b: Iron Hands|Quark Drive|[silent]\n|-damage|p2b: Armarouge|91\/100|[from] item: Life Orb\n|\n|-weather|RainDance|[upkeep]\n|-fieldend|move: Psychic Terrain\n|upkeep\n|\n|t:|1700856517\n|switch|p1a: Tornadus|Tornadus, L50, M, shiny|87\/100\n|turn|7\n|\n|t:|1700856534\n|move|p1a: Tornadus|Protect|p1a: Tornadus\n|-singleturn|p1a: Tornadus|Protect\n|move|p2a: Sneasler|Dire Claw|p1a: Tornadus\n|-activate|p1a: Tornadus|move: Protect\n|move|p2b: Armarouge|Expanding Force|p1a: Tornadus\n|-activate|p1a: Tornadus|move: Protect\n|\n|-weather|none\n|-sideend|p2: rodjilius|move: Tailwind\n|upkeep\n|turn|8\n|inactive|Juan El Macho has 30 seconds left.\n|\n|t:|1700856566\n|-terastallize|p1a: Tornadus|Steel\n|move|p2a: Sneasler|Dire Claw|p1a: Tornadus\n|-immune|p1a: Tornadus\n|move|p1a: Tornadus|Bleakwind Storm|p2a: Sneasler|[spread] p2b\n|-miss|p1a: Tornadus|p2a: Sneasler\n|-supereffective|p2b: Armarouge\n|-crit|p2b: Armarouge\n|-damage|p2b: Armarouge|0 fnt\n|faint|p2b: Armarouge\n|\n|upkeep\n|\n|t:|1700856577\n|switch|p2b: Tornadus|Tornadus, L50, M|12\/100\n|turn|9\n|\n|t:|1700856587\n|move|p2b: Tornadus|Tailwind|p2b: Tornadus\n|-sidestart|p2: rodjilius|move: Tailwind\n|move|p2a: Sneasler|Close Combat|p1a: Tornadus\n|-supereffective|p1a: Tornadus\n|-damage|p1a: Tornadus|0 fnt\n|-unboost|p2a: Sneasler|def|1\n|-unboost|p2a: Sneasler|spd|1\n|faint|p1a: Tornadus\n|\n|win|rodjilius\n|raw|Juan El Macho's rating: 1249 &rarr; <strong>1236<\/strong><br \/>(-13 for losing)\n|raw|rodjilius's rating: 1437 &rarr; <strong>1447<\/strong><br \/>(+10 for winning)\n","uploadtime":1700856600,"views":3,"p1id":"juanelmacho","p2id":"rodjilius","formatid":"gen9vgc2023regulatione","rating":1236,"private":0,"password":""}