{"id":"gen9vgc2023regulatione-1990294034","p1":"qz231114","p2":"Muggcat","format":"[Gen 9] VGC 2023 Regulation E","log":"|j|\u2606qz231114\n|j|\u2606Muggcat\n|t:|1699952156\n|gametype|doubles\n|player|p1|qz231114|102|1154\n|player|p2|Muggcat|101|1119\n|teamsize|p1|6\n|teamsize|p2|6\n|gen|9\n|tier|[Gen 9] VGC 2023 Regulation E\n|rated|\n|rule|Species Clause: Limit one of each Pok\u00e9mon\n|rule|Item Clause: Limit one of each item\n|clearpoke\n|poke|p1|Tornadus, L50, M|\n|poke|p1|Volcarona, L50, M|\n|poke|p1|Basculegion, L50, M|\n|poke|p1|Ludicolo, L50, M|\n|poke|p1|Scizor, L50, M|\n|poke|p1|Flutter Mane, L50|\n|poke|p2|Sableye, L50, M|\n|poke|p2|Amoonguss, L50, M|\n|poke|p2|Maushold-Four, L50|\n|poke|p2|Chien-Pao, L50|\n|poke|p2|Arcanine-Hisui, L50, M|\n|poke|p2|Landorus, L50, M|\n|teampreview|4\nqz231114 rejected open team sheets.\n|inactive|Battle timer is ON: inactive players will automatically lose when time's up. (requested by qz231114)\n|inactive|Muggcat has 60 seconds left.\n|\n|t:|1699952200\n|start\n|switch|p1a: Tornadus|Tornadus, L50, M|100\/100\n|switch|p1b: Volcarona|Volcarona, L50, M|100\/100\n|switch|p2a: Arcanine|Arcanine-Hisui, L50, M|100\/100\n|switch|p2b: Chien-Pao|Chien-Pao, L50|100\/100\n|-ability|p2b: Chien-Pao|Sword of Ruin\n|-ability|p2a: Arcanine|Intimidate|boost\n|-unboost|p1a: Tornadus|atk|1\n|-unboost|p1b: Volcarona|atk|1\n|turn|1\n|inactive|qz231114 has 30 seconds left.\n|inactive|Muggcat has 30 seconds left.\n|inactive|Muggcat has 20 seconds left.\n|inactive|qz231114 has 20 seconds left.\n|inactive|qz231114 has 15 seconds left.\n|\n|t:|1699952248\n|switch|p2b: Landorus|Landorus, L50, M|100\/100\n|-terastallize|p1b: Volcarona|Water\n|move|p1a: Tornadus|Rain Dance|p1a: Tornadus\n|-weather|RainDance\n|move|p2a: Arcanine|Rock Slide|p1a: Tornadus|[spread] p1a,p1b\n|-supereffective|p1a: Tornadus\n|-damage|p1a: Tornadus|0 fnt\n|-damage|p1b: Volcarona|66\/100\n|faint|p1a: Tornadus\n|move|p1b: Volcarona|Tera Blast|p2a: Arcanine|[anim] Tera Blast Water\n|-supereffective|p2a: Arcanine\n|-damage|p2a: Arcanine|0 fnt\n|faint|p2a: Arcanine\n|\n|-weather|RainDance|[upkeep]\n|upkeep\n|\n|t:|1699952271\n|switch|p1a: Basculegion|Basculegion, L50, M|100\/100\n|switch|p2a: Sableye|Sableye, L50, M, shiny|100\/100\n|turn|2\n|\n|t:|1699952299\n|-terastallize|p2b: Landorus|Flying\n|move|p1a: Basculegion|Aqua Jet|p2b: Landorus\n|-damage|p2b: Landorus|41\/100\n|move|p2a: Sableye|Quash|p1b: Volcarona\n|-activate|p1b: Volcarona|move: Quash\n|move|p2b: Landorus|Sandsear Storm|p1a: Basculegion|[spread] p1a,p1b\n|-damage|p1a: Basculegion|25\/100\n|-damage|p1b: Volcarona|10\/100\n|move|p1b: Volcarona|Tera Blast|p2a: Sableye|[anim] Tera Blast Water\n|-damage|p2a: Sableye|10\/100\n|\n|-weather|RainDance|[upkeep]\n|upkeep\n|turn|3\n|\n|t:|1699952323\n|move|p1a: Basculegion|Aqua Jet|p2b: Landorus\n|-damage|p2b: Landorus|0 fnt\n|faint|p2b: Landorus\n|move|p2a: Sableye|Skill Swap|p1a: Basculegion\n|-activate|p2a: Sableye|move: Skill Swap|Swift Swim|Prankster|[of] p1a: Basculegion\n|move|p1b: Volcarona|Tera Blast|p2a: Sableye|[anim] Tera Blast Water\n|-damage|p2a: Sableye|0 fnt\n|faint|p2a: Sableye\n|\n|-weather|RainDance|[upkeep]\n|upkeep\n|\n|t:|1699952337\n|switch|p2b: Chien-Pao|Chien-Pao, L50|100\/100\n|-ability|p2b: Chien-Pao|Sword of Ruin\n|turn|4\n|\n|t:|1699952349\n|switch|p1a: Scizor|Scizor, L50, M|100\/100\n|move|p2b: Chien-Pao|Sucker Punch|p1b: Volcarona\n|-damage|p1b: Volcarona|0 fnt\n|-damage|p2b: Chien-Pao|84\/100|[from] item: Rocky Helmet|[of] p1b: Volcarona\n|-status|p2b: Chien-Pao|brn|[from] ability: Flame Body|[of] p1b: Volcarona\n|faint|p1b: Volcarona\n|\n|-weather|RainDance|[upkeep]\n|-damage|p2b: Chien-Pao|79\/100 brn|[from] brn\n|upkeep\n|\n|t:|1699952354\n|switch|p1b: Basculegion|Basculegion, L50, M|25\/100\n|turn|5\n|\n|t:|1699952370\n|move|p1b: Basculegion|Aqua Jet|p2b: Chien-Pao\n|-damage|p2b: Chien-Pao|17\/100 brn\n|move|p2b: Chien-Pao|Sucker Punch||[still]\n|-fail|p2b: Chien-Pao\n|move|p1a: Scizor|Bullet Punch|p2b: Chien-Pao\n|-supereffective|p2b: Chien-Pao\n|-damage|p2b: Chien-Pao|0 fnt\n|faint|p2b: Chien-Pao\n|\n|win|qz231114\n|raw|qz231114's rating: 1181 &rarr; <strong>1202<\/strong><br \/>(+21 for winning)\n|raw|Muggcat's rating: 1119 &rarr; <strong>1098<\/strong><br \/>(-21 for losing)\n|l|\u2606Muggcat\n","uploadtime":1699952381,"views":11,"p1id":"qz231114","p2id":"muggcat","formatid":"gen9vgc2023regulatione","rating":1098,"private":0,"password":""}