{"id":"gen9vgc2023regulatione-1995551072","p1":"MajinPapasmurf","p2":"bobinzo","format":"[Gen 9] VGC 2023 Regulation E","log":"|j|\u2606MajinPapasmurf\n|j|\u2606bobinzo\n|t:|1700582107\n|gametype|doubles\n|player|p1|MajinPapasmurf|lucas|1318\n|player|p2|bobinzo|ghetsis|1396\n|teamsize|p1|6\n|teamsize|p2|6\n|gen|9\n|tier|[Gen 9] VGC 2023 Regulation E\n|rated|\n|rule|Species Clause: Limit one of each Pok\u00e9mon\n|rule|Item Clause: Limit one of each item\n|clearpoke\n|poke|p1|Sinistcha, L50|\n|poke|p1|Kommo-o, L50, F|\n|poke|p1|Ting-Lu, L50|\n|poke|p1|Landorus-Therian, L50, M|\n|poke|p1|Gyarados, L50, F|\n|poke|p1|Scizor, L50, M|\n|poke|p2|Landorus-Therian, L50, M|\n|poke|p2|Ogerpon-Wellspring, L50, F|\n|poke|p2|Roaring Moon, L50|\n|poke|p2|Weezing, L50, M|\n|poke|p2|Regieleki, L50|\n|poke|p2|Heatran, L50, F|\n|teampreview|4\nMajinPapasmurf rejected open team sheets.\n|inactive|Battle timer is ON: inactive players will automatically lose when time's up. (requested by MajinPapasmurf)\n|inactive|MajinPapasmurf has 60 seconds left.\n|\n|t:|1700582159\n|start\n|switch|p1a: Gyarados|Gyarados, L50, F|100\/100\n|switch|p1b: Ting-Lu|Ting-Lu, L50|100\/100\n|switch|p2a: Roaring Moon|Roaring Moon, L50|100\/100\n|switch|p2b: Weezing|Weezing, L50, M|100\/100\n|-ability|p2b: Weezing|Neutralizing Gas\n|-enditem|p2a: Roaring Moon|Booster Energy\n|-activate|p2a: Roaring Moon|ability: Protosynthesis|[fromitem]\n|-start|p2a: Roaring Moon|protosynthesisspe\n|turn|1\n|\n|t:|1700582177\n|move|p2a: Roaring Moon|Breaking Swipe|p1b: Ting-Lu|[spread] p1a,p1b\n|-crit|p1a: Gyarados\n|-crit|p1b: Ting-Lu\n|-damage|p1a: Gyarados|61\/100\n|-damage|p1b: Ting-Lu|83\/100\n|-unboost|p1a: Gyarados|atk|1\n|-unboost|p1b: Ting-Lu|atk|1\n|move|p1a: Gyarados|Thunder Wave|p2a: Roaring Moon\n|-status|p2a: Roaring Moon|par\n|move|p2b: Weezing|Will-O-Wisp|p1b: Ting-Lu\n|-status|p1b: Ting-Lu|brn\n|move|p1b: Ting-Lu|Stomping Tantrum|p2b: Weezing\n|-supereffective|p2b: Weezing\n|-damage|p2b: Weezing|80\/100\n|\n|-heal|p2b: Weezing|86\/100|[from] item: Leftovers\n|-damage|p1b: Ting-Lu|77\/100 brn|[from] brn\n|upkeep\n|turn|2\n|c|\u2606MajinPapasmurf|double crit\n|c|\u2606MajinPapasmurf|what are the odds\n|\n|t:|1700582200\n|move|p1a: Gyarados|Taunt|p2b: Weezing\n|-start|p2b: Weezing|move: Taunt\n|cant|p2a: Roaring Moon|par\n|cant|p2b: Weezing|move: Taunt|Will-O-Wisp\n|move|p1b: Ting-Lu|Ruination|p2a: Roaring Moon\n|-damage|p2a: Roaring Moon|51\/100 par\n|\n|-heal|p2b: Weezing|92\/100|[from] item: Leftovers\n|-damage|p1b: Ting-Lu|70\/100 brn|[from] brn\n|upkeep\n|turn|3\n|\n|t:|1700582219\n|move|p1a: Gyarados|Thunder Wave|p2b: Weezing|[miss]\n|-miss|p1a: Gyarados|p2b: Weezing\n|cant|p2a: Roaring Moon|par\n|move|p2b: Weezing|Sludge Bomb|p1a: Gyarados\n|-damage|p1a: Gyarados|34\/100\n|move|p1b: Ting-Lu|Rock Tomb|p2a: Roaring Moon\n|-damage|p2a: Roaring Moon|45\/100 par\n|-unboost|p2a: Roaring Moon|spe|1\n|\n|-heal|p2b: Weezing|98\/100|[from] item: Leftovers\n|-damage|p1b: Ting-Lu|64\/100 brn|[from] brn\n|upkeep\n|turn|4\n|\n|t:|1700582239\n|move|p1a: Gyarados|Thunder Wave|p2b: Weezing\n|-status|p2b: Weezing|par\n|cant|p2a: Roaring Moon|par\n|move|p1b: Ting-Lu|Ruination|p2b: Weezing\n|-damage|p2b: Weezing|49\/100 par\n|cant|p2b: Weezing|par\n|\n|-heal|p2b: Weezing|55\/100 par|[from] item: Leftovers\n|-damage|p1b: Ting-Lu|58\/100 brn|[from] brn\n|-end|p2b: Weezing|move: Taunt\n|upkeep\n|turn|5\n|c|\u2606MajinPapasmurf|Well I guess it balances out\n|c|\u2606bobinzo|wtf is this game :)))\n|c|\u2606MajinPapasmurf|ikr\n|inactive|bobinzo has 30 seconds left.\n|\n|t:|1700582266\n|move|p1a: Gyarados|Taunt|p2b: Weezing\n|-start|p2b: Weezing|move: Taunt\n|cant|p2a: Roaring Moon|par\n|move|p1b: Ting-Lu|Rock Tomb|p2a: Roaring Moon\n|-damage|p2a: Roaring Moon|41\/100 par\n|-unboost|p2a: Roaring Moon|spe|1\n|move|p2b: Weezing|Sludge Bomb|p1a: Gyarados\n|-damage|p1a: Gyarados|5\/100\n|-status|p1a: Gyarados|psn\n|\n|-heal|p2b: Weezing|61\/100 par|[from] item: Leftovers\n|-damage|p1a: Gyarados|0 fnt|[from] psn\n|faint|p1a: Gyarados\n|-damage|p1b: Ting-Lu|52\/100 brn|[from] brn\n|upkeep\n|c|\u2606MajinPapasmurf|I feel your pain\n|c|\u2606bobinzo|roaring moon is stunned\n|\n|t:|1700582284\n|switch|p1a: Landorus|Landorus-Therian, L50, M|100\/100\n|turn|6\n|inactive|MajinPapasmurf has 30 seconds left.\n|\n|t:|1700582315\n|move|p1a: Landorus|Swords Dance|p1a: Landorus\n|-boost|p1a: Landorus|atk|2\n|move|p1b: Ting-Lu|Ruination|p2b: Weezing\n|-damage|p2b: Weezing|31\/100 par\n|move|p2a: Roaring Moon|Breaking Swipe|p1a: Landorus|[spread] p1a,p1b\n|-damage|p1a: Landorus|78\/100\n|-damage|p1b: Ting-Lu|40\/100 brn\n|-unboost|p1a: Landorus|atk|1\n|-unboost|p1b: Ting-Lu|atk|1\n|cant|p2b: Weezing|par\n|\n|-heal|p2b: Weezing|37\/100 par|[from] item: Leftovers\n|-damage|p1b: Ting-Lu|34\/100 brn|[from] brn\n|upkeep\n|turn|7\n|inactive|MajinPapasmurf has 30 seconds left.\n|\n|t:|1700582343\n|switch|p1b: Scizor|Scizor, L50, M|100\/100\n|move|p1a: Landorus|Rock Slide|p2a: Roaring Moon|[spread] p2a,p2b\n|-damage|p2a: Roaring Moon|13\/100 par\n|-damage|p2b: Weezing|11\/100 par\n|move|p2b: Weezing|Sludge Bomb|p1b: Scizor\n|-immune|p1b: Scizor\n|cant|p2a: Roaring Moon|flinch\n|\n|-heal|p2b: Weezing|17\/100 par|[from] item: Leftovers\n|-end|p2b: Weezing|move: Taunt\n|upkeep\n|turn|8\n|\n|t:|1700582360\n|move|p1a: Landorus|Rock Slide|p2a: Roaring Moon|[spread] p2a,p2b\n|-damage|p2a: Roaring Moon|0 fnt\n|-damage|p2b: Weezing|0 fnt\n|faint|p2a: Roaring Moon\n|-end|p2a: Roaring Moon|Protosynthesis|[silent]\n|faint|p2b: Weezing\n|-end|p2b: Weezing|ability: Neutralizing Gas\n|move|p1b: Scizor|U-turn|p2: Roaring Moon|[notarget]\n|-fail|p1b: Scizor\n|\n|upkeep\n|\n|t:|1700582363\n|switch|p2a: Regieleki|Regieleki, L50|100\/100\n|switch|p2b: Heatran|Heatran, L50, F|100\/100\n|turn|9\n|inactive|MajinPapasmurf has 30 seconds left.\n|\n|t:|1700582390\n|-terastallize|p2a: Regieleki|Ice\n|-terastallize|p1b: Scizor|Fire\n|move|p1a: Landorus|Protect|p1a: Landorus\n|-singleturn|p1a: Landorus|Protect\n|move|p2a: Regieleki|Tera Blast|p1a: Landorus|[anim] Tera Blast Ice\n|-activate|p1a: Landorus|move: Protect\n|move|p2b: Heatran|Heat Wave|p1a: Landorus|[spread] p1b\n|-activate|p1a: Landorus|move: Protect\n|-resisted|p1b: Scizor\n|-crit|p1b: Scizor\n|-damage|p1b: Scizor|61\/100\n|move|p1b: Scizor|U-turn|p2b: Heatran\n|-resisted|p2b: Heatran\n|-damage|p2b: Heatran|87\/100\n|\n|t:|1700582403\n|switch|p1b: Ting-Lu|Ting-Lu, L50|34\/100 brn|[from] U-turn\n|-ability|p1b: Ting-Lu|Vessel of Ruin\n|\n|-damage|p1b: Ting-Lu|28\/100 brn|[from] brn\n|upkeep\n|turn|10\n|\n|t:|1700582421\n|switch|p1a: Scizor|Scizor, L50, M, tera:Fire|61\/100\n|move|p2a: Regieleki|Tera Blast|p1a: Scizor|[anim] Tera Blast Ice\n|-resisted|p1a: Scizor\n|-damage|p1a: Scizor|37\/100\n|move|p2b: Heatran|Earth Power|p1a: Scizor\n|-supereffective|p1a: Scizor\n|-damage|p1a: Scizor|0 fnt\n|faint|p1a: Scizor\n|move|p1b: Ting-Lu|Heavy Slam|p2a: Regieleki\n|-supereffective|p2a: Regieleki\n|-damage|p2a: Regieleki|50\/100\n|\n|-damage|p1b: Ting-Lu|22\/100 brn|[from] brn\n|upkeep\n|\n|t:|1700582434\n|switch|p1a: Landorus|Landorus-Therian, L50, M|78\/100\n|-ability|p1a: Landorus|Intimidate|boost\n|-unboost|p2a: Regieleki|atk|1\n|-unboost|p2b: Heatran|atk|1\n|turn|11\n|\n|t:|1700582454\n|move|p2a: Regieleki|Tera Blast|p1a: Landorus|[anim] Tera Blast Ice\n|-supereffective|p1a: Landorus\n|-damage|p1a: Landorus|0 fnt\n|faint|p1a: Landorus\n|move|p2b: Heatran|Flash Cannon|p1b: Ting-Lu\n|-damage|p1b: Ting-Lu|8\/100 brn\n|move|p1b: Ting-Lu|Heavy Slam|p2a: Regieleki\n|-supereffective|p2a: Regieleki\n|-damage|p2a: Regieleki|6\/100\n|\n|-damage|p1b: Ting-Lu|2\/100 brn|[from] brn\n|upkeep\n|turn|12\n|c|\u2606MajinPapasmurf|great game, you earned it\n|c|\u2606bobinzo|ggs\n|\n|t:|1700582468\n|move|p2a: Regieleki|Tera Blast|p1b: Ting-Lu|[anim] Tera Blast Ice\n|-supereffective|p1b: Ting-Lu\n|-damage|p1b: Ting-Lu|0 fnt\n|faint|p1b: Ting-Lu\n|\n|win|bobinzo\n|raw|MajinPapasmurf's rating: 1318 &rarr; <strong>1302<\/strong><br \/>(-16 for losing)\n|raw|bobinzo's rating: 1396 &rarr; <strong>1412<\/strong><br \/>(+16 for winning)\n|l|\u2606MajinPapasmurf\n","uploadtime":1700582570,"views":1,"p1id":"majinpapasmurf","p2id":"bobinzo","formatid":"gen9vgc2023regulatione","rating":1302,"private":0,"password":""}