{"id":"gen9vgc2023regulatione-1999283857","p1":"bdekko_","p2":"Wolverine-TS","format":"[Gen 9] VGC 2023 Regulation E","log":"|j|\u2606bdekko_\n|j|\u2606Wolverine-TS\n|t:|1701054906\n|gametype|doubles\n|player|p1|bdekko_|iris-gen5bw2|\n|player|p2|Wolverine-TS|170|\n|teamsize|p1|6\n|teamsize|p2|6\n|gen|9\n|tier|[Gen 9] VGC 2023 Regulation E\n|rule|Species Clause: Limit one of each Pok\u00e9mon\n|rule|Item Clause: Limit one of each item\n|clearpoke\n|poke|p1|Lurantis, L50, F|\n|poke|p1|Hatterene, L50, F|\n|poke|p1|Kingambit, L50, F|\n|poke|p1|Amoonguss, L50, F|\n|poke|p1|Abomasnow, L50, F|\n|poke|p1|Slowking-Galar, L50, F|\n|poke|p2|Tornadus, L50, M|\n|poke|p2|Iron Hands, L50|\n|poke|p2|Flutter Mane, L50|\n|poke|p2|Chi-Yu, L50|\n|poke|p2|Amoonguss, L50, M|\n|poke|p2|Urshifu-*, L50, F|\n|teampreview|4\n|\n|t:|1701054957\n|start\n|switch|p1a: Hatterene|Hatterene, L50, F, shiny|100\/100\n|switch|p1b: Abomasnow|Abomasnow, L50, F, shiny|100\/100\n|switch|p2a: Tornadus|Tornadus, L50, M|100\/100\n|switch|p2b: Chi-Yu|Chi-Yu, L50|100\/100\n|-ability|p2b: Chi-Yu|Beads of Ruin\n|-weather|Snow|[from] ability: Snow Warning|[of] p1b: Abomasnow\n|turn|1\n|\n|t:|1701054980\n|-terastallize|p2b: Chi-Yu|Dark\n|-terastallize|p1b: Abomasnow|Fairy\n|move|p2a: Tornadus|Tailwind|p2a: Tornadus\n|-sidestart|p2: Wolverine-TS|move: Tailwind\n|move|p2b: Chi-Yu|Heat Wave|p1b: Abomasnow|[spread] p1a,p1b\n|-damage|p1a: Hatterene|30\/100\n|-damage|p1b: Abomasnow|48\/100\n|-damage|p2b: Chi-Yu|90\/100|[from] item: Life Orb\n|move|p1b: Abomasnow|Aurora Veil|p1b: Abomasnow\n|-sidestart|p1: bdekko_|move: Aurora Veil\n|move|p1a: Hatterene|Trick Room|p1a: Hatterene\n|-fieldstart|move: Trick Room|[of] p1a: Hatterene\n|\n|-weather|Snow|[upkeep]\n|-heal|p1b: Abomasnow|54\/100|[from] item: Leftovers\n|upkeep\n|turn|2\n|\n|t:|1701055001\n|move|p1a: Hatterene|Helping Hand|p1b: Abomasnow\n|-singleturn|p1b: Abomasnow|Helping Hand|[of] p1a: Hatterene\n|move|p2a: Tornadus|Protect|p2a: Tornadus\n|-singleturn|p2a: Tornadus|Protect\n|move|p2b: Chi-Yu|Protect|p2b: Chi-Yu\n|-singleturn|p2b: Chi-Yu|Protect\n|move|p1b: Abomasnow|Blizzard|p2b: Chi-Yu|[spread] \n|-activate|p2a: Tornadus|move: Protect\n|-activate|p2b: Chi-Yu|move: Protect\n|\n|-weather|Snow|[upkeep]\n|-heal|p1b: Abomasnow|60\/100|[from] item: Leftovers\n|upkeep\n|turn|3\n|\n|t:|1701055026\n|switch|p1b: Lurantis|Lurantis, L50, F, shiny|100\/100\n|switch|p2b: Urshifu|Urshifu-Rapid-Strike, L50, F|100\/100\n|move|p2a: Tornadus|Rain Dance|p2a: Tornadus\n|-weather|RainDance\n|move|p1a: Hatterene|Draining Kiss|p2b: Urshifu\n|-supereffective|p2b: Urshifu\n|-damage|p2b: Urshifu|20\/100\n|-heal|p1a: Hatterene|100\/100|[from] drain|[of] p2b: Urshifu\n|\n|-weather|RainDance|[upkeep]\n|upkeep\n|turn|4\n|\n|t:|1701055055\n|move|p2b: Urshifu|Protect|p2b: Urshifu\n|-singleturn|p2b: Urshifu|Protect\n|move|p1a: Hatterene|Dazzling Gleam|p2b: Urshifu|[spread] p2a\n|-activate|p2b: Urshifu|move: Protect\n|-damage|p2a: Tornadus|56\/100\n|move|p1b: Lurantis|Superpower|p2a: Tornadus\n|-resisted|p2a: Tornadus\n|-damage|p2a: Tornadus|14\/100\n|-boost|p1b: Lurantis|atk|1\n|-boost|p1b: Lurantis|def|1\n|-enditem|p2a: Tornadus|Sitrus Berry|[eat]\n|-heal|p2a: Tornadus|39\/100|[from] item: Sitrus Berry\n|-damage|p1b: Lurantis|91\/100|[from] item: Life Orb\n|move|p2a: Tornadus|Bleakwind Storm|p1b: Lurantis|[spread] p1a,p1b\n|-supereffective|p1b: Lurantis\n|-damage|p1a: Hatterene|74\/100\n|-damage|p1b: Lurantis|32\/100\n|\n|-weather|RainDance|[upkeep]\n|-sideend|p2: Wolverine-TS|move: Tailwind\n|upkeep\n|turn|5\n|\n|t:|1701055086\n|switch|p2b: Amoonguss|Amoonguss, L50, M|100\/100\n|move|p2a: Tornadus|Protect|p2a: Tornadus\n|-singleturn|p2a: Tornadus|Protect\n|move|p1a: Hatterene|Dazzling Gleam|p2b: Amoonguss|[spread] p2b\n|-activate|p2a: Tornadus|move: Protect\n|-resisted|p2b: Amoonguss\n|-damage|p2b: Amoonguss|91\/100\n|move|p1b: Lurantis|Superpower|p2a: Tornadus\n|-activate|p2a: Tornadus|move: Protect\n|\n|-weather|RainDance|[upkeep]\n|-heal|p2b: Amoonguss|96\/100|[from] item: Black Sludge\n|-sideend|p1: bdekko_|move: Aurora Veil\n|-fieldend|move: Trick Room\n|upkeep\n|turn|6\n|\n|t:|1701055120\n|move|p2a: Tornadus|Tailwind|p2a: Tornadus\n|-sidestart|p2: Wolverine-TS|move: Tailwind\n|move|p2b: Amoonguss|Toxic|p2a: Tornadus\n|-status|p2a: Tornadus|tox\n|move|p1b: Lurantis|Substitute|p1b: Lurantis\n|-start|p1b: Lurantis|Substitute\n|-damage|p1b: Lurantis|7\/100\n|move|p1a: Hatterene|Trick Room|p1a: Hatterene\n|-fieldstart|move: Trick Room|[of] p1a: Hatterene\n|\n|-weather|RainDance|[upkeep]\n|-heal|p2b: Amoonguss|100\/100|[from] item: Black Sludge\n|-damage|p2a: Tornadus|33\/100 tox|[from] psn\n|upkeep\n|turn|7\n|\n|t:|1701055142\n|move|p2a: Tornadus|Tailwind||[still]\n|-fail|p2a: Tornadus\n|move|p1a: Hatterene|Dazzling Gleam|p2b: Amoonguss|[spread] p2a,p2b\n|-resisted|p2b: Amoonguss\n|-damage|p2a: Tornadus|0 fnt\n|-damage|p2b: Amoonguss|91\/100\n|faint|p2a: Tornadus\n|move|p1b: Lurantis|Superpower|p2b: Amoonguss\n|-resisted|p2b: Amoonguss\n|-damage|p2b: Amoonguss|47\/100\n|-boost|p1b: Lurantis|atk|1\n|-boost|p1b: Lurantis|def|1\n|-damage|p1b: Lurantis|0 fnt|[from] item: Life Orb\n|faint|p1b: Lurantis\n|move|p2b: Amoonguss|Toxic|p1a: Hatterene\n|move|p1a: Hatterene|Toxic|p2b: Amoonguss|[from]ability: Magic Bounce\n|-immune|p2b: Amoonguss\n|\n|-weather|none\n|-heal|p2b: Amoonguss|53\/100|[from] item: Black Sludge\n|upkeep\n|\n|t:|1701055170\n|switch|p1b: Kingambit|Kingambit, L50, F|100\/100\n|switch|p2a: Chi-Yu|Chi-Yu, L50, tera:Dark|90\/100\n|-ability|p2a: Chi-Yu|Beads of Ruin\n|turn|8\n|\n|t:|1701055194\n|move|p1b: Kingambit|Sucker Punch|p2a: Chi-Yu\n|-resisted|p2a: Chi-Yu\n|-damage|p2a: Chi-Yu|36\/100\n|move|p1a: Hatterene|Dazzling Gleam|p2b: Amoonguss|[spread] p2a,p2b\n|-supereffective|p2a: Chi-Yu\n|-resisted|p2b: Amoonguss\n|-damage|p2a: Chi-Yu|0 fnt\n|-damage|p2b: Amoonguss|39\/100\n|faint|p2a: Chi-Yu\n|move|p2b: Amoonguss|Spore|p1b: Kingambit\n|-status|p1b: Kingambit|slp|[from] move: Spore\n|\n|-heal|p2b: Amoonguss|45\/100|[from] item: Black Sludge\n|upkeep\n|\n|t:|1701055208\n|switch|p2a: Urshifu|Urshifu-Rapid-Strike, L50, F|20\/100\n|turn|9\n|\n|t:|1701055213\n|switch|p1b: Abomasnow|Abomasnow, L50, F, shiny, tera:Fairy|60\/100\n|-weather|Snow|[from] ability: Snow Warning|[of] p1b: Abomasnow\n|move|p2b: Amoonguss|Protect|p2b: Amoonguss\n|-singleturn|p2b: Amoonguss|Protect\n|move|p2a: Urshifu|Protect|p2a: Urshifu\n|-singleturn|p2a: Urshifu|Protect\n|move|p1a: Hatterene|Dazzling Gleam|p2a: Urshifu|[spread] \n|-activate|p2a: Urshifu|move: Protect\n|-activate|p2b: Amoonguss|move: Protect\n|\n|-weather|Snow|[upkeep]\n|-heal|p1b: Abomasnow|66\/100|[from] item: Leftovers\n|-heal|p2b: Amoonguss|51\/100|[from] item: Black Sludge\n|-sideend|p2: Wolverine-TS|move: Tailwind\n|upkeep\n|turn|10\n|\n|t:|1701055249\n|move|p1a: Hatterene|Dazzling Gleam|p2a: Urshifu|[spread] p2a,p2b\n|-supereffective|p2a: Urshifu\n|-resisted|p2b: Amoonguss\n|-damage|p2a: Urshifu|0 fnt\n|-damage|p2b: Amoonguss|41\/100\n|faint|p2a: Urshifu\n|move|p2b: Amoonguss|Toxic|p1b: Abomasnow\n|-status|p1b: Abomasnow|tox\n|move|p1b: Abomasnow|Blizzard|p2b: Amoonguss\n|-supereffective|p2b: Amoonguss\n|-damage|p2b: Amoonguss|0 fnt\n|faint|p2b: Amoonguss\n|\n|win|bdekko_\n|l|\u2606Wolverine-TS\n","uploadtime":1701055265,"views":15,"p1id":"bdekko","p2id":"wolverinets","formatid":"gen9vgc2023regulatione","rating":0,"private":0,"password":""}