{"id":"gen9vgc2023regulatione-1988485266","p1":"Mumassauro","p2":"AvianRoseline","format":"[Gen 9] VGC 2023 Regulation E","log":"|j|\u2606Mumassauro\n|j|\u2606AvianRoseline\n|t:|1699727995\n|gametype|doubles\n|player|p1|Mumassauro|cyclistf-gen4|1086\n|player|p2|AvianRoseline|cynthia-gen4|1108\n|teamsize|p1|6\n|teamsize|p2|6\n|gen|9\n|tier|[Gen 9] VGC 2023 Regulation E\n|rated|\n|rule|Species Clause: Limit one of each Pok\u00e9mon\n|rule|Item Clause: Limit one of each item\n|clearpoke\n|poke|p1|Kommo-o, L50, F|\n|poke|p1|Maushold, L50|\n|poke|p1|Ogerpon-Wellspring, L50, F|\n|poke|p1|Chi-Yu, L50|\n|poke|p1|Iron Hands, L50|\n|poke|p1|Flutter Mane, L50|\n|poke|p2|Ditto, L50|\n|poke|p2|Snorlax, L50, F|\n|poke|p2|Ogerpon-Hearthflame, L50, F|\n|poke|p2|Cresselia, L50, F|\n|poke|p2|Baxcalibur, L50, F|\n|poke|p2|Rillaboom, L50, F|\n|teampreview|4\n|\n|t:|1699728025\n|start\n|switch|p1a: Ogerpon|Ogerpon-Wellspring, L50, F|100\/100\n|switch|p1b: Iron Hands|Iron Hands, L50|100\/100\n|switch|p2a: Support Madness|Cresselia, L50, F, shiny|100\/100\n|switch|p2b: Snoozelax|Snorlax, L50, F, shiny|100\/100\n|turn|1\n|inactive|Battle timer is ON: inactive players will automatically lose when time's up. (requested by Mumassauro)\n|\n|t:|1699728054\n|switch|p2a: Sus Amogus|Ditto, L50|100\/100\n|switch|p2b: Bing Chilling|Baxcalibur, L50, F, shiny|100\/100\n|move|p1b: Iron Hands|Fake Out|p2b: Bing Chilling\n|-damage|p2b: Bing Chilling|85\/100\n|move|p1a: Ogerpon|Ivy Cudgel|p2b: Bing Chilling\n|-resisted|p2b: Bing Chilling\n|-damage|p2b: Bing Chilling|57\/100\n|\n|upkeep\n|turn|2\n|\n|t:|1699728079\n|switch|p1a: Chi-Yu|Chi-Yu, L50|100\/100\n|-ability|p1a: Chi-Yu|Beads of Ruin\n|move|p2b: Bing Chilling|Icicle Spear|p1b: Iron Hands\n|-damage|p1b: Iron Hands|91\/100\n|-damage|p1b: Iron Hands|82\/100\n|-damage|p1b: Iron Hands|72\/100\n|-damage|p1b: Iron Hands|63\/100\n|-hitcount|p1b: Iron Hands|4\n|move|p1b: Iron Hands|Close Combat|p2b: Bing Chilling\n|-supereffective|p2b: Bing Chilling\n|-damage|p2b: Bing Chilling|0 fnt\n|-unboost|p1b: Iron Hands|def|1\n|-unboost|p1b: Iron Hands|spd|1\n|faint|p2b: Bing Chilling\n|move|p2a: Sus Amogus|Transform|p1a: Chi-Yu\n|-transform|p2a: Sus Amogus|p1a: Chi-Yu\n|-ability|p2a: Sus Amogus|Beads of Ruin\n|\n|upkeep\n|\n|t:|1699728101\n|switch|p2b: Support Madness|Cresselia, L50, F, shiny|100\/100\n|turn|3\n|\n|t:|1699728122\n|move|p1a: Chi-Yu|Snarl|p2a: Sus Amogus|[spread] p2a,p2b\n|-resisted|p2a: Sus Amogus\n|-supereffective|p2b: Support Madness\n|-damage|p2a: Sus Amogus|95\/100\n|-damage|p2b: Support Madness|69\/100\n|-unboost|p2a: Sus Amogus|spa|1\n|-unboost|p2b: Support Madness|spa|1\n|move|p2a: Sus Amogus|Snarl|p1b: Iron Hands|[spread] p1a,p1b\n|-resisted|p1a: Chi-Yu\n|-resisted|p1b: Iron Hands\n|-damage|p1a: Chi-Yu|97\/100\n|-damage|p1b: Iron Hands|56\/100\n|-unboost|p1a: Chi-Yu|spa|1\n|-unboost|p1b: Iron Hands|spa|1\n|move|p1b: Iron Hands|Close Combat|p2a: Sus Amogus\n|-supereffective|p2a: Sus Amogus\n|-damage|p2a: Sus Amogus|0 fnt\n|-unboost|p1b: Iron Hands|def|1\n|-unboost|p1b: Iron Hands|spd|1\n|faint|p2a: Sus Amogus\n|move|p2b: Support Madness|Trick Room|p2b: Support Madness\n|-fieldstart|move: Trick Room|[of] p2b: Support Madness\n|\n|upkeep\n|\n|t:|1699728139\n|switch|p2a: Snoozelax|Snorlax, L50, F, shiny|100\/100\n|turn|4\n|\n|t:|1699728151\n|-terastallize|p2a: Snoozelax|Fairy\n|move|p2a: Snoozelax|Belly Drum|p2a: Snoozelax\n|-damage|p2a: Snoozelax|51\/100\n|-setboost|p2a: Snoozelax|atk|6|[from] move: Belly Drum\n|move|p1b: Iron Hands|Close Combat|p2a: Snoozelax\n|-resisted|p2a: Snoozelax\n|-damage|p2a: Snoozelax|20\/100\n|-unboost|p1b: Iron Hands|def|1\n|-unboost|p1b: Iron Hands|spd|1\n|-enditem|p2a: Snoozelax|Iapapa Berry|[eat]\n|-heal|p2a: Snoozelax|53\/100|[from] item: Iapapa Berry\n|move|p2b: Support Madness|Lunar Blessing|p2b: Support Madness|[spread] p2a,p2b\n|-heal|p2a: Snoozelax|78\/100\n|-heal|p2b: Support Madness|94\/100\n|move|p1a: Chi-Yu|Will-O-Wisp|p2a: Snoozelax\n|-status|p2a: Snoozelax|brn\n|\n|-damage|p2a: Snoozelax|72\/100 brn|[from] brn\n|upkeep\n|turn|5\n|inactive|AvianRoseline has 30 seconds left.\n|\n|t:|1699728179\n|-end|p1b: Iron Hands|Quark Drive|[silent]\n|switch|p1b: Ogerpon|Ogerpon-Wellspring, L50, F|100\/100\n|move|p2a: Snoozelax|Body Slam|p1b: Ogerpon\n|-damage|p1b: Ogerpon|0 fnt\n|faint|p1b: Ogerpon\n|move|p2b: Support Madness|Lunar Blessing|p2b: Support Madness|[spread] p2a,p2b\n|-heal|p2a: Snoozelax|97\/100 brn\n|-curestatus|p2a: Snoozelax|brn|[msg]\n|-heal|p2b: Support Madness|100\/100\n|move|p1a: Chi-Yu|Heat Wave|p2a: Snoozelax|[spread] p2a\n|-miss|p1a: Chi-Yu|p2b: Support Madness\n|-damage|p2a: Snoozelax|89\/100\n|\n|upkeep\n|\n|t:|1699728193\n|switch|p1b: Iron Hands|Iron Hands, L50|56\/100\n|turn|6\n|inactive|AvianRoseline has 30 seconds left.\n|inactive|AvianRoseline has 20 seconds left.\n|inactive|AvianRoseline has 15 seconds left.\n|\n|t:|1699728235\n|-terastallize|p1b: Iron Hands|Steel\n|move|p2a: Snoozelax|Body Slam|p1b: Iron Hands\n|-resisted|p1b: Iron Hands\n|-damage|p1b: Iron Hands|2\/100\n|move|p1b: Iron Hands|Heavy Slam|p2a: Snoozelax\n|-supereffective|p2a: Snoozelax\n|-damage|p2a: Snoozelax|48\/100\n|move|p2b: Support Madness|Lunar Blessing|p2b: Support Madness|[spread] p2a,p2b\n|-heal|p2a: Snoozelax|73\/100\n|move|p1a: Chi-Yu|Will-O-Wisp|p2a: Snoozelax\n|-status|p2a: Snoozelax|brn\n|\n|-damage|p2a: Snoozelax|67\/100 brn|[from] brn\n|upkeep\n|turn|7\n|\n|t:|1699728259\n|-end|p1b: Iron Hands|Quark Drive|[silent]\n|switch|p1b: Flutter Mane|Flutter Mane, L50|100\/100\n|-enditem|p1b: Flutter Mane|Booster Energy\n|-activate|p1b: Flutter Mane|ability: Protosynthesis|[fromitem]\n|-start|p1b: Flutter Mane|protosynthesisspe\n|move|p2a: Snoozelax|Body Slam|p1b: Flutter Mane\n|-immune|p1b: Flutter Mane\n|move|p2b: Support Madness|Lunar Blessing|p2b: Support Madness|[spread] p2a,p2b\n|-heal|p2a: Snoozelax|92\/100 brn\n|-curestatus|p2a: Snoozelax|brn|[msg]\n|move|p1a: Chi-Yu|Snarl|p2a: Snoozelax|[spread] p2a\n|-miss|p1a: Chi-Yu|p2b: Support Madness\n|-resisted|p2a: Snoozelax\n|-damage|p2a: Snoozelax|87\/100\n|-unboost|p2a: Snoozelax|spa|1\n|\n|-fieldend|move: Trick Room\n|upkeep\n|turn|8\n|\n|t:|1699728280\n|move|p1b: Flutter Mane|Shadow Ball|p2a: Snoozelax\n|-damage|p2a: Snoozelax|50\/100\n|move|p1a: Chi-Yu|Will-O-Wisp|p2a: Snoozelax\n|-status|p2a: Snoozelax|brn\n|move|p2a: Snoozelax|Earthquake|p1a: Chi-Yu|[spread] p1a,p1b\n|-immune|p2b: Support Madness|[from] ability: Levitate\n|-supereffective|p1a: Chi-Yu\n|-damage|p1a: Chi-Yu|0 fnt\n|-damage|p1b: Flutter Mane|2\/100\n|faint|p1a: Chi-Yu\n|move|p2b: Support Madness|Trick Room|p2b: Support Madness\n|-fieldstart|move: Trick Room|[of] p2b: Support Madness\n|\n|-damage|p2a: Snoozelax|44\/100 brn|[from] brn\n|upkeep\n|\n|t:|1699728293\n|switch|p1a: Iron Hands|Iron Hands, L50, tera:Steel|2\/100\n|turn|9\n|\n|t:|1699728303\n|move|p2a: Snoozelax|Earthquake|p1a: Iron Hands|[spread] p1a,p1b\n|-immune|p2b: Support Madness|[from] ability: Levitate\n|-supereffective|p1a: Iron Hands\n|-damage|p1a: Iron Hands|0 fnt\n|-damage|p1b: Flutter Mane|0 fnt\n|faint|p1a: Iron Hands\n|-end|p1a: Iron Hands|Quark Drive|[silent]\n|faint|p1b: Flutter Mane\n|-end|p1b: Flutter Mane|Protosynthesis|[silent]\n|\n|win|AvianRoseline\n|raw|Mumassauro's rating: 1086 &rarr; <strong>1065<\/strong><br \/>(-21 for losing)\n|raw|AvianRoseline's rating: 1108 &rarr; <strong>1131<\/strong><br \/>(+23 for winning)\n|l|\u2606Mumassauro\n","uploadtime":1699728314,"views":14,"p1id":"mumassauro","p2id":"avianroseline","formatid":"gen9vgc2023regulatione","rating":1065,"private":0,"password":""}