{"id":"gen9vgc2023regulatione-1992915918","p1":"BlueJayX2","p2":"Chupetovsky","format":"[Gen 9] VGC 2023 Regulation E","log":"|j|\u2606BlueJayX2\n|j|\u2606Chupetovsky\n|t:|1700246522\n|gametype|doubles\n|player|p1|BlueJayX2|marley|1066\n|player|p2|Chupetovsky|265|1049\n|teamsize|p1|6\n|teamsize|p2|6\n|gen|9\n|tier|[Gen 9] VGC 2023 Regulation E\n|rated|\n|rule|Species Clause: Limit one of each Pok\u00e9mon\n|rule|Item Clause: Limit one of each item\n|clearpoke\n|poke|p1|Sylveon, L50, F|\n|poke|p1|Indeedee-F, L50, F|\n|poke|p1|Volbeat, L50, M|\n|poke|p1|Tauros-Paldea-Aqua, L50, M|\n|poke|p1|Ariados, L50, M|\n|poke|p1|Dudunsparce-*, L50, F|\n|poke|p2|Ogerpon-Wellspring, L50, F|\n|poke|p2|Chien-Pao, L50|\n|poke|p2|Amoonguss, L50, M|\n|poke|p2|Landorus-Therian, L50, M|\n|poke|p2|Sinistcha, L50|\n|poke|p2|Zoroark-Hisui, L50, F|\n|teampreview|4\n|inactive|Battle timer is ON: inactive players will automatically lose when time's up. (requested by BlueJayX2)\n|\n|t:|1700246539\n|start\n|switch|p1a: Volbeat|Volbeat, L50, M|100\/100\n|switch|p1b: Sylveon|Sylveon, L50, F, shiny|100\/100\n|switch|p2a: Chien-Pao|Chien-Pao, L50|100\/100\n|switch|p2b: Sinistcha|Sinistcha, L50|100\/100\n|-ability|p2a: Chien-Pao|Sword of Ruin\n|turn|1\n|inactive|Chupetovsky has 30 seconds left.\n|\n|t:|1700246569\n|move|p1a: Volbeat|Tailwind|p1a: Volbeat\n|-sidestart|p1: BlueJayX2|move: Tailwind\n|move|p1b: Sylveon|Hyper Voice|p2b: Sinistcha|[spread] p2a,p2b\n|-supereffective|p2a: Chien-Pao\n|-damage|p2a: Chien-Pao|0 fnt\n|-damage|p2b: Sinistcha|59\/100\n|faint|p2a: Chien-Pao\n|-enditem|p1b: Sylveon|Throat Spray\n|-boost|p1b: Sylveon|spa|1|[from] item: Throat Spray\n|move|p2b: Sinistcha|Nasty Plot|p2b: Sinistcha\n|-boost|p2b: Sinistcha|spa|2\n|\n|upkeep\n|\n|t:|1700246579\n|switch|p2a: Ogerpon|Ogerpon-Wellspring, L50, F|100\/100\n|turn|2\n|\n|t:|1700246586\n|-terastallize|p2a: Ogerpon|Water\n|detailschange|p2a: Ogerpon|Ogerpon-Wellspring-Tera, L50, F, tera:Water\n|-ability|p2a: Ogerpon|Embody Aspect (Wellspring)|boost\n|-boost|p2a: Ogerpon|spd|1\n|move|p1a: Volbeat|Thunder Wave|p2a: Ogerpon\n|-status|p2a: Ogerpon|par\n|move|p1b: Sylveon|Hyper Voice|p2b: Sinistcha|[spread] p2a,p2b\n|-damage|p2a: Ogerpon|56\/100 par\n|-damage|p2b: Sinistcha|0 fnt\n|faint|p2b: Sinistcha\n|move|p2a: Ogerpon|Ivy Cudgel|p1b: Sylveon|[anim] Ivy Cudgel Water\n|-crit|p1b: Sylveon\n|-damage|p1b: Sylveon|0 fnt\n|faint|p1b: Sylveon\n|\n|upkeep\n|\n|t:|1700246604\n|switch|p1b: Indeedee|Indeedee-F, L50, F|100\/100\n|switch|p2b: Amoonguss|Amoonguss, L50, M|100\/100\n|-fieldstart|move: Psychic Terrain|[from] ability: Psychic Surge|[of] p1b: Indeedee\n|turn|3\n|\n|t:|1700246629\n|move|p1a: Volbeat|Helping Hand|p1b: Indeedee\n|-singleturn|p1b: Indeedee|Helping Hand|[of] p1a: Volbeat\n|move|p1b: Indeedee|Light Screen|p1b: Indeedee\n|-sidestart|p1: BlueJayX2|move: Light Screen\n|move|p2a: Ogerpon|Horn Leech|p1b: Indeedee\n|-damage|p1b: Indeedee|21\/100\n|-heal|p2a: Ogerpon|93\/100 par|[from] drain|[of] p1b: Indeedee\n|move|p2b: Amoonguss|Sludge Bomb|p1a: Volbeat\n|-damage|p1a: Volbeat|78\/100\n|-status|p1a: Volbeat|psn\n|\n|-damage|p1a: Volbeat|66\/100 psn|[from] psn\n|upkeep\n|turn|4\n|inactive|BlueJayX2 has 30 seconds left.\n|\n|t:|1700246657\n|move|p1a: Volbeat|Helping Hand|p1b: Indeedee\n|-singleturn|p1b: Indeedee|Helping Hand|[of] p1a: Volbeat\n|move|p2b: Amoonguss|Protect|p2b: Amoonguss\n|-singleturn|p2b: Amoonguss|Protect\n|move|p1b: Indeedee|Dazzling Gleam|p2a: Ogerpon|[spread] p2a\n|-activate|p2b: Amoonguss|move: Protect\n|-damage|p2a: Ogerpon|72\/100 par\n|move|p2a: Ogerpon|Brick Break|p1b: Indeedee\n|-sideend|p1: BlueJayX2|move: Light Screen\n|-damage|p1b: Indeedee|0 fnt\n|faint|p1b: Indeedee\n|\n|-damage|p1a: Volbeat|54\/100 psn|[from] psn\n|-sideend|p1: BlueJayX2|move: Tailwind\n|upkeep\n|\n|t:|1700246673\n|switch|p1b: Dudunsparce|Dudunsparce-Three-Segment, L50, F|100\/100\n|turn|5\n|\n|t:|1700246685\n|move|p1a: Volbeat|Tailwind|p1a: Volbeat\n|-sidestart|p1: BlueJayX2|move: Tailwind\n|move|p1b: Dudunsparce|Coil|p1b: Dudunsparce\n|-boost|p1b: Dudunsparce|atk|1\n|-boost|p1b: Dudunsparce|def|1\n|-boost|p1b: Dudunsparce|accuracy|1\n|move|p2a: Ogerpon|Brick Break|p1b: Dudunsparce\n|-supereffective|p1b: Dudunsparce\n|-damage|p1b: Dudunsparce|56\/100\n|move|p2b: Amoonguss|Sludge Bomb|p1a: Volbeat\n|-damage|p1a: Volbeat|21\/100 psn\n|\n|-damage|p1a: Volbeat|8\/100 psn|[from] psn\n|upkeep\n|turn|6\n|\n|t:|1700246705\n|move|p1a: Volbeat|Helping Hand|p1b: Dudunsparce\n|-singleturn|p1b: Dudunsparce|Helping Hand|[of] p1a: Volbeat\n|move|p1b: Dudunsparce|Rock Slide|p2b: Amoonguss|[spread] p2a,p2b\n|-damage|p2a: Ogerpon|23\/100 par\n|-damage|p2b: Amoonguss|65\/100\n|cant|p2a: Ogerpon|flinch\n|cant|p2b: Amoonguss|flinch\n|\n|-damage|p1a: Volbeat|0 fnt|[from] psn\n|faint|p1a: Volbeat\n|upkeep\n|turn|7\n|\n|t:|1700246719\n|move|p2a: Ogerpon|Protect|p2a: Ogerpon\n|-singleturn|p2a: Ogerpon|Protect\n|move|p1b: Dudunsparce|Rock Slide|p2b: Amoonguss|[spread] p2b\n|-activate|p2a: Ogerpon|move: Protect\n|-damage|p2b: Amoonguss|39\/100\n|cant|p2b: Amoonguss|flinch\n|\n|-fieldend|move: Psychic Terrain\n|upkeep\n|turn|8\n|\n|t:|1700246734\n|move|p1b: Dudunsparce|Rock Slide|p2a: Ogerpon|[spread] p2a,p2b\n|-damage|p2a: Ogerpon|0 fnt\n|-damage|p2b: Amoonguss|12\/100\n|-enditem|p2b: Amoonguss|Iapapa Berry|[eat]\n|-heal|p2b: Amoonguss|45\/100|[from] item: Iapapa Berry\n|faint|p2a: Ogerpon\n|cant|p2b: Amoonguss|flinch\n|\n|-sideend|p1: BlueJayX2|move: Tailwind\n|upkeep\n|turn|9\n|\n|t:|1700246752\n|move|p1b: Dudunsparce|Rock Slide|p2b: Amoonguss\n|-damage|p2b: Amoonguss|10\/100\n|cant|p2b: Amoonguss|flinch\n|\n|upkeep\n|turn|10\n|c|\u2606Chupetovsky|what the fuck\n|c|\u2606Chupetovsky|100% flinch?\n|\n|t:|1700246765\n|move|p1b: Dudunsparce|Rock Slide|p2b: Amoonguss\n|-damage|p2b: Amoonguss|0 fnt\n|faint|p2b: Amoonguss\n|\n|win|BlueJayX2\n|raw|BlueJayX2's rating: 1066 &rarr; <strong>1095<\/strong><br \/>(+29 for winning)\n|raw|Chupetovsky's rating: 1049 &rarr; <strong>1032<\/strong><br \/>(-17 for losing)\n|c|\u2606Chupetovsky|GG\n|l|\u2606Chupetovsky\n|c|\u2606BlueJayX2|Gtg\n","uploadtime":1700246824,"views":15,"p1id":"bluejayx2","p2id":"chupetovsky","formatid":"gen9vgc2023regulatione","rating":1032,"private":0,"password":""}