{"id":"gen9vgc2023regulatione-1996047881","p1":"jimmyjinx","p2":"clam10000","format":"[Gen 9] VGC 2023 Regulation E","log":"|j|\u2606jimmyjinx\n|j|\u2606clam10000\n|t:|1700635110\n|gametype|doubles\n|player|p1|jimmyjinx|gentleman-gen4|1000\n|player|p2|clam10000|265|1085\n|teamsize|p1|6\n|teamsize|p2|6\n|gen|9\n|tier|[Gen 9] VGC 2023 Regulation E\n|rated|\n|rule|Species Clause: Limit one of each Pok\u00e9mon\n|rule|Item Clause: Limit one of each item\n|clearpoke\n|poke|p1|Abomasnow, L50, F|\n|poke|p1|Ninetales-Alola, L50, F|\n|poke|p1|Cetitan, L50, F|\n|poke|p1|Inteleon, L50, M|\n|poke|p1|Masquerain, L50, F|\n|poke|p1|Chi-Yu, L50|\n|poke|p2|Tyranitar, L50, M|\n|poke|p2|Gliscor, L50, M|\n|poke|p2|Landorus, L50, M|\n|poke|p2|Tornadus, L50, M|\n|poke|p2|Ogerpon-Cornerstone, L50, F|\n|poke|p2|Farigiraf, L50, F|\n|teampreview|4\n|inactive|Battle timer is ON: inactive players will automatically lose when time's up. (requested by jimmyjinx)\n|inactive|clam10000 has 60 seconds left.\n|inactive|jimmyjinx has 60 seconds left.\n|\n|t:|1700635156\n|start\n|switch|p1a: Abomasnow|Abomasnow, L50, F|100\/100\n|switch|p1b: Masquerain|Masquerain, L50, F|100\/100\n|switch|p2a: Tyranitar|Tyranitar, L50, M|100\/100\n|switch|p2b: Ogerpon|Ogerpon-Cornerstone, L50, F|100\/100\n|-ability|p1b: Masquerain|Intimidate|boost\n|-unboost|p2a: Tyranitar|atk|1\n|-unboost|p2b: Ogerpon|atk|1\n|-weather|Sandstorm|[from] ability: Sand Stream|[of] p2a: Tyranitar\n|-weather|Snow|[from] ability: Snow Warning|[of] p1a: Abomasnow\n|turn|1\n|inactive|clam10000 has 30 seconds left.\n|\n|t:|1700635186\n|switch|p2a: Farigiraf|Farigiraf, L50, F|100\/100\n|move|p2b: Ogerpon|Spiky Shield|p2b: Ogerpon\n|-singleturn|p2b: Ogerpon|move: Protect\n|move|p1b: Masquerain|Tailwind|p1b: Masquerain\n|-sidestart|p1: jimmyjinx|move: Tailwind\n|move|p1a: Abomasnow|Blizzard|p2a: Farigiraf|[spread] p2a\n|-activate|p2b: Ogerpon|move: Protect\n|-damage|p2a: Farigiraf|59\/100\n|\n|-weather|Snow|[upkeep]\n|upkeep\n|turn|2\n|inactive|clam10000 has 30 seconds left.\n|inactive|clam10000 has 20 seconds left.\n|\n|t:|1700635224\n|move|p1b: Masquerain|Blizzard|p2a: Farigiraf|[spread] p2a,p2b\n|-supereffective|p2b: Ogerpon\n|-damage|p2a: Farigiraf|38\/100\n|-damage|p2b: Ogerpon|57\/100\n|move|p1a: Abomasnow|Blizzard|p2b: Ogerpon|[spread] p2a,p2b\n|-supereffective|p2b: Ogerpon\n|-damage|p2a: Farigiraf|0 fnt\n|-damage|p2b: Ogerpon|0 fnt\n|faint|p2a: Farigiraf\n|faint|p2b: Ogerpon\n|\n|-weather|Snow|[upkeep]\n|upkeep\n|\n|t:|1700635236\n|switch|p2b: Tyranitar|Tyranitar, L50, M|100\/100\n|switch|p2a: Landorus|Landorus, L50, M|100\/100\n|-weather|Sandstorm|[from] ability: Sand Stream|[of] p2b: Tyranitar\n|turn|3\n|\n|t:|1700635260\n|switch|p1a: Chi-Yu|Chi-Yu, L50|100\/100\n|-ability|p1a: Chi-Yu|Beads of Ruin\n|-terastallize|p2a: Landorus|Rock\n|move|p1b: Masquerain|Blizzard|p2b: Tyranitar|[spread] p2a\n|-miss|p1b: Masquerain|p2b: Tyranitar\n|-damage|p2a: Landorus|79\/100\n|move|p2a: Landorus|Sandsear Storm|p1b: Masquerain|[spread] p1a\n|-immune|p1b: Masquerain\n|-supereffective|p1a: Chi-Yu\n|-damage|p1a: Chi-Yu|0 fnt\n|faint|p1a: Chi-Yu\n|move|p2b: Tyranitar|Rock Slide|p1b: Masquerain\n|-supereffective|p1b: Masquerain\n|-enditem|p1b: Masquerain|Focus Sash\n|-damage|p1b: Masquerain|1\/100\n|\n|-weather|Sandstorm|[upkeep]\n|-damage|p1b: Masquerain|0 fnt|[from] Sandstorm\n|faint|p1b: Masquerain\n|upkeep\n|\n|t:|1700635278\n|switch|p1a: Abomasnow|Abomasnow, L50, F|100\/100\n|switch|p1b: Inteleon|Inteleon, L50, M|100\/100\n|-weather|Snow|[from] ability: Snow Warning|[of] p1a: Abomasnow\n|turn|4\n|inactive|jimmyjinx has 30 seconds left.\n|\n|t:|1700635311\n|move|p2a: Landorus|Protect|p2a: Landorus\n|-singleturn|p2a: Landorus|Protect\n|move|p1b: Inteleon|Snipe Shot|p2a: Landorus\n|-activate|p2a: Landorus|move: Protect\n|move|p1a: Abomasnow|Energy Ball|p2a: Landorus\n|-activate|p2a: Landorus|move: Protect\n|move|p2b: Tyranitar|Rock Slide|p1b: Inteleon|[spread] p1a,p1b\n|-supereffective|p1a: Abomasnow\n|-damage|p1a: Abomasnow|49\/100\n|-damage|p1b: Inteleon|50\/100\n|\n|-weather|Snow|[upkeep]\n|-sideend|p1: jimmyjinx|move: Tailwind\n|upkeep\n|turn|5\n|inactive|clam10000 has 30 seconds left.\n|inactive|clam10000 has 20 seconds left.\n|\n|t:|1700635347\n|move|p1b: Inteleon|Snipe Shot|p2b: Tyranitar\n|-supereffective|p2b: Tyranitar\n|-crit|p2b: Tyranitar\n|-damage|p2b: Tyranitar|0 fnt\n|faint|p2b: Tyranitar\n|move|p2a: Landorus|Sandsear Storm|p1a: Abomasnow|[spread] p1b\n|-miss|p2a: Landorus|p1a: Abomasnow\n|-crit|p1b: Inteleon\n|-damage|p1b: Inteleon|0 fnt\n|faint|p1b: Inteleon\n|move|p1a: Abomasnow|Energy Ball|p2a: Landorus\n|-supereffective|p2a: Landorus\n|-damage|p2a: Landorus|0 fnt\n|faint|p2a: Landorus\n|\n|win|jimmyjinx\n|raw|jimmyjinx's rating: 1000 &rarr; <strong>1050<\/strong><br \/>(+50 for winning)\n|raw|clam10000's rating: 1085 &rarr; <strong>1057<\/strong><br \/>(-28 for losing)\n|c|\u2606clam10000|gg\n|c|\u2606jimmyjinx|gg\n|l|\u2606jimmyjinx\n|c|\u2606clam10000|very wild team\n|c|\u2606clam10000|ok\n","uploadtime":1700635375,"views":2,"p1id":"jimmyjinx","p2id":"clam10000","formatid":"gen9vgc2023regulatione","rating":1050,"private":0,"password":""}