{"id":"gen9vgc2023regulatione-2000506478","p1":"SpookyKnight13","p2":"Doc Positive","format":"[Gen 9] VGC 2023 Regulation E","log":"|j|\u2606SpookyKnight13\n|j|\u2606Doc Positive\n|t:|1701200536\n|gametype|doubles\n|player|p1|SpookyKnight13|sabrina|1198\n|player|p2|Doc Positive|cyrus|1235\n|teamsize|p1|6\n|teamsize|p2|6\n|gen|9\n|tier|[Gen 9] VGC 2023 Regulation E\n|rated|\n|rule|Species Clause: Limit one of each Pok\u00e9mon\n|rule|Item Clause: Limit one of each item\n|clearpoke\n|poke|p1|Rillaboom, L50, M|\n|poke|p1|Sneasler, L50, M|\n|poke|p1|Chien-Pao, L50|\n|poke|p1|Ogerpon-Hearthflame, L50, F|\n|poke|p1|Iron Bundle, L50|\n|poke|p1|Flutter Mane, L50|\n|poke|p2|Cresselia, L50, F|\n|poke|p2|Ursaluna-Bloodmoon, L50, M|\n|poke|p2|Iron Hands, L50|\n|poke|p2|Ogerpon-Wellspring, L50, F|\n|poke|p2|Arcanine-Hisui, L50, M|\n|poke|p2|Flutter Mane, L50|\n|teampreview|4\n|inactive|Battle timer is ON: inactive players will automatically lose when time's up. (requested by Doc Positive)\nDoc Positive has agreed to open team sheets.\n|inactive|SpookyKnight13 has 60 seconds left.\n|\n|t:|1701200568\n|start\n|switch|p1a: Rillaboom|Rillaboom, L50, M|100\/100\n|switch|p1b: Chien-Pao|Chien-Pao, L50|100\/100\n|switch|p2a: Iron Hands|Iron Hands, L50|100\/100\n|switch|p2b: Ogerpon|Ogerpon-Wellspring, L50, F|100\/100\n|-ability|p1b: Chien-Pao|Sword of Ruin\n|-fieldstart|move: Grassy Terrain|[from] ability: Grassy Surge|[of] p1a: Rillaboom\n|turn|1\n|inactive|SpookyKnight13 has 30 seconds left.\n|inactive|Doc Positive has 30 seconds left.\n|inactive|SpookyKnight13 has 20 seconds left.\n|\n|t:|1701200607\n|switch|p1b: Flutter Mane|Flutter Mane, L50|100\/100\n|-enditem|p1b: Flutter Mane|Booster Energy\n|-activate|p1b: Flutter Mane|ability: Protosynthesis|[fromitem]\n|-start|p1b: Flutter Mane|protosynthesisspe\n|move|p1a: Rillaboom|Fake Out|p2a: Iron Hands\n|-damage|p2a: Iron Hands|90\/100\n|move|p2b: Ogerpon|Ivy Cudgel|p1b: Flutter Mane|[anim] Ivy Cudgel Water\n|-damage|p1b: Flutter Mane|0 fnt\n|faint|p1b: Flutter Mane\n|-end|p1b: Flutter Mane|Protosynthesis|[silent]\n|cant|p2a: Iron Hands|flinch\n|\n|-heal|p2a: Iron Hands|96\/100|[from] Grassy Terrain\n|upkeep\n|\n|t:|1701200614\n|switch|p1b: Iron Bundle|Iron Bundle, L50|100\/100\n|turn|2\n|inactive|Doc Positive has 30 seconds left.\n|\n|t:|1701200646\n|move|p1b: Iron Bundle|Protect|p1b: Iron Bundle\n|-singleturn|p1b: Iron Bundle|Protect\n|move|p1a: Rillaboom|Grassy Glide|p2a: Iron Hands\n|-crit|p2a: Iron Hands\n|-damage|p2a: Iron Hands|53\/100\n|move|p2b: Ogerpon|Ivy Cudgel|p1b: Iron Bundle|[anim] Ivy Cudgel Water\n|-activate|p1b: Iron Bundle|move: Protect\n|move|p2a: Iron Hands|Wild Charge|p1b: Iron Bundle\n|-activate|p1b: Iron Bundle|move: Protect\n|\n|-heal|p2a: Iron Hands|59\/100|[from] Grassy Terrain\n|upkeep\n|turn|3\n|\n|t:|1701200669\n|-terastallize|p1b: Iron Bundle|Ice\n|move|p2b: Ogerpon|Follow Me|p2b: Ogerpon\n|-singleturn|p2b: Ogerpon|move: Follow Me\n|move|p1a: Rillaboom|Grassy Glide|p2b: Ogerpon\n|-damage|p2b: Ogerpon|59\/100\n|move|p1b: Iron Bundle|Freeze-Dry|p2b: Ogerpon\n|-supereffective|p2b: Ogerpon\n|-damage|p2b: Ogerpon|0 fnt\n|faint|p2b: Ogerpon\n|move|p2a: Iron Hands|Drain Punch|p1b: Iron Bundle\n|-supereffective|p1b: Iron Bundle\n|-damage|p1b: Iron Bundle|0 fnt\n|-heal|p2a: Iron Hands|87\/100|[from] drain|[of] p1b: Iron Bundle\n|faint|p1b: Iron Bundle\n|-end|p1b: Iron Bundle|Quark Drive|[silent]\n|\n|-heal|p2a: Iron Hands|93\/100|[from] Grassy Terrain\n|upkeep\n|\n|t:|1701200684\n|switch|p1b: Chien-Pao|Chien-Pao, L50|100\/100\n|switch|p2b: Cresselia|Cresselia, L50, F|100\/100\n|-ability|p1b: Chien-Pao|Sword of Ruin\n|turn|4\n|\n|t:|1701200696\n|move|p1b: Chien-Pao|Taunt|p2b: Cresselia\n|-start|p2b: Cresselia|move: Taunt\n|-enditem|p2b: Cresselia|Mental Herb\n|-end|p2b: Cresselia|move: Taunt\n|move|p1a: Rillaboom|Swords Dance|p1a: Rillaboom\n|-boost|p1a: Rillaboom|atk|2\n|move|p2a: Iron Hands|Heavy Slam|p1b: Chien-Pao\n|-supereffective|p1b: Chien-Pao\n|-damage|p1b: Chien-Pao|33\/100\n|move|p2b: Cresselia|Trick Room|p2b: Cresselia\n|-fieldstart|move: Trick Room|[of] p2b: Cresselia\n|\n|-heal|p2a: Iron Hands|98\/100|[from] Grassy Terrain\n|-heal|p1b: Chien-Pao|39\/100|[from] Grassy Terrain\n|upkeep\n|turn|5\n|\n|t:|1701200711\n|move|p1a: Rillaboom|Grassy Glide|p2a: Iron Hands\n|-damage|p2a: Iron Hands|26\/100\n|move|p1b: Chien-Pao|Sucker Punch|p2a: Iron Hands\n|-resisted|p2a: Iron Hands\n|-damage|p2a: Iron Hands|11\/100\n|move|p2a: Iron Hands|Heavy Slam|p1a: Rillaboom\n|-damage|p1a: Rillaboom|55\/100\n|move|p2b: Cresselia|Psychic|p1a: Rillaboom\n|-damage|p1a: Rillaboom|27\/100\n|\n|-heal|p2a: Iron Hands|17\/100|[from] Grassy Terrain\n|-heal|p1a: Rillaboom|33\/100|[from] Grassy Terrain\n|-heal|p1b: Chien-Pao|45\/100|[from] Grassy Terrain\n|upkeep\n|turn|6\n|\n|t:|1701200733\n|move|p1a: Rillaboom|Grassy Glide|p2a: Iron Hands\n|-damage|p2a: Iron Hands|0 fnt\n|faint|p2a: Iron Hands\n|-end|p2a: Iron Hands|Quark Drive|[silent]\n|move|p1b: Chien-Pao|Sucker Punch|p2b: Cresselia\n|-supereffective|p2b: Cresselia\n|-damage|p2b: Cresselia|41\/100\n|move|p2b: Cresselia|Psychic|p1a: Rillaboom\n|-damage|p1a: Rillaboom|6\/100\n|\n|-heal|p1a: Rillaboom|12\/100|[from] Grassy Terrain\n|-heal|p1b: Chien-Pao|51\/100|[from] Grassy Terrain\n|upkeep\n|\n|t:|1701200744\n|switch|p2a: Ursaluna|Ursaluna-Bloodmoon, L50, M|100\/100\n|turn|7\n|\n|t:|1701200755\n|move|p1b: Chien-Pao|Protect|p1b: Chien-Pao\n|-singleturn|p1b: Chien-Pao|Protect\n|move|p1a: Rillaboom|Grassy Glide|p2a: Ursaluna\n|-supereffective|p2a: Ursaluna\n|-damage|p2a: Ursaluna|0 fnt\n|faint|p2a: Ursaluna\n|move|p2b: Cresselia|Lunar Blessing|p2b: Cresselia\n|-heal|p2b: Cresselia|67\/100\n|\n|-heal|p1a: Rillaboom|18\/100|[from] Grassy Terrain\n|-heal|p1b: Chien-Pao|57\/100|[from] Grassy Terrain\n|upkeep\n|turn|8\n|-message|Doc Positive forfeited.\n|\n|win|SpookyKnight13\n|raw|SpookyKnight13's rating: 1198 &rarr; <strong>1226<\/strong><br \/>(+28 for winning)\n|raw|Doc Positive's rating: 1235 &rarr; <strong>1207<\/strong><br \/>(-28 for losing)\n|l|\u2606SpookyKnight13\n|j|\u2606SpookyKnight13\n|player|p1|SpookyKnight13|sabrina\n","uploadtime":1701200829,"views":4,"p1id":"spookyknight13","p2id":"docpositive","formatid":"gen9vgc2023regulatione","rating":1207,"private":0,"password":""}