{"id":"gen9vgc2023regulatione-1997442586","p1":"huzhudaa","p2":"Zeus_Swerve","format":"[Gen 9] VGC 2023 Regulation E","log":"|j|\u2606huzhudaa\n|j|\u2606Zeus_Swerve\n|t:|1700805966\n|gametype|doubles\n|player|p1|huzhudaa|1|1077\n|player|p2|Zeus_Swerve|1|1062\n|teamsize|p1|6\n|teamsize|p2|6\n|gen|9\n|tier|[Gen 9] VGC 2023 Regulation E\n|rated|\n|rule|Species Clause: Limit one of each Pok\u00e9mon\n|rule|Item Clause: Limit one of each item\n|clearpoke\n|poke|p1|Ursaluna, L50, M|\n|poke|p1|Roaring Moon, L50|\n|poke|p1|Armarouge, L50, F|\n|poke|p1|Torkoal, L50, F|\n|poke|p1|Indeedee-F, L50, F|\n|poke|p1|Bronzong, L50|\n|poke|p2|Iron Valiant, L50|\n|poke|p2|Okidogi, L50, M|\n|poke|p2|Tinkaton, L50, F|\n|poke|p2|Tatsugiri, L50, M|\n|poke|p2|Dondozo, L50, M|\n|poke|p2|Glimmora, L50, F|\n|teampreview|4\n|\n|t:|1700806006\n|start\n|switch|p1a: Roaring Moon|Roaring Moon, L50|100\/100\n|switch|p1b: Armarouge|Armarouge, L50, F|100\/100\n|switch|p2a: Glimmora|Glimmora, L50, F|100\/100\n|switch|p2b: Iron Valiant|Iron Valiant, L50|100\/100\n|-enditem|p1a: Roaring Moon|Booster Energy\n|-activate|p1a: Roaring Moon|ability: Protosynthesis|[fromitem]\n|-start|p1a: Roaring Moon|protosynthesisspe\n|-enditem|p2b: Iron Valiant|Booster Energy\n|-activate|p2b: Iron Valiant|ability: Quark Drive|[fromitem]\n|-start|p2b: Iron Valiant|quarkdrivespe\n|turn|1\n|\n|t:|1700806054\n|move|p1b: Armarouge|Endure|p1b: Armarouge\n|-singleturn|p1b: Armarouge|move: Endure\n|move|p1a: Roaring Moon|Earthquake|p2b: Iron Valiant|[spread] p1b,p2a,p2b\n|-supereffective|p1b: Armarouge\n|-supereffective|p2a: Glimmora\n|-damage|p1b: Armarouge|41\/100\n|-enditem|p2a: Glimmora|Focus Sash\n|-damage|p2a: Glimmora|1\/100\n|-damage|p2b: Iron Valiant|68\/100\n|-ability|p1b: Armarouge|Weak Armor|boost\n|-unboost|p1b: Armarouge|def|1\n|-boost|p1b: Armarouge|spe|2\n|-enditem|p1b: Armarouge|Weakness Policy\n|-boost|p1b: Armarouge|atk|2|[from] item: Weakness Policy\n|-boost|p1b: Armarouge|spa|2|[from] item: Weakness Policy\n|-activate|p2a: Glimmora|ability: Toxic Debris\n|-sidestart|p1: huzhudaa|move: Toxic Spikes\n|move|p2b: Iron Valiant|Close Combat|p1a: Roaring Moon\n|-supereffective|p1a: Roaring Moon\n|-damage|p1a: Roaring Moon|0 fnt\n|-unboost|p2b: Iron Valiant|def|1\n|-unboost|p2b: Iron Valiant|spd|1\n|faint|p1a: Roaring Moon\n|-end|p1a: Roaring Moon|Protosynthesis|[silent]\n|move|p2a: Glimmora|Earth Power|p1b: Armarouge\n|-supereffective|p1b: Armarouge\n|-activate|p1b: Armarouge|move: Endure\n|-damage|p1b: Armarouge|1\/100\n|\n|upkeep\n|\n|t:|1700806077\n|switch|p1a: Indeedee|Indeedee-F, L50, F|100\/100\n|-status|p1a: Indeedee|psn\n|-fieldstart|move: Psychic Terrain|[from] ability: Psychic Surge|[of] p1a: Indeedee\n|turn|2\n|\n|t:|1700806111\n|-terastallize|p2b: Iron Valiant|Dark\n|move|p1a: Indeedee|Follow Me|p1a: Indeedee\n|-singleturn|p1a: Indeedee|move: Follow Me\n|move|p2b: Iron Valiant|Knock Off|p1a: Indeedee\n|-supereffective|p1a: Indeedee\n|-damage|p1a: Indeedee|4\/100 psn\n|-enditem|p1a: Indeedee|Safety Goggles|[from] move: Knock Off|[of] p2b: Iron Valiant\n|move|p1b: Armarouge|Expanding Force|p2b: Iron Valiant|[spread] p2a\n|-immune|p2b: Iron Valiant\n|-supereffective|p2a: Glimmora\n|-damage|p2a: Glimmora|0 fnt\n|faint|p2a: Glimmora\n|\n|-damage|p1a: Indeedee|0 fnt|[from] psn\n|faint|p1a: Indeedee\n|upkeep\n|\n|t:|1700806125\n|switch|p2a: Dondozo|Dondozo, L50, M|100\/100\n|switch|p1a: Bronzong|Bronzong, L50|100\/100\n|turn|3\n|\n|t:|1700806143\n|-end|p2b: Iron Valiant|Quark Drive|[silent]\n|switch|p2b: Tatsugiri|Tatsugiri, L50, M|100\/100\n|-activate|p2b: Tatsugiri|ability: Commander|[of] p2a: Dondozo\n|-boost|p2a: Dondozo|atk|2\n|-boost|p2a: Dondozo|spa|2\n|-boost|p2a: Dondozo|spe|2\n|-boost|p2a: Dondozo|def|2\n|-boost|p2a: Dondozo|spd|2\n|-terastallize|p1a: Bronzong|Fire\n|move|p1b: Armarouge|Endure|p1b: Armarouge\n|-singleturn|p1b: Armarouge|move: Endure\n|move|p2a: Dondozo|Protect|p2a: Dondozo\n|-singleturn|p2a: Dondozo|Protect\n|move|p1a: Bronzong|Trick Room|p1a: Bronzong\n|-fieldstart|move: Trick Room|[of] p1a: Bronzong\n|\n|upkeep\n|turn|4\n|\n|t:|1700806161\n|move|p1a: Bronzong|Iron Defense|p1a: Bronzong\n|-boost|p1a: Bronzong|def|2\n|move|p2a: Dondozo|Order Up|p1b: Armarouge\n|-damage|p1b: Armarouge|0 fnt\n|faint|p1b: Armarouge\n|-boost|p2a: Dondozo|atk|1\n|\n|upkeep\n|turn|5\n|\n|t:|1700806172\n|move|p1a: Bronzong|Skill Swap|p2a: Dondozo\n|-activate|p1a: Bronzong|move: Skill Swap|Unaware|Levitate|[of] p2a: Dondozo\n|move|p2a: Dondozo|Order Up|p1a: Bronzong\n|-damage|p1a: Bronzong|92\/100\n|-boost|p2a: Dondozo|atk|1\n|\n|upkeep\n|turn|6\n|\n|t:|1700806187\n|move|p1a: Bronzong|Iron Defense|p1a: Bronzong\n|-boost|p1a: Bronzong|def|2\n|move|p2a: Dondozo|Wave Crash|p1a: Bronzong\n|-supereffective|p1a: Bronzong\n|-damage|p1a: Bronzong|70\/100\n|-damage|p2a: Dondozo|95\/100|[from] Recoil\n|\n|-fieldend|move: Psychic Terrain\n|upkeep\n|turn|7\n|\n|t:|1700806199\n|move|p1a: Bronzong|Iron Defense|p1a: Bronzong\n|-boost|p1a: Bronzong|def|2\n|move|p2a: Dondozo|Wave Crash|p1a: Bronzong\n|-supereffective|p1a: Bronzong\n|-damage|p1a: Bronzong|52\/100\n|-damage|p2a: Dondozo|90\/100|[from] Recoil\n|\n|-fieldend|move: Trick Room\n|upkeep\n|turn|8\n|c|\u2606Zeus_Swerve|IS THAT UR LAST MON\n|inactive|Battle timer is ON: inactive players will automatically lose when time's up. (requested by huzhudaa)\n|\n|t:|1700806231\n|move|p2a: Dondozo|Wave Crash|p1a: Bronzong\n|-supereffective|p1a: Bronzong\n|-damage|p1a: Bronzong|31\/100\n|-damage|p2a: Dondozo|85\/100|[from] Recoil\n|move|p1a: Bronzong|Trick Room|p1a: Bronzong\n|-fieldstart|move: Trick Room|[of] p1a: Bronzong\n|\n|upkeep\n|turn|9\n|\n|t:|1700806238\n|move|p1a: Bronzong|Body Press|p2a: Dondozo\n|-damage|p2a: Dondozo|2\/100\n|-enditem|p2a: Dondozo|Sitrus Berry|[eat]\n|-heal|p2a: Dondozo|27\/100|[from] item: Sitrus Berry\n|move|p2a: Dondozo|Wave Crash|p1a: Bronzong\n|-supereffective|p1a: Bronzong\n|-damage|p1a: Bronzong|13\/100\n|-damage|p2a: Dondozo|22\/100|[from] Recoil\n|\n|upkeep\n|turn|10\n|\n|t:|1700806252\n|move|p1a: Bronzong|Body Press|p2a: Dondozo\n|-damage|p2a: Dondozo|0 fnt\n|faint|p2a: Dondozo\n|\n|upkeep\n|\n|t:|1700806257\n|switch|p2a: Iron Valiant|Iron Valiant, L50, tera:Dark|68\/100\n|turn|11\n|\n|t:|1700806264\n|move|p1a: Bronzong|Body Press|p2b: Tatsugiri\n|-damage|p2b: Tatsugiri|0 fnt\n|faint|p2b: Tatsugiri\n|move|p2a: Iron Valiant|Knock Off|p1a: Bronzong\n|-damage|p1a: Bronzong|4\/100\n|-enditem|p1a: Bronzong|Power Bracer|[from] move: Knock Off|[of] p2a: Iron Valiant\n|\n|upkeep\n|turn|12\n|\n|t:|1700806273\n|move|p1a: Bronzong|Body Press|p2a: Iron Valiant\n|-supereffective|p2a: Iron Valiant\n|-damage|p2a: Iron Valiant|0 fnt\n|faint|p2a: Iron Valiant\n|-end|p2a: Iron Valiant|Quark Drive|[silent]\n|\n|win|huzhudaa\n|raw|huzhudaa's rating: 1077 &rarr; <strong>1104<\/strong><br \/>(+27 for winning)\n|raw|Zeus_Swerve's rating: 1062 &rarr; <strong>1044<\/strong><br \/>(-18 for losing)\n|c|\u2606Zeus_Swerve|DAMN IT\n","uploadtime":1700806284,"views":23,"p1id":"huzhudaa","p2id":"zeusswerve","formatid":"gen9vgc2023regulatione","rating":1044,"private":0,"password":""}