{"id":"gen9vgc2023regulatione-1995172925","p1":"mexicanshyguy","p2":"Venefici","format":"[Gen 9] VGC 2023 Regulation E","log":"|j|\u2606mexicanshyguy\n|j|\u2606Venefici\n|t:|1700530749\n|gametype|doubles\n|player|p1|mexicanshyguy|zinnia|1072\n|player|p2|Venefici|hugh|1105\n|teamsize|p1|6\n|teamsize|p2|6\n|gen|9\n|tier|[Gen 9] VGC 2023 Regulation E\n|rated|\n|rule|Species Clause: Limit one of each Pok\u00e9mon\n|rule|Item Clause: Limit one of each item\n|clearpoke\n|poke|p1|Tornadus, L50, M|\n|poke|p1|Arcanine-Hisui, L50, M|\n|poke|p1|Iron Hands, L50|\n|poke|p1|Urshifu-*, L50, M|\n|poke|p1|Sinistcha, L50|\n|poke|p1|Chien-Pao, L50|\n|poke|p2|Volcarona, L50, M|\n|poke|p2|Rillaboom, L50, F|\n|poke|p2|Palafin, L50, F|\n|poke|p2|Corviknight, L50, M|\n|poke|p2|Iron Hands, L50|\n|poke|p2|Farigiraf, L50, M|\n|teampreview|4\n|inactive|Battle timer is ON: inactive players will automatically lose when time's up. (requested by Venefici)\n|\n|t:|1700530772\n|start\n|switch|p1a: Bill|Urshifu-Rapid-Strike, L50, M|100\/100\n|switch|p1b: Geiger|Arcanine-Hisui, L50, M|100\/100\n|switch|p2a: Iron Hands|Iron Hands, L50|100\/100\n|switch|p2b: Corviknight|Corviknight, L50, M|100\/100\n|-ability|p1b: Geiger|Intimidate|boost\n|-unboost|p2a: Iron Hands|atk|1\n|-ability|p2b: Corviknight|Mirror Armor\n|-unboost|p1b: Geiger|atk|1\n|turn|1\n|\n|t:|1700530790\n|switch|p1a: Tornadus|Tornadus, L50, M|100\/100\n|move|p1b: Geiger|Flare Blitz|p2b: Corviknight\n|-supereffective|p2b: Corviknight\n|-damage|p2b: Corviknight|10\/100\n|-enditem|p2b: Corviknight|Sitrus Berry|[eat]\n|-heal|p2b: Corviknight|35\/100|[from] item: Sitrus Berry\n|-damage|p1b: Geiger|67\/100|[from] Recoil\n|move|p2b: Corviknight|Tailwind|p2b: Corviknight\n|-sidestart|p2: Venefici|move: Tailwind\n|move|p2a: Iron Hands|Wild Charge|p1a: Tornadus\n|-supereffective|p1a: Tornadus\n|-damage|p1a: Tornadus|5\/100\n|-damage|p2a: Iron Hands|83\/100|[from] Recoil\n|\n|upkeep\n|turn|2\n|inactive|Venefici has 30 seconds left.\n|\n|t:|1700530819\n|-end|p2a: Iron Hands|Quark Drive|[silent]\n|switch|p2a: Palafin|Palafin, L50, F|100\/100\n|move|p1a: Tornadus|Tailwind|p1a: Tornadus\n|-sidestart|p1: mexicanshyguy|move: Tailwind\n|move|p1b: Geiger|Flare Blitz|p2a: Palafin\n|-resisted|p2a: Palafin\n|-damage|p2a: Palafin|64\/100\n|-damage|p1b: Geiger|54\/100|[from] Recoil\n|move|p2b: Corviknight|Body Press|p1b: Geiger\n|-supereffective|p1b: Geiger\n|-damage|p1b: Geiger|0 fnt\n|faint|p1b: Geiger\n|\n|upkeep\n|\n|t:|1700530833\n|switch|p1b: Andre|Iron Hands, L50|100\/100\n|turn|3\n|\n|t:|1700530845\n|move|p2a: Palafin|Jet Punch|p1a: Tornadus\n|-damage|p1a: Tornadus|0 fnt\n|faint|p1a: Tornadus\n|move|p2b: Corviknight|Iron Defense|p2b: Corviknight\n|-boost|p2b: Corviknight|def|2\n|move|p1b: Andre|Wild Charge|p2a: Palafin\n|-supereffective|p2a: Palafin\n|-damage|p2a: Palafin|0 fnt\n|faint|p2a: Palafin\n|-damage|p1b: Andre|87\/100|[from] Recoil\n|\n|upkeep\n|\n|t:|1700530856\n|switch|p1a: Bill|Urshifu-Rapid-Strike, L50, M|100\/100\n|switch|p2a: Iron Hands|Iron Hands, L50|83\/100\n|turn|4\n|\n|t:|1700530873\n|-terastallize|p1b: Andre|Poison\n|move|p2a: Iron Hands|Fake Out|p1a: Bill\n|-damage|p1a: Bill|84\/100\n|cant|p1a: Bill|flinch\n|move|p2b: Corviknight|Iron Defense|p2b: Corviknight\n|-boost|p2b: Corviknight|def|2\n|move|p1b: Andre|Close Combat|p2a: Iron Hands\n|-damage|p2a: Iron Hands|33\/100\n|-unboost|p1b: Andre|def|1\n|-unboost|p1b: Andre|spd|1\n|\n|-sideend|p2: Venefici|move: Tailwind\n|upkeep\n|turn|5\n|\n|t:|1700530895\n|move|p1a: Bill|Surging Strikes|p2b: Corviknight\n|-crit|p2b: Corviknight\n|-damage|p2b: Corviknight|16\/100\n|-crit|p2b: Corviknight\n|-damage|p2b: Corviknight|0 fnt\n|faint|p2b: Corviknight\n|-hitcount|p2: Corviknight|2\n|move|p1b: Andre|Close Combat|p2a: Iron Hands\n|-crit|p2a: Iron Hands\n|-damage|p2a: Iron Hands|0 fnt\n|-unboost|p1b: Andre|def|1\n|-unboost|p1b: Andre|spd|1\n|faint|p2a: Iron Hands\n|-end|p2a: Iron Hands|Quark Drive|[silent]\n|\n|-sideend|p1: mexicanshyguy|move: Tailwind\n|upkeep\n|\n|t:|1700530911\n|switch|p2b: Volcarona|Volcarona, L50, M|100\/100\n|turn|6\n|\n|t:|1700530922\n|-terastallize|p2b: Volcarona|Dragon\n|move|p1a: Bill|Surging Strikes|p2b: Volcarona\n|-resisted|p2b: Volcarona\n|-crit|p2b: Volcarona\n|-damage|p2b: Volcarona|90\/100\n|-resisted|p2b: Volcarona\n|-crit|p2b: Volcarona\n|-damage|p2b: Volcarona|79\/100\n|-resisted|p2b: Volcarona\n|-crit|p2b: Volcarona\n|-damage|p2b: Volcarona|68\/100\n|-status|p1a: Bill|brn|[from] ability: Flame Body|[of] p2b: Volcarona\n|-hitcount|p2b: Volcarona|3\n|move|p2b: Volcarona|Bug Buzz|p1a: Bill\n|-resisted|p1a: Bill\n|-damage|p1a: Bill|53\/100 brn\n|move|p1b: Andre|Wild Charge|p2b: Volcarona\n|-resisted|p2b: Volcarona\n|-damage|p2b: Volcarona|40\/100\n|-damage|p1b: Andre|80\/100|[from] Recoil\n|\n|-heal|p2b: Volcarona|46\/100|[from] item: Leftovers\n|-damage|p1a: Bill|47\/100 brn|[from] brn\n|upkeep\n|turn|7\n|inactive|Venefici has 30 seconds left.\n|\n|t:|1700530952\n|move|p1a: Bill|Surging Strikes|p2b: Volcarona\n|-resisted|p2b: Volcarona\n|-crit|p2b: Volcarona\n|-damage|p2b: Volcarona|40\/100\n|-resisted|p2b: Volcarona\n|-crit|p2b: Volcarona\n|-damage|p2b: Volcarona|35\/100\n|-resisted|p2b: Volcarona\n|-crit|p2b: Volcarona\n|-damage|p2b: Volcarona|30\/100\n|-hitcount|p2b: Volcarona|3\n|move|p2b: Volcarona|Fiery Dance|p1b: Andre\n|-damage|p1b: Andre|0 fnt\n|faint|p1b: Andre\n|-end|p1b: Andre|Quark Drive|[silent]\n|\n|-heal|p2b: Volcarona|36\/100|[from] item: Leftovers\n|-damage|p1a: Bill|41\/100 brn|[from] brn\n|upkeep\n|turn|8\n|-message|mexicanshyguy forfeited.\n|\n|win|Venefici\n|raw|mexicanshyguy's rating: 1072 &rarr; <strong>1053<\/strong><br \/>(-19 for losing)\n|raw|Venefici's rating: 1105 &rarr; <strong>1128<\/strong><br \/>(+23 for winning)\n|l|\u2606mexicanshyguy\n","uploadtime":1700530973,"views":3,"p1id":"mexicanshyguy","p2id":"venefici","formatid":"gen9vgc2023regulatione","rating":1053,"private":0,"password":""}