{"id":"gen9vgc2023regulatione-1996314061","p1":"JaydenREDWOOD","p2":"gonegeb","format":"[Gen 9] VGC 2023 Regulation E","log":"|j|\u2606JaydenREDWOOD\n|j|\u2606gonegeb\n|t:|1700670259\n|gametype|doubles\n|player|p1|JaydenREDWOOD|flannery|1106\n|player|p2|gonegeb|alain|1085\n|teamsize|p1|6\n|teamsize|p2|6\n|gen|9\n|tier|[Gen 9] VGC 2023 Regulation E\n|rated|\n|rule|Species Clause: Limit one of each Pok\u00e9mon\n|rule|Item Clause: Limit one of each item\n|clearpoke\n|poke|p1|Slaking, L50, M|\n|poke|p1|Weezing-Galar, L50, M|\n|poke|p1|Annihilape, L50, F|\n|poke|p1|Ogerpon-Wellspring, L50, F|\n|poke|p1|Iron Bundle, L50|\n|poke|p1|Landorus, L50, M|\n|poke|p2|Lucario, L50, M|\n|poke|p2|Umbreon, L50, M|\n|poke|p2|Arcanine, L50, F|\n|poke|p2|Ceruledge, L50, M|\n|poke|p2|Maushold, L50|\n|poke|p2|Ursaluna-Bloodmoon, L50, M|\n|teampreview|4\nJaydenREDWOOD has agreed to open team sheets.\n|\n|t:|1700670288\n|start\n|switch|p1a: Weezing|Weezing-Galar, L50, M|100\/100\n|switch|p1b: Iron Bundle|Iron Bundle, L50|100\/100\n|switch|p2a: Ursaluna|Ursaluna-Bloodmoon, L50, M|100\/100\n|switch|p2b: Maushold|Maushold, L50|100\/100\n|-ability|p1a: Weezing|Neutralizing Gas\n|-enditem|p1b: Iron Bundle|Booster Energy\n|-activate|p1b: Iron Bundle|ability: Quark Drive|[fromitem]\n|-start|p1b: Iron Bundle|quarkdrivespe\n|turn|1\n|\n|t:|1700670312\n|-terastallize|p2a: Ursaluna|Normal\n|move|p2b: Maushold|Follow Me|p2b: Maushold\n|-singleturn|p2b: Maushold|move: Follow Me\n|move|p1b: Iron Bundle|Icy Wind|p2b: Maushold|[spread] p2a,p2b\n|-damage|p2a: Ursaluna|75\/100\n|-damage|p2b: Maushold|76\/100\n|-unboost|p2a: Ursaluna|spe|1\n|-unboost|p2b: Maushold|spe|1\n|move|p1a: Weezing|Will-O-Wisp|p2b: Maushold\n|-status|p2b: Maushold|brn\n|move|p2a: Ursaluna|Blood Moon|p1a: Weezing\n|-damage|p1a: Weezing|0 fnt\n|faint|p1a: Weezing\n|-end|p1a: Weezing|ability: Neutralizing Gas\n|\n|-damage|p2b: Maushold|70\/100 brn|[from] brn\n|upkeep\n|\n|t:|1700670328\n|switch|p1a: Annihilape|Annihilape, L50, F|100\/100\n|turn|2\n|\n|t:|1700670343\n|move|p2b: Maushold|Follow Me|p2b: Maushold\n|-singleturn|p2b: Maushold|move: Follow Me\n|move|p1b: Iron Bundle|Hydro Pump|p2b: Maushold\n|-damage|p2b: Maushold|0 fnt\n|faint|p2b: Maushold\n|move|p1a: Annihilape|Drain Punch|p2a: Ursaluna\n|-supereffective|p2a: Ursaluna\n|-damage|p2a: Ursaluna|23\/100\n|move|p2a: Ursaluna|Hyper Voice|p1a: Annihilape|[spread] p1a,p1b\n|-damage|p1a: Annihilape|47\/100\n|-damage|p1b: Iron Bundle|5\/100\n|-enditem|p2a: Ursaluna|Throat Spray\n|-boost|p2a: Ursaluna|spa|1|[from] item: Throat Spray\n|\n|upkeep\n|\n|t:|1700670358\n|switch|p2b: Ceruledge|Ceruledge, L50, M, shiny|100\/100\n|turn|3\n|\n|t:|1700670379\n|-terastallize|p1a: Annihilape|Water\n|move|p1b: Iron Bundle|Protect|p1b: Iron Bundle\n|-singleturn|p1b: Iron Bundle|Protect\n|move|p2a: Ursaluna|Protect|p2a: Ursaluna\n|-singleturn|p2a: Ursaluna|Protect\n|move|p1a: Annihilape|Earthquake|p2a: Ursaluna|[spread] p2b\n|-activate|p1b: Iron Bundle|move: Protect\n|-activate|p2a: Ursaluna|move: Protect\n|-supereffective|p2b: Ceruledge\n|-damage|p2b: Ceruledge|43\/100\n|-enditem|p2b: Ceruledge|Weakness Policy\n|-boost|p2b: Ceruledge|atk|2|[from] item: Weakness Policy\n|-boost|p2b: Ceruledge|spa|2|[from] item: Weakness Policy\n|move|p2b: Ceruledge|Bitter Blade|p1a: Annihilape\n|-resisted|p1a: Annihilape\n|-damage|p1a: Annihilape|9\/100\n|-heal|p2b: Ceruledge|64\/100|[from] drain|[of] p1a: Annihilape\n|-enditem|p1a: Annihilape|Figy Berry|[eat]\n|-heal|p1a: Annihilape|42\/100|[from] item: Figy Berry\n|\n|upkeep\n|turn|4\n|\n|t:|1700670407\n|move|p2b: Ceruledge|Shadow Sneak|p1a: Annihilape\n|-damage|p1a: Annihilape|8\/100\n|move|p1b: Iron Bundle|Icy Wind|p2b: Ceruledge|[spread] p2a,p2b\n|-resisted|p2b: Ceruledge\n|-damage|p2a: Ursaluna|0 fnt\n|-damage|p2b: Ceruledge|56\/100\n|-unboost|p2b: Ceruledge|spe|1\n|faint|p2a: Ursaluna\n|move|p1a: Annihilape|Bulk Up|p1a: Annihilape\n|-boost|p1a: Annihilape|atk|1\n|-boost|p1a: Annihilape|def|1\n|\n|upkeep\n|\n|t:|1700670417\n|switch|p2a: Arcanine|Arcanine, L50, F, shiny|100\/100\n|-ability|p2a: Arcanine|Intimidate|boost\n|-unboost|p1a: Annihilape|atk|1\n|-unboost|p1b: Iron Bundle|atk|1\n|turn|5\n|\n|t:|1700670433\n|switch|p1a: Slaking|Slaking, L50, M|100\/100\n|move|p2a: Arcanine|Extreme Speed|p1b: Iron Bundle\n|-crit|p1b: Iron Bundle\n|-damage|p1b: Iron Bundle|0 fnt\n|faint|p1b: Iron Bundle\n|-end|p1b: Iron Bundle|Quark Drive|[silent]\n|move|p2b: Ceruledge|Shadow Sneak|p1a: Slaking\n|-immune|p1a: Slaking\n|\n|upkeep\n|\n|t:|1700670443\n|switch|p1b: Annihilape|Annihilape, L50, F, tera:Water|8\/100\n|turn|6\n|\n|t:|1700670452\n|move|p2a: Arcanine|Extreme Speed|p1b: Annihilape\n|-damage|p1b: Annihilape|0 fnt\n|faint|p1b: Annihilape\n|move|p1a: Slaking|Rock Slide|p2b: Ceruledge|[spread] p2a,p2b\n|-supereffective|p2a: Arcanine\n|-supereffective|p2b: Ceruledge\n|-damage|p2a: Arcanine|60\/100\n|-damage|p2b: Ceruledge|0 fnt\n|faint|p2b: Ceruledge\n|\n|upkeep\n|turn|7\n|\n|t:|1700670466\n|cant|p1a: Slaking|ability: Truant\n|move|p2a: Arcanine|Will-O-Wisp|p1a: Slaking\n|-status|p1a: Slaking|brn\n|\n|-damage|p1a: Slaking|94\/100 brn|[from] brn\n|upkeep\n|turn|8\n|\n|t:|1700670475\n|move|p1a: Slaking|Body Slam|p2a: Arcanine\n|-damage|p2a: Arcanine|36\/100\n|move|p2a: Arcanine|Morning Sun|p2a: Arcanine\n|-heal|p2a: Arcanine|86\/100\n|\n|-damage|p1a: Slaking|88\/100 brn|[from] brn\n|upkeep\n|turn|9\n|\n|t:|1700670485\n|cant|p1a: Slaking|ability: Truant\n|move|p2a: Arcanine|Flare Blitz|p1a: Slaking\n|-damage|p1a: Slaking|52\/100 brn\n|-damage|p2a: Arcanine|71\/100|[from] Recoil\n|\n|-damage|p1a: Slaking|45\/100 brn|[from] brn\n|upkeep\n|turn|10\n|\n|t:|1700670494\n|move|p1a: Slaking|High Horsepower|p2a: Arcanine\n|-supereffective|p2a: Arcanine\n|-damage|p2a: Arcanine|36\/100\n|move|p2a: Arcanine|Morning Sun|p2a: Arcanine\n|-heal|p2a: Arcanine|86\/100\n|\n|-damage|p1a: Slaking|39\/100 brn|[from] brn\n|upkeep\n|turn|11\n|-message|JaydenREDWOOD forfeited.\n|\n|win|gonegeb\n|raw|JaydenREDWOOD's rating: 1106 &rarr; <strong>1079<\/strong><br \/>(-27 for losing)\n|raw|gonegeb's rating: 1085 &rarr; <strong>1114<\/strong><br \/>(+29 for winning)\n|l|\u2606JaydenREDWOOD\n","uploadtime":1700670510,"views":5,"p1id":"jaydenredwood","p2id":"gonegeb","formatid":"gen9vgc2023regulatione","rating":1079,"private":0,"password":""}