{"id":"gen9vgc2023regulatione-1990103177","p1":"bobforte22","p2":"croix-mer","format":"[Gen 9] VGC 2023 Regulation E","log":"|j|\u2606bobforte22\n|j|\u2606croix-mer\n|t:|1699924857\n|gametype|doubles\n|player|p1|bobforte22|pilot|1156\n|player|p2|croix-mer|2|1056\n|teamsize|p1|6\n|teamsize|p2|6\n|gen|9\n|tier|[Gen 9] VGC 2023 Regulation E\n|rated|\n|rule|Species Clause: Limit one of each Pok\u00e9mon\n|rule|Item Clause: Limit one of each item\n|clearpoke\n|poke|p1|Chi-Yu, L50|\n|poke|p1|Jolteon, L50, M|\n|poke|p1|Iron Hands, L50|\n|poke|p1|Iron Bundle, L50|\n|poke|p1|Arcanine, L50, F|\n|poke|p1|Iron Jugulis, L50|\n|poke|p2|Ogerpon-Wellspring, L50, F|\n|poke|p2|Dragonite, L50, F|\n|poke|p2|Ninetales-Alola, L50, M|\n|poke|p2|Gholdengo, L50|\n|poke|p2|Arcanine-Hisui, L50, F|\n|poke|p2|Gyarados, L50, M|\n|teampreview|4\n|inactive|Battle timer is ON: inactive players will automatically lose when time's up. (requested by bobforte22)\n|inactive|croix-mer has 60 seconds left.\n|inactive|croix-mer has 30 seconds left.\n|inactive|croix-mer has 20 seconds left.\n|\n|t:|1699924944\n|start\n|switch|p1a: Iron Hands|Iron Hands, L50|100\/100\n|switch|p1b: Arcanine|Arcanine, L50, F, shiny|100\/100\n|switch|p2a: Dragonite|Dragonite, L50, F|100\/100\n|switch|p2b: Ogerpon|Ogerpon-Wellspring, L50, F|100\/100\n|-ability|p1b: Arcanine|Intimidate|boost\n|-unboost|p2a: Dragonite|atk|1\n|-unboost|p2b: Ogerpon|atk|1\n|turn|1\n|\n|t:|1699924967\n|-terastallize|p1b: Arcanine|Water\n|move|p2b: Ogerpon|Spiky Shield|p2b: Ogerpon\n|-singleturn|p2b: Ogerpon|move: Protect\n|move|p1b: Arcanine|Will-O-Wisp|p2a: Dragonite\n|-status|p2a: Dragonite|brn\n|move|p2a: Dragonite|Dragon Dance|p2a: Dragonite\n|-boost|p2a: Dragonite|atk|1\n|-boost|p2a: Dragonite|spe|1\n|move|p1a: Iron Hands|Drain Punch|p2a: Dragonite\n|-resisted|p2a: Dragonite\n|-damage|p2a: Dragonite|90\/100 brn\n|\n|-damage|p2a: Dragonite|84\/100 brn|[from] brn\n|upkeep\n|turn|2\n|inactive|bobforte22 has 30 seconds left.\n|inactive|croix-mer has 30 seconds left.\n|\n|t:|1699924999\n|switch|p2a: Gholdengo|Gholdengo, L50|100\/100\n|switch|p1b: Jolteon|Jolteon, L50, M|100\/100\n|move|p2b: Ogerpon|Horn Leech|p1b: Jolteon\n|-damage|p1b: Jolteon|56\/100\n|move|p1a: Iron Hands|Drain Punch|p2b: Ogerpon\n|-damage|p2b: Ogerpon|39\/100\n|\n|upkeep\n|turn|3\n|inactive|croix-mer has 30 seconds left.\n|inactive|croix-mer has 20 seconds left.\n|inactive|croix-mer has 15 seconds left.\n|\n|t:|1699925041\n|switch|p2b: Dragonite|Dragonite, L50, F|84\/100 brn\n|move|p1b: Jolteon|Thunderbolt|p2a: Gholdengo\n|-damage|p2a: Gholdengo|52\/100\n|-damage|p1b: Jolteon|46\/100|[from] item: Life Orb\n|move|p2a: Gholdengo|Shadow Ball|p1b: Jolteon\n|-damage|p1b: Jolteon|1\/100\n|move|p1a: Iron Hands|Wild Charge|p2a: Gholdengo\n|-damage|p2a: Gholdengo|7\/100\n|-damage|p1a: Iron Hands|91\/100|[from] Recoil\n|\n|-heal|p2a: Gholdengo|13\/100|[from] item: Leftovers\n|-damage|p2b: Dragonite|78\/100 brn|[from] brn\n|upkeep\n|turn|4\n|inactive|bobforte22 has 30 seconds left.\n|inactive|croix-mer has 30 seconds left.\n|inactive|bobforte22 has 20 seconds left.\n|inactive|croix-mer has 20 seconds left.\n|inactive|croix-mer has 15 seconds left.\n|\n|t:|1699925083\n|switch|p2a: Ogerpon|Ogerpon-Wellspring, L50, F|39\/100\n|move|p1b: Jolteon|Protect|p1b: Jolteon\n|-singleturn|p1b: Jolteon|Protect\n|move|p2b: Dragonite|Extreme Speed|p1b: Jolteon\n|-activate|p1b: Jolteon|move: Protect\n|move|p1a: Iron Hands|Wild Charge|p2b: Dragonite\n|-damage|p2b: Dragonite|23\/100 brn\n|-damage|p1a: Iron Hands|81\/100|[from] Recoil\n|\n|-damage|p2b: Dragonite|17\/100 brn|[from] brn\n|upkeep\n|turn|5\n|inactive|croix-mer has 30 seconds left.\n|inactive|croix-mer has 20 seconds left.\n|inactive|croix-mer has 15 seconds left.\n|inactive|croix-mer has 10 seconds left.\n|\n|t:|1699925129\n|switch|p2a: Gholdengo|Gholdengo, L50|13\/100\n|switch|p1b: Arcanine|Arcanine, L50, F, shiny, tera:Water|100\/100\n|-ability|p1b: Arcanine|Intimidate|boost\n|-unboost|p2a: Gholdengo|atk|1\n|-unboost|p2b: Dragonite|atk|1\n|move|p2b: Dragonite|Extreme Speed|p1b: Arcanine\n|-damage|p1b: Arcanine|91\/100\n|-damage|p2b: Dragonite|0 fnt|[from] item: Rocky Helmet|[of] p1b: Arcanine\n|faint|p2b: Dragonite\n|move|p1a: Iron Hands|Drain Punch|p2a: Gholdengo\n|-immune|p2a: Gholdengo\n|\n|-heal|p2a: Gholdengo|19\/100|[from] item: Leftovers\n|upkeep\n|\n|t:|1699925150\n|switch|p2b: Ogerpon|Ogerpon-Wellspring, L50, F|39\/100\n|turn|6\n|inactive|croix-mer has 30 seconds left.\n|\n|t:|1699925178\n|move|p1b: Arcanine|Protect|p1b: Arcanine\n|-singleturn|p1b: Arcanine|Protect\n|move|p2b: Ogerpon|Horn Leech|p1a: Iron Hands\n|-damage|p1a: Iron Hands|50\/100\n|-heal|p2b: Ogerpon|63\/100|[from] drain|[of] p1a: Iron Hands\n|move|p2a: Gholdengo|Make It Rain|p1b: Arcanine|[spread] p1a\n|-activate|p1b: Arcanine|move: Protect\n|-resisted|p1a: Iron Hands\n|-crit|p1a: Iron Hands\n|-damage|p1a: Iron Hands|30\/100\n|-unboost|p2a: Gholdengo|spa|1\n|move|p1a: Iron Hands|Wild Charge|p2a: Gholdengo\n|-damage|p2a: Gholdengo|0 fnt\n|faint|p2a: Gholdengo\n|-damage|p1a: Iron Hands|26\/100|[from] Recoil\n|\n|upkeep\n|\n|t:|1699925195\n|switch|p2a: good boy|Arcanine-Hisui, L50, F|100\/100\n|turn|7\n|inactive|croix-mer has 30 seconds left.\n|\n|t:|1699925221\n|-end|p1a: Iron Hands|Quark Drive|[silent]\n|switch|p1a: Chi-Yu|Chi-Yu, L50|100\/100\n|-ability|p1a: Chi-Yu|Beads of Ruin\n|-terastallize|p2a: good boy|Normal\n|move|p2a: good boy|Extreme Speed|p1a: Chi-Yu\n|-damage|p1a: Chi-Yu|3\/100\n|move|p2b: Ogerpon|Horn Leech|p1b: Arcanine\n|-supereffective|p1b: Arcanine\n|-damage|p1b: Arcanine|4\/100\n|-heal|p2b: Ogerpon|100\/100|[from] drain|[of] p1b: Arcanine\n|-damage|p2b: Ogerpon|84\/100|[from] item: Rocky Helmet|[of] p1b: Arcanine\n|move|p1b: Arcanine|Flare Blitz|p2a: good boy\n|-damage|p2a: good boy|43\/100\n|-damage|p1b: Arcanine|0 fnt|[from] Recoil\n|faint|p1b: Arcanine\n|\n|upkeep\n|\n|t:|1699925242\n|switch|p1b: Iron Hands|Iron Hands, L50|26\/100\n|turn|8\n|inactive|croix-mer has 30 seconds left.\n|inactive|croix-mer has 20 seconds left.\n|inactive|croix-mer has 15 seconds left.\n|\n|t:|1699925286\n|move|p1b: Iron Hands|Fake Out|p2a: good boy\n|-damage|p2a: good boy|25\/100\n|move|p2b: Ogerpon|Follow Me|p2b: Ogerpon\n|-singleturn|p2b: Ogerpon|move: Follow Me\n|cant|p2a: good boy|flinch\n|move|p1a: Chi-Yu|Heat Wave|p2a: good boy|[spread] p2a,p2b\n|-damage|p2a: good boy|0 fnt\n|-damage|p2b: Ogerpon|1\/100\n|faint|p2a: good boy\n|\n|upkeep\n|turn|9\n|\n|t:|1699925301\n|move|p2b: Ogerpon|Spiky Shield|p2b: Ogerpon\n|-singleturn|p2b: Ogerpon|move: Protect\n|move|p1a: Chi-Yu|Heat Wave|p2b: Ogerpon\n|-activate|p2b: Ogerpon|move: Protect\n|move|p1b: Iron Hands|Drain Punch|p2b: Ogerpon\n|-activate|p2b: Ogerpon|move: Protect\n|-damage|p1b: Iron Hands|14\/100|[from] Spiky Shield|[of] p2b: Ogerpon\n|\n|upkeep\n|turn|10\n|-message|croix-mer forfeited.\n|\n|win|bobforte22\n|raw|bobforte22's rating: 1156 &rarr; <strong>1174<\/strong><br \/>(+18 for winning)\n|raw|croix-mer's rating: 1056 &rarr; <strong>1043<\/strong><br \/>(-13 for losing)\n|l|\u2606croix-mer\n","uploadtime":1699925318,"views":7,"p1id":"bobforte22","p2id":"croixmer","formatid":"gen9vgc2023regulatione","rating":1043,"private":0,"password":""}