{"id":"gen9vgc2023regulatione-1997981254","p1":"CanjicaVGC","p2":"lexus05f","format":"[Gen 9] VGC 2023 Regulation E","log":"|j|\u2606CanjicaVGC\n|j|\u2606lexus05f\n|n|\u2606CanjicaVGC|canjicavgc\n|n|\u2606lexus05f|lexus05f\n|html|View the match progress at <a href=\"\/game-bestof3-gen9vgc2023regulatione-1997981253\">game-bestof3-gen9vgc2023regulatione-1997981253<\/a>\n|t:|1700874983\n|gametype|doubles\n|player|p1|CanjicaVGC|pokemaniac|\n|player|p2|lexus05f|170|\n|teamsize|p1|6\n|teamsize|p2|6\n|gen|9\n|tier|[Gen 9] VGC 2023 Regulation E\n|rule|Species Clause: Limit one of each Pok\u00e9mon\n|rule|Item Clause: Limit one of each item\n|clearpoke\n|poke|p1|Chi-Yu, L50|\n|poke|p1|Flutter Mane, L50|\n|poke|p1|Iron Hands, L50|\n|poke|p1|Dusclops, L50, M|\n|poke|p1|Ogerpon-Wellspring, L50, F|\n|poke|p1|Ursaluna-Bloodmoon, L50, M|\n|poke|p2|Gholdengo, L50|\n|poke|p2|Tornadus, L50, M|\n|poke|p2|Flutter Mane, L50|\n|poke|p2|Rillaboom, L50, M|\n|poke|p2|Iron Hands, L50|\n|poke|p2|Grimmsnarl, L50, M|\n|teampreview|4\nCanjicaVGC has agreed to open team sheets.\n|c|\u2606CanjicaVGC|suerte!\nlexus05f has agreed to open team sheets.\n|showteam|p1|Chi-Yu||LifeOrb|BeadsofRuin|Overheat,DarkPulse,HeatWave,Protect||||||50|,,,,,Ghost]Flutter Mane||FocusSash|Protosynthesis|Moonblast,ShadowBall,DazzlingGleam,Protect||||||50|,,,,,Fairy]Iron Hands||AssaultVest|QuarkDrive|FakeOut,DrainPunch,WildCharge,HeavySlam||||||50|,,,,,Fire]Dusclops||Eviolite|Pressure|WillOWisp,TrickRoom,PainSplit,BrickBreak|||M|||50|,,,,,Dark]Ogerpon-Wellspring||WellspringMask|WaterAbsorb|IvyCudgel,HornLeech,FollowMe,SpikyShield|||F|||50|,,,,,Water]Ursaluna-Bloodmoon||WeaknessPolicy|MindsEye|Protect,BloodMoon,HyperVoice,EarthPower|||M|||50|,,,,,Normal\n|showteam|p2|Gholdengo||SalacBerry|GoodasGold|MakeItRain,NastyPlot,Protect,ShadowBall||||||50|,,,,,Steel]Tornadus||MentalHerb|Prankster|Tailwind,Taunt,SunnyDay,BleakwindStorm|||M|||50|,,,,,Ghost]Flutter Mane||ChoiceSpecs|Protosynthesis|MistyTerrain,DazzlingGleam,MysticalFire,EnergyBall||||||50|,,,,,Fairy]Rillaboom||MiracleSeed|GrassySurge|FakeOut,HighHorsepower,GrassyGlide,WoodHammer|||M|||50|,,,,,Fire]Iron Hands||AssaultVest|QuarkDrive|FakeOut,DrainPunch,HeavySlam,WildCharge||||||50|,,,,,Fighting]Grimmsnarl||LightClay|Prankster|MistyTerrain,Reflect,SpiritBreak,PartingShot|||M|||50|,,,,,Dark\n|c|\u2606lexus05f|Igual\n|inactive|Battle timer is ON: inactive players will automatically lose when time's up. (requested by lexus05f)\n|inactive|CanjicaVGC has 60 seconds left.\n|\n|t:|1700875070\n|start\n|switch|p1a: Iron Hands|Iron Hands, L50|100\/100\n|switch|p1b: Dusclops|Dusclops, L50, M|100\/100\n|switch|p2a: Flutter Mane|Flutter Mane, L50|100\/100\n|switch|p2b: Tornadus|Tornadus, L50, M|100\/100\n|-ability|p1b: Dusclops|Pressure\n|turn|1\n|inactive|lexus05f has 30 seconds left.\n|inactive|lexus05f has 20 seconds left.\n|\n|t:|1700875109\n|-end|p2a: Flutter Mane|Protosynthesis|[silent]\n|switch|p2a: Gholdengo|Gholdengo, L50|100\/100\n|move|p1a: Iron Hands|Fake Out|p2b: Tornadus\n|-damage|p2b: Tornadus|80\/100\n|cant|p2b: Tornadus|flinch\n|move|p1b: Dusclops|Trick Room|p1b: Dusclops\n|-fieldstart|move: Trick Room|[of] p1b: Dusclops\n|\n|upkeep\n|turn|2\n|inactive|CanjicaVGC has 30 seconds left.\n|inactive|lexus05f has 30 seconds left.\n|\n|t:|1700875135\n|switch|p1b: Ursaluna|Ursaluna-Bloodmoon, L50, M|100\/100\n|switch|p2b: Rillaboom|Rillaboom, L50, M|100\/100\n|-fieldstart|move: Grassy Terrain|[from] ability: Grassy Surge|[of] p2b: Rillaboom\n|move|p1a: Iron Hands|Wild Charge|p2b: Rillaboom\n|-resisted|p2b: Rillaboom\n|-damage|p2b: Rillaboom|78\/100\n|-damage|p1a: Iron Hands|96\/100|[from] Recoil\n|move|p2a: Gholdengo|Nasty Plot|p2a: Gholdengo\n|-boost|p2a: Gholdengo|spa|2\n|\n|-heal|p1a: Iron Hands|100\/100|[from] Grassy Terrain\n|-heal|p2b: Rillaboom|84\/100|[from] Grassy Terrain\n|upkeep\n|turn|3\n|inactive|lexus05f has 30 seconds left.\n|\n|t:|1700875162\n|move|p1b: Ursaluna|Protect|p1b: Ursaluna\n|-singleturn|p1b: Ursaluna|Protect\n|move|p2a: Gholdengo|Protect|p2a: Gholdengo\n|-singleturn|p2a: Gholdengo|Protect\n|move|p1a: Iron Hands|Wild Charge|p2a: Gholdengo\n|-activate|p2a: Gholdengo|move: Protect\n|move|p2b: Rillaboom|High Horsepower|p1a: Iron Hands\n|-supereffective|p1a: Iron Hands\n|-damage|p1a: Iron Hands|50\/100\n|\n|-heal|p1a: Iron Hands|56\/100|[from] Grassy Terrain\n|-heal|p2b: Rillaboom|90\/100|[from] Grassy Terrain\n|upkeep\n|turn|4\n|inactive|CanjicaVGC has 30 seconds left.\n|inactive|lexus05f has 30 seconds left.\n|\n|t:|1700875193\n|-end|p1a: Iron Hands|Quark Drive|[silent]\n|switch|p1a: Dusclops|Dusclops, L50, M|100\/100\n|-ability|p1a: Dusclops|Pressure\n|-terastallize|p1b: Ursaluna|Normal\n|-terastallize|p2a: Gholdengo|Steel\n|move|p1b: Ursaluna|Blood Moon|p2b: Rillaboom\n|-damage|p2b: Rillaboom|0 fnt\n|faint|p2b: Rillaboom\n|move|p2a: Gholdengo|Make It Rain|p1b: Ursaluna|[spread] p1a,p1b\n|-damage|p1a: Dusclops|31\/100\n|-damage|p1b: Ursaluna|0 fnt\n|-unboost|p2a: Gholdengo|spa|1\n|faint|p1b: Ursaluna\n|\n|-heal|p1a: Dusclops|37\/100|[from] Grassy Terrain\n|upkeep\n|\n|t:|1700875215\n|switch|p1b: Iron Hands|Iron Hands, L50|56\/100\n|switch|p2b: Tornadus|Tornadus, L50, M|80\/100\n|turn|5\n|inactive|CanjicaVGC has 30 seconds left.\n|inactive|CanjicaVGC has 20 seconds left.\n|\n|t:|1700875252\n|switch|p1a: Ogerpon|Ogerpon-Wellspring, L50, F|100\/100\n|move|p2a: Gholdengo|Protect|p2a: Gholdengo\n|-singleturn|p2a: Gholdengo|Protect\n|move|p2b: Tornadus|Sunny Day|p2b: Tornadus\n|-weather|SunnyDay\n|move|p1b: Iron Hands|Wild Charge|p2b: Tornadus\n|-supereffective|p2b: Tornadus\n|-crit|p2b: Tornadus\n|-damage|p2b: Tornadus|0 fnt\n|faint|p2b: Tornadus\n|-damage|p1b: Iron Hands|42\/100|[from] Recoil\n|\n|-weather|SunnyDay|[upkeep]\n|-heal|p1b: Iron Hands|48\/100|[from] Grassy Terrain\n|-fieldend|move: Trick Room\n|upkeep\n|\n|t:|1700875267\n|switch|p2b: Flutter Mane|Flutter Mane, L50|100\/100\n|-activate|p2b: Flutter Mane|ability: Protosynthesis\n|-start|p2b: Flutter Mane|protosynthesisspa\n|turn|6\n|\n|t:|1700875286\n|-end|p1b: Iron Hands|Quark Drive|[silent]\n|switch|p1b: Dusclops|Dusclops, L50, M|37\/100\n|-ability|p1b: Dusclops|Pressure\n|move|p2b: Flutter Mane|Dazzling Gleam|p1a: Ogerpon|[spread] p1a,p1b\n|-crit|p1b: Dusclops\n|-damage|p1a: Ogerpon|37\/100\n|-damage|p1b: Dusclops|0 fnt\n|faint|p1b: Dusclops\n|move|p1a: Ogerpon|Horn Leech|p2b: Flutter Mane\n|-damage|p2b: Flutter Mane|0 fnt\n|-heal|p1a: Ogerpon|73\/100|[from] drain|[of] p2b: Flutter Mane\n|faint|p2b: Flutter Mane\n|-end|p2b: Flutter Mane|Protosynthesis|[silent]\n|move|p2a: Gholdengo|Make It Rain|p1a: Ogerpon\n|-resisted|p1a: Ogerpon\n|-damage|p1a: Ogerpon|3\/100\n|-unboost|p2a: Gholdengo|spa|1\n|\n|-weather|SunnyDay|[upkeep]\n|-heal|p1a: Ogerpon|9\/100|[from] Grassy Terrain\n|-fieldend|move: Grassy Terrain\n|upkeep\n|\n|t:|1700875305\n|switch|p1b: Iron Hands|Iron Hands, L50|48\/100\n|turn|7\n|\n|t:|1700875319\n|move|p1b: Iron Hands|Fake Out|p2a: Gholdengo\n|-resisted|p2a: Gholdengo\n|-damage|p2a: Gholdengo|92\/100\n|move|p1a: Ogerpon|Ivy Cudgel|p2a: Gholdengo|[anim] Ivy Cudgel Water\n|-damage|p2a: Gholdengo|60\/100\n|cant|p2a: Gholdengo|flinch\n|\n|-weather|SunnyDay|[upkeep]\n|upkeep\n|turn|8\n|\n|t:|1700875334\n|move|p2a: Gholdengo|Protect|p2a: Gholdengo\n|-singleturn|p2a: Gholdengo|Protect\n|move|p1a: Ogerpon|Ivy Cudgel|p2a: Gholdengo|[anim] Ivy Cudgel Water\n|-activate|p2a: Gholdengo|move: Protect\n|move|p1b: Iron Hands|Drain Punch|p2a: Gholdengo\n|-activate|p2a: Gholdengo|move: Protect\n|\n|-weather|SunnyDay|[upkeep]\n|upkeep\n|turn|9\n|\n|t:|1700875347\n|move|p1a: Ogerpon|Ivy Cudgel|p2a: Gholdengo|[anim] Ivy Cudgel Water\n|-damage|p2a: Gholdengo|29\/100\n|move|p2a: Gholdengo|Shadow Ball|p1b: Iron Hands\n|-damage|p1b: Iron Hands|25\/100\n|-unboost|p1b: Iron Hands|spd|1\n|move|p1b: Iron Hands|Drain Punch|p2a: Gholdengo\n|-supereffective|p2a: Gholdengo\n|-damage|p2a: Gholdengo|0 fnt\n|-heal|p1b: Iron Hands|35\/100|[from] drain|[of] p2a: Gholdengo\n|faint|p2a: Gholdengo\n|\n|win|CanjicaVGC\n|c|&|\/uhtml prompt-canjicavgc,CanjicaVGC is ready for game 2!\n|inactive|lexus05f has 50 seconds to confirm battle start!\n|c|&|\/uhtml prompt-lexus05f,lexus05f is ready for game 2!\nBoth players are ready! Starting next match!\n","uploadtime":1700875605,"views":11,"p1id":"canjicavgc","p2id":"lexus05f","formatid":"gen9vgc2023regulatione","rating":0,"private":0,"password":""}