{"id":"gen9vgc2023regulatione-1998791706","p1":"newusernovice","p2":"CjkB","format":"[Gen 9] VGC 2023 Regulation E","log":"|j|\u2606newusernovice\n|j|\u2606CjkB\n|t:|1700991760\n|gametype|doubles\n|player|p1|newusernovice|brawly|1362\n|player|p2|CjkB|scientist-gen4|1314\n|teamsize|p1|6\n|teamsize|p2|6\n|gen|9\n|tier|[Gen 9] VGC 2023 Regulation E\n|rated|\n|rule|Species Clause: Limit one of each Pok\u00e9mon\n|rule|Item Clause: Limit one of each item\n|clearpoke\n|poke|p1|Tornadus, L50, M|\n|poke|p1|Urshifu-*, L50, M|\n|poke|p1|Iron Hands, L50|\n|poke|p1|Farigiraf, L50, M|\n|poke|p1|Ursaluna-Bloodmoon, L50, M|\n|poke|p1|Amoonguss, L50, M|\n|poke|p2|Salamence, L50, M|\n|poke|p2|Chien-Pao, L50|\n|poke|p2|Dragapult, L50, F|\n|poke|p2|Thundurus-Therian, L50, M|\n|poke|p2|Iron Hands, L50|\n|poke|p2|Amoonguss, L50, F|\n|teampreview|4\n|inactive|Battle timer is ON: inactive players will automatically lose when time's up. (requested by newusernovice)\n|inactive|newusernovice has 60 seconds left.\n|inactive|CjkB has 60 seconds left.\n|\n|t:|1700991812\n|start\n|switch|p1a: Iron Hands|Iron Hands, L50, shiny|100\/100\n|switch|p1b: Farigiraf|Farigiraf, L50, M|100\/100\n|switch|p2a: Iron Hands|Iron Hands, L50|100\/100\n|switch|p2b: Thundurus|Thundurus-Therian, L50, M|100\/100\n|turn|1\n|inactive|newusernovice has 30 seconds left.\n|inactive|CjkB has 30 seconds left.\n|inactive|newusernovice has 20 seconds left.\n|inactive|newusernovice has 15 seconds left.\n|inactive|newusernovice has 10 seconds left.\n|inactive|newusernovice has 5 seconds left.\n|\n|t:|1700991864\n|move|p2b: Thundurus|Volt Switch|p1b: Farigiraf\n|-damage|p1b: Farigiraf|52\/100\n|\n|t:|1700991873\n|switch|p2b: Dragapult|Dragapult, L50, F|100\/100|[from] Volt Switch\n|move|p2a: Iron Hands|Drain Punch|p1b: Farigiraf\n|-damage|p1b: Farigiraf|18\/100\n|move|p1a: Iron Hands|Ice Punch|p2b: Dragapult\n|-supereffective|p2b: Dragapult\n|-damage|p2b: Dragapult|22\/100\n|move|p1b: Farigiraf|Trick Room|p1b: Farigiraf\n|-fieldstart|move: Trick Room|[of] p1b: Farigiraf\n|\n|upkeep\n|turn|2\n|inactive|newusernovice has 30 seconds left.\n|inactive|CjkB has 30 seconds left.\n|\n|t:|1700991901\n|move|p1a: Iron Hands|Close Combat|p2a: Iron Hands\n|-damage|p2a: Iron Hands|53\/100\n|-unboost|p1a: Iron Hands|def|1\n|-unboost|p1a: Iron Hands|spd|1\n|move|p1b: Farigiraf|Dazzling Gleam|p2a: Iron Hands|[spread] p2a,p2b\n|-supereffective|p2a: Iron Hands\n|-supereffective|p2b: Dragapult\n|-damage|p2a: Iron Hands|37\/100\n|-damage|p2b: Dragapult|0 fnt\n|faint|p2b: Dragapult\n|move|p2a: Iron Hands|Drain Punch|p1b: Farigiraf\n|-damage|p1b: Farigiraf|0 fnt\n|-heal|p2a: Iron Hands|45\/100|[from] drain|[of] p1b: Farigiraf\n|faint|p1b: Farigiraf\n|\n|upkeep\n|\n|t:|1700991923\n|switch|p1b: Ursaluna|Ursaluna-Bloodmoon, L50, M|100\/100\n|switch|p2b: Thundurus|Thundurus-Therian, L50, M|100\/100\n|turn|3\n|\n|t:|1700991942\n|-terastallize|p1b: Ursaluna|Normal\n|-terastallize|p2a: Iron Hands|Water\n|move|p1a: Iron Hands|Close Combat|p2a: Iron Hands\n|-crit|p2a: Iron Hands\n|-damage|p2a: Iron Hands|0 fnt\n|-unboost|p1a: Iron Hands|def|1\n|-unboost|p1a: Iron Hands|spd|1\n|faint|p2a: Iron Hands\n|-end|p2a: Iron Hands|Quark Drive|[silent]\n|move|p1b: Ursaluna|Blood Moon|p2b: Thundurus\n|-damage|p2b: Thundurus|0 fnt\n|faint|p2b: Thundurus\n|-damage|p1b: Ursaluna|90\/100|[from] item: Life Orb\n|\n|upkeep\n|\n|t:|1700991955\n|switch|p2b: Chien-Pao|Chien-Pao, L50|100\/100\n|-ability|p2b: Chien-Pao|Sword of Ruin\n|turn|4\n|\n|t:|1700991965\n|move|p2b: Chien-Pao|Protect|p2b: Chien-Pao\n|-singleturn|p2b: Chien-Pao|Protect\n|move|p1a: Iron Hands|Wild Charge|p2b: Chien-Pao\n|-activate|p2b: Chien-Pao|move: Protect\n|move|p1b: Ursaluna|Hyper Voice|p2b: Chien-Pao\n|-activate|p2b: Chien-Pao|move: Protect\n|\n|upkeep\n|turn|5\n|\n|t:|1700991972\n|move|p2b: Chien-Pao|Protect||[still]\n|-fail|p2b: Chien-Pao\n|move|p1a: Iron Hands|Wild Charge|p2b: Chien-Pao\n|-damage|p2b: Chien-Pao|24\/100\n|-damage|p1a: Iron Hands|88\/100|[from] Recoil\n|move|p1b: Ursaluna|Blood Moon|p2b: Chien-Pao\n|-damage|p2b: Chien-Pao|0 fnt\n|faint|p2b: Chien-Pao\n|-damage|p1b: Ursaluna|80\/100|[from] item: Life Orb\n|\n|win|newusernovice\n|raw|newusernovice's rating: 1362 &rarr; <strong>1379<\/strong><br \/>(+17 for winning)\n|raw|CjkB's rating: 1314 &rarr; <strong>1297<\/strong><br \/>(-17 for losing)\n|l|\u2606CjkB\n","uploadtime":1700992006,"views":11,"p1id":"newusernovice","p2id":"cjkb","formatid":"gen9vgc2023regulatione","rating":1297,"private":0,"password":""}