{"id":"gen9vgc2023regulatione-1988076130","p1":"hjgklm3k","p2":"dunsparcedingo","format":"[Gen 9] VGC 2023 Regulation E","log":"|j|\u2606hjgklm3k\n|j|\u2606dunsparcedingo\n|t:|1699666589\n|gametype|doubles\n|player|p1|hjgklm3k|265|1186\n|player|p2|dunsparcedingo|zinnia|1179\n|teamsize|p1|6\n|teamsize|p2|6\n|gen|9\n|tier|[Gen 9] VGC 2023 Regulation E\n|rated|\n|rule|Species Clause: Limit one of each Pok\u00e9mon\n|rule|Item Clause: Limit one of each item\n|clearpoke\n|poke|p1|Ninetales-Alola, L50, M|\n|poke|p1|Baxcalibur, L50, F|\n|poke|p1|Ogerpon-Hearthflame, L50, F|\n|poke|p1|Clefairy, L50, M|\n|poke|p1|Flutter Mane, L50|\n|poke|p1|Roaring Moon, L50|\n|poke|p2|Sinistcha-Masterpiece, L50|\n|poke|p2|Regidrago, L50|\n|poke|p2|Iron Hands, L50|\n|poke|p2|Iron Bundle, L50|\n|poke|p2|Ursaluna-Bloodmoon, L50, M|\n|poke|p2|Chi-Yu, L50|\n|teampreview|4\ndunsparcedingo has agreed to open team sheets.\nhjgklm3k has agreed to open team sheets.\n|\n|t:|1699666640\n|start\n|switch|p1a: Ninetales|Ninetales-Alola, L50, M|100\/100\n|switch|p1b: Ogerpon|Ogerpon-Hearthflame, L50, F|100\/100\n|switch|p2a: Iron Hands|Iron Hands, L50|100\/100\n|switch|p2b: Sinistcha|Sinistcha-Masterpiece, L50|100\/100\n|-weather|Snow|[from] ability: Snow Warning|[of] p1a: Ninetales\n|-ability|p1b: Ogerpon|Mold Breaker\n|turn|1\n|\n|t:|1699666666\n|-terastallize|p2b: Sinistcha|Water\n|move|p2a: Iron Hands|Fake Out|p1a: Ninetales\n|-damage|p1a: Ninetales|86\/100\n|cant|p1a: Ninetales|flinch\n|move|p1b: Ogerpon|Ivy Cudgel|p2b: Sinistcha\n|-resisted|p2b: Sinistcha\n|-damage|p2b: Sinistcha|79\/100\n|move|p2b: Sinistcha|Trick Room|p2b: Sinistcha\n|-fieldstart|move: Trick Room|[of] p2b: Sinistcha\n|\n|-weather|Snow|[upkeep]\n|upkeep\n|turn|2\n|\n|t:|1699666688\n|move|p2a: Iron Hands|Swords Dance|p2a: Iron Hands\n|-boost|p2a: Iron Hands|atk|2\n|move|p2b: Sinistcha|Matcha Gotcha|p1b: Ogerpon|[spread] p1a,p1b\n|-resisted|p1b: Ogerpon\n|-damage|p1a: Ninetales|58\/100\n|-heal|p2b: Sinistcha|90\/100|[from] drain|[of] p1a: Ninetales\n|-damage|p1b: Ogerpon|94\/100\n|-heal|p2b: Sinistcha|93\/100|[from] drain|[of] p1b: Ogerpon\n|move|p1b: Ogerpon|Horn Leech|p2b: Sinistcha\n|-supereffective|p2b: Sinistcha\n|-damage|p2b: Sinistcha|28\/100\n|-heal|p1b: Ogerpon|100\/100|[from] drain|[of] p2b: Sinistcha\n|-damage|p1b: Ogerpon|84\/100|[from] item: Rocky Helmet|[of] p2b: Sinistcha\n|move|p1a: Ninetales|Aurora Veil|p1a: Ninetales\n|-sidestart|p1: hjgklm3k|move: Aurora Veil\n|\n|-weather|Snow|[upkeep]\n|upkeep\n|turn|3\n|\n|t:|1699666722\n|move|p1b: Ogerpon|Spiky Shield|p1b: Ogerpon\n|-singleturn|p1b: Ogerpon|move: Protect\n|move|p2b: Sinistcha|Rage Powder|p2b: Sinistcha\n|-singleturn|p2b: Sinistcha|move: Rage Powder\n|move|p2a: Iron Hands|Close Combat|p1b: Ogerpon\n|-activate|p1b: Ogerpon|move: Protect\n|-damage|p2a: Iron Hands|88\/100|[from] Spiky Shield|[of] p1b: Ogerpon\n|move|p1a: Ninetales|Moonblast|p2b: Sinistcha\n|-damage|p2b: Sinistcha|0 fnt\n|faint|p2b: Sinistcha\n|\n|-weather|Snow|[upkeep]\n|upkeep\n|\n|t:|1699666725\n|switch|p2b: Ursaluna|Ursaluna-Bloodmoon, L50, M|100\/100\n|turn|4\n|\n|t:|1699666742\n|switch|p1b: Flutter Mane|Flutter Mane, L50|100\/100\n|move|p2a: Iron Hands|Close Combat|p1a: Ninetales\n|-damage|p1a: Ninetales|0 fnt\n|-unboost|p2a: Iron Hands|def|1\n|-unboost|p2a: Iron Hands|spd|1\n|faint|p1a: Ninetales\n|move|p2b: Ursaluna|Hyper Voice|p1b: Flutter Mane\n|-damage|p1b: Flutter Mane|62\/100\n|-enditem|p2b: Ursaluna|Throat Spray\n|-boost|p2b: Ursaluna|spa|1|[from] item: Throat Spray\n|\n|-weather|Snow|[upkeep]\n|upkeep\n|\n|t:|1699666752\n|switch|p1a: Clefairy|Clefairy, L50, M|100\/100\n|turn|5\n|\n|t:|1699666767\n|move|p1a: Clefairy|After You|p1b: Flutter Mane\n|-activate|p1b: Flutter Mane|move: After You\n|move|p1b: Flutter Mane|Dazzling Gleam|p2a: Iron Hands|[spread] p2a,p2b\n|-supereffective|p2a: Iron Hands\n|-damage|p2a: Iron Hands|0 fnt\n|-damage|p2b: Ursaluna|42\/100\n|faint|p2a: Iron Hands\n|-end|p2a: Iron Hands|Quark Drive|[silent]\n|move|p2b: Ursaluna|Blood Moon|p1b: Flutter Mane\n|-damage|p1b: Flutter Mane|0 fnt\n|faint|p1b: Flutter Mane\n|-end|p1b: Flutter Mane|Protosynthesis|[silent]\n|\n|-weather|none\n|-fieldend|move: Trick Room\n|upkeep\n|\n|t:|1699666778\n|switch|p1b: Ogerpon|Ogerpon-Hearthflame, L50, F|84\/100\n|switch|p2a: Iron Bundle|Iron Bundle, L50|100\/100\n|-ability|p1b: Ogerpon|Mold Breaker\n|-enditem|p2a: Iron Bundle|Booster Energy\n|-activate|p2a: Iron Bundle|ability: Quark Drive|[fromitem]\n|-start|p2a: Iron Bundle|quarkdrivespe\n|turn|6\n|l|\u2606dunsparcedingo\n|player|p2|\n|inactive|Battle timer is ON: inactive players will automatically lose when time's up. (requested by hjgklm3k)\n|j|\u2606dunsparcedingo\n|inactive|dunsparcedingo reconnected and has 80 seconds left.\n|player|p2|dunsparcedingo|zinnia\n|\n|t:|1699666873\n|move|p2b: Ursaluna|Protect|p2b: Ursaluna\n|-singleturn|p2b: Ursaluna|Protect\n|move|p1a: Clefairy|Follow Me|p1a: Clefairy\n|-singleturn|p1a: Clefairy|move: Follow Me\n|move|p2a: Iron Bundle|Taunt|p1a: Clefairy\n|-start|p1a: Clefairy|move: Taunt\n|move|p1b: Ogerpon|Horn Leech|p2a: Iron Bundle\n|-supereffective|p2a: Iron Bundle\n|-damage|p2a: Iron Bundle|7\/100\n|-heal|p1b: Ogerpon|100\/100|[from] drain|[of] p2a: Iron Bundle\n|\n|upkeep\n|turn|7\n|inactive|hjgklm3k has 30 seconds left.\n|\n|t:|1699666907\n|-terastallize|p1b: Ogerpon|Fire\n|detailschange|p1b: Ogerpon|Ogerpon-Hearthflame-Tera, L50, F, tera:Fire\n|-ability|p1b: Ogerpon|Embody Aspect (Hearthflame)|boost\n|-boost|p1b: Ogerpon|atk|1\n|move|p2a: Iron Bundle|Icy Wind|p1a: Clefairy|[spread] p1a,p1b\n|-resisted|p1b: Ogerpon\n|-damage|p1a: Clefairy|89\/100\n|-damage|p1b: Ogerpon|95\/100\n|-unboost|p1a: Clefairy|spe|1\n|-unboost|p1b: Ogerpon|spe|1\n|move|p1b: Ogerpon|Ivy Cudgel|p2b: Ursaluna\n|-damage|p2b: Ursaluna|0 fnt\n|faint|p2b: Ursaluna\n|move|p1a: Clefairy|Moonblast|p2a: Iron Bundle\n|-damage|p2a: Iron Bundle|0 fnt\n|faint|p2a: Iron Bundle\n|-end|p2a: Iron Bundle|Quark Drive|[silent]\n|\n|win|hjgklm3k\n|raw|hjgklm3k's rating: 1186 &rarr; <strong>1210<\/strong><br \/>(+24 for winning)\n|raw|dunsparcedingo's rating: 1179 &rarr; <strong>1155<\/strong><br \/>(-24 for losing)\n|l|\u2606dunsparcedingo\n","uploadtime":1699666927,"views":16,"p1id":"hjgklm3k","p2id":"dunsparcedingo","formatid":"gen9vgc2023regulatione","rating":1155,"private":0,"password":""}