{"id":"gen9vgc2023regulatione-1991783126","p1":"jeikono","p2":"zac5224666","format":"[Gen 9] VGC 2023 Regulation E","log":"|j|\u2606jeikono\n|j|\u2606zac5224666\n|t:|1700116488\n|gametype|doubles\n|player|p1|jeikono|whitney|1158\n|player|p2|zac5224666|lucas|1207\n|teamsize|p1|4\n|teamsize|p2|6\n|gen|9\n|tier|[Gen 9] VGC 2023 Regulation E\n|rated|\n|rule|Species Clause: Limit one of each Pok\u00e9mon\n|rule|Item Clause: Limit one of each item\n|clearpoke\n|poke|p1|Sableye, L50, F|\n|poke|p1|Maushold, L50|\n|poke|p1|Sinistcha-Masterpiece, L50|\n|poke|p1|Garganacl, L50, F|\n|poke|p2|Iron Hands, L50|\n|poke|p2|Milotic, L50, M|\n|poke|p2|Chi-Yu, L50|\n|poke|p2|Ogerpon, L50, F|\n|poke|p2|Landorus-Therian, L50, M|\n|poke|p2|Flutter Mane, L50|\n|teampreview|4\n|inactive|Battle timer is ON: inactive players will automatically lose when time's up. (requested by jeikono)\njeikono rejected open team sheets.\n|\n|t:|1700116510\n|start\n|switch|p1a: Sableye|Sableye, L50, F|100\/100\n|switch|p1b: Sinistcha|Sinistcha-Masterpiece, L50|100\/100\n|switch|p2a: Chi-Yu|Chi-Yu, L50|100\/100\n|switch|p2b: Flutter Mane|Flutter Mane, L50|100\/100\n|-ability|p2a: Chi-Yu|Beads of Ruin\n|-enditem|p2b: Flutter Mane|Booster Energy\n|-activate|p2b: Flutter Mane|ability: Protosynthesis|[fromitem]\n|-start|p2b: Flutter Mane|protosynthesisspe\n|turn|1\n|\n|t:|1700116530\n|move|p1a: Sableye|Gravity|p1a: Sableye\n|-fieldstart|move: Gravity\n|move|p2b: Flutter Mane|Shadow Ball|p1a: Sableye\n|-damage|p1a: Sableye|15\/100\n|-enditem|p1a: Sableye|Eject Button\n|\n|t:|1700116536\n|switch|p1a: Maushold|Maushold, L50|100\/100\n|move|p2a: Chi-Yu|Dark Pulse|p1b: Sinistcha\n|-supereffective|p1b: Sinistcha\n|-enditem|p1b: Sinistcha|Focus Sash\n|-damage|p1b: Sinistcha|1\/100\n|move|p1b: Sinistcha|Shadow Ball|p2b: Flutter Mane\n|-supereffective|p2b: Flutter Mane\n|-damage|p2b: Flutter Mane|0 fnt\n|faint|p2b: Flutter Mane\n|-end|p2b: Flutter Mane|Protosynthesis|[silent]\n|\n|upkeep\n|\n|t:|1700116549\n|switch|p2b: Landorus|Landorus-Therian, L50, M|100\/100\n|-ability|p2b: Landorus|Intimidate|boost\n|-unboost|p1a: Maushold|atk|1\n|-unboost|p1b: Sinistcha|atk|1\n|turn|2\n|\n|t:|1700116566\n|move|p2b: Landorus|Rock Slide|p1a: Maushold|[spread] p1a,p1b\n|-damage|p1a: Maushold|62\/100\n|-damage|p1b: Sinistcha|0 fnt\n|faint|p1b: Sinistcha\n|move|p1a: Maushold|Population Bomb|p2a: Chi-Yu\n|-damage|p2a: Chi-Yu|88\/100\n|-damage|p2a: Chi-Yu|77\/100\n|-damage|p2a: Chi-Yu|66\/100\n|-damage|p2a: Chi-Yu|56\/100\n|-damage|p2a: Chi-Yu|46\/100\n|-damage|p2a: Chi-Yu|35\/100\n|-damage|p2a: Chi-Yu|23\/100\n|-damage|p2a: Chi-Yu|12\/100\n|-damage|p2a: Chi-Yu|2\/100\n|-damage|p2a: Chi-Yu|0 fnt\n|faint|p2a: Chi-Yu\n|-hitcount|p2: Chi-Yu|10\n|\n|upkeep\n|\n|t:|1700116587\n|switch|p2a: Milotic|Milotic, L50, M|100\/100\n|switch|p1b: Sableye|Sableye, L50, F|15\/100\n|turn|3\n|\n|t:|1700116603\n|move|p1b: Sableye|Disable|p2b: Landorus\n|-start|p2b: Landorus|Disable|Rock Slide\n|cant|p2b: Landorus|Disable|Rock Slide\n|move|p1a: Maushold|Population Bomb|p2a: Milotic\n|-damage|p2a: Milotic|94\/100\n|-damage|p2a: Milotic|86\/100\n|-damage|p2a: Milotic|80\/100\n|-damage|p2a: Milotic|72\/100\n|-damage|p2a: Milotic|65\/100\n|-damage|p2a: Milotic|58\/100\n|-damage|p2a: Milotic|52\/100\n|-damage|p2a: Milotic|45\/100\n|-crit|p2a: Milotic\n|-damage|p2a: Milotic|31\/100\n|-damage|p2a: Milotic|25\/100\n|-hitcount|p2a: Milotic|10\n|move|p2a: Milotic|Scald|p1a: Maushold\n|-damage|p1a: Maushold|23\/100\n|-status|p1a: Maushold|brn\n|\n|-heal|p2a: Milotic|31\/100|[from] item: Leftovers\n|-damage|p1a: Maushold|17\/100 brn|[from] brn\n|upkeep\n|turn|4\n|inactive|jeikono has 30 seconds left.\n|inactive|zac5224666 has 30 seconds left.\n|\n|t:|1700116632\n|move|p1b: Sableye|Encore|p2b: Landorus\n|-start|p2b: Landorus|Encore\n|-activate|p2b: Landorus|move: Struggle\n|move|p2b: Landorus|Struggle|p1a: Maushold\n|-damage|p1a: Maushold|0 fnt\n|faint|p1a: Maushold\n|-damage|p2b: Landorus|75\/100|[from] recoil\n|move|p2a: Milotic|Scald|p1b: Sableye\n|-damage|p1b: Sableye|0 fnt\n|faint|p1b: Sableye\n|\n|-heal|p2a: Milotic|37\/100|[from] item: Leftovers\n|upkeep\n|\n|t:|1700116643\n|switch|p1a: Garganacl|Garganacl, L50, F|100\/100\n|turn|5\n|\n|t:|1700116651\n|-terastallize|p1a: Garganacl|Ghost\n|-activate|p2b: Landorus|move: Struggle\n|move|p2b: Landorus|Struggle|p1a: Garganacl\n|-damage|p1a: Garganacl|89\/100\n|-damage|p2b: Landorus|50\/100|[from] recoil\n|move|p2a: Milotic|Scald|p1a: Garganacl\n|-damage|p1a: Garganacl|61\/100\n|move|p1a: Garganacl|Salt Cure|p2a: Milotic\n|-damage|p2a: Milotic|23\/100\n|-start|p2a: Milotic|Salt Cure\n|\n|-heal|p2a: Milotic|29\/100|[from] item: Leftovers\n|-heal|p1a: Garganacl|67\/100|[from] item: Leftovers\n|-damage|p2a: Milotic|4\/100|[from] Salt Cure\n|-fieldend|move: Gravity\n|upkeep\n|turn|6\n|\n|t:|1700116673\n|-activate|p2b: Landorus|move: Struggle\n|move|p2b: Landorus|Struggle|p1a: Garganacl\n|-damage|p1a: Garganacl|56\/100\n|-damage|p2b: Landorus|25\/100|[from] recoil\n|move|p2a: Milotic|Scald|p1a: Garganacl\n|-damage|p1a: Garganacl|29\/100\n|move|p1a: Garganacl|Salt Cure|p2b: Landorus\n|-crit|p2b: Landorus\n|-damage|p2b: Landorus|1\/100\n|-start|p2b: Landorus|Salt Cure\n|\n|-heal|p2a: Milotic|10\/100|[from] item: Leftovers\n|-heal|p1a: Garganacl|35\/100|[from] item: Leftovers\n|-damage|p2b: Landorus|0 fnt|[from] Salt Cure\n|faint|p2b: Landorus\n|-damage|p2a: Milotic|0 fnt|[from] Salt Cure\n|faint|p2a: Milotic\n|\n|win|jeikono\n|upkeep\n|raw|jeikono's rating: 1158 &rarr; <strong>1187<\/strong><br \/>(+29 for winning)\n|raw|zac5224666's rating: 1207 &rarr; <strong>1178<\/strong><br \/>(-29 for losing)\n","uploadtime":1700116697,"views":18,"p1id":"jeikono","p2id":"zac5224666","formatid":"gen9vgc2023regulatione","rating":1178,"private":0,"password":""}