{"id":"gen9vgc2023regulatione-1994532660","p1":"tlclow","p2":"iStockphoto","format":"[Gen 9] VGC 2023 Regulation E","log":"|j|\u2606tlclow\n|j|\u2606iStockphoto\n|t:|1700455604\n|gametype|doubles\n|player|p1|tlclow|skier|1059\n|player|p2|iStockphoto|169|1117\n|teamsize|p1|6\n|teamsize|p2|6\n|gen|9\n|tier|[Gen 9] VGC 2023 Regulation E\n|rated|\n|rule|Species Clause: Limit one of each Pok\u00e9mon\n|rule|Item Clause: Limit one of each item\n|clearpoke\n|poke|p1|Tornadus, L50, M|\n|poke|p1|Arcanine-Hisui, L50, M|\n|poke|p1|Iron Hands, L50|\n|poke|p1|Gholdengo, L50|\n|poke|p1|Urshifu-*, L50, M|\n|poke|p1|Ogerpon-Wellspring, L50, F|\n|poke|p2|Roaring Moon, L50|\n|poke|p2|Chien-Pao, L50|\n|poke|p2|Rillaboom, L50, M|\n|poke|p2|Meowscarada, L50, M|\n|poke|p2|Heatran, L50, M|\n|poke|p2|Flutter Mane, L50|\n|teampreview|4\niStockphoto has agreed to open team sheets.\n|\n|t:|1700455661\n|start\n|switch|p1a: Tornadus|Tornadus, L50, M|100\/100\n|switch|p1b: Arcanine|Arcanine-Hisui, L50, M|100\/100\n|switch|p2a: Heatran|Heatran, L50, M|100\/100\n|switch|p2b: Rillaboom|Rillaboom, L50, M|100\/100\n|-fieldstart|move: Grassy Terrain|[from] ability: Grassy Surge|[of] p2b: Rillaboom\n|-ability|p1b: Arcanine|Intimidate|boost\n|-unboost|p2a: Heatran|atk|1\n|-unboost|p2b: Rillaboom|atk|1\n|turn|1\n|inactive|Battle timer is ON: inactive players will automatically lose when time's up. (requested by tlclow)\n|inactive|tlclow has 60 seconds left.\n|inactive|iStockphoto has 60 seconds left.\n|\n|t:|1700455719\n|switch|p1b: Urshifu|Urshifu-Rapid-Strike, L50, M|100\/100\n|move|p2b: Rillaboom|Fake Out|p1a: Tornadus\n|-damage|p1a: Tornadus|90\/100\n|move|p1a: Tornadus|Tailwind|p1a: Tornadus\n|-sidestart|p1: tlclow|move: Tailwind\n|move|p2a: Heatran|Flash Cannon|p1a: Tornadus\n|-damage|p1a: Tornadus|45\/100\n|\n|upkeep\n|turn|2\n|inactive|tlclow has 30 seconds left.\n|inactive|iStockphoto has 30 seconds left.\n|inactive|iStockphoto has 20 seconds left.\n|inactive|iStockphoto has 15 seconds left.\n|inactive|iStockphoto has 10 seconds left.\n|\n|t:|1700455768\n|-terastallize|p2a: Heatran|Fairy\n|move|p2b: Rillaboom|Grassy Glide|p1b: Urshifu\n|-supereffective|p1b: Urshifu\n|-damage|p1b: Urshifu|56\/100\n|move|p1b: Urshifu|Surging Strikes|p2a: Heatran\n|-crit|p2a: Heatran\n|-damage|p2a: Heatran|82\/100\n|-crit|p2a: Heatran\n|-damage|p2a: Heatran|64\/100\n|-crit|p2a: Heatran\n|-damage|p2a: Heatran|44\/100\n|-hitcount|p2a: Heatran|3\n|move|p1a: Tornadus|Bleakwind Storm|p2a: Heatran|[spread] p2a,p2b\n|-supereffective|p2b: Rillaboom\n|-damage|p2a: Heatran|15\/100\n|-damage|p2b: Rillaboom|38\/100\n|-unboost|p2a: Heatran|spe|1\n|move|p2a: Heatran|Flash Cannon|p1a: Tornadus\n|-damage|p1a: Tornadus|0 fnt\n|faint|p1a: Tornadus\n|\n|-heal|p1b: Urshifu|62\/100|[from] Grassy Terrain\n|-heal|p2b: Rillaboom|43\/100|[from] Grassy Terrain\n|-heal|p2a: Heatran|21\/100|[from] Grassy Terrain\n|upkeep\n|inactive|tlclow has 30 seconds left.\n|\n|t:|1700455797\n|switch|p1a: Gholdengo|Gholdengo, L50|100\/100\n|turn|3\n|\n|t:|1700455811\n|move|p1b: Urshifu|Surging Strikes|p2a: Heatran\n|-crit|p2a: Heatran\n|-damage|p2a: Heatran|2\/100\n|-crit|p2a: Heatran\n|-damage|p2a: Heatran|0 fnt\n|faint|p2a: Heatran\n|-hitcount|p2: Heatran|2\n|move|p1a: Gholdengo|Nasty Plot|p1a: Gholdengo\n|-boost|p1a: Gholdengo|spa|2\n|move|p2b: Rillaboom|Wood Hammer|p1b: Urshifu\n|-supereffective|p1b: Urshifu\n|-damage|p1b: Urshifu|0 fnt\n|faint|p1b: Urshifu\n|-damage|p2b: Rillaboom|22\/100|[from] Recoil\n|\n|-heal|p2b: Rillaboom|28\/100|[from] Grassy Terrain\n|upkeep\n|\n|t:|1700455828\n|switch|p1b: Arcanine|Arcanine-Hisui, L50, M|100\/100\n|switch|p2a: Roaring Moon|Roaring Moon, L50|100\/100\n|-ability|p1b: Arcanine|Intimidate|boost\n|-unboost|p2a: Roaring Moon|atk|1\n|-unboost|p2b: Rillaboom|atk|1\n|-enditem|p2a: Roaring Moon|Booster Energy\n|-activate|p2a: Roaring Moon|ability: Protosynthesis|[fromitem]\n|-start|p2a: Roaring Moon|protosynthesisspe\n|turn|4\n|inactive|tlclow has 30 seconds left.\n|inactive|iStockphoto has 30 seconds left.\n|\n|t:|1700455857\n|-terastallize|p1b: Arcanine|Fairy\n|move|p2b: Rillaboom|Grassy Glide|p1b: Arcanine\n|-damage|p1b: Arcanine|79\/100\n|move|p2a: Roaring Moon|Knock Off|p1a: Gholdengo\n|-supereffective|p1a: Gholdengo\n|-crit|p1a: Gholdengo\n|-damage|p1a: Gholdengo|0 fnt\n|-enditem|p1a: Gholdengo|Leftovers|[from] move: Knock Off|[of] p2a: Roaring Moon\n|faint|p1a: Gholdengo\n|move|p1b: Arcanine|Rock Slide|p2b: Rillaboom|[spread] p2b\n|-miss|p1b: Arcanine|p2a: Roaring Moon\n|-damage|p2b: Rillaboom|0 fnt\n|faint|p2b: Rillaboom\n|\n|-heal|p1b: Arcanine|85\/100|[from] Grassy Terrain\n|-sideend|p1: tlclow|move: Tailwind\n|upkeep\n|\n|t:|1700455872\n|switch|p2b: Meowscarada|Meowscarada, L50, M|100\/100\n|turn|5\n|\n|t:|1700455894\n|move|p2a: Roaring Moon|Acrobatics|p1b: Arcanine\n|-damage|p1b: Arcanine|53\/100\n|move|p2b: Meowscarada|Flower Trick|p1b: Arcanine\n|-start|p2b: Meowscarada|typechange|Grass|[from] ability: Protean\n|-crit|p1b: Arcanine\n|-damage|p1b: Arcanine|0 fnt\n|faint|p1b: Arcanine\n|\n|win|iStockphoto\n|raw|tlclow's rating: 1059 &rarr; <strong>1043<\/strong><br \/>(-16 for losing)\n|raw|iStockphoto's rating: 1117 &rarr; <strong>1138<\/strong><br \/>(+21 for winning)\n|c|\u2606iStockphoto|gg!\n","uploadtime":1700455905,"views":5,"p1id":"tlclow","p2id":"istockphoto","formatid":"gen9vgc2023regulatione","rating":1043,"private":0,"password":""}