{"id":"gen9vgc2023regulatione-1991972027","p1":"McDougie","p2":"Barry Baksteen","format":"[Gen 9] VGC 2023 Regulation E","log":"|j|\u2606McDougie\n|j|\u2606Barry Baksteen\n|t:|1700143917\n|gametype|doubles\n|player|p1|McDougie|emmet|1048\n|player|p2|Barry Baksteen|2|1124\n|teamsize|p1|6\n|teamsize|p2|6\n|gen|9\n|tier|[Gen 9] VGC 2023 Regulation E\n|rated|\n|rule|Species Clause: Limit one of each Pok\u00e9mon\n|rule|Item Clause: Limit one of each item\n|clearpoke\n|poke|p1|Iron Hands, L50|\n|poke|p1|Moltres-Galar, L50|\n|poke|p1|Grimmsnarl, L50, M|\n|poke|p1|Tornadus, L50, M|\n|poke|p1|Kingambit, L50, F|\n|poke|p1|Heatran, L50, M|\n|poke|p2|Torkoal, L50, F|\n|poke|p2|Flutter Mane, L50|\n|poke|p2|Roaring Moon, L50|\n|poke|p2|Sinistcha-Masterpiece, L50|\n|poke|p2|Landorus-Therian, L50, M|\n|poke|p2|Rillaboom, L50, F|\n|teampreview|4\n|\n|t:|1700143956\n|start\n|switch|p1a: Grimmsnarl|Grimmsnarl, L50, M|100\/100\n|switch|p1b: Tornadus|Tornadus, L50, M|100\/100\n|switch|p2a: Torkoal|Torkoal, L50, F|100\/100\n|switch|p2b: Landorus|Landorus-Therian, L50, M|100\/100\n|-ability|p2b: Landorus|Intimidate|boost\n|-unboost|p1a: Grimmsnarl|atk|1\n|-unboost|p1b: Tornadus|atk|1\n|-weather|SunnyDay|[from] ability: Drought|[of] p2a: Torkoal\n|turn|1\n|\n|t:|1700143969\n|-terastallize|p2b: Landorus|Ice\n|move|p1a: Grimmsnarl|Fake Out|p2a: Torkoal\n|-damage|p2a: Torkoal|96\/100\n|-damage|p1a: Grimmsnarl|84\/100|[from] item: Rocky Helmet|[of] p2a: Torkoal\n|move|p1b: Tornadus|Rain Dance|p1b: Tornadus\n|-weather|RainDance\n|move|p2b: Landorus|Tera Blast|p1b: Tornadus|[anim] Tera Blast Ice\n|-supereffective|p1b: Tornadus\n|-crit|p1b: Tornadus\n|-damage|p1b: Tornadus|0 fnt\n|faint|p1b: Tornadus\n|cant|p2a: Torkoal|flinch\n|\n|-weather|RainDance|[upkeep]\n|-heal|p1a: Grimmsnarl|90\/100|[from] item: Leftovers\n|upkeep\n|\n|t:|1700143985\n|switch|p1b: Iron Hands|Iron Hands, L50|100\/100\n|turn|2\n|\n|t:|1700144006\n|switch|p2b: Roaring Moon|Roaring Moon, L50|100\/100\n|switch|p2a: Flutter Mane|Flutter Mane, L50|100\/100\n|move|p1a: Grimmsnarl|Reflect|p1a: Grimmsnarl\n|-sidestart|p1: McDougie|Reflect\n|move|p1b: Iron Hands|Drain Punch|p2b: Roaring Moon\n|-supereffective|p2b: Roaring Moon\n|-damage|p2b: Roaring Moon|0 fnt\n|faint|p2b: Roaring Moon\n|-end|p2b: Roaring Moon|Protosynthesis|[silent]\n|\n|-weather|RainDance|[upkeep]\n|-heal|p1a: Grimmsnarl|96\/100|[from] item: Leftovers\n|upkeep\n|\n|t:|1700144021\n|switch|p2b: Torkoal|Torkoal, L50, F|96\/100\n|-weather|SunnyDay|[from] ability: Drought|[of] p2b: Torkoal\n|-activate|p2a: Flutter Mane|ability: Protosynthesis\n|-start|p2a: Flutter Mane|protosynthesisspe\n|turn|3\n|\n|t:|1700144036\n|move|p1a: Grimmsnarl|Parting Shot|p2b: Torkoal\n|-unboost|p2b: Torkoal|atk|1\n|-unboost|p2b: Torkoal|spa|1\n|\n|t:|1700144040\n|switch|p1a: Moltres|Moltres-Galar, L50|100\/100|[from] Parting Shot\n|move|p2a: Flutter Mane|Dazzling Gleam|p1a: Moltres|[spread] p1a,p1b\n|-supereffective|p1a: Moltres\n|-supereffective|p1b: Iron Hands\n|-damage|p1a: Moltres|45\/100\n|-damage|p1b: Iron Hands|67\/100\n|-ability|p1a: Moltres|Berserk|boost\n|-boost|p1a: Moltres|spa|1\n|move|p1b: Iron Hands|Heavy Slam|p2a: Flutter Mane\n|-supereffective|p2a: Flutter Mane\n|-enditem|p2a: Flutter Mane|Focus Sash\n|-damage|p2a: Flutter Mane|1\/100\n|move|p2b: Torkoal|Will-O-Wisp|p1b: Iron Hands\n|-status|p1b: Iron Hands|brn\n|\n|-weather|SunnyDay|[upkeep]\n|-damage|p1b: Iron Hands|60\/100 brn|[from] brn\n|upkeep\n|turn|4\n|\n|t:|1700144066\n|move|p1a: Moltres|Protect|p1a: Moltres\n|-singleturn|p1a: Moltres|Protect\n|move|p2a: Flutter Mane|Dazzling Gleam|p1b: Iron Hands|[spread] p1b\n|-activate|p1a: Moltres|move: Protect\n|-supereffective|p1b: Iron Hands\n|-damage|p1b: Iron Hands|28\/100 brn\n|move|p1b: Iron Hands|Volt Switch|p2a: Flutter Mane\n|-damage|p2a: Flutter Mane|0 fnt\n|faint|p2a: Flutter Mane\n|-end|p2a: Flutter Mane|Protosynthesis|[silent]\n|\n|t:|1700144075\n|-end|p1b: Iron Hands|Quark Drive|[silent]\n|switch|p1b: Grimmsnarl|Grimmsnarl, L50, M|96\/100|[from] Volt Switch\n|move|p2b: Torkoal|Iron Defense|p2b: Torkoal\n|-boost|p2b: Torkoal|def|2\n|\n|-weather|SunnyDay|[upkeep]\n|-heal|p1b: Grimmsnarl|100\/100|[from] item: Leftovers\n|upkeep\n|\n|t:|1700144084\n|switch|p2a: Landorus|Landorus-Therian, L50, M, tera:Ice|100\/100\n|-ability|p2a: Landorus|Intimidate|boost\n|-unboost|p1a: Moltres|atk|1\n|-unboost|p1b: Grimmsnarl|atk|1\n|turn|5\n|\n|t:|1700144099\n|move|p1b: Grimmsnarl|Fake Out|p2a: Landorus\n|-crit|p2a: Landorus\n|-damage|p2a: Landorus|82\/100\n|cant|p2a: Landorus|flinch\n|move|p1a: Moltres|Fiery Wrath|p2b: Torkoal|[spread] p2a,p2b\n|-damage|p2a: Landorus|28\/100\n|-damage|p2b: Torkoal|36\/100\n|move|p2b: Torkoal|Body Press|p1a: Moltres\n|-damage|p1a: Moltres|0 fnt\n|faint|p1a: Moltres\n|\n|-weather|SunnyDay|[upkeep]\n|upkeep\n|\n|t:|1700144110\n|switch|p1a: Iron Hands|Iron Hands, L50|28\/100 brn\n|turn|6\n|\n|t:|1700144132\n|move|p1a: Iron Hands|Fake Out|p2a: Landorus\n|-damage|p2a: Landorus|18\/100\n|cant|p2a: Landorus|flinch\n|move|p1b: Grimmsnarl|Spirit Break|p2a: Landorus\n|-damage|p2a: Landorus|0 fnt\n|faint|p2a: Landorus\n|move|p2b: Torkoal|Will-O-Wisp|p1b: Grimmsnarl\n|-status|p1b: Grimmsnarl|brn\n|\n|-weather|SunnyDay|[upkeep]\n|-damage|p1b: Grimmsnarl|95\/100 brn|[from] brn\n|-damage|p1a: Iron Hands|22\/100 brn|[from] brn\n|-sideend|p1: McDougie|Reflect\n|upkeep\n|turn|7\n|\n|t:|1700144147\n|move|p1b: Grimmsnarl|Parting Shot|p2b: Torkoal\n|-unboost|p2b: Torkoal|atk|1\n|-unboost|p2b: Torkoal|spa|1\n|move|p1a: Iron Hands|Drain Punch|p2b: Torkoal\n|-damage|p2b: Torkoal|29\/100\n|-heal|p1a: Iron Hands|25\/100 brn|[from] drain|[of] p2b: Torkoal\n|-damage|p1a: Iron Hands|8\/100 brn|[from] item: Rocky Helmet|[of] p2b: Torkoal\n|move|p2b: Torkoal|Iron Defense|p2b: Torkoal\n|-boost|p2b: Torkoal|def|2\n|\n|-weather|none\n|-heal|p1b: Grimmsnarl|100\/100 brn|[from] item: Leftovers\n|-damage|p1b: Grimmsnarl|95\/100 brn|[from] brn\n|-damage|p1a: Iron Hands|2\/100 brn|[from] brn\n|upkeep\n|turn|8\n|\n|t:|1700144177\n|move|p1b: Grimmsnarl|Spirit Break|p2b: Torkoal\n|-resisted|p2b: Torkoal\n|-damage|p2b: Torkoal|28\/100\n|-unboost|p2b: Torkoal|spa|1\n|-damage|p1b: Grimmsnarl|78\/100 brn|[from] item: Rocky Helmet|[of] p2b: Torkoal\n|move|p1a: Iron Hands|Drain Punch|p2b: Torkoal\n|-damage|p2b: Torkoal|24\/100\n|-heal|p1a: Iron Hands|4\/100 brn|[from] drain|[of] p2b: Torkoal\n|-damage|p1a: Iron Hands|0 fnt|[from] item: Rocky Helmet|[of] p2b: Torkoal\n|faint|p1a: Iron Hands\n|-end|p1a: Iron Hands|Quark Drive|[silent]\n|move|p2b: Torkoal|Body Press|p1b: Grimmsnarl\n|-damage|p1b: Grimmsnarl|0 fnt\n|faint|p1b: Grimmsnarl\n|\n|win|Barry Baksteen\n|raw|McDougie's rating: 1048 &rarr; <strong>1035<\/strong><br \/>(-13 for losing)\n|raw|Barry Baksteen's rating: 1124 &rarr; <strong>1144<\/strong><br \/>(+20 for winning)\n|l|\u2606McDougie\n","uploadtime":1700144401,"views":31,"p1id":"mcdougie","p2id":"barrybaksteen","formatid":"gen9vgc2023regulatione","rating":1035,"private":0,"password":""}