{"id":"gen9vgc2023regulatione-1993784106","p1":"ramennoodsz","p2":"kilothegreat","format":"[Gen 9] VGC 2023 Regulation E","log":"|j|\u2606ramennoodsz\n|j|\u2606kilothegreat\n|t:|1700356837\n|gametype|doubles\n|player|p1|ramennoodsz|170|1183\n|player|p2|kilothegreat|hoopster|1270\n|teamsize|p1|6\n|teamsize|p2|6\n|gen|9\n|tier|[Gen 9] VGC 2023 Regulation E\n|rated|\n|rule|Species Clause: Limit one of each Pok\u00e9mon\n|rule|Item Clause: Limit one of each item\n|clearpoke\n|poke|p1|Grimmsnarl, L50, M|\n|poke|p1|Flutter Mane, L50|\n|poke|p1|Amoonguss, L50, M|\n|poke|p1|Iron Hands, L50|\n|poke|p1|Kingambit, L50, M|\n|poke|p1|Urshifu-*, L50, F|\n|poke|p2|Flutter Mane, L50|\n|poke|p2|Amoonguss, L50, M|\n|poke|p2|Iron Hands, L50|\n|poke|p2|Arcanine-Hisui, L50, F|\n|poke|p2|Chien-Pao, L50|\n|poke|p2|Farigiraf, L50, M|\n|teampreview|4\n|inactive|Battle timer is ON: inactive players will automatically lose when time's up. (requested by ramennoodsz)\n|inactive|ramennoodsz has 60 seconds left.\n|inactive|kilothegreat has 60 seconds left.\n|\n|t:|1700356889\n|start\n|switch|p1a: Kingambit|Kingambit, L50, M|100\/100\n|switch|p1b: Flutter Mane|Flutter Mane, L50|100\/100\n|switch|p2a: Iron Hands|Iron Hands, L50|100\/100\n|switch|p2b: Farigiraf|Farigiraf, L50, M|100\/100\n|turn|1\n|inactive|kilothegreat has 30 seconds left.\n|\n|t:|1700356920\n|-end|p1b: Flutter Mane|Protosynthesis|[silent]\n|switch|p1b: Amoonguss|Amoonguss, L50, M|100\/100\n|switch|p2b: Amoonguss|Amoonguss, L50, M|100\/100\n|move|p1a: Kingambit|Protect|p1a: Kingambit\n|-singleturn|p1a: Kingambit|Protect\n|move|p2a: Iron Hands|Heavy Slam|p1b: Amoonguss\n|-damage|p1b: Amoonguss|52\/100\n|-damage|p2a: Iron Hands|84\/100|[from] item: Rocky Helmet|[of] p1b: Amoonguss\n|\n|upkeep\n|turn|2\n|inactive|ramennoodsz has 30 seconds left.\n|inactive|kilothegreat has 30 seconds left.\n|inactive|ramennoodsz has 20 seconds left.\n|inactive|kilothegreat has 20 seconds left.\n|inactive|ramennoodsz has 15 seconds left.\n|inactive|kilothegreat has 15 seconds left.\n|inactive|ramennoodsz has 10 seconds left.\n|\n|t:|1700356969\n|-end|p2a: Iron Hands|Quark Drive|[silent]\n|switch|p2a: Farigiraf|Farigiraf, L50, M|100\/100\n|move|p1a: Kingambit|Swords Dance|p1a: Kingambit\n|-boost|p1a: Kingambit|atk|2\n|move|p2b: Amoonguss|Spore|p1a: Kingambit\n|-status|p1a: Kingambit|slp|[from] move: Spore\n|move|p1b: Amoonguss|Spore|p2a: Farigiraf\n|-status|p2a: Farigiraf|slp|[from] move: Spore\n|\n|upkeep\n|turn|3\n|\n|t:|1700356991\n|cant|p2a: Farigiraf|slp\n|cant|p1a: Kingambit|slp\n|move|p2b: Amoonguss|Pollen Puff|p1b: Amoonguss\n|-damage|p1b: Amoonguss|38\/100\n|move|p1b: Amoonguss|Pollen Puff|p2a: Farigiraf\n|-supereffective|p2a: Farigiraf\n|-damage|p2a: Farigiraf|69\/100 slp\n|\n|upkeep\n|turn|4\n|inactive|kilothegreat has 30 seconds left.\n|\n|t:|1700357022\n|-curestatus|p2a: Farigiraf|slp|[msg]\n|move|p2a: Farigiraf|Psychic|p1b: Amoonguss\n|-supereffective|p1b: Amoonguss\n|-damage|p1b: Amoonguss|0 fnt\n|faint|p1b: Amoonguss\n|-curestatus|p1a: Kingambit|slp|[msg]\n|move|p1a: Kingambit|Kowtow Cleave|p2a: Farigiraf\n|-supereffective|p2a: Farigiraf\n|-damage|p2a: Farigiraf|0 fnt\n|faint|p2a: Farigiraf\n|-damage|p1a: Kingambit|91\/100|[from] item: Life Orb\n|move|p2b: Amoonguss|Pollen Puff|p1a: Kingambit\n|-damage|p1a: Kingambit|75\/100\n|\n|upkeep\n|\n|t:|1700357036\n|switch|p2a: Iron Hands|Iron Hands, L50|84\/100\n|switch|p1b: Urshifu|Urshifu-Rapid-Strike, L50, F|100\/100\n|turn|5\n|inactive|kilothegreat has 30 seconds left.\n|inactive|kilothegreat has 20 seconds left.\n|inactive|kilothegreat has 15 seconds left.\n|inactive|kilothegreat has 10 seconds left.\n|\n|t:|1700357083\n|switch|p1b: Flutter Mane|Flutter Mane, L50|100\/100\n|move|p1a: Kingambit|Protect|p1a: Kingambit\n|-singleturn|p1a: Kingambit|Protect\n|move|p2a: Iron Hands|Fake Out|p1b: Flutter Mane\n|-immune|p1b: Flutter Mane\n|move|p2b: Amoonguss|Spore|p1a: Kingambit\n|-activate|p1a: Kingambit|move: Protect\n|\n|upkeep\n|turn|6\n|\n|t:|1700357104\n|move|p2b: Amoonguss|Rage Powder|p2b: Amoonguss\n|-singleturn|p2b: Amoonguss|move: Rage Powder\n|move|p1b: Flutter Mane|Shadow Ball|p2b: Amoonguss\n|-damage|p2b: Amoonguss|41\/100\n|move|p2a: Iron Hands|Drain Punch|p1a: Kingambit\n|-supereffective|p1a: Kingambit\n|-damage|p1a: Kingambit|0 fnt\n|-heal|p2a: Iron Hands|100\/100|[from] drain|[of] p1a: Kingambit\n|faint|p1a: Kingambit\n|\n|upkeep\n|\n|t:|1700357114\n|switch|p1a: Urshifu|Urshifu-Rapid-Strike, L50, F|100\/100\n|turn|7\n|\n|t:|1700357138\n|switch|p2b: Arcanine|Arcanine-Hisui, L50, F|100\/100\n|-ability|p2b: Arcanine|Intimidate|boost\n|-unboost|p1a: Urshifu|atk|1\n|-unboost|p1b: Flutter Mane|atk|1\n|-terastallize|p1a: Urshifu|Water\n|-terastallize|p2a: Iron Hands|Water\n|move|p1b: Flutter Mane|Shadow Ball|p2a: Iron Hands\n|-damage|p2a: Iron Hands|64\/100\n|-unboost|p2a: Iron Hands|spd|1\n|move|p1a: Urshifu|Surging Strikes|p2a: Iron Hands\n|-resisted|p2a: Iron Hands\n|-crit|p2a: Iron Hands\n|-damage|p2a: Iron Hands|55\/100\n|-resisted|p2a: Iron Hands\n|-crit|p2a: Iron Hands\n|-damage|p2a: Iron Hands|44\/100\n|-resisted|p2a: Iron Hands\n|-crit|p2a: Iron Hands\n|-damage|p2a: Iron Hands|35\/100\n|-hitcount|p2a: Iron Hands|3\n|move|p2a: Iron Hands|Wild Charge|p1a: Urshifu\n|-supereffective|p1a: Urshifu\n|-enditem|p1a: Urshifu|Focus Sash\n|-damage|p1a: Urshifu|1\/100\n|-damage|p2a: Iron Hands|17\/100|[from] Recoil\n|\n|upkeep\n|turn|8\n|inactive|kilothegreat has 30 seconds left.\n|inactive|ramennoodsz has 30 seconds left.\n|inactive|kilothegreat has 20 seconds left.\n|inactive|kilothegreat has 15 seconds left.\n|\n|t:|1700357182\n|move|p2b: Arcanine|Extreme Speed|p1a: Urshifu\n|-damage|p1a: Urshifu|0 fnt\n|faint|p1a: Urshifu\n|move|p1b: Flutter Mane|Shadow Ball|p2a: Iron Hands\n|-crit|p2a: Iron Hands\n|-damage|p2a: Iron Hands|0 fnt\n|faint|p2a: Iron Hands\n|-end|p2a: Iron Hands|Quark Drive|[silent]\n|\n|upkeep\n|\n|t:|1700357184\n|switch|p2a: Amoonguss|Amoonguss, L50, M|74\/100\n|turn|9\n|\n|t:|1700357205\n|move|p2b: Arcanine|Extreme Speed|p1b: Flutter Mane\n|-immune|p1b: Flutter Mane\n|move|p1b: Flutter Mane|Shadow Ball|p2a: Amoonguss\n|-damage|p2a: Amoonguss|13\/100\n|move|p2a: Amoonguss|Spore|p1b: Flutter Mane\n|-status|p1b: Flutter Mane|slp|[from] move: Spore\n|\n|upkeep\n|turn|10\n|c|\u2606kilothegreat|i forgot i was choice band :(\n|\n|t:|1700357225\n|move|p2b: Arcanine|Extreme Speed|p1b: Flutter Mane\n|-immune|p1b: Flutter Mane\n|cant|p1b: Flutter Mane|slp\n|move|p2a: Amoonguss|Pollen Puff|p1b: Flutter Mane\n|-resisted|p1b: Flutter Mane\n|-damage|p1b: Flutter Mane|96\/100 slp\n|\n|upkeep\n|turn|11\n|inactive|kilothegreat has 30 seconds left.\n|inactive|kilothegreat has 20 seconds left.\n|inactive|kilothegreat has 15 seconds left.\n|inactive|kilothegreat has 10 seconds left.\n|inactive|kilothegreat has 5 seconds left.\n|\n|t:|1700357280\n|move|p2b: Arcanine|Extreme Speed|p1b: Flutter Mane\n|-immune|p1b: Flutter Mane\n|cant|p1b: Flutter Mane|slp\n|move|p2a: Amoonguss|Pollen Puff|p1b: Flutter Mane\n|-resisted|p1b: Flutter Mane\n|-damage|p1b: Flutter Mane|91\/100 slp\n|\n|upkeep\n|turn|12\n|inactive|kilothegreat has 30 seconds left.\n|inactive|kilothegreat has 20 seconds left.\n|inactive|kilothegreat has 15 seconds left.\n|inactive|kilothegreat has 10 seconds left.\n|inactive|kilothegreat has 5 seconds left.\n|\n|t:|1700357334\n|move|p2a: Amoonguss|Protect|p2a: Amoonguss\n|-singleturn|p2a: Amoonguss|Protect\n|move|p2b: Arcanine|Extreme Speed|p1b: Flutter Mane\n|-immune|p1b: Flutter Mane\n|cant|p1b: Flutter Mane|slp\n|\n|upkeep\n|turn|13\n|inactive|kilothegreat has 25 seconds left this turn.\n|inactive|kilothegreat has 20 seconds left.\n|inactive|kilothegreat has 15 seconds left.\n|c|\u2606ramennoodsz|Longest sleep\n|inactive|kilothegreat has 10 seconds left.\n|c|\u2606kilothegreat|ul\n|c|\u2606kilothegreat|gg\n|inactive|kilothegreat has 5 seconds left.\n|-message|kilothegreat lost due to inactivity.\n|\n|win|ramennoodsz\n|raw|ramennoodsz's rating: 1183 &rarr; <strong>1214<\/strong><br \/>(+31 for winning)\n|raw|kilothegreat's rating: 1270 &rarr; <strong>1239<\/strong><br \/>(-31 for losing)\n|l|\u2606kilothegreat\n","uploadtime":1700357368,"views":18,"p1id":"ramennoodsz","p2id":"kilothegreat","formatid":"gen9vgc2023regulatione","rating":1214,"private":0,"password":""}