{"id":"gen9vgc2023regulatione-2000254687","p1":"NotRubyVGC","p2":"siksa","format":"[Gen 9] VGC 2023 Regulation E","log":"|j|\u2606NotRubyVGC\n|j|\u2606siksa\n|t:|1701178053\n|gametype|doubles\n|player|p1|NotRubyVGC|266|1566\n|player|p2|siksa|hilda|1461\n|teamsize|p1|6\n|teamsize|p2|6\n|gen|9\n|tier|[Gen 9] VGC 2023 Regulation E\n|rated|\n|rule|Species Clause: Limit one of each Pok\u00e9mon\n|rule|Item Clause: Limit one of each item\n|clearpoke\n|poke|p1|Amoonguss, L50, M|\n|poke|p1|Arcanine-Hisui, L50, M|\n|poke|p1|Tornadus, L50, M|\n|poke|p1|Urshifu-*, L50, M|\n|poke|p1|Gholdengo, L50|\n|poke|p1|Iron Hands, L50|\n|poke|p2|Dondozo, L50, F|\n|poke|p2|Grimmsnarl, L50, M|\n|poke|p2|Gholdengo, L50|\n|poke|p2|Sinistcha, L50|\n|poke|p2|Iron Hands, L50|\n|poke|p2|Landorus-Therian, L50, M|\n|teampreview|4\n|\n|t:|1701178156\n|start\n|switch|p1a: Tornadus|Tornadus, L50, M|100\/100\n|switch|p1b: Arcanine|Arcanine-Hisui, L50, M|100\/100\n|switch|p2a: Gholdengo|Gholdengo, L50|100\/100\n|switch|p2b: Iron Hands|Iron Hands, L50|100\/100\n|-ability|p1b: Arcanine|Intimidate|boost\n|-unboost|p2a: Gholdengo|atk|1\n|-unboost|p2b: Iron Hands|atk|1\n|turn|1\n|inactive|Battle timer is ON: inactive players will automatically lose when time's up. (requested by siksa)\n|\n|t:|1701178203\n|move|p2b: Iron Hands|Fake Out|p1b: Arcanine\n|-resisted|p1b: Arcanine\n|-damage|p1b: Arcanine|95\/100\n|cant|p1b: Arcanine|flinch\n|move|p1a: Tornadus|Bleakwind Storm|p2a: Gholdengo|[spread] p2a,p2b\n|-resisted|p2a: Gholdengo\n|-damage|p2a: Gholdengo|85\/100\n|-damage|p2b: Iron Hands|85\/100\n|-unboost|p2b: Iron Hands|spe|1\n|move|p2a: Gholdengo|Nasty Plot|p2a: Gholdengo\n|-boost|p2a: Gholdengo|spa|2\n|\n|upkeep\n|turn|2\n|inactive|NotRubyVGC has 30 seconds left.\n|inactive|NotRubyVGC has 20 seconds left.\n|inactive|NotRubyVGC has 15 seconds left.\n|inactive|NotRubyVGC has 10 seconds left.\n|\n|t:|1701178251\n|-end|p2b: Iron Hands|Quark Drive|[silent]\n|switch|p2b: Dondozo|Dondozo, L50, F|100\/100\n|-terastallize|p1a: Tornadus|Steel\n|-terastallize|p2a: Gholdengo|Dragon\n|move|p1b: Arcanine|Flare Blitz|p2b: Dondozo\n|-resisted|p2b: Dondozo\n|-damage|p2b: Dondozo|76\/100\n|-damage|p1b: Arcanine|85\/100|[from] Recoil\n|move|p1a: Tornadus|Bleakwind Storm|p2a: Gholdengo|[spread] p2a,p2b\n|-damage|p2a: Gholdengo|54\/100\n|-damage|p2b: Dondozo|53\/100\n|move|p2a: Gholdengo|Make It Rain|p1b: Arcanine|[spread] p1a,p1b\n|-resisted|p1a: Tornadus\n|-damage|p1a: Tornadus|26\/100\n|-damage|p1b: Arcanine|0 fnt\n|-unboost|p2a: Gholdengo|spa|1\n|faint|p1b: Arcanine\n|-damage|p2a: Gholdengo|45\/100|[from] item: Life Orb\n|\n|-heal|p2b: Dondozo|59\/100|[from] item: Leftovers\n|upkeep\n|\n|t:|1701178269\n|switch|p1b: Gholdengo|Gholdengo, L50|100\/100\n|turn|3\n|\n|t:|1701178286\n|switch|p2b: Sinistcha|Sinistcha, L50|100\/100\n|-heal|p2a: Gholdengo|70\/100|[from] ability: Hospitality|[of] p2b: Sinistcha\n|move|p1a: Tornadus|Tailwind|p1a: Tornadus\n|-sidestart|p1: NotRubyVGC|move: Tailwind\n|move|p1b: Gholdengo|Nasty Plot|p1b: Gholdengo\n|-boost|p1b: Gholdengo|spa|2\n|move|p2a: Gholdengo|Make It Rain|p1b: Gholdengo|[spread] p1a,p1b\n|-resisted|p1a: Tornadus\n|-resisted|p1b: Gholdengo\n|-damage|p1a: Tornadus|0 fnt\n|-damage|p1b: Gholdengo|58\/100\n|-unboost|p2a: Gholdengo|spa|1\n|faint|p1a: Tornadus\n|-damage|p2a: Gholdengo|60\/100|[from] item: Life Orb\n|\n|-heal|p1b: Gholdengo|64\/100|[from] item: Leftovers\n|upkeep\n|\n|t:|1701178294\n|switch|p1a: Amoonguss|Amoonguss, L50, M|100\/100\n|turn|4\n|\n|t:|1701178314\n|move|p1b: Gholdengo|Make It Rain|p2a: Gholdengo|[spread] p2a,p2b\n|-damage|p2a: Gholdengo|0 fnt\n|-damage|p2b: Sinistcha|4\/100\n|-unboost|p1b: Gholdengo|spa|1\n|faint|p2a: Gholdengo\n|move|p1a: Amoonguss|Pollen Puff|p1b: Gholdengo\n|-heal|p1b: Gholdengo|100\/100\n|move|p2b: Sinistcha|Trick Room|p2b: Sinistcha\n|-fieldstart|move: Trick Room|[of] p2b: Sinistcha\n|\n|upkeep\n|\n|t:|1701178330\n|switch|p2a: Dondozo|Dondozo, L50, F|59\/100\n|turn|5\n|\n|t:|1701178347\n|switch|p2b: Iron Hands|Iron Hands, L50|85\/100\n|move|p2a: Dondozo|Yawn|p1a: Amoonguss\n|-start|p1a: Amoonguss|move: Yawn|[of] p2a: Dondozo\n|move|p1a: Amoonguss|Spore|p2a: Dondozo\n|-status|p2a: Dondozo|slp|[from] move: Spore\n|move|p1b: Gholdengo|Shadow Ball|p2a: Dondozo\n|-damage|p2a: Dondozo|27\/100 slp\n|\n|-heal|p2a: Dondozo|33\/100 slp|[from] item: Leftovers\n|upkeep\n|turn|6\n|inactive|siksa has 30 seconds left.\n|\n|t:|1701178377\n|-end|p2b: Iron Hands|Quark Drive|[silent]\n|switch|p2b: Sinistcha|Sinistcha, L50|4\/100\n|-heal|p2a: Dondozo|58\/100 slp|[from] ability: Hospitality|[of] p2b: Sinistcha\n|cant|p2a: Dondozo|slp\n|move|p1a: Amoonguss|Spore|p2b: Sinistcha\n|-immune|p2b: Sinistcha\n|move|p1b: Gholdengo|Shadow Ball|p2b: Sinistcha\n|-supereffective|p2b: Sinistcha\n|-damage|p2b: Sinistcha|0 fnt\n|faint|p2b: Sinistcha\n|\n|-heal|p2a: Dondozo|64\/100 slp|[from] item: Leftovers\n|-end|p1a: Amoonguss|move: Yawn|[silent]\n|-status|p1a: Amoonguss|slp\n|-sideend|p1: NotRubyVGC|move: Tailwind\n|upkeep\n|\n|t:|1701178392\n|switch|p2b: Iron Hands|Iron Hands, L50|85\/100\n|turn|7\n|\n|t:|1701178399\n|move|p1b: Gholdengo|Protect|p1b: Gholdengo\n|-singleturn|p1b: Gholdengo|Protect\n|cant|p1a: Amoonguss|slp\n|cant|p2a: Dondozo|slp\n|move|p2b: Iron Hands|Wild Charge|p1b: Gholdengo\n|-activate|p1b: Gholdengo|move: Protect\n|\n|-heal|p2a: Dondozo|71\/100 slp|[from] item: Leftovers\n|upkeep\n|turn|8\n|inactive|NotRubyVGC has 30 seconds left.\n|inactive|NotRubyVGC has 20 seconds left.\n|inactive|NotRubyVGC has 15 seconds left.\n|\n|t:|1701178440\n|cant|p1a: Amoonguss|slp\n|cant|p2a: Dondozo|slp\n|move|p2b: Iron Hands|Wild Charge|p1b: Gholdengo\n|-damage|p1b: Gholdengo|55\/100\n|-damage|p2b: Iron Hands|76\/100|[from] Recoil\n|move|p1b: Gholdengo|Shadow Ball|p2b: Iron Hands\n|-damage|p2b: Iron Hands|43\/100\n|-unboost|p2b: Iron Hands|spd|1\n|\n|-heal|p2a: Dondozo|77\/100 slp|[from] item: Leftovers\n|-heal|p1b: Gholdengo|61\/100|[from] item: Leftovers\n|-fieldend|move: Trick Room\n|upkeep\n|turn|9\n|\n|t:|1701178464\n|move|p1b: Gholdengo|Protect|p1b: Gholdengo\n|-singleturn|p1b: Gholdengo|Protect\n|move|p2b: Iron Hands|Wild Charge|p1b: Gholdengo\n|-activate|p1b: Gholdengo|move: Protect\n|-curestatus|p2a: Dondozo|slp|[msg]\n|move|p2a: Dondozo|Fissure|p1a: Amoonguss|[miss]\n|-miss|p2a: Dondozo|p1a: Amoonguss\n|cant|p1a: Amoonguss|slp\n|\n|-heal|p1b: Gholdengo|68\/100|[from] item: Leftovers\n|-heal|p2a: Dondozo|83\/100|[from] item: Leftovers\n|upkeep\n|turn|10\n|inactive|NotRubyVGC has 30 seconds left.\n|inactive|NotRubyVGC has 20 seconds left.\n|\n|t:|1701178501\n|-curestatus|p1a: Amoonguss|slp|[msg]\n|move|p1a: Amoonguss|Rage Powder|p1a: Amoonguss\n|-singleturn|p1a: Amoonguss|move: Rage Powder\n|move|p1b: Gholdengo|Shadow Ball|p2b: Iron Hands\n|-damage|p2b: Iron Hands|0 fnt\n|faint|p2b: Iron Hands\n|-end|p2b: Iron Hands|Quark Drive|[silent]\n|move|p2a: Dondozo|Fissure|p1a: Amoonguss|[miss]\n|-miss|p2a: Dondozo|p1a: Amoonguss\n|\n|-heal|p1b: Gholdengo|74\/100|[from] item: Leftovers\n|-heal|p2a: Dondozo|89\/100|[from] item: Leftovers\n|upkeep\n|turn|11\n|\n|t:|1701178514\n|move|p1b: Gholdengo|Shadow Ball|p2a: Dondozo\n|-damage|p2a: Dondozo|56\/100\n|move|p2a: Dondozo|Fissure|p1a: Amoonguss|[miss]\n|-miss|p2a: Dondozo|p1a: Amoonguss\n|move|p1a: Amoonguss|Spore|p2a: Dondozo\n|-status|p2a: Dondozo|slp|[from] move: Spore\n|\n|-heal|p1b: Gholdengo|80\/100|[from] item: Leftovers\n|-heal|p2a: Dondozo|62\/100 slp|[from] item: Leftovers\n|upkeep\n|turn|12\n|-message|siksa forfeited.\n|\n|win|NotRubyVGC\n|raw|NotRubyVGC's rating: 1566 &rarr; <strong>1580<\/strong><br \/>(+14 for winning)\n|raw|siksa's rating: 1461 &rarr; <strong>1447<\/strong><br \/>(-14 for losing)\n|l|\u2606siksa\n","uploadtime":1701178534,"views":2,"p1id":"notrubyvgc","p2id":"siksa","formatid":"gen9vgc2023regulatione","rating":1447,"private":0,"password":""}