{"id":"gen9vgc2023regulatione-2000086948","p1":"yjp20160629","p2":"Okaywut","format":"[Gen 9] VGC 2023 Regulation E","log":"|j|\u2606yjp20160629\n|j|\u2606Okaywut\n|t:|1701152302\n|gametype|doubles\n|player|p1|yjp20160629|169|1408\n|player|p2|Okaywut|266|1324\n|teamsize|p1|6\n|teamsize|p2|6\n|gen|9\n|tier|[Gen 9] VGC 2023 Regulation E\n|rated|\n|rule|Species Clause: Limit one of each Pok\u00e9mon\n|rule|Item Clause: Limit one of each item\n|clearpoke\n|poke|p1|Flutter Mane, L50|\n|poke|p1|Volcarona, L50, M|\n|poke|p1|Iron Bundle, L50|\n|poke|p1|Baxcalibur, L50, F|\n|poke|p1|Iron Hands, L50|\n|poke|p1|Ninetales-Alola, L50, F|\n|poke|p2|Rillaboom, L50, F|\n|poke|p2|Urshifu-*, L50, F|\n|poke|p2|Tornadus, L50, M|\n|poke|p2|Landorus-Therian, L50, M|\n|poke|p2|Zapdos, L50|\n|poke|p2|Arcanine-Hisui, L50, M|\n|teampreview|4\n|\n|t:|1701152352\n|start\n|switch|p1a: Ninetales|Ninetales-Alola, L50, F|100\/100\n|switch|p1b: Volcarona|Volcarona, L50, M|100\/100\n|switch|p2a: Tornadus|Tornadus, L50, M|100\/100\n|switch|p2b: Zapdos|Zapdos, L50|100\/100\n|-weather|Snow|[from] ability: Snow Warning|[of] p1a: Ninetales\n|turn|1\n|\n|t:|1701152398\n|-terastallize|p2b: Zapdos|Electric\n|move|p2a: Tornadus|Rain Dance|p2a: Tornadus\n|-weather|RainDance\n|move|p2b: Zapdos|Hurricane|p1b: Volcarona\n|-supereffective|p1b: Volcarona\n|-damage|p1b: Volcarona|21\/100\n|move|p1a: Ninetales|Aurora Veil||[still]\n|-fail|p1a: Ninetales\n|move|p1b: Volcarona|Quiver Dance|p1b: Volcarona\n|-boost|p1b: Volcarona|spa|1\n|-boost|p1b: Volcarona|spd|1\n|-boost|p1b: Volcarona|spe|1\n|\n|-weather|RainDance|[upkeep]\n|upkeep\n|turn|2\n|l|\u2606yjp20160629\n|player|p1|\n|inactive|Battle timer is ON: inactive players will automatically lose when time's up. (requested by Okaywut)\n|j|\u2606yjp20160629\n|inactive|yjp20160629 reconnected and has 85 seconds left.\n|player|p1|yjp20160629|169\n|\n|t:|1701152449\n|switch|p1a: Iron Hands|Iron Hands, L50|100\/100\n|move|p2a: Tornadus|Tailwind|p2a: Tornadus\n|-sidestart|p2: Okaywut|move: Tailwind\n|move|p2b: Zapdos|Hurricane|p1b: Volcarona\n|-supereffective|p1b: Volcarona\n|-damage|p1b: Volcarona|0 fnt\n|faint|p1b: Volcarona\n|\n|-weather|RainDance|[upkeep]\n|upkeep\n|\n|t:|1701152456\n|switch|p1b: Ninetales|Ninetales-Alola, L50, F|100\/100\n|-weather|Snow|[from] ability: Snow Warning|[of] p1b: Ninetales\n|turn|3\n|\n|t:|1701152470\n|move|p2a: Tornadus|Rain Dance|p2a: Tornadus\n|-weather|RainDance\n|move|p2b: Zapdos|Thunderbolt|p1b: Ninetales\n|-damage|p1b: Ninetales|64\/100\n|move|p1b: Ninetales|Dazzling Gleam|p2b: Zapdos|[spread] p2a,p2b\n|-damage|p2a: Tornadus|77\/100\n|-damage|p2b: Zapdos|81\/100\n|move|p1a: Iron Hands|Wild Charge|p2a: Tornadus\n|-supereffective|p2a: Tornadus\n|-damage|p2a: Tornadus|0 fnt\n|faint|p2a: Tornadus\n|-damage|p1a: Iron Hands|87\/100|[from] Recoil\n|\n|-weather|RainDance|[upkeep]\n|upkeep\n|\n|t:|1701152484\n|switch|p2a: Landorus|Landorus-Therian, L50, M|100\/100\n|-ability|p2a: Landorus|Intimidate|boost\n|-unboost|p1a: Iron Hands|atk|1\n|-unboost|p1b: Ninetales|atk|1\n|turn|4\n|\n|t:|1701152501\n|switch|p1b: Baxcalibur|Baxcalibur, L50, F|100\/100\n|-terastallize|p1a: Iron Hands|Grass\n|move|p2a: Landorus|Rock Slide|p1a: Iron Hands|[spread] p1a\n|-miss|p2a: Landorus|p1b: Baxcalibur\n|-damage|p1a: Iron Hands|73\/100\n|move|p2b: Zapdos|Thunderbolt|p1b: Baxcalibur\n|-resisted|p1b: Baxcalibur\n|-damage|p1b: Baxcalibur|78\/100\n|cant|p1a: Iron Hands|flinch\n|\n|-weather|RainDance|[upkeep]\n|upkeep\n|turn|5\n|inactive|Okaywut has 30 seconds left.\n|\n|t:|1701152528\n|switch|p2a: Arcanine|Arcanine-Hisui, L50, M|100\/100\n|-ability|p2a: Arcanine|Intimidate|boost\n|-unboost|p1a: Iron Hands|atk|1\n|-unboost|p1b: Baxcalibur|atk|1\n|-end|p1a: Iron Hands|Quark Drive|[silent]\n|switch|p1a: Ninetales|Ninetales-Alola, L50, F|64\/100\n|-weather|Snow|[from] ability: Snow Warning|[of] p1a: Ninetales\n|move|p2b: Zapdos|Hurricane|p1a: Ninetales|[miss]\n|-miss|p2b: Zapdos|p1a: Ninetales\n|move|p1b: Baxcalibur|Icicle Crash|p2a: Arcanine\n|-resisted|p2a: Arcanine\n|-damage|p2a: Arcanine|81\/100\n|\n|-weather|Snow|[upkeep]\n|-sideend|p2: Okaywut|move: Tailwind\n|upkeep\n|turn|6\n|\n|t:|1701152546\n|switch|p1b: Iron Hands|Iron Hands, L50, tera:Grass|73\/100\n|move|p2a: Arcanine|Rock Slide|p1a: Ninetales|[spread] p1a,p1b\n|-supereffective|p1a: Ninetales\n|-damage|p1a: Ninetales|19\/100\n|-damage|p1b: Iron Hands|54\/100\n|move|p2b: Zapdos|Thunderbolt|p1b: Iron Hands\n|-resisted|p1b: Iron Hands\n|-damage|p1b: Iron Hands|42\/100\n|move|p1a: Ninetales|Aurora Veil|p1a: Ninetales\n|-sidestart|p1: yjp20160629|move: Aurora Veil\n|\n|-weather|Snow|[upkeep]\n|upkeep\n|turn|7\n|l|\u2606yjp20160629\n|inactive|yjp20160629 disconnected and has a minute to reconnect!\n|player|p1|\n|j|\u2606yjp20160629\n|inactive|yjp20160629 reconnected and has 35 seconds left.\n|player|p1|yjp20160629|169\n|inactive|yjp20160629 has 30 seconds left.\n|\n|t:|1701152574\n|move|p2a: Arcanine|Protect|p2a: Arcanine\n|-singleturn|p2a: Arcanine|Protect\n|move|p1a: Ninetales|Protect|p1a: Ninetales\n|-singleturn|p1a: Ninetales|Protect\n|move|p2b: Zapdos|Thunderbolt|p1a: Ninetales\n|-activate|p1a: Ninetales|move: Protect\n|move|p1b: Iron Hands|Drain Punch|p2a: Arcanine\n|-activate|p2a: Arcanine|move: Protect\n|\n|-weather|Snow|[upkeep]\n|upkeep\n|turn|8\n|\n|t:|1701152598\n|switch|p2b: Landorus|Landorus-Therian, L50, M|100\/100\n|-ability|p2b: Landorus|Intimidate|boost\n|-unboost|p1a: Ninetales|atk|1\n|-unboost|p1b: Iron Hands|atk|1\n|move|p2a: Arcanine|Extreme Speed|p1a: Ninetales\n|-damage|p1a: Ninetales|4\/100\n|move|p1a: Ninetales|Blizzard|p2b: Landorus|[spread] p2a,p2b\n|-resisted|p2a: Arcanine\n|-supereffective|p2b: Landorus\n|-damage|p2a: Arcanine|67\/100\n|-damage|p2b: Landorus|0 fnt\n|-status|p2a: Arcanine|frz\n|faint|p2b: Landorus\n|move|p1b: Iron Hands|Drain Punch|p2a: Arcanine\n|-supereffective|p2a: Arcanine\n|-damage|p2a: Arcanine|5\/100 frz\n|-heal|p1b: Iron Hands|65\/100|[from] drain|[of] p2a: Arcanine\n|-enditem|p2a: Arcanine|Sitrus Berry|[eat]\n|-heal|p2a: Arcanine|30\/100 frz|[from] item: Sitrus Berry\n|\n|-weather|Snow|[upkeep]\n|upkeep\n|\n|t:|1701152616\n|switch|p2b: Zapdos|Zapdos, L50, tera:Electric|81\/100\n|turn|9\n|\n|t:|1701152627\n|-curestatus|p2a: Arcanine|frz|[from] move: Flare Blitz\n|move|p2a: Arcanine|Flare Blitz|p1b: Iron Hands\n|-supereffective|p1b: Iron Hands\n|-damage|p1b: Iron Hands|18\/100\n|-damage|p2a: Arcanine|10\/100|[from] Recoil\n|move|p2b: Zapdos|Thunderbolt|p1a: Ninetales\n|-damage|p1a: Ninetales|0 fnt\n|faint|p1a: Ninetales\n|move|p1b: Iron Hands|Drain Punch|p2a: Arcanine\n|-supereffective|p2a: Arcanine\n|-damage|p2a: Arcanine|0 fnt\n|-heal|p1b: Iron Hands|22\/100|[from] drain|[of] p2a: Arcanine\n|faint|p2a: Arcanine\n|\n|-weather|none\n|upkeep\n|\n|t:|1701152632\n|switch|p1a: Baxcalibur|Baxcalibur, L50, F|78\/100\n|turn|10\n|\n|t:|1701152649\n|move|p2b: Zapdos|Detect|p2b: Zapdos\n|-singleturn|p2b: Zapdos|Protect\n|move|p1a: Baxcalibur|Icicle Crash|p2b: Zapdos\n|-activate|p2b: Zapdos|move: Protect\n|move|p1b: Iron Hands|Drain Punch|p2b: Zapdos\n|-activate|p2b: Zapdos|move: Protect\n|\n|upkeep\n|turn|11\n|\n|t:|1701152661\n|move|p1a: Baxcalibur|Icicle Crash|p2b: Zapdos\n|-damage|p2b: Zapdos|44\/100\n|move|p2b: Zapdos|Hurricane|p1b: Iron Hands\n|-supereffective|p1b: Iron Hands\n|-damage|p1b: Iron Hands|0 fnt\n|faint|p1b: Iron Hands\n|-end|p1b: Iron Hands|Quark Drive|[silent]\n|\n|upkeep\n|turn|12\n|\n|t:|1701152670\n|move|p1a: Baxcalibur|Icicle Crash|p2b: Zapdos\n|-damage|p2b: Zapdos|5\/100\n|move|p2b: Zapdos|Roost|p2b: Zapdos\n|-heal|p2b: Zapdos|55\/100\n|\n|upkeep\n|turn|13\n|\n|t:|1701152677\n|move|p2b: Zapdos|Detect|p2b: Zapdos\n|-singleturn|p2b: Zapdos|Protect\n|move|p1a: Baxcalibur|Icicle Crash|p2b: Zapdos\n|-activate|p2b: Zapdos|move: Protect\n|\n|-sideend|p1: yjp20160629|move: Aurora Veil\n|upkeep\n|turn|14\n|\n|t:|1701152683\n|move|p1a: Baxcalibur|Icicle Crash|p2b: Zapdos\n|-damage|p2b: Zapdos|18\/100\n|move|p2b: Zapdos|Roost|p2b: Zapdos\n|-heal|p2b: Zapdos|68\/100\n|\n|upkeep\n|turn|15\n|-message|yjp20160629 forfeited.\n|\n|win|Okaywut\n|raw|yjp20160629's rating: 1408 &rarr; <strong>1383<\/strong><br \/>(-25 for losing)\n|raw|Okaywut's rating: 1324 &rarr; <strong>1349<\/strong><br \/>(+25 for winning)\n|l|\u2606yjp20160629\n","uploadtime":1701152702,"views":4,"p1id":"yjp20160629","p2id":"okaywut","formatid":"gen9vgc2023regulatione","rating":1349,"private":0,"password":""}