{"id":"gen9vgc2023regulatione-1994885034","p1":"darknes3","p2":"superprobablylevel","format":"[Gen 9] VGC 2023 Regulation E","log":"|j|\u2606darknes3\n|j|\u2606superprobablylevel\n|t:|1700501615\n|gametype|doubles\n|player|p1|darknes3|102|1132\n|player|p2|superprobablylevel|pokemonrangerf|1043\n|teamsize|p1|6\n|teamsize|p2|6\n|gen|9\n|tier|[Gen 9] VGC 2023 Regulation E\n|rated|\n|rule|Species Clause: Limit one of each Pok\u00e9mon\n|rule|Item Clause: Limit one of each item\n|clearpoke\n|poke|p1|Zapdos, L50|\n|poke|p1|Shiftry, L50, M|\n|poke|p1|Arcanine-Hisui, L50, M|\n|poke|p1|Ogerpon-Wellspring, L50, F|\n|poke|p1|Landorus-Therian, L50, M|\n|poke|p1|Iron Hands, L50|\n|poke|p2|Iron Bundle, L50|\n|poke|p2|Arcanine, L50, F|\n|poke|p2|Flutter Mane, L50|\n|poke|p2|Amoonguss, L50, M|\n|poke|p2|Thundurus, L50, M|\n|poke|p2|Dragapult, L50, F|\n|teampreview|4\n|inactive|Battle timer is ON: inactive players will automatically lose when time's up. (requested by darknes3)\nsuperprobablylevel has agreed to open team sheets.\n|c|\u2606darknes3|glhf\n|c|\u2606superprobablylevel|glhf\n|inactive|darknes3 has 60 seconds left.\n|inactive|superprobablylevel has 60 seconds left.\n|\n|t:|1700501667\n|start\n|switch|p1a: Shiftry|Shiftry, L50, M|100\/100\n|switch|p1b: Iron Hands|Iron Hands, L50|100\/100\n|switch|p2a: Sisoui|Arcanine, L50, F, shiny|100\/100\n|switch|p2b: Sargon I|Iron Bundle, L50|100\/100\n|-ability|p2a: Sisoui|Intimidate|boost\n|-unboost|p1a: Shiftry|atk|1\n|-unboost|p1b: Iron Hands|atk|1\n|turn|1\n|\n|t:|1700501686\n|move|p1a: Shiftry|Protect|p1a: Shiftry\n|-singleturn|p1a: Shiftry|Protect\n|move|p2a: Sisoui|Protect|p2a: Sisoui\n|-singleturn|p2a: Sisoui|Protect\n|move|p1b: Iron Hands|Fake Out|p2b: Sargon I\n|-damage|p2b: Sargon I|89\/100\n|cant|p2b: Sargon I|flinch\n|\n|upkeep\n|turn|2\n|\n|t:|1700501710\n|switch|p1a: Landorus|Landorus-Therian, L50, M|100\/100\n|-ability|p1a: Landorus|Intimidate|boost\n|-unboost|p2a: Sisoui|atk|1\n|-unboost|p2b: Sargon I|atk|1\n|move|p2a: Sisoui|Helping Hand|p2b: Sargon I\n|-singleturn|p2b: Sargon I|Helping Hand|[of] p2a: Sisoui\n|move|p2b: Sargon I|Freeze-Dry|p1a: Landorus\n|-supereffective|p1a: Landorus\n|-damage|p1a: Landorus|0 fnt\n|faint|p1a: Landorus\n|move|p1b: Iron Hands|Heavy Slam|p2b: Sargon I\n|-damage|p2b: Sargon I|55\/100\n|\n|upkeep\n|\n|t:|1700501723\n|switch|p1a: Ogerpon|Ogerpon-Wellspring, L50, F|100\/100\n|turn|3\n|\n|t:|1700501730\n|move|p2a: Sisoui|Helping Hand|p2b: Sargon I\n|-singleturn|p2b: Sargon I|Helping Hand|[of] p2a: Sisoui\n|move|p1a: Ogerpon|Spiky Shield|p1a: Ogerpon\n|-singleturn|p1a: Ogerpon|move: Protect\n|move|p2b: Sargon I|Freeze-Dry|p1a: Ogerpon\n|-activate|p1a: Ogerpon|move: Protect\n|move|p1b: Iron Hands|Heavy Slam|p2b: Sargon I\n|-damage|p2b: Sargon I|25\/100\n|\n|upkeep\n|turn|4\n|\n|t:|1700501749\n|-terastallize|p1a: Ogerpon|Water\n|detailschange|p1a: Ogerpon|Ogerpon-Wellspring-Tera, L50, F, tera:Water\n|-ability|p1a: Ogerpon|Embody Aspect (Wellspring)|boost\n|-boost|p1a: Ogerpon|spd|1\n|move|p2a: Sisoui|Helping Hand|p2b: Sargon I\n|-singleturn|p2b: Sargon I|Helping Hand|[of] p2a: Sisoui\n|move|p2b: Sargon I|Freeze-Dry|p1a: Ogerpon\n|-supereffective|p1a: Ogerpon\n|-damage|p1a: Ogerpon|18\/100\n|move|p1a: Ogerpon|Ivy Cudgel|p2a: Sisoui|[anim] Ivy Cudgel Water\n|-supereffective|p2a: Sisoui\n|-damage|p2a: Sisoui|0 fnt\n|faint|p2a: Sisoui\n|move|p1b: Iron Hands|Drain Punch|p2b: Sargon I\n|-supereffective|p2b: Sargon I\n|-damage|p2b: Sargon I|0 fnt\n|faint|p2b: Sargon I\n|-end|p2b: Sargon I|Quark Drive|[silent]\n|\n|upkeep\n|\n|t:|1700501765\n|switch|p2b: Radiohead|Flutter Mane, L50|100\/100\n|switch|p2a: Dabuz|Amoonguss, L50, M, shiny|100\/100\n|-enditem|p2b: Radiohead|Booster Energy\n|-activate|p2b: Radiohead|ability: Protosynthesis|[fromitem]\n|-start|p2b: Radiohead|protosynthesisspe\n|turn|5\n|\n|t:|1700501779\n|move|p2a: Dabuz|Protect|p2a: Dabuz\n|-singleturn|p2a: Dabuz|Protect\n|move|p2b: Radiohead|Moonblast|p1a: Ogerpon\n|-crit|p1a: Ogerpon\n|-damage|p1a: Ogerpon|0 fnt\n|faint|p1a: Ogerpon\n|move|p1b: Iron Hands|Heavy Slam|p2a: Dabuz\n|-activate|p2a: Dabuz|move: Protect\n|\n|upkeep\n|\n|t:|1700501788\n|switch|p1a: Shiftry|Shiftry, L50, M|100\/100\n|turn|6\n|\n|t:|1700501796\n|-terastallize|p2b: Radiohead|Fairy\n|move|p1a: Shiftry|Protect|p1a: Shiftry\n|-singleturn|p1a: Shiftry|Protect\n|move|p2b: Radiohead|Moonblast|p1b: Iron Hands\n|-supereffective|p1b: Iron Hands\n|-damage|p1b: Iron Hands|39\/100\n|-unboost|p1b: Iron Hands|spa|1\n|move|p1b: Iron Hands|Heavy Slam|p2b: Radiohead\n|-supereffective|p2b: Radiohead\n|-crit|p2b: Radiohead\n|-damage|p2b: Radiohead|0 fnt\n|faint|p2b: Radiohead\n|-end|p2b: Radiohead|Protosynthesis|[silent]\n|move|p2a: Dabuz|Pollen Puff|p1a: Shiftry\n|-activate|p1a: Shiftry|move: Protect\n|\n|upkeep\n|turn|7\n|c|\u2606superprobablylevel|gg\n|\n|t:|1700501817\n|move|p1a: Shiftry|Tailwind|p1a: Shiftry\n|-sidestart|p1: darknes3|move: Tailwind\n|-ability|p1a: Shiftry|Wind Rider|boost\n|-boost|p1a: Shiftry|atk|1\n|move|p1b: Iron Hands|Heavy Slam|p2a: Dabuz\n|-damage|p2a: Dabuz|75\/100\n|move|p2a: Dabuz|Pollen Puff|p1a: Shiftry\n|-supereffective|p1a: Shiftry\n|-damage|p1a: Shiftry|0 fnt\n|faint|p1a: Shiftry\n|\n|upkeep\n|turn|8\n|\n|t:|1700501836\n|move|p1b: Iron Hands|Heavy Slam|p2a: Dabuz\n|-damage|p2a: Dabuz|52\/100\n|move|p2a: Dabuz|Toxic|p1b: Iron Hands\n|-status|p1b: Iron Hands|tox\n|\n|-damage|p1b: Iron Hands|33\/100 tox|[from] psn\n|upkeep\n|turn|9\n|\n|t:|1700501844\n|move|p2a: Dabuz|Protect|p2a: Dabuz\n|-singleturn|p2a: Dabuz|Protect\n|move|p1b: Iron Hands|Heavy Slam|p2a: Dabuz\n|-activate|p2a: Dabuz|move: Protect\n|\n|-damage|p1b: Iron Hands|21\/100 tox|[from] psn\n|upkeep\n|turn|10\n|c|\u2606darknes3|gg wp\n|\n|t:|1700501852\n|move|p1b: Iron Hands|Heavy Slam|p2a: Dabuz\n|-damage|p2a: Dabuz|28\/100\n|move|p2a: Dabuz|Pollen Puff|p1b: Iron Hands\n|-resisted|p1b: Iron Hands\n|-damage|p1b: Iron Hands|17\/100 tox\n|\n|-damage|p1b: Iron Hands|0 fnt|[from] psn\n|faint|p1b: Iron Hands\n|-end|p1b: Iron Hands|Quark Drive|[silent]\n|\n|win|superprobablylevel\n|upkeep\n|raw|darknes3's rating: 1132 &rarr; <strong>1101<\/strong><br \/>(-31 for losing)\n|raw|superprobablylevel's rating: 1043 &rarr; <strong>1085<\/strong><br \/>(+42 for winning)\n|c|\u2606superprobablylevel|ggwp\n|l|\u2606darknes3\n|c|\u2606superprobablylevel|i honestly thought i lost for a minute\n|c|\u2606superprobablylevel|dabuz clutch tho you made some good plays\n","uploadtime":1700501877,"views":20,"p1id":"darknes3","p2id":"superprobablylevel","formatid":"gen9vgc2023regulatione","rating":1085,"private":0,"password":""}