{"id":"gen9vgc2023regulatione-1990787839","p1":"Aox93","p2":"PureNeutral","format":"[Gen 9] VGC 2023 Regulation E","log":"|j|\u2606Aox93\n|j|\u2606PureNeutral\n|n|\u2606Aox93|aox93\n|n|\u2606PureNeutral|pureneutral\n|html|View the match progress at <a href=\"\/game-bestof3-gen9vgc2023regulatione-1990787838\">game-bestof3-gen9vgc2023regulatione-1990787838<\/a>\n|t:|1700000865\n|gametype|doubles\n|player|p1|Aox93|cynthia-gen4|\n|player|p2|PureNeutral|elesa|\n|teamsize|p1|6\n|teamsize|p2|6\n|gen|9\n|tier|[Gen 9] VGC 2023 Regulation E\n|rule|Species Clause: Limit one of each Pok\u00e9mon\n|rule|Item Clause: Limit one of each item\n|clearpoke\n|poke|p1|Torkoal, L50, F|\n|poke|p1|Lilligant-Hisui, L50, F|\n|poke|p1|Armarouge, L50, M|\n|poke|p1|Indeedee, L50, M|\n|poke|p1|Sneasler, L50, M|\n|poke|p1|Luxray, L50, F|\n|poke|p2|Weavile, L50, M|\n|poke|p2|Jumpluff, L50, F|\n|poke|p2|Brute Bonnet, L50|\n|poke|p2|Flutter Mane, L50|\n|poke|p2|Charjabug, L50, F|\n|poke|p2|Espeon, L50, F|\n|teampreview|4\n|j| pokemon_and_beer\n|c| pokemon_and_beer|Glhf!\n|c|\u2606PureNeutral|glhf\n|c| pokemon_and_beer|This is going to be a good one\n|c| pokemon_and_beer|Two top teams\n|c| pokemon_and_beer|Never get a match like this in Wellspring\n|\n|t:|1700001021\n|start\n|switch|p1a: Indeedee|Indeedee, L50, M, shiny|100\/100\n|switch|p1b: Sneasler|Sneasler, L50, M, shiny|100\/100\n|switch|p2a: She\/Her|Jumpluff, L50, F, shiny|100\/100\n|switch|p2b: A\/Problem|Flutter Mane, L50|100\/100\n|-fieldstart|move: Psychic Terrain|[from] ability: Psychic Surge|[of] p1a: Indeedee\n|-enditem|p1b: Sneasler|Psychic Seed\n|-boost|p1b: Sneasler|spd|1|[from] item: Psychic Seed\n|turn|1\n|\n|t:|1700001065\n|-end|p2b: A\/Problem|Protosynthesis|[silent]\n|switch|p2b: AC\/DC|Charjabug, L50, F, shiny|100\/100\n|move|p1b: Sneasler|Dire Claw|p2a: She\/Her\n|-supereffective|p2a: She\/Her\n|-damage|p2a: She\/Her|0 fnt\n|faint|p2a: She\/Her\n|move|p1a: Indeedee|Dazzling Gleam|p2b: AC\/DC\n|-damage|p2b: AC\/DC|82\/100\n|\n|upkeep\n|\n|t:|1700001074\n|switch|p2a: They\/Them|Brute Bonnet, L50|100\/100\n|turn|2\n|\n|t:|1700001097\n|-terastallize|p2a: They\/Them|Fire\n|move|p1b: Sneasler|Dire Claw|p2b: AC\/DC\n|-damage|p2b: AC\/DC|55\/100\n|move|p1a: Indeedee|Dazzling Gleam|p2b: AC\/DC|[spread] p2a,p2b\n|-resisted|p2a: They\/Them\n|-damage|p2a: They\/Them|92\/100\n|-damage|p2b: AC\/DC|41\/100\n|move|p2a: They\/Them|Spore|p1b: Sneasler\n|-status|p1b: Sneasler|slp|[from] move: Spore\n|move|p2b: AC\/DC|Struggle Bug|p1a: Indeedee|[spread] p1a,p1b\n|-supereffective|p1a: Indeedee\n|-resisted|p1b: Sneasler\n|-damage|p1a: Indeedee|80\/100\n|-damage|p1b: Sneasler|99\/100 slp\n|-unboost|p1a: Indeedee|spa|1\n|-unboost|p1b: Sneasler|spa|1\n|\n|upkeep\n|turn|3\n|\n|t:|1700001135\n|switch|p1a: Armarouge|Armarouge, L50, M|100\/100\n|-end|p2a: They\/Them|Protosynthesis|[silent]\n|switch|p2a: A\/Problem|Flutter Mane, L50|100\/100\n|cant|p1b: Sneasler|slp\n|move|p2b: AC\/DC|Lunge|p1b: Sneasler\n|-resisted|p1b: Sneasler\n|-damage|p1b: Sneasler|88\/100 slp\n|-unboost|p1b: Sneasler|atk|1\n|\n|upkeep\n|turn|4\n|\n|t:|1700001164\n|switch|p1b: Torkoal|Torkoal, L50, F, shiny|100\/100\n|-weather|SunnyDay|[from] ability: Drought|[of] p1b: Torkoal\n|-activate|p2a: A\/Problem|ability: Protosynthesis\n|-start|p2a: A\/Problem|protosynthesisspa\n|-terastallize|p1a: Armarouge|Grass\n|move|p2a: A\/Problem|Dazzling Gleam|p1a: Armarouge|[spread] p1a,p1b\n|-resisted|p1b: Torkoal\n|-damage|p1a: Armarouge|11\/100\n|-damage|p1b: Torkoal|51\/100\n|move|p2b: AC\/DC|Struggle Bug|p1b: Torkoal|[spread] p1a,p1b\n|-supereffective|p1a: Armarouge\n|-resisted|p1b: Torkoal\n|-damage|p1a: Armarouge|0 fnt\n|-damage|p1b: Torkoal|46\/100\n|-unboost|p1b: Torkoal|spa|1\n|faint|p1a: Armarouge\n|\n|-weather|SunnyDay|[upkeep]\n|upkeep\n|\n|t:|1700001184\n|switch|p1a: Sneasler|Sneasler, L50, M, shiny|88\/100 slp\n|turn|5\n|c|\u2606PureNeutral|charjabug the goat\n|\n|t:|1700001196\n|-curestatus|p1a: Sneasler|slp|[msg]\n|move|p1a: Sneasler|Dire Claw|p2a: A\/Problem\n|-damage|p2a: A\/Problem|30\/100\n|move|p2a: A\/Problem|Dazzling Gleam|p1b: Torkoal|[spread] p1a,p1b\n|-resisted|p1b: Torkoal\n|-damage|p1a: Sneasler|0 fnt\n|-damage|p1b: Torkoal|0 fnt\n|faint|p1a: Sneasler\n|faint|p1b: Torkoal\n|move|p2b: AC\/DC|Lunge|p1: Sneasler|[notarget]\n|-fail|p2b: AC\/DC\n|\n|-weather|SunnyDay|[upkeep]\n|-fieldend|move: Psychic Terrain\n|upkeep\n|\n|t:|1700001210\n|switch|p1b: Indeedee|Indeedee, L50, M, shiny|80\/100\n|-fieldstart|move: Psychic Terrain|[from] ability: Psychic Surge|[of] p1b: Indeedee\n|turn|6\n|\n|t:|1700001220\n|move|p1b: Indeedee|Psychic|p2a: A\/Problem\n|-damage|p2a: A\/Problem|0 fnt\n|faint|p2a: A\/Problem\n|-end|p2a: A\/Problem|Protosynthesis|[silent]\n|move|p2b: AC\/DC|Struggle Bug|p1b: Indeedee\n|-supereffective|p1b: Indeedee\n|-damage|p1b: Indeedee|49\/100\n|-unboost|p1b: Indeedee|spa|1\n|\n|-weather|SunnyDay|[upkeep]\n|upkeep\n|j| lordofthespice\n|\n|t:|1700001231\n|switch|p2a: They\/Them|Brute Bonnet, L50, tera:Fire|92\/100\n|-activate|p2a: They\/Them|ability: Protosynthesis\n|-start|p2a: They\/Them|protosynthesisatk\n|turn|7\n|j| downfall18\n|\n|t:|1700001244\n|move|p1b: Indeedee|Psychic|p2b: AC\/DC\n|-damage|p2b: AC\/DC|15\/100\n|-unboost|p2b: AC\/DC|spd|1\n|move|p2a: They\/Them|Seed Bomb|p1b: Indeedee\n|-damage|p1b: Indeedee|0 fnt\n|faint|p1b: Indeedee\n|\n|win|PureNeutral\n|inactive|Aox93 has 50 seconds to confirm battle start!\n|inactive|PureNeutral has 50 seconds to confirm battle start!\n|c|&|\/uhtml prompt-pureneutral,PureNeutral is ready for game 2!\n|c|&|\/uhtml prompt-aox93,Aox93 is ready for game 2!\nBoth players are ready! Starting next match!\n|c| pokemon_and_beer|GGs\n|l| lordofthespice\n|l| pokemon_and_beer\n|l| downfall18\n","uploadtime":1700002195,"views":22,"p1id":"aox93","p2id":"pureneutral","formatid":"gen9vgc2023regulatione","rating":0,"private":0,"password":""}