{"id":"gen9vgc2023regulatione-2000397184","p1":"newusernovice","p2":"giftedyew","format":"[Gen 9] VGC 2023 Regulation E","log":"|j|\u2606newusernovice\n|j|\u2606giftedyew\n|t:|1701191378\n|gametype|doubles\n|player|p1|newusernovice|brawly|1513\n|player|p2|giftedyew|nessa|1565\n|teamsize|p1|6\n|teamsize|p2|6\n|gen|9\n|tier|[Gen 9] VGC 2023 Regulation E\n|rated|\n|rule|Species Clause: Limit one of each Pok\u00e9mon\n|rule|Item Clause: Limit one of each item\n|clearpoke\n|poke|p1|Kingambit, L50, M|\n|poke|p1|Iron Hands, L50|\n|poke|p1|Tornadus, L50, M|\n|poke|p1|Amoonguss, L50, M|\n|poke|p1|Arcanine-Hisui, L50, M|\n|poke|p1|Landorus-Therian, L50, M|\n|poke|p2|Urshifu-*, L50, M|\n|poke|p2|Tornadus, L50, M|\n|poke|p2|Brambleghast, L50, M|\n|poke|p2|Lycanroc-Dusk, L50, M|\n|poke|p2|Farigiraf, L50, F|\n|poke|p2|Chien-Pao, L50|\n|teampreview|4\n|inactive|Battle timer is ON: inactive players will automatically lose when time's up. (requested by newusernovice)\n|inactive|newusernovice has 60 seconds left.\n|inactive|newusernovice has 30 seconds left.\n|inactive|newusernovice has 20 seconds left.\n|inactive|newusernovice has 15 seconds left.\n|inactive|newusernovice has 10 seconds left.\n|\n|t:|1701191464\n|start\n|switch|p1a: Tornadus|Tornadus, L50, M, shiny|100\/100\n|switch|p1b: Landorus|Landorus-Therian, L50, M|100\/100\n|switch|p2a: Weather Report|Tornadus, L50, M|100\/100\n|switch|p2b: Urshifu|Urshifu-Rapid-Strike, L50, M|100\/100\n|-ability|p1b: Landorus|Intimidate|boost\n|-unboost|p2a: Weather Report|atk|1\n|-unboost|p2b: Urshifu|atk|1\n|turn|1\n|inactive|newusernovice has 30 seconds left.\n|\n|t:|1701191499\n|-terastallize|p2b: Urshifu|Water\n|-terastallize|p1b: Landorus|Water\n|move|p1a: Tornadus|Tailwind|p1a: Tornadus\n|-sidestart|p1: newusernovice|move: Tailwind\n|move|p2a: Weather Report|Rain Dance|p2a: Weather Report\n|-weather|RainDance\n|move|p1b: Landorus|Stomping Tantrum|p2b: Urshifu\n|-damage|p2b: Urshifu|31\/100\n|move|p2b: Urshifu|Surging Strikes|p1a: Tornadus\n|-crit|p1a: Tornadus\n|-damage|p1a: Tornadus|27\/100\n|-crit|p1a: Tornadus\n|-damage|p1a: Tornadus|0 fnt\n|faint|p1a: Tornadus\n|-hitcount|p1: Tornadus|2\n|\n|-weather|RainDance|[upkeep]\n|upkeep\n|inactive|newusernovice has 30 seconds left.\n|\n|t:|1701191528\n|switch|p1a: Iron Hands|Iron Hands, L50, shiny|100\/100\n|turn|2\n|\n|t:|1701191538\n|switch|p2b: Brambleghast|Brambleghast, L50, M|100\/100\n|move|p2a: Weather Report|Tailwind|p2a: Weather Report\n|-sidestart|p2: giftedyew|move: Tailwind\n|-ability|p2b: Brambleghast|Wind Rider|boost\n|-boost|p2b: Brambleghast|atk|1\n|move|p1b: Landorus|Stomping Tantrum|p2b: Brambleghast\n|-resisted|p2b: Brambleghast\n|-damage|p2b: Brambleghast|46\/100\n|move|p1a: Iron Hands|Wild Charge|p2a: Weather Report\n|-supereffective|p2a: Weather Report\n|-damage|p2a: Weather Report|0 fnt\n|faint|p2a: Weather Report\n|-damage|p1a: Iron Hands|82\/100|[from] Recoil\n|\n|-weather|RainDance|[upkeep]\n|upkeep\n|\n|t:|1701191545\n|switch|p2a: Urshifu|Urshifu-Rapid-Strike, L50, M, tera:Water|31\/100\n|turn|3\n|inactive|newusernovice has 30 seconds left.\n|inactive|newusernovice has 20 seconds left.\n|inactive|newusernovice has 15 seconds left.\n|inactive|giftedyew has 30 seconds left.\n|\n|t:|1701191603\n|move|p2b: Brambleghast|Shadow Sneak|p1b: Landorus\n|-crit|p1b: Landorus\n|-damage|p1b: Landorus|43\/100\n|-damage|p2b: Brambleghast|36\/100|[from] item: Life Orb\n|move|p2a: Urshifu|Close Combat|p1b: Landorus\n|-damage|p1b: Landorus|0 fnt\n|-unboost|p2a: Urshifu|def|1\n|-unboost|p2a: Urshifu|spd|1\n|faint|p1b: Landorus\n|move|p1a: Iron Hands|Drain Punch|p2a: Urshifu\n|-damage|p2a: Urshifu|0 fnt\n|-heal|p1a: Iron Hands|93\/100|[from] drain|[of] p2a: Urshifu\n|faint|p2a: Urshifu\n|\n|-weather|RainDance|[upkeep]\n|upkeep\n|\n|t:|1701191616\n|switch|p2a: Lycanroc|Lycanroc-Dusk, L50, M|100\/100\n|switch|p1b: Arcanine|Arcanine-Hisui, L50, M|100\/100\n|-ability|p1b: Arcanine|Intimidate|boost\n|-unboost|p2a: Lycanroc|atk|1\n|-unboost|p2b: Brambleghast|atk|1\n|turn|4\n|inactive|newusernovice has 30 seconds left.\n|\n|t:|1701191641\n|move|p1b: Arcanine|Rock Slide|p2a: Lycanroc|[spread] p2a\n|-miss|p1b: Arcanine|p2b: Brambleghast\n|-damage|p2a: Lycanroc|46\/100\n|cant|p2a: Lycanroc|flinch\n|move|p2b: Brambleghast|Poltergeist|p1a: Iron Hands\n|-activate|p1a: Iron Hands|move: Poltergeist|Sitrus Berry\n|-damage|p1a: Iron Hands|48\/100\n|-enditem|p1a: Iron Hands|Sitrus Berry|[eat]\n|-heal|p1a: Iron Hands|73\/100|[from] item: Sitrus Berry\n|-damage|p2b: Brambleghast|27\/100|[from] item: Life Orb\n|move|p1a: Iron Hands|Ice Punch|p2b: Brambleghast\n|-supereffective|p2b: Brambleghast\n|-damage|p2b: Brambleghast|0 fnt\n|faint|p2b: Brambleghast\n|\n|-weather|RainDance|[upkeep]\n|-sideend|p1: newusernovice|move: Tailwind\n|upkeep\n|turn|5\n|-message|giftedyew forfeited.\n|\n|win|newusernovice\n|raw|newusernovice's rating: 1513 &rarr; <strong>1536<\/strong><br \/>(+23 for winning)\n|raw|giftedyew's rating: 1565 &rarr; <strong>1542<\/strong><br \/>(-23 for losing)\n|l|\u2606giftedyew\n","uploadtime":1701191675,"views":2,"p1id":"newusernovice","p2id":"giftedyew","formatid":"gen9vgc2023regulatione","rating":1536,"private":0,"password":""}