{"id":"gen9vgc2023regulatione-1993149690","p1":"LMagician","p2":"Tenken11","format":"[Gen 9] VGC 2023 Regulation E","log":"|j|\u2606LMagician\n|j|\u2606Tenken11\n|n|\u2606LMagician|lmagician\n|n|\u2606Tenken11|tenken11\n|html|View the match progress at <a href=\"\/game-bestof3-gen9vgc2023regulatione-1993143896\">game-bestof3-gen9vgc2023regulatione-1993143896<\/a>\n|t:|1700270766\n|gametype|doubles\n|player|p1|LMagician|steven|\n|player|p2|Tenken11|1|\n|teamsize|p1|6\n|teamsize|p2|6\n|gen|9\n|tier|[Gen 9] VGC 2023 Regulation E\n|rule|Species Clause: Limit one of each Pok\u00e9mon\n|rule|Item Clause: Limit one of each item\n|clearpoke\n|poke|p1|Tornadus, L50, M|\n|poke|p1|Flutter Mane, L50|\n|poke|p1|Landorus-Therian, L50, M|\n|poke|p1|Heatran, L50, M|\n|poke|p1|Roaring Moon, L50|\n|poke|p1|Ogerpon-Wellspring, L50, F|\n|poke|p2|Sinistcha, L50|\n|poke|p2|Moltres-Galar, L50|\n|poke|p2|Grimmsnarl, L50, M|\n|poke|p2|Arcanine-Hisui, L50, M|\n|poke|p2|Milotic, L50, F|\n|poke|p2|Iron Hands, L50|\n|teampreview|4\nLMagician has agreed to open team sheets.\n|\n|t:|1700270811\n|start\n|switch|p1a: Ogerpon|Ogerpon-Wellspring, L50, F|100\/100\n|switch|p1b: Flutter Mane|Flutter Mane, L50|100\/100\n|switch|p2a: Grimmsnarl|Grimmsnarl, L50, M, shiny|100\/100\n|switch|p2b: Iron Hands|Iron Hands, L50|100\/100\n|turn|1\n|\n|t:|1700270833\n|move|p1a: Ogerpon|Follow Me|p1a: Ogerpon\n|-singleturn|p1a: Ogerpon|move: Follow Me\n|move|p2a: Grimmsnarl|Parting Shot|p1a: Ogerpon\n|-unboost|p1a: Ogerpon|atk|1\n|-unboost|p1a: Ogerpon|spa|1\n|\n|t:|1700270838\n|switch|p2a: Milotic|Milotic, L50, F|100\/100|[from] Parting Shot\n|move|p1b: Flutter Mane|Dazzling Gleam|p2b: Iron Hands|[spread] p2a,p2b\n|-supereffective|p2b: Iron Hands\n|-damage|p2a: Milotic|69\/100\n|-damage|p2b: Iron Hands|55\/100\n|move|p2b: Iron Hands|Heavy Slam|p1a: Ogerpon\n|-resisted|p1a: Ogerpon\n|-damage|p1a: Ogerpon|77\/100\n|\n|upkeep\n|turn|2\n|\n|t:|1700270864\n|switch|p2a: Grimmsnarl|Grimmsnarl, L50, M, shiny|100\/100\n|move|p1a: Ogerpon|Follow Me|p1a: Ogerpon\n|-singleturn|p1a: Ogerpon|move: Follow Me\n|move|p1b: Flutter Mane|Dazzling Gleam|p2a: Grimmsnarl|[spread] p2a,p2b\n|-supereffective|p2a: Grimmsnarl\n|-supereffective|p2b: Iron Hands\n|-damage|p2a: Grimmsnarl|8\/100\n|-damage|p2b: Iron Hands|8\/100\n|move|p2b: Iron Hands|Wild Charge|p1a: Ogerpon\n|-damage|p1a: Ogerpon|18\/100\n|-damage|p2b: Iron Hands|0 fnt|[from] Recoil\n|faint|p2b: Iron Hands\n|-end|p2b: Iron Hands|Quark Drive|[silent]\n|\n|upkeep\n|j| FenrirZzz\n|\n|t:|1700270872\n|switch|p2b: Moltres|Moltres-Galar, L50|100\/100\n|turn|3\n|\n|t:|1700270891\n|switch|p1a: Landorus|Landorus-Therian, L50, M|100\/100\n|-ability|p1a: Landorus|Intimidate|boost\n|-unboost|p2a: Grimmsnarl|atk|1\n|-unboost|p2b: Moltres|atk|1\n|-terastallize|p2b: Moltres|Poison\n|move|p2a: Grimmsnarl|Light Screen|p2a: Grimmsnarl\n|-sidestart|p2: Tenken11|move: Light Screen\n|move|p1b: Flutter Mane|Dazzling Gleam|p2a: Grimmsnarl|[spread] p2a,p2b\n|-supereffective|p2a: Grimmsnarl\n|-resisted|p2b: Moltres\n|-damage|p2a: Grimmsnarl|0 fnt\n|-damage|p2b: Moltres|90\/100\n|faint|p2a: Grimmsnarl\n|move|p2b: Moltres|Nasty Plot|p2b: Moltres\n|-boost|p2b: Moltres|spa|2\n|\n|upkeep\n|\n|t:|1700270895\n|switch|p2a: Milotic|Milotic, L50, F|69\/100\n|turn|4\n|\n|t:|1700270930\n|-terastallize|p1a: Landorus|Flying\n|move|p2b: Moltres|Protect|p2b: Moltres\n|-singleturn|p2b: Moltres|Protect\n|move|p1a: Landorus|Tera Blast|p2a: Milotic|[anim] Tera Blast Flying\n|-damage|p2a: Milotic|3\/100\n|move|p1b: Flutter Mane|Dazzling Gleam|p2a: Milotic|[spread] p2a\n|-activate|p2b: Moltres|move: Protect\n|-damage|p2a: Milotic|0 fnt\n|faint|p2a: Milotic\n|\n|upkeep\n|turn|5\n|-message|Tenken11 forfeited.\n|\n|win|LMagician\n|c|\u2606Tenken11|gg\n|c|\u2606LMagician|gg\n|l|\u2606Tenken11\n","uploadtime":1700271365,"views":9,"p1id":"lmagician","p2id":"tenken11","formatid":"gen9vgc2023regulatione","rating":0,"private":0,"password":""}