{"id":"gen9vgc2023regulatione-1996692319","p1":"Miner_908","p2":"Mopan","format":"[Gen 9] VGC 2023 Regulation E","log":"|j|\u2606Miner_908\n|j|\u2606Mopan\n|t:|1700710416\n|gametype|doubles\n|player|p1|Miner_908|266|1061\n|player|p2|Mopan|pokemonbreeder-gen4|1126\n|teamsize|p1|6\n|teamsize|p2|6\n|gen|9\n|tier|[Gen 9] VGC 2023 Regulation E\n|rated|\n|rule|Species Clause: Limit one of each Pok\u00e9mon\n|rule|Item Clause: Limit one of each item\n|clearpoke\n|poke|p1|Cresselia, L50, F|\n|poke|p1|Chien-Pao, L50|\n|poke|p1|Urshifu-*, L50, M|\n|poke|p1|Ninetales-Alola, L50, M|\n|poke|p1|Baxcalibur, L50, F|\n|poke|p1|Flutter Mane, L50|\n|poke|p2|Sylveon, L50, M|\n|poke|p2|Electrode, L50|\n|poke|p2|Lurantis, L50, M|\n|poke|p2|Armarouge, L50, M|\n|poke|p2|Indeedee-F, L50, F|\n|poke|p2|Flamigo, L50, M|\n|teampreview|4\n|inactive|Battle timer is ON: inactive players will automatically lose when time's up. (requested by Miner_908)\n|\n|t:|1700710441\n|start\n|switch|p1a: Chien-Pao|Chien-Pao, L50|100\/100\n|switch|p1b: Ninetales|Ninetales-Alola, L50, M, shiny|100\/100\n|switch|p2a: RIZZ KING|Electrode, L50|100\/100\n|switch|p2b: Taffy|Lurantis, L50, M|100\/100\n|-ability|p1a: Chien-Pao|Sword of Ruin\n|-weather|Snow|[from] ability: Snow Warning|[of] p1b: Ninetales\n|turn|1\n|\n|t:|1700710459\n|-terastallize|p2b: Taffy|Fire\n|move|p2a: RIZZ KING|Taunt|p1b: Ninetales\n|-start|p1b: Ninetales|move: Taunt\n|move|p1a: Chien-Pao|Icicle Crash|p2b: Taffy\n|-resisted|p2b: Taffy\n|-damage|p2b: Taffy|61\/100\n|cant|p1b: Ninetales|move: Taunt|Aurora Veil\n|cant|p2b: Taffy|flinch\n|\n|-weather|Snow|[upkeep]\n|-heal|p2b: Taffy|67\/100|[from] item: Leftovers\n|upkeep\n|turn|2\n|inactive|Miner_908 has 30 seconds left.\n|inactive|Mopan has 30 seconds left.\n|\n|t:|1700710493\n|switch|p1b: Cresselia|Cresselia, L50, F, shiny|100\/100\n|move|p2b: Taffy|Protect|p2b: Taffy\n|-singleturn|p2b: Taffy|Protect\n|move|p1a: Chien-Pao|Sucker Punch||[still]\n|-fail|p1a: Chien-Pao\n|move|p2a: RIZZ KING|Eerie Impulse|p1b: Cresselia\n|-unboost|p1b: Cresselia|spa|2\n|\n|-weather|Snow|[upkeep]\n|-heal|p2b: Taffy|74\/100|[from] item: Leftovers\n|upkeep\n|turn|3\n|\n|t:|1700710515\n|switch|p1b: Ninetales|Ninetales-Alola, L50, M, shiny|100\/100\n|switch|p2b: woman|Indeedee-F, L50, F|100\/100\n|-fieldstart|move: Psychic Terrain|[from] ability: Psychic Surge|[of] p2b: woman\n|move|p1a: Chien-Pao|Sucker Punch||[still]\n|-fail|p1a: Chien-Pao\n|move|p2a: RIZZ KING|Taunt|p1b: Ninetales\n|-start|p1b: Ninetales|move: Taunt\n|\n|-weather|Snow|[upkeep]\n|upkeep\n|turn|4\n|inactive|Mopan has 30 seconds left.\n|\n|t:|1700710543\n|switch|p2b: Taffy|Lurantis, L50, M, tera:Fire|74\/100\n|move|p2a: RIZZ KING|Eerie Impulse|p1b: Ninetales\n|-unboost|p1b: Ninetales|spa|2\n|move|p1a: Chien-Pao|Icicle Crash|p2b: Taffy\n|-resisted|p2b: Taffy\n|-damage|p2b: Taffy|34\/100\n|move|p1b: Ninetales|Icy Wind|p2a: RIZZ KING|[spread] p2a,p2b\n|-resisted|p2b: Taffy\n|-damage|p2a: RIZZ KING|93\/100\n|-damage|p2b: Taffy|30\/100\n|-boost|p2b: Taffy|spe|1\n|\n|-weather|Snow|[upkeep]\n|-heal|p2b: Taffy|36\/100|[from] item: Leftovers\n|upkeep\n|turn|5\n|inactive|Mopan has 30 seconds left.\n|\n|t:|1700710575\n|switch|p1b: Cresselia|Cresselia, L50, F, shiny|100\/100\n|move|p2b: Taffy|Protect|p2b: Taffy\n|-singleturn|p2b: Taffy|Protect\n|move|p1a: Chien-Pao|Sucker Punch||[still]\n|-fail|p1a: Chien-Pao\n|move|p2a: RIZZ KING|Scary Face|p1a: Chien-Pao\n|-unboost|p1a: Chien-Pao|spe|2\n|\n|-weather|none\n|-heal|p2b: Taffy|43\/100|[from] item: Leftovers\n|upkeep\n|turn|6\n|inactive|Miner_908 has 30 seconds left.\n|inactive|Mopan has 30 seconds left.\n|\n|t:|1700710601\n|move|p1a: Chien-Pao|Sucker Punch|p2b: Taffy\n|-activate|p2b: Taffy|move: Psychic Terrain\n|move|p2a: RIZZ KING|Scary Face|p2b: Taffy\n|-boost|p2b: Taffy|spe|2\n|move|p2b: Taffy|Superpower|p1a: Chien-Pao\n|-supereffective|p1a: Chien-Pao\n|-enditem|p1a: Chien-Pao|Focus Sash\n|-damage|p1a: Chien-Pao|1\/100\n|-boost|p2b: Taffy|atk|1\n|-boost|p2b: Taffy|def|1\n|move|p1b: Cresselia|Dazzling Gleam|p2b: Taffy|[spread] p2a,p2b\n|-resisted|p2b: Taffy\n|-damage|p2a: RIZZ KING|79\/100\n|-damage|p2b: Taffy|36\/100\n|\n|-heal|p2b: Taffy|42\/100|[from] item: Leftovers\n|upkeep\n|turn|7\n|inactive|Miner_908 has 30 seconds left.\n|inactive|Mopan has 30 seconds left.\n|\n|t:|1700710630\n|move|p2b: Taffy|Protect|p2b: Taffy\n|-singleturn|p2b: Taffy|Protect\n|move|p1a: Chien-Pao|Protect|p1a: Chien-Pao\n|-singleturn|p1a: Chien-Pao|Protect\n|move|p2a: RIZZ KING|Eerie Impulse|p1b: Cresselia\n|-unboost|p1b: Cresselia|spa|2\n|move|p1b: Cresselia|Dazzling Gleam|p2b: Taffy|[spread] p2a\n|-activate|p2b: Taffy|move: Protect\n|-damage|p2a: RIZZ KING|72\/100\n|\n|-heal|p2b: Taffy|48\/100|[from] item: Leftovers\n|-fieldend|move: Psychic Terrain\n|upkeep\n|turn|8\n|inactive|Mopan has 30 seconds left.\n|\n|t:|1700710659\n|switch|p2a: woman|Indeedee-F, L50, F|100\/100\n|-fieldstart|move: Psychic Terrain|[from] ability: Psychic Surge|[of] p2a: woman\n|switch|p1b: Ninetales|Ninetales-Alola, L50, M, shiny|100\/100\n|-weather|Snow|[from] ability: Snow Warning|[of] p1b: Ninetales\n|switch|p1a: Flutter Mane|Flutter Mane, L50|100\/100\n|move|p2b: Taffy|Leaf Storm|p1a: Flutter Mane\n|-damage|p1a: Flutter Mane|63\/100\n|-boost|p2b: Taffy|spa|2\n|\n|-weather|Snow|[upkeep]\n|-heal|p2b: Taffy|54\/100|[from] item: Leftovers\n|upkeep\n|turn|9\n|inactive|Miner_908 has 30 seconds left.\n|inactive|Mopan has 30 seconds left.\n|\n|t:|1700710691\n|move|p1b: Ninetales|Protect|p1b: Ninetales\n|-singleturn|p1b: Ninetales|Protect\n|move|p2a: woman|Follow Me|p2a: woman\n|-singleturn|p2a: woman|move: Follow Me\n|move|p1a: Flutter Mane|Shadow Ball|p2a: woman\n|-immune|p2a: woman\n|move|p2b: Taffy|Leaf Storm|p1b: Ninetales\n|-activate|p1b: Ninetales|move: Protect\n|\n|-weather|Snow|[upkeep]\n|-heal|p2b: Taffy|60\/100|[from] item: Leftovers\n|upkeep\n|turn|10\n|\n|t:|1700710713\n|move|p2a: woman|Follow Me|p2a: woman\n|-singleturn|p2a: woman|move: Follow Me\n|move|p1a: Flutter Mane|Dazzling Gleam|p2a: woman|[spread] p2a,p2b\n|-resisted|p2b: Taffy\n|-damage|p2a: woman|75\/100\n|-damage|p2b: Taffy|38\/100\n|-enditem|p2a: woman|Red Card|[of] p1a: Flutter Mane\n|-end|p1a: Flutter Mane|Protosynthesis|[silent]\n|drag|p1a: Cresselia|Cresselia, L50, F, shiny|100\/100\n|move|p1b: Ninetales|Aurora Veil|p1b: Ninetales\n|-sidestart|p1: Miner_908|move: Aurora Veil\n|move|p2b: Taffy|Leaf Storm|p1b: Ninetales\n|-damage|p1b: Ninetales|25\/100\n|-boost|p2b: Taffy|spa|2\n|-enditem|p1b: Ninetales|Sitrus Berry|[eat]\n|-heal|p1b: Ninetales|50\/100|[from] item: Sitrus Berry\n|\n|-weather|Snow|[upkeep]\n|-heal|p2b: Taffy|44\/100|[from] item: Leftovers\n|upkeep\n|turn|11\n|inactive|Miner_908 has 30 seconds left.\n|\n|t:|1700710744\n|switch|p2a: RIZZ KING|Electrode, L50|72\/100\n|move|p2b: Taffy|Protect|p2b: Taffy\n|-singleturn|p2b: Taffy|Protect\n|move|p1b: Ninetales|Disable|p2b: Taffy\n|-activate|p2b: Taffy|move: Protect\n|move|p1a: Cresselia|Dazzling Gleam|p2b: Taffy|[spread] p2a\n|-activate|p2b: Taffy|move: Protect\n|-damage|p2a: RIZZ KING|59\/100\n|\n|-weather|Snow|[upkeep]\n|-heal|p2b: Taffy|50\/100|[from] item: Leftovers\n|upkeep\n|turn|12\n|\n|t:|1700710765\n|move|p1b: Ninetales|Protect|p1b: Ninetales\n|-singleturn|p1b: Ninetales|Protect\n|move|p2a: RIZZ KING|Taunt|p1b: Ninetales\n|-activate|p1b: Ninetales|move: Protect\n|move|p2b: Taffy|Leaf Storm|p1b: Ninetales\n|-activate|p1b: Ninetales|move: Protect\n|move|p1a: Cresselia|Dazzling Gleam|p2b: Taffy|[spread] p2a,p2b\n|-resisted|p2b: Taffy\n|-damage|p2a: RIZZ KING|44\/100\n|-damage|p2b: Taffy|43\/100\n|\n|-weather|none\n|-heal|p2b: Taffy|49\/100|[from] item: Leftovers\n|-fieldend|move: Psychic Terrain\n|upkeep\n|turn|13\n|inactive|Miner_908 has 30 seconds left.\n|inactive|Mopan has 30 seconds left.\n|inactive|Miner_908 has 20 seconds left.\n|inactive|Mopan has 20 seconds left.\n|inactive|Miner_908 has 15 seconds left.\n|\n|t:|1700710810\n|switch|p1a: Chien-Pao|Chien-Pao, L50|1\/100\n|-ability|p1a: Chien-Pao|Sword of Ruin\n|move|p2b: Taffy|Protect|p2b: Taffy\n|-singleturn|p2b: Taffy|Protect\n|move|p2a: RIZZ KING|Taunt|p1b: Ninetales\n|-start|p1b: Ninetales|move: Taunt\n|cant|p1b: Ninetales|move: Taunt|Disable\n|\n|-heal|p2b: Taffy|55\/100|[from] item: Leftovers\n|upkeep\n|turn|14\n|\n|t:|1700710831\n|switch|p2a: woman|Indeedee-F, L50, F|75\/100\n|-fieldstart|move: Psychic Terrain|[from] ability: Psychic Surge|[of] p2a: woman\n|move|p1a: Chien-Pao|Sucker Punch|p2b: Taffy\n|-activate|p2b: Taffy|move: Psychic Terrain\n|move|p1b: Ninetales|Icy Wind|p2a: woman|[spread] p2a,p2b\n|-resisted|p2b: Taffy\n|-damage|p2a: woman|65\/100\n|-damage|p2b: Taffy|47\/100\n|-unboost|p2a: woman|spe|1\n|-boost|p2b: Taffy|spe|1\n|move|p2b: Taffy|Superpower|p1b: Ninetales\n|-damage|p1b: Ninetales|0 fnt\n|-boost|p2b: Taffy|atk|1\n|-boost|p2b: Taffy|def|1\n|faint|p1b: Ninetales\n|\n|-heal|p2b: Taffy|53\/100|[from] item: Leftovers\n|-sideend|p1: Miner_908|move: Aurora Veil\n|upkeep\n|\n|t:|1700710853\n|switch|p1b: Flutter Mane|Flutter Mane, L50|63\/100\n|turn|15\n|\n|t:|1700710864\n|move|p2a: woman|Follow Me|p2a: woman\n|-singleturn|p2a: woman|move: Follow Me\n|move|p1a: Chien-Pao|Sacred Sword|p2a: woman\n|-damage|p2a: woman|8\/100\n|move|p1b: Flutter Mane|Dazzling Gleam|p2a: woman|[spread] p2a,p2b\n|-resisted|p2b: Taffy\n|-damage|p2a: woman|0 fnt\n|-damage|p2b: Taffy|32\/100\n|faint|p2a: woman\n|move|p2b: Taffy|Giga Drain|p1b: Flutter Mane\n|-damage|p1b: Flutter Mane|0 fnt\n|-heal|p2b: Taffy|60\/100|[from] drain|[of] p1b: Flutter Mane\n|faint|p1b: Flutter Mane\n|-end|p1b: Flutter Mane|Protosynthesis|[silent]\n|\n|-heal|p2b: Taffy|67\/100|[from] item: Leftovers\n|upkeep\n|\n|t:|1700710880\n|switch|p1b: Cresselia|Cresselia, L50, F, shiny|100\/100\n|switch|p2a: RIZZ KING|Electrode, L50|44\/100\n|turn|16\n|inactive|Mopan has 30 seconds left.\n|\n|t:|1700710908\n|move|p2a: RIZZ KING|Taunt|p1b: Cresselia\n|-start|p1b: Cresselia|move: Taunt\n|move|p1a: Chien-Pao|Sacred Sword|p2b: Taffy\n|-damage|p2b: Taffy|3\/100\n|move|p2b: Taffy|Leaf Storm|p1a: Chien-Pao|[miss]\n|-miss|p2b: Taffy|p1a: Chien-Pao\n|cant|p1b: Cresselia|move: Taunt|Lunar Blessing\n|\n|-heal|p2b: Taffy|9\/100|[from] item: Leftovers\n|upkeep\n|turn|17\n|inactive|Miner_908 has 30 seconds left.\n|inactive|Miner_908 has 20 seconds left.\n|inactive|Miner_908 has 15 seconds left.\n|\n|t:|1700710935\n|move|p2b: Taffy|Protect|p2b: Taffy\n|-singleturn|p2b: Taffy|Protect\n|move|p2a: RIZZ KING|Foul Play|p1a: Chien-Pao\n|-resisted|p1a: Chien-Pao\n|-damage|p1a: Chien-Pao|0 fnt\n|faint|p1a: Chien-Pao\n|move|p1b: Cresselia|Dazzling Gleam|p2a: RIZZ KING|[spread] p2a\n|-activate|p2b: Taffy|move: Protect\n|-crit|p2a: RIZZ KING\n|-damage|p2a: RIZZ KING|23\/100\n|\n|-heal|p2b: Taffy|15\/100|[from] item: Leftovers\n|upkeep\n|turn|18\n|inactive|Miner_908 has 15 seconds left this turn.\n|inactive|Miner_908 has 10 seconds left.\n|inactive|Miner_908 has 5 seconds left.\n|inactive|Mopan has 30 seconds left.\n|\n|t:|1700710952\n|move|p2a: RIZZ KING|Eerie Impulse|p1b: Cresselia\n|-unboost|p1b: Cresselia|spa|2\n|move|p2b: Taffy|Giga Drain|p1b: Cresselia\n|-damage|p1b: Cresselia|56\/100\n|-heal|p2b: Taffy|50\/100|[from] drain|[of] p1b: Cresselia\n|move|p1b: Cresselia|Dazzling Gleam|p2a: RIZZ KING|[spread] p2a,p2b\n|-resisted|p2b: Taffy\n|-damage|p2a: RIZZ KING|16\/100\n|-damage|p2b: Taffy|47\/100\n|\n|-heal|p2b: Taffy|53\/100|[from] item: Leftovers\n|-heal|p1b: Cresselia|62\/100|[from] item: Leftovers\n|-end|p1b: Cresselia|move: Taunt\n|-fieldend|move: Psychic Terrain\n|upkeep\n|turn|19\n|inactive|Miner_908 has 5 seconds left this turn.\n|inactive|Mopan has 25 seconds left this turn.\n|inactive|Mopan has 20 seconds left.\n|-message|Miner_908 lost due to inactivity.\n|\n|win|Mopan\n|raw|Miner_908's rating: 1061 &rarr; <strong>1045<\/strong><br \/>(-16 for losing)\n|raw|Mopan's rating: 1126 &rarr; <strong>1146<\/strong><br \/>(+20 for winning)\n|l|\u2606Miner_908\n","uploadtime":1700710978,"views":17,"p1id":"miner908","p2id":"mopan","formatid":"gen9vgc2023regulatione","rating":1045,"private":0,"password":""}