{"id":"gen9vgc2023regulatione-1994492413","p1":"PunkRockObstagoon","p2":"reg56","format":"[Gen 9] VGC 2023 Regulation E","log":"|j|\u2606PunkRockObstagoon\n|j|\u2606reg56\n|t:|1700450278\n|gametype|doubles\n|player|p1|PunkRockObstagoon|hilbert|1442\n|player|p2|reg56|1|1544\n|teamsize|p1|6\n|teamsize|p2|6\n|gen|9\n|tier|[Gen 9] VGC 2023 Regulation E\n|rated|\n|rule|Species Clause: Limit one of each Pok\u00e9mon\n|rule|Item Clause: Limit one of each item\n|clearpoke\n|poke|p1|Spinarak, L50, M|\n|poke|p1|Tatsugiri-Droopy, L50, M|\n|poke|p1|Lurantis, L50, F|\n|poke|p1|Farigiraf, L50, F|\n|poke|p1|Houndstone, L50, M|\n|poke|p1|Roaring Moon, L50|\n|poke|p2|Ursaluna-Bloodmoon, L50, M|\n|poke|p2|Ninetales-Alola, L50, F|\n|poke|p2|Indeedee-F, L50, F|\n|poke|p2|Armarouge, L50, M|\n|poke|p2|Landorus-Therian, L50, M|\n|poke|p2|Urshifu-*, L50, F|\n|teampreview|4\n|inactive|Battle timer is ON: inactive players will automatically lose when time's up. (requested by reg56)\n|inactive|PunkRockObstagoon also wants the timer to be on.\n|inactive|PunkRockObstagoon has 60 seconds left.\n|inactive|reg56 has 60 seconds left.\n|\n|t:|1700450329\n|start\n|switch|p1a: Roaring Moon|Roaring Moon, L50|100\/100\n|switch|p1b: Lurantis|Lurantis, L50, F|100\/100\n|switch|p2a: Ursaluna|Ursaluna-Bloodmoon, L50, M|100\/100\n|switch|p2b: Ninetales|Ninetales-Alola, L50, F|100\/100\n|-weather|Snow|[from] ability: Snow Warning|[of] p2b: Ninetales\n|-enditem|p1a: Roaring Moon|Booster Energy\n|-activate|p1a: Roaring Moon|ability: Protosynthesis|[fromitem]\n|-start|p1a: Roaring Moon|protosynthesisspe\n|turn|1\n|\n|t:|1700450347\n|move|p2a: Ursaluna|Protect|p2a: Ursaluna\n|-singleturn|p2a: Ursaluna|Protect\n|move|p1a: Roaring Moon|Iron Head|p2b: Ninetales\n|-supereffective|p2b: Ninetales\n|-enditem|p2b: Ninetales|Focus Sash\n|-damage|p2b: Ninetales|1\/100\n|move|p2b: Ninetales|Aurora Veil|p2b: Ninetales\n|-sidestart|p2: reg56|move: Aurora Veil\n|move|p1b: Lurantis|Superpower|p2a: Ursaluna\n|-activate|p2a: Ursaluna|move: Protect\n|\n|-weather|Snow|[upkeep]\n|upkeep\n|turn|2\n|inactive|reg56 has 30 seconds left.\n|\n|t:|1700450378\n|-terastallize|p2a: Ursaluna|Normal\n|move|p1a: Roaring Moon|Knock Off|p2b: Ninetales\n|-resisted|p2b: Ninetales\n|-damage|p2b: Ninetales|0 fnt\n|faint|p2b: Ninetales\n|move|p2a: Ursaluna|Hyper Voice|p1b: Lurantis|[spread] p1a,p1b\n|-damage|p1a: Roaring Moon|50\/100\n|-damage|p1b: Lurantis|61\/100\n|-enditem|p2a: Ursaluna|Throat Spray\n|-boost|p2a: Ursaluna|spa|1|[from] item: Throat Spray\n|move|p1b: Lurantis|Superpower|p2a: Ursaluna\n|-supereffective|p2a: Ursaluna\n|-damage|p2a: Ursaluna|64\/100\n|-boost|p1b: Lurantis|atk|1\n|-boost|p1b: Lurantis|def|1\n|\n|-weather|Snow|[upkeep]\n|upkeep\n|\n|t:|1700450396\n|switch|p2b: Indeedee|Indeedee-F, L50, F|100\/100\n|-fieldstart|move: Psychic Terrain|[from] ability: Psychic Surge|[of] p2b: Indeedee\n|turn|3\n|\n|t:|1700450405\n|move|p2b: Indeedee|Follow Me|p2b: Indeedee\n|-singleturn|p2b: Indeedee|move: Follow Me\n|move|p1a: Roaring Moon|Knock Off|p2b: Indeedee\n|-supereffective|p2b: Indeedee\n|-crit|p2b: Indeedee\n|-damage|p2b: Indeedee|0 fnt\n|-enditem|p2b: Indeedee|Sitrus Berry|[from] move: Knock Off|[of] p1a: Roaring Moon\n|faint|p2b: Indeedee\n|move|p2a: Ursaluna|Hyper Voice|p1b: Lurantis|[spread] p1a,p1b\n|-damage|p1a: Roaring Moon|0 fnt\n|-damage|p1b: Lurantis|8\/100\n|faint|p1a: Roaring Moon\n|-end|p1a: Roaring Moon|Protosynthesis|[silent]\n|move|p1b: Lurantis|Superpower|p2a: Ursaluna\n|-supereffective|p2a: Ursaluna\n|-damage|p2a: Ursaluna|11\/100\n|-boost|p1b: Lurantis|atk|1\n|-boost|p1b: Lurantis|def|1\n|\n|-weather|Snow|[upkeep]\n|upkeep\n|\n|t:|1700450419\n|switch|p1a: Farigiraf|Farigiraf, L50, F|100\/100\n|switch|p2b: Urshifu|Urshifu-Rapid-Strike, L50, F|100\/100\n|turn|4\n|\n|t:|1700450432\n|move|p2b: Urshifu|Close Combat|p1a: Farigiraf\n|-damage|p1a: Farigiraf|35\/100\n|-unboost|p2b: Urshifu|def|1\n|-unboost|p2b: Urshifu|spd|1\n|move|p2a: Ursaluna|Hyper Voice|p1a: Farigiraf|[spread] p1a,p1b\n|-damage|p1a: Farigiraf|0 fnt\n|-damage|p1b: Lurantis|0 fnt\n|faint|p1a: Farigiraf\n|faint|p1b: Lurantis\n|\n|-weather|Snow|[upkeep]\n|upkeep\n|\n|t:|1700450435\n|switch|p1b: Houndstone|Houndstone, L50, M|100\/100\n|turn|5\n|\n|t:|1700450449\n|move|p2b: Urshifu|Surging Strikes|p1b: Houndstone\n|-crit|p1b: Houndstone\n|-damage|p1b: Houndstone|87\/100\n|-crit|p1b: Houndstone\n|-damage|p1b: Houndstone|75\/100\n|-crit|p1b: Houndstone\n|-damage|p1b: Houndstone|64\/100\n|-hitcount|p1b: Houndstone|3\n|move|p1b: Houndstone|Play Rough|p2a: Ursaluna\n|-damage|p2a: Ursaluna|0 fnt\n|faint|p2a: Ursaluna\n|-damage|p1b: Houndstone|54\/100|[from] item: Life Orb\n|\n|-weather|none\n|-sideend|p2: reg56|move: Aurora Veil\n|upkeep\n|turn|6\n|\n|t:|1700450461\n|move|p2b: Urshifu|Surging Strikes|p1b: Houndstone\n|-crit|p1b: Houndstone\n|-damage|p1b: Houndstone|41\/100\n|-crit|p1b: Houndstone\n|-damage|p1b: Houndstone|28\/100\n|-crit|p1b: Houndstone\n|-damage|p1b: Houndstone|16\/100\n|-hitcount|p1b: Houndstone|3\n|move|p1b: Houndstone|Last Respects|p2b: Urshifu\n|-damage|p2b: Urshifu|0 fnt\n|faint|p2b: Urshifu\n|-damage|p1b: Houndstone|6\/100|[from] item: Life Orb\n|\n|win|PunkRockObstagoon\n|raw|PunkRockObstagoon's rating: 1442 &rarr; <strong>1468<\/strong><br \/>(+26 for winning)\n|raw|reg56's rating: 1544 &rarr; <strong>1518<\/strong><br \/>(-26 for losing)\n|l|\u2606reg56\n","uploadtime":1700450471,"views":7,"p1id":"punkrockobstagoon","p2id":"reg56","formatid":"gen9vgc2023regulatione","rating":1468,"private":0,"password":""}