{"id":"gen9vgc2023regulatione-1995936030","p1":"DamEdge","p2":"Anipok","format":"[Gen 9] VGC 2023 Regulation E","log":"|j|\u2606DamEdge\n|j|\u2606Anipok\n|n|\u2606DamEdge|damedge\n|n|\u2606Anipok|anipok\n|html|View the match progress at <a href=\"\/game-bestof3-gen9vgc2023regulatione-1995932525\">game-bestof3-gen9vgc2023regulatione-1995932525<\/a>\n|t:|1700619352\n|gametype|doubles\n|player|p1|DamEdge|rocketgrunt|\n|player|p2|Anipok|erika|\n|teamsize|p1|6\n|teamsize|p2|6\n|gen|9\n|tier|[Gen 9] VGC 2023 Regulation E\n|rule|Species Clause: Limit one of each Pok\u00e9mon\n|rule|Item Clause: Limit one of each item\n|clearpoke\n|poke|p1|Urshifu-*, L50, M|\n|poke|p1|Tornadus, L50, M|\n|poke|p1|Arcanine-Hisui, L50, M|\n|poke|p1|Dipplin, L50, F|\n|poke|p1|Hydreigon, L50, F|\n|poke|p1|Mienshao, L50, F|\n|poke|p2|Noctowl, L50, F|\n|poke|p2|Ninetales-Alola, L50, M|\n|poke|p2|Lurantis, L50, F|\n|poke|p2|Vaporeon, L50, F|\n|poke|p2|Cresselia, L50, F|\n|poke|p2|Volbeat, L50, M|\n|teampreview|4\n|c|\u2606DamEdge|kk. ill be back in 15\n|l|\u2606Anipok\n|player|p2|\n|j|\u2606Anipok\n|player|p2|Anipok|erika\n|l|\u2606Anipok\n|player|p2|\n|j|\u2606Anipok\n|player|p2|Anipok|erika\n|l|\u2606Anipok\n|player|p2|\n|j|\u2606Anipok\n|player|p2|Anipok|erika\n|c|\u2606Anipok|I'm back\n|c|\u2606Anipok|Lmk when you are too.\n|c|\u2606DamEdge|I am back\n|c|\u2606Anipok|K\n|\n|t:|1700619915\n|start\n|switch|p1a: Tornadus|Tornadus, L50, M|100\/100\n|switch|p1b: Urshifu|Urshifu-Rapid-Strike, L50, M|100\/100\n|switch|p2a: Volbeat|Volbeat, L50, M|100\/100\n|switch|p2b: Lurantis|Lurantis, L50, F, shiny|100\/100\n|turn|1\n|\n|t:|1700619965\n|move|p1b: Urshifu|Protect|p1b: Urshifu\n|-singleturn|p1b: Urshifu|Protect\n|move|p1a: Tornadus|Taunt|p2a: Volbeat\n|-start|p2a: Volbeat|move: Taunt\n|cant|p2a: Volbeat|move: Taunt|Tailwind\n|move|p2b: Lurantis|Sunny Day|p2b: Lurantis\n|-weather|SunnyDay\n|\n|-weather|SunnyDay|[upkeep]\n|upkeep\n|turn|2\n|\n|t:|1700620005\n|move|p1a: Tornadus|Bleakwind Storm|p2a: Volbeat|[spread] p2b\n|-miss|p1a: Tornadus|p2a: Volbeat\n|-supereffective|p2b: Lurantis\n|-damage|p2b: Lurantis|14\/100\n|move|p2a: Volbeat|Air Slash|p1b: Urshifu\n|-supereffective|p1b: Urshifu\n|-damage|p1b: Urshifu|67\/100\n|move|p1b: Urshifu|Close Combat|p2b: Lurantis\n|-damage|p2b: Lurantis|0 fnt\n|-unboost|p1b: Urshifu|def|1\n|-unboost|p1b: Urshifu|spd|1\n|faint|p2b: Lurantis\n|\n|-weather|SunnyDay|[upkeep]\n|upkeep\n|\n|t:|1700620021\n|switch|p2b: Noctowl|Noctowl, L50, F, shiny|100\/100\n|turn|3\n|\n|t:|1700620032\n|switch|p1b: Arcanine|Arcanine-Hisui, L50, M|100\/100\n|move|p1a: Tornadus|Bleakwind Storm|p2b: Noctowl|[spread] p2a,p2b\n|-supereffective|p2a: Volbeat\n|-enditem|p2a: Volbeat|Focus Sash\n|-damage|p2a: Volbeat|1\/100\n|-damage|p2b: Noctowl|71\/100\n|-unboost|p2a: Volbeat|spe|1\n|move|p2a: Volbeat|Air Slash|p1b: Arcanine\n|-resisted|p1b: Arcanine\n|-damage|p1b: Arcanine|96\/100\n|move|p2b: Noctowl|Nasty Plot|p2b: Noctowl\n|-boost|p2b: Noctowl|spa|2\n|\n|-weather|SunnyDay|[upkeep]\n|-heal|p2b: Noctowl|77\/100|[from] item: Leftovers\n|-end|p2a: Volbeat|move: Taunt\n|upkeep\n|turn|4\n|\n|t:|1700620059\n|-terastallize|p2b: Noctowl|Psychic\n|move|p1a: Tornadus|Taunt|p2a: Volbeat\n|-start|p2a: Volbeat|move: Taunt\n|cant|p2a: Volbeat|move: Taunt|Tailwind\n|move|p1b: Arcanine|Rock Slide|p2a: Volbeat|[spread] p2a\n|-miss|p1b: Arcanine|p2b: Noctowl\n|-supereffective|p2a: Volbeat\n|-damage|p2a: Volbeat|0 fnt\n|faint|p2a: Volbeat\n|move|p2b: Noctowl|Extrasensory|p1a: Tornadus\n|-damage|p1a: Tornadus|26\/100\n|\n|-weather|SunnyDay|[upkeep]\n|-heal|p2b: Noctowl|83\/100|[from] item: Leftovers\n|upkeep\n|\n|t:|1700620076\n|switch|p2a: Ninetales|Ninetales-Alola, L50, M|100\/100\n|-weather|Snow|[from] ability: Snow Warning|[of] p2a: Ninetales\n|turn|5\n|\n|t:|1700620103\n|move|p1a: Tornadus|Tailwind|p1a: Tornadus\n|-sidestart|p1: DamEdge|move: Tailwind\n|move|p1b: Arcanine|Rock Slide|p2b: Noctowl|[spread] p2a,p2b\n|-supereffective|p2a: Ninetales\n|-damage|p2a: Ninetales|44\/100\n|-damage|p2b: Noctowl|43\/100\n|move|p2a: Ninetales|Encore|p1a: Tornadus\n|-start|p1a: Tornadus|Encore\n|-enditem|p1a: Tornadus|Mental Herb\n|-end|p1a: Tornadus|Encore\n|move|p2b: Noctowl|Extrasensory|p1a: Tornadus\n|-damage|p1a: Tornadus|0 fnt\n|faint|p1a: Tornadus\n|\n|-weather|Snow|[upkeep]\n|-heal|p2b: Noctowl|49\/100|[from] item: Leftovers\n|upkeep\n|\n|t:|1700620115\n|switch|p1a: Urshifu|Urshifu-Rapid-Strike, L50, M|67\/100\n|turn|6\n|\n|t:|1700620124\n|move|p1a: Urshifu|Aqua Jet|p2b: Noctowl\n|-damage|p2b: Noctowl|15\/100\n|move|p1b: Arcanine|Flare Blitz|p2a: Ninetales\n|-supereffective|p2a: Ninetales\n|-damage|p2a: Ninetales|0 fnt\n|faint|p2a: Ninetales\n|-damage|p1b: Arcanine|86\/100|[from] Recoil\n|move|p2b: Noctowl|Roost|p2b: Noctowl\n|-heal|p2b: Noctowl|66\/100\n|\n|-weather|Snow|[upkeep]\n|-heal|p2b: Noctowl|72\/100|[from] item: Leftovers\n|upkeep\n|turn|7\n|\n|t:|1700620136\n|move|p1a: Urshifu|Aqua Jet|p2b: Noctowl\n|-damage|p2b: Noctowl|35\/100\n|move|p1b: Arcanine|Flare Blitz|p2b: Noctowl\n|-damage|p2b: Noctowl|0 fnt\n|faint|p2b: Noctowl\n|-damage|p1b: Arcanine|74\/100|[from] Recoil\n|\n|win|DamEdge\n|c|\u2606DamEdge|ggs!!\n|c|\u2606Anipok|ggs \ud83d\udc4d\ud83c\udffe\n|l|\u2606Anipok\n","uploadtime":1700620181,"views":1,"p1id":"damedge","p2id":"anipok","formatid":"gen9vgc2023regulatione","rating":0,"private":0,"password":""}