{"id":"gen9vgc2023regulatione-1989236080","p1":"JunetheOtter","p2":"necrozma1","format":"[Gen 9] VGC 2023 Regulation E","log":"|j|\u2606JunetheOtter\n|j|\u2606necrozma1\n|t:|1699826494\n|gametype|doubles\n|player|p1|JunetheOtter|will|1391\n|player|p2|necrozma1|101|1307\n|teamsize|p1|6\n|teamsize|p2|6\n|gen|9\n|tier|[Gen 9] VGC 2023 Regulation E\n|rated|\n|rule|Species Clause: Limit one of each Pok\u00e9mon\n|rule|Item Clause: Limit one of each item\n|clearpoke\n|poke|p1|Armarouge, L50, M|\n|poke|p1|Indeedee-F, L50, F|\n|poke|p1|Ursaluna-Bloodmoon, L50, M|\n|poke|p1|Iron Hands, L50|\n|poke|p1|Torkoal, L50, M|\n|poke|p1|Dusclops, L50, M|\n|poke|p2|Fezandipiti, L50, M|\n|poke|p2|Tyranitar, L50, M|\n|poke|p2|Houndstone, L50, F|\n|poke|p2|Gyarados, L50, F|\n|poke|p2|Ogerpon, L50, F|\n|poke|p2|Cresselia, L50, F|\n|teampreview|4\n|inactive|Battle timer is ON: inactive players will automatically lose when time's up. (requested by necrozma1)\nnecrozma1 has agreed to open team sheets.\n|inactive|JunetheOtter has 60 seconds left.\n|\n|t:|1699826539\n|start\n|switch|p1a: Dusclops|Dusclops, L50, M|100\/100\n|switch|p1b: Iron Hands|Iron Hands, L50|100\/100\n|switch|p2a: Houndstone|Houndstone, L50, F|100\/100\n|switch|p2b: Tyranitar|Tyranitar, L50, M|100\/100\n|-weather|Sandstorm|[from] ability: Sand Stream|[of] p2b: Tyranitar\n|-item|p2a: Houndstone|Spell Tag|[from] ability: Frisk|[of] p1a: Dusclops|[identify]\n|-item|p2b: Tyranitar|Assault Vest|[from] ability: Frisk|[of] p1a: Dusclops|[identify]\n|turn|1\n|\n|t:|1699826559\n|switch|p2b: Gyarados|Gyarados, L50, F|100\/100\n|-ability|p2b: Gyarados|Intimidate|boost\n|-unboost|p1a: Dusclops|atk|1\n|-unboost|p1b: Iron Hands|atk|1\n|move|p1b: Iron Hands|Fake Out|p2b: Gyarados\n|-damage|p2b: Gyarados|89\/100\n|move|p2a: Houndstone|Will-O-Wisp|p1b: Iron Hands\n|-status|p1b: Iron Hands|brn\n|move|p1a: Dusclops|Trick Room|p1a: Dusclops\n|-fieldstart|move: Trick Room|[of] p1a: Dusclops\n|\n|-weather|Sandstorm|[upkeep]\n|-damage|p1a: Dusclops|94\/100|[from] Sandstorm\n|-damage|p1b: Iron Hands|94\/100 brn|[from] Sandstorm\n|-damage|p2b: Gyarados|83\/100|[from] Sandstorm\n|-heal|p2b: Gyarados|89\/100|[from] item: Leftovers\n|-damage|p1b: Iron Hands|88\/100 brn|[from] brn\n|upkeep\n|turn|2\n|\n|t:|1699826580\n|switch|p2b: Ogerpon|Ogerpon, L50, F|100\/100\n|move|p1a: Dusclops|Will-O-Wisp|p2b: Ogerpon\n|-status|p2b: Ogerpon|brn\n|move|p1b: Iron Hands|Volt Switch|p2b: Ogerpon\n|-resisted|p2b: Ogerpon\n|-damage|p2b: Ogerpon|94\/100 brn\n|\n|t:|1699826589\n|-end|p1b: Iron Hands|Quark Drive|[silent]\n|switch|p1b: Torkoal|Torkoal, L50, M|100\/100|[from] Volt Switch\n|-weather|SunnyDay|[from] ability: Drought|[of] p1b: Torkoal\n|move|p2a: Houndstone|Howl|p2a: Houndstone|[spread] p2a,p2b\n|-boost|p2a: Houndstone|atk|1\n|-boost|p2b: Ogerpon|atk|1\n|\n|-weather|SunnyDay|[upkeep]\n|-damage|p2b: Ogerpon|88\/100 brn|[from] brn\n|upkeep\n|turn|3\n|\n|t:|1699826610\n|switch|p2b: Tyranitar|Tyranitar, L50, M|100\/100\n|-weather|Sandstorm|[from] ability: Sand Stream|[of] p2b: Tyranitar\n|move|p2a: Houndstone|Protect|p2a: Houndstone\n|-singleturn|p2a: Houndstone|Protect\n|move|p1b: Torkoal|Eruption|p2b: Tyranitar|[spread] p2b\n|-activate|p2a: Houndstone|move: Protect\n|-resisted|p2b: Tyranitar\n|-damage|p2b: Tyranitar|90\/100\n|move|p1a: Dusclops|Will-O-Wisp|p2a: Houndstone\n|-activate|p2a: Houndstone|move: Protect\n|\n|-weather|Sandstorm|[upkeep]\n|-damage|p1b: Torkoal|94\/100|[from] Sandstorm\n|-damage|p1a: Dusclops|88\/100|[from] Sandstorm\n|upkeep\n|turn|4\n|inactive|necrozma1 has 30 seconds left.\n|\n|t:|1699826636\n|switch|p2a: Gyarados|Gyarados, L50, F|89\/100\n|-ability|p2a: Gyarados|Intimidate|boost\n|-unboost|p1a: Dusclops|atk|1\n|-unboost|p1b: Torkoal|atk|1\n|move|p1b: Torkoal|Body Press|p2b: Tyranitar\n|-supereffective|p2b: Tyranitar\n|-damage|p2b: Tyranitar|6\/100\n|move|p1a: Dusclops|Will-O-Wisp|p2a: Gyarados\n|-status|p2a: Gyarados|brn\n|move|p2b: Tyranitar|Rock Slide|p1a: Dusclops|[spread] p1a,p1b\n|-supereffective|p1b: Torkoal\n|-damage|p1a: Dusclops|72\/100\n|-damage|p1b: Torkoal|46\/100\n|\n|-weather|Sandstorm|[upkeep]\n|-damage|p1b: Torkoal|39\/100|[from] Sandstorm\n|-damage|p1a: Dusclops|66\/100|[from] Sandstorm\n|-damage|p2a: Gyarados|83\/100 brn|[from] Sandstorm\n|-heal|p2a: Gyarados|89\/100 brn|[from] item: Leftovers\n|-damage|p2a: Gyarados|83\/100 brn|[from] brn\n|upkeep\n|turn|5\n|inactive|JunetheOtter has 30 seconds left.\n|inactive|JunetheOtter has 20 seconds left.\n|inactive|JunetheOtter has 15 seconds left.\n|\n|t:|1699826679\n|switch|p1b: Iron Hands|Iron Hands, L50|88\/100 brn\n|move|p1a: Dusclops|Night Shade|p2b: Tyranitar\n|-damage|p2b: Tyranitar|0 fnt\n|faint|p2b: Tyranitar\n|move|p2a: Gyarados|Dragon Dance|p2a: Gyarados\n|-boost|p2a: Gyarados|atk|1\n|-boost|p2a: Gyarados|spe|1\n|\n|-weather|Sandstorm|[upkeep]\n|-damage|p1a: Dusclops|60\/100|[from] Sandstorm\n|-damage|p1b: Iron Hands|82\/100 brn|[from] Sandstorm\n|-damage|p2a: Gyarados|77\/100 brn|[from] Sandstorm\n|-heal|p2a: Gyarados|83\/100 brn|[from] item: Leftovers\n|-damage|p1b: Iron Hands|76\/100 brn|[from] brn\n|-damage|p2a: Gyarados|77\/100 brn|[from] brn\n|-fieldend|move: Trick Room\n|upkeep\n|\n|t:|1699826687\n|switch|p2b: Houndstone|Houndstone, L50, F|100\/100\n|turn|6\n|\n|t:|1699826700\n|-terastallize|p1a: Dusclops|Dark\n|move|p1b: Iron Hands|Fake Out|p2a: Gyarados\n|-damage|p2a: Gyarados|69\/100 brn\n|move|p2b: Houndstone|Last Respects|p1a: Dusclops\n|-resisted|p1a: Dusclops\n|-damage|p1a: Dusclops|47\/100\n|cant|p2a: Gyarados|flinch\n|move|p1a: Dusclops|Trick Room|p1a: Dusclops\n|-fieldstart|move: Trick Room|[of] p1a: Dusclops\n|\n|-weather|Sandstorm|[upkeep]\n|-damage|p1a: Dusclops|41\/100|[from] Sandstorm\n|-damage|p1b: Iron Hands|70\/100 brn|[from] Sandstorm\n|-damage|p2a: Gyarados|63\/100 brn|[from] Sandstorm\n|-heal|p2a: Gyarados|69\/100 brn|[from] item: Leftovers\n|-damage|p1b: Iron Hands|64\/100 brn|[from] brn\n|-damage|p2a: Gyarados|63\/100 brn|[from] brn\n|upkeep\n|turn|7\n|\n|t:|1699826716\n|move|p2a: Gyarados|Protect|p2a: Gyarados\n|-singleturn|p2a: Gyarados|Protect\n|move|p2b: Houndstone|Protect|p2b: Houndstone\n|-singleturn|p2b: Houndstone|Protect\n|move|p1a: Dusclops|Pain Split|p2b: Houndstone\n|-activate|p2b: Houndstone|move: Protect\n|move|p1b: Iron Hands|Volt Switch|p2a: Gyarados\n|-activate|p2a: Gyarados|move: Protect\n|\n|-weather|none\n|-heal|p2a: Gyarados|69\/100 brn|[from] item: Leftovers\n|-damage|p1b: Iron Hands|58\/100 brn|[from] brn\n|-damage|p2a: Gyarados|63\/100 brn|[from] brn\n|upkeep\n|turn|8\n|inactive|necrozma1 has 30 seconds left.\n|\n|t:|1699826747\n|switch|p2a: Ogerpon|Ogerpon, L50, F|88\/100 brn\n|-terastallize|p2b: Houndstone|Ghost\n|move|p1a: Dusclops|Pain Split|p2b: Houndstone\n|-sethp|p2b: Houndstone|67\/100|[from] move: Pain Split|[silent]\n|-sethp|p1a: Dusclops|81\/100|[from] move: Pain Split\n|move|p1b: Iron Hands|Volt Switch|p2a: Ogerpon\n|-resisted|p2a: Ogerpon\n|-damage|p2a: Ogerpon|83\/100 brn\n|\n|t:|1699826755\n|-end|p1b: Iron Hands|Quark Drive|[silent]\n|switch|p1b: Torkoal|Torkoal, L50, M|39\/100|[from] Volt Switch\n|-weather|SunnyDay|[from] ability: Drought|[of] p1b: Torkoal\n|move|p2b: Houndstone|Last Respects|p1b: Torkoal\n|-damage|p1b: Torkoal|0 fnt\n|faint|p1b: Torkoal\n|\n|-weather|SunnyDay|[upkeep]\n|-damage|p2a: Ogerpon|77\/100 brn|[from] brn\n|upkeep\n|\n|t:|1699826757\n|switch|p1b: Ursaluna|Ursaluna-Bloodmoon, L50, M|100\/100\n|turn|9\n|\n|t:|1699826772\n|move|p2b: Houndstone|Protect|p2b: Houndstone\n|-singleturn|p2b: Houndstone|Protect\n|move|p2a: Ogerpon|Spiky Shield|p2a: Ogerpon\n|-singleturn|p2a: Ogerpon|move: Protect\n|move|p1a: Dusclops|Will-O-Wisp|p2b: Houndstone\n|-activate|p2b: Houndstone|move: Protect\n|move|p1b: Ursaluna|Blood Moon|p2a: Ogerpon\n|-activate|p2a: Ogerpon|move: Protect\n|\n|-weather|SunnyDay|[upkeep]\n|-damage|p2a: Ogerpon|72\/100 brn|[from] brn\n|upkeep\n|turn|10\n|inactive|necrozma1 has 30 seconds left.\n|\n|t:|1699826803\n|move|p1a: Dusclops|Will-O-Wisp|p2b: Houndstone\n|-status|p2b: Houndstone|brn\n|move|p1b: Ursaluna|Hyper Voice|p2b: Houndstone|[spread] p2a,p2b\n|-damage|p2a: Ogerpon|17\/100 brn\n|-damage|p2b: Houndstone|13\/100 brn\n|-damage|p1b: Ursaluna|90\/100|[from] item: Life Orb\n|move|p2b: Houndstone|Howl|p2b: Houndstone|[spread] p2a,p2b\n|-boost|p2a: Ogerpon|atk|1\n|-boost|p2b: Houndstone|atk|1\n|move|p2a: Ogerpon|Ivy Cudgel|p1b: Ursaluna\n|-supereffective|p1b: Ursaluna\n|-damage|p1b: Ursaluna|33\/100\n|\n|-weather|SunnyDay|[upkeep]\n|-damage|p2b: Houndstone|7\/100 brn|[from] brn\n|-damage|p2a: Ogerpon|11\/100 brn|[from] brn\n|-fieldend|move: Trick Room\n|upkeep\n|turn|11\n|inactive|necrozma1 has 30 seconds left.\n|\n|t:|1699826834\n|move|p1b: Ursaluna|Protect|p1b: Ursaluna\n|-singleturn|p1b: Ursaluna|Protect\n|move|p2a: Ogerpon|Ivy Cudgel|p1a: Dusclops\n|-damage|p1a: Dusclops|63\/100\n|move|p2b: Houndstone|Last Respects|p1a: Dusclops\n|-resisted|p1a: Dusclops\n|-damage|p1a: Dusclops|49\/100\n|move|p1a: Dusclops|Trick Room|p1a: Dusclops\n|-fieldstart|move: Trick Room|[of] p1a: Dusclops\n|\n|-weather|SunnyDay|[upkeep]\n|-damage|p2b: Houndstone|0 fnt|[from] brn\n|faint|p2b: Houndstone\n|-damage|p2a: Ogerpon|5\/100 brn|[from] brn\n|upkeep\n|-message|necrozma1 forfeited.\n|\n|win|JunetheOtter\n|raw|JunetheOtter's rating: 1391 &rarr; <strong>1406<\/strong><br \/>(+15 for winning)\n|raw|necrozma1's rating: 1307 &rarr; <strong>1292<\/strong><br \/>(-15 for losing)\n|l|\u2606necrozma1\n|c|\u2606JunetheOtter|That\u2019s how you should\u2019ve use protect\n","uploadtime":1699826854,"views":12,"p1id":"junetheotter","p2id":"necrozma1","formatid":"gen9vgc2023regulatione","rating":1292,"private":0,"password":""}