{"id":"gen9vgc2023regulatione-1992157773","p1":"kojiminori1","p2":"previouslyunnamed","format":"[Gen 9] VGC 2023 Regulation E","log":"|j|\u2606kojiminori1\n|j|\u2606previouslyunnamed\n|t:|1700159810\n|gametype|doubles\n|player|p1|kojiminori1|170|1663\n|player|p2|previouslyunnamed|169|1708\n|teamsize|p1|6\n|teamsize|p2|6\n|gen|9\n|tier|[Gen 9] VGC 2023 Regulation E\n|rated|\n|rule|Species Clause: Limit one of each Pok\u00e9mon\n|rule|Item Clause: Limit one of each item\n|clearpoke\n|poke|p1|Ninetales-Alola, L50, F|\n|poke|p1|Iron Bundle, L50|\n|poke|p1|Baxcalibur, L50, F|\n|poke|p1|Ogerpon-Hearthflame, L50, F|\n|poke|p1|Rillaboom, L50, M|\n|poke|p1|Urshifu-*, L50, M|\n|poke|p2|Dondozo, L50, F|\n|poke|p2|Tatsugiri, L50, M|\n|poke|p2|Glimmora, L50, F|\n|poke|p2|Iron Hands, L50|\n|poke|p2|Ogerpon-Hearthflame, L50, F|\n|poke|p2|Ninetales-Alola, L50, F|\n|teampreview|4\n|inactive|Battle timer is ON: inactive players will automatically lose when time's up. (requested by previouslyunnamed)\n|inactive|kojiminori1 also wants the timer to be on.\n|inactive|kojiminori1 has 60 seconds left.\n|inactive|previouslyunnamed has 60 seconds left.\n|c|\u2606previouslyunnamed|gl\n|\n|t:|1700159855\n|start\n|switch|p1a: Ninetales|Ninetales-Alola, L50, F|100\/100\n|switch|p1b: Baxcalibur|Baxcalibur, L50, F|100\/100\n|switch|p2a: Glimmora|Glimmora, L50, F|100\/100\n|switch|p2b: Iron Hands|Iron Hands, L50|100\/100\n|-weather|Snow|[from] ability: Snow Warning|[of] p1a: Ninetales\n|turn|1\n|inactive|kojiminori1 has 30 seconds left.\n|\n|t:|1700159880\n|move|p2b: Iron Hands|Fake Out|p1a: Ninetales\n|-damage|p1a: Ninetales|84\/100\n|move|p1a: Ninetales|Aurora Veil|p1a: Ninetales\n|-sidestart|p1: kojiminori1|move: Aurora Veil\n|move|p2a: Glimmora|Power Gem|p1b: Baxcalibur\n|-supereffective|p1b: Baxcalibur\n|-damage|p1b: Baxcalibur|41\/100\n|move|p1b: Baxcalibur|Glaive Rush|p2a: Glimmora\n|-enditem|p2a: Glimmora|Focus Sash\n|-damage|p2a: Glimmora|1\/100\n|-singlemove|p1b: Baxcalibur|Glaive Rush|[silent]\n|-activate|p2a: Glimmora|ability: Toxic Debris\n|-sidestart|p1: kojiminori1|move: Toxic Spikes\n|-damage|p1b: Baxcalibur|31\/100|[from] item: Life Orb\n|\n|-weather|Snow|[upkeep]\n|upkeep\n|turn|2\n|inactive|kojiminori1 has 30 seconds left.\n|\n|t:|1700159909\n|move|p2a: Glimmora|Spiky Shield|p2a: Glimmora\n|-singleturn|p2a: Glimmora|move: Protect\n|move|p1a: Ninetales|Blizzard|p2b: Iron Hands|[spread] p2b\n|-activate|p2a: Glimmora|move: Protect\n|-damage|p2b: Iron Hands|85\/100\n|move|p1b: Baxcalibur|Glaive Rush|p2b: Iron Hands\n|-damage|p2b: Iron Hands|13\/100\n|-singlemove|p1b: Baxcalibur|Glaive Rush|[silent]\n|-damage|p1b: Baxcalibur|21\/100|[from] item: Life Orb\n|move|p2b: Iron Hands|Heavy Slam|p1a: Ninetales\n|-supereffective|p1a: Ninetales\n|-damage|p1a: Ninetales|0 fnt\n|faint|p1a: Ninetales\n|\n|-weather|Snow|[upkeep]\n|upkeep\n|inactive|kojiminori1 has 30 seconds left.\n|\n|t:|1700159937\n|switch|p1a: Iron Bundle|Iron Bundle, L50|100\/100\n|-status|p1a: Iron Bundle|psn\n|-enditem|p1a: Iron Bundle|Booster Energy\n|-activate|p1a: Iron Bundle|ability: Quark Drive|[fromitem]\n|-start|p1a: Iron Bundle|quarkdrivespe\n|turn|3\n|\n|t:|1700159948\n|move|p1a: Iron Bundle|Icy Wind|p2b: Iron Hands|[spread] p2a\n|-miss|p1a: Iron Bundle|p2b: Iron Hands\n|-damage|p2a: Glimmora|0 fnt\n|faint|p2a: Glimmora\n|move|p1b: Baxcalibur|Glaive Rush|p2b: Iron Hands\n|-damage|p2b: Iron Hands|0 fnt\n|-singlemove|p1b: Baxcalibur|Glaive Rush|[silent]\n|faint|p2b: Iron Hands\n|-end|p2b: Iron Hands|Quark Drive|[silent]\n|-damage|p1b: Baxcalibur|12\/100|[from] item: Life Orb\n|\n|-weather|Snow|[upkeep]\n|-damage|p1a: Iron Bundle|88\/100 psn|[from] psn\n|upkeep\n|\n|t:|1700159955\n|switch|p2a: Dondozo|Dondozo, L50, F, shiny|100\/100\n|switch|p2b: Tatsugiri|Tatsugiri, L50, M|100\/100\n|-activate|p2b: Tatsugiri|ability: Commander|[of] p2a: Dondozo\n|-boost|p2a: Dondozo|atk|2\n|-boost|p2a: Dondozo|spa|2\n|-boost|p2a: Dondozo|spe|2\n|-boost|p2a: Dondozo|def|2\n|-boost|p2a: Dondozo|spd|2\n|turn|4\n|\n|t:|1700159975\n|-terastallize|p2a: Dondozo|Fairy\n|move|p1b: Baxcalibur|Protect|p1b: Baxcalibur\n|-singleturn|p1b: Baxcalibur|Protect\n|move|p1a: Iron Bundle|Icy Wind|p2b: Tatsugiri|[spread] p2a\n|-miss|p1a: Iron Bundle|p2b: Tatsugiri\n|-damage|p2a: Dondozo|91\/100\n|-unboost|p2a: Dondozo|spe|1\n|move|p2a: Dondozo|Order Up|p1a: Iron Bundle\n|-damage|p1a: Iron Bundle|65\/100 psn\n|-boost|p2a: Dondozo|atk|1\n|\n|-weather|Snow|[upkeep]\n|-heal|p2a: Dondozo|97\/100|[from] item: Leftovers\n|-damage|p1a: Iron Bundle|52\/100 psn|[from] psn\n|upkeep\n|turn|5\n|inactive|kojiminori1 has 30 seconds left.\n|inactive|kojiminori1 has 20 seconds left.\n|\n|t:|1700160014\n|-terastallize|p1b: Baxcalibur|Ice\n|move|p1a: Iron Bundle|Blizzard|p2a: Dondozo|[spread] p2a\n|-miss|p1a: Iron Bundle|p2b: Tatsugiri\n|-damage|p2a: Dondozo|79\/100\n|move|p2a: Dondozo|Earthquake|p1a: Iron Bundle|[spread] p1a,p1b\n|-miss|p2a: Dondozo|p2b: Tatsugiri\n|-damage|p1a: Iron Bundle|26\/100 psn\n|-damage|p1b: Baxcalibur|0 fnt\n|faint|p1b: Baxcalibur\n|\n|-weather|none\n|-heal|p2a: Dondozo|85\/100|[from] item: Leftovers\n|-damage|p1a: Iron Bundle|13\/100 psn|[from] psn\n|-sideend|p1: kojiminori1|move: Aurora Veil\n|upkeep\n|j| Mut-antVGC\n|\n|t:|1700160030\n|switch|p1b: Urshifu|Urshifu, L50, M|100\/100\n|-status|p1b: Urshifu|psn\n|turn|6\n|\n|t:|1700160037\n|move|p1a: Iron Bundle|Icy Wind|p2a: Dondozo|[spread] p2a\n|-miss|p1a: Iron Bundle|p2b: Tatsugiri\n|-damage|p2a: Dondozo|76\/100\n|-unboost|p2a: Dondozo|spe|1\n|move|p1b: Urshifu|Wicked Blow|p2a: Dondozo\n|-resisted|p2a: Dondozo\n|-crit|p2a: Dondozo\n|-damage|p2a: Dondozo|52\/100\n|move|p2a: Dondozo|Earthquake|p1a: Iron Bundle|[spread] p1a,p1b\n|-miss|p2a: Dondozo|p2b: Tatsugiri\n|-damage|p1a: Iron Bundle|0 fnt\n|-damage|p1b: Urshifu|46\/100 psn\n|faint|p1a: Iron Bundle\n|-end|p1a: Iron Bundle|Quark Drive|[silent]\n|\n|-heal|p2a: Dondozo|58\/100|[from] item: Leftovers\n|-damage|p1b: Urshifu|34\/100 psn|[from] psn\n|upkeep\n|turn|7\n|\n|t:|1700160055\n|move|p1b: Urshifu|Wicked Blow|p2a: Dondozo\n|-resisted|p2a: Dondozo\n|-crit|p2a: Dondozo\n|-damage|p2a: Dondozo|36\/100\n|move|p2a: Dondozo|Order Up|p1b: Urshifu\n|-damage|p1b: Urshifu|0 fnt\n|faint|p1b: Urshifu\n|\n|win|previouslyunnamed\n|raw|kojiminori1's rating: 1663 &rarr; <strong>1646<\/strong><br \/>(-17 for losing)\n|raw|previouslyunnamed's rating: 1708 &rarr; <strong>1725<\/strong><br \/>(+17 for winning)\n","uploadtime":1700160063,"views":10,"p1id":"kojiminori1","p2id":"previouslyunnamed","formatid":"gen9vgc2023regulatione","rating":1646,"private":0,"password":""}