{"id":"gen9vgc2023regulatione-1987878226","p1":"Goldsaint5","p2":"Emirnent","format":"[Gen 9] VGC 2023 Regulation E","log":"|j|\u2606Goldsaint5\n|j|\u2606Emirnent\n|t:|1699645181\n|gametype|doubles\n|player|p1|Goldsaint5|wikstrom|\n|player|p2|Emirnent|265|\n|teamsize|p1|6\n|teamsize|p2|6\n|gen|9\n|tier|[Gen 9] VGC 2023 Regulation E\n|rated|Tournament battle\n|rule|Species Clause: Limit one of each Pok\u00e9mon\n|rule|Item Clause: Limit one of each item\n|clearpoke\n|poke|p1|Tornadus, L50, M|\n|poke|p1|Urshifu-*, L50, F|\n|poke|p1|Gholdengo, L50|\n|poke|p1|Ogerpon-Wellspring, L50, F|\n|poke|p1|Arcanine-Hisui, L50, M|\n|poke|p1|Enamorus, L50, F|\n|poke|p2|Coalossal, L50, F|\n|poke|p2|Empoleon, L50, M|\n|poke|p2|Rillaboom, L50, F|\n|poke|p2|Chien-Pao, L50|\n|poke|p2|Dragonite, L50, F|\n|poke|p2|Flutter Mane, L50|\n|teampreview|4\n|showteam|p1|Tornadus||CovertCloak|Prankster|Tailwind,Taunt,IcyWind,BleakwindStorm|||M|||50|,,,,,Flying]Urshifu-Rapid-Strike||ChoiceScarf|UnseenFist|SurgingStrikes,CloseCombat,IceSpinner,Uturn|||F|||50|,,,,,Water]Gholdengo||ChoiceSpecs|GoodasGold|MakeItRain,ShadowBall,Thunderbolt,DazzlingGleam||||||50|,,,,,Steel]Ogerpon-Wellspring||WellspringMask|WaterAbsorb|IvyCudgel,FollowMe,SpikyShield,HornLeech|||F|||50|,,,,,Water]Arcanine-Hisui||ChoiceBand|Intimidate|FlareBlitz,ExtremeSpeed,RockSlide,TeraBlast|||M|||50|,,,,,Fairy]Enamorus||AssaultVest|Contrary|PlayRough,Superpower,IronHead,TeraBlast|||F|||50|,,,,,Fire\n|showteam|p2|Coalossal||WeaknessPolicy|SteamEngine|Protect,RockSlide,FlareBlitz,TeraBlast|||F|||50|,,,,,Grass]Empoleon||AssaultVest|Competitive|HydroPump,FlashCannon,IceBeam,AquaJet|||M|||50|,,,,,Dragon]Rillaboom||MeadowPlate|GrassySurge|Protect,WoodHammer,GrassyGlide,FakeOut|||F|||50|,,,,,Grass]Chien-Pao||FocusSash|SwordofRuin|Protect,IcicleCrash,SuckerPunch,SacredSword||||||50|,,,,,Ghost]Dragonite||ChoiceBand|InnerFocus|ExtremeSpeed,Outrage,AerialAce,AquaJet|||F|||50|,,,,,Normal]Flutter Mane||ChoiceSpecs|Protosynthesis|Moonblast,ShadowBall,DazzlingGleam,MysticalFire||||||50|,,,,,Fairy\n|inactive|Battle timer is ON: inactive players will automatically lose when time's up. (requested by Emirnent)\n|inactive|Goldsaint5 has 60 seconds left.\n|inactive|Emirnent has 60 seconds left.\n|c|\u2606Goldsaint5|gl hf\n|c|\u2606Emirnent|u2\n|\n|t:|1699645244\n|start\n|switch|p1a: Ogerpon|Ogerpon-Wellspring, L50, F|100\/100\n|switch|p1b: Gholdengo|Gholdengo, L50|100\/100\n|switch|p2a: Coalossal|Coalossal, L50, F|100\/100\n|switch|p2b: Empoleon|Empoleon, L50, M|100\/100\n|turn|1\n|inactive|Goldsaint5 has 30 seconds left.\n|inactive|Emirnent has 30 seconds left.\n|\n|t:|1699645274\n|switch|p2b: Rillaboom|Rillaboom, L50, F|100\/100\n|-fieldstart|move: Grassy Terrain|[from] ability: Grassy Surge|[of] p2b: Rillaboom\n|move|p2a: Coalossal|Protect|p2a: Coalossal\n|-singleturn|p2a: Coalossal|Protect\n|move|p1a: Ogerpon|Follow Me|p1a: Ogerpon\n|-singleturn|p1a: Ogerpon|move: Follow Me\n|move|p1b: Gholdengo|Shadow Ball|p2a: Coalossal\n|-activate|p2a: Coalossal|move: Protect\n|\n|upkeep\n|turn|2\n|j| MattC (Banned)\n|inactive|Goldsaint5 has 30 seconds left.\n|inactive|Goldsaint5 has 20 seconds left.\n|\n|t:|1699645310\n|switch|p1b: Arcanine|Arcanine-Hisui, L50, M|100\/100\n|-ability|p1b: Arcanine|Intimidate|boost\n|-unboost|p2a: Coalossal|atk|1\n|-unboost|p2b: Rillaboom|atk|1\n|move|p1a: Ogerpon|Spiky Shield|p1a: Ogerpon\n|-singleturn|p1a: Ogerpon|move: Protect\n|move|p2b: Rillaboom|Fake Out|p1a: Ogerpon\n|-activate|p1a: Ogerpon|move: Protect\n|-damage|p2b: Rillaboom|88\/100|[from] Spiky Shield|[of] p1a: Ogerpon\n|move|p2a: Coalossal|Flare Blitz|p1b: Arcanine\n|-resisted|p1b: Arcanine\n|-damage|p1b: Arcanine|89\/100\n|-damage|p2a: Coalossal|97\/100|[from] Recoil\n|\n|-heal|p1b: Arcanine|95\/100|[from] Grassy Terrain\n|-heal|p2b: Rillaboom|94\/100|[from] Grassy Terrain\n|-heal|p2a: Coalossal|100\/100|[from] Grassy Terrain\n|upkeep\n|turn|3\n|\n|t:|1699645334\n|switch|p2a: Empoleon|Empoleon, L50, M|100\/100\n|move|p2b: Rillaboom|Protect|p2b: Rillaboom\n|-singleturn|p2b: Rillaboom|Protect\n|move|p1a: Ogerpon|Ivy Cudgel|p2b: Rillaboom\n|-activate|p2b: Rillaboom|move: Protect\n|move|p1b: Arcanine|Flare Blitz|p2b: Rillaboom\n|-activate|p2b: Rillaboom|move: Protect\n|\n|-heal|p1b: Arcanine|100\/100|[from] Grassy Terrain\n|-heal|p2b: Rillaboom|99\/100|[from] Grassy Terrain\n|upkeep\n|turn|4\n|inactive|Goldsaint5 has 30 seconds left.\n|inactive|Emirnent has 30 seconds left.\n|inactive|Goldsaint5 has 20 seconds left.\n|inactive|Goldsaint5 has 15 seconds left.\n|\n|t:|1699645376\n|switch|p1b: Gholdengo|Gholdengo, L50|100\/100\n|switch|p2b: Coalossal|Coalossal, L50, F|100\/100\n|move|p1a: Ogerpon|Spiky Shield|p1a: Ogerpon\n|-singleturn|p1a: Ogerpon|move: Protect\n|move|p2a: Empoleon|Hydro Pump|p1b: Gholdengo\n|-damage|p1b: Gholdengo|45\/100\n|\n|-heal|p1b: Gholdengo|51\/100|[from] Grassy Terrain\n|upkeep\n|turn|5\n|inactive|Emirnent has 30 seconds left.\n|\n|t:|1699645402\n|move|p1a: Ogerpon|Horn Leech|p2a: Empoleon\n|-damage|p2a: Empoleon|41\/100\n|move|p1b: Gholdengo|Shadow Ball|p2a: Empoleon\n|-damage|p2a: Empoleon|2\/100\n|-unboost|p2a: Empoleon|spd|1\n|-ability|p2a: Empoleon|Competitive|boost\n|-boost|p2a: Empoleon|spa|2\n|move|p2a: Empoleon|Ice Beam|p1a: Ogerpon\n|-damage|p1a: Ogerpon|31\/100\n|move|p2b: Coalossal|Flare Blitz|p1b: Gholdengo\n|-supereffective|p1b: Gholdengo\n|-damage|p1b: Gholdengo|0 fnt\n|faint|p1b: Gholdengo\n|-damage|p2b: Coalossal|85\/100|[from] Recoil\n|\n|-heal|p1a: Ogerpon|37\/100|[from] Grassy Terrain\n|-heal|p2a: Empoleon|7\/100|[from] Grassy Terrain\n|-heal|p2b: Coalossal|90\/100|[from] Grassy Terrain\n|-fieldend|move: Grassy Terrain\n|upkeep\n|j| bolokya\n|j| Plopy14\n|inactive|Goldsaint5 has 30 seconds left.\n|\n|t:|1699645433\n|switch|p1b: Urshifu|Urshifu-Rapid-Strike, L50, F|100\/100\n|turn|6\n|\n|t:|1699645448\n|-terastallize|p2b: Coalossal|Grass\n|move|p1a: Ogerpon|Follow Me|p1a: Ogerpon\n|-singleturn|p1a: Ogerpon|move: Follow Me\n|move|p2a: Empoleon|Aqua Jet|p1a: Ogerpon\n|-heal|p1a: Ogerpon|61\/100|[from] ability: Water Absorb|[of] p2a: Empoleon\n|move|p1b: Urshifu|U-turn|p2a: Empoleon\n|-resisted|p2a: Empoleon\n|-damage|p2a: Empoleon|0 fnt\n|faint|p2a: Empoleon\n|inactive|Goldsaint5 has 30 seconds left.\n|\n|t:|1699645477\n|switch|p1b: Arcanine|Arcanine-Hisui, L50, M|100\/100|[from] U-turn\n|-ability|p1b: Arcanine|Intimidate|boost\n|-unboost|p2b: Coalossal|atk|1\n|move|p2b: Coalossal|Flare Blitz|p1a: Ogerpon\n|-damage|p1a: Ogerpon|20\/100\n|-damage|p2b: Coalossal|79\/100|[from] Recoil\n|\n|upkeep\n|\n|t:|1699645482\n|switch|p2a: Rillaboom|Rillaboom, L50, F|99\/100\n|-fieldstart|move: Grassy Terrain|[from] ability: Grassy Surge|[of] p2a: Rillaboom\n|turn|7\n|\n|t:|1699645490\n|switch|p1b: Urshifu|Urshifu-Rapid-Strike, L50, F|100\/100\n|move|p1a: Ogerpon|Spiky Shield|p1a: Ogerpon\n|-singleturn|p1a: Ogerpon|move: Protect\n|move|p2a: Rillaboom|Fake Out|p1b: Urshifu\n|-damage|p1b: Urshifu|86\/100\n|move|p2b: Coalossal|Rock Slide|p1b: Urshifu|[spread] p1b\n|-activate|p1a: Ogerpon|move: Protect\n|-resisted|p1b: Urshifu\n|-damage|p1b: Urshifu|78\/100\n|\n|-heal|p1b: Urshifu|84\/100|[from] Grassy Terrain\n|-heal|p1a: Ogerpon|26\/100|[from] Grassy Terrain\n|-heal|p2a: Rillaboom|100\/100|[from] Grassy Terrain\n|-heal|p2b: Coalossal|85\/100|[from] Grassy Terrain\n|upkeep\n|turn|8\n|\n|t:|1699645510\n|switch|p1a: Arcanine|Arcanine-Hisui, L50, M|100\/100\n|-ability|p1a: Arcanine|Intimidate|boost\n|-unboost|p2a: Rillaboom|atk|1\n|-unboost|p2b: Coalossal|atk|1\n|move|p2a: Rillaboom|Grassy Glide|p1a: Arcanine\n|-damage|p1a: Arcanine|61\/100\n|move|p1b: Urshifu|U-turn|p2a: Rillaboom\n|-supereffective|p2a: Rillaboom\n|-damage|p2a: Rillaboom|51\/100\n|\n|t:|1699645521\n|switch|p1b: Ogerpon|Ogerpon-Wellspring, L50, F|26\/100|[from] U-turn\n|move|p2b: Coalossal|Tera Blast|p1b: Ogerpon|[anim] Tera Blast Grass\n|-damage|p1b: Ogerpon|0 fnt\n|faint|p1b: Ogerpon\n|\n|-heal|p1a: Arcanine|67\/100|[from] Grassy Terrain\n|-heal|p2a: Rillaboom|57\/100|[from] Grassy Terrain\n|-heal|p2b: Coalossal|91\/100|[from] Grassy Terrain\n|upkeep\n|\n|t:|1699645530\n|switch|p1b: Urshifu|Urshifu-Rapid-Strike, L50, F|84\/100\n|turn|9\n|\n|t:|1699645554\n|switch|p2b: Chien-Pao|Chien-Pao, L50|100\/100\n|-ability|p2b: Chien-Pao|Sword of Ruin\n|move|p2a: Rillaboom|Grassy Glide|p1b: Urshifu\n|-supereffective|p1b: Urshifu\n|-damage|p1b: Urshifu|6\/100\n|move|p1b: Urshifu|Ice Spinner|p2b: Chien-Pao\n|-resisted|p2b: Chien-Pao\n|-damage|p2b: Chien-Pao|82\/100\n|-fieldend|move: Grassy Terrain\n|move|p1a: Arcanine|Flare Blitz|p2a: Rillaboom\n|-supereffective|p2a: Rillaboom\n|-damage|p2a: Rillaboom|0 fnt\n|faint|p2a: Rillaboom\n|-damage|p1a: Arcanine|44\/100|[from] Recoil\n|\n|upkeep\n|\n|t:|1699645565\n|switch|p2a: Coalossal|Coalossal, L50, F, tera:Grass|91\/100\n|turn|10\n|j| vight\n|inactive|Goldsaint5 has 30 seconds left.\n|inactive|Goldsaint5 has 20 seconds left.\n|\n|t:|1699645604\n|move|p2b: Chien-Pao|Sucker Punch|p1b: Urshifu\n|-resisted|p1b: Urshifu\n|-damage|p1b: Urshifu|0 fnt\n|faint|p1b: Urshifu\n|move|p1a: Arcanine|Flare Blitz|p2b: Chien-Pao\n|-supereffective|p2b: Chien-Pao\n|-damage|p2b: Chien-Pao|0 fnt\n|faint|p2b: Chien-Pao\n|-damage|p1a: Arcanine|20\/100|[from] Recoil\n|move|p2a: Coalossal|Rock Slide|p1a: Arcanine\n|-supereffective|p1a: Arcanine\n|-crit|p1a: Arcanine\n|-damage|p1a: Arcanine|0 fnt\n|faint|p1a: Arcanine\n|\n|win|Emirnent\n|n|\u2606Goldsaint5|goldsaint5\n|n|\u2606Emirnent|emirnent\n|n| MattC (Banned)|mattcbanned\n|n| bolokya|bolokya\n|n| Plopy14|plopy14\n|n| vight|vight\n","uploadtime":1699645605,"views":21,"p1id":"goldsaint5","p2id":"emirnent","formatid":"gen9vgc2023regulatione","rating":0,"private":0,"password":""}