{"id":"gen9vgc2023regulatione-1994330780","p1":"CrystalDialga","p2":"Osprey11","format":"[Gen 9] VGC 2023 Regulation E","log":"|j|\u2606CrystalDialga\n|j|\u2606Osprey11\n|n|\u2606CrystalDialga|crystaldialga\n|n|\u2606Osprey11|osprey11\n|html|View the match progress at <a href=\"\/game-bestof3-gen9vgc2023regulatione-1994326057\">game-bestof3-gen9vgc2023regulatione-1994326057<\/a>\n|t:|1700431872\n|gametype|doubles\n|player|p1|CrystalDialga|larry|\n|player|p2|Osprey11|101|\n|teamsize|p1|6\n|teamsize|p2|6\n|gen|9\n|tier|[Gen 9] VGC 2023 Regulation E\n|rule|Species Clause: Limit one of each Pok\u00e9mon\n|rule|Item Clause: Limit one of each item\n|clearpoke\n|poke|p1|Dragapult, L50, M|\n|poke|p1|Chien-Pao, L50|\n|poke|p1|Ting-Lu, L50|\n|poke|p1|Rillaboom, L50, M|\n|poke|p1|Dondozo, L50, M|\n|poke|p1|Amoonguss, L50, M|\n|poke|p2|Moltres-Galar, L50|\n|poke|p2|Sinistcha, L50|\n|poke|p2|Iron Hands, L50|\n|poke|p2|Ogerpon-Wellspring, L50, F|\n|poke|p2|Arcanine-Hisui, L50, M|\n|poke|p2|Tornadus, L50, M|\n|teampreview|4\nCrystalDialga has agreed to open team sheets.\nOsprey11 has agreed to open team sheets.\n|showteam|p1|Dragapult||ChoiceBand|ClearBody|DragonDarts,PhantomForce,TeraBlast,Uturn|||M|||50|,,,,,Ghost]Chien-Pao||FocusSash|SwordofRuin|Protect,SuckerPunch,IcicleCrash,SacredSword||||||50|,,,,,Ghost]Ting-Lu||AssaultVest|VesselofRuin|Fissure,StompingTantrum,Ruination,HeavySlam||||||50|,,,,,Poison]Rillaboom||GrassySeed|GrassySurge|FakeOut,GrassyGlide,WoodHammer,Uturn|||M|||50|,,,,,Fire]Dondozo||Leftovers|Oblivious|Yawn,OrderUp,WaveCrash,HeavySlam|||M|||50|,,,,,Dragon]Amoonguss||RockyHelmet|Regenerator|Spore,RagePowder,PollenPuff,ClearSmog|||M|||50|,,,,,Dragon\n|showteam|p2|Moltres-Galar||Leftovers|Berserk|NastyPlot,Protect,FieryWrath,AirSlash||||||50|,,,,,Poison]Sinistcha||MentalHerb|Hospitality|TrickRoom,LifeDew,RagePowder,StrengthSap||||||50|,,,,,Water]Iron Hands||AssaultVest|QuarkDrive|FakeOut,WildCharge,DrainPunch,HeavySlam||||||50|,,,,,Fire]Ogerpon-Wellspring||WellspringMask|WaterAbsorb|SpikyShield,IvyCudgel,HornLeech,FollowMe|||F|||50|,,,,,Water]Arcanine-Hisui||SitrusBerry|Intimidate|FlareBlitz,WillOWisp,Snarl,RockSlide|||M|||50|,,,,,Grass]Tornadus||CovertCloak|Prankster|Tailwind,RainDance,BleakwindStorm,IcyWind|||M|||50|,,,,,Dark\n|\n|t:|1700431915\n|start\n|switch|p1a: pookie bear|Dragapult, L50, M|100\/100\n|switch|p1b: Dude from Ice Age|Chien-Pao, L50|100\/100\n|switch|p2a: Iron Hands|Iron Hands, L50|100\/100\n|switch|p2b: Moltres|Moltres-Galar, L50|100\/100\n|-ability|p1b: Dude from Ice Age|Sword of Ruin\n|turn|1\n|j| Van. Volcanucks\n|\n|t:|1700431936\n|-terastallize|p1b: Dude from Ice Age|Ghost\n|-terastallize|p2b: Moltres|Poison\n|move|p2a: Iron Hands|Fake Out|p1b: Dude from Ice Age\n|-immune|p1b: Dude from Ice Age\n|move|p1a: pookie bear|Dragon Darts|p2b: Moltres\n|-damage|p2b: Moltres|59\/100\n|-anim|p1a: pookie bear|Dragon Darts|p2a: Iron Hands\n|-damage|p2a: Iron Hands|63\/100\n|move|p1b: Dude from Ice Age|Icicle Crash|p2b: Moltres\n|-damage|p2b: Moltres|10\/100\n|-ability|p2b: Moltres|Berserk|boost\n|-boost|p2b: Moltres|spa|1\n|move|p2b: Moltres|Nasty Plot|p2b: Moltres\n|-boost|p2b: Moltres|spa|2\n|\n|-heal|p2b: Moltres|16\/100|[from] item: Leftovers\n|upkeep\n|turn|2\n|\n|t:|1700431966\n|-end|p2a: Iron Hands|Quark Drive|[silent]\n|switch|p2a: Sinistcha|Sinistcha, L50|100\/100\n|-heal|p2b: Moltres|41\/100|[from] ability: Hospitality|[of] p2a: Sinistcha\n|move|p2b: Moltres|Protect|p2b: Moltres\n|-singleturn|p2b: Moltres|Protect\n|move|p1a: pookie bear|Dragon Darts|p2a: Sinistcha\n|-damage|p2a: Sinistcha|53\/100\n|-anim|p1a: pookie bear|Dragon Darts|p2a: Sinistcha\n|-damage|p2a: Sinistcha|8\/100\n|move|p1b: Dude from Ice Age|Icicle Crash|p2b: Moltres\n|-activate|p2b: Moltres|move: Protect\n|\n|-heal|p2b: Moltres|47\/100|[from] item: Leftovers\n|upkeep\n|turn|3\n|\n|t:|1700431993\n|switch|p2a: Arcanine|Arcanine-Hisui, L50, M|100\/100\n|-ability|p2a: Arcanine|Intimidate|boost\n|-fail|p1a: pookie bear|unboost|[from] ability: Clear Body|[of] p1a: pookie bear\n|-unboost|p1b: Dude from Ice Age|atk|1\n|move|p1a: pookie bear|Dragon Darts|p2a: Arcanine\n|-damage|p2a: Arcanine|61\/100\n|-anim|p1a: pookie bear|Dragon Darts|p2b: Moltres\n|-damage|p2b: Moltres|11\/100\n|move|p1b: Dude from Ice Age|Icicle Crash|p2b: Moltres\n|-damage|p2b: Moltres|0 fnt\n|faint|p2b: Moltres\n|\n|upkeep\n|\n|t:|1700432007\n|switch|p2b: Iron Hands|Iron Hands, L50|63\/100\n|turn|4\n|\n|t:|1700432037\n|move|p1a: pookie bear|Dragon Darts|p2a: Arcanine\n|-damage|p2a: Arcanine|18\/100\n|-enditem|p2a: Arcanine|Sitrus Berry|[eat]\n|-heal|p2a: Arcanine|43\/100|[from] item: Sitrus Berry\n|-anim|p1a: pookie bear|Dragon Darts|p2b: Iron Hands\n|-damage|p2b: Iron Hands|28\/100\n|move|p1b: Dude from Ice Age|Sacred Sword|p2a: Arcanine\n|-supereffective|p2a: Arcanine\n|-damage|p2a: Arcanine|0 fnt\n|faint|p2a: Arcanine\n|move|p2b: Iron Hands|Heavy Slam|p1b: Dude from Ice Age\n|-damage|p1b: Dude from Ice Age|68\/100\n|\n|upkeep\n|c|\u2606Osprey11|man that crit last game\n|c|\u2606Osprey11|kinda of brutal\n|c|\u2606Osprey11|gg\n|c|\u2606CrystalDialga|yeah that was unfortunate\n|\n|t:|1700432048\n|switch|p2a: Sinistcha|Sinistcha, L50|8\/100\n|-heal|p2b: Iron Hands|53\/100|[from] ability: Hospitality|[of] p2a: Sinistcha\n|turn|5\n|c|\u2606CrystalDialga|gg wp\n|\n|t:|1700432063\n|move|p1a: pookie bear|Dragon Darts|p2b: Iron Hands\n|-damage|p2b: Iron Hands|18\/100\n|-anim|p1a: pookie bear|Dragon Darts|p2a: Sinistcha\n|-damage|p2a: Sinistcha|0 fnt\n|faint|p2a: Sinistcha\n|move|p1b: Dude from Ice Age|Sacred Sword|p2b: Iron Hands\n|-damage|p2b: Iron Hands|0 fnt\n|faint|p2b: Iron Hands\n|-end|p2b: Iron Hands|Quark Drive|[silent]\n|\n|win|CrystalDialga\n|l| Van. Volcanucks\n","uploadtime":1700432077,"views":5,"p1id":"crystaldialga","p2id":"osprey11","formatid":"gen9vgc2023regulatione","rating":0,"private":0,"password":""}