{"id":"gen9vgc2023regulatione-1991233685","p1":"JayoticNL","p2":"FAMILIARCOL","format":"[Gen 9] VGC 2023 Regulation E","log":"|j|\u2606JayoticNL\n|j|\u2606FAMILIARCOL\n|t:|1700059737\n|gametype|doubles\n|player|p1|JayoticNL|169|1505\n|player|p2|FAMILIARCOL|pokemonranger-gen4|1577\n|teamsize|p1|6\n|teamsize|p2|6\n|gen|9\n|tier|[Gen 9] VGC 2023 Regulation E\n|rated|\n|rule|Species Clause: Limit one of each Pok\u00e9mon\n|rule|Item Clause: Limit one of each item\n|clearpoke\n|poke|p1|Wo-Chien, L50|\n|poke|p1|Glimmora, L50, F|\n|poke|p1|Thundurus, L50, M|\n|poke|p1|Arcanine, L50, F|\n|poke|p1|Gastrodon, L50, M|\n|poke|p1|Ogerpon-Wellspring, L50, F|\n|poke|p2|Urshifu-*, L50, M|\n|poke|p2|Flutter Mane, L50|\n|poke|p2|Chi-Yu, L50|\n|poke|p2|Dragonite, L50, M|\n|poke|p2|Tornadus, L50, M|\n|poke|p2|Sinistcha, L50|\n|teampreview|4\n|inactive|Battle timer is ON: inactive players will automatically lose when time's up. (requested by FAMILIARCOL)\nFAMILIARCOL has agreed to open team sheets.\n|inactive|JayoticNL has 60 seconds left.\n|\n|t:|1700059769\n|start\n|switch|p1a: Thundurus|Thundurus, L50, M|100\/100\n|switch|p1b: Ogerpon|Ogerpon-Wellspring, L50, F|100\/100\n|switch|p2a: Chi-Yu|Chi-Yu, L50|100\/100\n|switch|p2b: Tornadus|Tornadus, L50, M|100\/100\n|-ability|p2a: Chi-Yu|Beads of Ruin\n|turn|1\n|\n|t:|1700059785\n|-terastallize|p2a: Chi-Yu|Grass\n|-terastallize|p1b: Ogerpon|Water\n|detailschange|p1b: Ogerpon|Ogerpon-Wellspring-Tera, L50, F, tera:Water\n|-ability|p1b: Ogerpon|Embody Aspect (Wellspring)|boost\n|-boost|p1b: Ogerpon|spd|1\n|move|p2b: Tornadus|Tailwind|p2b: Tornadus\n|-sidestart|p2: FAMILIARCOL|move: Tailwind\n|move|p2a: Chi-Yu|Snarl|p1b: Ogerpon|[spread] p1a\n|-miss|p2a: Chi-Yu|p1b: Ogerpon\n|-damage|p1a: Thundurus|63\/100\n|move|p1a: Thundurus|Wildbolt Storm|p2b: Tornadus|[spread] p2b\n|-miss|p1a: Thundurus|p2a: Chi-Yu\n|-supereffective|p2b: Tornadus\n|-damage|p2b: Tornadus|2\/100\n|move|p1b: Ogerpon|Ivy Cudgel|p2a: Chi-Yu|[anim] Ivy Cudgel Water\n|-resisted|p2a: Chi-Yu\n|-damage|p2a: Chi-Yu|36\/100\n|-enditem|p2a: Chi-Yu|Sitrus Berry|[eat]\n|-heal|p2a: Chi-Yu|61\/100|[from] item: Sitrus Berry\n|\n|upkeep\n|turn|2\n|j| neusrel\n|inactive|FAMILIARCOL has 30 seconds left.\n|\n|t:|1700059820\n|move|p1a: Thundurus|Thunder Wave|p2a: Chi-Yu\n|-status|p2a: Chi-Yu|par\n|move|p2b: Tornadus|Bleakwind Storm|p1a: Thundurus|[spread] p1a,p1b\n|-resisted|p1a: Thundurus\n|-damage|p1a: Thundurus|39\/100\n|-damage|p1b: Ogerpon|74\/100\n|-unboost|p1b: Ogerpon|spe|1\n|move|p2a: Chi-Yu|Snarl|p1a: Thundurus|[spread] p1a,p1b\n|-damage|p1a: Thundurus|2\/100\n|-damage|p1b: Ogerpon|55\/100\n|-unboost|p1b: Ogerpon|spa|1\n|move|p1b: Ogerpon|Ivy Cudgel|p2a: Chi-Yu|[anim] Ivy Cudgel Water\n|-resisted|p2a: Chi-Yu\n|-damage|p2a: Chi-Yu|3\/100 par\n|\n|upkeep\n|turn|3\n|inactive|JayoticNL has 30 seconds left.\n|\n|t:|1700059848\n|move|p1a: Thundurus|Eerie Impulse|p2b: Tornadus\n|-unboost|p2b: Tornadus|spa|2\n|move|p2b: Tornadus|Bleakwind Storm|p1b: Ogerpon|[spread] p1a,p1b\n|-resisted|p1a: Thundurus\n|-damage|p1a: Thundurus|0 fnt\n|-damage|p1b: Ogerpon|41\/100\n|-unboost|p1b: Ogerpon|spe|1\n|faint|p1a: Thundurus\n|cant|p2a: Chi-Yu|par\n|move|p1b: Ogerpon|Swords Dance|p1b: Ogerpon\n|-boost|p1b: Ogerpon|atk|2\n|\n|upkeep\n|\n|t:|1700059854\n|switch|p1a: Glimmora|Glimmora, L50, F|100\/100\n|turn|4\n|inactive|FAMILIARCOL has 30 seconds left.\n|\n|t:|1700059880\n|switch|p2b: Dragonite|Dragonite, L50, M, shiny|100\/100\n|move|p1b: Ogerpon|Spiky Shield|p1b: Ogerpon\n|-singleturn|p1b: Ogerpon|move: Protect\n|move|p2a: Chi-Yu|Snarl|p1a: Glimmora|[spread] p1a\n|-activate|p1b: Ogerpon|move: Protect\n|-damage|p1a: Glimmora|75\/100\n|-unboost|p1a: Glimmora|spa|1\n|move|p1a: Glimmora|Mortal Spin|p2a: Chi-Yu|[spread] p2a,p2b\n|-supereffective|p2a: Chi-Yu\n|-damage|p2a: Chi-Yu|0 fnt\n|-damage|p2b: Dragonite|99\/100\n|-status|p2b: Dragonite|psn\n|-enditem|p2b: Dragonite|Lum Berry|[eat]\n|-curestatus|p2b: Dragonite|psn|[msg]\n|faint|p2a: Chi-Yu\n|\n|-sideend|p2: FAMILIARCOL|move: Tailwind\n|upkeep\n|\n|t:|1700059903\n|switch|p2a: Tornadus|Tornadus, L50, M|2\/100\n|turn|5\n|inactive|JayoticNL has 30 seconds left.\n|inactive|JayoticNL has 20 seconds left.\n|\n|t:|1700059943\n|move|p2a: Tornadus|Tailwind|p2a: Tornadus\n|-sidestart|p2: FAMILIARCOL|move: Tailwind\n|move|p2b: Dragonite|Dragon Dance|p2b: Dragonite\n|-boost|p2b: Dragonite|atk|1\n|-boost|p2b: Dragonite|spe|1\n|move|p1a: Glimmora|Mortal Spin|p2b: Dragonite|[spread] p2a,p2b\n|-damage|p2a: Tornadus|0 fnt\n|-damage|p2b: Dragonite|95\/100\n|-status|p2b: Dragonite|psn\n|faint|p2a: Tornadus\n|move|p1b: Ogerpon|Ivy Cudgel|p2b: Dragonite|[anim] Ivy Cudgel Water\n|-resisted|p2b: Dragonite\n|-damage|p2b: Dragonite|18\/100 psn\n|\n|-damage|p2b: Dragonite|6\/100 psn|[from] psn\n|upkeep\n|\n|t:|1700059958\n|switch|p2a: Flutter Mane|Flutter Mane, L50, shiny|100\/100\n|turn|6\n|\n|t:|1700059964\n|move|p1b: Ogerpon|Spiky Shield|p1b: Ogerpon\n|-singleturn|p1b: Ogerpon|move: Protect\n|move|p2a: Flutter Mane|Dazzling Gleam|p1b: Ogerpon|[spread] p1a\n|-activate|p1b: Ogerpon|move: Protect\n|-resisted|p1a: Glimmora\n|-crit|p1a: Glimmora\n|-damage|p1a: Glimmora|48\/100\n|move|p2b: Dragonite|Stomping Tantrum|p1a: Glimmora\n|-supereffective|p1a: Glimmora\n|-crit|p1a: Glimmora\n|-damage|p1a: Glimmora|0 fnt\n|-activate|p1a: Glimmora|ability: Toxic Debris\n|-sidestart|p2: FAMILIARCOL|move: Toxic Spikes\n|faint|p1a: Glimmora\n|\n|-damage|p2b: Dragonite|0 fnt|[from] psn\n|faint|p2b: Dragonite\n|upkeep\n|\n|t:|1700059973\n|switch|p1a: Arcanine|Arcanine, L50, F|100\/100\n|-ability|p1a: Arcanine|Intimidate|boost\n|-unboost|p2a: Flutter Mane|atk|1\n|turn|7\n|\n|t:|1700059984\n|move|p2a: Flutter Mane|Dazzling Gleam|p1b: Ogerpon|[spread] p1a,p1b\n|-resisted|p1a: Arcanine\n|-damage|p1a: Arcanine|76\/100\n|-damage|p1b: Ogerpon|5\/100\n|move|p1a: Arcanine|Flare Blitz|p2a: Flutter Mane\n|-damage|p2a: Flutter Mane|12\/100\n|-damage|p1a: Arcanine|56\/100|[from] Recoil\n|move|p1b: Ogerpon|Horn Leech|p2a: Flutter Mane\n|-damage|p2a: Flutter Mane|0 fnt\n|-heal|p1b: Ogerpon|10\/100|[from] drain|[of] p2a: Flutter Mane\n|faint|p2a: Flutter Mane\n|-end|p2a: Flutter Mane|Protosynthesis|[silent]\n|\n|win|JayoticNL\n|raw|JayoticNL's rating: 1505 &rarr; <strong>1529<\/strong><br \/>(+24 for winning)\n|raw|FAMILIARCOL's rating: 1577 &rarr; <strong>1553<\/strong><br \/>(-24 for losing)\n|l|\u2606FAMILIARCOL\n|l| neusrel\n","uploadtime":1700060140,"views":28,"p1id":"jayoticnl","p2id":"familiarcol","formatid":"gen9vgc2023regulatione","rating":1529,"private":0,"password":""}