{"id":"gen9vgc2023regulatione-1994572795","p1":"Keifth","p2":"PlumsEliteKnight","format":"[Gen 9] VGC 2023 Regulation E","log":"|j|\u2606Keifth\n|j|\u2606PlumsEliteKnight\n|t:|1700462146\n|gametype|doubles\n|player|p1|Keifth|169|1146\n|player|p2|PlumsEliteKnight|gladion-stance|1129\n|teamsize|p1|6\n|teamsize|p2|6\n|gen|9\n|tier|[Gen 9] VGC 2023 Regulation E\n|rated|\n|rule|Species Clause: Limit one of each Pok\u00e9mon\n|rule|Item Clause: Limit one of each item\n|clearpoke\n|poke|p1|Flutter Mane, L50|\n|poke|p1|Ogerpon-Wellspring, L50, F|\n|poke|p1|Tornadus, L50, M|\n|poke|p1|Iron Hands, L50|\n|poke|p1|Landorus-Therian, L50, M|\n|poke|p1|Arcanine-Hisui, L50, F|\n|poke|p2|Chien-Pao, L50|\n|poke|p2|Ogerpon-Hearthflame, L50, F|\n|poke|p2|Sinistcha, L50|\n|poke|p2|Flutter Mane, L50|\n|poke|p2|Urshifu-*, L50, M|\n|poke|p2|Iron Hands, L50|\n|teampreview|4\n|inactive|Battle timer is ON: inactive players will automatically lose when time's up. (requested by Keifth)\n|inactive|Keifth has 60 seconds left.\n|inactive|Keifth has 30 seconds left.\n|\n|t:|1700462209\n|start\n|switch|p1a: Tornadus|Tornadus, L50, M|100\/100\n|switch|p1b: Landorus|Landorus-Therian, L50, M|100\/100\n|switch|p2a: Flutter Mane|Flutter Mane, L50|100\/100\n|switch|p2b: Iron Hands|Iron Hands, L50|100\/100\n|-ability|p1b: Landorus|Intimidate|boost\n|-unboost|p2a: Flutter Mane|atk|1\n|-unboost|p2b: Iron Hands|atk|1\n|turn|1\n|inactive|Keifth has 30 seconds left.\n|inactive|PlumsEliteKnight has 30 seconds left.\n|inactive|Keifth has 20 seconds left.\n|inactive|Keifth has 15 seconds left.\n|inactive|Keifth has 10 seconds left.\n|\n|t:|1700462254\n|-terastallize|p1b: Landorus|Flying\n|move|p2b: Iron Hands|Fake Out|p1a: Tornadus\n|-damage|p1a: Tornadus|87\/100\n|move|p1a: Tornadus|Tailwind|p1a: Tornadus\n|-sidestart|p1: Keifth|move: Tailwind\n|move|p1b: Landorus|Tera Blast|p2b: Iron Hands|[anim] Tera Blast Flying\n|-damage|p2b: Iron Hands|50\/100\n|move|p2a: Flutter Mane|Icy Wind|p1b: Landorus|[spread] p1a\n|-miss|p2a: Flutter Mane|p1b: Landorus\n|-supereffective|p1a: Tornadus\n|-damage|p1a: Tornadus|35\/100\n|\n|upkeep\n|turn|2\n|inactive|PlumsEliteKnight has 30 seconds left.\n|\n|t:|1700462281\n|move|p2b: Iron Hands|Protect|p2b: Iron Hands\n|-singleturn|p2b: Iron Hands|Protect\n|move|p1b: Landorus|Tera Blast|p2b: Iron Hands|[anim] Tera Blast Flying\n|-activate|p2b: Iron Hands|move: Protect\n|move|p1a: Tornadus|Air Slash|p2b: Iron Hands\n|-activate|p2b: Iron Hands|move: Protect\n|move|p2a: Flutter Mane|Icy Wind|p1b: Landorus|[spread] p1a,p1b\n|-supereffective|p1a: Tornadus\n|-supereffective|p1b: Landorus\n|-damage|p1a: Tornadus|0 fnt\n|-damage|p1b: Landorus|45\/100\n|-unboost|p1b: Landorus|spe|1\n|faint|p1a: Tornadus\n|\n|upkeep\n|\n|t:|1700462288\n|switch|p1a: Iron Hands|Iron Hands, L50|100\/100\n|turn|3\n|inactive|PlumsEliteKnight has 30 seconds left.\n|\n|t:|1700462313\n|move|p1b: Landorus|Tera Blast|p2b: Iron Hands|[anim] Tera Blast Flying\n|-damage|p2b: Iron Hands|3\/100\n|move|p2a: Flutter Mane|Icy Wind|p1a: Iron Hands|[spread] p1a,p1b\n|-supereffective|p1b: Landorus\n|-damage|p1a: Iron Hands|83\/100\n|-damage|p1b: Landorus|0 fnt\n|-unboost|p1a: Iron Hands|spe|1\n|faint|p1b: Landorus\n|move|p1a: Iron Hands|Heavy Slam|p2a: Flutter Mane\n|-supereffective|p2a: Flutter Mane\n|-damage|p2a: Flutter Mane|0 fnt\n|faint|p2a: Flutter Mane\n|-end|p2a: Flutter Mane|Protosynthesis|[silent]\n|move|p2b: Iron Hands|Drain Punch|p1a: Iron Hands\n|-damage|p1a: Iron Hands|64\/100\n|-heal|p2b: Iron Hands|14\/100|[from] drain|[of] p1a: Iron Hands\n|\n|upkeep\n|\n|t:|1700462333\n|switch|p2a: Ogerpon|Ogerpon-Hearthflame, L50, F|100\/100\n|switch|p1b: Ogerpon|Ogerpon-Wellspring, L50, F|100\/100\n|-ability|p2a: Ogerpon|Mold Breaker\n|turn|4\n|inactive|PlumsEliteKnight has 30 seconds left.\n|\n|t:|1700462359\n|-end|p2b: Iron Hands|Quark Drive|[silent]\n|switch|p2b: Chien-Pao|Chien-Pao, L50|100\/100\n|-ability|p2b: Chien-Pao|Sword of Ruin\n|move|p2a: Ogerpon|Spiky Shield|p2a: Ogerpon\n|-singleturn|p2a: Ogerpon|move: Protect\n|move|p1b: Ogerpon|Ivy Cudgel|p2a: Ogerpon|[anim] Ivy Cudgel Water\n|-activate|p2a: Ogerpon|move: Protect\n|move|p1a: Iron Hands|Drain Punch|p2a: Ogerpon\n|-activate|p2a: Ogerpon|move: Protect\n|-damage|p1a: Iron Hands|52\/100|[from] Spiky Shield|[of] p2a: Ogerpon\n|\n|-sideend|p1: Keifth|move: Tailwind\n|upkeep\n|turn|5\n|inactive|PlumsEliteKnight has 30 seconds left.\n|inactive|PlumsEliteKnight has 20 seconds left.\n|inactive|PlumsEliteKnight has 15 seconds left.\n|inactive|PlumsEliteKnight has 10 seconds left.\n|inactive|PlumsEliteKnight has 5 seconds left.\n|\n|t:|1700462410\n|move|p1b: Ogerpon|Spiky Shield|p1b: Ogerpon\n|-singleturn|p1b: Ogerpon|move: Protect\n|move|p2b: Chien-Pao|Icicle Crash|p1b: Ogerpon\n|-activate|p1b: Ogerpon|move: Protect\n|move|p2a: Ogerpon|Horn Leech|p1b: Ogerpon\n|-activate|p1b: Ogerpon|move: Protect\n|-damage|p2a: Ogerpon|88\/100|[from] Spiky Shield|[of] p1b: Ogerpon\n|move|p1a: Iron Hands|Drain Punch|p2b: Chien-Pao\n|-supereffective|p2b: Chien-Pao\n|-enditem|p2b: Chien-Pao|Focus Sash\n|-damage|p2b: Chien-Pao|1\/100\n|-heal|p1a: Iron Hands|82\/100|[from] drain|[of] p2b: Chien-Pao\n|\n|upkeep\n|turn|6\n|inactive|PlumsEliteKnight has 30 seconds left.\n|inactive|Keifth has 30 seconds left.\n|inactive|PlumsEliteKnight has 20 seconds left.\n|inactive|PlumsEliteKnight has 15 seconds left.\n|inactive|PlumsEliteKnight has 10 seconds left.\n|\n|t:|1700462458\n|-terastallize|p2a: Ogerpon|Fire\n|detailschange|p2a: Ogerpon|Ogerpon-Hearthflame-Tera, L50, F, tera:Fire\n|-ability|p2a: Ogerpon|Embody Aspect (Hearthflame)|boost\n|-boost|p2a: Ogerpon|atk|1\n|move|p2b: Chien-Pao|Icicle Crash|p1b: Ogerpon|[miss]\n|-miss|p2b: Chien-Pao|p1b: Ogerpon\n|move|p2a: Ogerpon|Ivy Cudgel|p1a: Iron Hands|[anim] Ivy Cudgel Fire\n|-damage|p1a: Iron Hands|0 fnt\n|faint|p1a: Iron Hands\n|-end|p1a: Iron Hands|Quark Drive|[silent]\n|move|p1b: Ogerpon|Ivy Cudgel|p2a: Ogerpon|[anim] Ivy Cudgel Water\n|-supereffective|p2a: Ogerpon\n|-damage|p2a: Ogerpon|0 fnt\n|faint|p2a: Ogerpon\n|\n|upkeep\n|\n|t:|1700462471\n|switch|p2a: Iron Hands|Iron Hands, L50|14\/100\n|turn|7\n|\n|t:|1700462481\n|move|p2b: Chien-Pao|Protect|p2b: Chien-Pao\n|-singleturn|p2b: Chien-Pao|Protect\n|move|p1b: Ogerpon|Spiky Shield|p1b: Ogerpon\n|-singleturn|p1b: Ogerpon|move: Protect\n|move|p2a: Iron Hands|Protect||[still]\n|-fail|p2a: Iron Hands\n|\n|upkeep\n|turn|8\n|inactive|PlumsEliteKnight has 30 seconds left.\n|\n|t:|1700462516\n|move|p2b: Chien-Pao|Icicle Crash|p1b: Ogerpon\n|-damage|p1b: Ogerpon|29\/100\n|move|p1b: Ogerpon|Horn Leech|p2a: Iron Hands\n|-damage|p2a: Iron Hands|0 fnt\n|-heal|p1b: Ogerpon|38\/100|[from] drain|[of] p2a: Iron Hands\n|faint|p2a: Iron Hands\n|-end|p2a: Iron Hands|Quark Drive|[silent]\n|\n|upkeep\n|turn|9\n|\n|t:|1700462532\n|move|p2b: Chien-Pao|Protect|p2b: Chien-Pao\n|-singleturn|p2b: Chien-Pao|Protect\n|move|p1b: Ogerpon|Horn Leech|p2b: Chien-Pao\n|-activate|p2b: Chien-Pao|move: Protect\n|\n|upkeep\n|turn|10\n|\n|t:|1700462543\n|move|p2b: Chien-Pao|Protect||[still]\n|-fail|p2b: Chien-Pao\n|move|p1b: Ogerpon|Spiky Shield||[still]\n|-fail|p1b: Ogerpon\n|\n|upkeep\n|turn|11\n|\n|t:|1700462550\n|move|p2b: Chien-Pao|Icicle Crash|p1b: Ogerpon\n|-damage|p1b: Ogerpon|0 fnt\n|faint|p1b: Ogerpon\n|\n|win|PlumsEliteKnight\n|raw|Keifth's rating: 1146 &rarr; <strong>1120<\/strong><br \/>(-26 for losing)\n|raw|PlumsEliteKnight's rating: 1129 &rarr; <strong>1155<\/strong><br \/>(+26 for winning)\n|l|\u2606Keifth\n","uploadtime":1700462651,"views":25,"p1id":"keifth","p2id":"plumseliteknight","formatid":"gen9vgc2023regulatione","rating":1120,"private":0,"password":""}