{"id":"gen9vgc2023regulatione-1996232585","p1":"Tucidides","p2":"Daehkcarc420","format":"[Gen 9] VGC 2023 Regulation E","log":"|j|\u2606Tucidides\n|j|\u2606Daehkcarc420\n|t:|1700662110\n|gametype|doubles\n|player|p1|Tucidides|265|1134\n|player|p2|Daehkcarc420|1|1152\n|teamsize|p1|6\n|teamsize|p2|6\n|gen|9\n|tier|[Gen 9] VGC 2023 Regulation E\n|rated|\n|rule|Species Clause: Limit one of each Pok\u00e9mon\n|rule|Item Clause: Limit one of each item\n|clearpoke\n|poke|p1|Tornadus, L50, M|\n|poke|p1|Baxcalibur, L50, F|\n|poke|p1|Ninetales-Alola, L50, M|\n|poke|p1|Ceruledge, L50, M|\n|poke|p1|Breloom, L50, M|\n|poke|p1|Dusknoir, L50, F|\n|poke|p2|Pelipper, L50, M|\n|poke|p2|Urshifu-*, L50, F|\n|poke|p2|Clawitzer, L50, F|\n|poke|p2|Toxicroak, L50, F|\n|poke|p2|Beartic, L50, M|\n|poke|p2|Ogerpon-Wellspring, L50, F|\n|teampreview|4\n|inactive|Battle timer is ON: inactive players will automatically lose when time's up. (requested by Daehkcarc420)\n|\n|t:|1700662141\n|start\n|switch|p1a: Tornadus|Tornadus, L50, M|100\/100\n|switch|p1b: Dusknoir|Dusknoir, L50, F|100\/100\n|switch|p2a: Urshifu|Urshifu-Rapid-Strike, L50, F|100\/100\n|switch|p2b: Clawitzer|Clawitzer, L50, F|100\/100\n|-item|p2a: Urshifu|Choice Scarf|[from] ability: Frisk|[of] p1b: Dusknoir|[identify]\n|-item|p2b: Clawitzer|Wise Glasses|[from] ability: Frisk|[of] p1b: Dusknoir|[identify]\n|turn|1\n|\n|t:|1700662154\n|move|p1a: Tornadus|Tailwind|p1a: Tornadus\n|-sidestart|p1: Tucidides|move: Tailwind\n|move|p2a: Urshifu|Surging Strikes|p1a: Tornadus\n|-crit|p1a: Tornadus\n|-damage|p1a: Tornadus|82\/100\n|-crit|p1a: Tornadus\n|-damage|p1a: Tornadus|63\/100\n|-crit|p1a: Tornadus\n|-damage|p1a: Tornadus|42\/100\n|-hitcount|p1a: Tornadus|3\n|move|p1b: Dusknoir|Destiny Bond|p1b: Dusknoir\n|-singlemove|p1b: Dusknoir|Destiny Bond\n|move|p2b: Clawitzer|Dragon Pulse|p1b: Dusknoir\n|-damage|p1b: Dusknoir|56\/100\n|\n|upkeep\n|turn|2\n|\n|t:|1700662175\n|move|p1b: Dusknoir|Helping Hand|p1a: Tornadus\n|-singleturn|p1a: Tornadus|Helping Hand|[of] p1b: Dusknoir\n|move|p1a: Tornadus|Bleakwind Storm|p2a: Urshifu|[spread] p2a,p2b\n|-supereffective|p2a: Urshifu\n|-damage|p2a: Urshifu|0 fnt\n|-damage|p2b: Clawitzer|46\/100\n|-unboost|p2b: Clawitzer|spe|1\n|faint|p2a: Urshifu\n|move|p2b: Clawitzer|Heal Pulse|p2: Urshifu|[notarget]\n|-fail|p2b: Clawitzer\n|\n|upkeep\n|\n|t:|1700662182\n|switch|p2a: Pelipper|Pelipper, L50, M|100\/100\n|-weather|RainDance|[from] ability: Drizzle|[of] p2a: Pelipper\n|turn|3\n|\n|t:|1700662189\n|move|p1b: Dusknoir|Helping Hand|p1a: Tornadus\n|-singleturn|p1a: Tornadus|Helping Hand|[of] p1b: Dusknoir\n|move|p2a: Pelipper|Wide Guard|p2a: Pelipper\n|-singleturn|p2a: Pelipper|Wide Guard\n|move|p1a: Tornadus|Bleakwind Storm|p2a: Pelipper|[spread] \n|-activate|p2a: Pelipper|move: Wide Guard\n|-activate|p2b: Clawitzer|move: Wide Guard\n|move|p2b: Clawitzer|Dragon Pulse|p1a: Tornadus\n|-damage|p1a: Tornadus|0 fnt\n|faint|p1a: Tornadus\n|\n|-weather|RainDance|[upkeep]\n|upkeep\n|\n|t:|1700662202\n|switch|p1a: Baxcalibur|Baxcalibur, L50, F|100\/100\n|turn|4\n|inactive|Tucidides has 30 seconds left.\n|\n|t:|1700662236\n|move|p1a: Baxcalibur|Protect|p1a: Baxcalibur\n|-singleturn|p1a: Baxcalibur|Protect\n|move|p1b: Dusknoir|Night Shade|p2a: Pelipper\n|-damage|p2a: Pelipper|70\/100\n|move|p2a: Pelipper|Weather Ball|p1a: Baxcalibur\n|-activate|p1a: Baxcalibur|move: Protect\n|move|p2b: Clawitzer|Aura Sphere|p1a: Baxcalibur\n|-activate|p1a: Baxcalibur|move: Protect\n|\n|-weather|RainDance|[upkeep]\n|-sideend|p1: Tucidides|move: Tailwind\n|upkeep\n|turn|5\n|\n|t:|1700662261\n|move|p1b: Dusknoir|Helping Hand|p1a: Baxcalibur\n|-singleturn|p1a: Baxcalibur|Helping Hand|[of] p1b: Dusknoir\n|move|p1a: Baxcalibur|Scale Shot|p2a: Pelipper\n|-damage|p2a: Pelipper|43\/100\n|-damage|p2a: Pelipper|16\/100\n|-damage|p2a: Pelipper|0 fnt\n|faint|p2a: Pelipper\n|-hitcount|p2: Pelipper|3\n|-unboost|p1a: Baxcalibur|def|1\n|-boost|p1a: Baxcalibur|spe|1\n|move|p2b: Clawitzer|Aura Sphere|p1a: Baxcalibur\n|-supereffective|p1a: Baxcalibur\n|-damage|p1a: Baxcalibur|8\/100\n|\n|-weather|RainDance|[upkeep]\n|upkeep\n|\n|t:|1700662270\n|switch|p2a: Beartic|Beartic, L50, M|100\/100\n|turn|6\n|inactive|Daehkcarc420 has 30 seconds left.\n|\n|t:|1700662309\n|move|p1a: Baxcalibur|Scale Shot|p2a: Beartic|[miss]\n|-miss|p1a: Baxcalibur|p2a: Beartic\n|move|p2a: Beartic|Earthquake|p1b: Dusknoir|[spread] p2b,p1a,p1b\n|-damage|p2b: Clawitzer|17\/100\n|-damage|p1a: Baxcalibur|0 fnt\n|-damage|p1b: Dusknoir|35\/100\n|faint|p1a: Baxcalibur\n|move|p1b: Dusknoir|Destiny Bond|p1b: Dusknoir\n|-singlemove|p1b: Dusknoir|Destiny Bond\n|move|p2b: Clawitzer|Heal Pulse|p2a: Beartic\n|-fail|p2a: Beartic|heal\n|\n|-weather|RainDance|[upkeep]\n|upkeep\n|\n|t:|1700662320\n|switch|p1a: Ceruledge|Ceruledge, L50, M|100\/100\n|turn|7\n|\n|t:|1700662330\n|-terastallize|p2a: Beartic|Ghost\n|move|p1a: Ceruledge|Shadow Sneak|p2b: Clawitzer\n|-damage|p2b: Clawitzer|0 fnt\n|faint|p2b: Clawitzer\n|move|p2a: Beartic|Shadow Claw|p1a: Ceruledge\n|-supereffective|p1a: Ceruledge\n|-damage|p1a: Ceruledge|0 fnt\n|faint|p1a: Ceruledge\n|move|p1b: Dusknoir|Will-O-Wisp|p2a: Beartic\n|-status|p2a: Beartic|brn\n|\n|-weather|RainDance|[upkeep]\n|-damage|p2a: Beartic|95\/100 brn|[from] brn\n|upkeep\n|turn|8\n|\n|t:|1700662343\n|move|p2a: Beartic|Swords Dance|p2a: Beartic\n|-boost|p2a: Beartic|atk|2\n|move|p1b: Dusknoir|Destiny Bond|p1b: Dusknoir\n|-singlemove|p1b: Dusknoir|Destiny Bond\n|\n|-weather|RainDance|[upkeep]\n|-damage|p2a: Beartic|89\/100 brn|[from] brn\n|upkeep\n|turn|9\n|\n|t:|1700662355\n|move|p2a: Beartic|Icicle Spear|p1b: Dusknoir\n|-damage|p1b: Dusknoir|23\/100\n|-damage|p1b: Dusknoir|11\/100\n|-damage|p1b: Dusknoir|0 fnt\n|faint|p1b: Dusknoir\n|-activate|p1b: Dusknoir|move: Destiny Bond\n|faint|p2a: Beartic\n|\n|win|Daehkcarc420\n|-hitcount|p1: Dusknoir|3\n|raw|Tucidides's rating: 1134 &rarr; <strong>1110<\/strong><br \/>(-24 for losing)\n|raw|Daehkcarc420's rating: 1152 &rarr; <strong>1176<\/strong><br \/>(+24 for winning)\n","uploadtime":1700662364,"views":5,"p1id":"tucidides","p2id":"daehkcarc420","formatid":"gen9vgc2023regulatione","rating":1110,"private":0,"password":""}