{"id":"gen9vgc2023regulatione-1999629595","p1":"lover777","p2":"beelzebruno","format":"[Gen 9] VGC 2023 Regulation E","log":"|j|\u2606lover777\n|j|\u2606beelzebruno\n|t:|1701102719\n|gametype|doubles\n|player|p1|lover777|richboy-gen4|1047\n|player|p2|beelzebruno|169|1123\n|teamsize|p1|4\n|teamsize|p2|6\n|gen|9\n|tier|[Gen 9] VGC 2023 Regulation E\n|rated|\n|rule|Species Clause: Limit one of each Pok\u00e9mon\n|rule|Item Clause: Limit one of each item\n|clearpoke\n|poke|p1|Iron Hands, L50|\n|poke|p1|Flutter Mane, L50|\n|poke|p1|Cresselia, L50, F|\n|poke|p1|Dragonite, L50, F|\n|poke|p2|Umbreon, L50, M|\n|poke|p2|Indeedee-F, L50, F|\n|poke|p2|Cresselia, L50, F|\n|poke|p2|Grimmsnarl, L50, M|\n|poke|p2|Glimmora, L50, M|\n|poke|p2|Arcanine-Hisui, L50, F|\n|teampreview|4\n|\n|t:|1701102730\n|start\n|switch|p1a: Iron Hands|Iron Hands, L50, shiny|100\/100\n|switch|p1b: Flutter Mane|Flutter Mane, L50, shiny|100\/100\n|switch|p2a: Umbreon|Umbreon, L50, M|100\/100\n|switch|p2b: Grimmsnarl|Grimmsnarl, L50, M|100\/100\n|turn|1\n|\n|t:|1701102759\n|-terastallize|p2a: Umbreon|Electric\n|-terastallize|p1a: Iron Hands|Fighting\n|move|p2b: Grimmsnarl|Parting Shot|p1a: Iron Hands\n|-unboost|p1a: Iron Hands|atk|1\n|-unboost|p1a: Iron Hands|spa|1\n|\n|t:|1701102766\n|switch|p2b: Cresselia|Cresselia, L50, F|100\/100|[from] Parting Shot\n|move|p1b: Flutter Mane|Mystical Fire|p2b: Cresselia\n|-damage|p2b: Cresselia|73\/100\n|-unboost|p2b: Cresselia|spa|1\n|move|p2a: Umbreon|Calm Mind|p2a: Umbreon\n|-boost|p2a: Umbreon|spa|1\n|-boost|p2a: Umbreon|spd|1\n|move|p1a: Iron Hands|Earthquake|p2a: Umbreon|[spread] p1b,p2a\n|-immune|p2b: Cresselia|[from] ability: Levitate\n|-supereffective|p2a: Umbreon\n|-damage|p1b: Flutter Mane|54\/100\n|-damage|p2a: Umbreon|73\/100\n|\n|upkeep\n|turn|2\n|\n|t:|1701102803\n|move|p1b: Flutter Mane|Mystical Fire|p2b: Cresselia\n|-damage|p2b: Cresselia|43\/100\n|-unboost|p2b: Cresselia|spa|1\n|move|p2b: Cresselia|Skill Swap|p2a: Umbreon\n|-activate|p2b: Cresselia|move: Skill Swap|||[of] p2a: Umbreon\n|move|p2a: Umbreon|Curse|p2a: Umbreon\n|-unboost|p2a: Umbreon|spe|1\n|-boost|p2a: Umbreon|atk|1\n|-boost|p2a: Umbreon|def|1\n|move|p1a: Iron Hands|Ice Punch|p2b: Cresselia\n|-damage|p2b: Cresselia|31\/100\n|\n|upkeep\n|turn|3\n|\n|t:|1701102826\n|-end|p1b: Flutter Mane|Protosynthesis|[silent]\n|switch|p1b: Cresselia|Cresselia, L50, F|100\/100\n|switch|p2b: Indeedee|Indeedee-F, L50, F|100\/100\n|-fieldstart|move: Psychic Terrain|[from] ability: Psychic Surge|[of] p2b: Indeedee\n|-enditem|p2a: Umbreon|Psychic Seed\n|-boost|p2a: Umbreon|spd|1|[from] item: Psychic Seed\n|move|p1a: Iron Hands|Ice Punch|p2b: Indeedee\n|-damage|p2b: Indeedee|76\/100\n|move|p2a: Umbreon|Calm Mind|p2a: Umbreon\n|-boost|p2a: Umbreon|spa|1\n|-boost|p2a: Umbreon|spd|1\n|\n|-heal|p2b: Indeedee|82\/100|[from] item: Leftovers\n|upkeep\n|turn|4\n|\n|t:|1701102865\n|move|p1b: Cresselia|Moonblast|p2a: Umbreon\n|-crit|p2a: Umbreon\n|-damage|p2a: Umbreon|54\/100\n|move|p2b: Indeedee|Trick|p2a: Umbreon\n|-activate|p2b: Indeedee|move: Trick|[of] p2a: Umbreon\n|-item|p2a: Umbreon|Leftovers|[from] move: Trick\n|-enditem|p2b: Indeedee|Leftovers|[silent]|[from] move: Trick\n|move|p1a: Iron Hands|Earthquake|p2b: Indeedee|[spread] p2b\n|-immune|p1b: Cresselia|[from] ability: Levitate\n|-immune|p2a: Umbreon|[from] ability: Levitate\n|-damage|p2b: Indeedee|59\/100\n|move|p2a: Umbreon|Curse|p2a: Umbreon\n|-unboost|p2a: Umbreon|spe|1\n|-boost|p2a: Umbreon|atk|1\n|-boost|p2a: Umbreon|def|1\n|\n|-heal|p2a: Umbreon|60\/100|[from] item: Leftovers\n|upkeep\n|turn|5\n|\n|t:|1701102897\n|switch|p2b: Grimmsnarl|Grimmsnarl, L50, M|100\/100\n|move|p1b: Cresselia|Stored Power|p2a: Umbreon\n|-damage|p2a: Umbreon|58\/100\n|move|p1a: Iron Hands|Earthquake|p2a: Umbreon|[spread] p2b\n|-immune|p1b: Cresselia|[from] ability: Levitate\n|-immune|p2a: Umbreon|[from] ability: Levitate\n|-damage|p2b: Grimmsnarl|83\/100\n|move|p2a: Umbreon|Toxic|p1a: Iron Hands\n|-status|p1a: Iron Hands|tox\n|\n|-heal|p2a: Umbreon|64\/100|[from] item: Leftovers\n|-damage|p1a: Iron Hands|95\/100 tox|[from] psn\n|upkeep\n|turn|6\n|\n|t:|1701102925\n|move|p2b: Grimmsnarl|Light Screen|p2b: Grimmsnarl\n|-sidestart|p2: beelzebruno|move: Light Screen\n|move|p1b: Cresselia|Moonblast|p2b: Grimmsnarl\n|-supereffective|p2b: Grimmsnarl\n|-damage|p2b: Grimmsnarl|59\/100\n|move|p1a: Iron Hands|Drain Punch|p2a: Umbreon\n|-damage|p2a: Umbreon|51\/100\n|-heal|p1a: Iron Hands|99\/100 tox|[from] drain|[of] p2a: Umbreon\n|move|p2a: Umbreon|Toxic|p1b: Cresselia\n|-status|p1b: Cresselia|tox\n|\n|-heal|p2a: Umbreon|57\/100|[from] item: Leftovers\n|-damage|p1b: Cresselia|94\/100 tox|[from] psn\n|-damage|p1a: Iron Hands|88\/100 tox|[from] psn\n|upkeep\n|turn|7\n|\n|t:|1701102949\n|move|p2b: Grimmsnarl|Reflect|p2b: Grimmsnarl\n|-sidestart|p2: beelzebruno|Reflect\n|move|p1b: Cresselia|Moonblast|p2b: Grimmsnarl\n|-supereffective|p2b: Grimmsnarl\n|-damage|p2b: Grimmsnarl|37\/100\n|move|p1a: Iron Hands|Drain Punch|p2a: Umbreon\n|-damage|p2a: Umbreon|48\/100\n|-heal|p1a: Iron Hands|92\/100 tox|[from] drain|[of] p2a: Umbreon\n|move|p2a: Umbreon|Calm Mind|p2a: Umbreon\n|-boost|p2a: Umbreon|spa|1\n|-boost|p2a: Umbreon|spd|1\n|\n|-heal|p2a: Umbreon|54\/100|[from] item: Leftovers\n|-damage|p1b: Cresselia|82\/100 tox|[from] psn\n|-damage|p1a: Iron Hands|74\/100 tox|[from] psn\n|-fieldend|move: Psychic Terrain\n|upkeep\n|turn|8\n|\n|t:|1701102975\n|move|p2b: Grimmsnarl|Parting Shot|p1b: Cresselia\n|-unboost|p1b: Cresselia|atk|1\n|-unboost|p1b: Cresselia|spa|1\n|\n|t:|1701102978\n|switch|p2b: Indeedee|Indeedee-F, L50, F|59\/100|[from] Parting Shot\n|-fieldstart|move: Psychic Terrain|[from] ability: Psychic Surge|[of] p2b: Indeedee\n|move|p1b: Cresselia|Moonblast|p2b: Indeedee\n|-damage|p2b: Indeedee|52\/100\n|move|p1a: Iron Hands|Drain Punch|p2a: Umbreon\n|-damage|p2a: Umbreon|45\/100\n|-heal|p1a: Iron Hands|78\/100 tox|[from] drain|[of] p2a: Umbreon\n|move|p2a: Umbreon|Curse|p2a: Umbreon\n|-unboost|p2a: Umbreon|spe|1\n|-boost|p2a: Umbreon|atk|1\n|-boost|p2a: Umbreon|def|1\n|\n|-heal|p2a: Umbreon|51\/100|[from] item: Leftovers\n|-damage|p1b: Cresselia|63\/100 tox|[from] psn\n|-damage|p1a: Iron Hands|54\/100 tox|[from] psn\n|upkeep\n|turn|9\n|\n|t:|1701103011\n|move|p2b: Indeedee|Heal Pulse|p2a: Umbreon\n|-heal|p2a: Umbreon|100\/100\n|move|p1b: Cresselia|Moonlight|p1b: Cresselia\n|-heal|p1b: Cresselia|100\/100 tox\n|move|p1a: Iron Hands|Ice Punch|p2a: Umbreon\n|-damage|p2a: Umbreon|97\/100\n|move|p2a: Umbreon|Curse|p2a: Umbreon\n|-unboost|p2a: Umbreon|spe|1\n|-boost|p2a: Umbreon|atk|1\n|-boost|p2a: Umbreon|def|1\n|\n|-heal|p2a: Umbreon|100\/100|[from] item: Leftovers\n|-damage|p1b: Cresselia|76\/100 tox|[from] psn\n|-damage|p1a: Iron Hands|25\/100 tox|[from] psn\n|upkeep\n|turn|10\n|\n|t:|1701103038\n|switch|p1b: Flutter Mane|Flutter Mane, L50, shiny|54\/100\n|switch|p2b: Grimmsnarl|Grimmsnarl, L50, M|37\/100\n|-end|p1a: Iron Hands|Quark Drive|[silent]\n|switch|p1a: Dragonite|Dragonite, L50, F|100\/100\n|move|p2a: Umbreon|Calm Mind|p2a: Umbreon\n|-boost|p2a: Umbreon|spa|1\n|-boost|p2a: Umbreon|spd|1\n|\n|-sideend|p2: beelzebruno|move: Light Screen\n|upkeep\n|turn|11\n|\n|t:|1701103064\n|move|p1a: Dragonite|Extreme Speed|p2b: Grimmsnarl\n|-activate|p2b: Grimmsnarl|move: Psychic Terrain\n|move|p2b: Grimmsnarl|Light Screen|p2b: Grimmsnarl\n|-sidestart|p2: beelzebruno|move: Light Screen\n|move|p1b: Flutter Mane|Shadow Ball|p2a: Umbreon\n|-damage|p2a: Umbreon|90\/100\n|move|p2a: Umbreon|Snarl|p1a: Dragonite|[spread] p1a,p1b\n|-damage|p1a: Dragonite|74\/100\n|-damage|p1b: Flutter Mane|22\/100\n|-unboost|p1a: Dragonite|spa|1\n|-unboost|p1b: Flutter Mane|spa|1\n|\n|-heal|p1a: Dragonite|80\/100|[from] item: Leftovers\n|-heal|p2a: Umbreon|96\/100|[from] item: Leftovers\n|-sideend|p2: beelzebruno|Reflect\n|upkeep\n|turn|12\n|\n|t:|1701103089\n|move|p1a: Dragonite|Extreme Speed|p2a: Umbreon\n|-hint|Psychic Terrain doesn't affect Pok\u00e9mon immune to Ground.\n|-damage|p2a: Umbreon|90\/100\n|move|p2b: Grimmsnarl|Reflect|p2b: Grimmsnarl\n|-sidestart|p2: beelzebruno|Reflect\n|move|p1b: Flutter Mane|Shadow Ball|p2a: Umbreon\n|-damage|p2a: Umbreon|84\/100\n|move|p2a: Umbreon|Snarl|p1b: Flutter Mane|[spread] p1a,p1b\n|-damage|p1a: Dragonite|54\/100\n|-damage|p1b: Flutter Mane|0 fnt\n|-unboost|p1a: Dragonite|spa|1\n|faint|p1b: Flutter Mane\n|-end|p1b: Flutter Mane|Protosynthesis|[silent]\n|\n|-heal|p1a: Dragonite|60\/100|[from] item: Leftovers\n|-heal|p2a: Umbreon|90\/100|[from] item: Leftovers\n|-fieldend|move: Psychic Terrain\n|upkeep\n|-message|lover777 forfeited.\n|\n|win|beelzebruno\n|raw|lover777's rating: 1047 &rarr; <strong>1034<\/strong><br \/>(-13 for losing)\n|raw|beelzebruno's rating: 1123 &rarr; <strong>1143<\/strong><br \/>(+20 for winning)\n|l|\u2606lover777\n","uploadtime":1701103119,"views":1,"p1id":"lover777","p2id":"beelzebruno","formatid":"gen9vgc2023regulatione","rating":1034,"private":0,"password":""}