{"id":"gen9vgc2023regulatione-1998665912","p1":"That_Leek","p2":"Roundybout","format":"[Gen 9] VGC 2023 Regulation E","log":"|j|\u2606That_Leek\n|j|\u2606Roundybout\n|t:|1700969667\n|gametype|doubles\n|player|p1|That_Leek|blue|1481\n|player|p2|Roundybout|2|1473\n|teamsize|p1|6\n|teamsize|p2|6\n|gen|9\n|tier|[Gen 9] VGC 2023 Regulation E\n|rated|\n|rule|Species Clause: Limit one of each Pok\u00e9mon\n|rule|Item Clause: Limit one of each item\n|clearpoke\n|poke|p1|Gholdengo, L50|\n|poke|p1|Ogerpon-Wellspring, L50, F|\n|poke|p1|Arcanine-Hisui, L50, F|\n|poke|p1|Chien-Pao, L50|\n|poke|p1|Scream Tail, L50|\n|poke|p1|Dragonite, L50, F|\n|poke|p2|Urshifu-*, L50, F|\n|poke|p2|Gholdengo, L50|\n|poke|p2|Regidrago, L50|\n|poke|p2|Arcanine-Hisui, L50, F|\n|poke|p2|Roaring Moon, L50|\n|poke|p2|Rillaboom, L50, M|\n|teampreview|4\nThat_Leek has agreed to open team sheets.\nRoundybout has agreed to open team sheets.\n|\n|t:|1700969757\n|start\n|switch|p1a: Scream Tail|Scream Tail, L50|100\/100\n|switch|p1b: Arcanine|Arcanine-Hisui, L50, F|100\/100\n|switch|p2a: Roaring Moon|Roaring Moon, L50|100\/100\n|switch|p2b: Gholdengo|Gholdengo, L50|100\/100\n|-ability|p1b: Arcanine|Intimidate|boost\n|-unboost|p2a: Roaring Moon|atk|1\n|-unboost|p2b: Gholdengo|atk|1\n|-enditem|p2a: Roaring Moon|Booster Energy\n|-activate|p2a: Roaring Moon|ability: Protosynthesis|[fromitem]\n|-start|p2a: Roaring Moon|protosynthesisspe\n|-enditem|p1a: Scream Tail|Booster Energy\n|-activate|p1a: Scream Tail|ability: Protosynthesis|[fromitem]\n|-start|p1a: Scream Tail|protosynthesisspe\n|turn|1\n|\n|t:|1700969815\n|-terastallize|p2b: Gholdengo|Water\n|move|p2a: Roaring Moon|Knock Off|p1b: Arcanine\n|-damage|p1b: Arcanine|60\/100\n|-enditem|p1b: Arcanine|Choice Band|[from] move: Knock Off|[of] p2a: Roaring Moon\n|move|p1a: Scream Tail|Thunder Wave|p2a: Roaring Moon\n|-status|p2a: Roaring Moon|par\n|move|p1b: Arcanine|Flare Blitz|p2b: Gholdengo\n|-resisted|p2b: Gholdengo\n|-damage|p2b: Gholdengo|72\/100\n|-damage|p1b: Arcanine|50\/100|[from] Recoil\n|move|p2b: Gholdengo|Make It Rain|p1a: Scream Tail|[spread] p1a,p1b\n|-supereffective|p1a: Scream Tail\n|-damage|p1a: Scream Tail|26\/100\n|-damage|p1b: Arcanine|0 fnt\n|-unboost|p2b: Gholdengo|spa|1\n|faint|p1b: Arcanine\n|\n|upkeep\n|\n|t:|1700969824\n|switch|p1b: Ogerpon|Ogerpon-Wellspring, L50, F|100\/100\n|turn|2\n|\n|t:|1700969864\n|-end|p2a: Roaring Moon|Protosynthesis|[silent]\n|switch|p2a: Arcanine|Arcanine-Hisui, L50, F|100\/100\n|-ability|p2a: Arcanine|Intimidate|boost\n|-unboost|p1a: Scream Tail|atk|1\n|-unboost|p1b: Ogerpon|atk|1\n|switch|p2b: Regidrago|Regidrago, L50|100\/100\n|-terastallize|p1b: Ogerpon|Water\n|detailschange|p1b: Ogerpon|Ogerpon-Wellspring-Tera, L50, F, tera:Water\n|-ability|p1b: Ogerpon|Embody Aspect (Wellspring)|boost\n|-boost|p1b: Ogerpon|spd|1\n|move|p1a: Scream Tail|Play Rough|p2a: Arcanine\n|-resisted|p2a: Arcanine\n|-damage|p2a: Arcanine|93\/100\n|-unboost|p2a: Arcanine|atk|1\n|move|p1b: Ogerpon|Horn Leech|p2b: Regidrago\n|-resisted|p2b: Regidrago\n|-damage|p2b: Regidrago|85\/100\n|\n|upkeep\n|turn|3\n|\n|t:|1700969903\n|switch|p2a: Gholdengo|Gholdengo, L50, tera:Water|72\/100\n|move|p2b: Regidrago|Protect|p2b: Regidrago\n|-singleturn|p2b: Regidrago|Protect\n|move|p1a: Scream Tail|Thunder Wave|p2a: Gholdengo\n|-immune|p2a: Gholdengo|[from] ability: Good as Gold\n|move|p1b: Ogerpon|Ivy Cudgel|p2a: Gholdengo|[anim] Ivy Cudgel Water\n|-resisted|p2a: Gholdengo\n|-damage|p2a: Gholdengo|47\/100\n|\n|upkeep\n|turn|4\n|\n|t:|1700969920\n|move|p1a: Scream Tail|Howl|p1a: Scream Tail|[spread] p1a,p1b\n|-boost|p1a: Scream Tail|atk|1\n|-boost|p1b: Ogerpon|atk|1\n|move|p1b: Ogerpon|Horn Leech|p2a: Gholdengo\n|-supereffective|p2a: Gholdengo\n|-damage|p2a: Gholdengo|0 fnt\n|faint|p2a: Gholdengo\n|move|p2b: Regidrago|Dragon Energy|p1a: Scream Tail|[spread] p1b\n|-immune|p1a: Scream Tail\n|-damage|p1b: Ogerpon|52\/100\n|\n|upkeep\n|\n|t:|1700969930\n|switch|p2a: Arcanine|Arcanine-Hisui, L50, F|93\/100\n|-ability|p2a: Arcanine|Intimidate|boost\n|-unboost|p1a: Scream Tail|atk|1\n|-unboost|p1b: Ogerpon|atk|1\n|turn|5\n|\n|t:|1700969947\n|move|p2a: Arcanine|Extreme Speed|p1a: Scream Tail\n|-damage|p1a: Scream Tail|9\/100\n|move|p1a: Scream Tail|Thunder Wave|p2a: Arcanine\n|-status|p2a: Arcanine|par\n|move|p1b: Ogerpon|Ivy Cudgel|p2a: Arcanine|[anim] Ivy Cudgel Water\n|-supereffective|p2a: Arcanine\n|-damage|p2a: Arcanine|0 fnt\n|faint|p2a: Arcanine\n|move|p2b: Regidrago|Dragon Energy|p1b: Ogerpon|[spread] p1b\n|-immune|p1a: Scream Tail\n|-damage|p1b: Ogerpon|4\/100\n|\n|upkeep\n|\n|t:|1700969960\n|switch|p2a: Roaring Moon|Roaring Moon, L50|100\/100 par\n|turn|6\n|\n|t:|1700969978\n|move|p2a: Roaring Moon|Protect|p2a: Roaring Moon\n|-singleturn|p2a: Roaring Moon|Protect\n|move|p1a: Scream Tail|Play Rough|p2a: Roaring Moon\n|-activate|p2a: Roaring Moon|move: Protect\n|move|p1b: Ogerpon|Ivy Cudgel|p2a: Roaring Moon|[anim] Ivy Cudgel Water\n|-activate|p2a: Roaring Moon|move: Protect\n|move|p2b: Regidrago|Earth Power|p1a: Scream Tail\n|-damage|p1a: Scream Tail|0 fnt\n|faint|p1a: Scream Tail\n|-end|p1a: Scream Tail|Protosynthesis|[silent]\n|\n|upkeep\n|\n|t:|1700969980\n|switch|p1a: Chien-Pao|Chien-Pao, L50|100\/100\n|-ability|p1a: Chien-Pao|Sword of Ruin\n|turn|7\n|\n|t:|1700969995\n|move|p2b: Regidrago|Protect|p2b: Regidrago\n|-singleturn|p2b: Regidrago|Protect\n|move|p1a: Chien-Pao|Ice Spinner|p2a: Roaring Moon\n|-supereffective|p2a: Roaring Moon\n|-damage|p2a: Roaring Moon|0 fnt\n|faint|p2a: Roaring Moon\n|-end|p2a: Roaring Moon|Protosynthesis|[silent]\n|move|p1b: Ogerpon|Ivy Cudgel|p2b: Regidrago|[anim] Ivy Cudgel Water\n|-activate|p2b: Regidrago|move: Protect\n|\n|upkeep\n|turn|8\n|\n|t:|1700970000\n|move|p1a: Chien-Pao|Ice Spinner|p2b: Regidrago\n|-supereffective|p2b: Regidrago\n|-damage|p2b: Regidrago|0 fnt\n|faint|p2b: Regidrago\n|\n|win|That_Leek\n|raw|That_Leek's rating: 1505 &rarr; <strong>1523<\/strong><br \/>(+18 for winning)\n|raw|Roundybout's rating: 1473 &rarr; <strong>1455<\/strong><br \/>(-18 for losing)\n|l|\u2606Roundybout\n","uploadtime":1700970005,"views":1,"p1id":"thatleek","p2id":"roundybout","formatid":"gen9vgc2023regulatione","rating":1455,"private":0,"password":""}