{"id":"gen9vgc2023regulatione-1994480259","p1":"leafyarrow","p2":"colby2935","format":"[Gen 9] VGC 2023 Regulation E","log":"|j|\u2606leafyarrow\n|j|\u2606colby2935\n|t:|1700448820\n|gametype|doubles\n|player|p1|leafyarrow|selene|1293\n|player|p2|colby2935|giovanni|1275\n|teamsize|p1|6\n|teamsize|p2|6\n|gen|9\n|tier|[Gen 9] VGC 2023 Regulation E\n|rated|\n|rule|Species Clause: Limit one of each Pok\u00e9mon\n|rule|Item Clause: Limit one of each item\n|clearpoke\n|poke|p1|Enamorus-Therian, L50, F|\n|poke|p1|Ursaluna, L50, M|\n|poke|p1|Indeedee-F, L50, F|\n|poke|p1|Armarouge, L50, M|\n|poke|p1|Roaring Moon, L50|\n|poke|p1|Ninetales-Alola, L50, M|\n|poke|p2|Medicham, L50, M|\n|poke|p2|Muk-Alola, L50, F|\n|poke|p2|Goodra-Hisui, L50, F|\n|poke|p2|Iron Bundle, L50|\n|poke|p2|Flutter Mane, L50|\n|poke|p2|Milotic, L50, M|\n|teampreview|4\nleafyarrow has agreed to open team sheets.\n|inactive|Battle timer is ON: inactive players will automatically lose when time's up. (requested by colby2935)\n|\n|t:|1700448851\n|start\n|switch|p1a: Indeedee|Indeedee-F, L50, F|100\/100\n|switch|p1b: Armarouge|Armarouge, L50, M|100\/100\n|switch|p2a: Medicham|Medicham, L50, M|100\/100\n|switch|p2b: Muk|Muk-Alola, L50, F, shiny|100\/100\n|-fieldstart|move: Psychic Terrain|[from] ability: Psychic Surge|[of] p1a: Indeedee\n|-enditem|p1a: Indeedee|Psychic Seed\n|-boost|p1a: Indeedee|spd|1|[from] item: Psychic Seed\n|turn|1\n|inactive|colby2935 has 30 seconds left.\n|inactive|colby2935 has 20 seconds left.\n|\n|t:|1700448887\n|move|p1b: Armarouge|Protect|p1b: Armarouge\n|-singleturn|p1b: Armarouge|Protect\n|move|p2a: Medicham|Fake Out|p1a: Indeedee\n|-activate|p1a: Indeedee|move: Psychic Terrain\n|move|p1a: Indeedee|Dazzling Gleam|p2b: Muk|[spread] p2a,p2b\n|-supereffective|p2a: Medicham\n|-damage|p2a: Medicham|56\/100\n|-damage|p2b: Muk|92\/100\n|move|p2b: Muk|Knock Off|p1b: Armarouge\n|-activate|p1b: Armarouge|move: Protect\n|\n|upkeep\n|turn|2\n|inactive|leafyarrow has 30 seconds left.\n|\n|t:|1700448913\n|move|p1a: Indeedee|Follow Me|p1a: Indeedee\n|-singleturn|p1a: Indeedee|move: Follow Me\n|move|p2a: Medicham|High Jump Kick|p1a: Indeedee\n|-damage|p1a: Indeedee|17\/100\n|move|p1b: Armarouge|Expanding Force|p2a: Medicham|[spread] p2a\n|-immune|p2b: Muk\n|-damage|p2a: Medicham|0 fnt\n|faint|p2a: Medicham\n|-ability|p2b: Muk|Pure Power|[from] ability: Power of Alchemy|[of] p2a: Medicham\n|move|p2b: Muk|Knock Off|p1a: Indeedee\n|-supereffective|p1a: Indeedee\n|-damage|p1a: Indeedee|0 fnt\n|faint|p1a: Indeedee\n|\n|upkeep\n|\n|t:|1700448930\n|switch|p2a: Flutter Mane|Flutter Mane, L50|100\/100\n|switch|p1a: Ursaluna|Ursaluna, L50, M|100\/100\n|turn|3\n|\n|t:|1700448945\n|switch|p1b: Enamorus|Enamorus-Therian, L50, F|100\/100\n|move|p2a: Flutter Mane|Shadow Ball|p1b: Enamorus\n|-damage|p1b: Enamorus|33\/100\n|move|p2b: Muk|Knock Off|p1a: Ursaluna\n|-damage|p1a: Ursaluna|36\/100\n|-enditem|p1a: Ursaluna|Flame Orb|[from] move: Knock Off|[of] p2b: Muk\n|move|p1a: Ursaluna|Earthquake|p2b: Muk|[spread] p2a,p2b\n|-immune|p1b: Enamorus\n|-supereffective|p2b: Muk\n|-damage|p2a: Flutter Mane|0 fnt\n|-damage|p2b: Muk|0 fnt\n|faint|p2a: Flutter Mane\n|-end|p2a: Flutter Mane|Protosynthesis|[silent]\n|faint|p2b: Muk\n|\n|upkeep\n|\n|t:|1700448963\n|switch|p2b: Goodra|Goodra-Hisui, L50, F|100\/100\n|turn|4\n|\n|t:|1700448971\n|-terastallize|p2b: Goodra|Water\n|move|p2b: Goodra|Shelter|p2b: Goodra\n|-boost|p2b: Goodra|def|2\n|move|p1a: Ursaluna|Headlong Rush|p2b: Goodra\n|-damage|p2b: Goodra|71\/100\n|-unboost|p1a: Ursaluna|def|1\n|-unboost|p1a: Ursaluna|spd|1\n|move|p1b: Enamorus|Moonblast|p2b: Goodra\n|-damage|p2b: Goodra|19\/100\n|-unboost|p2b: Goodra|spa|1\n|\n|-heal|p2b: Goodra|25\/100|[from] item: Leftovers\n|upkeep\n|turn|5\n|\n|t:|1700448992\n|move|p2b: Goodra|Heavy Slam|p1b: Enamorus\n|-supereffective|p1b: Enamorus\n|-damage|p1b: Enamorus|0 fnt\n|faint|p1b: Enamorus\n|move|p1a: Ursaluna|Headlong Rush|p2b: Goodra\n|-damage|p2b: Goodra|0 fnt\n|-unboost|p1a: Ursaluna|def|1\n|-unboost|p1a: Ursaluna|spd|1\n|faint|p2b: Goodra\n|\n|win|leafyarrow\n|raw|leafyarrow's rating: 1293 &rarr; <strong>1317<\/strong><br \/>(+24 for winning)\n|raw|colby2935's rating: 1275 &rarr; <strong>1251<\/strong><br \/>(-24 for losing)\n|l|\u2606colby2935\n","uploadtime":1700448999,"views":19,"p1id":"leafyarrow","p2id":"colby2935","formatid":"gen9vgc2023regulatione","rating":1251,"private":0,"password":""}