{"id":"gen9vgc2023regulatione-1999742767","p1":"MANUQUIN","p2":"Ryovale","format":"[Gen 9] VGC 2023 Regulation E","log":"|j|\u2606MANUQUIN\n|j|\u2606Ryovale\n|t:|1701112715\n|gametype|doubles\n|player|p1|MANUQUIN|265|1227\n|player|p2|Ryovale|colress|1281\n|teamsize|p1|6\n|teamsize|p2|6\n|gen|9\n|tier|[Gen 9] VGC 2023 Regulation E\n|rated|\n|rule|Species Clause: Limit one of each Pok\u00e9mon\n|rule|Item Clause: Limit one of each item\n|clearpoke\n|poke|p1|Dondozo, L50, F|\n|poke|p1|Tatsugiri, L50, M|\n|poke|p1|Abomasnow, L50, M|\n|poke|p1|Garganacl, L50, M|\n|poke|p1|Flamigo, L50, M|\n|poke|p1|Amoonguss, L50, F|\n|poke|p2|Cresselia, L50, F|\n|poke|p2|Pincurchin, L50, F|\n|poke|p2|Iron Hands, L50|\n|poke|p2|Sinistcha, L50|\n|poke|p2|Muk-Alola, L50, F|\n|poke|p2|Azumarill, L50, M|\n|teampreview|4\n|inactive|Battle timer is ON: inactive players will automatically lose when time's up. (requested by MANUQUIN)\n|inactive|MANUQUIN has 60 seconds left.\n|\n|t:|1701112746\n|start\n|switch|p1a: Tatsugiri|Tatsugiri, L50, M|100\/100\n|switch|p1b: Garganacl|Garganacl, L50, M|100\/100\n|switch|p2a: Muk|Muk-Alola, L50, F|100\/100\n|switch|p2b: Azumarill|Azumarill, L50, M|100\/100\n|turn|1\n|\n|t:|1701112763\n|move|p1a: Tatsugiri|Endure|p1a: Tatsugiri\n|-singleturn|p1a: Tatsugiri|move: Endure\n|move|p2a: Muk|Protect|p2a: Muk\n|-singleturn|p2a: Muk|Protect\n|move|p2b: Azumarill|Misty Explosion|p1a: Tatsugiri|[spread] p1a,p1b\n|-activate|p2a: Muk|move: Protect\n|-supereffective|p1a: Tatsugiri\n|-damage|p1a: Tatsugiri|50\/100\n|-damage|p1b: Garganacl|85\/100\n|faint|p2b: Azumarill\n|-ability|p2a: Muk|Huge Power|[from] ability: Power of Alchemy|[of] p2b: Azumarill\n|move|p1b: Garganacl|Explosion|p2a: Muk|[spread] p1a\n|-activate|p2a: Muk|move: Protect\n|-crit|p1a: Tatsugiri\n|-activate|p1a: Tatsugiri|move: Endure\n|-damage|p1a: Tatsugiri|1\/100\n|faint|p1b: Garganacl\n|\n|-status|p1a: Tatsugiri|tox|[from] item: Toxic Orb\n|upkeep\n|\n|t:|1701112783\n|switch|p2b: L'inquisitore|Cresselia, L50, F|100\/100\n|switch|p1b: Dondozo|Dondozo, L50, F|100\/100\n|-activate|p1a: Tatsugiri|ability: Commander|[of] p1b: Dondozo\n|-boost|p1b: Dondozo|atk|2\n|-boost|p1b: Dondozo|spa|2\n|-boost|p1b: Dondozo|spe|2\n|-boost|p1b: Dondozo|def|2\n|-boost|p1b: Dondozo|spd|2\n|turn|2\n|\n|t:|1701112798\n|-terastallize|p2a: Muk|Grass\n|move|p1b: Dondozo|Order Up|p2a: Muk\n|-damage|p2a: Muk|52\/100\n|-boost|p1b: Dondozo|atk|1\n|move|p2a: Muk|Knock Off|p1b: Dondozo\n|-damage|p1b: Dondozo|66\/100\n|-enditem|p1b: Dondozo|Assault Vest|[from] move: Knock Off|[of] p2a: Muk\n|-damage|p2a: Muk|42\/100|[from] item: Life Orb\n|move|p2b: L'inquisitore|Trick Room|p2b: L'inquisitore\n|-fieldstart|move: Trick Room|[of] p2b: L'inquisitore\n|\n|-damage|p1a: Tatsugiri|0 fnt|[from] psn\n|faint|p1a: Tatsugiri\n|upkeep\n|\n|t:|1701112813\n|switch|p1a: Flamigo|Flamigo, L50, M|100\/100\n|-copyboost|p1a: Flamigo|p1b: Dondozo|[from] ability: Costar\n|turn|3\n|\n|t:|1701112825\n|-terastallize|p1b: Dondozo|Dragon\n|move|p2a: Muk|Protect|p2a: Muk\n|-singleturn|p2a: Muk|Protect\n|move|p2b: L'inquisitore|Psychic|p1a: Flamigo\n|-supereffective|p1a: Flamigo\n|-damage|p1a: Flamigo|58\/100\n|-unboost|p1a: Flamigo|spd|1\n|move|p1b: Dondozo|Order Up|p2a: Muk\n|-activate|p2a: Muk|move: Protect\n|move|p1a: Flamigo|Brave Bird|p2b: L'inquisitore\n|-damage|p2b: L'inquisitore|13\/100\n|-damage|p1a: Flamigo|16\/100|[from] Recoil\n|-enditem|p1a: Flamigo|Aguav Berry|[eat]\n|-heal|p1a: Flamigo|50\/100|[from] item: Aguav Berry\n|\n|upkeep\n|turn|4\n|\n|t:|1701112848\n|move|p1a: Flamigo|Protect|p1a: Flamigo\n|-singleturn|p1a: Flamigo|Protect\n|move|p2a: Muk|Poison Jab|p1b: Dondozo\n|-damage|p1b: Dondozo|35\/100\n|-damage|p2a: Muk|32\/100|[from] item: Life Orb\n|move|p2b: L'inquisitore|Psychic|p1a: Flamigo\n|-activate|p1a: Flamigo|move: Protect\n|move|p1b: Dondozo|Order Up|p2b: L'inquisitore\n|-damage|p2b: L'inquisitore|0 fnt\n|faint|p2b: L'inquisitore\n|-boost|p1b: Dondozo|atk|1\n|\n|upkeep\n|\n|t:|1701112860\n|switch|p2b: M.I.L.Z.A.|Iron Hands, L50|100\/100\n|turn|5\n|\n|t:|1701112869\n|move|p2a: Muk|Poison Jab|p1b: Dondozo\n|-damage|p1b: Dondozo|6\/100\n|-damage|p2a: Muk|22\/100|[from] item: Life Orb\n|move|p2b: M.I.L.Z.A.|Wild Charge|p1a: Flamigo\n|-supereffective|p1a: Flamigo\n|-damage|p1a: Flamigo|0 fnt\n|faint|p1a: Flamigo\n|-damage|p2b: M.I.L.Z.A.|93\/100|[from] Recoil\n|move|p1b: Dondozo|Earthquake|p2a: Muk|[spread] p2a,p2b\n|-resisted|p2a: Muk\n|-supereffective|p2b: M.I.L.Z.A.\n|-damage|p2a: Muk|0 fnt\n|-damage|p2b: M.I.L.Z.A.|14\/100\n|faint|p2a: Muk\n|\n|upkeep\n|turn|6\n|\n|t:|1701112885\n|move|p2b: M.I.L.Z.A.|Drain Punch|p1b: Dondozo\n|-damage|p1b: Dondozo|0 fnt\n|-heal|p2b: M.I.L.Z.A.|16\/100|[from] drain|[of] p1b: Dondozo\n|faint|p1b: Dondozo\n|\n|win|Ryovale\n|raw|MANUQUIN's rating: 1227 &rarr; <strong>1206<\/strong><br \/>(-21 for losing)\n|raw|Ryovale's rating: 1281 &rarr; <strong>1302<\/strong><br \/>(+21 for winning)\n","uploadtime":1701112894,"views":10,"p1id":"manuquin","p2id":"ryovale","formatid":"gen9vgc2023regulatione","rating":1206,"private":0,"password":""}