{"id":"gen9vgc2023regulatione-1991346978","p1":"trainerrodpractice","p2":"ZeMoose","format":"[Gen 9] VGC 2023 Regulation E","log":"|j|\u2606trainerrodpractice\n|j|\u2606ZeMoose\n|n|\u2606trainerrodpractice|trainerrodpractice\n|n|\u2606ZeMoose|zemoose\n|html|View the match progress at <a href=\"\/game-bestof3-gen9vgc2023regulatione-1991343184\">game-bestof3-gen9vgc2023regulatione-1991343184<\/a>\n|t:|1700069552\n|gametype|doubles\n|player|p1|trainerrodpractice|101|\n|player|p2|ZeMoose|workerice|\n|teamsize|p1|6\n|teamsize|p2|6\n|gen|9\n|tier|[Gen 9] VGC 2023 Regulation E\n|rated|Tournament battle\n|rule|Species Clause: Limit one of each Pok\u00e9mon\n|rule|Item Clause: Limit one of each item\n|clearpoke\n|poke|p1|Roaring Moon, L50|\n|poke|p1|Empoleon, L50, F|\n|poke|p1|Ogerpon-Hearthflame, L50, F|\n|poke|p1|Landorus-Therian, L50, M|\n|poke|p1|Flutter Mane, L50|\n|poke|p1|Iron Hands, L50|\n|poke|p2|Basculegion, L50, M|\n|poke|p2|Tornadus, L50, M|\n|poke|p2|Ogerpon-Wellspring, L50, F|\n|poke|p2|Palossand, L50, F|\n|poke|p2|Barraskewda, L50, F|\n|poke|p2|Politoed, L50, M|\n|teampreview|4\n|showteam|p1|Roaring Moon||BoosterEnergy|Protosynthesis|KnockOff,Acrobatics,Protect,Tailwind||||||50|,,,,,Flying]Empoleon||SitrusBerry|Competitive|FlashCannon,IcyWind,Protect,Yawn|||F|||50|,,,,,Fairy]Ogerpon-Hearthflame||HearthflameMask|MoldBreaker|IvyCudgel,HornLeech,SpikyShield,SwordsDance|||F|||50|,,,,,Fire]Landorus-Therian||ChoiceScarf|Intimidate|StompingTantrum,RockSlide,TeraBlast,Uturn|||M|||50|,,,,,Flying]Flutter Mane||ChoiceSpecs|Protosynthesis|DazzlingGleam,Moonblast,ShadowBall,Thunderbolt||||||50|,,,,,Fairy]Iron Hands||AssaultVest|QuarkDrive|DrainPunch,WildCharge,FakeOut,HeavySlam||||||50|,,,,,Water\n|showteam|p2|Basculegion||ChoiceScarf|SwiftSwim|HeadSmash,WaveCrash,PsychicFangs,LastRespects|||M|||50|,,,,,Normal]Tornadus||MentalHerb|Prankster|RainDance,BleakwindStorm,Tailwind,Taunt|||M|||50|,,,,,Steel]Ogerpon-Wellspring||WellspringMask|WaterAbsorb|IvyCudgel,HornLeech,SpikyShield,FollowMe|||F|||50|,,,,,Water]Palossand||SitrusBerry|WaterCompaction|EnergyBall,Psychic,Protect,ShoreUp|||F|||50|,,,,,Fairy]Barraskewda||RazorClaw|SwiftSwim|DrillRun,Waterfall,ThroatChop,Protect|||F|||50|,,,,,Ground]Politoed||Leftovers|Drizzle|Surf,Haze,Protect,EarthPower|||M|||50|,,,,,Dragon\n|inactive|Battle timer is ON: inactive players will automatically lose when time's up. (requested by trainerrodpractice)\n|\n|t:|1700069582\n|start\n|switch|p1a: Roaring Moon|Roaring Moon, L50|100\/100\n|switch|p1b: Iron Hands|Iron Hands, L50|100\/100\n|switch|p2a: Basculegion|Basculegion, L50, M|100\/100\n|switch|p2b: Politoed|Politoed, L50, M|100\/100\n|-weather|RainDance|[from] ability: Drizzle|[of] p2b: Politoed\n|-enditem|p1a: Roaring Moon|Booster Energy\n|-activate|p1a: Roaring Moon|ability: Protosynthesis|[fromitem]\n|-start|p1a: Roaring Moon|protosynthesisspe\n|turn|1\n|inactive|trainerrodpractice has 30 seconds left.\n|\n|t:|1700069609\n|-terastallize|p1b: Iron Hands|Water\n|move|p2b: Politoed|Protect|p2b: Politoed\n|-singleturn|p2b: Politoed|Protect\n|move|p2a: Basculegion|Wave Crash|p1a: Roaring Moon\n|-resisted|p1a: Roaring Moon\n|-damage|p1a: Roaring Moon|40\/100\n|-damage|p2a: Basculegion|82\/100|[from] Recoil\n|move|p1a: Roaring Moon|Knock Off|p2a: Basculegion\n|-supereffective|p2a: Basculegion\n|-damage|p2a: Basculegion|0 fnt\n|-enditem|p2a: Basculegion|Choice Scarf|[from] move: Knock Off|[of] p1a: Roaring Moon\n|faint|p2a: Basculegion\n|move|p1b: Iron Hands|Wild Charge|p2b: Politoed\n|-activate|p2b: Politoed|move: Protect\n|\n|-weather|RainDance|[upkeep]\n|upkeep\n|j| babiwi bewey\u2714\ufe0f\n|\n|t:|1700069631\n|switch|p2a: Palossand|Palossand, L50, F, shiny|100\/100\n|turn|2\n|\n|t:|1700069646\n|-terastallize|p2b: Politoed|Dragon\n|move|p2a: Palossand|Protect|p2a: Palossand\n|-singleturn|p2a: Palossand|Protect\n|move|p1a: Roaring Moon|Tailwind|p1a: Roaring Moon\n|-sidestart|p1: trainerrodpractice|move: Tailwind\n|move|p1b: Iron Hands|Wild Charge|p2b: Politoed\n|-resisted|p2b: Politoed\n|-damage|p2b: Politoed|72\/100\n|-damage|p1b: Iron Hands|95\/100|[from] Recoil\n|move|p2b: Politoed|Earth Power|p1a: Roaring Moon\n|-damage|p1a: Roaring Moon|22\/100\n|\n|-weather|RainDance|[upkeep]\n|-heal|p2b: Politoed|78\/100|[from] item: Leftovers\n|upkeep\n|turn|3\n|inactive|ZeMoose has 30 seconds left.\n|\n|t:|1700069673\n|move|p1a: Roaring Moon|Knock Off|p2a: Palossand\n|-supereffective|p2a: Palossand\n|-damage|p2a: Palossand|30\/100\n|-enditem|p2a: Palossand|Sitrus Berry|[from] move: Knock Off|[of] p1a: Roaring Moon\n|move|p1b: Iron Hands|Heavy Slam|p2a: Palossand\n|-damage|p2a: Palossand|21\/100\n|move|p2b: Politoed|Earth Power|p1a: Roaring Moon\n|-damage|p1a: Roaring Moon|3\/100\n|move|p2a: Palossand|Energy Ball|p1b: Iron Hands\n|-supereffective|p1b: Iron Hands\n|-damage|p1b: Iron Hands|72\/100\n|\n|-weather|RainDance|[upkeep]\n|-heal|p2b: Politoed|84\/100|[from] item: Leftovers\n|upkeep\n|turn|4\n|\n|t:|1700069691\n|move|p2a: Palossand|Protect|p2a: Palossand\n|-singleturn|p2a: Palossand|Protect\n|move|p1a: Roaring Moon|Knock Off|p2b: Politoed\n|-damage|p2b: Politoed|24\/100\n|-enditem|p2b: Politoed|Leftovers|[from] move: Knock Off|[of] p1a: Roaring Moon\n|move|p1b: Iron Hands|Drain Punch|p2b: Politoed\n|-damage|p2b: Politoed|0 fnt\n|-heal|p1b: Iron Hands|82\/100|[from] drain|[of] p2b: Politoed\n|faint|p2b: Politoed\n|\n|-weather|RainDance|[upkeep]\n|upkeep\n|\n|t:|1700069701\n|switch|p2b: Tornadus|Tornadus, L50, M|100\/100\n|turn|5\n|\n|t:|1700069711\n|move|p1a: Roaring Moon|Protect|p1a: Roaring Moon\n|-singleturn|p1a: Roaring Moon|Protect\n|move|p1b: Iron Hands|Wild Charge|p2b: Tornadus\n|-supereffective|p2b: Tornadus\n|-damage|p2b: Tornadus|0 fnt\n|faint|p2b: Tornadus\n|-damage|p1b: Iron Hands|61\/100|[from] Recoil\n|move|p2a: Palossand|Energy Ball|p1b: Iron Hands\n|-supereffective|p1b: Iron Hands\n|-damage|p1b: Iron Hands|36\/100\n|\n|-weather|none\n|-sideend|p1: trainerrodpractice|move: Tailwind\n|upkeep\n|turn|6\n|-message|ZeMoose forfeited.\n|\n|win|trainerrodpractice\n|l|\u2606ZeMoose\n","uploadtime":1700069727,"views":12,"p1id":"trainerrodpractice","p2id":"zemoose","formatid":"gen9vgc2023regulatione","rating":0,"private":0,"password":""}