{"id":"gen9vgc2023regulatione-1989433414","p1":"mikuraaa_","p2":"BlueJayX2","format":"[Gen 9] VGC 2023 Regulation E","log":"|j|\u2606mikuraaa_\n|j|\u2606BlueJayX2\n|t:|1699849776\n|gametype|doubles\n|player|p1|mikuraaa_|unknown|1077\n|player|p2|BlueJayX2|marley|1017\n|teamsize|p1|6\n|teamsize|p2|6\n|gen|9\n|tier|[Gen 9] VGC 2023 Regulation E\n|rated|\n|rule|Species Clause: Limit one of each Pok\u00e9mon\n|rule|Item Clause: Limit one of each item\n|clearpoke\n|poke|p1|Zoroark-Hisui, L50, M|\n|poke|p1|Grafaiai, L50, M|\n|poke|p1|Arcanine-Hisui, L50, M|\n|poke|p1|Urshifu-*, L50, F|\n|poke|p1|Ogerpon-Wellspring, L50, F|\n|poke|p1|Iron Hands, L50|\n|poke|p2|Dudunsparce-*, L50, M|\n|poke|p2|Maushold-Four, L50|\n|poke|p2|Haxorus, L50, F|\n|poke|p2|Chandelure, L50, M|\n|poke|p2|Farigiraf, L50, F|\n|poke|p2|Torterra, L50, F|\n|teampreview|4\n|inactive|Battle timer is ON: inactive players will automatically lose when time's up. (requested by BlueJayX2)\n|j| Fatallity\n|\n|t:|1699849795\n|start\n|switch|p1a: Arcanine|Arcanine-Hisui, L50, M|100\/100\n|switch|p1b: Iron Hands|Iron Hands, L50, shiny|100\/100\n|switch|p2a: Dudunsparce|Dudunsparce-Three-Segment, L50, M|100\/100\n|switch|p2b: Maushold|Maushold-Four, L50|100\/100\n|turn|1\n|l| Fatallity\n|\n|t:|1699849814\n|-terastallize|p2a: Dudunsparce|Ghost\n|move|p2b: Maushold|Beat Up|p2a: Dudunsparce\n|-supereffective|p2a: Dudunsparce\n|-damage|p2a: Dudunsparce|97\/100\n|-ability|p2a: Dudunsparce|Rattled|boost\n|-boost|p2a: Dudunsparce|spe|1\n|-enditem|p2a: Dudunsparce|Weakness Policy\n|-boost|p2a: Dudunsparce|atk|2|[from] item: Weakness Policy\n|-boost|p2a: Dudunsparce|spa|2|[from] item: Weakness Policy\n|-supereffective|p2a: Dudunsparce\n|-damage|p2a: Dudunsparce|95\/100\n|-ability|p2a: Dudunsparce|Rattled|boost\n|-boost|p2a: Dudunsparce|spe|1\n|-supereffective|p2a: Dudunsparce\n|-damage|p2a: Dudunsparce|92\/100\n|-ability|p2a: Dudunsparce|Rattled|boost\n|-boost|p2a: Dudunsparce|spe|1\n|-supereffective|p2a: Dudunsparce\n|-damage|p2a: Dudunsparce|90\/100\n|-ability|p2a: Dudunsparce|Rattled|boost\n|-boost|p2a: Dudunsparce|spe|1\n|-hitcount|p2a: Dudunsparce|4\n|move|p2a: Dudunsparce|Coil|p2a: Dudunsparce\n|-boost|p2a: Dudunsparce|atk|1\n|-boost|p2a: Dudunsparce|def|1\n|-boost|p2a: Dudunsparce|accuracy|1\n|move|p1b: Iron Hands|Nasty Plot|p1b: Iron Hands\n|-boost|p1b: Iron Hands|spa|2\n|move|p1a: Arcanine|Head Smash|p2b: Maushold\n|-damage|p2b: Maushold|3\/100\n|\n|-heal|p2b: Maushold|9\/100|[from] item: Leftovers\n|upkeep\n|turn|2\n|inactive|mikuraaa_ has 30 seconds left.\n|inactive|BlueJayX2 has 30 seconds left.\n|\n|t:|1699849846\n|move|p1a: Arcanine|Protect|p1a: Arcanine\n|-singleturn|p1a: Arcanine|Protect\n|move|p2b: Maushold|Follow Me|p2b: Maushold\n|-singleturn|p2b: Maushold|move: Follow Me\n|move|p2a: Dudunsparce|Baton Pass|p2a: Dudunsparce\n|\n|t:|1699849854\n|switch|p2a: Haxorus|Haxorus, L50, F|100\/100|[from] Baton Pass\n|-ability|p2a: Haxorus|Mold Breaker\n|move|p1b: Iron Hands|Shadow Ball|p2b: Maushold\n|-immune|p2b: Maushold\n|\n|-heal|p2b: Maushold|15\/100|[from] item: Leftovers\n|upkeep\n|turn|3\n|\n|t:|1699849877\n|move|p2b: Maushold|Protect|p2b: Maushold\n|-singleturn|p2b: Maushold|Protect\n|move|p2a: Haxorus|Earthquake|p1a: Arcanine|[spread] p1a,p1b\n|-activate|p2b: Maushold|move: Protect\n|-supereffective|p1a: Arcanine\n|-damage|p1a: Arcanine|0 fnt\n|-enditem|p1b: Iron Hands|Focus Sash\n|-damage|p1b: Iron Hands|1\/100\n|replace|p1b: Zoroark|Zoroark-Hisui, L50, M, shiny\n|-end|p1b: Zoroark|Illusion\n|faint|p1a: Arcanine\n|move|p1b: Zoroark|Shadow Ball|p2a: Haxorus\n|-damage|p2a: Haxorus|14\/100\n|-unboost|p2a: Haxorus|spd|1\n|\n|-heal|p2b: Maushold|21\/100|[from] item: Leftovers\n|upkeep\n|\n|t:|1699849885\n|switch|p1a: Grafaiai|Grafaiai, L50, M|100\/100\n|turn|4\n|inactive|mikuraaa_ has 30 seconds left.\n|\n|t:|1699849912\n|switch|p1b: Iron Hands|Iron Hands, L50, shiny|100\/100\n|-terastallize|p1a: Grafaiai|Flying\n|move|p2b: Maushold|Follow Me|p2b: Maushold\n|-singleturn|p2b: Maushold|move: Follow Me\n|move|p1a: Grafaiai|Encore|p2b: Maushold\n|-start|p2b: Maushold|Encore\n|move|p2a: Haxorus|Rock Slide|p1b: Iron Hands|[spread] p1a,p1b\n|-supereffective|p1a: Grafaiai\n|-crit|p1a: Grafaiai\n|-resisted|p1b: Iron Hands\n|-damage|p1a: Grafaiai|0 fnt\n|-damage|p1b: Iron Hands|84\/100\n|faint|p1a: Grafaiai\n|\n|-heal|p2b: Maushold|27\/100|[from] item: Leftovers\n|upkeep\n|\n|t:|1699849915\n|switch|p1a: Iron Hands|Iron Hands, L50, shiny|1\/100\n|turn|5\n|-message|mikuraaa_ forfeited.\n|\n|win|BlueJayX2\n|raw|mikuraaa_'s rating: 1077 &rarr; <strong>1052<\/strong><br \/>(-25 for losing)\n|raw|BlueJayX2's rating: 1017 &rarr; <strong>1061<\/strong><br \/>(+44 for winning)\n|l|\u2606mikuraaa_\n","uploadtime":1699849938,"views":30,"p1id":"mikuraaa","p2id":"bluejayx2","formatid":"gen9vgc2023regulatione","rating":1052,"private":0,"password":""}