{"id":"gen9vgc2023regulatione-1996000596","p1":"Hooveris","p2":"CLowncar2000","format":"[Gen 9] VGC 2023 Regulation E","log":"|j|\u2606Hooveris\n|j|\u2606CLowncar2000\n|t:|1700627532\n|gametype|doubles\n|player|p1|Hooveris|brycen|1129\n|player|p2|CLowncar2000|ghetsis-gen5bw|1093\n|teamsize|p1|6\n|teamsize|p2|6\n|gen|9\n|tier|[Gen 9] VGC 2023 Regulation E\n|rated|\n|rule|Species Clause: Limit one of each Pok\u00e9mon\n|rule|Item Clause: Limit one of each item\n|clearpoke\n|poke|p1|Annihilape, L50, F|\n|poke|p1|Dragonite, L50, F|\n|poke|p1|Clefairy, L50, M|\n|poke|p1|Chien-Pao, L50|\n|poke|p1|Tornadus, L50, M|\n|poke|p1|Heatran, L50, F|\n|poke|p2|Maushold, L50|\n|poke|p2|Dragonite, L50, F|\n|poke|p2|Eelektross, L50, F|\n|poke|p2|Urshifu-*, L50, F|\n|poke|p2|Armarouge, L50, F|\n|poke|p2|Tinkaton, L50, F|\n|teampreview|4\n|inactive|Battle timer is ON: inactive players will automatically lose when time's up. (requested by CLowncar2000)\nCLowncar2000 rejected open team sheets.\n|inactive|Hooveris has 60 seconds left.\n|\n|t:|1700627595\n|start\n|switch|p1a: Tornadus|Tornadus, L50, M|100\/100\n|switch|p1b: Annihilape|Annihilape, L50, F|100\/100\n|switch|p2a: Maushold|Maushold, L50|100\/100\n|switch|p2b: Armarouge|Armarouge, L50, F|100\/100\n|turn|1\n|\n|t:|1700627614\n|-terastallize|p2a: Maushold|Ghost\n|-terastallize|p1b: Annihilape|Fire\n|move|p1a: Tornadus|Tailwind|p1a: Tornadus\n|-sidestart|p1: Hooveris|move: Tailwind\n|move|p1b: Annihilape|Bulk Up|p1b: Annihilape\n|-boost|p1b: Annihilape|atk|1\n|-boost|p1b: Annihilape|def|1\n|move|p2a: Maushold|Tidy Up|p2a: Maushold\n|-boost|p2a: Maushold|atk|1\n|-boost|p2a: Maushold|spe|1\n|move|p2b: Armarouge|Psychic|p1b: Annihilape\n|-crit|p1b: Annihilape\n|-damage|p1b: Annihilape|32\/100\n|\n|upkeep\n|turn|2\n|inactive|Hooveris has 30 seconds left.\n|\n|t:|1700627645\n|switch|p1a: Clefairy|Clefairy, L50, M|100\/100\n|move|p1b: Annihilape|Rage Fist|p2a: Maushold\n|-supereffective|p2a: Maushold\n|-damage|p2a: Maushold|0 fnt\n|faint|p2a: Maushold\n|move|p2b: Armarouge|Psychic|p1b: Annihilape\n|-damage|p1b: Annihilape|3\/100\n|-enditem|p1b: Annihilape|Figy Berry|[eat]\n|-heal|p1b: Annihilape|36\/100|[from] item: Figy Berry\n|\n|upkeep\n|\n|t:|1700627651\n|switch|p2a: Dragonite|Dragonite, L50, F, shiny|100\/100\n|turn|3\n|\n|t:|1700627666\n|move|p2a: Dragonite|Extreme Speed|p1b: Annihilape\n|-damage|p1b: Annihilape|18\/100\n|move|p1b: Annihilape|Rage Fist|p2b: Armarouge\n|-supereffective|p2b: Armarouge\n|-damage|p2b: Armarouge|0 fnt\n|faint|p2b: Armarouge\n|move|p1a: Clefairy|Heal Pulse|p1b: Annihilape\n|-heal|p1b: Annihilape|69\/100\n|\n|upkeep\n|\n|t:|1700627671\n|switch|p2b: Urshifu|Urshifu-Rapid-Strike, L50, F|100\/100\n|turn|4\n|\n|t:|1700627685\n|move|p1a: Clefairy|Helping Hand|p1b: Annihilape\n|-singleturn|p1b: Annihilape|Helping Hand|[of] p1a: Clefairy\n|move|p1b: Annihilape|Rage Fist|p2b: Urshifu\n|-damage|p2b: Urshifu|0 fnt\n|faint|p2b: Urshifu\n|move|p2a: Dragonite|Earthquake|p1b: Annihilape|[spread] p1a,p1b\n|-supereffective|p1b: Annihilape\n|-damage|p1a: Clefairy|74\/100\n|-damage|p1b: Annihilape|39\/100\n|\n|-sideend|p1: Hooveris|move: Tailwind\n|upkeep\n|turn|5\n|\n|t:|1700627695\n|move|p2a: Dragonite|Earthquake|p1a: Clefairy|[spread] p1a,p1b\n|-supereffective|p1b: Annihilape\n|-damage|p1a: Clefairy|48\/100\n|-damage|p1b: Annihilape|6\/100\n|move|p1b: Annihilape|Rage Fist|p2a: Dragonite\n|-damage|p2a: Dragonite|0 fnt\n|faint|p2a: Dragonite\n|\n|win|Hooveris\n|raw|Hooveris's rating: 1129 &rarr; <strong>1151<\/strong><br \/>(+22 for winning)\n|raw|CLowncar2000's rating: 1093 &rarr; <strong>1072<\/strong><br \/>(-21 for losing)\n|l|\u2606CLowncar2000\n","uploadtime":1700627705,"views":10,"p1id":"hooveris","p2id":"clowncar2000","formatid":"gen9vgc2023regulatione","rating":1072,"private":0,"password":""}