{"id":"gen9vgc2023regulatione-1997006129","p1":"Jadedragon61","p2":"XArtificeGodZ","format":"[Gen 9] VGC 2023 Regulation E","log":"|j|\u2606Jadedragon61\n|j|\u2606XArtificeGodZ\n|t:|1700754888\n|gametype|doubles\n|player|p1|Jadedragon61|colress|1363\n|player|p2|XArtificeGodZ|102|1522\n|teamsize|p1|6\n|teamsize|p2|6\n|gen|9\n|tier|[Gen 9] VGC 2023 Regulation E\n|rated|\n|rule|Species Clause: Limit one of each Pok\u00e9mon\n|rule|Item Clause: Limit one of each item\n|clearpoke\n|poke|p1|Tyranitar, L50, F|\n|poke|p1|Rillaboom, L50, M|\n|poke|p1|Kommo-o, L50, M|\n|poke|p1|Iron Bundle, L50|\n|poke|p1|Flutter Mane, L50|\n|poke|p1|Landorus-Therian, L50, M|\n|poke|p2|Urshifu-*, L50, M|\n|poke|p2|Ogerpon-Wellspring, L50, F|\n|poke|p2|Landorus-Therian, L50, M|\n|poke|p2|Iron Hands, L50|\n|poke|p2|Flutter Mane, L50|\n|poke|p2|Dragonite, L50, M|\n|teampreview|4\n|\n|t:|1700754927\n|start\n|switch|p1a: Haitatsu!|Iron Bundle, L50, shiny|100\/100\n|switch|p1b: Fish|Flutter Mane, L50, shiny|100\/100\n|switch|p2a: Flutter Mane|Flutter Mane, L50|100\/100\n|switch|p2b: Dragonite|Dragonite, L50, M|100\/100\n|-enditem|p2a: Flutter Mane|Booster Energy\n|-activate|p2a: Flutter Mane|ability: Protosynthesis|[fromitem]\n|-start|p2a: Flutter Mane|protosynthesisspe\n|-enditem|p1a: Haitatsu!|Booster Energy\n|-activate|p1a: Haitatsu!|ability: Quark Drive|[fromitem]\n|-start|p1a: Haitatsu!|quarkdrivespe\n|turn|1\n|\n|t:|1700754966\n|-end|p1a: Haitatsu!|Quark Drive|[silent]\n|switch|p1a: Jadedragon|Tyranitar, L50, F, shiny|100\/100\n|-weather|Sandstorm|[from] ability: Sand Stream|[of] p1a: Jadedragon\n|-terastallize|p2b: Dragonite|Normal\n|move|p2b: Dragonite|Extreme Speed|p1a: Jadedragon\n|-resisted|p1a: Jadedragon\n|-damage|p1a: Jadedragon|74\/100\n|move|p2a: Flutter Mane|Shadow Ball|p1b: Fish\n|-supereffective|p1b: Fish\n|-damage|p1b: Fish|9\/100\n|move|p1b: Fish|Shadow Ball|p2a: Flutter Mane\n|-supereffective|p2a: Flutter Mane\n|-damage|p2a: Flutter Mane|0 fnt\n|faint|p2a: Flutter Mane\n|-end|p2a: Flutter Mane|Protosynthesis|[silent]\n|\n|-weather|Sandstorm|[upkeep]\n|-damage|p1b: Fish|3\/100|[from] Sandstorm\n|-damage|p2b: Dragonite|94\/100|[from] Sandstorm\n|upkeep\n|\n|t:|1700754983\n|switch|p2a: Iron Hands|Iron Hands, L50|100\/100\n|turn|2\n|\n|t:|1700754994\n|move|p2a: Iron Hands|Fake Out|p1a: Jadedragon\n|-resisted|p1a: Jadedragon\n|-damage|p1a: Jadedragon|69\/100\n|move|p2b: Dragonite|Extreme Speed|p1a: Jadedragon\n|-resisted|p1a: Jadedragon\n|-damage|p1a: Jadedragon|41\/100\n|move|p1b: Fish|Shadow Ball|p2a: Iron Hands\n|-damage|p2a: Iron Hands|69\/100\n|-unboost|p2a: Iron Hands|spd|1\n|cant|p1a: Jadedragon|flinch\n|\n|-weather|Sandstorm|[upkeep]\n|-damage|p1b: Fish|0 fnt|[from] Sandstorm\n|-damage|p2b: Dragonite|88\/100|[from] Sandstorm\n|-damage|p2a: Iron Hands|63\/100|[from] Sandstorm\n|faint|p1b: Fish\n|-end|p1b: Fish|Protosynthesis|[silent]\n|upkeep\n|\n|t:|1700755007\n|switch|p1b: (Not) jade dragon|Kommo-o, L50, M, shiny|100\/100\n|turn|3\n|l|\u2606Jadedragon61\n|player|p1|\n|j|\u2606Jadedragon61\n|player|p1|Jadedragon61|colress\n|\n|t:|1700755046\n|-terastallize|p1a: Jadedragon|Psychic\n|move|p2b: Dragonite|Extreme Speed|p1b: (Not) jade dragon\n|-damage|p1b: (Not) jade dragon|49\/100\n|move|p1b: (Not) jade dragon|Iron Defense|p1b: (Not) jade dragon\n|-boost|p1b: (Not) jade dragon|def|2\n|move|p1a: Jadedragon|Tera Blast|p2a: Iron Hands|[anim] Tera Blast Psychic\n|-supereffective|p2a: Iron Hands\n|-damage|p2a: Iron Hands|5\/100\n|move|p2a: Iron Hands|Drain Punch|p1a: Jadedragon\n|-resisted|p1a: Jadedragon\n|-damage|p1a: Jadedragon|24\/100\n|-heal|p2a: Iron Hands|12\/100|[from] drain|[of] p1a: Jadedragon\n|\n|-weather|Sandstorm|[upkeep]\n|-damage|p1b: (Not) jade dragon|42\/100|[from] Sandstorm\n|-damage|p2b: Dragonite|82\/100|[from] Sandstorm\n|-damage|p1a: Jadedragon|18\/100|[from] Sandstorm\n|-damage|p2a: Iron Hands|6\/100|[from] Sandstorm\n|-heal|p1b: (Not) jade dragon|49\/100|[from] item: Leftovers\n|upkeep\n|turn|4\n|\n|t:|1700755065\n|move|p2b: Dragonite|Extreme Speed|p1a: Jadedragon\n|-damage|p1a: Jadedragon|0 fnt\n|faint|p1a: Jadedragon\n|move|p1b: (Not) jade dragon|Iron Defense|p1b: (Not) jade dragon\n|-boost|p1b: (Not) jade dragon|def|2\n|move|p2a: Iron Hands|Drain Punch|p1b: (Not) jade dragon\n|-damage|p1b: (Not) jade dragon|39\/100\n|-heal|p2a: Iron Hands|9\/100|[from] drain|[of] p1b: (Not) jade dragon\n|\n|-weather|Sandstorm|[upkeep]\n|-damage|p1b: (Not) jade dragon|33\/100|[from] Sandstorm\n|-damage|p2b: Dragonite|76\/100|[from] Sandstorm\n|-damage|p2a: Iron Hands|3\/100|[from] Sandstorm\n|-heal|p1b: (Not) jade dragon|39\/100|[from] item: Leftovers\n|upkeep\n|\n|t:|1700755078\n|switch|p1a: Haitatsu!|Iron Bundle, L50, shiny|100\/100\n|turn|5\n|\n|t:|1700755094\n|move|p2b: Dragonite|Extreme Speed|p1a: Haitatsu!\n|-damage|p1a: Haitatsu!|19\/100\n|move|p1a: Haitatsu!|Freeze-Dry|p2a: Iron Hands\n|-damage|p2a: Iron Hands|0 fnt\n|faint|p2a: Iron Hands\n|-end|p2a: Iron Hands|Quark Drive|[silent]\n|move|p1b: (Not) jade dragon|Body Press|p2b: Dragonite\n|-supereffective|p2b: Dragonite\n|-damage|p2b: Dragonite|0 fnt\n|faint|p2b: Dragonite\n|\n|-weather|none\n|-heal|p1b: (Not) jade dragon|46\/100|[from] item: Leftovers\n|upkeep\n|\n|t:|1700755100\n|switch|p2b: Urshifu|Urshifu, L50, M|100\/100\n|turn|6\n|\n|t:|1700755112\n|move|p2b: Urshifu|Detect|p2b: Urshifu\n|-singleturn|p2b: Urshifu|Protect\n|move|p1a: Haitatsu!|Freeze-Dry|p2b: Urshifu\n|-activate|p2b: Urshifu|move: Protect\n|move|p1b: (Not) jade dragon|Body Press|p2b: Urshifu\n|-activate|p2b: Urshifu|move: Protect\n|\n|-heal|p1b: (Not) jade dragon|52\/100|[from] item: Leftovers\n|upkeep\n|turn|7\n|\n|t:|1700755117\n|move|p2b: Urshifu|Sucker Punch|p1a: Haitatsu!\n|-damage|p1a: Haitatsu!|0 fnt\n|faint|p1a: Haitatsu!\n|-end|p1a: Haitatsu!|Quark Drive|[silent]\n|move|p1b: (Not) jade dragon|Body Press|p2b: Urshifu\n|-supereffective|p2b: Urshifu\n|-enditem|p2b: Urshifu|Focus Sash\n|-damage|p2b: Urshifu|1\/100\n|\n|-heal|p1b: (Not) jade dragon|58\/100|[from] item: Leftovers\n|upkeep\n|turn|8\n|\n|t:|1700755125\n|move|p2b: Urshifu|Wicked Blow|p1b: (Not) jade dragon\n|-resisted|p1b: (Not) jade dragon\n|-crit|p1b: (Not) jade dragon\n|-damage|p1b: (Not) jade dragon|38\/100\n|move|p1b: (Not) jade dragon|Body Press|p2b: Urshifu\n|-supereffective|p2b: Urshifu\n|-damage|p2b: Urshifu|0 fnt\n|faint|p2b: Urshifu\n|\n|win|Jadedragon61\n|raw|Jadedragon61's rating: 1363 &rarr; <strong>1392<\/strong><br \/>(+29 for winning)\n|raw|XArtificeGodZ's rating: 1522 &rarr; <strong>1493<\/strong><br \/>(-29 for losing)\n|l|\u2606XArtificeGodZ\n","uploadtime":1700755138,"views":0,"p1id":"jadedragon61","p2id":"xartificegodz","formatid":"gen9vgc2023regulatione","rating":1392,"private":0,"password":""}