{"id":"gen9vgc2023regulatione-1999557089","p1":"KilliamFerair","p2":"SilvioPkTrainer","format":"[Gen 9] VGC 2023 Regulation E","log":"|j|\u2606KilliamFerair\n|j|\u2606SilvioPkTrainer\n|t:|1701095882\n|gametype|doubles\n|player|p1|KilliamFerair|volo|1080\n|player|p2|SilvioPkTrainer|n|1155\n|teamsize|p1|6\n|teamsize|p2|6\n|gen|9\n|tier|[Gen 9] VGC 2023 Regulation E\n|rated|\n|rule|Species Clause: Limit one of each Pok\u00e9mon\n|rule|Item Clause: Limit one of each item\n|clearpoke\n|poke|p1|Snorlax, L50, F|\n|poke|p1|Iron Hands, L50|\n|poke|p1|Sinistcha, L50|\n|poke|p1|Clefairy, L50, F|\n|poke|p1|Landorus-Therian, L50, M|\n|poke|p1|Kommo-o, L50, F|\n|poke|p2|Ribombee, L50, M|\n|poke|p2|Indeedee-F, L50, F|\n|poke|p2|Roaring Moon, L50|\n|poke|p2|Heatran, L50, F|\n|poke|p2|Ursaluna, L50, M|\n|poke|p2|Urshifu-*, L50, F|\n|teampreview|4\n|inactive|Battle timer is ON: inactive players will automatically lose when time's up. (requested by KilliamFerair)\n|\n|t:|1701095890\n|start\n|switch|p1a: Plonpy|Snorlax, L50, F|100\/100\n|switch|p1b: Howdy|Iron Hands, L50|100\/100\n|switch|p2a: Heatran|Heatran, L50, F|100\/100\n|switch|p2b: Ribombee|Ribombee, L50, M|100\/100\n|turn|1\n|\n|t:|1701095898\n|-terastallize|p2a: Heatran|Fire\n|move|p1b: Howdy|Fake Out|p2b: Ribombee\n|-damage|p2b: Ribombee|75\/100\n|move|p2b: Ribombee|Tailwind|p2b: Ribombee\n|-sidestart|p2: SilvioPkTrainer|move: Tailwind\n|move|p2a: Heatran|Heat Wave|p1b: Howdy|[spread] p1a,p1b\n|-damage|p1a: Plonpy|84\/100\n|-damage|p1b: Howdy|74\/100\n|move|p1a: Plonpy|Belly Drum|p1a: Plonpy\n|-damage|p1a: Plonpy|34\/100\n|-setboost|p1a: Plonpy|atk|6|[from] move: Belly Drum\n|-enditem|p1a: Plonpy|Sitrus Berry|[eat]\n|-heal|p1a: Plonpy|59\/100|[from] item: Sitrus Berry\n|\n|upkeep\n|turn|2\n|\n|t:|1701095916\n|-end|p1b: Howdy|Quark Drive|[silent]\n|switch|p1b: Nummy Nummy Num|Sinistcha, L50|100\/100\n|-heal|p1a: Plonpy|84\/100|[from] ability: Hospitality|[of] p1b: Nummy Nummy Num\n|move|p1a: Plonpy|Protect|p1a: Plonpy\n|-singleturn|p1a: Plonpy|Protect\n|move|p2b: Ribombee|Reflect|p2b: Ribombee\n|-sidestart|p2: SilvioPkTrainer|Reflect\n|move|p2a: Heatran|Heat Wave|p1a: Plonpy|[spread] p1b\n|-activate|p1a: Plonpy|move: Protect\n|-supereffective|p1b: Nummy Nummy Num\n|-damage|p1b: Nummy Nummy Num|0 fnt\n|faint|p1b: Nummy Nummy Num\n|\n|upkeep\n|\n|t:|1701095930\n|switch|p1b: Howdy|Iron Hands, L50|74\/100\n|turn|3\n|\n|t:|1701095936\n|move|p1b: Howdy|Fake Out|p2a: Heatran\n|-damage|p2a: Heatran|92\/100\n|move|p2b: Ribombee|Light Screen|p2b: Ribombee\n|-sidestart|p2: SilvioPkTrainer|move: Light Screen\n|cant|p2a: Heatran|flinch\n|move|p1a: Plonpy|High Horsepower|p2a: Heatran\n|-supereffective|p2a: Heatran\n|-damage|p2a: Heatran|0 fnt\n|faint|p2a: Heatran\n|\n|upkeep\n|\n|t:|1701095948\n|switch|p2a: Ursaluna|Ursaluna, L50, M|100\/100\n|turn|4\n|\n|t:|1701095959\n|move|p1a: Plonpy|Protect|p1a: Plonpy\n|-singleturn|p1a: Plonpy|Protect\n|move|p2b: Ribombee|Light Screen||[still]\n|-fail|p2b: Ribombee\n|move|p2a: Ursaluna|Drain Punch|p1a: Plonpy\n|-activate|p1a: Plonpy|move: Protect\n|move|p1b: Howdy|Drain Punch|p2a: Ursaluna\n|-supereffective|p2a: Ursaluna\n|-damage|p2a: Ursaluna|58\/100\n|-heal|p1b: Howdy|97\/100|[from] drain|[of] p2a: Ursaluna\n|\n|-sideend|p2: SilvioPkTrainer|move: Tailwind\n|upkeep\n|turn|5\n|\n|t:|1701095978\n|move|p2b: Ribombee|Tailwind|p2b: Ribombee\n|-sidestart|p2: SilvioPkTrainer|move: Tailwind\n|move|p2a: Ursaluna|Drain Punch|p1a: Plonpy\n|-supereffective|p1a: Plonpy\n|-damage|p1a: Plonpy|35\/100\n|-heal|p2a: Ursaluna|82\/100|[from] drain|[of] p1a: Plonpy\n|move|p1b: Howdy|Heavy Slam|p2b: Ribombee\n|-supereffective|p2b: Ribombee\n|-damage|p2b: Ribombee|0 fnt\n|faint|p2b: Ribombee\n|move|p1a: Plonpy|Facade|p2a: Ursaluna\n|-damage|p2a: Ursaluna|24\/100\n|\n|upkeep\n|\n|t:|1701095985\n|switch|p2b: Roaring Moon|Roaring Moon, L50|100\/100\n|-enditem|p2b: Roaring Moon|Booster Energy\n|-activate|p2b: Roaring Moon|ability: Protosynthesis|[fromitem]\n|-start|p2b: Roaring Moon|protosynthesisatk\n|turn|6\n|\n|t:|1701095998\n|move|p1a: Plonpy|Protect|p1a: Plonpy\n|-singleturn|p1a: Plonpy|Protect\n|move|p2b: Roaring Moon|Acrobatics|p1a: Plonpy\n|-activate|p1a: Plonpy|move: Protect\n|move|p2a: Ursaluna|High Horsepower|p1b: Howdy|[miss]\n|-miss|p2a: Ursaluna|p1b: Howdy\n|move|p1b: Howdy|Drain Punch|p2a: Ursaluna\n|-supereffective|p2a: Ursaluna\n|-damage|p2a: Ursaluna|0 fnt\n|-heal|p1b: Howdy|100\/100|[from] drain|[of] p2a: Ursaluna\n|faint|p2a: Ursaluna\n|\n|-sideend|p2: SilvioPkTrainer|Reflect\n|upkeep\n|turn|7\n|\n|t:|1701096020\n|move|p2b: Roaring Moon|Dragon Claw|p1a: Plonpy\n|-damage|p1a: Plonpy|0 fnt\n|faint|p1a: Plonpy\n|move|p1b: Howdy|Drain Punch|p2b: Roaring Moon\n|-supereffective|p2b: Roaring Moon\n|-damage|p2b: Roaring Moon|0 fnt\n|faint|p2b: Roaring Moon\n|-end|p2b: Roaring Moon|Protosynthesis|[silent]\n|\n|win|KilliamFerair\n|raw|KilliamFerair's rating: 1080 &rarr; <strong>1114<\/strong><br \/>(+34 for winning)\n|raw|SilvioPkTrainer's rating: 1155 &rarr; <strong>1125<\/strong><br \/>(-30 for losing)\n|l|\u2606SilvioPkTrainer\n","uploadtime":1701096037,"views":2,"p1id":"killiamferair","p2id":"silviopktrainer","formatid":"gen9vgc2023regulatione","rating":1114,"private":0,"password":""}