{"id":"gen9vgc2023regulatione-1997511167","p1":"Pallante5","p2":"Gurrasnurra5","format":"[Gen 9] VGC 2023 Regulation E","log":"|j|\u2606Pallante5\n|j|\u2606Gurrasnurra5\n|t:|1700817881\n|gametype|doubles\n|player|p1|Pallante5|266|1346\n|player|p2|Gurrasnurra5|rood|1428\n|teamsize|p1|6\n|teamsize|p2|6\n|gen|9\n|tier|[Gen 9] VGC 2023 Regulation E\n|rated|\n|rule|Species Clause: Limit one of each Pok\u00e9mon\n|rule|Item Clause: Limit one of each item\n|clearpoke\n|poke|p1|Tornadus, L50, M|\n|poke|p1|Gholdengo, L50|\n|poke|p1|Regidrago, L50|\n|poke|p1|Rillaboom, L50, M|\n|poke|p1|Urshifu-*, L50, M|\n|poke|p1|Ogerpon-Hearthflame, L50, F|\n|poke|p2|Amoonguss, L50, M|\n|poke|p2|Tornadus, L50, M|\n|poke|p2|Chien-Pao, L50|\n|poke|p2|Urshifu-*, L50, F|\n|poke|p2|Arcanine-Hisui, L50, F|\n|poke|p2|Flutter Mane, L50|\n|teampreview|4\nGurrasnurra5 has agreed to open team sheets.\nPallante5 has agreed to open team sheets.\n|inactive|Battle timer is ON: inactive players will automatically lose when time's up. (requested by Gurrasnurra5)\n|\n|t:|1700817956\n|start\n|switch|p1a: Tornadus|Tornadus, L50, M|100\/100\n|switch|p1b: Gholdengo|Gholdengo, L50|100\/100\n|switch|p2a: Tornadus|Tornadus, L50, M|100\/100\n|switch|p2b: Flutter Mane|Flutter Mane, L50|100\/100\n|turn|1\n|inactive|Pallante5 has 30 seconds left.\n|\n|t:|1700817985\n|-end|p2b: Flutter Mane|Protosynthesis|[silent]\n|switch|p2b: Urshifu|Urshifu-Rapid-Strike, L50, F|100\/100\n|-terastallize|p1b: Gholdengo|Steel\n|move|p1a: Tornadus|Tailwind|p1a: Tornadus\n|-sidestart|p1: Pallante5|move: Tailwind\n|move|p2a: Tornadus|Taunt|p1a: Tornadus\n|-start|p1a: Tornadus|move: Taunt\n|move|p1b: Gholdengo|Make It Rain|p2a: Tornadus|[spread] p2a,p2b\n|-resisted|p2b: Urshifu\n|-damage|p2a: Tornadus|0 fnt\n|-damage|p2b: Urshifu|27\/100\n|-unboost|p1b: Gholdengo|spa|1\n|faint|p2a: Tornadus\n|\n|upkeep\n|\n|t:|1700817999\n|switch|p2a: Arcanine|Arcanine-Hisui, L50, F|100\/100\n|-ability|p2a: Arcanine|Intimidate|boost\n|-unboost|p1a: Tornadus|atk|1\n|-unboost|p1b: Gholdengo|atk|1\n|turn|2\n|\n|t:|1700818015\n|switch|p1b: Urshifu|Urshifu-Rapid-Strike, L50, M|100\/100\n|move|p2b: Urshifu|Protect|p2b: Urshifu\n|-singleturn|p2b: Urshifu|Protect\n|move|p1a: Tornadus|Bleakwind Storm|p2a: Arcanine|[spread] p2a\n|-activate|p2b: Urshifu|move: Protect\n|-resisted|p2a: Arcanine\n|-damage|p2a: Arcanine|79\/100\n|move|p2a: Arcanine|Flare Blitz|p1b: Urshifu\n|-resisted|p1b: Urshifu\n|-damage|p1b: Urshifu|63\/100\n|-status|p1b: Urshifu|brn\n|-damage|p2a: Arcanine|66\/100|[from] Recoil\n|\n|-damage|p1b: Urshifu|56\/100 brn|[from] brn\n|upkeep\n|turn|3\n|\n|t:|1700818035\n|switch|p2a: Flutter Mane|Flutter Mane, L50|100\/100\n|move|p2b: Urshifu|Aqua Jet|p1a: Tornadus\n|-damage|p1a: Tornadus|63\/100\n|move|p1b: Urshifu|Surging Strikes|p2a: Flutter Mane\n|-crit|p2a: Flutter Mane\n|-damage|p2a: Flutter Mane|84\/100\n|-crit|p2a: Flutter Mane\n|-damage|p2a: Flutter Mane|65\/100\n|-crit|p2a: Flutter Mane\n|-damage|p2a: Flutter Mane|47\/100\n|-hitcount|p2a: Flutter Mane|3\n|move|p1a: Tornadus|Bleakwind Storm|p2b: Urshifu|[spread] \n|-miss|p1a: Tornadus|p2a: Flutter Mane\n|-miss|p1a: Tornadus|p2b: Urshifu\n|\n|-damage|p1b: Urshifu|50\/100 brn|[from] brn\n|upkeep\n|turn|4\n|\n|t:|1700818056\n|move|p2b: Urshifu|Aqua Jet|p1a: Tornadus\n|-damage|p1a: Tornadus|24\/100\n|move|p1b: Urshifu|Surging Strikes|p2a: Flutter Mane\n|-crit|p2a: Flutter Mane\n|-damage|p2a: Flutter Mane|28\/100\n|-crit|p2a: Flutter Mane\n|-damage|p2a: Flutter Mane|12\/100\n|-crit|p2a: Flutter Mane\n|-damage|p2a: Flutter Mane|0 fnt\n|faint|p2a: Flutter Mane\n|-end|p2a: Flutter Mane|Protosynthesis|[silent]\n|-hitcount|p2: Flutter Mane|3\n|move|p1a: Tornadus|Bleakwind Storm|p2b: Urshifu\n|-supereffective|p2b: Urshifu\n|-damage|p2b: Urshifu|0 fnt\n|faint|p2b: Urshifu\n|\n|-damage|p1b: Urshifu|44\/100 brn|[from] brn\n|-end|p1a: Tornadus|move: Taunt\n|-sideend|p1: Pallante5|move: Tailwind\n|upkeep\n|\n|t:|1700818062\n|switch|p2b: Arcanine|Arcanine-Hisui, L50, F|66\/100\n|-ability|p2b: Arcanine|Intimidate|boost\n|-unboost|p1a: Tornadus|atk|1\n|-unboost|p1b: Urshifu|atk|1\n|turn|5\n|\n|t:|1700818084\n|switch|p1b: Rillaboom|Rillaboom, L50, M|100\/100\n|-fieldstart|move: Grassy Terrain|[from] ability: Grassy Surge|[of] p1b: Rillaboom\n|-terastallize|p2b: Arcanine|Fairy\n|move|p1a: Tornadus|Protect|p1a: Tornadus\n|-singleturn|p1a: Tornadus|Protect\n|move|p2b: Arcanine|Rock Slide|p1a: Tornadus|[spread] p1b\n|-activate|p1a: Tornadus|move: Protect\n|-damage|p1b: Rillaboom|62\/100\n|\n|-heal|p2b: Arcanine|73\/100|[from] Grassy Terrain\n|-heal|p1b: Rillaboom|68\/100|[from] Grassy Terrain\n|upkeep\n|turn|6\n|inactive|Pallante5 has 30 seconds left.\n|\n|t:|1700818109\n|move|p1a: Tornadus|Tailwind|p1a: Tornadus\n|-sidestart|p1: Pallante5|move: Tailwind\n|move|p1b: Rillaboom|Wood Hammer|p2b: Arcanine\n|-damage|p2b: Arcanine|0 fnt\n|faint|p2b: Arcanine\n|-damage|p1b: Rillaboom|47\/100|[from] Recoil\n|\n|win|Pallante5\n|raw|Pallante5's rating: 1346 &rarr; <strong>1371<\/strong><br \/>(+25 for winning)\n|raw|Gurrasnurra5's rating: 1428 &rarr; <strong>1403<\/strong><br \/>(-25 for losing)\n|l|\u2606Gurrasnurra5\n","uploadtime":1700818251,"views":7,"p1id":"pallante5","p2id":"gurrasnurra5","formatid":"gen9vgc2023regulatione","rating":1371,"private":0,"password":""}