{"id":"gen9vgc2023regulatione-2000076182","p1":"FlopyFlopsters","p2":"slugma the god","format":"[Gen 9] VGC 2023 Regulation E","log":"|j|\u2606FlopyFlopsters\n|j|\u2606slugma the god\n|t:|1701150330\n|gametype|doubles\n|player|p1|FlopyFlopsters|nate|\n|player|p2|slugma the god|266|\n|teamsize|p1|6\n|teamsize|p2|6\n|gen|9\n|tier|[Gen 9] VGC 2023 Regulation E\n|rated|Tournament battle\n|rule|Species Clause: Limit one of each Pok\u00e9mon\n|rule|Item Clause: Limit one of each item\n|clearpoke\n|poke|p1|Tornadus, L50, M|\n|poke|p1|Arcanine-Hisui, L50, M|\n|poke|p1|Sinistcha, L50|\n|poke|p1|Urshifu-*, L50, M|\n|poke|p1|Iron Hands, L50|\n|poke|p1|Farigiraf, L50, M|\n|poke|p2|Sneasler, L50, M|\n|poke|p2|Rillaboom, L50, F|\n|poke|p2|Ogerpon-Hearthflame, L50, F|\n|poke|p2|Okidogi, L50, M|\n|poke|p2|Landorus-Therian, L50, M|\n|poke|p2|Flutter Mane, L50|\n|teampreview|4\n|showteam|p1|Tornadus||CovertCloak|Prankster|BleakwindStorm,Tailwind,RainDance,Taunt|||M|||50|,,,,,Steel]Arcanine-Hisui||ChoiceBand|Intimidate|ExtremeSpeed,FlareBlitz,RockSlide,TeraBlast|||M|||50|,,,,,Fairy]Sinistcha||RockyHelmet|Hospitality|MatchaGotcha,RagePowder,StrengthSap,Protect||||||50|,,,,,Water]Urshifu-Rapid-Strike||MysticWater|UnseenFist|SurgingStrikes,CloseCombat,AquaJet,Detect|||M|||50|,,,,,Water]Iron Hands||AssaultVest|QuarkDrive|WildCharge,DrainPunch,HeavySlam,FakeOut||||||50|,,,,,Water]Farigiraf||SitrusBerry|ArmorTail|HyperVoice,DazzlingGleam,Imprison,TrickRoom|||M|||50|,,,,,Fairy\n|showteam|p2|Sneasler||GrassySeed|Unburden|DireClaw,SwordsDance,CloseCombat,Acrobatics|||M|||50|,,,,,Flying]Rillaboom||AssaultVest|GrassySurge|GrassyGlide,HighHorsepower,Uturn,FakeOut|||F|||50|,,,,,Grass]Ogerpon-Hearthflame||HearthflameMask|MoldBreaker|SwordsDance,GrassyGlide,IvyCudgel,SpikyShield|||F|||50|,,,,,Fire]Okidogi||RockyHelmet|ToxicChain|Snarl,Taunt,GunkShot,CloseCombat|||M|||50|,,,,,Poison]Landorus-Therian||ChoiceBand|Intimidate|Uturn,Earthquake,Crunch,StoneEdge|||M|||50|,,,,,Ground]Flutter Mane||BoosterEnergy|Protosynthesis|Hex,DazzlingGleam,EnergyBall,Protect||||||50|,,,,,Ghost\n|inactive|Battle timer is ON: inactive players will automatically lose when time's up. (requested by slugma the god)\n|inactive|FlopyFlopsters also wants the timer to be on.\n|j| moonybunny\n|c|\u2606FlopyFlopsters|glhf\n|c|\u2606slugma the god|glhf\n|inactive|FlopyFlopsters has 60 seconds left.\n|\n|t:|1701150366\n|start\n|switch|p1a: ForkuserVeeGeeCee|Tornadus, L50, M|100\/100\n|switch|p1b: Names are hard|Urshifu-Rapid-Strike, L50, M|100\/100\n|switch|p2a: Flutter Mane|Flutter Mane, L50|100\/100\n|switch|p2b: Ogerpon|Ogerpon-Hearthflame, L50, F|100\/100\n|-ability|p2b: Ogerpon|Mold Breaker\n|-enditem|p2a: Flutter Mane|Booster Energy\n|-activate|p2a: Flutter Mane|ability: Protosynthesis|[fromitem]\n|-start|p2a: Flutter Mane|protosynthesisspe\n|turn|1\n|j| FGC IRONGOD\n|l| FGC IRONGOD\n|inactive|slugma the god has 30 seconds left.\n|\n|t:|1701150392\n|-end|p2a: Flutter Mane|Protosynthesis|[silent]\n|switch|p2a: Rillaboom|Rillaboom, L50, F|100\/100\n|-fieldstart|move: Grassy Terrain|[from] ability: Grassy Surge|[of] p2a: Rillaboom\n|-terastallize|p2b: Ogerpon|Fire\n|detailschange|p2b: Ogerpon|Ogerpon-Hearthflame-Tera, L50, F, tera:Fire\n|-ability|p2b: Ogerpon|Embody Aspect (Hearthflame)|boost\n|-boost|p2b: Ogerpon|atk|1\n|move|p1b: Names are hard|Detect|p1b: Names are hard\n|-singleturn|p1b: Names are hard|Protect\n|move|p2b: Ogerpon|Grassy Glide|p1b: Names are hard\n|-activate|p1b: Names are hard|move: Protect\n|move|p1a: ForkuserVeeGeeCee|Bleakwind Storm|p2a: Rillaboom|[spread] p2b\n|-miss|p1a: ForkuserVeeGeeCee|p2a: Rillaboom\n|-damage|p2b: Ogerpon|64\/100\n|\n|-heal|p2b: Ogerpon|70\/100|[from] Grassy Terrain\n|upkeep\n|turn|2\n|inactive|slugma the god has 30 seconds left.\n|inactive|slugma the god has 20 seconds left.\n|inactive|slugma the god has 15 seconds left.\n|inactive|slugma the god has 10 seconds left.\n|inactive|slugma the god has 5 seconds left.\n|\n|t:|1701150442\n|switch|p1b: Billy|Iron Hands, L50|100\/100\n|move|p2b: Ogerpon|Grassy Glide|p1b: Billy\n|-damage|p1b: Billy|57\/100\n|move|p1a: ForkuserVeeGeeCee|Tailwind|p1a: ForkuserVeeGeeCee\n|-sidestart|p1: FlopyFlopsters|move: Tailwind\n|move|p2a: Rillaboom|Grassy Glide|p1b: Billy\n|-damage|p1b: Billy|28\/100\n|\n|-heal|p2b: Ogerpon|75\/100|[from] Grassy Terrain\n|-heal|p1b: Billy|34\/100|[from] Grassy Terrain\n|upkeep\n|turn|3\n|\n|t:|1701150451\n|move|p1b: Billy|Fake Out|p2b: Ogerpon\n|-damage|p2b: Ogerpon|55\/100\n|cant|p2b: Ogerpon|flinch\n|move|p2a: Rillaboom|Grassy Glide|p1b: Billy\n|-damage|p1b: Billy|5\/100\n|move|p1a: ForkuserVeeGeeCee|Bleakwind Storm|p2a: Rillaboom|[spread] p2b\n|-miss|p1a: ForkuserVeeGeeCee|p2a: Rillaboom\n|-damage|p2b: Ogerpon|18\/100\n|\n|-heal|p2b: Ogerpon|24\/100|[from] Grassy Terrain\n|-heal|p1b: Billy|11\/100|[from] Grassy Terrain\n|upkeep\n|turn|4\n|\n|t:|1701150460\n|move|p2a: Rillaboom|Grassy Glide|p1b: Billy\n|-damage|p1b: Billy|0 fnt\n|faint|p1b: Billy\n|-end|p1b: Billy|Quark Drive|[silent]\n|move|p1a: ForkuserVeeGeeCee|Bleakwind Storm|p2a: Rillaboom|[spread] p2a,p2b\n|-supereffective|p2a: Rillaboom\n|-damage|p2a: Rillaboom|53\/100\n|-damage|p2b: Ogerpon|0 fnt\n|-unboost|p2a: Rillaboom|spe|1\n|faint|p2b: Ogerpon\n|\n|-heal|p2a: Rillaboom|59\/100|[from] Grassy Terrain\n|upkeep\n|\n|t:|1701150469\n|switch|p2b: Sneasler|Sneasler, L50, M|100\/100\n|switch|p1b: MwagicwalArchwer|Arcanine-Hisui, L50, M|100\/100\n|-ability|p1b: MwagicwalArchwer|Intimidate|boost\n|-unboost|p2a: Rillaboom|atk|1\n|-unboost|p2b: Sneasler|atk|1\n|-enditem|p2b: Sneasler|Grassy Seed\n|-boost|p2b: Sneasler|def|1|[from] item: Grassy Seed\n|turn|5\n|\n|t:|1701150486\n|move|p1b: MwagicwalArchwer|Extreme Speed|p2a: Rillaboom\n|-damage|p2a: Rillaboom|22\/100\n|move|p2a: Rillaboom|Grassy Glide|p1b: MwagicwalArchwer\n|-damage|p1b: MwagicwalArchwer|66\/100\n|move|p2b: Sneasler|Dire Claw|p1b: MwagicwalArchwer\n|-resisted|p1b: MwagicwalArchwer\n|-damage|p1b: MwagicwalArchwer|48\/100\n|move|p1a: ForkuserVeeGeeCee|Bleakwind Storm|p2a: Rillaboom|[spread] p2a,p2b\n|-supereffective|p2a: Rillaboom\n|-supereffective|p2b: Sneasler\n|-damage|p2a: Rillaboom|0 fnt\n|-damage|p2b: Sneasler|27\/100\n|-unboost|p2b: Sneasler|spe|1\n|faint|p2a: Rillaboom\n|\n|-heal|p1b: MwagicwalArchwer|54\/100|[from] Grassy Terrain\n|-heal|p2b: Sneasler|33\/100|[from] Grassy Terrain\n|-sideend|p1: FlopyFlopsters|move: Tailwind\n|-fieldend|move: Grassy Terrain\n|upkeep\n|\n|t:|1701150490\n|switch|p2a: Flutter Mane|Flutter Mane, L50|100\/100\n|turn|6\n|j| Fair Playz Gamer\n|\n|t:|1701150500\n|move|p1b: MwagicwalArchwer|Extreme Speed|p2b: Sneasler\n|-damage|p2b: Sneasler|0 fnt\n|faint|p2b: Sneasler\n|move|p1a: ForkuserVeeGeeCee|Tailwind|p1a: ForkuserVeeGeeCee\n|-sidestart|p1: FlopyFlopsters|move: Tailwind\n|move|p2a: Flutter Mane|Dazzling Gleam|p1b: MwagicwalArchwer|[spread] p1a,p1b\n|-resisted|p1b: MwagicwalArchwer\n|-damage|p1a: ForkuserVeeGeeCee|62\/100\n|-damage|p1b: MwagicwalArchwer|37\/100\n|\n|upkeep\n|turn|7\n|\n|t:|1701150509\n|move|p1b: MwagicwalArchwer|Extreme Speed|p2a: Flutter Mane\n|-immune|p2a: Flutter Mane\n|move|p1a: ForkuserVeeGeeCee|Bleakwind Storm|p2a: Flutter Mane\n|-crit|p2a: Flutter Mane\n|-damage|p2a: Flutter Mane|34\/100\n|-unboost|p2a: Flutter Mane|spe|1\n|move|p2a: Flutter Mane|Dazzling Gleam|p1a: ForkuserVeeGeeCee|[spread] p1a,p1b\n|-resisted|p1b: MwagicwalArchwer\n|-damage|p1a: ForkuserVeeGeeCee|29\/100\n|-damage|p1b: MwagicwalArchwer|17\/100\n|\n|upkeep\n|turn|8\n|\n|t:|1701150516\n|move|p2a: Flutter Mane|Protect|p2a: Flutter Mane\n|-singleturn|p2a: Flutter Mane|Protect\n|move|p1b: MwagicwalArchwer|Extreme Speed|p2a: Flutter Mane\n|-activate|p2a: Flutter Mane|move: Protect\n|move|p1a: ForkuserVeeGeeCee|Bleakwind Storm|p2a: Flutter Mane\n|-activate|p2a: Flutter Mane|move: Protect\n|\n|upkeep\n|turn|9\n|\n|t:|1701150520\n|move|p1b: MwagicwalArchwer|Extreme Speed|p2a: Flutter Mane\n|-immune|p2a: Flutter Mane\n|move|p1a: ForkuserVeeGeeCee|Bleakwind Storm|p2a: Flutter Mane|[miss]\n|-miss|p1a: ForkuserVeeGeeCee|p2a: Flutter Mane\n|move|p2a: Flutter Mane|Hex|p1a: ForkuserVeeGeeCee\n|-damage|p1a: ForkuserVeeGeeCee|0 fnt\n|faint|p1a: ForkuserVeeGeeCee\n|\n|-sideend|p1: FlopyFlopsters|move: Tailwind\n|upkeep\n|\n|t:|1701150524\n|switch|p1a: Names are hard|Urshifu-Rapid-Strike, L50, M|100\/100\n|turn|10\n|\n|t:|1701150529\n|-terastallize|p1a: Names are hard|Water\n|move|p1b: MwagicwalArchwer|Extreme Speed|p2a: Flutter Mane\n|-immune|p2a: Flutter Mane\n|move|p1a: Names are hard|Aqua Jet|p2a: Flutter Mane\n|-damage|p2a: Flutter Mane|0 fnt\n|faint|p2a: Flutter Mane\n|-end|p2a: Flutter Mane|Protosynthesis|[silent]\n|\n|win|FlopyFlopsters\n|n|\u2606FlopyFlopsters|flopyflopsters\n|n|\u2606slugma the god|slugmathegod\n|n| moonybunny|moonybunny\n|n| Fair Playz Gamer|fairplayzgamer\n","uploadtime":1701150530,"views":4,"p1id":"flopyflopsters","p2id":"slugmathegod","formatid":"gen9vgc2023regulatione","rating":0,"private":0,"password":""}