{"id":"gen9vgc2023regulatione-1992591767","p1":"Maarki","p2":"5Sscreen","format":"[Gen 9] VGC 2023 Regulation E","log":"|j|\u2606Maarki\n|j|\u26065Sscreen\n|t:|1700211283\n|gametype|doubles\n|player|p1|Maarki|ninjaboy|1193\n|player|p2|5Sscreen|pokekid|1137\n|teamsize|p1|6\n|teamsize|p2|6\n|gen|9\n|tier|[Gen 9] VGC 2023 Regulation E\n|rated|\n|rule|Species Clause: Limit one of each Pok\u00e9mon\n|rule|Item Clause: Limit one of each item\n|clearpoke\n|poke|p1|Politoed, L50, M|\n|poke|p1|Thundurus, L50, M|\n|poke|p1|Gothitelle, L50, F|\n|poke|p1|Sinistcha, L50|\n|poke|p1|Arcanine-Hisui, L50, M|\n|poke|p1|Palafin, L50, M|\n|poke|p2|Annihilape, L50, F|\n|poke|p2|Sinistcha, L50|\n|poke|p2|Grimmsnarl, L50, M|\n|poke|p2|Landorus-Therian, L50, M|\n|poke|p2|Bellibolt, L50, M|\n|poke|p2|Corviknight, L50, M|\n|teampreview|4\n|\n|t:|1700211315\n|start\n|switch|p1a: Arcanine|Arcanine-Hisui, L50, M|100\/100\n|switch|p1b: Palafin|Palafin, L50, M|100\/100\n|switch|p2a: Grimmsnarl|Grimmsnarl, L50, M, shiny|100\/100\n|switch|p2b: Landorus|Landorus-Therian, L50, M|100\/100\n|-ability|p2b: Landorus|Intimidate|boost\n|-unboost|p1a: Arcanine|atk|1\n|-unboost|p1b: Palafin|atk|1\n|-ability|p1a: Arcanine|Intimidate|boost\n|-unboost|p2a: Grimmsnarl|atk|1\n|-unboost|p2b: Landorus|atk|1\n|turn|1\n|inactive|Battle timer is ON: inactive players will automatically lose when time's up. (requested by 5Sscreen)\n|\n|t:|1700211352\n|switch|p2b: Bellibolt|Bellibolt, L50, M, shiny|100\/100\n|-terastallize|p1a: Arcanine|Grass\n|move|p2a: Grimmsnarl|Reflect|p2a: Grimmsnarl\n|-sidestart|p2: 5Sscreen|Reflect\n|move|p1b: Palafin|Flip Turn|p2b: Bellibolt\n|-damage|p2b: Bellibolt|93\/100\n|-start|p2b: Bellibolt|Charge|Flip Turn|[from] ability: Electromorphosis\n|\n|t:|1700211370\n|detailschange|p1b: Palafin|Palafin-Hero, L50, M\n|switch|p1b: Thundurus|Thundurus, L50, M|100\/100|[from] Flip Turn\n|move|p1a: Arcanine|Head Smash|p2a: Grimmsnarl\n|-damage|p2a: Grimmsnarl|44\/100\n|-damage|p1a: Arcanine|69\/100|[from] Recoil\n|\n|upkeep\n|turn|2\n|inactive|Maarki has 30 seconds left.\n|inactive|Maarki has 20 seconds left.\n|inactive|Maarki has 15 seconds left.\n|\n|t:|1700211412\n|move|p1b: Thundurus|Taunt|p2a: Grimmsnarl\n|-hint|Since gen 7, Dark is immune to Prankster moves.\n|-immune|p2a: Grimmsnarl\n|move|p2a: Grimmsnarl|Parting Shot|p1a: Arcanine\n|-unboost|p1a: Arcanine|atk|1\n|-unboost|p1a: Arcanine|spa|1\n|\n|t:|1700211420\n|switch|p2a: Landorus|Landorus-Therian, L50, M|100\/100|[from] Parting Shot\n|-ability|p2a: Landorus|Intimidate|boost\n|-unboost|p1a: Arcanine|atk|1\n|-unboost|p1b: Thundurus|atk|1\n|move|p1a: Arcanine|Head Smash|p2b: Bellibolt\n|-damage|p2b: Bellibolt|69\/100\n|-start|p2b: Bellibolt|Charge|Head Smash|[from] ability: Electromorphosis\n|-damage|p1a: Arcanine|54\/100|[from] Recoil\n|move|p2b: Bellibolt|Parabolic Charge|p1a: Arcanine|[spread] p1a,p1b\n|-immune|p2a: Landorus\n|-resisted|p1a: Arcanine\n|-damage|p1a: Arcanine|33\/100\n|-heal|p2b: Bellibolt|78\/100|[from] drain|[of] p1a: Arcanine\n|-damage|p1b: Thundurus|69\/100\n|-heal|p2b: Bellibolt|91\/100|[from] drain|[of] p1b: Thundurus\n|-end|p2b: Bellibolt|Charge|[silent]\n|\n|upkeep\n|turn|3\n|inactive|Maarki has 30 seconds left.\n|inactive|5Sscreen has 30 seconds left.\n|inactive|Maarki has 20 seconds left.\n|inactive|Maarki has 15 seconds left.\n|inactive|Maarki has 10 seconds left.\n|\n|t:|1700211466\n|move|p1b: Thundurus|Thunder Wave|p2a: Landorus\n|-immune|p2a: Landorus\n|move|p2a: Landorus|U-turn|p1a: Arcanine\n|-supereffective|p1a: Arcanine\n|-damage|p1a: Arcanine|0 fnt\n|faint|p1a: Arcanine\n|\n|t:|1700211473\n|switch|p2a: Grimmsnarl|Grimmsnarl, L50, M, shiny|44\/100|[from] U-turn\n|move|p2b: Bellibolt|Parabolic Charge|p1b: Thundurus|[spread] p2a,p1b\n|-damage|p2a: Grimmsnarl|27\/100\n|-heal|p2b: Bellibolt|99\/100|[from] drain|[of] p2a: Grimmsnarl\n|-damage|p1b: Thundurus|50\/100\n|-heal|p2b: Bellibolt|100\/100|[from] drain|[of] p1b: Thundurus\n|\n|upkeep\n|\n|t:|1700211483\n|switch|p1a: Palafin|Palafin-Hero, L50, M|100\/100\n|-activate|p1a: Palafin|ability: Zero to Hero\n|turn|4\n|\n|t:|1700211500\n|move|p1b: Thundurus|Rain Dance|p1b: Thundurus\n|-weather|RainDance\n|move|p2a: Grimmsnarl|Parting Shot|p1a: Palafin\n|-unboost|p1a: Palafin|atk|1\n|-unboost|p1a: Palafin|spa|1\n|\n|t:|1700211505\n|switch|p2a: Sinistcha|Sinistcha, L50|100\/100|[from] Parting Shot\n|move|p1a: Palafin|Close Combat|p2b: Bellibolt\n|-damage|p2b: Bellibolt|84\/100\n|-unboost|p1a: Palafin|def|1\n|-unboost|p1a: Palafin|spd|1\n|-start|p2b: Bellibolt|Charge|Close Combat|[from] ability: Electromorphosis\n|move|p2b: Bellibolt|Thunderbolt|p1a: Palafin\n|-supereffective|p1a: Palafin\n|-damage|p1a: Palafin|0 fnt\n|faint|p1a: Palafin\n|-end|p2b: Bellibolt|Charge|[silent]\n|\n|-weather|RainDance|[upkeep]\n|upkeep\n|\n|t:|1700211518\n|switch|p1a: Politoed|Politoed, L50, M, shiny|100\/100\n|turn|5\n|\n|t:|1700211526\n|move|p2a: Sinistcha|Protect|p2a: Sinistcha\n|-singleturn|p2a: Sinistcha|Protect\n|move|p1b: Thundurus|Wildbolt Storm|p2b: Bellibolt|[spread] p2b\n|-activate|p2a: Sinistcha|move: Protect\n|-resisted|p2b: Bellibolt\n|-damage|p2b: Bellibolt|75\/100\n|-start|p2b: Bellibolt|Charge|Wildbolt Storm|[from] ability: Electromorphosis\n|move|p1a: Politoed|Muddy Water|p2a: Sinistcha|[spread] p2b\n|-activate|p2a: Sinistcha|move: Protect\n|-damage|p2b: Bellibolt|54\/100\n|-unboost|p2b: Bellibolt|accuracy|1\n|-start|p2b: Bellibolt|Charge|Muddy Water|[from] ability: Electromorphosis\n|move|p2b: Bellibolt|Parabolic Charge|p1a: Politoed|[spread] p1a,p1b\n|-activate|p2a: Sinistcha|move: Protect\n|-supereffective|p1a: Politoed\n|-damage|p1a: Politoed|33\/100\n|-heal|p2b: Bellibolt|84\/100|[from] drain|[of] p1a: Politoed\n|-damage|p1b: Thundurus|17\/100\n|-heal|p2b: Bellibolt|99\/100|[from] drain|[of] p1b: Thundurus\n|-end|p2b: Bellibolt|Charge|[silent]\n|\n|-weather|RainDance|[upkeep]\n|upkeep\n|turn|6\n|inactive|5Sscreen has 30 seconds left.\n|\n|t:|1700211554\n|move|p1b: Thundurus|Wildbolt Storm|p2b: Bellibolt|[spread] p2a,p2b\n|-resisted|p2a: Sinistcha\n|-resisted|p2b: Bellibolt\n|-damage|p2a: Sinistcha|85\/100\n|-damage|p2b: Bellibolt|90\/100\n|-status|p2a: Sinistcha|par\n|-start|p2b: Bellibolt|Charge|Wildbolt Storm|[from] ability: Electromorphosis\n|move|p1a: Politoed|Muddy Water|p2a: Sinistcha|[spread] p2a,p2b\n|-resisted|p2a: Sinistcha\n|-damage|p2a: Sinistcha|70\/100 par\n|-damage|p2b: Bellibolt|70\/100\n|-start|p2b: Bellibolt|Charge|Muddy Water|[from] ability: Electromorphosis\n|move|p2a: Sinistcha|Matcha Gotcha|p1a: Politoed|[spread] p1a,p1b\n|-supereffective|p1a: Politoed\n|-resisted|p1b: Thundurus\n|-damage|p1a: Politoed|0 fnt\n|-heal|p2a: Sinistcha|88\/100 par|[from] drain|[of] p1a: Politoed\n|-damage|p1b: Thundurus|6\/100\n|-heal|p2a: Sinistcha|94\/100 par|[from] drain|[of] p1b: Thundurus\n|faint|p1a: Politoed\n|move|p2b: Bellibolt|Parabolic Charge|p1b: Thundurus|[spread] p2a,p1b\n|-resisted|p2a: Sinistcha\n|-damage|p2a: Sinistcha|75\/100 par\n|-heal|p2b: Bellibolt|78\/100|[from] drain|[of] p2a: Sinistcha\n|-damage|p1b: Thundurus|0 fnt\n|-heal|p2b: Bellibolt|81\/100|[from] drain|[of] p1b: Thundurus\n|faint|p1b: Thundurus\n|-end|p2b: Bellibolt|Charge|[silent]\n|\n|win|5Sscreen\n|raw|Maarki's rating: 1193 &rarr; <strong>1164<\/strong><br \/>(-29 for losing)\n|raw|5Sscreen's rating: 1137 &rarr; <strong>1166<\/strong><br \/>(+29 for winning)\n","uploadtime":1700211580,"views":24,"p1id":"maarki","p2id":"5sscreen","formatid":"gen9vgc2023regulatione","rating":1164,"private":0,"password":""}