{"id":"gen9vgc2023regulatione-1989049831","p1":"rrhizler","p2":"PenglinHeHe","format":"[Gen 9] VGC 2023 Regulation E","log":"|j|\u2606rrhizler\n|j|\u2606PenglinHeHe\n|n|\u2606rrhizler|rrhizler\n|n|\u2606PenglinHeHe|penglinhehe\n|html|View the match progress at <a href=\"\/game-bestof3-gen9vgc2023regulatione-1989045078\">game-bestof3-gen9vgc2023regulatione-1989045078<\/a>\n|t:|1699806570\n|gametype|doubles\n|player|p1|rrhizler|102|\n|player|p2|PenglinHeHe|lady|\n|teamsize|p1|6\n|teamsize|p2|6\n|gen|9\n|tier|[Gen 9] VGC 2023 Regulation E\n|rule|Species Clause: Limit one of each Pok\u00e9mon\n|rule|Item Clause: Limit one of each item\n|clearpoke\n|poke|p1|Gholdengo, L50|\n|poke|p1|Iron Hands, L50|\n|poke|p1|Amoonguss, L50, M|\n|poke|p1|Scream Tail, L50|\n|poke|p1|Pelipper, L50, M|\n|poke|p1|Salamence, L50, F|\n|poke|p2|Indeedee-F, L50, F|\n|poke|p2|Sylveon, L50, F|\n|poke|p2|Armarouge, L50, M|\n|poke|p2|Murkrow, L50, F|\n|poke|p2|Urshifu-*, L50, F|\n|poke|p2|Chi-Yu, L50|\n|teampreview|4\n|inactive|Battle timer is ON: inactive players will automatically lose when time's up. (requested by PenglinHeHe)\nPenglinHeHe has agreed to open team sheets.\nrrhizler has agreed to open team sheets.\n|showteam|p1|Gholdengo||Leftovers|GoodasGold|MakeItRain,NastyPlot,ShadowBall,Protect||||||50|,,,,,Dragon]Iron Hands||AssaultVest|QuarkDrive|FakeOut,HeavySlam,WildCharge,DrainPunch||||||50|,,,,,Water]Amoonguss||SitrusBerry|Regenerator|Spore,RagePowder,PollenPuff,Protect|||M|||50|,,,,,Water]Scream Tail||BoosterEnergy|Protosynthesis|Disable,Encore,Protect,PsychicFangs||||||50|,,,,,Water]Pelipper||FocusSash|Drizzle|Hurricane,WeatherBall,Protect,WideGuard|||M|||50|,,,,,Flying]Salamence||ChoiceScarf|Intimidate|Hurricane,DracoMeteor,Tailwind,AirSlash|||F|||50|,,,,,Flying\n|showteam|p2|Indeedee-F||SafetyGoggles|PsychicSurge|FollowMe,HealPulse,Psychic,TrickRoom|||F|||50|,,,,,Dragon]Sylveon||SitrusBerry|Pixilate|ShadowBall,HyperVoice,CalmMind,Detect|||F|||50|,,,,,Ghost]Armarouge||LifeOrb|FlashFire|HeatWave,ExpandingForce,TeraBlast,Protect|||M|||50|,,,,,Fairy]Murkrow||FocusSash|Prankster|Tailwind,Flatter,RainDance,Snarl|||F|||50|,,,,,Ghost]Urshifu-Rapid-Strike||ChoiceScarf|UnseenFist|SurgingStrikes,DrainPunch,PoisonJab,Uturn|||F|||50|,,,,,Poison]Chi-Yu||MirrorHerb|BeadsofRuin|TeraBlast,BurningJealousy,DarkPulse,Protect||||||50|,,,,,Water\n|inactive|rrhizler has 30 seconds left.\n|inactive|rrhizler has 20 seconds left.\n|inactive|rrhizler has 15 seconds left.\n|inactive|rrhizler has 10 seconds left.\n|\n|t:|1699806632\n|start\n|switch|p1a: Pelipper|Pelipper, L50, M|100\/100\n|switch|p1b: Salamence|Salamence, L50, F|100\/100\n|switch|p2a: Sylveon|Sylveon, L50, F|100\/100\n|switch|p2b: Murkrow|Murkrow, L50, F, shiny|100\/100\n|-ability|p1b: Salamence|Intimidate|boost\n|-unboost|p2a: Sylveon|atk|1\n|-unboost|p2b: Murkrow|atk|1\n|-weather|RainDance|[from] ability: Drizzle|[of] p1a: Pelipper\n|turn|1\n|inactive|rrhizler has 30 seconds left.\n|inactive|rrhizler has 20 seconds left.\n|inactive|rrhizler has 15 seconds left.\n|inactive|rrhizler has 10 seconds left.\n|\n|t:|1699806679\n|-terastallize|p1b: Salamence|Flying\n|move|p2a: Sylveon|Detect|p2a: Sylveon\n|-singleturn|p2a: Sylveon|Protect\n|move|p1b: Salamence|Hurricane|p2a: Sylveon\n|-activate|p2a: Sylveon|move: Protect\n|move|p2b: Murkrow|Snarl|p1b: Salamence|[spread] p1a,p1b\n|-damage|p1a: Pelipper|80\/100\n|-damage|p1b: Salamence|86\/100\n|-unboost|p1a: Pelipper|spa|1\n|-unboost|p1b: Salamence|spa|1\n|move|p1a: Pelipper|Weather Ball|p2a: Sylveon\n|-activate|p2a: Sylveon|move: Protect\n|\n|-weather|RainDance|[upkeep]\n|upkeep\n|turn|2\n|\n|t:|1699806703\n|move|p1a: Pelipper|Wide Guard|p1a: Pelipper\n|-singleturn|p1a: Pelipper|Wide Guard\n|move|p2b: Murkrow|Tailwind|p2b: Murkrow\n|-sidestart|p2: PenglinHeHe|move: Tailwind\n|move|p1b: Salamence|Hurricane|p2a: Sylveon\n|-damage|p2a: Sylveon|66\/100\n|-start|p2a: Sylveon|confusion\n|-activate|p2a: Sylveon|confusion\n|-damage|p2a: Sylveon|62\/100|[from] confusion\n|\n|-weather|RainDance|[upkeep]\n|upkeep\n|turn|3\n|c|\u2606PenglinHeHe|breh\n|\n|t:|1699806725\n|switch|p1a: Amoonguss|Amoonguss, L50, M|100\/100\n|move|p2b: Murkrow|Snarl|p1b: Salamence|[spread] p1a,p1b\n|-crit|p1a: Amoonguss\n|-damage|p1a: Amoonguss|84\/100\n|-damage|p1b: Salamence|71\/100\n|-unboost|p1a: Amoonguss|spa|1\n|-unboost|p1b: Salamence|spa|1\n|move|p1b: Salamence|Hurricane|p2b: Murkrow\n|-damage|p2b: Murkrow|29\/100\n|-activate|p2a: Sylveon|confusion\n|move|p2a: Sylveon|Calm Mind|p2a: Sylveon\n|-boost|p2a: Sylveon|spa|1\n|-boost|p2a: Sylveon|spd|1\n|\n|-weather|RainDance|[upkeep]\n|upkeep\n|turn|4\n|\n|t:|1699806742\n|switch|p2b: Indeedee|Indeedee-F, L50, F, shiny|100\/100\n|-fieldstart|move: Psychic Terrain|[from] ability: Psychic Surge|[of] p2b: Indeedee\n|-activate|p2a: Sylveon|confusion\n|move|p2a: Sylveon|Detect|p2a: Sylveon\n|-singleturn|p2a: Sylveon|Protect\n|move|p1b: Salamence|Hurricane|p2a: Sylveon\n|-activate|p2a: Sylveon|move: Protect\n|move|p1a: Amoonguss|Spore|p2a: Sylveon\n|-activate|p2a: Sylveon|move: Protect\n|\n|-weather|RainDance|[upkeep]\n|upkeep\n|turn|5\n|\n|t:|1699806762\n|switch|p1b: Iron Hands|Iron Hands, L50|100\/100\n|-terastallize|p2b: Indeedee|Dragon\n|move|p2b: Indeedee|Follow Me|p2b: Indeedee\n|-singleturn|p2b: Indeedee|move: Follow Me\n|-end|p2a: Sylveon|confusion\n|move|p2a: Sylveon|Calm Mind|p2a: Sylveon\n|-boost|p2a: Sylveon|spa|1\n|-boost|p2a: Sylveon|spd|1\n|move|p1a: Amoonguss|Pollen Puff|p2b: Indeedee\n|-damage|p2b: Indeedee|88\/100\n|\n|-weather|none\n|-sideend|p2: PenglinHeHe|move: Tailwind\n|upkeep\n|turn|6\n|inactive|rrhizler has 30 seconds left.\n|inactive|rrhizler has 20 seconds left.\n|inactive|rrhizler has 15 seconds left.\n|inactive|rrhizler has 10 seconds left.\n|\n|t:|1699806810\n|-end|p1b: Iron Hands|Quark Drive|[silent]\n|switch|p1b: Salamence|Salamence, L50, F, tera:Flying|71\/100\n|-ability|p1b: Salamence|Intimidate|boost\n|-unboost|p2a: Sylveon|atk|1\n|-unboost|p2b: Indeedee|atk|1\n|move|p1a: Amoonguss|Protect|p1a: Amoonguss\n|-singleturn|p1a: Amoonguss|Protect\n|move|p2b: Indeedee|Follow Me|p2b: Indeedee\n|-singleturn|p2b: Indeedee|move: Follow Me\n|move|p2a: Sylveon|Calm Mind|p2a: Sylveon\n|-boost|p2a: Sylveon|spa|1\n|-boost|p2a: Sylveon|spd|1\n|\n|upkeep\n|turn|7\n|inactive|rrhizler has 30 seconds left.\n|\n|t:|1699806842\n|switch|p2b: Chi-Yu|Chi-Yu, L50|100\/100\n|-ability|p2b: Chi-Yu|Beads of Ruin\n|switch|p1a: Pelipper|Pelipper, L50, M|80\/100\n|-weather|RainDance|[from] ability: Drizzle|[of] p1a: Pelipper\n|move|p1b: Salamence|Hurricane|p2a: Sylveon\n|-damage|p2a: Sylveon|35\/100\n|-enditem|p2a: Sylveon|Sitrus Berry|[eat]\n|-heal|p2a: Sylveon|59\/100|[from] item: Sitrus Berry\n|move|p2a: Sylveon|Hyper Voice|p1a: Pelipper|[spread] p1a,p1b\n|-damage|p1a: Pelipper|0 fnt\n|-damage|p1b: Salamence|0 fnt\n|faint|p1a: Pelipper\n|faint|p1b: Salamence\n|\n|-weather|RainDance|[upkeep]\n|upkeep\n|\n|t:|1699806852\n|switch|p1b: Amoonguss|Amoonguss, L50, M|100\/100\n|switch|p1a: Iron Hands|Iron Hands, L50|100\/100\n|turn|8\n|inactive|rrhizler has 30 seconds left.\n|inactive|PenglinHeHe has 30 seconds left.\n|\n|t:|1699806886\n|switch|p2b: Indeedee|Indeedee-F, L50, F, shiny, tera:Dragon|88\/100\n|move|p2a: Sylveon|Detect|p2a: Sylveon\n|-singleturn|p2a: Sylveon|Protect\n|move|p1a: Iron Hands|Heavy Slam|p2a: Sylveon\n|-activate|p2a: Sylveon|move: Protect\n|move|p1b: Amoonguss|Spore|p2b: Indeedee\n|-activate|p2b: Indeedee|item: Safety Goggles|Spore\n|\n|-weather|RainDance|[upkeep]\n|-fieldend|move: Psychic Terrain\n|upkeep\n|turn|9\n|c|\u2606PenglinHeHe|lmao\n|\n|t:|1699806902\n|move|p2b: Indeedee|Follow Me|p2b: Indeedee\n|-singleturn|p2b: Indeedee|move: Follow Me\n|move|p2a: Sylveon|Hyper Voice|p1b: Amoonguss|[spread] p1a,p1b\n|-supereffective|p1a: Iron Hands\n|-resisted|p1b: Amoonguss\n|-damage|p1a: Iron Hands|10\/100\n|-damage|p1b: Amoonguss|57\/100\n|move|p1a: Iron Hands|Drain Punch|p2b: Indeedee\n|-damage|p2b: Indeedee|42\/100\n|-heal|p1a: Iron Hands|27\/100|[from] drain|[of] p2b: Indeedee\n|move|p1b: Amoonguss|Spore|p2b: Indeedee\n|-activate|p2b: Indeedee|item: Safety Goggles|Spore\n|\n|-weather|RainDance|[upkeep]\n|upkeep\n|turn|10\n|c|\u2606PenglinHeHe|you havent used ur tera havent u?\n|\n|t:|1699806920\n|move|p1b: Amoonguss|Rage Powder|p1b: Amoonguss\n|-singleturn|p1b: Amoonguss|move: Rage Powder\n|move|p2b: Indeedee|Heal Pulse|p2a: Sylveon\n|-heal|p2a: Sylveon|100\/100\n|move|p2a: Sylveon|Hyper Voice|p1b: Amoonguss|[spread] p1a,p1b\n|-supereffective|p1a: Iron Hands\n|-resisted|p1b: Amoonguss\n|-damage|p1a: Iron Hands|0 fnt\n|-damage|p1b: Amoonguss|13\/100\n|-enditem|p1b: Amoonguss|Sitrus Berry|[eat]\n|-heal|p1b: Amoonguss|38\/100|[from] item: Sitrus Berry\n|faint|p1a: Iron Hands\n|-end|p1a: Iron Hands|Quark Drive|[silent]\n|\n|-weather|RainDance|[upkeep]\n|upkeep\n|turn|11\n|c|\u2606PenglinHeHe|ggs\n|c|\u2606PenglinHeHe|oh\n|-message|rrhizler forfeited.\n|\n|win|PenglinHeHe\n|c|\u2606PenglinHeHe|i thought you didnt use ur tera yet\n","uploadtime":1699806985,"views":8,"p1id":"rrhizler","p2id":"penglinhehe","formatid":"gen9vgc2023regulatione","rating":0,"private":0,"password":""}