{"id":"gen9vgc2023regulatione-1991698029","p1":"5Sscreen","p2":"Pranag140","format":"[Gen 9] VGC 2023 Regulation E","log":"|j|\u26065Sscreen\n|j|\u2606Pranag140\n|t:|1700103966\n|gametype|doubles\n|player|p1|5Sscreen|pokekid|1138\n|player|p2|Pranag140|266|1124\n|teamsize|p1|6\n|teamsize|p2|6\n|gen|9\n|tier|[Gen 9] VGC 2023 Regulation E\n|rated|\n|rule|Species Clause: Limit one of each Pok\u00e9mon\n|rule|Item Clause: Limit one of each item\n|clearpoke\n|poke|p1|Scream Tail, L50|\n|poke|p1|Annihilape, L50, M|\n|poke|p1|Landorus-Therian, L50, M|\n|poke|p1|Heatran, L50, F|\n|poke|p1|Sinistcha, L50|\n|poke|p1|Amoonguss, L50, F|\n|poke|p2|Tornadus, L50, M|\n|poke|p2|Iron Hands, L50|\n|poke|p2|Flutter Mane, L50|\n|poke|p2|Tauros-Paldea-Blaze, L50, M|\n|poke|p2|Ogerpon-Wellspring, L50, F|\n|poke|p2|Chien-Pao, L50|\n|teampreview|4\n|\n|t:|1700104012\n|start\n|switch|p1a: Scream Tail|Scream Tail, L50|100\/100\n|switch|p1b: Landorus|Landorus-Therian, L50, M|100\/100\n|switch|p2a: Iron Hands|Iron Hands, L50|100\/100\n|switch|p2b: Flutter Mane|Flutter Mane, L50|100\/100\n|-ability|p1b: Landorus|Intimidate|boost\n|-unboost|p2a: Iron Hands|atk|1\n|-unboost|p2b: Flutter Mane|atk|1\n|-enditem|p2b: Flutter Mane|Booster Energy\n|-activate|p2b: Flutter Mane|ability: Protosynthesis|[fromitem]\n|-start|p2b: Flutter Mane|protosynthesisspe\n|-enditem|p1a: Scream Tail|Booster Energy\n|-activate|p1a: Scream Tail|ability: Protosynthesis|[fromitem]\n|-start|p1a: Scream Tail|protosynthesisspe\n|turn|1\n|inactive|Battle timer is ON: inactive players will automatically lose when time's up. (requested by 5Sscreen)\n|\n|t:|1700104071\n|switch|p1b: Heatran|Heatran, L50, F|100\/100\n|move|p2a: Iron Hands|Fake Out|p1b: Heatran\n|-resisted|p1b: Heatran\n|-crit|p1b: Heatran\n|-damage|p1b: Heatran|91\/100\n|move|p2b: Flutter Mane|Shadow Ball|p1a: Scream Tail\n|-supereffective|p1a: Scream Tail\n|-damage|p1a: Scream Tail|37\/100\n|move|p1a: Scream Tail|Thunder Wave|p2b: Flutter Mane\n|-status|p2b: Flutter Mane|par\n|\n|upkeep\n|turn|2\n|inactive|5Sscreen has 30 seconds left.\n|inactive|5Sscreen has 20 seconds left.\n|inactive|5Sscreen has 15 seconds left.\n|inactive|5Sscreen has 10 seconds left.\n|\n|t:|1700104119\n|move|p2b: Flutter Mane|Protect|p2b: Flutter Mane\n|-singleturn|p2b: Flutter Mane|Protect\n|move|p1a: Scream Tail|Play Rough|p2a: Iron Hands\n|-supereffective|p2a: Iron Hands\n|-damage|p2a: Iron Hands|76\/100\n|move|p1b: Heatran|Flash Cannon|p2b: Flutter Mane\n|-activate|p2b: Flutter Mane|move: Protect\n|move|p2a: Iron Hands|Drain Punch|p1b: Heatran\n|-supereffective|p1b: Heatran\n|-damage|p1b: Heatran|41\/100\n|-heal|p2a: Iron Hands|95\/100|[from] drain|[of] p1b: Heatran\n|\n|upkeep\n|turn|3\n|inactive|5Sscreen has 30 seconds left.\n|\n|t:|1700104146\n|switch|p1b: Sinistcha|Sinistcha, L50|100\/100\n|-heal|p1a: Scream Tail|62\/100|[from] ability: Hospitality|[of] p1b: Sinistcha\n|move|p1a: Scream Tail|Play Rough|p2b: Flutter Mane\n|-damage|p2b: Flutter Mane|58\/100 par\n|cant|p2b: Flutter Mane|par\n|move|p2a: Iron Hands|Drain Punch|p1b: Sinistcha\n|-immune|p1b: Sinistcha\n|\n|upkeep\n|turn|4\n|\n|t:|1700104171\n|-end|p2a: Iron Hands|Quark Drive|[silent]\n|switch|p2a: Chien-Pao|Chien-Pao, L50|100\/100\n|-ability|p2a: Chien-Pao|Sword of Ruin\n|move|p1a: Scream Tail|Disable||[still]\n|-fail|p1a: Scream Tail\n|move|p2b: Flutter Mane|Shadow Ball|p1a: Scream Tail\n|-supereffective|p1a: Scream Tail\n|-damage|p1a: Scream Tail|1\/100\n|move|p1b: Sinistcha|Hex|p2b: Flutter Mane\n|-supereffective|p2b: Flutter Mane\n|-damage|p2b: Flutter Mane|0 fnt\n|faint|p2b: Flutter Mane\n|-end|p2b: Flutter Mane|Protosynthesis|[silent]\n|\n|upkeep\n|\n|t:|1700104185\n|switch|p2b: Iron Hands|Iron Hands, L50|95\/100\n|turn|5\n|\n|t:|1700104202\n|-end|p1a: Scream Tail|Protosynthesis|[silent]\n|switch|p1a: Landorus|Landorus-Therian, L50, M|100\/100\n|-ability|p1a: Landorus|Intimidate|boost\n|-unboost|p2a: Chien-Pao|atk|1\n|-unboost|p2b: Iron Hands|atk|1\n|move|p1b: Sinistcha|Protect|p1b: Sinistcha\n|-singleturn|p1b: Sinistcha|Protect\n|move|p2b: Iron Hands|Fake Out|p1a: Landorus\n|-crit|p1a: Landorus\n|-damage|p1a: Landorus|70\/100\n|move|p2a: Chien-Pao|Sucker Punch||[still]\n|-fail|p2a: Chien-Pao\n|\n|upkeep\n|turn|6\n|inactive|5Sscreen has 30 seconds left.\n|\n|t:|1700104231\n|-terastallize|p1b: Sinistcha|Water\n|move|p2a: Chien-Pao|Protect|p2a: Chien-Pao\n|-singleturn|p2a: Chien-Pao|Protect\n|move|p1b: Sinistcha|Rage Powder|p1b: Sinistcha\n|-singleturn|p1b: Sinistcha|move: Rage Powder\n|move|p1a: Landorus|Stomping Tantrum|p2b: Iron Hands\n|-supereffective|p2b: Iron Hands\n|-damage|p2b: Iron Hands|13\/100\n|move|p2b: Iron Hands|Drain Punch|p1b: Sinistcha\n|-damage|p1b: Sinistcha|68\/100\n|-heal|p2b: Iron Hands|24\/100|[from] drain|[of] p1b: Sinistcha\n|\n|upkeep\n|turn|7\n|\n|t:|1700104249\n|move|p1b: Sinistcha|Rage Powder|p1b: Sinistcha\n|-singleturn|p1b: Sinistcha|move: Rage Powder\n|move|p1a: Landorus|Stomping Tantrum|p2b: Iron Hands\n|-supereffective|p2b: Iron Hands\n|-damage|p2b: Iron Hands|0 fnt\n|faint|p2b: Iron Hands\n|-end|p2b: Iron Hands|Quark Drive|[silent]\n|move|p2a: Chien-Pao|Ice Spinner|p1b: Sinistcha\n|-resisted|p1b: Sinistcha\n|-damage|p1b: Sinistcha|54\/100\n|\n|upkeep\n|\n|t:|1700104257\n|switch|p2b: Tauros|Tauros-Paldea-Blaze, L50, M|100\/100\n|-ability|p2b: Tauros|Intimidate|boost\n|-unboost|p1a: Landorus|atk|1\n|-unboost|p1b: Sinistcha|atk|1\n|turn|8\n|inactive|Pranag140 has 30 seconds left.\n|\n|t:|1700104291\n|move|p1b: Sinistcha|Rage Powder|p1b: Sinistcha\n|-singleturn|p1b: Sinistcha|move: Rage Powder\n|move|p1a: Landorus|Stomping Tantrum|p2b: Tauros\n|-supereffective|p2b: Tauros\n|-damage|p2b: Tauros|7\/100\n|move|p2a: Chien-Pao|Sacred Sword|p1b: Sinistcha\n|-damage|p1b: Sinistcha|33\/100\n|-enditem|p1b: Sinistcha|Sitrus Berry|[eat]\n|-heal|p1b: Sinistcha|58\/100|[from] item: Sitrus Berry\n|move|p2b: Tauros|Rock Slide|p1b: Sinistcha|[spread] p1a,p1b\n|-damage|p1a: Landorus|44\/100\n|-damage|p1b: Sinistcha|38\/100\n|\n|upkeep\n|turn|9\n|\n|t:|1700104313\n|move|p1b: Sinistcha|Rage Powder|p1b: Sinistcha\n|-singleturn|p1b: Sinistcha|move: Rage Powder\n|move|p1a: Landorus|Stomping Tantrum|p2b: Tauros\n|-supereffective|p2b: Tauros\n|-damage|p2b: Tauros|0 fnt\n|faint|p2b: Tauros\n|move|p2a: Chien-Pao|Sacred Sword|p1b: Sinistcha\n|-damage|p1b: Sinistcha|15\/100\n|\n|upkeep\n|turn|10\n|\n|t:|1700104329\n|switch|p1a: Heatran|Heatran, L50, F|41\/100\n|switch|p1b: Scream Tail|Scream Tail, L50|1\/100\n|move|p2a: Chien-Pao|Sacred Sword|p1b: Scream Tail\n|-resisted|p1b: Scream Tail\n|-damage|p1b: Scream Tail|0 fnt\n|faint|p1b: Scream Tail\n|-end|p1b: Scream Tail|Protosynthesis|[silent]\n|\n|upkeep\n|\n|t:|1700104338\n|switch|p1b: Sinistcha|Sinistcha, L50, tera:Water|15\/100\n|-heal|p1a: Heatran|66\/100|[from] ability: Hospitality|[of] p1b: Sinistcha\n|turn|11\n|\n|t:|1700104348\n|-terastallize|p2a: Chien-Pao|Ghost\n|move|p1b: Sinistcha|Rage Powder|p1b: Sinistcha\n|-singleturn|p1b: Sinistcha|move: Rage Powder\n|move|p2a: Chien-Pao|Sacred Sword|p1b: Sinistcha\n|-damage|p1b: Sinistcha|0 fnt\n|faint|p1b: Sinistcha\n|move|p1a: Heatran|Flash Cannon|p2a: Chien-Pao\n|-damage|p2a: Chien-Pao|5\/100\n|-damage|p1a: Heatran|56\/100|[from] item: Life Orb\n|\n|upkeep\n|\n|t:|1700104357\n|switch|p1b: Landorus|Landorus-Therian, L50, M|44\/100\n|-ability|p1b: Landorus|Intimidate|boost\n|-unboost|p2a: Chien-Pao|atk|1\n|turn|12\n|\n|t:|1700104369\n|move|p1b: Landorus|U-turn|p2a: Chien-Pao\n|-resisted|p2a: Chien-Pao\n|-damage|p2a: Chien-Pao|0 fnt\n|faint|p2a: Chien-Pao\n|\n|win|5Sscreen\n|raw|5Sscreen's rating: 1138 &rarr; <strong>1162<\/strong><br \/>(+24 for winning)\n|raw|Pranag140's rating: 1124 &rarr; <strong>1100<\/strong><br \/>(-24 for losing)\n|l|\u2606Pranag140\n","uploadtime":1700104380,"views":19,"p1id":"5sscreen","p2id":"pranag140","formatid":"gen9vgc2023regulatione","rating":1100,"private":0,"password":""}