{"id":"gen9vgc2023regulatione-1997896268","p1":"LittleGostos","p2":"pikachunicorn","format":"[Gen 9] VGC 2023 Regulation E","log":"|j|\u2606LittleGostos\n|j|\u2606pikachunicorn\n|t:|1700864833\n|gametype|doubles\n|player|p1|LittleGostos|veteran|1046\n|player|p2|pikachunicorn|hugh|1075\n|teamsize|p1|6\n|teamsize|p2|6\n|gen|9\n|tier|[Gen 9] VGC 2023 Regulation E\n|rated|\n|rule|Species Clause: Limit one of each Pok\u00e9mon\n|rule|Item Clause: Limit one of each item\n|clearpoke\n|poke|p1|Dragapult, L50, F|\n|poke|p1|Talonflame, L50, F|\n|poke|p1|Torkoal, L50, M|\n|poke|p1|Sandy Shocks, L50|\n|poke|p1|Eelektross, L50, M|\n|poke|p1|Heatran, L50, M|\n|poke|p2|Heatran, L50, M|\n|poke|p2|Rillaboom, L50, F|\n|poke|p2|Iron Hands, L50|\n|poke|p2|Landorus-Therian, L50, M|\n|poke|p2|Amoonguss, L50, F|\n|poke|p2|Grimmsnarl, L50, M|\n|teampreview|4\n|inactive|Battle timer is ON: inactive players will automatically lose when time's up. (requested by pikachunicorn)\n|inactive|LittleGostos also wants the timer to be on.\n|\n|t:|1700864854\n|start\n|switch|p1a: Sandy Shocks|Sandy Shocks, L50|100\/100\n|switch|p1b: Eelektross|Eelektross, L50, M, shiny|100\/100\n|switch|p2a: Landorus|Landorus-Therian, L50, M|100\/100\n|switch|p2b: Amoonguss|Amoonguss, L50, F|100\/100\n|-ability|p2a: Landorus|Intimidate|boost\n|-unboost|p1a: Sandy Shocks|atk|1\n|-unboost|p1b: Eelektross|atk|1\n|turn|1\n|\n|t:|1700864877\n|move|p1a: Sandy Shocks|Reflect|p1a: Sandy Shocks\n|-sidestart|p1: LittleGostos|Reflect\n|move|p2a: Landorus|Earthquake|p1a: Sandy Shocks|[spread] p2b,p1a\n|-immune|p1b: Eelektross|[from] ability: Levitate\n|-supereffective|p1a: Sandy Shocks\n|-damage|p2b: Amoonguss|64\/100\n|-damage|p1a: Sandy Shocks|42\/100\n|move|p1b: Eelektross|Giga Drain|p2a: Landorus\n|-damage|p2a: Landorus|74\/100\n|move|p2b: Amoonguss|Spore|p1b: Eelektross\n|-status|p1b: Eelektross|slp|[from] move: Spore\n|\n|-heal|p2a: Landorus|80\/100|[from] item: Leftovers\n|-heal|p2b: Amoonguss|70\/100|[from] item: Black Sludge\n|upkeep\n|turn|2\n|\n|t:|1700864894\n|move|p1a: Sandy Shocks|Light Screen|p1a: Sandy Shocks\n|-sidestart|p1: LittleGostos|move: Light Screen\n|move|p2a: Landorus|Earthquake|p1b: Eelektross|[spread] p2b,p1a\n|-immune|p1b: Eelektross|[from] ability: Levitate\n|-supereffective|p1a: Sandy Shocks\n|-damage|p2b: Amoonguss|35\/100\n|-damage|p1a: Sandy Shocks|0 fnt\n|faint|p1a: Sandy Shocks\n|-end|p1a: Sandy Shocks|Protosynthesis|[silent]\n|cant|p1b: Eelektross|slp\n|move|p2b: Amoonguss|Pollen Puff|p1b: Eelektross\n|-damage|p1b: Eelektross|93\/100 slp\n|\n|-heal|p2a: Landorus|87\/100|[from] item: Leftovers\n|-heal|p2b: Amoonguss|41\/100|[from] item: Black Sludge\n|upkeep\n|\n|t:|1700864908\n|switch|p1a: Talonflame|Talonflame, L50, F|100\/100\n|turn|3\n|\n|t:|1700864914\n|move|p2b: Amoonguss|Rage Powder|p2b: Amoonguss\n|-singleturn|p2b: Amoonguss|move: Rage Powder\n|move|p1a: Talonflame|Tailwind|p1a: Talonflame\n|-sidestart|p1: LittleGostos|move: Tailwind\n|move|p2a: Landorus|Rock Slide|p1b: Eelektross|[spread] p1b\n|-miss|p2a: Landorus|p1a: Talonflame\n|-damage|p1b: Eelektross|75\/100 slp\n|cant|p1b: Eelektross|slp\n|\n|-heal|p2a: Landorus|93\/100|[from] item: Leftovers\n|-heal|p2b: Amoonguss|47\/100|[from] item: Black Sludge\n|upkeep\n|turn|4\n|\n|t:|1700864929\n|move|p2b: Amoonguss|Rage Powder|p2b: Amoonguss\n|-singleturn|p2b: Amoonguss|move: Rage Powder\n|move|p1a: Talonflame|Will-O-Wisp|p2b: Amoonguss\n|-status|p2b: Amoonguss|brn\n|move|p2a: Landorus|Rock Slide|p1a: Talonflame|[spread] p1a,p1b\n|-supereffective|p1a: Talonflame\n|-damage|p1a: Talonflame|19\/100\n|-damage|p1b: Eelektross|59\/100 slp\n|cant|p1b: Eelektross|slp\n|\n|-heal|p2a: Landorus|99\/100|[from] item: Leftovers\n|-heal|p2b: Amoonguss|53\/100 brn|[from] item: Black Sludge\n|-damage|p2b: Amoonguss|47\/100 brn|[from] brn\n|upkeep\n|turn|5\n|\n|t:|1700864944\n|move|p2b: Amoonguss|Rage Powder|p2b: Amoonguss\n|-singleturn|p2b: Amoonguss|move: Rage Powder\n|move|p1a: Talonflame|Flare Blitz|p2b: Amoonguss\n|-supereffective|p2b: Amoonguss\n|-damage|p2b: Amoonguss|0 fnt\n|faint|p2b: Amoonguss\n|-damage|p1a: Talonflame|0 fnt|[from] Recoil\n|faint|p1a: Talonflame\n|move|p2a: Landorus|Rock Slide|p1b: Eelektross\n|-damage|p1b: Eelektross|37\/100 slp\n|-curestatus|p1b: Eelektross|slp|[msg]\n|move|p1b: Eelektross|Giga Drain|p2a: Landorus\n|-damage|p2a: Landorus|73\/100\n|-heal|p1b: Eelektross|48\/100|[from] drain|[of] p2a: Landorus\n|\n|-heal|p2a: Landorus|79\/100|[from] item: Leftovers\n|upkeep\n|\n|t:|1700864959\n|switch|p1a: Heatran|Heatran, L50, M|100\/100\n|switch|p2b: Iron Hands|Iron Hands, L50|100\/100\n|turn|6\n|\n|t:|1700864968\n|-end|p2b: Iron Hands|Quark Drive|[silent]\n|switch|p2b: Grimmsnarl|Grimmsnarl, L50, M|100\/100\n|move|p1a: Heatran|Protect|p1a: Heatran\n|-singleturn|p1a: Heatran|Protect\n|move|p2a: Landorus|Earthquake|p1b: Eelektross|[spread] p2b\n|-activate|p1a: Heatran|move: Protect\n|-immune|p1b: Eelektross|[from] ability: Levitate\n|-damage|p2b: Grimmsnarl|54\/100\n|move|p1b: Eelektross|Giga Drain|p2a: Landorus\n|-damage|p2a: Landorus|51\/100\n|-heal|p1b: Eelektross|60\/100|[from] drain|[of] p2a: Landorus\n|\n|-heal|p2a: Landorus|57\/100|[from] item: Leftovers\n|-sideend|p1: LittleGostos|move: Tailwind\n|upkeep\n|turn|7\n|\n|t:|1700864986\n|move|p2b: Grimmsnarl|Light Screen|p2b: Grimmsnarl\n|-sidestart|p2: pikachunicorn|move: Light Screen\n|move|p2a: Landorus|Earthquake|p1b: Eelektross|[spread] p2b,p1a\n|-immune|p1b: Eelektross|[from] ability: Levitate\n|-supereffective|p1a: Heatran\n|-enditem|p1a: Heatran|Shuca Berry|[eat]\n|-enditem|p1a: Heatran|Shuca Berry|[weaken]\n|-damage|p2b: Grimmsnarl|4\/100\n|-damage|p1a: Heatran|49\/100\n|move|p1a: Heatran|Heat Wave|p2a: Landorus|[spread] p2a,p2b\n|-damage|p2a: Landorus|25\/100\n|-damage|p2b: Grimmsnarl|0 fnt\n|faint|p2b: Grimmsnarl\n|move|p1b: Eelektross|Giga Drain|p2a: Landorus\n|-damage|p2a: Landorus|9\/100\n|-heal|p1b: Eelektross|67\/100|[from] drain|[of] p2a: Landorus\n|\n|-heal|p2a: Landorus|15\/100|[from] item: Leftovers\n|upkeep\n|\n|t:|1700864989\n|switch|p2b: Iron Hands|Iron Hands, L50|100\/100\n|turn|8\n|\n|t:|1700865005\n|move|p1a: Heatran|Protect|p1a: Heatran\n|-singleturn|p1a: Heatran|Protect\n|move|p2b: Iron Hands|Fake Out|p1b: Eelektross\n|-damage|p1b: Eelektross|55\/100\n|move|p2a: Landorus|Earthquake|p1b: Eelektross|[spread] p2b\n|-activate|p1a: Heatran|move: Protect\n|-immune|p1b: Eelektross|[from] ability: Levitate\n|-supereffective|p2b: Iron Hands\n|-damage|p2b: Iron Hands|38\/100\n|cant|p1b: Eelektross|flinch\n|\n|-heal|p2a: Landorus|21\/100|[from] item: Leftovers\n|-sideend|p1: LittleGostos|Reflect\n|upkeep\n|turn|9\n|\n|t:|1700865027\n|-terastallize|p1a: Heatran|Grass\n|-terastallize|p2b: Iron Hands|Fighting\n|move|p2a: Landorus|Earthquake|p1a: Heatran|[spread] p2b,p1a\n|-immune|p1b: Eelektross|[from] ability: Levitate\n|-resisted|p1a: Heatran\n|-damage|p2b: Iron Hands|8\/100\n|-damage|p1a: Heatran|31\/100\n|move|p1a: Heatran|Earth Power|p2b: Iron Hands\n|-damage|p2b: Iron Hands|0 fnt\n|faint|p2b: Iron Hands\n|-end|p2b: Iron Hands|Quark Drive|[silent]\n|move|p1b: Eelektross|Giga Drain|p2a: Landorus\n|-damage|p2a: Landorus|5\/100\n|-heal|p1b: Eelektross|62\/100|[from] drain|[of] p2a: Landorus\n|\n|-heal|p2a: Landorus|11\/100|[from] item: Leftovers\n|-sideend|p1: LittleGostos|move: Light Screen\n|upkeep\n|turn|10\n|\n|t:|1700865046\n|move|p2a: Landorus|Rock Slide|p1a: Heatran|[spread] p1a\n|-miss|p2a: Landorus|p1b: Eelektross\n|-damage|p1a: Heatran|14\/100\n|cant|p1a: Heatran|flinch\n|move|p1b: Eelektross|Giga Drain|p2a: Landorus\n|-damage|p2a: Landorus|0 fnt\n|-heal|p1b: Eelektross|67\/100|[from] drain|[of] p2a: Landorus\n|faint|p2a: Landorus\n|\n|win|LittleGostos\n|raw|LittleGostos's rating: 1046 &rarr; <strong>1082<\/strong><br \/>(+36 for winning)\n|raw|pikachunicorn's rating: 1075 &rarr; <strong>1052<\/strong><br \/>(-23 for losing)\n|l|\u2606pikachunicorn\n","uploadtime":1700865074,"views":2,"p1id":"littlegostos","p2id":"pikachunicorn","formatid":"gen9vgc2023regulatione","rating":1052,"private":0,"password":""}