{"id":"gen9vgc2023regulatione-1996846558","p1":"fyfyyalt1","p2":"Chum Chocolate","format":"[Gen 9] VGC 2023 Regulation E","log":"|j|\u2606fyfyyalt1\n|j|\u203dChum Chocolate\n|t:|1700734681\n|gametype|doubles\n|player|p1|fyfyyalt1|1|1583\n|player|p2|Chum Chocolate|101|1659\n|teamsize|p1|6\n|teamsize|p2|6\n|gen|9\n|tier|[Gen 9] VGC 2023 Regulation E\n|rated|\n|rule|Species Clause: Limit one of each Pok\u00e9mon\n|rule|Item Clause: Limit one of each item\n|clearpoke\n|poke|p1|Iron Hands, L50|\n|poke|p1|Urshifu-*, L50, M|\n|poke|p1|Tornadus, L50, M|\n|poke|p1|Farigiraf, L50, M|\n|poke|p1|Chien-Pao, L50|\n|poke|p1|Flutter Mane, L50|\n|poke|p2|Iron Hands, L50|\n|poke|p2|Gholdengo, L50|\n|poke|p2|Roaring Moon, L50|\n|poke|p2|Arcanine-Hisui, L50, F|\n|poke|p2|Amoonguss, L50, F|\n|poke|p2|Urshifu-*, L50, F|\n|teampreview|4\n|\n|t:|1700734710\n|start\n|switch|p1a: Dumbass Cloud|Tornadus, L50, M|100\/100\n|switch|p1b: Dumbass Bear|Urshifu-Rapid-Strike, L50, M|100\/100\n|switch|p2a: Gholdengo|Gholdengo, L50|100\/100\n|switch|p2b: Amoonguss|Amoonguss, L50, F|100\/100\n|turn|1\n|\n|t:|1700734722\n|switch|p1b: Dumbass Hands|Iron Hands, L50|100\/100\n|-terastallize|p2b: Amoonguss|Water\n|move|p2b: Amoonguss|Rage Powder|p2b: Amoonguss\n|-singleturn|p2b: Amoonguss|move: Rage Powder\n|move|p1a: Dumbass Cloud|Taunt|p2b: Amoonguss\n|-start|p2b: Amoonguss|move: Taunt\n|move|p2a: Gholdengo|Nasty Plot|p2a: Gholdengo\n|-boost|p2a: Gholdengo|spa|2\n|\n|upkeep\n|turn|2\n|\n|t:|1700734743\n|switch|p2b: Arcanine|Arcanine-Hisui, L50, F|100\/100\n|-ability|p2b: Arcanine|Intimidate|boost\n|-unboost|p1a: Dumbass Cloud|atk|1\n|-unboost|p1b: Dumbass Hands|atk|1\n|move|p1a: Dumbass Cloud|Tailwind|p1a: Dumbass Cloud\n|-sidestart|p1: fyfyyalt1|move: Tailwind\n|move|p1b: Dumbass Hands|Wild Charge|p2a: Gholdengo\n|-damage|p2a: Gholdengo|70\/100\n|-damage|p1b: Dumbass Hands|95\/100|[from] Recoil\n|move|p2a: Gholdengo|Shadow Ball|p1b: Dumbass Hands\n|-damage|p1b: Dumbass Hands|50\/100\n|\n|-heal|p2a: Gholdengo|76\/100|[from] item: Leftovers\n|upkeep\n|turn|3\n|j| BobbyBottleservice\n|j| Guido131\n|\n|t:|1700734776\n|switch|p2b: Iron Hands|Iron Hands, L50, shiny|100\/100\n|move|p1a: Dumbass Cloud|Bleakwind Storm|p2a: Gholdengo|[spread] p2a,p2b\n|-resisted|p2a: Gholdengo\n|-damage|p2a: Gholdengo|56\/100\n|-damage|p2b: Iron Hands|78\/100\n|-unboost|p2b: Iron Hands|spe|1\n|move|p1b: Dumbass Hands|Drain Punch|p2b: Iron Hands\n|-crit|p2b: Iron Hands\n|-damage|p2b: Iron Hands|36\/100\n|-heal|p1b: Dumbass Hands|71\/100|[from] drain|[of] p2b: Iron Hands\n|move|p2a: Gholdengo|Shadow Ball|p1b: Dumbass Hands\n|-damage|p1b: Dumbass Hands|30\/100\n|\n|-heal|p2a: Gholdengo|62\/100|[from] item: Leftovers\n|upkeep\n|turn|4\n|\n|t:|1700734799\n|move|p1a: Dumbass Cloud|Bleakwind Storm|p2b: Iron Hands|[spread] p2a,p2b\n|-resisted|p2a: Gholdengo\n|-damage|p2a: Gholdengo|44\/100\n|-damage|p2b: Iron Hands|15\/100\n|-unboost|p2b: Iron Hands|spe|1\n|move|p1b: Dumbass Hands|Wild Charge|p2a: Gholdengo\n|-damage|p2a: Gholdengo|16\/100\n|-damage|p1b: Dumbass Hands|25\/100|[from] Recoil\n|move|p2a: Gholdengo|Shadow Ball|p1b: Dumbass Hands\n|-damage|p1b: Dumbass Hands|0 fnt\n|faint|p1b: Dumbass Hands\n|-end|p1b: Dumbass Hands|Quark Drive|[silent]\n|move|p2b: Iron Hands|Wild Charge|p1a: Dumbass Cloud\n|-supereffective|p1a: Dumbass Cloud\n|-damage|p1a: Dumbass Cloud|0 fnt\n|faint|p1a: Dumbass Cloud\n|-damage|p2b: Iron Hands|0 fnt|[from] Recoil\n|faint|p2b: Iron Hands\n|-end|p2b: Iron Hands|Quark Drive|[silent]\n|\n|-heal|p2a: Gholdengo|22\/100|[from] item: Leftovers\n|upkeep\n|\n|t:|1700734818\n|switch|p1a: Dumbass Bear|Urshifu-Rapid-Strike, L50, M|100\/100\n|switch|p1b: Dumbass Ghost|Flutter Mane, L50|100\/100\n|switch|p2b: Amoonguss|Amoonguss, L50, F, tera:Water|100\/100\n|turn|5\n|\n|t:|1700734850\n|-terastallize|p1b: Dumbass Ghost|Fairy\n|move|p2b: Amoonguss|Rage Powder|p2b: Amoonguss\n|-singleturn|p2b: Amoonguss|move: Rage Powder\n|move|p1a: Dumbass Bear|Close Combat|p2b: Amoonguss\n|-damage|p2b: Amoonguss|43\/100\n|-unboost|p1a: Dumbass Bear|def|1\n|-unboost|p1a: Dumbass Bear|spd|1\n|-damage|p1a: Dumbass Bear|84\/100|[from] item: Rocky Helmet|[of] p2b: Amoonguss\n|move|p1b: Dumbass Ghost|Dazzling Gleam|p2b: Amoonguss|[spread] p2a,p2b\n|-resisted|p2a: Gholdengo\n|-damage|p2a: Gholdengo|0 fnt\n|-damage|p2b: Amoonguss|0 fnt\n|faint|p2a: Gholdengo\n|faint|p2b: Amoonguss\n|\n|-sideend|p1: fyfyyalt1|move: Tailwind\n|upkeep\n|j| DittoTang\n|\n|t:|1700734864\n|switch|p2b: Arcanine|Arcanine-Hisui, L50, F|100\/100\n|-ability|p2b: Arcanine|Intimidate|boost\n|-unboost|p1a: Dumbass Bear|atk|1\n|-unboost|p1b: Dumbass Ghost|atk|1\n|turn|6\n|\n|t:|1700734870\n|move|p1a: Dumbass Bear|Close Combat|p2b: Arcanine\n|-supereffective|p2b: Arcanine\n|-damage|p2b: Arcanine|0 fnt\n|-unboost|p1a: Dumbass Bear|def|1\n|-unboost|p1a: Dumbass Bear|spd|1\n|faint|p2b: Arcanine\n|\n|win|fyfyyalt1\n|raw|fyfyyalt1's rating: 1583 &rarr; <strong>1607<\/strong><br \/>(+24 for winning)\n|raw|Chum Chocolate's rating: 1659 &rarr; <strong>1635<\/strong><br \/>(-24 for losing)\n|c|\u2606fyfyyalt1|gg\n|l| Guido131\n|l| BobbyBottleservice\n|l|\u203dChum Chocolate\n","uploadtime":1700734908,"views":6,"p1id":"fyfyyalt1","p2id":"chumchocolate","formatid":"gen9vgc2023regulatione","rating":1607,"private":0,"password":""}