{"id":"gen9vgc2023regulatione-1996799979","p1":"Jungle211","p2":"testhan92","format":"[Gen 9] VGC 2023 Regulation E","log":"|j|\u2606Jungle211\n|j|\u2606testhan92\n|t:|1700727350\n|gametype|doubles\n|player|p1|Jungle211|burglar|1275\n|player|p2|testhan92|170|1392\n|teamsize|p1|6\n|teamsize|p2|6\n|gen|9\n|tier|[Gen 9] VGC 2023 Regulation E\n|rated|\n|rule|Species Clause: Limit one of each Pok\u00e9mon\n|rule|Item Clause: Limit one of each item\n|clearpoke\n|poke|p1|Ogerpon-Wellspring, L50, F|\n|poke|p1|Orthworm, L50, M|\n|poke|p1|Ursaluna, L50, F|\n|poke|p1|Indeedee-F, L50, F|\n|poke|p1|Armarouge, L50, M|\n|poke|p1|Roaring Moon, L50|\n|poke|p2|Ogerpon-Hearthflame, L50, F|\n|poke|p2|Flutter Mane, L50|\n|poke|p2|Palafin, L50, F|\n|poke|p2|Rillaboom, L50, F|\n|poke|p2|Roaring Moon, L50|\n|poke|p2|Weezing, L50, F|\n|teampreview|4\ntesthan92 has agreed to open team sheets.\n|\n|t:|1700727377\n|start\n|switch|p1a: Indeedee|Indeedee-F, L50, F|100\/100\n|switch|p1b: Roaring Moon|Roaring Moon, L50|100\/100\n|switch|p2a: Palafin|Palafin, L50, F|100\/100\n|switch|p2b: Roaring Moon|Roaring Moon, L50|100\/100\n|-fieldstart|move: Psychic Terrain|[from] ability: Psychic Surge|[of] p1a: Indeedee\n|-enditem|p1a: Indeedee|Psychic Seed\n|-boost|p1a: Indeedee|spd|1|[from] item: Psychic Seed\n|-enditem|p1b: Roaring Moon|Booster Energy\n|-activate|p1b: Roaring Moon|ability: Protosynthesis|[fromitem]\n|-start|p1b: Roaring Moon|protosynthesisatk\n|-enditem|p2b: Roaring Moon|Booster Energy\n|-activate|p2b: Roaring Moon|ability: Protosynthesis|[fromitem]\n|-start|p2b: Roaring Moon|protosynthesisspe\n|turn|1\n|\n|t:|1700727420\n|detailschange|p2a: Palafin|Palafin-Hero, L50, F\n|switch|p2a: Rillaboom|Rillaboom, L50, F|100\/100\n|-fieldstart|move: Grassy Terrain|[from] ability: Grassy Surge|[of] p2a: Rillaboom\n|-terastallize|p2b: Roaring Moon|Poison\n|-terastallize|p1a: Indeedee|Fairy\n|move|p2b: Roaring Moon|Breaking Swipe|p1b: Roaring Moon|[spread] p1b\n|-immune|p1a: Indeedee\n|-supereffective|p1b: Roaring Moon\n|-damage|p1b: Roaring Moon|44\/100\n|-unboost|p1b: Roaring Moon|atk|1\n|move|p1b: Roaring Moon|Roar|p2a: Rillaboom\n|drag|p2a: Weezing|Weezing, L50, F|100\/100\n|-ability|p2a: Weezing|Neutralizing Gas\n|move|p1a: Indeedee|Trick Room|p1a: Indeedee\n|-fieldstart|move: Trick Room|[of] p1a: Indeedee\n|\n|-heal|p1b: Roaring Moon|50\/100|[from] Grassy Terrain\n|upkeep\n|turn|2\n|\n|t:|1700727445\n|-end|p1b: Roaring Moon|Protosynthesis|[silent]\n|switch|p1b: Ursaluna|Ursaluna, L50, F, shiny|100\/100\n|move|p2a: Weezing|Gunk Shot|p1a: Indeedee|[miss]\n|-miss|p2a: Weezing|p1a: Indeedee\n|move|p1a: Indeedee|Psychic|p2a: Weezing\n|-supereffective|p2a: Weezing\n|-damage|p2a: Weezing|12\/100\n|-unboost|p2a: Weezing|spd|1\n|-enditem|p2a: Weezing|Sitrus Berry|[eat]\n|-heal|p2a: Weezing|37\/100|[from] item: Sitrus Berry\n|move|p2b: Roaring Moon|Knock Off|p1b: Ursaluna\n|-damage|p1b: Ursaluna|63\/100\n|-enditem|p1b: Ursaluna|Flame Orb|[from] move: Knock Off|[of] p2b: Roaring Moon\n|\n|-heal|p1b: Ursaluna|69\/100|[from] Grassy Terrain\n|-heal|p2a: Weezing|43\/100|[from] Grassy Terrain\n|upkeep\n|turn|3\n|\n|t:|1700727473\n|move|p2a: Weezing|Protect|p2a: Weezing\n|-singleturn|p2a: Weezing|Protect\n|move|p1b: Ursaluna|Facade|p2a: Weezing\n|-activate|p2a: Weezing|move: Protect\n|move|p1a: Indeedee|Psychic|p2b: Roaring Moon\n|-supereffective|p2b: Roaring Moon\n|-damage|p2b: Roaring Moon|31\/100\n|move|p2b: Roaring Moon|Breaking Swipe|p1b: Ursaluna|[spread] p1b\n|-immune|p1a: Indeedee\n|-damage|p1b: Ursaluna|50\/100\n|-unboost|p1b: Ursaluna|atk|1\n|\n|-heal|p1b: Ursaluna|57\/100|[from] Grassy Terrain\n|-heal|p2a: Weezing|49\/100|[from] Grassy Terrain\n|-heal|p2b: Roaring Moon|38\/100|[from] Grassy Terrain\n|upkeep\n|turn|4\n|\n|t:|1700727491\n|switch|p1b: Armarouge|Armarouge, L50, M|100\/100\n|-end|p2a: Weezing|ability: Neutralizing Gas\n|-fieldstart|move: Psychic Terrain|[from] ability: Psychic Surge|[of] p1a: Indeedee\n|switch|p2a: Rillaboom|Rillaboom, L50, F|100\/100\n|-fieldstart|move: Grassy Terrain|[from] ability: Grassy Surge|[of] p2a: Rillaboom\n|move|p2b: Roaring Moon|Protect|p2b: Roaring Moon\n|-singleturn|p2b: Roaring Moon|Protect\n|move|p1a: Indeedee|Psychic|p2a: Rillaboom\n|-damage|p2a: Rillaboom|76\/100\n|\n|-heal|p2a: Rillaboom|82\/100|[from] Grassy Terrain\n|-heal|p2b: Roaring Moon|44\/100|[from] Grassy Terrain\n|upkeep\n|turn|5\n|\n|t:|1700727516\n|switch|p1a: Ursaluna|Ursaluna, L50, F, shiny|57\/100\n|move|p2a: Rillaboom|Fake Out|p1a: Ursaluna\n|-damage|p1a: Ursaluna|46\/100\n|move|p1b: Armarouge|Expanding Force|p2b: Roaring Moon\n|-supereffective|p2b: Roaring Moon\n|-damage|p2b: Roaring Moon|0 fnt\n|faint|p2b: Roaring Moon\n|-end|p2b: Roaring Moon|Protosynthesis|[silent]\n|-damage|p1b: Armarouge|91\/100|[from] item: Life Orb\n|\n|-heal|p1a: Ursaluna|52\/100|[from] Grassy Terrain\n|-heal|p1b: Armarouge|96\/100|[from] Grassy Terrain\n|-heal|p2a: Rillaboom|88\/100|[from] Grassy Terrain\n|-fieldend|move: Trick Room\n|upkeep\n|\n|t:|1700727531\n|switch|p2b: Palafin|Palafin-Hero, L50, F|100\/100\n|-activate|p2b: Palafin|ability: Zero to Hero\n|turn|6\n|\n|t:|1700727550\n|switch|p1b: Indeedee|Indeedee-F, L50, F, tera:Fairy|100\/100\n|-fieldstart|move: Psychic Terrain|[from] ability: Psychic Surge|[of] p1b: Indeedee\n|move|p2b: Palafin|Wave Crash|p1b: Indeedee\n|-damage|p1b: Indeedee|0 fnt\n|faint|p1b: Indeedee\n|-damage|p2b: Palafin|72\/100|[from] Recoil\n|move|p2a: Rillaboom|Wood Hammer|p1a: Ursaluna\n|-supereffective|p1a: Ursaluna\n|-damage|p1a: Ursaluna|0 fnt\n|faint|p1a: Ursaluna\n|-damage|p2a: Rillaboom|70\/100|[from] Recoil\n|\n|upkeep\n|\n|t:|1700727557\n|switch|p1b: Roaring Moon|Roaring Moon, L50|50\/100\n|switch|p1a: Armarouge|Armarouge, L50, M|96\/100\n|turn|7\n|\n|t:|1700727578\n|switch|p2a: Weezing|Weezing, L50, F|49\/100\n|-ability|p2a: Weezing|Neutralizing Gas\n|move|p2b: Palafin|Protect|p2b: Palafin\n|-singleturn|p2b: Palafin|Protect\n|move|p1b: Roaring Moon|Knock Off|p2b: Palafin\n|-activate|p2b: Palafin|move: Protect\n|move|p1a: Armarouge|Armor Cannon|p2a: Weezing\n|-damage|p2a: Weezing|0 fnt\n|-unboost|p1a: Armarouge|def|1\n|-unboost|p1a: Armarouge|spd|1\n|faint|p2a: Weezing\n|-end|p2a: Weezing|ability: Neutralizing Gas\n|-damage|p1a: Armarouge|87\/100|[from] item: Life Orb\n|\n|upkeep\n|\n|t:|1700727592\n|switch|p2a: Rillaboom|Rillaboom, L50, F|70\/100\n|-fieldstart|move: Grassy Terrain|[from] ability: Grassy Surge|[of] p2a: Rillaboom\n|turn|8\n|\n|t:|1700727601\n|move|p2a: Rillaboom|Fake Out|p1b: Roaring Moon\n|-damage|p1b: Roaring Moon|32\/100\n|move|p2b: Palafin|Jet Punch|p1a: Armarouge\n|-supereffective|p1a: Armarouge\n|-damage|p1a: Armarouge|0 fnt\n|faint|p1a: Armarouge\n|cant|p1b: Roaring Moon|flinch\n|\n|-heal|p1b: Roaring Moon|38\/100|[from] Grassy Terrain\n|-heal|p2b: Palafin|78\/100|[from] Grassy Terrain\n|-heal|p2a: Rillaboom|76\/100|[from] Grassy Terrain\n|upkeep\n|turn|9\n|-message|Jungle211 forfeited.\n|\n|win|testhan92\n|raw|Jungle211's rating: 1275 &rarr; <strong>1258<\/strong><br \/>(-17 for losing)\n|raw|testhan92's rating: 1392 &rarr; <strong>1406<\/strong><br \/>(+14 for winning)\n|l|\u2606Jungle211\n|j|\u2606Jungle211\n|player|p1|Jungle211|burglar\n|l|\u2606Jungle211\n|player|p1|\n","uploadtime":1700727619,"views":2,"p1id":"jungle211","p2id":"testhan92","formatid":"gen9vgc2023regulatione","rating":1258,"private":0,"password":""}