{"id":"gen9vgc2023regulatione-1988614695","p1":"UglyKid95","p2":"blasterron","format":"[Gen 9] VGC 2023 Regulation E","log":"|j|\u2606UglyKid95\n|j|\u2606blasterron\n|n|\u2606UglyKid95|uglykid95\n|n|\u2606blasterron|blasterron\n|html|View the match progress at <a href=\"\/game-bestof3-gen9vgc2023regulatione-1988614694\">game-bestof3-gen9vgc2023regulatione-1988614694<\/a>\n|t:|1699742165\n|gametype|doubles\n|player|p1|UglyKid95|benga|\n|player|p2|blasterron|101|\n|teamsize|p1|6\n|teamsize|p2|6\n|gen|9\n|tier|[Gen 9] VGC 2023 Regulation E\n|rule|Species Clause: Limit one of each Pok\u00e9mon\n|rule|Item Clause: Limit one of each item\n|clearpoke\n|poke|p1|Moltres-Galar, L50|\n|poke|p1|Arcanine-Hisui, L50, F|\n|poke|p1|Munkidori, L50, M|\n|poke|p1|Sinistcha, L50|\n|poke|p1|Grimmsnarl, L50, M|\n|poke|p1|Milotic, L50, M|\n|poke|p2|Roaring Moon, L50|\n|poke|p2|Arcanine-Hisui, L50, M|\n|poke|p2|Iron Hands, L50|\n|poke|p2|Urshifu-*, L50, F|\n|poke|p2|Tornadus, L50, M|\n|poke|p2|Flutter Mane, L50|\n|teampreview|4\n|inactive|Battle timer is ON: inactive players will automatically lose when time's up. (requested by UglyKid95)\nUglyKid95 has agreed to open team sheets.\nblasterron has agreed to open team sheets.\n|showteam|p1|Moltres-Galar||SitrusBerry|Berserk|FieryWrath,AirSlash,NastyPlot,Protect||||||50|,,,,,Poison]Arcanine-Hisui||AssaultVest|Intimidate|FlareBlitz,RockSlide,TeraBlast,ExtremeSpeed|||F|||50|,,,,,Fairy]Munkidori||FocusSash|Frisk|FakeOut,Psychic,SludgeBomb,PartingShot|||M|||50|,,,,,Poison]Sinistcha||RockyHelmet|Hospitality|MatchaGotcha,RagePowder,LifeDew,TrickRoom||||||50|,,,,,Dragon]Grimmsnarl||LightClay|Prankster|LowKick,LightScreen,Reflect,PartingShot|||M|||50|,,,,,Fire]Milotic||WideLens|Competitive|HydroPump,IcyWind,LifeDew,Hypnosis|||M|||50|,,,,,Grass\n|showteam|p2|Roaring Moon||BoosterEnergy|Protosynthesis|Acrobatics,DragonDance,Protect,KnockOff||||||50|,,,,,Flying]Arcanine-Hisui||ChoiceBand|Intimidate|RockSlide,IronHead,ExtremeSpeed,FlareBlitz|||M|||50|,,,,,Grass]Iron Hands||AssaultVest|QuarkDrive|DrainPunch,WildCharge,HeavySlam,FakeOut||||||50|,,,,,Water]Urshifu-Rapid-Strike||ChoiceScarf|UnseenFist|CloseCombat,AquaJet,Detect,SurgingStrikes|||F|||50|,,,,,Grass]Tornadus||CovertCloak|Prankster|BleakwindStorm,Taunt,SunnyDay,Tailwind|||M|||50|,,,,,Steel]Flutter Mane||ChoiceSpecs|Protosynthesis|IcyWind,Moonblast,DazzlingGleam,ShadowBall||||||50|,,,,,Fairy\n|inactive|UglyKid95 has 30 seconds left.\n|inactive|blasterron has 30 seconds left.\n|inactive|blasterron has 20 seconds left.\n|inactive|blasterron has 15 seconds left.\n|inactive|blasterron has 10 seconds left.\n|inactive|blasterron has 5 seconds left.\n|\n|t:|1699742233\n|start\n|switch|p1a: RdgonRedWolf|Arcanine-Hisui, L50, F|100\/100\n|switch|p1b: Patches|Grimmsnarl, L50, M|100\/100\n|switch|p2a: Roaring Moon|Roaring Moon, L50|100\/100\n|switch|p2b: Arcanine|Arcanine-Hisui, L50, M|100\/100\n|-ability|p2b: Arcanine|Intimidate|boost\n|-unboost|p1a: RdgonRedWolf|atk|1\n|-unboost|p1b: Patches|atk|1\n|-ability|p1a: RdgonRedWolf|Intimidate|boost\n|-unboost|p2a: Roaring Moon|atk|1\n|-unboost|p2b: Arcanine|atk|1\n|-enditem|p2a: Roaring Moon|Booster Energy\n|-activate|p2a: Roaring Moon|ability: Protosynthesis|[fromitem]\n|-start|p2a: Roaring Moon|protosynthesisspe\n|turn|1\n|inactive|blasterron has 30 seconds left.\n|\n|t:|1699742260\n|move|p1b: Patches|Reflect|p1b: Patches\n|-sidestart|p1: UglyKid95|Reflect\n|move|p2a: Roaring Moon|Dragon Dance|p2a: Roaring Moon\n|-boost|p2a: Roaring Moon|atk|1\n|-boost|p2a: Roaring Moon|spe|1\n|move|p2b: Arcanine|Rock Slide|p1b: Patches|[spread] p1a,p1b\n|-supereffective|p1a: RdgonRedWolf\n|-crit|p1a: RdgonRedWolf\n|-damage|p1a: RdgonRedWolf|0 fnt\n|-damage|p1b: Patches|85\/100\n|faint|p1a: RdgonRedWolf\n|\n|upkeep\n|\n|t:|1699742274\n|switch|p1a: Deenh|Moltres-Galar, L50|100\/100\n|turn|2\n|\n|t:|1699742293\n|-terastallize|p2a: Roaring Moon|Flying\n|-terastallize|p1a: Deenh|Poison\n|move|p1b: Patches|Parting Shot|p2b: Arcanine\n|-unboost|p2b: Arcanine|atk|1\n|-unboost|p2b: Arcanine|spa|1\n|\n|t:|1699742298\n|switch|p1b: Alexander|Sinistcha, L50|100\/100|[from] Parting Shot\n|move|p2a: Roaring Moon|Acrobatics|p1a: Deenh\n|-damage|p1a: Deenh|61\/100\n|move|p2b: Arcanine|Rock Slide|p1a: Deenh|[spread] p1a,p1b\n|-damage|p1a: Deenh|48\/100\n|-damage|p1b: Alexander|88\/100\n|-ability|p1a: Deenh|Berserk|boost\n|-boost|p1a: Deenh|spa|1\n|-enditem|p1a: Deenh|Sitrus Berry|[eat]\n|-heal|p1a: Deenh|73\/100|[from] item: Sitrus Berry\n|move|p1a: Deenh|Nasty Plot|p1a: Deenh\n|-boost|p1a: Deenh|spa|2\n|\n|upkeep\n|turn|3\n|\n|t:|1699742318\n|move|p1a: Deenh|Protect|p1a: Deenh\n|-singleturn|p1a: Deenh|Protect\n|move|p2a: Roaring Moon|Acrobatics|p1b: Alexander\n|-supereffective|p1b: Alexander\n|-damage|p1b: Alexander|29\/100\n|-damage|p2a: Roaring Moon|84\/100|[from] item: Rocky Helmet|[of] p1b: Alexander\n|move|p2b: Arcanine|Rock Slide|p1b: Alexander|[spread] p1b\n|-activate|p1a: Deenh|move: Protect\n|-damage|p1b: Alexander|18\/100\n|cant|p1b: Alexander|flinch\n|\n|upkeep\n|turn|4\n|inactive|UglyKid95 has 30 seconds left.\n|\n|t:|1699742350\n|switch|p1b: Patches|Grimmsnarl, L50, M|85\/100\n|move|p2a: Roaring Moon|Acrobatics|p1b: Patches\n|-damage|p1b: Patches|52\/100\n|move|p2b: Arcanine|Rock Slide|p1a: Deenh|[spread] p1a,p1b\n|-damage|p1a: Deenh|60\/100\n|-damage|p1b: Patches|39\/100\n|cant|p1a: Deenh|flinch\n|\n|upkeep\n|turn|5\n|\n|t:|1699742374\n|move|p2a: Roaring Moon|Protect|p2a: Roaring Moon\n|-singleturn|p2a: Roaring Moon|Protect\n|move|p1a: Deenh|Protect|p1a: Deenh\n|-singleturn|p1a: Deenh|Protect\n|move|p2b: Arcanine|Rock Slide|p1b: Patches|[spread] p1b\n|-activate|p1a: Deenh|move: Protect\n|-damage|p1b: Patches|27\/100\n|cant|p1b: Patches|flinch\n|\n|upkeep\n|turn|6\n|inactive|UglyKid95 has 30 seconds left.\n|inactive|blasterron has 30 seconds left.\n|\n|t:|1699742400\n|move|p1b: Patches|Parting Shot|p2a: Roaring Moon\n|-unboost|p2a: Roaring Moon|atk|1\n|-unboost|p2a: Roaring Moon|spa|1\n|\n|t:|1699742403\n|switch|p1b: Alexander|Sinistcha, L50|18\/100|[from] Parting Shot\n|-heal|p1a: Deenh|85\/100|[from] ability: Hospitality|[of] p1b: Alexander\n|move|p2a: Roaring Moon|Acrobatics|p1b: Alexander\n|-supereffective|p1b: Alexander\n|-damage|p1b: Alexander|0 fnt\n|-damage|p2a: Roaring Moon|67\/100|[from] item: Rocky Helmet|[of] p1b: Alexander\n|faint|p1b: Alexander\n|move|p2b: Arcanine|Rock Slide|p1a: Deenh\n|-damage|p1a: Deenh|66\/100\n|move|p1a: Deenh|Fiery Wrath|p2b: Arcanine|[spread] p2a,p2b\n|-damage|p2a: Roaring Moon|0 fnt\n|-damage|p2b: Arcanine|1\/100\n|faint|p2a: Roaring Moon\n|-end|p2a: Roaring Moon|Protosynthesis|[silent]\n|\n|upkeep\n|\n|t:|1699742418\n|switch|p2a: Iron Hands|Iron Hands, L50|100\/100\n|switch|p1b: Patches|Grimmsnarl, L50, M|27\/100\n|turn|7\n|\n|t:|1699742435\n|move|p1a: Deenh|Protect|p1a: Deenh\n|-singleturn|p1a: Deenh|Protect\n|move|p2b: Arcanine|Rock Slide|p1b: Patches|[spread] p1b\n|-activate|p1a: Deenh|move: Protect\n|-damage|p1b: Patches|16\/100\n|move|p1b: Patches|Low Kick|p2b: Arcanine\n|-supereffective|p2b: Arcanine\n|-damage|p2b: Arcanine|0 fnt\n|faint|p2b: Arcanine\n|move|p2a: Iron Hands|Heavy Slam|p1b: Patches\n|-supereffective|p1b: Patches\n|-damage|p1b: Patches|0 fnt\n|faint|p1b: Patches\n|\n|upkeep\n|\n|t:|1699742448\n|switch|p2b: Urshifu|Urshifu-Rapid-Strike, L50, F|100\/100\n|turn|8\n|\n|t:|1699742465\n|move|p2b: Urshifu|Surging Strikes|p1a: Deenh\n|-crit|p1a: Deenh\n|-damage|p1a: Deenh|46\/100\n|-crit|p1a: Deenh\n|-damage|p1a: Deenh|28\/100\n|-crit|p1a: Deenh\n|-damage|p1a: Deenh|8\/100\n|-hitcount|p1a: Deenh|3\n|-ability|p1a: Deenh|Berserk|boost\n|-boost|p1a: Deenh|spa|1\n|move|p1a: Deenh|Air Slash|p2b: Urshifu\n|-supereffective|p2b: Urshifu\n|-damage|p2b: Urshifu|0 fnt\n|faint|p2b: Urshifu\n|move|p2a: Iron Hands|Drain Punch|p1a: Deenh\n|-resisted|p1a: Deenh\n|-crit|p1a: Deenh\n|-damage|p1a: Deenh|0 fnt\n|faint|p1a: Deenh\n|\n|win|blasterron\n|c|&|\/uhtml prompt-uglykid95,UglyKid95 is ready for game 2!\n|inactive|blasterron has 50 seconds to confirm battle start!\n|c|&|\/uhtml prompt-blasterron,blasterron is ready for game 2!\nBoth players are ready! Starting next match!\n|l|\u2606blasterron\n|j|\u2606blasterron\n|player|p2|blasterron|101\n","uploadtime":1699742498,"views":13,"p1id":"uglykid95","p2id":"blasterron","formatid":"gen9vgc2023regulatione","rating":0,"private":0,"password":""}