{"id":"gen9vgc2023regulatione-1998006230","p1":"Garbsloth2","p2":"TREY_NJVGC","format":"[Gen 9] VGC 2023 Regulation E","log":"|j|\u2606Garbsloth2\n|j|\u2606TREY_NJVGC\n|t:|1700878080\n|gametype|doubles\n|player|p1|Garbsloth2|steven|1188\n|player|p2|TREY_NJVGC|bede-leader|1137\n|teamsize|p1|6\n|teamsize|p2|6\n|gen|9\n|tier|[Gen 9] VGC 2023 Regulation E\n|rated|\n|rule|Species Clause: Limit one of each Pok\u00e9mon\n|rule|Item Clause: Limit one of each item\n|clearpoke\n|poke|p1|Landorus-Therian, L50, M|\n|poke|p1|Iron Hands, L50|\n|poke|p1|Chien-Pao, L50|\n|poke|p1|Flutter Mane, L50|\n|poke|p1|Ogerpon-Wellspring, L50, F|\n|poke|p1|Arcanine-Hisui, L50, M|\n|poke|p2|Urshifu-*, L50, F|\n|poke|p2|Politoed, L50, F|\n|poke|p2|Ludicolo, L50, F|\n|poke|p2|Thundurus-Therian, L50, M|\n|poke|p2|Tornadus, L50, M|\n|poke|p2|Sinistcha, L50|\n|teampreview|4\n|\n|t:|1700878109\n|start\n|switch|p1a: Ogerpon|Ogerpon-Wellspring, L50, F|100\/100\n|switch|p1b: Iron Hands|Iron Hands, L50|100\/100\n|switch|p2a: Tornadus|Tornadus, L50, M|100\/100\n|switch|p2b: Urshifu|Urshifu-Rapid-Strike, L50, F|100\/100\n|turn|1\n|\n|t:|1700878129\n|switch|p2b: Politoed|Politoed, L50, F|100\/100\n|-weather|RainDance|[from] ability: Drizzle|[of] p2b: Politoed\n|-terastallize|p1a: Ogerpon|Water\n|detailschange|p1a: Ogerpon|Ogerpon-Wellspring-Tera, L50, F, tera:Water\n|-ability|p1a: Ogerpon|Embody Aspect (Wellspring)|boost\n|-boost|p1a: Ogerpon|spd|1\n|move|p2a: Tornadus|Bleakwind Storm|p1b: Iron Hands|[spread] p1a,p1b\n|-damage|p1a: Ogerpon|72\/100\n|-damage|p1b: Iron Hands|78\/100\n|-unboost|p1b: Iron Hands|spe|1\n|move|p1a: Ogerpon|Horn Leech|p2b: Politoed\n|-supereffective|p2b: Politoed\n|-damage|p2b: Politoed|24\/100\n|-heal|p1a: Ogerpon|100\/100|[from] drain|[of] p2b: Politoed\n|-enditem|p2b: Politoed|Sitrus Berry|[eat]\n|-heal|p2b: Politoed|49\/100|[from] item: Sitrus Berry\n|move|p1b: Iron Hands|Wild Charge|p2a: Tornadus\n|-supereffective|p2a: Tornadus\n|-damage|p2a: Tornadus|0 fnt\n|faint|p2a: Tornadus\n|-damage|p1b: Iron Hands|61\/100|[from] Recoil\n|\n|-weather|RainDance|[upkeep]\n|upkeep\n|\n|t:|1700878153\n|switch|p2a: Thundurus|Thundurus-Therian, L50, M|100\/100\n|turn|2\n|\n|t:|1700878165\n|move|p1a: Ogerpon|Spiky Shield|p1a: Ogerpon\n|-singleturn|p1a: Ogerpon|move: Protect\n|move|p2a: Thundurus|Wildbolt Storm|p1b: Iron Hands|[spread] p1b\n|-activate|p1a: Ogerpon|move: Protect\n|-resisted|p1b: Iron Hands\n|-damage|p1b: Iron Hands|44\/100\n|move|p2b: Politoed|Chilling Water|p1b: Iron Hands\n|-damage|p1b: Iron Hands|30\/100\n|-unboost|p1b: Iron Hands|atk|1\n|move|p1b: Iron Hands|Wild Charge|p2b: Politoed\n|-supereffective|p2b: Politoed\n|-damage|p2b: Politoed|0 fnt\n|faint|p2b: Politoed\n|-damage|p1b: Iron Hands|20\/100|[from] Recoil\n|\n|-weather|RainDance|[upkeep]\n|upkeep\n|\n|t:|1700878180\n|switch|p2b: Urshifu|Urshifu-Rapid-Strike, L50, F|100\/100\n|turn|3\n|\n|t:|1700878192\n|switch|p1a: Flutter Mane|Flutter Mane, L50|100\/100\n|move|p2b: Urshifu|Detect|p2b: Urshifu\n|-singleturn|p2b: Urshifu|Protect\n|move|p2a: Thundurus|Wildbolt Storm|p1a: Flutter Mane|[spread] p1a,p1b\n|-resisted|p1b: Iron Hands\n|-damage|p1a: Flutter Mane|36\/100\n|-damage|p1b: Iron Hands|2\/100\n|move|p1b: Iron Hands|Wild Charge|p2b: Urshifu\n|-activate|p2b: Urshifu|move: Protect\n|\n|-weather|RainDance|[upkeep]\n|upkeep\n|turn|4\n|\n|t:|1700878214\n|-terastallize|p2b: Urshifu|Water\n|move|p1a: Flutter Mane|Moonblast|p2b: Urshifu\n|-damage|p2b: Urshifu|10\/100\n|move|p2a: Thundurus|Wildbolt Storm|p1a: Flutter Mane|[spread] p1a,p1b\n|-resisted|p1b: Iron Hands\n|-damage|p1a: Flutter Mane|0 fnt\n|-damage|p1b: Iron Hands|0 fnt\n|faint|p1a: Flutter Mane\n|-end|p1a: Flutter Mane|Protosynthesis|[silent]\n|faint|p1b: Iron Hands\n|-end|p1b: Iron Hands|Quark Drive|[silent]\n|move|p2b: Urshifu|Swords Dance|p2b: Urshifu\n|-boost|p2b: Urshifu|atk|2\n|\n|-weather|RainDance|[upkeep]\n|upkeep\n|\n|t:|1700878221\n|switch|p1a: Landorus|Landorus-Therian, L50, M|100\/100\n|switch|p1b: Ogerpon|Ogerpon-Wellspring-Tera, L50, F, tera:Water|100\/100\n|-ability|p1a: Landorus|Intimidate|boost\n|-unboost|p2a: Thundurus|atk|1\n|-fail|p2b: Urshifu|unboost|[from] item: Clear Amulet|[of] p2b: Urshifu\n|-ability|p1b: Ogerpon|Embody Aspect (Wellspring)|boost\n|-boost|p1b: Ogerpon|spd|1\n|turn|5\n|\n|t:|1700878252\n|move|p2b: Urshifu|Detect|p2b: Urshifu\n|-singleturn|p2b: Urshifu|Protect\n|move|p1a: Landorus|Rock Slide|p2b: Urshifu|[spread] p2a\n|-activate|p2b: Urshifu|move: Protect\n|-supereffective|p2a: Thundurus\n|-damage|p2a: Thundurus|38\/100\n|cant|p2a: Thundurus|flinch\n|move|p1b: Ogerpon|Ivy Cudgel|p2a: Thundurus|[anim] Ivy Cudgel Water\n|-damage|p2a: Thundurus|0 fnt\n|faint|p2a: Thundurus\n|\n|-weather|none\n|upkeep\n|turn|6\n|c|\u2606TREY_NJVGC|gg\n|c|\u2606Garbsloth2|Gg\n|\n|t:|1700878273\n|move|p1a: Landorus|Rock Slide|p2b: Urshifu\n|-damage|p2b: Urshifu|0 fnt\n|faint|p2b: Urshifu\n|\n|win|Garbsloth2\n|raw|Garbsloth2's rating: 1188 &rarr; <strong>1209<\/strong><br \/>(+21 for winning)\n|raw|TREY_NJVGC's rating: 1137 &rarr; <strong>1116<\/strong><br \/>(-21 for losing)\n","uploadtime":1700878279,"views":3,"p1id":"garbsloth2","p2id":"treynjvgc","formatid":"gen9vgc2023regulatione","rating":1116,"private":0,"password":""}