{"id":"gen9vgc2023regulatione-1988824061","p1":"Drewilliams10","p2":"GEDSDVSDAFGVDS","format":"[Gen 9] VGC 2023 Regulation E","log":"|j|\u2606Drewilliams10\n|j|\u2606GEDSDVSDAFGVDS\n|t:|1699768653\n|gametype|doubles\n|player|p1|Drewilliams10|shadowtriad|1138\n|player|p2|GEDSDVSDAFGVDS|101|1101\n|teamsize|p1|6\n|teamsize|p2|6\n|gen|9\n|tier|[Gen 9] VGC 2023 Regulation E\n|rated|\n|rule|Species Clause: Limit one of each Pok\u00e9mon\n|rule|Item Clause: Limit one of each item\n|clearpoke\n|poke|p1|Ogerpon-Hearthflame, L50, F|\n|poke|p1|Gyarados, L50, M|\n|poke|p1|Rillaboom, L50, F|\n|poke|p1|Tornadus, L50, M|\n|poke|p1|Iron Hands, L50|\n|poke|p1|Gholdengo, L50|\n|poke|p2|Cresselia, L50, F|\n|poke|p2|Garganacl, L50, M|\n|poke|p2|Klefki, L50, F|\n|poke|p2|Iron Hands, L50|\n|poke|p2|Volcarona, L50, M|\n|poke|p2|Enamorus-Therian, L50, F|\n|teampreview|4\n|inactive|Battle timer is ON: inactive players will automatically lose when time's up. (requested by GEDSDVSDAFGVDS)\n|\n|t:|1699768676\n|start\n|switch|p1a: Tornadus|Tornadus, L50, M|100\/100\n|switch|p1b: Ogerpon|Ogerpon-Hearthflame, L50, F|100\/100\n|switch|p2a: Cresselia|Cresselia, L50, F, shiny|100\/100\n|switch|p2b: Garganacl|Garganacl, L50, M|100\/100\n|-ability|p1b: Ogerpon|Mold Breaker\n|turn|1\n|inactive|GEDSDVSDAFGVDS has 30 seconds left.\n|\n|t:|1699768703\n|-terastallize|p2b: Garganacl|Ghost\n|move|p1a: Tornadus|Taunt|p2a: Cresselia\n|-start|p2a: Cresselia|move: Taunt\n|move|p1b: Ogerpon|Ivy Cudgel|p2a: Cresselia\n|-damage|p2a: Cresselia|57\/100\n|move|p2b: Garganacl|Iron Defense|p2b: Garganacl\n|-boost|p2b: Garganacl|def|2\n|cant|p2a: Cresselia|move: Taunt|Trick Room\n|\n|upkeep\n|turn|2\n|\n|t:|1699768719\n|move|p1a: Tornadus|Taunt|p2b: Garganacl\n|-start|p2b: Garganacl|move: Taunt\n|move|p1b: Ogerpon|Ivy Cudgel|p2a: Cresselia\n|-damage|p2a: Cresselia|15\/100\n|move|p2a: Cresselia|Dazzling Gleam|p1b: Ogerpon|[spread] p1a,p1b\n|-resisted|p1b: Ogerpon\n|-damage|p1a: Tornadus|89\/100\n|-damage|p1b: Ogerpon|95\/100\n|move|p2b: Garganacl|Salt Cure|p1a: Tornadus\n|-supereffective|p1a: Tornadus\n|-damage|p1a: Tornadus|59\/100\n|-start|p1a: Tornadus|Salt Cure\n|\n|-damage|p1a: Tornadus|47\/100|[from] Salt Cure\n|upkeep\n|turn|3\n|\n|t:|1699768743\n|switch|p2a: Volcarona|Volcarona, L50, M|100\/100\n|-terastallize|p1b: Ogerpon|Fire\n|detailschange|p1b: Ogerpon|Ogerpon-Hearthflame-Tera, L50, F, tera:Fire\n|-ability|p1b: Ogerpon|Embody Aspect (Hearthflame)|boost\n|-boost|p1b: Ogerpon|atk|1\n|move|p1b: Ogerpon|Ivy Cudgel|p2b: Garganacl\n|-damage|p2b: Garganacl|62\/100\n|move|p1a: Tornadus|Bleakwind Storm|p2a: Volcarona|[spread] p2a,p2b\n|-supereffective|p2a: Volcarona\n|-damage|p2a: Volcarona|30\/100\n|-damage|p2b: Garganacl|39\/100\n|-unboost|p2a: Volcarona|spe|1\n|move|p2b: Garganacl|Salt Cure|p1b: Ogerpon\n|-supereffective|p1b: Ogerpon\n|-damage|p1b: Ogerpon|59\/100\n|-start|p1b: Ogerpon|Salt Cure\n|\n|-damage|p1b: Ogerpon|47\/100|[from] Salt Cure\n|-damage|p1a: Tornadus|34\/100|[from] Salt Cure\n|upkeep\n|turn|4\n|inactive|GEDSDVSDAFGVDS has 30 seconds left.\n|\n|t:|1699768778\n|move|p1b: Ogerpon|Ivy Cudgel|p2b: Garganacl\n|-damage|p2b: Garganacl|0 fnt\n|faint|p2b: Garganacl\n|move|p1a: Tornadus|Bleakwind Storm|p2a: Volcarona|[miss]\n|-miss|p1a: Tornadus|p2a: Volcarona\n|move|p2a: Volcarona|Flamethrower|p1b: Ogerpon\n|-resisted|p1b: Ogerpon\n|-damage|p1b: Ogerpon|16\/100\n|\n|-damage|p1b: Ogerpon|4\/100|[from] Salt Cure\n|-damage|p1a: Tornadus|22\/100|[from] Salt Cure\n|upkeep\n|\n|t:|1699768789\n|switch|p2b: Cresselia|Cresselia, L50, F, shiny|15\/100\n|turn|5\n|\n|t:|1699768800\n|switch|p1b: Gyarados|Gyarados, L50, M|100\/100\n|-ability|p1b: Gyarados|Intimidate|boost\n|-unboost|p2a: Volcarona|atk|1\n|-unboost|p2b: Cresselia|atk|1\n|move|p1a: Tornadus|Taunt|p2b: Cresselia\n|-start|p2b: Cresselia|move: Taunt\n|move|p2a: Volcarona|Flamethrower|p1a: Tornadus\n|-damage|p1a: Tornadus|0 fnt\n|faint|p1a: Tornadus\n|cant|p2b: Cresselia|move: Taunt|Trick Room\n|\n|upkeep\n|\n|t:|1699768806\n|switch|p1a: Ogerpon|Ogerpon-Hearthflame-Tera, L50, F, tera:Fire|4\/100\n|-ability|p1a: Ogerpon|Embody Aspect (Hearthflame)|boost\n|-boost|p1a: Ogerpon|atk|1\n|turn|6\n|\n|t:|1699768817\n|move|p1a: Ogerpon|Ivy Cudgel|p2b: Cresselia\n|-damage|p2b: Cresselia|0 fnt\n|faint|p2b: Cresselia\n|move|p1b: Gyarados|Waterfall|p2a: Volcarona\n|-supereffective|p2a: Volcarona\n|-damage|p2a: Volcarona|0 fnt\n|-status|p1b: Gyarados|brn|[from] ability: Flame Body|[of] p2a: Volcarona\n|faint|p2a: Volcarona\n|\n|-damage|p1b: Gyarados|94\/100 brn|[from] brn\n|upkeep\n|-message|GEDSDVSDAFGVDS forfeited.\n|\n|win|Drewilliams10\n|raw|Drewilliams10's rating: 1138 &rarr; <strong>1160<\/strong><br \/>(+22 for winning)\n|raw|GEDSDVSDAFGVDS's rating: 1101 &rarr; <strong>1079<\/strong><br \/>(-22 for losing)\n|l|\u2606GEDSDVSDAFGVDS\n","uploadtime":1699768839,"views":27,"p1id":"drewilliams10","p2id":"gedsdvsdafgvds","formatid":"gen9vgc2023regulatione","rating":1079,"private":0,"password":""}