{"id":"gen9vgc2023regulatione-1998906253","p1":"xingshen","p2":"sitenzo","format":"[Gen 9] VGC 2023 Regulation E","log":"|j|\u2606xingshen\n|j|\u2606sitenzo\n|t:|1701011409\n|gametype|doubles\n|player|p1|xingshen|1|1221\n|player|p2|sitenzo|265|1213\n|teamsize|p1|6\n|teamsize|p2|6\n|gen|9\n|tier|[Gen 9] VGC 2023 Regulation E\n|rated|\n|rule|Species Clause: Limit one of each Pok\u00e9mon\n|rule|Item Clause: Limit one of each item\n|clearpoke\n|poke|p1|Indeedee-F, L50, F|\n|poke|p1|Ting-Lu, L50|\n|poke|p1|Sinistcha-Masterpiece, L50|\n|poke|p1|Gallade, L50, M|\n|poke|p1|Avalugg-Hisui, L50, F|\n|poke|p1|Ursaluna-Bloodmoon, L50, M|\n|poke|p2|Iron Bundle, L50|\n|poke|p2|Armarouge, L50, F|\n|poke|p2|Indeedee-F, L50, F|\n|poke|p2|Iron Hands, L50|\n|poke|p2|Sinistcha, L50|\n|poke|p2|Urshifu-*, L50, F|\n|teampreview|4\n|inactive|Battle timer is ON: inactive players will automatically lose when time's up. (requested by sitenzo)\n|\n|t:|1701011454\n|start\n|switch|p1a: Gallade|Gallade, L50, M|100\/100\n|switch|p1b: Ting-Lu|Ting-Lu, L50|100\/100\n|switch|p2a: Urshifu|Urshifu, L50, F|100\/100\n|switch|p2b: Sinistcha|Sinistcha, L50|100\/100\n|-ability|p1b: Ting-Lu|Vessel of Ruin\n|turn|1\n|inactive|xingshen has 30 seconds left.\n|\n|t:|1701011483\n|-terastallize|p2a: Urshifu|Dark\n|move|p2a: Urshifu|Wicked Blow|p1a: Gallade\n|-crit|p1a: Gallade\n|-enditem|p1a: Gallade|Focus Sash\n|-damage|p1a: Gallade|1\/100\n|move|p1a: Gallade|Leaf Blade|p2a: Urshifu\n|-damage|p2a: Urshifu|48\/100\n|move|p2b: Sinistcha|Strength Sap|p1b: Ting-Lu\n|-unboost|p1b: Ting-Lu|atk|1\n|move|p1b: Ting-Lu|Heavy Slam|p2b: Sinistcha\n|-damage|p2b: Sinistcha|75\/100\n|-damage|p1b: Ting-Lu|84\/100|[from] item: Rocky Helmet|[of] p2b: Sinistcha\n|\n|upkeep\n|turn|2\n|inactive|xingshen has 30 seconds left.\n|inactive|xingshen has 20 seconds left.\n|inactive|xingshen has 15 seconds left.\n|\n|t:|1701011523\n|switch|p2a: Iron Hands|Iron Hands, L50|100\/100\n|switch|p1a: Sinistcha|Sinistcha-Masterpiece, L50|100\/100\n|-heal|p1b: Ting-Lu|100\/100|[from] ability: Hospitality|[of] p1a: Sinistcha\n|move|p2b: Sinistcha|Rage Powder|p2b: Sinistcha\n|-singleturn|p2b: Sinistcha|move: Rage Powder\n|move|p1b: Ting-Lu|Ruination|p2b: Sinistcha\n|-damage|p2b: Sinistcha|38\/100\n|\n|upkeep\n|turn|3\n|\n|t:|1701011543\n|move|p2a: Iron Hands|Heavy Slam|p1a: Sinistcha\n|-damage|p1a: Sinistcha|70\/100\n|move|p2b: Sinistcha|Strength Sap|p1b: Ting-Lu\n|-unboost|p1b: Ting-Lu|atk|1\n|-heal|p2b: Sinistcha|100\/100\n|move|p1b: Ting-Lu|Stomping Tantrum|p2a: Iron Hands\n|-supereffective|p2a: Iron Hands\n|-damage|p2a: Iron Hands|75\/100\n|move|p1a: Sinistcha|Trick Room|p1a: Sinistcha\n|-fieldstart|move: Trick Room|[of] p1a: Sinistcha\n|\n|upkeep\n|turn|4\n|\n|t:|1701011563\n|switch|p1b: Ursaluna|Ursaluna-Bloodmoon, L50, M|100\/100\n|move|p1a: Sinistcha|Rage Powder|p1a: Sinistcha\n|-singleturn|p1a: Sinistcha|move: Rage Powder\n|move|p2a: Iron Hands|Drain Punch|p1a: Sinistcha\n|-immune|p1a: Sinistcha\n|move|p2b: Sinistcha|Trick Room|p2b: Sinistcha\n|-fieldend|move: Trick Room\n|\n|upkeep\n|turn|5\n|inactive|sitenzo has 30 seconds left.\n|\n|t:|1701011592\n|-terastallize|p1b: Ursaluna|Ghost\n|move|p2a: Iron Hands|Drain Punch|p1b: Ursaluna\n|-immune|p1b: Ursaluna\n|move|p2b: Sinistcha|Strength Sap|p1b: Ursaluna\n|-unboost|p1b: Ursaluna|atk|1\n|move|p1b: Ursaluna|Hyper Voice|p2a: Iron Hands|[spread] p2a,p2b\n|-damage|p2a: Iron Hands|50\/100\n|-damage|p2b: Sinistcha|66\/100\n|-enditem|p1b: Ursaluna|Throat Spray\n|-boost|p1b: Ursaluna|spa|1|[from] item: Throat Spray\n|move|p1a: Sinistcha|Trick Room|p1a: Sinistcha\n|-fieldstart|move: Trick Room|[of] p1a: Sinistcha\n|\n|upkeep\n|turn|6\n|\n|t:|1701011611\n|move|p1a: Sinistcha|Rage Powder|p1a: Sinistcha\n|-singleturn|p1a: Sinistcha|move: Rage Powder\n|move|p1b: Ursaluna|Blood Moon|p2b: Sinistcha\n|-damage|p2b: Sinistcha|0 fnt\n|faint|p2b: Sinistcha\n|move|p2a: Iron Hands|Heavy Slam|p1a: Sinistcha\n|-damage|p1a: Sinistcha|40\/100\n|\n|upkeep\n|\n|t:|1701011628\n|switch|p2b: Armarouge|Armarouge, L50, F|100\/100\n|turn|7\n|\n|t:|1701011650\n|switch|p1a: Ting-Lu|Ting-Lu, L50|100\/100\n|-ability|p1a: Ting-Lu|Vessel of Ruin\n|move|p1b: Ursaluna|Earth Power|p2b: Armarouge\n|-supereffective|p2b: Armarouge\n|-damage|p2b: Armarouge|0 fnt\n|faint|p2b: Armarouge\n|move|p2a: Iron Hands|Wild Charge|p1a: Ting-Lu\n|-immune|p1a: Ting-Lu\n|\n|upkeep\n|\n|t:|1701011657\n|switch|p2b: Urshifu|Urshifu, L50, F, tera:Dark|48\/100\n|turn|8\n|l|\u2606sitenzo\n|inactive|sitenzo disconnected and has a minute to reconnect!\n|player|p2|\n|inactive|sitenzo has 30 seconds left.\n|inactive|sitenzo has 20 seconds left.\n|inactive|sitenzo has 15 seconds left.\n|inactive|sitenzo has 10 seconds left.\n|inactive|sitenzo has 5 seconds left.\n|-message|sitenzo lost due to inactivity.\n|\n|win|xingshen\n|raw|xingshen's rating: 1221 &rarr; <strong>1245<\/strong><br \/>(+24 for winning)\n|raw|sitenzo's rating: 1213 &rarr; <strong>1189<\/strong><br \/>(-24 for losing)\n","uploadtime":1701011722,"views":3,"p1id":"xingshen","p2id":"sitenzo","formatid":"gen9vgc2023regulatione","rating":1189,"private":0,"password":""}