{"id":"gen9vgc2023regulatione-1996472150","p1":"secretstudent","p2":"Hugo_RNTWS","format":"[Gen 9] VGC 2023 Regulation E","log":"|j|\u2606secretstudent\n|j|\u2606Hugo_RNTWS\n|t:|1700685318\n|gametype|doubles\n|player|p1|secretstudent|beauty|1143\n|player|p2|Hugo_RNTWS|266|1051\n|teamsize|p1|6\n|teamsize|p2|6\n|gen|9\n|tier|[Gen 9] VGC 2023 Regulation E\n|rated|\n|rule|Species Clause: Limit one of each Pok\u00e9mon\n|rule|Item Clause: Limit one of each item\n|clearpoke\n|poke|p1|Chien-Pao, L50|\n|poke|p1|Amoonguss, L50, M|\n|poke|p1|Hatterene, L50, F|\n|poke|p1|Gyarados, L50, M|\n|poke|p1|Volcarona, L50, F|\n|poke|p1|Ogerpon, L50, F|\n|poke|p2|Chien-Pao, L50|\n|poke|p2|Chi-Yu, L50|\n|poke|p2|Ting-Lu, L50|\n|poke|p2|Gholdengo, L50|\n|poke|p2|Amoonguss, L50, M|\n|poke|p2|Iron Bundle, L50|\n|teampreview|4\nHugo_RNTWS has agreed to open team sheets.\n|\n|t:|1700685370\n|start\n|switch|p1a: Hatterene|Hatterene, L50, F|100\/100\n|switch|p1b: Ogerpon|Ogerpon, L50, F|100\/100\n|switch|p2a: Ting-Lu|Ting-Lu, L50|100\/100\n|switch|p2b: Amoonguss|Amoonguss, L50, M|100\/100\n|-ability|p2a: Ting-Lu|Vessel of Ruin\n|turn|1\n|\n|t:|1700685410\n|move|p1b: Ogerpon|Ivy Cudgel|p2a: Ting-Lu\n|-supereffective|p2a: Ting-Lu\n|-damage|p2a: Ting-Lu|26\/100\n|-damage|p1b: Ogerpon|91\/100|[from] item: Life Orb\n|move|p2a: Ting-Lu|Fissure|p1b: Ogerpon|[miss]\n|-miss|p2a: Ting-Lu|p1b: Ogerpon\n|move|p2b: Amoonguss|Clear Smog|p1b: Ogerpon\n|-supereffective|p1b: Ogerpon\n|-damage|p1b: Ogerpon|55\/100\n|-clearboost|p1b: Ogerpon\n|move|p1a: Hatterene|Dazzling Gleam|p2a: Ting-Lu|[spread] p2a,p2b\n|-supereffective|p2a: Ting-Lu\n|-resisted|p2b: Amoonguss\n|-damage|p2a: Ting-Lu|0 fnt\n|-damage|p2b: Amoonguss|88\/100\n|faint|p2a: Ting-Lu\n|\n|-heal|p2b: Amoonguss|94\/100|[from] item: Black Sludge\n|upkeep\n|\n|t:|1700685429\n|switch|p2a: Iron Bundle|Iron Bundle, L50|100\/100\n|turn|2\n|\n|t:|1700685451\n|move|p1b: Ogerpon|Spiky Shield|p1b: Ogerpon\n|-singleturn|p1b: Ogerpon|move: Protect\n|move|p2b: Amoonguss|Rage Powder|p2b: Amoonguss\n|-singleturn|p2b: Amoonguss|move: Rage Powder\n|move|p2a: Iron Bundle|Icy Wind|p1a: Hatterene|[spread] p1a\n|-activate|p1b: Ogerpon|move: Protect\n|-damage|p1a: Hatterene|79\/100\n|move|p1a: Hatterene|Trick Room|p1a: Hatterene\n|-fieldstart|move: Trick Room|[of] p1a: Hatterene\n|\n|-heal|p2b: Amoonguss|99\/100|[from] item: Black Sludge\n|upkeep\n|turn|3\n|\n|t:|1700685507\n|move|p2a: Iron Bundle|Protect|p2a: Iron Bundle\n|-singleturn|p2a: Iron Bundle|Protect\n|move|p1b: Ogerpon|Follow Me|p1b: Ogerpon\n|-singleturn|p1b: Ogerpon|move: Follow Me\n|move|p1a: Hatterene|Psychic|p2b: Amoonguss\n|-supereffective|p2b: Amoonguss\n|-damage|p2b: Amoonguss|3\/100\n|move|p2b: Amoonguss|Clear Smog|p1b: Ogerpon\n|-supereffective|p1b: Ogerpon\n|-damage|p1b: Ogerpon|0 fnt\n|-clearboost|p1b: Ogerpon\n|faint|p1b: Ogerpon\n|\n|-heal|p2b: Amoonguss|9\/100|[from] item: Black Sludge\n|upkeep\n|\n|t:|1700685521\n|switch|p1b: Amoonguss|Amoonguss, L50, M|100\/100\n|turn|4\n|\n|t:|1700685530\n|switch|p2b: Gholdengo|Gholdengo, L50|100\/100\n|-item|p2b: Gholdengo|Air Balloon\n|move|p1a: Hatterene|Dazzling Gleam|p2b: Gholdengo|[spread] p2a,p2b\n|-resisted|p2b: Gholdengo\n|-damage|p2a: Iron Bundle|31\/100\n|-damage|p2b: Gholdengo|80\/100\n|-enditem|p2b: Gholdengo|Air Balloon\n|move|p1b: Amoonguss|Spore|p2a: Iron Bundle\n|-status|p2a: Iron Bundle|slp|[from] move: Spore\n|cant|p2a: Iron Bundle|slp\n|\n|upkeep\n|turn|5\n|\n|t:|1700685554\n|-terastallize|p2b: Gholdengo|Steel\n|-curestatus|p2a: Iron Bundle|slp|[msg]\n|move|p2a: Iron Bundle|Protect|p2a: Iron Bundle\n|-singleturn|p2a: Iron Bundle|Protect\n|move|p1a: Hatterene|Psychic|p2b: Gholdengo\n|-resisted|p2b: Gholdengo\n|-damage|p2b: Gholdengo|49\/100\n|move|p1b: Amoonguss|Spore|p2b: Gholdengo\n|-immune|p2b: Gholdengo|[from] ability: Good as Gold\n|move|p2b: Gholdengo|Make It Rain|p1a: Hatterene|[spread] p1a,p1b\n|-supereffective|p1a: Hatterene\n|-damage|p1a: Hatterene|0 fnt\n|-damage|p1b: Amoonguss|46\/100\n|-unboost|p2b: Gholdengo|spa|1\n|faint|p1a: Hatterene\n|\n|upkeep\n|\n|t:|1700685567\n|switch|p1a: Gyarados|Gyarados, L50, M|100\/100\n|-ability|p1a: Gyarados|Intimidate|boost\n|-unboost|p2a: Iron Bundle|atk|1\n|-unboost|p2b: Gholdengo|atk|1\n|turn|6\n|\n|t:|1700685588\n|move|p1b: Amoonguss|Spore|p2a: Iron Bundle\n|-status|p2a: Iron Bundle|slp|[from] move: Spore\n|move|p1a: Gyarados|Thunder Wave|p2a: Iron Bundle|[miss]\n|-miss|p1a: Gyarados|p2a: Iron Bundle\n|move|p2b: Gholdengo|Thunderbolt|p1a: Gyarados\n|-supereffective|p1a: Gyarados\n|-damage|p1a: Gyarados|5\/100\n|-enditem|p1a: Gyarados|Sitrus Berry|[eat]\n|-heal|p1a: Gyarados|29\/100|[from] item: Sitrus Berry\n|cant|p2a: Iron Bundle|slp\n|\n|-fieldend|move: Trick Room\n|upkeep\n|turn|7\n|\n|t:|1700685610\n|cant|p2a: Iron Bundle|slp\n|move|p2b: Gholdengo|Thunderbolt|p1a: Gyarados\n|-supereffective|p1a: Gyarados\n|-damage|p1a: Gyarados|0 fnt\n|faint|p1a: Gyarados\n|move|p1b: Amoonguss|Pollen Puff|p1: Gyarados|[notarget]\n|-fail|p1b: Amoonguss\n|\n|upkeep\n|turn|8\n|-message|secretstudent forfeited.\n|\n|win|Hugo_RNTWS\n|raw|secretstudent's rating: 1143 &rarr; <strong>1112<\/strong><br \/>(-31 for losing)\n|raw|Hugo_RNTWS's rating: 1051 &rarr; <strong>1092<\/strong><br \/>(+41 for winning)\n","uploadtime":1700685628,"views":2,"p1id":"secretstudent","p2id":"hugorntws","formatid":"gen9vgc2023regulatione","rating":1092,"private":0,"password":""}