{"id":"gen9vgc2023regulatione-1992350198","p1":"tkinthemiddle","p2":"doggybears","format":"[Gen 9] VGC 2023 Regulation E","log":"|j|\u2606tkinthemiddle\n|j|\u2606doggybears\n|t:|1700177505\n|gametype|doubles\n|player|p1|tkinthemiddle|pokemonbreederf-gen4|1318\n|player|p2|doggybears|janitor|1295\n|teamsize|p1|6\n|teamsize|p2|6\n|gen|9\n|tier|[Gen 9] VGC 2023 Regulation E\n|rated|\n|rule|Species Clause: Limit one of each Pok\u00e9mon\n|rule|Item Clause: Limit one of each item\n|clearpoke\n|poke|p1|Kilowattrel, L50, F|\n|poke|p1|Tauros-Paldea-Aqua, L50, M|\n|poke|p1|Gholdengo, L50|\n|poke|p1|Iron Hands, L50|\n|poke|p1|Hydreigon, L50, F|\n|poke|p1|Tsareena, L50, F|\n|poke|p2|Chien-Pao, L50|\n|poke|p2|Rillaboom, L50, M|\n|poke|p2|Arcanine-Hisui, L50, F|\n|poke|p2|Tornadus, L50, M|\n|poke|p2|Urshifu-*, L50, F|\n|poke|p2|Flutter Mane, L50|\n|teampreview|4\ndoggybears has agreed to open team sheets.\n|inactive|Battle timer is ON: inactive players will automatically lose when time's up. (requested by doggybears)\n|inactive|tkinthemiddle has 60 seconds left.\n|\n|t:|1700177585\n|start\n|switch|p1a: Kilowattrel|Kilowattrel, L50, F|100\/100\n|switch|p1b: Iron Hands|Iron Hands, L50|100\/100\n|switch|p2a: Tornadus|Tornadus, L50, M|100\/100\n|switch|p2b: Flutter Mane|Flutter Mane, L50|100\/100\n|-enditem|p2b: Flutter Mane|Booster Energy\n|-activate|p2b: Flutter Mane|ability: Protosynthesis|[fromitem]\n|-start|p2b: Flutter Mane|protosynthesisspa\n|turn|1\n|inactive|doggybears has 30 seconds left.\n|\n|t:|1700177615\n|-terastallize|p2a: Tornadus|Ghost\n|move|p2b: Flutter Mane|Protect|p2b: Flutter Mane\n|-singleturn|p2b: Flutter Mane|Protect\n|move|p2a: Tornadus|Tailwind|p2a: Tornadus\n|-sidestart|p2: doggybears|move: Tailwind\n|move|p1a: Kilowattrel|Tailwind|p1a: Kilowattrel\n|-sidestart|p1: tkinthemiddle|move: Tailwind\n|move|p1b: Iron Hands|Heavy Slam|p2b: Flutter Mane\n|-activate|p2b: Flutter Mane|move: Protect\n|\n|upkeep\n|turn|2\n|inactive|tkinthemiddle has 30 seconds left.\n|\n|t:|1700177648\n|-terastallize|p1b: Iron Hands|Water\n|move|p1a: Kilowattrel|Thunderbolt|p2b: Flutter Mane\n|-damage|p2b: Flutter Mane|63\/100\n|move|p2b: Flutter Mane|Moonblast|p1b: Iron Hands\n|-damage|p1b: Iron Hands|65\/100\n|move|p2a: Tornadus|Bleakwind Storm|p1b: Iron Hands|[spread] p1b\n|-miss|p2a: Tornadus|p1a: Kilowattrel\n|-damage|p1b: Iron Hands|45\/100\n|-unboost|p1b: Iron Hands|spe|1\n|move|p1b: Iron Hands|Heavy Slam|p2b: Flutter Mane\n|-supereffective|p2b: Flutter Mane\n|-damage|p2b: Flutter Mane|0 fnt\n|faint|p2b: Flutter Mane\n|-end|p2b: Flutter Mane|Protosynthesis|[silent]\n|\n|upkeep\n|\n|t:|1700177670\n|switch|p2b: Arcanine|Arcanine-Hisui, L50, F|100\/100\n|-ability|p2b: Arcanine|Intimidate|boost\n|-unboost|p1a: Kilowattrel|atk|1\n|-ability|p1a: Kilowattrel|Competitive|boost\n|-boost|p1a: Kilowattrel|spa|2\n|-unboost|p1b: Iron Hands|atk|1\n|turn|3\n|inactive|doggybears has 30 seconds left.\n|\n|t:|1700177698\n|move|p1a: Kilowattrel|Protect|p1a: Kilowattrel\n|-singleturn|p1a: Kilowattrel|Protect\n|move|p2a: Tornadus|Bleakwind Storm|p1b: Iron Hands|[spread] \n|-activate|p1a: Kilowattrel|move: Protect\n|-miss|p2a: Tornadus|p1b: Iron Hands\n|move|p2b: Arcanine|Rock Slide|p1b: Iron Hands|[spread] p1b\n|-activate|p1a: Kilowattrel|move: Protect\n|-damage|p1b: Iron Hands|12\/100\n|move|p1b: Iron Hands|Drain Punch|p2b: Arcanine\n|-supereffective|p2b: Arcanine\n|-damage|p2b: Arcanine|23\/100\n|-heal|p1b: Iron Hands|42\/100|[from] drain|[of] p2b: Arcanine\n|\n|upkeep\n|turn|4\n|inactive|tkinthemiddle has 30 seconds left.\n|inactive|doggybears has 30 seconds left.\n|\n|t:|1700177726\n|move|p1a: Kilowattrel|Air Cutter|p2a: Tornadus|[spread] p2a,p2b\n|-resisted|p2b: Arcanine\n|-damage|p2a: Tornadus|51\/100\n|-damage|p2b: Arcanine|0 fnt\n|faint|p2b: Arcanine\n|move|p2a: Tornadus|Bleakwind Storm|p1b: Iron Hands|[spread] p1a,p1b\n|-resisted|p1a: Kilowattrel\n|-damage|p1a: Kilowattrel|72\/100\n|-damage|p1b: Iron Hands|25\/100\n|-unboost|p1a: Kilowattrel|spe|1\n|-ability|p1a: Kilowattrel|Competitive|boost\n|-boost|p1a: Kilowattrel|spa|2\n|move|p1b: Iron Hands|Wild Charge|p2a: Tornadus\n|-damage|p2a: Tornadus|10\/100\n|-damage|p1b: Iron Hands|8\/100|[from] item: Rocky Helmet|[of] p2a: Tornadus\n|-damage|p1b: Iron Hands|0 fnt|[from] Recoil\n|faint|p1b: Iron Hands\n|-end|p1b: Iron Hands|Quark Drive|[silent]\n|\n|-sideend|p1: tkinthemiddle|move: Tailwind\n|-sideend|p2: doggybears|move: Tailwind\n|upkeep\n|\n|t:|1700177741\n|switch|p2b: Chien-Pao|Chien-Pao, L50|100\/100\n|switch|p1b: Tauros|Tauros-Paldea-Aqua, L50, M|100\/100\n|-ability|p2b: Chien-Pao|Sword of Ruin\n|-ability|p1b: Tauros|Intimidate|boost\n|-unboost|p2a: Tornadus|atk|1\n|-unboost|p2b: Chien-Pao|atk|1\n|turn|5\n|\n|t:|1700177757\n|move|p1a: Kilowattrel|Protect|p1a: Kilowattrel\n|-singleturn|p1a: Kilowattrel|Protect\n|move|p2a: Tornadus|Tailwind|p2a: Tornadus\n|-sidestart|p2: doggybears|move: Tailwind\n|move|p1b: Tauros|Aqua Jet|p2a: Tornadus\n|-damage|p2a: Tornadus|0 fnt\n|-damage|p1b: Tauros|84\/100|[from] item: Rocky Helmet|[of] p2a: Tornadus\n|faint|p2a: Tornadus\n|move|p2b: Chien-Pao|Icicle Crash|p1a: Kilowattrel\n|-activate|p1a: Kilowattrel|move: Protect\n|\n|upkeep\n|turn|6\n|\n|t:|1700177776\n|move|p1b: Tauros|Aqua Jet|p2b: Chien-Pao\n|-damage|p2b: Chien-Pao|55\/100\n|move|p2b: Chien-Pao|Icicle Crash|p1a: Kilowattrel\n|-supereffective|p1a: Kilowattrel\n|-damage|p1a: Kilowattrel|0 fnt\n|faint|p1a: Kilowattrel\n|\n|upkeep\n|\n|t:|1700177778\n|switch|p1a: Gholdengo|Gholdengo, L50|100\/100\n|turn|7\n|\n|t:|1700177787\n|move|p2b: Chien-Pao|Sucker Punch|p1a: Gholdengo\n|-supereffective|p1a: Gholdengo\n|-damage|p1a: Gholdengo|34\/100\n|move|p1b: Tauros|Aqua Jet|p2b: Chien-Pao\n|-damage|p2b: Chien-Pao|11\/100\n|move|p1a: Gholdengo|Make It Rain|p2b: Chien-Pao\n|-supereffective|p2b: Chien-Pao\n|-damage|p2b: Chien-Pao|0 fnt\n|-unboost|p1a: Gholdengo|spa|1\n|faint|p2b: Chien-Pao\n|-damage|p1a: Gholdengo|24\/100|[from] item: Life Orb\n|\n|win|tkinthemiddle\n|raw|tkinthemiddle's rating: 1318 &rarr; <strong>1337<\/strong><br \/>(+19 for winning)\n|raw|doggybears's rating: 1295 &rarr; <strong>1272<\/strong><br \/>(-23 for losing)\n|l|\u2606tkinthemiddle\n","uploadtime":1700177803,"views":42,"p1id":"tkinthemiddle","p2id":"doggybears","formatid":"gen9vgc2023regulatione","rating":1272,"private":0,"password":""}