{"id":"gen9vgc2023regulatione-1994330713","p1":"AC Wesley","p2":"sonaw4","format":"[Gen 9] VGC 2023 Regulation E","log":"|j|\u2606AC Wesley\n|j|\u2606sonaw4\n|n|\u2606AC Wesley|acwesley\n|n|\u2606sonaw4|sonaw4\n|html|View the match progress at <a href=\"\/game-bestof3-gen9vgc2023regulatione-1994326724\">game-bestof3-gen9vgc2023regulatione-1994326724<\/a>\n|t:|1700431864\n|gametype|doubles\n|player|p1|AC Wesley|thorton|\n|player|p2|sonaw4|101|\n|teamsize|p1|6\n|teamsize|p2|6\n|gen|9\n|tier|[Gen 9] VGC 2023 Regulation E\n|rule|Species Clause: Limit one of each Pok\u00e9mon\n|rule|Item Clause: Limit one of each item\n|clearpoke\n|poke|p1|Iron Hands, L50|\n|poke|p1|Farigiraf, L50, F|\n|poke|p1|Ursaluna-Bloodmoon, L50, M|\n|poke|p1|Flutter Mane, L50|\n|poke|p1|Heatran, L50, F|\n|poke|p1|Ogerpon-Wellspring, L50, F|\n|poke|p2|Urshifu-*, L50, F|\n|poke|p2|Thundurus, L50, M|\n|poke|p2|Amoonguss, L50, F|\n|poke|p2|Roaring Moon, L50|\n|poke|p2|Chien-Pao, L50|\n|poke|p2|Landorus-Therian, L50, M|\n|teampreview|4\n|inactive|Battle timer is ON: inactive players will automatically lose when time's up. (requested by AC Wesley)\n|inactive|AC Wesley has 60 seconds left.\n|inactive|sonaw4 has 60 seconds left.\n|j| Van. Volcanucks\n|inactive|AC Wesley has 30 seconds left.\n|\n|t:|1700431931\n|start\n|switch|p1a: Flutter Mane|Flutter Mane, L50|100\/100\n|switch|p1b: Iron Hands|Iron Hands, L50|100\/100\n|switch|p2a: Amoonguss|Amoonguss, L50, F|100\/100\n|switch|p2b: Chien-Pao|Chien-Pao, L50|100\/100\n|-ability|p2b: Chien-Pao|Sword of Ruin\n|-enditem|p1a: Flutter Mane|Booster Energy\n|-activate|p1a: Flutter Mane|ability: Protosynthesis|[fromitem]\n|-start|p1a: Flutter Mane|protosynthesisspe\n|turn|1\n|inactive|AC Wesley has 30 seconds left.\n|inactive|AC Wesley has 20 seconds left.\n|\n|t:|1700431967\n|move|p2b: Chien-Pao|Protect|p2b: Chien-Pao\n|-singleturn|p2b: Chien-Pao|Protect\n|move|p1b: Iron Hands|Fake Out|p2a: Amoonguss\n|-damage|p2a: Amoonguss|84\/100\n|move|p1a: Flutter Mane|Shadow Ball|p2b: Chien-Pao\n|-activate|p2b: Chien-Pao|move: Protect\n|cant|p2a: Amoonguss|flinch\n|\n|upkeep\n|turn|2\n|inactive|AC Wesley has 30 seconds left.\n|inactive|sonaw4 has 30 seconds left.\n|inactive|AC Wesley has 20 seconds left.\n|inactive|sonaw4 has 20 seconds left.\n|inactive|AC Wesley has 15 seconds left.\n|inactive|AC Wesley has 10 seconds left.\n|\n|t:|1700432013\n|move|p1a: Flutter Mane|Taunt|p2a: Amoonguss\n|-start|p2a: Amoonguss|move: Taunt\n|move|p2b: Chien-Pao|Ice Spinner|p1b: Iron Hands\n|-damage|p1b: Iron Hands|64\/100\n|move|p1b: Iron Hands|Drain Punch|p2b: Chien-Pao\n|-supereffective|p2b: Chien-Pao\n|-enditem|p2b: Chien-Pao|Focus Sash\n|-damage|p2b: Chien-Pao|1\/100\n|-heal|p1b: Iron Hands|94\/100|[from] drain|[of] p2b: Chien-Pao\n|cant|p2a: Amoonguss|move: Taunt|Spore\n|\n|upkeep\n|turn|3\n|inactive|AC Wesley has 30 seconds left.\n|inactive|sonaw4 has 30 seconds left.\n|inactive|AC Wesley has 20 seconds left.\n|inactive|sonaw4 has 20 seconds left.\n|\n|t:|1700432050\n|switch|p2a: Urshifu|Urshifu-Rapid-Strike, L50, F|100\/100\n|move|p2b: Chien-Pao|Protect|p2b: Chien-Pao\n|-singleturn|p2b: Chien-Pao|Protect\n|move|p1a: Flutter Mane|Icy Wind|p2a: Urshifu|[spread] p2a\n|-activate|p2b: Chien-Pao|move: Protect\n|-resisted|p2a: Urshifu\n|-damage|p2a: Urshifu|90\/100\n|-unboost|p2a: Urshifu|spe|1\n|move|p1b: Iron Hands|Heavy Slam|p2b: Chien-Pao\n|-activate|p2b: Chien-Pao|move: Protect\n|\n|upkeep\n|turn|4\n|inactive|sonaw4 has 30 seconds left.\n|\n|t:|1700432077\n|switch|p2b: Amoonguss|Amoonguss, L50, F|100\/100\n|move|p2a: Urshifu|Aqua Jet|p1a: Flutter Mane\n|-damage|p1a: Flutter Mane|50\/100\n|move|p1a: Flutter Mane|Dazzling Gleam|p2b: Amoonguss|[spread] p2a,p2b\n|-supereffective|p2a: Urshifu\n|-resisted|p2b: Amoonguss\n|-damage|p2a: Urshifu|0 fnt\n|-damage|p2b: Amoonguss|86\/100\n|faint|p2a: Urshifu\n|move|p1b: Iron Hands|Wild Charge|p2b: Amoonguss\n|-resisted|p2b: Amoonguss\n|-damage|p2b: Amoonguss|66\/100\n|-damage|p1b: Iron Hands|89\/100|[from] Recoil\n|\n|upkeep\n|\n|t:|1700432092\n|switch|p2a: Roaring Moon|Roaring Moon, L50|100\/100\n|-enditem|p2a: Roaring Moon|Booster Energy\n|-activate|p2a: Roaring Moon|ability: Protosynthesis|[fromitem]\n|-start|p2a: Roaring Moon|protosynthesisatk\n|turn|5\n|inactive|AC Wesley has 30 seconds left.\n|inactive|AC Wesley has 20 seconds left.\n|inactive|AC Wesley has 15 seconds left.\n|inactive|AC Wesley has 10 seconds left.\n|\n|t:|1700432141\n|-terastallize|p2a: Roaring Moon|Flying\n|move|p2b: Amoonguss|Rage Powder|p2b: Amoonguss\n|-singleturn|p2b: Amoonguss|move: Rage Powder\n|move|p1a: Flutter Mane|Shadow Ball|p2b: Amoonguss\n|-damage|p2b: Amoonguss|27\/100\n|-enditem|p2b: Amoonguss|Sitrus Berry|[eat]\n|-heal|p2b: Amoonguss|52\/100|[from] item: Sitrus Berry\n|move|p2a: Roaring Moon|Acrobatics|p1a: Flutter Mane\n|-damage|p1a: Flutter Mane|0 fnt\n|faint|p1a: Flutter Mane\n|-end|p1a: Flutter Mane|Protosynthesis|[silent]\n|move|p1b: Iron Hands|Heavy Slam|p2b: Amoonguss\n|-damage|p2b: Amoonguss|15\/100\n|\n|upkeep\n|inactive|AC Wesley has 30 seconds left.\n|\n|t:|1700432172\n|switch|p1a: Heatran|Heatran, L50, F|100\/100\n|turn|6\n|inactive|AC Wesley has 30 seconds left.\n|inactive|AC Wesley has 20 seconds left.\n|inactive|AC Wesley has 15 seconds left.\n|\n|t:|1700432216\n|switch|p2b: Chien-Pao|Chien-Pao, L50|1\/100\n|-ability|p2b: Chien-Pao|Sword of Ruin\n|move|p2a: Roaring Moon|Acrobatics|p1b: Iron Hands\n|-damage|p1b: Iron Hands|18\/100\n|move|p1a: Heatran|Earth Power|p2b: Chien-Pao\n|-damage|p2b: Chien-Pao|0 fnt\n|faint|p2b: Chien-Pao\n|move|p1b: Iron Hands|Wild Charge|p2a: Roaring Moon\n|-supereffective|p2a: Roaring Moon\n|-damage|p2a: Roaring Moon|0 fnt\n|faint|p2a: Roaring Moon\n|-end|p2a: Roaring Moon|Protosynthesis|[silent]\n|-damage|p1b: Iron Hands|1\/100|[from] Recoil\n|\n|upkeep\n|\n|t:|1700432232\n|switch|p2b: Amoonguss|Amoonguss, L50, F|48\/100\n|turn|7\n|c|\u2606sonaw4|GG\n|c|\u2606AC Wesley|ggs\n|\n|t:|1700432242\n|-terastallize|p1a: Heatran|Grass\n|move|p1a: Heatran|Magma Storm|p2b: Amoonguss\n|-supereffective|p2b: Amoonguss\n|-damage|p2b: Amoonguss|0 fnt\n|faint|p2b: Amoonguss\n|\n|win|AC Wesley\n|l| Van. Volcanucks\n","uploadtime":1700432277,"views":6,"p1id":"acwesley","p2id":"sonaw4","formatid":"gen9vgc2023regulatione","rating":0,"private":0,"password":""}