{"id":"gen9vgc2023regulatione-1987997087","p1":"Cordero26","p2":"vivixification","format":"[Gen 9] VGC 2023 Regulation E","log":"|j|\u2606Cordero26\n|j|\u2606vivixification\n|t:|1699657320\n|gametype|doubles\n|player|p1|Cordero26|nate|1270\n|player|p2|vivixification|dragontamer-gen9|1350\n|teamsize|p1|6\n|teamsize|p2|6\n|gen|9\n|tier|[Gen 9] VGC 2023 Regulation E\n|rated|\n|rule|Species Clause: Limit one of each Pok\u00e9mon\n|rule|Item Clause: Limit one of each item\n|clearpoke\n|poke|p1|Iron Bundle, L50|\n|poke|p1|Ogerpon-Hearthflame, L50, F|\n|poke|p1|Tornadus, L50, M|\n|poke|p1|Farigiraf, L50, F|\n|poke|p1|Rillaboom, L50, M|\n|poke|p1|Urshifu-*, L50, M|\n|poke|p2|Dondozo, L50, M|\n|poke|p2|Tatsugiri, L50, M|\n|poke|p2|Rillaboom, L50, M|\n|poke|p2|Flutter Mane, L50|\n|poke|p2|Tornadus, L50, M|\n|poke|p2|Landorus-Therian, L50, M|\n|teampreview|4\n|inactive|Battle timer is ON: inactive players will automatically lose when time's up. (requested by vivixification)\nvivixification has agreed to open team sheets.\nCordero26 rejected open team sheets.\n|\n|t:|1699657341\n|start\n|switch|p1a: Iron Bundle|Iron Bundle, L50|100\/100\n|switch|p1b: Ogerpon|Ogerpon-Hearthflame, L50, F|100\/100\n|switch|p2a: Gluttony|Rillaboom, L50, M, shiny|100\/100\n|switch|p2b: Lust|Flutter Mane, L50, shiny|100\/100\n|-ability|p1b: Ogerpon|Mold Breaker\n|-fieldstart|move: Grassy Terrain|[from] ability: Grassy Surge|[of] p2a: Gluttony\n|-enditem|p1a: Iron Bundle|Booster Energy\n|-activate|p1a: Iron Bundle|ability: Quark Drive|[fromitem]\n|-start|p1a: Iron Bundle|quarkdrivespe\n|turn|1\n|\n|t:|1699657363\n|move|p1a: Iron Bundle|Protect|p1a: Iron Bundle\n|-singleturn|p1a: Iron Bundle|Protect\n|move|p1b: Ogerpon|Spiky Shield|p1b: Ogerpon\n|-singleturn|p1b: Ogerpon|move: Protect\n|move|p2a: Gluttony|Fake Out|p1b: Ogerpon\n|-activate|p1b: Ogerpon|move: Protect\n|-damage|p2a: Gluttony|88\/100|[from] Spiky Shield|[of] p1b: Ogerpon\n|move|p2b: Lust|Shadow Ball|p1a: Iron Bundle\n|-activate|p1a: Iron Bundle|move: Protect\n|\n|-heal|p2a: Gluttony|94\/100|[from] Grassy Terrain\n|upkeep\n|turn|2\n|\n|t:|1699657385\n|-end|p1a: Iron Bundle|Quark Drive|[silent]\n|switch|p1a: Farigiraf|Farigiraf, L50, F|100\/100\n|-end|p2b: Lust|Protosynthesis|[silent]\n|switch|p2b: Greed|Dondozo, L50, M, shiny|100\/100\n|-terastallize|p1b: Ogerpon|Fire\n|detailschange|p1b: Ogerpon|Ogerpon-Hearthflame-Tera, L50, F, tera:Fire\n|-ability|p1b: Ogerpon|Embody Aspect (Hearthflame)|boost\n|-boost|p1b: Ogerpon|atk|1\n|move|p2a: Gluttony|Grassy Glide||[still]\n|cant|p1a: Farigiraf|ability: Armor Tail|Grassy Glide|[of] p2a: Gluttony\n|move|p1b: Ogerpon|Ivy Cudgel|p2a: Gluttony\n|-supereffective|p2a: Gluttony\n|-damage|p2a: Gluttony|0 fnt\n|faint|p2a: Gluttony\n|\n|upkeep\n|\n|t:|1699657397\n|switch|p2a: Envy|Tatsugiri, L50, M, shiny|100\/100\n|-activate|p2a: Envy|ability: Commander|[of] p2b: Greed\n|-boost|p2b: Greed|atk|2\n|-boost|p2b: Greed|spa|2\n|-boost|p2b: Greed|spe|2\n|-boost|p2b: Greed|def|2\n|-boost|p2b: Greed|spd|2\n|turn|3\n|\n|t:|1699657409\n|-terastallize|p2b: Greed|Dragon\n|move|p1b: Ogerpon|Spiky Shield|p1b: Ogerpon\n|-singleturn|p1b: Ogerpon|move: Protect\n|move|p2b: Greed|Order Up|p1a: Farigiraf\n|-damage|p1a: Farigiraf|45\/100\n|-enditem|p1a: Farigiraf|Sitrus Berry|[eat]\n|-heal|p1a: Farigiraf|70\/100|[from] item: Sitrus Berry\n|-boost|p2b: Greed|atk|1\n|move|p1a: Farigiraf|Trick Room|p1a: Farigiraf\n|-fieldstart|move: Trick Room|[of] p1a: Farigiraf\n|\n|-heal|p1a: Farigiraf|76\/100|[from] Grassy Terrain\n|upkeep\n|turn|4\n|\n|t:|1699657424\n|move|p1a: Farigiraf|Dazzling Gleam|p2a: Envy|[spread] p2b\n|-miss|p1a: Farigiraf|p2a: Envy\n|-supereffective|p2b: Greed\n|-damage|p2b: Greed|86\/100\n|move|p1b: Ogerpon|Ivy Cudgel|p2b: Greed\n|-resisted|p2b: Greed\n|-damage|p2b: Greed|65\/100\n|move|p2b: Greed|Wave Crash|p1a: Farigiraf\n|-damage|p1a: Farigiraf|0 fnt\n|faint|p1a: Farigiraf\n|-damage|p2b: Greed|42\/100|[from] Recoil\n|\n|-heal|p2b: Greed|48\/100|[from] Grassy Terrain\n|-heal|p2b: Greed|54\/100|[from] item: Leftovers\n|upkeep\n|\n|t:|1699657430\n|switch|p1a: Iron Bundle|Iron Bundle, L50|100\/100\n|turn|5\n|\n|t:|1699657435\n|move|p2b: Greed|Protect|p2b: Greed\n|-singleturn|p2b: Greed|Protect\n|move|p1a: Iron Bundle|Freeze-Dry|p2b: Greed\n|-activate|p2b: Greed|move: Protect\n|move|p1b: Ogerpon|Ivy Cudgel|p2b: Greed\n|-activate|p2b: Greed|move: Protect\n|\n|-heal|p2b: Greed|60\/100|[from] Grassy Terrain\n|-heal|p2b: Greed|67\/100|[from] item: Leftovers\n|-fieldend|move: Grassy Terrain\n|upkeep\n|turn|6\n|\n|t:|1699657445\n|move|p1a: Iron Bundle|Freeze-Dry|p2b: Greed\n|-supereffective|p2b: Greed\n|-damage|p2b: Greed|34\/100\n|move|p1b: Ogerpon|Ivy Cudgel|p2b: Greed\n|-resisted|p2b: Greed\n|-damage|p2b: Greed|12\/100\n|move|p2b: Greed|Order Up|p1a: Iron Bundle\n|-damage|p1a: Iron Bundle|20\/100\n|-boost|p2b: Greed|atk|1\n|\n|-heal|p2b: Greed|18\/100|[from] item: Leftovers\n|upkeep\n|turn|7\n|\n|t:|1699657465\n|switch|p1b: Rillaboom|Rillaboom, L50, M|100\/100\n|-fieldstart|move: Grassy Terrain|[from] ability: Grassy Surge|[of] p1b: Rillaboom\n|move|p2b: Greed|Protect|p2b: Greed\n|-singleturn|p2b: Greed|Protect\n|move|p1a: Iron Bundle|Freeze-Dry|p2b: Greed\n|-activate|p2b: Greed|move: Protect\n|\n|-heal|p1a: Iron Bundle|26\/100|[from] Grassy Terrain\n|-heal|p2b: Greed|24\/100|[from] Grassy Terrain\n|-heal|p2b: Greed|30\/100|[from] item: Leftovers\n|-fieldend|move: Trick Room\n|upkeep\n|turn|8\n|\n|t:|1699657473\n|move|p2b: Greed|Protect|p2b: Greed\n|-singleturn|p2b: Greed|Protect\n|move|p1b: Rillaboom|Fake Out|p2b: Greed\n|-activate|p2b: Greed|move: Protect\n|move|p1a: Iron Bundle|Freeze-Dry|p2b: Greed\n|-activate|p2b: Greed|move: Protect\n|\n|-heal|p2b: Greed|36\/100|[from] Grassy Terrain\n|-heal|p2b: Greed|43\/100|[from] item: Leftovers\n|-heal|p1a: Iron Bundle|31\/100|[from] Grassy Terrain\n|upkeep\n|turn|9\n|\n|t:|1699657485\n|move|p1b: Rillaboom|Grassy Glide|p2b: Greed\n|-resisted|p2b: Greed\n|-damage|p2b: Greed|36\/100\n|move|p2b: Greed|Order Up|p1a: Iron Bundle\n|-damage|p1a: Iron Bundle|0 fnt\n|faint|p1a: Iron Bundle\n|-end|p1a: Iron Bundle|Quark Drive|[silent]\n|-boost|p2b: Greed|atk|1\n|\n|-heal|p2b: Greed|42\/100|[from] Grassy Terrain\n|-heal|p2b: Greed|48\/100|[from] item: Leftovers\n|upkeep\n|\n|t:|1699657487\n|switch|p1a: Ogerpon|Ogerpon-Hearthflame-Tera, L50, F, tera:Fire|100\/100\n|-ability|p1a: Ogerpon|Embody Aspect (Hearthflame)|boost\n|-boost|p1a: Ogerpon|atk|1\n|turn|10\n|-message|Cordero26 forfeited.\n|\n|win|vivixification\n|raw|Cordero26's rating: 1270 &rarr; <strong>1251<\/strong><br \/>(-19 for losing)\n|raw|vivixification's rating: 1350 &rarr; <strong>1365<\/strong><br \/>(+15 for winning)\n|l|\u2606Cordero26\n","uploadtime":1699657492,"views":29,"p1id":"cordero26","p2id":"vivixification","formatid":"gen9vgc2023regulatione","rating":1251,"private":0,"password":""}