{"id":"gen9vgc2023regulatione-1997521224","p1":"ChungusTheOldOne","p2":"Sumato","format":"[Gen 9] VGC 2023 Regulation E","log":"|j|\u2606ChungusTheOldOne\n|j|\u2606Sumato\n|t:|1700819497\n|gametype|doubles\n|player|p1|ChungusTheOldOne|alder|1096\n|player|p2|Sumato|swimmerf-gen4|1025\n|teamsize|p1|6\n|teamsize|p2|6\n|gen|9\n|tier|[Gen 9] VGC 2023 Regulation E\n|rated|\n|rule|Species Clause: Limit one of each Pok\u00e9mon\n|rule|Item Clause: Limit one of each item\n|clearpoke\n|poke|p1|Urshifu-*, L50, F|\n|poke|p1|Politoed, L50, F|\n|poke|p1|Gothorita, L50, M|\n|poke|p1|Amoonguss, L50, M|\n|poke|p1|Iron Hands, L50|\n|poke|p1|Ogerpon-Wellspring, L50, F|\n|poke|p2|Iron Thorns, L50|\n|poke|p2|Hippowdon, L50, M|\n|poke|p2|Landorus, L50, M|\n|poke|p2|Bronzong, L50|\n|poke|p2|Kommo-o, L50, F|\n|poke|p2|Gastrodon, L50, F|\n|teampreview|4\n|\n|t:|1700819530\n|start\n|switch|p1a: Urshifu|Urshifu-Rapid-Strike, L50, F|100\/100\n|switch|p1b: Politoed|Politoed, L50, F|100\/100\n|switch|p2a: Hippowdon|Hippowdon, L50, M|100\/100\n|switch|p2b: Bronzong|Bronzong, L50|100\/100\n|-weather|RainDance|[from] ability: Drizzle|[of] p1b: Politoed\n|-weather|Sandstorm|[from] ability: Sand Stream|[of] p2a: Hippowdon\n|turn|1\n|\n|t:|1700819546\n|move|p2a: Hippowdon|Protect|p2a: Hippowdon\n|-singleturn|p2a: Hippowdon|Protect\n|move|p1a: Urshifu|U-turn|p2b: Bronzong\n|-damage|p2b: Bronzong|78\/100\n|\n|t:|1700819552\n|switch|p1a: Gothorita|Gothorita, L50, M|100\/100|[from] U-turn\n|move|p1b: Politoed|Perish Song|p1b: Politoed\n|-start|p1a: Gothorita|perish3|[silent]\n|-start|p1b: Politoed|perish3|[silent]\n|-start|p2a: Hippowdon|perish3|[silent]\n|-start|p2b: Bronzong|perish3|[silent]\n|-fieldactivate|move: Perish Song\n|move|p2b: Bronzong|Trick Room|p2b: Bronzong\n|-fieldstart|move: Trick Room|[of] p2b: Bronzong\n|\n|-weather|Sandstorm|[upkeep]\n|-damage|p1a: Gothorita|95\/100|[from] Sandstorm\n|-damage|p1b: Politoed|95\/100|[from] Sandstorm\n|-start|p2b: Bronzong|perish3\n|-start|p2a: Hippowdon|perish3\n|-start|p1a: Gothorita|perish3\n|-start|p1b: Politoed|perish3\n|upkeep\n|turn|2\n|\n|t:|1700819582\n|switch|p1b: Ogerpon|Ogerpon-Wellspring, L50, F|100\/100\n|move|p1a: Gothorita|Fake Out|p2a: Hippowdon\n|-damage|p2a: Hippowdon|98\/100\n|move|p2b: Bronzong|Gyro Ball|p1a: Gothorita\n|-damage|p1a: Gothorita|81\/100\n|cant|p2a: Hippowdon|flinch\n|\n|-weather|Sandstorm|[upkeep]\n|-damage|p1a: Gothorita|75\/100|[from] Sandstorm\n|-damage|p1b: Ogerpon|95\/100|[from] Sandstorm\n|-start|p2b: Bronzong|perish2\n|-start|p2a: Hippowdon|perish2\n|-start|p1a: Gothorita|perish2\n|upkeep\n|turn|3\n|\n|t:|1700819602\n|move|p1b: Ogerpon|Spiky Shield|p1b: Ogerpon\n|-singleturn|p1b: Ogerpon|move: Protect\n|move|p2b: Bronzong|Gyro Ball|p1a: Gothorita\n|-damage|p1a: Gothorita|60\/100\n|move|p2a: Hippowdon|High Horsepower|p1a: Gothorita\n|-damage|p1a: Gothorita|35\/100\n|move|p1a: Gothorita|Foul Play|p2a: Hippowdon\n|-damage|p2a: Hippowdon|84\/100\n|\n|-weather|Sandstorm|[upkeep]\n|-damage|p1a: Gothorita|29\/100|[from] Sandstorm\n|-damage|p1b: Ogerpon|89\/100|[from] Sandstorm\n|-start|p2b: Bronzong|perish1\n|-start|p2a: Hippowdon|perish1\n|-start|p1a: Gothorita|perish1\n|upkeep\n|turn|4\n|c|\u2606ChungusTheOldOne|u both die\n|c|\u2606ChungusTheOldOne|bye\n|c|\u2606Sumato|lol\n|c|\u2606ChungusTheOldOne|hahaha\n|\n|t:|1700819633\n|switch|p1a: Politoed|Politoed, L50, F|95\/100\n|-weather|RainDance|[from] ability: Drizzle|[of] p1a: Politoed\n|move|p2b: Bronzong|Future Sight|p1a: Politoed\n|-start|p2b: Bronzong|move: Future Sight\n|move|p2a: Hippowdon|High Horsepower|p1a: Politoed\n|-damage|p1a: Politoed|55\/100\n|move|p1b: Ogerpon|Swords Dance|p1b: Ogerpon\n|-boost|p1b: Ogerpon|atk|2\n|\n|-weather|RainDance|[upkeep]\n|-start|p2b: Bronzong|perish0\n|-start|p2a: Hippowdon|perish0\n|faint|p2b: Bronzong\n|faint|p2a: Hippowdon\n|upkeep\n|\n|t:|1700819645\n|switch|p2b: Gastrodon|Gastrodon, L50, F|100\/100\n|switch|p2a: Iron Thorns|Iron Thorns, L50|100\/100\n|turn|5\n|c|\u2606ChungusTheOldOne|and now i do the bullshit play\n|c|\u2606ChungusTheOldOne|wanna see it?\n|\n|t:|1700819666\n|-terastallize|p2a: Iron Thorns|Flying\n|-terastallize|p1a: Politoed|Dragon\n|move|p2b: Gastrodon|Protect|p2b: Gastrodon\n|-singleturn|p2b: Gastrodon|Protect\n|move|p1b: Ogerpon|Spiky Shield|p1b: Ogerpon\n|-singleturn|p1b: Ogerpon|move: Protect\n|move|p2a: Iron Thorns|Tera Blast|p1b: Ogerpon|[anim] Tera Blast Flying\n|-activate|p1b: Ogerpon|move: Protect\n|move|p1a: Politoed|Perish Song|p1a: Politoed\n|-start|p1a: Politoed|perish3|[silent]\n|-start|p1b: Ogerpon|perish3|[silent]\n|-start|p2a: Iron Thorns|perish3|[silent]\n|-start|p2b: Gastrodon|perish3|[silent]\n|-fieldactivate|move: Perish Song\n|\n|-weather|RainDance|[upkeep]\n|-start|p2b: Gastrodon|perish3\n|-start|p2a: Iron Thorns|perish3\n|-start|p1a: Politoed|perish3\n|-start|p1b: Ogerpon|perish3\n|-fieldend|move: Trick Room\n|upkeep\n|turn|6\n|\n|t:|1700819691\n|move|p1a: Politoed|Helping Hand|p1b: Ogerpon\n|-singleturn|p1b: Ogerpon|Helping Hand|[of] p1a: Politoed\n|move|p1b: Ogerpon|Horn Leech|p2b: Gastrodon\n|-supereffective|p2b: Gastrodon\n|-enditem|p2b: Gastrodon|Rindo Berry|[eat]\n|-enditem|p2b: Gastrodon|Rindo Berry|[weaken]\n|-damage|p2b: Gastrodon|0 fnt\n|-heal|p1b: Ogerpon|100\/100|[from] drain|[of] p2b: Gastrodon\n|faint|p2b: Gastrodon\n|move|p2a: Iron Thorns|Tera Blast|p1b: Ogerpon|[anim] Tera Blast Flying\n|-supereffective|p1b: Ogerpon\n|-damage|p1b: Ogerpon|7\/100\n|\n|-weather|RainDance|[upkeep]\n|-end|p1a: Politoed|move: Future Sight\n|-damage|p1a: Politoed|33\/100\n|-start|p1b: Ogerpon|perish2\n|-start|p1a: Politoed|perish2\n|-start|p2a: Iron Thorns|perish2\n|upkeep\n|turn|7\n|n|!ChungusTheOldOne|chungustheoldone\n|\n|t:|1700819715\n|move|p1b: Ogerpon|Spiky Shield|p1b: Ogerpon\n|-singleturn|p1b: Ogerpon|move: Protect\n|move|p1a: Politoed|Protect|p1a: Politoed\n|-singleturn|p1a: Politoed|Protect\n|move|p2a: Iron Thorns|Rock Slide|p1b: Ogerpon|[spread] \n|-activate|p1a: Politoed|move: Protect\n|-activate|p1b: Ogerpon|move: Protect\n|\n|-weather|RainDance|[upkeep]\n|-start|p1b: Ogerpon|perish1\n|-start|p1a: Politoed|perish1\n|-start|p2a: Iron Thorns|perish1\n|upkeep\n|turn|8\n|inactive|Battle timer is ON: inactive players will automatically lose when time's up. (requested by Sumato)\n|inactive|ChungusTheOldOne has 60 seconds left.\n|inactive|ChungusTheOldOne has 30 seconds left.\n|inactive|ChungusTheOldOne has 20 seconds left.\n|inactive|ChungusTheOldOne has 15 seconds left.\n|inactive|ChungusTheOldOne has 10 seconds left.\n|inactive|ChungusTheOldOne has 5 seconds left.\n|\n|t:|1700819904\n|move|p1a: Politoed|Protect|p1a: Politoed\n|-singleturn|p1a: Politoed|Protect\n|move|p1b: Ogerpon|Horn Leech|p2a: Iron Thorns\n|-resisted|p2a: Iron Thorns\n|-damage|p2a: Iron Thorns|68\/100\n|-heal|p1b: Ogerpon|23\/100|[from] drain|[of] p2a: Iron Thorns\n|move|p2a: Iron Thorns|Rock Slide|p1b: Ogerpon|[spread] p1b\n|-activate|p1a: Politoed|move: Protect\n|-damage|p1b: Ogerpon|0 fnt\n|faint|p1b: Ogerpon\n|\n|-weather|RainDance|[upkeep]\n|-start|p1a: Politoed|perish0\n|-start|p2a: Iron Thorns|perish0\n|faint|p1a: Politoed\n|faint|p2a: Iron Thorns\n|-end|p2a: Iron Thorns|Quark Drive|[silent]\n|\n|win|ChungusTheOldOne\n|upkeep\n|raw|ChungusTheOldOne's rating: 1127 &rarr; <strong>1145<\/strong><br \/>(+18 for winning)\n|raw|Sumato's rating: 1025 &rarr; <strong>1015<\/strong><br \/>(-10 for losing)\n","uploadtime":1700819693,"views":3,"p1id":"chungustheoldone","p2id":"sumato","formatid":"gen9vgc2023regulatione","rating":1015,"private":0,"password":""}