{"id":"gen9vgc2023regulatione-1994909544","p1":"A_pebbles_","p2":"78shnipe","format":"[Gen 9] VGC 2023 Regulation E","log":"|j|\u2606A_pebbles_\n|j|\u260678shnipe\n|t:|1700503802\n|gametype|doubles\n|player|p1|A_pebbles_|heroine2-conquest|1103\n|player|p2|78shnipe|hilbert|1021\n|teamsize|p1|6\n|teamsize|p2|6\n|gen|9\n|tier|[Gen 9] VGC 2023 Regulation E\n|rated|\n|rule|Species Clause: Limit one of each Pok\u00e9mon\n|rule|Item Clause: Limit one of each item\n|clearpoke\n|poke|p1|Dragonite, L50, F|\n|poke|p1|Ogerpon-Hearthflame, L50, F|\n|poke|p1|Chien-Pao, L50|\n|poke|p1|Tornadus, L50, M|\n|poke|p1|Urshifu-*, L50, F|\n|poke|p1|Landorus-Therian, L50, M|\n|poke|p2|Regieleki, L50|\n|poke|p2|Chi-Yu, L50|\n|poke|p2|Tornadus, L50, M|\n|poke|p2|Indeedee-F, L50, F|\n|poke|p2|Ogerpon-Wellspring, L50, F|\n|poke|p2|Flutter Mane, L50|\n|teampreview|4\n78shnipe has agreed to open team sheets.\nA_pebbles_ has agreed to open team sheets.\n|inactive|Battle timer is ON: inactive players will automatically lose when time's up. (requested by A_pebbles_)\n|\n|t:|1700503854\n|start\n|switch|p1a: Tornadus|Tornadus, L50, M|100\/100\n|switch|p1b: Chien-Pao|Chien-Pao, L50|100\/100\n|switch|p2a: Tornadus|Tornadus, L50, M|100\/100\n|switch|p2b: Regieleki|Regieleki, L50|100\/100\n|-ability|p1b: Chien-Pao|Sword of Ruin\n|turn|1\n|\n|t:|1700503869\n|move|p2a: Tornadus|Tailwind|p2a: Tornadus\n|-sidestart|p2: 78shnipe|move: Tailwind\n|move|p2b: Regieleki|Electroweb|p1a: Tornadus|[spread] p1a,p1b\n|-supereffective|p1a: Tornadus\n|-damage|p1a: Tornadus|41\/100\n|-damage|p1b: Chien-Pao|56\/100\n|-unboost|p1b: Chien-Pao|spe|1\n|move|p1a: Tornadus|Icy Wind|p2b: Regieleki|[spread] p2a,p2b\n|-supereffective|p2a: Tornadus\n|-damage|p2a: Tornadus|78\/100\n|-damage|p2b: Regieleki|76\/100\n|-unboost|p2a: Tornadus|spe|1\n|-unboost|p2b: Regieleki|spe|1\n|move|p1b: Chien-Pao|Ice Spinner|p2b: Regieleki\n|-damage|p2b: Regieleki|0 fnt\n|faint|p2b: Regieleki\n|\n|upkeep\n|\n|t:|1700503886\n|switch|p2b: Flutter Mane|Flutter Mane, L50|100\/100\n|turn|2\n|inactive|78shnipe has 30 seconds left.\n|inactive|78shnipe has 20 seconds left.\n|\n|t:|1700503924\n|-terastallize|p2b: Flutter Mane|Fairy\n|move|p1b: Chien-Pao|Protect|p1b: Chien-Pao\n|-singleturn|p1b: Chien-Pao|Protect\n|move|p1a: Tornadus|Tailwind|p1a: Tornadus\n|-sidestart|p1: A_pebbles_|move: Tailwind\n|move|p2b: Flutter Mane|Dazzling Gleam|p1b: Chien-Pao|[spread] p1a\n|-activate|p1b: Chien-Pao|move: Protect\n|-damage|p1a: Tornadus|0 fnt\n|faint|p1a: Tornadus\n|move|p2a: Tornadus|Bleakwind Storm|p1b: Chien-Pao\n|-activate|p1b: Chien-Pao|move: Protect\n|\n|upkeep\n|\n|t:|1700503933\n|switch|p1a: Dragonite|Dragonite, L50, F|100\/100\n|turn|3\n|\n|t:|1700503954\n|switch|p2a: Indeedee|Indeedee-F, L50, F|100\/100\n|-fieldstart|move: Psychic Terrain|[from] ability: Psychic Surge|[of] p2a: Indeedee\n|-enditem|p2a: Indeedee|Psychic Seed\n|-boost|p2a: Indeedee|spd|1|[from] item: Psychic Seed\n|-terastallize|p1a: Dragonite|Normal\n|move|p1a: Dragonite|Extreme Speed|p2b: Flutter Mane\n|-activate|p2b: Flutter Mane|move: Psychic Terrain\n|move|p2b: Flutter Mane|Dazzling Gleam|p1a: Dragonite|[spread] p1a,p1b\n|-supereffective|p1b: Chien-Pao\n|-crit|p1b: Chien-Pao\n|-damage|p1a: Dragonite|63\/100\n|-damage|p1b: Chien-Pao|0 fnt\n|faint|p1b: Chien-Pao\n|\n|upkeep\n|\n|t:|1700503966\n|switch|p1b: Urshifu|Urshifu-Rapid-Strike, L50, F|100\/100\n|turn|4\n|\n|t:|1700503973\n|move|p2a: Indeedee|Follow Me|p2a: Indeedee\n|-singleturn|p2a: Indeedee|move: Follow Me\n|move|p1a: Dragonite|Extreme Speed|p2a: Indeedee\n|-activate|p2a: Indeedee|move: Psychic Terrain\n|move|p1b: Urshifu|Surging Strikes|p2a: Indeedee\n|-crit|p2a: Indeedee\n|-damage|p2a: Indeedee|80\/100\n|-crit|p2a: Indeedee\n|-damage|p2a: Indeedee|60\/100\n|-crit|p2a: Indeedee\n|-damage|p2a: Indeedee|38\/100\n|-hitcount|p2a: Indeedee|3\n|move|p2b: Flutter Mane|Dazzling Gleam|p1b: Urshifu|[spread] p1a,p1b\n|-supereffective|p1b: Urshifu\n|-damage|p1a: Dragonite|26\/100\n|-damage|p1b: Urshifu|0 fnt\n|faint|p1b: Urshifu\n|\n|-sideend|p2: 78shnipe|move: Tailwind\n|upkeep\n|turn|5\n|c|\u2606A_pebbles_|gg\n|-message|A_pebbles_ forfeited.\n|\n|win|78shnipe\n|raw|A_pebbles_'s rating: 1103 &rarr; <strong>1072<\/strong><br \/>(-31 for losing)\n|raw|78shnipe's rating: 1021 &rarr; <strong>1066<\/strong><br \/>(+45 for winning)\n|l|\u2606A_pebbles_\n","uploadtime":1700503989,"views":10,"p1id":"apebbles","p2id":"78shnipe","formatid":"gen9vgc2023regulatione","rating":1066,"private":0,"password":""}