{"id":"gen9vgc2023regulatione-1990855081","p1":"Mepe Murp","p2":"JuveSassuolontus","format":"[Gen 9] VGC 2023 Regulation E","log":"|j|\u2606Mepe Murp\n|j|\u2606JuveSassuolontus\n|t:|1700007971\n|gametype|doubles\n|player|p1|Mepe Murp|preschooler|\n|player|p2|JuveSassuolontus|leon-masters|\n|teamsize|p1|6\n|teamsize|p2|6\n|gen|9\n|tier|[Gen 9] VGC 2023 Regulation E\n|rated|Tournament battle\n|rule|Species Clause: Limit one of each Pok\u00e9mon\n|rule|Item Clause: Limit one of each item\n|clearpoke\n|poke|p1|Ninetales-Alola, L50, F|\n|poke|p1|Baxcalibur, L50, F|\n|poke|p1|Heatran, L50, F|\n|poke|p1|Sinistcha-Masterpiece, L50|\n|poke|p1|Gyarados, L50, M|\n|poke|p1|Flutter Mane, L50|\n|poke|p2|Arcanine-Hisui, L50, M|\n|poke|p2|Urshifu-*, L50, M|\n|poke|p2|Gholdengo, L50|\n|poke|p2|Iron Hands, L50|\n|poke|p2|Tornadus, L50, M|\n|poke|p2|Amoonguss, L50, M|\n|teampreview|4\n|showteam|p1|Ninetales-Alola||LightClay|SnowWarning|AuroraVeil,FreezeDry,Protect,Encore|||F|||50|,,,,,Steel]Baxcalibur||AssaultVest|ThermalExchange|IcicleCrash,GlaiveRush,HighHorsepower,IceShard|||F|||50|,,,,,Poison]Heatran||Leftovers|FlashFire|HeatWave,FlashCannon,EarthPower,Protect|||F|||50|,,,,,Grass]Sinistcha-Masterpiece||RockyHelmet|Heatproof|MatchaGotcha,RagePowder,Protect,StrengthSap||||||50|,,,,,Dragon]Gyarados||SitrusBerry|Intimidate|ThunderWave,Waterfall,Taunt,Protect|||M|||50|,,,,,Steel]Flutter Mane||BoosterEnergy|Protosynthesis|Moonblast,ShadowBall,DazzlingGleam,Protect||||||50|,,,,,Fairy\n|showteam|p2|Arcanine-Hisui||ChoiceBand|Intimidate|FlareBlitz,RockSlide,ExtremeSpeed,TeraBlast|||M|||50|,,,,,Fairy]Urshifu-Rapid-Strike||MysticWater|UnseenFist|SurgingStrikes,CloseCombat,AquaJet,Protect|||M|||50|,,,,,Water]Gholdengo||Leftovers|GoodasGold|MakeItRain,ShadowBall,NastyPlot,Protect||||||50|,,,,,Dragon]Iron Hands||AssaultVest|QuarkDrive|WildCharge,DrainPunch,VoltSwitch,FakeOut||||||50|,,,,,Water]Tornadus||RockyHelmet|Prankster|BleakwindStorm,RainDance,Tailwind,Protect|||M|||50|,,,,,Steel]Amoonguss||SitrusBerry|Regenerator|PollenPuff,Spore,RagePowder,Protect|||M|||50|,,,,,Water\n|\n|t:|1700008033\n|start\n|switch|p1a: Flutter Mane|Flutter Mane, L50|100\/100\n|switch|p1b: Sinistcha|Sinistcha-Masterpiece, L50|100\/100\n|switch|p2a: Tornadus|Tornadus, L50, M|100\/100\n|switch|p2b: Arcanine|Arcanine-Hisui, L50, M|100\/100\n|-ability|p2b: Arcanine|Intimidate|boost\n|-unboost|p1a: Flutter Mane|atk|1\n|-unboost|p1b: Sinistcha|atk|1\n|-enditem|p1a: Flutter Mane|Booster Energy\n|-activate|p1a: Flutter Mane|ability: Protosynthesis|[fromitem]\n|-start|p1a: Flutter Mane|protosynthesisspe\n|turn|1\n|\n|t:|1700008058\n|move|p1a: Flutter Mane|Protect|p1a: Flutter Mane\n|-singleturn|p1a: Flutter Mane|Protect\n|move|p2a: Tornadus|Bleakwind Storm|p1b: Sinistcha|[spread] p1b\n|-activate|p1a: Flutter Mane|move: Protect\n|-supereffective|p1b: Sinistcha\n|-damage|p1b: Sinistcha|22\/100\n|move|p2b: Arcanine|Rock Slide|p1a: Flutter Mane|[spread] \n|-activate|p1a: Flutter Mane|move: Protect\n|-miss|p2b: Arcanine|p1b: Sinistcha\n|move|p1b: Sinistcha|Strength Sap|p2b: Arcanine\n|-unboost|p2b: Arcanine|atk|1\n|-heal|p1b: Sinistcha|100\/100\n|\n|upkeep\n|turn|2\n|j| fishnator\n|l| fishnator\n|\n|t:|1700008082\n|move|p1a: Flutter Mane|Moonblast|p2a: Tornadus\n|-damage|p2a: Tornadus|52\/100\n|move|p2a: Tornadus|Bleakwind Storm|p1a: Flutter Mane|[spread] p1b\n|-miss|p2a: Tornadus|p1a: Flutter Mane\n|-supereffective|p1b: Sinistcha\n|-damage|p1b: Sinistcha|22\/100\n|-unboost|p1b: Sinistcha|spe|1\n|move|p2b: Arcanine|Rock Slide|p1b: Sinistcha|[spread] p1a,p1b\n|-damage|p1a: Flutter Mane|61\/100\n|-damage|p1b: Sinistcha|3\/100\n|cant|p1b: Sinistcha|flinch\n|\n|upkeep\n|turn|3\n|\n|t:|1700008096\n|move|p2a: Tornadus|Tailwind|p2a: Tornadus\n|-sidestart|p2: JuveSassuolontus|move: Tailwind\n|move|p1a: Flutter Mane|Moonblast|p2a: Tornadus\n|-damage|p2a: Tornadus|0 fnt\n|faint|p2a: Tornadus\n|move|p2b: Arcanine|Rock Slide|p1a: Flutter Mane|[spread] p1a,p1b\n|-damage|p1a: Flutter Mane|23\/100\n|-damage|p1b: Sinistcha|0 fnt\n|faint|p1b: Sinistcha\n|\n|upkeep\n|\n|t:|1700008108\n|switch|p2a: Iron Hands|Iron Hands, L50|100\/100\n|switch|p1b: Heatran|Heatran, L50, F|100\/100\n|turn|4\n|\n|t:|1700008133\n|-terastallize|p1a: Flutter Mane|Fairy\n|-terastallize|p2a: Iron Hands|Water\n|move|p2a: Iron Hands|Fake Out|p1b: Heatran\n|-resisted|p1b: Heatran\n|-damage|p1b: Heatran|94\/100\n|move|p1a: Flutter Mane|Moonblast|p2a: Iron Hands\n|-damage|p2a: Iron Hands|70\/100\n|move|p2b: Arcanine|Rock Slide|p1b: Heatran|[spread] p1a,p1b\n|-damage|p1a: Flutter Mane|0 fnt\n|-damage|p1b: Heatran|71\/100\n|faint|p1a: Flutter Mane\n|-end|p1a: Flutter Mane|Protosynthesis|[silent]\n|cant|p1b: Heatran|flinch\n|\n|-heal|p1b: Heatran|77\/100|[from] item: Leftovers\n|upkeep\n|\n|t:|1700008137\n|switch|p1a: Ninetales|Ninetales-Alola, L50, F|100\/100\n|-weather|Snow|[from] ability: Snow Warning|[of] p1a: Ninetales\n|turn|5\n|\n|t:|1700008146\n|move|p2b: Arcanine|Rock Slide|p1b: Heatran|[spread] p1a,p1b\n|-supereffective|p1a: Ninetales\n|-damage|p1a: Ninetales|50\/100\n|-damage|p1b: Heatran|54\/100\n|move|p1a: Ninetales|Aurora Veil|p1a: Ninetales\n|-sidestart|p1: Mepe Murp|move: Aurora Veil\n|move|p2a: Iron Hands|Drain Punch|p1b: Heatran\n|-supereffective|p1b: Heatran\n|-damage|p1b: Heatran|11\/100\n|-heal|p2a: Iron Hands|88\/100|[from] drain|[of] p1b: Heatran\n|cant|p1b: Heatran|flinch\n|\n|-weather|Snow|[upkeep]\n|-heal|p1b: Heatran|17\/100|[from] item: Leftovers\n|upkeep\n|turn|6\n|\n|t:|1700008159\n|move|p2b: Arcanine|Rock Slide|p1b: Heatran|[spread] p1a,p1b\n|-supereffective|p1a: Ninetales\n|-damage|p1a: Ninetales|14\/100\n|-damage|p1b: Heatran|0 fnt\n|faint|p1b: Heatran\n|move|p1a: Ninetales|Freeze-Dry|p2a: Iron Hands\n|-supereffective|p2a: Iron Hands\n|-damage|p2a: Iron Hands|67\/100\n|move|p2a: Iron Hands|Drain Punch|p1a: Ninetales\n|-damage|p1a: Ninetales|0 fnt\n|-heal|p2a: Iron Hands|72\/100|[from] drain|[of] p1a: Ninetales\n|faint|p1a: Ninetales\n|\n|win|JuveSassuolontus\n|n|\u2606Mepe Murp|mepemurp\n|n|\u2606JuveSassuolontus|juvesassuolontus\n","uploadtime":1700008161,"views":14,"p1id":"mepemurp","p2id":"juvesassuolontus","formatid":"gen9vgc2023regulatione","rating":0,"private":0,"password":""}