{"id":"gen9vgc2023regulatione-1989342575","p1":"maallinen","p2":"standardvr","format":"[Gen 9] VGC 2023 Regulation E","log":"|j|\u2606maallinen\n|j|\u2606standardvr\n|t:|1699838554\n|gametype|doubles\n|player|p1|maallinen|pokefanf-gen4|1433\n|player|p2|standardvr|blue|1395\n|teamsize|p1|6\n|teamsize|p2|6\n|gen|9\n|tier|[Gen 9] VGC 2023 Regulation E\n|rated|\n|rule|Species Clause: Limit one of each Pok\u00e9mon\n|rule|Item Clause: Limit one of each item\n|clearpoke\n|poke|p1|Landorus, L50, M|\n|poke|p1|Tornadus, L50, M|\n|poke|p1|Ogerpon-Hearthflame, L50, F|\n|poke|p1|Iron Hands, L50|\n|poke|p1|Urshifu-*, L50, M|\n|poke|p1|Rillaboom, L50, F|\n|poke|p2|Landorus-Therian, L50, M|\n|poke|p2|Iron Bundle, L50|\n|poke|p2|Chi-Yu, L50|\n|poke|p2|Farigiraf, L50, M|\n|poke|p2|Urshifu-*, L50, M|\n|poke|p2|Tornadus, L50, M|\n|teampreview|4\n|inactive|Battle timer is ON: inactive players will automatically lose when time's up. (requested by maallinen)\nmaallinen has agreed to open team sheets.\n|inactive|maallinen has 60 seconds left.\n|\n|t:|1699838589\n|start\n|switch|p1a: Just A Prank Bro|Tornadus, L50, M, shiny|100\/100\n|switch|p1b: Shamone-Strike|Urshifu-Rapid-Strike, L50, M|100\/100\n|switch|p2a: Iron Bundle|Iron Bundle, L50|100\/100\n|switch|p2b: Chi-Yu|Chi-Yu, L50|100\/100\n|-ability|p2b: Chi-Yu|Beads of Ruin\n|-enditem|p2a: Iron Bundle|Booster Energy\n|-activate|p2a: Iron Bundle|ability: Quark Drive|[fromitem]\n|-start|p2a: Iron Bundle|quarkdrivespe\n|turn|1\n|inactive|maallinen has 30 seconds left.\n|inactive|standardvr has 30 seconds left.\n|\n|t:|1699838618\n|-terastallize|p1b: Shamone-Strike|Water\n|-terastallize|p2b: Chi-Yu|Dark\n|move|p1a: Just A Prank Bro|Tailwind|p1a: Just A Prank Bro\n|-sidestart|p1: maallinen|move: Tailwind\n|move|p1b: Shamone-Strike|Surging Strikes|p2b: Chi-Yu\n|-crit|p2b: Chi-Yu\n|-damage|p2b: Chi-Yu|55\/100\n|-crit|p2b: Chi-Yu\n|-damage|p2b: Chi-Yu|11\/100\n|-crit|p2b: Chi-Yu\n|-damage|p2b: Chi-Yu|0 fnt\n|faint|p2b: Chi-Yu\n|-hitcount|p2: Chi-Yu|3\n|move|p2a: Iron Bundle|Freeze-Dry|p1b: Shamone-Strike\n|-supereffective|p1b: Shamone-Strike\n|-damage|p1b: Shamone-Strike|0 fnt\n|faint|p1b: Shamone-Strike\n|\n|upkeep\n|inactive|maallinen has 30 seconds left.\n|\n|t:|1699838647\n|switch|p2b: Tornadus|Tornadus, L50, M|100\/100\n|switch|p1b: Fiona-Hearthflame|Ogerpon-Hearthflame, L50, F|100\/100\n|-ability|p1b: Fiona-Hearthflame|Mold Breaker\n|turn|2\n|\n|t:|1699838669\n|move|p2a: Iron Bundle|Protect|p2a: Iron Bundle\n|-singleturn|p2a: Iron Bundle|Protect\n|move|p1a: Just A Prank Bro|Taunt|p2b: Tornadus\n|-start|p2b: Tornadus|move: Taunt\n|move|p1b: Fiona-Hearthflame|Ivy Cudgel|p2b: Tornadus\n|-damage|p2b: Tornadus|1\/100\n|move|p2b: Tornadus|Bleakwind Storm|p1a: Just A Prank Bro|[spread] p1a,p1b\n|-supereffective|p1b: Fiona-Hearthflame\n|-damage|p1a: Just A Prank Bro|59\/100\n|-damage|p1b: Fiona-Hearthflame|26\/100\n|-unboost|p1a: Just A Prank Bro|spe|1\n|\n|upkeep\n|turn|3\n|inactive|maallinen has 30 seconds left.\n|\n|t:|1699838700\n|switch|p1a: Rillaboomer|Rillaboom, L50, F|100\/100\n|-fieldstart|move: Grassy Terrain|[from] ability: Grassy Surge|[of] p1a: Rillaboomer\n|switch|p2b: Landorus|Landorus-Therian, L50, M|100\/100\n|-ability|p2b: Landorus|Intimidate|boost\n|-unboost|p1a: Rillaboomer|atk|1\n|-unboost|p1b: Fiona-Hearthflame|atk|1\n|move|p1b: Fiona-Hearthflame|Grassy Glide|p2a: Iron Bundle\n|-supereffective|p2a: Iron Bundle\n|-damage|p2a: Iron Bundle|26\/100\n|move|p2a: Iron Bundle|Icy Wind|p1a: Rillaboomer|[spread] p1a,p1b\n|-supereffective|p1a: Rillaboomer\n|-crit|p1a: Rillaboomer\n|-damage|p1a: Rillaboomer|30\/100\n|-damage|p1b: Fiona-Hearthflame|6\/100\n|-unboost|p1a: Rillaboomer|spe|1\n|-unboost|p1b: Fiona-Hearthflame|spe|1\n|\n|-heal|p2a: Iron Bundle|32\/100|[from] Grassy Terrain\n|-heal|p1b: Fiona-Hearthflame|12\/100|[from] Grassy Terrain\n|-heal|p1a: Rillaboomer|36\/100|[from] Grassy Terrain\n|upkeep\n|turn|4\n|inactive|maallinen has 30 seconds left.\n|inactive|standardvr has 30 seconds left.\n|\n|t:|1699838731\n|switch|p2b: Tornadus|Tornadus, L50, M|1\/100\n|move|p2a: Iron Bundle|Protect|p2a: Iron Bundle\n|-singleturn|p2a: Iron Bundle|Protect\n|move|p1b: Fiona-Hearthflame|Grassy Glide|p2b: Tornadus\n|-resisted|p2b: Tornadus\n|-crit|p2b: Tornadus\n|-damage|p2b: Tornadus|0 fnt\n|faint|p2b: Tornadus\n|move|p1a: Rillaboomer|Grassy Glide|p2a: Iron Bundle\n|-activate|p2a: Iron Bundle|move: Protect\n|\n|-heal|p2a: Iron Bundle|38\/100|[from] Grassy Terrain\n|-heal|p1b: Fiona-Hearthflame|18\/100|[from] Grassy Terrain\n|-heal|p1a: Rillaboomer|42\/100|[from] Grassy Terrain\n|-sideend|p1: maallinen|move: Tailwind\n|upkeep\n|\n|t:|1699838748\n|switch|p2b: Landorus|Landorus-Therian, L50, M|100\/100\n|-ability|p2b: Landorus|Intimidate|boost\n|-unboost|p1a: Rillaboomer|atk|1\n|-unboost|p1b: Fiona-Hearthflame|atk|1\n|turn|5\n|inactive|maallinen has 30 seconds left.\n|inactive|maallinen has 20 seconds left.\n|\n|t:|1699838785\n|switch|p1a: Just A Prank Bro|Tornadus, L50, M, shiny|59\/100\n|move|p1b: Fiona-Hearthflame|Grassy Glide|p2a: Iron Bundle\n|-supereffective|p2a: Iron Bundle\n|-damage|p2a: Iron Bundle|0 fnt\n|faint|p2a: Iron Bundle\n|-end|p2a: Iron Bundle|Quark Drive|[silent]\n|move|p2b: Landorus|Rock Slide|p1a: Just A Prank Bro|[spread] p1a,p1b\n|-supereffective|p1a: Just A Prank Bro\n|-supereffective|p1b: Fiona-Hearthflame\n|-damage|p1a: Just A Prank Bro|13\/100\n|-damage|p1b: Fiona-Hearthflame|0 fnt\n|faint|p1b: Fiona-Hearthflame\n|\n|upkeep\n|\n|t:|1699838798\n|switch|p1b: Rillaboomer|Rillaboom, L50, F|42\/100\n|turn|6\n|\n|t:|1699838806\n|move|p1b: Rillaboomer|Fake Out|p2b: Landorus\n|-damage|p2b: Landorus|82\/100\n|cant|p2b: Landorus|flinch\n|move|p1a: Just A Prank Bro|Bleakwind Storm|p2b: Landorus\n|-damage|p2b: Landorus|32\/100\n|\n|-heal|p1b: Rillaboomer|48\/100|[from] Grassy Terrain\n|upkeep\n|turn|7\n|\n|t:|1699838818\n|move|p1a: Just A Prank Bro|Tailwind|p1a: Just A Prank Bro\n|-sidestart|p1: maallinen|move: Tailwind\n|move|p2b: Landorus|Rock Slide|p1b: Rillaboomer|[spread] p1a,p1b\n|-supereffective|p1a: Just A Prank Bro\n|-damage|p1a: Just A Prank Bro|0 fnt\n|-damage|p1b: Rillaboomer|28\/100\n|faint|p1a: Just A Prank Bro\n|move|p1b: Rillaboomer|Wood Hammer|p2b: Landorus\n|-damage|p2b: Landorus|0 fnt\n|faint|p2b: Landorus\n|-damage|p1b: Rillaboomer|19\/100|[from] Recoil\n|\n|win|maallinen\n|raw|maallinen's rating: 1433 &rarr; <strong>1451<\/strong><br \/>(+18 for winning)\n|raw|standardvr's rating: 1395 &rarr; <strong>1377<\/strong><br \/>(-18 for losing)\n|l|\u2606standardvr\n","uploadtime":1699838840,"views":11,"p1id":"maallinen","p2id":"standardvr","formatid":"gen9vgc2023regulatione","rating":1377,"private":0,"password":""}