{"id":"gen9vgc2023regulatione-1990193881","p1":"1shing1","p2":"Gaaraon","format":"[Gen 9] VGC 2023 Regulation E","log":"|j|\u26061shing1\n|j|\u2606Gaaraon\n|t:|1699935503\n|gametype|doubles\n|player|p1|1shing1|101|1309\n|player|p2|Gaaraon|266|1230\n|teamsize|p1|6\n|teamsize|p2|6\n|gen|9\n|tier|[Gen 9] VGC 2023 Regulation E\n|rated|\n|rule|Species Clause: Limit one of each Pok\u00e9mon\n|rule|Item Clause: Limit one of each item\n|clearpoke\n|poke|p1|Ninetales-Alola, L50, F|\n|poke|p1|Indeedee-F, L50, F|\n|poke|p1|Roaring Moon, L50|\n|poke|p1|Milotic, L50, F|\n|poke|p1|Brambleghast, L50, F|\n|poke|p1|Articuno, L50|\n|poke|p2|Flutter Mane, L50|\n|poke|p2|Chien-Pao, L50|\n|poke|p2|Iron Hands, L50|\n|poke|p2|Landorus-Therian, L50, M|\n|poke|p2|Amoonguss, L50, M|\n|poke|p2|Heatran, L50, M|\n|teampreview|4\n|inactive|Battle timer is ON: inactive players will automatically lose when time's up. (requested by 1shing1)\n|\n|t:|1699935524\n|start\n|switch|p1a: Ninetales|Ninetales-Alola, L50, F|100\/100\n|switch|p1b: Milotic|Milotic, L50, F|100\/100\n|switch|p2a: Iron Hands|Iron Hands, L50|100\/100\n|switch|p2b: Heatran|Heatran, L50, M|100\/100\n|-weather|Snow|[from] ability: Snow Warning|[of] p1a: Ninetales\n|turn|1\n|inactive|1shing1 has 30 seconds left.\n|\n|t:|1699935551\n|switch|p1a: Indeedee|Indeedee-F, L50, F|100\/100\n|-fieldstart|move: Psychic Terrain|[from] ability: Psychic Surge|[of] p1a: Indeedee\n|move|p2a: Iron Hands|Fake Out|p1b: Milotic\n|-activate|p1b: Milotic|move: Psychic Terrain\n|move|p2b: Heatran|Heat Wave|p1a: Indeedee|[spread] p1a,p1b\n|-crit|p1a: Indeedee\n|-resisted|p1b: Milotic\n|-damage|p1a: Indeedee|28\/100\n|-damage|p1b: Milotic|82\/100\n|-damage|p2b: Heatran|91\/100|[from] item: Life Orb\n|move|p1b: Milotic|Coil|p1b: Milotic\n|-boost|p1b: Milotic|atk|1\n|-boost|p1b: Milotic|def|1\n|-boost|p1b: Milotic|accuracy|1\n|\n|-weather|Snow|[upkeep]\n|upkeep\n|turn|2\n|\n|t:|1699935576\n|move|p2b: Heatran|Protect|p2b: Heatran\n|-singleturn|p2b: Heatran|Protect\n|move|p1a: Indeedee|Follow Me|p1a: Indeedee\n|-singleturn|p1a: Indeedee|move: Follow Me\n|move|p1b: Milotic|Hydro Pump|p2b: Heatran\n|-activate|p2b: Heatran|move: Protect\n|move|p2a: Iron Hands|Wild Charge|p1a: Indeedee\n|-damage|p1a: Indeedee|0 fnt\n|-damage|p2a: Iron Hands|84\/100|[from] item: Rocky Helmet|[of] p1a: Indeedee\n|faint|p1a: Indeedee\n|-damage|p2a: Iron Hands|79\/100|[from] Recoil\n|\n|-weather|Snow|[upkeep]\n|upkeep\n|\n|t:|1699935589\n|switch|p1a: Roaring Moon|Roaring Moon, L50|100\/100\n|-enditem|p1a: Roaring Moon|Booster Energy\n|-activate|p1a: Roaring Moon|ability: Protosynthesis|[fromitem]\n|-start|p1a: Roaring Moon|protosynthesisatk\n|turn|3\n|\n|t:|1699935605\n|move|p1a: Roaring Moon|Earthquake|p2a: Iron Hands|[spread] p1b,p2a,p2b\n|-supereffective|p2a: Iron Hands\n|-supereffective|p2b: Heatran\n|-damage|p1b: Milotic|63\/100\n|-damage|p2a: Iron Hands|25\/100\n|-damage|p2b: Heatran|0 fnt\n|faint|p2b: Heatran\n|move|p1b: Milotic|Hydro Pump|p2a: Iron Hands\n|-damage|p2a: Iron Hands|1\/100\n|move|p2a: Iron Hands|Drain Punch|p1a: Roaring Moon\n|-supereffective|p1a: Roaring Moon\n|-damage|p1a: Roaring Moon|0 fnt\n|-heal|p2a: Iron Hands|42\/100|[from] drain|[of] p1a: Roaring Moon\n|faint|p1a: Roaring Moon\n|-end|p1a: Roaring Moon|Protosynthesis|[silent]\n|\n|-weather|Snow|[upkeep]\n|upkeep\n|\n|t:|1699935620\n|switch|p1a: Ninetales|Ninetales-Alola, L50, F|100\/100\n|switch|p2b: Chien-Pao|Chien-Pao, L50|100\/100\n|-ability|p2b: Chien-Pao|Sword of Ruin\n|turn|4\n|\n|t:|1699935630\n|-terastallize|p1a: Ninetales|Fire\n|move|p2b: Chien-Pao|Haze|p2b: Chien-Pao\n|-clearallboost\n|move|p1a: Ninetales|Moonblast|p2b: Chien-Pao\n|-supereffective|p2b: Chien-Pao\n|-enditem|p2b: Chien-Pao|Focus Sash\n|-damage|p2b: Chien-Pao|1\/100\n|move|p1b: Milotic|Blizzard|p2b: Chien-Pao|[spread] p2a,p2b\n|-resisted|p2b: Chien-Pao\n|-damage|p2a: Iron Hands|29\/100\n|-damage|p2b: Chien-Pao|0 fnt\n|faint|p2b: Chien-Pao\n|move|p2a: Iron Hands|Wild Charge|p1b: Milotic\n|-supereffective|p1b: Milotic\n|-damage|p1b: Milotic|0 fnt\n|faint|p1b: Milotic\n|-damage|p2a: Iron Hands|15\/100|[from] Recoil\n|\n|-weather|Snow|[upkeep]\n|upkeep\n|\n|t:|1699935650\n|switch|p2b: Amoonguss|Amoonguss, L50, M|100\/100\n|turn|5\n|\n|t:|1699935675\n|move|p1a: Ninetales|Moonblast|p2a: Iron Hands\n|-supereffective|p2a: Iron Hands\n|-damage|p2a: Iron Hands|0 fnt\n|faint|p2a: Iron Hands\n|-end|p2a: Iron Hands|Quark Drive|[silent]\n|move|p2b: Amoonguss|Spore|p1a: Ninetales\n|-status|p1a: Ninetales|slp|[from] move: Spore\n|\n|-weather|none\n|-fieldend|move: Psychic Terrain\n|upkeep\n|turn|6\n|inactive|1shing1 has 30 seconds left.\n|inactive|1shing1 has 20 seconds left.\n|inactive|1shing1 has 15 seconds left.\n|\n|t:|1699935717\n|cant|p1a: Ninetales|slp\n|move|p2b: Amoonguss|Pollen Puff|p1a: Ninetales\n|-resisted|p1a: Ninetales\n|-damage|p1a: Ninetales|90\/100 slp\n|\n|upkeep\n|turn|7\n|c|\u2606Gaaraon|Mu\u00e9vete hijo de tu pta madre\n|-message|Gaaraon forfeited.\n|\n|win|1shing1\n|raw|1shing1's rating: 1309 &rarr; <strong>1325<\/strong><br \/>(+16 for winning)\n|raw|Gaaraon's rating: 1230 &rarr; <strong>1211<\/strong><br \/>(-19 for losing)\n","uploadtime":1699935728,"views":6,"p1id":"1shing1","p2id":"gaaraon","formatid":"gen9vgc2023regulatione","rating":1211,"private":0,"password":""}