{"id":"gen9vgc2023regulatione-1991372234","p1":"Dkennedy1234567","p2":"beastista","format":"[Gen 9] VGC 2023 Regulation E","log":"|j|\u2606Dkennedy1234567\n|j|\u2606beastista\n|t:|1700071635\n|gametype|doubles\n|player|p1|Dkennedy1234567|265|1369\n|player|p2|beastista|bugcatcher-gen4dp|1459\n|teamsize|p1|6\n|teamsize|p2|6\n|gen|9\n|tier|[Gen 9] VGC 2023 Regulation E\n|rated|\n|rule|Species Clause: Limit one of each Pok\u00e9mon\n|rule|Item Clause: Limit one of each item\n|clearpoke\n|poke|p1|Gyarados, L50, F|\n|poke|p1|Volcarona, L50, F|\n|poke|p1|Iron Bundle, L50|\n|poke|p1|Sinistcha, L50|\n|poke|p1|Ninetales-Alola, L50, M|\n|poke|p1|Iron Hands, L50|\n|poke|p2|Kilowattrel, L50, F|\n|poke|p2|Urshifu-*, L50, M|\n|poke|p2|Sandaconda, L50, F|\n|poke|p2|Scream Tail, L50|\n|poke|p2|Rillaboom, L50, F|\n|poke|p2|Vaporeon, L50, F|\n|teampreview|4\n|\n|t:|1700071674\n|start\n|switch|p1a: Volcarona|Volcarona, L50, F|100\/100\n|switch|p1b: Iron Hands|Iron Hands, L50|100\/100\n|switch|p2a: Scream Tail|Scream Tail, L50|100\/100\n|switch|p2b: Kilowattrel|Kilowattrel, L50, F|100\/100\n|-enditem|p2a: Scream Tail|Booster Energy\n|-activate|p2a: Scream Tail|ability: Protosynthesis|[fromitem]\n|-start|p2a: Scream Tail|protosynthesisspe\n|turn|1\n|\n|t:|1700071693\n|-terastallize|p2b: Kilowattrel|Ghost\n|move|p1b: Iron Hands|Fake Out|p2b: Kilowattrel\n|-immune|p2b: Kilowattrel\n|move|p2a: Scream Tail|Thunder Wave|p1a: Volcarona\n|-status|p1a: Volcarona|par\n|move|p2b: Kilowattrel|Tailwind|p2b: Kilowattrel\n|-sidestart|p2: beastista|move: Tailwind\n|cant|p1a: Volcarona|par\n|\n|upkeep\n|turn|2\n|\n|t:|1700071710\n|move|p2a: Scream Tail|Encore|p1b: Iron Hands\n|-start|p1b: Iron Hands|Encore\n|move|p2b: Kilowattrel|Hurricane|p1a: Volcarona|[miss]\n|-miss|p2b: Kilowattrel|p1a: Volcarona\n|move|p1b: Iron Hands|Fake Out||[still]\n|-hint|Fake Out only works on your first turn out.\n|-fail|p1b: Iron Hands\n|move|p1a: Volcarona|Quiver Dance|p1a: Volcarona\n|-boost|p1a: Volcarona|spa|1\n|-boost|p1a: Volcarona|spd|1\n|-boost|p1a: Volcarona|spe|1\n|\n|upkeep\n|turn|3\n|\n|t:|1700071730\n|-end|p1b: Iron Hands|Quark Drive|[silent]\n|switch|p1b: Ninetales|Ninetales-Alola, L50, M|100\/100\n|-weather|Snow|[from] ability: Snow Warning|[of] p1b: Ninetales\n|move|p2a: Scream Tail|Encore|p1a: Volcarona\n|-start|p1a: Volcarona|Encore\n|move|p2b: Kilowattrel|Hurricane|p1a: Volcarona\n|-supereffective|p1a: Volcarona\n|-damage|p1a: Volcarona|38\/100 par\n|cant|p1a: Volcarona|par\n|\n|-weather|Snow|[upkeep]\n|-heal|p1a: Volcarona|44\/100 par|[from] item: Leftovers\n|upkeep\n|turn|4\n|\n|t:|1700071749\n|switch|p1a: Iron Hands|Iron Hands, L50|100\/100\n|-terastallize|p1b: Ninetales|Fire\n|move|p2a: Scream Tail|Thunder Wave|p1b: Ninetales\n|-status|p1b: Ninetales|par\n|move|p2b: Kilowattrel|Hurricane|p1a: Iron Hands|[miss]\n|-miss|p2b: Kilowattrel|p1a: Iron Hands\n|cant|p1b: Ninetales|par\n|\n|-weather|Snow|[upkeep]\n|-sideend|p2: beastista|move: Tailwind\n|upkeep\n|turn|5\n|\n|t:|1700071773\n|move|p2a: Scream Tail|Dazzling Gleam|p1b: Ninetales|[spread] p1a,p1b\n|-supereffective|p1a: Iron Hands\n|-resisted|p1b: Ninetales\n|-crit|p1b: Ninetales\n|-damage|p1a: Iron Hands|85\/100\n|-damage|p1b: Ninetales|89\/100 par\n|move|p2b: Kilowattrel|Thunderbolt|p1b: Ninetales\n|-damage|p1b: Ninetales|40\/100 par\n|move|p1b: Ninetales|Aurora Veil|p1b: Ninetales\n|-sidestart|p1: Dkennedy1234567|move: Aurora Veil\n|move|p1a: Iron Hands|Heavy Slam|p2a: Scream Tail\n|-supereffective|p2a: Scream Tail\n|-damage|p2a: Scream Tail|33\/100\n|\n|-weather|Snow|[upkeep]\n|upkeep\n|turn|6\n|\n|t:|1700071792\n|switch|p1b: Sinistcha|Sinistcha, L50|100\/100\n|-heal|p1a: Iron Hands|100\/100|[from] ability: Hospitality|[of] p1b: Sinistcha\n|move|p2a: Scream Tail|Disable|p1a: Iron Hands\n|-start|p1a: Iron Hands|Disable|Heavy Slam\n|move|p2b: Kilowattrel|Thunderbolt|p1b: Sinistcha\n|-resisted|p1b: Sinistcha\n|-damage|p1b: Sinistcha|88\/100\n|-status|p1b: Sinistcha|par\n|cant|p1a: Iron Hands|Disable|Heavy Slam\n|\n|-weather|Snow|[upkeep]\n|upkeep\n|turn|7\n|\n|t:|1700071811\n|move|p2a: Scream Tail|Encore|p1a: Iron Hands\n|-start|p1a: Iron Hands|Encore\n|move|p2b: Kilowattrel|Hurricane|p1b: Sinistcha\n|-supereffective|p1b: Sinistcha\n|-damage|p1b: Sinistcha|19\/100 par\n|-enditem|p1b: Sinistcha|Wiki Berry|[eat]\n|-heal|p1b: Sinistcha|52\/100 par|[from] item: Wiki Berry\n|cant|p1a: Iron Hands|Disable|Heavy Slam\n|cant|p1b: Sinistcha|par\n|\n|-weather|none\n|upkeep\n|turn|8\n|-message|Dkennedy1234567 forfeited.\n|\n|win|beastista\n|raw|Dkennedy1234567's rating: 1369 &rarr; <strong>1354<\/strong><br \/>(-15 for losing)\n|raw|beastista's rating: 1459 &rarr; <strong>1474<\/strong><br \/>(+15 for winning)\n|l|\u2606Dkennedy1234567\n","uploadtime":1700071834,"views":16,"p1id":"dkennedy1234567","p2id":"beastista","formatid":"gen9vgc2023regulatione","rating":1354,"private":0,"password":""}