{"id":"gen9vgc2023regulatione-1995193255","p1":"the snease","p2":"BonleyVGC","format":"[Gen 9] VGC 2023 Regulation E","log":"|j|\u2606the snease\n|j|\u2606BonleyVGC\n|t:|1700533057\n|gametype|doubles\n|player|p1|the snease|unknown|1295\n|player|p2|BonleyVGC|dancer|1194\n|teamsize|p1|6\n|teamsize|p2|6\n|gen|9\n|tier|[Gen 9] VGC 2023 Regulation E\n|rated|\n|rule|Species Clause: Limit one of each Pok\u00e9mon\n|rule|Item Clause: Limit one of each item\n|clearpoke\n|poke|p1|Sneasler, L50, F|\n|poke|p1|Indeedee-F, L50, F|\n|poke|p1|Regidrago, L50|\n|poke|p1|Urshifu-*, L50, M|\n|poke|p1|Heatran, L50, M|\n|poke|p1|Landorus-Therian, L50, M|\n|poke|p2|Ogerpon-Cornerstone, L50, F|\n|poke|p2|Heatran, L50, M|\n|poke|p2|Tornadus, L50, M|\n|poke|p2|Landorus-Therian, L50, M|\n|poke|p2|Tyranitar, L50, F|\n|poke|p2|Gastrodon, L50, F|\n|teampreview|4\n|\n|t:|1700533078\n|start\n|switch|p1a: Indeedee|Indeedee-F, L50, F|100\/100\n|switch|p1b: Regidrago|Regidrago, L50|100\/100\n|switch|p2a: Tornadus|Tornadus, L50, M|100\/100\n|switch|p2b: Landorus|Landorus-Therian, L50, M, shiny|100\/100\n|-ability|p2b: Landorus|Intimidate|boost\n|-unboost|p1a: Indeedee|atk|1\n|-unboost|p1b: Regidrago|atk|1\n|-fieldstart|move: Psychic Terrain|[from] ability: Psychic Surge|[of] p1a: Indeedee\n|turn|1\n|inactive|Battle timer is ON: inactive players will automatically lose when time's up. (requested by the snease)\n|\n|t:|1700533101\n|move|p1a: Indeedee|Follow Me|p1a: Indeedee\n|-singleturn|p1a: Indeedee|move: Follow Me\n|move|p2a: Tornadus|Tailwind|p2a: Tornadus\n|-sidestart|p2: BonleyVGC|move: Tailwind\n|move|p2b: Landorus|Rock Slide|p1b: Regidrago|[spread] p1a,p1b\n|-damage|p1a: Indeedee|65\/100\n|-damage|p1b: Regidrago|65\/100\n|move|p1b: Regidrago|Dragon Energy|p2b: Landorus|[spread] p2a,p2b\n|-damage|p2a: Tornadus|23\/100\n|-damage|p2b: Landorus|36\/100\n|\n|upkeep\n|turn|2\n|\n|t:|1700533120\n|move|p2a: Tornadus|Air Slash|p1b: Regidrago\n|-damage|p1b: Regidrago|26\/100\n|move|p2b: Landorus|Rock Slide|p1a: Indeedee|[spread] p1a,p1b\n|-damage|p1a: Indeedee|29\/100\n|-damage|p1b: Regidrago|0 fnt\n|faint|p1b: Regidrago\n|move|p1a: Indeedee|Psychic|p2b: Landorus\n|-damage|p2b: Landorus|0 fnt\n|faint|p2b: Landorus\n|\n|upkeep\n|\n|t:|1700533133\n|switch|p1b: Urshifu|Urshifu-Rapid-Strike, L50, M|100\/100\n|switch|p2b: Tyranitar|Tyranitar, L50, F|100\/100\n|-weather|Sandstorm|[from] ability: Sand Stream|[of] p2b: Tyranitar\n|turn|3\n|\n|t:|1700533150\n|switch|p2a: Gastrodon|Gastrodon, L50, F|100\/100\n|-terastallize|p1b: Urshifu|Water\n|move|p1a: Indeedee|Follow Me|p1a: Indeedee\n|-singleturn|p1a: Indeedee|move: Follow Me\n|move|p1b: Urshifu|Surging Strikes|p2a: Gastrodon\n|-activate|p2a: Gastrodon|ability: Storm Drain\n|-ability|p2a: Gastrodon|Storm Drain|boost\n|-boost|p2a: Gastrodon|spa|1\n|move|p2b: Tyranitar|Knock Off|p1a: Indeedee\n|-supereffective|p1a: Indeedee\n|-damage|p1a: Indeedee|0 fnt\n|-damage|p2b: Tyranitar|84\/100|[from] item: Rocky Helmet|[of] p1a: Indeedee\n|-enditem|p1a: Indeedee|Rocky Helmet|[from] move: Knock Off|[of] p2b: Tyranitar\n|faint|p1a: Indeedee\n|\n|-weather|Sandstorm|[upkeep]\n|-damage|p1b: Urshifu|94\/100|[from] Sandstorm\n|upkeep\n|\n|t:|1700533153\n|switch|p1a: Heatran|Heatran, L50, M|100\/100\n|turn|4\n|inactive|BonleyVGC has 30 seconds left.\n|inactive|BonleyVGC has 20 seconds left.\n|\n|t:|1700533189\n|-terastallize|p2b: Tyranitar|Ghost\n|move|p1b: Urshifu|Detect|p1b: Urshifu\n|-singleturn|p1b: Urshifu|Protect\n|move|p1a: Heatran|Protect|p1a: Heatran\n|-singleturn|p1a: Heatran|Protect\n|move|p2b: Tyranitar|Rock Slide|p1a: Heatran|[spread] \n|-activate|p1a: Heatran|move: Protect\n|-activate|p1b: Urshifu|move: Protect\n|move|p2a: Gastrodon|Yawn|p1b: Urshifu\n|-activate|p1b: Urshifu|move: Protect\n|\n|-weather|Sandstorm|[upkeep]\n|-damage|p1b: Urshifu|88\/100|[from] Sandstorm\n|-damage|p2b: Tyranitar|78\/100|[from] Sandstorm\n|-sideend|p2: BonleyVGC|move: Tailwind\n|upkeep\n|turn|5\n|\n|t:|1700533212\n|switch|p2b: Tornadus|Tornadus, L50, M|23\/100\n|move|p1b: Urshifu|Close Combat|p2a: Gastrodon\n|-damage|p2a: Gastrodon|33\/100\n|-unboost|p1b: Urshifu|def|1\n|-unboost|p1b: Urshifu|spd|1\n|move|p1a: Heatran|Magma Storm|p2b: Tornadus\n|-damage|p2b: Tornadus|0 fnt\n|faint|p2b: Tornadus\n|move|p2a: Gastrodon|Earth Power|p1a: Heatran\n|-supereffective|p1a: Heatran\n|-damage|p1a: Heatran|0 fnt\n|faint|p1a: Heatran\n|\n|-weather|Sandstorm|[upkeep]\n|-damage|p1b: Urshifu|82\/100|[from] Sandstorm\n|-heal|p2a: Gastrodon|39\/100|[from] item: Leftovers\n|-fieldend|move: Psychic Terrain\n|upkeep\n|\n|t:|1700533232\n|switch|p2b: Tyranitar|Tyranitar, L50, F, tera:Ghost|78\/100\n|turn|6\n|\n|t:|1700533252\n|move|p1b: Urshifu|Close Combat|p2a: Gastrodon\n|-damage|p2a: Gastrodon|0 fnt\n|-unboost|p1b: Urshifu|def|1\n|-unboost|p1b: Urshifu|spd|1\n|faint|p2a: Gastrodon\n|move|p2b: Tyranitar|Knock Off|p1b: Urshifu\n|-damage|p1b: Urshifu|1\/100\n|-enditem|p1b: Urshifu|Focus Sash|[from] move: Knock Off|[of] p2b: Tyranitar\n|\n|-weather|Sandstorm|[upkeep]\n|-damage|p1b: Urshifu|0 fnt|[from] Sandstorm\n|-damage|p2b: Tyranitar|72\/100|[from] Sandstorm\n|faint|p1b: Urshifu\n|\n|win|BonleyVGC\n|upkeep\n|raw|the snease's rating: 1295 &rarr; <strong>1263<\/strong><br \/>(-32 for losing)\n|raw|BonleyVGC's rating: 1194 &rarr; <strong>1226<\/strong><br \/>(+32 for winning)\n|l|\u2606the snease\n","uploadtime":1700533302,"views":3,"p1id":"thesnease","p2id":"bonleyvgc","formatid":"gen9vgc2023regulatione","rating":1226,"private":0,"password":""}