{"id":"gen9vgc2023regulatione-1995475287","p1":"fang hider","p2":"paolance","format":"[Gen 9] VGC 2023 Regulation E","log":"|j|\u2606fang hider\n|j|\u2606paolance\n|n|\u2606fang hider|fanghider\n|n|\u2606paolance|paolance\n|html|View the match progress at <a href=\"\/game-bestof3-gen9vgc2023regulatione-1995473170\">game-bestof3-gen9vgc2023regulatione-1995473170<\/a>\n|t:|1700574940\n|gametype|doubles\n|player|p1|fang hider|1|\n|player|p2|paolance|266|\n|teamsize|p1|6\n|teamsize|p2|6\n|gen|9\n|tier|[Gen 9] VGC 2023 Regulation E\n|rated|Tournament battle\n|rule|Species Clause: Limit one of each Pok\u00e9mon\n|rule|Item Clause: Limit one of each item\n|clearpoke\n|poke|p1|Farigiraf, L50, F|\n|poke|p1|Iron Hands, L50|\n|poke|p1|Urshifu-*, L50, F|\n|poke|p1|Tornadus, L50, M|\n|poke|p1|Chien-Pao, L50|\n|poke|p1|Scovillain, L50, F|\n|poke|p2|Amoonguss, L50, M|\n|poke|p2|Landorus-Therian, L50, M|\n|poke|p2|Iron Hands, L50|\n|poke|p2|Flutter Mane, L50|\n|poke|p2|Heatran, L50, M|\n|poke|p2|Chien-Pao, L50|\n|teampreview|4\n|showteam|p1|Farigiraf||LaggingTail|ArmorTail|TrickRoom,Trick,Psychic,Protect|||F|||50|,,,,,Fire]Iron Hands||SitrusBerry|QuarkDrive|DrainPunch,Earthquake,IcePunch,Protect||||||50|,,,,,Ice]Urshifu-Rapid-Strike||ChoiceScarf|UnseenFist|SurgingStrikes,AquaJet,RockSlide,DrainPunch|||F|||50|,,,,,Fighting]Tornadus||Leftovers|Prankster|Tailwind,BleakwindStorm,RainDance,Taunt|||M|||50|,,,,,Flying]Chien-Pao||LifeOrb|SwordofRuin|SacredSword,SuckerPunch,Protect,Taunt||||||50|,,,,,Flying]Scovillain||WhiteHerb|Moody|EnergyBall,Flamethrower,Protect,SpicyExtract|||F|||50|,,,,,Grass\n|showteam|p2|Amoonguss||RockyHelmet|Regenerator|PollenPuff,RagePowder,Spore,Protect|||M|||50|,,,,,Water]Landorus-Therian||ChoiceScarf|Intimidate|TeraBlast,Uturn,StompingTantrum,RockSlide|||M|||50|,,,,,Flying]Iron Hands||AssaultVest|QuarkDrive|FakeOut,WildCharge,DrainPunch,HeavySlam||||||50|,,,,,Water]Flutter Mane||BoosterEnergy|Protosynthesis|Moonblast,ShadowBall,DazzlingGleam,Protect||||||50|,,,,,Fairy]Heatran||Leftovers|FlashFire|MagmaStorm,FlashCannon,EarthPower,Protect|||M|||50|,,,,,Grass]Chien-Pao||FocusSash|SwordofRuin|IcicleCrash,SuckerPunch,SacredSword,Protect||||||50|,,,,,Ghost\n|\n|t:|1700574989\n|start\n|switch|p1a: Urshifu|Urshifu-Rapid-Strike, L50, F|100\/100\n|switch|p1b: Tornadus|Tornadus, L50, M|100\/100\n|switch|p2a: Amoonguss|Amoonguss, L50, M|100\/100\n|switch|p2b: Flutter Mane|Flutter Mane, L50|100\/100\n|-enditem|p2b: Flutter Mane|Booster Energy\n|-activate|p2b: Flutter Mane|ability: Protosynthesis|[fromitem]\n|-start|p2b: Flutter Mane|protosynthesisspa\n|turn|1\n|\n|t:|1700575014\n|switch|p1a: Scovillain|Scovillain, L50, F|100\/100\n|-terastallize|p2b: Flutter Mane|Fairy\n|move|p2a: Amoonguss|Rage Powder|p2a: Amoonguss\n|-singleturn|p2a: Amoonguss|move: Rage Powder\n|move|p1b: Tornadus|Taunt|p2a: Amoonguss\n|-start|p2a: Amoonguss|move: Taunt\n|move|p2b: Flutter Mane|Dazzling Gleam|p1a: Scovillain|[spread] p1a,p1b\n|-resisted|p1a: Scovillain\n|-damage|p1a: Scovillain|49\/100\n|-damage|p1b: Tornadus|41\/100\n|\n|-heal|p1b: Tornadus|47\/100|[from] item: Leftovers\n|-ability|p1a: Scovillain|Moody|boost\n|-boost|p1a: Scovillain|def|2\n|-unboost|p1a: Scovillain|atk|1\n|upkeep\n|-enditem|p1a: Scovillain|White Herb\n|-clearnegativeboost|p1a: Scovillain|[silent]\n|turn|2\n|\n|t:|1700575050\n|switch|p2a: Iron Hands|Iron Hands, L50|100\/100\n|move|p1b: Tornadus|Tailwind|p1b: Tornadus\n|-sidestart|p1: fang hider|move: Tailwind\n|move|p1a: Scovillain|Spicy Extract|p2b: Flutter Mane\n|-boost|p2b: Flutter Mane|atk|2\n|-unboost|p2b: Flutter Mane|def|2\n|move|p2b: Flutter Mane|Dazzling Gleam|p1a: Scovillain|[spread] p1a,p1b\n|-resisted|p1a: Scovillain\n|-damage|p1a: Scovillain|5\/100\n|-damage|p1b: Tornadus|0 fnt\n|faint|p1b: Tornadus\n|\n|-ability|p1a: Scovillain|Moody|boost\n|-boost|p1a: Scovillain|spa|2\n|-unboost|p1a: Scovillain|def|1\n|upkeep\n|\n|t:|1700575065\n|switch|p1b: Chien-Pao|Chien-Pao, L50|100\/100\n|-ability|p1b: Chien-Pao|Sword of Ruin\n|turn|3\n|\n|t:|1700575072\n|-end|p2b: Flutter Mane|Protosynthesis|[silent]\n|switch|p2b: Landorus|Landorus-Therian, L50, M, shiny|100\/100\n|-ability|p2b: Landorus|Intimidate|boost\n|-unboost|p1a: Scovillain|atk|1\n|-unboost|p1b: Chien-Pao|atk|1\n|move|p2a: Iron Hands|Fake Out|p1b: Chien-Pao\n|-damage|p1b: Chien-Pao|81\/100\n|cant|p1b: Chien-Pao|flinch\n|move|p1a: Scovillain|Spicy Extract|p2a: Iron Hands\n|-boost|p2a: Iron Hands|atk|2\n|-unboost|p2a: Iron Hands|def|2\n|\n|-ability|p1a: Scovillain|Moody|boost\n|-boost|p1a: Scovillain|atk|2\n|-unboost|p1a: Scovillain|spe|1\n|upkeep\n|turn|4\n|inactive|Battle timer is ON: inactive players will automatically lose when time's up. (requested by paolance)\n|c|\u2606fang hider|well im an idiot\n|\n|t:|1700575113\n|move|p1b: Chien-Pao|Protect|p1b: Chien-Pao\n|-singleturn|p1b: Chien-Pao|Protect\n|move|p2b: Landorus|U-turn|p1a: Scovillain\n|-damage|p1a: Scovillain|0 fnt\n|faint|p1a: Scovillain\n|\n|t:|1700575117\n|switch|p2b: Amoonguss|Amoonguss, L50, M|100\/100|[from] U-turn\n|move|p2a: Iron Hands|Wild Charge|p1b: Chien-Pao\n|-activate|p1b: Chien-Pao|move: Protect\n|\n|upkeep\n|\n|t:|1700575123\n|switch|p1a: Urshifu|Urshifu-Rapid-Strike, L50, F|100\/100\n|turn|5\n|\n|t:|1700575137\n|-terastallize|p1a: Urshifu|Fighting\n|move|p2b: Amoonguss|Rage Powder|p2b: Amoonguss\n|-singleturn|p2b: Amoonguss|move: Rage Powder\n|move|p1b: Chien-Pao|Taunt|p2b: Amoonguss\n|-start|p2b: Amoonguss|move: Taunt\n|move|p1a: Urshifu|Surging Strikes|p2b: Amoonguss\n|-resisted|p2b: Amoonguss\n|-crit|p2b: Amoonguss\n|-damage|p2b: Amoonguss|90\/100\n|-damage|p1a: Urshifu|84\/100|[from] item: Rocky Helmet|[of] p2b: Amoonguss\n|-resisted|p2b: Amoonguss\n|-crit|p2b: Amoonguss\n|-damage|p2b: Amoonguss|79\/100\n|-damage|p1a: Urshifu|67\/100|[from] item: Rocky Helmet|[of] p2b: Amoonguss\n|-resisted|p2b: Amoonguss\n|-crit|p2b: Amoonguss\n|-damage|p2b: Amoonguss|69\/100\n|-damage|p1a: Urshifu|50\/100|[from] item: Rocky Helmet|[of] p2b: Amoonguss\n|-hitcount|p2b: Amoonguss|3\n|move|p2a: Iron Hands|Wild Charge|p1a: Urshifu\n|-damage|p1a: Urshifu|0 fnt\n|faint|p1a: Urshifu\n|-damage|p2a: Iron Hands|91\/100|[from] Recoil\n|\n|-sideend|p1: fang hider|move: Tailwind\n|upkeep\n|turn|6\n|\n|t:|1700575153\n|switch|p2b: Landorus|Landorus-Therian, L50, M, shiny|100\/100\n|-ability|p2b: Landorus|Intimidate|boost\n|-unboost|p1b: Chien-Pao|atk|1\n|move|p1b: Chien-Pao|Sacred Sword|p2a: Iron Hands\n|-damage|p2a: Iron Hands|73\/100\n|-damage|p1b: Chien-Pao|71\/100|[from] item: Life Orb\n|move|p2a: Iron Hands|Drain Punch|p1b: Chien-Pao\n|-supereffective|p1b: Chien-Pao\n|-damage|p1b: Chien-Pao|0 fnt\n|-heal|p2a: Iron Hands|96\/100|[from] drain|[of] p1b: Chien-Pao\n|faint|p1b: Chien-Pao\n|\n|win|paolance\n|c|\u2606fang hider|gg\n|c|\u2606paolance|gg\n","uploadtime":1700575168,"views":0,"p1id":"fanghider","p2id":"paolance","formatid":"gen9vgc2023regulatione","rating":0,"private":0,"password":""}