{"id":"gen9vgc2023regulatione-1990242418","p1":"JamiWami","p2":"endygoto","format":"[Gen 9] VGC 2023 Regulation E","log":"|j|\u2606JamiWami\n|j|\u2606endygoto\n|n|\u2606JamiWami|jamiwami\n|n|\u2606endygoto|endygoto\n|html|View the match progress at <a href=\"\/game-bestof3-gen9vgc2023regulatione-1990242417\">game-bestof3-gen9vgc2023regulatione-1990242417<\/a>\n|t:|1699943159\n|gametype|doubles\n|player|p1|JamiWami|palmer|\n|player|p2|endygoto|pokemonranger-gen4|\n|teamsize|p1|6\n|teamsize|p2|6\n|gen|9\n|tier|[Gen 9] VGC 2023 Regulation E\n|rule|Species Clause: Limit one of each Pok\u00e9mon\n|rule|Item Clause: Limit one of each item\n|clearpoke\n|poke|p1|Cresselia, L50, F|\n|poke|p1|Iron Hands, L50|\n|poke|p1|Ursaluna-Bloodmoon, L50, M|\n|poke|p1|Urshifu-*, L50, M|\n|poke|p1|Ninetales-Alola, L50, F|\n|poke|p1|Torkoal, L50, M|\n|poke|p2|Landorus-Therian, L50, M|\n|poke|p2|Rillaboom, L50, M|\n|poke|p2|Heatran, L50, M|\n|poke|p2|Farigiraf, L50, F|\n|poke|p2|Empoleon, L50, F|\n|poke|p2|Zapdos, L50|\n|teampreview|4\nendygoto has agreed to open team sheets.\nJamiWami has agreed to open team sheets.\n|showteam|p1|Cresselia||MentalHerb|Levitate|LunarBlessing,TrickRoom,Psychic,HelpingHand|||F|||50|,,,,,Fairy]Iron Hands||AssaultVest|QuarkDrive|CloseCombat,FakeOut,WildCharge,IcePunch||||||50|,,,,,Grass]Ursaluna-Bloodmoon||LifeOrb|MindsEye|BloodMoon,EarthPower,Moonblast,Moonlight|||M|||50|,,,,,Fairy]Urshifu||ChoiceScarf|UnseenFist|Taunt,WickedBlow,CloseCombat,Uturn|||M|||50|,,,,,Dark]Ninetales-Alola||LightClay|SnowWarning|AuroraVeil,Blizzard,DazzlingGleam,Protect|||F|||50|,,,,,Ghost]Torkoal||Charcoal|Drought|Eruption,EarthPower,Flamethrower,Protect|||M|||50|,,,,,Fire\n|showteam|p2|Landorus-Therian||ChoiceScarf|Intimidate|StompingTantrum,RockSlide,Uturn,TeraBlast|||M|||50|,,,,,Flying]Rillaboom||AssaultVest|GrassySurge|WoodHammer,GrassyGlide,Uturn,FakeOut|||M|||50|,,,,,Fire]Heatran||LifeOrb|FlashFire|Protect,HeatWave,FlashCannon,EarthPower|||M|||50|,,,,,Grass]Farigiraf||SitrusBerry|ArmorTail|Protect,HyperVoice,ShadowBall,TrickRoom|||F|||50|,,,,,Normal]Empoleon||Leftovers|Competitive|Protect,HydroPump,FlashCannon,IceBeam|||F|||50|,,,,,Water]Zapdos||RockyHelmet|Static|Hurricane,Thunderbolt,Tailwind,Roost||||||50|,,,,,Electric\n|\n|t:|1699943246\n|start\n|switch|p1a: Cresselia|Cresselia, L50, F, shiny|100\/100\n|switch|p1b: Urshifu|Urshifu, L50, M|100\/100\n|switch|p2a: Landorus|Landorus-Therian, L50, M|100\/100\n|switch|p2b: Zippy|Zapdos, L50|100\/100\n|-ability|p2a: Landorus|Intimidate|boost\n|-unboost|p1a: Cresselia|atk|1\n|-unboost|p1b: Urshifu|atk|1\n|turn|1\n|inactive|Battle timer is ON: inactive players will automatically lose when time's up. (requested by endygoto)\n|inactive|JamiWami has 60 seconds left.\n|inactive|JamiWami has 30 seconds left.\n|inactive|JamiWami has 20 seconds left.\n|\n|t:|1699943318\n|move|p1b: Urshifu|U-turn|p2b: Zippy\n|-resisted|p2b: Zippy\n|-damage|p2b: Zippy|93\/100\n|-damage|p1b: Urshifu|84\/100|[from] item: Rocky Helmet|[of] p2b: Zippy\n|-status|p1b: Urshifu|par|[from] ability: Static|[of] p2b: Zippy\n|\n|t:|1699943332\n|switch|p1b: Ursaluna|Ursaluna-Bloodmoon, L50, M|100\/100|[from] U-turn\n|move|p2a: Landorus|U-turn|p1a: Cresselia\n|-supereffective|p1a: Cresselia\n|-damage|p1a: Cresselia|61\/100\n|\n|t:|1699943348\n|switch|p2a: Empress|Empoleon, L50, F|100\/100|[from] U-turn\n|move|p2b: Zippy|Hurricane|p1b: Ursaluna|[miss]\n|-miss|p2b: Zippy|p1b: Ursaluna\n|move|p1a: Cresselia|Trick Room|p1a: Cresselia\n|-fieldstart|move: Trick Room|[of] p1a: Cresselia\n|\n|upkeep\n|turn|2\n|inactive|JamiWami has 30 seconds left.\n|inactive|endygoto has 30 seconds left.\n|inactive|JamiWami has 20 seconds left.\n|inactive|JamiWami has 15 seconds left.\n|\n|t:|1699943391\n|-terastallize|p1b: Ursaluna|Fairy\n|-terastallize|p2a: Empress|Water\n|move|p1a: Cresselia|Helping Hand|p1b: Ursaluna\n|-singleturn|p1b: Ursaluna|Helping Hand|[of] p1a: Cresselia\n|move|p1b: Ursaluna|Earth Power|p2a: Empress\n|-damage|p2a: Empress|10\/100\n|-damage|p1b: Ursaluna|90\/100|[from] item: Life Orb\n|move|p2a: Empress|Hydro Pump|p1b: Ursaluna|[miss]\n|-miss|p2a: Empress|p1b: Ursaluna\n|move|p2b: Zippy|Hurricane|p1b: Ursaluna|[miss]\n|-miss|p2b: Zippy|p1b: Ursaluna\n|\n|-heal|p2a: Empress|16\/100|[from] item: Leftovers\n|upkeep\n|turn|3\n|\n|t:|1699943415\n|move|p2a: Empress|Protect|p2a: Empress\n|-singleturn|p2a: Empress|Protect\n|move|p1b: Ursaluna|Blood Moon|p2b: Zippy\n|-damage|p2b: Zippy|0 fnt\n|faint|p2b: Zippy\n|-damage|p1b: Ursaluna|80\/100|[from] item: Life Orb\n|move|p1a: Cresselia|Psychic|p2a: Empress\n|-activate|p2a: Empress|move: Protect\n|\n|-heal|p2a: Empress|21\/100|[from] item: Leftovers\n|upkeep\n|j| kinglysquizz\n|\n|t:|1699943430\n|switch|p2b: Melody|Farigiraf, L50, F|100\/100\n|turn|4\n|\n|t:|1699943453\n|move|p1b: Ursaluna|Moonblast|p2b: Melody\n|-damage|p2b: Melody|23\/100\n|-unboost|p2b: Melody|spa|1\n|-enditem|p2b: Melody|Sitrus Berry|[eat]\n|-heal|p2b: Melody|47\/100|[from] item: Sitrus Berry\n|-damage|p1b: Ursaluna|70\/100|[from] item: Life Orb\n|move|p2a: Empress|Flash Cannon|p1b: Ursaluna\n|-supereffective|p1b: Ursaluna\n|-damage|p1b: Ursaluna|0 fnt\n|faint|p1b: Ursaluna\n|move|p2b: Melody|Hyper Voice|p1a: Cresselia\n|-damage|p1a: Cresselia|49\/100\n|move|p1a: Cresselia|Psychic|p2a: Empress\n|-damage|p2a: Empress|0 fnt\n|faint|p2a: Empress\n|\n|upkeep\n|\n|t:|1699943468\n|switch|p1b: Iron Hands|Iron Hands, L50|100\/100\n|switch|p2a: Landorus|Landorus-Therian, L50, M|100\/100\n|-ability|p2a: Landorus|Intimidate|boost\n|-unboost|p1a: Cresselia|atk|1\n|-unboost|p1b: Iron Hands|atk|1\n|turn|5\n|inactive|JamiWami has 30 seconds left.\n|inactive|endygoto has 30 seconds left.\n|\n|t:|1699943503\n|move|p1a: Cresselia|Helping Hand|p1b: Iron Hands\n|-singleturn|p1b: Iron Hands|Helping Hand|[of] p1a: Cresselia\n|move|p1b: Iron Hands|Ice Punch|p2a: Landorus\n|-supereffective|p2a: Landorus\n|-damage|p2a: Landorus|0 fnt\n|faint|p2a: Landorus\n|move|p2b: Melody|Shadow Ball|p1a: Cresselia\n|-supereffective|p1a: Cresselia\n|-damage|p1a: Cresselia|34\/100\n|\n|-fieldend|move: Trick Room\n|upkeep\n|turn|6\n|\n|t:|1699943525\n|move|p1a: Cresselia|Helping Hand|p1b: Iron Hands\n|-singleturn|p1b: Iron Hands|Helping Hand|[of] p1a: Cresselia\n|move|p2b: Melody|Shadow Ball|p1a: Cresselia\n|-supereffective|p1a: Cresselia\n|-damage|p1a: Cresselia|19\/100\n|move|p1b: Iron Hands|Wild Charge|p2b: Melody\n|-damage|p2b: Melody|4\/100\n|-damage|p1b: Iron Hands|91\/100|[from] Recoil\n|\n|upkeep\n|turn|7\n|\n|t:|1699943542\n|move|p1a: Cresselia|Helping Hand|p1b: Iron Hands\n|-singleturn|p1b: Iron Hands|Helping Hand|[of] p1a: Cresselia\n|move|p2b: Melody|Shadow Ball|p1a: Cresselia\n|-supereffective|p1a: Cresselia\n|-damage|p1a: Cresselia|4\/100\n|-unboost|p1a: Cresselia|spd|1\n|move|p1b: Iron Hands|Ice Punch|p2b: Melody\n|-damage|p2b: Melody|0 fnt\n|faint|p2b: Melody\n|\n|win|JamiWami\n|inactive|JamiWami has 50 seconds to confirm battle start!\n|inactive|endygoto has 50 seconds to confirm battle start!\n|c|&|\/uhtml prompt-endygoto,endygoto is ready for game 2!\n|c|&|\/uhtml prompt-jamiwami,JamiWami is ready for game 2!\nBoth players are ready! Starting next match!\n|l| kinglysquizz\n|l|\u2606JamiWami\n","uploadtime":1699943998,"views":14,"p1id":"jamiwami","p2id":"endygoto","formatid":"gen9vgc2023regulatione","rating":0,"private":0,"password":""}