{"id":"gen9vgc2023regulatione-1995733178","p1":"Serusly","p2":"DeathReaperTTV","format":"[Gen 9] VGC 2023 Regulation E","log":"|j|\u2606Serusly\n|j|\u2606DeathReaperTTV\n|t:|1700598080\n|gametype|doubles\n|player|p1|Serusly|whitney|1046\n|player|p2|DeathReaperTTV|red|1052\n|teamsize|p1|6\n|teamsize|p2|6\n|gen|9\n|tier|[Gen 9] VGC 2023 Regulation E\n|rated|\n|rule|Species Clause: Limit one of each Pok\u00e9mon\n|rule|Item Clause: Limit one of each item\n|clearpoke\n|poke|p1|Flutter Mane, L50|\n|poke|p1|Iron Bundle, L50|\n|poke|p1|Iron Hands, L50|\n|poke|p1|Ogerpon-Hearthflame, L50, F|\n|poke|p1|Urshifu-*, L50, M|\n|poke|p1|Roaring Moon, L50|\n|poke|p2|Cresselia, L50, F|\n|poke|p2|Amoonguss, L50, M|\n|poke|p2|Urshifu-*, L50, F|\n|poke|p2|Ceruledge, L50, M|\n|poke|p2|Grimmsnarl, L50, M|\n|poke|p2|Iron Thorns, L50|\n|teampreview|4\n|inactive|Battle timer is ON: inactive players will automatically lose when time's up. (requested by DeathReaperTTV)\n|j| Flarefox_7\nSerusly has agreed to open team sheets.\n|c|\u2606Serusly|accept bro trust\n|j| cantasss\n|c|\u2606Serusly|:skull:\n|j| casper6_14\n|l| cantasss\n|\n|t:|1700598109\n|start\n|switch|p1a: Urshifu|Urshifu, L50, M|100\/100\n|switch|p1b: Flutter Mane|Flutter Mane, L50|100\/100\n|switch|p2a: Grim smaul|Grimmsnarl, L50, M, shiny|100\/100\n|switch|p2b: Soca rapido|Urshifu-Rapid-Strike, L50, F|100\/100\n|turn|1\n|j| ghostistheman\n|\n|t:|1700598129\n|-terastallize|p2b: Soca rapido|Steel\n|move|p2a: Grim smaul|Light Screen|p2a: Grim smaul\n|-sidestart|p2: DeathReaperTTV|move: Light Screen\n|move|p2b: Soca rapido|Swords Dance|p2b: Soca rapido\n|-boost|p2b: Soca rapido|atk|2\n|move|p1b: Flutter Mane|Poltergeist|p2b: Soca rapido\n|-activate|p2b: Soca rapido|move: Poltergeist|Rawst Berry\n|-damage|p2b: Soca rapido|60\/100\n|move|p1a: Urshifu|Focus Blast|p2b: Soca rapido|[miss]\n|-miss|p1a: Urshifu|p2b: Soca rapido\n|\n|upkeep\n|turn|2\n|j| drounddd\n|c|\u2606Serusly|nah\n|c| ghostistheman|lmao\n|inactive|DeathReaperTTV has 30 seconds left.\n|c|\u2606Serusly|rawst berry is wild\n|\n|t:|1700598162\n|move|p2a: Grim smaul|Reflect|p2a: Grim smaul\n|-sidestart|p2: DeathReaperTTV|Reflect\n|move|p2b: Soca rapido|Surging Strikes|p1b: Flutter Mane\n|-crit|p1b: Flutter Mane\n|-damage|p1b: Flutter Mane|0 fnt\n|faint|p1b: Flutter Mane\n|-end|p1b: Flutter Mane|Protosynthesis|[silent]\n|-hitcount|p1: Flutter Mane|1\n|move|p1a: Urshifu|Focus Blast|p2b: Soca rapido\n|-supereffective|p2b: Soca rapido\n|-damage|p2b: Soca rapido|0 fnt\n|faint|p2b: Soca rapido\n|\n|upkeep\n|c|\u2606Serusly|YES\n|\n|t:|1700598179\n|switch|p2b: Almondegas|Amoonguss, L50, M, shiny|100\/100\n|switch|p1b: Iron Hands|Iron Hands, L50|100\/100\n|turn|3\n|c|\u2606Serusly|focus blast is wild\n|\n|t:|1700598191\n|move|p1a: Urshifu|Focus Blast|p2a: Grim smaul\n|-damage|p2a: Grim smaul|82\/100\n|move|p2a: Grim smaul|Dark Pulse|p1b: Iron Hands\n|-resisted|p1b: Iron Hands\n|-damage|p1b: Iron Hands|85\/100\n|move|p1b: Iron Hands|Focus Blast|p2a: Grim smaul\n|-damage|p2a: Grim smaul|58\/100\n|move|p2b: Almondegas|Spore|p1a: Urshifu\n|-status|p1a: Urshifu|slp|[from] move: Spore\n|\n|upkeep\n|turn|4\n|j| 151runner\n|\n|t:|1700598207\n|switch|p2b: Megaman X|Ceruledge, L50, M|100\/100\n|move|p2a: Grim smaul|Parting Shot|p1b: Iron Hands\n|-unboost|p1b: Iron Hands|atk|1\n|-unboost|p1b: Iron Hands|spa|1\n|c|\u2606Serusly|oopsie poopsie\n|\n|t:|1700598214\n|switch|p2a: Almondegas|Amoonguss, L50, M, shiny|100\/100|[from] Parting Shot\n|cant|p1a: Urshifu|slp\n|move|p1b: Iron Hands|Focus Blast|p2a: Almondegas|[miss]\n|-miss|p1b: Iron Hands|p2a: Almondegas\n|\n|upkeep\n|turn|5\n|c|\u2606Serusly|my rating is dropping off a cliff from this\n|inactive|DeathReaperTTV has 30 seconds left.\n|inactive|DeathReaperTTV has 20 seconds left.\n|\n|t:|1700598252\n|-end|p1b: Iron Hands|Quark Drive|[silent]\n|switch|p1b: Ogerpon|Ogerpon-Hearthflame, L50, F|100\/100\n|-ability|p1b: Ogerpon|Mold Breaker\n|move|p2b: Megaman X|Bitter Blade|p1a: Urshifu\n|-damage|p1a: Urshifu|50\/100 slp\n|cant|p1a: Urshifu|slp\n|move|p2a: Almondegas|Spore|p1b: Ogerpon\n|-immune|p1b: Ogerpon\n|\n|upkeep\n|turn|6\n|l|\u2606DeathReaperTTV\n|inactive|DeathReaperTTV disconnected and has a minute to reconnect!\n|player|p2|\n|j|\u2606DeathReaperTTV\n|inactive|DeathReaperTTV reconnected and has 40 seconds left.\n|player|p2|DeathReaperTTV|red\n|inactive|DeathReaperTTV has 30 seconds left.\n|\n|t:|1700598286\n|switch|p2a: Grim smaul|Grimmsnarl, L50, M, shiny|58\/100\n|-terastallize|p1b: Ogerpon|Fire\n|detailschange|p1b: Ogerpon|Ogerpon-Hearthflame-Tera, L50, F, tera:Fire\n|-ability|p1b: Ogerpon|Embody Aspect (Hearthflame)|boost\n|-boost|p1b: Ogerpon|atk|1\n|move|p2b: Megaman X|Bitter Blade|p1a: Urshifu\n|-damage|p1a: Urshifu|7\/100 slp\n|-enditem|p1a: Urshifu|Figy Berry|[eat]\n|-heal|p1a: Urshifu|40\/100 slp|[from] item: Figy Berry\n|-start|p1a: Urshifu|confusion\n|move|p1b: Ogerpon|Tera Blast|p2a: Grim smaul|[anim] Tera Blast Fire\n|-damage|p2a: Grim smaul|0 fnt\n|faint|p2a: Grim smaul\n|-curestatus|p1a: Urshifu|slp|[msg]\n|-activate|p1a: Urshifu|confusion\n|-damage|p1a: Urshifu|28\/100|[from] confusion\n|\n|upkeep\n|c| Flarefox_7|wait ur using the team :>\n|l|\u2606DeathReaperTTV\n|inactive|DeathReaperTTV disconnected and has a minute to reconnect!\n|player|p2|\n|c| Flarefox_7|WAIT WIN???\n|c|\u2606Serusly|thats what ive been doing the whole time bro\n|inactive|DeathReaperTTV has 30 seconds left.\n|c|\u2606Serusly|ive been trying to get a dub\n|j|\u2606DeathReaperTTV\n|inactive|DeathReaperTTV reconnected and has 30 seconds left.\n|player|p2|DeathReaperTTV|red\n|c|\u2606Serusly|hold up\n|l| Flarefox_7\n|c|\u2606Serusly|win??\n|j| Flarefox_7\n|inactive|DeathReaperTTV has 20 seconds left.\n|inactive|DeathReaperTTV has 15 seconds left.\n|\n|t:|1700598328\n|switch|p2a: Almondegas|Amoonguss, L50, M, shiny|100\/100\n|turn|7\n|c|\u2606Serusly|this is looking winnable rn\n|\n|t:|1700598336\n|move|p2b: Megaman X|Ally Switch|p2b: Megaman X\n|swap|p2b: Megaman X|0|[from] move: Ally Switch\n|move|p1b: Ogerpon|Tera Blast|p2a: Megaman X|[anim] Tera Blast Fire\n|-resisted|p2a: Megaman X\n|-damage|p2a: Megaman X|54\/100\n|-ability|p2a: Megaman X|Weak Armor|boost\n|-unboost|p2a: Megaman X|def|1\n|-boost|p2a: Megaman X|spe|2\n|-end|p1a: Urshifu|confusion\n|move|p1a: Urshifu|Dark Pulse|p2b: Almondegas\n|-damage|p2b: Almondegas|83\/100\n|move|p2b: Almondegas|Spore|p1b: Ogerpon\n|-status|p1b: Ogerpon|slp|[from] move: Spore\n|\n|upkeep\n|turn|8\n|c|\u2606Serusly|oh\n|c|\u2606Serusly|bro what\n|c|\u2606Serusly|that gets ally switch\n|l| casper6_14\n|\n|t:|1700598355\n|switch|p1b: Iron Hands|Iron Hands, L50|85\/100\n|move|p2a: Megaman X|Bitter Blade|p1a: Urshifu\n|-damage|p1a: Urshifu|0 fnt\n|-heal|p2a: Megaman X|70\/100|[from] drain|[of] p1a: Urshifu\n|faint|p1a: Urshifu\n|move|p2b: Almondegas|Pollen Puff|p2a: Megaman X\n|-heal|p2a: Megaman X|100\/100\n|\n|-sideend|p2: DeathReaperTTV|move: Light Screen\n|upkeep\n|\n|t:|1700598360\n|switch|p1a: Ogerpon|Ogerpon-Hearthflame-Tera, L50, F, tera:Fire|100\/100 slp\n|-ability|p1a: Ogerpon|Embody Aspect (Hearthflame)|boost\n|-boost|p1a: Ogerpon|atk|1\n|turn|9\n|\n|t:|1700598379\n|move|p2a: Megaman X|Close Combat|p1b: Iron Hands\n|-damage|p1b: Iron Hands|53\/100\n|-unboost|p2a: Megaman X|def|1\n|-unboost|p2a: Megaman X|spd|1\n|cant|p1a: Ogerpon|slp\n|move|p1b: Iron Hands|Thunder|p2a: Megaman X\n|-damage|p2a: Megaman X|26\/100\n|move|p2b: Almondegas|Pollen Puff|p1b: Iron Hands\n|-resisted|p1b: Iron Hands\n|-damage|p1b: Iron Hands|41\/100\n|\n|-sideend|p2: DeathReaperTTV|Reflect\n|upkeep\n|turn|10\n|c|\u2606Serusly|so close\n|\n|t:|1700598402\n|move|p2a: Megaman X|Bitter Blade|p1b: Iron Hands\n|-damage|p1b: Iron Hands|11\/100\n|-heal|p2a: Megaman X|49\/100|[from] drain|[of] p1b: Iron Hands\n|-curestatus|p1a: Ogerpon|slp|[msg]\n|move|p1a: Ogerpon|Tera Blast|p2b: Almondegas|[anim] Tera Blast Fire\n|-supereffective|p2b: Almondegas\n|-damage|p2b: Almondegas|0 fnt\n|faint|p2b: Almondegas\n|move|p1b: Iron Hands|Thunder|p2a: Megaman X|[miss]\n|-miss|p1b: Iron Hands|p2a: Megaman X\n|\n|upkeep\n|turn|11\n|\n|t:|1700598418\n|move|p2a: Megaman X|Close Combat|p1a: Ogerpon\n|-damage|p1a: Ogerpon|44\/100\n|-unboost|p2a: Megaman X|def|1\n|-unboost|p2a: Megaman X|spd|1\n|move|p1a: Ogerpon|Tera Blast|p2a: Megaman X|[anim] Tera Blast Fire\n|-resisted|p2a: Megaman X\n|-damage|p2a: Megaman X|0 fnt\n|faint|p2a: Megaman X\n|\n|win|Serusly\n|raw|Serusly's rating: 1046 &rarr; <strong>1080<\/strong><br \/>(+34 for winning)\n|raw|DeathReaperTTV's rating: 1052 &rarr; <strong>1034<\/strong><br \/>(-18 for losing)\n|c|\u2606Serusly|YES\n|c|\u2606Serusly|ggs\n|l| drounddd\n|l|\u2606DeathReaperTTV\n","uploadtime":1700598508,"views":0,"p1id":"serusly","p2id":"deathreaperttv","formatid":"gen9vgc2023regulatione","rating":1034,"private":0,"password":""}