{"id":"gen9vgc2023regulatione-1988079806","p1":"Rewk0","p2":"Lab Gamer","format":"[Gen 9] VGC 2023 Regulation E","log":"|j|\u2606Rewk0\n|j|\u2606Lab Gamer\n|t:|1699667037\n|gametype|doubles\n|player|p1|Rewk0|102|1313\n|player|p2|Lab Gamer|roark|1342\n|teamsize|p1|6\n|teamsize|p2|6\n|gen|9\n|tier|[Gen 9] VGC 2023 Regulation E\n|rated|\n|rule|Species Clause: Limit one of each Pok\u00e9mon\n|rule|Item Clause: Limit one of each item\n|clearpoke\n|poke|p1|Tornadus, L50, M|\n|poke|p1|Arcanine-Hisui, L50, M|\n|poke|p1|Flutter Mane, L50|\n|poke|p1|Dragonite, L50, F|\n|poke|p1|Iron Bundle, L50|\n|poke|p1|Urshifu-*, L50, F|\n|poke|p2|Ogerpon-Wellspring, L50, F|\n|poke|p2|Arcanine-Hisui, L50, F|\n|poke|p2|Rillaboom, L50, F|\n|poke|p2|Kommo-o, L50, F|\n|poke|p2|Gholdengo, L50|\n|poke|p2|Farigiraf, L50, F|\n|teampreview|4\n|\n|t:|1699667093\n|start\n|switch|p1a: Tornadus|Tornadus, L50, M|100\/100\n|switch|p1b: Urshifu|Urshifu-Rapid-Strike, L50, F|100\/100\n|switch|p2a: Rillaboom|Rillaboom, L50, F|100\/100\n|switch|p2b: Kommo-o|Kommo-o, L50, F|100\/100\n|-fieldstart|move: Grassy Terrain|[from] ability: Grassy Surge|[of] p2a: Rillaboom\n|-enditem|p2b: Kommo-o|Grassy Seed\n|-boost|p2b: Kommo-o|def|1|[from] item: Grassy Seed\n|turn|1\n|\n|t:|1699667138\n|-terastallize|p2b: Kommo-o|Steel\n|move|p1a: Tornadus|Tailwind|p1a: Tornadus\n|-sidestart|p1: Rewk0|move: Tailwind\n|move|p2a: Rillaboom|Grassy Glide|p1b: Urshifu\n|-supereffective|p1b: Urshifu\n|-damage|p1b: Urshifu|23\/100\n|move|p1b: Urshifu|Ice Spinner|p2a: Rillaboom\n|-supereffective|p2a: Rillaboom\n|-damage|p2a: Rillaboom|47\/100\n|-fieldend|move: Grassy Terrain\n|move|p2b: Kommo-o|Iron Defense|p2b: Kommo-o\n|-boost|p2b: Kommo-o|def|2\n|\n|upkeep\n|turn|2\n|\n|t:|1699667178\n|switch|p2a: Farigiraf|Farigiraf, L50, F|100\/100\n|move|p1a: Tornadus|Taunt||[still]\n|cant|p2a: Farigiraf|ability: Armor Tail|Taunt|[of] p1a: Tornadus\n|move|p1b: Urshifu|Ice Spinner|p2a: Farigiraf\n|-damage|p2a: Farigiraf|76\/100\n|move|p2b: Kommo-o|Body Press|p1b: Urshifu\n|-damage|p1b: Urshifu|0 fnt\n|faint|p1b: Urshifu\n|\n|upkeep\n|\n|t:|1699667189\n|switch|p1b: Flutter Mane|Flutter Mane, L50|100\/100\n|-enditem|p1b: Flutter Mane|Booster Energy\n|-activate|p1b: Flutter Mane|ability: Protosynthesis|[fromitem]\n|-start|p1b: Flutter Mane|protosynthesisspa\n|turn|3\n|\n|t:|1699667210\n|-terastallize|p1b: Flutter Mane|Steel\n|move|p1a: Tornadus|Rain Dance|p1a: Tornadus\n|-weather|RainDance\n|move|p1b: Flutter Mane|Thunder|p2b: Kommo-o\n|-damage|p2b: Kommo-o|51\/100\n|move|p2b: Kommo-o|Iron Head|p1b: Flutter Mane\n|-resisted|p1b: Flutter Mane\n|-damage|p1b: Flutter Mane|66\/100\n|move|p2a: Farigiraf|Nasty Plot|p2a: Farigiraf\n|-boost|p2a: Farigiraf|spa|2\n|\n|-weather|RainDance|[upkeep]\n|upkeep\n|turn|4\n|\n|t:|1699667241\n|move|p2b: Kommo-o|Protect|p2b: Kommo-o\n|-singleturn|p2b: Kommo-o|Protect\n|move|p1b: Flutter Mane|Thunder|p2b: Kommo-o\n|-activate|p2b: Kommo-o|move: Protect\n|move|p1a: Tornadus|Bleakwind Storm|p2a: Farigiraf|[spread] p2a\n|-activate|p2b: Kommo-o|move: Protect\n|-damage|p2a: Farigiraf|49\/100\n|-unboost|p2a: Farigiraf|spe|1\n|-enditem|p2a: Farigiraf|Sitrus Berry|[eat]\n|-heal|p2a: Farigiraf|74\/100|[from] item: Sitrus Berry\n|move|p2a: Farigiraf|Trick Room|p2a: Farigiraf\n|-fieldstart|move: Trick Room|[of] p2a: Farigiraf\n|\n|-weather|RainDance|[upkeep]\n|-sideend|p1: Rewk0|move: Tailwind\n|upkeep\n|turn|5\n|\n|t:|1699667268\n|move|p2a: Farigiraf|Psychic|p1a: Tornadus\n|-damage|p1a: Tornadus|42\/100\n|move|p2b: Kommo-o|Body Press|p1b: Flutter Mane\n|-supereffective|p1b: Flutter Mane\n|-damage|p1b: Flutter Mane|0 fnt\n|faint|p1b: Flutter Mane\n|-end|p1b: Flutter Mane|Protosynthesis|[silent]\n|move|p1a: Tornadus|Bleakwind Storm|p2a: Farigiraf|[spread] p2a,p2b\n|-resisted|p2b: Kommo-o\n|-damage|p2a: Farigiraf|47\/100\n|-damage|p2b: Kommo-o|36\/100\n|\n|-weather|RainDance|[upkeep]\n|upkeep\n|-message|Rewk0 forfeited.\n|\n|win|Lab Gamer\n|raw|Rewk0's rating: 1313 &rarr; <strong>1295<\/strong><br \/>(-18 for losing)\n|raw|Lab Gamer's rating: 1342 &rarr; <strong>1360<\/strong><br \/>(+18 for winning)\n|l|\u2606Rewk0\n","uploadtime":1699667298,"views":26,"p1id":"rewk0","p2id":"labgamer","formatid":"gen9vgc2023regulatione","rating":1295,"private":0,"password":""}