{"id":"gen9vgc2023regulatione-1994068293","p1":"WobbahYT","p2":"Bell george chae","format":"[Gen 9] VGC 2023 Regulation E","log":"|j|\u2606WobbahYT\n|j|\u2606Bell george chae\n|t:|1700402657\n|gametype|doubles\n|player|p1|WobbahYT|emmet|1183\n|player|p2|Bell george chae|170|1210\n|teamsize|p1|6\n|teamsize|p2|6\n|gen|9\n|tier|[Gen 9] VGC 2023 Regulation E\n|rated|\n|rule|Species Clause: Limit one of each Pok\u00e9mon\n|rule|Item Clause: Limit one of each item\n|clearpoke\n|poke|p1|Zapdos, L50|\n|poke|p1|Politoed, L50, F|\n|poke|p1|Weezing-Galar, L50, M|\n|poke|p1|Chien-Pao, L50|\n|poke|p1|Kingambit, L50, M|\n|poke|p1|Basculegion, L50, M|\n|poke|p2|Dusclops, L50, M|\n|poke|p2|Glastrier, L50|\n|poke|p2|Indeedee-F, L50, F|\n|poke|p2|Ursaluna-Bloodmoon, L50, M|\n|poke|p2|Amoonguss, L50, M|\n|poke|p2|Armarouge, L50, M|\n|teampreview|4\n|\n|t:|1700402679\n|start\n|switch|p1a: Weezing|Weezing-Galar, L50, M, shiny|100\/100\n|switch|p1b: Basculegion|Basculegion, L50, M, shiny|100\/100\n|switch|p2a: Dusclops|Dusclops, L50, M|100\/100\n|switch|p2b: Indeedee|Indeedee-F, L50, F|100\/100\n|-ability|p1a: Weezing|Neutralizing Gas\n|turn|1\n|\n|t:|1700402693\n|move|p2b: Indeedee|Follow Me|p2b: Indeedee\n|-singleturn|p2b: Indeedee|move: Follow Me\n|move|p1b: Basculegion|Flip Turn|p2b: Indeedee\n|-damage|p2b: Indeedee|34\/100\n|-enditem|p2b: Indeedee|Eject Button\n|\n|t:|1700402701\n|switch|p2b: Ursaluna|Ursaluna-Bloodmoon, L50, M|100\/100\n|move|p1a: Weezing|Strange Steam|p2b: Ursaluna\n|-damage|p2b: Ursaluna|69\/100\n|move|p2a: Dusclops|Trick Room|p2a: Dusclops\n|-fieldstart|move: Trick Room|[of] p2a: Dusclops\n|\n|upkeep\n|turn|2\n|\n|t:|1700402719\n|-terastallize|p2b: Ursaluna|Normal\n|move|p2a: Dusclops|Helping Hand|p2b: Ursaluna\n|-singleturn|p2b: Ursaluna|Helping Hand|[of] p2a: Dusclops\n|move|p2b: Ursaluna|Hyper Voice|p1b: Basculegion|[spread] p1a\n|-immune|p1b: Basculegion\n|-enditem|p2b: Ursaluna|Normal Gem|[from] gem\n|-damage|p1a: Weezing|0 fnt\n|faint|p1a: Weezing\n|-end|p1a: Weezing|ability: Neutralizing Gas\n|-item|p1b: Basculegion|Choice Band|[from] ability: Frisk|[of] p2a: Dusclops|[identify]\n|move|p1b: Basculegion|Flip Turn|p2b: Ursaluna\n|-damage|p2b: Ursaluna|36\/100\n|\n|t:|1700402729\n|switch|p1b: Kingambit|Kingambit, L50, M, shiny|100\/100|[from] Flip Turn\n|\n|upkeep\n|\n|t:|1700402746\n|switch|p1a: Chien-Pao|Chien-Pao, L50|100\/100\n|-ability|p1a: Chien-Pao|Sword of Ruin\n|turn|3\n|\n|t:|1700402754\n|move|p1a: Chien-Pao|Protect|p1a: Chien-Pao\n|-singleturn|p1a: Chien-Pao|Protect\n|move|p1b: Kingambit|Sucker Punch|p2b: Ursaluna\n|-damage|p2b: Ursaluna|0 fnt\n|faint|p2b: Ursaluna\n|move|p2a: Dusclops|Will-O-Wisp|p1b: Kingambit\n|-status|p1b: Kingambit|brn\n|\n|-damage|p1b: Kingambit|95\/100 brn|[from] brn\n|upkeep\n|\n|t:|1700402764\n|switch|p2b: Indeedee|Indeedee-F, L50, F|34\/100\n|-fieldstart|move: Psychic Terrain|[from] ability: Psychic Surge|[of] p2b: Indeedee\n|turn|4\n|\n|t:|1700402778\n|move|p2a: Dusclops|Will-O-Wisp|p1a: Chien-Pao|[miss]\n|-miss|p2a: Dusclops|p1a: Chien-Pao\n|move|p1b: Kingambit|Thunder Wave|p2a: Dusclops\n|-status|p2a: Dusclops|par\n|move|p2b: Indeedee|Dazzling Gleam|p1a: Chien-Pao|[spread] p1a,p1b\n|-supereffective|p1a: Chien-Pao\n|-damage|p1a: Chien-Pao|61\/100\n|-damage|p1b: Kingambit|83\/100 brn\n|move|p1a: Chien-Pao|Crunch|p2b: Indeedee\n|-supereffective|p2b: Indeedee\n|-damage|p2b: Indeedee|0 fnt\n|faint|p2b: Indeedee\n|\n|-damage|p1b: Kingambit|77\/100 brn|[from] brn\n|upkeep\n|\n|t:|1700402793\n|switch|p2b: Armarouge|Armarouge, L50, M|100\/100\n|turn|5\n|\n|t:|1700402800\n|switch|p1b: Basculegion|Basculegion, L50, M, shiny|100\/100\n|move|p1a: Chien-Pao|Protect|p1a: Chien-Pao\n|-singleturn|p1a: Chien-Pao|Protect\n|move|p2a: Dusclops|Will-O-Wisp|p1a: Chien-Pao\n|-activate|p1a: Chien-Pao|move: Protect\n|move|p2b: Armarouge|Heat Wave|p1a: Chien-Pao|[spread] \n|-activate|p1a: Chien-Pao|move: Protect\n|-miss|p2b: Armarouge|p1b: Basculegion\n|\n|-fieldend|move: Trick Room\n|upkeep\n|turn|6\n|\n|t:|1700402828\n|move|p1a: Chien-Pao|Crunch|p2a: Dusclops\n|-supereffective|p2a: Dusclops\n|-damage|p2a: Dusclops|22\/100 par\n|move|p1b: Basculegion|Wave Crash|p2b: Armarouge\n|-supereffective|p2b: Armarouge\n|-damage|p2b: Armarouge|0 fnt\n|faint|p2b: Armarouge\n|-damage|p1b: Basculegion|68\/100|[from] Recoil\n|move|p2a: Dusclops|Will-O-Wisp|p1b: Basculegion\n|-status|p1b: Basculegion|brn\n|\n|-damage|p1b: Basculegion|62\/100 brn|[from] brn\n|upkeep\n|turn|7\n|-message|Bell george chae forfeited.\n|\n|win|WobbahYT\n|raw|WobbahYT's rating: 1183 &rarr; <strong>1210<\/strong><br \/>(+27 for winning)\n|raw|Bell george chae's rating: 1210 &rarr; <strong>1183<\/strong><br \/>(-27 for losing)\n|l|\u2606Bell george chae\n","uploadtime":1700402849,"views":22,"p1id":"wobbahyt","p2id":"bellgeorgechae","formatid":"gen9vgc2023regulatione","rating":1183,"private":0,"password":""}