{"id":"gen9vgc2023regulatione-1996610400","p1":"sxlver","p2":"miadog","format":"[Gen 9] VGC 2023 Regulation E","log":"|j|\u2606sxlver\n|j|\u2606miadog\n|t:|1700700316\n|gametype|doubles\n|player|p1|sxlver|unknownf|1066\n|player|p2|miadog|169|1072\n|teamsize|p1|6\n|teamsize|p2|6\n|gen|9\n|tier|[Gen 9] VGC 2023 Regulation E\n|rated|\n|rule|Species Clause: Limit one of each Pok\u00e9mon\n|rule|Item Clause: Limit one of each item\n|clearpoke\n|poke|p1|Espathra, L50, M|\n|poke|p1|Ninetales-Alola, L50, F|\n|poke|p1|Espeon, L50, F|\n|poke|p1|Torterra, L50, M|\n|poke|p1|Chi-Yu, L50|\n|poke|p1|Indeedee-F, L50, F|\n|poke|p2|Torkoal, L50, M|\n|poke|p2|Farigiraf, L50, M|\n|poke|p2|Oranguru, L50, M|\n|poke|p2|Armarouge, L50, M|\n|poke|p2|Iron Hands, L50|\n|poke|p2|Copperajah, L50, M|\n|teampreview|4\n|inactive|Battle timer is ON: inactive players will automatically lose when time's up. (requested by miadog)\n|\n|t:|1700700346\n|start\n|switch|p1a: j'quavious|Ninetales-Alola, L50, F, shiny|100\/100\n|switch|p1b: girlboss|Indeedee-F, L50, F|100\/100\n|switch|p2a: Torkoal|Torkoal, L50, M, shiny|100\/100\n|switch|p2b: Farigiraf|Farigiraf, L50, M, shiny|100\/100\n|-weather|Snow|[from] ability: Snow Warning|[of] p1a: j'quavious\n|-fieldstart|move: Psychic Terrain|[from] ability: Psychic Surge|[of] p1b: girlboss\n|-enditem|p1b: girlboss|Psychic Seed\n|-boost|p1b: girlboss|spd|1|[from] item: Psychic Seed\n|-weather|SunnyDay|[from] ability: Drought|[of] p2a: Torkoal\n|turn|1\n|inactive|sxlver has 30 seconds left.\n|inactive|sxlver has 20 seconds left.\n|inactive|sxlver has 15 seconds left.\n|inactive|sxlver has 10 seconds left.\n|\n|t:|1700700395\n|move|p1a: j'quavious|Protect|p1a: j'quavious\n|-singleturn|p1a: j'quavious|Protect\n|move|p2a: Torkoal|Eruption|p1a: j'quavious|[spread] p1b\n|-activate|p1a: j'quavious|move: Protect\n|-damage|p1b: girlboss|35\/100\n|move|p1b: girlboss|Trick Room|p1b: girlboss\n|-fieldstart|move: Trick Room|[of] p1b: girlboss\n|move|p2b: Farigiraf|Trick Room|p2b: Farigiraf\n|-fieldend|move: Trick Room\n|\n|-weather|SunnyDay|[upkeep]\n|upkeep\n|turn|2\n|inactive|sxlver has 30 seconds left.\n|\n|t:|1700700428\n|switch|p1a: fish|Chi-Yu, L50|100\/100\n|-ability|p1a: fish|Beads of Ruin\n|switch|p2b: Oranguru|Oranguru, L50, M, shiny|100\/100\n|move|p1b: girlboss|Dazzling Gleam|p2b: Oranguru|[spread] p2a,p2b\n|-resisted|p2a: Torkoal\n|-damage|p2a: Torkoal|87\/100\n|-damage|p2b: Oranguru|89\/100\n|move|p2a: Torkoal|Eruption|p1b: girlboss|[spread] p1a,p1b\n|-resisted|p1a: fish\n|-damage|p1a: fish|46\/100\n|-damage|p1b: girlboss|0 fnt\n|faint|p1b: girlboss\n|\n|-weather|SunnyDay|[upkeep]\n|-heal|p2b: Oranguru|95\/100|[from] item: Leftovers\n|upkeep\n|\n|t:|1700700445\n|switch|p1b: groot|Torterra, L50, M|100\/100\n|turn|3\n|\n|t:|1700700462\n|move|p1b: groot|Wide Guard|p1b: groot\n|-singleturn|p1b: groot|Wide Guard\n|move|p1a: fish|Snarl|p2a: Torkoal|[spread] p2a,p2b\n|-supereffective|p2b: Oranguru\n|-damage|p2a: Torkoal|37\/100\n|-damage|p2b: Oranguru|51\/100\n|-unboost|p2a: Torkoal|spa|1\n|-unboost|p2b: Oranguru|spa|1\n|move|p2b: Oranguru|Instruct|p2a: Torkoal\n|-singleturn|p2a: Torkoal|move: Instruct|[of] p2b: Oranguru\n|move|p2a: Torkoal|Eruption|p1b: groot|[spread] \n|-activate|p1a: fish|move: Wide Guard\n|-activate|p1b: groot|move: Wide Guard\n|move|p2a: Torkoal|Eruption|p1b: groot|[spread] \n|-activate|p1a: fish|move: Wide Guard\n|-activate|p1b: groot|move: Wide Guard\n|\n|-weather|SunnyDay|[upkeep]\n|-heal|p2b: Oranguru|57\/100|[from] item: Leftovers\n|upkeep\n|turn|4\n|inactive|sxlver has 30 seconds left.\n|\n|t:|1700700489\n|move|p1a: fish|Snarl|p2a: Torkoal|[spread] p2a,p2b\n|-supereffective|p2b: Oranguru\n|-damage|p2a: Torkoal|0 fnt\n|-damage|p2b: Oranguru|18\/100\n|-unboost|p2b: Oranguru|spa|1\n|faint|p2a: Torkoal\n|move|p2b: Oranguru|Taunt|p1b: groot\n|-start|p1b: groot|move: Taunt\n|move|p1b: groot|Headlong Rush|p2b: Oranguru\n|-crit|p2b: Oranguru\n|-damage|p2b: Oranguru|0 fnt\n|-unboost|p1b: groot|def|1\n|-unboost|p1b: groot|spd|1\n|-enditem|p1b: groot|Eject Pack\n|faint|p2b: Oranguru\n|\n|t:|1700700506\n|switch|p1b: j'quavious|Ninetales-Alola, L50, F, shiny|100\/100\n|-weather|Snow|[from] ability: Snow Warning|[of] p1b: j'quavious\n|\n|-weather|Snow|[upkeep]\n|upkeep\n|\n|t:|1700700511\n|switch|p2b: Farigiraf|Farigiraf, L50, M, shiny|100\/100\n|switch|p2a: Armarouge|Armarouge, L50, M, shiny|100\/100\n|turn|5\n|inactive|miadog has 30 seconds left.\n|\n|t:|1700700538\n|-terastallize|p1b: j'quavious|Water\n|move|p1a: fish|Snarl|p2a: Armarouge|[spread] p2a,p2b\n|-supereffective|p2a: Armarouge\n|-crit|p2a: Armarouge\n|-supereffective|p2b: Farigiraf\n|-damage|p2a: Armarouge|0 fnt\n|-damage|p2b: Farigiraf|42\/100\n|-unboost|p2b: Farigiraf|spa|1\n|-enditem|p2b: Farigiraf|Sitrus Berry|[eat]\n|-heal|p2b: Farigiraf|67\/100|[from] item: Sitrus Berry\n|faint|p2a: Armarouge\n|move|p1b: j'quavious|Aurora Veil|p1b: j'quavious\n|-sidestart|p1: sxlver|move: Aurora Veil\n|move|p2b: Farigiraf|Dazzling Gleam|p1a: fish|[spread] p1a,p1b\n|-damage|p1a: fish|36\/100\n|-damage|p1b: j'quavious|89\/100\n|\n|-weather|Snow|[upkeep]\n|-fieldend|move: Psychic Terrain\n|upkeep\n|turn|6\n|-message|miadog forfeited.\n|\n|win|sxlver\n|raw|sxlver's rating: 1066 &rarr; <strong>1097<\/strong><br \/>(+31 for winning)\n|raw|miadog's rating: 1072 &rarr; <strong>1051<\/strong><br \/>(-21 for losing)\n|l|\u2606miadog\n|c|\u2606sxlver|gg\n","uploadtime":1700700558,"views":3,"p1id":"sxlver","p2id":"miadog","formatid":"gen9vgc2023regulatione","rating":1051,"private":0,"password":""}