{"id":"gen9vgc2023regulatione-1990145428","p1":"DJ_PBnJ","p2":"craftclan","format":"[Gen 9] VGC 2023 Regulation E","log":"|j|\u2606DJ_PBnJ\n|j|\u2606craftclan\n|n|\u2606DJ_PBnJ|djpbnj\n|n|\u2606craftclan|craftclan\n|html|View the match progress at <a href=\"\/game-bestof3-gen9vgc2023regulatione-1990140607\">game-bestof3-gen9vgc2023regulatione-1990140607<\/a>\n|t:|1699929504\n|gametype|doubles\n|player|p1|DJ_PBnJ|hilda-wonderlauncher|\n|player|p2|craftclan|magmagruntf|\n|teamsize|p1|6\n|teamsize|p2|6\n|gen|9\n|tier|[Gen 9] VGC 2023 Regulation E\n|rule|Species Clause: Limit one of each Pok\u00e9mon\n|rule|Item Clause: Limit one of each item\n|clearpoke\n|poke|p1|Fezandipiti, L50, M|\n|poke|p1|Meowscarada, L50, M|\n|poke|p1|Dragalge, L50, F|\n|poke|p1|Rotom-Heat, L50|\n|poke|p1|Clefairy, L50, M|\n|poke|p1|Garchomp, L50, M|\n|poke|p2|Sandslash-Alola, L50, F|\n|poke|p2|Ninetales-Alola, L50, M|\n|poke|p2|Chandelure, L50, F|\n|poke|p2|Slowking, L50, M|\n|poke|p2|Kommo-o, L50, M|\n|poke|p2|Grimmsnarl, L50, M|\n|teampreview|4\ncraftclan has agreed to open team sheets.\n|\n|t:|1699929545\n|start\n|switch|p1a: Redirect Sim. '23|Clefairy, L50, M|100\/100\n|switch|p1b: Hot Box|Rotom-Heat, L50|100\/100\n|switch|p2a: Ninetales|Ninetales-Alola, L50, M|100\/100\n|switch|p2b: Grimmsnarl|Grimmsnarl, L50, M|100\/100\n|-weather|Snow|[from] ability: Snow Warning|[of] p2a: Ninetales\n|turn|1\n|\n|t:|1699929555\n|move|p2b: Grimmsnarl|Fake Out|p1b: Hot Box\n|-damage|p1b: Hot Box|87\/100\n|move|p1a: Redirect Sim. '23|Follow Me|p1a: Redirect Sim. '23\n|-singleturn|p1a: Redirect Sim. '23|move: Follow Me\n|cant|p1b: Hot Box|flinch\n|move|p2a: Ninetales|Aurora Veil|p2a: Ninetales\n|-sidestart|p2: craftclan|move: Aurora Veil\n|\n|-weather|Snow|[upkeep]\n|upkeep\n|turn|2\n|\n|t:|1699929572\n|move|p2a: Ninetales|Protect|p2a: Ninetales\n|-singleturn|p2a: Ninetales|Protect\n|move|p1a: Redirect Sim. '23|Follow Me|p1a: Redirect Sim. '23\n|-singleturn|p1a: Redirect Sim. '23|move: Follow Me\n|move|p2b: Grimmsnarl|Parting Shot|p1a: Redirect Sim. '23\n|-unboost|p1a: Redirect Sim. '23|atk|1\n|-unboost|p1a: Redirect Sim. '23|spa|1\n|c|\u2606DJ_PBnJ|uh oh\n|\n|t:|1699929581\n|switch|p2b: Kommo-o|Kommo-o, L50, M|100\/100|[from] Parting Shot\n|move|p1b: Hot Box|Trick|p2b: Kommo-o\n|-activate|p1b: Hot Box|move: Trick|[of] p2b: Kommo-o\n|-item|p2b: Kommo-o|Choice Scarf|[from] move: Trick\n|-item|p1b: Hot Box|Yache Berry|[from] move: Trick\n|\n|-weather|Snow|[upkeep]\n|upkeep\n|turn|3\n|c|\u2606DJ_PBnJ|aight, not my intended target\n|c|\u2606DJ_PBnJ|but we go on lol\n|\n|t:|1699929626\n|move|p2a: Ninetales|Helping Hand|p2b: Kommo-o\n|-singleturn|p2b: Kommo-o|Helping Hand|[of] p2a: Ninetales\n|move|p1a: Redirect Sim. '23|Follow Me|p1a: Redirect Sim. '23\n|-singleturn|p1a: Redirect Sim. '23|move: Follow Me\n|move|p2b: Kommo-o|Clanging Scales|p1b: Hot Box|[spread] p1b\n|-immune|p1a: Redirect Sim. '23\n|-damage|p1b: Hot Box|29\/100\n|-unboost|p2b: Kommo-o|def|1\n|move|p1b: Hot Box|Volt Switch|p2a: Ninetales\n|-damage|p2a: Ninetales|78\/100\n|c|\u2606craftclan|wasnt too bad\n|\n|t:|1699929640\n|switch|p1b: Fezandipshity|Fezandipiti, L50, M|100\/100|[from] Volt Switch\n|\n|-weather|Snow|[upkeep]\n|upkeep\n|turn|4\n|\n|t:|1699929656\n|switch|p2b: Sandslash|Sandslash-Alola, L50, F|100\/100\n|move|p1a: Redirect Sim. '23|Helping Hand|p1b: Fezandipshity\n|-singleturn|p1b: Fezandipshity|Helping Hand|[of] p1a: Redirect Sim. '23\n|move|p2a: Ninetales|Blizzard|p1b: Fezandipshity|[spread] p1a,p1b\n|-damage|p1a: Redirect Sim. '23|80\/100\n|-damage|p1b: Fezandipshity|87\/100\n|move|p1b: Fezandipshity|Dazzling Gleam|p2b: Sandslash|[spread] p2a,p2b\n|-resisted|p2b: Sandslash\n|-damage|p2a: Ninetales|62\/100\n|-damage|p2b: Sandslash|88\/100\n|\n|-weather|Snow|[upkeep]\n|-heal|p1b: Fezandipshity|93\/100|[from] item: Leftovers\n|upkeep\n|turn|5\n|\n|t:|1699929693\n|switch|p1b: Hot Box|Rotom-Heat, L50|29\/100\n|move|p2b: Sandslash|Swords Dance|p2b: Sandslash\n|-boost|p2b: Sandslash|atk|2\n|move|p2a: Ninetales|Blizzard|p1b: Hot Box|[spread] p1a,p1b\n|-resisted|p1b: Hot Box\n|-damage|p1a: Redirect Sim. '23|59\/100\n|-damage|p1b: Hot Box|16\/100\n|move|p1a: Redirect Sim. '23|Life Dew|p1a: Redirect Sim. '23|[spread] p1a,p1b\n|-heal|p1a: Redirect Sim. '23|85\/100\n|-heal|p1b: Hot Box|42\/100\n|\n|-weather|none\n|-sideend|p2: craftclan|move: Aurora Veil\n|upkeep\n|turn|6\n|\n|t:|1699929711\n|switch|p2a: Kommo-o|Kommo-o, L50, M|100\/100\n|-terastallize|p2b: Sandslash|Water\n|move|p1a: Redirect Sim. '23|Helping Hand|p1b: Hot Box\n|-singleturn|p1b: Hot Box|Helping Hand|[of] p1a: Redirect Sim. '23\n|move|p1b: Hot Box|Overheat|p2b: Sandslash\n|-resisted|p2b: Sandslash\n|-damage|p2b: Sandslash|2\/100\n|-unboost|p1b: Hot Box|spa|2\n|move|p2b: Sandslash|Iron Head|p1a: Redirect Sim. '23\n|-supereffective|p1a: Redirect Sim. '23\n|-damage|p1a: Redirect Sim. '23|0 fnt\n|faint|p1a: Redirect Sim. '23\n|\n|upkeep\n|c|\u2606DJ_PBnJ|left on 2% hp again lol\n|\n|t:|1699929733\n|switch|p1a: piano intensifies|Garchomp, L50, M|100\/100\n|turn|7\n|\n|t:|1699929754\n|switch|p2a: Ninetales|Ninetales-Alola, L50, M|62\/100\n|-weather|Snow|[from] ability: Snow Warning|[of] p2a: Ninetales\n|-terastallize|p1a: piano intensifies|Fire\n|move|p2b: Sandslash|Ice Spinner|p1a: piano intensifies\n|-resisted|p1a: piano intensifies\n|-damage|p1a: piano intensifies|62\/100\n|-damage|p2b: Sandslash|0 fnt|[from] ability: Rough Skin|[of] p1a: piano intensifies\n|faint|p2b: Sandslash\n|move|p1a: piano intensifies|Rock Slide|p2a: Ninetales\n|-supereffective|p2a: Ninetales\n|-damage|p2a: Ninetales|15\/100\n|move|p1b: Hot Box|Volt Switch|p2a: Ninetales\n|-damage|p2a: Ninetales|0 fnt\n|faint|p2a: Ninetales\n|\n|t:|1699929769\n|switch|p1b: Fezandipshity|Fezandipiti, L50, M|93\/100|[from] Volt Switch\n|\n|-weather|Snow|[upkeep]\n|-heal|p1b: Fezandipshity|99\/100|[from] item: Leftovers\n|upkeep\n|\n|t:|1699929772\n|switch|p2a: Grimmsnarl|Grimmsnarl, L50, M|100\/100\n|switch|p2b: Kommo-o|Kommo-o, L50, M|100\/100\n|turn|8\n|\n|t:|1699929799\n|move|p1a: piano intensifies|Protect|p1a: piano intensifies\n|-singleturn|p1a: piano intensifies|Protect\n|move|p2a: Grimmsnarl|Fake Out|p1b: Fezandipshity\n|-damage|p1b: Fezandipshity|89\/100\n|move|p2b: Kommo-o|Hyper Voice|p1b: Fezandipshity|[spread] p1b\n|-activate|p1a: piano intensifies|move: Protect\n|-damage|p1b: Fezandipshity|73\/100\n|cant|p1b: Fezandipshity|flinch\n|\n|-weather|Snow|[upkeep]\n|-heal|p1b: Fezandipshity|79\/100|[from] item: Leftovers\n|upkeep\n|turn|9\n|\n|t:|1699929842\n|move|p2a: Grimmsnarl|Thunder Wave|p1b: Fezandipshity\n|-status|p1b: Fezandipshity|par\n|move|p2b: Kommo-o|Hyper Voice|p1a: piano intensifies|[spread] p1a,p1b\n|-damage|p1a: piano intensifies|41\/100\n|-damage|p1b: Fezandipshity|65\/100 par\n|move|p1a: piano intensifies|Dragon Claw|p2b: Kommo-o\n|-supereffective|p2b: Kommo-o\n|-damage|p2b: Kommo-o|19\/100\n|move|p1b: Fezandipshity|Taunt|p2a: Grimmsnarl\n|-start|p2a: Grimmsnarl|move: Taunt\n|\n|-weather|Snow|[upkeep]\n|-heal|p1b: Fezandipshity|71\/100 par|[from] item: Leftovers\n|upkeep\n|turn|10\n|\n|t:|1699929860\n|move|p1a: piano intensifies|Protect|p1a: piano intensifies\n|-singleturn|p1a: piano intensifies|Protect\n|move|p2b: Kommo-o|Hyper Voice|p1b: Fezandipshity|[spread] p1b\n|-activate|p1a: piano intensifies|move: Protect\n|-damage|p1b: Fezandipshity|56\/100 par\n|move|p2a: Grimmsnarl|Spirit Break|p1a: piano intensifies\n|-activate|p1a: piano intensifies|move: Protect\n|move|p1b: Fezandipshity|Roost|p1b: Fezandipshity\n|-heal|p1b: Fezandipshity|100\/100 par\n|-singleturn|p1b: Fezandipshity|move: Roost\n|\n|-weather|Snow|[upkeep]\n|upkeep\n|turn|11\n|\n|t:|1699929877\n|move|p2b: Kommo-o|Hyper Voice|p1a: piano intensifies|[spread] p1a,p1b\n|-damage|p1a: piano intensifies|18\/100\n|-damage|p1b: Fezandipshity|87\/100 par\n|move|p1a: piano intensifies|Dragon Claw|p2b: Kommo-o\n|-supereffective|p2b: Kommo-o\n|-damage|p2b: Kommo-o|0 fnt\n|faint|p2b: Kommo-o\n|move|p2a: Grimmsnarl|Spirit Break|p1a: piano intensifies\n|-resisted|p1a: piano intensifies\n|-damage|p1a: piano intensifies|0 fnt\n|-damage|p2a: Grimmsnarl|88\/100|[from] ability: Rough Skin|[of] p1a: piano intensifies\n|faint|p1a: piano intensifies\n|move|p1b: Fezandipshity|Dazzling Gleam|p2a: Grimmsnarl\n|-supereffective|p2a: Grimmsnarl\n|-damage|p2a: Grimmsnarl|38\/100\n|-enditem|p2a: Grimmsnarl|Sitrus Berry|[eat]\n|-heal|p2a: Grimmsnarl|62\/100|[from] item: Sitrus Berry\n|\n|-weather|none\n|-heal|p1b: Fezandipshity|93\/100 par|[from] item: Leftovers\n|upkeep\n|\n|t:|1699929894\n|switch|p1a: Hot Box|Rotom-Heat, L50|42\/100\n|turn|12\n|\n|t:|1699929904\n|move|p1a: Hot Box|Volt Switch|p2a: Grimmsnarl\n|-damage|p2a: Grimmsnarl|25\/100\n|move|p2a: Grimmsnarl|Spirit Break|p1a: Hot Box\n|-resisted|p1a: Hot Box\n|-damage|p1a: Hot Box|16\/100\n|-unboost|p1a: Hot Box|spa|1\n|move|p1b: Fezandipshity|Dazzling Gleam|p2a: Grimmsnarl\n|-supereffective|p2a: Grimmsnarl\n|-damage|p2a: Grimmsnarl|0 fnt\n|faint|p2a: Grimmsnarl\n|\n|win|DJ_PBnJ\n|c|\u2606craftclan|ggs\n|c|\u2606DJ_PBnJ|gg\n|l|\u2606craftclan\n","uploadtime":1699929923,"views":37,"p1id":"djpbnj","p2id":"craftclan","formatid":"gen9vgc2023regulatione","rating":0,"private":0,"password":""}