{"id":"gen9vgc2023regulatione-1993602403","p1":"Konokken","p2":"Pokenerd62","format":"[Gen 9] VGC 2023 Regulation E","log":"|j|\u2606Konokken\n|j|\u2606Pokenerd62\n|t:|1700336361\n|gametype|doubles\n|player|p1|Konokken|hilbert|1156\n|player|p2|Pokenerd62|1|1267\n|teamsize|p1|6\n|teamsize|p2|6\n|gen|9\n|tier|[Gen 9] VGC 2023 Regulation E\n|rated|\n|rule|Species Clause: Limit one of each Pok\u00e9mon\n|rule|Item Clause: Limit one of each item\n|clearpoke\n|poke|p1|Slaking, L50, M|\n|poke|p1|Arcanine, L50, M|\n|poke|p1|Weezing, L50, M|\n|poke|p1|Iron Hands, L50|\n|poke|p1|Chi-Yu, L50|\n|poke|p1|Torkoal, L50, F|\n|poke|p2|Chi-Yu, L50|\n|poke|p2|Iron Hands, L50|\n|poke|p2|Flutter Mane, L50|\n|poke|p2|Ogerpon-Hearthflame, L50, F|\n|poke|p2|Tornadus, L50, M|\n|poke|p2|Grimmsnarl, L50, M|\n|teampreview|4\n|inactive|Battle timer is ON: inactive players will automatically lose when time's up. (requested by Konokken)\nKonokken rejected open team sheets.\n|inactive|Pokenerd62 has 60 seconds left.\n|\n|t:|1700336410\n|start\n|switch|p1a: Chi-Yu|Chi-Yu, L50|100\/100\n|switch|p1b: Torkoal|Torkoal, L50, F|100\/100\n|switch|p2a: Tornadus|Tornadus, L50, M|100\/100\n|switch|p2b: Ogerpon|Ogerpon-Hearthflame, L50, F|100\/100\n|-ability|p1a: Chi-Yu|Beads of Ruin\n|-ability|p2b: Ogerpon|Mold Breaker\n|-weather|SunnyDay|[from] ability: Drought|[of] p1b: Torkoal\n|turn|1\n|\n|t:|1700336425\n|-terastallize|p1a: Chi-Yu|Fire\n|move|p1b: Torkoal|Helping Hand|p1a: Chi-Yu\n|-singleturn|p1a: Chi-Yu|Helping Hand|[of] p1b: Torkoal\n|move|p2b: Ogerpon|Spiky Shield|p2b: Ogerpon\n|-singleturn|p2b: Ogerpon|move: Protect\n|move|p2a: Tornadus|Tailwind|p2a: Tornadus\n|-sidestart|p2: Pokenerd62|move: Tailwind\n|move|p1a: Chi-Yu|Heat Wave|p2b: Ogerpon|[spread] p2a\n|-activate|p2b: Ogerpon|move: Protect\n|-damage|p2a: Tornadus|0 fnt\n|faint|p2a: Tornadus\n|\n|-weather|SunnyDay|[upkeep]\n|upkeep\n|\n|t:|1700336438\n|switch|p2a: Chi-Yu|Chi-Yu, L50|100\/100\n|-ability|p2a: Chi-Yu|Beads of Ruin\n|turn|2\n|inactive|Pokenerd62 has 30 seconds left.\n|\n|t:|1700336470\n|-terastallize|p2b: Ogerpon|Fire\n|detailschange|p2b: Ogerpon|Ogerpon-Hearthflame-Tera, L50, F, tera:Fire\n|-ability|p2b: Ogerpon|Embody Aspect (Hearthflame)|boost\n|-boost|p2b: Ogerpon|atk|1\n|move|p1b: Torkoal|Helping Hand|p1a: Chi-Yu\n|-singleturn|p1a: Chi-Yu|Helping Hand|[of] p1b: Torkoal\n|move|p2a: Chi-Yu|Snarl|p1b: Torkoal|[spread] p1a,p1b\n|-damage|p1a: Chi-Yu|70\/100\n|-damage|p1b: Torkoal|55\/100\n|-unboost|p1a: Chi-Yu|spa|1\n|-unboost|p1b: Torkoal|spa|1\n|-damage|p2a: Chi-Yu|91\/100|[from] item: Life Orb\n|move|p2b: Ogerpon|Ivy Cudgel|p1a: Chi-Yu|[anim] Ivy Cudgel Fire\n|-resisted|p1a: Chi-Yu\n|-damage|p1a: Chi-Yu|0 fnt\n|faint|p1a: Chi-Yu\n|\n|-weather|SunnyDay|[upkeep]\n|upkeep\n|inactive|Konokken has 30 seconds left.\n|\n|t:|1700336499\n|switch|p1a: Arcanine|Arcanine, L50, M|100\/100\n|-ability|p1a: Arcanine|Intimidate|boost\n|-unboost|p2a: Chi-Yu|atk|1\n|-unboost|p2b: Ogerpon|atk|1\n|turn|3\n|inactive|Pokenerd62 has 30 seconds left.\n|\n|t:|1700336530\n|switch|p1a: Iron Hands|Iron Hands, L50|100\/100\n|move|p2a: Chi-Yu|Dark Pulse|p1a: Iron Hands\n|-resisted|p1a: Iron Hands\n|-damage|p1a: Iron Hands|83\/100\n|-damage|p2a: Chi-Yu|82\/100|[from] item: Life Orb\n|move|p2b: Ogerpon|Ivy Cudgel|p1b: Torkoal|[anim] Ivy Cudgel Fire\n|-resisted|p1b: Torkoal\n|-damage|p1b: Torkoal|11\/100\n|move|p1b: Torkoal|Earth Power|p2b: Ogerpon\n|-supereffective|p2b: Ogerpon\n|-crit|p2b: Ogerpon\n|-damage|p2b: Ogerpon|23\/100\n|\n|-weather|SunnyDay|[upkeep]\n|upkeep\n|turn|4\n|inactive|Pokenerd62 has 30 seconds left.\n|\n|t:|1700336557\n|move|p2b: Ogerpon|Spiky Shield|p2b: Ogerpon\n|-singleturn|p2b: Ogerpon|move: Protect\n|move|p1a: Iron Hands|Fake Out|p2b: Ogerpon\n|-activate|p2b: Ogerpon|move: Protect\n|-damage|p1a: Iron Hands|70\/100|[from] Spiky Shield|[of] p2b: Ogerpon\n|move|p2a: Chi-Yu|Heat Wave|p1a: Iron Hands|[spread] p1a,p1b\n|-resisted|p1b: Torkoal\n|-damage|p1a: Iron Hands|16\/100\n|-damage|p1b: Torkoal|0 fnt\n|faint|p1b: Torkoal\n|-damage|p2a: Chi-Yu|72\/100|[from] item: Life Orb\n|\n|-weather|SunnyDay|[upkeep]\n|-sideend|p2: Pokenerd62|move: Tailwind\n|upkeep\n|\n|t:|1700336563\n|switch|p1b: Arcanine|Arcanine, L50, M|100\/100\n|-ability|p1b: Arcanine|Intimidate|boost\n|-unboost|p2a: Chi-Yu|atk|1\n|-unboost|p2b: Ogerpon|atk|1\n|turn|5\n|\n|t:|1700336570\n|switch|p2b: Iron Hands|Iron Hands, L50|100\/100\n|move|p1b: Arcanine|Extreme Speed|p2b: Iron Hands\n|-damage|p2b: Iron Hands|86\/100\n|move|p2a: Chi-Yu|Heat Wave|p1a: Iron Hands|[spread] p1b\n|-miss|p2a: Chi-Yu|p1a: Iron Hands\n|-resisted|p1b: Arcanine\n|-damage|p1b: Arcanine|57\/100\n|-damage|p2a: Chi-Yu|63\/100|[from] item: Life Orb\n|move|p1a: Iron Hands|Drain Punch|p2a: Chi-Yu\n|-supereffective|p2a: Chi-Yu\n|-damage|p2a: Chi-Yu|0 fnt\n|-heal|p1a: Iron Hands|35\/100|[from] drain|[of] p2a: Chi-Yu\n|faint|p2a: Chi-Yu\n|\n|-weather|SunnyDay|[upkeep]\n|upkeep\n|\n|t:|1700336578\n|switch|p2a: Ogerpon|Ogerpon-Hearthflame-Tera, L50, F, tera:Fire|23\/100\n|-ability|p2a: Ogerpon|Embody Aspect (Hearthflame)|boost\n|-boost|p2a: Ogerpon|atk|1\n|turn|6\n|\n|t:|1700336595\n|move|p2b: Iron Hands|Fake Out|p1b: Arcanine\n|-damage|p1b: Arcanine|44\/100\n|-enditem|p1b: Arcanine|Sitrus Berry|[eat]\n|-heal|p1b: Arcanine|68\/100|[from] item: Sitrus Berry\n|move|p2a: Ogerpon|Horn Leech|p1a: Iron Hands\n|-damage|p1a: Iron Hands|0 fnt\n|-heal|p2a: Ogerpon|47\/100|[from] drain|[of] p1a: Iron Hands\n|faint|p1a: Iron Hands\n|-end|p1a: Iron Hands|Quark Drive|[silent]\n|cant|p1b: Arcanine|flinch\n|\n|-weather|SunnyDay|[upkeep]\n|upkeep\n|turn|7\n|l|\u2606Pokenerd62\n|inactive|Pokenerd62 disconnected and has a minute to reconnect!\n|player|p2|\n|j|\u2606Pokenerd62\n|inactive|Pokenerd62 reconnected and has 45 seconds left.\n|player|p2|Pokenerd62|1\n|\n|t:|1700336612\n|move|p1b: Arcanine|Extreme Speed|p2a: Ogerpon\n|-damage|p2a: Ogerpon|21\/100\n|move|p2a: Ogerpon|Ivy Cudgel|p1b: Arcanine|[anim] Ivy Cudgel Fire\n|-resisted|p1b: Arcanine\n|-damage|p1b: Arcanine|0 fnt\n|faint|p1b: Arcanine\n|\n|win|Pokenerd62\n|raw|Konokken's rating: 1156 &rarr; <strong>1139<\/strong><br \/>(-17 for losing)\n|raw|Pokenerd62's rating: 1267 &rarr; <strong>1284<\/strong><br \/>(+17 for winning)\n|l|\u2606Konokken\n","uploadtime":1700336625,"views":22,"p1id":"konokken","p2id":"pokenerd62","formatid":"gen9vgc2023regulatione","rating":1139,"private":0,"password":""}