{"id":"gen9vgc2023regulatione-1992328350","p1":"iloveyveldon","p2":"SamuLele96","format":"[Gen 9] VGC 2023 Regulation E","log":"|j|\u2606iloveyveldon\n|j|\u2606SamuLele96\n|t:|1700175177\n|gametype|doubles\n|player|p1|iloveyveldon|169|1139\n|player|p2|SamuLele96|gentleman|1217\n|teamsize|p1|6\n|teamsize|p2|6\n|gen|9\n|tier|[Gen 9] VGC 2023 Regulation E\n|rated|\n|rule|Species Clause: Limit one of each Pok\u00e9mon\n|rule|Item Clause: Limit one of each item\n|clearpoke\n|poke|p1|Articuno, L50|\n|poke|p1|Ninetales-Alola, L50, F|\n|poke|p1|Iron Hands, L50|\n|poke|p1|Landorus-Therian, L50, M|\n|poke|p1|Ogerpon-Wellspring, L50, F|\n|poke|p1|Arcanine-Hisui, L50, F|\n|poke|p2|Ninetales-Alola, L50, M|\n|poke|p2|Cetitan, L50, F|\n|poke|p2|Tornadus, L50, M|\n|poke|p2|Iron Hands, L50|\n|poke|p2|Urshifu-*, L50, F|\n|poke|p2|Empoleon, L50, F|\n|teampreview|4\n|c|\u2606iloveyveldon|spero che tu non sappia chi io sia\n|c|\u2606iloveyveldon|perch\u00e9 sono caduto molto in basso\n|c|\u2606iloveyveldon|e me ne vergogno\n|\n|t:|1700175233\n|start\n|switch|p1a: Iron Hands|Iron Hands, L50|100\/100\n|switch|p1b: Ninetales|Ninetales-Alola, L50, F|100\/100\n|switch|p2a: Ninetales|Ninetales-Alola, L50, M|100\/100\n|switch|p2b: Tornadus|Tornadus, L50, M|100\/100\n|-weather|Snow|[from] ability: Snow Warning|[of] p1b: Ninetales\n|turn|1\n|\n|t:|1700175248\n|move|p2b: Tornadus|Tailwind|p2b: Tornadus\n|-sidestart|p2: SamuLele96|move: Tailwind\n|move|p2a: Ninetales|Aurora Veil|p2a: Ninetales\n|-sidestart|p2: SamuLele96|move: Aurora Veil\n|move|p1b: Ninetales|Aurora Veil|p1b: Ninetales\n|-sidestart|p1: iloveyveldon|move: Aurora Veil\n|move|p1a: Iron Hands|Heavy Slam|p2a: Ninetales\n|-supereffective|p2a: Ninetales\n|-damage|p2a: Ninetales|4\/100\n|\n|-weather|Snow|[upkeep]\n|upkeep\n|turn|2\n|\n|t:|1700175261\n|move|p2b: Tornadus|Bleakwind Storm|p1b: Ninetales|[spread] p1a,p1b\n|-damage|p1a: Iron Hands|90\/100\n|-damage|p1b: Ninetales|70\/100\n|-unboost|p1a: Iron Hands|spe|1\n|-unboost|p1b: Ninetales|spe|1\n|move|p2a: Ninetales|Dazzling Gleam|p1a: Iron Hands|[spread] p1a,p1b\n|-supereffective|p1a: Iron Hands\n|-crit|p1a: Iron Hands\n|-damage|p1a: Iron Hands|57\/100\n|-damage|p1b: Ninetales|52\/100\n|move|p1b: Ninetales|Blizzard|p2a: Ninetales|[spread] p2a,p2b\n|-resisted|p2a: Ninetales\n|-supereffective|p2b: Tornadus\n|-damage|p2a: Ninetales|0 fnt\n|-damage|p2b: Tornadus|38\/100\n|faint|p2a: Ninetales\n|move|p1a: Iron Hands|Drain Punch|p2b: Tornadus\n|-resisted|p2b: Tornadus\n|-damage|p2b: Tornadus|17\/100\n|-heal|p1a: Iron Hands|63\/100|[from] drain|[of] p2b: Tornadus\n|\n|-weather|Snow|[upkeep]\n|upkeep\n|\n|t:|1700175277\n|switch|p2a: Iron Hands|Iron Hands, L50|100\/100\n|turn|3\n|\n|t:|1700175301\n|move|p2b: Tornadus|Bleakwind Storm|p1b: Ninetales|[spread] p1a,p1b\n|-damage|p1a: Iron Hands|51\/100\n|-damage|p1b: Ninetales|25\/100\n|-unboost|p1a: Iron Hands|spe|1\n|move|p2a: Iron Hands|Drain Punch|p1a: Iron Hands\n|-damage|p1a: Iron Hands|34\/100\n|move|p1b: Ninetales|Blizzard|p2b: Tornadus|[spread] p2a,p2b\n|-supereffective|p2b: Tornadus\n|-damage|p2a: Iron Hands|90\/100\n|-damage|p2b: Tornadus|0 fnt\n|-status|p2a: Iron Hands|frz\n|faint|p2b: Tornadus\n|move|p1a: Iron Hands|Drain Punch|p2a: Iron Hands\n|-damage|p2a: Iron Hands|71\/100 frz\n|-heal|p1a: Iron Hands|44\/100|[from] drain|[of] p2a: Iron Hands\n|\n|-weather|Snow|[upkeep]\n|upkeep\n|\n|t:|1700175314\n|switch|p2b: Empoleon|Empoleon, L50, F|100\/100\n|turn|4\n|\n|t:|1700175327\n|-terastallize|p2b: Empoleon|Ghost\n|move|p2b: Empoleon|Hydro Pump|p1a: Iron Hands|[miss]\n|-miss|p2b: Empoleon|p1a: Iron Hands\n|cant|p2a: Iron Hands|frz\n|move|p1b: Ninetales|Blizzard|p2b: Empoleon|[spread] p2a,p2b\n|-damage|p2a: Iron Hands|59\/100 frz\n|-damage|p2b: Empoleon|82\/100\n|move|p1a: Iron Hands|Drain Punch|p2b: Empoleon\n|-immune|p2b: Empoleon\n|\n|-weather|Snow|[upkeep]\n|-sideend|p2: SamuLele96|move: Tailwind\n|upkeep\n|turn|5\n|-message|SamuLele96 forfeited.\n|\n|win|iloveyveldon\n|raw|iloveyveldon's rating: 1139 &rarr; <strong>1170<\/strong><br \/>(+31 for winning)\n|raw|SamuLele96's rating: 1217 &rarr; <strong>1186<\/strong><br \/>(-31 for losing)\n|l|\u2606SamuLele96\n","uploadtime":1700175338,"views":9,"p1id":"iloveyveldon","p2id":"samulele96","formatid":"gen9vgc2023regulatione","rating":1170,"private":0,"password":""}