{"id":"gen9vgc2023regulatione-1994190852","p1":"BroomBroom19","p2":"Kzejzkz","format":"[Gen 9] VGC 2023 Regulation E","log":"|j|\u2606BroomBroom19\n|j|\u2606Kzejzkz\n|t:|1700417162\n|gametype|doubles\n|player|p1|BroomBroom19|cyrus|1077\n|player|p2|Kzejzkz|lance|1000\n|teamsize|p1|6\n|teamsize|p2|6\n|gen|9\n|tier|[Gen 9] VGC 2023 Regulation E\n|rated|\n|rule|Species Clause: Limit one of each Pok\u00e9mon\n|rule|Item Clause: Limit one of each item\n|clearpoke\n|poke|p1|Kommo-o, L50, M|\n|poke|p1|Sinistcha-Masterpiece, L50|\n|poke|p1|Flutter Mane, L50|\n|poke|p1|Arcanine-Hisui, L50, M|\n|poke|p1|Urshifu-*, L50, M|\n|poke|p1|Iron Hands, L50|\n|poke|p2|Flutter Mane, L50|\n|poke|p2|Tornadus, L50, M|\n|poke|p2|Rillaboom, L50, M|\n|poke|p2|Garganacl, L50, F|\n|poke|p2|Arcanine-Hisui, L50, M|\n|poke|p2|Chien-Pao, L50|\n|teampreview|4\n|\n|t:|1700417191\n|start\n|switch|p1a: Kommo-o|Kommo-o, L50, M|100\/100\n|switch|p1b: Iron Hands|Iron Hands, L50|100\/100\n|switch|p2a: Tornadus|Tornadus, L50, M|100\/100\n|switch|p2b: Garganacl|Garganacl, L50, F|100\/100\n|turn|1\n|inactive|Battle timer is ON: inactive players will automatically lose when time's up. (requested by BroomBroom19)\n|\n|t:|1700417210\n|-terastallize|p2b: Garganacl|Ghost\n|move|p1b: Iron Hands|Fake Out|p2b: Garganacl\n|-immune|p2b: Garganacl\n|move|p2a: Tornadus|Taunt|p1a: Kommo-o\n|-start|p1a: Kommo-o|move: Taunt\n|cant|p1a: Kommo-o|move: Taunt|Clangorous Soul\n|move|p2b: Garganacl|Salt Cure|p1a: Kommo-o\n|-resisted|p1a: Kommo-o\n|-damage|p1a: Kommo-o|93\/100\n|-start|p1a: Kommo-o|Salt Cure\n|\n|-damage|p1a: Kommo-o|81\/100|[from] Salt Cure\n|upkeep\n|turn|2\n|\n|t:|1700417234\n|switch|p1a: Arcanine|Arcanine-Hisui, L50, M|100\/100\n|-ability|p1a: Arcanine|Intimidate|boost\n|-unboost|p2a: Tornadus|atk|1\n|-unboost|p2b: Garganacl|atk|1\n|move|p2a: Tornadus|Bleakwind Storm|p1a: Arcanine|[spread] \n|-miss|p2a: Tornadus|p1a: Arcanine\n|-miss|p2a: Tornadus|p1b: Iron Hands\n|move|p1b: Iron Hands|Wild Charge|p2a: Tornadus\n|-supereffective|p2a: Tornadus\n|-damage|p2a: Tornadus|0 fnt\n|-damage|p1b: Iron Hands|84\/100|[from] item: Rocky Helmet|[of] p2a: Tornadus\n|faint|p2a: Tornadus\n|-damage|p1b: Iron Hands|65\/100|[from] Recoil\n|move|p2b: Garganacl|Iron Defense|p2b: Garganacl\n|-boost|p2b: Garganacl|def|2\n|\n|upkeep\n|\n|t:|1700417242\n|switch|p2a: Arcanine|Arcanine-Hisui, L50, M|100\/100\n|-ability|p2a: Arcanine|Intimidate|boost\n|-unboost|p1a: Arcanine|atk|1\n|-unboost|p1b: Iron Hands|atk|1\n|turn|3\n|inactive|BroomBroom19 has 30 seconds left.\n|\n|t:|1700417270\n|move|p2a: Arcanine|Rock Slide|p1a: Arcanine|[spread] p1a,p1b\n|-supereffective|p1a: Arcanine\n|-resisted|p1b: Iron Hands\n|-damage|p1a: Arcanine|1\/100\n|-damage|p1b: Iron Hands|50\/100\n|move|p1a: Arcanine|Head Smash|p2b: Garganacl\n|-damage|p2b: Garganacl|71\/100\n|-damage|p1a: Arcanine|0 fnt|[from] Recoil\n|faint|p1a: Arcanine\n|cant|p1b: Iron Hands|flinch\n|move|p2b: Garganacl|Salt Cure|p1b: Iron Hands\n|-resisted|p1b: Iron Hands\n|-damage|p1b: Iron Hands|47\/100\n|-start|p1b: Iron Hands|Salt Cure\n|\n|-damage|p1b: Iron Hands|35\/100|[from] Salt Cure\n|upkeep\n|\n|t:|1700417288\n|switch|p1a: Kommo-o|Kommo-o, L50, M|81\/100\n|turn|4\n|\n|t:|1700417306\n|switch|p2a: Rillaboom|Rillaboom, L50, M|100\/100\n|-fieldstart|move: Grassy Terrain|[from] ability: Grassy Surge|[of] p2a: Rillaboom\n|move|p1a: Kommo-o|Clangorous Soul|p1a: Kommo-o\n|-boost|p1a: Kommo-o|atk|1\n|-boost|p1a: Kommo-o|def|1\n|-boost|p1a: Kommo-o|spa|1\n|-boost|p1a: Kommo-o|spd|1\n|-boost|p1a: Kommo-o|spe|1\n|-damage|p1a: Kommo-o|48\/100\n|-enditem|p1a: Kommo-o|Throat Spray\n|-boost|p1a: Kommo-o|spa|1|[from] item: Throat Spray\n|move|p1b: Iron Hands|Heavy Slam|p2a: Rillaboom\n|-damage|p2a: Rillaboom|75\/100\n|move|p2b: Garganacl|Salt Cure|p1a: Kommo-o\n|-resisted|p1a: Kommo-o\n|-damage|p1a: Kommo-o|45\/100\n|-start|p1a: Kommo-o|Salt Cure\n|\n|-heal|p1a: Kommo-o|51\/100|[from] Grassy Terrain\n|-heal|p2a: Rillaboom|81\/100|[from] Grassy Terrain\n|-heal|p1b: Iron Hands|41\/100|[from] Grassy Terrain\n|-heal|p2b: Garganacl|77\/100|[from] Grassy Terrain\n|-damage|p1a: Kommo-o|39\/100|[from] Salt Cure\n|-damage|p1b: Iron Hands|28\/100|[from] Salt Cure\n|upkeep\n|turn|5\n|inactive|BroomBroom19 has 30 seconds left.\n|inactive|BroomBroom19 has 20 seconds left.\n|\n|t:|1700417344\n|move|p1a: Kommo-o|Protect|p1a: Kommo-o\n|-singleturn|p1a: Kommo-o|Protect\n|move|p2a: Rillaboom|Fake Out|p1a: Kommo-o\n|-activate|p1a: Kommo-o|move: Protect\n|move|p1b: Iron Hands|Drain Punch|p2a: Rillaboom\n|-damage|p2a: Rillaboom|52\/100\n|-heal|p1b: Iron Hands|41\/100|[from] drain|[of] p2a: Rillaboom\n|move|p2b: Garganacl|Salt Cure|p1a: Kommo-o\n|-activate|p1a: Kommo-o|move: Protect\n|\n|-heal|p1a: Kommo-o|45\/100|[from] Grassy Terrain\n|-heal|p2a: Rillaboom|58\/100|[from] Grassy Terrain\n|-heal|p1b: Iron Hands|47\/100|[from] Grassy Terrain\n|-heal|p2b: Garganacl|83\/100|[from] Grassy Terrain\n|-damage|p1a: Kommo-o|33\/100|[from] Salt Cure\n|-damage|p1b: Iron Hands|35\/100|[from] Salt Cure\n|upkeep\n|turn|6\n|\n|t:|1700417367\n|move|p1a: Kommo-o|Clanging Scales|p2a: Rillaboom|[spread] p2a,p2b\n|-damage|p2a: Rillaboom|5\/100\n|-damage|p2b: Garganacl|39\/100\n|-enditem|p2b: Garganacl|Sitrus Berry|[eat]\n|-heal|p2b: Garganacl|63\/100|[from] item: Sitrus Berry\n|-unboost|p1a: Kommo-o|def|1\n|move|p2a: Rillaboom|Wood Hammer|p1a: Kommo-o\n|-resisted|p1a: Kommo-o\n|-damage|p1a: Kommo-o|0 fnt\n|faint|p1a: Kommo-o\n|-damage|p2a: Rillaboom|0 fnt|[from] Recoil\n|faint|p2a: Rillaboom\n|move|p1b: Iron Hands|Wild Charge|p2b: Garganacl\n|-crit|p2b: Garganacl\n|-damage|p2b: Garganacl|11\/100\n|-damage|p1b: Iron Hands|24\/100|[from] Recoil\n|move|p2b: Garganacl|Recover|p2b: Garganacl\n|-heal|p2b: Garganacl|61\/100\n|\n|-heal|p1b: Iron Hands|30\/100|[from] Grassy Terrain\n|-heal|p2b: Garganacl|67\/100|[from] Grassy Terrain\n|-damage|p1b: Iron Hands|17\/100|[from] Salt Cure\n|upkeep\n|\n|t:|1700417390\n|switch|p1a: Flutter Mane|Flutter Mane, L50|100\/100\n|switch|p2a: Arcanine|Arcanine-Hisui, L50, M|100\/100\n|-ability|p2a: Arcanine|Intimidate|boost\n|-unboost|p1a: Flutter Mane|atk|1\n|-unboost|p1b: Iron Hands|atk|1\n|turn|7\n|\n|t:|1700417403\n|move|p1a: Flutter Mane|Shadow Ball|p2b: Garganacl\n|-supereffective|p2b: Garganacl\n|-damage|p2b: Garganacl|26\/100\n|move|p2a: Arcanine|Rock Slide|p1b: Iron Hands|[spread] p1a,p1b\n|-resisted|p1b: Iron Hands\n|-damage|p1a: Flutter Mane|11\/100\n|-damage|p1b: Iron Hands|3\/100\n|move|p1b: Iron Hands|Drain Punch|p2a: Arcanine\n|-supereffective|p2a: Arcanine\n|-crit|p2a: Arcanine\n|-damage|p2a: Arcanine|0 fnt\n|-heal|p1b: Iron Hands|38\/100|[from] drain|[of] p2a: Arcanine\n|faint|p2a: Arcanine\n|move|p2b: Garganacl|Salt Cure|p1a: Flutter Mane\n|-damage|p1a: Flutter Mane|0 fnt\n|faint|p1a: Flutter Mane\n|-end|p1a: Flutter Mane|Protosynthesis|[silent]\n|\n|-heal|p1b: Iron Hands|44\/100|[from] Grassy Terrain\n|-heal|p2b: Garganacl|32\/100|[from] Grassy Terrain\n|-damage|p1b: Iron Hands|31\/100|[from] Salt Cure\n|upkeep\n|turn|8\n|\n|t:|1700417427\n|move|p2b: Garganacl|Protect|p2b: Garganacl\n|-singleturn|p2b: Garganacl|Protect\n|move|p1b: Iron Hands|Wild Charge|p2b: Garganacl\n|-activate|p2b: Garganacl|move: Protect\n|\n|-heal|p1b: Iron Hands|38\/100|[from] Grassy Terrain\n|-heal|p2b: Garganacl|38\/100|[from] Grassy Terrain\n|-damage|p1b: Iron Hands|25\/100|[from] Salt Cure\n|-fieldend|move: Grassy Terrain\n|upkeep\n|turn|9\n|\n|t:|1700417438\n|move|p1b: Iron Hands|Wild Charge|p2b: Garganacl\n|-damage|p2b: Garganacl|28\/100\n|-damage|p1b: Iron Hands|23\/100|[from] Recoil\n|move|p2b: Garganacl|Recover|p2b: Garganacl\n|-heal|p2b: Garganacl|78\/100\n|\n|-damage|p1b: Iron Hands|11\/100|[from] Salt Cure\n|upkeep\n|turn|10\n|\n|t:|1700417451\n|move|p2b: Garganacl|Protect|p2b: Garganacl\n|-singleturn|p2b: Garganacl|Protect\n|move|p1b: Iron Hands|Wild Charge|p2b: Garganacl\n|-activate|p2b: Garganacl|move: Protect\n|\n|-damage|p1b: Iron Hands|0 fnt|[from] Salt Cure\n|faint|p1b: Iron Hands\n|-end|p1b: Iron Hands|Quark Drive|[silent]\n|\n|win|Kzejzkz\n|upkeep\n|raw|BroomBroom19's rating: 1077 &rarr; <strong>1051<\/strong><br \/>(-26 for losing)\n|raw|Kzejzkz's rating: 1000 &rarr; <strong>1049<\/strong><br \/>(+49 for winning)\n","uploadtime":1700417456,"views":6,"p1id":"broombroom19","p2id":"kzejzkz","formatid":"gen9vgc2023regulatione","rating":1049,"private":0,"password":""}