{"id":"gen9vgc2023regulatione-1994172812","p1":"tales425","p2":"TSWANNI","format":"[Gen 9] VGC 2023 Regulation E","log":"|j|\u2606tales425\n|j|\u2606TSWANNI\n|t:|1700415231\n|gametype|doubles\n|player|p1|tales425|iris-gen5bw2|1278\n|player|p2|TSWANNI|169|1254\n|teamsize|p1|6\n|teamsize|p2|6\n|gen|9\n|tier|[Gen 9] VGC 2023 Regulation E\n|rated|\n|rule|Species Clause: Limit one of each Pok\u00e9mon\n|rule|Item Clause: Limit one of each item\n|clearpoke\n|poke|p1|Urshifu-*, L50, F|\n|poke|p1|Tornadus, L50, M|\n|poke|p1|Regidrago, L50|\n|poke|p1|Rillaboom, L50, M|\n|poke|p1|Arcanine-Hisui, L50, F|\n|poke|p1|Gholdengo, L50|\n|poke|p2|Ogerpon, L50, F|\n|poke|p2|Arcanine-Hisui, L50, F|\n|poke|p2|Urshifu-*, L50, M|\n|poke|p2|Tornadus, L50, M|\n|poke|p2|Farigiraf, L50, F|\n|poke|p2|Gholdengo, L50|\n|teampreview|4\n|\n|t:|1700415278\n|start\n|switch|p1a: SICKO MODE|Regidrago, L50|100\/100\n|switch|p1b: Hotlinebling|Gholdengo, L50|100\/100\n|switch|p2a: Tornadus|Tornadus, L50, M|100\/100\n|switch|p2b: Ogerpon|Ogerpon, L50, F|100\/100\n|turn|1\n|\n|t:|1700415313\n|move|p2b: Ogerpon|Spiky Shield|p2b: Ogerpon\n|-singleturn|p2b: Ogerpon|move: Protect\n|move|p2a: Tornadus|Tailwind|p2a: Tornadus\n|-sidestart|p2: TSWANNI|move: Tailwind\n|move|p1a: SICKO MODE|Dragon Energy|p2b: Ogerpon|[spread] p2a\n|-activate|p2b: Ogerpon|move: Protect\n|-damage|p2a: Tornadus|0 fnt\n|faint|p2a: Tornadus\n|move|p1b: Hotlinebling|Make It Rain|p2b: Ogerpon\n|-activate|p2b: Ogerpon|move: Protect\n|\n|upkeep\n|\n|t:|1700415327\n|switch|p2a: Arcanine|Arcanine-Hisui, L50, F|100\/100\n|-ability|p2a: Arcanine|Intimidate|boost\n|-unboost|p1a: SICKO MODE|atk|1\n|-unboost|p1b: Hotlinebling|atk|1\n|turn|2\n|\n|t:|1700415348\n|-terastallize|p2b: Ogerpon|Grass\n|detailschange|p2b: Ogerpon|Ogerpon-Teal-Tera, L50, F, tera:Grass\n|-ability|p2b: Ogerpon|Embody Aspect (Teal)|boost\n|-boost|p2b: Ogerpon|spe|1\n|move|p1a: SICKO MODE|Protect|p1a: SICKO MODE\n|-singleturn|p1a: SICKO MODE|Protect\n|move|p1b: Hotlinebling|Protect|p1b: Hotlinebling\n|-singleturn|p1b: Hotlinebling|Protect\n|move|p2b: Ogerpon|Ivy Cudgel|p1a: SICKO MODE\n|-activate|p1a: SICKO MODE|move: Protect\n|move|p2a: Arcanine|Flare Blitz|p1b: Hotlinebling\n|-activate|p1b: Hotlinebling|move: Protect\n|\n|upkeep\n|turn|3\n|\n|t:|1700415371\n|switch|p1b: Passionfruit|Arcanine-Hisui, L50, F|100\/100\n|-ability|p1b: Passionfruit|Intimidate|boost\n|-unboost|p2a: Arcanine|atk|1\n|-unboost|p2b: Ogerpon|atk|1\n|move|p2b: Ogerpon|Ivy Cudgel|p1a: SICKO MODE\n|-resisted|p1a: SICKO MODE\n|-crit|p1a: SICKO MODE\n|-damage|p1a: SICKO MODE|46\/100\n|move|p2a: Arcanine|Flare Blitz|p1b: Passionfruit\n|-resisted|p1b: Passionfruit\n|-damage|p1b: Passionfruit|81\/100\n|-damage|p2a: Arcanine|94\/100|[from] Recoil\n|move|p1a: SICKO MODE|Dragon Energy|p2b: Ogerpon|[spread] p2a,p2b\n|-damage|p2a: Arcanine|47\/100\n|-damage|p2b: Ogerpon|52\/100\n|\n|upkeep\n|turn|4\n|\n|t:|1700415414\n|switch|p2a: Farigiraf|Farigiraf, L50, F|100\/100\n|move|p1a: SICKO MODE|Protect|p1a: SICKO MODE\n|-singleturn|p1a: SICKO MODE|Protect\n|move|p1b: Passionfruit|Extreme Speed||[still]\n|cant|p2a: Farigiraf|ability: Armor Tail|Extreme Speed|[of] p1b: Passionfruit\n|move|p2b: Ogerpon|Stomping Tantrum|p1b: Passionfruit\n|-supereffective|p1b: Passionfruit\n|-damage|p1b: Passionfruit|0 fnt\n|faint|p1b: Passionfruit\n|\n|-sideend|p2: TSWANNI|move: Tailwind\n|upkeep\n|\n|t:|1700415433\n|switch|p1b: Hotlinebling|Gholdengo, L50|100\/100\n|turn|5\n|\n|t:|1700415459\n|move|p2a: Farigiraf|Protect|p2a: Farigiraf\n|-singleturn|p2a: Farigiraf|Protect\n|move|p2b: Ogerpon|Ivy Cudgel|p1a: SICKO MODE\n|-resisted|p1a: SICKO MODE\n|-crit|p1a: SICKO MODE\n|-damage|p1a: SICKO MODE|0 fnt\n|faint|p1a: SICKO MODE\n|move|p1b: Hotlinebling|Make It Rain|p2b: Ogerpon|[spread] p2b\n|-activate|p2a: Farigiraf|move: Protect\n|-damage|p2b: Ogerpon|0 fnt\n|-unboost|p1b: Hotlinebling|spa|1\n|faint|p2b: Ogerpon\n|\n|upkeep\n|\n|t:|1700415475\n|switch|p2b: Arcanine|Arcanine-Hisui, L50, F|47\/100\n|switch|p1a: One Dance|Urshifu-Rapid-Strike, L50, F|100\/100\n|-ability|p2b: Arcanine|Intimidate|boost\n|-unboost|p1a: One Dance|atk|1\n|-unboost|p1b: Hotlinebling|atk|1\n|turn|6\n|\n|t:|1700415500\n|-terastallize|p1b: Hotlinebling|Dragon\n|move|p2b: Arcanine|Extreme Speed|p1a: One Dance\n|-damage|p1a: One Dance|60\/100\n|move|p1a: One Dance|Surging Strikes|p2b: Arcanine\n|-supereffective|p2b: Arcanine\n|-crit|p2b: Arcanine\n|-damage|p2b: Arcanine|0 fnt\n|faint|p2b: Arcanine\n|-hitcount|p2: Arcanine|1\n|move|p1b: Hotlinebling|Nasty Plot|p1b: Hotlinebling\n|-boost|p1b: Hotlinebling|spa|2\n|move|p2a: Farigiraf|Psyshock|p1a: One Dance\n|-supereffective|p1a: One Dance\n|-damage|p1a: One Dance|0 fnt\n|faint|p1a: One Dance\n|\n|upkeep\n|turn|7\n|\n|t:|1700415522\n|move|p1b: Hotlinebling|Make It Rain|p2a: Farigiraf\n|-damage|p2a: Farigiraf|0 fnt\n|-unboost|p1b: Hotlinebling|spa|1\n|faint|p2a: Farigiraf\n|\n|win|tales425\n|raw|tales425's rating: 1278 &rarr; <strong>1301<\/strong><br \/>(+23 for winning)\n|raw|TSWANNI's rating: 1254 &rarr; <strong>1231<\/strong><br \/>(-23 for losing)\n|l|\u2606TSWANNI\n","uploadtime":1700415757,"views":5,"p1id":"tales425","p2id":"tswanni","formatid":"gen9vgc2023regulatione","rating":1231,"private":0,"password":""}