{"id":"gen9vgc2023regulatione-1999162245","p1":"Padomaticangel","p2":"UnownPeep","format":"[Gen 9] VGC 2023 Regulation E","log":"|j|\u2606Padomaticangel\n|j|\u2606UnownPeep\n|t:|1701040028\n|gametype|doubles\n|player|p1|Padomaticangel|170|1044\n|player|p2|UnownPeep|evelyn|1048\n|teamsize|p1|6\n|teamsize|p2|6\n|gen|9\n|tier|[Gen 9] VGC 2023 Regulation E\n|rated|\n|rule|Species Clause: Limit one of each Pok\u00e9mon\n|rule|Item Clause: Limit one of each item\n|clearpoke\n|poke|p1|Torkoal, L50, F|\n|poke|p1|Farigiraf, L50, M|\n|poke|p1|Chi-Yu, L50|\n|poke|p1|Brute Bonnet, L50|\n|poke|p1|Tornadus, L50, M|\n|poke|p1|Ogerpon-Hearthflame, L50, F|\n|poke|p2|Torkoal, L50, M|\n|poke|p2|Delphox, L50, F|\n|poke|p2|Tornadus, L50, M|\n|poke|p2|Ogerpon-Wellspring, L50, F|\n|poke|p2|Flutter Mane, L50|\n|poke|p2|Sawsbuck-Autumn, L50, F|\n|teampreview|4\n|inactive|Battle timer is ON: inactive players will automatically lose when time's up. (requested by UnownPeep)\n|c|\u2606UnownPeep|glhf trying to figure out a team rn so feedback is lovely!!\n|c|\u2606Padomaticangel|oh okay! same\n|inactive|UnownPeep has 60 seconds left.\n|\n|t:|1701040065\n|start\n|switch|p1a: Torkoal|Torkoal, L50, F|100\/100\n|switch|p1b: Farigiraf|Farigiraf, L50, M|100\/100\n|switch|p2a: Torkoal|Torkoal, L50, M|100\/100\n|switch|p2b: Autumn|Sawsbuck-Autumn, L50, F|100\/100\n|-weather|SunnyDay|[from] ability: Drought|[of] p2a: Torkoal\n|turn|1\n|c|\u2606Padomaticangel|just threw together a bunch of pokemon and hoping it works\n|c|\u2606UnownPeep|aw well I'll try my best to help!\n|\n|t:|1701040085\n|-terastallize|p2b: Autumn|Ground\n|move|p1a: Torkoal|Protect|p1a: Torkoal\n|-singleturn|p1a: Torkoal|Protect\n|move|p2b: Autumn|High Horsepower|p1a: Torkoal\n|-activate|p1a: Torkoal|move: Protect\n|move|p2a: Torkoal|Yawn|p1b: Farigiraf\n|-start|p1b: Farigiraf|move: Yawn|[of] p2a: Torkoal\n|move|p1b: Farigiraf|Trick Room|p1b: Farigiraf\n|-fieldstart|move: Trick Room|[of] p1b: Farigiraf\n|\n|-weather|SunnyDay|[upkeep]\n|upkeep\n|turn|2\n|\n|t:|1701040108\n|switch|p1b: Chi-Yu|Chi-Yu, L50|100\/100\n|-ability|p1b: Chi-Yu|Beads of Ruin\n|-enditem|p1b: Chi-Yu|Room Service\n|-unboost|p1b: Chi-Yu|spe|1|[from] item: Room Service\n|switch|p2b: Delphox|Delphox, L50, F, shiny|100\/100\n|-terastallize|p1a: Torkoal|Fire\n|move|p1a: Torkoal|Eruption|p2b: Delphox|[spread] p2a,p2b\n|-resisted|p2a: Torkoal\n|-resisted|p2b: Delphox\n|-damage|p2a: Torkoal|1\/100\n|-damage|p2b: Delphox|2\/100\n|move|p2a: Torkoal|Yawn|p1a: Torkoal\n|-start|p1a: Torkoal|move: Yawn|[of] p2a: Torkoal\n|\n|-weather|SunnyDay|[upkeep]\n|-heal|p2a: Torkoal|7\/100|[from] item: Leftovers\n|upkeep\n|turn|3\n|c|\u2606UnownPeep|WHAT\n|c|\u2606UnownPeep|WHAT WAS THAT\n|inactive|Padomaticangel has 30 seconds left.\n|c|\u2606Padomaticangel|a bomb\n|inactive|Padomaticangel has 20 seconds left.\n|c|\u2606UnownPeep|not just a bomb A FUCKING NUKE\n|\n|t:|1701040144\n|switch|p1a: Farigiraf|Farigiraf, L50, M|100\/100\n|move|p2a: Torkoal|Protect|p2a: Torkoal\n|-singleturn|p2a: Torkoal|Protect\n|move|p2b: Delphox|Protect|p2b: Delphox\n|-singleturn|p2b: Delphox|Protect\n|move|p1b: Chi-Yu|Heat Wave|p2b: Delphox|[spread] \n|-activate|p2a: Torkoal|move: Protect\n|-activate|p2b: Delphox|move: Protect\n|\n|-weather|SunnyDay|[upkeep]\n|-heal|p2a: Torkoal|13\/100|[from] item: Leftovers\n|upkeep\n|turn|4\n|\n|t:|1701040165\n|switch|p2b: Autumn|Sawsbuck-Autumn, L50, F, tera:Ground|100\/100\n|move|p2a: Torkoal|Helping Hand|p2b: Autumn\n|-singleturn|p2b: Autumn|Helping Hand|[of] p2a: Torkoal\n|move|p1a: Farigiraf|Skill Swap|p1b: Chi-Yu\n|-activate|p1a: Farigiraf|move: Skill Swap|||[of] p1b: Chi-Yu\n|-ability|p1a: Farigiraf|Beads of Ruin\n|move|p1b: Chi-Yu|Heat Wave|p2a: Torkoal|[spread] p2a,p2b\n|-resisted|p2a: Torkoal\n|-damage|p2a: Torkoal|0 fnt\n|-damage|p2b: Autumn|0 fnt\n|faint|p2a: Torkoal\n|faint|p2b: Autumn\n|\n|-weather|SunnyDay|[upkeep]\n|upkeep\n|c|\u2606Padomaticangel|yuh\n|\n|t:|1701040178\n|switch|p2a: Ogerpon|Ogerpon-Wellspring, L50, F|100\/100\n|switch|p2b: Delphox|Delphox, L50, F, shiny|2\/100\n|turn|5\n|c|\u2606Padomaticangel|this hits sorta hard\n|c|\u2606UnownPeep|...\n|c|\u2606UnownPeep|SORTA?!!!\n|c|\u2606Padomaticangel|yuh\n|inactive|UnownPeep has 30 seconds left.\n|inactive|UnownPeep has 20 seconds left.\n|\n|t:|1701040217\n|move|p1a: Farigiraf|Helping Hand|p1b: Chi-Yu\n|-singleturn|p1b: Chi-Yu|Helping Hand|[of] p1a: Farigiraf\n|move|p2a: Ogerpon|Follow Me|p2a: Ogerpon\n|-singleturn|p2a: Ogerpon|move: Follow Me\n|move|p1b: Chi-Yu|Overheat|p2a: Ogerpon\n|-damage|p2a: Ogerpon|0 fnt\n|-unboost|p1b: Chi-Yu|spa|2\n|faint|p2a: Ogerpon\n|move|p2b: Delphox|Heat Wave|p1b: Chi-Yu|[spread] p1a\n|-miss|p2b: Delphox|p1b: Chi-Yu\n|-damage|p1a: Farigiraf|48\/100\n|\n|-weather|none\n|-fieldend|move: Trick Room\n|upkeep\n|turn|6\n|\n|t:|1701040232\n|move|p1a: Farigiraf|Ally Switch|p1a: Farigiraf\n|swap|p1a: Farigiraf|1|[from] move: Ally Switch\n|move|p2b: Delphox|Heat Wave|p1a: Chi-Yu|[spread] p1a,p1b\n|-resisted|p1a: Chi-Yu\n|-damage|p1a: Chi-Yu|67\/100\n|-damage|p1b: Farigiraf|14\/100\n|move|p1a: Chi-Yu|Dark Pulse|p2b: Delphox\n|-supereffective|p2b: Delphox\n|-damage|p2b: Delphox|0 fnt\n|faint|p2b: Delphox\n|\n|win|Padomaticangel\n|raw|Padomaticangel's rating: 1044 &rarr; <strong>1078<\/strong><br \/>(+34 for winning)\n|raw|UnownPeep's rating: 1048 &rarr; <strong>1031<\/strong><br \/>(-17 for losing)\n|c|\u2606UnownPeep|ggwp\n|c|\u2606Padomaticangel|gg\n|c|\u2606UnownPeep|that was\n|c|\u2606UnownPeep|insane\n|c|\u2606Padomaticangel|wanna go again?\n","uploadtime":1701040145,"views":5,"p1id":"padomaticangel","p2id":"unownpeep","formatid":"gen9vgc2023regulatione","rating":1031,"private":0,"password":""}