{"id":"gen9vgc2023regulatione-1993175390","p1":"luree45","p2":"j1m13o","format":"[Gen 9] VGC 2023 Regulation E","log":"|j|\u2606luree45\n|j|\u2606j1m13o\n|t:|1700273997\n|gametype|doubles\n|player|p1|luree45|janitor|1103\n|player|p2|j1m13o|101|1141\n|teamsize|p1|6\n|teamsize|p2|6\n|gen|9\n|tier|[Gen 9] VGC 2023 Regulation E\n|rated|\n|rule|Species Clause: Limit one of each Pok\u00e9mon\n|rule|Item Clause: Limit one of each item\n|clearpoke\n|poke|p1|Ogerpon-Hearthflame, L50, F|\n|poke|p1|Farigiraf, L50, F|\n|poke|p1|Lilligant-Hisui, L50, F|\n|poke|p1|Torkoal, L50, M|\n|poke|p1|Iron Hands, L50|\n|poke|p1|Ursaluna, L50, F|\n|poke|p2|Ursaluna-Bloodmoon, L50, M|\n|poke|p2|Torkoal, L50, M|\n|poke|p2|Dusclops, L50, M|\n|poke|p2|Clefable, L50, M|\n|poke|p2|Glastrier, L50|\n|poke|p2|Urshifu-*, L50, M|\n|teampreview|4\n|inactive|Battle timer is ON: inactive players will automatically lose when time's up. (requested by luree45)\n|inactive|luree45 has 60 seconds left.\n|inactive|j1m13o has 60 seconds left.\n|\n|t:|1700274044\n|start\n|switch|p1a: Poor Man's Chi-Yu|Torkoal, L50, M, shiny|100\/100\n|switch|p1b: Gaslight|Ogerpon-Hearthflame, L50, F|100\/100\n|switch|p2a: Clefable|Clefable, L50, M|100\/100\n|switch|p2b: Urshifu|Urshifu-Rapid-Strike, L50, M|100\/100\n|-ability|p1b: Gaslight|Mold Breaker\n|-weather|SunnyDay|[from] ability: Drought|[of] p1a: Poor Man's Chi-Yu\n|turn|1\n|c|\u2606j1m13o|fuk chi yu ong torkoal better\n|inactive|luree45 has 30 seconds left.\n|inactive|j1m13o has 30 seconds left.\n|inactive|luree45 has 20 seconds left.\n|inactive|luree45 has 15 seconds left.\n|\n|t:|1700274084\n|switch|p1b: Gatekeep|Farigiraf, L50, F|100\/100\n|move|p2a: Clefable|Follow Me|p2a: Clefable\n|-singleturn|p2a: Clefable|move: Follow Me\n|move|p2b: Urshifu|Surging Strikes|p1a: Poor Man's Chi-Yu\n|-supereffective|p1a: Poor Man's Chi-Yu\n|-crit|p1a: Poor Man's Chi-Yu\n|-damage|p1a: Poor Man's Chi-Yu|82\/100\n|-supereffective|p1a: Poor Man's Chi-Yu\n|-crit|p1a: Poor Man's Chi-Yu\n|-damage|p1a: Poor Man's Chi-Yu|65\/100\n|-supereffective|p1a: Poor Man's Chi-Yu\n|-crit|p1a: Poor Man's Chi-Yu\n|-damage|p1a: Poor Man's Chi-Yu|47\/100\n|-hitcount|p1a: Poor Man's Chi-Yu|3\n|move|p1a: Poor Man's Chi-Yu|Solar Beam||[still]\n|-prepare|p1a: Poor Man's Chi-Yu|Solar Beam\n|-anim|p1a: Poor Man's Chi-Yu|Solar Beam|p2a: Clefable\n|-damage|p2a: Clefable|64\/100\n|-enditem|p2a: Clefable|Eject Button\n|\n|t:|1700274101\n|switch|p2a: Mr. Hands|Dusclops, L50, M|100\/100\n|-item|p1a: Poor Man's Chi-Yu|Choice Specs|[from] ability: Frisk|[of] p2a: Mr. Hands|[identify]\n|-item|p1b: Gatekeep|Safety Goggles|[from] ability: Frisk|[of] p2a: Mr. Hands|[identify]\n|\n|-weather|SunnyDay|[upkeep]\n|upkeep\n|turn|2\n|\n|t:|1700274125\n|move|p2b: Urshifu|Surging Strikes|p1a: Poor Man's Chi-Yu\n|-supereffective|p1a: Poor Man's Chi-Yu\n|-crit|p1a: Poor Man's Chi-Yu\n|-damage|p1a: Poor Man's Chi-Yu|29\/100\n|-supereffective|p1a: Poor Man's Chi-Yu\n|-crit|p1a: Poor Man's Chi-Yu\n|-damage|p1a: Poor Man's Chi-Yu|11\/100\n|-supereffective|p1a: Poor Man's Chi-Yu\n|-crit|p1a: Poor Man's Chi-Yu\n|-damage|p1a: Poor Man's Chi-Yu|0 fnt\n|faint|p1a: Poor Man's Chi-Yu\n|-hitcount|p1: Poor Man's Chi-Yu|3\n|move|p1b: Gatekeep|Imprison|p1b: Gatekeep\n|-start|p1b: Gatekeep|move: Imprison\n|move|p2a: Mr. Hands|Taunt|p1b: Gatekeep\n|-start|p1b: Gatekeep|move: Taunt\n|\n|-weather|SunnyDay|[upkeep]\n|upkeep\n|\n|t:|1700274140\n|switch|p1a: Gaslight|Ogerpon-Hearthflame, L50, F|100\/100\n|-ability|p1a: Gaslight|Mold Breaker\n|turn|3\n|\n|t:|1700274157\n|move|p2a: Mr. Hands|Helping Hand|p2b: Urshifu\n|-singleturn|p2b: Urshifu|Helping Hand|[of] p2a: Mr. Hands\n|move|p1a: Gaslight|Spiky Shield|p1a: Gaslight\n|-singleturn|p1a: Gaslight|move: Protect\n|move|p2b: Urshifu|Surging Strikes|p1a: Gaslight\n|-crit|p1a: Gaslight\n|-damage|p1a: Gaslight|75\/100\n|-crit|p1a: Gaslight\n|-damage|p1a: Gaslight|51\/100\n|-crit|p1a: Gaslight\n|-damage|p1a: Gaslight|30\/100\n|-hitcount|p1a: Gaslight|3\n|move|p1b: Gatekeep|Psychic|p2b: Urshifu\n|-supereffective|p2b: Urshifu\n|-damage|p2b: Urshifu|1\/100\n|\n|-weather|SunnyDay|[upkeep]\n|upkeep\n|turn|4\n|c|\u2606luree45|i forgot the bear is overpowered\n|inactive|luree45 has 30 seconds left.\n|c|\u2606j1m13o|yep\n|inactive|luree45 has 20 seconds left.\n|c|\u2606j1m13o|it would be dumb not to use this thing\n|inactive|luree45 has 15 seconds left.\n|\n|t:|1700274200\n|switch|p1b: Brian|Iron Hands, L50|100\/100\n|move|p2a: Mr. Hands|Protect|p2a: Mr. Hands\n|-singleturn|p2a: Mr. Hands|Protect\n|move|p1a: Gaslight|Ivy Cudgel|p2b: Urshifu|[anim] Ivy Cudgel Fire\n|-resisted|p2b: Urshifu\n|-damage|p2b: Urshifu|0 fnt\n|faint|p2b: Urshifu\n|\n|-weather|SunnyDay|[upkeep]\n|upkeep\n|\n|t:|1700274209\n|switch|p2b: Clefable|Clefable, L50, M|64\/100\n|turn|5\n|\n|t:|1700274228\n|-terastallize|p1a: Gaslight|Fire\n|detailschange|p1a: Gaslight|Ogerpon-Hearthflame-Tera, L50, F, tera:Fire\n|-ability|p1a: Gaslight|Embody Aspect (Hearthflame)|boost\n|-boost|p1a: Gaslight|atk|1\n|move|p1b: Brian|Fake Out|p2b: Clefable\n|-damage|p2b: Clefable|48\/100\n|cant|p2b: Clefable|flinch\n|move|p1a: Gaslight|Ivy Cudgel|p2a: Mr. Hands|[anim] Ivy Cudgel Fire\n|-damage|p2a: Mr. Hands|0 fnt\n|faint|p2a: Mr. Hands\n|\n|-weather|none\n|upkeep\n|\n|t:|1700274239\n|switch|p2a: Ursaluna|Ursaluna-Bloodmoon, L50, M|100\/100\n|turn|6\n|\n|t:|1700274256\n|move|p1a: Gaslight|Spiky Shield|p1a: Gaslight\n|-singleturn|p1a: Gaslight|move: Protect\n|move|p2b: Clefable|Follow Me|p2b: Clefable\n|-singleturn|p2b: Clefable|move: Follow Me\n|move|p1b: Brian|Drain Punch|p2b: Clefable\n|-resisted|p2b: Clefable\n|-damage|p2b: Clefable|24\/100\n|move|p2a: Ursaluna|Earth Power|p1b: Brian\n|-supereffective|p1b: Brian\n|-damage|p1b: Brian|43\/100\n|-unboost|p1b: Brian|spd|1\n|\n|upkeep\n|turn|7\n|\n|t:|1700274273\n|move|p2b: Clefable|Follow Me|p2b: Clefable\n|-singleturn|p2b: Clefable|move: Follow Me\n|move|p1a: Gaslight|Ivy Cudgel|p2b: Clefable|[anim] Ivy Cudgel Fire\n|-damage|p2b: Clefable|0 fnt\n|faint|p2b: Clefable\n|move|p1b: Brian|Drain Punch|p2a: Ursaluna\n|-supereffective|p2a: Ursaluna\n|-damage|p2a: Ursaluna|37\/100\n|-heal|p1b: Brian|72\/100|[from] drain|[of] p2a: Ursaluna\n|move|p2a: Ursaluna|Earth Power|p1a: Gaslight\n|-supereffective|p1a: Gaslight\n|-damage|p1a: Gaslight|0 fnt\n|faint|p1a: Gaslight\n|\n|upkeep\n|\n|t:|1700274286\n|switch|p1a: Gatekeep|Farigiraf, L50, F|100\/100\n|turn|8\n|\n|t:|1700274292\n|-terastallize|p2a: Ursaluna|Normal\n|move|p1a: Gatekeep|Hyper Voice|p2a: Ursaluna\n|-damage|p2a: Ursaluna|0 fnt\n|faint|p2a: Ursaluna\n|\n|win|luree45\n|raw|luree45's rating: 1103 &rarr; <strong>1131<\/strong><br \/>(+28 for winning)\n|raw|j1m13o's rating: 1141 &rarr; <strong>1113<\/strong><br \/>(-28 for losing)\n","uploadtime":1700274070,"views":8,"p1id":"luree45","p2id":"j1m13o","formatid":"gen9vgc2023regulatione","rating":1113,"private":0,"password":""}