{"id":"gen9vgc2023regulatione-1997870891","p1":"Sillyj123","p2":"ATLAS_PHANTON","format":"[Gen 9] VGC 2023 Regulation E","log":"|j|\u2606Sillyj123\n|j|\u2606ATLAS_PHANTON\n|n|\u2606Sillyj123|sillyj123\n|n|\u2606ATLAS_PHANTON|atlasphanton\n|html|View the match progress at <a href=\"\/game-bestof3-gen9vgc2023regulatione-1997870890\">game-bestof3-gen9vgc2023regulatione-1997870890<\/a>\n|t:|1700861948\n|gametype|doubles\n|player|p1|Sillyj123|blue|\n|player|p2|ATLAS_PHANTON|iris-gen5bw2|\n|teamsize|p1|6\n|teamsize|p2|6\n|gen|9\n|tier|[Gen 9] VGC 2023 Regulation E\n|rule|Species Clause: Limit one of each Pok\u00e9mon\n|rule|Item Clause: Limit one of each item\n|clearpoke\n|poke|p1|Ursaluna, L50, F|\n|poke|p1|Cresselia, L50, F|\n|poke|p1|Azumarill, L50, F|\n|poke|p1|Iron Hands, L50|\n|poke|p1|Torkoal, L50, F|\n|poke|p1|Sinistcha, L50|\n|poke|p2|Tornadus, L50, M|\n|poke|p2|Chi-Yu, L50|\n|poke|p2|Grimmsnarl, L50, M|\n|poke|p2|Iron Bundle, L50|\n|poke|p2|Flutter Mane, L50|\n|poke|p2|Moltres-Galar, L50|\n|teampreview|4\n|inactive|Battle timer is ON: inactive players will automatically lose when time's up. (requested by Sillyj123)\n|\n|t:|1700861960\n|start\n|switch|p1a: Sinistcha|Sinistcha, L50|100\/100\n|switch|p1b: Torkoal|Torkoal, L50, F|100\/100\n|switch|p2a: Tornadus|Tornadus, L50, M|100\/100\n|switch|p2b: Iron Bundle|Iron Bundle, L50, shiny|100\/100\n|-weather|SunnyDay|[from] ability: Drought|[of] p1b: Torkoal\n|-enditem|p2b: Iron Bundle|Booster Energy\n|-activate|p2b: Iron Bundle|ability: Quark Drive|[fromitem]\n|-start|p2b: Iron Bundle|quarkdrivespe\n|turn|1\n|\n|t:|1700861984\n|-terastallize|p2b: Iron Bundle|Ghost\n|move|p1b: Torkoal|Protect|p1b: Torkoal\n|-singleturn|p1b: Torkoal|Protect\n|move|p2a: Tornadus|Rain Dance|p2a: Tornadus\n|-weather|RainDance\n|move|p2b: Iron Bundle|Hydro Pump|p1b: Torkoal\n|-activate|p1b: Torkoal|move: Protect\n|move|p1a: Sinistcha|Trick Room|p1a: Sinistcha\n|-fieldstart|move: Trick Room|[of] p1a: Sinistcha\n|\n|-weather|RainDance|[upkeep]\n|upkeep\n|turn|2\n|\n|t:|1700862003\n|switch|p1b: Iron Hands|Iron Hands, L50|100\/100\n|-enditem|p1b: Iron Hands|Booster Energy\n|-activate|p1b: Iron Hands|ability: Quark Drive|[fromitem]\n|-start|p1b: Iron Hands|quarkdriveatk\n|move|p1a: Sinistcha|Matcha Gotcha|p2b: Iron Bundle|[spread] p2a,p2b\n|-resisted|p2a: Tornadus\n|-damage|p2a: Tornadus|88\/100\n|-damage|p2b: Iron Bundle|65\/100\n|move|p2a: Tornadus|Bleakwind Storm|p1b: Iron Hands|[spread] p1a,p1b\n|-supereffective|p1a: Sinistcha\n|-damage|p1a: Sinistcha|39\/100\n|-damage|p1b: Iron Hands|66\/100\n|move|p2b: Iron Bundle|Encore|p1a: Sinistcha\n|-start|p1a: Sinistcha|Encore\n|\n|-weather|RainDance|[upkeep]\n|-heal|p1a: Sinistcha|44\/100|[from] item: Leftovers\n|upkeep\n|turn|3\n|\n|t:|1700862024\n|move|p1b: Iron Hands|Fake Out|p2a: Tornadus\n|-damage|p2a: Tornadus|64\/100\n|move|p1a: Sinistcha|Matcha Gotcha|p2b: Iron Bundle|[spread] p2b\n|-miss|p1a: Sinistcha|p2a: Tornadus\n|-damage|p2b: Iron Bundle|31\/100\n|-heal|p1a: Sinistcha|58\/100|[from] drain|[of] p2b: Iron Bundle\n|cant|p2a: Tornadus|flinch\n|move|p2b: Iron Bundle|Encore|p1b: Iron Hands\n|-start|p1b: Iron Hands|Encore\n|\n|-weather|RainDance|[upkeep]\n|-heal|p1a: Sinistcha|63\/100|[from] item: Leftovers\n|upkeep\n|turn|4\n|\n|t:|1700862043\n|-end|p1b: Iron Hands|Quark Drive|[silent]\n|switch|p1b: Torkoal|Torkoal, L50, F|100\/100\n|-weather|SunnyDay|[from] ability: Drought|[of] p1b: Torkoal\n|move|p1a: Sinistcha|Matcha Gotcha|p2b: Iron Bundle|[spread] p2a,p2b\n|-resisted|p2a: Tornadus\n|-crit|p2b: Iron Bundle\n|-damage|p2a: Tornadus|51\/100\n|-heal|p1a: Sinistcha|70\/100|[from] drain|[of] p2a: Tornadus\n|-damage|p2b: Iron Bundle|0 fnt\n|-heal|p1a: Sinistcha|82\/100|[from] drain|[of] p2b: Iron Bundle\n|faint|p2b: Iron Bundle\n|-end|p2b: Iron Bundle|Quark Drive|[silent]\n|move|p2a: Tornadus|Bleakwind Storm|p1a: Sinistcha|[spread] p1a,p1b\n|-supereffective|p1a: Sinistcha\n|-damage|p1a: Sinistcha|15\/100\n|-damage|p1b: Torkoal|58\/100\n|-unboost|p1a: Sinistcha|spe|1\n|\n|-weather|SunnyDay|[upkeep]\n|-heal|p1a: Sinistcha|21\/100|[from] item: Leftovers\n|upkeep\n|\n|t:|1700862065\n|switch|p2b: Moltres|Moltres-Galar, L50|100\/100\n|turn|5\n|\n|t:|1700862073\n|-terastallize|p1b: Torkoal|Fire\n|move|p1b: Torkoal|Heat Wave|p2b: Moltres|[spread] p2a,p2b\n|-crit|p2a: Tornadus\n|-damage|p2a: Tornadus|0 fnt\n|-damage|p2b: Moltres|40\/100\n|faint|p2a: Tornadus\n|-ability|p2b: Moltres|Berserk|boost\n|-boost|p2b: Moltres|spa|1\n|-enditem|p2b: Moltres|Sitrus Berry|[eat]\n|-heal|p2b: Moltres|65\/100|[from] item: Sitrus Berry\n|move|p1a: Sinistcha|Matcha Gotcha|p2b: Moltres\n|-resisted|p2b: Moltres\n|-damage|p2b: Moltres|53\/100\n|-heal|p1a: Sinistcha|28\/100|[from] drain|[of] p2b: Moltres\n|move|p2b: Moltres|Fiery Wrath|p1b: Torkoal|[spread] p1a,p1b\n|-supereffective|p1a: Sinistcha\n|-damage|p1a: Sinistcha|0 fnt\n|-damage|p1b: Torkoal|3\/100\n|faint|p1a: Sinistcha\n|\n|-weather|SunnyDay|[upkeep]\n|-fieldend|move: Trick Room\n|upkeep\n|\n|t:|1700862096\n|switch|p2a: Flutter Mane|Flutter Mane, L50, shiny|100\/100\n|switch|p1a: Iron Hands|Iron Hands, L50|66\/100\n|-activate|p2a: Flutter Mane|ability: Protosynthesis\n|-start|p2a: Flutter Mane|protosynthesisspe\n|turn|6\n|\n|t:|1700862109\n|move|p1b: Torkoal|Protect|p1b: Torkoal\n|-singleturn|p1b: Torkoal|Protect\n|move|p1a: Iron Hands|Fake Out|p2b: Moltres\n|-damage|p2b: Moltres|37\/100\n|-ability|p2b: Moltres|Berserk|boost\n|-boost|p2b: Moltres|spa|1\n|move|p2a: Flutter Mane|Moonblast|p1a: Iron Hands\n|-supereffective|p1a: Iron Hands\n|-crit|p1a: Iron Hands\n|-damage|p1a: Iron Hands|0 fnt\n|faint|p1a: Iron Hands\n|-end|p1a: Iron Hands|Quark Drive|[silent]\n|cant|p2b: Moltres|flinch\n|\n|-weather|SunnyDay|[upkeep]\n|upkeep\n|\n|t:|1700862118\n|switch|p1a: Cresselia|Cresselia, L50, F|100\/100\n|turn|7\n|\n|t:|1700862129\n|move|p1a: Cresselia|Ally Switch|p1a: Cresselia\n|swap|p1a: Cresselia|1|[from] move: Ally Switch\n|move|p2a: Flutter Mane|Moonblast|p1a: Torkoal\n|-resisted|p1a: Torkoal\n|-damage|p1a: Torkoal|0 fnt\n|faint|p1a: Torkoal\n|move|p2b: Moltres|Fiery Wrath|p1b: Cresselia\n|-supereffective|p1b: Cresselia\n|-damage|p1b: Cresselia|0 fnt\n|faint|p1b: Cresselia\n|\n|win|ATLAS_PHANTON\n|inactive|Sillyj123 has 50 seconds to confirm battle start!\n|inactive|ATLAS_PHANTON has 50 seconds to confirm battle start!\n|c|&|\/uhtml prompt-sillyj123,Sillyj123 is ready for game 2!\n","uploadtime":1700862143,"views":3,"p1id":"sillyj123","p2id":"atlasphanton","formatid":"gen9vgc2023regulatione","rating":0,"private":0,"password":""}