{"id":"gen9vgc2023regulatione-1988711219","p1":"olmecssb","p2":"spork2000","format":"[Gen 9] VGC 2023 Regulation E","log":"|j|\u2606olmecssb\n|j|\u2606spork2000\n|n|\u2606olmecssb|olmecssb\n|n|\u2606spork2000|spork2000\n|html|View the match progress at <a href=\"\/game-bestof3-gen9vgc2023regulatione-1988709187\">game-bestof3-gen9vgc2023regulatione-1988709187<\/a>\n|t:|1699753575\n|gametype|doubles\n|player|p1|olmecssb|misty-gen1rb|\n|player|p2|spork2000|170|\n|teamsize|p1|6\n|teamsize|p2|6\n|gen|9\n|tier|[Gen 9] VGC 2023 Regulation E\n|rule|Species Clause: Limit one of each Pok\u00e9mon\n|rule|Item Clause: Limit one of each item\n|clearpoke\n|poke|p1|Mimikyu, L50, M|\n|poke|p1|Gothitelle, L50, F|\n|poke|p1|Scream Tail, L50|\n|poke|p1|Heatran, L50, F|\n|poke|p1|Sinistcha, L50|\n|poke|p1|Ogerpon-Wellspring, L50, F|\n|poke|p2|Jumpluff, L50, F|\n|poke|p2|Ninetales, L50, F|\n|poke|p2|Flutter Mane, L50|\n|poke|p2|Thundurus, L50, M|\n|poke|p2|Ogerpon-Hearthflame, L50, F|\n|poke|p2|Great Tusk, L50|\n|teampreview|4\nspork2000 has agreed to open team sheets.\nolmecssb has agreed to open team sheets.\n|showteam|p1|Mimikyu||AguavBerry|Disguise|TrickRoom,PlayRough,Curse,Protect|||M|||50|,,,,,Fire]Gothitelle||SitrusBerry|ShadowTag|FakeOut,Psychic,HealPulse,Protect|||F|||50|,,,,,Fighting]Scream Tail||MentalHerb|Protosynthesis|Protect,PerishSong,Disable,Encore||||||50|,,,,,Dark]Heatran||Leftovers|FlashFire|HeatWave,FlashCannon,IronDefense,Protect|||F|||50|,,,,,Grass]Sinistcha||ShellBell|Hospitality|MatchaGotcha,Protect,CalmMind,StrengthSap||||||50|,,,,,Steel]Ogerpon-Wellspring||WellspringMask|WaterAbsorb|IvyCudgel,HornLeech,SwordsDance,SpikyShield|||F|||50|,,,,,Water\n|showteam|p2|Jumpluff||WideLens|Chlorophyll|SleepPowder,Protect,Encore,Tailwind|||F|||50|,,,,,Ghost]Ninetales||ChoiceSpecs|Drought|Overheat,EnergyBall,HeatWave,Extrasensory|||F|||50|,,,,,Fire]Flutter Mane||LifeOrb|Protosynthesis|Substitute,DazzlingGleam,Protect,ShadowBall||||||50|,,,,,Fairy]Thundurus||FocusSash|Prankster|SunnyDay,ThunderWave,Thunderbolt,Uturn|||M|||50|,,,,,Ghost]Ogerpon-Hearthflame||HearthflameMask|MoldBreaker|FollowMe,IvyCudgel,KnockOff,SpikyShield|||F|||50|,,,,,Fire]Great Tusk||ChoiceScarf|Protosynthesis|HeadlongRush,CloseCombat,IceSpinner,StoneEdge||||||50|,,,,,Ground\n|j| E.Bluemage\n|j| Bardemis\n|inactive|Battle timer is ON: inactive players will automatically lose when time's up. (requested by spork2000)\n|\n|t:|1699753638\n|start\n|switch|p1a: Chess Board|Gothitelle, L50, F|100\/100\n|switch|p1b: Shrek-pon|Ogerpon-Wellspring, L50, F|100\/100\n|switch|p2a: Old Donphan|Great Tusk, L50|100\/100\n|switch|p2b: Fire Shrek|Ogerpon-Hearthflame, L50, F|100\/100\n|-ability|p2b: Fire Shrek|Mold Breaker\n|turn|1\n|inactive|olmecssb has 30 seconds left.\n|inactive|spork2000 has 30 seconds left.\n|\n|t:|1699753673\n|switch|p1b: Pebbles|Scream Tail, L50|100\/100\n|move|p2b: Fire Shrek|Spiky Shield|p2b: Fire Shrek\n|-singleturn|p2b: Fire Shrek|move: Protect\n|move|p1a: Chess Board|Fake Out|p2a: Old Donphan\n|-damage|p2a: Old Donphan|96\/100\n|cant|p2a: Old Donphan|flinch\n|\n|upkeep\n|turn|2\n|\n|t:|1699753691\n|move|p2a: Old Donphan|Headlong Rush|p1a: Chess Board\n|-damage|p1a: Chess Board|30\/100\n|-unboost|p2a: Old Donphan|def|1\n|-unboost|p2a: Old Donphan|spd|1\n|-enditem|p1a: Chess Board|Sitrus Berry|[eat]\n|-heal|p1a: Chess Board|55\/100|[from] item: Sitrus Berry\n|move|p1b: Pebbles|Encore|p2b: Fire Shrek\n|-start|p2b: Fire Shrek|Encore\n|move|p2b: Fire Shrek|Spiky Shield||[still]\n|-fail|p2b: Fire Shrek\n|move|p1a: Chess Board|Psychic|p2a: Old Donphan\n|-supereffective|p2a: Old Donphan\n|-damage|p2a: Old Donphan|0 fnt\n|faint|p2a: Old Donphan\n|-end|p2a: Old Donphan|Protosynthesis|[silent]\n|\n|upkeep\n|\n|t:|1699753708\n|switch|p2a: Misdrevus Grandma|Flutter Mane, L50|100\/100\n|turn|3\n|\n|t:|1699753717\n|switch|p1a: Shrek-pon|Ogerpon-Wellspring, L50, F|100\/100\n|move|p2b: Fire Shrek|Spiky Shield|p2b: Fire Shrek\n|-singleturn|p2b: Fire Shrek|move: Protect\n|move|p2a: Misdrevus Grandma|Shadow Ball|p1b: Pebbles\n|-supereffective|p1b: Pebbles\n|-damage|p1b: Pebbles|23\/100\n|-unboost|p1b: Pebbles|spd|1\n|-damage|p2a: Misdrevus Grandma|90\/100|[from] item: Life Orb\n|move|p1b: Pebbles|Perish Song|p1b: Pebbles\n|-start|p1a: Shrek-pon|perish3|[silent]\n|-start|p1b: Pebbles|perish3|[silent]\n|-start|p2a: Misdrevus Grandma|perish3|[silent]\n|-start|p2b: Fire Shrek|perish3|[silent]\n|-fieldactivate|move: Perish Song\n|\n|-start|p2a: Misdrevus Grandma|perish3\n|-start|p1b: Pebbles|perish3\n|-start|p2b: Fire Shrek|perish3\n|-start|p1a: Shrek-pon|perish3\n|upkeep\n|turn|4\n|\n|t:|1699753741\n|switch|p2b: Nine Tails|Ninetales, L50, F|100\/100\n|-weather|SunnyDay|[from] ability: Drought|[of] p2b: Nine Tails\n|-activate|p2a: Misdrevus Grandma|ability: Protosynthesis\n|-start|p2a: Misdrevus Grandma|protosynthesisspe\n|-activate|p1b: Pebbles|ability: Protosynthesis\n|-start|p1b: Pebbles|protosynthesisspe\n|move|p1b: Pebbles|Protect|p1b: Pebbles\n|-singleturn|p1b: Pebbles|Protect\n|move|p2a: Misdrevus Grandma|Shadow Ball|p1a: Shrek-pon\n|-damage|p1a: Shrek-pon|35\/100\n|-damage|p2a: Misdrevus Grandma|80\/100|[from] item: Life Orb\n|move|p1a: Shrek-pon|Ivy Cudgel|p2b: Nine Tails\n|-supereffective|p2b: Nine Tails\n|-damage|p2b: Nine Tails|15\/100\n|\n|-weather|SunnyDay|[upkeep]\n|-start|p2a: Misdrevus Grandma|perish2\n|-start|p1b: Pebbles|perish2\n|-start|p1a: Shrek-pon|perish2\n|upkeep\n|turn|5\n|inactive|spork2000 has 30 seconds left.\n|\n|t:|1699753767\n|-end|p1b: Pebbles|Protosynthesis|[silent]\n|switch|p1b: Chess Board|Gothitelle, L50, F|55\/100\n|move|p1a: Shrek-pon|Spiky Shield|p1a: Shrek-pon\n|-singleturn|p1a: Shrek-pon|move: Protect\n|move|p2a: Misdrevus Grandma|Shadow Ball|p1b: Chess Board\n|-supereffective|p1b: Chess Board\n|-damage|p1b: Chess Board|0 fnt\n|faint|p1b: Chess Board\n|-damage|p2a: Misdrevus Grandma|70\/100|[from] item: Life Orb\n|move|p2b: Nine Tails|Heat Wave|p1a: Shrek-pon\n|-activate|p1a: Shrek-pon|move: Protect\n|\n|-weather|SunnyDay|[upkeep]\n|-start|p2a: Misdrevus Grandma|perish1\n|-start|p1a: Shrek-pon|perish1\n|upkeep\n|\n|t:|1699753781\n|switch|p1b: Japanese Sinestea|Sinistcha, L50|100\/100\n|-heal|p1a: Shrek-pon|60\/100|[from] ability: Hospitality|[of] p1b: Japanese Sinestea\n|turn|6\n|\n|t:|1699753804\n|-end|p2a: Misdrevus Grandma|Protosynthesis|[silent]\n|switch|p2a: Fire Shrek|Ogerpon-Hearthflame, L50, F|100\/100\n|-ability|p2a: Fire Shrek|Mold Breaker\n|switch|p1a: Pebbles|Scream Tail, L50|23\/100\n|-activate|p1a: Pebbles|ability: Protosynthesis\n|-start|p1a: Pebbles|protosynthesisspe\n|-terastallize|p2b: Nine Tails|Fire\n|move|p2b: Nine Tails|Heat Wave|p1a: Pebbles|[spread] p1a\n|-miss|p2b: Nine Tails|p1b: Japanese Sinestea\n|-damage|p1a: Pebbles|0 fnt\n|faint|p1a: Pebbles\n|-end|p1a: Pebbles|Protosynthesis|[silent]\n|move|p1b: Japanese Sinestea|Matcha Gotcha|p2b: Nine Tails|[spread] p2a,p2b\n|-resisted|p2a: Fire Shrek\n|-resisted|p2b: Nine Tails\n|-damage|p2a: Fire Shrek|94\/100\n|-damage|p2b: Nine Tails|0 fnt\n|faint|p2b: Nine Tails\n|\n|-weather|SunnyDay|[upkeep]\n|upkeep\n|\n|t:|1699753823\n|switch|p1a: Shrek-pon|Ogerpon-Wellspring, L50, F|60\/100\n|switch|p2b: Misdrevus Grandma|Flutter Mane, L50|70\/100\n|-activate|p2b: Misdrevus Grandma|ability: Protosynthesis\n|-start|p2b: Misdrevus Grandma|protosynthesisspe\n|turn|7\n|\n|t:|1699753845\n|move|p1a: Shrek-pon|Spiky Shield|p1a: Shrek-pon\n|-singleturn|p1a: Shrek-pon|move: Protect\n|move|p2a: Fire Shrek|Follow Me|p2a: Fire Shrek\n|-singleturn|p2a: Fire Shrek|move: Follow Me\n|move|p2b: Misdrevus Grandma|Shadow Ball|p1b: Japanese Sinestea\n|-supereffective|p1b: Japanese Sinestea\n|-damage|p1b: Japanese Sinestea|0 fnt\n|faint|p1b: Japanese Sinestea\n|-damage|p2b: Misdrevus Grandma|60\/100|[from] item: Life Orb\n|\n|-weather|SunnyDay|[upkeep]\n|upkeep\n|turn|8\n|c|\u2606olmecssb|Good game\n|\n|t:|1699753860\n|-terastallize|p1a: Shrek-pon|Water\n|detailschange|p1a: Shrek-pon|Ogerpon-Wellspring-Tera, L50, F, tera:Water\n|-ability|p1a: Shrek-pon|Embody Aspect (Wellspring)|boost\n|-boost|p1a: Shrek-pon|spd|1\n|move|p2a: Fire Shrek|Follow Me|p2a: Fire Shrek\n|-singleturn|p2a: Fire Shrek|move: Follow Me\n|move|p2b: Misdrevus Grandma|Shadow Ball|p1a: Shrek-pon\n|-damage|p1a: Shrek-pon|19\/100\n|-damage|p2b: Misdrevus Grandma|50\/100|[from] item: Life Orb\n|move|p1a: Shrek-pon|Ivy Cudgel|p2a: Fire Shrek\n|-damage|p2a: Fire Shrek|40\/100\n|\n|-weather|none\n|-end|p2b: Misdrevus Grandma|Protosynthesis\n|upkeep\n|turn|9\n|c|\u2606spork2000|gg\n|\n|t:|1699753874\n|move|p2a: Fire Shrek|Follow Me|p2a: Fire Shrek\n|-singleturn|p2a: Fire Shrek|move: Follow Me\n|move|p2b: Misdrevus Grandma|Shadow Ball|p1a: Shrek-pon\n|-damage|p1a: Shrek-pon|0 fnt\n|faint|p1a: Shrek-pon\n|-damage|p2b: Misdrevus Grandma|40\/100|[from] item: Life Orb\n|\n|win|spork2000\n","uploadtime":1699753882,"views":19,"p1id":"olmecssb","p2id":"spork2000","formatid":"gen9vgc2023regulatione","rating":0,"private":0,"password":""}