{"id":"gen9vgc2023regulatione-1990832828","p1":"LindaLuna","p2":"Sour Cigar","format":"[Gen 9] VGC 2023 Regulation E","log":"|j|\u2606LindaLuna\n|j|\u2606Sour Cigar\n|t:|1700005515\n|gametype|doubles\n|player|p1|LindaLuna|giovanni|1445\n|player|p2|Sour Cigar|cynthia|1498\n|teamsize|p1|6\n|teamsize|p2|6\n|gen|9\n|tier|[Gen 9] VGC 2023 Regulation E\n|rated|\n|rule|Species Clause: Limit one of each Pok\u00e9mon\n|rule|Item Clause: Limit one of each item\n|clearpoke\n|poke|p1|Landorus-Therian, L50, M|\n|poke|p1|Heatran, L50, M|\n|poke|p1|Flutter Mane, L50|\n|poke|p1|Roaring Moon, L50|\n|poke|p1|Urshifu-*, L50, M|\n|poke|p1|Weezing, L50, M|\n|poke|p2|Urshifu-*, L50, F|\n|poke|p2|Gholdengo, L50|\n|poke|p2|Roaring Moon, L50|\n|poke|p2|Amoonguss, L50, M|\n|poke|p2|Farigiraf, L50, F|\n|poke|p2|Arcanine-Hisui, L50, M|\n|teampreview|4\n|inactive|Battle timer is ON: inactive players will automatically lose when time's up. (requested by Sour Cigar)\nSour Cigar has agreed to open team sheets.\n|inactive|LindaLuna has 60 seconds left.\n|inactive|Sour Cigar has 60 seconds left.\nLindaLuna has agreed to open team sheets.\n|inactive|LindaLuna has 30 seconds left.\n|inactive|LindaLuna has 20 seconds left.\n|inactive|LindaLuna has 15 seconds left.\n|inactive|LindaLuna has 10 seconds left.\n|inactive|LindaLuna has 5 seconds left.\n|\n|t:|1700005614\n|start\n|switch|p1a: Flutter Mane|Flutter Mane, L50|100\/100\n|switch|p1b: Landorus|Landorus-Therian, L50, M|100\/100\n|switch|p2a: Roaring Moon|Roaring Moon, L50|100\/100\n|switch|p2b: Arcanine|Arcanine-Hisui, L50, M|100\/100\n|-ability|p1b: Landorus|Intimidate|boost\n|-unboost|p2a: Roaring Moon|atk|1\n|-unboost|p2b: Arcanine|atk|1\n|-ability|p2b: Arcanine|Intimidate|boost\n|-unboost|p1a: Flutter Mane|atk|1\n|-unboost|p1b: Landorus|atk|1\n|-enditem|p2a: Roaring Moon|Booster Energy\n|-activate|p2a: Roaring Moon|ability: Protosynthesis|[fromitem]\n|-start|p2a: Roaring Moon|protosynthesisspe\n|turn|1\n|inactive|LindaLuna has 30 seconds left.\n|inactive|LindaLuna has 20 seconds left.\n|inactive|LindaLuna has 15 seconds left.\n|\n|t:|1700005655\n|-end|p1a: Flutter Mane|Protosynthesis|[silent]\n|switch|p1a: Roaring Moon|Roaring Moon, L50|100\/100\n|-enditem|p1a: Roaring Moon|Booster Energy\n|-activate|p1a: Roaring Moon|ability: Protosynthesis|[fromitem]\n|-start|p1a: Roaring Moon|protosynthesisspe\n|switch|p2b: Amoonguss|Amoonguss, L50, M, shiny|100\/100\n|move|p2a: Roaring Moon|Protect|p2a: Roaring Moon\n|-singleturn|p2a: Roaring Moon|Protect\n|move|p1b: Landorus|U-turn|p2a: Roaring Moon\n|-activate|p2a: Roaring Moon|move: Protect\n|\n|upkeep\n|turn|2\n|inactive|LindaLuna has 30 seconds left.\n|inactive|Sour Cigar has 30 seconds left.\n|\n|t:|1700005688\n|-end|p2a: Roaring Moon|Protosynthesis|[silent]\n|switch|p2a: Arcanine|Arcanine-Hisui, L50, M|100\/100\n|-ability|p2a: Arcanine|Intimidate|boost\n|-unboost|p1a: Roaring Moon|atk|1\n|-unboost|p1b: Landorus|atk|1\n|-terastallize|p1a: Roaring Moon|Flying\n|-terastallize|p2b: Amoonguss|Fire\n|move|p1a: Roaring Moon|Acrobatics|p2b: Amoonguss\n|-damage|p2b: Amoonguss|70\/100\n|move|p1b: Landorus|U-turn|p2b: Amoonguss\n|-resisted|p2b: Amoonguss\n|-damage|p2b: Amoonguss|64\/100\n|\n|t:|1700005705\n|switch|p1b: Heatran|Heatran, L50, M|100\/100|[from] U-turn\n|move|p2b: Amoonguss|Spore|p1b: Heatran\n|-status|p1b: Heatran|slp|[from] move: Spore\n|\n|upkeep\n|turn|3\n|\n|t:|1700005724\n|-end|p1a: Roaring Moon|Protosynthesis|[silent]\n|switch|p1a: Landorus|Landorus-Therian, L50, M|100\/100\n|-ability|p1a: Landorus|Intimidate|boost\n|-unboost|p2a: Arcanine|atk|1\n|-unboost|p2b: Amoonguss|atk|1\n|move|p2a: Arcanine|Rock Slide|p1a: Landorus|[spread] p1a,p1b\n|-damage|p1a: Landorus|71\/100\n|-damage|p1b: Heatran|78\/100 slp\n|cant|p1b: Heatran|slp\n|move|p2b: Amoonguss|Spore|p1a: Landorus\n|-status|p1a: Landorus|slp|[from] move: Spore\n|\n|upkeep\n|turn|4\n|inactive|Sour Cigar has 30 seconds left.\n|\n|t:|1700005749\n|switch|p2a: Urshifu|Urshifu, L50, F|100\/100\n|move|p2b: Amoonguss|Protect|p2b: Amoonguss\n|-singleturn|p2b: Amoonguss|Protect\n|cant|p1a: Landorus|slp\n|cant|p1b: Heatran|slp\n|\n|upkeep\n|turn|5\n|inactive|LindaLuna has 30 seconds left.\n|inactive|LindaLuna has 20 seconds left.\n|\n|t:|1700005788\n|switch|p1a: Roaring Moon|Roaring Moon, L50, tera:Flying|100\/100\n|switch|p1b: Flutter Mane|Flutter Mane, L50|100\/100\n|move|p2a: Urshifu|Wicked Blow|p1a: Roaring Moon\n|-crit|p1a: Roaring Moon\n|-damage|p1a: Roaring Moon|21\/100\n|move|p2b: Amoonguss|Pollen Puff|p2a: Urshifu\n|-immune|p2a: Urshifu\n|\n|upkeep\n|turn|6\n|inactive|LindaLuna has 30 seconds left.\n|\n|t:|1700005819\n|switch|p2a: Arcanine|Arcanine-Hisui, L50, M|100\/100\n|-ability|p2a: Arcanine|Intimidate|boost\n|-unboost|p1a: Roaring Moon|atk|1\n|-unboost|p1b: Flutter Mane|atk|1\n|move|p1a: Roaring Moon|Knock Off|p2b: Amoonguss\n|-damage|p2b: Amoonguss|38\/100\n|-enditem|p2b: Amoonguss|Sitrus Berry|[from] move: Knock Off|[of] p1a: Roaring Moon\n|move|p1b: Flutter Mane|Dazzling Gleam|p2b: Amoonguss|[spread] p2a,p2b\n|-resisted|p2a: Arcanine\n|-resisted|p2b: Amoonguss\n|-damage|p2a: Arcanine|71\/100\n|-damage|p2b: Amoonguss|17\/100\n|move|p2b: Amoonguss|Spore|p1b: Flutter Mane\n|-status|p1b: Flutter Mane|slp|[from] move: Spore\n|\n|upkeep\n|turn|7\n|\n|t:|1700005837\n|switch|p2b: Roaring Moon|Roaring Moon, L50|100\/100\n|move|p1a: Roaring Moon|Tailwind|p1a: Roaring Moon\n|-sidestart|p1: LindaLuna|move: Tailwind\n|cant|p1b: Flutter Mane|slp\n|move|p2a: Arcanine|Rock Slide|p1b: Flutter Mane|[spread] p1a\n|-miss|p2a: Arcanine|p1b: Flutter Mane\n|-supereffective|p1a: Roaring Moon\n|-damage|p1a: Roaring Moon|0 fnt\n|faint|p1a: Roaring Moon\n|-end|p1a: Roaring Moon|Protosynthesis|[silent]\n|\n|upkeep\n|inactive|LindaLuna has 30 seconds left.\n|\n|t:|1700005863\n|switch|p1a: Landorus|Landorus-Therian, L50, M|71\/100 slp\n|-ability|p1a: Landorus|Intimidate|boost\n|-unboost|p2a: Arcanine|atk|1\n|-unboost|p2b: Roaring Moon|atk|1\n|turn|8\n|\n|t:|1700005871\n|cant|p1a: Landorus|slp\n|cant|p1b: Flutter Mane|slp\n|move|p2b: Roaring Moon|Tailwind|p2b: Roaring Moon\n|-sidestart|p2: Sour Cigar|move: Tailwind\n|move|p2a: Arcanine|Rock Slide|p1b: Flutter Mane|[spread] p1a,p1b\n|-damage|p1a: Landorus|40\/100 slp\n|-damage|p1b: Flutter Mane|52\/100 slp\n|\n|upkeep\n|turn|9\n|\n|t:|1700005889\n|cant|p1a: Landorus|slp\n|-curestatus|p1b: Flutter Mane|slp|[msg]\n|move|p1b: Flutter Mane|Dazzling Gleam|p2b: Roaring Moon|[spread] p2a,p2b\n|-resisted|p2a: Arcanine\n|-supereffective|p2b: Roaring Moon\n|-damage|p2a: Arcanine|37\/100\n|-damage|p2b: Roaring Moon|0 fnt\n|faint|p2b: Roaring Moon\n|-end|p2b: Roaring Moon|Protosynthesis|[silent]\n|move|p2a: Arcanine|Rock Slide|p1b: Flutter Mane|[spread] p1a,p1b\n|-damage|p1a: Landorus|11\/100 slp\n|-damage|p1b: Flutter Mane|5\/100\n|\n|upkeep\n|\n|t:|1700005905\n|switch|p2b: Amoonguss|Amoonguss, L50, M, shiny, tera:Fire|50\/100\n|turn|10\n|c|\u2606LindaLuna|so lucky with sleep turns lol\n|inactive|LindaLuna has 30 seconds left.\n|inactive|LindaLuna has 20 seconds left.\n|inactive|LindaLuna has 15 seconds left.\n|inactive|LindaLuna has 10 seconds left.\n|\n|t:|1700005951\n|move|p2b: Amoonguss|Rage Powder|p2b: Amoonguss\n|-singleturn|p2b: Amoonguss|move: Rage Powder\n|-curestatus|p1a: Landorus|slp|[msg]\n|move|p1a: Landorus|Stomping Tantrum|p2b: Amoonguss\n|-supereffective|p2b: Amoonguss\n|-damage|p2b: Amoonguss|0 fnt\n|faint|p2b: Amoonguss\n|move|p1b: Flutter Mane|Dazzling Gleam|p2a: Arcanine\n|-resisted|p2a: Arcanine\n|-damage|p2a: Arcanine|0 fnt\n|faint|p2a: Arcanine\n|\n|-sideend|p1: LindaLuna|move: Tailwind\n|upkeep\n|\n|t:|1700005963\n|switch|p2a: Urshifu|Urshifu, L50, F|100\/100\n|turn|11\n|\n|t:|1700005970\n|move|p2a: Urshifu|Wicked Blow|p1b: Flutter Mane\n|-crit|p1b: Flutter Mane\n|-damage|p1b: Flutter Mane|0 fnt\n|faint|p1b: Flutter Mane\n|-end|p1b: Flutter Mane|Protosynthesis|[silent]\n|move|p1a: Landorus|Stomping Tantrum|p2a: Urshifu\n|-damage|p2a: Urshifu|56\/100\n|\n|-sideend|p2: Sour Cigar|move: Tailwind\n|upkeep\n|\n|t:|1700005976\n|switch|p1b: Heatran|Heatran, L50, M|78\/100 slp\n|turn|12\n|\n|t:|1700005983\n|move|p2a: Urshifu|Wicked Blow|p1b: Heatran\n|-crit|p1b: Heatran\n|-damage|p1b: Heatran|14\/100 slp\n|move|p1a: Landorus|Stomping Tantrum|p2a: Urshifu\n|-crit|p2a: Urshifu\n|-damage|p2a: Urshifu|0 fnt\n|faint|p2a: Urshifu\n|\n|win|LindaLuna\n|raw|LindaLuna's rating: 1445 &rarr; <strong>1468<\/strong><br \/>(+23 for winning)\n|raw|Sour Cigar's rating: 1498 &rarr; <strong>1475<\/strong><br \/>(-23 for losing)\n","uploadtime":1700005990,"views":68,"p1id":"lindaluna","p2id":"sourcigar","formatid":"gen9vgc2023regulatione","rating":1468,"private":0,"password":""}