{"id":"gen9vgc2023regulatione-1990134392","p1":"Nelzon","p2":"Ozwald McFly","format":"[Gen 9] VGC 2023 Regulation E","log":"|j|\u2606Nelzon\n|j|\u2606Ozwald McFly\n|t:|1699928260\n|gametype|doubles\n|player|p1|Nelzon|1|1113\n|player|p2|Ozwald McFly|birdkeeper-gen4dp|1184\n|teamsize|p1|6\n|teamsize|p2|6\n|gen|9\n|tier|[Gen 9] VGC 2023 Regulation E\n|rated|\n|rule|Species Clause: Limit one of each Pok\u00e9mon\n|rule|Item Clause: Limit one of each item\n|clearpoke\n|poke|p1|Gothitelle, L50, M|\n|poke|p1|Salamence, L50, F|\n|poke|p1|Scream Tail, L50|\n|poke|p1|Heatran, L50, M|\n|poke|p1|Maushold, L50|\n|poke|p1|Urshifu-*, L50, M|\n|poke|p2|Noctowl, L50, F|\n|poke|p2|Sandy Shocks, L50|\n|poke|p2|Espeon, L50, F|\n|poke|p2|Indeedee-F, L50, F|\n|poke|p2|Iron Hands, L50|\n|poke|p2|Decidueye-Hisui, L50, M|\n|teampreview|4\n|\n|t:|1699928279\n|start\n|switch|p1a: Heatran|Heatran, L50, M, shiny|100\/100\n|switch|p1b: Urshifu|Urshifu, L50, M|100\/100\n|switch|p2a: Decidueye|Decidueye-Hisui, L50, M, shiny|100\/100\n|switch|p2b: Indeedee|Indeedee-F, L50, F|100\/100\n|-fieldstart|move: Psychic Terrain|[from] ability: Psychic Surge|[of] p2b: Indeedee\n|turn|1\n|\n|t:|1699928295\n|-terastallize|p2b: Indeedee|Fairy\n|move|p1a: Heatran|Protect|p1a: Heatran\n|-singleturn|p1a: Heatran|Protect\n|move|p2a: Decidueye|Protect|p2a: Decidueye\n|-singleturn|p2a: Decidueye|Protect\n|move|p1b: Urshifu|Wicked Blow|p2b: Indeedee\n|-resisted|p2b: Indeedee\n|-crit|p2b: Indeedee\n|-damage|p2b: Indeedee|67\/100\n|move|p2b: Indeedee|Trick Room|p2b: Indeedee\n|-fieldstart|move: Trick Room|[of] p2b: Indeedee\n|\n|upkeep\n|turn|2\n|\n|t:|1699928321\n|switch|p1b: Gothitelle|Gothitelle, L50, M, shiny|100\/100\n|-terastallize|p1a: Heatran|Grass\n|move|p2b: Indeedee|Helping Hand|p2a: Decidueye\n|-singleturn|p2a: Decidueye|Helping Hand|[of] p2b: Indeedee\n|move|p2a: Decidueye|Triple Arrows|p1a: Heatran\n|-damage|p1a: Heatran|32\/100\n|move|p1a: Heatran|Flash Cannon|p2b: Indeedee\n|-supereffective|p2b: Indeedee\n|-damage|p2b: Indeedee|0 fnt\n|faint|p2b: Indeedee\n|-damage|p1a: Heatran|22\/100|[from] item: Life Orb\n|\n|upkeep\n|\n|t:|1699928334\n|switch|p2b: Iron Hands|Iron Hands, L50|100\/100\n|turn|3\n|\n|t:|1699928346\n|switch|p1a: Scream Tail|Scream Tail, L50, shiny|100\/100\n|-enditem|p1a: Scream Tail|Booster Energy\n|-activate|p1a: Scream Tail|ability: Protosynthesis|[fromitem]\n|-start|p1a: Scream Tail|protosynthesisspe\n|move|p1b: Gothitelle|Protect|p1b: Gothitelle\n|-singleturn|p1b: Gothitelle|Protect\n|move|p2b: Iron Hands|Drain Punch|p1a: Scream Tail\n|-resisted|p1a: Scream Tail\n|-damage|p1a: Scream Tail|92\/100\n|move|p2a: Decidueye|Knock Off|p1b: Gothitelle\n|-activate|p1b: Gothitelle|move: Protect\n|\n|upkeep\n|turn|4\n|\n|t:|1699928363\n|move|p2b: Iron Hands|Heavy Slam|p1a: Scream Tail\n|-supereffective|p1a: Scream Tail\n|-damage|p1a: Scream Tail|19\/100\n|move|p2a: Decidueye|Leaf Blade|p1a: Scream Tail\n|-crit|p1a: Scream Tail\n|-damage|p1a: Scream Tail|0 fnt\n|faint|p1a: Scream Tail\n|-end|p1a: Scream Tail|Protosynthesis|[silent]\n|move|p1b: Gothitelle|Psychic|p2a: Decidueye\n|-supereffective|p2a: Decidueye\n|-damage|p2a: Decidueye|23\/100\n|-unboost|p2a: Decidueye|spd|1\n|\n|upkeep\n|\n|t:|1699928377\n|switch|p1a: Urshifu|Urshifu, L50, M|100\/100\n|turn|5\n|\n|t:|1699928387\n|move|p1a: Urshifu|Detect|p1a: Urshifu\n|-singleturn|p1a: Urshifu|Protect\n|move|p2b: Iron Hands|Drain Punch|p1a: Urshifu\n|-activate|p1a: Urshifu|move: Protect\n|move|p2a: Decidueye|Knock Off|p1b: Gothitelle\n|-supereffective|p1b: Gothitelle\n|-damage|p1b: Gothitelle|44\/100\n|-enditem|p1b: Gothitelle|Sitrus Berry|[from] move: Knock Off|[of] p2a: Decidueye\n|move|p1b: Gothitelle|Psychic|p2a: Decidueye\n|-supereffective|p2a: Decidueye\n|-damage|p2a: Decidueye|0 fnt\n|faint|p2a: Decidueye\n|\n|-fieldend|move: Trick Room\n|-fieldend|move: Psychic Terrain\n|upkeep\n|\n|t:|1699928399\n|switch|p2a: Espeon|Espeon, L50, F|100\/100\n|turn|6\n|\n|t:|1699928411\n|move|p1b: Gothitelle|Protect|p1b: Gothitelle\n|-singleturn|p1b: Gothitelle|Protect\n|move|p2a: Espeon|Dazzling Gleam|p1a: Urshifu|[spread] p1a\n|-activate|p1b: Gothitelle|move: Protect\n|-supereffective|p1a: Urshifu\n|-enditem|p1a: Urshifu|Focus Sash\n|-damage|p1a: Urshifu|1\/100\n|move|p1a: Urshifu|Wicked Blow|p2a: Espeon\n|-supereffective|p2a: Espeon\n|-crit|p2a: Espeon\n|-enditem|p2a: Espeon|Focus Sash\n|-damage|p2a: Espeon|1\/100\n|move|p2b: Iron Hands|Wild Charge|p1a: Urshifu\n|-damage|p1a: Urshifu|0 fnt\n|faint|p1a: Urshifu\n|-damage|p2b: Iron Hands|99\/100|[from] Recoil\n|\n|upkeep\n|\n|t:|1699928422\n|switch|p1a: Heatran|Heatran, L50, M, shiny, tera:Grass|22\/100\n|turn|7\n|\n|t:|1699928432\n|move|p1a: Heatran|Protect|p1a: Heatran\n|-singleturn|p1a: Heatran|Protect\n|move|p2a: Espeon|Shadow Ball|p1b: Gothitelle\n|-supereffective|p1b: Gothitelle\n|-damage|p1b: Gothitelle|3\/100\n|move|p1b: Gothitelle|Psychic|p2a: Espeon\n|-resisted|p2a: Espeon\n|-damage|p2a: Espeon|0 fnt\n|faint|p2a: Espeon\n|move|p2b: Iron Hands|Drain Punch|p1a: Heatran\n|-activate|p1a: Heatran|move: Protect\n|\n|upkeep\n|turn|8\n|\n|t:|1699928455\n|move|p1a: Heatran|Earth Power|p2b: Iron Hands\n|-supereffective|p2b: Iron Hands\n|-damage|p2b: Iron Hands|56\/100\n|-damage|p1a: Heatran|12\/100|[from] item: Life Orb\n|move|p1b: Gothitelle|Psychic|p2b: Iron Hands\n|-supereffective|p2b: Iron Hands\n|-damage|p2b: Iron Hands|24\/100\n|move|p2b: Iron Hands|Drain Punch|p1a: Heatran\n|-damage|p1a: Heatran|0 fnt\n|-heal|p2b: Iron Hands|28\/100|[from] drain|[of] p1a: Heatran\n|faint|p1a: Heatran\n|\n|upkeep\n|turn|9\n|c|\u2606Nelzon|gg\n|\n|t:|1699928468\n|move|p1b: Gothitelle|Psychic|p2b: Iron Hands\n|-supereffective|p2b: Iron Hands\n|-damage|p2b: Iron Hands|0 fnt\n|faint|p2b: Iron Hands\n|-end|p2b: Iron Hands|Quark Drive|[silent]\n|\n|win|Nelzon\n|raw|Nelzon's rating: 1136 &rarr; <strong>1164<\/strong><br \/>(+28 for winning)\n|raw|Ozwald McFly's rating: 1184 &rarr; <strong>1156<\/strong><br \/>(-28 for losing)\n","uploadtime":1699928474,"views":7,"p1id":"nelzon","p2id":"ozwaldmcfly","formatid":"gen9vgc2023regulatione","rating":1156,"private":0,"password":""}