{"id":"gen9vgc2023regulatione-1989268419","p1":"UrshifuIncarnate","p2":"Podsmalls51","format":"[Gen 9] VGC 2023 Regulation E","log":"|j|\u2606UrshifuIncarnate\n|j|\u2606Podsmalls51\n|t:|1699829980\n|gametype|doubles\n|player|p1|UrshifuIncarnate|unknown|1231\n|player|p2|Podsmalls51|gentleman-gen4|1147\n|teamsize|p1|6\n|teamsize|p2|6\n|gen|9\n|tier|[Gen 9] VGC 2023 Regulation E\n|rated|\n|rule|Species Clause: Limit one of each Pok\u00e9mon\n|rule|Item Clause: Limit one of each item\n|clearpoke\n|poke|p1|Landorus, L50, M|\n|poke|p1|Tornadus, L50, M|\n|poke|p1|Ogerpon-Hearthflame, L50, F|\n|poke|p1|Iron Hands, L50|\n|poke|p1|Urshifu-*, L50, F|\n|poke|p1|Rillaboom, L50, F|\n|poke|p2|Kingambit, L50, F|\n|poke|p2|Flutter Mane, L50|\n|poke|p2|Iron Hands, L50|\n|poke|p2|Arcanine-Hisui, L50, F|\n|poke|p2|Rillaboom, L50, F|\n|poke|p2|Tornadus, L50, M|\n|teampreview|4\nUrshifuIncarnate has agreed to open team sheets.\n|inactive|Battle timer is ON: inactive players will automatically lose when time's up. (requested by UrshifuIncarnate)\nPodsmalls51 has agreed to open team sheets.\n|inactive|Podsmalls51 has 30 seconds left.\n|\n|t:|1699830043\n|start\n|switch|p1a: Just A Prank Bro|Tornadus, L50, M, shiny|100\/100\n|switch|p1b: Shamone-Strike|Urshifu-Rapid-Strike, L50, F|100\/100\n|switch|p2a: Rillaboom|Rillaboom, L50, F|100\/100\n|switch|p2b: Tornadus|Tornadus, L50, M|100\/100\n|-fieldstart|move: Grassy Terrain|[from] ability: Grassy Surge|[of] p2a: Rillaboom\n|turn|1\n|inactive|Podsmalls51 has 30 seconds left.\n|\n|t:|1699830070\n|move|p2a: Rillaboom|Fake Out|p1a: Just A Prank Bro\n|-crit|p1a: Just A Prank Bro\n|-damage|p1a: Just A Prank Bro|81\/100\n|move|p2b: Tornadus|Tailwind|p2b: Tornadus\n|-sidestart|p2: Podsmalls51|move: Tailwind\n|cant|p1a: Just A Prank Bro|flinch\n|move|p1b: Shamone-Strike|U-turn|p2a: Rillaboom\n|-supereffective|p2a: Rillaboom\n|-damage|p2a: Rillaboom|46\/100\n|\n|t:|1699830080\n|switch|p1b: Iron Pants|Iron Hands, L50|100\/100|[from] U-turn\n|\n|-heal|p2a: Rillaboom|51\/100|[from] Grassy Terrain\n|upkeep\n|turn|2\n|inactive|Podsmalls51 has 30 seconds left.\n|\n|t:|1699830107\n|move|p2b: Tornadus|Taunt|p1a: Just A Prank Bro\n|-start|p1a: Just A Prank Bro|move: Taunt\n|-enditem|p1a: Just A Prank Bro|Mental Herb\n|-end|p1a: Just A Prank Bro|move: Taunt\n|move|p1a: Just A Prank Bro|Tailwind|p1a: Just A Prank Bro\n|-sidestart|p1: UrshifuIncarnate|move: Tailwind\n|move|p2a: Rillaboom|U-turn|p1b: Iron Pants\n|-resisted|p1b: Iron Pants\n|-damage|p1b: Iron Pants|92\/100\n|\n|t:|1699830119\n|switch|p2a: Arcanine|Arcanine-Hisui, L50, F|100\/100|[from] U-turn\n|-ability|p2a: Arcanine|Intimidate|boost\n|-unboost|p1a: Just A Prank Bro|atk|1\n|-unboost|p1b: Iron Pants|atk|1\n|move|p1b: Iron Pants|Wild Charge|p2b: Tornadus\n|-supereffective|p2b: Tornadus\n|-damage|p2b: Tornadus|0 fnt\n|faint|p2b: Tornadus\n|-damage|p1b: Iron Pants|75\/100|[from] Recoil\n|\n|-heal|p1b: Iron Pants|81\/100|[from] Grassy Terrain\n|upkeep\n|\n|t:|1699830129\n|switch|p2b: Rillaboom|Rillaboom, L50, F|51\/100\n|turn|3\n|\n|t:|1699830146\n|-terastallize|p1a: Just A Prank Bro|Ghost\n|move|p2b: Rillaboom|Fake Out|p1a: Just A Prank Bro\n|-immune|p1a: Just A Prank Bro\n|move|p1a: Just A Prank Bro|Rain Dance|p1a: Just A Prank Bro\n|-weather|RainDance\n|move|p2a: Arcanine|Will-O-Wisp|p1b: Iron Pants\n|-status|p1b: Iron Pants|brn\n|move|p1b: Iron Pants|Drain Punch|p2b: Rillaboom\n|-damage|p2b: Rillaboom|36\/100\n|-heal|p1b: Iron Pants|87\/100 brn|[from] drain|[of] p2b: Rillaboom\n|\n|-weather|RainDance|[upkeep]\n|-heal|p2b: Rillaboom|42\/100|[from] Grassy Terrain\n|-heal|p1a: Just A Prank Bro|87\/100|[from] Grassy Terrain\n|-heal|p1b: Iron Pants|94\/100 brn|[from] Grassy Terrain\n|-damage|p1b: Iron Pants|87\/100 brn|[from] brn\n|upkeep\n|turn|4\n|\n|t:|1699830163\n|move|p2a: Arcanine|Rock Slide|p1a: Just A Prank Bro|[spread] p1b\n|-miss|p2a: Arcanine|p1a: Just A Prank Bro\n|-resisted|p1b: Iron Pants\n|-damage|p1b: Iron Pants|74\/100 brn\n|-damage|p2a: Arcanine|90\/100|[from] item: Life Orb\n|move|p2b: Rillaboom|Wood Hammer|p1b: Iron Pants\n|-damage|p1b: Iron Pants|17\/100 brn\n|-damage|p2b: Rillaboom|16\/100|[from] Recoil\n|move|p1a: Just A Prank Bro|Bleakwind Storm|p2a: Arcanine|[spread] p2a,p2b\n|-resisted|p2a: Arcanine\n|-supereffective|p2b: Rillaboom\n|-enditem|p2b: Rillaboom|Coba Berry|[eat]\n|-enditem|p2b: Rillaboom|Coba Berry|[weaken]\n|-damage|p2a: Arcanine|71\/100\n|-damage|p2b: Rillaboom|0 fnt\n|-unboost|p2a: Arcanine|spe|1\n|faint|p2b: Rillaboom\n|move|p1b: Iron Pants|Drain Punch|p2a: Arcanine\n|-supereffective|p2a: Arcanine\n|-damage|p2a: Arcanine|32\/100\n|-heal|p1b: Iron Pants|31\/100 brn|[from] drain|[of] p2a: Arcanine\n|\n|-weather|RainDance|[upkeep]\n|-heal|p1a: Just A Prank Bro|93\/100|[from] Grassy Terrain\n|-heal|p2a: Arcanine|38\/100|[from] Grassy Terrain\n|-heal|p1b: Iron Pants|37\/100 brn|[from] Grassy Terrain\n|-damage|p1b: Iron Pants|31\/100 brn|[from] brn\n|-sideend|p2: Podsmalls51|move: Tailwind\n|upkeep\n|\n|t:|1699830181\n|switch|p2b: Kingambit|Kingambit, L50, F|100\/100\n|turn|5\n|\n|t:|1699830204\n|switch|p1a: Shamone-Strike|Urshifu-Rapid-Strike, L50, F|100\/100\n|-terastallize|p2b: Kingambit|Flying\n|move|p2b: Kingambit|Sucker Punch||[still]\n|-fail|p2b: Kingambit\n|move|p1b: Iron Pants|Drain Punch|p2a: Arcanine\n|-supereffective|p2a: Arcanine\n|-damage|p2a: Arcanine|3\/100\n|-heal|p1b: Iron Pants|44\/100 brn|[from] drain|[of] p2a: Arcanine\n|move|p2a: Arcanine|Rock Slide|p1a: Shamone-Strike|[spread] p1a,p1b\n|-resisted|p1a: Shamone-Strike\n|-resisted|p1b: Iron Pants\n|-damage|p1a: Shamone-Strike|84\/100\n|-damage|p1b: Iron Pants|31\/100 brn\n|-damage|p2a: Arcanine|0 fnt|[from] item: Life Orb\n|faint|p2a: Arcanine\n|\n|-weather|RainDance|[upkeep]\n|-heal|p1a: Shamone-Strike|90\/100|[from] Grassy Terrain\n|-heal|p1b: Iron Pants|37\/100 brn|[from] Grassy Terrain\n|-damage|p1b: Iron Pants|31\/100 brn|[from] brn\n|-sideend|p1: UrshifuIncarnate|move: Tailwind\n|-fieldend|move: Grassy Terrain\n|upkeep\n|turn|6\n|inactive|UrshifuIncarnate has 30 seconds left.\n|inactive|UrshifuIncarnate has 20 seconds left.\n|inactive|UrshifuIncarnate has 15 seconds left.\n|inactive|UrshifuIncarnate has 10 seconds left.\n|\n|t:|1699830252\n|move|p1a: Shamone-Strike|Surging Strikes|p2b: Kingambit\n|-crit|p2b: Kingambit\n|-damage|p2b: Kingambit|76\/100\n|-crit|p2b: Kingambit\n|-damage|p2b: Kingambit|54\/100\n|-crit|p2b: Kingambit\n|-damage|p2b: Kingambit|29\/100\n|-hitcount|p2b: Kingambit|3\n|move|p1b: Iron Pants|Wild Charge|p2b: Kingambit\n|-supereffective|p2b: Kingambit\n|-damage|p2b: Kingambit|1\/100\n|-damage|p1b: Iron Pants|25\/100 brn|[from] Recoil\n|move|p2b: Kingambit|Tera Blast|p1a: Shamone-Strike|[anim] Tera Blast Flying\n|-supereffective|p1a: Shamone-Strike\n|-damage|p1a: Shamone-Strike|0 fnt\n|faint|p1a: Shamone-Strike\n|\n|-weather|RainDance|[upkeep]\n|-damage|p1b: Iron Pants|19\/100 brn|[from] brn\n|upkeep\n|\n|t:|1699830263\n|switch|p1a: Landizzle|Landorus, L50, M|100\/100\n|turn|7\n|\n|t:|1699830283\n|move|p2b: Kingambit|Sucker Punch|p1b: Iron Pants\n|-resisted|p1b: Iron Pants\n|-damage|p1b: Iron Pants|0 fnt\n|faint|p1b: Iron Pants\n|-end|p1b: Iron Pants|Quark Drive|[silent]\n|move|p1a: Landizzle|Sludge Bomb|p2b: Kingambit\n|-damage|p2b: Kingambit|0 fnt\n|faint|p2b: Kingambit\n|\n|win|UrshifuIncarnate\n|raw|UrshifuIncarnate's rating: 1231 &rarr; <strong>1250<\/strong><br \/>(+19 for winning)\n|raw|Podsmalls51's rating: 1147 &rarr; <strong>1128<\/strong><br \/>(-19 for losing)\n|l|\u2606Podsmalls51\n","uploadtime":1699830301,"views":14,"p1id":"urshifuincarnate","p2id":"podsmalls51","formatid":"gen9vgc2023regulatione","rating":1128,"private":0,"password":""}