{"id":"gen9vgc2023regulatione-1995521206","p1":"cly665","p2":"Venefici","format":"[Gen 9] VGC 2023 Regulation E","log":"|j|\u2606cly665\n|j|\u2606Venefici\n|t:|1700579435\n|gametype|doubles\n|player|p1|cly665|265|1171\n|player|p2|Venefici|hugh|1102\n|teamsize|p1|6\n|teamsize|p2|6\n|gen|9\n|tier|[Gen 9] VGC 2023 Regulation E\n|rated|\n|rule|Species Clause: Limit one of each Pok\u00e9mon\n|rule|Item Clause: Limit one of each item\n|clearpoke\n|poke|p1|Roaring Moon, L50|\n|poke|p1|Weezing-Galar, L50, M|\n|poke|p1|Iron Hands, L50|\n|poke|p1|Gothitelle, L50, M|\n|poke|p1|Rillaboom, L50, F|\n|poke|p1|Gholdengo, L50|\n|poke|p2|Volcarona, L50, F|\n|poke|p2|Sinistcha, L50|\n|poke|p2|Snorlax, L50, M|\n|poke|p2|Milotic, L50, F|\n|poke|p2|Indeedee-F, L50, F|\n|poke|p2|Iron Hands, L50|\n|teampreview|4\n|inactive|Battle timer is ON: inactive players will automatically lose when time's up. (requested by Venefici)\n|inactive|Venefici has 60 seconds left.\n|inactive|Venefici has 30 seconds left.\n|inactive|Venefici has 20 seconds left.\n|\n|t:|1700579507\n|start\n|switch|p1a: Roaring Moon|Roaring Moon, L50|100\/100\n|switch|p1b: Weezing|Weezing-Galar, L50, M|100\/100\n|switch|p2a: Iron Hands|Iron Hands, L50|100\/100\n|switch|p2b: Volcarona|Volcarona, L50, F|100\/100\n|-ability|p1b: Weezing|Neutralizing Gas\n|-enditem|p1a: Roaring Moon|Booster Energy\n|-activate|p1a: Roaring Moon|ability: Protosynthesis|[fromitem]\n|-start|p1a: Roaring Moon|protosynthesisspe\n|turn|1\n|inactive|Venefici has 30 seconds left.\n|\n|t:|1700579536\n|move|p1a: Roaring Moon|Protect|p1a: Roaring Moon\n|-singleturn|p1a: Roaring Moon|Protect\n|move|p2a: Iron Hands|Fake Out|p1a: Roaring Moon\n|-activate|p1a: Roaring Moon|move: Protect\n|move|p2b: Volcarona|Quiver Dance|p2b: Volcarona\n|-boost|p2b: Volcarona|spa|1\n|-boost|p2b: Volcarona|spd|1\n|-boost|p2b: Volcarona|spe|1\n|move|p1b: Weezing|Sludge Bomb|p2b: Volcarona\n|-damage|p2b: Volcarona|83\/100\n|\n|-heal|p2b: Volcarona|88\/100|[from] item: Leftovers\n|upkeep\n|turn|2\n|inactive|Venefici has 30 seconds left.\n|\n|t:|1700579570\n|-terastallize|p1a: Roaring Moon|Fairy\n|-terastallize|p2b: Volcarona|Dragon\n|move|p1a: Roaring Moon|Breaking Swipe|p2b: Volcarona|[spread] p2a,p2b\n|-supereffective|p2b: Volcarona\n|-damage|p2a: Iron Hands|83\/100\n|-damage|p2b: Volcarona|47\/100\n|-unboost|p2a: Iron Hands|atk|1\n|-unboost|p2b: Volcarona|atk|1\n|move|p2b: Volcarona|Fiery Dance|p1b: Weezing\n|-damage|p1b: Weezing|36\/100\n|-enditem|p1b: Weezing|Sitrus Berry|[eat]\n|-heal|p1b: Weezing|61\/100|[from] item: Sitrus Berry\n|move|p1b: Weezing|Dazzling Gleam|p2b: Volcarona|[spread] p2a,p2b\n|-supereffective|p2a: Iron Hands\n|-supereffective|p2b: Volcarona\n|-damage|p2a: Iron Hands|60\/100\n|-damage|p2b: Volcarona|18\/100\n|move|p2a: Iron Hands|Wild Charge|p1a: Roaring Moon\n|-damage|p1a: Roaring Moon|55\/100\n|-damage|p2a: Iron Hands|52\/100|[from] Recoil\n|\n|-heal|p2b: Volcarona|24\/100|[from] item: Leftovers\n|upkeep\n|turn|3\n|inactive|Venefici has 30 seconds left.\n|\n|t:|1700579598\n|move|p2b: Volcarona|Protect|p2b: Volcarona\n|-singleturn|p2b: Volcarona|Protect\n|move|p1b: Weezing|Protect|p1b: Weezing\n|-singleturn|p1b: Weezing|Protect\n|move|p1a: Roaring Moon|Breaking Swipe|p2a: Iron Hands|[spread] p2a\n|-activate|p2b: Volcarona|move: Protect\n|-damage|p2a: Iron Hands|34\/100\n|-unboost|p2a: Iron Hands|atk|1\n|move|p2a: Iron Hands|Heavy Slam|p1a: Roaring Moon\n|-supereffective|p1a: Roaring Moon\n|-damage|p1a: Roaring Moon|33\/100\n|\n|-heal|p2b: Volcarona|30\/100|[from] item: Leftovers\n|upkeep\n|turn|4\n|inactive|Venefici has 30 seconds left.\n|\n|t:|1700579624\n|-end|p2a: Iron Hands|Quark Drive|[silent]\n|switch|p2a: Sinistcha|Sinistcha, L50|100\/100\n|move|p1a: Roaring Moon|Breaking Swipe|p2b: Volcarona|[spread] p2a,p2b\n|-supereffective|p2b: Volcarona\n|-damage|p2a: Sinistcha|79\/100\n|-damage|p2b: Volcarona|0 fnt\n|-unboost|p2a: Sinistcha|atk|1\n|faint|p2b: Volcarona\n|move|p1b: Weezing|Dazzling Gleam|p2a: Sinistcha\n|-damage|p2a: Sinistcha|51\/100\n|\n|upkeep\n|\n|t:|1700579636\n|switch|p2b: Milotic|Milotic, L50, F|100\/100\n|turn|5\n|\n|t:|1700579643\n|move|p1a: Roaring Moon|Knock Off|p2a: Sinistcha\n|-supereffective|p2a: Sinistcha\n|-damage|p2a: Sinistcha|0 fnt\n|-enditem|p2a: Sinistcha|Wiki Berry|[from] move: Knock Off|[of] p1a: Roaring Moon\n|faint|p2a: Sinistcha\n|move|p2b: Milotic|Ice Beam|p1a: Roaring Moon\n|-damage|p1a: Roaring Moon|8\/100\n|move|p1b: Weezing|Sludge Bomb|p2b: Milotic\n|-damage|p2b: Milotic|77\/100\n|\n|upkeep\n|\n|t:|1700579654\n|switch|p2a: Iron Hands|Iron Hands, L50|34\/100\n|turn|6\n|\n|t:|1700579670\n|move|p1a: Roaring Moon|Protect|p1a: Roaring Moon\n|-singleturn|p1a: Roaring Moon|Protect\n|move|p2b: Milotic|Ice Beam|p1a: Roaring Moon\n|-activate|p1a: Roaring Moon|move: Protect\n|move|p1b: Weezing|Will-O-Wisp|p2a: Iron Hands\n|-status|p2a: Iron Hands|brn\n|move|p2a: Iron Hands|Heavy Slam|p1b: Weezing\n|-supereffective|p1b: Weezing\n|-damage|p1b: Weezing|15\/100\n|\n|-damage|p2a: Iron Hands|28\/100 brn|[from] brn\n|upkeep\n|turn|7\n|\n|t:|1700579690\n|move|p1a: Roaring Moon|Rock Slide|p2b: Milotic|[spread] p2a,p2b\n|-resisted|p2a: Iron Hands\n|-damage|p2a: Iron Hands|21\/100 brn\n|-damage|p2b: Milotic|53\/100\n|move|p2b: Milotic|Ice Beam|p1a: Roaring Moon\n|-damage|p1a: Roaring Moon|0 fnt\n|faint|p1a: Roaring Moon\n|-end|p1a: Roaring Moon|Protosynthesis|[silent]\n|move|p1b: Weezing|Sludge Bomb|p2b: Milotic\n|-crit|p2b: Milotic\n|-damage|p2b: Milotic|18\/100\n|move|p2a: Iron Hands|Drain Punch|p1b: Weezing\n|-resisted|p1b: Weezing\n|-damage|p1b: Weezing|9\/100\n|-heal|p2a: Iron Hands|23\/100 brn|[from] drain|[of] p1b: Weezing\n|\n|-damage|p2a: Iron Hands|17\/100 brn|[from] brn\n|upkeep\n|\n|t:|1700579710\n|switch|p1a: Gholdengo|Gholdengo, L50|100\/100\n|turn|8\n|\n|t:|1700579732\n|move|p1b: Weezing|Protect|p1b: Weezing\n|-singleturn|p1b: Weezing|Protect\n|move|p1a: Gholdengo|Make It Rain|p2b: Milotic|[spread] p2a,p2b\n|-resisted|p2a: Iron Hands\n|-resisted|p2b: Milotic\n|-damage|p2a: Iron Hands|0 fnt\n|-damage|p2b: Milotic|0 fnt\n|-unboost|p1a: Gholdengo|spa|1\n|faint|p2a: Iron Hands\n|-end|p2a: Iron Hands|Quark Drive|[silent]\n|faint|p2b: Milotic\n|\n|win|cly665\n|raw|cly665's rating: 1171 &rarr; <strong>1191<\/strong><br \/>(+20 for winning)\n|raw|Venefici's rating: 1102 &rarr; <strong>1082<\/strong><br \/>(-20 for losing)\n","uploadtime":1700579745,"views":8,"p1id":"cly665","p2id":"venefici","formatid":"gen9vgc2023regulatione","rating":1082,"private":0,"password":""}