{"id":"gen9vgc2023regulatione-1990917556","p1":"NickNoName","p2":"MomoRingo","format":"[Gen 9] VGC 2023 Regulation E","log":"|j|\u2606NickNoName\n|j|\u2606MomoRingo\n|t:|1700014939\n|gametype|doubles\n|player|p1|NickNoName|kieran|1582\n|player|p2|MomoRingo|rosa|1670\n|teamsize|p1|6\n|teamsize|p2|6\n|gen|9\n|tier|[Gen 9] VGC 2023 Regulation E\n|rated|\n|rule|Species Clause: Limit one of each Pok\u00e9mon\n|rule|Item Clause: Limit one of each item\n|clearpoke\n|poke|p1|Sableye, L50, F|\n|poke|p1|Espathra, L50, M|\n|poke|p1|Hawlucha, L50, M|\n|poke|p1|Landorus, L50, M|\n|poke|p1|Iron Bundle, L50|\n|poke|p1|Sinistcha, L50|\n|poke|p2|Flutter Mane, L50|\n|poke|p2|Urshifu-*, L50, M|\n|poke|p2|Landorus-Therian, L50, M|\n|poke|p2|Tornadus, L50, M|\n|poke|p2|Rillaboom, L50, F|\n|poke|p2|Iron Hands, L50|\n|teampreview|4\n|\n|t:|1700015010\n|start\n|switch|p1a: Sableye|Sableye, L50, F|100\/100\n|switch|p1b: Espathra|Espathra, L50, M|100\/100\n|switch|p2a: Flutter Mane|Flutter Mane, L50|100\/100\n|switch|p2b: Tornadus|Tornadus, L50, M|100\/100\n|turn|1\n|\n|t:|1700015026\n|move|p1b: Espathra|Protect|p1b: Espathra\n|-singleturn|p1b: Espathra|Protect\n|move|p2b: Tornadus|Tailwind|p2b: Tornadus\n|-sidestart|p2: MomoRingo|move: Tailwind\n|move|p1a: Sableye|Encore|p2b: Tornadus\n|-start|p2b: Tornadus|Encore\n|move|p2a: Flutter Mane|Dazzling Gleam|p1b: Espathra|[spread] p1a\n|-activate|p1b: Espathra|move: Protect\n|-supereffective|p1a: Sableye\n|-enditem|p1a: Sableye|Focus Sash\n|-damage|p1a: Sableye|1\/100\n|\n|-ability|p1b: Espathra|Speed Boost|boost\n|-boost|p1b: Espathra|spe|1\n|upkeep\n|turn|2\n|\n|t:|1700015059\n|switch|p2b: Rillaboom|Rillaboom, L50, F|100\/100\n|-fieldstart|move: Grassy Terrain|[from] ability: Grassy Surge|[of] p2b: Rillaboom\n|-terastallize|p2a: Flutter Mane|Fairy\n|move|p1a: Sableye|Disable|p2a: Flutter Mane\n|-start|p2a: Flutter Mane|Disable|Dazzling Gleam\n|cant|p2a: Flutter Mane|Disable|Dazzling Gleam\n|move|p1b: Espathra|Lumina Crash|p2a: Flutter Mane\n|-damage|p2a: Flutter Mane|68\/100\n|-unboost|p2a: Flutter Mane|spd|2\n|\n|-heal|p2a: Flutter Mane|74\/100|[from] Grassy Terrain\n|-heal|p1a: Sableye|7\/100|[from] Grassy Terrain\n|-ability|p1b: Espathra|Speed Boost|boost\n|-boost|p1b: Espathra|spe|1\n|upkeep\n|turn|3\n|\n|t:|1700015090\n|-end|p2a: Flutter Mane|Protosynthesis|[silent]\n|switch|p2a: Tornadus|Tornadus, L50, M|100\/100\n|move|p2b: Rillaboom|Grassy Glide|p1a: Sableye\n|-crit|p1a: Sableye\n|-damage|p1a: Sableye|0 fnt\n|faint|p1a: Sableye\n|move|p1b: Espathra|Hypnosis|p2b: Rillaboom|[miss]\n|-miss|p1b: Espathra|p2b: Rillaboom\n|\n|-ability|p1b: Espathra|Speed Boost|boost\n|-boost|p1b: Espathra|spe|1\n|upkeep\n|\n|t:|1700015095\n|switch|p1a: Iron Bundle|Iron Bundle, L50|100\/100\n|-enditem|p1a: Iron Bundle|Booster Energy\n|-activate|p1a: Iron Bundle|ability: Quark Drive|[fromitem]\n|-start|p1a: Iron Bundle|quarkdrivespe\n|turn|4\n|\n|t:|1700015125\n|-terastallize|p1a: Iron Bundle|Poison\n|move|p2a: Tornadus|Protect|p2a: Tornadus\n|-singleturn|p2a: Tornadus|Protect\n|move|p2b: Rillaboom|Grassy Glide|p1a: Iron Bundle\n|-resisted|p1a: Iron Bundle\n|-damage|p1a: Iron Bundle|72\/100\n|move|p1b: Espathra|Dazzling Gleam|p2a: Tornadus|[spread] p2b\n|-activate|p2a: Tornadus|move: Protect\n|-damage|p2b: Rillaboom|80\/100\n|move|p1a: Iron Bundle|Freeze-Dry|p2a: Tornadus\n|-activate|p2a: Tornadus|move: Protect\n|\n|-heal|p1a: Iron Bundle|79\/100|[from] Grassy Terrain\n|-heal|p2b: Rillaboom|86\/100|[from] Grassy Terrain\n|-sideend|p2: MomoRingo|move: Tailwind\n|-ability|p1b: Espathra|Speed Boost|boost\n|-boost|p1b: Espathra|spe|1\n|upkeep\n|turn|5\n|\n|t:|1700015145\n|move|p2a: Tornadus|Tailwind|p2a: Tornadus\n|-sidestart|p2: MomoRingo|move: Tailwind\n|move|p1b: Espathra|Hypnosis|p2b: Rillaboom\n|-status|p2b: Rillaboom|slp|[from] move: Hypnosis\n|move|p1a: Iron Bundle|Freeze-Dry|p2a: Tornadus\n|-supereffective|p2a: Tornadus\n|-damage|p2a: Tornadus|28\/100\n|-enditem|p2a: Tornadus|Sitrus Berry|[eat]\n|-heal|p2a: Tornadus|53\/100|[from] item: Sitrus Berry\n|cant|p2b: Rillaboom|slp\n|\n|-heal|p1a: Iron Bundle|85\/100|[from] Grassy Terrain\n|-heal|p2b: Rillaboom|93\/100 slp|[from] Grassy Terrain\n|-ability|p1b: Espathra|Speed Boost|boost\n|-boost|p1b: Espathra|spe|1\n|upkeep\n|turn|6\n|\n|t:|1700015180\n|move|p1b: Espathra|Lumina Crash|p2a: Tornadus\n|-damage|p2a: Tornadus|18\/100\n|-unboost|p2a: Tornadus|spd|2\n|move|p1a: Iron Bundle|Freeze-Dry|p2b: Rillaboom\n|-supereffective|p2b: Rillaboom\n|-damage|p2b: Rillaboom|15\/100 slp\n|move|p2a: Tornadus|Bleakwind Storm|p1a: Iron Bundle|[spread] \n|-miss|p2a: Tornadus|p1a: Iron Bundle\n|-miss|p2a: Tornadus|p1b: Espathra\n|cant|p2b: Rillaboom|slp\n|\n|-heal|p1a: Iron Bundle|91\/100|[from] Grassy Terrain\n|-heal|p2b: Rillaboom|21\/100 slp|[from] Grassy Terrain\n|-fieldend|move: Grassy Terrain\n|-ability|p1b: Espathra|Speed Boost|boost\n|-boost|p1b: Espathra|spe|1\n|upkeep\n|turn|7\n|\n|t:|1700015209\n|move|p1b: Espathra|Dazzling Gleam|p2b: Rillaboom|[spread] p2a,p2b\n|-crit|p2b: Rillaboom\n|-damage|p2a: Tornadus|0 fnt\n|-damage|p2b: Rillaboom|0 fnt\n|faint|p2a: Tornadus\n|faint|p2b: Rillaboom\n|move|p1a: Iron Bundle|Freeze-Dry|p2: Tornadus|[notarget]\n|-fail|p1a: Iron Bundle\n|\n|upkeep\n|\n|t:|1700015217\n|switch|p2a: Flutter Mane|Flutter Mane, L50, tera:Fairy|74\/100\n|switch|p2b: Urshifu|Urshifu-Rapid-Strike, L50, M|100\/100\n|turn|8\n|\n|t:|1700015231\n|move|p1b: Espathra|Hypnosis|p2b: Urshifu\n|-status|p2b: Urshifu|slp|[from] move: Hypnosis\n|move|p2a: Flutter Mane|Shadow Ball|p1a: Iron Bundle\n|-damage|p1a: Iron Bundle|0 fnt\n|faint|p1a: Iron Bundle\n|-end|p1a: Iron Bundle|Quark Drive|[silent]\n|cant|p2b: Urshifu|slp\n|\n|-sideend|p2: MomoRingo|move: Tailwind\n|upkeep\n|\n|t:|1700015236\n|switch|p1a: Landorus|Landorus, L50, M|100\/100\n|turn|9\n|\n|t:|1700015253\n|-curestatus|p2b: Urshifu|slp|[msg]\n|move|p2b: Urshifu|Aqua Jet|p1a: Landorus\n|-supereffective|p1a: Landorus\n|-damage|p1a: Landorus|30\/100\n|move|p1b: Espathra|Dazzling Gleam|p2a: Flutter Mane|[spread] p2a,p2b\n|-supereffective|p2b: Urshifu\n|-damage|p2a: Flutter Mane|60\/100\n|-damage|p2b: Urshifu|52\/100\n|move|p2a: Flutter Mane|Shadow Ball|p1a: Landorus\n|-damage|p1a: Landorus|0 fnt\n|faint|p1a: Landorus\n|\n|upkeep\n|turn|10\n|\n|t:|1700015269\n|move|p2b: Urshifu|Aqua Jet|p1b: Espathra\n|-damage|p1b: Espathra|61\/100\n|move|p1b: Espathra|Hypnosis|p2a: Flutter Mane\n|-status|p2a: Flutter Mane|slp|[from] move: Hypnosis\n|cant|p2a: Flutter Mane|slp\n|\n|upkeep\n|turn|11\n|\n|t:|1700015283\n|move|p1b: Espathra|Lumina Crash|p2b: Urshifu\n|-supereffective|p2b: Urshifu\n|-damage|p2b: Urshifu|0 fnt\n|faint|p2b: Urshifu\n|cant|p2a: Flutter Mane|slp\n|\n|upkeep\n|turn|12\n|\n|t:|1700015290\n|move|p1b: Espathra|Lumina Crash|p2a: Flutter Mane\n|-damage|p2a: Flutter Mane|29\/100 slp\n|-unboost|p2a: Flutter Mane|spd|2\n|cant|p2a: Flutter Mane|slp\n|\n|upkeep\n|turn|13\n|\n|t:|1700015297\n|move|p1b: Espathra|Lumina Crash|p2a: Flutter Mane\n|-damage|p2a: Flutter Mane|0 fnt\n|faint|p2a: Flutter Mane\n|-end|p2a: Flutter Mane|Protosynthesis|[silent]\n|\n|win|NickNoName\n|raw|NickNoName's rating: 1582 &rarr; <strong>1607<\/strong><br \/>(+25 for winning)\n|raw|MomoRingo's rating: 1670 &rarr; <strong>1645<\/strong><br \/>(-25 for losing)\n|c|\u2606NickNoName|I have no clue how I won that\n|l|\u2606MomoRingo\n|l|\u2606NickNoName\n|j|\u2606NickNoName\n|player|p1|NickNoName|kieran\n","uploadtime":1700015519,"views":32,"p1id":"nicknoname","p2id":"momoringo","formatid":"gen9vgc2023regulatione","rating":1607,"private":0,"password":""}