{"id":"gen9vgc2023regulatione-1989915958","p1":"TheFreshPrints","p2":"Ozwald McFly","format":"[Gen 9] VGC 2023 Regulation E","log":"|j|\u2606TheFreshPrints\n|j|\u2606Ozwald McFly\n|t:|1699906450\n|gametype|doubles\n|player|p1|TheFreshPrints|2|1196\n|player|p2|Ozwald McFly|2|1254\n|teamsize|p1|6\n|teamsize|p2|6\n|gen|9\n|tier|[Gen 9] VGC 2023 Regulation E\n|rated|\n|rule|Species Clause: Limit one of each Pok\u00e9mon\n|rule|Item Clause: Limit one of each item\n|clearpoke\n|poke|p1|Amoonguss, L50, F|\n|poke|p1|Weezing, L50, F|\n|poke|p1|Iron Hands, L50|\n|poke|p1|Landorus-Therian, L50, M|\n|poke|p1|Roaring Moon, L50|\n|poke|p1|Flutter Mane, L50|\n|poke|p2|Noctowl, L50, F|\n|poke|p2|Sandy Shocks, L50|\n|poke|p2|Espeon, L50, F|\n|poke|p2|Indeedee-F, L50, F|\n|poke|p2|Iron Hands, L50|\n|poke|p2|Decidueye-Hisui, L50, M|\n|teampreview|4\n|\n|t:|1699906480\n|start\n|switch|p1a: Roaring Moon|Roaring Moon, L50|100\/100\n|switch|p1b: Weezing|Weezing, L50, F|100\/100\n|switch|p2a: Espeon|Espeon, L50, F|100\/100\n|switch|p2b: Indeedee|Indeedee-F, L50, F|100\/100\n|-ability|p1b: Weezing|Neutralizing Gas\n|-enditem|p1a: Roaring Moon|Booster Energy\n|-activate|p1a: Roaring Moon|ability: Protosynthesis|[fromitem]\n|-start|p1a: Roaring Moon|protosynthesisspe\n|turn|1\n|\n|t:|1699906500\n|-terastallize|p2a: Espeon|Fairy\n|move|p2b: Indeedee|Helping Hand|p2a: Espeon\n|-singleturn|p2a: Espeon|Helping Hand|[of] p2b: Indeedee\n|move|p1a: Roaring Moon|Knock Off|p2a: Espeon\n|-resisted|p2a: Espeon\n|-damage|p2a: Espeon|47\/100\n|-enditem|p2a: Espeon|Focus Sash|[from] move: Knock Off|[of] p1a: Roaring Moon\n|move|p2a: Espeon|Dazzling Gleam|p1b: Weezing|[spread] p1a,p1b\n|-supereffective|p1a: Roaring Moon\n|-resisted|p1b: Weezing\n|-damage|p1a: Roaring Moon|0 fnt\n|-damage|p1b: Weezing|75\/100\n|faint|p1a: Roaring Moon\n|-end|p1a: Roaring Moon|Protosynthesis|[silent]\n|move|p1b: Weezing|Taunt|p2b: Indeedee\n|-start|p2b: Indeedee|move: Taunt\n|\n|-heal|p1b: Weezing|81\/100|[from] item: Leftovers\n|upkeep\n|\n|t:|1699906514\n|switch|p1a: Flutter Mane|Flutter Mane, L50|100\/100\n|turn|2\n|\n|t:|1699906528\n|-terastallize|p1a: Flutter Mane|Fairy\n|move|p2a: Espeon|Detect|p2a: Espeon\n|-singleturn|p2a: Espeon|Protect\n|move|p1a: Flutter Mane|Dazzling Gleam|p2b: Indeedee|[spread] p2b\n|-activate|p2a: Espeon|move: Protect\n|-damage|p2b: Indeedee|33\/100\n|-enditem|p2b: Indeedee|Sitrus Berry|[eat]\n|-heal|p2b: Indeedee|58\/100|[from] item: Sitrus Berry\n|move|p2b: Indeedee|Psyshock|p1b: Weezing\n|-supereffective|p1b: Weezing\n|-damage|p1b: Weezing|39\/100\n|move|p1b: Weezing|Sludge Bomb|p2b: Indeedee\n|-damage|p2b: Indeedee|33\/100\n|-status|p2b: Indeedee|psn\n|\n|-heal|p1b: Weezing|44\/100|[from] item: Leftovers\n|-damage|p2b: Indeedee|21\/100 psn|[from] psn\n|upkeep\n|turn|3\n|\n|t:|1699906556\n|move|p1a: Flutter Mane|Dazzling Gleam|p2b: Indeedee|[spread] p2a,p2b\n|-damage|p2a: Espeon|0 fnt\n|-damage|p2b: Indeedee|0 fnt\n|faint|p2a: Espeon\n|faint|p2b: Indeedee\n|move|p1b: Weezing|Taunt|p2: Espeon|[notarget]\n|-fail|p1b: Weezing\n|\n|-heal|p1b: Weezing|50\/100|[from] item: Leftovers\n|upkeep\n|\n|t:|1699906565\n|switch|p2a: Decidueye|Decidueye-Hisui, L50, M, shiny|100\/100\n|switch|p2b: Iron Hands|Iron Hands, L50|100\/100\n|turn|4\n|\n|t:|1699906587\n|-end|p1a: Flutter Mane|Protosynthesis|[silent]\n|switch|p1a: Landorus|Landorus-Therian, L50, M|100\/100\n|move|p2a: Decidueye|Protect|p2a: Decidueye\n|-singleturn|p2a: Decidueye|Protect\n|move|p1b: Weezing|Will-O-Wisp|p2a: Decidueye\n|-activate|p2a: Decidueye|move: Protect\n|move|p2b: Iron Hands|Heavy Slam|p1a: Landorus\n|-crit|p1a: Landorus\n|-damage|p1a: Landorus|14\/100\n|\n|-heal|p1b: Weezing|56\/100|[from] item: Leftovers\n|upkeep\n|turn|5\n|\n|t:|1699906622\n|move|p1a: Landorus|Stomping Tantrum|p2b: Iron Hands\n|-supereffective|p2b: Iron Hands\n|-damage|p2b: Iron Hands|35\/100\n|move|p1b: Weezing|Will-O-Wisp|p2a: Decidueye\n|-status|p2a: Decidueye|brn\n|move|p2a: Decidueye|Leaf Blade|p1a: Landorus\n|-damage|p1a: Landorus|0 fnt\n|faint|p1a: Landorus\n|move|p2b: Iron Hands|Wild Charge|p1b: Weezing\n|-damage|p1b: Weezing|6\/100\n|-damage|p2b: Iron Hands|26\/100|[from] Recoil\n|\n|-heal|p1b: Weezing|11\/100|[from] item: Leftovers\n|-damage|p2a: Decidueye|94\/100 brn|[from] brn\n|upkeep\n|\n|t:|1699906632\n|switch|p1a: Flutter Mane|Flutter Mane, L50, tera:Fairy|100\/100\n|turn|6\n|\n|t:|1699906649\n|move|p1a: Flutter Mane|Dazzling Gleam|p2a: Decidueye|[spread] p2a,p2b\n|-supereffective|p2a: Decidueye\n|-supereffective|p2b: Iron Hands\n|-damage|p2a: Decidueye|0 fnt\n|-damage|p2b: Iron Hands|0 fnt\n|faint|p2a: Decidueye\n|faint|p2b: Iron Hands\n|-end|p2b: Iron Hands|Quark Drive|[silent]\n|\n|win|TheFreshPrints\n|raw|TheFreshPrints's rating: 1218 &rarr; <strong>1246<\/strong><br \/>(+28 for winning)\n|raw|Ozwald McFly's rating: 1254 &rarr; <strong>1226<\/strong><br \/>(-28 for losing)\n|l|\u2606TheFreshPrints\n","uploadtime":1699906662,"views":6,"p1id":"thefreshprints","p2id":"ozwaldmcfly","formatid":"gen9vgc2023regulatione","rating":1226,"private":0,"password":""}