{"id":"gen9vgc2023regulatione-1991593070","p1":"Mr.Shibatku","p2":"Tlayer4002","format":"[Gen 9] VGC 2023 Regulation E","log":"|j|\u2606Mr.Shibatku\n|j|\u2606Tlayer4002\n|t:|1700091986\n|gametype|doubles\n|player|p1|Mr.Shibatku|byron|1448\n|player|p2|Tlayer4002|1|1525\n|teamsize|p1|6\n|teamsize|p2|6\n|gen|9\n|tier|[Gen 9] VGC 2023 Regulation E\n|rated|\n|rule|Species Clause: Limit one of each Pok\u00e9mon\n|rule|Item Clause: Limit one of each item\n|clearpoke\n|poke|p1|Indeedee-F, L50, F|\n|poke|p1|Urshifu-*, L50, F|\n|poke|p1|Ursaluna-Bloodmoon, L50, M|\n|poke|p1|Tornadus, L50, M|\n|poke|p1|Armarouge, L50, M|\n|poke|p1|Flutter Mane, L50|\n|poke|p2|Iron Hands, L50|\n|poke|p2|Flutter Mane, L50|\n|poke|p2|Landorus-Therian, L50, M|\n|poke|p2|Thundurus, L50, M|\n|poke|p2|Gholdengo, L50|\n|poke|p2|Chi-Yu, L50|\n|teampreview|4\n|\n|t:|1700092033\n|start\n|switch|p1a: Tornadus|Tornadus, L50, M|100\/100\n|switch|p1b: Flutter Mane|Flutter Mane, L50|100\/100\n|switch|p2a: Flutter Mane|Flutter Mane, L50|100\/100\n|switch|p2b: Chi-Yu|Chi-Yu, L50|100\/100\n|-ability|p2b: Chi-Yu|Beads of Ruin\n|-enditem|p2a: Flutter Mane|Booster Energy\n|-activate|p2a: Flutter Mane|ability: Protosynthesis|[fromitem]\n|-start|p2a: Flutter Mane|protosynthesisspe\n|-enditem|p1b: Flutter Mane|Booster Energy\n|-activate|p1b: Flutter Mane|ability: Protosynthesis|[fromitem]\n|-start|p1b: Flutter Mane|protosynthesisspa\n|turn|1\n|\n|t:|1700092065\n|move|p1b: Flutter Mane|Protect|p1b: Flutter Mane\n|-singleturn|p1b: Flutter Mane|Protect\n|move|p1a: Tornadus|Tailwind|p1a: Tornadus\n|-sidestart|p1: Mr.Shibatku|move: Tailwind\n|move|p2a: Flutter Mane|Shadow Ball|p1b: Flutter Mane\n|-activate|p1b: Flutter Mane|move: Protect\n|move|p2b: Chi-Yu|Heat Wave|p1b: Flutter Mane|[spread] \n|-activate|p1b: Flutter Mane|move: Protect\n|-miss|p2b: Chi-Yu|p1a: Tornadus\n|\n|upkeep\n|turn|2\n|\n|t:|1700092127\n|-terastallize|p1b: Flutter Mane|Fairy\n|-terastallize|p2a: Flutter Mane|Fairy\n|move|p2b: Chi-Yu|Protect|p2b: Chi-Yu\n|-singleturn|p2b: Chi-Yu|Protect\n|move|p1b: Flutter Mane|Dazzling Gleam|p2a: Flutter Mane|[spread] p2a\n|-activate|p2b: Chi-Yu|move: Protect\n|-damage|p2a: Flutter Mane|32\/100\n|move|p1a: Tornadus|Bleakwind Storm|p2a: Flutter Mane|[spread] p2a\n|-activate|p2b: Chi-Yu|move: Protect\n|-damage|p2a: Flutter Mane|0 fnt\n|faint|p2a: Flutter Mane\n|-end|p2a: Flutter Mane|Protosynthesis|[silent]\n|\n|upkeep\n|\n|t:|1700092142\n|switch|p2a: Iron Hands|Iron Hands, L50|100\/100\n|turn|3\n|\n|t:|1700092151\n|move|p1b: Flutter Mane|Protect|p1b: Flutter Mane\n|-singleturn|p1b: Flutter Mane|Protect\n|move|p2a: Iron Hands|Fake Out|p1b: Flutter Mane\n|-activate|p1b: Flutter Mane|move: Protect\n|move|p1a: Tornadus|Bleakwind Storm|p2b: Chi-Yu|[spread] p2a\n|-miss|p1a: Tornadus|p2b: Chi-Yu\n|-damage|p2a: Iron Hands|77\/100\n|move|p2b: Chi-Yu|Heat Wave|p1a: Tornadus|[spread] p1a\n|-activate|p1b: Flutter Mane|move: Protect\n|-damage|p1a: Tornadus|16\/100\n|-damage|p2b: Chi-Yu|91\/100|[from] item: Life Orb\n|\n|upkeep\n|turn|4\n|\n|t:|1700092176\n|switch|p1a: Urshifu|Urshifu-Rapid-Strike, L50, F|100\/100\n|move|p2b: Chi-Yu|Protect|p2b: Chi-Yu\n|-singleturn|p2b: Chi-Yu|Protect\n|move|p1b: Flutter Mane|Moonblast|p2a: Iron Hands\n|-supereffective|p2a: Iron Hands\n|-damage|p2a: Iron Hands|0 fnt\n|faint|p2a: Iron Hands\n|-end|p2a: Iron Hands|Quark Drive|[silent]\n|\n|-sideend|p1: Mr.Shibatku|move: Tailwind\n|upkeep\n|\n|t:|1700092183\n|switch|p2a: Landorus|Landorus-Therian, L50, M|100\/100\n|-ability|p2a: Landorus|Intimidate|boost\n|-unboost|p1a: Urshifu|atk|1\n|-unboost|p1b: Flutter Mane|atk|1\n|turn|5\n|\n|t:|1700092195\n|move|p1a: Urshifu|Protect|p1a: Urshifu\n|-singleturn|p1a: Urshifu|Protect\n|move|p2a: Landorus|Stomping Tantrum|p1a: Urshifu\n|-activate|p1a: Urshifu|move: Protect\n|move|p1b: Flutter Mane|Moonblast|p2a: Landorus\n|-damage|p2a: Landorus|0 fnt\n|faint|p2a: Landorus\n|move|p2b: Chi-Yu|Heat Wave|p1b: Flutter Mane|[spread] p1b\n|-activate|p1a: Urshifu|move: Protect\n|-damage|p1b: Flutter Mane|36\/100\n|-damage|p2b: Chi-Yu|81\/100|[from] item: Life Orb\n|\n|upkeep\n|turn|6\n|-message|Tlayer4002 forfeited.\n|\n|win|Mr.Shibatku\n|raw|Mr.Shibatku's rating: 1448 &rarr; <strong>1472<\/strong><br \/>(+24 for winning)\n|raw|Tlayer4002's rating: 1525 &rarr; <strong>1501<\/strong><br \/>(-24 for losing)\n|l|\u2606Tlayer4002\n","uploadtime":1700092214,"views":8,"p1id":"mrshibatku","p2id":"tlayer4002","formatid":"gen9vgc2023regulatione","rating":1472,"private":0,"password":""}