{"id":"gen9vgc2023regulatione-1999059805","p1":"SquirtleK","p2":"superprobablylevel","format":"[Gen 9] VGC 2023 Regulation E","log":"|j|\u2606SquirtleK\n|j|\u2606superprobablylevel\n|t:|1701028840\n|gametype|doubles\n|player|p1|SquirtleK|pokekid|1056\n|player|p2|superprobablylevel|169|1069\n|teamsize|p1|6\n|teamsize|p2|6\n|gen|9\n|tier|[Gen 9] VGC 2023 Regulation E\n|rated|\n|rule|Species Clause: Limit one of each Pok\u00e9mon\n|rule|Item Clause: Limit one of each item\n|clearpoke\n|poke|p1|Roaring Moon, L50|\n|poke|p1|Chien-Pao, L50|\n|poke|p1|Farigiraf, L50, F|\n|poke|p1|Landorus-Therian, L50, M|\n|poke|p1|Iron Hands, L50|\n|poke|p1|Garganacl, L50, M|\n|poke|p2|Iron Bundle, L50|\n|poke|p2|Arcanine, L50, M|\n|poke|p2|Flutter Mane, L50|\n|poke|p2|Amoonguss, L50, F|\n|poke|p2|Thundurus, L50, M|\n|poke|p2|Dragapult, L50, F|\n|teampreview|4\n|inactive|Battle timer is ON: inactive players will automatically lose when time's up. (requested by SquirtleK)\n|inactive|SquirtleK has 60 seconds left.\n|\n|t:|1701028889\n|start\n|switch|p1a: Iron Hands|Iron Hands, L50|100\/100\n|switch|p1b: Chien-Pao|Chien-Pao, L50|100\/100\n|switch|p2a: Arcanine|Arcanine, L50, M, shiny|100\/100\n|switch|p2b: Iron Bundle|Iron Bundle, L50|100\/100\n|-ability|p1b: Chien-Pao|Sword of Ruin\n|-ability|p2a: Arcanine|Intimidate|boost\n|-unboost|p1a: Iron Hands|atk|1\n|-unboost|p1b: Chien-Pao|atk|1\n|turn|1\n|\n|t:|1701028913\n|-terastallize|p1b: Chien-Pao|Fighting\n|move|p2b: Iron Bundle|Protect|p2b: Iron Bundle\n|-singleturn|p2b: Iron Bundle|Protect\n|move|p1a: Iron Hands|Fake Out|p2a: Arcanine\n|-damage|p2a: Arcanine|84\/100\n|move|p1b: Chien-Pao|Sacred Sword|p2b: Iron Bundle\n|-activate|p2b: Iron Bundle|move: Protect\n|cant|p2a: Arcanine|flinch\n|\n|upkeep\n|turn|2\n|inactive|superprobablylevel has 30 seconds left.\n|\n|t:|1701028944\n|move|p2a: Arcanine|Extreme Speed|p1b: Chien-Pao\n|-damage|p1b: Chien-Pao|62\/100\n|move|p2b: Iron Bundle|Hydro Pump|p1b: Chien-Pao\n|-damage|p1b: Chien-Pao|0 fnt\n|faint|p1b: Chien-Pao\n|move|p1a: Iron Hands|Drain Punch|p2a: Arcanine\n|-damage|p2a: Arcanine|47\/100\n|\n|upkeep\n|\n|t:|1701028957\n|switch|p1b: Roaring Moon|Roaring Moon, L50|100\/100\n|-enditem|p1b: Roaring Moon|Booster Energy\n|-activate|p1b: Roaring Moon|ability: Protosynthesis|[fromitem]\n|-start|p1b: Roaring Moon|protosynthesisspe\n|turn|3\n|\n|t:|1701028973\n|move|p2a: Arcanine|Helping Hand|p2b: Iron Bundle\n|-singleturn|p2b: Iron Bundle|Helping Hand|[of] p2a: Arcanine\n|move|p1b: Roaring Moon|Acrobatics|p2a: Arcanine\n|-damage|p2a: Arcanine|1\/100\n|move|p2b: Iron Bundle|Freeze-Dry|p1b: Roaring Moon\n|-supereffective|p1b: Roaring Moon\n|-damage|p1b: Roaring Moon|0 fnt\n|faint|p1b: Roaring Moon\n|-end|p1b: Roaring Moon|Protosynthesis|[silent]\n|move|p1a: Iron Hands|Heavy Slam|p2b: Iron Bundle\n|-damage|p2b: Iron Bundle|64\/100\n|\n|upkeep\n|\n|t:|1701028984\n|switch|p1b: Farigiraf|Farigiraf, L50, F|100\/100\n|turn|4\n|\n|t:|1701028994\n|move|p2a: Arcanine|Helping Hand|p2b: Iron Bundle\n|-singleturn|p2b: Iron Bundle|Helping Hand|[of] p2a: Arcanine\n|move|p2b: Iron Bundle|Hydro Pump|p1a: Iron Hands\n|-damage|p1a: Iron Hands|45\/100\n|move|p1a: Iron Hands|Drain Punch|p2b: Iron Bundle\n|-supereffective|p2b: Iron Bundle\n|-damage|p2b: Iron Bundle|0 fnt\n|-heal|p1a: Iron Hands|61\/100|[from] drain|[of] p2b: Iron Bundle\n|faint|p2b: Iron Bundle\n|-end|p2b: Iron Bundle|Quark Drive|[silent]\n|move|p1b: Farigiraf|Dazzling Gleam|p2a: Arcanine\n|-resisted|p2a: Arcanine\n|-damage|p2a: Arcanine|0 fnt\n|faint|p2a: Arcanine\n|\n|upkeep\n|\n|t:|1701029010\n|switch|p2b: Flutter Mane|Flutter Mane, L50|100\/100\n|switch|p2a: Amoonguss|Amoonguss, L50, F, shiny|100\/100\n|-enditem|p2b: Flutter Mane|Booster Energy\n|-activate|p2b: Flutter Mane|ability: Protosynthesis|[fromitem]\n|-start|p2b: Flutter Mane|protosynthesisspe\n|turn|5\n|\n|t:|1701029026\n|-terastallize|p2b: Flutter Mane|Fairy\n|move|p2a: Amoonguss|Rage Powder|p2a: Amoonguss\n|-singleturn|p2a: Amoonguss|move: Rage Powder\n|move|p2b: Flutter Mane|Moonblast|p1a: Iron Hands\n|-supereffective|p1a: Iron Hands\n|-damage|p1a: Iron Hands|0 fnt\n|faint|p1a: Iron Hands\n|-end|p1a: Iron Hands|Quark Drive|[silent]\n|move|p1b: Farigiraf|Trick Room|p1b: Farigiraf\n|-fieldstart|move: Trick Room|[of] p1b: Farigiraf\n|\n|upkeep\n|turn|6\n|\n|t:|1701029046\n|move|p2a: Amoonguss|Pollen Puff|p1b: Farigiraf\n|-supereffective|p1b: Farigiraf\n|-damage|p1b: Farigiraf|68\/100\n|move|p1b: Farigiraf|Dazzling Gleam|p2a: Amoonguss|[spread] p2a,p2b\n|-resisted|p2a: Amoonguss\n|-damage|p2a: Amoonguss|94\/100\n|-damage|p2b: Flutter Mane|85\/100\n|move|p2b: Flutter Mane|Moonblast|p1b: Farigiraf\n|-damage|p1b: Farigiraf|16\/100\n|-unboost|p1b: Farigiraf|spa|1\n|\n|-heal|p1b: Farigiraf|22\/100|[from] item: Leftovers\n|upkeep\n|turn|7\n|-message|SquirtleK forfeited.\n|\n|win|superprobablylevel\n|raw|SquirtleK's rating: 1056 &rarr; <strong>1038<\/strong><br \/>(-18 for losing)\n|raw|superprobablylevel's rating: 1069 &rarr; <strong>1098<\/strong><br \/>(+29 for winning)\n|l|\u2606SquirtleK\n","uploadtime":1701029064,"views":11,"p1id":"squirtlek","p2id":"superprobablylevel","formatid":"gen9vgc2023regulatione","rating":1038,"private":0,"password":""}