{"id":"gen9vgc2023regulatione-1996562037","p1":"SILVERGALARGA","p2":"Trachodi1991","format":"[Gen 9] VGC 2023 Regulation E","log":"|j|\u2606SILVERGALARGA\n|j|\u2606Trachodi1991\n|t:|1700694560\n|gametype|doubles\n|player|p1|SILVERGALARGA|101|\n|player|p2|Trachodi1991|linebacker|\n|teamsize|p1|6\n|teamsize|p2|6\n|gen|9\n|tier|[Gen 9] VGC 2023 Regulation E\n|rule|Species Clause: Limit one of each Pok\u00e9mon\n|rule|Item Clause: Limit one of each item\n|clearpoke\n|poke|p1|Amoonguss, L50, M|\n|poke|p1|Dragonite, L50, M|\n|poke|p1|Pelipper, L50, M|\n|poke|p1|Baxcalibur, L50, F|\n|poke|p1|Palafin, L50, F|\n|poke|p1|Iron Hands, L50|\n|poke|p2|Amoonguss, L50, F|\n|poke|p2|Scizor, L50, M|\n|poke|p2|Dondozo, L50, M|\n|poke|p2|Tatsugiri, L50, F|\n|poke|p2|Flutter Mane, L50|\n|poke|p2|Arcanine, L50, M|\n|teampreview|4\n|\n|t:|1700694573\n|start\n|switch|p1a: PalaKING|Palafin, L50, F, shiny|100\/100\n|switch|p1b: ChemChem|Iron Hands, L50, shiny|100\/100\n|switch|p2a: Albacetator|Dondozo, L50, M|100\/100\n|switch|p2b: Perrom\u00e1n|Arcanine, L50, M|100\/100\n|-ability|p2b: Perrom\u00e1n|Intimidate|boost\n|-unboost|p1a: PalaKING|atk|1\n|-unboost|p1b: ChemChem|atk|1\n|turn|1\n|j| drakig\n|c| drakig|jugad sin timer\n|j| Fukassem\n|c|\u2606SILVERGALARGA|jugamos como queramos ya?\n|c| drakig|pero no os paseis\n|c| drakig|si\n|inactive|Battle timer is ON: inactive players will automatically lose when time's up. (requested by SILVERGALARGA)\n|j| gclegoat\n|j| gobuntu\n|j| Machado-1497\n|l| Machado-1497\n|inactive|SILVERGALARGA has 60 seconds left.\n|\n|t:|1700694629\n|detailschange|p1a: PalaKING|Palafin-Hero, L50, F, shiny\n|switch|p1a: Pajarraco|Pelipper, L50, M, shiny|100\/100\n|-weather|RainDance|[from] ability: Drizzle|[of] p1a: Pajarraco\n|switch|p2b: Kokoro|Tatsugiri, L50, F|100\/100\n|-activate|p2b: Kokoro|ability: Commander|[of] p2a: Albacetator\n|-boost|p2a: Albacetator|atk|2\n|-boost|p2a: Albacetator|spa|2\n|-boost|p2a: Albacetator|spe|2\n|-boost|p2a: Albacetator|def|2\n|-boost|p2a: Albacetator|spd|2\n|move|p2a: Albacetator|Protect|p2a: Albacetator\n|-singleturn|p2a: Albacetator|Protect\n|move|p1b: ChemChem|Wild Charge|p2a: Albacetator\n|-activate|p2a: Albacetator|move: Protect\n|\n|-weather|RainDance|[upkeep]\n|upkeep\n|turn|2\n|j| Machado-1497\n|inactive|SILVERGALARGA has 30 seconds left.\n|j| Cheminsky953\n|inactive|SILVERGALARGA has 20 seconds left.\n|inactive|Trachodi1991 has 30 seconds left.\n|inactive|SILVERGALARGA has 15 seconds left.\n|inactive|SILVERGALARGA has 10 seconds left.\n|inactive|Trachodi1991 has 20 seconds left.\n|inactive|SILVERGALARGA has 5 seconds left.\n|inactive|Trachodi1991 has 15 seconds left.\n|\n|t:|1700694682\n|-end|p1b: ChemChem|Quark Drive|[silent]\n|switch|p1b: Tito|Dragonite, L50, M, shiny|100\/100\n|move|p2a: Albacetator|Order Up|p1b: Tito\n|-supereffective|p1b: Tito\n|-damage|p1b: Tito|62\/100\n|-boost|p2a: Albacetator|atk|1\n|move|p1a: Pajarraco|Tailwind|p1a: Pajarraco\n|-sidestart|p1: SILVERGALARGA|move: Tailwind\n|\n|-weather|RainDance|[upkeep]\n|upkeep\n|turn|3\n|inactive|SILVERGALARGA has 30 seconds left.\n|\n|t:|1700694708\n|move|p1b: Tito|Protect|p1b: Tito\n|-singleturn|p1b: Tito|Protect\n|move|p2a: Albacetator|Wave Crash|p1b: Tito\n|-activate|p1b: Tito|move: Protect\n|move|p1a: Pajarraco|Hurricane|p2a: Albacetator\n|-damage|p2a: Albacetator|83\/100\n|-start|p2a: Albacetator|confusion\n|\n|-weather|RainDance|[upkeep]\n|-heal|p2a: Albacetator|89\/100|[from] item: Leftovers\n|upkeep\n|turn|4\n|inactive|SILVERGALARGA has 30 seconds left.\n|inactive|SILVERGALARGA has 20 seconds left.\n|inactive|SILVERGALARGA has 15 seconds left.\n|inactive|SILVERGALARGA has 10 seconds left.\n|inactive|SILVERGALARGA has 5 seconds left.\n|\n|t:|1700694761\n|switch|p1a: PalaKING|Palafin-Hero, L50, F, shiny|100\/100\n|-activate|p1a: PalaKING|ability: Zero to Hero\n|-terastallize|p1b: Tito|Flying\n|move|p1b: Tito|Tera Blast|p2a: Albacetator|[anim] Tera Blast Flying\n|-damage|p2a: Albacetator|68\/100\n|-activate|p2a: Albacetator|confusion\n|-damage|p2a: Albacetator|58\/100|[from] confusion\n|\n|-weather|RainDance|[upkeep]\n|-heal|p2a: Albacetator|64\/100|[from] item: Leftovers\n|upkeep\n|turn|5\n|\n|t:|1700694777\n|-activate|p2a: Albacetator|confusion\n|move|p2a: Albacetator|Protect|p2a: Albacetator\n|-singleturn|p2a: Albacetator|Protect\n|move|p1a: PalaKING|Flip Turn|p2a: Albacetator\n|-activate|p2a: Albacetator|move: Protect\n|move|p1b: Tito|Tera Blast|p2a: Albacetator|[anim] Tera Blast Flying\n|-activate|p2a: Albacetator|move: Protect\n|\n|-weather|none\n|-heal|p2a: Albacetator|70\/100|[from] item: Leftovers\n|-sideend|p1: SILVERGALARGA|move: Tailwind\n|upkeep\n|turn|6\n|inactive|SILVERGALARGA has 30 seconds left.\n|\n|t:|1700694808\n|move|p1a: PalaKING|Protect|p1a: PalaKING\n|-singleturn|p1a: PalaKING|Protect\n|-activate|p2a: Albacetator|confusion\n|move|p2a: Albacetator|Order Up|p1a: PalaKING\n|-activate|p1a: PalaKING|move: Protect\n|move|p1b: Tito|Tera Blast|p2a: Albacetator|[anim] Tera Blast Flying\n|-damage|p2a: Albacetator|46\/100\n|\n|-heal|p2a: Albacetator|52\/100|[from] item: Leftovers\n|upkeep\n|turn|7\n|\n|t:|1700694820\n|switch|p1a: Pajarraco|Pelipper, L50, M, shiny|100\/100\n|-weather|RainDance|[from] ability: Drizzle|[of] p1a: Pajarraco\n|-activate|p2a: Albacetator|confusion\n|move|p2a: Albacetator|Order Up|p1a: Pajarraco\n|-damage|p1a: Pajarraco|57\/100\n|-boost|p2a: Albacetator|atk|1\n|move|p1b: Tito|Tera Blast|p2a: Albacetator|[anim] Tera Blast Flying\n|-damage|p2a: Albacetator|32\/100\n|\n|-weather|RainDance|[upkeep]\n|-heal|p2a: Albacetator|38\/100|[from] item: Leftovers\n|upkeep\n|turn|8\n|inactive|SILVERGALARGA has 30 seconds left.\n|inactive|SILVERGALARGA has 20 seconds left.\n|inactive|SILVERGALARGA has 15 seconds left.\n|\n|t:|1700694861\n|-end|p2a: Albacetator|confusion\n|move|p2a: Albacetator|Protect|p2a: Albacetator\n|-singleturn|p2a: Albacetator|Protect\n|move|p1b: Tito|Tera Blast|p2a: Albacetator|[anim] Tera Blast Flying\n|-activate|p2a: Albacetator|move: Protect\n|move|p1a: Pajarraco|Tailwind|p1a: Pajarraco\n|-sidestart|p1: SILVERGALARGA|move: Tailwind\n|\n|-weather|RainDance|[upkeep]\n|-heal|p2a: Albacetator|44\/100|[from] item: Leftovers\n|upkeep\n|turn|9\n|\n|t:|1700694877\n|move|p1b: Tito|Tera Blast|p2a: Albacetator|[anim] Tera Blast Flying\n|-damage|p2a: Albacetator|20\/100\n|move|p2a: Albacetator|Wave Crash|p1a: Pajarraco\n|-resisted|p1a: Pajarraco\n|-damage|p1a: Pajarraco|0 fnt\n|faint|p1a: Pajarraco\n|-damage|p2a: Albacetator|7\/100|[from] Recoil\n|\n|-weather|RainDance|[upkeep]\n|-heal|p2a: Albacetator|13\/100|[from] item: Leftovers\n|upkeep\n|inactive|SILVERGALARGA has 30 seconds left.\n|inactive|SILVERGALARGA has 20 seconds left.\n|\n|t:|1700694914\n|switch|p1a: PalaKING|Palafin-Hero, L50, F, shiny|100\/100\n|turn|10\n|\n|t:|1700694921\n|move|p2a: Albacetator|Protect|p2a: Albacetator\n|-singleturn|p2a: Albacetator|Protect\n|move|p1a: PalaKING|Jet Punch|p2a: Albacetator\n|-activate|p2a: Albacetator|move: Protect\n|move|p1b: Tito|Tera Blast|p2a: Albacetator|[anim] Tera Blast Flying\n|-activate|p2a: Albacetator|move: Protect\n|\n|-weather|RainDance|[upkeep]\n|-heal|p2a: Albacetator|19\/100|[from] item: Leftovers\n|upkeep\n|turn|11\n|j| Gerecht\n|inactive|SILVERGALARGA has 30 seconds left.\n|inactive|SILVERGALARGA has 20 seconds left.\n|inactive|SILVERGALARGA has 15 seconds left.\n|inactive|SILVERGALARGA has 10 seconds left.\n|\n|t:|1700694969\n|move|p2a: Albacetator|Protect||[still]\n|-fail|p2a: Albacetator\n|move|p1a: PalaKING|Jet Punch|p2a: Albacetator\n|-resisted|p2a: Albacetator\n|-damage|p2a: Albacetator|7\/100\n|move|p1b: Tito|Tera Blast|p2a: Albacetator|[anim] Tera Blast Flying\n|-damage|p2a: Albacetator|0 fnt\n|faint|p2a: Albacetator\n|\n|-weather|none\n|-sideend|p1: SILVERGALARGA|move: Tailwind\n|upkeep\n|\n|t:|1700694988\n|switch|p2a: Perrom\u00e1n|Arcanine, L50, M|100\/100\n|-ability|p2a: Perrom\u00e1n|Intimidate|boost\n|-unboost|p1a: PalaKING|atk|1\n|-unboost|p1b: Tito|atk|1\n|turn|12\n|inactive|SILVERGALARGA has 30 seconds left.\n|\n|t:|1700695015\n|switch|p1a: ChemChem|Iron Hands, L50, shiny|100\/100\n|-terastallize|p2a: Perrom\u00e1n|Fairy\n|move|p2b: Kokoro|Draco Meteor|p1a: ChemChem\n|-damage|p1a: ChemChem|55\/100\n|-unboost|p2b: Kokoro|spa|2\n|move|p2a: Perrom\u00e1n|Play Rough|p1b: Tito|[miss]\n|-miss|p2a: Perrom\u00e1n|p1b: Tito\n|move|p1b: Tito|Tera Blast|p2b: Kokoro|[anim] Tera Blast Flying\n|-damage|p2b: Kokoro|19\/100\n|\n|upkeep\n|turn|13\n|\n|t:|1700695032\n|move|p1a: ChemChem|Fake Out|p2a: Perrom\u00e1n\n|-damage|p2a: Perrom\u00e1n|85\/100\n|move|p1b: Tito|Extreme Speed|p2b: Kokoro\n|-damage|p2b: Kokoro|0 fnt\n|faint|p2b: Kokoro\n|cant|p2a: Perrom\u00e1n|flinch\n|\n|upkeep\n|\n|t:|1700695040\n|switch|p2b: Traviesa|Flutter Mane, L50|100\/100\n|-enditem|p2b: Traviesa|Booster Energy\n|-activate|p2b: Traviesa|ability: Protosynthesis|[fromitem]\n|-start|p2b: Traviesa|protosynthesisspe\n|turn|14\n|inactive|SILVERGALARGA has 30 seconds left.\n|inactive|SILVERGALARGA has 20 seconds left.\n|inactive|SILVERGALARGA has 15 seconds left.\n|inactive|SILVERGALARGA has 10 seconds left.\n|inactive|SILVERGALARGA has 5 seconds left.\n|\n|t:|1700695095\n|move|p1a: ChemChem|Fake Out||[still]\n|-hint|Fake Out only works on your first turn out.\n|-fail|p1a: ChemChem\n|move|p1b: Tito|Extreme Speed|p2a: Perrom\u00e1n\n|-damage|p2a: Perrom\u00e1n|63\/100\n|move|p2b: Traviesa|Dazzling Gleam|p1b: Tito|[spread] p1a,p1b\n|-supereffective|p1a: ChemChem\n|-damage|p1a: ChemChem|24\/100\n|-damage|p1b: Tito|34\/100\n|move|p2a: Perrom\u00e1n|Play Rough|p1a: ChemChem\n|-supereffective|p1a: ChemChem\n|-damage|p1a: ChemChem|0 fnt\n|faint|p1a: ChemChem\n|-end|p1a: ChemChem|Quark Drive|[silent]\n|\n|upkeep\n|inactive|SILVERGALARGA has 15 seconds left this turn.\n|inactive|SILVERGALARGA has 10 seconds left.\n|inactive|SILVERGALARGA has 5 seconds left.\n|-message|SILVERGALARGA lost due to inactivity.\n|\n|win|Trachodi1991\n|c|\u2606SILVERGALARGA|e?\n|c|\u2606SILVERGALARGA|xdd\n|c| Cheminsky953|el tiempo\n|c| gobuntu|time\n|c| Machado-1497|el timer D:\n|c| Fukassem|time\n|c| drakig|el tiempo\n|c|\u2606SILVERGALARGA|pero que hay 3 sec para elegir?\n|c|\u2606SILVERGALARGA|no entiendo\n|c| Fukassem|si se te va acabando el tiempo cada vez es menos\n","uploadtime":1700695169,"views":12,"p1id":"silvergalarga","p2id":"trachodi1991","formatid":"gen9vgc2023regulatione","rating":0,"private":0,"password":""}