{"id":"gen9vgc2023regulatione-1994890086","p1":"zaharba","p2":"Llort365","format":"[Gen 9] VGC 2023 Regulation E","log":"|j|\u2606zaharba\n|j|\u2606Llort365\n|t:|1700502065\n|gametype|doubles\n|player|p1|zaharba|170|1061\n|player|p2|Llort365|hilbert-wonderlauncher|1093\n|teamsize|p1|6\n|teamsize|p2|6\n|gen|9\n|tier|[Gen 9] VGC 2023 Regulation E\n|rated|\n|rule|Species Clause: Limit one of each Pok\u00e9mon\n|rule|Item Clause: Limit one of each item\n|clearpoke\n|poke|p1|Sinistcha-Masterpiece, L50|\n|poke|p1|Weezing-Galar, L50, F|\n|poke|p1|Iron Hands, L50|\n|poke|p1|Ninetales-Alola, L50, M|\n|poke|p1|Baxcalibur, L50, M|\n|poke|p1|Ogerpon, L50, F|\n|poke|p2|Tinkaton, L50, F|\n|poke|p2|Amoonguss, L50, M|\n|poke|p2|Iron Bundle, L50|\n|poke|p2|Flutter Mane, L50|\n|poke|p2|Kingambit, L50, M|\n|poke|p2|Chi-Yu, L50|\n|teampreview|4\nLlort365 has agreed to open team sheets.\nzaharba has agreed to open team sheets.\n|inactive|Battle timer is ON: inactive players will automatically lose when time's up. (requested by zaharba)\n|inactive|zaharba has 60 seconds left.\n|\n|t:|1700502130\n|start\n|switch|p1a: Ogerpon|Ogerpon, L50, F|100\/100\n|switch|p1b: Sinistcha|Sinistcha-Masterpiece, L50|100\/100\n|switch|p2a: Tinkaton|Tinkaton, L50, F|100\/100\n|switch|p2b: Iron Bundle|Iron Bundle, L50|100\/100\n|-ability|p2a: Tinkaton|Mold Breaker\n|-enditem|p2b: Iron Bundle|Booster Energy\n|-activate|p2b: Iron Bundle|ability: Quark Drive|[fromitem]\n|-start|p2b: Iron Bundle|quarkdrivespe\n|turn|1\n|inactive|Llort365 has 30 seconds left.\n|\n|t:|1700502163\n|move|p2a: Tinkaton|Fake Out|p1a: Ogerpon\n|-damage|p1a: Ogerpon|94\/100\n|-enditem|p1a: Ogerpon|Eject Button\n|\n|t:|1700502171\n|switch|p1a: Iron Hands|Iron Hands, L50|100\/100\n|-enditem|p1a: Iron Hands|Booster Energy\n|-activate|p1a: Iron Hands|ability: Quark Drive|[fromitem]\n|-start|p1a: Iron Hands|quarkdriveatk\n|move|p2b: Iron Bundle|Freeze-Dry|p1b: Sinistcha\n|-supereffective|p1b: Sinistcha\n|-damage|p1b: Sinistcha|18\/100\n|-enditem|p1b: Sinistcha|Red Card|[of] p2b: Iron Bundle\n|-end|p2b: Iron Bundle|Quark Drive|[silent]\n|drag|p2b: Chi-Yu|Chi-Yu, L50|100\/100\n|-ability|p2b: Chi-Yu|Beads of Ruin\n|move|p1b: Sinistcha|Trick Room|p1b: Sinistcha\n|-fieldstart|move: Trick Room|[of] p1b: Sinistcha\n|\n|upkeep\n|turn|2\n|inactive|zaharba has 30 seconds left.\n|inactive|Llort365 has 30 seconds left.\n|\n|t:|1700502203\n|switch|p1b: Ogerpon|Ogerpon, L50, F|94\/100\n|switch|p2b: Flutter Mane|Flutter Mane, L50|100\/100\n|move|p1a: Iron Hands|Earthquake|p2a: Tinkaton|[spread] p1b,p2a,p2b\n|-resisted|p1b: Ogerpon\n|-supereffective|p2a: Tinkaton\n|-damage|p1b: Ogerpon|81\/100\n|-damage|p2a: Tinkaton|22\/100\n|-damage|p2b: Flutter Mane|44\/100\n|move|p2a: Tinkaton|Encore||[still]\n|-fail|p2a: Tinkaton\n|\n|upkeep\n|turn|3\n|\n|t:|1700502224\n|switch|p2a: Iron Bundle|Iron Bundle, L50|100\/100\n|move|p2b: Flutter Mane|Protect|p2b: Flutter Mane\n|-singleturn|p2b: Flutter Mane|Protect\n|move|p1a: Iron Hands|Earthquake|p2a: Iron Bundle|[spread] p1b,p2a\n|-activate|p2b: Flutter Mane|move: Protect\n|-resisted|p1b: Ogerpon\n|-crit|p2a: Iron Bundle\n|-damage|p1b: Ogerpon|66\/100\n|-damage|p2a: Iron Bundle|32\/100\n|move|p1b: Ogerpon|Swords Dance|p1b: Ogerpon\n|-boost|p1b: Ogerpon|atk|2\n|\n|upkeep\n|turn|4\n|inactive|zaharba has 30 seconds left.\n|inactive|Llort365 has 30 seconds left.\n|inactive|Llort365 has 20 seconds left.\n|\n|t:|1700502271\n|move|p2a: Iron Bundle|Protect|p2a: Iron Bundle\n|-singleturn|p2a: Iron Bundle|Protect\n|move|p1a: Iron Hands|Brick Break|p2a: Iron Bundle\n|-activate|p2a: Iron Bundle|move: Protect\n|move|p1b: Ogerpon|Knock Off|p2b: Flutter Mane\n|-damage|p2b: Flutter Mane|0 fnt\n|-enditem|p2b: Flutter Mane|Pixie Plate|[from] move: Knock Off|[of] p1b: Ogerpon\n|faint|p2b: Flutter Mane\n|-end|p2b: Flutter Mane|Protosynthesis|[silent]\n|\n|upkeep\n|\n|t:|1700502283\n|switch|p2b: Tinkaton|Tinkaton, L50, F|22\/100\n|-ability|p2b: Tinkaton|Mold Breaker\n|turn|5\n|\n|t:|1700502306\n|-end|p2a: Iron Bundle|Quark Drive|[silent]\n|switch|p2a: Chi-Yu|Chi-Yu, L50|100\/100\n|-ability|p2a: Chi-Yu|Beads of Ruin\n|move|p2b: Tinkaton|Fake Out|p1a: Iron Hands\n|-damage|p1a: Iron Hands|96\/100\n|cant|p1a: Iron Hands|flinch\n|move|p1b: Ogerpon|Knock Off|p2a: Chi-Yu\n|-resisted|p2a: Chi-Yu\n|-damage|p2a: Chi-Yu|65\/100\n|-enditem|p2a: Chi-Yu|Choice Specs|[from] move: Knock Off|[of] p1b: Ogerpon\n|\n|-fieldend|move: Trick Room\n|upkeep\n|turn|6\n|inactive|zaharba has 30 seconds left.\n|inactive|Llort365 has 30 seconds left.\n|\n|t:|1700502339\n|-terastallize|p2a: Chi-Yu|Ghost\n|move|p2b: Tinkaton|Helping Hand|p2a: Chi-Yu\n|-singleturn|p2a: Chi-Yu|Helping Hand|[of] p2b: Tinkaton\n|move|p2a: Chi-Yu|Heat Wave|p1a: Iron Hands|[spread] p1a,p1b\n|-supereffective|p1b: Ogerpon\n|-damage|p1a: Iron Hands|30\/100\n|-damage|p1b: Ogerpon|0 fnt\n|faint|p1b: Ogerpon\n|move|p1a: Iron Hands|Earthquake|p2b: Tinkaton|[spread] p2a,p2b\n|-supereffective|p2b: Tinkaton\n|-damage|p2a: Chi-Yu|11\/100\n|-damage|p2b: Tinkaton|0 fnt\n|faint|p2b: Tinkaton\n|\n|upkeep\n|\n|t:|1700502350\n|switch|p1b: Baxcalibur|Baxcalibur, L50, M|100\/100\n|switch|p2b: Iron Bundle|Iron Bundle, L50|32\/100\n|turn|7\n|inactive|zaharba has 30 seconds left.\n|\n|t:|1700502377\n|move|p2b: Iron Bundle|Icy Wind|p1a: Iron Hands|[spread] p1a,p1b\n|-damage|p1a: Iron Hands|5\/100\n|-damage|p1b: Baxcalibur|74\/100\n|-unboost|p1a: Iron Hands|spe|1\n|-unboost|p1b: Baxcalibur|spe|1\n|move|p2a: Chi-Yu|Heat Wave|p1a: Iron Hands|[spread] p1a\n|-miss|p2a: Chi-Yu|p1b: Baxcalibur\n|-damage|p1a: Iron Hands|0 fnt\n|faint|p1a: Iron Hands\n|-end|p1a: Iron Hands|Quark Drive|[silent]\n|move|p1b: Baxcalibur|Aqua Tail|p2a: Chi-Yu\n|-damage|p2a: Chi-Yu|0 fnt\n|faint|p2a: Chi-Yu\n|\n|upkeep\n|\n|t:|1700502389\n|switch|p1a: Sinistcha|Sinistcha-Masterpiece, L50|18\/100\n|-heal|p1b: Baxcalibur|99\/100|[from] ability: Hospitality|[of] p1a: Sinistcha\n|turn|8\n|\n|t:|1700502400\n|move|p2b: Iron Bundle|Freeze-Dry|p1b: Baxcalibur\n|-damage|p1b: Baxcalibur|65\/100\n|move|p1a: Sinistcha|Leaf Storm|p2b: Iron Bundle\n|-supereffective|p2b: Iron Bundle\n|-damage|p2b: Iron Bundle|0 fnt\n|-unboost|p1a: Sinistcha|spa|2\n|faint|p2b: Iron Bundle\n|-end|p2b: Iron Bundle|Quark Drive|[silent]\n|\n|win|zaharba\n|raw|zaharba's rating: 1061 &rarr; <strong>1095<\/strong><br \/>(+34 for winning)\n|raw|Llort365's rating: 1093 &rarr; <strong>1067<\/strong><br \/>(-26 for losing)\n|c|\u2606Llort365|gg\n|l|\u2606zaharba\n","uploadtime":1700502409,"views":8,"p1id":"zaharba","p2id":"llort365","formatid":"gen9vgc2023regulatione","rating":1067,"private":0,"password":""}