{"id":"gen9vgc2023regulatione-1996970705","p1":"Sh1k3","p2":"victinity","format":"[Gen 9] VGC 2023 Regulation E","log":"|j|\u2606Sh1k3\n|j|\u2606victinity\n|t:|1700751045\n|gametype|doubles\n|player|p1|Sh1k3|265|1469\n|player|p2|victinity|266|1559\n|teamsize|p1|6\n|teamsize|p2|6\n|gen|9\n|tier|[Gen 9] VGC 2023 Regulation E\n|rated|\n|rule|Species Clause: Limit one of each Pok\u00e9mon\n|rule|Item Clause: Limit one of each item\n|clearpoke\n|poke|p1|Iron Hands, L50|\n|poke|p1|Kingambit, L50, F|\n|poke|p1|Flutter Mane, L50|\n|poke|p1|Urshifu-*, L50, M|\n|poke|p1|Amoonguss, L50, F|\n|poke|p1|Landorus-Therian, L50, M|\n|poke|p2|Cresselia, L50, F|\n|poke|p2|Iron Hands, L50|\n|poke|p2|Sinistcha, L50|\n|poke|p2|Annihilape, L50, M|\n|poke|p2|Grimmsnarl, L50, M|\n|poke|p2|Flutter Mane, L50|\n|teampreview|4\n|inactive|Battle timer is ON: inactive players will automatically lose when time's up. (requested by victinity)\n|inactive|victinity has 60 seconds left.\n|\n|t:|1700751081\n|start\n|switch|p1a: Flutter Mane|Flutter Mane, L50|100\/100\n|switch|p1b: Amoonguss|Amoonguss, L50, F|100\/100\n|switch|p2a: Annihilape|Annihilape, L50, M|100\/100\n|switch|p2b: Grimmsnarl|Grimmsnarl, L50, M|100\/100\n|turn|1\n|\n|t:|1700751093\n|-terastallize|p2a: Annihilape|Fire\n|move|p2b: Grimmsnarl|Light Screen|p2b: Grimmsnarl\n|-sidestart|p2: victinity|move: Light Screen\n|move|p1a: Flutter Mane|Moonblast|p2b: Grimmsnarl\n|-supereffective|p2b: Grimmsnarl\n|-damage|p2b: Grimmsnarl|17\/100\n|move|p2a: Annihilape|Rage Fist|p1a: Flutter Mane\n|-supereffective|p1a: Flutter Mane\n|-damage|p1a: Flutter Mane|36\/100\n|move|p1b: Amoonguss|Spore|p2a: Annihilape\n|-status|p2a: Annihilape|slp|[from] move: Spore\n|\n|upkeep\n|turn|2\n|j| randomuser0000\n|\n|t:|1700751113\n|move|p2b: Grimmsnarl|Parting Shot|p1a: Flutter Mane\n|-unboost|p1a: Flutter Mane|atk|1\n|-unboost|p1a: Flutter Mane|spa|1\n|\n|t:|1700751118\n|switch|p2b: Cresselia|Cresselia, L50, F|100\/100|[from] Parting Shot\n|move|p1a: Flutter Mane|Moonblast|p2b: Cresselia\n|-damage|p2b: Cresselia|83\/100\n|cant|p2a: Annihilape|slp\n|move|p1b: Amoonguss|Pollen Puff|p1a: Flutter Mane\n|-heal|p1a: Flutter Mane|85\/100\n|\n|upkeep\n|turn|3\n|\n|t:|1700751134\n|-end|p1a: Flutter Mane|Protosynthesis|[silent]\n|switch|p1a: Iron Hands|Iron Hands, L50|100\/100\n|cant|p2a: Annihilape|slp\n|move|p1b: Amoonguss|Spore|p2b: Cresselia\n|-activate|p2b: Cresselia|item: Safety Goggles|Spore\n|move|p2b: Cresselia|Trick Room|p2b: Cresselia\n|-fieldstart|move: Trick Room|[of] p2b: Cresselia\n|\n|upkeep\n|turn|4\n|inactive|Sh1k3 has 30 seconds left.\n|\n|t:|1700751160\n|move|p1b: Amoonguss|Pollen Puff|p1a: Iron Hands\n|-immune|p1a: Iron Hands\n|move|p1a: Iron Hands|Wild Charge|p2b: Cresselia\n|-damage|p2b: Cresselia|52\/100\n|-damage|p1a: Iron Hands|93\/100|[from] Recoil\n|move|p2b: Cresselia|Lunar Blessing|p2b: Cresselia|[spread] p2a,p2b\n|-curestatus|p2a: Annihilape|slp|[msg]\n|-heal|p2b: Cresselia|78\/100\n|move|p2a: Annihilape|Bulk Up|p2a: Annihilape\n|-boost|p2a: Annihilape|atk|1\n|-boost|p2a: Annihilape|def|1\n|\n|upkeep\n|turn|5\n|inactive|Sh1k3 has 30 seconds left.\n|inactive|victinity has 30 seconds left.\n|\n|t:|1700751194\n|move|p1b: Amoonguss|Pollen Puff|p2b: Cresselia\n|-supereffective|p2b: Cresselia\n|-crit|p2b: Cresselia\n|-damage|p2b: Cresselia|41\/100\n|move|p1a: Iron Hands|Wild Charge|p2b: Cresselia\n|-damage|p2b: Cresselia|13\/100\n|-damage|p1a: Iron Hands|87\/100|[from] Recoil\n|move|p2b: Cresselia|Lunar Blessing|p2b: Cresselia|[spread] p2a,p2b\n|-heal|p2b: Cresselia|38\/100\n|move|p2a: Annihilape|Bulk Up|p2a: Annihilape\n|-boost|p2a: Annihilape|atk|1\n|-boost|p2a: Annihilape|def|1\n|\n|upkeep\n|turn|6\n|\n|t:|1700751217\n|switch|p2b: Grimmsnarl|Grimmsnarl, L50, M|17\/100\n|move|p1b: Amoonguss|Spore|p2a: Annihilape\n|-status|p2a: Annihilape|slp|[from] move: Spore\n|move|p1a: Iron Hands|Wild Charge|p2b: Grimmsnarl\n|-damage|p2b: Grimmsnarl|0 fnt\n|faint|p2b: Grimmsnarl\n|-damage|p1a: Iron Hands|83\/100|[from] Recoil\n|cant|p2a: Annihilape|slp\n|\n|upkeep\n|\n|t:|1700751228\n|switch|p2b: Cresselia|Cresselia, L50, F|38\/100\n|turn|7\n|\n|t:|1700751243\n|move|p1b: Amoonguss|Pollen Puff|p2b: Cresselia\n|-supereffective|p2b: Cresselia\n|-damage|p2b: Cresselia|24\/100\n|move|p1a: Iron Hands|Wild Charge|p2b: Cresselia\n|-damage|p2b: Cresselia|0 fnt\n|faint|p2b: Cresselia\n|-damage|p1a: Iron Hands|77\/100|[from] Recoil\n|cant|p2a: Annihilape|slp\n|\n|-fieldend|move: Trick Room\n|upkeep\n|\n|t:|1700751254\n|switch|p2b: Iron Hands|Iron Hands, L50|100\/100\n|turn|8\n|\n|t:|1700751275\n|move|p2b: Iron Hands|Fake Out|p1b: Amoonguss\n|-damage|p1b: Amoonguss|90\/100\n|-damage|p2b: Iron Hands|84\/100|[from] item: Rocky Helmet|[of] p1b: Amoonguss\n|-curestatus|p2a: Annihilape|slp|[msg]\n|move|p2a: Annihilape|Drain Punch|p1a: Iron Hands\n|-damage|p1a: Iron Hands|35\/100\n|move|p1a: Iron Hands|Drain Punch|p2b: Iron Hands\n|-damage|p2b: Iron Hands|58\/100\n|-heal|p1a: Iron Hands|48\/100|[from] drain|[of] p2b: Iron Hands\n|cant|p1b: Amoonguss|flinch\n|\n|-sideend|p2: victinity|move: Light Screen\n|upkeep\n|turn|9\n|inactive|victinity has 30 seconds left.\n|inactive|victinity has 20 seconds left.\n|\n|t:|1700751310\n|-end|p1a: Iron Hands|Quark Drive|[silent]\n|switch|p1a: Flutter Mane|Flutter Mane, L50|85\/100\n|move|p2a: Annihilape|Drain Punch|p1a: Flutter Mane\n|-immune|p1a: Flutter Mane\n|move|p2b: Iron Hands|Drain Punch|p1a: Flutter Mane\n|-immune|p1a: Flutter Mane\n|move|p1b: Amoonguss|Spore|p2a: Annihilape\n|-status|p2a: Annihilape|slp|[from] move: Spore\n|\n|upkeep\n|turn|10\n|inactive|Sh1k3 has 30 seconds left.\n|\n|t:|1700751337\n|move|p1a: Flutter Mane|Moonblast|p2b: Iron Hands\n|-supereffective|p2b: Iron Hands\n|-damage|p2b: Iron Hands|0 fnt\n|faint|p2b: Iron Hands\n|-end|p2b: Iron Hands|Quark Drive|[silent]\n|cant|p2a: Annihilape|slp\n|move|p1b: Amoonguss|Spore|p2a: Annihilape\n|-fail|p2a: Annihilape|slp\n|\n|upkeep\n|turn|11\n|\n|t:|1700751360\n|-end|p1a: Flutter Mane|Protosynthesis|[silent]\n|switch|p1a: Iron Hands|Iron Hands, L50|48\/100\n|cant|p2a: Annihilape|slp\n|move|p1b: Amoonguss|Spore|p2a: Annihilape\n|-fail|p2a: Annihilape|slp\n|\n|upkeep\n|turn|12\n|\n|t:|1700751384\n|-end|p1a: Iron Hands|Quark Drive|[silent]\n|switch|p1a: Flutter Mane|Flutter Mane, L50|85\/100\n|-curestatus|p2a: Annihilape|slp|[msg]\n|move|p2a: Annihilape|Rage Fist|p1b: Amoonguss\n|-damage|p1b: Amoonguss|53\/100\n|-damage|p2a: Annihilape|84\/100|[from] item: Rocky Helmet|[of] p1b: Amoonguss\n|move|p1b: Amoonguss|Spore|p2a: Annihilape\n|-status|p2a: Annihilape|slp|[from] move: Spore\n|\n|upkeep\n|turn|13\n|\n|t:|1700751405\n|-end|p1a: Flutter Mane|Protosynthesis|[silent]\n|switch|p1a: Landorus|Landorus-Therian, L50, M|100\/100\n|-ability|p1a: Landorus|Intimidate|boost\n|-unboost|p2a: Annihilape|atk|1\n|-ability|p2a: Annihilape|Defiant|boost\n|-boost|p2a: Annihilape|atk|2\n|cant|p2a: Annihilape|slp\n|move|p1b: Amoonguss|Pollen Puff|p2a: Annihilape\n|-resisted|p2a: Annihilape\n|-damage|p2a: Annihilape|76\/100 slp\n|\n|upkeep\n|turn|14\n|\n|t:|1700751425\n|move|p1b: Amoonguss|Rage Powder|p1b: Amoonguss\n|-singleturn|p1b: Amoonguss|move: Rage Powder\n|move|p1a: Landorus|Stomping Tantrum|p2a: Annihilape\n|-supereffective|p2a: Annihilape\n|-damage|p2a: Annihilape|39\/100 slp\n|cant|p2a: Annihilape|slp\n|\n|upkeep\n|turn|15\n|inactive|victinity has 30 seconds left.\n|\n|t:|1700751455\n|move|p1b: Amoonguss|Rage Powder|p1b: Amoonguss\n|-singleturn|p1b: Amoonguss|move: Rage Powder\n|move|p1a: Landorus|Stomping Tantrum|p2a: Annihilape\n|-supereffective|p2a: Annihilape\n|-damage|p2a: Annihilape|3\/100 slp\n|-enditem|p2a: Annihilape|Iapapa Berry|[eat]\n|-heal|p2a: Annihilape|36\/100 slp|[from] item: Iapapa Berry\n|cant|p2a: Annihilape|slp\n|\n|upkeep\n|turn|16\n|\n|t:|1700751464\n|move|p1b: Amoonguss|Rage Powder|p1b: Amoonguss\n|-singleturn|p1b: Amoonguss|move: Rage Powder\n|move|p1a: Landorus|Stomping Tantrum|p2a: Annihilape\n|-supereffective|p2a: Annihilape\n|-damage|p2a: Annihilape|0 fnt\n|faint|p2a: Annihilape\n|\n|win|Sh1k3\n|raw|Sh1k3's rating: 1469 &rarr; <strong>1494<\/strong><br \/>(+25 for winning)\n|raw|victinity's rating: 1559 &rarr; <strong>1534<\/strong><br \/>(-25 for losing)\n|l|\u2606victinity\n|l| randomuser0000\n","uploadtime":1700751485,"views":11,"p1id":"sh1k3","p2id":"victinity","formatid":"gen9vgc2023regulatione","rating":1494,"private":0,"password":""}