{"id":"gen9vgc2023regulatione-1997909886","p1":"Ampy Wampether","p2":"raul6248","format":"[Gen 9] VGC 2023 Regulation E","log":"|j|\u2606Ampy Wampether\n|j|\u2606raul6248\n|t:|1700866363\n|gametype|doubles\n|player|p1|Ampy Wampether|janitor|1338\n|player|p2|raul6248|shadowtriad|1349\n|teamsize|p1|6\n|teamsize|p2|6\n|gen|9\n|tier|[Gen 9] VGC 2023 Regulation E\n|rated|\n|rule|Species Clause: Limit one of each Pok\u00e9mon\n|rule|Item Clause: Limit one of each item\n|clearpoke\n|poke|p1|Iron Hands, L50|\n|poke|p1|Arcanine-Hisui, L50, M|\n|poke|p1|Sinistcha, L50|\n|poke|p1|Toxapex, L50, M|\n|poke|p1|Moltres-Galar, L50|\n|poke|p1|Grimmsnarl, L50, M|\n|poke|p2|Tornadus, L50, M|\n|poke|p2|Gholdengo, L50|\n|poke|p2|Regidrago, L50|\n|poke|p2|Urshifu-*, L50, M|\n|poke|p2|Arcanine-Hisui, L50, M|\n|poke|p2|Rillaboom, L50, F|\n|teampreview|4\n|\n|t:|1700866409\n|start\n|switch|p1a: Moltres|Moltres-Galar, L50|100\/100\n|switch|p1b: Grimmsnarl|Grimmsnarl, L50, M|100\/100\n|switch|p2a: Arcanine|Arcanine-Hisui, L50, M|100\/100\n|switch|p2b: Tornadus|Tornadus, L50, M|100\/100\n|-ability|p2a: Arcanine|Intimidate|boost\n|-unboost|p1a: Moltres|atk|1\n|-unboost|p1b: Grimmsnarl|atk|1\n|turn|1\n|\n|t:|1700866424\n|move|p1b: Grimmsnarl|Parting Shot|p2a: Arcanine\n|-unboost|p2a: Arcanine|atk|1\n|-unboost|p2a: Arcanine|spa|1\n|\n|t:|1700866428\n|switch|p1b: Arcanine|Arcanine-Hisui, L50, M|100\/100|[from] Parting Shot\n|-ability|p1b: Arcanine|Intimidate|boost\n|-unboost|p2a: Arcanine|atk|1\n|-unboost|p2b: Tornadus|atk|1\n|move|p2b: Tornadus|Bleakwind Storm|p1b: Arcanine|[spread] p1a,p1b\n|-resisted|p1b: Arcanine\n|-damage|p1a: Moltres|79\/100\n|-damage|p1b: Arcanine|86\/100\n|move|p2a: Arcanine|Rock Slide|p1b: Arcanine|[spread] p1a,p1b\n|-supereffective|p1a: Moltres\n|-supereffective|p1b: Arcanine\n|-damage|p1a: Moltres|53\/100\n|-damage|p1b: Arcanine|52\/100\n|cant|p1a: Moltres|flinch\n|\n|upkeep\n|turn|2\n|\n|t:|1700866467\n|switch|p2a: Gholdengo|Gholdengo, L50|100\/100\n|move|p1b: Arcanine|Protect|p1b: Arcanine\n|-singleturn|p1b: Arcanine|Protect\n|move|p2b: Tornadus|Tailwind|p2b: Tornadus\n|-sidestart|p2: raul6248|move: Tailwind\n|move|p1a: Moltres|Fiery Wrath|p2b: Tornadus|[spread] p2a,p2b\n|-supereffective|p2a: Gholdengo\n|-damage|p2a: Gholdengo|35\/100\n|-damage|p2b: Tornadus|67\/100\n|\n|upkeep\n|turn|3\n|\n|t:|1700866495\n|-terastallize|p1b: Arcanine|Water\n|move|p2b: Tornadus|Rain Dance|p2b: Tornadus\n|-weather|RainDance\n|move|p2a: Gholdengo|Make It Rain|p1b: Arcanine|[spread] p1a,p1b\n|-resisted|p1b: Arcanine\n|-damage|p1a: Moltres|17\/100\n|-damage|p1b: Arcanine|28\/100\n|-unboost|p2a: Gholdengo|spa|1\n|-enditem|p1b: Arcanine|Sitrus Berry|[eat]\n|-heal|p1b: Arcanine|53\/100|[from] item: Sitrus Berry\n|-ability|p1a: Moltres|Berserk|boost\n|-boost|p1a: Moltres|spa|1\n|move|p1b: Arcanine|Rock Slide|p2b: Tornadus|[spread] p2a,p2b\n|-resisted|p2a: Gholdengo\n|-supereffective|p2b: Tornadus\n|-damage|p2a: Gholdengo|22\/100\n|-damage|p2b: Tornadus|5\/100\n|move|p1a: Moltres|Fiery Wrath|p2b: Tornadus|[spread] p2a,p2b\n|-supereffective|p2a: Gholdengo\n|-damage|p2a: Gholdengo|0 fnt\n|-damage|p2b: Tornadus|0 fnt\n|faint|p2a: Gholdengo\n|faint|p2b: Tornadus\n|\n|-weather|RainDance|[upkeep]\n|upkeep\n|\n|t:|1700866503\n|switch|p2b: Arcanine|Arcanine-Hisui, L50, M|100\/100\n|switch|p2a: Rillaboom|Rillaboom, L50, F|100\/100\n|-ability|p2b: Arcanine|Intimidate|boost\n|-unboost|p1a: Moltres|atk|1\n|-unboost|p1b: Arcanine|atk|1\n|-fieldstart|move: Grassy Terrain|[from] ability: Grassy Surge|[of] p2a: Rillaboom\n|turn|4\n|\n|t:|1700866530\n|switch|p1b: Sinistcha|Sinistcha, L50|100\/100\n|-heal|p1a: Moltres|42\/100|[from] ability: Hospitality|[of] p1b: Sinistcha\n|move|p1a: Moltres|Protect|p1a: Moltres\n|-singleturn|p1a: Moltres|Protect\n|move|p2a: Rillaboom|Fake Out|p1a: Moltres\n|-activate|p1a: Moltres|move: Protect\n|move|p2b: Arcanine|Will-O-Wisp|p1b: Sinistcha\n|-status|p1b: Sinistcha|brn\n|\n|-weather|RainDance|[upkeep]\n|-damage|p1b: Sinistcha|94\/100 brn|[from] brn\n|upkeep\n|turn|5\n|\n|t:|1700866549\n|switch|p1b: Arcanine|Arcanine-Hisui, L50, M, tera:Water|53\/100\n|-ability|p1b: Arcanine|Intimidate|boost\n|-unboost|p2a: Rillaboom|atk|1\n|-unboost|p2b: Arcanine|atk|1\n|move|p2b: Arcanine|Rock Slide|p1a: Moltres|[spread] p1a,p1b\n|-supereffective|p1a: Moltres\n|-damage|p1a: Moltres|3\/100\n|-damage|p1b: Arcanine|34\/100\n|move|p2a: Rillaboom|Wood Hammer|p1b: Arcanine\n|-supereffective|p1b: Arcanine\n|-damage|p1b: Arcanine|0 fnt\n|faint|p1b: Arcanine\n|-damage|p2a: Rillaboom|90\/100|[from] Recoil\n|move|p1a: Moltres|Fiery Wrath|p2a: Rillaboom|[spread] p2a,p2b\n|-damage|p2a: Rillaboom|59\/100\n|-damage|p2b: Arcanine|45\/100\n|-enditem|p2b: Arcanine|Sitrus Berry|[eat]\n|-heal|p2b: Arcanine|70\/100|[from] item: Sitrus Berry\n|\n|-weather|RainDance|[upkeep]\n|-heal|p2b: Arcanine|76\/100|[from] Grassy Terrain\n|-heal|p2a: Rillaboom|65\/100|[from] Grassy Terrain\n|-sideend|p2: raul6248|move: Tailwind\n|upkeep\n|\n|t:|1700866562\n|switch|p1b: Sinistcha|Sinistcha, L50|94\/100 brn\n|-heal|p1a: Moltres|27\/100|[from] ability: Hospitality|[of] p1b: Sinistcha\n|turn|6\n|\n|t:|1700866585\n|move|p1a: Moltres|Protect|p1a: Moltres\n|-singleturn|p1a: Moltres|Protect\n|move|p2b: Arcanine|Extreme Speed|p1a: Moltres\n|-activate|p1a: Moltres|move: Protect\n|move|p2a: Rillaboom|Grassy Glide|p1a: Moltres\n|-activate|p1a: Moltres|move: Protect\n|move|p1b: Sinistcha|Trick Room|p1b: Sinistcha\n|-fieldstart|move: Trick Room|[of] p1b: Sinistcha\n|\n|-weather|RainDance|[upkeep]\n|-heal|p1b: Sinistcha|100\/100 brn|[from] Grassy Terrain\n|-heal|p2a: Rillaboom|70\/100|[from] Grassy Terrain\n|-heal|p2b: Arcanine|82\/100|[from] Grassy Terrain\n|-damage|p1b: Sinistcha|94\/100 brn|[from] brn\n|upkeep\n|turn|7\n|\n|t:|1700866607\n|move|p1b: Sinistcha|Rage Powder|p1b: Sinistcha\n|-singleturn|p1b: Sinistcha|move: Rage Powder\n|move|p2b: Arcanine|Extreme Speed|p1b: Sinistcha\n|-immune|p1b: Sinistcha\n|move|p2a: Rillaboom|Grassy Glide|p1a: Moltres\n|-resisted|p1a: Moltres\n|-damage|p1a: Moltres|16\/100\n|move|p1a: Moltres|Fiery Wrath|p2b: Arcanine|[spread] p2a,p2b\n|-damage|p2a: Rillaboom|38\/100\n|-damage|p2b: Arcanine|26\/100\n|\n|-weather|none\n|-heal|p1b: Sinistcha|100\/100 brn|[from] Grassy Terrain\n|-heal|p2a: Rillaboom|44\/100|[from] Grassy Terrain\n|-heal|p2b: Arcanine|32\/100|[from] Grassy Terrain\n|-damage|p1b: Sinistcha|94\/100 brn|[from] brn\n|upkeep\n|turn|8\n|\n|t:|1700866630\n|move|p1b: Sinistcha|Rage Powder|p1b: Sinistcha\n|-singleturn|p1b: Sinistcha|move: Rage Powder\n|move|p2a: Rillaboom|Grassy Glide|p1a: Moltres\n|-resisted|p1a: Moltres\n|-damage|p1a: Moltres|4\/100\n|move|p1a: Moltres|Fiery Wrath|p2b: Arcanine|[spread] p2a,p2b\n|-damage|p2a: Rillaboom|13\/100\n|-damage|p2b: Arcanine|0 fnt\n|faint|p2b: Arcanine\n|\n|-heal|p1b: Sinistcha|100\/100 brn|[from] Grassy Terrain\n|-heal|p2a: Rillaboom|18\/100|[from] Grassy Terrain\n|-damage|p1b: Sinistcha|94\/100 brn|[from] brn\n|-fieldend|move: Grassy Terrain\n|upkeep\n|turn|9\n|\n|t:|1700866642\n|move|p1b: Sinistcha|Matcha Gotcha|p2a: Rillaboom\n|-resisted|p2a: Rillaboom\n|-damage|p2a: Rillaboom|6\/100\n|-heal|p1b: Sinistcha|100\/100 brn|[from] drain|[of] p2a: Rillaboom\n|move|p1a: Moltres|Fiery Wrath|p2a: Rillaboom\n|-damage|p2a: Rillaboom|0 fnt\n|faint|p2a: Rillaboom\n|\n|win|Ampy Wampether\n|raw|Ampy Wampether's rating: 1338 &rarr; <strong>1359<\/strong><br \/>(+21 for winning)\n|raw|raul6248's rating: 1349 &rarr; <strong>1328<\/strong><br \/>(-21 for losing)\n|c|\u2606raul6248|gg\n","uploadtime":1700866654,"views":5,"p1id":"ampywampether","p2id":"raul6248","formatid":"gen9vgc2023regulatione","rating":1328,"private":0,"password":""}