{"id":"gen9vgc2023regulatione-1992722000","p1":"Shibatku","p2":"Coro 397","format":"[Gen 9] VGC 2023 Regulation E","log":"|j|\u2606Shibatku\n|j|\u2606Coro 397\n|t:|1700229138\n|gametype|doubles\n|player|p1|Shibatku|byron|1202\n|player|p2|Coro 397|169|1202\n|teamsize|p1|6\n|teamsize|p2|6\n|gen|9\n|tier|[Gen 9] VGC 2023 Regulation E\n|rated|\n|rule|Species Clause: Limit one of each Pok\u00e9mon\n|rule|Item Clause: Limit one of each item\n|clearpoke\n|poke|p1|Indeedee-F, L50, F|\n|poke|p1|Urshifu-*, L50, F|\n|poke|p1|Ursaluna-Bloodmoon, L50, M|\n|poke|p1|Tornadus, L50, M|\n|poke|p1|Armarouge, L50, M|\n|poke|p1|Flutter Mane, L50|\n|poke|p2|Kommo-o, L50, F|\n|poke|p2|Clefairy, L50, F|\n|poke|p2|Iron Hands, L50|\n|poke|p2|Sinistcha-Masterpiece, L50|\n|poke|p2|Urshifu-*, L50, F|\n|poke|p2|Snorlax, L50, F|\n|teampreview|4\n|inactive|Battle timer is ON: inactive players will automatically lose when time's up. (requested by Shibatku)\n|\n|t:|1700229186\n|start\n|switch|p1a: Indeedee|Indeedee-F, L50, F|100\/100\n|switch|p1b: Armarouge|Armarouge, L50, M, shiny|100\/100\n|switch|p2a: Clefairy|Clefairy, L50, F|100\/100\n|switch|p2b: Kommo-o|Kommo-o, L50, F|100\/100\n|-fieldstart|move: Psychic Terrain|[from] ability: Psychic Surge|[of] p1a: Indeedee\n|turn|1\n|inactive|Shibatku has 30 seconds left.\n|inactive|Coro 397 has 30 seconds left.\n|\n|t:|1700229216\n|-terastallize|p2b: Kommo-o|Steel\n|-terastallize|p1b: Armarouge|Psychic\n|move|p1a: Indeedee|Helping Hand|p1b: Armarouge\n|-singleturn|p1b: Armarouge|Helping Hand|[of] p1a: Indeedee\n|move|p2a: Clefairy|Helping Hand|p2b: Kommo-o\n|-singleturn|p2b: Kommo-o|Helping Hand|[of] p2a: Clefairy\n|move|p2b: Kommo-o|Clanging Scales|p1b: Armarouge|[spread] p1a,p1b\n|-damage|p1a: Indeedee|51\/100\n|-damage|p1b: Armarouge|38\/100\n|-unboost|p2b: Kommo-o|def|1\n|-enditem|p2b: Kommo-o|Throat Spray\n|-boost|p2b: Kommo-o|spa|1|[from] item: Throat Spray\n|move|p1b: Armarouge|Expanding Force|p2b: Kommo-o|[spread] p2a,p2b\n|-resisted|p2b: Kommo-o\n|-damage|p2a: Clefairy|0 fnt\n|-damage|p2b: Kommo-o|37\/100\n|faint|p2a: Clefairy\n|-damage|p1b: Armarouge|29\/100|[from] item: Life Orb\n|\n|upkeep\n|\n|t:|1700229236\n|switch|p2a: Sinistcha|Sinistcha-Masterpiece, L50|100\/100\n|-heal|p2b: Kommo-o|62\/100|[from] ability: Hospitality|[of] p2a: Sinistcha\n|turn|2\n|inactive|Coro 397 has 30 seconds left.\n|inactive|Shibatku has 30 seconds left.\n|inactive|Coro 397 has 20 seconds left.\n|inactive|Shibatku has 20 seconds left.\n|inactive|Shibatku has 15 seconds left.\n|inactive|Shibatku has 10 seconds left.\n|\n|t:|1700229287\n|switch|p1b: Flutter Mane|Flutter Mane, L50, shiny|100\/100\n|-enditem|p1b: Flutter Mane|Booster Energy\n|-activate|p1b: Flutter Mane|ability: Protosynthesis|[fromitem]\n|-start|p1b: Flutter Mane|protosynthesisspa\n|move|p2b: Kommo-o|Clanging Scales|p1a: Indeedee|[spread] p1a\n|-immune|p1b: Flutter Mane\n|-damage|p1a: Indeedee|1\/100\n|-unboost|p2b: Kommo-o|def|1\n|move|p1a: Indeedee|Trick Room|p1a: Indeedee\n|-fieldstart|move: Trick Room|[of] p1a: Indeedee\n|move|p2a: Sinistcha|Trick Room|p2a: Sinistcha\n|-fieldend|move: Trick Room\n|\n|upkeep\n|turn|3\n|inactive|Shibatku has 30 seconds left.\n|inactive|Coro 397 has 30 seconds left.\n|inactive|Coro 397 has 20 seconds left.\n|\n|t:|1700229324\n|move|p1a: Indeedee|Helping Hand|p1b: Flutter Mane\n|-singleturn|p1b: Flutter Mane|Helping Hand|[of] p1a: Indeedee\n|move|p1b: Flutter Mane|Shadow Ball|p2a: Sinistcha\n|-supereffective|p2a: Sinistcha\n|-damage|p2a: Sinistcha|0 fnt\n|faint|p2a: Sinistcha\n|move|p2b: Kommo-o|Flash Cannon|p1b: Flutter Mane\n|-supereffective|p1b: Flutter Mane\n|-damage|p1b: Flutter Mane|11\/100\n|\n|upkeep\n|\n|t:|1700229335\n|switch|p2a: Iron Hands|Iron Hands, L50|100\/100\n|turn|4\n|\n|t:|1700229348\n|move|p1a: Indeedee|Helping Hand|p1b: Flutter Mane\n|-singleturn|p1b: Flutter Mane|Helping Hand|[of] p1a: Indeedee\n|move|p1b: Flutter Mane|Moonblast|p2a: Iron Hands\n|-supereffective|p2a: Iron Hands\n|-damage|p2a: Iron Hands|0 fnt\n|faint|p2a: Iron Hands\n|-end|p2a: Iron Hands|Quark Drive|[silent]\n|move|p2b: Kommo-o|Flash Cannon|p1b: Flutter Mane\n|-supereffective|p1b: Flutter Mane\n|-damage|p1b: Flutter Mane|0 fnt\n|faint|p1b: Flutter Mane\n|-end|p1b: Flutter Mane|Protosynthesis|[silent]\n|\n|upkeep\n|\n|t:|1700229361\n|switch|p1b: Armarouge|Armarouge, L50, M, shiny, tera:Psychic|29\/100\n|turn|5\n|\n|t:|1700229384\n|move|p1b: Armarouge|Wide Guard|p1b: Armarouge\n|-singleturn|p1b: Armarouge|Wide Guard\n|move|p2b: Kommo-o|Clanging Scales|p1a: Indeedee|[spread] \n|-activate|p1a: Indeedee|move: Wide Guard\n|-activate|p1b: Armarouge|move: Wide Guard\n|move|p1a: Indeedee|Dazzling Gleam|p2b: Kommo-o\n|-resisted|p2b: Kommo-o\n|-damage|p2b: Kommo-o|54\/100\n|\n|-fieldend|move: Psychic Terrain\n|upkeep\n|turn|6\n|\n|t:|1700229402\n|move|p1a: Indeedee|Follow Me|p1a: Indeedee\n|-singleturn|p1a: Indeedee|move: Follow Me\n|move|p2b: Kommo-o|Clanging Scales|p1b: Armarouge|[spread] p1a,p1b\n|-damage|p1a: Indeedee|0 fnt\n|-damage|p1b: Armarouge|0 fnt\n|faint|p1a: Indeedee\n|faint|p1b: Armarouge\n|-unboost|p2b: Kommo-o|def|1\n|\n|upkeep\n|\n|t:|1700229411\n|switch|p1a: Ursaluna|Ursaluna-Bloodmoon, L50, M|100\/100\n|turn|7\n|\n|t:|1700229429\n|move|p1a: Ursaluna|Protect|p1a: Ursaluna\n|-singleturn|p1a: Ursaluna|Protect\n|move|p2b: Kommo-o|Clanging Scales|p1a: Ursaluna\n|-activate|p1a: Ursaluna|move: Protect\n|\n|upkeep\n|turn|8\n|\n|t:|1700229440\n|move|p2b: Kommo-o|Clanging Scales|p1a: Ursaluna\n|-damage|p1a: Ursaluna|9\/100\n|-unboost|p2b: Kommo-o|def|1\n|move|p1a: Ursaluna|Blood Moon|p2b: Kommo-o\n|-resisted|p2b: Kommo-o\n|-damage|p2b: Kommo-o|12\/100\n|\n|upkeep\n|turn|9\n|\n|t:|1700229455\n|move|p2b: Kommo-o|Clanging Scales|p1a: Ursaluna\n|-damage|p1a: Ursaluna|0 fnt\n|faint|p1a: Ursaluna\n|\n|win|Coro 397\n|raw|Shibatku's rating: 1202 &rarr; <strong>1177<\/strong><br \/>(-25 for losing)\n|raw|Coro 397's rating: 1202 &rarr; <strong>1227<\/strong><br \/>(+25 for winning)\n|l|\u2606Shibatku\n","uploadtime":1700229461,"views":25,"p1id":"shibatku","p2id":"coro397","formatid":"gen9vgc2023regulatione","rating":1177,"private":0,"password":""}