{"id":"gen9vgc2023regulatione-1991303556","p1":"YoungSinatra44","p2":"Thieving_Vigilante","format":"[Gen 9] VGC 2023 Regulation E","log":"|j|\u2606YoungSinatra44\n|j|\u2606Thieving_Vigilante\n|t:|1700065852\n|gametype|doubles\n|player|p1|YoungSinatra44|101|1072\n|player|p2|Thieving_Vigilante|ethan|1071\n|teamsize|p1|6\n|teamsize|p2|6\n|gen|9\n|tier|[Gen 9] VGC 2023 Regulation E\n|rated|\n|rule|Species Clause: Limit one of each Pok\u00e9mon\n|rule|Item Clause: Limit one of each item\n|clearpoke\n|poke|p1|Weezing, L50, M|\n|poke|p1|Gardevoir, L50, M|\n|poke|p1|Oranguru, L50, M|\n|poke|p1|Iron Hands, L50|\n|poke|p1|Snorlax, L50, F|\n|poke|p1|Landorus-Therian, L50, M|\n|poke|p2|Gholdengo, L50|\n|poke|p2|Iron Hands, L50|\n|poke|p2|Iron Bundle, L50|\n|poke|p2|Pelipper, L50, M|\n|poke|p2|Salamence, L50, M|\n|poke|p2|Vivillon, L50, F|\n|teampreview|4\n|inactive|Battle timer is ON: inactive players will automatically lose when time's up. (requested by Thieving_Vigilante)\n|inactive|YoungSinatra44 has 60 seconds left.\nThieving_Vigilante rejected open team sheets.\n|inactive|YoungSinatra44 has 30 seconds left.\n|\n|t:|1700065915\n|start\n|switch|p1a: Gardevoir|Gardevoir, L50, M|100\/100\n|switch|p1b: Oranguru|Oranguru, L50, M|100\/100\n|switch|p2a: Iron Hands|Iron Hands, L50|100\/100\n|switch|p2b: Vivillon|Vivillon, L50, F|100\/100\n|-ability|p1a: Gardevoir|Compound Eyes|[from] ability: Trace|[of] p2b: Vivillon\n|turn|1\n|inactive|YoungSinatra44 has 30 seconds left.\n|\n|t:|1700065940\n|move|p2a: Iron Hands|Fake Out|p1a: Gardevoir\n|-damage|p1a: Gardevoir|74\/100\n|move|p2b: Vivillon|Sleep Powder|p1b: Oranguru\n|-status|p1b: Oranguru|slp|[from] move: Sleep Powder\n|cant|p1a: Gardevoir|flinch\n|cant|p1b: Oranguru|slp\n|\n|upkeep\n|turn|2\n|\n|t:|1700065952\n|switch|p2b: Pelipper|Pelipper, L50, M|100\/100\n|-weather|RainDance|[from] ability: Drizzle|[of] p2b: Pelipper\n|move|p1a: Gardevoir|Trick|p2a: Iron Hands\n|-activate|p1a: Gardevoir|move: Trick|[of] p2a: Iron Hands\n|-item|p2a: Iron Hands|Choice Specs|[from] move: Trick\n|-item|p1a: Gardevoir|Assault Vest|[from] move: Trick\n|move|p2a: Iron Hands|Heavy Slam|p1a: Gardevoir\n|-supereffective|p1a: Gardevoir\n|-damage|p1a: Gardevoir|0 fnt\n|faint|p1a: Gardevoir\n|-curestatus|p1b: Oranguru|slp|[msg]\n|move|p1b: Oranguru|Trick Room|p1b: Oranguru\n|-fieldstart|move: Trick Room|[of] p1b: Oranguru\n|\n|-weather|RainDance|[upkeep]\n|upkeep\n|\n|t:|1700065965\n|switch|p1a: Snorlax|Snorlax, L50, F|100\/100\n|turn|3\n|\n|t:|1700065972\n|-end|p2a: Iron Hands|Quark Drive|[silent]\n|switch|p2a: Salamence|Salamence, L50, M|100\/100\n|-ability|p2a: Salamence|Intimidate|boost\n|-unboost|p1a: Snorlax|atk|1\n|-unboost|p1b: Oranguru|atk|1\n|move|p1a: Snorlax|Belly Drum|p1a: Snorlax\n|-damage|p1a: Snorlax|50\/100\n|-setboost|p1a: Snorlax|atk|6|[from] move: Belly Drum\n|-enditem|p1a: Snorlax|Iapapa Berry|[eat]\n|-heal|p1a: Snorlax|84\/100|[from] item: Iapapa Berry\n|move|p1b: Oranguru|Nasty Plot|p1b: Oranguru\n|-boost|p1b: Oranguru|spa|2\n|move|p2b: Pelipper|Hurricane|p1b: Oranguru\n|-damage|p1b: Oranguru|65\/100\n|\n|-weather|RainDance|[upkeep]\n|upkeep\n|turn|4\n|inactive|Thieving_Vigilante has 30 seconds left.\n|\n|t:|1700066003\n|switch|p2a: Iron Hands|Iron Hands, L50|100\/100\n|move|p2b: Pelipper|Protect|p2b: Pelipper\n|-singleturn|p2b: Pelipper|Protect\n|move|p1a: Snorlax|Facade|p2b: Pelipper\n|-activate|p2b: Pelipper|move: Protect\n|move|p1b: Oranguru|Hyper Voice|p2a: Iron Hands|[spread] p2a\n|-activate|p2b: Pelipper|move: Protect\n|-damage|p2a: Iron Hands|69\/100\n|\n|-weather|RainDance|[upkeep]\n|upkeep\n|turn|5\n|\n|t:|1700066023\n|move|p2a: Iron Hands|Fake Out|p1a: Snorlax\n|-damage|p1a: Snorlax|70\/100\n|cant|p1a: Snorlax|flinch\n|move|p1b: Oranguru|Hyper Voice|p2a: Iron Hands|[spread] p2a,p2b\n|-damage|p2a: Iron Hands|33\/100\n|-damage|p2b: Pelipper|30\/100\n|move|p2b: Pelipper|Hurricane|p1b: Oranguru\n|-damage|p1b: Oranguru|35\/100\n|\n|-weather|RainDance|[upkeep]\n|upkeep\n|turn|6\n|inactive|Thieving_Vigilante has 30 seconds left.\n|\n|t:|1700066056\n|move|p2a: Iron Hands|Fake Out||[still]\n|-hint|Fake Out only works on your first turn out.\n|-fail|p2a: Iron Hands\n|move|p1a: Snorlax|Facade|p2a: Iron Hands\n|-damage|p2a: Iron Hands|0 fnt\n|faint|p2a: Iron Hands\n|-end|p2a: Iron Hands|Quark Drive|[silent]\n|move|p1b: Oranguru|Hyper Voice|p2b: Pelipper\n|-damage|p2b: Pelipper|0 fnt\n|faint|p2b: Pelipper\n|\n|-weather|none\n|-fieldend|move: Trick Room\n|upkeep\n|\n|t:|1700066066\n|switch|p2b: Salamence|Salamence, L50, M|100\/100\n|switch|p2a: Vivillon|Vivillon, L50, F|100\/100\n|-ability|p2b: Salamence|Intimidate|boost\n|-unboost|p1a: Snorlax|atk|1\n|-unboost|p1b: Oranguru|atk|1\n|turn|7\n|\n|t:|1700066084\n|move|p2b: Salamence|Air Slash|p1b: Oranguru\n|-damage|p1b: Oranguru|9\/100\n|move|p2a: Vivillon|Sleep Powder|p1a: Snorlax\n|-status|p1a: Snorlax|slp|[from] move: Sleep Powder\n|cant|p1a: Snorlax|slp\n|cant|p1b: Oranguru|flinch\n|\n|upkeep\n|turn|8\n|c|\u2606YoungSinatra44|the flinch luck\n|\n|t:|1700066107\n|move|p2b: Salamence|Air Slash|p1a: Snorlax\n|-crit|p1a: Snorlax\n|-damage|p1a: Snorlax|40\/100 slp\n|move|p2a: Vivillon|Pollen Puff|p1b: Oranguru\n|-supereffective|p1b: Oranguru\n|-damage|p1b: Oranguru|0 fnt\n|faint|p1b: Oranguru\n|cant|p1a: Snorlax|slp\n|\n|upkeep\n|\n|t:|1700066116\n|switch|p1b: Iron Hands|Iron Hands, L50|100\/100\n|turn|9\n|\n|t:|1700066128\n|move|p1b: Iron Hands|Fake Out|p2a: Vivillon\n|-damage|p2a: Vivillon|72\/100\n|move|p2b: Salamence|Air Slash|p1a: Snorlax\n|-damage|p1a: Snorlax|20\/100 slp\n|cant|p2a: Vivillon|flinch\n|cant|p1a: Snorlax|slp\n|\n|upkeep\n|turn|10\n|\n|t:|1700066145\n|move|p2b: Salamence|Air Slash|p1a: Snorlax\n|-damage|p1a: Snorlax|0 fnt\n|faint|p1a: Snorlax\n|move|p2a: Vivillon|Sleep Powder|p1b: Iron Hands\n|-status|p1b: Iron Hands|slp|[from] move: Sleep Powder\n|cant|p1b: Iron Hands|slp\n|\n|upkeep\n|turn|11\n|\n|t:|1700066159\n|move|p2b: Salamence|Air Slash|p1b: Iron Hands\n|-damage|p1b: Iron Hands|78\/100 slp\n|move|p2a: Vivillon|Pollen Puff|p1b: Iron Hands\n|-resisted|p1b: Iron Hands\n|-damage|p1b: Iron Hands|68\/100 slp\n|cant|p1b: Iron Hands|slp\n|\n|upkeep\n|turn|12\n|\n|t:|1700066181\n|-terastallize|p2b: Salamence|Flying\n|move|p2b: Salamence|Air Slash|p1b: Iron Hands\n|-damage|p1b: Iron Hands|40\/100 slp\n|move|p2a: Vivillon|Pollen Puff|p1b: Iron Hands\n|-resisted|p1b: Iron Hands\n|-crit|p1b: Iron Hands\n|-damage|p1b: Iron Hands|23\/100 slp\n|cant|p1b: Iron Hands|slp\n|\n|upkeep\n|turn|13\n|c|\u2606YoungSinatra44|i call bs\n|-message|YoungSinatra44 forfeited.\n|\n|win|Thieving_Vigilante\n|raw|YoungSinatra44's rating: 1072 &rarr; <strong>1051<\/strong><br \/>(-21 for losing)\n|raw|Thieving_Vigilante's rating: 1071 &rarr; <strong>1100<\/strong><br \/>(+29 for winning)\n|l|\u2606YoungSinatra44\n","uploadtime":1700066209,"views":17,"p1id":"youngsinatra44","p2id":"thievingvigilante","formatid":"gen9vgc2023regulatione","rating":1051,"private":0,"password":""}