{"id":"gen9vgc2023regulatione-1998260763","p1":"NairolfOgeid","p2":"Randomteam0706","format":"[Gen 9] VGC 2023 Regulation E","log":"|j|\u2606NairolfOgeid\n|j|\u2606Randomteam0706\n|t:|1700921378\n|gametype|doubles\n|player|p1|NairolfOgeid|2|1024\n|player|p2|Randomteam0706|169|1058\n|teamsize|p1|6\n|teamsize|p2|6\n|gen|9\n|tier|[Gen 9] VGC 2023 Regulation E\n|rated|\n|rule|Species Clause: Limit one of each Pok\u00e9mon\n|rule|Item Clause: Limit one of each item\n|clearpoke\n|poke|p1|Ninetales, L50, F|\n|poke|p1|Roaring Moon, L50|\n|poke|p1|Great Tusk, L50|\n|poke|p1|Sinistcha-Masterpiece, L50|\n|poke|p1|Rillaboom, L50, F|\n|poke|p1|Ogerpon-Wellspring, L50, F|\n|poke|p2|Kingambit, L50, M|\n|poke|p2|Ceruledge, L50, F|\n|poke|p2|Ludicolo, L50, F|\n|poke|p2|Jumpluff, L50, F|\n|poke|p2|Misdreavus, L50, F|\n|poke|p2|Torkoal, L50, F|\n|teampreview|4\n|\n|t:|1700921415\n|start\n|switch|p1a: Ninetales|Ninetales, L50, F|100\/100\n|switch|p1b: Roaring Moon|Roaring Moon, L50|100\/100\n|switch|p2a: Jumpluff|Jumpluff, L50, F|100\/100\n|switch|p2b: Torkoal|Torkoal, L50, F|100\/100\n|-weather|SunnyDay|[from] ability: Drought|[of] p1a: Ninetales\n|-activate|p1b: Roaring Moon|ability: Protosynthesis\n|-start|p1b: Roaring Moon|protosynthesisspe\n|turn|1\n|\n|t:|1700921445\n|move|p2a: Jumpluff|Sleep Powder|p1b: Roaring Moon\n|-status|p1b: Roaring Moon|slp|[from] move: Sleep Powder\n|cant|p1b: Roaring Moon|slp\n|move|p1a: Ninetales|Howl|p1a: Ninetales|[spread] p1a,p1b\n|-boost|p1a: Ninetales|atk|1\n|-boost|p1b: Roaring Moon|atk|1\n|move|p2b: Torkoal|Overheat|p1a: Ninetales\n|-resisted|p1a: Ninetales\n|-damage|p1a: Ninetales|61\/100\n|-unboost|p2b: Torkoal|spa|2\n|-enditem|p2b: Torkoal|Eject Pack\n|\n|t:|1700921458\n|switch|p2b: Ludicolo|Ludicolo, L50, F|100\/100\n|\n|-weather|SunnyDay|[upkeep]\n|upkeep\n|turn|2\n|\n|t:|1700921491\n|-terastallize|p2b: Ludicolo|Water\n|move|p2a: Jumpluff|Rain Dance|p2a: Jumpluff\n|-weather|RainDance\n|-end|p1b: Roaring Moon|Protosynthesis\n|move|p2b: Ludicolo|Weather Ball|p1b: Roaring Moon\n|-resisted|p1b: Roaring Moon\n|-damage|p1b: Roaring Moon|57\/100 slp\n|cant|p1b: Roaring Moon|slp\n|move|p1a: Ninetales|Howl|p1a: Ninetales|[spread] p1a,p1b\n|-boost|p1a: Ninetales|atk|1\n|-boost|p1b: Roaring Moon|atk|1\n|\n|-weather|RainDance|[upkeep]\n|upkeep\n|turn|3\n|\n|t:|1700921527\n|switch|p1a: Sinistcha|Sinistcha-Masterpiece, L50|100\/100\n|-heal|p1b: Roaring Moon|82\/100 slp|[from] ability: Hospitality|[of] p1a: Sinistcha\n|-curestatus|p1b: Roaring Moon|slp|[msg]\n|move|p1b: Roaring Moon|Protect|p1b: Roaring Moon\n|-singleturn|p1b: Roaring Moon|Protect\n|move|p2b: Ludicolo|Weather Ball|p1b: Roaring Moon\n|-activate|p1b: Roaring Moon|move: Protect\n|move|p2a: Jumpluff|U-turn|p1b: Roaring Moon\n|-activate|p1b: Roaring Moon|move: Protect\n|\n|-weather|RainDance|[upkeep]\n|upkeep\n|turn|4\n|\n|t:|1700921557\n|switch|p1a: Ninetales|Ninetales, L50, F|61\/100\n|-weather|SunnyDay|[from] ability: Drought|[of] p1a: Ninetales\n|-activate|p1b: Roaring Moon|ability: Protosynthesis\n|-start|p1b: Roaring Moon|protosynthesisatk\n|move|p2a: Jumpluff|Sleep Powder|p1b: Roaring Moon\n|-status|p1b: Roaring Moon|slp|[from] move: Sleep Powder\n|cant|p1b: Roaring Moon|slp\n|move|p2b: Ludicolo|Weather Ball|p1a: Ninetales\n|-resisted|p1a: Ninetales\n|-damage|p1a: Ninetales|40\/100\n|\n|-weather|SunnyDay|[upkeep]\n|upkeep\n|turn|5\n|-message|NairolfOgeid forfeited.\n|\n|win|Randomteam0706\n|raw|NairolfOgeid's rating: 1024 &rarr; <strong>1012<\/strong><br \/>(-12 for losing)\n|raw|Randomteam0706's rating: 1058 &rarr; <strong>1086<\/strong><br \/>(+28 for winning)\n|l|\u2606NairolfOgeid\n","uploadtime":1700921582,"views":1,"p1id":"nairolfogeid","p2id":"randomteam0706","formatid":"gen9vgc2023regulatione","rating":1012,"private":0,"password":""}