{"id":"gen9vgc2023regulatione-1998993926","p1":"LongDragonKing428","p2":"HybridSniperHd","format":"[Gen 9] VGC 2023 Regulation E","log":"|j|\u2606LongDragonKing428\n|j|\u2606HybridSniperHd\n|t:|1701021795\n|gametype|doubles\n|player|p1|LongDragonKing428|gambler|1137\n|player|p2|HybridSniperHd|101|1222\n|teamsize|p1|6\n|teamsize|p2|6\n|gen|9\n|tier|[Gen 9] VGC 2023 Regulation E\n|rated|\n|rule|Species Clause: Limit one of each Pok\u00e9mon\n|rule|Item Clause: Limit one of each item\n|clearpoke\n|poke|p1|Farigiraf, L50, M|\n|poke|p1|Ursaluna, L50, M|\n|poke|p1|Urshifu-*, L50, M|\n|poke|p1|Chien-Pao, L50|\n|poke|p1|Iron Hands, L50|\n|poke|p1|Amoonguss, L50, F|\n|poke|p2|Gholdengo, L50|\n|poke|p2|Iron Hands, L50|\n|poke|p2|Amoonguss, L50, M|\n|poke|p2|Iron Bundle, L50|\n|poke|p2|Pelipper, L50, F|\n|poke|p2|Salamence, L50, F|\n|teampreview|4\n|inactive|Battle timer is ON: inactive players will automatically lose when time's up. (requested by HybridSniperHd)\n|inactive|LongDragonKing428 has 60 seconds left.\n|\n|t:|1701021836\n|start\n|switch|p1a: Iron Hands|Iron Hands, L50|100\/100\n|switch|p1b: Chien-Pao|Chien-Pao, L50|100\/100\n|switch|p2a: Pelipper|Pelipper, L50, F|100\/100\n|switch|p2b: Iron Hands|Iron Hands, L50|100\/100\n|-ability|p1b: Chien-Pao|Sword of Ruin\n|-weather|RainDance|[from] ability: Drizzle|[of] p2a: Pelipper\n|turn|1\n|inactive|HybridSniperHd has 30 seconds left.\n|inactive|HybridSniperHd has 20 seconds left.\n|\n|t:|1701021875\n|switch|p1b: Amoonguss|Amoonguss, L50, F|100\/100\n|-end|p2b: Iron Hands|Quark Drive|[silent]\n|switch|p2b: Gholdengo|Gholdengo, L50|100\/100\n|move|p2a: Pelipper|Protect|p2a: Pelipper\n|-singleturn|p2a: Pelipper|Protect\n|move|p1a: Iron Hands|Fake Out|p2a: Pelipper\n|-activate|p2a: Pelipper|move: Protect\n|\n|-weather|RainDance|[upkeep]\n|upkeep\n|turn|2\n|inactive|LongDragonKing428 has 30 seconds left.\n|\n|t:|1701021902\n|switch|p2a: Iron Hands|Iron Hands, L50|100\/100\n|move|p1b: Amoonguss|Rage Powder|p1b: Amoonguss\n|-singleturn|p1b: Amoonguss|move: Rage Powder\n|move|p2b: Gholdengo|Nasty Plot|p2b: Gholdengo\n|-boost|p2b: Gholdengo|spa|2\n|move|p1a: Iron Hands|Wild Charge|p2a: Iron Hands\n|-resisted|p2a: Iron Hands\n|-damage|p2a: Iron Hands|82\/100\n|-damage|p1a: Iron Hands|96\/100|[from] Recoil\n|\n|-weather|RainDance|[upkeep]\n|upkeep\n|turn|3\n|inactive|LongDragonKing428 has 30 seconds left.\n|inactive|HybridSniperHd has 30 seconds left.\n|inactive|LongDragonKing428 has 20 seconds left.\n|inactive|LongDragonKing428 has 15 seconds left.\n|\n|t:|1701021945\n|move|p1b: Amoonguss|Protect|p1b: Amoonguss\n|-singleturn|p1b: Amoonguss|Protect\n|move|p2a: Iron Hands|Fake Out|p1a: Iron Hands\n|-damage|p1a: Iron Hands|84\/100\n|move|p2b: Gholdengo|Nasty Plot|p2b: Gholdengo\n|-boost|p2b: Gholdengo|spa|2\n|cant|p1a: Iron Hands|flinch\n|\n|-weather|RainDance|[upkeep]\n|upkeep\n|turn|4\n|inactive|HybridSniperHd has 30 seconds left.\n|\n|t:|1701021970\n|move|p2b: Gholdengo|Shadow Ball|p1a: Iron Hands\n|-damage|p1a: Iron Hands|14\/100\n|move|p1a: Iron Hands|Wild Charge|p2b: Gholdengo\n|-damage|p2b: Gholdengo|49\/100\n|-damage|p1a: Iron Hands|4\/100|[from] Recoil\n|move|p2a: Iron Hands|Drain Punch|p1a: Iron Hands\n|-damage|p1a: Iron Hands|0 fnt\n|-heal|p2a: Iron Hands|83\/100|[from] drain|[of] p1a: Iron Hands\n|faint|p1a: Iron Hands\n|-end|p1a: Iron Hands|Quark Drive|[silent]\n|move|p1b: Amoonguss|Spore|p2a: Iron Hands\n|-status|p2a: Iron Hands|slp|[from] move: Spore\n|\n|-weather|RainDance|[upkeep]\n|-heal|p2b: Gholdengo|55\/100|[from] item: Leftovers\n|upkeep\n|\n|t:|1701021977\n|switch|p1a: Chien-Pao|Chien-Pao, L50|100\/100\n|-ability|p1a: Chien-Pao|Sword of Ruin\n|turn|5\n|inactive|HybridSniperHd has 30 seconds left.\n|inactive|HybridSniperHd has 20 seconds left.\n|inactive|HybridSniperHd has 15 seconds left.\n|inactive|HybridSniperHd has 10 seconds left.\n|\n|t:|1701022024\n|-terastallize|p2b: Gholdengo|Dragon\n|move|p1a: Chien-Pao|Sucker Punch|p2b: Gholdengo\n|-damage|p2b: Gholdengo|4\/100\n|move|p2b: Gholdengo|Make It Rain|p1b: Amoonguss|[spread] p1a,p1b\n|-supereffective|p1a: Chien-Pao\n|-enditem|p1a: Chien-Pao|Focus Sash\n|-damage|p1a: Chien-Pao|1\/100\n|-damage|p1b: Amoonguss|0 fnt\n|-unboost|p2b: Gholdengo|spa|1\n|faint|p1b: Amoonguss\n|cant|p2a: Iron Hands|slp\n|\n|-weather|none\n|-heal|p2b: Gholdengo|10\/100|[from] item: Leftovers\n|upkeep\n|\n|t:|1701022032\n|switch|p1b: Urshifu|Urshifu-Rapid-Strike, L50, M|100\/100\n|turn|6\n|inactive|LongDragonKing428 has 30 seconds left.\n|inactive|HybridSniperHd has 30 seconds left.\n|inactive|LongDragonKing428 has 20 seconds left.\n|\n|t:|1701022069\n|-terastallize|p1b: Urshifu|Water\n|move|p1a: Chien-Pao|Sucker Punch|p2b: Gholdengo\n|-damage|p2b: Gholdengo|0 fnt\n|faint|p2b: Gholdengo\n|move|p1b: Urshifu|Surging Strikes|p2a: Iron Hands\n|-crit|p2a: Iron Hands\n|-damage|p2a: Iron Hands|58\/100 slp\n|-crit|p2a: Iron Hands\n|-damage|p2a: Iron Hands|33\/100 slp\n|-crit|p2a: Iron Hands\n|-damage|p2a: Iron Hands|4\/100 slp\n|-hitcount|p2a: Iron Hands|3\n|cant|p2a: Iron Hands|slp\n|\n|upkeep\n|\n|t:|1701022093\n|switch|p2b: Pelipper|Pelipper, L50, F|100\/100\n|-weather|RainDance|[from] ability: Drizzle|[of] p2b: Pelipper\n|turn|7\n|inactive|LongDragonKing428 has 30 seconds left.\n|\n|t:|1701022125\n|move|p1a: Chien-Pao|Protect|p1a: Chien-Pao\n|-singleturn|p1a: Chien-Pao|Protect\n|move|p1b: Urshifu|Surging Strikes|p2a: Iron Hands\n|-crit|p2a: Iron Hands\n|-damage|p2a: Iron Hands|0 fnt\n|faint|p2a: Iron Hands\n|-end|p2a: Iron Hands|Quark Drive|[silent]\n|-hitcount|p2: Iron Hands|1\n|move|p2b: Pelipper|Hurricane|p1a: Chien-Pao\n|-activate|p1a: Chien-Pao|move: Protect\n|\n|-weather|RainDance|[upkeep]\n|upkeep\n|\n|t:|1701022134\n|switch|p2a: Salamence|Salamence, L50, F|100\/100\n|-ability|p2a: Salamence|Intimidate|boost\n|-unboost|p1a: Chien-Pao|atk|1\n|-unboost|p1b: Urshifu|atk|1\n|turn|8\n|inactive|HybridSniperHd has 30 seconds left.\n|\n|t:|1701022165\n|move|p2a: Salamence|Draco Meteor|p1b: Urshifu\n|-damage|p1b: Urshifu|8\/100\n|-unboost|p2a: Salamence|spa|2\n|move|p1b: Urshifu|Surging Strikes|p2b: Pelipper\n|-resisted|p2b: Pelipper\n|-crit|p2b: Pelipper\n|-damage|p2b: Pelipper|64\/100\n|-resisted|p2b: Pelipper\n|-crit|p2b: Pelipper\n|-damage|p2b: Pelipper|28\/100\n|-resisted|p2b: Pelipper\n|-crit|p2b: Pelipper\n|-damage|p2b: Pelipper|0 fnt\n|faint|p2b: Pelipper\n|-hitcount|p2: Pelipper|3\n|move|p1a: Chien-Pao|Icicle Crash|p2a: Salamence\n|-supereffective|p2a: Salamence\n|-damage|p2a: Salamence|0 fnt\n|faint|p2a: Salamence\n|\n|win|LongDragonKing428\n|raw|LongDragonKing428's rating: 1137 &rarr; <strong>1168<\/strong><br \/>(+31 for winning)\n|raw|HybridSniperHd's rating: 1222 &rarr; <strong>1191<\/strong><br \/>(-31 for losing)\n|l|\u2606HybridSniperHd\n","uploadtime":1701022189,"views":4,"p1id":"longdragonking428","p2id":"hybridsniperhd","formatid":"gen9vgc2023regulatione","rating":1168,"private":0,"password":""}