{"id":"gen9vgc2023regulatione-1998647160","p1":"gooseiq","p2":"FortreeFlygonmen","format":"[Gen 9] VGC 2023 Regulation E","log":"|j|\u2606gooseiq\n|j|\u2606FortreeFlygonmen\n|n|\u2606gooseiq|gooseiq\n|n|\u2606FortreeFlygonmen|fortreeflygonmen\n|html|View the match progress at <a href=\"\/game-bestof3-gen9vgc2023regulatione-1998647159\">game-bestof3-gen9vgc2023regulatione-1998647159<\/a>\n|t:|1700967216\n|gametype|doubles\n|player|p1|gooseiq|harlequin|\n|player|p2|FortreeFlygonmen|sage|\n|teamsize|p1|6\n|teamsize|p2|6\n|gen|9\n|tier|[Gen 9] VGC 2023 Regulation E\n|rule|Species Clause: Limit one of each Pok\u00e9mon\n|rule|Item Clause: Limit one of each item\n|clearpoke\n|poke|p1|Kilowattrel, L50, M|\n|poke|p1|Chi-Yu, L50|\n|poke|p1|Dachsbun, L50, M|\n|poke|p1|Rillaboom, L50, F|\n|poke|p1|Cryogonal, L50|\n|poke|p1|Iron Treads, L50|\n|poke|p2|Tornadus, L50, M|\n|poke|p2|Iron Hands, L50|\n|poke|p2|Basculegion-F, L50, F|\n|poke|p2|Sinistcha, L50|\n|poke|p2|Bisharp, L50, F|\n|poke|p2|Greedent, L50, M|\n|teampreview|4\n|inactive|Battle timer is ON: inactive players will automatically lose when time's up. (requested by gooseiq)\n|inactiveoff|Battle timer is now OFF.\nFortreeFlygonmen has agreed to open team sheets.\n|c|\u2606FortreeFlygonmen|If you do links I'll grab replays\n|c|\u2606FortreeFlygonmen|Good luck, have fun!\n|c|\u2606gooseiq|okay cool\n|c|\u2606gooseiq|GLHF\ngooseiq rejected open team sheets.\n|\n|t:|1700967336\n|start\n|switch|p1a: Thor|Kilowattrel, L50, M|100\/100\n|switch|p1b: Eruption|Chi-Yu, L50|100\/100\n|switch|p2a: Bisharps that shit|Bisharp, L50, F, shiny|100\/100\n|switch|p2b: Danger Zone|Tornadus, L50, M|100\/100\n|-ability|p1b: Eruption|Beads of Ruin\n|turn|1\n|\n|t:|1700967358\n|-terastallize|p2a: Bisharps that shit|Dragon\n|move|p1b: Eruption|Protect|p1b: Eruption\n|-singleturn|p1b: Eruption|Protect\n|move|p2b: Danger Zone|Rain Dance|p2b: Danger Zone\n|-weather|RainDance\n|move|p1a: Thor|Tailwind|p1a: Thor\n|-sidestart|p1: gooseiq|move: Tailwind\n|-start|p1a: Thor|Charge|Tailwind|[from] ability: Wind Power\n|move|p2a: Bisharps that shit|Swords Dance|p2a: Bisharps that shit\n|-boost|p2a: Bisharps that shit|atk|2\n|\n|-weather|RainDance|[upkeep]\n|upkeep\n|turn|2\n|j| pokemon_and_beer\n|\n|t:|1700967392\n|switch|p1b: Tank|Dachsbun, L50, M, shiny|100\/100\n|move|p2b: Danger Zone|Tailwind|p2b: Danger Zone\n|-sidestart|p2: FortreeFlygonmen|move: Tailwind\n|move|p2a: Bisharps that shit|Sucker Punch|p1a: Thor\n|-enditem|p1a: Thor|Focus Sash\n|-damage|p1a: Thor|1\/100\n|move|p1a: Thor|Thunderbolt|p2b: Danger Zone\n|-supereffective|p2b: Danger Zone\n|-enditem|p2b: Danger Zone|Focus Sash\n|-damage|p2b: Danger Zone|1\/100\n|-end|p1a: Thor|Charge|[silent]\n|\n|-weather|RainDance|[upkeep]\n|upkeep\n|turn|3\n|j| Cmholde2\n|\n|t:|1700967417\n|move|p1a: Thor|Protect|p1a: Thor\n|-singleturn|p1a: Thor|Protect\n|move|p2b: Danger Zone|Bleakwind Storm|p1a: Thor|[spread] p1b\n|-activate|p1a: Thor|move: Protect\n|-damage|p1b: Tank|62\/100\n|-unboost|p1b: Tank|spe|1\n|move|p2a: Bisharps that shit|Iron Head|p1b: Tank\n|-supereffective|p1b: Tank\n|-damage|p1b: Tank|0 fnt\n|-damage|p2a: Bisharps that shit|84\/100|[from] item: Rocky Helmet|[of] p1b: Tank\n|faint|p1b: Tank\n|\n|-weather|RainDance|[upkeep]\n|upkeep\n|\n|t:|1700967464\n|switch|p1b: Eruption|Chi-Yu, L50|100\/100\n|-ability|p1b: Eruption|Beads of Ruin\n|turn|4\n|\n|t:|1700967475\n|move|p1a: Thor|Protect|p1a: Thor\n|-singleturn|p1a: Thor|Protect\n|move|p2b: Danger Zone|Bleakwind Storm|p1b: Eruption|[spread] p1b\n|-activate|p1a: Thor|move: Protect\n|-damage|p1b: Eruption|70\/100\n|move|p1b: Eruption|Lava Plume|p2b: Danger Zone|[spread] p2a,p2b\n|-activate|p1a: Thor|move: Protect\n|-resisted|p2a: Bisharps that shit\n|-damage|p2a: Bisharps that shit|75\/100\n|-damage|p2b: Danger Zone|0 fnt\n|-status|p2a: Bisharps that shit|brn\n|faint|p2b: Danger Zone\n|move|p2a: Bisharps that shit|Swords Dance|p2a: Bisharps that shit\n|-boost|p2a: Bisharps that shit|atk|2\n|\n|-weather|RainDance|[upkeep]\n|-damage|p2a: Bisharps that shit|69\/100 brn|[from] brn\n|-sideend|p1: gooseiq|move: Tailwind\n|upkeep\n|\n|t:|1700967493\n|switch|p2b: Goldfish \ud83e\ude99|Basculegion-F, L50, F, shiny|100\/100\n|turn|5\n|c| Cmholde2|Burn in the rain\n|c| Cmholde2|how rude\n|\n|t:|1700967522\n|switch|p1a: Rollie|Iron Treads, L50, shiny|100\/100\n|-terastallize|p1b: Eruption|Grass\n|move|p2a: Bisharps that shit|Sucker Punch||[still]\n|-fail|p2a: Bisharps that shit\n|move|p2b: Goldfish \ud83e\ude99|Hydro Pump|p1b: Eruption\n|-resisted|p1b: Eruption\n|-damage|p1b: Eruption|15\/100\n|-damage|p2b: Goldfish \ud83e\ude99|91\/100|[from] item: Life Orb\n|move|p1b: Eruption|Dark Pulse|p2a: Bisharps that shit\n|-damage|p2a: Bisharps that shit|23\/100 brn\n|\n|-weather|none\n|-damage|p2a: Bisharps that shit|17\/100 brn|[from] brn\n|-sideend|p2: FortreeFlygonmen|move: Tailwind\n|upkeep\n|turn|6\n|\n|t:|1700967544\n|switch|p2b: Yerba Mama|Sinistcha, L50|100\/100\n|-heal|p2a: Bisharps that shit|41\/100 brn|[from] ability: Hospitality|[of] p2b: Yerba Mama\n|move|p1b: Eruption|Protect|p1b: Eruption\n|-singleturn|p1b: Eruption|Protect\n|move|p2a: Bisharps that shit|Protect|p2a: Bisharps that shit\n|-singleturn|p2a: Bisharps that shit|Protect\n|move|p1a: Rollie|Earthquake|p2b: Yerba Mama|[spread] p2b\n|-activate|p1b: Eruption|move: Protect\n|-activate|p2a: Bisharps that shit|move: Protect\n|-resisted|p2b: Yerba Mama\n|-damage|p2b: Yerba Mama|85\/100\n|\n|-damage|p2a: Bisharps that shit|36\/100 brn|[from] brn\n|upkeep\n|turn|7\n|\n|t:|1700967571\n|switch|p1b: Thor|Kilowattrel, L50, M|1\/100\n|move|p2a: Bisharps that shit|Sucker Punch||[still]\n|-fail|p2a: Bisharps that shit\n|move|p1a: Rollie|Earthquake|p2a: Bisharps that shit|[spread] p2a,p2b\n|-immune|p1b: Thor\n|-resisted|p2b: Yerba Mama\n|-damage|p2a: Bisharps that shit|15\/100 brn\n|-damage|p2b: Yerba Mama|71\/100\n|move|p2b: Yerba Mama|Life Dew|p2b: Yerba Mama|[spread] p2a,p2b\n|-heal|p2a: Bisharps that shit|40\/100 brn\n|-heal|p2b: Yerba Mama|96\/100\n|\n|-damage|p2a: Bisharps that shit|34\/100 brn|[from] brn\n|upkeep\n|turn|8\n|\n|t:|1700967597\n|move|p1b: Thor|Protect|p1b: Thor\n|-singleturn|p1b: Thor|Protect\n|move|p2a: Bisharps that shit|Protect|p2a: Bisharps that shit\n|-singleturn|p2a: Bisharps that shit|Protect\n|move|p1a: Rollie|Earthquake|p2b: Yerba Mama|[spread] p2b\n|-activate|p1b: Thor|move: Protect\n|-activate|p2a: Bisharps that shit|move: Protect\n|-resisted|p2b: Yerba Mama\n|-damage|p2b: Yerba Mama|80\/100\n|move|p2b: Yerba Mama|Matcha Gotcha|p1b: Thor|[spread] p1a\n|-activate|p1b: Thor|move: Protect\n|-damage|p1a: Rollie|84\/100\n|-heal|p2b: Yerba Mama|90\/100|[from] drain|[of] p1a: Rollie\n|\n|-damage|p2a: Bisharps that shit|28\/100 brn|[from] brn\n|upkeep\n|turn|9\n|\n|t:|1700967619\n|move|p2a: Bisharps that shit|Sucker Punch|p1a: Rollie\n|-damage|p1a: Rollie|43\/100\n|move|p1b: Thor|Tailwind|p1b: Thor\n|-sidestart|p1: gooseiq|move: Tailwind\n|-start|p1b: Thor|Charge|Tailwind|[from] ability: Wind Power\n|move|p1a: Rollie|Earthquake|p2b: Yerba Mama|[spread] p2a,p2b\n|-immune|p1b: Thor\n|-resisted|p2b: Yerba Mama\n|-damage|p2a: Bisharps that shit|6\/100 brn\n|-damage|p2b: Yerba Mama|75\/100\n|move|p2b: Yerba Mama|Matcha Gotcha|p1b: Thor|[spread] p1b\n|-miss|p2b: Yerba Mama|p1a: Rollie\n|-resisted|p1b: Thor\n|-damage|p1b: Thor|0 fnt\n|-heal|p2b: Yerba Mama|75\/100|[from] drain|[of] p1b: Thor\n|faint|p1b: Thor\n|\n|-damage|p2a: Bisharps that shit|0 fnt|[from] brn\n|faint|p2a: Bisharps that shit\n|upkeep\n|\n|t:|1700967642\n|switch|p1b: Eruption|Chi-Yu, L50, tera:Grass|15\/100\n|switch|p2a: Goldfish \ud83e\ude99|Basculegion-F, L50, F, shiny|91\/100\n|-ability|p1b: Eruption|Beads of Ruin\n|turn|10\n|c| Cmholde2|That Bisharp was THICK\n|\n|t:|1700967663\n|move|p2a: Goldfish \ud83e\ude99|Protect|p2a: Goldfish \ud83e\ude99\n|-singleturn|p2a: Goldfish \ud83e\ude99|Protect\n|move|p1b: Eruption|Flamethrower|p2b: Yerba Mama\n|-supereffective|p2b: Yerba Mama\n|-damage|p2b: Yerba Mama|0 fnt\n|faint|p2b: Yerba Mama\n|move|p1a: Rollie|Volt Switch|p2a: Goldfish \ud83e\ude99\n|-activate|p2a: Goldfish \ud83e\ude99|move: Protect\n|\n|upkeep\n|turn|11\n|\n|t:|1700967684\n|move|p1b: Eruption|Dark Pulse|p2a: Goldfish \ud83e\ude99\n|-supereffective|p2a: Goldfish \ud83e\ude99\n|-damage|p2a: Goldfish \ud83e\ude99|0 fnt\n|faint|p2a: Goldfish \ud83e\ude99\n|\n|win|gooseiq\n","uploadtime":1700967691,"views":4,"p1id":"gooseiq","p2id":"fortreeflygonmen","formatid":"gen9vgc2023regulatione","rating":0,"private":0,"password":""}