{"id":"gen9vgc2023regulatione-1998952331","p1":"chizzicacufa","p2":"javichu110","format":"[Gen 9] VGC 2023 Regulation E","log":"|j|\u2606chizzicacufa\n|j|\u2606javichu110\n|t:|1701017074\n|gametype|doubles\n|player|p1|chizzicacufa|101|1102\n|player|p2|javichu110|n|1161\n|teamsize|p1|6\n|teamsize|p2|6\n|gen|9\n|tier|[Gen 9] VGC 2023 Regulation E\n|rated|\n|rule|Species Clause: Limit one of each Pok\u00e9mon\n|rule|Item Clause: Limit one of each item\n|clearpoke\n|poke|p1|Flutter Mane, L50|\n|poke|p1|Thundurus, L50, M|\n|poke|p1|Landorus-Therian, L50, M|\n|poke|p1|Wo-Chien, L50|\n|poke|p1|Urshifu-*, L50, F|\n|poke|p1|Heatran, L50, F|\n|poke|p2|Cresselia, L50, F|\n|poke|p2|Ursaluna-Bloodmoon, L50, M|\n|poke|p2|Iron Hands, L50|\n|poke|p2|Ogerpon-Wellspring, L50, F|\n|poke|p2|Arcanine-Hisui, L50, M|\n|poke|p2|Flutter Mane, L50|\n|teampreview|4\n|inactive|Battle timer is ON: inactive players will automatically lose when time's up. (requested by javichu110)\n|\n|t:|1701017103\n|start\n|switch|p1a: Landorus|Landorus-Therian, L50, M|100\/100\n|switch|p1b: Flutter Man|Flutter Mane, L50|100\/100\n|switch|p2a: Ursaluna|Ursaluna-Bloodmoon, L50, M|100\/100\n|switch|p2b: Arcanine|Arcanine-Hisui, L50, M|100\/100\n|-ability|p2b: Arcanine|Intimidate|boost\n|-unboost|p1a: Landorus|atk|1\n|-unboost|p1b: Flutter Man|atk|1\n|-ability|p1a: Landorus|Intimidate|boost\n|-unboost|p2a: Ursaluna|atk|1\n|-unboost|p2b: Arcanine|atk|1\n|turn|1\n|inactive|javichu110 has 30 seconds left.\n|inactive|javichu110 has 20 seconds left.\n|\n|t:|1701017143\n|switch|p2b: Ogerpon|Ogerpon-Wellspring, L50, F|100\/100\n|move|p1b: Flutter Man|Dazzling Gleam|p2a: Ursaluna|[spread] p2a,p2b\n|-damage|p2a: Ursaluna|61\/100\n|-damage|p2b: Ogerpon|55\/100\n|move|p1a: Landorus|Stomping Tantrum|p2b: Ogerpon\n|-resisted|p2b: Ogerpon\n|-damage|p2b: Ogerpon|41\/100\n|move|p2a: Ursaluna|Hyper Voice|p1a: Landorus|[spread] p1a,p1b\n|-damage|p1a: Landorus|76\/100\n|-damage|p1b: Flutter Man|63\/100\n|-enditem|p2a: Ursaluna|Throat Spray\n|-boost|p2a: Ursaluna|spa|1|[from] item: Throat Spray\n|\n|upkeep\n|turn|2\n|\n|t:|1701017165\n|switch|p1a: Urshifu|Urshifu-Rapid-Strike, L50, F|100\/100\n|move|p2b: Ogerpon|Spiky Shield|p2b: Ogerpon\n|-singleturn|p2b: Ogerpon|move: Protect\n|move|p1b: Flutter Man|Dazzling Gleam|p2b: Ogerpon|[spread] p2a\n|-activate|p2b: Ogerpon|move: Protect\n|-damage|p2a: Ursaluna|18\/100\n|move|p2a: Ursaluna|Blood Moon|p1b: Flutter Man\n|-damage|p1b: Flutter Man|0 fnt\n|faint|p1b: Flutter Man\n|-end|p1b: Flutter Man|Protosynthesis|[silent]\n|\n|upkeep\n|\n|t:|1701017180\n|switch|p1b: Thundurus|Thundurus, L50, M|100\/100\n|turn|3\n|inactive|javichu110 has 30 seconds left.\n|\n|t:|1701017206\n|move|p2a: Ursaluna|Protect|p2a: Ursaluna\n|-singleturn|p2a: Ursaluna|Protect\n|move|p1b: Thundurus|Thunder Wave|p2b: Ogerpon\n|-status|p2b: Ogerpon|par\n|move|p1a: Urshifu|Surging Strikes|p2a: Ursaluna\n|-supereffective|p2a: Ursaluna\n|-crit|p2a: Ursaluna\n|-damage|p2a: Ursaluna|0 fnt\n|faint|p2a: Ursaluna\n|-hitcount|p2: Ursaluna|1\n|cant|p2b: Ogerpon|par\n|\n|upkeep\n|\n|t:|1701017229\n|switch|p2a: Flutter Mane|Flutter Mane, L50|100\/100\n|-enditem|p2a: Flutter Mane|Booster Energy\n|-activate|p2a: Flutter Mane|ability: Protosynthesis|[fromitem]\n|-start|p2a: Flutter Mane|protosynthesisspa\n|turn|4\n|\n|t:|1701017246\n|move|p1b: Thundurus|Eerie Impulse|p2a: Flutter Mane\n|-unboost|p2a: Flutter Mane|spa|2\n|move|p2a: Flutter Mane|Dazzling Gleam|p1b: Thundurus|[spread] p1a,p1b\n|-supereffective|p1a: Urshifu\n|-damage|p1a: Urshifu|63\/100\n|-damage|p1b: Thundurus|80\/100\n|move|p1a: Urshifu|Close Combat|p2b: Ogerpon\n|-damage|p2b: Ogerpon|0 fnt\n|-unboost|p1a: Urshifu|def|1\n|-unboost|p1a: Urshifu|spd|1\n|faint|p2b: Ogerpon\n|\n|upkeep\n|\n|t:|1701017257\n|switch|p2b: Arcanine|Arcanine-Hisui, L50, M|100\/100\n|-ability|p2b: Arcanine|Intimidate|boost\n|-unboost|p1a: Urshifu|atk|1\n|-unboost|p1b: Thundurus|atk|1\n|turn|5\n|\n|t:|1701017270\n|-terastallize|p2b: Arcanine|Grass\n|move|p2a: Flutter Mane|Moonblast|p1a: Urshifu\n|-supereffective|p1a: Urshifu\n|-damage|p1a: Urshifu|0 fnt\n|faint|p1a: Urshifu\n|move|p1b: Thundurus|Wildbolt Storm|p2a: Flutter Mane|[spread] \n|-miss|p1b: Thundurus|p2a: Flutter Mane\n|-miss|p1b: Thundurus|p2b: Arcanine\n|move|p2b: Arcanine|Rock Slide|p1b: Thundurus|[miss]\n|-miss|p2b: Arcanine|p1b: Thundurus\n|\n|upkeep\n|\n|t:|1701017282\n|switch|p1a: Landorus|Landorus-Therian, L50, M|76\/100\n|-ability|p1a: Landorus|Intimidate|boost\n|-unboost|p2a: Flutter Mane|atk|1\n|-unboost|p2b: Arcanine|atk|1\n|turn|6\n|\n|t:|1701017303\n|move|p1b: Thundurus|Eerie Impulse|p2a: Flutter Mane\n|-unboost|p2a: Flutter Mane|spa|2\n|move|p2a: Flutter Mane|Moonblast|p1b: Thundurus\n|-damage|p1b: Thundurus|58\/100\n|-unboost|p1b: Thundurus|spa|1\n|move|p2b: Arcanine|Rock Slide|p1a: Landorus|[spread] p1a,p1b\n|-supereffective|p1b: Thundurus\n|-damage|p1a: Landorus|59\/100\n|-damage|p1b: Thundurus|24\/100\n|move|p1a: Landorus|Rock Slide|p2a: Flutter Mane|[spread] p2a,p2b\n|-damage|p2a: Flutter Mane|70\/100\n|-damage|p2b: Arcanine|77\/100\n|\n|upkeep\n|turn|7\n|\n|t:|1701017324\n|-terastallize|p1a: Landorus|Flying\n|move|p1b: Thundurus|Eerie Impulse|p2a: Flutter Mane\n|-unboost|p2a: Flutter Mane|spa|2\n|move|p2a: Flutter Mane|Moonblast|p1b: Thundurus\n|-damage|p1b: Thundurus|5\/100\n|move|p2b: Arcanine|Rock Slide|p1b: Thundurus|[spread] p1b\n|-miss|p2b: Arcanine|p1a: Landorus\n|-supereffective|p1b: Thundurus\n|-damage|p1b: Thundurus|0 fnt\n|faint|p1b: Thundurus\n|move|p1a: Landorus|Tera Blast|p2b: Arcanine|[anim] Tera Blast Flying\n|-supereffective|p2b: Arcanine\n|-damage|p2b: Arcanine|0 fnt\n|faint|p2b: Arcanine\n|\n|upkeep\n|turn|8\n|\n|t:|1701017346\n|move|p2a: Flutter Mane|Moonblast|p1a: Landorus\n|-damage|p1a: Landorus|47\/100\n|move|p1a: Landorus|Tera Blast|p2a: Flutter Mane|[anim] Tera Blast Flying\n|-damage|p2a: Flutter Mane|0 fnt\n|faint|p2a: Flutter Mane\n|-end|p2a: Flutter Mane|Protosynthesis|[silent]\n|\n|win|chizzicacufa\n|raw|chizzicacufa's rating: 1102 &rarr; <strong>1131<\/strong><br \/>(+29 for winning)\n|raw|javichu110's rating: 1161 &rarr; <strong>1132<\/strong><br \/>(-29 for losing)\n|l|\u2606javichu110\n","uploadtime":1701017360,"views":2,"p1id":"chizzicacufa","p2id":"javichu110","formatid":"gen9vgc2023regulatione","rating":1131,"private":0,"password":""}