{"id":"gen9vgc2023regulatione-1994868818","p1":"Kierby","p2":"PizzaTimeJoshua","format":"[Gen 9] VGC 2023 Regulation E","log":"|j|\u2606Kierby\n|j|\u2606PizzaTimeJoshua\n|n|\u2606Kierby|kierby\n|n|\u2606PizzaTimeJoshua|pizzatimejoshua\n|html|View the match progress at <a href=\"\/game-bestof3-gen9vgc2023regulatione-1994866798\">game-bestof3-gen9vgc2023regulatione-1994866798<\/a>\n|t:|1700500183\n|gametype|doubles\n|player|p1|Kierby|1|\n|player|p2|PizzaTimeJoshua|scientist|\n|teamsize|p1|6\n|teamsize|p2|6\n|gen|9\n|tier|[Gen 9] VGC 2023 Regulation E\n|rated|Tournament battle\n|rule|Species Clause: Limit one of each Pok\u00e9mon\n|rule|Item Clause: Limit one of each item\n|clearpoke\n|poke|p1|Zapdos, L50|\n|poke|p1|Tornadus, L50, M|\n|poke|p1|Urshifu-*, L50, F|\n|poke|p1|Gholdengo, L50|\n|poke|p1|Ogerpon, L50, F|\n|poke|p1|Baxcalibur, L50, F|\n|poke|p2|Zoroark-Hisui, L50, F|\n|poke|p2|Munchlax, L50, M|\n|poke|p2|Pikachu, L50, M|\n|poke|p2|Rillaboom, L50, F|\n|poke|p2|Iron Hands, L50|\n|poke|p2|Sinistcha, L50|\n|teampreview|4\n|showteam|p1|Zapdos||LifeOrb|Static|Thunderbolt,Hurricane,Protect,WeatherBall||||||50|,,,,,Electric]Tornadus||CovertCloak|Prankster|Tailwind,RainDance,BleakwindStorm,ScaryFace|||M|||50|,,,,,Dark]Urshifu-Rapid-Strike||MysticWater|UnseenFist|SurgingStrikes,Protect,CloseCombat,AquaJet|||F|||50|,,,,,Water]Gholdengo||Leftovers|GoodasGold|NastyPlot,Protect,ShadowBall,MakeItRain||||||50|,,,,,Dragon]Ogerpon||RazorClaw|Defiant|FollowMe,SpikyShield,IvyCudgel,StompingTantrum|||F|||50|,,,,,Grass]Baxcalibur||LoadedDice|ThermalExchange|ScaleShot,IcicleSpear,Protect,IceShard|||F|||50|,,,,,Poison\n|showteam|p2|Zoroark-Hisui||ChoiceSpecs|Illusion|SludgeBomb,HyperVoice,TeraBlast,BitterMalice|||F|||50|,,,,,Dark]Munchlax||Eviolite|ThickFat|BellyDrum,Protect,LastResort,StompingTantrum|||M|||50|,,,,,Ground]Pikachu||LightBall|LightningRod|FakeOut,VoltSwitch,VoltTackle,TeraBlast|||M|||50|,,,,,Flying]Rillaboom||MiracleSeed|GrassySurge|FakeOut,GrassyGlide,WoodHammer,Uturn|||F|||50|,,,,,Fire]Iron Hands||AssaultVest|QuarkDrive|DrainPunch,FakeOut,WildCharge,HeavySlam||||||50|,,,,,Fire]Sinistcha||RockyHelmet|Hospitality|MatchaGotcha,RagePowder,LifeDew,TrickRoom||||||50|,,,,,Water\n|j| Red Fang X\n|l| Red Fang X\n|j|%Radio Free C-Side\n|c|%Radio Free C-Side|\"help\" my man you brought a pikachu\n|c|\u2606Kierby|i respect the pikachu\n|\n|t:|1700500244\n|start\n|switch|p1a: Tornadus|Tornadus, L50, M|100\/100\n|switch|p1b: Gholdengo|Gholdengo, L50|100\/100\n|switch|p2a: Pikachu|Pikachu, L50, M|100\/100\n|switch|p2b: Munchlax|Munchlax, L50, M|100\/100\n|turn|1\n|j| pokeveteran04\n|c|\u2606Kierby|that lil guy can do dam\n|\n|t:|1700500258\n|-terastallize|p1b: Gholdengo|Dragon\n|move|p1a: Tornadus|Tailwind|p1a: Tornadus\n|-sidestart|p1: Kierby|move: Tailwind\n|move|p1b: Gholdengo|Nasty Plot|p1b: Gholdengo\n|-boost|p1b: Gholdengo|spa|2\n|move|p2a: Pikachu|Volt Tackle|p1a: Tornadus\n|-supereffective|p1a: Tornadus\n|-damage|p1a: Tornadus|0 fnt\n|faint|p1a: Tornadus\n|-damage|p2a: Pikachu|50\/100|[from] Recoil\n|move|p2b: Munchlax|Belly Drum|p2b: Munchlax\n|-damage|p2b: Munchlax|50\/100\n|-setboost|p2b: Munchlax|atk|6|[from] move: Belly Drum\n|\n|upkeep\n|\n|t:|1700500269\n|switch|p1a: Baxcalibur|Baxcalibur, L50, F|100\/100\n|turn|2\n|j| O1OOO11O\n|\n|t:|1700500277\n|move|p2b: Munchlax|Protect|p2b: Munchlax\n|-singleturn|p2b: Munchlax|Protect\n|move|p1b: Gholdengo|Make It Rain|p2b: Munchlax|[spread] p2a\n|-activate|p2b: Munchlax|move: Protect\n|-resisted|p2a: Pikachu\n|-damage|p2a: Pikachu|0 fnt\n|-unboost|p1b: Gholdengo|spa|1\n|faint|p2a: Pikachu\n|move|p1a: Baxcalibur|Icicle Spear|p2b: Munchlax\n|-activate|p2b: Munchlax|move: Protect\n|\n|upkeep\n|\n|t:|1700500286\n|switch|p2a: Sinistcha|Sinistcha, L50, shiny|100\/100\n|-heal|p2b: Munchlax|75\/100|[from] ability: Hospitality|[of] p2a: Sinistcha\n|turn|3\n|\n|t:|1700500324\n|-terastallize|p2a: Sinistcha|Water\n|move|p1b: Gholdengo|Make It Rain|p2b: Munchlax|[spread] p2a,p2b\n|-resisted|p2a: Sinistcha\n|-damage|p2a: Sinistcha|70\/100\n|-damage|p2b: Munchlax|41\/100\n|-unboost|p1b: Gholdengo|spa|1\n|move|p1a: Baxcalibur|Icicle Spear|p2a: Sinistcha\n|-resisted|p2a: Sinistcha\n|-damage|p2a: Sinistcha|63\/100\n|-resisted|p2a: Sinistcha\n|-damage|p2a: Sinistcha|56\/100\n|-resisted|p2a: Sinistcha\n|-damage|p2a: Sinistcha|49\/100\n|-resisted|p2a: Sinistcha\n|-damage|p2a: Sinistcha|43\/100\n|-resisted|p2a: Sinistcha\n|-damage|p2a: Sinistcha|36\/100\n|-hitcount|p2a: Sinistcha|5\n|move|p2b: Munchlax|Stomping Tantrum|p1b: Gholdengo\n|-damage|p1b: Gholdengo|42\/100\n|move|p2a: Sinistcha|Trick Room|p2a: Sinistcha\n|-fieldstart|move: Trick Room|[of] p2a: Sinistcha\n|\n|-heal|p1b: Gholdengo|48\/100|[from] item: Leftovers\n|upkeep\n|turn|4\n|\n|t:|1700500355\n|move|p1b: Gholdengo|Protect|p1b: Gholdengo\n|-singleturn|p1b: Gholdengo|Protect\n|move|p2b: Munchlax|Last Resort|p1a: Baxcalibur\n|-damage|p1a: Baxcalibur|0 fnt\n|faint|p1a: Baxcalibur\n|move|p2a: Sinistcha|Life Dew|p2a: Sinistcha|[spread] p2a,p2b\n|-heal|p2a: Sinistcha|61\/100\n|-heal|p2b: Munchlax|66\/100\n|\n|-heal|p1b: Gholdengo|54\/100|[from] item: Leftovers\n|-sideend|p1: Kierby|move: Tailwind\n|upkeep\n|\n|t:|1700500356\n|switch|p1a: Ogerpon|Ogerpon, L50, F|100\/100\n|turn|5\n|\n|t:|1700500369\n|move|p2b: Munchlax|Last Resort|p1b: Gholdengo\n|-damage|p1b: Gholdengo|0 fnt\n|faint|p1b: Gholdengo\n|move|p2a: Sinistcha|Life Dew|p2a: Sinistcha|[spread] p2a,p2b\n|-heal|p2a: Sinistcha|86\/100\n|-heal|p2b: Munchlax|91\/100\n|move|p1a: Ogerpon|Ivy Cudgel|p2a: Sinistcha\n|-supereffective|p2a: Sinistcha\n|-damage|p2a: Sinistcha|0 fnt\n|faint|p2a: Sinistcha\n|\n|upkeep\n|\n|t:|1700500378\n|switch|p2a: Iron Hands|Iron Hands, L50|100\/100\n|turn|6\n|\n|t:|1700500389\n|move|p2a: Iron Hands|Fake Out|p1a: Ogerpon\n|-damage|p1a: Ogerpon|79\/100\n|move|p2b: Munchlax|Last Resort|p1a: Ogerpon\n|-damage|p1a: Ogerpon|0 fnt\n|faint|p1a: Ogerpon\n|\n|win|PizzaTimeJoshua\n","uploadtime":1700500396,"views":3,"p1id":"kierby","p2id":"pizzatimejoshua","formatid":"gen9vgc2023regulatione","rating":0,"private":0,"password":""}