{"id":"gen9vgc2023regulatione-1998548135","p1":"TestGanon","p2":"meesterkrebs","format":"[Gen 9] VGC 2023 Regulation E","log":"|j|\u2606TestGanon\n|j|\u2606meesterkrebs\n|t:|1700954933\n|gametype|doubles\n|player|p1|TestGanon|2|1181\n|player|p2|meesterkrebs|steven|1201\n|teamsize|p1|6\n|teamsize|p2|6\n|gen|9\n|tier|[Gen 9] VGC 2023 Regulation E\n|rated|\n|rule|Species Clause: Limit one of each Pok\u00e9mon\n|rule|Item Clause: Limit one of each item\n|clearpoke\n|poke|p1|Tornadus, L50, M|\n|poke|p1|Landorus, L50, M|\n|poke|p1|Scyther, L50, M|\n|poke|p1|Sableye, L50, M|\n|poke|p1|Appletun, L50, M|\n|poke|p1|Urshifu-*, L50, F|\n|poke|p2|Urshifu-*, L50, F|\n|poke|p2|Gholdengo, L50|\n|poke|p2|Arcanine, L50, F|\n|poke|p2|Rillaboom, L50, F|\n|poke|p2|Sableye, L50, F|\n|poke|p2|Iron Bundle, L50|\n|teampreview|4\n|inactive|Battle timer is ON: inactive players will automatically lose when time's up. (requested by TestGanon)\n|c|\u2606meesterkrebs|sableye <3\n|inactive|TestGanon has 60 seconds left.\n|inactive|meesterkrebs has 60 seconds left.\n|inactive|meesterkrebs has 30 seconds left.\n|\n|t:|1700954998\n|start\n|switch|p1a: Sableye|Sableye, L50, M|100\/100\n|switch|p1b: Scyther|Scyther, L50, M|100\/100\n|switch|p2a: Iron Bundle|Iron Bundle, L50|100\/100\n|switch|p2b: Sableye|Sableye, L50, F|100\/100\n|-enditem|p2a: Iron Bundle|Booster Energy\n|-activate|p2a: Iron Bundle|ability: Quark Drive|[fromitem]\n|-start|p2a: Iron Bundle|quarkdrivespe\n|turn|1\n|\n|t:|1700955011\n|move|p1a: Sableye|Fake Out|p2a: Iron Bundle\n|-damage|p2a: Iron Bundle|93\/100\n|move|p2b: Sableye|Will-O-Wisp|p1b: Scyther\n|-status|p1b: Scyther|brn\n|cant|p2a: Iron Bundle|flinch\n|move|p1b: Scyther|Tailwind|p1b: Scyther\n|-sidestart|p1: TestGanon|move: Tailwind\n|\n|-damage|p1b: Scyther|94\/100 brn|[from] brn\n|upkeep\n|turn|2\n|\n|t:|1700955031\n|move|p1a: Sableye|Gravity|p1a: Sableye\n|-fieldstart|move: Gravity\n|move|p2b: Sableye|Encore|p1b: Scyther\n|-start|p1b: Scyther|Encore\n|move|p1b: Scyther|Tailwind||[still]\n|-fail|p1b: Scyther\n|move|p2a: Iron Bundle|Icy Wind|p1b: Scyther|[spread] p1a,p1b\n|-supereffective|p1b: Scyther\n|-damage|p1a: Sableye|71\/100\n|-damage|p1b: Scyther|57\/100 brn\n|-unboost|p1a: Sableye|spe|1\n|-unboost|p1b: Scyther|spe|1\n|-enditem|p1a: Sableye|Eject Button\n|\n|t:|1700955038\n|switch|p1a: Landorus|Landorus, L50, M|100\/100\n|\n|-damage|p1b: Scyther|51\/100 brn|[from] brn\n|upkeep\n|turn|3\n|inactive|meesterkrebs has 30 seconds left.\n|\n|t:|1700955067\n|switch|p1b: Sableye|Sableye, L50, M|71\/100\n|-terastallize|p1a: Landorus|Ground\n|move|p2b: Sableye|Skill Swap|p1a: Landorus\n|-activate|p2b: Sableye|move: Skill Swap|Sheer Force|Prankster|[of] p1a: Landorus\n|move|p1a: Landorus|Sandsear Storm|p2b: Sableye|[spread] p2a,p2b\n|-damage|p2a: Iron Bundle|0 fnt\n|-damage|p2b: Sableye|23\/100\n|faint|p2a: Iron Bundle\n|-end|p2a: Iron Bundle|Quark Drive|[silent]\n|-damage|p1a: Landorus|91\/100|[from] item: Life Orb\n|\n|upkeep\n|\n|t:|1700955084\n|switch|p2a: Rillaboom|Rillaboom, L50, F|100\/100\n|-fieldstart|move: Grassy Terrain|[from] ability: Grassy Surge|[of] p2a: Rillaboom\n|turn|4\n|inactive|TestGanon has 30 seconds left.\n|\n|t:|1700955111\n|switch|p2b: Urshifu|Urshifu-Rapid-Strike, L50, F|100\/100\n|move|p1b: Sableye|Fake Out|p2a: Rillaboom\n|-damage|p2a: Rillaboom|93\/100\n|cant|p2a: Rillaboom|flinch\n|move|p1a: Landorus|Sandsear Storm|p2b: Urshifu|[spread] p2a,p2b\n|-resisted|p2a: Rillaboom\n|-damage|p2a: Rillaboom|65\/100\n|-damage|p2b: Urshifu|36\/100\n|-damage|p1a: Landorus|81\/100|[from] item: Life Orb\n|\n|-heal|p1a: Landorus|87\/100|[from] Grassy Terrain\n|-heal|p1b: Sableye|77\/100|[from] Grassy Terrain\n|-heal|p2b: Urshifu|42\/100|[from] Grassy Terrain\n|-heal|p2a: Rillaboom|71\/100|[from] Grassy Terrain\n|-sideend|p1: TestGanon|move: Tailwind\n|upkeep\n|turn|5\n|\n|t:|1700955134\n|move|p1a: Landorus|Protect|p1a: Landorus\n|-singleturn|p1a: Landorus|Protect\n|move|p2b: Urshifu|Aqua Jet|p1a: Landorus\n|-supereffective|p1a: Landorus\n|-damage|p1a: Landorus|29\/100\n|move|p2a: Rillaboom|Grassy Glide|p1a: Landorus\n|-activate|p1a: Landorus|move: Protect\n|move|p1b: Sableye|Skill Swap|p2b: Urshifu\n|-activate|p1b: Sableye|move: Skill Swap|Unseen Fist|Prankster|[of] p2b: Urshifu\n|\n|-heal|p1a: Landorus|35\/100|[from] Grassy Terrain\n|-heal|p2b: Urshifu|48\/100|[from] Grassy Terrain\n|-heal|p2a: Rillaboom|77\/100|[from] Grassy Terrain\n|-heal|p1b: Sableye|83\/100|[from] Grassy Terrain\n|upkeep\n|turn|6\n|inactive|TestGanon has 30 seconds left.\n|\n|t:|1700955159\n|switch|p1a: Tornadus|Tornadus, L50, M|100\/100\n|move|p2b: Urshifu|Aqua Jet|p1a: Tornadus\n|-damage|p1a: Tornadus|68\/100\n|move|p2a: Rillaboom|Wood Hammer|p1b: Sableye\n|-damage|p1b: Sableye|0 fnt\n|faint|p1b: Sableye\n|-damage|p2a: Rillaboom|56\/100|[from] Recoil\n|\n|-heal|p1a: Tornadus|74\/100|[from] Grassy Terrain\n|-heal|p2b: Urshifu|54\/100|[from] Grassy Terrain\n|-heal|p2a: Rillaboom|62\/100|[from] Grassy Terrain\n|-fieldend|move: Gravity\n|upkeep\n|\n|t:|1700955166\n|switch|p1b: Scyther|Scyther, L50, M|51\/100 brn\n|turn|7\n|\n|t:|1700955187\n|switch|p2a: Sableye|Sableye, L50, F|23\/100\n|-terastallize|p2b: Urshifu|Water\n|move|p1b: Scyther|Dual Wingbeat|p2b: Urshifu\n|-damage|p2b: Urshifu|46\/100\n|-damage|p2b: Urshifu|38\/100\n|-hitcount|p2b: Urshifu|2\n|move|p1a: Tornadus|Bleakwind Storm|p2b: Urshifu|[spread] p2b\n|-miss|p1a: Tornadus|p2a: Sableye\n|-damage|p2b: Urshifu|7\/100\n|move|p2b: Urshifu|Surging Strikes|p1a: Tornadus\n|-crit|p1a: Tornadus\n|-damage|p1a: Tornadus|37\/100\n|-crit|p1a: Tornadus\n|-damage|p1a: Tornadus|0 fnt\n|faint|p1a: Tornadus\n|-hitcount|p1: Tornadus|2\n|\n|-heal|p2b: Urshifu|13\/100|[from] Grassy Terrain\n|-heal|p2a: Sableye|29\/100|[from] Grassy Terrain\n|-damage|p1b: Scyther|45\/100 brn|[from] brn\n|upkeep\n|\n|t:|1700955201\n|switch|p1a: Landorus|Landorus, L50, M, tera:Ground|35\/100\n|turn|8\n|\n|t:|1700955214\n|move|p1a: Landorus|Protect|p1a: Landorus\n|-singleturn|p1a: Landorus|Protect\n|move|p2b: Urshifu|Aqua Jet|p1a: Landorus\n|-activate|p1a: Landorus|move: Protect\n|move|p2a: Sableye|Disable|p1b: Scyther\n|-start|p1b: Scyther|Disable|Dual Wingbeat\n|move|p1b: Scyther|Tailwind|p1b: Scyther\n|-sidestart|p1: TestGanon|move: Tailwind\n|\n|-heal|p1a: Landorus|41\/100|[from] Grassy Terrain\n|-heal|p2b: Urshifu|19\/100|[from] Grassy Terrain\n|-heal|p2a: Sableye|34\/100|[from] Grassy Terrain\n|-damage|p1b: Scyther|38\/100 brn|[from] brn\n|-fieldend|move: Grassy Terrain\n|upkeep\n|turn|9\n|inactive|meesterkrebs has 30 seconds left.\n|\n|t:|1700955244\n|move|p2b: Urshifu|Aqua Jet|p1a: Landorus\n|-supereffective|p1a: Landorus\n|-damage|p1a: Landorus|0 fnt\n|faint|p1a: Landorus\n|move|p2a: Sableye|Encore|p1b: Scyther\n|-start|p1b: Scyther|Encore\n|move|p1b: Scyther|Tailwind||[still]\n|-fail|p1b: Scyther\n|\n|-damage|p1b: Scyther|32\/100 brn|[from] brn\n|upkeep\n|turn|10\n|c|\u2606meesterkrebs|ggs\n|-message|TestGanon forfeited.\n|\n|win|meesterkrebs\n|raw|TestGanon's rating: 1181 &rarr; <strong>1157<\/strong><br \/>(-24 for losing)\n|raw|meesterkrebs's rating: 1201 &rarr; <strong>1225<\/strong><br \/>(+24 for winning)\n|l|\u2606TestGanon\n","uploadtime":1700955259,"views":32,"p1id":"testganon","p2id":"meesterkrebs","formatid":"gen9vgc2023regulatione","rating":1157,"private":0,"password":""}