{"id":"gen9vgc2023regulatione-1999971731","p1":"ItWasntAvailable","p2":"AnzonyVGC","format":"[Gen 9] VGC 2023 Regulation E","log":"|j|\u2606ItWasntAvailable\n|j|\u2606AnzonyVGC\n|t:|1701136156\n|gametype|doubles\n|player|p1|ItWasntAvailable|1|1000\n|player|p2|AnzonyVGC|lucas|1040\n|teamsize|p1|6\n|teamsize|p2|6\n|gen|9\n|tier|[Gen 9] VGC 2023 Regulation E\n|rated|\n|rule|Species Clause: Limit one of each Pok\u00e9mon\n|rule|Item Clause: Limit one of each item\n|clearpoke\n|poke|p1|Electrode-Hisui, L50|\n|poke|p1|Rillaboom, L50, F|\n|poke|p1|Urshifu-*, L50, M|\n|poke|p1|Landorus-Therian, L50, M|\n|poke|p1|Arcanine-Hisui, L50, F|\n|poke|p1|Iron Hands, L50|\n|poke|p2|Amoonguss, L50, M|\n|poke|p2|Iron Hands, L50|\n|poke|p2|Landorus-Therian, L50, M|\n|poke|p2|Heatran, L50, M|\n|poke|p2|Flutter Mane, L50|\n|poke|p2|Ogerpon-Wellspring, L50, F|\n|teampreview|4\n|\n|t:|1701136202\n|start\n|switch|p1a: Electrode|Electrode-Hisui, L50|100\/100\n|switch|p1b: Landorus|Landorus-Therian, L50, M|100\/100\n|switch|p2a: Iron Hands|Iron Hands, L50|100\/100\n|switch|p2b: Heatran|Heatran, L50, M|100\/100\n|-ability|p1b: Landorus|Intimidate|boost\n|-unboost|p2a: Iron Hands|atk|1\n|-unboost|p2b: Heatran|atk|1\n|turn|1\n|\n|t:|1701136258\n|move|p2a: Iron Hands|Fake Out|p1b: Landorus\n|-crit|p1b: Landorus\n|-damage|p1b: Landorus|76\/100\n|-damage|p2a: Iron Hands|84\/100|[from] item: Rocky Helmet|[of] p1b: Landorus\n|move|p1a: Electrode|Screech|p2b: Heatran\n|-unboost|p2b: Heatran|def|2\n|cant|p1b: Landorus|flinch\n|move|p2b: Heatran|Heat Wave|p1a: Electrode|[spread] p1a,p1b\n|-supereffective|p1a: Electrode\n|-damage|p1a: Electrode|0 fnt\n|-damage|p1b: Landorus|27\/100\n|faint|p1a: Electrode\n|\n|upkeep\n|\n|t:|1701136278\n|switch|p1a: Urshifu|Urshifu-Rapid-Strike, L50, M|100\/100\n|turn|2\n|\n|t:|1701136302\n|switch|p2b: Landorus|Landorus-Therian, L50, M|100\/100\n|-ability|p2b: Landorus|Intimidate|boost\n|-unboost|p1a: Urshifu|atk|1\n|-unboost|p1b: Landorus|atk|1\n|move|p1a: Urshifu|Surging Strikes|p2b: Landorus\n|-supereffective|p2b: Landorus\n|-crit|p2b: Landorus\n|-damage|p2b: Landorus|55\/100\n|-supereffective|p2b: Landorus\n|-crit|p2b: Landorus\n|-damage|p2b: Landorus|10\/100\n|-supereffective|p2b: Landorus\n|-crit|p2b: Landorus\n|-damage|p2b: Landorus|0 fnt\n|faint|p2b: Landorus\n|-hitcount|p2: Landorus|3\n|move|p1b: Landorus|Stomping Tantrum|p2a: Iron Hands\n|-supereffective|p2a: Iron Hands\n|-damage|p2a: Iron Hands|0 fnt\n|faint|p2a: Iron Hands\n|-end|p2a: Iron Hands|Quark Drive|[silent]\n|\n|upkeep\n|\n|t:|1701136317\n|switch|p2b: Amoonguss|Amoonguss, L50, M|100\/100\n|switch|p2a: Heatran|Heatran, L50, M|100\/100\n|turn|3\n|\n|t:|1701136340\n|move|p2b: Amoonguss|Rage Powder|p2b: Amoonguss\n|-singleturn|p2b: Amoonguss|move: Rage Powder\n|move|p1a: Urshifu|Surging Strikes|p2b: Amoonguss\n|-resisted|p2b: Amoonguss\n|-crit|p2b: Amoonguss\n|-damage|p2b: Amoonguss|91\/100\n|-damage|p1a: Urshifu|84\/100|[from] item: Rocky Helmet|[of] p2b: Amoonguss\n|-resisted|p2b: Amoonguss\n|-crit|p2b: Amoonguss\n|-damage|p2b: Amoonguss|81\/100\n|-damage|p1a: Urshifu|67\/100|[from] item: Rocky Helmet|[of] p2b: Amoonguss\n|-resisted|p2b: Amoonguss\n|-crit|p2b: Amoonguss\n|-damage|p2b: Amoonguss|71\/100\n|-damage|p1a: Urshifu|51\/100|[from] item: Rocky Helmet|[of] p2b: Amoonguss\n|-hitcount|p2b: Amoonguss|3\n|move|p1b: Landorus|U-turn|p2b: Amoonguss\n|-damage|p2b: Amoonguss|56\/100\n|-damage|p1b: Landorus|10\/100|[from] item: Rocky Helmet|[of] p2b: Amoonguss\n|\n|t:|1701136361\n|switch|p1b: Rillaboom|Rillaboom, L50, F|100\/100|[from] U-turn\n|-fieldstart|move: Grassy Terrain|[from] ability: Grassy Surge|[of] p1b: Rillaboom\n|move|p2a: Heatran|Earth Power|p1a: Urshifu\n|-damage|p1a: Urshifu|0 fnt\n|faint|p1a: Urshifu\n|\n|-heal|p2b: Amoonguss|62\/100|[from] Grassy Terrain\n|upkeep\n|\n|t:|1701136372\n|switch|p1a: Landorus|Landorus-Therian, L50, M|10\/100\n|-ability|p1a: Landorus|Intimidate|boost\n|-unboost|p2a: Heatran|atk|1\n|-unboost|p2b: Amoonguss|atk|1\n|turn|4\n|\n|t:|1701136392\n|move|p1b: Rillaboom|Fake Out|p2a: Heatran\n|-resisted|p2a: Heatran\n|-damage|p2a: Heatran|94\/100\n|move|p2b: Amoonguss|Rage Powder|p2b: Amoonguss\n|-singleturn|p2b: Amoonguss|move: Rage Powder\n|move|p1a: Landorus|Stone Edge|p2b: Amoonguss\n|-damage|p2b: Amoonguss|34\/100\n|cant|p2a: Heatran|flinch\n|\n|-heal|p2a: Heatran|99\/100|[from] Grassy Terrain\n|-heal|p2a: Heatran|100\/100|[from] item: Leftovers\n|-heal|p2b: Amoonguss|40\/100|[from] Grassy Terrain\n|upkeep\n|turn|5\n|\n|t:|1701136432\n|-terastallize|p2a: Heatran|Grass\n|move|p1b: Rillaboom|Fake Out||[still]\n|-hint|Fake Out only works on your first turn out.\n|-fail|p1b: Rillaboom\n|move|p2b: Amoonguss|Rage Powder|p2b: Amoonguss\n|-singleturn|p2b: Amoonguss|move: Rage Powder\n|move|p1a: Landorus|Stone Edge|p2b: Amoonguss\n|-damage|p2b: Amoonguss|12\/100\n|move|p2a: Heatran|Heat Wave|p1a: Landorus|[spread] p1a\n|-miss|p2a: Heatran|p1b: Rillaboom\n|-damage|p1a: Landorus|0 fnt\n|faint|p1a: Landorus\n|\n|-heal|p2b: Amoonguss|18\/100|[from] Grassy Terrain\n|upkeep\n|turn|6\n|\n|t:|1701136453\n|move|p1b: Rillaboom|Grassy Glide|p2b: Amoonguss\n|-resisted|p2b: Amoonguss\n|-damage|p2b: Amoonguss|10\/100\n|-damage|p1b: Rillaboom|84\/100|[from] item: Rocky Helmet|[of] p2b: Amoonguss\n|move|p2a: Heatran|Heat Wave|p1b: Rillaboom\n|-supereffective|p1b: Rillaboom\n|-damage|p1b: Rillaboom|8\/100\n|move|p2b: Amoonguss|Pollen Puff|p1b: Rillaboom\n|-supereffective|p1b: Rillaboom\n|-damage|p1b: Rillaboom|0 fnt\n|faint|p1b: Rillaboom\n|\n|win|AnzonyVGC\n|raw|ItWasntAvailable's rating: 1000 &rarr; <strong>1000<\/strong><br \/>(+0 for losing)\n|raw|AnzonyVGC's rating: 1040 &rarr; <strong>1070<\/strong><br \/>(+30 for winning)\n|l|\u2606ItWasntAvailable\n","uploadtime":1701136476,"views":2,"p1id":"itwasntavailable","p2id":"anzonyvgc","formatid":"gen9vgc2023regulatione","rating":1000,"private":0,"password":""}