{"id":"gen9vgc2023regulatione-1987981440","p1":"mcfoolin","p2":"derSchredder2804","format":"[Gen 9] VGC 2023 Regulation E","log":"|j|\u2606mcfoolin\n|j|\u2606derSchredder2804\n|t:|1699655628\n|gametype|doubles\n|player|p1|mcfoolin|266|1092\n|player|p2|derSchredder2804|colress|1103\n|teamsize|p1|6\n|teamsize|p2|6\n|gen|9\n|tier|[Gen 9] VGC 2023 Regulation E\n|rated|\n|rule|Species Clause: Limit one of each Pok\u00e9mon\n|rule|Item Clause: Limit one of each item\n|clearpoke\n|poke|p1|Iron Hands, L50|\n|poke|p1|Heatran, L50, M|\n|poke|p1|Landorus-Therian, L50, M|\n|poke|p1|Ogerpon-Wellspring, L50, F|\n|poke|p1|Cresselia, L50, F|\n|poke|p1|Flutter Mane, L50|\n|poke|p2|Snorlax, L50, F|\n|poke|p2|Sinistcha-Masterpiece, L50|\n|poke|p2|Landorus-Therian, L50, M|\n|poke|p2|Iron Hands, L50|\n|poke|p2|Clefairy, L50, F|\n|poke|p2|Kommo-o, L50, F|\n|teampreview|4\n|inactive|Battle timer is ON: inactive players will automatically lose when time's up. (requested by derSchredder2804)\n|inactive|mcfoolin has 60 seconds left.\n|\n|t:|1699655666\n|start\n|switch|p1a: Flutter Mane|Flutter Mane, L50|100\/100\n|switch|p1b: Heatran|Heatran, L50, M|100\/100\n|switch|p2a: Kommo-o|Kommo-o, L50, F|100\/100\n|switch|p2b: Iron Hands|Iron Hands, L50|100\/100\n|-enditem|p1a: Flutter Mane|Booster Energy\n|-activate|p1a: Flutter Mane|ability: Protosynthesis|[fromitem]\n|-start|p1a: Flutter Mane|protosynthesisspa\n|turn|1\n|inactive|mcfoolin has 30 seconds left.\n|\n|t:|1699655698\n|-terastallize|p1a: Flutter Mane|Fairy\n|-terastallize|p2a: Kommo-o|Steel\n|move|p2b: Iron Hands|Fake Out|p1b: Heatran\n|-resisted|p1b: Heatran\n|-damage|p1b: Heatran|92\/100\n|move|p1a: Flutter Mane|Dazzling Gleam|p2a: Kommo-o|[spread] p2a,p2b\n|-resisted|p2a: Kommo-o\n|-supereffective|p2b: Iron Hands\n|-damage|p2a: Kommo-o|69\/100\n|-damage|p2b: Iron Hands|40\/100\n|move|p2a: Kommo-o|Clangorous Soul|p2a: Kommo-o\n|-boost|p2a: Kommo-o|atk|1\n|-boost|p2a: Kommo-o|def|1\n|-boost|p2a: Kommo-o|spa|1\n|-boost|p2a: Kommo-o|spd|1\n|-boost|p2a: Kommo-o|spe|1\n|-damage|p2a: Kommo-o|36\/100\n|-enditem|p2a: Kommo-o|Throat Spray\n|-boost|p2a: Kommo-o|spa|1|[from] item: Throat Spray\n|cant|p1b: Heatran|flinch\n|\n|upkeep\n|turn|2\n|\n|t:|1699655717\n|-end|p2b: Iron Hands|Quark Drive|[silent]\n|switch|p2b: Sinistcha|Sinistcha-Masterpiece, L50|100\/100\n|-heal|p2a: Kommo-o|61\/100|[from] ability: Hospitality|[of] p2b: Sinistcha\n|move|p2a: Kommo-o|Protect|p2a: Kommo-o\n|-singleturn|p2a: Kommo-o|Protect\n|move|p1a: Flutter Mane|Dazzling Gleam|p2a: Kommo-o|[spread] p2b\n|-activate|p2a: Kommo-o|move: Protect\n|-crit|p2b: Sinistcha\n|-damage|p2b: Sinistcha|31\/100\n|move|p1b: Heatran|Flamethrower|p2a: Kommo-o\n|-activate|p2a: Kommo-o|move: Protect\n|\n|upkeep\n|turn|3\n|\n|t:|1699655739\n|move|p1a: Flutter Mane|Protect|p1a: Flutter Mane\n|-singleturn|p1a: Flutter Mane|Protect\n|move|p2b: Sinistcha|Rage Powder|p2b: Sinistcha\n|-singleturn|p2b: Sinistcha|move: Rage Powder\n|move|p2a: Kommo-o|Flash Cannon|p1a: Flutter Mane\n|-activate|p1a: Flutter Mane|move: Protect\n|move|p1b: Heatran|Flamethrower|p2b: Sinistcha\n|-supereffective|p2b: Sinistcha\n|-damage|p2b: Sinistcha|0 fnt\n|faint|p2b: Sinistcha\n|-damage|p1b: Heatran|83\/100|[from] item: Life Orb\n|\n|upkeep\n|\n|t:|1699655742\n|switch|p2b: Clefairy|Clefairy, L50, F|100\/100\n|turn|4\n|inactive|mcfoolin has 30 seconds left.\n|inactive|mcfoolin has 20 seconds left.\n|inactive|mcfoolin has 15 seconds left.\n|\n|t:|1699655788\n|-end|p1a: Flutter Mane|Protosynthesis|[silent]\n|switch|p1a: Iron Hands|Iron Hands, L50|100\/100\n|move|p2b: Clefairy|Follow Me|p2b: Clefairy\n|-singleturn|p2b: Clefairy|move: Follow Me\n|move|p2a: Kommo-o|Clanging Scales|p1a: Iron Hands|[spread] p1a,p1b\n|-resisted|p1b: Heatran\n|-damage|p1a: Iron Hands|63\/100\n|-damage|p1b: Heatran|48\/100\n|-unboost|p2a: Kommo-o|def|1\n|move|p1b: Heatran|Flash Cannon|p2b: Clefairy\n|-supereffective|p2b: Clefairy\n|-damage|p2b: Clefairy|11\/100\n|-damage|p1b: Heatran|38\/100|[from] item: Life Orb\n|\n|upkeep\n|turn|5\n|inactive|mcfoolin has 30 seconds left.\n|\n|t:|1699655814\n|move|p2a: Kommo-o|Protect|p2a: Kommo-o\n|-singleturn|p2a: Kommo-o|Protect\n|move|p2b: Clefairy|Protect|p2b: Clefairy\n|-singleturn|p2b: Clefairy|Protect\n|move|p1a: Iron Hands|Fake Out|p2a: Kommo-o\n|-activate|p2a: Kommo-o|move: Protect\n|move|p1b: Heatran|Flash Cannon|p2b: Clefairy\n|-activate|p2b: Clefairy|move: Protect\n|\n|upkeep\n|turn|6\n|\n|t:|1699655838\n|switch|p1b: Flutter Mane|Flutter Mane, L50, tera:Fairy|100\/100\n|move|p2b: Clefairy|Helping Hand|p2a: Kommo-o\n|-singleturn|p2a: Kommo-o|Helping Hand|[of] p2b: Clefairy\n|move|p2a: Kommo-o|Clanging Scales|p1a: Iron Hands|[spread] p1a\n|-immune|p1b: Flutter Mane\n|-damage|p1a: Iron Hands|4\/100\n|-unboost|p2a: Kommo-o|def|1\n|move|p1a: Iron Hands|Drain Punch|p2a: Kommo-o\n|-supereffective|p2a: Kommo-o\n|-damage|p2a: Kommo-o|0 fnt\n|-heal|p1a: Iron Hands|25\/100|[from] drain|[of] p2a: Kommo-o\n|faint|p2a: Kommo-o\n|\n|upkeep\n|\n|t:|1699655846\n|switch|p2a: Iron Hands|Iron Hands, L50|40\/100\n|turn|7\n|\n|t:|1699655868\n|-end|p1a: Iron Hands|Quark Drive|[silent]\n|switch|p1a: Landorus|Landorus-Therian, L50, M|100\/100\n|-ability|p1a: Landorus|Intimidate|boost\n|-unboost|p2a: Iron Hands|atk|1\n|-unboost|p2b: Clefairy|atk|1\n|move|p1b: Flutter Mane|Protect|p1b: Flutter Mane\n|-singleturn|p1b: Flutter Mane|Protect\n|move|p2a: Iron Hands|Fake Out|p1b: Flutter Mane\n|-activate|p1b: Flutter Mane|move: Protect\n|move|p2b: Clefairy|Heal Pulse|p2a: Iron Hands\n|-heal|p2a: Iron Hands|90\/100\n|\n|upkeep\n|turn|8\n|\n|t:|1699655892\n|move|p2b: Clefairy|Helping Hand|p2a: Iron Hands\n|-singleturn|p2a: Iron Hands|Helping Hand|[of] p2b: Clefairy\n|move|p1a: Landorus|Stomping Tantrum|p2a: Iron Hands\n|-supereffective|p2a: Iron Hands\n|-damage|p2a: Iron Hands|42\/100\n|move|p1b: Flutter Mane|Moonblast|p2a: Iron Hands\n|-supereffective|p2a: Iron Hands\n|-damage|p2a: Iron Hands|0 fnt\n|faint|p2a: Iron Hands\n|-end|p2a: Iron Hands|Quark Drive|[silent]\n|\n|upkeep\n|turn|9\n|\n|t:|1699655902\n|move|p2b: Clefairy|Protect|p2b: Clefairy\n|-singleturn|p2b: Clefairy|Protect\n|move|p1a: Landorus|Stomping Tantrum|p2b: Clefairy\n|-activate|p2b: Clefairy|move: Protect\n|move|p1b: Flutter Mane|Moonblast|p2b: Clefairy\n|-activate|p2b: Clefairy|move: Protect\n|\n|upkeep\n|turn|10\n|\n|t:|1699655908\n|move|p2b: Clefairy|Protect|p2b: Clefairy\n|-singleturn|p2b: Clefairy|Protect\n|move|p1a: Landorus|Stomping Tantrum|p2b: Clefairy\n|-activate|p2b: Clefairy|move: Protect\n|move|p1b: Flutter Mane|Moonblast|p2b: Clefairy\n|-activate|p2b: Clefairy|move: Protect\n|\n|upkeep\n|turn|11\n|\n|t:|1699655916\n|move|p2b: Clefairy|Protect||[still]\n|-fail|p2b: Clefairy\n|move|p1a: Landorus|Stomping Tantrum|p2b: Clefairy\n|-damage|p2b: Clefairy|0 fnt\n|faint|p2b: Clefairy\n|\n|win|mcfoolin\n|raw|mcfoolin's rating: 1092 &rarr; <strong>1119<\/strong><br \/>(+27 for winning)\n|raw|derSchredder2804's rating: 1103 &rarr; <strong>1077<\/strong><br \/>(-26 for losing)\n|l|\u2606derSchredder2804\n","uploadtime":1699655942,"views":13,"p1id":"mcfoolin","p2id":"derschredder2804","formatid":"gen9vgc2023regulatione","rating":1077,"private":0,"password":""}