{"id":"gen9vgc2023regulatione-1990605800","p1":"Mik91","p2":"SacredArmadillo","format":"[Gen 9] VGC 2023 Regulation E","log":"|j|\u2606Mik91\n|j|\u2606SacredArmadillo\n|t:|1699985163\n|gametype|doubles\n|player|p1|Mik91|giovanni|1522\n|player|p2|SacredArmadillo|ash|1449\n|teamsize|p1|6\n|teamsize|p2|6\n|gen|9\n|tier|[Gen 9] VGC 2023 Regulation E\n|rated|\n|rule|Species Clause: Limit one of each Pok\u00e9mon\n|rule|Item Clause: Limit one of each item\n|clearpoke\n|poke|p1|Dusclops, L50, M|\n|poke|p1|Munkidori, L50, M|\n|poke|p1|Azumarill, L50, F|\n|poke|p1|Ursaluna, L50, F|\n|poke|p1|Heatran, L50, M|\n|poke|p1|Rillaboom, L50, M|\n|poke|p2|Torkoal, L50, M|\n|poke|p2|Armarouge, L50, M|\n|poke|p2|Indeedee-F, L50, F|\n|poke|p2|Ursaluna, L50, F|\n|poke|p2|Urshifu-*, L50, M|\n|poke|p2|Roaring Moon, L50|\n|teampreview|4\n|inactive|Battle timer is ON: inactive players will automatically lose when time's up. (requested by Mik91)\n|inactive|Mik91 has 60 seconds left.\n|\n|t:|1699985201\n|start\n|switch|p1a: Giovannone|Dusclops, L50, M|100\/100\n|switch|p1b: Munkidori|Munkidori, L50, M|100\/100\n|switch|p2a: Urshifu|Urshifu-Rapid-Strike, L50, M|100\/100\n|switch|p2b: Armarouge|Armarouge, L50, M|100\/100\n|-item|p2a: Urshifu|Choice Scarf|[from] ability: Frisk|[of] p1a: Giovannone|[identify]\n|-item|p2b: Armarouge|Weakness Policy|[from] ability: Frisk|[of] p1a: Giovannone|[identify]\n|turn|1\n|\n|t:|1699985220\n|-terastallize|p2a: Urshifu|Water\n|-terastallize|p1a: Giovannone|Dark\n|move|p2a: Urshifu|Surging Strikes|p1a: Giovannone\n|-crit|p1a: Giovannone\n|-damage|p1a: Giovannone|86\/100\n|-crit|p1a: Giovannone\n|-damage|p1a: Giovannone|69\/100\n|-crit|p1a: Giovannone\n|-damage|p1a: Giovannone|54\/100\n|-hitcount|p1a: Giovannone|3\n|move|p1b: Munkidori|Taunt|p2b: Armarouge\n|-start|p2b: Armarouge|move: Taunt\n|move|p2b: Armarouge|Heat Wave|p1a: Giovannone|[spread] p1a,p1b\n|-damage|p1a: Giovannone|30\/100\n|-damage|p1b: Munkidori|52\/100\n|move|p1a: Giovannone|Trick Room|p1a: Giovannone\n|-fieldstart|move: Trick Room|[of] p1a: Giovannone\n|\n|upkeep\n|turn|2\n|inactive|Mik91 has 30 seconds left.\n|inactive|SacredArmadillo has 30 seconds left.\n|\n|t:|1699985251\n|switch|p2a: Indeedee|Indeedee-F, L50, F|100\/100\n|-fieldstart|move: Psychic Terrain|[from] ability: Psychic Surge|[of] p2a: Indeedee\n|move|p1a: Giovannone|Will-O-Wisp|p2a: Indeedee\n|-status|p2a: Indeedee|brn\n|move|p2b: Armarouge|Heat Wave|p1b: Munkidori|[spread] p1a,p1b\n|-damage|p1a: Giovannone|7\/100\n|-damage|p1b: Munkidori|10\/100\n|-status|p1a: Giovannone|brn\n|move|p1b: Munkidori|Sludge Bomb|p2a: Indeedee\n|-damage|p2a: Indeedee|54\/100 brn\n|\n|-damage|p1a: Giovannone|1\/100 brn|[from] brn\n|-damage|p2a: Indeedee|48\/100 brn|[from] brn\n|upkeep\n|turn|3\n|inactive|SacredArmadillo has 30 seconds left.\n|inactive|Mik91 has 30 seconds left.\n|inactive|SacredArmadillo has 20 seconds left.\n|inactive|Mik91 has 20 seconds left.\n|inactive|SacredArmadillo has 15 seconds left.\n|inactive|Mik91 has 15 seconds left.\n|\n|t:|1699985297\n|switch|p1a: Azumarill|Azumarill, L50, F|100\/100\n|move|p2b: Armarouge|Heat Wave|p1b: Munkidori|[spread] p1a,p1b\n|-resisted|p1a: Azumarill\n|-damage|p1a: Azumarill|78\/100\n|-damage|p1b: Munkidori|0 fnt\n|faint|p1b: Munkidori\n|move|p2a: Indeedee|Trick Room|p2a: Indeedee\n|-fieldend|move: Trick Room\n|\n|-damage|p2a: Indeedee|42\/100 brn|[from] brn\n|-end|p2b: Armarouge|move: Taunt\n|upkeep\n|\n|t:|1699985305\n|switch|p1b: Rillaboom|Rillaboom, L50, M|100\/100\n|-fieldstart|move: Grassy Terrain|[from] ability: Grassy Surge|[of] p1b: Rillaboom\n|turn|4\n|inactive|SacredArmadillo has 30 seconds left.\n|\n|t:|1699985333\n|switch|p2a: Urshifu|Urshifu-Rapid-Strike, L50, M, tera:Water|100\/100\n|move|p2b: Armarouge|Endure|p2b: Armarouge\n|-singleturn|p2b: Armarouge|move: Endure\n|move|p1b: Rillaboom|Wood Hammer|p2a: Urshifu\n|-supereffective|p2a: Urshifu\n|-damage|p2a: Urshifu|0 fnt\n|faint|p2a: Urshifu\n|-damage|p1b: Rillaboom|72\/100|[from] Recoil\n|move|p1a: Azumarill|Waterfall|p2b: Armarouge\n|-supereffective|p2b: Armarouge\n|-activate|p2b: Armarouge|move: Endure\n|-damage|p2b: Armarouge|1\/100\n|-ability|p2b: Armarouge|Weak Armor|boost\n|-unboost|p2b: Armarouge|def|1\n|-boost|p2b: Armarouge|spe|2\n|-enditem|p2b: Armarouge|Weakness Policy\n|-boost|p2b: Armarouge|atk|2|[from] item: Weakness Policy\n|-boost|p2b: Armarouge|spa|2|[from] item: Weakness Policy\n|-damage|p1a: Azumarill|68\/100|[from] item: Life Orb\n|\n|-heal|p2b: Armarouge|7\/100|[from] Grassy Terrain\n|-heal|p1b: Rillaboom|78\/100|[from] Grassy Terrain\n|-heal|p1a: Azumarill|74\/100|[from] Grassy Terrain\n|upkeep\n|\n|t:|1699985357\n|switch|p2a: Indeedee|Indeedee-F, L50, F|42\/100 brn\n|-fieldstart|move: Psychic Terrain|[from] ability: Psychic Surge|[of] p2a: Indeedee\n|turn|5\n|\n|t:|1699985368\n|move|p2a: Indeedee|Helping Hand|p2b: Armarouge\n|-singleturn|p2b: Armarouge|Helping Hand|[of] p2a: Indeedee\n|move|p1a: Azumarill|Protect|p1a: Azumarill\n|-singleturn|p1a: Azumarill|Protect\n|move|p2b: Armarouge|Expanding Force|p1a: Azumarill|[spread] p1b\n|-activate|p1a: Azumarill|move: Protect\n|-damage|p1b: Rillaboom|0 fnt\n|faint|p1b: Rillaboom\n|\n|-damage|p2a: Indeedee|36\/100 brn|[from] brn\n|upkeep\n|\n|t:|1699985376\n|switch|p1b: Giovannone|Dusclops, L50, M, tera:Dark|1\/100 brn\n|-item|p2a: Indeedee|Rocky Helmet|[from] ability: Frisk|[of] p1b: Giovannone|[identify]\n|turn|6\n|-message|Mik91 forfeited.\n|\n|win|SacredArmadillo\n|raw|Mik91's rating: 1522 &rarr; <strong>1498<\/strong><br \/>(-24 for losing)\n|raw|SacredArmadillo's rating: 1449 &rarr; <strong>1473<\/strong><br \/>(+24 for winning)\n|l|\u2606Mik91\n","uploadtime":1699985393,"views":12,"p1id":"mik91","p2id":"sacredarmadillo","formatid":"gen9vgc2023regulatione","rating":1473,"private":0,"password":""}