{"id":"gen9vgc2023regulatione-1998363685","p1":"Tyranichunk","p2":"ann732287093","format":"[Gen 9] VGC 2023 Regulation E","log":"|j|\u2606Tyranichunk\n|j|\u2606ann732287093\n|t:|1700934034\n|gametype|doubles\n|player|p1|Tyranichunk|hilbert|1562\n|player|p2|ann732287093|dawn|1562\n|teamsize|p1|6\n|teamsize|p2|6\n|gen|9\n|tier|[Gen 9] VGC 2023 Regulation E\n|rated|\n|rule|Species Clause: Limit one of each Pok\u00e9mon\n|rule|Item Clause: Limit one of each item\n|clearpoke\n|poke|p1|Dondozo, L50, M|\n|poke|p1|Tatsugiri, L50, M|\n|poke|p1|Ninetales-Alola, L50, F|\n|poke|p1|Glimmora, L50, F|\n|poke|p1|Ogerpon-Hearthflame, L50, F|\n|poke|p1|Iron Hands, L50|\n|poke|p2|Flutter Mane, L50|\n|poke|p2|Tornadus, L50, M|\n|poke|p2|Rillaboom, L50, F|\n|poke|p2|Landorus-Therian, L50, M|\n|poke|p2|Ogerpon-Wellspring, L50, F|\n|poke|p2|Iron Hands, L50|\n|teampreview|4\n|inactive|Battle timer is ON: inactive players will automatically lose when time's up. (requested by Tyranichunk)\n|\n|t:|1700934061\n|start\n|switch|p1a: Panini|Ninetales-Alola, L50, F|100\/100\n|switch|p1b: BurpleNurple|Glimmora, L50, F|100\/100\n|switch|p2a: Landorus|Landorus-Therian, L50, M|100\/100\n|switch|p2b: Iron Hands|Iron Hands, L50|100\/100\n|-weather|Snow|[from] ability: Snow Warning|[of] p1a: Panini\n|-ability|p2a: Landorus|Intimidate|boost\n|-unboost|p1a: Panini|atk|1\n|-unboost|p1b: BurpleNurple|atk|1\n|turn|1\n|inactive|Tyranichunk has 30 seconds left.\n|\n|t:|1700934093\n|move|p1a: Panini|Protect|p1a: Panini\n|-singleturn|p1a: Panini|Protect\n|move|p1b: BurpleNurple|Spiky Shield|p1b: BurpleNurple\n|-singleturn|p1b: BurpleNurple|move: Protect\n|move|p2a: Landorus|Rock Slide|p1b: BurpleNurple|[spread] \n|-activate|p1a: Panini|move: Protect\n|-activate|p1b: BurpleNurple|move: Protect\n|move|p2b: Iron Hands|Drain Punch|p1a: Panini\n|-activate|p1a: Panini|move: Protect\n|\n|-weather|Snow|[upkeep]\n|upkeep\n|turn|2\n|j| dfs23\n|inactive|Tyranichunk has 30 seconds left.\n|\n|t:|1700934121\n|switch|p1b: Mung Daal|Dondozo, L50, M|100\/100\n|move|p1a: Panini|Aurora Veil|p1a: Panini\n|-sidestart|p1: Tyranichunk|move: Aurora Veil\n|move|p2a: Landorus|Stomping Tantrum|p1b: Mung Daal\n|-damage|p1b: Mung Daal|73\/100\n|-damage|p2a: Landorus|90\/100|[from] item: Life Orb\n|move|p2b: Iron Hands|Drain Punch|p1a: Panini\n|-damage|p1a: Panini|78\/100\n|\n|-weather|Snow|[upkeep]\n|-heal|p1b: Mung Daal|79\/100|[from] item: Leftovers\n|upkeep\n|turn|3\n|\n|t:|1700934140\n|move|p1b: Mung Daal|Protect|p1b: Mung Daal\n|-singleturn|p1b: Mung Daal|Protect\n|move|p1a: Panini|Blizzard|p2a: Landorus|[spread] p2a,p2b\n|-supereffective|p2a: Landorus\n|-damage|p2a: Landorus|0 fnt\n|-damage|p2b: Iron Hands|78\/100\n|faint|p2a: Landorus\n|move|p2b: Iron Hands|Swords Dance|p2b: Iron Hands\n|-boost|p2b: Iron Hands|atk|2\n|\n|-weather|Snow|[upkeep]\n|-heal|p1b: Mung Daal|86\/100|[from] item: Leftovers\n|-heal|p2b: Iron Hands|84\/100|[from] item: Leftovers\n|upkeep\n|\n|t:|1700934153\n|switch|p2a: Flutter Mane|Flutter Mane, L50|100\/100\n|turn|4\n|\n|t:|1700934173\n|switch|p1a: Chowder|Tatsugiri, L50, M|100\/100\n|-activate|p1a: Chowder|ability: Commander|[of] p1b: Mung Daal\n|-boost|p1b: Mung Daal|atk|2\n|-boost|p1b: Mung Daal|spa|2\n|-boost|p1b: Mung Daal|spe|2\n|-boost|p1b: Mung Daal|def|2\n|-boost|p1b: Mung Daal|spd|2\n|-terastallize|p2a: Flutter Mane|Fairy\n|move|p1b: Mung Daal|Wave Crash|p2a: Flutter Mane\n|-damage|p2a: Flutter Mane|0 fnt\n|faint|p2a: Flutter Mane\n|-end|p2a: Flutter Mane|Protosynthesis|[silent]\n|-damage|p1b: Mung Daal|63\/100|[from] Recoil\n|move|p2b: Iron Hands|Wild Charge|p1b: Mung Daal\n|-supereffective|p1b: Mung Daal\n|-damage|p1b: Mung Daal|36\/100\n|-damage|p2b: Iron Hands|78\/100|[from] Recoil\n|\n|-weather|Snow|[upkeep]\n|-heal|p1b: Mung Daal|42\/100|[from] item: Leftovers\n|-heal|p2b: Iron Hands|84\/100|[from] item: Leftovers\n|upkeep\n|\n|t:|1700934196\n|switch|p2a: Ogerpon|Ogerpon-Wellspring, L50, F|100\/100\n|turn|5\n|l| dfs23\n|\n|t:|1700934215\n|-terastallize|p1b: Mung Daal|Dragon\n|move|p1b: Mung Daal|Order Up|p2a: Ogerpon\n|-damage|p2a: Ogerpon|19\/100\n|-boost|p1b: Mung Daal|atk|1\n|move|p2a: Ogerpon|Horn Leech|p1b: Mung Daal\n|-resisted|p1b: Mung Daal\n|-damage|p1b: Mung Daal|37\/100\n|-heal|p2a: Ogerpon|22\/100|[from] drain|[of] p1b: Mung Daal\n|move|p2b: Iron Hands|Swords Dance|p2b: Iron Hands\n|-boost|p2b: Iron Hands|atk|2\n|\n|-weather|none\n|-heal|p1b: Mung Daal|43\/100|[from] item: Leftovers\n|-heal|p2b: Iron Hands|90\/100|[from] item: Leftovers\n|upkeep\n|turn|6\n|\n|t:|1700934236\n|move|p1b: Mung Daal|Earthquake|p2b: Iron Hands|[spread] p2a,p2b\n|-miss|p1b: Mung Daal|p1a: Chowder\n|-resisted|p2a: Ogerpon\n|-supereffective|p2b: Iron Hands\n|-damage|p2a: Ogerpon|0 fnt\n|-damage|p2b: Iron Hands|16\/100\n|faint|p2a: Ogerpon\n|move|p2b: Iron Hands|Ice Punch|p1b: Mung Daal\n|-supereffective|p1b: Mung Daal\n|-damage|p1b: Mung Daal|29\/100\n|\n|-heal|p1b: Mung Daal|35\/100|[from] item: Leftovers\n|-heal|p2b: Iron Hands|22\/100|[from] item: Leftovers\n|upkeep\n|turn|7\n|l|\u2606ann732287093\n|inactive|ann732287093 disconnected and has a minute to reconnect!\n|player|p2|\n|inactive|ann732287093 has 30 seconds left.\n|inactive|ann732287093 has 20 seconds left.\n|inactive|ann732287093 has 15 seconds left.\n|inactive|ann732287093 has 10 seconds left.\n|inactive|ann732287093 has 5 seconds left.\n|-message|ann732287093 lost due to inactivity.\n|\n|win|Tyranichunk\n|raw|Tyranichunk's rating: 1562 &rarr; <strong>1582<\/strong><br \/>(+20 for winning)\n|raw|ann732287093's rating: 1562 &rarr; <strong>1542<\/strong><br \/>(-20 for losing)\n","uploadtime":1700934297,"views":2,"p1id":"tyranichunk","p2id":"ann732287093","formatid":"gen9vgc2023regulatione","rating":1542,"private":0,"password":""}