{"id":"gen9vgc2023regulatione-1996218941","p1":"Ryovale","p2":"Pablobebopvgc","format":"[Gen 9] VGC 2023 Regulation E","log":"|j|\u2606Ryovale\n|j|\u2606Pablobebopvgc\n|t:|1700660549\n|gametype|doubles\n|player|p1|Ryovale|colress|1298\n|player|p2|Pablobebopvgc|blackbelt-gen4|1407\n|teamsize|p1|6\n|teamsize|p2|6\n|gen|9\n|tier|[Gen 9] VGC 2023 Regulation E\n|rated|\n|rule|Species Clause: Limit one of each Pok\u00e9mon\n|rule|Item Clause: Limit one of each item\n|clearpoke\n|poke|p1|Arcanine, L50, F|\n|poke|p1|Urshifu-*, L50, M|\n|poke|p1|Tornadus, L50, M|\n|poke|p1|Iron Hands, L50|\n|poke|p1|Amoonguss, L50, M|\n|poke|p1|Regidrago, L50|\n|poke|p2|Urshifu-*, L50, F|\n|poke|p2|Amoonguss, L50, F|\n|poke|p2|Iron Hands, L50|\n|poke|p2|Tornadus, L50, M|\n|poke|p2|Arcanine-Hisui, L50, F|\n|poke|p2|Chien-Pao, L50|\n|teampreview|4\n|\n|t:|1700660577\n|start\n|switch|p1a: Tornadus|Tornadus, L50, M|100\/100\n|switch|p1b: Regidrago|Regidrago, L50|100\/100\n|switch|p2a: Iron Hands|Iron Hands, L50|100\/100\n|switch|p2b: Amoonguss|Amoonguss, L50, F|100\/100\n|turn|1\n|\n|t:|1700660593\n|move|p1a: Tornadus|Protect|p1a: Tornadus\n|-singleturn|p1a: Tornadus|Protect\n|move|p1b: Regidrago|Protect|p1b: Regidrago\n|-singleturn|p1b: Regidrago|Protect\n|move|p2a: Iron Hands|Wild Charge|p1a: Tornadus\n|-activate|p1a: Tornadus|move: Protect\n|move|p2b: Amoonguss|Spore|p1b: Regidrago\n|-activate|p1b: Regidrago|move: Protect\n|\n|upkeep\n|turn|2\n|\n|t:|1700660610\n|move|p1a: Tornadus|Bleakwind Storm|p2b: Amoonguss|[spread] p2a,p2b\n|-supereffective|p2b: Amoonguss\n|-damage|p2a: Iron Hands|80\/100\n|-damage|p2b: Amoonguss|39\/100\n|-unboost|p2b: Amoonguss|spe|1\n|-enditem|p2b: Amoonguss|Sitrus Berry|[eat]\n|-heal|p2b: Amoonguss|64\/100|[from] item: Sitrus Berry\n|move|p1b: Regidrago|Dragon Energy|p2b: Amoonguss|[spread] p2a,p2b\n|-damage|p2a: Iron Hands|43\/100\n|-damage|p2b: Amoonguss|13\/100\n|move|p2a: Iron Hands|Wild Charge|p1a: Tornadus\n|-supereffective|p1a: Tornadus\n|-enditem|p1a: Tornadus|Focus Sash\n|-damage|p1a: Tornadus|1\/100\n|-damage|p2a: Iron Hands|26\/100|[from] Recoil\n|move|p2b: Amoonguss|Spore|p1b: Regidrago\n|-status|p1b: Regidrago|slp|[from] move: Spore\n|\n|upkeep\n|turn|3\n|\n|t:|1700660645\n|switch|p2b: Arcanine|Arcanine-Hisui, L50, F|100\/100\n|-ability|p2b: Arcanine|Intimidate|boost\n|-unboost|p1a: Tornadus|atk|1\n|-unboost|p1b: Regidrago|atk|1\n|cant|p1b: Regidrago|slp\n|move|p1a: Tornadus|Tailwind|p1a: Tornadus\n|-sidestart|p1: Ryovale|move: Tailwind\n|move|p2a: Iron Hands|Ice Punch|p1b: Regidrago\n|-supereffective|p1b: Regidrago\n|-damage|p1b: Regidrago|41\/100 slp\n|\n|-heal|p1b: Regidrago|47\/100 slp|[from] item: Leftovers\n|upkeep\n|turn|4\n|\n|t:|1700660667\n|move|p2b: Arcanine|Extreme Speed|p1a: Tornadus\n|-damage|p1a: Tornadus|0 fnt\n|faint|p1a: Tornadus\n|-curestatus|p1b: Regidrago|slp|[msg]\n|move|p1b: Regidrago|Draco Meteor|p2b: Arcanine\n|-damage|p2b: Arcanine|7\/100\n|-unboost|p1b: Regidrago|spa|2\n|move|p2a: Iron Hands|Ice Punch|p1b: Regidrago\n|-supereffective|p1b: Regidrago\n|-damage|p1b: Regidrago|0 fnt\n|faint|p1b: Regidrago\n|\n|upkeep\n|\n|t:|1700660673\n|switch|p1a: Urshifu|Urshifu-Rapid-Strike, L50, M|100\/100\n|switch|p1b: Arcanine|Arcanine, L50, F|100\/100\n|-ability|p1b: Arcanine|Intimidate|boost\n|-unboost|p2a: Iron Hands|atk|1\n|-unboost|p2b: Arcanine|atk|1\n|turn|5\n|\n|t:|1700660697\n|switch|p2b: Amoonguss|Amoonguss, L50, F|47\/100\n|move|p1a: Urshifu|Surging Strikes|p2a: Iron Hands\n|-crit|p2a: Iron Hands\n|-damage|p2a: Iron Hands|10\/100\n|-crit|p2a: Iron Hands\n|-damage|p2a: Iron Hands|0 fnt\n|faint|p2a: Iron Hands\n|-end|p2a: Iron Hands|Quark Drive|[silent]\n|-hitcount|p2: Iron Hands|2\n|move|p1b: Arcanine|Howl|p1b: Arcanine|[spread] p1a,p1b\n|-boost|p1a: Urshifu|atk|1\n|-boost|p1b: Arcanine|atk|1\n|\n|upkeep\n|\n|t:|1700660712\n|switch|p2a: Urshifu|Urshifu-Rapid-Strike, L50, F|100\/100\n|turn|6\n|\n|t:|1700660726\n|-terastallize|p1b: Arcanine|Grass\n|move|p2b: Amoonguss|Rage Powder|p2b: Amoonguss\n|-singleturn|p2b: Amoonguss|move: Rage Powder\n|move|p1a: Urshifu|Close Combat|p2b: Amoonguss\n|-resisted|p2b: Amoonguss\n|-damage|p2b: Amoonguss|6\/100\n|-unboost|p1a: Urshifu|def|1\n|-unboost|p1a: Urshifu|spd|1\n|move|p1b: Arcanine|Flare Blitz|p2b: Amoonguss\n|-supereffective|p2b: Amoonguss\n|-damage|p2b: Amoonguss|0 fnt\n|faint|p2b: Amoonguss\n|-damage|p1b: Arcanine|98\/100|[from] Recoil\n|move|p2a: Urshifu|Surging Strikes|p1b: Arcanine\n|-resisted|p1b: Arcanine\n|-crit|p1b: Arcanine\n|-damage|p1b: Arcanine|86\/100\n|-resisted|p1b: Arcanine\n|-crit|p1b: Arcanine\n|-damage|p1b: Arcanine|74\/100\n|-resisted|p1b: Arcanine\n|-crit|p1b: Arcanine\n|-damage|p1b: Arcanine|62\/100\n|-hitcount|p1b: Arcanine|3\n|\n|-sideend|p1: Ryovale|move: Tailwind\n|upkeep\n|\n|t:|1700660743\n|switch|p2b: Arcanine|Arcanine-Hisui, L50, F|7\/100\n|-ability|p2b: Arcanine|Intimidate|boost\n|-unboost|p1a: Urshifu|atk|1\n|-unboost|p1b: Arcanine|atk|1\n|turn|7\n|\n|t:|1700660771\n|-terastallize|p2b: Arcanine|Normal\n|move|p2b: Arcanine|Extreme Speed|p1b: Arcanine\n|-damage|p1b: Arcanine|7\/100\n|-enditem|p1b: Arcanine|Sitrus Berry|[eat]\n|-heal|p1b: Arcanine|32\/100|[from] item: Sitrus Berry\n|move|p1a: Urshifu|Close Combat|p2a: Urshifu\n|-damage|p2a: Urshifu|42\/100\n|-unboost|p1a: Urshifu|def|1\n|-unboost|p1a: Urshifu|spd|1\n|move|p2a: Urshifu|Surging Strikes|p1a: Urshifu\n|-resisted|p1a: Urshifu\n|-crit|p1a: Urshifu\n|-damage|p1a: Urshifu|75\/100\n|-resisted|p1a: Urshifu\n|-crit|p1a: Urshifu\n|-damage|p1a: Urshifu|49\/100\n|-resisted|p1a: Urshifu\n|-crit|p1a: Urshifu\n|-damage|p1a: Urshifu|24\/100\n|-hitcount|p1a: Urshifu|3\n|move|p1b: Arcanine|Flare Blitz|p2b: Arcanine\n|-damage|p2b: Arcanine|0 fnt\n|faint|p2b: Arcanine\n|-damage|p1b: Arcanine|30\/100|[from] Recoil\n|\n|upkeep\n|turn|8\n|\n|t:|1700660796\n|move|p2a: Urshifu|Aqua Jet|p1a: Urshifu\n|-resisted|p1a: Urshifu\n|-damage|p1a: Urshifu|0 fnt\n|faint|p1a: Urshifu\n|move|p1b: Arcanine|Will-O-Wisp|p2a: Urshifu\n|-status|p2a: Urshifu|brn\n|\n|-damage|p2a: Urshifu|36\/100 brn|[from] brn\n|upkeep\n|turn|9\n|\n|t:|1700660807\n|move|p2a: Urshifu|Close Combat|p1b: Arcanine\n|-damage|p1b: Arcanine|2\/100\n|-unboost|p2a: Urshifu|def|1\n|-unboost|p2a: Urshifu|spd|1\n|move|p1b: Arcanine|Flare Blitz|p2a: Urshifu\n|-resisted|p2a: Urshifu\n|-damage|p2a: Urshifu|0 fnt\n|faint|p2a: Urshifu\n|-damage|p1b: Arcanine|0 fnt|[from] Recoil\n|faint|p1b: Arcanine\n|\n|win|Ryovale\n|raw|Ryovale's rating: 1298 &rarr; <strong>1331<\/strong><br \/>(+33 for winning)\n|raw|Pablobebopvgc's rating: 1407 &rarr; <strong>1381<\/strong><br \/>(-26 for losing)\n","uploadtime":1700660825,"views":6,"p1id":"ryovale","p2id":"pablobebopvgc","formatid":"gen9vgc2023regulatione","rating":1331,"private":0,"password":""}