{"id":"gen9vgc2023regulatione-2000556510","p1":"Copper05","p2":"Penny-Dee","format":"[Gen 9] VGC 2023 Regulation E","log":"|j|\u2606Copper05\n|j|\u2606Penny-Dee\n|t:|1701205027\n|gametype|doubles\n|player|p1|Copper05|wallace|1240\n|player|p2|Penny-Dee|265|1180\n|teamsize|p1|6\n|teamsize|p2|6\n|gen|9\n|tier|[Gen 9] VGC 2023 Regulation E\n|rated|\n|rule|Species Clause: Limit one of each Pok\u00e9mon\n|rule|Item Clause: Limit one of each item\n|clearpoke\n|poke|p1|Glimmora, L50, M|\n|poke|p1|Zapdos, L50|\n|poke|p1|Rillaboom, L50, F|\n|poke|p1|Flutter Mane, L50|\n|poke|p1|Tatsugiri, L50, M|\n|poke|p1|Dondozo, L50, M|\n|poke|p2|Iron Valiant, L50|\n|poke|p2|Sableye, L50, F|\n|poke|p2|Hypno, L50, F|\n|poke|p2|Flapple, L50, F|\n|poke|p2|Landorus, L50, M|\n|poke|p2|Basculegion-F, L50, F|\n|teampreview|4\n|inactive|Battle timer is ON: inactive players will automatically lose when time's up. (requested by Penny-Dee)\n|inactive|Copper05 has 60 seconds left.\n|inactive|Penny-Dee has 60 seconds left.\n|inactive|Penny-Dee has 30 seconds left.\n|inactive|Penny-Dee has 20 seconds left.\n|\n|t:|1701205110\n|start\n|switch|p1a: Glimmora|Glimmora, L50, M|100\/100\n|switch|p1b: Flutter Mane|Flutter Mane, L50|100\/100\n|switch|p2a: Sableye|Sableye, L50, F|100\/100\n|switch|p2b: Hypno|Hypno, L50, F|100\/100\n|-enditem|p1b: Flutter Mane|Booster Energy\n|-activate|p1b: Flutter Mane|ability: Protosynthesis|[fromitem]\n|-start|p1b: Flutter Mane|protosynthesisspe\n|turn|1\n|inactive|Copper05 has 30 seconds left.\n|\n|t:|1701205136\n|move|p2a: Sableye|Fake Out|p1a: Glimmora\n|-resisted|p1a: Glimmora\n|-damage|p1a: Glimmora|95\/100\n|-activate|p1a: Glimmora|ability: Toxic Debris\n|-sidestart|p2: Penny-Dee|move: Toxic Spikes\n|move|p1b: Flutter Mane|Shadow Ball|p2b: Hypno\n|-supereffective|p2b: Hypno\n|-damage|p2b: Hypno|55\/100\n|cant|p1a: Glimmora|flinch\n|move|p2b: Hypno|Trick Room|p2b: Hypno\n|-fieldstart|move: Trick Room|[of] p2b: Hypno\n|\n|upkeep\n|turn|2\n|\n|t:|1701205159\n|move|p1b: Flutter Mane|Protect|p1b: Flutter Mane\n|-singleturn|p1b: Flutter Mane|Protect\n|move|p2a: Sableye|Gravity|p2a: Sableye\n|-fieldstart|move: Gravity\n|move|p2b: Hypno|Hypnosis|p1b: Flutter Mane\n|-activate|p1b: Flutter Mane|move: Protect\n|move|p1a: Glimmora|Mortal Spin|p2b: Hypno|[spread] p2a,p2b\n|-resisted|p2a: Sableye\n|-damage|p2a: Sableye|98\/100\n|-damage|p2b: Hypno|51\/100\n|-status|p2a: Sableye|psn\n|-status|p2b: Hypno|psn\n|\n|-damage|p2a: Sableye|86\/100 psn|[from] psn\n|-damage|p2b: Hypno|39\/100 psn|[from] psn\n|upkeep\n|turn|3\n|inactive|Copper05 has 30 seconds left.\n|inactive|Copper05 has 20 seconds left.\n|inactive|Copper05 has 15 seconds left.\n|\n|t:|1701205200\n|switch|p2a: Flapple|Flapple, L50, F|100\/100\n|-status|p2a: Flapple|psn\n|-end|p1b: Flutter Mane|Protosynthesis|[silent]\n|switch|p1b: Tatsugiri|Tatsugiri, L50, M|100\/100\n|move|p2b: Hypno|Hypnosis|p1b: Tatsugiri\n|-status|p1b: Tatsugiri|slp|[from] move: Hypnosis\n|move|p1a: Glimmora|Sludge Bomb|p2b: Hypno\n|-damage|p2b: Hypno|7\/100 psn\n|\n|-damage|p2b: Hypno|0 fnt|[from] psn\n|faint|p2b: Hypno\n|-damage|p2a: Flapple|88\/100 psn|[from] psn\n|upkeep\n|\n|t:|1701205217\n|switch|p2b: Sableye|Sableye, L50, F|86\/100 psn\n|turn|4\n|\n|t:|1701205228\n|switch|p1b: Flutter Mane|Flutter Mane, L50|100\/100\n|-terastallize|p2a: Flapple|Grass\n|move|p2b: Sableye|Knock Off|p1b: Flutter Mane\n|-damage|p1b: Flutter Mane|69\/100\n|move|p2a: Flapple|Grav Apple|p1a: Glimmora\n|-damage|p1a: Glimmora|0 fnt\n|-activate|p1a: Glimmora|ability: Toxic Debris\n|-sidestart|p2: Penny-Dee|move: Toxic Spikes\n|faint|p1a: Glimmora\n|\n|-damage|p2b: Sableye|74\/100 psn|[from] psn\n|-damage|p2a: Flapple|76\/100 psn|[from] psn\n|upkeep\n|\n|t:|1701205246\n|switch|p1a: Dondozo|Dondozo, L50, M|100\/100\n|turn|5\n|\n|t:|1701205257\n|switch|p2b: Basculegion|Basculegion-F, L50, F|100\/100\n|-status|p2b: Basculegion|tox\n|move|p1a: Dondozo|Protect|p1a: Dondozo\n|-singleturn|p1a: Dondozo|Protect\n|move|p2a: Flapple|Grav Apple|p1a: Dondozo\n|-activate|p1a: Dondozo|move: Protect\n|move|p1b: Flutter Mane|Icy Wind|p2a: Flapple|[spread] p2a,p2b\n|-supereffective|p2a: Flapple\n|-resisted|p2b: Basculegion\n|-damage|p2a: Flapple|39\/100 psn\n|-damage|p2b: Basculegion|93\/100 tox\n|-unboost|p2a: Flapple|spe|1\n|-unboost|p2b: Basculegion|spe|1\n|\n|-damage|p2a: Flapple|27\/100 psn|[from] psn\n|-damage|p2b: Basculegion|87\/100 tox|[from] psn\n|-fieldend|move: Trick Room\n|upkeep\n|turn|6\n|\n|t:|1701205278\n|-end|p1b: Flutter Mane|Protosynthesis|[silent]\n|switch|p1b: Tatsugiri|Tatsugiri, L50, M|100\/100 slp\n|-activate|p1b: Tatsugiri|ability: Commander|[of] p1a: Dondozo\n|-boost|p1a: Dondozo|atk|2\n|-boost|p1a: Dondozo|spa|2\n|-boost|p1a: Dondozo|spe|2\n|-boost|p1a: Dondozo|def|2\n|-boost|p1a: Dondozo|spd|2\n|switch|p2a: Sableye|Sableye, L50, F|74\/100 psn\n|move|p1a: Dondozo|Order Up|p2a: Sableye\n|-damage|p2a: Sableye|5\/100 psn\n|-boost|p1a: Dondozo|atk|1\n|move|p2b: Basculegion|Blizzard|p1b: Tatsugiri|[spread] p1a\n|-miss|p2b: Basculegion|p1b: Tatsugiri\n|-resisted|p1a: Dondozo\n|-damage|p1a: Dondozo|95\/100\n|\n|-heal|p1a: Dondozo|100\/100|[from] item: Leftovers\n|-damage|p2b: Basculegion|74\/100 tox|[from] psn\n|-damage|p2a: Sableye|0 fnt|[from] psn\n|faint|p2a: Sableye\n|-fieldend|move: Gravity\n|upkeep\n|\n|t:|1701205302\n|switch|p2a: Flapple|Flapple, L50, F, tera:Grass|27\/100 psn\n|turn|7\n|-message|Penny-Dee forfeited.\n|\n|win|Copper05\n|raw|Copper05's rating: 1240 &rarr; <strong>1261<\/strong><br \/>(+21 for winning)\n|raw|Penny-Dee's rating: 1180 &rarr; <strong>1159<\/strong><br \/>(-21 for losing)\n|l|\u2606Penny-Dee\n","uploadtime":1701205349,"views":11,"p1id":"copper05","p2id":"pennydee","formatid":"gen9vgc2023regulatione","rating":1159,"private":0,"password":""}