{"id":"gen9vgc2023regulatione-1989420732","p1":"ale cog","p2":"Lorul","format":"[Gen 9] VGC 2023 Regulation E","log":"|j|\u2606ale cog\n|j|\u2606Lorul\n|t:|1699848032\n|gametype|doubles\n|player|p1|ale cog|pokefanf-gen4|\n|player|p2|Lorul|morty|\n|teamsize|p1|6\n|teamsize|p2|6\n|gen|9\n|tier|[Gen 9] VGC 2023 Regulation E\n|rated|Tournament battle\n|rule|Species Clause: Limit one of each Pok\u00e9mon\n|rule|Item Clause: Limit one of each item\n|clearpoke\n|poke|p1|Landorus, L50, M|\n|poke|p1|Tornadus, L50, M|\n|poke|p1|Ogerpon-Hearthflame, L50, F|\n|poke|p1|Iron Hands, L50|\n|poke|p1|Urshifu-*, L50, M|\n|poke|p1|Rillaboom, L50, F|\n|poke|p2|Iron Hands, L50|\n|poke|p2|Flutter Mane, L50|\n|poke|p2|Ogerpon-Wellspring, L50, F|\n|poke|p2|Landorus-Therian, L50, M|\n|poke|p2|Heatran, L50, M|\n|poke|p2|Tornadus, L50, M|\n|teampreview|4\n|showteam|p1|Landorus||LifeOrb|SheerForce|EarthPower,SandsearStorm,SludgeBomb,Protect|||M|||50|,,,,,Dragon]Tornadus||MentalHerb|Prankster|BleakwindStorm,Taunt,Tailwind,RainDance|||M|||50|,,,,,Ghost]Ogerpon-Hearthflame||HearthflameMask|MoldBreaker|IvyCudgel,GrassyGlide,SwordsDance,SpikyShield|||F|||50|,,,,,Fire]Iron Hands||AssaultVest|QuarkDrive|DrainPunch,WildCharge,HeavySlam,FakeOut||||||50|,,,,,Electric]Urshifu-Rapid-Strike||ChoiceScarf|UnseenFist|SurgingStrikes,CloseCombat,AquaJet,Uturn|||M|||50|,,,,,Water]Rillaboom||MeadowPlate|GrassySurge|WoodHammer,GrassyGlide,FakeOut,Protect|||F|||50|,,,,,Grass\n|showteam|p2|Iron Hands||AssaultVest|QuarkDrive|DrainPunch,WildCharge,HeavySlam,FakeOut||||||50|,,,,,Fighting]Flutter Mane||BoosterEnergy|Protosynthesis|Moonblast,DazzlingGleam,ShadowBall,Protect||||||50|,,,,,Fairy]Ogerpon-Wellspring||WellspringMask|WaterAbsorb|IvyCudgel,HornLeech,FollowMe,SpikyShield|||F|||50|,,,,,Water]Landorus-Therian||ChoiceScarf|Intimidate|StompingTantrum,TeraBlast,RockSlide,Uturn|||M|||50|,,,,,Flying]Heatran||ShucaBerry|FlashFire|HeatWave,FlashCannon,EarthPower,Protect|||M|||50|,,,,,Fairy]Tornadus||CovertCloak|Prankster|BleakwindStorm,RainDance,Taunt,Tailwind|||M|||50|,,,,,Ghost\n|inactive|Battle timer is ON: inactive players will automatically lose when time's up. (requested by ale cog)\n|inactive|Lorul also wants the timer to be on.\n|j| Renjuu\n|j|%Radio Free C-Side\n|j| averagerandbats\n|inactive|ale cog has 60 seconds left.\n|\n|t:|1699848079\n|start\n|switch|p1a: Just A Prank Bro|Tornadus, L50, M, shiny|100\/100\n|switch|p1b: Shamone-Strike|Urshifu-Rapid-Strike, L50, M|100\/100\n|switch|p2a: Flutter Mane|Flutter Mane, L50, shiny|100\/100\n|switch|p2b: Tornadus|Tornadus, L50, M|100\/100\n|-enditem|p2a: Flutter Mane|Booster Energy\n|-activate|p2a: Flutter Mane|ability: Protosynthesis|[fromitem]\n|-start|p2a: Flutter Mane|protosynthesisspe\n|turn|1\n|inactive|ale cog has 30 seconds left.\n|\n|t:|1699848106\n|-terastallize|p1b: Shamone-Strike|Water\n|move|p2b: Tornadus|Tailwind|p2b: Tornadus\n|-sidestart|p2: Lorul|move: Tailwind\n|move|p2a: Flutter Mane|Moonblast|p1b: Shamone-Strike\n|-damage|p1b: Shamone-Strike|25\/100\n|-unboost|p1b: Shamone-Strike|spa|1\n|move|p1b: Shamone-Strike|Surging Strikes|p2b: Tornadus\n|-crit|p2b: Tornadus\n|-damage|p2b: Tornadus|76\/100\n|-crit|p2b: Tornadus\n|-damage|p2b: Tornadus|51\/100\n|-crit|p2b: Tornadus\n|-damage|p2b: Tornadus|26\/100\n|-hitcount|p2b: Tornadus|3\n|move|p1a: Just A Prank Bro|Bleakwind Storm|p2b: Tornadus|[spread] p2a,p2b\n|-damage|p2a: Flutter Mane|70\/100\n|-damage|p2b: Tornadus|0 fnt\n|faint|p2b: Tornadus\n|\n|upkeep\n|\n|t:|1699848116\n|switch|p2b: Ogerpon|Ogerpon-Wellspring, L50, F|100\/100\n|turn|2\n|inactive|ale cog has 30 seconds left.\n|\n|t:|1699848143\n|switch|p1b: Fiona-Hearthflame|Ogerpon-Hearthflame, L50, F|100\/100\n|-ability|p1b: Fiona-Hearthflame|Mold Breaker\n|-terastallize|p2b: Ogerpon|Water\n|detailschange|p2b: Ogerpon|Ogerpon-Wellspring-Tera, L50, F, tera:Water\n|-ability|p2b: Ogerpon|Embody Aspect (Wellspring)|boost\n|-boost|p2b: Ogerpon|spd|1\n|move|p2a: Flutter Mane|Dazzling Gleam|p1a: Just A Prank Bro|[spread] p1a,p1b\n|-crit|p1a: Just A Prank Bro\n|-resisted|p1b: Fiona-Hearthflame\n|-damage|p1a: Just A Prank Bro|52\/100\n|-damage|p1b: Fiona-Hearthflame|85\/100\n|move|p2b: Ogerpon|Ivy Cudgel|p1a: Just A Prank Bro\n|-crit|p1a: Just A Prank Bro\n|-damage|p1a: Just A Prank Bro|0 fnt\n|faint|p1a: Just A Prank Bro\n|\n|upkeep\n|inactive|ale cog has 30 seconds left.\n|\n|t:|1699848168\n|switch|p1a: Landizzle|Landorus, L50, M|100\/100\n|turn|3\n|\n|t:|1699848190\n|move|p2a: Flutter Mane|Moonblast|p1a: Landizzle\n|-damage|p1a: Landizzle|39\/100\n|-unboost|p1a: Landizzle|spa|1\n|move|p2b: Ogerpon|Ivy Cudgel|p1b: Fiona-Hearthflame\n|-damage|p1b: Fiona-Hearthflame|8\/100\n|move|p1a: Landizzle|Sandsear Storm|p2b: Ogerpon|[spread] p2a,p2b\n|-crit|p2a: Flutter Mane\n|-damage|p2a: Flutter Mane|0 fnt\n|-damage|p2b: Ogerpon|65\/100\n|faint|p2a: Flutter Mane\n|-end|p2a: Flutter Mane|Protosynthesis|[silent]\n|move|p1b: Fiona-Hearthflame|Grassy Glide|p2b: Ogerpon\n|-supereffective|p2b: Ogerpon\n|-damage|p2b: Ogerpon|0 fnt\n|faint|p2b: Ogerpon\n|\n|upkeep\n|\n|t:|1699848194\n|switch|p2b: Iron Hands|Iron Hands, L50, shiny|100\/100\n|turn|4\n|l|%Radio Free C-Side\n|\n|t:|1699848212\n|move|p1a: Landizzle|Protect|p1a: Landizzle\n|-singleturn|p1a: Landizzle|Protect\n|move|p1b: Fiona-Hearthflame|Spiky Shield|p1b: Fiona-Hearthflame\n|-singleturn|p1b: Fiona-Hearthflame|move: Protect\n|move|p2b: Iron Hands|Heavy Slam|p1a: Landizzle\n|-activate|p1a: Landizzle|move: Protect\n|\n|-sideend|p2: Lorul|move: Tailwind\n|upkeep\n|turn|5\n|\n|t:|1699848225\n|move|p1a: Landizzle|Earth Power|p2b: Iron Hands\n|-supereffective|p2b: Iron Hands\n|-damage|p2b: Iron Hands|35\/100\n|move|p1b: Fiona-Hearthflame|Ivy Cudgel|p2b: Iron Hands\n|-damage|p2b: Iron Hands|0 fnt\n|faint|p2b: Iron Hands\n|-end|p2b: Iron Hands|Quark Drive|[silent]\n|\n|win|ale cog\n|n|\u2606ale cog|alecog\n|n|\u2606Lorul|lorul\n|n| Renjuu|renjuu\n|n| averagerandbats|averagerandbats\n|l| averagerandbats\n|l|\u2606Lorul\n|j| female kingambit\n|l| female kingambit\n|j| LasermanZ11\n","uploadtime":1699848338,"views":19,"p1id":"alecog","p2id":"lorul","formatid":"gen9vgc2023regulatione","rating":0,"private":0,"password":""}