{"id":"gen9vgc2023regulatione-1990016074","p1":"WereSquatch45","p2":"boundaries crosser","format":"[Gen 9] VGC 2023 Regulation E","log":"|j|\u2606WereSquatch45\n|j|\u203dboundaries crosser\n|t:|1699915646\n|gametype|doubles\n|player|p1|WereSquatch45|170|1544\n|player|p2|boundaries crosser|266|1673\n|teamsize|p1|6\n|teamsize|p2|6\n|gen|9\n|tier|[Gen 9] VGC 2023 Regulation E\n|rated|\n|rule|Species Clause: Limit one of each Pok\u00e9mon\n|rule|Item Clause: Limit one of each item\n|clearpoke\n|poke|p1|Torkoal, L50, M|\n|poke|p1|Ogerpon-Cornerstone, L50, F|\n|poke|p1|Armarouge, L50, M|\n|poke|p1|Indeedee-F, L50, F|\n|poke|p1|Flutter Mane, L50|\n|poke|p1|Iron Hands, L50|\n|poke|p2|Roaring Moon, L50|\n|poke|p2|Ogerpon-Wellspring, L50, F|\n|poke|p2|Arcanine-Hisui, L50, M|\n|poke|p2|Weezing, L50, M|\n|poke|p2|Flutter Mane, L50|\n|poke|p2|Gholdengo, L50|\n|teampreview|4\n|\n|t:|1699915699\n|start\n|switch|p1a: Indeedee|Indeedee-F, L50, F, shiny|100\/100\n|switch|p1b: Armarouge|Armarouge, L50, M, shiny|100\/100\n|switch|p2a: Roaring Moon|Roaring Moon, L50|100\/100\n|switch|p2b: Weezing|Weezing, L50, M|100\/100\n|-ability|p2b: Weezing|Neutralizing Gas\n|-enditem|p2a: Roaring Moon|Booster Energy\n|-activate|p2a: Roaring Moon|ability: Protosynthesis|[fromitem]\n|-start|p2a: Roaring Moon|protosynthesisspe\n|turn|1\n|j| thomas shelby 1\n|inactive|Battle timer is ON: inactive players will automatically lose when time's up. (requested by boundaries crosser)\n|c| thomas shelby 1|suck my big dick\n|c|&|\/log thomas shelby 1 was locked from talking by Artemis. (\u2606thomas shelby 1: suck my big dick)\n|c|&|\/raw <small>This action was done automatically. Want to learn more about the AI? <a href=\"https:\/\/www.smogon.com\/forums\/threads\/3570628\/#post-9056769\">Visit the information thread<\/a>.<\/small>\n|\n|t:|1699915736\n|-terastallize|p1a: Indeedee|Fighting\n|move|p2a: Roaring Moon|Knock Off|p1b: Armarouge\n|-supereffective|p1b: Armarouge\n|-damage|p1b: Armarouge|0 fnt\n|-enditem|p1b: Armarouge|Weakness Policy|[from] move: Knock Off|[of] p2a: Roaring Moon\n|faint|p1b: Armarouge\n|move|p1a: Indeedee|Tera Blast|p2a: Roaring Moon|[anim] Tera Blast Fighting\n|-supereffective|p2a: Roaring Moon\n|-damage|p2a: Roaring Moon|40\/100\n|move|p2b: Weezing|Taunt|p1a: Indeedee\n|-start|p1a: Indeedee|move: Taunt\n|\n|upkeep\n|\n|t:|1699915758\n|switch|p1b: Iron Hands|Iron Hands, L50, shiny|100\/100\n|turn|2\n|\n|t:|1699915778\n|switch|p1a: Flutter Mane|Flutter Mane, L50, shiny|100\/100\n|move|p2a: Roaring Moon|Protect|p2a: Roaring Moon\n|-singleturn|p2a: Roaring Moon|Protect\n|move|p2b: Weezing|Protect|p2b: Weezing\n|-singleturn|p2b: Weezing|Protect\n|move|p1b: Iron Hands|Wild Charge|p2a: Roaring Moon\n|-activate|p2a: Roaring Moon|move: Protect\n|\n|upkeep\n|turn|3\n|j| ceadriangg\n|inactive|WereSquatch45 has 30 seconds left.\n|\n|t:|1699915808\n|-end|p1a: Flutter Mane|Protosynthesis|[silent]\n|switch|p1a: Indeedee|Indeedee-F, L50, F, shiny, tera:Fighting|100\/100\n|move|p2a: Roaring Moon|Knock Off|p1a: Indeedee\n|-resisted|p1a: Indeedee\n|-damage|p1a: Indeedee|60\/100\n|-enditem|p1a: Indeedee|Choice Scarf|[from] move: Knock Off|[of] p2a: Roaring Moon\n|move|p2b: Weezing|Will-O-Wisp|p1b: Iron Hands\n|-status|p1b: Iron Hands|brn\n|move|p1b: Iron Hands|Drain Punch|p2a: Roaring Moon\n|-supereffective|p2a: Roaring Moon\n|-damage|p2a: Roaring Moon|0 fnt\n|faint|p2a: Roaring Moon\n|-end|p2a: Roaring Moon|Protosynthesis|[silent]\n|\n|-damage|p1b: Iron Hands|94\/100 brn|[from] brn\n|upkeep\n|\n|t:|1699915822\n|switch|p2a: Arcanine|Arcanine-Hisui, L50, M|100\/100\n|turn|4\n|\n|t:|1699915844\n|-end|p2b: Weezing|ability: Neutralizing Gas\n|-fieldstart|move: Psychic Terrain|[from] ability: Psychic Surge|[of] p1a: Indeedee\n|-ability|p2a: Arcanine|Intimidate|boost\n|-unboost|p1a: Indeedee|atk|1\n|-fail|p1b: Iron Hands|unboost|[from] item: Clear Amulet|[of] p1b: Iron Hands\n|switch|p2b: Ogerpon|Ogerpon-Wellspring, L50, F|100\/100\n|move|p2a: Arcanine|Flare Blitz|p1a: Indeedee\n|-damage|p1a: Indeedee|0 fnt\n|faint|p1a: Indeedee\n|-damage|p2a: Arcanine|85\/100|[from] Recoil\n|move|p1b: Iron Hands|Swords Dance|p1b: Iron Hands\n|-boost|p1b: Iron Hands|atk|2\n|\n|-damage|p1b: Iron Hands|88\/100 brn|[from] brn\n|upkeep\n|\n|t:|1699915862\n|switch|p1a: Flutter Mane|Flutter Mane, L50, shiny|100\/100\n|turn|5\n|\n|t:|1699915885\n|-terastallize|p2a: Arcanine|Fairy\n|move|p1a: Flutter Mane|Shadow Ball|p2b: Ogerpon\n|-damage|p2b: Ogerpon|56\/100\n|move|p2b: Ogerpon|Ivy Cudgel|p1b: Iron Hands\n|-damage|p1b: Iron Hands|52\/100 brn\n|move|p2a: Arcanine|Flare Blitz|p1a: Flutter Mane\n|-enditem|p1a: Flutter Mane|Focus Sash\n|-damage|p1a: Flutter Mane|1\/100\n|-damage|p2a: Arcanine|63\/100|[from] Recoil\n|move|p1b: Iron Hands|Drain Punch|p2a: Arcanine\n|-resisted|p2a: Arcanine\n|-damage|p2a: Arcanine|42\/100\n|-heal|p1b: Iron Hands|61\/100 brn|[from] drain|[of] p2a: Arcanine\n|\n|-damage|p1b: Iron Hands|55\/100 brn|[from] brn\n|upkeep\n|turn|6\n|inactive|boundaries crosser has 30 seconds left.\n|inactive|boundaries crosser has 20 seconds left.\n|inactive|boundaries crosser has 15 seconds left.\n|\n|t:|1699915928\n|switch|p2a: Weezing|Weezing, L50, M|100\/100\n|-ability|p2a: Weezing|Neutralizing Gas\n|move|p2b: Ogerpon|Spiky Shield|p2b: Ogerpon\n|-singleturn|p2b: Ogerpon|move: Protect\n|move|p1a: Flutter Mane|Dazzling Gleam|p2a: Weezing|[spread] p2a\n|-activate|p2b: Ogerpon|move: Protect\n|-resisted|p2a: Weezing\n|-damage|p2a: Weezing|78\/100\n|move|p1b: Iron Hands|Wild Charge|p2a: Weezing\n|-damage|p2a: Weezing|43\/100\n|-enditem|p2a: Weezing|Sitrus Berry|[eat]\n|-heal|p2a: Weezing|68\/100|[from] item: Sitrus Berry\n|-damage|p1b: Iron Hands|49\/100 brn|[from] Recoil\n|\n|-damage|p1b: Iron Hands|42\/100 brn|[from] brn\n|upkeep\n|turn|7\n|inactive|WereSquatch45 has 30 seconds left.\n|\n|t:|1699915955\n|move|p1a: Flutter Mane|Moonblast|p2b: Ogerpon\n|-damage|p2b: Ogerpon|0 fnt\n|faint|p2b: Ogerpon\n|move|p2a: Weezing|Sludge Bomb|p1a: Flutter Mane\n|-damage|p1a: Flutter Mane|0 fnt\n|faint|p1a: Flutter Mane\n|-end|p1a: Flutter Mane|Protosynthesis|[silent]\n|move|p1b: Iron Hands|Drain Punch|p2a: Weezing\n|-resisted|p2a: Weezing\n|-damage|p2a: Weezing|53\/100\n|-heal|p1b: Iron Hands|48\/100 brn|[from] drain|[of] p2a: Weezing\n|\n|-damage|p1b: Iron Hands|42\/100 brn|[from] brn\n|upkeep\n|\n|t:|1699915966\n|switch|p2b: Arcanine|Arcanine-Hisui, L50, M, tera:Fairy|42\/100\n|turn|8\n|\n|t:|1699915973\n|move|p2b: Arcanine|Tera Blast|p1b: Iron Hands|[anim] Tera Blast Fairy\n|-supereffective|p1b: Iron Hands\n|-damage|p1b: Iron Hands|0 fnt\n|faint|p1b: Iron Hands\n|-end|p1b: Iron Hands|Quark Drive|[silent]\n|\n|win|boundaries crosser\n|raw|WereSquatch45's rating: 1544 &rarr; <strong>1531<\/strong><br \/>(-13 for losing)\n|raw|boundaries crosser's rating: 1673 &rarr; <strong>1686<\/strong><br \/>(+13 for winning)\n","uploadtime":1699915723,"views":12,"p1id":"weresquatch45","p2id":"boundariescrosser","formatid":"gen9vgc2023regulatione","rating":1531,"private":0,"password":""}