{"id":"gen9vgc2023regulatione-1997364974","p1":"Dr. Hyruluk","p2":"Labbbing","format":"[Gen 9] VGC 2023 Regulation E","log":"|j|\u2606Dr. Hyruluk\n|j|\u2606Labbbing\n|t:|1700794629\n|gametype|doubles\n|player|p1|Dr. Hyruluk|102|1158\n|player|p2|Labbbing|turo|1230\n|teamsize|p1|6\n|teamsize|p2|6\n|gen|9\n|tier|[Gen 9] VGC 2023 Regulation E\n|rated|\n|rule|Species Clause: Limit one of each Pok\u00e9mon\n|rule|Item Clause: Limit one of each item\n|clearpoke\n|poke|p1|Snorlax, L50, F|\n|poke|p1|Sinistcha-Masterpiece, L50|\n|poke|p1|Landorus-Therian, L50, M|\n|poke|p1|Iron Hands, L50|\n|poke|p1|Clefairy, L50, M|\n|poke|p1|Kommo-o, L50, M|\n|poke|p2|Ogerpon-Cornerstone, L50, F|\n|poke|p2|Ursaluna, L50, M|\n|poke|p2|Cresselia, L50, F|\n|poke|p2|Chien-Pao, L50|\n|poke|p2|Dragonite, L50, M|\n|poke|p2|Flutter Mane, L50|\n|teampreview|4\n|inactive|Battle timer is ON: inactive players will automatically lose when time's up. (requested by Labbbing)\n|inactive|Dr. Hyruluk has 60 seconds left.\n|inactive|Labbbing has 60 seconds left.\n|inactive|Dr. Hyruluk has 30 seconds left.\n|inactive|Dr. Hyruluk has 20 seconds left.\n|inactive|Dr. Hyruluk has 15 seconds left.\n|inactive|Dr. Hyruluk has 10 seconds left.\n|inactive|Dr. Hyruluk has 5 seconds left.\n|\n|t:|1700794716\n|start\n|switch|p1a: Clefairy|Clefairy, L50, M|100\/100\n|switch|p1b: Kommo-o|Kommo-o, L50, M|100\/100\n|switch|p2a: Ogerpon|Ogerpon-Cornerstone, L50, F|100\/100\n|switch|p2b: Flutter Mane|Flutter Mane, L50, shiny|100\/100\n|turn|1\n|inactive|Dr. Hyruluk has 30 seconds left.\n|inactive|Dr. Hyruluk has 20 seconds left.\n|inactive|Dr. Hyruluk has 15 seconds left.\n|inactive|Dr. Hyruluk has 10 seconds left.\n|\n|t:|1700794762\n|-end|p2b: Flutter Mane|Protosynthesis|[silent]\n|switch|p2b: Thot|Cresselia, L50, F, shiny|100\/100\n|-terastallize|p1b: Kommo-o|Steel\n|move|p1a: Clefairy|Protect|p1a: Clefairy\n|-singleturn|p1a: Clefairy|Protect\n|move|p2a: Ogerpon|Taunt|p1a: Clefairy\n|-activate|p1a: Clefairy|move: Protect\n|move|p1b: Kommo-o|Clangorous Soul|p1b: Kommo-o\n|-boost|p1b: Kommo-o|atk|1\n|-boost|p1b: Kommo-o|def|1\n|-boost|p1b: Kommo-o|spa|1\n|-boost|p1b: Kommo-o|spd|1\n|-boost|p1b: Kommo-o|spe|1\n|-damage|p1b: Kommo-o|68\/100\n|-enditem|p1b: Kommo-o|Throat Spray\n|-boost|p1b: Kommo-o|spa|1|[from] item: Throat Spray\n|\n|upkeep\n|turn|2\n|inactive|Dr. Hyruluk has 30 seconds left.\n|inactive|Dr. Hyruluk has 20 seconds left.\n|\n|t:|1700794801\n|switch|p1a: Sinistcha|Sinistcha-Masterpiece, L50|100\/100\n|-heal|p1b: Kommo-o|93\/100|[from] ability: Hospitality|[of] p1a: Sinistcha\n|move|p1b: Kommo-o|Clanging Scales|p2a: Ogerpon|[spread] p2a,p2b\n|-damage|p2a: Ogerpon|26\/100\n|-damage|p2b: Thot|50\/100\n|-unboost|p1b: Kommo-o|def|1\n|move|p2a: Ogerpon|Taunt|p1a: Sinistcha\n|-start|p1a: Sinistcha|move: Taunt\n|-enditem|p1a: Sinistcha|Mental Herb\n|-end|p1a: Sinistcha|move: Taunt\n|move|p2b: Thot|Trick Room|p2b: Thot\n|-fieldstart|move: Trick Room|[of] p2b: Thot\n|\n|upkeep\n|turn|3\n|inactive|Dr. Hyruluk has 30 seconds left.\n|inactive|Labbbing has 30 seconds left.\n|inactive|Dr. Hyruluk has 20 seconds left.\n|inactive|Dr. Hyruluk has 15 seconds left.\n|inactive|Dr. Hyruluk has 10 seconds left.\n|\n|t:|1700794850\n|switch|p2b: Flutter Mane|Flutter Mane, L50, shiny|100\/100\n|move|p1a: Sinistcha|Strength Sap|p2a: Ogerpon\n|-unboost|p2a: Ogerpon|atk|1\n|move|p2a: Ogerpon|Ivy Cudgel|p1a: Sinistcha|[anim] Ivy Cudgel Rock\n|-damage|p1a: Sinistcha|68\/100\n|move|p1b: Kommo-o|Flash Cannon|p2a: Ogerpon\n|-supereffective|p2a: Ogerpon\n|-crit|p2a: Ogerpon\n|-damage|p2a: Ogerpon|0 fnt\n|faint|p2a: Ogerpon\n|\n|upkeep\n|\n|t:|1700794860\n|switch|p2a: Ursaluna|Ursaluna, L50, M, shiny|100\/100\n|turn|4\n|\n|t:|1700794883\n|move|p2a: Ursaluna|Protect|p2a: Ursaluna\n|-singleturn|p2a: Ursaluna|Protect\n|move|p1b: Kommo-o|Protect|p1b: Kommo-o\n|-singleturn|p1b: Kommo-o|Protect\n|move|p1a: Sinistcha|Strength Sap|p2a: Ursaluna\n|-activate|p2a: Ursaluna|move: Protect\n|move|p2b: Flutter Mane|Shadow Ball|p1a: Sinistcha\n|-supereffective|p1a: Sinistcha\n|-damage|p1a: Sinistcha|0 fnt\n|faint|p1a: Sinistcha\n|\n|-status|p2a: Ursaluna|brn|[from] item: Flame Orb\n|upkeep\n|\n|t:|1700794903\n|switch|p1a: Iron Hands|Iron Hands, L50|100\/100\n|turn|5\n|inactive|Dr. Hyruluk has 30 seconds left.\n|inactive|Dr. Hyruluk has 20 seconds left.\n|\n|t:|1700794942\n|-end|p2b: Flutter Mane|Protosynthesis|[silent]\n|switch|p2b: Thot|Cresselia, L50, F, shiny|50\/100\n|-terastallize|p2a: Ursaluna|Ghost\n|move|p1a: Iron Hands|Fake Out|p2a: Ursaluna\n|-immune|p2a: Ursaluna\n|move|p2a: Ursaluna|Earthquake|p1a: Iron Hands|[spread] p1a,p1b\n|-immune|p2b: Thot|[from] ability: Levitate\n|-supereffective|p1a: Iron Hands\n|-supereffective|p1b: Kommo-o\n|-damage|p1a: Iron Hands|0 fnt\n|-damage|p1b: Kommo-o|0 fnt\n|faint|p1a: Iron Hands\n|-end|p1a: Iron Hands|Quark Drive|[silent]\n|faint|p1b: Kommo-o\n|\n|-damage|p2a: Ursaluna|95\/100 brn|[from] brn\n|upkeep\n|c|\u2606Labbbing|Gg\n|inactive|Dr. Hyruluk has 30 seconds left.\n|-message|Dr. Hyruluk forfeited.\n|\n|win|Labbbing\n|raw|Dr. Hyruluk's rating: 1158 &rarr; <strong>1138<\/strong><br \/>(-20 for losing)\n|raw|Labbbing's rating: 1230 &rarr; <strong>1250<\/strong><br \/>(+20 for winning)\n|l|\u2606Dr. Hyruluk\n","uploadtime":1700794982,"views":8,"p1id":"drhyruluk","p2id":"labbbing","formatid":"gen9vgc2023regulatione","rating":1138,"private":0,"password":""}