{"id":"gen9vgc2023regulatione-1998797419","p1":"Reata777","p2":"grafaiaionnaperc","format":"[Gen 9] VGC 2023 Regulation E","log":"|j|\u2606Reata777\n|j|\u2606grafaiaionnaperc\n|t:|1700992950\n|gametype|doubles\n|player|p1|Reata777|caitlin|1570\n|player|p2|grafaiaionnaperc|burglar|1657\n|teamsize|p1|6\n|teamsize|p2|6\n|gen|9\n|tier|[Gen 9] VGC 2023 Regulation E\n|rated|\n|rule|Species Clause: Limit one of each Pok\u00e9mon\n|rule|Item Clause: Limit one of each item\n|clearpoke\n|poke|p1|Roaring Moon, L50|\n|poke|p1|Amoonguss, L50, F|\n|poke|p1|Iron Hands, L50|\n|poke|p1|Flutter Mane, L50|\n|poke|p1|Arcanine-Hisui, L50, M|\n|poke|p1|Dondozo, L50, M|\n|poke|p2|Basculegion, L50, M|\n|poke|p2|Urshifu-*, L50, F|\n|poke|p2|Gholdengo, L50|\n|poke|p2|Tornadus, L50, M|\n|poke|p2|Armarouge, L50, F|\n|poke|p2|Indeedee-F, L50, F|\n|teampreview|4\n|inactive|Battle timer is ON: inactive players will automatically lose when time's up. (requested by grafaiaionnaperc)\n|inactive|Reata777 also wants the timer to be on.\n|inactive|Reata777 has 60 seconds left.\n|\n|t:|1700992984\n|start\n|switch|p1a: Dondozo|Dondozo, L50, M, shiny|100\/100\n|switch|p1b: Roaring Moon|Roaring Moon, L50|100\/100\n|switch|p2a: Robert Downey Jr.|Gholdengo, L50, shiny|100\/100\n|switch|p2b: Indeedee|Indeedee-F, L50, F|100\/100\n|-fieldstart|move: Psychic Terrain|[from] ability: Psychic Surge|[of] p2b: Indeedee\n|-enditem|p1b: Roaring Moon|Booster Energy\n|-activate|p1b: Roaring Moon|ability: Protosynthesis|[fromitem]\n|-start|p1b: Roaring Moon|protosynthesisatk\n|turn|1\n|inactive|grafaiaionnaperc has 30 seconds left.\n|\n|t:|1700993015\n|-end|p1b: Roaring Moon|Protosynthesis|[silent]\n|switch|p1b: Iron Hands|Iron Hands, L50|100\/100\n|move|p2b: Indeedee|Follow Me|p2b: Indeedee\n|-singleturn|p2b: Indeedee|move: Follow Me\n|move|p2a: Robert Downey Jr.|Nasty Plot|p2a: Robert Downey Jr.\n|-boost|p2a: Robert Downey Jr.|spa|2\n|move|p1a: Dondozo|Yawn|p2b: Indeedee\n|-start|p2b: Indeedee|move: Yawn|[of] p1a: Dondozo\n|\n|upkeep\n|turn|2\n|inactive|grafaiaionnaperc has 30 seconds left.\n|j| Shioreon\n|inactive|grafaiaionnaperc has 20 seconds left.\n|\n|t:|1700993054\n|move|p2b: Indeedee|Follow Me|p2b: Indeedee\n|-singleturn|p2b: Indeedee|move: Follow Me\n|move|p2a: Robert Downey Jr.|Nasty Plot|p2a: Robert Downey Jr.\n|-boost|p2a: Robert Downey Jr.|spa|2\n|move|p1b: Iron Hands|Wild Charge|p2b: Indeedee\n|-damage|p2b: Indeedee|48\/100\n|-damage|p1b: Iron Hands|84\/100|[from] item: Rocky Helmet|[of] p2b: Indeedee\n|-damage|p1b: Iron Hands|74\/100|[from] Recoil\n|move|p1a: Dondozo|Substitute|p1a: Dondozo\n|-start|p1a: Dondozo|Substitute\n|-damage|p1a: Dondozo|75\/100\n|\n|-heal|p1a: Dondozo|82\/100|[from] item: Leftovers\n|-end|p2b: Indeedee|move: Yawn|[silent]\n|-status|p2b: Indeedee|slp\n|upkeep\n|turn|3\n|\n|t:|1700993073\n|switch|p2b: Tornadus|Tornadus, L50, M|100\/100\n|move|p2a: Robert Downey Jr.|Shadow Ball|p1b: Iron Hands\n|-damage|p1b: Iron Hands|0 fnt\n|faint|p1b: Iron Hands\n|-end|p1b: Iron Hands|Quark Drive|[silent]\n|-damage|p2a: Robert Downey Jr.|91\/100|[from] item: Life Orb\n|move|p1a: Dondozo|Wave Crash|p2a: Robert Downey Jr.\n|-damage|p2a: Robert Downey Jr.|44\/100\n|-damage|p1a: Dondozo|70\/100|[from] Recoil\n|\n|-heal|p1a: Dondozo|76\/100|[from] item: Leftovers\n|upkeep\n|\n|t:|1700993088\n|switch|p1b: Roaring Moon|Roaring Moon, L50|100\/100\n|turn|4\n|\n|t:|1700993105\n|move|p1b: Roaring Moon|Protect|p1b: Roaring Moon\n|-singleturn|p1b: Roaring Moon|Protect\n|move|p2a: Robert Downey Jr.|Protect|p2a: Robert Downey Jr.\n|-singleturn|p2a: Robert Downey Jr.|Protect\n|move|p2b: Tornadus|Bleakwind Storm|p1b: Roaring Moon|[spread] p1a\n|-activate|p1b: Roaring Moon|move: Protect\n|-end|p1a: Dondozo|Substitute\n|move|p1a: Dondozo|Wave Crash|p2a: Robert Downey Jr.\n|-activate|p2a: Robert Downey Jr.|move: Protect\n|\n|-heal|p1a: Dondozo|82\/100|[from] item: Leftovers\n|upkeep\n|turn|5\n|c|\u2606grafaiaionnaperc|see ya\n|\n|t:|1700993128\n|-terastallize|p2a: Robert Downey Jr.|Steel\n|move|p2b: Tornadus|Tailwind|p2b: Tornadus\n|-sidestart|p2: grafaiaionnaperc|move: Tailwind\n|move|p2a: Robert Downey Jr.|Make It Rain|p1a: Dondozo|[spread] p1a,p1b\n|-resisted|p1a: Dondozo\n|-damage|p1a: Dondozo|0 fnt\n|-damage|p1b: Roaring Moon|0 fnt\n|-unboost|p2a: Robert Downey Jr.|spa|1\n|faint|p1a: Dondozo\n|faint|p1b: Roaring Moon\n|-end|p1b: Roaring Moon|Protosynthesis|[silent]\n|-damage|p2a: Robert Downey Jr.|35\/100|[from] item: Life Orb\n|\n|-fieldend|move: Psychic Terrain\n|upkeep\n|-message|Reata777 forfeited.\n|\n|win|grafaiaionnaperc\n|raw|Reata777's rating: 1570 &rarr; <strong>1555<\/strong><br \/>(-15 for losing)\n|raw|grafaiaionnaperc's rating: 1657 &rarr; <strong>1672<\/strong><br \/>(+15 for winning)\n|l|\u2606Reata777\n","uploadtime":1700993156,"views":9,"p1id":"reata777","p2id":"grafaiaionnaperc","formatid":"gen9vgc2023regulatione","rating":1555,"private":0,"password":""}