{"id":"gen9vgc2023regulatione-1998399225","p1":"bromasombra","p2":"jgjvg","format":"[Gen 9] VGC 2023 Regulation E","log":"|j|\u2606bromasombra\n|j|\u2606jgjvg\n|t:|1700937968\n|gametype|doubles\n|player|p1|bromasombra|265|1077\n|player|p2|jgjvg|veteran|1000\n|teamsize|p1|6\n|teamsize|p2|6\n|gen|9\n|tier|[Gen 9] VGC 2023 Regulation E\n|rated|\n|rule|Species Clause: Limit one of each Pok\u00e9mon\n|rule|Item Clause: Limit one of each item\n|clearpoke\n|poke|p1|Ursaluna, L50, F|\n|poke|p1|Roaring Moon, L50|\n|poke|p1|Armarouge, L50, M|\n|poke|p1|Torkoal, L50, M|\n|poke|p1|Indeedee-F, L50, F|\n|poke|p1|Bronzong, L50|\n|poke|p2|Ninetales-Alola, L50, F|\n|poke|p2|Baxcalibur, L50, F|\n|poke|p2|Tornadus, L50, M|\n|poke|p2|Iron Bundle, L50|\n|poke|p2|Heatran, L50, F|\n|poke|p2|Frosmoth, L50, M|\n|teampreview|4\n|inactive|Battle timer is ON: inactive players will automatically lose when time's up. (requested by jgjvg)\n|inactive|jgjvg has 60 seconds left.\n|\n|t:|1700938010\n|start\n|switch|p1a: salame|Roaring Moon, L50, shiny|100\/100\n|switch|p1b: colipatus|Armarouge, L50, M, shiny|100\/100\n|switch|p2a: Ninetales|Ninetales-Alola, L50, F, shiny|100\/100\n|switch|p2b: Frosmoth|Frosmoth, L50, M, shiny|100\/100\n|-weather|Snow|[from] ability: Snow Warning|[of] p2a: Ninetales\n|-enditem|p1a: salame|Booster Energy\n|-activate|p1a: salame|ability: Protosynthesis|[fromitem]\n|-start|p1a: salame|protosynthesisspe\n|turn|1\n|inactive|jgjvg has 30 seconds left.\n|\n|t:|1700938041\n|-terastallize|p2b: Frosmoth|Water\n|move|p1a: salame|Tailwind|p1a: salame\n|-sidestart|p1: bromasombra|move: Tailwind\n|move|p1b: colipatus|Heat Wave|p2a: Ninetales|[spread] p2a,p2b\n|-supereffective|p2a: Ninetales\n|-resisted|p2b: Frosmoth\n|-damage|p2a: Ninetales|6\/100\n|-damage|p2b: Frosmoth|90\/100\n|-status|p2b: Frosmoth|brn\n|move|p2a: Ninetales|Dazzling Gleam|p1a: salame|[spread] p1a,p1b\n|-supereffective|p1a: salame\n|-crit|p1a: salame\n|-resisted|p1b: colipatus\n|-damage|p1a: salame|0 fnt\n|-damage|p1b: colipatus|88\/100\n|faint|p1a: salame\n|-end|p1a: salame|Protosynthesis|[silent]\n|move|p2b: Frosmoth|Bug Buzz|p1b: colipatus\n|-damage|p1b: colipatus|23\/100\n|-damage|p2b: Frosmoth|81\/100 brn|[from] item: Life Orb\n|\n|-weather|Snow|[upkeep]\n|-damage|p2b: Frosmoth|75\/100 brn|[from] brn\n|upkeep\n|\n|t:|1700938059\n|switch|p1a: jiji|Indeedee-F, L50, F, shiny|100\/100\n|-fieldstart|move: Psychic Terrain|[from] ability: Psychic Surge|[of] p1a: jiji\n|turn|2\n|\n|t:|1700938077\n|move|p1a: jiji|Helping Hand|p1b: colipatus\n|-singleturn|p1b: colipatus|Helping Hand|[of] p1a: jiji\n|move|p2b: Frosmoth|Wide Guard|p2b: Frosmoth\n|-singleturn|p2b: Frosmoth|Wide Guard\n|move|p1b: colipatus|Expanding Force|p2a: Ninetales|[spread] \n|-activate|p2a: Ninetales|move: Wide Guard\n|-activate|p2b: Frosmoth|move: Wide Guard\n|move|p2a: Ninetales|Aurora Veil|p2a: Ninetales\n|-sidestart|p2: jgjvg|move: Aurora Veil\n|\n|-weather|Snow|[upkeep]\n|-damage|p2b: Frosmoth|68\/100 brn|[from] brn\n|upkeep\n|turn|3\n|inactive|bromasombra has 30 seconds left.\n|\n|t:|1700938106\n|move|p1b: colipatus|Endure|p1b: colipatus\n|-singleturn|p1b: colipatus|move: Endure\n|move|p2b: Frosmoth|Wide Guard|p2b: Frosmoth\n|-singleturn|p2b: Frosmoth|Wide Guard\n|move|p1a: jiji|Follow Me|p1a: jiji\n|-singleturn|p1a: jiji|move: Follow Me\n|move|p2a: Ninetales|Blizzard|p1b: colipatus|[spread] p1a,p1b\n|-resisted|p1b: colipatus\n|-damage|p1a: jiji|75\/100\n|-damage|p1b: colipatus|3\/100\n|-status|p1b: colipatus|frz\n|\n|-weather|Snow|[upkeep]\n|-damage|p2b: Frosmoth|62\/100 brn|[from] brn\n|upkeep\n|turn|4\n|inactive|bromasombra has 30 seconds left.\n|inactive|jgjvg has 30 seconds left.\n|\n|t:|1700938139\n|switch|p1b: pajas|Torkoal, L50, M, shiny|100\/100\n|-weather|SunnyDay|[from] ability: Drought|[of] p1b: pajas\n|move|p2a: Ninetales|Blizzard|p1a: jiji|[spread] p1a\n|-miss|p2a: Ninetales|p1b: pajas\n|-damage|p1a: jiji|46\/100\n|move|p1a: jiji|Dazzling Gleam|p2b: Frosmoth|[spread] p2a,p2b\n|-damage|p2a: Ninetales|0 fnt\n|-damage|p2b: Frosmoth|57\/100 brn\n|faint|p2a: Ninetales\n|move|p2b: Frosmoth|Quiver Dance|p2b: Frosmoth\n|-boost|p2b: Frosmoth|spa|1\n|-boost|p2b: Frosmoth|spd|1\n|-boost|p2b: Frosmoth|spe|1\n|\n|-weather|SunnyDay|[upkeep]\n|-damage|p2b: Frosmoth|51\/100 brn|[from] brn\n|-sideend|p1: bromasombra|move: Tailwind\n|upkeep\n|\n|t:|1700938154\n|switch|p2a: Iron Bundle|Iron Bundle, L50, shiny|100\/100\n|-enditem|p2a: Iron Bundle|Booster Energy\n|-activate|p2a: Iron Bundle|ability: Quark Drive|[fromitem]\n|-start|p2a: Iron Bundle|quarkdrivespe\n|turn|5\n|inactive|bromasombra has 30 seconds left.\n|\n|t:|1700938179\n|move|p2b: Frosmoth|Wide Guard|p2b: Frosmoth\n|-singleturn|p2b: Frosmoth|Wide Guard\n|move|p2a: Iron Bundle|Hydro Pump|p1b: pajas\n|-supereffective|p1b: pajas\n|-damage|p1b: pajas|28\/100\n|move|p1b: pajas|Heat Wave|p2a: Iron Bundle|[spread] \n|-activate|p2a: Iron Bundle|move: Wide Guard\n|-activate|p2b: Frosmoth|move: Wide Guard\n|move|p1a: jiji|Trick Room|p1a: jiji\n|-fieldstart|move: Trick Room|[of] p1a: jiji\n|\n|-weather|SunnyDay|[upkeep]\n|-damage|p2b: Frosmoth|45\/100 brn|[from] brn\n|upkeep\n|turn|6\n|\n|t:|1700938202\n|move|p2b: Frosmoth|Wide Guard|p2b: Frosmoth\n|-singleturn|p2b: Frosmoth|Wide Guard\n|move|p1a: jiji|Follow Me|p1a: jiji\n|-singleturn|p1a: jiji|move: Follow Me\n|move|p1b: pajas|Heat Wave|p2a: Iron Bundle|[spread] \n|-activate|p2a: Iron Bundle|move: Wide Guard\n|-activate|p2b: Frosmoth|move: Wide Guard\n|move|p2a: Iron Bundle|Hydro Pump|p1a: jiji\n|-damage|p1a: jiji|22\/100\n|\n|-weather|SunnyDay|[upkeep]\n|-damage|p2b: Frosmoth|38\/100 brn|[from] brn\n|-fieldend|move: Psychic Terrain\n|upkeep\n|turn|7\n|\n|t:|1700938225\n|move|p2b: Frosmoth|Wide Guard|p2b: Frosmoth\n|-singleturn|p2b: Frosmoth|Wide Guard\n|move|p1b: pajas|Heat Wave|p2b: Frosmoth|[spread] \n|-activate|p2a: Iron Bundle|move: Wide Guard\n|-activate|p2b: Frosmoth|move: Wide Guard\n|move|p1a: jiji|Dazzling Gleam|p2a: Iron Bundle|[spread] \n|-activate|p2a: Iron Bundle|move: Wide Guard\n|-activate|p2b: Frosmoth|move: Wide Guard\n|move|p2a: Iron Bundle|Hydro Pump|p1b: pajas\n|-supereffective|p1b: pajas\n|-damage|p1b: pajas|0 fnt\n|faint|p1b: pajas\n|\n|-weather|SunnyDay|[upkeep]\n|-damage|p2b: Frosmoth|32\/100 brn|[from] brn\n|upkeep\n|-message|bromasombra forfeited.\n|\n|win|jgjvg\n|raw|bromasombra's rating: 1077 &rarr; <strong>1051<\/strong><br \/>(-26 for losing)\n|raw|jgjvg's rating: 1000 &rarr; <strong>1049<\/strong><br \/>(+49 for winning)\n|l|\u2606bromasombra\n","uploadtime":1700938246,"views":2,"p1id":"bromasombra","p2id":"jgjvg","formatid":"gen9vgc2023regulatione","rating":1049,"private":0,"password":""}