{"id":"gen9vgc2023regulatione-1990868811","p1":"Chickyparm","p2":"AXELLARAMENA","format":"[Gen 9] VGC 2023 Regulation E","log":"|j|\u2606Chickyparm\n|j|\u2606AXELLARAMENA\n|t:|1700009479\n|gametype|doubles\n|player|p1|Chickyparm|pokemaniac|1107\n|player|p2|AXELLARAMENA|1|1014\n|teamsize|p1|6\n|teamsize|p2|6\n|gen|9\n|tier|[Gen 9] VGC 2023 Regulation E\n|rated|\n|rule|Species Clause: Limit one of each Pok\u00e9mon\n|rule|Item Clause: Limit one of each item\n|clearpoke\n|poke|p1|Annihilape, L50, F|\n|poke|p1|Maushold-Four, L50|\n|poke|p1|Indeedee-F, L50, F|\n|poke|p1|Armarouge, L50, F|\n|poke|p1|Chi-Yu, L50|\n|poke|p1|Chien-Pao, L50|\n|poke|p2|Torterra, L50, F|\n|poke|p2|Sinistcha, L50|\n|poke|p2|Grumpig, L50, F|\n|poke|p2|Talonflame, L50, F|\n|poke|p2|Ursaluna-Bloodmoon, L50, M|\n|poke|p2|Indeedee-F, L50, F|\n|teampreview|4\n|inactive|Battle timer is ON: inactive players will automatically lose when time's up. (requested by Chickyparm)\n|inactive|AXELLARAMENA has 60 seconds left.\n|\n|t:|1700009522\n|start\n|switch|p1a: Indeedee|Indeedee-F, L50, F|100\/100\n|switch|p1b: Armarouge|Armarouge, L50, F|100\/100\n|switch|p2a: Grumpig|Grumpig, L50, F, shiny|100\/100\n|switch|p2b: Ursaluna|Ursaluna-Bloodmoon, L50, M|100\/100\n|-fieldstart|move: Psychic Terrain|[from] ability: Psychic Surge|[of] p1a: Indeedee\n|turn|1\n|inactive|AXELLARAMENA has 30 seconds left.\n|\n|t:|1700009553\n|-terastallize|p2b: Ursaluna|Fairy\n|move|p1b: Armarouge|Energy Ball|p2b: Ursaluna\n|-damage|p2b: Ursaluna|65\/100\n|move|p1a: Indeedee|Psychic|p2a: Grumpig\n|-resisted|p2a: Grumpig\n|-damage|p2a: Grumpig|85\/100\n|move|p2b: Ursaluna|Calm Mind|p2b: Ursaluna\n|-boost|p2b: Ursaluna|spa|1\n|-boost|p2b: Ursaluna|spd|1\n|move|p2a: Grumpig|Trick Room|p2a: Grumpig\n|-fieldstart|move: Trick Room|[of] p2a: Grumpig\n|\n|upkeep\n|turn|2\n|\n|t:|1700009576\n|switch|p1a: Annihilape|Annihilape, L50, F|100\/100\n|switch|p1b: Chien-Pao|Chien-Pao, L50|100\/100\n|-ability|p1b: Chien-Pao|Sword of Ruin\n|move|p2b: Ursaluna|Earth Power|p1b: Chien-Pao\n|-crit|p1b: Chien-Pao\n|-enditem|p1b: Chien-Pao|Focus Sash\n|-damage|p1b: Chien-Pao|1\/100\n|move|p2a: Grumpig|Taunt|p1a: Annihilape\n|-start|p1a: Annihilape|move: Taunt\n|\n|upkeep\n|turn|3\n|inactive|Chickyparm has 30 seconds left.\n|\n|t:|1700009603\n|move|p1b: Chien-Pao|Protect|p1b: Chien-Pao\n|-singleturn|p1b: Chien-Pao|Protect\n|move|p2b: Ursaluna|Hyper Voice|p1b: Chien-Pao|[spread] p1a\n|-activate|p1b: Chien-Pao|move: Protect\n|-damage|p1a: Annihilape|50\/100\n|-enditem|p2b: Ursaluna|Throat Spray\n|-boost|p2b: Ursaluna|spa|1|[from] item: Throat Spray\n|move|p2a: Grumpig|Simple Beam|p2b: Ursaluna\n|-endability|p2b: Ursaluna|Mind's Eye|[from] move: Simple Beam\n|-ability|p2b: Ursaluna|Simple|[from] move: Simple Beam\n|move|p1a: Annihilape|Rage Fist|p2a: Grumpig\n|-supereffective|p2a: Grumpig\n|-damage|p2a: Grumpig|0 fnt\n|faint|p2a: Grumpig\n|\n|-heal|p1a: Annihilape|56\/100|[from] item: Leftovers\n|upkeep\n|\n|t:|1700009621\n|switch|p2a: Sinistcha|Sinistcha, L50, shiny|100\/100\n|-heal|p2b: Ursaluna|90\/100|[from] ability: Hospitality|[of] p2a: Sinistcha\n|turn|4\n|inactive|Chickyparm has 30 seconds left.\n|inactive|Chickyparm has 20 seconds left.\n|\n|t:|1700009657\n|move|p1b: Chien-Pao|Sucker Punch|p2a: Sinistcha\n|-activate|p2a: Sinistcha|move: Psychic Terrain\n|move|p2b: Ursaluna|Earth Power|p1a: Annihilape\n|-damage|p1a: Annihilape|0 fnt\n|faint|p1a: Annihilape\n|move|p2a: Sinistcha|Matcha Gotcha|p1b: Chien-Pao\n|-damage|p1b: Chien-Pao|0 fnt\n|faint|p1b: Chien-Pao\n|\n|upkeep\n|\n|t:|1700009667\n|switch|p1a: Armarouge|Armarouge, L50, F|100\/100\n|switch|p1b: Indeedee|Indeedee-F, L50, F|100\/100\n|turn|5\n|inactive|AXELLARAMENA has 30 seconds left.\n|\n|t:|1700009695\n|move|p2b: Ursaluna|Calm Mind|p2b: Ursaluna\n|-boost|p2b: Ursaluna|spa|2\n|-boost|p2b: Ursaluna|spd|2\n|move|p2a: Sinistcha|Life Dew||[still]|[spread] p2a,p2b\n|-fail|p2a: Sinistcha|heal\n|-heal|p2b: Ursaluna|100\/100\n|move|p1b: Indeedee|Psychic|p2b: Ursaluna\n|-damage|p2b: Ursaluna|85\/100\n|move|p1a: Armarouge|Expanding Force|p2a: Sinistcha|[spread] p2a,p2b\n|-damage|p2a: Sinistcha|44\/100\n|-damage|p2b: Ursaluna|58\/100\n|\n|-fieldend|move: Trick Room\n|-fieldend|move: Psychic Terrain\n|upkeep\n|turn|6\n|inactive|Chickyparm has 30 seconds left.\n|inactive|AXELLARAMENA has 30 seconds left.\n|\n|t:|1700009728\n|-terastallize|p1b: Indeedee|Psychic\n|move|p1a: Armarouge|Expanding Force|p2a: Sinistcha\n|-damage|p2a: Sinistcha|0 fnt\n|faint|p2a: Sinistcha\n|move|p1b: Indeedee|Psychic|p2b: Ursaluna\n|-damage|p2b: Ursaluna|41\/100\n|-unboost|p2b: Ursaluna|spd|2\n|move|p2b: Ursaluna|Earth Power|p1a: Armarouge\n|-supereffective|p1a: Armarouge\n|-damage|p1a: Armarouge|0 fnt\n|faint|p1a: Armarouge\n|\n|upkeep\n|\n|t:|1700009742\n|switch|p2a: Torterra|Torterra, L50, F, shiny|100\/100\n|turn|7\n|\n|t:|1700009751\n|move|p1b: Indeedee|Psychic|p2a: Torterra\n|-damage|p2a: Torterra|65\/100\n|move|p2a: Torterra|Wood Hammer|p1b: Indeedee\n|-damage|p1b: Indeedee|50\/100\n|-damage|p2a: Torterra|48\/100|[from] Recoil\n|move|p2b: Ursaluna|Hyper Voice|p1b: Indeedee\n|-damage|p1b: Indeedee|0 fnt\n|faint|p1b: Indeedee\n|\n|win|AXELLARAMENA\n|raw|Chickyparm's rating: 1107 &rarr; <strong>1075<\/strong><br \/>(-32 for losing)\n|raw|AXELLARAMENA's rating: 1014 &rarr; <strong>1062<\/strong><br \/>(+48 for winning)\n|l|\u2606Chickyparm\n","uploadtime":1700009764,"views":11,"p1id":"chickyparm","p2id":"axellaramena","formatid":"gen9vgc2023regulatione","rating":1062,"private":0,"password":""}