{"id":"gen9vgc2023regulatione-1988743878","p1":"eroineko","p2":"snowperegrine","format":"[Gen 9] VGC 2023 Regulation E","log":"|j|\u2606eroineko\n|j|\u2606snowperegrine\n|t:|1699757550\n|gametype|doubles\n|player|p1|eroineko|1|1318\n|player|p2|snowperegrine|palmer|1409\n|teamsize|p1|6\n|teamsize|p2|6\n|gen|9\n|tier|[Gen 9] VGC 2023 Regulation E\n|rated|\n|rule|Species Clause: Limit one of each Pok\u00e9mon\n|rule|Item Clause: Limit one of each item\n|clearpoke\n|poke|p1|Chi-Yu, L50|\n|poke|p1|Okidogi, L50, M|\n|poke|p1|Sinistcha-Masterpiece, L50|\n|poke|p1|Dragonite, L50, M|\n|poke|p1|Sableye, L50, M|\n|poke|p1|Cresselia, L50, F|\n|poke|p2|Annihilape, L50, M|\n|poke|p2|Grimmsnarl, L50, M|\n|poke|p2|Iron Bundle, L50|\n|poke|p2|Landorus-Therian, L50, M|\n|poke|p2|Rillaboom, L50, M|\n|poke|p2|Ogerpon-Wellspring, L50, F|\n|teampreview|4\n|\n|t:|1699757585\n|start\n|switch|p1a: Sableye|Sableye, L50, M, shiny|100\/100\n|switch|p1b: Cresselia|Cresselia, L50, F, shiny|100\/100\n|switch|p2a: Grimmsnarl|Grimmsnarl, L50, M|100\/100\n|switch|p2b: Iron Bundle|Iron Bundle, L50|100\/100\n|-enditem|p2b: Iron Bundle|Booster Energy\n|-activate|p2b: Iron Bundle|ability: Quark Drive|[fromitem]\n|-start|p2b: Iron Bundle|quarkdrivespe\n|turn|1\n|\n|t:|1699757611\n|move|p1a: Sableye|Fake Out|p2b: Iron Bundle\n|-damage|p2b: Iron Bundle|91\/100\n|cant|p2b: Iron Bundle|flinch\n|move|p2a: Grimmsnarl|Spirit Break|p1a: Sableye\n|-supereffective|p1a: Sableye\n|-damage|p1a: Sableye|38\/100\n|-unboost|p1a: Sableye|spa|1\n|move|p1b: Cresselia|Trick Room|p1b: Cresselia\n|-fieldstart|move: Trick Room|[of] p1b: Cresselia\n|\n|upkeep\n|turn|2\n|\n|t:|1699757640\n|move|p2a: Grimmsnarl|Light Screen|p2a: Grimmsnarl\n|-sidestart|p2: snowperegrine|move: Light Screen\n|move|p1a: Sableye|Foul Play|p2b: Iron Bundle\n|-damage|p2b: Iron Bundle|71\/100\n|move|p1b: Cresselia|Dazzling Gleam|p2a: Grimmsnarl|[spread] p2a,p2b\n|-supereffective|p2a: Grimmsnarl\n|-damage|p2a: Grimmsnarl|89\/100\n|-damage|p2b: Iron Bundle|60\/100\n|move|p2b: Iron Bundle|Encore|p1a: Sableye\n|-start|p1a: Sableye|Encore\n|\n|upkeep\n|turn|3\n|\n|t:|1699757661\n|move|p2b: Iron Bundle|Protect|p2b: Iron Bundle\n|-singleturn|p2b: Iron Bundle|Protect\n|move|p2a: Grimmsnarl|Reflect|p2a: Grimmsnarl\n|-sidestart|p2: snowperegrine|Reflect\n|move|p1a: Sableye|Foul Play|p2b: Iron Bundle\n|-activate|p2b: Iron Bundle|move: Protect\n|move|p1b: Cresselia|Dazzling Gleam|p2a: Grimmsnarl|[spread] p2a\n|-activate|p2b: Iron Bundle|move: Protect\n|-supereffective|p2a: Grimmsnarl\n|-damage|p2a: Grimmsnarl|78\/100\n|\n|upkeep\n|turn|4\n|\n|t:|1699757688\n|switch|p1a: Okidogi|Okidogi, L50, M|100\/100\n|move|p2a: Grimmsnarl|Spirit Break|p1a: Okidogi\n|-damage|p1a: Okidogi|79\/100\n|-unboost|p1a: Okidogi|spa|1\n|move|p1b: Cresselia|Icy Wind|p2a: Grimmsnarl|[spread] p2a,p2b\n|-resisted|p2b: Iron Bundle\n|-damage|p2a: Grimmsnarl|74\/100\n|-damage|p2b: Iron Bundle|58\/100\n|-unboost|p2a: Grimmsnarl|spe|1\n|-unboost|p2b: Iron Bundle|spe|1\n|move|p2b: Iron Bundle|Encore|p1b: Cresselia\n|-start|p1b: Cresselia|Encore\n|-enditem|p1b: Cresselia|Mental Herb\n|-end|p1b: Cresselia|Encore\n|\n|-heal|p1a: Okidogi|85\/100|[from] item: Leftovers\n|upkeep\n|turn|5\n|\n|t:|1699757713\n|move|p1a: Okidogi|Protect|p1a: Okidogi\n|-singleturn|p1a: Okidogi|Protect\n|move|p2a: Grimmsnarl|Parting Shot|p1a: Okidogi\n|-activate|p1a: Okidogi|move: Protect\n|move|p1b: Cresselia|Icy Wind|p2a: Grimmsnarl|[spread] p2a,p2b\n|-resisted|p2b: Iron Bundle\n|-damage|p2a: Grimmsnarl|70\/100\n|-damage|p2b: Iron Bundle|56\/100\n|-unboost|p2a: Grimmsnarl|spe|1\n|-unboost|p2b: Iron Bundle|spe|1\n|move|p2b: Iron Bundle|Encore|p1b: Cresselia\n|-start|p1b: Cresselia|Encore\n|\n|-heal|p1a: Okidogi|91\/100|[from] item: Leftovers\n|-fieldend|move: Trick Room\n|upkeep\n|turn|6\n|\n|t:|1699757733\n|move|p2a: Grimmsnarl|Parting Shot|p1a: Okidogi\n|-unboost|p1a: Okidogi|atk|1\n|-unboost|p1a: Okidogi|spa|1\n|\n|t:|1699757736\n|switch|p2a: Annihilape|Annihilape, L50, M|100\/100|[from] Parting Shot\n|move|p2b: Iron Bundle|Encore|p1a: Okidogi\n|-start|p1a: Okidogi|Encore\n|move|p1b: Cresselia|Icy Wind|p2a: Annihilape|[spread] p2a,p2b\n|-resisted|p2b: Iron Bundle\n|-damage|p2a: Annihilape|96\/100\n|-damage|p2b: Iron Bundle|54\/100\n|-unboost|p2a: Annihilape|spe|1\n|-ability|p2a: Annihilape|Defiant|boost\n|-boost|p2a: Annihilape|atk|2\n|-unboost|p2b: Iron Bundle|spe|1\n|move|p1a: Okidogi|Protect||[still]\n|-fail|p1a: Okidogi\n|\n|-heal|p1a: Okidogi|97\/100|[from] item: Leftovers\n|-heal|p2a: Annihilape|100\/100|[from] item: Leftovers\n|upkeep\n|turn|7\n|\n|t:|1699757762\n|switch|p1b: Sinistcha|Sinistcha-Masterpiece, L50, shiny|100\/100\n|-heal|p1a: Okidogi|100\/100|[from] ability: Hospitality|[of] p1b: Sinistcha\n|switch|p1a: Sableye|Sableye, L50, M, shiny|38\/100\n|move|p2b: Iron Bundle|Freeze-Dry|p1a: Sableye\n|-damage|p1a: Sableye|0 fnt\n|faint|p1a: Sableye\n|move|p2a: Annihilape|Rage Fist|p1b: Sinistcha\n|-supereffective|p1b: Sinistcha\n|-damage|p1b: Sinistcha|0 fnt\n|-damage|p2a: Annihilape|84\/100|[from] item: Rocky Helmet|[of] p1b: Sinistcha\n|faint|p1b: Sinistcha\n|\n|-heal|p2a: Annihilape|90\/100|[from] item: Leftovers\n|upkeep\n|-message|eroineko forfeited.\n|\n|win|snowperegrine\n|raw|eroineko's rating: 1318 &rarr; <strong>1303<\/strong><br \/>(-15 for losing)\n|raw|snowperegrine's rating: 1409 &rarr; <strong>1424<\/strong><br \/>(+15 for winning)\n|l|\u2606eroineko\n","uploadtime":1699757780,"views":30,"p1id":"eroineko","p2id":"snowperegrine","formatid":"gen9vgc2023regulatione","rating":1303,"private":0,"password":""}