{"id":"gen9vgc2023regulatione-1995549160","p1":"PensiDiFarRidere?","p2":"Husky12_d","format":"[Gen 9] VGC 2023 Regulation E","log":"|j|\u2606PensiDiFarRidere?\n|j|\u2606Husky12_d\n|n|\u2606PensiDiFarRidere?|pensidifarridere\n|n|\u2606Husky12_d|husky12d\n|html|View the match progress at <a href=\"\/game-bestof3-gen9vgc2023regulatione-1995541919\">game-bestof3-gen9vgc2023regulatione-1995541919<\/a>\n|t:|1700581937\n|gametype|doubles\n|player|p1|PensiDiFarRidere?|steven|\n|player|p2|Husky12_d|blue|\n|teamsize|p1|6\n|teamsize|p2|6\n|gen|9\n|tier|[Gen 9] VGC 2023 Regulation E\n|rule|Species Clause: Limit one of each Pok\u00e9mon\n|rule|Item Clause: Limit one of each item\n|clearpoke\n|poke|p1|Urshifu-*, L50, M|\n|poke|p1|Iron Hands, L50|\n|poke|p1|Rillaboom, L50, M|\n|poke|p1|Heatran, L50, F|\n|poke|p1|Iron Bundle, L50|\n|poke|p1|Flutter Mane, L50|\n|poke|p2|Iron Bundle, L50|\n|poke|p2|Urshifu-*, L50, F|\n|poke|p2|Sneasler, L50, F|\n|poke|p2|Ogerpon-Hearthflame, L50, F|\n|poke|p2|Tornadus, L50, M|\n|poke|p2|Rillaboom, L50, F|\n|teampreview|4\n|inactive|Battle timer is ON: inactive players will automatically lose when time's up. (requested by Husky12_d)\nPensiDiFarRidere? has agreed to open team sheets.\nHusky12_d has agreed to open team sheets.\n|showteam|p1|Urshifu||FocusSash|UnseenFist|Detect,WickedBlow,CloseCombat,SuckerPunch|||M|||50|,,,,,Dark]Iron Hands||AssaultVest|QuarkDrive|FakeOut,WildCharge,DrainPunch,HeavySlam||||||50|,,,,,Poison]Rillaboom||MiracleSeed|GrassySurge|FakeOut,GrassyGlide,WoodHammer,HighHorsepower|||M|||50|,,,,,Fire]Heatran||SafetyGoggles|FlashFire|HeatWave,EarthPower,FlashCannon,Protect|||F|||50|,,,,,Bug]Iron Bundle||BoosterEnergy|QuarkDrive|FreezeDry,IcyWind,HydroPump,Protect||||||50|,,,,,Ghost]Flutter Mane||ChoiceSpecs|Protosynthesis|DazzlingGleam,IcyWind,ShadowBall,Moonblast||||||50|,,,,,Fairy\n|showteam|p2|Iron Bundle||BoosterEnergy|QuarkDrive|IcyWind,HydroPump,FreezeDry,Protect||||||50|,,,,,Ghost]Urshifu||ChoiceBand|UnseenFist|SuckerPunch,WickedBlow,CloseCombat,PoisonJab|||F|||50|,,,,,Dark]Sneasler||GrassySeed|Unburden|CloseCombat,Protect,Acrobatics,SwordsDance|||F|||50|,,,,,Flying]Ogerpon-Hearthflame||HearthflameMask|MoldBreaker|StompingTantrum,IvyCudgel,SpikyShield,GrassyGlide|||F|||50|,,,,,Fire]Tornadus||RockyHelmet|Prankster|Protect,BleakwindStorm,Tailwind,SunnyDay|||M|||50|,,,,,Steel]Rillaboom||MiracleSeed|GrassySurge|FakeOut,WoodHammer,GrassyGlide,Taunt|||F|||50|,,,,,Grass\n|inactive|Husky12_d has 30 seconds left.\n|\n|t:|1700581978\n|start\n|switch|p1a: Flutter Mane|Flutter Mane, L50|100\/100\n|switch|p1b: Iron Hands|Iron Hands, L50|100\/100\n|switch|p2a: Fantocci|Iron Bundle, L50|100\/100\n|switch|p2b: PierugoErPechinese|Urshifu, L50, F|100\/100\n|-enditem|p2a: Fantocci|Booster Energy\n|-activate|p2a: Fantocci|ability: Quark Drive|[fromitem]\n|-start|p2a: Fantocci|quarkdrivespe\n|turn|1\n|inactive|Husky12_d has 30 seconds left.\n|\n|t:|1700582012\n|switch|p2b: Filini|Ogerpon-Hearthflame, L50, F|100\/100\n|-ability|p2b: Filini|Mold Breaker\n|move|p2a: Fantocci|Protect|p2a: Fantocci\n|-singleturn|p2a: Fantocci|Protect\n|move|p1b: Iron Hands|Fake Out|p2b: Filini\n|-damage|p2b: Filini|83\/100\n|move|p1a: Flutter Mane|Dazzling Gleam|p2b: Filini|[spread] p2b\n|-activate|p2a: Fantocci|move: Protect\n|-resisted|p2b: Filini\n|-damage|p2b: Filini|58\/100\n|\n|upkeep\n|turn|2\n|inactive|PensiDiFarRidere? has 30 seconds left.\n|\n|t:|1700582038\n|-end|p1a: Flutter Mane|Protosynthesis|[silent]\n|switch|p1a: Heatran|Heatran, L50, F|100\/100\n|-terastallize|p2b: Filini|Fire\n|detailschange|p2b: Filini|Ogerpon-Hearthflame-Tera, L50, F, tera:Fire\n|-ability|p2b: Filini|Embody Aspect (Hearthflame)|boost\n|-boost|p2b: Filini|atk|1\n|move|p2a: Fantocci|Hydro Pump|p1b: Iron Hands\n|-damage|p1b: Iron Hands|73\/100\n|move|p2b: Filini|Ivy Cudgel|p1b: Iron Hands|[anim] Ivy Cudgel Fire\n|-damage|p1b: Iron Hands|0 fnt\n|faint|p1b: Iron Hands\n|-end|p1b: Iron Hands|Quark Drive|[silent]\n|\n|upkeep\n|\n|t:|1700582058\n|switch|p1b: Urshifu|Urshifu, L50, M|100\/100\n|turn|3\n|inactive|PensiDiFarRidere? has 30 seconds left.\n|inactive|Husky12_d has 30 seconds left.\n|inactive|PensiDiFarRidere? has 20 seconds left.\n|inactive|Husky12_d has 20 seconds left.\n|inactive|PensiDiFarRidere? has 15 seconds left.\n|inactive|Husky12_d has 15 seconds left.\n|inactive|PensiDiFarRidere? has 10 seconds left.\n|inactive|PensiDiFarRidere? has 5 seconds left.\n|\n|t:|1700582109\n|-terastallize|p1a: Heatran|Bug\n|move|p1b: Urshifu|Detect|p1b: Urshifu\n|-singleturn|p1b: Urshifu|Protect\n|move|p2a: Fantocci|Icy Wind|p1b: Urshifu|[spread] p1a\n|-activate|p1b: Urshifu|move: Protect\n|-damage|p1a: Heatran|83\/100\n|-unboost|p1a: Heatran|spe|1\n|move|p2b: Filini|Ivy Cudgel|p1b: Urshifu|[anim] Ivy Cudgel Fire\n|-activate|p1b: Urshifu|move: Protect\n|move|p1a: Heatran|Heat Wave|p2a: Fantocci|[spread] p2a,p2b\n|-resisted|p2b: Filini\n|-damage|p2a: Fantocci|33\/100\n|-damage|p2b: Filini|40\/100\n|\n|upkeep\n|turn|4\n|inactive|PensiDiFarRidere? has 30 seconds left.\n|inactive|Husky12_d has 30 seconds left.\n|inactive|Husky12_d has 20 seconds left.\n|inactive|Husky12_d has 15 seconds left.\n|inactive|Husky12_d has 10 seconds left.\n|\n|t:|1700582160\n|-end|p2a: Fantocci|Quark Drive|[silent]\n|switch|p2a: Mariangela|Rillaboom, L50, F|100\/100\n|-fieldstart|move: Grassy Terrain|[from] ability: Grassy Surge|[of] p2a: Mariangela\n|move|p2b: Filini|Grassy Glide|p1b: Urshifu\n|-damage|p1b: Urshifu|44\/100\n|move|p1b: Urshifu|Sucker Punch||[still]\n|-fail|p1b: Urshifu\n|move|p1a: Heatran|Heat Wave|p2a: Mariangela|[spread] p2a,p2b\n|-supereffective|p2a: Mariangela\n|-resisted|p2b: Filini\n|-damage|p2a: Mariangela|22\/100\n|-damage|p2b: Filini|22\/100\n|-status|p2a: Mariangela|brn\n|\n|-heal|p2b: Filini|28\/100|[from] Grassy Terrain\n|-heal|p1b: Urshifu|50\/100|[from] Grassy Terrain\n|-heal|p2a: Mariangela|28\/100 brn|[from] Grassy Terrain\n|-heal|p1a: Heatran|88\/100|[from] Grassy Terrain\n|-damage|p2a: Mariangela|22\/100 brn|[from] brn\n|upkeep\n|turn|5\n|c|\u2606Husky12_d|ecc\n|inactive|PensiDiFarRidere? has 30 seconds left.\n|inactive|Husky12_d has 30 seconds left.\n|inactive|Husky12_d has 20 seconds left.\n|inactive|Husky12_d has 15 seconds left.\n|\n|t:|1700582202\n|move|p1b: Urshifu|Detect|p1b: Urshifu\n|-singleturn|p1b: Urshifu|Protect\n|move|p2a: Mariangela|Fake Out|p1a: Heatran\n|-damage|p1a: Heatran|82\/100\n|move|p2b: Filini|Ivy Cudgel|p1b: Urshifu|[anim] Ivy Cudgel Fire\n|-activate|p1b: Urshifu|move: Protect\n|cant|p1a: Heatran|flinch\n|\n|-heal|p2b: Filini|33\/100|[from] Grassy Terrain\n|-heal|p1b: Urshifu|55\/100|[from] Grassy Terrain\n|-heal|p2a: Mariangela|28\/100 brn|[from] Grassy Terrain\n|-heal|p1a: Heatran|88\/100|[from] Grassy Terrain\n|-damage|p2a: Mariangela|22\/100 brn|[from] brn\n|upkeep\n|turn|6\n|\n|t:|1700582226\n|move|p2b: Filini|Grassy Glide|p1b: Urshifu\n|-damage|p1b: Urshifu|0 fnt\n|faint|p1b: Urshifu\n|move|p2a: Mariangela|Grassy Glide|p1a: Heatran\n|-resisted|p1a: Heatran\n|-damage|p1a: Heatran|78\/100\n|move|p1a: Heatran|Earth Power|p2b: Filini\n|-supereffective|p2b: Filini\n|-damage|p2b: Filini|0 fnt\n|faint|p2b: Filini\n|\n|-heal|p2a: Mariangela|28\/100 brn|[from] Grassy Terrain\n|-heal|p1a: Heatran|84\/100|[from] Grassy Terrain\n|-damage|p2a: Mariangela|22\/100 brn|[from] brn\n|upkeep\n|\n|t:|1700582240\n|switch|p2b: PierugoErPechinese|Urshifu, L50, F|100\/100\n|switch|p1b: Flutter Mane|Flutter Mane, L50|100\/100\n|turn|7\n|\n|t:|1700582253\n|move|p2b: PierugoErPechinese|Sucker Punch|p1b: Flutter Mane\n|-damage|p1b: Flutter Mane|3\/100\n|move|p2a: Mariangela|Grassy Glide|p1b: Flutter Mane\n|-damage|p1b: Flutter Mane|0 fnt\n|faint|p1b: Flutter Mane\n|-end|p1b: Flutter Mane|Protosynthesis|[silent]\n|move|p1a: Heatran|Heat Wave|p2b: PierugoErPechinese|[spread] p2a,p2b\n|-supereffective|p2a: Mariangela\n|-damage|p2a: Mariangela|0 fnt\n|-damage|p2b: PierugoErPechinese|50\/100\n|faint|p2a: Mariangela\n|\n|-heal|p2b: PierugoErPechinese|56\/100|[from] Grassy Terrain\n|-heal|p1a: Heatran|89\/100|[from] Grassy Terrain\n|upkeep\n|\n|t:|1700582260\n|switch|p2a: Fantocci|Iron Bundle, L50|33\/100\n|turn|8\n|\n|t:|1700582271\n|move|p1a: Heatran|Protect|p1a: Heatran\n|-singleturn|p1a: Heatran|Protect\n|move|p2b: PierugoErPechinese|Sucker Punch||[still]\n|-fail|p2b: PierugoErPechinese\n|move|p2a: Fantocci|Hydro Pump|p1a: Heatran\n|-activate|p1a: Heatran|move: Protect\n|\n|-heal|p2a: Fantocci|39\/100|[from] Grassy Terrain\n|-heal|p2b: PierugoErPechinese|62\/100|[from] Grassy Terrain\n|-heal|p1a: Heatran|95\/100|[from] Grassy Terrain\n|-fieldend|move: Grassy Terrain\n|upkeep\n|turn|9\n|\n|t:|1700582282\n|move|p2a: Fantocci|Protect|p2a: Fantocci\n|-singleturn|p2a: Fantocci|Protect\n|move|p2b: PierugoErPechinese|Sucker Punch|p1a: Heatran\n|-damage|p1a: Heatran|47\/100\n|move|p1a: Heatran|Heat Wave|p2b: PierugoErPechinese|[spread] p2b\n|-activate|p2a: Fantocci|move: Protect\n|-damage|p2b: PierugoErPechinese|8\/100\n|\n|upkeep\n|turn|10\n|c|\u2606PensiDiFarRidere?|gg\n|\n|t:|1700582296\n|move|p2b: PierugoErPechinese|Sucker Punch|p1a: Heatran\n|-damage|p1a: Heatran|5\/100\n|move|p2a: Fantocci|Hydro Pump|p1a: Heatran\n|-crit|p1a: Heatran\n|-damage|p1a: Heatran|0 fnt\n|faint|p1a: Heatran\n|\n|win|Husky12_d\n|c|\u2606Husky12_d|gg\n|c|\u2606Husky12_d|wp\n","uploadtime":1700582320,"views":0,"p1id":"pensidifarridere","p2id":"husky12d","formatid":"gen9vgc2023regulatione","rating":0,"private":0,"password":""}