{"id":"gen9vgc2023regulatione-1993884442","p1":"rmnew72","p2":"RNKnight","format":"[Gen 9] VGC 2023 Regulation E","log":"|j|\u2606rmnew72\n|j|\u2606RNKnight\n|t:|1700369881\n|gametype|doubles\n|player|p1|rmnew72|169|1249\n|player|p2|RNKnight|raifort|1269\n|teamsize|p1|6\n|teamsize|p2|6\n|gen|9\n|tier|[Gen 9] VGC 2023 Regulation E\n|rated|\n|rule|Species Clause: Limit one of each Pok\u00e9mon\n|rule|Item Clause: Limit one of each item\n|clearpoke\n|poke|p1|Grimmsnarl, L50, M|\n|poke|p1|Annihilape, L50, M|\n|poke|p1|Farigiraf, L50, F|\n|poke|p1|Empoleon, L50, F|\n|poke|p1|Torkoal, L50, M|\n|poke|p1|Gyarados, L50, M|\n|poke|p2|Empoleon, L50, F|\n|poke|p2|Ogerpon-Wellspring, L50, F|\n|poke|p2|Flutter Mane, L50|\n|poke|p2|Illumise, L50, F|\n|poke|p2|Iron Hands, L50|\n|poke|p2|Arcanine-Hisui, L50, F|\n|teampreview|4\nRNKnight has agreed to open team sheets.\n|\n|t:|1700369931\n|start\n|switch|p1a: Grimmsnarl|Grimmsnarl, L50, M|100\/100\n|switch|p1b: Annihilape|Annihilape, L50, M|100\/100\n|switch|p2a: Flutter Mane|Flutter Mane, L50|100\/100\n|switch|p2b: Empoleon|Empoleon, L50, F|100\/100\n|turn|1\n|\n|t:|1700369951\n|-terastallize|p1b: Annihilape|Fire\n|move|p2a: Flutter Mane|Protect|p2a: Flutter Mane\n|-singleturn|p2a: Flutter Mane|Protect\n|move|p1a: Grimmsnarl|Light Screen|p1a: Grimmsnarl\n|-sidestart|p1: rmnew72|move: Light Screen\n|move|p1b: Annihilape|Bulk Up|p1b: Annihilape\n|-boost|p1b: Annihilape|atk|1\n|-boost|p1b: Annihilape|def|1\n|move|p2b: Empoleon|Icy Wind|p1b: Annihilape|[spread] p1a,p1b\n|-resisted|p1b: Annihilape\n|-damage|p1a: Grimmsnarl|92\/100\n|-damage|p1b: Annihilape|97\/100\n|-unboost|p1a: Grimmsnarl|spe|1\n|-unboost|p1b: Annihilape|spe|1\n|-ability|p1b: Annihilape|Defiant|boost\n|-boost|p1b: Annihilape|atk|2\n|\n|-heal|p1b: Annihilape|100\/100|[from] item: Leftovers\n|upkeep\n|turn|2\n|inactive|Battle timer is ON: inactive players will automatically lose when time's up. (requested by rmnew72)\n|\n|t:|1700370009\n|-end|p2a: Flutter Mane|Protosynthesis|[silent]\n|switch|p2a: Iron Hands|Iron Hands, L50|100\/100\n|move|p1a: Grimmsnarl|Parting Shot|p2a: Iron Hands\n|-unboost|p2a: Iron Hands|atk|1\n|-unboost|p2a: Iron Hands|spa|1\n|\n|t:|1700370017\n|switch|p1a: Gyarados|Gyarados, L50, M|100\/100|[from] Parting Shot\n|-ability|p1a: Gyarados|Intimidate|boost\n|-unboost|p2a: Iron Hands|atk|1\n|-unboost|p2b: Empoleon|atk|1\n|-ability|p2b: Empoleon|Competitive|boost\n|-boost|p2b: Empoleon|spa|2\n|move|p2b: Empoleon|Hydro Pump|p1b: Annihilape\n|-supereffective|p1b: Annihilape\n|-damage|p1b: Annihilape|6\/100\n|move|p1b: Annihilape|Drain Punch|p2b: Empoleon\n|-supereffective|p2b: Empoleon\n|-damage|p2b: Empoleon|0 fnt\n|-heal|p1b: Annihilape|48\/100|[from] drain|[of] p2b: Empoleon\n|faint|p2b: Empoleon\n|\n|-heal|p1b: Annihilape|54\/100|[from] item: Leftovers\n|upkeep\n|\n|t:|1700370028\n|switch|p2b: Ogerpon|Ogerpon-Wellspring, L50, F|100\/100\n|turn|3\n|\n|t:|1700370050\n|switch|p1a: Grimmsnarl|Grimmsnarl, L50, M|92\/100\n|move|p1b: Annihilape|Protect|p1b: Annihilape\n|-singleturn|p1b: Annihilape|Protect\n|move|p2b: Ogerpon|Ivy Cudgel|p1b: Annihilape|[anim] Ivy Cudgel Water\n|-activate|p1b: Annihilape|move: Protect\n|move|p2a: Iron Hands|Wild Charge|p1a: Grimmsnarl\n|-damage|p1a: Grimmsnarl|62\/100\n|-damage|p2a: Iron Hands|95\/100|[from] Recoil\n|\n|-heal|p1b: Annihilape|60\/100|[from] item: Leftovers\n|upkeep\n|turn|4\n|\n|t:|1700370072\n|move|p2b: Ogerpon|Spiky Shield|p2b: Ogerpon\n|-singleturn|p2b: Ogerpon|move: Protect\n|move|p1a: Grimmsnarl|Reflect|p1a: Grimmsnarl\n|-sidestart|p1: rmnew72|Reflect\n|move|p1b: Annihilape|Drain Punch|p2a: Iron Hands\n|-damage|p2a: Iron Hands|41\/100\n|-heal|p1b: Annihilape|93\/100|[from] drain|[of] p2a: Iron Hands\n|move|p2a: Iron Hands|Heavy Slam|p1a: Grimmsnarl\n|-supereffective|p1a: Grimmsnarl\n|-damage|p1a: Grimmsnarl|27\/100\n|\n|-heal|p1b: Annihilape|99\/100|[from] item: Leftovers\n|upkeep\n|turn|5\n|inactive|RNKnight has 30 seconds left.\n|inactive|RNKnight has 20 seconds left.\n|inactive|RNKnight has 15 seconds left.\n|\n|t:|1700370112\n|-end|p2a: Iron Hands|Quark Drive|[silent]\n|switch|p2a: Flutter Mane|Flutter Mane, L50|100\/100\n|-terastallize|p2b: Ogerpon|Water\n|detailschange|p2b: Ogerpon|Ogerpon-Wellspring-Tera, L50, F, tera:Water\n|-ability|p2b: Ogerpon|Embody Aspect (Wellspring)|boost\n|-boost|p2b: Ogerpon|spd|1\n|move|p1a: Grimmsnarl|Parting Shot|p2b: Ogerpon\n|-unboost|p2b: Ogerpon|atk|1\n|-unboost|p2b: Ogerpon|spa|1\n|\n|t:|1700370121\n|switch|p1a: Gyarados|Gyarados, L50, M|100\/100|[from] Parting Shot\n|-ability|p1a: Gyarados|Intimidate|boost\n|-unboost|p2a: Flutter Mane|atk|1\n|-unboost|p2b: Ogerpon|atk|1\n|move|p2b: Ogerpon|Ivy Cudgel|p1b: Annihilape|[anim] Ivy Cudgel Water\n|-supereffective|p1b: Annihilape\n|-crit|p1b: Annihilape\n|-damage|p1b: Annihilape|0 fnt\n|faint|p1b: Annihilape\n|\n|upkeep\n|\n|t:|1700370134\n|switch|p1b: Grimmsnarl|Grimmsnarl, L50, M|27\/100\n|turn|6\n|inactive|RNKnight has 30 seconds left.\n|inactive|RNKnight has 20 seconds left.\n|\n|t:|1700370169\n|switch|p2b: Iron Hands|Iron Hands, L50|41\/100\n|move|p1b: Grimmsnarl|Parting Shot|p2a: Flutter Mane\n|-unboost|p2a: Flutter Mane|atk|1\n|-unboost|p2a: Flutter Mane|spa|1\n|\n|t:|1700370176\n|switch|p1b: Empoleon|Empoleon, L50, F|100\/100|[from] Parting Shot\n|move|p2a: Flutter Mane|Dazzling Gleam|p1b: Empoleon|[spread] p1a,p1b\n|-resisted|p1b: Empoleon\n|-damage|p1a: Gyarados|88\/100\n|-damage|p1b: Empoleon|95\/100\n|move|p1a: Gyarados|Thunder Wave|p2b: Iron Hands\n|-immune|p2b: Iron Hands\n|\n|upkeep\n|turn|7\n|\n|t:|1700370192\n|switch|p1a: Grimmsnarl|Grimmsnarl, L50, M|27\/100\n|move|p2a: Flutter Mane|Protect|p2a: Flutter Mane\n|-singleturn|p2a: Flutter Mane|Protect\n|move|p1b: Empoleon|Icy Wind|p2b: Iron Hands|[spread] p2b\n|-activate|p2a: Flutter Mane|move: Protect\n|-damage|p2b: Iron Hands|33\/100\n|-unboost|p2b: Iron Hands|spe|1\n|move|p2b: Iron Hands|Drain Punch|p1b: Empoleon\n|-supereffective|p1b: Empoleon\n|-damage|p1b: Empoleon|43\/100\n|-heal|p2b: Iron Hands|51\/100|[from] drain|[of] p1b: Empoleon\n|\n|upkeep\n|turn|8\n|inactive|RNKnight has 30 seconds left.\n|\n|t:|1700370220\n|move|p1a: Grimmsnarl|Parting Shot|p2b: Iron Hands\n|-unboost|p2b: Iron Hands|atk|1\n|-unboost|p2b: Iron Hands|spa|1\n|\n|t:|1700370224\n|switch|p1a: Gyarados|Gyarados, L50, M|88\/100|[from] Parting Shot\n|-ability|p1a: Gyarados|Intimidate|boost\n|-unboost|p2a: Flutter Mane|atk|1\n|-unboost|p2b: Iron Hands|atk|1\n|move|p2a: Flutter Mane|Dazzling Gleam|p1b: Empoleon|[spread] p1a,p1b\n|-resisted|p1b: Empoleon\n|-damage|p1a: Gyarados|75\/100\n|-damage|p1b: Empoleon|38\/100\n|move|p1b: Empoleon|Flash Cannon|p2a: Flutter Mane\n|-supereffective|p2a: Flutter Mane\n|-damage|p2a: Flutter Mane|33\/100\n|move|p2b: Iron Hands|Wild Charge|p1a: Gyarados\n|-supereffective|p1a: Gyarados\n|-damage|p1a: Gyarados|2\/100\n|-damage|p2b: Iron Hands|38\/100|[from] Recoil\n|\n|-sideend|p1: rmnew72|move: Light Screen\n|upkeep\n|turn|9\n|inactive|rmnew72 has 30 seconds left.\n|\n|t:|1700370254\n|switch|p1a: Grimmsnarl|Grimmsnarl, L50, M|27\/100\n|move|p2a: Flutter Mane|Dazzling Gleam|p1a: Grimmsnarl|[spread] p1a,p1b\n|-supereffective|p1a: Grimmsnarl\n|-resisted|p1b: Empoleon\n|-damage|p1a: Grimmsnarl|0 fnt\n|-damage|p1b: Empoleon|31\/100\n|faint|p1a: Grimmsnarl\n|move|p1b: Empoleon|Icy Wind|p2a: Flutter Mane|[spread] p2a,p2b\n|-damage|p2a: Flutter Mane|22\/100\n|-damage|p2b: Iron Hands|30\/100\n|-unboost|p2a: Flutter Mane|spe|1\n|-unboost|p2b: Iron Hands|spe|1\n|move|p2b: Iron Hands|Drain Punch|p1b: Empoleon\n|-supereffective|p1b: Empoleon\n|-damage|p1b: Empoleon|4\/100\n|-heal|p2b: Iron Hands|39\/100|[from] drain|[of] p1b: Empoleon\n|\n|upkeep\n|\n|t:|1700370264\n|switch|p1a: Gyarados|Gyarados, L50, M|2\/100\n|-ability|p1a: Gyarados|Intimidate|boost\n|-unboost|p2a: Flutter Mane|atk|1\n|-unboost|p2b: Iron Hands|atk|1\n|turn|10\n|\n|t:|1700370288\n|move|p2a: Flutter Mane|Protect|p2a: Flutter Mane\n|-singleturn|p2a: Flutter Mane|Protect\n|move|p1a: Gyarados|Iron Head|p2b: Iron Hands\n|-resisted|p2b: Iron Hands\n|-damage|p2b: Iron Hands|30\/100\n|move|p1b: Empoleon|Flash Cannon|p2a: Flutter Mane\n|-activate|p2a: Flutter Mane|move: Protect\n|move|p2b: Iron Hands|Drain Punch|p1b: Empoleon\n|-supereffective|p1b: Empoleon\n|-damage|p1b: Empoleon|0 fnt\n|-heal|p2b: Iron Hands|32\/100|[from] drain|[of] p1b: Empoleon\n|faint|p1b: Empoleon\n|\n|upkeep\n|turn|11\n|-message|rmnew72 forfeited.\n|\n|win|RNKnight\n|raw|rmnew72's rating: 1249 &rarr; <strong>1225<\/strong><br \/>(-24 for losing)\n|raw|RNKnight's rating: 1269 &rarr; <strong>1293<\/strong><br \/>(+24 for winning)\n|l|\u2606rmnew72\n","uploadtime":1700370453,"views":7,"p1id":"rmnew72","p2id":"rnknight","formatid":"gen9vgc2023regulatione","rating":1225,"private":0,"password":""}