{"id":"gen9vgc2023regulatione-2000280495","p1":"noble victorer","p2":"TestingE10","format":"[Gen 9] VGC 2023 Regulation E","log":"|j|\u203dnoble victorer\n|j|\u2606TestingE10\n|t:|1701180852\n|gametype|doubles\n|player|p1|noble victorer|1|1547\n|player|p2|TestingE10|ghetsis|1510\n|teamsize|p1|6\n|teamsize|p2|6\n|gen|9\n|tier|[Gen 9] VGC 2023 Regulation E\n|rated|\n|rule|Species Clause: Limit one of each Pok\u00e9mon\n|rule|Item Clause: Limit one of each item\n|clearpoke\n|poke|p1|Roaring Moon, L50|\n|poke|p1|Ogerpon-Wellspring, L50, F|\n|poke|p1|Arcanine-Hisui, L50, F|\n|poke|p1|Regieleki, L50|\n|poke|p1|Flutter Mane, L50|\n|poke|p1|Gholdengo, L50|\n|poke|p2|Urshifu-*, L50, F|\n|poke|p2|Gothitelle, L50, M|\n|poke|p2|Heatran, L50, F|\n|poke|p2|Iron Hands, L50|\n|poke|p2|Landorus, L50, M|\n|poke|p2|Rillaboom, L50, F|\n|teampreview|4\n|\n|t:|1701180889\n|start\n|switch|p1a: Flutter Mane|Flutter Mane, L50|100\/100\n|switch|p1b: Gholdengo|Gholdengo, L50|100\/100\n|switch|p2a: Landorus|Landorus, L50, M|100\/100\n|switch|p2b: Iron Hands|Iron Hands, L50|100\/100\n|turn|1\n|inactive|Battle timer is ON: inactive players will automatically lose when time's up. (requested by TestingE10)\n|\n|t:|1701180903\n|switch|p1b: Ogerpon|Ogerpon-Wellspring, L50, F|100\/100\n|-terastallize|p2a: Landorus|Poison\n|move|p1a: Flutter Mane|Protect|p1a: Flutter Mane\n|-singleturn|p1a: Flutter Mane|Protect\n|move|p2a: Landorus|Earth Power|p1b: Ogerpon\n|-resisted|p1b: Ogerpon\n|-damage|p1b: Ogerpon|69\/100\n|move|p2b: Iron Hands|Heavy Slam|p1a: Flutter Mane\n|-activate|p1a: Flutter Mane|move: Protect\n|\n|upkeep\n|turn|2\n|\n|t:|1701180929\n|-terastallize|p1b: Ogerpon|Water\n|detailschange|p1b: Ogerpon|Ogerpon-Wellspring-Tera, L50, F, tera:Water\n|-ability|p1b: Ogerpon|Embody Aspect (Wellspring)|boost\n|-boost|p1b: Ogerpon|spd|1\n|move|p2a: Landorus|Protect|p2a: Landorus\n|-singleturn|p2a: Landorus|Protect\n|move|p1b: Ogerpon|Follow Me|p1b: Ogerpon\n|-singleturn|p1b: Ogerpon|move: Follow Me\n|move|p1a: Flutter Mane|Dazzling Gleam|p2a: Landorus|[spread] p2b\n|-activate|p2a: Landorus|move: Protect\n|-supereffective|p2b: Iron Hands\n|-damage|p2b: Iron Hands|60\/100\n|move|p2b: Iron Hands|Wild Charge|p1b: Ogerpon\n|-supereffective|p1b: Ogerpon\n|-damage|p1b: Ogerpon|0 fnt\n|faint|p1b: Ogerpon\n|-damage|p2b: Iron Hands|47\/100|[from] Recoil\n|\n|upkeep\n|\n|t:|1701180944\n|switch|p1b: Roaring Moon|Roaring Moon, L50|100\/100\n|-enditem|p1b: Roaring Moon|Booster Energy\n|-activate|p1b: Roaring Moon|ability: Protosynthesis|[fromitem]\n|-start|p1b: Roaring Moon|protosynthesisspe\n|turn|3\n|\n|t:|1701180969\n|-end|p2b: Iron Hands|Quark Drive|[silent]\n|switch|p2b: Rillaboom|Rillaboom, L50, F|100\/100\n|-fieldstart|move: Grassy Terrain|[from] ability: Grassy Surge|[of] p2b: Rillaboom\n|move|p1b: Roaring Moon|Breaking Swipe|p2b: Rillaboom|[spread] p2a,p2b\n|-damage|p2a: Landorus|74\/100\n|-damage|p2b: Rillaboom|80\/100\n|-unboost|p2a: Landorus|atk|1\n|-unboost|p2b: Rillaboom|atk|1\n|move|p1a: Flutter Mane|Dazzling Gleam|p2b: Rillaboom|[spread] p2a,p2b\n|-resisted|p2a: Landorus\n|-damage|p2a: Landorus|50\/100\n|-damage|p2b: Rillaboom|40\/100\n|move|p2a: Landorus|Sludge Bomb|p1a: Flutter Mane\n|-damage|p1a: Flutter Mane|31\/100\n|\n|-heal|p1a: Flutter Mane|37\/100|[from] Grassy Terrain\n|-heal|p2a: Landorus|56\/100|[from] Grassy Terrain\n|-heal|p2b: Rillaboom|46\/100|[from] Grassy Terrain\n|upkeep\n|turn|4\n|\n|t:|1701180987\n|move|p1b: Roaring Moon|Protect|p1b: Roaring Moon\n|-singleturn|p1b: Roaring Moon|Protect\n|move|p1a: Flutter Mane|Protect|p1a: Flutter Mane\n|-singleturn|p1a: Flutter Mane|Protect\n|move|p2b: Rillaboom|Fake Out|p1b: Roaring Moon\n|-activate|p1b: Roaring Moon|move: Protect\n|move|p2a: Landorus|Substitute|p2a: Landorus\n|-start|p2a: Landorus|Substitute\n|-damage|p2a: Landorus|31\/100\n|\n|-heal|p1a: Flutter Mane|43\/100|[from] Grassy Terrain\n|-heal|p2a: Landorus|37\/100|[from] Grassy Terrain\n|-heal|p2b: Rillaboom|52\/100|[from] Grassy Terrain\n|upkeep\n|turn|5\n|\n|t:|1701180997\n|-end|p1a: Flutter Mane|Protosynthesis|[silent]\n|switch|p1a: Gholdengo|Gholdengo, L50|100\/100\n|move|p2b: Rillaboom|Grassy Glide|p1a: Gholdengo\n|-resisted|p1a: Gholdengo\n|-damage|p1a: Gholdengo|84\/100\n|move|p1b: Roaring Moon|Breaking Swipe|p2b: Rillaboom|[spread] p2a,p2b\n|-end|p2a: Landorus|Substitute\n|-damage|p2b: Rillaboom|30\/100\n|-unboost|p2b: Rillaboom|atk|1\n|move|p2a: Landorus|Earth Power|p1b: Roaring Moon\n|-damage|p1b: Roaring Moon|35\/100\n|\n|-heal|p1b: Roaring Moon|41\/100|[from] Grassy Terrain\n|-heal|p2a: Landorus|43\/100|[from] Grassy Terrain\n|-heal|p1a: Gholdengo|90\/100|[from] Grassy Terrain\n|-heal|p2b: Rillaboom|36\/100|[from] Grassy Terrain\n|upkeep\n|turn|6\n|j| TBTianXiaDiYi\n|\n|t:|1701181016\n|switch|p2b: Heatran|Heatran, L50, F|100\/100\n|move|p2a: Landorus|Protect|p2a: Landorus\n|-singleturn|p2a: Landorus|Protect\n|move|p1b: Roaring Moon|Tailwind|p1b: Roaring Moon\n|-sidestart|p1: noble victorer|move: Tailwind\n|move|p1a: Gholdengo|Make It Rain|p2b: Heatran|[spread] p2b\n|-activate|p2a: Landorus|move: Protect\n|-resisted|p2b: Heatran\n|-damage|p2b: Heatran|87\/100\n|-unboost|p1a: Gholdengo|spa|1\n|\n|-heal|p1b: Roaring Moon|48\/100|[from] Grassy Terrain\n|-heal|p1a: Gholdengo|96\/100|[from] Grassy Terrain\n|-heal|p2a: Landorus|48\/100|[from] Grassy Terrain\n|-heal|p2b: Heatran|93\/100|[from] Grassy Terrain\n|upkeep\n|turn|7\n|\n|t:|1701181029\n|switch|p2a: Rillaboom|Rillaboom, L50, F|36\/100\n|move|p1b: Roaring Moon|Knock Off|p2b: Heatran\n|-damage|p2b: Heatran|55\/100\n|-enditem|p2b: Heatran|Shuca Berry|[from] move: Knock Off|[of] p1b: Roaring Moon\n|move|p1a: Gholdengo|Make It Rain|p2a: Rillaboom|[spread] p2a,p2b\n|-resisted|p2b: Heatran\n|-damage|p2a: Rillaboom|0 fnt\n|-damage|p2b: Heatran|46\/100\n|-unboost|p1a: Gholdengo|spa|1\n|faint|p2a: Rillaboom\n|move|p2b: Heatran|Heat Wave|p1a: Gholdengo|[spread] p1b\n|-miss|p2b: Heatran|p1a: Gholdengo\n|-resisted|p1b: Roaring Moon\n|-damage|p1b: Roaring Moon|31\/100\n|\n|-heal|p1b: Roaring Moon|37\/100|[from] Grassy Terrain\n|-heal|p1a: Gholdengo|100\/100|[from] Grassy Terrain\n|-heal|p2b: Heatran|52\/100|[from] Grassy Terrain\n|-fieldend|move: Grassy Terrain\n|upkeep\n|\n|t:|1701181045\n|switch|p2a: Iron Hands|Iron Hands, L50|47\/100\n|turn|8\n|\n|t:|1701181052\n|move|p1b: Roaring Moon|Protect|p1b: Roaring Moon\n|-singleturn|p1b: Roaring Moon|Protect\n|move|p1a: Gholdengo|Make It Rain|p2b: Heatran|[spread] p2a,p2b\n|-resisted|p2a: Iron Hands\n|-resisted|p2b: Heatran\n|-damage|p2a: Iron Hands|38\/100\n|-damage|p2b: Heatran|44\/100\n|-unboost|p1a: Gholdengo|spa|1\n|move|p2b: Heatran|Heat Wave|p1a: Gholdengo|[spread] p1a\n|-activate|p1b: Roaring Moon|move: Protect\n|-supereffective|p1a: Gholdengo\n|-damage|p1a: Gholdengo|12\/100\n|move|p2a: Iron Hands|Heavy Slam|p1a: Gholdengo\n|-resisted|p1a: Gholdengo\n|-damage|p1a: Gholdengo|0 fnt\n|faint|p1a: Gholdengo\n|\n|upkeep\n|\n|t:|1701181061\n|switch|p1a: Flutter Mane|Flutter Mane, L50|43\/100\n|turn|9\n|inactive|noble victorer has 30 seconds left.\n|\n|t:|1701181088\n|-end|p2a: Iron Hands|Quark Drive|[silent]\n|switch|p2a: Landorus|Landorus, L50, M, tera:Poison|48\/100\n|move|p1b: Roaring Moon|Knock Off|p2b: Heatran\n|-damage|p2b: Heatran|17\/100\n|move|p1a: Flutter Mane|Dazzling Gleam|p2a: Landorus|[spread] p2a,p2b\n|-resisted|p2a: Landorus\n|-resisted|p2b: Heatran\n|-damage|p2a: Landorus|26\/100\n|-damage|p2b: Heatran|10\/100\n|move|p2b: Heatran|Flash Cannon|p1a: Flutter Mane\n|-supereffective|p1a: Flutter Mane\n|-damage|p1a: Flutter Mane|0 fnt\n|faint|p1a: Flutter Mane\n|-end|p1a: Flutter Mane|Protosynthesis|[silent]\n|\n|-sideend|p1: noble victorer|move: Tailwind\n|upkeep\n|turn|10\n|\n|t:|1701181103\n|move|p1b: Roaring Moon|Breaking Swipe|p2b: Heatran|[spread] p2a,p2b\n|-resisted|p2b: Heatran\n|-damage|p2a: Landorus|2\/100\n|-damage|p2b: Heatran|0 fnt\n|-unboost|p2a: Landorus|atk|1\n|faint|p2b: Heatran\n|move|p2a: Landorus|Earth Power|p1b: Roaring Moon\n|-damage|p1b: Roaring Moon|0 fnt\n|faint|p1b: Roaring Moon\n|-end|p1b: Roaring Moon|Protosynthesis|[silent]\n|\n|win|TestingE10\n|raw|noble victorer's rating: 1547 &rarr; <strong>1525<\/strong><br \/>(-22 for losing)\n|raw|TestingE10's rating: 1510 &rarr; <strong>1532<\/strong><br \/>(+22 for winning)\n|l|\u203dnoble victorer\n","uploadtime":1701181112,"views":19,"p1id":"noblevictorer","p2id":"testinge10","formatid":"gen9vgc2023regulatione","rating":1525,"private":0,"password":""}