{"id":"gen9vgc2023regulatione-1988631737","p1":"CharlienoB","p2":"filthytrashgoblin","format":"[Gen 9] VGC 2023 Regulation E","log":"|j|\u2606CharlienoB\n|j|\u2606filthytrashgoblin\n|t:|1699744115\n|gametype|doubles\n|player|p1|CharlienoB|102|1112\n|player|p2|filthytrashgoblin|ghetsis|1056\n|teamsize|p1|6\n|teamsize|p2|6\n|gen|9\n|tier|[Gen 9] VGC 2023 Regulation E\n|rated|\n|rule|Species Clause: Limit one of each Pok\u00e9mon\n|rule|Item Clause: Limit one of each item\n|clearpoke\n|poke|p1|Skeledirge, L50, F|\n|poke|p1|Amoonguss, L50, F|\n|poke|p1|Iron Bundle, L50|\n|poke|p1|Grimmsnarl, L50, M|\n|poke|p1|Scream Tail, L50|\n|poke|p1|Iron Hands, L50|\n|poke|p2|Cresselia, L50, F|\n|poke|p2|Urshifu-*, L50, M|\n|poke|p2|Ogerpon-Hearthflame, L50, F|\n|poke|p2|Flutter Mane, L50|\n|poke|p2|Landorus-Therian, L50, M|\n|poke|p2|Heatran, L50, F|\n|teampreview|4\n|inactive|Battle timer is ON: inactive players will automatically lose when time's up. (requested by filthytrashgoblin)\n|\n|t:|1699744129\n|start\n|switch|p1a: Scream Tail|Scream Tail, L50|100\/100\n|switch|p1b: Grimmsnarl|Grimmsnarl, L50, M|100\/100\n|switch|p2a: floofadoof|Flutter Mane, L50|100\/100\n|switch|p2b: DOG|Landorus-Therian, L50, M|100\/100\n|-ability|p2b: DOG|Intimidate|boost\n|-unboost|p1a: Scream Tail|atk|1\n|-unboost|p1b: Grimmsnarl|atk|1\n|-enditem|p2a: floofadoof|Booster Energy\n|-activate|p2a: floofadoof|ability: Protosynthesis|[fromitem]\n|-start|p2a: floofadoof|protosynthesisspe\n|turn|1\n|inactive|CharlienoB has 30 seconds left.\n|inactive|CharlienoB has 20 seconds left.\n|\n|t:|1699744168\n|move|p1b: Grimmsnarl|Reflect|p1b: Grimmsnarl\n|-sidestart|p1: CharlienoB|Reflect\n|move|p2a: floofadoof|Moonblast|p1b: Grimmsnarl\n|-supereffective|p1b: Grimmsnarl\n|-damage|p1b: Grimmsnarl|3\/100\n|move|p2b: DOG|U-turn|p1b: Grimmsnarl\n|-damage|p1b: Grimmsnarl|0 fnt\n|faint|p1b: Grimmsnarl\n|\n|t:|1699744176\n|switch|p2b: head|Heatran, L50, F|100\/100|[from] U-turn\n|move|p1a: Scream Tail|Trick Room|p1a: Scream Tail\n|-fieldstart|move: Trick Room|[of] p1a: Scream Tail\n|-enditem|p1a: Scream Tail|Room Service\n|-unboost|p1a: Scream Tail|spe|1|[from] item: Room Service\n|\n|upkeep\n|\n|t:|1699744183\n|switch|p1b: Iron Hands|Iron Hands, L50|100\/100\n|turn|2\n|\n|t:|1699744195\n|-terastallize|p1b: Iron Hands|Fire\n|move|p1b: Iron Hands|Drain Punch|p2b: head\n|-supereffective|p2b: head\n|-damage|p2b: head|21\/100\n|move|p1a: Scream Tail|Howl|p1a: Scream Tail|[spread] p1a,p1b\n|-boost|p1a: Scream Tail|atk|1\n|-boost|p1b: Iron Hands|atk|1\n|move|p2b: head|Flash Cannon|p1a: Scream Tail\n|-supereffective|p1a: Scream Tail\n|-damage|p1a: Scream Tail|22\/100\n|-unboost|p1a: Scream Tail|spd|1\n|-damage|p2b: head|11\/100|[from] item: Life Orb\n|move|p2a: floofadoof|Moonblast|p1b: Iron Hands\n|-resisted|p1b: Iron Hands\n|-damage|p1b: Iron Hands|88\/100\n|-unboost|p1b: Iron Hands|spa|1\n|\n|upkeep\n|turn|3\n|\n|t:|1699744219\n|move|p2b: head|Protect|p2b: head\n|-singleturn|p2b: head|Protect\n|move|p2a: floofadoof|Protect|p2a: floofadoof\n|-singleturn|p2a: floofadoof|Protect\n|move|p1b: Iron Hands|Heavy Slam|p2a: floofadoof\n|-activate|p2a: floofadoof|move: Protect\n|move|p1a: Scream Tail|Drain Punch|p2b: head\n|-activate|p2b: head|move: Protect\n|\n|upkeep\n|turn|4\n|\n|t:|1699744237\n|move|p1b: Iron Hands|Heavy Slam|p2a: floofadoof\n|-supereffective|p2a: floofadoof\n|-damage|p2a: floofadoof|0 fnt\n|faint|p2a: floofadoof\n|-end|p2a: floofadoof|Protosynthesis|[silent]\n|move|p1a: Scream Tail|Drain Punch|p2b: head\n|-supereffective|p2b: head\n|-damage|p2b: head|0 fnt\n|-heal|p1a: Scream Tail|28\/100|[from] drain|[of] p2b: head\n|faint|p2b: head\n|\n|upkeep\n|\n|t:|1699744246\n|switch|p2b: DOG|Landorus-Therian, L50, M|100\/100\n|switch|p2a: BEAR!!!|Urshifu, L50, M|100\/100\n|-ability|p2b: DOG|Intimidate|boost\n|-unboost|p1a: Scream Tail|atk|1\n|-unboost|p1b: Iron Hands|atk|1\n|turn|5\n|inactive|CharlienoB has 30 seconds left.\n|\n|t:|1699744273\n|-end|p1b: Iron Hands|Quark Drive|[silent]\n|switch|p1b: Skeledirge|Skeledirge, L50, F|100\/100\n|-terastallize|p2b: DOG|Flying\n|move|p1a: Scream Tail|Drain Punch|p2a: BEAR!!!\n|-supereffective|p2a: BEAR!!!\n|-damage|p2a: BEAR!!!|82\/100\n|-heal|p1a: Scream Tail|36\/100|[from] drain|[of] p2a: BEAR!!!\n|move|p2a: BEAR!!!|Wicked Blow|p1b: Skeledirge\n|-supereffective|p1b: Skeledirge\n|-crit|p1b: Skeledirge\n|-damage|p1b: Skeledirge|0 fnt\n|faint|p1b: Skeledirge\n|move|p2b: DOG|Tera Blast|p1a: Scream Tail|[anim] Tera Blast Flying\n|-damage|p1a: Scream Tail|6\/100\n|\n|-fieldend|move: Trick Room\n|upkeep\n|\n|t:|1699744289\n|switch|p1b: Iron Hands|Iron Hands, L50, tera:Fire|88\/100\n|turn|6\n|\n|t:|1699744299\n|move|p1b: Iron Hands|Fake Out|p2a: BEAR!!!\n|-damage|p2a: BEAR!!!|67\/100\n|move|p2b: DOG|Tera Blast|p1a: Scream Tail|[anim] Tera Blast Flying\n|-damage|p1a: Scream Tail|0 fnt\n|faint|p1a: Scream Tail\n|-end|p1a: Scream Tail|Protosynthesis|[silent]\n|cant|p2a: BEAR!!!|flinch\n|\n|upkeep\n|turn|7\n|\n|t:|1699744310\n|move|p2b: DOG|Tera Blast|p1b: Iron Hands|[anim] Tera Blast Flying\n|-damage|p1b: Iron Hands|60\/100\n|move|p2a: BEAR!!!|Close Combat|p1b: Iron Hands\n|-damage|p1b: Iron Hands|26\/100\n|-unboost|p2a: BEAR!!!|def|1\n|-unboost|p2a: BEAR!!!|spd|1\n|move|p1b: Iron Hands|Drain Punch|p2a: BEAR!!!\n|-supereffective|p2a: BEAR!!!\n|-damage|p2a: BEAR!!!|0 fnt\n|-heal|p1b: Iron Hands|52\/100|[from] drain|[of] p2a: BEAR!!!\n|faint|p2a: BEAR!!!\n|\n|upkeep\n|turn|8\n|\n|t:|1699744322\n|move|p2b: DOG|Tera Blast|p1b: Iron Hands|[anim] Tera Blast Flying\n|-damage|p1b: Iron Hands|23\/100\n|move|p1b: Iron Hands|Wild Charge|p2b: DOG\n|-supereffective|p2b: DOG\n|-damage|p2b: DOG|0 fnt\n|faint|p2b: DOG\n|-damage|p1b: Iron Hands|3\/100|[from] Recoil\n|\n|win|CharlienoB\n|raw|CharlienoB's rating: 1112 &rarr; <strong>1133<\/strong><br \/>(+21 for winning)\n|raw|filthytrashgoblin's rating: 1056 &rarr; <strong>1041<\/strong><br \/>(-15 for losing)\n|l|\u2606filthytrashgoblin\n","uploadtime":1699744337,"views":23,"p1id":"charlienob","p2id":"filthytrashgoblin","formatid":"gen9vgc2023regulatione","rating":1041,"private":0,"password":""}