{"id":"gen9vgc2023regulatione-1998052094","p1":"Starest","p2":"Aussie732","format":"[Gen 9] VGC 2023 Regulation E","log":"|j|\u2606Starest\n|j|\u2606Aussie732\n|t:|1700884066\n|gametype|doubles\n|player|p1|Starest|266|1185\n|player|p2|Aussie732|1|1129\n|teamsize|p1|6\n|teamsize|p2|6\n|gen|9\n|tier|[Gen 9] VGC 2023 Regulation E\n|rated|\n|rule|Species Clause: Limit one of each Pok\u00e9mon\n|rule|Item Clause: Limit one of each item\n|clearpoke\n|poke|p1|Flutter Mane, L50|\n|poke|p1|Dondozo, L50, F|\n|poke|p1|Tatsugiri, L50, F|\n|poke|p1|Urshifu-*, L50, F|\n|poke|p1|Heatran, L50, F|\n|poke|p1|Rillaboom, L50, F|\n|poke|p2|Rabsca, L50, M|\n|poke|p2|Sinistcha, L50|\n|poke|p2|Golem-Alola, L50, F|\n|poke|p2|Dondozo, L50, M|\n|poke|p2|Iron Hands, L50|\n|poke|p2|Chien-Pao, L50|\n|teampreview|4\nAussie732 rejected open team sheets.\n|c|\u2606Starest|wow\n|inactive|Battle timer is ON: inactive players will automatically lose when time's up. (requested by Starest)\n|\n|t:|1700884098\n|start\n|switch|p1a: Dondozo|Dondozo, L50, F|100\/100\n|switch|p1b: Rillaboom|Rillaboom, L50, F, shiny|100\/100\n|switch|p2a: Chien-Pao|Chien-Pao, L50|100\/100\n|switch|p2b: Iron Hands|Iron Hands, L50|100\/100\n|-ability|p2a: Chien-Pao|Sword of Ruin\n|-fieldstart|move: Grassy Terrain|[from] ability: Grassy Surge|[of] p1b: Rillaboom\n|turn|1\n|\n|t:|1700884114\n|-terastallize|p1a: Dondozo|Dragon\n|move|p1b: Rillaboom|Fake Out|p2a: Chien-Pao\n|-damage|p2a: Chien-Pao|82\/100\n|move|p2b: Iron Hands|Fake Out|p1b: Rillaboom\n|-damage|p1b: Rillaboom|79\/100\n|cant|p2a: Chien-Pao|flinch\n|move|p1a: Dondozo|Wave Crash|p2a: Chien-Pao\n|-damage|p2a: Chien-Pao|10\/100\n|-damage|p1a: Dondozo|86\/100|[from] Recoil\n|\n|-heal|p2a: Chien-Pao|15\/100|[from] Grassy Terrain\n|-heal|p1b: Rillaboom|86\/100|[from] Grassy Terrain\n|-heal|p1a: Dondozo|92\/100|[from] Grassy Terrain\n|upkeep\n|turn|2\n|\n|t:|1700884134\n|switch|p1b: Tatsugiri|Tatsugiri, L50, F|100\/100\n|-activate|p1b: Tatsugiri|ability: Commander|[of] p1a: Dondozo\n|-boost|p1a: Dondozo|atk|2\n|-boost|p1a: Dondozo|spa|2\n|-boost|p1a: Dondozo|spe|2\n|-boost|p1a: Dondozo|def|2\n|-boost|p1a: Dondozo|spd|2\n|move|p2a: Chien-Pao|Ice Spinner|p1b: Tatsugiri|[miss]\n|-miss|p2a: Chien-Pao|p1b: Tatsugiri\n|move|p1a: Dondozo|Order Up|p2a: Chien-Pao\n|-damage|p2a: Chien-Pao|0 fnt\n|faint|p2a: Chien-Pao\n|-boost|p1a: Dondozo|atk|1\n|move|p2b: Iron Hands|Volt Switch|p1b: Tatsugiri|[miss]\n|-miss|p2b: Iron Hands|p1b: Tatsugiri\n|\n|-heal|p1a: Dondozo|99\/100|[from] Grassy Terrain\n|upkeep\n|\n|t:|1700884152\n|switch|p2a: Golem|Golem-Alola, L50, F|100\/100\n|turn|3\n|\n|t:|1700884174\n|move|p1a: Dondozo|Wave Crash|p2a: Golem\n|-supereffective|p2a: Golem\n|-damage|p2a: Golem|0 fnt\n|faint|p2a: Golem\n|-damage|p1a: Dondozo|74\/100|[from] Recoil\n|move|p2b: Iron Hands|Electric Terrain|p2b: Iron Hands\n|-fieldstart|move: Electric Terrain\n|-activate|p2b: Iron Hands|ability: Quark Drive\n|-start|p2b: Iron Hands|quarkdriveatk\n|\n|upkeep\n|\n|t:|1700884189\n|switch|p2a: Rabsca|Rabsca, L50, M, shiny|100\/100\n|turn|4\n|\n|t:|1700884213\n|move|p1a: Dondozo|Wave Crash|p2a: Rabsca\n|-damage|p2a: Rabsca|0 fnt\n|faint|p2a: Rabsca\n|-damage|p1a: Dondozo|51\/100|[from] Recoil\n|move|p2b: Iron Hands|Volt Switch|p1a: Dondozo\n|-resisted|p1a: Dondozo\n|-damage|p1a: Dondozo|47\/100\n|\n|upkeep\n|turn|5\n|\n|t:|1700884228\n|-terastallize|p2b: Iron Hands|Fighting\n|move|p1a: Dondozo|Wave Crash|p2b: Iron Hands\n|-damage|p2b: Iron Hands|25\/100\n|-enditem|p2b: Iron Hands|Aguav Berry|[eat]\n|-heal|p2b: Iron Hands|59\/100|[from] item: Aguav Berry\n|-damage|p1a: Dondozo|22\/100|[from] Recoil\n|move|p2b: Iron Hands|Drain Punch|p1a: Dondozo\n|-damage|p1a: Dondozo|0 fnt\n|-heal|p2b: Iron Hands|69\/100|[from] drain|[of] p1a: Dondozo\n|faint|p1a: Dondozo\n|\n|upkeep\n|\n|t:|1700884241\n|switch|p1a: Rillaboom|Rillaboom, L50, F, shiny|86\/100\n|-fieldstart|move: Grassy Terrain|[from] ability: Grassy Surge|[of] p1a: Rillaboom\n|-end|p2b: Iron Hands|Quark Drive\n|turn|6\n|\n|t:|1700884253\n|move|p1a: Rillaboom|Fake Out|p2b: Iron Hands\n|-damage|p2b: Iron Hands|61\/100\n|move|p1b: Tatsugiri|Draco Meteor|p2b: Iron Hands\n|-damage|p2b: Iron Hands|0 fnt\n|-unboost|p1b: Tatsugiri|spa|2\n|faint|p2b: Iron Hands\n|-end|p2b: Iron Hands|Quark Drive|[silent]\n|\n|win|Starest\n|raw|Starest's rating: 1185 &rarr; <strong>1206<\/strong><br \/>(+21 for winning)\n|raw|Aussie732's rating: 1129 &rarr; <strong>1108<\/strong><br \/>(-21 for losing)\n|l|\u2606Aussie732\n","uploadtime":1700884278,"views":2,"p1id":"starest","p2id":"aussie732","formatid":"gen9vgc2023regulatione","rating":1108,"private":0,"password":""}