{"id":"gen9vgc2023regulatione-1997409537","p1":"made of bliss","p2":"Munkidori D Luffy","format":"[Gen 9] VGC 2023 Regulation E","log":"|j|\u2606made of bliss\n|j|\u2606Munkidori D Luffy\n|t:|1700800673\n|gametype|doubles\n|player|p1|made of bliss|clair|\n|player|p2|Munkidori D Luffy|kieran|\n|teamsize|p1|6\n|teamsize|p2|6\n|gen|9\n|tier|[Gen 9] VGC 2023 Regulation E\n|rated|Tournament battle\n|rule|Species Clause: Limit one of each Pok\u00e9mon\n|rule|Item Clause: Limit one of each item\n|clearpoke\n|poke|p1|Glimmora, L50, M|\n|poke|p1|Gholdengo, L50|\n|poke|p1|Chien-Pao, L50|\n|poke|p1|Dragonite, L50, M|\n|poke|p1|Dondozo, L50, F|\n|poke|p1|Tatsugiri, L50, M|\n|poke|p2|Garchomp, L50, M|\n|poke|p2|Roaring Moon, L50|\n|poke|p2|Sinistcha, L50|\n|poke|p2|Gholdengo, L50|\n|poke|p2|Ogerpon-Cornerstone, L50, F|\n|poke|p2|Arcanine-Hisui, L50, F|\n|teampreview|4\n|showteam|p1|Glimmora||AirBalloon|ToxicDebris|SpikyShield,SludgeBomb,EnergyBall,EarthPower|||M|||50|,,,,,Water]Gholdengo||ChoiceScarf|GoodasGold|MakeItRain,ShadowBall,NastyPlot,Trick||||||50|,,,,,Steel]Chien-Pao||FocusSash|SwordofRuin|Protect,SuckerPunch,IceSpinner,LashOut||||||50|,,,,,Ghost]Dragonite||AssaultVest|InnerFocus|ExtremeSpeed,AerialAce,StompingTantrum,BrickBreak|||M|||50|,,,,,Normal]Dondozo||Leftovers|Unaware|Protect,OrderUp,WaveCrash,Rest|||F|||50|,,,,,Fairy]Tatsugiri||AbilityShield|Commander|Protect,DracoMeteor,MuddyWater,IcyWind|||M|||50|,,,,,Steel\n|showteam|p2|Garchomp||ClearAmulet|RoughSkin|SwordsDance,Protect,DragonClaw,Earthquake|||M|||50|,,,,,Steel]Roaring Moon||BoosterEnergy|Protosynthesis|Acrobatics,DragonClaw,Tailwind,KnockOff||||||50|,,,,,Flying]Sinistcha||RockyHelmet|Hospitality|MatchaGotcha,Hex,RagePowder,Protect||||||50|,,,,,Grass]Gholdengo||Leftovers|GoodasGold|Psyshock,MakeItRain,ShadowBall,NastyPlot||||||50|,,,,,Dragon]Ogerpon-Cornerstone||CornerstoneMask|Sturdy|IvyCudgel,HornLeech,SpikyShield,BrickBreak|||F|||50|,,,,,Rock]Arcanine-Hisui||AssaultVest|Intimidate|FlareBlitz,ExtremeSpeed,RockSlide,PsychicFangs|||F|||50|,,,,,Grass\n|inactive|Battle timer is ON: inactive players will automatically lose when time's up. (requested by made of bliss)\n|inactive|Munkidori D Luffy also wants the timer to be on.\n|j| Flarefox_7\n|c|\u2606made of bliss|hf\n|j| EmceeMikey\n|c|\u2606Munkidori D Luffy|gl\n|l| Flarefox_7\n|inactive|made of bliss has 60 seconds left.\n|\n|t:|1700800715\n|start\n|switch|p1a: Gholdengo|Gholdengo, L50|100\/100\n|switch|p1b: Glimmora|Glimmora, L50, M|100\/100\n|switch|p2a: Roaring Moon|Roaring Moon, L50|100\/100\n|switch|p2b: Garchomp|Garchomp, L50, M|100\/100\n|-item|p1b: Glimmora|Air Balloon\n|-enditem|p2a: Roaring Moon|Booster Energy\n|-activate|p2a: Roaring Moon|ability: Protosynthesis|[fromitem]\n|-start|p2a: Roaring Moon|protosynthesisspe\n|turn|1\n|j| 2cake\n|l| 2cake\n|\n|t:|1700800738\n|switch|p1a: Tatsugiri|Tatsugiri, L50, M|100\/100\n|switch|p1b: Dondozo|Dondozo, L50, F|100\/100\n|-activate|p1a: Tatsugiri|ability: Commander|[of] p1b: Dondozo\n|-boost|p1b: Dondozo|atk|2\n|-boost|p1b: Dondozo|spa|2\n|-boost|p1b: Dondozo|spe|2\n|-boost|p1b: Dondozo|def|2\n|-boost|p1b: Dondozo|spd|2\n|move|p2b: Garchomp|Protect|p2b: Garchomp\n|-singleturn|p2b: Garchomp|Protect\n|move|p2a: Roaring Moon|Tailwind|p2a: Roaring Moon\n|-sidestart|p2: Munkidori D Luffy|move: Tailwind\n|\n|upkeep\n|turn|2\n|inactive|made of bliss has 30 seconds left.\n|\n|t:|1700800767\n|-terastallize|p2b: Garchomp|Steel\n|move|p2a: Roaring Moon|Knock Off|p1b: Dondozo\n|-damage|p1b: Dondozo|85\/100\n|-enditem|p1b: Dondozo|Leftovers|[from] move: Knock Off|[of] p2a: Roaring Moon\n|move|p2b: Garchomp|Swords Dance|p2b: Garchomp\n|-boost|p2b: Garchomp|atk|2\n|move|p1b: Dondozo|Order Up|p2b: Garchomp\n|-resisted|p2b: Garchomp\n|-damage|p2b: Garchomp|81\/100\n|-boost|p1b: Dondozo|atk|1\n|\n|upkeep\n|turn|3\n|\n|t:|1700800790\n|move|p2a: Roaring Moon|Acrobatics|p1b: Dondozo\n|-damage|p1b: Dondozo|73\/100\n|move|p2b: Garchomp|Swords Dance|p2b: Garchomp\n|-boost|p2b: Garchomp|atk|2\n|move|p1b: Dondozo|Order Up|p2b: Garchomp\n|-resisted|p2b: Garchomp\n|-damage|p2b: Garchomp|59\/100\n|-boost|p1b: Dondozo|atk|1\n|\n|upkeep\n|turn|4\n|j| christianfinity\n|j| LaDiosalia\n|\n|t:|1700800808\n|move|p2a: Roaring Moon|Acrobatics|p1b: Dondozo\n|-damage|p1b: Dondozo|60\/100\n|move|p2b: Garchomp|Dragon Claw|p1b: Dondozo\n|-damage|p1b: Dondozo|47\/100\n|move|p1b: Dondozo|Order Up|p2a: Roaring Moon\n|-supereffective|p2a: Roaring Moon\n|-damage|p2a: Roaring Moon|0 fnt\n|faint|p2a: Roaring Moon\n|-end|p2a: Roaring Moon|Protosynthesis|[silent]\n|-boost|p1b: Dondozo|atk|1\n|\n|-sideend|p2: Munkidori D Luffy|move: Tailwind\n|upkeep\n|\n|t:|1700800816\n|switch|p2a: Gholdengo|Gholdengo, L50|100\/100\n|turn|5\n|\n|t:|1700800827\n|move|p1b: Dondozo|Protect|p1b: Dondozo\n|-singleturn|p1b: Dondozo|Protect\n|move|p2b: Garchomp|Protect|p2b: Garchomp\n|-singleturn|p2b: Garchomp|Protect\n|move|p2a: Gholdengo|Nasty Plot|p2a: Gholdengo\n|-boost|p2a: Gholdengo|spa|2\n|\n|upkeep\n|turn|6\n|j| Flarefox_7\n|\n|t:|1700800844\n|move|p1b: Dondozo|Wave Crash|p2b: Garchomp\n|-damage|p2b: Garchomp|0 fnt\n|-damage|p1b: Dondozo|35\/100|[from] ability: Rough Skin|[of] p2b: Garchomp\n|faint|p2b: Garchomp\n|-damage|p1b: Dondozo|18\/100|[from] Recoil\n|move|p2a: Gholdengo|Nasty Plot|p2a: Gholdengo\n|-boost|p2a: Gholdengo|spa|2\n|\n|upkeep\n|\n|t:|1700800848\n|switch|p2b: Arcanine|Arcanine-Hisui, L50, F|100\/100\n|-ability|p2b: Arcanine|Intimidate|boost\n|-unboost|p1a: Tatsugiri|atk|1\n|-unboost|p1b: Dondozo|atk|1\n|turn|7\n|j| UnzipsCrogre\n|\n|t:|1700800870\n|move|p1b: Dondozo|Wave Crash|p2a: Gholdengo\n|-damage|p2a: Gholdengo|0 fnt\n|faint|p2a: Gholdengo\n|-damage|p1b: Dondozo|0 fnt|[from] Recoil\n|faint|p1b: Dondozo\n|move|p2b: Arcanine|Rock Slide|p1a: Tatsugiri\n|-damage|p1a: Tatsugiri|31\/100\n|\n|upkeep\n|\n|t:|1700800880\n|switch|p1b: Glimmora|Glimmora, L50, M|100\/100\n|-item|p1b: Glimmora|Air Balloon\n|turn|8\n|l| EmceeMikey\n|\n|t:|1700800898\n|-terastallize|p1b: Glimmora|Water\n|move|p1b: Glimmora|Earth Power|p2b: Arcanine\n|-supereffective|p2b: Arcanine\n|-damage|p2b: Arcanine|9\/100\n|move|p1a: Tatsugiri|Draco Meteor|p2b: Arcanine\n|-damage|p2b: Arcanine|0 fnt\n|-unboost|p1a: Tatsugiri|spa|2\n|faint|p2b: Arcanine\n|\n|win|made of bliss\n|n|\u2606made of bliss|madeofbliss\n|n|\u2606Munkidori D Luffy|munkidoridluffy\n|n| christianfinity|christianfinity\n|n| LaDiosalia|ladiosalia\n|n| Flarefox_7|flarefox7\n|n| UnzipsCrogre|unzipscrogre\n","uploadtime":1700800900,"views":4,"p1id":"madeofbliss","p2id":"munkidoridluffy","formatid":"gen9vgc2023regulatione","rating":0,"private":0,"password":""}