{"id":"gen9vgc2023regulatione-1996758295","p1":"yungoos gang","p2":"Skyking17","format":"[Gen 9] VGC 2023 Regulation E","log":"|j|\u2606yungoos gang\n|j|\u2606Skyking17\n|t:|1700720251\n|gametype|doubles\n|player|p1|yungoos gang|265|1168\n|player|p2|Skyking17|ethan|1123\n|teamsize|p1|6\n|teamsize|p2|6\n|gen|9\n|tier|[Gen 9] VGC 2023 Regulation E\n|rated|\n|rule|Species Clause: Limit one of each Pok\u00e9mon\n|rule|Item Clause: Limit one of each item\n|clearpoke\n|poke|p1|Lurantis, L50, M|\n|poke|p1|Pelipper, L50, M|\n|poke|p1|Rillaboom, L50, M|\n|poke|p1|Inteleon, L50, M|\n|poke|p1|Raichu, L50, F|\n|poke|p1|Flutter Mane, L50|\n|poke|p2|Zoroark-Hisui, L50, F|\n|poke|p2|Ninetales, L50, F|\n|poke|p2|Tornadus, L50, M|\n|poke|p2|Heatran, L50, M|\n|poke|p2|Roaring Moon, L50|\n|poke|p2|Typhlosion, L50, F|\n|teampreview|4\n|\n|t:|1700720293\n|start\n|switch|p1a: Squirt|Inteleon, L50, M|100\/100\n|switch|p1b: Sprite|Lurantis, L50, M, shiny|100\/100\n|switch|p2a: Tornadus|Tornadus, L50, M|100\/100\n|switch|p2b: Typhlosion|Typhlosion, L50, F|100\/100\n|turn|1\n|\n|t:|1700720316\n|-terastallize|p1b: Sprite|Water\n|move|p2b: Typhlosion|Protect|p2b: Typhlosion\n|-singleturn|p2b: Typhlosion|Protect\n|move|p2a: Tornadus|Tailwind|p2a: Tornadus\n|-sidestart|p2: Skyking17|move: Tailwind\n|move|p1a: Squirt|Soak|p2b: Typhlosion\n|-activate|p2b: Typhlosion|move: Protect\n|move|p1b: Sprite|Superpower|p2a: Tornadus\n|-resisted|p2a: Tornadus\n|-damage|p2a: Tornadus|75\/100\n|-boost|p1b: Sprite|atk|1\n|-boost|p1b: Sprite|def|1\n|\n|upkeep\n|turn|2\n|\n|t:|1700720342\n|move|p1b: Sprite|Protect|p1b: Sprite\n|-singleturn|p1b: Sprite|Protect\n|move|p2a: Tornadus|Taunt|p1a: Squirt\n|-start|p1a: Squirt|move: Taunt\n|move|p2b: Typhlosion|Hyper Voice|p1a: Squirt|[spread] p1a\n|-activate|p1b: Sprite|move: Protect\n|-damage|p1a: Squirt|25\/100\n|-damage|p2b: Typhlosion|90\/100|[from] item: Life Orb\n|move|p1a: Squirt|Snipe Shot|p2b: Typhlosion\n|-damage|p2b: Typhlosion|0 fnt\n|replace|p2b: Zoroark|Zoroark-Hisui, L50, F\n|-end|p2b: Zoroark|Illusion\n|faint|p2b: Zoroark\n|\n|upkeep\n|\n|t:|1700720358\n|switch|p2b: Roaring Moon|Roaring Moon, L50|100\/100\n|-enditem|p2b: Roaring Moon|Booster Energy\n|-activate|p2b: Roaring Moon|ability: Protosynthesis|[fromitem]\n|-start|p2b: Roaring Moon|protosynthesisatk\n|turn|3\n|\n|t:|1700720375\n|move|p2b: Roaring Moon|Protect|p2b: Roaring Moon\n|-singleturn|p2b: Roaring Moon|Protect\n|move|p2a: Tornadus|Bleakwind Storm|p1b: Sprite|[spread] p1a,p1b\n|-damage|p1a: Squirt|0 fnt\n|-damage|p1b: Sprite|63\/100\n|-boost|p1b: Sprite|spe|1\n|faint|p1a: Squirt\n|move|p1b: Sprite|Superpower|p2b: Roaring Moon\n|-activate|p2b: Roaring Moon|move: Protect\n|\n|upkeep\n|\n|t:|1700720401\n|switch|p1a: Bellibber|Pelipper, L50, M|100\/100\n|-weather|RainDance|[from] ability: Drizzle|[of] p1a: Bellibber\n|turn|4\n|\n|t:|1700720411\n|-terastallize|p2b: Roaring Moon|Flying\n|move|p1a: Bellibber|Wide Guard|p1a: Bellibber\n|-singleturn|p1a: Bellibber|Wide Guard\n|move|p2a: Tornadus|Bleakwind Storm|p1b: Sprite|[spread] \n|-activate|p1a: Bellibber|move: Wide Guard\n|-activate|p1b: Sprite|move: Wide Guard\n|move|p2b: Roaring Moon|Acrobatics|p1a: Bellibber\n|-damage|p1a: Bellibber|37\/100\n|move|p1b: Sprite|Superpower|p2b: Roaring Moon\n|-resisted|p2b: Roaring Moon\n|-damage|p2b: Roaring Moon|62\/100\n|-boost|p1b: Sprite|atk|1\n|-boost|p1b: Sprite|def|1\n|\n|-weather|RainDance|[upkeep]\n|-sideend|p2: Skyking17|move: Tailwind\n|upkeep\n|turn|5\n|\n|t:|1700720435\n|move|p1b: Sprite|Protect|p1b: Sprite\n|-singleturn|p1b: Sprite|Protect\n|move|p2a: Tornadus|Sunny Day|p2a: Tornadus\n|-weather|SunnyDay\n|move|p2b: Roaring Moon|Acrobatics|p1a: Bellibber\n|-damage|p1a: Bellibber|0 fnt\n|faint|p1a: Bellibber\n|\n|-weather|SunnyDay|[upkeep]\n|upkeep\n|\n|t:|1700720443\n|switch|p1a: OOH OOH AHH AHH|Rillaboom, L50, M|100\/100\n|-fieldstart|move: Grassy Terrain|[from] ability: Grassy Surge|[of] p1a: OOH OOH AHH AHH\n|turn|6\n|inactive|Battle timer is ON: inactive players will automatically lose when time's up. (requested by Skyking17)\n|\n|t:|1700720458\n|move|p2b: Roaring Moon|Protect|p2b: Roaring Moon\n|-singleturn|p2b: Roaring Moon|Protect\n|move|p2a: Tornadus|Tailwind|p2a: Tornadus\n|-sidestart|p2: Skyking17|move: Tailwind\n|move|p1a: OOH OOH AHH AHH|Grassy Glide|p2b: Roaring Moon\n|-activate|p2b: Roaring Moon|move: Protect\n|move|p1b: Sprite|Grassy Glide|p2b: Roaring Moon\n|-activate|p2b: Roaring Moon|move: Protect\n|\n|-weather|SunnyDay|[upkeep]\n|-heal|p1b: Sprite|69\/100|[from] Grassy Terrain\n|upkeep\n|turn|7\n|\n|t:|1700720469\n|move|p1a: OOH OOH AHH AHH|Grassy Glide|p2b: Roaring Moon\n|-resisted|p2b: Roaring Moon\n|-damage|p2b: Roaring Moon|28\/100\n|-damage|p1a: OOH OOH AHH AHH|91\/100|[from] item: Life Orb\n|move|p1b: Sprite|Grassy Glide|p2b: Roaring Moon\n|-resisted|p2b: Roaring Moon\n|-damage|p2b: Roaring Moon|0 fnt\n|faint|p2b: Roaring Moon\n|-end|p2b: Roaring Moon|Protosynthesis|[silent]\n|move|p2a: Tornadus|Bleakwind Storm|p1b: Sprite|[spread] p1a,p1b\n|-supereffective|p1a: OOH OOH AHH AHH\n|-damage|p1a: OOH OOH AHH AHH|23\/100\n|-damage|p1b: Sprite|33\/100\n|-unboost|p1a: OOH OOH AHH AHH|spe|1\n|\n|-weather|SunnyDay|[upkeep]\n|-heal|p1b: Sprite|40\/100|[from] Grassy Terrain\n|-heal|p1a: OOH OOH AHH AHH|29\/100|[from] Grassy Terrain\n|upkeep\n|\n|t:|1700720477\n|switch|p2b: Typhlosion|Typhlosion, L50, F|100\/100\n|turn|8\n|\n|t:|1700720494\n|move|p2b: Typhlosion|Protect|p2b: Typhlosion\n|-singleturn|p2b: Typhlosion|Protect\n|move|p2a: Tornadus|Taunt|p1b: Sprite\n|-start|p1b: Sprite|move: Taunt\n|move|p1b: Sprite|Grassy Glide|p2b: Typhlosion\n|-activate|p2b: Typhlosion|move: Protect\n|move|p1a: OOH OOH AHH AHH|High Horsepower|p2b: Typhlosion\n|-activate|p2b: Typhlosion|move: Protect\n|\n|-weather|SunnyDay|[upkeep]\n|-heal|p1b: Sprite|46\/100|[from] Grassy Terrain\n|-heal|p1a: OOH OOH AHH AHH|35\/100|[from] Grassy Terrain\n|upkeep\n|turn|9\n|\n|t:|1700720512\n|move|p1b: Sprite|Grassy Glide|p2b: Typhlosion\n|-resisted|p2b: Typhlosion\n|-damage|p2b: Typhlosion|46\/100\n|move|p1a: OOH OOH AHH AHH|Grassy Glide|p2b: Typhlosion\n|-resisted|p2b: Typhlosion\n|-damage|p2b: Typhlosion|8\/100\n|-damage|p1a: OOH OOH AHH AHH|25\/100|[from] item: Life Orb\n|move|p2a: Tornadus|Bleakwind Storm|p1b: Sprite|[spread] p1a,p1b\n|-supereffective|p1a: OOH OOH AHH AHH\n|-damage|p1a: OOH OOH AHH AHH|0 fnt\n|-damage|p1b: Sprite|10\/100\n|-boost|p1b: Sprite|spe|1\n|-enditem|p1b: Sprite|Aguav Berry|[eat]\n|-heal|p1b: Sprite|43\/100|[from] item: Aguav Berry\n|faint|p1a: OOH OOH AHH AHH\n|move|p2b: Typhlosion|Eruption|p1b: Sprite\n|-resisted|p1b: Sprite\n|-damage|p1b: Sprite|38\/100\n|\n|-weather|none\n|-heal|p2b: Typhlosion|14\/100|[from] Grassy Terrain\n|-heal|p1b: Sprite|44\/100|[from] Grassy Terrain\n|-sideend|p2: Skyking17|move: Tailwind\n|upkeep\n|turn|10\n|\n|t:|1700720536\n|move|p2b: Typhlosion|Protect|p2b: Typhlosion\n|-singleturn|p2b: Typhlosion|Protect\n|move|p2a: Tornadus|Sunny Day|p2a: Tornadus\n|-weather|SunnyDay\n|move|p1b: Sprite|Knock Off|p2a: Tornadus\n|-damage|p2a: Tornadus|0 fnt\n|-enditem|p2a: Tornadus|Covert Cloak|[from] move: Knock Off|[of] p1b: Sprite\n|faint|p2a: Tornadus\n|\n|-weather|SunnyDay|[upkeep]\n|-heal|p2b: Typhlosion|20\/100|[from] Grassy Terrain\n|-heal|p1b: Sprite|50\/100|[from] Grassy Terrain\n|-end|p1b: Sprite|move: Taunt\n|-fieldend|move: Grassy Terrain\n|upkeep\n|turn|11\n|\n|t:|1700720547\n|move|p1b: Sprite|Protect|p1b: Sprite\n|-singleturn|p1b: Sprite|Protect\n|move|p2b: Typhlosion|Solar Beam||[still]\n|-prepare|p2b: Typhlosion|Solar Beam\n|-anim|p2b: Typhlosion|Solar Beam|p1b: Sprite\n|-activate|p1b: Sprite|move: Protect\n|\n|-weather|SunnyDay|[upkeep]\n|upkeep\n|turn|12\n|c|\u2606yungoos gang|gg!\n|\n|t:|1700720554\n|move|p2b: Typhlosion|Solar Beam||[still]\n|-prepare|p2b: Typhlosion|Solar Beam\n|-anim|p2b: Typhlosion|Solar Beam|p1b: Sprite\n|-supereffective|p1b: Sprite\n|-damage|p1b: Sprite|0 fnt\n|faint|p1b: Sprite\n|\n|win|Skyking17\n|raw|yungoos gang's rating: 1168 &rarr; <strong>1140<\/strong><br \/>(-28 for losing)\n|raw|Skyking17's rating: 1123 &rarr; <strong>1151<\/strong><br \/>(+28 for winning)\n|c|\u2606Skyking17|Gg\n|l|\u2606yungoos gang\n","uploadtime":1700720582,"views":5,"p1id":"yungoosgang","p2id":"skyking17","formatid":"gen9vgc2023regulatione","rating":1140,"private":0,"password":""}