{"id":"gen9vgc2023regulatione-1997780204","p1":"tealpens3","p2":"fubbernuckles","format":"[Gen 9] VGC 2023 Regulation E","log":"|j|\u2606tealpens3\n|j|\u203dfubbernuckles\n|t:|1700851870\n|gametype|doubles\n|player|p1|tealpens3|2|1267\n|player|p2|fubbernuckles|marlon|1222\n|teamsize|p1|6\n|teamsize|p2|6\n|gen|9\n|tier|[Gen 9] VGC 2023 Regulation E\n|rated|\n|rule|Species Clause: Limit one of each Pok\u00e9mon\n|rule|Item Clause: Limit one of each item\n|clearpoke\n|poke|p1|Gothitelle, L50, F|\n|poke|p1|Urshifu-*, L50, M|\n|poke|p1|Rillaboom, L50, M|\n|poke|p1|Flutter Mane, L50|\n|poke|p1|Dragonite, L50, F|\n|poke|p1|Chien-Pao, L50|\n|poke|p2|Arcanine-Hisui, L50, F|\n|poke|p2|Gastrodon, L50, M|\n|poke|p2|Kingambit, L50, F|\n|poke|p2|Flutter Mane, L50|\n|poke|p2|Tornadus, L50, M|\n|poke|p2|Enamorus, L50, F|\n|teampreview|4\n|inactive|Battle timer is ON: inactive players will automatically lose when time's up. (requested by fubbernuckles)\n|inactive|tealpens3 has 60 seconds left.\n|\n|t:|1700851912\n|start\n|switch|p1a: Gothitelle|Gothitelle, L50, F|100\/100\n|switch|p1b: Urshifu|Urshifu-Rapid-Strike, L50, M|100\/100\n|switch|p2a: Arcanine|Arcanine-Hisui, L50, F, shiny|100\/100\n|switch|p2b: Gastrodon|Gastrodon, L50, M|100\/100\n|turn|1\n|inactive|tealpens3 has 30 seconds left.\n|inactive|tealpens3 has 20 seconds left.\n|inactive|tealpens3 has 15 seconds left.\n|inactive|tealpens3 has 10 seconds left.\n|\n|t:|1700851958\n|move|p1a: Gothitelle|Fake Out|p2a: Arcanine\n|-resisted|p2a: Arcanine\n|-damage|p2a: Arcanine|97\/100\n|move|p1b: Urshifu|Close Combat|p2b: Gastrodon\n|-damage|p2b: Gastrodon|44\/100\n|-unboost|p1b: Urshifu|def|1\n|-unboost|p1b: Urshifu|spd|1\n|cant|p2a: Arcanine|flinch\n|move|p2b: Gastrodon|Yawn|p1a: Gothitelle\n|-start|p1a: Gothitelle|move: Yawn|[of] p2b: Gastrodon\n|\n|-heal|p2b: Gastrodon|50\/100|[from] item: Leftovers\n|upkeep\n|turn|2\n|inactive|tealpens3 has 30 seconds left.\n|\n|t:|1700851990\n|switch|p1a: Dragonite|Dragonite, L50, F|100\/100\n|move|p2b: Gastrodon|Protect|p2b: Gastrodon\n|-singleturn|p2b: Gastrodon|Protect\n|move|p1b: Urshifu|Close Combat|p2a: Arcanine\n|-supereffective|p2a: Arcanine\n|-damage|p2a: Arcanine|0 fnt\n|-unboost|p1b: Urshifu|def|1\n|-unboost|p1b: Urshifu|spd|1\n|faint|p2a: Arcanine\n|\n|-heal|p2b: Gastrodon|56\/100|[from] item: Leftovers\n|upkeep\n|\n|t:|1700852004\n|switch|p2a: Enamorus|Enamorus, L50, F|100\/100\n|turn|3\n|\n|t:|1700852015\n|switch|p1b: Chien-Pao|Chien-Pao, L50|100\/100\n|-ability|p1b: Chien-Pao|Sword of Ruin\n|-terastallize|p1a: Dragonite|Normal\n|move|p1a: Dragonite|Extreme Speed|p2b: Gastrodon\n|-damage|p2b: Gastrodon|0 fnt\n|faint|p2b: Gastrodon\n|move|p2a: Enamorus|Superpower|p1b: Chien-Pao\n|-supereffective|p1b: Chien-Pao\n|-enditem|p1b: Chien-Pao|Focus Sash\n|-damage|p1b: Chien-Pao|1\/100\n|-boost|p2a: Enamorus|atk|1\n|-boost|p2a: Enamorus|def|1\n|\n|upkeep\n|\n|t:|1700852026\n|switch|p2b: Kingambit|Kingambit, L50, F|100\/100\n|-activate|p2b: Kingambit|ability: Supreme Overlord\n|-start|p2b: Kingambit|fallen2|[silent]\n|turn|4\n|c|\u2606tealpens3|damn!\n|inactive|tealpens3 has 30 seconds left.\n|\n|t:|1700852053\n|-terastallize|p2a: Enamorus|Fairy\n|move|p1b: Chien-Pao|Protect|p1b: Chien-Pao\n|-singleturn|p1b: Chien-Pao|Protect\n|move|p1a: Dragonite|Extreme Speed|p2a: Enamorus\n|-damage|p2a: Enamorus|6\/100\n|move|p2b: Kingambit|Sucker Punch||[still]\n|-fail|p2b: Kingambit\n|move|p2a: Enamorus|Superpower|p1a: Dragonite\n|-supereffective|p1a: Dragonite\n|-damage|p1a: Dragonite|0 fnt\n|-boost|p2a: Enamorus|atk|1\n|-boost|p2a: Enamorus|def|1\n|faint|p1a: Dragonite\n|\n|upkeep\n|\n|t:|1700852069\n|switch|p1a: Gothitelle|Gothitelle, L50, F|100\/100\n|turn|5\n|\n|t:|1700852089\n|move|p2a: Enamorus|Protect|p2a: Enamorus\n|-singleturn|p2a: Enamorus|Protect\n|move|p1a: Gothitelle|Fake Out|p2b: Kingambit\n|-resisted|p2b: Kingambit\n|-damage|p2b: Kingambit|98\/100\n|move|p1b: Chien-Pao|Sucker Punch||[still]\n|-fail|p1b: Chien-Pao\n|cant|p2b: Kingambit|flinch\n|\n|upkeep\n|turn|6\n|inactive|tealpens3 has 30 seconds left.\n|\n|t:|1700852119\n|move|p1b: Chien-Pao|Protect|p1b: Chien-Pao\n|-singleturn|p1b: Chien-Pao|Protect\n|move|p2a: Enamorus|Protect||[still]\n|-fail|p2a: Enamorus\n|move|p1a: Gothitelle|Psychic|p2a: Enamorus\n|-damage|p2a: Enamorus|0 fnt\n|faint|p2a: Enamorus\n|move|p2b: Kingambit|Kowtow Cleave|p1a: Gothitelle\n|-supereffective|p1a: Gothitelle\n|-damage|p1a: Gothitelle|0 fnt\n|faint|p1a: Gothitelle\n|\n|upkeep\n|\n|t:|1700852128\n|switch|p1a: Urshifu|Urshifu-Rapid-Strike, L50, M|100\/100\n|turn|7\n|\n|t:|1700852144\n|move|p2b: Kingambit|Sucker Punch|p1a: Urshifu\n|-resisted|p1a: Urshifu\n|-damage|p1a: Urshifu|59\/100\n|move|p1a: Urshifu|Close Combat|p2b: Kingambit\n|-supereffective|p2b: Kingambit\n|-crit|p2b: Kingambit\n|-damage|p2b: Kingambit|0 fnt\n|-unboost|p1a: Urshifu|def|1\n|-unboost|p1a: Urshifu|spd|1\n|faint|p2b: Kingambit\n|-end|p2b: Kingambit|fallen2|[silent]\n|\n|win|tealpens3\n|raw|tealpens3's rating: 1267 &rarr; <strong>1289<\/strong><br \/>(+22 for winning)\n|raw|fubbernuckles's rating: 1222 &rarr; <strong>1200<\/strong><br \/>(-22 for losing)\n|c|\u2606tealpens3|gg\n|l|\u203dfubbernuckles\n","uploadtime":1700852155,"views":19,"p1id":"tealpens3","p2id":"fubbernuckles","formatid":"gen9vgc2023regulatione","rating":1200,"private":0,"password":""}