{"id":"gen9vgc2023regulatione-1988721315","p1":"Max358","p2":"NekrosM0S","format":"[Gen 9] VGC 2023 Regulation E","log":"|j|\u2606Max358\n|j|\u2606NekrosM0S\n|t:|1699754784\n|gametype|doubles\n|player|p1|Max358|101|1115\n|player|p2|NekrosM0S|colress|1118\n|teamsize|p1|6\n|teamsize|p2|6\n|gen|9\n|tier|[Gen 9] VGC 2023 Regulation E\n|rated|\n|rule|Species Clause: Limit one of each Pok\u00e9mon\n|rule|Item Clause: Limit one of each item\n|clearpoke\n|poke|p1|Urshifu-*, L50, M|\n|poke|p1|Arcanine-Hisui, L50, M|\n|poke|p1|Amoonguss, L50, M|\n|poke|p1|Gholdengo, L50|\n|poke|p1|Iron Hands, L50|\n|poke|p1|Flutter Mane, L50|\n|poke|p2|Iron Moth, L50|\n|poke|p2|Flutter Mane, L50|\n|poke|p2|Iron Hands, L50|\n|poke|p2|Landorus-Therian, L50, M|\n|poke|p2|Ogerpon-Cornerstone, L50, F|\n|poke|p2|Gholdengo, L50|\n|teampreview|4\n|\n|t:|1699754807\n|start\n|switch|p1a: Amoonguss|Amoonguss, L50, M|100\/100\n|switch|p1b: Flutter Mane|Flutter Mane, L50|100\/100\n|switch|p2a: Iron Hands|Iron Hands, L50, shiny|100\/100\n|switch|p2b: Flutter Mane|Flutter Mane, L50, shiny|100\/100\n|turn|1\n|\n|t:|1699754824\n|move|p2a: Iron Hands|Fake Out|p1a: Amoonguss\n|-damage|p1a: Amoonguss|83\/100\n|cant|p1a: Amoonguss|flinch\n|move|p1b: Flutter Mane|Dazzling Gleam|p2a: Iron Hands|[spread] p2a,p2b\n|-supereffective|p2a: Iron Hands\n|-damage|p2a: Iron Hands|68\/100\n|-damage|p2b: Flutter Mane|67\/100\n|move|p2b: Flutter Mane|Shadow Ball|p1b: Flutter Mane\n|-supereffective|p1b: Flutter Mane\n|-damage|p1b: Flutter Mane|0 fnt\n|faint|p1b: Flutter Mane\n|-end|p1b: Flutter Mane|Protosynthesis|[silent]\n|\n|-heal|p1a: Amoonguss|89\/100|[from] item: Black Sludge\n|upkeep\n|\n|t:|1699754835\n|switch|p1b: Urshifu|Urshifu-Rapid-Strike, L50, M|100\/100\n|turn|2\n|\n|t:|1699754855\n|-end|p2b: Flutter Mane|Protosynthesis|[silent]\n|switch|p2b: Landorus|Landorus-Therian, L50, M|100\/100\n|-ability|p2b: Landorus|Intimidate|boost\n|-unboost|p1a: Amoonguss|atk|1\n|-unboost|p1b: Urshifu|atk|1\n|move|p1a: Amoonguss|Rage Powder|p1a: Amoonguss\n|-singleturn|p1a: Amoonguss|move: Rage Powder\n|move|p1b: Urshifu|Surging Strikes|p2b: Landorus\n|-supereffective|p2b: Landorus\n|-crit|p2b: Landorus\n|-damage|p2b: Landorus|30\/100\n|-supereffective|p2b: Landorus\n|-crit|p2b: Landorus\n|-damage|p2b: Landorus|0 fnt\n|faint|p2b: Landorus\n|-hitcount|p2: Landorus|2\n|-damage|p1b: Urshifu|91\/100|[from] item: Life Orb\n|move|p2a: Iron Hands|Wild Charge|p1a: Amoonguss\n|-resisted|p1a: Amoonguss\n|-damage|p1a: Amoonguss|62\/100\n|-damage|p2a: Iron Hands|62\/100|[from] Recoil\n|\n|-heal|p1a: Amoonguss|68\/100|[from] item: Black Sludge\n|upkeep\n|\n|t:|1699754872\n|switch|p2b: Flutter Mane|Flutter Mane, L50, shiny|67\/100\n|turn|3\n|\n|t:|1699754887\n|-terastallize|p2b: Flutter Mane|Fairy\n|move|p1a: Amoonguss|Rage Powder|p1a: Amoonguss\n|-singleturn|p1a: Amoonguss|move: Rage Powder\n|move|p2b: Flutter Mane|Dazzling Gleam|p1a: Amoonguss|[spread] p1a,p1b\n|-resisted|p1a: Amoonguss\n|-supereffective|p1b: Urshifu\n|-damage|p1a: Amoonguss|47\/100\n|-damage|p1b: Urshifu|0 fnt\n|faint|p1b: Urshifu\n|move|p2a: Iron Hands|Drain Punch|p1a: Amoonguss\n|-resisted|p1a: Amoonguss\n|-damage|p1a: Amoonguss|25\/100\n|-heal|p2a: Iron Hands|72\/100|[from] drain|[of] p1a: Amoonguss\n|\n|-heal|p1a: Amoonguss|31\/100|[from] item: Black Sludge\n|upkeep\n|\n|t:|1699754894\n|switch|p1b: Arcanine|Arcanine-Hisui, L50, M|100\/100\n|-ability|p1b: Arcanine|Intimidate|boost\n|-unboost|p2a: Iron Hands|atk|1\n|-unboost|p2b: Flutter Mane|atk|1\n|-item|p1b: Arcanine|Air Balloon\n|turn|4\n|\n|t:|1699754909\n|move|p1a: Amoonguss|Rage Powder|p1a: Amoonguss\n|-singleturn|p1a: Amoonguss|move: Rage Powder\n|move|p2b: Flutter Mane|Dazzling Gleam|p1b: Arcanine|[spread] p1a,p1b\n|-resisted|p1a: Amoonguss\n|-resisted|p1b: Arcanine\n|-damage|p1a: Amoonguss|9\/100\n|-damage|p1b: Arcanine|58\/100\n|-enditem|p1b: Arcanine|Air Balloon\n|move|p1b: Arcanine|Rock Slide|p2a: Iron Hands|[spread] p2b\n|-miss|p1b: Arcanine|p2a: Iron Hands\n|-damage|p2b: Flutter Mane|17\/100\n|move|p2a: Iron Hands|Drain Punch|p1a: Amoonguss\n|-resisted|p1a: Amoonguss\n|-damage|p1a: Amoonguss|0 fnt\n|-heal|p2a: Iron Hands|76\/100|[from] drain|[of] p1a: Amoonguss\n|faint|p1a: Amoonguss\n|\n|upkeep\n|turn|5\n|\n|t:|1699754926\n|-terastallize|p1b: Arcanine|Water\n|move|p2b: Flutter Mane|Dazzling Gleam|p1b: Arcanine\n|-damage|p1b: Arcanine|0 fnt\n|faint|p1b: Arcanine\n|\n|win|NekrosM0S\n|raw|Max358's rating: 1115 &rarr; <strong>1090<\/strong><br \/>(-25 for losing)\n|raw|NekrosM0S's rating: 1118 &rarr; <strong>1143<\/strong><br \/>(+25 for winning)\n","uploadtime":1699754934,"views":18,"p1id":"max358","p2id":"nekrosm0s","formatid":"gen9vgc2023regulatione","rating":1090,"private":0,"password":""}