{"id":"gen9vgc2023regulatione-1994954313","p1":"DomsDome","p2":"shu0910","format":"[Gen 9] VGC 2023 Regulation E","log":"|j|\u2606DomsDome\n|j|\u2606shu0910\n|t:|1700507766\n|gametype|doubles\n|player|p1|DomsDome|266|\n|player|p2|shu0910|larry|\n|teamsize|p1|6\n|teamsize|p2|6\n|gen|9\n|tier|[Gen 9] VGC 2023 Regulation E\n|rule|Species Clause: Limit one of each Pok\u00e9mon\n|rule|Item Clause: Limit one of each item\n|clearpoke\n|poke|p1|Meowscarada, L50, M|\n|poke|p1|Hydreigon, L50, M|\n|poke|p1|Indeedee-F, L50, F|\n|poke|p1|Dusclops, L50, M|\n|poke|p1|Glastrier, L50|\n|poke|p1|Crawdaunt, L50, M|\n|poke|p2|Zapdos-Galar, L50|\n|poke|p2|Trevenant, L50, F|\n|poke|p2|Dragapult, L50, M|\n|poke|p2|Glimmora, L50, F|\n|poke|p2|Grimmsnarl, L50, M|\n|poke|p2|Rotom-Wash, L50|\n|teampreview|4\n|c|\u2606DomsDome|glhf\n|c|\u2606shu0910|glhf\n|\n|t:|1700507802\n|start\n|switch|p1a: Indeedee|Indeedee-F, L50, F|100\/100\n|switch|p1b: Dusclops|Dusclops, L50, M|100\/100\n|switch|p2a: ur weird uncle|Grimmsnarl, L50, M|100\/100\n|switch|p2b: Its brittany bitch|Glimmora, L50, F|100\/100\n|-fieldstart|move: Psychic Terrain|[from] ability: Psychic Surge|[of] p1a: Indeedee\n|-item|p2a: ur weird uncle|Light Clay|[from] ability: Frisk|[of] p1b: Dusclops|[identify]\n|-item|p2b: Its brittany bitch|Assault Vest|[from] ability: Frisk|[of] p1b: Dusclops|[identify]\n|turn|1\n|c|\u2606DomsDome|nice screens :P\n|c|\u2606shu0910|oh god\n|\n|t:|1700507833\n|move|p1a: Indeedee|Follow Me|p1a: Indeedee\n|-singleturn|p1a: Indeedee|move: Follow Me\n|move|p2a: ur weird uncle|Light Screen|p2a: ur weird uncle\n|-sidestart|p2: shu0910|move: Light Screen\n|move|p2b: Its brittany bitch|Mortal Spin|p1b: Dusclops|[spread] p1a,p1b\n|-resisted|p1b: Dusclops\n|-damage|p1a: Indeedee|92\/100\n|-damage|p1b: Dusclops|99\/100\n|-status|p1a: Indeedee|psn\n|-status|p1b: Dusclops|psn\n|move|p1b: Dusclops|Trick Room|p1b: Dusclops\n|-fieldstart|move: Trick Room|[of] p1b: Dusclops\n|\n|-damage|p1b: Dusclops|87\/100 psn|[from] psn\n|-damage|p1a: Indeedee|79\/100 psn|[from] psn\n|upkeep\n|turn|2\n|\n|t:|1700507918\n|switch|p2a: CPS|Dragapult, L50, M|100\/100\n|move|p1b: Dusclops|Brick Break|p2b: Its brittany bitch\n|-sideend|p2: shu0910|move: Light Screen\n|-damage|p2b: Its brittany bitch|85\/100\n|-activate|p2b: Its brittany bitch|ability: Toxic Debris\n|-sidestart|p1: DomsDome|move: Toxic Spikes\n|move|p1a: Indeedee|Dazzling Gleam|p2a: CPS|[spread] p2a,p2b\n|-supereffective|p2a: CPS\n|-resisted|p2b: Its brittany bitch\n|-damage|p2a: CPS|53\/100\n|-damage|p2b: Its brittany bitch|76\/100\n|move|p2b: Its brittany bitch|Sludge Bomb|p1a: Indeedee\n|-damage|p1a: Indeedee|26\/100 psn\n|\n|-damage|p1b: Dusclops|75\/100 psn|[from] psn\n|-damage|p1a: Indeedee|14\/100 psn|[from] psn\n|upkeep\n|turn|3\n|\n|t:|1700508019\n|move|p2a: CPS|Protect|p2a: CPS\n|-singleturn|p2a: CPS|Protect\n|move|p1b: Dusclops|Will-O-Wisp|p2a: CPS\n|-activate|p2a: CPS|move: Protect\n|move|p1a: Indeedee|Dazzling Gleam|p2b: Its brittany bitch|[spread] p2b\n|-activate|p2a: CPS|move: Protect\n|-resisted|p2b: Its brittany bitch\n|-damage|p2b: Its brittany bitch|67\/100\n|move|p2b: Its brittany bitch|Dazzling Gleam|p1a: Indeedee|[spread] p1a,p1b\n|-damage|p1a: Indeedee|0 fnt\n|-damage|p1b: Dusclops|64\/100 psn\n|faint|p1a: Indeedee\n|\n|-damage|p1b: Dusclops|52\/100 psn|[from] psn\n|upkeep\n|\n|t:|1700508052\n|switch|p1a: Crawdaunt|Crawdaunt, L50, M|100\/100\n|-status|p1a: Crawdaunt|psn\n|turn|4\n|\n|t:|1700508081\n|switch|p2a: ur weird uncle|Grimmsnarl, L50, M|100\/100\n|-terastallize|p2b: Its brittany bitch|Poison\n|move|p1b: Dusclops|Will-O-Wisp|p2a: ur weird uncle\n|-status|p2a: ur weird uncle|brn\n|move|p1a: Crawdaunt|Crabhammer|p2b: Its brittany bitch\n|-crit|p2b: Its brittany bitch\n|-damage|p2b: Its brittany bitch|0 fnt\n|-activate|p2b: Its brittany bitch|ability: Toxic Debris\n|-sidestart|p1: DomsDome|move: Toxic Spikes\n|faint|p2b: Its brittany bitch\n|\n|-damage|p1b: Dusclops|39\/100 psn|[from] psn\n|-damage|p1a: Crawdaunt|88\/100 psn|[from] psn\n|-damage|p2a: ur weird uncle|95\/100 brn|[from] brn\n|upkeep\n|c|\u2606shu0910|thats so fucked without the crit i live\n|\n|t:|1700508104\n|switch|p2b: CPS|Dragapult, L50, M|53\/100\n|turn|5\n|\n|t:|1700508139\n|move|p2b: CPS|Protect|p2b: CPS\n|-singleturn|p2b: CPS|Protect\n|move|p2a: ur weird uncle|Reflect|p2a: ur weird uncle\n|-sidestart|p2: shu0910|Reflect\n|move|p1b: Dusclops|Brick Break|p2a: ur weird uncle\n|-sideend|p2: shu0910|Reflect\n|-damage|p2a: ur weird uncle|79\/100 brn\n|move|p1a: Crawdaunt|Crunch|p2b: CPS\n|-activate|p2b: CPS|move: Protect\n|\n|-damage|p1b: Dusclops|27\/100 psn|[from] psn\n|-damage|p1a: Crawdaunt|76\/100 psn|[from] psn\n|-damage|p2a: ur weird uncle|73\/100 brn|[from] brn\n|-fieldend|move: Trick Room\n|-fieldend|move: Psychic Terrain\n|upkeep\n|turn|6\n|\n|t:|1700508232\n|move|p2a: ur weird uncle|Reflect|p2a: ur weird uncle\n|-sidestart|p2: shu0910|Reflect\n|move|p2b: CPS|Dragon Darts|p1b: Dusclops\n|-damage|p1b: Dusclops|14\/100 psn\n|-anim|p2b: CPS|Dragon Darts|p1a: Crawdaunt\n|-damage|p1a: Crawdaunt|47\/100 psn\n|move|p1a: Crawdaunt|Crunch|p2b: CPS\n|-supereffective|p2b: CPS\n|-damage|p2b: CPS|0 fnt\n|faint|p2b: CPS\n|move|p1b: Dusclops|Will-O-Wisp|p2a: ur weird uncle\n|-fail|p2a: ur weird uncle|brn\n|\n|-damage|p1a: Crawdaunt|35\/100 psn|[from] psn\n|-damage|p1b: Dusclops|2\/100 psn|[from] psn\n|-damage|p2a: ur weird uncle|67\/100 brn|[from] brn\n|upkeep\n|\n|t:|1700508245\n|switch|p2b: Roadrunner|Zapdos-Galar, L50|100\/100\n|turn|7\n|\n|t:|1700508309\n|move|p2a: ur weird uncle|Light Screen|p2a: ur weird uncle\n|-sidestart|p2: shu0910|move: Light Screen\n|move|p1a: Crawdaunt|Aqua Jet|p2b: Roadrunner\n|-damage|p2b: Roadrunner|76\/100\n|move|p2b: Roadrunner|Thunderous Kick|p1a: Crawdaunt\n|-supereffective|p1a: Crawdaunt\n|-damage|p1a: Crawdaunt|0 fnt\n|faint|p1a: Crawdaunt\n|move|p1b: Dusclops|Will-O-Wisp|p2b: Roadrunner\n|-status|p2b: Roadrunner|brn\n|\n|-damage|p1b: Dusclops|0 fnt|[from] psn\n|faint|p1b: Dusclops\n|-damage|p2b: Roadrunner|70\/100 brn|[from] brn\n|-damage|p2a: ur weird uncle|61\/100 brn|[from] brn\n|upkeep\n|\n|t:|1700508324\n|switch|p1b: Glastrier|Glastrier, L50|100\/100\n|-status|p1b: Glastrier|tox\n|turn|8\n|\n|t:|1700508339\n|-terastallize|p1b: Glastrier|Water\n|move|p2a: ur weird uncle|Parting Shot|p1b: Glastrier\n|-unboost|p1b: Glastrier|atk|1\n|-unboost|p1b: Glastrier|spa|1\n|move|p2b: Roadrunner|Thunderous Kick|p1b: Glastrier\n|-damage|p1b: Glastrier|76\/100 tox\n|-unboost|p1b: Glastrier|def|1\n|move|p1b: Glastrier|Icicle Crash|p2b: Roadrunner|[miss]\n|-miss|p1b: Glastrier|p2b: Roadrunner\n|\n|-damage|p1b: Glastrier|71\/100 tox|[from] psn\n|-damage|p2b: Roadrunner|64\/100 brn|[from] brn\n|-damage|p2a: ur weird uncle|55\/100 brn|[from] brn\n|upkeep\n|turn|9\n|\n|t:|1700508357\n|move|p2a: ur weird uncle|Parting Shot|p1b: Glastrier\n|-unboost|p1b: Glastrier|atk|1\n|-unboost|p1b: Glastrier|spa|1\n|move|p2b: Roadrunner|Thunderous Kick|p1b: Glastrier\n|-damage|p1b: Glastrier|36\/100 tox\n|-unboost|p1b: Glastrier|def|1\n|-enditem|p1b: Glastrier|Sitrus Berry|[eat]\n|-heal|p1b: Glastrier|61\/100 tox|[from] item: Sitrus Berry\n|move|p1b: Glastrier|Icicle Crash|p2b: Roadrunner\n|-supereffective|p2b: Roadrunner\n|-damage|p2b: Roadrunner|25\/100 brn\n|\n|-damage|p1b: Glastrier|49\/100 tox|[from] psn\n|-damage|p2b: Roadrunner|19\/100 brn|[from] brn\n|-damage|p2a: ur weird uncle|49\/100 brn|[from] brn\n|upkeep\n|turn|10\n|\n|t:|1700508388\n|move|p2a: ur weird uncle|Parting Shot|p1b: Glastrier\n|-unboost|p1b: Glastrier|atk|1\n|-unboost|p1b: Glastrier|spa|1\n|move|p2b: Roadrunner|Thunderous Kick|p1b: Glastrier\n|-damage|p1b: Glastrier|6\/100 tox\n|-unboost|p1b: Glastrier|def|1\n|move|p1b: Glastrier|Icicle Crash|p2b: Roadrunner\n|-supereffective|p2b: Roadrunner\n|-damage|p2b: Roadrunner|0 fnt\n|faint|p2b: Roadrunner\n|-ability|p1b: Glastrier|Chilling Neigh|boost\n|-boost|p1b: Glastrier|atk|1\n|\n|-damage|p1b: Glastrier|0 fnt|[from] psn\n|faint|p1b: Glastrier\n|\n|win|shu0910\n|upkeep\n|c|\u2606shu0910|gg\n|c|\u2606DomsDome|mad at myself\n","uploadtime":1700509262,"views":3,"p1id":"domsdome","p2id":"shu0910","formatid":"gen9vgc2023regulatione","rating":0,"private":0,"password":""}