{"id":"gen9vgc2023regulatione-1992235751","p1":"nastyman21","p2":"Mega weison","format":"[Gen 9] VGC 2023 Regulation E","log":"|j|\u2606nastyman21\n|j|\u2606Mega weison\n|t:|1700166385\n|gametype|doubles\n|player|p1|nastyman21|clerk-boss|1079\n|player|p2|Mega weison|169|1062\n|teamsize|p1|6\n|teamsize|p2|6\n|gen|9\n|tier|[Gen 9] VGC 2023 Regulation E\n|rated|\n|rule|Species Clause: Limit one of each Pok\u00e9mon\n|rule|Item Clause: Limit one of each item\n|clearpoke\n|poke|p1|Ursaluna-Bloodmoon, L50, M|\n|poke|p1|Sinistcha-Masterpiece, L50|\n|poke|p1|Flutter Mane, L50|\n|poke|p1|Iron Hands, L50|\n|poke|p1|Arcanine-Hisui, L50, M|\n|poke|p1|Chi-Yu, L50|\n|poke|p2|Iron Hands, L50|\n|poke|p2|Farigiraf, L50, F|\n|poke|p2|Heatran, L50, F|\n|poke|p2|Landorus-Therian, L50, M|\n|poke|p2|Flutter Mane, L50|\n|poke|p2|Urshifu-*, L50, M|\n|teampreview|4\n|inactive|Battle timer is ON: inactive players will automatically lose when time's up. (requested by nastyman21)\n|inactive|nastyman21 has 60 seconds left.\n|inactive|Mega weison has 60 seconds left.\n|inactive|nastyman21 has 30 seconds left.\n|\n|t:|1700166453\n|start\n|switch|p1a: Iron Hands|Iron Hands, L50|100\/100\n|switch|p1b: Flutter Mane|Flutter Mane, L50|100\/100\n|switch|p2a: Landorus|Landorus-Therian, L50, M|100\/100\n|switch|p2b: Heatran|Heatran, L50, F|100\/100\n|-ability|p2a: Landorus|Intimidate|boost\n|-unboost|p1a: Iron Hands|atk|1\n|-unboost|p1b: Flutter Mane|atk|1\n|turn|1\n|inactive|nastyman21 has 30 seconds left.\n|inactive|Mega weison has 30 seconds left.\n|\n|t:|1700166481\n|move|p1a: Iron Hands|Fake Out|p2a: Landorus\n|-damage|p2a: Landorus|90\/100\n|cant|p2a: Landorus|flinch\n|move|p1b: Flutter Mane|Shadow Ball|p2b: Heatran\n|-damage|p2b: Heatran|44\/100\n|move|p2b: Heatran|Heat Wave|p1a: Iron Hands|[spread] p1a,p1b\n|-damage|p1a: Iron Hands|81\/100\n|-damage|p1b: Flutter Mane|62\/100\n|\n|-heal|p2b: Heatran|50\/100|[from] item: Leftovers\n|upkeep\n|turn|2\n|\n|t:|1700166499\n|move|p2a: Landorus|Stomping Tantrum|p1b: Flutter Mane\n|-damage|p1b: Flutter Mane|0 fnt\n|faint|p1b: Flutter Mane\n|-end|p1b: Flutter Mane|Protosynthesis|[silent]\n|move|p2b: Heatran|Earth Power|p1a: Iron Hands\n|-supereffective|p1a: Iron Hands\n|-damage|p1a: Iron Hands|48\/100\n|move|p1a: Iron Hands|Drain Punch|p2b: Heatran\n|-supereffective|p2b: Heatran\n|-crit|p2b: Heatran\n|-damage|p2b: Heatran|0 fnt\n|-heal|p1a: Iron Hands|68\/100|[from] drain|[of] p2b: Heatran\n|faint|p2b: Heatran\n|\n|upkeep\n|\n|t:|1700166512\n|switch|p1b: Sinistcha|Sinistcha-Masterpiece, L50|100\/100\n|switch|p2b: Iron Hands|Iron Hands, L50|100\/100\n|-heal|p1a: Iron Hands|93\/100|[from] ability: Hospitality|[of] p1b: Sinistcha\n|turn|3\n|inactive|nastyman21 has 30 seconds left.\n|\n|t:|1700166544\n|switch|p2a: Urshifu|Urshifu-Rapid-Strike, L50, M|100\/100\n|-end|p1a: Iron Hands|Quark Drive|[silent]\n|switch|p1a: Chi-Yu|Chi-Yu, L50|100\/100\n|-ability|p1a: Chi-Yu|Beads of Ruin\n|move|p2b: Iron Hands|Fake Out|p1a: Chi-Yu\n|-damage|p1a: Chi-Yu|75\/100\n|move|p1b: Sinistcha|Strength Sap|p2a: Urshifu\n|-unboost|p2a: Urshifu|atk|1\n|\n|upkeep\n|turn|4\n|\n|t:|1700166562\n|-terastallize|p1a: Chi-Yu|Water\n|move|p1a: Chi-Yu|Heat Wave|p2a: Urshifu|[spread] p2a\n|-miss|p1a: Chi-Yu|p2b: Iron Hands\n|-resisted|p2a: Urshifu\n|-damage|p2a: Urshifu|66\/100\n|-status|p2a: Urshifu|brn\n|move|p2a: Urshifu|Surging Strikes|p1a: Chi-Yu\n|-resisted|p1a: Chi-Yu\n|-crit|p1a: Chi-Yu\n|-damage|p1a: Chi-Yu|66\/100\n|-resisted|p1a: Chi-Yu\n|-crit|p1a: Chi-Yu\n|-damage|p1a: Chi-Yu|56\/100\n|-resisted|p1a: Chi-Yu\n|-crit|p1a: Chi-Yu\n|-damage|p1a: Chi-Yu|47\/100\n|-hitcount|p1a: Chi-Yu|3\n|move|p2b: Iron Hands|Wild Charge|p1b: Sinistcha\n|-resisted|p1b: Sinistcha\n|-damage|p1b: Sinistcha|80\/100\n|-damage|p2b: Iron Hands|97\/100|[from] Recoil\n|move|p1b: Sinistcha|Matcha Gotcha|p2a: Urshifu|[spread] p2a,p2b\n|-supereffective|p2a: Urshifu\n|-damage|p2a: Urshifu|0 fnt\n|-heal|p1b: Sinistcha|100\/100|[from] drain|[of] p2a: Urshifu\n|-damage|p2b: Iron Hands|80\/100\n|-status|p2b: Iron Hands|brn\n|faint|p2a: Urshifu\n|\n|-damage|p2b: Iron Hands|75\/100 brn|[from] brn\n|upkeep\n|\n|t:|1700166572\n|switch|p2a: Landorus|Landorus-Therian, L50, M|90\/100\n|-ability|p2a: Landorus|Intimidate|boost\n|-unboost|p1a: Chi-Yu|atk|1\n|-unboost|p1b: Sinistcha|atk|1\n|turn|5\n|inactive|nastyman21 has 30 seconds left.\n|inactive|nastyman21 has 20 seconds left.\n|inactive|nastyman21 has 15 seconds left.\n|inactive|nastyman21 has 10 seconds left.\n|inactive|nastyman21 has 5 seconds left.\n|\n|t:|1700166627\n|-terastallize|p2a: Landorus|Flying\n|move|p2a: Landorus|Tera Blast|p1b: Sinistcha|[anim] Tera Blast Flying\n|-supereffective|p1b: Sinistcha\n|-damage|p1b: Sinistcha|0 fnt\n|faint|p1b: Sinistcha\n|move|p1a: Chi-Yu|Heat Wave|p2a: Landorus|[spread] p2a,p2b\n|-damage|p2a: Landorus|35\/100\n|-damage|p2b: Iron Hands|48\/100 brn\n|move|p2b: Iron Hands|Wild Charge|p1a: Chi-Yu\n|-supereffective|p1a: Chi-Yu\n|-damage|p1a: Chi-Yu|0 fnt\n|faint|p1a: Chi-Yu\n|-damage|p2b: Iron Hands|42\/100 brn|[from] Recoil\n|\n|-damage|p2b: Iron Hands|36\/100 brn|[from] brn\n|upkeep\n|\n|t:|1700166637\n|switch|p1b: Iron Hands|Iron Hands, L50|93\/100\n|turn|6\n|\n|t:|1700166642\n|move|p1b: Iron Hands|Fake Out|p2a: Landorus\n|-damage|p2a: Landorus|20\/100\n|cant|p2a: Landorus|flinch\n|move|p2b: Iron Hands|Drain Punch|p1b: Iron Hands\n|-damage|p1b: Iron Hands|80\/100\n|-heal|p2b: Iron Hands|42\/100 brn|[from] drain|[of] p1b: Iron Hands\n|\n|-damage|p2b: Iron Hands|36\/100 brn|[from] brn\n|upkeep\n|turn|7\n|\n|t:|1700166653\n|move|p2a: Landorus|Tera Blast|p1b: Iron Hands|[anim] Tera Blast Flying\n|-damage|p1b: Iron Hands|45\/100\n|move|p2b: Iron Hands|Drain Punch|p1b: Iron Hands\n|-damage|p1b: Iron Hands|32\/100\n|-heal|p2b: Iron Hands|43\/100 brn|[from] drain|[of] p1b: Iron Hands\n|move|p1b: Iron Hands|Heavy Slam|p2a: Landorus\n|-damage|p2a: Landorus|0 fnt\n|faint|p2a: Landorus\n|\n|-damage|p2b: Iron Hands|37\/100 brn|[from] brn\n|upkeep\n|turn|8\n|\n|t:|1700166660\n|move|p2b: Iron Hands|Drain Punch|p1b: Iron Hands\n|-damage|p1b: Iron Hands|20\/100\n|-heal|p2b: Iron Hands|43\/100 brn|[from] drain|[of] p1b: Iron Hands\n|move|p1b: Iron Hands|Drain Punch|p2b: Iron Hands\n|-damage|p2b: Iron Hands|18\/100 brn\n|-heal|p1b: Iron Hands|32\/100|[from] drain|[of] p2b: Iron Hands\n|\n|-damage|p2b: Iron Hands|12\/100 brn|[from] brn\n|upkeep\n|turn|9\n|\n|t:|1700166669\n|move|p2b: Iron Hands|Drain Punch|p1b: Iron Hands\n|-damage|p1b: Iron Hands|20\/100\n|-heal|p2b: Iron Hands|18\/100 brn|[from] drain|[of] p1b: Iron Hands\n|move|p1b: Iron Hands|Drain Punch|p2b: Iron Hands\n|-damage|p2b: Iron Hands|0 fnt\n|-heal|p1b: Iron Hands|29\/100|[from] drain|[of] p2b: Iron Hands\n|faint|p2b: Iron Hands\n|-end|p2b: Iron Hands|Quark Drive|[silent]\n|\n|win|nastyman21\n|raw|nastyman21's rating: 1079 &rarr; <strong>1106<\/strong><br \/>(+27 for winning)\n|raw|Mega weison's rating: 1062 &rarr; <strong>1044<\/strong><br \/>(-18 for losing)\n|l|\u2606Mega weison\n","uploadtime":1700166718,"views":16,"p1id":"nastyman21","p2id":"megaweison","formatid":"gen9vgc2023regulatione","rating":1044,"private":0,"password":""}