{"id":"gen9vgc2023regulatione-1998100071","p1":"leafyarrow","p2":"hangentori","format":"[Gen 9] VGC 2023 Regulation E","log":"|j|\u2606leafyarrow\n|j|\u2606hangentori\n|n|\u2606leafyarrow|leafyarrow\n|n|\u2606hangentori|hangentori\n|html|View the match progress at <a href=\"\/game-bestof3-gen9vgc2023regulatione-1998095734\">game-bestof3-gen9vgc2023regulatione-1998095734<\/a>\n|t:|1700891277\n|gametype|doubles\n|player|p1|leafyarrow|selene|\n|player|p2|hangentori|101|\n|teamsize|p1|6\n|teamsize|p2|6\n|gen|9\n|tier|[Gen 9] VGC 2023 Regulation E\n|rule|Species Clause: Limit one of each Pok\u00e9mon\n|rule|Item Clause: Limit one of each item\n|clearpoke\n|poke|p1|Farigiraf, L50, M|\n|poke|p1|Arcanine-Hisui, L50, F|\n|poke|p1|Landorus, L50, M|\n|poke|p1|Rillaboom, L50, F|\n|poke|p1|Urshifu-*, L50, F|\n|poke|p1|Regieleki, L50|\n|poke|p2|Weezing, L50, F|\n|poke|p2|Roaring Moon, L50|\n|poke|p2|Chien-Pao, L50|\n|poke|p2|Dragonite, L50, M|\n|poke|p2|Chi-Yu, L50|\n|poke|p2|Flutter Mane, L50|\n|teampreview|4\nleafyarrow has agreed to open team sheets.\nhangentori has agreed to open team sheets.\n|showteam|p1|Farigiraf||RockyHelmet|ArmorTail|HelpingHand,DazzlingGleam,TrickRoom,Psychic|||M|||50|,,,,,Fairy]Arcanine-Hisui||ChoiceBand|Intimidate|TeraBlast,ExtremeSpeed,FlareBlitz,RockSlide|||F|||50|,,,,,Fairy]Landorus||LifeOrb|SheerForce|EarthPower,SludgeBomb,SandsearStorm,Protect|||M|||50|,,,,,Poison]Rillaboom||MiracleSeed|GrassySurge|GrassyGlide,Uturn,WoodHammer,FakeOut|||F|||50|,,,,,Grass]Urshifu-Rapid-Strike||MysticWater|UnseenFist|CloseCombat,SurgingStrikes,AquaJet,Protect|||F|||50|,,,,,Water]Regieleki||Magnet|Transistor|Electroweb,Thunderbolt,TeraBlast,Protect||||||50|,,,,,Ice\n|showteam|p2|Weezing||Leftovers|NeutralizingGas|Taunt,WillOWisp,Protect,SludgeBomb|||F|||50|,,,,,Ghost]Roaring Moon||BoosterEnergy|Protosynthesis|Tailwind,BreakingSwipe,KnockOff,Protect||||||50|,,,,,Poison]Chien-Pao||FocusSash|SwordofRuin|IcicleCrash,SuckerPunch,Protect,SacredSword||||||50|,,,,,Ghost]Dragonite||ChoiceBand|InnerFocus|ExtremeSpeed,Outrage,IronHead,StompingTantrum|||M|||50|,,,,,Normal]Chi-Yu||ChoiceSpecs|BeadsofRuin|HeatWave,Overheat,DarkPulse,Snarl||||||50|,,,,,Ghost]Flutter Mane||FairyFeather|Protosynthesis|Moonblast,DazzlingGleam,ShadowBall,Protect||||||50|,,,,,Fairy\n|\n|t:|1700891305\n|start\n|switch|p1a: Regieleki|Regieleki, L50|100\/100\n|switch|p1b: Rillaboom|Rillaboom, L50, F|100\/100\n|switch|p2a: Weezing|Weezing, L50, F|100\/100\n|switch|p2b: Roaring Moon|Roaring Moon, L50|100\/100\n|-ability|p2a: Weezing|Neutralizing Gas\n|-enditem|p2b: Roaring Moon|Booster Energy\n|-activate|p2b: Roaring Moon|ability: Protosynthesis|[fromitem]\n|-start|p2b: Roaring Moon|protosynthesisspe\n|turn|1\n|\n|t:|1700891354\n|move|p2b: Roaring Moon|Protect|p2b: Roaring Moon\n|-singleturn|p2b: Roaring Moon|Protect\n|move|p1a: Regieleki|Protect|p1a: Regieleki\n|-singleturn|p1a: Regieleki|Protect\n|move|p2a: Weezing|Protect|p2a: Weezing\n|-singleturn|p2a: Weezing|Protect\n|move|p1b: Rillaboom|U-turn|p2b: Roaring Moon\n|-activate|p2b: Roaring Moon|move: Protect\n|\n|upkeep\n|turn|2\n|\n|t:|1700891377\n|-terastallize|p2b: Roaring Moon|Poison\n|move|p2b: Roaring Moon|Knock Off|p1a: Regieleki\n|-damage|p1a: Regieleki|2\/100\n|-enditem|p1a: Regieleki|Magnet|[from] move: Knock Off|[of] p2b: Roaring Moon\n|move|p1a: Regieleki|Electroweb|p2a: Weezing|[spread] p2a,p2b\n|-damage|p2a: Weezing|81\/100\n|-damage|p2b: Roaring Moon|82\/100\n|-unboost|p2a: Weezing|spe|1\n|-unboost|p2b: Roaring Moon|spe|1\n|move|p1b: Rillaboom|U-turn|p2b: Roaring Moon\n|-resisted|p2b: Roaring Moon\n|-crit|p2b: Roaring Moon\n|-damage|p2b: Roaring Moon|59\/100\n|\n|t:|1700891389\n|switch|p1b: Landorus|Landorus, L50, M|100\/100|[from] U-turn\n|move|p2a: Weezing|Will-O-Wisp|p1b: Landorus\n|-status|p1b: Landorus|brn\n|\n|-heal|p2a: Weezing|87\/100|[from] item: Leftovers\n|-damage|p1b: Landorus|95\/100 brn|[from] brn\n|upkeep\n|turn|3\n|\n|t:|1700891405\n|move|p2a: Weezing|Protect|p2a: Weezing\n|-singleturn|p2a: Weezing|Protect\n|move|p1a: Regieleki|Electroweb|p2b: Roaring Moon|[spread] p2b\n|-activate|p2a: Weezing|move: Protect\n|-damage|p2b: Roaring Moon|43\/100\n|-unboost|p2b: Roaring Moon|spe|1\n|move|p1b: Landorus|Sandsear Storm|p2a: Weezing|[spread] p2b\n|-activate|p2a: Weezing|move: Protect\n|-supereffective|p2b: Roaring Moon\n|-damage|p2b: Roaring Moon|0 fnt\n|faint|p2b: Roaring Moon\n|-end|p2b: Roaring Moon|Protosynthesis|[silent]\n|-damage|p1b: Landorus|85\/100 brn|[from] item: Life Orb\n|\n|-heal|p2a: Weezing|92\/100|[from] item: Leftovers\n|-damage|p1b: Landorus|79\/100 brn|[from] brn\n|upkeep\n|\n|t:|1700891420\n|switch|p2b: Dragonite|Dragonite, L50, M|100\/100\n|turn|4\n|\n|t:|1700891449\n|move|p2b: Dragonite|Extreme Speed|p1b: Landorus\n|-damage|p1b: Landorus|34\/100 brn\n|move|p1a: Regieleki|Electroweb|p2a: Weezing|[spread] p2a,p2b\n|-damage|p2a: Weezing|71\/100\n|-damage|p2b: Dragonite|83\/100\n|-unboost|p2a: Weezing|spe|1\n|-unboost|p2b: Dragonite|spe|1\n|move|p1b: Landorus|Earth Power|p2a: Weezing\n|-supereffective|p2a: Weezing\n|-damage|p2a: Weezing|0 fnt\n|faint|p2a: Weezing\n|-end|p2a: Weezing|ability: Neutralizing Gas\n|-damage|p1b: Landorus|24\/100 brn|[from] item: Life Orb\n|\n|-damage|p1b: Landorus|18\/100 brn|[from] brn\n|upkeep\n|\n|t:|1700891463\n|switch|p2a: Flutter Mane|Flutter Mane, L50|100\/100\n|turn|5\n|\n|t:|1700891471\n|switch|p1b: Farigiraf|Farigiraf, L50, M|100\/100\n|move|p2b: Dragonite|Extreme Speed||[still]\n|cant|p1b: Farigiraf|ability: Armor Tail|Extreme Speed|[of] p2b: Dragonite\n|move|p1a: Regieleki|Electroweb|p2b: Dragonite|[spread] p2a,p2b\n|-damage|p2a: Flutter Mane|72\/100\n|-damage|p2b: Dragonite|59\/100\n|-unboost|p2a: Flutter Mane|spe|1\n|-unboost|p2b: Dragonite|spe|1\n|move|p2a: Flutter Mane|Dazzling Gleam|p1b: Farigiraf|[spread] p1a,p1b\n|-damage|p1a: Regieleki|0 fnt\n|-damage|p1b: Farigiraf|67\/100\n|faint|p1a: Regieleki\n|\n|upkeep\n|\n|t:|1700891488\n|switch|p1a: Rillaboom|Rillaboom, L50, F|100\/100\n|-fieldstart|move: Grassy Terrain|[from] ability: Grassy Surge|[of] p1a: Rillaboom\n|turn|6\n|\n|t:|1700891503\n|-terastallize|p1a: Rillaboom|Grass\n|move|p2b: Dragonite|Extreme Speed||[still]\n|cant|p1b: Farigiraf|ability: Armor Tail|Extreme Speed|[of] p2b: Dragonite\n|move|p1a: Rillaboom|Grassy Glide|p2a: Flutter Mane\n|-damage|p2a: Flutter Mane|0 fnt\n|faint|p2a: Flutter Mane\n|-end|p2a: Flutter Mane|Protosynthesis|[silent]\n|move|p1b: Farigiraf|Psychic|p2b: Dragonite\n|-damage|p2b: Dragonite|21\/100\n|\n|-heal|p1b: Farigiraf|73\/100|[from] Grassy Terrain\n|upkeep\n|turn|7\n|c|\u2606hangentori|gg\n|c|\u2606leafyarrow|gg\n|l|\u2606leafyarrow\n|player|p1|\n|j|\u2606leafyarrow\n|player|p1|leafyarrow|selene\n|c|\u2606leafyarrow|everything ok?\n|c|\u2606hangentori|ooo\n|c|\u2606hangentori|yea\n|c|\u2606leafyarrow|cool just making sure\n|c|\u2606hangentori|I thought you marked it already sorry\n|c|\u2606leafyarrow|NP I'll mark it now\n|inactive|Battle timer is ON: inactive players will automatically lose when time's up. (requested by leafyarrow)\n|inactive|hangentori has 60 seconds left.\n|inactive|hangentori has 30 seconds left.\n|inactive|hangentori has 20 seconds left.\n|inactive|hangentori has 15 seconds left.\n|inactive|hangentori has 10 seconds left.\n|inactive|hangentori has 5 seconds left.\n|\n|t:|1700892442\n|move|p2b: Dragonite|Extreme Speed||[still]\n|cant|p1b: Farigiraf|ability: Armor Tail|Extreme Speed|[of] p2b: Dragonite\n|move|p1a: Rillaboom|Wood Hammer|p2b: Dragonite\n|-resisted|p2b: Dragonite\n|-damage|p2b: Dragonite|0 fnt\n|faint|p2b: Dragonite\n|-damage|p1a: Rillaboom|94\/100|[from] Recoil\n|\n|win|leafyarrow\n","uploadtime":1700892454,"views":13,"p1id":"leafyarrow","p2id":"hangentori","formatid":"gen9vgc2023regulatione","rating":0,"private":0,"password":""}