{"id":"gen9vgc2023regulatione-1995774009","p1":"Sir peepsalot","p2":"Buff FlutterMane","format":"[Gen 9] VGC 2023 Regulation E","log":"|j|\u2606Sir peepsalot\n|j|\u2606Buff FlutterMane\n|t:|1700601865\n|gametype|doubles\n|player|p1|Sir peepsalot|plasmagrunt|1427\n|player|p2|Buff FlutterMane|turo|1502\n|teamsize|p1|6\n|teamsize|p2|6\n|gen|9\n|tier|[Gen 9] VGC 2023 Regulation E\n|rated|\n|rule|Species Clause: Limit one of each Pok\u00e9mon\n|rule|Item Clause: Limit one of each item\n|clearpoke\n|poke|p1|Ogerpon-Hearthflame, L50, F|\n|poke|p1|Torkoal, L50, M|\n|poke|p1|Espathra, L50, M|\n|poke|p1|Indeedee-F, L50, F|\n|poke|p1|Garganacl, L50, M|\n|poke|p1|Lilligant, L50, F|\n|poke|p2|Regieleki, L50|\n|poke|p2|Rillaboom, L50, M|\n|poke|p2|Arcanine-Hisui, L50, M|\n|poke|p2|Landorus, L50, M|\n|poke|p2|Urshifu-*, L50, M|\n|poke|p2|Chien-Pao, L50|\n|teampreview|4\n|inactive|Battle timer is ON: inactive players will automatically lose when time's up. (requested by Buff FlutterMane)\n|inactive|Buff FlutterMane has 60 seconds left.\n|inactive|Buff FlutterMane has 30 seconds left.\n|\n|t:|1700601930\n|start\n|switch|p1a: Garganacl|Garganacl, L50, M|100\/100\n|switch|p1b: Espathra|Espathra, L50, M|100\/100\n|switch|p2a: Rillaboom|Rillaboom, L50, M, shiny|100\/100\n|switch|p2b: Landorus|Landorus, L50, M, shiny|100\/100\n|-fieldstart|move: Grassy Terrain|[from] ability: Grassy Surge|[of] p2a: Rillaboom\n|turn|1\n|\n|t:|1700601939\n|switch|p1a: Indeedee|Indeedee-F, L50, F|100\/100\n|-fieldstart|move: Psychic Terrain|[from] ability: Psychic Surge|[of] p1a: Indeedee\n|-enditem|p1a: Indeedee|Psychic Seed\n|-boost|p1a: Indeedee|spd|1|[from] item: Psychic Seed\n|move|p2a: Rillaboom|Fake Out|p1b: Espathra\n|-activate|p1b: Espathra|move: Psychic Terrain\n|move|p2b: Landorus|Sandsear Storm|p1a: Indeedee|[spread] p1a,p1b\n|-damage|p1a: Indeedee|63\/100\n|-damage|p1b: Espathra|25\/100\n|-enditem|p1b: Espathra|Sitrus Berry|[eat]\n|-heal|p1b: Espathra|50\/100|[from] item: Sitrus Berry\n|move|p1b: Espathra|Trick Room|p1b: Espathra\n|-fieldstart|move: Trick Room|[of] p1b: Espathra\n|\n|upkeep\n|turn|2\n|\n|t:|1700601961\n|move|p1a: Indeedee|Psychic|p2b: Landorus\n|-damage|p2b: Landorus|49\/100\n|-unboost|p2b: Landorus|spd|1\n|move|p2a: Rillaboom|U-turn|p1a: Indeedee\n|-supereffective|p1a: Indeedee\n|-damage|p1a: Indeedee|23\/100\n|\n|t:|1700601971\n|switch|p2a: Balanced?|Urshifu-Rapid-Strike, L50, M|100\/100|[from] U-turn\n|move|p1b: Espathra|Lumina Crash|p2b: Landorus\n|-damage|p2b: Landorus|0 fnt\n|faint|p2b: Landorus\n|\n|upkeep\n|\n|t:|1700601975\n|switch|p2b: Rillaboom|Rillaboom, L50, M, shiny|100\/100\n|-fieldstart|move: Grassy Terrain|[from] ability: Grassy Surge|[of] p2b: Rillaboom\n|turn|3\n|inactive|Buff FlutterMane has 30 seconds left.\n|\n|t:|1700602003\n|switch|p1a: Garganacl|Garganacl, L50, M|100\/100\n|move|p1b: Espathra|Protect|p1b: Espathra\n|-singleturn|p1b: Espathra|Protect\n|move|p2b: Rillaboom|Fake Out|p1b: Espathra\n|-activate|p1b: Espathra|move: Protect\n|move|p2a: Balanced?|Surging Strikes|p1a: Garganacl\n|-supereffective|p1a: Garganacl\n|-crit|p1a: Garganacl\n|-damage|p1a: Garganacl|68\/100\n|-supereffective|p1a: Garganacl\n|-crit|p1a: Garganacl\n|-damage|p1a: Garganacl|35\/100\n|-supereffective|p1a: Garganacl\n|-crit|p1a: Garganacl\n|-damage|p1a: Garganacl|0 fnt\n|faint|p1a: Garganacl\n|-hitcount|p1: Garganacl|3\n|\n|-heal|p1b: Espathra|55\/100|[from] Grassy Terrain\n|upkeep\n|\n|t:|1700602012\n|switch|p1a: Indeedee|Indeedee-F, L50, F|23\/100\n|-fieldstart|move: Psychic Terrain|[from] ability: Psychic Surge|[of] p1a: Indeedee\n|turn|4\n|\n|t:|1700602021\n|move|p2a: Balanced?|Detect|p2a: Balanced?\n|-singleturn|p2a: Balanced?|Protect\n|move|p1a: Indeedee|Psychic|p2a: Balanced?\n|-activate|p2a: Balanced?|move: Protect\n|move|p2b: Rillaboom|U-turn|p1b: Espathra\n|-supereffective|p1b: Espathra\n|-damage|p1b: Espathra|20\/100\n|\n|t:|1700602029\n|switch|p2b: Hiusi|Arcanine-Hisui, L50, M, shiny|100\/100|[from] U-turn\n|-ability|p2b: Hiusi|Intimidate|boost\n|-unboost|p1a: Indeedee|atk|1\n|-unboost|p1b: Espathra|atk|1\n|move|p1b: Espathra|Lumina Crash|p2a: Balanced?\n|-activate|p2a: Balanced?|move: Protect\n|\n|upkeep\n|turn|5\n|\n|t:|1700602047\n|switch|p2a: Rillaboom|Rillaboom, L50, M, shiny|100\/100\n|-fieldstart|move: Grassy Terrain|[from] ability: Grassy Surge|[of] p2a: Rillaboom\n|move|p2b: Hiusi|Extreme Speed|p1b: Espathra\n|-damage|p1b: Espathra|0 fnt\n|faint|p1b: Espathra\n|move|p1a: Indeedee|Psychic|p2b: Hiusi\n|-damage|p2b: Hiusi|61\/100\n|\n|-heal|p1a: Indeedee|29\/100|[from] Grassy Terrain\n|-heal|p2b: Hiusi|67\/100|[from] Grassy Terrain\n|-fieldend|move: Trick Room\n|upkeep\n|\n|t:|1700602053\n|switch|p1b: Torkoal|Torkoal, L50, M|100\/100\n|-weather|SunnyDay|[from] ability: Drought|[of] p1b: Torkoal\n|turn|6\n|\n|t:|1700602063\n|move|p2a: Rillaboom|Fake Out|p1b: Torkoal\n|-damage|p1b: Torkoal|90\/100\n|move|p2b: Hiusi|Extreme Speed|p1a: Indeedee\n|-damage|p1a: Indeedee|0 fnt\n|faint|p1a: Indeedee\n|cant|p1b: Torkoal|flinch\n|\n|-weather|SunnyDay|[upkeep]\n|-heal|p2b: Hiusi|73\/100|[from] Grassy Terrain\n|-heal|p1b: Torkoal|97\/100|[from] Grassy Terrain\n|upkeep\n|turn|7\n|-message|Sir peepsalot forfeited.\n|\n|win|Buff FlutterMane\n|raw|Sir peepsalot's rating: 1427 &rarr; <strong>1411<\/strong><br \/>(-16 for losing)\n|raw|Buff FlutterMane's rating: 1502 &rarr; <strong>1518<\/strong><br \/>(+16 for winning)\n|l|\u2606Sir peepsalot\n","uploadtime":1700602080,"views":18,"p1id":"sirpeepsalot","p2id":"bufffluttermane","formatid":"gen9vgc2023regulatione","rating":1411,"private":0,"password":""}