{"id":"gen9vgc2023regulatione-1991423546","p1":"w0rkj0","p2":"NoahDaGr81","format":"[Gen 9] VGC 2023 Regulation E","log":"|j|\u2606w0rkj0\n|j|\u2606NoahDaGr81\n|t:|1700075893\n|gametype|doubles\n|player|p1|w0rkj0|acetrainer-gen4|1191\n|player|p2|NoahDaGr81|pokemonbreeder|1140\n|teamsize|p1|6\n|teamsize|p2|6\n|gen|9\n|tier|[Gen 9] VGC 2023 Regulation E\n|rated|\n|rule|Species Clause: Limit one of each Pok\u00e9mon\n|rule|Item Clause: Limit one of each item\n|clearpoke\n|poke|p1|Landorus, L50, M|\n|poke|p1|Clefairy, L50, M|\n|poke|p1|Arcanine-Hisui, L50, M|\n|poke|p1|Ogerpon-Wellspring, L50, F|\n|poke|p1|Roaring Moon, L50|\n|poke|p1|Iron Hands, L50|\n|poke|p2|Ninetales, L50, F|\n|poke|p2|Chi-Yu, L50|\n|poke|p2|Flutter Mane, L50|\n|poke|p2|Espeon, L50, F|\n|poke|p2|Roaring Moon, L50|\n|poke|p2|Mienshao, L50, F|\n|teampreview|4\n|inactive|Battle timer is ON: inactive players will automatically lose when time's up. (requested by NoahDaGr81)\n|\n|t:|1700075992\n|start\n|switch|p1a: Clefairy|Clefairy, L50, M|100\/100\n|switch|p1b: Roaring Moon|Roaring Moon, L50|100\/100\n|switch|p2a: Mienshao|Mienshao, L50, F, shiny|100\/100\n|switch|p2b: Lanayru|Espeon, L50, F|100\/100\n|-enditem|p1b: Roaring Moon|Booster Energy\n|-activate|p1b: Roaring Moon|ability: Protosynthesis|[fromitem]\n|-start|p1b: Roaring Moon|protosynthesisspe\n|turn|1\n|inactive|w0rkj0 has 30 seconds left.\n|inactive|NoahDaGr81 has 30 seconds left.\n|\n|t:|1700076024\n|move|p2a: Mienshao|Fake Out|p1a: Clefairy\n|-damage|p1a: Clefairy|88\/100\n|-damage|p2a: Mienshao|91\/100|[from] item: Life Orb\n|cant|p1a: Clefairy|flinch\n|move|p1b: Roaring Moon|Tailwind|p1b: Roaring Moon\n|-sidestart|p1: w0rkj0|move: Tailwind\n|move|p2b: Lanayru|Thunder Wave|p1b: Roaring Moon\n|-status|p1b: Roaring Moon|par\n|\n|upkeep\n|turn|2\n|inactive|w0rkj0 has 30 seconds left.\n|inactive|NoahDaGr81 has 30 seconds left.\n|inactive|w0rkj0 has 20 seconds left.\n|inactive|w0rkj0 has 15 seconds left.\n|inactive|w0rkj0 has 10 seconds left.\n|inactive|w0rkj0 has 5 seconds left.\n|\n|t:|1700076079\n|-terastallize|p2a: Mienshao|Steel\n|move|p1a: Clefairy|Follow Me|p1a: Clefairy\n|-singleturn|p1a: Clefairy|move: Follow Me\n|cant|p1b: Roaring Moon|par\n|move|p2b: Lanayru|Skill Swap|p1a: Clefairy\n|-activate|p2b: Lanayru|move: Skill Swap|Friend Guard|Magic Bounce|[of] p1a: Clefairy\n|move|p2a: Mienshao|Tera Blast|p1a: Clefairy|[anim] Tera Blast Steel\n|-supereffective|p1a: Clefairy\n|-damage|p1a: Clefairy|0 fnt\n|faint|p1a: Clefairy\n|-damage|p2a: Mienshao|81\/100|[from] item: Life Orb\n|\n|upkeep\n|\n|t:|1700076097\n|switch|p1a: Ogerpon|Ogerpon-Wellspring, L50, F|100\/100\n|turn|3\n|inactive|w0rkj0 has 30 seconds left.\n|inactive|w0rkj0 has 20 seconds left.\n|inactive|w0rkj0 has 15 seconds left.\n|inactive|w0rkj0 has 10 seconds left.\n|\n|t:|1700076144\n|move|p1a: Ogerpon|Ivy Cudgel|p2a: Mienshao|[anim] Ivy Cudgel Water\n|-damage|p2a: Mienshao|0 fnt\n|faint|p2a: Mienshao\n|move|p1b: Roaring Moon|Knock Off|p2b: Lanayru\n|-supereffective|p2b: Lanayru\n|-enditem|p2b: Lanayru|Focus Sash\n|-damage|p2b: Lanayru|1\/100\n|move|p2b: Lanayru|Thunder Wave|p1a: Ogerpon\n|-status|p1a: Ogerpon|par\n|\n|upkeep\n|\n|t:|1700076167\n|switch|p2a: Mercurius|Chi-Yu, L50|100\/100\n|-ability|p2a: Mercurius|Beads of Ruin\n|turn|4\n|\n|t:|1700076186\n|cant|p1b: Roaring Moon|par\n|move|p2b: Lanayru|Gravity|p2b: Lanayru\n|-fieldstart|move: Gravity\n|move|p2a: Mercurius|Heat Wave|p1b: Roaring Moon|[spread] p1a,p1b\n|-resisted|p1b: Roaring Moon\n|-damage|p1a: Ogerpon|15\/100 par\n|-damage|p1b: Roaring Moon|63\/100 par\n|move|p1a: Ogerpon|Ivy Cudgel|p2b: Lanayru|[anim] Ivy Cudgel Water\n|-damage|p2b: Lanayru|0 fnt\n|faint|p2b: Lanayru\n|\n|-sideend|p1: w0rkj0|move: Tailwind\n|upkeep\n|\n|t:|1700076198\n|switch|p2b: Tsakurai|Ninetales, L50, F, shiny|100\/100\n|-weather|SunnyDay|[from] ability: Drought|[of] p2b: Tsakurai\n|turn|5\n|\n|t:|1700076220\n|move|p1a: Ogerpon|Spiky Shield|p1a: Ogerpon\n|-singleturn|p1a: Ogerpon|move: Protect\n|move|p2a: Mercurius|Heat Wave|p1a: Ogerpon|[spread] p1b\n|-activate|p1a: Ogerpon|move: Protect\n|-resisted|p1b: Roaring Moon\n|-crit|p1b: Roaring Moon\n|-damage|p1b: Roaring Moon|0 fnt\n|faint|p1b: Roaring Moon\n|-end|p1b: Roaring Moon|Protosynthesis|[silent]\n|move|p2b: Tsakurai|Calm Mind|p2b: Tsakurai\n|-boost|p2b: Tsakurai|spa|1\n|-boost|p2b: Tsakurai|spd|1\n|\n|-weather|SunnyDay|[upkeep]\n|upkeep\n|\n|t:|1700076230\n|switch|p1b: Landorus|Landorus, L50, M|100\/100\n|turn|6\n|inactive|w0rkj0 has 30 seconds left.\n|inactive|w0rkj0 has 20 seconds left.\n|inactive|w0rkj0 has 15 seconds left.\n|inactive|w0rkj0 has 10 seconds left.\n|inactive|w0rkj0 has 5 seconds left.\n|\n|t:|1700076285\n|cant|p1a: Ogerpon|par\n|move|p1b: Landorus|Calm Mind|p1b: Landorus\n|-boost|p1b: Landorus|spa|1\n|-boost|p1b: Landorus|spd|1\n|move|p2a: Mercurius|Heat Wave|p1a: Ogerpon|[spread] p1a,p1b\n|-damage|p1a: Ogerpon|0 fnt\n|-damage|p1b: Landorus|0 fnt\n|faint|p1a: Ogerpon\n|faint|p1b: Landorus\n|\n|win|NoahDaGr81\n|raw|w0rkj0's rating: 1191 &rarr; <strong>1162<\/strong><br \/>(-29 for losing)\n|raw|NoahDaGr81's rating: 1140 &rarr; <strong>1169<\/strong><br \/>(+29 for winning)\n|l|\u2606w0rkj0\n|j|\u2606w0rkj0\n|player|p1|w0rkj0|acetrainer-gen4\n","uploadtime":1700076306,"views":18,"p1id":"w0rkj0","p2id":"noahdagr81","formatid":"gen9vgc2023regulatione","rating":1162,"private":0,"password":""}