{"id":"gen9vgc2023regulatione-1995661190","p1":"clockworkmango","p2":"taco_bowl_mx","format":"[Gen 9] VGC 2023 Regulation E","log":"|j|\u2606clockworkmango\n|j|\u2606taco_bowl_mx\n|t:|1700591731\n|gametype|doubles\n|player|p1|clockworkmango|juggler|1361\n|player|p2|taco_bowl_mx|dawn-gen4pt|1379\n|teamsize|p1|6\n|teamsize|p2|6\n|gen|9\n|tier|[Gen 9] VGC 2023 Regulation E\n|rated|\n|rule|Species Clause: Limit one of each Pok\u00e9mon\n|rule|Item Clause: Limit one of each item\n|clearpoke\n|poke|p1|Ursaluna, L50, M|\n|poke|p1|Roaring Moon, L50|\n|poke|p1|Armarouge, L50, M|\n|poke|p1|Torkoal, L50, F|\n|poke|p1|Indeedee-F, L50, F|\n|poke|p1|Bronzong, L50|\n|poke|p2|Flutter Mane, L50|\n|poke|p2|Chien-Pao, L50|\n|poke|p2|Iron Hands, L50|\n|poke|p2|Heatran, L50, M|\n|poke|p2|Ogerpon-Wellspring, L50, F|\n|poke|p2|Landorus-Therian, L50, M|\n|teampreview|4\ntaco_bowl_mx has agreed to open team sheets.\n|inactive|Battle timer is ON: inactive players will automatically lose when time's up. (requested by taco_bowl_mx)\n|\n|t:|1700591785\n|start\n|switch|p1a: Roaring Moon|Roaring Moon, L50|100\/100\n|switch|p1b: Armarouge|Armarouge, L50, M|100\/100\n|switch|p2a: Iron Hands|Iron Hands, L50, shiny|100\/100\n|switch|p2b: Ogerpon|Ogerpon-Wellspring, L50, F|100\/100\n|-enditem|p1a: Roaring Moon|Booster Energy\n|-activate|p1a: Roaring Moon|ability: Protosynthesis|[fromitem]\n|-start|p1a: Roaring Moon|protosynthesisspe\n|turn|1\n|inactive|clockworkmango has 30 seconds left.\n|\n|t:|1700591812\n|switch|p1b: Indeedee|Indeedee-F, L50, F|100\/100\n|-fieldstart|move: Psychic Terrain|[from] ability: Psychic Surge|[of] p1b: Indeedee\n|move|p1a: Roaring Moon|Breaking Swipe|p2a: Iron Hands|[spread] p2a,p2b\n|-damage|p2a: Iron Hands|84\/100\n|-damage|p2b: Ogerpon|78\/100\n|-unboost|p2a: Iron Hands|atk|1\n|-unboost|p2b: Ogerpon|atk|1\n|move|p2b: Ogerpon|Ivy Cudgel|p1a: Roaring Moon|[anim] Ivy Cudgel Water\n|-resisted|p1a: Roaring Moon\n|-damage|p1a: Roaring Moon|80\/100\n|move|p2a: Iron Hands|Drain Punch|p1a: Roaring Moon\n|-supereffective|p1a: Roaring Moon\n|-damage|p1a: Roaring Moon|5\/100\n|-heal|p2a: Iron Hands|100\/100|[from] drain|[of] p1a: Roaring Moon\n|\n|upkeep\n|turn|2\n|inactive|clockworkmango has 30 seconds left.\n|inactive|taco_bowl_mx has 30 seconds left.\n|inactive|clockworkmango has 20 seconds left.\n|inactive|clockworkmango has 15 seconds left.\n|inactive|clockworkmango has 10 seconds left.\n|\n|t:|1700591858\n|-end|p2a: Iron Hands|Quark Drive|[silent]\n|switch|p2a: Chien-Pao|Chien-Pao, L50|100\/100\n|-ability|p2a: Chien-Pao|Sword of Ruin\n|move|p1b: Indeedee|Helping Hand|p1a: Roaring Moon\n|-singleturn|p1a: Roaring Moon|Helping Hand|[of] p1b: Indeedee\n|move|p2b: Ogerpon|Spiky Shield|p2b: Ogerpon\n|-singleturn|p2b: Ogerpon|move: Protect\n|move|p1a: Roaring Moon|U-turn|p2b: Ogerpon\n|-activate|p2b: Ogerpon|move: Protect\n|-damage|p1a: Roaring Moon|0 fnt|[from] Spiky Shield|[of] p2b: Ogerpon\n|faint|p1a: Roaring Moon\n|-end|p1a: Roaring Moon|Protosynthesis|[silent]\n|\n|upkeep\n|\n|t:|1700591873\n|switch|p1a: Armarouge|Armarouge, L50, M|100\/100\n|turn|3\n|\n|t:|1700591885\n|move|p1a: Armarouge|Endure|p1a: Armarouge\n|-singleturn|p1a: Armarouge|move: Endure\n|move|p2a: Chien-Pao|Ice Spinner|p1b: Indeedee\n|-damage|p1b: Indeedee|56\/100\n|-fieldend|move: Psychic Terrain\n|move|p2b: Ogerpon|Ivy Cudgel|p1b: Indeedee|[anim] Ivy Cudgel Water\n|-damage|p1b: Indeedee|11\/100\n|move|p1b: Indeedee|Dazzling Gleam|p2a: Chien-Pao|[spread] p2a,p2b\n|-supereffective|p2a: Chien-Pao\n|-damage|p2a: Chien-Pao|60\/100\n|-damage|p2b: Ogerpon|64\/100\n|\n|upkeep\n|turn|4\n|inactive|clockworkmango has 30 seconds left.\n|inactive|taco_bowl_mx has 30 seconds left.\n|\n|t:|1700591918\n|-terastallize|p1a: Armarouge|Psychic\n|move|p2b: Ogerpon|Follow Me|p2b: Ogerpon\n|-singleturn|p2b: Ogerpon|move: Follow Me\n|move|p1b: Indeedee|Follow Me|p1b: Indeedee\n|-singleturn|p1b: Indeedee|move: Follow Me\n|move|p2a: Chien-Pao|Sucker Punch||[still]\n|-fail|p2a: Chien-Pao\n|move|p1a: Armarouge|Heat Wave|p2b: Ogerpon|[spread] p2a,p2b\n|-supereffective|p2a: Chien-Pao\n|-damage|p2a: Chien-Pao|0 fnt\n|-damage|p2b: Ogerpon|23\/100\n|faint|p2a: Chien-Pao\n|\n|upkeep\n|\n|t:|1700591929\n|switch|p2a: Iron Hands|Iron Hands, L50, shiny|100\/100\n|turn|5\n|\n|t:|1700591949\n|switch|p2b: Heatran|Heatran, L50, M|100\/100\n|switch|p1b: Ursaluna|Ursaluna, L50, M|100\/100\n|move|p1a: Armarouge|Endure|p1a: Armarouge\n|-singleturn|p1a: Armarouge|move: Endure\n|move|p2a: Iron Hands|Fake Out|p1b: Ursaluna\n|-damage|p1b: Ursaluna|90\/100\n|\n|-status|p1b: Ursaluna|brn|[from] item: Flame Orb\n|upkeep\n|turn|6\n|inactive|clockworkmango has 30 seconds left.\n|inactive|taco_bowl_mx has 30 seconds left.\n|\n|t:|1700591977\n|switch|p1b: Indeedee|Indeedee-F, L50, F|11\/100\n|-fieldstart|move: Psychic Terrain|[from] ability: Psychic Surge|[of] p1b: Indeedee\n|-terastallize|p2b: Heatran|Grass\n|move|p1a: Armarouge|Expanding Force|p2b: Heatran|[spread] p2a,p2b\n|-supereffective|p2a: Iron Hands\n|-damage|p2a: Iron Hands|0 fnt\n|-damage|p2b: Heatran|30\/100\n|faint|p2a: Iron Hands\n|-end|p2a: Iron Hands|Quark Drive|[silent]\n|move|p2b: Heatran|Heat Wave|p1b: Indeedee|[spread] p1a,p1b\n|-damage|p1a: Armarouge|51\/100\n|-damage|p1b: Indeedee|0 fnt\n|faint|p1b: Indeedee\n|\n|-heal|p2b: Heatran|36\/100|[from] item: Leftovers\n|upkeep\n|\n|t:|1700591994\n|switch|p1b: Ursaluna|Ursaluna, L50, M|90\/100 brn\n|switch|p2a: Ogerpon|Ogerpon-Wellspring, L50, F|23\/100\n|turn|7\n|\n|t:|1700592019\n|move|p2a: Ogerpon|Spiky Shield|p2a: Ogerpon\n|-singleturn|p2a: Ogerpon|move: Protect\n|move|p1a: Armarouge|Endure|p1a: Armarouge\n|-singleturn|p1a: Armarouge|move: Endure\n|move|p2b: Heatran|Protect|p2b: Heatran\n|-singleturn|p2b: Heatran|Protect\n|move|p1b: Ursaluna|Facade|p2b: Heatran\n|-activate|p2b: Heatran|move: Protect\n|\n|-heal|p2b: Heatran|42\/100|[from] item: Leftovers\n|-damage|p1b: Ursaluna|84\/100 brn|[from] brn\n|upkeep\n|turn|8\n|\n|t:|1700592039\n|move|p2a: Ogerpon|Ivy Cudgel|p1a: Armarouge|[anim] Ivy Cudgel Water\n|-damage|p1a: Armarouge|0 fnt\n|faint|p1a: Armarouge\n|move|p2b: Heatran|Heat Wave|p1b: Ursaluna|[miss]\n|-miss|p2b: Heatran|p1b: Ursaluna\n|move|p1b: Ursaluna|Facade|p2a: Ogerpon\n|-damage|p2a: Ogerpon|0 fnt\n|faint|p2a: Ogerpon\n|\n|-heal|p2b: Heatran|48\/100|[from] item: Leftovers\n|-damage|p1b: Ursaluna|78\/100 brn|[from] brn\n|upkeep\n|turn|9\n|\n|t:|1700592054\n|move|p2b: Heatran|Protect|p2b: Heatran\n|-singleturn|p2b: Heatran|Protect\n|move|p1b: Ursaluna|Facade|p2b: Heatran\n|-activate|p2b: Heatran|move: Protect\n|\n|-heal|p2b: Heatran|55\/100|[from] item: Leftovers\n|-damage|p1b: Ursaluna|72\/100 brn|[from] brn\n|upkeep\n|turn|10\n|\n|t:|1700592067\n|move|p2b: Heatran|Heat Wave|p1b: Ursaluna|[miss]\n|-miss|p2b: Heatran|p1b: Ursaluna\n|move|p1b: Ursaluna|Facade|p2b: Heatran\n|-damage|p2b: Heatran|0 fnt\n|faint|p2b: Heatran\n|\n|win|clockworkmango\n|raw|clockworkmango's rating: 1361 &rarr; <strong>1382<\/strong><br \/>(+21 for winning)\n|raw|taco_bowl_mx's rating: 1379 &rarr; <strong>1358<\/strong><br \/>(-21 for losing)\n","uploadtime":1700592081,"views":1,"p1id":"clockworkmango","p2id":"tacobowlmx","formatid":"gen9vgc2023regulatione","rating":1358,"private":0,"password":""}