{"id":"gen9vgc2023regulatione-1994978619","p1":"secretstudent","p2":"Aytheta","format":"[Gen 9] VGC 2023 Regulation E","log":"|j|\u2606secretstudent\n|j|\u2606Aytheta\n|t:|1700509949\n|gametype|doubles\n|player|p1|secretstudent|beauty|1023\n|player|p2|Aytheta|shauntal|1028\n|teamsize|p1|6\n|teamsize|p2|4\n|gen|9\n|tier|[Gen 9] VGC 2023 Regulation E\n|rated|\n|rule|Species Clause: Limit one of each Pok\u00e9mon\n|rule|Item Clause: Limit one of each item\n|clearpoke\n|poke|p1|Chien-Pao, L50|\n|poke|p1|Amoonguss, L50, M|\n|poke|p1|Hatterene, L50, F|\n|poke|p1|Gyarados, L50, F|\n|poke|p1|Volcarona, L50, F|\n|poke|p1|Ogerpon, L50, F|\n|poke|p2|Sableye, L50, M|\n|poke|p2|Chi-Yu, L50|\n|poke|p2|Ogerpon-Wellspring, L50, F|\n|poke|p2|Iron Hands, L50|\n|teampreview|4\n|inactive|Battle timer is ON: inactive players will automatically lose when time's up. (requested by Aytheta)\nAytheta rejected open team sheets.\n|inactive|secretstudent has 60 seconds left.\n|\n|t:|1700509984\n|start\n|switch|p1a: Hatterene|Hatterene, L50, F|100\/100\n|switch|p1b: Amoonguss|Amoonguss, L50, M|100\/100\n|switch|p2a: Gobbo|Sableye, L50, M|100\/100\n|switch|p2b: Chi-Yu|Chi-Yu, L50|100\/100\n|-ability|p2b: Chi-Yu|Beads of Ruin\n|turn|1\n|inactive|Aytheta has 30 seconds left.\n|\n|t:|1700510013\n|move|p2a: Gobbo|Helping Hand|p2b: Chi-Yu\n|-singleturn|p2b: Chi-Yu|Helping Hand|[of] p2a: Gobbo\n|move|p1b: Amoonguss|Protect|p1b: Amoonguss\n|-singleturn|p1b: Amoonguss|Protect\n|move|p2b: Chi-Yu|Heat Wave|p1a: Hatterene|[spread] p1a\n|-activate|p1b: Amoonguss|move: Protect\n|-damage|p1a: Hatterene|0 fnt\n|faint|p1a: Hatterene\n|-damage|p2b: Chi-Yu|91\/100|[from] item: Life Orb\n|\n|upkeep\n|\n|t:|1700510033\n|switch|p1a: Chien-Pao|Chien-Pao, L50|100\/100\n|-ability|p1a: Chien-Pao|Sword of Ruin\n|turn|2\n|\n|t:|1700510048\n|-terastallize|p1b: Amoonguss|Water\n|move|p1a: Chien-Pao|Protect|p1a: Chien-Pao\n|-singleturn|p1a: Chien-Pao|Protect\n|move|p2a: Gobbo|Quash|p1a: Chien-Pao\n|-activate|p1a: Chien-Pao|move: Protect\n|move|p2b: Chi-Yu|Heat Wave|p1b: Amoonguss|[spread] p1b\n|-activate|p1a: Chien-Pao|move: Protect\n|-resisted|p1b: Amoonguss\n|-damage|p1b: Amoonguss|67\/100\n|-damage|p2b: Chi-Yu|81\/100|[from] item: Life Orb\n|move|p1b: Amoonguss|Spore|p2b: Chi-Yu\n|-status|p2b: Chi-Yu|slp|[from] move: Spore\n|\n|upkeep\n|turn|3\n|\n|t:|1700510073\n|switch|p2b: Iron Plug|Iron Hands, L50|100\/100\n|move|p1b: Amoonguss|Rage Powder|p1b: Amoonguss\n|-singleturn|p1b: Amoonguss|move: Rage Powder\n|move|p2a: Gobbo|Encore|p1b: Amoonguss\n|-start|p1b: Amoonguss|Encore\n|move|p1a: Chien-Pao|Sacred Sword|p2b: Iron Plug\n|-damage|p2b: Iron Plug|74\/100\n|\n|upkeep\n|turn|4\n|inactive|Aytheta has 30 seconds left.\n|\n|t:|1700510102\n|switch|p1a: Ogerpon|Ogerpon, L50, F|100\/100\n|move|p1b: Amoonguss|Rage Powder|p1b: Amoonguss\n|-singleturn|p1b: Amoonguss|move: Rage Powder\n|move|p2a: Gobbo|Will-O-Wisp|p1b: Amoonguss\n|-status|p1b: Amoonguss|brn\n|move|p2b: Iron Plug|Wild Charge|p1b: Amoonguss\n|-supereffective|p1b: Amoonguss\n|-damage|p1b: Amoonguss|0 fnt\n|faint|p1b: Amoonguss\n|-damage|p2b: Iron Plug|60\/100|[from] Recoil\n|\n|upkeep\n|\n|t:|1700510114\n|switch|p1b: Chien-Pao|Chien-Pao, L50|100\/100\n|-ability|p1b: Chien-Pao|Sword of Ruin\n|turn|5\n|inactive|secretstudent has 30 seconds left.\n|\n|t:|1700510141\n|move|p1b: Chien-Pao|Protect|p1b: Chien-Pao\n|-singleturn|p1b: Chien-Pao|Protect\n|move|p2a: Gobbo|Will-O-Wisp|p1a: Ogerpon\n|-status|p1a: Ogerpon|brn\n|move|p1a: Ogerpon|Ivy Cudgel|p2a: Gobbo\n|-damage|p2a: Gobbo|41\/100\n|-damage|p1a: Ogerpon|91\/100 brn|[from] item: Life Orb\n|move|p2b: Iron Plug|Drain Punch|p1b: Chien-Pao\n|-activate|p1b: Chien-Pao|move: Protect\n|\n|-damage|p1a: Ogerpon|85\/100 brn|[from] brn\n|upkeep\n|turn|6\n|\n|t:|1700510165\n|move|p2a: Gobbo|Quash|p1a: Ogerpon\n|-activate|p1a: Ogerpon|move: Quash\n|move|p1b: Chien-Pao|Icicle Crash|p2a: Gobbo\n|-damage|p2a: Gobbo|0 fnt\n|faint|p2a: Gobbo\n|move|p2b: Iron Plug|Drain Punch|p1b: Chien-Pao\n|-supereffective|p1b: Chien-Pao\n|-enditem|p1b: Chien-Pao|Focus Sash\n|-damage|p1b: Chien-Pao|1\/100\n|-heal|p2b: Iron Plug|89\/100|[from] drain|[of] p1b: Chien-Pao\n|move|p1a: Ogerpon|Stomping Tantrum|p2b: Iron Plug\n|-supereffective|p2b: Iron Plug\n|-damage|p2b: Iron Plug|59\/100\n|-damage|p1a: Ogerpon|75\/100 brn|[from] item: Life Orb\n|\n|-damage|p1a: Ogerpon|70\/100 brn|[from] brn\n|upkeep\n|\n|t:|1700510180\n|switch|p2a: Ogerpon|Ogerpon-Wellspring, L50, F|100\/100\n|turn|7\n|\n|t:|1700510197\n|move|p2a: Ogerpon|Follow Me|p2a: Ogerpon\n|-singleturn|p2a: Ogerpon|move: Follow Me\n|move|p1b: Chien-Pao|Sucker Punch||[still]\n|-fail|p1b: Chien-Pao\n|move|p1a: Ogerpon|Ivy Cudgel|p2a: Ogerpon\n|-damage|p2a: Ogerpon|53\/100\n|-damage|p1a: Ogerpon|60\/100 brn|[from] item: Life Orb\n|move|p2b: Iron Plug|Volt Switch|p1b: Chien-Pao\n|-damage|p1b: Chien-Pao|0 fnt\n|faint|p1b: Chien-Pao\n|\n|t:|1700510210\n|-end|p2b: Iron Plug|Quark Drive|[silent]\n|switch|p2b: Chi-Yu|Chi-Yu, L50|81\/100 slp|[from] Volt Switch\n|-ability|p2b: Chi-Yu|Beads of Ruin\n|\n|-damage|p1a: Ogerpon|54\/100 brn|[from] brn\n|upkeep\n|turn|8\n|c|\u2606secretstudent|gg\n|-message|secretstudent forfeited.\n|\n|win|Aytheta\n|raw|secretstudent's rating: 1023 &rarr; <strong>1010<\/strong><br \/>(-13 for losing)\n|raw|Aytheta's rating: 1028 &rarr; <strong>1063<\/strong><br \/>(+35 for winning)\n","uploadtime":1700510219,"views":2,"p1id":"secretstudent","p2id":"aytheta","formatid":"gen9vgc2023regulatione","rating":1010,"private":0,"password":""}