{"id":"gen9vgc2023regulatione-1989381899","p1":"Dedenne13","p2":"Edanii04","format":"[Gen 9] VGC 2023 Regulation E","log":"|j|\u2606Dedenne13\n|j|\u2606Edanii04\n|t:|1699843161\n|gametype|doubles\n|player|p1|Dedenne13|grimsley|1163\n|player|p2|Edanii04|misty|1136\n|teamsize|p1|6\n|teamsize|p2|6\n|gen|9\n|tier|[Gen 9] VGC 2023 Regulation E\n|rated|\n|rule|Species Clause: Limit one of each Pok\u00e9mon\n|rule|Item Clause: Limit one of each item\n|clearpoke\n|poke|p1|Empoleon, L50, F|\n|poke|p1|Tornadus, L50, M|\n|poke|p1|Ninetales-Alola, L50, M|\n|poke|p1|Sinistcha, L50|\n|poke|p1|Okidogi, L50, M|\n|poke|p1|Urshifu-*, L50, M|\n|poke|p2|Flutter Mane, L50|\n|poke|p2|Iron Hands, L50|\n|poke|p2|Tornadus, L50, M|\n|poke|p2|Urshifu-*, L50, M|\n|poke|p2|Ogerpon-Wellspring, L50, F|\n|poke|p2|Amoonguss, L50, M|\n|teampreview|4\n|inactive|Battle timer is ON: inactive players will automatically lose when time's up. (requested by Edanii04)\n|\n|t:|1699843197\n|start\n|switch|p1a: Tornadus|Tornadus, L50, M|100\/100\n|switch|p1b: Okidogi|Okidogi, L50, M|100\/100\n|switch|p2a: Tornadus|Tornadus, L50, M|100\/100\n|switch|p2b: Iron Hands|Iron Hands, L50, shiny|100\/100\n|turn|1\n|inactive|Edanii04 has 30 seconds left.\n|\n|t:|1699843223\n|move|p1b: Okidogi|Protect|p1b: Okidogi\n|-singleturn|p1b: Okidogi|Protect\n|move|p2b: Iron Hands|Fake Out|p1a: Tornadus\n|-damage|p1a: Tornadus|76\/100\n|move|p1a: Tornadus|Tailwind|p1a: Tornadus\n|-sidestart|p1: Dedenne13|move: Tailwind\n|move|p2a: Tornadus|Tailwind|p2a: Tornadus\n|-sidestart|p2: Edanii04|move: Tailwind\n|\n|upkeep\n|turn|2\n|\n|t:|1699843248\n|move|p1a: Tornadus|Taunt|p2a: Tornadus\n|-start|p2a: Tornadus|move: Taunt\n|move|p2a: Tornadus|Bleakwind Storm|p1b: Okidogi|[spread] p1a\n|-miss|p2a: Tornadus|p1b: Okidogi\n|-damage|p1a: Tornadus|31\/100\n|move|p1b: Okidogi|Bulk Up|p1b: Okidogi\n|-boost|p1b: Okidogi|atk|1\n|-boost|p1b: Okidogi|def|1\n|move|p2b: Iron Hands|Wild Charge|p1a: Tornadus\n|-supereffective|p1a: Tornadus\n|-damage|p1a: Tornadus|0 fnt\n|faint|p1a: Tornadus\n|-damage|p2b: Iron Hands|96\/100|[from] Recoil\n|\n|upkeep\n|\n|t:|1699843263\n|switch|p1a: Ninetales|Ninetales-Alola, L50, M|100\/100\n|-weather|Snow|[from] ability: Snow Warning|[of] p1a: Ninetales\n|turn|3\n|\n|t:|1699843272\n|move|p1a: Ninetales|Moonblast|p2b: Iron Hands\n|-supereffective|p2b: Iron Hands\n|-damage|p2b: Iron Hands|64\/100\n|-unboost|p2b: Iron Hands|spa|1\n|move|p2a: Tornadus|Bleakwind Storm|p1a: Ninetales|[spread] \n|-miss|p2a: Tornadus|p1a: Ninetales\n|-miss|p2a: Tornadus|p1b: Okidogi\n|move|p1b: Okidogi|Poison Jab|p2a: Tornadus\n|-damage|p2a: Tornadus|15\/100\n|move|p2b: Iron Hands|Heavy Slam|p1a: Ninetales\n|-supereffective|p1a: Ninetales\n|-damage|p1a: Ninetales|0 fnt\n|faint|p1a: Ninetales\n|\n|-weather|Snow|[upkeep]\n|upkeep\n|\n|t:|1699843282\n|switch|p1a: Empoleon|Empoleon, L50, F|100\/100\n|turn|4\n|\n|t:|1699843297\n|move|p2a: Tornadus|Bleakwind Storm|p1a: Empoleon|[spread] p1a,p1b\n|-resisted|p1a: Empoleon\n|-supereffective|p1b: Okidogi\n|-damage|p1a: Empoleon|91\/100\n|-damage|p1b: Okidogi|46\/100\n|move|p1b: Okidogi|Drain Punch|p2b: Iron Hands\n|-damage|p2b: Iron Hands|22\/100\n|-heal|p1b: Okidogi|74\/100|[from] drain|[of] p2b: Iron Hands\n|move|p1a: Empoleon|Blizzard|p2a: Tornadus|[spread] p2a,p2b\n|-supereffective|p2a: Tornadus\n|-damage|p2a: Tornadus|0 fnt\n|-damage|p2b: Iron Hands|5\/100\n|faint|p2a: Tornadus\n|move|p2b: Iron Hands|Drain Punch|p1a: Empoleon\n|-supereffective|p1a: Empoleon\n|-damage|p1a: Empoleon|0 fnt\n|-heal|p2b: Iron Hands|38\/100|[from] drain|[of] p1a: Empoleon\n|faint|p1a: Empoleon\n|\n|-weather|Snow|[upkeep]\n|-heal|p1b: Okidogi|81\/100|[from] item: Leftovers\n|-sideend|p1: Dedenne13|move: Tailwind\n|-sideend|p2: Edanii04|move: Tailwind\n|upkeep\n|\n|t:|1699843318\n|switch|p2a: Urshifu|Urshifu-Rapid-Strike, L50, M|100\/100\n|turn|5\n|\n|t:|1699843325\n|-terastallize|p2a: Urshifu|Water\n|move|p2a: Urshifu|Surging Strikes|p1b: Okidogi\n|-crit|p1b: Okidogi\n|-damage|p1b: Okidogi|55\/100\n|-crit|p1b: Okidogi\n|-damage|p1b: Okidogi|30\/100\n|-crit|p1b: Okidogi\n|-damage|p1b: Okidogi|2\/100\n|-hitcount|p1b: Okidogi|3\n|move|p1b: Okidogi|Drain Punch|p2a: Urshifu\n|-damage|p2a: Urshifu|35\/100\n|-heal|p1b: Okidogi|31\/100|[from] drain|[of] p2a: Urshifu\n|move|p2b: Iron Hands|Drain Punch|p1b: Okidogi\n|-resisted|p1b: Okidogi\n|-damage|p1b: Okidogi|18\/100\n|-heal|p2b: Iron Hands|43\/100|[from] drain|[of] p1b: Okidogi\n|\n|-weather|Snow|[upkeep]\n|-heal|p1b: Okidogi|24\/100|[from] item: Leftovers\n|upkeep\n|turn|6\n|\n|t:|1699843347\n|move|p2a: Urshifu|Surging Strikes|p1b: Okidogi\n|-crit|p1b: Okidogi\n|-damage|p1b: Okidogi|0 fnt\n|faint|p1b: Okidogi\n|-hitcount|p1: Okidogi|1\n|\n|win|Edanii04\n|raw|Dedenne13's rating: 1163 &rarr; <strong>1136<\/strong><br \/>(-27 for losing)\n|raw|Edanii04's rating: 1136 &rarr; <strong>1163<\/strong><br \/>(+27 for winning)\n","uploadtime":1699843355,"views":16,"p1id":"dedenne13","p2id":"edanii04","formatid":"gen9vgc2023regulatione","rating":1136,"private":0,"password":""}