{"id":"gen9vgc2023regulatione-1998503351","p1":"BIGCOLIN","p2":"scottflyboy","format":"[Gen 9] VGC 2023 Regulation E","log":"|j|\u2606BIGCOLIN\n|j|\u2606scottflyboy\n|n|\u2606BIGCOLIN|bigcolin\n|n|\u2606scottflyboy|scottflyboy\n|html|View the match progress at <a href=\"\/game-bestof3-gen9vgc2023regulatione-1998501035\">game-bestof3-gen9vgc2023regulatione-1998501035<\/a>\n|t:|1700949714\n|gametype|doubles\n|player|p1|BIGCOLIN|2|\n|player|p2|scottflyboy|blackbelt-gen4|\n|teamsize|p1|6\n|teamsize|p2|6\n|gen|9\n|tier|[Gen 9] VGC 2023 Regulation E\n|rule|Species Clause: Limit one of each Pok\u00e9mon\n|rule|Item Clause: Limit one of each item\n|clearpoke\n|poke|p1|Urshifu-*, L50, F|\n|poke|p1|Sinistcha, L50|\n|poke|p1|Ursaluna, L50, M|\n|poke|p1|Arcanine, L50, M|\n|poke|p1|Cresselia, L50, F|\n|poke|p1|Kommo-o, L50, F|\n|poke|p2|Dragapult, L50, M|\n|poke|p2|Urshifu-*, L50, M|\n|poke|p2|Garchomp, L50, M|\n|poke|p2|Tyranitar, L50, M|\n|poke|p2|Sylveon, L50, F|\n|poke|p2|Farigiraf, L50, F|\n|teampreview|4\n|\n|t:|1700949753\n|start\n|switch|p1a: Sinistcha|Sinistcha, L50|100\/100\n|switch|p1b: Kommo-o|Kommo-o, L50, F|100\/100\n|switch|p2a: Tyranitar|Tyranitar, L50, M|100\/100\n|switch|p2b: Urshifu|Urshifu, L50, M|100\/100\n|-weather|Sandstorm|[from] ability: Sand Stream|[of] p2a: Tyranitar\n|turn|1\n|\n|t:|1700949781\n|move|p1a: Sinistcha|Rage Powder|p1a: Sinistcha\n|-singleturn|p1a: Sinistcha|move: Rage Powder\n|move|p1b: Kommo-o|Clangorous Soul|p1b: Kommo-o\n|-boost|p1b: Kommo-o|atk|1\n|-boost|p1b: Kommo-o|def|1\n|-boost|p1b: Kommo-o|spa|1\n|-boost|p1b: Kommo-o|spd|1\n|-boost|p1b: Kommo-o|spe|1\n|-damage|p1b: Kommo-o|68\/100\n|-enditem|p1b: Kommo-o|Throat Spray\n|-boost|p1b: Kommo-o|spa|1|[from] item: Throat Spray\n|move|p2b: Urshifu|U-turn|p1a: Sinistcha\n|-damage|p1a: Sinistcha|66\/100\n|\n|t:|1700949793\n|switch|p2b: Sylveon|Sylveon, L50, F|100\/100|[from] U-turn\n|move|p2a: Tyranitar|Fire Punch|p1a: Sinistcha\n|-supereffective|p1a: Sinistcha\n|-damage|p1a: Sinistcha|13\/100\n|\n|-weather|Sandstorm|[upkeep]\n|-damage|p1b: Kommo-o|62\/100|[from] Sandstorm\n|-damage|p1a: Sinistcha|7\/100|[from] Sandstorm\n|-damage|p2b: Sylveon|95\/100|[from] Sandstorm\n|-heal|p2b: Sylveon|100\/100|[from] item: Leftovers\n|upkeep\n|turn|2\n|\n|t:|1700949830\n|-terastallize|p1b: Kommo-o|Steel\n|move|p2b: Sylveon|Protect|p2b: Sylveon\n|-singleturn|p2b: Sylveon|Protect\n|move|p1a: Sinistcha|Rage Powder|p1a: Sinistcha\n|-singleturn|p1a: Sinistcha|move: Rage Powder\n|move|p1b: Kommo-o|Flash Cannon|p2b: Sylveon\n|-activate|p2b: Sylveon|move: Protect\n|move|p2a: Tyranitar|Fire Punch|p1a: Sinistcha\n|-supereffective|p1a: Sinistcha\n|-crit|p1a: Sinistcha\n|-damage|p1a: Sinistcha|0 fnt\n|faint|p1a: Sinistcha\n|\n|-weather|Sandstorm|[upkeep]\n|-damage|p2b: Sylveon|95\/100|[from] Sandstorm\n|-heal|p2b: Sylveon|100\/100|[from] item: Leftovers\n|upkeep\n|\n|t:|1700949847\n|switch|p1a: Cresselia|Cresselia, L50, F|100\/100\n|turn|3\n|\n|t:|1700949861\n|move|p1a: Cresselia|Helping Hand|p1b: Kommo-o\n|-singleturn|p1b: Kommo-o|Helping Hand|[of] p1a: Cresselia\n|move|p2b: Sylveon|Endure||[still]\n|-fail|p2b: Sylveon\n|move|p1b: Kommo-o|Flash Cannon|p2b: Sylveon\n|-supereffective|p2b: Sylveon\n|-damage|p2b: Sylveon|0 fnt\n|faint|p2b: Sylveon\n|move|p2a: Tyranitar|Fire Punch|p1b: Kommo-o\n|-supereffective|p1b: Kommo-o\n|-damage|p1b: Kommo-o|30\/100\n|-status|p1b: Kommo-o|brn\n|\n|-weather|Sandstorm|[upkeep]\n|-damage|p1a: Cresselia|94\/100|[from] Sandstorm\n|-heal|p1a: Cresselia|100\/100|[from] item: Leftovers\n|-damage|p1b: Kommo-o|24\/100 brn|[from] brn\n|upkeep\n|\n|t:|1700949880\n|switch|p2b: Urshifu|Urshifu, L50, M|100\/100\n|turn|4\n|\n|t:|1700949923\n|move|p1a: Cresselia|Helping Hand|p1b: Kommo-o\n|-singleturn|p1b: Kommo-o|Helping Hand|[of] p1a: Cresselia\n|move|p1b: Kommo-o|Clanging Scales|p2a: Tyranitar|[spread] p2a,p2b\n|-damage|p2a: Tyranitar|59\/100\n|-damage|p2b: Urshifu|0 fnt\n|faint|p2b: Urshifu\n|-unboost|p1b: Kommo-o|def|1\n|move|p2a: Tyranitar|Fire Punch|p1a: Cresselia\n|-damage|p1a: Cresselia|86\/100\n|\n|-weather|Sandstorm|[upkeep]\n|-damage|p1a: Cresselia|80\/100|[from] Sandstorm\n|-heal|p1a: Cresselia|86\/100|[from] item: Leftovers\n|-damage|p1b: Kommo-o|18\/100 brn|[from] brn\n|upkeep\n|\n|t:|1700949936\n|switch|p2b: Dragapult|Dragapult, L50, M|100\/100\n|turn|5\n|\n|t:|1700949952\n|move|p1b: Kommo-o|Aura Sphere|p2a: Tyranitar\n|-supereffective|p2a: Tyranitar\n|-damage|p2a: Tyranitar|0 fnt\n|faint|p2a: Tyranitar\n|move|p2b: Dragapult|Fire Blast|p1a: Cresselia\n|-damage|p1a: Cresselia|59\/100\n|-damage|p2b: Dragapult|91\/100|[from] item: Life Orb\n|move|p1a: Cresselia|Lunar Blessing|p1a: Cresselia|[spread] p1a,p1b\n|-heal|p1a: Cresselia|84\/100\n|-heal|p1b: Kommo-o|42\/100 brn\n|-curestatus|p1b: Kommo-o|brn|[msg]\n|\n|-weather|none\n|-heal|p1a: Cresselia|90\/100|[from] item: Leftovers\n|upkeep\n|turn|6\n|\n|t:|1700949968\n|move|p1b: Kommo-o|Clanging Scales|p2b: Dragapult\n|-supereffective|p2b: Dragapult\n|-damage|p2b: Dragapult|0 fnt\n|faint|p2b: Dragapult\n|\n|win|BIGCOLIN\n|l|\u2606scottflyboy\n","uploadtime":1700950053,"views":4,"p1id":"bigcolin","p2id":"scottflyboy","formatid":"gen9vgc2023regulatione","rating":0,"private":0,"password":""}