{"id":"gen9vgc2023regulatione-1988750812","p1":"TheBeast251","p2":"Alienatedfob1","format":"[Gen 9] VGC 2023 Regulation E","log":"|j|\u2606TheBeast251\n|j|\u2606Alienatedfob1\n|t:|1699758411\n|gametype|doubles\n|player|p1|TheBeast251|flannery|1128\n|player|p2|Alienatedfob1|riley|1146\n|teamsize|p1|6\n|teamsize|p2|6\n|gen|9\n|tier|[Gen 9] VGC 2023 Regulation E\n|rated|\n|rule|Species Clause: Limit one of each Pok\u00e9mon\n|rule|Item Clause: Limit one of each item\n|clearpoke\n|poke|p1|Arcanine, L50, F|\n|poke|p1|Iron Valiant, L50|\n|poke|p1|Milotic, L50, M|\n|poke|p1|Kommo-o, L50, F|\n|poke|p1|Sneasler, L50, M|\n|poke|p1|Rillaboom, L50, M|\n|poke|p2|Flutter Mane, L50|\n|poke|p2|Ogerpon-Hearthflame, L50, F|\n|poke|p2|Iron Hands, L50|\n|poke|p2|Tornadus, L50, M|\n|poke|p2|Urshifu-*, L50, M|\n|poke|p2|Rillaboom, L50, F|\n|teampreview|4\n|\n|t:|1699758460\n|start\n|switch|p1a: Milotic|Milotic, L50, M, shiny|100\/100\n|switch|p1b: Kommo-o|Kommo-o, L50, F, shiny|100\/100\n|switch|p2a: Flutter Mane|Flutter Mane, L50|100\/100\n|switch|p2b: Iron Hands|Iron Hands, L50|100\/100\n|turn|1\n|inactive|Battle timer is ON: inactive players will automatically lose when time's up. (requested by TheBeast251)\n|\n|t:|1699758477\n|-terastallize|p1b: Kommo-o|Steel\n|move|p2b: Iron Hands|Fake Out|p1a: Milotic\n|-damage|p1a: Milotic|89\/100\n|move|p2a: Flutter Mane|Dazzling Gleam|p1a: Milotic|[spread] p1a,p1b\n|-resisted|p1b: Kommo-o\n|-damage|p1a: Milotic|56\/100\n|-damage|p1b: Kommo-o|77\/100\n|move|p1b: Kommo-o|Clangorous Soul|p1b: Kommo-o\n|-boost|p1b: Kommo-o|atk|1\n|-boost|p1b: Kommo-o|def|1\n|-boost|p1b: Kommo-o|spa|1\n|-boost|p1b: Kommo-o|spd|1\n|-boost|p1b: Kommo-o|spe|1\n|-damage|p1b: Kommo-o|44\/100\n|-enditem|p1b: Kommo-o|Throat Spray\n|-boost|p1b: Kommo-o|spa|1|[from] item: Throat Spray\n|cant|p1a: Milotic|flinch\n|\n|-heal|p1a: Milotic|62\/100|[from] item: Leftovers\n|upkeep\n|turn|2\n|inactive|Alienatedfob1 has 30 seconds left.\n|\n|t:|1699758504\n|-end|p2a: Flutter Mane|Protosynthesis|[silent]\n|switch|p2a: Ogerpon|Ogerpon-Hearthflame, L50, F|100\/100\n|-ability|p2a: Ogerpon|Mold Breaker\n|move|p1b: Kommo-o|Protect|p1b: Kommo-o\n|-singleturn|p1b: Kommo-o|Protect\n|move|p1a: Milotic|Life Dew|p1a: Milotic|[spread] p1a,p1b\n|-heal|p1a: Milotic|87\/100\n|-heal|p1b: Kommo-o|69\/100\n|move|p2b: Iron Hands|Drain Punch|p1b: Kommo-o\n|-activate|p1b: Kommo-o|move: Protect\n|\n|-heal|p1a: Milotic|93\/100|[from] item: Leftovers\n|upkeep\n|turn|3\n|\n|t:|1699758528\n|move|p1b: Kommo-o|Clanging Scales|p2b: Iron Hands|[spread] p2a,p2b\n|-damage|p2a: Ogerpon|13\/100\n|-damage|p2b: Iron Hands|61\/100\n|-unboost|p1b: Kommo-o|def|1\n|move|p2a: Ogerpon|Horn Leech|p1a: Milotic\n|-supereffective|p1a: Milotic\n|-damage|p1a: Milotic|24\/100\n|-heal|p2a: Ogerpon|59\/100|[from] drain|[of] p1a: Milotic\n|move|p1a: Milotic|Scald|p2a: Ogerpon\n|-damage|p2a: Ogerpon|24\/100\n|move|p2b: Iron Hands|Drain Punch|p1b: Kommo-o\n|-supereffective|p1b: Kommo-o\n|-damage|p1b: Kommo-o|0 fnt\n|-heal|p2b: Iron Hands|82\/100|[from] drain|[of] p1b: Kommo-o\n|faint|p1b: Kommo-o\n|\n|-heal|p1a: Milotic|30\/100|[from] item: Leftovers\n|upkeep\n|\n|t:|1699758536\n|switch|p1b: Arcanine|Arcanine, L50, F, shiny|100\/100\n|-ability|p1b: Arcanine|Intimidate|boost\n|-unboost|p2a: Ogerpon|atk|1\n|-unboost|p2b: Iron Hands|atk|1\n|turn|4\n|\n|t:|1699758560\n|-end|p2b: Iron Hands|Quark Drive|[silent]\n|switch|p2b: Tornadus|Tornadus, L50, M|100\/100\n|-terastallize|p2a: Ogerpon|Fire\n|detailschange|p2a: Ogerpon|Ogerpon-Hearthflame-Tera, L50, F, tera:Fire\n|-ability|p2a: Ogerpon|Embody Aspect (Hearthflame)|boost\n|-boost|p2a: Ogerpon|atk|1\n|move|p1a: Milotic|Protect|p1a: Milotic\n|-singleturn|p1a: Milotic|Protect\n|move|p2a: Ogerpon|Horn Leech|p1a: Milotic\n|-activate|p1a: Milotic|move: Protect\n|move|p1b: Arcanine|Flamethrower|p2a: Ogerpon\n|-resisted|p2a: Ogerpon\n|-damage|p2a: Ogerpon|6\/100\n|\n|-heal|p1a: Milotic|36\/100|[from] item: Leftovers\n|upkeep\n|turn|5\n|c|\u2606TheBeast251|ffs\n|c|\u2606TheBeast251|ur tera let u survive\n|inactive|TheBeast251 has 30 seconds left.\n|c|\u2606TheBeast251|gg\n|c|\u2606Alienatedfob1|gg\n|inactive|TheBeast251 has 20 seconds left.\n|c|\u2606TheBeast251|if this proc doesn't work\n|inactive|TheBeast251 has 15 seconds left.\n|c|\u2606TheBeast251|rng gods\n|c|\u2606TheBeast251|hear my prayers\n|inactive|TheBeast251 has 10 seconds left.\n|\n|t:|1699758607\n|move|p1a: Milotic|Protect||[still]\n|-fail|p1a: Milotic\n|move|p2b: Tornadus|Tailwind|p2b: Tornadus\n|-sidestart|p2: Alienatedfob1|move: Tailwind\n|move|p2a: Ogerpon|Horn Leech|p1a: Milotic\n|-supereffective|p1a: Milotic\n|-damage|p1a: Milotic|0 fnt\n|-heal|p2a: Ogerpon|29\/100|[from] drain|[of] p1a: Milotic\n|faint|p1a: Milotic\n|move|p1b: Arcanine|Flamethrower|p2a: Ogerpon\n|-resisted|p2a: Ogerpon\n|-damage|p2a: Ogerpon|10\/100\n|\n|upkeep\n|c|\u2606TheBeast251|gg\n|\n|t:|1699758613\n|switch|p1a: Sneasler|Sneasler, L50, M, shiny|100\/100\n|turn|6\n|\n|t:|1699758631\n|move|p2a: Ogerpon|Spiky Shield|p2a: Ogerpon\n|-singleturn|p2a: Ogerpon|move: Protect\n|move|p2b: Tornadus|Bleakwind Storm|p1a: Sneasler|[spread] p1a,p1b\n|-supereffective|p1a: Sneasler\n|-damage|p1a: Sneasler|10\/100\n|-damage|p1b: Arcanine|64\/100\n|move|p1a: Sneasler|Dire Claw|p2a: Ogerpon\n|-activate|p2a: Ogerpon|move: Protect\n|-damage|p1a: Sneasler|0 fnt|[from] Spiky Shield|[of] p2a: Ogerpon\n|faint|p1a: Sneasler\n|move|p1b: Arcanine|Will-O-Wisp|p2b: Tornadus|[miss]\n|-miss|p1b: Arcanine|p2b: Tornadus\n|\n|upkeep\n|turn|7\n|c|\u2606TheBeast251|yea rng fucking hates me\n|\n|t:|1699758654\n|move|p2a: Ogerpon|Follow Me|p2a: Ogerpon\n|-singleturn|p2a: Ogerpon|move: Follow Me\n|move|p2b: Tornadus|Rain Dance|p2b: Tornadus\n|-weather|RainDance\n|move|p1b: Arcanine|Morning Sun|p1b: Arcanine\n|-heal|p1b: Arcanine|89\/100\n|\n|-weather|RainDance|[upkeep]\n|upkeep\n|turn|8\n|c|\u2606Alienatedfob1|Wouldn't have effected Tourn too much though\n|\n|t:|1699758678\n|switch|p2a: Iron Hands|Iron Hands, L50|82\/100\n|move|p2b: Tornadus|Bleakwind Storm|p1b: Arcanine\n|-damage|p1b: Arcanine|42\/100\n|-unboost|p1b: Arcanine|spe|1\n|move|p1b: Arcanine|Snarl|p2a: Iron Hands|[spread] p2a,p2b\n|-resisted|p2a: Iron Hands\n|-damage|p2a: Iron Hands|79\/100\n|-damage|p2b: Tornadus|92\/100\n|-unboost|p2a: Iron Hands|spa|1\n|\n|-weather|RainDance|[upkeep]\n|-sideend|p2: Alienatedfob1|move: Tailwind\n|upkeep\n|turn|9\n|inactive|TheBeast251 has 30 seconds left.\n|c|\u2606TheBeast251|it was just for the dmg\n|inactive|TheBeast251 has 20 seconds left.\n|\n|t:|1699758716\n|move|p2a: Iron Hands|Fake Out|p1b: Arcanine\n|-damage|p1b: Arcanine|26\/100\n|move|p2b: Tornadus|Bleakwind Storm|p1b: Arcanine\n|-damage|p1b: Arcanine|0 fnt\n|faint|p1b: Arcanine\n|\n|win|Alienatedfob1\n|raw|TheBeast251's rating: 1128 &rarr; <strong>1104<\/strong><br \/>(-24 for losing)\n|raw|Alienatedfob1's rating: 1146 &rarr; <strong>1170<\/strong><br \/>(+24 for winning)\n|l|\u2606TheBeast251\n|c|\u2606Alienatedfob1|gg\n","uploadtime":1699758730,"views":11,"p1id":"thebeast251","p2id":"alienatedfob1","formatid":"gen9vgc2023regulatione","rating":1104,"private":0,"password":""}