{"id":"gen9vgc2023regulatione-1997760602","p1":"Etan123456789","p2":"SwiretheElegantWit","format":"[Gen 9] VGC 2023 Regulation E","log":"|j|\u2606Etan123456789\n|j|\u2606SwiretheElegantWit\n|t:|1700849785\n|gametype|doubles\n|player|p1|Etan123456789|hiker-gen4|1062\n|player|p2|SwiretheElegantWit|heroine2-conquest|1104\n|teamsize|p1|6\n|teamsize|p2|6\n|gen|9\n|tier|[Gen 9] VGC 2023 Regulation E\n|rated|\n|rule|Species Clause: Limit one of each Pok\u00e9mon\n|rule|Item Clause: Limit one of each item\n|clearpoke\n|poke|p1|Munkidori, L50, M|\n|poke|p1|Mesprit, L50|\n|poke|p1|Hypno, L50, M|\n|poke|p1|Dondozo, L50, F|\n|poke|p1|Tatsugiri-Stretchy, L50, F|\n|poke|p1|Alomomola, L50, F|\n|poke|p2|Sylveon, L50, M|\n|poke|p2|Sinistcha, L50|\n|poke|p2|Pelipper, L50, M|\n|poke|p2|Grimmsnarl, L50, M|\n|poke|p2|Scizor, L50, M|\n|poke|p2|Krookodile, L50, M|\n|teampreview|4\n|\n|t:|1700849801\n|start\n|switch|p1a: Dondozo|Dondozo, L50, F|100\/100\n|switch|p1b: Tatsugiri|Tatsugiri-Stretchy, L50, F|100\/100\n|switch|p2a: Grimmsnarl|Grimmsnarl, L50, M|100\/100\n|switch|p2b: Sylveon|Sylveon, L50, M|100\/100\n|-activate|p1b: Tatsugiri|ability: Commander|[of] p1a: Dondozo\n|-boost|p1a: Dondozo|atk|2\n|-boost|p1a: Dondozo|spa|2\n|-boost|p1a: Dondozo|spe|2\n|-boost|p1a: Dondozo|def|2\n|-boost|p1a: Dondozo|spd|2\n|turn|1\n|inactive|Battle timer is ON: inactive players will automatically lose when time's up. (requested by Etan123456789)\n|\n|t:|1700849818\n|move|p1a: Dondozo|Protect|p1a: Dondozo\n|-singleturn|p1a: Dondozo|Protect\n|move|p2b: Sylveon|Protect|p2b: Sylveon\n|-singleturn|p2b: Sylveon|Protect\n|move|p2a: Grimmsnarl|Reflect|p2a: Grimmsnarl\n|-sidestart|p2: SwiretheElegantWit|Reflect\n|\n|-status|p1b: Tatsugiri|tox|[from] item: Toxic Orb\n|upkeep\n|turn|2\n|\n|t:|1700849836\n|move|p2a: Grimmsnarl|Parting Shot|p1a: Dondozo\n|-unboost|p1a: Dondozo|atk|1\n|-unboost|p1a: Dondozo|spa|1\n|\n|t:|1700849840\n|switch|p2a: Sinistcha|Sinistcha, L50|100\/100|[from] Parting Shot\n|move|p1a: Dondozo|Wave Crash|p2a: Sinistcha\n|-resisted|p2a: Sinistcha\n|-damage|p2a: Sinistcha|77\/100\n|-damage|p1a: Dondozo|94\/100|[from] Recoil\n|move|p2b: Sylveon|Copycat|p2b: Sylveon\n|move|p2b: Sylveon|Wave Crash|p1b: Tatsugiri|[from]move: Copycat|[miss]\n|-miss|p2b: Sylveon|p1b: Tatsugiri\n|\n|-damage|p1b: Tatsugiri|95\/100 tox|[from] psn\n|upkeep\n|turn|3\n|\n|t:|1700849860\n|switch|p2b: Grimmsnarl|Grimmsnarl, L50, M|100\/100\n|-terastallize|p1a: Dondozo|Dragon\n|move|p1a: Dondozo|Order Up|p2a: Sinistcha\n|-damage|p2a: Sinistcha|44\/100\n|-boost|p1a: Dondozo|spe|1\n|move|p2a: Sinistcha|Iron Defense|p2a: Sinistcha\n|-boost|p2a: Sinistcha|def|2\n|\n|-damage|p1b: Tatsugiri|83\/100 tox|[from] psn\n|upkeep\n|turn|4\n|\n|t:|1700849880\n|move|p2b: Grimmsnarl|Parting Shot|p1a: Dondozo\n|-unboost|p1a: Dondozo|atk|1\n|-unboost|p1a: Dondozo|spa|1\n|\n|t:|1700849885\n|switch|p2b: Sylveon|Sylveon, L50, M|100\/100|[from] Parting Shot\n|move|p1a: Dondozo|Wave Crash|p2b: Sylveon\n|-damage|p2b: Sylveon|66\/100\n|-damage|p1a: Dondozo|84\/100|[from] Recoil\n|move|p2a: Sinistcha|Matcha Gotcha|p1b: Tatsugiri|[spread] p1a\n|-miss|p2a: Sinistcha|p1b: Tatsugiri\n|-resisted|p1a: Dondozo\n|-damage|p1a: Dondozo|79\/100\n|-heal|p2a: Sinistcha|47\/100|[from] drain|[of] p1a: Dondozo\n|\n|-heal|p2b: Sylveon|72\/100|[from] item: Leftovers\n|-damage|p1b: Tatsugiri|66\/100 tox|[from] psn\n|upkeep\n|turn|5\n|\n|t:|1700849905\n|move|p1a: Dondozo|Protect|p1a: Dondozo\n|-singleturn|p1a: Dondozo|Protect\n|move|p2a: Sinistcha|Matcha Gotcha|p1a: Dondozo|[spread] \n|-miss|p2a: Sinistcha|p1b: Tatsugiri\n|-activate|p1a: Dondozo|move: Protect\n|move|p2b: Sylveon|Hyper Voice|p1b: Tatsugiri|[spread] \n|-miss|p2b: Sylveon|p1b: Tatsugiri\n|-activate|p1a: Dondozo|move: Protect\n|\n|-heal|p2b: Sylveon|78\/100|[from] item: Leftovers\n|-damage|p1b: Tatsugiri|43\/100 tox|[from] psn\n|upkeep\n|turn|6\n|\n|t:|1700849925\n|move|p1a: Dondozo|Wave Crash|p2b: Sylveon\n|-damage|p2b: Sylveon|44\/100\n|-damage|p1a: Dondozo|68\/100|[from] Recoil\n|move|p2a: Sinistcha|Matcha Gotcha|p1b: Tatsugiri|[spread] p1a\n|-miss|p2a: Sinistcha|p1b: Tatsugiri\n|-resisted|p1a: Dondozo\n|-damage|p1a: Dondozo|64\/100\n|-heal|p2a: Sinistcha|50\/100|[from] drain|[of] p1a: Dondozo\n|move|p2b: Sylveon|Hyper Voice|p1a: Dondozo|[spread] p1a\n|-miss|p2b: Sylveon|p1b: Tatsugiri\n|-supereffective|p1a: Dondozo\n|-damage|p1a: Dondozo|37\/100\n|\n|-heal|p2b: Sylveon|50\/100|[from] item: Leftovers\n|-damage|p1b: Tatsugiri|15\/100 tox|[from] psn\n|upkeep\n|turn|7\n|\n|t:|1700849946\n|move|p1a: Dondozo|Protect|p1a: Dondozo\n|-singleturn|p1a: Dondozo|Protect\n|move|p2a: Sinistcha|Matcha Gotcha|p1a: Dondozo|[spread] \n|-miss|p2a: Sinistcha|p1b: Tatsugiri\n|-activate|p1a: Dondozo|move: Protect\n|move|p2b: Sylveon|Calm Mind|p2b: Sylveon\n|-boost|p2b: Sylveon|spa|1\n|-boost|p2b: Sylveon|spd|1\n|\n|-heal|p2b: Sylveon|55\/100|[from] item: Leftovers\n|-damage|p1b: Tatsugiri|0 fnt|[from] psn\n|faint|p1b: Tatsugiri\n|upkeep\n|\n|t:|1700849953\n|switch|p1b: Hypno|Hypno, L50, M|100\/100\n|turn|8\n|\n|t:|1700849964\n|move|p1a: Dondozo|Order Up|p2a: Sinistcha\n|-damage|p2a: Sinistcha|28\/100\n|-boost|p1a: Dondozo|spe|1\n|move|p1b: Hypno|Psych Up|p1a: Dondozo\n|-copyboost|p1b: Hypno|p1a: Dondozo|[from] move: Psych Up\n|move|p2a: Sinistcha|Shadow Ball|p1b: Hypno\n|-supereffective|p1b: Hypno\n|-damage|p1b: Hypno|67\/100\n|move|p2b: Sylveon|Hyper Voice|p1b: Hypno|[spread] p1a,p1b\n|-supereffective|p1a: Dondozo\n|-damage|p1a: Dondozo|10\/100\n|-damage|p1b: Hypno|42\/100\n|\n|-heal|p2b: Sylveon|61\/100|[from] item: Leftovers\n|-sideend|p2: SwiretheElegantWit|Reflect\n|upkeep\n|turn|9\n|\n|t:|1700849982\n|move|p1a: Dondozo|Protect|p1a: Dondozo\n|-singleturn|p1a: Dondozo|Protect\n|move|p1b: Hypno|Baton Pass|p1b: Hypno\n|\n|t:|1700849986\n|switch|p1b: Munkidori|Munkidori, L50, M|100\/100|[from] Baton Pass\n|move|p2a: Sinistcha|Matcha Gotcha|p1a: Dondozo|[spread] p1b\n|-activate|p1a: Dondozo|move: Protect\n|-resisted|p1b: Munkidori\n|-damage|p1b: Munkidori|94\/100\n|-heal|p2a: Sinistcha|31\/100|[from] drain|[of] p1b: Munkidori\n|-status|p1b: Munkidori|brn\n|move|p2b: Sylveon|Calm Mind|p2b: Sylveon\n|-boost|p2b: Sylveon|spa|1\n|-boost|p2b: Sylveon|spd|1\n|\n|-heal|p2b: Sylveon|67\/100|[from] item: Leftovers\n|-damage|p1b: Munkidori|88\/100 brn|[from] brn\n|upkeep\n|turn|10\n|\n|t:|1700850006\n|switch|p2a: Grimmsnarl|Grimmsnarl, L50, M|100\/100\n|move|p2b: Sylveon|Protect|p2b: Sylveon\n|-singleturn|p2b: Sylveon|Protect\n|move|p1b: Munkidori|Fake Out|p2b: Sylveon\n|-activate|p2b: Sylveon|move: Protect\n|move|p1a: Dondozo|Order Up|p2a: Grimmsnarl\n|-immune|p2a: Grimmsnarl\n|\n|-heal|p2b: Sylveon|73\/100|[from] item: Leftovers\n|-damage|p1b: Munkidori|81\/100 brn|[from] brn\n|upkeep\n|turn|11\n|\n|t:|1700850025\n|-terastallize|p2b: Sylveon|Steel\n|move|p2a: Grimmsnarl|Parting Shot|p1b: Munkidori\n|-unboost|p1b: Munkidori|atk|1\n|-unboost|p1b: Munkidori|spa|1\n|\n|t:|1700850030\n|switch|p2a: Sinistcha|Sinistcha, L50|31\/100|[from] Parting Shot\n|-heal|p2b: Sylveon|98\/100|[from] ability: Hospitality|[of] p2a: Sinistcha\n|move|p1b: Munkidori|Stored Power|p2b: Sylveon\n|-resisted|p2b: Sylveon\n|-damage|p2b: Sylveon|87\/100\n|move|p1a: Dondozo|Rest|p1a: Dondozo\n|-status|p1a: Dondozo|slp|[from] move: Rest\n|-enditem|p1a: Dondozo|Lum Berry|[eat]\n|-curestatus|p1a: Dondozo|slp|[msg]\n|-heal|p1a: Dondozo|100\/100|[silent]\n|move|p2b: Sylveon|Hyper Voice|p1b: Munkidori|[spread] p1a,p1b\n|-supereffective|p1a: Dondozo\n|-resisted|p1b: Munkidori\n|-damage|p1a: Dondozo|73\/100\n|-damage|p1b: Munkidori|61\/100 brn\n|\n|-heal|p2b: Sylveon|93\/100|[from] item: Leftovers\n|-damage|p1b: Munkidori|55\/100 brn|[from] brn\n|upkeep\n|turn|12\n|\n|t:|1700850049\n|move|p1b: Munkidori|Calm Mind|p1b: Munkidori\n|-boost|p1b: Munkidori|spa|1\n|-boost|p1b: Munkidori|spd|1\n|move|p1a: Dondozo|Wave Crash|p2a: Sinistcha\n|-resisted|p2a: Sinistcha\n|-damage|p2a: Sinistcha|8\/100\n|-damage|p1a: Dondozo|67\/100|[from] Recoil\n|move|p2a: Sinistcha|Matcha Gotcha|p1a: Dondozo|[spread] p1a,p1b\n|-resisted|p1a: Dondozo\n|-resisted|p1b: Munkidori\n|-damage|p1a: Dondozo|62\/100\n|-heal|p2a: Sinistcha|11\/100|[from] drain|[of] p1a: Dondozo\n|-damage|p1b: Munkidori|50\/100 brn\n|-heal|p2a: Sinistcha|13\/100|[from] drain|[of] p1b: Munkidori\n|-enditem|p1b: Munkidori|Sitrus Berry|[eat]\n|-heal|p1b: Munkidori|74\/100 brn|[from] item: Sitrus Berry\n|move|p2b: Sylveon|Calm Mind|p2b: Sylveon\n|-boost|p2b: Sylveon|spa|1\n|-boost|p2b: Sylveon|spd|1\n|\n|-heal|p2b: Sylveon|99\/100|[from] item: Leftovers\n|-damage|p1b: Munkidori|68\/100 brn|[from] brn\n|upkeep\n|turn|13\n|\n|t:|1700850074\n|move|p1b: Munkidori|Substitute|p1b: Munkidori\n|-start|p1b: Munkidori|Substitute\n|-damage|p1b: Munkidori|43\/100 brn\n|move|p1a: Dondozo|Wave Crash|p2b: Sylveon\n|-damage|p2b: Sylveon|54\/100\n|-damage|p1a: Dondozo|49\/100|[from] Recoil\n|move|p2a: Sinistcha|Matcha Gotcha|p1b: Munkidori|[spread] p1a\n|-miss|p2a: Sinistcha|p1b: Munkidori\n|-resisted|p1a: Dondozo\n|-damage|p1a: Dondozo|44\/100\n|-heal|p2a: Sinistcha|17\/100|[from] drain|[of] p1a: Dondozo\n|move|p2b: Sylveon|Calm Mind|p2b: Sylveon\n|-boost|p2b: Sylveon|spa|1\n|-boost|p2b: Sylveon|spd|1\n|\n|-heal|p2b: Sylveon|60\/100|[from] item: Leftovers\n|-damage|p1b: Munkidori|37\/100 brn|[from] brn\n|upkeep\n|turn|14\n|\n|t:|1700850097\n|switch|p2a: Grimmsnarl|Grimmsnarl, L50, M|100\/100\n|move|p2b: Sylveon|Protect|p2b: Sylveon\n|-singleturn|p2b: Sylveon|Protect\n|move|p1b: Munkidori|Stored Power|p2a: Grimmsnarl\n|-immune|p2a: Grimmsnarl\n|move|p1a: Dondozo|Wave Crash|p2b: Sylveon\n|-activate|p2b: Sylveon|move: Protect\n|\n|-heal|p2b: Sylveon|66\/100|[from] item: Leftovers\n|-damage|p1b: Munkidori|31\/100 brn|[from] brn\n|upkeep\n|turn|15\n|\n|t:|1700850110\n|move|p1a: Dondozo|Protect|p1a: Dondozo\n|-singleturn|p1a: Dondozo|Protect\n|move|p2a: Grimmsnarl|Reflect|p2a: Grimmsnarl\n|-sidestart|p2: SwiretheElegantWit|Reflect\n|move|p1b: Munkidori|Stored Power|p2b: Sylveon\n|-resisted|p2b: Sylveon\n|-damage|p2b: Sylveon|53\/100\n|move|p2b: Sylveon|Hyper Voice|p1a: Dondozo|[spread] p1b\n|-activate|p1a: Dondozo|move: Protect\n|-resisted|p1b: Munkidori\n|-damage|p1b: Munkidori|7\/100 brn\n|\n|-heal|p2b: Sylveon|59\/100|[from] item: Leftovers\n|-damage|p1b: Munkidori|0 fnt|[from] brn\n|faint|p1b: Munkidori\n|upkeep\n|inactive|Etan123456789 has 30 seconds left.\n|inactive|Etan123456789 has 20 seconds left.\n|inactive|Etan123456789 has 15 seconds left.\n|\n|t:|1700850153\n|switch|p1b: Hypno|Hypno, L50, M|42\/100\n|turn|16\n|inactive|Etan123456789 has 30 seconds left.\n|inactive|Etan123456789 has 20 seconds left.\n|\n|t:|1700850190\n|move|p1a: Dondozo|Protect||[still]\n|-fail|p1a: Dondozo\n|move|p2a: Grimmsnarl|Parting Shot|p1b: Hypno\n|-unboost|p1b: Hypno|atk|1\n|-unboost|p1b: Hypno|spa|1\n|\n|t:|1700850195\n|switch|p2a: Sinistcha|Sinistcha, L50|17\/100|[from] Parting Shot\n|-heal|p2b: Sylveon|84\/100|[from] ability: Hospitality|[of] p2a: Sinistcha\n|move|p1b: Hypno|Psych Up|p1a: Dondozo\n|-copyboost|p1b: Hypno|p1a: Dondozo|[from] move: Psych Up\n|move|p2b: Sylveon|Hyper Voice|p1b: Hypno|[spread] p1a,p1b\n|-supereffective|p1a: Dondozo\n|-damage|p1a: Dondozo|14\/100\n|-damage|p1b: Hypno|0 fnt\n|faint|p1b: Hypno\n|\n|-heal|p2b: Sylveon|90\/100|[from] item: Leftovers\n|upkeep\n|turn|17\n|inactive|Etan123456789 has 30 seconds left.\n|inactive|Etan123456789 has 20 seconds left.\n|inactive|Etan123456789 has 15 seconds left.\n|inactive|Etan123456789 has 10 seconds left.\n|inactive|Etan123456789 has 5 seconds left.\n|\n|t:|1700850250\n|move|p1a: Dondozo|Order Up|p2b: Sylveon\n|-resisted|p2b: Sylveon\n|-damage|p2b: Sylveon|79\/100\n|-boost|p1a: Dondozo|spe|1\n|move|p2a: Sinistcha|Shadow Ball|p1a: Dondozo\n|-damage|p1a: Dondozo|0 fnt\n|faint|p1a: Dondozo\n|\n|win|SwiretheElegantWit\n|raw|Etan123456789's rating: 1062 &rarr; <strong>1045<\/strong><br \/>(-17 for losing)\n|raw|SwiretheElegantWit's rating: 1104 &rarr; <strong>1126<\/strong><br \/>(+22 for winning)\n","uploadtime":1700850266,"views":6,"p1id":"etan123456789","p2id":"swiretheelegantwit","formatid":"gen9vgc2023regulatione","rating":1045,"private":0,"password":""}