{"id":"gen9vgc2023regulatione-1992959547","p1":"LamXYZ","p2":"Pokelaw8","format":"[Gen 9] VGC 2023 Regulation E","log":"|j|\u2606LamXYZ\n|j|\u2606Pokelaw8\n|t:|1700250416\n|gametype|doubles\n|player|p1|LamXYZ|lucas-gen4pt|1216\n|player|p2|Pokelaw8|170|1296\n|teamsize|p1|6\n|teamsize|p2|6\n|gen|9\n|tier|[Gen 9] VGC 2023 Regulation E\n|rated|\n|rule|Species Clause: Limit one of each Pok\u00e9mon\n|rule|Item Clause: Limit one of each item\n|clearpoke\n|poke|p1|Thundurus-Therian, L50, M|\n|poke|p1|Gholdengo, L50|\n|poke|p1|Arcanine-Hisui, L50, M|\n|poke|p1|Urshifu-*, L50, F|\n|poke|p1|Amoonguss, L50, F|\n|poke|p1|Roaring Moon, L50|\n|poke|p2|Ninetales-Alola, L50, F|\n|poke|p2|Baxcalibur, L50, F|\n|poke|p2|Rillaboom, L50, F|\n|poke|p2|Arcanine-Hisui, L50, M|\n|poke|p2|Sinistcha, L50|\n|poke|p2|Gholdengo, L50|\n|teampreview|4\n|inactive|Battle timer is ON: inactive players will automatically lose when time's up. (requested by LamXYZ)\n|inactive|LamXYZ has 60 seconds left.\n|inactive|Pokelaw8 has 60 seconds left.\n|\n|t:|1700250460\n|start\n|switch|p1a: Gholdengo|Gholdengo, L50|100\/100\n|switch|p1b: Urshifu|Urshifu-Rapid-Strike, L50, F|100\/100\n|switch|p2a: Ninetales|Ninetales-Alola, L50, F|100\/100\n|switch|p2b: Baxcalibur|Baxcalibur, L50, F|100\/100\n|-weather|Snow|[from] ability: Snow Warning|[of] p2a: Ninetales\n|turn|1\n|inactive|Pokelaw8 has 30 seconds left.\n|\n|t:|1700250494\n|switch|p2a: Rillaboom|Rillaboom, L50, F|100\/100\n|-fieldstart|move: Grassy Terrain|[from] ability: Grassy Surge|[of] p2a: Rillaboom\n|-terastallize|p1a: Gholdengo|Steel\n|-terastallize|p2b: Baxcalibur|Poison\n|move|p1b: Urshifu|Surging Strikes|p2a: Rillaboom\n|-resisted|p2a: Rillaboom\n|-crit|p2a: Rillaboom\n|-damage|p2a: Rillaboom|90\/100\n|-resisted|p2a: Rillaboom\n|-crit|p2a: Rillaboom\n|-damage|p2a: Rillaboom|80\/100\n|-resisted|p2a: Rillaboom\n|-crit|p2a: Rillaboom\n|-damage|p2a: Rillaboom|70\/100\n|-hitcount|p2a: Rillaboom|3\n|move|p1a: Gholdengo|Make It Rain|p2a: Rillaboom|[spread] p2a,p2b\n|-damage|p2a: Rillaboom|5\/100\n|-damage|p2b: Baxcalibur|14\/100\n|-unboost|p1a: Gholdengo|spa|1\n|-damage|p1a: Gholdengo|91\/100|[from] item: Life Orb\n|move|p2b: Baxcalibur|Swords Dance|p2b: Baxcalibur\n|-boost|p2b: Baxcalibur|atk|2\n|\n|-weather|Snow|[upkeep]\n|-heal|p2b: Baxcalibur|20\/100|[from] ability: Ice Body\n|-heal|p1a: Gholdengo|97\/100|[from] Grassy Terrain\n|-heal|p2b: Baxcalibur|27\/100|[from] Grassy Terrain\n|-heal|p2a: Rillaboom|11\/100|[from] Grassy Terrain\n|upkeep\n|turn|2\n|inactive|Pokelaw8 has 30 seconds left.\n|inactive|Pokelaw8 has 20 seconds left.\n|inactive|Pokelaw8 has 15 seconds left.\n|\n|t:|1700250535\n|move|p2b: Baxcalibur|Protect|p2b: Baxcalibur\n|-singleturn|p2b: Baxcalibur|Protect\n|move|p2a: Rillaboom|Fake Out|p1b: Urshifu\n|-damage|p1b: Urshifu|86\/100\n|cant|p1b: Urshifu|flinch\n|move|p1a: Gholdengo|Make It Rain|p2b: Baxcalibur|[spread] p2a\n|-activate|p2b: Baxcalibur|move: Protect\n|-damage|p2a: Rillaboom|0 fnt\n|-unboost|p1a: Gholdengo|spa|1\n|faint|p2a: Rillaboom\n|-damage|p1a: Gholdengo|87\/100|[from] item: Life Orb\n|\n|-weather|Snow|[upkeep]\n|-heal|p2b: Baxcalibur|33\/100|[from] ability: Ice Body\n|-heal|p1b: Urshifu|92\/100|[from] Grassy Terrain\n|-heal|p1a: Gholdengo|93\/100|[from] Grassy Terrain\n|-heal|p2b: Baxcalibur|39\/100|[from] Grassy Terrain\n|upkeep\n|\n|t:|1700250553\n|switch|p2a: Sinistcha|Sinistcha, L50|100\/100\n|-heal|p2b: Baxcalibur|64\/100|[from] ability: Hospitality|[of] p2a: Sinistcha\n|turn|3\n|inactive|Pokelaw8 has 30 seconds left.\n|\n|t:|1700250578\n|switch|p1b: Arcanine|Arcanine-Hisui, L50, M|100\/100\n|-ability|p1b: Arcanine|Intimidate|boost\n|-unboost|p2a: Sinistcha|atk|1\n|-unboost|p2b: Baxcalibur|atk|1\n|switch|p1a: Roaring Moon|Roaring Moon, L50|100\/100\n|-enditem|p1a: Roaring Moon|Booster Energy\n|-activate|p1a: Roaring Moon|ability: Protosynthesis|[fromitem]\n|-start|p1a: Roaring Moon|protosynthesisspe\n|move|p2a: Sinistcha|Rage Powder|p2a: Sinistcha\n|-singleturn|p2a: Sinistcha|move: Rage Powder\n|move|p2b: Baxcalibur|Scale Shot|p1b: Arcanine\n|-damage|p1b: Arcanine|74\/100\n|-damage|p1b: Arcanine|43\/100\n|-damage|p1b: Arcanine|13\/100\n|-damage|p1b: Arcanine|0 fnt\n|faint|p1b: Arcanine\n|-hitcount|p1: Arcanine|4\n|-unboost|p2b: Baxcalibur|def|1\n|-boost|p2b: Baxcalibur|spe|1\n|\n|-weather|Snow|[upkeep]\n|-heal|p2b: Baxcalibur|70\/100|[from] ability: Ice Body\n|-heal|p2b: Baxcalibur|77\/100|[from] Grassy Terrain\n|upkeep\n|\n|t:|1700250592\n|switch|p1b: Gholdengo|Gholdengo, L50, tera:Steel|93\/100\n|turn|4\n|inactive|Pokelaw8 has 30 seconds left.\n|inactive|Pokelaw8 has 20 seconds left.\n|inactive|Pokelaw8 has 15 seconds left.\n|\n|t:|1700250634\n|move|p1a: Roaring Moon|Protect|p1a: Roaring Moon\n|-singleturn|p1a: Roaring Moon|Protect\n|move|p2b: Baxcalibur|Protect|p2b: Baxcalibur\n|-singleturn|p2b: Baxcalibur|Protect\n|move|p1b: Gholdengo|Shadow Ball|p2a: Sinistcha\n|-supereffective|p2a: Sinistcha\n|-damage|p2a: Sinistcha|0 fnt\n|faint|p2a: Sinistcha\n|-damage|p1b: Gholdengo|83\/100|[from] item: Life Orb\n|\n|-weather|Snow|[upkeep]\n|-heal|p2b: Baxcalibur|83\/100|[from] ability: Ice Body\n|-heal|p2b: Baxcalibur|89\/100|[from] Grassy Terrain\n|-heal|p1b: Gholdengo|90\/100|[from] Grassy Terrain\n|upkeep\n|\n|t:|1700250648\n|switch|p2a: Ninetales|Ninetales-Alola, L50, F|100\/100\n|turn|5\n|inactive|Pokelaw8 has 30 seconds left.\n|\n|t:|1700250676\n|move|p1a: Roaring Moon|Tailwind|p1a: Roaring Moon\n|-sidestart|p1: LamXYZ|move: Tailwind\n|move|p1b: Gholdengo|Make It Rain|p2a: Ninetales|[spread] p2a,p2b\n|-supereffective|p2a: Ninetales\n|-damage|p2a: Ninetales|0 fnt\n|-damage|p2b: Baxcalibur|8\/100\n|-unboost|p1b: Gholdengo|spa|1\n|faint|p2a: Ninetales\n|-damage|p1b: Gholdengo|80\/100|[from] item: Life Orb\n|move|p2b: Baxcalibur|Swords Dance|p2b: Baxcalibur\n|-boost|p2b: Baxcalibur|atk|2\n|\n|-weather|none\n|-heal|p1b: Gholdengo|86\/100|[from] Grassy Terrain\n|-heal|p2b: Baxcalibur|14\/100|[from] Grassy Terrain\n|-fieldend|move: Grassy Terrain\n|upkeep\n|turn|6\n|\n|t:|1700250696\n|move|p1a: Roaring Moon|Breaking Swipe|p2b: Baxcalibur\n|-damage|p2b: Baxcalibur|0 fnt\n|faint|p2b: Baxcalibur\n|\n|win|LamXYZ\n|raw|LamXYZ's rating: 1216 &rarr; <strong>1247<\/strong><br \/>(+31 for winning)\n|raw|Pokelaw8's rating: 1296 &rarr; <strong>1265<\/strong><br \/>(-31 for losing)\n|l|\u2606Pokelaw8\n","uploadtime":1700250713,"views":10,"p1id":"lamxyz","p2id":"pokelaw8","formatid":"gen9vgc2023regulatione","rating":1247,"private":0,"password":""}