{"id":"gen9vgc2023regulatione-1997365988","p1":"heoheo11","p2":"Jop 36 in a row","format":"[Gen 9] VGC 2023 Regulation E","log":"|j|\u2606heoheo11\n|j|\u2606Jop 36 in a row\n|t:|1700794760\n|gametype|doubles\n|player|p1|heoheo11|cynthia-gen4|1162\n|player|p2|Jop 36 in a row|lillie|1162\n|teamsize|p1|6\n|teamsize|p2|6\n|gen|9\n|tier|[Gen 9] VGC 2023 Regulation E\n|rated|\n|rule|Species Clause: Limit one of each Pok\u00e9mon\n|rule|Item Clause: Limit one of each item\n|clearpoke\n|poke|p1|Tornadus, L50, M|\n|poke|p1|Chi-Yu, L50|\n|poke|p1|Flutter Mane, L50|\n|poke|p1|Gastrodon, L50, F|\n|poke|p1|Iron Hands, L50|\n|poke|p1|Rillaboom, L50, M|\n|poke|p2|Roaring Moon, L50|\n|poke|p2|Ogerpon, L50, F|\n|poke|p2|Arcanine-Hisui, L50, F|\n|poke|p2|Urshifu-*, L50, M|\n|poke|p2|Thundurus-Therian, L50, M|\n|poke|p2|Gholdengo, L50|\n|teampreview|4\n|inactive|Battle timer is ON: inactive players will automatically lose when time's up. (requested by heoheo11)\n|inactive|heoheo11 has 60 seconds left.\n|inactive|Jop 36 in a row has 60 seconds left.\n|\n|t:|1700794815\n|start\n|switch|p1a: Chi-Yu|Chi-Yu, L50|100\/100\n|switch|p1b: Tornadus|Tornadus, L50, M|100\/100\n|switch|p2a: Arcanine|Arcanine-Hisui, L50, F|100\/100\n|switch|p2b: Roaring Moon|Roaring Moon, L50|100\/100\n|-ability|p1a: Chi-Yu|Beads of Ruin\n|-ability|p2a: Arcanine|Intimidate|boost\n|-unboost|p1a: Chi-Yu|atk|1\n|-unboost|p1b: Tornadus|atk|1\n|-enditem|p2b: Roaring Moon|Booster Energy\n|-activate|p2b: Roaring Moon|ability: Protosynthesis|[fromitem]\n|-start|p2b: Roaring Moon|protosynthesisspe\n|turn|1\n|inactive|heoheo11 has 30 seconds left.\n|inactive|heoheo11 has 20 seconds left.\n|\n|t:|1700794851\n|switch|p1b: Gastrodon|Gastrodon, L50, F|100\/100\n|move|p2b: Roaring Moon|Tailwind|p2b: Roaring Moon\n|-sidestart|p2: Jop 36 in a row|move: Tailwind\n|move|p2a: Arcanine|Rock Slide|p1a: Chi-Yu|[spread] p1a,p1b\n|-supereffective|p1a: Chi-Yu\n|-resisted|p1b: Gastrodon\n|-damage|p1a: Chi-Yu|0 fnt\n|-damage|p1b: Gastrodon|76\/100\n|faint|p1a: Chi-Yu\n|\n|-heal|p1b: Gastrodon|82\/100|[from] item: Leftovers\n|upkeep\n|\n|t:|1700794864\n|switch|p1a: Iron Hands|Iron Hands, L50|100\/100\n|turn|2\n|\n|t:|1700794879\n|switch|p2a: Thundurus|Thundurus-Therian, L50, M|100\/100\n|move|p2b: Roaring Moon|Protect|p2b: Roaring Moon\n|-singleturn|p2b: Roaring Moon|Protect\n|move|p1a: Iron Hands|Fake Out|p2a: Thundurus\n|-damage|p2a: Thundurus|84\/100\n|move|p1b: Gastrodon|Yawn|p2a: Thundurus\n|-start|p2a: Thundurus|move: Yawn|[of] p1b: Gastrodon\n|\n|-heal|p1b: Gastrodon|88\/100|[from] item: Leftovers\n|upkeep\n|turn|3\n|\n|t:|1700794900\n|switch|p2a: Urshifu|Urshifu-Rapid-Strike, L50, M|100\/100\n|move|p2b: Roaring Moon|Breaking Swipe|p1b: Gastrodon|[spread] p1a,p1b\n|-crit|p1a: Iron Hands\n|-crit|p1b: Gastrodon\n|-damage|p1a: Iron Hands|78\/100\n|-damage|p1b: Gastrodon|50\/100\n|-unboost|p1a: Iron Hands|atk|1\n|-unboost|p1b: Gastrodon|atk|1\n|move|p1a: Iron Hands|Drain Punch|p2b: Roaring Moon\n|-supereffective|p2b: Roaring Moon\n|-crit|p2b: Roaring Moon\n|-damage|p2b: Roaring Moon|0 fnt\n|-heal|p1a: Iron Hands|100\/100|[from] drain|[of] p2b: Roaring Moon\n|faint|p2b: Roaring Moon\n|-end|p2b: Roaring Moon|Protosynthesis|[silent]\n|move|p1b: Gastrodon|Muddy Water|p2a: Urshifu\n|-resisted|p2a: Urshifu\n|-damage|p2a: Urshifu|78\/100\n|\n|-heal|p1b: Gastrodon|56\/100|[from] item: Leftovers\n|upkeep\n|\n|t:|1700794919\n|switch|p2b: Thundurus|Thundurus-Therian, L50, M|84\/100\n|turn|4\n|\n|t:|1700794936\n|move|p2b: Thundurus|Grass Knot|p1b: Gastrodon\n|-supereffective|p1b: Gastrodon\n|-damage|p1b: Gastrodon|0 fnt\n|faint|p1b: Gastrodon\n|move|p2a: Urshifu|Substitute|p2a: Urshifu\n|-start|p2a: Urshifu|Substitute\n|-damage|p2a: Urshifu|53\/100\n|move|p1a: Iron Hands|Drain Punch|p2a: Urshifu\n|-end|p2a: Urshifu|Substitute\n|\n|-sideend|p2: Jop 36 in a row|move: Tailwind\n|upkeep\n|\n|t:|1700794947\n|switch|p1b: Tornadus|Tornadus, L50, M|100\/100\n|turn|5\n|\n|t:|1700794958\n|move|p2a: Urshifu|Detect|p2a: Urshifu\n|-singleturn|p2a: Urshifu|Protect\n|move|p1b: Tornadus|Sunny Day|p1b: Tornadus\n|-weather|SunnyDay\n|move|p2b: Thundurus|Wildbolt Storm|p1b: Tornadus|[spread] p1a,p1b\n|-resisted|p1a: Iron Hands\n|-supereffective|p1b: Tornadus\n|-damage|p1a: Iron Hands|89\/100\n|-damage|p1b: Tornadus|13\/100\n|move|p1a: Iron Hands|Drain Punch|p2b: Thundurus\n|-resisted|p2b: Thundurus\n|-damage|p2b: Thundurus|68\/100\n|-heal|p1a: Iron Hands|95\/100|[from] drain|[of] p2b: Thundurus\n|\n|-weather|SunnyDay|[upkeep]\n|upkeep\n|turn|6\n|\n|t:|1700794980\n|move|p1b: Tornadus|Protect|p1b: Tornadus\n|-singleturn|p1b: Tornadus|Protect\n|move|p2b: Thundurus|Thunderbolt|p1b: Tornadus\n|-activate|p1b: Tornadus|move: Protect\n|move|p2a: Urshifu|Close Combat|p1a: Iron Hands\n|-damage|p1a: Iron Hands|55\/100\n|-unboost|p2a: Urshifu|def|1\n|-unboost|p2a: Urshifu|spd|1\n|move|p1a: Iron Hands|Drain Punch|p2a: Urshifu\n|-damage|p2a: Urshifu|6\/100\n|-heal|p1a: Iron Hands|73\/100|[from] drain|[of] p2a: Urshifu\n|\n|-weather|SunnyDay|[upkeep]\n|upkeep\n|turn|7\n|\n|t:|1700795005\n|move|p2b: Thundurus|Thunderbolt|p1b: Tornadus\n|-supereffective|p1b: Tornadus\n|-damage|p1b: Tornadus|0 fnt\n|faint|p1b: Tornadus\n|move|p2a: Urshifu|Close Combat|p1a: Iron Hands\n|-damage|p1a: Iron Hands|28\/100\n|-unboost|p2a: Urshifu|def|1\n|-unboost|p2a: Urshifu|spd|1\n|move|p1a: Iron Hands|Heavy Slam|p2b: Thundurus\n|-resisted|p2b: Thundurus\n|-damage|p2b: Thundurus|51\/100\n|\n|-weather|SunnyDay|[upkeep]\n|upkeep\n|turn|8\n|-message|heoheo11 forfeited.\n|\n|win|Jop 36 in a row\n|raw|heoheo11's rating: 1162 &rarr; <strong>1137<\/strong><br \/>(-25 for losing)\n|raw|Jop 36 in a row's rating: 1162 &rarr; <strong>1187<\/strong><br \/>(+25 for winning)\n|l|\u2606heoheo11\n","uploadtime":1700795026,"views":4,"p1id":"heoheo11","p2id":"jop36inarow","formatid":"gen9vgc2023regulatione","rating":1137,"private":0,"password":""}