{"id":"gen9vgc2023regulatione-1994338987","p1":"sonaw4","p2":"AquamarineVGC","format":"[Gen 9] VGC 2023 Regulation E","log":"|j|\u2606sonaw4\n|j|\u2606AquamarineVGC\n|n|\u2606sonaw4|sonaw4\n|n|\u2606AquamarineVGC|aquamarinevgc\n|html|View the match progress at <a href=\"\/game-bestof3-gen9vgc2023regulatione-1994336372\">game-bestof3-gen9vgc2023regulatione-1994336372<\/a>\n|t:|1700432748\n|gametype|doubles\n|player|p1|sonaw4|101|\n|player|p2|AquamarineVGC|lucas-gen4pt|\n|teamsize|p1|6\n|teamsize|p2|6\n|gen|9\n|tier|[Gen 9] VGC 2023 Regulation E\n|rule|Species Clause: Limit one of each Pok\u00e9mon\n|rule|Item Clause: Limit one of each item\n|clearpoke\n|poke|p1|Urshifu-*, L50, M|\n|poke|p1|Thundurus, L50, M|\n|poke|p1|Amoonguss, L50, M|\n|poke|p1|Roaring Moon, L50|\n|poke|p1|Chien-Pao, L50|\n|poke|p1|Landorus-Therian, L50, M|\n|poke|p2|Ninetales-Alola, L50, F|\n|poke|p2|Iron Bundle, L50|\n|poke|p2|Clefairy, L50, M|\n|poke|p2|Annihilape, L50, F|\n|poke|p2|Landorus-Therian, L50, M|\n|poke|p2|Cresselia, L50, F|\n|teampreview|4\n|j| Van. Volcanucks\nAquamarineVGC has agreed to open team sheets.\n|\n|t:|1700432798\n|start\n|switch|p1a: Thundurus|Thundurus, L50, M|100\/100\n|switch|p1b: Urshifu|Urshifu-Rapid-Strike, L50, M|100\/100\n|switch|p2a: Iron Bundle|Iron Bundle, L50|100\/100\n|switch|p2b: Landorus|Landorus-Therian, L50, M|100\/100\n|-ability|p2b: Landorus|Intimidate|boost\n|-unboost|p1a: Thundurus|atk|1\n|-unboost|p1b: Urshifu|atk|1\n|turn|1\n|\n|t:|1700432850\n|switch|p1b: Landorus|Landorus-Therian, L50, M|100\/100\n|-ability|p1b: Landorus|Intimidate|boost\n|-unboost|p2a: Iron Bundle|atk|1\n|-unboost|p2b: Landorus|atk|1\n|switch|p2b: Ninetales|Ninetales-Alola, L50, F|100\/100\n|-weather|Snow|[from] ability: Snow Warning|[of] p2b: Ninetales\n|move|p1a: Thundurus|Thunder Wave|p2a: Iron Bundle\n|-status|p2a: Iron Bundle|par\n|move|p2a: Iron Bundle|Blizzard|p1b: Landorus|[spread] p1a,p1b\n|-supereffective|p1a: Thundurus\n|-supereffective|p1b: Landorus\n|-damage|p1a: Thundurus|39\/100\n|-damage|p1b: Landorus|0 fnt\n|faint|p1b: Landorus\n|\n|-weather|Snow|[upkeep]\n|upkeep\n|\n|t:|1700432867\n|switch|p1b: Urshifu|Urshifu-Rapid-Strike, L50, M|100\/100\n|turn|2\n|\n|t:|1700432884\n|switch|p2b: Cresselia|Cresselia, L50, F|100\/100\n|move|p1a: Thundurus|Rain Dance|p1a: Thundurus\n|-weather|RainDance\n|move|p1b: Urshifu|Surging Strikes|p2a: Iron Bundle\n|-resisted|p2a: Iron Bundle\n|-crit|p2a: Iron Bundle\n|-damage|p2a: Iron Bundle|79\/100 par\n|-resisted|p2a: Iron Bundle\n|-crit|p2a: Iron Bundle\n|-damage|p2a: Iron Bundle|58\/100 par\n|-resisted|p2a: Iron Bundle\n|-crit|p2a: Iron Bundle\n|-damage|p2a: Iron Bundle|36\/100 par\n|-hitcount|p2a: Iron Bundle|3\n|move|p2a: Iron Bundle|Freeze-Dry|p1a: Thundurus\n|-supereffective|p1a: Thundurus\n|-damage|p1a: Thundurus|0 fnt\n|faint|p1a: Thundurus\n|\n|-weather|RainDance|[upkeep]\n|upkeep\n|\n|t:|1700432898\n|switch|p1a: Roaring Moon|Roaring Moon, L50|100\/100\n|-enditem|p1a: Roaring Moon|Booster Energy\n|-activate|p1a: Roaring Moon|ability: Protosynthesis|[fromitem]\n|-start|p1a: Roaring Moon|protosynthesisatk\n|turn|3\n|\n|t:|1700432926\n|move|p1b: Urshifu|Surging Strikes|p2b: Cresselia\n|-crit|p2b: Cresselia\n|-damage|p2b: Cresselia|76\/100\n|-damage|p1b: Urshifu|84\/100|[from] item: Rocky Helmet|[of] p2b: Cresselia\n|-crit|p2b: Cresselia\n|-damage|p2b: Cresselia|55\/100\n|-damage|p1b: Urshifu|68\/100|[from] item: Rocky Helmet|[of] p2b: Cresselia\n|-crit|p2b: Cresselia\n|-damage|p2b: Cresselia|31\/100\n|-damage|p1b: Urshifu|51\/100|[from] item: Rocky Helmet|[of] p2b: Cresselia\n|-hitcount|p2b: Cresselia|3\n|move|p1a: Roaring Moon|Knock Off|p2b: Cresselia\n|-supereffective|p2b: Cresselia\n|-damage|p2b: Cresselia|0 fnt\n|-damage|p1a: Roaring Moon|84\/100|[from] item: Rocky Helmet|[of] p2b: Cresselia\n|-enditem|p2b: Cresselia|Rocky Helmet|[from] move: Knock Off|[of] p1a: Roaring Moon\n|faint|p2b: Cresselia\n|move|p2a: Iron Bundle|Freeze-Dry|p1a: Roaring Moon\n|-supereffective|p1a: Roaring Moon\n|-damage|p1a: Roaring Moon|23\/100\n|\n|-weather|RainDance|[upkeep]\n|upkeep\n|\n|t:|1700432944\n|switch|p2b: Ninetales|Ninetales-Alola, L50, F|100\/100\n|-weather|Snow|[from] ability: Snow Warning|[of] p2b: Ninetales\n|turn|4\n|\n|t:|1700432966\n|move|p1b: Urshifu|Surging Strikes|p2a: Iron Bundle\n|-resisted|p2a: Iron Bundle\n|-crit|p2a: Iron Bundle\n|-damage|p2a: Iron Bundle|28\/100 par\n|-resisted|p2a: Iron Bundle\n|-crit|p2a: Iron Bundle\n|-damage|p2a: Iron Bundle|19\/100 par\n|-resisted|p2a: Iron Bundle\n|-crit|p2a: Iron Bundle\n|-damage|p2a: Iron Bundle|9\/100 par\n|-hitcount|p2a: Iron Bundle|3\n|move|p1a: Roaring Moon|Knock Off|p2a: Iron Bundle\n|-damage|p2a: Iron Bundle|0 fnt\n|-enditem|p2a: Iron Bundle|Assault Vest|[from] move: Knock Off|[of] p1a: Roaring Moon\n|faint|p2a: Iron Bundle\n|-end|p2a: Iron Bundle|Quark Drive|[silent]\n|move|p2b: Ninetales|Blizzard|p1a: Roaring Moon|[spread] p1a,p1b\n|-supereffective|p1a: Roaring Moon\n|-resisted|p1b: Urshifu\n|-damage|p1a: Roaring Moon|0 fnt\n|-damage|p1b: Urshifu|27\/100\n|faint|p1a: Roaring Moon\n|-end|p1a: Roaring Moon|Protosynthesis|[silent]\n|\n|-weather|Snow|[upkeep]\n|upkeep\n|\n|t:|1700432982\n|switch|p2a: Landorus|Landorus-Therian, L50, M|100\/100\n|-ability|p2a: Landorus|Intimidate|boost\n|-unboost|p1b: Urshifu|atk|1\n|turn|5\n|\n|t:|1700432995\n|-terastallize|p2a: Landorus|Flying\n|move|p1b: Urshifu|Surging Strikes|p2a: Landorus\n|-crit|p2a: Landorus\n|-damage|p2a: Landorus|74\/100\n|-crit|p2a: Landorus\n|-damage|p2a: Landorus|48\/100\n|-crit|p2a: Landorus\n|-damage|p2a: Landorus|23\/100\n|-hitcount|p2a: Landorus|3\n|move|p2b: Ninetales|Dazzling Gleam|p1b: Urshifu\n|-supereffective|p1b: Urshifu\n|-damage|p1b: Urshifu|0 fnt\n|faint|p1b: Urshifu\n|\n|win|AquamarineVGC\n|c|&|\/uhtml prompt-sonaw4,sonaw4 is ready for game 3!\n|inactive|AquamarineVGC has 50 seconds to confirm battle start!\n|inactive|AquamarineVGC has 40 seconds to confirm battle start!\n","uploadtime":1700433012,"views":4,"p1id":"sonaw4","p2id":"aquamarinevgc","formatid":"gen9vgc2023regulatione","rating":0,"private":0,"password":""}