{"id":"gen9vgc2023regulatione-1995029773","p1":"Jumong","p2":"zpoogi","format":"[Gen 9] VGC 2023 Regulation E","log":"|j|\u2606Jumong\n|j|\u2606zpoogi\n|t:|1700515051\n|gametype|doubles\n|player|p1|Jumong|brock|1152\n|player|p2|zpoogi|sordward|1238\n|teamsize|p1|6\n|teamsize|p2|6\n|gen|9\n|tier|[Gen 9] VGC 2023 Regulation E\n|rated|\n|rule|Species Clause: Limit one of each Pok\u00e9mon\n|rule|Item Clause: Limit one of each item\n|clearpoke\n|poke|p1|Flutter Mane, L50|\n|poke|p1|Torkoal, L50, F|\n|poke|p1|Tornadus, L50, M|\n|poke|p1|Landorus-Therian, L50, M|\n|poke|p1|Cresselia, L50, F|\n|poke|p1|Iron Hands, L50|\n|poke|p2|Baxcalibur, L50, M|\n|poke|p2|Ninetales-Alola, L50, M|\n|poke|p2|Heatran, L50, F|\n|poke|p2|Ogerpon-Wellspring, L50, F|\n|poke|p2|Landorus-Therian, L50, M|\n|poke|p2|Rillaboom, L50, F|\n|teampreview|4\n|inactive|Battle timer is ON: inactive players will automatically lose when time's up. (requested by zpoogi)\n|inactive|Jumong has 60 seconds left.\n|inactive|Jumong has 30 seconds left.\n|inactive|Jumong has 20 seconds left.\n|inactive|Jumong has 15 seconds left.\n|inactive|Jumong has 10 seconds left.\n|\n|t:|1700515140\n|start\n|switch|p1a: Flutter Mane|Flutter Mane, L50|100\/100\n|switch|p1b: Iron Hands|Iron Hands, L50|100\/100\n|switch|p2a: Baxcalibur|Baxcalibur, L50, M|100\/100\n|switch|p2b: Rillaboom|Rillaboom, L50, F|100\/100\n|-fieldstart|move: Grassy Terrain|[from] ability: Grassy Surge|[of] p2b: Rillaboom\n|turn|1\n|inactive|Jumong has 30 seconds left.\n|\n|t:|1700515174\n|-end|p1b: Iron Hands|Quark Drive|[silent]\n|switch|p1b: Torkoal|Torkoal, L50, F|100\/100\n|-weather|SunnyDay|[from] ability: Drought|[of] p1b: Torkoal\n|-activate|p1a: Flutter Mane|ability: Protosynthesis\n|-start|p1a: Flutter Mane|protosynthesisspa\n|-terastallize|p1a: Flutter Mane|Fairy\n|-terastallize|p2a: Baxcalibur|Poison\n|move|p2b: Rillaboom|Fake Out|p1b: Torkoal\n|-damage|p1b: Torkoal|92\/100\n|move|p1a: Flutter Mane|Moonblast|p2a: Baxcalibur\n|-resisted|p2a: Baxcalibur\n|-damage|p2a: Baxcalibur|59\/100\n|-unboost|p2a: Baxcalibur|spa|1\n|move|p2a: Baxcalibur|Swords Dance|p2a: Baxcalibur\n|-boost|p2a: Baxcalibur|atk|2\n|\n|-weather|SunnyDay|[upkeep]\n|-heal|p2a: Baxcalibur|65\/100|[from] Grassy Terrain\n|-heal|p1b: Torkoal|98\/100|[from] Grassy Terrain\n|upkeep\n|turn|2\n|\n|t:|1700515193\n|move|p1b: Torkoal|Helping Hand|p1a: Flutter Mane\n|-singleturn|p1a: Flutter Mane|Helping Hand|[of] p1b: Torkoal\n|move|p1a: Flutter Mane|Moonblast|p2a: Baxcalibur\n|-resisted|p2a: Baxcalibur\n|-damage|p2a: Baxcalibur|0 fnt\n|faint|p2a: Baxcalibur\n|move|p2b: Rillaboom|High Horsepower|p1b: Torkoal|[miss]\n|-miss|p2b: Rillaboom|p1b: Torkoal\n|\n|-weather|SunnyDay|[upkeep]\n|-heal|p1b: Torkoal|100\/100|[from] Grassy Terrain\n|upkeep\n|\n|t:|1700515201\n|switch|p2a: Ninetales|Ninetales-Alola, L50, M|100\/100\n|-weather|Snow|[from] ability: Snow Warning|[of] p2a: Ninetales\n|-end|p1a: Flutter Mane|Protosynthesis\n|turn|3\n|\n|t:|1700515210\n|move|p1b: Torkoal|Helping Hand|p1a: Flutter Mane\n|-singleturn|p1a: Flutter Mane|Helping Hand|[of] p1b: Torkoal\n|move|p1a: Flutter Mane|Moonblast|p2a: Ninetales\n|-damage|p2a: Ninetales|0 fnt\n|faint|p2a: Ninetales\n|move|p2b: Rillaboom|Wood Hammer|p1a: Flutter Mane\n|-damage|p1a: Flutter Mane|0 fnt\n|faint|p1a: Flutter Mane\n|-end|p1a: Flutter Mane|Protosynthesis|[silent]\n|-damage|p2b: Rillaboom|78\/100|[from] Recoil\n|\n|-weather|Snow|[upkeep]\n|-heal|p2b: Rillaboom|84\/100|[from] Grassy Terrain\n|upkeep\n|\n|t:|1700515223\n|switch|p1a: Iron Hands|Iron Hands, L50|100\/100\n|switch|p2a: Landorus|Landorus-Therian, L50, M|100\/100\n|-ability|p2a: Landorus|Intimidate|boost\n|-unboost|p1a: Iron Hands|atk|1\n|-unboost|p1b: Torkoal|atk|1\n|turn|4\n|\n|t:|1700515243\n|switch|p1b: Landorus|Landorus-Therian, L50, M|100\/100\n|-ability|p1b: Landorus|Intimidate|boost\n|-unboost|p2a: Landorus|atk|1\n|-unboost|p2b: Rillaboom|atk|1\n|move|p1a: Iron Hands|Fake Out|p2a: Landorus\n|-damage|p2a: Landorus|87\/100\n|cant|p2a: Landorus|flinch\n|move|p2b: Rillaboom|High Horsepower|p1b: Landorus\n|-immune|p1b: Landorus\n|\n|-weather|Snow|[upkeep]\n|-heal|p2b: Rillaboom|90\/100|[from] Grassy Terrain\n|upkeep\n|turn|5\n|\n|t:|1700515264\n|-end|p1a: Iron Hands|Quark Drive|[silent]\n|switch|p1a: Torkoal|Torkoal, L50, F|100\/100\n|-weather|SunnyDay|[from] ability: Drought|[of] p1a: Torkoal\n|move|p2a: Landorus|Rock Slide|p1a: Torkoal|[spread] p1a,p1b\n|-supereffective|p1a: Torkoal\n|-damage|p1a: Torkoal|84\/100\n|-damage|p1b: Landorus|85\/100\n|cant|p1b: Landorus|flinch\n|move|p2b: Rillaboom|High Horsepower|p1a: Torkoal\n|-supereffective|p1a: Torkoal\n|-damage|p1a: Torkoal|58\/100\n|\n|-weather|SunnyDay|[upkeep]\n|-heal|p2b: Rillaboom|96\/100|[from] Grassy Terrain\n|-heal|p1a: Torkoal|64\/100|[from] Grassy Terrain\n|-fieldend|move: Grassy Terrain\n|upkeep\n|turn|6\n|\n|t:|1700515286\n|move|p2a: Landorus|Rock Slide|p1b: Landorus|[spread] p1a\n|-miss|p2a: Landorus|p1b: Landorus\n|-supereffective|p1a: Torkoal\n|-damage|p1a: Torkoal|47\/100\n|-enditem|p1a: Torkoal|Sitrus Berry|[eat]\n|-heal|p1a: Torkoal|72\/100|[from] item: Sitrus Berry\n|move|p1b: Landorus|U-turn|p2b: Rillaboom\n|-supereffective|p2b: Rillaboom\n|-damage|p2b: Rillaboom|31\/100\n|\n|t:|1700515296\n|switch|p1b: Iron Hands|Iron Hands, L50|100\/100|[from] U-turn\n|move|p2b: Rillaboom|High Horsepower|p1a: Torkoal\n|-supereffective|p1a: Torkoal\n|-damage|p1a: Torkoal|46\/100\n|move|p1a: Torkoal|Heat Wave|p2a: Landorus|[spread] \n|-miss|p1a: Torkoal|p2a: Landorus\n|-miss|p1a: Torkoal|p2b: Rillaboom\n|\n|-weather|SunnyDay|[upkeep]\n|upkeep\n|turn|7\n|\n|t:|1700515311\n|move|p1b: Iron Hands|Fake Out|p2a: Landorus\n|-damage|p2a: Landorus|67\/100\n|cant|p2a: Landorus|flinch\n|move|p2b: Rillaboom|High Horsepower|p1a: Torkoal|[miss]\n|-miss|p2b: Rillaboom|p1a: Torkoal\n|move|p1a: Torkoal|Heat Wave|p2a: Landorus|[spread] p2a,p2b\n|-supereffective|p2b: Rillaboom\n|-damage|p2a: Landorus|24\/100\n|-damage|p2b: Rillaboom|0 fnt\n|faint|p2b: Rillaboom\n|\n|-weather|SunnyDay|[upkeep]\n|upkeep\n|turn|8\n|\n|t:|1700515326\n|move|p2a: Landorus|Rock Slide|p1b: Iron Hands|[spread] p1a,p1b\n|-supereffective|p1a: Torkoal\n|-resisted|p1b: Iron Hands\n|-damage|p1a: Torkoal|30\/100\n|-damage|p1b: Iron Hands|95\/100\n|move|p1b: Iron Hands|Drain Punch|p2a: Landorus\n|-resisted|p2a: Landorus\n|-damage|p2a: Landorus|0 fnt\n|-heal|p1b: Iron Hands|100\/100|[from] drain|[of] p2a: Landorus\n|faint|p2a: Landorus\n|\n|win|Jumong\n|raw|Jumong's rating: 1152 &rarr; <strong>1183<\/strong><br \/>(+31 for winning)\n|raw|zpoogi's rating: 1238 &rarr; <strong>1207<\/strong><br \/>(-31 for losing)\n|l|\u2606zpoogi\n","uploadtime":1700515342,"views":4,"p1id":"jumong","p2id":"zpoogi","formatid":"gen9vgc2023regulatione","rating":1183,"private":0,"password":""}