{"id":"gen9vgc2023regulatione-1992142383","p1":"B10X","p2":"nomis1","format":"[Gen 9] VGC 2023 Regulation E","log":"|j|\u2606B10X\n|j|\u2606nomis1\n|n|\u2606B10X|b10x\n|n|\u2606nomis1|nomis1\n|html|View the match progress at <a href=\"\/game-bestof3-gen9vgc2023regulatione-1992137573\">game-bestof3-gen9vgc2023regulatione-1992137573<\/a>\n|t:|1700158544\n|gametype|doubles\n|player|p1|B10X|marlon|\n|player|p2|nomis1|nate|\n|teamsize|p1|6\n|teamsize|p2|6\n|gen|9\n|tier|[Gen 9] VGC 2023 Regulation E\n|rule|Species Clause: Limit one of each Pok\u00e9mon\n|rule|Item Clause: Limit one of each item\n|clearpoke\n|poke|p1|Landorus-Therian, L50, M|\n|poke|p1|Iron Hands, L50|\n|poke|p1|Chien-Pao, L50|\n|poke|p1|Flutter Mane, L50|\n|poke|p1|Ogerpon-Wellspring, L50, F|\n|poke|p1|Arcanine-Hisui, L50, M|\n|poke|p2|Dondozo, L50, F|\n|poke|p2|Tatsugiri, L50, M|\n|poke|p2|Glimmora, L50, F|\n|poke|p2|Chien-Pao, L50|\n|poke|p2|Ogerpon-Wellspring, L50, F|\n|poke|p2|Roaring Moon, L50|\n|teampreview|4\nB10X has agreed to open team sheets.\nnomis1 has agreed to open team sheets.\n|showteam|p1|Landorus-Therian||ChoiceScarf|Intimidate|StompingTantrum,RockSlide,Uturn,TeraBlast|||M|||50|,,,,,Flying]Iron Hands||AssaultVest|QuarkDrive|DrainPunch,WildCharge,HeavySlam,FakeOut||||||50|,,,,,Fire]Chien-Pao||FocusSash|SwordofRuin|IceSpinner,SacredSword,SuckerPunch,Protect||||||50|,,,,,Ghost]Flutter Mane||ChoiceSpecs|Protosynthesis|Moonblast,ShadowBall,DazzlingGleam,IcyWind||||||50|,,,,,Fairy]Ogerpon-Wellspring||WellspringMask|WaterAbsorb|IvyCudgel,HornLeech,SwordsDance,SpikyShield|||F|||50|,,,,,Water]Arcanine-Hisui||ChoiceBand|Intimidate|FlareBlitz,RockSlide,ExtremeSpeed,HeadSmash|||M|||50|,,,,,Normal\n|showteam|p2|Dondozo||Leftovers|Oblivious|OrderUp,WaveCrash,Protect,Substitute|||F|||50|,,,,,Dragon]Tatsugiri||ChoiceScarf|Commander|DracoMeteor,MuddyWater,IcyWind,HelpingHand|||M|||50|,,,,,Steel]Glimmora||FocusSash|ToxicDebris|MortalSpin,EarthPower,SludgeBomb,SpikyShield|||F|||50|,,,,,Water]Chien-Pao||LifeOrb|SwordofRuin|SuckerPunch,Protect,IceSpinner,Crunch||||||50|,,,,,Ghost]Ogerpon-Wellspring||WellspringMask|WaterAbsorb|IvyCudgel,HornLeech,SpikyShield,SwordsDance|||F|||50|,,,,,Water]Roaring Moon||BoosterEnergy|Protosynthesis|KnockOff,Acrobatics,Protect,Tailwind||||||50|,,,,,Flying\n|c|\u2606B10X|game 2 here we go :)\n|c|\u2606B10X|gl hf\n|c|\u2606nomis1|glhf\n|\n|t:|1700158573\n|start\n|switch|p1a: Iron Hands|Iron Hands, L50|100\/100\n|switch|p1b: Flutter Mane|Flutter Mane, L50|100\/100\n|switch|p2a: Roaring Moon|Roaring Moon, L50|100\/100\n|switch|p2b: Glimmora|Glimmora, L50, F|100\/100\n|-enditem|p2a: Roaring Moon|Booster Energy\n|-activate|p2a: Roaring Moon|ability: Protosynthesis|[fromitem]\n|-start|p2a: Roaring Moon|protosynthesisatk\n|turn|1\n|\n|t:|1700158623\n|move|p2a: Roaring Moon|Protect|p2a: Roaring Moon\n|-singleturn|p2a: Roaring Moon|Protect\n|move|p1a: Iron Hands|Fake Out|p2a: Roaring Moon\n|-activate|p2a: Roaring Moon|move: Protect\n|move|p1b: Flutter Mane|Dazzling Gleam|p2b: Glimmora|[spread] p2b\n|-activate|p2a: Roaring Moon|move: Protect\n|-resisted|p2b: Glimmora\n|-damage|p2b: Glimmora|73\/100\n|move|p2b: Glimmora|Mortal Spin|p1b: Flutter Mane|[spread] p1a,p1b\n|-damage|p1a: Iron Hands|97\/100\n|-damage|p1b: Flutter Mane|94\/100\n|-status|p1a: Iron Hands|psn\n|-status|p1b: Flutter Mane|psn\n|\n|-damage|p1b: Flutter Mane|81\/100 psn|[from] psn\n|-damage|p1a: Iron Hands|85\/100 psn|[from] psn\n|upkeep\n|turn|2\n|\n|t:|1700158678\n|-terastallize|p2a: Roaring Moon|Flying\n|move|p1b: Flutter Mane|Dazzling Gleam|p2b: Glimmora|[spread] p2a,p2b\n|-resisted|p2b: Glimmora\n|-damage|p2a: Roaring Moon|57\/100\n|-damage|p2b: Glimmora|42\/100\n|move|p2a: Roaring Moon|Acrobatics|p1b: Flutter Mane\n|-damage|p1b: Flutter Mane|0 fnt\n|faint|p1b: Flutter Mane\n|-end|p1b: Flutter Mane|Protosynthesis|[silent]\n|move|p2b: Glimmora|Earth Power|p1a: Iron Hands\n|-supereffective|p1a: Iron Hands\n|-damage|p1a: Iron Hands|50\/100 psn\n|-unboost|p1a: Iron Hands|spd|1\n|move|p1a: Iron Hands|Wild Charge|p2a: Roaring Moon\n|-supereffective|p2a: Roaring Moon\n|-damage|p2a: Roaring Moon|0 fnt\n|faint|p2a: Roaring Moon\n|-end|p2a: Roaring Moon|Protosynthesis|[silent]\n|-damage|p1a: Iron Hands|39\/100 psn|[from] Recoil\n|\n|-damage|p1a: Iron Hands|27\/100 psn|[from] psn\n|upkeep\n|\n|t:|1700158699\n|switch|p1b: Ogerpon|Ogerpon-Wellspring, L50, F|100\/100\n|switch|p2a: Dondozo|Dondozo, L50, F|100\/100\n|turn|3\n|inactive|Battle timer is ON: inactive players will automatically lose when time's up. (requested by B10X)\n|\n|t:|1700158762\n|switch|p2b: Tatsugiri|Tatsugiri, L50, M|100\/100\n|-activate|p2b: Tatsugiri|ability: Commander|[of] p2a: Dondozo\n|-boost|p2a: Dondozo|atk|2\n|-boost|p2a: Dondozo|spa|2\n|-boost|p2a: Dondozo|spe|2\n|-boost|p2a: Dondozo|def|2\n|-boost|p2a: Dondozo|spd|2\n|-terastallize|p1b: Ogerpon|Water\n|detailschange|p1b: Ogerpon|Ogerpon-Wellspring-Tera, L50, F, tera:Water\n|-ability|p1b: Ogerpon|Embody Aspect (Wellspring)|boost\n|-boost|p1b: Ogerpon|spd|1\n|move|p1b: Ogerpon|Swords Dance|p1b: Ogerpon\n|-boost|p1b: Ogerpon|atk|2\n|move|p2a: Dondozo|Order Up|p1b: Ogerpon\n|-damage|p1b: Ogerpon|45\/100\n|-boost|p2a: Dondozo|atk|1\n|move|p1a: Iron Hands|Wild Charge|p2a: Dondozo\n|-supereffective|p2a: Dondozo\n|-damage|p2a: Dondozo|69\/100\n|-damage|p1a: Iron Hands|18\/100 psn|[from] Recoil\n|\n|-heal|p2a: Dondozo|75\/100|[from] item: Leftovers\n|-damage|p1a: Iron Hands|6\/100 psn|[from] psn\n|upkeep\n|turn|4\n|\n|t:|1700158785\n|-end|p1a: Iron Hands|Quark Drive|[silent]\n|switch|p1a: Chien-Pao|Chien-Pao, L50|100\/100\n|-ability|p1a: Chien-Pao|Sword of Ruin\n|move|p1b: Ogerpon|Spiky Shield|p1b: Ogerpon\n|-singleturn|p1b: Ogerpon|move: Protect\n|move|p2a: Dondozo|Protect||[still]\n|-fail|p2a: Dondozo\n|\n|-heal|p2a: Dondozo|81\/100|[from] item: Leftovers\n|upkeep\n|turn|5\n|inactive|B10X has 30 seconds left.\n|\n|t:|1700158814\n|move|p1a: Chien-Pao|Sacred Sword|p2a: Dondozo\n|-damage|p2a: Dondozo|57\/100\n|move|p1b: Ogerpon|Horn Leech|p2a: Dondozo\n|-supereffective|p2a: Dondozo\n|-damage|p2a: Dondozo|0 fnt\n|-heal|p1b: Ogerpon|85\/100|[from] drain|[of] p2a: Dondozo\n|faint|p2a: Dondozo\n|\n|upkeep\n|\n|t:|1700158827\n|switch|p2a: Glimmora|Glimmora, L50, F|42\/100\n|turn|6\n|inactive|nomis1 has 30 seconds left.\n|inactive|nomis1 has 20 seconds left.\n|\n|t:|1700158863\n|move|p1a: Chien-Pao|Protect|p1a: Chien-Pao\n|-singleturn|p1a: Chien-Pao|Protect\n|move|p2b: Tatsugiri|Draco Meteor|p1b: Ogerpon\n|-damage|p1b: Ogerpon|39\/100\n|-unboost|p2b: Tatsugiri|spa|2\n|move|p1b: Ogerpon|Horn Leech|p2b: Tatsugiri\n|-damage|p2b: Tatsugiri|0 fnt\n|-heal|p1b: Ogerpon|79\/100|[from] drain|[of] p2b: Tatsugiri\n|faint|p2b: Tatsugiri\n|move|p2a: Glimmora|Sludge Bomb|p1b: Ogerpon\n|-damage|p1b: Ogerpon|49\/100\n|\n|upkeep\n|turn|7\n|c|\u2606nomis1|gg\n|c|\u2606B10X|gg\n|c|\u2606B10X|well played\n|\n|t:|1700158879\n|move|p1a: Chien-Pao|Sacred Sword|p2a: Glimmora\n|-damage|p2a: Glimmora|0 fnt\n|-activate|p2a: Glimmora|ability: Toxic Debris\n|-sidestart|p1: B10X|move: Toxic Spikes\n|faint|p2a: Glimmora\n|\n|win|B10X\n|l|\u2606nomis1\n","uploadtime":1700158889,"views":23,"p1id":"b10x","p2id":"nomis1","formatid":"gen9vgc2023regulatione","rating":0,"private":0,"password":""}