{"id":"gen9vgc2023regulatione-1990859981","p1":"SJSU Esports","p2":"Oozy Oranges","format":"[Gen 9] VGC 2023 Regulation E","log":"|j|\u2606SJSU Esports\n|j|\u2606Oozy Oranges\n|t:|1700008519\n|gametype|doubles\n|player|p1|SJSU Esports|265|1106\n|player|p2|Oozy Oranges|102|1105\n|teamsize|p1|6\n|teamsize|p2|6\n|gen|9\n|tier|[Gen 9] VGC 2023 Regulation E\n|rated|\n|rule|Species Clause: Limit one of each Pok\u00e9mon\n|rule|Item Clause: Limit one of each item\n|clearpoke\n|poke|p1|Floatzel, L50, F|\n|poke|p1|Pelipper, L50, M|\n|poke|p1|Thundurus-Therian, L50, M|\n|poke|p1|Tornadus, L50, M|\n|poke|p1|Flutter Mane, L50|\n|poke|p1|Ogerpon-Hearthflame, L50, F|\n|poke|p2|Scream Tail, L50|\n|poke|p2|Baxcalibur, L50, M|\n|poke|p2|Moltres-Galar, L50|\n|poke|p2|Basculegion, L50, M|\n|poke|p2|Ogerpon-Hearthflame, L50, F|\n|poke|p2|Fezandipiti, L50, M|\n|teampreview|4\n|\n|t:|1700008567\n|start\n|switch|p1a: Pelipper|Pelipper, L50, M|100\/100\n|switch|p1b: Floatzel|Floatzel, L50, F|100\/100\n|switch|p2a: Fezandipiti|Fezandipiti, L50, M|100\/100\n|switch|p2b: Ogerpon|Ogerpon-Hearthflame, L50, F|100\/100\n|-ability|p2b: Ogerpon|Mold Breaker\n|-weather|RainDance|[from] ability: Drizzle|[of] p1a: Pelipper\n|turn|1\n|inactive|Battle timer is ON: inactive players will automatically lose when time's up. (requested by SJSU Esports)\n|\n|t:|1700008595\n|-terastallize|p1b: Floatzel|Water\n|move|p1a: Pelipper|Wide Guard|p1a: Pelipper\n|-singleturn|p1a: Pelipper|Wide Guard\n|move|p1b: Floatzel|Wave Crash|p2b: Ogerpon\n|-damage|p2b: Ogerpon|0 fnt\n|faint|p2b: Ogerpon\n|-damage|p1b: Floatzel|69\/100|[from] Recoil\n|move|p2a: Fezandipiti|Tailwind|p2a: Fezandipiti\n|-sidestart|p2: Oozy Oranges|move: Tailwind\n|\n|-weather|RainDance|[upkeep]\n|upkeep\n|inactive|Oozy Oranges has 30 seconds left.\n|inactive|Oozy Oranges has 20 seconds left.\n|inactive|Oozy Oranges has 15 seconds left.\n|inactive|Oozy Oranges has 10 seconds left.\n|\n|t:|1700008643\n|switch|p2b: Basculegion|Basculegion, L50, M|100\/100\n|turn|2\n|inactive|Oozy Oranges has 30 seconds left.\n|inactive|Oozy Oranges has 20 seconds left.\n|\n|t:|1700008680\n|move|p1a: Pelipper|Wide Guard|p1a: Pelipper\n|-singleturn|p1a: Pelipper|Wide Guard\n|move|p1b: Floatzel|Wave Crash|p2b: Basculegion\n|-resisted|p2b: Basculegion\n|-damage|p2b: Basculegion|20\/100\n|-damage|p1b: Floatzel|34\/100|[from] Recoil\n|move|p2a: Fezandipiti|Icy Wind|p1b: Floatzel|[spread] \n|-activate|p1a: Pelipper|move: Wide Guard\n|-activate|p1b: Floatzel|move: Wide Guard\n|move|p2b: Basculegion|Last Respects|p1a: Pelipper\n|-damage|p1a: Pelipper|57\/100\n|\n|-weather|RainDance|[upkeep]\n|upkeep\n|turn|3\n|inactive|Oozy Oranges has 30 seconds left.\n|inactive|Oozy Oranges has 20 seconds left.\n|inactive|Oozy Oranges has 15 seconds left.\n|inactive|Oozy Oranges has 10 seconds left.\n|\n|t:|1700008729\n|move|p1a: Pelipper|Wide Guard|p1a: Pelipper\n|-singleturn|p1a: Pelipper|Wide Guard\n|move|p1b: Floatzel|Wave Crash|p2b: Basculegion\n|-resisted|p2b: Basculegion\n|-damage|p2b: Basculegion|0 fnt\n|faint|p2b: Basculegion\n|-damage|p1b: Floatzel|25\/100|[from] Recoil\n|move|p2a: Fezandipiti|Icy Wind|p1b: Floatzel|[spread] \n|-activate|p1a: Pelipper|move: Wide Guard\n|-activate|p1b: Floatzel|move: Wide Guard\n|\n|-weather|RainDance|[upkeep]\n|upkeep\n|\n|t:|1700008732\n|switch|p2b: Baxcalibur|Baxcalibur, L50, M|100\/100\n|turn|4\n|\n|t:|1700008752\n|move|p1a: Pelipper|Helping Hand|p1b: Floatzel\n|-singleturn|p1b: Floatzel|Helping Hand|[of] p1a: Pelipper\n|move|p1b: Floatzel|Wave Crash|p2b: Baxcalibur\n|-resisted|p2b: Baxcalibur\n|-damage|p2b: Baxcalibur|0 fnt\n|faint|p2b: Baxcalibur\n|-damage|p1b: Floatzel|0 fnt|[from] Recoil\n|faint|p1b: Floatzel\n|move|p2a: Fezandipiti|Icy Wind|p1a: Pelipper\n|-damage|p1a: Pelipper|39\/100\n|-unboost|p1a: Pelipper|spe|1\n|-enditem|p1a: Pelipper|Sitrus Berry|[eat]\n|-heal|p1a: Pelipper|64\/100|[from] item: Sitrus Berry\n|\n|-weather|RainDance|[upkeep]\n|-sideend|p2: Oozy Oranges|move: Tailwind\n|upkeep\n|\n|t:|1700008773\n|switch|p1b: Flutter Mane|Flutter Mane, L50|100\/100\n|turn|5\n|inactive|Oozy Oranges has 30 seconds left.\n|\n|t:|1700008801\n|move|p1a: Pelipper|Wide Guard|p1a: Pelipper\n|-singleturn|p1a: Pelipper|Wide Guard\n|move|p1b: Flutter Mane|Shadow Ball|p2a: Fezandipiti\n|-damage|p2a: Fezandipiti|49\/100\n|-unboost|p2a: Fezandipiti|spd|1\n|move|p2a: Fezandipiti|Dazzling Gleam|p1b: Flutter Mane|[spread] \n|-activate|p1a: Pelipper|move: Wide Guard\n|-activate|p1b: Flutter Mane|move: Wide Guard\n|\n|-weather|none\n|-heal|p2a: Fezandipiti|55\/100|[from] item: Leftovers\n|upkeep\n|turn|6\n|\n|t:|1700008815\n|move|p1a: Pelipper|Wide Guard|p1a: Pelipper\n|-singleturn|p1a: Pelipper|Wide Guard\n|move|p1b: Flutter Mane|Shadow Ball|p2a: Fezandipiti\n|-damage|p2a: Fezandipiti|0 fnt\n|faint|p2a: Fezandipiti\n|\n|win|SJSU Esports\n|raw|SJSU Esports's rating: 1106 &rarr; <strong>1131<\/strong><br \/>(+25 for winning)\n|raw|Oozy Oranges's rating: 1105 &rarr; <strong>1080<\/strong><br \/>(-25 for losing)\n","uploadtime":1700008823,"views":22,"p1id":"sjsuesports","p2id":"oozyoranges","formatid":"gen9vgc2023regulatione","rating":1080,"private":0,"password":""}