{"id":"gen9vgc2023regulatione-1990159608","p1":"Vidzsffs","p2":"koolaidman219","format":"[Gen 9] VGC 2023 Regulation E","log":"|j|\u2606Vidzsffs\n|j|\u2606koolaidman219\n|t:|1699931140\n|gametype|doubles\n|player|p1|Vidzsffs|silver|1020\n|player|p2|koolaidman219|bianca|1000\n|teamsize|p1|6\n|teamsize|p2|6\n|gen|9\n|tier|[Gen 9] VGC 2023 Regulation E\n|rated|\n|rule|Species Clause: Limit one of each Pok\u00e9mon\n|rule|Item Clause: Limit one of each item\n|clearpoke\n|poke|p1|Weezing, L50, F|\n|poke|p1|Gothitelle, L50, M|\n|poke|p1|Flutter Mane, L50|\n|poke|p1|Regieleki, L50|\n|poke|p1|Torkoal, L50, M|\n|poke|p1|Roaring Moon, L50|\n|poke|p2|Murkrow, L50, M|\n|poke|p2|Meowscarada, L50, M|\n|poke|p2|Moltres-Galar, L50|\n|poke|p2|Jumpluff, L50, F|\n|poke|p2|Ogerpon, L50, F|\n|poke|p2|Umbreon, L50, F|\n|teampreview|4\n|\n|t:|1699931167\n|start\n|switch|p1a: Weezing|Weezing, L50, F|100\/100\n|switch|p1b: Roaring Moon|Roaring Moon, L50|100\/100\n|switch|p2a: dream|Ogerpon, L50, F|100\/100\n|switch|p2b: Umbreon|Umbreon, L50, F, shiny|100\/100\n|-ability|p1a: Weezing|Neutralizing Gas\n|-enditem|p1b: Roaring Moon|Booster Energy\n|-activate|p1b: Roaring Moon|ability: Protosynthesis|[fromitem]\n|-start|p1b: Roaring Moon|protosynthesisspe\n|turn|1\n|\n|t:|1699931185\n|move|p2a: dream|Spiky Shield|p2a: dream\n|-singleturn|p2a: dream|move: Protect\n|move|p1a: Weezing|Protect|p1a: Weezing\n|-singleturn|p1a: Weezing|Protect\n|move|p1b: Roaring Moon|Tailwind|p1b: Roaring Moon\n|-sidestart|p1: Vidzsffs|move: Tailwind\n|move|p2b: Umbreon|Toxic|p1b: Roaring Moon\n|-status|p1b: Roaring Moon|tox\n|\n|-damage|p1b: Roaring Moon|94\/100 tox|[from] psn\n|upkeep\n|turn|2\n|\n|t:|1699931203\n|move|p1b: Roaring Moon|Protect|p1b: Roaring Moon\n|-singleturn|p1b: Roaring Moon|Protect\n|move|p2a: dream|Ivy Cudgel|p1b: Roaring Moon\n|-activate|p1b: Roaring Moon|move: Protect\n|move|p1a: Weezing|Will-O-Wisp|p2a: dream|[miss]\n|-miss|p1a: Weezing|p2a: dream\n|move|p2b: Umbreon|Calm Mind|p2b: Umbreon\n|-boost|p2b: Umbreon|spa|1\n|-boost|p2b: Umbreon|spd|1\n|\n|-damage|p1b: Roaring Moon|82\/100 tox|[from] psn\n|upkeep\n|turn|3\n|\n|t:|1699931235\n|-terastallize|p1b: Roaring Moon|Flying\n|move|p1b: Roaring Moon|Acrobatics|p2b: Umbreon\n|-damage|p2b: Umbreon|66\/100\n|move|p2a: dream|Ivy Cudgel|p1b: Roaring Moon\n|-resisted|p1b: Roaring Moon\n|-damage|p1b: Roaring Moon|46\/100 tox\n|-damage|p2a: dream|91\/100|[from] item: Life Orb\n|move|p1a: Weezing|Will-O-Wisp|p2a: dream\n|-status|p2a: dream|brn\n|move|p2b: Umbreon|Baton Pass|p2b: Umbreon\n|\n|t:|1699931250\n|switch|p2b: baabu|Jumpluff, L50, F, shiny|100\/100|[from] Baton Pass\n|\n|-damage|p1b: Roaring Moon|28\/100 tox|[from] psn\n|-damage|p2a: dream|85\/100 brn|[from] brn\n|upkeep\n|turn|4\n|\n|t:|1699931272\n|move|p2a: dream|Spiky Shield|p2a: dream\n|-singleturn|p2a: dream|move: Protect\n|move|p1b: Roaring Moon|Acrobatics|p2b: baabu\n|-supereffective|p2b: baabu\n|-damage|p2b: baabu|0 fnt\n|faint|p2b: baabu\n|move|p1a: Weezing|Taunt|p2a: dream\n|-activate|p2a: dream|move: Protect\n|\n|-damage|p1b: Roaring Moon|3\/100 tox|[from] psn\n|-damage|p2a: dream|79\/100 brn|[from] brn\n|-sideend|p1: Vidzsffs|move: Tailwind\n|upkeep\n|\n|t:|1699931284\n|switch|p2b: weed cat|Meowscarada, L50, M, shiny|100\/100\n|turn|5\n|\n|t:|1699931303\n|move|p1b: Roaring Moon|Acrobatics|p2a: dream\n|-supereffective|p2a: dream\n|-damage|p2a: dream|0 fnt\n|faint|p2a: dream\n|move|p2b: weed cat|Knock Off|p1a: Weezing\n|-damage|p1a: Weezing|67\/100\n|-enditem|p1a: Weezing|Leftovers|[from] move: Knock Off|[of] p2b: weed cat\n|move|p1a: Weezing|Will-O-Wisp|p2b: weed cat\n|-status|p2b: weed cat|brn\n|\n|-damage|p1b: Roaring Moon|0 fnt|[from] psn\n|faint|p1b: Roaring Moon\n|-end|p1b: Roaring Moon|Protosynthesis|[silent]\n|-damage|p2b: weed cat|95\/100 brn|[from] brn\n|upkeep\n|\n|t:|1699931316\n|switch|p1b: Regieleki|Regieleki, L50|100\/100\n|switch|p2a: Umbreon|Umbreon, L50, F, shiny|66\/100\n|turn|6\n|\n|t:|1699931343\n|move|p1b: Regieleki|Electroweb|p2b: weed cat|[spread] p2a,p2b\n|-resisted|p2b: weed cat\n|-damage|p2a: Umbreon|52\/100\n|-damage|p2b: weed cat|85\/100 brn\n|-unboost|p2a: Umbreon|spe|1\n|-unboost|p2b: weed cat|spe|1\n|move|p2b: weed cat|Giga Drain|p1b: Regieleki\n|-damage|p1b: Regieleki|56\/100\n|-heal|p2b: weed cat|100\/100 brn|[from] drain|[of] p1b: Regieleki\n|move|p1a: Weezing|Acid Spray|p2a: Umbreon\n|-damage|p2a: Umbreon|43\/100\n|-unboost|p2a: Umbreon|spd|2\n|move|p2a: Umbreon|Tera Blast|p1b: Regieleki\n|-damage|p1b: Regieleki|33\/100\n|\n|-damage|p2b: weed cat|95\/100 brn|[from] brn\n|upkeep\n|turn|7\n|\n|t:|1699931365\n|move|p1b: Regieleki|Thunderbolt|p2b: weed cat\n|-resisted|p2b: weed cat\n|-damage|p2b: weed cat|71\/100 brn\n|move|p2b: weed cat|Giga Drain|p1a: Weezing\n|-resisted|p1a: Weezing\n|-damage|p1a: Weezing|53\/100\n|-heal|p2b: weed cat|79\/100 brn|[from] drain|[of] p1a: Weezing\n|move|p1a: Weezing|Acid Spray|p2a: Umbreon\n|-damage|p2a: Umbreon|24\/100\n|-unboost|p2a: Umbreon|spd|2\n|move|p2a: Umbreon|Tera Blast|p1b: Regieleki\n|-damage|p1b: Regieleki|9\/100\n|\n|-damage|p2b: weed cat|73\/100 brn|[from] brn\n|upkeep\n|turn|8\n|\n|t:|1699931382\n|move|p1b: Regieleki|Thunderbolt|p2a: Umbreon\n|-damage|p2a: Umbreon|0 fnt\n|faint|p2a: Umbreon\n|move|p2b: weed cat|Giga Drain|p1b: Regieleki\n|-damage|p1b: Regieleki|0 fnt\n|-heal|p2b: weed cat|77\/100 brn|[from] drain|[of] p1b: Regieleki\n|faint|p1b: Regieleki\n|move|p1a: Weezing|Acid Spray|p2b: weed cat\n|-supereffective|p2b: weed cat\n|-damage|p2b: weed cat|50\/100 brn\n|-unboost|p2b: weed cat|spd|2\n|\n|-damage|p2b: weed cat|44\/100 brn|[from] brn\n|upkeep\n|\n|t:|1699931386\n|switch|p1b: Flutter Mane|Flutter Mane, L50|100\/100\n|turn|9\n|\n|t:|1699931400\n|move|p1b: Flutter Mane|Moonblast|p2b: weed cat\n|-supereffective|p2b: weed cat\n|-damage|p2b: weed cat|0 fnt\n|faint|p2b: weed cat\n|\n|win|Vidzsffs\n|raw|Vidzsffs's rating: 1020 &rarr; <strong>1055<\/strong><br \/>(+35 for winning)\n|raw|koolaidman219's rating: 1000 &rarr; <strong>1000<\/strong><br \/>(+0 for losing)\n|l|\u2606koolaidman219\n","uploadtime":1699931407,"views":27,"p1id":"vidzsffs","p2id":"koolaidman219","formatid":"gen9vgc2023regulatione","rating":1000,"private":0,"password":""}