{"id":"gen9vgc2023regulatione-1994511647","p1":"rYN_796","p2":"linguss","format":"[Gen 9] VGC 2023 Regulation E","log":"|j|\u2606rYN_796\n|j|\u2606linguss\n|n|\u2606rYN_796|ryn796\n|n|\u2606linguss|linguss\n|html|View the match progress at <a href=\"\/game-bestof3-gen9vgc2023regulatione-1994505605\">game-bestof3-gen9vgc2023regulatione-1994505605<\/a>\n|t:|1700452713\n|gametype|doubles\n|player|p1|rYN_796|flannery|\n|player|p2|linguss|1|\n|teamsize|p1|6\n|teamsize|p2|6\n|gen|9\n|tier|[Gen 9] VGC 2023 Regulation E\n|rule|Species Clause: Limit one of each Pok\u00e9mon\n|rule|Item Clause: Limit one of each item\n|clearpoke\n|poke|p1|Cresselia, L50, F|\n|poke|p1|Clefairy, L50, M|\n|poke|p1|Sinistcha, L50|\n|poke|p1|Ursaluna-Bloodmoon, L50, M|\n|poke|p1|Palossand, L50, F|\n|poke|p1|Bruxish, L50, F|\n|poke|p2|Okidogi, L50, M|\n|poke|p2|Ogerpon, L50, F|\n|poke|p2|Bronzong, L50|\n|poke|p2|Roaring Moon, L50|\n|poke|p2|Sableye, L50, F|\n|poke|p2|Azumarill, L50, F|\n|teampreview|4\n|c|\u2606rYN_796|g3\n|\n|t:|1700452757\n|start\n|switch|p1a: Palossand|Palossand, L50, F|100\/100\n|switch|p1b: Bruxish|Bruxish, L50, F|100\/100\n|switch|p2a: Taco Bell|Bronzong, L50|100\/100\n|switch|p2b: Roronoa Zoro|Ogerpon, L50, F|100\/100\n|turn|1\n|\n|t:|1700452819\n|-terastallize|p1a: Palossand|Grass\n|move|p1b: Bruxish|Aqua Jet|p1a: Palossand\n|-resisted|p1a: Palossand\n|-damage|p1a: Palossand|96\/100\n|-ability|p1a: Palossand|Water Compaction|boost\n|-boost|p1a: Palossand|def|2\n|move|p2b: Roronoa Zoro|Ivy Cudgel|p1b: Bruxish\n|-supereffective|p1b: Bruxish\n|-damage|p1b: Bruxish|0 fnt\n|faint|p1b: Bruxish\n|-damage|p2b: Roronoa Zoro|91\/100|[from] item: Life Orb\n|move|p1a: Palossand|Shadow Ball|p2a: Taco Bell\n|-supereffective|p2a: Taco Bell\n|-damage|p2a: Taco Bell|56\/100\n|move|p2a: Taco Bell|Imprison|p2a: Taco Bell\n|-start|p2a: Taco Bell|move: Imprison\n|\n|upkeep\n|\n|t:|1700452836\n|switch|p1b: Cresselia|Cresselia, L50, F|100\/100\n|turn|2\n|\n|t:|1700452847\n|move|p2b: Roronoa Zoro|Follow Me|p2b: Roronoa Zoro\n|-singleturn|p2b: Roronoa Zoro|move: Follow Me\n|move|p1b: Cresselia|Dazzling Gleam|p2a: Taco Bell|[spread] p2a,p2b\n|-resisted|p2a: Taco Bell\n|-damage|p2a: Taco Bell|50\/100\n|-damage|p2b: Roronoa Zoro|79\/100\n|move|p1a: Palossand|Shadow Ball|p2b: Roronoa Zoro\n|-damage|p2b: Roronoa Zoro|50\/100\n|-unboost|p2b: Roronoa Zoro|spd|1\n|-ability|p2b: Roronoa Zoro|Defiant|boost\n|-boost|p2b: Roronoa Zoro|atk|2\n|move|p2a: Taco Bell|Iron Defense|p2a: Taco Bell\n|-boost|p2a: Taco Bell|def|2\n|\n|upkeep\n|turn|3\n|\n|t:|1700452876\n|move|p2b: Roronoa Zoro|Follow Me|p2b: Roronoa Zoro\n|-singleturn|p2b: Roronoa Zoro|move: Follow Me\n|move|p1b: Cresselia|Dazzling Gleam|p2b: Roronoa Zoro|[spread] p2a,p2b\n|-resisted|p2a: Taco Bell\n|-damage|p2a: Taco Bell|45\/100\n|-damage|p2b: Roronoa Zoro|33\/100\n|move|p1a: Palossand|Shadow Ball|p2b: Roronoa Zoro\n|-damage|p2b: Roronoa Zoro|0 fnt\n|faint|p2b: Roronoa Zoro\n|move|p2a: Taco Bell|Iron Defense|p2a: Taco Bell\n|-boost|p2a: Taco Bell|def|2\n|\n|upkeep\n|\n|t:|1700452888\n|switch|p2b: Croissant|Roaring Moon, L50|100\/100\n|-enditem|p2b: Croissant|Booster Energy\n|-activate|p2b: Croissant|ability: Protosynthesis|[fromitem]\n|-start|p2b: Croissant|protosynthesisatk\n|turn|4\n|\n|t:|1700452916\n|-terastallize|p2b: Croissant|Flying\n|move|p2b: Croissant|Knock Off|p1b: Cresselia\n|-supereffective|p1b: Cresselia\n|-damage|p1b: Cresselia|0 fnt\n|-enditem|p1b: Cresselia|Leftovers|[from] move: Knock Off|[of] p2b: Croissant\n|faint|p1b: Cresselia\n|move|p1a: Palossand|Shadow Ball|p2a: Taco Bell\n|-supereffective|p2a: Taco Bell\n|-damage|p2a: Taco Bell|0 fnt\n|faint|p2a: Taco Bell\n|\n|upkeep\n|\n|t:|1700452926\n|switch|p1b: Ursaluna|Ursaluna-Bloodmoon, L50, M|100\/100\n|switch|p2a: Tha Dawg|Okidogi, L50, M|100\/100\n|turn|5\n|\n|t:|1700452970\n|move|p2b: Croissant|Protect|p2b: Croissant\n|-singleturn|p2b: Croissant|Protect\n|move|p1b: Ursaluna|Protect|p1b: Ursaluna\n|-singleturn|p1b: Ursaluna|Protect\n|move|p2a: Tha Dawg|Bulk Up|p2a: Tha Dawg\n|-boost|p2a: Tha Dawg|atk|1\n|-boost|p2a: Tha Dawg|def|1\n|move|p1a: Palossand|Shadow Ball|p2a: Tha Dawg\n|-damage|p2a: Tha Dawg|74\/100\n|\n|-heal|p2a: Tha Dawg|80\/100|[from] item: Leftovers\n|upkeep\n|turn|6\n|\n|t:|1700452989\n|move|p2b: Croissant|Acrobatics|p1a: Palossand\n|-supereffective|p1a: Palossand\n|-damage|p1a: Palossand|44\/100\n|-enditem|p1a: Palossand|Weakness Policy\n|-boost|p1a: Palossand|atk|2|[from] item: Weakness Policy\n|-boost|p1a: Palossand|spa|2|[from] item: Weakness Policy\n|move|p2a: Tha Dawg|Drain Punch|p1b: Ursaluna\n|-supereffective|p1b: Ursaluna\n|-damage|p1b: Ursaluna|7\/100\n|-heal|p2a: Tha Dawg|100\/100|[from] drain|[of] p1b: Ursaluna\n|move|p1b: Ursaluna|Blood Moon|p2b: Croissant\n|-damage|p2b: Croissant|29\/100\n|move|p1a: Palossand|Shadow Ball|p2a: Tha Dawg\n|-damage|p2a: Tha Dawg|39\/100\n|\n|-heal|p2a: Tha Dawg|45\/100|[from] item: Leftovers\n|upkeep\n|turn|7\n|\n|t:|1700453062\n|move|p2b: Croissant|Acrobatics|p1a: Palossand\n|-supereffective|p1a: Palossand\n|-damage|p1a: Palossand|0 fnt\n|faint|p1a: Palossand\n|move|p2a: Tha Dawg|Drain Punch|p1b: Ursaluna\n|-supereffective|p1b: Ursaluna\n|-damage|p1b: Ursaluna|0 fnt\n|-heal|p2a: Tha Dawg|49\/100|[from] drain|[of] p1b: Ursaluna\n|faint|p1b: Ursaluna\n|\n|win|linguss\n|c|\u2606rYN_796|gg\n|c|\u2606linguss|ggs man\n|c|\u2606linguss|did not expect the bruxish but luckily i had bronzong as well lol\n|c|\u2606linguss|I can get replays\n","uploadtime":1700453143,"views":32,"p1id":"ryn796","p2id":"linguss","formatid":"gen9vgc2023regulatione","rating":0,"private":0,"password":""}