{"id":"gen9vgc2023regulatione-1994936315","p1":"Whiskeylemonade","p2":"Dunsnom","format":"[Gen 9] VGC 2023 Regulation E","log":"|j|\u2606Whiskeylemonade\n|j|\u2606Dunsnom\n|t:|1700506180\n|gametype|doubles\n|player|p1|Whiskeylemonade|lucas|1097\n|player|p2|Dunsnom|supernerd|1002\n|teamsize|p1|6\n|teamsize|p2|6\n|gen|9\n|tier|[Gen 9] VGC 2023 Regulation E\n|rated|\n|rule|Species Clause: Limit one of each Pok\u00e9mon\n|rule|Item Clause: Limit one of each item\n|clearpoke\n|poke|p1|Hatterene, L50, F|\n|poke|p1|Rabsca, L50, F|\n|poke|p1|Golem-Alola, L50, F|\n|poke|p1|Indeedee-F, L50, F|\n|poke|p1|Houndstone, L50, M|\n|poke|p1|Shiftry, L50, F|\n|poke|p2|Zorua-Hisui, L50, M|\n|poke|p2|Ogerpon-Wellspring, L50, F|\n|poke|p2|Ninetales-Alola, L50, M|\n|poke|p2|Iron Hands, L50|\n|poke|p2|Torterra, L50, F|\n|poke|p2|Volcarona, L50, F|\n|teampreview|4\n|inactive|Battle timer is ON: inactive players will automatically lose when time's up. (requested by Whiskeylemonade)\n|\n|t:|1700506206\n|start\n|switch|p1a: Shiftry|Shiftry, L50, F|100\/100\n|switch|p1b: PooPeetle|Rabsca, L50, F, shiny|100\/100\n|switch|p2a: Ogerpon|Ogerpon-Wellspring, L50, F|100\/100\n|switch|p2b: Ninetales|Ninetales-Alola, L50, M|100\/100\n|-weather|Snow|[from] ability: Snow Warning|[of] p2b: Ninetales\n|turn|1\n|\n|t:|1700506227\n|-terastallize|p1b: PooPeetle|Water\n|move|p2b: Ninetales|Protect|p2b: Ninetales\n|-singleturn|p2b: Ninetales|Protect\n|move|p2a: Ogerpon|Spiky Shield|p2a: Ogerpon\n|-singleturn|p2a: Ogerpon|move: Protect\n|move|p1a: Shiftry|Fake Out|p2b: Ninetales\n|-activate|p2b: Ninetales|move: Protect\n|move|p1b: PooPeetle|Trick Room|p1b: PooPeetle\n|-fieldstart|move: Trick Room|[of] p1b: PooPeetle\n|\n|-weather|Snow|[upkeep]\n|upkeep\n|turn|2\n|inactive|Whiskeylemonade has 30 seconds left.\n|\n|t:|1700506254\n|move|p1b: PooPeetle|Struggle Bug|p2b: Ninetales|[spread] p2a,p2b\n|-supereffective|p2a: Ogerpon\n|-resisted|p2b: Ninetales\n|-damage|p2a: Ogerpon|72\/100\n|-damage|p2b: Ninetales|92\/100\n|-unboost|p2a: Ogerpon|spa|1\n|-unboost|p2b: Ninetales|spa|1\n|move|p1a: Shiftry|Explosion|p2b: Ninetales|[spread] p2a,p2b\n|-activate|p1b: PooPeetle|ability: Telepathy\n|-enditem|p1a: Shiftry|Normal Gem|[from] gem\n|-damage|p2a: Ogerpon|0 fnt\n|-damage|p2b: Ninetales|38\/100\n|faint|p1a: Shiftry\n|faint|p2a: Ogerpon\n|move|p2b: Ninetales|Aurora Veil|p2b: Ninetales\n|-sidestart|p2: Dunsnom|move: Aurora Veil\n|\n|-weather|Snow|[upkeep]\n|upkeep\n|\n|t:|1700506276\n|switch|p1a: MedicineBall|Golem-Alola, L50, F, shiny|100\/100\n|switch|p2a: Torterra|Torterra, L50, F, shiny|100\/100\n|turn|3\n|inactive|Whiskeylemonade has 30 seconds left.\n|\n|t:|1700506303\n|move|p2b: Ninetales|Protect|p2b: Ninetales\n|-singleturn|p2b: Ninetales|Protect\n|move|p1a: MedicineBall|Fire Punch|p2a: Torterra\n|-supereffective|p2a: Torterra\n|-damage|p2a: Torterra|49\/100\n|move|p1b: PooPeetle|Revival Blessing|p1b: PooPeetle\n|\n|t:|1700506310\n|-heal|p1: Shiftry|50\/100|[from] move: Revival Blessing\n|move|p2a: Torterra|Headlong Rush|p1a: MedicineBall\n|-supereffective|p1a: MedicineBall\n|-damage|p1a: MedicineBall|0 fnt\n|-unboost|p2a: Torterra|def|1\n|-unboost|p2a: Torterra|spd|1\n|-enditem|p2a: Torterra|White Herb\n|-clearnegativeboost|p2a: Torterra|[silent]\n|faint|p1a: MedicineBall\n|\n|-weather|Snow|[upkeep]\n|upkeep\n|\n|t:|1700506328\n|switch|p1a: Shiftry|Shiftry, L50, F|50\/100\n|turn|4\n|\n|t:|1700506347\n|switch|p2b: Iron Hands|Iron Hands, L50|100\/100\n|move|p1a: Shiftry|Fake Out|p2a: Torterra\n|-damage|p2a: Torterra|40\/100\n|move|p1b: PooPeetle|Extrasensory|p2b: Iron Hands\n|-supereffective|p2b: Iron Hands\n|-damage|p2b: Iron Hands|75\/100\n|cant|p2a: Torterra|flinch\n|\n|-weather|Snow|[upkeep]\n|upkeep\n|turn|5\n|\n|t:|1700506368\n|move|p2b: Iron Hands|Fake Out|p1a: Shiftry\n|-damage|p1a: Shiftry|35\/100\n|move|p1b: PooPeetle|Struggle Bug|p2a: Torterra|[spread] p2a,p2b\n|-supereffective|p2a: Torterra\n|-resisted|p2b: Iron Hands\n|-damage|p2a: Torterra|15\/100\n|-damage|p2b: Iron Hands|73\/100\n|-unboost|p2a: Torterra|spa|1\n|-unboost|p2b: Iron Hands|spa|1\n|cant|p1a: Shiftry|flinch\n|move|p2a: Torterra|Shell Smash|p2a: Torterra\n|-unboost|p2a: Torterra|def|1\n|-unboost|p2a: Torterra|spd|1\n|-boost|p2a: Torterra|atk|2\n|-boost|p2a: Torterra|spa|2\n|-boost|p2a: Torterra|spe|2\n|\n|-weather|none\n|-fieldend|move: Trick Room\n|upkeep\n|turn|6\n|\n|t:|1700506391\n|move|p2a: Torterra|Rock Slide|p1a: Shiftry|[spread] p1a,p1b\n|-damage|p1a: Shiftry|0 fnt\n|-damage|p1b: PooPeetle|66\/100\n|faint|p1a: Shiftry\n|move|p2b: Iron Hands|Wild Charge|p1b: PooPeetle\n|-supereffective|p1b: PooPeetle\n|-damage|p1b: PooPeetle|0 fnt\n|faint|p1b: PooPeetle\n|-damage|p2b: Iron Hands|60\/100|[from] Recoil\n|\n|upkeep\n|\n|t:|1700506402\n|switch|p1b: BoneDaddy|Houndstone, L50, M|100\/100\n|turn|7\n|\n|t:|1700506420\n|move|p2a: Torterra|Wood Hammer|p1b: BoneDaddy\n|-damage|p1b: BoneDaddy|47\/100\n|-damage|p2a: Torterra|0 fnt|[from] Recoil\n|faint|p2a: Torterra\n|move|p2b: Iron Hands|Wild Charge|p1b: BoneDaddy\n|-damage|p1b: BoneDaddy|23\/100\n|-damage|p2b: Iron Hands|56\/100|[from] Recoil\n|move|p1b: BoneDaddy|Last Respects|p2b: Iron Hands\n|-damage|p2b: Iron Hands|4\/100\n|\n|-heal|p1b: BoneDaddy|30\/100|[from] item: Leftovers\n|upkeep\n|\n|t:|1700506431\n|switch|p2a: Ninetales|Ninetales-Alola, L50, M|38\/100\n|-weather|Snow|[from] ability: Snow Warning|[of] p2a: Ninetales\n|turn|8\n|\n|t:|1700506439\n|move|p2a: Ninetales|Moonblast|p1b: BoneDaddy\n|-damage|p1b: BoneDaddy|2\/100\n|-unboost|p1b: BoneDaddy|spa|1\n|move|p2b: Iron Hands|Wild Charge|p1b: BoneDaddy\n|-damage|p1b: BoneDaddy|0 fnt\n|faint|p1b: BoneDaddy\n|-damage|p2b: Iron Hands|3\/100|[from] Recoil\n|\n|win|Dunsnom\n|raw|Whiskeylemonade's rating: 1097 &rarr; <strong>1066<\/strong><br \/>(-31 for losing)\n|raw|Dunsnom's rating: 1002 &rarr; <strong>1052<\/strong><br \/>(+50 for winning)\n|l|\u2606Whiskeylemonade\n","uploadtime":1700506454,"views":28,"p1id":"whiskeylemonade","p2id":"dunsnom","formatid":"gen9vgc2023regulatione","rating":1052,"private":0,"password":""}