{"id":"gen9vgc2023regulatione-1988506747","p1":"MrNiceguyVGC","p2":"Vidder9","format":"[Gen 9] VGC 2023 Regulation E","log":"|j|\u2606MrNiceguyVGC\n|j|\u2606Vidder9\n|t:|1699730275\n|gametype|doubles\n|player|p1|MrNiceguyVGC|bruno|1172\n|player|p2|Vidder9|1|1116\n|teamsize|p1|6\n|teamsize|p2|6\n|gen|9\n|tier|[Gen 9] VGC 2023 Regulation E\n|rated|\n|rule|Species Clause: Limit one of each Pok\u00e9mon\n|rule|Item Clause: Limit one of each item\n|clearpoke\n|poke|p1|Indeedee, L50, M|\n|poke|p1|Armarouge, L50, F|\n|poke|p1|Amoonguss, L50, M|\n|poke|p1|Iron Hands, L50|\n|poke|p1|Sneasler, L50, F|\n|poke|p1|Tornadus, L50, M|\n|poke|p2|Weezing, L50, F|\n|poke|p2|Iron Hands, L50|\n|poke|p2|Arcanine-Hisui, L50, F|\n|poke|p2|Roaring Moon, L50|\n|poke|p2|Iron Bundle, L50|\n|poke|p2|Flutter Mane, L50|\n|teampreview|4\n|inactive|Battle timer is ON: inactive players will automatically lose when time's up. (requested by Vidder9)\n|inactive|MrNiceguyVGC has 60 seconds left.\n|inactive|Vidder9 has 60 seconds left.\n|inactive|MrNiceguyVGC has 30 seconds left.\n|\n|t:|1699730349\n|start\n|switch|p1a: Amoonguss|Amoonguss, L50, M, shiny|100\/100\n|switch|p1b: Iron Hands|Iron Hands, L50, shiny|100\/100\n|switch|p2a: Weezing|Weezing, L50, F, shiny|100\/100\n|switch|p2b: Iron Bundle|Iron Bundle, L50|100\/100\n|-ability|p2a: Weezing|Neutralizing Gas\n|turn|1\n|inactive|MrNiceguyVGC has 30 seconds left.\n|\n|t:|1699730379\n|move|p1b: Iron Hands|Detect|p1b: Iron Hands\n|-singleturn|p1b: Iron Hands|Protect\n|move|p2b: Iron Bundle|Ice Beam|p1a: Amoonguss\n|-supereffective|p1a: Amoonguss\n|-damage|p1a: Amoonguss|22\/100\n|move|p2a: Weezing|Will-O-Wisp|p1b: Iron Hands\n|-activate|p1b: Iron Hands|move: Protect\n|move|p1a: Amoonguss|Spore|p2b: Iron Bundle\n|-status|p2b: Iron Bundle|slp|[from] move: Spore\n|\n|upkeep\n|turn|2\n|\n|t:|1699730400\n|cant|p2b: Iron Bundle|slp\n|move|p2a: Weezing|Will-O-Wisp|p1b: Iron Hands\n|-status|p1b: Iron Hands|brn\n|move|p1b: Iron Hands|Swords Dance|p1b: Iron Hands\n|-boost|p1b: Iron Hands|atk|2\n|move|p1a: Amoonguss|Spore|p2a: Weezing\n|-status|p2a: Weezing|slp|[from] move: Spore\n|\n|-damage|p1b: Iron Hands|94\/100 brn|[from] brn\n|upkeep\n|turn|3\n|inactive|MrNiceguyVGC has 30 seconds left.\n|\n|t:|1699730429\n|switch|p1a: Indeedee|Indeedee, L50, M|100\/100\n|cant|p2b: Iron Bundle|slp\n|cant|p2a: Weezing|slp\n|move|p1b: Iron Hands|Drain Punch|p2b: Iron Bundle\n|-supereffective|p2b: Iron Bundle\n|-damage|p2b: Iron Bundle|18\/100 slp\n|-heal|p1b: Iron Hands|100\/100 brn|[from] drain|[of] p2b: Iron Bundle\n|\n|-damage|p1b: Iron Hands|94\/100 brn|[from] brn\n|upkeep\n|turn|4\n|inactive|MrNiceguyVGC has 30 seconds left.\n|\n|t:|1699730455\n|-end|p2b: Iron Bundle|Quark Drive|[silent]\n|switch|p2b: Iron Hands|Iron Hands, L50|100\/100\n|move|p1a: Indeedee|Dazzling Gleam|p2a: Weezing|[spread] p2a,p2b\n|-resisted|p2a: Weezing\n|-supereffective|p2b: Iron Hands\n|-damage|p2a: Weezing|92\/100 slp\n|-damage|p2b: Iron Hands|78\/100\n|cant|p2a: Weezing|slp\n|move|p1b: Iron Hands|Swords Dance|p1b: Iron Hands\n|-boost|p1b: Iron Hands|atk|2\n|\n|-damage|p1b: Iron Hands|88\/100 brn|[from] brn\n|upkeep\n|turn|5\n|\n|t:|1699730473\n|move|p2b: Iron Hands|Fake Out|p1b: Iron Hands\n|-crit|p1b: Iron Hands\n|-damage|p1b: Iron Hands|72\/100 brn\n|move|p1a: Indeedee|Dazzling Gleam|p2b: Iron Hands|[spread] p2a,p2b\n|-resisted|p2a: Weezing\n|-supereffective|p2b: Iron Hands\n|-damage|p2a: Weezing|83\/100 slp\n|-damage|p2b: Iron Hands|55\/100\n|cant|p2a: Weezing|slp\n|cant|p1b: Iron Hands|flinch\n|\n|-damage|p1b: Iron Hands|66\/100 brn|[from] brn\n|upkeep\n|turn|6\n|\n|t:|1699730493\n|move|p1a: Indeedee|Dazzling Gleam|p2b: Iron Hands|[spread] p2a,p2b\n|-resisted|p2a: Weezing\n|-crit|p2a: Weezing\n|-supereffective|p2b: Iron Hands\n|-damage|p2a: Weezing|71\/100 slp\n|-damage|p2b: Iron Hands|32\/100\n|-curestatus|p2a: Weezing|slp|[msg]\n|move|p2a: Weezing|Sludge Bomb|p1a: Indeedee\n|-damage|p1a: Indeedee|58\/100\n|move|p2b: Iron Hands|Drain Punch|p1a: Indeedee\n|-damage|p1a: Indeedee|0 fnt\n|-heal|p2b: Iron Hands|46\/100|[from] drain|[of] p1a: Indeedee\n|faint|p1a: Indeedee\n|move|p1b: Iron Hands|Drain Punch|p2b: Iron Hands\n|-damage|p2b: Iron Hands|14\/100\n|-heal|p1b: Iron Hands|84\/100 brn|[from] drain|[of] p2b: Iron Hands\n|\n|-damage|p1b: Iron Hands|78\/100 brn|[from] brn\n|upkeep\n|\n|t:|1699730514\n|switch|p1a: Amoonguss|Amoonguss, L50, M, shiny|22\/100\n|turn|7\n|\n|t:|1699730532\n|-end|p2b: Iron Hands|Quark Drive|[silent]\n|switch|p2b: Iron Bundle|Iron Bundle, L50|18\/100 slp\n|move|p2a: Weezing|Protect|p2a: Weezing\n|-singleturn|p2a: Weezing|Protect\n|move|p1b: Iron Hands|Drain Punch|p2b: Iron Bundle\n|-supereffective|p2b: Iron Bundle\n|-damage|p2b: Iron Bundle|0 fnt\n|-heal|p1b: Iron Hands|84\/100 brn|[from] drain|[of] p2b: Iron Bundle\n|faint|p2b: Iron Bundle\n|-end|p2b: Iron Bundle|Quark Drive|[silent]\n|move|p1a: Amoonguss|Spore|p2a: Weezing\n|-activate|p2a: Weezing|move: Protect\n|\n|-damage|p1b: Iron Hands|77\/100 brn|[from] brn\n|upkeep\n|\n|t:|1699730536\n|switch|p2b: Arcanine|Arcanine-Hisui, L50, F|100\/100\n|turn|8\n|\n|t:|1699730556\n|move|p2b: Arcanine|Stone Edge|p1b: Iron Hands|[miss]\n|-miss|p2b: Arcanine|p1b: Iron Hands\n|move|p2a: Weezing|Sludge Bomb|p1a: Amoonguss\n|-damage|p1a: Amoonguss|0 fnt\n|faint|p1a: Amoonguss\n|move|p1b: Iron Hands|Drain Punch|p2b: Arcanine\n|-supereffective|p2b: Arcanine\n|-damage|p2b: Arcanine|0 fnt\n|-heal|p1b: Iron Hands|100\/100 brn|[from] drain|[of] p2b: Arcanine\n|faint|p2b: Arcanine\n|\n|-damage|p1b: Iron Hands|94\/100 brn|[from] brn\n|upkeep\n|\n|t:|1699730572\n|switch|p2b: Iron Hands|Iron Hands, L50|14\/100\n|switch|p1a: Sneasler|Sneasler, L50, F, shiny|100\/100\n|turn|9\n|\n|t:|1699730587\n|move|p1a: Sneasler|Protect|p1a: Sneasler\n|-singleturn|p1a: Sneasler|Protect\n|move|p1b: Iron Hands|Detect|p1b: Iron Hands\n|-singleturn|p1b: Iron Hands|Protect\n|move|p2b: Iron Hands|Fake Out|p1a: Sneasler\n|-activate|p1a: Sneasler|move: Protect\n|move|p2a: Weezing|Will-O-Wisp|p1a: Sneasler\n|-activate|p1a: Sneasler|move: Protect\n|\n|-damage|p1b: Iron Hands|88\/100 brn|[from] brn\n|upkeep\n|turn|10\n|inactive|MrNiceguyVGC has 30 seconds left.\n|\n|t:|1699730616\n|move|p1a: Sneasler|Dire Claw|p2b: Iron Hands\n|-damage|p2b: Iron Hands|0 fnt\n|faint|p2b: Iron Hands\n|-end|p2b: Iron Hands|Quark Drive|[silent]\n|move|p2a: Weezing|Will-O-Wisp|p1a: Sneasler\n|-status|p1a: Sneasler|brn\n|move|p1b: Iron Hands|Drain Punch|p2a: Weezing\n|-resisted|p2a: Weezing\n|-damage|p2a: Weezing|46\/100\n|-heal|p1b: Iron Hands|98\/100 brn|[from] drain|[of] p2a: Weezing\n|-enditem|p2a: Weezing|Sitrus Berry|[eat]\n|-heal|p2a: Weezing|71\/100|[from] item: Sitrus Berry\n|\n|-damage|p1a: Sneasler|94\/100 brn|[from] brn\n|-damage|p1b: Iron Hands|92\/100 brn|[from] brn\n|upkeep\n|turn|11\n|inactive|MrNiceguyVGC has 30 seconds left.\n|\n|t:|1699730642\n|move|p1a: Sneasler|Dire Claw|p2a: Weezing\n|-resisted|p2a: Weezing\n|-damage|p2a: Weezing|62\/100\n|move|p2a: Weezing|Sludge Bomb|p1b: Iron Hands\n|-damage|p1b: Iron Hands|72\/100 brn\n|move|p1b: Iron Hands|Swords Dance|p1b: Iron Hands\n|-boost|p1b: Iron Hands|atk|2\n|\n|-damage|p1a: Sneasler|88\/100 brn|[from] brn\n|-damage|p1b: Iron Hands|66\/100 brn|[from] brn\n|upkeep\n|turn|12\n|\n|t:|1699730659\n|move|p2a: Weezing|Protect|p2a: Weezing\n|-singleturn|p2a: Weezing|Protect\n|move|p1a: Sneasler|Dire Claw|p2a: Weezing\n|-activate|p2a: Weezing|move: Protect\n|move|p1b: Iron Hands|Drain Punch|p2a: Weezing\n|-activate|p2a: Weezing|move: Protect\n|\n|-damage|p1a: Sneasler|82\/100 brn|[from] brn\n|-damage|p1b: Iron Hands|60\/100 brn|[from] brn\n|upkeep\n|turn|13\n|inactive|Vidder9 has 30 seconds left.\n|\n|t:|1699730691\n|move|p1a: Sneasler|Dire Claw|p2a: Weezing\n|-resisted|p2a: Weezing\n|-damage|p2a: Weezing|53\/100\n|-status|p2a: Weezing|slp\n|cant|p2a: Weezing|slp\n|move|p1b: Iron Hands|Drain Punch|p2a: Weezing\n|-resisted|p2a: Weezing\n|-damage|p2a: Weezing|24\/100 slp\n|-heal|p1b: Iron Hands|71\/100 brn|[from] drain|[of] p2a: Weezing\n|\n|-damage|p1a: Sneasler|75\/100 brn|[from] brn\n|-damage|p1b: Iron Hands|65\/100 brn|[from] brn\n|upkeep\n|turn|14\n|-message|Vidder9 forfeited.\n|\n|win|MrNiceguyVGC\n|raw|MrNiceguyVGC's rating: 1172 &rarr; <strong>1193<\/strong><br \/>(+21 for winning)\n|raw|Vidder9's rating: 1116 &rarr; <strong>1095<\/strong><br \/>(-21 for losing)\n|l|\u2606Vidder9\n","uploadtime":1699730710,"views":13,"p1id":"mrniceguyvgc","p2id":"vidder9","formatid":"gen9vgc2023regulatione","rating":1095,"private":0,"password":""}