{"id":"gen9vgc2023regulatione-1991555349","p1":"Nightwind Husky","p2":"PritzShow","format":"[Gen 9] VGC 2023 Regulation E","log":"|j|\u2606Nightwind Husky\n|j|\u2606PritzShow\n|t:|1700087926\n|gametype|doubles\n|player|p1|Nightwind Husky|266|1476\n|player|p2|PritzShow|fisherman-gen4|1537\n|teamsize|p1|6\n|teamsize|p2|6\n|gen|9\n|tier|[Gen 9] VGC 2023 Regulation E\n|rated|\n|rule|Species Clause: Limit one of each Pok\u00e9mon\n|rule|Item Clause: Limit one of each item\n|clearpoke\n|poke|p1|Heatran, L50, M|\n|poke|p1|Farigiraf, L50, F|\n|poke|p1|Dragonite, L50, M|\n|poke|p1|Chien-Pao, L50|\n|poke|p1|Rillaboom, L50, F|\n|poke|p1|Urshifu-*, L50, M|\n|poke|p2|Flutter Mane, L50|\n|poke|p2|Landorus-Therian, L50, M|\n|poke|p2|Ogerpon-Wellspring, L50, F|\n|poke|p2|Kingambit, L50, F|\n|poke|p2|Weezing, L50, F|\n|poke|p2|Grimmsnarl, L50, M|\n|teampreview|4\n|inactive|Battle timer is ON: inactive players will automatically lose when time's up. (requested by PritzShow)\n|inactive|Nightwind Husky has 60 seconds left.\n|inactive|Nightwind Husky has 30 seconds left.\n|\n|t:|1700087990\n|start\n|switch|p1a: Dragonite|Dragonite, L50, M|100\/100\n|switch|p1b: Chien-Pao|Chien-Pao, L50|100\/100\n|switch|p2a: Landorus|Landorus-Therian, L50, M|100\/100\n|switch|p2b: Weezing|Weezing, L50, F|100\/100\n|-ability|p2b: Weezing|Neutralizing Gas\n|-block|p2a: Landorus|item: Ability Shield\n|-ability|p2a: Landorus|Intimidate|boost\n|-unboost|p1a: Dragonite|atk|1\n|-unboost|p1b: Chien-Pao|atk|1\n|turn|1\n|j| Asacado\n|inactive|Nightwind Husky has 30 seconds left.\n|\n|t:|1700088017\n|switch|p2a: Kingambit|Kingambit, L50, F|100\/100\n|-terastallize|p1a: Dragonite|Normal\n|move|p2b: Weezing|Protect|p2b: Weezing\n|-singleturn|p2b: Weezing|Protect\n|move|p1a: Dragonite|Extreme Speed|p2a: Kingambit\n|-resisted|p2a: Kingambit\n|-damage|p2a: Kingambit|83\/100\n|move|p1b: Chien-Pao|Sucker Punch||[still]\n|-fail|p1b: Chien-Pao\n|\n|upkeep\n|turn|2\n|\n|t:|1700088041\n|move|p2a: Kingambit|Protect|p2a: Kingambit\n|-singleturn|p2a: Kingambit|Protect\n|move|p1a: Dragonite|Extreme Speed|p2b: Weezing\n|-damage|p2b: Weezing|59\/100\n|move|p1b: Chien-Pao|Sacred Sword|p2a: Kingambit\n|-activate|p2a: Kingambit|move: Protect\n|move|p2b: Weezing|Will-O-Wisp|p1a: Dragonite\n|-status|p1a: Dragonite|brn\n|\n|-damage|p1a: Dragonite|95\/100 brn|[from] brn\n|upkeep\n|turn|3\n|\n|t:|1700088054\n|switch|p1b: Heatran|Heatran, L50, M|100\/100\n|switch|p2a: Landorus|Landorus-Therian, L50, M|100\/100\n|-ability|p2a: Landorus|Intimidate|boost\n|-unboost|p1a: Dragonite|atk|1\n|-unboost|p1b: Heatran|atk|1\n|move|p1a: Dragonite|Extreme Speed|p2b: Weezing\n|-damage|p2b: Weezing|44\/100\n|-enditem|p2b: Weezing|Sitrus Berry|[eat]\n|-heal|p2b: Weezing|69\/100|[from] item: Sitrus Berry\n|move|p2b: Weezing|Will-O-Wisp|p1b: Heatran\n|-immune|p1b: Heatran\n|\n|-damage|p1a: Dragonite|89\/100 brn|[from] brn\n|upkeep\n|turn|4\n|\n|t:|1700088079\n|switch|p1b: Chien-Pao|Chien-Pao, L50|100\/100\n|-end|p2b: Weezing|ability: Neutralizing Gas\n|-ability|p1b: Chien-Pao|Sword of Ruin\n|switch|p2b: Kingambit|Kingambit, L50, F|83\/100\n|move|p1a: Dragonite|Extreme Speed|p2a: Landorus\n|-damage|p2a: Landorus|73\/100\n|move|p2a: Landorus|Stomping Tantrum|p1b: Chien-Pao\n|-damage|p1b: Chien-Pao|42\/100\n|\n|-damage|p1a: Dragonite|83\/100 brn|[from] brn\n|upkeep\n|turn|5\n|inactive|PritzShow has 30 seconds left.\n|\n|t:|1700088109\n|move|p1a: Dragonite|Extreme Speed|p2b: Kingambit\n|-resisted|p2b: Kingambit\n|-damage|p2b: Kingambit|75\/100\n|move|p1b: Chien-Pao|Icicle Crash|p2a: Landorus\n|-supereffective|p2a: Landorus\n|-damage|p2a: Landorus|0 fnt\n|faint|p2a: Landorus\n|move|p2b: Kingambit|Kowtow Cleave|p1b: Chien-Pao\n|-resisted|p1b: Chien-Pao\n|-damage|p1b: Chien-Pao|0 fnt\n|faint|p1b: Chien-Pao\n|\n|-damage|p1a: Dragonite|77\/100 brn|[from] brn\n|upkeep\n|\n|t:|1700088128\n|switch|p1b: Heatran|Heatran, L50, M|100\/100\n|switch|p2a: Ogerpon|Ogerpon-Wellspring, L50, F|100\/100\n|turn|6\n|\n|t:|1700088151\n|switch|p1b: Urshifu|Urshifu-Rapid-Strike, L50, M|100\/100\n|move|p1a: Dragonite|Extreme Speed|p2a: Ogerpon\n|-damage|p2a: Ogerpon|77\/100\n|move|p2a: Ogerpon|Ivy Cudgel|p1b: Urshifu|[anim] Ivy Cudgel Water\n|-resisted|p1b: Urshifu\n|-crit|p1b: Urshifu\n|-damage|p1b: Urshifu|59\/100\n|move|p2b: Kingambit|Kowtow Cleave|p1a: Dragonite\n|-damage|p1a: Dragonite|15\/100 brn\n|\n|-damage|p1a: Dragonite|9\/100 brn|[from] brn\n|upkeep\n|turn|7\n|\n|t:|1700088173\n|move|p1a: Dragonite|Extreme Speed|p2a: Ogerpon\n|-damage|p2a: Ogerpon|55\/100\n|move|p1b: Urshifu|Close Combat|p2b: Kingambit\n|-supereffective|p2b: Kingambit\n|-damage|p2b: Kingambit|0 fnt\n|-unboost|p1b: Urshifu|def|1\n|-unboost|p1b: Urshifu|spd|1\n|faint|p2b: Kingambit\n|move|p2a: Ogerpon|Horn Leech|p1b: Urshifu\n|-supereffective|p1b: Urshifu\n|-damage|p1b: Urshifu|0 fnt\n|-heal|p2a: Ogerpon|88\/100|[from] drain|[of] p1b: Urshifu\n|faint|p1b: Urshifu\n|\n|-damage|p1a: Dragonite|3\/100 brn|[from] brn\n|upkeep\n|\n|t:|1700088186\n|switch|p1b: Heatran|Heatran, L50, M|100\/100\n|switch|p2b: Weezing|Weezing, L50, F|69\/100\n|-ability|p2b: Weezing|Neutralizing Gas\n|turn|8\n|\n|t:|1700088200\n|move|p2a: Ogerpon|Spiky Shield|p2a: Ogerpon\n|-singleturn|p2a: Ogerpon|move: Protect\n|move|p2b: Weezing|Protect|p2b: Weezing\n|-singleturn|p2b: Weezing|Protect\n|move|p1a: Dragonite|Extreme Speed|p2b: Weezing\n|-activate|p2b: Weezing|move: Protect\n|move|p1b: Heatran|Earth Power|p2b: Weezing\n|-activate|p2b: Weezing|move: Protect\n|\n|-damage|p1a: Dragonite|0 fnt|[from] brn\n|faint|p1a: Dragonite\n|upkeep\n|turn|9\n|-message|Nightwind Husky forfeited.\n|\n|win|PritzShow\n|raw|Nightwind Husky's rating: 1476 &rarr; <strong>1459<\/strong><br \/>(-17 for losing)\n|raw|PritzShow's rating: 1537 &rarr; <strong>1554<\/strong><br \/>(+17 for winning)\n|l|\u2606Nightwind Husky\n|l|\u2606PritzShow\n","uploadtime":1700088709,"views":10,"p1id":"nightwindhusky","p2id":"pritzshow","formatid":"gen9vgc2023regulatione","rating":1459,"private":0,"password":""}