{"id":"gen9vgc2023regulatione-1988027814","p1":"lexical2029","p2":"thunderdog_32","format":"[Gen 9] VGC 2023 Regulation E","log":"|j|\u2606lexical2029\n|j|\u2606thunderdog_32\n|t:|1699660822\n|gametype|doubles\n|player|p1|lexical2029|shauntal|1057\n|player|p2|thunderdog_32|1|1082\n|teamsize|p1|6\n|teamsize|p2|6\n|gen|9\n|tier|[Gen 9] VGC 2023 Regulation E\n|rated|\n|rule|Species Clause: Limit one of each Pok\u00e9mon\n|rule|Item Clause: Limit one of each item\n|clearpoke\n|poke|p1|Tauros-Paldea-Blaze, L50, M|\n|poke|p1|Appletun, L50, M|\n|poke|p1|Ogerpon, L50, F|\n|poke|p1|Altaria, L50, F|\n|poke|p1|Zoroark-Hisui, L50, M|\n|poke|p1|Kingambit, L50, F|\n|poke|p2|Annihilape, L50, M|\n|poke|p2|Amoonguss, L50, F|\n|poke|p2|Chien-Pao, L50|\n|poke|p2|Palafin, L50, M|\n|poke|p2|Tornadus, L50, M|\n|poke|p2|Heatran, L50, F|\n|teampreview|4\n|inactive|Battle timer is ON: inactive players will automatically lose when time's up. (requested by thunderdog_32)\n|\n|t:|1699660874\n|start\n|switch|p1a: Altaria|Altaria, L50, F, shiny|100\/100\n|switch|p1b: Tauros|Tauros-Paldea-Blaze, L50, M|100\/100\n|switch|p2a: Palafin|Palafin, L50, M|100\/100\n|switch|p2b: Tornadus|Tornadus, L50, M|100\/100\n|-ability|p1b: Tauros|Intimidate|boost\n|-unboost|p2a: Palafin|atk|1\n|-unboost|p2b: Tornadus|atk|1\n|-ability|p1a: Altaria|Cloud Nine\n|turn|1\n|inactive|lexical2029 has 30 seconds left.\n|inactive|lexical2029 has 20 seconds left.\n|\n|t:|1699660911\n|detailschange|p2a: Palafin|Palafin-Hero, L50, M\n|switch|p2a: Annihilape|Annihilape, L50, M|100\/100\n|move|p1b: Tauros|Close Combat|p2a: Annihilape\n|-immune|p2a: Annihilape\n|move|p2b: Tornadus|Bleakwind Storm|p1a: Altaria|[spread] p1a,p1b\n|-supereffective|p1b: Tauros\n|-damage|p1a: Altaria|64\/100\n|-damage|p1b: Tauros|0 fnt\n|-unboost|p1a: Altaria|spe|1\n|faint|p1b: Tauros\n|move|p1a: Altaria|Tailwind|p1a: Altaria\n|-sidestart|p1: lexical2029|move: Tailwind\n|\n|upkeep\n|\n|t:|1699660923\n|switch|p1b: Kingambit|Kingambit, L50, F|100\/100\n|turn|2\n|inactive|thunderdog_32 has 30 seconds left.\n|\n|t:|1699660957\n|-terastallize|p1b: Kingambit|Dark\n|move|p1b: Kingambit|Sucker Punch|p2a: Annihilape\n|-damage|p2a: Annihilape|26\/100\n|move|p2a: Annihilape|Final Gambit|p1b: Kingambit\n|-damage|p1b: Kingambit|70\/100\n|faint|p2a: Annihilape\n|move|p1a: Altaria|Draco Meteor|p2b: Tornadus\n|-damage|p2b: Tornadus|61\/100\n|-unboost|p1a: Altaria|spa|2\n|move|p2b: Tornadus|Icy Wind|p1b: Kingambit|[spread] p1a,p1b\n|-supereffective|p1a: Altaria\n|-damage|p1a: Altaria|11\/100\n|-damage|p1b: Kingambit|56\/100\n|-unboost|p1a: Altaria|spe|1\n|-unboost|p1b: Kingambit|spe|1\n|-ability|p1b: Kingambit|Defiant|boost\n|-boost|p1b: Kingambit|atk|2\n|\n|upkeep\n|\n|t:|1699660969\n|switch|p2a: Palafin|Palafin-Hero, L50, M|100\/100\n|-activate|p2a: Palafin|ability: Zero to Hero\n|turn|3\n|inactive|thunderdog_32 has 30 seconds left.\n|\n|t:|1699660996\n|move|p2a: Palafin|Jet Punch|p1b: Kingambit\n|-damage|p1b: Kingambit|23\/100\n|move|p1b: Kingambit|Sucker Punch||[still]\n|-fail|p1b: Kingambit\n|move|p2b: Tornadus|Bleakwind Storm|p1a: Altaria|[spread] p1a,p1b\n|-damage|p1a: Altaria|0 fnt\n|-damage|p1b: Kingambit|0 fnt\n|faint|p1a: Altaria\n|faint|p1b: Kingambit\n|\n|upkeep\n|\n|t:|1699661003\n|switch|p1a: Appletun|Appletun, L50, M, shiny|100\/100\n|turn|4\n|\n|t:|1699661012\n|move|p2a: Palafin|Protect|p2a: Palafin\n|-singleturn|p2a: Palafin|Protect\n|move|p2b: Tornadus|Taunt|p1a: Appletun\n|-start|p1a: Appletun|move: Taunt\n|move|p1a: Appletun|Apple Acid|p2a: Palafin\n|-activate|p2a: Palafin|move: Protect\n|\n|-sideend|p1: lexical2029|move: Tailwind\n|upkeep\n|turn|5\n|-message|lexical2029 forfeited.\n|\n|win|thunderdog_32\n|raw|lexical2029's rating: 1057 &rarr; <strong>1040<\/strong><br \/>(-17 for losing)\n|raw|thunderdog_32's rating: 1082 &rarr; <strong>1108<\/strong><br \/>(+26 for winning)\n|l|\u2606lexical2029\n","uploadtime":1699661028,"views":17,"p1id":"lexical2029","p2id":"thunderdog32","formatid":"gen9vgc2023regulatione","rating":1040,"private":0,"password":""}