{"id":"gen9vgc2023regulatione-1989954601","p1":"guerravictor","p2":"Spler","format":"[Gen 9] VGC 2023 Regulation E","log":"|j|\u2606guerravictor\n|j|\u2606Spler\n|t:|1699909851\n|gametype|doubles\n|player|p1|guerravictor|supernerd|1357\n|player|p2|Spler|170|1407\n|teamsize|p1|6\n|teamsize|p2|6\n|gen|9\n|tier|[Gen 9] VGC 2023 Regulation E\n|rated|\n|rule|Species Clause: Limit one of each Pok\u00e9mon\n|rule|Item Clause: Limit one of each item\n|clearpoke\n|poke|p1|Landorus, L50, M|\n|poke|p1|Sableye, L50, F|\n|poke|p1|Iron Valiant, L50|\n|poke|p1|Dipplin, L50, M|\n|poke|p1|Tyranitar, L50, F|\n|poke|p1|Lycanroc, L50, F|\n|poke|p2|Iron Hands, L50|\n|poke|p2|Rillaboom, L50, F|\n|poke|p2|Urshifu-*, L50, M|\n|poke|p2|Flutter Mane, L50|\n|poke|p2|Maushold, L50|\n|poke|p2|Chi-Yu, L50|\n|teampreview|4\n|inactive|Battle timer is ON: inactive players will automatically lose when time's up. (requested by guerravictor)\n|inactive|guerravictor has 60 seconds left.\n|inactive|Spler has 60 seconds left.\nSpler rejected open team sheets.\n|inactive|guerravictor has 30 seconds left.\n|inactive|guerravictor has 20 seconds left.\n|inactive|guerravictor has 15 seconds left.\n|\n|t:|1699909928\n|start\n|switch|p1a: Sableye|Sableye, L50, F|100\/100\n|switch|p1b: Iron Valiant|Iron Valiant, L50, shiny|100\/100\n|switch|p2a: Rillaboom|Rillaboom, L50, F|100\/100\n|switch|p2b: Urshifu|Urshifu-Rapid-Strike, L50, M|100\/100\n|-fieldstart|move: Grassy Terrain|[from] ability: Grassy Surge|[of] p2a: Rillaboom\n|-enditem|p1b: Iron Valiant|Booster Energy\n|-activate|p1b: Iron Valiant|ability: Quark Drive|[fromitem]\n|-start|p1b: Iron Valiant|quarkdrivespe\n|turn|1\n|inactive|guerravictor has 30 seconds left.\n|inactive|guerravictor has 20 seconds left.\n|inactive|Spler has 30 seconds left.\n|inactive|guerravictor has 15 seconds left.\n|\n|t:|1699909973\n|-terastallize|p1b: Iron Valiant|Ghost\n|-terastallize|p2b: Urshifu|Water\n|move|p2a: Rillaboom|Fake Out|p1b: Iron Valiant\n|-immune|p1b: Iron Valiant\n|move|p1a: Sableye|Fake Out|p2b: Urshifu\n|-damage|p2b: Urshifu|94\/100\n|move|p1b: Iron Valiant|Dazzling Gleam|p2b: Urshifu|[spread] p2a,p2b\n|-damage|p2a: Rillaboom|63\/100\n|-damage|p2b: Urshifu|58\/100\n|cant|p2b: Urshifu|flinch\n|\n|-heal|p2b: Urshifu|63\/100|[from] Grassy Terrain\n|-heal|p2a: Rillaboom|69\/100|[from] Grassy Terrain\n|upkeep\n|turn|2\n|inactive|Spler has 30 seconds left.\n|\n|t:|1699909999\n|move|p1b: Iron Valiant|Protect|p1b: Iron Valiant\n|-singleturn|p1b: Iron Valiant|Protect\n|move|p2b: Urshifu|Detect|p2b: Urshifu\n|-singleturn|p2b: Urshifu|Protect\n|move|p2a: Rillaboom|Wood Hammer|p1b: Iron Valiant\n|-activate|p1b: Iron Valiant|move: Protect\n|move|p1a: Sableye|Foul Play|p2b: Urshifu\n|-activate|p2b: Urshifu|move: Protect\n|\n|-heal|p2b: Urshifu|69\/100|[from] Grassy Terrain\n|-heal|p2a: Rillaboom|74\/100|[from] Grassy Terrain\n|upkeep\n|turn|3\n|inactive|Spler has 30 seconds left.\n|\n|t:|1699910027\n|move|p1a: Sableye|Gravity|p1a: Sableye\n|-fieldstart|move: Gravity\n|move|p1b: Iron Valiant|Hypnosis|p2b: Urshifu\n|-status|p2b: Urshifu|slp|[from] move: Hypnosis\n|cant|p2b: Urshifu|slp\n|move|p2a: Rillaboom|Wood Hammer|p1b: Iron Valiant\n|-damage|p1b: Iron Valiant|0 fnt\n|faint|p1b: Iron Valiant\n|-end|p1b: Iron Valiant|Quark Drive|[silent]\n|-damage|p2a: Rillaboom|51\/100|[from] Recoil\n|\n|-heal|p2b: Urshifu|75\/100 slp|[from] Grassy Terrain\n|-heal|p2a: Rillaboom|57\/100|[from] Grassy Terrain\n|upkeep\n|\n|t:|1699910048\n|switch|p1b: Landorus|Landorus, L50, M, shiny|100\/100\n|turn|4\n|\n|t:|1699910061\n|cant|p2b: Urshifu|slp\n|move|p1b: Landorus|Sludge Bomb|p2a: Rillaboom\n|-supereffective|p2a: Rillaboom\n|-damage|p2a: Rillaboom|0 fnt\n|faint|p2a: Rillaboom\n|move|p1a: Sableye|Foul Play|p2b: Urshifu\n|-damage|p2b: Urshifu|28\/100 slp\n|\n|-heal|p2b: Urshifu|33\/100 slp|[from] Grassy Terrain\n|upkeep\n|\n|t:|1699910074\n|switch|p2a: Flutter Mane|Flutter Mane, L50|100\/100\n|-enditem|p2a: Flutter Mane|Booster Energy\n|-activate|p2a: Flutter Mane|ability: Protosynthesis|[fromitem]\n|-start|p2a: Flutter Mane|protosynthesisspe\n|turn|5\n|\n|t:|1699910090\n|move|p1a: Sableye|Thunder Wave|p2a: Flutter Mane\n|-status|p2a: Flutter Mane|par\n|move|p1b: Landorus|Sandsear Storm|p2a: Flutter Mane|[spread] p2a,p2b\n|-damage|p2a: Flutter Mane|42\/100 par\n|-damage|p2b: Urshifu|0 fnt\n|faint|p2b: Urshifu\n|move|p2a: Flutter Mane|Icy Wind|p1b: Landorus|[spread] p1a,p1b\n|-supereffective|p1b: Landorus\n|-damage|p1a: Sableye|85\/100\n|-damage|p1b: Landorus|28\/100\n|-unboost|p1a: Sableye|spe|1\n|-unboost|p1b: Landorus|spe|1\n|\n|-heal|p2a: Flutter Mane|48\/100 par|[from] Grassy Terrain\n|-heal|p1b: Landorus|34\/100|[from] Grassy Terrain\n|-heal|p1a: Sableye|91\/100|[from] Grassy Terrain\n|-heal|p1a: Sableye|97\/100|[from] item: Leftovers\n|-fieldend|move: Grassy Terrain\n|upkeep\n|\n|t:|1699910108\n|switch|p2b: Iron Hands|Iron Hands, L50|100\/100\n|turn|6\n|\n|t:|1699910117\n|move|p1b: Landorus|Protect|p1b: Landorus\n|-singleturn|p1b: Landorus|Protect\n|move|p2a: Flutter Mane|Dazzling Gleam|p1a: Sableye|[spread] p1a\n|-activate|p1b: Landorus|move: Protect\n|-supereffective|p1a: Sableye\n|-damage|p1a: Sableye|27\/100\n|move|p2b: Iron Hands|Wild Charge|p1a: Sableye\n|-damage|p1a: Sableye|0 fnt\n|faint|p1a: Sableye\n|-damage|p2b: Iron Hands|96\/100|[from] Recoil\n|\n|upkeep\n|\n|t:|1699910128\n|switch|p1a: Tyranitar|Tyranitar, L50, F, shiny|100\/100\n|-weather|Sandstorm|[from] ability: Sand Stream|[of] p1a: Tyranitar\n|turn|7\n|\n|t:|1699910143\n|move|p2a: Flutter Mane|Dazzling Gleam|p1b: Landorus|[spread] p1a,p1b\n|-supereffective|p1a: Tyranitar\n|-damage|p1a: Tyranitar|74\/100\n|-damage|p1b: Landorus|0 fnt\n|faint|p1b: Landorus\n|move|p2b: Iron Hands|Drain Punch|p1a: Tyranitar\n|-supereffective|p1a: Tyranitar\n|-damage|p1a: Tyranitar|0 fnt\n|-heal|p2b: Iron Hands|100\/100|[from] drain|[of] p1a: Tyranitar\n|faint|p1a: Tyranitar\n|\n|win|Spler\n|raw|guerravictor's rating: 1357 &rarr; <strong>1340<\/strong><br \/>(-17 for losing)\n|raw|Spler's rating: 1407 &rarr; <strong>1424<\/strong><br \/>(+17 for winning)\n|l|\u2606guerravictor\n","uploadtime":1699910157,"views":13,"p1id":"guerravictor","p2id":"spler","formatid":"gen9vgc2023regulatione","rating":1340,"private":0,"password":""}