{"id":"gen9vgc2023regulatione-1998975206","p1":"DomDaBomb886","p2":"masenkoEX","format":"[Gen 9] VGC 2023 Regulation E","log":"|j|\u2606DomDaBomb886\n|j|\u2606masenkoEX\n|n|\u2606DomDaBomb886|domdabomb886\n|n|\u2606masenkoEX|masenkoex\n|html|View the match progress at <a href=\"\/game-bestof3-gen9vgc2023regulatione-1998975205\">game-bestof3-gen9vgc2023regulatione-1998975205<\/a>\n|t:|1701019713\n|gametype|doubles\n|player|p1|DomDaBomb886|ingo|\n|player|p2|masenkoEX|bertha|\n|teamsize|p1|6\n|teamsize|p2|6\n|gen|9\n|tier|[Gen 9] VGC 2023 Regulation E\n|rule|Species Clause: Limit one of each Pok\u00e9mon\n|rule|Item Clause: Limit one of each item\n|clearpoke\n|poke|p1|Great Tusk, L50|\n|poke|p1|Kilowattrel, L50, F|\n|poke|p1|Chandelure, L50, M|\n|poke|p1|Bruxish, L50, F|\n|poke|p1|Persian-Alola, L50, M|\n|poke|p1|Avalugg-Hisui, L50, F|\n|poke|p2|Coalossal, L50, F|\n|poke|p2|Wugtrio, L50, M|\n|poke|p2|Mudsdale, L50, F|\n|poke|p2|Oranguru, L50, M|\n|poke|p2|Enamorus-Therian, L50, F|\n|poke|p2|Arcanine, L50, M|\n|teampreview|4\n|c|\u2606masenkoEX|glhf <3\nDomDaBomb886 rejected open team sheets.\n|c|\u2606DomDaBomb886|U2\n|c|\u2606DomDaBomb886|u wanna share the link?\n|c|\u2606DomDaBomb886|cuz I\u2019m on my phone so if I open discord I\u2019ll dc\n|c|\u2606masenkoEX|Ya ok for sure\n|c|\u2606DomDaBomb886|Alr start the timer when ur ready\n|inactive|Battle timer is ON: inactive players will automatically lose when time's up. (requested by masenkoEX)\n|\n|t:|1701019887\n|start\n|switch|p1a: Persian|Persian-Alola, L50, M|100\/100\n|switch|p1b: Chandelure|Chandelure, L50, M|100\/100\n|switch|p2a: King Louie|Oranguru, L50, M|100\/100\n|switch|p2b: Lassie|Arcanine, L50, M|100\/100\n|turn|1\n|inactive|DomDaBomb886 has 30 seconds left.\n|inactive|masenkoEX has 30 seconds left.\n|\n|t:|1701019916\n|move|p1a: Persian|Fake Out|p2b: Lassie\n|-damage|p2b: Lassie|94\/100\n|move|p2b: Lassie|Snarl|p1b: Chandelure|[spread] p1a,p1b\n|-resisted|p1a: Persian\n|-supereffective|p1b: Chandelure\n|-enditem|p1b: Chandelure|Colbur Berry|[eat]\n|-enditem|p1b: Chandelure|Colbur Berry|[weaken]\n|-damage|p1a: Persian|95\/100\n|-damage|p1b: Chandelure|92\/100\n|-unboost|p1a: Persian|spa|1\n|-unboost|p1b: Chandelure|spa|1\n|move|p1b: Chandelure|Flamethrower|p2a: King Louie\n|-damage|p2a: King Louie|81\/100\n|move|p2a: King Louie|Foul Play|p1b: Chandelure\n|-supereffective|p1b: Chandelure\n|-damage|p1b: Chandelure|67\/100\n|\n|upkeep\n|turn|2\n|inactive|DomDaBomb886 has 30 seconds left.\n|inactive|masenkoEX has 30 seconds left.\n|\n|t:|1701019948\n|move|p1a: Persian|Foul Play|p2a: King Louie\n|-supereffective|p2a: King Louie\n|-damage|p2a: King Louie|48\/100\n|move|p2b: Lassie|Will-O-Wisp|p1a: Persian|[miss]\n|-miss|p2b: Lassie|p1a: Persian\n|move|p1b: Chandelure|Flamethrower|p2a: King Louie\n|-damage|p2a: King Louie|25\/100\n|move|p2a: King Louie|Trick Room|p2a: King Louie\n|-fieldstart|move: Trick Room|[of] p2a: King Louie\n|\n|upkeep\n|turn|3\n|\n|t:|1701019967\n|move|p2a: King Louie|Chilling Water|p1b: Chandelure\n|-supereffective|p1b: Chandelure\n|-damage|p1b: Chandelure|48\/100\n|-unboost|p1b: Chandelure|atk|1\n|move|p1b: Chandelure|Shadow Ball|p2b: Lassie\n|-damage|p2b: Lassie|68\/100\n|move|p2b: Lassie|Snarl|p1a: Persian|[spread] p1a,p1b\n|-resisted|p1a: Persian\n|-supereffective|p1b: Chandelure\n|-damage|p1a: Persian|89\/100\n|-damage|p1b: Chandelure|32\/100\n|-unboost|p1a: Persian|spa|1\n|-unboost|p1b: Chandelure|spa|1\n|move|p1a: Persian|Parting Shot|p2b: Lassie\n|-unboost|p2b: Lassie|atk|1\n|-unboost|p2b: Lassie|spa|1\n|\n|t:|1701019990\n|switch|p1a: Avalugg|Avalugg-Hisui, L50, F|100\/100|[from] Parting Shot\n|\n|upkeep\n|turn|4\n|inactive|DomDaBomb886 has 30 seconds left.\n|\n|t:|1701020018\n|switch|p1b: Great Tusk|Great Tusk, L50|100\/100\n|-terastallize|p1a: Avalugg|Fire\n|-terastallize|p2b: Lassie|Grass\n|move|p1a: Avalugg|Icicle Spear|p2a: King Louie\n|-damage|p2a: King Louie|14\/100\n|-damage|p2a: King Louie|2\/100\n|-damage|p2a: King Louie|0 fnt\n|faint|p2a: King Louie\n|-hitcount|p2: King Louie|3\n|move|p2b: Lassie|Will-O-Wisp|p1a: Avalugg|[miss]\n|-miss|p2b: Lassie|p1a: Avalugg\n|\n|upkeep\n|\n|t:|1701020037\n|switch|p2a: Lil Nas X|Mudsdale, L50, F|100\/100\n|turn|5\n|inactive|DomDaBomb886 has 30 seconds left.\n|\n|t:|1701020062\n|move|p2a: Lil Nas X|High Horsepower|p1a: Avalugg\n|-supereffective|p1a: Avalugg\n|-damage|p1a: Avalugg|43\/100\n|move|p1a: Avalugg|Icicle Spear|p2b: Lassie\n|-supereffective|p2b: Lassie\n|-damage|p2b: Lassie|41\/100\n|-supereffective|p2b: Lassie\n|-damage|p2b: Lassie|12\/100\n|-supereffective|p2b: Lassie\n|-damage|p2b: Lassie|0 fnt\n|faint|p2b: Lassie\n|-hitcount|p2: Lassie|3\n|move|p1b: Great Tusk|Ice Spinner|p2a: Lil Nas X\n|-supereffective|p2a: Lil Nas X\n|-damage|p2a: Lil Nas X|56\/100\n|\n|upkeep\n|\n|t:|1701020075\n|switch|p2b: Snek|Enamorus-Therian, L50, F|100\/100\n|turn|6\n|\n|t:|1701020097\n|-end|p1b: Great Tusk|Protosynthesis|[silent]\n|switch|p1b: Persian|Persian-Alola, L50, M|89\/100\n|move|p1a: Avalugg|Protect|p1a: Avalugg\n|-singleturn|p1a: Avalugg|Protect\n|move|p2a: Lil Nas X|High Horsepower|p1a: Avalugg\n|-activate|p1a: Avalugg|move: Protect\n|move|p2b: Snek|Dazzling Gleam|p1b: Persian|[spread] p1b\n|-activate|p1a: Avalugg|move: Protect\n|-supereffective|p1b: Persian\n|-damage|p1b: Persian|0 fnt\n|faint|p1b: Persian\n|-damage|p2b: Snek|91\/100|[from] item: Life Orb\n|\n|-fieldend|move: Trick Room\n|upkeep\n|inactive|DomDaBomb886 has 30 seconds left.\n|\n|t:|1701020122\n|switch|p1b: Great Tusk|Great Tusk, L50|100\/100\n|turn|7\n|\n|t:|1701020137\n|move|p1b: Great Tusk|Ice Spinner|p2b: Snek\n|-supereffective|p2b: Snek\n|-damage|p2b: Snek|36\/100\n|move|p2b: Snek|Dazzling Gleam|p1a: Avalugg|[spread] p1a,p1b\n|-resisted|p1a: Avalugg\n|-supereffective|p1b: Great Tusk\n|-damage|p1a: Avalugg|0 fnt\n|-damage|p1b: Great Tusk|0 fnt\n|faint|p1a: Avalugg\n|faint|p1b: Great Tusk\n|-end|p1b: Great Tusk|Protosynthesis|[silent]\n|-damage|p2b: Snek|27\/100|[from] item: Life Orb\n|move|p2a: Lil Nas X|High Horsepower|p1: Avalugg|[notarget]\n|-fail|p2a: Lil Nas X\n|\n|upkeep\n|\n|t:|1701020145\n|switch|p1b: Chandelure|Chandelure, L50, M|32\/100\n|turn|8\n|\n|t:|1701020153\n|move|p1b: Chandelure|Flamethrower|p2a: Lil Nas X\n|-damage|p2a: Lil Nas X|25\/100\n|move|p2b: Snek|Earth Power|p1b: Chandelure\n|-supereffective|p1b: Chandelure\n|-crit|p1b: Chandelure\n|-damage|p1b: Chandelure|0 fnt\n|faint|p1b: Chandelure\n|-damage|p2b: Snek|17\/100|[from] item: Life Orb\n|\n|win|masenkoEX\n|inactive|DomDaBomb886 has 50 seconds to confirm battle start!\n|inactive|masenkoEX has 50 seconds to confirm battle start!\n|c|&|\/uhtml prompt-domdabomb886,DomDaBomb886 is ready for game 2!\n|c|&|\/uhtml prompt-masenkoex,masenkoEX is ready for game 2!\nBoth players are ready! Starting next match!\n|l|\u2606DomDaBomb886\n","uploadtime":1701020638,"views":24,"p1id":"domdabomb886","p2id":"masenkoex","formatid":"gen9vgc2023regulatione","rating":0,"private":0,"password":""}