{"id":"gen9vgc2023regulatione-1994706845","p1":"GAPDH","p2":"Uber Threat","format":"[Gen 9] VGC 2023 Regulation E","log":"|j|\u2606GAPDH\n|j|\u2606Uber Threat\n|t:|1700483800\n|gametype|doubles\n|player|p1|GAPDH|ruinmaniac|1394\n|player|p2|Uber Threat|170|1365\n|teamsize|p1|6\n|teamsize|p2|6\n|gen|9\n|tier|[Gen 9] VGC 2023 Regulation E\n|rated|\n|rule|Species Clause: Limit one of each Pok\u00e9mon\n|rule|Item Clause: Limit one of each item\n|clearpoke\n|poke|p1|Ninetales-Alola, L50, F|\n|poke|p1|Iron Bundle, L50|\n|poke|p1|Chi-Yu, L50|\n|poke|p1|Dachsbun, L50, M|\n|poke|p1|Fezandipiti, L50, M|\n|poke|p1|Cresselia, L50, F|\n|poke|p2|Armarouge, L50, M|\n|poke|p2|Indeedee-F, L50, F|\n|poke|p2|Urshifu-*, L50, F|\n|poke|p2|Roaring Moon, L50|\n|poke|p2|Landorus-Therian, L50, M|\n|poke|p2|Flutter Mane, L50|\n|teampreview|4\nGAPDH has agreed to open team sheets.\n|\n|t:|1700483841\n|start\n|switch|p1a: Chi-Yu|Chi-Yu, L50|100\/100\n|switch|p1b: Iron Bundle|Iron Bundle, L50|100\/100\n|switch|p2a: Urshifu|Urshifu-Rapid-Strike, L50, F|100\/100\n|switch|p2b: Indeedee|Indeedee-F, L50, F|100\/100\n|-ability|p1a: Chi-Yu|Beads of Ruin\n|-fieldstart|move: Psychic Terrain|[from] ability: Psychic Surge|[of] p2b: Indeedee\n|-enditem|p2b: Indeedee|Psychic Seed\n|-boost|p2b: Indeedee|spd|1|[from] item: Psychic Seed\n|-enditem|p1b: Iron Bundle|Booster Energy\n|-activate|p1b: Iron Bundle|ability: Quark Drive|[fromitem]\n|-start|p1b: Iron Bundle|quarkdrivespe\n|turn|1\n|\n|t:|1700483868\n|switch|p1a: Ninetales|Ninetales-Alola, L50, F|100\/100\n|-weather|Snow|[from] ability: Snow Warning|[of] p1a: Ninetales\n|move|p2b: Indeedee|Follow Me|p2b: Indeedee\n|-singleturn|p2b: Indeedee|move: Follow Me\n|move|p1b: Iron Bundle|Blizzard|p2b: Indeedee|[spread] p2a,p2b\n|-resisted|p2a: Urshifu\n|-damage|p2a: Urshifu|71\/100\n|-damage|p2b: Indeedee|72\/100\n|move|p2a: Urshifu|Close Combat|p1b: Iron Bundle\n|-supereffective|p1b: Iron Bundle\n|-damage|p1b: Iron Bundle|0 fnt\n|-unboost|p2a: Urshifu|def|1\n|-unboost|p2a: Urshifu|spd|1\n|faint|p1b: Iron Bundle\n|-end|p1b: Iron Bundle|Quark Drive|[silent]\n|\n|-weather|Snow|[upkeep]\n|upkeep\n|\n|t:|1700483884\n|switch|p1b: Fezandipiti|Fezandipiti, L50, M|100\/100\n|turn|2\n|\n|t:|1700483898\n|switch|p2a: Armarouge|Armarouge, L50, M|100\/100\n|move|p1a: Ninetales|Aurora Veil|p1a: Ninetales\n|-sidestart|p1: GAPDH|move: Aurora Veil\n|move|p1b: Fezandipiti|Dazzling Gleam|p2a: Armarouge|[spread] p2a,p2b\n|-resisted|p2a: Armarouge\n|-damage|p2a: Armarouge|90\/100\n|-damage|p2b: Indeedee|63\/100\n|move|p2b: Indeedee|Psyshock|p1b: Fezandipiti\n|-supereffective|p1b: Fezandipiti\n|-damage|p1b: Fezandipiti|67\/100\n|\n|-weather|Snow|[upkeep]\n|upkeep\n|turn|3\n|\n|t:|1700483920\n|switch|p1b: Chi-Yu|Chi-Yu, L50|100\/100\n|-ability|p1b: Chi-Yu|Beads of Ruin\n|move|p2b: Indeedee|Helping Hand|p2a: Armarouge\n|-singleturn|p2a: Armarouge|Helping Hand|[of] p2b: Indeedee\n|move|p1a: Ninetales|Blizzard|p2b: Indeedee|[spread] p2a,p2b\n|-resisted|p2a: Armarouge\n|-damage|p2a: Armarouge|60\/100\n|-damage|p2b: Indeedee|37\/100\n|move|p2a: Armarouge|Expanding Force|p1b: Chi-Yu|[spread] p1a\n|-immune|p1b: Chi-Yu\n|-damage|p1a: Ninetales|0 fnt\n|faint|p1a: Ninetales\n|-damage|p2a: Armarouge|50\/100|[from] item: Life Orb\n|\n|-weather|Snow|[upkeep]\n|upkeep\n|\n|t:|1700483940\n|switch|p1a: Fezandipiti|Fezandipiti, L50, M|67\/100\n|turn|4\n|\n|t:|1700483969\n|move|p2a: Armarouge|Protect|p2a: Armarouge\n|-singleturn|p2a: Armarouge|Protect\n|move|p1b: Chi-Yu|Snarl|p2b: Indeedee|[spread] p2b\n|-activate|p2a: Armarouge|move: Protect\n|-supereffective|p2b: Indeedee\n|-damage|p2b: Indeedee|0 fnt\n|faint|p2b: Indeedee\n|move|p1a: Fezandipiti|Tailwind|p1a: Fezandipiti\n|-sidestart|p1: GAPDH|move: Tailwind\n|\n|-weather|Snow|[upkeep]\n|upkeep\n|\n|t:|1700484023\n|switch|p2b: Urshifu|Urshifu-Rapid-Strike, L50, F|71\/100\n|turn|5\n|\n|t:|1700484039\n|-terastallize|p2b: Urshifu|Poison\n|move|p2a: Armarouge|Protect||[still]\n|-fail|p2a: Armarouge\n|move|p1b: Chi-Yu|Snarl|p2a: Armarouge|[spread] p2a,p2b\n|-supereffective|p2a: Armarouge\n|-damage|p2a: Armarouge|0 fnt\n|-damage|p2b: Urshifu|23\/100\n|-unboost|p2b: Urshifu|spa|1\n|faint|p2a: Armarouge\n|move|p2b: Urshifu|Surging Strikes|p1b: Chi-Yu\n|-supereffective|p1b: Chi-Yu\n|-crit|p1b: Chi-Yu\n|-damage|p1b: Chi-Yu|36\/100\n|-supereffective|p1b: Chi-Yu\n|-crit|p1b: Chi-Yu\n|-damage|p1b: Chi-Yu|0 fnt\n|faint|p1b: Chi-Yu\n|-hitcount|p1: Chi-Yu|2\n|move|p1a: Fezandipiti|Dazzling Gleam|p2b: Urshifu\n|-resisted|p2b: Urshifu\n|-damage|p2b: Urshifu|6\/100\n|\n|-weather|none\n|-fieldend|move: Psychic Terrain\n|upkeep\n|\n|t:|1700484057\n|switch|p2a: Roaring Moon|Roaring Moon, L50|100\/100\n|-enditem|p2a: Roaring Moon|Booster Energy\n|-activate|p2a: Roaring Moon|ability: Protosynthesis|[fromitem]\n|-start|p2a: Roaring Moon|protosynthesisatk\n|turn|6\n|\n|t:|1700484072\n|move|p2b: Urshifu|Surging Strikes|p1a: Fezandipiti\n|-crit|p1a: Fezandipiti\n|-damage|p1a: Fezandipiti|50\/100\n|-enditem|p1a: Fezandipiti|Sitrus Berry|[eat]\n|-heal|p1a: Fezandipiti|75\/100|[from] item: Sitrus Berry\n|-crit|p1a: Fezandipiti\n|-damage|p1a: Fezandipiti|61\/100\n|-crit|p1a: Fezandipiti\n|-damage|p1a: Fezandipiti|47\/100\n|-hitcount|p1a: Fezandipiti|3\n|move|p1a: Fezandipiti|Dazzling Gleam|p2b: Urshifu|[spread] p2a,p2b\n|-supereffective|p2a: Roaring Moon\n|-resisted|p2b: Urshifu\n|-damage|p2a: Roaring Moon|40\/100\n|-damage|p2b: Urshifu|0 fnt\n|faint|p2b: Urshifu\n|move|p2a: Roaring Moon|Acrobatics|p1a: Fezandipiti\n|-damage|p1a: Fezandipiti|20\/100\n|\n|upkeep\n|turn|7\n|\n|t:|1700484092\n|move|p2a: Roaring Moon|Protect|p2a: Roaring Moon\n|-singleturn|p2a: Roaring Moon|Protect\n|move|p1a: Fezandipiti|Roost|p1a: Fezandipiti\n|-heal|p1a: Fezandipiti|70\/100\n|-singleturn|p1a: Fezandipiti|move: Roost\n|\n|-sideend|p1: GAPDH|move: Tailwind\n|upkeep\n|turn|8\n|\n|t:|1700484100\n|move|p2a: Roaring Moon|Acrobatics|p1a: Fezandipiti\n|-damage|p1a: Fezandipiti|39\/100\n|move|p1a: Fezandipiti|Dazzling Gleam|p2a: Roaring Moon\n|-supereffective|p2a: Roaring Moon\n|-damage|p2a: Roaring Moon|0 fnt\n|faint|p2a: Roaring Moon\n|-end|p2a: Roaring Moon|Protosynthesis|[silent]\n|\n|win|GAPDH\n|raw|GAPDH's rating: 1394 &rarr; <strong>1412<\/strong><br \/>(+18 for winning)\n|raw|Uber Threat's rating: 1365 &rarr; <strong>1347<\/strong><br \/>(-18 for losing)\n|l|\u2606Uber Threat\n","uploadtime":1700484132,"views":4,"p1id":"gapdh","p2id":"uberthreat","formatid":"gen9vgc2023regulatione","rating":1347,"private":0,"password":""}