{"id":"gen9vgc2023regulatione-1995785654","p1":"arthur.ayms","p2":"Crayonstik","format":"[Gen 9] VGC 2023 Regulation E","log":"|j|\u2606arthur.ayms\n|j|\u2606Crayonstik\n|t:|1700602979\n|gametype|doubles\n|player|p1|arthur.ayms|265|1195\n|player|p2|Crayonstik|266|1247\n|teamsize|p1|6\n|teamsize|p2|6\n|gen|9\n|tier|[Gen 9] VGC 2023 Regulation E\n|rated|\n|rule|Species Clause: Limit one of each Pok\u00e9mon\n|rule|Item Clause: Limit one of each item\n|clearpoke\n|poke|p1|Ursaluna-Bloodmoon, L50, M|\n|poke|p1|Iron Hands, L50|\n|poke|p1|Farigiraf, L50, F|\n|poke|p1|Amoonguss, L50, M|\n|poke|p1|Torkoal, L50, F|\n|poke|p1|Kingambit, L50, M|\n|poke|p2|Landorus-Therian, L50, M|\n|poke|p2|Dragapult, L50, F|\n|poke|p2|Iron Hands, L50|\n|poke|p2|Tornadus, L50, M|\n|poke|p2|Pelipper, L50, F|\n|poke|p2|Chien-Pao, L50|\n|teampreview|4\nCrayonstik has agreed to open team sheets.\n|inactive|Battle timer is ON: inactive players will automatically lose when time's up. (requested by arthur.ayms)\n|\n|t:|1700603003\n|start\n|switch|p1a: Farigiraf|Farigiraf, L50, F|100\/100\n|switch|p1b: Torkoal|Torkoal, L50, F|100\/100\n|switch|p2a: Tornadus|Tornadus, L50, M|100\/100\n|switch|p2b: Pelipper|Pelipper, L50, F|100\/100\n|-weather|RainDance|[from] ability: Drizzle|[of] p2b: Pelipper\n|-weather|SunnyDay|[from] ability: Drought|[of] p1b: Torkoal\n|turn|1\n|inactive|Crayonstik has 30 seconds left.\n|\n|t:|1700603035\n|move|p2b: Pelipper|Wide Guard|p2b: Pelipper\n|-singleturn|p2b: Pelipper|Wide Guard\n|move|p2a: Tornadus|Rain Dance|p2a: Tornadus\n|-weather|RainDance\n|move|p1b: Torkoal|Eruption|p2b: Pelipper|[spread] \n|-activate|p2a: Tornadus|move: Wide Guard\n|-activate|p2b: Pelipper|move: Wide Guard\n|move|p1a: Farigiraf|Trick Room|p1a: Farigiraf\n|-fieldstart|move: Trick Room|[of] p1a: Farigiraf\n|\n|-weather|RainDance|[upkeep]\n|upkeep\n|turn|2\n|inactive|arthur.ayms has 30 seconds left.\n|inactive|Crayonstik has 30 seconds left.\n|\n|t:|1700603063\n|move|p1b: Torkoal|Eruption|p2b: Pelipper|[spread] p2a,p2b\n|-resisted|p2b: Pelipper\n|-crit|p2b: Pelipper\n|-damage|p2a: Tornadus|66\/100\n|-damage|p2b: Pelipper|69\/100\n|move|p1a: Farigiraf|Skill Swap|p1b: Torkoal\n|-activate|p1a: Farigiraf|move: Skill Swap|||[of] p1b: Torkoal\n|-weather|SunnyDay|[from] ability: Drought|[of] p1a: Farigiraf\n|move|p2b: Pelipper|Hurricane|p1a: Farigiraf\n|-damage|p1a: Farigiraf|66\/100\n|move|p2a: Tornadus|Bleakwind Storm|p1a: Farigiraf|[spread] p1a,p1b\n|-damage|p1a: Farigiraf|34\/100\n|-damage|p1b: Torkoal|55\/100\n|-unboost|p1b: Torkoal|spe|1\n|\n|-weather|SunnyDay|[upkeep]\n|upkeep\n|turn|3\n|\n|t:|1700603087\n|move|p1a: Farigiraf|Helping Hand|p1b: Torkoal\n|-singleturn|p1b: Torkoal|Helping Hand|[of] p1a: Farigiraf\n|move|p2b: Pelipper|Wide Guard|p2b: Pelipper\n|-singleturn|p2b: Pelipper|Wide Guard\n|move|p2a: Tornadus|Rain Dance|p2a: Tornadus\n|-weather|RainDance\n|move|p1b: Torkoal|Solar Beam||[still]\n|-prepare|p1b: Torkoal|Solar Beam\n|\n|-weather|RainDance|[upkeep]\n|upkeep\n|turn|4\n|inactive|arthur.ayms has 30 seconds left.\n|inactive|Crayonstik has 30 seconds left.\n|inactive|arthur.ayms has 20 seconds left.\n|inactive|arthur.ayms has 15 seconds left.\n|\n|t:|1700603129\n|move|p2a: Tornadus|Protect|p2a: Tornadus\n|-singleturn|p2a: Tornadus|Protect\n|move|p2b: Pelipper|Protect|p2b: Pelipper\n|-singleturn|p2b: Pelipper|Protect\n|move|p1b: Torkoal|Solar Beam|p2b: Pelipper|[from]lockedmove\n|-activate|p2b: Pelipper|move: Protect\n|move|p1a: Farigiraf|Psychic Fangs|p2b: Pelipper\n|-activate|p2b: Pelipper|move: Protect\n|\n|-weather|RainDance|[upkeep]\n|upkeep\n|turn|5\n|\n|t:|1700603150\n|move|p1b: Torkoal|Solar Beam||[still]\n|-prepare|p1b: Torkoal|Solar Beam\n|move|p1a: Farigiraf|Skill Swap|p1b: Torkoal\n|-activate|p1a: Farigiraf|move: Skill Swap|||[of] p1b: Torkoal\n|-weather|SunnyDay|[from] ability: Drought|[of] p1b: Torkoal\n|move|p2b: Pelipper|Weather Ball|p1a: Farigiraf\n|-damage|p1a: Farigiraf|0 fnt\n|faint|p1a: Farigiraf\n|move|p2a: Tornadus|Bleakwind Storm|p1b: Torkoal\n|-damage|p1b: Torkoal|0 fnt\n|faint|p1b: Torkoal\n|\n|-weather|SunnyDay|[upkeep]\n|-fieldend|move: Trick Room\n|upkeep\n|\n|t:|1700603162\n|switch|p1a: Iron Hands|Iron Hands, L50|100\/100\n|switch|p1b: Kingambit|Kingambit, L50, M|100\/100\n|turn|6\n|\n|t:|1700603172\n|move|p2a: Tornadus|Protect|p2a: Tornadus\n|-singleturn|p2a: Tornadus|Protect\n|move|p1a: Iron Hands|Fake Out|p2b: Pelipper\n|-damage|p2b: Pelipper|50\/100\n|cant|p2b: Pelipper|flinch\n|move|p1b: Kingambit|Swords Dance|p1b: Kingambit\n|-boost|p1b: Kingambit|atk|2\n|\n|-weather|SunnyDay|[upkeep]\n|upkeep\n|turn|7\n|\n|t:|1700603187\n|move|p2a: Tornadus|Tailwind|p2a: Tornadus\n|-sidestart|p2: Crayonstik|move: Tailwind\n|move|p2b: Pelipper|Weather Ball|p1b: Kingambit\n|-supereffective|p1b: Kingambit\n|-damage|p1b: Kingambit|37\/100\n|move|p1a: Iron Hands|Wild Charge|p2a: Tornadus\n|-supereffective|p2a: Tornadus\n|-damage|p2a: Tornadus|0 fnt\n|faint|p2a: Tornadus\n|-damage|p1a: Iron Hands|88\/100|[from] Recoil\n|move|p1b: Kingambit|Kowtow Cleave|p2b: Pelipper\n|-damage|p2b: Pelipper|0 fnt\n|faint|p2b: Pelipper\n|\n|-weather|SunnyDay|[upkeep]\n|upkeep\n|\n|t:|1700603203\n|switch|p2a: Chien-Pao|Chien-Pao, L50|100\/100\n|switch|p2b: Iron Hands|Iron Hands, L50|100\/100\n|-ability|p2a: Chien-Pao|Sword of Ruin\n|turn|8\n|\n|t:|1700603215\n|move|p1b: Kingambit|Protect|p1b: Kingambit\n|-singleturn|p1b: Kingambit|Protect\n|move|p2b: Iron Hands|Fake Out|p1b: Kingambit\n|-activate|p1b: Kingambit|move: Protect\n|move|p2a: Chien-Pao|Sacred Sword|p1a: Iron Hands\n|-damage|p1a: Iron Hands|55\/100\n|-damage|p2a: Chien-Pao|91\/100|[from] item: Life Orb\n|move|p1a: Iron Hands|Drain Punch|p2a: Chien-Pao\n|-supereffective|p2a: Chien-Pao\n|-crit|p2a: Chien-Pao\n|-damage|p2a: Chien-Pao|0 fnt\n|-heal|p1a: Iron Hands|85\/100|[from] drain|[of] p2a: Chien-Pao\n|faint|p2a: Chien-Pao\n|\n|-weather|SunnyDay|[upkeep]\n|upkeep\n|turn|9\n|inactive|arthur.ayms has 30 seconds left.\n|\n|t:|1700603241\n|-terastallize|p1b: Kingambit|Ghost\n|move|p2b: Iron Hands|Drain Punch|p1b: Kingambit\n|-immune|p1b: Kingambit\n|move|p1a: Iron Hands|Drain Punch|p2b: Iron Hands\n|-damage|p2b: Iron Hands|71\/100\n|-heal|p1a: Iron Hands|99\/100|[from] drain|[of] p2b: Iron Hands\n|move|p1b: Kingambit|Kowtow Cleave|p2b: Iron Hands\n|-resisted|p2b: Iron Hands\n|-damage|p2b: Iron Hands|39\/100\n|\n|-weather|none\n|upkeep\n|turn|10\n|\n|t:|1700603259\n|move|p2b: Iron Hands|Heavy Slam|p1b: Kingambit\n|-damage|p1b: Kingambit|10\/100\n|move|p1a: Iron Hands|Drain Punch|p2b: Iron Hands\n|-damage|p2b: Iron Hands|8\/100\n|-heal|p1a: Iron Hands|100\/100|[from] drain|[of] p2b: Iron Hands\n|move|p1b: Kingambit|Kowtow Cleave|p2b: Iron Hands\n|-resisted|p2b: Iron Hands\n|-damage|p2b: Iron Hands|0 fnt\n|faint|p2b: Iron Hands\n|-end|p2b: Iron Hands|Quark Drive|[silent]\n|\n|win|arthur.ayms\n|raw|arthur.ayms's rating: 1195 &rarr; <strong>1224<\/strong><br \/>(+29 for winning)\n|raw|Crayonstik's rating: 1247 &rarr; <strong>1218<\/strong><br \/>(-29 for losing)\n|l|\u2606Crayonstik\n","uploadtime":1700603267,"views":1,"p1id":"arthurayms","p2id":"crayonstik","formatid":"gen9vgc2023regulatione","rating":1218,"private":0,"password":""}