{"id":"gen9vgc2023regulatione-1993503966","p1":"Conchoboar3","p2":"ComSeal","format":"[Gen 9] VGC 2023 Regulation E","log":"|j|\u2606Conchoboar3\n|j|\u2606ComSeal\n|t:|1700325657\n|gametype|doubles\n|player|p1|Conchoboar3|169|1286\n|player|p2|ComSeal|pokemonrangerf|1186\n|teamsize|p1|6\n|teamsize|p2|6\n|gen|9\n|tier|[Gen 9] VGC 2023 Regulation E\n|rated|\n|rule|Species Clause: Limit one of each Pok\u00e9mon\n|rule|Item Clause: Limit one of each item\n|clearpoke\n|poke|p1|Mamoswine, L50, M|\n|poke|p1|Iron Hands, L50|\n|poke|p1|Grimmsnarl, L50, M|\n|poke|p1|Flutter Mane, L50|\n|poke|p1|Sinistcha, L50|\n|poke|p1|Arcanine-Hisui, L50, M|\n|poke|p2|Abomasnow, L50, F|\n|poke|p2|Froslass, L50, F|\n|poke|p2|Ting-Lu, L50|\n|poke|p2|Iron Hands, L50|\n|poke|p2|Heatran, L50, M|\n|poke|p2|Sinistcha, L50|\n|teampreview|4\n|inactive|Battle timer is ON: inactive players will automatically lose when time's up. (requested by ComSeal)\n|\n|t:|1700325685\n|start\n|switch|p1a: Komanoto|Arcanine-Hisui, L50, M|100\/100\n|switch|p1b: Mamoswine|Mamoswine, L50, M|100\/100\n|switch|p2a: Iron Hands|Iron Hands, L50|100\/100\n|switch|p2b: Heatran|Heatran, L50, M|100\/100\n|-ability|p1a: Komanoto|Intimidate|boost\n|-unboost|p2a: Iron Hands|atk|1\n|-unboost|p2b: Heatran|atk|1\n|turn|1\n|\n|t:|1700325707\n|-terastallize|p1b: Mamoswine|Dragon\n|move|p2a: Iron Hands|Fake Out|p1b: Mamoswine\n|-damage|p1b: Mamoswine|91\/100\n|move|p1a: Komanoto|Howl|p1a: Komanoto|[spread] p1a,p1b\n|-boost|p1a: Komanoto|atk|1\n|-boost|p1b: Mamoswine|atk|1\n|cant|p1b: Mamoswine|flinch\n|move|p2b: Heatran|Earth Power|p1a: Komanoto\n|-supereffective|p1a: Komanoto\n|-damage|p1a: Komanoto|0 fnt\n|faint|p1a: Komanoto\n|\n|upkeep\n|\n|t:|1700325719\n|switch|p1a: Grimmsnarl|Grimmsnarl, L50, M|100\/100\n|turn|2\n|\n|t:|1700325725\n|move|p1a: Grimmsnarl|Light Screen|p1a: Grimmsnarl\n|-sidestart|p1: Conchoboar3|move: Light Screen\n|move|p1b: Mamoswine|High Horsepower|p2a: Iron Hands\n|-supereffective|p2a: Iron Hands\n|-damage|p2a: Iron Hands|0 fnt\n|faint|p2a: Iron Hands\n|-end|p2a: Iron Hands|Quark Drive|[silent]\n|move|p2b: Heatran|Flash Cannon|p1a: Grimmsnarl\n|-supereffective|p1a: Grimmsnarl\n|-damage|p1a: Grimmsnarl|37\/100\n|\n|upkeep\n|\n|t:|1700325741\n|switch|p2a: Froslass|Froslass, L50, F, shiny|100\/100\n|turn|3\n|\n|t:|1700325763\n|-terastallize|p2b: Heatran|Fairy\n|move|p1a: Grimmsnarl|Parting Shot|p2a: Froslass\n|-unboost|p2a: Froslass|atk|1\n|-unboost|p2a: Froslass|spa|1\n|\n|t:|1700325767\n|switch|p1a: Iron Hands|Iron Hands, L50|100\/100|[from] Parting Shot\n|move|p2a: Froslass|Will-O-Wisp|p1b: Mamoswine\n|-status|p1b: Mamoswine|brn\n|move|p1b: Mamoswine|High Horsepower|p2a: Froslass\n|-damage|p2a: Froslass|42\/100\n|move|p2b: Heatran|Flash Cannon|p1a: Iron Hands\n|-resisted|p1a: Iron Hands\n|-damage|p1a: Iron Hands|92\/100\n|\n|-damage|p1b: Mamoswine|85\/100 brn|[from] brn\n|upkeep\n|turn|4\n|inactive|ComSeal has 30 seconds left.\n|\n|t:|1700325795\n|-end|p1a: Iron Hands|Quark Drive|[silent]\n|switch|p1a: Grimmsnarl|Grimmsnarl, L50, M|37\/100\n|move|p2a: Froslass|Will-O-Wisp|p1a: Grimmsnarl\n|-status|p1a: Grimmsnarl|brn\n|move|p1b: Mamoswine|High Horsepower|p2a: Froslass\n|-damage|p2a: Froslass|0 fnt\n|faint|p2a: Froslass\n|move|p2b: Heatran|Earth Power|p1a: Grimmsnarl\n|-damage|p1a: Grimmsnarl|14\/100 brn\n|\n|-damage|p1b: Mamoswine|79\/100 brn|[from] brn\n|-damage|p1a: Grimmsnarl|8\/100 brn|[from] brn\n|upkeep\n|\n|t:|1700325807\n|switch|p2a: Ting-Lu|Ting-Lu, L50|100\/100\n|-ability|p2a: Ting-Lu|Vessel of Ruin\n|turn|5\n|\n|t:|1700325822\n|move|p1a: Grimmsnarl|Reflect|p1a: Grimmsnarl\n|-sidestart|p1: Conchoboar3|Reflect\n|move|p1b: Mamoswine|High Horsepower|p2b: Heatran\n|-crit|p2b: Heatran\n|-damage|p2b: Heatran|52\/100\n|move|p2b: Heatran|Earth Power|p1b: Mamoswine\n|-damage|p1b: Mamoswine|57\/100 brn\n|move|p2a: Ting-Lu|Rock Slide|p1b: Mamoswine|[spread] p1a,p1b\n|-damage|p1a: Grimmsnarl|0 fnt\n|-damage|p1b: Mamoswine|46\/100 brn\n|faint|p1a: Grimmsnarl\n|\n|-heal|p2b: Heatran|58\/100|[from] item: Leftovers\n|-damage|p1b: Mamoswine|40\/100 brn|[from] brn\n|upkeep\n|\n|t:|1700325826\n|switch|p1a: Iron Hands|Iron Hands, L50|92\/100\n|turn|6\n|\n|t:|1700325848\n|move|p1b: Mamoswine|Icicle Crash|p2b: Heatran\n|-damage|p2b: Heatran|21\/100\n|move|p2b: Heatran|Earth Power|p1b: Mamoswine\n|-damage|p1b: Mamoswine|20\/100 brn\n|move|p1a: Iron Hands|Heavy Slam|p2b: Heatran\n|-supereffective|p2b: Heatran\n|-damage|p2b: Heatran|0 fnt\n|faint|p2b: Heatran\n|move|p2a: Ting-Lu|Stomping Tantrum|p1b: Mamoswine\n|-damage|p1b: Mamoswine|0 fnt\n|faint|p1b: Mamoswine\n|\n|upkeep\n|turn|7\n|\n|t:|1700325860\n|move|p1a: Iron Hands|Drain Punch|p2a: Ting-Lu\n|-supereffective|p2a: Ting-Lu\n|-damage|p2a: Ting-Lu|49\/100\n|-heal|p1a: Iron Hands|100\/100|[from] drain|[of] p2a: Ting-Lu\n|move|p2a: Ting-Lu|Stomping Tantrum|p1a: Iron Hands\n|-supereffective|p1a: Iron Hands\n|-damage|p1a: Iron Hands|67\/100\n|\n|upkeep\n|turn|8\n|\n|t:|1700325867\n|move|p1a: Iron Hands|Drain Punch|p2a: Ting-Lu\n|-supereffective|p2a: Ting-Lu\n|-damage|p2a: Ting-Lu|0 fnt\n|-heal|p1a: Iron Hands|93\/100|[from] drain|[of] p2a: Ting-Lu\n|faint|p2a: Ting-Lu\n|\n|win|Conchoboar3\n|raw|Conchoboar3's rating: 1286 &rarr; <strong>1304<\/strong><br \/>(+18 for winning)\n|raw|ComSeal's rating: 1186 &rarr; <strong>1168<\/strong><br \/>(-18 for losing)\n","uploadtime":1700325877,"views":9,"p1id":"conchoboar3","p2id":"comseal","formatid":"gen9vgc2023regulatione","rating":1168,"private":0,"password":""}