{"id":"gen9vgc2023regulatione-1998491014","p1":"newusernovice","p2":"nootellamaster","format":"[Gen 9] VGC 2023 Regulation E","log":"|j|\u2606newusernovice\n|j|\u2606nootellamaster\n|t:|1700948297\n|gametype|doubles\n|player|p1|newusernovice|brawly|1450\n|player|p2|nootellamaster|ethan|1459\n|teamsize|p1|6\n|teamsize|p2|6\n|gen|9\n|tier|[Gen 9] VGC 2023 Regulation E\n|rated|\n|rule|Species Clause: Limit one of each Pok\u00e9mon\n|rule|Item Clause: Limit one of each item\n|clearpoke\n|poke|p1|Regieleki, L50|\n|poke|p1|Indeedee-F, L50, F|\n|poke|p1|Flutter Mane, L50|\n|poke|p1|Chi-Yu, L50|\n|poke|p1|Tornadus, L50, M|\n|poke|p1|Ogerpon-Wellspring, L50, F|\n|poke|p2|Grimmsnarl, L50, M|\n|poke|p2|Goodra-Hisui, L50, F|\n|poke|p2|Cresselia, L50, F|\n|poke|p2|Arcanine-Hisui, L50, F|\n|poke|p2|Flutter Mane, L50|\n|poke|p2|Roaring Moon, L50|\n|teampreview|4\n|inactive|Battle timer is ON: inactive players will automatically lose when time's up. (requested by newusernovice)\n|inactive|newusernovice has 60 seconds left.\n|\n|t:|1700948331\n|start\n|switch|p1a: Flutter Mane|Flutter Mane, L50|100\/100\n|switch|p1b: Chi-Yu|Chi-Yu, L50|100\/100\n|switch|p2a: Grimmsnarl|Grimmsnarl, L50, M, shiny|100\/100\n|switch|p2b: Flutter Mane|Flutter Mane, L50|100\/100\n|-ability|p1b: Chi-Yu|Beads of Ruin\n|turn|1\n|inactive|newusernovice has 30 seconds left.\n|inactive|newusernovice has 20 seconds left.\n|inactive|newusernovice has 15 seconds left.\n|\n|t:|1700948374\n|-terastallize|p1b: Chi-Yu|Fire\n|move|p2b: Flutter Mane|Protect|p2b: Flutter Mane\n|-singleturn|p2b: Flutter Mane|Protect\n|move|p2a: Grimmsnarl|Light Screen|p2a: Grimmsnarl\n|-sidestart|p2: nootellamaster|move: Light Screen\n|move|p1a: Flutter Mane|Moonblast|p2b: Flutter Mane\n|-activate|p2b: Flutter Mane|move: Protect\n|move|p1b: Chi-Yu|Heat Wave|p2b: Flutter Mane|[spread] p2a\n|-activate|p2b: Flutter Mane|move: Protect\n|-damage|p2a: Grimmsnarl|50\/100\n|-damage|p1b: Chi-Yu|91\/100|[from] item: Life Orb\n|\n|upkeep\n|turn|2\n|\n|t:|1700948391\n|move|p2a: Grimmsnarl|Parting Shot|p1b: Chi-Yu\n|-unboost|p1b: Chi-Yu|atk|1\n|-unboost|p1b: Chi-Yu|spa|1\n|\n|t:|1700948404\n|switch|p2a: Cresselia|Cresselia, L50, F, shiny|100\/100|[from] Parting Shot\n|move|p2b: Flutter Mane|Shadow Ball|p1a: Flutter Mane\n|-supereffective|p1a: Flutter Mane\n|-enditem|p1a: Flutter Mane|Focus Sash\n|-damage|p1a: Flutter Mane|1\/100\n|-unboost|p1a: Flutter Mane|spd|1\n|move|p1a: Flutter Mane|Shadow Ball|p2b: Flutter Mane\n|-supereffective|p2b: Flutter Mane\n|-damage|p2b: Flutter Mane|6\/100\n|move|p1b: Chi-Yu|Heat Wave|p2a: Cresselia|[spread] p2a,p2b\n|-damage|p2a: Cresselia|78\/100\n|-damage|p2b: Flutter Mane|0 fnt\n|faint|p2b: Flutter Mane\n|-end|p2b: Flutter Mane|Protosynthesis|[silent]\n|-damage|p1b: Chi-Yu|81\/100|[from] item: Life Orb\n|\n|upkeep\n|\n|t:|1700948424\n|switch|p2b: Grimmsnarl|Grimmsnarl, L50, M, shiny|50\/100\n|turn|3\n|\n|t:|1700948433\n|move|p2b: Grimmsnarl|Parting Shot|p1b: Chi-Yu\n|-unboost|p1b: Chi-Yu|atk|1\n|-unboost|p1b: Chi-Yu|spa|1\n|\n|t:|1700948436\n|switch|p2b: Goodra|Goodra-Hisui, L50, F|100\/100|[from] Parting Shot\n|move|p1a: Flutter Mane|Shadow Ball|p2a: Cresselia\n|-supereffective|p2a: Cresselia\n|-damage|p2a: Cresselia|30\/100\n|move|p1b: Chi-Yu|Heat Wave|p2a: Cresselia|[spread] p2a,p2b\n|-damage|p2a: Cresselia|10\/100\n|-damage|p2b: Goodra|81\/100\n|-status|p2b: Goodra|brn\n|-damage|p1b: Chi-Yu|71\/100|[from] item: Life Orb\n|move|p2a: Cresselia|Psychic|p1a: Flutter Mane\n|-damage|p1a: Flutter Mane|0 fnt\n|faint|p1a: Flutter Mane\n|-end|p1a: Flutter Mane|Protosynthesis|[silent]\n|\n|-heal|p2b: Goodra|87\/100 brn|[from] item: Leftovers\n|-damage|p2b: Goodra|81\/100 brn|[from] brn\n|upkeep\n|\n|t:|1700948452\n|switch|p1a: Ogerpon|Ogerpon-Wellspring, L50, F|100\/100\n|turn|4\n|\n|t:|1700948472\n|move|p1b: Chi-Yu|Snarl|p2a: Cresselia|[spread] p2a,p2b\n|-supereffective|p2a: Cresselia\n|-damage|p2a: Cresselia|0 fnt\n|-damage|p2b: Goodra|73\/100 brn\n|-unboost|p2b: Goodra|spa|1\n|faint|p2a: Cresselia\n|-damage|p1b: Chi-Yu|61\/100|[from] item: Life Orb\n|move|p1a: Ogerpon|Swords Dance|p1a: Ogerpon\n|-boost|p1a: Ogerpon|atk|2\n|move|p2b: Goodra|Acid Armor|p2b: Goodra\n|-boost|p2b: Goodra|def|2\n|\n|-heal|p2b: Goodra|79\/100 brn|[from] item: Leftovers\n|-damage|p2b: Goodra|73\/100 brn|[from] brn\n|upkeep\n|\n|t:|1700948479\n|switch|p2a: Grimmsnarl|Grimmsnarl, L50, M, shiny|50\/100\n|turn|5\n|\n|t:|1700948494\n|switch|p1b: Regieleki|Regieleki, L50, shiny|100\/100\n|move|p2a: Grimmsnarl|Reflect|p2a: Grimmsnarl\n|-sidestart|p2: nootellamaster|Reflect\n|move|p1a: Ogerpon|Swords Dance|p1a: Ogerpon\n|-boost|p1a: Ogerpon|atk|2\n|move|p2b: Goodra|Acid Armor|p2b: Goodra\n|-boost|p2b: Goodra|def|2\n|\n|-heal|p2b: Goodra|79\/100 brn|[from] item: Leftovers\n|-damage|p2b: Goodra|73\/100 brn|[from] brn\n|upkeep\n|turn|6\n|\n|t:|1700948511\n|move|p2a: Grimmsnarl|Parting Shot|p1a: Ogerpon\n|-unboost|p1a: Ogerpon|atk|1\n|-unboost|p1a: Ogerpon|spa|1\n|move|p1b: Regieleki|Thunderbolt|p2a: Grimmsnarl\n|-damage|p2a: Grimmsnarl|14\/100\n|move|p1a: Ogerpon|Swords Dance|p1a: Ogerpon\n|-boost|p1a: Ogerpon|atk|2\n|move|p2b: Goodra|Body Press|p1a: Ogerpon\n|-damage|p1a: Ogerpon|61\/100\n|\n|-heal|p2b: Goodra|79\/100 brn|[from] item: Leftovers\n|-damage|p2b: Goodra|73\/100 brn|[from] brn\n|upkeep\n|turn|7\n|inactive|nootellamaster has 30 seconds left.\n|\n|t:|1700948541\n|move|p2a: Grimmsnarl|Parting Shot|p1a: Ogerpon\n|-unboost|p1a: Ogerpon|atk|1\n|-unboost|p1a: Ogerpon|spa|1\n|move|p1b: Regieleki|Thunderbolt|p2a: Grimmsnarl\n|-damage|p2a: Grimmsnarl|0 fnt\n|faint|p2a: Grimmsnarl\n|move|p1a: Ogerpon|Swords Dance|p1a: Ogerpon\n|-boost|p1a: Ogerpon|atk|2\n|move|p2b: Goodra|Life Dew|p2b: Goodra\n|-heal|p2b: Goodra|98\/100 brn\n|\n|-heal|p2b: Goodra|100\/100 brn|[from] item: Leftovers\n|-damage|p2b: Goodra|95\/100 brn|[from] brn\n|upkeep\n|turn|8\n|\n|t:|1700948551\n|move|p1b: Regieleki|Thunderbolt|p2b: Goodra\n|-resisted|p2b: Goodra\n|-damage|p2b: Goodra|80\/100 brn\n|move|p1a: Ogerpon|Ivy Cudgel|p2b: Goodra|[anim] Ivy Cudgel Water\n|-resisted|p2b: Goodra\n|-damage|p2b: Goodra|62\/100 brn\n|move|p2b: Goodra|Acid Armor|p2b: Goodra\n|-boost|p2b: Goodra|def|2\n|\n|-heal|p2b: Goodra|68\/100 brn|[from] item: Leftovers\n|-damage|p2b: Goodra|62\/100 brn|[from] brn\n|-sideend|p2: nootellamaster|move: Light Screen\n|upkeep\n|turn|9\n|\n|t:|1700948567\n|switch|p1b: Chi-Yu|Chi-Yu, L50, tera:Fire|61\/100\n|-ability|p1b: Chi-Yu|Beads of Ruin\n|move|p1a: Ogerpon|Spiky Shield|p1a: Ogerpon\n|-singleturn|p1a: Ogerpon|move: Protect\n|move|p2b: Goodra|Body Press|p1b: Chi-Yu\n|-damage|p1b: Chi-Yu|0 fnt\n|faint|p1b: Chi-Yu\n|\n|-heal|p2b: Goodra|68\/100 brn|[from] item: Leftovers\n|-damage|p2b: Goodra|62\/100 brn|[from] brn\n|upkeep\n|\n|t:|1700948571\n|switch|p1b: Regieleki|Regieleki, L50, shiny|100\/100\n|turn|10\n|\n|t:|1700948576\n|move|p1b: Regieleki|Protect|p1b: Regieleki\n|-singleturn|p1b: Regieleki|Protect\n|move|p1a: Ogerpon|Horn Leech|p2b: Goodra\n|-resisted|p2b: Goodra\n|-damage|p2b: Goodra|57\/100 brn\n|-heal|p1a: Ogerpon|64\/100|[from] drain|[of] p2b: Goodra\n|move|p2b: Goodra|Body Press|p1a: Ogerpon\n|-damage|p1a: Ogerpon|10\/100\n|\n|-heal|p2b: Goodra|63\/100 brn|[from] item: Leftovers\n|-damage|p2b: Goodra|57\/100 brn|[from] brn\n|upkeep\n|turn|11\n|\n|t:|1700948590\n|move|p1b: Regieleki|Thunderbolt|p2b: Goodra\n|-resisted|p2b: Goodra\n|-damage|p2b: Goodra|36\/100 brn\n|move|p1a: Ogerpon|Ivy Cudgel|p2b: Goodra|[anim] Ivy Cudgel Water\n|-resisted|p2b: Goodra\n|-damage|p2b: Goodra|23\/100 brn\n|move|p2b: Goodra|Life Dew|p2b: Goodra\n|-heal|p2b: Goodra|48\/100 brn\n|\n|-heal|p2b: Goodra|54\/100 brn|[from] item: Leftovers\n|-damage|p2b: Goodra|48\/100 brn|[from] brn\n|upkeep\n|turn|12\n|\n|t:|1700948601\n|move|p1b: Regieleki|Thunderbolt|p2b: Goodra\n|-resisted|p2b: Goodra\n|-damage|p2b: Goodra|27\/100 brn\n|move|p1a: Ogerpon|Ivy Cudgel|p2b: Goodra|[anim] Ivy Cudgel Water\n|-resisted|p2b: Goodra\n|-damage|p2b: Goodra|13\/100 brn\n|move|p2b: Goodra|Body Press|p1b: Regieleki\n|-damage|p1b: Regieleki|1\/100\n|\n|-heal|p2b: Goodra|19\/100 brn|[from] item: Leftovers\n|-damage|p2b: Goodra|13\/100 brn|[from] brn\n|-sideend|p2: nootellamaster|Reflect\n|upkeep\n|turn|13\n|\n|t:|1700948609\n|move|p1b: Regieleki|Thunderbolt|p2b: Goodra\n|-resisted|p2b: Goodra\n|-damage|p2b: Goodra|0 fnt\n|faint|p2b: Goodra\n|\n|win|newusernovice\n|raw|newusernovice's rating: 1450 &rarr; <strong>1471<\/strong><br \/>(+21 for winning)\n|raw|nootellamaster's rating: 1459 &rarr; <strong>1438<\/strong><br \/>(-21 for losing)\n|l|\u2606nootellamaster\n","uploadtime":1700948639,"views":7,"p1id":"newusernovice","p2id":"nootellamaster","formatid":"gen9vgc2023regulatione","rating":1438,"private":0,"password":""}