{"id":"gen9vgc2023regulatione-1991477387","p1":"grecnarl","p2":"Calogre","format":"[Gen 9] VGC 2023 Regulation E","log":"|j|\u2606grecnarl\n|j|\u2606Calogre\n|t:|1700080545\n|gametype|doubles\n|player|p1|grecnarl|clair|1493\n|player|p2|Calogre|101|1590\n|teamsize|p1|6\n|teamsize|p2|6\n|gen|9\n|tier|[Gen 9] VGC 2023 Regulation E\n|rated|\n|rule|Species Clause: Limit one of each Pok\u00e9mon\n|rule|Item Clause: Limit one of each item\n|clearpoke\n|poke|p1|Roaring Moon, L50|\n|poke|p1|Baxcalibur, L50, F|\n|poke|p1|Ninetales-Alola, L50, M|\n|poke|p1|Sinistcha, L50|\n|poke|p1|Heatran, L50, M|\n|poke|p1|Dondozo, L50, M|\n|poke|p2|Ursaluna, L50, F|\n|poke|p2|Cresselia, L50, F|\n|poke|p2|Abomasnow, L50, M|\n|poke|p2|Iron Bundle, L50|\n|poke|p2|Urshifu-*, L50, F|\n|poke|p2|Iron Hands, L50|\n|teampreview|4\n|inactive|Battle timer is ON: inactive players will automatically lose when time's up. (requested by Calogre)\n|inactive|grecnarl has 60 seconds left.\n|\n|t:|1700080602\n|start\n|switch|p1a: Ninetales|Ninetales-Alola, L50, M|100\/100\n|switch|p1b: Baxcalibur|Baxcalibur, L50, F|100\/100\n|switch|p2a: Iron Bundle|Iron Bundle, L50|100\/100\n|switch|p2b: Urshifu|Urshifu-Rapid-Strike, L50, F|100\/100\n|-weather|Snow|[from] ability: Snow Warning|[of] p1a: Ninetales\n|turn|1\n|\n|t:|1700080623\n|move|p2a: Iron Bundle|Icy Wind|p1b: Baxcalibur|[spread] p1a,p1b\n|-resisted|p1a: Ninetales\n|-damage|p1a: Ninetales|85\/100\n|-damage|p1b: Baxcalibur|82\/100\n|-unboost|p1a: Ninetales|spe|1\n|-unboost|p1b: Baxcalibur|spe|1\n|move|p2b: Urshifu|Close Combat|p1b: Baxcalibur\n|-supereffective|p1b: Baxcalibur\n|-damage|p1b: Baxcalibur|0 fnt\n|-unboost|p2b: Urshifu|def|1\n|-unboost|p2b: Urshifu|spd|1\n|faint|p1b: Baxcalibur\n|move|p1a: Ninetales|Aurora Veil|p1a: Ninetales\n|-sidestart|p1: grecnarl|move: Aurora Veil\n|\n|-weather|Snow|[upkeep]\n|upkeep\n|\n|t:|1700080636\n|switch|p1b: Dondozo|Dondozo, L50, M|100\/100\n|turn|2\n|inactive|grecnarl has 30 seconds left.\n|\n|t:|1700080670\n|-end|p2a: Iron Bundle|Quark Drive|[silent]\n|switch|p2a: Cresselia|Cresselia, L50, F|100\/100\n|move|p2b: Urshifu|Close Combat|p1a: Ninetales\n|-damage|p1a: Ninetales|28\/100\n|-unboost|p2b: Urshifu|def|1\n|-unboost|p2b: Urshifu|spd|1\n|move|p1a: Ninetales|Icy Wind|p2b: Urshifu|[spread] p2a,p2b\n|-resisted|p2b: Urshifu\n|-damage|p2a: Cresselia|94\/100\n|-damage|p2b: Urshifu|83\/100\n|-unboost|p2a: Cresselia|spe|1\n|-unboost|p2b: Urshifu|spe|1\n|move|p1b: Dondozo|Yawn|p2b: Urshifu\n|-start|p2b: Urshifu|move: Yawn|[of] p1b: Dondozo\n|\n|-weather|Snow|[upkeep]\n|upkeep\n|turn|3\n|inactive|grecnarl has 30 seconds left.\n|\n|t:|1700080698\n|move|p1a: Ninetales|Protect|p1a: Ninetales\n|-singleturn|p1a: Ninetales|Protect\n|move|p2b: Urshifu|Close Combat|p1a: Ninetales\n|-damage|p1a: Ninetales|0 fnt\n|-unboost|p2b: Urshifu|def|1\n|-unboost|p2b: Urshifu|spd|1\n|faint|p1a: Ninetales\n|move|p1b: Dondozo|Wave Crash|p2b: Urshifu\n|-resisted|p2b: Urshifu\n|-damage|p2b: Urshifu|24\/100\n|-damage|p1b: Dondozo|86\/100|[from] Recoil\n|move|p2a: Cresselia|Trick Room|p2a: Cresselia\n|-fieldstart|move: Trick Room|[of] p2a: Cresselia\n|\n|-weather|Snow|[upkeep]\n|-end|p2b: Urshifu|move: Yawn|[silent]\n|-status|p2b: Urshifu|slp\n|upkeep\n|\n|t:|1700080705\n|switch|p1a: Sinistcha|Sinistcha, L50|100\/100\n|-heal|p1b: Dondozo|100\/100|[from] ability: Hospitality|[of] p1a: Sinistcha\n|turn|4\n|\n|t:|1700080722\n|move|p2a: Cresselia|Lunar Blessing|p2a: Cresselia|[spread] p2a,p2b\n|-heal|p2a: Cresselia|100\/100\n|-heal|p2b: Urshifu|49\/100 slp\n|-curestatus|p2b: Urshifu|slp|[msg]\n|move|p1b: Dondozo|Yawn|p2a: Cresselia\n|-start|p2a: Cresselia|move: Yawn|[of] p1b: Dondozo\n|move|p2b: Urshifu|Close Combat|p1b: Dondozo\n|-damage|p1b: Dondozo|56\/100\n|-unboost|p2b: Urshifu|def|1\n|-unboost|p2b: Urshifu|spd|1\n|move|p1a: Sinistcha|Matcha Gotcha|p2a: Cresselia|[spread] p2a,p2b\n|-crit|p2a: Cresselia\n|-supereffective|p2b: Urshifu\n|-damage|p2a: Cresselia|79\/100\n|-damage|p2b: Urshifu|0 fnt\n|faint|p2b: Urshifu\n|\n|-weather|Snow|[upkeep]\n|upkeep\n|\n|t:|1700080743\n|switch|p2b: Iron Hands|Iron Hands, L50|100\/100\n|turn|5\n|\n|t:|1700080759\n|move|p1b: Dondozo|Protect|p1b: Dondozo\n|-singleturn|p1b: Dondozo|Protect\n|move|p2b: Iron Hands|Thunder Punch|p1b: Dondozo\n|-activate|p1b: Dondozo|move: Protect\n|move|p2a: Cresselia|Moonblast|p1a: Sinistcha\n|-damage|p1a: Sinistcha|90\/100\n|move|p1a: Sinistcha|Strength Sap|p2b: Iron Hands\n|-unboost|p2b: Iron Hands|atk|1\n|-heal|p1a: Sinistcha|100\/100\n|\n|-weather|none\n|-end|p2a: Cresselia|move: Yawn|[silent]\n|-status|p2a: Cresselia|slp\n|upkeep\n|turn|6\n|\n|t:|1700080783\n|move|p2b: Iron Hands|Thunder Punch|p1b: Dondozo\n|-supereffective|p1b: Dondozo\n|-damage|p1b: Dondozo|35\/100\n|-enditem|p1b: Dondozo|Sitrus Berry|[eat]\n|-heal|p1b: Dondozo|59\/100|[from] item: Sitrus Berry\n|cant|p2a: Cresselia|slp\n|move|p1b: Dondozo|Wave Crash|p2b: Iron Hands\n|-damage|p2b: Iron Hands|69\/100\n|-damage|p1b: Dondozo|48\/100|[from] Recoil\n|move|p1a: Sinistcha|Calm Mind|p1a: Sinistcha\n|-boost|p1a: Sinistcha|spa|1\n|-boost|p1a: Sinistcha|spd|1\n|\n|upkeep\n|turn|7\n|\n|t:|1700080798\n|move|p2b: Iron Hands|Thunder Punch|p1b: Dondozo\n|-supereffective|p1b: Dondozo\n|-damage|p1b: Dondozo|27\/100\n|cant|p2a: Cresselia|slp\n|move|p1b: Dondozo|Wave Crash|p2b: Iron Hands\n|-damage|p2b: Iron Hands|35\/100\n|-enditem|p2b: Iron Hands|Sitrus Berry|[eat]\n|-heal|p2b: Iron Hands|60\/100|[from] item: Sitrus Berry\n|-damage|p1b: Dondozo|15\/100|[from] Recoil\n|move|p1a: Sinistcha|Calm Mind|p1a: Sinistcha\n|-boost|p1a: Sinistcha|spa|1\n|-boost|p1a: Sinistcha|spd|1\n|\n|-fieldend|move: Trick Room\n|upkeep\n|turn|8\n|\n|t:|1700080820\n|move|p1b: Dondozo|Protect|p1b: Dondozo\n|-singleturn|p1b: Dondozo|Protect\n|move|p1a: Sinistcha|Matcha Gotcha|p2b: Iron Hands|[spread] p2a,p2b\n|-damage|p2a: Cresselia|52\/100 slp\n|-damage|p2b: Iron Hands|18\/100\n|-curestatus|p2a: Cresselia|slp|[msg]\n|move|p2a: Cresselia|Lunar Blessing|p2a: Cresselia|[spread] p2a,p2b\n|-heal|p2a: Cresselia|77\/100\n|-heal|p2b: Iron Hands|43\/100\n|move|p2b: Iron Hands|Thunder Punch|p1a: Sinistcha\n|-resisted|p1a: Sinistcha\n|-damage|p1a: Sinistcha|93\/100\n|-damage|p2b: Iron Hands|26\/100|[from] item: Rocky Helmet|[of] p1a: Sinistcha\n|\n|-sideend|p1: grecnarl|move: Aurora Veil\n|upkeep\n|turn|9\n|\n|t:|1700080844\n|move|p1a: Sinistcha|Matcha Gotcha|p2a: Cresselia|[spread] p2a,p2b\n|-damage|p2a: Cresselia|52\/100\n|-heal|p1a: Sinistcha|100\/100|[from] drain|[of] p2a: Cresselia\n|-damage|p2b: Iron Hands|0 fnt\n|faint|p2b: Iron Hands\n|-end|p2b: Iron Hands|Quark Drive|[silent]\n|move|p1b: Dondozo|Wave Crash|p2a: Cresselia\n|-damage|p2a: Cresselia|13\/100\n|-damage|p1b: Dondozo|3\/100|[from] Recoil\n|move|p2a: Cresselia|Icy Wind|p1b: Dondozo|[spread] p1a,p1b\n|-supereffective|p1a: Sinistcha\n|-resisted|p1b: Dondozo\n|-damage|p1a: Sinistcha|93\/100\n|-damage|p1b: Dondozo|1\/100\n|-unboost|p1a: Sinistcha|spe|1\n|-unboost|p1b: Dondozo|spe|1\n|\n|upkeep\n|\n|t:|1700080861\n|switch|p2b: Iron Bundle|Iron Bundle, L50|100\/100\n|turn|10\n|\n|t:|1700080871\n|-terastallize|p2b: Iron Bundle|Fire\n|move|p1b: Dondozo|Protect|p1b: Dondozo\n|-singleturn|p1b: Dondozo|Protect\n|move|p2b: Iron Bundle|Freeze-Dry|p1a: Sinistcha\n|-supereffective|p1a: Sinistcha\n|-damage|p1a: Sinistcha|35\/100\n|-status|p1a: Sinistcha|frz\n|-curestatus|p1a: Sinistcha|frz|[from] move: Matcha Gotcha\n|move|p1a: Sinistcha|Matcha Gotcha|p2a: Cresselia|[spread] p2a,p2b\n|-resisted|p2b: Iron Bundle\n|-damage|p2a: Cresselia|0 fnt\n|-heal|p1a: Sinistcha|43\/100|[from] drain|[of] p2a: Cresselia\n|-damage|p2b: Iron Bundle|47\/100\n|-heal|p1a: Sinistcha|63\/100|[from] drain|[of] p2b: Iron Bundle\n|faint|p2a: Cresselia\n|\n|upkeep\n|turn|11\n|inactive|grecnarl has 30 seconds left.\n|\n|t:|1700080900\n|move|p2b: Iron Bundle|Freeze-Dry|p1a: Sinistcha\n|-supereffective|p1a: Sinistcha\n|-damage|p1a: Sinistcha|11\/100\n|-status|p1a: Sinistcha|frz\n|-curestatus|p1a: Sinistcha|frz|[from] move: Matcha Gotcha\n|move|p1a: Sinistcha|Matcha Gotcha|p2b: Iron Bundle|[miss]\n|-miss|p1a: Sinistcha|p2b: Iron Bundle\n|move|p1b: Dondozo|Wave Crash|p2b: Iron Bundle\n|-supereffective|p2b: Iron Bundle\n|-damage|p2b: Iron Bundle|0 fnt\n|faint|p2b: Iron Bundle\n|-end|p2b: Iron Bundle|Quark Drive|[silent]\n|-damage|p1b: Dondozo|0 fnt|[from] Recoil\n|faint|p1b: Dondozo\n|\n|win|grecnarl\n|raw|grecnarl's rating: 1493 &rarr; <strong>1518<\/strong><br \/>(+25 for winning)\n|raw|Calogre's rating: 1590 &rarr; <strong>1565<\/strong><br \/>(-25 for losing)\n|c|\u2606Calogre|Gg wp\n|c|\u2606grecnarl|Gg\n|c|\u2606grecnarl|Wo\n|c|\u2606grecnarl|Wp\n|l|\u2606Calogre\n","uploadtime":1700080940,"views":11,"p1id":"grecnarl","p2id":"calogre","formatid":"gen9vgc2023regulatione","rating":1518,"private":0,"password":""}