{"id":"gen9vgc2023regulatione-1993611896","p1":"neebieplayersea","p2":"cryorizzlord2","format":"[Gen 9] VGC 2023 Regulation E","log":"|j|\u2606neebieplayersea\n|j|\u203dcryorizzlord2\n|t:|1700337390\n|gametype|doubles\n|player|p1|neebieplayersea|101|1400\n|player|p2|cryorizzlord2|pokemonranger-gen4|1447\n|teamsize|p1|6\n|teamsize|p2|6\n|gen|9\n|tier|[Gen 9] VGC 2023 Regulation E\n|rated|\n|rule|Species Clause: Limit one of each Pok\u00e9mon\n|rule|Item Clause: Limit one of each item\n|clearpoke\n|poke|p1|Landorus, L50, M|\n|poke|p1|Tornadus, L50, M|\n|poke|p1|Flutter Mane, L50|\n|poke|p1|Arcanine-Hisui, L50, M|\n|poke|p1|Iron Hands, L50|\n|poke|p1|Rillaboom, L50, M|\n|poke|p2|Sneasler, L50, M|\n|poke|p2|Indeedee-F, L50, F|\n|poke|p2|Armarouge, L50, M|\n|poke|p2|Urshifu-*, L50, M|\n|poke|p2|Chien-Pao, L50|\n|poke|p2|Tornadus, L50, M|\n|teampreview|4\n|inactive|Battle timer is ON: inactive players will automatically lose when time's up. (requested by cryorizzlord2)\n|inactive|neebieplayersea has 60 seconds left.\n|inactive|cryorizzlord2 has 60 seconds left.\n|\n|t:|1700337449\n|start\n|switch|p1a: Iron Hands|Iron Hands, L50|100\/100\n|switch|p1b: Tornadus|Tornadus, L50, M|100\/100\n|switch|p2a: Urshifu|Urshifu-Rapid-Strike, L50, M|100\/100\n|switch|p2b: Armarouge|Armarouge, L50, M|100\/100\n|turn|1\n|inactive|cryorizzlord2 has 30 seconds left.\n|inactive|cryorizzlord2 has 20 seconds left.\n|inactive|cryorizzlord2 has 15 seconds left.\n|inactive|cryorizzlord2 has 10 seconds left.\n|inactive|cryorizzlord2 has 5 seconds left.\n|\n|t:|1700337502\n|-end|p1a: Iron Hands|Quark Drive|[silent]\n|switch|p1a: Rillaboom|Rillaboom, L50, M|100\/100\n|-fieldstart|move: Grassy Terrain|[from] ability: Grassy Surge|[of] p1a: Rillaboom\n|move|p2a: Urshifu|U-turn|p2b: Armarouge\n|-damage|p2b: Armarouge|72\/100\n|-ability|p2b: Armarouge|Weak Armor|boost\n|-unboost|p2b: Armarouge|def|1\n|-boost|p2b: Armarouge|spe|2\n|\n|t:|1700337511\n|switch|p2a: Indeedee|Indeedee-F, L50, F|100\/100|[from] U-turn\n|-fieldstart|move: Psychic Terrain|[from] ability: Psychic Surge|[of] p2a: Indeedee\n|move|p2b: Armarouge|Expanding Force|p1a: Rillaboom|[spread] p1a,p1b\n|-damage|p1a: Rillaboom|36\/100\n|-damage|p1b: Tornadus|25\/100\n|move|p1b: Tornadus|Bleakwind Storm|p2b: Armarouge|[spread] p2a\n|-miss|p1b: Tornadus|p2b: Armarouge\n|-damage|p2a: Indeedee|70\/100\n|-unboost|p2a: Indeedee|spe|1\n|\n|upkeep\n|turn|2\n|inactive|neebieplayersea has 30 seconds left.\n|inactive|cryorizzlord2 has 30 seconds left.\n|\n|t:|1700337549\n|move|p2a: Indeedee|Helping Hand|p2b: Armarouge\n|-singleturn|p2b: Armarouge|Helping Hand|[of] p2a: Indeedee\n|move|p1b: Tornadus|Tailwind|p1b: Tornadus\n|-sidestart|p1: neebieplayersea|move: Tailwind\n|move|p2b: Armarouge|Expanding Force|p1b: Tornadus|[spread] p1a,p1b\n|-damage|p1a: Rillaboom|0 fnt\n|-damage|p1b: Tornadus|0 fnt\n|faint|p1a: Rillaboom\n|faint|p1b: Tornadus\n|\n|upkeep\n|\n|t:|1700337557\n|switch|p1b: Arcanine|Arcanine-Hisui, L50, M|100\/100\n|switch|p1a: Iron Hands|Iron Hands, L50|100\/100\n|-ability|p1b: Arcanine|Intimidate|boost\n|-unboost|p2a: Indeedee|atk|1\n|-unboost|p2b: Armarouge|atk|1\n|turn|3\n|\n|t:|1700337579\n|move|p2b: Armarouge|Endure|p2b: Armarouge\n|-singleturn|p2b: Armarouge|move: Endure\n|move|p1b: Arcanine|Rock Slide|p2b: Armarouge|[spread] p2a,p2b\n|-supereffective|p2b: Armarouge\n|-damage|p2a: Indeedee|32\/100\n|-activate|p2b: Armarouge|move: Endure\n|-damage|p2b: Armarouge|1\/100\n|-ability|p2b: Armarouge|Weak Armor|boost\n|-unboost|p2b: Armarouge|def|1\n|-boost|p2b: Armarouge|spe|2\n|move|p1a: Iron Hands|Drain Punch|p2a: Indeedee\n|-damage|p2a: Indeedee|0 fnt\n|-damage|p1a: Iron Hands|84\/100|[from] item: Rocky Helmet|[of] p2a: Indeedee\n|faint|p2a: Indeedee\n|\n|upkeep\n|\n|t:|1700337598\n|switch|p2a: Sneasler|Sneasler, L50, M|100\/100\n|-enditem|p2a: Sneasler|Psychic Seed\n|-boost|p2a: Sneasler|spd|1|[from] item: Psychic Seed\n|turn|4\n|inactive|neebieplayersea has 30 seconds left.\n|\n|t:|1700337624\n|-terastallize|p2a: Sneasler|Rock\n|-terastallize|p1b: Arcanine|Grass\n|move|p2b: Armarouge|Expanding Force|p1b: Arcanine|[spread] p1a,p1b\n|-supereffective|p1a: Iron Hands\n|-crit|p1b: Arcanine\n|-damage|p1a: Iron Hands|24\/100\n|-damage|p1b: Arcanine|7\/100\n|-enditem|p1b: Arcanine|Sitrus Berry|[eat]\n|-heal|p1b: Arcanine|32\/100|[from] item: Sitrus Berry\n|move|p2a: Sneasler|Rock Slide|p1a: Iron Hands|[spread] p1a,p1b\n|-resisted|p1a: Iron Hands\n|-damage|p1a: Iron Hands|14\/100\n|-damage|p1b: Arcanine|0 fnt\n|faint|p1b: Arcanine\n|move|p1a: Iron Hands|Wild Charge|p2a: Sneasler\n|-damage|p2a: Sneasler|25\/100\n|-damage|p1a: Iron Hands|2\/100|[from] Recoil\n|\n|upkeep\n|turn|5\n|-message|neebieplayersea forfeited.\n|\n|win|cryorizzlord2\n|raw|neebieplayersea's rating: 1400 &rarr; <strong>1383<\/strong><br \/>(-17 for losing)\n|raw|cryorizzlord2's rating: 1447 &rarr; <strong>1464<\/strong><br \/>(+17 for winning)\n","uploadtime":1700337652,"views":10,"p1id":"neebieplayersea","p2id":"cryorizzlord2","formatid":"gen9vgc2023regulatione","rating":1383,"private":0,"password":""}