{"id":"gen9vgc2023regulatione-1996416227","p1":"misurducky","p2":"The Carkol Rider","format":"[Gen 9] VGC 2023 Regulation E","log":"|j|\u2606misurducky\n|j|\u2606The Carkol Rider\n|n|\u2606misurducky|misurducky\n|n|\u2606The Carkol Rider|thecarkolrider\n|html|View the match progress at <a href=\"\/game-bestof3-gen9vgc2023regulatione-1996413889\">game-bestof3-gen9vgc2023regulatione-1996413889<\/a>\n|t:|1700679911\n|gametype|doubles\n|player|p1|misurducky|rood|\n|player|p2|The Carkol Rider|grimsley|\n|teamsize|p1|6\n|teamsize|p2|6\n|gen|9\n|tier|[Gen 9] VGC 2023 Regulation E\n|rule|Species Clause: Limit one of each Pok\u00e9mon\n|rule|Item Clause: Limit one of each item\n|clearpoke\n|poke|p1|Flutter Mane, L50|\n|poke|p1|Torkoal, L50, M|\n|poke|p1|Clefable, L50, M|\n|poke|p1|Zapdos-Galar, L50|\n|poke|p1|Ting-Lu, L50|\n|poke|p1|Ditto, L50|\n|poke|p2|Urshifu-*, L50, F|\n|poke|p2|Roaring Moon, L50|\n|poke|p2|Arcanine-Hisui, L50, M|\n|poke|p2|Gholdengo, L50|\n|poke|p2|Sentret, L50, F|\n|poke|p2|Landorus-Therian, L50, M|\n|teampreview|4\nmisurducky rejected open team sheets.\n|c|\u2606The Carkol Rider|glhf\n|c|\u2606misurducky|glhf\n|\n|t:|1700679945\n|start\n|switch|p1a: Torkoal|Torkoal, L50, M|100\/100\n|switch|p1b: Zapdos|Zapdos-Galar, L50|100\/100\n|switch|p2a: Landorus|Landorus-Therian, L50, M|100\/100\n|switch|p2b: Urshifu|Urshifu-Rapid-Strike, L50, F|100\/100\n|-ability|p2a: Landorus|Intimidate|boost\n|-unboost|p1a: Torkoal|atk|1\n|-unboost|p1b: Zapdos|atk|1\n|-ability|p1b: Zapdos|Defiant|boost\n|-boost|p1b: Zapdos|atk|2\n|-weather|SunnyDay|[from] ability: Drought|[of] p1a: Torkoal\n|turn|1\n|\n|t:|1700679985\n|move|p2b: Urshifu|Detect|p2b: Urshifu\n|-singleturn|p2b: Urshifu|Protect\n|move|p1b: Zapdos|Thunderous Kick|p2b: Urshifu\n|-activate|p2b: Urshifu|move: Protect\n|move|p2a: Landorus|Rain Dance|p2a: Landorus\n|-weather|RainDance\n|move|p1a: Torkoal|Will-O-Wisp|p2a: Landorus\n|-status|p2a: Landorus|brn\n|\n|-weather|RainDance|[upkeep]\n|-damage|p2a: Landorus|94\/100 brn|[from] brn\n|upkeep\n|turn|2\n|\n|t:|1700680008\n|switch|p2a: Roaring Moon|Roaring Moon, L50|100\/100\n|-enditem|p2a: Roaring Moon|Booster Energy\n|-activate|p2a: Roaring Moon|ability: Protosynthesis|[fromitem]\n|-start|p2a: Roaring Moon|protosynthesisatk\n|switch|p1a: Clefable|Clefable, L50, M|100\/100\n|-terastallize|p2b: Urshifu|Water\n|move|p1b: Zapdos|Brave Bird|p2b: Urshifu\n|-damage|p2b: Urshifu|13\/100\n|-damage|p1b: Zapdos|70\/100|[from] Recoil\n|move|p2b: Urshifu|Surging Strikes|p1b: Zapdos\n|-crit|p1b: Zapdos\n|-damage|p1b: Zapdos|10\/100\n|-crit|p1b: Zapdos\n|-damage|p1b: Zapdos|0 fnt\n|faint|p1b: Zapdos\n|-hitcount|p1: Zapdos|2\n|\n|-weather|RainDance|[upkeep]\n|upkeep\n|\n|t:|1700680021\n|switch|p1b: Flutter Mane|Flutter Mane, L50|100\/100\n|-enditem|p1b: Flutter Mane|Booster Energy\n|-activate|p1b: Flutter Mane|ability: Protosynthesis|[fromitem]\n|-start|p1b: Flutter Mane|protosynthesisspe\n|turn|3\n|\n|t:|1700680038\n|-terastallize|p1b: Flutter Mane|Fairy\n|move|p1a: Clefable|Follow Me|p1a: Clefable\n|-singleturn|p1a: Clefable|move: Follow Me\n|move|p2b: Urshifu|Aqua Jet|p1a: Clefable\n|-damage|p1a: Clefable|39\/100\n|-damage|p2b: Urshifu|0 fnt|[from] item: Rocky Helmet|[of] p1a: Clefable\n|faint|p2b: Urshifu\n|move|p1b: Flutter Mane|Shadow Ball|p2a: Roaring Moon\n|-resisted|p2a: Roaring Moon\n|-damage|p2a: Roaring Moon|78\/100\n|move|p2a: Roaring Moon|Acrobatics|p1a: Clefable\n|-damage|p1a: Clefable|0 fnt\n|-damage|p2a: Roaring Moon|62\/100|[from] item: Rocky Helmet|[of] p1a: Clefable\n|faint|p1a: Clefable\n|\n|-weather|RainDance|[upkeep]\n|upkeep\n|\n|t:|1700680049\n|switch|p2b: Arcanine|Arcanine-Hisui, L50, M|100\/100\n|switch|p1a: Torkoal|Torkoal, L50, M|100\/100\n|-weather|SunnyDay|[from] ability: Drought|[of] p1a: Torkoal\n|turn|4\n|\n|t:|1700680060\n|move|p2a: Roaring Moon|Protect|p2a: Roaring Moon\n|-singleturn|p2a: Roaring Moon|Protect\n|move|p1b: Flutter Mane|Shadow Ball|p2b: Arcanine\n|-damage|p2b: Arcanine|72\/100\n|move|p2b: Arcanine|Head Smash|p1a: Torkoal\n|-supereffective|p1a: Torkoal\n|-damage|p1a: Torkoal|8\/100\n|-enditem|p1a: Torkoal|Sitrus Berry|[eat]\n|-heal|p1a: Torkoal|33\/100|[from] item: Sitrus Berry\n|move|p1a: Torkoal|Will-O-Wisp|p2a: Roaring Moon\n|-activate|p2a: Roaring Moon|move: Protect\n|\n|-weather|SunnyDay|[upkeep]\n|upkeep\n|turn|5\n|\n|t:|1700680078\n|move|p1b: Flutter Mane|Dazzling Gleam|p2a: Roaring Moon|[spread] p2a,p2b\n|-supereffective|p2a: Roaring Moon\n|-resisted|p2b: Arcanine\n|-damage|p2a: Roaring Moon|0 fnt\n|-damage|p2b: Arcanine|56\/100\n|faint|p2a: Roaring Moon\n|-end|p2a: Roaring Moon|Protosynthesis|[silent]\n|move|p2b: Arcanine|Flare Blitz|p1b: Flutter Mane\n|-damage|p1b: Flutter Mane|0 fnt\n|faint|p1b: Flutter Mane\n|-end|p1b: Flutter Mane|Protosynthesis|[silent]\n|move|p1a: Torkoal|Earth Power|p2b: Arcanine\n|-supereffective|p2b: Arcanine\n|-damage|p2b: Arcanine|6\/100\n|\n|-weather|SunnyDay|[upkeep]\n|upkeep\n|\n|t:|1700680081\n|switch|p2a: Landorus|Landorus-Therian, L50, M|94\/100 brn\n|-ability|p2a: Landorus|Intimidate|boost\n|-unboost|p1a: Torkoal|atk|1\n|turn|6\n|c|\u2606The Carkol Rider|gg\n|c|\u2606misurducky|gg\n|\n|t:|1700680093\n|move|p2a: Landorus|Stomping Tantrum|p1a: Torkoal\n|-supereffective|p1a: Torkoal\n|-damage|p1a: Torkoal|5\/100\n|move|p2b: Arcanine|Flare Blitz|p1a: Torkoal\n|-resisted|p1a: Torkoal\n|-damage|p1a: Torkoal|0 fnt\n|faint|p1a: Torkoal\n|\n|win|The Carkol Rider\n|c|&|\/uhtml prompt-thecarkolrider,The Carkol Rider is ready for game 3!\n|c|&|\/uhtml prompt-misurducky,misurducky is ready for game 3!\nBoth players are ready! Starting next match!\n|l|\u2606misurducky\n","uploadtime":1700680375,"views":6,"p1id":"misurducky","p2id":"thecarkolrider","formatid":"gen9vgc2023regulatione","rating":0,"private":0,"password":""}