{"id":"gen9vgc2023regulatione-1994341575","p1":"sonaw4","p2":"AquamarineVGC","format":"[Gen 9] VGC 2023 Regulation E","log":"|j|\u2606sonaw4\n|j|\u2606AquamarineVGC\n|n|\u2606sonaw4|sonaw4\n|n|\u2606AquamarineVGC|aquamarinevgc\n|html|View the match progress at <a href=\"\/game-bestof3-gen9vgc2023regulatione-1994336372\">game-bestof3-gen9vgc2023regulatione-1994336372<\/a>\n|t:|1700433026\n|gametype|doubles\n|player|p1|sonaw4|101|\n|player|p2|AquamarineVGC|lucas-gen4pt|\n|teamsize|p1|6\n|teamsize|p2|6\n|gen|9\n|tier|[Gen 9] VGC 2023 Regulation E\n|rule|Species Clause: Limit one of each Pok\u00e9mon\n|rule|Item Clause: Limit one of each item\n|clearpoke\n|poke|p1|Urshifu-*, L50, M|\n|poke|p1|Thundurus, L50, M|\n|poke|p1|Amoonguss, L50, M|\n|poke|p1|Roaring Moon, L50|\n|poke|p1|Chien-Pao, L50|\n|poke|p1|Landorus-Therian, L50, M|\n|poke|p2|Ninetales-Alola, L50, F|\n|poke|p2|Iron Bundle, L50|\n|poke|p2|Clefairy, L50, M|\n|poke|p2|Annihilape, L50, F|\n|poke|p2|Landorus-Therian, L50, M|\n|poke|p2|Cresselia, L50, F|\n|teampreview|4\nAquamarineVGC has agreed to open team sheets.\n|\n|t:|1700433065\n|start\n|switch|p1a: Thundurus|Thundurus, L50, M|100\/100\n|switch|p1b: Chien-Pao|Chien-Pao, L50|100\/100\n|switch|p2a: Iron Bundle|Iron Bundle, L50|100\/100\n|switch|p2b: Ninetales|Ninetales-Alola, L50, F|100\/100\n|-ability|p1b: Chien-Pao|Sword of Ruin\n|-weather|Snow|[from] ability: Snow Warning|[of] p2b: Ninetales\n|turn|1\n|j| Van. Volcanucks\n|\n|t:|1700433099\n|move|p1a: Thundurus|Thunder Wave|p2a: Iron Bundle\n|-status|p2a: Iron Bundle|par\n|move|p1b: Chien-Pao|Throat Chop|p2b: Ninetales\n|-resisted|p2b: Ninetales\n|-damage|p2b: Ninetales|73\/100\n|-start|p2b: Ninetales|Throat Chop|[silent]\n|move|p2b: Ninetales|Aurora Veil|p2b: Ninetales\n|-sidestart|p2: AquamarineVGC|move: Aurora Veil\n|move|p2a: Iron Bundle|Blizzard|p1a: Thundurus|[spread] p1a,p1b\n|-supereffective|p1a: Thundurus\n|-resisted|p1b: Chien-Pao\n|-damage|p1a: Thundurus|38\/100\n|-damage|p1b: Chien-Pao|72\/100\n|\n|-weather|Snow|[upkeep]\n|upkeep\n|turn|2\n|\n|t:|1700433127\n|move|p1a: Thundurus|Thunder Wave|p2b: Ninetales\n|-status|p2b: Ninetales|par\n|move|p1b: Chien-Pao|Ice Spinner|p2a: Iron Bundle\n|-resisted|p2a: Iron Bundle\n|-damage|p2a: Iron Bundle|93\/100 par\n|move|p2a: Iron Bundle|Icy Wind|p1b: Chien-Pao|[spread] p1a,p1b\n|-supereffective|p1a: Thundurus\n|-resisted|p1b: Chien-Pao\n|-damage|p1a: Thundurus|9\/100\n|-damage|p1b: Chien-Pao|58\/100\n|-unboost|p1b: Chien-Pao|spe|1\n|move|p2b: Ninetales|Dazzling Gleam|p1b: Chien-Pao|[spread] p1a,p1b\n|-supereffective|p1b: Chien-Pao\n|-damage|p1a: Thundurus|0 fnt\n|-damage|p1b: Chien-Pao|0 fnt\n|faint|p1a: Thundurus\n|faint|p1b: Chien-Pao\n|\n|-weather|Snow|[upkeep]\n|-end|p2b: Ninetales|Throat Chop|[silent]\n|upkeep\n|\n|t:|1700433143\n|switch|p1b: Urshifu|Urshifu-Rapid-Strike, L50, M|100\/100\n|switch|p1a: Roaring Moon|Roaring Moon, L50|100\/100\n|-enditem|p1a: Roaring Moon|Booster Energy\n|-activate|p1a: Roaring Moon|ability: Protosynthesis|[fromitem]\n|-start|p1a: Roaring Moon|protosynthesisatk\n|turn|3\n|\n|t:|1700433182\n|switch|p2b: Cresselia|Cresselia, L50, F|100\/100\n|-terastallize|p1a: Roaring Moon|Flying\n|move|p1b: Urshifu|Brick Break|p2a: Iron Bundle\n|-sideend|p2: AquamarineVGC|move: Aurora Veil\n|-supereffective|p2a: Iron Bundle\n|-damage|p2a: Iron Bundle|23\/100 par\n|move|p1a: Roaring Moon|Acrobatics|p2a: Iron Bundle\n|-damage|p2a: Iron Bundle|0 fnt\n|faint|p2a: Iron Bundle\n|-end|p2a: Iron Bundle|Quark Drive|[silent]\n|\n|-weather|Snow|[upkeep]\n|upkeep\n|\n|t:|1700433200\n|switch|p2a: Ninetales|Ninetales-Alola, L50, F|73\/100 par\n|turn|4\n|\n|t:|1700433227\n|move|p1b: Urshifu|Brick Break|p2a: Ninetales\n|-damage|p2a: Ninetales|28\/100 par\n|move|p1a: Roaring Moon|Knock Off|p2b: Cresselia\n|-supereffective|p2b: Cresselia\n|-damage|p2b: Cresselia|17\/100\n|-damage|p1a: Roaring Moon|84\/100|[from] item: Rocky Helmet|[of] p2b: Cresselia\n|-enditem|p2b: Cresselia|Rocky Helmet|[from] move: Knock Off|[of] p1a: Roaring Moon\n|move|p2b: Cresselia|Lunar Blessing|p2b: Cresselia|[spread] p2a,p2b\n|-heal|p2a: Ninetales|53\/100 par\n|-curestatus|p2a: Ninetales|par|[msg]\n|-heal|p2b: Cresselia|42\/100\n|move|p2a: Ninetales|Dazzling Gleam|p1a: Roaring Moon|[spread] p1a,p1b\n|-supereffective|p1b: Urshifu\n|-damage|p1a: Roaring Moon|62\/100\n|-damage|p1b: Urshifu|32\/100\n|\n|-weather|Snow|[upkeep]\n|upkeep\n|turn|5\n|\n|t:|1700433275\n|switch|p2b: Annihilape|Annihilape, L50, F|100\/100\n|move|p1b: Urshifu|Brick Break|p2a: Ninetales\n|-damage|p2a: Ninetales|6\/100\n|move|p1a: Roaring Moon|Acrobatics|p2a: Ninetales\n|-damage|p2a: Ninetales|0 fnt\n|faint|p2a: Ninetales\n|\n|-weather|none\n|upkeep\n|\n|t:|1700433285\n|switch|p2a: Cresselia|Cresselia, L50, F|42\/100\n|turn|6\n|\n|t:|1700433323\n|-terastallize|p2b: Annihilape|Fire\n|move|p1b: Urshifu|Brick Break|p2b: Annihilape\n|-damage|p2b: Annihilape|62\/100\n|move|p1a: Roaring Moon|Acrobatics|p2b: Annihilape\n|-damage|p2b: Annihilape|0 fnt\n|faint|p2b: Annihilape\n|move|p2a: Cresselia|Lunar Blessing|p2a: Cresselia\n|-heal|p2a: Cresselia|67\/100\n|\n|upkeep\n|turn|7\n|\n|t:|1700433338\n|move|p1b: Urshifu|Brick Break|p2a: Cresselia\n|-resisted|p2a: Cresselia\n|-damage|p2a: Cresselia|52\/100\n|move|p1a: Roaring Moon|Knock Off|p2a: Cresselia\n|-supereffective|p2a: Cresselia\n|-damage|p2a: Cresselia|0 fnt\n|faint|p2a: Cresselia\n|\n|win|sonaw4\n","uploadtime":1700433374,"views":4,"p1id":"sonaw4","p2id":"aquamarinevgc","formatid":"gen9vgc2023regulatione","rating":0,"private":0,"password":""}