{"id":"gen9vgc2023regulatione-1991085528","p1":"Alicw1407","p2":"BelliBe","format":"[Gen 9] VGC 2023 Regulation E","log":"|j|\u2606Alicw1407\n|j|\u2606BelliBe\n|t:|1700040561\n|gametype|doubles\n|player|p1|Alicw1407|rosa|1132\n|player|p2|BelliBe|acetrainer|1073\n|teamsize|p1|6\n|teamsize|p2|6\n|gen|9\n|tier|[Gen 9] VGC 2023 Regulation E\n|rated|\n|rule|Species Clause: Limit one of each Pok\u00e9mon\n|rule|Item Clause: Limit one of each item\n|clearpoke\n|poke|p1|Fezandipiti, L50, M|\n|poke|p1|Flutter Mane, L50|\n|poke|p1|Arcanine-Hisui, L50, M|\n|poke|p1|Rillaboom, L50, F|\n|poke|p1|Urshifu-*, L50, F|\n|poke|p1|Tornadus, L50, M|\n|poke|p2|Gliscor, L50, F|\n|poke|p2|Ninetales-Alola, L50, M|\n|poke|p2|Dragonite, L50, M|\n|poke|p2|Amoonguss, L50, F|\n|poke|p2|Corviknight, L50, F|\n|poke|p2|Gholdengo, L50|\n|teampreview|4\nAlicw1407 has agreed to open team sheets.\n|\n|t:|1700040596\n|start\n|switch|p1a: Fezandipiti|Fezandipiti, L50, M|100\/100\n|switch|p1b: Arcanine|Arcanine-Hisui, L50, M|100\/100\n|switch|p2a: Gliscor|Gliscor, L50, F|100\/100\n|switch|p2b: Ninetales|Ninetales-Alola, L50, M|100\/100\n|-ability|p1b: Arcanine|Intimidate|boost\n|-unboost|p2a: Gliscor|atk|1\n|-unboost|p2b: Ninetales|atk|1\n|-weather|Snow|[from] ability: Snow Warning|[of] p2b: Ninetales\n|turn|1\n|\n|t:|1700040618\n|-terastallize|p1b: Arcanine|Normal\n|move|p2a: Gliscor|Protect|p2a: Gliscor\n|-singleturn|p2a: Gliscor|Protect\n|move|p1b: Arcanine|Extreme Speed|p2a: Gliscor\n|-activate|p2a: Gliscor|move: Protect\n|move|p2b: Ninetales|Aurora Veil|p2b: Ninetales\n|-sidestart|p2: BelliBe|move: Aurora Veil\n|move|p1a: Fezandipiti|Heat Wave|p2a: Gliscor|[spread] p2b\n|-activate|p2a: Gliscor|move: Protect\n|-supereffective|p2b: Ninetales\n|-damage|p2b: Ninetales|85\/100\n|-status|p2b: Ninetales|tox|[from] ability: Toxic Chain|[of] p1a: Fezandipiti\n|\n|-weather|Snow|[upkeep]\n|-damage|p2b: Ninetales|79\/100 tox|[from] psn\n|-status|p2a: Gliscor|tox|[from] item: Toxic Orb\n|upkeep\n|turn|2\n|\n|t:|1700040651\n|move|p1b: Arcanine|Extreme Speed|p2a: Gliscor\n|-damage|p2a: Gliscor|68\/100 tox\n|move|p2b: Ninetales|Dazzling Gleam|p1a: Fezandipiti|[spread] p1a,p1b\n|-resisted|p1a: Fezandipiti\n|-damage|p1a: Fezandipiti|94\/100\n|-damage|p1b: Arcanine|75\/100\n|move|p2a: Gliscor|Brick Break|p1b: Arcanine\n|-supereffective|p1b: Arcanine\n|-damage|p1b: Arcanine|40\/100\n|move|p1a: Fezandipiti|Icy Wind|p2b: Ninetales|[spread] p2b\n|-miss|p1a: Fezandipiti|p2a: Gliscor\n|-resisted|p2b: Ninetales\n|-damage|p2b: Ninetales|76\/100 tox\n|-unboost|p2b: Ninetales|spe|1\n|\n|-weather|Snow|[upkeep]\n|-heal|p2a: Gliscor|80\/100 tox|[from] ability: Poison Heal\n|-damage|p2b: Ninetales|65\/100 tox|[from] psn\n|upkeep\n|turn|3\n|\n|t:|1700040679\n|switch|p1b: Urshifu|Urshifu-Rapid-Strike, L50, F|100\/100\n|move|p2a: Gliscor|Knock Off|p1a: Fezandipiti\n|-resisted|p1a: Fezandipiti\n|-damage|p1a: Fezandipiti|86\/100\n|-damage|p2a: Gliscor|64\/100 tox|[from] item: Rocky Helmet|[of] p1a: Fezandipiti\n|-enditem|p1a: Fezandipiti|Rocky Helmet|[from] move: Knock Off|[of] p2a: Gliscor\n|move|p1a: Fezandipiti|Icy Wind|p2b: Ninetales|[spread] p2a,p2b\n|-supereffective|p2a: Gliscor\n|-resisted|p2b: Ninetales\n|-damage|p2a: Gliscor|39\/100 tox\n|-damage|p2b: Ninetales|63\/100 tox\n|-unboost|p2a: Gliscor|spe|1\n|-unboost|p2b: Ninetales|spe|1\n|move|p2b: Ninetales|Ice Beam|p1a: Fezandipiti\n|-damage|p1a: Fezandipiti|66\/100\n|\n|-weather|Snow|[upkeep]\n|-heal|p2a: Gliscor|52\/100 tox|[from] ability: Poison Heal\n|-damage|p2b: Ninetales|46\/100 tox|[from] psn\n|upkeep\n|turn|4\n|\n|t:|1700040705\n|move|p2a: Gliscor|Protect|p2a: Gliscor\n|-singleturn|p2a: Gliscor|Protect\n|move|p1b: Urshifu|Surging Strikes|p2b: Ninetales\n|-crit|p2b: Ninetales\n|-damage|p2b: Ninetales|24\/100 tox\n|-crit|p2b: Ninetales\n|-damage|p2b: Ninetales|3\/100 tox\n|-crit|p2b: Ninetales\n|-damage|p2b: Ninetales|0 fnt\n|faint|p2b: Ninetales\n|-hitcount|p2: Ninetales|3\n|move|p1a: Fezandipiti|Icy Wind|p2a: Gliscor\n|-activate|p2a: Gliscor|move: Protect\n|\n|-weather|Snow|[upkeep]\n|-heal|p2a: Gliscor|64\/100 tox|[from] ability: Poison Heal\n|upkeep\n|\n|t:|1700040728\n|switch|p2b: Amoonguss|Amoonguss, L50, F|100\/100\n|turn|5\n|\n|t:|1700040751\n|switch|p1b: Arcanine|Arcanine-Hisui, L50, M, tera:Normal|40\/100\n|-ability|p1b: Arcanine|Intimidate|boost\n|-unboost|p2a: Gliscor|atk|1\n|-unboost|p2b: Amoonguss|atk|1\n|move|p2b: Amoonguss|Rage Powder|p2b: Amoonguss\n|-singleturn|p2b: Amoonguss|move: Rage Powder\n|move|p1a: Fezandipiti|Heat Wave|p2a: Gliscor|[spread] p2a,p2b\n|-supereffective|p2b: Amoonguss\n|-damage|p2a: Gliscor|54\/100 tox\n|-damage|p2b: Amoonguss|86\/100\n|move|p2a: Gliscor|Knock Off|p1b: Arcanine\n|-damage|p1b: Arcanine|24\/100\n|-enditem|p1b: Arcanine|Choice Band|[from] move: Knock Off|[of] p2a: Gliscor\n|\n|-weather|none\n|-heal|p2b: Amoonguss|91\/100|[from] item: Leftovers\n|-heal|p2a: Gliscor|67\/100 tox|[from] ability: Poison Heal\n|upkeep\n|turn|6\n|\n|t:|1700040776\n|move|p2b: Amoonguss|Protect|p2b: Amoonguss\n|-singleturn|p2b: Amoonguss|Protect\n|move|p1b: Arcanine|Head Smash|p2a: Gliscor\n|-damage|p2a: Gliscor|25\/100 tox\n|-damage|p1b: Arcanine|4\/100|[from] Recoil\n|move|p1a: Fezandipiti|Heat Wave|p2b: Amoonguss|[spread] p2a\n|-activate|p2b: Amoonguss|move: Protect\n|-damage|p2a: Gliscor|14\/100 tox\n|move|p2a: Gliscor|Earthquake|p1b: Arcanine|[spread] p1a,p1b\n|-activate|p2b: Amoonguss|move: Protect\n|-supereffective|p1a: Fezandipiti\n|-damage|p1a: Fezandipiti|37\/100\n|-damage|p1b: Arcanine|0 fnt\n|faint|p1b: Arcanine\n|\n|-heal|p2b: Amoonguss|97\/100|[from] item: Leftovers\n|-heal|p2a: Gliscor|27\/100 tox|[from] ability: Poison Heal\n|upkeep\n|\n|t:|1700040795\n|switch|p1b: Rillaboom|Rillaboom, L50, F|100\/100\n|-fieldstart|move: Grassy Terrain|[from] ability: Grassy Surge|[of] p1b: Rillaboom\n|turn|7\n|\n|t:|1700040842\n|move|p2a: Gliscor|Protect|p2a: Gliscor\n|-singleturn|p2a: Gliscor|Protect\n|move|p1b: Rillaboom|Fake Out|p2a: Gliscor\n|-activate|p2a: Gliscor|move: Protect\n|move|p1a: Fezandipiti|Icy Wind|p2b: Amoonguss|[spread] p2b\n|-activate|p2a: Gliscor|move: Protect\n|-supereffective|p2b: Amoonguss\n|-damage|p2b: Amoonguss|89\/100\n|-unboost|p2b: Amoonguss|spe|1\n|move|p2b: Amoonguss|Spore|p1a: Fezandipiti\n|-status|p1a: Fezandipiti|slp|[from] move: Spore\n|\n|-heal|p1a: Fezandipiti|43\/100 slp|[from] Grassy Terrain\n|-heal|p2b: Amoonguss|95\/100|[from] Grassy Terrain\n|-heal|p2b: Amoonguss|100\/100|[from] item: Leftovers\n|-heal|p2a: Gliscor|39\/100 tox|[from] ability: Poison Heal\n|upkeep\n|turn|8\n|\n|t:|1700040876\n|switch|p1a: Urshifu|Urshifu-Rapid-Strike, L50, F|100\/100\n|move|p2b: Amoonguss|Rage Powder|p2b: Amoonguss\n|-singleturn|p2b: Amoonguss|move: Rage Powder\n|move|p1b: Rillaboom|Grassy Glide|p2a: Gliscor\n|-damage|p2a: Gliscor|21\/100 tox\n|move|p2a: Gliscor|Earthquake|p1a: Urshifu|[spread] p2b,p1a,p1b\n|-resisted|p1b: Rillaboom\n|-damage|p2b: Amoonguss|96\/100\n|-damage|p1a: Urshifu|93\/100\n|-damage|p1b: Rillaboom|97\/100\n|\n|-heal|p1a: Urshifu|99\/100|[from] Grassy Terrain\n|-heal|p1b: Rillaboom|100\/100|[from] Grassy Terrain\n|-heal|p2b: Amoonguss|100\/100|[from] Grassy Terrain\n|-heal|p2a: Gliscor|34\/100 tox|[from] ability: Poison Heal\n|-sideend|p2: BelliBe|move: Aurora Veil\n|upkeep\n|turn|9\n|\n|t:|1700040908\n|move|p2a: Gliscor|Protect|p2a: Gliscor\n|-singleturn|p2a: Gliscor|Protect\n|move|p1a: Urshifu|Surging Strikes|p2b: Amoonguss\n|-resisted|p2b: Amoonguss\n|-crit|p2b: Amoonguss\n|-damage|p2b: Amoonguss|89\/100\n|-resisted|p2b: Amoonguss\n|-crit|p2b: Amoonguss\n|-damage|p2b: Amoonguss|77\/100\n|-resisted|p2b: Amoonguss\n|-crit|p2b: Amoonguss\n|-damage|p2b: Amoonguss|66\/100\n|-status|p1a: Urshifu|slp|[from] ability: Effect Spore|[of] p2b: Amoonguss\n|-hitcount|p2b: Amoonguss|3\n|move|p1b: Rillaboom|U-turn|p2b: Amoonguss\n|-damage|p2b: Amoonguss|44\/100\n|\n|t:|1700040921\n|switch|p1b: Fezandipiti|Fezandipiti, L50, M|43\/100 slp|[from] U-turn\n|move|p2b: Amoonguss|Seed Bomb|p1a: Urshifu\n|-supereffective|p1a: Urshifu\n|-damage|p1a: Urshifu|57\/100 slp\n|\n|-heal|p1a: Urshifu|64\/100 slp|[from] Grassy Terrain\n|-heal|p1b: Fezandipiti|49\/100 slp|[from] Grassy Terrain\n|-heal|p2b: Amoonguss|50\/100|[from] Grassy Terrain\n|-heal|p2b: Amoonguss|56\/100|[from] item: Leftovers\n|-heal|p2a: Gliscor|46\/100 tox|[from] ability: Poison Heal\n|upkeep\n|turn|10\n|\n|t:|1700040939\n|switch|p1b: Rillaboom|Rillaboom, L50, F|100\/100\n|cant|p1a: Urshifu|slp\n|move|p2a: Gliscor|Earthquake|p1b: Rillaboom|[spread] p2b,p1a,p1b\n|-resisted|p1b: Rillaboom\n|-damage|p2b: Amoonguss|48\/100\n|-damage|p1a: Urshifu|56\/100 slp\n|-damage|p1b: Rillaboom|97\/100\n|move|p2b: Amoonguss|Seed Bomb|p1a: Urshifu\n|-supereffective|p1a: Urshifu\n|-damage|p1a: Urshifu|14\/100 slp\n|\n|-heal|p1a: Urshifu|20\/100 slp|[from] Grassy Terrain\n|-heal|p1b: Rillaboom|100\/100|[from] Grassy Terrain\n|-heal|p2b: Amoonguss|53\/100|[from] Grassy Terrain\n|-heal|p2b: Amoonguss|59\/100|[from] item: Leftovers\n|-heal|p2a: Gliscor|59\/100 tox|[from] ability: Poison Heal\n|upkeep\n|turn|11\n|\n|t:|1700040963\n|move|p1b: Rillaboom|Fake Out|p2b: Amoonguss\n|-damage|p2b: Amoonguss|48\/100\n|cant|p1a: Urshifu|slp\n|move|p2a: Gliscor|Brick Break|p1a: Urshifu\n|-damage|p1a: Urshifu|9\/100 slp\n|cant|p2b: Amoonguss|flinch\n|\n|-heal|p1a: Urshifu|15\/100 slp|[from] Grassy Terrain\n|-heal|p2b: Amoonguss|53\/100|[from] Grassy Terrain\n|-heal|p2b: Amoonguss|59\/100|[from] item: Leftovers\n|-heal|p2a: Gliscor|71\/100 tox|[from] ability: Poison Heal\n|-fieldend|move: Grassy Terrain\n|upkeep\n|turn|12\n|c|\u2606Alicw1407|gg\n|-message|Alicw1407 forfeited.\n|\n|win|BelliBe\n|raw|Alicw1407's rating: 1132 &rarr; <strong>1103<\/strong><br \/>(-29 for losing)\n|raw|BelliBe's rating: 1073 &rarr; <strong>1107<\/strong><br \/>(+34 for winning)\n|l|\u2606Alicw1407\n","uploadtime":1700040991,"views":16,"p1id":"alicw1407","p2id":"bellibe","formatid":"gen9vgc2023regulatione","rating":1103,"private":0,"password":""}