{"id":"gen9vgc2023regulatione-1988562090","p1":"mang0","p2":"oluqy","format":"[Gen 9] VGC 2023 Regulation E","log":"|j|\u2606mang0\n|j|\u2606oluqy\n|n|\u2606mang0|mang0\n|n|\u2606oluqy|oluqy\n|html|View the match progress at <a href=\"\/game-bestof3-gen9vgc2023regulatione-1988562089\">game-bestof3-gen9vgc2023regulatione-1988562089<\/a>\n|t:|1699736374\n|gametype|doubles\n|player|p1|mang0|elesa|\n|player|p2|oluqy|pokemonrangerf-gen4|\n|teamsize|p1|6\n|teamsize|p2|6\n|gen|9\n|tier|[Gen 9] VGC 2023 Regulation E\n|rule|Species Clause: Limit one of each Pok\u00e9mon\n|rule|Item Clause: Limit one of each item\n|clearpoke\n|poke|p1|Clefairy, L50, M|\n|poke|p1|Kingambit, L50, M|\n|poke|p1|Ogerpon-Wellspring, L50, F|\n|poke|p1|Flutter Mane, L50|\n|poke|p1|Iron Hands, L50|\n|poke|p1|Landorus-Therian, L50, M|\n|poke|p2|Tornadus, L50, M|\n|poke|p2|Heatran, L50, F|\n|poke|p2|Flutter Mane, L50|\n|poke|p2|Landorus-Therian, L50, M|\n|poke|p2|Amoonguss, L50, F|\n|poke|p2|Ogerpon-Wellspring, L50, F|\n|teampreview|4\noluqy has agreed to open team sheets.\n|inactive|Battle timer is ON: inactive players will automatically lose when time's up. (requested by mang0)\nmang0 has agreed to open team sheets.\n|showteam|p1|Clefairy||Eviolite|FriendGuard|LifeDew,HelpingHand,FollowMe,Protect|||M|||50|,,,,,Grass]Kingambit||BlackGlasses|Defiant|KowtowCleave,SuckerPunch,SwordsDance,Protect|||M|||50|,,,,,Dark]Ogerpon-Wellspring||WellspringMask|WaterAbsorb|IvyCudgel,HornLeech,FollowMe,SpikyShield|||F|||50|,,,,,Water]Flutter Mane||ChoiceSpecs|Protosynthesis|Moonblast,DazzlingGleam,ShadowBall,PerishSong||||||50|,,,,,Fairy]Iron Hands||AssaultVest|QuarkDrive|WildCharge,DrainPunch,HeavySlam,FakeOut||||||50|,,,,,Electric]Landorus-Therian||ChoiceScarf|Intimidate|StompingTantrum,RockSlide,Uturn,TeraBlast|||M|||50|,,,,,Flying\n|showteam|p2|Tornadus||MentalHerb|Prankster|BleakwindStorm,Tailwind,SunnyDay,Protect|||M|||50|,,,,,Dark]Heatran||AssaultVest|FlashFire|HeatWave,FlashCannon,EarthPower,SolarBeam|||F|||50|,,,,,Fairy]Flutter Mane||ChoiceSpecs|Protosynthesis|DazzlingGleam,Moonblast,ShadowBall,PowerGem||||||50|,,,,,Fairy]Landorus-Therian||ChoiceScarf|Intimidate|StompingTantrum,TeraBlast,RockSlide,Uturn|||M|||50|,,,,,Flying]Amoonguss||SitrusBerry|Regenerator|Spore,PollenPuff,RagePowder,Protect|||F|||50|,,,,,Water]Ogerpon-Wellspring||WellspringMask|WaterAbsorb|IvyCudgel,HornLeech,SwordsDance,SpikyShield|||F|||50|,,,,,Water\n|inactive|mang0 has 30 seconds left.\n|inactive|oluqy has 30 seconds left.\n|inactive|mang0 has 20 seconds left.\n|inactive|oluqy has 20 seconds left.\n|inactive|mang0 has 15 seconds left.\n|inactive|oluqy has 15 seconds left.\n|inactive|oluqy has 10 seconds left.\n|inactive|oluqy has 5 seconds left.\n|\n|t:|1699736443\n|start\n|switch|p1a: Landorus|Landorus-Therian, L50, M|100\/100\n|switch|p1b: Iron Hands|Iron Hands, L50|100\/100\n|switch|p2a: Ogerpon|Ogerpon-Wellspring, L50, F|100\/100\n|switch|p2b: Amoonguss|Amoonguss, L50, F|100\/100\n|-ability|p1a: Landorus|Intimidate|boost\n|-unboost|p2a: Ogerpon|atk|1\n|-unboost|p2b: Amoonguss|atk|1\n|turn|1\n|\n|t:|1699736460\n|switch|p2b: Landorus|Landorus-Therian, L50, M|100\/100\n|-ability|p2b: Landorus|Intimidate|boost\n|-unboost|p1a: Landorus|atk|1\n|-unboost|p1b: Iron Hands|atk|1\n|-terastallize|p1a: Landorus|Flying\n|move|p1b: Iron Hands|Fake Out|p2a: Ogerpon\n|-damage|p2a: Ogerpon|92\/100\n|move|p1a: Landorus|Tera Blast|p2b: Landorus|[anim] Tera Blast Flying\n|-damage|p2b: Landorus|64\/100\n|cant|p2a: Ogerpon|flinch\n|\n|upkeep\n|turn|2\n|inactive|oluqy has 30 seconds left.\n|inactive|oluqy has 20 seconds left.\n|inactive|oluqy has 15 seconds left.\n|inactive|oluqy has 10 seconds left.\n|inactive|oluqy has 5 seconds left.\n|\n|t:|1699736510\n|-end|p1b: Iron Hands|Quark Drive|[silent]\n|switch|p1b: Ogerpon|Ogerpon-Wellspring, L50, F|100\/100\n|move|p2a: Ogerpon|Spiky Shield|p2a: Ogerpon\n|-singleturn|p2a: Ogerpon|move: Protect\n|move|p1a: Landorus|Tera Blast|p2a: Ogerpon|[anim] Tera Blast Flying\n|-activate|p2a: Ogerpon|move: Protect\n|move|p2b: Landorus|U-turn|p1a: Landorus\n|-resisted|p1a: Landorus\n|-damage|p1a: Landorus|88\/100\n|\n|t:|1699736519\n|switch|p2b: Amoonguss|Amoonguss, L50, F|100\/100|[from] U-turn\n|\n|upkeep\n|turn|3\n|\n|t:|1699736544\n|switch|p1a: Kingambit|Kingambit, L50, M|100\/100\n|switch|p2b: Landorus|Landorus-Therian, L50, M|64\/100\n|-ability|p2b: Landorus|Intimidate|boost\n|-unboost|p1a: Kingambit|atk|1\n|-ability|p1a: Kingambit|Defiant|boost\n|-boost|p1a: Kingambit|atk|2\n|-unboost|p1b: Ogerpon|atk|1\n|move|p1b: Ogerpon|Horn Leech|p2a: Ogerpon\n|-damage|p2a: Ogerpon|71\/100\n|move|p2a: Ogerpon|Swords Dance|p2a: Ogerpon\n|-boost|p2a: Ogerpon|atk|2\n|\n|upkeep\n|turn|4\n|inactive|mang0 has 30 seconds left.\n|inactive|oluqy has 30 seconds left.\n|inactive|mang0 has 20 seconds left.\n|inactive|oluqy has 20 seconds left.\n|inactive|oluqy has 15 seconds left.\n|inactive|oluqy has 10 seconds left.\n|\n|t:|1699736590\n|switch|p1b: Landorus|Landorus-Therian, L50, M, tera:Flying|88\/100\n|-ability|p1b: Landorus|Intimidate|boost\n|-unboost|p2a: Ogerpon|atk|1\n|-unboost|p2b: Landorus|atk|1\n|move|p1a: Kingambit|Protect|p1a: Kingambit\n|-singleturn|p1a: Kingambit|Protect\n|move|p2b: Landorus|U-turn|p1b: Landorus\n|-resisted|p1b: Landorus\n|-damage|p1b: Landorus|79\/100\n|\n|t:|1699736603\n|switch|p2b: Heatran|Heatran, L50, F|100\/100|[from] U-turn\n|move|p2a: Ogerpon|Horn Leech|p1b: Landorus\n|-resisted|p1b: Landorus\n|-damage|p1b: Landorus|58\/100\n|-heal|p2a: Ogerpon|81\/100|[from] drain|[of] p1b: Landorus\n|\n|upkeep\n|turn|5\n|inactive|mang0 has 30 seconds left.\n|\n|t:|1699736629\n|move|p2a: Ogerpon|Spiky Shield|p2a: Ogerpon\n|-singleturn|p2a: Ogerpon|move: Protect\n|move|p1b: Landorus|Rock Slide|p2b: Heatran|[spread] p2b\n|-activate|p2a: Ogerpon|move: Protect\n|-damage|p2b: Heatran|83\/100\n|move|p2b: Heatran|Heat Wave|p1b: Landorus|[spread] p1a,p1b\n|-supereffective|p1a: Kingambit\n|-damage|p1a: Kingambit|16\/100\n|-damage|p1b: Landorus|3\/100\n|move|p1a: Kingambit|Kowtow Cleave|p2b: Heatran\n|-damage|p2b: Heatran|5\/100\n|\n|upkeep\n|turn|6\n|inactive|oluqy has 30 seconds left.\n|inactive|oluqy has 20 seconds left.\n|\n|t:|1699736669\n|switch|p2b: Landorus|Landorus-Therian, L50, M|64\/100\n|-ability|p2b: Landorus|Intimidate|boost\n|-unboost|p1a: Kingambit|atk|1\n|-ability|p1a: Kingambit|Defiant|boost\n|-boost|p1a: Kingambit|atk|2\n|-unboost|p1b: Landorus|atk|1\n|move|p2a: Ogerpon|Spiky Shield|p2a: Ogerpon\n|-singleturn|p2a: Ogerpon|move: Protect\n|move|p1a: Kingambit|Sucker Punch||[still]\n|-fail|p1a: Kingambit\n|move|p1b: Landorus|Rock Slide|p2b: Landorus|[spread] p2b\n|-activate|p2a: Ogerpon|move: Protect\n|-damage|p2b: Landorus|50\/100\n|\n|upkeep\n|turn|7\n|inactive|oluqy has 30 seconds left.\n|inactive|oluqy has 20 seconds left.\n|\n|t:|1699736707\n|switch|p2b: Heatran|Heatran, L50, F|5\/100\n|switch|p2a: Amoonguss|Amoonguss, L50, F|100\/100\n|move|p1a: Kingambit|Sucker Punch||[still]\n|-fail|p1a: Kingambit\n|move|p1b: Landorus|Rock Slide|p2a: Amoonguss|[spread] p2a,p2b\n|-damage|p2a: Amoonguss|90\/100\n|-damage|p2b: Heatran|0 fnt\n|faint|p2b: Heatran\n|\n|upkeep\n|\n|t:|1699736722\n|switch|p2b: Ogerpon|Ogerpon-Wellspring, L50, F|81\/100\n|turn|8\n|\n|t:|1699736737\n|move|p2a: Amoonguss|Rage Powder|p2a: Amoonguss\n|-singleturn|p2a: Amoonguss|move: Rage Powder\n|move|p1b: Landorus|Rock Slide|p2a: Amoonguss|[spread] p2a,p2b\n|-damage|p2a: Amoonguss|80\/100\n|-damage|p2b: Ogerpon|70\/100\n|move|p2b: Ogerpon|Ivy Cudgel|p1a: Kingambit\n|-damage|p1a: Kingambit|0 fnt\n|faint|p1a: Kingambit\n|\n|upkeep\n|\n|t:|1699736748\n|switch|p1a: Ogerpon|Ogerpon-Wellspring, L50, F|100\/100\n|turn|9\n|\n|t:|1699736761\n|switch|p1b: Iron Hands|Iron Hands, L50|100\/100\n|move|p2b: Ogerpon|Spiky Shield|p2b: Ogerpon\n|-singleturn|p2b: Ogerpon|move: Protect\n|move|p1a: Ogerpon|Horn Leech|p2b: Ogerpon\n|-activate|p2b: Ogerpon|move: Protect\n|-damage|p1a: Ogerpon|88\/100|[from] Spiky Shield|[of] p2b: Ogerpon\n|move|p2a: Amoonguss|Spore|p1b: Iron Hands\n|-status|p1b: Iron Hands|slp|[from] move: Spore\n|\n|upkeep\n|turn|10\n|\n|t:|1699736783\n|move|p1a: Ogerpon|Horn Leech|p2b: Ogerpon\n|-damage|p2b: Ogerpon|41\/100\n|-heal|p1a: Ogerpon|100\/100|[from] drain|[of] p2b: Ogerpon\n|move|p2b: Ogerpon|Swords Dance|p2b: Ogerpon\n|-boost|p2b: Ogerpon|atk|2\n|cant|p1b: Iron Hands|slp\n|move|p2a: Amoonguss|Pollen Puff|p2b: Ogerpon\n|-heal|p2b: Ogerpon|91\/100\n|\n|upkeep\n|turn|11\n|inactive|oluqy has 30 seconds left.\n|\n|t:|1699736815\n|switch|p2a: Landorus|Landorus-Therian, L50, M|50\/100\n|-ability|p2a: Landorus|Intimidate|boost\n|-unboost|p1a: Ogerpon|atk|1\n|-unboost|p1b: Iron Hands|atk|1\n|move|p1a: Ogerpon|Horn Leech|p2b: Ogerpon\n|-damage|p2b: Ogerpon|70\/100\n|move|p2b: Ogerpon|Horn Leech|p1a: Ogerpon\n|-damage|p1a: Ogerpon|18\/100\n|-heal|p2b: Ogerpon|100\/100|[from] drain|[of] p1a: Ogerpon\n|-curestatus|p1b: Iron Hands|slp|[msg]\n|move|p1b: Iron Hands|Wild Charge|p2b: Ogerpon\n|-damage|p2b: Ogerpon|76\/100\n|-damage|p1b: Iron Hands|96\/100|[from] Recoil\n|\n|upkeep\n|turn|12\n|\n|t:|1699736838\n|move|p1a: Ogerpon|Spiky Shield|p1a: Ogerpon\n|-singleturn|p1a: Ogerpon|move: Protect\n|move|p2a: Landorus|U-turn|p1a: Ogerpon\n|-activate|p1a: Ogerpon|move: Protect\n|-damage|p2a: Landorus|38\/100|[from] Spiky Shield|[of] p1a: Ogerpon\n|move|p2b: Ogerpon|Horn Leech|p1b: Iron Hands\n|-damage|p1b: Iron Hands|47\/100\n|-heal|p2b: Ogerpon|100\/100|[from] drain|[of] p1b: Iron Hands\n|move|p1b: Iron Hands|Heavy Slam|p2a: Landorus\n|-damage|p2a: Landorus|11\/100\n|\n|upkeep\n|turn|13\n|inactive|oluqy has 30 seconds left.\n|\n|t:|1699736857\n|move|p1a: Ogerpon|Spiky Shield||[still]\n|-fail|p1a: Ogerpon\n|move|p2a: Landorus|U-turn|p1a: Ogerpon\n|-supereffective|p1a: Ogerpon\n|-crit|p1a: Ogerpon\n|-damage|p1a: Ogerpon|0 fnt\n|faint|p1a: Ogerpon\n|inactive|oluqy has 25 seconds left this turn.\n|inactive|oluqy has 20 seconds left.\n|\n|t:|1699736862\n|switch|p2a: Amoonguss|Amoonguss, L50, F|100\/100|[from] U-turn\n|move|p2b: Ogerpon|Ivy Cudgel|p1b: Iron Hands\n|-damage|p1b: Iron Hands|0 fnt\n|faint|p1b: Iron Hands\n|-end|p1b: Iron Hands|Quark Drive|[silent]\n|\n|upkeep\n|inactive|oluqy has 20 seconds left this turn.\n|\n|t:|1699736870\n|switch|p1b: Landorus|Landorus-Therian, L50, M, tera:Flying|3\/100\n|-ability|p1b: Landorus|Intimidate|boost\n|-unboost|p2a: Amoonguss|atk|1\n|-unboost|p2b: Ogerpon|atk|1\n|turn|14\n|inactive|oluqy has 20 seconds left this turn.\n|inactive|oluqy has 15 seconds left.\n|\n|t:|1699736877\n|move|p2a: Amoonguss|Rage Powder|p2a: Amoonguss\n|-singleturn|p2a: Amoonguss|move: Rage Powder\n|move|p1b: Landorus|Tera Blast|p2a: Amoonguss|[anim] Tera Blast Flying\n|-supereffective|p2a: Amoonguss\n|-damage|p2a: Amoonguss|11\/100\n|-enditem|p2a: Amoonguss|Sitrus Berry|[eat]\n|-heal|p2a: Amoonguss|36\/100|[from] item: Sitrus Berry\n|move|p2b: Ogerpon|Ivy Cudgel|p1b: Landorus\n|-crit|p1b: Landorus\n|-damage|p1b: Landorus|0 fnt\n|faint|p1b: Landorus\n|\n|win|oluqy\n|inactive|oluqy has 15 seconds left this turn.\n|c|&|\/uhtml prompt-mang0,mang0 is ready for game 2!\n|inactive|oluqy has 50 seconds to confirm battle start!\n|c|&|\/uhtml prompt-oluqy,oluqy is ready for game 2!\nBoth players are ready! Starting next match!\n|l|\u2606mang0\n","uploadtime":1699737425,"views":13,"p1id":"mang0","p2id":"oluqy","formatid":"gen9vgc2023regulatione","rating":0,"private":0,"password":""}