{"id":"gen9vgc2023regulatione-1989467810","p1":"Kkzjckz","p2":"ohggrm","format":"[Gen 9] VGC 2023 Regulation E","log":"|j|\u2606Kkzjckz\n|j|\u2606ohggrm\n|t:|1699855191\n|gametype|doubles\n|player|p1|Kkzjckz|lance|1000\n|player|p2|ohggrm|swimmer-gen4dp|1000\n|teamsize|p1|6\n|teamsize|p2|6\n|gen|9\n|tier|[Gen 9] VGC 2023 Regulation E\n|rated|\n|rule|Species Clause: Limit one of each Pok\u00e9mon\n|rule|Item Clause: Limit one of each item\n|clearpoke\n|poke|p1|Flutter Mane, L50|\n|poke|p1|Tornadus, L50, M|\n|poke|p1|Rillaboom, L50, F|\n|poke|p1|Garganacl, L50, F|\n|poke|p1|Arcanine-Hisui, L50, F|\n|poke|p1|Chien-Pao, L50|\n|poke|p2|Decidueye-Hisui, L50, F|\n|poke|p2|Clefable, L50, M|\n|poke|p2|Carbink, L50|\n|poke|p2|Electrode-Hisui, L50|\n|poke|p2|Noivern, L50, F|\n|poke|p2|Arboliva, L50, F|\n|teampreview|4\n|\n|t:|1699855212\n|start\n|switch|p1a: Tornadus|Tornadus, L50, M|100\/100\n|switch|p1b: Garganacl|Garganacl, L50, F|100\/100\n|switch|p2a: Carbink|Carbink, L50, shiny|100\/100\n|switch|p2b: Arboliva|Arboliva, L50, F|100\/100\n|turn|1\n|\n|t:|1699855241\n|-terastallize|p1b: Garganacl|Ghost\n|move|p1a: Tornadus|Taunt|p2b: Arboliva\n|-start|p2b: Arboliva|move: Taunt\n|move|p1b: Garganacl|Salt Cure|p2a: Carbink\n|-damage|p2a: Carbink|90\/100\n|-start|p2a: Carbink|Salt Cure\n|cant|p2b: Arboliva|move: Taunt|Reflect\n|move|p2a: Carbink|Trick Room|p2a: Carbink\n|-fieldstart|move: Trick Room|[of] p2a: Carbink\n|\n|-damage|p2a: Carbink|78\/100|[from] Salt Cure\n|upkeep\n|turn|2\n|\n|t:|1699855267\n|move|p2b: Arboliva|Pollen Puff|p1b: Garganacl\n|-resisted|p1b: Garganacl\n|-damage|p1b: Garganacl|91\/100\n|move|p2a: Carbink|Body Press|p1b: Garganacl\n|-immune|p1b: Garganacl\n|move|p1b: Garganacl|Salt Cure|p2b: Arboliva\n|-damage|p2b: Arboliva|90\/100\n|-start|p2b: Arboliva|Salt Cure\n|-fieldstart|move: Grassy Terrain|[from] ability: Seed Sower|[of] p2b: Arboliva\n|move|p1a: Tornadus|Bleakwind Storm|p2a: Carbink|[spread] p2a,p2b\n|-resisted|p2a: Carbink\n|-supereffective|p2b: Arboliva\n|-damage|p2a: Carbink|67\/100\n|-damage|p2b: Arboliva|34\/100\n|\n|-heal|p2b: Arboliva|40\/100|[from] Grassy Terrain\n|-heal|p2a: Carbink|72\/100|[from] Grassy Terrain\n|-heal|p1b: Garganacl|97\/100|[from] Grassy Terrain\n|-damage|p2b: Arboliva|28\/100|[from] Salt Cure\n|-damage|p2a: Carbink|60\/100|[from] Salt Cure\n|upkeep\n|turn|3\n|\n|t:|1699855304\n|move|p2a: Carbink|Protect|p2a: Carbink\n|-singleturn|p2a: Carbink|Protect\n|move|p2b: Arboliva|Pollen Puff|p2a: Carbink\n|-activate|p2a: Carbink|move: Protect\n|move|p1b: Garganacl|Iron Defense|p1b: Garganacl\n|-boost|p1b: Garganacl|def|2\n|move|p1a: Tornadus|Bleakwind Storm|p2a: Carbink|[spread] p2b\n|-activate|p2a: Carbink|move: Protect\n|-supereffective|p2b: Arboliva\n|-damage|p2b: Arboliva|0 fnt\n|faint|p2b: Arboliva\n|\n|-heal|p2a: Carbink|66\/100|[from] Grassy Terrain\n|-heal|p1b: Garganacl|100\/100|[from] Grassy Terrain\n|-damage|p2a: Carbink|54\/100|[from] Salt Cure\n|upkeep\n|\n|t:|1699855324\n|switch|p2b: Decidueye|Decidueye-Hisui, L50, F|100\/100\n|turn|4\n|\n|t:|1699855350\n|-terastallize|p2b: Decidueye|Steel\n|move|p1b: Garganacl|Protect|p1b: Garganacl\n|-singleturn|p1b: Garganacl|Protect\n|move|p2a: Carbink|Guard Split|p2b: Decidueye\n|-activate|p2a: Carbink|move: Guard Split|[of] p2b: Decidueye\n|move|p2b: Decidueye|Triple Arrows|p1b: Garganacl\n|-activate|p1b: Garganacl|move: Protect\n|move|p1a: Tornadus|Bleakwind Storm|p2b: Decidueye|[spread] p2a,p2b\n|-resisted|p2a: Carbink\n|-resisted|p2b: Decidueye\n|-damage|p2a: Carbink|40\/100\n|-damage|p2b: Decidueye|88\/100\n|\n|-heal|p2a: Carbink|46\/100|[from] Grassy Terrain\n|-heal|p2b: Decidueye|94\/100|[from] Grassy Terrain\n|-damage|p2a: Carbink|34\/100|[from] Salt Cure\n|upkeep\n|turn|5\n|\n|t:|1699855405\n|move|p2a: Carbink|Protect|p2a: Carbink\n|-singleturn|p2a: Carbink|Protect\n|move|p1a: Tornadus|Taunt|p2a: Carbink\n|-activate|p2a: Carbink|move: Protect\n|move|p1b: Garganacl|Salt Cure|p2b: Decidueye\n|-resisted|p2b: Decidueye\n|-damage|p2b: Decidueye|89\/100\n|-start|p2b: Decidueye|Salt Cure\n|move|p2b: Decidueye|Swords Dance|p2b: Decidueye\n|-boost|p2b: Decidueye|atk|2\n|\n|-heal|p2a: Carbink|39\/100|[from] Grassy Terrain\n|-heal|p2b: Decidueye|95\/100|[from] Grassy Terrain\n|-damage|p2a: Carbink|27\/100|[from] Salt Cure\n|-damage|p2b: Decidueye|71\/100|[from] Salt Cure\n|-fieldend|move: Trick Room\n|upkeep\n|turn|6\n|\n|t:|1699855431\n|move|p1a: Tornadus|Taunt|p2a: Carbink\n|-start|p2a: Carbink|move: Taunt\n|-enditem|p2a: Carbink|Mental Herb\n|-end|p2a: Carbink|move: Taunt\n|move|p2b: Decidueye|Triple Arrows|p1b: Garganacl\n|-damage|p1b: Garganacl|67\/100\n|move|p1b: Garganacl|Iron Defense|p1b: Garganacl\n|-boost|p1b: Garganacl|def|2\n|move|p2a: Carbink|Trick Room|p2a: Carbink\n|-fieldstart|move: Trick Room|[of] p2a: Carbink\n|\n|-heal|p2a: Carbink|33\/100|[from] Grassy Terrain\n|-heal|p1b: Garganacl|72\/100|[from] Grassy Terrain\n|-heal|p2b: Decidueye|77\/100|[from] Grassy Terrain\n|-damage|p2a: Carbink|21\/100|[from] Salt Cure\n|-damage|p2b: Decidueye|52\/100|[from] Salt Cure\n|-fieldend|move: Grassy Terrain\n|upkeep\n|turn|7\n|-message|ohggrm forfeited.\n|\n|win|Kkzjckz\n|raw|Kkzjckz's rating: 1000 &rarr; <strong>1040<\/strong><br \/>(+40 for winning)\n|raw|ohggrm's rating: 1000 &rarr; <strong>1000<\/strong><br \/>(+0 for losing)\n|l|\u2606ohggrm\n","uploadtime":1699855505,"views":10,"p1id":"kkzjckz","p2id":"ohggrm","formatid":"gen9vgc2023regulatione","rating":1000,"private":0,"password":""}