{"id":"gen9vgc2023regulatione-1987940371","p1":"oRinNeGa7V1","p2":"MogulMonke","format":"[Gen 9] VGC 2023 Regulation E","log":"|j|\u2606oRinNeGa7V1\n|j|\u2606MogulMonke\n|t:|1699651292\n|gametype|doubles\n|player|p1|oRinNeGa7V1|miriam|1425\n|player|p2|MogulMonke|101|1458\n|teamsize|p1|6\n|teamsize|p2|6\n|gen|9\n|tier|[Gen 9] VGC 2023 Regulation E\n|rated|\n|rule|Species Clause: Limit one of each Pok\u00e9mon\n|rule|Item Clause: Limit one of each item\n|clearpoke\n|poke|p1|Tornadus, L50, M|\n|poke|p1|Arcanine-Hisui, L50, M|\n|poke|p1|Iron Hands, L50|\n|poke|p1|Gholdengo, L50|\n|poke|p1|Urshifu-*, L50, M|\n|poke|p1|Ogerpon-Wellspring, L50, F|\n|poke|p2|Arcanine-Hisui, L50, F|\n|poke|p2|Urshifu-*, L50, M|\n|poke|p2|Rillaboom, L50, M|\n|poke|p2|Chien-Pao, L50|\n|poke|p2|Flutter Mane, L50|\n|poke|p2|Tornadus, L50, M|\n|teampreview|4\nMogulMonke has agreed to open team sheets.\n|inactive|Battle timer is ON: inactive players will automatically lose when time's up. (requested by oRinNeGa7V1)\n|\n|t:|1699651351\n|start\n|switch|p1a: Tornadus|Tornadus, L50, M|100\/100\n|switch|p1b: Urshifu|Urshifu-Rapid-Strike, L50, M|100\/100\n|switch|p2a: Arcanine|Arcanine-Hisui, L50, F|100\/100\n|switch|p2b: Rillaboom|Rillaboom, L50, M|100\/100\n|-ability|p2a: Arcanine|Intimidate|boost\n|-unboost|p1a: Tornadus|atk|1\n|-unboost|p1b: Urshifu|atk|1\n|-fieldstart|move: Grassy Terrain|[from] ability: Grassy Surge|[of] p2b: Rillaboom\n|turn|1\n|\n|t:|1699651373\n|switch|p1b: Arcanine|Arcanine-Hisui, L50, M|100\/100\n|-ability|p1b: Arcanine|Intimidate|boost\n|-unboost|p2a: Arcanine|atk|1\n|-unboost|p2b: Rillaboom|atk|1\n|move|p2b: Rillaboom|Fake Out|p1b: Arcanine\n|-resisted|p1b: Arcanine\n|-damage|p1b: Arcanine|96\/100\n|move|p2a: Arcanine|Rock Slide|p1a: Tornadus|[spread] p1a,p1b\n|-supereffective|p1a: Tornadus\n|-supereffective|p1b: Arcanine\n|-damage|p1a: Tornadus|42\/100\n|-damage|p1b: Arcanine|30\/100\n|move|p1a: Tornadus|Bleakwind Storm|p2b: Rillaboom|[spread] p2a,p2b\n|-resisted|p2a: Arcanine\n|-supereffective|p2b: Rillaboom\n|-damage|p2a: Arcanine|82\/100\n|-damage|p2b: Rillaboom|50\/100\n|-unboost|p2a: Arcanine|spe|1\n|\n|-heal|p1b: Arcanine|36\/100|[from] Grassy Terrain\n|-heal|p2b: Rillaboom|56\/100|[from] Grassy Terrain\n|-heal|p2a: Arcanine|88\/100|[from] Grassy Terrain\n|upkeep\n|turn|2\n|inactive|MogulMonke has 30 seconds left.\n|inactive|MogulMonke has 20 seconds left.\n|inactive|MogulMonke has 15 seconds left.\n|\n|t:|1699651415\n|switch|p2a: Chien-Pao|Chien-Pao, L50|100\/100\n|-ability|p2a: Chien-Pao|Sword of Ruin\n|move|p1a: Tornadus|Tailwind|p1a: Tornadus\n|-sidestart|p1: oRinNeGa7V1|move: Tailwind\n|move|p2b: Rillaboom|Grassy Glide|p1b: Arcanine\n|-damage|p1b: Arcanine|0 fnt\n|faint|p1b: Arcanine\n|\n|-heal|p2b: Rillaboom|62\/100|[from] Grassy Terrain\n|upkeep\n|\n|t:|1699651426\n|switch|p1b: Iron Hands|Iron Hands, L50|100\/100\n|turn|3\n|\n|t:|1699651437\n|switch|p2b: Arcanine|Arcanine-Hisui, L50, F|88\/100\n|-ability|p2b: Arcanine|Intimidate|boost\n|-unboost|p1a: Tornadus|atk|1\n|-unboost|p1b: Iron Hands|atk|1\n|move|p2a: Chien-Pao|Protect|p2a: Chien-Pao\n|-singleturn|p2a: Chien-Pao|Protect\n|move|p1b: Iron Hands|Fake Out|p2b: Arcanine\n|-resisted|p2b: Arcanine\n|-damage|p2b: Arcanine|80\/100\n|move|p1a: Tornadus|Rain Dance|p1a: Tornadus\n|-weather|RainDance\n|\n|-weather|RainDance|[upkeep]\n|-heal|p2b: Arcanine|86\/100|[from] Grassy Terrain\n|upkeep\n|turn|4\n|inactive|MogulMonke has 30 seconds left.\n|\n|t:|1699651465\n|switch|p2b: Flutter Mane|Flutter Mane, L50, shiny|100\/100\n|-enditem|p2b: Flutter Mane|Booster Energy\n|-activate|p2b: Flutter Mane|ability: Protosynthesis|[fromitem]\n|-start|p2b: Flutter Mane|protosynthesisspa\n|-terastallize|p2a: Chien-Pao|Ghost\n|move|p1a: Tornadus|Bleakwind Storm|p2a: Chien-Pao|[spread] p2a,p2b\n|-damage|p2a: Chien-Pao|52\/100\n|-damage|p2b: Flutter Mane|68\/100\n|-unboost|p2a: Chien-Pao|spe|1\n|move|p1b: Iron Hands|Drain Punch|p2a: Chien-Pao\n|-immune|p2a: Chien-Pao\n|move|p2a: Chien-Pao|Icicle Crash|p1b: Iron Hands\n|-damage|p1b: Iron Hands|62\/100\n|\n|-weather|RainDance|[upkeep]\n|-heal|p2b: Flutter Mane|75\/100|[from] Grassy Terrain\n|-heal|p1b: Iron Hands|68\/100|[from] Grassy Terrain\n|-heal|p2a: Chien-Pao|58\/100|[from] Grassy Terrain\n|upkeep\n|turn|5\n|inactive|oRinNeGa7V1 has 30 seconds left.\n|inactive|MogulMonke has 30 seconds left.\n|inactive|MogulMonke has 20 seconds left.\n|\n|t:|1699651505\n|switch|p2a: Rillaboom|Rillaboom, L50, M|62\/100\n|-terastallize|p1b: Iron Hands|Grass\n|move|p2b: Flutter Mane|Protect|p2b: Flutter Mane\n|-singleturn|p2b: Flutter Mane|Protect\n|move|p1a: Tornadus|Bleakwind Storm|p2a: Rillaboom|[spread] p2a\n|-activate|p2b: Flutter Mane|move: Protect\n|-supereffective|p2a: Rillaboom\n|-damage|p2a: Rillaboom|10\/100\n|move|p1b: Iron Hands|Heavy Slam|p2b: Flutter Mane\n|-activate|p2b: Flutter Mane|move: Protect\n|\n|-weather|RainDance|[upkeep]\n|-heal|p2b: Flutter Mane|81\/100|[from] Grassy Terrain\n|-heal|p1b: Iron Hands|74\/100|[from] Grassy Terrain\n|-heal|p2a: Rillaboom|15\/100|[from] Grassy Terrain\n|-sideend|p1: oRinNeGa7V1|move: Tailwind\n|-fieldend|move: Grassy Terrain\n|upkeep\n|turn|6\n|inactive|MogulMonke has 30 seconds left.\n|\n|t:|1699651534\n|move|p2a: Rillaboom|Fake Out|p1b: Iron Hands\n|-damage|p1b: Iron Hands|66\/100\n|move|p1a: Tornadus|Tailwind|p1a: Tornadus\n|-sidestart|p1: oRinNeGa7V1|move: Tailwind\n|move|p2b: Flutter Mane|Moonblast|p1b: Iron Hands\n|-damage|p1b: Iron Hands|31\/100\n|cant|p1b: Iron Hands|flinch\n|\n|-weather|RainDance|[upkeep]\n|upkeep\n|turn|7\n|\n|t:|1699651549\n|switch|p2a: Arcanine|Arcanine-Hisui, L50, F|86\/100\n|-ability|p2a: Arcanine|Intimidate|boost\n|-unboost|p1a: Tornadus|atk|1\n|-unboost|p1b: Iron Hands|atk|1\n|move|p1a: Tornadus|Bleakwind Storm|p2a: Arcanine|[spread] p2a,p2b\n|-resisted|p2a: Arcanine\n|-damage|p2a: Arcanine|70\/100\n|-damage|p2b: Flutter Mane|49\/100\n|-unboost|p2b: Flutter Mane|spe|1\n|move|p1b: Iron Hands|Heavy Slam|p2b: Flutter Mane\n|-supereffective|p2b: Flutter Mane\n|-damage|p2b: Flutter Mane|0 fnt\n|faint|p2b: Flutter Mane\n|-end|p2b: Flutter Mane|Protosynthesis|[silent]\n|\n|-weather|none\n|upkeep\n|\n|t:|1699651567\n|switch|p2b: Rillaboom|Rillaboom, L50, M|15\/100\n|-fieldstart|move: Grassy Terrain|[from] ability: Grassy Surge|[of] p2b: Rillaboom\n|turn|8\n|\n|t:|1699651580\n|move|p2b: Rillaboom|Fake Out|p1b: Iron Hands\n|-damage|p1b: Iron Hands|22\/100\n|move|p1a: Tornadus|Bleakwind Storm|p2a: Arcanine|[spread] p2a,p2b\n|-resisted|p2a: Arcanine\n|-supereffective|p2b: Rillaboom\n|-damage|p2a: Arcanine|51\/100\n|-damage|p2b: Rillaboom|0 fnt\n|-unboost|p2a: Arcanine|spe|1\n|faint|p2b: Rillaboom\n|cant|p1b: Iron Hands|flinch\n|move|p2a: Arcanine|Rock Slide|p1a: Tornadus|[spread] p1a,p1b\n|-supereffective|p1a: Tornadus\n|-damage|p1a: Tornadus|0 fnt\n|-damage|p1b: Iron Hands|0 fnt\n|faint|p1a: Tornadus\n|faint|p1b: Iron Hands\n|-end|p1b: Iron Hands|Quark Drive|[silent]\n|\n|-heal|p2a: Arcanine|57\/100|[from] Grassy Terrain\n|upkeep\n|\n|t:|1699651595\n|switch|p2b: Chien-Pao|Chien-Pao, L50, tera:Ghost|58\/100\n|switch|p1b: Urshifu|Urshifu-Rapid-Strike, L50, M|100\/100\n|-ability|p2b: Chien-Pao|Sword of Ruin\n|turn|9\n|\n|t:|1699651601\n|move|p1b: Urshifu|Surging Strikes|p2b: Chien-Pao\n|-crit|p2b: Chien-Pao\n|-damage|p2b: Chien-Pao|28\/100\n|-crit|p2b: Chien-Pao\n|-damage|p2b: Chien-Pao|0 fnt\n|faint|p2b: Chien-Pao\n|-hitcount|p2: Chien-Pao|2\n|move|p2a: Arcanine|Rock Slide|p1b: Urshifu\n|-resisted|p1b: Urshifu\n|-damage|p1b: Urshifu|76\/100\n|\n|-heal|p1b: Urshifu|82\/100|[from] Grassy Terrain\n|-heal|p2a: Arcanine|63\/100|[from] Grassy Terrain\n|-sideend|p1: oRinNeGa7V1|move: Tailwind\n|upkeep\n|turn|10\n|\n|t:|1699651609\n|move|p1b: Urshifu|Surging Strikes|p2a: Arcanine\n|-supereffective|p2a: Arcanine\n|-crit|p2a: Arcanine\n|-damage|p2a: Arcanine|0 fnt\n|faint|p2a: Arcanine\n|-hitcount|p2: Arcanine|1\n|\n|win|oRinNeGa7V1\n|raw|oRinNeGa7V1's rating: 1425 &rarr; <strong>1447<\/strong><br \/>(+22 for winning)\n|raw|MogulMonke's rating: 1458 &rarr; <strong>1436<\/strong><br \/>(-22 for losing)\n|c|\u2606oRinNeGa7V1|gg\n|l|\u2606MogulMonke\n","uploadtime":1699651616,"views":17,"p1id":"orinnega7v1","p2id":"mogulmonke","formatid":"gen9vgc2023regulatione","rating":1436,"private":0,"password":""}