{"id":"gen9vgc2023regulatione-1995736143","p1":"oh we are so back","p2":"Shinoz","format":"[Gen 9] VGC 2023 Regulation E","log":"|j|\u2606oh we are so back\n|j|\u2606Shinoz\n|t:|1700598353\n|gametype|doubles\n|player|p1|oh we are so back|roxie|1394\n|player|p2|Shinoz|266|1419\n|teamsize|p1|6\n|teamsize|p2|6\n|gen|9\n|tier|[Gen 9] VGC 2023 Regulation E\n|rated|\n|rule|Species Clause: Limit one of each Pok\u00e9mon\n|rule|Item Clause: Limit one of each item\n|clearpoke\n|poke|p1|Flutter Mane, L50|\n|poke|p1|Chi-Yu, L50|\n|poke|p1|Tornadus, L50, M|\n|poke|p1|Urshifu-*, L50, F|\n|poke|p1|Iron Hands, L50|\n|poke|p1|Gholdengo, L50|\n|poke|p2|Iron Bundle, L50|\n|poke|p2|Landorus-Therian, L50, M|\n|poke|p2|Rillaboom, L50, M|\n|poke|p2|Urshifu-*, L50, M|\n|poke|p2|Heatran, L50, F|\n|poke|p2|Iron Hands, L50|\n|teampreview|4\nShinoz has agreed to open team sheets.\n|\n|t:|1700598402\n|start\n|switch|p1a: Flutter Mane|Flutter Mane, L50|100\/100\n|switch|p1b: Tornadus|Tornadus, L50, M|100\/100\n|switch|p2a: Urshifu|Urshifu, L50, M|100\/100\n|switch|p2b: Iron Hands|Iron Hands, L50, shiny|100\/100\n|-enditem|p1a: Flutter Mane|Booster Energy\n|-activate|p1a: Flutter Mane|ability: Protosynthesis|[fromitem]\n|-start|p1a: Flutter Mane|protosynthesisspe\n|turn|1\n|\n|t:|1700598443\n|switch|p2a: Heatran|Heatran, L50, F, shiny|100\/100\n|-terastallize|p1a: Flutter Mane|Water\n|-terastallize|p2b: Iron Hands|Water\n|move|p1b: Tornadus|Tailwind|p1b: Tornadus\n|-sidestart|p1: oh we are so back|move: Tailwind\n|move|p1a: Flutter Mane|Moonblast|p2a: Heatran\n|-resisted|p2a: Heatran\n|-damage|p2a: Heatran|90\/100\n|move|p2b: Iron Hands|Heavy Slam|p1a: Flutter Mane\n|-resisted|p1a: Flutter Mane\n|-damage|p1a: Flutter Mane|59\/100\n|\n|-heal|p2a: Heatran|96\/100|[from] item: Leftovers\n|upkeep\n|turn|2\n|\n|t:|1700598469\n|switch|p1b: Iron Hands|Iron Hands, L50|100\/100\n|move|p1a: Flutter Mane|Shadow Ball|p2a: Heatran\n|-damage|p2a: Heatran|60\/100\n|move|p2a: Heatran|Magma Storm|p1b: Iron Hands\n|-damage|p1b: Iron Hands|70\/100\n|-activate|p1b: Iron Hands|move: Magma Storm|[of] p2a: Heatran\n|move|p2b: Iron Hands|Wild Charge|p1a: Flutter Mane\n|-supereffective|p1a: Flutter Mane\n|-damage|p1a: Flutter Mane|0 fnt\n|faint|p1a: Flutter Mane\n|-end|p1a: Flutter Mane|Protosynthesis|[silent]\n|-damage|p2b: Iron Hands|91\/100|[from] Recoil\n|\n|-heal|p2a: Heatran|66\/100|[from] item: Leftovers\n|-damage|p1b: Iron Hands|58\/100|[from] move: Magma Storm|[partiallytrapped]\n|upkeep\n|\n|t:|1700598476\n|switch|p1a: Chi-Yu|Chi-Yu, L50|100\/100\n|-ability|p1a: Chi-Yu|Beads of Ruin\n|turn|3\n|\n|t:|1700598500\n|move|p2a: Heatran|Protect|p2a: Heatran\n|-singleturn|p2a: Heatran|Protect\n|move|p1b: Iron Hands|Fake Out|p2b: Iron Hands\n|-damage|p2b: Iron Hands|80\/100\n|move|p1a: Chi-Yu|Dark Pulse|p2a: Heatran\n|-activate|p2a: Heatran|move: Protect\n|cant|p2b: Iron Hands|flinch\n|\n|-heal|p2a: Heatran|72\/100|[from] item: Leftovers\n|-damage|p1b: Iron Hands|46\/100|[from] move: Magma Storm|[partiallytrapped]\n|upkeep\n|turn|4\n|\n|t:|1700598523\n|switch|p1a: Tornadus|Tornadus, L50, M|100\/100\n|switch|p2a: Landorus|Landorus-Therian, L50, M|100\/100\n|-ability|p2a: Landorus|Intimidate|boost\n|-unboost|p1a: Tornadus|atk|1\n|-unboost|p1b: Iron Hands|atk|1\n|move|p1b: Iron Hands|Drain Punch|p2a: Landorus\n|-resisted|p2a: Landorus\n|-damage|p2a: Landorus|85\/100\n|-heal|p1b: Iron Hands|52\/100|[from] drain|[of] p2a: Landorus\n|move|p2b: Iron Hands|Drain Punch|p1a: Tornadus\n|-resisted|p1a: Tornadus\n|-damage|p1a: Tornadus|74\/100\n|-heal|p2b: Iron Hands|90\/100|[from] drain|[of] p1a: Tornadus\n|\n|-end|p1b: Iron Hands|Magma Storm|[partiallytrapped]|[silent]\n|-sideend|p1: oh we are so back|move: Tailwind\n|upkeep\n|turn|5\n|\n|t:|1700598558\n|move|p1a: Tornadus|Tailwind|p1a: Tornadus\n|-sidestart|p1: oh we are so back|move: Tailwind\n|move|p2a: Landorus|Stomping Tantrum|p1b: Iron Hands\n|-supereffective|p1b: Iron Hands\n|-crit|p1b: Iron Hands\n|-damage|p1b: Iron Hands|0 fnt\n|faint|p1b: Iron Hands\n|-end|p1b: Iron Hands|Quark Drive|[silent]\n|move|p2b: Iron Hands|Wild Charge|p1a: Tornadus\n|-supereffective|p1a: Tornadus\n|-damage|p1a: Tornadus|0 fnt\n|faint|p1a: Tornadus\n|-damage|p2b: Iron Hands|76\/100|[from] Recoil\n|\n|upkeep\n|\n|t:|1700598561\n|switch|p1b: Chi-Yu|Chi-Yu, L50|100\/100\n|-ability|p1b: Chi-Yu|Beads of Ruin\n|turn|6\n|\n|t:|1700598570\n|move|p1b: Chi-Yu|Dark Pulse|p2a: Landorus\n|-damage|p2a: Landorus|0 fnt\n|faint|p2a: Landorus\n|move|p2b: Iron Hands|Drain Punch|p1b: Chi-Yu\n|-supereffective|p1b: Chi-Yu\n|-damage|p1b: Chi-Yu|0 fnt\n|-heal|p2b: Iron Hands|100\/100|[from] drain|[of] p1b: Chi-Yu\n|faint|p1b: Chi-Yu\n|\n|win|Shinoz\n|raw|oh we are so back's rating: 1394 &rarr; <strong>1375<\/strong><br \/>(-19 for losing)\n|raw|Shinoz's rating: 1419 &rarr; <strong>1438<\/strong><br \/>(+19 for winning)\n|l|\u2606oh we are so back\n|l|\u2606Shinoz\n|j|\u2606Shinoz\n|player|p2|Shinoz|266\n","uploadtime":1700598694,"views":1,"p1id":"ohwearesoback","p2id":"shinoz","formatid":"gen9vgc2023regulatione","rating":1375,"private":0,"password":""}