{"id":"gen9vgc2023regulatione-1991734581","p1":"pelipperislandxoo","p2":"froface99","format":"[Gen 9] VGC 2023 Regulation E","log":"|j|\u2606pelipperislandxoo\n|j|\u2606froface99\n|t:|1700108596\n|gametype|doubles\n|player|p1|pelipperislandxoo|101|1123\n|player|p2|froface99|2|1151\n|teamsize|p1|6\n|teamsize|p2|6\n|gen|9\n|tier|[Gen 9] VGC 2023 Regulation E\n|rated|\n|rule|Species Clause: Limit one of each Pok\u00e9mon\n|rule|Item Clause: Limit one of each item\n|clearpoke\n|poke|p1|Ceruledge, L50, M|\n|poke|p1|Rillaboom, L50, M|\n|poke|p1|Farigiraf, L50, M|\n|poke|p1|Clodsire, L50, F|\n|poke|p1|Urshifu-*, L50, F|\n|poke|p1|Sylveon, L50, F|\n|poke|p2|Raichu, L50, F|\n|poke|p2|Gholdengo, L50|\n|poke|p2|Roaring Moon, L50|\n|poke|p2|Arcanine-Hisui, L50, F|\n|poke|p2|Mamoswine, L50, F|\n|poke|p2|Urshifu-*, L50, M|\n|teampreview|4\n|inactive|Battle timer is ON: inactive players will automatically lose when time's up. (requested by pelipperislandxoo)\nfroface99 rejected open team sheets.\n|\n|t:|1700108622\n|start\n|switch|p1a: Farigiraf|Farigiraf, L50, M, shiny|100\/100\n|switch|p1b: Ceruledge|Ceruledge, L50, M|100\/100\n|switch|p2a: Roaring Moon|Roaring Moon, L50|100\/100\n|switch|p2b: Mamoswine|Mamoswine, L50, F|100\/100\n|-enditem|p2a: Roaring Moon|Booster Energy\n|-activate|p2a: Roaring Moon|ability: Protosynthesis|[fromitem]\n|-start|p2a: Roaring Moon|protosynthesisatk\n|turn|1\n|inactive|pelipperislandxoo has 30 seconds left.\n|inactive|froface99 has 30 seconds left.\n|\n|t:|1700108648\n|-terastallize|p1a: Farigiraf|Fairy\n|move|p2b: Mamoswine|High Horsepower|p1b: Ceruledge\n|-supereffective|p1b: Ceruledge\n|-damage|p1b: Ceruledge|0 fnt\n|faint|p1b: Ceruledge\n|move|p2a: Roaring Moon|Knock Off|p1a: Farigiraf\n|-resisted|p1a: Farigiraf\n|-damage|p1a: Farigiraf|64\/100\n|-enditem|p1a: Farigiraf|Safety Goggles|[from] move: Knock Off|[of] p2a: Roaring Moon\n|move|p1a: Farigiraf|Dazzling Gleam|p2b: Mamoswine|[spread] p2a,p2b\n|-supereffective|p2a: Roaring Moon\n|-damage|p2a: Roaring Moon|1\/100\n|-damage|p2b: Mamoswine|60\/100\n|\n|upkeep\n|\n|t:|1700108662\n|switch|p1b: Urshifu|Urshifu, L50, F|100\/100\n|turn|2\n|\n|t:|1700108673\n|move|p1b: Urshifu|Sucker Punch||[still]\n|-fail|p1b: Urshifu\n|move|p2b: Mamoswine|High Horsepower|p1b: Urshifu\n|-damage|p1b: Urshifu|52\/100\n|move|p2a: Roaring Moon|Tailwind|p2a: Roaring Moon\n|-sidestart|p2: froface99|move: Tailwind\n|move|p1a: Farigiraf|Dazzling Gleam|p2a: Roaring Moon|[spread] p2a,p2b\n|-supereffective|p2a: Roaring Moon\n|-damage|p2a: Roaring Moon|0 fnt\n|-damage|p2b: Mamoswine|25\/100\n|faint|p2a: Roaring Moon\n|-end|p2a: Roaring Moon|Protosynthesis|[silent]\n|\n|upkeep\n|\n|t:|1700108685\n|switch|p2a: Gholdengo|Gholdengo, L50|100\/100\n|turn|3\n|\n|t:|1700108704\n|-terastallize|p2a: Gholdengo|Steel\n|move|p1b: Urshifu|Detect|p1b: Urshifu\n|-singleturn|p1b: Urshifu|Protect\n|move|p2b: Mamoswine|High Horsepower|p1b: Urshifu\n|-activate|p1b: Urshifu|move: Protect\n|move|p2a: Gholdengo|Nasty Plot|p2a: Gholdengo\n|-boost|p2a: Gholdengo|spa|2\n|move|p1a: Farigiraf|Trick Room|p1a: Farigiraf\n|-fieldstart|move: Trick Room|[of] p1a: Farigiraf\n|\n|upkeep\n|turn|4\n|inactive|pelipperislandxoo has 30 seconds left.\n|\n|t:|1700108731\n|move|p2a: Gholdengo|Protect|p2a: Gholdengo\n|-singleturn|p2a: Gholdengo|Protect\n|move|p1a: Farigiraf|Dazzling Gleam|p2a: Gholdengo|[spread] p2b\n|-activate|p2a: Gholdengo|move: Protect\n|-crit|p2b: Mamoswine\n|-damage|p2b: Mamoswine|0 fnt\n|faint|p2b: Mamoswine\n|move|p1b: Urshifu|Wicked Blow|p2a: Gholdengo\n|-crit|p2a: Gholdengo\n|-damage|p2a: Gholdengo|47\/100\n|\n|upkeep\n|\n|t:|1700108740\n|switch|p2b: Arcanine|Arcanine-Hisui, L50, F|100\/100\n|-ability|p2b: Arcanine|Intimidate|boost\n|-unboost|p1a: Farigiraf|atk|1\n|-unboost|p1b: Urshifu|atk|1\n|turn|5\n|inactive|pelipperislandxoo has 30 seconds left.\n|\n|t:|1700108774\n|move|p1a: Farigiraf|Skill Swap|p2b: Arcanine\n|-activate|p1a: Farigiraf|move: Skill Swap|Intimidate|Sap Sipper|[of] p2b: Arcanine\n|-ability|p1a: Farigiraf|Intimidate|boost\n|-unboost|p2a: Gholdengo|atk|1\n|-unboost|p2b: Arcanine|atk|1\n|move|p1b: Urshifu|Wicked Blow|p2a: Gholdengo\n|-crit|p2a: Gholdengo\n|-damage|p2a: Gholdengo|0 fnt\n|faint|p2a: Gholdengo\n|move|p2b: Arcanine|Flare Blitz|p1a: Farigiraf\n|-damage|p1a: Farigiraf|4\/100\n|-damage|p2b: Arcanine|76\/100|[from] Recoil\n|\n|-sideend|p2: froface99|move: Tailwind\n|upkeep\n|turn|6\n|\n|t:|1700108789\n|move|p1a: Farigiraf|Dazzling Gleam|p2b: Arcanine\n|-resisted|p2b: Arcanine\n|-damage|p2b: Arcanine|55\/100\n|move|p1b: Urshifu|Wicked Blow|p2b: Arcanine\n|-crit|p2b: Arcanine\n|-damage|p2b: Arcanine|0 fnt\n|faint|p2b: Arcanine\n|\n|win|pelipperislandxoo\n|raw|pelipperislandxoo's rating: 1123 &rarr; <strong>1150<\/strong><br \/>(+27 for winning)\n|raw|froface99's rating: 1151 &rarr; <strong>1124<\/strong><br \/>(-27 for losing)\n|l|\u2606froface99\n","uploadtime":1700108797,"views":18,"p1id":"pelipperislandxoo","p2id":"froface99","formatid":"gen9vgc2023regulatione","rating":1124,"private":0,"password":""}