{"id":"gen9vgc2023regulatione-1990307837","p1":"j1m13o","p2":"tpw989","format":"[Gen 9] VGC 2023 Regulation E","log":"|j|\u2606j1m13o\n|j|\u2606tpw989\n|t:|1699954351\n|gametype|doubles\n|player|p1|j1m13o|1|1000\n|player|p2|tpw989|blackbelt|1010\n|teamsize|p1|6\n|teamsize|p2|6\n|gen|9\n|tier|[Gen 9] VGC 2023 Regulation E\n|rated|\n|rule|Species Clause: Limit one of each Pok\u00e9mon\n|rule|Item Clause: Limit one of each item\n|clearpoke\n|poke|p1|Ursaluna-Bloodmoon, L50, M|\n|poke|p1|Glastrier, L50|\n|poke|p1|Dusclops, L50, M|\n|poke|p1|Clefable, L50, F|\n|poke|p1|Tauros-Paldea-Blaze, L50, M|\n|poke|p1|Lucario, L50, M|\n|poke|p2|Oricorio-Pom-Pom, L50, F|\n|poke|p2|Volcarona, L50, F|\n|poke|p2|Ninetales-Alola, L50, M|\n|poke|p2|Kommo-o, L50, F|\n|poke|p2|Quaquaval, L50, F|\n|poke|p2|Lilligant, L50, F|\n|teampreview|4\n|\n|t:|1699954399\n|start\n|switch|p1a: Mr. Hands|Dusclops, L50, M|100\/100\n|switch|p1b: Clefable|Clefable, L50, F|100\/100\n|switch|p2a: Oricorio|Oricorio-Pom-Pom, L50, F|100\/100\n|switch|p2b: Lilligant|Lilligant, L50, F|100\/100\n|-item|p2a: Oricorio|Leftovers|[from] ability: Frisk|[of] p1a: Mr. Hands|[identify]\n|-item|p2b: Lilligant|Focus Sash|[from] ability: Frisk|[of] p1a: Mr. Hands|[identify]\n|turn|1\n|\n|t:|1699954428\n|move|p2b: Lilligant|Sleep Powder|p1a: Mr. Hands\n|-status|p1a: Mr. Hands|slp|[from] move: Sleep Powder\n|move|p2a: Oricorio|Revelation Dance|p1a: Mr. Hands\n|-damage|p1a: Mr. Hands|81\/100 slp\n|move|p1b: Clefable|Dazzling Gleam|p2a: Oricorio|[spread] p2a,p2b\n|-damage|p2a: Oricorio|74\/100\n|-damage|p2b: Lilligant|72\/100\n|cant|p1a: Mr. Hands|slp\n|\n|-heal|p2a: Oricorio|80\/100|[from] item: Leftovers\n|upkeep\n|turn|2\n|\n|t:|1699954455\n|move|p1b: Clefable|Follow Me|p1b: Clefable\n|-singleturn|p1b: Clefable|move: Follow Me\n|move|p2b: Lilligant|Petal Dance|p1b: Clefable\n|-damage|p1b: Clefable|62\/100\n|-enditem|p1b: Clefable|Eject Button\n|-activate|p2a: Oricorio|ability: Dancer\n|move|p2a: Oricorio|Petal Dance|p1b: Clefable|[from]ability: Dancer\n|-damage|p1b: Clefable|38\/100\n|inactive|Battle timer is ON: inactive players will automatically lose when time's up. (requested by j1m13o)\n|\n|t:|1699954469\n|switch|p1b: Ursaluna|Ursaluna-Bloodmoon, L50, M|100\/100\n|move|p2a: Oricorio|Revelation Dance|p1a: Mr. Hands\n|-damage|p1a: Mr. Hands|63\/100 slp\n|-curestatus|p1a: Mr. Hands|slp|[msg]\n|move|p1a: Mr. Hands|Trick Room|p1a: Mr. Hands\n|-fieldstart|move: Trick Room|[of] p1a: Mr. Hands\n|\n|-heal|p2a: Oricorio|87\/100|[from] item: Leftovers\n|upkeep\n|turn|3\n|\n|t:|1699954491\n|-terastallize|p1b: Ursaluna|Normal\n|move|p1a: Mr. Hands|Helping Hand|p1b: Ursaluna\n|-singleturn|p1b: Ursaluna|Helping Hand|[of] p1a: Mr. Hands\n|move|p2a: Oricorio|Protect|p2a: Oricorio\n|-singleturn|p2a: Oricorio|Protect\n|move|p1b: Ursaluna|Hyper Voice|p2b: Lilligant|[spread] p2b\n|-activate|p2a: Oricorio|move: Protect\n|-enditem|p1b: Ursaluna|Normal Gem|[from] gem\n|-damage|p2b: Lilligant|0 fnt\n|faint|p2b: Lilligant\n|\n|-heal|p2a: Oricorio|93\/100|[from] item: Leftovers\n|upkeep\n|\n|t:|1699954506\n|switch|p2b: Kommo-o|Kommo-o, L50, F|100\/100\n|turn|4\n|\n|t:|1699954522\n|move|p1a: Mr. Hands|Helping Hand|p1b: Ursaluna\n|-singleturn|p1b: Ursaluna|Helping Hand|[of] p1a: Mr. Hands\n|move|p2b: Kommo-o|Protect|p2b: Kommo-o\n|-singleturn|p2b: Kommo-o|Protect\n|move|p1b: Ursaluna|Blood Moon|p2b: Kommo-o\n|-activate|p2b: Kommo-o|move: Protect\n|move|p2a: Oricorio|Revelation Dance|p1a: Mr. Hands\n|-damage|p1a: Mr. Hands|42\/100\n|\n|-heal|p2a: Oricorio|99\/100|[from] item: Leftovers\n|upkeep\n|turn|5\n|\n|t:|1699954539\n|move|p1a: Mr. Hands|Helping Hand|p1b: Ursaluna\n|-singleturn|p1b: Ursaluna|Helping Hand|[of] p1a: Mr. Hands\n|move|p2a: Oricorio|Protect|p2a: Oricorio\n|-singleturn|p2a: Oricorio|Protect\n|move|p1b: Ursaluna|Hyper Voice|p2b: Kommo-o|[spread] p2b\n|-activate|p2a: Oricorio|move: Protect\n|-damage|p2b: Kommo-o|24\/100\n|move|p2b: Kommo-o|Clangorous Soul||[still]\n|-fail|p2b: Kommo-o\n|\n|-heal|p2a: Oricorio|100\/100|[from] item: Leftovers\n|upkeep\n|turn|6\n|\n|t:|1699954559\n|move|p1a: Mr. Hands|Helping Hand|p1b: Ursaluna\n|-singleturn|p1b: Ursaluna|Helping Hand|[of] p1a: Mr. Hands\n|move|p1b: Ursaluna|Hyper Voice|p2b: Kommo-o|[spread] p2a,p2b\n|-damage|p2a: Oricorio|0 fnt\n|-damage|p2b: Kommo-o|0 fnt\n|faint|p2a: Oricorio\n|faint|p2b: Kommo-o\n|\n|-fieldend|move: Trick Room\n|upkeep\n|\n|t:|1699954572\n|switch|p2b: Quaquaval|Quaquaval, L50, F|100\/100\n|turn|7\n|\n|t:|1699954584\n|move|p1b: Ursaluna|Protect|p1b: Ursaluna\n|-singleturn|p1b: Ursaluna|Protect\n|move|p2b: Quaquaval|Knock Off|p1a: Mr. Hands\n|-supereffective|p1a: Mr. Hands\n|-damage|p1a: Mr. Hands|0 fnt\n|-enditem|p1a: Mr. Hands|Eviolite|[from] move: Knock Off|[of] p2b: Quaquaval\n|faint|p1a: Mr. Hands\n|-ability|p2b: Quaquaval|Moxie|boost\n|-boost|p2b: Quaquaval|atk|1\n|\n|upkeep\n|\n|t:|1699954594\n|switch|p1a: Clefable|Clefable, L50, F|38\/100\n|turn|8\n|\n|t:|1699954605\n|move|p1a: Clefable|Follow Me|p1a: Clefable\n|-singleturn|p1a: Clefable|move: Follow Me\n|move|p2b: Quaquaval|Aqua Step|p1a: Clefable\n|-damage|p1a: Clefable|0 fnt\n|-boost|p2b: Quaquaval|spe|1\n|faint|p1a: Clefable\n|-ability|p2b: Quaquaval|Moxie|boost\n|-boost|p2b: Quaquaval|atk|1\n|move|p1b: Ursaluna|Hyper Voice|p2b: Quaquaval\n|-damage|p2b: Quaquaval|0 fnt\n|faint|p2b: Quaquaval\n|\n|win|j1m13o\n|raw|j1m13o's rating: 1000 &rarr; <strong>1041<\/strong><br \/>(+41 for winning)\n|raw|tpw989's rating: 1010 &rarr; <strong>1000<\/strong><br \/>(-10 for losing)\n","uploadtime":1699954617,"views":24,"p1id":"j1m13o","p2id":"tpw989","formatid":"gen9vgc2023regulatione","rating":1000,"private":0,"password":""}