{"id":"gen9vgc2023regulatione-1993097035","p1":"Daniel1018","p2":"SquidBox","format":"[Gen 9] VGC 2023 Regulation E","log":"|j|\u2606Daniel1018\n|j|\u2606SquidBox\n|t:|1700264388\n|gametype|doubles\n|player|p1|Daniel1018|volo-ginkgo|\n|player|p2|SquidBox|unknown|\n|teamsize|p1|6\n|teamsize|p2|6\n|gen|9\n|tier|[Gen 9] VGC 2023 Regulation E\n|rule|Species Clause: Limit one of each Pok\u00e9mon\n|rule|Item Clause: Limit one of each item\n|clearpoke\n|poke|p1|Cresselia, L50, F|\n|poke|p1|Ursaluna-Bloodmoon, L50, M|\n|poke|p1|Iron Hands, L50|\n|poke|p1|Rabsca, L50, M|\n|poke|p1|Sylveon, L50, F|\n|poke|p1|Crawdaunt, L50, M|\n|poke|p2|Ogerpon-Hearthflame, L50, F|\n|poke|p2|Flutter Mane, L50|\n|poke|p2|Vulpix, L50, M|\n|poke|p2|Walking Wake, L50|\n|poke|p2|Qwilfish-Hisui, L50, F|\n|poke|p2|Uxie, L50|\n|teampreview|4\n|inactive|Battle timer is ON: inactive players will automatically lose when time's up. (requested by Daniel1018)\nDaniel1018 rejected open team sheets.\n|inactive|Daniel1018 has 60 seconds left.\n|inactive|SquidBox has 60 seconds left.\n|inactive|SquidBox has 30 seconds left.\n|\n|t:|1700264456\n|start\n|switch|p1a: Atermis|Cresselia, L50, F, shiny|100\/100\n|switch|p1b: Zeus|Iron Hands, L50|100\/100\n|switch|p2a: Flutter Mane|Flutter Mane, L50|100\/100\n|switch|p2b: Qwilfish|Qwilfish-Hisui, L50, F|100\/100\n|-ability|p2b: Qwilfish|Intimidate|boost\n|-unboost|p1a: Atermis|atk|1\n|-unboost|p1b: Zeus|atk|1\n|turn|1\n|inactive|Daniel1018 has 30 seconds left.\n|\n|t:|1700264483\n|move|p2b: Qwilfish|Protect|p2b: Qwilfish\n|-singleturn|p2b: Qwilfish|Protect\n|move|p1b: Zeus|Fake Out|p2b: Qwilfish\n|-activate|p2b: Qwilfish|move: Protect\n|move|p2a: Flutter Mane|Imprison|p2a: Flutter Mane\n|-start|p2a: Flutter Mane|move: Imprison\n|cant|p1a: Atermis|move: Imprison|Trick Room\n|\n|upkeep\n|turn|2\n|\n|t:|1700264505\n|move|p1a: Atermis|Ally Switch|p1a: Atermis\n|swap|p1a: Atermis|1|[from] move: Ally Switch\n|move|p2a: Flutter Mane|Moonblast|p1b: Atermis\n|-damage|p1b: Atermis|71\/100\n|move|p2b: Qwilfish|Acupressure|p2a: Flutter Mane\n|-boost|p2a: Flutter Mane|spa|2\n|move|p1a: Zeus|Heavy Slam|p2a: Flutter Mane\n|-supereffective|p2a: Flutter Mane\n|-enditem|p2a: Flutter Mane|Focus Sash\n|-damage|p2a: Flutter Mane|1\/100\n|\n|upkeep\n|turn|3\n|inactive|Daniel1018 has 30 seconds left.\n|\n|t:|1700264536\n|move|p2a: Flutter Mane|Shadow Ball|p1a: Zeus\n|-damage|p1a: Zeus|40\/100\n|move|p2b: Qwilfish|Barb Barrage|p1b: Atermis\n|-damage|p1b: Atermis|55\/100\n|move|p1b: Atermis|Dazzling Gleam|p2a: Flutter Mane|[spread] p2a,p2b\n|-damage|p2a: Flutter Mane|0 fnt\n|-damage|p2b: Qwilfish|92\/100\n|faint|p2a: Flutter Mane\n|-end|p2a: Flutter Mane|Protosynthesis|[silent]\n|move|p1a: Zeus|Wild Charge|p2b: Qwilfish\n|-damage|p2b: Qwilfish|63\/100\n|-damage|p1a: Zeus|35\/100|[from] Recoil\n|\n|upkeep\n|\n|t:|1700264547\n|switch|p2a: Ogerpon|Ogerpon-Hearthflame, L50, F|100\/100\n|-ability|p2a: Ogerpon|Mold Breaker\n|turn|4\n|inactive|Daniel1018 has 30 seconds left.\n|\n|t:|1700264573\n|switch|p2b: Uxie|Uxie, L50|100\/100\n|move|p2a: Ogerpon|Taunt|p1b: Atermis\n|-start|p1b: Atermis|move: Taunt\n|-enditem|p1b: Atermis|Mental Herb\n|-end|p1b: Atermis|move: Taunt\n|move|p1a: Zeus|Drain Punch|p2a: Ogerpon\n|-damage|p2a: Ogerpon|61\/100\n|-heal|p1a: Zeus|47\/100|[from] drain|[of] p2a: Ogerpon\n|move|p1b: Atermis|Trick Room|p1b: Atermis\n|-fieldstart|move: Trick Room|[of] p1b: Atermis\n|\n|upkeep\n|turn|5\n|inactive|Daniel1018 has 30 seconds left.\n|inactive|SquidBox has 30 seconds left.\n|\n|t:|1700264607\n|switch|p2a: Qwilfish|Qwilfish-Hisui, L50, F|63\/100\n|-ability|p2a: Qwilfish|Intimidate|boost\n|-unboost|p1a: Zeus|atk|1\n|-unboost|p1b: Atermis|atk|1\n|move|p1a: Zeus|Heavy Slam|p2b: Uxie\n|-damage|p2b: Uxie|81\/100\n|move|p1b: Atermis|Lunar Blessing|p1b: Atermis|[spread] p1a,p1b\n|-heal|p1a: Zeus|72\/100\n|-heal|p1b: Atermis|80\/100\n|move|p2b: Uxie|Psychic|p1a: Zeus\n|-supereffective|p1a: Zeus\n|-damage|p1a: Zeus|39\/100\n|\n|upkeep\n|turn|6\n|\n|t:|1700264629\n|-end|p1a: Zeus|Quark Drive|[silent]\n|switch|p1a: Mor'du|Ursaluna-Bloodmoon, L50, M|100\/100\n|move|p1b: Atermis|Lunar Blessing|p1b: Atermis|[spread] p1a,p1b\n|-heal|p1b: Atermis|100\/100\n|move|p2a: Qwilfish|Acupressure|p2b: Uxie\n|-boost|p2b: Uxie|spe|2\n|move|p2b: Uxie|Reflect|p2b: Uxie\n|-sidestart|p2: SquidBox|Reflect\n|\n|upkeep\n|turn|7\n|\n|t:|1700264650\n|move|p2a: Qwilfish|Protect|p2a: Qwilfish\n|-singleturn|p2a: Qwilfish|Protect\n|move|p1a: Mor'du|Blood Moon|p2b: Uxie\n|-damage|p2b: Uxie|16\/100\n|-damage|p1a: Mor'du|90\/100|[from] item: Life Orb\n|move|p1b: Atermis|Dazzling Gleam|p2a: Qwilfish|[spread] p2b\n|-activate|p2a: Qwilfish|move: Protect\n|-damage|p2b: Uxie|7\/100\n|move|p2b: Uxie|Light Screen|p2b: Uxie\n|-sidestart|p2: SquidBox|move: Light Screen\n|\n|upkeep\n|turn|8\n|\n|t:|1700264674\n|move|p2b: Uxie|Ally Switch|p2b: Uxie\n|swap|p2b: Uxie|0|[from] move: Ally Switch\n|move|p1a: Mor'du|Earth Power|p2a: Uxie\n|-immune|p2a: Uxie|[from] ability: Levitate\n|move|p1b: Atermis|Dazzling Gleam|p2a: Uxie|[spread] p2a,p2b\n|-crit|p2a: Uxie\n|-damage|p2a: Uxie|0 fnt\n|-damage|p2b: Qwilfish|57\/100\n|faint|p2a: Uxie\n|move|p2b: Qwilfish|Crunch|p1b: Atermis\n|-supereffective|p1b: Atermis\n|-damage|p1b: Atermis|58\/100\n|\n|-fieldend|move: Trick Room\n|upkeep\n|\n|t:|1700264685\n|switch|p2a: Ogerpon|Ogerpon-Hearthflame, L50, F|61\/100\n|-ability|p2a: Ogerpon|Mold Breaker\n|turn|9\n|\n|t:|1700264709\n|-terastallize|p2a: Ogerpon|Fire\n|detailschange|p2a: Ogerpon|Ogerpon-Hearthflame-Tera, L50, F, tera:Fire\n|-ability|p2a: Ogerpon|Embody Aspect (Hearthflame)|boost\n|-boost|p2a: Ogerpon|atk|1\n|-terastallize|p1a: Mor'du|Normal\n|move|p1b: Atermis|Ally Switch|p1b: Atermis\n|swap|p1b: Atermis|0|[from] move: Ally Switch\n|move|p2a: Ogerpon|Horn Leech|p1a: Atermis\n|-damage|p1a: Atermis|9\/100\n|-heal|p2a: Ogerpon|97\/100|[from] drain|[of] p1a: Atermis\n|move|p2b: Qwilfish|Crunch|p1b: Mor'du\n|-damage|p1b: Mor'du|70\/100\n|move|p1b: Mor'du|Blood Moon|p2a: Ogerpon\n|-damage|p2a: Ogerpon|0 fnt\n|faint|p2a: Ogerpon\n|-damage|p1b: Mor'du|60\/100|[from] item: Life Orb\n|\n|upkeep\n|turn|10\n|inactive|Daniel1018 has 30 seconds left.\n|\n|t:|1700264736\n|move|p2b: Qwilfish|Crunch|p1a: Atermis\n|-supereffective|p1a: Atermis\n|-damage|p1a: Atermis|0 fnt\n|faint|p1a: Atermis\n|move|p1b: Mor'du|Earth Power|p2b: Qwilfish\n|-supereffective|p2b: Qwilfish\n|-damage|p2b: Qwilfish|0 fnt\n|faint|p2b: Qwilfish\n|-damage|p1b: Mor'du|50\/100|[from] item: Life Orb\n|\n|win|Daniel1018\n","uploadtime":1700264747,"views":21,"p1id":"daniel1018","p2id":"squidbox","formatid":"gen9vgc2023regulatione","rating":0,"private":0,"password":""}