{"id":"gen9vgc2023regulatione-1993716415","p1":"CrushRing","p2":"Steve9998","format":"[Gen 9] VGC 2023 Regulation E","log":"|j|\u2606CrushRing\n|j|\u2606Steve9998\n|t:|1700348860\n|gametype|doubles\n|player|p1|CrushRing|karen|1228\n|player|p2|Steve9998|266|1129\n|teamsize|p1|6\n|teamsize|p2|6\n|gen|9\n|tier|[Gen 9] VGC 2023 Regulation E\n|rated|\n|rule|Species Clause: Limit one of each Pok\u00e9mon\n|rule|Item Clause: Limit one of each item\n|clearpoke\n|poke|p1|Arcanine-Hisui, L50, M|\n|poke|p1|Rillaboom, L50, M|\n|poke|p1|Garchomp, L50, M|\n|poke|p1|Milotic, L50, F|\n|poke|p1|Spectrier, L50|\n|poke|p1|Mienshao, L50, F|\n|poke|p2|Urshifu-*, L50, F|\n|poke|p2|Iron Hands, L50|\n|poke|p2|Chien-Pao, L50|\n|poke|p2|Tornadus, L50, M|\n|poke|p2|Gholdengo, L50|\n|poke|p2|Arcanine-Hisui, L50, F|\n|teampreview|4\n|inactive|Battle timer is ON: inactive players will automatically lose when time's up. (requested by CrushRing)\n|c|\u2606CrushRing|glhf\n|inactive|Steve9998 has 60 seconds left.\n|\n|t:|1700348913\n|start\n|switch|p1a: Mienshao|Mienshao, L50, F|100\/100\n|switch|p1b: Arcanine|Arcanine-Hisui, L50, M|100\/100\n|switch|p2a: Tornadus|Tornadus, L50, M|100\/100\n|switch|p2b: Arcanine|Arcanine-Hisui, L50, F, shiny|100\/100\n|-ability|p2b: Arcanine|Intimidate|boost\n|-fail|p1a: Mienshao|unboost|Attack|[from] ability: Inner Focus|[of] p1a: Mienshao\n|-unboost|p1b: Arcanine|atk|1\n|turn|1\n|inactive|CrushRing has 30 seconds left.\n|\n|t:|1700348945\n|-terastallize|p2b: Arcanine|Fairy\n|move|p2a: Tornadus|Rain Dance|p2a: Tornadus\n|-weather|RainDance\n|move|p1a: Mienshao|Close Combat|p2b: Arcanine\n|-resisted|p2b: Arcanine\n|-damage|p2b: Arcanine|67\/100\n|-unboost|p1a: Mienshao|def|1\n|-unboost|p1a: Mienshao|spd|1\n|move|p1b: Arcanine|Head Smash|p2a: Tornadus\n|-supereffective|p2a: Tornadus\n|-damage|p2a: Tornadus|0 fnt\n|faint|p2a: Tornadus\n|-damage|p1b: Arcanine|91\/100|[from] item: Life Orb\n|move|p2b: Arcanine|Rock Slide|p1b: Arcanine|[spread] p1a\n|-miss|p2b: Arcanine|p1b: Arcanine\n|-resisted|p1a: Mienshao\n|-damage|p1a: Mienshao|39\/100\n|\n|-weather|RainDance|[upkeep]\n|upkeep\n|\n|t:|1700348968\n|switch|p2a: Iron Hands|Iron Hands, L50, shiny|100\/100\n|turn|2\n|\n|t:|1700348982\n|move|p1a: Mienshao|Protect|p1a: Mienshao\n|-singleturn|p1a: Mienshao|Protect\n|move|p1b: Arcanine|Protect|p1b: Arcanine\n|-singleturn|p1b: Arcanine|Protect\n|move|p2a: Iron Hands|Fake Out|p1b: Arcanine\n|-activate|p1b: Arcanine|move: Protect\n|move|p2b: Arcanine|Rock Slide|p1a: Mienshao|[spread] \n|-activate|p1a: Mienshao|move: Protect\n|-activate|p1b: Arcanine|move: Protect\n|\n|-weather|RainDance|[upkeep]\n|upkeep\n|turn|3\n|inactive|CrushRing has 30 seconds left.\n|\n|t:|1700349013\n|switch|p1b: Rillaboom|Rillaboom, L50, M|100\/100\n|-fieldstart|move: Grassy Terrain|[from] ability: Grassy Surge|[of] p1b: Rillaboom\n|move|p1a: Mienshao|Knock Off|p2b: Arcanine\n|-resisted|p2b: Arcanine\n|-damage|p2b: Arcanine|48\/100\n|-enditem|p2b: Arcanine|Choice Band|[from] move: Knock Off|[of] p1a: Mienshao\n|move|p2b: Arcanine|Rock Slide|p1a: Mienshao|[spread] p1a,p1b\n|-resisted|p1a: Mienshao\n|-damage|p1a: Mienshao|0 fnt\n|-damage|p1b: Rillaboom|74\/100\n|faint|p1a: Mienshao\n|move|p2a: Iron Hands|Drain Punch|p1b: Rillaboom\n|-damage|p1b: Rillaboom|39\/100\n|\n|-weather|RainDance|[upkeep]\n|-heal|p2b: Arcanine|54\/100|[from] Grassy Terrain\n|-heal|p1b: Rillaboom|45\/100|[from] Grassy Terrain\n|upkeep\n|\n|t:|1700349031\n|switch|p1a: Garchomp|Garchomp, L50, M|100\/100\n|turn|4\n|inactive|Steve9998 has 30 seconds left.\n|\n|t:|1700349059\n|switch|p2b: Chien-Pao|Chien-Pao, L50|100\/100\n|-ability|p2b: Chien-Pao|Sword of Ruin\n|move|p1b: Rillaboom|Fake Out|p2b: Chien-Pao\n|-damage|p2b: Chien-Pao|81\/100\n|move|p1a: Garchomp|Stomping Tantrum|p2b: Chien-Pao\n|-damage|p2b: Chien-Pao|32\/100\n|move|p2a: Iron Hands|Drain Punch|p1b: Rillaboom\n|-damage|p1b: Rillaboom|0 fnt\n|faint|p1b: Rillaboom\n|\n|-weather|RainDance|[upkeep]\n|-heal|p2b: Chien-Pao|38\/100|[from] Grassy Terrain\n|upkeep\n|\n|t:|1700349069\n|switch|p1b: Arcanine|Arcanine-Hisui, L50, M|91\/100\n|turn|5\n|\n|t:|1700349084\n|-end|p2a: Iron Hands|Quark Drive|[silent]\n|switch|p2a: Arcanine|Arcanine-Hisui, L50, F, shiny, tera:Fairy|54\/100\n|-ability|p2a: Arcanine|Intimidate|boost\n|-fail|p1a: Garchomp|unboost|[from] item: Clear Amulet|[of] p1a: Garchomp\n|-unboost|p1b: Arcanine|atk|1\n|-terastallize|p1b: Arcanine|Normal\n|move|p1b: Arcanine|Extreme Speed|p2b: Chien-Pao\n|-damage|p2b: Chien-Pao|0 fnt\n|faint|p2b: Chien-Pao\n|-damage|p1b: Arcanine|81\/100|[from] item: Life Orb\n|move|p1a: Garchomp|Swords Dance|p1a: Garchomp\n|-boost|p1a: Garchomp|atk|2\n|\n|-weather|none\n|-heal|p1b: Arcanine|86\/100|[from] Grassy Terrain\n|-heal|p2a: Arcanine|60\/100|[from] Grassy Terrain\n|upkeep\n|\n|t:|1700349099\n|switch|p2b: Iron Hands|Iron Hands, L50, shiny|100\/100\n|turn|6\n|\n|t:|1700349107\n|move|p1a: Garchomp|Protect|p1a: Garchomp\n|-singleturn|p1a: Garchomp|Protect\n|move|p1b: Arcanine|Protect|p1b: Arcanine\n|-singleturn|p1b: Arcanine|Protect\n|move|p2b: Iron Hands|Fake Out|p1a: Garchomp\n|-activate|p1a: Garchomp|move: Protect\n|move|p2a: Arcanine|Tera Blast|p1a: Garchomp|[anim] Tera Blast Fairy\n|-activate|p1a: Garchomp|move: Protect\n|\n|-heal|p1b: Arcanine|92\/100|[from] Grassy Terrain\n|-heal|p2a: Arcanine|66\/100|[from] Grassy Terrain\n|upkeep\n|turn|7\n|\n|t:|1700349126\n|move|p1b: Arcanine|Extreme Speed|p2a: Arcanine\n|-damage|p2a: Arcanine|23\/100\n|-damage|p1b: Arcanine|82\/100|[from] item: Life Orb\n|move|p1a: Garchomp|Stomping Tantrum|p2a: Arcanine\n|-damage|p2a: Arcanine|0 fnt\n|faint|p2a: Arcanine\n|move|p2b: Iron Hands|Drain Punch|p1b: Arcanine\n|-supereffective|p1b: Arcanine\n|-damage|p1b: Arcanine|0 fnt\n|faint|p1b: Arcanine\n|\n|-fieldend|move: Grassy Terrain\n|upkeep\n|turn|8\n|\n|t:|1700349142\n|move|p1a: Garchomp|Stomping Tantrum|p2b: Iron Hands\n|-supereffective|p2b: Iron Hands\n|-damage|p2b: Iron Hands|0 fnt\n|faint|p2b: Iron Hands\n|-end|p2b: Iron Hands|Quark Drive|[silent]\n|\n|win|CrushRing\n|raw|CrushRing's rating: 1228 &rarr; <strong>1246<\/strong><br \/>(+18 for winning)\n|raw|Steve9998's rating: 1129 &rarr; <strong>1111<\/strong><br \/>(-18 for losing)\n|c|\u2606CrushRing|gg\n","uploadtime":1700349147,"views":10,"p1id":"crushring","p2id":"steve9998","formatid":"gen9vgc2023regulatione","rating":1111,"private":0,"password":""}