{"id":"gen9vgc2023regulatione-2000649947","p1":"nextbangermyliege","p2":"Chaotic Raos","format":"[Gen 9] VGC 2023 Regulation E","log":"|j|\u2606nextbangermyliege\n|j|\u2606Chaotic Raos\n|t:|1701214531\n|gametype|doubles\n|player|p1|nextbangermyliege|teamrocket|1260\n|player|p2|Chaotic Raos|169|1360\n|teamsize|p1|6\n|teamsize|p2|6\n|gen|9\n|tier|[Gen 9] VGC 2023 Regulation E\n|rated|\n|rule|Species Clause: Limit one of each Pok\u00e9mon\n|rule|Item Clause: Limit one of each item\n|clearpoke\n|poke|p1|Landorus-Therian, L50, M|\n|poke|p1|Tornadus, L50, M|\n|poke|p1|Rillaboom, L50, F|\n|poke|p1|Chien-Pao, L50|\n|poke|p1|Urshifu-*, L50, M|\n|poke|p1|Ogerpon-Hearthflame, L50, F|\n|poke|p2|Ninetales-Alola, L50, F|\n|poke|p2|Baxcalibur, L50, M|\n|poke|p2|Sableye, L50, M|\n|poke|p2|Ogerpon-Wellspring, L50, F|\n|poke|p2|Volcarona, L50, M|\n|poke|p2|Landorus-Therian, L50, M|\n|teampreview|4\n|\n|t:|1701214553\n|start\n|switch|p1a: Chien-Pao|Chien-Pao, L50|100\/100\n|switch|p1b: Urshifu|Urshifu-Rapid-Strike, L50, M|100\/100\n|switch|p2a: Sableye|Sableye, L50, M|100\/100\n|switch|p2b: Volcarona|Volcarona, L50, M|100\/100\n|-ability|p1a: Chien-Pao|Sword of Ruin\n|turn|1\n|\n|t:|1701214570\n|move|p2a: Sableye|Will-O-Wisp|p1b: Urshifu\n|-status|p1b: Urshifu|brn\n|move|p1a: Chien-Pao|Crunch|p2a: Sableye\n|-damage|p2a: Sableye|23\/100\n|move|p1b: Urshifu|Surging Strikes|p2b: Volcarona\n|-supereffective|p2b: Volcarona\n|-crit|p2b: Volcarona\n|-damage|p2b: Volcarona|69\/100\n|-supereffective|p2b: Volcarona\n|-crit|p2b: Volcarona\n|-damage|p2b: Volcarona|37\/100\n|-supereffective|p2b: Volcarona\n|-crit|p2b: Volcarona\n|-damage|p2b: Volcarona|7\/100\n|-hitcount|p2b: Volcarona|3\n|move|p2b: Volcarona|String Shot|p1b: Urshifu|[spread] p1a,p1b\n|-unboost|p1a: Chien-Pao|spe|2\n|-unboost|p1b: Urshifu|spe|2\n|\n|-heal|p2b: Volcarona|13\/100|[from] item: Leftovers\n|-damage|p1b: Urshifu|94\/100 brn|[from] brn\n|upkeep\n|turn|2\n|\n|t:|1701214598\n|switch|p2a: Ninetales|Ninetales-Alola, L50, F|100\/100\n|-weather|Snow|[from] ability: Snow Warning|[of] p2a: Ninetales\n|move|p1b: Urshifu|Aqua Jet|p2b: Volcarona\n|-supereffective|p2b: Volcarona\n|-damage|p2b: Volcarona|0 fnt\n|faint|p2b: Volcarona\n|move|p1a: Chien-Pao|Crunch|p2a: Ninetales\n|-resisted|p2a: Ninetales\n|-damage|p2a: Ninetales|72\/100\n|\n|-weather|Snow|[upkeep]\n|-damage|p1b: Urshifu|88\/100 brn|[from] brn\n|upkeep\n|\n|t:|1701214609\n|switch|p2b: Baxcalibur|Baxcalibur, L50, M|100\/100\n|turn|3\n|\n|t:|1701214625\n|switch|p1a: Landorus|Landorus-Therian, L50, M|100\/100\n|-ability|p1a: Landorus|Intimidate|boost\n|-unboost|p2a: Ninetales|atk|1\n|-unboost|p2b: Baxcalibur|atk|1\n|move|p2a: Ninetales|Aurora Veil|p2a: Ninetales\n|-sidestart|p2: Chaotic Raos|move: Aurora Veil\n|move|p2b: Baxcalibur|Swords Dance|p2b: Baxcalibur\n|-boost|p2b: Baxcalibur|atk|2\n|move|p1b: Urshifu|Close Combat|p2b: Baxcalibur\n|-supereffective|p2b: Baxcalibur\n|-damage|p2b: Baxcalibur|68\/100\n|-unboost|p1b: Urshifu|def|1\n|-unboost|p1b: Urshifu|spd|1\n|\n|-weather|Snow|[upkeep]\n|-damage|p1b: Urshifu|82\/100 brn|[from] brn\n|upkeep\n|turn|4\n|\n|t:|1701214648\n|switch|p1a: Chien-Pao|Chien-Pao, L50|100\/100\n|-ability|p1a: Chien-Pao|Sword of Ruin\n|move|p2a: Ninetales|Moonblast|p1b: Urshifu\n|-supereffective|p1b: Urshifu\n|-damage|p1b: Urshifu|0 fnt\n|faint|p1b: Urshifu\n|move|p2b: Baxcalibur|Scale Shot|p1a: Chien-Pao\n|-damage|p1a: Chien-Pao|80\/100\n|-damage|p1a: Chien-Pao|61\/100\n|-damage|p1a: Chien-Pao|42\/100\n|-damage|p1a: Chien-Pao|22\/100\n|-hitcount|p1a: Chien-Pao|4\n|-unboost|p2b: Baxcalibur|def|1\n|-boost|p2b: Baxcalibur|spe|1\n|\n|-weather|Snow|[upkeep]\n|upkeep\n|\n|t:|1701214656\n|switch|p1b: Landorus|Landorus-Therian, L50, M|100\/100\n|-ability|p1b: Landorus|Intimidate|boost\n|-unboost|p2a: Ninetales|atk|1\n|-unboost|p2b: Baxcalibur|atk|1\n|turn|5\n|\n|t:|1701214681\n|move|p2b: Baxcalibur|Ice Shard|p1a: Chien-Pao\n|-resisted|p1a: Chien-Pao\n|-damage|p1a: Chien-Pao|11\/100\n|move|p1b: Landorus|Rock Slide|p2b: Baxcalibur|[spread] p2a,p2b\n|-supereffective|p2a: Ninetales\n|-supereffective|p2b: Baxcalibur\n|-damage|p2a: Ninetales|33\/100\n|-damage|p2b: Baxcalibur|30\/100\n|move|p1a: Chien-Pao|Crunch|p2b: Baxcalibur\n|-damage|p2b: Baxcalibur|0 fnt\n|faint|p2b: Baxcalibur\n|move|p2a: Ninetales|Blizzard|p1a: Chien-Pao|[spread] p1a,p1b\n|-resisted|p1a: Chien-Pao\n|-supereffective|p1b: Landorus\n|-damage|p1a: Chien-Pao|0 fnt\n|-damage|p1b: Landorus|0 fnt\n|faint|p1a: Chien-Pao\n|faint|p1b: Landorus\n|\n|-weather|Snow|[upkeep]\n|upkeep\n|\n|t:|1701214695\n|switch|p1a: Tornadus|Tornadus, L50, M|100\/100\n|switch|p2b: Sableye|Sableye, L50, M|23\/100\n|turn|6\n|\n|t:|1701214705\n|-terastallize|p1a: Tornadus|Ghost\n|move|p2b: Sableye|Fake Out|p1a: Tornadus\n|-immune|p1a: Tornadus\n|move|p2a: Ninetales|Blizzard|p1a: Tornadus\n|-damage|p1a: Tornadus|48\/100\n|-enditem|p1a: Tornadus|Sitrus Berry|[eat]\n|-heal|p1a: Tornadus|73\/100|[from] item: Sitrus Berry\n|move|p1a: Tornadus|Bleakwind Storm|p2b: Sableye|[spread] p2a,p2b\n|-damage|p2a: Ninetales|7\/100\n|-damage|p2b: Sableye|0 fnt\n|faint|p2b: Sableye\n|\n|-weather|none\n|upkeep\n|turn|7\n|\n|t:|1701214716\n|move|p2a: Ninetales|Moonblast|p1a: Tornadus\n|-damage|p1a: Tornadus|31\/100\n|-unboost|p1a: Tornadus|spa|1\n|move|p1a: Tornadus|Bleakwind Storm|p2a: Ninetales\n|-damage|p2a: Ninetales|0 fnt\n|faint|p2a: Ninetales\n|\n|win|nextbangermyliege\n|raw|nextbangermyliege's rating: 1260 &rarr; <strong>1292<\/strong><br \/>(+32 for winning)\n|raw|Chaotic Raos's rating: 1360 &rarr; <strong>1334<\/strong><br \/>(-26 for losing)\n","uploadtime":1701214733,"views":10,"p1id":"nextbangermyliege","p2id":"chaoticraos","formatid":"gen9vgc2023regulatione","rating":1292,"private":0,"password":""}