{"id":"gen9vgc2023regulatione-1996693662","p1":"BrookPardo","p2":"Mr.X&Y97","format":"[Gen 9] VGC 2023 Regulation E","log":"|j|\u2606BrookPardo\n|j|\u2606Mr.X&Y97\n|t:|1700710592\n|gametype|doubles\n|player|p1|BrookPardo|marlon|1300\n|player|p2|Mr.X&Y97|ingo|1247\n|teamsize|p1|6\n|teamsize|p2|6\n|gen|9\n|tier|[Gen 9] VGC 2023 Regulation E\n|rated|\n|rule|Species Clause: Limit one of each Pok\u00e9mon\n|rule|Item Clause: Limit one of each item\n|clearpoke\n|poke|p1|Flutter Mane, L50|\n|poke|p1|Ogerpon-Wellspring, L50, F|\n|poke|p1|Iron Hands, L50|\n|poke|p1|Chi-Yu, L50|\n|poke|p1|Grimmsnarl, L50, M|\n|poke|p1|Heatran, L50, M|\n|poke|p2|Ogerpon-Wellspring, L50, F|\n|poke|p2|Conkeldurr, L50, M|\n|poke|p2|Munkidori, L50, M|\n|poke|p2|Landorus-Therian, L50, M|\n|poke|p2|Tornadus, L50, M|\n|poke|p2|Gholdengo, L50|\n|teampreview|4\n|inactive|Battle timer is ON: inactive players will automatically lose when time's up. (requested by Mr.X&Y97)\nMr.X&Y97 rejected open team sheets.\n|\n|t:|1700710616\n|start\n|switch|p1a: Iron Hands|Iron Hands, L50|100\/100\n|switch|p1b: Grimmsnarl|Grimmsnarl, L50, M, shiny|100\/100\n|switch|p2a: Conkeldurr|Conkeldurr, L50, M, shiny|100\/100\n|switch|p2b: Tornadus|Tornadus, L50, M|100\/100\n|turn|1\n|\n|t:|1700710634\n|move|p1a: Iron Hands|Fake Out|p2a: Conkeldurr\n|-damage|p2a: Conkeldurr|85\/100\n|move|p2b: Tornadus|Tailwind|p2b: Tornadus\n|-sidestart|p2: Mr.X&Y97|move: Tailwind\n|move|p1b: Grimmsnarl|Reflect|p1b: Grimmsnarl\n|-sidestart|p1: BrookPardo|Reflect\n|cant|p2a: Conkeldurr|flinch\n|\n|-status|p2a: Conkeldurr|brn|[from] item: Flame Orb\n|upkeep\n|turn|2\n|inactive|BrookPardo has 30 seconds left.\n|\n|t:|1700710661\n|move|p2b: Tornadus|Bleakwind Storm|p1b: Grimmsnarl|[spread] p1a\n|-miss|p2b: Tornadus|p1b: Grimmsnarl\n|-damage|p1a: Iron Hands|80\/100\n|move|p2a: Conkeldurr|Drain Punch|p1b: Grimmsnarl\n|-damage|p1b: Grimmsnarl|58\/100\n|-heal|p2a: Conkeldurr|100\/100 brn|[from] drain|[of] p1b: Grimmsnarl\n|move|p1b: Grimmsnarl|Spirit Break|p2a: Conkeldurr\n|-supereffective|p2a: Conkeldurr\n|-damage|p2a: Conkeldurr|39\/100 brn\n|-unboost|p2a: Conkeldurr|spa|1\n|move|p1a: Iron Hands|Wild Charge|p2b: Tornadus\n|-supereffective|p2b: Tornadus\n|-damage|p2b: Tornadus|0 fnt\n|faint|p2b: Tornadus\n|-damage|p1a: Iron Hands|64\/100|[from] Recoil\n|\n|-damage|p2a: Conkeldurr|33\/100 brn|[from] brn\n|upkeep\n|\n|t:|1700710675\n|switch|p2b: Gholdengo|Gholdengo, L50|100\/100\n|turn|3\n|inactive|BrookPardo has 30 seconds left.\n|inactive|BrookPardo has 20 seconds left.\n|inactive|BrookPardo has 15 seconds left.\n|\n|t:|1700710718\n|move|p1b: Grimmsnarl|Reflect||[still]\n|-fail|p1b: Grimmsnarl\n|move|p2b: Gholdengo|Make It Rain|p1a: Iron Hands|[spread] p1a,p1b\n|-resisted|p1a: Iron Hands\n|-crit|p1a: Iron Hands\n|-supereffective|p1b: Grimmsnarl\n|-crit|p1b: Grimmsnarl\n|-damage|p1a: Iron Hands|40\/100\n|-damage|p1b: Grimmsnarl|0 fnt\n|-unboost|p2b: Gholdengo|spa|1\n|faint|p1b: Grimmsnarl\n|move|p2a: Conkeldurr|Drain Punch|p1a: Iron Hands\n|-damage|p1a: Iron Hands|12\/100\n|-heal|p2a: Conkeldurr|50\/100 brn|[from] drain|[of] p1a: Iron Hands\n|move|p1a: Iron Hands|Drain Punch|p2a: Conkeldurr\n|-damage|p2a: Conkeldurr|9\/100 brn\n|-heal|p1a: Iron Hands|30\/100|[from] drain|[of] p2a: Conkeldurr\n|\n|-damage|p2a: Conkeldurr|3\/100 brn|[from] brn\n|upkeep\n|c|\u2606BrookPardo|missclicked\n|\n|t:|1700710738\n|switch|p1b: Flutter Mane|Flutter Mane, L50, shiny|100\/100\n|turn|4\n|\n|t:|1700710745\n|-end|p1a: Iron Hands|Quark Drive|[silent]\n|switch|p1a: Chi-Yu|Chi-Yu, L50|100\/100\n|-ability|p1a: Chi-Yu|Beads of Ruin\n|-terastallize|p2b: Gholdengo|Steel\n|move|p2b: Gholdengo|Make It Rain|p1a: Chi-Yu|[spread] p1a,p1b\n|-resisted|p1a: Chi-Yu\n|-supereffective|p1b: Flutter Mane\n|-damage|p1a: Chi-Yu|71\/100\n|-enditem|p1b: Flutter Mane|Focus Sash\n|-damage|p1b: Flutter Mane|1\/100\n|-unboost|p2b: Gholdengo|spa|1\n|move|p1b: Flutter Mane|Shadow Ball|p2b: Gholdengo\n|-damage|p2b: Gholdengo|46\/100\n|-unboost|p2b: Gholdengo|spd|1\n|move|p2a: Conkeldurr|Drain Punch|p1a: Chi-Yu\n|-supereffective|p1a: Chi-Yu\n|-damage|p1a: Chi-Yu|0 fnt\n|-heal|p2a: Conkeldurr|26\/100 brn|[from] drain|[of] p1a: Chi-Yu\n|faint|p1a: Chi-Yu\n|\n|-damage|p2a: Conkeldurr|20\/100 brn|[from] brn\n|-sideend|p2: Mr.X&Y97|move: Tailwind\n|upkeep\n|\n|t:|1700710768\n|switch|p1a: Iron Hands|Iron Hands, L50|30\/100\n|turn|5\n|\n|t:|1700710791\n|move|p2a: Conkeldurr|Protect|p2a: Conkeldurr\n|-singleturn|p2a: Conkeldurr|Protect\n|move|p1a: Iron Hands|Fake Out|p2b: Gholdengo\n|-resisted|p2b: Gholdengo\n|-damage|p2b: Gholdengo|39\/100\n|move|p1b: Flutter Mane|Dazzling Gleam|p2b: Gholdengo|[spread] p2b\n|-activate|p2a: Conkeldurr|move: Protect\n|-resisted|p2b: Gholdengo\n|-damage|p2b: Gholdengo|16\/100\n|cant|p2b: Gholdengo|flinch\n|\n|-damage|p2a: Conkeldurr|14\/100 brn|[from] brn\n|-sideend|p1: BrookPardo|Reflect\n|upkeep\n|turn|6\n|\n|t:|1700710812\n|move|p2a: Conkeldurr|Mach Punch|p1a: Iron Hands\n|-damage|p1a: Iron Hands|3\/100\n|move|p1b: Flutter Mane|Dazzling Gleam|p2a: Conkeldurr|[spread] p2a,p2b\n|-supereffective|p2a: Conkeldurr\n|-resisted|p2b: Gholdengo\n|-damage|p2a: Conkeldurr|0 fnt\n|-damage|p2b: Gholdengo|0 fnt\n|faint|p2a: Conkeldurr\n|faint|p2b: Gholdengo\n|move|p1a: Iron Hands|Drain Punch|p2: Conkeldurr|[notarget]\n|-fail|p1a: Iron Hands\n|\n|upkeep\n|\n|t:|1700710816\n|switch|p2a: Landorus|Landorus-Therian, L50, M|100\/100\n|-ability|p2a: Landorus|Intimidate|boost\n|-unboost|p1a: Iron Hands|atk|1\n|-unboost|p1b: Flutter Mane|atk|1\n|turn|7\n|\n|t:|1700710837\n|-terastallize|p1a: Iron Hands|Grass\n|move|p2a: Landorus|Rock Slide|p1b: Flutter Mane|[spread] p1a,p1b\n|-damage|p1a: Iron Hands|0 fnt\n|-damage|p1b: Flutter Mane|0 fnt\n|faint|p1a: Iron Hands\n|-end|p1a: Iron Hands|Quark Drive|[silent]\n|faint|p1b: Flutter Mane\n|-end|p1b: Flutter Mane|Protosynthesis|[silent]\n|\n|win|Mr.X&Y97\n|raw|BrookPardo's rating: 1300 &rarr; <strong>1271<\/strong><br \/>(-29 for losing)\n|raw|Mr.X&amp;Y97's rating: 1247 &rarr; <strong>1276<\/strong><br \/>(+29 for winning)\n|l|\u2606BrookPardo\n","uploadtime":1700710844,"views":3,"p1id":"brookpardo","p2id":"mrxy97","formatid":"gen9vgc2023regulatione","rating":1271,"private":0,"password":""}