{"id":"gen9vgc2023regulatione-1992328212","p1":"stuboiiiii","p2":"Squirtle Soldier","format":"[Gen 9] VGC 2023 Regulation E","log":"|j|\u2606stuboiiiii\n|j|\u2606Squirtle Soldier\n|t:|1700175164\n|gametype|doubles\n|player|p1|stuboiiiii|169|1194\n|player|p2|Squirtle Soldier|1|1262\n|teamsize|p1|6\n|teamsize|p2|4\n|gen|9\n|tier|[Gen 9] VGC 2023 Regulation E\n|rated|\n|rule|Species Clause: Limit one of each Pok\u00e9mon\n|rule|Item Clause: Limit one of each item\n|clearpoke\n|poke|p1|Palafin, L50, M|\n|poke|p1|Urshifu-*, L50, F|\n|poke|p1|Pelipper, L50, M|\n|poke|p1|Thundurus-Therian, L50, M|\n|poke|p1|Tornadus, L50, M|\n|poke|p1|Iron Hands, L50|\n|poke|p2|Iron Hands, L50|\n|poke|p2|Sinistcha, L50|\n|poke|p2|Arcanine-Hisui, L50, F|\n|poke|p2|Lumineon, L50, M|\n|teampreview|4\n|inactive|Battle timer is ON: inactive players will automatically lose when time's up. (requested by Squirtle Soldier)\n|\n|t:|1700175178\n|start\n|switch|p1a: Thundurus|Thundurus-Therian, L50, M, shiny|100\/100\n|switch|p1b: Tornadus|Tornadus, L50, M|100\/100\n|switch|p2a: Iron Hands|Iron Hands, L50|100\/100\n|switch|p2b: Arcanine|Arcanine-Hisui, L50, F|100\/100\n|-ability|p2b: Arcanine|Intimidate|boost\n|-unboost|p1a: Thundurus|atk|1\n|-unboost|p1b: Tornadus|atk|1\n|turn|1\n|\n|t:|1700175194\n|switch|p1a: Pelipper|Pelipper, L50, M, shiny|100\/100\n|-weather|RainDance|[from] ability: Drizzle|[of] p1a: Pelipper\n|move|p1b: Tornadus|Protect|p1b: Tornadus\n|-singleturn|p1b: Tornadus|Protect\n|move|p2a: Iron Hands|Fake Out|p1a: Pelipper\n|-damage|p1a: Pelipper|80\/100\n|move|p2b: Arcanine|Rock Slide|p1b: Tornadus|[spread] p1a\n|-activate|p1b: Tornadus|move: Protect\n|-supereffective|p1a: Pelipper\n|-damage|p1a: Pelipper|3\/100\n|\n|-weather|RainDance|[upkeep]\n|upkeep\n|turn|2\n|\n|t:|1700175210\n|move|p2b: Arcanine|Extreme Speed|p1a: Pelipper\n|-damage|p1a: Pelipper|0 fnt\n|faint|p1a: Pelipper\n|move|p1b: Tornadus|Tailwind|p1b: Tornadus\n|-sidestart|p1: stuboiiiii|move: Tailwind\n|move|p2a: Iron Hands|Wild Charge|p1b: Tornadus\n|-supereffective|p1b: Tornadus\n|-damage|p1b: Tornadus|0 fnt\n|faint|p1b: Tornadus\n|-damage|p2a: Iron Hands|80\/100|[from] Recoil\n|\n|-weather|RainDance|[upkeep]\n|upkeep\n|\n|t:|1700175214\n|switch|p1b: Thundurus|Thundurus-Therian, L50, M, shiny|100\/100\n|switch|p1a: Urshifu|Urshifu, L50, F|100\/100\n|turn|3\n|\n|t:|1700175231\n|-terastallize|p1a: Urshifu|Fairy\n|move|p1b: Thundurus|Weather Ball|p2b: Arcanine\n|-supereffective|p2b: Arcanine\n|-damage|p2b: Arcanine|0 fnt\n|faint|p2b: Arcanine\n|move|p1a: Urshifu|Swords Dance|p1a: Urshifu\n|-boost|p1a: Urshifu|atk|2\n|move|p2a: Iron Hands|Drain Punch|p1a: Urshifu\n|-resisted|p1a: Urshifu\n|-damage|p1a: Urshifu|79\/100\n|-heal|p2a: Iron Hands|89\/100|[from] drain|[of] p1a: Urshifu\n|\n|-weather|RainDance|[upkeep]\n|upkeep\n|\n|t:|1700175243\n|switch|p2b: Lumineon|Lumineon, L50, M|100\/100\n|turn|4\n|\n|t:|1700175261\n|move|p1b: Thundurus|Weather Ball|p2b: Lumineon\n|-activate|p2b: Lumineon|ability: Storm Drain\n|-ability|p2b: Lumineon|Storm Drain|boost\n|-boost|p2b: Lumineon|spa|1\n|move|p1a: Urshifu|Wicked Blow|p2b: Lumineon\n|-crit|p2b: Lumineon\n|-enditem|p2b: Lumineon|Focus Sash\n|-damage|p2b: Lumineon|1\/100\n|move|p2b: Lumineon|Encore|p1a: Urshifu\n|-start|p1a: Urshifu|Encore\n|move|p2a: Iron Hands|Heavy Slam|p1a: Urshifu\n|-supereffective|p1a: Urshifu\n|-damage|p1a: Urshifu|23\/100\n|\n|-weather|RainDance|[upkeep]\n|upkeep\n|turn|5\n|\n|t:|1700175282\n|move|p1b: Thundurus|Weather Ball|p2b: Lumineon\n|-activate|p2b: Lumineon|ability: Storm Drain\n|-ability|p2b: Lumineon|Storm Drain|boost\n|-boost|p2b: Lumineon|spa|1\n|move|p1a: Urshifu|Wicked Blow|p2b: Lumineon\n|-crit|p2b: Lumineon\n|-damage|p2b: Lumineon|0 fnt\n|faint|p2b: Lumineon\n|move|p2a: Iron Hands|Heavy Slam|p1a: Urshifu\n|-supereffective|p1a: Urshifu\n|-damage|p1a: Urshifu|0 fnt\n|faint|p1a: Urshifu\n|\n|-weather|none\n|-sideend|p1: stuboiiiii|move: Tailwind\n|upkeep\n|\n|t:|1700175289\n|switch|p2b: Sinistcha|Sinistcha, L50|100\/100\n|-heal|p2a: Iron Hands|100\/100|[from] ability: Hospitality|[of] p2b: Sinistcha\n|turn|6\n|-message|stuboiiiii forfeited.\n|\n|win|Squirtle Soldier\n|raw|stuboiiiii's rating: 1194 &rarr; <strong>1174<\/strong><br \/>(-20 for losing)\n|raw|Squirtle Soldier's rating: 1262 &rarr; <strong>1282<\/strong><br \/>(+20 for winning)\n|l|\u2606stuboiiiii\n","uploadtime":1700175301,"views":9,"p1id":"stuboiiiii","p2id":"squirtlesoldier","formatid":"gen9vgc2023regulatione","rating":1174,"private":0,"password":""}