{"id":"gen9vgc2023regulatione-1990227766","p1":"NovaSirius","p2":"matthewssandslash","format":"[Gen 9] VGC 2023 Regulation E","log":"|j|\u2606NovaSirius\n|j|\u2606matthewssandslash\n|t:|1699940634\n|gametype|doubles\n|player|p1|NovaSirius|101|\n|player|p2|matthewssandslash|1|\n|teamsize|p1|6\n|teamsize|p2|6\n|gen|9\n|tier|[Gen 9] VGC 2023 Regulation E\n|rule|Species Clause: Limit one of each Pok\u00e9mon\n|rule|Item Clause: Limit one of each item\n|clearpoke\n|poke|p1|Gurdurr, L50, M|\n|poke|p1|Vivillon-Monsoon, L50, M|\n|poke|p1|Uxie, L50|\n|poke|p1|Barraskewda, L50, F|\n|poke|p1|Luxray, L50, M|\n|poke|p1|Ludicolo, L50, F|\n|poke|p2|Sliggoo-Hisui, L50, F|\n|poke|p2|Ribombee, L50, F|\n|poke|p2|Lycanroc-Midnight, L50, F|\n|poke|p2|Dudunsparce-*, L50, M|\n|poke|p2|Mabosstiff, L50, F|\n|poke|p2|Toxicroak, L50, F|\n|teampreview|4\n|j| J4ce\n|c|\u2606matthewssandslash|my b, yeah, thought it was bo3\n|\n|t:|1699940727\n|start\n|switch|p1a: Uxie|Uxie, L50|100\/100\n|switch|p1b: Gurdurr|Gurdurr, L50, M|100\/100\n|switch|p2a: Tasmania|Toxicroak, L50, F|100\/100\n|switch|p2b: Western A|Lycanroc-Midnight, L50, F|100\/100\n|turn|1\n|\n|t:|1699940764\n|switch|p2b: Queensland|Ribombee, L50, F|100\/100\n|move|p2a: Tasmania|Dark Pulse|p1a: Uxie\n|-supereffective|p1a: Uxie\n|-crit|p1a: Uxie\n|-damage|p1a: Uxie|35\/100\n|-damage|p2a: Tasmania|91\/100|[from] item: Life Orb\n|move|p1a: Uxie|Rain Dance|p1a: Uxie\n|-weather|RainDance\n|move|p1b: Gurdurr|Drain Punch|p2b: Queensland\n|-resisted|p2b: Queensland\n|-damage|p2b: Queensland|80\/100\n|\n|-weather|RainDance|[upkeep]\n|-heal|p2a: Tasmania|100\/100|[from] ability: Dry Skin\n|upkeep\n|turn|2\n|\n|t:|1699940805\n|move|p1b: Gurdurr|Protect|p1b: Gurdurr\n|-singleturn|p1b: Gurdurr|Protect\n|move|p2b: Queensland|Moonblast|p1b: Gurdurr\n|-activate|p1b: Gurdurr|move: Protect\n|move|p2a: Tasmania|Dark Pulse|p1a: Uxie\n|-supereffective|p1a: Uxie\n|-damage|p1a: Uxie|0 fnt\n|faint|p1a: Uxie\n|-damage|p2a: Tasmania|91\/100|[from] item: Life Orb\n|\n|-weather|RainDance|[upkeep]\n|-heal|p2a: Tasmania|100\/100|[from] ability: Dry Skin\n|upkeep\n|\n|t:|1699940823\n|switch|p1a: Barraskewda|Barraskewda, L50, F|100\/100\n|turn|3\n|\n|t:|1699940843\n|switch|p2a: Victoria|Sliggoo-Hisui, L50, F|100\/100\n|move|p1a: Barraskewda|Drill Run|p2a: Victoria\n|-supereffective|p2a: Victoria\n|-damage|p2a: Victoria|46\/100\n|move|p2b: Queensland|Moonblast|p1b: Gurdurr\n|-supereffective|p1b: Gurdurr\n|-damage|p1b: Gurdurr|0 fnt\n|faint|p1b: Gurdurr\n|\n|-weather|RainDance|[upkeep]\n|upkeep\n|\n|t:|1699940850\n|switch|p1b: Ludicolo|Ludicolo, L50, F|100\/100\n|turn|4\n|c|\u2606matthewssandslash|wow!\n|\n|t:|1699940911\n|move|p1b: Ludicolo|Fake Out|p2b: Queensland\n|-damage|p2b: Queensland|66\/100\n|move|p1a: Barraskewda|Drill Run|p2a: Victoria\n|-supereffective|p2a: Victoria\n|-damage|p2a: Victoria|0 fnt\n|faint|p2a: Victoria\n|move|p2b: Queensland|Moonblast|p1a: Barraskewda\n|-damage|p1a: Barraskewda|0 fnt\n|faint|p1a: Barraskewda\n|\n|-weather|RainDance|[upkeep]\n|upkeep\n|c|\u2606matthewssandslash|!!\n|c|\u2606matthewssandslash|shield dust\n|\n|t:|1699940923\n|switch|p2a: Tasmania|Toxicroak, L50, F|100\/100\n|turn|5\n|c|\u2606matthewssandslash|unless that was one heck of a read\n|c|\u2606NovaSirius|nope just\n|c|\u2606NovaSirius|forgot shield dust.\n|\n|t:|1699940948\n|-terastallize|p1b: Ludicolo|Water\n|move|p1b: Ludicolo|Surf|p2a: Tasmania|[spread] p2b\n|-immune|p2a: Tasmania|[from] ability: Dry Skin\n|-damage|p2b: Queensland|0 fnt\n|faint|p2b: Queensland\n|move|p2a: Tasmania|Sludge Bomb|p1b: Ludicolo\n|-damage|p1b: Ludicolo|60\/100\n|-status|p1b: Ludicolo|psn\n|-damage|p2a: Tasmania|91\/100|[from] item: Life Orb\n|\n|-weather|none\n|-damage|p1b: Ludicolo|48\/100 psn|[from] psn\n|upkeep\n|\n|t:|1699940959\n|switch|p2b: Western A|Lycanroc-Midnight, L50, F|100\/100\n|turn|6\n|\n|t:|1699940967\n|-terastallize|p2b: Western A|Electric\n|move|p2b: Western A|Thunder Punch|p1b: Ludicolo\n|-supereffective|p1b: Ludicolo\n|-damage|p1b: Ludicolo|0 fnt\n|faint|p1b: Ludicolo\n|\n|win|matthewssandslash\n|c|\u2606matthewssandslash|gg!\n|c|\u2606NovaSirius|gg!\n|c|\u2606matthewssandslash|g3??\n|l| J4ce\n|l|\u2606matthewssandslash\n|j|\u2606matthewssandslash\n|player|p2|matthewssandslash|1\n","uploadtime":1699940977,"views":24,"p1id":"novasirius","p2id":"matthewssandslash","formatid":"gen9vgc2023regulatione","rating":0,"private":0,"password":""}