{"id":"gen9vgc2023regulatione-1988485566","p1":"MonstaMeatball","p2":"That_Leek","format":"[Gen 9] VGC 2023 Regulation E","log":"|j|\u2606MonstaMeatball\n|j|\u2606That_Leek\n|t:|1699728027\n|gametype|doubles\n|player|p1|MonstaMeatball|169|1345\n|player|p2|That_Leek|blue|1447\n|teamsize|p1|6\n|teamsize|p2|6\n|gen|9\n|tier|[Gen 9] VGC 2023 Regulation E\n|rated|\n|rule|Species Clause: Limit one of each Pok\u00e9mon\n|rule|Item Clause: Limit one of each item\n|clearpoke\n|poke|p1|Urshifu-*, L50, M|\n|poke|p1|Tornadus, L50, M|\n|poke|p1|Regidrago, L50|\n|poke|p1|Rillaboom, L50, M|\n|poke|p1|Arcanine-Hisui, L50, F|\n|poke|p1|Gholdengo, L50|\n|poke|p2|Dondozo, L50, M|\n|poke|p2|Tatsugiri, L50, F|\n|poke|p2|Heatran, L50, F|\n|poke|p2|Sinistcha, L50|\n|poke|p2|Landorus-Therian, L50, M|\n|poke|p2|Flutter Mane, L50|\n|teampreview|4\nThat_Leek has agreed to open team sheets.\nMonstaMeatball has agreed to open team sheets.\n|inactive|Battle timer is ON: inactive players will automatically lose when time's up. (requested by MonstaMeatball)\n|\n|t:|1699728109\n|start\n|switch|p1a: Garou|Urshifu-Rapid-Strike, L50, M|100\/100\n|switch|p1b: Kyogai|Rillaboom, L50, M|100\/100\n|switch|p2a: Landorus|Landorus-Therian, L50, M|100\/100\n|switch|p2b: Heatran|Heatran, L50, F|100\/100\n|-ability|p2a: Landorus|Intimidate|boost\n|-unboost|p1a: Garou|atk|1\n|-unboost|p1b: Kyogai|atk|1\n|-fieldstart|move: Grassy Terrain|[from] ability: Grassy Surge|[of] p1b: Kyogai\n|turn|1\n|inactive|MonstaMeatball has 30 seconds left.\n|\n|t:|1699728134\n|-terastallize|p2b: Heatran|Grass\n|move|p1b: Kyogai|Fake Out|p2a: Landorus\n|-damage|p2a: Landorus|89\/100\n|move|p1a: Garou|Surging Strikes|p2a: Landorus\n|-supereffective|p2a: Landorus\n|-crit|p2a: Landorus\n|-damage|p2a: Landorus|39\/100\n|-supereffective|p2a: Landorus\n|-crit|p2a: Landorus\n|-damage|p2a: Landorus|0 fnt\n|faint|p2a: Landorus\n|-hitcount|p2: Landorus|2\n|move|p2b: Heatran|Tera Blast|p1a: Garou|[anim] Tera Blast Grass\n|-supereffective|p1a: Garou\n|-damage|p1a: Garou|0 fnt\n|faint|p1a: Garou\n|\n|upkeep\n|\n|t:|1699728156\n|switch|p1a: Fuujin|Tornadus, L50, M|100\/100\n|switch|p2a: Tatsugiri|Tatsugiri, L50, F|100\/100\n|turn|2\n|\n|t:|1699728164\n|switch|p1b: Homura|Arcanine-Hisui, L50, F|100\/100\n|-ability|p1b: Homura|Intimidate|boost\n|-unboost|p2a: Tatsugiri|atk|1\n|-unboost|p2b: Heatran|atk|1\n|move|p2a: Tatsugiri|Helping Hand|p2b: Heatran\n|-singleturn|p2b: Heatran|Helping Hand|[of] p2a: Tatsugiri\n|move|p1a: Fuujin|Bleakwind Storm|p2a: Tatsugiri|[spread] p2a,p2b\n|-supereffective|p2b: Heatran\n|-damage|p2a: Tatsugiri|60\/100\n|-damage|p2b: Heatran|64\/100\n|-unboost|p2b: Heatran|spe|1\n|move|p2b: Heatran|Heat Wave|p1b: Homura|[spread] p1a,p1b\n|-resisted|p1b: Homura\n|-damage|p1a: Fuujin|50\/100\n|-damage|p1b: Homura|84\/100\n|\n|-heal|p2a: Tatsugiri|66\/100|[from] Grassy Terrain\n|-heal|p1b: Homura|90\/100|[from] Grassy Terrain\n|-heal|p2b: Heatran|70\/100|[from] Grassy Terrain\n|upkeep\n|turn|3\n|inactive|MonstaMeatball has 30 seconds left.\n|\n|t:|1699728193\n|move|p2a: Tatsugiri|Protect|p2a: Tatsugiri\n|-singleturn|p2a: Tatsugiri|Protect\n|move|p1a: Fuujin|Bleakwind Storm|p2a: Tatsugiri|[spread] p2b\n|-activate|p2a: Tatsugiri|move: Protect\n|-supereffective|p2b: Heatran\n|-damage|p2b: Heatran|34\/100\n|move|p1b: Homura|Will-O-Wisp|p2b: Heatran\n|-start|p2b: Heatran|ability: Flash Fire\n|move|p2b: Heatran|Earth Power|p1b: Homura\n|-supereffective|p1b: Homura\n|-damage|p1b: Homura|0 fnt\n|faint|p1b: Homura\n|\n|-heal|p2a: Tatsugiri|71\/100|[from] Grassy Terrain\n|-heal|p2b: Heatran|40\/100|[from] Grassy Terrain\n|upkeep\n|\n|t:|1699728196\n|switch|p1b: Kyogai|Rillaboom, L50, M|100\/100\n|turn|4\n|inactive|That_Leek has 30 seconds left.\n|\n|t:|1699728229\n|-end|p2b: Heatran|ability: Flash Fire|[silent]\n|switch|p2b: Dondozo|Dondozo, L50, M|100\/100\n|-activate|p2a: Tatsugiri|ability: Commander|[of] p2b: Dondozo\n|-boost|p2b: Dondozo|atk|2\n|-boost|p2b: Dondozo|spa|2\n|-boost|p2b: Dondozo|spe|2\n|-boost|p2b: Dondozo|def|2\n|-boost|p2b: Dondozo|spd|2\n|-terastallize|p1b: Kyogai|Fire\n|move|p1a: Fuujin|Rain Dance|p1a: Fuujin\n|-weather|RainDance\n|move|p1b: Kyogai|Wood Hammer|p2a: Tatsugiri|[miss]\n|-miss|p1b: Kyogai|p2a: Tatsugiri\n|\n|-weather|RainDance|[upkeep]\n|-heal|p2a: Tatsugiri|77\/100|[from] Grassy Terrain\n|upkeep\n|turn|5\n|\n|t:|1699728236\n|move|p2b: Dondozo|Order Up|p1a: Fuujin\n|-damage|p1a: Fuujin|0 fnt\n|faint|p1a: Fuujin\n|-boost|p2b: Dondozo|atk|1\n|move|p1b: Kyogai|Wood Hammer|p2b: Dondozo\n|-supereffective|p2b: Dondozo\n|-damage|p2b: Dondozo|44\/100\n|-damage|p1b: Kyogai|80\/100|[from] Recoil\n|\n|-weather|RainDance|[upkeep]\n|-heal|p2b: Dondozo|50\/100|[from] Grassy Terrain\n|-heal|p2b: Dondozo|56\/100|[from] item: Leftovers\n|-heal|p2a: Tatsugiri|82\/100|[from] Grassy Terrain\n|-heal|p1b: Kyogai|86\/100|[from] Grassy Terrain\n|-fieldend|move: Grassy Terrain\n|upkeep\n|turn|6\n|\n|t:|1699728254\n|move|p2b: Dondozo|Protect|p2b: Dondozo\n|-singleturn|p2b: Dondozo|Protect\n|move|p1b: Kyogai|Wood Hammer|p2b: Dondozo\n|-activate|p2b: Dondozo|move: Protect\n|\n|-weather|RainDance|[upkeep]\n|-heal|p2b: Dondozo|62\/100|[from] item: Leftovers\n|upkeep\n|turn|7\n|\n|t:|1699728262\n|move|p2b: Dondozo|Wave Crash|p1b: Kyogai\n|-supereffective|p1b: Kyogai\n|-damage|p1b: Kyogai|0 fnt\n|faint|p1b: Kyogai\n|-damage|p2b: Dondozo|37\/100|[from] Recoil\n|\n|win|That_Leek\n|raw|MonstaMeatball's rating: 1345 &rarr; <strong>1331<\/strong><br \/>(-14 for losing)\n|raw|That_Leek's rating: 1447 &rarr; <strong>1461<\/strong><br \/>(+14 for winning)\n|l|\u2606MonstaMeatball\n|c|\u2606That_Leek|gg\n","uploadtime":1699728484,"views":13,"p1id":"monstameatball","p2id":"thatleek","formatid":"gen9vgc2023regulatione","rating":1331,"private":0,"password":""}