{"id":"gen9vgc2023regulatione-1990361697","p1":"realxqt","p2":"TobiVGC","format":"[Gen 9] VGC 2023 Regulation E","log":"|j|\u2606realxqt\n|j|\u2606TobiVGC\n|t:|1699962220\n|gametype|doubles\n|player|p1|realxqt|dragontamer|1132\n|player|p2|TobiVGC|101|1072\n|teamsize|p1|6\n|teamsize|p2|6\n|gen|9\n|tier|[Gen 9] VGC 2023 Regulation E\n|rated|\n|rule|Species Clause: Limit one of each Pok\u00e9mon\n|rule|Item Clause: Limit one of each item\n|clearpoke\n|poke|p1|Tornadus, L50, M|\n|poke|p1|Arcanine-Hisui, L50, M|\n|poke|p1|Iron Hands, L50|\n|poke|p1|Gholdengo, L50|\n|poke|p1|Urshifu-*, L50, M|\n|poke|p1|Ogerpon-Wellspring, L50, F|\n|poke|p2|Rabsca, L50, F|\n|poke|p2|Golem-Alola, L50, F|\n|poke|p2|Pawmot, L50, F|\n|poke|p2|Dragonite, L50, M|\n|poke|p2|Chien-Pao, L50|\n|poke|p2|Flutter Mane, L50|\n|teampreview|4\n|inactive|Battle timer is ON: inactive players will automatically lose when time's up. (requested by TobiVGC)\n|\n|t:|1699962244\n|start\n|switch|p1a: Arcanine|Arcanine-Hisui, L50, M|100\/100\n|switch|p1b: Urshifu|Urshifu-Rapid-Strike, L50, M|100\/100\n|switch|p2a: Pawmot|Pawmot, L50, F|100\/100\n|switch|p2b: WayTo144Jumgfrauen|Golem-Alola, L50, F, shiny|100\/100\n|-ability|p1a: Arcanine|Intimidate|boost\n|-unboost|p2a: Pawmot|atk|1\n|-unboost|p2b: WayTo144Jumgfrauen|atk|1\n|turn|1\n|inactive|realxqt has 30 seconds left.\n|inactive|realxqt has 20 seconds left.\n|inactive|realxqt has 15 seconds left.\n|\n|t:|1699962287\n|-terastallize|p2b: WayTo144Jumgfrauen|Electric\n|move|p2a: Pawmot|Fake Out|p1b: Urshifu\n|-damage|p1b: Urshifu|92\/100\n|cant|p1b: Urshifu|flinch\n|move|p1a: Arcanine|Flare Blitz|p2a: Pawmot\n|-enditem|p2a: Pawmot|Focus Sash\n|-damage|p2a: Pawmot|1\/100\n|-damage|p1a: Arcanine|75\/100|[from] Recoil\n|move|p2b: WayTo144Jumgfrauen|Explosion|p1b: Urshifu|[spread] p1a,p1b\n|-heal|p2a: Pawmot|26\/100|[from] ability: Volt Absorb|[of] p2b: WayTo144Jumgfrauen\n|-supereffective|p1b: Urshifu\n|-damage|p1a: Arcanine|0 fnt\n|-damage|p1b: Urshifu|0 fnt\n|faint|p2b: WayTo144Jumgfrauen\n|faint|p1a: Arcanine\n|faint|p1b: Urshifu\n|\n|upkeep\n|\n|t:|1699962307\n|switch|p1b: Tornadus|Tornadus, L50, M|100\/100\n|switch|p1a: Gholdengo|Gholdengo, L50|100\/100\n|switch|p2b: Chien-Pao|Chien-Pao, L50|100\/100\n|-ability|p2b: Chien-Pao|Sword of Ruin\n|turn|2\n|\n|t:|1699962326\n|move|p2b: Chien-Pao|Sucker Punch||[still]\n|-fail|p2b: Chien-Pao\n|move|p1b: Tornadus|Taunt|p2a: Pawmot\n|-start|p2a: Pawmot|move: Taunt\n|move|p2a: Pawmot|Ice Punch|p1b: Tornadus\n|-supereffective|p1b: Tornadus\n|-damage|p1b: Tornadus|48\/100\n|move|p1a: Gholdengo|Nasty Plot|p1a: Gholdengo\n|-boost|p1a: Gholdengo|spa|2\n|\n|upkeep\n|turn|3\n|inactive|realxqt has 30 seconds left.\n|\n|t:|1699962356\n|-terastallize|p1a: Gholdengo|Dragon\n|move|p2b: Chien-Pao|Sucker Punch|p1a: Gholdengo\n|-damage|p1a: Gholdengo|51\/100\n|-damage|p2b: Chien-Pao|91\/100|[from] item: Life Orb\n|move|p2a: Pawmot|Ice Punch|p1b: Tornadus\n|-supereffective|p1b: Tornadus\n|-damage|p1b: Tornadus|0 fnt\n|faint|p1b: Tornadus\n|move|p1a: Gholdengo|Make It Rain|p2a: Pawmot|[spread] p2a,p2b\n|-resisted|p2a: Pawmot\n|-supereffective|p2b: Chien-Pao\n|-damage|p2a: Pawmot|0 fnt\n|-damage|p2b: Chien-Pao|0 fnt\n|-unboost|p1a: Gholdengo|spa|1\n|faint|p2a: Pawmot\n|faint|p2b: Chien-Pao\n|\n|-heal|p1a: Gholdengo|57\/100|[from] item: Leftovers\n|upkeep\n|\n|t:|1699962367\n|switch|p2b: Dragonite|Dragonite, L50, M|100\/100\n|turn|4\n|\n|t:|1699962377\n|move|p1a: Gholdengo|Protect|p1a: Gholdengo\n|-singleturn|p1a: Gholdengo|Protect\n|move|p2b: Dragonite|Outrage|p1a: Gholdengo\n|-activate|p1a: Gholdengo|move: Protect\n|\n|-heal|p1a: Gholdengo|64\/100|[from] item: Leftovers\n|upkeep\n|turn|5\n|\n|t:|1699962394\n|move|p2b: Dragonite|Outrage|p1a: Gholdengo\n|-supereffective|p1a: Gholdengo\n|-damage|p1a: Gholdengo|0 fnt\n|faint|p1a: Gholdengo\n|\n|win|TobiVGC\n|raw|realxqt's rating: 1132 &rarr; <strong>1103<\/strong><br \/>(-29 for losing)\n|raw|TobiVGC's rating: 1072 &rarr; <strong>1106<\/strong><br \/>(+34 for winning)\n","uploadtime":1699962399,"views":12,"p1id":"realxqt","p2id":"tobivgc","formatid":"gen9vgc2023regulatione","rating":1103,"private":0,"password":""}