{"id":"gen9vgc2023regulatione-1996401532","p1":"Thehoppa117","p2":"Migi VGCC","format":"[Gen 9] VGC 2023 Regulation E","log":"|j|\u2606Thehoppa117\n|j|\u2606Migi VGCC\n|t:|1700678537\n|gametype|doubles\n|player|p1|Thehoppa117|benga|1191\n|player|p2|Migi VGCC|265|1074\n|teamsize|p1|6\n|teamsize|p2|6\n|gen|9\n|tier|[Gen 9] VGC 2023 Regulation E\n|rated|\n|rule|Species Clause: Limit one of each Pok\u00e9mon\n|rule|Item Clause: Limit one of each item\n|clearpoke\n|poke|p1|Iron Jugulis, L50|\n|poke|p1|Iron Hands, L50|\n|poke|p1|Iron Moth, L50|\n|poke|p1|Ogerpon-Hearthflame, L50, F|\n|poke|p1|Flutter Mane, L50|\n|poke|p1|Sinistcha, L50|\n|poke|p2|Tornadus, L50, M|\n|poke|p2|Landorus-Therian, L50, M|\n|poke|p2|Flutter Mane, L50|\n|poke|p2|Iron Hands, L50|\n|poke|p2|Amoonguss, L50, F|\n|poke|p2|Urshifu-*, L50, F|\n|teampreview|4\n|inactive|Battle timer is ON: inactive players will automatically lose when time's up. (requested by Thehoppa117)\n|inactive|Migi VGCC has 60 seconds left.\nThehoppa117 has agreed to open team sheets.\n|inactive|Migi VGCC has 30 seconds left.\n|inactive|Migi VGCC has 20 seconds left.\n|inactive|Migi VGCC has 15 seconds left.\n|inactive|Migi VGCC has 10 seconds left.\n|\n|t:|1700678622\n|start\n|switch|p1a: Iron Jugulis|Iron Jugulis, L50|100\/100\n|switch|p1b: Flutter Mane|Flutter Mane, L50|100\/100\n|switch|p2a: Tornadus|Tornadus, L50, M|100\/100\n|switch|p2b: Landorus|Landorus-Therian, L50, M|100\/100\n|-ability|p2b: Landorus|Intimidate|boost\n|-unboost|p1a: Iron Jugulis|atk|1\n|-unboost|p1b: Flutter Mane|atk|1\n|-enditem|p1a: Iron Jugulis|Booster Energy\n|-activate|p1a: Iron Jugulis|ability: Quark Drive|[fromitem]\n|-start|p1a: Iron Jugulis|quarkdrivespe\n|turn|1\n|inactive|Migi VGCC has 30 seconds left.\n|\n|t:|1700678651\n|move|p2a: Tornadus|Tailwind|p2a: Tornadus\n|-sidestart|p2: Migi VGCC|move: Tailwind\n|move|p1a: Iron Jugulis|Tailwind|p1a: Iron Jugulis\n|-sidestart|p1: Thehoppa117|move: Tailwind\n|move|p1b: Flutter Mane|Icy Wind|p2a: Tornadus|[spread] p2a,p2b\n|-supereffective|p2a: Tornadus\n|-supereffective|p2b: Landorus\n|-damage|p2a: Tornadus|53\/100\n|-damage|p2b: Landorus|5\/100\n|-unboost|p2a: Tornadus|spe|1\n|-unboost|p2b: Landorus|spe|1\n|-damage|p1b: Flutter Mane|90\/100|[from] item: Life Orb\n|move|p2b: Landorus|Earthquake|p1b: Flutter Mane|[spread] p1b\n|-immune|p2a: Tornadus\n|-immune|p1a: Iron Jugulis\n|-damage|p1b: Flutter Mane|0 fnt\n|faint|p1b: Flutter Mane\n|-end|p1b: Flutter Mane|Protosynthesis|[silent]\n|\n|upkeep\n|inactive|Thehoppa117 has 30 seconds left.\n|\n|t:|1700678679\n|switch|p1b: Iron Hands|Iron Hands, L50|100\/100\n|turn|2\n|inactive|Migi VGCC has 30 seconds left.\n|\n|t:|1700678709\n|move|p1a: Iron Jugulis|Air Slash|p2b: Landorus|[miss]\n|-miss|p1a: Iron Jugulis|p2b: Landorus\n|move|p2a: Tornadus|Bleakwind Storm|p1a: Iron Jugulis|[spread] p1a\n|-miss|p2a: Tornadus|p1b: Iron Hands\n|-damage|p1a: Iron Jugulis|66\/100\n|move|p2b: Landorus|Earthquake|p1a: Iron Jugulis|[spread] p1b\n|-immune|p2a: Tornadus\n|-immune|p1a: Iron Jugulis\n|-supereffective|p1b: Iron Hands\n|-damage|p1b: Iron Hands|45\/100\n|move|p1b: Iron Hands|Thunder Punch|p2a: Tornadus\n|-supereffective|p2a: Tornadus\n|-damage|p2a: Tornadus|0 fnt\n|faint|p2a: Tornadus\n|\n|upkeep\n|\n|t:|1700678724\n|switch|p2a: Urshifu|Urshifu, L50, F|100\/100\n|turn|3\n|inactive|Migi VGCC has 30 seconds left.\n|inactive|Migi VGCC has 20 seconds left.\n|inactive|Migi VGCC has 15 seconds left.\n|\n|t:|1700678769\n|-end|p1b: Iron Hands|Quark Drive|[silent]\n|switch|p1b: Sinistcha|Sinistcha, L50|100\/100\n|-heal|p1a: Iron Jugulis|91\/100|[from] ability: Hospitality|[of] p1b: Sinistcha\n|move|p1a: Iron Jugulis|Air Slash|p2b: Landorus|[miss]\n|-miss|p1a: Iron Jugulis|p2b: Landorus\n|move|p2a: Urshifu|U-turn|p1a: Iron Jugulis\n|-damage|p1a: Iron Jugulis|49\/100\n|\n|t:|1700678777\n|switch|p2a: Amoonguss|Amoonguss, L50, F|100\/100|[from] U-turn\n|move|p2b: Landorus|Earthquake|p1a: Iron Jugulis|[spread] p2a,p1b\n|-immune|p1a: Iron Jugulis\n|-resisted|p1b: Sinistcha\n|-damage|p2a: Amoonguss|67\/100\n|-damage|p1b: Sinistcha|85\/100\n|\n|upkeep\n|turn|4\n|\n|t:|1700678800\n|move|p2b: Landorus|Protect|p2b: Landorus\n|-singleturn|p2b: Landorus|Protect\n|move|p1a: Iron Jugulis|Air Slash|p2b: Landorus\n|-activate|p2b: Landorus|move: Protect\n|move|p1b: Sinistcha|Matcha Gotcha|p2b: Landorus|[spread] p2a\n|-activate|p2b: Landorus|move: Protect\n|-resisted|p2a: Amoonguss\n|-crit|p2a: Amoonguss\n|-damage|p2a: Amoonguss|59\/100\n|-heal|p1b: Sinistcha|90\/100|[from] drain|[of] p2a: Amoonguss\n|-status|p2a: Amoonguss|brn\n|move|p2a: Amoonguss|Spore|p1a: Iron Jugulis\n|-status|p1a: Iron Jugulis|slp|[from] move: Spore\n|\n|-damage|p2a: Amoonguss|53\/100 brn|[from] brn\n|-sideend|p1: Thehoppa117|move: Tailwind\n|-sideend|p2: Migi VGCC|move: Tailwind\n|upkeep\n|turn|5\n|inactive|Thehoppa117 has 30 seconds left.\n|\n|t:|1700678829\n|switch|p2b: Urshifu|Urshifu, L50, F|100\/100\n|move|p2a: Amoonguss|Protect|p2a: Amoonguss\n|-singleturn|p2a: Amoonguss|Protect\n|cant|p1a: Iron Jugulis|slp\n|move|p1b: Sinistcha|Matcha Gotcha|p2a: Amoonguss|[spread] p2b\n|-activate|p2a: Amoonguss|move: Protect\n|-crit|p2b: Urshifu\n|-damage|p2b: Urshifu|46\/100\n|-heal|p1b: Sinistcha|100\/100|[from] drain|[of] p2b: Urshifu\n|-status|p2b: Urshifu|brn\n|\n|-damage|p2b: Urshifu|40\/100 brn|[from] brn\n|-damage|p2a: Amoonguss|48\/100 brn|[from] brn\n|upkeep\n|turn|6\n|inactive|Migi VGCC has 30 seconds left.\n|\n|t:|1700678855\n|-curestatus|p1a: Iron Jugulis|slp|[msg]\n|move|p1a: Iron Jugulis|Electric Terrain|p1a: Iron Jugulis\n|-fieldstart|move: Electric Terrain\n|-enditem|p1b: Sinistcha|Electric Seed\n|-boost|p1b: Sinistcha|def|1|[from] item: Electric Seed\n|move|p2b: Urshifu|Wicked Blow|p1b: Sinistcha\n|-supereffective|p1b: Sinistcha\n|-crit|p1b: Sinistcha\n|-damage|p1b: Sinistcha|33\/100\n|move|p1b: Sinistcha|Matcha Gotcha|p2b: Urshifu|[spread] p2a,p2b\n|-resisted|p2a: Amoonguss\n|-damage|p2a: Amoonguss|42\/100 brn\n|-heal|p1b: Sinistcha|37\/100|[from] drain|[of] p2a: Amoonguss\n|-damage|p2b: Urshifu|0 fnt\n|-heal|p1b: Sinistcha|57\/100|[from] drain|[of] p2b: Urshifu\n|faint|p2b: Urshifu\n|move|p2a: Amoonguss|Pollen Puff|p2: Urshifu|[notarget]\n|-fail|p2a: Amoonguss\n|\n|-damage|p2a: Amoonguss|36\/100 brn|[from] brn\n|upkeep\n|\n|t:|1700678869\n|switch|p2b: Landorus|Landorus-Therian, L50, M|5\/100\n|-ability|p2b: Landorus|Intimidate|boost\n|-unboost|p1a: Iron Jugulis|atk|1\n|-unboost|p1b: Sinistcha|atk|1\n|turn|7\n|-message|Migi VGCC forfeited.\n|\n|win|Thehoppa117\n|raw|Thehoppa117's rating: 1191 &rarr; <strong>1208<\/strong><br \/>(+17 for winning)\n|raw|Migi VGCC's rating: 1074 &rarr; <strong>1060<\/strong><br \/>(-14 for losing)\n","uploadtime":1700678880,"views":8,"p1id":"thehoppa117","p2id":"migivgcc","formatid":"gen9vgc2023regulatione","rating":1060,"private":0,"password":""}