{"id":"gen9vgc2023regulatione-1989991467","p1":"Landryisastrongboi","p2":"Spagofino","format":"[Gen 9] VGC 2023 Regulation E","log":"|j|\u2606Landryisastrongboi\n|j|\u2606Spagofino\n|t:|1699913241\n|gametype|doubles\n|player|p1|Landryisastrongboi|lucas|1025\n|player|p2|Spagofino|n|1000\n|teamsize|p1|6\n|teamsize|p2|6\n|gen|9\n|tier|[Gen 9] VGC 2023 Regulation E\n|rated|\n|rule|Species Clause: Limit one of each Pok\u00e9mon\n|rule|Item Clause: Limit one of each item\n|clearpoke\n|poke|p1|Pawmot, L50, F|\n|poke|p1|Sinistcha-Masterpiece, L50|\n|poke|p1|Ting-Lu, L50|\n|poke|p1|Arcanine-Hisui, L50, M|\n|poke|p1|Flutter Mane, L50|\n|poke|p1|Tornadus-Therian, L50, M|\n|poke|p2|Tornadus, L50, M|\n|poke|p2|Flutter Mane, L50|\n|poke|p2|Rillaboom, L50, F|\n|poke|p2|Ogerpon-Hearthflame, L50, F|\n|poke|p2|Chien-Pao, L50|\n|poke|p2|Dragonite, L50, F|\n|teampreview|4\n|inactive|Battle timer is ON: inactive players will automatically lose when time's up. (requested by Spagofino)\n|\n|t:|1699913276\n|start\n|switch|p1a: Lock|Arcanine-Hisui, L50, M, shiny|100\/100\n|switch|p1b: Teapot|Sinistcha-Masterpiece, L50|100\/100\n|switch|p2a: Tornadus|Tornadus, L50, M|100\/100\n|switch|p2b: Rillaboom|Rillaboom, L50, F|100\/100\n|-ability|p1a: Lock|Intimidate|boost\n|-unboost|p2a: Tornadus|atk|1\n|-unboost|p2b: Rillaboom|atk|1\n|-fieldstart|move: Grassy Terrain|[from] ability: Grassy Surge|[of] p2b: Rillaboom\n|turn|1\n|\n|t:|1699913299\n|move|p2b: Rillaboom|Fake Out|p1a: Lock\n|-resisted|p1a: Lock\n|-damage|p1a: Lock|95\/100\n|move|p1b: Teapot|Rage Powder|p1b: Teapot\n|-singleturn|p1b: Teapot|move: Rage Powder\n|move|p2a: Tornadus|Tailwind|p2a: Tornadus\n|-sidestart|p2: Spagofino|move: Tailwind\n|cant|p1a: Lock|flinch\n|\n|-heal|p1a: Lock|100\/100|[from] Grassy Terrain\n|upkeep\n|turn|2\n|inactive|Spagofino has 30 seconds left.\n|\n|t:|1699913330\n|-terastallize|p2b: Rillaboom|Water\n|move|p1b: Teapot|Rage Powder|p1b: Teapot\n|-singleturn|p1b: Teapot|move: Rage Powder\n|move|p2a: Tornadus|Taunt|p1b: Teapot\n|-start|p1b: Teapot|move: Taunt\n|move|p2b: Rillaboom|Stomping Tantrum|p1b: Teapot\n|-resisted|p1b: Teapot\n|-damage|p1b: Teapot|94\/100\n|move|p1a: Lock|Rock Slide|p2a: Tornadus|[spread] p2a,p2b\n|-supereffective|p2a: Tornadus\n|-crit|p2b: Rillaboom\n|-damage|p2a: Tornadus|16\/100\n|-damage|p2b: Rillaboom|45\/100\n|\n|-heal|p2b: Rillaboom|51\/100|[from] Grassy Terrain\n|-heal|p1b: Teapot|99\/100|[from] Grassy Terrain\n|upkeep\n|turn|3\n|inactive|Landryisastrongboi has 30 seconds left.\n|\n|t:|1699913356\n|-terastallize|p1a: Lock|Normal\n|move|p2a: Tornadus|Sunny Day|p2a: Tornadus\n|-weather|SunnyDay\n|move|p2b: Rillaboom|Stomping Tantrum|p1a: Lock\n|-crit|p1a: Lock\n|-damage|p1a: Lock|54\/100\n|move|p1a: Lock|Rock Slide|p2a: Tornadus|[spread] p2a,p2b\n|-supereffective|p2a: Tornadus\n|-crit|p2a: Tornadus\n|-damage|p2a: Tornadus|0 fnt\n|-damage|p2b: Rillaboom|11\/100\n|faint|p2a: Tornadus\n|move|p1b: Teapot|Matcha Gotcha|p2b: Rillaboom|[miss]\n|-miss|p1b: Teapot|p2b: Rillaboom\n|\n|-weather|SunnyDay|[upkeep]\n|-heal|p2b: Rillaboom|16\/100|[from] Grassy Terrain\n|-heal|p1a: Lock|60\/100|[from] Grassy Terrain\n|-heal|p1b: Teapot|100\/100|[from] Grassy Terrain\n|upkeep\n|\n|t:|1699913370\n|switch|p2a: Ogerpon|Ogerpon-Hearthflame, L50, F|100\/100\n|-ability|p2a: Ogerpon|Mold Breaker\n|turn|4\n|\n|t:|1699913389\n|move|p2a: Ogerpon|Ivy Cudgel|p1b: Teapot\n|-supereffective|p1b: Teapot\n|-damage|p1b: Teapot|0 fnt\n|faint|p1b: Teapot\n|move|p2b: Rillaboom|Wood Hammer|p1a: Lock\n|-damage|p1a: Lock|0 fnt\n|faint|p1a: Lock\n|-damage|p2b: Rillaboom|0 fnt|[from] Recoil\n|faint|p2b: Rillaboom\n|\n|-weather|SunnyDay|[upkeep]\n|-sideend|p2: Spagofino|move: Tailwind\n|upkeep\n|\n|t:|1699913402\n|switch|p1a: Invinse|Ting-Lu, L50|100\/100\n|switch|p2b: Chien-Pao|Chien-Pao, L50|100\/100\n|switch|p1b: Paw-me|Pawmot, L50, F|100\/100\n|-ability|p2b: Chien-Pao|Sword of Ruin\n|-ability|p1a: Invinse|Vessel of Ruin\n|turn|5\n|inactive|Spagofino has 30 seconds left.\n|\n|t:|1699913427\n|move|p2a: Ogerpon|Spiky Shield|p2a: Ogerpon\n|-singleturn|p2a: Ogerpon|move: Protect\n|move|p2b: Chien-Pao|Icicle Crash|p1a: Invinse\n|-supereffective|p1a: Invinse\n|-damage|p1a: Invinse|40\/100\n|move|p1b: Paw-me|Revival Blessing|p1b: Paw-me\n|-enditem|p1b: Paw-me|Leppa Berry|[eat]\n|-activate|p1b: Paw-me|item: Leppa Berry|Revival Blessing|[consumed]\n|\n|t:|1699913436\n|-heal|p1: Teapot|50\/100|[from] move: Revival Blessing\n|move|p1a: Invinse|Throat Chop|p2a: Ogerpon\n|-activate|p2a: Ogerpon|move: Protect\n|-damage|p1a: Invinse|27\/100|[from] Spiky Shield|[of] p2a: Ogerpon\n|\n|-weather|SunnyDay|[upkeep]\n|-heal|p1a: Invinse|34\/100|[from] Grassy Terrain\n|-heal|p1a: Invinse|40\/100|[from] item: Leftovers\n|-fieldend|move: Grassy Terrain\n|upkeep\n|turn|6\n|\n|t:|1699913461\n|move|p2b: Chien-Pao|Icicle Crash|p1a: Invinse\n|-supereffective|p1a: Invinse\n|-damage|p1a: Invinse|0 fnt\n|faint|p1a: Invinse\n|move|p1b: Paw-me|Baton Pass|p1b: Paw-me\n|\n|t:|1699913466\n|switch|p1b: Teapot|Sinistcha-Masterpiece, L50|50\/100|[from] Baton Pass\n|move|p2a: Ogerpon|Wood Hammer|p1b: Teapot\n|-resisted|p1b: Teapot\n|-damage|p1b: Teapot|12\/100\n|-enditem|p1b: Teapot|Aguav Berry|[eat]\n|-heal|p1b: Teapot|45\/100|[from] item: Aguav Berry\n|-damage|p2a: Ogerpon|87\/100|[from] Recoil\n|\n|-weather|SunnyDay|[upkeep]\n|upkeep\n|\n|t:|1699913477\n|switch|p1a: Paw-me|Pawmot, L50, F|100\/100\n|turn|7\n|\n|t:|1699913485\n|move|p2b: Chien-Pao|Sucker Punch||[still]\n|-fail|p2b: Chien-Pao\n|move|p1a: Paw-me|Revival Blessing|p1a: Paw-me\n|\n|t:|1699913494\n|-heal|p1: Lock|50\/100|[from] move: Revival Blessing\n|move|p2a: Ogerpon|Wood Hammer|p1a: Paw-me\n|-damage|p1a: Paw-me|0 fnt\n|faint|p1a: Paw-me\n|-damage|p2a: Ogerpon|50\/100|[from] Recoil\n|move|p1b: Teapot|Life Dew|p1b: Teapot\n|-heal|p1b: Teapot|71\/100\n|\n|-weather|none\n|upkeep\n|\n|t:|1699913507\n|switch|p1a: Lock|Arcanine-Hisui, L50, M, shiny|50\/100\n|-ability|p1a: Lock|Intimidate|boost\n|-unboost|p2a: Ogerpon|atk|1\n|-unboost|p2b: Chien-Pao|atk|1\n|turn|8\n|\n|t:|1699913528\n|move|p1a: Lock|Extreme Speed|p2a: Ogerpon\n|-crit|p2a: Ogerpon\n|-damage|p2a: Ogerpon|0 fnt\n|faint|p2a: Ogerpon\n|move|p2b: Chien-Pao|Icicle Crash|p1a: Lock\n|-resisted|p1a: Lock\n|-damage|p1a: Lock|24\/100\n|move|p1b: Teapot|Shadow Ball|p2b: Chien-Pao\n|-resisted|p2b: Chien-Pao\n|-damage|p2b: Chien-Pao|73\/100\n|\n|upkeep\n|turn|9\n|\n|t:|1699913543\n|move|p1a: Lock|Extreme Speed|p2b: Chien-Pao\n|-damage|p2b: Chien-Pao|17\/100\n|move|p2b: Chien-Pao|Sucker Punch||[still]\n|-fail|p2b: Chien-Pao\n|move|p1b: Teapot|Shadow Ball|p2b: Chien-Pao\n|-resisted|p2b: Chien-Pao\n|-damage|p2b: Chien-Pao|0 fnt\n|faint|p2b: Chien-Pao\n|\n|win|Landryisastrongboi\n|raw|Landryisastrongboi's rating: 1025 &rarr; <strong>1059<\/strong><br \/>(+34 for winning)\n|raw|Spagofino's rating: 1000 &rarr; <strong>1000<\/strong><br \/>(+0 for losing)\n|l|\u2606Spagofino\n","uploadtime":1699913562,"views":17,"p1id":"landryisastrongboi","p2id":"spagofino","formatid":"gen9vgc2023regulatione","rating":1000,"private":0,"password":""}