{"id":"gen9vgc2023regulatione-1999340995","p1":"newusernovice","p2":"Doomguy1016","format":"[Gen 9] VGC 2023 Regulation E","log":"|j|\u2606newusernovice\n|j|\u2606Doomguy1016\n|t:|1701063138\n|gametype|doubles\n|player|p1|newusernovice|brawly|1483\n|player|p2|Doomguy1016|red|1460\n|teamsize|p1|6\n|teamsize|p2|6\n|gen|9\n|tier|[Gen 9] VGC 2023 Regulation E\n|rated|\n|rule|Species Clause: Limit one of each Pok\u00e9mon\n|rule|Item Clause: Limit one of each item\n|clearpoke\n|poke|p1|Rillaboom, L50, M|\n|poke|p1|Tornadus, L50, M|\n|poke|p1|Arcanine-Hisui, L50, M|\n|poke|p1|Urshifu-*, L50, M|\n|poke|p1|Gholdengo, L50|\n|poke|p1|Flutter Mane, L50|\n|poke|p2|Flutter Mane, L50|\n|poke|p2|Arcanine-Hisui, L50, F|\n|poke|p2|Rillaboom, L50, M|\n|poke|p2|Tornadus, L50, M|\n|poke|p2|Chien-Pao, L50|\n|poke|p2|Urshifu-*, L50, F|\n|teampreview|4\n|inactive|Battle timer is ON: inactive players will automatically lose when time's up. (requested by newusernovice)\n|inactive|newusernovice has 60 seconds left.\n|inactive|Doomguy1016 has 60 seconds left.\n|inactive|Doomguy1016 has 30 seconds left.\n|inactive|Doomguy1016 has 20 seconds left.\n|\n|t:|1701063212\n|start\n|switch|p1a: Tornadus|Tornadus, L50, M, shiny|100\/100\n|switch|p1b: Arcanine|Arcanine-Hisui, L50, M|100\/100\n|switch|p2a: Chien-Pao|Chien-Pao, L50|100\/100\n|switch|p2b: Tornadus|Tornadus, L50, M|100\/100\n|-ability|p2a: Chien-Pao|Sword of Ruin\n|-ability|p1b: Arcanine|Intimidate|boost\n|-unboost|p2a: Chien-Pao|atk|1\n|-unboost|p2b: Tornadus|atk|1\n|turn|1\n|inactive|newusernovice has 30 seconds left.\n|inactive|Doomguy1016 has 30 seconds left.\n|inactive|newusernovice has 20 seconds left.\n|inactive|Doomguy1016 has 20 seconds left.\n|inactive|newusernovice has 15 seconds left.\n|inactive|Doomguy1016 has 15 seconds left.\n|inactive|newusernovice has 10 seconds left.\n|inactive|Doomguy1016 has 10 seconds left.\n|inactive|Doomguy1016 has 5 seconds left.\n|\n|t:|1701063267\n|move|p1a: Tornadus|Protect|p1a: Tornadus\n|-singleturn|p1a: Tornadus|Protect\n|move|p2b: Tornadus|Tailwind|p2b: Tornadus\n|-sidestart|p2: Doomguy1016|move: Tailwind\n|move|p2a: Chien-Pao|Ice Spinner|p1b: Arcanine\n|-resisted|p1b: Arcanine\n|-damage|p1b: Arcanine|71\/100\n|-damage|p2a: Chien-Pao|91\/100|[from] item: Life Orb\n|move|p1b: Arcanine|Rock Slide|p2a: Chien-Pao|[spread] p2a,p2b\n|-supereffective|p2a: Chien-Pao\n|-supereffective|p2b: Tornadus\n|-damage|p2a: Chien-Pao|17\/100\n|-damage|p2b: Tornadus|10\/100\n|\n|upkeep\n|turn|2\n|inactive|newusernovice has 30 seconds left.\n|inactive|Doomguy1016 has 30 seconds left.\n|inactive|newusernovice has 20 seconds left.\n|inactive|newusernovice has 15 seconds left.\n|inactive|newusernovice has 10 seconds left.\n|inactive|newusernovice has 5 seconds left.\n|\n|t:|1701063317\n|move|p1b: Arcanine|Extreme Speed|p2a: Chien-Pao\n|-damage|p2a: Chien-Pao|0 fnt\n|faint|p2a: Chien-Pao\n|move|p2b: Tornadus|Taunt|p1a: Tornadus\n|-start|p1a: Tornadus|move: Taunt\n|move|p1a: Tornadus|Bleakwind Storm|p2b: Tornadus|[miss]\n|-miss|p1a: Tornadus|p2b: Tornadus\n|\n|upkeep\n|inactive|Doomguy1016 has 30 seconds left.\n|\n|t:|1701063347\n|switch|p2a: Urshifu|Urshifu, L50, F|100\/100\n|turn|3\n|inactive|newusernovice has 30 seconds left.\n|inactive|newusernovice has 20 seconds left.\n|\n|t:|1701063383\n|switch|p2b: Arcanine|Arcanine-Hisui, L50, F|100\/100\n|-ability|p2b: Arcanine|Intimidate|boost\n|-unboost|p1a: Tornadus|atk|1\n|-unboost|p1b: Arcanine|atk|1\n|-terastallize|p1b: Arcanine|Fairy\n|move|p2a: Urshifu|Wicked Blow|p1b: Arcanine\n|-resisted|p1b: Arcanine\n|-crit|p1b: Arcanine\n|-damage|p1b: Arcanine|19\/100\n|-enditem|p1b: Arcanine|Sitrus Berry|[eat]\n|-heal|p1b: Arcanine|44\/100|[from] item: Sitrus Berry\n|move|p1a: Tornadus|Bleakwind Storm|p2b: Arcanine|[spread] p2a\n|-miss|p1a: Tornadus|p2b: Arcanine\n|-supereffective|p2a: Urshifu\n|-damage|p2a: Urshifu|1\/100\n|-unboost|p2a: Urshifu|spe|1\n|move|p1b: Arcanine|Tera Blast|p2a: Urshifu|[anim] Tera Blast Fairy\n|-supereffective|p2a: Urshifu\n|-damage|p2a: Urshifu|0 fnt\n|faint|p2a: Urshifu\n|\n|upkeep\n|inactive|Doomguy1016 has 30 seconds left.\n|\n|t:|1701063414\n|switch|p2a: Tornadus|Tornadus, L50, M|10\/100\n|turn|4\n|inactive|Doomguy1016 has 30 seconds left.\n|\n|t:|1701063440\n|switch|p1a: Flutter Mane|Flutter Mane, L50|100\/100\n|move|p1b: Arcanine|Extreme Speed|p2a: Tornadus\n|-damage|p2a: Tornadus|0 fnt\n|faint|p2a: Tornadus\n|move|p2b: Arcanine|Rock Slide|p1b: Arcanine|[spread] p1a\n|-miss|p2b: Arcanine|p1b: Arcanine\n|-damage|p1a: Flutter Mane|40\/100\n|\n|-sideend|p2: Doomguy1016|move: Tailwind\n|upkeep\n|turn|5\n|\n|t:|1701063452\n|move|p1a: Flutter Mane|Shadow Ball|p2b: Arcanine\n|-damage|p2b: Arcanine|54\/100\n|move|p1b: Arcanine|Rock Slide|p2b: Arcanine|[miss]\n|-miss|p1b: Arcanine|p2b: Arcanine\n|move|p2b: Arcanine|Rock Slide|p1a: Flutter Mane|[spread] p1a,p1b\n|-damage|p1a: Flutter Mane|0 fnt\n|-damage|p1b: Arcanine|12\/100\n|faint|p1a: Flutter Mane\n|-end|p1a: Flutter Mane|Protosynthesis|[silent]\n|\n|upkeep\n|\n|t:|1701063458\n|switch|p1a: Tornadus|Tornadus, L50, M, shiny|100\/100\n|turn|6\n|\n|t:|1701063465\n|move|p1a: Tornadus|Tailwind|p1a: Tornadus\n|-sidestart|p1: newusernovice|move: Tailwind\n|move|p1b: Arcanine|Rock Slide|p2b: Arcanine\n|-supereffective|p2b: Arcanine\n|-damage|p2b: Arcanine|0 fnt\n|faint|p2b: Arcanine\n|\n|win|newusernovice\n|raw|newusernovice's rating: 1483 &rarr; <strong>1503<\/strong><br \/>(+20 for winning)\n|raw|Doomguy1016's rating: 1477 &rarr; <strong>1457<\/strong><br \/>(-20 for losing)\n|l|\u2606Doomguy1016\n","uploadtime":1701063498,"views":2,"p1id":"newusernovice","p2id":"doomguy1016","formatid":"gen9vgc2023regulatione","rating":1457,"private":0,"password":""}