{"id":"gen9vgc2023regulatione-2000164742","p1":"Astano","p2":"Cadbury66","format":"[Gen 9] VGC 2023 Regulation E","log":"|j|\u2606Astano\n|j|\u2606Cadbury66\n|t:|1701165852\n|gametype|doubles\n|player|p1|Astano|n|1235\n|player|p2|Cadbury66|n|1341\n|teamsize|p1|6\n|teamsize|p2|6\n|gen|9\n|tier|[Gen 9] VGC 2023 Regulation E\n|rated|\n|rule|Species Clause: Limit one of each Pok\u00e9mon\n|rule|Item Clause: Limit one of each item\n|clearpoke\n|poke|p1|Cresselia, L50, F|\n|poke|p1|Flutter Mane, L50|\n|poke|p1|Iron Hands, L50|\n|poke|p1|Ursaluna, L50, M|\n|poke|p1|Sinistcha, L50|\n|poke|p1|Heatran, L50, F|\n|poke|p2|Iron Bundle, L50|\n|poke|p2|Chi-Yu, L50|\n|poke|p2|Farigiraf, L50, F|\n|poke|p2|Landorus-Therian, L50, M|\n|poke|p2|Iron Hands, L50|\n|poke|p2|Ursaluna-Bloodmoon, L50, M|\n|teampreview|4\nAstano has agreed to open team sheets.\nCadbury66 has agreed to open team sheets.\n|inactive|Battle timer is ON: inactive players will automatically lose when time's up. (requested by Astano)\n|\n|t:|1701165908\n|start\n|switch|p1a: Flutter Mane|Flutter Mane, L50|100\/100\n|switch|p1b: Heatran|Heatran, L50, F|100\/100\n|switch|p2a: Chi-Yu|Chi-Yu, L50|100\/100\n|switch|p2b: Farigiraf|Farigiraf, L50, F|100\/100\n|-ability|p2a: Chi-Yu|Beads of Ruin\n|-enditem|p1a: Flutter Mane|Booster Energy\n|-activate|p1a: Flutter Mane|ability: Protosynthesis|[fromitem]\n|-start|p1a: Flutter Mane|protosynthesisspa\n|turn|1\n|inactive|Astano has 30 seconds left.\n|\n|t:|1701165938\n|switch|p2a: Iron Hands|Iron Hands, L50|100\/100\n|move|p1a: Flutter Mane|Protect|p1a: Flutter Mane\n|-singleturn|p1a: Flutter Mane|Protect\n|move|p1b: Heatran|Earth Power|p2a: Iron Hands\n|-supereffective|p2a: Iron Hands\n|-damage|p2a: Iron Hands|70\/100\n|move|p2b: Farigiraf|Psychic|p1a: Flutter Mane\n|-activate|p1a: Flutter Mane|move: Protect\n|\n|upkeep\n|turn|2\n|\n|t:|1701165953\n|move|p1a: Flutter Mane|Moonblast|p2a: Iron Hands\n|-supereffective|p2a: Iron Hands\n|-damage|p2a: Iron Hands|4\/100\n|-unboost|p2a: Iron Hands|spa|1\n|move|p1b: Heatran|Earth Power|p2a: Iron Hands\n|-supereffective|p2a: Iron Hands\n|-damage|p2a: Iron Hands|0 fnt\n|faint|p2a: Iron Hands\n|-end|p2a: Iron Hands|Quark Drive|[silent]\n|move|p2b: Farigiraf|Psychic|p1a: Flutter Mane\n|-damage|p1a: Flutter Mane|56\/100\n|\n|upkeep\n|\n|t:|1701165969\n|switch|p2a: Ursaluna|Ursaluna-Bloodmoon, L50, M|100\/100\n|turn|3\n|\n|t:|1701165978\n|-terastallize|p1a: Flutter Mane|Fairy\n|move|p2a: Ursaluna|Protect|p2a: Ursaluna\n|-singleturn|p2a: Ursaluna|Protect\n|move|p1a: Flutter Mane|Moonblast|p2b: Farigiraf\n|-crit|p2b: Farigiraf\n|-damage|p2b: Farigiraf|0 fnt\n|faint|p2b: Farigiraf\n|move|p1b: Heatran|Heat Wave|p2a: Ursaluna\n|-activate|p2a: Ursaluna|move: Protect\n|\n|upkeep\n|\n|t:|1701165987\n|switch|p2b: Chi-Yu|Chi-Yu, L50|100\/100\n|-ability|p2b: Chi-Yu|Beads of Ruin\n|turn|4\n|\n|t:|1701165998\n|-terastallize|p2a: Ursaluna|Ghost\n|move|p1a: Flutter Mane|Moonblast|p2b: Chi-Yu\n|-damage|p2b: Chi-Yu|10\/100\n|-unboost|p2b: Chi-Yu|spa|1\n|move|p2b: Chi-Yu|Heat Wave|p1b: Heatran|[spread] p1a\n|-start|p1b: Heatran|ability: Flash Fire\n|-damage|p1a: Flutter Mane|4\/100\n|move|p1b: Heatran|Earth Power|p2b: Chi-Yu\n|-supereffective|p2b: Chi-Yu\n|-damage|p2b: Chi-Yu|0 fnt\n|faint|p2b: Chi-Yu\n|move|p2a: Ursaluna|Hyper Voice|p1a: Flutter Mane|[spread] p1a,p1b\n|-resisted|p1b: Heatran\n|-damage|p1a: Flutter Mane|0 fnt\n|-damage|p1b: Heatran|84\/100\n|faint|p1a: Flutter Mane\n|-end|p1a: Flutter Mane|Protosynthesis|[silent]\n|-enditem|p2a: Ursaluna|Throat Spray\n|-boost|p2a: Ursaluna|spa|1|[from] item: Throat Spray\n|\n|-heal|p1b: Heatran|90\/100|[from] item: Leftovers\n|upkeep\n|\n|t:|1701166008\n|switch|p1a: Iron Hands|Iron Hands, L50|100\/100\n|turn|5\n|\n|t:|1701166020\n|move|p1b: Heatran|Heat Wave|p2a: Ursaluna\n|-damage|p2a: Ursaluna|3\/100\n|-status|p2a: Ursaluna|brn\n|move|p1a: Iron Hands|Wild Charge|p2a: Ursaluna\n|-damage|p2a: Ursaluna|0 fnt\n|faint|p2a: Ursaluna\n|-damage|p1a: Iron Hands|99\/100|[from] Recoil\n|\n|win|Astano\n|raw|Astano's rating: 1205 &rarr; <strong>1239<\/strong><br \/>(+34 for winning)\n|raw|Cadbury66's rating: 1341 &rarr; <strong>1314<\/strong><br \/>(-27 for losing)\n","uploadtime":1701166026,"views":5,"p1id":"astano","p2id":"cadbury66","formatid":"gen9vgc2023regulatione","rating":1239,"private":0,"password":""}