{"id":"gen9vgc2023regulatione-1992313834","p1":"Jeffrey1738","p2":"Bubbles303","format":"[Gen 9] VGC 2023 Regulation E","log":"|j|\u2606Jeffrey1738\n|j|\u2606Bubbles303\n|t:|1700173709\n|gametype|doubles\n|player|p1|Jeffrey1738|265|1103\n|player|p2|Bubbles303|blackbelt-gen4dp|1115\n|teamsize|p1|6\n|teamsize|p2|6\n|gen|9\n|tier|[Gen 9] VGC 2023 Regulation E\n|rated|\n|rule|Species Clause: Limit one of each Pok\u00e9mon\n|rule|Item Clause: Limit one of each item\n|clearpoke\n|poke|p1|Iron Hands, L50|\n|poke|p1|Landorus-Therian, L50, M|\n|poke|p1|Heatran, L50, M|\n|poke|p1|Amoonguss, L50, M|\n|poke|p1|Flutter Mane, L50|\n|poke|p1|Kingambit, L50, M|\n|poke|p2|Tornadus, L50, M|\n|poke|p2|Arcanine-Hisui, L50, F|\n|poke|p2|Iron Hands, L50|\n|poke|p2|Gholdengo, L50|\n|poke|p2|Urshifu-*, L50, M|\n|poke|p2|Ogerpon-Wellspring, L50, F|\n|teampreview|4\n|inactive|Battle timer is ON: inactive players will automatically lose when time's up. (requested by Bubbles303)\n|\n|t:|1700173734\n|start\n|switch|p1a: Iron Hands|Iron Hands, L50, shiny|100\/100\n|switch|p1b: Flutter Mane|Flutter Mane, L50, shiny|100\/100\n|switch|p2a: Tornadus|Tornadus, L50, M|100\/100\n|switch|p2b: Urshifu|Urshifu-Rapid-Strike, L50, M|100\/100\n|-enditem|p1b: Flutter Mane|Booster Energy\n|-activate|p1b: Flutter Mane|ability: Protosynthesis|[fromitem]\n|-start|p1b: Flutter Mane|protosynthesisspe\n|turn|1\n|inactive|Jeffrey1738 has 30 seconds left.\n|inactive|Jeffrey1738 has 20 seconds left.\n|\n|t:|1700173770\n|move|p2a: Tornadus|Tailwind|p2a: Tornadus\n|-sidestart|p2: Bubbles303|move: Tailwind\n|move|p2b: Urshifu|Surging Strikes|p1b: Flutter Mane\n|-crit|p1b: Flutter Mane\n|-damage|p1b: Flutter Mane|56\/100\n|-crit|p1b: Flutter Mane\n|-damage|p1b: Flutter Mane|7\/100\n|-crit|p1b: Flutter Mane\n|-damage|p1b: Flutter Mane|0 fnt\n|faint|p1b: Flutter Mane\n|-end|p1b: Flutter Mane|Protosynthesis|[silent]\n|-hitcount|p1: Flutter Mane|3\n|move|p1a: Iron Hands|Heavy Slam|p2a: Tornadus\n|-crit|p2a: Tornadus\n|-damage|p2a: Tornadus|14\/100\n|\n|upkeep\n|\n|t:|1700173783\n|switch|p1b: Heatran|Heatran, L50, M, shiny|100\/100\n|turn|2\n|\n|t:|1700173799\n|move|p2a: Tornadus|Rain Dance|p2a: Tornadus\n|-weather|RainDance\n|move|p2b: Urshifu|Surging Strikes|p1b: Heatran\n|-supereffective|p1b: Heatran\n|-crit|p1b: Heatran\n|-damage|p1b: Heatran|46\/100\n|-supereffective|p1b: Heatran\n|-crit|p1b: Heatran\n|-damage|p1b: Heatran|0 fnt\n|faint|p1b: Heatran\n|-hitcount|p1: Heatran|2\n|move|p1a: Iron Hands|Wild Charge|p2b: Urshifu\n|-supereffective|p2b: Urshifu\n|-damage|p2b: Urshifu|0 fnt\n|faint|p2b: Urshifu\n|-damage|p1a: Iron Hands|83\/100|[from] Recoil\n|\n|-weather|RainDance|[upkeep]\n|upkeep\n|\n|t:|1700173813\n|switch|p2b: Iron Hands|Iron Hands, L50, shiny|100\/100\n|switch|p1b: Landorus|Landorus-Therian, L50, M, shiny|100\/100\n|-ability|p1b: Landorus|Intimidate|boost\n|-unboost|p2a: Tornadus|atk|1\n|-unboost|p2b: Iron Hands|atk|1\n|turn|3\n|\n|t:|1700173828\n|move|p2b: Iron Hands|Fake Out|p1b: Landorus\n|-damage|p1b: Landorus|89\/100\n|move|p2a: Tornadus|Bleakwind Storm|p1a: Iron Hands|[spread] p1a,p1b\n|-damage|p1a: Iron Hands|62\/100\n|-damage|p1b: Landorus|50\/100\n|-unboost|p1a: Iron Hands|spe|1\n|cant|p1b: Landorus|flinch\n|move|p1a: Iron Hands|Drain Punch|p2b: Iron Hands\n|-damage|p2b: Iron Hands|73\/100\n|-heal|p1a: Iron Hands|75\/100|[from] drain|[of] p2b: Iron Hands\n|\n|-weather|RainDance|[upkeep]\n|upkeep\n|turn|4\n|inactive|Jeffrey1738 has 30 seconds left.\n|\n|t:|1700173859\n|move|p2a: Tornadus|Bleakwind Storm|p1a: Iron Hands|[spread] p1a,p1b\n|-damage|p1a: Iron Hands|54\/100\n|-damage|p1b: Landorus|12\/100\n|move|p1b: Landorus|Rock Slide|p2b: Iron Hands|[spread] p2a,p2b\n|-supereffective|p2a: Tornadus\n|-resisted|p2b: Iron Hands\n|-damage|p2a: Tornadus|0 fnt\n|-damage|p2b: Iron Hands|65\/100\n|faint|p2a: Tornadus\n|cant|p2b: Iron Hands|flinch\n|move|p1a: Iron Hands|Drain Punch|p2b: Iron Hands\n|-damage|p2b: Iron Hands|35\/100\n|-heal|p1a: Iron Hands|68\/100|[from] drain|[of] p2b: Iron Hands\n|\n|-weather|RainDance|[upkeep]\n|-sideend|p2: Bubbles303|move: Tailwind\n|upkeep\n|\n|t:|1700173873\n|switch|p2a: Arcanine|Arcanine-Hisui, L50, F, shiny|100\/100\n|-ability|p2a: Arcanine|Intimidate|boost\n|-unboost|p1a: Iron Hands|atk|1\n|-fail|p1b: Landorus|unboost|[from] item: Clear Amulet|[of] p1b: Landorus\n|turn|5\n|\n|t:|1700173893\n|-terastallize|p2a: Arcanine|Fairy\n|move|p1b: Landorus|Protect|p1b: Landorus\n|-singleturn|p1b: Landorus|Protect\n|move|p2a: Arcanine|Flare Blitz|p1b: Landorus\n|-activate|p1b: Landorus|move: Protect\n|move|p2b: Iron Hands|Drain Punch|p1a: Iron Hands\n|-crit|p1a: Iron Hands\n|-damage|p1a: Iron Hands|29\/100\n|-heal|p2b: Iron Hands|57\/100|[from] drain|[of] p1a: Iron Hands\n|move|p1a: Iron Hands|Drain Punch|p2a: Arcanine\n|-resisted|p2a: Arcanine\n|-damage|p2a: Arcanine|82\/100\n|-heal|p1a: Iron Hands|35\/100|[from] drain|[of] p2a: Arcanine\n|\n|-weather|RainDance|[upkeep]\n|upkeep\n|turn|6\n|\n|t:|1700173918\n|move|p1a: Iron Hands|Fake Out||[still]\n|-hint|Fake Out only works on your first turn out.\n|-fail|p1a: Iron Hands\n|move|p1b: Landorus|Rock Slide|p2a: Arcanine|[spread] p2a,p2b\n|-resisted|p2b: Iron Hands\n|-damage|p2a: Arcanine|56\/100\n|-damage|p2b: Iron Hands|49\/100\n|move|p2a: Arcanine|Flare Blitz|p1a: Iron Hands\n|-damage|p1a: Iron Hands|7\/100\n|-damage|p2a: Arcanine|42\/100|[from] Recoil\n|move|p2b: Iron Hands|Drain Punch|p1b: Landorus\n|-resisted|p1b: Landorus\n|-damage|p1b: Landorus|0 fnt\n|-heal|p2b: Iron Hands|54\/100|[from] drain|[of] p1b: Landorus\n|faint|p1b: Landorus\n|\n|-weather|none\n|upkeep\n|turn|7\n|\n|t:|1700173938\n|move|p2a: Arcanine|Flare Blitz|p1a: Iron Hands\n|-damage|p1a: Iron Hands|0 fnt\n|faint|p1a: Iron Hands\n|-end|p1a: Iron Hands|Quark Drive|[silent]\n|-damage|p2a: Arcanine|39\/100|[from] Recoil\n|\n|win|Bubbles303\n|raw|Jeffrey1738's rating: 1103 &rarr; <strong>1079<\/strong><br \/>(-24 for losing)\n|raw|Bubbles303's rating: 1115 &rarr; <strong>1139<\/strong><br \/>(+24 for winning)\n|c|\u2606Bubbles303|gg\n","uploadtime":1700173944,"views":14,"p1id":"jeffrey1738","p2id":"bubbles303","formatid":"gen9vgc2023regulatione","rating":1079,"private":0,"password":""}