{"id":"gen9vgc2023regulatione-1998245412","p1":"newusernovice","p2":"gaia888p","format":"[Gen 9] VGC 2023 Regulation E","log":"|j|\u2606newusernovice\n|j|\u2606gaia888p\n|t:|1700919101\n|gametype|doubles\n|player|p1|newusernovice|brawly|1397\n|player|p2|gaia888p|flannery|1380\n|teamsize|p1|6\n|teamsize|p2|6\n|gen|9\n|tier|[Gen 9] VGC 2023 Regulation E\n|rated|\n|rule|Species Clause: Limit one of each Pok\u00e9mon\n|rule|Item Clause: Limit one of each item\n|clearpoke\n|poke|p1|Arcanine-Hisui, L50, M|\n|poke|p1|Tornadus, L50, M|\n|poke|p1|Urshifu-*, L50, M|\n|poke|p1|Flutter Mane, L50|\n|poke|p1|Rillaboom, L50, M|\n|poke|p1|Ogerpon-Wellspring, L50, F|\n|poke|p2|Iron Hands, L50|\n|poke|p2|Articuno, L50|\n|poke|p2|Ninetales-Alola, L50, M|\n|poke|p2|Ogerpon-Wellspring, L50, F|\n|poke|p2|Chien-Pao, L50|\n|poke|p2|Arcanine-Hisui, L50, F|\n|teampreview|4\n|inactive|Battle timer is ON: inactive players will automatically lose when time's up. (requested by gaia888p)\n|inactive|newusernovice also wants the timer to be on.\n|inactive|gaia888p has 60 seconds left.\n|\n|t:|1700919131\n|start\n|switch|p1a: Tornadus|Tornadus, L50, M|100\/100\n|switch|p1b: Arcanine|Arcanine-Hisui, L50, M, shiny|100\/100\n|switch|p2a: Ninetales|Ninetales-Alola, L50, M|100\/100\n|switch|p2b: Iron Hands|Iron Hands, L50|100\/100\n|-weather|Snow|[from] ability: Snow Warning|[of] p2a: Ninetales\n|-ability|p1b: Arcanine|Intimidate|boost\n|-unboost|p2a: Ninetales|atk|1\n|-unboost|p2b: Iron Hands|atk|1\n|turn|1\n|inactive|newusernovice has 30 seconds left.\n|\n|t:|1700919159\n|-terastallize|p1b: Arcanine|Fairy\n|move|p1a: Tornadus|Rain Dance|p1a: Tornadus\n|-weather|RainDance\n|move|p2a: Ninetales|Freeze-Dry|p1a: Tornadus\n|-supereffective|p1a: Tornadus\n|-damage|p1a: Tornadus|24\/100\n|-enditem|p1a: Tornadus|Sitrus Berry|[eat]\n|-heal|p1a: Tornadus|49\/100|[from] item: Sitrus Berry\n|move|p1b: Arcanine|Tera Blast|p2b: Iron Hands|[anim] Tera Blast Fairy\n|-supereffective|p2b: Iron Hands\n|-damage|p2b: Iron Hands|24\/100\n|-damage|p1b: Arcanine|91\/100|[from] item: Life Orb\n|move|p2b: Iron Hands|Drain Punch|p1b: Arcanine\n|-resisted|p1b: Arcanine\n|-damage|p1b: Arcanine|73\/100\n|-heal|p2b: Iron Hands|31\/100|[from] drain|[of] p1b: Arcanine\n|\n|-weather|RainDance|[upkeep]\n|upkeep\n|turn|2\n|\n|t:|1700919181\n|switch|p2a: Ogerpon|Ogerpon-Wellspring, L50, F|100\/100\n|move|p1a: Tornadus|Protect|p1a: Tornadus\n|-singleturn|p1a: Tornadus|Protect\n|move|p1b: Arcanine|Rock Slide|p2a: Ogerpon|[spread] \n|-miss|p1b: Arcanine|p2a: Ogerpon\n|-miss|p1b: Arcanine|p2b: Iron Hands\n|move|p2b: Iron Hands|Wild Charge|p1a: Tornadus\n|-activate|p1a: Tornadus|move: Protect\n|\n|-weather|RainDance|[upkeep]\n|upkeep\n|turn|3\n|inactive|newusernovice has 30 seconds left.\n|inactive|newusernovice has 20 seconds left.\n|\n|t:|1700919220\n|-end|p2b: Iron Hands|Quark Drive|[silent]\n|switch|p2b: Articuno|Articuno, L50, shiny|100\/100\n|move|p1a: Tornadus|Tailwind|p1a: Tornadus\n|-sidestart|p1: newusernovice|move: Tailwind\n|move|p1b: Arcanine|Tera Blast|p2a: Ogerpon|[anim] Tera Blast Fairy\n|-damage|p2a: Ogerpon|40\/100\n|-damage|p1b: Arcanine|63\/100|[from] item: Life Orb\n|move|p2a: Ogerpon|Ivy Cudgel|p1b: Arcanine|[anim] Ivy Cudgel Water\n|-crit|p1b: Arcanine\n|-damage|p1b: Arcanine|0 fnt\n|faint|p1b: Arcanine\n|\n|-weather|RainDance|[upkeep]\n|upkeep\n|\n|t:|1700919235\n|switch|p1b: Flutter Mane|Flutter Mane, L50, shiny|100\/100\n|-enditem|p1b: Flutter Mane|Booster Energy\n|-activate|p1b: Flutter Mane|ability: Protosynthesis|[fromitem]\n|-start|p1b: Flutter Mane|protosynthesisspa\n|turn|4\n|inactive|gaia888p has 30 seconds left.\n|inactive|gaia888p has 20 seconds left.\n|\n|t:|1700919271\n|move|p2a: Ogerpon|Spiky Shield|p2a: Ogerpon\n|-singleturn|p2a: Ogerpon|move: Protect\n|move|p1a: Tornadus|Bleakwind Storm|p2b: Articuno|[spread] p2b\n|-activate|p2a: Ogerpon|move: Protect\n|-damage|p2b: Articuno|70\/100\n|move|p1b: Flutter Mane|Dazzling Gleam|p2a: Ogerpon|[spread] p2b\n|-activate|p2a: Ogerpon|move: Protect\n|-damage|p2b: Articuno|36\/100\n|move|p2b: Articuno|Hurricane|p1b: Flutter Mane\n|-damage|p1b: Flutter Mane|60\/100\n|\n|-weather|RainDance|[upkeep]\n|upkeep\n|turn|5\n|inactive|gaia888p has 30 seconds left.\n|\n|t:|1700919300\n|move|p1a: Tornadus|Bleakwind Storm|p2b: Articuno|[spread] p2a,p2b\n|-supereffective|p2a: Ogerpon\n|-damage|p2a: Ogerpon|0 fnt\n|-damage|p2b: Articuno|6\/100\n|faint|p2a: Ogerpon\n|move|p1b: Flutter Mane|Dazzling Gleam|p2b: Articuno\n|-damage|p2b: Articuno|0 fnt\n|faint|p2b: Articuno\n|\n|-weather|none\n|upkeep\n|-message|gaia888p forfeited.\n|\n|win|newusernovice\n|raw|newusernovice's rating: 1397 &rarr; <strong>1416<\/strong><br \/>(+19 for winning)\n|raw|gaia888p's rating: 1380 &rarr; <strong>1361<\/strong><br \/>(-19 for losing)\n|l|\u2606gaia888p\n","uploadtime":1700919321,"views":1,"p1id":"newusernovice","p2id":"gaia888p","formatid":"gen9vgc2023regulatione","rating":1361,"private":0,"password":""}