{"id":"gen9vgc2023regulatione-1995620423","p1":"huffingkoffinggas","p2":"oteriito","format":"[Gen 9] VGC 2023 Regulation E","log":"|j|\u2606huffingkoffinggas\n|j|\u2606oteriito\n|t:|1700588159\n|gametype|doubles\n|player|p1|huffingkoffinggas|medium|1141\n|player|p2|oteriito|101|1071\n|teamsize|p1|6\n|teamsize|p2|6\n|gen|9\n|tier|[Gen 9] VGC 2023 Regulation E\n|rated|\n|rule|Species Clause: Limit one of each Pok\u00e9mon\n|rule|Item Clause: Limit one of each item\n|clearpoke\n|poke|p1|Ursaluna-Bloodmoon, L50, M|\n|poke|p1|Iron Bundle, L50|\n|poke|p1|Sableye, L50, M|\n|poke|p1|Landorus, L50, M|\n|poke|p1|Tyranitar, L50, M|\n|poke|p1|Sinistcha-Masterpiece, L50|\n|poke|p2|Iron Hands, L50|\n|poke|p2|Ogerpon-Wellspring, L50, F|\n|poke|p2|Heatran, L50, F|\n|poke|p2|Landorus-Therian, L50, M|\n|poke|p2|Flutter Mane, L50|\n|poke|p2|Cresselia, L50, F|\n|teampreview|4\n|inactive|Battle timer is ON: inactive players will automatically lose when time's up. (requested by oteriito)\n|inactive|huffingkoffinggas also wants the timer to be on.\n|\n|t:|1700588189\n|start\n|switch|p1a: Landorus|Landorus, L50, M|100\/100\n|switch|p1b: Sableye|Sableye, L50, M|100\/100\n|switch|p2a: Landorus|Landorus-Therian, L50, M|100\/100\n|switch|p2b: Iron Hands|Iron Hands, L50|100\/100\n|-ability|p2a: Landorus|Intimidate|boost\n|-unboost|p1a: Landorus|atk|1\n|-unboost|p1b: Sableye|atk|1\n|turn|1\n|inactive|oteriito has 30 seconds left.\n|inactive|oteriito has 20 seconds left.\n|inactive|oteriito has 15 seconds left.\n|inactive|oteriito has 10 seconds left.\n|inactive|oteriito has 5 seconds left.\n|\n|t:|1700588244\n|move|p1a: Landorus|Protect|p1a: Landorus\n|-singleturn|p1a: Landorus|Protect\n|move|p1b: Sableye|Will-O-Wisp|p2a: Landorus\n|-status|p2a: Landorus|brn\n|move|p2a: Landorus|Stomping Tantrum|p1b: Sableye\n|-damage|p1b: Sableye|74\/100\n|move|p2b: Iron Hands|Wild Charge|p1a: Landorus\n|-activate|p1a: Landorus|move: Protect\n|\n|-damage|p2a: Landorus|94\/100 brn|[from] brn\n|upkeep\n|turn|2\n|inactive|oteriito has 30 seconds left.\n|\n|t:|1700588276\n|-terastallize|p2b: Iron Hands|Water\n|move|p1b: Sableye|Will-O-Wisp|p2b: Iron Hands\n|-status|p2b: Iron Hands|brn\n|move|p2a: Landorus|Stomping Tantrum|p1b: Sableye\n|-damage|p1b: Sableye|48\/100\n|move|p1a: Landorus|Stomping Tantrum|p2b: Iron Hands\n|-damage|p2b: Iron Hands|79\/100 brn\n|-damage|p1a: Landorus|91\/100|[from] item: Life Orb\n|move|p2b: Iron Hands|Heavy Slam|p1b: Sableye\n|-damage|p1b: Sableye|20\/100\n|\n|-damage|p2a: Landorus|88\/100 brn|[from] brn\n|-damage|p2b: Iron Hands|73\/100 brn|[from] brn\n|upkeep\n|turn|3\n|inactive|huffingkoffinggas has 30 seconds left.\n|inactive|huffingkoffinggas has 20 seconds left.\n|\n|t:|1700588313\n|switch|p1a: Sinistcha|Sinistcha-Masterpiece, L50|100\/100\n|-heal|p1b: Sableye|44\/100|[from] ability: Hospitality|[of] p1a: Sinistcha\n|switch|p1b: Ursaluna|Ursaluna-Bloodmoon, L50, M|100\/100\n|move|p2a: Landorus|Stomping Tantrum|p1b: Ursaluna\n|-damage|p1b: Ursaluna|84\/100\n|move|p2b: Iron Hands|Drain Punch|p1a: Sinistcha\n|-immune|p1a: Sinistcha\n|\n|-damage|p2a: Landorus|82\/100 brn|[from] brn\n|-damage|p2b: Iron Hands|67\/100 brn|[from] brn\n|upkeep\n|turn|4\n|inactive|oteriito has 30 seconds left.\n|\n|t:|1700588339\n|move|p1b: Ursaluna|Protect|p1b: Ursaluna\n|-singleturn|p1b: Ursaluna|Protect\n|move|p2a: Landorus|Stomping Tantrum|p1b: Ursaluna\n|-activate|p1b: Ursaluna|move: Protect\n|move|p2b: Iron Hands|Drain Punch|p1b: Ursaluna\n|-activate|p1b: Ursaluna|move: Protect\n|move|p1a: Sinistcha|Trick Room|p1a: Sinistcha\n|-fieldstart|move: Trick Room|[of] p1a: Sinistcha\n|\n|-damage|p2b: Iron Hands|61\/100 brn|[from] brn\n|-damage|p2a: Landorus|76\/100 brn|[from] brn\n|upkeep\n|turn|5\n|\n|t:|1700588354\n|move|p1b: Ursaluna|Hyper Voice|p2b: Iron Hands|[spread] p2a,p2b\n|-damage|p2a: Landorus|25\/100 brn\n|-damage|p2b: Iron Hands|39\/100 brn\n|-enditem|p1b: Ursaluna|Throat Spray\n|-boost|p1b: Ursaluna|spa|1|[from] item: Throat Spray\n|move|p1a: Sinistcha|Calm Mind|p1a: Sinistcha\n|-boost|p1a: Sinistcha|spa|1\n|-boost|p1a: Sinistcha|spd|1\n|move|p2b: Iron Hands|Drain Punch|p1b: Ursaluna\n|-supereffective|p1b: Ursaluna\n|-damage|p1b: Ursaluna|50\/100\n|-heal|p2b: Iron Hands|53\/100 brn|[from] drain|[of] p1b: Ursaluna\n|move|p2a: Landorus|Stomping Tantrum|p1b: Ursaluna\n|-damage|p1b: Ursaluna|34\/100\n|\n|-damage|p2b: Iron Hands|47\/100 brn|[from] brn\n|-damage|p2a: Landorus|19\/100 brn|[from] brn\n|upkeep\n|turn|6\n|\n|t:|1700588377\n|move|p1b: Ursaluna|Hyper Voice|p2a: Landorus|[spread] p2a,p2b\n|-damage|p2a: Landorus|0 fnt\n|-damage|p2b: Iron Hands|15\/100 brn\n|faint|p2a: Landorus\n|move|p1a: Sinistcha|Matcha Gotcha|p2b: Iron Hands\n|-supereffective|p2b: Iron Hands\n|-crit|p2b: Iron Hands\n|-damage|p2b: Iron Hands|0 fnt\n|faint|p2b: Iron Hands\n|-end|p2b: Iron Hands|Quark Drive|[silent]\n|\n|upkeep\n|\n|t:|1700588390\n|switch|p2b: Ogerpon|Ogerpon-Wellspring, L50, F|100\/100\n|switch|p2a: Flutter Mane|Flutter Mane, L50|100\/100\n|turn|7\n|\n|t:|1700588404\n|move|p2b: Ogerpon|Spiky Shield|p2b: Ogerpon\n|-singleturn|p2b: Ogerpon|move: Protect\n|move|p1b: Ursaluna|Hyper Voice|p2b: Ogerpon|[spread] p2a\n|-activate|p2b: Ogerpon|move: Protect\n|-crit|p2a: Flutter Mane\n|-damage|p2a: Flutter Mane|20\/100\n|move|p1a: Sinistcha|Matcha Gotcha|p2b: Ogerpon|[spread] p2a\n|-activate|p2b: Ogerpon|move: Protect\n|-damage|p2a: Flutter Mane|0 fnt\n|faint|p2a: Flutter Mane\n|-end|p2a: Flutter Mane|Protosynthesis|[silent]\n|\n|upkeep\n|turn|8\n|\n|t:|1700588416\n|move|p1b: Ursaluna|Hyper Voice|p2b: Ogerpon\n|-damage|p2b: Ogerpon|24\/100\n|move|p1a: Sinistcha|Matcha Gotcha|p2b: Ogerpon\n|-damage|p2b: Ogerpon|0 fnt\n|faint|p2b: Ogerpon\n|\n|win|huffingkoffinggas\n|raw|huffingkoffinggas's rating: 1168 &rarr; <strong>1186<\/strong><br \/>(+18 for winning)\n|raw|oteriito's rating: 1071 &rarr; <strong>1056<\/strong><br \/>(-15 for losing)\n|l|\u2606oteriito\n","uploadtime":1700588430,"views":1,"p1id":"huffingkoffinggas","p2id":"oteriito","formatid":"gen9vgc2023regulatione","rating":1056,"private":0,"password":""}