{"id":"gen9vgc2023regulatione-1988119356","p1":"Jayroyd1124","p2":"falcosan02","format":"[Gen 9] VGC 2023 Regulation E","log":"|j|\u2606Jayroyd1124\n|j|\u2606falcosan02\n|t:|1699671930\n|gametype|doubles\n|player|p1|Jayroyd1124|swimmerf-gen4|1397\n|player|p2|falcosan02|lucas|1384\n|teamsize|p1|6\n|teamsize|p2|6\n|gen|9\n|tier|[Gen 9] VGC 2023 Regulation E\n|rated|\n|rule|Species Clause: Limit one of each Pok\u00e9mon\n|rule|Item Clause: Limit one of each item\n|clearpoke\n|poke|p1|Roaring Moon, L50|\n|poke|p1|Landorus-Therian, L50, M|\n|poke|p1|Flutter Mane, L50|\n|poke|p1|Iron Hands, L50|\n|poke|p1|Tornadus, L50, M|\n|poke|p1|Ogerpon-Wellspring, L50, F|\n|poke|p2|Tornadus, L50, M|\n|poke|p2|Gholdengo, L50|\n|poke|p2|Brambleghast, L50, M|\n|poke|p2|Urshifu-*, L50, M|\n|poke|p2|Regidrago, L50|\n|poke|p2|Farigiraf, L50, F|\n|teampreview|4\n|\n|t:|1699671980\n|start\n|switch|p1a: :)|Landorus-Therian, L50, M|100\/100\n|switch|p1b: Brian Hands|Iron Hands, L50|100\/100\n|switch|p2a: Tornadus|Tornadus, L50, M|100\/100\n|switch|p2b: Gholdengo|Gholdengo, L50|100\/100\n|-ability|p1a: :)|Intimidate|boost\n|-unboost|p2a: Tornadus|atk|1\n|-unboost|p2b: Gholdengo|atk|1\n|turn|1\n|\n|t:|1699672020\n|-terastallize|p2b: Gholdengo|Fairy\n|move|p2a: Tornadus|Tailwind|p2a: Tornadus\n|-sidestart|p2: falcosan02|move: Tailwind\n|move|p2b: Gholdengo|Dazzling Gleam|p1a: :)|[spread] p1a,p1b\n|-supereffective|p1b: Brian Hands\n|-damage|p1a: :)|40\/100\n|-damage|p1b: Brian Hands|53\/100\n|move|p1a: :)|U-turn|p2b: Gholdengo\n|-resisted|p2b: Gholdengo\n|-damage|p2b: Gholdengo|83\/100\n|inactive|Battle timer is ON: inactive players will automatically lose when time's up. (requested by falcosan02)\n|\n|t:|1699672069\n|switch|p1a: futter man|Flutter Mane, L50|100\/100|[from] U-turn\n|move|p1b: Brian Hands|Wild Charge|p2a: Tornadus\n|-supereffective|p2a: Tornadus\n|-enditem|p2a: Tornadus|Focus Sash\n|-damage|p2a: Tornadus|1\/100\n|-damage|p1b: Brian Hands|36\/100|[from] Recoil\n|\n|upkeep\n|turn|2\n|inactive|Jayroyd1124 has 30 seconds left.\n|inactive|Jayroyd1124 has 20 seconds left.\n|\n|t:|1699672108\n|move|p2a: Tornadus|Air Slash|p1a: futter man\n|-damage|p1a: futter man|57\/100\n|move|p2b: Gholdengo|Dazzling Gleam|p1a: futter man|[spread] p1a,p1b\n|-supereffective|p1b: Brian Hands\n|-damage|p1a: futter man|1\/100\n|-damage|p1b: Brian Hands|0 fnt\n|faint|p1b: Brian Hands\n|-end|p1b: Brian Hands|Quark Drive|[silent]\n|cant|p1a: futter man|flinch\n|\n|upkeep\n|inactive|Jayroyd1124 has 30 seconds left.\n|inactive|Jayroyd1124 has 20 seconds left.\n|inactive|Jayroyd1124 has 15 seconds left.\n|inactive|Jayroyd1124 has 10 seconds left.\n|inactive|Jayroyd1124 has 5 seconds left.\n|\n|t:|1699672158\n|switch|p1b: :)|Landorus-Therian, L50, M|40\/100\n|-ability|p1b: :)|Intimidate|boost\n|-unboost|p2a: Tornadus|atk|1\n|-unboost|p2b: Gholdengo|atk|1\n|turn|3\n|\n|t:|1699672180\n|move|p2a: Tornadus|Air Slash|p1a: futter man\n|-damage|p1a: futter man|0 fnt\n|faint|p1a: futter man\n|-end|p1a: futter man|Protosynthesis|[silent]\n|move|p2b: Gholdengo|Dazzling Gleam|p1b: :)\n|-damage|p1b: :)|0 fnt\n|faint|p1b: :)\n|\n|upkeep\n|\n|t:|1699672187\n|switch|p1b: :) 2|Tornadus, L50, M|100\/100\n|turn|4\n|\n|t:|1699672193\n|move|p2a: Tornadus|Protect|p2a: Tornadus\n|-singleturn|p2a: Tornadus|Protect\n|move|p2b: Gholdengo|Dazzling Gleam|p1b: :) 2\n|-damage|p1b: :) 2|19\/100\n|move|p1b: :) 2|Icy Wind|p2a: Tornadus|[spread] p2b\n|-activate|p2a: Tornadus|move: Protect\n|-damage|p2b: Gholdengo|66\/100\n|-unboost|p2b: Gholdengo|spe|1\n|\n|-sideend|p2: falcosan02|move: Tailwind\n|upkeep\n|turn|5\n|-message|Jayroyd1124 forfeited.\n|\n|win|falcosan02\n|raw|Jayroyd1124's rating: 1397 &rarr; <strong>1376<\/strong><br \/>(-21 for losing)\n|raw|falcosan02's rating: 1384 &rarr; <strong>1405<\/strong><br \/>(+21 for winning)\n|l|\u2606Jayroyd1124\n","uploadtime":1699672211,"views":14,"p1id":"jayroyd1124","p2id":"falcosan02","formatid":"gen9vgc2023regulatione","rating":1376,"private":0,"password":""}