{"id":"gen9vgc2023regulatione-1989355386","p1":"HatesPokemon24","p2":"PotatoFoe11","format":"[Gen 9] VGC 2023 Regulation E","log":"|j|\u203dHatesPokemon24\n|j|\u2606PotatoFoe11\n|t:|1699840034\n|gametype|doubles\n|player|p1|HatesPokemon24|officeworker-gen9|1108\n|player|p2|PotatoFoe11|policeman-gen4|1154\n|teamsize|p1|6\n|teamsize|p2|6\n|gen|9\n|tier|[Gen 9] VGC 2023 Regulation E\n|rated|\n|rule|Species Clause: Limit one of each Pok\u00e9mon\n|rule|Item Clause: Limit one of each item\n|clearpoke\n|poke|p1|Flutter Mane, L50|\n|poke|p1|Urshifu-*, L50, F|\n|poke|p1|Amoonguss, L50, M|\n|poke|p1|Tornadus, L50, M|\n|poke|p1|Iron Hands, L50|\n|poke|p1|Heatran, L50, F|\n|poke|p2|Tornadus, L50, M|\n|poke|p2|Ogerpon-Wellspring, L50, F|\n|poke|p2|Arcanine-Hisui, L50, F|\n|poke|p2|Rillaboom, L50, F|\n|poke|p2|Flutter Mane, L50|\n|poke|p2|Chien-Pao, L50|\n|teampreview|4\nHatesPokemon24 rejected open team sheets.\n|inactive|Battle timer is ON: inactive players will automatically lose when time's up. (requested by PotatoFoe11)\n|\n|t:|1699840079\n|start\n|switch|p1a: Tornadus|Tornadus, L50, M|100\/100\n|switch|p1b: Heatran|Heatran, L50, F|100\/100\n|switch|p2a: Tornadus|Tornadus, L50, M|100\/100\n|switch|p2b: Arcanine|Arcanine-Hisui, L50, F|100\/100\n|-ability|p2b: Arcanine|Intimidate|boost\n|-unboost|p1a: Tornadus|atk|1\n|-unboost|p1b: Heatran|atk|1\n|turn|1\n|\n|t:|1699840095\n|switch|p2b: Ogerpon|Ogerpon-Wellspring, L50, F|100\/100\n|-terastallize|p1b: Heatran|Grass\n|move|p1a: Tornadus|Taunt|p2a: Tornadus\n|-start|p2a: Tornadus|move: Taunt\n|cant|p2a: Tornadus|move: Taunt|Tailwind\n|move|p1b: Heatran|Earth Power|p2b: Ogerpon\n|-resisted|p2b: Ogerpon\n|-damage|p2b: Ogerpon|84\/100\n|-unboost|p2b: Ogerpon|spd|1\n|\n|upkeep\n|turn|2\n|inactive|HatesPokemon24 has 30 seconds left.\n|\n|t:|1699840124\n|move|p2b: Ogerpon|Spiky Shield|p2b: Ogerpon\n|-singleturn|p2b: Ogerpon|move: Protect\n|move|p1a: Tornadus|Tailwind|p1a: Tornadus\n|-sidestart|p1: HatesPokemon24|move: Tailwind\n|move|p1b: Heatran|Heat Wave|p2b: Ogerpon|[spread] p2a\n|-activate|p2b: Ogerpon|move: Protect\n|-damage|p2a: Tornadus|57\/100\n|move|p2a: Tornadus|Bleakwind Storm|p1b: Heatran|[spread] \n|-miss|p2a: Tornadus|p1a: Tornadus\n|-miss|p2a: Tornadus|p1b: Heatran\n|\n|upkeep\n|turn|3\n|\n|t:|1699840142\n|switch|p2b: Flutter Mane|Flutter Mane, L50|100\/100\n|-enditem|p2b: Flutter Mane|Booster Energy\n|-activate|p2b: Flutter Mane|ability: Protosynthesis|[fromitem]\n|-start|p2b: Flutter Mane|protosynthesisspa\n|move|p1b: Heatran|Protect|p1b: Heatran\n|-singleturn|p1b: Heatran|Protect\n|move|p1a: Tornadus|Bleakwind Storm|p2a: Tornadus|[spread] p2a,p2b\n|-crit|p2a: Tornadus\n|-damage|p2a: Tornadus|6\/100\n|-damage|p2b: Flutter Mane|72\/100\n|move|p2a: Tornadus|Bleakwind Storm|p1a: Tornadus|[spread] \n|-activate|p1b: Heatran|move: Protect\n|-miss|p2a: Tornadus|p1a: Tornadus\n|\n|-end|p2a: Tornadus|move: Taunt\n|upkeep\n|turn|4\n|\n|t:|1699840167\n|move|p1a: Tornadus|Bleakwind Storm|p2b: Flutter Mane|[spread] p2a,p2b\n|-damage|p2a: Tornadus|0 fnt\n|-damage|p2b: Flutter Mane|41\/100\n|-unboost|p2b: Flutter Mane|spe|1\n|faint|p2a: Tornadus\n|move|p1b: Heatran|Heat Wave|p2b: Flutter Mane\n|-damage|p2b: Flutter Mane|0 fnt\n|faint|p2b: Flutter Mane\n|-end|p2b: Flutter Mane|Protosynthesis|[silent]\n|\n|upkeep\n|\n|t:|1699840174\n|switch|p2b: Arcanine|Arcanine-Hisui, L50, F|100\/100\n|switch|p2a: Ogerpon|Ogerpon-Wellspring, L50, F|84\/100\n|-ability|p2b: Arcanine|Intimidate|boost\n|-unboost|p1a: Tornadus|atk|1\n|-unboost|p1b: Heatran|atk|1\n|turn|5\n|\n|t:|1699840186\n|-terastallize|p2a: Ogerpon|Water\n|detailschange|p2a: Ogerpon|Ogerpon-Wellspring-Tera, L50, F, tera:Water\n|-ability|p2a: Ogerpon|Embody Aspect (Wellspring)|boost\n|-boost|p2a: Ogerpon|spd|1\n|move|p1a: Tornadus|Bleakwind Storm|p2a: Ogerpon|[spread] \n|-miss|p1a: Tornadus|p2a: Ogerpon\n|-miss|p1a: Tornadus|p2b: Arcanine\n|move|p1b: Heatran|Earth Power|p2b: Arcanine\n|-supereffective|p2b: Arcanine\n|-damage|p2b: Arcanine|0 fnt\n|faint|p2b: Arcanine\n|move|p2a: Ogerpon|Ivy Cudgel|p1a: Tornadus\n|-damage|p1a: Tornadus|0 fnt\n|faint|p1a: Tornadus\n|\n|-sideend|p1: HatesPokemon24|move: Tailwind\n|upkeep\n|\n|t:|1699840205\n|switch|p1a: Amoonguss|Amoonguss, L50, M|100\/100\n|turn|6\n|\n|t:|1699840211\n|move|p2a: Ogerpon|Spiky Shield|p2a: Ogerpon\n|-singleturn|p2a: Ogerpon|move: Protect\n|move|p1b: Heatran|Tera Blast|p2a: Ogerpon|[anim] Tera Blast Grass\n|-activate|p2a: Ogerpon|move: Protect\n|move|p1a: Amoonguss|Spore|p2a: Ogerpon\n|-activate|p2a: Ogerpon|move: Protect\n|\n|upkeep\n|turn|7\n|\n|t:|1699840222\n|move|p2a: Ogerpon|Ivy Cudgel|p1b: Heatran\n|-resisted|p1b: Heatran\n|-damage|p1b: Heatran|67\/100\n|move|p1b: Heatran|Tera Blast|p2a: Ogerpon|[anim] Tera Blast Grass\n|-supereffective|p2a: Ogerpon\n|-damage|p2a: Ogerpon|26\/100\n|move|p1a: Amoonguss|Spore|p2a: Ogerpon\n|-status|p2a: Ogerpon|slp|[from] move: Spore\n|\n|-heal|p1b: Heatran|73\/100|[from] item: Leftovers\n|upkeep\n|turn|8\n|\n|t:|1699840236\n|cant|p2a: Ogerpon|slp\n|move|p1b: Heatran|Tera Blast|p2a: Ogerpon|[anim] Tera Blast Grass\n|-supereffective|p2a: Ogerpon\n|-damage|p2a: Ogerpon|0 fnt\n|faint|p2a: Ogerpon\n|\n|win|HatesPokemon24\n|raw|HatesPokemon24's rating: 1108 &rarr; <strong>1136<\/strong><br \/>(+28 for winning)\n|raw|PotatoFoe11's rating: 1154 &rarr; <strong>1126<\/strong><br \/>(-28 for losing)\n|l|\u2606PotatoFoe11\n","uploadtime":1699840247,"views":15,"p1id":"hatespokemon24","p2id":"potatofoe11","formatid":"gen9vgc2023regulatione","rating":1126,"private":0,"password":""}