{"id":"gen9vgc2023regulatione-1996310433","p1":"Holibrand","p2":"BoCo365","format":"[Gen 9] VGC 2023 Regulation E","log":"|j|\u2606Holibrand\n|j|\u2606BoCo365\n|t:|1700669924\n|gametype|doubles\n|player|p1|Holibrand|pokemonbreeder-gen4|1170\n|player|p2|BoCo365|roxie|1127\n|teamsize|p1|6\n|teamsize|p2|6\n|gen|9\n|tier|[Gen 9] VGC 2023 Regulation E\n|rated|\n|rule|Species Clause: Limit one of each Pok\u00e9mon\n|rule|Item Clause: Limit one of each item\n|clearpoke\n|poke|p1|Chi-Yu, L50|\n|poke|p1|Amoonguss, L50, M|\n|poke|p1|Rillaboom, L50, M|\n|poke|p1|Flutter Mane, L50|\n|poke|p1|Landorus-Therian, L50, M|\n|poke|p1|Tornadus, L50, M|\n|poke|p2|Sableye, L50, M|\n|poke|p2|Cramorant, L50, F|\n|poke|p2|Poliwrath, L50, F|\n|poke|p2|Sinistcha, L50|\n|poke|p2|Iron Hands, L50|\n|poke|p2|Moltres-Galar, L50|\n|teampreview|4\n|inactive|Battle timer is ON: inactive players will automatically lose when time's up. (requested by Holibrand)\n|inactive|Holibrand has 60 seconds left.\n|inactive|Holibrand has 30 seconds left.\n|\n|t:|1700669988\n|start\n|switch|p1a: Rillaboom|Rillaboom, L50, M, shiny|100\/100\n|switch|p1b: Amoonguss|Amoonguss, L50, M|100\/100\n|switch|p2a: Cramorant|Cramorant, L50, F, shiny|100\/100\n|switch|p2b: Poliwrath|Poliwrath, L50, F|100\/100\n|-fieldstart|move: Grassy Terrain|[from] ability: Grassy Surge|[of] p1a: Rillaboom\n|turn|1\n|\n|t:|1700670007\n|move|p1a: Rillaboom|Fake Out|p2a: Cramorant\n|-damage|p2a: Cramorant|69\/100\n|cant|p2a: Cramorant|flinch\n|move|p2b: Poliwrath|Ice Punch|p1b: Amoonguss\n|-supereffective|p1b: Amoonguss\n|-damage|p1b: Amoonguss|43\/100\n|-damage|p2b: Poliwrath|91\/100|[from] item: Life Orb\n|move|p1b: Amoonguss|Spore|p2a: Cramorant\n|-status|p2a: Cramorant|slp|[from] move: Spore\n|\n|-heal|p2b: Poliwrath|97\/100|[from] Grassy Terrain\n|-heal|p1b: Amoonguss|49\/100|[from] Grassy Terrain\n|upkeep\n|turn|2\n|\n|t:|1700670028\n|switch|p1b: Flutter Mane|Flutter Mane, L50|100\/100\n|-enditem|p1b: Flutter Mane|Booster Energy\n|-activate|p1b: Flutter Mane|ability: Protosynthesis|[fromitem]\n|-start|p1b: Flutter Mane|protosynthesisspa\n|-terastallize|p1a: Rillaboom|Grass\n|move|p1a: Rillaboom|Grassy Glide|p2b: Poliwrath\n|-supereffective|p2b: Poliwrath\n|-damage|p2b: Poliwrath|0 fnt\n|faint|p2b: Poliwrath\n|cant|p2a: Cramorant|slp\n|\n|upkeep\n|\n|t:|1700670051\n|switch|p2b: Sinistcha|Sinistcha, L50|100\/100\n|-heal|p2a: Cramorant|94\/100 slp|[from] ability: Hospitality|[of] p2b: Sinistcha\n|turn|3\n|\n|t:|1700670057\n|move|p2b: Sinistcha|Protect|p2b: Sinistcha\n|-singleturn|p2b: Sinistcha|Protect\n|move|p1b: Flutter Mane|Shadow Ball|p2b: Sinistcha\n|-activate|p2b: Sinistcha|move: Protect\n|-curestatus|p2a: Cramorant|slp|[msg]\n|move|p2a: Cramorant|Surf|p1a: Rillaboom|[spread] p1a,p1b\n|-activate|p2b: Sinistcha|move: Protect\n|-formechange|p2a: Cramorant|Cramorant-Gulping|\n|-resisted|p1a: Rillaboom\n|-damage|p1a: Rillaboom|89\/100\n|-damage|p1b: Flutter Mane|66\/100\n|move|p1a: Rillaboom|Knock Off|p2b: Sinistcha\n|-activate|p2b: Sinistcha|move: Protect\n|\n|-heal|p1b: Flutter Mane|72\/100|[from] Grassy Terrain\n|-heal|p1a: Rillaboom|95\/100|[from] Grassy Terrain\n|upkeep\n|turn|4\n|inactive|BoCo365 has 30 seconds left.\n|inactive|BoCo365 has 20 seconds left.\n|\n|t:|1700670093\n|switch|p2b: Moltres|Moltres-Galar, L50|100\/100\n|move|p1a: Rillaboom|Grassy Glide|p2a: Cramorant\n|-damage|p2a: Cramorant|0 fnt\n|-damage|p1a: Rillaboom|70\/100|[from] ability: Gulp Missile|[of] p2a: Cramorant\n|-unboost|p1a: Rillaboom|def|1\n|-formechange|p2a: Cramorant|Cramorant|\n|faint|p2a: Cramorant\n|move|p1b: Flutter Mane|Shadow Ball|p2b: Moltres\n|-resisted|p2b: Moltres\n|-damage|p2b: Moltres|73\/100\n|\n|-heal|p1b: Flutter Mane|77\/100|[from] Grassy Terrain\n|-heal|p1a: Rillaboom|76\/100|[from] Grassy Terrain\n|upkeep\n|\n|t:|1700670105\n|switch|p2a: Sinistcha|Sinistcha, L50|100\/100\n|-heal|p2b: Moltres|98\/100|[from] ability: Hospitality|[of] p2a: Sinistcha\n|turn|5\n|\n|t:|1700670114\n|move|p2a: Sinistcha|Protect|p2a: Sinistcha\n|-singleturn|p2a: Sinistcha|Protect\n|move|p1b: Flutter Mane|Moonblast|p2b: Moltres\n|-supereffective|p2b: Moltres\n|-damage|p2b: Moltres|0 fnt\n|faint|p2b: Moltres\n|move|p1a: Rillaboom|Knock Off|p2a: Sinistcha\n|-activate|p2a: Sinistcha|move: Protect\n|\n|-heal|p1b: Flutter Mane|83\/100|[from] Grassy Terrain\n|-heal|p1a: Rillaboom|82\/100|[from] Grassy Terrain\n|-fieldend|move: Grassy Terrain\n|upkeep\n|turn|6\n|-message|BoCo365 forfeited.\n|\n|win|Holibrand\n|raw|Holibrand's rating: 1170 &rarr; <strong>1192<\/strong><br \/>(+22 for winning)\n|raw|BoCo365's rating: 1127 &rarr; <strong>1105<\/strong><br \/>(-22 for losing)\n|l|\u2606BoCo365\n","uploadtime":1700670135,"views":6,"p1id":"holibrand","p2id":"boco365","formatid":"gen9vgc2023regulatione","rating":1105,"private":0,"password":""}