{"id":"gen9vgc2023regulatione-1999079596","p1":"omg_its_daddy","p2":"BBRAFF","format":"[Gen 9] VGC 2023 Regulation E","log":"|j|\u2606omg_its_daddy\n|j|\u2606BBRAFF\n|t:|1701030973\n|gametype|doubles\n|player|p1|omg_its_daddy|2|\n|player|p2|BBRAFF|cyclist|\n|teamsize|p1|6\n|teamsize|p2|6\n|gen|9\n|tier|[Gen 9] VGC 2023 Regulation E\n|rule|Species Clause: Limit one of each Pok\u00e9mon\n|rule|Item Clause: Limit one of each item\n|clearpoke\n|poke|p1|Volbeat, L50, M|\n|poke|p1|Rotom-Wash, L50|\n|poke|p1|Moltres, L50|\n|poke|p1|Krookodile, L50, F|\n|poke|p1|Clefable, L50, M|\n|poke|p1|Slowbro-Galar, L50, M|\n|poke|p2|Ogerpon-Cornerstone, L50, F|\n|poke|p2|Iron Moth, L50|\n|poke|p2|Regidrago, L50|\n|poke|p2|Illumise, L50, F|\n|poke|p2|Magnezone, L50|\n|poke|p2|Avalugg, L50, M|\n|teampreview|4\nBBRAFF rejected open team sheets.\n|c|\u2606omg_its_daddy|how does the b03 work?\n|c|\u2606BBRAFF|you didn't send the bo3\n|c|\u2606omg_its_daddy|i havent done it lol\n|c|\u2606BBRAFF|you just sent a normal battle\n|c|\u2606omg_its_daddy|oh really?\n|c|\u2606omg_its_daddy|ok nvm then\n|c|\u2606BBRAFF|it doesn't make a huge a difference\n|c|\u2606BBRAFF|so we can just go normally\n|c|\u2606omg_its_daddy|ah i see\n|c|\u2606omg_its_daddy|my bad\n|c|\u2606BBRAFF|g1\n|c|\u2606omg_its_daddy|glhf!\n|c|\u2606BBRAFF|u2!\n|\n|t:|1701031158\n|start\n|switch|p1a: Mr Rogers|Volbeat, L50, M, shiny|100\/100\n|switch|p1b: Ember|Moltres, L50, shiny|100\/100\n|switch|p2a: Vhagar|Regidrago, L50|100\/100\n|switch|p2b: Mushroom|Illumise, L50, F|100\/100\n|turn|1\n|\n|t:|1701031200\n|-terastallize|p1b: Ember|Fairy\n|move|p2b: Mushroom|Tailwind|p2b: Mushroom\n|-sidestart|p2: BBRAFF|move: Tailwind\n|move|p1a: Mr Rogers|Rain Dance|p1a: Mr Rogers\n|-weather|RainDance\n|move|p2a: Vhagar|Dragon Energy|p1b: Ember|[spread] p1a\n|-immune|p1b: Ember\n|-damage|p1a: Mr Rogers|19\/100\n|move|p1b: Ember|Hurricane|p2a: Vhagar\n|-damage|p2a: Vhagar|16\/100\n|-start|p2a: Vhagar|confusion\n|-damage|p1b: Ember|91\/100|[from] item: Life Orb\n|\n|-weather|RainDance|[upkeep]\n|upkeep\n|turn|2\n|c|\u2606BBRAFF|do you want timer?\n|\n|t:|1701031226\n|switch|p2a: Borros Baratheon|Magnezone, L50|100\/100\n|move|p2b: Mushroom|Encore|p1a: Mr Rogers\n|-start|p1a: Mr Rogers|Encore\n|-enditem|p1a: Mr Rogers|Mental Herb\n|-end|p1a: Mr Rogers|Encore\n|move|p1a: Mr Rogers|Tailwind|p1a: Mr Rogers\n|-sidestart|p1: omg_its_daddy|move: Tailwind\n|move|p1b: Ember|Hurricane|p2b: Mushroom\n|-supereffective|p2b: Mushroom\n|-damage|p2b: Mushroom|0 fnt\n|faint|p2b: Mushroom\n|-damage|p1b: Ember|81\/100|[from] item: Life Orb\n|\n|-weather|RainDance|[upkeep]\n|upkeep\n|\n|t:|1701031237\n|switch|p2b: Vhagar|Regidrago, L50|16\/100\n|turn|3\n|c|\u2606omg_its_daddy|nah idc\n|\n|t:|1701031271\n|move|p2b: Vhagar|Dragon Pulse|p1a: Mr Rogers\n|-damage|p1a: Mr Rogers|0 fnt\n|faint|p1a: Mr Rogers\n|move|p1b: Ember|Hurricane|p2b: Vhagar\n|-damage|p2b: Vhagar|0 fnt\n|faint|p2b: Vhagar\n|-damage|p1b: Ember|71\/100|[from] item: Life Orb\n|move|p2a: Borros Baratheon|Flash Cannon|p1b: Ember\n|-supereffective|p1b: Ember\n|-damage|p1b: Ember|0 fnt\n|faint|p1b: Ember\n|\n|-weather|RainDance|[upkeep]\n|upkeep\n|\n|t:|1701031277\n|switch|p1b: Bluey|Rotom-Wash, L50|100\/100\n|switch|p2b: Viserys Targaryen|Ogerpon-Cornerstone, L50, F|100\/100\n|switch|p1a: Tinkerbelle|Clefable, L50, M, shiny|100\/100\n|turn|4\n|\n|t:|1701031314\n|move|p1a: Tinkerbelle|Follow Me|p1a: Tinkerbelle\n|-singleturn|p1a: Tinkerbelle|move: Follow Me\n|move|p1b: Bluey|Hydro Pump|p2a: Borros Baratheon\n|-damage|p2a: Borros Baratheon|10\/100\n|move|p2b: Viserys Targaryen|Horn Leech|p1a: Tinkerbelle\n|-damage|p1a: Tinkerbelle|39\/100\n|move|p2a: Borros Baratheon|Flash Cannon|p1a: Tinkerbelle\n|-supereffective|p1a: Tinkerbelle\n|-damage|p1a: Tinkerbelle|0 fnt\n|faint|p1a: Tinkerbelle\n|\n|-weather|RainDance|[upkeep]\n|-sideend|p2: BBRAFF|move: Tailwind\n|upkeep\n|turn|5\n|\n|t:|1701031380\n|move|p2b: Viserys Targaryen|Spiky Shield|p2b: Viserys Targaryen\n|-singleturn|p2b: Viserys Targaryen|move: Protect\n|move|p2a: Borros Baratheon|Protect|p2a: Borros Baratheon\n|-singleturn|p2a: Borros Baratheon|Protect\n|move|p1b: Bluey|Hydro Pump|p2b: Viserys Targaryen\n|-activate|p2b: Viserys Targaryen|move: Protect\n|\n|-weather|none\n|-sideend|p1: omg_its_daddy|move: Tailwind\n|upkeep\n|turn|6\n|\n|t:|1701031390\n|move|p1b: Bluey|Hydro Pump|p2b: Viserys Targaryen\n|-damage|p2b: Viserys Targaryen|47\/100\n|move|p2b: Viserys Targaryen|Horn Leech|p1b: Bluey\n|-supereffective|p1b: Bluey\n|-damage|p1b: Bluey|0 fnt\n|-heal|p2b: Viserys Targaryen|87\/100|[from] drain|[of] p1b: Bluey\n|faint|p1b: Bluey\n|\n|win|BBRAFF\n|c|\u2606omg_its_daddy|gg!\n|c|\u2606BBRAFF|gg!\n|l|\u2606omg_its_daddy\n","uploadtime":1701031790,"views":48,"p1id":"omgitsdaddy","p2id":"bbraff","formatid":"gen9vgc2023regulatione","rating":0,"private":0,"password":""}