{"id":"gen9vgc2023regulatione-1994339277","p1":"Pink_SSB","p2":"TakinaVGC","format":"[Gen 9] VGC 2023 Regulation E","log":"|j|\u2606Pink_SSB\n|j|\u2606TakinaVGC\n|n|\u2606Pink_SSB|pinkssb\n|n|\u2606TakinaVGC|takinavgc\n|html|View the match progress at <a href=\"\/game-bestof3-gen9vgc2023regulatione-1994336414\">game-bestof3-gen9vgc2023regulatione-1994336414<\/a>\n|t:|1700432779\n|gametype|doubles\n|player|p1|Pink_SSB|1|\n|player|p2|TakinaVGC|cynthia|\n|teamsize|p1|6\n|teamsize|p2|6\n|gen|9\n|tier|[Gen 9] VGC 2023 Regulation E\n|rule|Species Clause: Limit one of each Pok\u00e9mon\n|rule|Item Clause: Limit one of each item\n|clearpoke\n|poke|p1|Eiscue, L50, M|\n|poke|p1|Iron Hands, L50|\n|poke|p1|Sinistcha, L50|\n|poke|p1|Landorus-Therian, L50, M|\n|poke|p1|Heatran, L50, M|\n|poke|p1|Flutter Mane, L50|\n|poke|p2|Arcanine-Hisui, L50, M|\n|poke|p2|Tornadus, L50, M|\n|poke|p2|Urshifu-*, L50, M|\n|poke|p2|Rillaboom, L50, M|\n|poke|p2|Regidrago, L50|\n|poke|p2|Scizor, L50, M|\n|teampreview|4\nPink_SSB has agreed to open team sheets.\nTakinaVGC has agreed to open team sheets.\n|showteam|p1|Eiscue||SitrusBerry|IceFace|IcicleCrash,Liquidation,BellyDrum,Protect|||M|||50|,,,,,Ghost]Iron Hands||AssaultVest|QuarkDrive|WildCharge,DrainPunch,FakeOut,HeavySlam||||||50|,,,,,Water]Sinistcha||RockyHelmet|Hospitality|MatchaGotcha,RagePowder,StrengthSap,TrickRoom||||||50|,,,,,Fire]Landorus-Therian||ChoiceScarf|Intimidate|StompingTantrum,TeraBlast,RockSlide,Uturn|||M|||50|,,,,,Flying]Heatran||Leftovers|FlashFire|FlashCannon,HeatWave,EarthPower,Protect|||M|||50|,,,,,Grass]Flutter Mane||BoosterEnergy|Protosynthesis|Moonblast,DazzlingGleam,ShadowBall,Protect||||||50|,,,,,Fairy\n|showteam|p2|Arcanine-Hisui||ChoiceBand|Intimidate|FlareBlitz,RockSlide,ExtremeSpeed,HeadSmash|||M|||50|,,,,,Water]Tornadus||SharpBeak|Prankster|Tailwind,BleakwindStorm,RainDance,Protect|||M|||50|,,,,,Dragon]Urshifu-Rapid-Strike||MysticWater|UnseenFist|SurgingStrikes,AquaJet,CloseCombat,Protect|||M|||50|,,,,,Water]Rillaboom||AssaultVest|GrassySurge|FakeOut,GrassyGlide,WoodHammer,HighHorsepower|||M|||50|,,,,,Fire]Regidrago||DragonFang|DragonsMaw|DragonEnergy,DracoMeteor,EarthPower,Protect||||||50|,,,,,Steel]Scizor||ClearAmulet|Technician|BulletPunch,BugBite,Protect,DualWingbeat|||M|||50|,,,,,Water\n|inactive|Battle timer is ON: inactive players will automatically lose when time's up. (requested by TakinaVGC)\n|inactive|Pink_SSB also wants the timer to be on.\n|\n|t:|1700432825\n|start\n|switch|p1a: Tera-Ass|Heatran, L50, M|100\/100\n|switch|p1b: Uncle Lando|Landorus-Therian, L50, M|100\/100\n|switch|p2a: Tornadus|Tornadus, L50, M|100\/100\n|switch|p2b: Urshifu|Urshifu-Rapid-Strike, L50, M|100\/100\n|-ability|p1b: Uncle Lando|Intimidate|boost\n|-unboost|p2a: Tornadus|atk|1\n|-unboost|p2b: Urshifu|atk|1\n|turn|1\n|inactive|TakinaVGC has 30 seconds left.\n|inactive|TakinaVGC has 20 seconds left.\n|inactive|TakinaVGC has 15 seconds left.\n|inactive|TakinaVGC has 10 seconds left.\n|\n|t:|1700432870\n|switch|p1b: Brian's Sippy Cup|Sinistcha, L50|100\/100\n|-terastallize|p2b: Urshifu|Water\n|move|p2a: Tornadus|Tailwind|p2a: Tornadus\n|-sidestart|p2: TakinaVGC|move: Tailwind\n|move|p2b: Urshifu|Surging Strikes|p1b: Brian's Sippy Cup\n|-resisted|p1b: Brian's Sippy Cup\n|-crit|p1b: Brian's Sippy Cup\n|-damage|p1b: Brian's Sippy Cup|85\/100\n|-damage|p2b: Urshifu|84\/100|[from] item: Rocky Helmet|[of] p1b: Brian's Sippy Cup\n|-resisted|p1b: Brian's Sippy Cup\n|-crit|p1b: Brian's Sippy Cup\n|-damage|p1b: Brian's Sippy Cup|70\/100\n|-damage|p2b: Urshifu|67\/100|[from] item: Rocky Helmet|[of] p1b: Brian's Sippy Cup\n|-resisted|p1b: Brian's Sippy Cup\n|-crit|p1b: Brian's Sippy Cup\n|-damage|p1b: Brian's Sippy Cup|53\/100\n|-damage|p2b: Urshifu|51\/100|[from] item: Rocky Helmet|[of] p1b: Brian's Sippy Cup\n|-hitcount|p1b: Brian's Sippy Cup|3\n|move|p1a: Tera-Ass|Flash Cannon|p2a: Tornadus\n|-damage|p2a: Tornadus|46\/100\n|\n|upkeep\n|turn|2\n|inactive|Pink_SSB has 30 seconds left.\n|inactive|Pink_SSB has 20 seconds left.\n|inactive|Pink_SSB has 15 seconds left.\n|\n|t:|1700432912\n|move|p1b: Brian's Sippy Cup|Rage Powder|p1b: Brian's Sippy Cup\n|-singleturn|p1b: Brian's Sippy Cup|move: Rage Powder\n|move|p2b: Urshifu|Surging Strikes|p1b: Brian's Sippy Cup\n|-resisted|p1b: Brian's Sippy Cup\n|-crit|p1b: Brian's Sippy Cup\n|-damage|p1b: Brian's Sippy Cup|38\/100\n|-damage|p2b: Urshifu|34\/100|[from] item: Rocky Helmet|[of] p1b: Brian's Sippy Cup\n|-resisted|p1b: Brian's Sippy Cup\n|-crit|p1b: Brian's Sippy Cup\n|-damage|p1b: Brian's Sippy Cup|22\/100\n|-damage|p2b: Urshifu|18\/100|[from] item: Rocky Helmet|[of] p1b: Brian's Sippy Cup\n|-resisted|p1b: Brian's Sippy Cup\n|-crit|p1b: Brian's Sippy Cup\n|-damage|p1b: Brian's Sippy Cup|8\/100\n|-damage|p2b: Urshifu|1\/100|[from] item: Rocky Helmet|[of] p1b: Brian's Sippy Cup\n|-hitcount|p1b: Brian's Sippy Cup|3\n|move|p2a: Tornadus|Bleakwind Storm|p1b: Brian's Sippy Cup|[spread] p1a,p1b\n|-resisted|p1a: Tera-Ass\n|-supereffective|p1b: Brian's Sippy Cup\n|-damage|p1a: Tera-Ass|81\/100\n|-damage|p1b: Brian's Sippy Cup|0 fnt\n|-unboost|p1a: Tera-Ass|spe|1\n|faint|p1b: Brian's Sippy Cup\n|move|p1a: Tera-Ass|Flash Cannon|p2a: Tornadus\n|-damage|p2a: Tornadus|0 fnt\n|faint|p2a: Tornadus\n|\n|-heal|p1a: Tera-Ass|87\/100|[from] item: Leftovers\n|upkeep\n|\n|t:|1700432934\n|switch|p2a: Rillaboom|Rillaboom, L50, M|100\/100\n|switch|p1b: Brian Hands|Iron Hands, L50|100\/100\n|-fieldstart|move: Grassy Terrain|[from] ability: Grassy Surge|[of] p2a: Rillaboom\n|turn|3\n|\n|t:|1700432958\n|switch|p2b: Arcanine|Arcanine-Hisui, L50, M|100\/100\n|-ability|p2b: Arcanine|Intimidate|boost\n|-unboost|p1a: Tera-Ass|atk|1\n|-unboost|p1b: Brian Hands|atk|1\n|-terastallize|p1a: Tera-Ass|Grass\n|move|p2a: Rillaboom|Fake Out|p1a: Tera-Ass\n|-damage|p1a: Tera-Ass|75\/100\n|move|p1b: Brian Hands|Fake Out|p2b: Arcanine\n|-resisted|p2b: Arcanine\n|-damage|p2b: Arcanine|95\/100\n|cant|p1a: Tera-Ass|flinch\n|\n|-heal|p2b: Arcanine|100\/100|[from] Grassy Terrain\n|-heal|p1a: Tera-Ass|81\/100|[from] Grassy Terrain\n|-heal|p1a: Tera-Ass|87\/100|[from] item: Leftovers\n|upkeep\n|turn|4\n|inactive|TakinaVGC has 30 seconds left.\n|\n|t:|1700432993\n|-end|p1b: Brian Hands|Quark Drive|[silent]\n|switch|p1b: Uncle Lando|Landorus-Therian, L50, M|100\/100\n|-ability|p1b: Uncle Lando|Intimidate|boost\n|-unboost|p2a: Rillaboom|atk|1\n|-unboost|p2b: Arcanine|atk|1\n|move|p2b: Arcanine|Rock Slide|p1b: Uncle Lando|[spread] p1a,p1b\n|-damage|p1a: Tera-Ass|62\/100\n|-damage|p1b: Uncle Lando|66\/100\n|move|p2a: Rillaboom|Wood Hammer|p1a: Tera-Ass\n|-resisted|p1a: Tera-Ass\n|-damage|p1a: Tera-Ass|41\/100\n|-damage|p2a: Rillaboom|94\/100|[from] Recoil\n|move|p1a: Tera-Ass|Earth Power|p2b: Arcanine\n|-supereffective|p2b: Arcanine\n|-damage|p2b: Arcanine|0 fnt\n|faint|p2b: Arcanine\n|\n|-heal|p2a: Rillaboom|99\/100|[from] Grassy Terrain\n|-heal|p1a: Tera-Ass|47\/100|[from] Grassy Terrain\n|-heal|p1a: Tera-Ass|54\/100|[from] item: Leftovers\n|-sideend|p2: TakinaVGC|move: Tailwind\n|upkeep\n|\n|t:|1700433003\n|switch|p2b: Urshifu|Urshifu-Rapid-Strike, L50, M, tera:Water|1\/100\n|turn|5\n|-message|TakinaVGC forfeited.\n|\n|win|Pink_SSB\n","uploadtime":1700433146,"views":6,"p1id":"pinkssb","p2id":"takinavgc","formatid":"gen9vgc2023regulatione","rating":0,"private":0,"password":""}