{"id":"gen9vgc2023regulatione-1996702083","p1":"pieminster","p2":"kick4life42","format":"[Gen 9] VGC 2023 Regulation E","log":"|j|\u2606pieminster\n|j|\u2606kick4life42\n|t:|1700711710\n|gametype|doubles\n|player|p1|pieminster|acetrainer-gen4dp|\n|player|p2|kick4life42|102|\n|teamsize|p1|6\n|teamsize|p2|6\n|gen|9\n|tier|[Gen 9] VGC 2023 Regulation E\n|rule|Species Clause: Limit one of each Pok\u00e9mon\n|rule|Item Clause: Limit one of each item\n|clearpoke\n|poke|p1|Espeon, L50, M|\n|poke|p1|Armarouge, L50, M|\n|poke|p1|Indeedee-F, L50, F|\n|poke|p1|Ursaluna, L50, M|\n|poke|p1|Goodra-Hisui, L50, F|\n|poke|p1|Dragalge, L50, M|\n|poke|p2|Flutter Mane, L50|\n|poke|p2|Gholdengo, L50|\n|poke|p2|Tauros-Paldea-Aqua, L50, M|\n|poke|p2|Tornadus, L50, M|\n|poke|p2|Mamoswine, L50, F|\n|poke|p2|Oranguru, L50, M|\n|teampreview|4\npieminster has agreed to open team sheets.\nkick4life42 has agreed to open team sheets.\n|showteam|p1|Espeon||CovertCloak|MagicBounce|Psychic,Yawn,Reflect,Protect|||M|||50|,,,,,Dark]Armarouge||LifeOrb|FlashFire|TrickRoom,HeatWave,ExpandingForce,EnergyBall|||M|||50|,,,,,Grass]Indeedee-F||PsychicSeed|PsychicSurge|TrickRoom,FollowMe,HelpingHand,DazzlingGleam|||F|||50|,,,,,Fairy]Ursaluna||FlameOrb|Guts|Protect,Facade,HighHorsepower,Earthquake|||M|||50|,,,,,Normal]Goodra-Hisui||AssaultVest|ShellArmor|HeavySlam,BodyPress,Thunderbolt,IceBeam|||F|||50|,,,,,Fighting]Dragalge||ExpertBelt|Adaptability|SludgeBomb,DracoMeteor,Scald,Protect|||M|||50|,,,,,Water\n|showteam|p2|Flutter Mane||BoosterEnergy|Protosynthesis|ShadowBall,DazzlingGleam,Protect,DarkPulse||||||50|,,,,,Dark]Gholdengo||ExpertBelt|GoodasGold|DazzlingGleam,MakeItRain,Thunderbolt,Protect||||||50|,,,,,Flying]Tauros-Paldea-Aqua||Leftovers|Intimidate|CloseCombat,StoneEdge,WaveCrash,WildCharge|||M|||50|,,,,,Dark]Tornadus||FocusSash|Prankster|BleakwindStorm,HeatWave,Tailwind,RainDance|||M|||50|,,,,,Fire]Mamoswine||AssaultVest|Oblivious|Earthquake,IceShard,IcicleCrash,StoneEdge|||F|||50|,,,,,Ground]Oranguru||RockyHelmet|InnerFocus|Taunt,TrickRoom,Imprison,KnockOff|||M|||50|,,,,,Steel\n|\n|t:|1700711734\n|start\n|switch|p1a: She stays here|Armarouge, L50, M|100\/100\n|switch|p1b: I'm Staying here|Indeedee-F, L50, F|100\/100\n|switch|p2a: Mamoswine|Mamoswine, L50, F|100\/100\n|switch|p2b: Oranguru|Oranguru, L50, M|100\/100\n|-fieldstart|move: Psychic Terrain|[from] ability: Psychic Surge|[of] p1b: I'm Staying here\n|-enditem|p1b: I'm Staying here|Psychic Seed\n|-boost|p1b: I'm Staying here|spd|1|[from] item: Psychic Seed\n|turn|1\n|\n|t:|1700711762\n|switch|p1a: Yogi bear|Ursaluna, L50, M|100\/100\n|-terastallize|p2a: Mamoswine|Ground\n|move|p2a: Mamoswine|Earthquake|p1a: Yogi bear|[spread] p2b,p1a,p1b\n|-damage|p2b: Oranguru|57\/100\n|-damage|p1a: Yogi bear|59\/100\n|-damage|p1b: I'm Staying here|38\/100\n|move|p2b: Oranguru|Imprison|p2b: Oranguru\n|-start|p2b: Oranguru|move: Imprison\n|cant|p1b: I'm Staying here|move: Imprison|Trick Room\n|\n|-status|p1a: Yogi bear|brn|[from] item: Flame Orb\n|upkeep\n|turn|2\n|\n|t:|1700711789\n|move|p1b: I'm Staying here|Follow Me|p1b: I'm Staying here\n|-singleturn|p1b: I'm Staying here|move: Follow Me\n|move|p2a: Mamoswine|Icicle Crash|p1b: I'm Staying here\n|-damage|p1b: I'm Staying here|0 fnt\n|faint|p1b: I'm Staying here\n|move|p2b: Oranguru|Taunt|p1a: Yogi bear\n|-start|p1a: Yogi bear|move: Taunt\n|move|p1a: Yogi bear|Facade|p2b: Oranguru\n|-damage|p2b: Oranguru|0 fnt\n|-damage|p1a: Yogi bear|43\/100 brn|[from] item: Rocky Helmet|[of] p2b: Oranguru\n|faint|p2b: Oranguru\n|\n|-damage|p1a: Yogi bear|37\/100 brn|[from] brn\n|upkeep\n|\n|t:|1700711803\n|switch|p1b: She stays here|Armarouge, L50, M|100\/100\n|switch|p2b: Tauros|Tauros-Paldea-Aqua, L50, M|100\/100\n|-ability|p2b: Tauros|Intimidate|boost\n|-unboost|p1a: Yogi bear|atk|1\n|-unboost|p1b: She stays here|atk|1\n|turn|3\n|\n|t:|1700711869\n|-terastallize|p1b: She stays here|Grass\n|move|p2b: Tauros|Wave Crash|p1b: She stays here\n|-resisted|p1b: She stays here\n|-crit|p1b: She stays here\n|-damage|p1b: She stays here|60\/100\n|-damage|p2b: Tauros|83\/100|[from] Recoil\n|move|p2a: Mamoswine|Icicle Crash|p1b: She stays here\n|-supereffective|p1b: She stays here\n|-damage|p1b: She stays here|0 fnt\n|faint|p1b: She stays here\n|move|p1a: Yogi bear|Facade|p2b: Tauros\n|-damage|p2b: Tauros|0 fnt\n|faint|p2b: Tauros\n|\n|-damage|p1a: Yogi bear|30\/100 brn|[from] brn\n|upkeep\n|\n|t:|1700711885\n|switch|p2b: Flutter Mane|Flutter Mane, L50|100\/100\n|switch|p1b: Goopy Goo|Goodra-Hisui, L50, F|100\/100\n|-enditem|p2b: Flutter Mane|Booster Energy\n|-activate|p2b: Flutter Mane|ability: Protosynthesis|[fromitem]\n|-start|p2b: Flutter Mane|protosynthesisspe\n|turn|4\n|\n|t:|1700711913\n|move|p2b: Flutter Mane|Protect|p2b: Flutter Mane\n|-singleturn|p2b: Flutter Mane|Protect\n|move|p2a: Mamoswine|Earthquake|p1a: Yogi bear|[spread] p1a,p1b\n|-activate|p2b: Flutter Mane|move: Protect\n|-supereffective|p1b: Goopy Goo\n|-damage|p1a: Yogi bear|0 fnt\n|-damage|p1b: Goopy Goo|1\/100\n|faint|p1a: Yogi bear\n|move|p1b: Goopy Goo|Heavy Slam|p2b: Flutter Mane\n|-activate|p2b: Flutter Mane|move: Protect\n|\n|upkeep\n|turn|5\n|\n|t:|1700711933\n|move|p2b: Flutter Mane|Dark Pulse|p1b: Goopy Goo\n|-damage|p1b: Goopy Goo|0 fnt\n|faint|p1b: Goopy Goo\n|\n|win|kick4life42\n","uploadtime":1700711941,"views":4,"p1id":"pieminster","p2id":"kick4life42","formatid":"gen9vgc2023regulatione","rating":0,"private":0,"password":""}