{"id":"gen9vgc2023regulatione-1989473974","p1":"qz112","p2":"Treeman480","format":"[Gen 9] VGC 2023 Regulation E","log":"|j|\u2606qz112\n|j|\u2606Treeman480\n|t:|1699856310\n|gametype|doubles\n|player|p1|qz112|265|1089\n|player|p2|Treeman480|n|1090\n|teamsize|p1|6\n|teamsize|p2|6\n|gen|9\n|tier|[Gen 9] VGC 2023 Regulation E\n|rated|\n|rule|Species Clause: Limit one of each Pok\u00e9mon\n|rule|Item Clause: Limit one of each item\n|clearpoke\n|poke|p1|Ursaluna-Bloodmoon, L50, M|\n|poke|p1|Dusclops, L50, M|\n|poke|p1|Oricorio-Sensu, L50, M|\n|poke|p1|Volcarona, L50, M|\n|poke|p1|Kommo-o, L50, F|\n|poke|p1|Regieleki, L50|\n|poke|p2|Tatsugiri, L50, M|\n|poke|p2|Dondozo, L50, F|\n|poke|p2|Flutter Mane, L50|\n|poke|p2|Iron Hands, L50|\n|poke|p2|Arcanine-Hisui, L50, F|\n|poke|p2|Ogerpon-Wellspring, L50, F|\n|teampreview|4\n|\n|t:|1699856333\n|start\n|switch|p1a: Kabuki|Oricorio-Sensu, L50, M|100\/100\n|switch|p1b: Hamas|Regieleki, L50|100\/100\n|switch|p2a: LeGrosPoisson|Dondozo, L50, F|100\/100\n|switch|p2b: NotGholdengo:\/|Flutter Mane, L50|100\/100\n|turn|1\n|\n|t:|1699856350\n|move|p2a: LeGrosPoisson|Protect|p2a: LeGrosPoisson\n|-singleturn|p2a: LeGrosPoisson|Protect\n|move|p1b: Hamas|Electroweb|p2a: LeGrosPoisson|[spread] p2b\n|-activate|p2a: LeGrosPoisson|move: Protect\n|-damage|p2b: NotGholdengo:\/|84\/100\n|-unboost|p2b: NotGholdengo:\/|spe|1\n|move|p1a: Kabuki|Revelation Dance|p2b: NotGholdengo:\/\n|-supereffective|p2b: NotGholdengo:\/\n|-damage|p2b: NotGholdengo:\/|0 fnt\n|faint|p2b: NotGholdengo:\/\n|-end|p2b: NotGholdengo:\/|Protosynthesis|[silent]\n|\n|upkeep\n|inactive|Battle timer is ON: inactive players will automatically lose when time's up. (requested by qz112)\n|\n|t:|1699856378\n|switch|p2b: LePetitsPoisson|Tatsugiri, L50, M|100\/100\n|-activate|p2b: LePetitsPoisson|ability: Commander|[of] p2a: LeGrosPoisson\n|-boost|p2a: LeGrosPoisson|atk|2\n|-boost|p2a: LeGrosPoisson|spa|2\n|-boost|p2a: LeGrosPoisson|spe|2\n|-boost|p2a: LeGrosPoisson|def|2\n|-boost|p2a: LeGrosPoisson|spd|2\n|turn|2\n|\n|t:|1699856396\n|move|p1b: Hamas|Volt Switch|p2a: LeGrosPoisson\n|-supereffective|p2a: LeGrosPoisson\n|-damage|p2a: LeGrosPoisson|72\/100\n|\n|t:|1699856398\n|switch|p1b: Apollo|Volcarona, L50, M|100\/100|[from] Volt Switch\n|move|p2a: LeGrosPoisson|Wave Crash|p1b: Apollo\n|-supereffective|p1b: Apollo\n|-damage|p1b: Apollo|0 fnt\n|-damage|p2a: LeGrosPoisson|55\/100|[from] item: Rocky Helmet|[of] p1b: Apollo\n|faint|p1b: Apollo\n|-damage|p2a: LeGrosPoisson|28\/100|[from] Recoil\n|move|p1a: Kabuki|Air Slash|p2a: LeGrosPoisson\n|-damage|p2a: LeGrosPoisson|12\/100\n|\n|-heal|p2a: LeGrosPoisson|18\/100|[from] item: Leftovers\n|upkeep\n|\n|t:|1699856405\n|switch|p1b: Arab|Kommo-o, L50, F|100\/100\n|turn|3\n|\n|t:|1699856420\n|move|p1b: Arab|Clangorous Soul|p1b: Arab\n|-boost|p1b: Arab|atk|1\n|-boost|p1b: Arab|def|1\n|-boost|p1b: Arab|spa|1\n|-boost|p1b: Arab|spd|1\n|-boost|p1b: Arab|spe|1\n|-damage|p1b: Arab|68\/100\n|-activate|p1a: Kabuki|ability: Dancer\n|move|p1a: Kabuki|Clangorous Soul|p1a: Kabuki|[from]ability: Dancer\n|-boost|p1a: Kabuki|atk|1\n|-boost|p1a: Kabuki|def|1\n|-boost|p1a: Kabuki|spa|1\n|-boost|p1a: Kabuki|spd|1\n|-boost|p1a: Kabuki|spe|1\n|-damage|p1a: Kabuki|68\/100\n|move|p1a: Kabuki|Air Slash|p2a: LeGrosPoisson\n|-damage|p2a: LeGrosPoisson|2\/100\n|cant|p2a: LeGrosPoisson|flinch\n|\n|-heal|p1a: Kabuki|74\/100|[from] item: Leftovers\n|-heal|p2a: LeGrosPoisson|8\/100|[from] item: Leftovers\n|upkeep\n|turn|4\n|inactive|Treeman480 has 30 seconds left.\n|\n|t:|1699856451\n|move|p2a: LeGrosPoisson|Protect|p2a: LeGrosPoisson\n|-singleturn|p2a: LeGrosPoisson|Protect\n|move|p1b: Arab|Clangorous Soul|p1b: Arab\n|-boost|p1b: Arab|atk|1\n|-boost|p1b: Arab|def|1\n|-boost|p1b: Arab|spa|1\n|-boost|p1b: Arab|spd|1\n|-boost|p1b: Arab|spe|1\n|-damage|p1b: Arab|36\/100\n|-enditem|p1b: Arab|Sitrus Berry|[eat]\n|-heal|p1b: Arab|60\/100|[from] item: Sitrus Berry\n|-activate|p1a: Kabuki|ability: Dancer\n|move|p1a: Kabuki|Clangorous Soul|p1a: Kabuki|[from]ability: Dancer\n|-boost|p1a: Kabuki|atk|1\n|-boost|p1a: Kabuki|def|1\n|-boost|p1a: Kabuki|spa|1\n|-boost|p1a: Kabuki|spd|1\n|-boost|p1a: Kabuki|spe|1\n|-damage|p1a: Kabuki|42\/100\n|move|p1a: Kabuki|Air Slash|p2a: LeGrosPoisson\n|-activate|p2a: LeGrosPoisson|move: Protect\n|\n|-heal|p1a: Kabuki|48\/100|[from] item: Leftovers\n|-heal|p2a: LeGrosPoisson|14\/100|[from] item: Leftovers\n|upkeep\n|turn|5\n|inactive|Treeman480 has 30 seconds left.\n|\n|t:|1699856480\n|move|p2a: LeGrosPoisson|Protect||[still]\n|-fail|p2a: LeGrosPoisson\n|move|p1b: Arab|Aura Sphere|p2a: LeGrosPoisson\n|-damage|p2a: LeGrosPoisson|0 fnt\n|faint|p2a: LeGrosPoisson\n|move|p1a: Kabuki|Revelation Dance|p2b: LePetitsPoisson\n|-damage|p2b: LePetitsPoisson|11\/100\n|\n|-heal|p1a: Kabuki|53\/100|[from] item: Leftovers\n|upkeep\n|\n|t:|1699856491\n|switch|p2a: Ogerpon|Ogerpon-Wellspring, L50, F|100\/100\n|turn|6\n|\n|t:|1699856512\n|-terastallize|p2a: Ogerpon|Water\n|detailschange|p2a: Ogerpon|Ogerpon-Wellspring-Tera, L50, F, tera:Water\n|-ability|p2a: Ogerpon|Embody Aspect (Wellspring)|boost\n|-boost|p2a: Ogerpon|spd|1\n|move|p2b: LePetitsPoisson|Helping Hand|p2a: Ogerpon\n|-singleturn|p2a: Ogerpon|Helping Hand|[of] p2b: LePetitsPoisson\n|move|p1b: Arab|Protect|p1b: Arab\n|-singleturn|p1b: Arab|Protect\n|move|p1a: Kabuki|Protect|p1a: Kabuki\n|-singleturn|p1a: Kabuki|Protect\n|move|p2a: Ogerpon|Ivy Cudgel|p1b: Arab\n|-activate|p1b: Arab|move: Protect\n|\n|-heal|p1a: Kabuki|59\/100|[from] item: Leftovers\n|upkeep\n|turn|7\n|\n|t:|1699856533\n|move|p1b: Arab|Boomburst|p2a: Ogerpon|[spread] p2a,p2b\n|-immune|p1a: Kabuki\n|-damage|p2a: Ogerpon|54\/100\n|-damage|p2b: LePetitsPoisson|0 fnt\n|faint|p2b: LePetitsPoisson\n|move|p1a: Kabuki|Revelation Dance|p2a: Ogerpon\n|-damage|p2a: Ogerpon|0 fnt\n|faint|p2a: Ogerpon\n|\n|win|qz112\n|raw|qz112's rating: 1089 &rarr; <strong>1116<\/strong><br \/>(+27 for winning)\n|raw|Treeman480's rating: 1090 &rarr; <strong>1066<\/strong><br \/>(-24 for losing)\n","uploadtime":1699856542,"views":13,"p1id":"qz112","p2id":"treeman480","formatid":"gen9vgc2023regulatione","rating":1066,"private":0,"password":""}