{"id":"gen9vgc2023regulatione-1993279657","p1":"M0ckingEJ","p2":"Beastyshadow13","format":"[Gen 9] VGC 2023 Regulation E","log":"|j|\u2606M0ckingEJ\n|j|\u2606Beastyshadow13\n|t:|1700289280\n|gametype|doubles\n|player|p1|M0ckingEJ|n|1181\n|player|p2|Beastyshadow13|veteran|1121\n|teamsize|p1|6\n|teamsize|p2|6\n|gen|9\n|tier|[Gen 9] VGC 2023 Regulation E\n|rated|\n|rule|Species Clause: Limit one of each Pok\u00e9mon\n|rule|Item Clause: Limit one of each item\n|clearpoke\n|poke|p1|Pelipper, L50, F|\n|poke|p1|Amoonguss, L50, M|\n|poke|p1|Thundurus-Therian, L50, M|\n|poke|p1|Inteleon, L50, M|\n|poke|p1|Gholdengo, L50|\n|poke|p1|Chi-Yu, L50|\n|poke|p2|Tinkaton, L50, F|\n|poke|p2|Grafaiai, L50, M|\n|poke|p2|Rillaboom, L50, F|\n|poke|p2|Tornadus, L50, M|\n|poke|p2|Sneasler, L50, M|\n|poke|p2|Enamorus, L50, F|\n|teampreview|4\n|\n|t:|1700289337\n|start\n|switch|p1a: Pelipper|Pelipper, L50, F, shiny|100\/100\n|switch|p1b: Inteleon|Inteleon, L50, M, shiny|100\/100\n|switch|p2a: Tornadus|Tornadus, L50, M|100\/100\n|switch|p2b: Enamorus|Enamorus, L50, F|100\/100\n|-weather|RainDance|[from] ability: Drizzle|[of] p1a: Pelipper\n|turn|1\n|\n|t:|1700289399\n|move|p2b: Enamorus|Protect|p2b: Enamorus\n|-singleturn|p2b: Enamorus|Protect\n|move|p2a: Tornadus|Tailwind|p2a: Tornadus\n|-sidestart|p2: Beastyshadow13|move: Tailwind\n|move|p1b: Inteleon|Ice Beam|p2a: Tornadus\n|-supereffective|p2a: Tornadus\n|-damage|p2a: Tornadus|28\/100\n|move|p1a: Pelipper|Hurricane|p2b: Enamorus\n|-activate|p2b: Enamorus|move: Protect\n|\n|-weather|RainDance|[upkeep]\n|upkeep\n|turn|2\n|\n|t:|1700289449\n|switch|p1b: Gholdengo|Gholdengo, L50|100\/100\n|move|p2a: Tornadus|Bleakwind Storm|p1b: Gholdengo|[spread] p1a,p1b\n|-resisted|p1b: Gholdengo\n|-damage|p1a: Pelipper|57\/100\n|-damage|p1b: Gholdengo|85\/100\n|move|p2b: Enamorus|Superpower|p1b: Gholdengo\n|-immune|p1b: Gholdengo\n|move|p1a: Pelipper|Tailwind|p1a: Pelipper\n|-sidestart|p1: M0ckingEJ|move: Tailwind\n|\n|-weather|RainDance|[upkeep]\n|upkeep\n|turn|3\n|\n|t:|1700289492\n|switch|p2a: Rillaboom|Rillaboom, L50, F|100\/100\n|-fieldstart|move: Grassy Terrain|[from] ability: Grassy Surge|[of] p2a: Rillaboom\n|-terastallize|p2b: Enamorus|Water\n|-terastallize|p1a: Pelipper|Ghost\n|move|p2b: Enamorus|Play Rough|p1a: Pelipper\n|-damage|p1a: Pelipper|10\/100\n|move|p1b: Gholdengo|Nasty Plot|p1b: Gholdengo\n|-boost|p1b: Gholdengo|spa|2\n|move|p1a: Pelipper|Weather Ball|p2a: Rillaboom\n|-resisted|p2a: Rillaboom\n|-damage|p2a: Rillaboom|75\/100\n|\n|-weather|RainDance|[upkeep]\n|-heal|p1b: Gholdengo|92\/100|[from] Grassy Terrain\n|-heal|p2a: Rillaboom|81\/100|[from] Grassy Terrain\n|-heal|p1a: Pelipper|16\/100|[from] Grassy Terrain\n|upkeep\n|turn|4\n|\n|t:|1700289520\n|move|p2b: Enamorus|Play Rough|p1a: Pelipper\n|-damage|p1a: Pelipper|0 fnt\n|faint|p1a: Pelipper\n|move|p1b: Gholdengo|Make It Rain|p2a: Rillaboom|[spread] p2a,p2b\n|-resisted|p2b: Enamorus\n|-damage|p2a: Rillaboom|5\/100\n|-damage|p2b: Enamorus|15\/100\n|-unboost|p1b: Gholdengo|spa|1\n|move|p2a: Rillaboom|High Horsepower|p1b: Gholdengo\n|-supereffective|p1b: Gholdengo\n|-damage|p1b: Gholdengo|24\/100\n|\n|-weather|RainDance|[upkeep]\n|-heal|p2b: Enamorus|21\/100|[from] Grassy Terrain\n|-heal|p1b: Gholdengo|30\/100|[from] Grassy Terrain\n|-heal|p2a: Rillaboom|11\/100|[from] Grassy Terrain\n|-sideend|p2: Beastyshadow13|move: Tailwind\n|upkeep\n|\n|t:|1700289532\n|switch|p1a: Inteleon|Inteleon, L50, M, shiny|100\/100\n|turn|5\n|\n|t:|1700289553\n|move|p2b: Enamorus|Protect|p2b: Enamorus\n|-singleturn|p2b: Enamorus|Protect\n|move|p2a: Rillaboom|Grassy Glide|p1a: Inteleon\n|-supereffective|p1a: Inteleon\n|-damage|p1a: Inteleon|0 fnt\n|faint|p1a: Inteleon\n|move|p1b: Gholdengo|Make It Rain|p2b: Enamorus|[spread] p2a\n|-activate|p2b: Enamorus|move: Protect\n|-damage|p2a: Rillaboom|0 fnt\n|-unboost|p1b: Gholdengo|spa|1\n|faint|p2a: Rillaboom\n|\n|-weather|none\n|-heal|p1b: Gholdengo|36\/100|[from] Grassy Terrain\n|-heal|p2b: Enamorus|27\/100|[from] Grassy Terrain\n|-sideend|p1: M0ckingEJ|move: Tailwind\n|upkeep\n|\n|t:|1700289558\n|switch|p1a: Chi-Yu|Chi-Yu, L50|100\/100\n|switch|p2a: Sneasler|Sneasler, L50, M|100\/100\n|-enditem|p2a: Sneasler|Grassy Seed\n|-boost|p2a: Sneasler|def|1|[from] item: Grassy Seed\n|-ability|p1a: Chi-Yu|Beads of Ruin\n|turn|6\n|\n|t:|1700289586\n|move|p2a: Sneasler|Close Combat|p1a: Chi-Yu\n|-supereffective|p1a: Chi-Yu\n|-damage|p1a: Chi-Yu|0 fnt\n|-unboost|p2a: Sneasler|def|1\n|-unboost|p2a: Sneasler|spd|1\n|faint|p1a: Chi-Yu\n|move|p2b: Enamorus|Superpower|p1b: Gholdengo\n|-immune|p1b: Gholdengo\n|move|p1b: Gholdengo|Make It Rain|p2a: Sneasler|[spread] p2a,p2b\n|-resisted|p2b: Enamorus\n|-damage|p2a: Sneasler|0 fnt\n|-damage|p2b: Enamorus|0 fnt\n|-unboost|p1b: Gholdengo|spa|1\n|faint|p2a: Sneasler\n|faint|p2b: Enamorus\n|\n|-heal|p1b: Gholdengo|42\/100|[from] Grassy Terrain\n|upkeep\n|\n|t:|1700289589\n|switch|p2b: Tornadus|Tornadus, L50, M|28\/100\n|turn|7\n|\n|t:|1700289596\n|move|p1b: Gholdengo|Protect|p1b: Gholdengo\n|-singleturn|p1b: Gholdengo|Protect\n|move|p2b: Tornadus|Bleakwind Storm|p1b: Gholdengo\n|-activate|p1b: Gholdengo|move: Protect\n|\n|-heal|p1b: Gholdengo|48\/100|[from] Grassy Terrain\n|-fieldend|move: Grassy Terrain\n|upkeep\n|turn|8\n|\n|t:|1700289608\n|move|p2b: Tornadus|Bleakwind Storm|p1b: Gholdengo\n|-resisted|p1b: Gholdengo\n|-damage|p1b: Gholdengo|29\/100\n|move|p1b: Gholdengo|Make It Rain|p2b: Tornadus\n|-damage|p2b: Tornadus|0 fnt\n|-unboost|p1b: Gholdengo|spa|1\n|faint|p2b: Tornadus\n|\n|win|M0ckingEJ\n|raw|M0ckingEJ's rating: 1181 &rarr; <strong>1202<\/strong><br \/>(+21 for winning)\n|raw|Beastyshadow13's rating: 1121 &rarr; <strong>1100<\/strong><br \/>(-21 for losing)\n|l|\u2606Beastyshadow13\n","uploadtime":1700289614,"views":18,"p1id":"m0ckingej","p2id":"beastyshadow13","formatid":"gen9vgc2023regulatione","rating":1100,"private":0,"password":""}