{"id":"gen9vgc2023regulatione-1992512783","p1":"MrWonton","p2":"fartninja101","format":"[Gen 9] VGC 2023 Regulation E","log":"|j|\u2606MrWonton\n|j|\u2606fartninja101\n|n|\u2606MrWonton|mrwonton\n|n|\u2606fartninja101|fartninja101\n|html|View the match progress at <a href=\"\/game-bestof3-gen9vgc2023regulatione-1992512782\">game-bestof3-gen9vgc2023regulatione-1992512782<\/a>\n|t:|1700197519\n|gametype|doubles\n|player|p1|MrWonton|jogger|\n|player|p2|fartninja101|266|\n|teamsize|p1|6\n|teamsize|p2|6\n|gen|9\n|tier|[Gen 9] VGC 2023 Regulation E\n|rule|Species Clause: Limit one of each Pok\u00e9mon\n|rule|Item Clause: Limit one of each item\n|clearpoke\n|poke|p1|Heatran, L50, F|\n|poke|p1|Rillaboom, L50, M|\n|poke|p1|Corviknight, L50, M|\n|poke|p1|Volbeat, L50, M|\n|poke|p1|Chandelure, L50, M|\n|poke|p1|Electrode, L50|\n|poke|p2|Flutter Mane, L50|\n|poke|p2|Iron Bundle, L50|\n|poke|p2|Murkrow, L50, F|\n|poke|p2|Weezing-Galar, L50, F|\n|poke|p2|Slaking, L50, M|\n|poke|p2|Toxtricity, L50, F|\n|teampreview|4\n|inactive|Battle timer is ON: inactive players will automatically lose when time's up. (requested by fartninja101)\n|c|\u2606MrWonton|https:\/\/pokepast.es\/027fdd90b2927e6a teras\n|l|\u2606MrWonton\n|inactive|MrWonton disconnected!\n|player|p1|\n|inactive|MrWonton has 60 seconds left.\n|inactive|fartninja101 has 60 seconds left.\n|inactive|MrWonton has 30 seconds left.\n|inactive|fartninja101 has 30 seconds left.\n|c|\u2606fartninja101|https:\/\/pokepast.es\/0e9a03cc958f200e\n|inactive|MrWonton has 20 seconds left.\n|inactive|fartninja101 has 20 seconds left.\n|inactive|MrWonton has 15 seconds left.\n|inactive|fartninja101 has 15 seconds left.\n|inactive|MrWonton has 10 seconds left.\n|inactive|MrWonton has 5 seconds left.\n|j|\u2606MrWonton\n|inactive|MrWonton reconnected and has 5 seconds left.\n|player|p1|MrWonton|jogger\n|\n|t:|1700197610\n|start\n|switch|p1a: Maelstrom|Heatran, L50, F|100\/100\n|switch|p1b: Timpani|Rillaboom, L50, M|100\/100\n|switch|p2a: Murkrow|Murkrow, L50, F|100\/100\n|switch|p2b: Iron Bundle|Iron Bundle, L50|100\/100\n|-fieldstart|move: Grassy Terrain|[from] ability: Grassy Surge|[of] p1b: Timpani\n|turn|1\n|c|\u2606MrWonton|Connection issues, my bad\n|inactive|MrWonton has 30 seconds left.\n|inactive|MrWonton has 20 seconds left.\n|\n|t:|1700197646\n|-terastallize|p1a: Maelstrom|Grass\n|move|p2b: Iron Bundle|Protect|p2b: Iron Bundle\n|-singleturn|p2b: Iron Bundle|Protect\n|move|p1b: Timpani|Fake Out|p2b: Iron Bundle\n|-activate|p2b: Iron Bundle|move: Protect\n|move|p2a: Murkrow|Tailwind|p2a: Murkrow\n|-sidestart|p2: fartninja101|move: Tailwind\n|move|p1a: Maelstrom|Tera Blast|p2b: Iron Bundle|[anim] Tera Blast Grass\n|-activate|p2b: Iron Bundle|move: Protect\n|\n|upkeep\n|turn|2\n|inactive|fartninja101 has 30 seconds left.\n|\n|t:|1700197678\n|switch|p1a: Svalinn|Corviknight, L50, M|100\/100\n|-terastallize|p2b: Iron Bundle|Ice\n|move|p2b: Iron Bundle|Freeze-Dry|p1a: Svalinn\n|-damage|p1a: Svalinn|56\/100\n|move|p2a: Murkrow|Foul Play|p1b: Timpani\n|-damage|p1b: Timpani|53\/100\n|move|p1b: Timpani|Wood Hammer|p2b: Iron Bundle\n|-enditem|p2b: Iron Bundle|Focus Sash\n|-damage|p2b: Iron Bundle|1\/100\n|-damage|p1b: Timpani|30\/100|[from] Recoil\n|\n|-heal|p2b: Iron Bundle|7\/100|[from] Grassy Terrain\n|-heal|p1b: Timpani|36\/100|[from] Grassy Terrain\n|upkeep\n|turn|3\n|inactive|MrWonton has 30 seconds left.\n|inactive|fartninja101 has 30 seconds left.\n|inactive|MrWonton has 20 seconds left.\n|inactive|MrWonton has 15 seconds left.\n|\n|t:|1700197721\n|switch|p1b: Bulb|Volbeat, L50, M|100\/100\n|move|p2b: Iron Bundle|Hydro Pump|p1a: Svalinn\n|-damage|p1a: Svalinn|2\/100\n|move|p2a: Murkrow|Foul Play|p1b: Bulb\n|-damage|p1b: Bulb|82\/100\n|move|p1a: Svalinn|Brave Bird|p2b: Iron Bundle\n|-damage|p2b: Iron Bundle|0 fnt\n|faint|p2b: Iron Bundle\n|-end|p2b: Iron Bundle|Quark Drive|[silent]\n|-damage|p1a: Svalinn|1\/100|[from] Recoil\n|\n|-heal|p1b: Bulb|88\/100|[from] Grassy Terrain\n|upkeep\n|inactive|fartninja101 has 30 seconds left.\n|\n|t:|1700197747\n|switch|p2b: Toxtricity|Toxtricity, L50, F|100\/100\n|turn|4\n|inactive|MrWonton has 30 seconds left.\n|\n|t:|1700197772\n|move|p2a: Murkrow|Protect|p2a: Murkrow\n|-singleturn|p2a: Murkrow|Protect\n|move|p2b: Toxtricity|Boomburst|p1b: Bulb|[spread] p1a,p1b\n|-activate|p2a: Murkrow|move: Protect\n|-resisted|p1a: Svalinn\n|-damage|p1a: Svalinn|0 fnt\n|-damage|p1b: Bulb|38\/100\n|faint|p1a: Svalinn\n|-enditem|p2b: Toxtricity|Throat Spray\n|-boost|p2b: Toxtricity|spa|1|[from] item: Throat Spray\n|move|p1b: Bulb|Struggle Bug|p2b: Toxtricity|[spread] p2b\n|-activate|p2a: Murkrow|move: Protect\n|-resisted|p2b: Toxtricity\n|-damage|p2b: Toxtricity|96\/100\n|-unboost|p2b: Toxtricity|spa|1\n|\n|-heal|p2b: Toxtricity|100\/100|[from] Grassy Terrain\n|-heal|p1b: Bulb|44\/100|[from] Grassy Terrain\n|-sideend|p2: fartninja101|move: Tailwind\n|upkeep\n|\n|t:|1700197794\n|switch|p1a: Timpani|Rillaboom, L50, M|36\/100\n|turn|5\n|\n|t:|1700197810\n|move|p1a: Timpani|Fake Out|p2a: Murkrow\n|-damage|p2a: Murkrow|80\/100\n|move|p2a: Murkrow|Tailwind|p2a: Murkrow\n|-sidestart|p2: fartninja101|move: Tailwind\n|move|p2b: Toxtricity|Boomburst|p1b: Bulb|[spread] p2a,p1a,p1b\n|-crit|p1a: Timpani\n|-damage|p2a: Murkrow|0 fnt\n|-damage|p1a: Timpani|0 fnt\n|-damage|p1b: Bulb|0 fnt\n|faint|p2a: Murkrow\n|faint|p1a: Timpani\n|faint|p1b: Bulb\n|\n|-fieldend|move: Grassy Terrain\n|upkeep\n|\n|t:|1700197821\n|switch|p2a: Flutter Mane|Flutter Mane, L50|100\/100\n|switch|p1a: Maelstrom|Heatran, L50, F, tera:Grass|100\/100\n|-enditem|p2a: Flutter Mane|Booster Energy\n|-activate|p2a: Flutter Mane|ability: Protosynthesis|[fromitem]\n|-start|p2a: Flutter Mane|protosynthesisspe\n|turn|6\n|\n|t:|1700197835\n|move|p1a: Maelstrom|Protect|p1a: Maelstrom\n|-singleturn|p1a: Maelstrom|Protect\n|move|p2a: Flutter Mane|Mystical Fire|p1a: Maelstrom\n|-activate|p1a: Maelstrom|move: Protect\n|move|p2b: Toxtricity|Sludge Bomb|p1a: Maelstrom\n|-activate|p1a: Maelstrom|move: Protect\n|\n|upkeep\n|turn|7\n|\n|t:|1700197848\n|move|p2a: Flutter Mane|Mystical Fire|p1a: Maelstrom\n|-start|p1a: Maelstrom|ability: Flash Fire\n|move|p2b: Toxtricity|Sludge Bomb|p1a: Maelstrom\n|-supereffective|p1a: Maelstrom\n|-damage|p1a: Maelstrom|27\/100\n|move|p1a: Maelstrom|Heat Wave|p2b: Toxtricity|[spread] p2a,p2b\n|-damage|p2a: Flutter Mane|16\/100\n|-damage|p2b: Toxtricity|1\/100\n|-damage|p1a: Maelstrom|17\/100|[from] item: Life Orb\n|\n|upkeep\n|turn|8\n|inactive|fartninja101 has 30 seconds left.\n|\n|t:|1700197880\n|move|p2a: Flutter Mane|Moonblast|p1a: Maelstrom\n|-damage|p1a: Maelstrom|0 fnt\n|faint|p1a: Maelstrom\n|\n|win|fartninja101\n|c|&|\/uhtml prompt-fartninja101,fartninja101 is ready for game 2!\n|inactive|MrWonton has 50 seconds to confirm battle start!\n|inactive|MrWonton has 40 seconds to confirm battle start!\n|inactive|MrWonton has 30 seconds to confirm battle start!\n|inactive|MrWonton has 20 seconds to confirm battle start!\n|l|\u2606MrWonton\n|inactive|MrWonton has 10 seconds to confirm battle start!\nBoth players are ready! Starting next match!\n|j|\u2606MrWonton\n|player|p1|MrWonton|jogger\n|l|\u2606MrWonton\n|player|p1|\n","uploadtime":1700197886,"views":27,"p1id":"mrwonton","p2id":"fartninja101","formatid":"gen9vgc2023regulatione","rating":0,"private":0,"password":""}