{"id":"gen9vgc2023regulatione-1998938193","p1":"viaan","p2":"MattC (Banned)","format":"[Gen 9] VGC 2023 Regulation E","log":"|j|\u2606viaan\n|j|\u2606MattC (Banned)\n|t:|1701015385\n|gametype|doubles\n|player|p1|viaan|hero-conquest|\n|player|p2|MattC (Banned)|gladion|\n|teamsize|p1|6\n|teamsize|p2|6\n|gen|9\n|tier|[Gen 9] VGC 2023 Regulation E\n|rated|Tournament battle\n|rule|Species Clause: Limit one of each Pok\u00e9mon\n|rule|Item Clause: Limit one of each item\n|clearpoke\n|poke|p1|Ogerpon-Wellspring, L50, F|\n|poke|p1|Volcarona, L50, M|\n|poke|p1|Landorus-Therian, L50, M|\n|poke|p1|Chien-Pao, L50|\n|poke|p1|Iron Hands, L50|\n|poke|p1|Cresselia, L50, F|\n|poke|p2|Tornadus, L50, M|\n|poke|p2|Scream Tail, L50|\n|poke|p2|Iron Hands, L50|\n|poke|p2|Gholdengo, L50|\n|poke|p2|Landorus-Therian, L50, M|\n|poke|p2|Ogerpon-Wellspring, L50, F|\n|teampreview|4\n|showteam|p1|Ogerpon-Wellspring||WellspringMask|WaterAbsorb|SpikyShield,FollowMe,HornLeech,IvyCudgel|||F|||50|,,,,,Water]Volcarona||SitrusBerry|FlameBody|QuiverDance,Protect,BugBuzz,HeatWave|||M|||50|,,,,,Dragon]Landorus-Therian||ChoiceScarf|Intimidate|Uturn,RockTomb,TeraBlast,StompingTantrum|||M|||50|,,,,,Flying]Chien-Pao||FocusSash|SwordofRuin|Protect,LashOut,IceShard,IcicleCrash||||||50|,,,,,Ghost]Iron Hands||AssaultVest|QuarkDrive|WildCharge,VoltSwitch,DrainPunch,FakeOut||||||50|,,,,,Grass]Cresselia||SafetyGoggles|Levitate|TrickRoom,HelpingHand,LunarBlessing,Psychic|||F|||50|,,,,,Poison\n|showteam|p2|Tornadus||MentalHerb|Prankster|BleakwindStorm,ScaryFace,Tailwind,Protect|||M|||50|,,,,,Ghost]Scream Tail||BoosterEnergy|Protosynthesis|PsychicFangs,Disable,Encore,Protect||||||50|,,,,,Grass]Iron Hands||AssaultVest|QuarkDrive|DrainPunch,HeavySlam,VoltSwitch,FakeOut||||||50|,,,,,Fire]Gholdengo||Leftovers|GoodasGold|MakeItRain,ShadowBall,NastyPlot,Protect||||||50|,,,,,Dragon]Landorus-Therian||ChoiceScarf|Intimidate|StompingTantrum,RockSlide,TeraBlast,Uturn|||M|||50|,,,,,Flying]Ogerpon-Wellspring||WellspringMask|WaterAbsorb|IvyCudgel,HornLeech,FollowMe,SpikyShield|||F|||50|,,,,,Water\n|c|\u2606MattC (Banned)|glhf\n|j| National Unity\n|\n|t:|1701015430\n|start\n|switch|p1a: Iron Hands|Iron Hands, L50|100\/100\n|switch|p1b: Cresselia|Cresselia, L50, F|100\/100\n|switch|p2a: Iron Hands|Iron Hands, L50|100\/100\n|switch|p2b: Landorus|Landorus-Therian, L50, M|100\/100\n|-ability|p2b: Landorus|Intimidate|boost\n|-unboost|p1a: Iron Hands|atk|1\n|-unboost|p1b: Cresselia|atk|1\n|turn|1\n|\n|t:|1701015445\n|-end|p1a: Iron Hands|Quark Drive|[silent]\n|switch|p1a: Ogerpon|Ogerpon-Wellspring, L50, F|100\/100\n|move|p2a: Iron Hands|Fake Out|p1b: Cresselia\n|-damage|p1b: Cresselia|92\/100\n|move|p2b: Landorus|Stomping Tantrum|p1a: Ogerpon\n|-resisted|p1a: Ogerpon\n|-damage|p1a: Ogerpon|76\/100\n|cant|p1b: Cresselia|flinch\n|\n|upkeep\n|turn|2\n|j| tiaguitovgc\n|j| maxdeesevgc\n|\n|t:|1701015465\n|switch|p2b: Ogerpon|Ogerpon-Wellspring, L50, F|100\/100\n|move|p1b: Cresselia|Helping Hand|p1a: Ogerpon\n|-singleturn|p1a: Ogerpon|Helping Hand|[of] p1b: Cresselia\n|move|p1a: Ogerpon|Ivy Cudgel|p2b: Ogerpon|[anim] Ivy Cudgel Water\n|-immune|p2b: Ogerpon|[from] ability: Water Absorb\n|move|p2a: Iron Hands|Volt Switch|p1b: Cresselia\n|-damage|p1b: Cresselia|83\/100\n|c|\u2606MattC (Banned)|called it\n|\n|t:|1701015479\n|-end|p2a: Iron Hands|Quark Drive|[silent]\n|switch|p2a: Landorus|Landorus-Therian, L50, M|100\/100|[from] Volt Switch\n|-ability|p2a: Landorus|Intimidate|boost\n|-unboost|p1a: Ogerpon|atk|1\n|-unboost|p1b: Cresselia|atk|1\n|\n|upkeep\n|turn|3\n|c|\u2606viaan|ik\n|\n|t:|1701015490\n|move|p1a: Ogerpon|Spiky Shield|p1a: Ogerpon\n|-singleturn|p1a: Ogerpon|move: Protect\n|move|p2b: Ogerpon|Follow Me|p2b: Ogerpon\n|-singleturn|p2b: Ogerpon|move: Follow Me\n|move|p2a: Landorus|U-turn|p1b: Cresselia\n|-supereffective|p1b: Cresselia\n|-damage|p1b: Cresselia|54\/100\n|\n|t:|1701015498\n|switch|p2a: Iron Hands|Iron Hands, L50|100\/100|[from] U-turn\n|move|p1b: Cresselia|Trick Room|p1b: Cresselia\n|-fieldstart|move: Trick Room|[of] p1b: Cresselia\n|\n|upkeep\n|turn|4\n|c|\u2606viaan|called tht too\n|c|\u2606MattC (Banned)|nah\n|c|\u2606MattC (Banned)|not really\n|\n|t:|1701015515\n|move|p2a: Iron Hands|Drain Punch|p1a: Ogerpon\n|-damage|p1a: Ogerpon|23\/100\n|move|p1b: Cresselia|Psychic|p2a: Iron Hands\n|-supereffective|p2a: Iron Hands\n|-damage|p2a: Iron Hands|77\/100\n|move|p2b: Ogerpon|Ivy Cudgel|p1b: Cresselia|[anim] Ivy Cudgel Water\n|-damage|p1b: Cresselia|25\/100\n|move|p1a: Ogerpon|Ivy Cudgel|p2a: Iron Hands|[anim] Ivy Cudgel Water\n|-damage|p2a: Iron Hands|50\/100\n|\n|upkeep\n|turn|5\n|j|%Radio Free C-Side\n|\n|t:|1701015546\n|move|p1a: Ogerpon|Follow Me|p1a: Ogerpon\n|-singleturn|p1a: Ogerpon|move: Follow Me\n|move|p2a: Iron Hands|Drain Punch|p1a: Ogerpon\n|-damage|p1a: Ogerpon|0 fnt\n|-heal|p2a: Iron Hands|57\/100|[from] drain|[of] p1a: Ogerpon\n|faint|p1a: Ogerpon\n|move|p1b: Cresselia|Lunar Blessing|p1b: Cresselia\n|-heal|p1b: Cresselia|50\/100\n|move|p2b: Ogerpon|Ivy Cudgel|p1b: Cresselia|[anim] Ivy Cudgel Water\n|-damage|p1b: Cresselia|19\/100\n|\n|upkeep\n|\n|t:|1701015550\n|switch|p1a: Iron Hands|Iron Hands, L50|100\/100\n|turn|6\n|\n|t:|1701015567\n|-end|p2a: Iron Hands|Quark Drive|[silent]\n|switch|p2a: Gholdengo|Gholdengo, L50|100\/100\n|move|p1b: Cresselia|Helping Hand|p1a: Iron Hands\n|-singleturn|p1a: Iron Hands|Helping Hand|[of] p1b: Cresselia\n|move|p2b: Ogerpon|Spiky Shield|p2b: Ogerpon\n|-singleturn|p2b: Ogerpon|move: Protect\n|move|p1a: Iron Hands|Drain Punch|p2a: Gholdengo\n|-immune|p2a: Gholdengo\n|\n|upkeep\n|turn|7\n|\n|t:|1701015590\n|move|p1b: Cresselia|Helping Hand|p1a: Iron Hands\n|-singleturn|p1a: Iron Hands|Helping Hand|[of] p1b: Cresselia\n|move|p2b: Ogerpon|Follow Me|p2b: Ogerpon\n|-singleturn|p2b: Ogerpon|move: Follow Me\n|move|p1a: Iron Hands|Drain Punch|p2b: Ogerpon\n|-damage|p2b: Ogerpon|37\/100\n|move|p2a: Gholdengo|Shadow Ball|p1b: Cresselia\n|-supereffective|p1b: Cresselia\n|-damage|p1b: Cresselia|0 fnt\n|faint|p1b: Cresselia\n|\n|-fieldend|move: Trick Room\n|upkeep\n|\n|t:|1701015597\n|switch|p1b: Chien-Pao|Chien-Pao, L50|100\/100\n|-ability|p1b: Chien-Pao|Sword of Ruin\n|turn|8\n|\n|t:|1701015610\n|move|p2b: Ogerpon|Spiky Shield|p2b: Ogerpon\n|-singleturn|p2b: Ogerpon|move: Protect\n|move|p2a: Gholdengo|Protect|p2a: Gholdengo\n|-singleturn|p2a: Gholdengo|Protect\n|move|p1b: Chien-Pao|Icicle Crash|p2a: Gholdengo\n|-activate|p2a: Gholdengo|move: Protect\n|move|p1a: Iron Hands|Drain Punch|p2b: Ogerpon\n|-activate|p2b: Ogerpon|move: Protect\n|-damage|p1a: Iron Hands|88\/100|[from] Spiky Shield|[of] p2b: Ogerpon\n|\n|upkeep\n|turn|9\n|\n|t:|1701015634\n|switch|p2a: Iron Hands|Iron Hands, L50|57\/100\n|move|p1b: Chien-Pao|Lash Out|p2a: Iron Hands\n|-resisted|p2a: Iron Hands\n|-damage|p2a: Iron Hands|41\/100\n|move|p2b: Ogerpon|Ivy Cudgel|p1b: Chien-Pao|[anim] Ivy Cudgel Water\n|-damage|p1b: Chien-Pao|35\/100\n|move|p1a: Iron Hands|Wild Charge|p2b: Ogerpon\n|-damage|p2b: Ogerpon|0 fnt\n|faint|p2b: Ogerpon\n|-damage|p1a: Iron Hands|81\/100|[from] Recoil\n|\n|upkeep\n|\n|t:|1701015649\n|switch|p2b: Gholdengo|Gholdengo, L50|100\/100\n|turn|10\n|\n|t:|1701015670\n|move|p1b: Chien-Pao|Protect|p1b: Chien-Pao\n|-singleturn|p1b: Chien-Pao|Protect\n|move|p2a: Iron Hands|Fake Out|p1a: Iron Hands\n|-damage|p1a: Iron Hands|68\/100\n|move|p2b: Gholdengo|Make It Rain|p1b: Chien-Pao|[spread] p1a\n|-activate|p1b: Chien-Pao|move: Protect\n|-resisted|p1a: Iron Hands\n|-damage|p1a: Iron Hands|54\/100\n|-unboost|p2b: Gholdengo|spa|1\n|cant|p1a: Iron Hands|flinch\n|\n|upkeep\n|turn|11\n|\n|t:|1701015682\n|-terastallize|p1b: Chien-Pao|Ghost\n|move|p2b: Gholdengo|Protect|p2b: Gholdengo\n|-singleturn|p2b: Gholdengo|Protect\n|move|p1b: Chien-Pao|Lash Out|p2b: Gholdengo\n|-activate|p2b: Gholdengo|move: Protect\n|move|p2a: Iron Hands|Heavy Slam|p1b: Chien-Pao\n|-damage|p1b: Chien-Pao|6\/100\n|move|p1a: Iron Hands|Drain Punch|p2a: Iron Hands\n|-damage|p2a: Iron Hands|2\/100\n|-heal|p1a: Iron Hands|73\/100|[from] drain|[of] p2a: Iron Hands\n|\n|upkeep\n|turn|12\n|j| Pegolo\n|l| Pegolo\n|\n|t:|1701015712\n|move|p1b: Chien-Pao|Ice Shard|p2a: Iron Hands\n|-damage|p2a: Iron Hands|0 fnt\n|faint|p2a: Iron Hands\n|-end|p2a: Iron Hands|Quark Drive|[silent]\n|move|p2b: Gholdengo|Shadow Ball|p1a: Iron Hands\n|-damage|p1a: Iron Hands|57\/100\n|move|p1a: Iron Hands|Drain Punch|p2b: Gholdengo\n|-immune|p2b: Gholdengo\n|\n|upkeep\n|l| tiaguitovgc\n|c|\u2606viaan|ggs\n|\n|t:|1701015720\n|switch|p2a: Landorus|Landorus-Therian, L50, M|100\/100\n|-ability|p2a: Landorus|Intimidate|boost\n|-unboost|p1a: Iron Hands|atk|1\n|-unboost|p1b: Chien-Pao|atk|1\n|turn|13\n|inactive|Battle timer is ON: inactive players will automatically lose when time's up. (requested by viaan)\n|\n|t:|1701015735\n|-terastallize|p2a: Landorus|Flying\n|move|p1b: Chien-Pao|Ice Shard|p2a: Landorus\n|-supereffective|p2a: Landorus\n|-damage|p2a: Landorus|64\/100\n|move|p2a: Landorus|Stomping Tantrum|p1a: Iron Hands\n|-supereffective|p1a: Iron Hands\n|-damage|p1a: Iron Hands|0 fnt\n|faint|p1a: Iron Hands\n|-end|p1a: Iron Hands|Quark Drive|[silent]\n|move|p2b: Gholdengo|Shadow Ball|p1b: Chien-Pao\n|-supereffective|p1b: Chien-Pao\n|-damage|p1b: Chien-Pao|0 fnt\n|faint|p1b: Chien-Pao\n|\n|win|MattC (Banned)\n|n|\u2606viaan|viaan\n|n|\u2606MattC (Banned)|mattcbanned\n|n| National Unity|nationalunity\n|n| maxdeesevgc|maxdeesevgc\n|n| Radio Free C-Side|radiofreecside\n|l|\u2606viaan\n|c|\u2606MattC (Banned)|gg\n|l| Radio Free C-Side\n|l| National Unity\n","uploadtime":1701015754,"views":1,"p1id":"viaan","p2id":"mattcbanned","formatid":"gen9vgc2023regulatione","rating":0,"private":0,"password":""}