{"id":"gen9vgc2023regulatione-1993706343","p1":"youngaren","p2":"ICYoyo","format":"[Gen 9] VGC 2023 Regulation E","log":"|j|\u2606youngaren\n|j|\u2606ICYoyo\n|t:|1700347713\n|gametype|doubles\n|player|p1|youngaren|1|\n|player|p2|ICYoyo|266|\n|teamsize|p1|6\n|teamsize|p2|6\n|gen|9\n|tier|[Gen 9] VGC 2023 Regulation E\n|rule|Species Clause: Limit one of each Pok\u00e9mon\n|rule|Item Clause: Limit one of each item\n|clearpoke\n|poke|p1|Iron Hands, L50|\n|poke|p1|Tyranitar, L50, M|\n|poke|p1|Articuno-Galar, L50|\n|poke|p1|Palossand, L50, F|\n|poke|p1|Ursaluna, L50, F|\n|poke|p1|Ogerpon-Cornerstone, L50, F|\n|poke|p2|Gholdengo, L50|\n|poke|p2|Urshifu-*, L50, F|\n|poke|p2|Pelipper, L50, F|\n|poke|p2|Zapdos, L50|\n|poke|p2|Scizor, L50, F|\n|poke|p2|Ludicolo, L50, F|\n|teampreview|4\nyoungaren rejected open team sheets.\n|c|\u2606youngaren|glhf\n|c|\u2606ICYoyo|glhf\n|inactive|Battle timer is ON: inactive players will automatically lose when time's up. (requested by ICYoyo)\n|inactive|ICYoyo has 60 seconds left.\n|\n|t:|1700347778\n|start\n|switch|p1a: Tyranitar|Tyranitar, L50, M|100\/100\n|switch|p1b: Articuno|Articuno-Galar, L50|100\/100\n|switch|p2a: Ludicolo|Ludicolo, L50, F|100\/100\n|switch|p2b: Urshifu|Urshifu-Rapid-Strike, L50, F|100\/100\n|-weather|Sandstorm|[from] ability: Sand Stream|[of] p1a: Tyranitar\n|turn|1\n|inactive|youngaren has 30 seconds left.\n|\n|t:|1700347806\n|-terastallize|p2b: Urshifu|Water\n|-terastallize|p1a: Tyranitar|Dragon\n|move|p2a: Ludicolo|Fake Out|p1b: Articuno\n|-damage|p1b: Articuno|92\/100\n|move|p2b: Urshifu|Surging Strikes|p1b: Articuno\n|-crit|p1b: Articuno\n|-damage|p1b: Articuno|54\/100\n|-crit|p1b: Articuno\n|-damage|p1b: Articuno|20\/100\n|-crit|p1b: Articuno\n|-damage|p1b: Articuno|0 fnt\n|faint|p1b: Articuno\n|-hitcount|p1: Articuno|3\n|move|p1a: Tyranitar|Thunder Punch|p2b: Urshifu\n|-supereffective|p2b: Urshifu\n|-damage|p2b: Urshifu|47\/100\n|\n|-weather|Sandstorm|[upkeep]\n|-damage|p2b: Urshifu|42\/100|[from] Sandstorm\n|-damage|p2a: Ludicolo|95\/100|[from] Sandstorm\n|-damage|p1a: Tyranitar|95\/100|[from] Sandstorm\n|upkeep\n|\n|t:|1700347831\n|switch|p1b: Ogerpon|Ogerpon-Cornerstone, L50, F|100\/100\n|turn|2\n|inactive|ICYoyo has 30 seconds left.\n|\n|t:|1700347859\n|move|p1b: Ogerpon|Spiky Shield|p1b: Ogerpon\n|-singleturn|p1b: Ogerpon|move: Protect\n|move|p2b: Urshifu|Detect|p2b: Urshifu\n|-singleturn|p2b: Urshifu|Protect\n|move|p2a: Ludicolo|Giga Drain|p1b: Ogerpon\n|-activate|p1b: Ogerpon|move: Protect\n|move|p1a: Tyranitar|Thunder Punch|p2b: Urshifu\n|-activate|p2b: Urshifu|move: Protect\n|\n|-weather|Sandstorm|[upkeep]\n|-damage|p2b: Urshifu|36\/100|[from] Sandstorm\n|-damage|p2a: Ludicolo|89\/100|[from] Sandstorm\n|-damage|p1a: Tyranitar|89\/100|[from] Sandstorm\n|upkeep\n|turn|3\n|inactive|ICYoyo has 30 seconds left.\n|\n|t:|1700347890\n|switch|p1b: Palossand|Palossand, L50, F|100\/100\n|move|p2b: Urshifu|Surging Strikes|p1a: Tyranitar\n|-resisted|p1a: Tyranitar\n|-crit|p1a: Tyranitar\n|-damage|p1a: Tyranitar|78\/100\n|-resisted|p1a: Tyranitar\n|-crit|p1a: Tyranitar\n|-damage|p1a: Tyranitar|68\/100\n|-resisted|p1a: Tyranitar\n|-crit|p1a: Tyranitar\n|-damage|p1a: Tyranitar|56\/100\n|-hitcount|p1a: Tyranitar|3\n|move|p2a: Ludicolo|Giga Drain|p1b: Palossand\n|-supereffective|p1b: Palossand\n|-damage|p1b: Palossand|15\/100\n|-heal|p2a: Ludicolo|100\/100|[from] drain|[of] p1b: Palossand\n|move|p1a: Tyranitar|Thunder Punch|p2b: Urshifu\n|-supereffective|p2b: Urshifu\n|-damage|p2b: Urshifu|0 fnt\n|faint|p2b: Urshifu\n|\n|-weather|Sandstorm|[upkeep]\n|-damage|p2a: Ludicolo|95\/100|[from] Sandstorm\n|-damage|p1a: Tyranitar|50\/100|[from] Sandstorm\n|upkeep\n|inactive|ICYoyo has 30 seconds left.\n|\n|t:|1700347918\n|switch|p2b: Scizor|Scizor, L50, F|100\/100\n|turn|4\n|inactive|youngaren has 30 seconds left.\n|inactive|ICYoyo has 30 seconds left.\n|\n|t:|1700347948\n|move|p2a: Ludicolo|Giga Drain|p1b: Palossand\n|-supereffective|p1b: Palossand\n|-damage|p1b: Palossand|0 fnt\n|-heal|p2a: Ludicolo|100\/100|[from] drain|[of] p1b: Palossand\n|faint|p1b: Palossand\n|move|p2b: Scizor|Bug Bite|p1a: Tyranitar\n|-damage|p1a: Tyranitar|4\/100\n|-damage|p2b: Scizor|91\/100|[from] item: Life Orb\n|move|p1a: Tyranitar|Low Kick|p2b: Scizor\n|-damage|p2b: Scizor|48\/100\n|\n|-weather|Sandstorm|[upkeep]\n|-damage|p2a: Ludicolo|95\/100|[from] Sandstorm\n|-damage|p1a: Tyranitar|0 fnt|[from] Sandstorm\n|faint|p1a: Tyranitar\n|upkeep\n|\n|t:|1700347964\n|switch|p1b: Ogerpon|Ogerpon-Cornerstone, L50, F|100\/100\n|turn|5\n|\n|t:|1700347975\n|move|p2b: Scizor|Bullet Punch|p1b: Ogerpon\n|-supereffective|p1b: Ogerpon\n|-ability|p1b: Ogerpon|Sturdy\n|-damage|p1b: Ogerpon|1\/100\n|-damage|p2b: Scizor|38\/100|[from] item: Life Orb\n|move|p1b: Ogerpon|Ivy Cudgel|p2b: Scizor|[anim] Ivy Cudgel Rock\n|-damage|p2b: Scizor|0 fnt\n|faint|p2b: Scizor\n|move|p2a: Ludicolo|Giga Drain|p1b: Ogerpon\n|-damage|p1b: Ogerpon|0 fnt\n|-heal|p2a: Ludicolo|95\/100|[from] drain|[of] p1b: Ogerpon\n|faint|p1b: Ogerpon\n|\n|win|ICYoyo\n|l|\u2606ICYoyo\n|j| PTP_VGC\n|l| PTP_VGC\n","uploadtime":1700347999,"views":35,"p1id":"youngaren","p2id":"icyoyo","formatid":"gen9vgc2023regulatione","rating":0,"private":0,"password":""}