{"id":"gen9vgc2023regulatione-1995217780","p1":"protonsmashers","p2":"bkmboy","format":"[Gen 9] VGC 2023 Regulation E","log":"|j|\u2606protonsmashers\n|j|\u2606bkmboy\n|t:|1700535899\n|gametype|doubles\n|player|p1|protonsmashers|cynthia|1091\n|player|p2|bkmboy|gambler|1083\n|teamsize|p1|6\n|teamsize|p2|6\n|gen|9\n|tier|[Gen 9] VGC 2023 Regulation E\n|rated|\n|rule|Species Clause: Limit one of each Pok\u00e9mon\n|rule|Item Clause: Limit one of each item\n|clearpoke\n|poke|p1|Klefki, L50, M|\n|poke|p1|Bruxish, L50, M|\n|poke|p1|Goodra-Hisui, L50, F|\n|poke|p1|Forretress, L50, M|\n|poke|p1|Clefable, L50, M|\n|poke|p1|Conkeldurr, L50, M|\n|poke|p2|Torkoal, L50, F|\n|poke|p2|Oranguru, L50, M|\n|poke|p2|Ursaluna-Bloodmoon, L50, M|\n|poke|p2|Bruxish, L50, F|\n|poke|p2|Urshifu-*, L50, F|\n|poke|p2|Maushold-Four, L50|\n|teampreview|4\n|\n|t:|1700535943\n|start\n|switch|p1a: Brux|Bruxish, L50, M|100\/100\n|switch|p1b: Clef|Clefable, L50, M|100\/100\n|switch|p2a: Oranguru|Oranguru, L50, M|100\/100\n|switch|p2b: Maushold|Maushold-Four, L50|100\/100\n|turn|1\n|\n|t:|1700535959\n|move|p1b: Clef|Follow Me|p1b: Clef\n|-singleturn|p1b: Clef|move: Follow Me\n|move|p2b: Maushold|Population Bomb|p1b: Clef\n|-damage|p1b: Clef|87\/100\n|-damage|p1b: Clef|73\/100\n|-crit|p1b: Clef\n|-damage|p1b: Clef|51\/100\n|-damage|p1b: Clef|38\/100\n|-damage|p1b: Clef|25\/100\n|-damage|p1b: Clef|10\/100\n|-damage|p1b: Clef|0 fnt\n|faint|p1b: Clef\n|-hitcount|p1: Clef|7\n|move|p2a: Oranguru|Instruct|p2b: Maushold\n|-singleturn|p2b: Maushold|move: Instruct|[of] p2a: Oranguru\n|move|p2b: Maushold|Population Bomb|p1a: Brux\n|-damage|p1a: Brux|85\/100\n|-damage|p1a: Brux|71\/100\n|-damage|p1a: Brux|55\/100\n|-damage|p1a: Brux|40\/100\n|-damage|p1a: Brux|24\/100\n|-damage|p1a: Brux|10\/100\n|-damage|p1a: Brux|0 fnt\n|faint|p1a: Brux\n|-hitcount|p1: Brux|7\n|\n|upkeep\n|inactive|Battle timer is ON: inactive players will automatically lose when time's up. (requested by bkmboy)\n|\n|t:|1700535966\n|switch|p1a: Kei|Klefki, L50, M|100\/100\n|switch|p1b: Timber|Conkeldurr, L50, M|100\/100\n|turn|2\n|inactive|bkmboy has 30 seconds left.\n|inactive|bkmboy has 20 seconds left.\n|\n|t:|1700536004\n|-singleturn|p1b: Timber|move: Focus Punch\n|move|p1a: Kei|Switcheroo|p2b: Maushold\n|-activate|p1a: Kei|move: Trick|[of] p2b: Maushold\n|-item|p2b: Maushold|Lagging Tail|[from] move: Switcheroo\n|-item|p1a: Kei|Wide Lens|[from] move: Switcheroo\n|move|p2b: Maushold|Population Bomb|p1b: Timber\n|-damage|p1b: Timber|90\/100\n|-damage|p1b: Timber|80\/100\n|-damage|p1b: Timber|70\/100\n|-damage|p1b: Timber|59\/100\n|-damage|p1b: Timber|49\/100\n|-damage|p1b: Timber|39\/100\n|-damage|p1b: Timber|29\/100\n|-damage|p1b: Timber|20\/100\n|-damage|p1b: Timber|10\/100\n|-damage|p1b: Timber|0 fnt\n|faint|p1b: Timber\n|-hitcount|p1: Timber|10\n|move|p2a: Oranguru|Instruct|p2b: Maushold\n|-singleturn|p2b: Maushold|move: Instruct|[of] p2a: Oranguru\n|move|p2b: Maushold|Population Bomb|p1a: Kei\n|-resisted|p1a: Kei\n|-damage|p1a: Kei|94\/100\n|-hitcount|p1a: Kei|1\n|\n|upkeep\n|turn|3\n|inactive|bkmboy has 30 seconds left.\n|inactive|bkmboy has 20 seconds left.\n|\n|t:|1700536041\n|move|p2b: Maushold|Follow Me|p2b: Maushold\n|-singleturn|p2b: Maushold|move: Follow Me\n|move|p1a: Kei|Calm Mind|p1a: Kei\n|-boost|p1a: Kei|spa|1\n|-boost|p1a: Kei|spd|1\n|move|p2a: Oranguru|Encore|p1a: Kei\n|-start|p1a: Kei|Encore\n|\n|upkeep\n|turn|4\n|inactive|bkmboy has 30 seconds left.\n|\n|t:|1700536072\n|switch|p2b: Torkoal|Torkoal, L50, F, shiny|100\/100\n|-weather|SunnyDay|[from] ability: Drought|[of] p2b: Torkoal\n|move|p1a: Kei|Calm Mind|p1a: Kei\n|-boost|p1a: Kei|spa|1\n|-boost|p1a: Kei|spd|1\n|move|p2a: Oranguru|Trick Room|p2a: Oranguru\n|-fieldstart|move: Trick Room|[of] p2a: Oranguru\n|\n|-weather|SunnyDay|[upkeep]\n|upkeep\n|turn|5\n|\n|t:|1700536089\n|-terastallize|p2b: Torkoal|Fire\n|move|p1a: Kei|Calm Mind|p1a: Kei\n|-boost|p1a: Kei|spa|1\n|-boost|p1a: Kei|spd|1\n|move|p2b: Torkoal|Eruption|p1a: Kei\n|-supereffective|p1a: Kei\n|-damage|p1a: Kei|0 fnt\n|faint|p1a: Kei\n|\n|win|bkmboy\n|raw|protonsmashers's rating: 1091 &rarr; <strong>1067<\/strong><br \/>(-24 for losing)\n|raw|bkmboy's rating: 1083 &rarr; <strong>1111<\/strong><br \/>(+28 for winning)\n|l|\u2606protonsmashers\n|l|\u2606bkmboy\n|j|\u2606bkmboy\n|player|p2|bkmboy|gambler\n","uploadtime":1700536104,"views":6,"p1id":"protonsmashers","p2id":"bkmboy","formatid":"gen9vgc2023regulatione","rating":1067,"private":0,"password":""}