{"id":"gen9vgc2023regulatione-1998803617","p1":"Jungle211","p2":"ugh_venom","format":"[Gen 9] VGC 2023 Regulation E","log":"|j|\u2606Jungle211\n|j|\u2606ugh_venom\n|t:|1700994226\n|gametype|doubles\n|player|p1|Jungle211|burglar|1249\n|player|p2|ugh_venom|clown|1322\n|teamsize|p1|6\n|teamsize|p2|6\n|gen|9\n|tier|[Gen 9] VGC 2023 Regulation E\n|rated|\n|rule|Species Clause: Limit one of each Pok\u00e9mon\n|rule|Item Clause: Limit one of each item\n|clearpoke\n|poke|p1|Landorus-Therian, L50, M|\n|poke|p1|Iron Hands, L50|\n|poke|p1|Ogerpon-Wellspring, L50, F|\n|poke|p1|Dragapult, L50, M|\n|poke|p1|Chien-Pao, L50|\n|poke|p1|Heatran, L50, M|\n|poke|p2|Baxcalibur, L50, F|\n|poke|p2|Ninetales-Alola, L50, F|\n|poke|p2|Heatran, L50, F|\n|poke|p2|Tornadus, L50, M|\n|poke|p2|Ting-Lu, L50|\n|poke|p2|Arcanine, L50, F|\n|teampreview|4\n|inactive|Battle timer is ON: inactive players will automatically lose when time's up. (requested by ugh_venom)\n|inactive|Jungle211 has 60 seconds left.\n|l|\u2606ugh_venom\n|inactive|ugh_venom disconnected and has a minute to reconnect!\n|player|p2|\n|j|\u2606ugh_venom\n|inactive|ugh_venom reconnected.\n|player|p2|ugh_venom|clown\n|\n|t:|1700994280\n|start\n|switch|p1a: Heatran|Heatran, L50, M|100\/100\n|switch|p1b: Iron Hands|Iron Hands, L50|100\/100\n|switch|p2a: Baxcalibur|Baxcalibur, L50, F|100\/100\n|switch|p2b: Heatran|Heatran, L50, F|100\/100\n|turn|1\n|\n|t:|1700994295\n|-terastallize|p1a: Heatran|Fairy\n|move|p1b: Iron Hands|Fake Out|p2b: Heatran\n|-resisted|p2b: Heatran\n|-damage|p2b: Heatran|93\/100\n|move|p2a: Baxcalibur|Icicle Crash|p1b: Iron Hands\n|-damage|p1b: Iron Hands|64\/100\n|cant|p2b: Heatran|flinch\n|move|p1a: Heatran|Flash Cannon|p2a: Baxcalibur\n|-supereffective|p2a: Baxcalibur\n|-damage|p2a: Baxcalibur|4\/100\n|-damage|p1a: Heatran|91\/100|[from] item: Life Orb\n|\n|-heal|p2b: Heatran|98\/100|[from] item: Leftovers\n|upkeep\n|turn|2\n|inactive|Jungle211 has 30 seconds left.\n|inactive|ugh_venom has 30 seconds left.\n|\n|t:|1700994329\n|switch|p2a: Tornadus|Tornadus, L50, M|100\/100\n|move|p2b: Heatran|Flash Cannon|p1a: Heatran\n|-supereffective|p1a: Heatran\n|-damage|p1a: Heatran|11\/100\n|-unboost|p1a: Heatran|spd|1\n|move|p1a: Heatran|Flash Cannon|p2a: Tornadus\n|-damage|p2a: Tornadus|37\/100\n|-damage|p1a: Heatran|2\/100|[from] item: Life Orb\n|move|p1b: Iron Hands|Drain Punch|p2b: Heatran\n|-supereffective|p2b: Heatran\n|-damage|p2b: Heatran|22\/100\n|-heal|p1b: Iron Hands|96\/100|[from] drain|[of] p2b: Heatran\n|\n|-heal|p2b: Heatran|28\/100|[from] item: Leftovers\n|upkeep\n|turn|3\n|\n|t:|1700994350\n|move|p1a: Heatran|Protect|p1a: Heatran\n|-singleturn|p1a: Heatran|Protect\n|move|p2a: Tornadus|Bleakwind Storm|p1b: Iron Hands|[spread] \n|-activate|p1a: Heatran|move: Protect\n|-miss|p2a: Tornadus|p1b: Iron Hands\n|move|p2b: Heatran|Heat Wave|p1b: Iron Hands|[spread] p1b\n|-activate|p1a: Heatran|move: Protect\n|-damage|p1b: Iron Hands|72\/100\n|move|p1b: Iron Hands|Drain Punch|p2b: Heatran\n|-supereffective|p2b: Heatran\n|-damage|p2b: Heatran|0 fnt\n|-heal|p1b: Iron Hands|83\/100|[from] drain|[of] p2b: Heatran\n|faint|p2b: Heatran\n|\n|upkeep\n|\n|t:|1700994366\n|switch|p2b: Ninetales|Ninetales-Alola, L50, F|100\/100\n|-weather|Snow|[from] ability: Snow Warning|[of] p2b: Ninetales\n|turn|4\n|\n|t:|1700994378\n|move|p2b: Ninetales|Moonblast|p1b: Iron Hands\n|-supereffective|p1b: Iron Hands\n|-damage|p1b: Iron Hands|39\/100\n|-unboost|p1b: Iron Hands|spa|1\n|move|p2a: Tornadus|Bleakwind Storm|p1b: Iron Hands|[spread] p1a,p1b\n|-damage|p1a: Heatran|0 fnt\n|-damage|p1b: Iron Hands|15\/100\n|-unboost|p1b: Iron Hands|spe|1\n|faint|p1a: Heatran\n|move|p1b: Iron Hands|Heavy Slam|p2b: Ninetales\n|-supereffective|p2b: Ninetales\n|-damage|p2b: Ninetales|0 fnt\n|faint|p2b: Ninetales\n|\n|-weather|Snow|[upkeep]\n|upkeep\n|\n|t:|1700994394\n|switch|p2b: Baxcalibur|Baxcalibur, L50, F|4\/100\n|switch|p1a: Chien-Pao|Chien-Pao, L50|100\/100\n|-ability|p1a: Chien-Pao|Sword of Ruin\n|turn|5\n|\n|t:|1700994418\n|move|p2b: Baxcalibur|Protect|p2b: Baxcalibur\n|-singleturn|p2b: Baxcalibur|Protect\n|move|p1a: Chien-Pao|Sucker Punch||[still]\n|-fail|p1a: Chien-Pao\n|move|p2a: Tornadus|Tailwind|p2a: Tornadus\n|-sidestart|p2: ugh_venom|move: Tailwind\n|move|p1b: Iron Hands|Wild Charge|p2a: Tornadus\n|-supereffective|p2a: Tornadus\n|-damage|p2a: Tornadus|0 fnt\n|faint|p2a: Tornadus\n|-damage|p1b: Iron Hands|8\/100|[from] Recoil\n|\n|-weather|Snow|[upkeep]\n|upkeep\n|turn|6\n|-message|ugh_venom forfeited.\n|\n|win|Jungle211\n|raw|Jungle211's rating: 1249 &rarr; <strong>1279<\/strong><br \/>(+30 for winning)\n|raw|ugh_venom's rating: 1322 &rarr; <strong>1298<\/strong><br \/>(-24 for losing)\n|l|\u2606ugh_venom\n","uploadtime":1700994438,"views":11,"p1id":"jungle211","p2id":"ughvenom","formatid":"gen9vgc2023regulatione","rating":1279,"private":0,"password":""}