{"id":"gen9vgc2023regulatione-1997484433","p1":"KilnFirelinkAlt","p2":"Dawn Felstar","format":"[Gen 9] VGC 2023 Regulation E","log":"|j|\u2606KilnFirelinkAlt\n|j|\u2606Dawn Felstar\n|t:|1700813467\n|gametype|doubles\n|player|p1|KilnFirelinkAlt|iris-gen5bw2|1097\n|player|p2|Dawn Felstar|caitlin|1046\n|teamsize|p1|6\n|teamsize|p2|6\n|gen|9\n|tier|[Gen 9] VGC 2023 Regulation E\n|rated|\n|rule|Species Clause: Limit one of each Pok\u00e9mon\n|rule|Item Clause: Limit one of each item\n|clearpoke\n|poke|p1|Lurantis, L50, M|\n|poke|p1|Cresselia, L50, F|\n|poke|p1|Corviknight, L50, F|\n|poke|p1|Clodsire, L50, F|\n|poke|p1|Sylveon, L50, M|\n|poke|p1|Goodra-Hisui, L50, F|\n|poke|p2|Shiftry, L50, F|\n|poke|p2|Ribombee, L50, F|\n|poke|p2|Ogerpon-Hearthflame, L50, F|\n|poke|p2|Urshifu-*, L50, F|\n|poke|p2|Gholdengo, L50|\n|poke|p2|Volcarona, L50, F|\n|teampreview|4\n|\n|t:|1700813483\n|start\n|switch|p1a: Lurantis|Lurantis, L50, M|100\/100\n|switch|p1b: Corviknight|Corviknight, L50, F|100\/100\n|switch|p2a: Shiftry|Shiftry, L50, F, shiny|100\/100\n|switch|p2b: Ribombee|Ribombee, L50, F, shiny|100\/100\n|turn|1\n|\n|t:|1700813503\n|-terastallize|p1a: Lurantis|Fire\n|move|p2a: Shiftry|Fake Out|p1b: Corviknight\n|-resisted|p1b: Corviknight\n|-damage|p1b: Corviknight|97\/100\n|-damage|p2a: Shiftry|84\/100|[from] item: Rocky Helmet|[of] p1b: Corviknight\n|move|p2b: Ribombee|Tailwind|p2b: Ribombee\n|-sidestart|p2: Dawn Felstar|move: Tailwind\n|-ability|p2a: Shiftry|Wind Rider|boost\n|-boost|p2a: Shiftry|atk|1\n|cant|p1b: Corviknight|flinch\n|move|p1a: Lurantis|Superpower|p2a: Shiftry\n|-supereffective|p2a: Shiftry\n|-damage|p2a: Shiftry|0 fnt\n|-boost|p1a: Lurantis|atk|1\n|-boost|p1a: Lurantis|def|1\n|faint|p2a: Shiftry\n|\n|upkeep\n|\n|t:|1700813523\n|switch|p2a: Volcarona|Volcarona, L50, F|100\/100\n|turn|2\n|\n|t:|1700813541\n|move|p2b: Ribombee|Protect|p2b: Ribombee\n|-singleturn|p2b: Ribombee|Protect\n|move|p2a: Volcarona|Heat Wave|p1b: Corviknight|[spread] p1a,p1b\n|-resisted|p1a: Lurantis\n|-supereffective|p1b: Corviknight\n|-damage|p1a: Lurantis|87\/100\n|-damage|p1b: Corviknight|11\/100\n|move|p1b: Corviknight|Fake Tears|p1a: Lurantis\n|-boost|p1a: Lurantis|spd|2\n|move|p1a: Lurantis|Superpower|p2a: Volcarona\n|-resisted|p2a: Volcarona\n|-damage|p2a: Volcarona|64\/100\n|-boost|p1a: Lurantis|atk|1\n|-boost|p1a: Lurantis|def|1\n|\n|upkeep\n|turn|3\n|\n|t:|1700813565\n|switch|p1b: Cresselia|Cresselia, L50, F|100\/100\n|move|p2b: Ribombee|Pollen Puff|p2a: Volcarona\n|-heal|p2a: Volcarona|100\/100\n|move|p2a: Volcarona|Heat Wave|p1a: Lurantis|[spread] p1a,p1b\n|-resisted|p1a: Lurantis\n|-damage|p1a: Lurantis|80\/100\n|-damage|p1b: Cresselia|79\/100\n|move|p1a: Lurantis|Tera Blast|p2b: Ribombee|[anim] Tera Blast Fire\n|-supereffective|p2b: Ribombee\n|-enditem|p2b: Ribombee|Focus Sash\n|-damage|p2b: Ribombee|1\/100\n|\n|-heal|p1b: Cresselia|86\/100|[from] item: Leftovers\n|upkeep\n|turn|4\n|\n|t:|1700813594\n|switch|p2a: Gholdengo|Gholdengo, L50|100\/100\n|move|p2b: Ribombee|Moonblast|p1b: Cresselia\n|-damage|p1b: Cresselia|64\/100\n|-unboost|p1b: Cresselia|spa|1\n|move|p1b: Cresselia|Dazzling Gleam|p2b: Ribombee|[spread] p2a,p2b\n|-resisted|p2a: Gholdengo\n|-damage|p2a: Gholdengo|96\/100\n|-damage|p2b: Ribombee|0 fnt\n|faint|p2b: Ribombee\n|move|p1a: Lurantis|Superpower|p2a: Gholdengo\n|-immune|p2a: Gholdengo\n|\n|-heal|p1b: Cresselia|70\/100|[from] item: Leftovers\n|-sideend|p2: Dawn Felstar|move: Tailwind\n|upkeep\n|\n|t:|1700813611\n|switch|p2b: Volcarona|Volcarona, L50, F|100\/100\n|turn|5\n|\n|t:|1700813620\n|move|p2b: Volcarona|Quiver Dance|p2b: Volcarona\n|-boost|p2b: Volcarona|spa|1\n|-boost|p2b: Volcarona|spd|1\n|-boost|p2b: Volcarona|spe|1\n|move|p2a: Gholdengo|Make It Rain|p1a: Lurantis|[spread] p1a,p1b\n|-resisted|p1a: Lurantis\n|-damage|p1a: Lurantis|70\/100\n|-damage|p1b: Cresselia|39\/100\n|-unboost|p2a: Gholdengo|spa|1\n|-damage|p2a: Gholdengo|86\/100|[from] item: Life Orb\n|move|p1a: Lurantis|Tera Blast|p2a: Gholdengo|[anim] Tera Blast Fire\n|-supereffective|p2a: Gholdengo\n|-damage|p2a: Gholdengo|0 fnt\n|faint|p2a: Gholdengo\n|move|p1b: Cresselia|Trick Room|p1b: Cresselia\n|-fieldstart|move: Trick Room|[of] p1b: Cresselia\n|\n|-heal|p1b: Cresselia|45\/100|[from] item: Leftovers\n|upkeep\n|turn|6\n|\n|t:|1700813645\n|-terastallize|p2b: Volcarona|Bug\n|move|p1a: Lurantis|Superpower|p2b: Volcarona\n|-resisted|p2b: Volcarona\n|-damage|p2b: Volcarona|55\/100\n|-boost|p1a: Lurantis|atk|1\n|-boost|p1a: Lurantis|def|1\n|move|p1b: Cresselia|Lunar Blessing|p1b: Cresselia|[spread] p1a,p1b\n|-heal|p1a: Lurantis|95\/100\n|-heal|p1b: Cresselia|71\/100\n|move|p2b: Volcarona|Quiver Dance|p2b: Volcarona\n|-boost|p2b: Volcarona|spa|1\n|-boost|p2b: Volcarona|spd|1\n|-boost|p2b: Volcarona|spe|1\n|\n|-heal|p1b: Cresselia|77\/100|[from] item: Leftovers\n|upkeep\n|turn|7\n|\n|t:|1700813667\n|move|p1a: Lurantis|Superpower|p2b: Volcarona\n|-resisted|p2b: Volcarona\n|-damage|p2b: Volcarona|0 fnt\n|-boost|p1a: Lurantis|atk|1\n|-boost|p1a: Lurantis|def|1\n|faint|p2b: Volcarona\n|\n|win|KilnFirelinkAlt\n|raw|KilnFirelinkAlt's rating: 1097 &rarr; <strong>1119<\/strong><br \/>(+22 for winning)\n|raw|Dawn Felstar's rating: 1046 &rarr; <strong>1032<\/strong><br \/>(-14 for losing)\n|l|\u2606Dawn Felstar\n","uploadtime":1700813680,"views":15,"p1id":"kilnfirelinkalt","p2id":"dawnfelstar","formatid":"gen9vgc2023regulatione","rating":1032,"private":0,"password":""}