{"id":"gen9vgc2023regulatione-1994574707","p1":"Stryke Out","p2":"LiluziHit","format":"[Gen 9] VGC 2023 Regulation E","log":"|j|\u2606Stryke Out\n|j|\u2606LiluziHit\n|n|\u2606Stryke Out|strykeout\n|n|\u2606LiluziHit|liluzihit\n|html|View the match progress at <a href=\"\/game-bestof3-gen9vgc2023regulatione-1994572947\">game-bestof3-gen9vgc2023regulatione-1994572947<\/a>\n|t:|1700462497\n|gametype|doubles\n|player|p1|Stryke Out|cynthia-gen4|\n|player|p2|LiluziHit|blue|\n|teamsize|p1|6\n|teamsize|p2|6\n|gen|9\n|tier|[Gen 9] VGC 2023 Regulation E\n|rule|Species Clause: Limit one of each Pok\u00e9mon\n|rule|Item Clause: Limit one of each item\n|clearpoke\n|poke|p1|Ting-Lu, L50|\n|poke|p1|Bisharp, L50, F|\n|poke|p1|Moltres, L50|\n|poke|p1|Stantler, L50, M|\n|poke|p1|Basculegion-F, L50, F|\n|poke|p1|Tauros-Paldea-Combat, L50, M|\n|poke|p2|Kingambit, L50, F|\n|poke|p2|Landorus-Therian, L50, M|\n|poke|p2|Ursaluna-Bloodmoon, L50, M|\n|poke|p2|Dusknoir, L50, F|\n|poke|p2|Munkidori, L50, M|\n|poke|p2|Furret, L50, F|\n|teampreview|4\n|\n|t:|1700462578\n|start\n|switch|p1a: Bisharp|Bisharp, L50, F|100\/100\n|switch|p1b: Ting-Lu|Ting-Lu, L50|100\/100\n|switch|p2a: Furret|Furret, L50, F|100\/100\n|switch|p2b: Ursaluna|Ursaluna-Bloodmoon, L50, M|100\/100\n|-ability|p1b: Ting-Lu|Vessel of Ruin\n|turn|1\n|\n|t:|1700462628\n|-terastallize|p2b: Ursaluna|Normal\n|move|p2a: Furret|Follow Me|p2a: Furret\n|-singleturn|p2a: Furret|move: Follow Me\n|move|p1a: Bisharp|Taunt|p2a: Furret\n|-start|p2a: Furret|move: Taunt\n|move|p2b: Ursaluna|Hyper Voice|p1b: Ting-Lu|[spread] p1a,p1b\n|-resisted|p1a: Bisharp\n|-damage|p1a: Bisharp|84\/100\n|-damage|p1b: Ting-Lu|87\/100\n|-enditem|p2b: Ursaluna|Throat Spray\n|-boost|p2b: Ursaluna|spa|1|[from] item: Throat Spray\n|move|p1b: Ting-Lu|Body Press|p2a: Furret\n|-supereffective|p2a: Furret\n|-damage|p2a: Furret|46\/100\n|\n|upkeep\n|turn|2\n|\n|t:|1700462655\n|move|p2b: Ursaluna|Vacuum Wave|p1a: Bisharp\n|-supereffective|p1a: Bisharp\n|-damage|p1a: Bisharp|31\/100\n|move|p2a: Furret|Knock Off|p1b: Ting-Lu\n|-resisted|p1b: Ting-Lu\n|-damage|p1b: Ting-Lu|82\/100\n|-enditem|p1b: Ting-Lu|Assault Vest|[from] move: Knock Off|[of] p2a: Furret\n|move|p1a: Bisharp|Low Kick|p2b: Ursaluna\n|-supereffective|p2b: Ursaluna\n|-damage|p2b: Ursaluna|52\/100\n|move|p1b: Ting-Lu|Body Press|p2a: Furret\n|-supereffective|p2a: Furret\n|-damage|p2a: Furret|0 fnt\n|faint|p2a: Furret\n|\n|upkeep\n|\n|t:|1700462666\n|switch|p2a: Dusknoir|Dusknoir, L50, F|100\/100\n|-item|p1a: Bisharp|Eviolite|[from] ability: Frisk|[of] p2a: Dusknoir|[identify]\n|turn|3\n|\n|t:|1700462676\n|switch|p1b: Stantler|Stantler, L50, M|100\/100\n|-item|p2a: Dusknoir|Mental Herb|[from] ability: Frisk|[of] p1b: Stantler|[identify]\n|move|p2b: Ursaluna|Protect|p2b: Ursaluna\n|-singleturn|p2b: Ursaluna|Protect\n|move|p1a: Bisharp|Taunt|p2a: Dusknoir\n|-start|p2a: Dusknoir|move: Taunt\n|-enditem|p2a: Dusknoir|Mental Herb\n|-end|p2a: Dusknoir|move: Taunt\n|move|p2a: Dusknoir|Will-O-Wisp|p1a: Bisharp\n|-status|p1a: Bisharp|brn\n|\n|-damage|p1a: Bisharp|25\/100 brn|[from] brn\n|upkeep\n|turn|4\n|\n|t:|1700462694\n|move|p2a: Dusknoir|Helping Hand|p2b: Ursaluna\n|-singleturn|p2b: Ursaluna|Helping Hand|[of] p2a: Dusknoir\n|move|p1b: Stantler|Skill Swap|p2b: Ursaluna\n|-activate|p1b: Stantler|move: Skill Swap|Mind's Eye|Frisk|[of] p2b: Ursaluna\n|-item|p1a: Bisharp|Eviolite|[from] ability: Frisk|[of] p2b: Ursaluna|[identify]\n|-item|p1b: Stantler|Sitrus Berry|[from] ability: Frisk|[of] p2b: Ursaluna|[identify]\n|move|p1a: Bisharp|Taunt|p2a: Dusknoir\n|-start|p2a: Dusknoir|move: Taunt\n|move|p2b: Ursaluna|Hyper Voice|p1b: Stantler|[spread] p1a,p1b\n|-resisted|p1a: Bisharp\n|-damage|p1a: Bisharp|0 fnt\n|-damage|p1b: Stantler|0 fnt\n|faint|p1a: Bisharp\n|faint|p1b: Stantler\n|\n|upkeep\n|\n|t:|1700462707\n|switch|p1b: Ting-Lu|Ting-Lu, L50|82\/100\n|switch|p1a: Basculegion|Basculegion-F, L50, F, shiny|100\/100\n|-ability|p1b: Ting-Lu|Vessel of Ruin\n|turn|5\n|\n|t:|1700462791\n|switch|p2a: Landorus|Landorus-Therian, L50, M, shiny|100\/100\n|-ability|p2a: Landorus|Intimidate|boost\n|-unboost|p1a: Basculegion|atk|1\n|-unboost|p1b: Ting-Lu|atk|1\n|-terastallize|p1b: Ting-Lu|Fighting\n|move|p1a: Basculegion|Last Respects|p2a: Landorus\n|-damage|p2a: Landorus|0 fnt\n|faint|p2a: Landorus\n|move|p2b: Ursaluna|Blood Moon|p1b: Ting-Lu\n|-damage|p1b: Ting-Lu|12\/100\n|move|p1b: Ting-Lu|Body Press|p2b: Ursaluna\n|-supereffective|p2b: Ursaluna\n|-damage|p2b: Ursaluna|2\/100\n|\n|upkeep\n|\n|t:|1700462807\n|switch|p2a: Dusknoir|Dusknoir, L50, F|100\/100\n|-item|p1a: Basculegion|Choice Band|[from] ability: Frisk|[of] p2a: Dusknoir|[identify]\n|turn|6\n|\n|t:|1700462835\n|move|p2a: Dusknoir|Helping Hand|p2b: Ursaluna\n|-singleturn|p2b: Ursaluna|Helping Hand|[of] p2a: Dusknoir\n|move|p2b: Ursaluna|Vacuum Wave|p1b: Ting-Lu\n|-damage|p1b: Ting-Lu|0 fnt\n|faint|p1b: Ting-Lu\n|move|p1a: Basculegion|Last Respects|p2a: Dusknoir\n|-supereffective|p2a: Dusknoir\n|-damage|p2a: Dusknoir|0 fnt\n|faint|p2a: Dusknoir\n|\n|upkeep\n|turn|7\n|\n|t:|1700462842\n|move|p2b: Ursaluna|Protect|p2b: Ursaluna\n|-singleturn|p2b: Ursaluna|Protect\n|move|p1a: Basculegion|Last Respects|p2b: Ursaluna\n|-activate|p2b: Ursaluna|move: Protect\n|\n|upkeep\n|turn|8\n|\n|t:|1700462854\n|move|p2b: Ursaluna|Vacuum Wave|p1a: Basculegion\n|-immune|p1a: Basculegion\n|move|p1a: Basculegion|Last Respects|p2b: Ursaluna\n|-immune|p2b: Ursaluna\n|\n|upkeep\n|turn|9\n|\n|t:|1700462860\n|move|p2b: Ursaluna|Vacuum Wave|p1a: Basculegion\n|-immune|p1a: Basculegion\n|move|p1a: Basculegion|Last Respects|p2b: Ursaluna\n|-immune|p2b: Ursaluna\n|\n|upkeep\n|turn|10\n|-message|Stryke Out forfeited.\n|\n|win|LiluziHit\n","uploadtime":1700462884,"views":7,"p1id":"strykeout","p2id":"liluzihit","formatid":"gen9vgc2023regulatione","rating":0,"private":0,"password":""}