{"id":"gen9vgc2023regulatione-1997022724","p1":"ThePhantom_356","p2":"sdmiiu","format":"[Gen 9] VGC 2023 Regulation E","log":"|j|\u2606ThePhantom_356\n|j|\u2606sdmiiu\n|t:|1700756672\n|gametype|doubles\n|player|p1|ThePhantom_356|fantina|1273\n|player|p2|sdmiiu|red|1172\n|teamsize|p1|6\n|teamsize|p2|4\n|gen|9\n|tier|[Gen 9] VGC 2023 Regulation E\n|rated|\n|rule|Species Clause: Limit one of each Pok\u00e9mon\n|rule|Item Clause: Limit one of each item\n|clearpoke\n|poke|p1|Ogerpon, L50, F|\n|poke|p1|Flutter Mane, L50|\n|poke|p1|Iron Hands, L50|\n|poke|p1|Chien-Pao, L50|\n|poke|p1|Urshifu-*, L50, F|\n|poke|p1|Tornadus, L50, M|\n|poke|p2|Gengar, L50, F|\n|poke|p2|Tornadus, L50, M|\n|poke|p2|Milotic, L50, M|\n|poke|p2|Krookodile, L50, M|\n|teampreview|4\nsdmiiu has agreed to open team sheets.\n|inactive|Battle timer is ON: inactive players will automatically lose when time's up. (requested by sdmiiu)\nThePhantom_356 has agreed to open team sheets.\n|\n|t:|1700756695\n|start\n|switch|p1a: Aladdin|Tornadus, L50, M|100\/100\n|switch|p1b: Katara|Urshifu-Rapid-Strike, L50, F|100\/100\n|switch|p2a: Tornadus|Tornadus, L50, M|100\/100\n|switch|p2b: Gengar|Gengar, L50, F|100\/100\n|turn|1\n|\n|t:|1700756716\n|-terastallize|p1b: Katara|Water\n|move|p2a: Tornadus|Tailwind|p2a: Tornadus\n|-sidestart|p2: sdmiiu|move: Tailwind\n|move|p1a: Aladdin|Tailwind|p1a: Aladdin\n|-sidestart|p1: ThePhantom_356|move: Tailwind\n|move|p2b: Gengar|Dazzling Gleam|p1b: Katara|[spread] p1a,p1b\n|-damage|p1a: Aladdin|63\/100\n|-damage|p1b: Katara|68\/100\n|move|p1b: Katara|Surging Strikes|p2b: Gengar\n|-crit|p2b: Gengar\n|-damage|p2b: Gengar|34\/100\n|-crit|p2b: Gengar\n|-damage|p2b: Gengar|0 fnt\n|faint|p2b: Gengar\n|-hitcount|p2: Gengar|2\n|\n|upkeep\n|\n|t:|1700756729\n|switch|p2b: Milotic|Milotic, L50, M|100\/100\n|turn|2\n|\n|t:|1700756747\n|move|p1a: Aladdin|Protect|p1a: Aladdin\n|-singleturn|p1a: Aladdin|Protect\n|move|p2a: Tornadus|Bleakwind Storm|p1b: Katara|[spread] p1b\n|-activate|p1a: Aladdin|move: Protect\n|-damage|p1b: Katara|26\/100\n|-unboost|p1b: Katara|spe|1\n|move|p2b: Milotic|Scald|p1b: Katara\n|-resisted|p1b: Katara\n|-damage|p1b: Katara|6\/100\n|-status|p1b: Katara|brn\n|move|p1b: Katara|Taunt|p2b: Milotic\n|-start|p2b: Milotic|move: Taunt\n|\n|-damage|p1b: Katara|0 fnt|[from] brn\n|faint|p1b: Katara\n|upkeep\n|\n|t:|1700756769\n|switch|p1b: Yogurtpon|Ogerpon, L50, F|100\/100\n|turn|3\n|\n|t:|1700756784\n|-terastallize|p2a: Tornadus|Flying\n|move|p2a: Tornadus|Bleakwind Storm|p1a: Aladdin|[spread] p1a,p1b\n|-supereffective|p1b: Yogurtpon\n|-damage|p1a: Aladdin|1\/100\n|-damage|p1b: Yogurtpon|0 fnt\n|faint|p1b: Yogurtpon\n|move|p1a: Aladdin|Bleakwind Storm|p2a: Tornadus|[spread] p2a,p2b\n|-damage|p2a: Tornadus|54\/100\n|-damage|p2b: Milotic|78\/100\n|move|p2b: Milotic|Ice Beam|p1a: Aladdin\n|-supereffective|p1a: Aladdin\n|-damage|p1a: Aladdin|0 fnt\n|faint|p1a: Aladdin\n|\n|-heal|p2b: Milotic|84\/100|[from] item: Leftovers\n|upkeep\n|\n|t:|1700756798\n|switch|p1a: Toni|Chien-Pao, L50|100\/100\n|-ability|p1a: Toni|Sword of Ruin\n|turn|4\n|\n|t:|1700756813\n|move|p1a: Toni|Ice Spinner|p2a: Tornadus\n|-supereffective|p2a: Tornadus\n|-damage|p2a: Tornadus|0 fnt\n|faint|p2a: Tornadus\n|move|p2b: Milotic|Scald|p1a: Toni\n|-damage|p1a: Toni|42\/100\n|\n|-heal|p2b: Milotic|90\/100|[from] item: Leftovers\n|-sideend|p1: ThePhantom_356|move: Tailwind\n|-sideend|p2: sdmiiu|move: Tailwind\n|upkeep\n|\n|t:|1700756821\n|switch|p2a: Krookodile|Krookodile, L50, M|100\/100\n|-ability|p2a: Krookodile|Intimidate|boost\n|-unboost|p1a: Toni|atk|1\n|turn|5\n|\n|t:|1700756835\n|move|p2a: Krookodile|Rock Slide|p1a: Toni\n|-supereffective|p1a: Toni\n|-crit|p1a: Toni\n|-damage|p1a: Toni|0 fnt\n|faint|p1a: Toni\n|\n|win|sdmiiu\n|raw|ThePhantom_356's rating: 1273 &rarr; <strong>1241<\/strong><br \/>(-32 for losing)\n|raw|sdmiiu's rating: 1172 &rarr; <strong>1204<\/strong><br \/>(+32 for winning)\n","uploadtime":1700756844,"views":5,"p1id":"thephantom356","p2id":"sdmiiu","formatid":"gen9vgc2023regulatione","rating":1204,"private":0,"password":""}