{"id":"gen9vgc2023regulatione-1988711896","p1":"Determewnation","p2":"soranzo","format":"[Gen 9] VGC 2023 Regulation E","log":"|j|\u2606Determewnation\n|j|\u2606soranzo\n|t:|1699753657\n|gametype|doubles\n|player|p1|Determewnation|akari-isekai|1349\n|player|p2|soranzo|lucas|1419\n|teamsize|p1|6\n|teamsize|p2|6\n|gen|9\n|tier|[Gen 9] VGC 2023 Regulation E\n|rated|\n|rule|Species Clause: Limit one of each Pok\u00e9mon\n|rule|Item Clause: Limit one of each item\n|clearpoke\n|poke|p1|Indeedee-F, L50, F|\n|poke|p1|Iron Hands, L50|\n|poke|p1|Goodra, L50, M|\n|poke|p1|Chi-Yu, L50|\n|poke|p1|Tornadus, L50, M|\n|poke|p1|Hatterene, L50, F|\n|poke|p2|Kingambit, L50, F|\n|poke|p2|Rillaboom, L50, M|\n|poke|p2|Flutter Mane, L50|\n|poke|p2|Chi-Yu, L50|\n|poke|p2|Landorus-Therian, L50, M|\n|poke|p2|Tornadus, L50, M|\n|teampreview|4\n|inactive|Battle timer is ON: inactive players will automatically lose when time's up. (requested by soranzo)\n|\n|t:|1699753701\n|start\n|switch|p1a: Tornadus|Tornadus, L50, M|100\/100\n|switch|p1b: Chi-Yu|Chi-Yu, L50|100\/100\n|switch|p2a: Kingambit|Kingambit, L50, F|100\/100\n|switch|p2b: Chi-Yu|Chi-Yu, L50|100\/100\n|-ability|p1b: Chi-Yu|Beads of Ruin\n|-ability|p2b: Chi-Yu|Beads of Ruin\n|turn|1\n|inactive|soranzo has 30 seconds left.\n|inactive|soranzo has 20 seconds left.\n|\n|t:|1699753740\n|-terastallize|p1b: Chi-Yu|Fire\n|move|p2a: Kingambit|Protect|p2a: Kingambit\n|-singleturn|p2a: Kingambit|Protect\n|move|p1a: Tornadus|Tailwind|p1a: Tornadus\n|-sidestart|p1: Determewnation|move: Tailwind\n|move|p1b: Chi-Yu|Heat Wave|p2b: Chi-Yu|[spread] p2b\n|-activate|p2a: Kingambit|move: Protect\n|-resisted|p2b: Chi-Yu\n|-damage|p2b: Chi-Yu|59\/100\n|move|p2b: Chi-Yu|Snarl|p1b: Chi-Yu|[spread] p1b\n|-miss|p2b: Chi-Yu|p1a: Tornadus\n|-damage|p1b: Chi-Yu|74\/100\n|-unboost|p1b: Chi-Yu|spa|1\n|\n|upkeep\n|turn|2\n|inactive|soranzo has 30 seconds left.\n|inactive|soranzo has 20 seconds left.\n|\n|t:|1699753780\n|-terastallize|p2a: Kingambit|Fairy\n|move|p1a: Tornadus|Sunny Day|p1a: Tornadus\n|-weather|SunnyDay\n|move|p1b: Chi-Yu|Heat Wave|p2b: Chi-Yu|[spread] p2a,p2b\n|-resisted|p2b: Chi-Yu\n|-damage|p2a: Kingambit|0 fnt\n|-damage|p2b: Chi-Yu|19\/100\n|faint|p2a: Kingambit\n|move|p2b: Chi-Yu|Snarl|p1b: Chi-Yu|[spread] p1a,p1b\n|-damage|p1a: Tornadus|68\/100\n|-damage|p1b: Chi-Yu|47\/100\n|-unboost|p1b: Chi-Yu|spa|1\n|\n|-weather|SunnyDay|[upkeep]\n|upkeep\n|\n|t:|1699753794\n|switch|p2a: Flutter Mane|Flutter Mane, L50|100\/100\n|-activate|p2a: Flutter Mane|ability: Protosynthesis\n|-start|p2a: Flutter Mane|protosynthesisspe\n|turn|3\n|\n|t:|1699753811\n|switch|p1b: Indeedee|Indeedee-F, L50, F|100\/100\n|-fieldstart|move: Psychic Terrain|[from] ability: Psychic Surge|[of] p1b: Indeedee\n|-enditem|p1b: Indeedee|Psychic Seed\n|-boost|p1b: Indeedee|spd|1|[from] item: Psychic Seed\n|-end|p2a: Flutter Mane|Protosynthesis|[silent]\n|switch|p2a: Tornadus|Tornadus, L50, M|100\/100\n|move|p2b: Chi-Yu|Protect|p2b: Chi-Yu\n|-singleturn|p2b: Chi-Yu|Protect\n|move|p1a: Tornadus|Air Slash|p2b: Chi-Yu\n|-activate|p2b: Chi-Yu|move: Protect\n|\n|-weather|SunnyDay|[upkeep]\n|upkeep\n|turn|4\n|\n|t:|1699753831\n|move|p2a: Tornadus|Taunt|p1a: Tornadus\n|-start|p1a: Tornadus|move: Taunt\n|move|p1a: Tornadus|Air Slash|p2b: Chi-Yu\n|-damage|p2b: Chi-Yu|0 fnt\n|faint|p2b: Chi-Yu\n|move|p1b: Indeedee|Trick Room|p1b: Indeedee\n|-fieldstart|move: Trick Room|[of] p1b: Indeedee\n|\n|-weather|SunnyDay|[upkeep]\n|-sideend|p1: Determewnation|move: Tailwind\n|upkeep\n|\n|t:|1699753835\n|switch|p2b: Flutter Mane|Flutter Mane, L50|100\/100\n|-activate|p2b: Flutter Mane|ability: Protosynthesis\n|-start|p2b: Flutter Mane|protosynthesisspe\n|turn|5\n|\n|t:|1699753851\n|move|p1b: Indeedee|Psychic|p2a: Tornadus\n|-damage|p2a: Tornadus|50\/100\n|move|p1a: Tornadus|Air Slash|p2a: Tornadus\n|-damage|p2a: Tornadus|4\/100\n|move|p2a: Tornadus|Bleakwind Storm|p1b: Indeedee|[spread] p1a,p1b\n|-damage|p1a: Tornadus|26\/100\n|-damage|p1b: Indeedee|75\/100\n|-unboost|p1b: Indeedee|spe|1\n|move|p2b: Flutter Mane|Moonblast|p1b: Indeedee\n|-damage|p1b: Indeedee|34\/100\n|\n|-weather|SunnyDay|[upkeep]\n|upkeep\n|turn|6\n|\n|t:|1699753863\n|move|p2a: Tornadus|Protect|p2a: Tornadus\n|-singleturn|p2a: Tornadus|Protect\n|move|p1b: Indeedee|Psychic|p2a: Tornadus\n|-activate|p2a: Tornadus|move: Protect\n|move|p1a: Tornadus|Air Slash|p2b: Flutter Mane\n|-damage|p2b: Flutter Mane|73\/100\n|cant|p2b: Flutter Mane|flinch\n|\n|-weather|none\n|-end|p2b: Flutter Mane|Protosynthesis\n|-end|p1a: Tornadus|move: Taunt\n|upkeep\n|turn|7\n|-message|soranzo forfeited.\n|\n|win|Determewnation\n|raw|Determewnation's rating: 1349 &rarr; <strong>1373<\/strong><br \/>(+24 for winning)\n|raw|soranzo's rating: 1419 &rarr; <strong>1395<\/strong><br \/>(-24 for losing)\n|l|\u2606soranzo\n","uploadtime":1699753907,"views":14,"p1id":"determewnation","p2id":"soranzo","formatid":"gen9vgc2023regulatione","rating":1373,"private":0,"password":""}