{"id":"gen9vgc2023regulatione-2000069254","p1":"SCRUMPTIOUSBREAD","p2":"hunter16k","format":"[Gen 9] VGC 2023 Regulation E","log":"|j|\u2606SCRUMPTIOUSBREAD\n|j|\u2606hunter16k\n|n|\u2606SCRUMPTIOUSBREAD|scrumptiousbread\n|n|\u2606hunter16k|hunter16k\n|html|View the match progress at <a href=\"\/game-bestof3-gen9vgc2023regulatione-2000069253\">game-bestof3-gen9vgc2023regulatione-2000069253<\/a>\n|t:|1701149171\n|gametype|doubles\n|player|p1|SCRUMPTIOUSBREAD|lance|\n|player|p2|hunter16k|skyla|\n|teamsize|p1|6\n|teamsize|p2|6\n|gen|9\n|tier|[Gen 9] VGC 2023 Regulation E\n|rule|Species Clause: Limit one of each Pok\u00e9mon\n|rule|Item Clause: Limit one of each item\n|clearpoke\n|poke|p1|Espathra, L50, M|\n|poke|p1|Raichu, L50, M|\n|poke|p1|Ogerpon-Wellspring, L50, F|\n|poke|p1|Okidogi, L50, M|\n|poke|p1|Arcanine-Hisui, L50, M|\n|poke|p1|Dragapult, L50, M|\n|poke|p2|Dragonite, L50, F|\n|poke|p2|Scizor, L50, M|\n|poke|p2|Arcanine, L50, F|\n|poke|p2|Milotic, L50, M|\n|poke|p2|Regieleki, L50|\n|poke|p2|Mesprit, L50|\n|teampreview|4\n|c|\u2606hunter16k|glhf\n|c|\u2606SCRUMPTIOUSBREAD|glhf\nSCRUMPTIOUSBREAD rejected open team sheets.\n|\n|t:|1701149237\n|start\n|switch|p1a: Cumberbatch|Espathra, L50, M, shiny|100\/100\n|switch|p1b: Hashbrown|Okidogi, L50, M|100\/100\n|switch|p2a: etinogarD|Dragonite, L50, F, shiny|100\/100\n|switch|p2b: rozicS|Scizor, L50, M, shiny|100\/100\n|turn|1\n|\n|t:|1701149285\n|move|p1a: Cumberbatch|Psychic Terrain|p1a: Cumberbatch\n|-fieldstart|move: Psychic Terrain\n|move|p2a: etinogarD|Aerial Ace|p1b: Hashbrown\n|-supereffective|p1b: Hashbrown\n|-damage|p1b: Hashbrown|50\/100\n|move|p1b: Hashbrown|Fire Punch|p2b: rozicS\n|-supereffective|p2b: rozicS\n|-damage|p2b: rozicS|6\/100\n|move|p2b: rozicS|Knock Off|p1a: Cumberbatch\n|-supereffective|p1a: Cumberbatch\n|-enditem|p1a: Cumberbatch|Focus Sash\n|-damage|p1a: Cumberbatch|1\/100\n|\n|-ability|p1a: Cumberbatch|Speed Boost|boost\n|-boost|p1a: Cumberbatch|spe|1\n|upkeep\n|turn|2\n|\n|t:|1701149357\n|switch|p2b: citoliM|Milotic, L50, M, shiny|100\/100\n|move|p1a: Cumberbatch|Dazzling Gleam|p2b: citoliM|[spread] p2a,p2b\n|-supereffective|p2a: etinogarD\n|-damage|p2a: etinogarD|78\/100\n|-damage|p2b: citoliM|86\/100\n|move|p2a: etinogarD|Dragon Claw|p1a: Cumberbatch\n|-damage|p1a: Cumberbatch|0 fnt\n|faint|p1a: Cumberbatch\n|move|p1b: Hashbrown|Gunk Shot|p2a: etinogarD|[miss]\n|-miss|p1b: Hashbrown|p2a: etinogarD\n|\n|-heal|p2b: citoliM|92\/100|[from] item: Leftovers\n|upkeep\n|\n|t:|1701149370\n|switch|p1a: Muffin|Ogerpon-Wellspring, L50, F|100\/100\n|turn|3\n|\n|t:|1701149405\n|switch|p2a: rozicS|Scizor, L50, M, shiny|6\/100\n|move|p1a: Muffin|Spiky Shield|p1a: Muffin\n|-singleturn|p1a: Muffin|move: Protect\n|move|p1b: Hashbrown|Gunk Shot|p2a: rozicS\n|-immune|p2a: rozicS\n|move|p2b: citoliM|Hypnosis|p1a: Muffin\n|-activate|p1a: Muffin|move: Protect\n|\n|-heal|p2b: citoliM|98\/100|[from] item: Leftovers\n|upkeep\n|turn|4\n|\n|t:|1701149428\n|-terastallize|p1a: Muffin|Water\n|detailschange|p1a: Muffin|Ogerpon-Wellspring-Tera, L50, F, tera:Water\n|-ability|p1a: Muffin|Embody Aspect (Wellspring)|boost\n|-boost|p1a: Muffin|spd|1\n|move|p1a: Muffin|Taunt|p2b: citoliM\n|-start|p2b: citoliM|move: Taunt\n|move|p2b: citoliM|Scald|p1b: Hashbrown\n|-damage|p1b: Hashbrown|30\/100\n|move|p1b: Hashbrown|Drain Punch|p2b: citoliM\n|-damage|p2b: citoliM|68\/100\n|-heal|p1b: Hashbrown|46\/100|[from] drain|[of] p2b: citoliM\n|move|p2a: rozicS|Dual Wingbeat|p1a: Muffin\n|-damage|p1a: Muffin|81\/100\n|-damage|p1a: Muffin|59\/100\n|-hitcount|p1a: Muffin|2\n|\n|-heal|p2b: citoliM|74\/100|[from] item: Leftovers\n|upkeep\n|turn|5\n|\n|t:|1701149479\n|move|p1a: Muffin|Spiky Shield|p1a: Muffin\n|-singleturn|p1a: Muffin|move: Protect\n|move|p1b: Hashbrown|Fire Punch|p2a: rozicS\n|-supereffective|p2a: rozicS\n|-damage|p2a: rozicS|0 fnt\n|faint|p2a: rozicS\n|move|p2b: citoliM|Scald|p1a: Muffin\n|-activate|p1a: Muffin|move: Protect\n|\n|-heal|p2b: citoliM|79\/100|[from] item: Leftovers\n|-fieldend|move: Psychic Terrain\n|upkeep\n|\n|t:|1701149498\n|switch|p2a: etinogarD|Dragonite, L50, F, shiny|78\/100\n|turn|6\n|\n|t:|1701149521\n|-terastallize|p2a: etinogarD|Normal\n|move|p2a: etinogarD|Extreme Speed|p1a: Muffin\n|-damage|p1a: Muffin|18\/100\n|move|p1a: Muffin|Ivy Cudgel|p2a: etinogarD|[anim] Ivy Cudgel Water\n|-damage|p2a: etinogarD|12\/100\n|move|p1b: Hashbrown|Gunk Shot|p2b: citoliM\n|-damage|p2b: citoliM|31\/100\n|move|p2b: citoliM|Scald|p1b: Hashbrown\n|-damage|p1b: Hashbrown|26\/100\n|-status|p1b: Hashbrown|brn\n|\n|-heal|p2b: citoliM|37\/100|[from] item: Leftovers\n|-damage|p1b: Hashbrown|20\/100 brn|[from] brn\n|-end|p2b: citoliM|move: Taunt\n|upkeep\n|turn|7\n|\n|t:|1701149547\n|move|p2b: citoliM|Protect|p2b: citoliM\n|-singleturn|p2b: citoliM|Protect\n|move|p2a: etinogarD|Extreme Speed|p1b: Hashbrown\n|-damage|p1b: Hashbrown|0 fnt\n|faint|p1b: Hashbrown\n|move|p1a: Muffin|Ivy Cudgel|p2a: etinogarD|[anim] Ivy Cudgel Water\n|-damage|p2a: etinogarD|0 fnt\n|faint|p2a: etinogarD\n|\n|-heal|p2b: citoliM|43\/100|[from] item: Leftovers\n|upkeep\n|\n|t:|1701149558\n|switch|p2a: eninacrA|Arcanine, L50, F, shiny|100\/100\n|switch|p1b: Whisper|Dragapult, L50, M, shiny|100\/100\n|-ability|p2a: eninacrA|Intimidate|boost\n|-unboost|p1a: Muffin|atk|1\n|-unboost|p1b: Whisper|atk|1\n|turn|8\n|\n|t:|1701149622\n|move|p1a: Muffin|Spiky Shield|p1a: Muffin\n|-singleturn|p1a: Muffin|move: Protect\n|move|p1b: Whisper|Light Screen|p1b: Whisper\n|-sidestart|p1: SCRUMPTIOUSBREAD|move: Light Screen\n|move|p2a: eninacrA|Will-O-Wisp|p1a: Muffin\n|-activate|p1a: Muffin|move: Protect\n|move|p2b: citoliM|Hypnosis|p1b: Whisper\n|-status|p1b: Whisper|slp|[from] move: Hypnosis\n|\n|-heal|p2b: citoliM|49\/100|[from] item: Leftovers\n|upkeep\n|turn|9\n|\n|t:|1701149643\n|move|p2a: eninacrA|Protect|p2a: eninacrA\n|-singleturn|p2a: eninacrA|Protect\n|cant|p1b: Whisper|slp\n|move|p1a: Muffin|Ivy Cudgel|p2a: eninacrA|[anim] Ivy Cudgel Water\n|-activate|p2a: eninacrA|move: Protect\n|move|p2b: citoliM|Scald|p1a: Muffin\n|-resisted|p1a: Muffin\n|-damage|p1a: Muffin|11\/100\n|\n|-heal|p2b: citoliM|54\/100|[from] item: Leftovers\n|upkeep\n|turn|10\n|\n|t:|1701149671\n|move|p2a: eninacrA|Helping Hand|p2b: citoliM\n|-singleturn|p2b: citoliM|Helping Hand|[of] p2a: eninacrA\n|cant|p1b: Whisper|slp\n|move|p1a: Muffin|Ivy Cudgel|p2a: eninacrA|[anim] Ivy Cudgel Water\n|-supereffective|p2a: eninacrA\n|-damage|p2a: eninacrA|5\/100\n|move|p2b: citoliM|Scald|p1a: Muffin\n|-resisted|p1a: Muffin\n|-damage|p1a: Muffin|2\/100\n|\n|-heal|p2b: citoliM|60\/100|[from] item: Leftovers\n|upkeep\n|turn|11\n|\n|t:|1701149738\n|move|p2a: eninacrA|Protect|p2a: eninacrA\n|-singleturn|p2a: eninacrA|Protect\n|-curestatus|p1b: Whisper|slp|[msg]\n|move|p1b: Whisper|Shadow Ball|p2a: eninacrA\n|-activate|p2a: eninacrA|move: Protect\n|move|p1a: Muffin|Throat Chop|p2b: citoliM\n|-damage|p2b: citoliM|44\/100\n|-start|p2b: citoliM|Throat Chop|[silent]\n|move|p2b: citoliM|Scald|p1a: Muffin\n|-resisted|p1a: Muffin\n|-damage|p1a: Muffin|0 fnt\n|faint|p1a: Muffin\n|\n|-heal|p2b: citoliM|50\/100|[from] item: Leftovers\n|upkeep\n|turn|12\n|\n|t:|1701149769\n|move|p2a: eninacrA|Helping Hand|p2b: citoliM\n|-singleturn|p2b: citoliM|Helping Hand|[of] p2a: eninacrA\n|move|p1b: Whisper|Shadow Ball|p2a: eninacrA\n|-damage|p2a: eninacrA|0 fnt\n|faint|p2a: eninacrA\n|-damage|p1b: Whisper|91\/100|[from] item: Life Orb\n|move|p2b: citoliM|Ice Beam|p1b: Whisper\n|-supereffective|p1b: Whisper\n|-damage|p1b: Whisper|37\/100\n|\n|-heal|p2b: citoliM|56\/100|[from] item: Leftovers\n|-end|p2b: citoliM|Throat Chop|[silent]\n|-sideend|p1: SCRUMPTIOUSBREAD|move: Light Screen\n|upkeep\n|turn|13\n|\n|t:|1701149787\n|move|p2b: citoliM|Protect|p2b: citoliM\n|-singleturn|p2b: citoliM|Protect\n|move|p1b: Whisper|Draco Meteor|p2b: citoliM\n|-activate|p2b: citoliM|move: Protect\n|\n|-heal|p2b: citoliM|61\/100|[from] item: Leftovers\n|upkeep\n|turn|14\n|\n|t:|1701149805\n|move|p1b: Whisper|Draco Meteor|p2b: citoliM\n|-damage|p2b: citoliM|5\/100\n|-unboost|p1b: Whisper|spa|2\n|-damage|p1b: Whisper|28\/100|[from] item: Life Orb\n|move|p2b: citoliM|Ice Beam|p1b: Whisper\n|-supereffective|p1b: Whisper\n|-damage|p1b: Whisper|0 fnt\n|faint|p1b: Whisper\n|\n|win|hunter16k\n|inactive|SCRUMPTIOUSBREAD has 50 seconds to confirm battle start!\n|inactive|hunter16k has 50 seconds to confirm battle start!\n|c|\u2606hunter16k|ggs holy shit\n|c|\u2606SCRUMPTIOUSBREAD|damn\n|c|&|\/uhtml prompt-scrumptiousbread,SCRUMPTIOUSBREAD is ready for game 2!\n|c|\u2606hunter16k|that was nuts\n|c|&|\/uhtml prompt-hunter16k,hunter16k is ready for game 2!\nBoth players are ready! Starting next match!\n","uploadtime":1701150881,"views":7,"p1id":"scrumptiousbread","p2id":"hunter16k","formatid":"gen9vgc2023regulatione","rating":0,"private":0,"password":""}