{"id":"gen9vgc2023regulatione-1994283511","p1":"BonleyVGC","p2":"Miraidon Enjoyer","format":"[Gen 9] VGC 2023 Regulation E","log":"|j|\u2606BonleyVGC\n|j|\u2606Miraidon Enjoyer\n|t:|1700426874\n|gametype|doubles\n|player|p1|BonleyVGC|dancer|1205\n|player|p2|Miraidon Enjoyer|shauntal|1098\n|teamsize|p1|6\n|teamsize|p2|6\n|gen|9\n|tier|[Gen 9] VGC 2023 Regulation E\n|rated|\n|rule|Species Clause: Limit one of each Pok\u00e9mon\n|rule|Item Clause: Limit one of each item\n|clearpoke\n|poke|p1|Ogerpon-Cornerstone, L50, F|\n|poke|p1|Heatran, L50, M|\n|poke|p1|Tornadus, L50, M|\n|poke|p1|Landorus-Therian, L50, M|\n|poke|p1|Tyranitar, L50, M|\n|poke|p1|Gastrodon, L50, F|\n|poke|p2|Dragapult, L50, F|\n|poke|p2|Sinistcha, L50|\n|poke|p2|Arcanine-Hisui, L50, M|\n|poke|p2|Iron Valiant, L50|\n|poke|p2|Ogerpon-Wellspring, L50, F|\n|poke|p2|Chi-Yu, L50|\n|teampreview|4\n|inactive|Battle timer is ON: inactive players will automatically lose when time's up. (requested by Miraidon Enjoyer)\n|inactive|BonleyVGC has 60 seconds left.\n|inactive|Miraidon Enjoyer has 60 seconds left.\n|\n|t:|1700426912\n|start\n|switch|p1a: Tornadus|Tornadus, L50, M|100\/100\n|switch|p1b: Heatran|Heatran, L50, M|100\/100\n|switch|p2a: Arcanine|Arcanine-Hisui, L50, M|100\/100\n|switch|p2b: Ogerpon|Ogerpon-Wellspring, L50, F|100\/100\n|-ability|p2a: Arcanine|Intimidate|boost\n|-unboost|p1a: Tornadus|atk|1\n|-unboost|p1b: Heatran|atk|1\n|turn|1\n|inactive|BonleyVGC has 30 seconds left.\n|\n|t:|1700426943\n|switch|p1b: Gastrodon|Gastrodon, L50, F|100\/100\n|-terastallize|p1a: Tornadus|Rock\n|move|p2b: Ogerpon|Ivy Cudgel|p1b: Gastrodon|[anim] Ivy Cudgel Water\n|-ability|p1b: Gastrodon|Storm Drain|boost\n|-boost|p1b: Gastrodon|spa|1\n|move|p1a: Tornadus|Air Slash|p2b: Ogerpon\n|-supereffective|p2b: Ogerpon\n|-damage|p2b: Ogerpon|18\/100\n|move|p2a: Arcanine|Rock Slide|p1a: Tornadus|[spread] p1a,p1b\n|-resisted|p1b: Gastrodon\n|-damage|p1a: Tornadus|59\/100\n|-damage|p1b: Gastrodon|87\/100\n|\n|-heal|p1b: Gastrodon|93\/100|[from] item: Leftovers\n|upkeep\n|turn|2\n|inactive|Miraidon Enjoyer has 30 seconds left.\n|\n|t:|1700426970\n|switch|p2a: Sinistcha|Sinistcha, L50|100\/100\n|-heal|p2b: Ogerpon|42\/100|[from] ability: Hospitality|[of] p2a: Sinistcha\n|move|p2b: Ogerpon|Spiky Shield|p2b: Ogerpon\n|-singleturn|p2b: Ogerpon|move: Protect\n|move|p1b: Gastrodon|Protect|p1b: Gastrodon\n|-singleturn|p1b: Gastrodon|Protect\n|move|p1a: Tornadus|Sandstorm|p1a: Tornadus\n|-weather|Sandstorm\n|\n|-weather|Sandstorm|[upkeep]\n|-damage|p2b: Ogerpon|37\/100|[from] Sandstorm\n|-damage|p2a: Sinistcha|94\/100|[from] Sandstorm\n|-heal|p1b: Gastrodon|99\/100|[from] item: Leftovers\n|upkeep\n|turn|3\n|inactive|BonleyVGC has 30 seconds left.\n|\n|t:|1700426998\n|switch|p1b: Heatran|Heatran, L50, M|100\/100\n|move|p2b: Ogerpon|Follow Me|p2b: Ogerpon\n|-singleturn|p2b: Ogerpon|move: Follow Me\n|move|p1a: Tornadus|Air Slash|p2b: Ogerpon\n|-supereffective|p2b: Ogerpon\n|-damage|p2b: Ogerpon|0 fnt\n|faint|p2b: Ogerpon\n|move|p2a: Sinistcha|Matcha Gotcha|p1a: Tornadus|[spread] p1a,p1b\n|-supereffective|p1a: Tornadus\n|-resisted|p1b: Heatran\n|-damage|p1a: Tornadus|15\/100\n|-heal|p2a: Sinistcha|100\/100|[from] drain|[of] p1a: Tornadus\n|-damage|p1b: Heatran|95\/100\n|\n|-weather|Sandstorm|[upkeep]\n|-damage|p2a: Sinistcha|94\/100|[from] Sandstorm\n|upkeep\n|\n|t:|1700427015\n|switch|p2b: Iron Valiant|Iron Valiant, L50|100\/100\n|-enditem|p2b: Iron Valiant|Booster Energy\n|-activate|p2b: Iron Valiant|ability: Quark Drive|[fromitem]\n|-start|p2b: Iron Valiant|quarkdrivespe\n|turn|4\n|\n|t:|1700427028\n|switch|p1b: Landorus|Landorus-Therian, L50, M, shiny|100\/100\n|-ability|p1b: Landorus|Intimidate|boost\n|-unboost|p2a: Sinistcha|atk|1\n|-unboost|p2b: Iron Valiant|atk|1\n|move|p1a: Tornadus|Tailwind|p1a: Tornadus\n|-sidestart|p1: BonleyVGC|move: Tailwind\n|move|p2b: Iron Valiant|Close Combat|p1b: Landorus\n|-resisted|p1b: Landorus\n|-damage|p1b: Landorus|78\/100\n|-unboost|p2b: Iron Valiant|def|1\n|-unboost|p2b: Iron Valiant|spd|1\n|move|p2a: Sinistcha|Matcha Gotcha|p1a: Tornadus|[spread] p1a,p1b\n|-supereffective|p1a: Tornadus\n|-damage|p1a: Tornadus|0 fnt\n|-heal|p2a: Sinistcha|100\/100|[from] drain|[of] p1a: Tornadus\n|-damage|p1b: Landorus|47\/100\n|-status|p1b: Landorus|brn\n|faint|p1a: Tornadus\n|\n|-weather|Sandstorm|[upkeep]\n|-damage|p2b: Iron Valiant|94\/100|[from] Sandstorm\n|-damage|p2a: Sinistcha|94\/100|[from] Sandstorm\n|-damage|p1b: Landorus|41\/100 brn|[from] brn\n|upkeep\n|inactive|BonleyVGC has 30 seconds left.\n|\n|t:|1700427060\n|switch|p1a: Heatran|Heatran, L50, M|95\/100\n|turn|5\n|\n|t:|1700427069\n|-end|p2b: Iron Valiant|Quark Drive|[silent]\n|switch|p2b: Arcanine|Arcanine-Hisui, L50, M|100\/100\n|-ability|p2b: Arcanine|Intimidate|boost\n|-unboost|p1a: Heatran|atk|1\n|-unboost|p1b: Landorus|atk|1\n|move|p1a: Heatran|Protect|p1a: Heatran\n|-singleturn|p1a: Heatran|Protect\n|move|p2a: Sinistcha|Protect|p2a: Sinistcha\n|-singleturn|p2a: Sinistcha|Protect\n|move|p1b: Landorus|Stomping Tantrum|p2b: Arcanine\n|-supereffective|p2b: Arcanine\n|-damage|p2b: Arcanine|16\/100\n|\n|-weather|Sandstorm|[upkeep]\n|-damage|p2a: Sinistcha|88\/100|[from] Sandstorm\n|-damage|p1b: Landorus|35\/100 brn|[from] brn\n|upkeep\n|turn|6\n|inactive|Miraidon Enjoyer has 30 seconds left.\n|inactive|Miraidon Enjoyer has 20 seconds left.\n|\n|t:|1700427108\n|switch|p2a: Iron Valiant|Iron Valiant, L50|94\/100\n|move|p2b: Arcanine|Extreme Speed|p1b: Landorus\n|-damage|p1b: Landorus|7\/100 brn\n|move|p1b: Landorus|Stomping Tantrum|p2b: Arcanine\n|-supereffective|p2b: Arcanine\n|-damage|p2b: Arcanine|0 fnt\n|faint|p2b: Arcanine\n|move|p1a: Heatran|Heat Wave|p2a: Iron Valiant\n|-damage|p2a: Iron Valiant|0 fnt\n|faint|p2a: Iron Valiant\n|-end|p2a: Iron Valiant|Quark Drive|[silent]\n|-damage|p1a: Heatran|85\/100|[from] item: Life Orb\n|\n|-weather|none\n|-damage|p1b: Landorus|0 fnt|[from] brn\n|faint|p1b: Landorus\n|upkeep\n|\n|t:|1700427126\n|switch|p1b: Gastrodon|Gastrodon, L50, F|99\/100\n|switch|p2b: Sinistcha|Sinistcha, L50|88\/100\n|turn|7\n|\n|t:|1700427135\n|-terastallize|p2b: Sinistcha|Grass\n|move|p1b: Gastrodon|Protect|p1b: Gastrodon\n|-singleturn|p1b: Gastrodon|Protect\n|move|p1a: Heatran|Heat Wave|p2b: Sinistcha\n|-supereffective|p2b: Sinistcha\n|-damage|p2b: Sinistcha|0 fnt\n|faint|p2b: Sinistcha\n|-damage|p1a: Heatran|76\/100|[from] item: Life Orb\n|\n|win|BonleyVGC\n|raw|BonleyVGC's rating: 1205 &rarr; <strong>1223<\/strong><br \/>(+18 for winning)\n|raw|Miraidon Enjoyer's rating: 1098 &rarr; <strong>1081<\/strong><br \/>(-17 for losing)\n|l|\u2606Miraidon Enjoyer\n","uploadtime":1700427147,"views":40,"p1id":"bonleyvgc","p2id":"miraidonenjoyer","formatid":"gen9vgc2023regulatione","rating":1081,"private":0,"password":""}