{"id":"gen9vgc2023regulatione-2000125626","p1":"Walalang","p2":"MVLLOW","format":"[Gen 9] VGC 2023 Regulation E","log":"|j|\u2606Walalang\n|j|\u2606MVLLOW\n|n|\u2606Walalang|walalang\n|n|\u2606MVLLOW|mvllow\n|html|View the match progress at <a href=\"\/game-bestof3-gen9vgc2023regulatione-2000120855\">game-bestof3-gen9vgc2023regulatione-2000120855<\/a>\n|t:|1701159436\n|gametype|doubles\n|player|p1|Walalang|lucas-gen4pt|\n|player|p2|MVLLOW|1|\n|teamsize|p1|6\n|teamsize|p2|6\n|gen|9\n|tier|[Gen 9] VGC 2023 Regulation E\n|rule|Species Clause: Limit one of each Pok\u00e9mon\n|rule|Item Clause: Limit one of each item\n|clearpoke\n|poke|p1|Thundurus, L50, M|\n|poke|p1|Landorus-Therian, L50, M|\n|poke|p1|Farigiraf, L50, M|\n|poke|p1|Pikachu, L50, M|\n|poke|p1|Mamoswine, L50, M|\n|poke|p1|Mienshao, L50, M|\n|poke|p2|Tornadus, L50, M|\n|poke|p2|Arcanine-Hisui, L50, M|\n|poke|p2|Urshifu-*, L50, F|\n|poke|p2|Iron Hands, L50|\n|poke|p2|Amoonguss, L50, M|\n|poke|p2|Gholdengo, L50|\n|teampreview|4\n|\n|t:|1701159473\n|start\n|switch|p1a: Mienshao|Mienshao, L50, M|100\/100\n|switch|p1b: Isaiah|Mamoswine, L50, M|100\/100\n|switch|p2a: Iron Hands|Iron Hands, L50|100\/100\n|switch|p2b: Tornadus|Tornadus, L50, M|100\/100\n|turn|1\n|\n|t:|1701159511\n|switch|p2b: Arcanine|Arcanine-Hisui, L50, M|100\/100\n|-ability|p2b: Arcanine|Intimidate|boost\n|-fail|p1a: Mienshao|unboost|Attack|[from] ability: Inner Focus|[of] p1a: Mienshao\n|-fail|p1b: Isaiah|unboost|Attack|[from] ability: Oblivious|[of] p1b: Isaiah\n|move|p1b: Isaiah|Ice Shard|p2b: Arcanine\n|-resisted|p2b: Arcanine\n|-damage|p2b: Arcanine|88\/100\n|move|p1a: Mienshao|Close Combat|p2b: Arcanine\n|-supereffective|p2b: Arcanine\n|-damage|p2b: Arcanine|0 fnt\n|-unboost|p1a: Mienshao|def|1\n|-unboost|p1a: Mienshao|spd|1\n|faint|p2b: Arcanine\n|move|p2a: Iron Hands|Drain Punch|p1b: Isaiah\n|-supereffective|p1b: Isaiah\n|-damage|p1b: Isaiah|18\/100\n|\n|upkeep\n|\n|t:|1701159533\n|switch|p2b: Urshifu|Urshifu-Rapid-Strike, L50, F|100\/100\n|turn|2\n|\n|t:|1701159565\n|switch|p1b: Smogoncloud|Landorus-Therian, L50, M|100\/100\n|-ability|p1b: Smogoncloud|Intimidate|boost\n|-unboost|p2a: Iron Hands|atk|1\n|-unboost|p2b: Urshifu|atk|1\n|-terastallize|p2a: Iron Hands|Water\n|move|p2b: Urshifu|Detect|p2b: Urshifu\n|-singleturn|p2b: Urshifu|Protect\n|move|p1a: Mienshao|Knock Off|p2b: Urshifu\n|-activate|p2b: Urshifu|move: Protect\n|move|p2a: Iron Hands|Drain Punch|p1b: Smogoncloud\n|-resisted|p1b: Smogoncloud\n|-damage|p1b: Smogoncloud|86\/100\n|\n|upkeep\n|turn|3\n|\n|t:|1701159589\n|-terastallize|p1b: Smogoncloud|Flying\n|move|p1b: Smogoncloud|Tera Blast|p2b: Urshifu|[anim] Tera Blast Flying\n|-supereffective|p2b: Urshifu\n|-damage|p2b: Urshifu|0 fnt\n|faint|p2b: Urshifu\n|move|p1a: Mienshao|Knock Off|p2a: Iron Hands\n|-damage|p2a: Iron Hands|79\/100\n|-enditem|p2a: Iron Hands|Assault Vest|[from] move: Knock Off|[of] p1a: Mienshao\n|move|p2a: Iron Hands|Drain Punch|p1a: Mienshao\n|-damage|p1a: Mienshao|18\/100\n|-heal|p2a: Iron Hands|100\/100|[from] drain|[of] p1a: Mienshao\n|\n|upkeep\n|\n|t:|1701159600\n|switch|p2b: Tornadus|Tornadus, L50, M|100\/100\n|turn|4\n|\n|t:|1701159613\n|move|p2b: Tornadus|Tailwind|p2b: Tornadus\n|-sidestart|p2: MVLLOW|move: Tailwind\n|move|p1b: Smogoncloud|Tera Blast|p2b: Tornadus|[anim] Tera Blast Flying\n|-damage|p2b: Tornadus|45\/100\n|move|p1a: Mienshao|Close Combat|p2a: Iron Hands\n|-damage|p2a: Iron Hands|59\/100\n|-unboost|p1a: Mienshao|def|1\n|-unboost|p1a: Mienshao|spd|1\n|move|p2a: Iron Hands|Wild Charge|p1b: Smogoncloud\n|-supereffective|p1b: Smogoncloud\n|-damage|p1b: Smogoncloud|20\/100\n|-damage|p2a: Iron Hands|46\/100|[from] Recoil\n|\n|upkeep\n|turn|5\n|\n|t:|1701159637\n|move|p2b: Tornadus|Bleakwind Storm|p1a: Mienshao|[spread] p1a,p1b\n|-supereffective|p1a: Mienshao\n|-damage|p1a: Mienshao|0 fnt\n|-damage|p1b: Smogoncloud|0 fnt\n|faint|p1a: Mienshao\n|faint|p1b: Smogoncloud\n|move|p2a: Iron Hands|Drain Punch|p1: Mienshao|[notarget]\n|-fail|p2a: Iron Hands\n|\n|upkeep\n|\n|t:|1701159644\n|switch|p1a: Isaiah|Mamoswine, L50, M|18\/100\n|switch|p1b: Palindrome|Farigiraf, L50, M|100\/100\n|turn|6\n|\n|t:|1701159668\n|move|p1a: Isaiah|Ice Shard|p2b: Tornadus\n|-supereffective|p2b: Tornadus\n|-damage|p2b: Tornadus|2\/100\n|move|p2b: Tornadus|Bleakwind Storm|p1a: Isaiah|[spread] p1a,p1b\n|-crit|p1b: Palindrome\n|-damage|p1a: Isaiah|0 fnt\n|-damage|p1b: Palindrome|52\/100\n|faint|p1a: Isaiah\n|move|p2a: Iron Hands|Drain Punch|p1b: Palindrome\n|-damage|p1b: Palindrome|27\/100\n|-heal|p2a: Iron Hands|57\/100|[from] drain|[of] p1b: Palindrome\n|-enditem|p1b: Palindrome|Sitrus Berry|[eat]\n|-heal|p1b: Palindrome|52\/100|[from] item: Sitrus Berry\n|move|p1b: Palindrome|Psyshock|p2a: Iron Hands\n|-damage|p2a: Iron Hands|32\/100\n|\n|upkeep\n|turn|7\n|\n|t:|1701159687\n|move|p2b: Tornadus|Bleakwind Storm|p1b: Palindrome\n|-crit|p1b: Palindrome\n|-damage|p1b: Palindrome|0 fnt\n|faint|p1b: Palindrome\n|\n|win|MVLLOW\n|l|\u2606MVLLOW\n|l|\u2606Walalang\n|j|\u2606Walalang\n|player|p1|Walalang|lucas-gen4pt\n","uploadtime":1701159802,"views":10,"p1id":"walalang","p2id":"mvllow","formatid":"gen9vgc2023regulatione","rating":0,"private":0,"password":""}