{"id":"gen9vgc2023regulatione-1990105745","p1":"ClubSandwichBread","p2":"dkeidkdkeke","format":"[Gen 9] VGC 2023 Regulation E","log":"|j|\u2606ClubSandwichBread\n|j|\u2606dkeidkdkeke\n|t:|1699925125\n|gametype|doubles\n|player|p1|ClubSandwichBread|swimmer-gen4dp|1000\n|player|p2|dkeidkdkeke|1|1093\n|teamsize|p1|6\n|teamsize|p2|6\n|gen|9\n|tier|[Gen 9] VGC 2023 Regulation E\n|rated|\n|rule|Species Clause: Limit one of each Pok\u00e9mon\n|rule|Item Clause: Limit one of each item\n|clearpoke\n|poke|p1|Amoonguss, L50, F|\n|poke|p1|Roaring Moon, L50|\n|poke|p1|Tornadus, L50, M|\n|poke|p1|Urshifu-*, L50, F|\n|poke|p1|Arcanine-Hisui, L50, F|\n|poke|p1|Tinkaton, L50, F|\n|poke|p2|Iron Hands, L50|\n|poke|p2|Indeedee-F, L50, F|\n|poke|p2|Armarouge, L50, M|\n|poke|p2|Chien-Pao, L50|\n|poke|p2|Dragonite, L50, F|\n|poke|p2|Torkoal, L50, F|\n|teampreview|4\n|inactive|Battle timer is ON: inactive players will automatically lose when time's up. (requested by ClubSandwichBread)\nClubSandwichBread has agreed to open team sheets.\ndkeidkdkeke has agreed to open team sheets.\n|inactive|ClubSandwichBread has 30 seconds left.\n|inactive|dkeidkdkeke has 30 seconds left.\n|\n|t:|1699925158\n|start\n|switch|p1a: Roaring Moon|Roaring Moon, L50|100\/100\n|switch|p1b: Tornadus|Tornadus, L50, M|100\/100\n|switch|p2a: Indeedee|Indeedee-F, L50, F|100\/100\n|switch|p2b: Armarouge|Armarouge, L50, M|100\/100\n|-fieldstart|move: Psychic Terrain|[from] ability: Psychic Surge|[of] p2a: Indeedee\n|-enditem|p1a: Roaring Moon|Booster Energy\n|-activate|p1a: Roaring Moon|ability: Protosynthesis|[fromitem]\n|-start|p1a: Roaring Moon|protosynthesisatk\n|turn|1\n|inactive|ClubSandwichBread has 30 seconds left.\n|inactive|ClubSandwichBread has 20 seconds left.\n|\n|t:|1699925194\n|-terastallize|p2b: Armarouge|Grass\n|move|p2a: Indeedee|Follow Me|p2a: Indeedee\n|-singleturn|p2a: Indeedee|move: Follow Me\n|move|p1b: Tornadus|Scary Face|p2a: Indeedee\n|-activate|p2a: Indeedee|move: Psychic Terrain\n|move|p1a: Roaring Moon|Knock Off|p2a: Indeedee\n|-supereffective|p2a: Indeedee\n|-enditem|p2a: Indeedee|Colbur Berry|[eat]\n|-enditem|p2a: Indeedee|Colbur Berry|[weaken]\n|-damage|p2a: Indeedee|26\/100\n|move|p2b: Armarouge|Trick Room|p2b: Armarouge\n|-fieldstart|move: Trick Room|[of] p2b: Armarouge\n|\n|upkeep\n|turn|2\n|inactive|ClubSandwichBread has 30 seconds left.\n|inactive|dkeidkdkeke has 30 seconds left.\n|inactive|dkeidkdkeke has 20 seconds left.\n|inactive|dkeidkdkeke has 15 seconds left.\n|inactive|dkeidkdkeke has 10 seconds left.\n|inactive|dkeidkdkeke has 5 seconds left.\n|\n|t:|1699925245\n|move|p1a: Roaring Moon|Protect|p1a: Roaring Moon\n|-singleturn|p1a: Roaring Moon|Protect\n|move|p2a: Indeedee|Follow Me|p2a: Indeedee\n|-singleturn|p2a: Indeedee|move: Follow Me\n|move|p2b: Armarouge|Expanding Force|p1b: Tornadus|[spread] p1b\n|-activate|p1a: Roaring Moon|move: Protect\n|-damage|p1b: Tornadus|0 fnt\n|faint|p1b: Tornadus\n|-damage|p2b: Armarouge|90\/100|[from] item: Life Orb\n|\n|upkeep\n|\n|t:|1699925260\n|switch|p1b: Amoonguss|Amoonguss, L50, F|100\/100\n|turn|3\n|\n|t:|1699925284\n|move|p1b: Amoonguss|Protect|p1b: Amoonguss\n|-singleturn|p1b: Amoonguss|Protect\n|move|p2a: Indeedee|Follow Me|p2a: Indeedee\n|-singleturn|p2a: Indeedee|move: Follow Me\n|move|p2b: Armarouge|Expanding Force|p1a: Roaring Moon|[spread] \n|-activate|p1b: Amoonguss|move: Protect\n|-immune|p1a: Roaring Moon\n|move|p1a: Roaring Moon|Knock Off|p2a: Indeedee\n|-supereffective|p2a: Indeedee\n|-damage|p2a: Indeedee|0 fnt\n|faint|p2a: Indeedee\n|\n|upkeep\n|\n|t:|1699925287\n|switch|p2a: Torkoal|Torkoal, L50, F|100\/100\n|-weather|SunnyDay|[from] ability: Drought|[of] p2a: Torkoal\n|turn|4\n|\n|t:|1699925309\n|-terastallize|p1b: Amoonguss|Water\n|move|p1a: Roaring Moon|Protect|p1a: Roaring Moon\n|-singleturn|p1a: Roaring Moon|Protect\n|move|p2a: Torkoal|Eruption|p1a: Roaring Moon|[spread] p1b\n|-activate|p1a: Roaring Moon|move: Protect\n|-resisted|p1b: Amoonguss\n|-damage|p1b: Amoonguss|68\/100\n|move|p1b: Amoonguss|Spore|p2a: Torkoal\n|-status|p2a: Torkoal|slp|[from] move: Spore\n|move|p2b: Armarouge|Expanding Force|p1b: Amoonguss|[spread] p1b\n|-activate|p1a: Roaring Moon|move: Protect\n|-damage|p1b: Amoonguss|0 fnt\n|faint|p1b: Amoonguss\n|-damage|p2b: Armarouge|80\/100|[from] item: Life Orb\n|\n|-weather|SunnyDay|[upkeep]\n|upkeep\n|\n|t:|1699925324\n|switch|p1b: Arcanine|Arcanine-Hisui, L50, F|100\/100\n|-ability|p1b: Arcanine|Intimidate|boost\n|-unboost|p2a: Torkoal|atk|1\n|-unboost|p2b: Armarouge|atk|1\n|turn|5\n|\n|t:|1699925343\n|cant|p2a: Torkoal|slp\n|move|p2b: Armarouge|Expanding Force|p1b: Arcanine|[spread] p1b\n|-immune|p1a: Roaring Moon\n|-damage|p1b: Arcanine|0 fnt\n|faint|p1b: Arcanine\n|-damage|p2b: Armarouge|70\/100|[from] item: Life Orb\n|move|p1a: Roaring Moon|Dragon Dance|p1a: Roaring Moon\n|-boost|p1a: Roaring Moon|atk|1\n|-boost|p1a: Roaring Moon|spe|1\n|\n|-weather|SunnyDay|[upkeep]\n|-fieldend|move: Trick Room\n|-fieldend|move: Psychic Terrain\n|upkeep\n|turn|6\n|\n|t:|1699925362\n|move|p1a: Roaring Moon|Knock Off|p2a: Torkoal\n|-damage|p2a: Torkoal|30\/100 slp\n|-enditem|p2a: Torkoal|Choice Specs|[from] move: Knock Off|[of] p1a: Roaring Moon\n|move|p2b: Armarouge|Armor Cannon|p1a: Roaring Moon\n|-resisted|p1a: Roaring Moon\n|-damage|p1a: Roaring Moon|43\/100\n|-unboost|p2b: Armarouge|def|1\n|-unboost|p2b: Armarouge|spd|1\n|-damage|p2b: Armarouge|60\/100|[from] item: Life Orb\n|-curestatus|p2a: Torkoal|slp|[msg]\n|move|p2a: Torkoal|Eruption|p1a: Roaring Moon\n|-resisted|p1a: Roaring Moon\n|-damage|p1a: Roaring Moon|33\/100\n|\n|-weather|SunnyDay|[upkeep]\n|upkeep\n|turn|7\n|inactive|dkeidkdkeke has 30 seconds left.\n|\n|t:|1699925388\n|move|p1a: Roaring Moon|Knock Off|p2b: Armarouge\n|-crit|p2b: Armarouge\n|-damage|p2b: Armarouge|0 fnt\n|-enditem|p2b: Armarouge|Life Orb|[from] move: Knock Off|[of] p1a: Roaring Moon\n|faint|p2b: Armarouge\n|move|p2a: Torkoal|Heat Wave|p1a: Roaring Moon|[miss]\n|-miss|p2a: Torkoal|p1a: Roaring Moon\n|\n|-weather|SunnyDay|[upkeep]\n|upkeep\n|\n|t:|1699925391\n|switch|p2b: Iron Hands|Iron Hands, L50|100\/100\n|turn|8\n|\n|t:|1699925399\n|move|p1a: Roaring Moon|Protect|p1a: Roaring Moon\n|-singleturn|p1a: Roaring Moon|Protect\n|move|p2b: Iron Hands|Fake Out|p1a: Roaring Moon\n|-activate|p1a: Roaring Moon|move: Protect\n|move|p2a: Torkoal|Heat Wave|p1a: Roaring Moon\n|-activate|p1a: Roaring Moon|move: Protect\n|\n|-weather|none\n|upkeep\n|turn|9\n|\n|t:|1699925417\n|move|p1a: Roaring Moon|Acrobatics|p2b: Iron Hands\n|-damage|p2b: Iron Hands|51\/100\n|move|p2b: Iron Hands|Drain Punch|p1a: Roaring Moon\n|-supereffective|p1a: Roaring Moon\n|-damage|p1a: Roaring Moon|0 fnt\n|-heal|p2b: Iron Hands|65\/100|[from] drain|[of] p1a: Roaring Moon\n|faint|p1a: Roaring Moon\n|-end|p1a: Roaring Moon|Protosynthesis|[silent]\n|\n|win|dkeidkdkeke\n|raw|ClubSandwichBread's rating: 1000 &rarr; <strong>1000<\/strong><br \/>(+0 for losing)\n|raw|dkeidkdkeke's rating: 1066 &rarr; <strong>1090<\/strong><br \/>(+24 for winning)\n","uploadtime":1699925424,"views":10,"p1id":"clubsandwichbread","p2id":"dkeidkdkeke","formatid":"gen9vgc2023regulatione","rating":1000,"private":0,"password":""}