{"id":"gen9vgc2023regulatione-1989932565","p1":"bwahacough","p2":"Pr0xsome","format":"[Gen 9] VGC 2023 Regulation E","log":"|j|\u2606bwahacough\n|j|\u2606Pr0xsome\n|t:|1699907883\n|gametype|doubles\n|player|p1|bwahacough|medium|1767\n|player|p2|Pr0xsome|preschooler|1659\n|teamsize|p1|6\n|teamsize|p2|6\n|gen|9\n|tier|[Gen 9] VGC 2023 Regulation E\n|rated|\n|rule|Species Clause: Limit one of each Pok\u00e9mon\n|rule|Item Clause: Limit one of each item\n|clearpoke\n|poke|p1|Lycanroc-Dusk, L50, M|\n|poke|p1|Tornadus, L50, M|\n|poke|p1|Urshifu-*, L50, F|\n|poke|p1|Farigiraf, L50, M|\n|poke|p1|Sinistcha, L50|\n|poke|p1|Iron Bundle, L50|\n|poke|p2|Conkeldurr, L50, M|\n|poke|p2|Farigiraf, L50, M|\n|poke|p2|Rillaboom, L50, F|\n|poke|p2|Zapdos, L50|\n|poke|p2|Arcanine-Hisui, L50, F|\n|poke|p2|Flutter Mane, L50|\n|teampreview|4\nbwahacough has agreed to open team sheets.\nPr0xsome has agreed to open team sheets.\n|\n|t:|1699907921\n|start\n|switch|p1a: Tornadus|Tornadus, L50, M, shiny|100\/100\n|switch|p1b: Urshifu|Urshifu-Rapid-Strike, L50, F|100\/100\n|switch|p2a: Zapdos|Zapdos, L50|100\/100\n|switch|p2b: Arcanine|Arcanine-Hisui, L50, F|100\/100\n|-ability|p2b: Arcanine|Intimidate|boost\n|-unboost|p1a: Tornadus|atk|1\n|-unboost|p1b: Urshifu|atk|1\n|turn|1\n|\n|t:|1699907940\n|switch|p2b: Rillaboom|Rillaboom, L50, F|100\/100\n|-fieldstart|move: Grassy Terrain|[from] ability: Grassy Surge|[of] p2b: Rillaboom\n|move|p1a: Tornadus|Tailwind|p1a: Tornadus\n|-sidestart|p1: bwahacough|move: Tailwind\n|move|p1b: Urshifu|Surging Strikes|p2a: Zapdos\n|-crit|p2a: Zapdos\n|-damage|p2a: Zapdos|78\/100\n|-damage|p1b: Urshifu|84\/100|[from] item: Rocky Helmet|[of] p2a: Zapdos\n|-crit|p2a: Zapdos\n|-damage|p2a: Zapdos|50\/100\n|-damage|p1b: Urshifu|68\/100|[from] item: Rocky Helmet|[of] p2a: Zapdos\n|-status|p1b: Urshifu|par|[from] ability: Static|[of] p2a: Zapdos\n|-crit|p2a: Zapdos\n|-damage|p2a: Zapdos|26\/100\n|-damage|p1b: Urshifu|51\/100 par|[from] item: Rocky Helmet|[of] p2a: Zapdos\n|-hitcount|p2a: Zapdos|3\n|move|p2a: Zapdos|Thunderbolt|p1b: Urshifu\n|-supereffective|p1b: Urshifu\n|-damage|p1b: Urshifu|0 fnt\n|faint|p1b: Urshifu\n|\n|upkeep\n|\n|t:|1699907951\n|switch|p1b: Sinistcha|Sinistcha, L50, shiny|100\/100\n|turn|2\n|\n|t:|1699907964\n|switch|p2b: Arcanine|Arcanine-Hisui, L50, F|100\/100\n|-ability|p2b: Arcanine|Intimidate|boost\n|-unboost|p1a: Tornadus|atk|1\n|-unboost|p1b: Sinistcha|atk|1\n|move|p1a: Tornadus|Bleakwind Storm|p2b: Arcanine|[spread] p2a,p2b\n|-resisted|p2a: Zapdos\n|-resisted|p2b: Arcanine\n|-damage|p2a: Zapdos|9\/100\n|-damage|p2b: Arcanine|79\/100\n|-unboost|p2b: Arcanine|spe|1\n|move|p1b: Sinistcha|Shadow Ball|p2a: Zapdos\n|-damage|p2a: Zapdos|0 fnt\n|faint|p2a: Zapdos\n|\n|-heal|p2b: Arcanine|85\/100|[from] Grassy Terrain\n|upkeep\n|\n|t:|1699907978\n|switch|p2a: Flutter Mane|Flutter Mane, L50|100\/100\n|-enditem|p2a: Flutter Mane|Booster Energy\n|-activate|p2a: Flutter Mane|ability: Protosynthesis|[fromitem]\n|-start|p2a: Flutter Mane|protosynthesisspa\n|turn|3\n|\n|t:|1699907989\n|move|p2a: Flutter Mane|Protect|p2a: Flutter Mane\n|-singleturn|p2a: Flutter Mane|Protect\n|move|p1a: Tornadus|Bleakwind Storm|p2b: Arcanine|[spread] p2b\n|-activate|p2a: Flutter Mane|move: Protect\n|-resisted|p2b: Arcanine\n|-damage|p2b: Arcanine|62\/100\n|-unboost|p2b: Arcanine|spe|1\n|move|p1b: Sinistcha|Shadow Ball|p2a: Flutter Mane\n|-activate|p2a: Flutter Mane|move: Protect\n|move|p2b: Arcanine|Rock Slide|p1a: Tornadus|[spread] p1a,p1b\n|-supereffective|p1a: Tornadus\n|-damage|p1a: Tornadus|0 fnt\n|-damage|p1b: Sinistcha|65\/100\n|faint|p1a: Tornadus\n|\n|-heal|p1b: Sinistcha|71\/100|[from] Grassy Terrain\n|-heal|p2b: Arcanine|68\/100|[from] Grassy Terrain\n|upkeep\n|\n|t:|1699907991\n|switch|p1a: Farigiraf|Farigiraf, L50, M, shiny|100\/100\n|turn|4\n|\n|t:|1699908012\n|switch|p2b: Rillaboom|Rillaboom, L50, F|100\/100\n|move|p1b: Sinistcha|Protect|p1b: Sinistcha\n|-singleturn|p1b: Sinistcha|Protect\n|move|p2a: Flutter Mane|Shadow Ball|p1b: Sinistcha\n|-activate|p1b: Sinistcha|move: Protect\n|move|p1a: Farigiraf|Trick Room|p1a: Farigiraf\n|-fieldstart|move: Trick Room|[of] p1a: Farigiraf\n|\n|-heal|p1b: Sinistcha|77\/100|[from] Grassy Terrain\n|-sideend|p1: bwahacough|move: Tailwind\n|upkeep\n|turn|5\n|\n|t:|1699908032\n|-terastallize|p2b: Rillaboom|Grass\n|move|p2b: Rillaboom|Wood Hammer|p1a: Farigiraf\n|-damage|p1a: Farigiraf|0 fnt\n|faint|p1a: Farigiraf\n|-damage|p2b: Rillaboom|66\/100|[from] Recoil\n|move|p1b: Sinistcha|Shadow Ball|p2a: Flutter Mane\n|-supereffective|p2a: Flutter Mane\n|-damage|p2a: Flutter Mane|24\/100\n|move|p2a: Flutter Mane|Shadow Ball|p1b: Sinistcha\n|-supereffective|p1b: Sinistcha\n|-damage|p1b: Sinistcha|0 fnt\n|faint|p1b: Sinistcha\n|\n|win|Pr0xsome\n|raw|bwahacough's rating: 1788 &rarr; <strong>1761<\/strong><br \/>(-27 for losing)\n|raw|Pr0xsome's rating: 1659 &rarr; <strong>1686<\/strong><br \/>(+27 for winning)\n|l|\u2606bwahacough\n","uploadtime":1699908955,"views":19,"p1id":"bwahacough","p2id":"pr0xsome","formatid":"gen9vgc2023regulatione","rating":1686,"private":0,"password":""}