{"id":"gen9vgc2023regulatione-1994561235","p1":"Protostatus7","p2":"Chuck hitch","format":"[Gen 9] VGC 2023 Regulation E","log":"|j|\u2606Protostatus7\n|j|\u2606Chuck hitch\n|t:|1700460118\n|gametype|doubles\n|player|p1|Protostatus7|nate|1087\n|player|p2|Chuck hitch|170|1000\n|teamsize|p1|6\n|teamsize|p2|6\n|gen|9\n|tier|[Gen 9] VGC 2023 Regulation E\n|rated|\n|rule|Species Clause: Limit one of each Pok\u00e9mon\n|rule|Item Clause: Limit one of each item\n|clearpoke\n|poke|p1|Cresselia, L50, F|\n|poke|p1|Enamorus-Therian, L50, F|\n|poke|p1|Iron Hands, L50|\n|poke|p1|Ogerpon-Wellspring, L50, F|\n|poke|p1|Ursaluna-Bloodmoon, L50, M|\n|poke|p1|Oranguru, L50, F|\n|poke|p2|Dondozo, L50, F|\n|poke|p2|Tatsugiri-Droopy, L50, F|\n|poke|p2|Charizard, L50, M|\n|poke|p2|Greninja-*, L50, F|\n|poke|p2|Clefable, L50, F|\n|poke|p2|Azumarill, L50, F|\n|teampreview|4\n|\n|t:|1700460144\n|start\n|switch|p1a: Oranguru|Oranguru, L50, F|100\/100\n|switch|p1b: Ursaluna|Ursaluna-Bloodmoon, L50, M|100\/100\n|switch|p2a: Clefable|Clefable, L50, F|100\/100\n|switch|p2b: Azumarill|Azumarill, L50, F|100\/100\n|turn|1\n|\n|t:|1700460159\n|move|p2a: Clefable|Skill Swap|p1a: Oranguru\n|-activate|p2a: Clefable|move: Skill Swap|Symbiosis|Cute Charm|[of] p1a: Oranguru\n|move|p2b: Azumarill|Icy Wind|p1b: Ursaluna|[spread] p1a,p1b\n|-supereffective|p1b: Ursaluna\n|-damage|p1a: Oranguru|96\/100\n|-damage|p1b: Ursaluna|84\/100\n|-unboost|p1a: Oranguru|spe|1\n|-unboost|p1b: Ursaluna|spe|1\n|move|p1b: Ursaluna|Hyper Voice|p2b: Azumarill|[spread] p2a,p2b\n|-damage|p2a: Clefable|60\/100\n|-damage|p2b: Azumarill|57\/100\n|-enditem|p1b: Ursaluna|Throat Spray\n|-boost|p1b: Ursaluna|spa|1|[from] item: Throat Spray\n|move|p1a: Oranguru|Trick Room|p1a: Oranguru\n|-fieldstart|move: Trick Room|[of] p1a: Oranguru\n|\n|upkeep\n|turn|2\n|\n|t:|1700460180\n|move|p1b: Ursaluna|Hyper Voice|p2b: Azumarill|[spread] p2a,p2b\n|-damage|p2a: Clefable|5\/100\n|-damage|p2b: Azumarill|0 fnt\n|faint|p2b: Azumarill\n|move|p1a: Oranguru|Instruct|p1b: Ursaluna\n|-singleturn|p1b: Ursaluna|move: Instruct|[of] p1a: Oranguru\n|move|p1b: Ursaluna|Hyper Voice|p2a: Clefable\n|-damage|p2a: Clefable|0 fnt\n|faint|p2a: Clefable\n|\n|upkeep\n|\n|t:|1700460188\n|switch|p2b: Tatsugiri|Tatsugiri-Droopy, L50, F, shiny|100\/100\n|switch|p2a: Dondozo|Dondozo, L50, F, shiny|100\/100\n|-activate|p2b: Tatsugiri|ability: Commander|[of] p2a: Dondozo\n|-boost|p2a: Dondozo|atk|2\n|-boost|p2a: Dondozo|spa|2\n|-boost|p2a: Dondozo|spe|2\n|-boost|p2a: Dondozo|def|2\n|-boost|p2a: Dondozo|spd|2\n|turn|3\n|\n|t:|1700460204\n|move|p1b: Ursaluna|Hyper Voice|p2b: Tatsugiri|[spread] p2a\n|-miss|p1b: Ursaluna|p2b: Tatsugiri\n|-damage|p2a: Dondozo|83\/100\n|move|p1a: Oranguru|Instruct|p1b: Ursaluna\n|-singleturn|p1b: Ursaluna|move: Instruct|[of] p1a: Oranguru\n|move|p1b: Ursaluna|Hyper Voice|p2a: Dondozo|[spread] p2a\n|-miss|p1b: Ursaluna|p2b: Tatsugiri\n|-damage|p2a: Dondozo|61\/100\n|move|p2a: Dondozo|Crunch|p1a: Oranguru\n|-supereffective|p1a: Oranguru\n|-damage|p1a: Oranguru|0 fnt\n|faint|p1a: Oranguru\n|\n|upkeep\n|\n|t:|1700460212\n|switch|p1a: Ogerpon|Ogerpon-Wellspring, L50, F|100\/100\n|turn|4\n|\n|t:|1700460224\n|move|p1b: Ursaluna|Blood Moon|p2a: Dondozo\n|-damage|p2a: Dondozo|21\/100\n|move|p2a: Dondozo|Bulldoze|p1a: Ogerpon|[spread] p1a,p1b\n|-miss|p2a: Dondozo|p2b: Tatsugiri\n|-resisted|p1a: Ogerpon\n|-crit|p1a: Ogerpon\n|-damage|p1a: Ogerpon|76\/100\n|-damage|p1b: Ursaluna|64\/100\n|-unboost|p1a: Ogerpon|spe|1\n|-unboost|p1b: Ursaluna|spe|1\n|move|p1a: Ogerpon|Horn Leech|p2a: Dondozo\n|-supereffective|p2a: Dondozo\n|-damage|p2a: Dondozo|0 fnt\n|-heal|p1a: Ogerpon|91\/100|[from] drain|[of] p2a: Dondozo\n|faint|p2a: Dondozo\n|\n|upkeep\n|turn|5\n|\n|t:|1700460239\n|-terastallize|p2b: Tatsugiri|Dragon\n|move|p1b: Ursaluna|Hyper Voice|p2b: Tatsugiri\n|-damage|p2b: Tatsugiri|1\/100\n|move|p1a: Ogerpon|Horn Leech|p2b: Tatsugiri\n|-resisted|p2b: Tatsugiri\n|-damage|p2b: Tatsugiri|0 fnt\n|-heal|p1a: Ogerpon|92\/100|[from] drain|[of] p2b: Tatsugiri\n|faint|p2b: Tatsugiri\n|\n|win|Protostatus7\n|raw|Protostatus7's rating: 1087 &rarr; <strong>1107<\/strong><br \/>(+20 for winning)\n|raw|Chuck hitch's rating: 1000 &rarr; <strong>1000<\/strong><br \/>(+0 for losing)\n","uploadtime":1700460243,"views":5,"p1id":"protostatus7","p2id":"chuckhitch","formatid":"gen9vgc2023regulatione","rating":1000,"private":0,"password":""}