{"id":"gen9vgc2023regulatione-1994843933","p1":"Lau2529","p2":"Orionseas","format":"[Gen 9] VGC 2023 Regulation E","log":"|j|\u2606Lau2529\n|j|\u2606Orionseas\n|t:|1700497948\n|gametype|doubles\n|player|p1|Lau2529|lady|1114\n|player|p2|Orionseas|102|1159\n|teamsize|p1|6\n|teamsize|p2|6\n|gen|9\n|tier|[Gen 9] VGC 2023 Regulation E\n|rated|\n|rule|Species Clause: Limit one of each Pok\u00e9mon\n|rule|Item Clause: Limit one of each item\n|clearpoke\n|poke|p1|Slowbro-Galar, L50, F|\n|poke|p1|Empoleon, L50, F|\n|poke|p1|Ninetales-Alola, L50, F|\n|poke|p1|Iron Hands, L50|\n|poke|p1|Rillaboom, L50, F|\n|poke|p1|Ceruledge, L50, M|\n|poke|p2|Landorus-Therian, L50, M|\n|poke|p2|Rillaboom, L50, M|\n|poke|p2|Roaring Moon, L50|\n|poke|p2|Sinistcha-Masterpiece, L50|\n|poke|p2|Heatran, L50, F|\n|poke|p2|Flutter Mane, L50|\n|teampreview|4\n|inactive|Battle timer is ON: inactive players will automatically lose when time's up. (requested by Lau2529)\n|inactive|Orionseas has 60 seconds left.\nOrionseas has agreed to open team sheets.\nLau2529 rejected open team sheets.\n|\n|t:|1700497997\n|start\n|switch|p1a: Ninetales|Ninetales-Alola, L50, F|100\/100\n|switch|p1b: Ceruledge|Ceruledge, L50, M|100\/100\n|switch|p2a: Heatran|Heatran, L50, F|100\/100\n|switch|p2b: Rillaboom|Rillaboom, L50, M|100\/100\n|-weather|Snow|[from] ability: Snow Warning|[of] p1a: Ninetales\n|-fieldstart|move: Grassy Terrain|[from] ability: Grassy Surge|[of] p2b: Rillaboom\n|turn|1\n|inactive|Lau2529 has 30 seconds left.\n|\n|t:|1700498023\n|switch|p1a: Iron Hands|Iron Hands, L50|100\/100\n|move|p1b: Ceruledge|Protect|p1b: Ceruledge\n|-singleturn|p1b: Ceruledge|Protect\n|move|p2b: Rillaboom|Protect|p2b: Rillaboom\n|-singleturn|p2b: Rillaboom|Protect\n|move|p2a: Heatran|Flash Cannon|p1a: Iron Hands\n|-resisted|p1a: Iron Hands\n|-damage|p1a: Iron Hands|89\/100\n|\n|-weather|Snow|[upkeep]\n|-heal|p1a: Iron Hands|95\/100|[from] Grassy Terrain\n|upkeep\n|turn|2\n|\n|t:|1700498047\n|switch|p2a: Landorus|Landorus-Therian, L50, M|100\/100\n|-ability|p2a: Landorus|Intimidate|boost\n|-unboost|p1a: Iron Hands|atk|1\n|-fail|p1b: Ceruledge|unboost|[from] item: Clear Amulet|[of] p1b: Ceruledge\n|move|p1b: Ceruledge|Shadow Sneak|p2a: Landorus\n|-damage|p2a: Landorus|78\/100\n|move|p2b: Rillaboom|Wood Hammer|p1a: Iron Hands\n|-damage|p1a: Iron Hands|36\/100\n|-damage|p2b: Rillaboom|74\/100|[from] Recoil\n|move|p1a: Iron Hands|Drain Punch|p2a: Landorus\n|-resisted|p2a: Landorus\n|-damage|p2a: Landorus|64\/100\n|-heal|p1a: Iron Hands|41\/100|[from] drain|[of] p2a: Landorus\n|\n|-weather|Snow|[upkeep]\n|-heal|p2b: Rillaboom|80\/100|[from] Grassy Terrain\n|-heal|p1a: Iron Hands|47\/100|[from] Grassy Terrain\n|upkeep\n|turn|3\n|inactive|Lau2529 has 30 seconds left.\n|inactive|Orionseas has 30 seconds left.\n|\n|t:|1700498082\n|-end|p1a: Iron Hands|Quark Drive|[silent]\n|switch|p1a: Ninetales|Ninetales-Alola, L50, F|100\/100\n|move|p2a: Landorus|Stomping Tantrum|p1a: Ninetales\n|-damage|p1a: Ninetales|64\/100\n|move|p1b: Ceruledge|Bitter Blade|p2b: Rillaboom\n|-supereffective|p2b: Rillaboom\n|-damage|p2b: Rillaboom|0 fnt\n|faint|p2b: Rillaboom\n|\n|-weather|Snow|[upkeep]\n|-heal|p1a: Ninetales|70\/100|[from] Grassy Terrain\n|upkeep\n|\n|t:|1700498097\n|switch|p2b: Roaring Moon|Roaring Moon, L50|100\/100\n|-enditem|p2b: Roaring Moon|Booster Energy\n|-activate|p2b: Roaring Moon|ability: Protosynthesis|[fromitem]\n|-start|p2b: Roaring Moon|protosynthesisspe\n|turn|4\n|\n|t:|1700498112\n|switch|p2a: Heatran|Heatran, L50, F|100\/100\n|move|p1b: Ceruledge|Protect|p1b: Ceruledge\n|-singleturn|p1b: Ceruledge|Protect\n|move|p2b: Roaring Moon|Knock Off|p1b: Ceruledge\n|-activate|p1b: Ceruledge|move: Protect\n|move|p1a: Ninetales|Blizzard|p2b: Roaring Moon|[spread] p2a,p2b\n|-resisted|p2a: Heatran\n|-supereffective|p2b: Roaring Moon\n|-damage|p2a: Heatran|97\/100\n|-damage|p2b: Roaring Moon|57\/100\n|\n|-weather|Snow|[upkeep]\n|-heal|p2b: Roaring Moon|63\/100|[from] Grassy Terrain\n|-heal|p1a: Ninetales|76\/100|[from] Grassy Terrain\n|-heal|p2a: Heatran|100\/100|[from] Grassy Terrain\n|upkeep\n|turn|5\n|inactive|Lau2529 has 30 seconds left.\n|inactive|Lau2529 has 20 seconds left.\n|\n|t:|1700498149\n|switch|p1b: Empoleon|Empoleon, L50, F|100\/100\n|move|p1a: Ninetales|Protect|p1a: Ninetales\n|-singleturn|p1a: Ninetales|Protect\n|move|p2b: Roaring Moon|Knock Off|p1b: Empoleon\n|-damage|p1b: Empoleon|46\/100\n|-enditem|p1b: Empoleon|Leftovers|[from] move: Knock Off|[of] p2b: Roaring Moon\n|move|p2a: Heatran|Earth Power|p1a: Ninetales\n|-activate|p1a: Ninetales|move: Protect\n|\n|-weather|none\n|-heal|p2b: Roaring Moon|69\/100|[from] Grassy Terrain\n|-heal|p1a: Ninetales|82\/100|[from] Grassy Terrain\n|-heal|p1b: Empoleon|52\/100|[from] Grassy Terrain\n|-fieldend|move: Grassy Terrain\n|upkeep\n|turn|6\n|inactive|Lau2529 has 30 seconds left.\n|inactive|Orionseas has 30 seconds left.\n|inactive|Lau2529 has 20 seconds left.\n|inactive|Orionseas has 20 seconds left.\n|inactive|Orionseas has 15 seconds left.\n|inactive|Orionseas has 10 seconds left.\n|inactive|Orionseas has 5 seconds left.\n|\n|t:|1700498200\n|-terastallize|p2a: Heatran|Fairy\n|move|p1b: Empoleon|Protect|p1b: Empoleon\n|-singleturn|p1b: Empoleon|Protect\n|move|p2b: Roaring Moon|Acrobatics|p1a: Ninetales\n|-damage|p1a: Ninetales|39\/100\n|move|p1a: Ninetales|Moonblast|p2b: Roaring Moon\n|-supereffective|p2b: Roaring Moon\n|-damage|p2b: Roaring Moon|0 fnt\n|faint|p2b: Roaring Moon\n|-end|p2b: Roaring Moon|Protosynthesis|[silent]\n|move|p2a: Heatran|Earth Power|p1a: Ninetales\n|-damage|p1a: Ninetales|6\/100\n|\n|upkeep\n|\n|t:|1700498209\n|switch|p2b: Landorus|Landorus-Therian, L50, M|64\/100\n|-ability|p2b: Landorus|Intimidate|boost\n|-unboost|p1a: Ninetales|atk|1\n|-unboost|p1b: Empoleon|atk|1\n|-ability|p1b: Empoleon|Competitive|boost\n|-boost|p1b: Empoleon|spa|2\n|turn|7\n|\n|t:|1700498221\n|move|p2b: Landorus|Stomping Tantrum|p1a: Ninetales\n|-damage|p1a: Ninetales|0 fnt\n|faint|p1a: Ninetales\n|move|p2a: Heatran|Earth Power|p1b: Empoleon\n|-supereffective|p1b: Empoleon\n|-damage|p1b: Empoleon|0 fnt\n|faint|p1b: Empoleon\n|\n|upkeep\n|\n|t:|1700498228\n|switch|p1a: Iron Hands|Iron Hands, L50|47\/100\n|switch|p1b: Ceruledge|Ceruledge, L50, M|100\/100\n|turn|8\n|inactive|Lau2529 has 30 seconds left.\n|inactive|Lau2529 has 20 seconds left.\n|\n|t:|1700498264\n|move|p1b: Ceruledge|Protect|p1b: Ceruledge\n|-singleturn|p1b: Ceruledge|Protect\n|move|p2b: Landorus|Stomping Tantrum|p1a: Iron Hands\n|-supereffective|p1a: Iron Hands\n|-damage|p1a: Iron Hands|0 fnt\n|faint|p1a: Iron Hands\n|-end|p1a: Iron Hands|Quark Drive|[silent]\n|move|p2a: Heatran|Tera Blast|p1b: Ceruledge|[anim] Tera Blast Fairy\n|-activate|p1b: Ceruledge|move: Protect\n|\n|upkeep\n|turn|9\n|\n|t:|1700498275\n|move|p2b: Landorus|Stomping Tantrum|p1b: Ceruledge\n|-supereffective|p1b: Ceruledge\n|-damage|p1b: Ceruledge|16\/100\n|move|p1b: Ceruledge|Bitter Blade|p2b: Landorus\n|-damage|p2b: Landorus|21\/100\n|-heal|p1b: Ceruledge|35\/100|[from] drain|[of] p2b: Landorus\n|move|p2a: Heatran|Earth Power|p1b: Ceruledge\n|-supereffective|p1b: Ceruledge\n|-damage|p1b: Ceruledge|0 fnt\n|faint|p1b: Ceruledge\n|\n|win|Orionseas\n|raw|Lau2529's rating: 1114 &rarr; <strong>1092<\/strong><br \/>(-22 for losing)\n|raw|Orionseas's rating: 1159 &rarr; <strong>1181<\/strong><br \/>(+22 for winning)\n|l|\u2606Lau2529\n","uploadtime":1700498288,"views":6,"p1id":"lau2529","p2id":"orionseas","formatid":"gen9vgc2023regulatione","rating":1092,"private":0,"password":""}