{"id":"gen9vgc2023regulatione-1989504443","p1":"MareeohYT","p2":"Serendepityz","format":"[Gen 9] VGC 2023 Regulation E","log":"|j|\u2606MareeohYT\n|j|\u2606Serendepityz\n|t:|1699861988\n|gametype|doubles\n|player|p1|MareeohYT|richboy-gen4|\n|player|p2|Serendepityz|266|\n|teamsize|p1|6\n|teamsize|p2|6\n|gen|9\n|tier|[Gen 9] VGC 2023 Regulation E\n|rated|Tournament battle\n|rule|Species Clause: Limit one of each Pok\u00e9mon\n|rule|Item Clause: Limit one of each item\n|clearpoke\n|poke|p1|Roaring Moon, L50|\n|poke|p1|Iron Hands, L50|\n|poke|p1|Gholdengo, L50|\n|poke|p1|Amoonguss, L50, F|\n|poke|p1|Gyarados, L50, M|\n|poke|p1|Chi-Yu, L50|\n|poke|p2|Pelipper, L50, F|\n|poke|p2|Salamence, L50, F|\n|poke|p2|Landorus, L50, M|\n|poke|p2|Urshifu-*, L50, F|\n|poke|p2|Roaring Moon, L50|\n|poke|p2|Rillaboom, L50, M|\n|teampreview|4\n|showteam|p1|Roaring Moon||BoosterEnergy|Protosynthesis|Acrobatics,KnockOff,Tailwind,Protect||||||50|,,,,,Flying]Iron Hands||AssaultVest|QuarkDrive|FakeOut,WildCharge,DrainPunch,HeavySlam||||||50|,,,,,Water]Gholdengo||Leftovers|GoodasGold|MakeItRain,ShadowBall,NastyPlot,Protect||||||50|,,,,,Dragon]Amoonguss||SitrusBerry|Regenerator|Protect,PollenPuff,RagePowder,Spore|||F|||50|,,,,,Fire]Gyarados||RockyHelmet|Intimidate|Waterfall,HelpingHand,ThunderWave,Taunt|||M|||50|,,,,,Steel]Chi-Yu||ChoiceSpecs|BeadsofRuin|HeatWave,Overheat,DarkPulse,Snarl||||||50|,,,,,Ghost\n|showteam|p2|Pelipper||RockyHelmet|Drizzle|WeatherBall,Hurricane,WideGuard,Tailwind|||F|||50|,,,,,Steel]Salamence||AssaultVest|Intimidate|Hurricane,DracoMeteor,HydroPump,AirSlash|||F|||50|,,,,,Flying]Landorus||LifeOrb|SheerForce|SandsearStorm,SludgeBomb,Taunt,Protect|||M|||50|,,,,,Poison]Urshifu-Rapid-Strike||ChoiceScarf|UnseenFist|SurgingStrikes,AquaJet,CloseCombat,Uturn|||F|||50|,,,,,Water]Roaring Moon||BoosterEnergy|Protosynthesis|BreakingSwipe,KnockOff,Tailwind,Protect||||||50|,,,,,Poison]Rillaboom||MiracleSeed|GrassySurge|FakeOut,GrassyGlide,WoodHammer,Protect|||M|||50|,,,,,Grass\n|inactive|Battle timer is ON: inactive players will automatically lose when time's up. (requested by MareeohYT)\n|c|\u2606MareeohYT|glhf\n|c|\u2606Serendepityz|u2\n|inactive|MareeohYT has 60 seconds left.\n|inactive|Serendepityz has 60 seconds left.\n|j| Tempest brute\n|l| Tempest brute\n|\n|t:|1699862034\n|start\n|switch|p1a: Iron Hands|Iron Hands, L50|100\/100\n|switch|p1b: Roaring Moon|Roaring Moon, L50|100\/100\n|switch|p2a: Salamence|Salamence, L50, F|100\/100\n|switch|p2b: Urshifu|Urshifu-Rapid-Strike, L50, F|100\/100\n|-ability|p2a: Salamence|Intimidate|boost\n|-unboost|p1a: Iron Hands|atk|1\n|-unboost|p1b: Roaring Moon|atk|1\n|-enditem|p1b: Roaring Moon|Booster Energy\n|-activate|p1b: Roaring Moon|ability: Protosynthesis|[fromitem]\n|-start|p1b: Roaring Moon|protosynthesisspe\n|turn|1\n|inactive|MareeohYT has 30 seconds left.\n|inactive|Serendepityz has 30 seconds left.\n|inactive|MareeohYT has 20 seconds left.\n|inactive|Serendepityz has 20 seconds left.\n|\n|t:|1699862073\n|switch|p2b: Pelipper|Pelipper, L50, F|100\/100\n|-weather|RainDance|[from] ability: Drizzle|[of] p2b: Pelipper\n|-terastallize|p1b: Roaring Moon|Flying\n|move|p1a: Iron Hands|Fake Out|p2a: Salamence\n|-damage|p2a: Salamence|88\/100\n|move|p1b: Roaring Moon|Tailwind|p1b: Roaring Moon\n|-sidestart|p1: MareeohYT|move: Tailwind\n|cant|p2a: Salamence|flinch\n|\n|-weather|RainDance|[upkeep]\n|upkeep\n|turn|2\n|inactive|Serendepityz has 30 seconds left.\n|inactive|Serendepityz has 20 seconds left.\n|inactive|Serendepityz has 15 seconds left.\n|inactive|Serendepityz has 10 seconds left.\n|\n|t:|1699862119\n|-terastallize|p2b: Pelipper|Steel\n|move|p1b: Roaring Moon|Knock Off|p2a: Salamence\n|-damage|p2a: Salamence|47\/100\n|-enditem|p2a: Salamence|Assault Vest|[from] move: Knock Off|[of] p1b: Roaring Moon\n|move|p1a: Iron Hands|Wild Charge|p2b: Pelipper\n|-damage|p2b: Pelipper|66\/100\n|-damage|p1a: Iron Hands|84\/100|[from] item: Rocky Helmet|[of] p2b: Pelipper\n|-damage|p1a: Iron Hands|78\/100|[from] Recoil\n|move|p2a: Salamence|Hurricane|p1b: Roaring Moon\n|-damage|p1b: Roaring Moon|50\/100\n|move|p2b: Pelipper|Tailwind|p2b: Pelipper\n|-sidestart|p2: Serendepityz|move: Tailwind\n|\n|-weather|RainDance|[upkeep]\n|upkeep\n|turn|3\n|inactive|Serendepityz has 30 seconds left.\n|j| Tempest brute\n|inactive|Serendepityz has 20 seconds left.\n|inactive|Serendepityz has 15 seconds left.\n|\n|t:|1699862160\n|switch|p2b: Urshifu|Urshifu-Rapid-Strike, L50, F|100\/100\n|move|p1b: Roaring Moon|Protect|p1b: Roaring Moon\n|-singleturn|p1b: Roaring Moon|Protect\n|move|p2a: Salamence|Draco Meteor|p1b: Roaring Moon\n|-activate|p1b: Roaring Moon|move: Protect\n|move|p1a: Iron Hands|Drain Punch|p2b: Urshifu\n|-damage|p2b: Urshifu|73\/100\n|-heal|p1a: Iron Hands|88\/100|[from] drain|[of] p2b: Urshifu\n|\n|-weather|RainDance|[upkeep]\n|upkeep\n|turn|4\n|\n|t:|1699862180\n|move|p1b: Roaring Moon|Acrobatics|p2b: Urshifu\n|-supereffective|p2b: Urshifu\n|-damage|p2b: Urshifu|0 fnt\n|faint|p2b: Urshifu\n|move|p2a: Salamence|Draco Meteor|p1b: Roaring Moon\n|-damage|p1b: Roaring Moon|0 fnt\n|-unboost|p2a: Salamence|spa|2\n|faint|p1b: Roaring Moon\n|-end|p1b: Roaring Moon|Protosynthesis|[silent]\n|move|p1a: Iron Hands|Wild Charge|p2a: Salamence\n|-damage|p2a: Salamence|8\/100\n|-damage|p1a: Iron Hands|81\/100|[from] Recoil\n|\n|-weather|RainDance|[upkeep]\n|-sideend|p1: MareeohYT|move: Tailwind\n|upkeep\n|\n|t:|1699862194\n|switch|p1b: Gyarados|Gyarados, L50, M|100\/100\n|switch|p2b: Landorus|Landorus, L50, M|100\/100\n|-ability|p1b: Gyarados|Intimidate|boost\n|-unboost|p2a: Salamence|atk|1\n|-unboost|p2b: Landorus|atk|1\n|turn|5\n|\n|t:|1699862208\n|switch|p2a: Pelipper|Pelipper, L50, F, tera:Steel|66\/100\n|-end|p1a: Iron Hands|Quark Drive|[silent]\n|switch|p1a: Amoonguss|Amoonguss, L50, F|100\/100\n|move|p2b: Landorus|Sandsear Storm|p1b: Gyarados|[spread] p1a\n|-immune|p1b: Gyarados\n|-damage|p1a: Amoonguss|39\/100\n|-enditem|p1a: Amoonguss|Sitrus Berry|[eat]\n|-heal|p1a: Amoonguss|64\/100|[from] item: Sitrus Berry\n|move|p1b: Gyarados|Waterfall|p2b: Landorus\n|-supereffective|p2b: Landorus\n|-damage|p2b: Landorus|0 fnt\n|faint|p2b: Landorus\n|\n|-weather|none\n|-sideend|p2: Serendepityz|move: Tailwind\n|upkeep\n|\n|t:|1699862218\n|switch|p2b: Salamence|Salamence, L50, F|8\/100\n|-ability|p2b: Salamence|Intimidate|boost\n|-unboost|p1a: Amoonguss|atk|1\n|-unboost|p1b: Gyarados|atk|1\n|turn|6\n|c|\u2606Serendepityz|honestly, i thought i took 1 waterfall\n|c|\u2606Serendepityz|oof\n|inactive|MareeohYT has 30 seconds left.\n|inactive|Serendepityz has 30 seconds left.\n|c|\u2606MareeohYT|in rain?\n|c|\u2606MareeohYT|lmao\n|inactive|Serendepityz has 20 seconds left.\n|c|\u2606MareeohYT|no way\n|c|\u2606Serendepityz|in hindsight\n|c|\u2606Serendepityz|very dumb\n|inactive|Serendepityz has 15 seconds left.\n|inactive|Serendepityz has 10 seconds left.\n|inactive|Serendepityz has 5 seconds left.\n|\n|t:|1699862272\n|move|p1a: Amoonguss|Rage Powder|p1a: Amoonguss\n|-singleturn|p1a: Amoonguss|move: Rage Powder\n|move|p2b: Salamence|Hurricane|p1a: Amoonguss|[miss]\n|-miss|p2b: Salamence|p1a: Amoonguss\n|move|p1b: Gyarados|Waterfall|p2b: Salamence\n|-resisted|p2b: Salamence\n|-damage|p2b: Salamence|0 fnt\n|faint|p2b: Salamence\n|move|p2a: Pelipper|Tailwind|p2a: Pelipper\n|-sidestart|p2: Serendepityz|move: Tailwind\n|\n|upkeep\n|turn|7\n|c|\u2606Serendepityz|gg\n|-message|Serendepityz forfeited.\n|\n|win|MareeohYT\n|n|\u2606MareeohYT|mareeohyt\n|n|\u2606Serendepityz|serendepityz\n|n| Tempest brute|tempestbrute\n","uploadtime":1699862281,"views":8,"p1id":"mareeohyt","p2id":"serendepityz","formatid":"gen9vgc2023regulatione","rating":0,"private":0,"password":""}