{"id":"gen9vgc2023regulatione-1995794327","p1":"mythikz","p2":"KitchenIsInFlames","format":"[Gen 9] VGC 2023 Regulation E","log":"|j|\u2606mythikz\n|j|\u2606KitchenIsInFlames\n|n|\u2606mythikz|mythikz\n|n|\u2606KitchenIsInFlames|kitchenisinflames\n|html|View the match progress at <a href=\"\/game-bestof3-gen9vgc2023regulatione-1995789699\">game-bestof3-gen9vgc2023regulatione-1995789699<\/a>\n|t:|1700603811\n|gametype|doubles\n|player|p1|mythikz|n|\n|player|p2|KitchenIsInFlames|blue|\n|teamsize|p1|6\n|teamsize|p2|6\n|gen|9\n|tier|[Gen 9] VGC 2023 Regulation E\n|rated|Tournament battle\n|rule|Species Clause: Limit one of each Pok\u00e9mon\n|rule|Item Clause: Limit one of each item\n|clearpoke\n|poke|p1|Baxcalibur, L50, F|\n|poke|p1|Ogerpon, L50, F|\n|poke|p1|Iron Hands, L50|\n|poke|p1|Ninetales-Alola, L50, M|\n|poke|p1|Gyarados, L50, M|\n|poke|p1|Heatran, L50, M|\n|poke|p2|Landorus-Therian, L50, M|\n|poke|p2|Flutter Mane, L50|\n|poke|p2|Heatran, L50, M|\n|poke|p2|Iron Hands, L50|\n|poke|p2|Amoonguss, L50, F|\n|poke|p2|Roaring Moon, L50|\n|teampreview|4\n|showteam|p1|Baxcalibur||LoadedDice|ThermalExchange|Protect,ScaleShot,SwordsDance,IcicleSpear|||F|||50|,,,,,Water]Ogerpon||LifeOrb|Defiant|SpikyShield,Uturn,StompingTantrum,IvyCudgel|||F|||50|,,,,,Grass]Iron Hands||AssaultVest|QuarkDrive|FakeOut,HeavySlam,DrainPunch,WildCharge||||||50|,,,,,Grass]Ninetales-Alola||LightClay|SnowWarning|AuroraVeil,Protect,Moonblast,FreezeDry|||M|||50|,,,,,Water]Gyarados||SitrusBerry|Intimidate|Protect,TeraBlast,Taunt,Waterfall|||M|||50|,,,,,Ground]Heatran||Leftovers|FlashFire|LavaPlume,Protect,FlashCannon,MagmaStorm|||M|||50|,,,,,Flying\n|showteam|p2|Landorus-Therian||ChoiceScarf|Intimidate|StompingTantrum,TeraBlast,Uturn,RockSlide|||M|||50|,,,,,Flying]Flutter Mane||ChoiceSpecs|Protosynthesis|Moonblast,DazzlingGleam,ShadowBall,PerishSong||||||50|,,,,,Fairy]Heatran||LifeOrb|FlashFire|HeatWave,EarthPower,FlashCannon,Protect|||M|||50|,,,,,Fairy]Iron Hands||AssaultVest|QuarkDrive|FakeOut,DrainPunch,WildCharge,HeavySlam||||||50|,,,,,Grass]Amoonguss||RockyHelmet|Regenerator|Spore,RagePowder,PollenPuff,Protect|||F|||50|,,,,,Water]Roaring Moon||BoosterEnergy|Protosynthesis|Acrobatics,KnockOff,DragonDance,Protect||||||50|,,,,,Flying\n|\n|t:|1700603838\n|start\n|switch|p1a: Iron Hands|Iron Hands, L50|100\/100\n|switch|p1b: Baxcalibur|Baxcalibur, L50, F|100\/100\n|switch|p2a: Heatran|Heatran, L50, M|100\/100\n|switch|p2b: Iron Hands|Iron Hands, L50|100\/100\n|turn|1\n|\n|t:|1700603868\n|move|p2b: Iron Hands|Fake Out|p1a: Iron Hands\n|-damage|p1a: Iron Hands|91\/100\n|cant|p1a: Iron Hands|flinch\n|move|p1b: Baxcalibur|Swords Dance|p1b: Baxcalibur\n|-boost|p1b: Baxcalibur|atk|2\n|move|p2a: Heatran|Flash Cannon|p1b: Baxcalibur\n|-supereffective|p1b: Baxcalibur\n|-damage|p1b: Baxcalibur|0 fnt\n|faint|p1b: Baxcalibur\n|-damage|p2a: Heatran|91\/100|[from] item: Life Orb\n|\n|upkeep\n|\n|t:|1700603881\n|switch|p1b: Heatran|Heatran, L50, M|100\/100\n|turn|2\n|\n|t:|1700603903\n|-terastallize|p2a: Heatran|Fairy\n|-terastallize|p1b: Heatran|Flying\n|move|p2a: Heatran|Earth Power|p1b: Heatran\n|-immune|p1b: Heatran\n|move|p1b: Heatran|Magma Storm|p2b: Iron Hands|[miss]\n|-miss|p1b: Heatran|p2b: Iron Hands\n|move|p2b: Iron Hands|Wild Charge|p1b: Heatran\n|-supereffective|p1b: Heatran\n|-damage|p1b: Heatran|6\/100\n|-damage|p2b: Iron Hands|81\/100|[from] Recoil\n|move|p1a: Iron Hands|Drain Punch|p2a: Heatran\n|-resisted|p2a: Heatran\n|-damage|p2a: Heatran|72\/100\n|-heal|p1a: Iron Hands|99\/100|[from] drain|[of] p2a: Heatran\n|\n|-heal|p1b: Heatran|12\/100|[from] item: Leftovers\n|upkeep\n|turn|3\n|\n|t:|1700603923\n|move|p1b: Heatran|Protect|p1b: Heatran\n|-singleturn|p1b: Heatran|Protect\n|move|p2a: Heatran|Earth Power|p1a: Iron Hands\n|-supereffective|p1a: Iron Hands\n|-damage|p1a: Iron Hands|46\/100\n|-unboost|p1a: Iron Hands|spd|1\n|-damage|p2a: Heatran|63\/100|[from] item: Life Orb\n|move|p2b: Iron Hands|Wild Charge|p1b: Heatran\n|-activate|p1b: Heatran|move: Protect\n|move|p1a: Iron Hands|Heavy Slam|p2a: Heatran\n|-supereffective|p2a: Heatran\n|-damage|p2a: Heatran|35\/100\n|\n|-heal|p1b: Heatran|18\/100|[from] item: Leftovers\n|upkeep\n|turn|4\n|\n|t:|1700603958\n|move|p2a: Heatran|Earth Power|p1a: Iron Hands\n|-supereffective|p1a: Iron Hands\n|-damage|p1a: Iron Hands|0 fnt\n|faint|p1a: Iron Hands\n|-end|p1a: Iron Hands|Quark Drive|[silent]\n|-damage|p2a: Heatran|26\/100|[from] item: Life Orb\n|move|p1b: Heatran|Magma Storm|p2b: Iron Hands|[miss]\n|-miss|p1b: Heatran|p2b: Iron Hands\n|move|p2b: Iron Hands|Wild Charge|p1b: Heatran\n|-supereffective|p1b: Heatran\n|-damage|p1b: Heatran|0 fnt\n|faint|p1b: Heatran\n|-damage|p2b: Iron Hands|77\/100|[from] Recoil\n|\n|upkeep\n|\n|t:|1700603966\n|switch|p1a: Gyarados|Gyarados, L50, M|100\/100\n|-ability|p1a: Gyarados|Intimidate|boost\n|-unboost|p2a: Heatran|atk|1\n|-unboost|p2b: Iron Hands|atk|1\n|turn|5\n|\n|t:|1700603975\n|move|p2a: Heatran|Flash Cannon|p1a: Gyarados\n|-resisted|p1a: Gyarados\n|-damage|p1a: Gyarados|83\/100\n|-damage|p2a: Heatran|16\/100|[from] item: Life Orb\n|move|p1a: Gyarados|Waterfall|p2a: Heatran\n|-damage|p2a: Heatran|0 fnt\n|faint|p2a: Heatran\n|move|p2b: Iron Hands|Wild Charge|p1a: Gyarados\n|-supereffective|p1a: Gyarados\n|-damage|p1a: Gyarados|0 fnt\n|faint|p1a: Gyarados\n|-damage|p2b: Iron Hands|59\/100|[from] Recoil\n|\n|win|KitchenIsInFlames\n|c|&|\/uhtml prompt-kitchenisinflames,KitchenIsInFlames is ready for game 3!\n","uploadtime":1700603983,"views":0,"p1id":"mythikz","p2id":"kitchenisinflames","formatid":"gen9vgc2023regulatione","rating":0,"private":0,"password":""}