{"id":"gen9vgc2023regulatione-1999279230","p1":"jasu3","p2":"Mazovin","format":"[Gen 9] VGC 2023 Regulation E","log":"|j|\u2606jasu3\n|j|\u2606Mazovin\n|t:|1701054320\n|gametype|doubles\n|player|p1|jasu3|102|1048\n|player|p2|Mazovin|lance|1000\n|teamsize|p1|6\n|teamsize|p2|6\n|gen|9\n|tier|[Gen 9] VGC 2023 Regulation E\n|rated|\n|rule|Species Clause: Limit one of each Pok\u00e9mon\n|rule|Item Clause: Limit one of each item\n|clearpoke\n|poke|p1|Goodra-Hisui, L50, F|\n|poke|p1|Ninetales-Alola, L50, M|\n|poke|p1|Iron Hands, L50|\n|poke|p1|Amoonguss, L50, F|\n|poke|p1|Heatran, L50, M|\n|poke|p1|Cresselia, L50, F|\n|poke|p2|Flutter Mane, L50|\n|poke|p2|Tornadus, L50, M|\n|poke|p2|Rillaboom, L50, M|\n|poke|p2|Garganacl, L50, M|\n|poke|p2|Arcanine-Hisui, L50, M|\n|poke|p2|Chien-Pao, L50|\n|teampreview|4\n|inactive|Battle timer is ON: inactive players will automatically lose when time's up. (requested by Mazovin)\n|inactive|jasu3 has 60 seconds left.\n|\n|t:|1701054358\n|start\n|switch|p1a: Ninetales|Ninetales-Alola, L50, M|100\/100\n|switch|p1b: Amoonguss|Amoonguss, L50, F|100\/100\n|switch|p2a: Tornadus|Tornadus, L50, M|100\/100\n|switch|p2b: Garganacl|Garganacl, L50, M|100\/100\n|-weather|Snow|[from] ability: Snow Warning|[of] p1a: Ninetales\n|turn|1\n|inactive|jasu3 has 30 seconds left.\n|inactive|Mazovin has 30 seconds left.\n|\n|t:|1701054386\n|move|p2a: Tornadus|Taunt|p1b: Amoonguss\n|-start|p1b: Amoonguss|move: Taunt\n|move|p1a: Ninetales|Aurora Veil|p1a: Ninetales\n|-sidestart|p1: jasu3|move: Aurora Veil\n|move|p2b: Garganacl|Salt Cure|p1a: Ninetales\n|-supereffective|p1a: Ninetales\n|-damage|p1a: Ninetales|86\/100\n|-start|p1a: Ninetales|Salt Cure\n|cant|p1b: Amoonguss|move: Taunt|Spore\n|\n|-weather|Snow|[upkeep]\n|-damage|p1a: Ninetales|74\/100|[from] Salt Cure\n|upkeep\n|turn|2\n|\n|t:|1701054404\n|move|p1a: Ninetales|Blizzard|p2a: Tornadus|[spread] p2a,p2b\n|-supereffective|p2a: Tornadus\n|-damage|p2a: Tornadus|61\/100\n|-damage|p2b: Garganacl|83\/100\n|move|p2a: Tornadus|Bleakwind Storm|p1b: Amoonguss|[spread] p1a,p1b\n|-supereffective|p1b: Amoonguss\n|-crit|p1b: Amoonguss\n|-damage|p1a: Ninetales|51\/100\n|-damage|p1b: Amoonguss|18\/100\n|-unboost|p1b: Amoonguss|spe|1\n|move|p2b: Garganacl|Iron Defense|p2b: Garganacl\n|-boost|p2b: Garganacl|def|2\n|move|p1b: Amoonguss|Pollen Puff|p1a: Ninetales\n|-heal|p1a: Ninetales|100\/100\n|\n|-weather|Snow|[upkeep]\n|-damage|p1a: Ninetales|88\/100|[from] Salt Cure\n|upkeep\n|turn|3\n|\n|t:|1701054426\n|switch|p1b: Iron Hands|Iron Hands, L50|100\/100\n|move|p1a: Ninetales|Blizzard|p2b: Garganacl|[spread] p2a,p2b\n|-supereffective|p2a: Tornadus\n|-damage|p2a: Tornadus|19\/100\n|-damage|p2b: Garganacl|67\/100\n|move|p2a: Tornadus|Bleakwind Storm|p1a: Ninetales|[spread] p1b\n|-miss|p2a: Tornadus|p1a: Ninetales\n|-damage|p1b: Iron Hands|91\/100\n|-unboost|p1b: Iron Hands|spe|1\n|move|p2b: Garganacl|Salt Cure|p1b: Iron Hands\n|-resisted|p1b: Iron Hands\n|-damage|p1b: Iron Hands|87\/100\n|-start|p1b: Iron Hands|Salt Cure\n|\n|-weather|Snow|[upkeep]\n|-damage|p1a: Ninetales|76\/100|[from] Salt Cure\n|-damage|p1b: Iron Hands|75\/100|[from] Salt Cure\n|upkeep\n|turn|4\n|inactive|jasu3 has 30 seconds left.\n|\n|t:|1701054454\n|switch|p2a: Arcanine|Arcanine-Hisui, L50, M|100\/100\n|-ability|p2a: Arcanine|Intimidate|boost\n|-unboost|p1a: Ninetales|atk|1\n|-unboost|p1b: Iron Hands|atk|1\n|-terastallize|p2b: Garganacl|Ghost\n|move|p1a: Ninetales|Blizzard|p2b: Garganacl|[spread] p2a,p2b\n|-resisted|p2a: Arcanine\n|-damage|p2a: Arcanine|84\/100\n|-damage|p2b: Garganacl|47\/100\n|-status|p2a: Arcanine|frz\n|-enditem|p2b: Garganacl|Sitrus Berry|[eat]\n|-heal|p2b: Garganacl|72\/100|[from] item: Sitrus Berry\n|move|p1b: Iron Hands|Drain Punch|p2b: Garganacl\n|-immune|p2b: Garganacl\n|move|p2b: Garganacl|Iron Defense|p2b: Garganacl\n|-boost|p2b: Garganacl|def|2\n|\n|-weather|Snow|[upkeep]\n|-damage|p1a: Ninetales|64\/100|[from] Salt Cure\n|-damage|p1b: Iron Hands|62\/100|[from] Salt Cure\n|upkeep\n|turn|5\n|inactive|jasu3 has 30 seconds left.\n|inactive|jasu3 has 20 seconds left.\n|\n|t:|1701054493\n|switch|p2a: Tornadus|Tornadus, L50, M|19\/100\n|switch|p1a: Amoonguss|Amoonguss, L50, F|52\/100\n|move|p1b: Iron Hands|Volt Switch|p2b: Garganacl\n|-damage|p2b: Garganacl|63\/100\n|\n|t:|1701054507\n|-end|p1b: Iron Hands|Quark Drive|[silent]\n|switch|p1b: Heatran|Heatran, L50, M|100\/100|[from] Volt Switch\n|move|p2b: Garganacl|Salt Cure|p1a: Amoonguss\n|-damage|p1a: Amoonguss|44\/100\n|-start|p1a: Amoonguss|Salt Cure\n|\n|-weather|none\n|-damage|p1a: Amoonguss|32\/100|[from] Salt Cure\n|upkeep\n|turn|6\n|\n|t:|1701054523\n|switch|p1a: Ninetales|Ninetales-Alola, L50, M|64\/100\n|-weather|Snow|[from] ability: Snow Warning|[of] p1a: Ninetales\n|move|p2b: Garganacl|Protect|p2b: Garganacl\n|-singleturn|p2b: Garganacl|Protect\n|move|p2a: Tornadus|Bleakwind Storm|p1a: Ninetales|[spread] p1a,p1b\n|-resisted|p1b: Heatran\n|-damage|p1a: Ninetales|43\/100\n|-damage|p1b: Heatran|91\/100\n|move|p1b: Heatran|Heat Wave|p2a: Tornadus|[spread] p2a\n|-activate|p2b: Garganacl|move: Protect\n|-damage|p2a: Tornadus|0 fnt\n|faint|p2a: Tornadus\n|\n|-weather|Snow|[upkeep]\n|-heal|p1b: Heatran|97\/100|[from] item: Leftovers\n|upkeep\n|\n|t:|1701054536\n|switch|p2a: Arcanine|Arcanine-Hisui, L50, M|84\/100 frz\n|-ability|p2a: Arcanine|Intimidate|boost\n|-unboost|p1a: Ninetales|atk|1\n|-unboost|p1b: Heatran|atk|1\n|turn|7\n|\n|t:|1701054559\n|switch|p1b: Amoonguss|Amoonguss, L50, F|65\/100\n|-curestatus|p2a: Arcanine|frz|[msg]\n|move|p2a: Arcanine|Rock Slide|p1a: Ninetales|[spread] p1a\n|-miss|p2a: Arcanine|p1b: Amoonguss\n|-supereffective|p1a: Ninetales\n|-damage|p1a: Ninetales|3\/100\n|move|p1a: Ninetales|Moonblast|p2b: Garganacl\n|-damage|p2b: Garganacl|44\/100\n|move|p2b: Garganacl|Salt Cure|p1b: Amoonguss\n|-damage|p1b: Amoonguss|58\/100\n|-start|p1b: Amoonguss|Salt Cure\n|\n|-weather|Snow|[upkeep]\n|-damage|p1b: Amoonguss|45\/100|[from] Salt Cure\n|upkeep\n|turn|8\n|inactive|jasu3 has 30 seconds left.\n|\n|t:|1701054589\n|switch|p1a: Iron Hands|Iron Hands, L50|62\/100\n|move|p2a: Arcanine|Rock Slide|p1a: Iron Hands|[spread] p1a,p1b\n|-resisted|p1a: Iron Hands\n|-damage|p1a: Iron Hands|53\/100\n|-damage|p1b: Amoonguss|22\/100\n|move|p2b: Garganacl|Recover|p2b: Garganacl\n|-heal|p2b: Garganacl|94\/100\n|move|p1b: Amoonguss|Spore|p2a: Arcanine\n|-status|p2a: Arcanine|slp|[from] move: Spore\n|\n|-weather|Snow|[upkeep]\n|-damage|p1b: Amoonguss|10\/100|[from] Salt Cure\n|-sideend|p1: jasu3|move: Aurora Veil\n|upkeep\n|turn|9\n|inactive|jasu3 has 30 seconds left.\n|inactive|jasu3 has 20 seconds left.\n|inactive|jasu3 has 15 seconds left.\n|\n|t:|1701054630\n|switch|p1b: Heatran|Heatran, L50, M|97\/100\n|cant|p2a: Arcanine|slp\n|move|p1a: Iron Hands|Volt Switch|p2b: Garganacl\n|-damage|p2b: Garganacl|86\/100\n|\n|t:|1701054638\n|-end|p1a: Iron Hands|Quark Drive|[silent]\n|switch|p1a: Ninetales|Ninetales-Alola, L50, M|3\/100|[from] Volt Switch\n|move|p2b: Garganacl|Salt Cure|p1b: Heatran\n|-damage|p1b: Heatran|84\/100\n|-start|p1b: Heatran|Salt Cure\n|\n|-weather|Snow|[upkeep]\n|-heal|p1b: Heatran|89\/100|[from] item: Leftovers\n|-damage|p1b: Heatran|65\/100|[from] Salt Cure\n|upkeep\n|turn|10\n|inactive|jasu3 has 30 seconds left.\n|\n|t:|1701054668\n|cant|p2a: Arcanine|slp\n|move|p1a: Ninetales|Aurora Veil|p1a: Ninetales\n|-sidestart|p1: jasu3|move: Aurora Veil\n|move|p1b: Heatran|Earth Power|p2a: Arcanine\n|-supereffective|p2a: Arcanine\n|-crit|p2a: Arcanine\n|-damage|p2a: Arcanine|0 fnt\n|faint|p2a: Arcanine\n|move|p2b: Garganacl|Salt Cure|p1a: Ninetales\n|-supereffective|p1a: Ninetales\n|-damage|p1a: Ninetales|0 fnt\n|faint|p1a: Ninetales\n|\n|-weather|none\n|-heal|p1b: Heatran|70\/100|[from] item: Leftovers\n|-damage|p1b: Heatran|46\/100|[from] Salt Cure\n|upkeep\n|\n|t:|1701054687\n|switch|p2a: Rillaboom|Rillaboom, L50, M|100\/100\n|switch|p1a: Amoonguss|Amoonguss, L50, F|43\/100\n|-fieldstart|move: Grassy Terrain|[from] ability: Grassy Surge|[of] p2a: Rillaboom\n|turn|11\n|\n|t:|1701054709\n|move|p1b: Heatran|Heat Wave|p2a: Rillaboom|[spread] p2a,p2b\n|-supereffective|p2a: Rillaboom\n|-crit|p2b: Garganacl\n|-damage|p2a: Rillaboom|40\/100\n|-damage|p2b: Garganacl|49\/100\n|move|p2a: Rillaboom|Drain Punch|p1b: Heatran\n|-supereffective|p1b: Heatran\n|-damage|p1b: Heatran|12\/100\n|-heal|p2a: Rillaboom|56\/100|[from] drain|[of] p1b: Heatran\n|move|p2b: Garganacl|Salt Cure|p1b: Heatran\n|-damage|p1b: Heatran|3\/100\n|move|p1a: Amoonguss|Clear Smog|p2b: Garganacl\n|-resisted|p2b: Garganacl\n|-damage|p2b: Garganacl|44\/100\n|-clearboost|p2b: Garganacl\n|\n|-heal|p1b: Heatran|9\/100|[from] Grassy Terrain\n|-heal|p1b: Heatran|15\/100|[from] item: Leftovers\n|-heal|p2a: Rillaboom|61\/100|[from] Grassy Terrain\n|-heal|p2b: Garganacl|50\/100|[from] Grassy Terrain\n|-heal|p1a: Amoonguss|49\/100|[from] Grassy Terrain\n|-damage|p1b: Heatran|0 fnt|[from] Salt Cure\n|faint|p1b: Heatran\n|upkeep\n|\n|t:|1701054733\n|switch|p1b: Iron Hands|Iron Hands, L50|53\/100\n|turn|12\n|inactive|jasu3 has 30 seconds left.\n|inactive|jasu3 has 20 seconds left.\n|\n|t:|1701054770\n|move|p2a: Rillaboom|Wood Hammer|p1b: Iron Hands\n|-damage|p1b: Iron Hands|11\/100\n|-damage|p2a: Rillaboom|45\/100|[from] Recoil\n|move|p1b: Iron Hands|Wild Charge|p2b: Garganacl\n|-damage|p2b: Garganacl|16\/100\n|-damage|p1b: Iron Hands|3\/100|[from] Recoil\n|move|p2b: Garganacl|Recover|p2b: Garganacl\n|-heal|p2b: Garganacl|67\/100\n|move|p1a: Amoonguss|Pollen Puff|p2a: Rillaboom\n|-supereffective|p2a: Rillaboom\n|-damage|p2a: Rillaboom|15\/100\n|\n|-heal|p2a: Rillaboom|21\/100|[from] Grassy Terrain\n|-heal|p1b: Iron Hands|9\/100|[from] Grassy Terrain\n|-heal|p2b: Garganacl|72\/100|[from] Grassy Terrain\n|-heal|p1a: Amoonguss|55\/100|[from] Grassy Terrain\n|upkeep\n|turn|13\n|inactive|jasu3 has 30 seconds left.\n|\n|t:|1701054799\n|move|p1a: Amoonguss|Rage Powder|p1a: Amoonguss\n|-singleturn|p1a: Amoonguss|move: Rage Powder\n|move|p2a: Rillaboom|Wood Hammer|p1b: Iron Hands\n|-damage|p1b: Iron Hands|0 fnt\n|faint|p1b: Iron Hands\n|-end|p1b: Iron Hands|Quark Drive|[silent]\n|-damage|p2a: Rillaboom|18\/100|[from] Recoil\n|move|p2b: Garganacl|Recover|p2b: Garganacl\n|-heal|p2b: Garganacl|100\/100\n|\n|-heal|p2a: Rillaboom|24\/100|[from] Grassy Terrain\n|-heal|p1a: Amoonguss|61\/100|[from] Grassy Terrain\n|upkeep\n|turn|14\n|-message|jasu3 forfeited.\n|\n|win|Mazovin\n|raw|jasu3's rating: 1048 &rarr; <strong>1028<\/strong><br \/>(-20 for losing)\n|raw|Mazovin's rating: 1000 &rarr; <strong>1045<\/strong><br \/>(+45 for winning)\n|l|\u2606jasu3\n","uploadtime":1701054809,"views":2,"p1id":"jasu3","p2id":"mazovin","formatid":"gen9vgc2023regulatione","rating":1028,"private":0,"password":""}