{"id":"gen9vgc2023regulatione-1994143786","p1":"Xcrunner","p2":"thedukeoftacos","format":"[Gen 9] VGC 2023 Regulation E","log":"|j|\u2606Xcrunner\n|j|\u2606thedukeoftacos\n|t:|1700412006\n|gametype|doubles\n|player|p1|Xcrunner|169|\n|player|p2|thedukeoftacos|265|\n|teamsize|p1|6\n|teamsize|p2|6\n|gen|9\n|tier|[Gen 9] VGC 2023 Regulation E\n|rule|Species Clause: Limit one of each Pok\u00e9mon\n|rule|Item Clause: Limit one of each item\n|clearpoke\n|poke|p1|Arcanine-Hisui, L50, M|\n|poke|p1|Chien-Pao, L50|\n|poke|p1|Krookodile, L50, M|\n|poke|p1|Dachsbun, L50, M|\n|poke|p1|Tsareena, L50, F|\n|poke|p1|Scizor, L50, M|\n|poke|p2|Volcarona, L50, M|\n|poke|p2|Tinkaton, L50, F|\n|poke|p2|Urshifu-*, L50, F|\n|poke|p2|Staraptor, L50, M|\n|poke|p2|Ambipom, L50, M|\n|poke|p2|Gastrodon, L50, F|\n|teampreview|4\nthedukeoftacos rejected open team sheets.\n|c|\u2606thedukeoftacos|i'm excited~ i'm hoping i dont wash out too bad lmfao\n|c|\u2606thedukeoftacos|gl hf~\n|c|\u2606Xcrunner|haha dude I'm not great at playing I just got a good draft xD\n|c|\u2606Xcrunner|we'll see how it goes\n|c|\u2606Xcrunner|gl hf\n|\n|t:|1700412252\n|start\n|switch|p1a: Arcanine|Arcanine-Hisui, L50, M|100\/100\n|switch|p1b: Chien-Pao|Chien-Pao, L50|100\/100\n|switch|p2a: Anger!|Ambipom, L50, M|100\/100\n|switch|p2b: Panic!|Staraptor, L50, M, shiny|100\/100\n|-ability|p2b: Panic!|Intimidate|boost\n|-unboost|p1a: Arcanine|atk|1\n|-unboost|p1b: Chien-Pao|atk|1\n|-ability|p1b: Chien-Pao|Sword of Ruin\n|-ability|p1a: Arcanine|Intimidate|boost\n|-unboost|p2a: Anger!|atk|1\n|-unboost|p2b: Panic!|atk|1\n|turn|1\n|c|\u2606Xcrunner|do we play with timer or no\n|c|\u2606thedukeoftacos|id prefer not but if you'd like it on thats fine\n|c|\u2606Xcrunner|this is fine\n|\n|t:|1700412325\n|move|p1b: Chien-Pao|Protect|p1b: Chien-Pao\n|-singleturn|p1b: Chien-Pao|Protect\n|move|p2a: Anger!|Fake Out|p1a: Arcanine\n|-resisted|p1a: Arcanine\n|-damage|p1a: Arcanine|93\/100\n|move|p2b: Panic!|Close Combat|p1b: Chien-Pao\n|-activate|p1b: Chien-Pao|move: Protect\n|cant|p1a: Arcanine|flinch\n|\n|upkeep\n|turn|2\n|\n|t:|1700412371\n|switch|p1b: Dachsbun|Dachsbun, L50, M|100\/100\n|-terastallize|p1a: Arcanine|Normal\n|move|p1a: Arcanine|Extreme Speed|p2b: Panic!\n|-damage|p2b: Panic!|50\/100\n|move|p2b: Panic!|Close Combat|p1b: Dachsbun\n|-resisted|p1b: Dachsbun\n|-damage|p1b: Dachsbun|88\/100\n|-unboost|p2b: Panic!|def|1\n|-unboost|p2b: Panic!|spd|1\n|move|p2a: Anger!|Fling|p1a: Arcanine\n|-crit|p1a: Arcanine\n|-damage|p1a: Arcanine|78\/100\n|-enditem|p2a: Anger!|King's Rock|[from] move: Fling\n|\n|-heal|p1b: Dachsbun|94\/100|[from] item: Leftovers\n|upkeep\n|turn|3\n|\n|t:|1700412426\n|switch|p2b: Doom!|Tinkaton, L50, F|100\/100\n|-ability|p2b: Doom!|Mold Breaker\n|move|p1a: Arcanine|Extreme Speed|p2b: Doom!\n|-resisted|p2b: Doom!\n|-damage|p2b: Doom!|73\/100\n|move|p2a: Anger!|Knock Off|p1a: Arcanine\n|-damage|p1a: Arcanine|58\/100\n|-enditem|p1a: Arcanine|Choice Band|[from] move: Knock Off|[of] p2a: Anger!\n|move|p1b: Dachsbun|Yawn|p2a: Anger!\n|-start|p2a: Anger!|move: Yawn|[of] p1b: Dachsbun\n|\n|-heal|p1b: Dachsbun|99\/100|[from] item: Leftovers\n|upkeep\n|turn|4\n|\n|t:|1700412473\n|switch|p1a: Tsareena|Tsareena, L50, F|100\/100\n|move|p2a: Anger!|U-turn|p1a: Tsareena\n|-supereffective|p1a: Tsareena\n|-damage|p1a: Tsareena|79\/100\n|\n|t:|1700412478\n|switch|p2a: Burn!|Volcarona, L50, M|100\/100|[from] U-turn\n|move|p2b: Doom!|Gigaton Hammer|p1a: Tsareena\n|-damage|p1a: Tsareena|21\/100\n|-enditem|p1a: Tsareena|Sitrus Berry|[eat]\n|-heal|p1a: Tsareena|45\/100|[from] item: Sitrus Berry\n|-damage|p2b: Doom!|63\/100|[from] item: Life Orb\n|move|p1b: Dachsbun|Yawn|p2b: Doom!\n|-start|p2b: Doom!|move: Yawn|[of] p1b: Dachsbun\n|\n|-heal|p1b: Dachsbun|100\/100|[from] item: Leftovers\n|upkeep\n|turn|5\n|\n|t:|1700412512\n|switch|p2b: Panic!|Staraptor, L50, M, shiny|50\/100\n|-ability|p2b: Panic!|Intimidate|boost\n|-unboost|p1a: Tsareena|atk|1\n|-unboost|p1b: Dachsbun|atk|1\n|switch|p1a: Arcanine|Arcanine-Hisui, L50, M, tera:Normal|58\/100\n|-ability|p1a: Arcanine|Intimidate|boost\n|-unboost|p2a: Burn!|atk|1\n|-unboost|p2b: Panic!|atk|1\n|move|p2a: Burn!|Fiery Dance|p1a: Arcanine\n|-damage|p1a: Arcanine|2\/100\n|-boost|p2a: Burn!|spa|1\n|move|p1b: Dachsbun|Yawn|p2a: Burn!\n|-start|p2a: Burn!|move: Yawn|[of] p1b: Dachsbun\n|\n|upkeep\n|turn|6\n|\n|t:|1700412585\n|switch|p2a: Doom!|Tinkaton, L50, F|63\/100\n|-ability|p2a: Doom!|Mold Breaker\n|switch|p1b: Chien-Pao|Chien-Pao, L50|100\/100\n|-ability|p1b: Chien-Pao|Sword of Ruin\n|move|p1a: Arcanine|Extreme Speed|p2a: Doom!\n|-resisted|p2a: Doom!\n|-damage|p2a: Doom!|27\/100\n|move|p2b: Panic!|U-turn|p1a: Arcanine\n|-damage|p1a: Arcanine|0 fnt\n|faint|p1a: Arcanine\n|\n|t:|1700412597\n|switch|p2b: Anger!|Ambipom, L50, M|100\/100|[from] U-turn\n|\n|upkeep\n|\n|t:|1700412601\n|switch|p1a: Tsareena|Tsareena, L50, F|45\/100\n|turn|7\n|j| LetsGetFluffy\n|\n|t:|1700412638\n|move|p1b: Chien-Pao|Protect|p1b: Chien-Pao\n|-singleturn|p1b: Chien-Pao|Protect\n|move|p2a: Doom!|Protect|p2a: Doom!\n|-singleturn|p2a: Doom!|Protect\n|move|p2b: Anger!|U-turn|p1a: Tsareena\n|-supereffective|p1a: Tsareena\n|-damage|p1a: Tsareena|0 fnt\n|faint|p1a: Tsareena\n|j| SpaceCP\n|\n|t:|1700412647\n|switch|p2b: Panic!|Staraptor, L50, M, shiny|50\/100|[from] U-turn\n|-ability|p2b: Panic!|Intimidate|boost\n|-unboost|p1b: Chien-Pao|atk|1\n|\n|upkeep\n|\n|t:|1700412651\n|switch|p1a: Dachsbun|Dachsbun, L50, M|100\/100\n|turn|8\n|\n|t:|1700412665\n|switch|p2a: Burn!|Volcarona, L50, M|100\/100\n|move|p2b: Panic!|Close Combat|p1b: Chien-Pao\n|-supereffective|p1b: Chien-Pao\n|-enditem|p1b: Chien-Pao|Focus Sash\n|-damage|p1b: Chien-Pao|1\/100\n|-unboost|p2b: Panic!|def|1\n|-unboost|p2b: Panic!|spd|1\n|move|p1b: Chien-Pao|Brick Break|p2a: Burn!\n|-resisted|p2a: Burn!\n|-damage|p2a: Burn!|81\/100\n|-damage|p1b: Chien-Pao|0 fnt|[from] item: Rocky Helmet|[of] p2a: Burn!\n|faint|p1b: Chien-Pao\n|move|p1a: Dachsbun|Howl|p1a: Dachsbun\n|-boost|p1a: Dachsbun|atk|1\n|\n|upkeep\n|turn|9\n|\n|t:|1700412705\n|switch|p2b: Anger!|Ambipom, L50, M|100\/100\n|move|p2a: Burn!|Bug Buzz|p1a: Dachsbun\n|-resisted|p1a: Dachsbun\n|-damage|p1a: Dachsbun|66\/100\n|move|p1a: Dachsbun|Play Rough|p2b: Anger!|[miss]\n|-miss|p1a: Dachsbun|p2b: Anger!\n|\n|-heal|p1a: Dachsbun|72\/100|[from] item: Leftovers\n|upkeep\n|turn|10\n|\n|t:|1700412721\n|move|p1a: Dachsbun|Protect|p1a: Dachsbun\n|-singleturn|p1a: Dachsbun|Protect\n|move|p2b: Anger!|Fake Out|p1a: Dachsbun\n|-activate|p1a: Dachsbun|move: Protect\n|move|p2a: Burn!|Bug Buzz|p1a: Dachsbun\n|-activate|p1a: Dachsbun|move: Protect\n|\n|-heal|p1a: Dachsbun|78\/100|[from] item: Leftovers\n|upkeep\n|turn|11\n|\n|t:|1700412736\n|move|p2b: Anger!|U-turn|p1a: Dachsbun\n|-resisted|p1a: Dachsbun\n|-damage|p1a: Dachsbun|69\/100\n|\n|t:|1700412740\n|switch|p2b: Panic!|Staraptor, L50, M, shiny|50\/100|[from] U-turn\n|-ability|p2b: Panic!|Intimidate|boost\n|-unboost|p1a: Dachsbun|atk|1\n|move|p2a: Burn!|Bug Buzz|p1a: Dachsbun\n|-resisted|p1a: Dachsbun\n|-damage|p1a: Dachsbun|36\/100\n|move|p1a: Dachsbun|Yawn|p2a: Burn!\n|-start|p2a: Burn!|move: Yawn|[of] p1a: Dachsbun\n|\n|-heal|p1a: Dachsbun|42\/100|[from] item: Leftovers\n|upkeep\n|turn|12\n|\n|t:|1700412755\n|move|p2b: Panic!|Brave Bird|p1a: Dachsbun\n|-damage|p1a: Dachsbun|0 fnt\n|faint|p1a: Dachsbun\n|-damage|p2b: Panic!|39\/100|[from] Recoil\n|\n|win|thedukeoftacos\n|c|\u2606Xcrunner|gg\n|c|\u2606thedukeoftacos|gg~\n|c|\u2606thedukeoftacos|its bo3 right?\n|c|\u2606Xcrunner|yes\n","uploadtime":1700412785,"views":51,"p1id":"xcrunner","p2id":"thedukeoftacos","formatid":"gen9vgc2023regulatione","rating":0,"private":0,"password":""}