{"id":"gen9vgc2023regulatione-1992966308","p1":"D Hazey","p2":"alimbots","format":"[Gen 9] VGC 2023 Regulation E","log":"|j|\u2606D Hazey\n|j|\u2606alimbots\n|t:|1700251028\n|gametype|doubles\n|player|p1|D Hazey|ethan|1141\n|player|p2|alimbots|101|1156\n|teamsize|p1|6\n|teamsize|p2|6\n|gen|9\n|tier|[Gen 9] VGC 2023 Regulation E\n|rated|\n|rule|Species Clause: Limit one of each Pok\u00e9mon\n|rule|Item Clause: Limit one of each item\n|clearpoke\n|poke|p1|Pelipper, L50, F|\n|poke|p1|Ogerpon, L50, F|\n|poke|p1|Amoonguss, L50, M|\n|poke|p1|Landorus-Therian, L50, M|\n|poke|p1|Arcanine-Hisui, L50, F|\n|poke|p1|Tornadus, L50, M|\n|poke|p2|Cresselia, L50, F|\n|poke|p2|Grimmsnarl, L50, M|\n|poke|p2|Ursaluna, L50, F|\n|poke|p2|Rotom-Wash, L50|\n|poke|p2|Skeledirge, L50, M|\n|poke|p2|Kingambit, L50, F|\n|teampreview|4\n|\n|t:|1700251082\n|start\n|switch|p1a: Amoonguss|Amoonguss, L50, M, shiny|100\/100\n|switch|p1b: Arcanine|Arcanine-Hisui, L50, F|100\/100\n|switch|p2a: Rotom|Rotom-Wash, L50|100\/100\n|switch|p2b: Grimmsnarl|Grimmsnarl, L50, M|100\/100\n|turn|1\n|\n|t:|1700251109\n|switch|p1b: Ogerpon|Ogerpon, L50, F|100\/100\n|move|p2b: Grimmsnarl|Thunder Wave|p1a: Amoonguss\n|-status|p1a: Amoonguss|par\n|move|p2a: Rotom|Hydro Pump|p1b: Ogerpon\n|-resisted|p1b: Ogerpon\n|-damage|p1b: Ogerpon|69\/100\n|move|p1a: Amoonguss|Spore|p2b: Grimmsnarl\n|-status|p2b: Grimmsnarl|slp|[from] move: Spore\n|\n|upkeep\n|turn|2\n|\n|t:|1700251143\n|-terastallize|p2a: Rotom|Electric\n|move|p1a: Amoonguss|Rage Powder|p1a: Amoonguss\n|-singleturn|p1a: Amoonguss|move: Rage Powder\n|cant|p2b: Grimmsnarl|slp\n|move|p1b: Ogerpon|Ivy Cudgel|p2a: Rotom\n|-damage|p2a: Rotom|40\/100\n|move|p2a: Rotom|Will-O-Wisp||[still]\n|-fail|p2a: Rotom\n|\n|upkeep\n|turn|3\n|\n|t:|1700251161\n|move|p1a: Amoonguss|Rage Powder|p1a: Amoonguss\n|-singleturn|p1a: Amoonguss|move: Rage Powder\n|-curestatus|p2b: Grimmsnarl|slp|[msg]\n|move|p2b: Grimmsnarl|Reflect|p2b: Grimmsnarl\n|-sidestart|p2: alimbots|Reflect\n|move|p1b: Ogerpon|Ivy Cudgel|p2a: Rotom\n|-damage|p2a: Rotom|0 fnt\n|faint|p2a: Rotom\n|\n|upkeep\n|\n|t:|1700251173\n|switch|p2a: Kingambit|Kingambit, L50, F|100\/100\n|-activate|p2a: Kingambit|ability: Supreme Overlord\n|-start|p2a: Kingambit|fallen1|[silent]\n|turn|4\n|\n|t:|1700251189\n|move|p1b: Ogerpon|Spiky Shield|p1b: Ogerpon\n|-singleturn|p1b: Ogerpon|move: Protect\n|move|p2b: Grimmsnarl|Thunder Wave|p1b: Ogerpon\n|-activate|p1b: Ogerpon|move: Protect\n|move|p2a: Kingambit|Iron Head|p1b: Ogerpon\n|-activate|p1b: Ogerpon|move: Protect\n|-damage|p2a: Kingambit|88\/100|[from] Spiky Shield|[of] p1b: Ogerpon\n|move|p1a: Amoonguss|Spore|p2a: Kingambit\n|-status|p2a: Kingambit|slp|[from] move: Spore\n|\n|upkeep\n|turn|5\n|\n|t:|1700251213\n|move|p1a: Amoonguss|Rage Powder|p1a: Amoonguss\n|-singleturn|p1a: Amoonguss|move: Rage Powder\n|move|p2b: Grimmsnarl|Thunder Wave|p1a: Amoonguss\n|-fail|p1a: Amoonguss|par\n|move|p1b: Ogerpon|U-turn|p2b: Grimmsnarl\n|-damage|p2b: Grimmsnarl|82\/100\n|\n|t:|1700251220\n|switch|p1b: Pelipper|Pelipper, L50, F|100\/100|[from] U-turn\n|-weather|RainDance|[from] ability: Drizzle|[of] p1b: Pelipper\n|cant|p2a: Kingambit|slp\n|\n|-weather|RainDance|[upkeep]\n|upkeep\n|turn|6\n|\n|t:|1700251238\n|move|p2b: Grimmsnarl|Thunder Wave|p1b: Pelipper\n|-status|p1b: Pelipper|par\n|cant|p2a: Kingambit|slp\n|move|p1b: Pelipper|Hurricane|p2b: Grimmsnarl\n|-damage|p2b: Grimmsnarl|55\/100\n|-start|p2b: Grimmsnarl|confusion\n|move|p1a: Amoonguss|Spore|p2b: Grimmsnarl\n|-status|p2b: Grimmsnarl|slp|[from] move: Spore\n|\n|-weather|RainDance|[upkeep]\n|upkeep\n|turn|7\n|\n|t:|1700251272\n|switch|p2b: Skeledirge|Skeledirge, L50, M|100\/100\n|cant|p2a: Kingambit|slp\n|move|p1b: Pelipper|Hurricane|p2b: Skeledirge\n|-damage|p2b: Skeledirge|65\/100\n|move|p1a: Amoonguss|Spore|p2a: Kingambit\n|-fail|p2a: Kingambit|slp\n|\n|-weather|RainDance|[upkeep]\n|-heal|p2b: Skeledirge|71\/100|[from] item: Leftovers\n|upkeep\n|turn|8\n|\n|t:|1700251305\n|switch|p1b: Arcanine|Arcanine-Hisui, L50, F|100\/100\n|-terastallize|p1a: Amoonguss|Water\n|cant|p1a: Amoonguss|par\n|move|p2b: Skeledirge|Hex|p1b: Arcanine\n|-damage|p1b: Arcanine|60\/100\n|-curestatus|p2a: Kingambit|slp|[msg]\n|move|p2a: Kingambit|Iron Head|p1a: Amoonguss\n|-resisted|p1a: Amoonguss\n|-damage|p1a: Amoonguss|69\/100 par\n|-damage|p2a: Kingambit|72\/100|[from] item: Rocky Helmet|[of] p1a: Amoonguss\n|-damage|p2a: Kingambit|62\/100|[from] item: Life Orb\n|\n|-weather|RainDance|[upkeep]\n|-heal|p2b: Skeledirge|77\/100|[from] item: Leftovers\n|upkeep\n|turn|9\n|\n|t:|1700251344\n|-end|p2a: Kingambit|fallen1|[silent]\n|switch|p2a: Grimmsnarl|Grimmsnarl, L50, M|55\/100 slp\n|move|p1b: Arcanine|Head Smash|p2b: Skeledirge|[miss]\n|-miss|p1b: Arcanine|p2b: Skeledirge\n|move|p2b: Skeledirge|Hex|p1a: Amoonguss\n|-damage|p1a: Amoonguss|14\/100 par\n|cant|p1a: Amoonguss|par\n|\n|-weather|none\n|-heal|p2b: Skeledirge|83\/100|[from] item: Leftovers\n|upkeep\n|turn|10\n|\n|t:|1700251363\n|cant|p1a: Amoonguss|par\n|cant|p2a: Grimmsnarl|slp\n|move|p1b: Arcanine|Head Smash|p2b: Skeledirge\n|-supereffective|p2b: Skeledirge\n|-damage|p2b: Skeledirge|0 fnt\n|faint|p2b: Skeledirge\n|\n|-sideend|p2: alimbots|Reflect\n|upkeep\n|\n|t:|1700251374\n|switch|p2b: Kingambit|Kingambit, L50, F|62\/100\n|-activate|p2b: Kingambit|ability: Supreme Overlord\n|-start|p2b: Kingambit|fallen2|[silent]\n|turn|11\n|\n|t:|1700251395\n|switch|p1b: Pelipper|Pelipper, L50, F|100\/100 par\n|-weather|RainDance|[from] ability: Drizzle|[of] p1b: Pelipper\n|-curestatus|p2a: Grimmsnarl|slp|[msg]\n|move|p2a: Grimmsnarl|Reflect|p2a: Grimmsnarl\n|-sidestart|p2: alimbots|Reflect\n|move|p2b: Kingambit|Sucker Punch||[still]\n|-fail|p2b: Kingambit\n|move|p1a: Amoonguss|Spore|p2b: Kingambit\n|-status|p2b: Kingambit|slp|[from] move: Spore\n|\n|-weather|RainDance|[upkeep]\n|upkeep\n|turn|12\n|\n|t:|1700251418\n|switch|p1a: Arcanine|Arcanine-Hisui, L50, F|60\/100\n|move|p2a: Grimmsnarl|Brick Break|p1a: Arcanine\n|-supereffective|p1a: Arcanine\n|-damage|p1a: Arcanine|8\/100\n|cant|p2b: Kingambit|slp\n|move|p1b: Pelipper|Hurricane|p2a: Grimmsnarl\n|-damage|p2a: Grimmsnarl|28\/100\n|\n|-weather|RainDance|[upkeep]\n|upkeep\n|turn|13\n|\n|t:|1700251436\n|move|p2a: Grimmsnarl|Thunder Wave|p1a: Arcanine\n|-status|p1a: Arcanine|par\n|move|p1a: Arcanine|Close Combat|p2b: Kingambit\n|-supereffective|p2b: Kingambit\n|-damage|p2b: Kingambit|0 fnt\n|-unboost|p1a: Arcanine|def|1\n|-unboost|p1a: Arcanine|spd|1\n|faint|p2b: Kingambit\n|-end|p2b: Kingambit|fallen2|[silent]\n|cant|p1b: Pelipper|par\n|\n|-weather|RainDance|[upkeep]\n|upkeep\n|turn|14\n|\n|t:|1700251454\n|switch|p1a: Amoonguss|Amoonguss, L50, M, shiny, tera:Water|14\/100 par\n|move|p2a: Grimmsnarl|Brick Break|p1a: Amoonguss\n|-damage|p1a: Amoonguss|0 fnt\n|-damage|p2a: Grimmsnarl|12\/100|[from] item: Rocky Helmet|[of] p1a: Amoonguss\n|-status|p2a: Grimmsnarl|slp|[from] ability: Effect Spore|[of] p1a: Amoonguss\n|faint|p1a: Amoonguss\n|cant|p1b: Pelipper|par\n|\n|-weather|RainDance|[upkeep]\n|upkeep\n|\n|t:|1700251464\n|switch|p1a: Ogerpon|Ogerpon, L50, F|69\/100\n|turn|15\n|-message|alimbots forfeited.\n|\n|win|D Hazey\n|raw|D Hazey's rating: 1141 &rarr; <strong>1167<\/strong><br \/>(+26 for winning)\n|raw|alimbots's rating: 1156 &rarr; <strong>1130<\/strong><br \/>(-26 for losing)\n|l|\u2606alimbots\n","uploadtime":1700251483,"views":25,"p1id":"dhazey","p2id":"alimbots","formatid":"gen9vgc2023regulatione","rating":1130,"private":0,"password":""}