{"id":"gen9vgc2023regulatione-1993842543","p1":"PacInBlac","p2":"gilga95","format":"[Gen 9] VGC 2023 Regulation E","log":"|j|\u2606PacInBlac\n|j|\u2606gilga95\n|t:|1700364113\n|gametype|doubles\n|player|p1|PacInBlac|volkner|\n|player|p2|gilga95|169|\n|teamsize|p1|6\n|teamsize|p2|6\n|gen|9\n|tier|[Gen 9] VGC 2023 Regulation E\n|rule|Species Clause: Limit one of each Pok\u00e9mon\n|rule|Item Clause: Limit one of each item\n|clearpoke\n|poke|p1|Palafin, L50, F|\n|poke|p1|Pelipper, L50, M|\n|poke|p1|Basculegion, L50, M|\n|poke|p1|Sinistcha, L50|\n|poke|p1|Fezandipiti, L50, M|\n|poke|p1|Garchomp, L50, F|\n|poke|p2|Goodra-Hisui, L50, F|\n|poke|p2|Dragonite, L50, M|\n|poke|p2|Maushold-Four, L50|\n|poke|p2|Bronzong, L50|\n|poke|p2|Rotom-Wash, L50|\n|poke|p2|Volcarona, L50, M|\n|teampreview|4\nPacInBlac has agreed to open team sheets.\ngilga95 rejected open team sheets.\n|j| fernata\n|\n|t:|1700364178\n|start\n|switch|p1a: Pelipper|Pelipper, L50, M|100\/100\n|switch|p1b: Garchomp|Garchomp, L50, F|100\/100\n|switch|p2a: Bronzong|Bronzong, L50|100\/100\n|switch|p2b: Dragonite|Dragonite, L50, M|100\/100\n|-weather|RainDance|[from] ability: Drizzle|[of] p1a: Pelipper\n|turn|1\n|\n|t:|1700364197\n|-terastallize|p2b: Dragonite|Normal\n|move|p1b: Garchomp|Rock Slide|p2b: Dragonite|[spread] p2a,p2b\n|-resisted|p2a: Bronzong\n|-damage|p2a: Bronzong|92\/100\n|-damage|p2b: Dragonite|90\/100\n|move|p2b: Dragonite|Dragon Dance|p2b: Dragonite\n|-boost|p2b: Dragonite|atk|1\n|-boost|p2b: Dragonite|spe|1\n|move|p1a: Pelipper|Tailwind|p1a: Pelipper\n|-sidestart|p1: PacInBlac|move: Tailwind\n|move|p2a: Bronzong|Reflect|p2a: Bronzong\n|-sidestart|p2: gilga95|Reflect\n|\n|-weather|RainDance|[upkeep]\n|upkeep\n|turn|2\n|\n|t:|1700364221\n|move|p1b: Garchomp|Swords Dance|p1b: Garchomp\n|-boost|p1b: Garchomp|atk|2\n|move|p1a: Pelipper|Hurricane|p2b: Dragonite\n|-damage|p2b: Dragonite|48\/100\n|-start|p2b: Dragonite|confusion\n|-activate|p2b: Dragonite|confusion\n|-damage|p2b: Dragonite|20\/100|[from] confusion\n|move|p2a: Bronzong|Light Screen|p2a: Bronzong\n|-sidestart|p2: gilga95|move: Light Screen\n|\n|-weather|RainDance|[upkeep]\n|upkeep\n|turn|3\n|\n|t:|1700364248\n|move|p1a: Pelipper|Helping Hand|p1b: Garchomp\n|-singleturn|p1b: Garchomp|Helping Hand|[of] p1a: Pelipper\n|move|p1b: Garchomp|Rock Slide|p2b: Dragonite|[spread] p2a,p2b\n|-resisted|p2a: Bronzong\n|-damage|p2a: Bronzong|74\/100\n|-damage|p2b: Dragonite|0 fnt\n|faint|p2b: Dragonite\n|move|p2a: Bronzong|Psyshock|p1b: Garchomp\n|-damage|p1b: Garchomp|77\/100\n|\n|-weather|RainDance|[upkeep]\n|upkeep\n|\n|t:|1700364255\n|switch|p2b: Maushold|Maushold-Four, L50|100\/100\n|turn|4\n|\n|t:|1700364267\n|move|p1b: Garchomp|Earthquake|p2a: Bronzong|[spread] p2b\n|-immune|p1a: Pelipper\n|-immune|p2a: Bronzong|[from] ability: Levitate\n|-damage|p2b: Maushold|23\/100\n|move|p1a: Pelipper|Hurricane|p2b: Maushold\n|-damage|p2b: Maushold|0 fnt\n|faint|p2b: Maushold\n|move|p2a: Bronzong|Psyshock|p1b: Garchomp\n|-damage|p1b: Garchomp|54\/100\n|\n|-weather|RainDance|[upkeep]\n|-sideend|p1: PacInBlac|move: Tailwind\n|upkeep\n|\n|t:|1700364273\n|switch|p2b: Volcarona|Volcarona, L50, M|100\/100\n|turn|5\n|\n|t:|1700364283\n|move|p1b: Garchomp|Protect|p1b: Garchomp\n|-singleturn|p1b: Garchomp|Protect\n|move|p2b: Volcarona|Quiver Dance|p2b: Volcarona\n|-boost|p2b: Volcarona|spa|1\n|-boost|p2b: Volcarona|spd|1\n|-boost|p2b: Volcarona|spe|1\n|move|p1a: Pelipper|Hurricane|p2b: Volcarona\n|-supereffective|p2b: Volcarona\n|-damage|p2b: Volcarona|61\/100\n|move|p2a: Bronzong|Psyshock|p1b: Garchomp\n|-activate|p1b: Garchomp|move: Protect\n|\n|-weather|RainDance|[upkeep]\n|upkeep\n|turn|6\n|\n|t:|1700364310\n|-terastallize|p1b: Garchomp|Steel\n|move|p1a: Pelipper|Helping Hand|p1b: Garchomp\n|-singleturn|p1b: Garchomp|Helping Hand|[of] p1a: Pelipper\n|move|p2b: Volcarona|Giga Drain|p1b: Garchomp\n|-resisted|p1b: Garchomp\n|-damage|p1b: Garchomp|29\/100\n|-heal|p2b: Volcarona|76\/100|[from] drain|[of] p1b: Garchomp\n|move|p1b: Garchomp|Rock Slide|p2a: Bronzong|[spread] p2a,p2b\n|-resisted|p2a: Bronzong\n|-supereffective|p2b: Volcarona\n|-damage|p2a: Bronzong|56\/100\n|-damage|p2b: Volcarona|0 fnt\n|faint|p2b: Volcarona\n|move|p2a: Bronzong|Psyshock|p1b: Garchomp\n|-resisted|p1b: Garchomp\n|-damage|p1b: Garchomp|17\/100\n|\n|-weather|RainDance|[upkeep]\n|upkeep\n|turn|7\n|c|\u2606gilga95|Ggs\n|\n|t:|1700364330\n|move|p1b: Garchomp|Rock Slide|p2a: Bronzong\n|-resisted|p2a: Bronzong\n|-damage|p2a: Bronzong|41\/100\n|move|p1a: Pelipper|Hurricane|p2a: Bronzong\n|-resisted|p2a: Bronzong\n|-damage|p2a: Bronzong|32\/100\n|move|p2a: Bronzong|Psyshock|p1b: Garchomp\n|-resisted|p1b: Garchomp\n|-damage|p1b: Garchomp|6\/100\n|\n|-weather|RainDance|[upkeep]\n|upkeep\n|turn|8\n|\n|t:|1700364341\n|move|p1b: Garchomp|Rock Slide|p2a: Bronzong\n|-resisted|p2a: Bronzong\n|-damage|p2a: Bronzong|17\/100\n|move|p1a: Pelipper|Hurricane|p2a: Bronzong\n|-resisted|p2a: Bronzong\n|-damage|p2a: Bronzong|9\/100\n|move|p2a: Bronzong|Psyshock|p1b: Garchomp\n|-resisted|p1b: Garchomp\n|-damage|p1b: Garchomp|0 fnt\n|faint|p1b: Garchomp\n|\n|-weather|none\n|-sideend|p2: gilga95|Reflect\n|upkeep\n|\n|t:|1700364343\n|switch|p1b: Basculegion|Basculegion, L50, M|100\/100\n|turn|9\n|\n|t:|1700364355\n|move|p1a: Pelipper|Helping Hand|p1b: Basculegion\n|-singleturn|p1b: Basculegion|Helping Hand|[of] p1a: Pelipper\n|move|p1b: Basculegion|Last Respects|p2a: Bronzong\n|-supereffective|p2a: Bronzong\n|-damage|p2a: Bronzong|0 fnt\n|faint|p2a: Bronzong\n|-damage|p1b: Basculegion|91\/100|[from] item: Life Orb\n|\n|win|PacInBlac\n|c|\u2606PacInBlac|gg\n|l|\u2606gilga95\n","uploadtime":1700364631,"views":10,"p1id":"pacinblac","p2id":"gilga95","formatid":"gen9vgc2023regulatione","rating":0,"private":0,"password":""}