{"id":"gen9vgc2023regulatione-1999962942","p1":"andrewisgood","p2":"DouWu","format":"[Gen 9] VGC 2023 Regulation E","log":"|j|\u2606andrewisgood\n|j|\u2606DouWu\n|t:|1701135135\n|gametype|doubles\n|player|p1|andrewisgood|1|1412\n|player|p2|DouWu|larry|1479\n|teamsize|p1|6\n|teamsize|p2|6\n|gen|9\n|tier|[Gen 9] VGC 2023 Regulation E\n|rated|\n|rule|Species Clause: Limit one of each Pok\u00e9mon\n|rule|Item Clause: Limit one of each item\n|clearpoke\n|poke|p1|Thundurus, L50, M|\n|poke|p1|Ogerpon-Wellspring, L50, F|\n|poke|p1|Revavroom, L50, F|\n|poke|p1|Flutter Mane, L50|\n|poke|p1|Chien-Pao, L50|\n|poke|p1|Dragonite, L50, F|\n|poke|p2|Roaring Moon, L50|\n|poke|p2|Weezing, L50, M|\n|poke|p2|Flutter Mane, L50|\n|poke|p2|Iron Hands, L50|\n|poke|p2|Landorus-Therian, L50, M|\n|poke|p2|Ogerpon-Hearthflame, L50, F|\n|teampreview|4\n|\n|t:|1701135176\n|start\n|switch|p1a: Thundurus|Thundurus, L50, M|100\/100\n|switch|p1b: Flutter Mane|Flutter Mane, L50|100\/100\n|switch|p2a: Weezing|Weezing, L50, M|100\/100\n|switch|p2b: Roaring Moon|Roaring Moon, L50|100\/100\n|-ability|p2a: Weezing|Neutralizing Gas\n|-enditem|p2b: Roaring Moon|Booster Energy\n|-activate|p2b: Roaring Moon|ability: Protosynthesis|[fromitem]\n|-start|p2b: Roaring Moon|protosynthesisspe\n|turn|1\n|\n|t:|1701135215\n|-terastallize|p2b: Roaring Moon|Flying\n|move|p2b: Roaring Moon|Tailwind|p2b: Roaring Moon\n|-sidestart|p2: DouWu|move: Tailwind\n|move|p1b: Flutter Mane|Thunderbolt|p2b: Roaring Moon\n|-supereffective|p2b: Roaring Moon\n|-damage|p2b: Roaring Moon|0 fnt\n|faint|p2b: Roaring Moon\n|-end|p2b: Roaring Moon|Protosynthesis|[silent]\n|move|p2a: Weezing|Gunk Shot|p1b: Flutter Mane\n|-damage|p1b: Flutter Mane|17\/100\n|-status|p1b: Flutter Mane|psn\n|move|p1a: Thundurus|Taunt|p2a: Weezing\n|-start|p2a: Weezing|move: Taunt\n|\n|-damage|p1b: Flutter Mane|5\/100 psn|[from] psn\n|upkeep\n|\n|t:|1701135234\n|switch|p2b: Flutter Mane|Flutter Mane, L50|100\/100\n|turn|2\n|\n|t:|1701135243\n|move|p2b: Flutter Mane|Dazzling Gleam|p1a: Thundurus|[spread] p1a,p1b\n|-damage|p1a: Thundurus|64\/100\n|-damage|p1b: Flutter Mane|0 fnt\n|faint|p1b: Flutter Mane\n|-end|p1b: Flutter Mane|Protosynthesis|[silent]\n|move|p2a: Weezing|Gunk Shot|p1a: Thundurus\n|-damage|p1a: Thundurus|19\/100\n|-enditem|p1a: Thundurus|Sitrus Berry|[eat]\n|-heal|p1a: Thundurus|44\/100|[from] item: Sitrus Berry\n|move|p1a: Thundurus|Eerie Impulse|p2b: Flutter Mane\n|-unboost|p2b: Flutter Mane|spa|2\n|\n|upkeep\n|\n|t:|1701135250\n|switch|p1b: Revavroom|Revavroom, L50, F|100\/100\n|turn|3\n|\n|t:|1701135280\n|-end|p2b: Flutter Mane|Protosynthesis|[silent]\n|switch|p2b: Landorus|Landorus-Therian, L50, M|100\/100\n|-ability|p2b: Landorus|Intimidate|boost\n|-unboost|p1a: Thundurus|atk|1\n|-unboost|p1b: Revavroom|atk|1\n|move|p2a: Weezing|Gunk Shot|p1a: Thundurus\n|-damage|p1a: Thundurus|2\/100\n|-status|p1a: Thundurus|psn\n|move|p1b: Revavroom|Poison Jab|p2b: Landorus\n|-resisted|p2b: Landorus\n|-damage|p2b: Landorus|88\/100\n|-status|p2b: Landorus|psn\n|move|p1a: Thundurus|Scary Face|p2b: Landorus\n|-unboost|p2b: Landorus|spe|2\n|\n|-damage|p1a: Thundurus|0 fnt|[from] psn\n|faint|p1a: Thundurus\n|-damage|p2b: Landorus|76\/100 psn|[from] psn\n|upkeep\n|\n|t:|1701135284\n|switch|p1a: Chien-Pao|Chien-Pao, L50|100\/100\n|turn|4\n|\n|t:|1701135327\n|move|p1b: Revavroom|Protect|p1b: Revavroom\n|-singleturn|p1b: Revavroom|Protect\n|move|p1a: Chien-Pao|Icicle Crash|p2b: Landorus\n|-supereffective|p2b: Landorus\n|-crit|p2b: Landorus\n|-damage|p2b: Landorus|0 fnt\n|faint|p2b: Landorus\n|-damage|p1a: Chien-Pao|91\/100|[from] item: Life Orb\n|move|p2a: Weezing|Gunk Shot|p1a: Chien-Pao|[miss]\n|-miss|p2a: Weezing|p1a: Chien-Pao\n|\n|-end|p2a: Weezing|move: Taunt\n|-sideend|p2: DouWu|move: Tailwind\n|upkeep\n|\n|t:|1701135342\n|switch|p2b: Flutter Mane|Flutter Mane, L50|100\/100\n|turn|5\n|\n|t:|1701135354\n|move|p1a: Chien-Pao|Sucker Punch|p2b: Flutter Mane\n|-damage|p2b: Flutter Mane|36\/100\n|-damage|p1a: Chien-Pao|81\/100|[from] item: Life Orb\n|move|p2b: Flutter Mane|Power Gem|p1b: Revavroom\n|-resisted|p1b: Revavroom\n|-damage|p1b: Revavroom|69\/100\n|move|p1b: Revavroom|Spin Out|p2b: Flutter Mane\n|-supereffective|p2b: Flutter Mane\n|-damage|p2b: Flutter Mane|0 fnt\n|-unboost|p1b: Revavroom|spe|2\n|faint|p2b: Flutter Mane\n|-end|p2b: Flutter Mane|Protosynthesis|[silent]\n|move|p2a: Weezing|Will-O-Wisp|p1a: Chien-Pao\n|-status|p1a: Chien-Pao|brn\n|\n|-heal|p1b: Revavroom|75\/100|[from] item: Black Sludge\n|-damage|p1a: Chien-Pao|75\/100 brn|[from] brn\n|upkeep\n|turn|6\n|\n|t:|1701135377\n|move|p2a: Weezing|Protect|p2a: Weezing\n|-singleturn|p2a: Weezing|Protect\n|move|p1a: Chien-Pao|Icicle Crash|p2a: Weezing\n|-activate|p2a: Weezing|move: Protect\n|move|p1b: Revavroom|Spin Out|p2a: Weezing\n|-activate|p2a: Weezing|move: Protect\n|\n|-heal|p1b: Revavroom|80\/100|[from] item: Black Sludge\n|-damage|p1a: Chien-Pao|70\/100 brn|[from] brn\n|upkeep\n|turn|7\n|\n|t:|1701135392\n|move|p1a: Chien-Pao|Icicle Crash|p2a: Weezing\n|-damage|p2a: Weezing|80\/100\n|-damage|p1a: Chien-Pao|60\/100 brn|[from] item: Life Orb\n|move|p2a: Weezing|Will-O-Wisp|p1b: Revavroom\n|-status|p1b: Revavroom|brn\n|move|p1b: Revavroom|Spin Out|p2a: Weezing\n|-damage|p2a: Weezing|68\/100\n|-unboost|p1b: Revavroom|spe|2\n|\n|-heal|p2a: Weezing|74\/100|[from] item: Leftovers\n|-heal|p1b: Revavroom|86\/100 brn|[from] item: Black Sludge\n|-damage|p1a: Chien-Pao|54\/100 brn|[from] brn\n|-damage|p1b: Revavroom|80\/100 brn|[from] brn\n|upkeep\n|turn|8\n|\n|t:|1701135416\n|-terastallize|p1b: Revavroom|Poison\n|move|p2a: Weezing|Protect|p2a: Weezing\n|-singleturn|p2a: Weezing|Protect\n|move|p1a: Chien-Pao|Icicle Crash|p2a: Weezing\n|-activate|p2a: Weezing|move: Protect\n|move|p1b: Revavroom|Poison Jab|p2a: Weezing\n|-activate|p2a: Weezing|move: Protect\n|\n|-heal|p2a: Weezing|80\/100|[from] item: Leftovers\n|-heal|p1b: Revavroom|86\/100 brn|[from] item: Black Sludge\n|-damage|p1a: Chien-Pao|48\/100 brn|[from] brn\n|-damage|p1b: Revavroom|80\/100 brn|[from] brn\n|upkeep\n|turn|9\n|\n|t:|1701135436\n|move|p1a: Chien-Pao|Icicle Crash|p2a: Weezing\n|-damage|p2a: Weezing|59\/100\n|-damage|p1a: Chien-Pao|39\/100 brn|[from] item: Life Orb\n|move|p2a: Weezing|Gunk Shot|p1a: Chien-Pao|[miss]\n|-miss|p2a: Weezing|p1a: Chien-Pao\n|move|p1b: Revavroom|Poison Jab|p2a: Weezing\n|-resisted|p2a: Weezing\n|-damage|p2a: Weezing|52\/100\n|\n|-heal|p2a: Weezing|58\/100|[from] item: Leftovers\n|-heal|p1b: Revavroom|86\/100 brn|[from] item: Black Sludge\n|-damage|p1a: Chien-Pao|33\/100 brn|[from] brn\n|-damage|p1b: Revavroom|80\/100 brn|[from] brn\n|upkeep\n|turn|10\n|\n|t:|1701135452\n|move|p2a: Weezing|Protect|p2a: Weezing\n|-singleturn|p2a: Weezing|Protect\n|move|p1a: Chien-Pao|Icicle Crash|p2a: Weezing\n|-activate|p2a: Weezing|move: Protect\n|move|p1b: Revavroom|Poison Jab|p2a: Weezing\n|-activate|p2a: Weezing|move: Protect\n|\n|-heal|p2a: Weezing|64\/100|[from] item: Leftovers\n|-heal|p1b: Revavroom|86\/100 brn|[from] item: Black Sludge\n|-damage|p1a: Chien-Pao|27\/100 brn|[from] brn\n|-damage|p1b: Revavroom|80\/100 brn|[from] brn\n|upkeep\n|turn|11\n|\n|t:|1701135466\n|move|p1a: Chien-Pao|Icicle Crash|p2a: Weezing\n|-damage|p2a: Weezing|44\/100\n|-damage|p1a: Chien-Pao|17\/100 brn|[from] item: Life Orb\n|move|p2a: Weezing|Gunk Shot|p1a: Chien-Pao\n|-damage|p1a: Chien-Pao|0 fnt\n|faint|p1a: Chien-Pao\n|move|p1b: Revavroom|Poison Jab|p2a: Weezing\n|-resisted|p2a: Weezing\n|-damage|p2a: Weezing|37\/100\n|\n|-heal|p2a: Weezing|43\/100|[from] item: Leftovers\n|-heal|p1b: Revavroom|86\/100 brn|[from] item: Black Sludge\n|-damage|p1b: Revavroom|80\/100 brn|[from] brn\n|upkeep\n|turn|12\n|\n|t:|1701135482\n|move|p2a: Weezing|Protect|p2a: Weezing\n|-singleturn|p2a: Weezing|Protect\n|move|p1b: Revavroom|Spin Out|p2a: Weezing\n|-activate|p2a: Weezing|move: Protect\n|\n|-heal|p2a: Weezing|49\/100|[from] item: Leftovers\n|-heal|p1b: Revavroom|86\/100 brn|[from] item: Black Sludge\n|-damage|p1b: Revavroom|80\/100 brn|[from] brn\n|upkeep\n|turn|13\n|\n|t:|1701135495\n|move|p2a: Weezing|Gunk Shot|p1b: Revavroom\n|-resisted|p1b: Revavroom\n|-damage|p1b: Revavroom|55\/100 brn\n|move|p1b: Revavroom|Spin Out|p2a: Weezing\n|-damage|p2a: Weezing|35\/100\n|-unboost|p1b: Revavroom|spe|2\n|\n|-heal|p2a: Weezing|41\/100|[from] item: Leftovers\n|-heal|p1b: Revavroom|61\/100 brn|[from] item: Black Sludge\n|-damage|p1b: Revavroom|55\/100 brn|[from] brn\n|upkeep\n|turn|14\n|-message|andrewisgood forfeited.\n|\n|win|DouWu\n|raw|andrewisgood's rating: 1412 &rarr; <strong>1396<\/strong><br \/>(-16 for losing)\n|raw|DouWu's rating: 1479 &rarr; <strong>1495<\/strong><br \/>(+16 for winning)\n|l|\u2606andrewisgood\n|l|\u2606DouWu\n|j|\u2606DouWu\n|player|p2|DouWu|larry\n","uploadtime":1701135519,"views":21,"p1id":"andrewisgood","p2id":"douwu","formatid":"gen9vgc2023regulatione","rating":1396,"private":0,"password":""}