{"id":"gen9vgc2023regulatione-1999155652","p1":"Ciq108","p2":"Memebasedgod","format":"[Gen 9] VGC 2023 Regulation E","log":"|j|\u2606Ciq108\n|j|\u2606Memebasedgod\n|n|\u2606Ciq108|ciq108\n|n|\u2606Memebasedgod|memebasedgod\n|html|View the match progress at <a href=\"\/game-bestof3-gen9vgc2023regulatione-1999153317\">game-bestof3-gen9vgc2023regulatione-1999153317<\/a>\n|t:|1701039268\n|gametype|doubles\n|player|p1|Ciq108|2|\n|player|p2|Memebasedgod|pokekid|\n|teamsize|p1|6\n|teamsize|p2|6\n|gen|9\n|tier|[Gen 9] VGC 2023 Regulation E\n|rule|Species Clause: Limit one of each Pok\u00e9mon\n|rule|Item Clause: Limit one of each item\n|clearpoke\n|poke|p1|Garchomp, L50, M|\n|poke|p1|Rotom-Wash, L50|\n|poke|p1|Talonflame, L50, F|\n|poke|p1|Kingambit, L50, F|\n|poke|p1|Brambleghast, L50, M|\n|poke|p1|Gallade, L50, M|\n|poke|p2|Landorus-Therian, L50, M|\n|poke|p2|Chi-Yu, L50|\n|poke|p2|Gardevoir, L50, M|\n|poke|p2|Hydreigon, L50, M|\n|poke|p2|Abomasnow, L50, F|\n|poke|p2|Sandslash-Alola, L50, F|\n|teampreview|4\n|inactive|Battle timer is ON: inactive players will automatically lose when time's up. (requested by Ciq108)\n|j| TheFriending\n|c|\u2606Memebasedgod|glhf\n|j| Fmaster94\n|j| thedistortionzone\n|inactive|Ciq108 has 60 seconds left.\n|inactive|Memebasedgod has 60 seconds left.\n|j| Jay Jingles\nCiq108 rejected open team sheets.\n|\n|t:|1701039309\n|start\n|switch|p1a: Talonflame|Talonflame, L50, F|100\/100\n|switch|p1b: Kingambit|Kingambit, L50, F|100\/100\n|switch|p2a: Oppenheimer|Chi-Yu, L50|100\/100\n|switch|p2b: Barbie|Gardevoir, L50, M, shiny|100\/100\n|-ability|p2a: Oppenheimer|Beads of Ruin\n|turn|1\n|inactive|Ciq108 has 30 seconds left.\n|\n|t:|1701039338\n|-terastallize|p1b: Kingambit|Fire\n|move|p1a: Talonflame|Tailwind|p1a: Talonflame\n|-sidestart|p1: Ciq108|move: Tailwind\n|move|p2a: Oppenheimer|Dark Pulse|p1a: Talonflame\n|-crit|p1a: Talonflame\n|-damage|p1a: Talonflame|0 fnt\n|faint|p1a: Talonflame\n|move|p2b: Barbie|Aura Sphere|p1b: Kingambit\n|-damage|p1b: Kingambit|74\/100\n|move|p1b: Kingambit|Brick Break|p2a: Oppenheimer\n|-supereffective|p2a: Oppenheimer\n|-damage|p2a: Oppenheimer|31\/100\n|\n|upkeep\n|c| Fmaster94|the gard\n|\n|t:|1701039354\n|switch|p1a: Brambleghast|Brambleghast, L50, M|100\/100\n|-ability|p1a: Brambleghast|Wind Rider|boost\n|-boost|p1a: Brambleghast|atk|1\n|turn|2\n|inactive|Memebasedgod has 30 seconds left.\n|\n|t:|1701039385\n|move|p1a: Brambleghast|Poltergeist|p2b: Barbie\n|-activate|p2b: Barbie|move: Poltergeist|Focus Sash\n|-supereffective|p2b: Barbie\n|-enditem|p2b: Barbie|Focus Sash\n|-damage|p2b: Barbie|1\/100\n|move|p2a: Oppenheimer|Dark Pulse|p1a: Brambleghast\n|-supereffective|p1a: Brambleghast\n|-enditem|p1a: Brambleghast|Focus Sash\n|-damage|p1a: Brambleghast|1\/100\n|move|p2b: Barbie|Psychic|p1b: Kingambit\n|-damage|p1b: Kingambit|32\/100\n|move|p1b: Kingambit|Tera Blast|p2a: Oppenheimer|[anim] Tera Blast Fire\n|-resisted|p2a: Oppenheimer\n|-damage|p2a: Oppenheimer|3\/100\n|\n|upkeep\n|turn|3\n|inactive|Ciq108 has 30 seconds left.\n|\n|t:|1701039418\n|move|p1a: Brambleghast|Shadow Sneak|p2a: Oppenheimer\n|-resisted|p2a: Oppenheimer\n|-damage|p2a: Oppenheimer|0 fnt\n|faint|p2a: Oppenheimer\n|move|p1b: Kingambit|Sucker Punch|p2b: Barbie\n|-damage|p2b: Barbie|0 fnt\n|faint|p2b: Barbie\n|\n|upkeep\n|\n|t:|1701039426\n|switch|p2a: Lasagna-Therian|Landorus-Therian, L50, M|100\/100\n|switch|p2b: Echoes Act III|Hydreigon, L50, M, shiny|100\/100\n|-ability|p2a: Lasagna-Therian|Intimidate|boost\n|-unboost|p1a: Brambleghast|atk|1\n|-unboost|p1b: Kingambit|atk|1\n|-ability|p1b: Kingambit|Defiant|boost\n|-boost|p1b: Kingambit|atk|2\n|-enditem|p2a: Lasagna-Therian|Mirror Herb\n|-boost|p2a: Lasagna-Therian|atk|2|[from] item: Mirror Herb\n|turn|4\n|\n|t:|1701039450\n|move|p2a: Lasagna-Therian|Protect|p2a: Lasagna-Therian\n|-singleturn|p2a: Lasagna-Therian|Protect\n|move|p1b: Kingambit|Sucker Punch||[still]\n|-fail|p1b: Kingambit\n|move|p1a: Brambleghast|Power Whip|p2a: Lasagna-Therian\n|-activate|p2a: Lasagna-Therian|move: Protect\n|move|p2b: Echoes Act III|Dragon Pulse|p1b: Kingambit\n|-damage|p1b: Kingambit|2\/100\n|\n|-sideend|p1: Ciq108|move: Tailwind\n|upkeep\n|turn|5\n|\n|t:|1701039465\n|move|p1a: Brambleghast|Shadow Sneak|p2a: Lasagna-Therian\n|-damage|p2a: Lasagna-Therian|79\/100\n|move|p1b: Kingambit|Sucker Punch|p2a: Lasagna-Therian\n|-damage|p2a: Lasagna-Therian|20\/100\n|move|p2b: Echoes Act III|Dragon Pulse|p1b: Kingambit\n|-damage|p1b: Kingambit|0 fnt\n|faint|p1b: Kingambit\n|move|p2a: Lasagna-Therian|Earthquake|p1a: Brambleghast|[spread] p1a\n|-immune|p2b: Echoes Act III|[from] ability: Levitate\n|-resisted|p1a: Brambleghast\n|-damage|p1a: Brambleghast|0 fnt\n|faint|p1a: Brambleghast\n|\n|upkeep\n|\n|t:|1701039471\n|switch|p1b: Gallade|Gallade, L50, M|100\/100\n|turn|6\n|\n|t:|1701039481\n|-terastallize|p2b: Echoes Act III|Fairy\n|move|p2b: Echoes Act III|Dragon Pulse|p1b: Gallade\n|-damage|p1b: Gallade|54\/100\n|move|p1b: Gallade|Ice Punch|p2a: Lasagna-Therian\n|-supereffective|p2a: Lasagna-Therian\n|-damage|p2a: Lasagna-Therian|0 fnt\n|faint|p2a: Lasagna-Therian\n|-damage|p1b: Gallade|44\/100|[from] item: Life Orb\n|\n|upkeep\n|turn|7\n|\n|t:|1701039501\n|move|p2b: Echoes Act III|Dragon Pulse|p1b: Gallade\n|-damage|p1b: Gallade|0 fnt\n|faint|p1b: Gallade\n|\n|win|Memebasedgod\n|c|\u2606Memebasedgod|gg\n|l|\u2606Ciq108\n","uploadtime":1701039508,"views":40,"p1id":"ciq108","p2id":"memebasedgod","formatid":"gen9vgc2023regulatione","rating":0,"private":0,"password":""}