{"id":"gen9vgc2023regulatione-1989099910","p1":"Effelon","p2":"justPiplup","format":"[Gen 9] VGC 2023 Regulation E","log":"|j|\u2606Effelon\n|j|\u2606justPiplup\n|n|\u2606Effelon|effelon\n|n|\u2606justPiplup|justpiplup\n|html|View the match progress at <a href=\"\/game-bestof3-gen9vgc2023regulatione-1989093997\">game-bestof3-gen9vgc2023regulatione-1989093997<\/a>\n|t:|1699812134\n|gametype|doubles\n|player|p1|Effelon|colress|\n|player|p2|justPiplup|karen|\n|teamsize|p1|6\n|teamsize|p2|6\n|gen|9\n|tier|[Gen 9] VGC 2023 Regulation E\n|rule|Species Clause: Limit one of each Pok\u00e9mon\n|rule|Item Clause: Limit one of each item\n|clearpoke\n|poke|p1|Toxicroak, L50, M|\n|poke|p1|Vivillon-Fancy, L50, F|\n|poke|p1|Flareon, L50, F|\n|poke|p1|Sylveon, L50, F|\n|poke|p1|Pikachu, L50, M|\n|poke|p1|Bronzong, L50|\n|poke|p2|Oranguru, L50, M|\n|poke|p2|Sylveon, L50, F|\n|poke|p2|Flareon, L50, M|\n|poke|p2|Stonjourner, L50, M|\n|poke|p2|Espeon, L50, F|\n|poke|p2|Toxicroak, L50, M|\n|teampreview|4\njustPiplup has agreed to open team sheets.\nEffelon has agreed to open team sheets.\n|showteam|p1|Toxicroak||ExpertBelt|DrySkin|CloseCombat,KnockOff,PoisonJab,SwordsDance|||M|||50|,,,,,Poison]Vivillon-Fancy||FocusSash|CompoundEyes|SleepPowder,TeraBlast,RagePowder,PollenPuff|||F|||50|,,,,,Poison]Flareon||ToxicOrb|Guts|Facade,FlareBlitz,TeraBlast,Protect|||F|||50|,,,,,Grass]Sylveon||ThroatSpray|Pixilate|HyperVoice,Psyshock,TeraBlast,Protect|||F|||50|,,,,,Fire]Pikachu||LightBall|LightningRod|VoltTackle,KnockOff,FakeOut,BrickBreak|||M|||50|,,,,,Electric]Bronzong||SitrusBerry|Heatproof|Psychic,BodyPress,LightScreen,Reflect||||||50|,,,,,Fighting\n|showteam|p2|Oranguru||SafetyGoggles|InnerFocus|TrickRoom,Instruct,Encore,Psychic|||M|||50|,,,,,Steel]Sylveon||AbilityShield|Pixilate|HyperVoice,Psychic,TeraBlast,Protect|||F|||50|,,,,,Fire]Flareon||ToxicOrb|Guts|SleepTalk,Facade,FlareBlitz,Protect|||M|||50|,,,,,Grass]Stonjourner||QuickClaw|PowerSpot|WideGuard,HighHorsepower,RockSlide,TeraBlast|||M|||50|,,,,,Fire]Espeon||CovertCloak|MagicBounce|GrassKnot,TeraBlast,ShadowBall,Psychic|||F|||50|,,,,,Steel]Toxicroak||FocusSash|DrySkin|FakeOut,KnockOff,PoisonJab,Taunt|||M|||50|,,,,,Dark\n|j| Coupe457\n|\n|t:|1699812184\n|start\n|switch|p1a: get some Z's|Vivillon-Fancy, L50, F, shiny|100\/100\n|switch|p1b: brann|Bronzong, L50, shiny|100\/100\n|switch|p2a: UG OG STINKY|Oranguru, L50, M|100\/100\n|switch|p2b: \u042d\u0420\u0424\u0424\u041f|Toxicroak, L50, M|100\/100\n|turn|1\n|\n|t:|1699812218\n|move|p2b: \u042d\u0420\u0424\u0424\u041f|Fake Out|p1a: get some Z's\n|-damage|p1a: get some Z's|80\/100\n|cant|p1a: get some Z's|flinch\n|move|p1b: brann|Reflect|p1b: brann\n|-sidestart|p1: Effelon|Reflect\n|move|p2a: UG OG STINKY|Trick Room|p2a: UG OG STINKY\n|-fieldstart|move: Trick Room|[of] p2a: UG OG STINKY\n|\n|upkeep\n|turn|2\n|\n|t:|1699812262\n|move|p1a: get some Z's|Rage Powder|p1a: get some Z's\n|-singleturn|p1a: get some Z's|move: Rage Powder\n|move|p1b: brann|Psychic|p2b: \u042d\u0420\u0424\u0424\u041f\n|-supereffective|p2b: \u042d\u0420\u0424\u0424\u041f\n|-enditem|p2b: \u042d\u0420\u0424\u0424\u041f|Focus Sash\n|-damage|p2b: \u042d\u0420\u0424\u0424\u041f|1\/100\n|-unboost|p2b: \u042d\u0420\u0424\u0424\u041f|spd|1\n|move|p2a: UG OG STINKY|Psychic|p1a: get some Z's\n|-damage|p1a: get some Z's|36\/100\n|move|p2b: \u042d\u0420\u0424\u0424\u041f|Knock Off|p1a: get some Z's\n|-damage|p1a: get some Z's|7\/100\n|-enditem|p1a: get some Z's|Focus Sash|[from] move: Knock Off|[of] p2b: \u042d\u0420\u0424\u0424\u041f\n|\n|upkeep\n|turn|3\n|\n|t:|1699812306\n|move|p1a: get some Z's|Rage Powder|p1a: get some Z's\n|-singleturn|p1a: get some Z's|move: Rage Powder\n|move|p1b: brann|Body Press|p2b: \u042d\u0420\u0424\u0424\u041f\n|-resisted|p2b: \u042d\u0420\u0424\u0424\u041f\n|-damage|p2b: \u042d\u0420\u0424\u0424\u041f|0 fnt\n|faint|p2b: \u042d\u0420\u0424\u0424\u041f\n|move|p2a: UG OG STINKY|Psychic|p1a: get some Z's\n|-damage|p1a: get some Z's|0 fnt\n|faint|p1a: get some Z's\n|\n|upkeep\n|\n|t:|1699812320\n|switch|p2b: Promare|Flareon, L50, M|100\/100\n|switch|p1a: AAAAAAAA|Sylveon, L50, F|100\/100\n|turn|4\n|\n|t:|1699812351\n|-terastallize|p1a: AAAAAAAA|Fire\n|-terastallize|p2a: UG OG STINKY|Steel\n|move|p2b: Promare|Protect|p2b: Promare\n|-singleturn|p2b: Promare|Protect\n|move|p1b: brann|Body Press|p2a: UG OG STINKY\n|-supereffective|p2a: UG OG STINKY\n|-damage|p2a: UG OG STINKY|56\/100\n|move|p1a: AAAAAAAA|Hyper Voice|p2a: UG OG STINKY|[spread] p2a\n|-activate|p2b: Promare|move: Protect\n|-resisted|p2a: UG OG STINKY\n|-damage|p2a: UG OG STINKY|41\/100\n|-enditem|p1a: AAAAAAAA|Throat Spray\n|-boost|p1a: AAAAAAAA|spa|1|[from] item: Throat Spray\n|move|p2a: UG OG STINKY|Psychic|p1a: AAAAAAAA\n|-damage|p1a: AAAAAAAA|80\/100\n|\n|-status|p2b: Promare|tox|[from] item: Toxic Orb\n|upkeep\n|turn|5\n|\n|t:|1699812382\n|move|p1b: brann|Body Press|p2a: UG OG STINKY\n|-supereffective|p2a: UG OG STINKY\n|-damage|p2a: UG OG STINKY|0 fnt\n|faint|p2a: UG OG STINKY\n|move|p1a: AAAAAAAA|Psyshock|p2b: Promare\n|-damage|p2b: Promare|35\/100 tox\n|move|p2b: Promare|Facade|p1a: AAAAAAAA\n|-damage|p1a: AAAAAAAA|11\/100\n|\n|-damage|p2b: Promare|29\/100 tox|[from] psn\n|-sideend|p1: Effelon|Reflect\n|-fieldend|move: Trick Room\n|upkeep\n|\n|t:|1699812393\n|switch|p2a: Rock Eevee|Stonjourner, L50, M, shiny|100\/100\n|turn|6\n|\n|t:|1699812405\n|move|p1a: AAAAAAAA|Protect|p1a: AAAAAAAA\n|-singleturn|p1a: AAAAAAAA|Protect\n|move|p2a: Rock Eevee|Rock Slide|p1a: AAAAAAAA|[spread] \n|-activate|p1a: AAAAAAAA|move: Protect\n|-miss|p2a: Rock Eevee|p1b: brann\n|move|p2b: Promare|Facade|p1a: AAAAAAAA\n|-activate|p1a: AAAAAAAA|move: Protect\n|move|p1b: brann|Reflect|p1b: brann\n|-sidestart|p1: Effelon|Reflect\n|\n|-damage|p2b: Promare|17\/100 tox|[from] psn\n|upkeep\n|turn|7\n|\n|t:|1699812426\n|move|p2a: Rock Eevee|Wide Guard|p2a: Rock Eevee\n|-singleturn|p2a: Rock Eevee|Wide Guard\n|move|p2b: Promare|Flare Blitz|p1b: brann\n|-supereffective|p1b: brann\n|-damage|p1b: brann|42\/100\n|-enditem|p1b: brann|Sitrus Berry|[eat]\n|-heal|p1b: brann|67\/100|[from] item: Sitrus Berry\n|-damage|p2b: Promare|0 fnt|[from] Recoil\n|faint|p2b: Promare\n|move|p1a: AAAAAAAA|Hyper Voice|p2a: Rock Eevee\n|-activate|p2a: Rock Eevee|move: Wide Guard\n|move|p1b: brann|Psychic|p2a: Rock Eevee\n|-damage|p2a: Rock Eevee|29\/100\n|\n|upkeep\n|turn|8\n|\n|t:|1699812443\n|move|p2a: Rock Eevee|Rock Slide|p1a: AAAAAAAA|[spread] p1a\n|-miss|p2a: Rock Eevee|p1b: brann\n|-supereffective|p1a: AAAAAAAA\n|-damage|p1a: AAAAAAAA|0 fnt\n|faint|p1a: AAAAAAAA\n|move|p1b: brann|Psychic|p2a: Rock Eevee\n|-damage|p2a: Rock Eevee|0 fnt\n|faint|p2a: Rock Eevee\n|\n|win|Effelon\n|c|\u2606Effelon|ggs\n|c|\u2606justPiplup|\u0433\u0433\n","uploadtime":1699812452,"views":13,"p1id":"effelon","p2id":"justpiplup","formatid":"gen9vgc2023regulatione","rating":0,"private":0,"password":""}