{"id":"gen9vgc2023regulatione-1990927858","p1":"j1m13o","p2":"Drpokex","format":"[Gen 9] VGC 2023 Regulation E","log":"|j|\u2606j1m13o\n|j|\u2606Drpokex\n|t:|1700016118\n|gametype|doubles\n|player|p1|j1m13o|102|1167\n|player|p2|Drpokex|169|1072\n|teamsize|p1|6\n|teamsize|p2|6\n|gen|9\n|tier|[Gen 9] VGC 2023 Regulation E\n|rated|\n|rule|Species Clause: Limit one of each Pok\u00e9mon\n|rule|Item Clause: Limit one of each item\n|clearpoke\n|poke|p1|Ursaluna-Bloodmoon, L50, M|\n|poke|p1|Glastrier, L50|\n|poke|p1|Dusclops, L50, F|\n|poke|p1|Clefable, L50, F|\n|poke|p1|Golem-Alola, L50, M|\n|poke|p1|Lucario, L50, F|\n|poke|p2|Oranguru, L50, F|\n|poke|p2|Amoonguss, L50, M|\n|poke|p2|Bellibolt, L50, M|\n|poke|p2|Sneasler, L50, F|\n|poke|p2|Indeedee-F, L50, F|\n|poke|p2|Azelf, L50|\n|teampreview|4\n|\n|t:|1700016137\n|start\n|switch|p1a: Mr. Hands|Dusclops, L50, F|100\/100\n|switch|p1b: Clefable|Clefable, L50, F|100\/100\n|switch|p2a: Sneasler|Sneasler, L50, F|100\/100\n|switch|p2b: Indeedee|Indeedee-F, L50, F|100\/100\n|-fieldstart|move: Psychic Terrain|[from] ability: Psychic Surge|[of] p2b: Indeedee\n|-enditem|p2a: Sneasler|Psychic Seed\n|-boost|p2a: Sneasler|spd|1|[from] item: Psychic Seed\n|-item|p2b: Indeedee|Eject Button|[from] ability: Frisk|[of] p1a: Mr. Hands|[identify]\n|turn|1\n|inactive|Battle timer is ON: inactive players will automatically lose when time's up. (requested by Drpokex)\n|\n|t:|1700016155\n|move|p2b: Indeedee|Follow Me|p2b: Indeedee\n|-singleturn|p2b: Indeedee|move: Follow Me\n|move|p1b: Clefable|Follow Me|p1b: Clefable\n|-singleturn|p1b: Clefable|move: Follow Me\n|move|p2a: Sneasler|Dire Claw|p1b: Clefable\n|-supereffective|p1b: Clefable\n|-damage|p1b: Clefable|7\/100\n|-status|p1b: Clefable|par\n|-enditem|p1b: Clefable|Eject Button\n|\n|t:|1700016162\n|switch|p1b: Ursaluna|Ursaluna-Bloodmoon, L50, M|100\/100\n|move|p1a: Mr. Hands|Trick Room|p1a: Mr. Hands\n|-fieldstart|move: Trick Room|[of] p1a: Mr. Hands\n|\n|upkeep\n|turn|2\n|\n|t:|1700016180\n|-terastallize|p1b: Ursaluna|Normal\n|move|p1a: Mr. Hands|Helping Hand|p1b: Ursaluna\n|-singleturn|p1b: Ursaluna|Helping Hand|[of] p1a: Mr. Hands\n|move|p2b: Indeedee|Follow Me|p2b: Indeedee\n|-singleturn|p2b: Indeedee|move: Follow Me\n|move|p1b: Ursaluna|Hyper Voice|p2a: Sneasler|[spread] p2a,p2b\n|-enditem|p1b: Ursaluna|Normal Gem|[from] gem\n|-crit|p2b: Indeedee\n|-damage|p2a: Sneasler|8\/100\n|-damage|p2b: Indeedee|0 fnt\n|faint|p2b: Indeedee\n|move|p2a: Sneasler|Brick Break|p1b: Ursaluna\n|-supereffective|p1b: Ursaluna\n|-crit|p1b: Ursaluna\n|-damage|p1b: Ursaluna|10\/100\n|\n|upkeep\n|\n|t:|1700016195\n|switch|p2b: Amoonguss|Amoonguss, L50, M|100\/100\n|turn|3\n|\n|t:|1700016210\n|move|p1a: Mr. Hands|Helping Hand|p1b: Ursaluna\n|-singleturn|p1b: Ursaluna|Helping Hand|[of] p1a: Mr. Hands\n|move|p2b: Amoonguss|Spore|p1b: Ursaluna\n|-status|p1b: Ursaluna|slp|[from] move: Spore\n|cant|p1b: Ursaluna|slp\n|move|p2a: Sneasler|Dire Claw|p1a: Mr. Hands\n|-resisted|p1a: Mr. Hands\n|-damage|p1a: Mr. Hands|84\/100\n|-status|p1a: Mr. Hands|par\n|\n|upkeep\n|turn|4\n|inactive|Drpokex has 30 seconds left.\n|inactive|Drpokex has 20 seconds left.\n|\n|t:|1700016247\n|switch|p2a: Azelf|Azelf, L50|100\/100\n|cant|p1a: Mr. Hands|par\n|move|p2b: Amoonguss|Sludge Bomb|p1b: Ursaluna\n|-damage|p1b: Ursaluna|0 fnt\n|faint|p1b: Ursaluna\n|\n|upkeep\n|\n|t:|1700016257\n|switch|p1b: Glastrier|Glastrier, L50|100\/100\n|turn|5\n|\n|t:|1700016278\n|move|p1a: Mr. Hands|Helping Hand|p1b: Glastrier\n|-singleturn|p1b: Glastrier|Helping Hand|[of] p1a: Mr. Hands\n|move|p2b: Amoonguss|Rage Powder|p2b: Amoonguss\n|-singleturn|p2b: Amoonguss|move: Rage Powder\n|move|p1b: Glastrier|Icicle Crash|p2b: Amoonguss\n|-supereffective|p2b: Amoonguss\n|-damage|p2b: Amoonguss|0 fnt\n|faint|p2b: Amoonguss\n|-ability|p1b: Glastrier|Chilling Neigh|boost\n|-boost|p1b: Glastrier|atk|1\n|move|p2a: Azelf|Expanding Force|p1b: Glastrier\n|-damage|p1b: Glastrier|74\/100\n|-damage|p2a: Azelf|90\/100|[from] item: Life Orb\n|\n|-fieldend|move: Trick Room\n|-fieldend|move: Psychic Terrain\n|upkeep\n|\n|t:|1700016294\n|switch|p2b: Sneasler|Sneasler, L50, F|8\/100\n|turn|6\n|\n|t:|1700016311\n|move|p2a: Azelf|Nasty Plot|p2a: Azelf\n|-boost|p2a: Azelf|spa|2\n|move|p2b: Sneasler|Brick Break|p1b: Glastrier\n|-supereffective|p1b: Glastrier\n|-damage|p1b: Glastrier|18\/100\n|move|p1b: Glastrier|Heavy Slam|p2b: Sneasler\n|-damage|p2b: Sneasler|0 fnt\n|faint|p2b: Sneasler\n|-ability|p1b: Glastrier|Chilling Neigh|boost\n|-boost|p1b: Glastrier|atk|1\n|move|p1a: Mr. Hands|Trick Room|p1a: Mr. Hands\n|-fieldstart|move: Trick Room|[of] p1a: Mr. Hands\n|\n|upkeep\n|turn|7\n|\n|t:|1700016329\n|move|p1a: Mr. Hands|Helping Hand|p1b: Glastrier\n|-singleturn|p1b: Glastrier|Helping Hand|[of] p1a: Mr. Hands\n|move|p1b: Glastrier|Icicle Crash|p2a: Azelf\n|-damage|p2a: Azelf|0 fnt\n|faint|p2a: Azelf\n|\n|win|j1m13o\n|raw|j1m13o's rating: 1167 &rarr; <strong>1185<\/strong><br \/>(+18 for winning)\n|raw|Drpokex's rating: 1072 &rarr; <strong>1057<\/strong><br \/>(-15 for losing)\n|l|\u2606Drpokex\n|c|\u2606j1m13o|lol\n","uploadtime":1700016342,"views":23,"p1id":"j1m13o","p2id":"drpokex","formatid":"gen9vgc2023regulatione","rating":1057,"private":0,"password":""}