{"id":"gen9vgc2023regulatione-1990181690","p1":"GMTomahawk","p2":"leafyarrow","format":"[Gen 9] VGC 2023 Regulation E","log":"|j|\u2606GMTomahawk\n|j|\u2606leafyarrow\n|t:|1699933880\n|gametype|doubles\n|player|p1|GMTomahawk|linebacker|1346\n|player|p2|leafyarrow|leaf-masters|1278\n|teamsize|p1|6\n|teamsize|p2|6\n|gen|9\n|tier|[Gen 9] VGC 2023 Regulation E\n|rated|\n|rule|Species Clause: Limit one of each Pok\u00e9mon\n|rule|Item Clause: Limit one of each item\n|clearpoke\n|poke|p1|Urshifu-*, L50, F|\n|poke|p1|Flutter Mane, L50|\n|poke|p1|Rillaboom, L50, M|\n|poke|p1|Landorus-Therian, L50, M|\n|poke|p1|Iron Hands, L50|\n|poke|p1|Chi-Yu, L50|\n|poke|p2|Enamorus-Therian, L50, F|\n|poke|p2|Ursaluna, L50, F|\n|poke|p2|Indeedee-F, L50, F|\n|poke|p2|Armarouge, L50, M|\n|poke|p2|Ogerpon-Cornerstone, L50, F|\n|poke|p2|Iron Hands, L50|\n|teampreview|4\n|inactive|Battle timer is ON: inactive players will automatically lose when time's up. (requested by GMTomahawk)\nleafyarrow has agreed to open team sheets.\n|\n|t:|1699933908\n|start\n|switch|p1a: Chi-Yu|Chi-Yu, L50|100\/100\n|switch|p1b: Landorus|Landorus-Therian, L50, M|100\/100\n|switch|p2a: Indeedee|Indeedee-F, L50, F|100\/100\n|switch|p2b: Armarouge|Armarouge, L50, M|100\/100\n|-ability|p1b: Landorus|Intimidate|boost\n|-unboost|p2a: Indeedee|atk|1\n|-unboost|p2b: Armarouge|atk|1\n|-ability|p1a: Chi-Yu|Beads of Ruin\n|-fieldstart|move: Psychic Terrain|[from] ability: Psychic Surge|[of] p2a: Indeedee\n|-enditem|p2a: Indeedee|Psychic Seed\n|-boost|p2a: Indeedee|spd|1|[from] item: Psychic Seed\n|turn|1\n|\n|t:|1699933927\n|switch|p1b: Rillaboom|Rillaboom, L50, M, shiny|100\/100\n|-fieldstart|move: Grassy Terrain|[from] ability: Grassy Surge|[of] p1b: Rillaboom\n|-enditem|p1b: Rillaboom|Grassy Seed\n|-boost|p1b: Rillaboom|def|1|[from] item: Grassy Seed\n|move|p2a: Indeedee|Follow Me|p2a: Indeedee\n|-singleturn|p2a: Indeedee|move: Follow Me\n|move|p1a: Chi-Yu|Dark Pulse|p2a: Indeedee\n|-supereffective|p2a: Indeedee\n|-damage|p2a: Indeedee|0 fnt\n|faint|p2a: Indeedee\n|move|p2b: Armarouge|Trick Room|p2b: Armarouge\n|-fieldstart|move: Trick Room|[of] p2b: Armarouge\n|\n|upkeep\n|\n|t:|1699933940\n|switch|p2a: Ursaluna|Ursaluna, L50, F|100\/100\n|turn|2\n|inactive|GMTomahawk has 30 seconds left.\n|\n|t:|1699933967\n|switch|p2b: Enamorus|Enamorus-Therian, L50, F|100\/100\n|move|p2a: Ursaluna|Protect|p2a: Ursaluna\n|-singleturn|p2a: Ursaluna|Protect\n|move|p1b: Rillaboom|Fake Out|p2b: Enamorus\n|-damage|p2b: Enamorus|88\/100\n|move|p1a: Chi-Yu|Dark Pulse|p2b: Enamorus\n|-resisted|p2b: Enamorus\n|-damage|p2b: Enamorus|49\/100\n|\n|-status|p2a: Ursaluna|brn|[from] item: Flame Orb\n|upkeep\n|turn|3\n|inactive|GMTomahawk has 30 seconds left.\n|inactive|leafyarrow has 30 seconds left.\n|inactive|GMTomahawk has 20 seconds left.\n|inactive|GMTomahawk has 15 seconds left.\n|\n|t:|1699934007\n|-terastallize|p2a: Ursaluna|Ghost\n|-terastallize|p1b: Rillaboom|Fire\n|move|p2b: Enamorus|Moonblast|p1b: Rillaboom\n|-resisted|p1b: Rillaboom\n|-damage|p1b: Rillaboom|48\/100\n|move|p2a: Ursaluna|Headlong Rush|p1a: Chi-Yu\n|-supereffective|p1a: Chi-Yu\n|-damage|p1a: Chi-Yu|0 fnt\n|-unboost|p2a: Ursaluna|def|1\n|-unboost|p2a: Ursaluna|spd|1\n|faint|p1a: Chi-Yu\n|move|p1b: Rillaboom|Wood Hammer|p2a: Ursaluna\n|-damage|p2a: Ursaluna|9\/100 brn\n|-damage|p1b: Rillaboom|14\/100|[from] Recoil\n|\n|-heal|p2a: Ursaluna|15\/100 brn|[from] Grassy Terrain\n|-heal|p1b: Rillaboom|20\/100|[from] Grassy Terrain\n|-damage|p2a: Ursaluna|9\/100 brn|[from] brn\n|upkeep\n|\n|t:|1699934024\n|switch|p1a: Iron Hands|Iron Hands, L50, shiny|100\/100\n|turn|4\n|\n|t:|1699934047\n|move|p1b: Rillaboom|Grassy Glide|p2a: Ursaluna\n|-damage|p2a: Ursaluna|0 fnt\n|faint|p2a: Ursaluna\n|move|p2b: Enamorus|Moonblast|p1a: Iron Hands\n|-supereffective|p1a: Iron Hands\n|-damage|p1a: Iron Hands|17\/100\n|move|p1a: Iron Hands|Heavy Slam|p2b: Enamorus\n|-supereffective|p2b: Enamorus\n|-damage|p2b: Enamorus|0 fnt\n|faint|p2b: Enamorus\n|\n|-heal|p1a: Iron Hands|23\/100|[from] Grassy Terrain\n|-heal|p1b: Rillaboom|26\/100|[from] Grassy Terrain\n|upkeep\n|\n|t:|1699934060\n|switch|p2b: Armarouge|Armarouge, L50, M|100\/100\n|turn|5\n|\n|t:|1699934082\n|move|p1a: Iron Hands|Heavy Slam|p2b: Armarouge\n|-resisted|p2b: Armarouge\n|-damage|p2b: Armarouge|80\/100\n|move|p2b: Armarouge|Expanding Force|p1a: Iron Hands\n|-supereffective|p1a: Iron Hands\n|-damage|p1a: Iron Hands|0 fnt\n|faint|p1a: Iron Hands\n|-end|p1a: Iron Hands|Quark Drive|[silent]\n|-damage|p2b: Armarouge|71\/100|[from] item: Life Orb\n|move|p1b: Rillaboom|Knock Off|p2b: Armarouge\n|-supereffective|p2b: Armarouge\n|-damage|p2b: Armarouge|8\/100\n|-enditem|p2b: Armarouge|Life Orb|[from] move: Knock Off|[of] p1b: Rillaboom\n|\n|-heal|p2b: Armarouge|14\/100|[from] Grassy Terrain\n|-heal|p1b: Rillaboom|31\/100|[from] Grassy Terrain\n|-fieldend|move: Trick Room\n|-fieldend|move: Grassy Terrain\n|upkeep\n|\n|t:|1699934094\n|switch|p1a: Landorus|Landorus-Therian, L50, M|100\/100\n|-ability|p1a: Landorus|Intimidate|boost\n|-unboost|p2b: Armarouge|atk|1\n|turn|6\n|-message|leafyarrow forfeited.\n|\n|win|GMTomahawk\n|raw|GMTomahawk's rating: 1346 &rarr; <strong>1362<\/strong><br \/>(+16 for winning)\n|raw|leafyarrow's rating: 1278 &rarr; <strong>1258<\/strong><br \/>(-20 for losing)\n","uploadtime":1699934100,"views":37,"p1id":"gmtomahawk","p2id":"leafyarrow","formatid":"gen9vgc2023regulatione","rating":1258,"private":0,"password":""}