{"id":"gen9vgc2023regulatione-1994720644","p1":"Oscarbolt","p2":"BlindMagneton","format":"[Gen 9] VGC 2023 Regulation E","log":"|j|\u2606Oscarbolt\n|j|\u2606BlindMagneton\n|t:|1700485541\n|gametype|doubles\n|player|p1|Oscarbolt|red|1566\n|player|p2|BlindMagneton|wattson|1489\n|teamsize|p1|6\n|teamsize|p2|6\n|gen|9\n|tier|[Gen 9] VGC 2023 Regulation E\n|rated|\n|rule|Species Clause: Limit one of each Pok\u00e9mon\n|rule|Item Clause: Limit one of each item\n|clearpoke\n|poke|p1|Shiftry, L50, F|\n|poke|p1|Flutter Mane, L50|\n|poke|p1|Dragonite, L50, M|\n|poke|p1|Gastrodon-East, L50, M|\n|poke|p1|Sylveon, L50, M|\n|poke|p1|Arcanine-Hisui, L50, M|\n|poke|p2|Mandibuzz, L50, F|\n|poke|p2|Abomasnow, L50, M|\n|poke|p2|Roaring Moon, L50|\n|poke|p2|Brambleghast, L50, M|\n|poke|p2|Garganacl, L50, M|\n|poke|p2|Chien-Pao, L50|\n|teampreview|4\n|\n|t:|1700485629\n|start\n|switch|p1a: Arcanine|Arcanine-Hisui, L50, M|100\/100\n|switch|p1b: Shiftry|Shiftry, L50, F|100\/100\n|switch|p2a: Roaring Moon|Roaring Moon, L50|100\/100\n|switch|p2b: Brambleghast|Brambleghast, L50, M|100\/100\n|-ability|p1a: Arcanine|Intimidate|boost\n|-unboost|p2a: Roaring Moon|atk|1\n|-unboost|p2b: Brambleghast|atk|1\n|-enditem|p2a: Roaring Moon|Booster Energy\n|-activate|p2a: Roaring Moon|ability: Protosynthesis|[fromitem]\n|-start|p2a: Roaring Moon|protosynthesisspe\n|turn|1\n|inactive|Battle timer is ON: inactive players will automatically lose when time's up. (requested by Oscarbolt)\n|\n|t:|1700485648\n|move|p2b: Brambleghast|Protect|p2b: Brambleghast\n|-singleturn|p2b: Brambleghast|Protect\n|move|p2a: Roaring Moon|Breaking Swipe|p1a: Arcanine|[spread] p1a,p1b\n|-damage|p1a: Arcanine|80\/100\n|-damage|p1b: Shiftry|77\/100\n|-unboost|p1a: Arcanine|atk|1\n|-unboost|p1b: Shiftry|atk|1\n|move|p1a: Arcanine|Rock Slide|p2a: Roaring Moon|[spread] \n|-activate|p2b: Brambleghast|move: Protect\n|-miss|p1a: Arcanine|p2a: Roaring Moon\n|move|p1b: Shiftry|Tailwind|p1b: Shiftry\n|-sidestart|p1: Oscarbolt|move: Tailwind\n|-ability|p1b: Shiftry|Wind Rider|boost\n|-boost|p1b: Shiftry|atk|1\n|\n|upkeep\n|turn|2\n|inactive|BlindMagneton has 30 seconds left.\n|inactive|BlindMagneton has 20 seconds left.\n|\n|t:|1700485687\n|move|p2a: Roaring Moon|Protect|p2a: Roaring Moon\n|-singleturn|p2a: Roaring Moon|Protect\n|move|p1b: Shiftry|Sucker Punch||[still]\n|-fail|p1b: Shiftry\n|move|p1a: Arcanine|Rock Slide|p2a: Roaring Moon|[spread] p2b\n|-activate|p2a: Roaring Moon|move: Protect\n|-damage|p2b: Brambleghast|73\/100\n|cant|p2b: Brambleghast|flinch\n|\n|upkeep\n|turn|3\n|\n|t:|1700485707\n|switch|p1b: Sylveon|Sylveon, L50, M|100\/100\n|move|p2b: Brambleghast|Protect|p2b: Brambleghast\n|-singleturn|p2b: Brambleghast|Protect\n|move|p1a: Arcanine|Rock Slide|p2b: Brambleghast|[spread] p2a\n|-activate|p2b: Brambleghast|move: Protect\n|-damage|p2a: Roaring Moon|66\/100\n|move|p2a: Roaring Moon|Breaking Swipe|p1a: Arcanine|[spread] p1a\n|-immune|p1b: Sylveon\n|-damage|p1a: Arcanine|60\/100\n|-unboost|p1a: Arcanine|atk|1\n|\n|upkeep\n|turn|4\n|inactive|Oscarbolt has 30 seconds left.\n|inactive|BlindMagneton has 30 seconds left.\n|inactive|BlindMagneton has 20 seconds left.\n|inactive|BlindMagneton has 15 seconds left.\n|inactive|BlindMagneton has 10 seconds left.\n|inactive|BlindMagneton has 5 seconds left.\n|\n|t:|1700485760\n|switch|p1a: Shiftry|Shiftry, L50, F|77\/100\n|-ability|p1a: Shiftry|Wind Rider|boost\n|-boost|p1a: Shiftry|atk|1\n|-terastallize|p2a: Roaring Moon|Poison\n|move|p2a: Roaring Moon|Tailwind|p2a: Roaring Moon\n|-sidestart|p2: BlindMagneton|move: Tailwind\n|-ability|p2b: Brambleghast|Wind Rider|boost\n|-boost|p2b: Brambleghast|atk|1\n|move|p2b: Brambleghast|Power Whip|p1b: Sylveon\n|-damage|p1b: Sylveon|41\/100\n|-enditem|p1b: Sylveon|Sitrus Berry|[eat]\n|-heal|p1b: Sylveon|65\/100|[from] item: Sitrus Berry\n|move|p1b: Sylveon|Moonblast|p2b: Brambleghast\n|-damage|p2b: Brambleghast|18\/100\n|\n|-sideend|p1: Oscarbolt|move: Tailwind\n|upkeep\n|turn|5\n|inactive|Oscarbolt has 30 seconds left.\n|inactive|BlindMagneton has 30 seconds left.\n|\n|t:|1700485790\n|move|p1b: Sylveon|Protect|p1b: Sylveon\n|-singleturn|p1b: Sylveon|Protect\n|move|p2a: Roaring Moon|Breaking Swipe|p1a: Shiftry|[spread] p1a\n|-activate|p1b: Sylveon|move: Protect\n|-damage|p1a: Shiftry|50\/100\n|-unboost|p1a: Shiftry|atk|1\n|move|p2b: Brambleghast|Strength Sap|p1a: Shiftry\n|-unboost|p1a: Shiftry|atk|1\n|-heal|p2b: Brambleghast|100\/100\n|move|p1a: Shiftry|Tailwind|p1a: Shiftry\n|-sidestart|p1: Oscarbolt|move: Tailwind\n|-ability|p1a: Shiftry|Wind Rider|boost\n|-boost|p1a: Shiftry|atk|1\n|\n|upkeep\n|turn|6\n|inactive|BlindMagneton has 30 seconds left.\n|\n|t:|1700485827\n|switch|p1b: Arcanine|Arcanine-Hisui, L50, M|60\/100\n|-ability|p1b: Arcanine|Intimidate|boost\n|-unboost|p2a: Roaring Moon|atk|1\n|-unboost|p2b: Brambleghast|atk|1\n|move|p1a: Shiftry|Sucker Punch|p2a: Roaring Moon\n|-damage|p2a: Roaring Moon|24\/100\n|move|p2a: Roaring Moon|Jaw Lock|p1b: Arcanine\n|-damage|p1b: Arcanine|35\/100\n|-activate|p2a: Roaring Moon|trapped\n|-activate|p1b: Arcanine|trapped\n|move|p2b: Brambleghast|Power Whip|p1b: Arcanine\n|-damage|p1b: Arcanine|0 fnt\n|faint|p1b: Arcanine\n|\n|upkeep\n|\n|t:|1700485841\n|switch|p1b: Flutter Mane|Flutter Mane, L50|100\/100\n|turn|7\n|inactive|Oscarbolt has 30 seconds left.\n|inactive|BlindMagneton has 30 seconds left.\n|\n|t:|1700485878\n|move|p2a: Roaring Moon|Protect|p2a: Roaring Moon\n|-singleturn|p2a: Roaring Moon|Protect\n|move|p1a: Shiftry|Sucker Punch||[still]\n|-fail|p1a: Shiftry\n|move|p2b: Brambleghast|Shadow Sneak|p1b: Flutter Mane\n|-supereffective|p1b: Flutter Mane\n|-damage|p1b: Flutter Mane|48\/100\n|move|p1b: Flutter Mane|Shadow Ball|p2b: Brambleghast\n|-supereffective|p2b: Brambleghast\n|-damage|p2b: Brambleghast|0 fnt\n|faint|p2b: Brambleghast\n|\n|-sideend|p2: BlindMagneton|move: Tailwind\n|upkeep\n|\n|t:|1700485892\n|switch|p2b: Abomasnow|Abomasnow, L50, M|100\/100\n|-weather|Snow|[from] ability: Snow Warning|[of] p2b: Abomasnow\n|turn|8\n|inactive|BlindMagneton has 30 seconds left.\n|inactive|BlindMagneton has 20 seconds left.\n|inactive|BlindMagneton has 15 seconds left.\n|inactive|Oscarbolt has 30 seconds left.\n|inactive|BlindMagneton has 10 seconds left.\n|\n|t:|1700485945\n|switch|p1a: Sylveon|Sylveon, L50, M|65\/100\n|move|p2b: Abomasnow|Protect|p2b: Abomasnow\n|-singleturn|p2b: Abomasnow|Protect\n|move|p1b: Flutter Mane|Shadow Ball|p2a: Roaring Moon\n|-damage|p2a: Roaring Moon|0 fnt\n|faint|p2a: Roaring Moon\n|-end|p2a: Roaring Moon|Protosynthesis|[silent]\n|\n|-weather|Snow|[upkeep]\n|-sideend|p1: Oscarbolt|move: Tailwind\n|upkeep\n|\n|t:|1700485952\n|switch|p2a: Mandibuzz|Mandibuzz, L50, F|100\/100\n|turn|9\n|\n|t:|1700485974\n|move|p2b: Abomasnow|Ice Shard|p2a: Mandibuzz\n|-supereffective|p2a: Mandibuzz\n|-damage|p2a: Mandibuzz|77\/100\n|-ability|p2a: Mandibuzz|Weak Armor|boost\n|-unboost|p2a: Mandibuzz|def|1\n|-boost|p2a: Mandibuzz|spe|2\n|-enditem|p2a: Mandibuzz|Weakness Policy\n|-boost|p2a: Mandibuzz|atk|2|[from] item: Weakness Policy\n|-boost|p2a: Mandibuzz|spa|2|[from] item: Weakness Policy\n|move|p2a: Mandibuzz|Acrobatics|p1a: Sylveon\n|-damage|p1a: Sylveon|0 fnt\n|faint|p1a: Sylveon\n|move|p1b: Flutter Mane|Shadow Ball|p2b: Abomasnow\n|-damage|p2b: Abomasnow|16\/100\n|-unboost|p2b: Abomasnow|spd|1\n|\n|-weather|Snow|[upkeep]\n|upkeep\n|\n|t:|1700485983\n|switch|p1a: Shiftry|Shiftry, L50, F|50\/100\n|turn|10\n|\n|t:|1700485998\n|move|p1a: Shiftry|Fake Out|p2a: Mandibuzz\n|-damage|p2a: Mandibuzz|61\/100\n|-ability|p2a: Mandibuzz|Weak Armor|boost\n|-unboost|p2a: Mandibuzz|def|1\n|-boost|p2a: Mandibuzz|spe|2\n|move|p2b: Abomasnow|Ice Shard|p1a: Shiftry\n|-supereffective|p1a: Shiftry\n|-crit|p1a: Shiftry\n|-damage|p1a: Shiftry|0 fnt\n|faint|p1a: Shiftry\n|cant|p2a: Mandibuzz|flinch\n|move|p1b: Flutter Mane|Shadow Ball|p2b: Abomasnow\n|-damage|p2b: Abomasnow|0 fnt\n|faint|p2b: Abomasnow\n|\n|-weather|Snow|[upkeep]\n|upkeep\n|turn|11\n|\n|t:|1700486007\n|move|p2a: Mandibuzz|Acrobatics|p1b: Flutter Mane\n|-damage|p1b: Flutter Mane|0 fnt\n|faint|p1b: Flutter Mane\n|-end|p1b: Flutter Mane|Protosynthesis|[silent]\n|\n|win|BlindMagneton\n|raw|Oscarbolt's rating: 1566 &rarr; <strong>1542<\/strong><br \/>(-24 for losing)\n|raw|BlindMagneton's rating: 1489 &rarr; <strong>1513<\/strong><br \/>(+24 for winning)\n|l|\u2606Oscarbolt\n","uploadtime":1700486015,"views":4,"p1id":"oscarbolt","p2id":"blindmagneton","formatid":"gen9vgc2023regulatione","rating":1513,"private":0,"password":""}