{"id":"gen9vgc2023regulatione-1998516932","p1":"haamgamer07","p2":"UnCalissDeQc","format":"[Gen 9] VGC 2023 Regulation E","log":"|j|\u2606haamgamer07\n|j|\u2606UnCalissDeQc\n|t:|1700951277\n|gametype|doubles\n|player|p1|haamgamer07|265|1311\n|player|p2|UnCalissDeQc|266|1261\n|teamsize|p1|6\n|teamsize|p2|6\n|gen|9\n|tier|[Gen 9] VGC 2023 Regulation E\n|rated|\n|rule|Species Clause: Limit one of each Pok\u00e9mon\n|rule|Item Clause: Limit one of each item\n|clearpoke\n|poke|p1|Flutter Mane, L50|\n|poke|p1|Iron Hands, L50|\n|poke|p1|Ogerpon-Hearthflame, L50, F|\n|poke|p1|Cresselia, L50, F|\n|poke|p1|Ursaluna, L50, F|\n|poke|p1|Empoleon, L50, M|\n|poke|p2|Ogerpon, L50, F|\n|poke|p2|Farigiraf, L50, M|\n|poke|p2|Empoleon, L50, F|\n|poke|p2|Sneasler, L50, F|\n|poke|p2|Torkoal, L50, M|\n|poke|p2|Lilligant-Hisui, L50, F|\n|teampreview|4\n|inactive|Battle timer is ON: inactive players will automatically lose when time's up. (requested by haamgamer07)\n|\n|t:|1700951317\n|start\n|switch|p1a: Iron Hands|Iron Hands, L50|100\/100\n|switch|p1b: Flutter Mane|Flutter Mane, L50|100\/100\n|switch|p2a: Empoleon|Empoleon, L50, F|100\/100\n|switch|p2b: Sneasler|Sneasler, L50, F|100\/100\n|turn|1\n|inactive|haamgamer07 has 30 seconds left.\n|\n|t:|1700951345\n|move|p1b: Flutter Mane|Protect|p1b: Flutter Mane\n|-singleturn|p1b: Flutter Mane|Protect\n|move|p2b: Sneasler|Protect|p2b: Sneasler\n|-singleturn|p2b: Sneasler|Protect\n|move|p2a: Empoleon|Protect|p2a: Empoleon\n|-singleturn|p2a: Empoleon|Protect\n|move|p1a: Iron Hands|Swords Dance|p1a: Iron Hands\n|-boost|p1a: Iron Hands|atk|2\n|\n|upkeep\n|turn|2\n|\n|t:|1700951368\n|-terastallize|p2b: Sneasler|Rock\n|move|p2a: Empoleon|Aqua Jet|p2b: Sneasler\n|-supereffective|p2b: Sneasler\n|-crit|p2b: Sneasler\n|-damage|p2b: Sneasler|51\/100\n|-enditem|p2b: Sneasler|Weakness Policy\n|-boost|p2b: Sneasler|atk|2|[from] item: Weakness Policy\n|-boost|p2b: Sneasler|spa|2|[from] item: Weakness Policy\n|move|p2b: Sneasler|Rock Slide|p1b: Flutter Mane|[spread] p1a\n|-miss|p2b: Sneasler|p1b: Flutter Mane\n|-resisted|p1a: Iron Hands\n|-damage|p1a: Iron Hands|80\/100\n|cant|p1a: Iron Hands|flinch\n|move|p1b: Flutter Mane|Trick Room|p1b: Flutter Mane\n|-fieldstart|move: Trick Room|[of] p1b: Flutter Mane\n|\n|upkeep\n|turn|3\n|inactive|haamgamer07 has 30 seconds left.\n|\n|t:|1700951393\n|-end|p1b: Flutter Mane|Protosynthesis|[silent]\n|switch|p1b: Ursaluna|Ursaluna, L50, F|100\/100\n|move|p2a: Empoleon|Protect|p2a: Empoleon\n|-singleturn|p2a: Empoleon|Protect\n|move|p2b: Sneasler|Protect|p2b: Sneasler\n|-singleturn|p2b: Sneasler|Protect\n|move|p1a: Iron Hands|Drain Punch|p2b: Sneasler\n|-activate|p2b: Sneasler|move: Protect\n|\n|-status|p1b: Ursaluna|brn|[from] item: Flame Orb\n|upkeep\n|turn|4\n|inactive|haamgamer07 has 30 seconds left.\n|inactive|UnCalissDeQc has 30 seconds left.\n|\n|t:|1700951426\n|switch|p1b: Flutter Mane|Flutter Mane, L50|100\/100\n|move|p2a: Empoleon|Aqua Jet|p1b: Flutter Mane\n|-damage|p1b: Flutter Mane|77\/100\n|move|p1a: Iron Hands|Drain Punch|p2b: Sneasler\n|-supereffective|p2b: Sneasler\n|-damage|p2b: Sneasler|0 fnt\n|-heal|p1a: Iron Hands|98\/100|[from] drain|[of] p2b: Sneasler\n|faint|p2b: Sneasler\n|\n|upkeep\n|\n|t:|1700951437\n|switch|p2b: Torkoal|Torkoal, L50, M|100\/100\n|-weather|SunnyDay|[from] ability: Drought|[of] p2b: Torkoal\n|-activate|p1b: Flutter Mane|ability: Protosynthesis\n|-start|p1b: Flutter Mane|protosynthesisspa\n|turn|5\n|\n|t:|1700951460\n|move|p2a: Empoleon|Protect|p2a: Empoleon\n|-singleturn|p2a: Empoleon|Protect\n|move|p1b: Flutter Mane|Protect|p1b: Flutter Mane\n|-singleturn|p1b: Flutter Mane|Protect\n|move|p2b: Torkoal|Eruption|p1a: Iron Hands|[spread] p1a\n|-activate|p1b: Flutter Mane|move: Protect\n|-damage|p1a: Iron Hands|28\/100\n|-enditem|p1a: Iron Hands|Sitrus Berry|[eat]\n|-heal|p1a: Iron Hands|52\/100|[from] item: Sitrus Berry\n|move|p1a: Iron Hands|Drain Punch|p2a: Empoleon\n|-activate|p2a: Empoleon|move: Protect\n|\n|-weather|SunnyDay|[upkeep]\n|upkeep\n|turn|6\n|inactive|haamgamer07 has 30 seconds left.\n|inactive|UnCalissDeQc has 30 seconds left.\n|\n|t:|1700951493\n|move|p2b: Torkoal|Eruption|p1a: Iron Hands|[spread] p1a,p1b\n|-damage|p1a: Iron Hands|0 fnt\n|-damage|p1b: Flutter Mane|0 fnt\n|faint|p1a: Iron Hands\n|-end|p1a: Iron Hands|Quark Drive|[silent]\n|faint|p1b: Flutter Mane\n|-end|p1b: Flutter Mane|Protosynthesis|[silent]\n|move|p2a: Empoleon|Ice Beam|p1: Iron Hands|[notarget]\n|-fail|p2a: Empoleon\n|\n|-weather|SunnyDay|[upkeep]\n|-fieldend|move: Trick Room\n|upkeep\n|\n|t:|1700951505\n|switch|p1b: Ursaluna|Ursaluna, L50, F|100\/100 brn\n|switch|p1a: Ogerpon|Ogerpon-Hearthflame, L50, F|100\/100\n|-ability|p1a: Ogerpon|Mold Breaker\n|turn|7\n|inactive|UnCalissDeQc has 30 seconds left.\n|\n|t:|1700951531\n|move|p1a: Ogerpon|Ivy Cudgel|p2a: Empoleon|[anim] Ivy Cudgel Fire\n|-damage|p2a: Empoleon|10\/100\n|move|p2a: Empoleon|Ice Beam|p1b: Ursaluna\n|-supereffective|p1b: Ursaluna\n|-damage|p1b: Ursaluna|48\/100 brn\n|move|p1b: Ursaluna|Headlong Rush|p2b: Torkoal\n|-supereffective|p2b: Torkoal\n|-damage|p2b: Torkoal|0 fnt\n|-unboost|p1b: Ursaluna|def|1\n|-unboost|p1b: Ursaluna|spd|1\n|faint|p2b: Torkoal\n|\n|-weather|SunnyDay|[upkeep]\n|-damage|p1b: Ursaluna|43\/100 brn|[from] brn\n|upkeep\n|\n|t:|1700951544\n|switch|p2b: Lilligant|Lilligant-Hisui, L50, F|100\/100\n|turn|8\n|\n|t:|1700951564\n|move|p2a: Empoleon|Protect|p2a: Empoleon\n|-singleturn|p2a: Empoleon|Protect\n|move|p1a: Ogerpon|Follow Me|p1a: Ogerpon\n|-singleturn|p1a: Ogerpon|move: Follow Me\n|move|p2b: Lilligant|Solar Blade||[still]\n|-prepare|p2b: Lilligant|Solar Blade\n|-anim|p2b: Lilligant|Solar Blade|p1a: Ogerpon\n|-resisted|p1a: Ogerpon\n|-damage|p1a: Ogerpon|82\/100\n|move|p1b: Ursaluna|Facade|p2b: Lilligant\n|-enditem|p2b: Lilligant|Focus Sash\n|-damage|p2b: Lilligant|1\/100\n|\n|-weather|SunnyDay|[upkeep]\n|-damage|p1b: Ursaluna|37\/100 brn|[from] brn\n|upkeep\n|turn|9\n|inactive|haamgamer07 has 30 seconds left.\n|\n|t:|1700951589\n|move|p1a: Ogerpon|Follow Me|p1a: Ogerpon\n|-singleturn|p1a: Ogerpon|move: Follow Me\n|move|p2b: Lilligant|Close Combat|p1a: Ogerpon\n|-damage|p1a: Ogerpon|15\/100\n|-unboost|p2b: Lilligant|def|1\n|-unboost|p2b: Lilligant|spd|1\n|move|p2a: Empoleon|Ice Beam|p1a: Ogerpon\n|-damage|p1a: Ogerpon|0 fnt\n|faint|p1a: Ogerpon\n|move|p1b: Ursaluna|Facade|p2a: Empoleon\n|-resisted|p2a: Empoleon\n|-damage|p2a: Empoleon|0 fnt\n|faint|p2a: Empoleon\n|\n|-weather|none\n|-damage|p1b: Ursaluna|31\/100 brn|[from] brn\n|upkeep\n|turn|10\n|\n|t:|1700951609\n|-terastallize|p1b: Ursaluna|Ghost\n|move|p2b: Lilligant|Close Combat|p1b: Ursaluna\n|-immune|p1b: Ursaluna\n|move|p1b: Ursaluna|Facade|p2b: Lilligant\n|-damage|p2b: Lilligant|0 fnt\n|faint|p2b: Lilligant\n|\n|win|haamgamer07\n|raw|haamgamer07's rating: 1311 &rarr; <strong>1328<\/strong><br \/>(+17 for winning)\n|raw|UnCalissDeQc's rating: 1261 &rarr; <strong>1240<\/strong><br \/>(-21 for losing)\n|c|\u2606UnCalissDeQc|lol gg\n","uploadtime":1700951619,"views":3,"p1id":"haamgamer07","p2id":"uncalissdeqc","formatid":"gen9vgc2023regulatione","rating":1240,"private":0,"password":""}