{"id":"gen9vgc2023regulatione-1999161436","p1":"Zemigas2004","p2":"RichardTheSlayer","format":"[Gen 9] VGC 2023 Regulation E","log":"|j|\u2606Zemigas2004\n|j|\u2606RichardTheSlayer\n|t:|1701039937\n|gametype|doubles\n|player|p1|Zemigas2004|ethan|1178\n|player|p2|RichardTheSlayer|1|1180\n|teamsize|p1|6\n|teamsize|p2|6\n|gen|9\n|tier|[Gen 9] VGC 2023 Regulation E\n|rated|\n|rule|Species Clause: Limit one of each Pok\u00e9mon\n|rule|Item Clause: Limit one of each item\n|clearpoke\n|poke|p1|Thundurus, L50, M|\n|poke|p1|Amoonguss, L50, F|\n|poke|p1|Volcarona, L50, F|\n|poke|p1|Enamorus, L50, F|\n|poke|p1|Garchomp, L50, F|\n|poke|p1|Chien-Pao, L50|\n|poke|p2|Chi-Yu, L50|\n|poke|p2|Iron Hands, L50|\n|poke|p2|Roaring Moon, L50|\n|poke|p2|Torkoal, L50, F|\n|poke|p2|Farigiraf, L50, F|\n|poke|p2|Flutter Mane, L50|\n|teampreview|4\n|inactive|Battle timer is ON: inactive players will automatically lose when time's up. (requested by Zemigas2004)\n|\n|t:|1701039962\n|start\n|switch|p1a: Thundurus|Thundurus, L50, M|100\/100\n|switch|p1b: Garchomp|Garchomp, L50, F|100\/100\n|switch|p2a: Roaring Moon|Roaring Moon, L50|100\/100\n|switch|p2b: Flutter Mane|Flutter Mane, L50|100\/100\n|turn|1\n|\n|t:|1701039985\n|-terastallize|p2a: Roaring Moon|Ghost\n|move|p1b: Garchomp|Protect|p1b: Garchomp\n|-singleturn|p1b: Garchomp|Protect\n|move|p1a: Thundurus|Eerie Impulse|p2b: Flutter Mane\n|-unboost|p2b: Flutter Mane|spa|2\n|move|p2b: Flutter Mane|Dazzling Gleam|p1b: Garchomp|[spread] p1a\n|-activate|p1b: Garchomp|move: Protect\n|-damage|p1a: Thundurus|72\/100\n|move|p2a: Roaring Moon|Tailwind|p2a: Roaring Moon\n|-sidestart|p2: RichardTheSlayer|move: Tailwind\n|\n|upkeep\n|turn|2\n|\n|t:|1701040008\n|-end|p2b: Flutter Mane|Protosynthesis|[silent]\n|switch|p2b: Iron Hands|Iron Hands, L50|100\/100\n|-terastallize|p1b: Garchomp|Steel\n|move|p1a: Thundurus|Scary Face|p2b: Iron Hands\n|-unboost|p2b: Iron Hands|spe|2\n|move|p2a: Roaring Moon|Knock Off|p1a: Thundurus\n|-damage|p1a: Thundurus|9\/100\n|-enditem|p1a: Thundurus|Covert Cloak|[from] move: Knock Off|[of] p2a: Roaring Moon\n|move|p1b: Garchomp|Earthquake|p2a: Roaring Moon|[spread] p2a,p2b\n|-immune|p1a: Thundurus\n|-supereffective|p2b: Iron Hands\n|-damage|p2a: Roaring Moon|52\/100\n|-damage|p2b: Iron Hands|54\/100\n|\n|upkeep\n|turn|3\n|\n|t:|1701040027\n|move|p1b: Garchomp|Protect|p1b: Garchomp\n|-singleturn|p1b: Garchomp|Protect\n|move|p2b: Iron Hands|Fake Out|p1a: Thundurus\n|-damage|p1a: Thundurus|0 fnt\n|faint|p1a: Thundurus\n|move|p2a: Roaring Moon|Stomping Tantrum|p1b: Garchomp\n|-activate|p1b: Garchomp|move: Protect\n|\n|upkeep\n|\n|t:|1701040049\n|switch|p1a: Chien-Pao|Chien-Pao, L50|100\/100\n|-ability|p1a: Chien-Pao|Sword of Ruin\n|turn|4\n|\n|t:|1701040061\n|move|p1a: Chien-Pao|Protect|p1a: Chien-Pao\n|-singleturn|p1a: Chien-Pao|Protect\n|move|p2a: Roaring Moon|Stomping Tantrum|p1b: Garchomp\n|-supereffective|p1b: Garchomp\n|-damage|p1b: Garchomp|39\/100\n|-damage|p2a: Roaring Moon|40\/100|[from] ability: Rough Skin|[of] p1b: Garchomp\n|move|p1b: Garchomp|Earthquake|p2a: Roaring Moon|[spread] p2a,p2b\n|-activate|p1a: Chien-Pao|move: Protect\n|-supereffective|p2b: Iron Hands\n|-damage|p2a: Roaring Moon|0 fnt\n|-damage|p2b: Iron Hands|0 fnt\n|faint|p2a: Roaring Moon\n|-end|p2a: Roaring Moon|Protosynthesis|[silent]\n|faint|p2b: Iron Hands\n|-end|p2b: Iron Hands|Quark Drive|[silent]\n|\n|-sideend|p2: RichardTheSlayer|move: Tailwind\n|upkeep\n|\n|t:|1701040065\n|switch|p2a: Flutter Mane|Flutter Mane, L50|100\/100\n|switch|p2b: Chi-Yu|Chi-Yu, L50|100\/100\n|-ability|p2b: Chi-Yu|Beads of Ruin\n|turn|5\n|inactive|Zemigas2004 has 30 seconds left.\n|inactive|RichardTheSlayer has 30 seconds left.\n|inactive|Zemigas2004 has 20 seconds left.\n|inactive|RichardTheSlayer has 20 seconds left.\n|inactive|RichardTheSlayer has 15 seconds left.\n|\n|t:|1701040106\n|switch|p1b: Volcarona|Volcarona, L50, F|100\/100\n|move|p1a: Chien-Pao|Sacred Sword|p2b: Chi-Yu\n|-supereffective|p2b: Chi-Yu\n|-enditem|p2b: Chi-Yu|Focus Sash\n|-damage|p2b: Chi-Yu|1\/100\n|move|p2a: Flutter Mane|Shadow Ball|p1b: Volcarona\n|-damage|p1b: Volcarona|19\/100\n|-enditem|p1b: Volcarona|Sitrus Berry|[eat]\n|-heal|p1b: Volcarona|44\/100|[from] item: Sitrus Berry\n|move|p2b: Chi-Yu|Heat Wave|p1a: Chien-Pao|[spread] p1a\n|-miss|p2b: Chi-Yu|p1b: Volcarona\n|-supereffective|p1a: Chien-Pao\n|-enditem|p1a: Chien-Pao|Focus Sash\n|-damage|p1a: Chien-Pao|1\/100\n|\n|upkeep\n|turn|6\n|inactive|Zemigas2004 has 30 seconds left.\n|inactive|RichardTheSlayer has 30 seconds left.\n|inactive|RichardTheSlayer has 20 seconds left.\n|inactive|RichardTheSlayer has 15 seconds left.\n|inactive|RichardTheSlayer has 10 seconds left.\n|inactive|RichardTheSlayer has 5 seconds left.\n|\n|t:|1701040161\n|move|p1a: Chien-Pao|Protect|p1a: Chien-Pao\n|-singleturn|p1a: Chien-Pao|Protect\n|move|p2a: Flutter Mane|Shadow Ball|p1b: Volcarona\n|-damage|p1b: Volcarona|0 fnt\n|faint|p1b: Volcarona\n|move|p2b: Chi-Yu|Heat Wave|p1a: Chien-Pao\n|-activate|p1a: Chien-Pao|move: Protect\n|\n|upkeep\n|\n|t:|1701040169\n|switch|p1b: Garchomp|Garchomp, L50, F, tera:Steel|39\/100\n|turn|7\n|inactive|Zemigas2004 has 30 seconds left.\n|inactive|Zemigas2004 has 20 seconds left.\n|inactive|Zemigas2004 has 15 seconds left.\n|inactive|Zemigas2004 has 10 seconds left.\n|inactive|Zemigas2004 has 5 seconds left.\n|\n|t:|1701040221\n|move|p2b: Chi-Yu|Protect|p2b: Chi-Yu\n|-singleturn|p2b: Chi-Yu|Protect\n|move|p2a: Flutter Mane|Shadow Ball|p1a: Chien-Pao\n|-resisted|p1a: Chien-Pao\n|-damage|p1a: Chien-Pao|0 fnt\n|faint|p1a: Chien-Pao\n|move|p1b: Garchomp|Earthquake|p2a: Flutter Mane|[spread] p2a\n|-activate|p2b: Chi-Yu|move: Protect\n|-damage|p2a: Flutter Mane|10\/100\n|\n|upkeep\n|turn|8\n|inactive|RichardTheSlayer has 30 seconds left.\n|inactive|RichardTheSlayer has 20 seconds left.\n|inactive|RichardTheSlayer has 15 seconds left.\n|inactive|RichardTheSlayer has 10 seconds left.\n|inactive|RichardTheSlayer has 5 seconds left.\n|\n|t:|1701040277\n|move|p2a: Flutter Mane|Shadow Ball|p1b: Garchomp\n|-damage|p1b: Garchomp|0 fnt\n|faint|p1b: Garchomp\n|\n|win|RichardTheSlayer\n|raw|Zemigas2004's rating: 1178 &rarr; <strong>1153<\/strong><br \/>(-25 for losing)\n|raw|RichardTheSlayer's rating: 1180 &rarr; <strong>1205<\/strong><br \/>(+25 for winning)\n","uploadtime":1701040284,"views":2,"p1id":"zemigas2004","p2id":"richardtheslayer","formatid":"gen9vgc2023regulatione","rating":1153,"private":0,"password":""}