{"id":"gen9vgc2023regulatione-1990417455","p1":"gohan92","p2":"Testing_Chue","format":"[Gen 9] VGC 2023 Regulation E","log":"|j|\u2606gohan92\n|j|\u2606Testing_Chue\n|t:|1699968865\n|gametype|doubles\n|player|p1|gohan92|265|1507\n|player|p2|Testing_Chue|lance|1409\n|teamsize|p1|6\n|teamsize|p2|6\n|gen|9\n|tier|[Gen 9] VGC 2023 Regulation E\n|rated|\n|rule|Species Clause: Limit one of each Pok\u00e9mon\n|rule|Item Clause: Limit one of each item\n|clearpoke\n|poke|p1|Iron Bundle, L50|\n|poke|p1|Ninetales-Alola, L50, M|\n|poke|p1|Rillaboom, L50, M|\n|poke|p1|Rotom-Wash, L50|\n|poke|p1|Chi-Yu, L50|\n|poke|p1|Landorus-Therian, L50, M|\n|poke|p2|Amoonguss, L50, F|\n|poke|p2|Gothitelle, L50, F|\n|poke|p2|Scream Tail, L50|\n|poke|p2|Iron Hands, L50|\n|poke|p2|Chi-Yu, L50|\n|poke|p2|Azumarill, L50, F|\n|teampreview|4\n|inactive|Battle timer is ON: inactive players will automatically lose when time's up. (requested by Testing_Chue)\n|inactive|gohan92 has 60 seconds left.\n|inactive|Testing_Chue has 60 seconds left.\n|\n|t:|1699968929\n|start\n|switch|p1a: Rillaboom|Rillaboom, L50, M|100\/100\n|switch|p1b: Rotom|Rotom-Wash, L50|100\/100\n|switch|p2a: Iron Hands|Iron Hands, L50|100\/100\n|switch|p2b: Azumarill|Azumarill, L50, F|100\/100\n|-fieldstart|move: Grassy Terrain|[from] ability: Grassy Surge|[of] p1a: Rillaboom\n|turn|1\n|inactive|Testing_Chue has 30 seconds left.\n|\n|t:|1699968957\n|-end|p2a: Iron Hands|Quark Drive|[silent]\n|switch|p2a: Gothitelle|Gothitelle, L50, F|100\/100\n|-terastallize|p2b: Azumarill|Ground\n|move|p1a: Rillaboom|Fake Out|p2a: Gothitelle\n|-damage|p2a: Gothitelle|87\/100\n|move|p1b: Rotom|Trick|p2b: Azumarill\n|-activate|p1b: Rotom|move: Trick|[of] p2b: Azumarill\n|-item|p2b: Azumarill|Choice Specs|[from] move: Trick\n|-item|p1b: Rotom|Iapapa Berry|[from] move: Trick\n|move|p2b: Azumarill|Encore|p1a: Rillaboom\n|-start|p1a: Rillaboom|Encore\n|\n|-heal|p2a: Gothitelle|93\/100|[from] Grassy Terrain\n|upkeep\n|turn|2\n|\n|t:|1699968981\n|switch|p2b: Iron Hands|Iron Hands, L50|100\/100\n|move|p1a: Rillaboom|Fake Out||[still]\n|-hint|Fake Out only works on your first turn out.\n|-fail|p1a: Rillaboom\n|move|p1b: Rotom|Hydro Pump|p2b: Iron Hands\n|-damage|p2b: Iron Hands|72\/100\n|move|p2a: Gothitelle|Trick Room|p2a: Gothitelle\n|-fieldstart|move: Trick Room|[of] p2a: Gothitelle\n|\n|-heal|p2b: Iron Hands|78\/100|[from] Grassy Terrain\n|-heal|p2a: Gothitelle|99\/100|[from] Grassy Terrain\n|upkeep\n|turn|3\n|\n|t:|1699969005\n|-end|p2b: Iron Hands|Quark Drive|[silent]\n|switch|p2b: Azumarill|Azumarill, L50, F, tera:Ground|100\/100\n|move|p1a: Rillaboom|Fake Out||[still]\n|-hint|Fake Out only works on your first turn out.\n|-fail|p1a: Rillaboom\n|move|p2a: Gothitelle|Heal Pulse|p2b: Azumarill\n|-fail|p2b: Azumarill|heal\n|move|p1b: Rotom|Hydro Pump|p2b: Azumarill\n|-supereffective|p2b: Azumarill\n|-damage|p2b: Azumarill|24\/100\n|\n|-heal|p2b: Azumarill|30\/100|[from] Grassy Terrain\n|-heal|p2a: Gothitelle|100\/100|[from] Grassy Terrain\n|upkeep\n|turn|4\n|inactive|gohan92 has 30 seconds left.\n|\n|t:|1699969033\n|move|p1a: Rillaboom|Fake Out||[still]\n|-hint|Fake Out only works on your first turn out.\n|-fail|p1a: Rillaboom\n|move|p2b: Azumarill|Perish Song|p2b: Azumarill\n|-start|p1a: Rillaboom|perish3|[silent]\n|-start|p1b: Rotom|perish3|[silent]\n|-start|p2a: Gothitelle|perish3|[silent]\n|-start|p2b: Azumarill|perish3|[silent]\n|-fieldactivate|move: Perish Song\n|move|p2a: Gothitelle|Heal Pulse|p2b: Azumarill\n|-heal|p2b: Azumarill|80\/100\n|move|p1b: Rotom|Hydro Pump|p2b: Azumarill\n|-supereffective|p2b: Azumarill\n|-damage|p2b: Azumarill|0 fnt\n|faint|p2b: Azumarill\n|\n|-end|p1a: Rillaboom|Encore\n|-start|p2a: Gothitelle|perish3\n|-start|p1b: Rotom|perish3\n|-start|p1a: Rillaboom|perish3\n|upkeep\n|\n|t:|1699969041\n|switch|p2b: Iron Hands|Iron Hands, L50|78\/100\n|turn|5\n|\n|t:|1699969062\n|move|p2b: Iron Hands|Fake Out|p1a: Rillaboom\n|-damage|p1a: Rillaboom|86\/100\n|move|p2a: Gothitelle|Heal Pulse|p2b: Iron Hands\n|-heal|p2b: Iron Hands|100\/100\n|move|p1b: Rotom|Volt Switch|p2a: Gothitelle\n|-damage|p2a: Gothitelle|73\/100\n|-message|Testing_Chue forfeited.\n|\n|win|gohan92\n|raw|gohan92's rating: 1507 &rarr; <strong>1522<\/strong><br \/>(+15 for winning)\n|raw|Testing_Chue's rating: 1409 &rarr; <strong>1394<\/strong><br \/>(-15 for losing)\n|l|\u2606Testing_Chue\n","uploadtime":1699969077,"views":8,"p1id":"gohan92","p2id":"testingchue","formatid":"gen9vgc2023regulatione","rating":1394,"private":0,"password":""}