{"id":"gen9vgc2023regulatione-1997797384","p1":"Lptp","p2":"S~dragon335","format":"[Gen 9] VGC 2023 Regulation E","log":"|j|\u2606Lptp\n|j|\u2606S~dragon335\n|t:|1700853746\n|gametype|doubles\n|player|p1|Lptp|102|1450\n|player|p2|S~dragon335|pokemaniac|1395\n|teamsize|p1|6\n|teamsize|p2|6\n|gen|9\n|tier|[Gen 9] VGC 2023 Regulation E\n|rated|\n|rule|Species Clause: Limit one of each Pok\u00e9mon\n|rule|Item Clause: Limit one of each item\n|clearpoke\n|poke|p1|Lilligant-Hisui, L50, F|\n|poke|p1|Torkoal, L50, F|\n|poke|p1|Landorus-Therian, L50, M|\n|poke|p1|Flutter Mane, L50|\n|poke|p1|Baxcalibur, L50, F|\n|poke|p1|Ogerpon-Wellspring, L50, F|\n|poke|p2|Hydreigon, L50, F|\n|poke|p2|Arcanine-Hisui, L50, F|\n|poke|p2|Ogerpon-Wellspring, L50, F|\n|poke|p2|Iron Hands, L50|\n|poke|p2|Farigiraf, L50, F|\n|poke|p2|Flutter Mane, L50|\n|teampreview|4\n|inactive|Battle timer is ON: inactive players will automatically lose when time's up. (requested by S~dragon335)\n|inactive|Lptp has 60 seconds left.\n|inactive|S~dragon335 has 60 seconds left.\n|\n|t:|1700853797\n|start\n|switch|p1a: Flutter Mane|Flutter Mane, L50, shiny|100\/100\n|switch|p1b: Torkoal|Torkoal, L50, F, shiny|100\/100\n|switch|p2a: Iron Hands|Iron Hands, L50|100\/100\n|switch|p2b: Hydreigon|Hydreigon, L50, F|100\/100\n|-weather|SunnyDay|[from] ability: Drought|[of] p1b: Torkoal\n|-activate|p1a: Flutter Mane|ability: Protosynthesis\n|-start|p1a: Flutter Mane|protosynthesisspe\n|turn|1\n|inactive|S~dragon335 has 30 seconds left.\n|\n|t:|1700853828\n|-terastallize|p2b: Hydreigon|Fire\n|move|p1b: Torkoal|Helping Hand|p1a: Flutter Mane\n|-singleturn|p1a: Flutter Mane|Helping Hand|[of] p1b: Torkoal\n|move|p1a: Flutter Mane|Dazzling Gleam|p2b: Hydreigon|[spread] p2a,p2b\n|-supereffective|p2a: Iron Hands\n|-resisted|p2b: Hydreigon\n|-damage|p2a: Iron Hands|14\/100\n|-damage|p2b: Hydreigon|60\/100\n|move|p2b: Hydreigon|Heat Wave|p1b: Torkoal|[spread] p1a,p1b\n|-resisted|p1b: Torkoal\n|-crit|p1b: Torkoal\n|-damage|p1a: Flutter Mane|33\/100\n|-damage|p1b: Torkoal|50\/100\n|-damage|p2b: Hydreigon|50\/100|[from] item: Life Orb\n|move|p2a: Iron Hands|Wild Charge|p1a: Flutter Mane\n|-damage|p1a: Flutter Mane|0 fnt\n|faint|p1a: Flutter Mane\n|-end|p1a: Flutter Mane|Protosynthesis|[silent]\n|-damage|p2a: Iron Hands|9\/100|[from] Recoil\n|\n|-weather|SunnyDay|[upkeep]\n|upkeep\n|\n|t:|1700853843\n|switch|p1a: Landorus|Landorus-Therian, L50, M|100\/100\n|-ability|p1a: Landorus|Intimidate|boost\n|-unboost|p2a: Iron Hands|atk|1\n|-unboost|p2b: Hydreigon|atk|1\n|turn|2\n|\n|t:|1700853861\n|move|p2b: Hydreigon|Protect|p2b: Hydreigon\n|-singleturn|p2b: Hydreigon|Protect\n|move|p1a: Landorus|Rock Slide|p2a: Iron Hands|[spread] p2a\n|-activate|p2b: Hydreigon|move: Protect\n|-resisted|p2a: Iron Hands\n|-damage|p2a: Iron Hands|2\/100\n|cant|p2a: Iron Hands|flinch\n|move|p1b: Torkoal|Overheat|p2a: Iron Hands\n|-damage|p2a: Iron Hands|0 fnt\n|-unboost|p1b: Torkoal|spa|2\n|-enditem|p1b: Torkoal|Eject Pack\n|faint|p2a: Iron Hands\n|-end|p2a: Iron Hands|Quark Drive|[silent]\n|\n|t:|1700853874\n|switch|p1b: Lilligant|Lilligant-Hisui, L50, F, shiny|100\/100\n|\n|-weather|SunnyDay|[upkeep]\n|upkeep\n|\n|t:|1700853877\n|switch|p2a: Ogerpon|Ogerpon-Wellspring, L50, F|100\/100\n|turn|3\n|inactive|S~dragon335 has 30 seconds left.\n|\n|t:|1700853908\n|-terastallize|p1a: Landorus|Water\n|move|p1b: Lilligant|Solar Blade||[still]\n|-prepare|p1b: Lilligant|Solar Blade\n|-anim|p1b: Lilligant|Solar Blade|p2a: Ogerpon\n|-crit|p2a: Ogerpon\n|-damage|p2a: Ogerpon|8\/100\n|move|p1a: Landorus|Rock Slide|p2b: Hydreigon|[spread] \n|-miss|p1a: Landorus|p2a: Ogerpon\n|-miss|p1a: Landorus|p2b: Hydreigon\n|move|p2b: Hydreigon|Heat Wave|p1a: Landorus|[spread] p1a,p1b\n|-resisted|p1a: Landorus\n|-supereffective|p1b: Lilligant\n|-damage|p1a: Landorus|61\/100\n|-enditem|p1b: Lilligant|Focus Sash\n|-damage|p1b: Lilligant|1\/100\n|-damage|p2b: Hydreigon|41\/100|[from] item: Life Orb\n|move|p2a: Ogerpon|Ivy Cudgel|p1a: Landorus|[anim] Ivy Cudgel Water\n|-resisted|p1a: Landorus\n|-damage|p1a: Landorus|46\/100\n|\n|-weather|SunnyDay|[upkeep]\n|upkeep\n|turn|4\n|inactive|Lptp has 30 seconds left.\n|inactive|S~dragon335 has 30 seconds left.\n|inactive|Lptp has 20 seconds left.\n|inactive|S~dragon335 has 20 seconds left.\n|inactive|S~dragon335 has 15 seconds left.\n|inactive|S~dragon335 has 10 seconds left.\n|\n|t:|1700853958\n|switch|p2b: Flutter Mane|Flutter Mane, L50|100\/100\n|-activate|p2b: Flutter Mane|ability: Protosynthesis\n|-start|p2b: Flutter Mane|protosynthesisspe\n|move|p2a: Ogerpon|Follow Me|p2a: Ogerpon\n|-singleturn|p2a: Ogerpon|move: Follow Me\n|move|p1b: Lilligant|Solar Blade||[still]\n|-prepare|p1b: Lilligant|Solar Blade\n|-anim|p1b: Lilligant|Solar Blade|p2a: Ogerpon\n|-damage|p2a: Ogerpon|0 fnt\n|faint|p2a: Ogerpon\n|move|p1a: Landorus|Rock Slide|p2b: Flutter Mane\n|-damage|p2b: Flutter Mane|53\/100\n|\n|-weather|SunnyDay|[upkeep]\n|upkeep\n|\n|t:|1700853966\n|switch|p2a: Hydreigon|Hydreigon, L50, F, tera:Fire|41\/100\n|turn|5\n|\n|t:|1700853980\n|move|p2b: Flutter Mane|Protect|p2b: Flutter Mane\n|-singleturn|p2b: Flutter Mane|Protect\n|move|p2a: Hydreigon|Protect|p2a: Hydreigon\n|-singleturn|p2a: Hydreigon|Protect\n|move|p1b: Lilligant|Solar Blade||[still]\n|-prepare|p1b: Lilligant|Solar Blade\n|-anim|p1b: Lilligant|Solar Blade|p2b: Flutter Mane\n|-activate|p2b: Flutter Mane|move: Protect\n|move|p1a: Landorus|Rock Slide|p2b: Flutter Mane|[spread] \n|-activate|p2a: Hydreigon|move: Protect\n|-activate|p2b: Flutter Mane|move: Protect\n|\n|-weather|none\n|-end|p2b: Flutter Mane|Protosynthesis\n|upkeep\n|turn|6\n|\n|t:|1700853996\n|switch|p1a: Torkoal|Torkoal, L50, F, shiny|50\/100\n|-weather|SunnyDay|[from] ability: Drought|[of] p1a: Torkoal\n|-activate|p2b: Flutter Mane|ability: Protosynthesis\n|-start|p2b: Flutter Mane|protosynthesisspe\n|move|p1b: Lilligant|Solar Blade||[still]\n|-prepare|p1b: Lilligant|Solar Blade\n|-anim|p1b: Lilligant|Solar Blade|p2b: Flutter Mane\n|-damage|p2b: Flutter Mane|0 fnt\n|faint|p2b: Flutter Mane\n|-end|p2b: Flutter Mane|Protosynthesis|[silent]\n|move|p2a: Hydreigon|Dark Pulse|p1a: Torkoal\n|-damage|p1a: Torkoal|0 fnt\n|faint|p1a: Torkoal\n|-damage|p2a: Hydreigon|31\/100|[from] item: Life Orb\n|\n|-weather|SunnyDay|[upkeep]\n|upkeep\n|\n|t:|1700854008\n|switch|p1a: Landorus|Landorus-Therian, L50, M, tera:Water|46\/100\n|-ability|p1a: Landorus|Intimidate|boost\n|-unboost|p2a: Hydreigon|atk|1\n|turn|7\n|\n|t:|1700854019\n|move|p1b: Lilligant|Close Combat|p2a: Hydreigon\n|-damage|p2a: Hydreigon|0 fnt\n|-unboost|p1b: Lilligant|def|1\n|-unboost|p1b: Lilligant|spd|1\n|faint|p2a: Hydreigon\n|\n|win|Lptp\n|raw|Lptp's rating: 1450 &rarr; <strong>1467<\/strong><br \/>(+17 for winning)\n|raw|S~dragon335's rating: 1395 &rarr; <strong>1378<\/strong><br \/>(-17 for losing)\n|l|\u2606S~dragon335\n","uploadtime":1700854028,"views":4,"p1id":"lptp","p2id":"sdragon335","formatid":"gen9vgc2023regulatione","rating":1378,"private":0,"password":""}