{"id":"gen9vgc2023regulatione-1988250731","p1":"Diriana","p2":"TTeTyLLloK","format":"[Gen 9] VGC 2023 Regulation E","log":"|j|\u2606Diriana\n|j|\u2606TTeTyLLloK\n|n|\u2606Diriana|diriana\n|n|\u2606TTeTyLLloK|ttetylllok\n|html|View the match progress at <a href=\"\/game-bestof3-gen9vgc2023regulatione-1988247888\">game-bestof3-gen9vgc2023regulatione-1988247888<\/a>\n|t:|1699694554\n|gametype|doubles\n|player|p1|Diriana|iris-masters|\n|player|p2|TTeTyLLloK|bruno|\n|teamsize|p1|6\n|teamsize|p2|6\n|gen|9\n|tier|[Gen 9] VGC 2023 Regulation E\n|rule|Species Clause: Limit one of each Pok\u00e9mon\n|rule|Item Clause: Limit one of each item\n|clearpoke\n|poke|p1|Flareon, L50, M|\n|poke|p1|Pikachu, L50, M|\n|poke|p1|Stonjourner, L50, M|\n|poke|p1|Sylveon, L50, F|\n|poke|p1|Umbreon, L50, F|\n|poke|p1|Vivillon-Polar, L50, F|\n|poke|p2|Scovillain, L50, M|\n|poke|p2|Espeon, L50, M|\n|poke|p2|Bronzong, L50|\n|poke|p2|Flareon, L50, F|\n|poke|p2|Eevee, L50, M|\n|poke|p2|Sylveon, L50, M|\n|teampreview|4\n|inactive|Battle timer is ON: inactive players will automatically lose when time's up. (requested by TTeTyLLloK)\nTTeTyLLloK has agreed to open team sheets.\n|j| Hadecat\nDiriana has agreed to open team sheets.\n|showteam|p1|Flareon||ToxicOrb|FlashFire|FlareBlitz,Facade,TeraBlast,Copycat|||M|||50|,,,,,Grass]Pikachu||LightBall|LightningRod|VoltSwitch,KnockOff,TeraBlast,Protect|||M|||50|,,,,,Ice]Stonjourner||LifeOrb|PowerSpot|RockSlide,HighHorsepower,Protect,WideGuard|||M|||50|,,,,,Rock]Sylveon||CustapBerry|Pixilate|HyperVoice,TeraBlast,HyperBeam,Detect|||F|||50|,,,,,Fire]Umbreon||Leftovers|InnerFocus|FoulPlay,Roar,Toxic,Moonlight|||F|||50|,,,,,Poison]Vivillon-Polar||FocusSash|CompoundEyes|Hurricane,PollenPuff,Tailwind,RagePowder|||F|||50|,,,,,Ghost\n|showteam|p2|Scovillain||Leftovers|Moody|Protect,Substitute,GigaDrain,Flamethrower|||M|||50|,,,,,Grass]Espeon||LightClay|MagicBounce|LightScreen,Reflect,Psychic,DazzlingGleam|||M|||50|,,,,,Psychic]Bronzong||SitrusBerry|Heatproof|HelpingHand,Protect,BodyPress,HeavySlam||||||50|,,,,,Poison]Flareon||ToxicOrb|FlashFire|Facade,FlareBlitz,QuickAttack,HelpingHand|||F|||50|,,,,,Fire]Eevee||Eviolite|Adaptability|QuickAttack,DoubleEdge,Protect,Roar|||M|||50|,,,,,Normal]Sylveon||ThroatSpray|Pixilate|TeraBlast,HyperBeam,HyperVoice,Protect|||M|||50|,,,,,Fire\n|\n|t:|1699694581\n|start\n|switch|p1a: Friend|Vivillon-Polar, L50, F, shiny|100\/100\n|switch|p1b: The Answer|Stonjourner, L50, M|100\/100\n|switch|p2a: Scovillain|Scovillain, L50, M|100\/100\n|switch|p2b: Espeon|Espeon, L50, M|100\/100\n|turn|1\n|\n|t:|1699694603\n|move|p2b: Espeon|Dazzling Gleam|p1a: Friend|[spread] p1a,p1b\n|-damage|p1a: Friend|59\/100\n|-damage|p1b: The Answer|44\/100\n|move|p1a: Friend|Tailwind|p1a: Friend\n|-sidestart|p1: Diriana|move: Tailwind\n|move|p1b: The Answer|Rock Slide|p2b: Espeon|[spread] p2a,p2b\n|-supereffective|p2a: Scovillain\n|-damage|p2a: Scovillain|0 fnt\n|-damage|p2b: Espeon|25\/100\n|faint|p2a: Scovillain\n|-damage|p1b: The Answer|34\/100|[from] item: Life Orb\n|\n|upkeep\n|\n|t:|1699694613\n|switch|p2a: Bronzong|Bronzong, L50|100\/100\n|turn|2\n|\n|t:|1699694626\n|move|p1a: Friend|Pollen Puff|p1b: The Answer\n|-heal|p1b: The Answer|84\/100\n|move|p1b: The Answer|Rock Slide|p2a: Bronzong|[spread] p2a,p2b\n|-resisted|p2a: Bronzong\n|-damage|p2a: Bronzong|90\/100\n|-damage|p2b: Espeon|0 fnt\n|faint|p2b: Espeon\n|-damage|p1b: The Answer|74\/100|[from] item: Life Orb\n|cant|p2a: Bronzong|flinch\n|\n|upkeep\n|\n|t:|1699694632\n|switch|p2b: Sylveon|Sylveon, L50, M|100\/100\n|turn|3\n|inactive|Diriana has 30 seconds left.\n|inactive|Diriana has 20 seconds left.\n|\n|t:|1699694670\n|move|p2b: Sylveon|Protect|p2b: Sylveon\n|-singleturn|p2b: Sylveon|Protect\n|move|p1a: Friend|Hurricane|p2b: Sylveon\n|-activate|p2b: Sylveon|move: Protect\n|move|p1b: The Answer|High Horsepower|p2a: Bronzong\n|-supereffective|p2a: Bronzong\n|-damage|p2a: Bronzong|32\/100\n|-enditem|p2a: Bronzong|Sitrus Berry|[eat]\n|-heal|p2a: Bronzong|56\/100|[from] item: Sitrus Berry\n|-damage|p1b: The Answer|64\/100|[from] item: Life Orb\n|move|p2a: Bronzong|Heavy Slam|p1a: Friend\n|-damage|p1a: Friend|0 fnt\n|faint|p1a: Friend\n|\n|upkeep\n|\n|t:|1699694687\n|switch|p1a: Blitz|Flareon, L50, M|100\/100\n|turn|4\n|inactive|Diriana has 30 seconds left.\n|\n|t:|1699694718\n|move|p2a: Bronzong|Helping Hand|p2b: Sylveon\n|-singleturn|p2b: Sylveon|Helping Hand|[of] p2a: Bronzong\n|move|p1b: The Answer|High Horsepower|p2a: Bronzong\n|-supereffective|p2a: Bronzong\n|-damage|p2a: Bronzong|1\/100\n|-damage|p1b: The Answer|55\/100|[from] item: Life Orb\n|move|p1a: Blitz|Flare Blitz|p2a: Bronzong\n|-supereffective|p2a: Bronzong\n|-damage|p2a: Bronzong|0 fnt\n|faint|p2a: Bronzong\n|-damage|p1a: Blitz|99\/100|[from] Recoil\n|move|p2b: Sylveon|Hyper Voice|p1a: Blitz|[spread] p1a,p1b\n|-resisted|p1a: Blitz\n|-damage|p1a: Blitz|63\/100\n|-damage|p1b: The Answer|0 fnt\n|faint|p1b: The Answer\n|-enditem|p2b: Sylveon|Throat Spray\n|-boost|p2b: Sylveon|spa|1|[from] item: Throat Spray\n|\n|-sideend|p1: Diriana|move: Tailwind\n|-status|p1a: Blitz|tox|[from] item: Toxic Orb\n|upkeep\n|\n|t:|1699694736\n|switch|p1b: Ribbon|Sylveon, L50, F, shiny|100\/100\n|turn|5\n|\n|t:|1699694757\n|-terastallize|p1b: Ribbon|Fire\n|move|p2b: Sylveon|Protect|p2b: Sylveon\n|-singleturn|p2b: Sylveon|Protect\n|move|p1a: Blitz|Facade|p2b: Sylveon\n|-activate|p2b: Sylveon|move: Protect\n|move|p1b: Ribbon|Hyper Voice|p2b: Sylveon\n|-activate|p2b: Sylveon|move: Protect\n|\n|-damage|p1a: Blitz|58\/100 tox|[from] psn\n|upkeep\n|turn|6\n|\n|t:|1699694770\n|-terastallize|p2b: Sylveon|Fire\n|move|p1a: Blitz|Facade|p2b: Sylveon\n|-damage|p2b: Sylveon|41\/100\n|move|p1b: Ribbon|Hyper Voice|p2b: Sylveon\n|-resisted|p2b: Sylveon\n|-damage|p2b: Sylveon|20\/100\n|move|p2b: Sylveon|Hyper Voice|p1a: Blitz|[spread] p1a,p1b\n|-resisted|p1a: Blitz\n|-resisted|p1b: Ribbon\n|-damage|p1a: Blitz|22\/100 tox\n|-damage|p1b: Ribbon|80\/100\n|\n|-damage|p1a: Blitz|10\/100 tox|[from] psn\n|upkeep\n|turn|7\n|\n|t:|1699694786\n|move|p2b: Sylveon|Protect|p2b: Sylveon\n|-singleturn|p2b: Sylveon|Protect\n|move|p1a: Blitz|Copycat||[still]\n|-fail|p1a: Blitz\n|move|p1b: Ribbon|Hyper Beam|p2b: Sylveon\n|-activate|p2b: Sylveon|move: Protect\n|\n|-damage|p1a: Blitz|0 fnt|[from] psn\n|faint|p1a: Blitz\n|upkeep\n|turn|8\n|\n|t:|1699694802\n|move|p1b: Ribbon|Hyper Voice|p2b: Sylveon\n|-resisted|p2b: Sylveon\n|-damage|p2b: Sylveon|0 fnt\n|faint|p2b: Sylveon\n|\n|win|Diriana\n|l|\u2606TTeTyLLloK\n","uploadtime":1699694811,"views":37,"p1id":"diriana","p2id":"ttetylllok","formatid":"gen9vgc2023regulatione","rating":0,"private":0,"password":""}