{"id":"gen9vgc2023regulatione-1988516493","p1":"Vengeful potato","p2":"clickformoreinfos","format":"[Gen 9] VGC 2023 Regulation E","log":"|j|\u2606Vengeful potato\n|j|\u2606clickformoreinfos\n|t:|1699731324\n|gametype|doubles\n|player|p1|Vengeful potato|swimmer|1401\n|player|p2|clickformoreinfos|medium|1339\n|teamsize|p1|5\n|teamsize|p2|6\n|gen|9\n|tier|[Gen 9] VGC 2023 Regulation E\n|rated|\n|rule|Species Clause: Limit one of each Pok\u00e9mon\n|rule|Item Clause: Limit one of each item\n|clearpoke\n|poke|p1|Articuno-Galar, L50|\n|poke|p1|Maushold, L50|\n|poke|p1|Decidueye-Hisui, L50, M|\n|poke|p1|Stonjourner, L50, F|\n|poke|p1|Regidrago, L50|\n|poke|p2|Sylveon, L50, M|\n|poke|p2|Sinistcha, L50|\n|poke|p2|Ogerpon-Hearthflame, L50, F|\n|poke|p2|Moltres-Galar, L50|\n|poke|p2|Sableye, L50, F|\n|poke|p2|Landorus-Therian, L50, M|\n|teampreview|4\n|inactive|Battle timer is ON: inactive players will automatically lose when time's up. (requested by clickformoreinfos)\n|inactive|Vengeful potato has 60 seconds left.\n|inactive|clickformoreinfos has 60 seconds left.\n|\n|t:|1699731371\n|start\n|switch|p1a: The Rizzler\ud83d\ude31\ud83d\udcaf\ud83d\udde3\ufe0f|Articuno-Galar, L50, shiny|100\/100\n|switch|p1b: Despereaux|Maushold, L50, shiny|100\/100\n|switch|p2a: Sableye|Sableye, L50, F|100\/100\n|switch|p2b: Landorus|Landorus-Therian, L50, M|100\/100\n|-ability|p2b: Landorus|Intimidate|boost\n|-unboost|p1a: The Rizzler\ud83d\ude31\ud83d\udcaf\ud83d\udde3\ufe0f|atk|1\n|-ability|p1a: The Rizzler\ud83d\ude31\ud83d\udcaf\ud83d\udde3\ufe0f|Competitive|boost\n|-boost|p1a: The Rizzler\ud83d\ude31\ud83d\udcaf\ud83d\udde3\ufe0f|spa|2\n|-unboost|p1b: Despereaux|atk|1\n|turn|1\n|\n|t:|1699731385\n|move|p2a: Sableye|Light Screen|p2a: Sableye\n|-sidestart|p2: clickformoreinfos|move: Light Screen\n|move|p2b: Landorus|Rock Slide|p1a: The Rizzler\ud83d\ude31\ud83d\udcaf\ud83d\udde3\ufe0f|[spread] p1a,p1b\n|-supereffective|p1a: The Rizzler\ud83d\ude31\ud83d\udcaf\ud83d\udde3\ufe0f\n|-damage|p1a: The Rizzler\ud83d\ude31\ud83d\udcaf\ud83d\udde3\ufe0f|69\/100\n|-damage|p1b: Despereaux|82\/100\n|move|p1b: Despereaux|Taunt|p2a: Sableye\n|-start|p2a: Sableye|move: Taunt\n|move|p1a: The Rizzler\ud83d\ude31\ud83d\udcaf\ud83d\udde3\ufe0f|Freezing Glare|p2b: Landorus\n|-damage|p2b: Landorus|21\/100\n|\n|upkeep\n|turn|2\n|\n|t:|1699731408\n|switch|p2a: Sinistcha|Sinistcha, L50|100\/100\n|-heal|p2b: Landorus|46\/100|[from] ability: Hospitality|[of] p2a: Sinistcha\n|move|p2b: Landorus|Rock Slide|p1b: Despereaux|[spread] p1a,p1b\n|-supereffective|p1a: The Rizzler\ud83d\ude31\ud83d\udcaf\ud83d\udde3\ufe0f\n|-damage|p1a: The Rizzler\ud83d\ude31\ud83d\udcaf\ud83d\udde3\ufe0f|39\/100\n|-damage|p1b: Despereaux|60\/100\n|cant|p1b: Despereaux|flinch\n|move|p1a: The Rizzler\ud83d\ude31\ud83d\udcaf\ud83d\udde3\ufe0f|Tailwind|p1a: The Rizzler\ud83d\ude31\ud83d\udcaf\ud83d\udde3\ufe0f\n|-sidestart|p1: Vengeful potato|move: Tailwind\n|\n|upkeep\n|turn|3\n|\n|t:|1699731429\n|switch|p2b: Sableye|Sableye, L50, F|100\/100\n|move|p1b: Despereaux|Taunt|p2a: Sinistcha\n|-start|p2a: Sinistcha|move: Taunt\n|move|p1a: The Rizzler\ud83d\ude31\ud83d\udcaf\ud83d\udde3\ufe0f|Air Slash|p2a: Sinistcha\n|-supereffective|p2a: Sinistcha\n|-damage|p2a: Sinistcha|0 fnt\n|faint|p2a: Sinistcha\n|\n|upkeep\n|\n|t:|1699731439\n|switch|p2a: Sylveon|Sylveon, L50, M|100\/100\n|turn|4\n|\n|t:|1699731450\n|move|p2b: Sableye|Encore|p1b: Despereaux\n|-start|p1b: Despereaux|Encore\n|move|p1b: Despereaux|Taunt|p2b: Sableye\n|-start|p2b: Sableye|move: Taunt\n|move|p1a: The Rizzler\ud83d\ude31\ud83d\udcaf\ud83d\udde3\ufe0f|Freezing Glare|p2a: Sylveon\n|-damage|p2a: Sylveon|71\/100\n|move|p2a: Sylveon|Hyper Voice|p1b: Despereaux|[spread] p1a,p1b\n|-damage|p1a: The Rizzler\ud83d\ude31\ud83d\udcaf\ud83d\udde3\ufe0f|20\/100\n|-damage|p1b: Despereaux|23\/100\n|-enditem|p2a: Sylveon|Throat Spray\n|-boost|p2a: Sylveon|spa|1|[from] item: Throat Spray\n|\n|upkeep\n|turn|5\n|inactive|Vengeful potato has 30 seconds left.\n|\n|t:|1699731475\n|move|p2a: Sylveon|Detect|p2a: Sylveon\n|-singleturn|p2a: Sylveon|Protect\n|move|p1b: Despereaux|Taunt|p2a: Sylveon\n|-activate|p2a: Sylveon|move: Protect\n|move|p1a: The Rizzler\ud83d\ude31\ud83d\udcaf\ud83d\udde3\ufe0f|Air Slash|p2a: Sylveon\n|-activate|p2a: Sylveon|move: Protect\n|move|p2b: Sableye|Foul Play|p1a: The Rizzler\ud83d\ude31\ud83d\udcaf\ud83d\udde3\ufe0f\n|-supereffective|p1a: The Rizzler\ud83d\ude31\ud83d\udcaf\ud83d\udde3\ufe0f\n|-damage|p1a: The Rizzler\ud83d\ude31\ud83d\udcaf\ud83d\udde3\ufe0f|1\/100\n|\n|-sideend|p1: Vengeful potato|move: Tailwind\n|upkeep\n|turn|6\n|inactive|clickformoreinfos has 30 seconds left.\n|\n|t:|1699731505\n|-terastallize|p2a: Sylveon|Steel\n|move|p1b: Despereaux|Taunt|p2a: Sylveon\n|-start|p2a: Sylveon|move: Taunt\n|move|p1a: The Rizzler\ud83d\ude31\ud83d\udcaf\ud83d\udde3\ufe0f|Tailwind|p1a: The Rizzler\ud83d\ude31\ud83d\udcaf\ud83d\udde3\ufe0f\n|-sidestart|p1: Vengeful potato|move: Tailwind\n|move|p2a: Sylveon|Hyper Voice|p1b: Despereaux|[spread] p1a,p1b\n|-damage|p1a: The Rizzler\ud83d\ude31\ud83d\udcaf\ud83d\udde3\ufe0f|0 fnt\n|-damage|p1b: Despereaux|0 fnt\n|faint|p1a: The Rizzler\ud83d\ude31\ud83d\udcaf\ud83d\udde3\ufe0f\n|faint|p1b: Despereaux\n|move|p2b: Sableye|Foul Play|p1: The Rizzler\ud83d\ude31\ud83d\udcaf\ud83d\udde3\ufe0f|[notarget]\n|-fail|p2b: Sableye\n|\n|upkeep\n|\n|t:|1699731509\n|switch|p1b: THE DRAGON BALL\ud83e\udd76|Regidrago, L50, shiny|100\/100\n|switch|p1a: Best Rock|Stonjourner, L50, F, shiny|100\/100\n|turn|7\n|\n|t:|1699731523\n|switch|p2b: Landorus|Landorus-Therian, L50, M|46\/100\n|-ability|p2b: Landorus|Intimidate|boost\n|-fail|p1a: Best Rock|unboost|[from] item: Clear Amulet|[of] p1a: Best Rock\n|-unboost|p1b: THE DRAGON BALL\ud83e\udd76|atk|1\n|move|p1b: THE DRAGON BALL\ud83e\udd76|Dragon Energy|p2b: Landorus|[spread] p2a,p2b\n|-resisted|p2a: Sylveon\n|-damage|p2a: Sylveon|51\/100\n|-damage|p2b: Landorus|0 fnt\n|faint|p2b: Landorus\n|move|p1a: Best Rock|Heat Crash|p2a: Sylveon\n|-supereffective|p2a: Sylveon\n|-damage|p2a: Sylveon|0 fnt\n|faint|p2a: Sylveon\n|\n|upkeep\n|-message|clickformoreinfos forfeited.\n|\n|win|Vengeful potato\n|raw|Vengeful potato's rating: 1401 &rarr; <strong>1417<\/strong><br \/>(+16 for winning)\n|raw|clickformoreinfos's rating: 1339 &rarr; <strong>1323<\/strong><br \/>(-16 for losing)\n|l|\u2606clickformoreinfos\n","uploadtime":1699731536,"views":18,"p1id":"vengefulpotato","p2id":"clickformoreinfos","formatid":"gen9vgc2023regulatione","rating":1323,"private":0,"password":""}