{"id":"gen9vgc2023regulatione-1987880359","p1":"pkFusy04","p2":"Matt142718","format":"[Gen 9] VGC 2023 Regulation E","log":"|j|\u2606pkFusy04\n|j|\u2606Matt142718\n|n|\u2606pkFusy04|pkfusy04\n|n|\u2606Matt142718|matt142718\n|html|View the match progress at <a href=\"\/game-bestof3-gen9vgc2023regulatione-1987873482\">game-bestof3-gen9vgc2023regulatione-1987873482<\/a>\n|t:|1699645381\n|gametype|doubles\n|player|p1|pkFusy04|blackbelt-gen4dp|\n|player|p2|Matt142718|102|\n|teamsize|p1|6\n|teamsize|p2|6\n|gen|9\n|tier|[Gen 9] VGC 2023 Regulation E\n|rule|Species Clause: Limit one of each Pok\u00e9mon\n|rule|Item Clause: Limit one of each item\n|clearpoke\n|poke|p1|Volcarona, L50, F|\n|poke|p1|Iron Hands, L50|\n|poke|p1|Ogerpon-Wellspring, L50, F|\n|poke|p1|Rillaboom, L50, F|\n|poke|p1|Flutter Mane, L50|\n|poke|p1|Landorus-Therian, L50, M|\n|poke|p2|Tornadus, L50, M|\n|poke|p2|Urshifu-*, L50, M|\n|poke|p2|Rillaboom, L50, F|\n|poke|p2|Chien-Pao, L50|\n|poke|p2|Arcanine-Hisui, L50, F|\n|poke|p2|Flutter Mane, L50|\n|teampreview|4\n|inactive|Battle timer is ON: inactive players will automatically lose when time's up. (requested by pkFusy04)\npkFusy04 has agreed to open team sheets.\n|inactiveoff|Battle timer is now OFF.\n|c|\u2606pkFusy04|Glhf\n|\n|t:|1699645412\n|start\n|switch|p1a: Volcarona|Volcarona, L50, F|100\/100\n|switch|p1b: Iron Hands|Iron Hands, L50|100\/100\n|switch|p2a: Arcanine|Arcanine-Hisui, L50, F|100\/100\n|switch|p2b: Flutter Mane|Flutter Mane, L50|100\/100\n|-ability|p2a: Arcanine|Intimidate|boost\n|-unboost|p1a: Volcarona|atk|1\n|-unboost|p1b: Iron Hands|atk|1\n|-enditem|p2b: Flutter Mane|Booster Energy\n|-activate|p2b: Flutter Mane|ability: Protosynthesis|[fromitem]\n|-start|p2b: Flutter Mane|protosynthesisspa\n|turn|1\n|\n|t:|1699645449\n|-terastallize|p1a: Volcarona|Water\n|move|p2b: Flutter Mane|Shadow Ball|p1b: Iron Hands\n|-damage|p1b: Iron Hands|71\/100\n|move|p2a: Arcanine|Rock Slide|p1a: Volcarona|[spread] p1a,p1b\n|-resisted|p1b: Iron Hands\n|-damage|p1a: Volcarona|74\/100\n|-damage|p1b: Iron Hands|62\/100\n|move|p1a: Volcarona|Quiver Dance|p1a: Volcarona\n|-boost|p1a: Volcarona|spa|1\n|-boost|p1a: Volcarona|spd|1\n|-boost|p1a: Volcarona|spe|1\n|cant|p1b: Iron Hands|flinch\n|\n|upkeep\n|turn|2\n|\n|t:|1699645505\n|-terastallize|p2b: Flutter Mane|Fairy\n|move|p1a: Volcarona|Heat Wave|p2b: Flutter Mane|[spread] p2a,p2b\n|-resisted|p2a: Arcanine\n|-crit|p2b: Flutter Mane\n|-damage|p2a: Arcanine|88\/100\n|-damage|p2b: Flutter Mane|29\/100\n|move|p2b: Flutter Mane|Moonblast|p1b: Iron Hands\n|-supereffective|p1b: Iron Hands\n|-damage|p1b: Iron Hands|0 fnt\n|faint|p1b: Iron Hands\n|-end|p1b: Iron Hands|Quark Drive|[silent]\n|move|p2a: Arcanine|Rock Slide|p1a: Volcarona\n|-damage|p1a: Volcarona|41\/100\n|-enditem|p1a: Volcarona|Sitrus Berry|[eat]\n|-heal|p1a: Volcarona|66\/100|[from] item: Sitrus Berry\n|\n|upkeep\n|\n|t:|1699645518\n|switch|p1b: Landorus|Landorus-Therian, L50, M|100\/100\n|-ability|p1b: Landorus|Intimidate|boost\n|-unboost|p2a: Arcanine|atk|1\n|-unboost|p2b: Flutter Mane|atk|1\n|turn|3\n|\n|t:|1699645536\n|-end|p2b: Flutter Mane|Protosynthesis|[silent]\n|switch|p2b: Urshifu|Urshifu-Rapid-Strike, L50, M|100\/100\n|move|p2a: Arcanine|Protect|p2a: Arcanine\n|-singleturn|p2a: Arcanine|Protect\n|move|p1b: Landorus|Rock Slide|p2b: Urshifu|[spread] \n|-activate|p2a: Arcanine|move: Protect\n|-miss|p1b: Landorus|p2b: Urshifu\n|move|p1a: Volcarona|Heat Wave|p2a: Arcanine|[spread] p2b\n|-activate|p2a: Arcanine|move: Protect\n|-resisted|p2b: Urshifu\n|-damage|p2b: Urshifu|67\/100\n|\n|upkeep\n|turn|4\n|\n|t:|1699645600\n|move|p2a: Arcanine|Extreme Speed|p1b: Landorus\n|-damage|p1b: Landorus|78\/100\n|move|p2b: Urshifu|U-turn|p1b: Landorus\n|-resisted|p1b: Landorus\n|-damage|p1b: Landorus|63\/100\n|\n|t:|1699645613\n|switch|p2b: Flutter Mane|Flutter Mane, L50, tera:Fairy|29\/100|[from] U-turn\n|move|p1b: Landorus|Rock Slide|p2a: Arcanine|[spread] p2a,p2b\n|-supereffective|p2a: Arcanine\n|-damage|p2a: Arcanine|37\/100\n|-damage|p2b: Flutter Mane|0 fnt\n|-enditem|p2a: Arcanine|Sitrus Berry|[eat]\n|-heal|p2a: Arcanine|62\/100|[from] item: Sitrus Berry\n|faint|p2b: Flutter Mane\n|-end|p2b: Flutter Mane|Protosynthesis|[silent]\n|move|p1a: Volcarona|Heat Wave|p2a: Arcanine\n|-resisted|p2a: Arcanine\n|-damage|p2a: Arcanine|45\/100\n|\n|upkeep\n|\n|t:|1699645627\n|switch|p2b: Rillaboom|Rillaboom, L50, F|100\/100\n|-fieldstart|move: Grassy Terrain|[from] ability: Grassy Surge|[of] p2b: Rillaboom\n|turn|5\n|\n|t:|1699645640\n|switch|p1b: Ogerpon|Ogerpon-Wellspring, L50, F|100\/100\n|move|p1a: Volcarona|Protect|p1a: Volcarona\n|-singleturn|p1a: Volcarona|Protect\n|move|p2a: Arcanine|Extreme Speed|p1b: Ogerpon\n|-damage|p1b: Ogerpon|76\/100\n|move|p2b: Rillaboom|Grassy Glide|p1b: Ogerpon\n|-damage|p1b: Ogerpon|29\/100\n|\n|-heal|p1a: Volcarona|72\/100|[from] Grassy Terrain\n|-heal|p1b: Ogerpon|35\/100|[from] Grassy Terrain\n|-heal|p2a: Arcanine|51\/100|[from] Grassy Terrain\n|upkeep\n|turn|6\n|\n|t:|1699645681\n|switch|p2a: Urshifu|Urshifu-Rapid-Strike, L50, M|67\/100\n|move|p1b: Ogerpon|Follow Me|p1b: Ogerpon\n|-singleturn|p1b: Ogerpon|move: Follow Me\n|move|p1a: Volcarona|Bug Buzz|p2b: Rillaboom\n|-supereffective|p2b: Rillaboom\n|-damage|p2b: Rillaboom|19\/100\n|move|p2b: Rillaboom|Wood Hammer|p1b: Ogerpon\n|-damage|p1b: Ogerpon|0 fnt\n|faint|p1b: Ogerpon\n|-damage|p2b: Rillaboom|10\/100|[from] Recoil\n|\n|-heal|p2a: Urshifu|72\/100|[from] Grassy Terrain\n|-heal|p1a: Volcarona|79\/100|[from] Grassy Terrain\n|-heal|p2b: Rillaboom|16\/100|[from] Grassy Terrain\n|upkeep\n|\n|t:|1699645692\n|switch|p1b: Landorus|Landorus-Therian, L50, M|63\/100\n|-ability|p1b: Landorus|Intimidate|boost\n|-unboost|p2a: Urshifu|atk|1\n|-unboost|p2b: Rillaboom|atk|1\n|turn|7\n|\n|t:|1699645703\n|switch|p2b: Arcanine|Arcanine-Hisui, L50, F|51\/100\n|-ability|p2b: Arcanine|Intimidate|boost\n|-unboost|p1a: Volcarona|atk|1\n|-unboost|p1b: Landorus|atk|1\n|move|p2a: Urshifu|Surging Strikes|p1b: Landorus\n|-supereffective|p1b: Landorus\n|-crit|p1b: Landorus\n|-damage|p1b: Landorus|17\/100\n|-supereffective|p1b: Landorus\n|-crit|p1b: Landorus\n|-damage|p1b: Landorus|0 fnt\n|faint|p1b: Landorus\n|-hitcount|p1: Landorus|2\n|move|p1a: Volcarona|Heat Wave|p2a: Urshifu|[spread] p2a,p2b\n|-resisted|p2a: Urshifu\n|-resisted|p2b: Arcanine\n|-damage|p2a: Urshifu|36\/100\n|-damage|p2b: Arcanine|39\/100\n|\n|-heal|p2a: Urshifu|42\/100|[from] Grassy Terrain\n|-heal|p1a: Volcarona|85\/100|[from] Grassy Terrain\n|-heal|p2b: Arcanine|46\/100|[from] Grassy Terrain\n|upkeep\n|turn|8\n|\n|t:|1699645722\n|move|p2a: Urshifu|Surging Strikes|p1a: Volcarona\n|-resisted|p1a: Volcarona\n|-crit|p1a: Volcarona\n|-damage|p1a: Volcarona|75\/100\n|-resisted|p1a: Volcarona\n|-crit|p1a: Volcarona\n|-damage|p1a: Volcarona|66\/100\n|-resisted|p1a: Volcarona\n|-crit|p1a: Volcarona\n|-damage|p1a: Volcarona|56\/100\n|-hitcount|p1a: Volcarona|3\n|move|p1a: Volcarona|Heat Wave|p2b: Arcanine|[spread] p2a,p2b\n|-resisted|p2a: Urshifu\n|-resisted|p2b: Arcanine\n|-damage|p2a: Urshifu|4\/100\n|-damage|p2b: Arcanine|34\/100\n|move|p2b: Arcanine|Rock Slide|p1a: Volcarona\n|-damage|p1a: Volcarona|22\/100\n|\n|-heal|p2a: Urshifu|10\/100|[from] Grassy Terrain\n|-heal|p1a: Volcarona|28\/100|[from] Grassy Terrain\n|-heal|p2b: Arcanine|41\/100|[from] Grassy Terrain\n|upkeep\n|turn|9\n|\n|t:|1699645739\n|move|p2b: Arcanine|Extreme Speed|p1a: Volcarona\n|-damage|p1a: Volcarona|6\/100\n|move|p2a: Urshifu|Surging Strikes|p1a: Volcarona\n|-resisted|p1a: Volcarona\n|-crit|p1a: Volcarona\n|-damage|p1a: Volcarona|0 fnt\n|faint|p1a: Volcarona\n|-hitcount|p1: Volcarona|1\n|\n|win|Matt142718\n|c|\u2606pkFusy04|Gg\n|c|\u2606Matt142718|Gg\n|c|\u2606Matt142718|Gran partita\n|l|\u2606pkFusy04\n","uploadtime":1699645923,"views":13,"p1id":"pkfusy04","p2id":"matt142718","formatid":"gen9vgc2023regulatione","rating":0,"private":0,"password":""}