{"id":"gen9vgc2023regulatione-1998011396","p1":"electricboogaloo12","p2":"wdytyaia","format":"[Gen 9] VGC 2023 Regulation E","log":"|j|\u203delectricboogaloo12\n|j|\u2606wdytyaia\n|t:|1700878728\n|gametype|doubles\n|player|p1|electricboogaloo12|cynthia|1437\n|player|p2|wdytyaia|flannery|1486\n|teamsize|p1|6\n|teamsize|p2|6\n|gen|9\n|tier|[Gen 9] VGC 2023 Regulation E\n|rated|\n|rule|Species Clause: Limit one of each Pok\u00e9mon\n|rule|Item Clause: Limit one of each item\n|clearpoke\n|poke|p1|Gastrodon, L50, F|\n|poke|p1|Grimmsnarl, L50, M|\n|poke|p1|Articuno-Galar, L50|\n|poke|p1|Heatran, L50, M|\n|poke|p1|Raichu, L50, M|\n|poke|p1|Espeon, L50, F|\n|poke|p2|Chien-Pao, L50|\n|poke|p2|Dragonite, L50, M|\n|poke|p2|Rillaboom, L50, M|\n|poke|p2|Heatran, L50, M|\n|poke|p2|Urshifu-*, L50, F|\n|poke|p2|Farigiraf, L50, M|\n|teampreview|4\n|inactive|Battle timer is ON: inactive players will automatically lose when time's up. (requested by electricboogaloo12)\nwdytyaia has agreed to open team sheets.\n|l|\u2606wdytyaia\n|inactive|wdytyaia disconnected and has a minute to reconnect!\n|player|p2|\n|j|\u2606wdytyaia\n|inactive|wdytyaia reconnected and has 80 seconds left.\n|player|p2|wdytyaia|irida\n|inactive|wdytyaia has 60 seconds left.\n|\n|t:|1700878792\n|start\n|switch|p1a: Grimmsnarl|Grimmsnarl, L50, M|100\/100\n|switch|p1b: Articuno|Articuno-Galar, L50|100\/100\n|switch|p2a: Chien-Pao|Chien-Pao, L50|100\/100\n|switch|p2b: Dragonite|Dragonite, L50, M|100\/100\n|-ability|p2a: Chien-Pao|Sword of Ruin\n|turn|1\n|\n|t:|1700878811\n|move|p1a: Grimmsnarl|Fake Out|p2a: Chien-Pao\n|-damage|p2a: Chien-Pao|84\/100\n|move|p2b: Dragonite|Extreme Speed|p1a: Grimmsnarl\n|-damage|p1a: Grimmsnarl|36\/100\n|cant|p2a: Chien-Pao|flinch\n|move|p1b: Articuno|Trick Room|p1b: Articuno\n|-fieldstart|move: Trick Room|[of] p1b: Articuno\n|\n|upkeep\n|turn|2\n|\n|t:|1700878824\n|switch|p1a: Heatran|Heatran, L50, M|100\/100\n|move|p2b: Dragonite|Extreme Speed|p1a: Heatran\n|-resisted|p1a: Heatran\n|-damage|p1a: Heatran|76\/100\n|move|p1b: Articuno|Freezing Glare|p2b: Dragonite\n|-damage|p2b: Dragonite|57\/100\n|move|p2a: Chien-Pao|Icicle Crash|p1b: Articuno\n|-supereffective|p1b: Articuno\n|-enditem|p1b: Articuno|Focus Sash\n|-damage|p1b: Articuno|1\/100\n|\n|upkeep\n|turn|3\n|\n|t:|1700878838\n|switch|p2a: Heatran|Heatran, L50, M|100\/100\n|move|p2b: Dragonite|Extreme Speed|p1b: Articuno\n|-crit|p1b: Articuno\n|-damage|p1b: Articuno|0 fnt\n|faint|p1b: Articuno\n|move|p1a: Heatran|Heat Wave|p2b: Dragonite|[spread] p2b\n|-start|p2a: Heatran|ability: Flash Fire\n|-resisted|p2b: Dragonite\n|-damage|p2b: Dragonite|40\/100\n|\n|upkeep\n|\n|t:|1700878851\n|switch|p1b: Gastrodon|Gastrodon, L50, F, shiny|100\/100\n|turn|4\n|\n|t:|1700878866\n|-terastallize|p1a: Heatran|Grass\n|-terastallize|p2a: Heatran|Fairy\n|move|p2b: Dragonite|Extreme Speed|p1b: Gastrodon\n|-damage|p1b: Gastrodon|51\/100\n|move|p1b: Gastrodon|Ice Beam|p2b: Dragonite\n|-supereffective|p2b: Dragonite\n|-damage|p2b: Dragonite|0 fnt\n|faint|p2b: Dragonite\n|move|p1a: Heatran|Earth Power|p2a: Heatran\n|-crit|p2a: Heatran\n|-damage|p2a: Heatran|71\/100\n|move|p2a: Heatran|Tera Blast|p1b: Gastrodon|[anim] Tera Blast Fairy\n|-damage|p1b: Gastrodon|17\/100\n|-enditem|p1b: Gastrodon|Sitrus Berry|[eat]\n|-heal|p1b: Gastrodon|42\/100|[from] item: Sitrus Berry\n|\n|upkeep\n|\n|t:|1700878881\n|switch|p2b: Chien-Pao|Chien-Pao, L50|84\/100\n|-ability|p2b: Chien-Pao|Sword of Ruin\n|turn|5\n|\n|t:|1700878890\n|move|p2b: Chien-Pao|Protect|p2b: Chien-Pao\n|-singleturn|p2b: Chien-Pao|Protect\n|move|p1b: Gastrodon|Yawn|p2a: Heatran\n|-start|p2a: Heatran|move: Yawn|[of] p1b: Gastrodon\n|move|p1a: Heatran|Flash Cannon|p2a: Heatran\n|-supereffective|p2a: Heatran\n|-crit|p2a: Heatran\n|-damage|p2a: Heatran|0 fnt\n|faint|p2a: Heatran\n|\n|-fieldend|move: Trick Room\n|upkeep\n|\n|t:|1700878895\n|switch|p2a: Urshifu|Urshifu-Rapid-Strike, L50, F|100\/100\n|turn|6\n|\n|t:|1700878909\n|switch|p1a: Grimmsnarl|Grimmsnarl, L50, M|36\/100\n|move|p2a: Urshifu|Close Combat|p1b: Gastrodon\n|-damage|p1b: Gastrodon|0 fnt\n|-unboost|p2a: Urshifu|def|1\n|-unboost|p2a: Urshifu|spd|1\n|faint|p1b: Gastrodon\n|move|p2b: Chien-Pao|Icicle Crash|p1a: Grimmsnarl\n|-damage|p1a: Grimmsnarl|0 fnt\n|faint|p1a: Grimmsnarl\n|\n|upkeep\n|-message|electricboogaloo12 forfeited.\n|\n|win|wdytyaia\n|raw|electricboogaloo12's rating: 1437 &rarr; <strong>1420<\/strong><br \/>(-17 for losing)\n|raw|wdytyaia's rating: 1486 &rarr; <strong>1503<\/strong><br \/>(+17 for winning)\n|l|\u203delectricboogaloo12\n","uploadtime":1700878923,"views":1,"p1id":"electricboogaloo12","p2id":"wdytyaia","formatid":"gen9vgc2023regulatione","rating":1420,"private":0,"password":""}