{"id":"gen9vgc2023regulatione-1989099429","p1":"ToastedArt","p2":"Granny Pie","format":"[Gen 9] VGC 2023 Regulation E","log":"|j|\u2606ToastedArt\n|j|\u2606Granny Pie\n|n|\u2606ToastedArt|toastedart\n|n|\u2606Granny Pie|grannypie\n|html|View the match progress at <a href=\"\/game-bestof3-gen9vgc2023regulatione-1989097262\">game-bestof3-gen9vgc2023regulatione-1989097262<\/a>\n|t:|1699812082\n|gametype|doubles\n|player|p1|ToastedArt|iris|\n|player|p2|Granny Pie|zinnia|\n|teamsize|p1|6\n|teamsize|p2|6\n|gen|9\n|tier|[Gen 9] VGC 2023 Regulation E\n|rule|Species Clause: Limit one of each Pok\u00e9mon\n|rule|Item Clause: Limit one of each item\n|clearpoke\n|poke|p1|Weezing, L50, M|\n|poke|p1|Landorus-Therian, L50, M|\n|poke|p1|Ogerpon, L50, F|\n|poke|p1|Roaring Moon, L50|\n|poke|p1|Gholdengo, L50|\n|poke|p1|Iron Hands, L50|\n|poke|p2|Tornadus, L50, M|\n|poke|p2|Flutter Mane, L50|\n|poke|p2|Urshifu-*, L50, M|\n|poke|p2|Chien-Pao, L50|\n|poke|p2|Okidogi, L50, M|\n|poke|p2|Ogerpon-Hearthflame, L50, F|\n|teampreview|4\nGranny Pie has agreed to open team sheets.\nToastedArt has agreed to open team sheets.\n|showteam|p1|Weezing||SitrusBerry|NeutralizingGas|GunkShot,WillOWisp,Taunt,Protect|||M|||50|,,,,,Grass]Landorus-Therian||AbilityShield|Intimidate|StompingTantrum,TeraBlast,Uturn,RockSlide|||M|||50|,,,,,Flying]Ogerpon||RazorClaw|Defiant|IvyCudgel,SpikyShield,StompingTantrum,SwordsDance|||F|||50|,,,,,Grass]Roaring Moon||BoosterEnergy|Protosynthesis|KnockOff,BreakingSwipe,Tailwind,Protect||||||50|,,,,,Poison]Gholdengo||LifeOrb|GoodasGold|MakeItRain,ShadowBall,NastyPlot,Protect||||||50|,,,,,Water]Iron Hands||AssaultVest|QuarkDrive|WildCharge,DrainPunch,HeavySlam,FakeOut||||||50|,,,,,Fire\n|showteam|p2|Tornadus||MentalHerb|Prankster|BleakwindStorm,Tailwind,Taunt,RainDance|||M|||50|,,,,,Ghost]Flutter Mane||ChoiceSpecs|Protosynthesis|Moonblast,DazzlingGleam,ShadowBall,EnergyBall||||||50|,,,,,Fairy]Urshifu-Rapid-Strike||MysticWater|UnseenFist|SurgingStrikes,CloseCombat,AquaJet,Detect|||M|||50|,,,,,Water]Chien-Pao||FocusSash|SwordofRuin|IceSpinner,SuckerPunch,SacredSword,Protect||||||50|,,,,,Ghost]Okidogi||AssaultVest|GuardDog|GunkShot,DrainPunch,HighHorsepower,KnockOff|||M|||50|,,,,,Grass]Ogerpon-Hearthflame||HearthflameMask|MoldBreaker|SwordsDance,IvyCudgel,WoodHammer,SpikyShield|||F|||50|,,,,,Fire\n|\n|t:|1699812171\n|start\n|switch|p1a: Weezing|Weezing, L50, M|100\/100\n|switch|p1b: Thomas Jefferson|Landorus-Therian, L50, M|100\/100\n|switch|p2a: Genie of Health|Tornadus, L50, M|100\/100\n|switch|p2b: Heropon|Ogerpon-Hearthflame, L50, F|100\/100\n|-ability|p1a: Weezing|Neutralizing Gas\n|-block|p1b: Thomas Jefferson|item: Ability Shield\n|-ability|p1b: Thomas Jefferson|Intimidate|boost\n|-unboost|p2a: Genie of Health|atk|1\n|-unboost|p2b: Heropon|atk|1\n|turn|1\n|\n|t:|1699812212\n|-terastallize|p1b: Thomas Jefferson|Flying\n|move|p1a: Weezing|Protect|p1a: Weezing\n|-singleturn|p1a: Weezing|Protect\n|move|p2b: Heropon|Swords Dance|p2b: Heropon\n|-boost|p2b: Heropon|atk|2\n|move|p1b: Thomas Jefferson|Tera Blast|p2b: Heropon|[anim] Tera Blast Flying\n|-supereffective|p2b: Heropon\n|-damage|p2b: Heropon|0 fnt\n|faint|p2b: Heropon\n|move|p2a: Genie of Health|Tailwind|p2a: Genie of Health\n|-sidestart|p2: Granny Pie|move: Tailwind\n|\n|upkeep\n|c|\u2606Granny Pie|Wtf\n|\n|t:|1699812222\n|switch|p2b: Chien POW|Chien-Pao, L50|100\/100\n|turn|2\n|c|\u2606ToastedArt|no prankster\n|c|\u2606Granny Pie|No not that\n|c|\u2606Granny Pie|The turn 1 tera\n|c|\u2606ToastedArt|yeah\n|c|\u2606ToastedArt|get that thing OUT\n|\n|t:|1699812259\n|switch|p1b: Gholdengo|Gholdengo, L50|100\/100\n|move|p2b: Chien POW|Protect|p2b: Chien POW\n|-singleturn|p2b: Chien POW|Protect\n|move|p2a: Genie of Health|Rain Dance|p2a: Genie of Health\n|-weather|RainDance\n|move|p1a: Weezing|Will-O-Wisp|p2b: Chien POW\n|-activate|p2b: Chien POW|move: Protect\n|\n|-weather|RainDance|[upkeep]\n|upkeep\n|turn|3\n|\n|t:|1699812279\n|move|p2b: Chien POW|Ice Spinner|p1a: Weezing\n|-damage|p1a: Weezing|66\/100\n|move|p2a: Genie of Health|Bleakwind Storm|p1a: Weezing|[spread] p1a,p1b\n|-resisted|p1b: Gholdengo\n|-damage|p1a: Weezing|27\/100\n|-damage|p1b: Gholdengo|83\/100\n|-enditem|p1a: Weezing|Sitrus Berry|[eat]\n|-heal|p1a: Weezing|52\/100|[from] item: Sitrus Berry\n|move|p1b: Gholdengo|Make It Rain|p2b: Chien POW|[spread] p2a,p2b\n|-supereffective|p2b: Chien POW\n|-damage|p2a: Genie of Health|38\/100\n|-enditem|p2b: Chien POW|Focus Sash\n|-damage|p2b: Chien POW|1\/100\n|-unboost|p1b: Gholdengo|spa|1\n|-damage|p1b: Gholdengo|73\/100|[from] item: Life Orb\n|move|p1a: Weezing|Will-O-Wisp|p2b: Chien POW\n|-status|p2b: Chien POW|brn\n|\n|-weather|RainDance|[upkeep]\n|-damage|p2b: Chien POW|0 fnt|[from] brn\n|faint|p2b: Chien POW\n|upkeep\n|\n|t:|1699812289\n|switch|p2b: Flutter Mane BF|Urshifu-Rapid-Strike, L50, M|100\/100\n|turn|4\n|\n|t:|1699812304\n|switch|p1b: Iron Hands|Iron Hands, L50|100\/100\n|-terastallize|p2b: Flutter Mane BF|Water\n|move|p1a: Weezing|Protect|p1a: Weezing\n|-singleturn|p1a: Weezing|Protect\n|move|p2a: Genie of Health|Bleakwind Storm|p1b: Iron Hands|[spread] p1b\n|-activate|p1a: Weezing|move: Protect\n|-damage|p1b: Iron Hands|80\/100\n|move|p2b: Flutter Mane BF|Surging Strikes|p1a: Weezing\n|-activate|p1a: Weezing|move: Protect\n|\n|-weather|RainDance|[upkeep]\n|-sideend|p2: Granny Pie|move: Tailwind\n|upkeep\n|turn|5\n|\n|t:|1699812322\n|move|p2b: Flutter Mane BF|Detect|p2b: Flutter Mane BF\n|-singleturn|p2b: Flutter Mane BF|Protect\n|move|p1b: Iron Hands|Fake Out|p2a: Genie of Health\n|-damage|p2a: Genie of Health|18\/100\n|cant|p2a: Genie of Health|flinch\n|move|p1a: Weezing|Will-O-Wisp|p2b: Flutter Mane BF\n|-activate|p2b: Flutter Mane BF|move: Protect\n|\n|-weather|RainDance|[upkeep]\n|upkeep\n|turn|6\n|\n|t:|1699812338\n|move|p1a: Weezing|Protect|p1a: Weezing\n|-singleturn|p1a: Weezing|Protect\n|move|p2a: Genie of Health|Tailwind|p2a: Genie of Health\n|-sidestart|p2: Granny Pie|move: Tailwind\n|move|p2b: Flutter Mane BF|Surging Strikes|p1b: Iron Hands\n|-crit|p1b: Iron Hands\n|-damage|p1b: Iron Hands|41\/100\n|-crit|p1b: Iron Hands\n|-damage|p1b: Iron Hands|3\/100\n|-crit|p1b: Iron Hands\n|-damage|p1b: Iron Hands|0 fnt\n|faint|p1b: Iron Hands\n|-end|p1b: Iron Hands|Quark Drive|[silent]\n|-hitcount|p1: Iron Hands|3\n|\n|-weather|none\n|upkeep\n|\n|t:|1699812353\n|switch|p1b: Thomas Jefferson|Landorus-Therian, L50, M, tera:Flying|100\/100\n|-ability|p1b: Thomas Jefferson|Intimidate|boost\n|-unboost|p2a: Genie of Health|atk|1\n|-unboost|p2b: Flutter Mane BF|atk|1\n|turn|7\n|\n|t:|1699812362\n|switch|p1b: Gholdengo|Gholdengo, L50|73\/100\n|move|p2a: Genie of Health|Rain Dance|p2a: Genie of Health\n|-weather|RainDance\n|move|p2b: Flutter Mane BF|Surging Strikes|p1a: Weezing\n|-crit|p1a: Weezing\n|-damage|p1a: Weezing|15\/100\n|-crit|p1a: Weezing\n|-damage|p1a: Weezing|0 fnt\n|faint|p1a: Weezing\n|-end|p1a: Weezing|ability: Neutralizing Gas\n|-hitcount|p1: Weezing|2\n|\n|-weather|RainDance|[upkeep]\n|upkeep\n|\n|t:|1699812371\n|switch|p1a: Thomas Jefferson|Landorus-Therian, L50, M, tera:Flying|100\/100\n|-ability|p1a: Thomas Jefferson|Intimidate|boost\n|-unboost|p2a: Genie of Health|atk|1\n|-unboost|p2b: Flutter Mane BF|atk|1\n|turn|8\n|\n|t:|1699812386\n|move|p2a: Genie of Health|Bleakwind Storm|p1a: Thomas Jefferson|[spread] p1a,p1b\n|-resisted|p1b: Gholdengo\n|-damage|p1a: Thomas Jefferson|62\/100\n|-damage|p1b: Gholdengo|58\/100\n|-unboost|p1b: Gholdengo|spe|1\n|move|p2b: Flutter Mane BF|Surging Strikes|p1a: Thomas Jefferson\n|-crit|p1a: Thomas Jefferson\n|-damage|p1a: Thomas Jefferson|12\/100\n|-crit|p1a: Thomas Jefferson\n|-damage|p1a: Thomas Jefferson|0 fnt\n|faint|p1a: Thomas Jefferson\n|-hitcount|p1: Thomas Jefferson|2\n|move|p1b: Gholdengo|Make It Rain|p2a: Genie of Health|[spread] p2a,p2b\n|-resisted|p2b: Flutter Mane BF\n|-damage|p2a: Genie of Health|0 fnt\n|-damage|p2b: Flutter Mane BF|66\/100\n|-unboost|p1b: Gholdengo|spa|1\n|faint|p2a: Genie of Health\n|-damage|p1b: Gholdengo|48\/100|[from] item: Life Orb\n|\n|-weather|RainDance|[upkeep]\n|upkeep\n|turn|9\n|\n|t:|1699812405\n|move|p2b: Flutter Mane BF|Surging Strikes|p1b: Gholdengo\n|-crit|p1b: Gholdengo\n|-damage|p1b: Gholdengo|0 fnt\n|faint|p1b: Gholdengo\n|-hitcount|p1: Gholdengo|1\n|\n|win|Granny Pie\n|c|&|\/uhtml prompt-toastedart,ToastedArt is ready for game 3!\n","uploadtime":1699812412,"views":8,"p1id":"toastedart","p2id":"grannypie","formatid":"gen9vgc2023regulatione","rating":0,"private":0,"password":""}