{"id":"gen9vgc2023regulatione-1998632785","p1":"hahaha4","p2":"toddous","format":"[Gen 9] VGC 2023 Regulation E","log":"|j|\u2606hahaha4\n|j|\u2606toddous\n|t:|1700965428\n|gametype|doubles\n|player|p1|hahaha4|nurse|\n|player|p2|toddous|n|\n|teamsize|p1|6\n|teamsize|p2|6\n|gen|9\n|tier|[Gen 9] VGC 2023 Regulation E\n|rule|Species Clause: Limit one of each Pok\u00e9mon\n|rule|Item Clause: Limit one of each item\n|clearpoke\n|poke|p1|Landorus-Therian, L50, M|\n|poke|p1|Flutter Mane, L50|\n|poke|p1|Tornadus, L50, M|\n|poke|p1|Rillaboom, L50, F|\n|poke|p1|Chien-Pao, L50|\n|poke|p1|Ogerpon-Hearthflame, L50, F|\n|poke|p2|Zoroark-Hisui, L50, F|\n|poke|p2|Alomomola, L50, M|\n|poke|p2|Arcanine-Hisui, L50, F|\n|poke|p2|Ditto, L50|\n|poke|p2|Goodra-Hisui, L50, M|\n|poke|p2|Mandibuzz, L50, F|\n|teampreview|4\n|inactive|Battle timer is ON: inactive players will automatically lose when time's up. (requested by hahaha4)\n|inactive|toddous has 60 seconds left.\n|\n|t:|1700965467\n|start\n|switch|p1a: Ogerpon|Ogerpon-Hearthflame, L50, F|100\/100\n|switch|p1b: Rillaboom|Rillaboom, L50, F|100\/100\n|switch|p2a: Arcanine|Arcanine-Hisui, L50, F|100\/100\n|switch|p2b: Alomomola|Alomomola, L50, M|100\/100\n|-ability|p1a: Ogerpon|Mold Breaker\n|-fieldstart|move: Grassy Terrain|[from] ability: Grassy Surge|[of] p1b: Rillaboom\n|turn|1\n|inactive|hahaha4 has 30 seconds left.\n|inactive|hahaha4 has 20 seconds left.\n|inactive|hahaha4 has 15 seconds left.\n|\n|t:|1700965507\n|move|p2b: Alomomola|Protect|p2b: Alomomola\n|-singleturn|p2b: Alomomola|Protect\n|move|p1b: Rillaboom|Fake Out|p2a: Arcanine\n|-resisted|p2a: Arcanine\n|-damage|p2a: Arcanine|92\/100\n|move|p1a: Ogerpon|Stomping Tantrum|p2a: Arcanine\n|-supereffective|p2a: Arcanine\n|-damage|p2a: Arcanine|0 fnt\n|faint|p2a: Arcanine\n|\n|upkeep\n|\n|t:|1700965522\n|switch|p2a: Mandibuzz|Mandibuzz, L50, F|100\/100\n|turn|2\n|\n|t:|1700965540\n|switch|p2b: Goodra|Goodra-Hisui, L50, M|100\/100\n|-terastallize|p1a: Ogerpon|Fire\n|detailschange|p1a: Ogerpon|Ogerpon-Hearthflame-Tera, L50, F, tera:Fire\n|-ability|p1a: Ogerpon|Embody Aspect (Hearthflame)|boost\n|-boost|p1a: Ogerpon|atk|1\n|move|p1b: Rillaboom|Grassy Glide|p2b: Goodra\n|-ability|p2b: Goodra|Sap Sipper|boost\n|-boost|p2b: Goodra|atk|1\n|move|p1a: Ogerpon|Ivy Cudgel|p2a: Mandibuzz|[anim] Ivy Cudgel Fire\n|-damage|p2a: Mandibuzz|11\/100\n|move|p2a: Mandibuzz|Toxic|p1b: Rillaboom\n|-status|p1b: Rillaboom|tox\n|\n|-heal|p2a: Mandibuzz|17\/100|[from] item: Leftovers\n|-damage|p1b: Rillaboom|95\/100 tox|[from] psn\n|upkeep\n|turn|3\n|\n|t:|1700965564\n|switch|p2a: Alomomola|Alomomola, L50, M|100\/100\n|move|p1a: Ogerpon|Stomping Tantrum|p2b: Goodra\n|-supereffective|p2b: Goodra\n|-damage|p2b: Goodra|0 fnt\n|faint|p2b: Goodra\n|move|p1b: Rillaboom|High Horsepower|p2a: Alomomola\n|-crit|p2a: Alomomola\n|-damage|p2a: Alomomola|70\/100\n|-damage|p1b: Rillaboom|78\/100 tox|[from] item: Rocky Helmet|[of] p2a: Alomomola\n|\n|-heal|p1b: Rillaboom|84\/100 tox|[from] Grassy Terrain\n|-heal|p2a: Alomomola|77\/100|[from] Grassy Terrain\n|-damage|p1b: Rillaboom|72\/100 tox|[from] psn\n|upkeep\n|\n|t:|1700965573\n|switch|p2b: Mandibuzz|Mandibuzz, L50, F|17\/100\n|turn|4\n|\n|t:|1700965591\n|move|p1a: Ogerpon|Grassy Glide|p2b: Mandibuzz\n|-resisted|p2b: Mandibuzz\n|-damage|p2b: Mandibuzz|0 fnt\n|faint|p2b: Mandibuzz\n|move|p1b: Rillaboom|U-turn|p2a: Alomomola\n|-damage|p2a: Alomomola|63\/100\n|-damage|p1b: Rillaboom|56\/100 tox|[from] item: Rocky Helmet|[of] p2a: Alomomola\n|\n|t:|1700965598\n|switch|p1b: Chien-Pao|Chien-Pao, L50|100\/100|[from] U-turn\n|-ability|p1b: Chien-Pao|Sword of Ruin\n|move|p2a: Alomomola|Wish|p2a: Alomomola\n|\n|-heal|p2a: Alomomola|70\/100|[from] Grassy Terrain\n|upkeep\n|turn|5\n|\n|t:|1700965617\n|switch|p1a: Landorus|Landorus-Therian, L50, M|100\/100\n|-ability|p1a: Landorus|Intimidate|boost\n|-unboost|p2a: Alomomola|atk|1\n|move|p1b: Chien-Pao|Sacred Sword|p2a: Alomomola\n|-damage|p2a: Alomomola|49\/100\n|-damage|p1b: Chien-Pao|84\/100|[from] item: Rocky Helmet|[of] p2a: Alomomola\n|move|p2a: Alomomola|Scald|p1a: Landorus\n|-supereffective|p1a: Landorus\n|-damage|p1a: Landorus|69\/100\n|\n|-heal|p2a: Alomomola|99\/100|[from] move: Wish|[wisher] Alomomola\n|-heal|p1b: Chien-Pao|90\/100|[from] Grassy Terrain\n|-heal|p2a: Alomomola|100\/100|[from] Grassy Terrain\n|-fieldend|move: Grassy Terrain\n|upkeep\n|turn|6\n|inactive|hahaha4 has 30 seconds left.\n|\n|t:|1700965649\n|move|p1a: Landorus|U-turn|p2a: Alomomola\n|-damage|p2a: Alomomola|81\/100\n|-damage|p1a: Landorus|52\/100|[from] item: Rocky Helmet|[of] p2a: Alomomola\n|\n|t:|1700965654\n|switch|p1a: Rillaboom|Rillaboom, L50, F|56\/100 tox|[from] U-turn\n|-fieldstart|move: Grassy Terrain|[from] ability: Grassy Surge|[of] p1a: Rillaboom\n|move|p1b: Chien-Pao|Sacred Sword|p2a: Alomomola\n|-damage|p2a: Alomomola|61\/100\n|-damage|p1b: Chien-Pao|73\/100|[from] item: Rocky Helmet|[of] p2a: Alomomola\n|move|p2a: Alomomola|Wish|p2a: Alomomola\n|\n|-heal|p1b: Chien-Pao|79\/100|[from] Grassy Terrain\n|-heal|p1a: Rillaboom|62\/100 tox|[from] Grassy Terrain\n|-heal|p2a: Alomomola|67\/100|[from] Grassy Terrain\n|-damage|p1a: Rillaboom|56\/100 tox|[from] psn\n|upkeep\n|turn|7\n|\n|t:|1700965666\n|switch|p1b: Ogerpon|Ogerpon-Hearthflame-Tera, L50, F, tera:Fire|100\/100\n|-ability|p1b: Ogerpon|Embody Aspect (Hearthflame)|boost\n|-boost|p1b: Ogerpon|atk|1\n|move|p1a: Rillaboom|Fake Out|p2a: Alomomola\n|-damage|p2a: Alomomola|59\/100\n|-damage|p1a: Rillaboom|40\/100 tox|[from] item: Rocky Helmet|[of] p2a: Alomomola\n|cant|p2a: Alomomola|flinch\n|\n|-heal|p2a: Alomomola|100\/100|[from] move: Wish|[wisher] Alomomola\n|-heal|p1a: Rillaboom|45\/100 tox|[from] Grassy Terrain\n|-damage|p1a: Rillaboom|34\/100 tox|[from] psn\n|upkeep\n|turn|8\n|\n|t:|1700965677\n|move|p1b: Ogerpon|Grassy Glide|p2a: Alomomola\n|-supereffective|p2a: Alomomola\n|-damage|p2a: Alomomola|29\/100\n|-damage|p1b: Ogerpon|84\/100|[from] item: Rocky Helmet|[of] p2a: Alomomola\n|move|p1a: Rillaboom|Grassy Glide|p2a: Alomomola\n|-supereffective|p2a: Alomomola\n|-damage|p2a: Alomomola|0 fnt\n|-damage|p1a: Rillaboom|17\/100 tox|[from] item: Rocky Helmet|[of] p2a: Alomomola\n|faint|p2a: Alomomola\n|\n|win|hahaha4\n|l|\u2606toddous\n|l|\u2606hahaha4\n|j|\u2606hahaha4\n|player|p1|hahaha4|nurse\n","uploadtime":1700965728,"views":1,"p1id":"hahaha4","p2id":"toddous","formatid":"gen9vgc2023regulatione","rating":0,"private":0,"password":""}