{"id":"gen9vgc2023regulatione-1998949970","p1":"Genericname01","p2":"5wamp","format":"[Gen 9] VGC 2023 Regulation E","log":"|j|\u2606Genericname01\n|j|\u26065wamp\n|n|\u2606Genericname01|genericname01\n|n|\u26065wamp|5wamp\n|html|View the match progress at <a href=\"\/game-bestof3-gen9vgc2023regulatione-1998947742\">game-bestof3-gen9vgc2023regulatione-1998947742<\/a>\n|t:|1701016790\n|gametype|doubles\n|player|p1|Genericname01|elesa|\n|player|p2|5wamp|carmine-festival|\n|teamsize|p1|6\n|teamsize|p2|6\n|gen|9\n|tier|[Gen 9] VGC 2023 Regulation E\n|rule|Species Clause: Limit one of each Pok\u00e9mon\n|rule|Item Clause: Limit one of each item\n|clearpoke\n|poke|p1|Annihilape, L50, M|\n|poke|p1|Sandy Shocks, L50|\n|poke|p1|Overqwil, L50, M|\n|poke|p1|Shiftry, L50, F|\n|poke|p1|Roaring Moon, L50|\n|poke|p1|Ninetales, L50, M|\n|poke|p2|Gholdengo, L50|\n|poke|p2|Iron Moth, L50|\n|poke|p2|Clefable, L50, F|\n|poke|p2|Krookodile, L50, M|\n|poke|p2|Tornadus, L50, M|\n|poke|p2|Milotic, L50, F|\n|teampreview|4\n|inactive|Battle timer is ON: inactive players will automatically lose when time's up. (requested by Genericname01)\n|inactiveoff|Battle timer is now OFF.\n5wamp rejected open team sheets.\nGenericname01 rejected open team sheets.\n|c|\u26065wamp|glhf\n|c|\u2606Genericname01|glhf\n|\n|t:|1701016832\n|start\n|switch|p1a: Roaring Moon|Roaring Moon, L50|100\/100\n|switch|p1b: Annihilape|Annihilape, L50, M|100\/100\n|switch|p2a: Krookodile|Krookodile, L50, M|100\/100\n|switch|p2b: Tornadus|Tornadus, L50, M|100\/100\n|-ability|p2a: Krookodile|Intimidate|boost\n|-unboost|p1a: Roaring Moon|atk|1\n|-unboost|p1b: Annihilape|atk|1\n|-ability|p1b: Annihilape|Defiant|boost\n|-boost|p1b: Annihilape|atk|2\n|-enditem|p1a: Roaring Moon|Booster Energy\n|-activate|p1a: Roaring Moon|ability: Protosynthesis|[fromitem]\n|-start|p1a: Roaring Moon|protosynthesisspe\n|turn|1\n|\n|t:|1701016854\n|-terastallize|p2a: Krookodile|Dark\n|move|p1a: Roaring Moon|Protect|p1a: Roaring Moon\n|-singleturn|p1a: Roaring Moon|Protect\n|move|p2b: Tornadus|Tailwind|p2b: Tornadus\n|-sidestart|p2: 5wamp|move: Tailwind\n|move|p2a: Krookodile|Foul Play|p1b: Annihilape\n|-damage|p1b: Annihilape|0 fnt\n|faint|p1b: Annihilape\n|\n|upkeep\n|j| idolhunter28273\n|c| idolhunter28273|booooooooooooooom\n|\n|t:|1701016865\n|switch|p1b: Ninetales|Ninetales, L50, M|100\/100\n|-weather|SunnyDay|[from] ability: Drought|[of] p1b: Ninetales\n|turn|2\n|\n|t:|1701016881\n|move|p2b: Tornadus|Tailwind||[still]\n|-fail|p2b: Tornadus\n|move|p2a: Krookodile|Foul Play|p1b: Ninetales\n|-damage|p1b: Ninetales|51\/100\n|move|p1a: Roaring Moon|Dragon Dance|p1a: Roaring Moon\n|-boost|p1a: Roaring Moon|atk|1\n|-boost|p1a: Roaring Moon|spe|1\n|move|p1b: Ninetales|Will-O-Wisp|p2a: Krookodile\n|-status|p2a: Krookodile|brn\n|\n|-weather|SunnyDay|[upkeep]\n|-damage|p2a: Krookodile|95\/100 brn|[from] brn\n|upkeep\n|turn|3\n|\n|t:|1701016905\n|switch|p2a: Iron Moth|Iron Moth, L50|100\/100\n|-enditem|p2a: Iron Moth|Booster Energy\n|-activate|p2a: Iron Moth|ability: Quark Drive|[fromitem]\n|-start|p2a: Iron Moth|quarkdrivespa\n|-terastallize|p1a: Roaring Moon|Flying\n|move|p1a: Roaring Moon|Acrobatics|p2a: Iron Moth\n|-damage|p2a: Iron Moth|0 fnt\n|faint|p2a: Iron Moth\n|-end|p2a: Iron Moth|Quark Drive|[silent]\n|move|p2b: Tornadus|Bleakwind Storm|p1a: Roaring Moon|[spread] p1a,p1b\n|-damage|p1a: Roaring Moon|65\/100\n|-damage|p1b: Ninetales|12\/100\n|move|p1b: Ninetales|Howl|p1b: Ninetales|[spread] p1a,p1b\n|-boost|p1a: Roaring Moon|atk|1\n|-boost|p1b: Ninetales|atk|1\n|\n|-weather|SunnyDay|[upkeep]\n|upkeep\n|\n|t:|1701016918\n|switch|p2a: Clefable|Clefable, L50, F|100\/100\n|turn|4\n|\n|t:|1701016926\n|move|p1a: Roaring Moon|Acrobatics|p2a: Clefable\n|-damage|p2a: Clefable|31\/100\n|-enditem|p2a: Clefable|Sitrus Berry|[eat]\n|-heal|p2a: Clefable|55\/100|[from] item: Sitrus Berry\n|move|p2b: Tornadus|Bleakwind Storm|p1a: Roaring Moon|[spread] \n|-miss|p2b: Tornadus|p1a: Roaring Moon\n|-miss|p2b: Tornadus|p1b: Ninetales\n|move|p2a: Clefable|Icy Wind|p1a: Roaring Moon|[spread] p1a,p1b\n|-supereffective|p1a: Roaring Moon\n|-resisted|p1b: Ninetales\n|-damage|p1a: Roaring Moon|46\/100\n|-damage|p1b: Ninetales|8\/100\n|-unboost|p1a: Roaring Moon|spe|1\n|-unboost|p1b: Ninetales|spe|1\n|move|p1b: Ninetales|Fire Blast|p2b: Tornadus\n|-damage|p2b: Tornadus|30\/100\n|\n|-weather|SunnyDay|[upkeep]\n|-sideend|p2: 5wamp|move: Tailwind\n|upkeep\n|turn|5\n|\n|t:|1701016958\n|move|p2b: Tornadus|Tailwind|p2b: Tornadus\n|-sidestart|p2: 5wamp|move: Tailwind\n|move|p1a: Roaring Moon|Acrobatics|p2a: Clefable\n|-damage|p2a: Clefable|0 fnt\n|faint|p2a: Clefable\n|move|p1b: Ninetales|Fire Blast|p2b: Tornadus|[miss]\n|-miss|p1b: Ninetales|p2b: Tornadus\n|\n|-weather|SunnyDay|[upkeep]\n|upkeep\n|\n|t:|1701016964\n|switch|p2a: Krookodile|Krookodile, L50, M, tera:Dark|95\/100 brn\n|-ability|p2a: Krookodile|Intimidate|boost\n|-unboost|p1a: Roaring Moon|atk|1\n|-unboost|p1b: Ninetales|atk|1\n|turn|6\n|\n|t:|1701016976\n|move|p2b: Tornadus|Bleakwind Storm|p1a: Roaring Moon|[spread] p1a,p1b\n|-damage|p1a: Roaring Moon|8\/100\n|-damage|p1b: Ninetales|0 fnt\n|faint|p1b: Ninetales\n|move|p2a: Krookodile|Rock Slide|p1a: Roaring Moon\n|-supereffective|p1a: Roaring Moon\n|-damage|p1a: Roaring Moon|0 fnt\n|faint|p1a: Roaring Moon\n|-end|p1a: Roaring Moon|Protosynthesis|[silent]\n|\n|-weather|SunnyDay|[upkeep]\n|-damage|p2a: Krookodile|89\/100 brn|[from] brn\n|upkeep\n|\n|t:|1701016986\n|switch|p1a: Sandy Shocks|Sandy Shocks, L50|100\/100\n|-activate|p1a: Sandy Shocks|ability: Protosynthesis\n|-start|p1a: Sandy Shocks|protosynthesisspa\n|turn|7\n|\n|t:|1701017001\n|move|p2b: Tornadus|Rain Dance|p2b: Tornadus\n|-weather|RainDance\n|-end|p1a: Sandy Shocks|Protosynthesis\n|move|p2a: Krookodile|Rock Slide|p1a: Sandy Shocks\n|-resisted|p1a: Sandy Shocks\n|-damage|p1a: Sandy Shocks|91\/100\n|move|p1a: Sandy Shocks|Thunderbolt|p2a: Krookodile\n|-damage|p2a: Krookodile|0 fnt\n|faint|p2a: Krookodile\n|\n|-weather|RainDance|[upkeep]\n|upkeep\n|turn|8\n|c|\u26065wamp|gg\n|\n|t:|1701017012\n|move|p2b: Tornadus|Rain Dance||[still]\n|-fail|p2b: Tornadus\n|move|p1a: Sandy Shocks|Thunderbolt|p2b: Tornadus\n|-supereffective|p2b: Tornadus\n|-damage|p2b: Tornadus|0 fnt\n|faint|p2b: Tornadus\n|\n|win|Genericname01\n|c|\u2606Genericname01|gg\n|c|&|\/uhtml prompt-5wamp,5wamp is ready for game 3!\n|c|&|\/uhtml prompt-genericname01,Genericname01 is ready for game 3!\nBoth players are ready! Starting next match!\n|l| idolhunter28273\n|j| pokemon_and_beer\n|l| pokemon_and_beer\n","uploadtime":1701017351,"views":2,"p1id":"genericname01","p2id":"5wamp","formatid":"gen9vgc2023regulatione","rating":0,"private":0,"password":""}