{"id":"gen9vgc2023regulatione-1988630624","p1":"TapuNull418","p2":"rainlover78","format":"[Gen 9] VGC 2023 Regulation E","log":"|j|\u2606TapuNull418\n|j|\u2606rainlover78\n|t:|1699743983\n|gametype|doubles\n|player|p1|TapuNull418|102|1038\n|player|p2|rainlover78|n|1000\n|teamsize|p1|6\n|teamsize|p2|6\n|gen|9\n|tier|[Gen 9] VGC 2023 Regulation E\n|rated|\n|rule|Species Clause: Limit one of each Pok\u00e9mon\n|rule|Item Clause: Limit one of each item\n|clearpoke\n|poke|p1|Landorus-Therian, L50, M|\n|poke|p1|Flutter Mane, L50|\n|poke|p1|Iron Hands, L50|\n|poke|p1|Sinistcha-Masterpiece, L50|\n|poke|p1|Heatran, L50, M|\n|poke|p1|Urshifu-*, L50, F|\n|poke|p2|Sinistcha, L50|\n|poke|p2|Ursaluna-Bloodmoon, L50, M|\n|poke|p2|Cresselia, L50, F|\n|poke|p2|Iron Hands, L50|\n|poke|p2|Flutter Mane, L50|\n|poke|p2|Landorus-Therian, L50, M|\n|teampreview|4\nTapuNull418 has agreed to open team sheets.\n|\n|t:|1699744021\n|start\n|switch|p1a: Landorus|Landorus-Therian, L50, M|100\/100\n|switch|p1b: Urshifu|Urshifu-Rapid-Strike, L50, F|100\/100\n|switch|p2a: Cresselia|Cresselia, L50, F|100\/100\n|switch|p2b: Landorus|Landorus-Therian, L50, M|100\/100\n|-ability|p1a: Landorus|Intimidate|boost\n|-unboost|p2a: Cresselia|atk|1\n|-unboost|p2b: Landorus|atk|1\n|-ability|p2b: Landorus|Intimidate|boost\n|-unboost|p1a: Landorus|atk|1\n|-unboost|p1b: Urshifu|atk|1\n|turn|1\n|\n|t:|1699744039\n|move|p1b: Urshifu|Detect|p1b: Urshifu\n|-singleturn|p1b: Urshifu|Protect\n|move|p1a: Landorus|U-turn|p2a: Cresselia\n|-supereffective|p2a: Cresselia\n|-damage|p2a: Cresselia|78\/100\n|\n|t:|1699744047\n|switch|p1a: Sinistcha|Sinistcha-Masterpiece, L50, shiny|100\/100|[from] U-turn\n|move|p2b: Landorus|U-turn|p1b: Urshifu\n|-activate|p1b: Urshifu|move: Protect\n|move|p2a: Cresselia|Trick Room|p2a: Cresselia\n|-fieldstart|move: Trick Room|[of] p2a: Cresselia\n|\n|upkeep\n|turn|2\n|\n|t:|1699744063\n|move|p2a: Cresselia|Psychic|p1b: Urshifu\n|-supereffective|p1b: Urshifu\n|-damage|p1b: Urshifu|19\/100\n|move|p1b: Urshifu|Surging Strikes|p2b: Landorus\n|-supereffective|p2b: Landorus\n|-crit|p2b: Landorus\n|-damage|p2b: Landorus|51\/100\n|-supereffective|p2b: Landorus\n|-crit|p2b: Landorus\n|-damage|p2b: Landorus|0 fnt\n|faint|p2b: Landorus\n|-hitcount|p2: Landorus|2\n|move|p1a: Sinistcha|Trick Room|p1a: Sinistcha\n|-fieldend|move: Trick Room\n|\n|upkeep\n|\n|t:|1699744076\n|switch|p2b: Sinistcha|Sinistcha, L50|100\/100\n|-heal|p2a: Cresselia|100\/100|[from] ability: Hospitality|[of] p2b: Sinistcha\n|turn|3\n|\n|t:|1699744089\n|move|p2b: Sinistcha|Rage Powder|p2b: Sinistcha\n|-singleturn|p2b: Sinistcha|move: Rage Powder\n|move|p1a: Sinistcha|Rage Powder|p1a: Sinistcha\n|-singleturn|p1a: Sinistcha|move: Rage Powder\n|move|p1b: Urshifu|Surging Strikes|p2b: Sinistcha\n|-resisted|p2b: Sinistcha\n|-crit|p2b: Sinistcha\n|-damage|p2b: Sinistcha|90\/100\n|-damage|p1b: Urshifu|2\/100|[from] item: Rocky Helmet|[of] p2b: Sinistcha\n|-resisted|p2b: Sinistcha\n|-crit|p2b: Sinistcha\n|-damage|p2b: Sinistcha|80\/100\n|-damage|p1b: Urshifu|0 fnt|[from] item: Rocky Helmet|[of] p2b: Sinistcha\n|faint|p1b: Urshifu\n|-hitcount|p2b: Sinistcha|2\n|move|p2a: Cresselia|Trick Room|p2a: Cresselia\n|-fieldstart|move: Trick Room|[of] p2a: Cresselia\n|\n|upkeep\n|\n|t:|1699744104\n|switch|p1b: Heatran|Heatran, L50, M|100\/100\n|turn|4\n|\n|t:|1699744123\n|-terastallize|p2a: Cresselia|Ice\n|move|p1a: Sinistcha|Matcha Gotcha|p2a: Cresselia|[spread] p2a,p2b\n|-resisted|p2b: Sinistcha\n|-damage|p2a: Cresselia|86\/100\n|-damage|p2b: Sinistcha|69\/100\n|move|p1b: Heatran|Heat Wave|p2a: Cresselia|[spread] p2a,p2b\n|-supereffective|p2a: Cresselia\n|-supereffective|p2b: Sinistcha\n|-damage|p2a: Cresselia|40\/100\n|-damage|p2b: Sinistcha|0 fnt\n|faint|p2b: Sinistcha\n|move|p2a: Cresselia|Ice Beam|p1a: Sinistcha\n|-supereffective|p1a: Sinistcha\n|-damage|p1a: Sinistcha|45\/100\n|\n|upkeep\n|\n|t:|1699744134\n|switch|p2b: Ursaluna|Ursaluna-Bloodmoon, L50, M|100\/100\n|turn|5\n|\n|t:|1699744166\n|switch|p1b: Landorus|Landorus-Therian, L50, M|100\/100\n|-ability|p1b: Landorus|Intimidate|boost\n|-unboost|p2a: Cresselia|atk|1\n|-unboost|p2b: Ursaluna|atk|1\n|move|p2b: Ursaluna|Earth Power|p1b: Landorus\n|-immune|p1b: Landorus\n|move|p2a: Cresselia|Lunar Blessing|p2a: Cresselia|[spread] p2a,p2b\n|-heal|p2a: Cresselia|65\/100\n|move|p1a: Sinistcha|Trick Room|p1a: Sinistcha\n|-fieldend|move: Trick Room\n|\n|upkeep\n|turn|6\n|\n|t:|1699744194\n|move|p1b: Landorus|Rock Slide|p2b: Ursaluna|[spread] p2a,p2b\n|-supereffective|p2a: Cresselia\n|-resisted|p2b: Ursaluna\n|-damage|p2a: Cresselia|38\/100\n|-damage|p2b: Ursaluna|93\/100\n|move|p2a: Cresselia|Psychic|p1a: Sinistcha\n|-damage|p1a: Sinistcha|17\/100\n|move|p1a: Sinistcha|Strength Sap|p2b: Ursaluna\n|-unboost|p2b: Ursaluna|atk|1\n|-heal|p1a: Sinistcha|45\/100\n|cant|p2b: Ursaluna|flinch\n|\n|upkeep\n|turn|7\n|\n|t:|1699744219\n|move|p1b: Landorus|Rock Slide|p2b: Ursaluna|[spread] p2a,p2b\n|-supereffective|p2a: Cresselia\n|-resisted|p2b: Ursaluna\n|-damage|p2a: Cresselia|15\/100\n|-damage|p2b: Ursaluna|85\/100\n|move|p2a: Cresselia|Ice Beam|p1a: Sinistcha\n|-supereffective|p1a: Sinistcha\n|-crit|p1a: Sinistcha\n|-damage|p1a: Sinistcha|0 fnt\n|faint|p1a: Sinistcha\n|move|p2b: Ursaluna|Earth Power|p1b: Landorus\n|-immune|p1b: Landorus\n|\n|upkeep\n|\n|t:|1699744229\n|switch|p1a: Heatran|Heatran, L50, M|100\/100\n|turn|8\n|\n|t:|1699744263\n|-terastallize|p1a: Heatran|Grass\n|move|p1b: Landorus|Rock Slide|p2a: Cresselia|[spread] p2a\n|-miss|p1b: Landorus|p2b: Ursaluna\n|-supereffective|p2a: Cresselia\n|-damage|p2a: Cresselia|0 fnt\n|faint|p2a: Cresselia\n|move|p1a: Heatran|Heat Wave|p2b: Ursaluna\n|-damage|p2b: Ursaluna|28\/100\n|move|p2b: Ursaluna|Earth Power|p1a: Heatran\n|-resisted|p1a: Heatran\n|-damage|p1a: Heatran|79\/100\n|\n|-heal|p1a: Heatran|85\/100|[from] item: Leftovers\n|upkeep\n|turn|9\n|-message|rainlover78 forfeited.\n|\n|win|TapuNull418\n|raw|TapuNull418's rating: 1038 &rarr; <strong>1069<\/strong><br \/>(+31 for winning)\n|raw|rainlover78's rating: 1000 &rarr; <strong>1000<\/strong><br \/>(+0 for losing)\n|l|\u2606rainlover78\n","uploadtime":1699744286,"views":16,"p1id":"tapunull418","p2id":"rainlover78","formatid":"gen9vgc2023regulatione","rating":1000,"private":0,"password":""}