{"id":"gen9vgc2023regulatione-1994339431","p1":"luk29powavgcwp","p2":"juicy meta","format":"[Gen 9] VGC 2023 Regulation E","log":"|j|\u2606luk29powavgcwp\n|j|\u2606juicy meta\n|t:|1700432794\n|gametype|doubles\n|player|p1|luk29powavgcwp|266|1167\n|player|p2|juicy meta|266|1140\n|teamsize|p1|6\n|teamsize|p2|6\n|gen|9\n|tier|[Gen 9] VGC 2023 Regulation E\n|rated|\n|rule|Species Clause: Limit one of each Pok\u00e9mon\n|rule|Item Clause: Limit one of each item\n|clearpoke\n|poke|p1|Sableye, L50, F|\n|poke|p1|Volcarona, L50, M|\n|poke|p1|Okidogi, L50, M|\n|poke|p1|Flutter Mane, L50|\n|poke|p1|Rillaboom, L50, M|\n|poke|p1|Ting-Lu, L50|\n|poke|p2|Chandelure, L50, F|\n|poke|p2|Clefairy, L50, F|\n|poke|p2|Torkoal, L50, F|\n|poke|p2|Lilligant-Hisui, L50, F|\n|poke|p2|Cresselia, L50, F|\n|poke|p2|Greedent, L50, M|\n|teampreview|4\n|\n|t:|1700432843\n|start\n|switch|p1a: Okidogi|Okidogi, L50, M|100\/100\n|switch|p1b: Sableye|Sableye, L50, F|100\/100\n|switch|p2a: Clefairy|Clefairy, L50, F|100\/100\n|switch|p2b: Chandelure|Chandelure, L50, F|100\/100\n|turn|1\n|\n|t:|1700432886\n|-terastallize|p1a: Okidogi|Water\n|move|p2a: Clefairy|Follow Me|p2a: Clefairy\n|-singleturn|p2a: Clefairy|move: Follow Me\n|move|p1b: Sableye|Light Screen|p1b: Sableye\n|-sidestart|p1: luk29powavgcwp|move: Light Screen\n|move|p1a: Okidogi|Bulk Up|p1a: Okidogi\n|-boost|p1a: Okidogi|atk|1\n|-boost|p1a: Okidogi|def|1\n|move|p2b: Chandelure|Overheat|p1b: Sableye\n|-damage|p1b: Sableye|29\/100\n|-unboost|p2b: Chandelure|spa|2\n|-damage|p2b: Chandelure|91\/100|[from] item: Life Orb\n|\n|upkeep\n|turn|2\n|\n|t:|1700432942\n|switch|p2b: Torkoal|Torkoal, L50, F|100\/100\n|-weather|SunnyDay|[from] ability: Drought|[of] p2b: Torkoal\n|switch|p2a: Lilligant|Lilligant-Hisui, L50, F|100\/100\n|move|p1b: Sableye|Encore||[still]\n|-fail|p1b: Sableye\n|move|p1a: Okidogi|Bulk Up|p1a: Okidogi\n|-boost|p1a: Okidogi|atk|1\n|-boost|p1a: Okidogi|def|1\n|\n|-weather|SunnyDay|[upkeep]\n|upkeep\n|turn|3\n|\n|t:|1700432977\n|-terastallize|p2a: Lilligant|Grass\n|move|p1b: Sableye|Will-O-Wisp|p2a: Lilligant\n|-status|p2a: Lilligant|brn\n|move|p2a: Lilligant|Leaf Blade|p1a: Okidogi\n|-supereffective|p1a: Okidogi\n|-damage|p1a: Okidogi|74\/100\n|move|p1a: Okidogi|Knock Off|p2a: Lilligant\n|-enditem|p2a: Lilligant|Focus Sash\n|-damage|p2a: Lilligant|1\/100 brn\n|move|p2b: Torkoal|Eruption|p1a: Okidogi|[spread] p1a,p1b\n|-resisted|p1a: Okidogi\n|-damage|p1a: Okidogi|48\/100\n|-damage|p1b: Sableye|0 fnt\n|faint|p1b: Sableye\n|\n|-weather|SunnyDay|[upkeep]\n|-heal|p1a: Okidogi|54\/100|[from] item: Leftovers\n|-damage|p2a: Lilligant|0 fnt|[from] brn\n|faint|p2a: Lilligant\n|upkeep\n|\n|t:|1700433004\n|switch|p2a: Chandelure|Chandelure, L50, F|91\/100\n|switch|p1b: Flutter Mane|Flutter Mane, L50|100\/100\n|-activate|p1b: Flutter Mane|ability: Protosynthesis\n|-start|p1b: Flutter Mane|protosynthesisspe\n|turn|4\n|\n|t:|1700433025\n|move|p2a: Chandelure|Protect|p2a: Chandelure\n|-singleturn|p2a: Chandelure|Protect\n|move|p1b: Flutter Mane|Shadow Ball|p2b: Torkoal\n|-damage|p2b: Torkoal|24\/100\n|move|p1a: Okidogi|Knock Off|p2a: Chandelure\n|-activate|p2a: Chandelure|move: Protect\n|move|p2b: Torkoal|Clear Smog|p1a: Okidogi\n|-damage|p1a: Okidogi|45\/100\n|-clearboost|p1a: Okidogi\n|\n|-weather|SunnyDay|[upkeep]\n|-heal|p1a: Okidogi|51\/100|[from] item: Leftovers\n|upkeep\n|turn|5\n|\n|t:|1700433052\n|switch|p2a: Clefairy|Clefairy, L50, F|100\/100\n|move|p1b: Flutter Mane|Shadow Ball|p2a: Clefairy\n|-damage|p2a: Clefairy|51\/100\n|move|p1a: Okidogi|Bulk Up|p1a: Okidogi\n|-boost|p1a: Okidogi|atk|1\n|-boost|p1a: Okidogi|def|1\n|move|p2b: Torkoal|Heat Wave|p1a: Okidogi|[spread] p1a,p1b\n|-resisted|p1a: Okidogi\n|-damage|p1a: Okidogi|34\/100\n|-damage|p1b: Flutter Mane|69\/100\n|\n|-weather|SunnyDay|[upkeep]\n|-heal|p1a: Okidogi|40\/100|[from] item: Leftovers\n|upkeep\n|turn|6\n|\n|t:|1700433087\n|-end|p1b: Flutter Mane|Protosynthesis|[silent]\n|switch|p1b: Ting-Lu|Ting-Lu, L50|100\/100\n|-ability|p1b: Ting-Lu|Vessel of Ruin\n|move|p2a: Clefairy|Follow Me|p2a: Clefairy\n|-singleturn|p2a: Clefairy|move: Follow Me\n|move|p1a: Okidogi|Knock Off|p2a: Clefairy\n|-resisted|p2a: Clefairy\n|-damage|p2a: Clefairy|28\/100\n|-enditem|p2a: Clefairy|Eviolite|[from] move: Knock Off|[of] p1a: Okidogi\n|move|p2b: Torkoal|Clear Smog|p1a: Okidogi\n|-damage|p1a: Okidogi|33\/100\n|-clearboost|p1a: Okidogi\n|\n|-weather|none\n|-heal|p1a: Okidogi|39\/100|[from] item: Leftovers\n|upkeep\n|turn|7\n|\n|t:|1700433118\n|move|p2a: Clefairy|Follow Me|p2a: Clefairy\n|-singleturn|p2a: Clefairy|move: Follow Me\n|move|p1a: Okidogi|Drain Punch|p2a: Clefairy\n|-resisted|p2a: Clefairy\n|-crit|p2a: Clefairy\n|-damage|p2a: Clefairy|0 fnt\n|-heal|p1a: Okidogi|52\/100|[from] drain|[of] p2a: Clefairy\n|faint|p2a: Clefairy\n|move|p1b: Ting-Lu|Sand Tomb|p2b: Torkoal\n|-supereffective|p2b: Torkoal\n|-damage|p2b: Torkoal|0 fnt\n|faint|p2b: Torkoal\n|\n|-heal|p1a: Okidogi|58\/100|[from] item: Leftovers\n|upkeep\n|\n|t:|1700433133\n|switch|p2a: Chandelure|Chandelure, L50, F|91\/100\n|turn|8\n|\n|t:|1700433143\n|move|p2a: Chandelure|Protect|p2a: Chandelure\n|-singleturn|p2a: Chandelure|Protect\n|move|p1a: Okidogi|Knock Off|p2a: Chandelure\n|-activate|p2a: Chandelure|move: Protect\n|move|p1b: Ting-Lu|Ruination|p2a: Chandelure\n|-activate|p2a: Chandelure|move: Protect\n|\n|-heal|p1a: Okidogi|64\/100|[from] item: Leftovers\n|-sideend|p1: luk29powavgcwp|move: Light Screen\n|upkeep\n|turn|9\n|\n|t:|1700433163\n|move|p1a: Okidogi|Knock Off|p2a: Chandelure\n|-supereffective|p2a: Chandelure\n|-damage|p2a: Chandelure|18\/100\n|-enditem|p2a: Chandelure|Life Orb|[from] move: Knock Off|[of] p1a: Okidogi\n|move|p2a: Chandelure|Dark Pulse|p1b: Ting-Lu\n|-resisted|p1b: Ting-Lu\n|-damage|p1b: Ting-Lu|94\/100\n|move|p1b: Ting-Lu|Sand Tomb|p2a: Chandelure\n|-supereffective|p2a: Chandelure\n|-damage|p2a: Chandelure|0 fnt\n|faint|p2a: Chandelure\n|\n|win|luk29powavgcwp\n|raw|luk29powavgcwp's rating: 1167 &rarr; <strong>1190<\/strong><br \/>(+23 for winning)\n|raw|juicy meta's rating: 1140 &rarr; <strong>1117<\/strong><br \/>(-23 for losing)\n|l|\u2606juicy meta\n","uploadtime":1700433178,"views":5,"p1id":"luk29powavgcwp","p2id":"juicymeta","formatid":"gen9vgc2023regulatione","rating":1117,"private":0,"password":""}