{"id":"gen9vgc2023regulatione-1995072156","p1":"TheGreenTotoro","p2":"HiroBready","format":"[Gen 9] VGC 2023 Regulation E","log":"|j|\u2606TheGreenTotoro\n|j|\u2606HiroBready\n|t:|1700519499\n|gametype|doubles\n|player|p1|TheGreenTotoro|101|1600\n|player|p2|HiroBready|lucas-gen4pt|1563\n|teamsize|p1|6\n|teamsize|p2|6\n|gen|9\n|tier|[Gen 9] VGC 2023 Regulation E\n|rated|\n|rule|Species Clause: Limit one of each Pok\u00e9mon\n|rule|Item Clause: Limit one of each item\n|clearpoke\n|poke|p1|Tatsugiri, L50, M|\n|poke|p1|Heatran, L50, F|\n|poke|p1|Dondozo, L50, F|\n|poke|p1|Tinkaton, L50, F|\n|poke|p1|Cresselia, L50, F|\n|poke|p1|Glimmora, L50, M|\n|poke|p2|Mamoswine, L50, M|\n|poke|p2|Thundurus, L50, M|\n|poke|p2|Landorus-Therian, L50, M|\n|poke|p2|Heatran, L50, M|\n|poke|p2|Ogerpon-Wellspring, L50, F|\n|poke|p2|Roaring Moon, L50|\n|teampreview|4\n|inactive|Battle timer is ON: inactive players will automatically lose when time's up. (requested by HiroBready)\n|\n|t:|1700519520\n|start\n|switch|p1a: Tinkaton|Tinkaton, L50, F|100\/100\n|switch|p1b: Cresselia|Cresselia, L50, F|100\/100\n|switch|p2a: Manfred|Mamoswine, L50, M|100\/100\n|switch|p2b: Raiju|Thundurus, L50, M|100\/100\n|-ability|p1a: Tinkaton|Mold Breaker\n|turn|1\n|inactive|TheGreenTotoro has 30 seconds left.\n|inactive|TheGreenTotoro has 20 seconds left.\n|\n|t:|1700519557\n|move|p1a: Tinkaton|Fake Out|p2a: Manfred\n|-damage|p2a: Manfred|92\/100\n|move|p2b: Raiju|Thunder Wave|p1b: Cresselia\n|-status|p1b: Cresselia|par\n|cant|p2a: Manfred|flinch\n|move|p1b: Cresselia|Moonblast|p2b: Raiju\n|-damage|p2b: Raiju|80\/100\n|\n|upkeep\n|turn|2\n|\n|t:|1700519566\n|move|p2b: Raiju|Swagger|p1b: Cresselia\n|-boost|p1b: Cresselia|atk|2\n|-enditem|p2a: Manfred|Mirror Herb\n|-boost|p2a: Manfred|atk|2|[from] item: Mirror Herb\n|-start|p1b: Cresselia|confusion\n|move|p2a: Manfred|Earthquake|p1b: Cresselia|[spread] p1a\n|-immune|p2b: Raiju\n|-immune|p1b: Cresselia|[from] ability: Levitate\n|-supereffective|p1a: Tinkaton\n|-damage|p1a: Tinkaton|0 fnt\n|faint|p1a: Tinkaton\n|-activate|p1b: Cresselia|confusion\n|move|p1b: Cresselia|Lunar Blessing|p1b: Cresselia\n|-curestatus|p1b: Cresselia|par|[msg]\n|\n|upkeep\n|\n|t:|1700519576\n|switch|p1a: Dondozo|Dondozo, L50, F|100\/100\n|turn|3\n|\n|t:|1700519592\n|switch|p1b: Tatsugiri|Tatsugiri, L50, M|100\/100\n|-activate|p1b: Tatsugiri|ability: Commander|[of] p1a: Dondozo\n|-boost|p1a: Dondozo|atk|2\n|-boost|p1a: Dondozo|spa|2\n|-boost|p1a: Dondozo|spe|2\n|-boost|p1a: Dondozo|def|2\n|-boost|p1a: Dondozo|spd|2\n|move|p2b: Raiju|Thunder Wave|p1a: Dondozo\n|-status|p1a: Dondozo|par\n|move|p2a: Manfred|Earthquake|p1b: Tatsugiri|[spread] p1a\n|-miss|p2a: Manfred|p1b: Tatsugiri\n|-immune|p2b: Raiju\n|-crit|p1a: Dondozo\n|-damage|p1a: Dondozo|57\/100 par\n|move|p1a: Dondozo|Wave Crash|p2a: Manfred\n|-supereffective|p2a: Manfred\n|-damage|p2a: Manfred|0 fnt\n|faint|p2a: Manfred\n|-damage|p1a: Dondozo|35\/100 par|[from] Recoil\n|\n|-heal|p1a: Dondozo|41\/100 par|[from] item: Leftovers\n|upkeep\n|\n|t:|1700519611\n|switch|p2a: Onia|Ogerpon-Wellspring, L50, F|100\/100\n|turn|4\n|j| INDO BahimahiGOAT\n|\n|t:|1700519620\n|-terastallize|p1a: Dondozo|Grass\n|move|p2a: Onia|Horn Leech|p1a: Dondozo\n|-resisted|p1a: Dondozo\n|-damage|p1a: Dondozo|36\/100 par\n|move|p2b: Raiju|Wildbolt Storm|p1a: Dondozo|[spread] p1a\n|-miss|p2b: Raiju|p1b: Tatsugiri\n|-resisted|p1a: Dondozo\n|-damage|p1a: Dondozo|27\/100 par\n|move|p1a: Dondozo|Wave Crash|p2b: Raiju\n|-damage|p2b: Raiju|0 fnt\n|faint|p2b: Raiju\n|-damage|p1a: Dondozo|9\/100 par|[from] Recoil\n|\n|-heal|p1a: Dondozo|16\/100 par|[from] item: Leftovers\n|upkeep\n|\n|t:|1700519630\n|switch|p2b: Quaso|Roaring Moon, L50|100\/100\n|-enditem|p2b: Quaso|Booster Energy\n|-activate|p2b: Quaso|ability: Protosynthesis|[fromitem]\n|-start|p2b: Quaso|protosynthesisspe\n|turn|5\n|\n|t:|1700519634\n|cant|p1a: Dondozo|par\n|move|p2b: Quaso|Acrobatics|p1a: Dondozo\n|-supereffective|p1a: Dondozo\n|-damage|p1a: Dondozo|0 fnt\n|faint|p1a: Dondozo\n|move|p2a: Onia|Horn Leech|p1b: Tatsugiri\n|-damage|p1b: Tatsugiri|19\/100\n|\n|upkeep\n|\n|t:|1700519638\n|switch|p1a: Cresselia|Cresselia, L50, F|100\/100\n|turn|6\n|\n|t:|1700519647\n|move|p2b: Quaso|Acrobatics|p1b: Tatsugiri\n|-damage|p1b: Tatsugiri|0 fnt\n|faint|p1b: Tatsugiri\n|move|p2a: Onia|Ivy Cudgel|p1a: Cresselia|[anim] Ivy Cudgel Water\n|-damage|p1a: Cresselia|70\/100\n|move|p1a: Cresselia|Moonblast|p2b: Quaso\n|-supereffective|p2b: Quaso\n|-damage|p2b: Quaso|30\/100\n|-unboost|p2b: Quaso|spa|1\n|\n|upkeep\n|turn|7\n|\n|t:|1700519656\n|-terastallize|p2a: Onia|Water\n|detailschange|p2a: Onia|Ogerpon-Wellspring-Tera, L50, F, tera:Water\n|-ability|p2a: Onia|Embody Aspect (Wellspring)|boost\n|-boost|p2a: Onia|spd|1\n|move|p2b: Quaso|Knock Off|p1a: Cresselia\n|-supereffective|p1a: Cresselia\n|-damage|p1a: Cresselia|12\/100\n|-damage|p2b: Quaso|13\/100|[from] item: Rocky Helmet|[of] p1a: Cresselia\n|-enditem|p1a: Cresselia|Rocky Helmet|[from] move: Knock Off|[of] p2b: Quaso\n|move|p2a: Onia|Ivy Cudgel|p1a: Cresselia|[anim] Ivy Cudgel Water\n|-damage|p1a: Cresselia|0 fnt\n|faint|p1a: Cresselia\n|\n|win|HiroBready\n|raw|TheGreenTotoro's rating: 1600 &rarr; <strong>1578<\/strong><br \/>(-22 for losing)\n|raw|HiroBready's rating: 1563 &rarr; <strong>1585<\/strong><br \/>(+22 for winning)\n|l|\u2606TheGreenTotoro\n|l|\u2606HiroBready\n","uploadtime":1700519672,"views":1,"p1id":"thegreentotoro","p2id":"hirobready","formatid":"gen9vgc2023regulatione","rating":1578,"private":0,"password":""}