{"id":"gen9vgc2023regulatione-1989639308","p1":"ikisugi810","p2":"blindfishptsd","format":"[Gen 9] VGC 2023 Regulation E","log":"|j|\u2606ikisugi810\n|j|\u2606blindfishptsd\n|t:|1699882007\n|gametype|doubles\n|player|p1|ikisugi810|aaron|\n|player|p2|blindfishptsd|169|\n|teamsize|p1|6\n|teamsize|p2|6\n|gen|9\n|tier|[Gen 9] VGC 2023 Regulation E\n|rated|Tournament battle\n|rule|Species Clause: Limit one of each Pok\u00e9mon\n|rule|Item Clause: Limit one of each item\n|clearpoke\n|poke|p1|Roaring Moon, L50|\n|poke|p1|Dondozo, L50, M|\n|poke|p1|Iron Hands, L50|\n|poke|p1|Flutter Mane, L50|\n|poke|p1|Amoonguss, L50, M|\n|poke|p1|Arcanine-Hisui, L50, F|\n|poke|p2|Chien-Pao, L50|\n|poke|p2|Dragonite, L50, F|\n|poke|p2|Rillaboom, L50, F|\n|poke|p2|Urshifu-*, L50, F|\n|poke|p2|Farigiraf, L50, F|\n|poke|p2|Heatran, L50, F|\n|teampreview|4\n|showteam|p1|Roaring Moon||BoosterEnergy|Protosynthesis|Acrobatics,KnockOff,DragonDance,Protect||||||50|,,,,,Flying]Dondozo||Leftovers|Oblivious|WaveCrash,Substitute,Yawn,Protect|||M|||50|,,,,,Grass]Iron Hands||AssaultVest|QuarkDrive|DrainPunch,WildCharge,HeavySlam,FakeOut||||||50|,,,,,Poison]Flutter Mane||ChoiceSpecs|Protosynthesis|DazzlingGleam,Moonblast,ShadowBall,PowerGem||||||50|,,,,,Fairy]Amoonguss||SitrusBerry|Regenerator|SludgeBomb,Spore,RagePowder,Protect|||M|||50|,,,,,Water]Arcanine-Hisui||ChoiceScarf|Intimidate|FlareBlitz,RockSlide,ExtremeSpeed,CloseCombat|||F|||50|,,,,,Water\n|showteam|p2|Chien-Pao||FocusSash|SwordofRuin|Protect,SuckerPunch,SacredSword,IcicleCrash||||||50|,,,,,Ghost]Dragonite||ChoiceBand|InnerFocus|ExtremeSpeed,AquaJet,StompingTantrum,Outrage|||F|||50|,,,,,Normal]Rillaboom||MiracleSeed|GrassySurge|WoodHammer,GrassyGlide,Protect,FakeOut|||F|||50|,,,,,Grass]Urshifu-Rapid-Strike||ChoiceScarf|UnseenFist|SurgingStrikes,CloseCombat,AquaJet,Uturn|||F|||50|,,,,,Water]Farigiraf||RockyHelmet|ArmorTail|Psychic,DazzlingGleam,HelpingHand,TrickRoom|||F|||50|,,,,,Fairy]Heatran||AssaultVest|FlashFire|HeatWave,FlashCannon,TeraBlast,EarthPower|||F|||50|,,,,,Fairy\n|inactive|Battle timer is ON: inactive players will automatically lose when time's up. (requested by ikisugi810)\n|inactive|blindfishptsd also wants the timer to be on.\n|c|\u2606blindfishptsd|glhf\n|j| Treeman480\n|inactive|ikisugi810 has 60 seconds left.\n|inactive|blindfishptsd has 60 seconds left.\n|j| nu new era\n|inactive|ikisugi810 has 30 seconds left.\n|inactive|ikisugi810 has 20 seconds left.\n|j| ChampionNBloom\n|inactive|ikisugi810 has 15 seconds left.\n|inactive|ikisugi810 has 10 seconds left.\n|\n|t:|1699882089\n|start\n|switch|p1a: Dondozo|Dondozo, L50, M|100\/100\n|switch|p1b: Arcanine|Arcanine-Hisui, L50, F|100\/100\n|switch|p2a: Urshifu|Urshifu-Rapid-Strike, L50, F|100\/100\n|switch|p2b: Rillaboom|Rillaboom, L50, F|100\/100\n|-ability|p1b: Arcanine|Intimidate|boost\n|-unboost|p2a: Urshifu|atk|1\n|-unboost|p2b: Rillaboom|atk|1\n|-fieldstart|move: Grassy Terrain|[from] ability: Grassy Surge|[of] p2b: Rillaboom\n|turn|1\n|inactive|ikisugi810 has 30 seconds left.\n|inactive|ikisugi810 has 20 seconds left.\n|inactive|ikisugi810 has 15 seconds left.\n|inactive|ikisugi810 has 10 seconds left.\n|inactive|ikisugi810 has 5 seconds left.\n|\n|t:|1699882141\n|switch|p1a: Amoonguss|Amoonguss, L50, M|100\/100\n|-terastallize|p1b: Arcanine|Water\n|move|p2b: Rillaboom|Grassy Glide|p1b: Arcanine\n|-supereffective|p1b: Arcanine\n|-damage|p1b: Arcanine|27\/100\n|move|p2a: Urshifu|U-turn|p1b: Arcanine\n|-damage|p1b: Arcanine|7\/100\n|\n|t:|1699882152\n|switch|p2a: Heatran|Heatran, L50, F|100\/100|[from] U-turn\n|move|p1b: Arcanine|Flare Blitz|p2b: Rillaboom\n|-supereffective|p2b: Rillaboom\n|-damage|p2b: Rillaboom|0 fnt\n|faint|p2b: Rillaboom\n|-damage|p1b: Arcanine|0 fnt|[from] Recoil\n|faint|p1b: Arcanine\n|\n|upkeep\n|inactive|ikisugi810 has 30 seconds left.\n|\n|t:|1699882177\n|switch|p1b: Dondozo|Dondozo, L50, M|100\/100\n|switch|p2b: Chien-Pao|Chien-Pao, L50|100\/100\n|-ability|p2b: Chien-Pao|Sword of Ruin\n|turn|2\n|inactive|ikisugi810 has 30 seconds left.\n|inactive|blindfishptsd has 30 seconds left.\n|inactive|ikisugi810 has 20 seconds left.\n|inactive|ikisugi810 has 15 seconds left.\n|\n|t:|1699882220\n|-terastallize|p2a: Heatran|Fairy\n|move|p1a: Amoonguss|Protect|p1a: Amoonguss\n|-singleturn|p1a: Amoonguss|Protect\n|move|p2b: Chien-Pao|Icicle Crash|p1a: Amoonguss\n|-activate|p1a: Amoonguss|move: Protect\n|move|p2a: Heatran|Tera Blast|p1a: Amoonguss|[anim] Tera Blast Fairy\n|-activate|p1a: Amoonguss|move: Protect\n|move|p1b: Dondozo|Yawn|p2b: Chien-Pao\n|-start|p2b: Chien-Pao|move: Yawn|[of] p1b: Dondozo\n|\n|upkeep\n|turn|3\n|\n|t:|1699882236\n|move|p2b: Chien-Pao|Sacred Sword|p1a: Amoonguss\n|-resisted|p1a: Amoonguss\n|-damage|p1a: Amoonguss|85\/100\n|move|p2a: Heatran|Tera Blast|p1a: Amoonguss|[anim] Tera Blast Fairy\n|-resisted|p1a: Amoonguss\n|-damage|p1a: Amoonguss|64\/100\n|move|p1b: Dondozo|Wave Crash|p2b: Chien-Pao\n|-damage|p2b: Chien-Pao|32\/100\n|-damage|p1b: Dondozo|86\/100|[from] Recoil\n|move|p1a: Amoonguss|Spore|p2a: Heatran\n|-status|p2a: Heatran|slp|[from] move: Spore\n|\n|-heal|p2b: Chien-Pao|38\/100|[from] Grassy Terrain\n|-heal|p1b: Dondozo|92\/100|[from] Grassy Terrain\n|-heal|p1b: Dondozo|98\/100|[from] item: Leftovers\n|-heal|p1a: Amoonguss|69\/100|[from] Grassy Terrain\n|-end|p2b: Chien-Pao|move: Yawn|[silent]\n|-status|p2b: Chien-Pao|slp\n|upkeep\n|turn|4\n|\n|t:|1699882249\n|cant|p2b: Chien-Pao|slp\n|cant|p2a: Heatran|slp\n|move|p1b: Dondozo|Wave Crash|p2b: Chien-Pao\n|-damage|p2b: Chien-Pao|0 fnt\n|faint|p2b: Chien-Pao\n|-damage|p1b: Dondozo|91\/100|[from] Recoil\n|move|p1a: Amoonguss|Sludge Bomb|p2a: Heatran\n|-supereffective|p2a: Heatran\n|-damage|p2a: Heatran|69\/100 slp\n|\n|-heal|p2a: Heatran|75\/100 slp|[from] Grassy Terrain\n|-heal|p1b: Dondozo|97\/100|[from] Grassy Terrain\n|-heal|p1b: Dondozo|100\/100|[from] item: Leftovers\n|-heal|p1a: Amoonguss|75\/100|[from] Grassy Terrain\n|upkeep\n|\n|t:|1699882259\n|switch|p2b: Urshifu|Urshifu-Rapid-Strike, L50, F|100\/100\n|turn|5\n|\n|t:|1699882266\n|move|p2b: Urshifu|Close Combat|p1b: Dondozo\n|-damage|p1b: Dondozo|59\/100\n|-unboost|p2b: Urshifu|def|1\n|-unboost|p2b: Urshifu|spd|1\n|cant|p2a: Heatran|slp\n|move|p1b: Dondozo|Wave Crash|p2a: Heatran\n|-damage|p2a: Heatran|31\/100 slp\n|-damage|p1b: Dondozo|47\/100|[from] Recoil\n|move|p1a: Amoonguss|Spore|p2b: Urshifu\n|-status|p2b: Urshifu|slp|[from] move: Spore\n|\n|-heal|p2a: Heatran|37\/100 slp|[from] Grassy Terrain\n|-heal|p1b: Dondozo|53\/100|[from] Grassy Terrain\n|-heal|p1b: Dondozo|59\/100|[from] item: Leftovers\n|-heal|p1a: Amoonguss|81\/100|[from] Grassy Terrain\n|-fieldend|move: Grassy Terrain\n|upkeep\n|turn|6\n|\n|t:|1699882286\n|move|p1a: Amoonguss|Protect|p1a: Amoonguss\n|-singleturn|p1a: Amoonguss|Protect\n|cant|p2b: Urshifu|slp\n|-curestatus|p2a: Heatran|slp|[msg]\n|move|p2a: Heatran|Heat Wave|p1b: Dondozo|[spread] p1b\n|-activate|p1a: Amoonguss|move: Protect\n|-resisted|p1b: Dondozo\n|-damage|p1b: Dondozo|43\/100\n|move|p1b: Dondozo|Wave Crash|p2a: Heatran\n|-damage|p2a: Heatran|0 fnt\n|faint|p2a: Heatran\n|-damage|p1b: Dondozo|34\/100|[from] Recoil\n|\n|-heal|p1b: Dondozo|40\/100|[from] item: Leftovers\n|upkeep\n|turn|7\n|c|\u2606blindfishptsd|gg\n|\n|t:|1699882300\n|cant|p2b: Urshifu|slp\n|move|p1b: Dondozo|Wave Crash|p2b: Urshifu\n|-resisted|p2b: Urshifu\n|-crit|p2b: Urshifu\n|-damage|p2b: Urshifu|50\/100 slp\n|-damage|p1b: Dondozo|28\/100|[from] Recoil\n|move|p1a: Amoonguss|Sludge Bomb|p2b: Urshifu\n|-crit|p2b: Urshifu\n|-damage|p2b: Urshifu|0 fnt\n|faint|p2b: Urshifu\n|\n|win|ikisugi810\n|n|\u2606ikisugi810|ikisugi810\n|n|\u2606blindfishptsd|blindfishptsd\n|n| Treeman480|treeman480\n|n| nu new era|nunewera\n|n| ChampionNBloom|championnbloom\n","uploadtime":1699882301,"views":28,"p1id":"ikisugi810","p2id":"blindfishptsd","formatid":"gen9vgc2023regulatione","rating":0,"private":0,"password":""}