{"id":"gen9vgc2023regulatione-1999463994","p1":"PedroSalvat","p2":"Thats2Sweatyyy","format":"[Gen 9] VGC 2023 Regulation E","log":"|j|\u2606PedroSalvat\n|j|\u2606Thats2Sweatyyy\n|t:|1701084533\n|gametype|doubles\n|player|p1|PedroSalvat|266|1357\n|player|p2|Thats2Sweatyyy|169|1330\n|teamsize|p1|6\n|teamsize|p2|6\n|gen|9\n|tier|[Gen 9] VGC 2023 Regulation E\n|rated|\n|rule|Species Clause: Limit one of each Pok\u00e9mon\n|rule|Item Clause: Limit one of each item\n|clearpoke\n|poke|p1|Tornadus, L50, M|\n|poke|p1|Urshifu-*, L50, M|\n|poke|p1|Flutter Mane, L50|\n|poke|p1|Dragonite, L50, F|\n|poke|p1|Iron Hands, L50|\n|poke|p1|Amoonguss, L50, M|\n|poke|p2|Tornadus, L50, M|\n|poke|p2|Iron Bundle, L50|\n|poke|p2|Ogerpon-Hearthflame, L50, F|\n|poke|p2|Chien-Pao, L50|\n|poke|p2|Rillaboom, L50, M|\n|poke|p2|Urshifu-*, L50, F|\n|teampreview|4\n|inactive|Battle timer is ON: inactive players will automatically lose when time's up. (requested by PedroSalvat)\n|inactive|PedroSalvat has 60 seconds left.\n|inactive|Thats2Sweatyyy has 60 seconds left.\n|\n|t:|1701084586\n|start\n|switch|p1a: Tornadus|Tornadus, L50, M|100\/100\n|switch|p1b: ShiningArmor|Dragonite, L50, F|100\/100\n|switch|p2a: Iron Bundle|Iron Bundle, L50|100\/100\n|switch|p2b: Chien-Pao|Chien-Pao, L50|100\/100\n|-ability|p2b: Chien-Pao|Sword of Ruin\n|-enditem|p2a: Iron Bundle|Booster Energy\n|-activate|p2a: Iron Bundle|ability: Quark Drive|[fromitem]\n|-start|p2a: Iron Bundle|quarkdrivespe\n|turn|1\n|inactive|PedroSalvat has 30 seconds left.\n|inactive|PedroSalvat has 20 seconds left.\n|\n|t:|1701084621\n|switch|p1a: Iron Hands|Iron Hands, L50|100\/100\n|-terastallize|p2a: Iron Bundle|Ghost\n|-terastallize|p1b: ShiningArmor|Normal\n|move|p1b: ShiningArmor|Extreme Speed|p2a: Iron Bundle\n|-immune|p2a: Iron Bundle\n|move|p2a: Iron Bundle|Icy Wind|p1b: ShiningArmor|[spread] p1b\n|-miss|p2a: Iron Bundle|p1a: Iron Hands\n|-damage|p1b: ShiningArmor|85\/100\n|-unboost|p1b: ShiningArmor|spe|1\n|move|p2b: Chien-Pao|Icicle Crash|p1b: ShiningArmor\n|-damage|p1b: ShiningArmor|21\/100\n|-damage|p2b: Chien-Pao|91\/100|[from] item: Life Orb\n|\n|upkeep\n|turn|2\n|inactive|Thats2Sweatyyy has 30 seconds left.\n|\n|t:|1701084656\n|switch|p2b: Rillaboom|Rillaboom, L50, M|100\/100\n|-fieldstart|move: Grassy Terrain|[from] ability: Grassy Surge|[of] p2b: Rillaboom\n|move|p1a: Iron Hands|Fake Out|p2b: Rillaboom\n|-damage|p2b: Rillaboom|87\/100\n|move|p1b: ShiningArmor|Extreme Speed|p2b: Rillaboom\n|-damage|p2b: Rillaboom|26\/100\n|move|p2a: Iron Bundle|Freeze-Dry|p1b: ShiningArmor\n|-crit|p1b: ShiningArmor\n|-damage|p1b: ShiningArmor|0 fnt\n|faint|p1b: ShiningArmor\n|\n|-heal|p2b: Rillaboom|32\/100|[from] Grassy Terrain\n|upkeep\n|\n|t:|1701084675\n|switch|p1b: Flutter Mane|Flutter Mane, L50|100\/100\n|turn|3\n|\n|t:|1701084687\n|move|p2a: Iron Bundle|Protect|p2a: Iron Bundle\n|-singleturn|p2a: Iron Bundle|Protect\n|move|p1b: Flutter Mane|Protect|p1b: Flutter Mane\n|-singleturn|p1b: Flutter Mane|Protect\n|move|p2b: Rillaboom|Grassy Glide|p1b: Flutter Mane\n|-activate|p1b: Flutter Mane|move: Protect\n|move|p1a: Iron Hands|Drain Punch|p2b: Rillaboom\n|-damage|p2b: Rillaboom|0 fnt\n|faint|p2b: Rillaboom\n|\n|upkeep\n|\n|t:|1701084709\n|switch|p2b: Chien-Pao|Chien-Pao, L50|91\/100\n|-ability|p2b: Chien-Pao|Sword of Ruin\n|turn|4\n|\n|t:|1701084720\n|-end|p1a: Iron Hands|Quark Drive|[silent]\n|switch|p1a: Tornadus|Tornadus, L50, M|100\/100\n|move|p1b: Flutter Mane|Protect||[still]\n|-fail|p1b: Flutter Mane\n|move|p2a: Iron Bundle|Freeze-Dry|p1b: Flutter Mane\n|-damage|p1b: Flutter Mane|73\/100\n|move|p2b: Chien-Pao|Throat Chop|p1b: Flutter Mane\n|-damage|p1b: Flutter Mane|0 fnt\n|faint|p1b: Flutter Mane\n|-end|p1b: Flutter Mane|Protosynthesis|[silent]\n|-damage|p2b: Chien-Pao|81\/100|[from] item: Life Orb\n|\n|-heal|p2b: Chien-Pao|87\/100|[from] Grassy Terrain\n|upkeep\n|\n|t:|1701084735\n|switch|p1b: Iron Hands|Iron Hands, L50|100\/100\n|turn|5\n|\n|t:|1701084752\n|move|p2b: Chien-Pao|Protect|p2b: Chien-Pao\n|-singleturn|p2b: Chien-Pao|Protect\n|move|p2a: Iron Bundle|Icy Wind|p1b: Iron Hands|[spread] p1a,p1b\n|-supereffective|p1a: Tornadus\n|-damage|p1a: Tornadus|62\/100\n|-damage|p1b: Iron Hands|90\/100\n|-unboost|p1a: Tornadus|spe|1\n|-unboost|p1b: Iron Hands|spe|1\n|move|p1a: Tornadus|Bleakwind Storm|p2b: Chien-Pao|[spread] p2a\n|-activate|p2b: Chien-Pao|move: Protect\n|-damage|p2a: Iron Bundle|49\/100\n|-unboost|p2a: Iron Bundle|spe|1\n|move|p1b: Iron Hands|Drain Punch|p2b: Chien-Pao\n|-activate|p2b: Chien-Pao|move: Protect\n|\n|-heal|p2b: Chien-Pao|93\/100|[from] Grassy Terrain\n|-heal|p2a: Iron Bundle|54\/100|[from] Grassy Terrain\n|-heal|p1b: Iron Hands|96\/100|[from] Grassy Terrain\n|upkeep\n|turn|6\n|inactive|Thats2Sweatyyy has 30 seconds left.\n|\n|t:|1701084779\n|switch|p2b: Urshifu|Urshifu-Rapid-Strike, L50, F|100\/100\n|move|p1a: Tornadus|Leer|p2b: Urshifu|[spread] p2a,p2b\n|-unboost|p2a: Iron Bundle|def|1\n|-unboost|p2b: Urshifu|def|1\n|move|p2a: Iron Bundle|Freeze-Dry|p1a: Tornadus\n|-supereffective|p1a: Tornadus\n|-damage|p1a: Tornadus|0 fnt\n|faint|p1a: Tornadus\n|move|p1b: Iron Hands|Drain Punch|p2b: Urshifu\n|-damage|p2b: Urshifu|31\/100\n|-heal|p1b: Iron Hands|100\/100|[from] drain|[of] p2b: Urshifu\n|\n|-heal|p2a: Iron Bundle|60\/100|[from] Grassy Terrain\n|-heal|p2b: Urshifu|37\/100|[from] Grassy Terrain\n|-fieldend|move: Grassy Terrain\n|upkeep\n|turn|7\n|\n|t:|1701084799\n|-end|p2a: Iron Bundle|Quark Drive|[silent]\n|switch|p2a: Chien-Pao|Chien-Pao, L50|93\/100\n|-ability|p2a: Chien-Pao|Sword of Ruin\n|move|p2b: Urshifu|Detect|p2b: Urshifu\n|-singleturn|p2b: Urshifu|Protect\n|move|p1b: Iron Hands|Drain Punch|p2a: Chien-Pao\n|-supereffective|p2a: Chien-Pao\n|-damage|p2a: Chien-Pao|0 fnt\n|faint|p2a: Chien-Pao\n|\n|upkeep\n|\n|t:|1701084803\n|switch|p2a: Iron Bundle|Iron Bundle, L50, tera:Ghost|60\/100\n|turn|8\n|\n|t:|1701084814\n|move|p2a: Iron Bundle|Freeze-Dry|p1b: Iron Hands\n|-damage|p1b: Iron Hands|83\/100\n|move|p2b: Urshifu|Surging Strikes|p1b: Iron Hands\n|-crit|p1b: Iron Hands\n|-damage|p1b: Iron Hands|68\/100\n|-crit|p1b: Iron Hands\n|-damage|p1b: Iron Hands|51\/100\n|-crit|p1b: Iron Hands\n|-damage|p1b: Iron Hands|34\/100\n|-hitcount|p1b: Iron Hands|3\n|move|p1b: Iron Hands|Drain Punch|p2b: Urshifu\n|-damage|p2b: Urshifu|0 fnt\n|-heal|p1b: Iron Hands|46\/100|[from] drain|[of] p2b: Urshifu\n|faint|p2b: Urshifu\n|\n|upkeep\n|turn|9\n|\n|t:|1701084830\n|move|p2a: Iron Bundle|Encore|p1b: Iron Hands\n|-start|p1b: Iron Hands|Encore\n|move|p1b: Iron Hands|Drain Punch|p2a: Iron Bundle\n|-immune|p2a: Iron Bundle\n|\n|upkeep\n|turn|10\n|\n|t:|1701084834\n|move|p2a: Iron Bundle|Freeze-Dry|p1b: Iron Hands\n|-damage|p1b: Iron Hands|29\/100\n|move|p1b: Iron Hands|Drain Punch|p2a: Iron Bundle\n|-immune|p2a: Iron Bundle\n|\n|upkeep\n|turn|11\n|c|\u2606PedroSalvat|Wp\n|\n|t:|1701084844\n|move|p2a: Iron Bundle|Freeze-Dry|p1b: Iron Hands\n|-damage|p1b: Iron Hands|11\/100\n|move|p1b: Iron Hands|Drain Punch|p2a: Iron Bundle\n|-immune|p2a: Iron Bundle\n|\n|-end|p1b: Iron Hands|Encore\n|upkeep\n|turn|12\n|c|\u2606Thats2Sweatyyy|gg\n|\n|t:|1701084855\n|move|p2a: Iron Bundle|Encore|p1b: Iron Hands\n|-start|p1b: Iron Hands|Encore\n|move|p1b: Iron Hands|Drain Punch|p2a: Iron Bundle\n|-immune|p2a: Iron Bundle\n|\n|upkeep\n|turn|13\n|\n|t:|1701084866\n|move|p2a: Iron Bundle|Freeze-Dry|p1b: Iron Hands\n|-damage|p1b: Iron Hands|0 fnt\n|faint|p1b: Iron Hands\n|-end|p1b: Iron Hands|Quark Drive|[silent]\n|\n|win|Thats2Sweatyyy\n|raw|PedroSalvat's rating: 1357 &rarr; <strong>1335<\/strong><br \/>(-22 for losing)\n|raw|Thats2Sweatyyy's rating: 1330 &rarr; <strong>1352<\/strong><br \/>(+22 for winning)\n|l|\u2606Thats2Sweatyyy\n","uploadtime":1701084891,"views":8,"p1id":"pedrosalvat","p2id":"thats2sweatyyy","formatid":"gen9vgc2023regulatione","rating":1335,"private":0,"password":""}