{"id":"gen9vgc2023regulatione-1994910088","p1":"Nta07","p2":"superprobablylevel","format":"[Gen 9] VGC 2023 Regulation E","log":"|j|\u2606Nta07\n|j|\u2606superprobablylevel\n|t:|1700503851\n|gametype|doubles\n|player|p1|Nta07|101|1078\n|player|p2|superprobablylevel|pokemonrangerf|1044\n|teamsize|p1|6\n|teamsize|p2|6\n|gen|9\n|tier|[Gen 9] VGC 2023 Regulation E\n|rated|\n|rule|Species Clause: Limit one of each Pok\u00e9mon\n|rule|Item Clause: Limit one of each item\n|clearpoke\n|poke|p1|Articuno-Galar, L50|\n|poke|p1|Sableye, L50, F|\n|poke|p1|Raichu, L50, F|\n|poke|p1|Iron Thorns, L50|\n|poke|p1|Volcarona, L50, M|\n|poke|p1|Amoonguss, L50, F|\n|poke|p2|Iron Bundle, L50|\n|poke|p2|Arcanine, L50, F|\n|poke|p2|Flutter Mane, L50|\n|poke|p2|Amoonguss, L50, F|\n|poke|p2|Thundurus, L50, M|\n|poke|p2|Dragapult, L50, F|\n|teampreview|4\n|inactive|Battle timer is ON: inactive players will automatically lose when time's up. (requested by Nta07)\n|\n|t:|1700503888\n|start\n|switch|p1a: Raichu|Raichu, L50, F|100\/100\n|switch|p1b: Articuno|Articuno-Galar, L50, shiny|100\/100\n|switch|p2a: Sisoui|Arcanine, L50, F, shiny|100\/100\n|switch|p2b: Louie from Pikmin|Dragapult, L50, F, shiny|100\/100\n|-ability|p2a: Sisoui|Intimidate|boost\n|-unboost|p1a: Raichu|atk|1\n|-unboost|p1b: Articuno|atk|1\n|-ability|p1b: Articuno|Competitive|boost\n|-boost|p1b: Articuno|spa|2\n|-enditem|p1b: Articuno|Adrenaline Orb\n|-boost|p1b: Articuno|spe|1|[from] item: Adrenaline Orb\n|turn|1\n|\n|t:|1700503912\n|-terastallize|p1b: Articuno|Water\n|move|p2a: Sisoui|Helping Hand|p2b: Louie from Pikmin\n|-singleturn|p2b: Louie from Pikmin|Helping Hand|[of] p2a: Sisoui\n|move|p1b: Articuno|Tera Blast|p2a: Sisoui|[anim] Tera Blast Water\n|-supereffective|p2a: Sisoui\n|-damage|p2a: Sisoui|0 fnt\n|faint|p2a: Sisoui\n|move|p2b: Louie from Pikmin|Draco Meteor|p1b: Articuno\n|-damage|p1b: Articuno|0 fnt\n|-unboost|p2b: Louie from Pikmin|spa|2\n|faint|p1b: Articuno\n|move|p1a: Raichu|Nuzzle|p2b: Louie from Pikmin\n|-resisted|p2b: Louie from Pikmin\n|-damage|p2b: Louie from Pikmin|97\/100\n|-status|p2b: Louie from Pikmin|par\n|\n|upkeep\n|\n|t:|1700503932\n|switch|p1b: Iron Thorns|Iron Thorns, L50|100\/100\n|switch|p2a: Radiohead|Flutter Mane, L50|100\/100\n|-enditem|p2a: Radiohead|Booster Energy\n|-activate|p2a: Radiohead|ability: Protosynthesis|[fromitem]\n|-start|p2a: Radiohead|protosynthesisspe\n|-enditem|p1b: Iron Thorns|Booster Energy\n|-activate|p1b: Iron Thorns|ability: Quark Drive|[fromitem]\n|-start|p1b: Iron Thorns|quarkdriveatk\n|turn|2\n|\n|t:|1700503952\n|switch|p2b: Sargon I|Iron Bundle, L50|100\/100\n|move|p2a: Radiohead|Protect|p2a: Radiohead\n|-singleturn|p2a: Radiohead|Protect\n|move|p1a: Raichu|Nuzzle|p2a: Radiohead\n|-activate|p2a: Radiohead|move: Protect\n|move|p1b: Iron Thorns|Dragon Dance|p1b: Iron Thorns\n|-boost|p1b: Iron Thorns|atk|1\n|-boost|p1b: Iron Thorns|spe|1\n|\n|upkeep\n|turn|3\n|\n|t:|1700503968\n|move|p2a: Radiohead|Moonblast|p1b: Iron Thorns\n|-damage|p1b: Iron Thorns|42\/100\n|move|p2b: Sargon I|Hydro Pump|p1b: Iron Thorns\n|-supereffective|p1b: Iron Thorns\n|-damage|p1b: Iron Thorns|0 fnt\n|faint|p1b: Iron Thorns\n|-end|p1b: Iron Thorns|Quark Drive|[silent]\n|move|p1a: Raichu|Nuzzle|p2b: Sargon I\n|-supereffective|p2b: Sargon I\n|-damage|p2b: Sargon I|85\/100\n|-status|p2b: Sargon I|par\n|\n|upkeep\n|\n|t:|1700503971\n|switch|p1b: Amoonguss|Amoonguss, L50, F|100\/100\n|turn|4\n|\n|t:|1700503986\n|move|p2a: Radiohead|Taunt|p1b: Amoonguss\n|-start|p1b: Amoonguss|move: Taunt\n|move|p1a: Raichu|Nuzzle|p2a: Radiohead\n|-crit|p2a: Radiohead\n|-damage|p2a: Radiohead|71\/100\n|-status|p2a: Radiohead|par\n|cant|p2b: Sargon I|par\n|move|p1b: Amoonguss|Sludge Bomb|p2b: Sargon I\n|-damage|p2b: Sargon I|33\/100 par\n|\n|upkeep\n|turn|5\n|\n|t:|1700504005\n|move|p1a: Raichu|Fling|p2b: Sargon I\n|-damage|p2b: Sargon I|26\/100 par\n|-enditem|p1a: Raichu|King's Rock|[from] move: Fling\n|move|p2a: Radiohead|Shadow Ball|p1b: Amoonguss\n|-damage|p1b: Amoonguss|61\/100\n|cant|p2b: Sargon I|flinch\n|move|p1b: Amoonguss|Sludge Bomb|p2b: Sargon I\n|-damage|p2b: Sargon I|0 fnt\n|faint|p2b: Sargon I\n|-end|p2b: Sargon I|Quark Drive|[silent]\n|\n|-heal|p1b: Amoonguss|67\/100|[from] item: Leftovers\n|upkeep\n|\n|t:|1700504016\n|switch|p2b: Louie from Pikmin|Dragapult, L50, F, shiny|97\/100 par\n|turn|6\n|\n|t:|1700504038\n|move|p1a: Raichu|Nuzzle|p2b: Louie from Pikmin\n|-resisted|p2b: Louie from Pikmin\n|-crit|p2b: Louie from Pikmin\n|-damage|p2b: Louie from Pikmin|88\/100 par\n|move|p2a: Radiohead|Shadow Ball|p1a: Raichu\n|-damage|p1a: Raichu|35\/100\n|-unboost|p1a: Raichu|spd|1\n|move|p2b: Louie from Pikmin|Shadow Ball|p1a: Raichu\n|-damage|p1a: Raichu|0 fnt\n|faint|p1a: Raichu\n|move|p1b: Amoonguss|Sludge Bomb|p2b: Louie from Pikmin\n|-resisted|p2b: Louie from Pikmin\n|-damage|p2b: Louie from Pikmin|68\/100 par\n|\n|-heal|p1b: Amoonguss|73\/100|[from] item: Leftovers\n|-end|p1b: Amoonguss|move: Taunt\n|upkeep\n|turn|7\n|-message|Nta07 forfeited.\n|\n|win|superprobablylevel\n|raw|Nta07's rating: 1078 &rarr; <strong>1054<\/strong><br \/>(-24 for losing)\n|raw|superprobablylevel's rating: 1044 &rarr; <strong>1081<\/strong><br \/>(+37 for winning)\n|l|\u2606Nta07\n|c|\u2606superprobablylevel|gg\n","uploadtime":1700504059,"views":16,"p1id":"nta07","p2id":"superprobablylevel","formatid":"gen9vgc2023regulatione","rating":1054,"private":0,"password":""}