{"id":"gen9vgc2023regulatione-1993656952","p1":"Wotan888","p2":"Squirly","format":"[Gen 9] VGC 2023 Regulation E","log":"|j|\u2606Wotan888\n|j|\u2606Squirly\n|n|\u2606Wotan888|wotan888\n|n|\u2606Squirly|squirly\n|html|View the match progress at <a href=\"\/game-bestof3-gen9vgc2023regulatione-1993653329\">game-bestof3-gen9vgc2023regulatione-1993653329<\/a>\n|t:|1700342301\n|gametype|doubles\n|player|p1|Wotan888|ethan|\n|player|p2|Squirly|psychic-gen4|\n|teamsize|p1|6\n|teamsize|p2|6\n|gen|9\n|tier|[Gen 9] VGC 2023 Regulation E\n|rule|Species Clause: Limit one of each Pok\u00e9mon\n|rule|Item Clause: Limit one of each item\n|clearpoke\n|poke|p1|Zapdos, L50|\n|poke|p1|Persian-Alola, L50, F|\n|poke|p1|Basculin-White-Striped, L50, F|\n|poke|p1|Baxcalibur, L50, F|\n|poke|p1|Ninetales-Alola, L50, F|\n|poke|p1|Torterra, L50, F|\n|poke|p2|Mamoswine, L50, F|\n|poke|p2|Ogerpon-Cornerstone, L50, F|\n|poke|p2|Foongus, L50, M|\n|poke|p2|Copperajah, L50, M|\n|poke|p2|Iron Jugulis, L50|\n|poke|p2|Skeledirge, L50, M|\n|teampreview|4\n|j| Specs Hex Pex\nSquirly rejected open team sheets.\n|j| jayballester\n|j| F3athers\n|j| Pear456987\n|\n|t:|1700342493\n|start\n|switch|p1a: Ninetales|Ninetales-Alola, L50, F, shiny|100\/100\n|switch|p1b: Baxcalibur|Baxcalibur, L50, F|100\/100\n|switch|p2a: jet engine|Iron Jugulis, L50|100\/100\n|switch|p2b: Shrek|Ogerpon-Cornerstone, L50, F|100\/100\n|-weather|Snow|[from] ability: Snow Warning|[of] p1a: Ninetales\n|-enditem|p2a: jet engine|Booster Energy\n|-activate|p2a: jet engine|ability: Quark Drive|[fromitem]\n|-start|p2a: jet engine|quarkdrivespe\n|turn|1\n|\n|t:|1700342577\n|switch|p1a: Zapdos|Zapdos, L50|100\/100\n|-terastallize|p2b: Shrek|Rock\n|detailschange|p2b: Shrek|Ogerpon-Cornerstone-Tera, L50, F, tera:Rock\n|-ability|p2b: Shrek|Embody Aspect (Cornerstone)|boost\n|-boost|p2b: Shrek|def|1\n|move|p1b: Baxcalibur|Ice Shard|p2a: jet engine\n|-supereffective|p2a: jet engine\n|-damage|p2a: jet engine|40\/100\n|move|p2a: jet engine|Flash Cannon|p1a: Zapdos\n|-resisted|p1a: Zapdos\n|-damage|p1a: Zapdos|87\/100\n|move|p2b: Shrek|Ivy Cudgel|p1b: Baxcalibur|[anim] Ivy Cudgel Rock\n|-supereffective|p1b: Baxcalibur\n|-crit|p1b: Baxcalibur\n|-damage|p1b: Baxcalibur|0 fnt\n|faint|p1b: Baxcalibur\n|\n|-weather|Snow|[upkeep]\n|upkeep\n|c| jayballester|bonk\n|\n|t:|1700342626\n|switch|p1b: Basculin|Basculin-White-Striped, L50, F, shiny|100\/100\n|turn|2\n|\n|t:|1700342650\n|-terastallize|p1a: Zapdos|Fighting\n|move|p2a: jet engine|Tailwind|p2a: jet engine\n|-sidestart|p2: Squirly|move: Tailwind\n|move|p2b: Shrek|Ivy Cudgel|p1a: Zapdos|[anim] Ivy Cudgel Rock\n|-resisted|p1a: Zapdos\n|-damage|p1a: Zapdos|55\/100\n|move|p1b: Basculin|Flip Turn|p2a: jet engine\n|-damage|p2a: jet engine|0 fnt\n|faint|p2a: jet engine\n|-end|p2a: jet engine|Quark Drive|[silent]\n|\n|t:|1700342660\n|switch|p1b: Ninetales|Ninetales-Alola, L50, F, shiny|100\/100|[from] Flip Turn\n|move|p1a: Zapdos|Tera Blast|p2b: Shrek|[anim] Tera Blast Fighting\n|-supereffective|p2b: Shrek\n|-damage|p2b: Shrek|22\/100\n|\n|-weather|Snow|[upkeep]\n|upkeep\n|\n|t:|1700342680\n|switch|p2a: croc & birb 2|Skeledirge, L50, M|100\/100\n|turn|3\n|j| Stryke Out\n|\n|t:|1700342741\n|move|p1a: Zapdos|Protect|p1a: Zapdos\n|-singleturn|p1a: Zapdos|Protect\n|move|p2b: Shrek|Ivy Cudgel|p1a: Zapdos|[anim] Ivy Cudgel Rock\n|-activate|p1a: Zapdos|move: Protect\n|move|p2a: croc & birb 2|Torch Song|p1a: Zapdos\n|-activate|p1a: Zapdos|move: Protect\n|move|p1b: Ninetales|Moonblast|p2b: Shrek\n|-damage|p2b: Shrek|0 fnt\n|faint|p2b: Shrek\n|\n|-weather|Snow|[upkeep]\n|upkeep\n|\n|t:|1700342752\n|switch|p2b: Greater Tusk|Mamoswine, L50, F|100\/100\n|turn|4\n|\n|t:|1700342795\n|move|p2b: Greater Tusk|High Horsepower|p1a: Zapdos\n|-damage|p1a: Zapdos|5\/100\n|-status|p2b: Greater Tusk|par|[from] ability: Static|[of] p1a: Zapdos\n|move|p2a: croc & birb 2|Torch Song|p1a: Zapdos\n|-damage|p1a: Zapdos|0 fnt\n|-boost|p2a: croc & birb 2|spa|1\n|faint|p1a: Zapdos\n|-enditem|p2a: croc & birb 2|Throat Spray\n|-boost|p2a: croc & birb 2|spa|1|[from] item: Throat Spray\n|move|p1b: Ninetales|Aurora Veil|p1b: Ninetales\n|-sidestart|p1: Wotan888|move: Aurora Veil\n|\n|-weather|Snow|[upkeep]\n|upkeep\n|\n|t:|1700342802\n|switch|p1a: Basculin|Basculin-White-Striped, L50, F, shiny|100\/100\n|turn|5\n|\n|t:|1700342832\n|move|p2a: croc & birb 2|Shadow Ball|p1a: Basculin\n|-damage|p1a: Basculin|0 fnt\n|faint|p1a: Basculin\n|move|p1b: Ninetales|Icy Wind|p2b: Greater Tusk|[spread] p2a,p2b\n|-resisted|p2a: croc & birb 2\n|-damage|p2a: croc & birb 2|94\/100\n|-damage|p2b: Greater Tusk|91\/100 par\n|-unboost|p2a: croc & birb 2|spe|1\n|-unboost|p2b: Greater Tusk|spe|1\n|move|p2b: Greater Tusk|Iron Head|p1b: Ninetales\n|-supereffective|p1b: Ninetales\n|-damage|p1b: Ninetales|41\/100\n|\n|-weather|none\n|-sideend|p2: Squirly|move: Tailwind\n|upkeep\n|turn|6\n|\n|t:|1700342849\n|move|p1b: Ninetales|Moonblast|p2a: croc & birb 2\n|-resisted|p2a: croc & birb 2\n|-damage|p2a: croc & birb 2|79\/100\n|-unboost|p2a: croc & birb 2|spa|1\n|move|p2a: croc & birb 2|Torch Song|p1b: Ninetales\n|-supereffective|p1b: Ninetales\n|-damage|p1b: Ninetales|0 fnt\n|-boost|p2a: croc & birb 2|spa|1\n|faint|p1b: Ninetales\n|\n|win|Squirly\n|c|\u2606Wotan888|gg\n|c|\u2606Squirly|Ggs\n|l| Stryke Out\n|c| F3athers|ggs\n|l|\u2606Wotan888\n|l| Specs Hex Pex\n|l| F3athers\n","uploadtime":1700342871,"views":11,"p1id":"wotan888","p2id":"squirly","formatid":"gen9vgc2023regulatione","rating":0,"private":0,"password":""}