{"id":"gen9vgc2023regulatione-1998219654","p1":"MaxDOM","p2":"BlindMagneton","format":"[Gen 9] VGC 2023 Regulation E","log":"|j|\u2606MaxDOM\n|j|\u2606BlindMagneton\n|t:|1700914876\n|gametype|doubles\n|player|p1|MaxDOM|1|1480\n|player|p2|BlindMagneton|wattson|1471\n|teamsize|p1|6\n|teamsize|p2|6\n|gen|9\n|tier|[Gen 9] VGC 2023 Regulation E\n|rated|\n|rule|Species Clause: Limit one of each Pok\u00e9mon\n|rule|Item Clause: Limit one of each item\n|clearpoke\n|poke|p1|Bronzong, L50|\n|poke|p1|Infernape, L50, M|\n|poke|p1|Urshifu-*, L50, M|\n|poke|p1|Iron Hands, L50|\n|poke|p1|Tyranitar, L50, F|\n|poke|p1|Enamorus-Therian, L50, F|\n|poke|p2|Mandibuzz, L50, F|\n|poke|p2|Abomasnow, L50, M|\n|poke|p2|Roaring Moon, L50|\n|poke|p2|Brambleghast, L50, F|\n|poke|p2|Farigiraf, L50, F|\n|poke|p2|Hydreigon, L50, F|\n|teampreview|4\n|j| gorillaz murdoch\n|l| gorillaz murdoch\n|\n|t:|1700914949\n|start\n|switch|p1a: Bronzong|Bronzong, L50|100\/100\n|switch|p1b: Iron Hands|Iron Hands, L50|100\/100\n|switch|p2a: Roaring Moon|Roaring Moon, L50|100\/100\n|switch|p2b: Farigiraf|Farigiraf, L50, F|100\/100\n|-enditem|p2a: Roaring Moon|Booster Energy\n|-activate|p2a: Roaring Moon|ability: Protosynthesis|[fromitem]\n|-start|p2a: Roaring Moon|protosynthesisspe\n|turn|1\n|\n|t:|1700914962\n|-terastallize|p2a: Roaring Moon|Poison\n|move|p2a: Roaring Moon|Breaking Swipe|p1a: Bronzong|[spread] p1a,p1b\n|-resisted|p1a: Bronzong\n|-damage|p1a: Bronzong|89\/100\n|-damage|p1b: Iron Hands|84\/100\n|-unboost|p1a: Bronzong|atk|1\n|-unboost|p1b: Iron Hands|atk|1\n|move|p2b: Farigiraf|Imprison|p2b: Farigiraf\n|-start|p2b: Farigiraf|move: Imprison\n|move|p1b: Iron Hands|Close Combat|p2b: Farigiraf\n|-damage|p2b: Farigiraf|37\/100\n|-unboost|p1b: Iron Hands|def|1\n|-unboost|p1b: Iron Hands|spd|1\n|-damage|p1b: Iron Hands|74\/100|[from] item: Life Orb\n|cant|p1a: Bronzong|move: Imprison|Trick Room\n|\n|upkeep\n|turn|2\n|\n|t:|1700914979\n|switch|p1a: Urshifu|Urshifu, L50, M|100\/100\n|move|p2a: Roaring Moon|Breaking Swipe|p1a: Urshifu|[spread] p1a,p1b\n|-damage|p1a: Urshifu|79\/100\n|-damage|p1b: Iron Hands|52\/100\n|-unboost|p1a: Urshifu|atk|1\n|-unboost|p1b: Iron Hands|atk|1\n|move|p2b: Farigiraf|Hyper Voice|p1a: Urshifu|[spread] p1a,p1b\n|-damage|p1a: Urshifu|38\/100\n|-damage|p1b: Iron Hands|7\/100\n|-enditem|p2b: Farigiraf|Throat Spray\n|-boost|p2b: Farigiraf|spa|1|[from] item: Throat Spray\n|move|p1b: Iron Hands|Close Combat|p2b: Farigiraf\n|-damage|p2b: Farigiraf|0 fnt\n|-unboost|p1b: Iron Hands|def|1\n|-unboost|p1b: Iron Hands|spd|1\n|faint|p2b: Farigiraf\n|-damage|p1b: Iron Hands|0 fnt|[from] item: Life Orb\n|faint|p1b: Iron Hands\n|-end|p1b: Iron Hands|Quark Drive|[silent]\n|\n|upkeep\n|\n|t:|1700915010\n|switch|p2b: Hydreigon|Hydreigon, L50, F|100\/100\n|switch|p1b: Bronzong|Bronzong, L50|89\/100\n|turn|3\n|inactive|Battle timer is ON: inactive players will automatically lose when time's up. (requested by MaxDOM)\n|\n|t:|1700915050\n|-terastallize|p1b: Bronzong|Fire\n|move|p1a: Urshifu|Sucker Punch|p2a: Roaring Moon\n|-damage|p2a: Roaring Moon|66\/100\n|move|p2a: Roaring Moon|Jaw Lock|p1b: Bronzong\n|-damage|p1b: Bronzong|53\/100\n|-activate|p2a: Roaring Moon|trapped\n|-activate|p1b: Bronzong|trapped\n|move|p2b: Hydreigon|Draco Meteor|p1a: Urshifu\n|-damage|p1a: Urshifu|0 fnt\n|-unboost|p2b: Hydreigon|spa|2\n|faint|p1a: Urshifu\n|move|p1b: Bronzong|Trick Room|p1b: Bronzong\n|-fieldstart|move: Trick Room|[of] p1b: Bronzong\n|\n|upkeep\n|\n|t:|1700915064\n|switch|p1a: Enamorus|Enamorus-Therian, L50, F|100\/100\n|turn|4\n|\n|t:|1700915079\n|move|p2b: Hydreigon|Protect|p2b: Hydreigon\n|-singleturn|p2b: Hydreigon|Protect\n|move|p2a: Roaring Moon|Protect|p2a: Roaring Moon\n|-singleturn|p2a: Roaring Moon|Protect\n|move|p1a: Enamorus|Earth Power|p2a: Roaring Moon\n|-activate|p2a: Roaring Moon|move: Protect\n|move|p1b: Bronzong|Steel Beam|p2b: Hydreigon\n|-activate|p2b: Hydreigon|move: Protect\n|-damage|p1b: Bronzong|3\/100|[from] steelbeam\n|\n|upkeep\n|turn|5\n|inactive|BlindMagneton has 30 seconds left.\n|inactive|BlindMagneton has 20 seconds left.\n|\n|t:|1700915115\n|move|p1a: Enamorus|Earth Power|p2a: Roaring Moon\n|-supereffective|p2a: Roaring Moon\n|-damage|p2a: Roaring Moon|0 fnt\n|faint|p2a: Roaring Moon\n|-end|p2a: Roaring Moon|Protosynthesis|[silent]\n|move|p1b: Bronzong|Steel Beam|p2b: Hydreigon\n|-damage|p2b: Hydreigon|59\/100\n|-damage|p1b: Bronzong|0 fnt|[from] steelbeam\n|faint|p1b: Bronzong\n|move|p2b: Hydreigon|Focus Energy|p2b: Hydreigon\n|-start|p2b: Hydreigon|move: Focus Energy\n|\n|upkeep\n|\n|t:|1700915121\n|switch|p2a: Brambleghast|Brambleghast, L50, F|100\/100\n|turn|6\n|\n|t:|1700915131\n|move|p2a: Brambleghast|Protect|p2a: Brambleghast\n|-singleturn|p2a: Brambleghast|Protect\n|move|p2b: Hydreigon|Protect|p2b: Hydreigon\n|-singleturn|p2b: Hydreigon|Protect\n|move|p1a: Enamorus|Dazzling Gleam|p2a: Brambleghast|[spread] \n|-activate|p2a: Brambleghast|move: Protect\n|-activate|p2b: Hydreigon|move: Protect\n|\n|upkeep\n|turn|7\n|\n|t:|1700915144\n|move|p2b: Hydreigon|Protect|p2b: Hydreigon\n|-singleturn|p2b: Hydreigon|Protect\n|move|p2a: Brambleghast|Shadow Sneak|p1a: Enamorus\n|-damage|p1a: Enamorus|87\/100\n|move|p1a: Enamorus|Dazzling Gleam|p2b: Hydreigon|[spread] p2a\n|-activate|p2b: Hydreigon|move: Protect\n|-damage|p2a: Brambleghast|45\/100\n|\n|-fieldend|move: Trick Room\n|upkeep\n|turn|8\n|\n|t:|1700915151\n|move|p2a: Brambleghast|Shadow Sneak|p1a: Enamorus\n|-damage|p1a: Enamorus|71\/100\n|move|p2b: Hydreigon|Flash Cannon|p1a: Enamorus\n|-supereffective|p1a: Enamorus\n|-crit|p1a: Enamorus\n|-damage|p1a: Enamorus|0 fnt\n|faint|p1a: Enamorus\n|\n|win|BlindMagneton\n|raw|MaxDOM's rating: 1480 &rarr; <strong>1459<\/strong><br \/>(-21 for losing)\n|raw|BlindMagneton's rating: 1471 &rarr; <strong>1492<\/strong><br \/>(+21 for winning)\n|c|\u2606MaxDOM|sure+\n","uploadtime":1700915164,"views":3,"p1id":"maxdom","p2id":"blindmagneton","formatid":"gen9vgc2023regulatione","rating":1459,"private":0,"password":""}