{"id":"gen9vgc2023regulatione-1998034537","p1":"Ad_b12","p2":"BerningGamer","format":"[Gen 9] VGC 2023 Regulation E","log":"|j|\u2606Ad_b12\n|j|\u2606BerningGamer\n|t:|1700881696\n|gametype|doubles\n|player|p1|Ad_b12|1|1032\n|player|p2|BerningGamer|scientist|1120\n|teamsize|p1|6\n|teamsize|p2|6\n|gen|9\n|tier|[Gen 9] VGC 2023 Regulation E\n|rated|\n|rule|Species Clause: Limit one of each Pok\u00e9mon\n|rule|Item Clause: Limit one of each item\n|clearpoke\n|poke|p1|Toxicroak, L50, F|\n|poke|p1|Politoed, L50, M|\n|poke|p1|Bellibolt, L50, F|\n|poke|p1|Greninja-*, L50, F|\n|poke|p1|Poliwrath, L50, M|\n|poke|p1|Heatran, L50, M|\n|poke|p2|Maushold, L50|\n|poke|p2|Empoleon, L50, F|\n|poke|p2|Bisharp, L50, F|\n|poke|p2|Kommo-o, L50, F|\n|poke|p2|Grimmsnarl, L50, M|\n|poke|p2|Moltres, L50|\n|teampreview|4\n|inactive|Battle timer is ON: inactive players will automatically lose when time's up. (requested by Ad_b12)\n|inactive|BerningGamer has 60 seconds left.\n|\n|t:|1700881735\n|start\n|switch|p1a: Poliwrath|Poliwrath, L50, M|100\/100\n|switch|p1b: Politoed|Politoed, L50, M|100\/100\n|switch|p2a: Maushold|Maushold, L50|100\/100\n|switch|p2b: Bisharp|Bisharp, L50, F|100\/100\n|-ability|p2b: Bisharp|Pressure\n|-weather|RainDance|[from] ability: Drizzle|[of] p1b: Politoed\n|turn|1\n|\n|t:|1700881751\n|move|p2a: Maushold|Follow Me|p2a: Maushold\n|-singleturn|p2a: Maushold|move: Follow Me\n|move|p1a: Poliwrath|Drain Punch|p2a: Maushold\n|-supereffective|p2a: Maushold\n|-damage|p2a: Maushold|0 fnt\n|faint|p2a: Maushold\n|move|p2b: Bisharp|Swords Dance|p2b: Bisharp\n|-boost|p2b: Bisharp|atk|2\n|move|p1b: Politoed|Surf|p2b: Bisharp|[spread] p1a,p2b\n|-resisted|p1a: Poliwrath\n|-damage|p1a: Poliwrath|83\/100\n|-damage|p2b: Bisharp|70\/100\n|\n|-weather|RainDance|[upkeep]\n|upkeep\n|\n|t:|1700881764\n|switch|p2a: Grimmsnarl|Grimmsnarl, L50, M|100\/100\n|turn|2\n|\n|t:|1700881782\n|move|p2b: Bisharp|Sucker Punch|p1b: Politoed\n|-damage|p1b: Politoed|44\/100\n|move|p2a: Grimmsnarl|Reflect|p2a: Grimmsnarl\n|-sidestart|p2: BerningGamer|Reflect\n|move|p1a: Poliwrath|Drain Punch|p2b: Bisharp\n|-supereffective|p2b: Bisharp\n|-damage|p2b: Bisharp|0 fnt\n|-heal|p1a: Poliwrath|100\/100|[from] drain|[of] p2b: Bisharp\n|faint|p2b: Bisharp\n|move|p1b: Politoed|Chilling Water|p2a: Grimmsnarl\n|-damage|p2a: Grimmsnarl|73\/100\n|-unboost|p2a: Grimmsnarl|atk|1\n|\n|-weather|RainDance|[upkeep]\n|-heal|p1b: Politoed|50\/100|[from] item: Leftovers\n|upkeep\n|\n|t:|1700881789\n|switch|p2b: Kommo-o|Kommo-o, L50, F|100\/100\n|turn|3\n|\n|t:|1700881804\n|move|p1a: Poliwrath|Drain Punch|p2b: Kommo-o\n|-damage|p2b: Kommo-o|70\/100\n|move|p2b: Kommo-o|Clangorous Soul|p2b: Kommo-o\n|-boost|p2b: Kommo-o|atk|1\n|-boost|p2b: Kommo-o|def|1\n|-boost|p2b: Kommo-o|spa|1\n|-boost|p2b: Kommo-o|spd|1\n|-boost|p2b: Kommo-o|spe|1\n|-damage|p2b: Kommo-o|38\/100\n|-enditem|p2b: Kommo-o|Throat Spray\n|-boost|p2b: Kommo-o|spa|1|[from] item: Throat Spray\n|move|p1b: Politoed|Hyper Voice|p2a: Grimmsnarl|[spread] p2a,p2b\n|-damage|p2a: Grimmsnarl|58\/100\n|-damage|p2b: Kommo-o|28\/100\n|move|p2a: Grimmsnarl|Spirit Break|p1a: Poliwrath\n|-supereffective|p1a: Poliwrath\n|-damage|p1a: Poliwrath|41\/100\n|-unboost|p1a: Poliwrath|spa|1\n|\n|-weather|RainDance|[upkeep]\n|-heal|p1b: Politoed|56\/100|[from] item: Leftovers\n|upkeep\n|turn|4\n|\n|t:|1700881827\n|move|p1b: Politoed|Helping Hand|p1a: Poliwrath\n|-singleturn|p1a: Poliwrath|Helping Hand|[of] p1b: Politoed\n|move|p2a: Grimmsnarl|Parting Shot|p1a: Poliwrath\n|-unboost|p1a: Poliwrath|atk|1\n|-unboost|p1a: Poliwrath|spa|1\n|move|p1a: Poliwrath|Drain Punch|p2b: Kommo-o\n|-damage|p2b: Kommo-o|8\/100\n|-heal|p1a: Poliwrath|50\/100|[from] drain|[of] p2b: Kommo-o\n|move|p2b: Kommo-o|Clanging Scales|p1b: Politoed|[spread] p1a,p1b\n|-damage|p1a: Poliwrath|0 fnt\n|-damage|p1b: Politoed|0 fnt\n|faint|p1a: Poliwrath\n|faint|p1b: Politoed\n|-unboost|p2b: Kommo-o|def|1\n|\n|-weather|RainDance|[upkeep]\n|upkeep\n|\n|t:|1700881845\n|switch|p1a: Bellibolt|Bellibolt, L50, F|100\/100\n|switch|p1b: Toxicroak|Toxicroak, L50, F|100\/100\n|turn|5\n|\n|t:|1700881859\n|move|p1b: Toxicroak|Sucker Punch|p2b: Kommo-o\n|-resisted|p2b: Kommo-o\n|-damage|p2b: Kommo-o|0 fnt\n|faint|p2b: Kommo-o\n|-damage|p1b: Toxicroak|91\/100|[from] item: Life Orb\n|move|p2a: Grimmsnarl|Spirit Break|p1b: Toxicroak\n|-damage|p1b: Toxicroak|50\/100\n|-unboost|p1b: Toxicroak|spa|1\n|move|p1a: Bellibolt|Volt Switch|p2a: Grimmsnarl\n|-damage|p2a: Grimmsnarl|31\/100\n|\n|-weather|none\n|upkeep\n|turn|6\n|\n|t:|1700881879\n|move|p1b: Toxicroak|Poison Jab|p2a: Grimmsnarl\n|-supereffective|p2a: Grimmsnarl\n|-damage|p2a: Grimmsnarl|0 fnt\n|faint|p2a: Grimmsnarl\n|-damage|p1b: Toxicroak|41\/100|[from] item: Life Orb\n|\n|win|Ad_b12\n|raw|Ad_b12's rating: 1032 &rarr; <strong>1076<\/strong><br \/>(+44 for winning)\n|raw|BerningGamer's rating: 1120 &rarr; <strong>1089<\/strong><br \/>(-31 for losing)\n|l|\u2606BerningGamer\n","uploadtime":1700881887,"views":3,"p1id":"adb12","p2id":"berninggamer","formatid":"gen9vgc2023regulatione","rating":1076,"private":0,"password":""}