{"id":"gen9vgc2023regulatione-1993326534","p1":"Pojer","p2":"ApoVGC","format":"[Gen 9] VGC 2023 Regulation E","log":"|j|\u2606Pojer\n|j|\u2606ApoVGC\n|t:|1700298939\n|gametype|doubles\n|player|p1|Pojer|benga|1284\n|player|p2|ApoVGC|266|1393\n|teamsize|p1|6\n|teamsize|p2|6\n|gen|9\n|tier|[Gen 9] VGC 2023 Regulation E\n|rated|\n|rule|Species Clause: Limit one of each Pok\u00e9mon\n|rule|Item Clause: Limit one of each item\n|clearpoke\n|poke|p1|Urshifu-*, L50, F|\n|poke|p1|Arcanine-Hisui, L50, F|\n|poke|p1|Tornadus, L50, M|\n|poke|p1|Flutter Mane, L50|\n|poke|p1|Rillaboom, L50, M|\n|poke|p1|Chien-Pao, L50|\n|poke|p2|Kommo-o, L50, M|\n|poke|p2|Dragapult, L50, M|\n|poke|p2|Regidrago, L50|\n|poke|p2|Goodra-Hisui, L50, M|\n|poke|p2|Tatsugiri, L50, F|\n|poke|p2|Roaring Moon, L50|\n|teampreview|4\n|inactive|Battle timer is ON: inactive players will automatically lose when time's up. (requested by Pojer)\n|inactive|Pojer has 60 seconds left.\n|\n|t:|1700298977\n|start\n|switch|p1a: Tornadus|Tornadus, L50, M|100\/100\n|switch|p1b: Chien-Pao|Chien-Pao, L50|100\/100\n|switch|p2a: Roaring Moon|Roaring Moon, L50|100\/100\n|switch|p2b: Goodra|Goodra-Hisui, L50, M|100\/100\n|-ability|p1b: Chien-Pao|Sword of Ruin\n|-enditem|p2a: Roaring Moon|Booster Energy\n|-activate|p2a: Roaring Moon|ability: Protosynthesis|[fromitem]\n|-start|p2a: Roaring Moon|protosynthesisspe\n|turn|1\n|\n|t:|1700298990\n|move|p1a: Tornadus|Tailwind|p1a: Tornadus\n|-sidestart|p1: Pojer|move: Tailwind\n|move|p1b: Chien-Pao|Sacred Sword|p2b: Goodra\n|-supereffective|p2b: Goodra\n|-damage|p2b: Goodra|40\/100\n|move|p2a: Roaring Moon|Tailwind|p2a: Roaring Moon\n|-sidestart|p2: ApoVGC|move: Tailwind\n|move|p2b: Goodra|Body Press|p1b: Chien-Pao\n|-supereffective|p1b: Chien-Pao\n|-enditem|p1b: Chien-Pao|Focus Sash\n|-damage|p1b: Chien-Pao|1\/100\n|\n|-heal|p2b: Goodra|45\/100|[from] item: Leftovers\n|upkeep\n|turn|2\n|inactive|ApoVGC has 30 seconds left.\n|\n|t:|1700299018\n|-terastallize|p2a: Roaring Moon|Flying\n|move|p1b: Chien-Pao|Protect|p1b: Chien-Pao\n|-singleturn|p1b: Chien-Pao|Protect\n|move|p2a: Roaring Moon|Acrobatics|p1b: Chien-Pao\n|-activate|p1b: Chien-Pao|move: Protect\n|move|p1a: Tornadus|Bleakwind Storm|p2a: Roaring Moon|[spread] p2a,p2b\n|-resisted|p2b: Goodra\n|-damage|p2a: Roaring Moon|61\/100\n|-damage|p2b: Goodra|33\/100\n|move|p2b: Goodra|Acid Armor|p2b: Goodra\n|-boost|p2b: Goodra|def|2\n|\n|-heal|p2b: Goodra|39\/100|[from] item: Leftovers\n|upkeep\n|turn|3\n|\n|t:|1700299037\n|move|p2b: Goodra|Protect|p2b: Goodra\n|-singleturn|p2b: Goodra|Protect\n|move|p1b: Chien-Pao|Sucker Punch|p2a: Roaring Moon\n|-damage|p2a: Roaring Moon|0 fnt\n|faint|p2a: Roaring Moon\n|-end|p2a: Roaring Moon|Protosynthesis|[silent]\n|move|p1a: Tornadus|Bleakwind Storm|p2b: Goodra\n|-activate|p2b: Goodra|move: Protect\n|\n|-heal|p2b: Goodra|45\/100|[from] item: Leftovers\n|upkeep\n|\n|t:|1700299047\n|switch|p2a: Kommo-o|Kommo-o, L50, M|100\/100\n|turn|4\n|inactive|ApoVGC has 30 seconds left.\n|\n|t:|1700299080\n|move|p1b: Chien-Pao|Protect|p1b: Chien-Pao\n|-singleturn|p1b: Chien-Pao|Protect\n|move|p1a: Tornadus|Bleakwind Storm|p2b: Goodra|[spread] p2a,p2b\n|-supereffective|p2a: Kommo-o\n|-resisted|p2b: Goodra\n|-damage|p2a: Kommo-o|16\/100\n|-damage|p2b: Goodra|34\/100\n|-unboost|p2a: Kommo-o|spe|1\n|-unboost|p2b: Goodra|spe|1\n|move|p2a: Kommo-o|Clanging Scales|p1b: Chien-Pao|[spread] p1a\n|-activate|p1b: Chien-Pao|move: Protect\n|-damage|p1a: Tornadus|52\/100\n|-unboost|p2a: Kommo-o|def|1\n|-enditem|p2a: Kommo-o|Throat Spray\n|-boost|p2a: Kommo-o|spa|1|[from] item: Throat Spray\n|move|p2b: Goodra|Heavy Slam|p1a: Tornadus\n|-damage|p1a: Tornadus|0 fnt\n|faint|p1a: Tornadus\n|\n|-heal|p2b: Goodra|40\/100|[from] item: Leftovers\n|-sideend|p1: Pojer|move: Tailwind\n|-sideend|p2: ApoVGC|move: Tailwind\n|upkeep\n|\n|t:|1700299096\n|switch|p1a: Arcanine|Arcanine-Hisui, L50, F|100\/100\n|-ability|p1a: Arcanine|Intimidate|boost\n|-unboost|p2a: Kommo-o|atk|1\n|-unboost|p2b: Goodra|atk|1\n|turn|5\n|\n|t:|1700299117\n|move|p2b: Goodra|Protect|p2b: Goodra\n|-singleturn|p2b: Goodra|Protect\n|move|p1b: Chien-Pao|Sacred Sword|p2b: Goodra\n|-activate|p2b: Goodra|move: Protect\n|move|p1a: Arcanine|Rock Slide|p2b: Goodra|[spread] p2a\n|-activate|p2b: Goodra|move: Protect\n|-resisted|p2a: Kommo-o\n|-damage|p2a: Kommo-o|0 fnt\n|faint|p2a: Kommo-o\n|\n|-heal|p2b: Goodra|45\/100|[from] item: Leftovers\n|upkeep\n|\n|t:|1700299127\n|switch|p2a: Tatsugiri|Tatsugiri, L50, F|100\/100\n|turn|6\n|\n|t:|1700299149\n|move|p1b: Chien-Pao|Sacred Sword|p2b: Goodra\n|-supereffective|p2b: Goodra\n|-damage|p2b: Goodra|0 fnt\n|faint|p2b: Goodra\n|move|p2a: Tatsugiri|Muddy Water|p1b: Chien-Pao|[spread] p1a,p1b\n|-supereffective|p1a: Arcanine\n|-damage|p1a: Arcanine|0 fnt\n|-damage|p1b: Chien-Pao|0 fnt\n|faint|p1a: Arcanine\n|faint|p1b: Chien-Pao\n|\n|upkeep\n|\n|t:|1700299156\n|switch|p1b: Urshifu|Urshifu-Rapid-Strike, L50, F|100\/100\n|turn|7\n|\n|t:|1700299164\n|move|p1b: Urshifu|Close Combat|p2a: Tatsugiri\n|-enditem|p2a: Tatsugiri|Focus Sash\n|-damage|p2a: Tatsugiri|1\/100\n|-unboost|p1b: Urshifu|def|1\n|-unboost|p1b: Urshifu|spd|1\n|move|p2a: Tatsugiri|Dragon Pulse|p1b: Urshifu\n|-damage|p1b: Urshifu|0 fnt\n|faint|p1b: Urshifu\n|\n|win|ApoVGC\n|raw|Pojer's rating: 1284 &rarr; <strong>1267<\/strong><br \/>(-17 for losing)\n|raw|ApoVGC's rating: 1393 &rarr; <strong>1407<\/strong><br \/>(+14 for winning)\n|c|\u2606Pojer|Fuck\n|l|\u2606Pojer\n","uploadtime":1700299199,"views":9,"p1id":"pojer","p2id":"apovgc","formatid":"gen9vgc2023regulatione","rating":1267,"private":0,"password":""}