{"id":"gen9vgc2023regulatione-1993256112","p1":"TheCounterTeamer","p2":"WickedCheeseTouch","format":"[Gen 9] VGC 2023 Regulation E","log":"|j|\u2606TheCounterTeamer\n|j|\u2606WickedCheeseTouch\n|t:|1700285187\n|gametype|doubles\n|player|p1|TheCounterTeamer|anabel|\n|player|p2|WickedCheeseTouch|lucas|\n|teamsize|p1|6\n|teamsize|p2|6\n|gen|9\n|tier|[Gen 9] VGC 2023 Regulation E\n|rated|Tournament battle\n|rule|Species Clause: Limit one of each Pok\u00e9mon\n|rule|Item Clause: Limit one of each item\n|clearpoke\n|poke|p1|Sinistcha-Masterpiece, L50|\n|poke|p1|Indeedee-F, L50, F|\n|poke|p1|Iron Hands, L50|\n|poke|p1|Ceruledge, L50, F|\n|poke|p1|Ting-Lu, L50|\n|poke|p1|Iron Bundle, L50|\n|poke|p2|Dondozo, L50, M|\n|poke|p2|Tatsugiri, L50, M|\n|poke|p2|Rillaboom, L50, M|\n|poke|p2|Flutter Mane, L50|\n|poke|p2|Tornadus, L50, M|\n|poke|p2|Landorus-Therian, L50, M|\n|teampreview|4\n|showteam|p1|Sinistcha-Masterpiece||MentalHerb|Hospitality|RagePowder,TrickRoom,StrengthSap,MatchaGotcha||||||50|,,,,,Fire]Indeedee-F||PsychicSeed|PsychicSurge|FollowMe,HealPulse,TrickRoom,Psyshock|||F|||50|,,,,,Fairy]Iron Hands||ClearAmulet|QuarkDrive|SwordsDance,DrainPunch,WildCharge,Detect||||||50|,,,,,Fire]Ceruledge||SitrusBerry|FlashFire|BitterBlade,BulkUp,ShadowSneak,Protect|||F|||50|,,,,,Grass]Ting-Lu||AssaultVest|VesselofRuin|Ruination,StompingTantrum,Snarl,HeavySlam||||||50|,,,,,Poison]Iron Bundle||BoosterEnergy|QuarkDrive|IcyWind,FreezeDry,HydroPump,Protect||||||50|,,,,,Grass\n|showteam|p2|Dondozo||Leftovers|Oblivious|WaveCrash,OrderUp,Substitute,Protect|||M|||50|,,,,,Dragon]Tatsugiri||SafetyGoggles|Commander|MuddyWater,DracoMeteor,IcyWind,Protect|||M|||50|,,,,,Fairy]Rillaboom||MiracleSeed|GrassySurge|GrassyGlide,WoodHammer,FakeOut,Protect|||M|||50|,,,,,Grass]Flutter Mane||ChoiceSpecs|Protosynthesis|DazzlingGleam,Moonblast,ShadowBall,MysticalFire||||||50|,,,,,Fairy]Tornadus||FocusSash|Prankster|BleakwindStorm,Tailwind,Taunt,Protect|||M|||50|,,,,,Ghost]Landorus-Therian||ChoiceScarf|Intimidate|StompingTantrum,TeraBlast,RockSlide,Uturn|||M|||50|,,,,,Flying\n|j| KnighLt\n|j| Memezboi69\n|c|\u2606TheCounterTeamer|Glhf\n|inactive|Battle timer is ON: inactive players will automatically lose when time's up. (requested by TheCounterTeamer)\n|j|%Radio Free C-Side\n|inactive|TheCounterTeamer has 60 seconds left.\n|\n|t:|1700285245\n|start\n|switch|p1a: Iron Hands|Iron Hands, L50, shiny|100\/100\n|switch|p1b: Indeedee|Indeedee-F, L50, F|100\/100\n|switch|p2a: Tornadus|Tornadus, L50, M, shiny|100\/100\n|switch|p2b: Dondozo|Dondozo, L50, M, shiny|100\/100\n|-fieldstart|move: Psychic Terrain|[from] ability: Psychic Surge|[of] p1b: Indeedee\n|-enditem|p1b: Indeedee|Psychic Seed\n|-boost|p1b: Indeedee|spd|1|[from] item: Psychic Seed\n|turn|1\n|inactive|TheCounterTeamer has 30 seconds left.\n|inactive|TheCounterTeamer has 20 seconds left.\n|inactive|TheCounterTeamer has 15 seconds left.\n|inactive|TheCounterTeamer has 10 seconds left.\n|\n|t:|1700285293\n|switch|p2a: Rillaboom|Rillaboom, L50, M, shiny|100\/100\n|-fieldstart|move: Grassy Terrain|[from] ability: Grassy Surge|[of] p2a: Rillaboom\n|move|p2b: Dondozo|Substitute|p2b: Dondozo\n|-start|p2b: Dondozo|Substitute\n|-damage|p2b: Dondozo|76\/100\n|move|p1b: Indeedee|Psyshock|p2b: Dondozo\n|-activate|p2b: Dondozo|move: Substitute|[damage]\n|move|p1a: Iron Hands|Swords Dance|p1a: Iron Hands\n|-boost|p1a: Iron Hands|atk|2\n|\n|-heal|p2b: Dondozo|82\/100|[from] Grassy Terrain\n|-heal|p2b: Dondozo|88\/100|[from] item: Leftovers\n|upkeep\n|turn|2\n|inactive|TheCounterTeamer has 30 seconds left.\n|\n|t:|1700285322\n|switch|p1b: Iron Bundle|Iron Bundle, L50|100\/100\n|-enditem|p1b: Iron Bundle|Booster Energy\n|-activate|p1b: Iron Bundle|ability: Quark Drive|[fromitem]\n|-start|p1b: Iron Bundle|quarkdrivespe\n|move|p1a: Iron Hands|Detect|p1a: Iron Hands\n|-singleturn|p1a: Iron Hands|Protect\n|move|p2a: Rillaboom|Wood Hammer|p1b: Iron Bundle\n|-supereffective|p1b: Iron Bundle\n|-damage|p1b: Iron Bundle|0 fnt\n|faint|p1b: Iron Bundle\n|-end|p1b: Iron Bundle|Quark Drive|[silent]\n|-damage|p2a: Rillaboom|75\/100|[from] Recoil\n|move|p2b: Dondozo|Wave Crash|p1a: Iron Hands\n|-activate|p1a: Iron Hands|move: Protect\n|\n|-heal|p2a: Rillaboom|81\/100|[from] Grassy Terrain\n|-heal|p2b: Dondozo|94\/100|[from] Grassy Terrain\n|-heal|p2b: Dondozo|100\/100|[from] item: Leftovers\n|upkeep\n|\n|t:|1700285335\n|switch|p1b: Indeedee|Indeedee-F, L50, F|100\/100\n|-fieldstart|move: Psychic Terrain|[from] ability: Psychic Surge|[of] p1b: Indeedee\n|turn|3\n|\n|t:|1700285346\n|move|p2a: Rillaboom|Wood Hammer|p1b: Indeedee\n|-damage|p1b: Indeedee|16\/100\n|-damage|p2a: Rillaboom|55\/100|[from] Recoil\n|move|p2b: Dondozo|Wave Crash|p1b: Indeedee\n|-damage|p1b: Indeedee|0 fnt\n|faint|p1b: Indeedee\n|-damage|p2b: Dondozo|96\/100|[from] Recoil\n|move|p1a: Iron Hands|Drain Punch|p2b: Dondozo\n|-end|p2b: Dondozo|Substitute\n|\n|-heal|p2b: Dondozo|100\/100|[from] item: Leftovers\n|upkeep\n|\n|t:|1700285354\n|switch|p1b: Sinistcha|Sinistcha-Masterpiece, L50|100\/100\n|turn|4\n|\n|t:|1700285375\n|switch|p2a: Tatsugiri|Tatsugiri, L50, M, shiny|100\/100\n|-activate|p2a: Tatsugiri|ability: Commander|[of] p2b: Dondozo\n|-boost|p2b: Dondozo|atk|2\n|-boost|p2b: Dondozo|spa|2\n|-boost|p2b: Dondozo|spe|2\n|-boost|p2b: Dondozo|def|2\n|-boost|p2b: Dondozo|spd|2\n|-terastallize|p2b: Dondozo|Dragon\n|move|p2b: Dondozo|Order Up|p1b: Sinistcha\n|-damage|p1b: Sinistcha|47\/100\n|-boost|p2b: Dondozo|atk|1\n|move|p1b: Sinistcha|Strength Sap|p2b: Dondozo\n|-unboost|p2b: Dondozo|atk|1\n|-heal|p1b: Sinistcha|100\/100\n|move|p1a: Iron Hands|Drain Punch|p2b: Dondozo\n|-damage|p2b: Dondozo|67\/100\n|\n|-heal|p2b: Dondozo|73\/100|[from] item: Leftovers\n|upkeep\n|turn|5\n|inactive|TheCounterTeamer has 30 seconds left.\n|inactive|TheCounterTeamer has 20 seconds left.\n|inactive|WickedCheeseTouch has 30 seconds left.\n|\n|t:|1700285414\n|move|p1b: Sinistcha|Rage Powder|p1b: Sinistcha\n|-singleturn|p1b: Sinistcha|move: Rage Powder\n|move|p2b: Dondozo|Order Up|p1b: Sinistcha\n|-damage|p1b: Sinistcha|48\/100\n|-boost|p2b: Dondozo|atk|1\n|move|p1a: Iron Hands|Drain Punch|p2b: Dondozo\n|-damage|p2b: Dondozo|42\/100\n|\n|-heal|p2b: Dondozo|48\/100|[from] item: Leftovers\n|upkeep\n|turn|6\n|\n|t:|1700285429\n|move|p2b: Dondozo|Order Up|p1b: Sinistcha\n|-damage|p1b: Sinistcha|0 fnt\n|faint|p1b: Sinistcha\n|-boost|p2b: Dondozo|atk|1\n|move|p1a: Iron Hands|Drain Punch|p2b: Dondozo\n|-damage|p2b: Dondozo|18\/100\n|\n|-heal|p2b: Dondozo|24\/100|[from] item: Leftovers\n|upkeep\n|turn|7\n|\n|t:|1700285437\n|move|p2b: Dondozo|Wave Crash|p1a: Iron Hands\n|-damage|p1a: Iron Hands|3\/100\n|-damage|p2b: Dondozo|0 fnt|[from] Recoil\n|faint|p2b: Dondozo\n|move|p1a: Iron Hands|Drain Punch|p2a: Tatsugiri\n|-damage|p2a: Tatsugiri|0 fnt\n|-heal|p1a: Iron Hands|35\/100|[from] drain|[of] p2a: Tatsugiri\n|faint|p2a: Tatsugiri\n|\n|-fieldend|move: Psychic Terrain\n|upkeep\n|\n|t:|1700285441\n|switch|p2a: Rillaboom|Rillaboom, L50, M, shiny|55\/100\n|switch|p2b: Tornadus|Tornadus, L50, M, shiny|100\/100\n|-fieldstart|move: Grassy Terrain|[from] ability: Grassy Surge|[of] p2a: Rillaboom\n|turn|8\n|\n|t:|1700285449\n|move|p1a: Iron Hands|Detect|p1a: Iron Hands\n|-singleturn|p1a: Iron Hands|Protect\n|move|p2a: Rillaboom|Fake Out|p1a: Iron Hands\n|-activate|p1a: Iron Hands|move: Protect\n|move|p2b: Tornadus|Bleakwind Storm|p1a: Iron Hands\n|-activate|p1a: Iron Hands|move: Protect\n|\n|-heal|p2a: Rillaboom|62\/100|[from] Grassy Terrain\n|-heal|p1a: Iron Hands|41\/100|[from] Grassy Terrain\n|upkeep\n|turn|9\n|\n|t:|1700285461\n|-terastallize|p1a: Iron Hands|Fire\n|move|p2b: Tornadus|Bleakwind Storm|p1a: Iron Hands\n|-damage|p1a: Iron Hands|3\/100\n|move|p2a: Rillaboom|Wood Hammer|p1a: Iron Hands\n|-resisted|p1a: Iron Hands\n|-damage|p1a: Iron Hands|0 fnt\n|faint|p1a: Iron Hands\n|-end|p1a: Iron Hands|Quark Drive|[silent]\n|-damage|p2a: Rillaboom|61\/100|[from] Recoil\n|\n|win|WickedCheeseTouch\n|n|\u2606TheCounterTeamer|thecounterteamer\n|n|\u2606WickedCheeseTouch|wickedcheesetouch\n|n| KnighLt|knighlt\n|n| Memezboi69|memezboi69\n|n| Radio Free C-Side|radiofreecside\n","uploadtime":1700285462,"views":18,"p1id":"thecounterteamer","p2id":"wickedcheesetouch","formatid":"gen9vgc2023regulatione","rating":0,"private":0,"password":""}