{"id":"gen9vgc2023regulatione-1997696701","p1":"Drednaw N?","p2":"ChiaraVGC","format":"[Gen 9] VGC 2023 Regulation E","log":"|j|\u2606Drednaw N?\n|j|\u2606ChiaraVGC\n|n|\u2606Drednaw N?|drednawn\n|n|\u2606ChiaraVGC|chiaravgc\n|html|View the match progress at <a href=\"\/game-bestof3-gen9vgc2023regulatione-1997691043\">game-bestof3-gen9vgc2023regulatione-1997691043<\/a>\n|t:|1700842870\n|gametype|doubles\n|player|p1|Drednaw N?|266|\n|player|p2|ChiaraVGC|dawn-gen4pt|\n|teamsize|p1|6\n|teamsize|p2|6\n|gen|9\n|tier|[Gen 9] VGC 2023 Regulation E\n|rule|Species Clause: Limit one of each Pok\u00e9mon\n|rule|Item Clause: Limit one of each item\n|clearpoke\n|poke|p1|Roaring Moon, L50|\n|poke|p1|Arcanine-Hisui, L50, F|\n|poke|p1|Urshifu-*, L50, F|\n|poke|p1|Thundurus-Therian, L50, M|\n|poke|p1|Gholdengo, L50|\n|poke|p1|Sinistcha-Masterpiece, L50|\n|poke|p2|Dusclops, L50, F|\n|poke|p2|Rillaboom, L50, F|\n|poke|p2|Ursaluna-Bloodmoon, L50, M|\n|poke|p2|Ogerpon-Wellspring, L50, F|\n|poke|p2|Arcanine-Hisui, L50, M|\n|poke|p2|Flutter Mane, L50|\n|teampreview|4\n|j| Fragolinass\n|j| Gussmiopadre\n|j| Frankie_VGC\n|j| Dan_DES\nChiaraVGC has agreed to open team sheets.\nDrednaw N? has agreed to open team sheets.\n|showteam|p1|Roaring Moon||BoosterEnergy|Protosynthesis|KnockOff,BreakingSwipe,Tailwind,Protect||||||50|,,,,,Poison]Arcanine-Hisui||ChoiceBand|Intimidate|FlareBlitz,RockSlide,ExtremeSpeed,TeraBlast|||F|||50|,,,,,Fairy]Urshifu-Rapid-Strike||SplashPlate|UnseenFist|SurgingStrikes,CloseCombat,AquaJet,Detect|||F|||50|,,,,,Water]Thundurus-Therian||AssaultVest|VoltAbsorb|Thunderbolt,TeraBlast,GrassKnot,WildboltStorm|||M|||50|,,,,,Flying]Gholdengo||LifeOrb|GoodasGold|MakeItRain,ShadowBall,NastyPlot,Protect||||||50|,,,,,Steel]Sinistcha-Masterpiece||RockyHelmet|Hospitality|MatchaGotcha,TrickRoom,Imprison,RagePowder||||||50|,,,,,Fire\n|showteam|p2|Dusclops||Eviolite|Pressure|NightShade,WillOWisp,PainSplit,TrickRoom|||F|||50|,,,,,Dark]Rillaboom||AssaultVest|GrassySurge|GrassyGlide,FakeOut,WoodHammer,Uturn|||F|||50|,,,,,Fire]Ursaluna-Bloodmoon||SilkScarf|MindsEye|BloodMoon,HyperVoice,EarthPower,Protect|||M|||50|,,,,,Normal]Ogerpon-Wellspring||WellspringMask|WaterAbsorb|IvyCudgel,WoodHammer,FollowMe,SpikyShield|||F|||50|,,,,,Water]Arcanine-Hisui||ChoiceBand|Intimidate|FlareBlitz,RockSlide,ExtremeSpeed,TeraBlast|||M|||50|,,,,,Fairy]Flutter Mane||ChoiceSpecs|Protosynthesis|Moonblast,ShadowBall,DazzlingGleam,IcyWind||||||50|,,,,,Fairy\n|j| Ryugami0\n|j| Dice Player\n|\n|t:|1700842956\n|start\n|switch|p1a: Sinistcha|Sinistcha-Masterpiece, L50|100\/100\n|switch|p1b: Gholdengo|Gholdengo, L50|100\/100\n|switch|p2a: Dusclops|Dusclops, L50, F|100\/100\n|switch|p2b: Ogerpon|Ogerpon-Wellspring, L50, F|100\/100\n|-ability|p2a: Dusclops|Pressure\n|turn|1\n|\n|t:|1700843023\n|switch|p1a: Arcanine|Arcanine-Hisui, L50, F|100\/100\n|-ability|p1a: Arcanine|Intimidate|boost\n|-unboost|p2a: Dusclops|atk|1\n|-unboost|p2b: Ogerpon|atk|1\n|switch|p2a: Arcanine|Arcanine-Hisui, L50, M|100\/100\n|-ability|p2a: Arcanine|Intimidate|boost\n|-unboost|p1a: Arcanine|atk|1\n|-unboost|p1b: Gholdengo|atk|1\n|move|p2b: Ogerpon|Ivy Cudgel|p1b: Gholdengo|[anim] Ivy Cudgel Water\n|-damage|p1b: Gholdengo|66\/100\n|move|p1b: Gholdengo|Nasty Plot|p1b: Gholdengo\n|-boost|p1b: Gholdengo|spa|2\n|\n|upkeep\n|turn|2\n|j| glopp_97\n|\n|t:|1700843071\n|switch|p1a: Sinistcha|Sinistcha-Masterpiece, L50|100\/100\n|-heal|p1b: Gholdengo|91\/100|[from] ability: Hospitality|[of] p1a: Sinistcha\n|move|p1b: Gholdengo|Protect|p1b: Gholdengo\n|-singleturn|p1b: Gholdengo|Protect\n|move|p2b: Ogerpon|Ivy Cudgel|p1a: Sinistcha|[anim] Ivy Cudgel Water\n|-resisted|p1a: Sinistcha\n|-damage|p1a: Sinistcha|84\/100\n|move|p2a: Arcanine|Flare Blitz|p1a: Sinistcha\n|-supereffective|p1a: Sinistcha\n|-damage|p1a: Sinistcha|0 fnt\n|-damage|p2a: Arcanine|84\/100|[from] item: Rocky Helmet|[of] p1a: Sinistcha\n|faint|p1a: Sinistcha\n|-damage|p2a: Arcanine|60\/100|[from] Recoil\n|\n|upkeep\n|\n|t:|1700843087\n|switch|p1a: Arcanine|Arcanine-Hisui, L50, F|100\/100\n|-ability|p1a: Arcanine|Intimidate|boost\n|-unboost|p2a: Arcanine|atk|1\n|-unboost|p2b: Ogerpon|atk|1\n|turn|3\n|\n|t:|1700843112\n|-terastallize|p1b: Gholdengo|Steel\n|move|p2b: Ogerpon|Ivy Cudgel|p1a: Arcanine|[anim] Ivy Cudgel Water\n|-supereffective|p1a: Arcanine\n|-damage|p1a: Arcanine|0 fnt\n|faint|p1a: Arcanine\n|move|p1b: Gholdengo|Make It Rain|p2a: Arcanine|[spread] p2a,p2b\n|-crit|p2a: Arcanine\n|-resisted|p2b: Ogerpon\n|-damage|p2a: Arcanine|0 fnt\n|-damage|p2b: Ogerpon|17\/100\n|-unboost|p1b: Gholdengo|spa|1\n|faint|p2a: Arcanine\n|-damage|p1b: Gholdengo|81\/100|[from] item: Life Orb\n|\n|upkeep\n|\n|t:|1700843128\n|switch|p1a: Urshifu|Urshifu-Rapid-Strike, L50, F|100\/100\n|switch|p2a: Dusclops|Dusclops, L50, F|100\/100\n|-ability|p2a: Dusclops|Pressure\n|turn|4\n|\n|t:|1700843202\n|-terastallize|p2a: Dusclops|Dark\n|move|p2b: Ogerpon|Follow Me|p2b: Ogerpon\n|-singleturn|p2b: Ogerpon|move: Follow Me\n|move|p1a: Urshifu|Close Combat|p2b: Ogerpon\n|-damage|p2b: Ogerpon|0 fnt\n|-unboost|p1a: Urshifu|def|1\n|-unboost|p1a: Urshifu|spd|1\n|faint|p2b: Ogerpon\n|move|p1b: Gholdengo|Make It Rain|p2a: Dusclops\n|-damage|p2a: Dusclops|7\/100\n|-unboost|p1b: Gholdengo|spa|1\n|-damage|p1b: Gholdengo|72\/100|[from] item: Life Orb\n|move|p2a: Dusclops|Trick Room|p2a: Dusclops\n|-fieldstart|move: Trick Room|[of] p2a: Dusclops\n|\n|upkeep\n|l| Ryugami0\n|\n|t:|1700843216\n|switch|p2b: Ursaluna|Ursaluna-Bloodmoon, L50, M|100\/100\n|turn|5\n|j| Ryugami0\n|l| Gussmiopadre\n|\n|t:|1700843440\n|move|p1b: Gholdengo|Protect|p1b: Gholdengo\n|-singleturn|p1b: Gholdengo|Protect\n|move|p1a: Urshifu|Detect|p1a: Urshifu\n|-singleturn|p1a: Urshifu|Protect\n|move|p2a: Dusclops|Pain Split|p1b: Gholdengo\n|-activate|p1b: Gholdengo|move: Protect\n|move|p2b: Ursaluna|Blood Moon|p1a: Urshifu\n|-activate|p1a: Urshifu|move: Protect\n|\n|upkeep\n|turn|6\n|\n|t:|1700843466\n|move|p1a: Urshifu|Aqua Jet|p2a: Dusclops\n|-damage|p2a: Dusclops|0 fnt\n|faint|p2a: Dusclops\n|move|p2b: Ursaluna|Earth Power|p1b: Gholdengo\n|-supereffective|p1b: Gholdengo\n|-damage|p1b: Gholdengo|0 fnt\n|faint|p1b: Gholdengo\n|\n|upkeep\n|turn|7\n|\n|t:|1700843512\n|move|p1a: Urshifu|Detect|p1a: Urshifu\n|-singleturn|p1a: Urshifu|Protect\n|move|p2b: Ursaluna|Blood Moon|p1a: Urshifu\n|-activate|p1a: Urshifu|move: Protect\n|\n|upkeep\n|turn|8\n|\n|t:|1700843522\n|move|p1a: Urshifu|Detect|p1a: Urshifu\n|-singleturn|p1a: Urshifu|Protect\n|move|p2b: Ursaluna|Hyper Voice|p1a: Urshifu\n|-activate|p1a: Urshifu|move: Protect\n|\n|-fieldend|move: Trick Room\n|upkeep\n|turn|9\n|c| Frankie_VGC|Vai giuseppe\n|\n|t:|1700843528\n|move|p1a: Urshifu|Surging Strikes|p2b: Ursaluna\n|-supereffective|p2b: Ursaluna\n|-crit|p2b: Ursaluna\n|-damage|p2b: Ursaluna|64\/100\n|-supereffective|p2b: Ursaluna\n|-crit|p2b: Ursaluna\n|-damage|p2b: Ursaluna|31\/100\n|-supereffective|p2b: Ursaluna\n|-crit|p2b: Ursaluna\n|-damage|p2b: Ursaluna|0 fnt\n|faint|p2b: Ursaluna\n|-hitcount|p2: Ursaluna|3\n|\n|win|Drednaw N?\n|c|\u2606ChiaraVGC|gg\n|c|\u2606Drednaw N?|gg\n|l| Ryugami0\n|l| Dice Player\n|c|\u2606Drednaw N?|ho vinto una partita sia gloria a dio\n|l| Frankie_VGC\n|l| glopp_97\n|l| Fragolinass\n|l|\u2606ChiaraVGC\n|c|\u2606Drednaw N?|grazie\n|c|\u2606Drednaw N?|e scusa la doppia\n|j|\u2606ChiaraVGC\n|player|p2|ChiaraVGC|dawn-gen4pt\n|l|\u2606Drednaw N?\n|c|\u2606ChiaraVGC|figurati\n|j| Gussmiopadre\n|l| Gussmiopadre\n","uploadtime":1700843561,"views":4,"p1id":"drednawn","p2id":"chiaravgc","formatid":"gen9vgc2023regulatione","rating":0,"private":0,"password":""}