{"id":"gen9vgc2023regulatione-1989859155","p1":"BLizzy_Work","p2":"Ayresbrun","format":"[Gen 9] VGC 2023 Regulation E","log":"|j|\u203dBLizzy_Work\n|j|\u2606Ayresbrun\n|t:|1699901681\n|gametype|doubles\n|player|p1|BLizzy_Work|1|1277\n|player|p2|Ayresbrun|266|1237\n|teamsize|p1|6\n|teamsize|p2|6\n|gen|9\n|tier|[Gen 9] VGC 2023 Regulation E\n|rated|\n|rule|Species Clause: Limit one of each Pok\u00e9mon\n|rule|Item Clause: Limit one of each item\n|clearpoke\n|poke|p1|Torkoal, L50, M|\n|poke|p1|Indeedee-F, L50, F|\n|poke|p1|Muk-Alola, L50, F|\n|poke|p1|Arcanine-Hisui, L50, M|\n|poke|p1|Ogerpon-Wellspring, L50, F|\n|poke|p1|Kingambit, L50, F|\n|poke|p2|Flutter Mane, L50|\n|poke|p2|Tornadus, L50, M|\n|poke|p2|Heatran, L50, M|\n|poke|p2|Rillaboom, L50, M|\n|poke|p2|Arcanine, L50, F|\n|poke|p2|Hydreigon, L50, F|\n|teampreview|4\n|inactive|Battle timer is ON: inactive players will automatically lose when time's up. (requested by BLizzy_Work)\nAyresbrun has agreed to open team sheets.\n|inactive|Ayresbrun has 60 seconds left.\n|inactive|BLizzy_Work has 60 seconds left.\n|\n|t:|1699901747\n|start\n|switch|p1a: Indeedee|Indeedee-F, L50, F|100\/100\n|switch|p1b: Muk|Muk-Alola, L50, F|100\/100\n|switch|p2a: Hydreigon|Hydreigon, L50, F|100\/100\n|switch|p2b: Heatran|Heatran, L50, M|100\/100\n|-fieldstart|move: Psychic Terrain|[from] ability: Psychic Surge|[of] p1a: Indeedee\n|-enditem|p1b: Muk|Psychic Seed\n|-boost|p1b: Muk|spd|1|[from] item: Psychic Seed\n|turn|1\n|\n|t:|1699901768\n|move|p2a: Hydreigon|Focus Energy|p2a: Hydreigon\n|-start|p2a: Hydreigon|move: Focus Energy\n|move|p2b: Heatran|Heat Wave|p1b: Muk|[spread] p1a,p1b\n|-damage|p1a: Indeedee|54\/100\n|-damage|p1b: Muk|72\/100\n|-damage|p2b: Heatran|91\/100|[from] item: Life Orb\n|move|p1b: Muk|Knock Off|p2b: Heatran\n|-damage|p2b: Heatran|62\/100\n|-enditem|p2b: Heatran|Life Orb|[from] move: Knock Off|[of] p1b: Muk\n|move|p1a: Indeedee|Trick Room|p1a: Indeedee\n|-fieldstart|move: Trick Room|[of] p1a: Indeedee\n|\n|upkeep\n|turn|2\n|inactive|BLizzy_Work has 30 seconds left.\n|inactive|Ayresbrun has 30 seconds left.\n|inactive|BLizzy_Work has 20 seconds left.\n|\n|t:|1699901804\n|move|p1b: Muk|Poison Jab|p2a: Hydreigon\n|-damage|p2a: Hydreigon|73\/100\n|-status|p2a: Hydreigon|psn\n|move|p1a: Indeedee|Psychic|p2b: Heatran\n|-resisted|p2b: Heatran\n|-damage|p2b: Heatran|44\/100\n|move|p2b: Heatran|Earth Power|p1b: Muk\n|-supereffective|p1b: Muk\n|-damage|p1b: Muk|33\/100\n|move|p2a: Hydreigon|Dark Pulse|p1b: Muk\n|-resisted|p1b: Muk\n|-crit|p1b: Muk\n|-damage|p1b: Muk|5\/100\n|\n|-heal|p2a: Hydreigon|79\/100 psn|[from] item: Leftovers\n|-damage|p2a: Hydreigon|67\/100 psn|[from] psn\n|upkeep\n|turn|3\n|inactive|BLizzy_Work has 30 seconds left.\n|inactive|BLizzy_Work has 20 seconds left.\n|\n|t:|1699901842\n|-terastallize|p1b: Muk|Flying\n|move|p1a: Indeedee|Helping Hand|p1b: Muk\n|-singleturn|p1b: Muk|Helping Hand|[of] p1a: Indeedee\n|move|p1b: Muk|Knock Off|p2b: Heatran\n|-damage|p2b: Heatran|14\/100\n|move|p2b: Heatran|Earth Power|p1b: Muk\n|-immune|p1b: Muk\n|move|p2a: Hydreigon|Dark Pulse|p1a: Indeedee\n|-supereffective|p1a: Indeedee\n|-crit|p1a: Indeedee\n|-damage|p1a: Indeedee|0 fnt\n|faint|p1a: Indeedee\n|-ability|p1b: Muk|Psychic Surge|[from] ability: Power of Alchemy|[of] p1a: Indeedee\n|\n|-heal|p2a: Hydreigon|73\/100 psn|[from] item: Leftovers\n|-damage|p2a: Hydreigon|61\/100 psn|[from] psn\n|upkeep\n|\n|t:|1699901859\n|switch|p1a: Torkoal|Torkoal, L50, M|100\/100\n|-weather|SunnyDay|[from] ability: Drought|[of] p1a: Torkoal\n|turn|4\n|\n|t:|1699901880\n|move|p1a: Torkoal|Protect|p1a: Torkoal\n|-singleturn|p1a: Torkoal|Protect\n|move|p2b: Heatran|Protect|p2b: Heatran\n|-singleturn|p2b: Heatran|Protect\n|move|p2a: Hydreigon|Protect|p2a: Hydreigon\n|-singleturn|p2a: Hydreigon|Protect\n|move|p1b: Muk|Knock Off|p2b: Heatran\n|-activate|p2b: Heatran|move: Protect\n|\n|-weather|SunnyDay|[upkeep]\n|-heal|p2a: Hydreigon|67\/100 psn|[from] item: Leftovers\n|-damage|p2a: Hydreigon|55\/100 psn|[from] psn\n|upkeep\n|turn|5\n|inactive|Ayresbrun has 30 seconds left.\n|inactive|Ayresbrun has 20 seconds left.\n|\n|t:|1699901919\n|move|p1a: Torkoal|Earth Power|p2b: Heatran\n|-supereffective|p2b: Heatran\n|-damage|p2b: Heatran|0 fnt\n|faint|p2b: Heatran\n|move|p1b: Muk|Knock Off|p2a: Hydreigon\n|-resisted|p2a: Hydreigon\n|-damage|p2a: Hydreigon|37\/100 psn\n|-enditem|p2a: Hydreigon|Leftovers|[from] move: Knock Off|[of] p1b: Muk\n|move|p2a: Hydreigon|Dark Pulse|p1a: Torkoal\n|-damage|p1a: Torkoal|50\/100\n|\n|-weather|SunnyDay|[upkeep]\n|-damage|p2a: Hydreigon|25\/100 psn|[from] psn\n|-fieldend|move: Trick Room\n|-fieldend|move: Psychic Terrain\n|upkeep\n|\n|t:|1699901935\n|switch|p2b: Flutter Mane|Flutter Mane, L50|100\/100\n|-activate|p2b: Flutter Mane|ability: Protosynthesis\n|-start|p2b: Flutter Mane|protosynthesisspa\n|turn|6\n|inactive|Ayresbrun has 30 seconds left.\n|\n|t:|1699901962\n|switch|p2a: Rillaboom|Rillaboom, L50, M|100\/100\n|-fieldstart|move: Grassy Terrain|[from] ability: Grassy Surge|[of] p2a: Rillaboom\n|move|p2b: Flutter Mane|Dazzling Gleam|p1b: Muk|[spread] p1a,p1b\n|-resisted|p1a: Torkoal\n|-damage|p1a: Torkoal|11\/100\n|-damage|p1b: Muk|0 fnt\n|faint|p1b: Muk\n|move|p1a: Torkoal|Eruption|p2b: Flutter Mane|[spread] p2a,p2b\n|-supereffective|p2a: Rillaboom\n|-damage|p2a: Rillaboom|88\/100\n|-damage|p2b: Flutter Mane|91\/100\n|\n|-weather|SunnyDay|[upkeep]\n|-heal|p2b: Flutter Mane|97\/100|[from] Grassy Terrain\n|-heal|p2a: Rillaboom|94\/100|[from] Grassy Terrain\n|-heal|p1a: Torkoal|17\/100|[from] Grassy Terrain\n|upkeep\n|\n|t:|1699901977\n|switch|p1b: Ogerpon|Ogerpon-Wellspring, L50, F|100\/100\n|turn|7\n|\n|t:|1699901992\n|-terastallize|p2b: Flutter Mane|Fairy\n|move|p1b: Ogerpon|Spiky Shield|p1b: Ogerpon\n|-singleturn|p1b: Ogerpon|move: Protect\n|move|p1a: Torkoal|Protect|p1a: Torkoal\n|-singleturn|p1a: Torkoal|Protect\n|move|p2a: Rillaboom|Fake Out|p1b: Ogerpon\n|-activate|p1b: Ogerpon|move: Protect\n|-damage|p2a: Rillaboom|82\/100|[from] Spiky Shield|[of] p1b: Ogerpon\n|move|p2b: Flutter Mane|Dazzling Gleam|p1b: Ogerpon|[spread] \n|-activate|p1a: Torkoal|move: Protect\n|-activate|p1b: Ogerpon|move: Protect\n|\n|-weather|SunnyDay|[upkeep]\n|-heal|p2b: Flutter Mane|100\/100|[from] Grassy Terrain\n|-heal|p2a: Rillaboom|87\/100|[from] Grassy Terrain\n|-heal|p1a: Torkoal|23\/100|[from] Grassy Terrain\n|upkeep\n|turn|8\n|inactive|BLizzy_Work has 30 seconds left.\n|\n|t:|1699902017\n|move|p2a: Rillaboom|Grassy Glide|p1b: Ogerpon\n|-damage|p1b: Ogerpon|50\/100\n|move|p2b: Flutter Mane|Dazzling Gleam|p1b: Ogerpon|[spread] p1a,p1b\n|-resisted|p1a: Torkoal\n|-damage|p1a: Torkoal|0 fnt\n|-damage|p1b: Ogerpon|0 fnt\n|faint|p1a: Torkoal\n|faint|p1b: Ogerpon\n|\n|win|Ayresbrun\n|raw|BLizzy_Work's rating: 1277 &rarr; <strong>1249<\/strong><br \/>(-28 for losing)\n|raw|Ayresbrun's rating: 1237 &rarr; <strong>1265<\/strong><br \/>(+28 for winning)\n","uploadtime":1699902027,"views":12,"p1id":"blizzywork","p2id":"ayresbrun","formatid":"gen9vgc2023regulatione","rating":1249,"private":0,"password":""}