{"id":"gen9vgc2023regulatione-1996989031","p1":"Hvac goon","p2":"UrshiTornisntSkill","format":"[Gen 9] VGC 2023 Regulation E","log":"|j|\u2606Hvac goon\n|j|\u2606UrshiTornisntSkill\n|t:|1700753062\n|gametype|doubles\n|player|p1|Hvac goon|169|1283\n|player|p2|UrshiTornisntSkill|caitlin|1309\n|teamsize|p1|6\n|teamsize|p2|6\n|gen|9\n|tier|[Gen 9] VGC 2023 Regulation E\n|rated|\n|rule|Species Clause: Limit one of each Pok\u00e9mon\n|rule|Item Clause: Limit one of each item\n|clearpoke\n|poke|p1|Urshifu-*, L50, M|\n|poke|p1|Rillaboom, L50, M|\n|poke|p1|Iron Bundle, L50|\n|poke|p1|Tatsugiri, L50, F|\n|poke|p1|Dondozo, L50, M|\n|poke|p1|Landorus-Therian, L50, M|\n|poke|p2|Rillaboom, L50, F|\n|poke|p2|Regieleki, L50|\n|poke|p2|Torkoal, L50, M|\n|poke|p2|Chi-Yu, L50|\n|poke|p2|Flutter Mane, L50|\n|poke|p2|Indeedee-F, L50, F|\n|teampreview|4\n|\n|t:|1700753112\n|start\n|switch|p1a: Dondozo|Dondozo, L50, M|100\/100\n|switch|p1b: Landorus|Landorus-Therian, L50, M|100\/100\n|switch|p2a: Regieleki|Regieleki, L50, shiny|100\/100\n|switch|p2b: Torkoal|Torkoal, L50, M, shiny|100\/100\n|-ability|p1b: Landorus|Intimidate|boost\n|-unboost|p2a: Regieleki|atk|1\n|-unboost|p2b: Torkoal|atk|1\n|-weather|SunnyDay|[from] ability: Drought|[of] p2b: Torkoal\n|turn|1\n|\n|t:|1700753145\n|switch|p1b: Tatsugiri|Tatsugiri, L50, F|100\/100\n|-activate|p1b: Tatsugiri|ability: Commander|[of] p1a: Dondozo\n|-boost|p1a: Dondozo|atk|2\n|-boost|p1a: Dondozo|spa|2\n|-boost|p1a: Dondozo|spe|2\n|-boost|p1a: Dondozo|def|2\n|-boost|p1a: Dondozo|spd|2\n|-terastallize|p1a: Dondozo|Dragon\n|move|p2a: Regieleki|Volt Switch|p1a: Dondozo\n|-resisted|p1a: Dondozo\n|-damage|p1a: Dondozo|86\/100\n|\n|t:|1700753155\n|switch|p2a: Flutter Mane|Flutter Mane, L50, shiny|100\/100|[from] Volt Switch\n|-activate|p2a: Flutter Mane|ability: Protosynthesis\n|-start|p2a: Flutter Mane|protosynthesisspe\n|move|p1a: Dondozo|Earthquake|p2b: Torkoal|[spread] p2a,p2b\n|-miss|p1a: Dondozo|p1b: Tatsugiri\n|-supereffective|p2b: Torkoal\n|-damage|p2a: Flutter Mane|0 fnt\n|-damage|p2b: Torkoal|32\/100\n|-enditem|p2b: Torkoal|Sitrus Berry|[eat]\n|-heal|p2b: Torkoal|56\/100|[from] item: Sitrus Berry\n|faint|p2a: Flutter Mane\n|-end|p2a: Flutter Mane|Protosynthesis|[silent]\n|move|p2b: Torkoal|Will-O-Wisp|p1a: Dondozo\n|-status|p1a: Dondozo|brn\n|\n|-weather|SunnyDay|[upkeep]\n|-heal|p1a: Dondozo|92\/100 brn|[from] item: Leftovers\n|-damage|p1a: Dondozo|86\/100 brn|[from] brn\n|upkeep\n|\n|t:|1700753177\n|switch|p2a: Regieleki|Regieleki, L50, shiny|100\/100\n|turn|2\n|\n|t:|1700753181\n|-terastallize|p2a: Regieleki|Ice\n|move|p2b: Torkoal|Helping Hand|p2a: Regieleki\n|-singleturn|p2a: Regieleki|Helping Hand|[of] p2b: Torkoal\n|move|p2a: Regieleki|Tera Blast|p1a: Dondozo|[anim] Tera Blast Ice\n|-supereffective|p1a: Dondozo\n|-damage|p1a: Dondozo|18\/100 brn\n|move|p1a: Dondozo|Earthquake|p2b: Torkoal|[spread] p2a,p2b\n|-miss|p1a: Dondozo|p1b: Tatsugiri\n|-supereffective|p2b: Torkoal\n|-damage|p2a: Regieleki|64\/100\n|-damage|p2b: Torkoal|25\/100\n|\n|-weather|SunnyDay|[upkeep]\n|-heal|p1a: Dondozo|24\/100 brn|[from] item: Leftovers\n|-damage|p1a: Dondozo|18\/100 brn|[from] brn\n|upkeep\n|turn|3\n|\n|t:|1700753200\n|switch|p2b: Rillaboom|Rillaboom, L50, F|100\/100\n|-fieldstart|move: Grassy Terrain|[from] ability: Grassy Surge|[of] p2b: Rillaboom\n|move|p2a: Regieleki|Tera Blast|p1a: Dondozo|[anim] Tera Blast Ice\n|-supereffective|p1a: Dondozo\n|-damage|p1a: Dondozo|0 fnt\n|faint|p1a: Dondozo\n|\n|-weather|SunnyDay|[upkeep]\n|-heal|p2a: Regieleki|69\/100|[from] Grassy Terrain\n|upkeep\n|\n|t:|1700753222\n|switch|p1a: Urshifu|Urshifu-Rapid-Strike, L50, M|100\/100\n|turn|4\n|\n|t:|1700753231\n|move|p1a: Urshifu|Protect|p1a: Urshifu\n|-singleturn|p1a: Urshifu|Protect\n|move|p2b: Rillaboom|Fake Out|p1a: Urshifu\n|-activate|p1a: Urshifu|move: Protect\n|move|p2a: Regieleki|Tera Blast|p1b: Tatsugiri|[anim] Tera Blast Ice\n|-damage|p1b: Tatsugiri|28\/100\n|move|p1b: Tatsugiri|Draco Meteor|p2a: Regieleki\n|-damage|p2a: Regieleki|0 fnt\n|-unboost|p1b: Tatsugiri|spa|2\n|faint|p2a: Regieleki\n|\n|-weather|SunnyDay|[upkeep]\n|-heal|p1b: Tatsugiri|34\/100|[from] Grassy Terrain\n|upkeep\n|\n|t:|1700753239\n|switch|p2a: Torkoal|Torkoal, L50, M, shiny|25\/100\n|turn|5\n|\n|t:|1700753258\n|switch|p1a: Landorus|Landorus-Therian, L50, M|100\/100\n|-ability|p1a: Landorus|Intimidate|boost\n|-unboost|p2a: Torkoal|atk|1\n|-unboost|p2b: Rillaboom|atk|1\n|move|p2a: Torkoal|Helping Hand|p2b: Rillaboom\n|-singleturn|p2b: Rillaboom|Helping Hand|[of] p2a: Torkoal\n|move|p2b: Rillaboom|Grassy Glide|p1a: Landorus\n|-damage|p1a: Landorus|56\/100\n|move|p1b: Tatsugiri|Muddy Water|p2a: Torkoal|[spread] p2a,p2b\n|-supereffective|p2a: Torkoal\n|-resisted|p2b: Rillaboom\n|-damage|p2a: Torkoal|8\/100\n|-damage|p2b: Rillaboom|97\/100\n|-unboost|p2a: Torkoal|accuracy|1\n|\n|-weather|none\n|-heal|p1b: Tatsugiri|40\/100|[from] Grassy Terrain\n|-heal|p2b: Rillaboom|100\/100|[from] Grassy Terrain\n|-heal|p2a: Torkoal|14\/100|[from] Grassy Terrain\n|upkeep\n|turn|6\n|\n|t:|1700753292\n|move|p2b: Rillaboom|Grassy Glide|p1b: Tatsugiri\n|-damage|p1b: Tatsugiri|0 fnt\n|faint|p1b: Tatsugiri\n|move|p1a: Landorus|Rock Slide|p2b: Rillaboom|[spread] p2a,p2b\n|-supereffective|p2a: Torkoal\n|-damage|p2a: Torkoal|0 fnt\n|-damage|p2b: Rillaboom|79\/100\n|faint|p2a: Torkoal\n|\n|-heal|p2b: Rillaboom|85\/100|[from] Grassy Terrain\n|upkeep\n|c|\u2606UrshiTornisntSkill|should change my name to donzo takes no skill\n|\n|t:|1700753303\n|switch|p1b: Urshifu|Urshifu-Rapid-Strike, L50, M|100\/100\n|turn|7\n|\n|t:|1700753308\n|move|p1b: Urshifu|Protect|p1b: Urshifu\n|-singleturn|p1b: Urshifu|Protect\n|move|p2b: Rillaboom|Grassy Glide|p1b: Urshifu\n|-activate|p1b: Urshifu|move: Protect\n|move|p1a: Landorus|Rock Slide|p2b: Rillaboom\n|-damage|p2b: Rillaboom|57\/100\n|\n|-heal|p2b: Rillaboom|63\/100|[from] Grassy Terrain\n|-fieldend|move: Grassy Terrain\n|upkeep\n|turn|8\n|\n|t:|1700753324\n|move|p1a: Landorus|Rock Slide|p2b: Rillaboom|[miss]\n|-miss|p1a: Landorus|p2b: Rillaboom\n|move|p1b: Urshifu|Surging Strikes|p2b: Rillaboom\n|-resisted|p2b: Rillaboom\n|-crit|p2b: Rillaboom\n|-damage|p2b: Rillaboom|50\/100\n|-resisted|p2b: Rillaboom\n|-crit|p2b: Rillaboom\n|-damage|p2b: Rillaboom|37\/100\n|-resisted|p2b: Rillaboom\n|-crit|p2b: Rillaboom\n|-damage|p2b: Rillaboom|24\/100\n|-hitcount|p2b: Rillaboom|3\n|-damage|p1b: Urshifu|91\/100|[from] item: Life Orb\n|move|p2b: Rillaboom|Grassy Glide|p1b: Urshifu\n|-supereffective|p1b: Urshifu\n|-damage|p1b: Urshifu|47\/100\n|\n|upkeep\n|turn|9\n|c|\u2606Hvac goon|Change your name to ass because you suck lmao\n|inactive|Battle timer is ON: inactive players will automatically lose when time's up. (requested by Hvac goon)\n|inactive|UrshiTornisntSkill has 60 seconds left.\n|inactive|UrshiTornisntSkill has 30 seconds left.\n|inactive|UrshiTornisntSkill has 20 seconds left.\n|inactive|UrshiTornisntSkill has 15 seconds left.\n|inactive|UrshiTornisntSkill has 10 seconds left.\n|inactive|UrshiTornisntSkill has 5 seconds left.\n|\n|t:|1700753489\n|move|p1a: Landorus|Rock Slide|p2b: Rillaboom\n|-damage|p2b: Rillaboom|0 fnt\n|faint|p2b: Rillaboom\n|\n|win|Hvac goon\n|raw|Hvac goon's rating: 1283 &rarr; <strong>1310<\/strong><br \/>(+27 for winning)\n|raw|UrshiTornisntSkill's rating: 1309 &rarr; <strong>1288<\/strong><br \/>(-21 for losing)\n","uploadtime":1700753373,"views":0,"p1id":"hvacgoon","p2id":"urshitornisntskill","formatid":"gen9vgc2023regulatione","rating":1288,"private":0,"password":""}