{"id":"gen9vgc2023regulatione-1992873886","p1":"TrapZelda","p2":"ciodo","format":"[Gen 9] VGC 2023 Regulation E","log":"|j|\u2606TrapZelda\n|j|\u2606ciodo\n|t:|1700242877\n|gametype|doubles\n|player|p1|TrapZelda|101|1324\n|player|p2|ciodo|2|1245\n|teamsize|p1|6\n|teamsize|p2|6\n|gen|9\n|tier|[Gen 9] VGC 2023 Regulation E\n|rated|\n|rule|Species Clause: Limit one of each Pok\u00e9mon\n|rule|Item Clause: Limit one of each item\n|clearpoke\n|poke|p1|Annihilape, L50, F|\n|poke|p1|Gholdengo, L50|\n|poke|p1|Sinistcha, L50|\n|poke|p1|Enamorus-Therian, L50, F|\n|poke|p1|Ursaluna-Bloodmoon, L50, M|\n|poke|p1|Cresselia, L50, F|\n|poke|p2|Weezing, L50, F|\n|poke|p2|Roaring Moon, L50|\n|poke|p2|Ogerpon-Wellspring, L50, F|\n|poke|p2|Iron Hands, L50|\n|poke|p2|Landorus-Therian, L50, M|\n|poke|p2|Flutter Mane, L50|\n|teampreview|4\nciodo has agreed to open team sheets.\n|inactive|Battle timer is ON: inactive players will automatically lose when time's up. (requested by ciodo)\n|inactive|ciodo has 60 seconds left.\nTrapZelda rejected open team sheets.\n|\n|t:|1700242922\n|start\n|switch|p1a: Annihilape|Annihilape, L50, F|100\/100\n|switch|p1b: Cresselia|Cresselia, L50, F|100\/100\n|switch|p2a: Roaring Moon|Roaring Moon, L50|100\/100\n|switch|p2b: Weezing|Weezing, L50, F|100\/100\n|-ability|p2b: Weezing|Neutralizing Gas\n|-enditem|p2a: Roaring Moon|Booster Energy\n|-activate|p2a: Roaring Moon|ability: Protosynthesis|[fromitem]\n|-start|p2a: Roaring Moon|protosynthesisspe\n|turn|1\n|\n|t:|1700242944\n|-terastallize|p1a: Annihilape|Ground\n|move|p2a: Roaring Moon|Knock Off|p1a: Annihilape\n|-damage|p1a: Annihilape|48\/100\n|-enditem|p1a: Annihilape|Leftovers|[from] move: Knock Off|[of] p2a: Roaring Moon\n|move|p2b: Weezing|Taunt|p1b: Cresselia\n|-start|p1b: Cresselia|move: Taunt\n|-enditem|p1b: Cresselia|Mental Herb\n|-end|p1b: Cresselia|move: Taunt\n|move|p1a: Annihilape|Earthquake|p2b: Weezing|[spread] p1b,p2a,p2b\n|-supereffective|p2b: Weezing\n|-damage|p1b: Cresselia|76\/100\n|-damage|p2a: Roaring Moon|56\/100\n|-damage|p2b: Weezing|26\/100\n|-enditem|p2b: Weezing|Sitrus Berry|[eat]\n|-heal|p2b: Weezing|51\/100|[from] item: Sitrus Berry\n|move|p1b: Cresselia|Trick Room|p1b: Cresselia\n|-fieldstart|move: Trick Room|[of] p1b: Cresselia\n|\n|upkeep\n|turn|2\n|\n|t:|1700242965\n|move|p1a: Annihilape|Earthquake|p2b: Weezing|[spread] p1b,p2a,p2b\n|-supereffective|p2b: Weezing\n|-damage|p1b: Cresselia|54\/100\n|-damage|p2a: Roaring Moon|10\/100\n|-damage|p2b: Weezing|0 fnt\n|faint|p2b: Weezing\n|-end|p2b: Weezing|ability: Neutralizing Gas\n|move|p1b: Cresselia|Lunar Blessing|p1b: Cresselia|[spread] p1a,p1b\n|-heal|p1a: Annihilape|73\/100\n|-heal|p1b: Cresselia|79\/100\n|move|p2a: Roaring Moon|Breaking Swipe|p1a: Annihilape|[spread] p1a,p1b\n|-damage|p1a: Annihilape|48\/100\n|-damage|p1b: Cresselia|66\/100\n|-unboost|p1a: Annihilape|atk|1\n|-ability|p1a: Annihilape|Defiant|boost\n|-boost|p1a: Annihilape|atk|2\n|-unboost|p1b: Cresselia|atk|1\n|\n|upkeep\n|\n|t:|1700242982\n|switch|p2b: Iron Hands|Iron Hands, L50|100\/100\n|turn|3\n|\n|t:|1700242997\n|move|p1a: Annihilape|Protect|p1a: Annihilape\n|-singleturn|p1a: Annihilape|Protect\n|move|p2b: Iron Hands|Fake Out|p1a: Annihilape\n|-activate|p1a: Annihilape|move: Protect\n|move|p1b: Cresselia|Lunar Blessing|p1b: Cresselia|[spread] p1a,p1b\n|-heal|p1a: Annihilape|73\/100\n|-heal|p1b: Cresselia|91\/100\n|move|p2a: Roaring Moon|Knock Off|p1b: Cresselia\n|-supereffective|p1b: Cresselia\n|-damage|p1b: Cresselia|49\/100\n|\n|upkeep\n|turn|4\n|\n|t:|1700243016\n|move|p2a: Roaring Moon|Protect|p2a: Roaring Moon\n|-singleturn|p2a: Roaring Moon|Protect\n|move|p2b: Iron Hands|Drain Punch|p1a: Annihilape\n|-damage|p1a: Annihilape|33\/100\n|move|p1a: Annihilape|Earthquake|p2b: Iron Hands|[spread] p2b\n|-activate|p2a: Roaring Moon|move: Protect\n|-immune|p1b: Cresselia|[from] ability: Levitate\n|-supereffective|p2b: Iron Hands\n|-damage|p2b: Iron Hands|21\/100\n|move|p1b: Cresselia|Moonblast|p2b: Iron Hands\n|-supereffective|p2b: Iron Hands\n|-damage|p2b: Iron Hands|4\/100\n|\n|upkeep\n|turn|5\n|inactive|ciodo has 30 seconds left.\n|\n|t:|1700243046\n|move|p1b: Cresselia|Ally Switch|p1b: Cresselia\n|swap|p1b: Cresselia|0|[from] move: Ally Switch\n|move|p2b: Iron Hands|Wild Charge|p1b: Annihilape\n|-immune|p1b: Annihilape\n|move|p1b: Annihilape|Earthquake|p2a: Roaring Moon|[spread] p2a,p2b\n|-immune|p1a: Cresselia|[from] ability: Levitate\n|-supereffective|p2b: Iron Hands\n|-damage|p2a: Roaring Moon|0 fnt\n|-damage|p2b: Iron Hands|0 fnt\n|faint|p2a: Roaring Moon\n|-end|p2a: Roaring Moon|Protosynthesis|[silent]\n|faint|p2b: Iron Hands\n|-end|p2b: Iron Hands|Quark Drive|[silent]\n|\n|-fieldend|move: Trick Room\n|upkeep\n|\n|t:|1700243057\n|switch|p2b: Flutter Mane|Flutter Mane, L50|100\/100\n|turn|6\n|\n|t:|1700243064\n|move|p1b: Annihilape|Protect|p1b: Annihilape\n|-singleturn|p1b: Annihilape|Protect\n|move|p2b: Flutter Mane|Shadow Ball|p1a: Cresselia\n|-supereffective|p1a: Cresselia\n|-damage|p1a: Cresselia|0 fnt\n|faint|p1a: Cresselia\n|\n|upkeep\n|\n|t:|1700243073\n|switch|p1a: Sinistcha|Sinistcha, L50|100\/100\n|-heal|p1b: Annihilape|58\/100|[from] ability: Hospitality|[of] p1a: Sinistcha\n|turn|7\n|\n|t:|1700243080\n|move|p2b: Flutter Mane|Shadow Ball|p1b: Annihilape\n|-damage|p1b: Annihilape|4\/100\n|move|p1b: Annihilape|Rage Fist|p2b: Flutter Mane\n|-supereffective|p2b: Flutter Mane\n|-damage|p2b: Flutter Mane|0 fnt\n|faint|p2b: Flutter Mane\n|-end|p2b: Flutter Mane|Protosynthesis|[silent]\n|\n|win|TrapZelda\n|raw|TrapZelda's rating: 1324 &rarr; <strong>1340<\/strong><br \/>(+16 for winning)\n|raw|ciodo's rating: 1245 &rarr; <strong>1226<\/strong><br \/>(-19 for losing)\n|l|\u2606ciodo\n","uploadtime":1700243098,"views":10,"p1id":"trapzelda","p2id":"ciodo","formatid":"gen9vgc2023regulatione","rating":1226,"private":0,"password":""}