{"id":"gen9vgc2023regulatione-1998494261","p1":"Labbbing","p2":"cardojtv","format":"[Gen 9] VGC 2023 Regulation E","log":"|j|\u2606Labbbing\n|j|\u2606cardojtv\n|t:|1700948671\n|gametype|doubles\n|player|p1|Labbbing|sada|1385\n|player|p2|cardojtv|acetrainersnow|1382\n|teamsize|p1|6\n|teamsize|p2|6\n|gen|9\n|tier|[Gen 9] VGC 2023 Regulation E\n|rated|\n|rule|Species Clause: Limit one of each Pok\u00e9mon\n|rule|Item Clause: Limit one of each item\n|clearpoke\n|poke|p1|Ogerpon-Cornerstone, L50, F|\n|poke|p1|Ursaluna, L50, M|\n|poke|p1|Cresselia, L50, F|\n|poke|p1|Chien-Pao, L50|\n|poke|p1|Dragonite, L50, M|\n|poke|p1|Flutter Mane, L50|\n|poke|p2|Baxcalibur, L50, M|\n|poke|p2|Iron Bundle, L50|\n|poke|p2|Ninetales-Alola, L50, M|\n|poke|p2|Iron Hands, L50|\n|poke|p2|Heatran, L50, F|\n|poke|p2|Fezandipiti, L50, M|\n|teampreview|4\n|inactive|Battle timer is ON: inactive players will automatically lose when time's up. (requested by Labbbing)\n|\n|t:|1700948695\n|start\n|switch|p1a: Ogerpon|Ogerpon-Cornerstone, L50, F|100\/100\n|switch|p1b: Ursaluna|Ursaluna, L50, M, shiny|100\/100\n|switch|p2a: Ninetales|Ninetales-Alola, L50, M|100\/100\n|switch|p2b: Iron Bundle|Iron Bundle, L50|100\/100\n|-weather|Snow|[from] ability: Snow Warning|[of] p2a: Ninetales\n|-enditem|p2b: Iron Bundle|Booster Energy\n|-activate|p2b: Iron Bundle|ability: Quark Drive|[fromitem]\n|-start|p2b: Iron Bundle|quarkdrivespe\n|turn|1\n|\n|t:|1700948707\n|move|p1b: Ursaluna|Protect|p1b: Ursaluna\n|-singleturn|p1b: Ursaluna|Protect\n|move|p2b: Iron Bundle|Freeze-Dry|p1a: Ogerpon\n|-supereffective|p1a: Ogerpon\n|-damage|p1a: Ogerpon|14\/100\n|move|p1a: Ogerpon|Taunt|p2a: Ninetales\n|-start|p2a: Ninetales|move: Taunt\n|cant|p2a: Ninetales|move: Taunt|Aurora Veil\n|\n|-weather|Snow|[upkeep]\n|-status|p1b: Ursaluna|brn|[from] item: Flame Orb\n|upkeep\n|turn|2\n|\n|t:|1700948724\n|switch|p1a: Thot|Cresselia, L50, F, shiny|100\/100\n|move|p1b: Ursaluna|Protect|p1b: Ursaluna\n|-singleturn|p1b: Ursaluna|Protect\n|move|p2b: Iron Bundle|Freeze-Dry|p1b: Ursaluna\n|-activate|p1b: Ursaluna|move: Protect\n|move|p2a: Ninetales|Blizzard|p1a: Thot|[spread] p1a\n|-activate|p1b: Ursaluna|move: Protect\n|-damage|p1a: Thot|80\/100\n|\n|-weather|Snow|[upkeep]\n|-damage|p1b: Ursaluna|95\/100 brn|[from] brn\n|upkeep\n|turn|3\n|\n|t:|1700948739\n|switch|p1b: Ogerpon|Ogerpon-Cornerstone, L50, F|14\/100\n|move|p2b: Iron Bundle|Freeze-Dry|p1b: Ogerpon\n|-supereffective|p1b: Ogerpon\n|-damage|p1b: Ogerpon|0 fnt\n|faint|p1b: Ogerpon\n|move|p2a: Ninetales|Blizzard|p1a: Thot\n|-damage|p1a: Thot|51\/100\n|move|p1a: Thot|Trick Room|p1a: Thot\n|-fieldstart|move: Trick Room|[of] p1a: Thot\n|\n|-weather|Snow|[upkeep]\n|-end|p2a: Ninetales|move: Taunt\n|upkeep\n|\n|t:|1700948743\n|switch|p1b: Ursaluna|Ursaluna, L50, M, shiny|95\/100 brn\n|turn|4\n|\n|t:|1700948757\n|-terastallize|p1b: Ursaluna|Ghost\n|move|p1a: Thot|Helping Hand|p1b: Ursaluna\n|-singleturn|p1b: Ursaluna|Helping Hand|[of] p1a: Thot\n|move|p1b: Ursaluna|Earthquake|p2b: Iron Bundle|[spread] p2a,p2b\n|-immune|p1a: Thot|[from] ability: Levitate\n|-damage|p2a: Ninetales|4\/100\n|-damage|p2b: Iron Bundle|22\/100\n|move|p2a: Ninetales|Aurora Veil|p2a: Ninetales\n|-sidestart|p2: cardojtv|move: Aurora Veil\n|move|p2b: Iron Bundle|Freeze-Dry|p1b: Ursaluna\n|-damage|p1b: Ursaluna|63\/100 brn\n|\n|-weather|Snow|[upkeep]\n|-damage|p1b: Ursaluna|57\/100 brn|[from] brn\n|upkeep\n|turn|5\n|\n|t:|1700948778\n|move|p2b: Iron Bundle|Protect|p2b: Iron Bundle\n|-singleturn|p2b: Iron Bundle|Protect\n|move|p1b: Ursaluna|Bulk Up|p1b: Ursaluna\n|-boost|p1b: Ursaluna|atk|1\n|-boost|p1b: Ursaluna|def|1\n|move|p1a: Thot|Psychic|p2b: Iron Bundle\n|-activate|p2b: Iron Bundle|move: Protect\n|move|p2a: Ninetales|Blizzard|p1b: Ursaluna|[spread] p1a,p1b\n|-damage|p1a: Thot|29\/100\n|-damage|p1b: Ursaluna|25\/100 brn\n|\n|-weather|none\n|-damage|p1b: Ursaluna|19\/100 brn|[from] brn\n|upkeep\n|turn|6\n|\n|t:|1700948793\n|move|p1b: Ursaluna|Earthquake|p2a: Ninetales|[spread] p2a,p2b\n|-immune|p1a: Thot|[from] ability: Levitate\n|-damage|p2a: Ninetales|0 fnt\n|-damage|p2b: Iron Bundle|0 fnt\n|faint|p2a: Ninetales\n|faint|p2b: Iron Bundle\n|-end|p2b: Iron Bundle|Quark Drive|[silent]\n|move|p1a: Thot|Lunar Blessing|p1a: Thot|[spread] p1a,p1b\n|-heal|p1a: Thot|54\/100\n|-heal|p1b: Ursaluna|44\/100 brn\n|-curestatus|p1b: Ursaluna|brn|[msg]\n|\n|-status|p1b: Ursaluna|brn|[from] item: Flame Orb\n|upkeep\n|\n|t:|1700948796\n|switch|p2a: Baxcalibur|Baxcalibur, L50, M|100\/100\n|switch|p2b: Iron Hands|Iron Hands, L50|100\/100\n|turn|7\n|inactive|cardojtv has 30 seconds left.\n|\n|t:|1700948829\n|move|p1a: Thot|Helping Hand|p1b: Ursaluna\n|-singleturn|p1b: Ursaluna|Helping Hand|[of] p1a: Thot\n|move|p1b: Ursaluna|Facade|p2b: Iron Hands\n|-damage|p2b: Iron Hands|0 fnt\n|faint|p2b: Iron Hands\n|-end|p2b: Iron Hands|Quark Drive|[silent]\n|move|p2a: Baxcalibur|Glaive Rush|p1b: Ursaluna\n|-damage|p1b: Ursaluna|4\/100 brn\n|-singlemove|p2a: Baxcalibur|Glaive Rush|[silent]\n|-damage|p2a: Baxcalibur|91\/100|[from] item: Life Orb\n|\n|-damage|p1b: Ursaluna|0 fnt|[from] brn\n|faint|p1b: Ursaluna\n|-fieldend|move: Trick Room\n|upkeep\n|\n|t:|1700948835\n|switch|p1b: Chien-Pao|Chien-Pao, L50|100\/100\n|-ability|p1b: Chien-Pao|Sword of Ruin\n|turn|8\n|\n|t:|1700948853\n|move|p1a: Thot|Helping Hand|p1b: Chien-Pao\n|-singleturn|p1b: Chien-Pao|Helping Hand|[of] p1a: Thot\n|move|p1b: Chien-Pao|Icicle Crash|p2a: Baxcalibur\n|-damage|p2a: Baxcalibur|2\/100\n|cant|p2a: Baxcalibur|flinch\n|\n|upkeep\n|turn|9\n|\n|t:|1700948859\n|move|p1a: Thot|Helping Hand|p1b: Chien-Pao\n|-singleturn|p1b: Chien-Pao|Helping Hand|[of] p1a: Thot\n|move|p1b: Chien-Pao|Sucker Punch|p2a: Baxcalibur\n|-damage|p2a: Baxcalibur|0 fnt\n|faint|p2a: Baxcalibur\n|\n|win|Labbbing\n|raw|Labbbing's rating: 1385 &rarr; <strong>1405<\/strong><br \/>(+20 for winning)\n|raw|cardojtv's rating: 1382 &rarr; <strong>1362<\/strong><br \/>(-20 for losing)\n|l|\u2606cardojtv\n","uploadtime":1700948866,"views":12,"p1id":"labbbing","p2id":"cardojtv","formatid":"gen9vgc2023regulatione","rating":1362,"private":0,"password":""}