{"id":"gen9vgc2023regulatione-1990001932","p1":"BrokenFairyKing","p2":"Jeffreythegiraffe","format":"[Gen 9] VGC 2023 Regulation E","log":"|j|\u2606BrokenFairyKing\n|j|\u2606Jeffreythegiraffe\n|t:|1699914249\n|gametype|doubles\n|player|p1|BrokenFairyKing|harlequin|1194\n|player|p2|Jeffreythegiraffe|102|1295\n|teamsize|p1|6\n|teamsize|p2|6\n|gen|9\n|tier|[Gen 9] VGC 2023 Regulation E\n|rated|\n|rule|Species Clause: Limit one of each Pok\u00e9mon\n|rule|Item Clause: Limit one of each item\n|clearpoke\n|poke|p1|Ursaluna-Bloodmoon, L50, M|\n|poke|p1|Oranguru, L50, M|\n|poke|p1|Dusclops, L50, F|\n|poke|p1|Ogerpon-Wellspring, L50, F|\n|poke|p1|Weezing, L50, M|\n|poke|p1|Iron Hands, L50|\n|poke|p2|Ursaluna-Bloodmoon, L50, M|\n|poke|p2|Urshifu-*, L50, F|\n|poke|p2|Dusclops, L50, M|\n|poke|p2|Ogerpon-Wellspring, L50, F|\n|poke|p2|Landorus-Therian, L50, M|\n|poke|p2|Iron Hands, L50|\n|teampreview|4\n|inactive|Battle timer is ON: inactive players will automatically lose when time's up. (requested by BrokenFairyKing)\n|inactive|BrokenFairyKing has 60 seconds left.\n|inactive|Jeffreythegiraffe has 60 seconds left.\nJeffreythegiraffe rejected open team sheets.\n|\n|t:|1699914295\n|start\n|switch|p1a: Dusclops|Dusclops, L50, F|100\/100\n|switch|p1b: Ogerpon|Ogerpon-Wellspring, L50, F|100\/100\n|switch|p2a: Urshifu|Urshifu, L50, F|100\/100\n|switch|p2b: Dusclops|Dusclops, L50, M|100\/100\n|-ability|p1a: Dusclops|Pressure\n|-item|p1a: Dusclops|Eviolite|[from] ability: Frisk|[of] p2b: Dusclops|[identify]\n|-item|p1b: Ogerpon|Wellspring Mask|[from] ability: Frisk|[of] p2b: Dusclops|[identify]\n|turn|1\n|inactive|Jeffreythegiraffe has 30 seconds left.\n|inactive|Jeffreythegiraffe has 20 seconds left.\n|inactive|Jeffreythegiraffe has 15 seconds left.\n|inactive|Jeffreythegiraffe has 10 seconds left.\n|\n|t:|1699914343\n|-terastallize|p2a: Urshifu|Dark\n|move|p2b: Dusclops|Helping Hand|p2a: Urshifu\n|-singleturn|p2a: Urshifu|Helping Hand|[of] p2b: Dusclops\n|move|p1b: Ogerpon|Follow Me|p1b: Ogerpon\n|-singleturn|p1b: Ogerpon|move: Follow Me\n|move|p2a: Urshifu|Wicked Blow|p1b: Ogerpon\n|-crit|p1b: Ogerpon\n|-damage|p1b: Ogerpon|0 fnt\n|faint|p1b: Ogerpon\n|move|p1a: Dusclops|Will-O-Wisp|p2a: Urshifu\n|-status|p2a: Urshifu|brn\n|\n|-damage|p2a: Urshifu|95\/100 brn|[from] brn\n|upkeep\n|\n|t:|1699914360\n|switch|p1b: Oranguru|Oranguru, L50, M|100\/100\n|turn|2\n|\n|t:|1699914370\n|-terastallize|p1b: Oranguru|Fairy\n|move|p2b: Dusclops|Helping Hand|p2a: Urshifu\n|-singleturn|p2a: Urshifu|Helping Hand|[of] p2b: Dusclops\n|move|p2a: Urshifu|Wicked Blow|p1a: Dusclops\n|-supereffective|p1a: Dusclops\n|-crit|p1a: Dusclops\n|-damage|p1a: Dusclops|30\/100\n|move|p1b: Oranguru|Taunt|p2b: Dusclops\n|-start|p2b: Dusclops|move: Taunt\n|move|p1a: Dusclops|Will-O-Wisp|p2b: Dusclops\n|-status|p2b: Dusclops|brn\n|\n|-damage|p2a: Urshifu|89\/100 brn|[from] brn\n|-damage|p2b: Dusclops|94\/100 brn|[from] brn\n|upkeep\n|turn|3\n|inactive|BrokenFairyKing has 30 seconds left.\n|inactive|Jeffreythegiraffe has 30 seconds left.\n|\n|t:|1699914401\n|switch|p1a: Ursaluna|Ursaluna-Bloodmoon, L50, M|100\/100\n|move|p2a: Urshifu|Wicked Blow|p1a: Ursaluna\n|-crit|p1a: Ursaluna\n|-damage|p1a: Ursaluna|72\/100\n|move|p2b: Dusclops|Brick Break|p1b: Oranguru\n|-resisted|p1b: Oranguru\n|-damage|p1b: Oranguru|98\/100\n|move|p1b: Oranguru|Trick Room|p1b: Oranguru\n|-fieldstart|move: Trick Room|[of] p1b: Oranguru\n|\n|-damage|p2b: Dusclops|88\/100 brn|[from] brn\n|-damage|p2a: Urshifu|83\/100 brn|[from] brn\n|upkeep\n|turn|4\n|inactive|Jeffreythegiraffe has 30 seconds left.\n|inactive|Jeffreythegiraffe has 20 seconds left.\n|\n|t:|1699914440\n|switch|p2b: Iron Hands|Iron Hands, L50|100\/100\n|move|p1a: Ursaluna|Blood Moon|p2b: Iron Hands\n|-damage|p2b: Iron Hands|42\/100\n|move|p1b: Oranguru|Instruct|p1a: Ursaluna\n|-singleturn|p1a: Ursaluna|move: Instruct|[of] p1b: Oranguru\n|move|p1a: Ursaluna|Blood Moon|p2b: Iron Hands\n|-damage|p2b: Iron Hands|0 fnt\n|faint|p2b: Iron Hands\n|-end|p2b: Iron Hands|Quark Drive|[silent]\n|-hint|Some effects can force a Pokemon to use Blood Moon again in a row.\n|move|p2a: Urshifu|Close Combat|p1a: Ursaluna\n|-supereffective|p1a: Ursaluna\n|-damage|p1a: Ursaluna|27\/100\n|-unboost|p2a: Urshifu|def|1\n|-unboost|p2a: Urshifu|spd|1\n|\n|-damage|p2a: Urshifu|78\/100 brn|[from] brn\n|upkeep\n|\n|t:|1699914456\n|switch|p2b: Dusclops|Dusclops, L50, M|88\/100 brn\n|-item|p1a: Ursaluna|Silk Scarf|[from] ability: Frisk|[of] p2b: Dusclops|[identify]\n|-item|p1b: Oranguru|Mental Herb|[from] ability: Frisk|[of] p2b: Dusclops|[identify]\n|turn|5\n|\n|t:|1699914471\n|move|p1a: Ursaluna|Protect|p1a: Ursaluna\n|-singleturn|p1a: Ursaluna|Protect\n|move|p1b: Oranguru|Taunt|p2a: Urshifu\n|-start|p2a: Urshifu|move: Taunt\n|move|p2a: Urshifu|Close Combat|p1a: Ursaluna\n|-supereffective|p1a: Ursaluna\n|-damage|p1a: Ursaluna|0 fnt\n|-unboost|p2a: Urshifu|def|1\n|-unboost|p2a: Urshifu|spd|1\n|faint|p1a: Ursaluna\n|move|p2b: Dusclops|Trick Room|p2b: Dusclops\n|-fieldend|move: Trick Room\n|\n|-damage|p2a: Urshifu|72\/100 brn|[from] brn\n|-damage|p2b: Dusclops|82\/100 brn|[from] brn\n|upkeep\n|\n|t:|1699914484\n|switch|p1a: Dusclops|Dusclops, L50, F|30\/100\n|-ability|p1a: Dusclops|Pressure\n|turn|6\n|\n|t:|1699914507\n|move|p2a: Urshifu|Wicked Blow|p1a: Dusclops\n|-supereffective|p1a: Dusclops\n|-crit|p1a: Dusclops\n|-damage|p1a: Dusclops|0 fnt\n|faint|p1a: Dusclops\n|move|p1b: Oranguru|Taunt|p2b: Dusclops\n|-start|p2b: Dusclops|move: Taunt\n|cant|p2b: Dusclops|move: Taunt|Trick Room\n|\n|-damage|p2a: Urshifu|66\/100 brn|[from] brn\n|-damage|p2b: Dusclops|76\/100 brn|[from] brn\n|upkeep\n|turn|7\n|\n|t:|1699914524\n|move|p2a: Urshifu|Wicked Blow|p1b: Oranguru\n|-resisted|p1b: Oranguru\n|-crit|p1b: Oranguru\n|-damage|p1b: Oranguru|79\/100\n|move|p1b: Oranguru|Psychic|p2b: Dusclops\n|-damage|p2b: Dusclops|60\/100 brn\n|-unboost|p2b: Dusclops|spd|1\n|move|p2b: Dusclops|Brick Break|p1b: Oranguru\n|-resisted|p1b: Oranguru\n|-damage|p1b: Oranguru|77\/100\n|\n|-damage|p2a: Urshifu|60\/100 brn|[from] brn\n|-damage|p2b: Dusclops|54\/100 brn|[from] brn\n|-end|p2a: Urshifu|move: Taunt\n|upkeep\n|turn|8\n|\n|t:|1699914537\n|move|p2a: Urshifu|Wicked Blow|p1b: Oranguru\n|-resisted|p1b: Oranguru\n|-crit|p1b: Oranguru\n|-damage|p1b: Oranguru|59\/100\n|move|p1b: Oranguru|Psychic|p2b: Dusclops\n|-damage|p2b: Dusclops|31\/100 brn\n|move|p2b: Dusclops|Brick Break|p1b: Oranguru\n|-resisted|p1b: Oranguru\n|-damage|p1b: Oranguru|56\/100\n|\n|-damage|p2a: Urshifu|55\/100 brn|[from] brn\n|-damage|p2b: Dusclops|25\/100 brn|[from] brn\n|-end|p2b: Dusclops|move: Taunt\n|upkeep\n|turn|9\n|\n|t:|1699914553\n|move|p2b: Dusclops|Helping Hand|p2a: Urshifu\n|-singleturn|p2a: Urshifu|Helping Hand|[of] p2b: Dusclops\n|move|p2a: Urshifu|Close Combat|p1b: Oranguru\n|-resisted|p1b: Oranguru\n|-damage|p1b: Oranguru|36\/100\n|-unboost|p2a: Urshifu|def|1\n|-unboost|p2a: Urshifu|spd|1\n|move|p1b: Oranguru|Psychic|p2b: Dusclops\n|-damage|p2b: Dusclops|0 fnt\n|faint|p2b: Dusclops\n|\n|-damage|p2a: Urshifu|49\/100 brn|[from] brn\n|upkeep\n|\n|t:|1699914563\n|switch|p2b: Ogerpon|Ogerpon-Wellspring, L50, F|100\/100\n|turn|10\n|\n|t:|1699914569\n|move|p2b: Ogerpon|Ivy Cudgel|p1b: Oranguru\n|-damage|p1b: Oranguru|0 fnt\n|faint|p1b: Oranguru\n|\n|win|Jeffreythegiraffe\n|raw|BrokenFairyKing's rating: 1194 &rarr; <strong>1176<\/strong><br \/>(-18 for losing)\n|raw|Jeffreythegiraffe's rating: 1295 &rarr; <strong>1313<\/strong><br \/>(+18 for winning)\n|l|\u2606BrokenFairyKing\n","uploadtime":1699914578,"views":11,"p1id":"brokenfairyking","p2id":"jeffreythegiraffe","formatid":"gen9vgc2023regulatione","rating":1176,"private":0,"password":""}