{"id":"gen9vgc2023regulatione-1994422813","p1":"Rfriedrich16","p2":"TheLegendaryMuffin","format":"[Gen 9] VGC 2023 Regulation E","log":"|j|\u2606Rfriedrich16\n|j|\u2606TheLegendaryMuffin\n|t:|1700442216\n|gametype|doubles\n|player|p1|Rfriedrich16|265|1439\n|player|p2|TheLegendaryMuffin|hiker-gen4|1615\n|teamsize|p1|6\n|teamsize|p2|6\n|gen|9\n|tier|[Gen 9] VGC 2023 Regulation E\n|rated|\n|rule|Species Clause: Limit one of each Pok\u00e9mon\n|rule|Item Clause: Limit one of each item\n|clearpoke\n|poke|p1|Iron Hands, L50|\n|poke|p1|Flutter Mane, L50|\n|poke|p1|Landorus-Therian, L50, M|\n|poke|p1|Ogerpon-Wellspring, L50, F|\n|poke|p1|Heatran, L50, F|\n|poke|p1|Urshifu-*, L50, F|\n|poke|p2|Lucario, L50, F|\n|poke|p2|Chien-Pao, L50|\n|poke|p2|Tornadus, L50, M|\n|poke|p2|Rillaboom, L50, M|\n|poke|p2|Gholdengo, L50|\n|poke|p2|Landorus-Therian, L50, M|\n|teampreview|4\nRfriedrich16 has agreed to open team sheets.\nTheLegendaryMuffin has agreed to open team sheets.\n|\n|t:|1700442271\n|start\n|switch|p1a: Urshifu|Urshifu-Rapid-Strike, L50, F|100\/100\n|switch|p1b: Landorus|Landorus-Therian, L50, M|100\/100\n|switch|p2a: Tornadus|Tornadus, L50, M|100\/100\n|switch|p2b: Gholdengo|Gholdengo, L50|100\/100\n|-ability|p1b: Landorus|Intimidate|boost\n|-unboost|p2a: Tornadus|atk|1\n|-unboost|p2b: Gholdengo|atk|1\n|turn|1\n|\n|t:|1700442294\n|switch|p1a: Heatran|Heatran, L50, F|100\/100\n|-terastallize|p2b: Gholdengo|Dragon\n|move|p2a: Tornadus|Tailwind|p2a: Tornadus\n|-sidestart|p2: TheLegendaryMuffin|move: Tailwind\n|move|p2b: Gholdengo|Nasty Plot|p2b: Gholdengo\n|-boost|p2b: Gholdengo|spa|2\n|move|p1b: Landorus|U-turn|p2b: Gholdengo\n|-damage|p2b: Gholdengo|76\/100\n|\n|t:|1700442303\n|switch|p1b: Iron Hands|Iron Hands, L50|100\/100|[from] U-turn\n|\n|-heal|p2b: Gholdengo|82\/100|[from] item: Leftovers\n|upkeep\n|turn|2\n|\n|t:|1700442325\n|switch|p2a: Landorus|Landorus-Therian, L50, M|100\/100\n|-ability|p2a: Landorus|Intimidate|boost\n|-unboost|p1a: Heatran|atk|1\n|-unboost|p1b: Iron Hands|atk|1\n|move|p2b: Gholdengo|Protect|p2b: Gholdengo\n|-singleturn|p2b: Gholdengo|Protect\n|move|p1b: Iron Hands|Fake Out|p2a: Landorus\n|-damage|p2a: Landorus|89\/100\n|move|p1a: Heatran|Flash Cannon|p2b: Gholdengo\n|-activate|p2b: Gholdengo|move: Protect\n|\n|-heal|p2b: Gholdengo|89\/100|[from] item: Leftovers\n|upkeep\n|turn|3\n|\n|t:|1700442350\n|-end|p1b: Iron Hands|Quark Drive|[silent]\n|switch|p1b: Landorus|Landorus-Therian, L50, M|100\/100\n|-ability|p1b: Landorus|Intimidate|boost\n|-unboost|p2a: Landorus|atk|1\n|-unboost|p2b: Gholdengo|atk|1\n|move|p1a: Heatran|Protect|p1a: Heatran\n|-singleturn|p1a: Heatran|Protect\n|move|p2a: Landorus|Stomping Tantrum|p1a: Heatran\n|-activate|p1a: Heatran|move: Protect\n|move|p2b: Gholdengo|Make It Rain|p1a: Heatran|[spread] p1b\n|-activate|p1a: Heatran|move: Protect\n|-damage|p1b: Landorus|1\/100\n|-unboost|p2b: Gholdengo|spa|1\n|\n|-heal|p2b: Gholdengo|95\/100|[from] item: Leftovers\n|upkeep\n|turn|4\n|\n|t:|1700442375\n|switch|p1a: Iron Hands|Iron Hands, L50|100\/100\n|move|p2a: Landorus|Stomping Tantrum|p1a: Iron Hands\n|-supereffective|p1a: Iron Hands\n|-damage|p1a: Iron Hands|62\/100\n|move|p2b: Gholdengo|Make It Rain|p1a: Iron Hands|[spread] p1a,p1b\n|-resisted|p1a: Iron Hands\n|-damage|p1a: Iron Hands|47\/100\n|-damage|p1b: Landorus|0 fnt\n|-unboost|p2b: Gholdengo|spa|1\n|faint|p1b: Landorus\n|\n|-heal|p2b: Gholdengo|100\/100|[from] item: Leftovers\n|-sideend|p2: TheLegendaryMuffin|move: Tailwind\n|upkeep\n|\n|t:|1700442379\n|switch|p1b: Urshifu|Urshifu-Rapid-Strike, L50, F|100\/100\n|turn|5\n|\n|t:|1700442395\n|switch|p2a: Rillaboom|Rillaboom, L50, M|100\/100\n|-fieldstart|move: Grassy Terrain|[from] ability: Grassy Surge|[of] p2a: Rillaboom\n|switch|p2b: Tornadus|Tornadus, L50, M|100\/100\n|move|p1b: Urshifu|Surging Strikes|p2a: Rillaboom\n|-resisted|p2a: Rillaboom\n|-crit|p2a: Rillaboom\n|-damage|p2a: Rillaboom|89\/100\n|-resisted|p2a: Rillaboom\n|-crit|p2a: Rillaboom\n|-damage|p2a: Rillaboom|77\/100\n|-resisted|p2a: Rillaboom\n|-crit|p2a: Rillaboom\n|-damage|p2a: Rillaboom|66\/100\n|-hitcount|p2a: Rillaboom|3\n|move|p1a: Iron Hands|Drain Punch|p2b: Tornadus\n|-resisted|p2b: Tornadus\n|-damage|p2b: Tornadus|83\/100\n|-heal|p1a: Iron Hands|54\/100|[from] drain|[of] p2b: Tornadus\n|\n|-heal|p2a: Rillaboom|72\/100|[from] Grassy Terrain\n|-heal|p1a: Iron Hands|60\/100|[from] Grassy Terrain\n|upkeep\n|turn|6\n|\n|t:|1700442414\n|switch|p1b: Heatran|Heatran, L50, F|100\/100\n|move|p2b: Tornadus|Tailwind|p2b: Tornadus\n|-sidestart|p2: TheLegendaryMuffin|move: Tailwind\n|move|p2a: Rillaboom|U-turn|p1a: Iron Hands\n|-resisted|p1a: Iron Hands\n|-damage|p1a: Iron Hands|51\/100\n|\n|t:|1700442416\n|switch|p2a: Landorus|Landorus-Therian, L50, M|89\/100|[from] U-turn\n|-ability|p2a: Landorus|Intimidate|boost\n|-unboost|p1a: Iron Hands|atk|1\n|-unboost|p1b: Heatran|atk|1\n|move|p1a: Iron Hands|Wild Charge|p2b: Tornadus\n|-supereffective|p2b: Tornadus\n|-damage|p2b: Tornadus|21\/100\n|-enditem|p2b: Tornadus|Sitrus Berry|[eat]\n|-heal|p2b: Tornadus|46\/100|[from] item: Sitrus Berry\n|-damage|p1a: Iron Hands|39\/100|[from] Recoil\n|\n|-heal|p1a: Iron Hands|45\/100|[from] Grassy Terrain\n|upkeep\n|turn|7\n|\n|t:|1700442436\n|switch|p2b: Gholdengo|Gholdengo, L50, tera:Dragon|100\/100\n|move|p1b: Heatran|Protect|p1b: Heatran\n|-singleturn|p1b: Heatran|Protect\n|move|p2a: Landorus|Stomping Tantrum|p1b: Heatran\n|-activate|p1b: Heatran|move: Protect\n|move|p1a: Iron Hands|Wild Charge|p2b: Gholdengo\n|-resisted|p2b: Gholdengo\n|-damage|p2b: Gholdengo|84\/100\n|-damage|p1a: Iron Hands|41\/100|[from] Recoil\n|\n|-heal|p2b: Gholdengo|90\/100|[from] Grassy Terrain\n|-heal|p2b: Gholdengo|96\/100|[from] item: Leftovers\n|-heal|p1a: Iron Hands|47\/100|[from] Grassy Terrain\n|upkeep\n|turn|8\n|\n|t:|1700442456\n|-end|p1a: Iron Hands|Quark Drive|[silent]\n|switch|p1a: Urshifu|Urshifu-Rapid-Strike, L50, F|100\/100\n|-terastallize|p1b: Heatran|Fairy\n|move|p2a: Landorus|Stomping Tantrum|p1b: Heatran\n|-damage|p1b: Heatran|63\/100\n|move|p2b: Gholdengo|Make It Rain|p1a: Urshifu|[spread] p1a,p1b\n|-resisted|p1a: Urshifu\n|-supereffective|p1b: Heatran\n|-damage|p1a: Urshifu|71\/100\n|-damage|p1b: Heatran|0 fnt\n|-unboost|p2b: Gholdengo|spa|1\n|faint|p1b: Heatran\n|\n|-heal|p2b: Gholdengo|100\/100|[from] Grassy Terrain\n|-heal|p1a: Urshifu|77\/100|[from] Grassy Terrain\n|upkeep\n|\n|t:|1700442473\n|switch|p1b: Iron Hands|Iron Hands, L50|47\/100\n|turn|9\n|\n|t:|1700442500\n|move|p2a: Landorus|Stomping Tantrum|p1b: Iron Hands\n|-supereffective|p1b: Iron Hands\n|-damage|p1b: Iron Hands|0 fnt\n|faint|p1b: Iron Hands\n|-end|p1b: Iron Hands|Quark Drive|[silent]\n|move|p2b: Gholdengo|Nasty Plot|p2b: Gholdengo\n|-boost|p2b: Gholdengo|spa|2\n|move|p1a: Urshifu|Close Combat|p2b: Gholdengo\n|-damage|p2b: Gholdengo|38\/100\n|-unboost|p1a: Urshifu|def|1\n|-unboost|p1a: Urshifu|spd|1\n|\n|-heal|p2b: Gholdengo|44\/100|[from] Grassy Terrain\n|-heal|p2b: Gholdengo|50\/100|[from] item: Leftovers\n|-heal|p1a: Urshifu|83\/100|[from] Grassy Terrain\n|-sideend|p2: TheLegendaryMuffin|move: Tailwind\n|-fieldend|move: Grassy Terrain\n|upkeep\n|turn|10\n|\n|t:|1700442510\n|move|p1a: Urshifu|Detect|p1a: Urshifu\n|-singleturn|p1a: Urshifu|Protect\n|move|p2a: Landorus|Stomping Tantrum|p1a: Urshifu\n|-activate|p1a: Urshifu|move: Protect\n|move|p2b: Gholdengo|Shadow Ball|p1a: Urshifu\n|-activate|p1a: Urshifu|move: Protect\n|\n|-heal|p2b: Gholdengo|57\/100|[from] item: Leftovers\n|upkeep\n|turn|11\n|\n|t:|1700442526\n|move|p2a: Landorus|Stomping Tantrum|p1a: Urshifu\n|-damage|p1a: Urshifu|15\/100\n|move|p1a: Urshifu|Surging Strikes|p2a: Landorus\n|-supereffective|p2a: Landorus\n|-crit|p2a: Landorus\n|-damage|p2a: Landorus|28\/100\n|-supereffective|p2a: Landorus\n|-crit|p2a: Landorus\n|-damage|p2a: Landorus|0 fnt\n|faint|p2a: Landorus\n|-hitcount|p2: Landorus|2\n|move|p2b: Gholdengo|Shadow Ball|p1a: Urshifu\n|-damage|p1a: Urshifu|0 fnt\n|faint|p1a: Urshifu\n|\n|win|TheLegendaryMuffin\n|raw|Rfriedrich16's rating: 1439 &rarr; <strong>1428<\/strong><br \/>(-11 for losing)\n|raw|TheLegendaryMuffin's rating: 1615 &rarr; <strong>1626<\/strong><br \/>(+11 for winning)\n|l|\u2606Rfriedrich16\n","uploadtime":1700442548,"views":18,"p1id":"rfriedrich16","p2id":"thelegendarymuffin","formatid":"gen9vgc2023regulatione","rating":1428,"private":0,"password":""}