{"id":"gen9vgc2023regulatione-1999366389","p1":"brenoooo_3","p2":"Hornmeat!","format":"[Gen 9] VGC 2023 Regulation E","log":"|j|\u2606brenoooo_3\n|j|\u2606Hornmeat!\n|t:|1701067762\n|gametype|doubles\n|player|p1|brenoooo_3|skierf|1057\n|player|p2|Hornmeat!|2|1000\n|teamsize|p1|6\n|teamsize|p2|6\n|gen|9\n|tier|[Gen 9] VGC 2023 Regulation E\n|rated|\n|rule|Species Clause: Limit one of each Pok\u00e9mon\n|rule|Item Clause: Limit one of each item\n|clearpoke\n|poke|p1|Espathra, L50, F|\n|poke|p1|Enamorus, L50, F|\n|poke|p1|Flutter Mane, L50|\n|poke|p1|Ditto, L50|\n|poke|p1|Iron Bundle, L50|\n|poke|p1|Urshifu-*, L50, F|\n|poke|p2|Samurott-Hisui, L50, M|\n|poke|p2|Vikavolt, L50, M|\n|poke|p2|Typhlosion-Hisui, L50, F|\n|poke|p2|Corviknight, L50, F|\n|poke|p2|Lycanroc-Midnight, L50, F|\n|poke|p2|Conkeldurr, L50, F|\n|teampreview|4\n|inactive|Battle timer is ON: inactive players will automatically lose when time's up. (requested by brenoooo_3)\n|\n|t:|1701067785\n|start\n|switch|p1a: Espathra|Espathra, L50, F|100\/100\n|switch|p1b: Enamorus|Enamorus, L50, F|100\/100\n|switch|p2a: Lycanroc|Lycanroc-Midnight, L50, F|100\/100\n|switch|p2b: Conkeldurr|Conkeldurr, L50, F|100\/100\n|turn|1\n|\n|t:|1701067804\n|-terastallize|p1b: Enamorus|Fighting\n|move|p2a: Lycanroc|Rock Slide|p1b: Enamorus|[spread] p1a,p1b\n|-resisted|p1b: Enamorus\n|-damage|p1a: Espathra|67\/100\n|-damage|p1b: Enamorus|80\/100\n|move|p1b: Enamorus|Superpower|p2a: Lycanroc\n|-supereffective|p2a: Lycanroc\n|-damage|p2a: Lycanroc|0 fnt\n|-boost|p1b: Enamorus|atk|1\n|-boost|p1b: Enamorus|def|1\n|faint|p2a: Lycanroc\n|-damage|p1b: Enamorus|71\/100|[from] item: Life Orb\n|move|p1a: Espathra|Feather Dance|p1b: Enamorus\n|-boost|p1b: Enamorus|atk|2\n|move|p2b: Conkeldurr|Ice Punch|p1b: Enamorus\n|-damage|p1b: Enamorus|37\/100\n|\n|-heal|p1a: Espathra|73\/100|[from] item: Leftovers\n|-ability|p1a: Espathra|Speed Boost|boost\n|-boost|p1a: Espathra|spe|1\n|upkeep\n|\n|t:|1701067826\n|switch|p2a: Vikavolt|Vikavolt, L50, M|100\/100\n|turn|2\n|inactive|brenoooo_3 has 30 seconds left.\n|inactive|brenoooo_3 has 20 seconds left.\n|\n|t:|1701067864\n|-terastallize|p2a: Vikavolt|Fairy\n|move|p1a: Espathra|Feather Dance|p2b: Conkeldurr\n|-unboost|p2b: Conkeldurr|atk|2\n|move|p1b: Enamorus|Play Rough|p2a: Vikavolt\n|-damage|p2a: Vikavolt|0 fnt\n|faint|p2a: Vikavolt\n|-damage|p1b: Enamorus|27\/100|[from] item: Life Orb\n|move|p2b: Conkeldurr|Ice Punch|p1b: Enamorus\n|-damage|p1b: Enamorus|11\/100\n|\n|-heal|p1a: Espathra|79\/100|[from] item: Leftovers\n|-ability|p1a: Espathra|Speed Boost|boost\n|-boost|p1a: Espathra|spe|1\n|upkeep\n|\n|t:|1701067878\n|switch|p2a: Samurott|Samurott-Hisui, L50, M|100\/100\n|turn|3\n|\n|t:|1701067891\n|move|p2a: Samurott|Aqua Jet|p1b: Enamorus\n|-damage|p1b: Enamorus|0 fnt\n|faint|p1b: Enamorus\n|-damage|p2a: Samurott|91\/100|[from] item: Life Orb\n|move|p1a: Espathra|Feather Dance|p2a: Samurott\n|-unboost|p2a: Samurott|atk|2\n|move|p2b: Conkeldurr|Ice Punch|p1a: Espathra\n|-damage|p1a: Espathra|58\/100\n|\n|-heal|p1a: Espathra|64\/100|[from] item: Leftovers\n|-ability|p1a: Espathra|Speed Boost|boost\n|-boost|p1a: Espathra|spe|1\n|upkeep\n|\n|t:|1701067896\n|switch|p1b: Ditto|Ditto, L50|100\/100\n|turn|4\n|\n|t:|1701067914\n|move|p1a: Espathra|Protect|p1a: Espathra\n|-singleturn|p1a: Espathra|Protect\n|move|p1b: Ditto|Transform|p1a: Espathra\n|-transform|p1b: Ditto|p1a: Espathra\n|move|p2a: Samurott|Ceaseless Edge|p1a: Espathra\n|-activate|p1a: Espathra|move: Protect\n|move|p2b: Conkeldurr|Drain Punch|p1b: Ditto\n|-resisted|p1b: Ditto\n|-damage|p1b: Ditto|78\/100\n|\n|-heal|p1a: Espathra|70\/100|[from] item: Leftovers\n|-ability|p1b: Ditto|Speed Boost|boost\n|-boost|p1b: Ditto|spe|1\n|-ability|p1a: Espathra|Speed Boost|boost\n|-boost|p1a: Espathra|spe|1\n|upkeep\n|turn|5\n|\n|t:|1701067936\n|move|p1b: Ditto|Feather Dance|p2a: Samurott\n|-unboost|p2a: Samurott|atk|2\n|move|p1a: Espathra|Feather Dance|p2b: Conkeldurr\n|-unboost|p2b: Conkeldurr|atk|2\n|move|p2a: Samurott|Ceaseless Edge|p1a: Espathra\n|-supereffective|p1a: Espathra\n|-damage|p1a: Espathra|19\/100\n|-sidestart|p1: brenoooo_3|Spikes\n|-damage|p2a: Samurott|81\/100|[from] item: Life Orb\n|move|p2b: Conkeldurr|Ice Punch|p1a: Espathra\n|-damage|p1a: Espathra|5\/100\n|\n|-heal|p1a: Espathra|11\/100|[from] item: Leftovers\n|-ability|p1b: Ditto|Speed Boost|boost\n|-boost|p1b: Ditto|spe|1\n|-ability|p1a: Espathra|Speed Boost|boost\n|-boost|p1a: Espathra|spe|1\n|upkeep\n|turn|6\n|\n|t:|1701067957\n|move|p2a: Samurott|Aqua Jet|p1a: Espathra\n|-damage|p1a: Espathra|0 fnt\n|faint|p1a: Espathra\n|-damage|p2a: Samurott|71\/100|[from] item: Life Orb\n|move|p1b: Ditto|Feather Dance|p2a: Samurott\n|-unboost|p2a: Samurott|atk|2\n|move|p2b: Conkeldurr|Ice Punch|p1b: Ditto\n|-damage|p1b: Ditto|57\/100\n|\n|-ability|p1b: Ditto|Speed Boost|boost\n|-boost|p1b: Ditto|spe|1\n|upkeep\n|\n|t:|1701067962\n|switch|p1a: Flutter Mane|Flutter Mane, L50|100\/100\n|-damage|p1a: Flutter Mane|88\/100|[from] Spikes\n|-enditem|p1a: Flutter Mane|Booster Energy\n|-activate|p1a: Flutter Mane|ability: Protosynthesis|[fromitem]\n|-start|p1a: Flutter Mane|protosynthesisspe\n|turn|7\n|inactive|Hornmeat! has 30 seconds left.\n|-message|Hornmeat! forfeited.\n|\n|win|brenoooo_3\n|raw|brenoooo_3's rating: 1057 &rarr; <strong>1083<\/strong><br \/>(+26 for winning)\n|raw|Hornmeat!'s rating: 1000 &rarr; <strong>1000<\/strong><br \/>(+0 for losing)\n|l|\u2606Hornmeat!\n","uploadtime":1701068017,"views":5,"p1id":"brenoooo3","p2id":"hornmeat","formatid":"gen9vgc2023regulatione","rating":1000,"private":0,"password":""}