{"id":"gen9vgc2023regulatione-1997802073","p1":"Matt142718","p2":"Eviovulpix","format":"[Gen 9] VGC 2023 Regulation E","log":"|j|\u2606Matt142718\n|j|\u2606Eviovulpix\n|n|\u2606Matt142718|matt142718\n|n|\u2606Eviovulpix|eviovulpix\n|html|View the match progress at <a href=\"\/game-bestof3-gen9vgc2023regulatione-1997799446\">game-bestof3-gen9vgc2023regulatione-1997799446<\/a>\n|t:|1700854249\n|gametype|doubles\n|player|p1|Matt142718|170|\n|player|p2|Eviovulpix|dragontamer|\n|teamsize|p1|6\n|teamsize|p2|6\n|gen|9\n|tier|[Gen 9] VGC 2023 Regulation E\n|rule|Species Clause: Limit one of each Pok\u00e9mon\n|rule|Item Clause: Limit one of each item\n|clearpoke\n|poke|p1|Dragonite, L50, M|\n|poke|p1|Chien-Pao, L50|\n|poke|p1|Rillaboom, L50, M|\n|poke|p1|Farigiraf, L50, M|\n|poke|p1|Urshifu-*, L50, F|\n|poke|p1|Heatran, L50, F|\n|poke|p2|Dusclops, L50, M|\n|poke|p2|Ursaluna-Bloodmoon, L50, M|\n|poke|p2|Chi-Yu, L50|\n|poke|p2|Landorus-Therian, L50, M|\n|poke|p2|Iron Hands, L50|\n|poke|p2|Ogerpon-Wellspring, L50, F|\n|teampreview|4\nMatt142718 has agreed to open team sheets.\nEviovulpix has agreed to open team sheets.\n|showteam|p1|Dragonite||ChoiceBand|InnerFocus|ExtremeSpeed,AerialAce,StompingTantrum,Outrage|||M|||50|,,,,,Normal]Chien-Pao||FocusSash|SwordofRuin|IcicleCrash,SuckerPunch,SacredSword,Protect||||||50|,,,,,Ghost]Rillaboom||MiracleSeed|GrassySurge|FakeOut,GrassyGlide,WoodHammer,Protect|||M|||50|,,,,,Grass]Farigiraf||SitrusBerry|ArmorTail|Psychic,TrickRoom,DazzlingGleam,HelpingHand|||M|||50|,,,,,Water]Urshifu-Rapid-Strike||ChoiceScarf|UnseenFist|SurgingStrikes,AquaJet,Uturn,CloseCombat|||F|||50|,,,,,Water]Heatran||AssaultVest|FlashFire|TeraBlast,HeatWave,EarthPower,FlashCannon|||F|||50|,,,,,Fairy\n|showteam|p2|Dusclops||Eviolite|Frisk|NightShade,WillOWisp,PainSplit,TrickRoom|||M|||50|,,,,,Dark]Ursaluna-Bloodmoon||LifeOrb|MindsEye|BloodMoon,HyperVoice,Protect,EarthPower|||M|||50|,,,,,Normal]Chi-Yu||FocusSash|BeadsofRuin|Snarl,DarkPulse,HeatWave,Protect||||||50|,,,,,Ghost]Landorus-Therian||ChoiceScarf|Intimidate|TeraBlast,RockTomb,StompingTantrum,Uturn|||M|||50|,,,,,Flying]Iron Hands||AssaultVest|QuarkDrive|FakeOut,HeavySlam,DrainPunch,WildCharge||||||50|,,,,,Fire]Ogerpon-Wellspring||WellspringMask|WaterAbsorb|IvyCudgel,HornLeech,FollowMe,SpikyShield|||F|||50|,,,,,Water\n|\n|t:|1700854377\n|start\n|switch|p1a: Chien-Pao|Chien-Pao, L50|100\/100\n|switch|p1b: Urshifu|Urshifu-Rapid-Strike, L50, F|100\/100\n|switch|p2a: Chi-Yu|Chi-Yu, L50|100\/100\n|switch|p2b: Ogerpon|Ogerpon-Wellspring, L50, F|100\/100\n|-ability|p1a: Chien-Pao|Sword of Ruin\n|-ability|p2a: Chi-Yu|Beads of Ruin\n|turn|1\n|\n|t:|1700854411\n|move|p2b: Ogerpon|Follow Me|p2b: Ogerpon\n|-singleturn|p2b: Ogerpon|move: Follow Me\n|move|p1b: Urshifu|U-turn|p2b: Ogerpon\n|-supereffective|p2b: Ogerpon\n|-damage|p2b: Ogerpon|25\/100\n|\n|t:|1700854416\n|switch|p1b: Dragonite|Dragonite, L50, M|100\/100|[from] U-turn\n|move|p1a: Chien-Pao|Icicle Crash|p2b: Ogerpon\n|-damage|p2b: Ogerpon|0 fnt\n|faint|p2b: Ogerpon\n|move|p2a: Chi-Yu|Snarl|p1b: Dragonite|[spread] p1a,p1b\n|-resisted|p1a: Chien-Pao\n|-damage|p1a: Chien-Pao|79\/100\n|-damage|p1b: Dragonite|75\/100\n|-unboost|p1a: Chien-Pao|spa|1\n|-unboost|p1b: Dragonite|spa|1\n|\n|upkeep\n|\n|t:|1700854428\n|switch|p2b: Dusclops|Dusclops, L50, M|100\/100\n|-item|p1a: Chien-Pao|Focus Sash|[from] ability: Frisk|[of] p2b: Dusclops|[identify]\n|-item|p1b: Dragonite|Choice Band|[from] ability: Frisk|[of] p2b: Dusclops|[identify]\n|turn|2\n|\n|t:|1700854450\n|move|p1a: Chien-Pao|Protect|p1a: Chien-Pao\n|-singleturn|p1a: Chien-Pao|Protect\n|move|p2a: Chi-Yu|Dark Pulse|p1b: Dragonite\n|-damage|p1b: Dragonite|17\/100\n|move|p1b: Dragonite|Outrage|p2a: Chi-Yu\n|-enditem|p2a: Chi-Yu|Focus Sash\n|-damage|p2a: Chi-Yu|1\/100\n|move|p2b: Dusclops|Trick Room|p2b: Dusclops\n|-fieldstart|move: Trick Room|[of] p2b: Dusclops\n|\n|upkeep\n|turn|3\n|\n|t:|1700854482\n|move|p1a: Chien-Pao|Sucker Punch|p2a: Chi-Yu\n|-resisted|p2a: Chi-Yu\n|-damage|p2a: Chi-Yu|0 fnt\n|faint|p2a: Chi-Yu\n|move|p2b: Dusclops|Night Shade|p1b: Dragonite\n|-damage|p1b: Dragonite|0 fnt\n|faint|p1b: Dragonite\n|\n|upkeep\n|\n|t:|1700854492\n|switch|p1b: Rillaboom|Rillaboom, L50, M|100\/100\n|switch|p2a: Ursaluna|Ursaluna-Bloodmoon, L50, M|100\/100\n|-fieldstart|move: Grassy Terrain|[from] ability: Grassy Surge|[of] p1b: Rillaboom\n|turn|4\n|\n|t:|1700854507\n|move|p2a: Ursaluna|Protect|p2a: Ursaluna\n|-singleturn|p2a: Ursaluna|Protect\n|move|p1b: Rillaboom|Protect|p1b: Rillaboom\n|-singleturn|p1b: Rillaboom|Protect\n|move|p1a: Chien-Pao|Protect|p1a: Chien-Pao\n|-singleturn|p1a: Chien-Pao|Protect\n|move|p2b: Dusclops|Will-O-Wisp|p1a: Chien-Pao\n|-activate|p1a: Chien-Pao|move: Protect\n|\n|-heal|p1a: Chien-Pao|84\/100|[from] Grassy Terrain\n|upkeep\n|turn|5\n|\n|t:|1700854528\n|-terastallize|p2a: Ursaluna|Normal\n|-terastallize|p1b: Rillaboom|Grass\n|move|p1b: Rillaboom|Grassy Glide|p2a: Ursaluna\n|-damage|p2a: Ursaluna|40\/100\n|move|p1a: Chien-Pao|Sucker Punch|p2a: Ursaluna\n|-damage|p2a: Ursaluna|5\/100\n|move|p2b: Dusclops|Will-O-Wisp|p1b: Rillaboom|[miss]\n|-miss|p2b: Dusclops|p1b: Rillaboom\n|move|p2a: Ursaluna|Hyper Voice|p1a: Chien-Pao|[spread] p1a,p1b\n|-damage|p1a: Chien-Pao|0 fnt\n|-damage|p1b: Rillaboom|24\/100\n|faint|p1a: Chien-Pao\n|-damage|p2a: Ursaluna|0 fnt|[from] item: Life Orb\n|faint|p2a: Ursaluna\n|\n|-heal|p1b: Rillaboom|30\/100|[from] Grassy Terrain\n|upkeep\n|\n|t:|1700854541\n|switch|p1a: Urshifu|Urshifu-Rapid-Strike, L50, F|100\/100\n|turn|6\n|\n|t:|1700854549\n|move|p1b: Rillaboom|Protect|p1b: Rillaboom\n|-singleturn|p1b: Rillaboom|Protect\n|move|p2b: Dusclops|Will-O-Wisp|p1a: Urshifu\n|-status|p1a: Urshifu|brn\n|move|p1a: Urshifu|Surging Strikes|p2b: Dusclops\n|-crit|p2b: Dusclops\n|-damage|p2b: Dusclops|93\/100\n|-crit|p2b: Dusclops\n|-damage|p2b: Dusclops|87\/100\n|-crit|p2b: Dusclops\n|-damage|p2b: Dusclops|81\/100\n|-hitcount|p2b: Dusclops|3\n|\n|-heal|p2b: Dusclops|87\/100|[from] Grassy Terrain\n|-heal|p1b: Rillaboom|36\/100|[from] Grassy Terrain\n|-damage|p1a: Urshifu|95\/100 brn|[from] brn\n|-fieldend|move: Trick Room\n|upkeep\n|turn|7\n|c|\u2606Matt142718|gg\n|c|\u2606Eviovulpix|mannaggg\n|c|\u2606Eviovulpix|gg\n|\n|t:|1700854574\n|move|p1b: Rillaboom|Grassy Glide|p2b: Dusclops\n|-damage|p2b: Dusclops|52\/100\n|move|p1a: Urshifu|Surging Strikes|p2b: Dusclops\n|-crit|p2b: Dusclops\n|-damage|p2b: Dusclops|45\/100\n|-crit|p2b: Dusclops\n|-damage|p2b: Dusclops|39\/100\n|-crit|p2b: Dusclops\n|-damage|p2b: Dusclops|31\/100\n|-hitcount|p2b: Dusclops|3\n|move|p2b: Dusclops|Pain Split|p1a: Urshifu\n|-sethp|p1a: Urshifu|60\/100 brn|[from] move: Pain Split|[silent]\n|-sethp|p2b: Dusclops|72\/100|[from] move: Pain Split\n|\n|-heal|p1a: Urshifu|66\/100 brn|[from] Grassy Terrain\n|-heal|p1b: Rillaboom|42\/100|[from] Grassy Terrain\n|-heal|p2b: Dusclops|78\/100|[from] Grassy Terrain\n|-damage|p1a: Urshifu|60\/100 brn|[from] brn\n|upkeep\n|turn|8\n|\n|t:|1700854593\n|move|p1b: Rillaboom|Grassy Glide|p2b: Dusclops\n|-damage|p2b: Dusclops|40\/100\n|move|p1a: Urshifu|Surging Strikes|p2b: Dusclops\n|-crit|p2b: Dusclops\n|-damage|p2b: Dusclops|32\/100\n|-crit|p2b: Dusclops\n|-damage|p2b: Dusclops|24\/100\n|-crit|p2b: Dusclops\n|-damage|p2b: Dusclops|18\/100\n|-hitcount|p2b: Dusclops|3\n|move|p2b: Dusclops|Trick Room|p2b: Dusclops\n|-fieldstart|move: Trick Room|[of] p2b: Dusclops\n|\n|-heal|p2b: Dusclops|24\/100|[from] Grassy Terrain\n|-heal|p1b: Rillaboom|48\/100|[from] Grassy Terrain\n|-heal|p1a: Urshifu|66\/100 brn|[from] Grassy Terrain\n|-damage|p1a: Urshifu|60\/100 brn|[from] brn\n|-fieldend|move: Grassy Terrain\n|upkeep\n|turn|9\n|\n|t:|1700854613\n|move|p2b: Dusclops|Pain Split|p1a: Urshifu\n|-sethp|p1a: Urshifu|40\/100 brn|[from] move: Pain Split|[silent]\n|-sethp|p2b: Dusclops|48\/100|[from] move: Pain Split\n|move|p1b: Rillaboom|Wood Hammer|p2b: Dusclops\n|-damage|p2b: Dusclops|0 fnt\n|faint|p2b: Dusclops\n|-damage|p1b: Rillaboom|36\/100|[from] Recoil\n|\n|win|Matt142718\n|c|\u2606Matt142718|bella\n|c|\u2606Eviovulpix|si! complimenti\n|c|\u2606Eviovulpix|forse con il wow potevo farcela\n|l|\u2606Eviovulpix\n|c|\u2606Matt142718|sarebbe da vedere, non ne sono sicuro\n","uploadtime":1700854761,"views":4,"p1id":"matt142718","p2id":"eviovulpix","formatid":"gen9vgc2023regulatione","rating":0,"private":0,"password":""}