{"id":"gen9vgc2023regulatione-1991310049","p1":"PikminLover3","p2":"Testing 2400","format":"[Gen 9] VGC 2023 Regulation E","log":"|j|\u2606PikminLover3\n|j|\u2606Testing 2400\n|t:|1700066411\n|gametype|doubles\n|player|p1|PikminLover3|pokekid|1104\n|player|p2|Testing 2400|benga|1073\n|teamsize|p1|6\n|teamsize|p2|6\n|gen|9\n|tier|[Gen 9] VGC 2023 Regulation E\n|rated|\n|rule|Species Clause: Limit one of each Pok\u00e9mon\n|rule|Item Clause: Limit one of each item\n|clearpoke\n|poke|p1|Flutter Mane, L50|\n|poke|p1|Landorus-Therian, L50, M|\n|poke|p1|Basculegion, L50, M|\n|poke|p1|Politoed, L50, F|\n|poke|p1|Regieleki, L50|\n|poke|p1|Glimmora, L50, M|\n|poke|p2|Grimmsnarl, L50, M|\n|poke|p2|Landorus-Therian, L50, M|\n|poke|p2|Milotic, L50, M|\n|poke|p2|Iron Hands, L50|\n|poke|p2|Gholdengo, L50|\n|poke|p2|Ogerpon-Hearthflame, L50, F|\n|teampreview|4\n|\n|t:|1700066440\n|start\n|switch|p1a: Politoed|Politoed, L50, F|100\/100\n|switch|p1b: Landorus|Landorus-Therian, L50, M|100\/100\n|switch|p2a: Grimmsnarl|Grimmsnarl, L50, M|100\/100\n|switch|p2b: Iron Hands|Iron Hands, L50, shiny|100\/100\n|-ability|p1b: Landorus|Intimidate|boost\n|-unboost|p2a: Grimmsnarl|atk|1\n|-unboost|p2b: Iron Hands|atk|1\n|-weather|RainDance|[from] ability: Drizzle|[of] p1a: Politoed\n|turn|1\n|\n|t:|1700066461\n|-terastallize|p1b: Landorus|Ground\n|move|p2b: Iron Hands|Fake Out|p1b: Landorus\n|-damage|p1b: Landorus|88\/100\n|move|p2a: Grimmsnarl|Thunder Wave|p1a: Politoed\n|-status|p1a: Politoed|par\n|cant|p1b: Landorus|flinch\n|move|p1a: Politoed|Muddy Water|p2b: Iron Hands|[spread] p2a,p2b\n|-damage|p2a: Grimmsnarl|66\/100\n|-damage|p2b: Iron Hands|80\/100\n|\n|-weather|RainDance|[upkeep]\n|upkeep\n|turn|2\n|\n|t:|1700066479\n|-end|p2b: Iron Hands|Quark Drive|[silent]\n|switch|p2b: Milotic|Milotic, L50, M|100\/100\n|move|p2a: Grimmsnarl|Parting Shot|p1b: Landorus\n|-unboost|p1b: Landorus|atk|1\n|-unboost|p1b: Landorus|spa|1\n|\n|t:|1700066485\n|switch|p2a: Iron Hands|Iron Hands, L50, shiny|80\/100|[from] Parting Shot\n|move|p1b: Landorus|Stomping Tantrum|p2b: Milotic\n|-damage|p2b: Milotic|23\/100\n|move|p1a: Politoed|Muddy Water|p2b: Milotic|[spread] p2a,p2b\n|-resisted|p2b: Milotic\n|-damage|p2a: Iron Hands|57\/100\n|-damage|p2b: Milotic|11\/100\n|-unboost|p2b: Milotic|accuracy|1\n|-ability|p2b: Milotic|Competitive|boost\n|-boost|p2b: Milotic|spa|2\n|\n|-weather|RainDance|[upkeep]\n|-heal|p2b: Milotic|17\/100|[from] item: Leftovers\n|upkeep\n|turn|3\n|\n|t:|1700066513\n|move|p2a: Iron Hands|Fake Out|p1b: Landorus\n|-damage|p1b: Landorus|67\/100\n|cant|p1b: Landorus|flinch\n|move|p2b: Milotic|Ice Beam|p1b: Landorus\n|-supereffective|p1b: Landorus\n|-damage|p1b: Landorus|0 fnt\n|faint|p1b: Landorus\n|move|p1a: Politoed|Muddy Water|p2a: Iron Hands|[spread] p2a,p2b\n|-resisted|p2b: Milotic\n|-damage|p2a: Iron Hands|33\/100\n|-damage|p2b: Milotic|3\/100\n|\n|-weather|RainDance|[upkeep]\n|-heal|p2b: Milotic|9\/100|[from] item: Leftovers\n|upkeep\n|\n|t:|1700066520\n|switch|p1b: Regieleki|Regieleki, L50|100\/100\n|turn|4\n|\n|t:|1700066530\n|move|p2b: Milotic|Protect|p2b: Milotic\n|-singleturn|p2b: Milotic|Protect\n|move|p1b: Regieleki|Electroweb|p2a: Iron Hands|[spread] p2a\n|-activate|p2b: Milotic|move: Protect\n|-resisted|p2a: Iron Hands\n|-damage|p2a: Iron Hands|26\/100\n|-unboost|p2a: Iron Hands|spe|1\n|move|p2a: Iron Hands|Drain Punch|p1b: Regieleki\n|-damage|p1b: Regieleki|19\/100\n|-heal|p2a: Iron Hands|54\/100|[from] drain|[of] p1b: Regieleki\n|move|p1a: Politoed|Muddy Water|p2b: Milotic|[spread] p2a\n|-activate|p2b: Milotic|move: Protect\n|-damage|p2a: Iron Hands|32\/100\n|\n|-weather|RainDance|[upkeep]\n|-heal|p2b: Milotic|15\/100|[from] item: Leftovers\n|upkeep\n|turn|5\n|\n|t:|1700066554\n|switch|p2b: Grimmsnarl|Grimmsnarl, L50, M|66\/100\n|move|p1b: Regieleki|Thunder|p2a: Iron Hands\n|-resisted|p2a: Iron Hands\n|-damage|p2a: Iron Hands|12\/100\n|move|p2a: Iron Hands|Drain Punch|p1b: Regieleki\n|-damage|p1b: Regieleki|0 fnt\n|-heal|p2a: Iron Hands|18\/100|[from] drain|[of] p1b: Regieleki\n|faint|p1b: Regieleki\n|move|p1a: Politoed|Muddy Water|p2b: Grimmsnarl|[spread] p2a,p2b\n|-damage|p2a: Iron Hands|0 fnt\n|-damage|p2b: Grimmsnarl|34\/100\n|-unboost|p2b: Grimmsnarl|accuracy|1\n|faint|p2a: Iron Hands\n|-end|p2a: Iron Hands|Quark Drive|[silent]\n|\n|-weather|RainDance|[upkeep]\n|upkeep\n|\n|t:|1700066571\n|switch|p1b: Basculegion|Basculegion, L50, M|100\/100\n|switch|p2a: Gholdengo|Gholdengo, L50|100\/100\n|turn|6\n|\n|t:|1700066584\n|move|p2a: Gholdengo|Protect|p2a: Gholdengo\n|-singleturn|p2a: Gholdengo|Protect\n|move|p2b: Grimmsnarl|Thunder Wave|p1b: Basculegion\n|-status|p1b: Basculegion|par\n|cant|p1b: Basculegion|par\n|cant|p1a: Politoed|par\n|\n|-weather|RainDance|[upkeep]\n|upkeep\n|turn|7\n|\n|t:|1700066597\n|-terastallize|p2a: Gholdengo|Water\n|move|p2a: Gholdengo|Shadow Ball|p1b: Basculegion\n|-supereffective|p1b: Basculegion\n|-damage|p1b: Basculegion|0 fnt\n|faint|p1b: Basculegion\n|move|p2b: Grimmsnarl|Spirit Break|p1a: Politoed\n|-damage|p1a: Politoed|66\/100 par\n|-unboost|p1a: Politoed|spa|1\n|cant|p1a: Politoed|par\n|\n|-weather|RainDance|[upkeep]\n|upkeep\n|turn|8\n|\n|t:|1700066611\n|move|p2b: Grimmsnarl|Parting Shot|p1a: Politoed\n|-unboost|p1a: Politoed|atk|1\n|-unboost|p1a: Politoed|spa|1\n|\n|t:|1700066613\n|switch|p2b: Milotic|Milotic, L50, M|15\/100|[from] Parting Shot\n|move|p2a: Gholdengo|Shadow Ball|p1a: Politoed\n|-damage|p1a: Politoed|34\/100 par\n|move|p1a: Politoed|Muddy Water|p2a: Gholdengo|[spread] p2a,p2b\n|-resisted|p2a: Gholdengo\n|-resisted|p2b: Milotic\n|-damage|p2a: Gholdengo|91\/100\n|-damage|p2b: Milotic|10\/100\n|-unboost|p2a: Gholdengo|accuracy|1\n|-unboost|p2b: Milotic|accuracy|1\n|-ability|p2b: Milotic|Competitive|boost\n|-boost|p2b: Milotic|spa|2\n|\n|-weather|none\n|-heal|p2b: Milotic|16\/100|[from] item: Leftovers\n|upkeep\n|turn|9\n|\n|t:|1700066620\n|move|p2a: Gholdengo|Shadow Ball|p1a: Politoed\n|-crit|p1a: Politoed\n|-damage|p1a: Politoed|0 fnt\n|faint|p1a: Politoed\n|\n|win|Testing 2400\n|raw|PikminLover3's rating: 1104 &rarr; <strong>1077<\/strong><br \/>(-27 for losing)\n|raw|Testing 2400's rating: 1073 &rarr; <strong>1105<\/strong><br \/>(+32 for winning)\n|l|\u2606PikminLover3\n","uploadtime":1700066644,"views":23,"p1id":"pikminlover3","p2id":"testing2400","formatid":"gen9vgc2023regulatione","rating":1077,"private":0,"password":""}