{"id":"gen9vgc2023regulatione-1999799184","p1":"Nodefogsgiven2","p2":"Nyeko","format":"[Gen 9] VGC 2023 Regulation E","log":"|j|\u2606Nodefogsgiven2\n|j|\u2606Nyeko\n|t:|1701117754\n|gametype|doubles\n|player|p1|Nodefogsgiven2|170|1179\n|player|p2|Nyeko|cynthia-masters|1096\n|teamsize|p1|6\n|teamsize|p2|6\n|gen|9\n|tier|[Gen 9] VGC 2023 Regulation E\n|rated|\n|rule|Species Clause: Limit one of each Pok\u00e9mon\n|rule|Item Clause: Limit one of each item\n|clearpoke\n|poke|p1|Rabsca, L50, F|\n|poke|p1|Iron Hands, L50|\n|poke|p1|Thundurus, L50, M|\n|poke|p1|Golem-Alola, L50, M|\n|poke|p1|Cresselia, L50, F|\n|poke|p1|Slowbro-Galar, L50, F|\n|poke|p2|Cresselia, L50, F|\n|poke|p2|Ursaluna-Bloodmoon, L50, M|\n|poke|p2|Iron Hands, L50|\n|poke|p2|Ogerpon-Wellspring, L50, F|\n|poke|p2|Landorus-Therian, L50, M|\n|poke|p2|Heatran, L50, M|\n|teampreview|4\n|\n|t:|1701117780\n|start\n|switch|p1a: Thundurus|Thundurus, L50, M|100\/100\n|switch|p1b: Slowbro|Slowbro-Galar, L50, F|100\/100\n|switch|p2a: Croissant|Cresselia, L50, F|100\/100\n|switch|p2b: Clap clap|Iron Hands, L50|100\/100\n|turn|1\n|inactive|Battle timer is ON: inactive players will automatically lose when time's up. (requested by Nodefogsgiven2)\n|\n|t:|1701117795\n|move|p2b: Clap clap|Fake Out|p1a: Thundurus\n|-damage|p1a: Thundurus|77\/100\n|cant|p1a: Thundurus|flinch\n|move|p1b: Slowbro|Shell Side Arm|p2a: Croissant|[anim] Shell Side Arm Physical\n|-damage|p2a: Croissant|74\/100\n|-hint|Physical Shell Side Arm\n|move|p2a: Croissant|Trick Room|p2a: Croissant\n|-fieldstart|move: Trick Room|[of] p2a: Croissant\n|\n|upkeep\n|turn|2\n|inactive|Nyeko has 30 seconds left.\n|\n|t:|1701117822\n|switch|p2a: LA FREDDY FAZBEAR|Ursaluna-Bloodmoon, L50, M|100\/100\n|move|p1a: Thundurus|Swagger|p1b: Slowbro\n|-boost|p1b: Slowbro|atk|2\n|-immune|p1b: Slowbro|confusion|[from] ability: Own Tempo\n|move|p1b: Slowbro|Earthquake|p2b: Clap clap|[spread] p2a,p2b\n|-immune|p1a: Thundurus\n|-supereffective|p2b: Clap clap\n|-damage|p2a: LA FREDDY FAZBEAR|68\/100\n|-damage|p2b: Clap clap|32\/100\n|move|p2b: Clap clap|Wild Charge|p1a: Thundurus\n|-damage|p1a: Thundurus|4\/100\n|-damage|p2b: Clap clap|20\/100|[from] Recoil\n|\n|upkeep\n|turn|3\n|\n|t:|1701117841\n|-terastallize|p1b: Slowbro|Fighting\n|move|p1a: Thundurus|Swagger|p1b: Slowbro\n|-boost|p1b: Slowbro|atk|2\n|-immune|p1b: Slowbro|confusion|[from] ability: Own Tempo\n|move|p1b: Slowbro|Drain Punch|p2a: LA FREDDY FAZBEAR\n|-supereffective|p2a: LA FREDDY FAZBEAR\n|-damage|p2a: LA FREDDY FAZBEAR|0 fnt\n|faint|p2a: LA FREDDY FAZBEAR\n|move|p2b: Clap clap|Wild Charge|p1b: Slowbro\n|-crit|p1b: Slowbro\n|-damage|p1b: Slowbro|31\/100\n|-enditem|p1b: Slowbro|Sitrus Berry|[eat]\n|-heal|p1b: Slowbro|55\/100|[from] item: Sitrus Berry\n|-damage|p2b: Clap clap|6\/100|[from] Recoil\n|\n|upkeep\n|\n|t:|1701117857\n|switch|p2a: Borf|Landorus-Therian, L50, M|100\/100\n|-ability|p2a: Borf|Intimidate|boost\n|-unboost|p1a: Thundurus|atk|1\n|-fail|p1b: Slowbro|unboost|Attack|[from] ability: Own Tempo|[of] p1b: Slowbro\n|turn|4\n|\n|t:|1701117872\n|move|p1a: Thundurus|Swagger|p1b: Slowbro\n|-boost|p1b: Slowbro|atk|2\n|-immune|p1b: Slowbro|confusion|[from] ability: Own Tempo\n|move|p1b: Slowbro|Shell Side Arm|p2a: Borf|[anim] Shell Side Arm Physical\n|-resisted|p2a: Borf\n|-damage|p2a: Borf|0 fnt\n|-hint|Physical Shell Side Arm\n|faint|p2a: Borf\n|move|p2b: Clap clap|Wild Charge|p1a: Thundurus\n|-damage|p1a: Thundurus|0 fnt\n|faint|p1a: Thundurus\n|-damage|p2b: Clap clap|5\/100|[from] Recoil\n|\n|upkeep\n|\n|t:|1701117887\n|switch|p2a: Croissant|Cresselia, L50, F|74\/100\n|switch|p1a: Iron Hands|Iron Hands, L50|100\/100\n|turn|5\n|\n|t:|1701117903\n|move|p1a: Iron Hands|Fake Out|p2b: Clap clap\n|-damage|p2b: Clap clap|0 fnt\n|faint|p2b: Clap clap\n|-end|p2b: Clap clap|Quark Drive|[silent]\n|move|p1b: Slowbro|Shell Side Arm|p2a: Croissant|[anim] Shell Side Arm Physical\n|-damage|p2a: Croissant|0 fnt\n|-hint|Physical Shell Side Arm\n|faint|p2a: Croissant\n|\n|win|Nodefogsgiven2\n|raw|Nodefogsgiven2's rating: 1179 &rarr; <strong>1198<\/strong><br \/>(+19 for winning)\n|raw|Nyeko's rating: 1096 &rarr; <strong>1077<\/strong><br \/>(-19 for losing)\n|l|\u2606Nyeko\n","uploadtime":1701117912,"views":2,"p1id":"nodefogsgiven2","p2id":"nyeko","formatid":"gen9vgc2023regulatione","rating":1077,"private":0,"password":""}