{"id":"gen9vgc2023regulatione-1987950517","p1":"Catutie","p2":"PKMN-VEGA","format":"[Gen 9] VGC 2023 Regulation E","log":"|j|\u2606Catutie\n|j|\u2606PKMN-VEGA\n|t:|1699652330\n|gametype|doubles\n|player|p1|Catutie|1|1089\n|player|p2|PKMN-VEGA|lucas|1156\n|teamsize|p1|6\n|teamsize|p2|6\n|gen|9\n|tier|[Gen 9] VGC 2023 Regulation E\n|rated|\n|rule|Species Clause: Limit one of each Pok\u00e9mon\n|rule|Item Clause: Limit one of each item\n|clearpoke\n|poke|p1|Ninetales-Alola, L50, M|\n|poke|p1|Ogerpon-Hearthflame, L50, F|\n|poke|p1|Sinistcha, L50|\n|poke|p1|Ursaluna-Bloodmoon, L50, M|\n|poke|p1|Iron Hands, L50|\n|poke|p1|Urshifu-*, L50, M|\n|poke|p2|Palossand, L50, F|\n|poke|p2|Scizor, L50, F|\n|poke|p2|Maushold-Four, L50|\n|poke|p2|Grimmsnarl, L50, M|\n|poke|p2|Tatsugiri, L50, M|\n|poke|p2|Dondozo, L50, M|\n|teampreview|4\n|inactive|Battle timer is ON: inactive players will automatically lose when time's up. (requested by PKMN-VEGA)\nPKMN-VEGA rejected open team sheets.\n|\n|t:|1699652374\n|start\n|switch|p1a: Ninetales|Ninetales-Alola, L50, M|100\/100\n|switch|p1b: Urshifu|Urshifu-Rapid-Strike, L50, M|100\/100\n|switch|p2a: Gremlin|Grimmsnarl, L50, M|100\/100\n|switch|p2b: Maushold|Maushold-Four, L50|100\/100\n|-weather|Snow|[from] ability: Snow Warning|[of] p1a: Ninetales\n|turn|1\n|inactive|Catutie has 30 seconds left.\n|inactive|Catutie has 20 seconds left.\n|\n|t:|1699652411\n|move|p2a: Gremlin|Reflect|p2a: Gremlin\n|-sidestart|p2: PKMN-VEGA|Reflect\n|move|p1b: Urshifu|Poison Jab|p2a: Gremlin\n|-supereffective|p2a: Gremlin\n|-damage|p2a: Gremlin|62\/100\n|-damage|p1b: Urshifu|91\/100|[from] item: Life Orb\n|move|p2b: Maushold|Thunder Wave|p1b: Urshifu\n|-status|p1b: Urshifu|par\n|move|p1a: Ninetales|Aurora Veil|p1a: Ninetales\n|-sidestart|p1: Catutie|move: Aurora Veil\n|\n|-weather|Snow|[upkeep]\n|upkeep\n|turn|2\n|inactive|Catutie has 30 seconds left.\n|\n|t:|1699652438\n|move|p2a: Gremlin|Light Screen|p2a: Gremlin\n|-sidestart|p2: PKMN-VEGA|move: Light Screen\n|move|p2b: Maushold|Thunder Wave|p1a: Ninetales|[miss]\n|-miss|p2b: Maushold|p1a: Ninetales\n|move|p1a: Ninetales|Dazzling Gleam|p2a: Gremlin|[spread] p2a,p2b\n|-supereffective|p2a: Gremlin\n|-crit|p2a: Gremlin\n|-damage|p2a: Gremlin|19\/100\n|-damage|p2b: Maushold|86\/100\n|move|p1b: Urshifu|Surging Strikes|p2a: Gremlin\n|-crit|p2a: Gremlin\n|-damage|p2a: Gremlin|0 fnt\n|faint|p2a: Gremlin\n|-hitcount|p2: Gremlin|1\n|-damage|p1b: Urshifu|81\/100 par|[from] item: Life Orb\n|\n|-weather|Snow|[upkeep]\n|upkeep\n|\n|t:|1699652447\n|switch|p2a: Dragonazo|Dondozo, L50, M, shiny|100\/100\n|turn|3\n|\n|t:|1699652465\n|switch|p2b: Tatsugiri|Tatsugiri, L50, M|100\/100\n|-activate|p2b: Tatsugiri|ability: Commander|[of] p2a: Dragonazo\n|-boost|p2a: Dragonazo|atk|2\n|-boost|p2a: Dragonazo|spa|2\n|-boost|p2a: Dragonazo|spe|2\n|-boost|p2a: Dragonazo|def|2\n|-boost|p2a: Dragonazo|spd|2\n|move|p2a: Dragonazo|Order Up|p1b: Urshifu\n|-damage|p1b: Urshifu|56\/100 par\n|-boost|p2a: Dragonazo|atk|1\n|move|p1a: Ninetales|Dazzling Gleam|p2b: Tatsugiri|[spread] p2a\n|-miss|p1a: Ninetales|p2b: Tatsugiri\n|-damage|p2a: Dragonazo|97\/100\n|cant|p1b: Urshifu|par\n|\n|-weather|Snow|[upkeep]\n|upkeep\n|turn|4\n|inactive|Catutie has 30 seconds left.\n|\n|t:|1699652492\n|move|p2a: Dragonazo|Order Up|p1b: Urshifu\n|-damage|p1b: Urshifu|26\/100 par\n|-boost|p2a: Dragonazo|atk|1\n|move|p1a: Ninetales|Blizzard|p2a: Dragonazo|[spread] p2a\n|-miss|p1a: Ninetales|p2b: Tatsugiri\n|-resisted|p2a: Dragonazo\n|-damage|p2a: Dragonazo|94\/100\n|cant|p1b: Urshifu|par\n|\n|-weather|Snow|[upkeep]\n|upkeep\n|turn|5\n|\n|t:|1699652510\n|move|p2a: Dragonazo|Order Up|p1b: Urshifu\n|-damage|p1b: Urshifu|0 fnt\n|faint|p1b: Urshifu\n|-boost|p2a: Dragonazo|atk|1\n|move|p1a: Ninetales|Blizzard|p2b: Tatsugiri|[spread] p2a\n|-miss|p1a: Ninetales|p2b: Tatsugiri\n|-resisted|p2a: Dragonazo\n|-damage|p2a: Dragonazo|92\/100\n|-status|p2a: Dragonazo|frz\n|\n|-weather|none\n|upkeep\n|\n|t:|1699652524\n|switch|p1b: Iron Hands|Iron Hands, L50|100\/100\n|turn|6\n|inactive|Catutie has 30 seconds left.\n|\n|t:|1699652552\n|-terastallize|p2a: Dragonazo|Ghost\n|-curestatus|p2a: Dragonazo|frz|[msg]\n|move|p2a: Dragonazo|Earthquake|p1a: Ninetales|[spread] p1a,p1b\n|-miss|p2a: Dragonazo|p2b: Tatsugiri\n|-supereffective|p1b: Iron Hands\n|-damage|p1a: Ninetales|61\/100\n|-damage|p1b: Iron Hands|50\/100\n|move|p1a: Ninetales|Dazzling Gleam|p2b: Tatsugiri|[spread] p2a\n|-miss|p1a: Ninetales|p2b: Tatsugiri\n|-damage|p2a: Dragonazo|88\/100\n|move|p1b: Iron Hands|Wild Charge|p2a: Dragonazo\n|-crit|p2a: Dragonazo\n|-damage|p2a: Dragonazo|36\/100\n|-damage|p1b: Iron Hands|38\/100|[from] Recoil\n|\n|upkeep\n|turn|7\n|inactive|Catutie has 30 seconds left.\n|\n|t:|1699652585\n|switch|p1a: Sinistcha|Sinistcha, L50|100\/100\n|-heal|p1b: Iron Hands|63\/100|[from] ability: Hospitality|[of] p1a: Sinistcha\n|move|p2a: Dragonazo|Earthquake|p1b: Iron Hands|[spread] p1a,p1b\n|-miss|p2a: Dragonazo|p2b: Tatsugiri\n|-resisted|p1a: Sinistcha\n|-supereffective|p1b: Iron Hands\n|-damage|p1a: Sinistcha|85\/100\n|-damage|p1b: Iron Hands|9\/100\n|move|p1b: Iron Hands|Wild Charge|p2a: Dragonazo\n|-damage|p2a: Dragonazo|24\/100\n|-damage|p1b: Iron Hands|6\/100|[from] Recoil\n|\n|upkeep\n|turn|8\n|\n|t:|1699652606\n|-end|p1b: Iron Hands|Quark Drive|[silent]\n|switch|p1b: Ninetales|Ninetales-Alola, L50, M|61\/100\n|-weather|Snow|[from] ability: Snow Warning|[of] p1b: Ninetales\n|move|p2a: Dragonazo|Earthquake|p1b: Ninetales|[spread] p1a,p1b\n|-miss|p2a: Dragonazo|p2b: Tatsugiri\n|-resisted|p1a: Sinistcha\n|-damage|p1a: Sinistcha|71\/100\n|-damage|p1b: Ninetales|32\/100\n|move|p1a: Sinistcha|Matcha Gotcha|p2b: Tatsugiri|[spread] \n|-miss|p1a: Sinistcha|p2b: Tatsugiri\n|-miss|p1a: Sinistcha|p2a: Dragonazo\n|\n|-weather|Snow|[upkeep]\n|-sideend|p2: PKMN-VEGA|Reflect\n|-sideend|p1: Catutie|move: Aurora Veil\n|upkeep\n|turn|9\n|c|\u2606PKMN-VEGA|el otro fue critico\n|inactive|Catutie has 30 seconds left.\n|inactive|Catutie has 20 seconds left.\n|inactive|Catutie has 15 seconds left.\n|\n|t:|1699652647\n|move|p2a: Dragonazo|Liquidation|p1b: Ninetales\n|-damage|p1b: Ninetales|0 fnt\n|faint|p1b: Ninetales\n|move|p1a: Sinistcha|Strength Sap|p2a: Dragonazo\n|-unboost|p2a: Dragonazo|atk|1\n|-heal|p1a: Sinistcha|100\/100\n|\n|-weather|Snow|[upkeep]\n|-sideend|p2: PKMN-VEGA|move: Light Screen\n|upkeep\n|\n|t:|1699652658\n|switch|p1b: Iron Hands|Iron Hands, L50|6\/100\n|turn|10\n|\n|t:|1699652678\n|move|p1b: Iron Hands|Fake Out|p2a: Dragonazo\n|-immune|p2a: Dragonazo\n|move|p2a: Dragonazo|Tera Blast|p1a: Sinistcha|[anim] Tera Blast Ghost\n|-supereffective|p1a: Sinistcha\n|-damage|p1a: Sinistcha|0 fnt\n|faint|p1a: Sinistcha\n|\n|-weather|Snow|[upkeep]\n|upkeep\n|turn|11\n|c|\u2606PKMN-VEGA|GG bro\n|\n|t:|1699652690\n|move|p2a: Dragonazo|Earthquake|p1b: Iron Hands|[spread] p1b\n|-miss|p2a: Dragonazo|p2b: Tatsugiri\n|-supereffective|p1b: Iron Hands\n|-damage|p1b: Iron Hands|0 fnt\n|faint|p1b: Iron Hands\n|-end|p1b: Iron Hands|Quark Drive|[silent]\n|\n|win|PKMN-VEGA\n|raw|Catutie's rating: 1089 &rarr; <strong>1070<\/strong><br \/>(-19 for losing)\n|raw|PKMN-VEGA's rating: 1156 &rarr; <strong>1176<\/strong><br \/>(+20 for winning)\n","uploadtime":1699652717,"views":25,"p1id":"catutie","p2id":"pkmnvega","formatid":"gen9vgc2023regulatione","rating":1070,"private":0,"password":""}