{"id":"gen9vgc2023regulatione-1989788814","p1":"testitos","p2":"bobforte22","format":"[Gen 9] VGC 2023 Regulation E","log":"|j|\u2606testitos\n|j|\u2606bobforte22\n|n|\u2606testitos|testitos\n|n|\u2606bobforte22|bobforte22\n|html|View the match progress at <a href=\"\/game-bestof3-gen9vgc2023regulatione-1989781757\">game-bestof3-gen9vgc2023regulatione-1989781757<\/a>\n|t:|1699895846\n|gametype|doubles\n|player|p1|testitos|fisherman-gen4|\n|player|p2|bobforte22|pilot|\n|teamsize|p1|6\n|teamsize|p2|6\n|gen|9\n|tier|[Gen 9] VGC 2023 Regulation E\n|rated|Tournament battle\n|rule|Species Clause: Limit one of each Pok\u00e9mon\n|rule|Item Clause: Limit one of each item\n|clearpoke\n|poke|p1|Tornadus, L50, M|\n|poke|p1|Landorus-Therian, L50, M|\n|poke|p1|Flutter Mane, L50|\n|poke|p1|Ogerpon-Hearthflame, L50, F|\n|poke|p1|Rillaboom, L50, F|\n|poke|p1|Chien-Pao, L50|\n|poke|p2|Chi-Yu, L50|\n|poke|p2|Jolteon, L50, M|\n|poke|p2|Iron Hands, L50|\n|poke|p2|Iron Bundle, L50|\n|poke|p2|Arcanine, L50, M|\n|poke|p2|Iron Jugulis, L50|\n|teampreview|4\n|showteam|p1|Tornadus||CovertCloak|Prankster|Tailwind,BleakwindStorm,Taunt,Protect|||M|||50|,,,,,Ghost]Landorus-Therian||ChoiceScarf|Intimidate|StompingTantrum,RockSlide,Uturn,TeraBlast|||M|||50|,,,,,Flying]Flutter Mane||ChoiceSpecs|Protosynthesis|Moonblast,ShadowBall,DazzlingGleam,IcyWind||||||50|,,,,,Fairy]Ogerpon-Hearthflame||HearthflameMask|MoldBreaker|FollowMe,IvyCudgel,GrassyGlide,SpikyShield|||F|||50|,,,,,Fire]Rillaboom||AssaultVest|GrassySurge|FakeOut,GrassyGlide,WoodHammer,Uturn|||F|||50|,,,,,Fire]Chien-Pao||FocusSash|SwordofRuin|IcicleCrash,SuckerPunch,SacredSword,Protect||||||50|,,,,,Ghost\n|showteam|p2|Chi-Yu||ChoiceSpecs|BeadsofRuin|DarkPulse,HeatWave,Flamethrower,TeraBlast||||||50|,,,,,Ghost]Jolteon||LifeOrb|VoltAbsorb|FakeTears,Protect,LightScreen,Thunderbolt|||M|||50|,,,,,Grass]Iron Hands||AssaultVest|QuarkDrive|FakeOut,TeraBlast,DrainPunch,WildCharge||||||50|,,,,,Fire]Iron Bundle||CovertCloak|QuarkDrive|FreezeDry,HydroPump,Protect,Encore||||||50|,,,,,Fairy]Arcanine||RockyHelmet|Intimidate|FlareBlitz,WillOWisp,Protect,Roar|||M|||50|,,,,,Water]Iron Jugulis||ChoiceScarf|QuarkDrive|HydroPump,DarkPulse,AirSlash,EarthPower||||||50|,,,,,Water\n|j|%Radio Free C-Side\n|inactive|Battle timer is ON: inactive players will automatically lose when time's up. (requested by bobforte22)\n|j| Draxolotl\n|\n|t:|1699895896\n|start\n|switch|p1a: Tornadus|Tornadus, L50, M|100\/100\n|switch|p1b: Flutter Mane|Flutter Mane, L50|100\/100\n|switch|p2a: Iron Hands|Iron Hands, L50|100\/100\n|switch|p2b: Iron Bundle|Iron Bundle, L50|100\/100\n|turn|1\n|j| RinyaSantino\n|inactive|testitos has 30 seconds left.\n|inactive|bobforte22 has 30 seconds left.\n|inactive|testitos has 20 seconds left.\n|inactive|bobforte22 has 20 seconds left.\n|inactive|bobforte22 has 15 seconds left.\n|\n|t:|1699895937\n|-end|p1b: Flutter Mane|Protosynthesis|[silent]\n|switch|p1b: Landorus|Landorus-Therian, L50, M|100\/100\n|-ability|p1b: Landorus|Intimidate|boost\n|-unboost|p2a: Iron Hands|atk|1\n|-unboost|p2b: Iron Bundle|atk|1\n|move|p1a: Tornadus|Protect|p1a: Tornadus\n|-singleturn|p1a: Tornadus|Protect\n|move|p2b: Iron Bundle|Protect|p2b: Iron Bundle\n|-singleturn|p2b: Iron Bundle|Protect\n|move|p2a: Iron Hands|Wild Charge|p1b: Landorus\n|-immune|p1b: Landorus\n|\n|upkeep\n|turn|2\n|j| MinamiSimp\n|\n|t:|1699895956\n|-end|p2a: Iron Hands|Quark Drive|[silent]\n|switch|p2a: Iron Jugulis|Iron Jugulis, L50|100\/100\n|-terastallize|p1b: Landorus|Flying\n|move|p1a: Tornadus|Tailwind|p1a: Tornadus\n|-sidestart|p1: testitos|move: Tailwind\n|move|p1b: Landorus|Rock Slide|p2b: Iron Bundle|[spread] p2a,p2b\n|-supereffective|p2a: Iron Jugulis\n|-supereffective|p2b: Iron Bundle\n|-damage|p2a: Iron Jugulis|55\/100\n|-damage|p2b: Iron Bundle|63\/100\n|move|p2b: Iron Bundle|Freeze-Dry|p1b: Landorus\n|-supereffective|p1b: Landorus\n|-damage|p1b: Landorus|28\/100\n|\n|upkeep\n|turn|3\n|\n|t:|1699895980\n|-end|p2a: Iron Jugulis|Quark Drive|[silent]\n|switch|p2a: Iron Hands|Iron Hands, L50|100\/100\n|move|p2b: Iron Bundle|Protect|p2b: Iron Bundle\n|-singleturn|p2b: Iron Bundle|Protect\n|move|p1b: Landorus|Rock Slide|p2b: Iron Bundle|[spread] p2a\n|-activate|p2b: Iron Bundle|move: Protect\n|-resisted|p2a: Iron Hands\n|-damage|p2a: Iron Hands|93\/100\n|move|p1a: Tornadus|Bleakwind Storm|p2a: Iron Hands|[spread] \n|-activate|p2b: Iron Bundle|move: Protect\n|-miss|p1a: Tornadus|p2a: Iron Hands\n|\n|upkeep\n|turn|4\n|inactive|testitos has 30 seconds left.\n|inactive|bobforte22 has 30 seconds left.\n|\n|t:|1699896011\n|switch|p1b: Ogerpon|Ogerpon-Hearthflame, L50, F|100\/100\n|-ability|p1b: Ogerpon|Mold Breaker\n|-end|p2b: Iron Bundle|Quark Drive|[silent]\n|switch|p2b: Iron Jugulis|Iron Jugulis, L50|55\/100\n|move|p1a: Tornadus|Protect|p1a: Tornadus\n|-singleturn|p1a: Tornadus|Protect\n|move|p2a: Iron Hands|Fake Out|p1b: Ogerpon\n|-damage|p1b: Ogerpon|82\/100\n|\n|upkeep\n|turn|5\n|inactive|testitos has 30 seconds left.\n|\n|t:|1699896038\n|switch|p1a: Landorus|Landorus-Therian, L50, M, tera:Flying|28\/100\n|-ability|p1a: Landorus|Intimidate|boost\n|-unboost|p2a: Iron Hands|atk|1\n|-unboost|p2b: Iron Jugulis|atk|1\n|move|p1b: Ogerpon|Ivy Cudgel|p2b: Iron Jugulis\n|-damage|p2b: Iron Jugulis|0 fnt\n|faint|p2b: Iron Jugulis\n|-end|p2b: Iron Jugulis|Quark Drive|[silent]\n|move|p2a: Iron Hands|Wild Charge|p1a: Landorus\n|-supereffective|p1a: Landorus\n|-damage|p1a: Landorus|0 fnt\n|faint|p1a: Landorus\n|-damage|p2a: Iron Hands|88\/100|[from] Recoil\n|\n|-sideend|p1: testitos|move: Tailwind\n|upkeep\n|\n|t:|1699896056\n|switch|p2b: Arcanine|Arcanine, L50, M, shiny|100\/100\n|switch|p1a: Tornadus|Tornadus, L50, M|100\/100\n|-ability|p2b: Arcanine|Intimidate|boost\n|-unboost|p1a: Tornadus|atk|1\n|-unboost|p1b: Ogerpon|atk|1\n|turn|6\n|\n|t:|1699896080\n|move|p1b: Ogerpon|Spiky Shield|p1b: Ogerpon\n|-singleturn|p1b: Ogerpon|move: Protect\n|move|p1a: Tornadus|Tailwind|p1a: Tornadus\n|-sidestart|p1: testitos|move: Tailwind\n|move|p2b: Arcanine|Flare Blitz|p1a: Tornadus\n|-damage|p1a: Tornadus|54\/100\n|-damage|p2b: Arcanine|85\/100|[from] Recoil\n|move|p2a: Iron Hands|Wild Charge|p1a: Tornadus\n|-supereffective|p1a: Tornadus\n|-damage|p1a: Tornadus|0 fnt\n|faint|p1a: Tornadus\n|-damage|p2a: Iron Hands|78\/100|[from] Recoil\n|\n|upkeep\n|\n|t:|1699896089\n|switch|p1a: Flutter Mane|Flutter Mane, L50|100\/100\n|turn|7\n|inactive|testitos has 30 seconds left.\n|\n|t:|1699896125\n|-terastallize|p2a: Iron Hands|Fire\n|move|p1b: Ogerpon|Follow Me|p1b: Ogerpon\n|-singleturn|p1b: Ogerpon|move: Follow Me\n|move|p1a: Flutter Mane|Shadow Ball|p2b: Arcanine\n|-damage|p2b: Arcanine|32\/100\n|move|p2b: Arcanine|Flare Blitz|p1b: Ogerpon\n|-damage|p1b: Ogerpon|27\/100\n|-damage|p2b: Arcanine|14\/100|[from] Recoil\n|move|p2a: Iron Hands|Wild Charge|p1b: Ogerpon\n|-resisted|p1b: Ogerpon\n|-damage|p1b: Ogerpon|6\/100\n|-damage|p2a: Iron Hands|74\/100|[from] Recoil\n|\n|upkeep\n|turn|8\n|\n|t:|1699896150\n|move|p1b: Ogerpon|Spiky Shield|p1b: Ogerpon\n|-singleturn|p1b: Ogerpon|move: Protect\n|move|p2b: Arcanine|Protect|p2b: Arcanine\n|-singleturn|p2b: Arcanine|Protect\n|move|p1a: Flutter Mane|Shadow Ball|p2a: Iron Hands\n|-damage|p2a: Iron Hands|47\/100\n|move|p2a: Iron Hands|Tera Blast|p1a: Flutter Mane|[anim] Tera Blast Fire\n|-damage|p1a: Flutter Mane|58\/100\n|\n|upkeep\n|turn|9\n|\n|t:|1699896170\n|move|p1b: Ogerpon|Spiky Shield||[still]\n|-fail|p1b: Ogerpon\n|move|p1a: Flutter Mane|Shadow Ball|p2b: Arcanine\n|-damage|p2b: Arcanine|0 fnt\n|faint|p2b: Arcanine\n|move|p2a: Iron Hands|Tera Blast|p1a: Flutter Mane|[anim] Tera Blast Fire\n|-damage|p1a: Flutter Mane|9\/100\n|\n|-sideend|p1: testitos|move: Tailwind\n|upkeep\n|\n|t:|1699896177\n|switch|p2b: Iron Bundle|Iron Bundle, L50|63\/100\n|turn|10\n|\n|t:|1699896188\n|move|p2b: Iron Bundle|Protect|p2b: Iron Bundle\n|-singleturn|p2b: Iron Bundle|Protect\n|move|p1b: Ogerpon|Follow Me|p1b: Ogerpon\n|-singleturn|p1b: Ogerpon|move: Follow Me\n|move|p1a: Flutter Mane|Shadow Ball|p2a: Iron Hands\n|-damage|p2a: Iron Hands|19\/100\n|move|p2a: Iron Hands|Tera Blast|p1b: Ogerpon|[anim] Tera Blast Fire\n|-damage|p1b: Ogerpon|0 fnt\n|faint|p1b: Ogerpon\n|\n|upkeep\n|turn|11\n|c|\u2606testitos|gg\n|l| MinamiSimp\n|\n|t:|1699896203\n|move|p1a: Flutter Mane|Shadow Ball|p2a: Iron Hands\n|-damage|p2a: Iron Hands|0 fnt\n|faint|p2a: Iron Hands\n|-end|p2a: Iron Hands|Quark Drive|[silent]\n|move|p2b: Iron Bundle|Freeze-Dry|p1a: Flutter Mane\n|-damage|p1a: Flutter Mane|0 fnt\n|faint|p1a: Flutter Mane\n|-end|p1a: Flutter Mane|Protosynthesis|[silent]\n|\n|win|bobforte22\n|c|\u2606bobforte22|Gg\n","uploadtime":1699896214,"views":7,"p1id":"testitos","p2id":"bobforte22","formatid":"gen9vgc2023regulatione","rating":0,"private":0,"password":""}