{"id":"gen9vgc2023regulatione-1989609046","p1":"chenjiannian","p2":"Sun mack2828","format":"[Gen 9] VGC 2023 Regulation E","log":"|j|\u2606chenjiannian\n|j|\u2606Sun mack2828\n|t:|1699878354\n|gametype|doubles\n|player|p1|chenjiannian|102|1247\n|player|p2|Sun mack2828|266|1267\n|teamsize|p1|6\n|teamsize|p2|6\n|gen|9\n|tier|[Gen 9] VGC 2023 Regulation E\n|rated|\n|rule|Species Clause: Limit one of each Pok\u00e9mon\n|rule|Item Clause: Limit one of each item\n|clearpoke\n|poke|p1|Milotic, L50, F|\n|poke|p1|Dragonite, L50, F|\n|poke|p1|Cresselia, L50, F|\n|poke|p1|Ogerpon-Hearthflame, L50, F|\n|poke|p1|Landorus-Therian, L50, M|\n|poke|p1|Iron Hands, L50|\n|poke|p2|Arcanine-Hisui, L50, M|\n|poke|p2|Urshifu-*, L50, F|\n|poke|p2|Gholdengo, L50|\n|poke|p2|Roaring Moon, L50|\n|poke|p2|Rillaboom, L50, F|\n|poke|p2|Landorus, L50, M|\n|teampreview|4\n|inactive|Battle timer is ON: inactive players will automatically lose when time's up. (requested by chenjiannian)\n|inactive|chenjiannian has 60 seconds left.\n|inactive|Sun mack2828 has 60 seconds left.\n|\n|t:|1699878396\n|start\n|switch|p1a: Dragonite|Dragonite, L50, F|100\/100\n|switch|p1b: Landorus|Landorus-Therian, L50, M|100\/100\n|switch|p2a: Roaring Moon|Roaring Moon, L50|100\/100\n|switch|p2b: Landorus|Landorus, L50, M|100\/100\n|-ability|p1b: Landorus|Intimidate|boost\n|-unboost|p2a: Roaring Moon|atk|1\n|-unboost|p2b: Landorus|atk|1\n|-enditem|p2a: Roaring Moon|Booster Energy\n|-activate|p2a: Roaring Moon|ability: Protosynthesis|[fromitem]\n|-start|p2a: Roaring Moon|protosynthesisspe\n|turn|1\n|inactive|chenjiannian has 30 seconds left.\n|inactive|chenjiannian has 20 seconds left.\n|\n|t:|1699878432\n|-terastallize|p2b: Landorus|Poison\n|move|p2a: Roaring Moon|Tailwind|p2a: Roaring Moon\n|-sidestart|p2: Sun mack2828|move: Tailwind\n|move|p2b: Landorus|Sludge Bomb|p1a: Dragonite\n|-damage|p1a: Dragonite|29\/100\n|move|p1b: Landorus|U-turn|p2b: Landorus\n|-resisted|p2b: Landorus\n|-damage|p2b: Landorus|86\/100\n|\n|t:|1699878441\n|switch|p1b: Iron Hands|Iron Hands, L50|100\/100|[from] U-turn\n|move|p1a: Dragonite|Scale Shot|p2a: Roaring Moon\n|-supereffective|p2a: Roaring Moon\n|-damage|p2a: Roaring Moon|59\/100\n|-supereffective|p2a: Roaring Moon\n|-damage|p2a: Roaring Moon|20\/100\n|-supereffective|p2a: Roaring Moon\n|-damage|p2a: Roaring Moon|0 fnt\n|faint|p2a: Roaring Moon\n|-end|p2a: Roaring Moon|Protosynthesis|[silent]\n|-hitcount|p2: Roaring Moon|3\n|-unboost|p1a: Dragonite|def|1\n|-boost|p1a: Dragonite|spe|1\n|\n|upkeep\n|\n|t:|1699878456\n|switch|p2a: Rillaboom|Rillaboom, L50, F|100\/100\n|-fieldstart|move: Grassy Terrain|[from] ability: Grassy Surge|[of] p2a: Rillaboom\n|turn|2\n|\n|t:|1699878466\n|move|p2a: Rillaboom|Fake Out|p1b: Iron Hands\n|-damage|p1b: Iron Hands|90\/100\n|cant|p1b: Iron Hands|flinch\n|move|p1a: Dragonite|Extreme Speed|p2b: Landorus\n|-damage|p2b: Landorus|51\/100\n|move|p2b: Landorus|Sludge Bomb|p1a: Dragonite\n|-damage|p1a: Dragonite|0 fnt\n|faint|p1a: Dragonite\n|\n|-heal|p2b: Landorus|57\/100|[from] Grassy Terrain\n|-heal|p1b: Iron Hands|96\/100|[from] Grassy Terrain\n|upkeep\n|\n|t:|1699878480\n|switch|p1a: Landorus|Landorus-Therian, L50, M|100\/100\n|-ability|p1a: Landorus|Intimidate|boost\n|-unboost|p2a: Rillaboom|atk|1\n|-unboost|p2b: Landorus|atk|1\n|turn|3\n|\n|t:|1699878491\n|-end|p1b: Iron Hands|Quark Drive|[silent]\n|switch|p1b: Milotic|Milotic, L50, F|100\/100\n|-terastallize|p1a: Landorus|Flying\n|move|p2b: Landorus|Earth Power|p1b: Milotic\n|-damage|p1b: Milotic|52\/100\n|move|p1a: Landorus|Tera Blast|p2a: Rillaboom|[anim] Tera Blast Flying\n|-supereffective|p2a: Rillaboom\n|-damage|p2a: Rillaboom|0 fnt\n|faint|p2a: Rillaboom\n|\n|-heal|p2b: Landorus|63\/100|[from] Grassy Terrain\n|-heal|p1b: Milotic|58\/100|[from] Grassy Terrain\n|-heal|p1b: Milotic|64\/100|[from] item: Leftovers\n|upkeep\n|\n|t:|1699878507\n|switch|p2a: Urshifu|Urshifu-Rapid-Strike, L50, F|100\/100\n|turn|4\n|\n|t:|1699878516\n|switch|p1a: Iron Hands|Iron Hands, L50|96\/100\n|move|p2b: Landorus|Sludge Bomb|p1b: Milotic\n|-crit|p1b: Milotic\n|-damage|p1b: Milotic|0 fnt\n|faint|p1b: Milotic\n|move|p2a: Urshifu|Surging Strikes|p1a: Iron Hands\n|-crit|p1a: Iron Hands\n|-damage|p1a: Iron Hands|80\/100\n|-crit|p1a: Iron Hands\n|-damage|p1a: Iron Hands|64\/100\n|-crit|p1a: Iron Hands\n|-damage|p1a: Iron Hands|46\/100\n|-hitcount|p1a: Iron Hands|3\n|\n|-heal|p2b: Landorus|69\/100|[from] Grassy Terrain\n|-heal|p1a: Iron Hands|52\/100|[from] Grassy Terrain\n|-sideend|p2: Sun mack2828|move: Tailwind\n|upkeep\n|\n|t:|1699878531\n|switch|p1b: Landorus|Landorus-Therian, L50, M, tera:Flying|100\/100\n|-ability|p1b: Landorus|Intimidate|boost\n|-unboost|p2a: Urshifu|atk|1\n|-unboost|p2b: Landorus|atk|1\n|turn|5\n|\n|t:|1699878544\n|move|p2b: Landorus|Protect|p2b: Landorus\n|-singleturn|p2b: Landorus|Protect\n|move|p2a: Urshifu|Protect|p2a: Urshifu\n|-singleturn|p2a: Urshifu|Protect\n|move|p1a: Iron Hands|Fake Out|p2a: Urshifu\n|-activate|p2a: Urshifu|move: Protect\n|move|p1b: Landorus|Tera Blast|p2a: Urshifu|[anim] Tera Blast Flying\n|-activate|p2a: Urshifu|move: Protect\n|\n|-heal|p2b: Landorus|75\/100|[from] Grassy Terrain\n|-heal|p1a: Iron Hands|58\/100|[from] Grassy Terrain\n|upkeep\n|turn|6\n|\n|t:|1699878567\n|move|p2a: Urshifu|Aqua Jet|p1b: Landorus\n|-damage|p1b: Landorus|80\/100\n|move|p1b: Landorus|Tera Blast|p2a: Urshifu|[anim] Tera Blast Flying\n|-supereffective|p2a: Urshifu\n|-damage|p2a: Urshifu|0 fnt\n|faint|p2a: Urshifu\n|move|p2b: Landorus|Sludge Bomb|p1b: Landorus\n|-damage|p1b: Landorus|0 fnt\n|faint|p1b: Landorus\n|move|p1a: Iron Hands|Wild Charge|p2b: Landorus\n|-damage|p2b: Landorus|13\/100\n|-damage|p1a: Iron Hands|47\/100|[from] Recoil\n|\n|-heal|p2b: Landorus|19\/100|[from] Grassy Terrain\n|-heal|p1a: Iron Hands|53\/100|[from] Grassy Terrain\n|-fieldend|move: Grassy Terrain\n|upkeep\n|turn|7\n|\n|t:|1699878586\n|move|p2b: Landorus|Earth Power|p1a: Iron Hands\n|-supereffective|p1a: Iron Hands\n|-damage|p1a: Iron Hands|0 fnt\n|faint|p1a: Iron Hands\n|-end|p1a: Iron Hands|Quark Drive|[silent]\n|\n|win|Sun mack2828\n|raw|chenjiannian's rating: 1247 &rarr; <strong>1223<\/strong><br \/>(-24 for losing)\n|raw|Sun mack2828's rating: 1267 &rarr; <strong>1291<\/strong><br \/>(+24 for winning)\n","uploadtime":1699878594,"views":29,"p1id":"chenjiannian","p2id":"sunmack2828","formatid":"gen9vgc2023regulatione","rating":1223,"private":0,"password":""}