{"id":"gen9vgc2023regulatione-1990982754","p1":"Glasseseagle","p2":"ScorPiio","format":"[Gen 9] VGC 2023 Regulation E","log":"|j|\u2606Glasseseagle\n|j|\u2606ScorPiio\n|t:|1700023118\n|gametype|doubles\n|player|p1|Glasseseagle|170|1334\n|player|p2|ScorPiio|1|1358\n|teamsize|p1|6\n|teamsize|p2|6\n|gen|9\n|tier|[Gen 9] VGC 2023 Regulation E\n|rated|\n|rule|Species Clause: Limit one of each Pok\u00e9mon\n|rule|Item Clause: Limit one of each item\n|clearpoke\n|poke|p1|Heatran, L50, M|\n|poke|p1|Rillaboom, L50, F|\n|poke|p1|Urshifu-*, L50, F|\n|poke|p1|Tornadus, L50, M|\n|poke|p1|Flutter Mane, L50|\n|poke|p1|Chien-Pao, L50|\n|poke|p2|Indeedee-F, L50, F|\n|poke|p2|Armarouge, L50, M|\n|poke|p2|Ogerpon-Hearthflame, L50, F|\n|poke|p2|Iron Hands, L50|\n|poke|p2|Tatsugiri, L50, M|\n|poke|p2|Dondozo, L50, F|\n|teampreview|4\n|inactive|Battle timer is ON: inactive players will automatically lose when time's up. (requested by ScorPiio)\n|\n|t:|1700023178\n|start\n|switch|p1a: Heatran|Heatran, L50, M|100\/100\n|switch|p1b: Flutter Mane|Flutter Mane, L50|100\/100\n|switch|p2a: Indeedee|Indeedee-F, L50, F|100\/100\n|switch|p2b: Armarouge|Armarouge, L50, M|100\/100\n|-fieldstart|move: Psychic Terrain|[from] ability: Psychic Surge|[of] p2a: Indeedee\n|-enditem|p1b: Flutter Mane|Booster Energy\n|-activate|p1b: Flutter Mane|ability: Protosynthesis|[fromitem]\n|-start|p1b: Flutter Mane|protosynthesisspa\n|turn|1\n|inactive|ScorPiio has 30 seconds left.\n|\n|t:|1700023209\n|move|p2a: Indeedee|Follow Me|p2a: Indeedee\n|-singleturn|p2a: Indeedee|move: Follow Me\n|move|p1b: Flutter Mane|Imprison|p1b: Flutter Mane\n|-start|p1b: Flutter Mane|move: Imprison\n|move|p1a: Heatran|Earth Power|p2a: Indeedee\n|-damage|p2a: Indeedee|71\/100\n|move|p2b: Armarouge|Expanding Force|p1a: Heatran|[spread] p1a,p1b\n|-resisted|p1a: Heatran\n|-damage|p1a: Heatran|63\/100\n|-damage|p1b: Flutter Mane|20\/100\n|-damage|p2b: Armarouge|91\/100|[from] item: Life Orb\n|\n|upkeep\n|turn|2\n|\n|t:|1700023231\n|-terastallize|p1b: Flutter Mane|Fairy\n|move|p2b: Armarouge|Protect|p2b: Armarouge\n|-singleturn|p2b: Armarouge|Protect\n|move|p1b: Flutter Mane|Dazzling Gleam|p2a: Indeedee|[spread] p2a\n|-activate|p2b: Armarouge|move: Protect\n|-damage|p2a: Indeedee|15\/100\n|move|p1a: Heatran|Earth Power|p2b: Armarouge\n|-activate|p2b: Armarouge|move: Protect\n|move|p2a: Indeedee|Skill Swap|p1a: Heatran\n|-block|p1a: Heatran|item: Ability Shield\n|\n|upkeep\n|turn|3\n|inactive|ScorPiio has 30 seconds left.\n|\n|t:|1700023262\n|-terastallize|p2b: Armarouge|Grass\n|move|p2a: Indeedee|Follow Me|p2a: Indeedee\n|-singleturn|p2a: Indeedee|move: Follow Me\n|move|p1b: Flutter Mane|Dazzling Gleam|p2b: Armarouge|[spread] p2a,p2b\n|-damage|p2a: Indeedee|0 fnt\n|-damage|p2b: Armarouge|25\/100\n|faint|p2a: Indeedee\n|move|p1a: Heatran|Earth Power|p2b: Armarouge\n|-resisted|p2b: Armarouge\n|-damage|p2b: Armarouge|7\/100\n|move|p2b: Armarouge|Expanding Force|p1b: Flutter Mane|[spread] p1a,p1b\n|-resisted|p1a: Heatran\n|-damage|p1a: Heatran|28\/100\n|-damage|p1b: Flutter Mane|0 fnt\n|faint|p1b: Flutter Mane\n|-end|p1b: Flutter Mane|Protosynthesis|[silent]\n|-damage|p2b: Armarouge|0 fnt|[from] item: Life Orb\n|faint|p2b: Armarouge\n|\n|upkeep\n|\n|t:|1700023285\n|switch|p1b: Chien-Pao|Chien-Pao, L50|100\/100\n|switch|p2a: Ogerpon|Ogerpon-Hearthflame, L50, F|100\/100\n|switch|p2b: Iron Hands|Iron Hands, L50|100\/100\n|-ability|p1b: Chien-Pao|Sword of Ruin\n|-ability|p2a: Ogerpon|Mold Breaker\n|turn|4\n|inactive|Glasseseagle has 30 seconds left.\n|\n|t:|1700023311\n|move|p1a: Heatran|Protect|p1a: Heatran\n|-singleturn|p1a: Heatran|Protect\n|move|p1b: Chien-Pao|Ice Spinner|p2a: Ogerpon\n|-damage|p2a: Ogerpon|32\/100\n|-fieldend|move: Psychic Terrain\n|move|p2a: Ogerpon|Ivy Cudgel|p1b: Chien-Pao|[anim] Ivy Cudgel Fire\n|-supereffective|p1b: Chien-Pao\n|-enditem|p1b: Chien-Pao|Focus Sash\n|-damage|p1b: Chien-Pao|1\/100\n|move|p2b: Iron Hands|Drain Punch|p1a: Heatran\n|-activate|p1a: Heatran|move: Protect\n|\n|upkeep\n|turn|5\n|inactive|Glasseseagle has 30 seconds left.\n|\n|t:|1700023344\n|move|p2a: Ogerpon|Spiky Shield|p2a: Ogerpon\n|-singleturn|p2a: Ogerpon|move: Protect\n|move|p1b: Chien-Pao|Ice Spinner|p2a: Ogerpon\n|-activate|p2a: Ogerpon|move: Protect\n|-damage|p1b: Chien-Pao|0 fnt|[from] Spiky Shield|[of] p2a: Ogerpon\n|faint|p1b: Chien-Pao\n|move|p1a: Heatran|Heat Wave|p2a: Ogerpon|[spread] p2b\n|-activate|p2a: Ogerpon|move: Protect\n|-damage|p2b: Iron Hands|79\/100\n|move|p2b: Iron Hands|Drain Punch|p1a: Heatran\n|-supereffective|p1a: Heatran\n|-damage|p1a: Heatran|0 fnt\n|-heal|p2b: Iron Hands|90\/100|[from] drain|[of] p1a: Heatran\n|faint|p1a: Heatran\n|\n|upkeep\n|\n|t:|1700023362\n|switch|p1b: Urshifu|Urshifu-Rapid-Strike, L50, F|100\/100\n|turn|6\n|\n|t:|1700023369\n|move|p1b: Urshifu|Surging Strikes|p2a: Ogerpon\n|-crit|p2a: Ogerpon\n|-damage|p2a: Ogerpon|4\/100\n|-crit|p2a: Ogerpon\n|-damage|p2a: Ogerpon|0 fnt\n|faint|p2a: Ogerpon\n|-hitcount|p2: Ogerpon|2\n|move|p2b: Iron Hands|Wild Charge|p1b: Urshifu\n|-supereffective|p1b: Urshifu\n|-damage|p1b: Urshifu|11\/100\n|-damage|p2b: Iron Hands|74\/100|[from] Recoil\n|\n|upkeep\n|turn|7\n|\n|t:|1700023382\n|move|p1b: Urshifu|Surging Strikes|p2b: Iron Hands\n|-crit|p2b: Iron Hands\n|-damage|p2b: Iron Hands|58\/100\n|-crit|p2b: Iron Hands\n|-damage|p2b: Iron Hands|44\/100\n|-crit|p2b: Iron Hands\n|-damage|p2b: Iron Hands|30\/100\n|-hitcount|p2b: Iron Hands|3\n|move|p2b: Iron Hands|Wild Charge|p1b: Urshifu\n|-supereffective|p1b: Urshifu\n|-damage|p1b: Urshifu|0 fnt\n|faint|p1b: Urshifu\n|-damage|p2b: Iron Hands|28\/100|[from] Recoil\n|\n|win|ScorPiio\n|raw|Glasseseagle's rating: 1334 &rarr; <strong>1315<\/strong><br \/>(-19 for losing)\n|raw|ScorPiio's rating: 1358 &rarr; <strong>1377<\/strong><br \/>(+19 for winning)\n","uploadtime":1700023393,"views":7,"p1id":"glasseseagle","p2id":"scorpiio","formatid":"gen9vgc2023regulatione","rating":1315,"private":0,"password":""}