{"id":"gen9vgc2023regulatione-2000492798","p1":"Mariana Trench","p2":"Lurvas","format":"[Gen 9] VGC 2023 Regulation E","log":"|j|\u2606Mariana Trench\n|j|\u2606Lurvas\n|t:|1701199404\n|gametype|doubles\n|player|p1|Mariana Trench|swimmerf-gen4|1223\n|player|p2|Lurvas|alder|1319\n|teamsize|p1|6\n|teamsize|p2|6\n|gen|9\n|tier|[Gen 9] VGC 2023 Regulation E\n|rated|\n|rule|Species Clause: Limit one of each Pok\u00e9mon\n|rule|Item Clause: Limit one of each item\n|clearpoke\n|poke|p1|Roaring Moon, L50|\n|poke|p1|Ninetales-Alola, L50, F|\n|poke|p1|Milotic, L50, M|\n|poke|p1|Iron Hands, L50|\n|poke|p1|Landorus-Therian, L50, M|\n|poke|p1|Arcanine-Hisui, L50, M|\n|poke|p2|Urshifu-*, L50, F|\n|poke|p2|Rillaboom, L50, M|\n|poke|p2|Flutter Mane, L50|\n|poke|p2|Arcanine-Hisui, L50, F|\n|poke|p2|Chien-Pao, L50|\n|poke|p2|Tornadus, L50, M|\n|teampreview|4\nLurvas has agreed to open team sheets.\n|inactive|Battle timer is ON: inactive players will automatically lose when time's up. (requested by Lurvas)\n|\n|t:|1701199431\n|start\n|switch|p1a: Landorus|Landorus-Therian, L50, M|100\/100\n|switch|p1b: Milotic|Milotic, L50, M|100\/100\n|switch|p2a: Arcanine|Arcanine-Hisui, L50, F|100\/100\n|switch|p2b: Rillaboom|Rillaboom, L50, M|100\/100\n|-ability|p1a: Landorus|Intimidate|boost\n|-unboost|p2a: Arcanine|atk|1\n|-unboost|p2b: Rillaboom|atk|1\n|-ability|p2a: Arcanine|Intimidate|boost\n|-unboost|p1a: Landorus|atk|1\n|-unboost|p1b: Milotic|atk|1\n|-ability|p1b: Milotic|Competitive|boost\n|-boost|p1b: Milotic|spa|2\n|-fieldstart|move: Grassy Terrain|[from] ability: Grassy Surge|[of] p2b: Rillaboom\n|turn|1\n|\n|t:|1701199451\n|switch|p1b: Arcanine|Arcanine-Hisui, L50, M|100\/100\n|-ability|p1b: Arcanine|Intimidate|boost\n|-unboost|p2a: Arcanine|atk|1\n|-unboost|p2b: Rillaboom|atk|1\n|-terastallize|p2a: Arcanine|Fairy\n|move|p1a: Landorus|U-turn|p2b: Rillaboom\n|-supereffective|p2b: Rillaboom\n|-damage|p2b: Rillaboom|65\/100\n|inactive|Mariana Trench has 30 seconds left.\n|\n|t:|1701199485\n|switch|p1a: Roaring Moon|Roaring Moon, L50|100\/100|[from] U-turn\n|-enditem|p1a: Roaring Moon|Booster Energy\n|-activate|p1a: Roaring Moon|ability: Protosynthesis|[fromitem]\n|-start|p1a: Roaring Moon|protosynthesisatk\n|move|p2a: Arcanine|Rock Slide|p1a: Roaring Moon|[spread] p1a\n|-miss|p2a: Arcanine|p1b: Arcanine\n|-damage|p1a: Roaring Moon|76\/100\n|move|p2b: Rillaboom|Drum Beating|p1b: Arcanine\n|-damage|p1b: Arcanine|69\/100\n|-unboost|p1b: Arcanine|spe|1\n|\n|-heal|p1a: Roaring Moon|82\/100|[from] Grassy Terrain\n|-heal|p2b: Rillaboom|71\/100|[from] Grassy Terrain\n|-heal|p1b: Arcanine|76\/100|[from] Grassy Terrain\n|upkeep\n|turn|2\n|inactive|Mariana Trench has 30 seconds left.\n|\n|t:|1701199513\n|switch|p2a: Flutter Mane|Flutter Mane, L50|100\/100\n|-enditem|p2a: Flutter Mane|Booster Energy\n|-activate|p2a: Flutter Mane|ability: Protosynthesis|[fromitem]\n|-start|p2a: Flutter Mane|protosynthesisspe\n|move|p1a: Roaring Moon|Tailwind|p1a: Roaring Moon\n|-sidestart|p1: Mariana Trench|move: Tailwind\n|move|p1b: Arcanine|Flare Blitz|p2b: Rillaboom\n|-supereffective|p2b: Rillaboom\n|-damage|p2b: Rillaboom|0 fnt\n|faint|p2b: Rillaboom\n|-damage|p1b: Arcanine|51\/100|[from] Recoil\n|\n|-heal|p1a: Roaring Moon|88\/100|[from] Grassy Terrain\n|-heal|p1b: Arcanine|57\/100|[from] Grassy Terrain\n|upkeep\n|\n|t:|1701199526\n|switch|p2b: Chien-Pao|Chien-Pao, L50|100\/100\n|-ability|p2b: Chien-Pao|Sword of Ruin\n|turn|3\n|inactive|Mariana Trench has 30 seconds left.\n|inactive|Mariana Trench has 20 seconds left.\n|\n|t:|1701199561\n|-end|p1a: Roaring Moon|Protosynthesis|[silent]\n|switch|p1a: Milotic|Milotic, L50, M|100\/100\n|-terastallize|p1b: Arcanine|Fairy\n|move|p2a: Flutter Mane|Protect|p2a: Flutter Mane\n|-singleturn|p2a: Flutter Mane|Protect\n|move|p2b: Chien-Pao|Icicle Crash|p1a: Milotic\n|-resisted|p1a: Milotic\n|-damage|p1a: Milotic|75\/100\n|move|p1b: Arcanine|Flare Blitz|p2b: Chien-Pao\n|-supereffective|p2b: Chien-Pao\n|-enditem|p2b: Chien-Pao|Focus Sash\n|-damage|p2b: Chien-Pao|1\/100\n|-damage|p1b: Arcanine|31\/100|[from] Recoil\n|\n|-heal|p1a: Milotic|81\/100|[from] Grassy Terrain\n|-heal|p1a: Milotic|87\/100|[from] item: Leftovers\n|-heal|p2b: Chien-Pao|7\/100|[from] Grassy Terrain\n|-heal|p1b: Arcanine|37\/100|[from] Grassy Terrain\n|upkeep\n|turn|4\n|inactive|Mariana Trench has 30 seconds left.\n|\n|t:|1701199594\n|move|p2b: Chien-Pao|Sucker Punch|p1a: Milotic\n|-damage|p1a: Milotic|42\/100\n|move|p2a: Flutter Mane|Shadow Ball|p1b: Arcanine\n|-damage|p1b: Arcanine|0 fnt\n|faint|p1b: Arcanine\n|move|p1a: Milotic|Scald|p2b: Chien-Pao\n|-damage|p2b: Chien-Pao|0 fnt\n|faint|p2b: Chien-Pao\n|\n|-heal|p1a: Milotic|48\/100|[from] Grassy Terrain\n|-heal|p1a: Milotic|54\/100|[from] item: Leftovers\n|upkeep\n|\n|t:|1701199607\n|switch|p2b: Arcanine|Arcanine-Hisui, L50, F, tera:Fairy|100\/100\n|switch|p1b: Roaring Moon|Roaring Moon, L50|88\/100\n|-ability|p2b: Arcanine|Intimidate|boost\n|-unboost|p1a: Milotic|atk|1\n|-ability|p1a: Milotic|Competitive|boost\n|-boost|p1a: Milotic|spa|2\n|-unboost|p1b: Roaring Moon|atk|1\n|turn|5\n|inactive|Mariana Trench has 30 seconds left.\n|\n|t:|1701199633\n|move|p1b: Roaring Moon|Acrobatics|p2a: Flutter Mane\n|-damage|p2a: Flutter Mane|54\/100\n|move|p2a: Flutter Mane|Shadow Ball|p1a: Milotic\n|-damage|p1a: Milotic|22\/100\n|move|p1a: Milotic|Scald|p2b: Arcanine\n|-damage|p2b: Arcanine|18\/100\n|move|p2b: Arcanine|Tera Blast|p1b: Roaring Moon|[anim] Tera Blast Fairy\n|-supereffective|p1b: Roaring Moon\n|-damage|p1b: Roaring Moon|0 fnt\n|faint|p1b: Roaring Moon\n|-end|p1b: Roaring Moon|Protosynthesis|[silent]\n|\n|-heal|p2a: Flutter Mane|60\/100|[from] Grassy Terrain\n|-heal|p1a: Milotic|28\/100|[from] Grassy Terrain\n|-heal|p1a: Milotic|34\/100|[from] item: Leftovers\n|-heal|p2b: Arcanine|24\/100|[from] Grassy Terrain\n|-sideend|p1: Mariana Trench|move: Tailwind\n|-fieldend|move: Grassy Terrain\n|upkeep\n|\n|t:|1701199636\n|switch|p1b: Landorus|Landorus-Therian, L50, M|100\/100\n|-ability|p1b: Landorus|Intimidate|boost\n|-unboost|p2a: Flutter Mane|atk|1\n|-unboost|p2b: Arcanine|atk|1\n|turn|6\n|\n|t:|1701199658\n|move|p2a: Flutter Mane|Shadow Ball|p1a: Milotic\n|-damage|p1a: Milotic|4\/100\n|move|p1b: Landorus|Rock Slide|p2b: Arcanine|[spread] p2b\n|-miss|p1b: Landorus|p2a: Flutter Mane\n|-damage|p2b: Arcanine|0 fnt\n|faint|p2b: Arcanine\n|move|p1a: Milotic|Scald|p2a: Flutter Mane\n|-damage|p2a: Flutter Mane|0 fnt\n|faint|p2a: Flutter Mane\n|-end|p2a: Flutter Mane|Protosynthesis|[silent]\n|\n|win|Mariana Trench\n|raw|Mariana Trench's rating: 1223 &rarr; <strong>1255<\/strong><br \/>(+32 for winning)\n|raw|Lurvas's rating: 1319 &rarr; <strong>1294<\/strong><br \/>(-25 for losing)\n|c|\u2606Lurvas|gg\n","uploadtime":1701199671,"views":4,"p1id":"marianatrench","p2id":"lurvas","formatid":"gen9vgc2023regulatione","rating":1255,"private":0,"password":""}