{"id":"gen9vgc2023regulatione-1990743368","p1":"nano8a","p2":"Kzejzk","format":"[Gen 9] VGC 2023 Regulation E","log":"|j|\u2606nano8a\n|j|\u2606Kzejzk\n|t:|1699996689\n|gametype|doubles\n|player|p1|nano8a|266|1053\n|player|p2|Kzejzk|lance|1000\n|teamsize|p1|6\n|teamsize|p2|6\n|gen|9\n|tier|[Gen 9] VGC 2023 Regulation E\n|rated|\n|rule|Species Clause: Limit one of each Pok\u00e9mon\n|rule|Item Clause: Limit one of each item\n|clearpoke\n|poke|p1|Urshifu-*, L50, F|\n|poke|p1|Farigiraf, L50, M|\n|poke|p1|Clefairy, L50, M|\n|poke|p1|Ogerpon-Hearthflame, L50, F|\n|poke|p1|Ursaluna-Bloodmoon, L50, M|\n|poke|p1|Okidogi, L50, M|\n|poke|p2|Flutter Mane, L50|\n|poke|p2|Tornadus, L50, M|\n|poke|p2|Rillaboom, L50, M|\n|poke|p2|Garganacl, L50, F|\n|poke|p2|Arcanine-Hisui, L50, M|\n|poke|p2|Chien-Pao, L50|\n|teampreview|4\n|\n|t:|1699996717\n|start\n|switch|p1a: Farigiraf|Farigiraf, L50, M|100\/100\n|switch|p1b: Clefairy|Clefairy, L50, M|100\/100\n|switch|p2a: Chien-Pao|Chien-Pao, L50|100\/100\n|switch|p2b: Arcanine|Arcanine-Hisui, L50, M|100\/100\n|-ability|p2a: Chien-Pao|Sword of Ruin\n|-ability|p2b: Arcanine|Intimidate|boost\n|-unboost|p1a: Farigiraf|atk|1\n|-unboost|p1b: Clefairy|atk|1\n|turn|1\n|\n|t:|1699996740\n|move|p1b: Clefairy|Follow Me|p1b: Clefairy\n|-singleturn|p1b: Clefairy|move: Follow Me\n|move|p2a: Chien-Pao|Ice Spinner|p1b: Clefairy\n|-damage|p1b: Clefairy|60\/100\n|move|p2b: Arcanine|Rock Slide|p1a: Farigiraf|[spread] p1b\n|-miss|p2b: Arcanine|p1a: Farigiraf\n|-damage|p1b: Clefairy|22\/100\n|move|p1a: Farigiraf|Trick Room|p1a: Farigiraf\n|-fieldstart|move: Trick Room|[of] p1a: Farigiraf\n|\n|upkeep\n|turn|2\n|\n|t:|1699996758\n|move|p1b: Clefairy|Follow Me|p1b: Clefairy\n|-singleturn|p1b: Clefairy|move: Follow Me\n|move|p1a: Farigiraf|Nasty Plot|p1a: Farigiraf\n|-boost|p1a: Farigiraf|spa|2\n|move|p2b: Arcanine|Rock Slide|p1b: Clefairy|[spread] p1a,p1b\n|-damage|p1a: Farigiraf|66\/100\n|-damage|p1b: Clefairy|0 fnt\n|faint|p1b: Clefairy\n|move|p2a: Chien-Pao|Ice Spinner|p1a: Farigiraf\n|-damage|p1a: Farigiraf|16\/100\n|-enditem|p1a: Farigiraf|Sitrus Berry|[eat]\n|-heal|p1a: Farigiraf|41\/100|[from] item: Sitrus Berry\n|\n|upkeep\n|inactive|Battle timer is ON: inactive players will automatically lose when time's up. (requested by Kzejzk)\n|\n|t:|1699996803\n|switch|p1b: Ursaluna|Ursaluna-Bloodmoon, L50, M|100\/100\n|turn|3\n|\n|t:|1699996826\n|move|p2a: Chien-Pao|Protect|p2a: Chien-Pao\n|-singleturn|p2a: Chien-Pao|Protect\n|move|p1b: Ursaluna|Hyper Voice|p2a: Chien-Pao|[spread] p2b\n|-activate|p2a: Chien-Pao|move: Protect\n|-resisted|p2b: Arcanine\n|-damage|p2b: Arcanine|70\/100\n|-damage|p1b: Ursaluna|91\/100|[from] item: Life Orb\n|move|p1a: Farigiraf|Dazzling Gleam|p2a: Chien-Pao|[spread] p2b\n|-activate|p2a: Chien-Pao|move: Protect\n|-resisted|p2b: Arcanine\n|-damage|p2b: Arcanine|46\/100\n|move|p2b: Arcanine|Rock Slide|p1b: Ursaluna|[spread] p1a,p1b\n|-resisted|p1b: Ursaluna\n|-damage|p1a: Farigiraf|0 fnt\n|-damage|p1b: Ursaluna|71\/100\n|faint|p1a: Farigiraf\n|\n|upkeep\n|\n|t:|1699996841\n|switch|p1a: Okidogi|Okidogi, L50, M|100\/100\n|turn|4\n|\n|t:|1699996851\n|move|p1b: Ursaluna|Blood Moon|p2b: Arcanine\n|-resisted|p2b: Arcanine\n|-damage|p2b: Arcanine|0 fnt\n|faint|p2b: Arcanine\n|-damage|p1b: Ursaluna|62\/100|[from] item: Life Orb\n|move|p1a: Okidogi|Brick Break|p2a: Chien-Pao\n|-supereffective|p2a: Chien-Pao\n|-enditem|p2a: Chien-Pao|Focus Sash\n|-damage|p2a: Chien-Pao|1\/100\n|move|p2a: Chien-Pao|Ice Spinner|p1b: Ursaluna\n|-supereffective|p1b: Ursaluna\n|-damage|p1b: Ursaluna|0 fnt\n|faint|p1b: Ursaluna\n|\n|upkeep\n|\n|t:|1699996866\n|switch|p2b: Garganacl|Garganacl, L50, F|100\/100\n|turn|5\n|\n|t:|1699996887\n|-terastallize|p2b: Garganacl|Ghost\n|-terastallize|p1a: Okidogi|Water\n|move|p2a: Chien-Pao|Protect|p2a: Chien-Pao\n|-singleturn|p2a: Chien-Pao|Protect\n|move|p2b: Garganacl|Iron Defense|p2b: Garganacl\n|-boost|p2b: Garganacl|def|2\n|move|p1a: Okidogi|Snarl|p2b: Garganacl|[spread] p2b\n|-activate|p2a: Chien-Pao|move: Protect\n|-supereffective|p2b: Garganacl\n|-damage|p2b: Garganacl|93\/100\n|-unboost|p2b: Garganacl|spa|1\n|\n|-fieldend|move: Trick Room\n|upkeep\n|turn|6\n|inactive|nano8a has 30 seconds left.\n|\n|t:|1699996915\n|switch|p2a: Rillaboom|Rillaboom, L50, M|100\/100\n|-fieldstart|move: Grassy Terrain|[from] ability: Grassy Surge|[of] p2a: Rillaboom\n|move|p1a: Okidogi|Snarl|p2a: Rillaboom|[spread] p2a,p2b\n|-supereffective|p2b: Garganacl\n|-damage|p2a: Rillaboom|97\/100\n|-damage|p2b: Garganacl|86\/100\n|-unboost|p2a: Rillaboom|spa|1\n|-unboost|p2b: Garganacl|spa|1\n|move|p2b: Garganacl|Salt Cure|p1a: Okidogi\n|-damage|p1a: Okidogi|89\/100\n|-start|p1a: Okidogi|Salt Cure\n|\n|-heal|p2a: Rillaboom|100\/100|[from] Grassy Terrain\n|-heal|p1a: Okidogi|95\/100|[from] Grassy Terrain\n|-heal|p2b: Garganacl|92\/100|[from] Grassy Terrain\n|-damage|p1a: Okidogi|71\/100|[from] Salt Cure\n|upkeep\n|turn|7\n|\n|t:|1699996932\n|move|p2a: Rillaboom|Fake Out|p1a: Okidogi\n|-damage|p1a: Okidogi|59\/100\n|cant|p1a: Okidogi|flinch\n|move|p2b: Garganacl|Iron Defense|p2b: Garganacl\n|-boost|p2b: Garganacl|def|2\n|\n|-heal|p1a: Okidogi|66\/100|[from] Grassy Terrain\n|-heal|p2b: Garganacl|98\/100|[from] Grassy Terrain\n|-damage|p1a: Okidogi|41\/100|[from] Salt Cure\n|upkeep\n|turn|8\n|\n|t:|1699996945\n|move|p2a: Rillaboom|Grassy Glide|p1a: Okidogi\n|-supereffective|p1a: Okidogi\n|-damage|p1a: Okidogi|0 fnt\n|faint|p1a: Okidogi\n|\n|win|Kzejzk\n|raw|nano8a's rating: 1053 &rarr; <strong>1032<\/strong><br \/>(-21 for losing)\n|raw|Kzejzk's rating: 1000 &rarr; <strong>1046<\/strong><br \/>(+46 for winning)\n","uploadtime":1699996951,"views":7,"p1id":"nano8a","p2id":"kzejzk","formatid":"gen9vgc2023regulatione","rating":1032,"private":0,"password":""}