{"id":"gen9vgc2023regulatione-1994808952","p1":"D0xie","p2":"MrIKUrtz","format":"[Gen 9] VGC 2023 Regulation E","log":"|j|\u2606D0xie\n|j|\u2606MrIKUrtz\n|t:|1700494797\n|gametype|doubles\n|player|p1|D0xie|flannery|1191\n|player|p2|MrIKUrtz|102|1206\n|teamsize|p1|6\n|teamsize|p2|6\n|gen|9\n|tier|[Gen 9] VGC 2023 Regulation E\n|rated|\n|rule|Species Clause: Limit one of each Pok\u00e9mon\n|rule|Item Clause: Limit one of each item\n|clearpoke\n|poke|p1|Toedscruel, L50, F|\n|poke|p1|Arcanine-Hisui, L50, M|\n|poke|p1|Sableye, L50, F|\n|poke|p1|Flutter Mane, L50|\n|poke|p1|Ogerpon-Wellspring, L50, F|\n|poke|p1|Dragapult, L50, F|\n|poke|p2|Chi-Yu, L50|\n|poke|p2|Flutter Mane, L50|\n|poke|p2|Tornadus, L50, M|\n|poke|p2|Indeedee-F, L50, F|\n|poke|p2|Regieleki, L50|\n|poke|p2|Ogerpon-Wellspring, L50, F|\n|teampreview|4\n|inactive|Battle timer is ON: inactive players will automatically lose when time's up. (requested by MrIKUrtz)\n|inactive|D0xie also wants the timer to be on.\n|c|\u2606D0xie|You're so lucky I don't have iron hands rn\n|inactive|D0xie has 60 seconds left.\n|inactive|MrIKUrtz has 60 seconds left.\n|\n|t:|1700494835\n|start\n|switch|p1a: Sableye|Sableye, L50, F|100\/100\n|switch|p1b: Toedscruel|Toedscruel, L50, F|100\/100\n|switch|p2a: Indeedee|Indeedee-F, L50, F|100\/100\n|switch|p2b: Chi-Yu|Chi-Yu, L50|100\/100\n|-ability|p2b: Chi-Yu|Beads of Ruin\n|-fieldstart|move: Psychic Terrain|[from] ability: Psychic Surge|[of] p2a: Indeedee\n|-enditem|p2a: Indeedee|Psychic Seed\n|-boost|p2a: Indeedee|spd|1|[from] item: Psychic Seed\n|turn|1\n|inactive|MrIKUrtz has 30 seconds left.\n|inactive|MrIKUrtz has 20 seconds left.\n|inactive|MrIKUrtz has 15 seconds left.\n|inactive|MrIKUrtz has 10 seconds left.\n|inactive|MrIKUrtz has 5 seconds left.\n|\n|t:|1700494886\n|switch|p1a: Arcanine|Arcanine-Hisui, L50, M|100\/100\n|-ability|p1a: Arcanine|Intimidate|boost\n|-unboost|p2a: Indeedee|atk|1\n|-unboost|p2b: Chi-Yu|atk|1\n|-terastallize|p1b: Toedscruel|Water\n|move|p2a: Indeedee|Follow Me|p2a: Indeedee\n|-singleturn|p2a: Indeedee|move: Follow Me\n|move|p2b: Chi-Yu|Overheat|p1b: Toedscruel\n|-resisted|p1b: Toedscruel\n|-damage|p1b: Toedscruel|52\/100\n|-unboost|p2b: Chi-Yu|spa|2\n|-damage|p2b: Chi-Yu|90\/100|[from] item: Life Orb\n|move|p1b: Toedscruel|Spore|p2a: Indeedee\n|-status|p2a: Indeedee|slp|[from] move: Spore\n|\n|upkeep\n|turn|2\n|\n|t:|1700494904\n|switch|p2b: Regieleki|Regieleki, L50|100\/100\n|cant|p2a: Indeedee|slp\n|move|p1a: Arcanine|Rock Slide|p2b: Regieleki|[spread] p2a\n|-miss|p1a: Arcanine|p2b: Regieleki\n|-damage|p2a: Indeedee|72\/100 slp\n|move|p1b: Toedscruel|Spore|p2b: Regieleki\n|-status|p2b: Regieleki|slp|[from] move: Spore\n|\n|upkeep\n|turn|3\n|\n|t:|1700494920\n|-curestatus|p2a: Indeedee|slp|[msg]\n|move|p2a: Indeedee|Follow Me|p2a: Indeedee\n|-singleturn|p2a: Indeedee|move: Follow Me\n|cant|p2b: Regieleki|slp\n|move|p1a: Arcanine|Rock Slide|p2b: Regieleki|[spread] p2a\n|-miss|p1a: Arcanine|p2b: Regieleki\n|-damage|p2a: Indeedee|43\/100\n|move|p1b: Toedscruel|Tickle|p2a: Indeedee\n|-unboost|p2a: Indeedee|atk|1\n|-unboost|p2a: Indeedee|def|1\n|\n|upkeep\n|turn|4\n|\n|t:|1700494938\n|move|p2a: Indeedee|Follow Me|p2a: Indeedee\n|-singleturn|p2a: Indeedee|move: Follow Me\n|cant|p2b: Regieleki|slp\n|move|p1a: Arcanine|Rock Slide|p2b: Regieleki|[spread] p2a,p2b\n|-damage|p2a: Indeedee|0 fnt\n|-damage|p2b: Regieleki|47\/100 slp\n|faint|p2a: Indeedee\n|move|p1b: Toedscruel|Spore|p2b: Regieleki\n|-fail|p2b: Regieleki|slp\n|\n|upkeep\n|\n|t:|1700494949\n|switch|p2a: Flutter Mane|Flutter Mane, L50|100\/100\n|turn|5\n|\n|t:|1700494956\n|move|p1b: Toedscruel|Protect|p1b: Toedscruel\n|-singleturn|p1b: Toedscruel|Protect\n|cant|p2b: Regieleki|slp\n|move|p2a: Flutter Mane|Shadow Ball|p1a: Arcanine\n|-damage|p1a: Arcanine|48\/100\n|move|p1a: Arcanine|Rock Slide|p2a: Flutter Mane|[spread] p2b\n|-miss|p1a: Arcanine|p2a: Flutter Mane\n|-damage|p2b: Regieleki|0 fnt\n|faint|p2b: Regieleki\n|\n|-fieldend|move: Psychic Terrain\n|upkeep\n|\n|t:|1700494964\n|switch|p2b: Chi-Yu|Chi-Yu, L50|90\/100\n|-ability|p2b: Chi-Yu|Beads of Ruin\n|turn|6\n|\n|t:|1700494985\n|switch|p1b: Ogerpon|Ogerpon-Wellspring, L50, F|100\/100\n|move|p2a: Flutter Mane|Moonblast|p1b: Ogerpon\n|-crit|p1b: Ogerpon\n|-damage|p1b: Ogerpon|0 fnt\n|faint|p1b: Ogerpon\n|move|p2b: Chi-Yu|Heat Wave|p1a: Arcanine\n|-resisted|p1a: Arcanine\n|-damage|p1a: Arcanine|21\/100\n|-damage|p2b: Chi-Yu|80\/100|[from] item: Life Orb\n|move|p1a: Arcanine|Rock Slide|p2b: Chi-Yu|[spread] p2a\n|-miss|p1a: Arcanine|p2b: Chi-Yu\n|-damage|p2a: Flutter Mane|36\/100\n|\n|upkeep\n|\n|t:|1700494993\n|switch|p1b: Sableye|Sableye, L50, F|100\/100\n|turn|7\n|\n|t:|1700495011\n|move|p1b: Sableye|Fake Out|p2b: Chi-Yu\n|-damage|p2b: Chi-Yu|69\/100\n|move|p2a: Flutter Mane|Moonblast|p1b: Sableye\n|-supereffective|p1b: Sableye\n|-damage|p1b: Sableye|0 fnt\n|faint|p1b: Sableye\n|cant|p2b: Chi-Yu|flinch\n|move|p1a: Arcanine|Rock Slide|p2b: Chi-Yu|[spread] p2a,p2b\n|-supereffective|p2b: Chi-Yu\n|-damage|p2a: Flutter Mane|0 fnt\n|-damage|p2b: Chi-Yu|0 fnt\n|faint|p2a: Flutter Mane\n|-end|p2a: Flutter Mane|Protosynthesis|[silent]\n|faint|p2b: Chi-Yu\n|\n|win|D0xie\n|raw|D0xie's rating: 1191 &rarr; <strong>1217<\/strong><br \/>(+26 for winning)\n|raw|MrIKUrtz's rating: 1206 &rarr; <strong>1180<\/strong><br \/>(-26 for losing)\n|l|\u2606MrIKUrtz\n","uploadtime":1700495031,"views":3,"p1id":"d0xie","p2id":"mrikurtz","formatid":"gen9vgc2023regulatione","rating":1180,"private":0,"password":""}