{"id":"gen9vgc2023regulatione-1988746117","p1":"Flarefox_7","p2":"ale cog","format":"[Gen 9] VGC 2023 Regulation E","log":"|j|\u2606Flarefox_7\n|j|\u2606ale cog\n|t:|1699757828\n|gametype|doubles\n|player|p1|Flarefox_7|serena-masters3|\n|player|p2|ale cog|artist-gen4|\n|teamsize|p1|6\n|teamsize|p2|6\n|gen|9\n|tier|[Gen 9] VGC 2023 Regulation E\n|rated|Tournament battle\n|rule|Species Clause: Limit one of each Pok\u00e9mon\n|rule|Item Clause: Limit one of each item\n|clearpoke\n|poke|p1|Tornadus, L50, M|\n|poke|p1|Urshifu-*, L50, F|\n|poke|p1|Flutter Mane, L50|\n|poke|p1|Arcanine-Hisui, L50, M|\n|poke|p1|Rillaboom, L50, M|\n|poke|p1|Chien-Pao, L50|\n|poke|p2|Landorus, L50, M|\n|poke|p2|Tornadus, L50, M|\n|poke|p2|Ogerpon-Hearthflame, L50, F|\n|poke|p2|Iron Hands, L50|\n|poke|p2|Urshifu-*, L50, F|\n|poke|p2|Rillaboom, L50, M|\n|teampreview|4\n|showteam|p1|Tornadus||CovertCloak|Prankster|BleakwindStorm,Tailwind,Taunt,RainDance|||M|||50|,,,,,Dragon]Urshifu-Rapid-Strike||MysticWater|UnseenFist|SurgingStrikes,CloseCombat,AquaJet,Detect|||F|||50|,,,,,Water]Flutter Mane||BoosterEnergy|Protosynthesis|DazzlingGleam,Moonblast,ShadowBall,Protect||||||50|,,,,,Fairy]Arcanine-Hisui||ChoiceBand|Intimidate|FlareBlitz,RockSlide,ExtremeSpeed,HeadSmash|||M|||50|,,,,,Normal]Rillaboom||AssaultVest|GrassySurge|WoodHammer,GrassyGlide,FakeOut,HighHorsepower|||M|||50|,,,,,Fire]Chien-Pao||FocusSash|SwordofRuin|IcicleCrash,SuckerPunch,SacredSword,Protect||||||50|,,,,,Ghost\n|showteam|p2|Landorus||LifeOrb|SheerForce|EarthPower,SandsearStorm,SludgeBomb,Protect|||M|||50|,,,,,Dragon]Tornadus||MentalHerb|Prankster|BleakwindStorm,Taunt,Tailwind,RainDance|||M|||50|,,,,,Ghost]Ogerpon-Hearthflame||HearthflameMask|MoldBreaker|IvyCudgel,GrassyGlide,SwordsDance,SpikyShield|||F|||50|,,,,,Fire]Iron Hands||AssaultVest|QuarkDrive|DrainPunch,WildCharge,HeavySlam,FakeOut||||||50|,,,,,Electric]Urshifu-Rapid-Strike||ChoiceScarf|UnseenFist|SurgingStrikes,CloseCombat,AquaJet,Uturn|||F|||50|,,,,,Water]Rillaboom||MiracleSeed|GrassySurge|WoodHammer,GrassyGlide,FakeOut,Protect|||M|||50|,,,,,Grass\n|inactive|Battle timer is ON: inactive players will automatically lose when time's up. (requested by ale cog)\n|inactive|Flarefox_7 has 60 seconds left.\n|inactive|ale cog has 60 seconds left.\n|j| Cdogp\n|l| Cdogp\n|j|%Radio Free C-Side\n|c|\u2606Flarefox_7|nooo\n|\n|t:|1699757888\n|start\n|switch|p1a: Tornadus|Tornadus, L50, M|100\/100\n|switch|p1b: Rillaboom|Rillaboom, L50, M|100\/100\n|switch|p2a: Blowin In The Wind|Tornadus, L50, M, shiny|100\/100\n|switch|p2b: Iron Pants|Iron Hands, L50|100\/100\n|-fieldstart|move: Grassy Terrain|[from] ability: Grassy Surge|[of] p1b: Rillaboom\n|turn|1\n|c|\u2606Flarefox_7|im not croak\n|c|\u2606Flarefox_7|radio\n|c|\u2606Flarefox_7|remind me\n|c|\u2606Flarefox_7|ill be croak\n|inactive|Flarefox_7 has 30 seconds left.\n|inactive|ale cog has 30 seconds left.\n|\n|t:|1699757921\n|move|p1b: Rillaboom|Fake Out|p2b: Iron Pants\n|-damage|p2b: Iron Pants|91\/100\n|move|p1a: Tornadus|Bleakwind Storm|p2a: Blowin In The Wind|[spread] p2b\n|-miss|p1a: Tornadus|p2a: Blowin In The Wind\n|-damage|p2b: Iron Pants|74\/100\n|-unboost|p2b: Iron Pants|spe|1\n|move|p2a: Blowin In The Wind|Bleakwind Storm|p1b: Rillaboom|[spread] p1a,p1b\n|-supereffective|p1b: Rillaboom\n|-damage|p1a: Tornadus|67\/100\n|-damage|p1b: Rillaboom|56\/100\n|cant|p2b: Iron Pants|flinch\n|\n|-heal|p1b: Rillaboom|62\/100|[from] Grassy Terrain\n|-heal|p2b: Iron Pants|80\/100|[from] Grassy Terrain\n|upkeep\n|turn|2\n|\n|t:|1699757943\n|move|p1a: Tornadus|Tailwind|p1a: Tornadus\n|-sidestart|p1: Flarefox_7|move: Tailwind\n|move|p1b: Rillaboom|Wood Hammer|p2b: Iron Pants\n|-damage|p2b: Iron Pants|20\/100\n|-damage|p1b: Rillaboom|39\/100|[from] Recoil\n|move|p2a: Blowin In The Wind|Bleakwind Storm|p1b: Rillaboom|[spread] p1a\n|-miss|p2a: Blowin In The Wind|p1b: Rillaboom\n|-damage|p1a: Tornadus|31\/100\n|move|p2b: Iron Pants|Wild Charge|p1a: Tornadus\n|-supereffective|p1a: Tornadus\n|-damage|p1a: Tornadus|0 fnt\n|faint|p1a: Tornadus\n|-damage|p2b: Iron Pants|14\/100|[from] Recoil\n|\n|-heal|p1b: Rillaboom|45\/100|[from] Grassy Terrain\n|-heal|p2b: Iron Pants|20\/100|[from] Grassy Terrain\n|upkeep\n|\n|t:|1699757953\n|switch|p1a: Arcanine|Arcanine-Hisui, L50, M|100\/100\n|-ability|p1a: Arcanine|Intimidate|boost\n|-unboost|p2a: Blowin In The Wind|atk|1\n|-unboost|p2b: Iron Pants|atk|1\n|turn|3\n|\n|t:|1699757971\n|move|p1b: Rillaboom|Grassy Glide|p2b: Iron Pants\n|-damage|p2b: Iron Pants|0 fnt\n|faint|p2b: Iron Pants\n|-end|p2b: Iron Pants|Quark Drive|[silent]\n|move|p2a: Blowin In The Wind|Tailwind|p2a: Blowin In The Wind\n|-sidestart|p2: ale cog|move: Tailwind\n|move|p1a: Arcanine|Head Smash|p2a: Blowin In The Wind\n|-supereffective|p2a: Blowin In The Wind\n|-damage|p2a: Blowin In The Wind|0 fnt\n|faint|p2a: Blowin In The Wind\n|-damage|p1a: Arcanine|50\/100|[from] Recoil\n|\n|-heal|p1a: Arcanine|56\/100|[from] Grassy Terrain\n|-heal|p1b: Rillaboom|51\/100|[from] Grassy Terrain\n|upkeep\n|\n|t:|1699757980\n|switch|p2a: Shamone-Strike|Urshifu-Rapid-Strike, L50, F|100\/100\n|switch|p2b: Fiona-Hearthflame|Ogerpon-Hearthflame, L50, F|100\/100\n|-ability|p2b: Fiona-Hearthflame|Mold Breaker\n|turn|4\n|inactive|ale cog has 30 seconds left.\n|\n|t:|1699758010\n|-terastallize|p2b: Fiona-Hearthflame|Fire\n|detailschange|p2b: Fiona-Hearthflame|Ogerpon-Hearthflame-Tera, L50, F, tera:Fire\n|-ability|p2b: Fiona-Hearthflame|Embody Aspect (Hearthflame)|boost\n|-boost|p2b: Fiona-Hearthflame|atk|1\n|-terastallize|p1a: Arcanine|Normal\n|move|p2b: Fiona-Hearthflame|Grassy Glide|p1a: Arcanine\n|-damage|p1a: Arcanine|0 fnt\n|faint|p1a: Arcanine\n|move|p2a: Shamone-Strike|Surging Strikes|p1b: Rillaboom\n|-resisted|p1b: Rillaboom\n|-crit|p1b: Rillaboom\n|-damage|p1b: Rillaboom|42\/100\n|-resisted|p1b: Rillaboom\n|-crit|p1b: Rillaboom\n|-damage|p1b: Rillaboom|32\/100\n|-resisted|p1b: Rillaboom\n|-crit|p1b: Rillaboom\n|-damage|p1b: Rillaboom|21\/100\n|-hitcount|p1b: Rillaboom|3\n|move|p1b: Rillaboom|Wood Hammer|p2a: Shamone-Strike\n|-supereffective|p2a: Shamone-Strike\n|-damage|p2a: Shamone-Strike|0 fnt\n|faint|p2a: Shamone-Strike\n|-damage|p1b: Rillaboom|0 fnt|[from] Recoil\n|faint|p1b: Rillaboom\n|\n|upkeep\n|c|\u2606Flarefox_7|shit\n|\n|t:|1699758022\n|switch|p1b: Urshifu|Urshifu-Rapid-Strike, L50, F|100\/100\n|turn|5\n|\n|t:|1699758026\n|move|p2b: Fiona-Hearthflame|Grassy Glide|p1b: Urshifu\n|-supereffective|p1b: Urshifu\n|-crit|p1b: Urshifu\n|-damage|p1b: Urshifu|0 fnt\n|faint|p1b: Urshifu\n|\n|win|ale cog\n|n|\u2606Flarefox_7|flarefox7\n|n|\u2606ale cog|alecog\n|n| Radio Free C-Side|radiofreecside\n|c|\u2606Flarefox_7|fuck\n|c|\u2606Flarefox_7|did that crit mattwr\n|l| Radio Free C-Side\n|c|\u2606ale cog|no\n|c|\u2606Flarefox_7|oh\n|c|\u2606Flarefox_7|wait r u max\n|c|\u2606ale cog|+1 156+ Atk Tera-Fire Ogerpon-Hearthflame Grassy Glide (1.2x Mask Boost) vs. 252 HP \/ 0 Def Urshifu-Rapid Strike in Grassy Terrain: 216-254 (104.3 - 122.7%) -- guaranteed OHKO\n|c|\u2606ale cog|thats against max hp urshifu\n|l|\u2606Flarefox_7\n","uploadtime":1699758869,"views":19,"p1id":"flarefox7","p2id":"alecog","formatid":"gen9vgc2023regulatione","rating":0,"private":0,"password":""}