{"id":"gen9vgc2023regulatione-1998448304","p1":"Spearstorms","p2":"Hinkle54","format":"[Gen 9] VGC 2023 Regulation E","log":"|j|\u2606Spearstorms\n|j|\u2606Hinkle54\n|n|\u2606Spearstorms|spearstorms\n|n|\u2606Hinkle54|hinkle54\n|html|View the match progress at <a href=\"\/game-bestof3-gen9vgc2023regulatione-1998444370\">game-bestof3-gen9vgc2023regulatione-1998444370<\/a>\n|t:|1700943458\n|gametype|doubles\n|player|p1|Spearstorms|169|\n|player|p2|Hinkle54|clown|\n|teamsize|p1|6\n|teamsize|p2|6\n|gen|9\n|tier|[Gen 9] VGC 2023 Regulation E\n|rule|Species Clause: Limit one of each Pok\u00e9mon\n|rule|Item Clause: Limit one of each item\n|clearpoke\n|poke|p1|Rillaboom, L50, M|\n|poke|p1|Urshifu-*, L50, F|\n|poke|p1|Ninetales-Alola, L50, M|\n|poke|p1|Articuno, L50|\n|poke|p1|Regieleki, L50|\n|poke|p1|Ogerpon-Cornerstone, L50, F|\n|poke|p2|Cresselia, L50, F|\n|poke|p2|Ursaluna, L50, M|\n|poke|p2|Empoleon, L50, F|\n|poke|p2|Enamorus-Therian, L50, F|\n|poke|p2|Skeledirge, L50, F|\n|poke|p2|Pawmot, L50, M|\n|teampreview|4\nSpearstorms has agreed to open team sheets.\nHinkle54 has agreed to open team sheets.\n|showteam|p1|Rillaboom||MiracleSeed|GrassySurge|WoodHammer,FakeOut,GrassyGlide,TeraBlast|||M|||50|,,,,,Water]Urshifu-Rapid-Strike||ChoiceBand|UnseenFist|SurgingStrikes,CloseCombat,AquaJet,PoisonJab|||F|||50|,,,,,Water]Ninetales-Alola||FocusSash|SnowWarning|FreezeDry,AuroraVeil,HelpingHand,Moonblast|||M|||50|,,,,,Ghost]Articuno||BrightPowder|SnowCloak|FreezeDry,Blizzard,Roost,Haze||||||50|,,,,,Ice]Regieleki||LifeOrb|Transistor|EerieImpulse,TeraBlast,Thunderbolt,VoltSwitch||||||50|,,,,,Ice]Ogerpon-Cornerstone||CornerstoneMask|Sturdy|IvyCudgel,SpikyShield,HornLeech,Superpower|||F|||50|,,,,,Rock\n|showteam|p2|Cresselia||CovertCloak|Levitate|TrickRoom,AllySwitch,LunarBlessing,Psychic|||F|||50|,,,,,Water]Ursaluna||FlameOrb|Guts|BrickBreak,RockSlide,Protect,HeavySlam|||M|||50|,,,,,Ghost]Empoleon||SitrusBerry|Competitive|IceBeam,FlashCannon,Protect,WaterPledge|||F|||50|,,,,,Grass]Enamorus-Therian||LifeOrb|Overcoat|Protect,DazzlingGleam,EarthPower,MysticalFire|||F|||50|,,,,,Steel]Skeledirge||RockyHelmet|Unaware|TorchSong,HeatWave,Protect,EarthPower|||F|||50|,,,,,Grass]Pawmot||FocusSash|VoltAbsorb|FakeOut,RevivalBlessing,DoubleShock,CloseCombat|||M|||50|,,,,,Electric\n|\n|t:|1700943521\n|start\n|switch|p1a: Ninetales|Ninetales-Alola, L50, M|100\/100\n|switch|p1b: Articuno|Articuno, L50|100\/100\n|switch|p2a: Cresselia|Cresselia, L50, F|100\/100\n|switch|p2b: Pawmot|Pawmot, L50, M|100\/100\n|-weather|Snow|[from] ability: Snow Warning|[of] p1a: Ninetales\n|turn|1\n|\n|t:|1700943553\n|-terastallize|p1b: Articuno|Ice\n|move|p1a: Ninetales|Aurora Veil|p1a: Ninetales\n|-sidestart|p1: Spearstorms|move: Aurora Veil\n|move|p2b: Pawmot|Double Shock|p1b: Articuno\n|-damage|p1b: Articuno|79\/100\n|-start|p2b: Pawmot|typechange|???\/Fighting|[from] move: Double Shock\n|move|p1b: Articuno|Blizzard|p2a: Cresselia|[spread] p2a,p2b\n|-crit|p2a: Cresselia\n|-damage|p2a: Cresselia|68\/100\n|-damage|p2b: Pawmot|14\/100\n|move|p2a: Cresselia|Trick Room|p2a: Cresselia\n|-fieldstart|move: Trick Room|[of] p2a: Cresselia\n|\n|-weather|Snow|[upkeep]\n|upkeep\n|turn|2\n|\n|t:|1700943614\n|switch|p2b: Skeledirge|Skeledirge, L50, F|100\/100\n|move|p2a: Cresselia|Lunar Blessing|p2a: Cresselia|[spread] p2a,p2b\n|-heal|p2a: Cresselia|93\/100\n|move|p1b: Articuno|Blizzard|p2a: Cresselia|[spread] p2a,p2b\n|-resisted|p2b: Skeledirge\n|-damage|p2a: Cresselia|70\/100\n|-damage|p2b: Skeledirge|78\/100\n|-status|p2b: Skeledirge|frz\n|move|p1a: Ninetales|Moonblast|p2a: Cresselia\n|-damage|p2a: Cresselia|50\/100\n|\n|-weather|Snow|[upkeep]\n|upkeep\n|turn|3\n|c|\u2606Hinkle54|Brutal freeze\n|c|\u2606Spearstorms|yeah brutal\n|\n|t:|1700943735\n|cant|p2b: Skeledirge|frz\n|move|p2a: Cresselia|Lunar Blessing|p2a: Cresselia|[spread] p2a,p2b\n|-heal|p2a: Cresselia|75\/100\n|-heal|p2b: Skeledirge|100\/100 frz\n|-curestatus|p2b: Skeledirge|frz|[msg]\n|move|p1b: Articuno|Blizzard|p2a: Cresselia|[spread] p2a,p2b\n|-resisted|p2b: Skeledirge\n|-damage|p2a: Cresselia|53\/100\n|-damage|p2b: Skeledirge|78\/100\n|move|p1a: Ninetales|Freeze-Dry|p2a: Cresselia\n|-damage|p2a: Cresselia|41\/100\n|\n|-weather|Snow|[upkeep]\n|upkeep\n|turn|4\n|\n|t:|1700943756\n|move|p2b: Skeledirge|Torch Song|p1b: Articuno\n|-supereffective|p1b: Articuno\n|-damage|p1b: Articuno|42\/100\n|-boost|p2b: Skeledirge|spa|1\n|move|p2a: Cresselia|Lunar Blessing|p2a: Cresselia|[spread] p2a,p2b\n|-heal|p2a: Cresselia|66\/100\n|-heal|p2b: Skeledirge|100\/100\n|move|p1b: Articuno|Blizzard|p2a: Cresselia|[spread] p2a,p2b\n|-resisted|p2b: Skeledirge\n|-damage|p2a: Cresselia|43\/100\n|-damage|p2b: Skeledirge|76\/100\n|move|p1a: Ninetales|Freeze-Dry|p2a: Cresselia\n|-damage|p2a: Cresselia|31\/100\n|\n|-weather|Snow|[upkeep]\n|upkeep\n|turn|5\n|\n|t:|1700943781\n|move|p2b: Skeledirge|Torch Song|p1b: Articuno\n|-supereffective|p1b: Articuno\n|-damage|p1b: Articuno|0 fnt\n|-boost|p2b: Skeledirge|spa|1\n|faint|p1b: Articuno\n|move|p2a: Cresselia|Lunar Blessing|p2a: Cresselia|[spread] p2a,p2b\n|-heal|p2a: Cresselia|56\/100\n|-heal|p2b: Skeledirge|100\/100\n|move|p1a: Ninetales|Freeze-Dry|p2a: Cresselia\n|-crit|p2a: Cresselia\n|-damage|p2a: Cresselia|36\/100\n|\n|-weather|none\n|-sideend|p1: Spearstorms|move: Aurora Veil\n|-fieldend|move: Trick Room\n|upkeep\n|\n|t:|1700943789\n|switch|p1b: Urshifu|Urshifu-Rapid-Strike, L50, F|100\/100\n|turn|6\n|\n|t:|1700943817\n|move|p2a: Cresselia|Ally Switch|p2a: Cresselia\n|swap|p2a: Cresselia|1|[from] move: Ally Switch\n|move|p1a: Ninetales|Moonblast|p2a: Skeledirge\n|-resisted|p2a: Skeledirge\n|-damage|p2a: Skeledirge|80\/100\n|-unboost|p2a: Skeledirge|spa|1\n|move|p1b: Urshifu|Surging Strikes|p2a: Skeledirge\n|-supereffective|p2a: Skeledirge\n|-crit|p2a: Skeledirge\n|-damage|p2a: Skeledirge|25\/100\n|-damage|p1b: Urshifu|84\/100|[from] item: Rocky Helmet|[of] p2a: Skeledirge\n|-supereffective|p2a: Skeledirge\n|-crit|p2a: Skeledirge\n|-damage|p2a: Skeledirge|0 fnt\n|-damage|p1b: Urshifu|67\/100|[from] item: Rocky Helmet|[of] p2a: Skeledirge\n|faint|p2a: Skeledirge\n|-hitcount|p2: Skeledirge|2\n|\n|upkeep\n|\n|t:|1700943834\n|switch|p2a: Pawmot|Pawmot, L50, M|14\/100\n|turn|7\n|\n|t:|1700943841\n|move|p2a: Pawmot|Fake Out|p1b: Urshifu\n|-damage|p1b: Urshifu|55\/100\n|move|p1a: Ninetales|Moonblast|p2a: Pawmot\n|-supereffective|p2a: Pawmot\n|-damage|p2a: Pawmot|0 fnt\n|faint|p2a: Pawmot\n|cant|p1b: Urshifu|flinch\n|move|p2b: Cresselia|Psychic|p1b: Urshifu\n|-supereffective|p1b: Urshifu\n|-damage|p1b: Urshifu|0 fnt\n|faint|p1b: Urshifu\n|\n|upkeep\n|\n|t:|1700943854\n|switch|p2a: Ursaluna|Ursaluna, L50, M|100\/100\n|switch|p1b: Regieleki|Regieleki, L50|100\/100\n|turn|8\n|\n|t:|1700943884\n|-terastallize|p2a: Ursaluna|Ghost\n|move|p1b: Regieleki|Thunderbolt|p2b: Cresselia\n|-damage|p2b: Cresselia|0 fnt\n|faint|p2b: Cresselia\n|-damage|p1b: Regieleki|91\/100|[from] item: Life Orb\n|move|p1a: Ninetales|Freeze-Dry|p2a: Ursaluna\n|-damage|p2a: Ursaluna|75\/100\n|move|p2a: Ursaluna|Rock Slide|p1a: Ninetales|[spread] p1a,p1b\n|-supereffective|p1a: Ninetales\n|-damage|p1a: Ninetales|36\/100\n|-damage|p1b: Regieleki|43\/100\n|\n|-status|p2a: Ursaluna|brn|[from] item: Flame Orb\n|upkeep\n|turn|9\n|\n|t:|1700943901\n|move|p1b: Regieleki|Thunderbolt|p2a: Ursaluna\n|-damage|p2a: Ursaluna|11\/100 brn\n|-damage|p1b: Regieleki|33\/100|[from] item: Life Orb\n|move|p1a: Ninetales|Moonblast|p2a: Ursaluna\n|-damage|p2a: Ursaluna|0 fnt\n|faint|p2a: Ursaluna\n|\n|win|Spearstorms\n|c|&|\/uhtml prompt-spearstorms,Spearstorms is ready for game 3!\n","uploadtime":1700943910,"views":12,"p1id":"spearstorms","p2id":"hinkle54","formatid":"gen9vgc2023regulatione","rating":0,"private":0,"password":""}