{"id":"gen9vgc2023regulatione-1997986829","p1":"Bell george chae","p2":"GooberChedder445","format":"[Gen 9] VGC 2023 Regulation E","log":"|j|\u2606Bell george chae\n|j|\u2606GooberChedder445\n|t:|1700875672\n|gametype|doubles\n|player|p1|Bell george chae|hooligans|\n|player|p2|GooberChedder445|iris|\n|teamsize|p1|6\n|teamsize|p2|6\n|gen|9\n|tier|[Gen 9] VGC 2023 Regulation E\n|rated|Tournament battle\n|rule|Species Clause: Limit one of each Pok\u00e9mon\n|rule|Item Clause: Limit one of each item\n|clearpoke\n|poke|p1|Dusclops, L50, M|\n|poke|p1|Glastrier, L50|\n|poke|p1|Indeedee-F, L50, F|\n|poke|p1|Ursaluna-Bloodmoon, L50, M|\n|poke|p1|Amoonguss, L50, M|\n|poke|p1|Armarouge, L50, M|\n|poke|p2|Sinistcha, L50|\n|poke|p2|Landorus-Therian, L50, M|\n|poke|p2|Ursaluna, L50, M|\n|poke|p2|Volcarona, L50, M|\n|poke|p2|Amoonguss, L50, F|\n|poke|p2|Flutter Mane, L50|\n|teampreview|4\n|showteam|p1|Dusclops||Eviolite|Frisk|TrickRoom,HelpingHand,NightShade,WillOWisp|||M|||50|,,,,,Dark]Glastrier||AssaultVest|ChillingNeigh|CloseCombat,IcicleCrash,HighHorsepower,HeavySlam||||||50|,,,,,Fire]Indeedee-F||EjectButton|PsychicSurge|FollowMe,DazzlingGleam,HelpingHand,HealPulse|||F|||50|,,,,,Steel]Ursaluna-Bloodmoon||NormalGem|MindsEye|BloodMoon,HyperVoice,EarthPower,Protect|||M|||50|,,,,,Normal]Amoonguss||RockyHelmet|Regenerator|PollenPuff,Spore,RagePowder,Protect|||M|||50|,,,,,Water]Armarouge||LifeOrb|FlashFire|HeatWave,ExpandingForce,TrickRoom,WideGuard|||M|||50|,,,,,Grass\n|showteam|p2|Sinistcha||EjectButton|Hospitality|RagePowder,MatchaGotcha,StunSpore,TrickRoom||||||50|,,,,,Fire]Landorus-Therian||ChoiceScarf|Intimidate|StompingTantrum,TeraBlast,Uturn,RockSlide|||M|||50|,,,,,Flying]Ursaluna||Leftovers|Guts|Earthquake,RockSlide,Protect,SwordsDance|||M|||50|,,,,,Grass]Volcarona||SitrusBerry|FlameBody|HeatWave,BugBuzz,QuiverDance,Protect|||M|||50|,,,,,Water]Amoonguss||RockyHelmet|Regenerator|PollenPuff,Spore,RagePowder,Protect|||F|||50|,,,,,Water]Flutter Mane||BoosterEnergy|Protosynthesis|Moonblast,ShadowBall,DazzlingGleam,Protect||||||50|,,,,,Fairy\n|inactive|Battle timer is ON: inactive players will automatically lose when time's up. (requested by GooberChedder445)\n|c|\u2606Bell george chae|glhf\n|c|\u2606GooberChedder445|glhf\n|\n|t:|1700875699\n|start\n|switch|p1a: Amoonguss|Amoonguss, L50, M|100\/100\n|switch|p1b: luna|Ursaluna-Bloodmoon, L50, M|100\/100\n|switch|p2a: Biscuit|Ursaluna, L50, M, shiny|100\/100\n|switch|p2b: Libbi|Flutter Mane, L50|100\/100\n|-enditem|p2b: Libbi|Booster Energy\n|-activate|p2b: Libbi|ability: Protosynthesis|[fromitem]\n|-start|p2b: Libbi|protosynthesisspa\n|turn|1\n|j|+Nosnort\n|j| apeship\n|\n|t:|1700875718\n|-terastallize|p1b: luna|Normal\n|-terastallize|p2a: Biscuit|Grass\n|move|p1a: Amoonguss|Rage Powder|p1a: Amoonguss\n|-singleturn|p1a: Amoonguss|move: Rage Powder\n|move|p2b: Libbi|Shadow Ball|p1a: Amoonguss\n|-damage|p1a: Amoonguss|66\/100\n|move|p1b: luna|Blood Moon|p2b: Libbi\n|-enditem|p1b: luna|Normal Gem|[from] gem\n|-damage|p2b: Libbi|0 fnt\n|faint|p2b: Libbi\n|-end|p2b: Libbi|Protosynthesis|[silent]\n|move|p2a: Biscuit|Swords Dance|p2a: Biscuit\n|-boost|p2a: Biscuit|atk|2\n|\n|upkeep\n|\n|t:|1700875731\n|switch|p2b: Xero|Landorus-Therian, L50, M|100\/100\n|-ability|p2b: Xero|Intimidate|boost\n|-unboost|p1a: Amoonguss|atk|1\n|-unboost|p1b: luna|atk|1\n|turn|2\n|inactive|Bell george chae has 30 seconds left.\n|\n|t:|1700875756\n|switch|p1a: Indeedee|Indeedee-F, L50, F|100\/100\n|-fieldstart|move: Psychic Terrain|[from] ability: Psychic Surge|[of] p1a: Indeedee\n|move|p1b: luna|Protect|p1b: luna\n|-singleturn|p1b: luna|Protect\n|move|p2b: Xero|Rock Slide|p1b: luna|[spread] p1a\n|-activate|p1b: luna|move: Protect\n|-damage|p1a: Indeedee|72\/100\n|-enditem|p1a: Indeedee|Eject Button\n|\n|t:|1700875770\n|switch|p1a: blast|Armarouge, L50, M|100\/100\n|move|p2a: Biscuit|Earthquake|p1a: blast|[spread] p1a\n|-activate|p1b: luna|move: Protect\n|-immune|p2b: Xero\n|-supereffective|p1a: blast\n|-crit|p1a: blast\n|-damage|p1a: blast|0 fnt\n|faint|p1a: blast\n|\n|upkeep\n|\n|t:|1700875781\n|switch|p1a: Amoonguss|Amoonguss, L50, M|99\/100\n|turn|3\n|\n|t:|1700875789\n|move|p2b: Xero|Rock Slide|p1a: Amoonguss|[spread] p1a,p1b\n|-damage|p1a: Amoonguss|78\/100\n|-damage|p1b: luna|85\/100\n|move|p1b: luna|Blood Moon|p2a: Biscuit\n|-damage|p2a: Biscuit|14\/100\n|move|p2a: Biscuit|Earthquake|p1b: luna|[spread] p1a,p1b\n|-immune|p2b: Xero\n|-damage|p1a: Amoonguss|0 fnt\n|-damage|p1b: luna|32\/100\n|faint|p1a: Amoonguss\n|\n|-heal|p2a: Biscuit|19\/100|[from] item: Leftovers\n|upkeep\n|j| Red Fang X\n|\n|t:|1700875802\n|switch|p1a: Indeedee|Indeedee-F, L50, F|72\/100\n|turn|4\n|l| apeship\n|\n|t:|1700875821\n|move|p1a: Indeedee|Helping Hand|p1b: luna\n|-singleturn|p1b: luna|Helping Hand|[of] p1a: Indeedee\n|move|p2b: Xero|Rock Slide|p1b: luna|[spread] p1a,p1b\n|-damage|p1a: Indeedee|44\/100\n|-damage|p1b: luna|18\/100\n|move|p1b: luna|Hyper Voice|p2b: Xero|[spread] p2a,p2b\n|-damage|p2a: Biscuit|0 fnt\n|-damage|p2b: Xero|11\/100\n|faint|p2a: Biscuit\n|\n|upkeep\n|\n|t:|1700875832\n|switch|p2a: Chai|Sinistcha, L50|100\/100\n|-heal|p2b: Xero|36\/100|[from] ability: Hospitality|[of] p2a: Chai\n|turn|5\n|\n|t:|1700875840\n|move|p1b: luna|Protect|p1b: luna\n|-singleturn|p1b: luna|Protect\n|move|p2b: Xero|Rock Slide|p1b: luna|[spread] p1a\n|-activate|p1b: luna|move: Protect\n|-damage|p1a: Indeedee|17\/100\n|move|p2a: Chai|Matcha Gotcha|p1a: Indeedee|[spread] p1a\n|-activate|p1b: luna|move: Protect\n|-damage|p1a: Indeedee|2\/100\n|move|p1a: Indeedee|Heal Pulse|p1b: luna\n|-activate|p1b: luna|move: Protect\n|\n|upkeep\n|turn|6\n|-message|Bell george chae forfeited.\n|\n|win|GooberChedder445\n|n|\u2606Bell george chae|bellgeorgechae\n|n|\u2606GooberChedder445|gooberchedder445\n|n| Nosnort|nosnort\n|n| Red Fang X|redfangx\n|l|\u2606Bell george chae\n|l| Red Fang X\n|l| Nosnort\n|l|\u2606GooberChedder445\n|j|\u2606GooberChedder445\n|player|p2|GooberChedder445|iris\n","uploadtime":1700875856,"views":2,"p1id":"bellgeorgechae","p2id":"gooberchedder445","formatid":"gen9vgc2023regulatione","rating":0,"private":0,"password":""}