{"id":"gen9vgc2023regulatione-1991328158","p1":"liamcalles1","p2":"aloalopolisia","format":"[Gen 9] VGC 2023 Regulation E","log":"|j|\u2606liamcalles1\n|j|\u2606aloalopolisia\n|t:|1700067975\n|gametype|doubles\n|player|p1|liamcalles1|265|1556\n|player|p2|aloalopolisia|1|1531\n|teamsize|p1|6\n|teamsize|p2|6\n|gen|9\n|tier|[Gen 9] VGC 2023 Regulation E\n|rated|\n|rule|Species Clause: Limit one of each Pok\u00e9mon\n|rule|Item Clause: Limit one of each item\n|clearpoke\n|poke|p1|Scizor, L50, M|\n|poke|p1|Amoonguss, L50, M|\n|poke|p1|Landorus-Therian, L50, M|\n|poke|p1|Iron Hands, L50|\n|poke|p1|Dondozo, L50, F|\n|poke|p1|Tatsugiri, L50, F|\n|poke|p2|Flutter Mane, L50|\n|poke|p2|Chien-Pao, L50|\n|poke|p2|Dragonite, L50, F|\n|poke|p2|Iron Hands, L50|\n|poke|p2|Chi-Yu, L50|\n|poke|p2|Gyarados, L50, M|\n|teampreview|4\n|inactive|Battle timer is ON: inactive players will automatically lose when time's up. (requested by liamcalles1)\n|inactive|aloalopolisia has 60 seconds left.\n|\n|t:|1700068028\n|start\n|switch|p1a: Dondozo|Dondozo, L50, F|100\/100\n|switch|p1b: Landorus|Landorus-Therian, L50, M|100\/100\n|switch|p2a: Flutter Mane|Flutter Mane, L50|100\/100\n|switch|p2b: Chi-Yu|Chi-Yu, L50|100\/100\n|-ability|p1b: Landorus|Intimidate|boost\n|-unboost|p2a: Flutter Mane|atk|1\n|-unboost|p2b: Chi-Yu|atk|1\n|-ability|p2b: Chi-Yu|Beads of Ruin\n|-enditem|p2a: Flutter Mane|Booster Energy\n|-activate|p2a: Flutter Mane|ability: Protosynthesis|[fromitem]\n|-start|p2a: Flutter Mane|protosynthesisspe\n|turn|1\n|inactive|aloalopolisia has 30 seconds left.\n|inactive|aloalopolisia has 20 seconds left.\n|\n|t:|1700068067\n|switch|p1b: Tatsugiri|Tatsugiri, L50, F|100\/100\n|-activate|p1b: Tatsugiri|ability: Commander|[of] p1a: Dondozo\n|-boost|p1a: Dondozo|atk|2\n|-boost|p1a: Dondozo|spa|2\n|-boost|p1a: Dondozo|spe|2\n|-boost|p1a: Dondozo|def|2\n|-boost|p1a: Dondozo|spd|2\n|move|p2a: Flutter Mane|Icy Wind|p1a: Dondozo|[spread] p1a\n|-miss|p2a: Flutter Mane|p1b: Tatsugiri\n|-resisted|p1a: Dondozo\n|-damage|p1a: Dondozo|96\/100\n|-unboost|p1a: Dondozo|spe|1\n|move|p2b: Chi-Yu|Heat Wave|p1b: Tatsugiri|[spread] \n|-miss|p2b: Chi-Yu|p1b: Tatsugiri\n|-miss|p2b: Chi-Yu|p1a: Dondozo\n|move|p1a: Dondozo|Earthquake|p2a: Flutter Mane|[spread] p2a,p2b\n|-miss|p1a: Dondozo|p1b: Tatsugiri\n|-supereffective|p2b: Chi-Yu\n|-damage|p2a: Flutter Mane|38\/100\n|-damage|p2b: Chi-Yu|8\/100\n|\n|-heal|p1a: Dondozo|100\/100|[from] item: Leftovers\n|upkeep\n|turn|2\n|inactive|liamcalles1 has 30 seconds left.\n|inactive|aloalopolisia has 30 seconds left.\n|\n|t:|1700068101\n|move|p2b: Chi-Yu|Protect|p2b: Chi-Yu\n|-singleturn|p2b: Chi-Yu|Protect\n|move|p2a: Flutter Mane|Moonblast|p1a: Dondozo\n|-damage|p1a: Dondozo|67\/100\n|-unboost|p1a: Dondozo|spa|1\n|move|p1a: Dondozo|Earthquake|p2a: Flutter Mane|[spread] p2a\n|-miss|p1a: Dondozo|p1b: Tatsugiri\n|-activate|p2b: Chi-Yu|move: Protect\n|-damage|p2a: Flutter Mane|0 fnt\n|faint|p2a: Flutter Mane\n|-end|p2a: Flutter Mane|Protosynthesis|[silent]\n|\n|-heal|p1a: Dondozo|73\/100|[from] item: Leftovers\n|upkeep\n|\n|t:|1700068113\n|switch|p2a: Chien-Pao|Chien-Pao, L50|100\/100\n|-ability|p2a: Chien-Pao|Sword of Ruin\n|turn|3\n|j| Playsterco\n|\n|t:|1700068125\n|-terastallize|p1a: Dondozo|Dragon\n|move|p2a: Chien-Pao|Haze|p2a: Chien-Pao\n|-clearallboost\n|move|p2b: Chi-Yu|Dark Pulse|p1a: Dondozo\n|-damage|p1a: Dondozo|0 fnt\n|faint|p1a: Dondozo\n|-damage|p2b: Chi-Yu|0 fnt|[from] item: Life Orb\n|faint|p2b: Chi-Yu\n|\n|upkeep\n|\n|t:|1700068139\n|switch|p2b: Dragonite|Dragonite, L50, F|100\/100\n|switch|p1a: Scizor|Scizor, L50, M|100\/100\n|turn|4\n|inactive|aloalopolisia has 30 seconds left.\n|\n|t:|1700068166\n|-terastallize|p2b: Dragonite|Normal\n|move|p2a: Chien-Pao|Protect|p2a: Chien-Pao\n|-singleturn|p2a: Chien-Pao|Protect\n|move|p1b: Tatsugiri|Muddy Water|p2b: Dragonite|[spread] p2b\n|-activate|p2a: Chien-Pao|move: Protect\n|-damage|p2b: Dragonite|70\/100\n|move|p2b: Dragonite|Outrage|p1a: Scizor\n|-resisted|p1a: Scizor\n|-damage|p1a: Scizor|31\/100\n|move|p1a: Scizor|Swords Dance|p1a: Scizor\n|-boost|p1a: Scizor|atk|2\n|\n|upkeep\n|turn|5\n|\n|t:|1700068185\n|move|p2a: Chien-Pao|Sucker Punch|p1a: Scizor\n|-damage|p1a: Scizor|0 fnt\n|faint|p1a: Scizor\n|move|p1b: Tatsugiri|Muddy Water|p2a: Chien-Pao|[spread] p2a,p2b\n|-damage|p2a: Chien-Pao|42\/100\n|-damage|p2b: Dragonite|38\/100\n|move|p2b: Dragonite|Outrage|p1b: Tatsugiri|[from]lockedmove\n|-supereffective|p1b: Tatsugiri\n|-enditem|p1b: Tatsugiri|Focus Sash\n|-damage|p1b: Tatsugiri|1\/100\n|\n|upkeep\n|\n|t:|1700068198\n|switch|p1a: Landorus|Landorus-Therian, L50, M|100\/100\n|-ability|p1a: Landorus|Intimidate|boost\n|-unboost|p2a: Chien-Pao|atk|1\n|-fail|p2b: Dragonite|unboost|Attack|[from] ability: Inner Focus|[of] p2b: Dragonite\n|turn|6\n|inactive|aloalopolisia has 30 seconds left.\n|inactive|aloalopolisia has 20 seconds left.\n|\n|t:|1700068238\n|move|p1a: Landorus|Protect|p1a: Landorus\n|-singleturn|p1a: Landorus|Protect\n|move|p2a: Chien-Pao|Sucker Punch|p1b: Tatsugiri\n|-damage|p1b: Tatsugiri|0 fnt\n|faint|p1b: Tatsugiri\n|move|p2b: Dragonite|Outrage|p1a: Landorus|[from]lockedmove\n|-activate|p1a: Landorus|move: Protect\n|-start|p2b: Dragonite|confusion|[fatigue]\n|\n|upkeep\n|turn|7\n|\n|t:|1700068256\n|move|p2a: Chien-Pao|Ice Spinner|p1a: Landorus\n|-supereffective|p1a: Landorus\n|-damage|p1a: Landorus|0 fnt\n|-damage|p2a: Chien-Pao|26\/100|[from] item: Rocky Helmet|[of] p1a: Landorus\n|faint|p1a: Landorus\n|\n|win|aloalopolisia\n|raw|liamcalles1's rating: 1556 &rarr; <strong>1535<\/strong><br \/>(-21 for losing)\n|raw|aloalopolisia's rating: 1531 &rarr; <strong>1552<\/strong><br \/>(+21 for winning)\n|l|\u2606liamcalles1\n|l|\u2606aloalopolisia\n","uploadtime":1700068365,"views":18,"p1id":"liamcalles1","p2id":"aloalopolisia","formatid":"gen9vgc2023regulatione","rating":1535,"private":0,"password":""}