{"id":"gen9vgc2023regulatione-1989920936","p1":"AreMine","p2":"Ozwald McFly","format":"[Gen 9] VGC 2023 Regulation E","log":"|j|\u2606AreMine\n|j|\u2606Ozwald McFly\n|t:|1699906875\n|gametype|doubles\n|player|p1|AreMine|266|1095\n|player|p2|Ozwald McFly|2|1198\n|teamsize|p1|6\n|teamsize|p2|6\n|gen|9\n|tier|[Gen 9] VGC 2023 Regulation E\n|rated|\n|rule|Species Clause: Limit one of each Pok\u00e9mon\n|rule|Item Clause: Limit one of each item\n|clearpoke\n|poke|p1|Flutter Mane, L50|\n|poke|p1|Dipplin, L50, F|\n|poke|p1|Ninetales, L50, M|\n|poke|p1|Lilligant-Hisui, L50, F|\n|poke|p1|Ogerpon-Hearthflame, L50, F|\n|poke|p1|Tornadus, L50, M|\n|poke|p2|Noctowl, L50, F|\n|poke|p2|Sandy Shocks, L50|\n|poke|p2|Espeon, L50, F|\n|poke|p2|Indeedee-F, L50, F|\n|poke|p2|Iron Hands, L50|\n|poke|p2|Decidueye-Hisui, L50, M|\n|teampreview|4\n|\n|t:|1699906907\n|start\n|switch|p1a: Ninetales|Ninetales, L50, M|100\/100\n|switch|p1b: Lilligant|Lilligant-Hisui, L50, F|100\/100\n|switch|p2a: Iron Hands|Iron Hands, L50|100\/100\n|switch|p2b: Indeedee|Indeedee-F, L50, F|100\/100\n|-weather|SunnyDay|[from] ability: Drought|[of] p1a: Ninetales\n|-fieldstart|move: Psychic Terrain|[from] ability: Psychic Surge|[of] p2b: Indeedee\n|turn|1\n|\n|t:|1699906938\n|-terastallize|p2a: Iron Hands|Fire\n|move|p1b: Lilligant|Sleep Powder|p2b: Indeedee\n|-status|p2b: Indeedee|slp|[from] move: Sleep Powder\n|move|p1a: Ninetales|Will-O-Wisp|p2a: Iron Hands\n|-immune|p2a: Iron Hands\n|move|p2a: Iron Hands|Drain Punch|p1a: Ninetales\n|-damage|p1a: Ninetales|31\/100\n|-enditem|p1a: Ninetales|Eject Button\n|\n|t:|1699906947\n|switch|p1a: Flutter Mane|Flutter Mane, L50|100\/100\n|-activate|p1a: Flutter Mane|ability: Protosynthesis\n|-start|p1a: Flutter Mane|protosynthesisspa\n|cant|p2b: Indeedee|slp\n|\n|-weather|SunnyDay|[upkeep]\n|upkeep\n|turn|2\n|\n|t:|1699906965\n|move|p1b: Lilligant|Sleep Powder|p2a: Iron Hands|[miss]\n|-miss|p1b: Lilligant|p2a: Iron Hands\n|move|p1a: Flutter Mane|Shadow Ball|p2a: Iron Hands\n|-damage|p2a: Iron Hands|52\/100\n|move|p2a: Iron Hands|Heavy Slam|p1a: Flutter Mane\n|-supereffective|p1a: Flutter Mane\n|-damage|p1a: Flutter Mane|0 fnt\n|faint|p1a: Flutter Mane\n|-end|p1a: Flutter Mane|Protosynthesis|[silent]\n|cant|p2b: Indeedee|slp\n|\n|-weather|SunnyDay|[upkeep]\n|upkeep\n|\n|t:|1699906974\n|switch|p1a: Ogerpon|Ogerpon-Hearthflame, L50, F|100\/100\n|-ability|p1a: Ogerpon|Mold Breaker\n|turn|3\n|\n|t:|1699906990\n|-terastallize|p1a: Ogerpon|Fire\n|detailschange|p1a: Ogerpon|Ogerpon-Hearthflame-Tera, L50, F, tera:Fire\n|-ability|p1a: Ogerpon|Embody Aspect (Hearthflame)|boost\n|-boost|p1a: Ogerpon|atk|1\n|move|p1b: Lilligant|Victory Dance|p1b: Lilligant\n|-boost|p1b: Lilligant|atk|1\n|-boost|p1b: Lilligant|def|1\n|-boost|p1b: Lilligant|spe|1\n|move|p1a: Ogerpon|Ivy Cudgel|p2b: Indeedee\n|-damage|p2b: Indeedee|0 fnt\n|faint|p2b: Indeedee\n|move|p2a: Iron Hands|Earthquake|p1b: Lilligant|[spread] p1a,p1b\n|-supereffective|p1a: Ogerpon\n|-resisted|p1b: Lilligant\n|-damage|p1a: Ogerpon|37\/100\n|-damage|p1b: Lilligant|84\/100\n|\n|-weather|SunnyDay|[upkeep]\n|upkeep\n|\n|t:|1699907015\n|switch|p2b: Decidueye|Decidueye-Hisui, L50, M, shiny|100\/100\n|turn|4\n|\n|t:|1699907026\n|move|p2b: Decidueye|Protect|p2b: Decidueye\n|-singleturn|p2b: Decidueye|Protect\n|move|p1b: Lilligant|Close Combat|p2a: Iron Hands\n|-damage|p2a: Iron Hands|0 fnt\n|-unboost|p1b: Lilligant|def|1\n|-unboost|p1b: Lilligant|spd|1\n|faint|p2a: Iron Hands\n|-end|p2a: Iron Hands|Quark Drive|[silent]\n|move|p1a: Ogerpon|Ivy Cudgel|p2b: Decidueye\n|-activate|p2b: Decidueye|move: Protect\n|\n|-weather|SunnyDay|[upkeep]\n|upkeep\n|inactive|Battle timer is ON: inactive players will automatically lose when time's up. (requested by AreMine)\n|\n|t:|1699907039\n|switch|p2a: Espeon|Espeon, L50, F|100\/100\n|turn|5\n|\n|t:|1699907049\n|move|p1b: Lilligant|Solar Blade||[still]\n|-prepare|p1b: Lilligant|Solar Blade\n|-anim|p1b: Lilligant|Solar Blade|p2a: Espeon\n|-enditem|p2a: Espeon|Focus Sash\n|-damage|p2a: Espeon|1\/100\n|move|p1a: Ogerpon|Ivy Cudgel|p2b: Decidueye\n|-supereffective|p2b: Decidueye\n|-damage|p2b: Decidueye|0 fnt\n|faint|p2b: Decidueye\n|move|p2a: Espeon|Psychic|p1b: Lilligant\n|-supereffective|p1b: Lilligant\n|-damage|p1b: Lilligant|0 fnt\n|faint|p1b: Lilligant\n|\n|-weather|none\n|-fieldend|move: Psychic Terrain\n|upkeep\n|\n|t:|1699907054\n|switch|p1b: Ninetales|Ninetales, L50, M|31\/100\n|-weather|SunnyDay|[from] ability: Drought|[of] p1b: Ninetales\n|turn|6\n|\n|t:|1699907070\n|move|p1a: Ogerpon|Ivy Cudgel|p2a: Espeon\n|-crit|p2a: Espeon\n|-damage|p2a: Espeon|0 fnt\n|faint|p2a: Espeon\n|\n|win|AreMine\n|raw|AreMine's rating: 1095 &rarr; <strong>1128<\/strong><br \/>(+33 for winning)\n|raw|Ozwald McFly's rating: 1198 &rarr; <strong>1166<\/strong><br \/>(-32 for losing)\n|l|\u2606AreMine\n","uploadtime":1699907099,"views":8,"p1id":"aremine","p2id":"ozwaldmcfly","formatid":"gen9vgc2023regulatione","rating":1128,"private":0,"password":""}