{"id":"gen9vgc2023regulatione-2000046438","p1":"bobforte22","p2":"quazafuzzled","format":"[Gen 9] VGC 2023 Regulation E","log":"|j|\u2606bobforte22\n|j|\u2606quazafuzzled\n|t:|1701145638\n|gametype|doubles\n|player|p1|bobforte22|pilot|1088\n|player|p2|quazafuzzled|erika|1110\n|teamsize|p1|6\n|teamsize|p2|6\n|gen|9\n|tier|[Gen 9] VGC 2023 Regulation E\n|rated|\n|rule|Species Clause: Limit one of each Pok\u00e9mon\n|rule|Item Clause: Limit one of each item\n|clearpoke\n|poke|p1|Baxcalibur, L50, M|\n|poke|p1|Ninetales-Alola, L50, F|\n|poke|p1|Dragonite, L50, M|\n|poke|p1|Landorus-Therian, L50, M|\n|poke|p1|Ceruledge, L50, F|\n|poke|p1|Articuno, L50|\n|poke|p2|Sandslash-Alola, L50, F|\n|poke|p2|Tornadus, L50, M|\n|poke|p2|Tauros-Paldea-Blaze, L50, M|\n|poke|p2|Sinistcha, L50|\n|poke|p2|Ninetales-Alola, L50, F|\n|poke|p2|Gastrodon, L50, M|\n|teampreview|4\n|inactive|Battle timer is ON: inactive players will automatically lose when time's up. (requested by quazafuzzled)\n|\n|t:|1701145660\n|start\n|switch|p1a: Dragonite|Dragonite, L50, M|100\/100\n|switch|p1b: Articuno|Articuno, L50, shiny|100\/100\n|switch|p2a: Bouncer|Tornadus, L50, M|100\/100\n|switch|p2b: Raver|Tauros-Paldea-Blaze, L50, M, shiny|100\/100\n|-ability|p2b: Raver|Intimidate|boost\n|-fail|p1a: Dragonite|unboost|Attack|[from] ability: Inner Focus|[of] p1a: Dragonite\n|-unboost|p1b: Articuno|atk|1\n|turn|1\n|inactive|quazafuzzled has 30 seconds left.\n|inactive|quazafuzzled has 20 seconds left.\n|\n|t:|1701145699\n|move|p1b: Articuno|Protect|p1b: Articuno\n|-singleturn|p1b: Articuno|Protect\n|move|p2a: Bouncer|Tailwind|p2a: Bouncer\n|-sidestart|p2: quazafuzzled|move: Tailwind\n|move|p2b: Raver|Raging Bull|p1b: Articuno\n|-activate|p1b: Articuno|move: Protect\n|move|p1a: Dragonite|Aerial Ace|p2b: Raver\n|-supereffective|p2b: Raver\n|-damage|p2b: Raver|0 fnt\n|faint|p2b: Raver\n|\n|upkeep\n|\n|t:|1701145713\n|switch|p2b: Bartender|Sandslash-Alola, L50, F|100\/100\n|turn|2\n|\n|t:|1701145727\n|switch|p1a: Ninetales|Ninetales-Alola, L50, F|100\/100\n|-weather|Snow|[from] ability: Snow Warning|[of] p1a: Ninetales\n|move|p2b: Bartender|Iron Head|p1b: Articuno\n|-supereffective|p1b: Articuno\n|-crit|p1b: Articuno\n|-damage|p1b: Articuno|30\/100\n|-damage|p2b: Bartender|91\/100|[from] item: Life Orb\n|move|p2a: Bouncer|Bleakwind Storm|p1a: Ninetales|[spread] p1a,p1b\n|-damage|p1a: Ninetales|68\/100\n|-damage|p1b: Articuno|9\/100\n|move|p1b: Articuno|Blizzard|p2b: Bartender|[spread] p2a,p2b\n|-supereffective|p2a: Bouncer\n|-resisted|p2b: Bartender\n|-damage|p2a: Bouncer|57\/100\n|-damage|p2b: Bartender|81\/100\n|\n|-weather|Snow|[upkeep]\n|upkeep\n|turn|3\n|inactive|bobforte22 has 30 seconds left.\n|\n|t:|1701145755\n|move|p2b: Bartender|Iron Head|p1a: Ninetales\n|-supereffective|p1a: Ninetales\n|-damage|p1a: Ninetales|0 fnt\n|faint|p1a: Ninetales\n|-damage|p2b: Bartender|71\/100|[from] item: Life Orb\n|move|p2a: Bouncer|Bleakwind Storm|p1b: Articuno\n|-damage|p1b: Articuno|0 fnt\n|faint|p1b: Articuno\n|\n|-weather|Snow|[upkeep]\n|upkeep\n|\n|t:|1701145758\n|switch|p1a: Dragonite|Dragonite, L50, M|100\/100\n|switch|p1b: Ceruledge|Ceruledge, L50, F|100\/100\n|turn|4\n|inactive|quazafuzzled has 30 seconds left.\n|\n|t:|1701145784\n|-terastallize|p2b: Bartender|Dark\n|-terastallize|p1a: Dragonite|Normal\n|move|p1a: Dragonite|Extreme Speed|p2a: Bouncer\n|-damage|p2a: Bouncer|0 fnt\n|faint|p2a: Bouncer\n|move|p2b: Bartender|Knock Off|p1b: Ceruledge\n|-supereffective|p1b: Ceruledge\n|-damage|p1b: Ceruledge|0 fnt\n|-enditem|p1b: Ceruledge|Life Orb|[from] move: Knock Off|[of] p2b: Bartender\n|faint|p1b: Ceruledge\n|-damage|p2b: Bartender|61\/100|[from] item: Life Orb\n|\n|-weather|Snow|[upkeep]\n|-sideend|p2: quazafuzzled|move: Tailwind\n|upkeep\n|\n|t:|1701145796\n|switch|p2a: Cleaner|Gastrodon, L50, M|100\/100\n|turn|5\n|inactive|quazafuzzled has 30 seconds left.\n|\n|t:|1701145826\n|move|p1a: Dragonite|Extreme Speed|p2b: Bartender\n|-damage|p2b: Bartender|0 fnt\n|faint|p2b: Bartender\n|move|p2a: Cleaner|Earth Power|p1a: Dragonite\n|-damage|p1a: Dragonite|66\/100\n|\n|-weather|Snow|[upkeep]\n|upkeep\n|turn|6\n|\n|t:|1701145839\n|move|p1a: Dragonite|Extreme Speed|p2a: Cleaner\n|-damage|p2a: Cleaner|30\/100\n|move|p2a: Cleaner|Muddy Water|p1a: Dragonite\n|-damage|p1a: Dragonite|34\/100\n|-unboost|p1a: Dragonite|accuracy|1\n|\n|-weather|none\n|upkeep\n|turn|7\n|\n|t:|1701145849\n|move|p1a: Dragonite|Extreme Speed|p2a: Cleaner\n|-damage|p2a: Cleaner|0 fnt\n|faint|p2a: Cleaner\n|\n|win|bobforte22\n|raw|bobforte22's rating: 1088 &rarr; <strong>1116<\/strong><br \/>(+28 for winning)\n|raw|quazafuzzled's rating: 1110 &rarr; <strong>1083<\/strong><br \/>(-27 for losing)\n","uploadtime":1701145856,"views":2,"p1id":"bobforte22","p2id":"quazafuzzled","formatid":"gen9vgc2023regulatione","rating":1083,"private":0,"password":""}