{"id":"gen9vgc2023regulatione-1994487970","p1":"Jdn-2925","p2":"blazingfox4","format":"[Gen 9] VGC 2023 Regulation E","log":"|j|\u2606Jdn-2925\n|j|\u2606blazingfox4\n|t:|1700449742\n|gametype|doubles\n|player|p1|Jdn-2925|265|1325\n|player|p2|blazingfox4|blackbelt-gen4|1235\n|teamsize|p1|6\n|teamsize|p2|6\n|gen|9\n|tier|[Gen 9] VGC 2023 Regulation E\n|rated|\n|rule|Species Clause: Limit one of each Pok\u00e9mon\n|rule|Item Clause: Limit one of each item\n|clearpoke\n|poke|p1|Flutter Mane, L50|\n|poke|p1|Arcanine-Hisui, L50, M|\n|poke|p1|Iron Hands, L50|\n|poke|p1|Grimmsnarl, L50, M|\n|poke|p1|Ogerpon-Wellspring, L50, F|\n|poke|p1|Rillaboom, L50, M|\n|poke|p2|Urshifu-*, L50, F|\n|poke|p2|Flutter Mane, L50|\n|poke|p2|Arcanine-Hisui, L50, M|\n|poke|p2|Iron Hands, L50|\n|poke|p2|Landorus-Therian, L50, M|\n|poke|p2|Tornadus, L50, M|\n|teampreview|4\n|inactive|Battle timer is ON: inactive players will automatically lose when time's up. (requested by blazingfox4)\n|inactive|Jdn-2925 has 60 seconds left.\n|inactive|blazingfox4 has 60 seconds left.\nblazingfox4 rejected open team sheets.\n|\n|t:|1700449801\n|start\n|switch|p1a: Iron Hands|Iron Hands, L50|100\/100\n|switch|p1b: Grimmsnarl|Grimmsnarl, L50, M|100\/100\n|switch|p2a: Iron Hands|Iron Hands, L50|100\/100\n|switch|p2b: Urshifu|Urshifu-Rapid-Strike, L50, F|100\/100\n|turn|1\n|inactive|Jdn-2925 has 30 seconds left.\n|\n|t:|1700449826\n|move|p2b: Urshifu|Detect|p2b: Urshifu\n|-singleturn|p2b: Urshifu|Protect\n|move|p1b: Grimmsnarl|Reflect|p1b: Grimmsnarl\n|-sidestart|p1: Jdn-2925|Reflect\n|move|p1a: Iron Hands|Wild Charge|p2b: Urshifu\n|-activate|p2b: Urshifu|move: Protect\n|move|p2a: Iron Hands|Heavy Slam|p1b: Grimmsnarl\n|-supereffective|p1b: Grimmsnarl\n|-damage|p1b: Grimmsnarl|43\/100\n|\n|upkeep\n|turn|2\n|inactive|Jdn-2925 has 30 seconds left.\n|\n|t:|1700449853\n|switch|p2b: Landorus|Landorus-Therian, L50, M|100\/100\n|-ability|p2b: Landorus|Intimidate|boost\n|-unboost|p1a: Iron Hands|atk|1\n|-unboost|p1b: Grimmsnarl|atk|1\n|move|p1b: Grimmsnarl|Parting Shot|p2a: Iron Hands\n|-unboost|p2a: Iron Hands|atk|1\n|-unboost|p2a: Iron Hands|spa|1\n|\n|t:|1700449865\n|switch|p1b: Arcanine|Arcanine-Hisui, L50, M|100\/100|[from] Parting Shot\n|-ability|p1b: Arcanine|Intimidate|boost\n|-unboost|p2a: Iron Hands|atk|1\n|-unboost|p2b: Landorus|atk|1\n|move|p2a: Iron Hands|Heavy Slam|p1b: Arcanine\n|-damage|p1b: Arcanine|93\/100\n|move|p1a: Iron Hands|Wild Charge|p2b: Landorus\n|-immune|p2b: Landorus\n|\n|upkeep\n|turn|3\n|inactive|Jdn-2925 has 30 seconds left.\n|inactive|Jdn-2925 has 20 seconds left.\n|\n|t:|1700449901\n|-end|p2a: Iron Hands|Quark Drive|[silent]\n|switch|p2a: Urshifu|Urshifu-Rapid-Strike, L50, F|100\/100\n|-terastallize|p1b: Arcanine|Normal\n|move|p1b: Arcanine|Extreme Speed|p2b: Landorus\n|-damage|p2b: Landorus|20\/100\n|move|p2b: Landorus|Stomping Tantrum|p1b: Arcanine\n|-crit|p1b: Arcanine\n|-damage|p1b: Arcanine|17\/100\n|move|p1a: Iron Hands|Swords Dance|p1a: Iron Hands\n|-boost|p1a: Iron Hands|atk|2\n|\n|upkeep\n|turn|4\n|inactive|Jdn-2925 has 30 seconds left.\n|\n|t:|1700449933\n|switch|p2b: Flutter Mane|Flutter Mane, L50|100\/100\n|-enditem|p2b: Flutter Mane|Booster Energy\n|-activate|p2b: Flutter Mane|ability: Protosynthesis|[fromitem]\n|-start|p2b: Flutter Mane|protosynthesisspe\n|move|p2a: Urshifu|Detect|p2a: Urshifu\n|-singleturn|p2a: Urshifu|Protect\n|move|p1b: Arcanine|Extreme Speed|p2b: Flutter Mane\n|-immune|p2b: Flutter Mane\n|move|p1a: Iron Hands|Wild Charge|p2a: Urshifu\n|-activate|p2a: Urshifu|move: Protect\n|\n|upkeep\n|turn|5\n|inactive|blazingfox4 has 30 seconds left.\n|\n|t:|1700449960\n|switch|p2a: Landorus|Landorus-Therian, L50, M|20\/100\n|-ability|p2a: Landorus|Intimidate|boost\n|-unboost|p1a: Iron Hands|atk|1\n|-unboost|p1b: Arcanine|atk|1\n|move|p1a: Iron Hands|Protect|p1a: Iron Hands\n|-singleturn|p1a: Iron Hands|Protect\n|move|p1b: Arcanine|Extreme Speed|p2a: Landorus\n|-crit|p2a: Landorus\n|-damage|p2a: Landorus|0 fnt\n|faint|p2a: Landorus\n|move|p2b: Flutter Mane|Moonblast|p1a: Iron Hands\n|-activate|p1a: Iron Hands|move: Protect\n|\n|upkeep\n|\n|t:|1700449971\n|switch|p2a: Iron Hands|Iron Hands, L50|100\/100\n|turn|6\n|inactive|Jdn-2925 has 30 seconds left.\n|\n|t:|1700449999\n|-end|p1a: Iron Hands|Quark Drive|[silent]\n|switch|p1a: Flutter Mane|Flutter Mane, L50|100\/100\n|move|p2a: Iron Hands|Fake Out|p1b: Arcanine\n|-damage|p1b: Arcanine|8\/100\n|cant|p1b: Arcanine|flinch\n|move|p2b: Flutter Mane|Moonblast|p1a: Flutter Mane\n|-damage|p1a: Flutter Mane|56\/100\n|\n|upkeep\n|turn|7\n|\n|t:|1700450016\n|move|p1b: Arcanine|Extreme Speed|p2a: Iron Hands\n|-damage|p2a: Iron Hands|73\/100\n|move|p2b: Flutter Mane|Icy Wind|p1a: Flutter Mane|[spread] p1a,p1b\n|-damage|p1a: Flutter Mane|42\/100\n|-damage|p1b: Arcanine|0 fnt\n|-unboost|p1a: Flutter Mane|spe|1\n|faint|p1b: Arcanine\n|move|p1a: Flutter Mane|Dazzling Gleam|p2a: Iron Hands|[spread] p2a,p2b\n|-supereffective|p2a: Iron Hands\n|-damage|p2a: Iron Hands|30\/100\n|-damage|p2b: Flutter Mane|65\/100\n|move|p2a: Iron Hands|Heavy Slam|p1a: Flutter Mane\n|-supereffective|p1a: Flutter Mane\n|-damage|p1a: Flutter Mane|0 fnt\n|faint|p1a: Flutter Mane\n|-end|p1a: Flutter Mane|Protosynthesis|[silent]\n|\n|upkeep\n|\n|t:|1700450033\n|switch|p1a: Iron Hands|Iron Hands, L50|100\/100\n|switch|p1b: Grimmsnarl|Grimmsnarl, L50, M|43\/100\n|turn|8\n|\n|t:|1700450051\n|-end|p2a: Iron Hands|Quark Drive|[silent]\n|switch|p2a: Urshifu|Urshifu-Rapid-Strike, L50, F|100\/100\n|move|p1b: Grimmsnarl|Light Screen|p1b: Grimmsnarl\n|-sidestart|p1: Jdn-2925|move: Light Screen\n|move|p2b: Flutter Mane|Moonblast|p1b: Grimmsnarl\n|-supereffective|p1b: Grimmsnarl\n|-damage|p1b: Grimmsnarl|0 fnt\n|faint|p1b: Grimmsnarl\n|move|p1a: Iron Hands|Wild Charge|p2b: Flutter Mane\n|-damage|p2b: Flutter Mane|0 fnt\n|faint|p2b: Flutter Mane\n|-end|p2b: Flutter Mane|Protosynthesis|[silent]\n|-damage|p1a: Iron Hands|91\/100|[from] Recoil\n|\n|-heal|p1a: Iron Hands|97\/100|[from] item: Leftovers\n|-sideend|p1: Jdn-2925|Reflect\n|upkeep\n|\n|t:|1700450061\n|switch|p2b: Iron Hands|Iron Hands, L50|30\/100\n|turn|9\n|\n|t:|1700450071\n|-terastallize|p2a: Urshifu|Water\n|move|p2b: Iron Hands|Fake Out|p1a: Iron Hands\n|-damage|p1a: Iron Hands|88\/100\n|move|p2a: Urshifu|Surging Strikes|p1a: Iron Hands\n|-crit|p1a: Iron Hands\n|-damage|p1a: Iron Hands|65\/100\n|-crit|p1a: Iron Hands\n|-damage|p1a: Iron Hands|43\/100\n|-crit|p1a: Iron Hands\n|-damage|p1a: Iron Hands|20\/100\n|-hitcount|p1a: Iron Hands|3\n|cant|p1a: Iron Hands|flinch\n|\n|-heal|p1a: Iron Hands|26\/100|[from] item: Leftovers\n|upkeep\n|turn|10\n|\n|t:|1700450087\n|move|p2a: Urshifu|Surging Strikes|p1a: Iron Hands\n|-crit|p1a: Iron Hands\n|-damage|p1a: Iron Hands|4\/100\n|-crit|p1a: Iron Hands\n|-damage|p1a: Iron Hands|0 fnt\n|faint|p1a: Iron Hands\n|-end|p1a: Iron Hands|Quark Drive|[silent]\n|-hitcount|p1: Iron Hands|2\n|\n|win|blazingfox4\n|raw|Jdn-2925's rating: 1325 &rarr; <strong>1300<\/strong><br \/>(-25 for losing)\n|raw|blazingfox4's rating: 1235 &rarr; <strong>1266<\/strong><br \/>(+31 for winning)\n|l|\u2606Jdn-2925\n","uploadtime":1700450254,"views":8,"p1id":"jdn2925","p2id":"blazingfox4","formatid":"gen9vgc2023regulatione","rating":1266,"private":0,"password":""}