{"id":"gen9vgc2023regulatione-1995297164","p1":"supaflytnt","p2":"perceived slight","format":"[Gen 9] VGC 2023 Regulation E","log":"|j|\u2606supaflytnt\n|j|\u2606perceived slight\n|t:|1700549005\n|gametype|doubles\n|player|p1|supaflytnt|170|1428\n|player|p2|perceived slight|ninjaboy|1529\n|teamsize|p1|6\n|teamsize|p2|6\n|gen|9\n|tier|[Gen 9] VGC 2023 Regulation E\n|rated|\n|rule|Species Clause: Limit one of each Pok\u00e9mon\n|rule|Item Clause: Limit one of each item\n|clearpoke\n|poke|p1|Urshifu-*, L50, M|\n|poke|p1|Arcanine-Hisui, L50, F|\n|poke|p1|Tornadus, L50, M|\n|poke|p1|Gholdengo, L50|\n|poke|p1|Amoonguss, L50, F|\n|poke|p1|Iron Hands, L50|\n|poke|p2|Heatran, L50, M|\n|poke|p2|Corviknight, L50, F|\n|poke|p2|Amoonguss, L50, F|\n|poke|p2|Urshifu-*, L50, M|\n|poke|p2|Dragapult, L50, M|\n|poke|p2|Ting-Lu, L50|\n|teampreview|4\nsupaflytnt has agreed to open team sheets.\n|\n|t:|1700549057\n|start\n|switch|p1a: E. Honda|Iron Hands, L50, shiny|100\/100\n|switch|p1b: Fu Manchu|Urshifu-Rapid-Strike, L50, M|100\/100\n|switch|p2a: Dragapult|Dragapult, L50, M|100\/100\n|switch|p2b: Amoonguss|Amoonguss, L50, F|100\/100\n|turn|1\n|\n|t:|1700549077\n|move|p1a: E. Honda|Fake Out|p2b: Amoonguss\n|-damage|p2b: Amoonguss|88\/100\n|-damage|p1a: E. Honda|84\/100|[from] item: Rocky Helmet|[of] p2b: Amoonguss\n|move|p2a: Dragapult|Will-O-Wisp|p1b: Fu Manchu|[miss]\n|-miss|p2a: Dragapult|p1b: Fu Manchu\n|move|p1b: Fu Manchu|Surging Strikes|p2a: Dragapult\n|-resisted|p2a: Dragapult\n|-crit|p2a: Dragapult\n|-damage|p2a: Dragapult|86\/100\n|-resisted|p2a: Dragapult\n|-crit|p2a: Dragapult\n|-damage|p2a: Dragapult|71\/100\n|-resisted|p2a: Dragapult\n|-crit|p2a: Dragapult\n|-damage|p2a: Dragapult|56\/100\n|-hitcount|p2a: Dragapult|3\n|cant|p2b: Amoonguss|flinch\n|\n|upkeep\n|turn|2\n|\n|t:|1700549102\n|switch|p1b: 1-Up|Amoonguss, L50, F|100\/100\n|-end|p1a: E. Honda|Quark Drive|[silent]\n|switch|p1a: Gholdman Sachs|Gholdengo, L50|100\/100\n|move|p2b: Amoonguss|Rage Powder|p2b: Amoonguss\n|-singleturn|p2b: Amoonguss|move: Rage Powder\n|move|p2a: Dragapult|Will-O-Wisp|p1a: Gholdman Sachs\n|-immune|p1a: Gholdman Sachs|[from] ability: Good as Gold\n|\n|upkeep\n|turn|3\n|\n|t:|1700549116\n|switch|p2b: Heatran|Heatran, L50, M|100\/100\n|move|p2a: Dragapult|Protect|p2a: Dragapult\n|-singleturn|p2a: Dragapult|Protect\n|move|p1b: 1-Up|Rage Powder|p1b: 1-Up\n|-singleturn|p1b: 1-Up|move: Rage Powder\n|move|p1a: Gholdman Sachs|Nasty Plot|p1a: Gholdman Sachs\n|-boost|p1a: Gholdman Sachs|spa|2\n|\n|upkeep\n|turn|4\n|\n|t:|1700549144\n|switch|p1b: E. Honda|Iron Hands, L50, shiny|84\/100\n|move|p1a: Gholdman Sachs|Protect|p1a: Gholdman Sachs\n|-singleturn|p1a: Gholdman Sachs|Protect\n|move|p2a: Dragapult|Dragon Darts|p1b: E. Honda\n|-damage|p1b: E. Honda|66\/100\n|-anim|p2a: Dragapult|Dragon Darts|p1b: E. Honda\n|-damage|p1b: E. Honda|48\/100\n|move|p2b: Heatran|Heat Wave|p1b: E. Honda|[spread] p1b\n|-activate|p1a: Gholdman Sachs|move: Protect\n|-damage|p1b: E. Honda|25\/100\n|\n|upkeep\n|turn|5\n|\n|t:|1700549175\n|switch|p2b: Ting-Lu|Ting-Lu, L50|100\/100\n|-ability|p2b: Ting-Lu|Vessel of Ruin\n|-end|p1b: E. Honda|Quark Drive|[silent]\n|switch|p1b: 1-Up|Amoonguss, L50, F|100\/100\n|move|p2a: Dragapult|Protect|p2a: Dragapult\n|-singleturn|p2a: Dragapult|Protect\n|move|p1a: Gholdman Sachs|Nasty Plot|p1a: Gholdman Sachs\n|-boost|p1a: Gholdman Sachs|spa|2\n|\n|upkeep\n|turn|6\n|\n|t:|1700549225\n|switch|p2a: Heatran|Heatran, L50, M|100\/100\n|switch|p2b: Amoonguss|Amoonguss, L50, F|100\/100\n|move|p1a: Gholdman Sachs|Protect|p1a: Gholdman Sachs\n|-singleturn|p1a: Gholdman Sachs|Protect\n|move|p1b: 1-Up|Spore|p2b: Amoonguss\n|-immune|p2b: Amoonguss\n|\n|upkeep\n|turn|7\n|\n|t:|1700549250\n|switch|p2b: Ting-Lu|Ting-Lu, L50|100\/100\n|-ability|p2b: Ting-Lu|Vessel of Ruin\n|-terastallize|p1a: Gholdman Sachs|Dragon\n|-terastallize|p2a: Heatran|Fairy\n|move|p1b: 1-Up|Protect|p1b: 1-Up\n|-singleturn|p1b: 1-Up|Protect\n|move|p1a: Gholdman Sachs|Shadow Ball|p2a: Heatran\n|-damage|p2a: Heatran|35\/100\n|move|p2a: Heatran|Tera Blast|p1a: Gholdman Sachs|[anim] Tera Blast Fairy\n|-supereffective|p1a: Gholdman Sachs\n|-damage|p1a: Gholdman Sachs|30\/100\n|\n|-heal|p1a: Gholdman Sachs|35\/100|[from] item: Leftovers\n|upkeep\n|turn|8\n|\n|t:|1700549286\n|move|p1a: Gholdman Sachs|Make It Rain|p2b: Ting-Lu|[spread] p2a,p2b\n|-supereffective|p2a: Heatran\n|-damage|p2a: Heatran|0 fnt\n|-damage|p2b: Ting-Lu|6\/100\n|-unboost|p1a: Gholdman Sachs|spa|1\n|-enditem|p2b: Ting-Lu|Sitrus Berry|[eat]\n|-heal|p2b: Ting-Lu|31\/100|[from] item: Sitrus Berry\n|faint|p2a: Heatran\n|move|p1b: 1-Up|Spore|p2b: Ting-Lu\n|-status|p2b: Ting-Lu|slp|[from] move: Spore\n|cant|p2b: Ting-Lu|slp\n|\n|-heal|p1a: Gholdman Sachs|41\/100|[from] item: Leftovers\n|upkeep\n|\n|t:|1700549302\n|switch|p2a: Dragapult|Dragapult, L50, M|56\/100\n|turn|9\n|\n|t:|1700549315\n|move|p1b: 1-Up|Rage Powder|p1b: 1-Up\n|-singleturn|p1b: 1-Up|move: Rage Powder\n|move|p2a: Dragapult|Dragon Darts|p1b: 1-Up\n|-damage|p1b: 1-Up|81\/100\n|-anim|p2a: Dragapult|Dragon Darts|p1b: 1-Up\n|-damage|p1b: 1-Up|60\/100\n|move|p1a: Gholdman Sachs|Make It Rain|p2b: Ting-Lu|[spread] p2a,p2b\n|-damage|p2a: Dragapult|0 fnt\n|-damage|p2b: Ting-Lu|0 fnt\n|-unboost|p1a: Gholdman Sachs|spa|1\n|faint|p2a: Dragapult\n|faint|p2b: Ting-Lu\n|\n|-heal|p1a: Gholdman Sachs|47\/100|[from] item: Leftovers\n|upkeep\n|-message|perceived slight forfeited.\n|\n|win|supaflytnt\n|raw|supaflytnt's rating: 1428 &rarr; <strong>1454<\/strong><br \/>(+26 for winning)\n|raw|perceived slight's rating: 1529 &rarr; <strong>1503<\/strong><br \/>(-26 for losing)\n|l|\u2606perceived slight\n","uploadtime":1700549568,"views":14,"p1id":"supaflytnt","p2id":"perceivedslight","formatid":"gen9vgc2023regulatione","rating":1454,"private":0,"password":""}