{"id":"gen9vgc2023regulatione-1999286142","p1":"Mazovin","p2":"Ifjdj","format":"[Gen 9] VGC 2023 Regulation E","log":"|j|\u2606Mazovin\n|j|\u2606Ifjdj\n|t:|1701055190\n|gametype|doubles\n|player|p1|Mazovin|lance|1107\n|player|p2|Ifjdj|265|1078\n|teamsize|p1|6\n|teamsize|p2|6\n|gen|9\n|tier|[Gen 9] VGC 2023 Regulation E\n|rated|\n|rule|Species Clause: Limit one of each Pok\u00e9mon\n|rule|Item Clause: Limit one of each item\n|clearpoke\n|poke|p1|Flutter Mane, L50|\n|poke|p1|Tornadus, L50, M|\n|poke|p1|Rillaboom, L50, M|\n|poke|p1|Garganacl, L50, F|\n|poke|p1|Arcanine-Hisui, L50, F|\n|poke|p1|Chien-Pao, L50|\n|poke|p2|Meowscarada, L50, F|\n|poke|p2|Murkrow, L50, F|\n|poke|p2|Ninetales-Alola, L50, F|\n|poke|p2|Typhlosion-Hisui, L50, M|\n|poke|p2|Ogerpon-Wellspring, L50, F|\n|poke|p2|Beartic, L50, F|\n|teampreview|4\n|inactive|Battle timer is ON: inactive players will automatically lose when time's up. (requested by Mazovin)\n|inactive|Ifjdj has 60 seconds left.\n|\n|t:|1701055229\n|start\n|switch|p1a: Tornadus|Tornadus, L50, M|100\/100\n|switch|p1b: Garganacl|Garganacl, L50, F|100\/100\n|switch|p2a: Lx|Murkrow, L50, F|100\/100\n|switch|p2b: Ninetales|Ninetales-Alola, L50, F|100\/100\n|-weather|Snow|[from] ability: Snow Warning|[of] p2b: Ninetales\n|turn|1\n|\n|t:|1701055241\n|move|p2a: Lx|Taunt|p1b: Garganacl\n|-start|p1b: Garganacl|move: Taunt\n|move|p1a: Tornadus|Taunt|p2b: Ninetales\n|-start|p2b: Ninetales|move: Taunt\n|cant|p2b: Ninetales|move: Taunt|Aurora Veil\n|cant|p1b: Garganacl|move: Taunt|Iron Defense\n|\n|-weather|Snow|[upkeep]\n|upkeep\n|turn|2\n|\n|t:|1701055253\n|move|p2a: Lx|Taunt|p1a: Tornadus\n|-start|p1a: Tornadus|move: Taunt\n|move|p2b: Ninetales|Blizzard|p1a: Tornadus|[spread] p1a,p1b\n|-supereffective|p1a: Tornadus\n|-damage|p1a: Tornadus|32\/100\n|-damage|p1b: Garganacl|73\/100\n|-damage|p2b: Ninetales|91\/100|[from] item: Life Orb\n|move|p1a: Tornadus|Bleakwind Storm|p2b: Ninetales|[spread] p2a,p2b\n|-damage|p2a: Lx|47\/100\n|-damage|p2b: Ninetales|53\/100\n|-unboost|p2a: Lx|spe|1\n|move|p1b: Garganacl|Salt Cure|p2a: Lx\n|-supereffective|p2a: Lx\n|-damage|p2a: Lx|3\/100\n|-start|p2a: Lx|Salt Cure\n|\n|-weather|Snow|[upkeep]\n|-damage|p2a: Lx|0 fnt|[from] Salt Cure\n|faint|p2a: Lx\n|upkeep\n|\n|t:|1701055276\n|switch|p2a: Cl|Ogerpon-Wellspring, L50, F|100\/100\n|turn|3\n|\n|t:|1701055285\n|switch|p1a: Arcanine|Arcanine-Hisui, L50, F|100\/100\n|-ability|p1a: Arcanine|Intimidate|boost\n|-unboost|p2a: Cl|atk|1\n|-unboost|p2b: Ninetales|atk|1\n|-terastallize|p1b: Garganacl|Ghost\n|move|p2a: Cl|Ivy Cudgel|p1b: Garganacl|[anim] Ivy Cudgel Water\n|-damage|p1b: Garganacl|45\/100\n|-enditem|p1b: Garganacl|Sitrus Berry|[eat]\n|-heal|p1b: Garganacl|70\/100|[from] item: Sitrus Berry\n|move|p2b: Ninetales|Blizzard|p1a: Arcanine|[spread] p1a,p1b\n|-resisted|p1a: Arcanine\n|-damage|p1a: Arcanine|73\/100\n|-damage|p1b: Garganacl|38\/100\n|-damage|p2b: Ninetales|43\/100|[from] item: Life Orb\n|move|p1b: Garganacl|Salt Cure|p2a: Cl\n|-damage|p2a: Cl|79\/100\n|-start|p2a: Cl|Salt Cure\n|\n|-weather|Snow|[upkeep]\n|-damage|p2a: Cl|54\/100|[from] Salt Cure\n|-end|p2b: Ninetales|move: Taunt\n|-end|p1b: Garganacl|move: Taunt\n|upkeep\n|turn|4\n|\n|t:|1701055304\n|switch|p1a: Tornadus|Tornadus, L50, M|32\/100\n|move|p1b: Garganacl|Protect|p1b: Garganacl\n|-singleturn|p1b: Garganacl|Protect\n|move|p2a: Cl|Ivy Cudgel|p1a: Tornadus|[anim] Ivy Cudgel Water\n|-damage|p1a: Tornadus|0 fnt\n|faint|p1a: Tornadus\n|move|p2b: Ninetales|Blizzard|p1b: Garganacl\n|-activate|p1b: Garganacl|move: Protect\n|\n|-weather|Snow|[upkeep]\n|-damage|p2a: Cl|29\/100|[from] Salt Cure\n|upkeep\n|\n|t:|1701055316\n|switch|p1a: Chien-Pao|Chien-Pao, L50|100\/100\n|-ability|p1a: Chien-Pao|Sword of Ruin\n|turn|5\n|\n|t:|1701055332\n|move|p2a: Cl|Follow Me|p2a: Cl\n|-singleturn|p2a: Cl|move: Follow Me\n|move|p1a: Chien-Pao|Sacred Sword|p2a: Cl\n|-damage|p2a: Cl|0 fnt\n|faint|p2a: Cl\n|move|p2b: Ninetales|Dazzling Gleam|p1b: Garganacl|[spread] p1a,p1b\n|-supereffective|p1a: Chien-Pao\n|-enditem|p1a: Chien-Pao|Focus Sash\n|-damage|p1a: Chien-Pao|1\/100\n|-damage|p1b: Garganacl|17\/100\n|-damage|p2b: Ninetales|34\/100|[from] item: Life Orb\n|move|p1b: Garganacl|Recover|p1b: Garganacl\n|-heal|p1b: Garganacl|68\/100\n|\n|-weather|none\n|upkeep\n|\n|t:|1701055342\n|switch|p2a: Ab|Typhlosion-Hisui, L50, M|100\/100\n|turn|6\n|\n|t:|1701055354\n|move|p2b: Ninetales|Protect|p2b: Ninetales\n|-singleturn|p2b: Ninetales|Protect\n|move|p1a: Chien-Pao|Sucker Punch|p2a: Ab\n|-supereffective|p2a: Ab\n|-enditem|p2a: Ab|Focus Sash\n|-damage|p2a: Ab|1\/100\n|move|p2a: Ab|Heat Wave|p1b: Garganacl|[spread] p1a,p1b\n|-supereffective|p1a: Chien-Pao\n|-damage|p1a: Chien-Pao|0 fnt\n|-damage|p1b: Garganacl|43\/100\n|faint|p1a: Chien-Pao\n|move|p1b: Garganacl|Salt Cure|p2a: Ab\n|-supereffective|p2a: Ab\n|-damage|p2a: Ab|0 fnt\n|faint|p2a: Ab\n|\n|upkeep\n|\n|t:|1701055365\n|switch|p1a: Arcanine|Arcanine-Hisui, L50, F|73\/100\n|-ability|p1a: Arcanine|Intimidate|boost\n|-unboost|p2b: Ninetales|atk|1\n|turn|7\n|\n|t:|1701055370\n|-terastallize|p2b: Ninetales|Fairy\n|move|p1a: Arcanine|Extreme Speed|p2b: Ninetales\n|-damage|p2b: Ninetales|0 fnt\n|faint|p2b: Ninetales\n|\n|win|Mazovin\n|raw|Mazovin's rating: 1107 &rarr; <strong>1130<\/strong><br \/>(+23 for winning)\n|raw|Ifjdj's rating: 1078 &rarr; <strong>1058<\/strong><br \/>(-20 for losing)\n","uploadtime":1701055376,"views":2,"p1id":"mazovin","p2id":"ifjdj","formatid":"gen9vgc2023regulatione","rating":1058,"private":0,"password":""}