{"id":"gen9vgc2023regulatione-1994537352","p1":"meowmeowjoe","p2":"tekuazor","format":"[Gen 9] VGC 2023 Regulation E","log":"|j|\u2606meowmeowjoe\n|j|\u2606tekuazor\n|t:|1700456285\n|gametype|doubles\n|player|p1|meowmeowjoe|guitarist|1290\n|player|p2|tekuazor|policeman-gen4|1274\n|teamsize|p1|6\n|teamsize|p2|6\n|gen|9\n|tier|[Gen 9] VGC 2023 Regulation E\n|rated|\n|rule|Species Clause: Limit one of each Pok\u00e9mon\n|rule|Item Clause: Limit one of each item\n|clearpoke\n|poke|p1|Annihilape, L50, M|\n|poke|p1|Sinistcha, L50|\n|poke|p1|Grimmsnarl, L50, M|\n|poke|p1|Landorus-Therian, L50, M|\n|poke|p1|Bellibolt, L50, M|\n|poke|p1|Corviknight, L50, M|\n|poke|p2|Landorus, L50, M|\n|poke|p2|Tyranitar, L50, M|\n|poke|p2|Houndstone, L50, M|\n|poke|p2|Empoleon, L50, F|\n|poke|p2|Urshifu-*, L50, F|\n|poke|p2|Amoonguss, L50, M|\n|teampreview|4\n|inactive|Battle timer is ON: inactive players will automatically lose when time's up. (requested by meowmeowjoe)\n|inactive|tekuazor has 60 seconds left.\n|\n|t:|1700456338\n|start\n|switch|p1a: Grimmsnarl|Grimmsnarl, L50, M, shiny|100\/100\n|switch|p1b: Bellibolt|Bellibolt, L50, M, shiny|100\/100\n|switch|p2a: Houndstone|Houndstone, L50, M, shiny|100\/100\n|switch|p2b: Amoonguss|Amoonguss, L50, M, shiny|100\/100\n|turn|1\n|\n|t:|1700456357\n|switch|p1b: Sinistcha|Sinistcha, L50|100\/100\n|move|p2a: Houndstone|Protect|p2a: Houndstone\n|-singleturn|p2a: Houndstone|Protect\n|move|p1a: Grimmsnarl|Reflect|p1a: Grimmsnarl\n|-sidestart|p1: meowmeowjoe|Reflect\n|move|p2b: Amoonguss|Spore|p1b: Sinistcha\n|-immune|p1b: Sinistcha\n|\n|upkeep\n|turn|2\n|\n|t:|1700456379\n|switch|p2b: Empoleon|Empoleon, L50, F|100\/100\n|move|p1b: Sinistcha|Protect|p1b: Sinistcha\n|-singleturn|p1b: Sinistcha|Protect\n|move|p1a: Grimmsnarl|Thunder Wave|p2a: Houndstone\n|-status|p2a: Houndstone|par\n|cant|p2a: Houndstone|par\n|\n|upkeep\n|turn|3\n|\n|t:|1700456396\n|move|p1a: Grimmsnarl|Light Screen|p1a: Grimmsnarl\n|-sidestart|p1: meowmeowjoe|move: Light Screen\n|move|p2a: Houndstone|Shadow Sneak|p1b: Sinistcha\n|-supereffective|p1b: Sinistcha\n|-damage|p1b: Sinistcha|77\/100\n|move|p2b: Empoleon|Icy Wind|p1b: Sinistcha|[spread] p1a,p1b\n|-supereffective|p1b: Sinistcha\n|-damage|p1a: Grimmsnarl|93\/100\n|-damage|p1b: Sinistcha|61\/100\n|-unboost|p1a: Grimmsnarl|spe|1\n|-unboost|p1b: Sinistcha|spe|1\n|move|p1b: Sinistcha|Matcha Gotcha|p2b: Empoleon|[spread] p2a,p2b\n|-damage|p2a: Houndstone|70\/100 par\n|-heal|p1b: Sinistcha|75\/100|[from] drain|[of] p2a: Houndstone\n|-damage|p2b: Empoleon|77\/100\n|-heal|p1b: Sinistcha|88\/100|[from] drain|[of] p2b: Empoleon\n|\n|-heal|p2b: Empoleon|83\/100|[from] item: Leftovers\n|upkeep\n|turn|4\n|\n|t:|1700456421\n|move|p1b: Sinistcha|Protect|p1b: Sinistcha\n|-singleturn|p1b: Sinistcha|Protect\n|move|p1a: Grimmsnarl|Thunder Wave|p2b: Empoleon\n|-status|p2b: Empoleon|par\n|move|p2a: Houndstone|Last Respects|p1b: Sinistcha\n|-activate|p1b: Sinistcha|move: Protect\n|cant|p2b: Empoleon|par\n|\n|-heal|p2b: Empoleon|88\/100 par|[from] item: Leftovers\n|upkeep\n|turn|5\n|\n|t:|1700456436\n|cant|p2a: Houndstone|par\n|move|p1a: Grimmsnarl|Parting Shot|p2a: Houndstone\n|-unboost|p2a: Houndstone|atk|1\n|-unboost|p2a: Houndstone|spa|1\n|\n|t:|1700456441\n|switch|p1a: Annihilape|Annihilape, L50, M|100\/100|[from] Parting Shot\n|move|p1b: Sinistcha|Matcha Gotcha|p2a: Houndstone|[spread] p2a,p2b\n|-damage|p2a: Houndstone|44\/100 par\n|-heal|p1b: Sinistcha|99\/100|[from] drain|[of] p2a: Houndstone\n|-damage|p2b: Empoleon|64\/100 par\n|-heal|p1b: Sinistcha|100\/100|[from] drain|[of] p2b: Empoleon\n|move|p2b: Empoleon|Yawn|p1a: Annihilape\n|-start|p1a: Annihilape|move: Yawn|[of] p2b: Empoleon\n|\n|-heal|p2b: Empoleon|70\/100 par|[from] item: Leftovers\n|upkeep\n|turn|6\n|\n|t:|1700456463\n|switch|p1a: Bellibolt|Bellibolt, L50, M, shiny|100\/100\n|switch|p2a: Amoonguss|Amoonguss, L50, M, shiny|100\/100\n|move|p1b: Sinistcha|Matcha Gotcha|p2b: Empoleon|[spread] p2a,p2b\n|-resisted|p2a: Amoonguss\n|-crit|p2a: Amoonguss\n|-damage|p2a: Amoonguss|93\/100\n|-damage|p2b: Empoleon|49\/100 par\n|cant|p2b: Empoleon|par\n|\n|-heal|p2b: Empoleon|55\/100 par|[from] item: Leftovers\n|upkeep\n|turn|7\n|inactive|meowmeowjoe has 30 seconds left.\n|\n|t:|1700456492\n|switch|p1a: Grimmsnarl|Grimmsnarl, L50, M, shiny|93\/100\n|move|p1b: Sinistcha|Hex|p2b: Empoleon\n|-damage|p2b: Empoleon|9\/100 par\n|move|p2a: Amoonguss|Pollen Puff|p2b: Empoleon\n|-heal|p2b: Empoleon|59\/100 par\n|move|p2b: Empoleon|Icy Wind|p1a: Grimmsnarl|[spread] p1a,p1b\n|-supereffective|p1b: Sinistcha\n|-damage|p1a: Grimmsnarl|86\/100\n|-damage|p1b: Sinistcha|84\/100\n|-unboost|p1a: Grimmsnarl|spe|1\n|-unboost|p1b: Sinistcha|spe|1\n|\n|-heal|p2b: Empoleon|65\/100 par|[from] item: Leftovers\n|upkeep\n|turn|8\n|\n|t:|1700456514\n|move|p1a: Grimmsnarl|Parting Shot|p2a: Amoonguss\n|-unboost|p2a: Amoonguss|atk|1\n|-unboost|p2a: Amoonguss|spa|1\n|\n|t:|1700456522\n|switch|p1a: Annihilape|Annihilape, L50, M|100\/100|[from] Parting Shot\n|move|p2a: Amoonguss|Spore|p1a: Annihilape\n|-status|p1a: Annihilape|slp|[from] move: Spore\n|cant|p2b: Empoleon|par\n|move|p1b: Sinistcha|Hex|p2b: Empoleon\n|-damage|p2b: Empoleon|15\/100 par\n|\n|-heal|p2b: Empoleon|20\/100 par|[from] item: Leftovers\n|-sideend|p1: meowmeowjoe|Reflect\n|upkeep\n|turn|9\n|\n|t:|1700456545\n|cant|p1a: Annihilape|slp\n|move|p2a: Amoonguss|Pollen Puff|p2b: Empoleon\n|-heal|p2b: Empoleon|70\/100 par\n|move|p1b: Sinistcha|Matcha Gotcha|p2a: Amoonguss|[spread] p2a\n|-miss|p1b: Sinistcha|p2b: Empoleon\n|-resisted|p2a: Amoonguss\n|-damage|p2a: Amoonguss|88\/100\n|-heal|p1b: Sinistcha|88\/100|[from] drain|[of] p2a: Amoonguss\n|-status|p2a: Amoonguss|brn\n|cant|p2b: Empoleon|par\n|\n|-heal|p2b: Empoleon|76\/100 par|[from] item: Leftovers\n|-damage|p2a: Amoonguss|82\/100 brn|[from] brn\n|upkeep\n|turn|10\n|\n|t:|1700456567\n|-curestatus|p1a: Annihilape|slp|[msg]\n|move|p1a: Annihilape|Drain Punch|p2b: Empoleon\n|-supereffective|p2b: Empoleon\n|-damage|p2b: Empoleon|4\/100 par\n|move|p2a: Amoonguss|Pollen Puff|p1b: Sinistcha\n|-damage|p1b: Sinistcha|79\/100\n|cant|p2b: Empoleon|par\n|move|p1b: Sinistcha|Hex|p2a: Amoonguss\n|-damage|p2a: Amoonguss|39\/100 brn\n|-enditem|p2a: Amoonguss|Sitrus Berry|[eat]\n|-heal|p2a: Amoonguss|64\/100 brn|[from] item: Sitrus Berry\n|\n|-heal|p2b: Empoleon|9\/100 par|[from] item: Leftovers\n|-damage|p2a: Amoonguss|58\/100 brn|[from] brn\n|-sideend|p1: meowmeowjoe|move: Light Screen\n|upkeep\n|turn|11\n|\n|t:|1700456592\n|move|p1a: Annihilape|Drain Punch|p2a: Amoonguss\n|-resisted|p2a: Amoonguss\n|-damage|p2a: Amoonguss|45\/100 brn\n|move|p2a: Amoonguss|Pollen Puff|p2b: Empoleon\n|-heal|p2b: Empoleon|59\/100 par\n|move|p1b: Sinistcha|Hex|p2a: Amoonguss\n|-damage|p2a: Amoonguss|0 fnt\n|faint|p2a: Amoonguss\n|move|p2b: Empoleon|Flash Cannon|p1b: Sinistcha\n|-damage|p1b: Sinistcha|44\/100\n|-enditem|p1b: Sinistcha|Sitrus Berry|[eat]\n|-heal|p1b: Sinistcha|68\/100|[from] item: Sitrus Berry\n|\n|-heal|p2b: Empoleon|65\/100 par|[from] item: Leftovers\n|upkeep\n|\n|t:|1700456610\n|switch|p2a: Houndstone|Houndstone, L50, M, shiny|44\/100 par\n|turn|12\n|\n|t:|1700456617\n|move|p1a: Annihilape|Protect|p1a: Annihilape\n|-singleturn|p1a: Annihilape|Protect\n|move|p2a: Houndstone|Shadow Sneak|p1b: Sinistcha\n|-supereffective|p1b: Sinistcha\n|-damage|p1b: Sinistcha|35\/100\n|move|p2b: Empoleon|Flash Cannon|p1b: Sinistcha\n|-damage|p1b: Sinistcha|0 fnt\n|faint|p1b: Sinistcha\n|\n|-heal|p2b: Empoleon|71\/100 par|[from] item: Leftovers\n|upkeep\n|\n|t:|1700456627\n|switch|p1b: Bellibolt|Bellibolt, L50, M, shiny|100\/100\n|turn|13\n|\n|t:|1700456647\n|move|p1a: Annihilape|Drain Punch|p2b: Empoleon\n|-supereffective|p2b: Empoleon\n|-damage|p2b: Empoleon|0 fnt\n|faint|p2b: Empoleon\n|move|p2a: Houndstone|Last Respects|p1a: Annihilape\n|-supereffective|p1a: Annihilape\n|-damage|p1a: Annihilape|0 fnt\n|faint|p1a: Annihilape\n|move|p1b: Bellibolt|Thunderbolt|p2a: Houndstone\n|-damage|p2a: Houndstone|5\/100 par\n|\n|upkeep\n|\n|t:|1700456656\n|switch|p1a: Grimmsnarl|Grimmsnarl, L50, M, shiny|86\/100\n|switch|p2b: Urshifu|Urshifu-Rapid-Strike, L50, F|100\/100\n|turn|14\n|\n|t:|1700456671\n|-terastallize|p2b: Urshifu|Water\n|-terastallize|p1b: Bellibolt|Water\n|move|p1a: Grimmsnarl|Parting Shot|p2b: Urshifu\n|-unboost|p2b: Urshifu|atk|1\n|-unboost|p2b: Urshifu|spa|1\n|move|p2b: Urshifu|Surging Strikes|p1b: Bellibolt\n|-resisted|p1b: Bellibolt\n|-crit|p1b: Bellibolt\n|-damage|p1b: Bellibolt|89\/100\n|-start|p1b: Bellibolt|Charge|Surging Strikes|[from] ability: Electromorphosis\n|-resisted|p1b: Bellibolt\n|-crit|p1b: Bellibolt\n|-damage|p1b: Bellibolt|77\/100\n|-start|p1b: Bellibolt|Charge|Surging Strikes|[from] ability: Electromorphosis\n|-resisted|p1b: Bellibolt\n|-crit|p1b: Bellibolt\n|-damage|p1b: Bellibolt|66\/100\n|-start|p1b: Bellibolt|Charge|Surging Strikes|[from] ability: Electromorphosis\n|-hitcount|p1b: Bellibolt|3\n|move|p2a: Houndstone|Last Respects|p1b: Bellibolt\n|-damage|p1b: Bellibolt|2\/100\n|-start|p1b: Bellibolt|Charge|Last Respects|[from] ability: Electromorphosis\n|move|p1b: Bellibolt|Parabolic Charge|p2a: Houndstone|[spread] p1a,p2a,p2b\n|-supereffective|p2b: Urshifu\n|-damage|p1a: Grimmsnarl|50\/100\n|-heal|p1b: Bellibolt|19\/100|[from] drain|[of] p1a: Grimmsnarl\n|-damage|p2a: Houndstone|0 fnt\n|-heal|p1b: Bellibolt|21\/100|[from] drain|[of] p2a: Houndstone\n|-damage|p2b: Urshifu|12\/100\n|-heal|p1b: Bellibolt|62\/100|[from] drain|[of] p2b: Urshifu\n|faint|p2a: Houndstone\n|-end|p1b: Bellibolt|Charge|[silent]\n|\n|upkeep\n|turn|15\n|inactive|meowmeowjoe has 30 seconds left.\n|inactive|tekuazor has 30 seconds left.\n|-message|tekuazor forfeited.\n|\n|win|meowmeowjoe\n|raw|meowmeowjoe's rating: 1290 &rarr; <strong>1314<\/strong><br \/>(+24 for winning)\n|raw|tekuazor's rating: 1274 &rarr; <strong>1250<\/strong><br \/>(-24 for losing)\n|l|\u2606tekuazor\n","uploadtime":1700456712,"views":11,"p1id":"meowmeowjoe","p2id":"tekuazor","formatid":"gen9vgc2023regulatione","rating":1250,"private":0,"password":""}