{"id":"gen9vgc2023regulatione-1997533635","p1":"NOONEISTAKEN","p2":"Fluwito","format":"[Gen 9] VGC 2023 Regulation E","log":"|j|\u2606NOONEISTAKEN\n|j|\u2606Fluwito\n|t:|1700821488\n|gametype|doubles\n|player|p1|NOONEISTAKEN|265|1000\n|player|p2|Fluwito|red|1082\n|teamsize|p1|6\n|teamsize|p2|6\n|gen|9\n|tier|[Gen 9] VGC 2023 Regulation E\n|rated|\n|rule|Species Clause: Limit one of each Pok\u00e9mon\n|rule|Item Clause: Limit one of each item\n|clearpoke\n|poke|p1|Sinistcha, L50|\n|poke|p1|Cresselia, L50, F|\n|poke|p1|Enamorus-Therian, L50, F|\n|poke|p1|Ogerpon-Hearthflame, L50, F|\n|poke|p1|Torkoal, L50, F|\n|poke|p1|Flutter Mane, L50|\n|poke|p2|Iron Hands, L50|\n|poke|p2|Landorus-Therian, L50, M|\n|poke|p2|Sinistcha, L50|\n|poke|p2|Grimmsnarl, L50, M|\n|poke|p2|Goodra-Hisui, L50, M|\n|poke|p2|Toxapex, L50, M|\n|teampreview|4\nNOONEISTAKEN rejected open team sheets.\n|inactive|Battle timer is ON: inactive players will automatically lose when time's up. (requested by Fluwito)\n|\n|t:|1700821548\n|start\n|switch|p1a: Torkoal|Torkoal, L50, F|100\/100\n|switch|p1b: Sinistcha|Sinistcha, L50|100\/100\n|switch|p2a: Goodra|Goodra-Hisui, L50, M|100\/100\n|switch|p2b: Grimmsnarl|Grimmsnarl, L50, M|100\/100\n|-weather|SunnyDay|[from] ability: Drought|[of] p1a: Torkoal\n|turn|1\n|inactive|NOONEISTAKEN has 30 seconds left.\n|inactive|Fluwito has 30 seconds left.\n|\n|t:|1700821578\n|move|p1b: Sinistcha|Rage Powder|p1b: Sinistcha\n|-singleturn|p1b: Sinistcha|move: Rage Powder\n|move|p2b: Grimmsnarl|Light Screen|p2b: Grimmsnarl\n|-sidestart|p2: Fluwito|move: Light Screen\n|move|p2a: Goodra|Body Press|p1b: Sinistcha\n|-immune|p1b: Sinistcha\n|move|p1a: Torkoal|Will-O-Wisp|p2a: Goodra\n|-status|p2a: Goodra|brn\n|\n|-weather|SunnyDay|[upkeep]\n|-damage|p2a: Goodra|95\/100 brn|[from] brn\n|upkeep\n|turn|2\n|inactive|Fluwito has 30 seconds left.\n|\n|t:|1700821611\n|switch|p1a: Flutter Mane|Flutter Mane, L50|100\/100\n|-activate|p1a: Flutter Mane|ability: Protosynthesis\n|-start|p1a: Flutter Mane|protosynthesisspe\n|move|p2b: Grimmsnarl|Taunt|p1b: Sinistcha\n|-start|p1b: Sinistcha|move: Taunt\n|move|p1b: Sinistcha|Matcha Gotcha|p2b: Grimmsnarl|[spread] p2b\n|-ability|p2a: Goodra|Sap Sipper|boost\n|-boost|p2a: Goodra|atk|1\n|-damage|p2b: Grimmsnarl|85\/100\n|move|p2a: Goodra|Shelter|p2a: Goodra\n|-boost|p2a: Goodra|def|2\n|\n|-weather|SunnyDay|[upkeep]\n|-heal|p2a: Goodra|100\/100 brn|[from] item: Leftovers\n|-damage|p2a: Goodra|95\/100 brn|[from] brn\n|upkeep\n|turn|3\n|inactive|NOONEISTAKEN has 30 seconds left.\n|\n|t:|1700821639\n|move|p2b: Grimmsnarl|Parting Shot|p1a: Flutter Mane\n|-unboost|p1a: Flutter Mane|atk|1\n|-unboost|p1a: Flutter Mane|spa|1\n|\n|t:|1700821644\n|switch|p2b: Toxapex|Toxapex, L50, M|100\/100|[from] Parting Shot\n|move|p1a: Flutter Mane|Taunt|p2b: Toxapex\n|-start|p2b: Toxapex|move: Taunt\n|move|p1b: Sinistcha|Matcha Gotcha|p2b: Toxapex|[spread] \n|-ability|p2a: Goodra|Sap Sipper|boost\n|-boost|p2a: Goodra|atk|1\n|-miss|p1b: Sinistcha|p2b: Toxapex\n|move|p2a: Goodra|Heavy Slam|p1a: Flutter Mane\n|-supereffective|p1a: Flutter Mane\n|-damage|p1a: Flutter Mane|0 fnt\n|faint|p1a: Flutter Mane\n|-end|p1a: Flutter Mane|Protosynthesis|[silent]\n|\n|-weather|SunnyDay|[upkeep]\n|-heal|p2a: Goodra|100\/100 brn|[from] item: Leftovers\n|-damage|p2a: Goodra|95\/100 brn|[from] brn\n|upkeep\n|\n|t:|1700821660\n|switch|p1a: Ogerpon|Ogerpon-Hearthflame, L50, F|100\/100\n|-ability|p1a: Ogerpon|Mold Breaker\n|turn|4\n|\n|t:|1700821676\n|switch|p1b: Torkoal|Torkoal, L50, F|100\/100\n|-terastallize|p1a: Ogerpon|Fire\n|detailschange|p1a: Ogerpon|Ogerpon-Hearthflame-Tera, L50, F, tera:Fire\n|-ability|p1a: Ogerpon|Embody Aspect (Hearthflame)|boost\n|-boost|p1a: Ogerpon|atk|1\n|-terastallize|p2a: Goodra|Water\n|move|p1a: Ogerpon|Ivy Cudgel|p2a: Goodra|[anim] Ivy Cudgel Fire\n|-resisted|p2a: Goodra\n|-damage|p2a: Goodra|62\/100 brn\n|move|p2a: Goodra|Body Press|p1a: Ogerpon\n|-damage|p1a: Ogerpon|68\/100\n|move|p2b: Toxapex|Infestation|p1a: Ogerpon\n|-resisted|p1a: Ogerpon\n|-damage|p1a: Ogerpon|66\/100\n|-activate|p1a: Ogerpon|move: Infestation|[of] p2b: Toxapex\n|\n|-weather|SunnyDay|[upkeep]\n|-heal|p2a: Goodra|68\/100 brn|[from] item: Leftovers\n|-damage|p2a: Goodra|62\/100 brn|[from] brn\n|-damage|p1a: Ogerpon|50\/100|[from] move: Infestation|[partiallytrapped]\n|upkeep\n|turn|5\n|inactive|NOONEISTAKEN has 30 seconds left.\n|inactive|Fluwito has 30 seconds left.\n|\n|t:|1700821710\n|move|p1a: Ogerpon|U-turn|p2b: Toxapex\n|-resisted|p2b: Toxapex\n|-damage|p2b: Toxapex|87\/100\n|\n|t:|1700821727\n|switch|p1a: Sinistcha|Sinistcha, L50|100\/100|[from] U-turn\n|move|p2a: Goodra|Body Press|p1a: Sinistcha\n|-immune|p1a: Sinistcha\n|move|p2b: Toxapex|Infestation|p1a: Sinistcha\n|-damage|p1a: Sinistcha|97\/100\n|-activate|p1a: Sinistcha|move: Infestation|[of] p2b: Toxapex\n|move|p1b: Torkoal|Solar Beam||[still]\n|-prepare|p1b: Torkoal|Solar Beam\n|-anim|p1b: Torkoal|Solar Beam|p2a: Goodra\n|-ability|p2a: Goodra|Sap Sipper|boost\n|-boost|p2a: Goodra|atk|1\n|\n|-weather|none\n|-heal|p1a: Sinistcha|100\/100|[from] item: Leftovers\n|-heal|p2a: Goodra|68\/100 brn|[from] item: Leftovers\n|-damage|p2a: Goodra|62\/100 brn|[from] brn\n|-damage|p1a: Sinistcha|84\/100|[from] move: Infestation|[partiallytrapped]\n|-end|p2b: Toxapex|move: Taunt\n|-sideend|p2: Fluwito|move: Light Screen\n|upkeep\n|turn|6\n|-message|NOONEISTAKEN forfeited.\n|\n|win|Fluwito\n|raw|NOONEISTAKEN's rating: 1000 &rarr; <strong>1000<\/strong><br \/>(+0 for losing)\n|raw|Fluwito's rating: 1082 &rarr; <strong>1103<\/strong><br \/>(+21 for winning)\n|l|\u2606NOONEISTAKEN\n","uploadtime":1700821743,"views":14,"p1id":"nooneistaken","p2id":"fluwito","formatid":"gen9vgc2023regulatione","rating":1000,"private":0,"password":""}