{"id":"gen9vgc2023regulatione-1988458550","p1":"thunderdog_32","p2":"EmojiDeCowboy","format":"[Gen 9] VGC 2023 Regulation E","log":"|j|\u2606thunderdog_32\n|j|\u2606EmojiDeCowboy\n|t:|1699725128\n|gametype|doubles\n|player|p1|thunderdog_32|102|1147\n|player|p2|EmojiDeCowboy|blackbelt-gen4dp|1187\n|teamsize|p1|6\n|teamsize|p2|6\n|gen|9\n|tier|[Gen 9] VGC 2023 Regulation E\n|rated|\n|rule|Species Clause: Limit one of each Pok\u00e9mon\n|rule|Item Clause: Limit one of each item\n|clearpoke\n|poke|p1|Annihilape, L50, M|\n|poke|p1|Heatran, L50, M|\n|poke|p1|Dragonite, L50, M|\n|poke|p1|Fezandipiti, L50, M|\n|poke|p1|Chien-Pao, L50|\n|poke|p1|Rillaboom, L50, F|\n|poke|p2|Thundurus-Therian, L50, M|\n|poke|p2|Roaring Moon, L50|\n|poke|p2|Urshifu-*, L50, F|\n|poke|p2|Farigiraf, L50, M|\n|poke|p2|Chien-Pao, L50|\n|poke|p2|Kingambit, L50, M|\n|teampreview|4\n|inactive|Battle timer is ON: inactive players will automatically lose when time's up. (requested by thunderdog_32)\n|inactive|thunderdog_32 has 60 seconds left.\n|inactive|EmojiDeCowboy has 60 seconds left.\n|inactive|EmojiDeCowboy has 30 seconds left.\n|inactive|EmojiDeCowboy has 20 seconds left.\n|inactive|EmojiDeCowboy has 15 seconds left.\n|\n|t:|1699725210\n|start\n|switch|p1a: Annihilape|Annihilape, L50, M|100\/100\n|switch|p1b: Fezandipiti|Fezandipiti, L50, M|100\/100\n|switch|p2a: Farigiraf|Farigiraf, L50, M|100\/100\n|switch|p2b: Chien-Pao|Chien-Pao, L50|100\/100\n|-ability|p2b: Chien-Pao|Sword of Ruin\n|turn|1\n|inactive|thunderdog_32 has 30 seconds left.\n|\n|t:|1699725237\n|move|p2b: Chien-Pao|Protect|p2b: Chien-Pao\n|-singleturn|p2b: Chien-Pao|Protect\n|move|p1a: Annihilape|Final Gambit|p2a: Farigiraf\n|-damage|p2a: Farigiraf|2\/100\n|-enditem|p2a: Farigiraf|Sitrus Berry|[eat]\n|-heal|p2a: Farigiraf|27\/100|[from] item: Sitrus Berry\n|faint|p1a: Annihilape\n|move|p1b: Fezandipiti|Dazzling Gleam|p2a: Farigiraf|[spread] p2a\n|-activate|p2b: Chien-Pao|move: Protect\n|-damage|p2a: Farigiraf|5\/100\n|move|p2a: Farigiraf|Psychic|p1b: Fezandipiti\n|-supereffective|p1b: Fezandipiti\n|-damage|p1b: Fezandipiti|27\/100\n|-enditem|p1b: Fezandipiti|Sitrus Berry|[eat]\n|-heal|p1b: Fezandipiti|51\/100|[from] item: Sitrus Berry\n|\n|upkeep\n|\n|t:|1699725251\n|switch|p1a: Chien-Pao|Chien-Pao, L50|100\/100\n|-ability|p1a: Chien-Pao|Sword of Ruin\n|turn|2\n|\n|t:|1699725263\n|-terastallize|p1a: Chien-Pao|Ghost\n|move|p1a: Chien-Pao|Sacred Sword|p2b: Chien-Pao\n|-supereffective|p2b: Chien-Pao\n|-enditem|p2b: Chien-Pao|Focus Sash\n|-damage|p2b: Chien-Pao|1\/100\n|move|p2b: Chien-Pao|Sacred Sword|p1a: Chien-Pao\n|-immune|p1a: Chien-Pao\n|move|p1b: Fezandipiti|Dazzling Gleam|p2a: Farigiraf|[spread] p2a,p2b\n|-supereffective|p2b: Chien-Pao\n|-damage|p2a: Farigiraf|0 fnt\n|-damage|p2b: Chien-Pao|0 fnt\n|faint|p2a: Farigiraf\n|faint|p2b: Chien-Pao\n|\n|upkeep\n|\n|t:|1699725271\n|switch|p2b: Kingambit|Kingambit, L50, M|100\/100\n|switch|p2a: Urshifu|Urshifu-Rapid-Strike, L50, F|100\/100\n|turn|3\n|\n|t:|1699725287\n|-terastallize|p2b: Kingambit|Fairy\n|move|p2b: Kingambit|Sucker Punch|p1a: Chien-Pao\n|-supereffective|p1a: Chien-Pao\n|-enditem|p1a: Chien-Pao|Focus Sash\n|-damage|p1a: Chien-Pao|1\/100\n|move|p1a: Chien-Pao|Sacred Sword|p2b: Kingambit\n|-resisted|p2b: Kingambit\n|-damage|p2b: Kingambit|86\/100\n|move|p1b: Fezandipiti|Dazzling Gleam|p2a: Urshifu|[spread] p2a,p2b\n|-supereffective|p2a: Urshifu\n|-damage|p2a: Urshifu|56\/100\n|-damage|p2b: Kingambit|65\/100\n|-status|p2a: Urshifu|tox|[from] ability: Toxic Chain|[of] p1b: Fezandipiti\n|-status|p2b: Kingambit|tox|[from] ability: Toxic Chain|[of] p1b: Fezandipiti\n|move|p2a: Urshifu|Surging Strikes|p1b: Fezandipiti\n|-crit|p1b: Fezandipiti\n|-damage|p1b: Fezandipiti|9\/100\n|-crit|p1b: Fezandipiti\n|-damage|p1b: Fezandipiti|0 fnt\n|faint|p1b: Fezandipiti\n|-hitcount|p1: Fezandipiti|2\n|\n|-damage|p2a: Urshifu|50\/100 tox|[from] psn\n|-damage|p2b: Kingambit|59\/100 tox|[from] psn\n|upkeep\n|\n|t:|1699725294\n|switch|p1b: Rillaboom|Rillaboom, L50, F|100\/100\n|-fieldstart|move: Grassy Terrain|[from] ability: Grassy Surge|[of] p1b: Rillaboom\n|turn|4\n|\n|t:|1699725309\n|move|p2a: Urshifu|Detect|p2a: Urshifu\n|-singleturn|p2a: Urshifu|Protect\n|move|p2b: Kingambit|Protect|p2b: Kingambit\n|-singleturn|p2b: Kingambit|Protect\n|move|p1a: Chien-Pao|Sucker Punch||[still]\n|-fail|p1a: Chien-Pao\n|move|p1b: Rillaboom|Grassy Glide|p2a: Urshifu\n|-activate|p2a: Urshifu|move: Protect\n|\n|-heal|p1a: Chien-Pao|7\/100|[from] Grassy Terrain\n|-heal|p2a: Urshifu|56\/100 tox|[from] Grassy Terrain\n|-heal|p2b: Kingambit|65\/100 tox|[from] Grassy Terrain\n|-damage|p2a: Urshifu|44\/100 tox|[from] psn\n|-damage|p2b: Kingambit|53\/100 tox|[from] psn\n|upkeep\n|turn|5\n|\n|t:|1699725327\n|move|p1a: Chien-Pao|Sucker Punch|p2b: Kingambit\n|-resisted|p2b: Kingambit\n|-damage|p2b: Kingambit|36\/100 tox\n|move|p1b: Rillaboom|Grassy Glide|p2a: Urshifu\n|-supereffective|p2a: Urshifu\n|-damage|p2a: Urshifu|0 fnt\n|faint|p2a: Urshifu\n|move|p2b: Kingambit|Kowtow Cleave|p1b: Rillaboom\n|-damage|p1b: Rillaboom|21\/100\n|\n|-heal|p1a: Chien-Pao|13\/100|[from] Grassy Terrain\n|-heal|p1b: Rillaboom|27\/100|[from] Grassy Terrain\n|-heal|p2b: Kingambit|42\/100 tox|[from] Grassy Terrain\n|-damage|p2b: Kingambit|24\/100 tox|[from] psn\n|upkeep\n|turn|6\n|-message|EmojiDeCowboy forfeited.\n|\n|win|thunderdog_32\n|raw|thunderdog_32's rating: 1147 &rarr; <strong>1175<\/strong><br \/>(+28 for winning)\n|raw|EmojiDeCowboy's rating: 1187 &rarr; <strong>1159<\/strong><br \/>(-28 for losing)\n|l|\u2606EmojiDeCowboy\n","uploadtime":1699725353,"views":11,"p1id":"thunderdog32","p2id":"emojidecowboy","formatid":"gen9vgc2023regulatione","rating":1159,"private":0,"password":""}