{"id":"gen9vgc2023regulatione-1989989485","p1":"DoggoGGO","p2":"VibezShadow","format":"[Gen 9] VGC 2023 Regulation E","log":"|j|\u2606DoggoGGO\n|j|\u2606VibezShadow\n|t:|1699913054\n|gametype|doubles\n|player|p1|DoggoGGO|pokemonrangerf|1021\n|player|p2|VibezShadow|1|1007\n|teamsize|p1|6\n|teamsize|p2|6\n|gen|9\n|tier|[Gen 9] VGC 2023 Regulation E\n|rated|\n|rule|Species Clause: Limit one of each Pok\u00e9mon\n|rule|Item Clause: Limit one of each item\n|clearpoke\n|poke|p1|Jolteon, L50, F|\n|poke|p1|Dudunsparce-*, L50, F|\n|poke|p1|Sinistcha, L50|\n|poke|p1|Tinkaton, L50, F|\n|poke|p1|Arcanine-Hisui, L50, F|\n|poke|p1|Flutter Mane, L50|\n|poke|p2|Lokix, L50, F|\n|poke|p2|Kommo-o, L50, M|\n|poke|p2|Chien-Pao, L50|\n|poke|p2|Arcanine-Hisui, L50, M|\n|poke|p2|Dachsbun, L50, M|\n|poke|p2|Iron Bundle, L50|\n|teampreview|4\n|\n|t:|1699913068\n|start\n|switch|p1a: Nightmare|Dudunsparce, L50, F, shiny|100\/100\n|switch|p1b: The Boy :)|Jolteon, L50, F|100\/100\n|switch|p2a: Dachsbun|Dachsbun, L50, M, shiny|100\/100\n|switch|p2b: Iron Bundle|Iron Bundle, L50|100\/100\n|-enditem|p2b: Iron Bundle|Booster Energy\n|-activate|p2b: Iron Bundle|ability: Quark Drive|[fromitem]\n|-start|p2b: Iron Bundle|quarkdrivespe\n|turn|1\n|\n|t:|1699913088\n|-end|p2b: Iron Bundle|Quark Drive|[silent]\n|switch|p2b: Arcanine|Arcanine-Hisui, L50, M, shiny|100\/100\n|-ability|p2b: Arcanine|Intimidate|boost\n|-unboost|p1a: Nightmare|atk|1\n|-ability|p1a: Nightmare|Rattled|boost\n|-boost|p1a: Nightmare|spe|1\n|-unboost|p1b: The Boy :)|atk|1\n|-terastallize|p1a: Nightmare|Psychic\n|move|p1b: The Boy :)|Pin Missile|p1a: Nightmare\n|-supereffective|p1a: Nightmare\n|-damage|p1a: Nightmare|95\/100\n|-ability|p1a: Nightmare|Rattled|boost\n|-boost|p1a: Nightmare|spe|1\n|-enditem|p1a: Nightmare|Weakness Policy\n|-boost|p1a: Nightmare|atk|2|[from] item: Weakness Policy\n|-boost|p1a: Nightmare|spa|2|[from] item: Weakness Policy\n|-supereffective|p1a: Nightmare\n|-damage|p1a: Nightmare|90\/100\n|-ability|p1a: Nightmare|Rattled|boost\n|-boost|p1a: Nightmare|spe|1\n|-supereffective|p1a: Nightmare\n|-damage|p1a: Nightmare|84\/100\n|-ability|p1a: Nightmare|Rattled|boost\n|-boost|p1a: Nightmare|spe|1\n|-supereffective|p1a: Nightmare\n|-damage|p1a: Nightmare|79\/100\n|-ability|p1a: Nightmare|Rattled|boost\n|-boost|p1a: Nightmare|spe|1\n|-hitcount|p1a: Nightmare|4\n|move|p1a: Nightmare|Stored Power|p2b: Arcanine\n|-damage|p2b: Arcanine|0 fnt\n|faint|p2b: Arcanine\n|move|p2a: Dachsbun|Play Rough|p1b: The Boy :)\n|-damage|p1b: The Boy :)|56\/100\n|\n|upkeep\n|\n|t:|1699913115\n|switch|p2b: Chien-Pao|Chien-Pao, L50|100\/100\n|-ability|p2b: Chien-Pao|Sword of Ruin\n|turn|2\n|\n|t:|1699913146\n|move|p1a: Nightmare|Protect|p1a: Nightmare\n|-singleturn|p1a: Nightmare|Protect\n|move|p2b: Chien-Pao|Sucker Punch||[still]\n|-fail|p2b: Chien-Pao\n|move|p1b: The Boy :)|Volt Switch|p2b: Chien-Pao\n|-damage|p2b: Chien-Pao|61\/100\n|\n|t:|1699913154\n|switch|p1b: 4x Weakness Guy|Arcanine-Hisui, L50, F|100\/100|[from] Volt Switch\n|-ability|p1b: 4x Weakness Guy|Intimidate|boost\n|-unboost|p2a: Dachsbun|atk|1\n|-unboost|p2b: Chien-Pao|atk|1\n|move|p2a: Dachsbun|Play Rough|p1b: 4x Weakness Guy|[miss]\n|-miss|p2a: Dachsbun|p1b: 4x Weakness Guy\n|\n|upkeep\n|turn|3\n|\n|t:|1699913175\n|switch|p2a: Iron Bundle|Iron Bundle, L50|100\/100\n|move|p1a: Nightmare|Protect||[still]\n|-fail|p1a: Nightmare\n|move|p2b: Chien-Pao|Sucker Punch||[still]\n|-fail|p2b: Chien-Pao\n|move|p1b: 4x Weakness Guy|Close Combat|p2b: Chien-Pao\n|-supereffective|p2b: Chien-Pao\n|-damage|p2b: Chien-Pao|0 fnt\n|-unboost|p1b: 4x Weakness Guy|def|1\n|-unboost|p1b: 4x Weakness Guy|spd|1\n|faint|p2b: Chien-Pao\n|\n|upkeep\n|\n|t:|1699913186\n|switch|p2b: Dachsbun|Dachsbun, L50, M, shiny|100\/100\n|turn|4\n|\n|t:|1699913197\n|switch|p1b: The Tea Sis|Sinistcha, L50|100\/100\n|-heal|p1a: Nightmare|100\/100|[from] ability: Hospitality|[of] p1b: The Tea Sis\n|move|p1a: Nightmare|Stored Power|p2a: Iron Bundle\n|-damage|p2a: Iron Bundle|0 fnt\n|faint|p2a: Iron Bundle\n|-end|p2a: Iron Bundle|Quark Drive|[silent]\n|move|p2b: Dachsbun|Rest|p2b: Dachsbun\n|-fail|p2b: Dachsbun|heal\n|\n|upkeep\n|turn|5\n|c|\u2606VibezShadow|gg\n|\n|t:|1699913214\n|move|p1a: Nightmare|Stored Power|p2b: Dachsbun\n|-damage|p2b: Dachsbun|0 fnt\n|faint|p2b: Dachsbun\n|\n|win|DoggoGGO\n|raw|DoggoGGO's rating: 1021 &rarr; <strong>1056<\/strong><br \/>(+35 for winning)\n|raw|VibezShadow's rating: 1007 &rarr; <strong>1000<\/strong><br \/>(-7 for losing)\n|l|\u2606VibezShadow\n","uploadtime":1699913222,"views":18,"p1id":"doggoggo","p2id":"vibezshadow","formatid":"gen9vgc2023regulatione","rating":1000,"private":0,"password":""}