{"id":"gen9vgc2023regulatione-1994114771","p1":"whyismynamejeff","p2":"Mateo8009","format":"[Gen 9] VGC 2023 Regulation E","log":"|j|\u2606whyismynamejeff\n|j|\u2606Mateo8009\n|t:|1700408603\n|gametype|doubles\n|player|p1|whyismynamejeff|colress|1088\n|player|p2|Mateo8009|2|1015\n|teamsize|p1|6\n|teamsize|p2|6\n|gen|9\n|tier|[Gen 9] VGC 2023 Regulation E\n|rated|\n|rule|Species Clause: Limit one of each Pok\u00e9mon\n|rule|Item Clause: Limit one of each item\n|clearpoke\n|poke|p1|Urshifu-*, L50, M|\n|poke|p1|Gholdengo, L50|\n|poke|p1|Amoonguss, L50, F|\n|poke|p1|Farigiraf, L50, M|\n|poke|p1|Pelipper, L50, F|\n|poke|p1|Iron Hands, L50|\n|poke|p2|Cresselia, L50, F|\n|poke|p2|Gholdengo, L50|\n|poke|p2|Maushold, L50|\n|poke|p2|Torterra, L50, F|\n|poke|p2|Torkoal, L50, M|\n|poke|p2|Kommo-o, L50, F|\n|teampreview|4\n|\n|t:|1700408650\n|start\n|switch|p1a: Urshifu|Urshifu-Rapid-Strike, L50, M|100\/100\n|switch|p1b: Iron Hands|Iron Hands, L50|100\/100\n|switch|p2a: Maushold|Maushold, L50|100\/100\n|switch|p2b: Gholdengo|Gholdengo, L50|100\/100\n|turn|1\n|\n|t:|1700408673\n|-terastallize|p2a: Maushold|Ghost\n|move|p2a: Maushold|Follow Me|p2a: Maushold\n|-singleturn|p2a: Maushold|move: Follow Me\n|move|p1a: Urshifu|Surging Strikes|p2a: Maushold\n|-crit|p2a: Maushold\n|-damage|p2a: Maushold|77\/100\n|-crit|p2a: Maushold\n|-damage|p2a: Maushold|52\/100\n|-crit|p2a: Maushold\n|-damage|p2a: Maushold|28\/100\n|-hitcount|p2a: Maushold|3\n|move|p2b: Gholdengo|Nasty Plot|p2b: Gholdengo\n|-boost|p2b: Gholdengo|spa|2\n|move|p1b: Iron Hands|Drain Punch|p2a: Maushold\n|-immune|p2a: Maushold\n|\n|upkeep\n|turn|2\n|\n|t:|1700408706\n|-end|p1b: Iron Hands|Quark Drive|[silent]\n|switch|p1b: Amoonguss|Amoonguss, L50, F|100\/100\n|move|p2a: Maushold|Protect|p2a: Maushold\n|-singleturn|p2a: Maushold|Protect\n|move|p1a: Urshifu|Surging Strikes|p2a: Maushold\n|-crit|p2a: Maushold\n|-damage|p2a: Maushold|5\/100\n|-crit|p2a: Maushold\n|-damage|p2a: Maushold|0 fnt\n|faint|p2a: Maushold\n|-hitcount|p2: Maushold|2\n|move|p2b: Gholdengo|Make It Rain|p1b: Amoonguss|[spread] p1a,p1b\n|-resisted|p1a: Urshifu\n|-damage|p1a: Urshifu|29\/100\n|-damage|p1b: Amoonguss|15\/100\n|-unboost|p2b: Gholdengo|spa|1\n|-enditem|p1b: Amoonguss|Sitrus Berry|[eat]\n|-heal|p1b: Amoonguss|40\/100|[from] item: Sitrus Berry\n|\n|upkeep\n|\n|t:|1700408724\n|switch|p2a: Cresselia|Cresselia, L50, F|100\/100\n|turn|3\n|\n|t:|1700408734\n|move|p1a: Urshifu|Surging Strikes|p2b: Gholdengo\n|-crit|p2b: Gholdengo\n|-damage|p2b: Gholdengo|80\/100\n|-crit|p2b: Gholdengo\n|-damage|p2b: Gholdengo|61\/100\n|-crit|p2b: Gholdengo\n|-damage|p2b: Gholdengo|40\/100\n|-hitcount|p2b: Gholdengo|3\n|move|p2b: Gholdengo|Make It Rain|p1a: Urshifu|[spread] p1a,p1b\n|-resisted|p1a: Urshifu\n|-damage|p1a: Urshifu|0 fnt\n|-damage|p1b: Amoonguss|0 fnt\n|-unboost|p2b: Gholdengo|spa|1\n|faint|p1a: Urshifu\n|faint|p1b: Amoonguss\n|move|p2a: Cresselia|Lunar Blessing||[still]|[spread] \n|-immune|p2b: Gholdengo|[from] ability: Good as Gold\n|-fail|p2a: Cresselia\n|\n|-heal|p2b: Gholdengo|46\/100|[from] item: Leftovers\n|upkeep\n|\n|t:|1700408746\n|switch|p1a: Iron Hands|Iron Hands, L50|100\/100\n|switch|p1b: Gholdengo|Gholdengo, L50|100\/100\n|turn|4\n|\n|t:|1700408788\n|-terastallize|p1b: Gholdengo|Dragon\n|move|p2b: Gholdengo|Protect|p2b: Gholdengo\n|-singleturn|p2b: Gholdengo|Protect\n|move|p1b: Gholdengo|Nasty Plot|p1b: Gholdengo\n|-boost|p1b: Gholdengo|spa|2\n|move|p2a: Cresselia|Moonblast|p1a: Iron Hands\n|-supereffective|p1a: Iron Hands\n|-damage|p1a: Iron Hands|78\/100\n|move|p1a: Iron Hands|Heavy Slam|p2b: Gholdengo\n|-activate|p2b: Gholdengo|move: Protect\n|\n|-heal|p2b: Gholdengo|52\/100|[from] item: Leftovers\n|upkeep\n|turn|5\n|\n|t:|1700408817\n|move|p1b: Gholdengo|Shadow Ball|p2b: Gholdengo\n|-supereffective|p2b: Gholdengo\n|-damage|p2b: Gholdengo|0 fnt\n|faint|p2b: Gholdengo\n|move|p2a: Cresselia|Lunar Blessing||[still]\n|-fail|p2a: Cresselia\n|move|p1a: Iron Hands|Wild Charge|p2a: Cresselia\n|-damage|p2a: Cresselia|69\/100\n|-damage|p1a: Iron Hands|71\/100|[from] Recoil\n|\n|upkeep\n|\n|t:|1700408827\n|switch|p2b: Kommo-o|Kommo-o, L50, F|100\/100\n|turn|6\n|inactive|Battle timer is ON: inactive players will automatically lose when time's up. (requested by Mateo8009)\n|\n|t:|1700408870\n|move|p2a: Cresselia|Helping Hand|p2b: Kommo-o\n|-singleturn|p2b: Kommo-o|Helping Hand|[of] p2a: Cresselia\n|move|p1b: Gholdengo|Shadow Ball|p2a: Cresselia\n|-supereffective|p2a: Cresselia\n|-damage|p2a: Cresselia|0 fnt\n|faint|p2a: Cresselia\n|move|p2b: Kommo-o|Clanging Scales|p1a: Iron Hands|[spread] p1a,p1b\n|-supereffective|p1b: Gholdengo\n|-damage|p1a: Iron Hands|37\/100\n|-damage|p1b: Gholdengo|0 fnt\n|faint|p1b: Gholdengo\n|-unboost|p2b: Kommo-o|def|1\n|-enditem|p2b: Kommo-o|Throat Spray\n|-boost|p2b: Kommo-o|spa|1|[from] item: Throat Spray\n|move|p1a: Iron Hands|Drain Punch|p2b: Kommo-o\n|-damage|p2b: Kommo-o|38\/100\n|-heal|p1a: Iron Hands|56\/100|[from] drain|[of] p2b: Kommo-o\n|\n|upkeep\n|turn|7\n|\n|t:|1700408893\n|move|p2b: Kommo-o|Clanging Scales|p1a: Iron Hands\n|-damage|p1a: Iron Hands|5\/100\n|-unboost|p2b: Kommo-o|def|1\n|move|p1a: Iron Hands|Drain Punch|p2b: Kommo-o\n|-damage|p2b: Kommo-o|0 fnt\n|-heal|p1a: Iron Hands|17\/100|[from] drain|[of] p2b: Kommo-o\n|faint|p2b: Kommo-o\n|\n|win|whyismynamejeff\n|raw|whyismynamejeff's rating: 1088 &rarr; <strong>1109<\/strong><br \/>(+21 for winning)\n|raw|Mateo8009's rating: 1015 &rarr; <strong>1005<\/strong><br \/>(-10 for losing)\n|c|\u2606Mateo8009|hhaha gg\n|c|\u2606whyismynamejeff|woo\n|c|\u2606whyismynamejeff|gg\n","uploadtime":1700408911,"views":11,"p1id":"whyismynamejeff","p2id":"mateo8009","formatid":"gen9vgc2023regulatione","rating":1005,"private":0,"password":""}