{"id":"gen9vgc2023regulatione-1989425533","p1":"JeanRyuPR","p2":"Lbbones","format":"[Gen 9] VGC 2023 Regulation E","log":"|j|\u2606JeanRyuPR\n|j|\u2606Lbbones\n|n|\u2606JeanRyuPR|jeanryupr\n|n|\u2606Lbbones|lbbones\n|html|View the match progress at <a href=\"\/game-bestof3-gen9vgc2023regulatione-1989423678\">game-bestof3-gen9vgc2023regulatione-1989423678<\/a>\n|t:|1699848672\n|gametype|doubles\n|player|p1|JeanRyuPR|lance|\n|player|p2|Lbbones|169|\n|teamsize|p1|6\n|teamsize|p2|6\n|gen|9\n|tier|[Gen 9] VGC 2023 Regulation E\n|rule|Species Clause: Limit one of each Pok\u00e9mon\n|rule|Item Clause: Limit one of each item\n|clearpoke\n|poke|p1|Ogerpon-Wellspring, L50, F|\n|poke|p1|Farigiraf, L50, M|\n|poke|p1|Roaring Moon, L50|\n|poke|p1|Landorus-Therian, L50, M|\n|poke|p1|Rillaboom, L50, F|\n|poke|p1|Heatran, L50, M|\n|poke|p2|Tornadus, L50, M|\n|poke|p2|Mamoswine, L50, M|\n|poke|p2|Flutter Mane, L50|\n|poke|p2|Chi-Yu, L50|\n|poke|p2|Ogerpon-Wellspring, L50, F|\n|poke|p2|Iron Hands, L50|\n|teampreview|4\nJeanRyuPR has agreed to open team sheets.\n|\n|t:|1699848719\n|start\n|switch|p1a: Landorus|Landorus-Therian, L50, M|100\/100\n|switch|p1b: Heatran|Heatran, L50, M|100\/100\n|switch|p2a: Ogerpon|Ogerpon-Wellspring, L50, F|100\/100\n|switch|p2b: Mamoswine|Mamoswine, L50, M|100\/100\n|-ability|p1a: Landorus|Intimidate|boost\n|-unboost|p2a: Ogerpon|atk|1\n|-fail|p2b: Mamoswine|unboost|Attack|[from] ability: Oblivious|[of] p2b: Mamoswine\n|turn|1\n|\n|t:|1699848785\n|-terastallize|p2a: Ogerpon|Water\n|detailschange|p2a: Ogerpon|Ogerpon-Wellspring-Tera, L50, F, tera:Water\n|-ability|p2a: Ogerpon|Embody Aspect (Wellspring)|boost\n|-boost|p2a: Ogerpon|spd|1\n|move|p1b: Heatran|Protect|p1b: Heatran\n|-singleturn|p1b: Heatran|Protect\n|move|p2b: Mamoswine|Ice Shard|p1a: Landorus\n|-supereffective|p1a: Landorus\n|-damage|p1a: Landorus|0 fnt\n|faint|p1a: Landorus\n|move|p2a: Ogerpon|Ivy Cudgel|p1b: Heatran\n|-activate|p1b: Heatran|move: Protect\n|\n|upkeep\n|\n|t:|1699848804\n|switch|p1a: Rillaboom|Rillaboom, L50, F|100\/100\n|-fieldstart|move: Grassy Terrain|[from] ability: Grassy Surge|[of] p1a: Rillaboom\n|turn|2\n|\n|t:|1699848825\n|-terastallize|p1a: Rillaboom|Fire\n|move|p2b: Mamoswine|Ice Shard|p1a: Rillaboom\n|-resisted|p1a: Rillaboom\n|-damage|p1a: Rillaboom|90\/100\n|move|p2a: Ogerpon|Ivy Cudgel|p1b: Heatran\n|-supereffective|p1b: Heatran\n|-damage|p1b: Heatran|11\/100\n|move|p1a: Rillaboom|Wood Hammer|p2a: Ogerpon\n|-supereffective|p2a: Ogerpon\n|-damage|p2a: Ogerpon|0 fnt\n|faint|p2a: Ogerpon\n|-damage|p1a: Rillaboom|61\/100|[from] Recoil\n|move|p1b: Heatran|Heat Wave|p2b: Mamoswine\n|-supereffective|p2b: Mamoswine\n|-enditem|p2b: Mamoswine|Focus Sash\n|-damage|p2b: Mamoswine|1\/100\n|-damage|p1b: Heatran|2\/100|[from] item: Life Orb\n|\n|-heal|p2b: Mamoswine|7\/100|[from] Grassy Terrain\n|-heal|p1a: Rillaboom|67\/100|[from] Grassy Terrain\n|-heal|p1b: Heatran|8\/100|[from] Grassy Terrain\n|upkeep\n|\n|t:|1699848851\n|switch|p2a: Flutter Mane|Flutter Mane, L50|100\/100\n|turn|3\n|\n|t:|1699848874\n|switch|p1a: Farigiraf|Farigiraf, L50, M|100\/100\n|move|p1b: Heatran|Protect|p1b: Heatran\n|-singleturn|p1b: Heatran|Protect\n|move|p2b: Mamoswine|Ice Shard||[still]\n|cant|p1a: Farigiraf|ability: Armor Tail|Ice Shard|[of] p2b: Mamoswine\n|move|p2a: Flutter Mane|Dazzling Gleam|p1a: Farigiraf|[spread] p1a\n|-activate|p1b: Heatran|move: Protect\n|-damage|p1a: Farigiraf|66\/100\n|\n|-heal|p2b: Mamoswine|13\/100|[from] Grassy Terrain\n|-heal|p1b: Heatran|14\/100|[from] Grassy Terrain\n|-heal|p1a: Farigiraf|72\/100|[from] Grassy Terrain\n|upkeep\n|turn|4\n|\n|t:|1699848901\n|move|p2a: Flutter Mane|Moonblast|p1a: Farigiraf\n|-damage|p1a: Farigiraf|19\/100\n|-enditem|p1a: Farigiraf|Sitrus Berry|[eat]\n|-heal|p1a: Farigiraf|44\/100|[from] item: Sitrus Berry\n|move|p2b: Mamoswine|High Horsepower|p1b: Heatran\n|-supereffective|p1b: Heatran\n|-damage|p1b: Heatran|0 fnt\n|faint|p1b: Heatran\n|move|p1a: Farigiraf|Nasty Plot|p1a: Farigiraf\n|-boost|p1a: Farigiraf|spa|2\n|\n|-heal|p2b: Mamoswine|19\/100|[from] Grassy Terrain\n|-heal|p1a: Farigiraf|50\/100|[from] Grassy Terrain\n|upkeep\n|\n|t:|1699848914\n|switch|p1b: Rillaboom|Rillaboom, L50, F, tera:Fire|67\/100\n|turn|5\n|\n|t:|1699848936\n|move|p2a: Flutter Mane|Moonblast|p1a: Farigiraf\n|-damage|p1a: Farigiraf|0 fnt\n|faint|p1a: Farigiraf\n|move|p2b: Mamoswine|High Horsepower|p1b: Rillaboom\n|-supereffective|p1b: Rillaboom\n|-damage|p1b: Rillaboom|0 fnt\n|faint|p1b: Rillaboom\n|\n|win|Lbbones\n|c|&|\/uhtml prompt-jeanryupr,JeanRyuPR is ready for game 3!\n|inactive|Lbbones has 50 seconds to confirm battle start!\n","uploadtime":1699848951,"views":7,"p1id":"jeanryupr","p2id":"lbbones","formatid":"gen9vgc2023regulatione","rating":0,"private":0,"password":""}