{"id":"gen9vgc2023regulatione-1999180049","p1":"superinsaiyan18","p2":"poppo9090","format":"[Gen 9] VGC 2023 Regulation E","log":"|j|\u2606superinsaiyan18\n|j|\u2606poppo9090\n|t:|1701042130\n|gametype|doubles\n|player|p1|superinsaiyan18|guitarist|1421\n|player|p2|poppo9090|266|1354\n|teamsize|p1|6\n|teamsize|p2|6\n|gen|9\n|tier|[Gen 9] VGC 2023 Regulation E\n|rated|\n|rule|Species Clause: Limit one of each Pok\u00e9mon\n|rule|Item Clause: Limit one of each item\n|clearpoke\n|poke|p1|Goodra-Hisui, L50, M|\n|poke|p1|Ting-Lu, L50|\n|poke|p1|Sinistcha-Masterpiece, L50|\n|poke|p1|Cyclizar, L50, F|\n|poke|p1|Dondozo, L50, M|\n|poke|p1|Tatsugiri, L50, M|\n|poke|p2|Torterra, L50, F|\n|poke|p2|Ogerpon-Wellspring, L50, F|\n|poke|p2|Grimmsnarl, L50, M|\n|poke|p2|Flutter Mane, L50|\n|poke|p2|Urshifu-*, L50, M|\n|poke|p2|Cresselia, L50, F|\n|teampreview|4\n|inactive|Battle timer is ON: inactive players will automatically lose when time's up. (requested by superinsaiyan18)\nsuperinsaiyan18 rejected open team sheets.\n|inactive|poppo9090 has 60 seconds left.\n|\n|t:|1701042186\n|start\n|switch|p1a: Cyclizar|Cyclizar, L50, F|100\/100\n|switch|p1b: Dondozo|Dondozo, L50, M|100\/100\n|switch|p2a: Grimmsnarl|Grimmsnarl, L50, M|100\/100\n|switch|p2b: Torterra|Torterra, L50, F|100\/100\n|turn|1\n|\n|t:|1701042206\n|-terastallize|p2b: Torterra|Fairy\n|-terastallize|p1b: Dondozo|Dragon\n|move|p2a: Grimmsnarl|Light Screen|p2a: Grimmsnarl\n|-sidestart|p2: poppo9090|move: Light Screen\n|move|p1a: Cyclizar|Shed Tail|p1a: Cyclizar\n|-start|p1a: Cyclizar|Substitute|[from] move: Shed Tail\n|-damage|p1a: Cyclizar|50\/100\n|\n|t:|1701042214\n|switch|p1a: Tatsugiri|Tatsugiri, L50, M|100\/100|[from] Shed Tail\n|-activate|p1a: Tatsugiri|ability: Commander|[of] p1b: Dondozo\n|-boost|p1b: Dondozo|atk|2\n|-boost|p1b: Dondozo|spa|2\n|-boost|p1b: Dondozo|spe|2\n|-boost|p1b: Dondozo|def|2\n|-boost|p1b: Dondozo|spd|2\n|move|p1b: Dondozo|Wave Crash|p2a: Grimmsnarl\n|-damage|p2a: Grimmsnarl|0 fnt\n|faint|p2a: Grimmsnarl\n|-damage|p1b: Dondozo|74\/100|[from] Recoil\n|move|p2b: Torterra|Iron Defense|p2b: Torterra\n|-boost|p2b: Torterra|def|2\n|\n|upkeep\n|\n|t:|1701042231\n|switch|p2a: Flutter Mane|Flutter Mane, L50|100\/100\n|turn|2\n|\n|t:|1701042249\n|move|p2a: Flutter Mane|Dazzling Gleam|p1a: Tatsugiri|[spread] p1b\n|-miss|p2a: Flutter Mane|p1a: Tatsugiri\n|-supereffective|p1b: Dondozo\n|-damage|p1b: Dondozo|28\/100\n|move|p1b: Dondozo|Earthquake|p2a: Flutter Mane|[spread] p2a,p2b\n|-miss|p1b: Dondozo|p1a: Tatsugiri\n|-damage|p2a: Flutter Mane|1\/100\n|-damage|p2b: Torterra|70\/100\n|move|p2b: Torterra|Iron Defense|p2b: Torterra\n|-boost|p2b: Torterra|def|2\n|\n|upkeep\n|turn|3\n|\n|t:|1701042262\n|move|p2a: Flutter Mane|Dazzling Gleam|p1b: Dondozo|[spread] p1b\n|-miss|p2a: Flutter Mane|p1a: Tatsugiri\n|-supereffective|p1b: Dondozo\n|-damage|p1b: Dondozo|0 fnt\n|faint|p1b: Dondozo\n|move|p2b: Torterra|Iron Defense|p2b: Torterra\n|-boost|p2b: Torterra|def|2\n|\n|upkeep\n|\n|t:|1701042270\n|switch|p1b: Cyclizar|Cyclizar, L50, F|83\/100\n|turn|4\n|\n|t:|1701042281\n|move|p1b: Cyclizar|Shed Tail|p1b: Cyclizar\n|-start|p1b: Cyclizar|Substitute|[from] move: Shed Tail\n|-damage|p1b: Cyclizar|33\/100\n|\n|t:|1701042285\n|switch|p1b: Sinistcha|Sinistcha-Masterpiece, L50|100\/100|[from] Shed Tail\n|move|p2a: Flutter Mane|Dazzling Gleam|p1b: Sinistcha|[spread] p1a,p1b\n|-supereffective|p1a: Tatsugiri\n|-end|p1a: Tatsugiri|Substitute\n|-end|p1b: Sinistcha|Substitute\n|move|p1a: Tatsugiri|Icy Wind|p2b: Torterra|[spread] p2a,p2b\n|-damage|p2a: Flutter Mane|0 fnt\n|-damage|p2b: Torterra|62\/100\n|-unboost|p2b: Torterra|spe|1\n|faint|p2a: Flutter Mane\n|-end|p2a: Flutter Mane|Protosynthesis|[silent]\n|move|p2b: Torterra|Synthesis|p2b: Torterra\n|-heal|p2b: Torterra|100\/100\n|\n|upkeep\n|\n|t:|1701042296\n|switch|p2a: Ogerpon|Ogerpon-Wellspring, L50, F|100\/100\n|turn|5\n|inactive|poppo9090 has 30 seconds left.\n|\n|t:|1701042329\n|move|p2a: Ogerpon|Helping Hand|p2b: Torterra\n|-singleturn|p2b: Torterra|Helping Hand|[of] p2a: Ogerpon\n|move|p1a: Tatsugiri|Icy Wind|p2b: Torterra|[spread] p2a,p2b\n|-damage|p2a: Ogerpon|91\/100\n|-damage|p2b: Torterra|93\/100\n|-unboost|p2a: Ogerpon|spe|1\n|-unboost|p2b: Torterra|spe|1\n|move|p1b: Sinistcha|Strength Sap|p2a: Ogerpon\n|-unboost|p2a: Ogerpon|atk|1\n|move|p2b: Torterra|Body Press|p1a: Tatsugiri\n|-damage|p1a: Tatsugiri|0 fnt\n|faint|p1a: Tatsugiri\n|\n|upkeep\n|\n|t:|1701042338\n|switch|p1a: Cyclizar|Cyclizar, L50, F|66\/100\n|turn|6\n|\n|t:|1701042353\n|move|p1a: Cyclizar|Iron Head|p2b: Torterra\n|-supereffective|p2b: Torterra\n|-damage|p2b: Torterra|84\/100\n|move|p2a: Ogerpon|Ivy Cudgel|p1b: Sinistcha|[anim] Ivy Cudgel Water\n|-resisted|p1b: Sinistcha\n|-damage|p1b: Sinistcha|87\/100\n|move|p1b: Sinistcha|Strength Sap|p2b: Torterra\n|-unboost|p2b: Torterra|atk|1\n|-heal|p1b: Sinistcha|100\/100\n|move|p2b: Torterra|Body Press|p1a: Cyclizar\n|-supereffective|p1a: Cyclizar\n|-damage|p1a: Cyclizar|0 fnt\n|faint|p1a: Cyclizar\n|\n|upkeep\n|turn|7\n|\n|t:|1701042371\n|move|p2a: Ogerpon|Ivy Cudgel|p1b: Sinistcha|[anim] Ivy Cudgel Water\n|-resisted|p1b: Sinistcha\n|-crit|p1b: Sinistcha\n|-damage|p1b: Sinistcha|70\/100\n|move|p1b: Sinistcha|Matcha Gotcha|p2a: Ogerpon|[spread] p2a,p2b\n|-damage|p2a: Ogerpon|75\/100\n|-heal|p1b: Sinistcha|78\/100|[from] drain|[of] p2a: Ogerpon\n|-damage|p2b: Torterra|71\/100\n|-heal|p1b: Sinistcha|86\/100|[from] drain|[of] p2b: Torterra\n|move|p2b: Torterra|Amnesia|p2b: Torterra\n|-boost|p2b: Torterra|spd|2\n|\n|upkeep\n|turn|8\n|\n|t:|1701042389\n|move|p2a: Ogerpon|Ivy Cudgel|p1b: Sinistcha|[anim] Ivy Cudgel Water\n|-resisted|p1b: Sinistcha\n|-damage|p1b: Sinistcha|72\/100\n|move|p1b: Sinistcha|Matcha Gotcha|p2a: Ogerpon|[spread] p2a,p2b\n|-damage|p2a: Ogerpon|58\/100\n|-heal|p1b: Sinistcha|81\/100|[from] drain|[of] p2a: Ogerpon\n|-damage|p2b: Torterra|64\/100\n|-heal|p1b: Sinistcha|85\/100|[from] drain|[of] p2b: Torterra\n|move|p2b: Torterra|Amnesia|p2b: Torterra\n|-boost|p2b: Torterra|spd|2\n|\n|-sideend|p2: poppo9090|move: Light Screen\n|upkeep\n|turn|9\n|\n|t:|1701042403\n|move|p2a: Ogerpon|Ivy Cudgel|p1b: Sinistcha|[anim] Ivy Cudgel Water\n|-resisted|p1b: Sinistcha\n|-damage|p1b: Sinistcha|71\/100\n|move|p1b: Sinistcha|Matcha Gotcha|p2b: Torterra|[spread] p2a,p2b\n|-damage|p2a: Ogerpon|34\/100\n|-heal|p1b: Sinistcha|84\/100|[from] drain|[of] p2a: Ogerpon\n|-damage|p2b: Torterra|58\/100\n|-heal|p1b: Sinistcha|88\/100|[from] drain|[of] p2b: Torterra\n|move|p2b: Torterra|Amnesia|p2b: Torterra\n|-boost|p2b: Torterra|spd|2\n|\n|upkeep\n|turn|10\n|\n|t:|1701042426\n|move|p2a: Ogerpon|Ivy Cudgel|p1b: Sinistcha|[anim] Ivy Cudgel Water\n|-resisted|p1b: Sinistcha\n|-damage|p1b: Sinistcha|74\/100\n|move|p1b: Sinistcha|Matcha Gotcha|p2a: Ogerpon|[spread] p2a,p2b\n|-damage|p2a: Ogerpon|7\/100\n|-heal|p1b: Sinistcha|88\/100|[from] drain|[of] p2a: Ogerpon\n|-damage|p2b: Torterra|53\/100\n|-heal|p1b: Sinistcha|91\/100|[from] drain|[of] p2b: Torterra\n|-status|p2b: Torterra|brn\n|move|p2b: Torterra|Body Press|p1b: Sinistcha\n|-immune|p1b: Sinistcha\n|\n|-damage|p2b: Torterra|47\/100 brn|[from] brn\n|upkeep\n|-enditem|p2b: Torterra|Sitrus Berry|[eat]\n|-heal|p2b: Torterra|72\/100 brn|[from] item: Sitrus Berry\n|turn|11\n|\n|t:|1701042447\n|move|p2a: Ogerpon|Spiky Shield|p2a: Ogerpon\n|-singleturn|p2a: Ogerpon|move: Protect\n|move|p1b: Sinistcha|Matcha Gotcha|p2b: Torterra|[spread] \n|-activate|p2a: Ogerpon|move: Protect\n|-miss|p1b: Sinistcha|p2b: Torterra\n|move|p2b: Torterra|Body Press|p1b: Sinistcha\n|-immune|p1b: Sinistcha\n|\n|-damage|p2b: Torterra|66\/100 brn|[from] brn\n|upkeep\n|turn|12\n|\n|t:|1701042456\n|move|p2a: Ogerpon|Ivy Cudgel|p1b: Sinistcha|[anim] Ivy Cudgel Water\n|-resisted|p1b: Sinistcha\n|-crit|p1b: Sinistcha\n|-damage|p1b: Sinistcha|60\/100\n|move|p1b: Sinistcha|Matcha Gotcha|p2a: Ogerpon|[spread] p2a,p2b\n|-damage|p2a: Ogerpon|0 fnt\n|-heal|p1b: Sinistcha|63\/100|[from] drain|[of] p2a: Ogerpon\n|-damage|p2b: Torterra|61\/100 brn\n|-heal|p1b: Sinistcha|66\/100|[from] drain|[of] p2b: Torterra\n|faint|p2a: Ogerpon\n|move|p2b: Torterra|Body Press|p1b: Sinistcha\n|-immune|p1b: Sinistcha\n|\n|-damage|p2b: Torterra|55\/100 brn|[from] brn\n|upkeep\n|turn|13\n|\n|t:|1701042463\n|move|p1b: Sinistcha|Strength Sap|p2b: Torterra\n|-unboost|p2b: Torterra|atk|1\n|-heal|p1b: Sinistcha|100\/100\n|move|p2b: Torterra|Synthesis|p2b: Torterra\n|-heal|p2b: Torterra|100\/100 brn\n|\n|-damage|p2b: Torterra|95\/100 brn|[from] brn\n|upkeep\n|turn|14\n|\n|t:|1701042472\n|move|p1b: Sinistcha|Protect|p1b: Sinistcha\n|-singleturn|p1b: Sinistcha|Protect\n|move|p2b: Torterra|Iron Defense|p2b: Torterra\n|-boost|p2b: Torterra|def|0\n|\n|-damage|p2b: Torterra|89\/100 brn|[from] brn\n|upkeep\n|turn|15\n|\n|t:|1701042476\n|move|p1b: Sinistcha|Rage Powder|p1b: Sinistcha\n|-singleturn|p1b: Sinistcha|move: Rage Powder\n|move|p2b: Torterra|Iron Defense|p2b: Torterra\n|-boost|p2b: Torterra|def|0\n|\n|-damage|p2b: Torterra|83\/100 brn|[from] brn\n|upkeep\n|turn|16\n|c|\u2606poppo9090|GG\n|\n|t:|1701042483\n|move|p1b: Sinistcha|Protect|p1b: Sinistcha\n|-singleturn|p1b: Sinistcha|Protect\n|move|p2b: Torterra|Iron Defense|p2b: Torterra\n|-boost|p2b: Torterra|def|0\n|\n|-damage|p2b: Torterra|77\/100 brn|[from] brn\n|upkeep\n|turn|17\n|\n|t:|1701042485\n|move|p1b: Sinistcha|Rage Powder|p1b: Sinistcha\n|-singleturn|p1b: Sinistcha|move: Rage Powder\n|move|p2b: Torterra|Iron Defense|p2b: Torterra\n|-boost|p2b: Torterra|def|0\n|\n|-damage|p2b: Torterra|71\/100 brn|[from] brn\n|upkeep\n|turn|18\n|\n|t:|1701042488\n|move|p1b: Sinistcha|Protect|p1b: Sinistcha\n|-singleturn|p1b: Sinistcha|Protect\n|move|p2b: Torterra|Iron Defense|p2b: Torterra\n|-boost|p2b: Torterra|def|0\n|\n|-damage|p2b: Torterra|65\/100 brn|[from] brn\n|upkeep\n|turn|19\n|\n|t:|1701042490\n|move|p1b: Sinistcha|Rage Powder|p1b: Sinistcha\n|-singleturn|p1b: Sinistcha|move: Rage Powder\n|move|p2b: Torterra|Iron Defense|p2b: Torterra\n|-boost|p2b: Torterra|def|0\n|\n|-damage|p2b: Torterra|59\/100 brn|[from] brn\n|upkeep\n|turn|20\n|\n|t:|1701042491\n|move|p1b: Sinistcha|Protect|p1b: Sinistcha\n|-singleturn|p1b: Sinistcha|Protect\n|move|p2b: Torterra|Iron Defense|p2b: Torterra\n|-boost|p2b: Torterra|def|0\n|\n|-damage|p2b: Torterra|53\/100 brn|[from] brn\n|upkeep\n|turn|21\n|\n|t:|1701042493\n|move|p1b: Sinistcha|Rage Powder|p1b: Sinistcha\n|-singleturn|p1b: Sinistcha|move: Rage Powder\n|move|p2b: Torterra|Iron Defense|p2b: Torterra\n|-boost|p2b: Torterra|def|0\n|\n|-damage|p2b: Torterra|47\/100 brn|[from] brn\n|upkeep\n|turn|22\n|\n|t:|1701042499\n|move|p1b: Sinistcha|Matcha Gotcha|p2b: Torterra\n|-damage|p2b: Torterra|39\/100 brn\n|move|p2b: Torterra|Synthesis|p2b: Torterra\n|-heal|p2b: Torterra|89\/100 brn\n|\n|-damage|p2b: Torterra|83\/100 brn|[from] brn\n|upkeep\n|turn|23\n|\n|t:|1701042502\n|move|p1b: Sinistcha|Protect|p1b: Sinistcha\n|-singleturn|p1b: Sinistcha|Protect\n|move|p2b: Torterra|Iron Defense|p2b: Torterra\n|-boost|p2b: Torterra|def|0\n|\n|-damage|p2b: Torterra|77\/100 brn|[from] brn\n|upkeep\n|turn|24\n|\n|t:|1701042503\n|move|p1b: Sinistcha|Rage Powder|p1b: Sinistcha\n|-singleturn|p1b: Sinistcha|move: Rage Powder\n|move|p2b: Torterra|Iron Defense|p2b: Torterra\n|-boost|p2b: Torterra|def|0\n|\n|-damage|p2b: Torterra|71\/100 brn|[from] brn\n|upkeep\n|turn|25\n|\n|t:|1701042507\n|move|p1b: Sinistcha|Matcha Gotcha|p2b: Torterra|[miss]\n|-miss|p1b: Sinistcha|p2b: Torterra\n|move|p2b: Torterra|Iron Defense|p2b: Torterra\n|-boost|p2b: Torterra|def|0\n|\n|-damage|p2b: Torterra|65\/100 brn|[from] brn\n|upkeep\n|turn|26\n|\n|t:|1701042511\n|move|p1b: Sinistcha|Matcha Gotcha|p2b: Torterra\n|-damage|p2b: Torterra|58\/100 brn\n|move|p2b: Torterra|Iron Defense|p2b: Torterra\n|-boost|p2b: Torterra|def|0\n|\n|-damage|p2b: Torterra|52\/100 brn|[from] brn\n|upkeep\n|turn|27\n|\n|t:|1701042515\n|move|p1b: Sinistcha|Protect|p1b: Sinistcha\n|-singleturn|p1b: Sinistcha|Protect\n|move|p2b: Torterra|Iron Defense|p2b: Torterra\n|-boost|p2b: Torterra|def|0\n|\n|-damage|p2b: Torterra|46\/100 brn|[from] brn\n|upkeep\n|turn|28\n|\n|t:|1701042517\n|move|p1b: Sinistcha|Rage Powder|p1b: Sinistcha\n|-singleturn|p1b: Sinistcha|move: Rage Powder\n|move|p2b: Torterra|Synthesis|p2b: Torterra\n|-heal|p2b: Torterra|96\/100 brn\n|\n|-damage|p2b: Torterra|90\/100 brn|[from] brn\n|upkeep\n|turn|29\n|\n|t:|1701042524\n|move|p1b: Sinistcha|Matcha Gotcha|p2b: Torterra\n|-damage|p2b: Torterra|82\/100 brn\n|move|p2b: Torterra|Iron Defense|p2b: Torterra\n|-boost|p2b: Torterra|def|0\n|\n|-damage|p2b: Torterra|76\/100 brn|[from] brn\n|upkeep\n|turn|30\n|\n|t:|1701042527\n|move|p1b: Sinistcha|Rage Powder|p1b: Sinistcha\n|-singleturn|p1b: Sinistcha|move: Rage Powder\n|move|p2b: Torterra|Iron Defense|p2b: Torterra\n|-boost|p2b: Torterra|def|0\n|\n|-damage|p2b: Torterra|70\/100 brn|[from] brn\n|upkeep\n|turn|31\n|\n|t:|1701042529\n|move|p1b: Sinistcha|Rage Powder|p1b: Sinistcha\n|-singleturn|p1b: Sinistcha|move: Rage Powder\n|move|p2b: Torterra|Iron Defense|p2b: Torterra\n|-boost|p2b: Torterra|def|0\n|\n|-damage|p2b: Torterra|64\/100 brn|[from] brn\n|upkeep\n|turn|32\n|\n|t:|1701042530\n|move|p1b: Sinistcha|Rage Powder|p1b: Sinistcha\n|-singleturn|p1b: Sinistcha|move: Rage Powder\n|move|p2b: Torterra|Iron Defense|p2b: Torterra\n|-boost|p2b: Torterra|def|0\n|\n|-damage|p2b: Torterra|58\/100 brn|[from] brn\n|upkeep\n|turn|33\n|\n|t:|1701042532\n|move|p1b: Sinistcha|Rage Powder|p1b: Sinistcha\n|-singleturn|p1b: Sinistcha|move: Rage Powder\n|move|p2b: Torterra|Iron Defense|p2b: Torterra\n|-boost|p2b: Torterra|def|0\n|\n|-damage|p2b: Torterra|52\/100 brn|[from] brn\n|upkeep\n|turn|34\n|\n|t:|1701042534\n|move|p1b: Sinistcha|Rage Powder|p1b: Sinistcha\n|-singleturn|p1b: Sinistcha|move: Rage Powder\n|move|p2b: Torterra|Iron Defense|p2b: Torterra\n|-boost|p2b: Torterra|def|0\n|\n|-damage|p2b: Torterra|47\/100 brn|[from] brn\n|upkeep\n|turn|35\n|\n|t:|1701042535\n|move|p1b: Sinistcha|Rage Powder|p1b: Sinistcha\n|-singleturn|p1b: Sinistcha|move: Rage Powder\n|move|p2b: Torterra|Synthesis|p2b: Torterra\n|-heal|p2b: Torterra|97\/100 brn\n|\n|-damage|p2b: Torterra|91\/100 brn|[from] brn\n|upkeep\n|turn|36\n|\n|t:|1701042537\n|move|p1b: Sinistcha|Rage Powder|p1b: Sinistcha\n|-singleturn|p1b: Sinistcha|move: Rage Powder\n|move|p2b: Torterra|Iron Defense|p2b: Torterra\n|-boost|p2b: Torterra|def|0\n|\n|-damage|p2b: Torterra|85\/100 brn|[from] brn\n|upkeep\n|turn|37\n|\n|t:|1701042539\n|move|p1b: Sinistcha|Rage Powder|p1b: Sinistcha\n|-singleturn|p1b: Sinistcha|move: Rage Powder\n|move|p2b: Torterra|Iron Defense|p2b: Torterra\n|-boost|p2b: Torterra|def|0\n|\n|-damage|p2b: Torterra|79\/100 brn|[from] brn\n|upkeep\n|turn|38\n|\n|t:|1701042541\n|move|p1b: Sinistcha|Rage Powder|p1b: Sinistcha\n|-singleturn|p1b: Sinistcha|move: Rage Powder\n|move|p2b: Torterra|Amnesia|p2b: Torterra\n|-boost|p2b: Torterra|spd|0\n|\n|-damage|p2b: Torterra|73\/100 brn|[from] brn\n|upkeep\n|turn|39\n|\n|t:|1701042542\n|move|p1b: Sinistcha|Rage Powder|p1b: Sinistcha\n|-singleturn|p1b: Sinistcha|move: Rage Powder\n|move|p2b: Torterra|Amnesia|p2b: Torterra\n|-boost|p2b: Torterra|spd|0\n|\n|-damage|p2b: Torterra|67\/100 brn|[from] brn\n|upkeep\n|turn|40\n|\n|t:|1701042544\n|move|p1b: Sinistcha|Rage Powder|p1b: Sinistcha\n|-singleturn|p1b: Sinistcha|move: Rage Powder\n|move|p2b: Torterra|Amnesia|p2b: Torterra\n|-boost|p2b: Torterra|spd|0\n|\n|-damage|p2b: Torterra|61\/100 brn|[from] brn\n|upkeep\n|turn|41\n|\n|t:|1701042545\n|move|p1b: Sinistcha|Rage Powder|p1b: Sinistcha\n|-singleturn|p1b: Sinistcha|move: Rage Powder\n|move|p2b: Torterra|Amnesia|p2b: Torterra\n|-boost|p2b: Torterra|spd|0\n|\n|-damage|p2b: Torterra|55\/100 brn|[from] brn\n|upkeep\n|turn|42\n|\n|t:|1701042547\n|move|p1b: Sinistcha|Rage Powder|p1b: Sinistcha\n|-singleturn|p1b: Sinistcha|move: Rage Powder\n|move|p2b: Torterra|Amnesia|p2b: Torterra\n|-boost|p2b: Torterra|spd|0\n|\n|-damage|p2b: Torterra|49\/100 brn|[from] brn\n|upkeep\n|turn|43\n|\n|t:|1701042549\n|move|p1b: Sinistcha|Rage Powder|p1b: Sinistcha\n|-singleturn|p1b: Sinistcha|move: Rage Powder\n|move|p2b: Torterra|Synthesis|p2b: Torterra\n|-heal|p2b: Torterra|99\/100 brn\n|\n|-damage|p2b: Torterra|93\/100 brn|[from] brn\n|upkeep\n|turn|44\n|\n|t:|1701042551\n|move|p1b: Sinistcha|Rage Powder|p1b: Sinistcha\n|-singleturn|p1b: Sinistcha|move: Rage Powder\n|move|p2b: Torterra|Body Press|p1b: Sinistcha\n|-immune|p1b: Sinistcha\n|\n|-damage|p2b: Torterra|87\/100 brn|[from] brn\n|upkeep\n|turn|45\n|\n|t:|1701042553\n|move|p1b: Sinistcha|Rage Powder|p1b: Sinistcha\n|-singleturn|p1b: Sinistcha|move: Rage Powder\n|move|p2b: Torterra|Body Press|p1b: Sinistcha\n|-immune|p1b: Sinistcha\n|\n|-damage|p2b: Torterra|81\/100 brn|[from] brn\n|upkeep\n|turn|46\n|\n|t:|1701042555\n|move|p1b: Sinistcha|Rage Powder|p1b: Sinistcha\n|-singleturn|p1b: Sinistcha|move: Rage Powder\n|move|p2b: Torterra|Body Press|p1b: Sinistcha\n|-immune|p1b: Sinistcha\n|\n|-damage|p2b: Torterra|75\/100 brn|[from] brn\n|upkeep\n|turn|47\n|\n|t:|1701042559\n|move|p1b: Sinistcha|Rage Powder|p1b: Sinistcha\n|-singleturn|p1b: Sinistcha|move: Rage Powder\n|move|p2b: Torterra|Body Press|p1b: Sinistcha\n|-immune|p1b: Sinistcha\n|\n|-damage|p2b: Torterra|69\/100 brn|[from] brn\n|upkeep\n|turn|48\n|\n|t:|1701042562\n|move|p1b: Sinistcha|Rage Powder|p1b: Sinistcha\n|-singleturn|p1b: Sinistcha|move: Rage Powder\n|move|p2b: Torterra|Body Press|p1b: Sinistcha\n|-immune|p1b: Sinistcha\n|\n|-damage|p2b: Torterra|63\/100 brn|[from] brn\n|upkeep\n|turn|49\n|\n|t:|1701042563\n|move|p1b: Sinistcha|Rage Powder|p1b: Sinistcha\n|-singleturn|p1b: Sinistcha|move: Rage Powder\n|move|p2b: Torterra|Body Press|p1b: Sinistcha\n|-immune|p1b: Sinistcha\n|\n|-damage|p2b: Torterra|57\/100 brn|[from] brn\n|upkeep\n|turn|50\n|\n|t:|1701042566\n|move|p1b: Sinistcha|Rage Powder|p1b: Sinistcha\n|-singleturn|p1b: Sinistcha|move: Rage Powder\n|move|p2b: Torterra|Body Press|p1b: Sinistcha\n|-immune|p1b: Sinistcha\n|\n|-damage|p2b: Torterra|51\/100 brn|[from] brn\n|upkeep\n|turn|51\n|\n|t:|1701042569\n|move|p1b: Sinistcha|Rage Powder|p1b: Sinistcha\n|-singleturn|p1b: Sinistcha|move: Rage Powder\n|move|p2b: Torterra|Body Press|p1b: Sinistcha\n|-immune|p1b: Sinistcha\n|\n|-damage|p2b: Torterra|46\/100 brn|[from] brn\n|upkeep\n|turn|52\n|\n|t:|1701042570\n|move|p1b: Sinistcha|Rage Powder|p1b: Sinistcha\n|-singleturn|p1b: Sinistcha|move: Rage Powder\n|move|p2b: Torterra|Synthesis|p2b: Torterra\n|-heal|p2b: Torterra|96\/100 brn\n|\n|-damage|p2b: Torterra|90\/100 brn|[from] brn\n|upkeep\n|turn|53\n|\n|t:|1701042572\n|move|p1b: Sinistcha|Rage Powder|p1b: Sinistcha\n|-singleturn|p1b: Sinistcha|move: Rage Powder\n|move|p2b: Torterra|Body Press|p1b: Sinistcha\n|-immune|p1b: Sinistcha\n|\n|-damage|p2b: Torterra|84\/100 brn|[from] brn\n|upkeep\n|turn|54\n|\n|t:|1701042575\n|move|p1b: Sinistcha|Rage Powder|p1b: Sinistcha\n|-singleturn|p1b: Sinistcha|move: Rage Powder\n|move|p2b: Torterra|Body Press|p1b: Sinistcha\n|-immune|p1b: Sinistcha\n|\n|-damage|p2b: Torterra|78\/100 brn|[from] brn\n|upkeep\n|turn|55\n|\n|t:|1701042576\n|move|p1b: Sinistcha|Rage Powder|p1b: Sinistcha\n|-singleturn|p1b: Sinistcha|move: Rage Powder\n|move|p2b: Torterra|Body Press|p1b: Sinistcha\n|-immune|p1b: Sinistcha\n|\n|-damage|p2b: Torterra|72\/100 brn|[from] brn\n|upkeep\n|turn|56\n|\n|t:|1701042579\n|move|p1b: Sinistcha|Matcha Gotcha|p2b: Torterra\n|-damage|p2b: Torterra|64\/100 brn\n|move|p2b: Torterra|Amnesia|p2b: Torterra\n|-boost|p2b: Torterra|spd|0\n|\n|-damage|p2b: Torterra|58\/100 brn|[from] brn\n|upkeep\n|turn|57\n|\n|t:|1701042581\n|move|p1b: Sinistcha|Matcha Gotcha|p2b: Torterra\n|-damage|p2b: Torterra|50\/100 brn\n|move|p2b: Torterra|Amnesia|p2b: Torterra\n|-boost|p2b: Torterra|spd|0\n|\n|-damage|p2b: Torterra|45\/100 brn|[from] brn\n|upkeep\n|turn|58\n|\n|t:|1701042583\n|move|p1b: Sinistcha|Matcha Gotcha|p2b: Torterra\n|-damage|p2b: Torterra|37\/100 brn\n|move|p2b: Torterra|Synthesis|p2b: Torterra\n|-heal|p2b: Torterra|87\/100 brn\n|\n|-damage|p2b: Torterra|81\/100 brn|[from] brn\n|upkeep\n|turn|59\n|\n|t:|1701042588\n|move|p1b: Sinistcha|Matcha Gotcha|p2b: Torterra\n|-damage|p2b: Torterra|74\/100 brn\n|move|p2b: Torterra|Amnesia|p2b: Torterra\n|-boost|p2b: Torterra|spd|0\n|\n|-damage|p2b: Torterra|68\/100 brn|[from] brn\n|upkeep\n|turn|60\n|\n|t:|1701042592\n|move|p1b: Sinistcha|Matcha Gotcha|p2b: Torterra\n|-damage|p2b: Torterra|60\/100 brn\n|move|p2b: Torterra|Amnesia|p2b: Torterra\n|-boost|p2b: Torterra|spd|0\n|\n|-damage|p2b: Torterra|54\/100 brn|[from] brn\n|upkeep\n|turn|61\n|\n|t:|1701042593\n|move|p1b: Sinistcha|Matcha Gotcha|p2b: Torterra\n|-damage|p2b: Torterra|47\/100 brn\n|move|p2b: Torterra|Amnesia|p2b: Torterra\n|-boost|p2b: Torterra|spd|0\n|\n|-damage|p2b: Torterra|41\/100 brn|[from] brn\n|upkeep\n|turn|62\n|\n|t:|1701042595\n|move|p1b: Sinistcha|Matcha Gotcha|p2b: Torterra\n|-damage|p2b: Torterra|33\/100 brn\n|move|p2b: Torterra|Amnesia|p2b: Torterra\n|-boost|p2b: Torterra|spd|0\n|\n|-damage|p2b: Torterra|27\/100 brn|[from] brn\n|upkeep\n|turn|63\n|\n|t:|1701042597\n|move|p1b: Sinistcha|Matcha Gotcha|p2b: Torterra\n|-damage|p2b: Torterra|20\/100 brn\n|move|p2b: Torterra|Amnesia|p2b: Torterra\n|-boost|p2b: Torterra|spd|0\n|\n|-damage|p2b: Torterra|14\/100 brn|[from] brn\n|upkeep\n|turn|64\n|\n|t:|1701042599\n|move|p1b: Sinistcha|Matcha Gotcha|p2b: Torterra\n|-damage|p2b: Torterra|6\/100 brn\n|move|p2b: Torterra|Amnesia|p2b: Torterra\n|-boost|p2b: Torterra|spd|0\n|\n|-damage|p2b: Torterra|0 fnt|[from] brn\n|faint|p2b: Torterra\n|\n|win|superinsaiyan18\n|upkeep\n|raw|superinsaiyan18's rating: 1421 &rarr; <strong>1437<\/strong><br \/>(+16 for winning)\n|raw|poppo9090's rating: 1354 &rarr; <strong>1338<\/strong><br \/>(-16 for losing)\n|l|\u2606poppo9090\n","uploadtime":1701042615,"views":4,"p1id":"superinsaiyan18","p2id":"poppo9090","formatid":"gen9vgc2023regulatione","rating":1338,"private":0,"password":""}