{"id":"gen9vgc2023regulatione-1998275122","p1":"Willipino","p2":"carrotbeafsteak","format":"[Gen 9] VGC 2023 Regulation E","log":"|j|\u2606Willipino\n|j|\u2606carrotbeafsteak\n|t:|1700923366\n|gametype|doubles\n|player|p1|Willipino|2|1463\n|player|p2|carrotbeafsteak|169|1505\n|teamsize|p1|6\n|teamsize|p2|6\n|gen|9\n|tier|[Gen 9] VGC 2023 Regulation E\n|rated|\n|rule|Species Clause: Limit one of each Pok\u00e9mon\n|rule|Item Clause: Limit one of each item\n|clearpoke\n|poke|p1|Tornadus, L50, M|\n|poke|p1|Heatran, L50, M|\n|poke|p1|Farigiraf, L50, F|\n|poke|p1|Rillaboom, L50, M|\n|poke|p1|Iron Bundle, L50|\n|poke|p1|Urshifu-*, L50, M|\n|poke|p2|Cresselia, L50, F|\n|poke|p2|Jolteon, L50, M|\n|poke|p2|Salamence, L50, F|\n|poke|p2|Ogerpon, L50, F|\n|poke|p2|Heatran, L50, M|\n|poke|p2|Iron Treads, L50|\n|teampreview|4\n|j| Tech_Error\n|inactive|Battle timer is ON: inactive players will automatically lose when time's up. (requested by Willipino)\nWillipino has agreed to open team sheets.\n|l|\u2606Willipino\n|inactive|Willipino disconnected and has a minute to reconnect!\n|player|p1|\n|\n|t:|1700923426\n|start\n|switch|p1a: Tornadus|Tornadus, L50, M|100\/100\n|switch|p1b: Heatran|Heatran, L50, M|100\/100\n|switch|p2a: Ogerpon|Ogerpon, L50, F|100\/100\n|switch|p2b: Heatran|Heatran, L50, M|100\/100\n|turn|1\n|j|\u2606Willipino\n|inactive|Willipino reconnected and has 55 seconds left.\n|player|p1|Willipino|2\n|inactive|Willipino has 30 seconds left.\n|inactive|carrotbeafsteak has 30 seconds left.\n|inactive|carrotbeafsteak has 20 seconds left.\n|inactive|carrotbeafsteak has 15 seconds left.\n|\n|t:|1700923469\n|-terastallize|p1b: Heatran|Fairy\n|move|p2b: Heatran|Protect|p2b: Heatran\n|-singleturn|p2b: Heatran|Protect\n|move|p1a: Tornadus|Tailwind|p1a: Tornadus\n|-sidestart|p1: Willipino|move: Tailwind\n|move|p1b: Heatran|Earth Power|p2b: Heatran\n|-activate|p2b: Heatran|move: Protect\n|move|p2a: Ogerpon|Low Kick|p1b: Heatran\n|-resisted|p1b: Heatran\n|-damage|p1b: Heatran|82\/100\n|\n|upkeep\n|turn|2\n|inactive|carrotbeafsteak has 30 seconds left.\n|\n|t:|1700923499\n|switch|p2b: Salamence|Salamence, L50, F|100\/100\n|-ability|p2b: Salamence|Intimidate|boost\n|-unboost|p1a: Tornadus|atk|1\n|-unboost|p1b: Heatran|atk|1\n|move|p1a: Tornadus|Bleakwind Storm|p2a: Ogerpon|[spread] p2a,p2b\n|-supereffective|p2a: Ogerpon\n|-damage|p2a: Ogerpon|4\/100\n|-damage|p2b: Salamence|72\/100\n|move|p1b: Heatran|Flash Cannon|p2b: Salamence\n|-damage|p2b: Salamence|32\/100\n|-damage|p1b: Heatran|72\/100|[from] item: Life Orb\n|move|p2a: Ogerpon|Ivy Cudgel|p1b: Heatran\n|-damage|p1b: Heatran|26\/100\n|\n|upkeep\n|turn|3\n|inactive|Willipino has 30 seconds left.\n|inactive|Willipino has 20 seconds left.\n|\n|t:|1700923538\n|switch|p2b: Heatran|Heatran, L50, M|100\/100\n|move|p2a: Ogerpon|Spiky Shield|p2a: Ogerpon\n|-singleturn|p2a: Ogerpon|move: Protect\n|move|p1a: Tornadus|Bleakwind Storm|p2a: Ogerpon|[spread] p2b\n|-activate|p2a: Ogerpon|move: Protect\n|-resisted|p2b: Heatran\n|-damage|p2b: Heatran|85\/100\n|-unboost|p2b: Heatran|spe|1\n|move|p1b: Heatran|Heat Wave|p2a: Ogerpon|[spread] \n|-activate|p2a: Ogerpon|move: Protect\n|-start|p2b: Heatran|ability: Flash Fire\n|\n|upkeep\n|turn|4\n|inactive|Willipino has 30 seconds left.\n|inactive|carrotbeafsteak has 30 seconds left.\n|inactive|Willipino has 20 seconds left.\n|\n|t:|1700923575\n|move|p1a: Tornadus|Protect|p1a: Tornadus\n|-singleturn|p1a: Tornadus|Protect\n|move|p1b: Heatran|Flash Cannon|p2b: Heatran\n|-resisted|p2b: Heatran\n|-damage|p2b: Heatran|72\/100\n|-damage|p1b: Heatran|16\/100|[from] item: Life Orb\n|move|p2a: Ogerpon|Ivy Cudgel|p1b: Heatran\n|-damage|p1b: Heatran|0 fnt\n|faint|p1b: Heatran\n|move|p2b: Heatran|Tera Blast|p1a: Tornadus\n|-activate|p1a: Tornadus|move: Protect\n|\n|-sideend|p1: Willipino|move: Tailwind\n|upkeep\n|\n|t:|1700923585\n|switch|p1b: Iron Bundle|Iron Bundle, L50, shiny|100\/100\n|-enditem|p1b: Iron Bundle|Booster Energy\n|-activate|p1b: Iron Bundle|ability: Quark Drive|[fromitem]\n|-start|p1b: Iron Bundle|quarkdrivespe\n|turn|5\n|\n|t:|1700923607\n|move|p1a: Tornadus|Tailwind|p1a: Tornadus\n|-sidestart|p1: Willipino|move: Tailwind\n|move|p1b: Iron Bundle|Hydro Pump|p2b: Heatran|[miss]\n|-miss|p1b: Iron Bundle|p2b: Heatran\n|move|p2a: Ogerpon|Ivy Cudgel|p1b: Iron Bundle\n|-supereffective|p1b: Iron Bundle\n|-damage|p1b: Iron Bundle|0 fnt\n|faint|p1b: Iron Bundle\n|-end|p1b: Iron Bundle|Quark Drive|[silent]\n|move|p2b: Heatran|Heat Wave|p1a: Tornadus\n|-damage|p1a: Tornadus|0 fnt\n|faint|p1a: Tornadus\n|-damage|p2b: Heatran|62\/100|[from] item: Life Orb\n|\n|upkeep\n|\n|t:|1700923615\n|switch|p1b: Rillaboom|Rillaboom, L50, M|100\/100\n|-fieldstart|move: Grassy Terrain|[from] ability: Grassy Surge|[of] p1b: Rillaboom\n|turn|6\n|\n|t:|1700923628\n|move|p2a: Ogerpon|Spiky Shield|p2a: Ogerpon\n|-singleturn|p2a: Ogerpon|move: Protect\n|move|p2b: Heatran|Protect|p2b: Heatran\n|-singleturn|p2b: Heatran|Protect\n|move|p1b: Rillaboom|Grassy Glide|p2b: Heatran\n|-activate|p2b: Heatran|move: Protect\n|\n|-heal|p2a: Ogerpon|10\/100|[from] Grassy Terrain\n|-heal|p2b: Heatran|68\/100|[from] Grassy Terrain\n|upkeep\n|turn|7\n|\n|t:|1700923637\n|move|p1b: Rillaboom|Grassy Glide|p2a: Ogerpon\n|-resisted|p2a: Ogerpon\n|-damage|p2a: Ogerpon|0 fnt\n|faint|p2a: Ogerpon\n|move|p2b: Heatran|Heat Wave|p1b: Rillaboom|[miss]\n|-miss|p2b: Heatran|p1b: Rillaboom\n|\n|-heal|p2b: Heatran|74\/100|[from] Grassy Terrain\n|upkeep\n|\n|t:|1700923646\n|switch|p2a: Jolteon|Jolteon, L50, M|100\/100\n|turn|8\n|\n|t:|1700923650\n|move|p2a: Jolteon|Protect|p2a: Jolteon\n|-singleturn|p2a: Jolteon|Protect\n|move|p2b: Heatran|Protect|p2b: Heatran\n|-singleturn|p2b: Heatran|Protect\n|move|p1b: Rillaboom|High Horsepower|p2b: Heatran\n|-activate|p2b: Heatran|move: Protect\n|\n|-heal|p2b: Heatran|80\/100|[from] Grassy Terrain\n|-sideend|p1: Willipino|move: Tailwind\n|upkeep\n|turn|9\n|\n|t:|1700923655\n|-terastallize|p2b: Heatran|Fairy\n|move|p2a: Jolteon|Yawn|p1b: Rillaboom\n|-start|p1b: Rillaboom|move: Yawn|[of] p2a: Jolteon\n|move|p1b: Rillaboom|High Horsepower|p2b: Heatran\n|-damage|p2b: Heatran|53\/100\n|move|p2b: Heatran|Heat Wave|p1b: Rillaboom\n|-supereffective|p1b: Rillaboom\n|-damage|p1b: Rillaboom|0 fnt\n|faint|p1b: Rillaboom\n|-damage|p2b: Heatran|43\/100|[from] item: Life Orb\n|\n|win|carrotbeafsteak\n|raw|Willipino's rating: 1463 &rarr; <strong>1445<\/strong><br \/>(-18 for losing)\n|raw|carrotbeafsteak's rating: 1505 &rarr; <strong>1523<\/strong><br \/>(+18 for winning)\n","uploadtime":1700923665,"views":6,"p1id":"willipino","p2id":"carrotbeafsteak","formatid":"gen9vgc2023regulatione","rating":1445,"private":0,"password":""}