{"id":"gen9vgc2023regulatione-1994299859","p1":"DarkFlame2013","p2":"Kavarlin","format":"[Gen 9] VGC 2023 Regulation E","log":"|j|\u2606DarkFlame2013\n|j|\u2606Kavarlin\n|t:|1700428587\n|gametype|doubles\n|player|p1|DarkFlame2013|cynthia|1026\n|player|p2|Kavarlin|169|1070\n|teamsize|p1|6\n|teamsize|p2|6\n|gen|9\n|tier|[Gen 9] VGC 2023 Regulation E\n|rated|\n|rule|Species Clause: Limit one of each Pok\u00e9mon\n|rule|Item Clause: Limit one of each item\n|clearpoke\n|poke|p1|Dondozo, L50, M|\n|poke|p1|Gothitelle, L50, F|\n|poke|p1|Scream Tail, L50|\n|poke|p1|Tatsugiri, L50, F|\n|poke|p1|Ditto, L50|\n|poke|p1|Decidueye-Hisui, L50, M|\n|poke|p2|Landorus-Therian, L50, M|\n|poke|p2|Tyranitar, L50, F|\n|poke|p2|Corviknight, L50, M|\n|poke|p2|Gholdengo, L50|\n|poke|p2|Houndstone, L50, F|\n|poke|p2|Enamorus-Therian, L50, F|\n|teampreview|4\n|inactive|Battle timer is ON: inactive players will automatically lose when time's up. (requested by Kavarlin)\n|inactive|DarkFlame2013 also wants the timer to be on.\n|inactive|Kavarlin has 60 seconds left.\n|inactive|Kavarlin has 30 seconds left.\n|\n|t:|1700428651\n|start\n|switch|p1a: Scream Tail|Scream Tail, L50|100\/100\n|switch|p1b: Tatsugiri|Tatsugiri, L50, F|100\/100\n|switch|p2a: Tyranitar|Tyranitar, L50, F|100\/100\n|switch|p2b: Houndstone|Houndstone, L50, F|100\/100\n|-weather|Sandstorm|[from] ability: Sand Stream|[of] p2a: Tyranitar\n|-enditem|p1a: Scream Tail|Booster Energy\n|-activate|p1a: Scream Tail|ability: Protosynthesis|[fromitem]\n|-start|p1a: Scream Tail|protosynthesisspe\n|turn|1\n|inactive|Kavarlin has 30 seconds left.\n|inactive|Kavarlin has 20 seconds left.\n|\n|t:|1700428687\n|move|p1b: Tatsugiri|Protect|p1b: Tatsugiri\n|-singleturn|p1b: Tatsugiri|Protect\n|move|p1a: Scream Tail|Perish Song|p1a: Scream Tail\n|-start|p1a: Scream Tail|perish3|[silent]\n|-start|p1b: Tatsugiri|perish3|[silent]\n|-start|p2a: Tyranitar|perish3|[silent]\n|-start|p2b: Houndstone|perish3|[silent]\n|-fieldactivate|move: Perish Song\n|move|p2b: Houndstone|Will-O-Wisp|p1a: Scream Tail\n|-status|p1a: Scream Tail|brn\n|move|p2a: Tyranitar|Rock Slide|p1a: Scream Tail|[spread] p1a\n|-activate|p1b: Tatsugiri|move: Protect\n|-damage|p1a: Scream Tail|77\/100 brn\n|\n|-weather|Sandstorm|[upkeep]\n|-damage|p1a: Scream Tail|71\/100 brn|[from] Sandstorm\n|-damage|p1b: Tatsugiri|95\/100|[from] Sandstorm\n|-damage|p1a: Scream Tail|65\/100 brn|[from] brn\n|-start|p1a: Scream Tail|perish3\n|-start|p2b: Houndstone|perish3\n|-start|p1b: Tatsugiri|perish3\n|-start|p2a: Tyranitar|perish3\n|upkeep\n|turn|2\n|inactive|DarkFlame2013 has 30 seconds left.\n|inactive|Kavarlin has 30 seconds left.\n|\n|t:|1700428717\n|-end|p1a: Scream Tail|Protosynthesis|[silent]\n|switch|p1a: Dondozo|Dondozo, L50, M|100\/100\n|-activate|p1b: Tatsugiri|ability: Commander|[of] p1a: Dondozo\n|-boost|p1a: Dondozo|atk|2\n|-boost|p1a: Dondozo|spa|2\n|-boost|p1a: Dondozo|spe|2\n|-boost|p1a: Dondozo|def|2\n|-boost|p1a: Dondozo|spd|2\n|switch|p2a: Corviknight|Corviknight, L50, M|100\/100\n|move|p2b: Houndstone|Will-O-Wisp|p1b: Tatsugiri|[miss]\n|-miss|p2b: Houndstone|p1b: Tatsugiri\n|\n|-weather|Sandstorm|[upkeep]\n|-damage|p1b: Tatsugiri|89\/100|[from] Sandstorm\n|-damage|p1a: Dondozo|94\/100|[from] Sandstorm\n|-start|p2b: Houndstone|perish2\n|-start|p1b: Tatsugiri|perish2\n|upkeep\n|turn|3\n|\n|t:|1700428741\n|switch|p2b: Enamorus|Enamorus-Therian, L50, F|100\/100\n|move|p1a: Dondozo|Order Up|p2a: Corviknight\n|-resisted|p2a: Corviknight\n|-damage|p2a: Corviknight|80\/100\n|-boost|p1a: Dondozo|atk|1\n|move|p2a: Corviknight|Bulk Up|p2a: Corviknight\n|-boost|p2a: Corviknight|atk|1\n|-boost|p2a: Corviknight|def|1\n|\n|-weather|Sandstorm|[upkeep]\n|-damage|p1b: Tatsugiri|84\/100|[from] Sandstorm\n|-damage|p1a: Dondozo|88\/100|[from] Sandstorm\n|-start|p1b: Tatsugiri|perish1\n|upkeep\n|turn|4\n|\n|t:|1700428761\n|-terastallize|p1a: Dondozo|Water\n|move|p1a: Dondozo|Wave Crash|p2a: Corviknight\n|-damage|p2a: Corviknight|0 fnt\n|faint|p2a: Corviknight\n|-damage|p1a: Dondozo|67\/100|[from] Recoil\n|move|p2b: Enamorus|Misty Terrain|p2b: Enamorus\n|-fieldstart|move: Misty Terrain\n|\n|-weather|Sandstorm|[upkeep]\n|-damage|p1b: Tatsugiri|78\/100|[from] Sandstorm\n|-damage|p1a: Dondozo|61\/100|[from] Sandstorm\n|-start|p1b: Tatsugiri|perish0\n|faint|p1b: Tatsugiri\n|upkeep\n|\n|t:|1700428779\n|switch|p1b: Ditto|Ditto, L50|100\/100\n|switch|p2a: Houndstone|Houndstone, L50, F|100\/100\n|turn|5\n|inactive|DarkFlame2013 has 30 seconds left.\n|\n|t:|1700428805\n|move|p2a: Houndstone|Will-O-Wisp|p1a: Dondozo\n|-activate|p1a: Dondozo|move: Misty Terrain\n|move|p1b: Ditto|Transform|p1a: Dondozo\n|-transform|p1b: Ditto|p1a: Dondozo\n|move|p1a: Dondozo|Wave Crash|p2b: Enamorus\n|-damage|p2b: Enamorus|0 fnt\n|faint|p2b: Enamorus\n|-damage|p1a: Dondozo|38\/100|[from] Recoil\n|\n|-weather|none\n|upkeep\n|-message|Kavarlin forfeited.\n|\n|win|DarkFlame2013\n|raw|DarkFlame2013's rating: 1026 &rarr; <strong>1067<\/strong><br \/>(+41 for winning)\n|raw|Kavarlin's rating: 1070 &rarr; <strong>1047<\/strong><br \/>(-23 for losing)\n|l|\u2606Kavarlin\n","uploadtime":1700428862,"views":24,"p1id":"darkflame2013","p2id":"kavarlin","formatid":"gen9vgc2023regulatione","rating":1047,"private":0,"password":""}