{"id":"gen9vgc2023regulatione-1988764289","p1":"Burrow213","p2":"Papsy","format":"[Gen 9] VGC 2023 Regulation E","log":"|j|\u2606Burrow213\n|j|\u2606Papsy\n|t:|1699760124\n|gametype|doubles\n|player|p1|Burrow213|102|1368\n|player|p2|Papsy|265|1324\n|teamsize|p1|6\n|teamsize|p2|6\n|gen|9\n|tier|[Gen 9] VGC 2023 Regulation E\n|rated|\n|rule|Species Clause: Limit one of each Pok\u00e9mon\n|rule|Item Clause: Limit one of each item\n|clearpoke\n|poke|p1|Ogerpon, L50, F|\n|poke|p1|Chien-Pao, L50|\n|poke|p1|Arcanine-Hisui, L50, F|\n|poke|p1|Urshifu-*, L50, F|\n|poke|p1|Roaring Moon, L50|\n|poke|p1|Thundurus-Therian, L50, M|\n|poke|p2|Kingambit, L50, F|\n|poke|p2|Landorus-Therian, L50, M|\n|poke|p2|Rillaboom, L50, F|\n|poke|p2|Ogerpon-Wellspring, L50, F|\n|poke|p2|Arcanine-Hisui, L50, F|\n|poke|p2|Flutter Mane, L50|\n|teampreview|4\nBurrow213 has agreed to open team sheets.\n|inactive|Battle timer is ON: inactive players will automatically lose when time's up. (requested by Burrow213)\n|inactive|Papsy has 60 seconds left.\n|inactive|Papsy has 30 seconds left.\n|inactive|Papsy has 20 seconds left.\n|inactive|Papsy has 15 seconds left.\n|inactive|Papsy has 10 seconds left.\n|inactive|Papsy has 5 seconds left.\n|\n|t:|1699760251\n|start\n|switch|p1a: Roaring Moon|Roaring Moon, L50|100\/100\n|switch|p1b: Ogerpon|Ogerpon, L50, F|100\/100\n|switch|p2a: Kingambit|Kingambit, L50, F|100\/100\n|switch|p2b: Flutter Mane|Flutter Mane, L50|100\/100\n|-enditem|p1a: Roaring Moon|Booster Energy\n|-activate|p1a: Roaring Moon|ability: Protosynthesis|[fromitem]\n|-start|p1a: Roaring Moon|protosynthesisspe\n|-enditem|p2b: Flutter Mane|Booster Energy\n|-activate|p2b: Flutter Mane|ability: Protosynthesis|[fromitem]\n|-start|p2b: Flutter Mane|protosynthesisspa\n|turn|1\n|inactive|Burrow213 has 30 seconds left.\n|\n|t:|1699760280\n|-terastallize|p1b: Ogerpon|Grass\n|detailschange|p1b: Ogerpon|Ogerpon-Teal-Tera, L50, F, tera:Grass\n|-ability|p1b: Ogerpon|Embody Aspect (Teal)|boost\n|-boost|p1b: Ogerpon|spe|1\n|move|p1a: Roaring Moon|Protect|p1a: Roaring Moon\n|-singleturn|p1a: Roaring Moon|Protect\n|move|p1b: Ogerpon|Ivy Cudgel|p2b: Flutter Mane\n|-damage|p2b: Flutter Mane|0 fnt\n|faint|p2b: Flutter Mane\n|-end|p2b: Flutter Mane|Protosynthesis|[silent]\n|move|p2a: Kingambit|Swords Dance|p2a: Kingambit\n|-boost|p2a: Kingambit|atk|2\n|\n|upkeep\n|\n|t:|1699760288\n|switch|p2b: Rillaboom|Rillaboom, L50, F|100\/100\n|-fieldstart|move: Grassy Terrain|[from] ability: Grassy Surge|[of] p2b: Rillaboom\n|turn|2\n|inactive|Burrow213 has 30 seconds left.\n|\n|t:|1699760323\n|move|p2b: Rillaboom|Fake Out|p1a: Roaring Moon\n|-damage|p1a: Roaring Moon|83\/100\n|cant|p1a: Roaring Moon|flinch\n|move|p1b: Ogerpon|Stomping Tantrum|p2a: Kingambit\n|-supereffective|p2a: Kingambit\n|-damage|p2a: Kingambit|66\/100\n|move|p2a: Kingambit|Kowtow Cleave|p1a: Roaring Moon\n|-resisted|p1a: Roaring Moon\n|-damage|p1a: Roaring Moon|5\/100\n|\n|-heal|p1a: Roaring Moon|11\/100|[from] Grassy Terrain\n|-heal|p2a: Kingambit|72\/100|[from] Grassy Terrain\n|upkeep\n|turn|3\n|inactive|Burrow213 has 30 seconds left.\n|inactive|Papsy has 30 seconds left.\n|inactive|Burrow213 has 20 seconds left.\n|inactive|Papsy has 20 seconds left.\n|inactive|Papsy has 15 seconds left.\n|inactive|Papsy has 10 seconds left.\n|inactive|Papsy has 5 seconds left.\n|\n|t:|1699760374\n|move|p2b: Rillaboom|Grassy Glide|p1a: Roaring Moon\n|-resisted|p1a: Roaring Moon\n|-damage|p1a: Roaring Moon|0 fnt\n|faint|p1a: Roaring Moon\n|-end|p1a: Roaring Moon|Protosynthesis|[silent]\n|move|p2a: Kingambit|Sucker Punch|p1b: Ogerpon\n|-damage|p1b: Ogerpon|0 fnt\n|faint|p1b: Ogerpon\n|\n|-heal|p2a: Kingambit|77\/100|[from] Grassy Terrain\n|upkeep\n|\n|t:|1699760386\n|switch|p1a: Chien-Pao|Chien-Pao, L50|100\/100\n|switch|p1b: Urshifu|Urshifu-Rapid-Strike, L50, F|100\/100\n|-ability|p1a: Chien-Pao|Sword of Ruin\n|turn|4\n|\n|t:|1699760397\n|move|p1b: Urshifu|Detect|p1b: Urshifu\n|-singleturn|p1b: Urshifu|Protect\n|move|p2b: Rillaboom|Grassy Glide|p1a: Chien-Pao\n|-damage|p1a: Chien-Pao|46\/100\n|move|p2a: Kingambit|Sucker Punch|p1a: Chien-Pao\n|-resisted|p1a: Chien-Pao\n|-damage|p1a: Chien-Pao|0 fnt\n|faint|p1a: Chien-Pao\n|\n|-heal|p2a: Kingambit|83\/100|[from] Grassy Terrain\n|upkeep\n|turn|5\n|-message|Burrow213 forfeited.\n|\n|win|Papsy\n|raw|Burrow213's rating: 1368 &rarr; <strong>1345<\/strong><br \/>(-23 for losing)\n|raw|Papsy's rating: 1324 &rarr; <strong>1347<\/strong><br \/>(+23 for winning)\n|l|\u2606Burrow213\n","uploadtime":1699760412,"views":9,"p1id":"burrow213","p2id":"papsy","formatid":"gen9vgc2023regulatione","rating":1345,"private":0,"password":""}