{"id":"gen9vgc2023regulatione-1988066541","p1":"r2thecool","p2":"ProToDiend","format":"[Gen 9] VGC 2023 Regulation E","log":"|j|\u2606r2thecool\n|j|\u2606ProToDiend\n|t:|1699665440\n|gametype|doubles\n|player|p1|r2thecool|falkner|1321\n|player|p2|ProToDiend|169|1317\n|teamsize|p1|6\n|teamsize|p2|6\n|gen|9\n|tier|[Gen 9] VGC 2023 Regulation E\n|rated|\n|rule|Species Clause: Limit one of each Pok\u00e9mon\n|rule|Item Clause: Limit one of each item\n|clearpoke\n|poke|p1|Tyranitar, L50, M|\n|poke|p1|Houndstone, L50, F|\n|poke|p1|Arcanine-Hisui, L50, F|\n|poke|p1|Empoleon, L50, F|\n|poke|p1|Rillaboom, L50, M|\n|poke|p1|Wugtrio, L50, M|\n|poke|p2|Indeedee-F, L50, F|\n|poke|p2|Armarouge, L50, F|\n|poke|p2|Iron Hands, L50|\n|poke|p2|Roaring Moon, L50|\n|poke|p2|Sylveon, L50, F|\n|poke|p2|Milotic, L50, M|\n|teampreview|4\n|inactive|Battle timer is ON: inactive players will automatically lose when time's up. (requested by r2thecool)\n|\n|t:|1699665460\n|start\n|switch|p1a: Wugtrio|Wugtrio, L50, M|100\/100\n|switch|p1b: Tyranitar|Tyranitar, L50, M|100\/100\n|switch|p2a: Indeedee|Indeedee-F, L50, F|100\/100\n|switch|p2b: Armarouge|Armarouge, L50, F|100\/100\n|-weather|Sandstorm|[from] ability: Sand Stream|[of] p1b: Tyranitar\n|-fieldstart|move: Psychic Terrain|[from] ability: Psychic Surge|[of] p2a: Indeedee\n|turn|1\n|\n|t:|1699665480\n|switch|p1a: Rillaboom|Rillaboom, L50, M|100\/100\n|-fieldstart|move: Grassy Terrain|[from] ability: Grassy Surge|[of] p1a: Rillaboom\n|move|p2a: Indeedee|Follow Me|p2a: Indeedee\n|-singleturn|p2a: Indeedee|move: Follow Me\n|move|p1b: Tyranitar|Knock Off|p2a: Indeedee\n|-supereffective|p2a: Indeedee\n|-damage|p2a: Indeedee|0 fnt\n|-damage|p1b: Tyranitar|84\/100|[from] item: Rocky Helmet|[of] p2a: Indeedee\n|-enditem|p2a: Indeedee|Rocky Helmet|[from] move: Knock Off|[of] p1b: Tyranitar\n|faint|p2a: Indeedee\n|move|p2b: Armarouge|Trick Room|p2b: Armarouge\n|-fieldstart|move: Trick Room|[of] p2b: Armarouge\n|\n|-weather|Sandstorm|[upkeep]\n|-damage|p2b: Armarouge|95\/100|[from] Sandstorm\n|-damage|p1a: Rillaboom|95\/100|[from] Sandstorm\n|-heal|p2b: Armarouge|100\/100|[from] Grassy Terrain\n|-heal|p1b: Tyranitar|90\/100|[from] Grassy Terrain\n|-heal|p1a: Rillaboom|100\/100|[from] Grassy Terrain\n|upkeep\n|\n|t:|1699665501\n|switch|p2a: Sylveon|Sylveon, L50, F|100\/100\n|turn|2\n|\n|t:|1699665512\n|move|p2a: Sylveon|Protect|p2a: Sylveon\n|-singleturn|p2a: Sylveon|Protect\n|move|p2b: Armarouge|Protect|p2b: Armarouge\n|-singleturn|p2b: Armarouge|Protect\n|move|p1a: Rillaboom|Fake Out|p2a: Sylveon\n|-activate|p2a: Sylveon|move: Protect\n|move|p1b: Tyranitar|Rock Slide|p2a: Sylveon|[spread] \n|-activate|p2a: Sylveon|move: Protect\n|-activate|p2b: Armarouge|move: Protect\n|\n|-weather|Sandstorm|[upkeep]\n|-damage|p2a: Sylveon|95\/100|[from] Sandstorm\n|-damage|p2b: Armarouge|95\/100|[from] Sandstorm\n|-damage|p1a: Rillaboom|95\/100|[from] Sandstorm\n|-heal|p2a: Sylveon|100\/100|[from] Grassy Terrain\n|-heal|p2b: Armarouge|100\/100|[from] Grassy Terrain\n|-heal|p1b: Tyranitar|96\/100|[from] Grassy Terrain\n|-heal|p1a: Rillaboom|100\/100|[from] Grassy Terrain\n|upkeep\n|turn|3\n|inactive|r2thecool has 30 seconds left.\n|\n|t:|1699665541\n|-terastallize|p1b: Tyranitar|Fairy\n|move|p1a: Rillaboom|Protect|p1a: Rillaboom\n|-singleturn|p1a: Rillaboom|Protect\n|move|p2a: Sylveon|Hyper Voice|p1b: Tyranitar|[spread] p1b\n|-activate|p1a: Rillaboom|move: Protect\n|-damage|p1b: Tyranitar|64\/100\n|move|p2b: Armarouge|Flamethrower|p1a: Rillaboom\n|-activate|p1a: Rillaboom|move: Protect\n|move|p1b: Tyranitar|Rock Slide|p2b: Armarouge|[spread] p2a,p2b\n|-supereffective|p2b: Armarouge\n|-damage|p2a: Sylveon|64\/100\n|-damage|p2b: Armarouge|42\/100\n|\n|-weather|Sandstorm|[upkeep]\n|-damage|p2a: Sylveon|59\/100|[from] Sandstorm\n|-damage|p2b: Armarouge|36\/100|[from] Sandstorm\n|-damage|p1b: Tyranitar|58\/100|[from] Sandstorm\n|-damage|p1a: Rillaboom|95\/100|[from] Sandstorm\n|-heal|p2a: Sylveon|64\/100|[from] Grassy Terrain\n|-heal|p2b: Armarouge|42\/100|[from] Grassy Terrain\n|-heal|p1b: Tyranitar|64\/100|[from] Grassy Terrain\n|-heal|p1a: Rillaboom|100\/100|[from] Grassy Terrain\n|upkeep\n|turn|4\n|inactive|ProToDiend has 30 seconds left.\n|\n|t:|1699665570\n|move|p1a: Rillaboom|Grassy Glide|p2a: Sylveon\n|-damage|p2a: Sylveon|11\/100\n|move|p2a: Sylveon|Hyper Voice|p1b: Tyranitar|[spread] p1a,p1b\n|-damage|p1a: Rillaboom|38\/100\n|-damage|p1b: Tyranitar|31\/100\n|move|p2b: Armarouge|Flamethrower|p1a: Rillaboom\n|-supereffective|p1a: Rillaboom\n|-damage|p1a: Rillaboom|0 fnt\n|faint|p1a: Rillaboom\n|-damage|p2b: Armarouge|33\/100|[from] item: Life Orb\n|move|p1b: Tyranitar|Rock Slide|p2a: Sylveon|[spread] p2a,p2b\n|-supereffective|p2b: Armarouge\n|-damage|p2a: Sylveon|0 fnt\n|-damage|p2b: Armarouge|0 fnt\n|faint|p2a: Sylveon\n|faint|p2b: Armarouge\n|\n|-weather|Sandstorm|[upkeep]\n|-damage|p1b: Tyranitar|25\/100|[from] Sandstorm\n|-heal|p1b: Tyranitar|31\/100|[from] Grassy Terrain\n|upkeep\n|\n|t:|1699665589\n|switch|p2b: Iron Hands|Iron Hands, L50|100\/100\n|switch|p1a: Wugtrio|Wugtrio, L50, M|100\/100\n|turn|5\n|\n|t:|1699665602\n|switch|p1b: Empoleon|Empoleon, L50, F|100\/100\n|move|p1a: Wugtrio|Protect|p1a: Wugtrio\n|-singleturn|p1a: Wugtrio|Protect\n|move|p2b: Iron Hands|Heavy Slam|p1b: Empoleon\n|-resisted|p1b: Empoleon\n|-damage|p1b: Empoleon|92\/100\n|\n|-weather|none\n|-heal|p1b: Empoleon|98\/100|[from] Grassy Terrain\n|-heal|p1b: Empoleon|100\/100|[from] item: Leftovers\n|-fieldend|move: Trick Room\n|-fieldend|move: Grassy Terrain\n|upkeep\n|turn|6\n|\n|t:|1699665621\n|switch|p1b: Tyranitar|Tyranitar, L50, M, tera:Fairy|31\/100\n|-weather|Sandstorm|[from] ability: Sand Stream|[of] p1b: Tyranitar\n|move|p1a: Wugtrio|Sand Attack|p2b: Iron Hands\n|-unboost|p2b: Iron Hands|accuracy|1\n|move|p2b: Iron Hands|Drain Punch|p1b: Tyranitar\n|-resisted|p1b: Tyranitar\n|-damage|p1b: Tyranitar|11\/100\n|\n|-weather|Sandstorm|[upkeep]\n|-damage|p1b: Tyranitar|5\/100|[from] Sandstorm\n|-damage|p2b: Iron Hands|94\/100|[from] Sandstorm\n|upkeep\n|turn|7\n|\n|t:|1699665637\n|move|p1a: Wugtrio|Sand Attack|p2b: Iron Hands\n|-unboost|p2b: Iron Hands|accuracy|1\n|move|p1b: Tyranitar|Tera Blast|p2b: Iron Hands|[anim] Tera Blast Fairy\n|-supereffective|p2b: Iron Hands\n|-damage|p2b: Iron Hands|30\/100\n|move|p2b: Iron Hands|Wild Charge|p1a: Wugtrio|[miss]\n|-miss|p2b: Iron Hands|p1a: Wugtrio\n|\n|-weather|Sandstorm|[upkeep]\n|-damage|p1b: Tyranitar|0 fnt|[from] Sandstorm\n|-damage|p2b: Iron Hands|23\/100|[from] Sandstorm\n|faint|p1b: Tyranitar\n|upkeep\n|-message|ProToDiend forfeited.\n|\n|win|r2thecool\n|raw|r2thecool's rating: 1321 &rarr; <strong>1341<\/strong><br \/>(+20 for winning)\n|raw|ProToDiend's rating: 1317 &rarr; <strong>1297<\/strong><br \/>(-20 for losing)\n|l|\u2606ProToDiend\n","uploadtime":1699665651,"views":71,"p1id":"r2thecool","p2id":"protodiend","formatid":"gen9vgc2023regulatione","rating":1297,"private":0,"password":""}