{"id":"gen9vgc2023regulatione-1989864735","p1":"jackfabo","p2":"RileyBrielle","format":"[Gen 9] VGC 2023 Regulation E","log":"|j|\u2606jackfabo\n|j|\u2606RileyBrielle\n|t:|1699902144\n|gametype|doubles\n|player|p1|jackfabo|collector|1072\n|player|p2|RileyBrielle|dawn-gen4pt|1046\n|teamsize|p1|6\n|teamsize|p2|6\n|gen|9\n|tier|[Gen 9] VGC 2023 Regulation E\n|rated|\n|rule|Species Clause: Limit one of each Pok\u00e9mon\n|rule|Item Clause: Limit one of each item\n|clearpoke\n|poke|p1|Ninetales-Alola, L50, F|\n|poke|p1|Landorus-Therian, L50, M|\n|poke|p1|Regieleki, L50|\n|poke|p1|Ogerpon-Hearthflame, L50, F|\n|poke|p1|Empoleon, L50, F|\n|poke|p1|Dragonite, L50, F|\n|poke|p2|Roaring Moon, L50|\n|poke|p2|Landorus-Therian, L50, M|\n|poke|p2|Amoonguss, L50, F|\n|poke|p2|Ogerpon-Wellspring, L50, F|\n|poke|p2|Flutter Mane, L50|\n|poke|p2|Iron Hands, L50|\n|teampreview|4\n|inactive|Battle timer is ON: inactive players will automatically lose when time's up. (requested by jackfabo)\n|inactive|jackfabo has 60 seconds left.\n|\n|t:|1699902197\n|start\n|switch|p1a: Ninetales|Ninetales-Alola, L50, F, shiny|100\/100\n|switch|p1b: Empoleon|Empoleon, L50, F, shiny|100\/100\n|switch|p2a: Ogerpon|Ogerpon-Wellspring, L50, F|100\/100\n|switch|p2b: Roaring Moon|Roaring Moon, L50, shiny|100\/100\n|-weather|Snow|[from] ability: Snow Warning|[of] p1a: Ninetales\n|-enditem|p2b: Roaring Moon|Booster Energy\n|-activate|p2b: Roaring Moon|ability: Protosynthesis|[fromitem]\n|-start|p2b: Roaring Moon|protosynthesisatk\n|turn|1\n|inactive|jackfabo has 30 seconds left.\n|inactive|RileyBrielle has 30 seconds left.\n|inactive|RileyBrielle has 20 seconds left.\n|\n|t:|1699902234\n|move|p2b: Roaring Moon|Tailwind|p2b: Roaring Moon\n|-sidestart|p2: RileyBrielle|move: Tailwind\n|move|p2a: Ogerpon|Swords Dance|p2a: Ogerpon\n|-boost|p2a: Ogerpon|atk|2\n|move|p1a: Ninetales|Aurora Veil|p1a: Ninetales\n|-sidestart|p1: jackfabo|move: Aurora Veil\n|move|p1b: Empoleon|Yawn|p2a: Ogerpon\n|-start|p2a: Ogerpon|move: Yawn|[of] p1b: Empoleon\n|\n|-weather|Snow|[upkeep]\n|upkeep\n|turn|2\n|inactive|jackfabo has 30 seconds left.\n|inactive|RileyBrielle has 30 seconds left.\n|\n|t:|1699902264\n|move|p2b: Roaring Moon|Knock Off|p1b: Empoleon\n|-damage|p1b: Empoleon|65\/100\n|-enditem|p1b: Empoleon|Sitrus Berry|[from] move: Knock Off|[of] p2b: Roaring Moon\n|move|p2a: Ogerpon|Ivy Cudgel|p1a: Ninetales\n|-damage|p1a: Ninetales|52\/100\n|move|p1a: Ninetales|Moonblast|p2b: Roaring Moon\n|-supereffective|p2b: Roaring Moon\n|-damage|p2b: Roaring Moon|0 fnt\n|faint|p2b: Roaring Moon\n|-end|p2b: Roaring Moon|Protosynthesis|[silent]\n|move|p1b: Empoleon|Yawn||[still]\n|-fail|p1b: Empoleon\n|\n|-weather|Snow|[upkeep]\n|-end|p2a: Ogerpon|move: Yawn|[silent]\n|-status|p2a: Ogerpon|slp\n|upkeep\n|\n|t:|1699902279\n|switch|p2b: Landorus|Landorus-Therian, L50, M|100\/100\n|-ability|p2b: Landorus|Intimidate|boost\n|-unboost|p1a: Ninetales|atk|1\n|-unboost|p1b: Empoleon|atk|1\n|-ability|p1b: Empoleon|Competitive|boost\n|-boost|p1b: Empoleon|spa|2\n|turn|3\n|inactive|RileyBrielle has 30 seconds left.\n|\n|t:|1699902307\n|move|p2b: Landorus|U-turn|p1b: Empoleon\n|-resisted|p1b: Empoleon\n|-damage|p1b: Empoleon|58\/100\n|\n|t:|1699902309\n|switch|p2b: Iron Hands|Iron Hands, L50|100\/100|[from] U-turn\n|cant|p2a: Ogerpon|slp\n|move|p1a: Ninetales|Moonblast|p2a: Ogerpon\n|-damage|p2a: Ogerpon|71\/100 slp\n|-unboost|p2a: Ogerpon|spa|1\n|move|p1b: Empoleon|Water Pledge|p2b: Iron Hands\n|-damage|p2b: Iron Hands|62\/100\n|\n|-weather|Snow|[upkeep]\n|upkeep\n|turn|4\n|inactive|jackfabo has 30 seconds left.\n|inactive|RileyBrielle has 30 seconds left.\n|\n|t:|1699902340\n|cant|p2a: Ogerpon|slp\n|move|p2b: Iron Hands|Fake Out|p1b: Empoleon\n|-resisted|p1b: Empoleon\n|-damage|p1b: Empoleon|53\/100\n|move|p1a: Ninetales|Moonblast|p2b: Iron Hands\n|-supereffective|p2b: Iron Hands\n|-damage|p2b: Iron Hands|28\/100\n|cant|p1b: Empoleon|flinch\n|\n|-weather|Snow|[upkeep]\n|-sideend|p2: RileyBrielle|move: Tailwind\n|upkeep\n|turn|5\n|\n|t:|1699902358\n|cant|p2a: Ogerpon|slp\n|move|p1a: Ninetales|Moonblast|p2b: Iron Hands\n|-supereffective|p2b: Iron Hands\n|-damage|p2b: Iron Hands|0 fnt\n|faint|p2b: Iron Hands\n|-end|p2b: Iron Hands|Quark Drive|[silent]\n|move|p1b: Empoleon|Flash Cannon|p2a: Ogerpon\n|-resisted|p2a: Ogerpon\n|-damage|p2a: Ogerpon|42\/100 slp\n|\n|-weather|none\n|upkeep\n|\n|t:|1699902368\n|switch|p2b: Landorus|Landorus-Therian, L50, M|100\/100\n|-ability|p2b: Landorus|Intimidate|boost\n|-unboost|p1a: Ninetales|atk|1\n|-unboost|p1b: Empoleon|atk|1\n|-ability|p1b: Empoleon|Competitive|boost\n|-boost|p1b: Empoleon|spa|2\n|turn|6\n|\n|t:|1699902384\n|-terastallize|p2b: Landorus|Flying\n|move|p2b: Landorus|Tera Blast|p1b: Empoleon|[anim] Tera Blast Flying\n|-resisted|p1b: Empoleon\n|-damage|p1b: Empoleon|38\/100\n|-curestatus|p2a: Ogerpon|slp|[msg]\n|move|p2a: Ogerpon|Horn Leech|p1a: Ninetales\n|-damage|p1a: Ninetales|0 fnt\n|-heal|p2a: Ogerpon|65\/100|[from] drain|[of] p1a: Ninetales\n|faint|p1a: Ninetales\n|move|p1b: Empoleon|Flash Cannon|p2a: Ogerpon\n|-resisted|p2a: Ogerpon\n|-damage|p2a: Ogerpon|16\/100\n|\n|upkeep\n|\n|t:|1699902400\n|switch|p1a: Dragonite|Dragonite, L50, F|100\/100\n|turn|7\n|\n|t:|1699902412\n|-terastallize|p1a: Dragonite|Flying\n|move|p1a: Dragonite|Extreme Speed|p2a: Ogerpon\n|-damage|p2a: Ogerpon|0 fnt\n|faint|p2a: Ogerpon\n|move|p2b: Landorus|Tera Blast|p1a: Dragonite|[anim] Tera Blast Flying\n|-damage|p1a: Dragonite|81\/100\n|move|p1b: Empoleon|Flash Cannon|p2b: Landorus\n|-damage|p2b: Landorus|0 fnt\n|faint|p2b: Landorus\n|\n|win|jackfabo\n|raw|jackfabo's rating: 1072 &rarr; <strong>1099<\/strong><br \/>(+27 for winning)\n|raw|RileyBrielle's rating: 1046 &rarr; <strong>1030<\/strong><br \/>(-16 for losing)\n","uploadtime":1699902424,"views":14,"p1id":"jackfabo","p2id":"rileybrielle","formatid":"gen9vgc2023regulatione","rating":1030,"private":0,"password":""}