{"id":"gen9vgc2023regulatione-2000586527","p1":"newusernovice","p2":"CovetousWheat15","format":"[Gen 9] VGC 2023 Regulation E","log":"|j|\u2606newusernovice\n|j|\u2606CovetousWheat15\n|t:|1701207859\n|gametype|doubles\n|player|p1|newusernovice|brawly|1272\n|player|p2|CovetousWheat15|102|1281\n|teamsize|p1|6\n|teamsize|p2|6\n|gen|9\n|tier|[Gen 9] VGC 2023 Regulation E\n|rated|\n|rule|Species Clause: Limit one of each Pok\u00e9mon\n|rule|Item Clause: Limit one of each item\n|clearpoke\n|poke|p1|Kingambit, L50, M|\n|poke|p1|Iron Hands, L50|\n|poke|p1|Tornadus, L50, M|\n|poke|p1|Amoonguss, L50, M|\n|poke|p1|Arcanine-Hisui, L50, M|\n|poke|p1|Landorus-Therian, L50, M|\n|poke|p2|Annihilape, L50, F|\n|poke|p2|Cresselia, L50, F|\n|poke|p2|Azumarill, L50, M|\n|poke|p2|Arcanine, L50, M|\n|poke|p2|Ursaluna, L50, F|\n|poke|p2|Amoonguss, L50, F|\n|teampreview|4\n|inactive|Battle timer is ON: inactive players will automatically lose when time's up. (requested by CovetousWheat15)\n|inactive|newusernovice also wants the timer to be on.\n|inactive|newusernovice has 60 seconds left.\n|\n|t:|1701207895\n|start\n|switch|p1a: Landorus|Landorus-Therian, L50, M|100\/100\n|switch|p1b: Iron Hands|Iron Hands, L50, shiny|100\/100\n|switch|p2a: Cresselia|Cresselia, L50, F|100\/100\n|switch|p2b: Annihilape|Annihilape, L50, F|100\/100\n|-ability|p1a: Landorus|Intimidate|boost\n|-unboost|p2a: Cresselia|atk|1\n|-unboost|p2b: Annihilape|atk|1\n|-ability|p2b: Annihilape|Defiant|boost\n|-boost|p2b: Annihilape|atk|2\n|turn|1\n|inactive|CovetousWheat15 has 30 seconds left.\n|\n|t:|1701207921\n|move|p1b: Iron Hands|Fake Out|p2a: Cresselia\n|-damage|p2a: Cresselia|89\/100\n|move|p1a: Landorus|U-turn|p2a: Cresselia\n|-supereffective|p2a: Cresselia\n|-damage|p2a: Cresselia|29\/100\n|\n|t:|1701207930\n|switch|p1a: Kingambit|Kingambit, L50, M, shiny|100\/100|[from] U-turn\n|move|p2b: Annihilape|Bulk Up|p2b: Annihilape\n|-boost|p2b: Annihilape|atk|1\n|-boost|p2b: Annihilape|def|1\n|cant|p2a: Cresselia|flinch\n|\n|upkeep\n|turn|2\n|inactive|newusernovice has 30 seconds left.\n|inactive|CovetousWheat15 has 30 seconds left.\n|\n|t:|1701207969\n|-terastallize|p1a: Kingambit|Fairy\n|move|p2b: Annihilape|Drain Punch|p1a: Kingambit\n|-resisted|p1a: Kingambit\n|-damage|p1a: Kingambit|74\/100\n|move|p1a: Kingambit|Tera Blast|p2b: Annihilape|[anim] Tera Blast Fairy\n|-supereffective|p2b: Annihilape\n|-damage|p2b: Annihilape|31\/100\n|-damage|p1a: Kingambit|64\/100|[from] item: Life Orb\n|move|p1b: Iron Hands|Wild Charge|p2b: Annihilape\n|-damage|p2b: Annihilape|1\/100\n|-damage|p1b: Iron Hands|94\/100|[from] Recoil\n|move|p2a: Cresselia|Trick Room|p2a: Cresselia\n|-fieldstart|move: Trick Room|[of] p2a: Cresselia\n|\n|upkeep\n|turn|3\n|inactive|newusernovice has 30 seconds left.\n|inactive|newusernovice has 20 seconds left.\n|inactive|newusernovice has 15 seconds left.\n|inactive|newusernovice has 10 seconds left.\n|\n|t:|1701208019\n|move|p2b: Annihilape|Protect|p2b: Annihilape\n|-singleturn|p2b: Annihilape|Protect\n|move|p1b: Iron Hands|Wild Charge|p2b: Annihilape\n|-activate|p2b: Annihilape|move: Protect\n|move|p1a: Kingambit|Kowtow Cleave|p2a: Cresselia\n|-supereffective|p2a: Cresselia\n|-crit|p2a: Cresselia\n|-damage|p2a: Cresselia|0 fnt\n|faint|p2a: Cresselia\n|-damage|p1a: Kingambit|54\/100|[from] item: Life Orb\n|\n|upkeep\n|\n|t:|1701208033\n|switch|p2a: Ursaluna|Ursaluna, L50, F|100\/100\n|turn|4\n|inactive|newusernovice has 30 seconds left.\n|inactive|newusernovice has 20 seconds left.\n|inactive|newusernovice has 15 seconds left.\n|inactive|newusernovice has 10 seconds left.\n|\n|t:|1701208082\n|move|p2a: Ursaluna|Headlong Rush|p1b: Iron Hands\n|-supereffective|p1b: Iron Hands\n|-damage|p1b: Iron Hands|8\/100\n|-unboost|p2a: Ursaluna|def|1\n|-unboost|p2a: Ursaluna|spd|1\n|-enditem|p1b: Iron Hands|Sitrus Berry|[eat]\n|-heal|p1b: Iron Hands|33\/100|[from] item: Sitrus Berry\n|move|p1b: Iron Hands|Drain Punch|p2a: Ursaluna\n|-supereffective|p2a: Ursaluna\n|-damage|p2a: Ursaluna|9\/100\n|-heal|p1b: Iron Hands|78\/100|[from] drain|[of] p2a: Ursaluna\n|move|p1a: Kingambit|Kowtow Cleave|p2b: Annihilape\n|-damage|p2b: Annihilape|0 fnt\n|faint|p2b: Annihilape\n|-damage|p1a: Kingambit|44\/100|[from] item: Life Orb\n|\n|-status|p2a: Ursaluna|brn|[from] item: Flame Orb\n|upkeep\n|\n|t:|1701208101\n|switch|p2b: Arcanine|Arcanine, L50, M|100\/100\n|-ability|p2b: Arcanine|Intimidate|boost\n|-unboost|p1a: Kingambit|atk|1\n|-ability|p1a: Kingambit|Defiant|boost\n|-boost|p1a: Kingambit|atk|2\n|-unboost|p1b: Iron Hands|atk|1\n|turn|5\n|\n|t:|1701208113\n|move|p1a: Kingambit|Sucker Punch|p2a: Ursaluna\n|-damage|p2a: Ursaluna|0 fnt\n|faint|p2a: Ursaluna\n|-damage|p1a: Kingambit|34\/100|[from] item: Life Orb\n|move|p1b: Iron Hands|Drain Punch|p2b: Arcanine\n|-damage|p2b: Arcanine|64\/100\n|-heal|p1b: Iron Hands|90\/100|[from] drain|[of] p2b: Arcanine\n|move|p2b: Arcanine|Will-O-Wisp|p1b: Iron Hands|[miss]\n|-miss|p2b: Arcanine|p1b: Iron Hands\n|\n|upkeep\n|turn|6\n|\n|t:|1701208128\n|move|p2b: Arcanine|Extreme Speed|p1a: Kingambit\n|-damage|p1a: Kingambit|17\/100\n|move|p1b: Iron Hands|Drain Punch|p2b: Arcanine\n|-damage|p2b: Arcanine|22\/100\n|-heal|p1b: Iron Hands|100\/100|[from] drain|[of] p2b: Arcanine\n|move|p1a: Kingambit|Kowtow Cleave|p2b: Arcanine\n|-damage|p2b: Arcanine|0 fnt\n|faint|p2b: Arcanine\n|-damage|p1a: Kingambit|7\/100|[from] item: Life Orb\n|\n|win|newusernovice\n|raw|newusernovice's rating: 1272 &rarr; <strong>1298<\/strong><br \/>(+26 for winning)\n|raw|CovetousWheat15's rating: 1281 &rarr; <strong>1255<\/strong><br \/>(-26 for losing)\n|l|\u2606CovetousWheat15\n","uploadtime":1701208154,"views":3,"p1id":"newusernovice","p2id":"covetouswheat15","formatid":"gen9vgc2023regulatione","rating":1255,"private":0,"password":""}