{"id":"gen9vgc2023regulatione-1996284607","p1":"yukako_poke","p2":"Abader","format":"[Gen 9] VGC 2023 Regulation E","log":"|j|\u203dyukako_poke\n|j|\u2606Abader\n|t:|1700667451\n|gametype|doubles\n|player|p1|yukako_poke|dawn|1241\n|player|p2|Abader|rood|1270\n|teamsize|p1|6\n|teamsize|p2|6\n|gen|9\n|tier|[Gen 9] VGC 2023 Regulation E\n|rated|\n|rule|Species Clause: Limit one of each Pok\u00e9mon\n|rule|Item Clause: Limit one of each item\n|clearpoke\n|poke|p1|Flutter Mane, L50|\n|poke|p1|Indeedee-F, L50, F|\n|poke|p1|Chi-Yu, L50|\n|poke|p1|Tornadus, L50, M|\n|poke|p1|Regieleki, L50|\n|poke|p1|Ogerpon-Wellspring, L50, F|\n|poke|p2|Glastrier, L50|\n|poke|p2|Indeedee-F, L50, F|\n|poke|p2|Sinistcha-Masterpiece, L50|\n|poke|p2|Torkoal, L50, M|\n|poke|p2|Flutter Mane, L50|\n|poke|p2|Landorus-Therian, L50, M|\n|teampreview|4\nAbader has agreed to open team sheets.\n|\n|t:|1700667497\n|start\n|switch|p1a: Indeedee|Indeedee-F, L50, F|100\/100\n|switch|p1b: Ogerpon|Ogerpon-Wellspring, L50, F|100\/100\n|switch|p2a: Flutter Mane|Flutter Mane, L50|100\/100\n|switch|p2b: Landorus|Landorus-Therian, L50, M|100\/100\n|-ability|p2b: Landorus|Intimidate|boost\n|-unboost|p1a: Indeedee|atk|1\n|-unboost|p1b: Ogerpon|atk|1\n|-fieldstart|move: Psychic Terrain|[from] ability: Psychic Surge|[of] p1a: Indeedee\n|turn|1\n|inactive|Battle timer is ON: inactive players will automatically lose when time's up. (requested by Abader)\n|\n|t:|1700667518\n|move|p1a: Indeedee|Follow Me|p1a: Indeedee\n|-singleturn|p1a: Indeedee|move: Follow Me\n|move|p2b: Landorus|Rock Slide|p1a: Indeedee|[spread] p1a,p1b\n|-damage|p1a: Indeedee|81\/100\n|-damage|p1b: Ogerpon|81\/100\n|move|p2a: Flutter Mane|Dazzling Gleam|p1b: Ogerpon|[spread] p1a,p1b\n|-crit|p1a: Indeedee\n|-damage|p1a: Indeedee|10\/100\n|-damage|p1b: Ogerpon|32\/100\n|-enditem|p1a: Indeedee|Sitrus Berry|[eat]\n|-heal|p1a: Indeedee|34\/100|[from] item: Sitrus Berry\n|move|p1b: Ogerpon|Horn Leech|p2a: Flutter Mane\n|-damage|p2a: Flutter Mane|47\/100\n|-heal|p1b: Ogerpon|51\/100|[from] drain|[of] p2a: Flutter Mane\n|\n|upkeep\n|turn|2\n|inactive|yukako_poke has 30 seconds left.\n|inactive|yukako_poke has 20 seconds left.\n|inactive|yukako_poke has 15 seconds left.\n|inactive|yukako_poke has 10 seconds left.\n|\n|t:|1700667567\n|move|p1a: Indeedee|Protect|p1a: Indeedee\n|-singleturn|p1a: Indeedee|Protect\n|move|p2b: Landorus|Rock Slide|p1a: Indeedee|[spread] p1b\n|-activate|p1a: Indeedee|move: Protect\n|-damage|p1b: Ogerpon|33\/100\n|move|p2a: Flutter Mane|Dazzling Gleam|p1a: Indeedee|[spread] p1b\n|-activate|p1a: Indeedee|move: Protect\n|-damage|p1b: Ogerpon|0 fnt\n|faint|p1b: Ogerpon\n|\n|upkeep\n|\n|t:|1700667581\n|switch|p1b: Chi-Yu|Chi-Yu, L50|100\/100\n|-ability|p1b: Chi-Yu|Beads of Ruin\n|turn|3\n|\n|t:|1700667590\n|-terastallize|p1b: Chi-Yu|Fire\n|move|p1a: Indeedee|Helping Hand|p1b: Chi-Yu\n|-singleturn|p1b: Chi-Yu|Helping Hand|[of] p1a: Indeedee\n|move|p2b: Landorus|Rock Slide|p1b: Chi-Yu|[spread] p1a,p1b\n|-supereffective|p1b: Chi-Yu\n|-damage|p1a: Indeedee|16\/100\n|-damage|p1b: Chi-Yu|34\/100\n|move|p2a: Flutter Mane|Dazzling Gleam|p1b: Chi-Yu|[spread] p1a,p1b\n|-resisted|p1b: Chi-Yu\n|-damage|p1a: Indeedee|0 fnt\n|-damage|p1b: Chi-Yu|7\/100\n|faint|p1a: Indeedee\n|move|p1b: Chi-Yu|Heat Wave|p2b: Landorus|[spread] p2a,p2b\n|-crit|p2a: Flutter Mane\n|-damage|p2a: Flutter Mane|0 fnt\n|-damage|p2b: Landorus|0 fnt\n|faint|p2a: Flutter Mane\n|-end|p2a: Flutter Mane|Protosynthesis|[silent]\n|faint|p2b: Landorus\n|-damage|p1b: Chi-Yu|0 fnt|[from] item: Life Orb\n|faint|p1b: Chi-Yu\n|\n|upkeep\n|c|\u2606Abader|lol\n|\n|t:|1700667608\n|switch|p2a: Indeedee|Indeedee-F, L50, F|100\/100\n|switch|p2b: Glastrier|Glastrier, L50|100\/100\n|switch|p1a: Flutter Mane|Flutter Mane, L50|100\/100\n|-enditem|p2a: Indeedee|Psychic Seed\n|-boost|p2a: Indeedee|spd|1|[from] item: Psychic Seed\n|turn|4\n|\n|t:|1700667625\n|-terastallize|p2b: Glastrier|Fire\n|move|p1a: Flutter Mane|Moonblast|p2b: Glastrier\n|-resisted|p2b: Glastrier\n|-damage|p2b: Glastrier|80\/100\n|move|p2b: Glastrier|Icicle Crash|p1a: Flutter Mane|[miss]\n|-miss|p2b: Glastrier|p1a: Flutter Mane\n|move|p2a: Indeedee|Trick Room|p2a: Indeedee\n|-fieldstart|move: Trick Room|[of] p2a: Indeedee\n|\n|-heal|p2b: Glastrier|86\/100|[from] item: Leftovers\n|upkeep\n|turn|5\n|\n|t:|1700667639\n|move|p2b: Glastrier|Icicle Crash|p1a: Flutter Mane\n|-enditem|p1a: Flutter Mane|Focus Sash\n|-damage|p1a: Flutter Mane|1\/100\n|move|p2a: Indeedee|Psychic|p1a: Flutter Mane\n|-damage|p1a: Flutter Mane|0 fnt\n|faint|p1a: Flutter Mane\n|-end|p1a: Flutter Mane|Protosynthesis|[silent]\n|\n|win|Abader\n|raw|yukako_poke's rating: 1241 &rarr; <strong>1218<\/strong><br \/>(-23 for losing)\n|raw|Abader's rating: 1270 &rarr; <strong>1293<\/strong><br \/>(+23 for winning)\n","uploadtime":1700667647,"views":5,"p1id":"yukakopoke","p2id":"abader","formatid":"gen9vgc2023regulatione","rating":1218,"private":0,"password":""}