{"id":"gen9vgc2023regulatione-1988119581","p1":"yungsmitty","p2":"skiddybard","format":"[Gen 9] VGC 2023 Regulation E","log":"|j|\u2606yungsmitty\n|j|\u2606skiddybard\n|t:|1699671956\n|gametype|doubles\n|player|p1|yungsmitty|medium|1270\n|player|p2|skiddybard|1|1283\n|teamsize|p1|6\n|teamsize|p2|6\n|gen|9\n|tier|[Gen 9] VGC 2023 Regulation E\n|rated|\n|rule|Species Clause: Limit one of each Pok\u00e9mon\n|rule|Item Clause: Limit one of each item\n|clearpoke\n|poke|p1|Politoed, L50, M|\n|poke|p1|Kingambit, L50, M|\n|poke|p1|Landorus, L50, M|\n|poke|p1|Zapdos, L50|\n|poke|p1|Basculegion, L50, M|\n|poke|p1|Rillaboom, L50, F|\n|poke|p2|Ursaluna, L50, M|\n|poke|p2|Sinistcha, L50|\n|poke|p2|Heatran, L50, F|\n|poke|p2|Rotom-Wash, L50|\n|poke|p2|Enamorus-Therian, L50, F|\n|poke|p2|Annihilape, L50, M|\n|teampreview|4\n|inactive|Battle timer is ON: inactive players will automatically lose when time's up. (requested by skiddybard)\n|inactive|yungsmitty has 60 seconds left.\n|inactive|skiddybard has 60 seconds left.\n|\n|t:|1699672003\n|start\n|switch|p1a: Kingambit|Kingambit, L50, M|100\/100\n|switch|p1b: Rillaboom|Rillaboom, L50, F|100\/100\n|switch|p2a: Sinistcha|Sinistcha, L50|100\/100\n|switch|p2b: Ursaluna|Ursaluna, L50, M|100\/100\n|-fieldstart|move: Grassy Terrain|[from] ability: Grassy Surge|[of] p1b: Rillaboom\n|turn|1\n|inactive|yungsmitty has 30 seconds left.\n|\n|t:|1699672030\n|-terastallize|p2a: Sinistcha|Fire\n|move|p2b: Ursaluna|Protect|p2b: Ursaluna\n|-singleturn|p2b: Ursaluna|Protect\n|move|p1b: Rillaboom|Fake Out|p2b: Ursaluna\n|-activate|p2b: Ursaluna|move: Protect\n|move|p1a: Kingambit|Kowtow Cleave|p2a: Sinistcha\n|-damage|p2a: Sinistcha|43\/100\n|move|p2a: Sinistcha|Trick Room|p2a: Sinistcha\n|-fieldstart|move: Trick Room|[of] p2a: Sinistcha\n|\n|-heal|p2a: Sinistcha|49\/100|[from] Grassy Terrain\n|upkeep\n|turn|2\n|inactive|yungsmitty has 30 seconds left.\n|inactive|skiddybard has 30 seconds left.\n|inactive|skiddybard has 20 seconds left.\n|inactive|skiddybard has 15 seconds left.\n|\n|t:|1699672074\n|-terastallize|p1a: Kingambit|Dark\n|move|p1a: Kingambit|Swords Dance|p1a: Kingambit\n|-boost|p1a: Kingambit|atk|2\n|move|p2b: Ursaluna|Facade|p1b: Rillaboom\n|-damage|p1b: Rillaboom|62\/100\n|move|p2a: Sinistcha|Strength Sap|p1a: Kingambit\n|-unboost|p1a: Kingambit|atk|1\n|-ability|p1a: Kingambit|Defiant|boost\n|-boost|p1a: Kingambit|atk|2\n|-heal|p2a: Sinistcha|100\/100\n|move|p1b: Rillaboom|Stomping Tantrum|p2a: Sinistcha\n|-supereffective|p2a: Sinistcha\n|-crit|p2a: Sinistcha\n|-damage|p2a: Sinistcha|39\/100\n|\n|-heal|p2a: Sinistcha|45\/100|[from] Grassy Terrain\n|-heal|p1b: Rillaboom|68\/100|[from] Grassy Terrain\n|upkeep\n|turn|3\n|c|\u2606skiddybard|I just realized I had the wrong set\n|c|\u2606skiddybard|oops\n|inactive|yungsmitty has 30 seconds left.\n|inactive|skiddybard has 30 seconds left.\n|\n|t:|1699672104\n|move|p2a: Sinistcha|Rage Powder|p2a: Sinistcha\n|-singleturn|p2a: Sinistcha|move: Rage Powder\n|move|p1a: Kingambit|Sucker Punch||[still]\n|-fail|p1a: Kingambit\n|move|p2b: Ursaluna|Belly Drum|p2b: Ursaluna\n|-damage|p2b: Ursaluna|50\/100\n|-setboost|p2b: Ursaluna|atk|6|[from] move: Belly Drum\n|-enditem|p2b: Ursaluna|Sitrus Berry|[eat]\n|-heal|p2b: Ursaluna|75\/100|[from] item: Sitrus Berry\n|move|p1b: Rillaboom|Stomping Tantrum|p2a: Sinistcha\n|-supereffective|p2a: Sinistcha\n|-crit|p2a: Sinistcha\n|-damage|p2a: Sinistcha|0 fnt\n|faint|p2a: Sinistcha\n|\n|-heal|p2b: Ursaluna|81\/100|[from] Grassy Terrain\n|-heal|p1b: Rillaboom|74\/100|[from] Grassy Terrain\n|upkeep\n|\n|t:|1699672120\n|switch|p2a: Annihilape|Annihilape, L50, M|100\/100\n|turn|4\n|inactive|yungsmitty has 30 seconds left.\n|\n|t:|1699672151\n|switch|p1b: Politoed|Politoed, L50, M|100\/100\n|-weather|RainDance|[from] ability: Drizzle|[of] p1b: Politoed\n|move|p1a: Kingambit|Kowtow Cleave|p2a: Annihilape\n|-damage|p2a: Annihilape|0 fnt\n|faint|p2a: Annihilape\n|move|p2b: Ursaluna|Facade|p1b: Politoed\n|-damage|p1b: Politoed|0 fnt\n|faint|p1b: Politoed\n|\n|-weather|RainDance|[upkeep]\n|-heal|p2b: Ursaluna|87\/100|[from] Grassy Terrain\n|upkeep\n|\n|t:|1699672165\n|switch|p1b: Rillaboom|Rillaboom, L50, F|74\/100\n|switch|p2a: Rotom|Rotom-Wash, L50|100\/100\n|turn|5\n|\n|t:|1699672183\n|move|p2b: Ursaluna|Protect|p2b: Ursaluna\n|-singleturn|p2b: Ursaluna|Protect\n|move|p1a: Kingambit|Kowtow Cleave|p2b: Ursaluna\n|-activate|p2b: Ursaluna|move: Protect\n|move|p2a: Rotom|Will-O-Wisp|p1a: Kingambit\n|-status|p1a: Kingambit|brn\n|move|p1b: Rillaboom|Wood Hammer|p2a: Rotom\n|-supereffective|p2a: Rotom\n|-damage|p2a: Rotom|0 fnt\n|faint|p2a: Rotom\n|-damage|p1b: Rillaboom|48\/100|[from] Recoil\n|\n|-weather|RainDance|[upkeep]\n|-heal|p2b: Ursaluna|93\/100|[from] Grassy Terrain\n|-heal|p1b: Rillaboom|54\/100|[from] Grassy Terrain\n|-damage|p1a: Kingambit|94\/100 brn|[from] brn\n|-fieldend|move: Trick Room\n|-fieldend|move: Grassy Terrain\n|upkeep\n|turn|6\n|inactive|yungsmitty has 30 seconds left.\n|\n|t:|1699672210\n|switch|p1b: Basculegion|Basculegion, L50, M|100\/100\n|move|p1a: Kingambit|Sucker Punch|p2b: Ursaluna\n|-damage|p2b: Ursaluna|32\/100\n|move|p2b: Ursaluna|Facade|p1b: Basculegion\n|-immune|p1b: Basculegion\n|\n|-weather|RainDance|[upkeep]\n|-damage|p1a: Kingambit|88\/100 brn|[from] brn\n|upkeep\n|turn|7\n|-message|skiddybard forfeited.\n|\n|win|yungsmitty\n|raw|yungsmitty's rating: 1270 &rarr; <strong>1296<\/strong><br \/>(+26 for winning)\n|raw|skiddybard's rating: 1283 &rarr; <strong>1257<\/strong><br \/>(-26 for losing)\n|l|\u2606skiddybard\n","uploadtime":1699672234,"views":15,"p1id":"yungsmitty","p2id":"skiddybard","formatid":"gen9vgc2023regulatione","rating":1257,"private":0,"password":""}