{"id":"gen9vgc2023regulatione-1990194925","p1":"Builts","p2":"enderkunvgc","format":"[Gen 9] VGC 2023 Regulation E","log":"|j|\u203dBuilts\n|j|\u2606enderkunvgc\n|t:|1699935643\n|gametype|doubles\n|player|p1|Builts|266|1219\n|player|p2|enderkunvgc|lady-gen4|1198\n|teamsize|p1|6\n|teamsize|p2|6\n|gen|9\n|tier|[Gen 9] VGC 2023 Regulation E\n|rated|\n|rule|Species Clause: Limit one of each Pok\u00e9mon\n|rule|Item Clause: Limit one of each item\n|clearpoke\n|poke|p1|Indeedee-F, L50, F|\n|poke|p1|Armarouge, L50, M|\n|poke|p1|Sylveon, L50, M|\n|poke|p1|Ursaluna, L50, F|\n|poke|p1|Urshifu-*, L50, M|\n|poke|p1|Torkoal, L50, M|\n|poke|p2|Gothitelle, L50, F|\n|poke|p2|Urshifu-*, L50, M|\n|poke|p2|Kingambit, L50, F|\n|poke|p2|Flutter Mane, L50|\n|poke|p2|Iron Hands, L50|\n|poke|p2|Heatran, L50, M|\n|teampreview|4\n|inactive|Battle timer is ON: inactive players will automatically lose when time's up. (requested by Builts)\n|inactive|enderkunvgc has 60 seconds left.\n|\n|t:|1699935710\n|start\n|switch|p1a: Indeedee|Indeedee-F, L50, F|100\/100\n|switch|p1b: Armarouge|Armarouge, L50, M|100\/100\n|switch|p2a: Flutter Mane|Flutter Mane, L50|100\/100\n|switch|p2b: Heatran|Heatran, L50, M|100\/100\n|-fieldstart|move: Psychic Terrain|[from] ability: Psychic Surge|[of] p1a: Indeedee\n|-enditem|p1a: Indeedee|Psychic Seed\n|-boost|p1a: Indeedee|spd|1|[from] item: Psychic Seed\n|turn|1\n|inactive|Builts has 30 seconds left.\n|inactive|enderkunvgc has 30 seconds left.\n|inactive|enderkunvgc has 20 seconds left.\n|\n|t:|1699935748\n|move|p1a: Indeedee|Follow Me|p1a: Indeedee\n|-singleturn|p1a: Indeedee|move: Follow Me\n|move|p2a: Flutter Mane|Moonblast|p1a: Indeedee\n|-damage|p1a: Indeedee|56\/100\n|move|p2b: Heatran|Earth Power|p1a: Indeedee\n|-damage|p1a: Indeedee|36\/100\n|move|p1b: Armarouge|Trick Room|p1b: Armarouge\n|-fieldstart|move: Trick Room|[of] p1b: Armarouge\n|\n|upkeep\n|turn|2\n|\n|t:|1699935764\n|move|p1a: Indeedee|Helping Hand|p1b: Armarouge\n|-singleturn|p1b: Armarouge|Helping Hand|[of] p1a: Indeedee\n|move|p1b: Armarouge|Expanding Force|p2a: Flutter Mane|[spread] p2a,p2b\n|-resisted|p2b: Heatran\n|-damage|p2a: Flutter Mane|0 fnt\n|-damage|p2b: Heatran|49\/100\n|faint|p2a: Flutter Mane\n|-end|p2a: Flutter Mane|Protosynthesis|[silent]\n|move|p2b: Heatran|Earth Power|p1b: Armarouge\n|-supereffective|p1b: Armarouge\n|-damage|p1b: Armarouge|18\/100\n|\n|-heal|p2b: Heatran|56\/100|[from] item: Leftovers\n|upkeep\n|\n|t:|1699935779\n|switch|p2a: Kingambit|Kingambit, L50, F|100\/100\n|turn|3\n|\n|t:|1699935795\n|switch|p1b: Ursaluna|Ursaluna, L50, F|100\/100\n|move|p2a: Kingambit|Protect|p2a: Kingambit\n|-singleturn|p2a: Kingambit|Protect\n|move|p1a: Indeedee|Follow Me|p1a: Indeedee\n|-singleturn|p1a: Indeedee|move: Follow Me\n|move|p2b: Heatran|Earth Power|p1a: Indeedee\n|-damage|p1a: Indeedee|14\/100\n|\n|-heal|p2b: Heatran|62\/100|[from] item: Leftovers\n|-status|p1b: Ursaluna|brn|[from] item: Flame Orb\n|upkeep\n|turn|4\n|inactive|enderkunvgc has 30 seconds left.\n|inactive|enderkunvgc has 20 seconds left.\n|inactive|enderkunvgc has 15 seconds left.\n|\n|t:|1699935836\n|move|p1a: Indeedee|Helping Hand|p1b: Ursaluna\n|-singleturn|p1b: Ursaluna|Helping Hand|[of] p1a: Indeedee\n|move|p2b: Heatran|Protect|p2b: Heatran\n|-singleturn|p2b: Heatran|Protect\n|move|p1b: Ursaluna|Facade|p2a: Kingambit\n|-resisted|p2a: Kingambit\n|-damage|p2a: Kingambit|36\/100\n|move|p2a: Kingambit|Kowtow Cleave|p1a: Indeedee\n|-supereffective|p1a: Indeedee\n|-damage|p1a: Indeedee|0 fnt\n|faint|p1a: Indeedee\n|\n|-heal|p2b: Heatran|68\/100|[from] item: Leftovers\n|-damage|p1b: Ursaluna|95\/100 brn|[from] brn\n|upkeep\n|\n|t:|1699935849\n|switch|p1a: Sylveon|Sylveon, L50, M|100\/100\n|turn|5\n|inactive|enderkunvgc has 30 seconds left.\n|inactive|enderkunvgc has 20 seconds left.\n|inactive|enderkunvgc has 15 seconds left.\n|\n|t:|1699935890\n|-terastallize|p1a: Sylveon|Water\n|move|p2a: Kingambit|Protect|p2a: Kingambit\n|-singleturn|p2a: Kingambit|Protect\n|move|p2b: Heatran|Protect||[still]\n|-fail|p2b: Heatran\n|move|p1b: Ursaluna|Headlong Rush|p2a: Kingambit\n|-activate|p2a: Kingambit|move: Protect\n|move|p1a: Sylveon|Tera Blast|p2b: Heatran|[anim] Tera Blast Water\n|-supereffective|p2b: Heatran\n|-damage|p2b: Heatran|0 fnt\n|faint|p2b: Heatran\n|\n|-damage|p1b: Ursaluna|89\/100 brn|[from] brn\n|-fieldend|move: Trick Room\n|-fieldend|move: Psychic Terrain\n|upkeep\n|\n|t:|1699935903\n|switch|p2b: Iron Hands|Iron Hands, L50|100\/100\n|turn|6\n|inactive|enderkunvgc has 30 seconds left.\n|\n|t:|1699935931\n|move|p1b: Ursaluna|Protect|p1b: Ursaluna\n|-singleturn|p1b: Ursaluna|Protect\n|move|p2b: Iron Hands|Fake Out|p1b: Ursaluna\n|-activate|p1b: Ursaluna|move: Protect\n|move|p1a: Sylveon|Hyper Voice|p2b: Iron Hands|[spread] p2a,p2b\n|-supereffective|p2b: Iron Hands\n|-damage|p2a: Kingambit|0 fnt\n|-damage|p2b: Iron Hands|57\/100\n|faint|p2a: Kingambit\n|-enditem|p1a: Sylveon|Throat Spray\n|-boost|p1a: Sylveon|spa|1|[from] item: Throat Spray\n|\n|-damage|p1b: Ursaluna|83\/100 brn|[from] brn\n|upkeep\n|turn|7\n|\n|t:|1699935951\n|move|p2b: Iron Hands|Wild Charge|p1a: Sylveon\n|-supereffective|p1a: Sylveon\n|-damage|p1a: Sylveon|0 fnt\n|faint|p1a: Sylveon\n|-damage|p2b: Iron Hands|36\/100|[from] Recoil\n|move|p1b: Ursaluna|Facade|p2b: Iron Hands\n|-damage|p2b: Iron Hands|0 fnt\n|faint|p2b: Iron Hands\n|-end|p2b: Iron Hands|Quark Drive|[silent]\n|\n|win|Builts\n|raw|Builts's rating: 1219 &rarr; <strong>1242<\/strong><br \/>(+23 for winning)\n|raw|enderkunvgc's rating: 1198 &rarr; <strong>1175<\/strong><br \/>(-23 for losing)\n","uploadtime":1699935962,"views":17,"p1id":"builts","p2id":"enderkunvgc","formatid":"gen9vgc2023regulatione","rating":1175,"private":0,"password":""}