{"id":"gen9vgc2023regulatione-1995443812","p1":"WisdomLordAlgos","p2":"Kitty Carnage","format":"[Gen 9] VGC 2023 Regulation E","log":"|j|\u2606WisdomLordAlgos\n|j|\u2606Kitty Carnage\n|t:|1700571455\n|gametype|doubles\n|player|p1|WisdomLordAlgos|102|1310\n|player|p2|Kitty Carnage|whitney|1199\n|teamsize|p1|6\n|teamsize|p2|6\n|gen|9\n|tier|[Gen 9] VGC 2023 Regulation E\n|rated|\n|rule|Species Clause: Limit one of each Pok\u00e9mon\n|rule|Item Clause: Limit one of each item\n|clearpoke\n|poke|p1|Ting-Lu, L50|\n|poke|p1|Gothitelle, L50, M|\n|poke|p1|Munkidori, L50, M|\n|poke|p1|Amoonguss, L50, F|\n|poke|p1|Kingambit, L50, M|\n|poke|p1|Iron Valiant, L50|\n|poke|p2|Moltres-Galar, L50|\n|poke|p2|Iron Hands, L50|\n|poke|p2|Sinistcha, L50|\n|poke|p2|Grimmsnarl, L50, M|\n|poke|p2|Landorus-Therian, L50, M|\n|poke|p2|Heatran, L50, M|\n|teampreview|4\n|\n|t:|1700571498\n|start\n|switch|p1a: Kingambit|Kingambit, L50, M|100\/100\n|switch|p1b: Iron Valiant|Iron Valiant, L50|100\/100\n|switch|p2a: Grimmsnarl|Grimmsnarl, L50, M|100\/100\n|switch|p2b: Sinistcha|Sinistcha, L50|100\/100\n|-enditem|p1b: Iron Valiant|Booster Energy\n|-activate|p1b: Iron Valiant|ability: Quark Drive|[fromitem]\n|-start|p1b: Iron Valiant|quarkdrivespe\n|turn|1\n|\n|t:|1700571521\n|move|p2a: Grimmsnarl|Reflect|p2a: Grimmsnarl\n|-sidestart|p2: Kitty Carnage|Reflect\n|move|p1b: Iron Valiant|Moonblast|p2a: Grimmsnarl\n|-supereffective|p2a: Grimmsnarl\n|-crit|p2a: Grimmsnarl\n|-damage|p2a: Grimmsnarl|0 fnt\n|faint|p2a: Grimmsnarl\n|move|p2b: Sinistcha|Matcha Gotcha|p1b: Iron Valiant|[spread] p1a,p1b\n|-resisted|p1a: Kingambit\n|-damage|p1a: Kingambit|89\/100\n|-damage|p1b: Iron Valiant|49\/100\n|move|p1a: Kingambit|Swords Dance|p1a: Kingambit\n|-boost|p1a: Kingambit|atk|2\n|\n|upkeep\n|\n|t:|1700571533\n|switch|p2a: Iron Hands|Iron Hands, L50|100\/100\n|turn|2\n|\n|t:|1700571555\n|move|p1a: Kingambit|Protect|p1a: Kingambit\n|-singleturn|p1a: Kingambit|Protect\n|move|p1b: Iron Valiant|Moonblast|p2a: Iron Hands\n|-supereffective|p2a: Iron Hands\n|-damage|p2a: Iron Hands|54\/100\n|-unboost|p2a: Iron Hands|spa|1\n|move|p2b: Sinistcha|Strength Sap|p1a: Kingambit\n|-activate|p1a: Kingambit|move: Protect\n|move|p2a: Iron Hands|Drain Punch|p1a: Kingambit\n|-activate|p1a: Kingambit|move: Protect\n|\n|upkeep\n|turn|3\n|\n|t:|1700571573\n|move|p2b: Sinistcha|Rage Powder|p2b: Sinistcha\n|-singleturn|p2b: Sinistcha|move: Rage Powder\n|move|p1a: Kingambit|Sucker Punch||[still]\n|-fail|p1a: Kingambit\n|move|p1b: Iron Valiant|Moonblast|p2b: Sinistcha\n|-damage|p2b: Sinistcha|54\/100\n|-unboost|p2b: Sinistcha|spa|1\n|move|p2a: Iron Hands|Drain Punch|p1a: Kingambit\n|-supereffective|p1a: Kingambit\n|-damage|p1a: Kingambit|0 fnt\n|-heal|p2a: Iron Hands|90\/100|[from] drain|[of] p1a: Kingambit\n|faint|p1a: Kingambit\n|\n|upkeep\n|\n|t:|1700571577\n|switch|p1a: Ting-Lu|Ting-Lu, L50|100\/100\n|-ability|p1a: Ting-Lu|Vessel of Ruin\n|turn|4\n|\n|t:|1700571601\n|switch|p2b: Moltres|Moltres-Galar, L50|100\/100\n|-terastallize|p1a: Ting-Lu|Fairy\n|move|p1b: Iron Valiant|Icy Wind|p2b: Moltres|[spread] p2a,p2b\n|-supereffective|p2b: Moltres\n|-damage|p2a: Iron Hands|85\/100\n|-damage|p2b: Moltres|84\/100\n|-unboost|p2a: Iron Hands|spe|1\n|-unboost|p2b: Moltres|spe|1\n|move|p1a: Ting-Lu|Lash Out|p2b: Moltres\n|-resisted|p2b: Moltres\n|-damage|p2b: Moltres|72\/100\n|move|p2a: Iron Hands|Heavy Slam|p1b: Iron Valiant\n|-supereffective|p1b: Iron Valiant\n|-damage|p1b: Iron Valiant|0 fnt\n|faint|p1b: Iron Valiant\n|-end|p1b: Iron Valiant|Quark Drive|[silent]\n|\n|upkeep\n|\n|t:|1700571611\n|switch|p1b: Gothitelle|Gothitelle, L50, M|100\/100\n|turn|5\n|\n|t:|1700571648\n|-terastallize|p2b: Moltres|Poison\n|move|p1b: Gothitelle|Fake Out|p2b: Moltres\n|-damage|p2b: Moltres|69\/100\n|cant|p2b: Moltres|flinch\n|move|p1a: Ting-Lu|Stomping Tantrum|p2a: Iron Hands\n|-supereffective|p2a: Iron Hands\n|-damage|p2a: Iron Hands|52\/100\n|move|p2a: Iron Hands|Heavy Slam|p1b: Gothitelle\n|-damage|p1b: Gothitelle|59\/100\n|\n|upkeep\n|turn|6\n|\n|t:|1700571666\n|move|p1b: Gothitelle|Psychic|p2b: Moltres\n|-supereffective|p2b: Moltres\n|-damage|p2b: Moltres|32\/100\n|-ability|p2b: Moltres|Berserk|boost\n|-boost|p2b: Moltres|spa|1\n|-enditem|p2b: Moltres|Sitrus Berry|[eat]\n|-heal|p2b: Moltres|57\/100|[from] item: Sitrus Berry\n|move|p2b: Moltres|Fiery Wrath|p1a: Ting-Lu|[spread] p1a,p1b\n|-resisted|p1a: Ting-Lu\n|-supereffective|p1b: Gothitelle\n|-damage|p1a: Ting-Lu|92\/100\n|-damage|p1b: Gothitelle|15\/100\n|-enditem|p1b: Gothitelle|Aguav Berry|[eat]\n|-heal|p1b: Gothitelle|48\/100|[from] item: Aguav Berry\n|cant|p1a: Ting-Lu|flinch\n|move|p2a: Iron Hands|Heavy Slam|p1b: Gothitelle\n|-damage|p1b: Gothitelle|3\/100\n|\n|upkeep\n|turn|7\n|c|\u2606WisdomLordAlgos|K\n|\n|t:|1700571695\n|move|p2b: Moltres|Protect|p2b: Moltres\n|-singleturn|p2b: Moltres|Protect\n|move|p1b: Gothitelle|Psychic|p2a: Iron Hands\n|-supereffective|p2a: Iron Hands\n|-damage|p2a: Iron Hands|31\/100\n|move|p1a: Ting-Lu|Stomping Tantrum|p2a: Iron Hands\n|-supereffective|p2a: Iron Hands\n|-damage|p2a: Iron Hands|0 fnt\n|faint|p2a: Iron Hands\n|-end|p2a: Iron Hands|Quark Drive|[silent]\n|\n|upkeep\n|\n|t:|1700571702\n|switch|p2a: Sinistcha|Sinistcha, L50|54\/100\n|-heal|p2b: Moltres|82\/100|[from] ability: Hospitality|[of] p2a: Sinistcha\n|turn|8\n|\n|t:|1700571717\n|move|p1b: Gothitelle|Psychic|p2a: Sinistcha\n|-damage|p2a: Sinistcha|32\/100\n|-unboost|p2a: Sinistcha|spd|1\n|move|p2b: Moltres|Fiery Wrath|p1a: Ting-Lu|[spread] p1a,p1b\n|-resisted|p1a: Ting-Lu\n|-supereffective|p1b: Gothitelle\n|-damage|p1a: Ting-Lu|84\/100\n|-damage|p1b: Gothitelle|0 fnt\n|faint|p1b: Gothitelle\n|cant|p1a: Ting-Lu|flinch\n|move|p2a: Sinistcha|Trick Room|p2a: Sinistcha\n|-fieldstart|move: Trick Room|[of] p2a: Sinistcha\n|\n|-sideend|p2: Kitty Carnage|Reflect\n|upkeep\n|turn|9\n|c|\u2606WisdomLordAlgos|Again\n|c|\u2606WisdomLordAlgos|K\n|c|\u2606WisdomLordAlgos|2 flinches 1 Better then the other for u\n|c|\u2606Kitty Carnage|dude you got 100% debuff lol\n|\n|t:|1700571755\n|move|p1a: Ting-Lu|Stomping Tantrum|p2b: Moltres\n|-supereffective|p2b: Moltres\n|-damage|p2b: Moltres|0 fnt\n|faint|p2b: Moltres\n|move|p2a: Sinistcha|Strength Sap|p1a: Ting-Lu\n|-unboost|p1a: Ting-Lu|atk|1\n|-heal|p2a: Sinistcha|100\/100\n|\n|upkeep\n|turn|10\n|\n|t:|1700571764\n|move|p1a: Ting-Lu|Lash Out|p2a: Sinistcha\n|-supereffective|p2a: Sinistcha\n|-crit|p2a: Sinistcha\n|-damage|p2a: Sinistcha|1\/100\n|-damage|p1a: Ting-Lu|68\/100|[from] item: Rocky Helmet|[of] p2a: Sinistcha\n|move|p2a: Sinistcha|Matcha Gotcha|p1a: Ting-Lu\n|-damage|p1a: Ting-Lu|56\/100\n|-heal|p2a: Sinistcha|9\/100|[from] drain|[of] p1a: Ting-Lu\n|-status|p1a: Ting-Lu|brn\n|\n|-damage|p1a: Ting-Lu|50\/100 brn|[from] brn\n|upkeep\n|turn|11\n|c|\u2606Kitty Carnage|and he keep complaining lol\n|\n|t:|1700571776\n|move|p1a: Ting-Lu|Lash Out|p2a: Sinistcha\n|-supereffective|p2a: Sinistcha\n|-damage|p2a: Sinistcha|0 fnt\n|-damage|p1a: Ting-Lu|33\/100 brn|[from] item: Rocky Helmet|[of] p2a: Sinistcha\n|faint|p2a: Sinistcha\n|\n|win|WisdomLordAlgos\n|raw|WisdomLordAlgos's rating: 1310 &rarr; <strong>1324<\/strong><br \/>(+14 for winning)\n|raw|Kitty Carnage's rating: 1199 &rarr; <strong>1182<\/strong><br \/>(-17 for losing)\n|c|\u2606Kitty Carnage|the worst\n|l|\u2606Kitty Carnage\n|c|\u2606WisdomLordAlgos|Debuff? Lol\n","uploadtime":1700572194,"views":6,"p1id":"wisdomlordalgos","p2id":"kittycarnage","formatid":"gen9vgc2023regulatione","rating":1182,"private":0,"password":""}