{"id":"gen9vgc2023regulatione-1998060044","p1":"CharlienoB","p2":"dingdongpkmn","format":"[Gen 9] VGC 2023 Regulation E","log":"|j|\u2606CharlienoB\n|j|\u2606dingdongpkmn\n|t:|1700885162\n|gametype|doubles\n|player|p1|CharlienoB|265|1074\n|player|p2|dingdongpkmn|ruinmaniac|1043\n|teamsize|p1|6\n|teamsize|p2|6\n|gen|9\n|tier|[Gen 9] VGC 2023 Regulation E\n|rated|\n|rule|Species Clause: Limit one of each Pok\u00e9mon\n|rule|Item Clause: Limit one of each item\n|clearpoke\n|poke|p1|Scizor, L50, M|\n|poke|p1|Amoonguss, L50, F|\n|poke|p1|Gastrodon, L50, M|\n|poke|p1|Arcanine-Hisui, L50, M|\n|poke|p1|Hippowdon, L50, F|\n|poke|p1|Houndstone, L50, F|\n|poke|p2|Dusclops, L50, F|\n|poke|p2|Ursaluna-Bloodmoon, L50, M|\n|poke|p2|Sinistcha, L50|\n|poke|p2|Chi-Yu, L50|\n|poke|p2|Ogerpon-Wellspring, L50, F|\n|poke|p2|Iron Hands, L50|\n|teampreview|4\n|inactive|Battle timer is ON: inactive players will automatically lose when time's up. (requested by CharlienoB)\n|\n|t:|1700885230\n|start\n|switch|p1a: Scizor|Scizor, L50, M|100\/100\n|switch|p1b: Amoonguss|Amoonguss, L50, F|100\/100\n|switch|p2a: Iron Hands|Iron Hands, L50|100\/100\n|switch|p2b: Sinistcha|Sinistcha, L50|100\/100\n|turn|1\n|inactive|dingdongpkmn has 30 seconds left.\n|inactive|dingdongpkmn has 20 seconds left.\n|inactive|dingdongpkmn has 15 seconds left.\n|\n|t:|1700885270\n|switch|p2b: Chi-Yu|Chi-Yu, L50|100\/100\n|-ability|p2b: Chi-Yu|Beads of Ruin\n|-end|p2a: Iron Hands|Quark Drive|[silent]\n|switch|p2a: Ogerpon|Ogerpon-Wellspring, L50, F|100\/100\n|-terastallize|p1a: Scizor|Flying\n|move|p1b: Amoonguss|Protect|p1b: Amoonguss\n|-singleturn|p1b: Amoonguss|Protect\n|move|p1a: Scizor|Swords Dance|p1a: Scizor\n|-boost|p1a: Scizor|atk|2\n|\n|upkeep\n|turn|2\n|inactive|dingdongpkmn has 30 seconds left.\n|inactive|dingdongpkmn has 20 seconds left.\n|\n|t:|1700885306\n|-terastallize|p2b: Chi-Yu|Fire\n|move|p2a: Ogerpon|Follow Me|p2a: Ogerpon\n|-singleturn|p2a: Ogerpon|move: Follow Me\n|move|p1b: Amoonguss|Rage Powder|p1b: Amoonguss\n|-singleturn|p1b: Amoonguss|move: Rage Powder\n|move|p2b: Chi-Yu|Heat Wave|p1b: Amoonguss|[spread] p1a,p1b\n|-supereffective|p1b: Amoonguss\n|-damage|p1a: Scizor|16\/100\n|-damage|p1b: Amoonguss|0 fnt\n|faint|p1b: Amoonguss\n|-damage|p2b: Chi-Yu|90\/100|[from] item: Life Orb\n|move|p1a: Scizor|Dual Wingbeat|p2a: Ogerpon\n|-supereffective|p2a: Ogerpon\n|-damage|p2a: Ogerpon|0 fnt\n|faint|p2a: Ogerpon\n|-hitcount|p2: Ogerpon|1\n|\n|upkeep\n|\n|t:|1700885320\n|switch|p2a: Iron Hands|Iron Hands, L50|100\/100\n|switch|p1b: Hippowdon|Hippowdon, L50, F|100\/100\n|-weather|Sandstorm|[from] ability: Sand Stream|[of] p1b: Hippowdon\n|turn|3\n|inactive|dingdongpkmn has 30 seconds left.\n|inactive|dingdongpkmn has 20 seconds left.\n|inactive|dingdongpkmn has 15 seconds left.\n|\n|t:|1700885364\n|move|p1a: Scizor|Protect|p1a: Scizor\n|-singleturn|p1a: Scizor|Protect\n|move|p2a: Iron Hands|Fake Out|p1a: Scizor\n|-activate|p1a: Scizor|move: Protect\n|move|p2b: Chi-Yu|Snarl|p1a: Scizor|[spread] p1b\n|-activate|p1a: Scizor|move: Protect\n|-damage|p1b: Hippowdon|67\/100\n|-unboost|p1b: Hippowdon|spa|1\n|-damage|p2b: Chi-Yu|80\/100|[from] item: Life Orb\n|move|p1b: Hippowdon|High Horsepower|p2b: Chi-Yu\n|-supereffective|p2b: Chi-Yu\n|-damage|p2b: Chi-Yu|0 fnt\n|faint|p2b: Chi-Yu\n|\n|-weather|Sandstorm|[upkeep]\n|-damage|p1a: Scizor|10\/100|[from] Sandstorm\n|-damage|p2a: Iron Hands|94\/100|[from] Sandstorm\n|upkeep\n|\n|t:|1700885380\n|switch|p2b: Sinistcha|Sinistcha, L50|100\/100\n|-heal|p2a: Iron Hands|100\/100|[from] ability: Hospitality|[of] p2b: Sinistcha\n|turn|4\n|inactive|dingdongpkmn has 30 seconds left.\n|inactive|dingdongpkmn has 20 seconds left.\n|inactive|dingdongpkmn has 15 seconds left.\n|\n|t:|1700885421\n|move|p1b: Hippowdon|High Horsepower|p2a: Iron Hands\n|-supereffective|p2a: Iron Hands\n|-damage|p2a: Iron Hands|56\/100\n|move|p1a: Scizor|Dual Wingbeat|p2b: Sinistcha\n|-supereffective|p2b: Sinistcha\n|-damage|p2b: Sinistcha|0 fnt\n|-damage|p1a: Scizor|0 fnt|[from] item: Rocky Helmet|[of] p2b: Sinistcha\n|faint|p2b: Sinistcha\n|faint|p1a: Scizor\n|-hitcount|p2: Sinistcha|1\n|move|p2a: Iron Hands|Wild Charge|p1b: Hippowdon\n|-immune|p1b: Hippowdon\n|\n|-weather|Sandstorm|[upkeep]\n|-damage|p2a: Iron Hands|50\/100|[from] Sandstorm\n|upkeep\n|\n|t:|1700885425\n|switch|p1a: Houndstone|Houndstone, L50, F|100\/100\n|turn|5\n|\n|t:|1700885437\n|move|p1a: Houndstone|Last Respects|p2a: Iron Hands\n|-damage|p2a: Iron Hands|0 fnt\n|faint|p2a: Iron Hands\n|-end|p2a: Iron Hands|Quark Drive|[silent]\n|\n|win|CharlienoB\n|raw|CharlienoB's rating: 1074 &rarr; <strong>1100<\/strong><br \/>(+26 for winning)\n|raw|dingdongpkmn's rating: 1043 &rarr; <strong>1028<\/strong><br \/>(-15 for losing)\n","uploadtime":1700885451,"views":16,"p1id":"charlienob","p2id":"dingdongpkmn","formatid":"gen9vgc2023regulatione","rating":1028,"private":0,"password":""}