{"id":"gen9vgc2023regulatione-1988222013","p1":"Viking_VGC23","p2":"haruto1706","format":"[Gen 9] VGC 2023 Regulation E","log":"|j|\u2606Viking_VGC23\n|j|\u2606haruto1706\n|t:|1699688308\n|gametype|doubles\n|player|p1|Viking_VGC23|266|1329\n|player|p2|haruto1706|1|1445\n|teamsize|p1|6\n|teamsize|p2|6\n|gen|9\n|tier|[Gen 9] VGC 2023 Regulation E\n|rated|\n|rule|Species Clause: Limit one of each Pok\u00e9mon\n|rule|Item Clause: Limit one of each item\n|clearpoke\n|poke|p1|Urshifu-*, L50, F|\n|poke|p1|Regidrago, L50|\n|poke|p1|Ogerpon-Hearthflame, L50, F|\n|poke|p1|Landorus-Therian, L50, M|\n|poke|p1|Indeedee-F, L50, F|\n|poke|p1|Armarouge, L50, F|\n|poke|p2|Chien-Pao, L50|\n|poke|p2|Rillaboom, L50, F|\n|poke|p2|Arcanine-Hisui, L50, F|\n|poke|p2|Urshifu-*, L50, M|\n|poke|p2|Tornadus, L50, M|\n|poke|p2|Flutter Mane, L50|\n|teampreview|4\n|inactive|Battle timer is ON: inactive players will automatically lose when time's up. (requested by haruto1706)\n|inactive|Viking_VGC23 has 60 seconds left.\n|inactive|haruto1706 has 60 seconds left.\n|\n|t:|1699688355\n|start\n|switch|p1a: Armarouge|Armarouge, L50, F|100\/100\n|switch|p1b: Indeedee|Indeedee-F, L50, F|100\/100\n|switch|p2a: Arcanine|Arcanine-Hisui, L50, F|100\/100\n|switch|p2b: Tornadus|Tornadus, L50, M|100\/100\n|-ability|p2a: Arcanine|Intimidate|boost\n|-unboost|p1a: Armarouge|atk|1\n|-unboost|p1b: Indeedee|atk|1\n|-fieldstart|move: Psychic Terrain|[from] ability: Psychic Surge|[of] p1b: Indeedee\n|turn|1\n|\n|t:|1699688377\n|switch|p2a: Rillaboom|Rillaboom, L50, F|100\/100\n|-fieldstart|move: Grassy Terrain|[from] ability: Grassy Surge|[of] p2a: Rillaboom\n|move|p1a: Armarouge|Wide Guard|p1a: Armarouge\n|-singleturn|p1a: Armarouge|Wide Guard\n|move|p2b: Tornadus|Taunt|p1b: Indeedee\n|-start|p1b: Indeedee|move: Taunt\n|cant|p1b: Indeedee|move: Taunt|Trick Room\n|\n|upkeep\n|turn|2\n|inactive|Viking_VGC23 has 30 seconds left.\n|inactive|haruto1706 has 30 seconds left.\n|\n|t:|1699688409\n|switch|p1b: Ogerpon|Ogerpon-Hearthflame, L50, F|100\/100\n|-ability|p1b: Ogerpon|Mold Breaker\n|move|p2a: Rillaboom|Fake Out|p1a: Armarouge\n|-damage|p1a: Armarouge|88\/100\n|move|p2b: Tornadus|Taunt|p1a: Armarouge\n|-start|p1a: Armarouge|move: Taunt\n|cant|p1a: Armarouge|flinch\n|\n|-heal|p1a: Armarouge|94\/100|[from] Grassy Terrain\n|upkeep\n|turn|3\n|inactive|Viking_VGC23 has 30 seconds left.\n|inactive|haruto1706 has 30 seconds left.\n|\n|t:|1699688435\n|switch|p2a: Arcanine|Arcanine-Hisui, L50, F|100\/100\n|-ability|p2a: Arcanine|Intimidate|boost\n|-unboost|p1a: Armarouge|atk|1\n|-unboost|p1b: Ogerpon|atk|1\n|move|p2b: Tornadus|Rain Dance|p2b: Tornadus\n|-weather|RainDance\n|move|p1b: Ogerpon|Ivy Cudgel|p2b: Tornadus\n|-damage|p2b: Tornadus|79\/100\n|move|p1a: Armarouge|Armor Cannon|p2a: Arcanine\n|-resisted|p2a: Arcanine\n|-damage|p2a: Arcanine|89\/100\n|-unboost|p1a: Armarouge|def|1\n|-unboost|p1a: Armarouge|spd|1\n|\n|-weather|RainDance|[upkeep]\n|-heal|p2a: Arcanine|95\/100|[from] Grassy Terrain\n|-heal|p1a: Armarouge|99\/100|[from] Grassy Terrain\n|upkeep\n|turn|4\n|\n|t:|1699688458\n|switch|p1a: Indeedee|Indeedee-F, L50, F|100\/100\n|-fieldstart|move: Psychic Terrain|[from] ability: Psychic Surge|[of] p1a: Indeedee\n|move|p2b: Tornadus|Bleakwind Storm|p1b: Ogerpon|[spread] p1a,p1b\n|-supereffective|p1b: Ogerpon\n|-damage|p1a: Indeedee|76\/100\n|-damage|p1b: Ogerpon|32\/100\n|move|p2a: Arcanine|Rock Slide|p1a: Indeedee|[spread] p1a,p1b\n|-supereffective|p1b: Ogerpon\n|-damage|p1a: Indeedee|30\/100\n|-damage|p1b: Ogerpon|0 fnt\n|faint|p1b: Ogerpon\n|\n|-weather|RainDance|[upkeep]\n|upkeep\n|\n|t:|1699688474\n|switch|p1b: Armarouge|Armarouge, L50, F|99\/100\n|turn|5\n|\n|t:|1699688482\n|switch|p2a: Rillaboom|Rillaboom, L50, F|100\/100\n|-fieldstart|move: Grassy Terrain|[from] ability: Grassy Surge|[of] p2a: Rillaboom\n|move|p2b: Tornadus|Taunt|p1a: Indeedee\n|-start|p1a: Indeedee|move: Taunt\n|cant|p1a: Indeedee|move: Taunt|Heal Pulse\n|move|p1b: Armarouge|Trick Room|p1b: Armarouge\n|-fieldstart|move: Trick Room|[of] p1b: Armarouge\n|\n|-weather|RainDance|[upkeep]\n|-heal|p1b: Armarouge|100\/100|[from] Grassy Terrain\n|-heal|p1a: Indeedee|36\/100|[from] Grassy Terrain\n|upkeep\n|turn|6\n|inactive|Viking_VGC23 has 30 seconds left.\n|\n|t:|1699688509\n|switch|p1a: Urshifu|Urshifu-Rapid-Strike, L50, F|100\/100\n|move|p1b: Armarouge|Wide Guard|p1b: Armarouge\n|-singleturn|p1b: Armarouge|Wide Guard\n|move|p2a: Rillaboom|Fake Out|p1b: Armarouge\n|-damage|p1b: Armarouge|87\/100\n|move|p2b: Tornadus|Bleakwind Storm|p1b: Armarouge|[spread] \n|-activate|p1a: Urshifu|move: Wide Guard\n|-activate|p1b: Armarouge|move: Wide Guard\n|\n|-weather|RainDance|[upkeep]\n|-heal|p1b: Armarouge|93\/100|[from] Grassy Terrain\n|upkeep\n|turn|7\n|inactive|haruto1706 has 30 seconds left.\n|\n|t:|1699688539\n|switch|p1a: Indeedee|Indeedee-F, L50, F|36\/100\n|-fieldstart|move: Psychic Terrain|[from] ability: Psychic Surge|[of] p1a: Indeedee\n|-terastallize|p1b: Armarouge|Psychic\n|move|p1b: Armarouge|Expanding Force|p2b: Tornadus|[spread] p2a,p2b\n|-damage|p2a: Rillaboom|41\/100\n|-damage|p2b: Tornadus|0 fnt\n|faint|p2b: Tornadus\n|move|p2a: Rillaboom|Wood Hammer|p1a: Indeedee\n|-damage|p1a: Indeedee|0 fnt\n|-damage|p2a: Rillaboom|24\/100|[from] item: Rocky Helmet|[of] p1a: Indeedee\n|faint|p1a: Indeedee\n|-damage|p2a: Rillaboom|14\/100|[from] Recoil\n|\n|-weather|none\n|upkeep\n|\n|t:|1699688561\n|switch|p1a: Urshifu|Urshifu-Rapid-Strike, L50, F|100\/100\n|switch|p2b: Arcanine|Arcanine-Hisui, L50, F|95\/100\n|-ability|p2b: Arcanine|Intimidate|boost\n|-unboost|p1a: Urshifu|atk|1\n|-unboost|p1b: Armarouge|atk|1\n|turn|8\n|\n|t:|1699688583\n|switch|p2a: Chien-Pao|Chien-Pao, L50|100\/100\n|-ability|p2a: Chien-Pao|Sword of Ruin\n|move|p1b: Armarouge|Expanding Force|p2a: Chien-Pao|[spread] p2b\n|-immune|p2a: Chien-Pao\n|-damage|p2b: Arcanine|0 fnt\n|faint|p2b: Arcanine\n|move|p1a: Urshifu|Surging Strikes|p2a: Chien-Pao\n|-crit|p2a: Chien-Pao\n|-damage|p2a: Chien-Pao|59\/100\n|-crit|p2a: Chien-Pao\n|-damage|p2a: Chien-Pao|13\/100\n|-crit|p2a: Chien-Pao\n|-damage|p2a: Chien-Pao|0 fnt\n|faint|p2a: Chien-Pao\n|-hitcount|p2: Chien-Pao|3\n|\n|upkeep\n|\n|t:|1699688598\n|switch|p2b: Rillaboom|Rillaboom, L50, F|14\/100\n|-fieldstart|move: Grassy Terrain|[from] ability: Grassy Surge|[of] p2b: Rillaboom\n|turn|9\n|-message|haruto1706 forfeited.\n|\n|win|Viking_VGC23\n|raw|Viking_VGC23's rating: 1329 &rarr; <strong>1355<\/strong><br \/>(+26 for winning)\n|raw|haruto1706's rating: 1445 &rarr; <strong>1419<\/strong><br \/>(-26 for losing)\n|l|\u2606haruto1706\n|c|\u2606Viking_VGC23|Gg\n","uploadtime":1699688659,"views":38,"p1id":"vikingvgc23","p2id":"haruto1706","formatid":"gen9vgc2023regulatione","rating":1355,"private":0,"password":""}