{"id":"gen9vgc2023regulatione-1995643303","p1":"LordGig","p2":"Ginge-JMD","format":"[Gen 9] VGC 2023 Regulation E","log":"|j|\u2606LordGig\n|j|\u2606Ginge-JMD\n|t:|1700590176\n|gametype|doubles\n|player|p1|LordGig|colress|\n|player|p2|Ginge-JMD|169|\n|teamsize|p1|6\n|teamsize|p2|6\n|gen|9\n|tier|[Gen 9] VGC 2023 Regulation E\n|rule|Species Clause: Limit one of each Pok\u00e9mon\n|rule|Item Clause: Limit one of each item\n|clearpoke\n|poke|p1|Arboliva, L50, M|\n|poke|p1|Iron Hands, L50|\n|poke|p1|Meowscarada, L50, M|\n|poke|p1|Slowbro-Galar, L50, F|\n|poke|p1|Milotic, L50, M|\n|poke|p1|Illumise, L50, F|\n|poke|p2|Iron Jugulis, L50|\n|poke|p2|Slowking, L50, M|\n|poke|p2|Great Tusk, L50|\n|poke|p2|Clefable, L50, F|\n|poke|p2|Bellibolt, L50, M|\n|poke|p2|Delibird, L50, F|\n|teampreview|4\nGinge-JMD has agreed to open team sheets.\n|c|\u2606Ginge-JMD|glhf!\n|c|\u2606LordGig|glhf man\n|\n|t:|1700590320\n|start\n|switch|p1a: Myia|Illumise, L50, F, shiny|100\/100\n|switch|p1b: Charybdis|Milotic, L50, M|100\/100\n|switch|p2a: Germaine|Great Tusk, L50|100\/100\n|switch|p2b: Claire|Clefable, L50, F|100\/100\n|-enditem|p2a: Germaine|Booster Energy\n|-activate|p2a: Germaine|ability: Protosynthesis|[fromitem]\n|-start|p2a: Germaine|protosynthesisatk\n|turn|1\n|\n|t:|1700590387\n|-end|p2a: Germaine|Protosynthesis|[silent]\n|switch|p2a: Billy|Bellibolt, L50, M|100\/100\n|move|p2b: Claire|Protect|p2b: Claire\n|-singleturn|p2b: Claire|Protect\n|move|p1a: Myia|Tailwind|p1a: Myia\n|-sidestart|p1: LordGig|move: Tailwind\n|move|p1b: Charybdis|Scald|p2a: Billy\n|-damage|p2a: Billy|70\/100\n|-start|p2a: Billy|Charge|Scald|[from] ability: Electromorphosis\n|\n|-status|p1b: Charybdis|brn|[from] item: Flame Orb\n|upkeep\n|turn|2\n|\n|t:|1700590466\n|switch|p1b: Gotz|Iron Hands, L50|100\/100\n|-terastallize|p2a: Billy|Rock\n|move|p1a: Myia|Encore|p2b: Claire\n|-start|p2b: Claire|Encore\n|move|p2b: Claire|Protect||[still]\n|-fail|p2b: Claire\n|move|p2a: Billy|Tera Blast|p1a: Myia|[anim] Tera Blast Rock\n|-supereffective|p1a: Myia\n|-damage|p1a: Myia|22\/100\n|-damage|p2a: Billy|60\/100|[from] item: Life Orb\n|\n|upkeep\n|turn|3\n|\n|t:|1700590585\n|switch|p1a: Charybdis|Milotic, L50, M|100\/100 brn\n|move|p2b: Claire|Protect|p2b: Claire\n|-singleturn|p2b: Claire|Protect\n|move|p1b: Gotz|Drain Punch|p2a: Billy\n|-supereffective|p2a: Billy\n|-damage|p2a: Billy|0 fnt\n|faint|p2a: Billy\n|\n|-damage|p1a: Charybdis|95\/100 brn|[from] brn\n|upkeep\n|\n|t:|1700590633\n|switch|p2a: Germaine|Great Tusk, L50|100\/100\n|turn|4\n|\n|t:|1700590647\n|switch|p2b: Steve|Slowking, L50, M|100\/100\n|move|p1a: Charybdis|Scald|p2a: Germaine\n|-supereffective|p2a: Germaine\n|-damage|p2a: Germaine|9\/100\n|move|p2a: Germaine|High Horsepower|p1b: Gotz\n|-supereffective|p1b: Gotz\n|-damage|p1b: Gotz|40\/100\n|move|p1b: Gotz|Iron Head|p2b: Steve\n|-resisted|p2b: Steve\n|-damage|p2b: Steve|84\/100\n|\n|-damage|p1a: Charybdis|89\/100 brn|[from] brn\n|-sideend|p1: LordGig|move: Tailwind\n|upkeep\n|turn|5\n|\n|t:|1700590726\n|-end|p1b: Gotz|Quark Drive|[silent]\n|switch|p1b: Myia|Illumise, L50, F, shiny|22\/100\n|move|p2a: Germaine|High Horsepower|p1b: Myia\n|-resisted|p1b: Myia\n|-damage|p1b: Myia|0 fnt\n|faint|p1b: Myia\n|move|p1a: Charybdis|Scald|p2a: Germaine\n|-supereffective|p2a: Germaine\n|-damage|p2a: Germaine|0 fnt\n|faint|p2a: Germaine\n|-end|p2a: Germaine|Protosynthesis|[silent]\n|move|p2b: Steve|Trick Room|p2b: Steve\n|-fieldstart|move: Trick Room|[of] p2b: Steve\n|\n|-damage|p1a: Charybdis|83\/100 brn|[from] brn\n|upkeep\n|\n|t:|1700590745\n|switch|p1b: Gotz|Iron Hands, L50|40\/100\n|switch|p2a: Claire|Clefable, L50, F|100\/100\n|turn|6\n|j| Cathybara\n|\n|t:|1700590818\n|move|p2a: Claire|Follow Me|p2a: Claire\n|-singleturn|p2a: Claire|move: Follow Me\n|move|p2b: Steve|Psyshock|p1b: Gotz\n|-supereffective|p1b: Gotz\n|-damage|p1b: Gotz|0 fnt\n|faint|p1b: Gotz\n|-end|p1b: Gotz|Quark Drive|[silent]\n|move|p1a: Charybdis|Scald|p2a: Claire\n|-damage|p2a: Claire|72\/100\n|\n|-heal|p2a: Claire|78\/100|[from] item: Leftovers\n|-damage|p1a: Charybdis|77\/100 brn|[from] brn\n|upkeep\n|\n|t:|1700590846\n|switch|p1b: Wampus|Meowscarada, L50, M|100\/100\n|turn|7\n|j| AncientFuture\n|\n|t:|1700590899\n|-terastallize|p1b: Wampus|Steel\n|move|p2a: Claire|Follow Me|p2a: Claire\n|-singleturn|p2a: Claire|move: Follow Me\n|move|p2b: Steve|Ice Beam|p1b: Wampus\n|-resisted|p1b: Wampus\n|-damage|p1b: Wampus|87\/100\n|-status|p1b: Wampus|frz\n|move|p1a: Charybdis|Scald|p2a: Claire\n|-damage|p2a: Claire|45\/100\n|cant|p1b: Wampus|frz\n|\n|-heal|p2a: Claire|51\/100|[from] item: Leftovers\n|-damage|p1a: Charybdis|71\/100 brn|[from] brn\n|upkeep\n|turn|8\n|c|\u2606LordGig|man rng do be like that huh\n|c|\u2606Ginge-JMD|I can't believe it lmao\n|c|\u2606LordGig|the cat is truly like the source of all my rng strife i kid you not\n|\n|t:|1700590990\n|move|p2b: Steve|Psyshock|p1b: Wampus\n|-resisted|p1b: Wampus\n|-damage|p1b: Wampus|69\/100 frz\n|move|p2a: Claire|Dazzling Gleam|p1a: Charybdis|[spread] p1a,p1b\n|-resisted|p1b: Wampus\n|-damage|p1a: Charybdis|57\/100 brn\n|-damage|p1b: Wampus|56\/100 frz\n|move|p1a: Charybdis|Life Dew|p1a: Charybdis|[spread] p1a,p1b\n|-heal|p1a: Charybdis|82\/100 brn\n|-heal|p1b: Wampus|81\/100 frz\n|cant|p1b: Wampus|frz\n|\n|-heal|p2a: Claire|57\/100|[from] item: Leftovers\n|-damage|p1a: Charybdis|76\/100 brn|[from] brn\n|upkeep\n|turn|9\n|\n|t:|1700591025\n|move|p2b: Steve|Psyshock|p1a: Charybdis\n|-damage|p1a: Charybdis|58\/100 brn\n|move|p2a: Claire|Dazzling Gleam|p1b: Wampus|[spread] p1a,p1b\n|-resisted|p1b: Wampus\n|-damage|p1a: Charybdis|45\/100 brn\n|-damage|p1b: Wampus|69\/100 frz\n|move|p1a: Charybdis|Life Dew|p1a: Charybdis|[spread] p1a,p1b\n|-heal|p1a: Charybdis|70\/100 brn\n|-heal|p1b: Wampus|94\/100 frz\n|cant|p1b: Wampus|frz\n|\n|-heal|p2a: Claire|63\/100|[from] item: Leftovers\n|-damage|p1a: Charybdis|64\/100 brn|[from] brn\n|-fieldend|move: Trick Room\n|upkeep\n|turn|10\n|\n|t:|1700591044\n|cant|p1b: Wampus|frz\n|move|p1a: Charybdis|Life Dew|p1a: Charybdis|[spread] p1a,p1b\n|-heal|p1a: Charybdis|89\/100 brn\n|-heal|p1b: Wampus|100\/100 frz\n|move|p2a: Claire|Dazzling Gleam|p1a: Charybdis|[spread] p1a,p1b\n|-resisted|p1b: Wampus\n|-damage|p1a: Charybdis|76\/100 brn\n|-damage|p1b: Wampus|88\/100 frz\n|move|p2b: Steve|Psyshock|p1a: Charybdis\n|-damage|p1a: Charybdis|57\/100 brn\n|\n|-heal|p2a: Claire|69\/100|[from] item: Leftovers\n|-damage|p1a: Charybdis|51\/100 brn|[from] brn\n|upkeep\n|turn|11\n|\n|t:|1700591071\n|cant|p1b: Wampus|frz\n|move|p1a: Charybdis|Life Dew|p1a: Charybdis|[spread] p1a,p1b\n|-heal|p1a: Charybdis|77\/100 brn\n|-heal|p1b: Wampus|100\/100 frz\n|move|p2a: Claire|Dazzling Gleam|p1a: Charybdis|[spread] p1a,p1b\n|-resisted|p1b: Wampus\n|-damage|p1a: Charybdis|63\/100 brn\n|-damage|p1b: Wampus|88\/100 frz\n|move|p2b: Steve|Psyshock|p1a: Charybdis\n|-damage|p1a: Charybdis|46\/100 brn\n|\n|-heal|p2a: Claire|75\/100|[from] item: Leftovers\n|-damage|p1a: Charybdis|40\/100 brn|[from] brn\n|upkeep\n|turn|12\n|c|\u2606LordGig|milotic doe. greatest mon ive ever used\n|j| NoNotNobody\n|\n|t:|1700591096\n|cant|p1b: Wampus|frz\n|move|p1a: Charybdis|Life Dew|p1a: Charybdis|[spread] p1a,p1b\n|-heal|p1a: Charybdis|65\/100 brn\n|-heal|p1b: Wampus|100\/100 frz\n|move|p2a: Claire|Dazzling Gleam|p1a: Charybdis|[spread] p1a,p1b\n|-resisted|p1b: Wampus\n|-damage|p1a: Charybdis|52\/100 brn\n|-damage|p1b: Wampus|87\/100 frz\n|move|p2b: Steve|Psyshock|p1a: Charybdis\n|-damage|p1a: Charybdis|34\/100 brn\n|\n|-heal|p2a: Claire|81\/100|[from] item: Leftovers\n|-damage|p1a: Charybdis|28\/100 brn|[from] brn\n|upkeep\n|turn|13\n|c|\u2606Ginge-JMD|I'd like if it was less good but also it's not like you're not playing with one mon rn LMAO\n|\n|t:|1700591128\n|cant|p1b: Wampus|frz\n|move|p1a: Charybdis|Life Dew|p1a: Charybdis|[spread] p1a,p1b\n|-heal|p1a: Charybdis|53\/100 brn\n|-heal|p1b: Wampus|100\/100 frz\n|move|p2a: Claire|Dazzling Gleam|p1a: Charybdis|[spread] p1a,p1b\n|-resisted|p1b: Wampus\n|-damage|p1a: Charybdis|39\/100 brn\n|-damage|p1b: Wampus|87\/100 frz\n|move|p2b: Steve|Psyshock|p1a: Charybdis\n|-damage|p1a: Charybdis|21\/100 brn\n|\n|-heal|p2a: Claire|87\/100|[from] item: Leftovers\n|-damage|p1a: Charybdis|15\/100 brn|[from] brn\n|upkeep\n|turn|14\n|\n|t:|1700591145\n|cant|p1b: Wampus|frz\n|move|p1a: Charybdis|Life Dew|p1a: Charybdis|[spread] p1a,p1b\n|-heal|p1a: Charybdis|40\/100 brn\n|-heal|p1b: Wampus|100\/100 frz\n|move|p2a: Claire|Dazzling Gleam|p1b: Wampus|[spread] p1a,p1b\n|-resisted|p1b: Wampus\n|-damage|p1a: Charybdis|25\/100 brn\n|-damage|p1b: Wampus|88\/100 frz\n|move|p2b: Steve|Psyshock|p1a: Charybdis\n|-damage|p1a: Charybdis|7\/100 brn\n|\n|-heal|p2a: Claire|93\/100|[from] item: Leftovers\n|-damage|p1a: Charybdis|1\/100 brn|[from] brn\n|upkeep\n|turn|15\n|c|\u2606LordGig|HOW\n|c|\u2606Ginge-JMD|this is so fucked I'm so sorry lmaooooo\n|c|\u2606LordGig|its been 7 turns\n|\n|t:|1700591178\n|-curestatus|p1b: Wampus|frz|[msg]\n|move|p1b: Wampus|Flower Trick|p2b: Steve\n|-supereffective|p2b: Steve\n|-crit|p2b: Steve\n|-damage|p2b: Steve|0 fnt\n|faint|p2b: Steve\n|move|p1a: Charybdis|Life Dew|p1a: Charybdis|[spread] p1a,p1b\n|-heal|p1a: Charybdis|26\/100 brn\n|-heal|p1b: Wampus|100\/100\n|move|p2a: Claire|Dazzling Gleam|p1b: Wampus|[spread] p1a,p1b\n|-resisted|p1b: Wampus\n|-damage|p1a: Charybdis|11\/100 brn\n|-damage|p1b: Wampus|87\/100\n|\n|-heal|p2a: Claire|99\/100|[from] item: Leftovers\n|-damage|p1a: Charybdis|5\/100 brn|[from] brn\n|upkeep\n|turn|16\n|c|\u2606Ginge-JMD|NOOOO\n|c|\u2606LordGig|YES GOD JESUS\n|\n|t:|1700591197\n|move|p1b: Wampus|Flower Trick|p2a: Claire\n|-crit|p2a: Claire\n|-damage|p2a: Claire|36\/100\n|move|p1a: Charybdis|Life Dew|p1a: Charybdis|[spread] p1a,p1b\n|-heal|p1a: Charybdis|31\/100 brn\n|-heal|p1b: Wampus|100\/100\n|move|p2a: Claire|Dazzling Gleam|p1a: Charybdis|[spread] p1a,p1b\n|-resisted|p1b: Wampus\n|-damage|p1a: Charybdis|16\/100 brn\n|-damage|p1b: Wampus|87\/100\n|\n|-heal|p2a: Claire|42\/100|[from] item: Leftovers\n|-damage|p1a: Charybdis|10\/100 brn|[from] brn\n|upkeep\n|turn|17\n|c| AncientFuture|Gotta love the 10%\n|c|\u2606Ginge-JMD|gg\n|\n|t:|1700591212\n|move|p1b: Wampus|Flower Trick|p2a: Claire\n|-crit|p2a: Claire\n|-damage|p2a: Claire|0 fnt\n|faint|p2a: Claire\n|\n|win|LordGig\n|c|\u2606Ginge-JMD|here's to 8 turns next game!\n|c|\u2606LordGig|gg man\n|l|\u2606Ginge-JMD\n|l| NoNotNobody\n|l| AncientFuture\n","uploadtime":1700591271,"views":8,"p1id":"lordgig","p2id":"gingejmd","formatid":"gen9vgc2023regulatione","rating":0,"private":0,"password":""}