{"id":"gen9vgc2023regulatione-1990124603","p1":"gamer3DRider","p2":"u3g2i","format":"[Gen 9] VGC 2023 Regulation E","log":"|j|\u2606gamer3DRider\n|j|\u2606u3g2i\n|t:|1699927182\n|gametype|doubles\n|player|p1|gamer3DRider|steven|1026\n|player|p2|u3g2i|266|1057\n|teamsize|p1|6\n|teamsize|p2|6\n|gen|9\n|tier|[Gen 9] VGC 2023 Regulation E\n|rated|\n|rule|Species Clause: Limit one of each Pok\u00e9mon\n|rule|Item Clause: Limit one of each item\n|clearpoke\n|poke|p1|Ogerpon-Cornerstone, L50, F|\n|poke|p1|Volcarona, L50, F|\n|poke|p1|Oricorio-Pom-Pom, L50, M|\n|poke|p1|Wo-Chien, L50|\n|poke|p1|Urshifu-*, L50, F|\n|poke|p1|Iron Hands, L50|\n|poke|p2|Urshifu-*, L50, F|\n|poke|p2|Iron Hands, L50|\n|poke|p2|Tornadus, L50, M|\n|poke|p2|Rillaboom, L50, F|\n|poke|p2|Ogerpon-Cornerstone, L50, F|\n|poke|p2|Heatran, L50, M|\n|teampreview|4\n|\n|t:|1699927242\n|start\n|switch|p1a: Volcarona|Volcarona, L50, F|100\/100\n|switch|p1b: Oricorio|Oricorio-Pom-Pom, L50, M|100\/100\n|switch|p2a: Tornadus|Tornadus, L50, M|100\/100\n|switch|p2b: Ogerpon|Ogerpon-Cornerstone, L50, F|100\/100\n|turn|1\n|\n|t:|1699927266\n|-terastallize|p2b: Ogerpon|Rock\n|detailschange|p2b: Ogerpon|Ogerpon-Cornerstone-Tera, L50, F, tera:Rock\n|-ability|p2b: Ogerpon|Embody Aspect (Cornerstone)|boost\n|-boost|p2b: Ogerpon|def|1\n|-terastallize|p1a: Volcarona|Water\n|move|p2a: Tornadus|Tailwind|p2a: Tornadus\n|-sidestart|p2: u3g2i|move: Tailwind\n|move|p2b: Ogerpon|Ivy Cudgel|p1b: Oricorio\n|-supereffective|p1b: Oricorio\n|-enditem|p1b: Oricorio|Focus Sash\n|-damage|p1b: Oricorio|1\/100\n|move|p1b: Oricorio|Tailwind|p1b: Oricorio\n|-sidestart|p1: gamer3DRider|move: Tailwind\n|move|p1a: Volcarona|Quiver Dance|p1a: Volcarona\n|-boost|p1a: Volcarona|spa|1\n|-boost|p1a: Volcarona|spd|1\n|-boost|p1a: Volcarona|spe|1\n|-activate|p1b: Oricorio|ability: Dancer\n|move|p1b: Oricorio|Quiver Dance|p1b: Oricorio|[from]ability: Dancer\n|-boost|p1b: Oricorio|spa|1\n|-boost|p1b: Oricorio|spd|1\n|-boost|p1b: Oricorio|spe|1\n|\n|upkeep\n|turn|2\n|\n|t:|1699927301\n|move|p1b: Oricorio|Protect|p1b: Oricorio\n|-singleturn|p1b: Oricorio|Protect\n|move|p1a: Volcarona|Fiery Dance|p2a: Tornadus\n|-damage|p2a: Tornadus|31\/100\n|-boost|p1a: Volcarona|spa|1\n|-enditem|p2a: Tornadus|Sitrus Berry|[eat]\n|-heal|p2a: Tornadus|56\/100|[from] item: Sitrus Berry\n|-damage|p1a: Volcarona|91\/100|[from] item: Life Orb\n|-activate|p1b: Oricorio|ability: Dancer\n|move|p1b: Oricorio|Fiery Dance|p2a: Tornadus|[from]ability: Dancer\n|-damage|p2a: Tornadus|27\/100\n|move|p2b: Ogerpon|Power Whip|p1a: Volcarona\n|-supereffective|p1a: Volcarona\n|-damage|p1a: Volcarona|0 fnt\n|faint|p1a: Volcarona\n|move|p2a: Tornadus|Bleakwind Storm|p1b: Oricorio\n|-activate|p1b: Oricorio|move: Protect\n|\n|upkeep\n|\n|t:|1699927320\n|switch|p1a: Iron Hands|Iron Hands, L50|100\/100\n|turn|3\n|\n|t:|1699927341\n|move|p1a: Iron Hands|Fake Out|p2b: Ogerpon\n|-resisted|p2b: Ogerpon\n|-damage|p2b: Ogerpon|93\/100\n|move|p1b: Oricorio|Revelation Dance|p2a: Tornadus\n|-supereffective|p2a: Tornadus\n|-damage|p2a: Tornadus|0 fnt\n|faint|p2a: Tornadus\n|cant|p2b: Ogerpon|flinch\n|\n|upkeep\n|\n|t:|1699927346\n|switch|p2a: Urshifu|Urshifu, L50, F|100\/100\n|turn|4\n|\n|t:|1699927368\n|move|p2a: Urshifu|Sucker Punch|p1b: Oricorio\n|-damage|p1b: Oricorio|0 fnt\n|faint|p1b: Oricorio\n|move|p2b: Ogerpon|Power Whip|p1a: Iron Hands\n|-damage|p1a: Iron Hands|54\/100\n|move|p1a: Iron Hands|Wild Charge|p2a: Urshifu\n|-damage|p2a: Urshifu|54\/100\n|-damage|p1a: Iron Hands|46\/100|[from] Recoil\n|\n|-sideend|p2: u3g2i|move: Tailwind\n|-sideend|p1: gamer3DRider|move: Tailwind\n|upkeep\n|\n|t:|1699927372\n|switch|p1b: Ogerpon|Ogerpon-Cornerstone, L50, F|100\/100\n|turn|5\n|\n|t:|1699927388\n|move|p2b: Ogerpon|Follow Me|p2b: Ogerpon\n|-singleturn|p2b: Ogerpon|move: Follow Me\n|move|p2a: Urshifu|Close Combat|p1b: Ogerpon\n|-supereffective|p1b: Ogerpon\n|-ability|p1b: Ogerpon|Sturdy\n|-damage|p1b: Ogerpon|1\/100\n|-unboost|p2a: Urshifu|def|1\n|-unboost|p2a: Urshifu|spd|1\n|move|p1b: Ogerpon|Horn Leech|p2b: Ogerpon\n|-supereffective|p2b: Ogerpon\n|-damage|p2b: Ogerpon|0 fnt\n|-heal|p1b: Ogerpon|41\/100|[from] drain|[of] p2b: Ogerpon\n|faint|p2b: Ogerpon\n|move|p1a: Iron Hands|Drain Punch|p2a: Urshifu\n|-supereffective|p2a: Urshifu\n|-damage|p2a: Urshifu|0 fnt\n|-heal|p1a: Iron Hands|64\/100|[from] drain|[of] p2a: Urshifu\n|faint|p2a: Urshifu\n|\n|upkeep\n|\n|t:|1699927404\n|switch|p2a: Heatran|Heatran, L50, M|100\/100\n|turn|6\n|\n|t:|1699927412\n|move|p1b: Ogerpon|Ivy Cudgel|p2a: Heatran\n|-damage|p2a: Heatran|45\/100\n|move|p2a: Heatran|Heat Wave|p1a: Iron Hands|[spread] p1a,p1b\n|-damage|p1a: Iron Hands|43\/100\n|-damage|p1b: Ogerpon|1\/100\n|move|p1a: Iron Hands|Drain Punch|p2a: Heatran\n|-supereffective|p2a: Heatran\n|-damage|p2a: Heatran|0 fnt\n|-heal|p1a: Iron Hands|60\/100|[from] drain|[of] p2a: Heatran\n|faint|p2a: Heatran\n|\n|win|gamer3DRider\n|raw|gamer3DRider's rating: 1026 &rarr; <strong>1065<\/strong><br \/>(+39 for winning)\n|raw|u3g2i's rating: 1057 &rarr; <strong>1037<\/strong><br \/>(-20 for losing)\n","uploadtime":1699927574,"views":15,"p1id":"gamer3drider","p2id":"u3g2i","formatid":"gen9vgc2023regulatione","rating":1037,"private":0,"password":""}