{"id":"gen9vgc2023regulatione-1992604555","p1":"Alvroh","p2":"5Sscreen","format":"[Gen 9] VGC 2023 Regulation E","log":"|j|\u2606Alvroh\n|j|\u26065Sscreen\n|t:|1700213386\n|gametype|doubles\n|player|p1|Alvroh|2|1089\n|player|p2|5Sscreen|pokekid|1160\n|teamsize|p1|6\n|teamsize|p2|6\n|gen|9\n|tier|[Gen 9] VGC 2023 Regulation E\n|rated|\n|rule|Species Clause: Limit one of each Pok\u00e9mon\n|rule|Item Clause: Limit one of each item\n|clearpoke\n|poke|p1|Tornadus, L50, M|\n|poke|p1|Landorus-Therian, L50, M|\n|poke|p1|Flutter Mane, L50|\n|poke|p1|Ogerpon-Hearthflame, L50, F|\n|poke|p1|Rillaboom, L50, F|\n|poke|p1|Chien-Pao, L50|\n|poke|p2|Annihilape, L50, F|\n|poke|p2|Sinistcha, L50|\n|poke|p2|Grimmsnarl, L50, M|\n|poke|p2|Landorus-Therian, L50, M|\n|poke|p2|Bellibolt, L50, M|\n|poke|p2|Corviknight, L50, M|\n|teampreview|4\n|inactive|Battle timer is ON: inactive players will automatically lose when time's up. (requested by 5Sscreen)\n|\n|t:|1700213430\n|start\n|switch|p1a: Tornadus|Tornadus, L50, M|100\/100\n|switch|p1b: Flutter Mane|Flutter Mane, L50|100\/100\n|switch|p2a: Grimmsnarl|Grimmsnarl, L50, M, shiny|100\/100\n|switch|p2b: Landorus|Landorus-Therian, L50, M|100\/100\n|-ability|p2b: Landorus|Intimidate|boost\n|-unboost|p1a: Tornadus|atk|1\n|-unboost|p1b: Flutter Mane|atk|1\n|turn|1\n|inactive|Alvroh has 30 seconds left.\n|\n|t:|1700213459\n|move|p1a: Tornadus|Tailwind|p1a: Tornadus\n|-sidestart|p1: Alvroh|move: Tailwind\n|move|p2a: Grimmsnarl|Light Screen|p2a: Grimmsnarl\n|-sidestart|p2: 5Sscreen|move: Light Screen\n|move|p1b: Flutter Mane|Moonblast|p2a: Grimmsnarl\n|-supereffective|p2a: Grimmsnarl\n|-damage|p2a: Grimmsnarl|31\/100\n|move|p2b: Landorus|U-turn|p1b: Flutter Mane\n|-resisted|p1b: Flutter Mane\n|-damage|p1b: Flutter Mane|90\/100\n|\n|t:|1700213467\n|switch|p2b: Annihilape|Annihilape, L50, F|100\/100|[from] U-turn\n|\n|upkeep\n|turn|2\n|\n|t:|1700213478\n|move|p2b: Annihilape|Protect|p2b: Annihilape\n|-singleturn|p2b: Annihilape|Protect\n|move|p2a: Grimmsnarl|Parting Shot|p1b: Flutter Mane\n|-unboost|p1b: Flutter Mane|atk|1\n|-unboost|p1b: Flutter Mane|spa|1\n|\n|t:|1700213484\n|switch|p2a: Landorus|Landorus-Therian, L50, M|100\/100|[from] Parting Shot\n|-ability|p2a: Landorus|Intimidate|boost\n|-unboost|p1a: Tornadus|atk|1\n|-unboost|p1b: Flutter Mane|atk|1\n|move|p1b: Flutter Mane|Moonblast|p2a: Landorus\n|-damage|p2a: Landorus|66\/100\n|move|p1a: Tornadus|Bleakwind Storm|p2a: Landorus|[spread] p2a\n|-activate|p2b: Annihilape|move: Protect\n|-damage|p2a: Landorus|41\/100\n|\n|upkeep\n|turn|3\n|inactive|5Sscreen has 30 seconds left.\n|\n|t:|1700213515\n|-end|p1b: Flutter Mane|Protosynthesis|[silent]\n|switch|p1b: Landorus|Landorus-Therian, L50, M|100\/100\n|-ability|p1b: Landorus|Intimidate|boost\n|-unboost|p2a: Landorus|atk|1\n|-unboost|p2b: Annihilape|atk|1\n|-ability|p2b: Annihilape|Defiant|boost\n|-boost|p2b: Annihilape|atk|2\n|switch|p2a: Grimmsnarl|Grimmsnarl, L50, M, shiny|31\/100\n|-terastallize|p2b: Annihilape|Fire\n|move|p1a: Tornadus|Bleakwind Storm|p2a: Grimmsnarl|[spread] p2a,p2b\n|-damage|p2a: Grimmsnarl|12\/100\n|-damage|p2b: Annihilape|85\/100\n|-unboost|p2a: Grimmsnarl|spe|1\n|move|p2b: Annihilape|Rage Fist|p1b: Landorus\n|-damage|p1b: Landorus|22\/100\n|\n|-heal|p2b: Annihilape|91\/100|[from] item: Leftovers\n|upkeep\n|turn|4\n|inactive|Alvroh has 30 seconds left.\n|inactive|5Sscreen has 30 seconds left.\n|\n|t:|1700213547\n|move|p2b: Annihilape|Protect|p2b: Annihilape\n|-singleturn|p2b: Annihilape|Protect\n|move|p2a: Grimmsnarl|Parting Shot|p1b: Landorus\n|-unboost|p1b: Landorus|atk|1\n|-unboost|p1b: Landorus|spa|1\n|\n|t:|1700213552\n|switch|p2a: Landorus|Landorus-Therian, L50, M|41\/100|[from] Parting Shot\n|-ability|p2a: Landorus|Intimidate|boost\n|-unboost|p1a: Tornadus|atk|1\n|-unboost|p1b: Landorus|atk|1\n|move|p1b: Landorus|Stomping Tantrum|p2b: Annihilape\n|-activate|p2b: Annihilape|move: Protect\n|move|p1a: Tornadus|Bleakwind Storm|p2a: Landorus|[spread] p2a\n|-activate|p2b: Annihilape|move: Protect\n|-damage|p2a: Landorus|15\/100\n|-unboost|p2a: Landorus|spe|1\n|\n|-heal|p2b: Annihilape|97\/100|[from] item: Leftovers\n|-sideend|p1: Alvroh|move: Tailwind\n|upkeep\n|turn|5\n|\n|t:|1700213575\n|switch|p2a: Grimmsnarl|Grimmsnarl, L50, M, shiny|12\/100\n|move|p1a: Tornadus|Tailwind|p1a: Tornadus\n|-sidestart|p1: Alvroh|move: Tailwind\n|move|p1b: Landorus|Stomping Tantrum|p2b: Annihilape\n|-supereffective|p2b: Annihilape\n|-damage|p2b: Annihilape|57\/100\n|move|p2b: Annihilape|Drain Punch|p1a: Tornadus\n|-resisted|p1a: Tornadus\n|-damage|p1a: Tornadus|74\/100\n|-heal|p2b: Annihilape|69\/100|[from] drain|[of] p1a: Tornadus\n|\n|-heal|p2b: Annihilape|75\/100|[from] item: Leftovers\n|upkeep\n|turn|6\n|inactive|Alvroh has 30 seconds left.\n|inactive|5Sscreen has 30 seconds left.\n|inactive|Alvroh has 20 seconds left.\n|inactive|Alvroh has 15 seconds left.\n|\n|t:|1700213616\n|switch|p1b: Flutter Mane|Flutter Mane, L50|90\/100\n|move|p2a: Grimmsnarl|Parting Shot|p1b: Flutter Mane\n|-unboost|p1b: Flutter Mane|atk|1\n|-unboost|p1b: Flutter Mane|spa|1\n|\n|t:|1700213623\n|switch|p2a: Sinistcha|Sinistcha, L50|100\/100|[from] Parting Shot\n|-heal|p2b: Annihilape|99\/100|[from] ability: Hospitality|[of] p2a: Sinistcha\n|move|p1a: Tornadus|Bleakwind Storm|p2b: Annihilape|[spread] p2a\n|-miss|p1a: Tornadus|p2b: Annihilape\n|-supereffective|p2a: Sinistcha\n|-damage|p2a: Sinistcha|59\/100\n|-unboost|p2a: Sinistcha|spe|1\n|move|p2b: Annihilape|Rage Fist|p1b: Flutter Mane\n|-supereffective|p1b: Flutter Mane\n|-crit|p1b: Flutter Mane\n|-damage|p1b: Flutter Mane|0 fnt\n|faint|p1b: Flutter Mane\n|-end|p1b: Flutter Mane|Protosynthesis|[silent]\n|\n|-heal|p2b: Annihilape|100\/100|[from] item: Leftovers\n|upkeep\n|\n|t:|1700213637\n|switch|p1b: Landorus|Landorus-Therian, L50, M|22\/100\n|-ability|p1b: Landorus|Intimidate|boost\n|-unboost|p2a: Sinistcha|atk|1\n|-unboost|p2b: Annihilape|atk|1\n|-ability|p2b: Annihilape|Defiant|boost\n|-boost|p2b: Annihilape|atk|2\n|turn|7\n|\n|t:|1700213658\n|move|p2a: Sinistcha|Rage Powder|p2a: Sinistcha\n|-singleturn|p2a: Sinistcha|move: Rage Powder\n|move|p1a: Tornadus|Taunt|p2a: Sinistcha\n|-start|p2a: Sinistcha|move: Taunt\n|move|p1b: Landorus|U-turn|p2a: Sinistcha\n|-damage|p2a: Sinistcha|38\/100\n|-enditem|p2a: Sinistcha|Sitrus Berry|[eat]\n|-heal|p2a: Sinistcha|62\/100|[from] item: Sitrus Berry\n|\n|t:|1700213670\n|switch|p1b: Chien-Pao|Chien-Pao, L50|100\/100|[from] U-turn\n|-ability|p1b: Chien-Pao|Sword of Ruin\n|move|p2b: Annihilape|Rage Fist|p1b: Chien-Pao\n|-resisted|p1b: Chien-Pao\n|-damage|p1b: Chien-Pao|10\/100\n|\n|upkeep\n|turn|8\n|\n|t:|1700213692\n|switch|p2a: Landorus|Landorus-Therian, L50, M|15\/100\n|-ability|p2a: Landorus|Intimidate|boost\n|-unboost|p1a: Tornadus|atk|1\n|-unboost|p1b: Chien-Pao|atk|1\n|move|p2b: Annihilape|Protect|p2b: Annihilape\n|-singleturn|p2b: Annihilape|Protect\n|move|p1b: Chien-Pao|Sucker Punch||[still]\n|-fail|p1b: Chien-Pao\n|move|p1a: Tornadus|Bleakwind Storm|p2a: Landorus|[spread] p2a\n|-activate|p2b: Annihilape|move: Protect\n|-damage|p2a: Landorus|0 fnt\n|faint|p2a: Landorus\n|\n|-sideend|p2: 5Sscreen|move: Light Screen\n|-sideend|p1: Alvroh|move: Tailwind\n|upkeep\n|\n|t:|1700213707\n|switch|p2a: Grimmsnarl|Grimmsnarl, L50, M, shiny|12\/100\n|turn|9\n|inactive|Alvroh has 30 seconds left.\n|inactive|Alvroh has 20 seconds left.\n|inactive|Alvroh has 15 seconds left.\n|inactive|Alvroh has 10 seconds left.\n|inactive|Alvroh has 5 seconds left.\n|\n|t:|1700213762\n|move|p1a: Tornadus|Tailwind|p1a: Tornadus\n|-sidestart|p1: Alvroh|move: Tailwind\n|move|p2a: Grimmsnarl|Parting Shot|p1a: Tornadus\n|-unboost|p1a: Tornadus|atk|1\n|-unboost|p1a: Tornadus|spa|1\n|\n|t:|1700213768\n|switch|p2a: Sinistcha|Sinistcha, L50|62\/100|[from] Parting Shot\n|move|p1b: Chien-Pao|Icicle Crash|p2b: Annihilape|[miss]\n|-miss|p1b: Chien-Pao|p2b: Annihilape\n|move|p2b: Annihilape|Drain Punch|p1b: Chien-Pao\n|-supereffective|p1b: Chien-Pao\n|-damage|p1b: Chien-Pao|0 fnt\n|faint|p1b: Chien-Pao\n|\n|upkeep\n|inactive|Alvroh has 30 seconds left.\n|inactive|Alvroh has 20 seconds left.\n|inactive|Alvroh has 15 seconds left.\n|inactive|Alvroh has 10 seconds left.\n|inactive|Alvroh has 5 seconds left.\n|\n|t:|1700213823\n|switch|p1b: Landorus|Landorus-Therian, L50, M|22\/100\n|-ability|p1b: Landorus|Intimidate|boost\n|-unboost|p2a: Sinistcha|atk|1\n|-unboost|p2b: Annihilape|atk|1\n|-ability|p2b: Annihilape|Defiant|boost\n|-boost|p2b: Annihilape|atk|2\n|turn|10\n|inactive|Alvroh has 30 seconds left.\n|inactive|Alvroh has 20 seconds left.\n|inactive|Alvroh has 15 seconds left.\n|inactive|Alvroh has 10 seconds left.\n|inactive|Alvroh has 5 seconds left.\n|\n|t:|1700213878\n|move|p2a: Sinistcha|Rage Powder|p2a: Sinistcha\n|-singleturn|p2a: Sinistcha|move: Rage Powder\n|move|p1a: Tornadus|Tailwind||[still]\n|-fail|p1a: Tornadus\n|move|p1b: Landorus|Stomping Tantrum|p2a: Sinistcha\n|-resisted|p2a: Sinistcha\n|-damage|p2a: Sinistcha|44\/100\n|move|p2b: Annihilape|Rage Fist|p1a: Tornadus\n|-damage|p1a: Tornadus|0 fnt\n|faint|p1a: Tornadus\n|\n|upkeep\n|turn|11\n|inactive|Alvroh has 30 seconds left.\n|inactive|Alvroh has 20 seconds left.\n|inactive|Alvroh has 15 seconds left.\n|inactive|Alvroh has 10 seconds left.\n|inactive|Alvroh has 5 seconds left.\n|\n|t:|1700213933\n|move|p2a: Sinistcha|Rage Powder|p2a: Sinistcha\n|-singleturn|p2a: Sinistcha|move: Rage Powder\n|move|p1b: Landorus|Stomping Tantrum|p2a: Sinistcha\n|-resisted|p2a: Sinistcha\n|-damage|p2a: Sinistcha|26\/100\n|move|p2b: Annihilape|Rage Fist|p1b: Landorus\n|-damage|p1b: Landorus|0 fnt\n|faint|p1b: Landorus\n|\n|win|5Sscreen\n|inactive|Alvroh has 20 seconds left this turn.\n|raw|Alvroh's rating: 1089 &rarr; <strong>1070<\/strong><br \/>(-19 for losing)\n|raw|5Sscreen's rating: 1160 &rarr; <strong>1180<\/strong><br \/>(+20 for winning)\n","uploadtime":1700213942,"views":17,"p1id":"alvroh","p2id":"5sscreen","formatid":"gen9vgc2023regulatione","rating":1070,"private":0,"password":""}