{"id":"gen9vgc2023regulatione-1999142783","p1":"danyelos","p2":"gabtesting","format":"[Gen 9] VGC 2023 Regulation E","log":"|j|\u2606danyelos\n|j|\u2606gabtesting\n|t:|1701037816\n|gametype|doubles\n|player|p1|danyelos|102|1025\n|player|p2|gabtesting|wallace|1060\n|teamsize|p1|6\n|teamsize|p2|6\n|gen|9\n|tier|[Gen 9] VGC 2023 Regulation E\n|rated|\n|rule|Species Clause: Limit one of each Pok\u00e9mon\n|rule|Item Clause: Limit one of each item\n|clearpoke\n|poke|p1|Tatsugiri, L50, M|\n|poke|p1|Dondozo, L50, F|\n|poke|p1|Flamigo, L50, M|\n|poke|p1|Annihilape, L50, F|\n|poke|p1|Cetitan, L50, F|\n|poke|p1|Maushold, L50|\n|poke|p2|Ninetales-Alola, L50, M|\n|poke|p2|Cetitan, L50, M|\n|poke|p2|Baxcalibur, L50, M|\n|poke|p2|Landorus-Therian, L50, M|\n|poke|p2|Heatran, L50, M|\n|poke|p2|Zapdos, L50|\n|teampreview|4\n|inactive|Battle timer is ON: inactive players will automatically lose when time's up. (requested by gabtesting)\n|\n|t:|1701037835\n|start\n|switch|p1a: Tatsugiri|Tatsugiri, L50, M|100\/100\n|switch|p1b: Annihilape|Annihilape, L50, F|100\/100\n|switch|p2a: Ninetales|Ninetales-Alola, L50, M|100\/100\n|switch|p2b: Baxcalibur|Baxcalibur, L50, M|100\/100\n|-weather|Snow|[from] ability: Snow Warning|[of] p2a: Ninetales\n|turn|1\n|\n|t:|1701037859\n|move|p1a: Tatsugiri|Endure|p1a: Tatsugiri\n|-singleturn|p1a: Tatsugiri|move: Endure\n|move|p1b: Annihilape|Final Gambit|p1a: Tatsugiri\n|-activate|p1a: Tatsugiri|move: Endure\n|-damage|p1a: Tatsugiri|1\/100\n|faint|p1b: Annihilape\n|move|p2a: Ninetales|Moonblast|p1a: Tatsugiri\n|-supereffective|p1a: Tatsugiri\n|-activate|p1a: Tatsugiri|move: Endure\n|-damage|p1a: Tatsugiri|1\/100\n|-unboost|p1a: Tatsugiri|spa|1\n|move|p2b: Baxcalibur|Swords Dance|p2b: Baxcalibur\n|-boost|p2b: Baxcalibur|atk|2\n|\n|-weather|Snow|[upkeep]\n|-status|p1a: Tatsugiri|tox|[from] item: Toxic Orb\n|upkeep\n|\n|t:|1701037876\n|switch|p1b: Dondozo|Dondozo, L50, F|100\/100\n|-activate|p1a: Tatsugiri|ability: Commander|[of] p1b: Dondozo\n|-boost|p1b: Dondozo|atk|2\n|-boost|p1b: Dondozo|spa|2\n|-boost|p1b: Dondozo|spe|2\n|-boost|p1b: Dondozo|def|2\n|-boost|p1b: Dondozo|spd|2\n|turn|2\n|inactive|gabtesting has 30 seconds left.\n|\n|t:|1701037909\n|move|p1b: Dondozo|Order Up|p2b: Baxcalibur\n|-supereffective|p2b: Baxcalibur\n|-damage|p2b: Baxcalibur|50\/100\n|-boost|p1b: Dondozo|atk|1\n|move|p2a: Ninetales|Aurora Veil|p2a: Ninetales\n|-sidestart|p2: gabtesting|move: Aurora Veil\n|move|p2b: Baxcalibur|Scale Shot|p1b: Dondozo\n|-damage|p1b: Dondozo|95\/100\n|-damage|p1b: Dondozo|89\/100\n|-crit|p1b: Dondozo\n|-damage|p1b: Dondozo|73\/100\n|-damage|p1b: Dondozo|67\/100\n|-damage|p1b: Dondozo|61\/100\n|-hitcount|p1b: Dondozo|5\n|-unboost|p2b: Baxcalibur|def|1\n|-boost|p2b: Baxcalibur|spe|1\n|\n|-weather|Snow|[upkeep]\n|-heal|p2b: Baxcalibur|56\/100|[from] ability: Ice Body\n|-heal|p1b: Dondozo|68\/100|[from] item: Leftovers\n|-damage|p1a: Tatsugiri|0 fnt|[from] psn\n|faint|p1a: Tatsugiri\n|upkeep\n|\n|t:|1701037930\n|switch|p1a: Flamigo|Flamigo, L50, M|100\/100\n|-copyboost|p1a: Flamigo|p1b: Dondozo|[from] ability: Costar\n|turn|3\n|\n|t:|1701037939\n|move|p1a: Flamigo|Detect|p1a: Flamigo\n|-singleturn|p1a: Flamigo|Protect\n|move|p2b: Baxcalibur|Protect|p2b: Baxcalibur\n|-singleturn|p2b: Baxcalibur|Protect\n|move|p1b: Dondozo|Order Up|p2b: Baxcalibur\n|-activate|p2b: Baxcalibur|move: Protect\n|move|p2a: Ninetales|Blizzard|p1a: Flamigo|[spread] p1b\n|-activate|p1a: Flamigo|move: Protect\n|-resisted|p1b: Dondozo\n|-damage|p1b: Dondozo|60\/100\n|-status|p1b: Dondozo|frz\n|\n|-weather|Snow|[upkeep]\n|-heal|p2b: Baxcalibur|62\/100|[from] ability: Ice Body\n|-heal|p1b: Dondozo|66\/100 frz|[from] item: Leftovers\n|upkeep\n|turn|4\n|inactive|danyelos has 30 seconds left.\n|inactive|gabtesting has 30 seconds left.\n|inactive|danyelos has 20 seconds left.\n|inactive|danyelos has 15 seconds left.\n|\n|t:|1701037980\n|switch|p2a: Heatran|Heatran, L50, M|100\/100\n|-terastallize|p1a: Flamigo|Steel\n|move|p1a: Flamigo|Close Combat|p2b: Baxcalibur\n|-supereffective|p2b: Baxcalibur\n|-damage|p2b: Baxcalibur|0 fnt\n|-unboost|p1a: Flamigo|def|1\n|-unboost|p1a: Flamigo|spd|1\n|faint|p2b: Baxcalibur\n|cant|p1b: Dondozo|frz\n|\n|-weather|Snow|[upkeep]\n|-heal|p1b: Dondozo|72\/100 frz|[from] item: Leftovers\n|upkeep\n|\n|t:|1701037992\n|switch|p2b: Zapdos|Zapdos, L50|100\/100\n|turn|5\n|\n|t:|1701038009\n|-terastallize|p2a: Heatran|Grass\n|move|p1a: Flamigo|Detect|p1a: Flamigo\n|-singleturn|p1a: Flamigo|Protect\n|cant|p1b: Dondozo|frz\n|move|p2b: Zapdos|Tailwind|p2b: Zapdos\n|-sidestart|p2: gabtesting|move: Tailwind\n|move|p2a: Heatran|Heat Wave|p1b: Dondozo|[spread] p1b\n|-activate|p1a: Flamigo|move: Protect\n|-resisted|p1b: Dondozo\n|-crit|p1b: Dondozo\n|-damage|p1b: Dondozo|30\/100 frz\n|-curestatus|p1b: Dondozo|frz|[msg]\n|-damage|p2a: Heatran|91\/100|[from] item: Life Orb\n|\n|-weather|none\n|-heal|p1b: Dondozo|36\/100|[from] item: Leftovers\n|upkeep\n|turn|6\n|inactive|danyelos has 30 seconds left.\n|\n|t:|1701038043\n|move|p1b: Dondozo|Protect|p1b: Dondozo\n|-singleturn|p1b: Dondozo|Protect\n|move|p1a: Flamigo|Brave Bird|p2a: Heatran\n|-supereffective|p2a: Heatran\n|-damage|p2a: Heatran|0 fnt\n|faint|p2a: Heatran\n|-damage|p1a: Flamigo|65\/100|[from] Recoil\n|move|p2b: Zapdos|Thunderbolt|p1b: Dondozo\n|-activate|p1b: Dondozo|move: Protect\n|\n|-heal|p1b: Dondozo|42\/100|[from] item: Leftovers\n|-sideend|p2: gabtesting|move: Aurora Veil\n|upkeep\n|\n|t:|1701038049\n|switch|p2a: Ninetales|Ninetales-Alola, L50, M|100\/100\n|-weather|Snow|[from] ability: Snow Warning|[of] p2a: Ninetales\n|turn|7\n|inactive|danyelos has 30 seconds left.\n|inactive|gabtesting has 30 seconds left.\n|\n|t:|1701038082\n|move|p2a: Ninetales|Aurora Veil|p2a: Ninetales\n|-sidestart|p2: gabtesting|move: Aurora Veil\n|move|p1a: Flamigo|Close Combat|p2a: Ninetales\n|-damage|p2a: Ninetales|31\/100\n|-unboost|p1a: Flamigo|def|1\n|-unboost|p1a: Flamigo|spd|1\n|-enditem|p2a: Ninetales|Sitrus Berry|[eat]\n|-heal|p2a: Ninetales|56\/100|[from] item: Sitrus Berry\n|move|p2b: Zapdos|Thunderbolt|p1b: Dondozo\n|-supereffective|p1b: Dondozo\n|-damage|p1b: Dondozo|0 fnt\n|faint|p1b: Dondozo\n|\n|-weather|Snow|[upkeep]\n|upkeep\n|turn|8\n|\n|t:|1701038106\n|move|p2a: Ninetales|Blizzard|p1a: Flamigo\n|-resisted|p1a: Flamigo\n|-damage|p1a: Flamigo|39\/100\n|-status|p1a: Flamigo|frz\n|cant|p1a: Flamigo|frz\n|move|p2b: Zapdos|Thunderbolt|p1a: Flamigo\n|-damage|p1a: Flamigo|0 fnt\n|faint|p1a: Flamigo\n|\n|win|gabtesting\n|raw|danyelos's rating: 1025 &rarr; <strong>1013<\/strong><br \/>(-12 for losing)\n|raw|gabtesting's rating: 1060 &rarr; <strong>1088<\/strong><br \/>(+28 for winning)\n|c|\u2606gabtesting|gg\n|l|\u2606danyelos\n","uploadtime":1701038136,"views":14,"p1id":"danyelos","p2id":"gabtesting","formatid":"gen9vgc2023regulatione","rating":1013,"private":0,"password":""}