{"id":"gen9vgc2023regulatione-1988818006","p1":"optic_baccycones","p2":"Vengeful potato","format":"[Gen 9] VGC 2023 Regulation E","log":"|j|\u2606optic_baccycones\n|j|\u2606Vengeful potato\n|t:|1699767666\n|gametype|doubles\n|player|p1|optic_baccycones|265|1565\n|player|p2|Vengeful potato|swimmer|1645\n|teamsize|p1|6\n|teamsize|p2|6\n|gen|9\n|tier|[Gen 9] VGC 2023 Regulation E\n|rated|\n|rule|Species Clause: Limit one of each Pok\u00e9mon\n|rule|Item Clause: Limit one of each item\n|clearpoke\n|poke|p1|Torterra, L50, M|\n|poke|p1|Indeedee-F, L50, F|\n|poke|p1|Torkoal, L50, M|\n|poke|p1|Armarouge, L50, M|\n|poke|p1|Kingambit, L50, F|\n|poke|p1|Ogerpon-Wellspring, L50, F|\n|poke|p2|Articuno-Galar, L50|\n|poke|p2|Maushold, L50|\n|poke|p2|Urshifu-*, L50, F|\n|poke|p2|Sinistcha-Masterpiece, L50|\n|poke|p2|Heatran, L50, F|\n|poke|p2|Regidrago, L50|\n|teampreview|4\n|\n|t:|1699767710\n|start\n|switch|p1a: Kingambit|Kingambit, L50, F|100\/100\n|switch|p1b: Indeedee|Indeedee-F, L50, F|100\/100\n|switch|p2a: The Rizzler\ud83d\ude31\ud83d\udcaf\ud83d\udde3\ufe0f|Articuno-Galar, L50, shiny|100\/100\n|switch|p2b: Despereaux|Maushold, L50, shiny|100\/100\n|-fieldstart|move: Psychic Terrain|[from] ability: Psychic Surge|[of] p1b: Indeedee\n|turn|1\n|\n|t:|1699767761\n|move|p2b: Despereaux|Taunt|p1b: Indeedee\n|-start|p1b: Indeedee|move: Taunt\n|move|p2a: The Rizzler\ud83d\ude31\ud83d\udcaf\ud83d\udde3\ufe0f|Air Slash|p1a: Kingambit\n|-resisted|p1a: Kingambit\n|-damage|p1a: Kingambit|89\/100\n|cant|p1a: Kingambit|flinch\n|cant|p1b: Indeedee|move: Taunt|Trick Room\n|\n|upkeep\n|turn|2\n|\n|t:|1699767786\n|move|p2b: Despereaux|Super Fang|p1a: Kingambit\n|-damage|p1a: Kingambit|45\/100\n|move|p2a: The Rizzler\ud83d\ude31\ud83d\udcaf\ud83d\udde3\ufe0f|Air Slash|p1b: Indeedee\n|-damage|p1b: Indeedee|67\/100\n|cant|p1b: Indeedee|flinch\n|move|p1a: Kingambit|Kowtow Cleave|p2a: The Rizzler\ud83d\ude31\ud83d\udcaf\ud83d\udde3\ufe0f\n|-supereffective|p2a: The Rizzler\ud83d\ude31\ud83d\udcaf\ud83d\udde3\ufe0f\n|-damage|p2a: The Rizzler\ud83d\ude31\ud83d\udcaf\ud83d\udde3\ufe0f|36\/100\n|\n|upkeep\n|turn|3\n|\n|t:|1699767806\n|move|p2b: Despereaux|Super Fang|p1a: Kingambit\n|-damage|p1a: Kingambit|23\/100\n|move|p2a: The Rizzler\ud83d\ude31\ud83d\udcaf\ud83d\udde3\ufe0f|Air Slash|p1b: Indeedee\n|-damage|p1b: Indeedee|38\/100\n|-enditem|p1b: Indeedee|Sitrus Berry|[eat]\n|-heal|p1b: Indeedee|63\/100|[from] item: Sitrus Berry\n|move|p1b: Indeedee|Dazzling Gleam|p2b: Despereaux|[spread] p2a,p2b\n|-crit|p2b: Despereaux\n|-damage|p2a: The Rizzler\ud83d\ude31\ud83d\udcaf\ud83d\udde3\ufe0f|28\/100\n|-damage|p2b: Despereaux|76\/100\n|move|p1a: Kingambit|Kowtow Cleave|p2a: The Rizzler\ud83d\ude31\ud83d\udcaf\ud83d\udde3\ufe0f\n|-supereffective|p2a: The Rizzler\ud83d\ude31\ud83d\udcaf\ud83d\udde3\ufe0f\n|-damage|p2a: The Rizzler\ud83d\ude31\ud83d\udcaf\ud83d\udde3\ufe0f|0 fnt\n|faint|p2a: The Rizzler\ud83d\ude31\ud83d\udcaf\ud83d\udde3\ufe0f\n|\n|-end|p1b: Indeedee|move: Taunt\n|upkeep\n|\n|t:|1699767823\n|switch|p2a: THE DRAGON BALL\ud83e\udd76|Regidrago, L50, shiny|100\/100\n|turn|4\n|j| Spacejes\n|\n|t:|1699767862\n|-terastallize|p1b: Indeedee|Fairy\n|move|p2b: Despereaux|Super Fang|p1b: Indeedee\n|-damage|p1b: Indeedee|32\/100\n|move|p2a: THE DRAGON BALL\ud83e\udd76|Dragon Energy|p1b: Indeedee|[spread] p1a\n|-immune|p1b: Indeedee\n|-resisted|p1a: Kingambit\n|-damage|p1a: Kingambit|0 fnt\n|faint|p1a: Kingambit\n|move|p1b: Indeedee|Dazzling Gleam|p2a: THE DRAGON BALL\ud83e\udd76|[spread] p2a,p2b\n|-supereffective|p2a: THE DRAGON BALL\ud83e\udd76\n|-damage|p2a: THE DRAGON BALL\ud83e\udd76|75\/100\n|-damage|p2b: Despereaux|53\/100\n|\n|upkeep\n|j| Kid Kommy\n|\n|t:|1699767896\n|switch|p1a: Armarouge|Armarouge, L50, M|100\/100\n|turn|5\n|\n|t:|1699767913\n|switch|p2a: Krakatoa|Heatran, L50, F, shiny|100\/100\n|move|p1a: Armarouge|Wide Guard|p1a: Armarouge\n|-singleturn|p1a: Armarouge|Wide Guard\n|move|p2b: Despereaux|Taunt|p1b: Indeedee\n|-start|p1b: Indeedee|move: Taunt\n|cant|p1b: Indeedee|move: Taunt|Trick Room\n|\n|-fieldend|move: Psychic Terrain\n|upkeep\n|turn|6\n|l| Spacejes\n|\n|t:|1699767928\n|switch|p1b: Torkoal|Torkoal, L50, M|100\/100\n|-weather|SunnyDay|[from] ability: Drought|[of] p1b: Torkoal\n|move|p2b: Despereaux|Super Fang|p1b: Torkoal\n|-damage|p1b: Torkoal|51\/100\n|move|p2a: Krakatoa|Earth Power|p1a: Armarouge\n|-supereffective|p1a: Armarouge\n|-damage|p1a: Armarouge|2\/100\n|-damage|p2a: Krakatoa|91\/100|[from] item: Life Orb\n|move|p1a: Armarouge|Trick Room|p1a: Armarouge\n|-fieldstart|move: Trick Room|[of] p1a: Armarouge\n|\n|-weather|SunnyDay|[upkeep]\n|upkeep\n|turn|7\n|j| Spacejes\n|\n|t:|1699767966\n|move|p2b: Despereaux|Follow Me|p2b: Despereaux\n|-singleturn|p2b: Despereaux|move: Follow Me\n|move|p1b: Torkoal|Earth Power|p2b: Despereaux\n|-damage|p2b: Despereaux|24\/100\n|move|p1a: Armarouge|Armor Cannon|p2b: Despereaux\n|-damage|p2b: Despereaux|0 fnt\n|-unboost|p1a: Armarouge|def|1\n|-unboost|p1a: Armarouge|spd|1\n|faint|p2b: Despereaux\n|-damage|p1a: Armarouge|0 fnt|[from] item: Life Orb\n|faint|p1a: Armarouge\n|move|p2a: Krakatoa|Earth Power|p1b: Torkoal\n|-supereffective|p1b: Torkoal\n|-damage|p1b: Torkoal|0 fnt\n|faint|p1b: Torkoal\n|-damage|p2a: Krakatoa|81\/100|[from] item: Life Orb\n|\n|-weather|SunnyDay|[upkeep]\n|upkeep\n|-message|optic_baccycones forfeited.\n|\n|win|Vengeful potato\n|raw|optic_baccycones's rating: 1565 &rarr; <strong>1550<\/strong><br \/>(-15 for losing)\n|raw|Vengeful potato's rating: 1645 &rarr; <strong>1660<\/strong><br \/>(+15 for winning)\n|l|\u2606optic_baccycones\n","uploadtime":1699767979,"views":11,"p1id":"opticbaccycones","p2id":"vengefulpotato","formatid":"gen9vgc2023regulatione","rating":1550,"private":0,"password":""}