{"id":"gen9vgc2023regulatione-2000215882","p1":"YaBoyDane1993","p2":"socpheyt1","format":"[Gen 9] VGC 2023 Regulation E","log":"|j|\u2606YaBoyDane1993\n|j|\u2606socpheyt1\n|t:|1701173300\n|gametype|doubles\n|player|p1|YaBoyDane1993|265|1151\n|player|p2|socpheyt1|doubleteam|1167\n|teamsize|p1|6\n|teamsize|p2|6\n|gen|9\n|tier|[Gen 9] VGC 2023 Regulation E\n|rated|\n|rule|Species Clause: Limit one of each Pok\u00e9mon\n|rule|Item Clause: Limit one of each item\n|clearpoke\n|poke|p1|Slaking, L50, F|\n|poke|p1|Weezing-Galar, L50, F|\n|poke|p1|Ogerpon-Hearthflame, L50, F|\n|poke|p1|Flutter Mane, L50|\n|poke|p1|Kommo-o, L50, F|\n|poke|p1|Toxapex, L50, M|\n|poke|p2|Dondozo, L50, M|\n|poke|p2|Tatsugiri, L50, F|\n|poke|p2|Flutter Mane, L50|\n|poke|p2|Sylveon, L50, M|\n|poke|p2|Flamigo, L50, M|\n|poke|p2|Rillaboom, L50, F|\n|teampreview|4\n|\n|t:|1701173312\n|start\n|switch|p1a: Slaking|Slaking, L50, F, shiny|100\/100\n|switch|p1b: Weezing|Weezing-Galar, L50, F|100\/100\n|switch|p2a: Flutter Mane|Flutter Mane, L50|100\/100\n|switch|p2b: Tatsugiri|Tatsugiri, L50, F|100\/100\n|-ability|p1b: Weezing|Neutralizing Gas\n|-enditem|p2a: Flutter Mane|Booster Energy\n|-activate|p2a: Flutter Mane|ability: Protosynthesis|[fromitem]\n|-start|p2a: Flutter Mane|protosynthesisspe\n|turn|1\n|\n|t:|1701173336\n|move|p2b: Tatsugiri|Protect|p2b: Tatsugiri\n|-singleturn|p2b: Tatsugiri|Protect\n|move|p1b: Weezing|Protect|p1b: Weezing\n|-singleturn|p1b: Weezing|Protect\n|move|p2a: Flutter Mane|Perish Song|p2a: Flutter Mane\n|-start|p1a: Slaking|perish3|[silent]\n|-start|p1b: Weezing|perish3|[silent]\n|-start|p2a: Flutter Mane|perish3|[silent]\n|-start|p2b: Tatsugiri|perish3|[silent]\n|-fieldactivate|move: Perish Song\n|move|p1a: Slaking|Rock Slide|p2a: Flutter Mane|[spread] p2a\n|-activate|p2b: Tatsugiri|move: Protect\n|-damage|p2a: Flutter Mane|56\/100\n|\n|-start|p2a: Flutter Mane|perish3\n|-start|p2b: Tatsugiri|perish3\n|-start|p1a: Slaking|perish3\n|-start|p1b: Weezing|perish3\n|upkeep\n|turn|2\n|\n|t:|1701173372\n|move|p2a: Flutter Mane|Shadow Ball|p1b: Weezing\n|-damage|p1b: Weezing|39\/100\n|move|p2b: Tatsugiri|Hydro Pump|p1b: Weezing|[miss]\n|-miss|p2b: Tatsugiri|p1b: Weezing\n|move|p1a: Slaking|Rock Slide|p2a: Flutter Mane|[spread] p2a,p2b\n|-damage|p2a: Flutter Mane|19\/100\n|-damage|p2b: Tatsugiri|66\/100\n|move|p1b: Weezing|Dazzling Gleam|p2b: Tatsugiri|[spread] p2a,p2b\n|-supereffective|p2b: Tatsugiri\n|-damage|p2a: Flutter Mane|0 fnt\n|-damage|p2b: Tatsugiri|21\/100\n|faint|p2a: Flutter Mane\n|-end|p2a: Flutter Mane|Protosynthesis|[silent]\n|\n|-heal|p1b: Weezing|45\/100|[from] item: Black Sludge\n|-start|p2b: Tatsugiri|perish2\n|-start|p1a: Slaking|perish2\n|-start|p1b: Weezing|perish2\n|upkeep\n|\n|t:|1701173393\n|switch|p2a: Dondozo|Dondozo, L50, M|100\/100\n|turn|3\n|\n|t:|1701173419\n|move|p2b: Tatsugiri|Protect|p2b: Tatsugiri\n|-singleturn|p2b: Tatsugiri|Protect\n|move|p1b: Weezing|Protect|p1b: Weezing\n|-singleturn|p1b: Weezing|Protect\n|move|p2a: Dondozo|Protect|p2a: Dondozo\n|-singleturn|p2a: Dondozo|Protect\n|move|p1a: Slaking|Rock Slide|p2b: Tatsugiri|[spread] \n|-activate|p2a: Dondozo|move: Protect\n|-activate|p2b: Tatsugiri|move: Protect\n|\n|-heal|p1b: Weezing|51\/100|[from] item: Black Sludge\n|-start|p2b: Tatsugiri|perish1\n|-start|p1a: Slaking|perish1\n|-start|p1b: Weezing|perish1\n|upkeep\n|turn|4\n|\n|t:|1701173451\n|move|p2b: Tatsugiri|Endure||[still]\n|-fail|p2b: Tatsugiri\n|move|p1a: Slaking|Earthquake|p2b: Tatsugiri|[spread] p1b,p2a,p2b\n|-supereffective|p1b: Weezing\n|-crit|p1b: Weezing\n|-damage|p1b: Weezing|0 fnt\n|-damage|p2a: Dondozo|85\/100\n|-damage|p2b: Tatsugiri|0 fnt\n|faint|p1b: Weezing\n|-end|p1b: Weezing|ability: Neutralizing Gas\n|faint|p2b: Tatsugiri\n|move|p2a: Dondozo|Wave Crash|p1a: Slaking\n|-damage|p1a: Slaking|67\/100\n|-damage|p2a: Dondozo|75\/100|[from] Recoil\n|\n|-heal|p2a: Dondozo|81\/100|[from] item: Leftovers\n|-start|p1a: Slaking|perish0\n|upkeep\n|faint|p1a: Slaking\n|\n|t:|1701173468\n|switch|p2b: Sylveon|Sylveon, L50, M|100\/100\n|switch|p1a: Kommo-o|Kommo-o, L50, F|100\/100\n|switch|p1b: Toxapex|Toxapex, L50, M|100\/100\n|turn|5\n|\n|t:|1701173499\n|-terastallize|p1a: Kommo-o|Steel\n|-terastallize|p2b: Sylveon|Fire\n|move|p1b: Toxapex|Baneful Bunker|p1b: Toxapex\n|-singleturn|p1b: Toxapex|move: Protect\n|move|p1a: Kommo-o|Flash Cannon|p2b: Sylveon\n|-resisted|p2b: Sylveon\n|-damage|p2b: Sylveon|88\/100\n|move|p2b: Sylveon|Hyper Voice|p1b: Toxapex|[spread] p1a\n|-activate|p1b: Toxapex|move: Protect\n|-resisted|p1a: Kommo-o\n|-damage|p1a: Kommo-o|82\/100\n|move|p2a: Dondozo|Wave Crash|p1b: Toxapex\n|-activate|p1b: Toxapex|move: Protect\n|-status|p2a: Dondozo|psn\n|\n|-heal|p2a: Dondozo|88\/100 psn|[from] item: Leftovers\n|-damage|p2a: Dondozo|75\/100 psn|[from] psn\n|upkeep\n|turn|6\n|\n|t:|1701173530\n|move|p1a: Kommo-o|Clanging Scales|p2a: Dondozo|[spread] p2a,p2b\n|-damage|p2a: Dondozo|43\/100 psn\n|-damage|p2b: Sylveon|61\/100\n|-unboost|p1a: Kommo-o|def|1\n|-enditem|p1a: Kommo-o|Throat Spray\n|-boost|p1a: Kommo-o|spa|1|[from] item: Throat Spray\n|move|p2b: Sylveon|Tera Blast|p1a: Kommo-o|[anim] Tera Blast Fire\n|-supereffective|p1a: Kommo-o\n|-damage|p1a: Kommo-o|15\/100\n|move|p2a: Dondozo|Wave Crash|p1b: Toxapex\n|-resisted|p1b: Toxapex\n|-damage|p1b: Toxapex|76\/100\n|-damage|p2a: Dondozo|38\/100 psn|[from] Recoil\n|move|p1b: Toxapex|Venoshock|p2a: Dondozo\n|-crit|p2a: Dondozo\n|-damage|p2a: Dondozo|0 fnt\n|faint|p2a: Dondozo\n|\n|-heal|p1b: Toxapex|81\/100|[from] item: Leftovers\n|upkeep\n|turn|7\n|\n|t:|1701173559\n|move|p1b: Toxapex|Baneful Bunker|p1b: Toxapex\n|-singleturn|p1b: Toxapex|move: Protect\n|move|p1a: Kommo-o|Boomburst|p2b: Sylveon|[spread] p2b\n|-activate|p1b: Toxapex|move: Protect\n|-damage|p2b: Sylveon|26\/100\n|-enditem|p2b: Sylveon|Sitrus Berry|[eat]\n|-heal|p2b: Sylveon|51\/100|[from] item: Sitrus Berry\n|move|p2b: Sylveon|Hyper Voice|p1a: Kommo-o|[spread] p1a\n|-activate|p1b: Toxapex|move: Protect\n|-resisted|p1a: Kommo-o\n|-damage|p1a: Kommo-o|0 fnt\n|faint|p1a: Kommo-o\n|\n|-heal|p1b: Toxapex|87\/100|[from] item: Leftovers\n|upkeep\n|turn|8\n|\n|t:|1701173581\n|move|p2b: Sylveon|Hyper Voice|p1b: Toxapex\n|-resisted|p1b: Toxapex\n|-damage|p1b: Toxapex|66\/100\n|move|p1b: Toxapex|Surf|p2b: Sylveon\n|-supereffective|p2b: Sylveon\n|-crit|p2b: Sylveon\n|-damage|p2b: Sylveon|0 fnt\n|faint|p2b: Sylveon\n|\n|win|YaBoyDane1993\n|raw|YaBoyDane1993's rating: 1151 &rarr; <strong>1177<\/strong><br \/>(+26 for winning)\n|raw|socpheyt1's rating: 1167 &rarr; <strong>1141<\/strong><br \/>(-26 for losing)\n","uploadtime":1701173593,"views":1,"p1id":"yaboydane1993","p2id":"socpheyt1","formatid":"gen9vgc2023regulatione","rating":1141,"private":0,"password":""}