{"id":"gen9vgc2023regulatione-1994281627","p1":"TakinaVGC","p2":"spencomatic","format":"[Gen 9] VGC 2023 Regulation E","log":"|j|\u2606TakinaVGC\n|j|\u2606spencomatic\n|t:|1700426681\n|gametype|doubles\n|player|p1|TakinaVGC|cynthia|\n|player|p2|spencomatic|larry|\n|teamsize|p1|6\n|teamsize|p2|6\n|gen|9\n|tier|[Gen 9] VGC 2023 Regulation E\n|rule|Species Clause: Limit one of each Pok\u00e9mon\n|rule|Item Clause: Limit one of each item\n|clearpoke\n|poke|p1|Arcanine-Hisui, L50, M|\n|poke|p1|Tornadus, L50, M|\n|poke|p1|Urshifu-*, L50, F|\n|poke|p1|Rillaboom, L50, F|\n|poke|p1|Regidrago, L50|\n|poke|p1|Scizor, L50, M|\n|poke|p2|Landorus, L50, M|\n|poke|p2|Ogerpon-Wellspring, L50, F|\n|poke|p2|Urshifu-*, L50, M|\n|poke|p2|Heatran, L50, F|\n|poke|p2|Probopass, L50, M|\n|poke|p2|Iron Bundle, L50|\n|teampreview|4\n|inactive|Battle timer is ON: inactive players will automatically lose when time's up. (requested by spencomatic)\nspencomatic has agreed to open team sheets.\n|inactiveoff|Battle timer is now OFF.\nTakinaVGC has agreed to open team sheets.\n|showteam|p1|Arcanine-Hisui||ChoiceBand|Intimidate|FlareBlitz,RockSlide,ExtremeSpeed,HeadSmash|||M|||50|,,,,,Water]Tornadus||SharpBeak|Prankster|Tailwind,BleakwindStorm,RainDance,Protect|||M|||50|,,,,,Dragon]Urshifu-Rapid-Strike||MysticWater|UnseenFist|SurgingStrikes,AquaJet,CloseCombat,Protect|||F|||50|,,,,,Water]Rillaboom||AssaultVest|GrassySurge|FakeOut,GrassyGlide,WoodHammer,HighHorsepower|||F|||50|,,,,,Fire]Regidrago||DragonFang|DragonsMaw|DragonEnergy,DracoMeteor,EarthPower,Protect||||||50|,,,,,Steel]Scizor||ClearAmulet|Technician|BulletPunch,BugBite,Protect,DualWingbeat|||M|||50|,,,,,Water\n|showteam|p2|Landorus||LifeOrb|SheerForce|SandsearStorm,NastyPlot,Protect,SludgeBomb|||M|||50|,,,,,Ground]Ogerpon-Wellspring||WellspringMask|WaterAbsorb|FollowMe,IvyCudgel,PowerWhip,SpikyShield|||F|||50|,,,,,Water]Urshifu||FocusSash|UnseenFist|WickedBlow,CloseCombat,Protect,SuckerPunch|||M|||50|,,,,,Poison]Heatran||ChopleBerry|FlashFire|MagmaStorm,Protect,EarthPower,WillOWisp|||F|||50|,,,,,Grass]Probopass||Leftovers|Sturdy|HeavySlam,BodyPress,ThunderWave,Gravity|||M|||50|,,,,,Grass]Iron Bundle||BoosterEnergy|QuarkDrive|FreezeDry,HydroPump,IcyWind,Protect||||||50|,,,,,Water\n|j| Van. Volcanucks\n|\n|t:|1700426812\n|start\n|switch|p1a: Tornadus|Tornadus, L50, M|100\/100\n|switch|p1b: Regidrago|Regidrago, L50|100\/100\n|switch|p2a: Heatran|Heatran, L50, F|100\/100\n|switch|p2b: Ogerpon|Ogerpon-Wellspring, L50, F|100\/100\n|turn|1\n|\n|t:|1700426850\n|switch|p2b: Probopass|Probopass, L50, M|100\/100\n|move|p1a: Tornadus|Bleakwind Storm|p2a: Heatran|[spread] p2a,p2b\n|-resisted|p2a: Heatran\n|-resisted|p2b: Probopass\n|-damage|p2a: Heatran|82\/100\n|-damage|p2b: Probopass|93\/100\n|move|p1b: Regidrago|Earth Power|p2a: Heatran\n|-supereffective|p2a: Heatran\n|-damage|p2a: Heatran|0 fnt\n|faint|p2a: Heatran\n|\n|-heal|p2b: Probopass|99\/100|[from] item: Leftovers\n|upkeep\n|\n|t:|1700426862\n|switch|p2a: Iron Bundle|Iron Bundle, L50|100\/100\n|-enditem|p2a: Iron Bundle|Booster Energy\n|-activate|p2a: Iron Bundle|ability: Quark Drive|[fromitem]\n|-start|p2a: Iron Bundle|quarkdrivespe\n|turn|2\n|\n|t:|1700426909\n|-terastallize|p1b: Regidrago|Steel\n|move|p2a: Iron Bundle|Protect|p2a: Iron Bundle\n|-singleturn|p2a: Iron Bundle|Protect\n|move|p1a: Tornadus|Tailwind|p1a: Tornadus\n|-sidestart|p1: TakinaVGC|move: Tailwind\n|move|p1b: Regidrago|Earth Power|p2b: Probopass\n|-supereffective|p2b: Probopass\n|-damage|p2b: Probopass|30\/100\n|move|p2b: Probopass|Gravity|p2b: Probopass\n|-fieldstart|move: Gravity\n|\n|-heal|p2b: Probopass|36\/100|[from] item: Leftovers\n|upkeep\n|turn|3\n|\n|t:|1700426930\n|-terastallize|p2a: Iron Bundle|Water\n|move|p2a: Iron Bundle|Hydro Pump|p1b: Regidrago\n|-crit|p1b: Regidrago\n|-damage|p1b: Regidrago|0 fnt\n|faint|p1b: Regidrago\n|move|p1a: Tornadus|Bleakwind Storm|p2a: Iron Bundle|[spread] p2a,p2b\n|-resisted|p2b: Probopass\n|-damage|p2a: Iron Bundle|17\/100\n|-damage|p2b: Probopass|30\/100\n|move|p2b: Probopass|Body Press|p1a: Tornadus\n|-resisted|p1a: Tornadus\n|-damage|p1a: Tornadus|86\/100\n|\n|-heal|p2b: Probopass|36\/100|[from] item: Leftovers\n|upkeep\n|\n|t:|1700426989\n|switch|p1b: Rillaboom|Rillaboom, L50, F|100\/100\n|-fieldstart|move: Grassy Terrain|[from] ability: Grassy Surge|[of] p1b: Rillaboom\n|turn|4\n|\n|t:|1700427021\n|move|p1a: Tornadus|Protect|p1a: Tornadus\n|-singleturn|p1a: Tornadus|Protect\n|move|p2a: Iron Bundle|Protect|p2a: Iron Bundle\n|-singleturn|p2a: Iron Bundle|Protect\n|move|p1b: Rillaboom|High Horsepower|p2b: Probopass\n|-supereffective|p2b: Probopass\n|-damage|p2b: Probopass|0 fnt\n|faint|p2b: Probopass\n|\n|-heal|p2a: Iron Bundle|23\/100|[from] Grassy Terrain\n|-heal|p1a: Tornadus|92\/100|[from] Grassy Terrain\n|upkeep\n|\n|t:|1700427029\n|switch|p2b: Ogerpon|Ogerpon-Wellspring, L50, F|100\/100\n|turn|5\n|\n|t:|1700427038\n|move|p2b: Ogerpon|Follow Me|p2b: Ogerpon\n|-singleturn|p2b: Ogerpon|move: Follow Me\n|move|p1b: Rillaboom|Grassy Glide|p2b: Ogerpon\n|-damage|p2b: Ogerpon|56\/100\n|move|p2a: Iron Bundle|Freeze-Dry|p1b: Rillaboom\n|-supereffective|p1b: Rillaboom\n|-damage|p1b: Rillaboom|52\/100\n|move|p1a: Tornadus|Bleakwind Storm|p2b: Ogerpon|[spread] p2a,p2b\n|-supereffective|p2b: Ogerpon\n|-damage|p2a: Iron Bundle|0 fnt\n|-damage|p2b: Ogerpon|0 fnt\n|faint|p2a: Iron Bundle\n|-end|p2a: Iron Bundle|Quark Drive|[silent]\n|faint|p2b: Ogerpon\n|\n|win|TakinaVGC\n|l|\u2606spencomatic\n|l| Van. Volcanucks\n","uploadtime":1700427375,"views":6,"p1id":"takinavgc","p2id":"spencomatic","formatid":"gen9vgc2023regulatione","rating":0,"private":0,"password":""}