{"id":"gen9vgc2023regulatione-1997991119","p1":"mathology0","p2":"bwan","format":"[Gen 9] VGC 2023 Regulation E","log":"|j|\u2606mathology0\n|j|\u2606bwan\n|t:|1700876201\n|gametype|doubles\n|player|p1|mathology0|2|1396\n|player|p2|bwan|2|1432\n|teamsize|p1|6\n|teamsize|p2|6\n|gen|9\n|tier|[Gen 9] VGC 2023 Regulation E\n|rated|\n|rule|Species Clause: Limit one of each Pok\u00e9mon\n|rule|Item Clause: Limit one of each item\n|clearpoke\n|poke|p1|Iron Hands, L50|\n|poke|p1|Flutter Mane, L50|\n|poke|p1|Landorus-Therian, L50, M|\n|poke|p1|Heatran, L50, M|\n|poke|p1|Roaring Moon, L50|\n|poke|p1|Amoonguss, L50, F|\n|poke|p2|Chien-Pao, L50|\n|poke|p2|Dragapult, L50, M|\n|poke|p2|Urshifu-*, L50, M|\n|poke|p2|Rillaboom, L50, M|\n|poke|p2|Heatran, L50, M|\n|poke|p2|Farigiraf, L50, F|\n|teampreview|4\n|\n|t:|1700876231\n|start\n|switch|p1a: Iron Hands|Iron Hands, L50|100\/100\n|switch|p1b: Roaring Moon|Roaring Moon, L50|100\/100\n|switch|p2a: Chien-Pao|Chien-Pao, L50|100\/100\n|switch|p2b: Dragapult|Dragapult, L50, M|100\/100\n|-ability|p2a: Chien-Pao|Sword of Ruin\n|-enditem|p1b: Roaring Moon|Booster Energy\n|-activate|p1b: Roaring Moon|ability: Protosynthesis|[fromitem]\n|-start|p1b: Roaring Moon|protosynthesisspe\n|turn|1\n|\n|t:|1700876252\n|switch|p2b: Heatran|Heatran, L50, M|100\/100\n|move|p2a: Chien-Pao|Protect|p2a: Chien-Pao\n|-singleturn|p2a: Chien-Pao|Protect\n|move|p1a: Iron Hands|Fake Out|p2a: Chien-Pao\n|-activate|p2a: Chien-Pao|move: Protect\n|move|p1b: Roaring Moon|Breaking Swipe|p2a: Chien-Pao|[spread] p2b\n|-activate|p2a: Chien-Pao|move: Protect\n|-resisted|p2b: Heatran\n|-damage|p2b: Heatran|88\/100\n|-unboost|p2b: Heatran|atk|1\n|\n|upkeep\n|turn|2\n|\n|t:|1700876279\n|switch|p2a: Farigiraf|Farigiraf, L50, F|100\/100\n|-terastallize|p2b: Heatran|Fairy\n|move|p1b: Roaring Moon|Tailwind|p1b: Roaring Moon\n|-sidestart|p1: mathology0|move: Tailwind\n|move|p1a: Iron Hands|Drain Punch|p2b: Heatran\n|-resisted|p2b: Heatran\n|-damage|p2b: Heatran|72\/100\n|move|p2b: Heatran|Tera Blast|p1b: Roaring Moon|[anim] Tera Blast Fairy\n|-supereffective|p1b: Roaring Moon\n|-damage|p1b: Roaring Moon|0 fnt\n|faint|p1b: Roaring Moon\n|-end|p1b: Roaring Moon|Protosynthesis|[silent]\n|\n|upkeep\n|\n|t:|1700876294\n|switch|p1b: Heatran|Heatran, L50, M|100\/100\n|turn|3\n|\n|t:|1700876303\n|move|p1b: Heatran|Flash Cannon|p2b: Heatran\n|-supereffective|p2b: Heatran\n|-damage|p2b: Heatran|8\/100\n|-damage|p1b: Heatran|91\/100|[from] item: Life Orb\n|move|p1a: Iron Hands|Wild Charge|p2a: Farigiraf\n|-damage|p2a: Farigiraf|56\/100\n|-damage|p1a: Iron Hands|90\/100|[from] Recoil\n|move|p2b: Heatran|Earth Power|p1a: Iron Hands\n|-supereffective|p1a: Iron Hands\n|-damage|p1a: Iron Hands|57\/100\n|move|p2a: Farigiraf|Psychic|p1a: Iron Hands\n|-supereffective|p1a: Iron Hands\n|-damage|p1a: Iron Hands|17\/100\n|\n|upkeep\n|turn|4\n|\n|t:|1700876322\n|switch|p2b: Dragapult|Dragapult, L50, M|100\/100\n|move|p1b: Heatran|Heat Wave|p2b: Dragapult|[spread] p2a,p2b\n|-resisted|p2b: Dragapult\n|-damage|p2a: Farigiraf|4\/100\n|-damage|p2b: Dragapult|66\/100\n|-enditem|p2a: Farigiraf|Sitrus Berry|[eat]\n|-heal|p2a: Farigiraf|29\/100|[from] item: Sitrus Berry\n|-damage|p1b: Heatran|81\/100|[from] item: Life Orb\n|move|p1a: Iron Hands|Drain Punch|p2a: Farigiraf\n|-damage|p2a: Farigiraf|0 fnt\n|-heal|p1a: Iron Hands|30\/100|[from] drain|[of] p2a: Farigiraf\n|faint|p2a: Farigiraf\n|\n|upkeep\n|\n|t:|1700876338\n|switch|p2a: Chien-Pao|Chien-Pao, L50|100\/100\n|-ability|p2a: Chien-Pao|Sword of Ruin\n|turn|5\n|\n|t:|1700876360\n|switch|p2a: Heatran|Heatran, L50, M, tera:Fairy|8\/100\n|move|p1b: Heatran|Protect|p1b: Heatran\n|-singleturn|p1b: Heatran|Protect\n|move|p2b: Dragapult|Phantom Force||[still]\n|-prepare|p2b: Dragapult|Phantom Force\n|move|p1a: Iron Hands|Drain Punch|p2a: Heatran\n|-resisted|p2a: Heatran\n|-damage|p2a: Heatran|0 fnt\n|-heal|p1a: Iron Hands|33\/100|[from] drain|[of] p2a: Heatran\n|faint|p2a: Heatran\n|\n|-sideend|p1: mathology0|move: Tailwind\n|upkeep\n|\n|t:|1700876374\n|switch|p2a: Chien-Pao|Chien-Pao, L50|100\/100\n|-ability|p2a: Chien-Pao|Sword of Ruin\n|turn|6\n|\n|t:|1700876401\n|-terastallize|p1a: Iron Hands|Fire\n|move|p2b: Dragapult|Phantom Force|p1b: Heatran|[from]lockedmove\n|-damage|p1b: Heatran|11\/100\n|move|p2a: Chien-Pao|Ice Spinner|p1a: Iron Hands\n|-resisted|p1a: Iron Hands\n|-damage|p1a: Iron Hands|14\/100\n|move|p1b: Heatran|Heat Wave|p2b: Dragapult|[spread] p2a,p2b\n|-supereffective|p2a: Chien-Pao\n|-resisted|p2b: Dragapult\n|-enditem|p2a: Chien-Pao|Focus Sash\n|-damage|p2a: Chien-Pao|1\/100\n|-damage|p2b: Dragapult|32\/100\n|-damage|p1b: Heatran|2\/100|[from] item: Life Orb\n|move|p1a: Iron Hands|Drain Punch|p2a: Chien-Pao\n|-supereffective|p2a: Chien-Pao\n|-damage|p2a: Chien-Pao|0 fnt\n|-heal|p1a: Iron Hands|15\/100|[from] drain|[of] p2a: Chien-Pao\n|faint|p2a: Chien-Pao\n|\n|upkeep\n|turn|7\n|\n|t:|1700876424\n|move|p1b: Heatran|Protect|p1b: Heatran\n|-singleturn|p1b: Heatran|Protect\n|move|p2b: Dragapult|Phantom Force||[still]\n|-prepare|p2b: Dragapult|Phantom Force\n|move|p1a: Iron Hands|Heavy Slam|p2b: Dragapult|[miss]\n|-miss|p1a: Iron Hands|p2b: Dragapult\n|\n|upkeep\n|turn|8\n|\n|t:|1700876434\n|move|p2b: Dragapult|Phantom Force|p1b: Heatran|[from]lockedmove\n|-damage|p1b: Heatran|0 fnt\n|faint|p1b: Heatran\n|move|p1a: Iron Hands|Heavy Slam|p2b: Dragapult\n|-damage|p2b: Dragapult|0 fnt\n|faint|p2b: Dragapult\n|\n|win|mathology0\n|raw|mathology0's rating: 1396 &rarr; <strong>1418<\/strong><br \/>(+22 for winning)\n|raw|bwan's rating: 1432 &rarr; <strong>1410<\/strong><br \/>(-22 for losing)\n|l|\u2606bwan\n","uploadtime":1700876451,"views":8,"p1id":"mathology0","p2id":"bwan","formatid":"gen9vgc2023regulatione","rating":1410,"private":0,"password":""}