{"id":"gen9vgc2023regulatione-1991571058","p1":"Vitao Kazones","p2":"datbishgames","format":"[Gen 9] VGC 2023 Regulation E","log":"|j|\u2606Vitao Kazones\n|j|\u2606datbishgames\n|t:|1700089568\n|gametype|doubles\n|player|p1|Vitao Kazones|drayden|1336\n|player|p2|datbishgames|mira|1256\n|teamsize|p1|6\n|teamsize|p2|6\n|gen|9\n|tier|[Gen 9] VGC 2023 Regulation E\n|rated|\n|rule|Species Clause: Limit one of each Pok\u00e9mon\n|rule|Item Clause: Limit one of each item\n|clearpoke\n|poke|p1|Flutter Mane, L50|\n|poke|p1|Landorus-Therian, L50, M|\n|poke|p1|Illumise, L50, F|\n|poke|p1|Amoonguss, L50, F|\n|poke|p1|Ogerpon-Wellspring, L50, F|\n|poke|p1|Chi-Yu, L50|\n|poke|p2|Iron Hands, L50|\n|poke|p2|Stantler, L50, F|\n|poke|p2|Milotic, L50, M|\n|poke|p2|Sinistcha, L50|\n|poke|p2|Ursaluna, L50, F|\n|poke|p2|Farigiraf, L50, M|\n|teampreview|4\n|inactive|Battle timer is ON: inactive players will automatically lose when time's up. (requested by datbishgames)\n|inactive|Vitao Kazones has 60 seconds left.\n|\n|t:|1700089616\n|start\n|switch|p1a: Illumise|Illumise, L50, F|100\/100\n|switch|p1b: Landorus|Landorus-Therian, L50, M|100\/100\n|switch|p2a: Stantler|Stantler, L50, F|100\/100\n|switch|p2b: Milotic|Milotic, L50, M|100\/100\n|-ability|p1b: Landorus|Intimidate|boost\n|-unboost|p2a: Stantler|atk|1\n|-unboost|p2b: Milotic|atk|1\n|-ability|p2b: Milotic|Competitive|boost\n|-boost|p2b: Milotic|spa|2\n|-ability|p2a: Stantler|Intimidate|boost\n|-unboost|p1a: Illumise|atk|1\n|-unboost|p1b: Landorus|atk|1\n|turn|1\n|\n|t:|1700089640\n|switch|p1b: Ogerpon|Ogerpon-Wellspring, L50, F|100\/100\n|move|p1a: Illumise|Protect|p1a: Illumise\n|-singleturn|p1a: Illumise|Protect\n|move|p2b: Milotic|Protect|p2b: Milotic\n|-singleturn|p2b: Milotic|Protect\n|move|p2a: Stantler|Trick Room|p2a: Stantler\n|-fieldstart|move: Trick Room|[of] p2a: Stantler\n|\n|upkeep\n|turn|2\n|inactive|Vitao Kazones has 30 seconds left.\n|\n|t:|1700089669\n|-terastallize|p2b: Milotic|Dragon\n|move|p1a: Illumise|Encore|p2a: Stantler\n|-start|p2a: Stantler|Encore\n|move|p2a: Stantler|Trick Room|p2a: Stantler\n|-fieldend|move: Trick Room\n|move|p1b: Ogerpon|Swords Dance|p1b: Ogerpon\n|-boost|p1b: Ogerpon|atk|2\n|move|p2b: Milotic|Icy Wind|p1b: Ogerpon|[spread] p1b\n|-miss|p2b: Milotic|p1a: Illumise\n|-damage|p1b: Ogerpon|74\/100\n|-unboost|p1b: Ogerpon|spe|1\n|\n|upkeep\n|turn|3\n|\n|t:|1700089692\n|switch|p2a: Iron Hands|Iron Hands, L50|100\/100\n|-terastallize|p1b: Ogerpon|Water\n|detailschange|p1b: Ogerpon|Ogerpon-Wellspring-Tera, L50, F, tera:Water\n|-ability|p1b: Ogerpon|Embody Aspect (Wellspring)|boost\n|-boost|p1b: Ogerpon|spd|1\n|move|p1a: Illumise|Infestation|p2a: Iron Hands\n|-resisted|p2a: Iron Hands\n|-damage|p2a: Iron Hands|99\/100\n|-activate|p2a: Iron Hands|move: Infestation|[of] p1a: Illumise\n|move|p1b: Ogerpon|Ivy Cudgel|p2a: Iron Hands|[anim] Ivy Cudgel Water\n|-damage|p2a: Iron Hands|0 fnt\n|faint|p2a: Iron Hands\n|-end|p2a: Iron Hands|Quark Drive|[silent]\n|move|p2b: Milotic|Icy Wind|p1b: Ogerpon|[spread] p1a,p1b\n|-resisted|p1b: Ogerpon\n|-damage|p1a: Illumise|75\/100\n|-damage|p1b: Ogerpon|65\/100\n|-unboost|p1a: Illumise|spe|1\n|-unboost|p1b: Ogerpon|spe|1\n|\n|upkeep\n|\n|t:|1700089708\n|switch|p2a: Sinistcha|Sinistcha, L50|100\/100\n|turn|4\n|inactive|Vitao Kazones has 30 seconds left.\n|\n|t:|1700089742\n|move|p1b: Ogerpon|Spiky Shield|p1b: Ogerpon\n|-singleturn|p1b: Ogerpon|move: Protect\n|move|p2b: Milotic|Icy Wind|p1a: Illumise|[spread] p1a\n|-activate|p1b: Ogerpon|move: Protect\n|-damage|p1a: Illumise|52\/100\n|-unboost|p1a: Illumise|spe|1\n|move|p2a: Sinistcha|Matcha Gotcha|p1a: Illumise|[spread] p1a\n|-activate|p1b: Ogerpon|move: Protect\n|-resisted|p1a: Illumise\n|-damage|p1a: Illumise|38\/100\n|move|p1a: Illumise|Infestation|p2a: Sinistcha\n|-damage|p2a: Sinistcha|94\/100\n|-activate|p2a: Sinistcha|move: Infestation|[of] p1a: Illumise\n|\n|-damage|p2a: Sinistcha|81\/100|[from] move: Infestation|[partiallytrapped]\n|upkeep\n|turn|5\n|inactive|Vitao Kazones has 30 seconds left.\n|\n|t:|1700089774\n|move|p1a: Illumise|Protect|p1a: Illumise\n|-singleturn|p1a: Illumise|Protect\n|move|p2b: Milotic|Icy Wind|p1a: Illumise|[spread] p1b\n|-activate|p1a: Illumise|move: Protect\n|-resisted|p1b: Ogerpon\n|-damage|p1b: Ogerpon|56\/100\n|-unboost|p1b: Ogerpon|spe|1\n|move|p2a: Sinistcha|Matcha Gotcha|p1b: Ogerpon|[spread] \n|-activate|p1a: Illumise|move: Protect\n|-miss|p2a: Sinistcha|p1b: Ogerpon\n|move|p1b: Ogerpon|Ivy Cudgel|p2a: Sinistcha|[anim] Ivy Cudgel Water\n|-resisted|p2a: Sinistcha\n|-damage|p2a: Sinistcha|13\/100\n|\n|-damage|p2a: Sinistcha|0 fnt|[from] move: Infestation|[partiallytrapped]\n|faint|p2a: Sinistcha\n|upkeep\n|\n|t:|1700089787\n|switch|p2a: Stantler|Stantler, L50, F|100\/100\n|-ability|p2a: Stantler|Intimidate|boost\n|-unboost|p1a: Illumise|atk|1\n|-unboost|p1b: Ogerpon|atk|1\n|turn|6\n|inactive|Vitao Kazones has 30 seconds left.\n|inactive|Vitao Kazones has 20 seconds left.\n|\n|t:|1700089826\n|move|p2b: Milotic|Icy Wind|p1b: Ogerpon|[spread] p1a,p1b\n|-resisted|p1b: Ogerpon\n|-damage|p1a: Illumise|13\/100\n|-damage|p1b: Ogerpon|49\/100\n|-unboost|p1a: Illumise|spe|1\n|-unboost|p1b: Ogerpon|spe|1\n|move|p2a: Stantler|Skill Swap|p1a: Illumise\n|-activate|p2a: Stantler|move: Skill Swap|Prankster|Intimidate|[of] p1a: Illumise\n|-ability|p1a: Illumise|Intimidate|boost\n|-unboost|p2a: Stantler|atk|1\n|-unboost|p2b: Milotic|atk|1\n|-ability|p2b: Milotic|Competitive|boost\n|-boost|p2b: Milotic|spa|2\n|move|p1b: Ogerpon|Horn Leech|p2a: Stantler\n|-damage|p2a: Stantler|42\/100\n|-heal|p1b: Ogerpon|83\/100|[from] drain|[of] p2a: Stantler\n|move|p1a: Illumise|Infestation|p2a: Stantler\n|-damage|p2a: Stantler|37\/100\n|-activate|p2a: Stantler|move: Infestation|[of] p1a: Illumise\n|\n|-damage|p2a: Stantler|25\/100|[from] move: Infestation|[partiallytrapped]\n|upkeep\n|turn|7\n|inactive|Vitao Kazones has 30 seconds left.\n|inactive|datbishgames has 30 seconds left.\n|inactive|Vitao Kazones has 20 seconds left.\n|inactive|Vitao Kazones has 15 seconds left.\n|inactive|Vitao Kazones has 10 seconds left.\n|inactive|Vitao Kazones has 5 seconds left.\n|\n|t:|1700089877\n|move|p2a: Stantler|Helping Hand|p2b: Milotic\n|-singleturn|p2b: Milotic|Helping Hand|[of] p2a: Stantler\n|move|p2b: Milotic|Scald|p1b: Ogerpon\n|-resisted|p1b: Ogerpon\n|-damage|p1b: Ogerpon|25\/100\n|move|p1b: Ogerpon|Horn Leech|p2a: Stantler\n|-damage|p2a: Stantler|0 fnt\n|-heal|p1b: Ogerpon|40\/100|[from] drain|[of] p2a: Stantler\n|faint|p2a: Stantler\n|move|p1a: Illumise|Encore|p2b: Milotic\n|-start|p2b: Milotic|Encore\n|\n|upkeep\n|turn|8\n|\n|t:|1700089896\n|move|p2b: Milotic|Scald|p1b: Ogerpon\n|-resisted|p1b: Ogerpon\n|-damage|p1b: Ogerpon|6\/100\n|move|p1b: Ogerpon|Horn Leech|p2b: Milotic\n|-resisted|p2b: Milotic\n|-damage|p2b: Milotic|70\/100\n|-heal|p1b: Ogerpon|26\/100|[from] drain|[of] p2b: Milotic\n|move|p1a: Illumise|Infestation|p2b: Milotic\n|-damage|p2b: Milotic|65\/100\n|-activate|p2b: Milotic|move: Infestation|[of] p1a: Illumise\n|\n|-heal|p2b: Milotic|71\/100|[from] item: Leftovers\n|-damage|p2b: Milotic|59\/100|[from] move: Infestation|[partiallytrapped]\n|upkeep\n|turn|9\n|\n|t:|1700089915\n|move|p2b: Milotic|Scald|p1b: Ogerpon\n|-resisted|p1b: Ogerpon\n|-damage|p1b: Ogerpon|0 fnt\n|faint|p1b: Ogerpon\n|move|p1a: Illumise|Tailwind|p1a: Illumise\n|-sidestart|p1: Vitao Kazones|move: Tailwind\n|\n|-heal|p2b: Milotic|65\/100|[from] item: Leftovers\n|-damage|p2b: Milotic|52\/100|[from] move: Infestation|[partiallytrapped]\n|upkeep\n|\n|t:|1700089927\n|switch|p1b: Amoonguss|Amoonguss, L50, F|100\/100\n|turn|10\n|\n|t:|1700089952\n|move|p2b: Milotic|Scald|p1b: Amoonguss\n|-resisted|p1b: Amoonguss\n|-damage|p1b: Amoonguss|62\/100\n|move|p1a: Illumise|Infestation|p2b: Milotic\n|-damage|p2b: Milotic|48\/100\n|move|p1b: Amoonguss|Clear Smog|p2b: Milotic\n|-damage|p2b: Milotic|36\/100\n|-clearboost|p2b: Milotic\n|\n|-heal|p2b: Milotic|42\/100|[from] item: Leftovers\n|-damage|p2b: Milotic|30\/100|[from] move: Infestation|[partiallytrapped]\n|-end|p2b: Milotic|Encore\n|upkeep\n|turn|11\n|\n|t:|1700089973\n|move|p2b: Milotic|Protect|p2b: Milotic\n|-singleturn|p2b: Milotic|Protect\n|move|p1a: Illumise|Encore|p2b: Milotic\n|-activate|p2b: Milotic|move: Protect\n|move|p1b: Amoonguss|Spore|p2b: Milotic\n|-activate|p2b: Milotic|move: Protect\n|\n|-heal|p2b: Milotic|36\/100|[from] item: Leftovers\n|-damage|p2b: Milotic|23\/100|[from] move: Infestation|[partiallytrapped]\n|upkeep\n|turn|12\n|\n|t:|1700089987\n|move|p2b: Milotic|Recover|p2b: Milotic\n|-heal|p2b: Milotic|73\/100\n|move|p1a: Illumise|Encore|p2b: Milotic\n|-start|p2b: Milotic|Encore\n|move|p1b: Amoonguss|Spore|p2b: Milotic\n|-status|p2b: Milotic|slp|[from] move: Spore\n|\n|-heal|p2b: Milotic|79\/100 slp|[from] item: Leftovers\n|-damage|p2b: Milotic|67\/100 slp|[from] move: Infestation|[partiallytrapped]\n|-sideend|p1: Vitao Kazones|move: Tailwind\n|upkeep\n|turn|13\n|-message|datbishgames forfeited.\n|\n|win|Vitao Kazones\n|raw|Vitao Kazones's rating: 1336 &rarr; <strong>1351<\/strong><br \/>(+15 for winning)\n|raw|datbishgames's rating: 1256 &rarr; <strong>1237<\/strong><br \/>(-19 for losing)\n|l|\u2606datbishgames\n|l|\u2606Vitao Kazones\n|j|\u2606Vitao Kazones\n|player|p1|Vitao Kazones|drayden\n","uploadtime":1700090127,"views":15,"p1id":"vitaokazones","p2id":"datbishgames","formatid":"gen9vgc2023regulatione","rating":1237,"private":0,"password":""}