{"id":"gen9vgc2023regulatione-1990247991","p1":"Kelp51","p2":"cryorizzlord","format":"[Gen 9] VGC 2023 Regulation E","log":"|j|\u2606Kelp51\n|j|\u203dcryorizzlord\n|t:|1699944161\n|gametype|doubles\n|player|p1|Kelp51|169|1323\n|player|p2|cryorizzlord|pokemonranger-gen4|1363\n|teamsize|p1|6\n|teamsize|p2|6\n|gen|9\n|tier|[Gen 9] VGC 2023 Regulation E\n|rated|\n|rule|Species Clause: Limit one of each Pok\u00e9mon\n|rule|Item Clause: Limit one of each item\n|clearpoke\n|poke|p1|Iron Hands, L50|\n|poke|p1|Amoonguss, L50, F|\n|poke|p1|Chien-Pao, L50|\n|poke|p1|Tornadus, L50, M|\n|poke|p1|Landorus-Therian, L50, M|\n|poke|p1|Empoleon, L50, M|\n|poke|p2|Roaring Moon, L50|\n|poke|p2|Sneasler, L50, F|\n|poke|p2|Rillaboom, L50, M|\n|poke|p2|Ogerpon-Hearthflame, L50, F|\n|poke|p2|Ninetales-Alola, L50, F|\n|poke|p2|Milotic, L50, M|\n|teampreview|4\n|inactive|Battle timer is ON: inactive players will automatically lose when time's up. (requested by cryorizzlord)\n|inactive|Kelp51 has 60 seconds left.\n|inactive|cryorizzlord has 60 seconds left.\n|inactive|cryorizzlord has 30 seconds left.\n|\n|t:|1699944224\n|start\n|switch|p1a: Tornadus|Tornadus, L50, M|100\/100\n|switch|p1b: Empoleon|Empoleon, L50, M|100\/100\n|switch|p2a: Roaring Moon|Roaring Moon, L50, shiny|100\/100\n|switch|p2b: Milotic|Milotic, L50, M, shiny|100\/100\n|-enditem|p2a: Roaring Moon|Booster Energy\n|-activate|p2a: Roaring Moon|ability: Protosynthesis|[fromitem]\n|-start|p2a: Roaring Moon|protosynthesisatk\n|turn|1\n|inactive|cryorizzlord has 30 seconds left.\n|inactive|cryorizzlord has 20 seconds left.\n|\n|t:|1699944263\n|move|p1a: Tornadus|Taunt|p2b: Milotic\n|-start|p2b: Milotic|move: Taunt\n|move|p2a: Roaring Moon|Dragon Dance|p2a: Roaring Moon\n|-boost|p2a: Roaring Moon|atk|1\n|-boost|p2a: Roaring Moon|spe|1\n|move|p2b: Milotic|Scald|p1b: Empoleon\n|-resisted|p1b: Empoleon\n|-damage|p1b: Empoleon|85\/100\n|move|p1b: Empoleon|Ice Beam|p2a: Roaring Moon\n|-supereffective|p2a: Roaring Moon\n|-damage|p2a: Roaring Moon|41\/100\n|\n|upkeep\n|turn|2\n|inactive|cryorizzlord has 30 seconds left.\n|\n|t:|1699944293\n|move|p1a: Tornadus|Tailwind|p1a: Tornadus\n|-sidestart|p1: Kelp51|move: Tailwind\n|move|p2a: Roaring Moon|Knock Off|p1b: Empoleon\n|-damage|p1b: Empoleon|0 fnt\n|-enditem|p1b: Empoleon|Sitrus Berry|[from] move: Knock Off|[of] p2a: Roaring Moon\n|faint|p1b: Empoleon\n|move|p2b: Milotic|Scald|p1a: Tornadus\n|-damage|p1a: Tornadus|58\/100\n|\n|upkeep\n|\n|t:|1699944312\n|switch|p1b: Iron Hands|Iron Hands, L50, shiny|100\/100\n|turn|3\n|\n|t:|1699944334\n|switch|p2b: Rillaboom|Rillaboom, L50, M, shiny|100\/100\n|-fieldstart|move: Grassy Terrain|[from] ability: Grassy Surge|[of] p2b: Rillaboom\n|move|p2a: Roaring Moon|Protect|p2a: Roaring Moon\n|-singleturn|p2a: Roaring Moon|Protect\n|move|p1a: Tornadus|Bleakwind Storm|p2a: Roaring Moon|[spread] p2b\n|-activate|p2a: Roaring Moon|move: Protect\n|-supereffective|p2b: Rillaboom\n|-damage|p2b: Rillaboom|39\/100\n|-unboost|p2b: Rillaboom|spe|1\n|move|p1b: Iron Hands|Belly Drum|p1b: Iron Hands\n|-damage|p1b: Iron Hands|50\/100\n|-setboost|p1b: Iron Hands|atk|6|[from] move: Belly Drum\n|\n|-heal|p2a: Roaring Moon|47\/100|[from] Grassy Terrain\n|-heal|p1b: Iron Hands|57\/100|[from] Grassy Terrain\n|-heal|p2b: Rillaboom|45\/100|[from] Grassy Terrain\n|upkeep\n|turn|4\n|inactive|cryorizzlord has 30 seconds left.\n|inactive|cryorizzlord has 20 seconds left.\n|inactive|cryorizzlord has 15 seconds left.\n|\n|t:|1699944379\n|-terastallize|p2a: Roaring Moon|Flying\n|move|p2b: Rillaboom|Fake Out|p1b: Iron Hands\n|-damage|p1b: Iron Hands|48\/100\n|move|p2a: Roaring Moon|Acrobatics|p1a: Tornadus\n|-crit|p1a: Tornadus\n|-damage|p1a: Tornadus|0 fnt\n|faint|p1a: Tornadus\n|cant|p1b: Iron Hands|flinch\n|\n|-heal|p1b: Iron Hands|54\/100|[from] Grassy Terrain\n|-heal|p2b: Rillaboom|50\/100|[from] Grassy Terrain\n|upkeep\n|\n|t:|1699944390\n|switch|p1a: Landorus|Landorus-Therian, L50, M|100\/100\n|-ability|p1a: Landorus|Intimidate|boost\n|-unboost|p2a: Roaring Moon|atk|1\n|-unboost|p2b: Rillaboom|atk|1\n|turn|5\n|\n|t:|1699944409\n|-terastallize|p1b: Iron Hands|Steel\n|move|p2a: Roaring Moon|Protect|p2a: Roaring Moon\n|-singleturn|p2a: Roaring Moon|Protect\n|move|p2b: Rillaboom|Grassy Glide|p1b: Iron Hands\n|-resisted|p1b: Iron Hands\n|-crit|p1b: Iron Hands\n|-damage|p1b: Iron Hands|36\/100\n|move|p1a: Landorus|Swords Dance|p1a: Landorus\n|-boost|p1a: Landorus|atk|2\n|move|p1b: Iron Hands|Drain Punch|p2b: Rillaboom\n|-damage|p2b: Rillaboom|0 fnt\n|-heal|p1b: Iron Hands|57\/100|[from] drain|[of] p2b: Rillaboom\n|faint|p2b: Rillaboom\n|\n|-heal|p1b: Iron Hands|63\/100|[from] Grassy Terrain\n|-sideend|p1: Kelp51|move: Tailwind\n|upkeep\n|\n|t:|1699944428\n|switch|p2b: Ogerpon|Ogerpon-Hearthflame, L50, F|100\/100\n|-ability|p2b: Ogerpon|Mold Breaker\n|turn|6\n|\n|t:|1699944437\n|move|p2a: Roaring Moon|Knock Off|p1a: Landorus\n|-damage|p1a: Landorus|36\/100\n|-enditem|p1a: Landorus|Clear Amulet|[from] move: Knock Off|[of] p2a: Roaring Moon\n|move|p2b: Ogerpon|Ivy Cudgel|p1b: Iron Hands\n|-supereffective|p1b: Iron Hands\n|-crit|p1b: Iron Hands\n|-damage|p1b: Iron Hands|0 fnt\n|faint|p1b: Iron Hands\n|-end|p1b: Iron Hands|Quark Drive|[silent]\n|move|p1a: Landorus|Rock Slide|p2a: Roaring Moon|[spread] p2a,p2b\n|-supereffective|p2a: Roaring Moon\n|-supereffective|p2b: Ogerpon\n|-crit|p2b: Ogerpon\n|-damage|p2a: Roaring Moon|0 fnt\n|-damage|p2b: Ogerpon|0 fnt\n|faint|p2a: Roaring Moon\n|-end|p2a: Roaring Moon|Protosynthesis|[silent]\n|faint|p2b: Ogerpon\n|\n|upkeep\n|\n|t:|1699944451\n|switch|p2a: Milotic|Milotic, L50, M, shiny|100\/100\n|turn|7\n|\n|t:|1699944457\n|move|p2a: Milotic|Scald|p1a: Landorus\n|-supereffective|p1a: Landorus\n|-damage|p1a: Landorus|0 fnt\n|faint|p1a: Landorus\n|\n|win|cryorizzlord\n|raw|Kelp51's rating: 1323 &rarr; <strong>1305<\/strong><br \/>(-18 for losing)\n|raw|cryorizzlord's rating: 1363 &rarr; <strong>1381<\/strong><br \/>(+18 for winning)\n|l|\u2606Kelp51\n","uploadtime":1699944471,"views":15,"p1id":"kelp51","p2id":"cryorizzlord","formatid":"gen9vgc2023regulatione","rating":1305,"private":0,"password":""}