{"id":"gen9vgc2023regulatione-1992296588","p1":"BadBadTeams","p2":"GhostDuke","format":"[Gen 9] VGC 2023 Regulation E","log":"|j|\u2606BadBadTeams\n|j|\u2606GhostDuke\n|t:|1700172014\n|gametype|doubles\n|player|p1|BadBadTeams|bellelba|1000\n|player|p2|GhostDuke|juggler|1064\n|teamsize|p1|6\n|teamsize|p2|6\n|gen|9\n|tier|[Gen 9] VGC 2023 Regulation E\n|rated|\n|rule|Species Clause: Limit one of each Pok\u00e9mon\n|rule|Item Clause: Limit one of each item\n|clearpoke\n|poke|p1|Scovillain, L50, F|\n|poke|p1|Ninetales-Alola, L50, F|\n|poke|p1|Landorus-Therian, L50, M|\n|poke|p1|Annihilape, L50, F|\n|poke|p1|Dondozo, L50, F|\n|poke|p1|Regieleki, L50|\n|poke|p2|Kommo-o, L50, M|\n|poke|p2|Ogerpon-Wellspring, L50, F|\n|poke|p2|Sinistcha, L50|\n|poke|p2|Falinks, L50|\n|poke|p2|Chien-Pao, L50|\n|poke|p2|Iron Hands, L50|\n|teampreview|4\n|inactive|Battle timer is ON: inactive players will automatically lose when time's up. (requested by BadBadTeams)\n|\n|t:|1700172028\n|start\n|switch|p1a: Ninetales|Ninetales-Alola, L50, F|100\/100\n|switch|p1b: Scovillain|Scovillain, L50, F|100\/100\n|switch|p2a: Chien-Pao|Chien-Pao, L50|100\/100\n|switch|p2b: Kommo-o|Kommo-o, L50, M|100\/100\n|-ability|p2a: Chien-Pao|Sword of Ruin\n|-weather|Snow|[from] ability: Snow Warning|[of] p1a: Ninetales\n|turn|1\n|\n|t:|1700172050\n|-terastallize|p2b: Kommo-o|Steel\n|move|p2a: Chien-Pao|Taunt|p1a: Ninetales\n|-start|p1a: Ninetales|move: Taunt\n|cant|p1a: Ninetales|move: Taunt|Aurora Veil\n|move|p2b: Kommo-o|Clangorous Soul|p2b: Kommo-o\n|-boost|p2b: Kommo-o|atk|1\n|-boost|p2b: Kommo-o|def|1\n|-boost|p2b: Kommo-o|spa|1\n|-boost|p2b: Kommo-o|spd|1\n|-boost|p2b: Kommo-o|spe|1\n|-damage|p2b: Kommo-o|68\/100\n|-enditem|p2b: Kommo-o|Throat Spray\n|-boost|p2b: Kommo-o|spa|1|[from] item: Throat Spray\n|move|p1b: Scovillain|Substitute|p1b: Scovillain\n|-start|p1b: Scovillain|Substitute\n|-damage|p1b: Scovillain|75\/100\n|\n|-weather|Snow|[upkeep]\n|-heal|p1b: Scovillain|81\/100|[from] item: Leftovers\n|-ability|p1b: Scovillain|Moody|boost\n|-boost|p1b: Scovillain|spe|2\n|-unboost|p1b: Scovillain|def|1\n|upkeep\n|turn|2\n|inactive|GhostDuke has 30 seconds left.\n|\n|t:|1700172081\n|switch|p2a: Sinistcha|Sinistcha, L50, shiny|100\/100\n|-heal|p2b: Kommo-o|93\/100|[from] ability: Hospitality|[of] p2a: Sinistcha\n|move|p2b: Kommo-o|Protect|p2b: Kommo-o\n|-singleturn|p2b: Kommo-o|Protect\n|move|p1b: Scovillain|Leech Seed|p2b: Kommo-o\n|-activate|p2b: Kommo-o|move: Protect\n|move|p1a: Ninetales|Icy Wind|p2b: Kommo-o|[spread] p2a\n|-activate|p2b: Kommo-o|move: Protect\n|-supereffective|p2a: Sinistcha\n|-damage|p2a: Sinistcha|77\/100\n|-unboost|p2a: Sinistcha|spe|1\n|\n|-weather|Snow|[upkeep]\n|-heal|p1b: Scovillain|87\/100|[from] item: Leftovers\n|-ability|p1b: Scovillain|Moody|boost\n|-boost|p1b: Scovillain|spd|2\n|-unboost|p1b: Scovillain|spa|1\n|upkeep\n|turn|3\n|\n|t:|1700172104\n|move|p2a: Sinistcha|Rage Powder|p2a: Sinistcha\n|-singleturn|p2a: Sinistcha|move: Rage Powder\n|move|p2b: Kommo-o|Clangorous Soul|p2b: Kommo-o\n|-boost|p2b: Kommo-o|atk|1\n|-boost|p2b: Kommo-o|def|1\n|-boost|p2b: Kommo-o|spa|1\n|-boost|p2b: Kommo-o|spd|1\n|-boost|p2b: Kommo-o|spe|1\n|-damage|p2b: Kommo-o|60\/100\n|move|p1b: Scovillain|Leech Seed|p2b: Kommo-o\n|-start|p2b: Kommo-o|move: Leech Seed\n|move|p1a: Ninetales|Icy Wind|p2b: Kommo-o|[spread] p2a,p2b\n|-supereffective|p2a: Sinistcha\n|-resisted|p2b: Kommo-o\n|-damage|p2a: Sinistcha|52\/100\n|-damage|p2b: Kommo-o|56\/100\n|-unboost|p2a: Sinistcha|spe|1\n|-unboost|p2b: Kommo-o|spe|1\n|\n|-weather|Snow|[upkeep]\n|-heal|p1b: Scovillain|93\/100|[from] item: Leftovers\n|-damage|p2b: Kommo-o|44\/100|[from] Leech Seed|[of] p1b: Scovillain\n|-heal|p1b: Scovillain|100\/100|[silent]\n|-end|p1a: Ninetales|move: Taunt\n|-ability|p1b: Scovillain|Moody|boost\n|-boost|p1b: Scovillain|spd|2\n|-unboost|p1b: Scovillain|spa|1\n|upkeep\n|turn|4\n|inactive|BadBadTeams has 30 seconds left.\n|\n|t:|1700172131\n|switch|p2a: Iron Hands|Iron Hands, L50|100\/100\n|move|p2b: Kommo-o|Clanging Scales|p1a: Ninetales|[spread] p1b\n|-immune|p1a: Ninetales\n|-damage|p1b: Scovillain|67\/100\n|-unboost|p2b: Kommo-o|def|1\n|move|p1b: Scovillain|Leech Seed|p2a: Iron Hands\n|-start|p2a: Iron Hands|move: Leech Seed\n|move|p1a: Ninetales|Aurora Veil|p1a: Ninetales\n|-sidestart|p1: BadBadTeams|move: Aurora Veil\n|\n|-weather|Snow|[upkeep]\n|-heal|p1b: Scovillain|73\/100|[from] item: Leftovers\n|-damage|p2b: Kommo-o|32\/100|[from] Leech Seed|[of] p1b: Scovillain\n|-heal|p1b: Scovillain|84\/100|[silent]\n|-damage|p2a: Iron Hands|88\/100|[from] Leech Seed|[of] p1b: Scovillain\n|-heal|p1b: Scovillain|100\/100|[silent]\n|-ability|p1b: Scovillain|Moody|boost\n|-boost|p1b: Scovillain|def|2\n|-unboost|p1b: Scovillain|atk|1\n|upkeep\n|turn|5\n|\n|t:|1700172154\n|move|p1b: Scovillain|Protect|p1b: Scovillain\n|-singleturn|p1b: Scovillain|Protect\n|move|p2b: Kommo-o|Flash Cannon|p1a: Ninetales\n|-supereffective|p1a: Ninetales\n|-damage|p1a: Ninetales|0 fnt\n|faint|p1a: Ninetales\n|move|p2a: Iron Hands|Drain Punch|p1b: Scovillain\n|-activate|p1b: Scovillain|move: Protect\n|\n|-weather|none\n|-damage|p2b: Kommo-o|19\/100|[from] Leech Seed|[of] p1b: Scovillain\n|-damage|p2a: Iron Hands|76\/100|[from] Leech Seed|[of] p1b: Scovillain\n|-ability|p1b: Scovillain|Moody|boost\n|-boost|p1b: Scovillain|spd|2\n|-unboost|p1b: Scovillain|spe|1\n|upkeep\n|\n|t:|1700172169\n|switch|p1a: Landorus|Landorus-Therian, L50, M|100\/100\n|-ability|p1a: Landorus|Intimidate|boost\n|-unboost|p2a: Iron Hands|atk|1\n|-unboost|p2b: Kommo-o|atk|1\n|turn|6\n|\n|t:|1700172183\n|-end|p2a: Iron Hands|Quark Drive|[silent]\n|switch|p2a: Sinistcha|Sinistcha, L50, shiny|52\/100\n|-heal|p2b: Kommo-o|44\/100|[from] ability: Hospitality|[of] p2a: Sinistcha\n|move|p2b: Kommo-o|Protect|p2b: Kommo-o\n|-singleturn|p2b: Kommo-o|Protect\n|move|p1a: Landorus|Stomping Tantrum|p2a: Sinistcha\n|-resisted|p2a: Sinistcha\n|-damage|p2a: Sinistcha|32\/100\n|move|p1b: Scovillain|Flamethrower|p2b: Kommo-o\n|-activate|p2b: Kommo-o|move: Protect\n|\n|-damage|p2b: Kommo-o|32\/100|[from] Leech Seed|[of] p1b: Scovillain\n|-ability|p1b: Scovillain|Moody|boost\n|-boost|p1b: Scovillain|atk|2\n|-unboost|p1b: Scovillain|def|1\n|upkeep\n|turn|7\n|\n|t:|1700172203\n|switch|p2a: Iron Hands|Iron Hands, L50|76\/100\n|move|p1a: Landorus|Stomping Tantrum|p2b: Kommo-o\n|-supereffective|p2b: Kommo-o\n|-damage|p2b: Kommo-o|0 fnt\n|faint|p2b: Kommo-o\n|move|p1b: Scovillain|Leech Seed|p2a: Iron Hands\n|-start|p2a: Iron Hands|move: Leech Seed\n|\n|-damage|p2a: Iron Hands|64\/100|[from] Leech Seed|[of] p1b: Scovillain\n|-ability|p1b: Scovillain|Moody|boost\n|-boost|p1b: Scovillain|atk|2\n|-unboost|p1b: Scovillain|spe|1\n|upkeep\n|\n|t:|1700172208\n|switch|p2b: Sinistcha|Sinistcha, L50, shiny|32\/100\n|-heal|p2a: Iron Hands|89\/100|[from] ability: Hospitality|[of] p2b: Sinistcha\n|turn|8\n|\n|t:|1700172226\n|move|p2a: Iron Hands|Fake Out|p1a: Landorus\n|-damage|p1a: Landorus|89\/100\n|move|p2b: Sinistcha|Rage Powder|p2b: Sinistcha\n|-singleturn|p2b: Sinistcha|move: Rage Powder\n|cant|p1a: Landorus|flinch\n|move|p1b: Scovillain|Flamethrower|p2b: Sinistcha\n|-supereffective|p2b: Sinistcha\n|-damage|p2b: Sinistcha|0 fnt\n|faint|p2b: Sinistcha\n|\n|-damage|p2a: Iron Hands|76\/100|[from] Leech Seed|[of] p1b: Scovillain\n|-ability|p1b: Scovillain|Moody|boost\n|-boost|p1b: Scovillain|spe|2\n|-unboost|p1b: Scovillain|def|1\n|upkeep\n|\n|t:|1700172228\n|switch|p2b: Chien-Pao|Chien-Pao, L50|100\/100\n|-ability|p2b: Chien-Pao|Sword of Ruin\n|turn|9\n|\n|t:|1700172248\n|move|p1a: Landorus|Stomping Tantrum|p2a: Iron Hands\n|-supereffective|p2a: Iron Hands\n|-damage|p2a: Iron Hands|0 fnt\n|faint|p2a: Iron Hands\n|-end|p2a: Iron Hands|Quark Drive|[silent]\n|move|p1b: Scovillain|Leech Seed|p2b: Chien-Pao\n|-start|p2b: Chien-Pao|move: Leech Seed\n|move|p2b: Chien-Pao|Ice Spinner|p1a: Landorus\n|-supereffective|p1a: Landorus\n|-damage|p1a: Landorus|0 fnt\n|faint|p1a: Landorus\n|\n|-damage|p2b: Chien-Pao|88\/100|[from] Leech Seed|[of] p1b: Scovillain\n|-ability|p1b: Scovillain|Moody|boost\n|-boost|p1b: Scovillain|spa|2\n|-unboost|p1b: Scovillain|spe|1\n|upkeep\n|-message|GhostDuke forfeited.\n|\n|win|BadBadTeams\n|raw|BadBadTeams's rating: 1000 &rarr; <strong>1047<\/strong><br \/>(+47 for winning)\n|raw|GhostDuke's rating: 1064 &rarr; <strong>1041<\/strong><br \/>(-23 for losing)\n|l|\u2606GhostDuke\n","uploadtime":1700172273,"views":31,"p1id":"badbadteams","p2id":"ghostduke","formatid":"gen9vgc2023regulatione","rating":1041,"private":0,"password":""}