{"id":"gen9vgc2023regulatione-1997939849","p1":"trumoomu","p2":"Venefici","format":"[Gen 9] VGC 2023 Regulation E","log":"|j|\u2606trumoomu\n|j|\u2606Venefici\n|t:|1700869894\n|gametype|doubles\n|player|p1|trumoomu|unknown|1046\n|player|p2|Venefici|hugh|1110\n|teamsize|p1|6\n|teamsize|p2|6\n|gen|9\n|tier|[Gen 9] VGC 2023 Regulation E\n|rated|\n|rule|Species Clause: Limit one of each Pok\u00e9mon\n|rule|Item Clause: Limit one of each item\n|clearpoke\n|poke|p1|Breloom, L50, M|\n|poke|p1|Ambipom, L50, F|\n|poke|p1|Scizor, L50, F|\n|poke|p1|Urshifu-*, L50, M|\n|poke|p1|Gholdengo, L50|\n|poke|p1|Arcanine-Hisui, L50, F|\n|poke|p2|Volcarona, L50, M|\n|poke|p2|Sinistcha, L50|\n|poke|p2|Snorlax, L50, F|\n|poke|p2|Milotic, L50, F|\n|poke|p2|Indeedee-F, L50, F|\n|poke|p2|Iron Hands, L50|\n|teampreview|4\n|inactive|Battle timer is ON: inactive players will automatically lose when time's up. (requested by Venefici)\n|inactive|trumoomu has 60 seconds left.\n|inactive|Venefici has 60 seconds left.\n|\n|t:|1700869926\n|start\n|switch|p1a: Ambipom|Ambipom, L50, F|100\/100\n|switch|p1b: Gholdengo|Gholdengo, L50|100\/100\n|switch|p2a: Milotic|Milotic, L50, F|100\/100\n|switch|p2b: Indeedee|Indeedee-F, L50, F|100\/100\n|-fieldstart|move: Psychic Terrain|[from] ability: Psychic Surge|[of] p2b: Indeedee\n|turn|1\n|inactive|Venefici has 30 seconds left.\n|\n|t:|1700869953\n|switch|p2a: Volcarona|Volcarona, L50, M|100\/100\n|move|p1a: Ambipom|Fake Out|p2a: Volcarona\n|-activate|p2a: Volcarona|move: Psychic Terrain\n|move|p1b: Gholdengo|Nasty Plot|p1b: Gholdengo\n|-boost|p1b: Gholdengo|spa|2\n|move|p2b: Indeedee|Trick Room|p2b: Indeedee\n|-fieldstart|move: Trick Room|[of] p2b: Indeedee\n|\n|upkeep\n|turn|2\n|\n|t:|1700869974\n|switch|p1a: Arcanine|Arcanine-Hisui, L50, F|100\/100\n|-ability|p1a: Arcanine|Intimidate|boost\n|-unboost|p2a: Volcarona|atk|1\n|-unboost|p2b: Indeedee|atk|1\n|move|p2b: Indeedee|Dazzling Gleam|p1b: Gholdengo|[spread] p1a,p1b\n|-resisted|p1a: Arcanine\n|-resisted|p1b: Gholdengo\n|-damage|p1a: Arcanine|92\/100\n|-damage|p1b: Gholdengo|93\/100\n|move|p2a: Volcarona|Quiver Dance|p2a: Volcarona\n|-boost|p2a: Volcarona|spa|1\n|-boost|p2a: Volcarona|spd|1\n|-boost|p2a: Volcarona|spe|1\n|move|p1b: Gholdengo|Shadow Ball|p2a: Volcarona\n|-damage|p2a: Volcarona|49\/100\n|\n|-heal|p1b: Gholdengo|99\/100|[from] item: Leftovers\n|-heal|p2a: Volcarona|54\/100|[from] item: Leftovers\n|upkeep\n|turn|3\n|inactive|Venefici has 30 seconds left.\n|\n|t:|1700870001\n|move|p2b: Indeedee|Helping Hand|p2a: Volcarona\n|-singleturn|p2a: Volcarona|Helping Hand|[of] p2b: Indeedee\n|move|p1b: Gholdengo|Shadow Ball|p2a: Volcarona\n|-damage|p2a: Volcarona|4\/100\n|move|p1a: Arcanine|Rock Slide|p2b: Indeedee|[spread] p2a,p2b\n|-supereffective|p2a: Volcarona\n|-damage|p2a: Volcarona|0 fnt\n|-damage|p2b: Indeedee|59\/100\n|faint|p2a: Volcarona\n|\n|-heal|p1b: Gholdengo|100\/100|[from] item: Leftovers\n|upkeep\n|\n|t:|1700870022\n|switch|p2a: Iron Hands|Iron Hands, L50|100\/100\n|turn|4\n|\n|t:|1700870046\n|move|p2b: Indeedee|Helping Hand|p2a: Iron Hands\n|-singleturn|p2a: Iron Hands|Helping Hand|[of] p2b: Indeedee\n|move|p2a: Iron Hands|Drain Punch|p1a: Arcanine\n|-supereffective|p1a: Arcanine\n|-damage|p1a: Arcanine|0 fnt\n|faint|p1a: Arcanine\n|move|p1b: Gholdengo|Make It Rain|p2b: Indeedee|[spread] p2a,p2b\n|-resisted|p2a: Iron Hands\n|-damage|p2a: Iron Hands|76\/100\n|-damage|p2b: Indeedee|0 fnt\n|-unboost|p1b: Gholdengo|spa|1\n|faint|p2b: Indeedee\n|\n|upkeep\n|\n|t:|1700870059\n|switch|p2b: Milotic|Milotic, L50, F|100\/100\n|switch|p1a: Ambipom|Ambipom, L50, F|100\/100\n|turn|5\n|\n|t:|1700870081\n|-terastallize|p2b: Milotic|Steel\n|-terastallize|p1b: Gholdengo|Steel\n|move|p1a: Ambipom|Fake Out|p2a: Iron Hands\n|-activate|p2a: Iron Hands|move: Psychic Terrain\n|move|p2a: Iron Hands|Wild Charge|p1b: Gholdengo\n|-damage|p1b: Gholdengo|33\/100\n|-damage|p2a: Iron Hands|65\/100|[from] Recoil\n|move|p2b: Milotic|Ice Beam|p1b: Gholdengo\n|-resisted|p1b: Gholdengo\n|-damage|p1b: Gholdengo|16\/100\n|move|p1b: Gholdengo|Make It Rain|p2b: Milotic|[spread] p2a,p2b\n|-resisted|p2a: Iron Hands\n|-resisted|p2b: Milotic\n|-damage|p2a: Iron Hands|38\/100\n|-damage|p2b: Milotic|67\/100\n|-unboost|p1b: Gholdengo|spa|1\n|\n|-heal|p1b: Gholdengo|22\/100|[from] item: Leftovers\n|-fieldend|move: Trick Room\n|-fieldend|move: Psychic Terrain\n|upkeep\n|turn|6\n|\n|t:|1700870103\n|move|p1b: Gholdengo|Protect|p1b: Gholdengo\n|-singleturn|p1b: Gholdengo|Protect\n|move|p2b: Milotic|Protect|p2b: Milotic\n|-singleturn|p2b: Milotic|Protect\n|move|p1a: Ambipom|U-turn|p2a: Iron Hands\n|-resisted|p2a: Iron Hands\n|-damage|p2a: Iron Hands|31\/100\n|\n|t:|1700870110\n|switch|p1a: Urshifu|Urshifu-Rapid-Strike, L50, M|100\/100|[from] U-turn\n|move|p2a: Iron Hands|Drain Punch|p1b: Gholdengo\n|-activate|p1b: Gholdengo|move: Protect\n|\n|-heal|p1b: Gholdengo|28\/100|[from] item: Leftovers\n|upkeep\n|turn|7\n|\n|t:|1700870126\n|move|p1a: Urshifu|Surging Strikes|p2a: Iron Hands\n|-crit|p2a: Iron Hands\n|-damage|p2a: Iron Hands|14\/100\n|-crit|p2a: Iron Hands\n|-damage|p2a: Iron Hands|0 fnt\n|faint|p2a: Iron Hands\n|-end|p2a: Iron Hands|Quark Drive|[silent]\n|-hitcount|p2: Iron Hands|2\n|move|p1b: Gholdengo|Make It Rain|p2b: Milotic\n|-resisted|p2b: Milotic\n|-damage|p2b: Milotic|39\/100\n|-unboost|p1b: Gholdengo|spa|1\n|move|p2b: Milotic|Hypnosis|p1a: Urshifu\n|-status|p1a: Urshifu|slp|[from] move: Hypnosis\n|\n|-heal|p1b: Gholdengo|34\/100|[from] item: Leftovers\n|upkeep\n|turn|8\n|\n|t:|1700870145\n|move|p1b: Gholdengo|Protect|p1b: Gholdengo\n|-singleturn|p1b: Gholdengo|Protect\n|cant|p1a: Urshifu|slp\n|move|p2b: Milotic|Ice Beam|p1b: Gholdengo\n|-activate|p1b: Gholdengo|move: Protect\n|\n|-heal|p1b: Gholdengo|41\/100|[from] item: Leftovers\n|upkeep\n|turn|9\n|\n|t:|1700870156\n|-curestatus|p1a: Urshifu|slp|[msg]\n|move|p1a: Urshifu|Close Combat|p2b: Milotic\n|-supereffective|p2b: Milotic\n|-damage|p2b: Milotic|0 fnt\n|-unboost|p1a: Urshifu|def|1\n|-unboost|p1a: Urshifu|spd|1\n|faint|p2b: Milotic\n|\n|win|trumoomu\n|raw|trumoomu's rating: 1046 &rarr; <strong>1085<\/strong><br \/>(+39 for winning)\n|raw|Venefici's rating: 1110 &rarr; <strong>1080<\/strong><br \/>(-30 for losing)\n|l|\u2606trumoomu\n","uploadtime":1700870166,"views":4,"p1id":"trumoomu","p2id":"venefici","formatid":"gen9vgc2023regulatione","rating":1080,"private":0,"password":""}