{"id":"gen9vgc2023regulatione-1993951427","p1":"KimiTheWeeb","p2":"selfiebot","format":"[Gen 9] VGC 2023 Regulation E","log":"|j|\u2606KimiTheWeeb\n|j|\u2606selfiebot\n|t:|1700381493\n|gametype|doubles\n|player|p1|KimiTheWeeb|maid|1401\n|player|p2|selfiebot|101|1326\n|teamsize|p1|6\n|teamsize|p2|6\n|gen|9\n|tier|[Gen 9] VGC 2023 Regulation E\n|rated|\n|rule|Species Clause: Limit one of each Pok\u00e9mon\n|rule|Item Clause: Limit one of each item\n|clearpoke\n|poke|p1|Landorus-Therian, L50, M|\n|poke|p1|Ogerpon, L50, F|\n|poke|p1|Iron Hands, L50|\n|poke|p1|Fezandipiti, L50, M|\n|poke|p1|Clefairy, L50, M|\n|poke|p1|Heatran, L50, F|\n|poke|p2|Roaring Moon, L50|\n|poke|p2|Ninetales-Alola, L50, M|\n|poke|p2|Landorus-Therian, L50, M|\n|poke|p2|Iron Hands, L50|\n|poke|p2|Milotic, L50, F|\n|poke|p2|Ogerpon-Hearthflame, L50, F|\n|teampreview|4\n|inactive|Battle timer is ON: inactive players will automatically lose when time's up. (requested by KimiTheWeeb)\n|\n|t:|1700381523\n|start\n|switch|p1a: Fezandipiti|Fezandipiti, L50, M|100\/100\n|switch|p1b: Iron Hands|Iron Hands, L50|100\/100\n|switch|p2a: Iron Hands|Iron Hands, L50|100\/100\n|switch|p2b: Milotic|Milotic, L50, F|100\/100\n|turn|1\n|\n|t:|1700381543\n|move|p1b: Iron Hands|Fake Out|p2a: Iron Hands\n|-damage|p2a: Iron Hands|88\/100\n|cant|p2a: Iron Hands|flinch\n|move|p1a: Fezandipiti|Dazzling Gleam|p2b: Milotic|[spread] p2a,p2b\n|-supereffective|p2a: Iron Hands\n|-damage|p2a: Iron Hands|66\/100\n|-damage|p2b: Milotic|83\/100\n|-status|p2a: Iron Hands|tox|[from] ability: Toxic Chain|[of] p1a: Fezandipiti\n|move|p2b: Milotic|Icy Wind|p1b: Iron Hands|[spread] p1a,p1b\n|-damage|p1a: Fezandipiti|91\/100\n|-damage|p1b: Iron Hands|95\/100\n|-unboost|p1b: Iron Hands|spe|1\n|\n|-damage|p2a: Iron Hands|60\/100 tox|[from] psn\n|upkeep\n|turn|2\n|\n|t:|1700381562\n|move|p1a: Fezandipiti|Dazzling Gleam|p2b: Milotic|[spread] p2a,p2b\n|-supereffective|p2a: Iron Hands\n|-damage|p2a: Iron Hands|39\/100 tox\n|-damage|p2b: Milotic|66\/100\n|-status|p2b: Milotic|tox|[from] ability: Toxic Chain|[of] p1a: Fezandipiti\n|move|p2b: Milotic|Scald|p1b: Iron Hands\n|-damage|p1b: Iron Hands|77\/100\n|-status|p1b: Iron Hands|brn\n|move|p2a: Iron Hands|Heavy Slam|p1a: Fezandipiti\n|-supereffective|p1a: Fezandipiti\n|-damage|p1a: Fezandipiti|5\/100\n|move|p1b: Iron Hands|Volt Switch|p2b: Milotic\n|-supereffective|p2b: Milotic\n|-damage|p2b: Milotic|46\/100 tox\n|-enditem|p2b: Milotic|Sitrus Berry|[eat]\n|-heal|p2b: Milotic|71\/100 tox|[from] item: Sitrus Berry\n|\n|t:|1700381579\n|-end|p1b: Iron Hands|Quark Drive|[silent]\n|switch|p1b: Ogerpon|Ogerpon, L50, F|100\/100|[from] Volt Switch\n|\n|-damage|p2b: Milotic|65\/100 tox|[from] psn\n|-damage|p2a: Iron Hands|27\/100 tox|[from] psn\n|upkeep\n|turn|3\n|\n|t:|1700381599\n|-terastallize|p2b: Milotic|Grass\n|move|p1a: Fezandipiti|Protect|p1a: Fezandipiti\n|-singleturn|p1a: Fezandipiti|Protect\n|move|p1b: Ogerpon|Swords Dance|p1b: Ogerpon\n|-boost|p1b: Ogerpon|atk|2\n|move|p2b: Milotic|Icy Wind|p1b: Ogerpon|[spread] p1b\n|-activate|p1a: Fezandipiti|move: Protect\n|-supereffective|p1b: Ogerpon\n|-damage|p1b: Ogerpon|75\/100\n|-unboost|p1b: Ogerpon|spe|1\n|-ability|p1b: Ogerpon|Defiant|boost\n|-boost|p1b: Ogerpon|atk|2\n|move|p2a: Iron Hands|Drain Punch|p1a: Fezandipiti\n|-activate|p1a: Fezandipiti|move: Protect\n|\n|-damage|p2b: Milotic|53\/100 tox|[from] psn\n|-damage|p2a: Iron Hands|10\/100 tox|[from] psn\n|upkeep\n|turn|4\n|\n|t:|1700381622\n|-terastallize|p1b: Ogerpon|Grass\n|detailschange|p1b: Ogerpon|Ogerpon-Teal-Tera, L50, F, tera:Grass\n|-ability|p1b: Ogerpon|Embody Aspect (Teal)|boost\n|-boost|p1b: Ogerpon|spe|1\n|move|p1b: Ogerpon|Play Rough|p2b: Milotic\n|-damage|p2b: Milotic|0 fnt\n|faint|p2b: Milotic\n|move|p1a: Fezandipiti|Tailwind|p1a: Fezandipiti\n|-sidestart|p1: KimiTheWeeb|move: Tailwind\n|move|p2a: Iron Hands|Drain Punch|p1a: Fezandipiti\n|-resisted|p1a: Fezandipiti\n|-damage|p1a: Fezandipiti|0 fnt\n|-heal|p2a: Iron Hands|11\/100 tox|[from] drain|[of] p1a: Fezandipiti\n|faint|p1a: Fezandipiti\n|\n|-damage|p2a: Iron Hands|0 fnt|[from] psn\n|faint|p2a: Iron Hands\n|-end|p2a: Iron Hands|Quark Drive|[silent]\n|upkeep\n|\n|t:|1700381641\n|switch|p1a: Iron Hands|Iron Hands, L50|77\/100 brn\n|switch|p2b: Ninetales|Ninetales-Alola, L50, M|100\/100\n|switch|p2a: Landorus|Landorus-Therian, L50, M|100\/100\n|-ability|p2a: Landorus|Intimidate|boost\n|-unboost|p1a: Iron Hands|atk|1\n|-unboost|p1b: Ogerpon|atk|1\n|-weather|Snow|[from] ability: Snow Warning|[of] p2b: Ninetales\n|turn|5\n|\n|t:|1700381655\n|move|p1a: Iron Hands|Fake Out|p2a: Landorus\n|-damage|p2a: Landorus|95\/100\n|move|p1b: Ogerpon|Ivy Cudgel|p2a: Landorus\n|-damage|p2a: Landorus|0 fnt\n|faint|p2a: Landorus\n|move|p2b: Ninetales|Blizzard|p1a: Iron Hands|[spread] p1a,p1b\n|-supereffective|p1b: Ogerpon\n|-damage|p1a: Iron Hands|65\/100 brn\n|-damage|p1b: Ogerpon|21\/100\n|\n|-weather|Snow|[upkeep]\n|-damage|p1a: Iron Hands|59\/100 brn|[from] brn\n|upkeep\n|turn|6\n|-message|selfiebot forfeited.\n|\n|win|KimiTheWeeb\n|raw|KimiTheWeeb's rating: 1401 &rarr; <strong>1417<\/strong><br \/>(+16 for winning)\n|raw|selfiebot's rating: 1326 &rarr; <strong>1310<\/strong><br \/>(-16 for losing)\n|l|\u2606selfiebot\n","uploadtime":1700381682,"views":21,"p1id":"kimitheweeb","p2id":"selfiebot","formatid":"gen9vgc2023regulatione","rating":1310,"private":0,"password":""}