{"id":"gen9vgc2023regulatione-1999819029","p1":"Bale_007","p2":"Tiger58","format":"[Gen 9] VGC 2023 Regulation E","log":"|j|\u2606Bale_007\n|j|\u2606Tiger58\n|t:|1701119627\n|gametype|doubles\n|player|p1|Bale_007|265|1307\n|player|p2|Tiger58|101|1234\n|teamsize|p1|6\n|teamsize|p2|6\n|gen|9\n|tier|[Gen 9] VGC 2023 Regulation E\n|rated|\n|rule|Species Clause: Limit one of each Pok\u00e9mon\n|rule|Item Clause: Limit one of each item\n|clearpoke\n|poke|p1|Farigiraf, L50, F|\n|poke|p1|Heatran, L50, M|\n|poke|p1|Dragonite, L50, M|\n|poke|p1|Chien-Pao, L50|\n|poke|p1|Annihilape, L50, M|\n|poke|p1|Amoonguss, L50, F|\n|poke|p2|Luxray, L50, M|\n|poke|p2|Sinistcha, L50|\n|poke|p2|Cresselia, L50, F|\n|poke|p2|Garganacl, L50, M|\n|poke|p2|Palafin, L50, M|\n|poke|p2|Scizor, L50, M|\n|teampreview|4\n|\n|t:|1701119685\n|start\n|switch|p1a: Farigiraf|Farigiraf, L50, F|100\/100\n|switch|p1b: Heatran|Heatran, L50, M|100\/100\n|switch|p2a: Garganacl|Garganacl, L50, M|100\/100\n|switch|p2b: Luxray|Luxray, L50, M|100\/100\n|-ability|p2b: Luxray|Intimidate|boost\n|-unboost|p1a: Farigiraf|atk|1\n|-unboost|p1b: Heatran|atk|1\n|turn|1\n|inactive|Battle timer is ON: inactive players will automatically lose when time's up. (requested by Bale_007)\n|inactive|Bale_007 has 60 seconds left.\n|\n|t:|1701119729\n|move|p1a: Farigiraf|Ally Switch|p1a: Farigiraf\n|swap|p1a: Farigiraf|1|[from] move: Ally Switch\n|move|p1a: Heatran|Earth Power|p2a: Garganacl\n|-supereffective|p2a: Garganacl\n|-damage|p2a: Garganacl|61\/100\n|-enditem|p2a: Garganacl|Maranga Berry|[eat]\n|-boost|p2a: Garganacl|spd|1|[from] item: Maranga Berry\n|move|p2b: Luxray|Snarl|p1b: Farigiraf|[spread] p1a\n|-miss|p2b: Luxray|p1b: Farigiraf\n|-damage|p1a: Heatran|95\/100\n|-unboost|p1a: Heatran|spa|1\n|move|p2a: Garganacl|Salt Cure|p1b: Farigiraf\n|-damage|p1b: Farigiraf|87\/100\n|-start|p1b: Farigiraf|Salt Cure\n|\n|-damage|p1b: Farigiraf|75\/100|[from] Salt Cure\n|upkeep\n|turn|2\n|inactive|Bale_007 has 30 seconds left.\n|inactive|Tiger58 has 30 seconds left.\n|\n|t:|1701119761\n|switch|p1b: Amoonguss|Amoonguss, L50, F|100\/100\n|-terastallize|p1a: Heatran|Grass\n|move|p1a: Heatran|Tera Blast|p2a: Garganacl|[anim] Tera Blast Grass\n|-supereffective|p2a: Garganacl\n|-damage|p2a: Garganacl|37\/100\n|move|p2b: Luxray|Snarl|p1b: Amoonguss|[spread] p1a,p1b\n|-damage|p1a: Heatran|89\/100\n|-damage|p1b: Amoonguss|93\/100\n|-unboost|p1a: Heatran|spa|1\n|-unboost|p1b: Amoonguss|spa|1\n|move|p2a: Garganacl|Salt Cure|p1a: Heatran\n|-damage|p1a: Heatran|78\/100\n|-start|p1a: Heatran|Salt Cure\n|\n|-damage|p1a: Heatran|66\/100|[from] Salt Cure\n|upkeep\n|turn|3\n|\n|t:|1701119783\n|switch|p1a: Annihilape|Annihilape, L50, M|100\/100\n|move|p2b: Luxray|Thunder Wave|p1a: Annihilape\n|-status|p1a: Annihilape|par\n|move|p2a: Garganacl|Recover|p2a: Garganacl\n|-heal|p2a: Garganacl|87\/100\n|move|p1b: Amoonguss|Spore|p2b: Luxray\n|-status|p2b: Luxray|slp|[from] move: Spore\n|\n|upkeep\n|turn|4\n|inactive|Bale_007 has 30 seconds left.\n|\n|t:|1701119814\n|switch|p1b: Farigiraf|Farigiraf, L50, F|75\/100\n|cant|p2b: Luxray|slp\n|move|p1a: Annihilape|Bulk Up|p1a: Annihilape\n|-boost|p1a: Annihilape|atk|1\n|-boost|p1a: Annihilape|def|1\n|move|p2a: Garganacl|Iron Defense|p2a: Garganacl\n|-boost|p2a: Garganacl|def|2\n|\n|upkeep\n|turn|5\n|\n|t:|1701119831\n|-curestatus|p2b: Luxray|slp|[msg]\n|move|p2b: Luxray|Thunder Wave|p1b: Farigiraf\n|-status|p1b: Farigiraf|par\n|cant|p1a: Annihilape|par\n|move|p2a: Garganacl|Salt Cure|p1a: Annihilape\n|-resisted|p1a: Annihilape\n|-damage|p1a: Annihilape|97\/100 par\n|-start|p1a: Annihilape|Salt Cure\n|move|p1b: Farigiraf|Psychic|p2b: Luxray\n|-damage|p2b: Luxray|73\/100\n|\n|-damage|p1a: Annihilape|84\/100 par|[from] Salt Cure\n|upkeep\n|turn|6\n|\n|t:|1701119855\n|move|p1b: Farigiraf|Ally Switch|p1b: Farigiraf\n|swap|p1b: Farigiraf|0|[from] move: Ally Switch\n|move|p2b: Luxray|Volt Switch|p1b: Annihilape\n|-damage|p1b: Annihilape|66\/100 par\n|\n|t:|1701119864\n|switch|p2b: Cresselia|Cresselia, L50, F|100\/100|[from] Volt Switch\n|move|p2a: Garganacl|Body Press|p1b: Annihilape\n|-immune|p1b: Annihilape\n|cant|p1b: Annihilape|par\n|\n|-damage|p1b: Annihilape|54\/100 par|[from] Salt Cure\n|upkeep\n|turn|7\n|\n|t:|1701119888\n|switch|p1a: Amoonguss|Amoonguss, L50, F|100\/100\n|move|p2b: Cresselia|Icy Wind|p1a: Amoonguss|[spread] p1a,p1b\n|-supereffective|p1a: Amoonguss\n|-damage|p1a: Amoonguss|90\/100\n|-damage|p1b: Annihilape|48\/100 par\n|-unboost|p1a: Amoonguss|spe|1\n|-unboost|p1b: Annihilape|spe|1\n|-ability|p1b: Annihilape|Defiant|boost\n|-boost|p1b: Annihilape|atk|2\n|-enditem|p1b: Annihilape|Sitrus Berry|[eat]\n|-heal|p1b: Annihilape|73\/100 par|[from] item: Sitrus Berry\n|move|p2a: Garganacl|Body Press|p1a: Amoonguss\n|-resisted|p1a: Amoonguss\n|-damage|p1a: Amoonguss|69\/100\n|-damage|p2a: Garganacl|71\/100|[from] item: Rocky Helmet|[of] p1a: Amoonguss\n|cant|p1b: Annihilape|par\n|\n|-damage|p1b: Annihilape|60\/100 par|[from] Salt Cure\n|upkeep\n|turn|8\n|c|\u2606Bale_007|lool i quit\n|c|\u2606Bale_007|paralyzed 3 moves in a row\n|inactive|Bale_007 has 30 seconds left.\n|c|\u2606Bale_007|fuck this game\n|\n|t:|1701119921\n|move|p2b: Cresselia|Lunar Blessing|p2b: Cresselia|[spread] p2a,p2b\n|-heal|p2a: Garganacl|96\/100\n|move|p2a: Garganacl|Iron Defense|p2a: Garganacl\n|-boost|p2a: Garganacl|def|2\n|move|p1b: Annihilape|Bulk Up|p1b: Annihilape\n|-boost|p1b: Annihilape|atk|1\n|-boost|p1b: Annihilape|def|1\n|move|p1a: Amoonguss|Spore|p2b: Cresselia\n|-activate|p2b: Cresselia|item: Safety Goggles|Spore\n|\n|-damage|p1b: Annihilape|48\/100 par|[from] Salt Cure\n|upkeep\n|turn|9\n|\n|t:|1701119938\n|-terastallize|p2a: Garganacl|Ghost\n|move|p2b: Cresselia|Icy Wind|p1b: Annihilape|[spread] p1a,p1b\n|-supereffective|p1a: Amoonguss\n|-damage|p1a: Amoonguss|57\/100\n|-damage|p1b: Annihilape|42\/100 par\n|-unboost|p1a: Amoonguss|spe|1\n|-unboost|p1b: Annihilape|spe|1\n|-ability|p1b: Annihilape|Defiant|boost\n|-boost|p1b: Annihilape|atk|2\n|move|p2a: Garganacl|Salt Cure|p1a: Amoonguss\n|-damage|p1a: Amoonguss|42\/100\n|-start|p1a: Amoonguss|Salt Cure\n|move|p1b: Annihilape|Bulk Up|p1b: Annihilape\n|-boost|p1b: Annihilape|atk|0\n|-boost|p1b: Annihilape|def|1\n|move|p1a: Amoonguss|Pollen Puff|p1b: Annihilape\n|-heal|p1b: Annihilape|92\/100 par\n|\n|-damage|p1b: Annihilape|79\/100 par|[from] Salt Cure\n|-damage|p1a: Amoonguss|29\/100|[from] Salt Cure\n|upkeep\n|turn|10\n|\n|t:|1701119963\n|move|p2b: Cresselia|Icy Wind|p1a: Amoonguss|[spread] p1a,p1b\n|-supereffective|p1a: Amoonguss\n|-damage|p1a: Amoonguss|18\/100\n|-damage|p1b: Annihilape|73\/100 par\n|-unboost|p1a: Amoonguss|spe|1\n|-unboost|p1b: Annihilape|spe|1\n|-boost|p1b: Annihilape|atk|0\n|move|p2a: Garganacl|Iron Defense|p2a: Garganacl\n|-boost|p2a: Garganacl|def|2\n|cant|p1b: Annihilape|par\n|move|p1a: Amoonguss|Pollen Puff|p1b: Annihilape\n|-heal|p1b: Annihilape|100\/100 par\n|\n|-damage|p1b: Annihilape|88\/100 par|[from] Salt Cure\n|-damage|p1a: Amoonguss|5\/100|[from] Salt Cure\n|upkeep\n|turn|11\n|inactive|Tiger58 has 30 seconds left.\n|\n|t:|1701119989\n|switch|p1a: Farigiraf|Farigiraf, L50, F|75\/100 par\n|move|p2b: Cresselia|Icy Wind|p1b: Annihilape|[spread] p1a,p1b\n|-crit|p1b: Annihilape\n|-damage|p1a: Farigiraf|69\/100 par\n|-damage|p1b: Annihilape|79\/100 par\n|-unboost|p1a: Farigiraf|spe|1\n|-unboost|p1b: Annihilape|spe|1\n|-boost|p1b: Annihilape|atk|0\n|move|p2a: Garganacl|Body Press|p1a: Farigiraf\n|-damage|p1a: Farigiraf|0 fnt\n|faint|p1a: Farigiraf\n|cant|p1b: Annihilape|par\n|\n|-damage|p1b: Annihilape|66\/100 par|[from] Salt Cure\n|upkeep\n|c|\u2606Bale_007|ahahaha\n|c|\u2606Bale_007|fuck this game\n|c|\u2606Bale_007|6 times in a row\n|n|!Bale_007|bale007\n|\n|t:|1701120013\n|switch|p1a: Heatran|Heatran, L50, M, tera:Grass|66\/100\n|turn|12\n|\n|t:|1701120018\n|move|p2b: Cresselia|Icy Wind|p1a: Heatran|[spread] p1a,p1b\n|-supereffective|p1a: Heatran\n|-damage|p1a: Heatran|56\/100\n|-damage|p1b: Annihilape|60\/100 par\n|-unboost|p1a: Heatran|spe|1\n|-unboost|p1b: Annihilape|spe|1\n|-boost|p1b: Annihilape|atk|0\n|move|p1a: Heatran|Heat Wave|p2a: Garganacl|[spread] p2a,p2b\n|-damage|p2a: Garganacl|81\/100\n|-damage|p2b: Cresselia|83\/100\n|move|p2a: Garganacl|Body Press|p1a: Heatran\n|-crit|p1a: Heatran\n|-damage|p1a: Heatran|0 fnt\n|faint|p1a: Heatran\n|move|p1b: Annihilape|Rage Fist|p2a: Garganacl\n|-supereffective|p2a: Garganacl\n|-damage|p2a: Garganacl|0 fnt\n|faint|p2a: Garganacl\n|\n|-damage|p1b: Annihilape|48\/100 par|[from] Salt Cure\n|upkeep\n|\n|t:|1701120037\n|switch|p1a: Amoonguss|Amoonguss, L50, F|39\/100\n|switch|p2a: Sinistcha|Sinistcha, L50|100\/100\n|-heal|p2b: Cresselia|100\/100|[from] ability: Hospitality|[of] p2a: Sinistcha\n|turn|13\n|\n|t:|1701120052\n|move|p2b: Cresselia|Icy Wind|p1a: Amoonguss|[spread] p1a,p1b\n|-supereffective|p1a: Amoonguss\n|-crit|p1b: Annihilape\n|-damage|p1a: Amoonguss|28\/100\n|-damage|p1b: Annihilape|37\/100 par\n|-unboost|p1a: Amoonguss|spe|1\n|-unboost|p1b: Annihilape|spe|1\n|-boost|p1b: Annihilape|atk|0\n|move|p2a: Sinistcha|Hex|p1b: Annihilape\n|-supereffective|p1b: Annihilape\n|-damage|p1b: Annihilape|0 fnt\n|faint|p1b: Annihilape\n|move|p1a: Amoonguss|Pollen Puff|p1: Annihilape|[notarget]\n|-fail|p1a: Amoonguss\n|\n|upkeep\n|turn|14\n|-message|Bale_007 forfeited.\n|\n|win|Tiger58\n|raw|Bale_007's rating: 1307 &rarr; <strong>1283<\/strong><br \/>(-24 for losing)\n|raw|Tiger58's rating: 1234 &rarr; <strong>1264<\/strong><br \/>(+30 for winning)\n|l|!Bale_007\n","uploadtime":1701120014,"views":2,"p1id":"bale007","p2id":"tiger58","formatid":"gen9vgc2023regulatione","rating":1264,"private":0,"password":""}