{"id":"gen9vgc2023regulatione-1999354653","p1":"Itaker1ddl1n","p2":"krlxjms","format":"[Gen 9] VGC 2023 Regulation E","log":"|j|\u2606Itaker1ddl1n\n|j|\u2606krlxjms\n|t:|1701065553\n|gametype|doubles\n|player|p1|Itaker1ddl1n|169|1156\n|player|p2|krlxjms|ethan|1036\n|teamsize|p1|6\n|teamsize|p2|6\n|gen|9\n|tier|[Gen 9] VGC 2023 Regulation E\n|rated|\n|rule|Species Clause: Limit one of each Pok\u00e9mon\n|rule|Item Clause: Limit one of each item\n|clearpoke\n|poke|p1|Baxcalibur, L50, M|\n|poke|p1|Volcarona, L50, F|\n|poke|p1|Urshifu-*, L50, F|\n|poke|p1|Tornadus, L50, M|\n|poke|p1|Landorus-Therian, L50, M|\n|poke|p1|Amoonguss, L50, M|\n|poke|p2|Urshifu-*, L50, M|\n|poke|p2|Tornadus, L50, M|\n|poke|p2|Flutter Mane, L50|\n|poke|p2|Roaring Moon, L50|\n|poke|p2|Rillaboom, L50, M|\n|poke|p2|Arcanine-Hisui, L50, M|\n|teampreview|4\n|\n|t:|1701065610\n|start\n|switch|p1a: Tornadus|Tornadus, L50, M|100\/100\n|switch|p1b: Amoonguss|Amoonguss, L50, M|100\/100\n|switch|p2a: Arcanine|Arcanine-Hisui, L50, M|100\/100\n|switch|p2b: Flutter Mane|Flutter Mane, L50|100\/100\n|-ability|p2a: Arcanine|Intimidate|boost\n|-unboost|p1a: Tornadus|atk|1\n|-unboost|p1b: Amoonguss|atk|1\n|turn|1\n|\n|t:|1701065626\n|move|p2b: Flutter Mane|Helping Hand|p2a: Arcanine\n|-singleturn|p2a: Arcanine|Helping Hand|[of] p2b: Flutter Mane\n|move|p1a: Tornadus|Tailwind|p1a: Tornadus\n|-sidestart|p1: Itaker1ddl1n|move: Tailwind\n|move|p2a: Arcanine|Rock Slide|p1a: Tornadus|[spread] p1a,p1b\n|-supereffective|p1a: Tornadus\n|-damage|p1a: Tornadus|0 fnt\n|-damage|p1b: Amoonguss|56\/100\n|faint|p1a: Tornadus\n|move|p1b: Amoonguss|Spore|p2b: Flutter Mane\n|-status|p2b: Flutter Mane|slp|[from] move: Spore\n|\n|upkeep\n|\n|t:|1701065638\n|switch|p1a: Landorus|Landorus-Therian, L50, M|100\/100\n|-ability|p1a: Landorus|Intimidate|boost\n|-unboost|p2a: Arcanine|atk|1\n|-unboost|p2b: Flutter Mane|atk|1\n|turn|2\n|\n|t:|1701065649\n|switch|p2a: Urshifu|Urshifu-Rapid-Strike, L50, M|100\/100\n|move|p1b: Amoonguss|Rage Powder|p1b: Amoonguss\n|-singleturn|p1b: Amoonguss|move: Rage Powder\n|move|p1a: Landorus|Stomping Tantrum|p2a: Urshifu\n|-damage|p2a: Urshifu|48\/100\n|cant|p2b: Flutter Mane|slp\n|\n|upkeep\n|turn|3\n|\n|t:|1701065663\n|move|p2a: Urshifu|Protect|p2a: Urshifu\n|-singleturn|p2a: Urshifu|Protect\n|move|p1b: Amoonguss|Rage Powder|p1b: Amoonguss\n|-singleturn|p1b: Amoonguss|move: Rage Powder\n|move|p1a: Landorus|Stomping Tantrum|p2a: Urshifu\n|-activate|p2a: Urshifu|move: Protect\n|-curestatus|p2b: Flutter Mane|slp|[msg]\n|move|p2b: Flutter Mane|Confuse Ray|p1b: Amoonguss\n|-start|p1b: Amoonguss|confusion\n|\n|upkeep\n|turn|4\n|\n|t:|1701065680\n|move|p2b: Flutter Mane|Helping Hand|p2a: Urshifu\n|-singleturn|p2a: Urshifu|Helping Hand|[of] p2b: Flutter Mane\n|-activate|p1b: Amoonguss|confusion\n|-damage|p1b: Amoonguss|52\/100|[from] confusion\n|move|p2a: Urshifu|Aqua Jet|p1a: Landorus\n|-supereffective|p1a: Landorus\n|-damage|p1a: Landorus|14\/100\n|-damage|p2a: Urshifu|39\/100|[from] item: Life Orb\n|move|p1a: Landorus|Stomping Tantrum|p2a: Urshifu\n|-damage|p2a: Urshifu|0 fnt\n|faint|p2a: Urshifu\n|\n|-sideend|p1: Itaker1ddl1n|move: Tailwind\n|upkeep\n|\n|t:|1701065691\n|switch|p2a: Arcanine|Arcanine-Hisui, L50, M|100\/100\n|-ability|p2a: Arcanine|Intimidate|boost\n|-unboost|p1a: Landorus|atk|1\n|-unboost|p1b: Amoonguss|atk|1\n|turn|5\n|\n|t:|1701065706\n|switch|p1a: Baxcalibur|Baxcalibur, L50, M|100\/100\n|move|p2a: Arcanine|Extreme Speed|p1a: Baxcalibur\n|-damage|p1a: Baxcalibur|66\/100\n|move|p2b: Flutter Mane|Dazzling Gleam|p1a: Baxcalibur|[spread] p1a,p1b\n|-supereffective|p1a: Baxcalibur\n|-resisted|p1b: Amoonguss\n|-damage|p1a: Baxcalibur|0 fnt\n|-damage|p1b: Amoonguss|38\/100\n|faint|p1a: Baxcalibur\n|-activate|p1b: Amoonguss|confusion\n|move|p1b: Amoonguss|Spore|p2a: Arcanine\n|-status|p2a: Arcanine|slp|[from] move: Spore\n|\n|upkeep\n|\n|t:|1701065719\n|switch|p1a: Landorus|Landorus-Therian, L50, M|14\/100\n|-ability|p1a: Landorus|Intimidate|boost\n|-unboost|p2a: Arcanine|atk|1\n|-unboost|p2b: Flutter Mane|atk|1\n|turn|6\n|\n|t:|1701065738\n|-terastallize|p1a: Landorus|Flying\n|cant|p2a: Arcanine|slp\n|move|p2b: Flutter Mane|Dazzling Gleam|p1a: Landorus|[spread] p1a,p1b\n|-resisted|p1b: Amoonguss\n|-damage|p1a: Landorus|0 fnt\n|-damage|p1b: Amoonguss|25\/100\n|faint|p1a: Landorus\n|-activate|p1b: Amoonguss|confusion\n|move|p1b: Amoonguss|Pollen Puff|p1: Landorus|[notarget]\n|-fail|p1b: Amoonguss\n|\n|upkeep\n|turn|7\n|-message|Itaker1ddl1n forfeited.\n|\n|win|krlxjms\n|raw|Itaker1ddl1n's rating: 1156 &rarr; <strong>1123<\/strong><br \/>(-33 for losing)\n|raw|krlxjms's rating: 1036 &rarr; <strong>1082<\/strong><br \/>(+46 for winning)\n|l|\u2606Itaker1ddl1n\n","uploadtime":1701065756,"views":5,"p1id":"itaker1ddl1n","p2id":"krlxjms","formatid":"gen9vgc2023regulatione","rating":1082,"private":0,"password":""}