{"id":"gen9vgc2023regulatione-1989995245","p1":"Leek_Alt","p2":"Tytheguy004","format":"[Gen 9] VGC 2023 Regulation E","log":"|j|\u2606Leek_Alt\n|j|\u2606Tytheguy004\n|t:|1699913606\n|gametype|doubles\n|player|p1|Leek_Alt|170|1020\n|player|p2|Tytheguy004|265|1061\n|teamsize|p1|6\n|teamsize|p2|6\n|gen|9\n|tier|[Gen 9] VGC 2023 Regulation E\n|rated|\n|rule|Species Clause: Limit one of each Pok\u00e9mon\n|rule|Item Clause: Limit one of each item\n|clearpoke\n|poke|p1|Iron Bundle, L50|\n|poke|p1|Gholdengo, L50|\n|poke|p1|Landorus-Therian, L50, M|\n|poke|p1|Amoonguss, L50, F|\n|poke|p1|Arcanine-Hisui, L50, M|\n|poke|p1|Sylveon, L50, M|\n|poke|p2|Flutter Mane, L50|\n|poke|p2|Iron Hands, L50|\n|poke|p2|Tornadus, L50, M|\n|poke|p2|Amoonguss, L50, F|\n|poke|p2|Urshifu-*, L50, M|\n|poke|p2|Landorus-Therian, L50, M|\n|teampreview|4\n|\n|t:|1699913616\n|start\n|switch|p1a: Iron Bundle|Iron Bundle, L50|100\/100\n|switch|p1b: Landorus|Landorus-Therian, L50, M|100\/100\n|switch|p2a: Iron Hands|Iron Hands, L50|100\/100\n|switch|p2b: Landorus|Landorus-Therian, L50, M|100\/100\n|-ability|p2b: Landorus|Intimidate|boost\n|-unboost|p1a: Iron Bundle|atk|1\n|-unboost|p1b: Landorus|atk|1\n|-ability|p1b: Landorus|Intimidate|boost\n|-unboost|p2a: Iron Hands|atk|1\n|-unboost|p2b: Landorus|atk|1\n|-enditem|p1a: Iron Bundle|Booster Energy\n|-activate|p1a: Iron Bundle|ability: Quark Drive|[fromitem]\n|-start|p1a: Iron Bundle|quarkdrivespe\n|turn|1\n|inactive|Battle timer is ON: inactive players will automatically lose when time's up. (requested by Leek_Alt)\n|\n|t:|1699913642\n|switch|p2b: Flutter Mane|Flutter Mane, L50|100\/100\n|move|p1a: Iron Bundle|Protect|p1a: Iron Bundle\n|-singleturn|p1a: Iron Bundle|Protect\n|move|p2a: Iron Hands|Fake Out|p1a: Iron Bundle\n|-activate|p1a: Iron Bundle|move: Protect\n|move|p1b: Landorus|U-turn|p2b: Flutter Mane\n|-resisted|p2b: Flutter Mane\n|-damage|p2b: Flutter Mane|93\/100\n|\n|t:|1699913651\n|switch|p1b: Arcanine|Arcanine-Hisui, L50, M|100\/100|[from] U-turn\n|-ability|p1b: Arcanine|Intimidate|boost\n|-unboost|p2a: Iron Hands|atk|1\n|-unboost|p2b: Flutter Mane|atk|1\n|\n|upkeep\n|turn|2\n|\n|t:|1699913667\n|-terastallize|p2b: Flutter Mane|Steel\n|move|p1a: Iron Bundle|Icy Wind|p2a: Iron Hands|[spread] p2a,p2b\n|-crit|p2a: Iron Hands\n|-resisted|p2b: Flutter Mane\n|-damage|p2a: Iron Hands|79\/100\n|-damage|p2b: Flutter Mane|84\/100\n|-unboost|p2a: Iron Hands|spe|1\n|-unboost|p2b: Flutter Mane|spe|1\n|move|p1b: Arcanine|Rock Slide|p2a: Iron Hands|[spread] p2a\n|-miss|p1b: Arcanine|p2b: Flutter Mane\n|-resisted|p2a: Iron Hands\n|-damage|p2a: Iron Hands|72\/100\n|move|p2b: Flutter Mane|Shadow Ball|p1b: Arcanine\n|-damage|p1b: Arcanine|47\/100\n|-enditem|p1b: Arcanine|Sitrus Berry|[eat]\n|-heal|p1b: Arcanine|72\/100|[from] item: Sitrus Berry\n|move|p2a: Iron Hands|Drain Punch|p1a: Iron Bundle\n|-supereffective|p1a: Iron Bundle\n|-damage|p1a: Iron Bundle|46\/100\n|-heal|p2a: Iron Hands|86\/100|[from] drain|[of] p1a: Iron Bundle\n|\n|upkeep\n|turn|3\n|inactive|Tytheguy004 has 30 seconds left.\n|\n|t:|1699913698\n|move|p1a: Iron Bundle|Protect|p1a: Iron Bundle\n|-singleturn|p1a: Iron Bundle|Protect\n|move|p1b: Arcanine|Will-O-Wisp|p2a: Iron Hands|[miss]\n|-miss|p1b: Arcanine|p2a: Iron Hands\n|move|p2b: Flutter Mane|Shadow Ball|p1a: Iron Bundle\n|-activate|p1a: Iron Bundle|move: Protect\n|move|p2a: Iron Hands|Earthquake|p1b: Arcanine|[spread] p2b,p1b\n|-activate|p1a: Iron Bundle|move: Protect\n|-supereffective|p2b: Flutter Mane\n|-supereffective|p1b: Arcanine\n|-damage|p2b: Flutter Mane|33\/100\n|-damage|p1b: Arcanine|8\/100\n|\n|upkeep\n|turn|4\n|\n|t:|1699913711\n|move|p1a: Iron Bundle|Hydro Pump|p2b: Flutter Mane\n|-damage|p2b: Flutter Mane|0 fnt\n|faint|p2b: Flutter Mane\n|-end|p2b: Flutter Mane|Protosynthesis|[silent]\n|move|p1b: Arcanine|Will-O-Wisp|p2a: Iron Hands\n|-status|p2a: Iron Hands|brn\n|move|p2a: Iron Hands|Drain Punch|p1b: Arcanine\n|-supereffective|p1b: Arcanine\n|-damage|p1b: Arcanine|0 fnt\n|-heal|p2a: Iron Hands|89\/100 brn|[from] drain|[of] p1b: Arcanine\n|faint|p1b: Arcanine\n|\n|-damage|p2a: Iron Hands|83\/100 brn|[from] brn\n|upkeep\n|\n|t:|1699913723\n|switch|p2b: Landorus|Landorus-Therian, L50, M|100\/100\n|switch|p1b: Landorus|Landorus-Therian, L50, M|100\/100\n|-ability|p2b: Landorus|Intimidate|boost\n|-unboost|p1a: Iron Bundle|atk|1\n|-unboost|p1b: Landorus|atk|1\n|-ability|p1b: Landorus|Intimidate|boost\n|-unboost|p2a: Iron Hands|atk|1\n|-unboost|p2b: Landorus|atk|1\n|turn|5\n|\n|t:|1699913740\n|move|p1a: Iron Bundle|Icy Wind|p2b: Landorus|[spread] p2a,p2b\n|-supereffective|p2b: Landorus\n|-damage|p2a: Iron Hands|70\/100 brn\n|-damage|p2b: Landorus|1\/100\n|-unboost|p2a: Iron Hands|spe|1\n|-unboost|p2b: Landorus|spe|1\n|move|p1b: Landorus|U-turn|p2b: Landorus\n|-resisted|p2b: Landorus\n|-damage|p2b: Landorus|0 fnt\n|faint|p2b: Landorus\n|\n|t:|1699913747\n|switch|p1b: Sylveon|Sylveon, L50, M|100\/100|[from] U-turn\n|move|p2a: Iron Hands|Drain Punch|p1a: Iron Bundle\n|-supereffective|p1a: Iron Bundle\n|-damage|p1a: Iron Bundle|23\/100\n|-heal|p2a: Iron Hands|76\/100 brn|[from] drain|[of] p1a: Iron Bundle\n|\n|-damage|p2a: Iron Hands|69\/100 brn|[from] brn\n|upkeep\n|\n|t:|1699913755\n|switch|p2b: Urshifu|Urshifu-Rapid-Strike, L50, M|100\/100\n|turn|6\n|\n|t:|1699913765\n|move|p1a: Iron Bundle|Freeze-Dry|p2b: Urshifu\n|-supereffective|p2b: Urshifu\n|-damage|p2b: Urshifu|0 fnt\n|faint|p2b: Urshifu\n|move|p1b: Sylveon|Hyper Voice|p2a: Iron Hands\n|-supereffective|p2a: Iron Hands\n|-damage|p2a: Iron Hands|0 fnt\n|faint|p2a: Iron Hands\n|-end|p2a: Iron Hands|Quark Drive|[silent]\n|\n|win|Leek_Alt\n|raw|Leek_Alt's rating: 1060 &rarr; <strong>1091<\/strong><br \/>(+31 for winning)\n|raw|Tytheguy004's rating: 1061 &rarr; <strong>1042<\/strong><br \/>(-19 for losing)\n","uploadtime":1699913770,"views":12,"p1id":"leekalt","p2id":"tytheguy004","formatid":"gen9vgc2023regulatione","rating":1042,"private":0,"password":""}