{"id":"gen9vgc2023regulatione-1990230296","p1":"matthewssandslash","p2":"NovaSirius","format":"[Gen 9] VGC 2023 Regulation E","log":"|j|\u2606matthewssandslash\n|j|\u2606NovaSirius\n|t:|1699941061\n|gametype|doubles\n|player|p1|matthewssandslash|1|\n|player|p2|NovaSirius|101|\n|teamsize|p1|6\n|teamsize|p2|6\n|gen|9\n|tier|[Gen 9] VGC 2023 Regulation E\n|rule|Species Clause: Limit one of each Pok\u00e9mon\n|rule|Item Clause: Limit one of each item\n|clearpoke\n|poke|p1|Sliggoo-Hisui, L50, F|\n|poke|p1|Ribombee, L50, F|\n|poke|p1|Lycanroc-Midnight, L50, F|\n|poke|p1|Dudunsparce-*, L50, M|\n|poke|p1|Mabosstiff, L50, F|\n|poke|p1|Toxicroak, L50, F|\n|poke|p2|Gurdurr, L50, F|\n|poke|p2|Vivillon-Monsoon, L50, F|\n|poke|p2|Uxie, L50|\n|poke|p2|Barraskewda, L50, M|\n|poke|p2|Luxray, L50, F|\n|poke|p2|Ludicolo, L50, F|\n|teampreview|4\n|c|\u2606matthewssandslash|you almost had me\n|c|\u2606NovaSirius|almost\n|c|\u2606matthewssandslash|locking into drill run was so smart\n|c|\u2606NovaSirius|yeah it was definitely the best option i had\n|\n|t:|1699941134\n|start\n|switch|p1a: Canberra|Mabosstiff, L50, F|100\/100\n|switch|p1b: New South Wales|Dudunsparce, L50, M|100\/100\n|switch|p2a: Ludicolo|Ludicolo, L50, F|100\/100\n|switch|p2b: Vivillon|Vivillon-Monsoon, L50, F|100\/100\n|-ability|p1a: Canberra|Intimidate|boost\n|-unboost|p2a: Ludicolo|atk|1\n|-unboost|p2b: Vivillon|atk|1\n|turn|1\n|c|\u2606NovaSirius|um canberra isnt a state :rolling_eyes:\n|c|\u2606matthewssandslash|yeah but like\n|c|\u2606matthewssandslash|what do you call that thing\n|c|\u2606NovaSirius|a territory\n|c|\u2606matthewssandslash|capital something\n|\n|t:|1699941176\n|move|p2a: Ludicolo|Fake Out|p1a: Canberra\n|-damage|p1a: Canberra|95\/100\n|move|p2b: Vivillon|Quiver Dance|p2b: Vivillon\n|-boost|p2b: Vivillon|spa|1\n|-boost|p2b: Vivillon|spd|1\n|-boost|p2b: Vivillon|spe|1\n|cant|p1a: Canberra|flinch\n|move|p1b: New South Wales|Hyper Voice|p2b: Vivillon|[spread] p2a,p2b\n|-damage|p2a: Ludicolo|82\/100\n|-damage|p2b: Vivillon|72\/100\n|\n|upkeep\n|turn|2\n|j| J4ce\n|c|\u2606matthewssandslash|wait\n|c|\u2606matthewssandslash|you yourself have (the chance to have) shield dust, too\n|l| J4ce\n|c|\u2606NovaSirius|i didnt even think about it\n|\n|t:|1699941221\n|move|p2b: Vivillon|Sleep Powder|p1b: New South Wales\n|-status|p1b: New South Wales|slp|[from] move: Sleep Powder\n|move|p2a: Ludicolo|Focus Blast|p1a: Canberra|[miss]\n|-miss|p2a: Ludicolo|p1a: Canberra\n|move|p1a: Canberra|Lash Out|p2b: Vivillon\n|-damage|p2b: Vivillon|12\/100\n|cant|p1b: New South Wales|slp\n|\n|upkeep\n|turn|3\n|j| J4ce\n|c|\u2606matthewssandslash|ooh\n|c|\u2606matthewssandslash|funny\n|c|\u2606matthewssandslash|that was a fun dodge\n|\n|t:|1699941242\n|switch|p1a: Tasmania|Toxicroak, L50, F|100\/100\n|move|p2b: Vivillon|Protect|p2b: Vivillon\n|-singleturn|p2b: Vivillon|Protect\n|move|p2a: Ludicolo|Focus Blast|p1b: New South Wales\n|-supereffective|p1b: New South Wales\n|-damage|p1b: New South Wales|21\/100 slp\n|-unboost|p1b: New South Wales|spd|1\n|cant|p1b: New South Wales|slp\n|\n|upkeep\n|turn|4\n|\n|t:|1699941267\n|switch|p2a: Luxray|Luxray, L50, F|100\/100\n|-ability|p2a: Luxray|Intimidate|boost\n|-unboost|p1a: Tasmania|atk|1\n|-unboost|p1b: New South Wales|atk|1\n|move|p1a: Tasmania|Fake Out|p2b: Vivillon\n|-damage|p2b: Vivillon|0 fnt\n|faint|p2b: Vivillon\n|-damage|p1a: Tasmania|91\/100|[from] item: Life Orb\n|cant|p1b: New South Wales|slp\n|\n|upkeep\n|\n|t:|1699941276\n|switch|p2b: Ludicolo|Ludicolo, L50, F|82\/100\n|turn|5\n|c|\u2606matthewssandslash|oh my stars that was a huge roll after intimidate\n|\n|t:|1699941292\n|switch|p1a: Victoria|Sliggoo-Hisui, L50, F|100\/100\n|move|p2b: Ludicolo|Fake Out|p1a: Victoria\n|-resisted|p1a: Victoria\n|-damage|p1a: Victoria|98\/100\n|move|p2a: Luxray|Volt Switch|p1b: New South Wales\n|-damage|p1b: New South Wales|0 fnt\n|faint|p1b: New South Wales\n|c|\u2606NovaSirius|pain\n|\n|t:|1699941300\n|switch|p2a: Gurdurr|Gurdurr, L50, F|100\/100|[from] Volt Switch\n|\n|upkeep\n|c|\u2606matthewssandslash|unless you had absolutely no bulk\n|\n|t:|1699941327\n|switch|p1b: Tasmania|Toxicroak, L50, F|91\/100\n|turn|6\n|\n|t:|1699941337\n|switch|p2b: Luxray|Luxray, L50, F|100\/100\n|-ability|p2b: Luxray|Intimidate|boost\n|-unboost|p1a: Victoria|atk|1\n|-unboost|p1b: Tasmania|atk|1\n|move|p1b: Tasmania|Fake Out|p2a: Gurdurr\n|-damage|p2a: Gurdurr|94\/100\n|-damage|p1b: Tasmania|82\/100|[from] item: Life Orb\n|move|p1a: Victoria|Shelter|p1a: Victoria\n|-boost|p1a: Victoria|def|2\n|cant|p2a: Gurdurr|flinch\n|\n|upkeep\n|turn|7\n|\n|t:|1699941378\n|switch|p1b: Canberra|Mabosstiff, L50, F|95\/100\n|-ability|p1b: Canberra|Intimidate|boost\n|-unboost|p2a: Gurdurr|atk|1\n|-unboost|p2b: Luxray|atk|1\n|move|p2b: Luxray|Howl|p2b: Luxray|[spread] p2a,p2b\n|-boost|p2a: Gurdurr|atk|1\n|-boost|p2b: Luxray|atk|1\n|move|p1a: Victoria|Acid Spray|p2a: Gurdurr\n|-damage|p2a: Gurdurr|86\/100\n|-unboost|p2a: Gurdurr|spd|2\n|move|p2a: Gurdurr|Drain Punch|p1a: Victoria\n|-supereffective|p1a: Victoria\n|-damage|p1a: Victoria|68\/100\n|-heal|p2a: Gurdurr|99\/100|[from] drain|[of] p1a: Victoria\n|\n|upkeep\n|turn|8\n|\n|t:|1699941414\n|switch|p1b: Tasmania|Toxicroak, L50, F|82\/100\n|-terastallize|p1a: Victoria|Poison\n|move|p2a: Gurdurr|Protect|p2a: Gurdurr\n|-singleturn|p2a: Gurdurr|Protect\n|move|p2b: Luxray|Howl|p2b: Luxray|[spread] p2a,p2b\n|-boost|p2a: Gurdurr|atk|1\n|-boost|p2b: Luxray|atk|1\n|move|p1a: Victoria|Acid Spray|p2a: Gurdurr\n|-activate|p2a: Gurdurr|move: Protect\n|\n|upkeep\n|turn|9\n|\n|t:|1699941474\n|move|p1b: Tasmania|Sludge Bomb|p2a: Gurdurr\n|-damage|p2a: Gurdurr|0 fnt\n|faint|p2a: Gurdurr\n|-damage|p1b: Tasmania|72\/100|[from] item: Life Orb\n|move|p2b: Luxray|Volt Switch|p1a: Victoria\n|-damage|p1a: Victoria|54\/100\n|\n|t:|1699941481\n|switch|p2b: Ludicolo|Ludicolo, L50, F|82\/100|[from] Volt Switch\n|move|p1a: Victoria|Life Dew|p1a: Victoria|[spread] p1a\n|-heal|p1b: Tasmania|97\/100|[from] ability: Dry Skin|[of] p1a: Victoria\n|-heal|p1a: Victoria|79\/100\n|\n|upkeep\n|\n|t:|1699941487\n|switch|p2a: Luxray|Luxray, L50, F|100\/100\n|-ability|p2a: Luxray|Intimidate|boost\n|-unboost|p1a: Victoria|atk|1\n|-unboost|p1b: Tasmania|atk|1\n|turn|10\n|c|\u2606matthewssandslash|whoa\n|c|\u2606NovaSirius|damn that works??\n|\n|t:|1699941519\n|switch|p1b: Canberra|Mabosstiff, L50, F|95\/100\n|-ability|p1b: Canberra|Intimidate|boost\n|-unboost|p2a: Luxray|atk|1\n|-unboost|p2b: Ludicolo|atk|1\n|move|p2b: Ludicolo|Fake Out|p1b: Canberra\n|-damage|p1b: Canberra|89\/100\n|move|p2a: Luxray|Volt Switch|p1a: Victoria\n|-damage|p1a: Victoria|65\/100\n|move|p1a: Victoria|Life Dew|p1a: Victoria|[spread] p1a,p1b\n|-heal|p1a: Victoria|90\/100\n|-heal|p1b: Canberra|100\/100\n|\n|upkeep\n|turn|11\n|c|\u2606matthewssandslash|wait\n|c|\u2606matthewssandslash|do you have no real attack with luxray??\n|c|\u2606NovaSirius|nope lmao\n|\n|t:|1699941551\n|move|p2a: Luxray|Helping Hand|p2b: Ludicolo\n|-singleturn|p2b: Ludicolo|Helping Hand|[of] p2a: Luxray\n|move|p2b: Ludicolo|Focus Blast|p1b: Canberra|[miss]\n|-miss|p2b: Ludicolo|p1b: Canberra\n|move|p1b: Canberra|Taunt|p2a: Luxray\n|-start|p2a: Luxray|move: Taunt\n|move|p1a: Victoria|Acid Spray|p2b: Ludicolo\n|-supereffective|p2b: Ludicolo\n|-damage|p2b: Ludicolo|55\/100\n|-unboost|p2b: Ludicolo|spd|2\n|\n|upkeep\n|turn|12\n|c|\u2606NovaSirius|vswitch howl protect helping hand\n|c|\u2606matthewssandslash|AHHHHHH\n|c|\u2606NovaSirius|oh come ON thats twice :sob:\n|c|\u2606matthewssandslash|sorry\n|c|\u2606matthewssandslash|that's low\n|\n|t:|1699941571\n|move|p2b: Ludicolo|Focus Blast|p1b: Canberra|[miss]\n|-miss|p2b: Ludicolo|p1b: Canberra\n|move|p1b: Canberra|Snarl|p2a: Luxray|[spread] p2a,p2b\n|-damage|p2a: Luxray|94\/100\n|-damage|p2b: Ludicolo|41\/100\n|-unboost|p2a: Luxray|spa|1\n|-unboost|p2b: Ludicolo|spa|1\n|move|p2a: Luxray|Volt Switch|p1b: Canberra\n|-damage|p1b: Canberra|82\/100\n|move|p1a: Victoria|Dragon Pulse|p1b: Canberra\n|-damage|p1b: Canberra|50\/100\n|\n|upkeep\n|turn|13\n|c|\u2606matthewssandslash|lmao\n|c|\u2606NovaSirius|im used to it\n|c|\u2606matthewssandslash|I'm helping\n|\n|t:|1699941593\n|-terastallize|p2a: Luxray|Electric\n|move|p2b: Ludicolo|Surf|p1a: Victoria|[spread] p2a,p1a,p1b\n|-damage|p2a: Luxray|77\/100\n|-damage|p1a: Victoria|78\/100\n|-damage|p1b: Canberra|24\/100\n|move|p1b: Canberra|Taunt|p2b: Ludicolo\n|-start|p2b: Ludicolo|move: Taunt\n|move|p2a: Luxray|Volt Switch|p1b: Canberra\n|-damage|p1b: Canberra|0 fnt\n|faint|p1b: Canberra\n|move|p1a: Victoria|Dragon Pulse|p1: Canberra|[notarget]\n|-fail|p1a: Victoria\n|\n|upkeep\n|\n|t:|1699941605\n|switch|p1b: Tasmania|Toxicroak, L50, F|97\/100\n|turn|14\n|\n|t:|1699941613\n|move|p1b: Tasmania|Sludge Bomb|p2b: Ludicolo\n|-supereffective|p2b: Ludicolo\n|-damage|p2b: Ludicolo|0 fnt\n|faint|p2b: Ludicolo\n|-damage|p1b: Tasmania|87\/100|[from] item: Life Orb\n|move|p2a: Luxray|Volt Switch|p1b: Tasmania\n|-damage|p1b: Tasmania|56\/100\n|move|p1a: Victoria|Acid Spray|p2a: Luxray\n|-damage|p2a: Luxray|59\/100\n|-unboost|p2a: Luxray|spd|2\n|\n|-end|p2a: Luxray|move: Taunt\n|upkeep\n|turn|15\n|c|\u2606matthewssandslash|yeah this was the plan was to sack mabostiff\n|\n|t:|1699941628\n|move|p1b: Tasmania|Sludge Bomb|p2a: Luxray\n|-damage|p2a: Luxray|0 fnt\n|faint|p2a: Luxray\n|-damage|p1b: Tasmania|46\/100|[from] item: Life Orb\n|\n|win|matthewssandslash\n|c|\u2606NovaSirius|ggs lmao\n|c|\u2606matthewssandslash|I was stunned you switched out your +1 luxray\n|c|\u2606matthewssandslash|but yeah with that set, I see it\n|c|\u2606matthewssandslash|ggs\n|l| J4ce\n","uploadtime":1699941643,"views":14,"p1id":"matthewssandslash","p2id":"novasirius","formatid":"gen9vgc2023regulatione","rating":0,"private":0,"password":""}