{"id":"gen9vgc2023regulatione-1997991386","p1":"kn17","p2":"Natrox1998","format":"[Gen 9] VGC 2023 Regulation E","log":"|j|\u2606kn17\n|j|\u2606Natrox1998\n|n|\u2606kn17|kn17\n|n|\u2606Natrox1998|natrox1998\n|html|View the match progress at <a href=\"\/game-bestof3-gen9vgc2023regulatione-1997991385\">game-bestof3-gen9vgc2023regulatione-1997991385<\/a>\n|t:|1700876232\n|gametype|doubles\n|player|p1|kn17|worker|\n|player|p2|Natrox1998|170|\n|teamsize|p1|6\n|teamsize|p2|6\n|gen|9\n|tier|[Gen 9] VGC 2023 Regulation E\n|rule|Species Clause: Limit one of each Pok\u00e9mon\n|rule|Item Clause: Limit one of each item\n|clearpoke\n|poke|p1|Roaring Moon, L50|\n|poke|p1|Amoonguss, L50, F|\n|poke|p1|Landorus-Therian, L50, M|\n|poke|p1|Heatran, L50, F|\n|poke|p1|Iron Hands, L50|\n|poke|p1|Gholdengo, L50|\n|poke|p2|Urshifu-*, L50, F|\n|poke|p2|Gholdengo, L50|\n|poke|p2|Rillaboom, L50, F|\n|poke|p2|Tornadus, L50, M|\n|poke|p2|Arcanine-Hisui, L50, F|\n|poke|p2|Flutter Mane, L50|\n|teampreview|4\nkn17 has agreed to open team sheets.\nNatrox1998 has agreed to open team sheets.\n|showteam|p1|Roaring Moon||BoosterEnergy|Protosynthesis|Acrobatics,KnockOff,DragonDance,Protect||||||50|,,,,,Flying]Amoonguss||RockyHelmet|Regenerator|Spore,RagePowder,PollenPuff,Protect|||F|||50|,,,,,Water]Landorus-Therian||ChoiceScarf|Intimidate|StompingTantrum,TeraBlast,RockSlide,Uturn|||M|||50|,,,,,Flying]Heatran||ShucaBerry|FlashFire|HeatWave,EarthPower,FlashCannon,Protect|||F|||50|,,,,,Fairy]Iron Hands||AssaultVest|QuarkDrive|DrainPunch,WildCharge,HeavySlam,FakeOut||||||50|,,,,,Water]Gholdengo||Leftovers|GoodasGold|NastyPlot,ShadowBall,MakeItRain,Protect||||||50|,,,,,Dragon\n|showteam|p2|Urshifu-Rapid-Strike||MysticWater|UnseenFist|SurgingStrikes,CloseCombat,AquaJet,Protect|||F|||50|,,,,,Water]Gholdengo||Leftovers|GoodasGold|MakeItRain,ShadowBall,NastyPlot,Protect||||||50|,,,,,Dragon]Rillaboom||AssaultVest|GrassySurge|FakeOut,GrassyGlide,WoodHammer,Uturn|||F|||50|,,,,,Fire]Tornadus||CovertCloak|Prankster|Tailwind,RainDance,Taunt,BleakwindStorm|||M|||50|,,,,,Ghost]Arcanine-Hisui||ChoiceBand|Intimidate|RockSlide,FlareBlitz,TeraBlast,ExtremeSpeed|||F|||50|,,,,,Fairy]Flutter Mane||ChoiceSpecs|Protosynthesis|DazzlingGleam,Moonblast,ShadowBall,TeraBlast||||||50|,,,,,Fairy\n|\n|t:|1700876394\n|start\n|switch|p1a: Roaring Moon|Roaring Moon, L50|100\/100\n|switch|p1b: Iron Hands|Iron Hands, L50|100\/100\n|switch|p2a: Funky Kong|Rillaboom, L50, F|100\/100\n|switch|p2b: Lakitus|Tornadus, L50, M|100\/100\n|-fieldstart|move: Grassy Terrain|[from] ability: Grassy Surge|[of] p2a: Funky Kong\n|-enditem|p1a: Roaring Moon|Booster Energy\n|-activate|p1a: Roaring Moon|ability: Protosynthesis|[fromitem]\n|-start|p1a: Roaring Moon|protosynthesisspe\n|turn|1\n|\n|t:|1700876471\n|move|p2a: Funky Kong|Fake Out|p1a: Roaring Moon\n|-crit|p1a: Roaring Moon\n|-damage|p1a: Roaring Moon|73\/100\n|move|p2b: Lakitus|Tailwind|p2b: Lakitus\n|-sidestart|p2: Natrox1998|move: Tailwind\n|cant|p1a: Roaring Moon|flinch\n|move|p1b: Iron Hands|Wild Charge|p2b: Lakitus\n|-supereffective|p2b: Lakitus\n|-damage|p2b: Lakitus|0 fnt\n|faint|p2b: Lakitus\n|-damage|p1b: Iron Hands|81\/100|[from] Recoil\n|\n|-heal|p1a: Roaring Moon|79\/100|[from] Grassy Terrain\n|-heal|p1b: Iron Hands|88\/100|[from] Grassy Terrain\n|upkeep\n|\n|t:|1700876512\n|switch|p2b: Gouken|Urshifu-Rapid-Strike, L50, F|100\/100\n|turn|2\n|\n|t:|1700876543\n|-end|p1b: Iron Hands|Quark Drive|[silent]\n|switch|p1b: Amoonguss|Amoonguss, L50, F|100\/100\n|-terastallize|p2b: Gouken|Water\n|move|p2b: Gouken|Surging Strikes|p1a: Roaring Moon\n|-resisted|p1a: Roaring Moon\n|-crit|p1a: Roaring Moon\n|-damage|p1a: Roaring Moon|56\/100\n|-resisted|p1a: Roaring Moon\n|-crit|p1a: Roaring Moon\n|-damage|p1a: Roaring Moon|32\/100\n|-resisted|p1a: Roaring Moon\n|-crit|p1a: Roaring Moon\n|-damage|p1a: Roaring Moon|9\/100\n|-hitcount|p1a: Roaring Moon|3\n|move|p1a: Roaring Moon|Acrobatics|p2a: Funky Kong\n|-supereffective|p2a: Funky Kong\n|-damage|p2a: Funky Kong|26\/100\n|move|p2a: Funky Kong|Wood Hammer|p1b: Amoonguss\n|-resisted|p1b: Amoonguss\n|-damage|p1b: Amoonguss|84\/100\n|-damage|p2a: Funky Kong|9\/100|[from] item: Rocky Helmet|[of] p1b: Amoonguss\n|-damage|p2a: Funky Kong|3\/100|[from] Recoil\n|\n|-heal|p1a: Roaring Moon|15\/100|[from] Grassy Terrain\n|-heal|p2a: Funky Kong|9\/100|[from] Grassy Terrain\n|-heal|p1b: Amoonguss|90\/100|[from] Grassy Terrain\n|upkeep\n|turn|3\n|\n|t:|1700876584\n|switch|p2a: goldmember|Gholdengo, L50|100\/100\n|move|p2b: Gouken|Protect|p2b: Gouken\n|-singleturn|p2b: Gouken|Protect\n|move|p1b: Amoonguss|Rage Powder|p1b: Amoonguss\n|-singleturn|p1b: Amoonguss|move: Rage Powder\n|move|p1a: Roaring Moon|Dragon Dance|p1a: Roaring Moon\n|-boost|p1a: Roaring Moon|atk|1\n|-boost|p1a: Roaring Moon|spe|1\n|\n|-heal|p1a: Roaring Moon|21\/100|[from] Grassy Terrain\n|-heal|p1b: Amoonguss|95\/100|[from] Grassy Terrain\n|upkeep\n|turn|4\n|\n|t:|1700876638\n|switch|p2a: Funky Kong|Rillaboom, L50, F|9\/100\n|move|p1b: Amoonguss|Rage Powder|p1b: Amoonguss\n|-singleturn|p1b: Amoonguss|move: Rage Powder\n|move|p1a: Roaring Moon|Knock Off|p2a: Funky Kong\n|-damage|p2a: Funky Kong|0 fnt\n|-enditem|p2a: Funky Kong|Assault Vest|[from] move: Knock Off|[of] p1a: Roaring Moon\n|faint|p2a: Funky Kong\n|move|p2b: Gouken|Close Combat|p1b: Amoonguss\n|-resisted|p1b: Amoonguss\n|-damage|p1b: Amoonguss|69\/100\n|-unboost|p2b: Gouken|def|1\n|-unboost|p2b: Gouken|spd|1\n|-damage|p2b: Gouken|84\/100|[from] item: Rocky Helmet|[of] p1b: Amoonguss\n|\n|-heal|p1a: Roaring Moon|27\/100|[from] Grassy Terrain\n|-heal|p2b: Gouken|90\/100|[from] Grassy Terrain\n|-heal|p1b: Amoonguss|75\/100|[from] Grassy Terrain\n|-sideend|p2: Natrox1998|move: Tailwind\n|upkeep\n|\n|t:|1700876655\n|switch|p2a: goldmember|Gholdengo, L50|100\/100\n|turn|5\n|\n|t:|1700876660\n|move|p1b: Amoonguss|Rage Powder|p1b: Amoonguss\n|-singleturn|p1b: Amoonguss|move: Rage Powder\n|move|p1a: Roaring Moon|Knock Off|p2a: goldmember\n|-supereffective|p2a: goldmember\n|-damage|p2a: goldmember|0 fnt\n|-enditem|p2a: goldmember|Leftovers|[from] move: Knock Off|[of] p1a: Roaring Moon\n|faint|p2a: goldmember\n|move|p2b: Gouken|Surging Strikes|p1b: Amoonguss\n|-resisted|p1b: Amoonguss\n|-crit|p1b: Amoonguss\n|-damage|p1b: Amoonguss|61\/100\n|-damage|p2b: Gouken|74\/100|[from] item: Rocky Helmet|[of] p1b: Amoonguss\n|-resisted|p1b: Amoonguss\n|-crit|p1b: Amoonguss\n|-damage|p1b: Amoonguss|48\/100\n|-damage|p2b: Gouken|57\/100|[from] item: Rocky Helmet|[of] p1b: Amoonguss\n|-resisted|p1b: Amoonguss\n|-crit|p1b: Amoonguss\n|-damage|p1b: Amoonguss|34\/100\n|-damage|p2b: Gouken|41\/100|[from] item: Rocky Helmet|[of] p1b: Amoonguss\n|-hitcount|p1b: Amoonguss|3\n|\n|-heal|p1a: Roaring Moon|33\/100|[from] Grassy Terrain\n|-heal|p2b: Gouken|47\/100|[from] Grassy Terrain\n|-heal|p1b: Amoonguss|40\/100|[from] Grassy Terrain\n|-fieldend|move: Grassy Terrain\n|upkeep\n|turn|6\n|\n|t:|1700876688\n|move|p1b: Amoonguss|Rage Powder|p1b: Amoonguss\n|-singleturn|p1b: Amoonguss|move: Rage Powder\n|move|p1a: Roaring Moon|Dragon Dance|p1a: Roaring Moon\n|-boost|p1a: Roaring Moon|atk|1\n|-boost|p1a: Roaring Moon|spe|1\n|move|p2b: Gouken|Surging Strikes|p1b: Amoonguss\n|-resisted|p1b: Amoonguss\n|-crit|p1b: Amoonguss\n|-damage|p1b: Amoonguss|26\/100\n|-damage|p2b: Gouken|31\/100|[from] item: Rocky Helmet|[of] p1b: Amoonguss\n|-resisted|p1b: Amoonguss\n|-crit|p1b: Amoonguss\n|-damage|p1b: Amoonguss|12\/100\n|-damage|p2b: Gouken|14\/100|[from] item: Rocky Helmet|[of] p1b: Amoonguss\n|-resisted|p1b: Amoonguss\n|-crit|p1b: Amoonguss\n|-damage|p1b: Amoonguss|0 fnt\n|-damage|p2b: Gouken|0 fnt|[from] item: Rocky Helmet|[of] p1b: Amoonguss\n|faint|p1b: Amoonguss\n|faint|p2b: Gouken\n|\n|win|kn17\n|-hitcount|p1: Amoonguss|3\n|inactive|kn17 has 50 seconds to confirm battle start!\n|inactive|Natrox1998 has 50 seconds to confirm battle start!\n|c|&|\/uhtml prompt-natrox1998,Natrox1998 is ready for game 2!\n|inactive|kn17 has 40 seconds to confirm battle start!\n|c|&|\/uhtml prompt-kn17,kn17 is ready for game 2!\nBoth players are ready! Starting next match!\n","uploadtime":1700876815,"views":2,"p1id":"kn17","p2id":"natrox1998","formatid":"gen9vgc2023regulatione","rating":0,"private":0,"password":""}