{"id":"gen9vgc2023regulatione-1996381892","p1":"AJB0000","p2":"TheOrthwormJim","format":"[Gen 9] VGC 2023 Regulation E","log":"|j|\u2606AJB0000\n|j|\u2606TheOrthwormJim\n|t:|1700676676\n|gametype|doubles\n|player|p1|AJB0000|1|1147\n|player|p2|TheOrthwormJim|larry|1251\n|teamsize|p1|6\n|teamsize|p2|6\n|gen|9\n|tier|[Gen 9] VGC 2023 Regulation E\n|rated|\n|rule|Species Clause: Limit one of each Pok\u00e9mon\n|rule|Item Clause: Limit one of each item\n|clearpoke\n|poke|p1|Sinistcha, L50|\n|poke|p1|Indeedee-F, L50, F|\n|poke|p1|Sylveon, L50, F|\n|poke|p1|Palafin, L50, M|\n|poke|p1|Iron Hands, L50|\n|poke|p1|Heatran, L50, M|\n|poke|p2|Milotic, L50, F|\n|poke|p2|Urshifu-*, L50, M|\n|poke|p2|Ninetales-Alola, L50, M|\n|poke|p2|Iron Hands, L50|\n|poke|p2|Arcanine-Hisui, L50, M|\n|poke|p2|Iron Bundle, L50|\n|teampreview|4\n|inactive|Battle timer is ON: inactive players will automatically lose when time's up. (requested by TheOrthwormJim)\nAJB0000 has agreed to open team sheets.\nTheOrthwormJim has agreed to open team sheets.\n|inactive|AJB0000 has 30 seconds left.\n|inactive|TheOrthwormJim has 30 seconds left.\n|\n|t:|1700676723\n|start\n|switch|p1a: Indeedee|Indeedee-F, L50, F, shiny|100\/100\n|switch|p1b: Sylveon|Sylveon, L50, F, shiny|100\/100\n|switch|p2a: Ninetales|Ninetales-Alola, L50, M|100\/100\n|switch|p2b: Iron Hands|Iron Hands, L50|100\/100\n|-weather|Snow|[from] ability: Snow Warning|[of] p2a: Ninetales\n|-fieldstart|move: Psychic Terrain|[from] ability: Psychic Surge|[of] p1a: Indeedee\n|turn|1\n|\n|t:|1700676740\n|move|p1b: Sylveon|Protect|p1b: Sylveon\n|-singleturn|p1b: Sylveon|Protect\n|move|p2a: Ninetales|Aurora Veil|p2a: Ninetales\n|-sidestart|p2: TheOrthwormJim|move: Aurora Veil\n|move|p2b: Iron Hands|Stomping Tantrum|p1b: Sylveon\n|-activate|p1b: Sylveon|move: Protect\n|move|p1a: Indeedee|Trick Room|p1a: Indeedee\n|-fieldstart|move: Trick Room|[of] p1a: Indeedee\n|\n|-weather|Snow|[upkeep]\n|upkeep\n|turn|2\n|\n|t:|1700676761\n|move|p1a: Indeedee|Follow Me|p1a: Indeedee\n|-singleturn|p1a: Indeedee|move: Follow Me\n|move|p1b: Sylveon|Hyper Voice|p2b: Iron Hands|[spread] p2a,p2b\n|-supereffective|p2b: Iron Hands\n|-damage|p2a: Ninetales|65\/100\n|-damage|p2b: Iron Hands|66\/100\n|move|p2b: Iron Hands|Heavy Slam|p1a: Indeedee\n|-damage|p1a: Indeedee|52\/100\n|-damage|p2b: Iron Hands|49\/100|[from] item: Rocky Helmet|[of] p1a: Indeedee\n|move|p2a: Ninetales|Blizzard|p1b: Sylveon|[spread] p1a,p1b\n|-damage|p1a: Indeedee|21\/100\n|-damage|p1b: Sylveon|78\/100\n|\n|-weather|Snow|[upkeep]\n|upkeep\n|turn|3\n|\n|t:|1700676779\n|-end|p2b: Iron Hands|Quark Drive|[silent]\n|switch|p2b: Iron Bundle|Iron Bundle, L50|100\/100\n|-enditem|p2b: Iron Bundle|Booster Energy\n|-activate|p2b: Iron Bundle|ability: Quark Drive|[fromitem]\n|-start|p2b: Iron Bundle|quarkdrivespe\n|move|p1a: Indeedee|Follow Me|p1a: Indeedee\n|-singleturn|p1a: Indeedee|move: Follow Me\n|move|p1b: Sylveon|Hyper Voice|p2a: Ninetales|[spread] p2a,p2b\n|-damage|p2a: Ninetales|22\/100\n|-damage|p2b: Iron Bundle|55\/100\n|move|p2a: Ninetales|Blizzard|p1a: Indeedee|[spread] p1a,p1b\n|-crit|p1b: Sylveon\n|-damage|p1a: Indeedee|0 fnt\n|-damage|p1b: Sylveon|44\/100\n|faint|p1a: Indeedee\n|\n|-weather|Snow|[upkeep]\n|upkeep\n|\n|t:|1700676795\n|switch|p1a: Nessie|Heatran, L50, M|100\/100\n|turn|4\n|\n|t:|1700676804\n|move|p2a: Ninetales|Protect|p2a: Ninetales\n|-singleturn|p2a: Ninetales|Protect\n|move|p1b: Sylveon|Hyper Voice|p2a: Ninetales|[spread] p2b\n|-activate|p2a: Ninetales|move: Protect\n|-damage|p2b: Iron Bundle|7\/100\n|move|p1a: Nessie|Heat Wave|p2a: Ninetales|[spread] p2b\n|-activate|p2a: Ninetales|move: Protect\n|-damage|p2b: Iron Bundle|0 fnt\n|faint|p2b: Iron Bundle\n|-end|p2b: Iron Bundle|Quark Drive|[silent]\n|\n|-weather|Snow|[upkeep]\n|upkeep\n|\n|t:|1700676818\n|switch|p2b: Iron Hands|Iron Hands, L50|49\/100\n|turn|5\n|\n|t:|1700676827\n|-terastallize|p2b: Iron Hands|Fire\n|move|p2a: Ninetales|Protect|p2a: Ninetales\n|-singleturn|p2a: Ninetales|Protect\n|move|p1b: Sylveon|Hyper Voice|p2a: Ninetales|[spread] p2b\n|-activate|p2a: Ninetales|move: Protect\n|-resisted|p2b: Iron Hands\n|-damage|p2b: Iron Hands|41\/100\n|move|p2b: Iron Hands|Heavy Slam|p1b: Sylveon\n|-supereffective|p1b: Sylveon\n|-damage|p1b: Sylveon|0 fnt\n|faint|p1b: Sylveon\n|move|p1a: Nessie|Heat Wave|p2a: Ninetales|[spread] p2b\n|-activate|p2a: Ninetales|move: Protect\n|-resisted|p2b: Iron Hands\n|-damage|p2b: Iron Hands|33\/100\n|\n|-weather|none\n|-fieldend|move: Trick Room\n|-fieldend|move: Psychic Terrain\n|upkeep\n|c|\u2606AJB0000|Nice double protect\n|\n|t:|1700676843\n|switch|p1b: Sinistcha|Sinistcha, L50, shiny|100\/100\n|turn|6\n|c|\u2606TheOrthwormJim|Thanks\n|inactive|AJB0000 has 30 seconds left.\n|inactive|AJB0000 has 20 seconds left.\n|\n|t:|1700676880\n|move|p1a: Nessie|Protect|p1a: Nessie\n|-singleturn|p1a: Nessie|Protect\n|move|p2a: Ninetales|Freeze-Dry|p1b: Sinistcha\n|-supereffective|p1b: Sinistcha\n|-damage|p1b: Sinistcha|29\/100\n|move|p2b: Iron Hands|Stomping Tantrum|p1a: Nessie\n|-activate|p1a: Nessie|move: Protect\n|move|p1b: Sinistcha|Trick Room|p1b: Sinistcha\n|-fieldstart|move: Trick Room|[of] p1b: Sinistcha\n|\n|-heal|p1b: Sinistcha|35\/100|[from] item: Leftovers\n|upkeep\n|turn|7\n|\n|t:|1700676898\n|-terastallize|p1a: Nessie|Flying\n|move|p2b: Iron Hands|Stomping Tantrum|p1a: Nessie\n|-immune|p1a: Nessie\n|move|p1b: Sinistcha|Shadow Ball|p2a: Ninetales\n|-damage|p2a: Ninetales|0 fnt\n|faint|p2a: Ninetales\n|move|p1a: Nessie|Earth Power|p2b: Iron Hands\n|-supereffective|p2b: Iron Hands\n|-damage|p2b: Iron Hands|10\/100\n|\n|-heal|p1b: Sinistcha|41\/100|[from] item: Leftovers\n|upkeep\n|\n|t:|1700676911\n|switch|p2a: Urshifu|Urshifu, L50, M|100\/100\n|turn|8\n|\n|t:|1700676925\n|move|p1b: Sinistcha|Rage Powder|p1b: Sinistcha\n|-singleturn|p1b: Sinistcha|move: Rage Powder\n|move|p2b: Iron Hands|Heavy Slam|p1b: Sinistcha\n|-damage|p1b: Sinistcha|0 fnt\n|faint|p1b: Sinistcha\n|move|p1a: Nessie|Heat Wave|p2b: Iron Hands|[spread] p2a,p2b\n|-resisted|p2b: Iron Hands\n|-damage|p2a: Urshifu|55\/100\n|-damage|p2b: Iron Hands|3\/100\n|-status|p2a: Urshifu|brn\n|move|p2a: Urshifu|Wicked Blow|p1a: Nessie\n|-crit|p1a: Nessie\n|-damage|p1a: Nessie|71\/100\n|\n|-damage|p2a: Urshifu|50\/100 brn|[from] brn\n|-sideend|p2: TheOrthwormJim|move: Aurora Veil\n|upkeep\n|turn|9\n|\n|t:|1700676941\n|move|p2b: Iron Hands|Heavy Slam|p1a: Nessie\n|-damage|p1a: Nessie|59\/100\n|move|p1a: Nessie|Heat Wave|p2b: Iron Hands|[spread] p2a,p2b\n|-crit|p2a: Urshifu\n|-resisted|p2b: Iron Hands\n|-damage|p2a: Urshifu|0 fnt\n|-damage|p2b: Iron Hands|0 fnt\n|faint|p2a: Urshifu\n|faint|p2b: Iron Hands\n|-end|p2b: Iron Hands|Quark Drive|[silent]\n|\n|win|AJB0000\n|raw|AJB0000's rating: 1147 &rarr; <strong>1179<\/strong><br \/>(+32 for winning)\n|raw|TheOrthwormJim's rating: 1251 &rarr; <strong>1219<\/strong><br \/>(-32 for losing)\n|c|\u2606TheOrthwormJim|ggwp\n|c|\u2606AJB0000|gg\n|l|\u2606TheOrthwormJim\n","uploadtime":1700676969,"views":22,"p1id":"ajb0000","p2id":"theorthwormjim","formatid":"gen9vgc2023regulatione","rating":1179,"private":0,"password":""}