{"id":"gen9vgc2023regulatione-1999949343","p1":"Matcha Man Savage","p2":"Pastor\/Sinner","format":"[Gen 9] VGC 2023 Regulation E","log":"|j|\u2606Matcha Man Savage\n|j|\u2606Pastor\/Sinner\n|n|\u2606Matcha Man Savage|matchamansavage\n|n|\u2606Pastor\/Sinner|pastorsinner\n|html|View the match progress at <a href=\"\/game-bestof3-gen9vgc2023regulatione-1999947235\">game-bestof3-gen9vgc2023regulatione-1999947235<\/a>\n|t:|1701133543\n|gametype|doubles\n|player|p1|Matcha Man Savage|pokemaniac|\n|player|p2|Pastor\/Sinner|gambler|\n|teamsize|p1|6\n|teamsize|p2|6\n|gen|9\n|tier|[Gen 9] VGC 2023 Regulation E\n|rule|Species Clause: Limit one of each Pok\u00e9mon\n|rule|Item Clause: Limit one of each item\n|clearpoke\n|poke|p1|Baxcalibur, L50, M|\n|poke|p1|Landorus-Therian, L50, M|\n|poke|p1|Scream Tail, L50|\n|poke|p1|Ninetales-Alola, L50, F|\n|poke|p1|Gholdengo, L50|\n|poke|p1|Iron Hands, L50|\n|poke|p2|Sableye, L50, F|\n|poke|p2|Iron Bundle, L50|\n|poke|p2|Chi-Yu, L50|\n|poke|p2|Farigiraf, L50, M|\n|poke|p2|Thundurus-Therian, L50, M|\n|poke|p2|Tinkaton, L50, F|\n|teampreview|4\n|inactive|Battle timer is ON: inactive players will automatically lose when time's up. (requested by Matcha Man Savage)\n|\n|t:|1701133569\n|start\n|switch|p1a: Mr Strings|Gholdengo, L50|100\/100\n|switch|p1b: Dairy Queen|Ninetales-Alola, L50, F|100\/100\n|switch|p2a: Lothric|Iron Bundle, L50, shiny|100\/100\n|switch|p2b: Chi-Yu|Chi-Yu, L50|100\/100\n|-weather|Snow|[from] ability: Snow Warning|[of] p1b: Dairy Queen\n|-ability|p2b: Chi-Yu|Beads of Ruin\n|-enditem|p2a: Lothric|Booster Energy\n|-activate|p2a: Lothric|ability: Quark Drive|[fromitem]\n|-start|p2a: Lothric|quarkdrivespe\n|turn|1\n|\n|t:|1701133588\n|-terastallize|p2b: Chi-Yu|Ghost\n|move|p1a: Mr Strings|Protect|p1a: Mr Strings\n|-singleturn|p1a: Mr Strings|Protect\n|move|p2a: Lothric|Icy Wind|p1a: Mr Strings|[spread] p1b\n|-activate|p1a: Mr Strings|move: Protect\n|-resisted|p1b: Dairy Queen\n|-damage|p1b: Dairy Queen|86\/100\n|move|p1b: Dairy Queen|Aurora Veil|p1b: Dairy Queen\n|-sidestart|p1: Matcha Man Savage|move: Aurora Veil\n|move|p2b: Chi-Yu|Snarl|p1a: Mr Strings|[spread] p1b\n|-activate|p1a: Mr Strings|move: Protect\n|-resisted|p1b: Dairy Queen\n|-damage|p1b: Dairy Queen|73\/100\n|-damage|p2b: Chi-Yu|91\/100|[from] item: Life Orb\n|\n|-weather|Snow|[upkeep]\n|upkeep\n|turn|2\n|inactive|Matcha Man Savage has 30 seconds left.\n|\n|t:|1701133615\n|move|p2a: Lothric|Icy Wind|p1a: Mr Strings|[spread] p1a,p1b\n|-resisted|p1a: Mr Strings\n|-resisted|p1b: Dairy Queen\n|-damage|p1a: Mr Strings|92\/100\n|-damage|p1b: Dairy Queen|64\/100\n|-unboost|p1a: Mr Strings|spe|1\n|move|p1b: Dairy Queen|Icy Wind|p2a: Lothric|[spread] p2a,p2b\n|-resisted|p2a: Lothric\n|-damage|p2a: Lothric|94\/100\n|-damage|p2b: Chi-Yu|79\/100\n|-unboost|p2a: Lothric|spe|1\n|-unboost|p2b: Chi-Yu|spe|1\n|move|p2b: Chi-Yu|Snarl|p1b: Dairy Queen|[spread] p1a,p1b\n|-supereffective|p1a: Mr Strings\n|-resisted|p1b: Dairy Queen\n|-damage|p1a: Mr Strings|32\/100\n|-damage|p1b: Dairy Queen|51\/100\n|-unboost|p1a: Mr Strings|spa|1\n|-damage|p2b: Chi-Yu|70\/100|[from] item: Life Orb\n|move|p1a: Mr Strings|Nasty Plot|p1a: Mr Strings\n|-boost|p1a: Mr Strings|spa|2\n|\n|-weather|Snow|[upkeep]\n|upkeep\n|turn|3\n|\n|t:|1701133640\n|move|p1a: Mr Strings|Protect|p1a: Mr Strings\n|-singleturn|p1a: Mr Strings|Protect\n|move|p2a: Lothric|Icy Wind|p1a: Mr Strings|[spread] p1b\n|-activate|p1a: Mr Strings|move: Protect\n|-resisted|p1b: Dairy Queen\n|-damage|p1b: Dairy Queen|43\/100\n|move|p1b: Dairy Queen|Icy Wind|p2a: Lothric|[spread] p2a,p2b\n|-resisted|p2a: Lothric\n|-damage|p2a: Lothric|87\/100\n|-damage|p2b: Chi-Yu|57\/100\n|-unboost|p2a: Lothric|spe|1\n|-unboost|p2b: Chi-Yu|spe|1\n|move|p2b: Chi-Yu|Heat Wave|p1a: Mr Strings|[spread] p1b\n|-activate|p1a: Mr Strings|move: Protect\n|-supereffective|p1b: Dairy Queen\n|-damage|p1b: Dairy Queen|0 fnt\n|faint|p1b: Dairy Queen\n|-damage|p2b: Chi-Yu|47\/100|[from] item: Life Orb\n|\n|-weather|Snow|[upkeep]\n|upkeep\n|\n|t:|1701133656\n|switch|p1b: Run!IsGozila!|Baxcalibur, L50, M|100\/100\n|turn|4\n|\n|t:|1701133664\n|move|p2a: Lothric|Icy Wind|p1b: Run!IsGozila!|[spread] p1a,p1b\n|-resisted|p1a: Mr Strings\n|-damage|p1a: Mr Strings|22\/100\n|-damage|p1b: Run!IsGozila!|85\/100\n|-unboost|p1a: Mr Strings|spe|1\n|move|p1b: Run!IsGozila!|Swords Dance|p1b: Run!IsGozila!\n|-boost|p1b: Run!IsGozila!|atk|2\n|move|p2b: Chi-Yu|Heat Wave|p1b: Run!IsGozila!|[spread] p1a,p1b\n|-supereffective|p1a: Mr Strings\n|-damage|p1a: Mr Strings|0 fnt\n|-damage|p1b: Run!IsGozila!|49\/100\n|-ability|p1b: Run!IsGozila!|Thermal Exchange|boost\n|-boost|p1b: Run!IsGozila!|atk|1\n|faint|p1a: Mr Strings\n|-damage|p2b: Chi-Yu|38\/100|[from] item: Life Orb\n|\n|-weather|Snow|[upkeep]\n|upkeep\n|\n|t:|1701133677\n|switch|p1a: YU LION|Landorus-Therian, L50, M, shiny|100\/100\n|-ability|p1a: YU LION|Intimidate|boost\n|-unboost|p2a: Lothric|atk|1\n|-unboost|p2b: Chi-Yu|atk|1\n|turn|5\n|\n|t:|1701133693\n|-terastallize|p1b: Run!IsGozila!|Fairy\n|move|p1b: Run!IsGozila!|Ice Shard|p2b: Chi-Yu\n|-crit|p2b: Chi-Yu\n|-damage|p2b: Chi-Yu|0 fnt\n|faint|p2b: Chi-Yu\n|move|p1a: YU LION|Rock Slide|p2a: Lothric\n|-supereffective|p2a: Lothric\n|-damage|p2a: Lothric|47\/100\n|move|p2a: Lothric|Encore|p1b: Run!IsGozila!\n|-start|p1b: Run!IsGozila!|Encore\n|\n|-weather|none\n|-sideend|p1: Matcha Man Savage|move: Aurora Veil\n|upkeep\n|\n|t:|1701133704\n|switch|p2b: Watch Me|Sableye, L50, F|100\/100\n|turn|6\n|\n|t:|1701133713\n|move|p1b: Run!IsGozila!|Ice Shard|p2b: Watch Me\n|-damage|p2b: Watch Me|32\/100\n|move|p2b: Watch Me|Will-O-Wisp|p1a: YU LION\n|-status|p1a: YU LION|brn\n|move|p1a: YU LION|Rock Slide|p2a: Lothric|[spread] p2a,p2b\n|-supereffective|p2a: Lothric\n|-damage|p2a: Lothric|23\/100\n|-damage|p2b: Watch Me|17\/100\n|move|p2a: Lothric|Freeze-Dry|p1b: Run!IsGozila!\n|-damage|p1b: Run!IsGozila!|23\/100\n|\n|-damage|p1a: YU LION|94\/100 brn|[from] brn\n|upkeep\n|turn|7\n|\n|t:|1701133735\n|move|p1b: Run!IsGozila!|Ice Shard|p2a: Lothric\n|-resisted|p2a: Lothric\n|-damage|p2a: Lothric|8\/100\n|move|p2b: Watch Me|Gravity|p2b: Watch Me\n|-fieldstart|move: Gravity\n|move|p1a: YU LION|Rock Slide|p2b: Watch Me|[spread] p2a,p2b\n|-supereffective|p2a: Lothric\n|-damage|p2a: Lothric|0 fnt\n|-damage|p2b: Watch Me|3\/100\n|faint|p2a: Lothric\n|-end|p2a: Lothric|Quark Drive|[silent]\n|\n|-damage|p1a: YU LION|88\/100 brn|[from] brn\n|upkeep\n|\n|t:|1701133744\n|switch|p2a: Thundurus|Thundurus-Therian, L50, M|100\/100\n|turn|8\n|\n|t:|1701133751\n|move|p1b: Run!IsGozila!|Ice Shard|p2a: Thundurus\n|-supereffective|p2a: Thundurus\n|-damage|p2a: Thundurus|0 fnt\n|faint|p2a: Thundurus\n|move|p1a: YU LION|Rock Slide|p2b: Watch Me\n|-damage|p2b: Watch Me|0 fnt\n|faint|p2b: Watch Me\n|\n|win|Matcha Man Savage\n","uploadtime":1701133760,"views":15,"p1id":"matchamansavage","p2id":"pastorsinner","formatid":"gen9vgc2023regulatione","rating":0,"private":0,"password":""}