{"id":"gen9vgc2023regulatione-1993697771","p1":"Applejacks15","p2":"NovaSirius","format":"[Gen 9] VGC 2023 Regulation E","log":"|j|\u2606Applejacks15\n|j|\u203dNovaSirius\n|n|\u2606Applejacks15|applejacks15\n|n|\u203dNovaSirius|novasirius\n|html|View the match progress at <a href=\"\/game-bestof3-gen9vgc2023regulatione-1993697770\">game-bestof3-gen9vgc2023regulatione-1993697770<\/a>\n|t:|1700346766\n|gametype|doubles\n|player|p1|Applejacks15|supernerd|\n|player|p2|NovaSirius|clair|\n|teamsize|p1|6\n|teamsize|p2|6\n|gen|9\n|tier|[Gen 9] VGC 2023 Regulation E\n|rule|Species Clause: Limit one of each Pok\u00e9mon\n|rule|Item Clause: Limit one of each item\n|clearpoke\n|poke|p1|Slowking-Galar, L50, F|\n|poke|p1|Ninetales-Alola, L50, M|\n|poke|p1|Volcarona, L50, M|\n|poke|p1|Ambipom, L50, M|\n|poke|p1|Baxcalibur, L50, F|\n|poke|p1|Oricorio-Sensu, L50, M|\n|poke|p2|Iron Bundle, L50|\n|poke|p2|Munkidori, L50, M|\n|poke|p2|Mabosstiff, L50, M|\n|poke|p2|Amoonguss, L50, F|\n|poke|p2|Iron Valiant, L50|\n|poke|p2|Pincurchin, L50, F|\n|teampreview|4\n|c|\u2606Applejacks15|heyo glhf!\n|\n|t:|1700346872\n|start\n|switch|p1a: Ambipambibom|Ambipom, L50, M|100\/100\n|switch|p1b: Slokolowking|Slowking-Galar, L50, F|100\/100\n|switch|p2a: Munkidori|Munkidori, L50, M|100\/100\n|switch|p2b: Mabosstiff|Mabosstiff, L50, M|100\/100\n|-ability|p2b: Mabosstiff|Intimidate|boost\n|-unboost|p1a: Ambipambibom|atk|1\n|-unboost|p1b: Slokolowking|atk|1\n|-item|p1a: Ambipambibom|Focus Sash|[from] ability: Frisk|[of] p2a: Munkidori|[identify]\n|-item|p1b: Slokolowking|Safety Goggles|[from] ability: Frisk|[of] p2a: Munkidori|[identify]\n|turn|1\n|j| Memes4.0\n|\n|t:|1700346934\n|move|p1a: Ambipambibom|Fake Out|p2b: Mabosstiff\n|-damage|p2b: Mabosstiff|83\/100\n|cant|p2b: Mabosstiff|flinch\n|move|p2a: Munkidori|Taunt|p1b: Slokolowking\n|-start|p1b: Slokolowking|move: Taunt\n|cant|p1b: Slokolowking|move: Taunt|Trick Room\n|\n|upkeep\n|turn|2\n|\n|t:|1700346976\n|switch|p1b: Baxcalaxcabalibur|Baxcalibur, L50, F|100\/100\n|move|p1a: Ambipambibom|Last Resort|p2a: Munkidori\n|-damage|p2a: Munkidori|51\/100\n|move|p2b: Mabosstiff|Crunch|p1b: Baxcalaxcabalibur\n|-damage|p1b: Baxcalaxcabalibur|64\/100\n|move|p2a: Munkidori|Parting Shot|p1b: Baxcalaxcabalibur\n|-fail|p1b: Baxcalaxcabalibur|unboost|[from] item: Clear Amulet|[of] p1b: Baxcalaxcabalibur\n|\n|upkeep\n|turn|3\n|\n|t:|1700347007\n|move|p1b: Baxcalaxcabalibur|Ice Shard|p2a: Munkidori\n|-damage|p2a: Munkidori|24\/100\n|move|p1a: Ambipambibom|Last Resort|p2a: Munkidori\n|-damage|p2a: Munkidori|0 fnt\n|faint|p2a: Munkidori\n|move|p2b: Mabosstiff|Play Rough|p1b: Baxcalaxcabalibur\n|-supereffective|p1b: Baxcalaxcabalibur\n|-damage|p1b: Baxcalaxcabalibur|11\/100\n|\n|upkeep\n|\n|t:|1700347022\n|switch|p2a: Iron Bundle|Iron Bundle, L50|100\/100\n|turn|4\n|\n|t:|1700347049\n|switch|p1a: Slokolowking|Slowking-Galar, L50, F|100\/100\n|switch|p2b: Pincurchin|Pincurchin, L50, F|100\/100\n|-fieldstart|move: Electric Terrain|[from] ability: Electric Surge|[of] p2b: Pincurchin\n|-activate|p2a: Iron Bundle|ability: Quark Drive\n|-start|p2a: Iron Bundle|quarkdrivespe\n|switch|p1b: Volcarocalorona|Volcarona, L50, M|100\/100\n|move|p2a: Iron Bundle|Blizzard|p1a: Slokolowking|[spread] p1a\n|-miss|p2a: Iron Bundle|p1b: Volcarocalorona\n|-damage|p1a: Slokolowking|69\/100\n|\n|upkeep\n|turn|5\n|\n|t:|1700347079\n|-terastallize|p2a: Iron Bundle|Water\n|move|p1b: Volcarocalorona|Protect|p1b: Volcarocalorona\n|-singleturn|p1b: Volcarocalorona|Protect\n|move|p2a: Iron Bundle|Hydro Pump|p1b: Volcarocalorona\n|-activate|p1b: Volcarocalorona|move: Protect\n|move|p2b: Pincurchin|Zing Zap|p1a: Slokolowking\n|-damage|p1a: Slokolowking|43\/100\n|move|p1a: Slokolowking|Trick Room|p1a: Slokolowking\n|-fieldstart|move: Trick Room|[of] p1a: Slokolowking\n|\n|upkeep\n|turn|6\n|\n|t:|1700347114\n|-terastallize|p1b: Volcarocalorona|Grass\n|move|p2a: Iron Bundle|Protect|p2a: Iron Bundle\n|-singleturn|p2a: Iron Bundle|Protect\n|move|p1a: Slokolowking|Psychic|p2a: Iron Bundle\n|-activate|p2a: Iron Bundle|move: Protect\n|move|p2b: Pincurchin|Liquidation|p1b: Volcarocalorona\n|-resisted|p1b: Volcarocalorona\n|-damage|p1b: Volcarocalorona|87\/100\n|-unboost|p1b: Volcarocalorona|def|1\n|move|p1b: Volcarocalorona|Giga Drain|p2a: Iron Bundle\n|-activate|p2a: Iron Bundle|move: Protect\n|\n|upkeep\n|turn|7\n|\n|t:|1700347142\n|-end|p2a: Iron Bundle|Quark Drive|[silent]\n|switch|p2a: Mabosstiff|Mabosstiff, L50, M|83\/100\n|-ability|p2a: Mabosstiff|Intimidate|boost\n|-unboost|p1a: Slokolowking|atk|1\n|-unboost|p1b: Volcarocalorona|atk|1\n|move|p1a: Slokolowking|Chilly Reception|p1a: Slokolowking\n|-weather|Snow\n|\n|t:|1700347149\n|switch|p1a: Baxcalaxcabalibur|Baxcalibur, L50, F|11\/100|[from] Chilly Reception\n|move|p2b: Pincurchin|Zing Zap|p1a: Baxcalaxcabalibur\n|-resisted|p1a: Baxcalaxcabalibur\n|-damage|p1a: Baxcalaxcabalibur|0 fnt\n|faint|p1a: Baxcalaxcabalibur\n|move|p1b: Volcarocalorona|Giga Drain|p2a: Mabosstiff\n|-damage|p2a: Mabosstiff|48\/100\n|-heal|p1b: Volcarocalorona|100\/100|[from] drain|[of] p2a: Mabosstiff\n|\n|-weather|Snow|[upkeep]\n|upkeep\n|\n|t:|1700347163\n|switch|p1a: Slokolowking|Slowking-Galar, L50, F|76\/100\n|turn|8\n|\n|t:|1700347176\n|move|p1a: Slokolowking|Ice Beam|p2a: Mabosstiff\n|-damage|p2a: Mabosstiff|30\/100\n|move|p2b: Pincurchin|Thunder Wave|p1b: Volcarocalorona\n|-status|p1b: Volcarocalorona|par\n|move|p1b: Volcarocalorona|Fiery Dance|p2a: Mabosstiff\n|-damage|p2a: Mabosstiff|0 fnt\n|-boost|p1b: Volcarocalorona|spa|1\n|faint|p2a: Mabosstiff\n|\n|-weather|Snow|[upkeep]\n|-fieldend|move: Electric Terrain\n|upkeep\n|\n|t:|1700347187\n|switch|p2a: Iron Bundle|Iron Bundle, L50, tera:Water|100\/100\n|turn|9\n|\n|t:|1700347225\n|switch|p1a: Ambipambibom|Ambipom, L50, M|100\/100\n|move|p2a: Iron Bundle|Protect|p2a: Iron Bundle\n|-singleturn|p2a: Iron Bundle|Protect\n|move|p2b: Pincurchin|Thunder Wave|p1a: Ambipambibom\n|-status|p1a: Ambipambibom|par\n|move|p1b: Volcarocalorona|Tailwind|p1b: Volcarocalorona\n|-sidestart|p1: Applejacks15|move: Tailwind\n|\n|-weather|Snow|[upkeep]\n|-fieldend|move: Trick Room\n|upkeep\n|turn|10\n|\n|t:|1700347240\n|cant|p1a: Ambipambibom|par\n|move|p2a: Iron Bundle|Blizzard|p1b: Volcarocalorona|[spread] p1a,p1b\n|-supereffective|p1b: Volcarocalorona\n|-damage|p1a: Ambipambibom|35\/100 par\n|-damage|p1b: Volcarocalorona|25\/100 par\n|move|p1b: Volcarocalorona|Giga Drain|p2a: Iron Bundle\n|-supereffective|p2a: Iron Bundle\n|-damage|p2a: Iron Bundle|0 fnt\n|-heal|p1b: Volcarocalorona|67\/100 par|[from] drain|[of] p2a: Iron Bundle\n|faint|p2a: Iron Bundle\n|-end|p2a: Iron Bundle|Quark Drive|[silent]\n|move|p2b: Pincurchin|Zing Zap|p1b: Volcarocalorona\n|-resisted|p1b: Volcarocalorona\n|-damage|p1b: Volcarocalorona|41\/100 par\n|\n|-weather|Snow|[upkeep]\n|upkeep\n|turn|11\n|\n|t:|1700347261\n|switch|p1a: Slokolowking|Slowking-Galar, L50, F|100\/100\n|cant|p1b: Volcarocalorona|par\n|move|p2b: Pincurchin|Zing Zap|p1b: Volcarocalorona\n|-resisted|p1b: Volcarocalorona\n|-crit|p1b: Volcarocalorona\n|-damage|p1b: Volcarocalorona|0 fnt\n|faint|p1b: Volcarocalorona\n|\n|-weather|none\n|upkeep\n|\n|t:|1700347269\n|switch|p1b: Ambipambibom|Ambipom, L50, M|35\/100 par\n|turn|12\n|\n|t:|1700347276\n|move|p1b: Ambipambibom|Fake Out|p2b: Pincurchin\n|-damage|p2b: Pincurchin|77\/100\n|move|p1a: Slokolowking|Psychic|p2b: Pincurchin\n|-damage|p2b: Pincurchin|31\/100\n|cant|p2b: Pincurchin|flinch\n|\n|-sideend|p1: Applejacks15|move: Tailwind\n|upkeep\n|turn|13\n|\n|t:|1700347285\n|move|p1b: Ambipambibom|Last Resort|p2b: Pincurchin\n|-damage|p2b: Pincurchin|0 fnt\n|faint|p2b: Pincurchin\n|\n|win|Applejacks15\n|c|&|\/uhtml prompt-novasirius,NovaSirius is ready for game 2!\n|c|\u2606Applejacks15|gg!\n|c|&|\/uhtml prompt-applejacks15,Applejacks15 is ready for game 2!\nBoth players are ready! Starting next match!\n","uploadtime":1700347301,"views":38,"p1id":"applejacks15","p2id":"novasirius","formatid":"gen9vgc2023regulatione","rating":0,"private":0,"password":""}