{"id":"gen9vgc2023regulatione-1995109961","p1":"kennymaker64","p2":"quarters_ou","format":"[Gen 9] VGC 2023 Regulation E","log":"|j|\u2606kennymaker64\n|j|\u2606quarters_ou\n|n|\u2606kennymaker64|kennymaker64\n|n|\u2606quarters_ou|quartersou\n|html|View the match progress at <a href=\"\/game-bestof3-gen9vgc2023regulatione-1995105301\">game-bestof3-gen9vgc2023regulatione-1995105301<\/a>\n|t:|1700523635\n|gametype|doubles\n|player|p1|kennymaker64|169|\n|player|p2|quarters_ou|1|\n|teamsize|p1|6\n|teamsize|p2|6\n|gen|9\n|tier|[Gen 9] VGC 2023 Regulation E\n|rule|Species Clause: Limit one of each Pok\u00e9mon\n|rule|Item Clause: Limit one of each item\n|clearpoke\n|poke|p1|Sinistcha-Masterpiece, L50|\n|poke|p1|Torkoal, L50, F|\n|poke|p1|Slowking-Galar, L50, M|\n|poke|p1|Iron Hands, L50|\n|poke|p1|Grimmsnarl, L50, M|\n|poke|p1|Ursaluna-Bloodmoon, L50, M|\n|poke|p2|Moltres-Galar, L50|\n|poke|p2|Sinistcha-Masterpiece, L50|\n|poke|p2|Ninetales-Alola, L50, F|\n|poke|p2|Landorus-Therian, L50, M|\n|poke|p2|Iron Hands, L50|\n|poke|p2|Heatran, L50, F|\n|teampreview|4\nquarters_ou has agreed to open team sheets.\nkennymaker64 has agreed to open team sheets.\n|showteam|p1|Sinistcha-Masterpiece||SitrusBerry|Hospitality|MatchaGotcha,StrengthSap,TrickRoom,CalmMind||||||50|,,,,,Fairy]Torkoal||Charcoal|Drought|Eruption,SolarBeam,EarthPower,Protect|||F|||50|,,,,,Fire]Slowking-Galar||CovertCloak|OwnTempo|TrickRoom,SludgeBomb,Psychic,SlackOff|||M|||50|,,,,,Fairy]Iron Hands||AssaultVest|QuarkDrive|FakeOut,WildCharge,DrainPunch,HeavySlam||||||50|,,,,,Fire]Grimmsnarl||LightClay|Prankster|FoulPlay,Imprison,LightScreen,Taunt|||M|||50|,,,,,Dark]Ursaluna-Bloodmoon||LifeOrb|MindsEye|BloodMoon,EarthPower,Protect,CalmMind|||M|||50|,,,,,Normal\n|showteam|p2|Moltres-Galar||SitrusBerry|Berserk|FieryWrath,AirSlash,NastyPlot,Protect||||||50|,,,,,Poison]Sinistcha-Masterpiece||RockyHelmet|Hospitality|MatchaGotcha,RagePowder,StrengthSap,TrickRoom||||||50|,,,,,Water]Ninetales-Alola||LightClay|SnowWarning|Moonblast,Blizzard,AuroraVeil,Protect|||F|||50|,,,,,Water]Landorus-Therian||ChoiceScarf|Intimidate|StompingTantrum,RockSlide,Uturn,TeraBlast|||M|||50|,,,,,Flying]Iron Hands||AssaultVest|QuarkDrive|FakeOut,WildCharge,DrainPunch,HeavySlam||||||50|,,,,,Water]Heatran||Leftovers|FlashFire|HeatWave,EarthPower,TeraBlast,Protect|||F|||50|,,,,,Grass\n|\n|t:|1700523857\n|start\n|switch|p1a: Will Smith|Iron Hands, L50|100\/100\n|switch|p1b: Brainwash|Slowking-Galar, L50, M|100\/100\n|switch|p2a: Ninetales|Ninetales-Alola, L50, F|100\/100\n|switch|p2b: Landorus|Landorus-Therian, L50, M|100\/100\n|-ability|p2b: Landorus|Intimidate|boost\n|-unboost|p1a: Will Smith|atk|1\n|-fail|p1b: Brainwash|unboost|Attack|[from] ability: Own Tempo|[of] p1b: Brainwash\n|-weather|Snow|[from] ability: Snow Warning|[of] p2a: Ninetales\n|turn|1\n|\n|t:|1700523919\n|switch|p2b: Sinistcha|Sinistcha-Masterpiece, L50|100\/100\n|-terastallize|p1b: Brainwash|Fairy\n|move|p1a: Will Smith|Fake Out|p2a: Ninetales\n|-damage|p2a: Ninetales|93\/100\n|cant|p2a: Ninetales|flinch\n|move|p1b: Brainwash|Trick Room|p1b: Brainwash\n|-fieldstart|move: Trick Room|[of] p1b: Brainwash\n|\n|-weather|Snow|[upkeep]\n|upkeep\n|turn|2\n|\n|t:|1700523991\n|switch|p2a: Landorus|Landorus-Therian, L50, M|100\/100\n|-ability|p2a: Landorus|Intimidate|boost\n|-unboost|p1a: Will Smith|atk|1\n|-fail|p1b: Brainwash|unboost|Attack|[from] ability: Own Tempo|[of] p1b: Brainwash\n|move|p1b: Brainwash|Sludge Bomb|p2b: Sinistcha\n|-damage|p2b: Sinistcha|66\/100\n|-status|p2b: Sinistcha|psn\n|move|p1a: Will Smith|Heavy Slam|p2a: Landorus\n|-damage|p2a: Landorus|77\/100\n|move|p2b: Sinistcha|Matcha Gotcha|p1a: Will Smith|[spread] p1a,p1b\n|-damage|p1a: Will Smith|86\/100\n|-heal|p2b: Sinistcha|77\/100 psn|[from] drain|[of] p1a: Will Smith\n|-damage|p1b: Brainwash|75\/100\n|-heal|p2b: Sinistcha|92\/100 psn|[from] drain|[of] p1b: Brainwash\n|\n|-weather|Snow|[upkeep]\n|-damage|p2b: Sinistcha|79\/100 psn|[from] psn\n|upkeep\n|turn|3\n|\n|t:|1700524033\n|move|p1b: Brainwash|Psychic|p2a: Landorus\n|-damage|p2a: Landorus|35\/100\n|-unboost|p2a: Landorus|spd|1\n|move|p1a: Will Smith|Heavy Slam|p2a: Landorus\n|-damage|p2a: Landorus|12\/100\n|move|p2b: Sinistcha|Matcha Gotcha|p1a: Will Smith|[spread] p1a,p1b\n|-damage|p1a: Will Smith|70\/100\n|-heal|p2b: Sinistcha|90\/100 psn|[from] drain|[of] p1a: Will Smith\n|-damage|p1b: Brainwash|50\/100\n|-heal|p2b: Sinistcha|100\/100 psn|[from] drain|[of] p1b: Brainwash\n|move|p2a: Landorus|Rock Slide|p1b: Brainwash|[spread] p1a,p1b\n|-resisted|p1a: Will Smith\n|-crit|p1a: Will Smith\n|-damage|p1a: Will Smith|60\/100\n|-damage|p1b: Brainwash|34\/100\n|\n|-weather|Snow|[upkeep]\n|-damage|p2b: Sinistcha|88\/100 psn|[from] psn\n|upkeep\n|turn|4\n|\n|t:|1700524060\n|switch|p2a: Moltres|Moltres-Galar, L50|100\/100\n|move|p1b: Brainwash|Slack Off|p1b: Brainwash\n|-heal|p1b: Brainwash|84\/100\n|move|p1a: Will Smith|Heavy Slam|p2a: Moltres\n|-damage|p2a: Moltres|81\/100\n|move|p2b: Sinistcha|Trick Room|p2b: Sinistcha\n|-fieldend|move: Trick Room\n|\n|-weather|Snow|[upkeep]\n|-damage|p2b: Sinistcha|76\/100 psn|[from] psn\n|upkeep\n|turn|5\n|\n|t:|1700524149\n|-end|p1a: Will Smith|Quark Drive|[silent]\n|switch|p1a: Da Oven|Torkoal, L50, F|100\/100\n|-weather|SunnyDay|[from] ability: Drought|[of] p1a: Da Oven\n|move|p2a: Moltres|Nasty Plot|p2a: Moltres\n|-boost|p2a: Moltres|spa|2\n|move|p2b: Sinistcha|Trick Room|p2b: Sinistcha\n|-fieldstart|move: Trick Room|[of] p2b: Sinistcha\n|move|p1b: Brainwash|Trick Room|p1b: Brainwash\n|-fieldend|move: Trick Room\n|\n|-weather|SunnyDay|[upkeep]\n|-damage|p2b: Sinistcha|63\/100 psn|[from] psn\n|upkeep\n|turn|6\n|\n|t:|1700524163\n|move|p2a: Moltres|Fiery Wrath|p1b: Brainwash|[spread] p1a,p1b\n|-resisted|p1b: Brainwash\n|-damage|p1a: Da Oven|23\/100\n|-damage|p1b: Brainwash|60\/100\n|move|p2b: Sinistcha|Matcha Gotcha|p1b: Brainwash|[spread] p1a,p1b\n|-resisted|p1a: Da Oven\n|-damage|p1a: Da Oven|3\/100\n|-heal|p2b: Sinistcha|74\/100 psn|[from] drain|[of] p1a: Da Oven\n|-damage|p1b: Brainwash|36\/100\n|-heal|p2b: Sinistcha|88\/100 psn|[from] drain|[of] p1b: Brainwash\n|move|p1b: Brainwash|Sludge Bomb|p2a: Moltres\n|-damage|p2a: Moltres|54\/100\n|move|p1a: Da Oven|Eruption|p2a: Moltres|[spread] p2a,p2b\n|-supereffective|p2b: Sinistcha\n|-crit|p2b: Sinistcha\n|-damage|p2a: Moltres|52\/100\n|-damage|p2b: Sinistcha|80\/100 psn\n|\n|-weather|SunnyDay|[upkeep]\n|-damage|p2b: Sinistcha|67\/100 psn|[from] psn\n|upkeep\n|turn|7\n|\n|t:|1700524188\n|move|p2a: Moltres|Air Slash|p1b: Brainwash\n|-damage|p1b: Brainwash|0 fnt\n|faint|p1b: Brainwash\n|move|p2b: Sinistcha|Matcha Gotcha|p1a: Da Oven\n|-resisted|p1a: Da Oven\n|-damage|p1a: Da Oven|0 fnt\n|-heal|p2b: Sinistcha|68\/100 psn|[from] drain|[of] p1a: Da Oven\n|faint|p1a: Da Oven\n|\n|-weather|SunnyDay|[upkeep]\n|-damage|p2b: Sinistcha|56\/100 psn|[from] psn\n|upkeep\n|\n|t:|1700524191\n|switch|p1b: Ursaluna|Ursaluna-Bloodmoon, L50, M|100\/100\n|switch|p1a: Will Smith|Iron Hands, L50|60\/100\n|turn|8\n|\n|t:|1700524216\n|switch|p2b: Landorus|Landorus-Therian, L50, M|12\/100\n|-ability|p2b: Landorus|Intimidate|boost\n|-unboost|p1a: Will Smith|atk|1\n|-unboost|p1b: Ursaluna|atk|1\n|move|p2a: Moltres|Protect|p2a: Moltres\n|-singleturn|p2a: Moltres|Protect\n|move|p1a: Will Smith|Fake Out|p2a: Moltres\n|-activate|p2a: Moltres|move: Protect\n|move|p1b: Ursaluna|Blood Moon|p2a: Moltres\n|-activate|p2a: Moltres|move: Protect\n|\n|-weather|SunnyDay|[upkeep]\n|upkeep\n|turn|9\n|\n|t:|1700524241\n|move|p2b: Landorus|Stomping Tantrum|p1b: Ursaluna\n|-damage|p1b: Ursaluna|72\/100\n|move|p2a: Moltres|Fiery Wrath|p1a: Will Smith|[spread] p1a,p1b\n|-resisted|p1a: Will Smith\n|-damage|p1a: Will Smith|45\/100\n|-damage|p1b: Ursaluna|7\/100\n|move|p1a: Will Smith|Drain Punch|p2a: Moltres\n|-damage|p2a: Moltres|29\/100\n|-heal|p1a: Will Smith|55\/100|[from] drain|[of] p2a: Moltres\n|-ability|p2a: Moltres|Berserk|boost\n|-boost|p2a: Moltres|spa|1\n|-enditem|p2a: Moltres|Sitrus Berry|[eat]\n|-heal|p2a: Moltres|54\/100|[from] item: Sitrus Berry\n|cant|p1b: Ursaluna|flinch\n|\n|-weather|none\n|upkeep\n|turn|10\n|-message|kennymaker64 forfeited.\n|\n|win|quarters_ou\n|l|\u2606kennymaker64\n","uploadtime":1700524255,"views":11,"p1id":"kennymaker64","p2id":"quartersou","formatid":"gen9vgc2023regulatione","rating":0,"private":0,"password":""}