{"id":"gen9vgc2023regulatione-1988394658","p1":"JacopinoGenerale","p2":"WhopsBeatUAgain","format":"[Gen 9] VGC 2023 Regulation E","log":"|j|\u2606JacopinoGenerale\n|j|\u2606WhopsBeatUAgain\n|t:|1699718064\n|gametype|doubles\n|player|p1|JacopinoGenerale|benga|1183\n|player|p2|WhopsBeatUAgain|flannery|1269\n|teamsize|p1|6\n|teamsize|p2|6\n|gen|9\n|tier|[Gen 9] VGC 2023 Regulation E\n|rated|\n|rule|Species Clause: Limit one of each Pok\u00e9mon\n|rule|Item Clause: Limit one of each item\n|clearpoke\n|poke|p1|Ogerpon, L50, F|\n|poke|p1|Farigiraf, L50, M|\n|poke|p1|Dusclops, L50, M|\n|poke|p1|Ursaluna-Bloodmoon, L50, M|\n|poke|p1|Iron Hands, L50|\n|poke|p1|Urshifu-*, L50, F|\n|poke|p2|Rillaboom, L50, F|\n|poke|p2|Kilowattrel, L50, F|\n|poke|p2|Iron Hands, L50|\n|poke|p2|Landorus-Therian, L50, M|\n|poke|p2|Chien-Pao, L50|\n|poke|p2|Grafaiai, L50, M|\n|teampreview|4\n|inactive|Battle timer is ON: inactive players will automatically lose when time's up. (requested by JacopinoGenerale)\nJacopinoGenerale rejected open team sheets.\n|inactive|JacopinoGenerale has 60 seconds left.\n|inactive|WhopsBeatUAgain has 60 seconds left.\n|\n|t:|1699718106\n|start\n|switch|p1a: Dusclops|Dusclops, L50, M|100\/100\n|switch|p1b: Ursaluna|Ursaluna-Bloodmoon, L50, M|100\/100\n|switch|p2a: Grafaiai|Grafaiai, L50, M|100\/100\n|switch|p2b: Landorus|Landorus-Therian, L50, M|100\/100\n|-ability|p2b: Landorus|Intimidate|boost\n|-unboost|p1a: Dusclops|atk|1\n|-unboost|p1b: Ursaluna|atk|1\n|-item|p2a: Grafaiai|Aguav Berry|[from] ability: Frisk|[of] p1a: Dusclops|[identify]\n|-item|p2b: Landorus|Choice Scarf|[from] ability: Frisk|[of] p1a: Dusclops|[identify]\n|turn|1\n|\n|t:|1699718123\n|move|p2a: Grafaiai|Taunt|p1a: Dusclops\n|-start|p1a: Dusclops|move: Taunt\n|move|p2b: Landorus|U-turn|p1b: Ursaluna\n|-damage|p1b: Ursaluna|80\/100\n|l|\u2606WhopsBeatUAgain\n|inactive|WhopsBeatUAgain disconnected and has a minute to reconnect!\n|player|p2|\n|j|\u2606WhopsBeatUAgain\n|inactive|WhopsBeatUAgain reconnected and has 35 seconds left.\n|player|p2|WhopsBeatUAgain|flannery\n|inactive|WhopsBeatUAgain has 30 seconds left.\n|\n|t:|1699718149\n|switch|p2b: Rillaboom|Rillaboom, L50, F|100\/100|[from] U-turn\n|-fieldstart|move: Grassy Terrain|[from] ability: Grassy Surge|[of] p2b: Rillaboom\n|move|p1b: Ursaluna|Earth Power|p2a: Grafaiai\n|-supereffective|p2a: Grafaiai\n|-damage|p2a: Grafaiai|0 fnt\n|faint|p2a: Grafaiai\n|cant|p1a: Dusclops|move: Taunt|Trick Room\n|\n|-heal|p1b: Ursaluna|86\/100|[from] Grassy Terrain\n|upkeep\n|\n|t:|1699718166\n|switch|p2a: Landorus|Landorus-Therian, L50, M|100\/100\n|-ability|p2a: Landorus|Intimidate|boost\n|-unboost|p1a: Dusclops|atk|1\n|-unboost|p1b: Ursaluna|atk|1\n|turn|2\n|\n|t:|1699718179\n|-terastallize|p2a: Landorus|Flying\n|-terastallize|p1b: Ursaluna|Normal\n|move|p2b: Rillaboom|Grassy Glide|p1b: Ursaluna\n|-damage|p1b: Ursaluna|44\/100\n|move|p2a: Landorus|Tera Blast|p1a: Dusclops|[anim] Tera Blast Flying\n|-damage|p1a: Dusclops|61\/100\n|move|p1b: Ursaluna|Blood Moon|p2a: Landorus\n|-damage|p2a: Landorus|0 fnt\n|faint|p2a: Landorus\n|move|p1a: Dusclops|Brick Break|p1b: Ursaluna\n|-supereffective|p1b: Ursaluna\n|-damage|p1b: Ursaluna|35\/100\n|-enditem|p1b: Ursaluna|Weakness Policy\n|-boost|p1b: Ursaluna|atk|2|[from] item: Weakness Policy\n|-boost|p1b: Ursaluna|spa|2|[from] item: Weakness Policy\n|\n|-heal|p1b: Ursaluna|41\/100|[from] Grassy Terrain\n|-heal|p1a: Dusclops|67\/100|[from] Grassy Terrain\n|upkeep\n|\n|t:|1699718189\n|switch|p2a: Kilowattrel|Kilowattrel, L50, F|100\/100\n|turn|3\n|inactive|JacopinoGenerale has 30 seconds left.\n|inactive|JacopinoGenerale has 20 seconds left.\n|inactive|JacopinoGenerale has 15 seconds left.\n|inactive|WhopsBeatUAgain has 30 seconds left.\n|\n|t:|1699718235\n|switch|p1a: Ogerpon|Ogerpon, L50, F|100\/100\n|move|p1b: Ursaluna|Protect|p1b: Ursaluna\n|-singleturn|p1b: Ursaluna|Protect\n|move|p2b: Rillaboom|Grassy Glide|p1b: Ursaluna\n|-activate|p1b: Ursaluna|move: Protect\n|move|p2a: Kilowattrel|Hurricane|p1a: Ogerpon\n|-supereffective|p1a: Ogerpon\n|-damage|p1a: Ogerpon|0 fnt\n|faint|p1a: Ogerpon\n|-damage|p2a: Kilowattrel|91\/100|[from] item: Life Orb\n|\n|-heal|p1b: Ursaluna|47\/100|[from] Grassy Terrain\n|upkeep\n|\n|t:|1699718249\n|switch|p1a: Dusclops|Dusclops, L50, M|67\/100\n|-item|p2a: Kilowattrel|Life Orb|[from] ability: Frisk|[of] p1a: Dusclops|[identify]\n|-item|p2b: Rillaboom|Choice Band|[from] ability: Frisk|[of] p1a: Dusclops|[identify]\n|turn|4\n|inactive|JacopinoGenerale has 30 seconds left.\n|inactive|WhopsBeatUAgain has 30 seconds left.\n|\n|t:|1699718277\n|switch|p1b: Iron Hands|Iron Hands, L50|100\/100\n|-enditem|p1b: Iron Hands|Booster Energy\n|-activate|p1b: Iron Hands|ability: Quark Drive|[fromitem]\n|-start|p1b: Iron Hands|quarkdriveatk\n|move|p2b: Rillaboom|Grassy Glide|p1a: Dusclops\n|-damage|p1a: Dusclops|30\/100\n|move|p2a: Kilowattrel|Hurricane|p1a: Dusclops\n|-damage|p1a: Dusclops|0 fnt\n|faint|p1a: Dusclops\n|-damage|p2a: Kilowattrel|81\/100|[from] item: Life Orb\n|\n|upkeep\n|\n|t:|1699718288\n|switch|p1a: Ursaluna|Ursaluna-Bloodmoon, L50, M, tera:Normal|47\/100\n|turn|5\n|\n|t:|1699718300\n|move|p2a: Kilowattrel|Protect|p2a: Kilowattrel\n|-singleturn|p2a: Kilowattrel|Protect\n|move|p1b: Iron Hands|Fake Out|p2b: Rillaboom\n|-damage|p2b: Rillaboom|78\/100\n|cant|p2b: Rillaboom|flinch\n|move|p1a: Ursaluna|Blood Moon|p2b: Rillaboom\n|-damage|p2b: Rillaboom|0 fnt\n|faint|p2b: Rillaboom\n|\n|-heal|p1a: Ursaluna|53\/100|[from] Grassy Terrain\n|-fieldend|move: Grassy Terrain\n|upkeep\n|turn|6\n|\n|t:|1699718317\n|move|p2a: Kilowattrel|Hurricane|p1a: Ursaluna|[miss]\n|-miss|p2a: Kilowattrel|p1a: Ursaluna\n|move|p1a: Ursaluna|Earth Power|p2a: Kilowattrel\n|-immune|p2a: Kilowattrel\n|move|p1b: Iron Hands|Close Combat|p2a: Kilowattrel\n|-resisted|p2a: Kilowattrel\n|-damage|p2a: Kilowattrel|0 fnt\n|-unboost|p1b: Iron Hands|def|1\n|-unboost|p1b: Iron Hands|spd|1\n|faint|p2a: Kilowattrel\n|\n|win|JacopinoGenerale\n|raw|JacopinoGenerale's rating: 1183 &rarr; <strong>1214<\/strong><br \/>(+31 for winning)\n|raw|WhopsBeatUAgain's rating: 1269 &rarr; <strong>1238<\/strong><br \/>(-31 for losing)\n|l|\u2606WhopsBeatUAgain\n","uploadtime":1699719855,"views":16,"p1id":"jacopinogenerale","p2id":"whopsbeatuagain","formatid":"gen9vgc2023regulatione","rating":1214,"private":0,"password":""}