{"id":"gen9vgc2023regulatione-1998152304","p1":"tyl8","p2":"pokeveteran04","format":"[Gen 9] VGC 2023 Regulation E","log":"|j|\u2606tyl8\n|j|\u2606pokeveteran04\n|t:|1700901564\n|gametype|doubles\n|player|p1|tyl8|dawn|1538\n|player|p2|pokeveteran04|red|1611\n|teamsize|p1|6\n|teamsize|p2|6\n|gen|9\n|tier|[Gen 9] VGC 2023 Regulation E\n|rated|\n|rule|Species Clause: Limit one of each Pok\u00e9mon\n|rule|Item Clause: Limit one of each item\n|clearpoke\n|poke|p1|Ninetales-Alola, L50, M|\n|poke|p1|Glastrier, L50|\n|poke|p1|Farigiraf, L50, M|\n|poke|p1|Rillaboom, L50, F|\n|poke|p1|Ting-Lu, L50|\n|poke|p1|Arcanine-Hisui, L50, F|\n|poke|p2|Tornadus, L50, M|\n|poke|p2|Amoonguss, L50, M|\n|poke|p2|Thundurus-Therian, L50, M|\n|poke|p2|Urshifu-*, L50, M|\n|poke|p2|Arcanine-Hisui, L50, F|\n|poke|p2|Ogerpon-Wellspring, L50, F|\n|teampreview|4\n|inactive|Battle timer is ON: inactive players will automatically lose when time's up. (requested by tyl8)\n|inactive|tyl8 has 60 seconds left.\n|inactive|pokeveteran04 has 60 seconds left.\n|\n|t:|1700901604\n|start\n|switch|p1a: Glastrier|Glastrier, L50|100\/100\n|switch|p1b: Rillaboom|Rillaboom, L50, F|100\/100\n|switch|p2a: Tornadus|Tornadus, L50, M|100\/100\n|switch|p2b: Urshifu|Urshifu-Rapid-Strike, L50, M|100\/100\n|-fieldstart|move: Grassy Terrain|[from] ability: Grassy Surge|[of] p1b: Rillaboom\n|turn|1\n|\n|t:|1700901626\n|switch|p2a: Arcanine|Arcanine-Hisui, L50, F|100\/100\n|-ability|p2a: Arcanine|Intimidate|boost\n|-unboost|p1a: Glastrier|atk|1\n|-unboost|p1b: Rillaboom|atk|1\n|move|p2b: Urshifu|Protect|p2b: Urshifu\n|-singleturn|p2b: Urshifu|Protect\n|move|p1b: Rillaboom|Fake Out|p2b: Urshifu\n|-activate|p2b: Urshifu|move: Protect\n|move|p1a: Glastrier|Iron Defense|p1a: Glastrier\n|-boost|p1a: Glastrier|def|2\n|\n|upkeep\n|turn|2\n|\n|t:|1700901648\n|switch|p2b: Amoonguss|Amoonguss, L50, M|100\/100\n|switch|p1b: Ninetales|Ninetales-Alola, L50, M, shiny|100\/100\n|-weather|Snow|[from] ability: Snow Warning|[of] p1b: Ninetales\n|-terastallize|p1a: Glastrier|Dragon\n|move|p2a: Arcanine|Will-O-Wisp|p1a: Glastrier\n|-status|p1a: Glastrier|brn\n|move|p1a: Glastrier|Body Press|p2a: Arcanine\n|-supereffective|p2a: Arcanine\n|-crit|p2a: Arcanine\n|-damage|p2a: Arcanine|27\/100\n|-enditem|p2a: Arcanine|Sitrus Berry|[eat]\n|-heal|p2a: Arcanine|52\/100|[from] item: Sitrus Berry\n|\n|-weather|Snow|[upkeep]\n|-heal|p2a: Arcanine|58\/100|[from] Grassy Terrain\n|-damage|p1a: Glastrier|94\/100 brn|[from] brn\n|upkeep\n|turn|3\n|inactive|pokeveteran04 has 30 seconds left.\n|\n|t:|1700901674\n|move|p1b: Ninetales|Aurora Veil|p1b: Ninetales\n|-sidestart|p1: tyl8|move: Aurora Veil\n|move|p2a: Arcanine|Rock Slide|p1b: Ninetales|[spread] p1a,p1b\n|-supereffective|p1b: Ninetales\n|-damage|p1a: Glastrier|88\/100 brn\n|-damage|p1b: Ninetales|73\/100\n|move|p2b: Amoonguss|Pollen Puff|p2a: Arcanine\n|-heal|p2a: Arcanine|100\/100\n|cant|p1a: Glastrier|flinch\n|\n|-weather|Snow|[upkeep]\n|-heal|p1b: Ninetales|79\/100|[from] Grassy Terrain\n|-heal|p1a: Glastrier|94\/100 brn|[from] Grassy Terrain\n|-heal|p1a: Glastrier|100\/100 brn|[from] item: Leftovers\n|-damage|p1a: Glastrier|94\/100 brn|[from] brn\n|upkeep\n|turn|4\n|\n|t:|1700901698\n|move|p1b: Ninetales|Protect|p1b: Ninetales\n|-singleturn|p1b: Ninetales|Protect\n|move|p2a: Arcanine|Rock Slide|p1a: Glastrier|[spread] \n|-activate|p1b: Ninetales|move: Protect\n|-miss|p2a: Arcanine|p1a: Glastrier\n|move|p2b: Amoonguss|Spore|p1b: Ninetales\n|-activate|p1b: Ninetales|move: Protect\n|move|p1a: Glastrier|Iron Defense|p1a: Glastrier\n|-boost|p1a: Glastrier|def|2\n|\n|-weather|Snow|[upkeep]\n|-heal|p1b: Ninetales|85\/100|[from] Grassy Terrain\n|-heal|p1a: Glastrier|100\/100 brn|[from] Grassy Terrain\n|-damage|p1a: Glastrier|94\/100 brn|[from] brn\n|upkeep\n|turn|5\n|\n|t:|1700901712\n|switch|p2a: Urshifu|Urshifu-Rapid-Strike, L50, M|100\/100\n|move|p1b: Ninetales|Blizzard|p2a: Urshifu|[spread] p2a,p2b\n|-resisted|p2a: Urshifu\n|-supereffective|p2b: Amoonguss\n|-damage|p2a: Urshifu|86\/100\n|-damage|p2b: Amoonguss|59\/100\n|move|p2b: Amoonguss|Spore|p1b: Ninetales\n|-status|p1b: Ninetales|slp|[from] move: Spore\n|move|p1a: Glastrier|Iron Defense|p1a: Glastrier\n|-boost|p1a: Glastrier|def|2\n|\n|-weather|Snow|[upkeep]\n|-heal|p1b: Ninetales|92\/100 slp|[from] Grassy Terrain\n|-heal|p2a: Urshifu|92\/100|[from] Grassy Terrain\n|-heal|p2b: Amoonguss|65\/100|[from] Grassy Terrain\n|-heal|p2b: Amoonguss|71\/100|[from] item: Leftovers\n|-heal|p1a: Glastrier|100\/100 brn|[from] Grassy Terrain\n|-damage|p1a: Glastrier|94\/100 brn|[from] brn\n|-fieldend|move: Grassy Terrain\n|upkeep\n|turn|6\n|inactive|pokeveteran04 has 30 seconds left.\n|\n|t:|1700901742\n|switch|p1b: Rillaboom|Rillaboom, L50, F|100\/100\n|-fieldstart|move: Grassy Terrain|[from] ability: Grassy Surge|[of] p1b: Rillaboom\n|move|p2b: Amoonguss|Rage Powder|p2b: Amoonguss\n|-singleturn|p2b: Amoonguss|move: Rage Powder\n|move|p2a: Urshifu|Surging Strikes|p1b: Rillaboom\n|-resisted|p1b: Rillaboom\n|-crit|p1b: Rillaboom\n|-damage|p1b: Rillaboom|87\/100\n|-resisted|p1b: Rillaboom\n|-crit|p1b: Rillaboom\n|-damage|p1b: Rillaboom|75\/100\n|-resisted|p1b: Rillaboom\n|-crit|p1b: Rillaboom\n|-damage|p1b: Rillaboom|61\/100\n|-hitcount|p1b: Rillaboom|3\n|move|p1a: Glastrier|Body Press|p2b: Amoonguss\n|-resisted|p2b: Amoonguss\n|-damage|p2b: Amoonguss|46\/100\n|\n|-weather|none\n|-heal|p2a: Urshifu|98\/100|[from] Grassy Terrain\n|-heal|p1b: Rillaboom|67\/100|[from] Grassy Terrain\n|-heal|p2b: Amoonguss|52\/100|[from] Grassy Terrain\n|-heal|p2b: Amoonguss|58\/100|[from] item: Leftovers\n|-heal|p1a: Glastrier|100\/100 brn|[from] Grassy Terrain\n|-damage|p1a: Glastrier|94\/100 brn|[from] brn\n|upkeep\n|turn|7\n|inactive|pokeveteran04 has 30 seconds left.\n|\n|t:|1700901768\n|switch|p2b: Arcanine|Arcanine-Hisui, L50, F|100\/100\n|-ability|p2b: Arcanine|Intimidate|boost\n|-unboost|p1a: Glastrier|atk|1\n|-unboost|p1b: Rillaboom|atk|1\n|move|p2a: Urshifu|Protect|p2a: Urshifu\n|-singleturn|p2a: Urshifu|Protect\n|move|p1b: Rillaboom|Fake Out|p2b: Arcanine\n|-resisted|p2b: Arcanine\n|-damage|p2b: Arcanine|96\/100\n|move|p1a: Glastrier|Body Press|p2a: Urshifu\n|-activate|p2a: Urshifu|move: Protect\n|\n|-heal|p2a: Urshifu|100\/100|[from] Grassy Terrain\n|-heal|p2b: Arcanine|100\/100|[from] Grassy Terrain\n|-heal|p1b: Rillaboom|73\/100|[from] Grassy Terrain\n|-heal|p1a: Glastrier|100\/100 brn|[from] Grassy Terrain\n|-damage|p1a: Glastrier|94\/100 brn|[from] brn\n|upkeep\n|turn|8\n|inactive|pokeveteran04 has 30 seconds left.\n|\n|t:|1700901795\n|switch|p2a: Amoonguss|Amoonguss, L50, M|91\/100\n|move|p1b: Rillaboom|Protect|p1b: Rillaboom\n|-singleturn|p1b: Rillaboom|Protect\n|move|p2b: Arcanine|Will-O-Wisp|p1b: Rillaboom\n|-activate|p1b: Rillaboom|move: Protect\n|move|p1a: Glastrier|Body Press|p2b: Arcanine\n|-supereffective|p2b: Arcanine\n|-damage|p2b: Arcanine|4\/100\n|\n|-heal|p2b: Arcanine|9\/100|[from] Grassy Terrain\n|-heal|p1b: Rillaboom|80\/100|[from] Grassy Terrain\n|-heal|p2a: Amoonguss|97\/100|[from] Grassy Terrain\n|-heal|p2a: Amoonguss|100\/100|[from] item: Leftovers\n|-heal|p1a: Glastrier|100\/100 brn|[from] Grassy Terrain\n|-damage|p1a: Glastrier|94\/100 brn|[from] brn\n|upkeep\n|turn|9\n|\n|t:|1700901816\n|switch|p2b: Tornadus|Tornadus, L50, M|100\/100\n|move|p2a: Amoonguss|Rage Powder|p2a: Amoonguss\n|-singleturn|p2a: Amoonguss|move: Rage Powder\n|move|p1b: Rillaboom|Grassy Glide|p2b: Tornadus\n|-resisted|p2b: Tornadus\n|-damage|p2b: Tornadus|77\/100\n|move|p1a: Glastrier|Icicle Crash|p2a: Amoonguss\n|-supereffective|p2a: Amoonguss\n|-damage|p2a: Amoonguss|81\/100\n|\n|-heal|p1b: Rillaboom|86\/100|[from] Grassy Terrain\n|-heal|p2a: Amoonguss|87\/100|[from] Grassy Terrain\n|-heal|p2a: Amoonguss|93\/100|[from] item: Leftovers\n|-heal|p1a: Glastrier|100\/100 brn|[from] Grassy Terrain\n|-damage|p1a: Glastrier|94\/100 brn|[from] brn\n|upkeep\n|turn|10\n|\n|t:|1700901834\n|switch|p1b: Arcanine|Arcanine-Hisui, L50, F|100\/100\n|-ability|p1b: Arcanine|Intimidate|boost\n|-unboost|p2a: Amoonguss|atk|1\n|-unboost|p2b: Tornadus|atk|1\n|move|p2b: Tornadus|Bleakwind Storm|p1b: Arcanine|[spread] p1b\n|-miss|p2b: Tornadus|p1a: Glastrier\n|-resisted|p1b: Arcanine\n|-damage|p1b: Arcanine|83\/100\n|-unboost|p1b: Arcanine|spe|1\n|move|p2a: Amoonguss|Pollen Puff|p2b: Tornadus\n|-heal|p2b: Tornadus|100\/100\n|move|p1a: Glastrier|Icicle Crash|p2b: Tornadus\n|-supereffective|p2b: Tornadus\n|-damage|p2b: Tornadus|70\/100\n|\n|-heal|p1b: Arcanine|90\/100|[from] Grassy Terrain\n|-heal|p2a: Amoonguss|99\/100|[from] Grassy Terrain\n|-heal|p2a: Amoonguss|100\/100|[from] item: Leftovers\n|-heal|p1a: Glastrier|100\/100 brn|[from] Grassy Terrain\n|-damage|p1a: Glastrier|94\/100 brn|[from] brn\n|-sideend|p1: tyl8|move: Aurora Veil\n|-fieldend|move: Grassy Terrain\n|upkeep\n|turn|11\n|j| INDO kukuruyuk\n|inactive|pokeveteran04 has 30 seconds left.\n|\n|t:|1700901864\n|switch|p2a: Urshifu|Urshifu-Rapid-Strike, L50, M|100\/100\n|move|p2b: Tornadus|Rain Dance|p2b: Tornadus\n|-weather|RainDance\n|move|p1b: Arcanine|Flare Blitz|p2a: Urshifu\n|-resisted|p2a: Urshifu\n|-damage|p2a: Urshifu|79\/100\n|-status|p2a: Urshifu|brn\n|-damage|p1b: Arcanine|82\/100|[from] Recoil\n|move|p1a: Glastrier|Icicle Crash|p2b: Tornadus\n|-supereffective|p2b: Tornadus\n|-damage|p2b: Tornadus|39\/100\n|\n|-weather|RainDance|[upkeep]\n|-heal|p1a: Glastrier|100\/100 brn|[from] item: Leftovers\n|-damage|p2a: Urshifu|72\/100 brn|[from] brn\n|-damage|p1a: Glastrier|94\/100 brn|[from] brn\n|upkeep\n|turn|12\n|\n|t:|1700901888\n|switch|p2b: Amoonguss|Amoonguss, L50, M|100\/100\n|switch|p1b: Ninetales|Ninetales-Alola, L50, M, shiny|92\/100 slp\n|-weather|Snow|[from] ability: Snow Warning|[of] p1b: Ninetales\n|move|p2a: Urshifu|Surging Strikes|p1a: Glastrier\n|-resisted|p1a: Glastrier\n|-crit|p1a: Glastrier\n|-damage|p1a: Glastrier|90\/100 brn\n|-resisted|p1a: Glastrier\n|-crit|p1a: Glastrier\n|-damage|p1a: Glastrier|86\/100 brn\n|-resisted|p1a: Glastrier\n|-crit|p1a: Glastrier\n|-damage|p1a: Glastrier|82\/100 brn\n|-hitcount|p1a: Glastrier|3\n|move|p1a: Glastrier|Body Press|p2b: Amoonguss\n|-resisted|p2b: Amoonguss\n|-damage|p2b: Amoonguss|75\/100\n|\n|-weather|Snow|[upkeep]\n|-heal|p2b: Amoonguss|81\/100|[from] item: Leftovers\n|-heal|p1a: Glastrier|88\/100 brn|[from] item: Leftovers\n|-damage|p2a: Urshifu|66\/100 brn|[from] brn\n|-damage|p1a: Glastrier|82\/100 brn|[from] brn\n|upkeep\n|turn|13\n|\n|t:|1700901912\n|switch|p2b: Tornadus|Tornadus, L50, M|39\/100\n|cant|p1b: Ninetales|slp\n|move|p2a: Urshifu|Surging Strikes|p1b: Ninetales\n|-crit|p1b: Ninetales\n|-damage|p1b: Ninetales|80\/100 slp\n|-crit|p1b: Ninetales\n|-damage|p1b: Ninetales|70\/100 slp\n|-crit|p1b: Ninetales\n|-damage|p1b: Ninetales|61\/100 slp\n|-hitcount|p1b: Ninetales|3\n|move|p1a: Glastrier|Icicle Crash|p2b: Tornadus\n|-supereffective|p2b: Tornadus\n|-damage|p2b: Tornadus|4\/100\n|\n|-weather|Snow|[upkeep]\n|-heal|p1a: Glastrier|88\/100 brn|[from] item: Leftovers\n|-damage|p2a: Urshifu|60\/100 brn|[from] brn\n|-damage|p1a: Glastrier|82\/100 brn|[from] brn\n|upkeep\n|turn|14\n|\n|t:|1700901937\n|switch|p1b: Rillaboom|Rillaboom, L50, F|86\/100\n|-fieldstart|move: Grassy Terrain|[from] ability: Grassy Surge|[of] p1b: Rillaboom\n|move|p2b: Tornadus|Rain Dance|p2b: Tornadus\n|-weather|RainDance\n|move|p2a: Urshifu|Surging Strikes|p1b: Rillaboom\n|-resisted|p1b: Rillaboom\n|-crit|p1b: Rillaboom\n|-damage|p1b: Rillaboom|75\/100\n|-resisted|p1b: Rillaboom\n|-crit|p1b: Rillaboom\n|-damage|p1b: Rillaboom|66\/100\n|-resisted|p1b: Rillaboom\n|-crit|p1b: Rillaboom\n|-damage|p1b: Rillaboom|56\/100\n|-hitcount|p1b: Rillaboom|3\n|move|p1a: Glastrier|Body Press|p2b: Tornadus\n|-resisted|p2b: Tornadus\n|-damage|p2b: Tornadus|0 fnt\n|faint|p2b: Tornadus\n|-ability|p1a: Glastrier|Chilling Neigh|boost\n|-boost|p1a: Glastrier|atk|1\n|\n|-weather|RainDance|[upkeep]\n|-heal|p2a: Urshifu|66\/100 brn|[from] Grassy Terrain\n|-heal|p1b: Rillaboom|62\/100|[from] Grassy Terrain\n|-heal|p1a: Glastrier|88\/100 brn|[from] Grassy Terrain\n|-heal|p1a: Glastrier|94\/100 brn|[from] item: Leftovers\n|-damage|p2a: Urshifu|60\/100 brn|[from] brn\n|-damage|p1a: Glastrier|88\/100 brn|[from] brn\n|upkeep\n|\n|t:|1700901952\n|switch|p2b: Arcanine|Arcanine-Hisui, L50, F|9\/100\n|-ability|p2b: Arcanine|Intimidate|boost\n|-unboost|p1a: Glastrier|atk|1\n|-unboost|p1b: Rillaboom|atk|1\n|turn|15\n|\n|t:|1700901966\n|move|p2b: Arcanine|Protect|p2b: Arcanine\n|-singleturn|p2b: Arcanine|Protect\n|move|p1b: Rillaboom|Grassy Glide|p2b: Arcanine\n|-activate|p2b: Arcanine|move: Protect\n|move|p2a: Urshifu|Close Combat|p1b: Rillaboom\n|-damage|p1b: Rillaboom|29\/100\n|-unboost|p2a: Urshifu|def|1\n|-unboost|p2a: Urshifu|spd|1\n|move|p1a: Glastrier|Body Press|p2a: Urshifu\n|-damage|p2a: Urshifu|0 fnt\n|faint|p2a: Urshifu\n|-ability|p1a: Glastrier|Chilling Neigh|boost\n|-boost|p1a: Glastrier|atk|1\n|\n|-weather|RainDance|[upkeep]\n|-heal|p2b: Arcanine|15\/100|[from] Grassy Terrain\n|-heal|p1b: Rillaboom|35\/100|[from] Grassy Terrain\n|-heal|p1a: Glastrier|94\/100 brn|[from] Grassy Terrain\n|-heal|p1a: Glastrier|100\/100 brn|[from] item: Leftovers\n|-damage|p1a: Glastrier|94\/100 brn|[from] brn\n|upkeep\n|c|\u2606tyl8|Gg\n|-message|pokeveteran04 forfeited.\n|\n|win|tyl8\n|raw|tyl8's rating: 1538 &rarr; <strong>1562<\/strong><br \/>(+24 for winning)\n|raw|pokeveteran04's rating: 1611 &rarr; <strong>1587<\/strong><br \/>(-24 for losing)\n|l|\u2606pokeveteran04\n","uploadtime":1700901997,"views":1,"p1id":"tyl8","p2id":"pokeveteran04","formatid":"gen9vgc2023regulatione","rating":1562,"private":0,"password":""}