{"id":"gen9vgc2023regulatione-1993758929","p1":"DaDogeTheII","p2":"Skititty","format":"[Gen 9] VGC 2023 Regulation E","log":"|j|\u2606DaDogeTheII\n|j|\u2606Skititty\n|t:|1700353840\n|gametype|doubles\n|player|p1|DaDogeTheII|cheryl|1000\n|player|p2|Skititty|whitney|1095\n|teamsize|p1|6\n|teamsize|p2|6\n|gen|9\n|tier|[Gen 9] VGC 2023 Regulation E\n|rated|\n|rule|Species Clause: Limit one of each Pok\u00e9mon\n|rule|Item Clause: Limit one of each item\n|clearpoke\n|poke|p1|Garchomp, L50, M|\n|poke|p1|Gardevoir, L50, F|\n|poke|p1|Ceruledge, L50, M|\n|poke|p1|Chandelure, L50, M|\n|poke|p1|Snorlax, L50, M|\n|poke|p1|Gliscor, L50, F|\n|poke|p2|Brute Bonnet, L50|\n|poke|p2|Chi-Yu, L50|\n|poke|p2|Ogerpon-Cornerstone, L50, F|\n|poke|p2|Flutter Mane, L50|\n|poke|p2|Torkoal, L50, M|\n|poke|p2|Chien-Pao, L50|\n|teampreview|4\n|\n|t:|1700353862\n|start\n|switch|p1a: Chompy|Garchomp, L50, M|100\/100\n|switch|p1b: Glider|Gliscor, L50, F|100\/100\n|switch|p2a: Ogerpon|Ogerpon-Cornerstone, L50, F|100\/100\n|switch|p2b: Chien-Pao|Chien-Pao, L50|100\/100\n|-ability|p2b: Chien-Pao|Sword of Ruin\n|turn|1\n|\n|t:|1700353894\n|move|p2b: Chien-Pao|Icicle Crash|p1a: Chompy|[miss]\n|-miss|p2b: Chien-Pao|p1a: Chompy\n|move|p2a: Ogerpon|Ivy Cudgel|p1b: Glider|[anim] Ivy Cudgel Rock\n|-damage|p1b: Glider|32\/100\n|move|p1a: Chompy|Iron Head|p2b: Chien-Pao\n|-supereffective|p2b: Chien-Pao\n|-damage|p2b: Chien-Pao|31\/100\n|move|p1b: Glider|Stealth Rock|p2a: Ogerpon\n|-sidestart|p2: Skititty|move: Stealth Rock\n|\n|-status|p1b: Glider|tox|[from] item: Toxic Orb\n|upkeep\n|turn|2\n|\n|t:|1700353913\n|move|p1b: Glider|Protect|p1b: Glider\n|-singleturn|p1b: Glider|Protect\n|move|p2b: Chien-Pao|Icicle Crash|p1a: Chompy\n|-supereffective|p1a: Chompy\n|-damage|p1a: Chompy|0 fnt\n|faint|p1a: Chompy\n|move|p2a: Ogerpon|Ivy Cudgel|p1b: Glider|[anim] Ivy Cudgel Rock\n|-activate|p1b: Glider|move: Protect\n|\n|-heal|p1b: Glider|44\/100 tox|[from] ability: Poison Heal\n|upkeep\n|\n|t:|1700353930\n|switch|p1a: Link|Ceruledge, L50, M|100\/100\n|turn|3\n|\n|t:|1700353954\n|move|p2b: Chien-Pao|Protect|p2b: Chien-Pao\n|-singleturn|p2b: Chien-Pao|Protect\n|move|p2a: Ogerpon|Ivy Cudgel|p1a: Link|[anim] Ivy Cudgel Rock\n|-supereffective|p1a: Link\n|-damage|p1a: Link|0 fnt\n|faint|p1a: Link\n|move|p1b: Glider|Stealth Rock||[still]\n|-fail|p1b: Glider\n|\n|-heal|p1b: Glider|57\/100 tox|[from] ability: Poison Heal\n|upkeep\n|\n|t:|1700353966\n|switch|p1a: Ralti|Gardevoir, L50, F, shiny|100\/100\n|-ability|p1a: Ralti|Sturdy|[from] ability: Trace|[of] p2a: Ogerpon\n|turn|4\n|\n|t:|1700353980\n|move|p1b: Glider|Protect|p1b: Glider\n|-singleturn|p1b: Glider|Protect\n|move|p2b: Chien-Pao|Icicle Crash|p1b: Glider\n|-activate|p1b: Glider|move: Protect\n|move|p2a: Ogerpon|Power Whip|p1a: Ralti\n|-ability|p1a: Ralti|Sturdy\n|-damage|p1a: Ralti|1\/100\n|move|p1a: Ralti|Aura Sphere|p2b: Chien-Pao\n|-supereffective|p2b: Chien-Pao\n|-damage|p2b: Chien-Pao|0 fnt\n|faint|p2b: Chien-Pao\n|\n|-heal|p1b: Glider|68\/100 tox|[from] ability: Poison Heal\n|upkeep\n|\n|t:|1700353993\n|switch|p2b: Brute Bonnet|Brute Bonnet, L50|100\/100\n|-damage|p2b: Brute Bonnet|88\/100|[from] Stealth Rock\n|-enditem|p2b: Brute Bonnet|Booster Energy\n|-activate|p2b: Brute Bonnet|ability: Protosynthesis|[fromitem]\n|-start|p2b: Brute Bonnet|protosynthesisdef\n|turn|5\n|\n|t:|1700354018\n|-terastallize|p2a: Ogerpon|Rock\n|detailschange|p2a: Ogerpon|Ogerpon-Cornerstone-Tera, L50, F, tera:Rock\n|-ability|p2a: Ogerpon|Embody Aspect (Cornerstone)|boost\n|-boost|p2a: Ogerpon|def|1\n|move|p2b: Brute Bonnet|Sucker Punch|p1a: Ralti\n|-damage|p1a: Ralti|0 fnt\n|faint|p1a: Ralti\n|move|p2a: Ogerpon|Ivy Cudgel|p1b: Glider|[anim] Ivy Cudgel Rock\n|-damage|p1b: Glider|7\/100 tox\n|move|p1b: Glider|Toxic Spikes|p2b: Brute Bonnet\n|-sidestart|p2: Skititty|move: Toxic Spikes\n|\n|-heal|p1b: Glider|19\/100 tox|[from] ability: Poison Heal\n|upkeep\n|turn|6\n|\n|t:|1700354038\n|move|p2a: Ogerpon|Spiky Shield|p2a: Ogerpon\n|-singleturn|p2a: Ogerpon|move: Protect\n|move|p1b: Glider|Spikes|p2b: Brute Bonnet\n|-sidestart|p2: Skititty|Spikes\n|move|p2b: Brute Bonnet|Spore||[still]\n|-fail|p2b: Brute Bonnet\n|\n|-heal|p1b: Glider|31\/100 tox|[from] ability: Poison Heal\n|upkeep\n|turn|7\n|\n|t:|1700354053\n|move|p2a: Ogerpon|Spiky Shield||[still]\n|-fail|p2a: Ogerpon\n|move|p1b: Glider|Protect|p1b: Glider\n|-singleturn|p1b: Glider|Protect\n|move|p2b: Brute Bonnet|Spore|p1b: Glider\n|-activate|p1b: Glider|move: Protect\n|\n|-heal|p1b: Glider|43\/100 tox|[from] ability: Poison Heal\n|upkeep\n|turn|8\n|\n|t:|1700354087\n|move|p2a: Ogerpon|Spiky Shield|p2a: Ogerpon\n|-singleturn|p2a: Ogerpon|move: Protect\n|move|p1b: Glider|Toxic Spikes|p2b: Brute Bonnet\n|-sidestart|p2: Skititty|move: Toxic Spikes\n|move|p2b: Brute Bonnet|Spore||[still]\n|-fail|p2b: Brute Bonnet\n|\n|-heal|p1b: Glider|55\/100 tox|[from] ability: Poison Heal\n|upkeep\n|turn|9\n|\n|t:|1700354108\n|move|p2a: Ogerpon|Spiky Shield||[still]\n|-fail|p2a: Ogerpon\n|move|p1b: Glider|Protect|p1b: Glider\n|-singleturn|p1b: Glider|Protect\n|move|p2b: Brute Bonnet|Spore|p1b: Glider\n|-activate|p1b: Glider|move: Protect\n|\n|-heal|p1b: Glider|67\/100 tox|[from] ability: Poison Heal\n|upkeep\n|turn|10\n|\n|t:|1700354117\n|move|p2a: Ogerpon|Spiky Shield|p2a: Ogerpon\n|-singleturn|p2a: Ogerpon|move: Protect\n|move|p1b: Glider|Protect|p1b: Glider\n|-singleturn|p1b: Glider|Protect\n|move|p2b: Brute Bonnet|Spore|p1b: Glider\n|-activate|p1b: Glider|move: Protect\n|\n|-heal|p1b: Glider|79\/100 tox|[from] ability: Poison Heal\n|upkeep\n|turn|11\n|\n|t:|1700354155\n|move|p2a: Ogerpon|Spiky Shield||[still]\n|-fail|p2a: Ogerpon\n|move|p1b: Glider|Spikes|p2a: Ogerpon\n|-sidestart|p2: Skititty|Spikes\n|move|p2b: Brute Bonnet|Spore||[still]\n|-fail|p2b: Brute Bonnet\n|\n|-heal|p1b: Glider|91\/100 tox|[from] ability: Poison Heal\n|upkeep\n|turn|12\n|\n|t:|1700354166\n|-terastallize|p1b: Glider|Steel\n|move|p2a: Ogerpon|Spiky Shield|p2a: Ogerpon\n|-singleturn|p2a: Ogerpon|move: Protect\n|move|p1b: Glider|Stealth Rock||[still]\n|-fail|p1b: Glider\n|move|p2b: Brute Bonnet|Spore||[still]\n|-fail|p2b: Brute Bonnet\n|\n|-heal|p1b: Glider|100\/100 tox|[from] ability: Poison Heal\n|upkeep\n|turn|13\n|\n|t:|1700354175\n|move|p2a: Ogerpon|Spiky Shield||[still]\n|-fail|p2a: Ogerpon\n|move|p1b: Glider|Stealth Rock||[still]\n|-fail|p1b: Glider\n|move|p2b: Brute Bonnet|Spore||[still]\n|-fail|p2b: Brute Bonnet\n|\n|upkeep\n|turn|14\n|\n|t:|1700354224\n|move|p2a: Ogerpon|Spiky Shield|p2a: Ogerpon\n|-singleturn|p2a: Ogerpon|move: Protect\n|move|p1b: Glider|Protect|p1b: Glider\n|-singleturn|p1b: Glider|Protect\n|move|p2b: Brute Bonnet|Spore|p1b: Glider\n|-activate|p1b: Glider|move: Protect\n|\n|upkeep\n|turn|15\n|\n|t:|1700354253\n|move|p2a: Ogerpon|Spiky Shield||[still]\n|-fail|p2a: Ogerpon\n|move|p1b: Glider|Spikes|p2b: Brute Bonnet\n|-sidestart|p2: Skititty|Spikes\n|move|p2b: Brute Bonnet|Spore|p2a: Ogerpon\n|-status|p2a: Ogerpon|slp|[from] move: Spore\n|\n|upkeep\n|turn|16\n|\n|t:|1700354265\n|cant|p2a: Ogerpon|slp\n|move|p1b: Glider|Stealth Rock||[still]\n|-fail|p1b: Glider\n|move|p2b: Brute Bonnet|Spore|p2a: Ogerpon\n|-fail|p2a: Ogerpon|slp\n|\n|upkeep\n|turn|17\n|\n|t:|1700354277\n|move|p2b: Brute Bonnet|Sucker Punch||[still]\n|-fail|p2b: Brute Bonnet\n|cant|p2a: Ogerpon|slp\n|move|p1b: Glider|Stealth Rock||[still]\n|-fail|p1b: Glider\n|\n|upkeep\n|turn|18\n|\n|t:|1700354297\n|move|p2b: Brute Bonnet|Sucker Punch||[still]\n|-fail|p2b: Brute Bonnet\n|-curestatus|p2a: Ogerpon|slp|[msg]\n|move|p2a: Ogerpon|Power Whip|p2b: Brute Bonnet\n|-resisted|p2b: Brute Bonnet\n|-damage|p2b: Brute Bonnet|70\/100\n|move|p1b: Glider|Stealth Rock||[still]\n|-fail|p1b: Glider\n|\n|upkeep\n|turn|19\n|\n|t:|1700354308\n|move|p2a: Ogerpon|Spiky Shield|p2a: Ogerpon\n|-singleturn|p2a: Ogerpon|move: Protect\n|move|p1b: Glider|Stealth Rock||[still]\n|-fail|p1b: Glider\n|move|p2b: Brute Bonnet|Spore|p2a: Ogerpon\n|-activate|p2a: Ogerpon|move: Protect\n|\n|upkeep\n|turn|20\n|\n|t:|1700354318\n|move|p2a: Ogerpon|Spiky Shield|p2a: Ogerpon\n|-singleturn|p2a: Ogerpon|move: Protect\n|move|p1b: Glider|Stealth Rock||[still]\n|-fail|p1b: Glider\n|move|p2b: Brute Bonnet|Spore|p2a: Ogerpon\n|-activate|p2a: Ogerpon|move: Protect\n|\n|upkeep\n|turn|21\n|\n|t:|1700354337\n|move|p2a: Ogerpon|Ivy Cudgel|p2b: Brute Bonnet|[anim] Ivy Cudgel Rock\n|-damage|p2b: Brute Bonnet|29\/100\n|move|p1b: Glider|Stealth Rock||[still]\n|-fail|p1b: Glider\n|move|p2b: Brute Bonnet|Spore|p2a: Ogerpon\n|-status|p2a: Ogerpon|slp|[from] move: Spore\n|\n|upkeep\n|turn|22\n|\n|t:|1700354349\n|move|p2b: Brute Bonnet|Rage Powder|p2b: Brute Bonnet\n|-singleturn|p2b: Brute Bonnet|move: Rage Powder\n|cant|p2a: Ogerpon|slp\n|move|p1b: Glider|Spikes||[still]\n|-fail|p1b: Glider\n|\n|upkeep\n|turn|23\n|\n|t:|1700354370\n|move|p2b: Brute Bonnet|Rage Powder|p2b: Brute Bonnet\n|-singleturn|p2b: Brute Bonnet|move: Rage Powder\n|-curestatus|p2a: Ogerpon|slp|[msg]\n|move|p2a: Ogerpon|Stomping Tantrum|p2b: Brute Bonnet\n|-resisted|p2b: Brute Bonnet\n|-damage|p2b: Brute Bonnet|15\/100\n|move|p1b: Glider|Toxic Spikes||[still]\n|-fail|p1b: Glider\n|\n|upkeep\n|turn|24\n|\n|t:|1700354390\n|move|p2a: Ogerpon|Spiky Shield|p2a: Ogerpon\n|-singleturn|p2a: Ogerpon|move: Protect\n|move|p2b: Brute Bonnet|Rage Powder|p2b: Brute Bonnet\n|-singleturn|p2b: Brute Bonnet|move: Rage Powder\n|move|p1b: Glider|Toxic Spikes||[still]\n|-fail|p1b: Glider\n|\n|upkeep\n|turn|25\n|\n|t:|1700354398\n|move|p2a: Ogerpon|Spiky Shield||[still]\n|-fail|p2a: Ogerpon\n|move|p2b: Brute Bonnet|Rage Powder|p2b: Brute Bonnet\n|-singleturn|p2b: Brute Bonnet|move: Rage Powder\n|move|p1b: Glider|Toxic Spikes||[still]\n|-fail|p1b: Glider\n|\n|upkeep\n|turn|26\n|\n|t:|1700354404\n|move|p2a: Ogerpon|Spiky Shield|p2a: Ogerpon\n|-singleturn|p2a: Ogerpon|move: Protect\n|move|p1b: Glider|Stealth Rock||[still]\n|-fail|p1b: Glider\n|move|p2b: Brute Bonnet|Spore|p2a: Ogerpon\n|-activate|p2a: Ogerpon|move: Protect\n|\n|upkeep\n|turn|27\n|\n|t:|1700354423\n|move|p2a: Ogerpon|Spiky Shield||[still]\n|-fail|p2a: Ogerpon\n|move|p1b: Glider|Stealth Rock||[still]\n|-fail|p1b: Glider\n|move|p2b: Brute Bonnet|Spore|p2a: Ogerpon\n|-status|p2a: Ogerpon|slp|[from] move: Spore\n|\n|upkeep\n|turn|28\n|\n|t:|1700354440\n|move|p2b: Brute Bonnet|Rage Powder|p2b: Brute Bonnet\n|-singleturn|p2b: Brute Bonnet|move: Rage Powder\n|cant|p2a: Ogerpon|slp\n|move|p1b: Glider|Spikes||[still]\n|-fail|p1b: Glider\n|\n|upkeep\n|turn|29\n|\n|t:|1700354466\n|move|p2b: Brute Bonnet|Rage Powder|p2b: Brute Bonnet\n|-singleturn|p2b: Brute Bonnet|move: Rage Powder\n|cant|p2a: Ogerpon|slp\n|move|p1b: Glider|Toxic Spikes||[still]\n|-fail|p1b: Glider\n|\n|upkeep\n|turn|30\n|\n|t:|1700354480\n|move|p2b: Brute Bonnet|Rage Powder|p2b: Brute Bonnet\n|-singleturn|p2b: Brute Bonnet|move: Rage Powder\n|cant|p2a: Ogerpon|slp\n|move|p1b: Glider|Toxic Spikes||[still]\n|-fail|p1b: Glider\n|\n|upkeep\n|turn|31\n|\n|t:|1700354487\n|move|p2b: Brute Bonnet|Rage Powder|p2b: Brute Bonnet\n|-singleturn|p2b: Brute Bonnet|move: Rage Powder\n|-curestatus|p2a: Ogerpon|slp|[msg]\n|move|p2a: Ogerpon|Power Whip|p1b: Glider|[miss]\n|-miss|p2a: Ogerpon|p1b: Glider\n|move|p1b: Glider|Toxic Spikes||[still]\n|-fail|p1b: Glider\n|\n|upkeep\n|turn|32\n|\n|t:|1700354498\n|move|p2b: Brute Bonnet|Rage Powder|p2b: Brute Bonnet\n|-singleturn|p2b: Brute Bonnet|move: Rage Powder\n|move|p2a: Ogerpon|Power Whip|p1b: Glider\n|-resisted|p1b: Glider\n|-damage|p1b: Glider|70\/100 tox\n|move|p1b: Glider|Toxic Spikes||[still]\n|-fail|p1b: Glider\n|\n|-heal|p1b: Glider|82\/100 tox|[from] ability: Poison Heal\n|upkeep\n|turn|33\n|\n|t:|1700354534\n|move|p1b: Glider|Protect|p1b: Glider\n|-singleturn|p1b: Glider|Protect\n|move|p2a: Ogerpon|Power Whip|p1b: Glider\n|-activate|p1b: Glider|move: Protect\n|move|p2b: Brute Bonnet|Spore|p2a: Ogerpon\n|-status|p2a: Ogerpon|slp|[from] move: Spore\n|\n|-heal|p1b: Glider|94\/100 tox|[from] ability: Poison Heal\n|upkeep\n|turn|34\n|\n|t:|1700354550\n|move|p2b: Brute Bonnet|Rage Powder|p2b: Brute Bonnet\n|-singleturn|p2b: Brute Bonnet|move: Rage Powder\n|cant|p2a: Ogerpon|slp\n|move|p1b: Glider|Toxic Spikes||[still]\n|-fail|p1b: Glider\n|\n|-heal|p1b: Glider|100\/100 tox|[from] ability: Poison Heal\n|upkeep\n|turn|35\n|c|\u2606Skititty|how you doing today'\n|\n|t:|1700354572\n|move|p2b: Brute Bonnet|Sucker Punch||[still]\n|-fail|p2b: Brute Bonnet\n|cant|p2a: Ogerpon|slp\n|move|p1b: Glider|Toxic Spikes||[still]\n|-fail|p1b: Glider\n|\n|upkeep\n|turn|36\n|\n|t:|1700354589\n|move|p2b: Brute Bonnet|Rage Powder|p2b: Brute Bonnet\n|-singleturn|p2b: Brute Bonnet|move: Rage Powder\n|-curestatus|p2a: Ogerpon|slp|[msg]\n|move|p2a: Ogerpon|Power Whip|p1b: Glider\n|-resisted|p1b: Glider\n|-damage|p1b: Glider|70\/100 tox\n|move|p1b: Glider|Toxic Spikes||[still]\n|-fail|p1b: Glider\n|\n|-heal|p1b: Glider|82\/100 tox|[from] ability: Poison Heal\n|upkeep\n|turn|37\n|\n|t:|1700354611\n|move|p2a: Ogerpon|Power Whip|p1b: Glider\n|-resisted|p1b: Glider\n|-damage|p1b: Glider|54\/100 tox\n|move|p1b: Glider|Toxic Spikes||[still]\n|-fail|p1b: Glider\n|move|p2b: Brute Bonnet|Spore|p2a: Ogerpon\n|-status|p2a: Ogerpon|slp|[from] move: Spore\n|\n|-heal|p1b: Glider|66\/100 tox|[from] ability: Poison Heal\n|upkeep\n|turn|38\n|\n|t:|1700354625\n|move|p1b: Glider|Protect|p1b: Glider\n|-singleturn|p1b: Glider|Protect\n|move|p2b: Brute Bonnet|Rage Powder|p2b: Brute Bonnet\n|-singleturn|p2b: Brute Bonnet|move: Rage Powder\n|cant|p2a: Ogerpon|slp\n|\n|-heal|p1b: Glider|78\/100 tox|[from] ability: Poison Heal\n|upkeep\n|turn|39\n|\n|t:|1700354649\n|move|p2b: Brute Bonnet|Rage Powder|p2b: Brute Bonnet\n|-singleturn|p2b: Brute Bonnet|move: Rage Powder\n|-curestatus|p2a: Ogerpon|slp|[msg]\n|move|p2a: Ogerpon|Power Whip|p1b: Glider\n|-resisted|p1b: Glider\n|-damage|p1b: Glider|51\/100 tox\n|move|p1b: Glider|Toxic Spikes||[still]\n|-fail|p1b: Glider\n|\n|-heal|p1b: Glider|63\/100 tox|[from] ability: Poison Heal\n|upkeep\n|turn|40\n|\n|t:|1700354677\n|move|p1b: Glider|Protect|p1b: Glider\n|-singleturn|p1b: Glider|Protect\n|move|p2a: Ogerpon|Stomping Tantrum|p2b: Brute Bonnet\n|-resisted|p2b: Brute Bonnet\n|-damage|p2b: Brute Bonnet|7\/100\n|move|p2b: Brute Bonnet|Spore|p2a: Ogerpon\n|-status|p2a: Ogerpon|slp|[from] move: Spore\n|\n|-heal|p1b: Glider|75\/100 tox|[from] ability: Poison Heal\n|upkeep\n|turn|41\n|\n|t:|1700354691\n|move|p2b: Brute Bonnet|Rage Powder|p2b: Brute Bonnet\n|-singleturn|p2b: Brute Bonnet|move: Rage Powder\n|cant|p2a: Ogerpon|slp\n|move|p1b: Glider|Toxic Spikes||[still]\n|-fail|p1b: Glider\n|\n|-heal|p1b: Glider|87\/100 tox|[from] ability: Poison Heal\n|upkeep\n|turn|42\n|\n|t:|1700354743\n|-curestatus|p2a: Ogerpon|slp|[msg]\n|move|p2a: Ogerpon|Power Whip|p1b: Glider\n|-resisted|p1b: Glider\n|-damage|p1b: Glider|60\/100 tox\n|move|p1b: Glider|Toxic Spikes||[still]\n|-fail|p1b: Glider\n|move|p2b: Brute Bonnet|Spore|p2a: Ogerpon\n|-status|p2a: Ogerpon|slp|[from] move: Spore\n|\n|-heal|p1b: Glider|72\/100 tox|[from] ability: Poison Heal\n|upkeep\n|turn|43\n|\n|t:|1700354795\n|move|p2b: Brute Bonnet|Rage Powder|p2b: Brute Bonnet\n|-singleturn|p2b: Brute Bonnet|move: Rage Powder\n|cant|p2a: Ogerpon|slp\n|move|p1b: Glider|Toxic Spikes||[still]\n|-fail|p1b: Glider\n|\n|-heal|p1b: Glider|84\/100 tox|[from] ability: Poison Heal\n|upkeep\n|turn|44\n|\n|t:|1700354809\n|move|p2b: Brute Bonnet|Sucker Punch|p2a: Ogerpon\n|-damage|p2a: Ogerpon|73\/100 slp\n|-curestatus|p2a: Ogerpon|slp|[msg]\n|move|p2a: Ogerpon|Power Whip|p1b: Glider\n|-resisted|p1b: Glider\n|-damage|p1b: Glider|54\/100 tox\n|move|p1b: Glider|Toxic Spikes||[still]\n|-fail|p1b: Glider\n|\n|-heal|p1b: Glider|66\/100 tox|[from] ability: Poison Heal\n|upkeep\n|turn|45\n|\n|t:|1700354843\n|move|p2b: Brute Bonnet|Rage Powder|p2b: Brute Bonnet\n|-singleturn|p2b: Brute Bonnet|move: Rage Powder\n|move|p2a: Ogerpon|Power Whip|p1b: Glider\n|-resisted|p1b: Glider\n|-damage|p1b: Glider|38\/100 tox\n|move|p1b: Glider|Toxic Spikes||[still]\n|-fail|p1b: Glider\n|\n|-heal|p1b: Glider|50\/100 tox|[from] ability: Poison Heal\n|upkeep\n|turn|46\n|\n|t:|1700354898\n|switch|p2a: Flutter Mane|Flutter Mane, L50|100\/100\n|-damage|p2a: Flutter Mane|88\/100|[from] Stealth Rock\n|-status|p2a: Flutter Mane|tox\n|-damage|p2a: Flutter Mane|64\/100 tox|[from] Spikes\n|move|p2b: Brute Bonnet|Rage Powder|p2b: Brute Bonnet\n|-singleturn|p2b: Brute Bonnet|move: Rage Powder\n|move|p1b: Glider|Toxic Spikes||[still]\n|-fail|p1b: Glider\n|\n|-damage|p2a: Flutter Mane|58\/100 tox|[from] psn\n|-heal|p1b: Glider|62\/100 tox|[from] ability: Poison Heal\n|upkeep\n|turn|47\n|\n|t:|1700354924\n|move|p2b: Brute Bonnet|Rage Powder|p2b: Brute Bonnet\n|-singleturn|p2b: Brute Bonnet|move: Rage Powder\n|move|p2a: Flutter Mane|Icy Wind|p1b: Glider\n|-resisted|p1b: Glider\n|-damage|p1b: Glider|50\/100 tox\n|-unboost|p1b: Glider|spe|1\n|move|p1b: Glider|Toxic Spikes||[still]\n|-fail|p1b: Glider\n|\n|-damage|p2a: Flutter Mane|46\/100 tox|[from] psn\n|-heal|p1b: Glider|62\/100 tox|[from] ability: Poison Heal\n|upkeep\n|turn|48\n|\n|t:|1700354938\n|move|p1b: Glider|Protect|p1b: Glider\n|-singleturn|p1b: Glider|Protect\n|move|p2a: Flutter Mane|Icy Wind|p1b: Glider\n|-activate|p1b: Glider|move: Protect\n|move|p2b: Brute Bonnet|Spore|p1b: Glider\n|-activate|p1b: Glider|move: Protect\n|\n|-damage|p2a: Flutter Mane|27\/100 tox|[from] psn\n|-heal|p1b: Glider|74\/100 tox|[from] ability: Poison Heal\n|upkeep\n|turn|49\n|\n|t:|1700354943\n|move|p1b: Glider|Protect||[still]\n|-fail|p1b: Glider\n|move|p2a: Flutter Mane|Icy Wind|p1b: Glider\n|-resisted|p1b: Glider\n|-damage|p1b: Glider|64\/100 tox\n|-unboost|p1b: Glider|spe|1\n|move|p2b: Brute Bonnet|Spore||[still]\n|-fail|p2b: Brute Bonnet\n|\n|-damage|p2a: Flutter Mane|3\/100 tox|[from] psn\n|-heal|p1b: Glider|76\/100 tox|[from] ability: Poison Heal\n|upkeep\n|turn|50\n|\n|t:|1700354955\n|move|p2b: Brute Bonnet|Sucker Punch||[still]\n|-fail|p2b: Brute Bonnet\n|move|p2a: Flutter Mane|Icy Wind|p1b: Glider\n|-resisted|p1b: Glider\n|-damage|p1b: Glider|64\/100 tox\n|-unboost|p1b: Glider|spe|1\n|move|p1b: Glider|Toxic Spikes||[still]\n|-fail|p1b: Glider\n|\n|-damage|p2a: Flutter Mane|0 fnt|[from] psn\n|faint|p2a: Flutter Mane\n|-end|p2a: Flutter Mane|Protosynthesis|[silent]\n|-heal|p1b: Glider|76\/100 tox|[from] ability: Poison Heal\n|upkeep\n|\n|t:|1700354957\n|switch|p2a: Ogerpon|Ogerpon-Cornerstone-Tera, L50, F, tera:Rock|73\/100\n|-damage|p2a: Ogerpon|61\/100|[from] Stealth Rock\n|-status|p2a: Ogerpon|tox\n|-damage|p2a: Ogerpon|37\/100 tox|[from] Spikes\n|-ability|p2a: Ogerpon|Embody Aspect (Cornerstone)|boost\n|-boost|p2a: Ogerpon|def|1\n|turn|51\n|\n|t:|1700354963\n|move|p1b: Glider|Protect|p1b: Glider\n|-singleturn|p1b: Glider|Protect\n|move|p2b: Brute Bonnet|Sucker Punch||[still]\n|-fail|p2b: Brute Bonnet\n|move|p2a: Ogerpon|Stomping Tantrum|p1b: Glider\n|-activate|p1b: Glider|move: Protect\n|\n|-damage|p2a: Ogerpon|31\/100 tox|[from] psn\n|-heal|p1b: Glider|88\/100 tox|[from] ability: Poison Heal\n|upkeep\n|turn|52\n|\n|t:|1700354973\n|move|p2a: Ogerpon|Stomping Tantrum|p1b: Glider\n|-supereffective|p1b: Glider\n|-damage|p1b: Glider|40\/100 tox\n|move|p2b: Brute Bonnet|Bullet Seed|p1b: Glider\n|-resisted|p1b: Glider\n|-damage|p1b: Glider|36\/100 tox\n|-resisted|p1b: Glider\n|-damage|p1b: Glider|32\/100 tox\n|-resisted|p1b: Glider\n|-damage|p1b: Glider|27\/100 tox\n|-resisted|p1b: Glider\n|-damage|p1b: Glider|22\/100 tox\n|-hitcount|p1b: Glider|4\n|move|p1b: Glider|Toxic Spikes||[still]\n|-fail|p1b: Glider\n|\n|-damage|p2a: Ogerpon|19\/100 tox|[from] psn\n|-heal|p1b: Glider|34\/100 tox|[from] ability: Poison Heal\n|upkeep\n|turn|53\n|\n|t:|1700354986\n|move|p1b: Glider|Protect|p1b: Glider\n|-singleturn|p1b: Glider|Protect\n|move|p2b: Brute Bonnet|Sucker Punch||[still]\n|-fail|p2b: Brute Bonnet\n|move|p2a: Ogerpon|Stomping Tantrum|p1b: Glider\n|-activate|p1b: Glider|move: Protect\n|\n|-damage|p2a: Ogerpon|2\/100 tox|[from] psn\n|-heal|p1b: Glider|46\/100 tox|[from] ability: Poison Heal\n|upkeep\n|turn|54\n|\n|t:|1700354992\n|move|p1b: Glider|Protect||[still]\n|-fail|p1b: Glider\n|move|p2a: Ogerpon|Stomping Tantrum|p1b: Glider\n|-supereffective|p1b: Glider\n|-damage|p1b: Glider|0 fnt\n|faint|p1b: Glider\n|\n|win|Skititty\n|raw|DaDogeTheII's rating: 1000 &rarr; <strong>1000<\/strong><br \/>(+0 for losing)\n|raw|Skititty's rating: 1095 &rarr; <strong>1114<\/strong><br \/>(+19 for winning)\n","uploadtime":1700355026,"views":13,"p1id":"dadogetheii","p2id":"skititty","formatid":"gen9vgc2023regulatione","rating":1000,"private":0,"password":""}