{"id":"gen9vgc2023regulatione-1992940005","p1":"minccinoisthebest","p2":"pelipperislandxoo","format":"[Gen 9] VGC 2023 Regulation E","log":"|j|\u2606minccinoisthebest\n|j|\u203dpelipperislandxoo\n|t:|1700248659\n|gametype|doubles\n|player|p1|minccinoisthebest|169|1154\n|player|p2|pelipperislandxoo|169|1110\n|teamsize|p1|6\n|teamsize|p2|6\n|gen|9\n|tier|[Gen 9] VGC 2023 Regulation E\n|rated|\n|rule|Species Clause: Limit one of each Pok\u00e9mon\n|rule|Item Clause: Limit one of each item\n|clearpoke\n|poke|p1|Sinistcha-Masterpiece, L50|\n|poke|p1|Iron Hands, L50|\n|poke|p1|Torkoal, L50, F|\n|poke|p1|Flutter Mane, L50|\n|poke|p1|Kingambit, L50, F|\n|poke|p1|Ursaluna-Bloodmoon, L50, M|\n|poke|p2|Garchomp, L50, M|\n|poke|p2|Milotic, L50, F|\n|poke|p2|Spiritomb, L50, F|\n|poke|p2|Gastrodon, L50, M|\n|poke|p2|Enamorus, L50, F|\n|poke|p2|Masquerain, L50, F|\n|teampreview|4\n|inactive|Battle timer is ON: inactive players will automatically lose when time's up. (requested by pelipperislandxoo)\n|inactive|pelipperislandxoo has 60 seconds left.\n|\n|t:|1700248705\n|start\n|switch|p1a: Torkoal|Torkoal, L50, F|100\/100\n|switch|p1b: Flutter Mane|Flutter Mane, L50, shiny|100\/100\n|switch|p2a: Garchomp|Garchomp, L50, M|100\/100\n|switch|p2b: Milotic|Milotic, L50, F, shiny|100\/100\n|-weather|SunnyDay|[from] ability: Drought|[of] p1a: Torkoal\n|-activate|p1b: Flutter Mane|ability: Protosynthesis\n|-start|p1b: Flutter Mane|protosynthesisspe\n|turn|1\n|\n|t:|1700248719\n|move|p2a: Garchomp|Protect|p2a: Garchomp\n|-singleturn|p2a: Garchomp|Protect\n|move|p1b: Flutter Mane|Dazzling Gleam|p2b: Milotic|[spread] p2b\n|-activate|p2a: Garchomp|move: Protect\n|-damage|p2b: Milotic|69\/100\n|move|p2b: Milotic|Bulldoze|p1a: Torkoal|[spread] p1a,p1b\n|-activate|p2a: Garchomp|move: Protect\n|-supereffective|p1a: Torkoal\n|-crit|p1b: Flutter Mane\n|-damage|p1a: Torkoal|90\/100\n|-damage|p1b: Flutter Mane|84\/100\n|-unboost|p1a: Torkoal|spe|1\n|-unboost|p1b: Flutter Mane|spe|1\n|move|p1a: Torkoal|Yawn|p2b: Milotic\n|-start|p2b: Milotic|move: Yawn|[of] p1a: Torkoal\n|\n|-weather|SunnyDay|[upkeep]\n|upkeep\n|turn|2\n|\n|t:|1700248740\n|switch|p2b: Enamorus|Enamorus, L50, F, shiny|100\/100\n|switch|p1a: Iron Hands|Iron Hands, L50|100\/100\n|-terastallize|p2a: Garchomp|Fire\n|move|p1b: Flutter Mane|Dazzling Gleam|p2a: Garchomp|[spread] p2a,p2b\n|-resisted|p2a: Garchomp\n|-damage|p2a: Garchomp|74\/100\n|-damage|p2b: Enamorus|42\/100\n|move|p2a: Garchomp|Earthquake|p1b: Flutter Mane|[spread] p1a,p1b\n|-immune|p2b: Enamorus\n|-supereffective|p1a: Iron Hands\n|-damage|p1a: Iron Hands|47\/100\n|-damage|p1b: Flutter Mane|18\/100\n|\n|-weather|SunnyDay|[upkeep]\n|upkeep\n|turn|3\n|inactive|pelipperislandxoo has 30 seconds left.\n|\n|t:|1700248766\n|move|p2a: Garchomp|Protect|p2a: Garchomp\n|-singleturn|p2a: Garchomp|Protect\n|move|p1a: Iron Hands|Fake Out|p2a: Garchomp\n|-activate|p2a: Garchomp|move: Protect\n|move|p1b: Flutter Mane|Dazzling Gleam|p2b: Enamorus|[spread] p2b\n|-activate|p2a: Garchomp|move: Protect\n|-damage|p2b: Enamorus|0 fnt\n|faint|p2b: Enamorus\n|\n|-weather|SunnyDay|[upkeep]\n|upkeep\n|\n|t:|1700248780\n|switch|p2b: Milotic|Milotic, L50, F, shiny|69\/100\n|turn|4\n|inactive|minccinoisthebest has 30 seconds left.\n|\n|t:|1700248805\n|-end|p1b: Flutter Mane|Protosynthesis|[silent]\n|switch|p1b: Sinistcha|Sinistcha-Masterpiece, L50, shiny|100\/100\n|-heal|p1a: Iron Hands|72\/100|[from] ability: Hospitality|[of] p1b: Sinistcha\n|move|p2a: Garchomp|Rock Slide|p1b: Sinistcha|[spread] p1a,p1b\n|-resisted|p1a: Iron Hands\n|-damage|p1a: Iron Hands|66\/100\n|-damage|p1b: Sinistcha|81\/100\n|move|p2b: Milotic|Bulldoze|p1b: Sinistcha|[spread] p2a,p1a,p1b\n|-supereffective|p2a: Garchomp\n|-supereffective|p1a: Iron Hands\n|-resisted|p1b: Sinistcha\n|-damage|p2a: Garchomp|61\/100\n|-damage|p1a: Iron Hands|57\/100\n|-damage|p1b: Sinistcha|79\/100\n|-unboost|p2a: Garchomp|spe|1\n|-unboost|p1a: Iron Hands|spe|1\n|-unboost|p1b: Sinistcha|spe|1\n|-enditem|p2a: Garchomp|Weakness Policy\n|-boost|p2a: Garchomp|atk|2|[from] item: Weakness Policy\n|-boost|p2a: Garchomp|spa|2|[from] item: Weakness Policy\n|cant|p1a: Iron Hands|flinch\n|\n|-weather|SunnyDay|[upkeep]\n|upkeep\n|turn|5\n|inactive|minccinoisthebest has 30 seconds left.\n|\n|t:|1700248836\n|move|p2b: Milotic|Protect|p2b: Milotic\n|-singleturn|p2b: Milotic|Protect\n|move|p2a: Garchomp|Earthquake|p1b: Sinistcha|[spread] p1a,p1b\n|-activate|p2b: Milotic|move: Protect\n|-supereffective|p1a: Iron Hands\n|-resisted|p1b: Sinistcha\n|-damage|p1a: Iron Hands|0 fnt\n|-damage|p1b: Sinistcha|44\/100\n|faint|p1a: Iron Hands\n|-end|p1a: Iron Hands|Quark Drive|[silent]\n|move|p1b: Sinistcha|Trick Room|p1b: Sinistcha\n|-fieldstart|move: Trick Room|[of] p1b: Sinistcha\n|\n|-weather|SunnyDay|[upkeep]\n|upkeep\n|\n|t:|1700248846\n|switch|p1a: Torkoal|Torkoal, L50, F|90\/100\n|turn|6\n|inactive|pelipperislandxoo has 30 seconds left.\n|inactive|pelipperislandxoo has 20 seconds left.\n|inactive|pelipperislandxoo has 15 seconds left.\n|inactive|pelipperislandxoo has 10 seconds left.\n|\n|t:|1700248893\n|move|p2a: Garchomp|Protect|p2a: Garchomp\n|-singleturn|p2a: Garchomp|Protect\n|move|p1a: Torkoal|Heat Wave|p2b: Milotic|[spread] p2b\n|-activate|p2a: Garchomp|move: Protect\n|-resisted|p2b: Milotic\n|-damage|p2b: Milotic|52\/100\n|move|p1b: Sinistcha|Strength Sap|p2a: Garchomp\n|-activate|p2a: Garchomp|move: Protect\n|move|p2b: Milotic|Surf|p1b: Sinistcha|[spread] p1a,p1b\n|-activate|p2a: Garchomp|move: Protect\n|-supereffective|p1a: Torkoal\n|-resisted|p1b: Sinistcha\n|-damage|p1a: Torkoal|50\/100\n|-damage|p1b: Sinistcha|38\/100\n|\n|-weather|SunnyDay|[upkeep]\n|upkeep\n|turn|7\n|\n|t:|1700248910\n|move|p2b: Milotic|Protect|p2b: Milotic\n|-singleturn|p2b: Milotic|Protect\n|move|p1a: Torkoal|Yawn|p2a: Garchomp\n|-start|p2a: Garchomp|move: Yawn|[of] p1a: Torkoal\n|move|p1b: Sinistcha|Matcha Gotcha|p2b: Milotic|[spread] p2a\n|-activate|p2b: Milotic|move: Protect\n|-resisted|p2a: Garchomp\n|-damage|p2a: Garchomp|47\/100\n|-heal|p1b: Sinistcha|45\/100|[from] drain|[of] p2a: Garchomp\n|move|p2a: Garchomp|Earthquake|p1b: Sinistcha|[spread] p1a,p1b\n|-activate|p2b: Milotic|move: Protect\n|-supereffective|p1a: Torkoal\n|-resisted|p1b: Sinistcha\n|-damage|p1a: Torkoal|0 fnt\n|-damage|p1b: Sinistcha|12\/100\n|faint|p1a: Torkoal\n|\n|-weather|SunnyDay|[upkeep]\n|upkeep\n|\n|t:|1700248921\n|switch|p1a: Flutter Mane|Flutter Mane, L50, shiny|18\/100\n|-activate|p1a: Flutter Mane|ability: Protosynthesis\n|-start|p1a: Flutter Mane|protosynthesisspe\n|turn|8\n|\n|t:|1700248938\n|-terastallize|p1a: Flutter Mane|Grass\n|move|p1b: Sinistcha|Strength Sap|p2a: Garchomp\n|-unboost|p2a: Garchomp|atk|1\n|-heal|p1b: Sinistcha|100\/100\n|move|p2b: Milotic|Surf|p1a: Flutter Mane|[spread] p2a,p1a,p1b\n|-supereffective|p2a: Garchomp\n|-resisted|p1a: Flutter Mane\n|-resisted|p1b: Sinistcha\n|-damage|p2a: Garchomp|10\/100\n|-damage|p1a: Flutter Mane|12\/100\n|-damage|p1b: Sinistcha|94\/100\n|move|p2a: Garchomp|Earthquake|p1b: Sinistcha|[spread] p2b,p1a,p1b\n|-resisted|p1a: Flutter Mane\n|-resisted|p1b: Sinistcha\n|-damage|p2b: Milotic|0 fnt\n|-damage|p1a: Flutter Mane|0 fnt\n|-damage|p1b: Sinistcha|70\/100\n|faint|p2b: Milotic\n|faint|p1a: Flutter Mane\n|-end|p1a: Flutter Mane|Protosynthesis|[silent]\n|\n|-weather|none\n|-end|p2a: Garchomp|move: Yawn|[silent]\n|-status|p2a: Garchomp|slp\n|upkeep\n|\n|t:|1700248954\n|switch|p2b: Gastrodon|Gastrodon, L50, M|100\/100\n|turn|9\n|\n|t:|1700248966\n|move|p1b: Sinistcha|Matcha Gotcha|p2b: Gastrodon|[spread] p2b\n|-miss|p1b: Sinistcha|p2a: Garchomp\n|-supereffective|p2b: Gastrodon\n|-damage|p2b: Gastrodon|12\/100\n|-heal|p1b: Sinistcha|100\/100|[from] drain|[of] p2b: Gastrodon\n|move|p2b: Gastrodon|Yawn|p1b: Sinistcha\n|-start|p1b: Sinistcha|move: Yawn|[of] p2b: Gastrodon\n|cant|p2a: Garchomp|slp\n|\n|-heal|p2b: Gastrodon|19\/100|[from] item: Leftovers\n|-fieldend|move: Trick Room\n|upkeep\n|turn|10\n|c|\u2606minccinoisthebest|theres no way\n|c|\u2606minccinoisthebest|i miss thaht\n|c|\u2606minccinoisthebest|thsajerkgnasgnbhadfjknbdgf\n|\n|t:|1700248981\n|-curestatus|p2a: Garchomp|slp|[msg]\n|move|p2a: Garchomp|Protect|p2a: Garchomp\n|-singleturn|p2a: Garchomp|Protect\n|move|p2b: Gastrodon|Protect|p2b: Gastrodon\n|-singleturn|p2b: Gastrodon|Protect\n|move|p1b: Sinistcha|Matcha Gotcha|p2b: Gastrodon|[spread] \n|-activate|p2a: Garchomp|move: Protect\n|-activate|p2b: Gastrodon|move: Protect\n|\n|-heal|p2b: Gastrodon|25\/100|[from] item: Leftovers\n|-end|p1b: Sinistcha|move: Yawn|[silent]\n|-status|p1b: Sinistcha|slp\n|upkeep\n|turn|11\n|c|\u2606minccinoisthebest|and you get 1 turn sleep\n|c|\u2606minccinoisthebest|GG\n|\n|t:|1700248996\n|move|p2a: Garchomp|Poison Jab|p1b: Sinistcha\n|-damage|p1b: Sinistcha|65\/100 slp\n|-damage|p2a: Garchomp|0 fnt|[from] item: Rocky Helmet|[of] p1b: Sinistcha\n|faint|p2a: Garchomp\n|move|p2b: Gastrodon|Ice Beam|p1b: Sinistcha\n|-supereffective|p1b: Sinistcha\n|-damage|p1b: Sinistcha|27\/100 slp\n|cant|p1b: Sinistcha|slp\n|\n|-heal|p2b: Gastrodon|31\/100|[from] item: Leftovers\n|upkeep\n|turn|12\n|\n|t:|1700249007\n|move|p2b: Gastrodon|Ice Beam|p1b: Sinistcha\n|-supereffective|p1b: Sinistcha\n|-damage|p1b: Sinistcha|0 fnt\n|faint|p1b: Sinistcha\n|\n|win|pelipperislandxoo\n|raw|minccinoisthebest's rating: 1154 &rarr; <strong>1126<\/strong><br \/>(-28 for losing)\n|raw|pelipperislandxoo's rating: 1110 &rarr; <strong>1138<\/strong><br \/>(+28 for winning)\n|l|\u2606minccinoisthebest\n","uploadtime":1700249013,"views":23,"p1id":"minccinoisthebest","p2id":"pelipperislandxoo","formatid":"gen9vgc2023regulatione","rating":1126,"private":0,"password":""}