{"id":"gen9vgc2023regulatione-1996524273","p1":"ZionLJ07","p2":"Kaidou21","format":"[Gen 9] VGC 2023 Regulation E","log":"|j|\u2606ZionLJ07\n|j|\u2606Kaidou21\n|t:|1700690503\n|gametype|doubles\n|player|p1|ZionLJ07|sisandbro|1178\n|player|p2|Kaidou21|lance|1083\n|teamsize|p1|6\n|teamsize|p2|6\n|gen|9\n|tier|[Gen 9] VGC 2023 Regulation E\n|rated|\n|rule|Species Clause: Limit one of each Pok\u00e9mon\n|rule|Item Clause: Limit one of each item\n|clearpoke\n|poke|p1|Torkoal, L50, F|\n|poke|p1|Maushold, L50|\n|poke|p1|Bruxish, L50, M|\n|poke|p1|Urshifu-*, L50, M|\n|poke|p1|Cresselia, L50, F|\n|poke|p1|Ursaluna, L50, M|\n|poke|p2|Charizard, L50, M|\n|poke|p2|Urshifu-*, L50, M|\n|poke|p2|Dipplin, L50, M|\n|poke|p2|Tornadus, L50, M|\n|poke|p2|Stonjourner, L50, M|\n|poke|p2|Goodra-Hisui, L50, M|\n|teampreview|4\n|l|\u2606Kaidou21\n|player|p2|\n|j|\u2606Kaidou21\n|player|p2|Kaidou21|lance\n|inactive|Battle timer is ON: inactive players will automatically lose when time's up. (requested by ZionLJ07)\n|\n|t:|1700690594\n|start\n|switch|p1a: Bruxish|Bruxish, L50, M|100\/100\n|switch|p1b: Maushold|Maushold, L50|100\/100\n|switch|p2a: Shanks|Charizard, L50, M, shiny|100\/100\n|switch|p2b: Luffy (Joy Boy)|Tornadus, L50, M, shiny|100\/100\n|turn|1\n|\n|t:|1700690614\n|move|p2a: Shanks|Protect|p2a: Shanks\n|-singleturn|p2a: Shanks|Protect\n|move|p1b: Maushold|Follow Me|p1b: Maushold\n|-singleturn|p1b: Maushold|move: Follow Me\n|move|p2b: Luffy (Joy Boy)|Bleakwind Storm|p1b: Maushold|[spread] p1a,p1b\n|-damage|p1a: Bruxish|63\/100\n|-damage|p1b: Maushold|48\/100\n|move|p1a: Bruxish|Trick Room|p1a: Bruxish\n|-fieldstart|move: Trick Room|[of] p1a: Bruxish\n|\n|upkeep\n|turn|2\n|inactive|Kaidou21 has 30 seconds left.\n|\n|t:|1700690646\n|switch|p2a: Chopper|Dipplin, L50, M|100\/100\n|move|p1a: Bruxish|Protect|p1a: Bruxish\n|-singleturn|p1a: Bruxish|Protect\n|move|p1b: Maushold|Population Bomb|p2a: Chopper\n|-damage|p2a: Chopper|93\/100\n|-damage|p2a: Chopper|87\/100\n|-damage|p2a: Chopper|81\/100\n|-damage|p2a: Chopper|74\/100\n|-damage|p2a: Chopper|67\/100\n|-damage|p2a: Chopper|61\/100\n|-damage|p2a: Chopper|53\/100\n|-damage|p2a: Chopper|46\/100\n|-damage|p2a: Chopper|39\/100\n|-damage|p2a: Chopper|33\/100\n|-hitcount|p2a: Chopper|10\n|move|p2b: Luffy (Joy Boy)|Bleakwind Storm|p1a: Bruxish|[spread] p1b\n|-activate|p1a: Bruxish|move: Protect\n|-damage|p1b: Maushold|0 fnt\n|faint|p1b: Maushold\n|\n|upkeep\n|\n|t:|1700690670\n|switch|p1b: Torkoal|Torkoal, L50, F|100\/100\n|-weather|SunnyDay|[from] ability: Drought|[of] p1b: Torkoal\n|turn|3\n|inactive|Kaidou21 has 30 seconds left.\n|inactive|Kaidou21 has 20 seconds left.\n|inactive|Kaidou21 has 15 seconds left.\n|\n|t:|1700690711\n|-terastallize|p1b: Torkoal|Fire\n|-terastallize|p2a: Chopper|Fire\n|move|p1a: Bruxish|Aqua Jet|p1b: Torkoal\n|-supereffective|p1b: Torkoal\n|-damage|p1b: Torkoal|87\/100\n|-enditem|p1b: Torkoal|Weakness Policy\n|-boost|p1b: Torkoal|atk|2|[from] item: Weakness Policy\n|-boost|p1b: Torkoal|spa|2|[from] item: Weakness Policy\n|move|p2b: Luffy (Joy Boy)|Rain Dance|p2b: Luffy (Joy Boy)\n|-weather|RainDance\n|move|p1b: Torkoal|Eruption|p2a: Chopper|[spread] p2a,p2b\n|-resisted|p2a: Chopper\n|-damage|p2a: Chopper|18\/100\n|-damage|p2b: Luffy (Joy Boy)|32\/100\n|move|p2a: Chopper|Recover|p2a: Chopper\n|-heal|p2a: Chopper|68\/100\n|\n|-weather|RainDance|[upkeep]\n|upkeep\n|turn|4\n|l|\u2606Kaidou21\n|inactive|Kaidou21 disconnected and has a minute to reconnect!\n|player|p2|\n|inactive|ZionLJ07 has 30 seconds left.\n|inactive|Kaidou21 has 30 seconds left.\n|j|\u2606Kaidou21\n|inactive|Kaidou21 reconnected and has 30 seconds left.\n|player|p2|Kaidou21|lance\n|inactive|Kaidou21 has 20 seconds left.\n|\n|t:|1700690748\n|move|p1b: Torkoal|Earth Power|p2a: Chopper\n|-supereffective|p2a: Chopper\n|-damage|p2a: Chopper|7\/100\n|move|p2a: Chopper|Pollen Puff|p2b: Luffy (Joy Boy)\n|-heal|p2b: Luffy (Joy Boy)|82\/100\n|move|p1a: Bruxish|Psychic Fangs|p2b: Luffy (Joy Boy)\n|-damage|p2b: Luffy (Joy Boy)|23\/100\n|move|p2b: Luffy (Joy Boy)|Bleakwind Storm|p1b: Torkoal|[spread] p1a,p1b\n|-damage|p1a: Bruxish|24\/100\n|-damage|p1b: Torkoal|37\/100\n|\n|-weather|RainDance|[upkeep]\n|upkeep\n|turn|5\n|\n|t:|1700690769\n|move|p2a: Chopper|Protect|p2a: Chopper\n|-singleturn|p2a: Chopper|Protect\n|move|p1a: Bruxish|Aqua Jet|p2a: Chopper\n|-activate|p2a: Chopper|move: Protect\n|move|p1b: Torkoal|Eruption|p2b: Luffy (Joy Boy)|[spread] p2b\n|-activate|p2a: Chopper|move: Protect\n|-damage|p2b: Luffy (Joy Boy)|0 fnt\n|faint|p2b: Luffy (Joy Boy)\n|\n|-weather|RainDance|[upkeep]\n|-fieldend|move: Trick Room\n|upkeep\n|\n|t:|1700690782\n|switch|p2b: Zoro|Urshifu-Rapid-Strike, L50, M|100\/100\n|turn|6\n|\n|t:|1700690799\n|move|p1b: Torkoal|Protect|p1b: Torkoal\n|-singleturn|p1b: Torkoal|Protect\n|move|p2b: Zoro|Aqua Jet||[still]\n|cant|p1a: Bruxish|ability: Dazzling|Aqua Jet|[of] p2b: Zoro\n|move|p2a: Chopper|Recover|p2a: Chopper\n|-heal|p2a: Chopper|57\/100\n|move|p1a: Bruxish|Trick Room|p1a: Bruxish\n|-fieldstart|move: Trick Room|[of] p1a: Bruxish\n|\n|-weather|RainDance|[upkeep]\n|upkeep\n|turn|7\n|inactive|ZionLJ07 has 30 seconds left.\n|\n|t:|1700690825\n|move|p1a: Bruxish|Aqua Jet|p2a: Chopper\n|-supereffective|p2a: Chopper\n|-damage|p2a: Chopper|27\/100\n|move|p1b: Torkoal|Earth Power|p2a: Chopper\n|-supereffective|p2a: Chopper\n|-damage|p2a: Chopper|0 fnt\n|faint|p2a: Chopper\n|move|p2b: Zoro|Close Combat|p1b: Torkoal\n|-damage|p1b: Torkoal|0 fnt\n|-unboost|p2b: Zoro|def|1\n|-unboost|p2b: Zoro|spd|1\n|faint|p1b: Torkoal\n|\n|-weather|none\n|upkeep\n|\n|t:|1700690840\n|switch|p1b: Urshifu|Urshifu, L50, M|100\/100\n|switch|p2a: Shanks|Charizard, L50, M, shiny|100\/100\n|turn|8\n|inactive|Kaidou21 has 30 seconds left.\n|\n|t:|1700690871\n|move|p1a: Bruxish|Psychic Fangs|p2b: Zoro\n|-supereffective|p2b: Zoro\n|-damage|p2b: Zoro|0 fnt\n|faint|p2b: Zoro\n|move|p1b: Urshifu|Wicked Blow|p2a: Shanks\n|-crit|p2a: Shanks\n|-damage|p2a: Shanks|0 fnt\n|faint|p2a: Shanks\n|-damage|p1b: Urshifu|91\/100|[from] item: Life Orb\n|\n|win|ZionLJ07\n|raw|ZionLJ07's rating: 1178 &rarr; <strong>1196<\/strong><br \/>(+18 for winning)\n|raw|Kaidou21's rating: 1083 &rarr; <strong>1067<\/strong><br \/>(-16 for losing)\n|l|\u2606Kaidou21\n","uploadtime":1700690897,"views":21,"p1id":"zionlj07","p2id":"kaidou21","formatid":"gen9vgc2023regulatione","rating":1067,"private":0,"password":""}