{"id":"gen9vgc2023regulatione-1995134716","p1":"Joshsensei","p2":"ohya_buddy","format":"[Gen 9] VGC 2023 Regulation E","log":"|j|\u2606Joshsensei\n|j|\u2606ohya_buddy\n|t:|1700526418\n|gametype|doubles\n|player|p1|Joshsensei|265|1400\n|player|p2|ohya_buddy|102|1464\n|teamsize|p1|6\n|teamsize|p2|6\n|gen|9\n|tier|[Gen 9] VGC 2023 Regulation E\n|rated|\n|rule|Species Clause: Limit one of each Pok\u00e9mon\n|rule|Item Clause: Limit one of each item\n|clearpoke\n|poke|p1|Okidogi, L50, M|\n|poke|p1|Ogerpon-Wellspring, L50, F|\n|poke|p1|Landorus-Therian, L50, M|\n|poke|p1|Ninetales-Alola, L50, F|\n|poke|p1|Sinistcha, L50|\n|poke|p1|Dragapult, L50, F|\n|poke|p2|Moltres-Galar, L50|\n|poke|p2|Sinistcha-Masterpiece, L50|\n|poke|p2|Ninetales-Alola, L50, F|\n|poke|p2|Landorus-Therian, L50, M|\n|poke|p2|Iron Hands, L50|\n|poke|p2|Heatran, L50, M|\n|teampreview|4\n|\n|t:|1700526461\n|start\n|switch|p1a: Ogerpon|Ogerpon-Wellspring, L50, F|100\/100\n|switch|p1b: Ninetales|Ninetales-Alola, L50, F|100\/100\n|switch|p2a: Landorus|Landorus-Therian, L50, M|100\/100\n|switch|p2b: Ninetales|Ninetales-Alola, L50, F|100\/100\n|-ability|p2a: Landorus|Intimidate|boost\n|-unboost|p1a: Ogerpon|atk|1\n|-unboost|p1b: Ninetales|atk|1\n|-weather|Snow|[from] ability: Snow Warning|[of] p1b: Ninetales\n|turn|1\n|j| meowmeowjoe\n|\n|t:|1700526528\n|move|p2a: Landorus|U-turn|p1a: Ogerpon\n|-supereffective|p1a: Ogerpon\n|-damage|p1a: Ogerpon|44\/100\n|\n|t:|1700526539\n|switch|p2a: Sinistcha|Sinistcha-Masterpiece, L50|100\/100|[from] U-turn\n|move|p1b: Ninetales|Aurora Veil|p1b: Ninetales\n|-sidestart|p1: Joshsensei|move: Aurora Veil\n|move|p2b: Ninetales|Aurora Veil|p2b: Ninetales\n|-sidestart|p2: ohya_buddy|move: Aurora Veil\n|move|p1a: Ogerpon|Swords Dance|p1a: Ogerpon\n|-boost|p1a: Ogerpon|atk|2\n|\n|-weather|Snow|[upkeep]\n|upkeep\n|turn|2\n|\n|t:|1700526568\n|move|p1b: Ninetales|Icy Wind|p2b: Ninetales|[spread] p2a\n|-miss|p1b: Ninetales|p2b: Ninetales\n|-supereffective|p2a: Sinistcha\n|-damage|p2a: Sinistcha|83\/100\n|-unboost|p2a: Sinistcha|spe|1\n|move|p2b: Ninetales|Blizzard|p1a: Ogerpon|[spread] p1a,p1b\n|-crit|p1a: Ogerpon\n|-resisted|p1b: Ninetales\n|-damage|p1a: Ogerpon|4\/100\n|-damage|p1b: Ninetales|93\/100\n|move|p1a: Ogerpon|Horn Leech|p2b: Ninetales\n|-damage|p2b: Ninetales|66\/100\n|-heal|p1a: Ogerpon|21\/100|[from] drain|[of] p2b: Ninetales\n|move|p2a: Sinistcha|Matcha Gotcha|p1b: Ninetales|[spread] p1a,p1b\n|-damage|p1a: Ogerpon|1\/100\n|-heal|p2a: Sinistcha|93\/100|[from] drain|[of] p1a: Ogerpon\n|-damage|p1b: Ninetales|71\/100\n|-heal|p2a: Sinistcha|100\/100|[from] drain|[of] p1b: Ninetales\n|-status|p1a: Ogerpon|brn\n|-status|p1b: Ninetales|brn\n|\n|-weather|Snow|[upkeep]\n|-damage|p1b: Ninetales|65\/100 brn|[from] brn\n|-damage|p1a: Ogerpon|0 fnt|[from] brn\n|faint|p1a: Ogerpon\n|upkeep\n|j| blockchiken\n|\n|t:|1700526583\n|switch|p1a: Dragapult|Dragapult, L50, F|100\/100\n|turn|3\n|\n|t:|1700526621\n|-terastallize|p1a: Dragapult|Ghost\n|move|p1a: Dragapult|Tera Blast|p2a: Sinistcha|[anim] Tera Blast Ghost\n|-supereffective|p2a: Sinistcha\n|-damage|p2a: Sinistcha|6\/100\n|move|p1b: Ninetales|Moonblast|p2b: Ninetales\n|-damage|p2b: Ninetales|49\/100\n|-unboost|p2b: Ninetales|spa|1\n|move|p2b: Ninetales|Blizzard|p1b: Ninetales|[spread] p1a,p1b\n|-resisted|p1b: Ninetales\n|-damage|p1a: Dragapult|85\/100\n|-damage|p1b: Ninetales|60\/100 brn\n|move|p2a: Sinistcha|Strength Sap|p1a: Dragapult\n|-fail|p1a: Dragapult|unboost|[from] ability: Clear Body|[of] p1a: Dragapult\n|-heal|p2a: Sinistcha|100\/100\n|\n|-weather|Snow|[upkeep]\n|-damage|p1b: Ninetales|54\/100 brn|[from] brn\n|upkeep\n|turn|4\n|\n|t:|1700526642\n|switch|p2b: Moltres|Moltres-Galar, L50|100\/100\n|move|p1a: Dragapult|Tera Blast|p2a: Sinistcha|[anim] Tera Blast Ghost\n|-supereffective|p2a: Sinistcha\n|-damage|p2a: Sinistcha|0 fnt\n|faint|p2a: Sinistcha\n|move|p1b: Ninetales|Icy Wind|p2b: Moltres\n|-supereffective|p2b: Moltres\n|-damage|p2b: Moltres|83\/100\n|-unboost|p2b: Moltres|spe|1\n|\n|-weather|Snow|[upkeep]\n|-damage|p1b: Ninetales|48\/100 brn|[from] brn\n|upkeep\n|\n|t:|1700526655\n|switch|p2a: Ninetales|Ninetales-Alola, L50, F|49\/100\n|turn|5\n|\n|t:|1700526678\n|-terastallize|p2b: Moltres|Poison\n|move|p1a: Dragapult|Tera Blast|p2a: Ninetales|[anim] Tera Blast Ghost\n|-damage|p2a: Ninetales|9\/100\n|move|p1b: Ninetales|Icy Wind|p2b: Moltres|[spread] p2a,p2b\n|-resisted|p2a: Ninetales\n|-damage|p2a: Ninetales|5\/100\n|-damage|p2b: Moltres|78\/100\n|-unboost|p2a: Ninetales|spe|1\n|-unboost|p2b: Moltres|spe|1\n|move|p2a: Ninetales|Blizzard|p1a: Dragapult|[spread] p1a,p1b\n|-resisted|p1b: Ninetales\n|-damage|p1a: Dragapult|63\/100\n|-damage|p1b: Ninetales|41\/100 brn\n|move|p2b: Moltres|Nasty Plot|p2b: Moltres\n|-boost|p2b: Moltres|spa|2\n|\n|-weather|none\n|-damage|p1b: Ninetales|35\/100 brn|[from] brn\n|upkeep\n|turn|6\n|\n|t:|1700526696\n|move|p2a: Ninetales|Protect|p2a: Ninetales\n|-singleturn|p2a: Ninetales|Protect\n|move|p1a: Dragapult|Tera Blast|p2b: Moltres|[anim] Tera Blast Ghost\n|-damage|p2b: Moltres|33\/100\n|-ability|p2b: Moltres|Berserk|boost\n|-boost|p2b: Moltres|spa|1\n|-enditem|p2b: Moltres|Sitrus Berry|[eat]\n|-heal|p2b: Moltres|58\/100|[from] item: Sitrus Berry\n|move|p1b: Ninetales|Icy Wind|p2b: Moltres|[spread] p2b\n|-activate|p2a: Ninetales|move: Protect\n|-damage|p2b: Moltres|53\/100\n|-unboost|p2b: Moltres|spe|1\n|move|p2b: Moltres|Fiery Wrath|p1a: Dragapult|[spread] p1a,p1b\n|-supereffective|p1a: Dragapult\n|-resisted|p1b: Ninetales\n|-damage|p1a: Dragapult|0 fnt\n|-damage|p1b: Ninetales|11\/100 brn\n|faint|p1a: Dragapult\n|\n|-damage|p1b: Ninetales|6\/100 brn|[from] brn\n|upkeep\n|\n|t:|1700526699\n|switch|p1a: Okidogi|Okidogi, L50, M|100\/100\n|turn|7\n|\n|t:|1700526727\n|move|p2a: Ninetales|Protect||[still]\n|-fail|p2a: Ninetales\n|move|p1b: Ninetales|Moonblast|p2a: Ninetales\n|-damage|p2a: Ninetales|0 fnt\n|faint|p2a: Ninetales\n|move|p1a: Okidogi|Bulk Up|p1a: Okidogi\n|-boost|p1a: Okidogi|atk|1\n|-boost|p1a: Okidogi|def|1\n|move|p2b: Moltres|Air Slash|p1a: Okidogi\n|-supereffective|p1a: Okidogi\n|-damage|p1a: Okidogi|0 fnt\n|faint|p1a: Okidogi\n|\n|-damage|p1b: Ninetales|0 fnt|[from] brn\n|faint|p1b: Ninetales\n|\n|win|ohya_buddy\n|upkeep\n|raw|Joshsensei's rating: 1400 &rarr; <strong>1384<\/strong><br \/>(-16 for losing)\n|raw|ohya_buddy's rating: 1464 &rarr; <strong>1480<\/strong><br \/>(+16 for winning)\n|l|\u2606Joshsensei\n|l|\u2606ohya_buddy\n","uploadtime":1700526839,"views":5,"p1id":"joshsensei","p2id":"ohyabuddy","formatid":"gen9vgc2023regulatione","rating":1384,"private":0,"password":""}