{"id":"gen9vgc2023regulatione-1991215644","p1":"matthewssandslash","p2":"Twodie","format":"[Gen 9] VGC 2023 Regulation E","log":"|j|\u2606matthewssandslash\n|j|\u2606Twodie\n|n|\u2606matthewssandslash|matthewssandslash\n|n|\u2606Twodie|twodie\n|html|View the match progress at <a href=\"\/game-bestof3-gen9vgc2023regulatione-1991207055\">game-bestof3-gen9vgc2023regulatione-1991207055<\/a>\n|t:|1700058023\n|gametype|doubles\n|player|p1|matthewssandslash|1|\n|player|p2|Twodie|170|\n|teamsize|p1|6\n|teamsize|p2|6\n|gen|9\n|tier|[Gen 9] VGC 2023 Regulation E\n|rule|Species Clause: Limit one of each Pok\u00e9mon\n|rule|Item Clause: Limit one of each item\n|clearpoke\n|poke|p1|Piloswine, L50, F|\n|poke|p1|Toxicroak, L50, F|\n|poke|p1|Mabosstiff, L50, M|\n|poke|p1|Oricorio, L50, F|\n|poke|p1|Dudunsparce-*, L50, M|\n|poke|p1|Ribombee, L50, F|\n|poke|p2|Avalugg, L50, M|\n|poke|p2|Slowking-Galar, L50, F|\n|poke|p2|Vikavolt, L50, M|\n|poke|p2|Houndstone, L50, F|\n|poke|p2|Magnezone, L50|\n|poke|p2|Toxapex, L50, M|\n|teampreview|4\n|c|\u2606matthewssandslash|glhf!\n|c|\u2606Twodie|gl gl\n|\n|t:|1700058236\n|start\n|switch|p1a: Inconspicuous Dos|Mabosstiff, L50, M|100\/100\n|switch|p1b: Unrecognized Duo|Dudunsparce-Three-Segment, L50, M|100\/100\n|switch|p2a: Slowking|Slowking-Galar, L50, F|100\/100\n|switch|p2b: Houndstone|Houndstone, L50, F|100\/100\n|-ability|p1a: Inconspicuous Dos|Intimidate|boost\n|-unboost|p2a: Slowking|atk|1\n|-unboost|p2b: Houndstone|atk|1\n|turn|1\n|\n|t:|1700058294\n|move|p1a: Inconspicuous Dos|Crunch|p2a: Slowking\n|-supereffective|p2a: Slowking\n|-damage|p2a: Slowking|16\/100\n|move|p1b: Unrecognized Duo|Hyper Voice|p2a: Slowking|[spread] p2a\n|-immune|p2b: Houndstone\n|-damage|p2a: Slowking|0 fnt\n|faint|p2a: Slowking\n|move|p2b: Houndstone|Will-O-Wisp|p1b: Unrecognized Duo\n|-status|p1b: Unrecognized Duo|brn\n|\n|-damage|p1b: Unrecognized Duo|95\/100 brn|[from] brn\n|upkeep\n|\n|t:|1700058306\n|switch|p2a: Toxapex|Toxapex, L50, M|100\/100\n|turn|2\n|\n|t:|1700058368\n|switch|p2b: Avalugg|Avalugg, L50, M, shiny|100\/100\n|move|p1a: Inconspicuous Dos|Protect|p1a: Inconspicuous Dos\n|-singleturn|p1a: Inconspicuous Dos|Protect\n|move|p1b: Unrecognized Duo|Flamethrower|p2b: Avalugg\n|-supereffective|p2b: Avalugg\n|-damage|p2b: Avalugg|19\/100\n|move|p2a: Toxapex|Toxic|p1a: Inconspicuous Dos\n|-activate|p1a: Inconspicuous Dos|move: Protect\n|\n|-heal|p2b: Avalugg|25\/100|[from] item: Leftovers\n|-damage|p1b: Unrecognized Duo|89\/100 brn|[from] brn\n|upkeep\n|turn|3\n|\n|t:|1700058426\n|move|p1a: Inconspicuous Dos|Crunch|p2a: Toxapex\n|-damage|p2a: Toxapex|75\/100\n|-damage|p1a: Inconspicuous Dos|84\/100|[from] item: Rocky Helmet|[of] p2a: Toxapex\n|move|p1b: Unrecognized Duo|Hyper Voice|p2a: Toxapex|[spread] p2a,p2b\n|-damage|p2a: Toxapex|48\/100\n|-damage|p2b: Avalugg|0 fnt\n|faint|p2b: Avalugg\n|move|p2a: Toxapex|Sludge Bomb|p1b: Unrecognized Duo\n|-damage|p1b: Unrecognized Duo|69\/100 brn\n|\n|-damage|p1b: Unrecognized Duo|63\/100 brn|[from] brn\n|upkeep\n|\n|t:|1700058437\n|switch|p2b: Houndstone|Houndstone, L50, F|100\/100\n|turn|4\n|\n|t:|1700058485\n|move|p1a: Inconspicuous Dos|Crunch|p2b: Houndstone\n|-supereffective|p2b: Houndstone\n|-crit|p2b: Houndstone\n|-damage|p2b: Houndstone|36\/100\n|move|p1b: Unrecognized Duo|Flamethrower|p2b: Houndstone\n|-damage|p2b: Houndstone|0 fnt\n|faint|p2b: Houndstone\n|move|p2a: Toxapex|Hydro Pump|p1a: Inconspicuous Dos\n|-damage|p1a: Inconspicuous Dos|52\/100\n|\n|-damage|p1b: Unrecognized Duo|57\/100 brn|[from] brn\n|upkeep\n|turn|5\n|c|\u2606Twodie|dang gg\n|c|\u2606matthewssandslash|gg\n|c|\u2606matthewssandslash|I don't think the crit mattered\n|c|\u2606Twodie|Wheres the concede button btw ?\n|c|\u2606matthewssandslash|flamethrower should've done it\n|c|\u2606matthewssandslash|there's an \"x\"\n|c|\u2606Twodie|I couldn't find it last week\n|c|\u2606Twodie|oh do i have to like close the tab ?\n|c|\u2606matthewssandslash|yeah but\n|c|\u2606matthewssandslash|you can just play this last turn :(\n|\n|t:|1700058557\n|-terastallize|p1a: Inconspicuous Dos|Ground\n|move|p1a: Inconspicuous Dos|Tera Blast|p2a: Toxapex|[anim] Tera Blast Ground\n|-supereffective|p2a: Toxapex\n|-damage|p2a: Toxapex|0 fnt\n|faint|p2a: Toxapex\n|\n|win|matthewssandslash\n|c|\u2606matthewssandslash|I have one last tech\n|c|\u2606matthewssandslash|I was SCARED of magnezone\n|c|\u2606matthewssandslash|gg\n|c|\u2606Twodie|Lol the tera ground\n|c|\u2606Twodie|Yeah I should've brought him in there for the analytic proc when you double team the slowking\n|c|\u2606Twodie|gg tho\n|c|\u2606Twodie|What is the etiquette on match replays ?\n|c|\u2606Twodie|Loser or Winner pastes them ?\n","uploadtime":1700058578,"views":28,"p1id":"matthewssandslash","p2id":"twodie","formatid":"gen9vgc2023regulatione","rating":0,"private":0,"password":""}