{"id":"gen9vgc2023regulatione-1990591376","p1":"cr4kor","p2":"taytayla","format":"[Gen 9] VGC 2023 Regulation E","log":"|j|\u2606cr4kor\n|j|\u2606taytayla\n|t:|1699983997\n|gametype|doubles\n|player|p1|cr4kor|101|1075\n|player|p2|taytayla|lady|1126\n|teamsize|p1|6\n|teamsize|p2|6\n|gen|9\n|tier|[Gen 9] VGC 2023 Regulation E\n|rated|\n|rule|Species Clause: Limit one of each Pok\u00e9mon\n|rule|Item Clause: Limit one of each item\n|clearpoke\n|poke|p1|Ninetales-Alola, L50, M|\n|poke|p1|Dragapult, L50, M|\n|poke|p1|Pelipper, L50, F|\n|poke|p1|Gastrodon, L50, M|\n|poke|p1|Farigiraf, L50, M|\n|poke|p1|Rillaboom, L50, F|\n|poke|p2|Ambipom, L50, M|\n|poke|p2|Ninetales, L50, M|\n|poke|p2|Ogerpon-Hearthflame, L50, F|\n|poke|p2|Great Tusk, L50|\n|poke|p2|Iron Jugulis, L50|\n|poke|p2|Muk, L50, F|\n|teampreview|4\n|\n|t:|1699984043\n|start\n|switch|p1a: Pelipper|Pelipper, L50, F|100\/100\n|switch|p1b: Gastrodon|Gastrodon, L50, M|100\/100\n|switch|p2a: Ambipom|Ambipom, L50, M|100\/100\n|switch|p2b: Muk|Muk, L50, F|100\/100\n|-weather|RainDance|[from] ability: Drizzle|[of] p1a: Pelipper\n|turn|1\n|\n|t:|1699984069\n|move|p2a: Ambipom|Fake Out|p1b: Gastrodon\n|-enditem|p2a: Ambipom|Normal Gem|[from] gem\n|-damage|p1b: Gastrodon|74\/100\n|move|p1a: Pelipper|Surf|p2b: Muk|[spread] p2a,p2b\n|-ability|p1b: Gastrodon|Storm Drain|boost\n|-boost|p1b: Gastrodon|spa|1\n|-damage|p2a: Ambipom|46\/100\n|-damage|p2b: Muk|70\/100\n|-enditem|p2b: Muk|Red Card|[of] p1a: Pelipper\n|drag|p1a: Ninetales|Ninetales-Alola, L50, M|100\/100\n|-weather|Snow|[from] ability: Snow Warning|[of] p1a: Ninetales\n|move|p2b: Muk|Poison Jab|p1a: Ninetales\n|-supereffective|p1a: Ninetales\n|-damage|p1a: Ninetales|34\/100\n|-status|p1a: Ninetales|psn\n|-enditem|p1a: Ninetales|Sitrus Berry|[eat]\n|-heal|p1a: Ninetales|59\/100 psn|[from] item: Sitrus Berry\n|cant|p1b: Gastrodon|flinch\n|\n|-weather|Snow|[upkeep]\n|-heal|p1b: Gastrodon|80\/100|[from] item: Leftovers\n|-damage|p1a: Ninetales|47\/100 psn|[from] psn\n|-item|p2a: Ambipom|Sitrus Berry|[from] ability: Pickup\n|upkeep\n|-enditem|p2a: Ambipom|Sitrus Berry|[eat]\n|-heal|p2a: Ambipom|71\/100|[from] item: Sitrus Berry\n|turn|2\n|\n|t:|1699984098\n|switch|p1a: Farigiraf|Farigiraf, L50, M|100\/100\n|move|p2a: Ambipom|Last Resort|p1b: Gastrodon\n|-damage|p1b: Gastrodon|17\/100\n|move|p2b: Muk|Poison Jab|p1a: Farigiraf\n|-damage|p1a: Farigiraf|62\/100\n|move|p1b: Gastrodon|Blizzard|p2b: Muk|[spread] p2a,p2b\n|-damage|p2a: Ambipom|29\/100\n|-damage|p2b: Muk|50\/100\n|\n|-weather|Snow|[upkeep]\n|-heal|p1b: Gastrodon|23\/100|[from] item: Leftovers\n|upkeep\n|turn|3\n|\n|t:|1699984118\n|move|p2a: Ambipom|Last Resort|p1b: Gastrodon\n|-damage|p1b: Gastrodon|0 fnt\n|faint|p1b: Gastrodon\n|move|p1a: Farigiraf|Hyper Voice|p2b: Muk|[spread] p2a,p2b\n|-damage|p2a: Ambipom|0 fnt\n|-damage|p2b: Muk|25\/100\n|faint|p2a: Ambipom\n|-enditem|p1a: Farigiraf|Throat Spray\n|-boost|p1a: Farigiraf|spa|1|[from] item: Throat Spray\n|move|p2b: Muk|Knock Off|p1a: Farigiraf\n|-supereffective|p1a: Farigiraf\n|-crit|p1a: Farigiraf\n|-damage|p1a: Farigiraf|1\/100\n|\n|-weather|Snow|[upkeep]\n|upkeep\n|\n|t:|1699984139\n|switch|p2a: Ninetales|Ninetales, L50, M|100\/100\n|switch|p1b: Ninetales|Ninetales-Alola, L50, M|47\/100 psn\n|-weather|SunnyDay|[from] ability: Drought|[of] p2a: Ninetales\n|turn|4\n|\n|t:|1699984157\n|move|p1a: Farigiraf|Helping Hand|p1b: Ninetales\n|-singleturn|p1b: Ninetales|Helping Hand|[of] p1a: Farigiraf\n|move|p1b: Ninetales|Moonblast|p2a: Ninetales\n|-resisted|p2a: Ninetales\n|-damage|p2a: Ninetales|81\/100\n|move|p2a: Ninetales|Heat Wave|p1a: Farigiraf|[spread] p1a,p1b\n|-supereffective|p1b: Ninetales\n|-damage|p1a: Farigiraf|0 fnt\n|-damage|p1b: Ninetales|0 fnt\n|faint|p1a: Farigiraf\n|faint|p1b: Ninetales\n|move|p2b: Muk|Poison Jab|p1: Farigiraf|[notarget]\n|-fail|p2b: Muk\n|\n|-weather|SunnyDay|[upkeep]\n|upkeep\n|\n|t:|1699984170\n|switch|p1b: Pelipper|Pelipper, L50, F|100\/100\n|-weather|RainDance|[from] ability: Drizzle|[of] p1b: Pelipper\n|turn|5\n|\n|t:|1699984178\n|switch|p2a: Ogerpon|Ogerpon-Hearthflame, L50, F|100\/100\n|-ability|p2a: Ogerpon|Mold Breaker\n|move|p2b: Muk|Protect|p2b: Muk\n|-singleturn|p2b: Muk|Protect\n|move|p1b: Pelipper|Surf|p2a: Ogerpon|[spread] p2a\n|-activate|p2b: Muk|move: Protect\n|-damage|p2a: Ogerpon|56\/100\n|\n|-weather|RainDance|[upkeep]\n|upkeep\n|turn|6\n|\n|t:|1699984190\n|switch|p2b: Ninetales|Ninetales, L50, M|81\/100\n|-weather|SunnyDay|[from] ability: Drought|[of] p2b: Ninetales\n|move|p2a: Ogerpon|Horn Leech|p1b: Pelipper\n|-damage|p1b: Pelipper|67\/100\n|-heal|p2a: Ogerpon|74\/100|[from] drain|[of] p1b: Pelipper\n|move|p1b: Pelipper|Surf|p2a: Ogerpon|[spread] p2a,p2b\n|-supereffective|p2b: Ninetales\n|-damage|p2a: Ogerpon|61\/100\n|-damage|p2b: Ninetales|63\/100\n|\n|-weather|SunnyDay|[upkeep]\n|upkeep\n|turn|7\n|c|\u2606cr4kor|gg\n|\n|t:|1699984205\n|-terastallize|p1b: Pelipper|Ground\n|move|p2a: Ogerpon|Horn Leech|p1b: Pelipper\n|-supereffective|p1b: Pelipper\n|-damage|p1b: Pelipper|0 fnt\n|-heal|p2a: Ogerpon|97\/100|[from] drain|[of] p1b: Pelipper\n|faint|p1b: Pelipper\n|\n|win|taytayla\n|raw|cr4kor's rating: 1075 &rarr; <strong>1057<\/strong><br \/>(-18 for losing)\n|raw|taytayla's rating: 1126 &rarr; <strong>1147<\/strong><br \/>(+21 for winning)\n|c|\u2606taytayla|gg\n","uploadtime":1699984213,"views":17,"p1id":"cr4kor","p2id":"taytayla","formatid":"gen9vgc2023regulatione","rating":1057,"private":0,"password":""}