{"id":"gen9vgc2023regulatione-1998124519","p1":"CaliberChamp","p2":"jonbobe","format":"[Gen 9] VGC 2023 Regulation E","log":"|j|\u2606CaliberChamp\n|j|\u2606jonbobe\n|t:|1700895769\n|gametype|doubles\n|player|p1|CaliberChamp|red-masters|1174\n|player|p2|jonbobe|102|1182\n|teamsize|p1|6\n|teamsize|p2|6\n|gen|9\n|tier|[Gen 9] VGC 2023 Regulation E\n|rated|\n|rule|Species Clause: Limit one of each Pok\u00e9mon\n|rule|Item Clause: Limit one of each item\n|clearpoke\n|poke|p1|Ogerpon-Wellspring, L50, F|\n|poke|p1|Cyclizar, L50, M|\n|poke|p1|Armarouge, L50, M|\n|poke|p1|Ceruledge, L50, F|\n|poke|p1|Iron Bundle, L50|\n|poke|p1|Iron Valiant, L50|\n|poke|p2|Flutter Mane, L50|\n|poke|p2|Moltres-Galar, L50|\n|poke|p2|Grimmsnarl, L50, M|\n|poke|p2|Arcanine-Hisui, L50, F|\n|poke|p2|Sinistcha, L50|\n|poke|p2|Rillaboom, L50, F|\n|teampreview|4\n|inactive|Battle timer is ON: inactive players will automatically lose when time's up. (requested by CaliberChamp)\n|\n|t:|1700895800\n|start\n|switch|p1a: Armarouge|Armarouge, L50, M|100\/100\n|switch|p1b: Delibundle|Iron Bundle, L50|100\/100\n|switch|p2a: Flutter Mane|Flutter Mane, L50|100\/100\n|switch|p2b: Moltres|Moltres-Galar, L50|100\/100\n|-enditem|p2a: Flutter Mane|Booster Energy\n|-activate|p2a: Flutter Mane|ability: Protosynthesis|[fromitem]\n|-start|p2a: Flutter Mane|protosynthesisspe\n|turn|1\n|inactive|CaliberChamp has 30 seconds left.\n|inactive|jonbobe has 30 seconds left.\n|inactive|jonbobe has 20 seconds left.\n|inactive|jonbobe has 15 seconds left.\n|inactive|jonbobe has 10 seconds left.\n|inactive|jonbobe has 5 seconds left.\n|\n|t:|1700895854\n|move|p2b: Moltres|Protect|p2b: Moltres\n|-singleturn|p2b: Moltres|Protect\n|move|p1a: Armarouge|Wide Guard|p1a: Armarouge\n|-singleturn|p1a: Armarouge|Wide Guard\n|move|p2a: Flutter Mane|Shadow Ball|p1b: Delibundle\n|-damage|p1b: Delibundle|4\/100\n|move|p1b: Delibundle|Freeze-Dry|p2a: Flutter Mane\n|-damage|p2a: Flutter Mane|61\/100\n|\n|upkeep\n|turn|2\n|inactive|CaliberChamp has 30 seconds left.\n|inactive|jonbobe has 30 seconds left.\n|inactive|CaliberChamp has 20 seconds left.\n|inactive|jonbobe has 20 seconds left.\n|\n|t:|1700895893\n|-terastallize|p1a: Armarouge|Dark\n|move|p1b: Delibundle|Protect|p1b: Delibundle\n|-singleturn|p1b: Delibundle|Protect\n|move|p2a: Flutter Mane|Icy Wind|p1a: Armarouge|[spread] p1a\n|-activate|p1b: Delibundle|move: Protect\n|-damage|p1a: Armarouge|86\/100\n|move|p2b: Moltres|Nasty Plot|p2b: Moltres\n|-boost|p2b: Moltres|spa|2\n|move|p1a: Armarouge|Trick Room|p1a: Armarouge\n|-fieldstart|move: Trick Room|[of] p1a: Armarouge\n|\n|upkeep\n|turn|3\n|inactive|CaliberChamp has 30 seconds left.\n|inactive|jonbobe has 30 seconds left.\n|\n|t:|1700895925\n|move|p2b: Moltres|Protect|p2b: Moltres\n|-singleturn|p2b: Moltres|Protect\n|move|p1a: Armarouge|Wide Guard|p1a: Armarouge\n|-singleturn|p1a: Armarouge|Wide Guard\n|move|p1b: Delibundle|Freeze-Dry|p2a: Flutter Mane\n|-damage|p2a: Flutter Mane|23\/100\n|move|p2a: Flutter Mane|Dazzling Gleam|p1b: Delibundle|[spread] \n|-activate|p1a: Armarouge|move: Wide Guard\n|-activate|p1b: Delibundle|move: Wide Guard\n|\n|upkeep\n|turn|4\n|inactive|jonbobe has 30 seconds left.\n|inactive|jonbobe has 20 seconds left.\n|inactive|jonbobe has 15 seconds left.\n|inactive|jonbobe has 10 seconds left.\n|\n|t:|1700895974\n|-terastallize|p2b: Moltres|Poison\n|move|p1b: Delibundle|Protect|p1b: Delibundle\n|-singleturn|p1b: Delibundle|Protect\n|move|p1a: Armarouge|Lava Plume|p2b: Moltres|[spread] p2a,p2b\n|-activate|p1b: Delibundle|move: Protect\n|-damage|p2a: Flutter Mane|0 fnt\n|-damage|p2b: Moltres|80\/100\n|faint|p2a: Flutter Mane\n|-end|p2a: Flutter Mane|Protosynthesis|[silent]\n|move|p2b: Moltres|Fiery Wrath|p1a: Armarouge|[spread] p1a\n|-activate|p1b: Delibundle|move: Protect\n|-resisted|p1a: Armarouge\n|-crit|p1a: Armarouge\n|-damage|p1a: Armarouge|35\/100\n|\n|-heal|p2b: Moltres|86\/100|[from] item: Leftovers\n|upkeep\n|\n|t:|1700895989\n|switch|p2a: Rillaboom|Rillaboom, L50, F|100\/100\n|-fieldstart|move: Grassy Terrain|[from] ability: Grassy Surge|[of] p2a: Rillaboom\n|turn|5\n|inactive|jonbobe has 30 seconds left.\n|inactive|jonbobe has 20 seconds left.\n|inactive|jonbobe has 15 seconds left.\n|inactive|jonbobe has 10 seconds left.\n|\n|t:|1700896037\n|-end|p1b: Delibundle|Quark Drive|[silent]\n|switch|p1b: Ceruledge|Ceruledge, L50, F|100\/100\n|move|p1a: Armarouge|Wide Guard|p1a: Armarouge\n|-singleturn|p1a: Armarouge|Wide Guard\n|move|p2a: Rillaboom|Grassy Glide|p1b: Ceruledge\n|-resisted|p1b: Ceruledge\n|-damage|p1b: Ceruledge|81\/100\n|move|p2b: Moltres|Fiery Wrath|p1a: Armarouge|[spread] \n|-activate|p1a: Armarouge|move: Wide Guard\n|-activate|p1b: Ceruledge|move: Wide Guard\n|\n|-heal|p1a: Armarouge|42\/100|[from] Grassy Terrain\n|-heal|p1b: Ceruledge|87\/100|[from] Grassy Terrain\n|-heal|p2b: Moltres|92\/100|[from] Grassy Terrain\n|-heal|p2b: Moltres|98\/100|[from] item: Leftovers\n|upkeep\n|turn|6\n|\n|t:|1700896057\n|move|p1a: Armarouge|Lava Plume|p2a: Rillaboom|[spread] p2a,p2b\n|-start|p1b: Ceruledge|ability: Flash Fire\n|-supereffective|p2a: Rillaboom\n|-damage|p2a: Rillaboom|60\/100\n|-damage|p2b: Moltres|76\/100\n|move|p1b: Ceruledge|Bitter Blade|p2a: Rillaboom\n|-supereffective|p2a: Rillaboom\n|-damage|p2a: Rillaboom|0 fnt\n|-heal|p1b: Ceruledge|100\/100|[from] drain|[of] p2a: Rillaboom\n|faint|p2a: Rillaboom\n|move|p2b: Moltres|Nasty Plot|p2b: Moltres\n|-boost|p2b: Moltres|spa|2\n|\n|-heal|p1a: Armarouge|48\/100|[from] Grassy Terrain\n|-heal|p2b: Moltres|82\/100|[from] Grassy Terrain\n|-heal|p2b: Moltres|88\/100|[from] item: Leftovers\n|-fieldend|move: Trick Room\n|upkeep\n|\n|t:|1700896079\n|switch|p2a: Sinistcha|Sinistcha, L50|100\/100\n|-heal|p2b: Moltres|100\/100|[from] ability: Hospitality|[of] p2a: Sinistcha\n|turn|7\n|\n|t:|1700896100\n|move|p1a: Armarouge|Wide Guard|p1a: Armarouge\n|-singleturn|p1a: Armarouge|Wide Guard\n|move|p2b: Moltres|Fiery Wrath|p1a: Armarouge|[spread] \n|-activate|p1a: Armarouge|move: Wide Guard\n|-activate|p1b: Ceruledge|move: Wide Guard\n|move|p1b: Ceruledge|Bitter Blade|p2a: Sinistcha\n|-supereffective|p2a: Sinistcha\n|-damage|p2a: Sinistcha|0 fnt\n|faint|p2a: Sinistcha\n|\n|-heal|p1a: Armarouge|54\/100|[from] Grassy Terrain\n|upkeep\n|turn|8\n|\n|t:|1700896115\n|move|p1a: Armarouge|Wide Guard|p1a: Armarouge\n|-singleturn|p1a: Armarouge|Wide Guard\n|move|p2b: Moltres|Air Slash|p1a: Armarouge\n|-damage|p1a: Armarouge|0 fnt\n|faint|p1a: Armarouge\n|move|p1b: Ceruledge|Bitter Blade|p2b: Moltres\n|-damage|p2b: Moltres|7\/100\n|-ability|p2b: Moltres|Berserk|boost\n|-boost|p2b: Moltres|spa|1\n|\n|-heal|p2b: Moltres|13\/100|[from] Grassy Terrain\n|-heal|p2b: Moltres|19\/100|[from] item: Leftovers\n|upkeep\n|\n|t:|1700896132\n|switch|p1a: Delibundle|Iron Bundle, L50|4\/100\n|turn|9\n|\n|t:|1700896144\n|move|p1b: Ceruledge|Shadow Sneak|p2b: Moltres\n|-damage|p2b: Moltres|0 fnt\n|faint|p2b: Moltres\n|\n|win|CaliberChamp\n|raw|CaliberChamp's rating: 1174 &rarr; <strong>1200<\/strong><br \/>(+26 for winning)\n|raw|jonbobe's rating: 1182 &rarr; <strong>1156<\/strong><br \/>(-26 for losing)\n|l|\u2606jonbobe\n","uploadtime":1700896156,"views":2,"p1id":"caliberchamp","p2id":"jonbobe","formatid":"gen9vgc2023regulatione","rating":1156,"private":0,"password":""}