{"id":"gen9vgc2023regulatione-1996036007","p1":"jungle211","p2":"ShadowTriad Lazer","format":"[Gen 9] VGC 2023 Regulation E","log":"|j|\u2606jungle211\n|j|\u2606ShadowTriad Lazer\n|t:|1700633031\n|gametype|doubles\n|player|p1|jungle211|koga|1102\n|player|p2|ShadowTriad Lazer|shadowtriad|1028\n|teamsize|p1|6\n|teamsize|p2|6\n|gen|9\n|tier|[Gen 9] VGC 2023 Regulation E\n|rated|\n|rule|Species Clause: Limit one of each Pok\u00e9mon\n|rule|Item Clause: Limit one of each item\n|clearpoke\n|poke|p1|Tornadus, L50, M|\n|poke|p1|Chi-Yu, L50|\n|poke|p1|Flutter Mane, L50|\n|poke|p1|Iron Hands, L50|\n|poke|p1|Palafin, L50, M|\n|poke|p1|Meowscarada, L50, F|\n|poke|p2|Sneasler, L50, F|\n|poke|p2|Weavile, L50, M|\n|poke|p2|Sneasel, L50, M|\n|poke|p2|Espeon, L50, F|\n|poke|p2|Milotic, L50, F|\n|poke|p2|Typhlosion-Hisui, L50, M|\n|teampreview|4\n|\n|t:|1700633071\n|start\n|switch|p1a: Palafin|Palafin, L50, M|100\/100\n|switch|p1b: Meowscarada|Meowscarada, L50, F|100\/100\n|switch|p2a: Milotic|Milotic, L50, F|100\/100\n|switch|p2b: Jonin|Sneasler, L50, F|100\/100\n|-ability|p2b: Jonin|Pressure\n|turn|1\n|\n|t:|1700633093\n|detailschange|p1a: Palafin|Palafin-Hero, L50, M\n|switch|p1a: Iron Hands|Iron Hands, L50|100\/100\n|move|p2b: Jonin|Protect|p2b: Jonin\n|-singleturn|p2b: Jonin|Protect\n|move|p1b: Meowscarada|Play Rough|p2b: Jonin\n|-start|p1b: Meowscarada|typechange|Fairy|[from] ability: Protean\n|-activate|p2b: Jonin|move: Protect\n|move|p2a: Milotic|Icy Wind|p1a: Iron Hands|[spread] p1a,p1b\n|-crit|p1b: Meowscarada\n|-damage|p1a: Iron Hands|95\/100\n|-damage|p1b: Meowscarada|78\/100\n|-unboost|p1a: Iron Hands|spe|1\n|-unboost|p1b: Meowscarada|spe|1\n|\n|upkeep\n|turn|2\n|\n|t:|1700633125\n|switch|p2b: Pairo Obake|Typhlosion-Hisui, L50, M|100\/100\n|move|p1b: Meowscarada|Flower Trick|p2a: Milotic\n|-supereffective|p2a: Milotic\n|-crit|p2a: Milotic\n|-damage|p2a: Milotic|46\/100\n|-enditem|p2a: Milotic|Kee Berry|[eat]\n|-boost|p2a: Milotic|def|1|[from] item: Kee Berry\n|move|p2a: Milotic|Chilling Water|p1a: Iron Hands\n|-damage|p1a: Iron Hands|85\/100\n|-unboost|p1a: Iron Hands|atk|1\n|move|p1a: Iron Hands|Drain Punch|p2b: Pairo Obake\n|-immune|p2b: Pairo Obake\n|\n|upkeep\n|turn|3\n|\n|t:|1700633145\n|move|p1b: Meowscarada|Sucker Punch||[still]\n|-fail|p1b: Meowscarada\n|move|p2b: Pairo Obake|Will-O-Wisp|p1a: Iron Hands\n|-status|p1a: Iron Hands|brn\n|move|p2a: Milotic|Recover|p2a: Milotic\n|-heal|p2a: Milotic|96\/100\n|move|p1a: Iron Hands|Wild Charge|p2a: Milotic\n|-supereffective|p2a: Milotic\n|-damage|p2a: Milotic|78\/100\n|-damage|p1a: Iron Hands|81\/100 brn|[from] Recoil\n|\n|-damage|p1a: Iron Hands|75\/100 brn|[from] brn\n|upkeep\n|turn|4\n|\n|t:|1700633171\n|move|p2b: Pairo Obake|Will-O-Wisp|p1b: Meowscarada\n|-status|p1b: Meowscarada|brn\n|move|p1b: Meowscarada|Flower Trick|p2a: Milotic\n|-supereffective|p2a: Milotic\n|-crit|p2a: Milotic\n|-damage|p2a: Milotic|50\/100\n|move|p2a: Milotic|Chilling Water|p1b: Meowscarada\n|-damage|p1b: Meowscarada|51\/100 brn\n|-unboost|p1b: Meowscarada|atk|1\n|move|p1a: Iron Hands|Wild Charge|p2a: Milotic\n|-supereffective|p2a: Milotic\n|-damage|p2a: Milotic|29\/100\n|-damage|p1a: Iron Hands|70\/100 brn|[from] Recoil\n|\n|-damage|p1b: Meowscarada|46\/100 brn|[from] brn\n|-damage|p1a: Iron Hands|64\/100 brn|[from] brn\n|upkeep\n|turn|5\n|\n|t:|1700633195\n|-terastallize|p2a: Milotic|Dragon\n|move|p2b: Pairo Obake|Tera Blast|p1b: Meowscarada\n|-damage|p1b: Meowscarada|7\/100 brn\n|move|p1b: Meowscarada|Flower Trick|p2a: Milotic\n|-resisted|p2a: Milotic\n|-crit|p2a: Milotic\n|-damage|p2a: Milotic|22\/100\n|move|p2a: Milotic|Recover|p2a: Milotic\n|-heal|p2a: Milotic|72\/100\n|move|p1a: Iron Hands|Wild Charge|p2a: Milotic\n|-resisted|p2a: Milotic\n|-damage|p2a: Milotic|67\/100\n|-damage|p1a: Iron Hands|63\/100 brn|[from] Recoil\n|\n|-damage|p1b: Meowscarada|1\/100 brn|[from] brn\n|-damage|p1a: Iron Hands|57\/100 brn|[from] brn\n|upkeep\n|turn|6\n|\n|t:|1700633220\n|move|p2b: Pairo Obake|Protect|p2b: Pairo Obake\n|-singleturn|p2b: Pairo Obake|Protect\n|move|p1b: Meowscarada|Play Rough|p2a: Milotic\n|-supereffective|p2a: Milotic\n|-damage|p2a: Milotic|52\/100\n|move|p2a: Milotic|Recover|p2a: Milotic\n|-heal|p2a: Milotic|100\/100\n|move|p1a: Iron Hands|Drain Punch|p2a: Milotic\n|-damage|p2a: Milotic|92\/100\n|-heal|p1a: Iron Hands|61\/100 brn|[from] drain|[of] p2a: Milotic\n|\n|-damage|p1b: Meowscarada|0 fnt|[from] brn\n|faint|p1b: Meowscarada\n|-damage|p1a: Iron Hands|55\/100 brn|[from] brn\n|upkeep\n|\n|t:|1700633231\n|switch|p1b: Palafin|Palafin-Hero, L50, M|100\/100\n|-activate|p1b: Palafin|ability: Zero to Hero\n|turn|7\n|\n|t:|1700633247\n|move|p1b: Palafin|Jet Punch|p2b: Pairo Obake\n|-supereffective|p2b: Pairo Obake\n|-enditem|p2b: Pairo Obake|Focus Sash\n|-damage|p2b: Pairo Obake|1\/100\n|move|p2b: Pairo Obake|Will-O-Wisp|p1b: Palafin\n|-status|p1b: Palafin|brn\n|move|p2a: Milotic|Chilling Water|p1b: Palafin\n|-resisted|p1b: Palafin\n|-damage|p1b: Palafin|90\/100 brn\n|-unboost|p1b: Palafin|atk|1\n|move|p1a: Iron Hands|Drain Punch|p2a: Milotic\n|-damage|p2a: Milotic|83\/100\n|-heal|p1a: Iron Hands|59\/100 brn|[from] drain|[of] p2a: Milotic\n|\n|-damage|p1b: Palafin|84\/100 brn|[from] brn\n|-damage|p1a: Iron Hands|53\/100 brn|[from] brn\n|upkeep\n|turn|8\n|\n|t:|1700633270\n|move|p1b: Palafin|Haze|p1b: Palafin\n|-clearallboost\n|move|p2b: Pairo Obake|Overheat|p1b: Palafin\n|-resisted|p1b: Palafin\n|-damage|p1b: Palafin|33\/100 brn\n|-unboost|p2b: Pairo Obake|spa|2\n|move|p2a: Milotic|Chilling Water|p1b: Palafin\n|-resisted|p1b: Palafin\n|-damage|p1b: Palafin|22\/100 brn\n|-unboost|p1b: Palafin|atk|1\n|move|p1a: Iron Hands|Drain Punch|p2a: Milotic\n|-damage|p2a: Milotic|65\/100\n|-heal|p1a: Iron Hands|61\/100 brn|[from] drain|[of] p2a: Milotic\n|\n|-damage|p1b: Palafin|16\/100 brn|[from] brn\n|-damage|p1a: Iron Hands|55\/100 brn|[from] brn\n|upkeep\n|turn|9\n|\n|t:|1700633293\n|move|p1b: Palafin|Protect|p1b: Palafin\n|-singleturn|p1b: Palafin|Protect\n|move|p2b: Pairo Obake|Protect|p2b: Pairo Obake\n|-singleturn|p2b: Pairo Obake|Protect\n|move|p2a: Milotic|Chilling Water|p1b: Palafin\n|-activate|p1b: Palafin|move: Protect\n|move|p1a: Iron Hands|Drain Punch|p2a: Milotic\n|-damage|p2a: Milotic|48\/100\n|-heal|p1a: Iron Hands|62\/100 brn|[from] drain|[of] p2a: Milotic\n|\n|-damage|p1b: Palafin|11\/100 brn|[from] brn\n|-damage|p1a: Iron Hands|56\/100 brn|[from] brn\n|upkeep\n|turn|10\n|\n|t:|1700633315\n|switch|p2b: Genin|Sneasel, L50, M|100\/100\n|move|p1b: Palafin|Jet Punch|p2b: Genin\n|-damage|p2b: Genin|69\/100\n|move|p2a: Milotic|Chilling Water|p1a: Iron Hands\n|-damage|p1a: Iron Hands|47\/100 brn\n|-unboost|p1a: Iron Hands|atk|1\n|move|p1a: Iron Hands|Drain Punch|p2a: Milotic\n|-damage|p2a: Milotic|36\/100\n|-heal|p1a: Iron Hands|52\/100 brn|[from] drain|[of] p2a: Milotic\n|\n|-damage|p1b: Palafin|5\/100 brn|[from] brn\n|-damage|p1a: Iron Hands|46\/100 brn|[from] brn\n|upkeep\n|turn|11\n|\n|t:|1700633332\n|move|p2b: Genin|Protect|p2b: Genin\n|-singleturn|p2b: Genin|Protect\n|move|p1b: Palafin|Drain Punch|p2b: Genin\n|-activate|p2b: Genin|move: Protect\n|move|p2a: Milotic|Recover|p2a: Milotic\n|-heal|p2a: Milotic|86\/100\n|move|p1a: Iron Hands|Drain Punch|p2b: Genin\n|-activate|p2b: Genin|move: Protect\n|\n|-damage|p1b: Palafin|0 fnt|[from] brn\n|faint|p1b: Palafin\n|-damage|p1a: Iron Hands|40\/100 brn|[from] brn\n|upkeep\n|\n|t:|1700633334\n|switch|p1b: Chi-Yu|Chi-Yu, L50|100\/100\n|-ability|p1b: Chi-Yu|Beads of Ruin\n|turn|12\n|\n|t:|1700633356\n|switch|p2b: Pairo Obake|Typhlosion-Hisui, L50, M|1\/100\n|move|p1b: Chi-Yu|Heat Wave|p2a: Milotic|[spread] p2b\n|-miss|p1b: Chi-Yu|p2a: Milotic\n|-resisted|p2b: Pairo Obake\n|-damage|p2b: Pairo Obake|0 fnt\n|faint|p2b: Pairo Obake\n|-damage|p1b: Chi-Yu|90\/100|[from] item: Life Orb\n|move|p2a: Milotic|Icy Wind|p1b: Chi-Yu|[spread] p1a,p1b\n|-resisted|p1b: Chi-Yu\n|-damage|p1a: Iron Hands|33\/100 brn\n|-damage|p1b: Chi-Yu|85\/100\n|-unboost|p1a: Iron Hands|spe|1\n|-unboost|p1b: Chi-Yu|spe|1\n|move|p1a: Iron Hands|Drain Punch|p2a: Milotic\n|-damage|p2a: Milotic|73\/100\n|-heal|p1a: Iron Hands|38\/100 brn|[from] drain|[of] p2a: Milotic\n|\n|-damage|p1a: Iron Hands|32\/100 brn|[from] brn\n|upkeep\n|inactive|Battle timer is ON: inactive players will automatically lose when time's up. (requested by jungle211)\n|\n|t:|1700633377\n|switch|p2b: Genin|Sneasel, L50, M|69\/100\n|turn|13\n|\n|t:|1700633387\n|-terastallize|p1b: Chi-Yu|Ghost\n|move|p2b: Genin|Low Kick|p1b: Chi-Yu\n|-immune|p1b: Chi-Yu\n|move|p1b: Chi-Yu|Heat Wave|p2a: Milotic|[spread] p2a,p2b\n|-resisted|p2a: Milotic\n|-supereffective|p2b: Genin\n|-damage|p2a: Milotic|52\/100\n|-damage|p2b: Genin|0 fnt\n|faint|p2b: Genin\n|-damage|p1b: Chi-Yu|75\/100|[from] item: Life Orb\n|move|p2a: Milotic|Icy Wind|p1b: Chi-Yu|[spread] p1a,p1b\n|-damage|p1a: Iron Hands|25\/100 brn\n|-damage|p1b: Chi-Yu|64\/100\n|-unboost|p1a: Iron Hands|spe|1\n|-unboost|p1b: Chi-Yu|spe|1\n|move|p1a: Iron Hands|Drain Punch|p2a: Milotic\n|-damage|p2a: Milotic|40\/100\n|-heal|p1a: Iron Hands|31\/100 brn|[from] drain|[of] p2a: Milotic\n|\n|-damage|p1a: Iron Hands|25\/100 brn|[from] brn\n|upkeep\n|\n|t:|1700633406\n|switch|p2b: Jonin|Sneasler, L50, F|100\/100\n|-ability|p2b: Jonin|Pressure\n|turn|14\n|\n|t:|1700633412\n|move|p2b: Jonin|Protect|p2b: Jonin\n|-singleturn|p2b: Jonin|Protect\n|move|p2a: Milotic|Recover|p2a: Milotic\n|-heal|p2a: Milotic|90\/100\n|move|p1b: Chi-Yu|Psychic|p2b: Jonin\n|-activate|p2b: Jonin|move: Protect\n|move|p1a: Iron Hands|Drain Punch|p2a: Milotic\n|-damage|p2a: Milotic|78\/100\n|-heal|p1a: Iron Hands|30\/100 brn|[from] drain|[of] p2a: Milotic\n|\n|-damage|p1a: Iron Hands|24\/100 brn|[from] brn\n|upkeep\n|turn|15\n|\n|t:|1700633429\n|move|p2b: Jonin|Shadow Claw|p1b: Chi-Yu\n|-supereffective|p1b: Chi-Yu\n|-crit|p1b: Chi-Yu\n|-damage|p1b: Chi-Yu|0 fnt\n|faint|p1b: Chi-Yu\n|move|p2a: Milotic|Chilling Water|p1a: Iron Hands\n|-damage|p1a: Iron Hands|14\/100 brn\n|-unboost|p1a: Iron Hands|atk|1\n|move|p1a: Iron Hands|Drain Punch|p2a: Milotic\n|-damage|p2a: Milotic|69\/100\n|-heal|p1a: Iron Hands|18\/100 brn|[from] drain|[of] p2a: Milotic\n|\n|-damage|p1a: Iron Hands|12\/100 brn|[from] brn\n|upkeep\n|turn|16\n|-message|jungle211 forfeited.\n|\n|win|ShadowTriad Lazer\n|raw|jungle211's rating: 1102 &rarr; <strong>1072<\/strong><br \/>(-30 for losing)\n|raw|ShadowTriad Lazer's rating: 1028 &rarr; <strong>1071<\/strong><br \/>(+43 for winning)\n|l|\u2606jungle211\n","uploadtime":1700633780,"views":0,"p1id":"jungle211","p2id":"shadowtriadlazer","formatid":"gen9vgc2023regulatione","rating":1071,"private":0,"password":""}