{"id":"gen9vgc2023regulatione-1992628177","p1":"Test4Sum","p2":"KenJay^^","format":"[Gen 9] VGC 2023 Regulation E","log":"|j|\u2606Test4Sum\n|j|\u2606KenJay^^\n|t:|1700217158\n|gametype|doubles\n|player|p1|Test4Sum|266|1136\n|player|p2|KenJay^^|101|1203\n|teamsize|p1|6\n|teamsize|p2|6\n|gen|9\n|tier|[Gen 9] VGC 2023 Regulation E\n|rated|\n|rule|Species Clause: Limit one of each Pok\u00e9mon\n|rule|Item Clause: Limit one of each item\n|clearpoke\n|poke|p1|Kommo-o, L50, F|\n|poke|p1|Iron Valiant, L50|\n|poke|p1|Chi-Yu, L50|\n|poke|p1|Azelf, L50|\n|poke|p1|Sableye, L50, M|\n|poke|p1|Tornadus, L50, M|\n|poke|p2|Glastrier, L50|\n|poke|p2|Salamence, L50, F|\n|poke|p2|Indeedee-F, L50, F|\n|poke|p2|Ogerpon-Hearthflame, L50, F|\n|poke|p2|Urshifu-*, L50, M|\n|poke|p2|Hatterene, L50, F|\n|teampreview|4\n|\n|t:|1700217200\n|start\n|switch|p1a: Azelf|Azelf, L50|100\/100\n|switch|p1b: Sableye|Sableye, L50, M|100\/100\n|switch|p2a: Urshifu|Urshifu-Rapid-Strike, L50, M|100\/100\n|switch|p2b: Ogerpon|Ogerpon-Hearthflame, L50, F|100\/100\n|-ability|p2b: Ogerpon|Mold Breaker\n|turn|1\n|\n|t:|1700217237\n|move|p2b: Ogerpon|Follow Me|p2b: Ogerpon\n|-singleturn|p2b: Ogerpon|move: Follow Me\n|move|p1b: Sableye|Gravity|p1b: Sableye\n|-fieldstart|move: Gravity\n|move|p1a: Azelf|Explosion|p2a: Urshifu|[spread] p2a,p2b\n|-immune|p1b: Sableye\n|-damage|p2a: Urshifu|22\/100\n|-damage|p2b: Ogerpon|0 fnt\n|faint|p1a: Azelf\n|faint|p2b: Ogerpon\n|move|p2a: Urshifu|Surging Strikes|p1b: Sableye\n|-crit|p1b: Sableye\n|-damage|p1b: Sableye|67\/100\n|-crit|p1b: Sableye\n|-damage|p1b: Sableye|37\/100\n|-crit|p1b: Sableye\n|-damage|p1b: Sableye|4\/100\n|-hitcount|p1b: Sableye|3\n|-enditem|p1b: Sableye|Eject Button\n|\n|t:|1700217254\n|switch|p1b: Iron Valiant|Iron Valiant, L50|100\/100\n|-enditem|p1b: Iron Valiant|Booster Energy\n|-activate|p1b: Iron Valiant|ability: Quark Drive|[fromitem]\n|-start|p1b: Iron Valiant|quarkdrivespe\n|\n|upkeep\n|\n|t:|1700217266\n|switch|p1a: Kommo-o|Kommo-o, L50, F|100\/100\n|switch|p2b: Indeedee|Indeedee-F, L50, F|100\/100\n|-fieldstart|move: Psychic Terrain|[from] ability: Psychic Surge|[of] p2b: Indeedee\n|turn|2\n|\n|t:|1700217286\n|switch|p2a: Glastrier|Glastrier, L50|100\/100\n|move|p1b: Iron Valiant|Hypnosis|p2b: Indeedee\n|-status|p2b: Indeedee|slp|[from] move: Hypnosis\n|move|p1a: Kommo-o|Clangorous Soul|p1a: Kommo-o\n|-boost|p1a: Kommo-o|atk|1\n|-boost|p1a: Kommo-o|def|1\n|-boost|p1a: Kommo-o|spa|1\n|-boost|p1a: Kommo-o|spd|1\n|-boost|p1a: Kommo-o|spe|1\n|-damage|p1a: Kommo-o|68\/100\n|cant|p2b: Indeedee|slp\n|\n|upkeep\n|turn|3\n|\n|t:|1700217304\n|move|p2a: Glastrier|Protect|p2a: Glastrier\n|-singleturn|p2a: Glastrier|Protect\n|move|p1b: Iron Valiant|Hypnosis|p2a: Glastrier\n|-activate|p2a: Glastrier|move: Protect\n|move|p1a: Kommo-o|Clangorous Soul|p1a: Kommo-o\n|-boost|p1a: Kommo-o|atk|1\n|-boost|p1a: Kommo-o|def|1\n|-boost|p1a: Kommo-o|spa|1\n|-boost|p1a: Kommo-o|spd|1\n|-boost|p1a: Kommo-o|spe|1\n|-damage|p1a: Kommo-o|35\/100\n|-enditem|p1a: Kommo-o|Sitrus Berry|[eat]\n|-heal|p1a: Kommo-o|60\/100|[from] item: Sitrus Berry\n|cant|p2b: Indeedee|slp\n|\n|upkeep\n|turn|4\n|\n|t:|1700217333\n|switch|p2a: Urshifu|Urshifu-Rapid-Strike, L50, M|22\/100\n|-terastallize|p1a: Kommo-o|Ghost\n|move|p1a: Kommo-o|Clanging Scales|p2a: Urshifu|[spread] p2a,p2b\n|-damage|p2a: Urshifu|0 fnt\n|-damage|p2b: Indeedee|31\/100 slp\n|faint|p2a: Urshifu\n|-unboost|p1a: Kommo-o|def|1\n|move|p1b: Iron Valiant|Close Combat|p2b: Indeedee\n|-damage|p2b: Indeedee|0 fnt\n|-unboost|p1b: Iron Valiant|def|1\n|-unboost|p1b: Iron Valiant|spd|1\n|faint|p2b: Indeedee\n|\n|upkeep\n|\n|t:|1700217347\n|switch|p2a: Glastrier|Glastrier, L50|100\/100\n|turn|5\n|\n|t:|1700217361\n|move|p2a: Glastrier|Protect|p2a: Glastrier\n|-singleturn|p2a: Glastrier|Protect\n|move|p1a: Kommo-o|Flamethrower|p2a: Glastrier\n|-activate|p2a: Glastrier|move: Protect\n|move|p1b: Iron Valiant|Hypnosis|p2a: Glastrier\n|-activate|p2a: Glastrier|move: Protect\n|\n|-fieldend|move: Gravity\n|upkeep\n|turn|6\n|\n|t:|1700217375\n|-terastallize|p2a: Glastrier|Psychic\n|move|p1a: Kommo-o|Flamethrower|p2a: Glastrier\n|-damage|p2a: Glastrier|58\/100\n|move|p1b: Iron Valiant|Encore|p2a: Glastrier\n|-start|p2a: Glastrier|Encore\n|move|p2a: Glastrier|Protect||[still]\n|-fail|p2a: Glastrier\n|\n|-fieldend|move: Psychic Terrain\n|upkeep\n|turn|7\n|\n|t:|1700217389\n|move|p2a: Glastrier|Protect|p2a: Glastrier\n|-singleturn|p2a: Glastrier|Protect\n|move|p1a: Kommo-o|Clangorous Soul|p1a: Kommo-o\n|-boost|p1a: Kommo-o|atk|1\n|-boost|p1a: Kommo-o|def|1\n|-boost|p1a: Kommo-o|spa|1\n|-boost|p1a: Kommo-o|spd|1\n|-boost|p1a: Kommo-o|spe|1\n|-damage|p1a: Kommo-o|27\/100\n|move|p1b: Iron Valiant|Spirit Break|p2a: Glastrier\n|-activate|p2a: Glastrier|move: Protect\n|\n|upkeep\n|turn|8\n|-message|KenJay^^ forfeited.\n|\n|win|Test4Sum\n|raw|Test4Sum's rating: 1136 &rarr; <strong>1166<\/strong><br \/>(+30 for winning)\n|raw|KenJay^^'s rating: 1203 &rarr; <strong>1173<\/strong><br \/>(-30 for losing)\n|l|\u2606KenJay^^\n","uploadtime":1700217406,"views":17,"p1id":"test4sum","p2id":"kenjay","formatid":"gen9vgc2023regulatione","rating":1166,"private":0,"password":""}