{"id":"gen9vgc2023regulatione-1993646491","p1":"xn1","p2":"Y4kle","format":"[Gen 9] VGC 2023 Regulation E","log":"|j|\u2606xn1\n|j|\u2606Y4kle\n|t:|1700341144\n|gametype|doubles\n|player|p1|xn1|1|1398\n|player|p2|Y4kle|bugcatcher-gen4dp|1425\n|teamsize|p1|6\n|teamsize|p2|6\n|gen|9\n|tier|[Gen 9] VGC 2023 Regulation E\n|rated|\n|rule|Species Clause: Limit one of each Pok\u00e9mon\n|rule|Item Clause: Limit one of each item\n|clearpoke\n|poke|p1|Moltres-Galar, L50|\n|poke|p1|Sinistcha-Masterpiece, L50|\n|poke|p1|Ninetales-Alola, L50, F|\n|poke|p1|Landorus-Therian, L50, M|\n|poke|p1|Iron Hands, L50|\n|poke|p1|Heatran, L50, F|\n|poke|p2|Tinkaton, L50, F|\n|poke|p2|Farigiraf, L50, F|\n|poke|p2|Salamence, L50, F|\n|poke|p2|Iron Bundle, L50|\n|poke|p2|Ogerpon, L50, F|\n|poke|p2|Gholdengo, L50|\n|teampreview|4\nY4kle rejected open team sheets.\n|inactive|Battle timer is ON: inactive players will automatically lose when time's up. (requested by Y4kle)\n|\n|t:|1700341197\n|start\n|switch|p1a: Ninetales|Ninetales-Alola, L50, F|100\/100\n|switch|p1b: Moltres|Moltres-Galar, L50|100\/100\n|switch|p2a: Fake Out|Tinkaton, L50, F|100\/100\n|switch|p2b: Tailwind|Salamence, L50, F|100\/100\n|-weather|Snow|[from] ability: Snow Warning|[of] p1a: Ninetales\n|-ability|p2b: Tailwind|Intimidate|boost\n|-unboost|p1a: Ninetales|atk|1\n|-unboost|p1b: Moltres|atk|1\n|-ability|p2a: Fake Out|Mold Breaker\n|turn|1\n|inactive|xn1 has 30 seconds left.\n|inactive|Y4kle has 30 seconds left.\n|inactive|xn1 has 20 seconds left.\n|\n|t:|1700341232\n|-terastallize|p1a: Ninetales|Water\n|move|p2a: Fake Out|Fake Out|p1a: Ninetales\n|-crit|p1a: Ninetales\n|-damage|p1a: Ninetales|85\/100\n|cant|p1a: Ninetales|flinch\n|move|p2b: Tailwind|Tailwind|p2b: Tailwind\n|-sidestart|p2: Y4kle|move: Tailwind\n|move|p1b: Moltres|Nasty Plot|p1b: Moltres\n|-boost|p1b: Moltres|spa|2\n|\n|-weather|Snow|[upkeep]\n|upkeep\n|turn|2\n|inactive|Y4kle has 30 seconds left.\n|inactive|Y4kle has 20 seconds left.\n|inactive|Y4kle has 15 seconds left.\n|inactive|Y4kle has 10 seconds left.\n|\n|t:|1700341280\n|move|p2b: Tailwind|Rain Dance|p2b: Tailwind\n|-weather|RainDance\n|move|p2a: Fake Out|Thunder Wave|p1b: Moltres\n|-status|p1b: Moltres|par\n|move|p1a: Ninetales|Aurora Veil||[still]\n|-fail|p1a: Ninetales\n|move|p1b: Moltres|Nasty Plot|p1b: Moltres\n|-boost|p1b: Moltres|spa|2\n|\n|-weather|RainDance|[upkeep]\n|upkeep\n|turn|3\n|\n|t:|1700341296\n|-terastallize|p2b: Tailwind|Rock\n|cant|p1b: Moltres|par\n|move|p2b: Tailwind|Rock Slide|p1a: Ninetales|[spread] p1a,p1b\n|-supereffective|p1b: Moltres\n|-damage|p1a: Ninetales|52\/100\n|-damage|p1b: Moltres|47\/100 par\n|-ability|p1b: Moltres|Berserk|boost\n|-boost|p1b: Moltres|spa|1\n|-enditem|p1b: Moltres|Sitrus Berry|[eat]\n|-heal|p1b: Moltres|72\/100 par|[from] item: Sitrus Berry\n|move|p2a: Fake Out|Gigaton Hammer|p1b: Moltres\n|-damage|p1b: Moltres|25\/100 par\n|-ability|p1b: Moltres|Berserk|boost\n|-boost|p1b: Moltres|spa|1\n|move|p1a: Ninetales|Moonblast|p2b: Tailwind\n|-damage|p2b: Tailwind|73\/100\n|\n|-weather|RainDance|[upkeep]\n|upkeep\n|turn|4\n|\n|t:|1700341321\n|switch|p1a: Sinistcha|Sinistcha-Masterpiece, L50|100\/100\n|-heal|p1b: Moltres|50\/100 par|[from] ability: Hospitality|[of] p1a: Sinistcha\n|move|p2b: Tailwind|Rock Slide|p1b: Moltres|[spread] p1a,p1b\n|-supereffective|p1b: Moltres\n|-damage|p1a: Sinistcha|75\/100\n|-damage|p1b: Moltres|2\/100 par\n|move|p2a: Fake Out|Thunder Wave|p1a: Sinistcha\n|-status|p1a: Sinistcha|par\n|move|p1b: Moltres|Fiery Wrath|p2a: Fake Out|[spread] p2a,p2b\n|-resisted|p2a: Fake Out\n|-damage|p2a: Fake Out|49\/100\n|-damage|p2b: Tailwind|0 fnt\n|-enditem|p2a: Fake Out|Sitrus Berry|[eat]\n|-heal|p2a: Fake Out|74\/100|[from] item: Sitrus Berry\n|faint|p2b: Tailwind\n|\n|-weather|RainDance|[upkeep]\n|-sideend|p2: Y4kle|move: Tailwind\n|upkeep\n|inactive|Y4kle has 30 seconds left.\n|\n|t:|1700341349\n|switch|p2b: Iron Bundle|Iron Bundle, L50|100\/100\n|turn|5\n|\n|t:|1700341359\n|move|p1a: Sinistcha|Rage Powder|p1a: Sinistcha\n|-singleturn|p1a: Sinistcha|move: Rage Powder\n|move|p2b: Iron Bundle|Icy Wind|p1a: Sinistcha|[spread] p1a,p1b\n|-supereffective|p1a: Sinistcha\n|-supereffective|p1b: Moltres\n|-damage|p1a: Sinistcha|30\/100 par\n|-damage|p1b: Moltres|0 fnt\n|-unboost|p1a: Sinistcha|spe|1\n|faint|p1b: Moltres\n|move|p2a: Fake Out|Knock Off|p1a: Sinistcha\n|-supereffective|p1a: Sinistcha\n|-damage|p1a: Sinistcha|0 fnt\n|-damage|p2a: Fake Out|57\/100|[from] item: Rocky Helmet|[of] p1a: Sinistcha\n|-enditem|p1a: Sinistcha|Rocky Helmet|[from] move: Knock Off|[of] p2a: Fake Out\n|faint|p1a: Sinistcha\n|\n|-weather|RainDance|[upkeep]\n|upkeep\n|\n|t:|1700341364\n|switch|p1b: Heatran|Heatran, L50, F|100\/100\n|switch|p1a: Ninetales|Ninetales-Alola, L50, F, tera:Water|52\/100\n|-weather|Snow|[from] ability: Snow Warning|[of] p1a: Ninetales\n|turn|6\n|inactive|Y4kle has 30 seconds left.\n|\n|t:|1700341397\n|move|p1b: Heatran|Protect|p1b: Heatran\n|-singleturn|p1b: Heatran|Protect\n|move|p2b: Iron Bundle|Freeze-Dry|p1a: Ninetales\n|-supereffective|p1a: Ninetales\n|-damage|p1a: Ninetales|0 fnt\n|faint|p1a: Ninetales\n|move|p2a: Fake Out|Thunder Wave|p1b: Heatran\n|-activate|p1b: Heatran|move: Protect\n|\n|-weather|Snow|[upkeep]\n|upkeep\n|turn|7\n|-message|xn1 forfeited.\n|\n|win|Y4kle\n|raw|xn1's rating: 1398 &rarr; <strong>1380<\/strong><br \/>(-18 for losing)\n|raw|Y4kle's rating: 1425 &rarr; <strong>1443<\/strong><br \/>(+18 for winning)\n|l|\u2606xn1\n","uploadtime":1700341415,"views":7,"p1id":"xn1","p2id":"y4kle","formatid":"gen9vgc2023regulatione","rating":1380,"private":0,"password":""}