{"id":"gen9vgc2023regulatione-1999845527","p1":"AJay_13","p2":"Ulekulele","format":"[Gen 9] VGC 2023 Regulation E","log":"|j|\u2606AJay_13\n|j|\u2606Ulekulele\n|t:|1701122175\n|gametype|doubles\n|player|p1|AJay_13|n|1224\n|player|p2|Ulekulele|265|1227\n|teamsize|p1|6\n|teamsize|p2|6\n|gen|9\n|tier|[Gen 9] VGC 2023 Regulation E\n|rated|\n|rule|Species Clause: Limit one of each Pok\u00e9mon\n|rule|Item Clause: Limit one of each item\n|clearpoke\n|poke|p1|Iron Hands, L50|\n|poke|p1|Sinistcha, L50|\n|poke|p1|Arcanine-Hisui, L50, F|\n|poke|p1|Moltres-Galar, L50|\n|poke|p1|Iron Bundle, L50|\n|poke|p1|Ninetales-Alola, L50, M|\n|poke|p2|Sylveon, L50, M|\n|poke|p2|Oranguru, L50, M|\n|poke|p2|Heatran, L50, M|\n|poke|p2|Sinistcha, L50|\n|poke|p2|Iron Hands, L50|\n|poke|p2|Milotic, L50, F|\n|teampreview|4\n|\n|t:|1701122217\n|start\n|switch|p1a: Family Disaster|Moltres-Galar, L50|100\/100\n|switch|p1b: Snowing!!!!!|Ninetales-Alola, L50, M|100\/100\n|switch|p2a: Milotic|Milotic, L50, F|100\/100\n|switch|p2b: Heatran|Heatran, L50, M|100\/100\n|-weather|Snow|[from] ability: Snow Warning|[of] p1b: Snowing!!!!!\n|turn|1\n|inactive|Battle timer is ON: inactive players will automatically lose when time's up. (requested by AJay_13)\n|\n|t:|1701122250\n|move|p1b: Snowing!!!!!|Aurora Veil|p1b: Snowing!!!!!\n|-sidestart|p1: AJay_13|move: Aurora Veil\n|move|p1a: Family Disaster|Nasty Plot|p1a: Family Disaster\n|-boost|p1a: Family Disaster|spa|2\n|move|p2b: Heatran|Flash Cannon|p1b: Snowing!!!!!\n|-supereffective|p1b: Snowing!!!!!\n|-damage|p1b: Snowing!!!!!|0 fnt\n|faint|p1b: Snowing!!!!!\n|-damage|p2b: Heatran|91\/100|[from] item: Life Orb\n|move|p2a: Milotic|Ice Beam|p1a: Family Disaster\n|-supereffective|p1a: Family Disaster\n|-damage|p1a: Family Disaster|79\/100\n|\n|-weather|Snow|[upkeep]\n|upkeep\n|\n|t:|1701122263\n|switch|p1b: Sanitized|Iron Hands, L50|100\/100\n|turn|2\n|\n|t:|1701122272\n|-terastallize|p1b: Sanitized|Grass\n|move|p2b: Heatran|Protect|p2b: Heatran\n|-singleturn|p2b: Heatran|Protect\n|move|p2a: Milotic|Protect|p2a: Milotic\n|-singleturn|p2a: Milotic|Protect\n|move|p1a: Family Disaster|Nasty Plot|p1a: Family Disaster\n|-boost|p1a: Family Disaster|spa|2\n|move|p1b: Sanitized|Swords Dance|p1b: Sanitized\n|-boost|p1b: Sanitized|atk|2\n|\n|-weather|Snow|[upkeep]\n|upkeep\n|turn|3\n|\n|t:|1701122290\n|-terastallize|p2b: Heatran|Bug\n|move|p1a: Family Disaster|Fiery Wrath|p2b: Heatran|[spread] p2a,p2b\n|-damage|p2a: Milotic|39\/100\n|-damage|p2b: Heatran|21\/100\n|move|p2b: Heatran|Heat Wave|p1a: Family Disaster|[spread] p1a,p1b\n|-supereffective|p1b: Sanitized\n|-damage|p1a: Family Disaster|53\/100\n|-damage|p1b: Sanitized|48\/100\n|-damage|p2b: Heatran|11\/100|[from] item: Life Orb\n|move|p2a: Milotic|Ice Beam|p1b: Sanitized\n|-supereffective|p1b: Sanitized\n|-crit|p1b: Sanitized\n|-damage|p1b: Sanitized|0 fnt\n|faint|p1b: Sanitized\n|-end|p1b: Sanitized|Quark Drive|[silent]\n|\n|-weather|Snow|[upkeep]\n|upkeep\n|\n|t:|1701122303\n|switch|p1b: Under the Tree|Iron Bundle, L50|100\/100\n|-enditem|p1b: Under the Tree|Booster Energy\n|-activate|p1b: Under the Tree|ability: Quark Drive|[fromitem]\n|-start|p1b: Under the Tree|quarkdrivespe\n|turn|4\n|\n|t:|1701122318\n|move|p2b: Heatran|Protect|p2b: Heatran\n|-singleturn|p2b: Heatran|Protect\n|move|p1b: Under the Tree|Freeze-Dry|p2a: Milotic\n|-supereffective|p2a: Milotic\n|-damage|p2a: Milotic|0 fnt\n|faint|p2a: Milotic\n|move|p1a: Family Disaster|Fiery Wrath|p2b: Heatran\n|-activate|p2b: Heatran|move: Protect\n|\n|-weather|Snow|[upkeep]\n|upkeep\n|\n|t:|1701122323\n|switch|p2a: Oranguru|Oranguru, L50, M|100\/100\n|turn|5\n|\n|t:|1701122331\n|switch|p2b: Iron Hands|Iron Hands, L50|100\/100\n|-enditem|p2b: Iron Hands|Booster Energy\n|-activate|p2a: Oranguru|ability: Symbiosis|Assault Vest|[of] p2b: Iron Hands\n|-activate|p2b: Iron Hands|ability: Quark Drive|[fromitem]\n|-start|p2b: Iron Hands|quarkdriveatk\n|move|p1b: Under the Tree|Freeze-Dry|p2a: Oranguru\n|-damage|p2a: Oranguru|76\/100\n|-status|p2a: Oranguru|frz\n|move|p1a: Family Disaster|Fiery Wrath|p2b: Iron Hands|[spread] p2a,p2b\n|-supereffective|p2a: Oranguru\n|-resisted|p2b: Iron Hands\n|-damage|p2a: Oranguru|0 fnt\n|-damage|p2b: Iron Hands|79\/100\n|faint|p2a: Oranguru\n|\n|-weather|none\n|upkeep\n|\n|t:|1701122336\n|switch|p2a: Heatran|Heatran, L50, M, tera:Bug|11\/100\n|turn|6\n|\n|t:|1701122354\n|move|p2b: Iron Hands|Fake Out|p1a: Family Disaster\n|-damage|p1a: Family Disaster|41\/100\n|-ability|p1a: Family Disaster|Berserk|boost\n|-boost|p1a: Family Disaster|spa|1\n|-enditem|p1a: Family Disaster|Sitrus Berry|[eat]\n|-heal|p1a: Family Disaster|66\/100|[from] item: Sitrus Berry\n|move|p1b: Under the Tree|Icy Wind|p2b: Iron Hands|[spread] p2a,p2b\n|-crit|p2a: Heatran\n|-damage|p2a: Heatran|0 fnt\n|-damage|p2b: Iron Hands|69\/100\n|-unboost|p2b: Iron Hands|spe|1\n|faint|p2a: Heatran\n|cant|p1a: Family Disaster|flinch\n|\n|upkeep\n|turn|7\n|\n|t:|1701122372\n|move|p1b: Under the Tree|Hydro Pump|p2b: Iron Hands\n|-damage|p2b: Iron Hands|44\/100\n|move|p1a: Family Disaster|Air Slash|p2b: Iron Hands\n|-damage|p2b: Iron Hands|0 fnt\n|faint|p2b: Iron Hands\n|-end|p2b: Iron Hands|Quark Drive|[silent]\n|\n|win|AJay_13\n|raw|AJay_13's rating: 1224 &rarr; <strong>1249<\/strong><br \/>(+25 for winning)\n|raw|Ulekulele's rating: 1227 &rarr; <strong>1202<\/strong><br \/>(-25 for losing)\n|l|\u2606Ulekulele\n","uploadtime":1701122382,"views":3,"p1id":"ajay13","p2id":"ulekulele","formatid":"gen9vgc2023regulatione","rating":1202,"private":0,"password":""}