{"id":"gen9vgc2023regulatione-1999002752","p1":"Testting123","p2":"newusernovice","format":"[Gen 9] VGC 2023 Regulation E","log":"|j|\u2606Testting123\n|j|\u2606newusernovice\n|t:|1701022752\n|gametype|doubles\n|player|p1|Testting123|101|1341\n|player|p2|newusernovice|brawly|1403\n|teamsize|p1|6\n|teamsize|p2|6\n|gen|9\n|tier|[Gen 9] VGC 2023 Regulation E\n|rated|\n|rule|Species Clause: Limit one of each Pok\u00e9mon\n|rule|Item Clause: Limit one of each item\n|clearpoke\n|poke|p1|Flutter Mane, L50|\n|poke|p1|Roaring Moon, L50|\n|poke|p1|Iron Hands, L50|\n|poke|p1|Heatran, L50, M|\n|poke|p1|Ogerpon-Wellspring, L50, F|\n|poke|p1|Landorus-Therian, L50, M|\n|poke|p2|Rillaboom, L50, M|\n|poke|p2|Tornadus, L50, M|\n|poke|p2|Arcanine-Hisui, L50, M|\n|poke|p2|Urshifu-*, L50, M|\n|poke|p2|Gholdengo, L50|\n|poke|p2|Flutter Mane, L50|\n|teampreview|4\n|inactive|Battle timer is ON: inactive players will automatically lose when time's up. (requested by newusernovice)\n|inactive|Testting123 has 60 seconds left.\n|inactive|newusernovice has 60 seconds left.\n|\n|t:|1701022799\n|start\n|switch|p1a: Landorus|Landorus-Therian, L50, M|100\/100\n|switch|p1b: Ogerpon|Ogerpon-Wellspring, L50, F|100\/100\n|switch|p2a: Tornadus|Tornadus, L50, M, shiny|100\/100\n|switch|p2b: Arcanine|Arcanine-Hisui, L50, M|100\/100\n|-ability|p1a: Landorus|Intimidate|boost\n|-unboost|p2a: Tornadus|atk|1\n|-unboost|p2b: Arcanine|atk|1\n|-ability|p2b: Arcanine|Intimidate|boost\n|-unboost|p1a: Landorus|atk|1\n|-unboost|p1b: Ogerpon|atk|1\n|turn|1\n|inactive|Testting123 has 30 seconds left.\n|inactive|newusernovice has 30 seconds left.\n|inactive|newusernovice has 20 seconds left.\n|inactive|newusernovice has 15 seconds left.\n|inactive|newusernovice has 10 seconds left.\n|\n|t:|1701022847\n|switch|p1b: Iron Hands|Iron Hands, L50|100\/100\n|switch|p2b: Urshifu|Urshifu-Rapid-Strike, L50, M|100\/100\n|move|p1a: Landorus|U-turn|p2b: Urshifu\n|-resisted|p2b: Urshifu\n|-damage|p2b: Urshifu|92\/100\n|\n|t:|1701022856\n|switch|p1a: Flutter Mane|Flutter Mane, L50|100\/100|[from] U-turn\n|move|p2a: Tornadus|Bleakwind Storm|p1a: Flutter Mane|[spread] p1a,p1b\n|-crit|p1a: Flutter Mane\n|-damage|p1a: Flutter Mane|58\/100\n|-damage|p1b: Iron Hands|85\/100\n|\n|upkeep\n|turn|2\n|\n|t:|1701022878\n|move|p2a: Tornadus|Protect|p2a: Tornadus\n|-singleturn|p2a: Tornadus|Protect\n|move|p2b: Urshifu|Protect|p2b: Urshifu\n|-singleturn|p2b: Urshifu|Protect\n|move|p1b: Iron Hands|Fake Out|p2b: Urshifu\n|-activate|p2b: Urshifu|move: Protect\n|move|p1a: Flutter Mane|Moonblast|p2a: Tornadus\n|-activate|p2a: Tornadus|move: Protect\n|\n|upkeep\n|turn|3\n|inactive|Testting123 has 30 seconds left.\n|inactive|newusernovice has 30 seconds left.\n|inactive|Testting123 has 20 seconds left.\n|inactive|Testting123 has 15 seconds left.\n|inactive|newusernovice has 20 seconds left.\n|inactive|newusernovice has 15 seconds left.\n|\n|t:|1701022936\n|move|p2a: Tornadus|Tailwind|p2a: Tornadus\n|-sidestart|p2: newusernovice|move: Tailwind\n|move|p2b: Urshifu|Close Combat|p1a: Flutter Mane\n|-immune|p1a: Flutter Mane\n|move|p1a: Flutter Mane|Moonblast|p2a: Tornadus\n|-damage|p2a: Tornadus|37\/100\n|move|p1b: Iron Hands|Wild Charge|p2a: Tornadus\n|-supereffective|p2a: Tornadus\n|-damage|p2a: Tornadus|0 fnt\n|-damage|p1b: Iron Hands|69\/100|[from] item: Rocky Helmet|[of] p2a: Tornadus\n|faint|p2a: Tornadus\n|-damage|p1b: Iron Hands|61\/100|[from] Recoil\n|\n|upkeep\n|\n|t:|1701022950\n|switch|p2a: Flutter Mane|Flutter Mane, L50, shiny|100\/100\n|turn|4\n|inactive|Testting123 has 30 seconds left.\n|inactive|newusernovice has 30 seconds left.\n|\n|t:|1701022983\n|-end|p1a: Flutter Mane|Protosynthesis|[silent]\n|switch|p1a: Ogerpon|Ogerpon-Wellspring, L50, F|100\/100\n|-terastallize|p2a: Flutter Mane|Fairy\n|-terastallize|p1b: Iron Hands|Water\n|move|p2a: Flutter Mane|Dazzling Gleam|p1b: Iron Hands|[spread] p1a,p1b\n|-damage|p1a: Ogerpon|51\/100\n|-damage|p1b: Iron Hands|39\/100\n|move|p2b: Urshifu|Close Combat|p1b: Iron Hands\n|-damage|p1b: Iron Hands|0 fnt\n|-unboost|p2b: Urshifu|def|1\n|-unboost|p2b: Urshifu|spd|1\n|faint|p1b: Iron Hands\n|-end|p1b: Iron Hands|Quark Drive|[silent]\n|\n|upkeep\n|\n|t:|1701023004\n|switch|p1b: Flutter Mane|Flutter Mane, L50|58\/100\n|turn|5\n|inactive|Testting123 has 30 seconds left.\n|\n|t:|1701023038\n|switch|p1a: Landorus|Landorus-Therian, L50, M|100\/100\n|-ability|p1a: Landorus|Intimidate|boost\n|-unboost|p2a: Flutter Mane|atk|1\n|-unboost|p2b: Urshifu|atk|1\n|move|p2a: Flutter Mane|Moonblast|p1b: Flutter Mane\n|-damage|p1b: Flutter Mane|0 fnt\n|faint|p1b: Flutter Mane\n|-end|p1b: Flutter Mane|Protosynthesis|[silent]\n|move|p2b: Urshifu|Close Combat|p1a: Landorus\n|-resisted|p1a: Landorus\n|-damage|p1a: Landorus|79\/100\n|-unboost|p2b: Urshifu|def|1\n|-unboost|p2b: Urshifu|spd|1\n|\n|upkeep\n|\n|t:|1701023047\n|switch|p1b: Ogerpon|Ogerpon-Wellspring, L50, F|51\/100\n|turn|6\n|inactive|Testting123 has 30 seconds left.\n|\n|t:|1701023074\n|move|p1b: Ogerpon|Spiky Shield|p1b: Ogerpon\n|-singleturn|p1b: Ogerpon|move: Protect\n|move|p2a: Flutter Mane|Moonblast|p1b: Ogerpon\n|-activate|p1b: Ogerpon|move: Protect\n|move|p2b: Urshifu|Surging Strikes|p1a: Landorus\n|-supereffective|p1a: Landorus\n|-crit|p1a: Landorus\n|-damage|p1a: Landorus|31\/100\n|-supereffective|p1a: Landorus\n|-crit|p1a: Landorus\n|-damage|p1a: Landorus|0 fnt\n|faint|p1a: Landorus\n|-hitcount|p1: Landorus|2\n|\n|-sideend|p2: newusernovice|move: Tailwind\n|upkeep\n|turn|7\n|-message|Testting123 forfeited.\n|\n|win|newusernovice\n|raw|Testting123's rating: 1341 &rarr; <strong>1325<\/strong><br \/>(-16 for losing)\n|raw|newusernovice's rating: 1403 &rarr; <strong>1419<\/strong><br \/>(+16 for winning)\n|l|\u2606Testting123\n","uploadtime":1701023113,"views":2,"p1id":"testting123","p2id":"newusernovice","formatid":"gen9vgc2023regulatione","rating":1325,"private":0,"password":""}