{"id":"gen9vgc2023regulatione-1999021232","p1":"DragsIThink","p2":"fubbernuckles","format":"[Gen 9] VGC 2023 Regulation E","log":"|j|\u2606DragsIThink\n|j|\u203dfubbernuckles\n|t:|1701024720\n|gametype|doubles\n|player|p1|DragsIThink|roxie|\n|player|p2|fubbernuckles|marlon|\n|teamsize|p1|6\n|teamsize|p2|6\n|gen|9\n|tier|[Gen 9] VGC 2023 Regulation E\n|rule|Species Clause: Limit one of each Pok\u00e9mon\n|rule|Item Clause: Limit one of each item\n|clearpoke\n|poke|p1|Talonflame, L50, M|\n|poke|p1|Lurantis, L50, F|\n|poke|p1|Krookodile, L50, M|\n|poke|p1|Sandy Shocks, L50|\n|poke|p1|Quaquaval, L50, M|\n|poke|p1|Baxcalibur, L50, F|\n|poke|p2|Abomasnow, L50, M|\n|poke|p2|Glalie, L50, M|\n|poke|p2|Articuno, L50|\n|poke|p2|Froslass, L50, F|\n|poke|p2|Baxcalibur, L50, M|\n|poke|p2|Cetitan, L50, M|\n|teampreview|4\n|inactive|Battle timer is ON: inactive players will automatically lose when time's up. (requested by fubbernuckles)\n|inactive|DragsIThink has 60 seconds left.\n|inactive|fubbernuckles has 60 seconds left.\n|\n|t:|1701024759\n|start\n|switch|p1a: Flame|Talonflame, L50, M, shiny|100\/100\n|switch|p1b: Luran|Lurantis, L50, F|100\/100\n|switch|p2a: Abomasnow|Abomasnow, L50, M, shiny|100\/100\n|switch|p2b: Articuno|Articuno, L50, shiny|100\/100\n|-weather|Snow|[from] ability: Snow Warning|[of] p2a: Abomasnow\n|turn|1\n|\n|t:|1701024782\n|-terastallize|p2a: Abomasnow|Water\n|-terastallize|p1b: Luran|Electric\n|move|p1a: Flame|Heat Wave|p2a: Abomasnow|[spread] p2a,p2b\n|-resisted|p2a: Abomasnow\n|-supereffective|p2b: Articuno\n|-damage|p2a: Abomasnow|89\/100\n|-damage|p2b: Articuno|67\/100\n|move|p2b: Articuno|Blizzard|p1b: Luran|[spread] p1a,p1b\n|-damage|p1a: Flame|61\/100\n|-damage|p1b: Luran|73\/100\n|move|p2a: Abomasnow|Aurora Veil|p2a: Abomasnow\n|-sidestart|p2: fubbernuckles|move: Aurora Veil\n|move|p1b: Luran|Tera Blast|p2b: Articuno|[anim] Tera Blast Electric\n|-supereffective|p2b: Articuno\n|-damage|p2b: Articuno|33\/100\n|\n|-weather|Snow|[upkeep]\n|-heal|p1b: Luran|79\/100|[from] item: Leftovers\n|upkeep\n|turn|2\n|\n|t:|1701024801\n|move|p1a: Flame|Tailwind|p1a: Flame\n|-sidestart|p1: DragsIThink|move: Tailwind\n|move|p2b: Articuno|Blizzard|p1b: Luran|[spread] p1a,p1b\n|-damage|p1a: Flame|21\/100\n|-damage|p1b: Luran|47\/100\n|move|p1b: Luran|Tera Blast|p2b: Articuno|[anim] Tera Blast Electric|[miss]\n|-miss|p1b: Luran|p2b: Articuno\n|move|p2a: Abomasnow|Blizzard|p1b: Luran|[spread] p1a,p1b\n|-crit|p1a: Flame\n|-damage|p1a: Flame|0 fnt\n|-damage|p1b: Luran|17\/100\n|faint|p1a: Flame\n|\n|-weather|Snow|[upkeep]\n|-heal|p1b: Luran|24\/100|[from] item: Leftovers\n|upkeep\n|\n|t:|1701024811\n|switch|p1a: Mafia|Krookodile, L50, M|100\/100\n|-ability|p1a: Mafia|Intimidate|boost\n|-unboost|p2a: Abomasnow|atk|1\n|-unboost|p2b: Articuno|atk|1\n|turn|3\n|\n|t:|1701024827\n|move|p1a: Mafia|Knock Off|p2b: Articuno|[miss]\n|-miss|p1a: Mafia|p2b: Articuno\n|move|p2b: Articuno|Blizzard|p1b: Luran|[spread] p1a,p1b\n|-supereffective|p1a: Mafia\n|-damage|p1a: Mafia|18\/100\n|-damage|p1b: Luran|0 fnt\n|-status|p1a: Mafia|frz\n|faint|p1b: Luran\n|move|p2a: Abomasnow|Blizzard|p1a: Mafia\n|-supereffective|p1a: Mafia\n|-damage|p1a: Mafia|0 fnt\n|faint|p1a: Mafia\n|\n|-weather|Snow|[upkeep]\n|upkeep\n|\n|t:|1701024838\n|switch|p1b: Gay Duck|Quaquaval, L50, M|100\/100\n|turn|4\n|\n|t:|1701024847\n|move|p1b: Gay Duck|Aqua Step|p2b: Articuno\n|-damage|p2b: Articuno|11\/100\n|-boost|p1b: Gay Duck|spe|1\n|move|p2b: Articuno|Blizzard|p1b: Gay Duck\n|-resisted|p1b: Gay Duck\n|-damage|p1b: Gay Duck|74\/100\n|move|p2a: Abomasnow|Seed Bomb|p1b: Gay Duck\n|-supereffective|p1b: Gay Duck\n|-damage|p1b: Gay Duck|28\/100\n|\n|-weather|Snow|[upkeep]\n|upkeep\n|turn|5\n|\n|t:|1701024867\n|switch|p2b: Froslass|Froslass, L50, F|100\/100\n|move|p1b: Gay Duck|Aqua Step|p2b: Froslass\n|-damage|p2b: Froslass|63\/100\n|-boost|p1b: Gay Duck|spe|1\n|move|p2a: Abomasnow|Seed Bomb|p1b: Gay Duck\n|-supereffective|p1b: Gay Duck\n|-damage|p1b: Gay Duck|0 fnt\n|faint|p1b: Gay Duck\n|\n|win|fubbernuckles\n","uploadtime":1701024878,"views":3,"p1id":"dragsithink","p2id":"fubbernuckles","formatid":"gen9vgc2023regulatione","rating":0,"private":0,"password":""}