{"id":"gen9vgc2023regulatione-1998799675","p1":"odnumbers","p2":"weirdnomad","format":"[Gen 9] VGC 2023 Regulation E","log":"|j|\u2606odnumbers\n|j|\u203dweirdnomad\n|t:|1700993404\n|gametype|doubles\n|player|p1|odnumbers|crasherwake|1117\n|player|p2|weirdnomad|hiker-gen4|1012\n|teamsize|p1|6\n|teamsize|p2|6\n|gen|9\n|tier|[Gen 9] VGC 2023 Regulation E\n|rated|\n|rule|Species Clause: Limit one of each Pok\u00e9mon\n|rule|Item Clause: Limit one of each item\n|clearpoke\n|poke|p1|Urshifu-*, L50, M|\n|poke|p1|Arcanine, L50, F|\n|poke|p1|Amoonguss, L50, M|\n|poke|p1|Iron Hands, L50|\n|poke|p1|Flutter Mane, L50|\n|poke|p1|Roaring Moon, L50|\n|poke|p2|Great Tusk, L50|\n|poke|p2|Skeledirge, L50, M|\n|poke|p2|Hydreigon, L50, M|\n|poke|p2|Zapdos, L50|\n|poke|p2|Toxapex, L50, M|\n|poke|p2|Scizor, L50, F|\n|teampreview|4\n|\n|t:|1700993438\n|start\n|switch|p1a: Urshifu|Urshifu-Rapid-Strike, L50, M|100\/100\n|switch|p1b: Arcanine|Arcanine, L50, F|100\/100\n|switch|p2a: Zapdos|Zapdos, L50|100\/100\n|switch|p2b: Great Tusk|Great Tusk, L50|100\/100\n|-ability|p1b: Arcanine|Intimidate|boost\n|-unboost|p2a: Zapdos|atk|1\n|-unboost|p2b: Great Tusk|atk|1\n|turn|1\n|\n|t:|1700993484\n|-terastallize|p2b: Great Tusk|Steel\n|move|p1a: Urshifu|U-turn|p2a: Zapdos\n|-resisted|p2a: Zapdos\n|-damage|p2a: Zapdos|90\/100\n|-status|p1a: Urshifu|par|[from] ability: Static|[of] p2a: Zapdos\n|\n|t:|1700993492\n|switch|p1a: Iron Hands|Iron Hands, L50|100\/100|[from] U-turn\n|move|p2a: Zapdos|Discharge|p1b: Arcanine|[spread] p2b,p1a,p1b\n|-resisted|p1a: Iron Hands\n|-damage|p2b: Great Tusk|83\/100\n|-damage|p1a: Iron Hands|94\/100\n|-damage|p1b: Arcanine|75\/100\n|move|p1b: Arcanine|Will-O-Wisp|p2b: Great Tusk\n|-status|p2b: Great Tusk|brn\n|move|p2b: Great Tusk|Earthquake|p1a: Iron Hands|[spread] p1a,p1b\n|-immune|p2a: Zapdos\n|-supereffective|p1a: Iron Hands\n|-supereffective|p1b: Arcanine\n|-damage|p1a: Iron Hands|79\/100\n|-damage|p1b: Arcanine|53\/100\n|\n|-damage|p2b: Great Tusk|77\/100 brn|[from] brn\n|upkeep\n|turn|2\n|\n|t:|1700993520\n|move|p1a: Iron Hands|Fake Out|p2a: Zapdos\n|-damage|p2a: Zapdos|78\/100\n|move|p2a: Zapdos|Sunny Day|p2a: Zapdos\n|-weather|SunnyDay\n|-activate|p2b: Great Tusk|ability: Protosynthesis\n|-start|p2b: Great Tusk|protosynthesisdef\n|move|p1b: Arcanine|Flare Blitz|p2b: Great Tusk\n|-supereffective|p2b: Great Tusk\n|-damage|p2b: Great Tusk|1\/100 brn\n|-damage|p1b: Arcanine|27\/100|[from] Recoil\n|move|p2b: Great Tusk|Knock Off|p1a: Iron Hands\n|-resisted|p1a: Iron Hands\n|-damage|p1a: Iron Hands|76\/100\n|-enditem|p1a: Iron Hands|Assault Vest|[from] move: Knock Off|[of] p2b: Great Tusk\n|\n|-weather|SunnyDay|[upkeep]\n|-damage|p2b: Great Tusk|0 fnt|[from] brn\n|faint|p2b: Great Tusk\n|-end|p2b: Great Tusk|Protosynthesis|[silent]\n|upkeep\n|\n|t:|1700993539\n|switch|p2b: Skeledirge|Skeledirge, L50, M|100\/100\n|turn|3\n|n|\u203dweirdnomad|weirdnomad\n|\n|t:|1700993564\n|move|p1b: Arcanine|Extreme Speed|p2a: Zapdos\n|-damage|p2a: Zapdos|60\/100\n|move|p2a: Zapdos|Heat Wave|p1a: Iron Hands|[spread] p1a,p1b\n|-resisted|p1b: Arcanine\n|-damage|p1a: Iron Hands|50\/100\n|-damage|p1b: Arcanine|11\/100\n|move|p2b: Skeledirge|Will-O-Wisp|p1a: Iron Hands\n|-status|p1a: Iron Hands|brn\n|move|p1a: Iron Hands|Heavy Slam|p2a: Zapdos\n|-resisted|p2a: Zapdos\n|-damage|p2a: Zapdos|52\/100\n|\n|-weather|SunnyDay|[upkeep]\n|-damage|p1a: Iron Hands|44\/100 brn|[from] brn\n|upkeep\n|turn|4\n|\n|t:|1700993588\n|move|p2a: Zapdos|Heat Wave|p1b: Arcanine|[spread] p1a,p1b\n|-resisted|p1b: Arcanine\n|-damage|p1a: Iron Hands|19\/100 brn\n|-damage|p1b: Arcanine|0 fnt\n|faint|p1b: Arcanine\n|move|p2b: Skeledirge|Torch Song|p1a: Iron Hands\n|-damage|p1a: Iron Hands|0 fnt\n|-boost|p2b: Skeledirge|spa|1\n|faint|p1a: Iron Hands\n|-end|p1a: Iron Hands|Quark Drive|[silent]\n|\n|-weather|SunnyDay|[upkeep]\n|upkeep\n|\n|t:|1700993601\n|switch|p1b: Amoonguss|Amoonguss, L50, M|100\/100\n|switch|p1a: Urshifu|Urshifu-Rapid-Strike, L50, M|100\/100 par\n|turn|5\n|\n|t:|1700993623\n|-terastallize|p1a: Urshifu|Water\n|move|p1b: Amoonguss|Protect|p1b: Amoonguss\n|-singleturn|p1b: Amoonguss|Protect\n|move|p2a: Zapdos|Heat Wave|p1a: Urshifu|[spread] p1a\n|-activate|p1b: Amoonguss|move: Protect\n|-resisted|p1a: Urshifu\n|-crit|p1a: Urshifu\n|-damage|p1a: Urshifu|65\/100 par\n|move|p1a: Urshifu|Surging Strikes|p2b: Skeledirge\n|-supereffective|p2b: Skeledirge\n|-crit|p2b: Skeledirge\n|-damage|p2b: Skeledirge|76\/100\n|-damage|p1a: Urshifu|48\/100 par|[from] item: Rocky Helmet|[of] p2b: Skeledirge\n|-supereffective|p2b: Skeledirge\n|-crit|p2b: Skeledirge\n|-damage|p2b: Skeledirge|49\/100\n|-damage|p1a: Urshifu|32\/100 par|[from] item: Rocky Helmet|[of] p2b: Skeledirge\n|-supereffective|p2b: Skeledirge\n|-crit|p2b: Skeledirge\n|-damage|p2b: Skeledirge|25\/100\n|-damage|p1a: Urshifu|15\/100 par|[from] item: Rocky Helmet|[of] p2b: Skeledirge\n|-hitcount|p2b: Skeledirge|3\n|move|p2b: Skeledirge|Hex|p1a: Urshifu\n|-crit|p1a: Urshifu\n|-damage|p1a: Urshifu|0 fnt\n|faint|p1a: Urshifu\n|\n|-weather|SunnyDay|[upkeep]\n|upkeep\n|turn|6\n|-message|odnumbers forfeited.\n|\n|win|weirdnomad\n|raw|odnumbers's rating: 1117 &rarr; <strong>1085<\/strong><br \/>(-32 for losing)\n|raw|weirdnomad's rating: 1012 &rarr; <strong>1061<\/strong><br \/>(+49 for winning)\n|l|\u2606odnumbers\n","uploadtime":1700993661,"views":9,"p1id":"odnumbers","p2id":"weirdnomad","formatid":"gen9vgc2023regulatione","rating":1061,"private":0,"password":""}