{"id":"gen9vgc2023regulatione-1998585332","p1":"King32bit","p2":"EdwinVGC","format":"[Gen 9] VGC 2023 Regulation E","log":"|j|\u2606King32bit\n|j|\u2606EdwinVGC\n|t:|1700959525\n|gametype|doubles\n|player|p1|King32bit|silver|\n|player|p2|EdwinVGC|2|\n|teamsize|p1|6\n|teamsize|p2|6\n|gen|9\n|tier|[Gen 9] VGC 2023 Regulation E\n|rule|Species Clause: Limit one of each Pok\u00e9mon\n|rule|Item Clause: Limit one of each item\n|clearpoke\n|poke|p1|Baxcalibur, L50, M|\n|poke|p1|Garganacl, L50, M|\n|poke|p1|Gholdengo, L50|\n|poke|p1|Meowscarada, L50, M|\n|poke|p1|Mimikyu, L50, F|\n|poke|p1|Tauros-Paldea-Aqua, L50, M|\n|poke|p2|Pelipper, L50, M|\n|poke|p2|Urshifu-*, L50, M|\n|poke|p2|Amoonguss, L50, F|\n|poke|p2|Iron Hands, L50|\n|poke|p2|Gholdengo, L50|\n|poke|p2|Farigiraf, L50, M|\n|teampreview|4\nKing32bit has agreed to open team sheets.\nEdwinVGC has agreed to open team sheets.\n|showteam|p1|Baxcalibur||LoadedDice|ThermalExchange|GlaiveRush,IcicleSpear,IceShard,Protect|||M|||50|,,,,,Water]Garganacl||Leftovers|PurifyingSalt|SaltCure,Recover,WideGuard,Protect|||M|||50|,,,,,Poison]Gholdengo||ChoiceSpecs|GoodasGold|MakeItRain,ShadowBall,PowerGem,FocusBlast||||||50|,,,,,Steel]Meowscarada||FocusSash|Overgrow|FlowerTrick,KnockOff,SuckerPunch,Protect|||M|||50|,,,,,Grass]Mimikyu||LifeOrb|Disguise|PlayRough,ShadowClaw,ShadowSneak,Protect|||F|||50|,,,,,Ghost]Tauros-Paldea-Aqua||SafetyGoggles|Intimidate|CloseCombat,WaveCrash,AquaJet,Protect|||M|||50|,,,,,Water\n|showteam|p2|Pelipper||FocusSash|Drizzle|Hurricane,Tailwind,WideGuard,WeatherBall|||M|||50|,,,,,Flying]Urshifu-Rapid-Strike||MysticWater|UnseenFist|SurgingStrikes,AquaJet,Detect,CloseCombat|||M|||50|,,,,,Water]Amoonguss||RockyHelmet|Regenerator|Spore,RagePowder,PollenPuff,GigaDrain|||F|||50|,,,,,Fire]Iron Hands||AssaultVest|QuarkDrive|WildCharge,HeavySlam,FakeOut,DrainPunch||||||50|,,,,,Water]Gholdengo||LifeOrb|GoodasGold|MakeItRain,NastyPlot,ShadowBall,Protect||||||50|,,,,,Steel]Farigiraf||SitrusBerry|ArmorTail|Psychic,DazzlingGleam,NastyPlot,TrickRoom|||M|||50|,,,,,Fairy\n|c|\u2606EdwinVGC|Game 2\n|\n|t:|1700959556\n|start\n|switch|p1a: Meowscarada|Meowscarada, L50, M|100\/100\n|switch|p1b: Mimikyu|Mimikyu, L50, F|100\/100\n|switch|p2a: Pelipper|Pelipper, L50, M|100\/100\n|switch|p2b: Urshifu|Urshifu-Rapid-Strike, L50, M|100\/100\n|-weather|RainDance|[from] ability: Drizzle|[of] p2a: Pelipper\n|turn|1\n|\n|t:|1700959581\n|-terastallize|p1a: Meowscarada|Grass\n|move|p2b: Urshifu|Detect|p2b: Urshifu\n|-singleturn|p2b: Urshifu|Protect\n|move|p1b: Mimikyu|Shadow Sneak|p2a: Pelipper\n|-damage|p2a: Pelipper|69\/100\n|-damage|p1b: Mimikyu|91\/100|[from] item: Life Orb\n|move|p1a: Meowscarada|Flower Trick|p2b: Urshifu\n|-activate|p2b: Urshifu|move: Protect\n|move|p2a: Pelipper|Tailwind|p2a: Pelipper\n|-sidestart|p2: EdwinVGC|move: Tailwind\n|\n|-weather|RainDance|[upkeep]\n|upkeep\n|turn|2\n|\n|t:|1700959606\n|-terastallize|p2a: Pelipper|Flying\n|move|p1a: Meowscarada|Sucker Punch|p2b: Urshifu\n|-resisted|p2b: Urshifu\n|-damage|p2b: Urshifu|84\/100\n|move|p2b: Urshifu|Surging Strikes|p1a: Meowscarada\n|-resisted|p1a: Meowscarada\n|-crit|p1a: Meowscarada\n|-damage|p1a: Meowscarada|74\/100\n|-resisted|p1a: Meowscarada\n|-crit|p1a: Meowscarada\n|-damage|p1a: Meowscarada|45\/100\n|-resisted|p1a: Meowscarada\n|-crit|p1a: Meowscarada\n|-damage|p1a: Meowscarada|18\/100\n|-hitcount|p1a: Meowscarada|3\n|move|p2a: Pelipper|Hurricane|p1a: Meowscarada\n|-supereffective|p1a: Meowscarada\n|-damage|p1a: Meowscarada|0 fnt\n|faint|p1a: Meowscarada\n|move|p1b: Mimikyu|Play Rough|p2a: Pelipper\n|-damage|p2a: Pelipper|5\/100\n|-damage|p1b: Mimikyu|81\/100|[from] item: Life Orb\n|\n|-weather|RainDance|[upkeep]\n|upkeep\n|\n|t:|1700959629\n|switch|p1a: Baxcalibur|Baxcalibur, L50, M|100\/100\n|turn|3\n|\n|t:|1700959647\n|switch|p2a: Farigiraf|Farigiraf, L50, M|100\/100\n|move|p1b: Mimikyu|Shadow Sneak||[still]\n|cant|p2a: Farigiraf|ability: Armor Tail|Shadow Sneak|[of] p1b: Mimikyu\n|move|p2b: Urshifu|Surging Strikes|p1a: Baxcalibur\n|-resisted|p1a: Baxcalibur\n|-crit|p1a: Baxcalibur\n|-damage|p1a: Baxcalibur|86\/100\n|-resisted|p1a: Baxcalibur\n|-crit|p1a: Baxcalibur\n|-damage|p1a: Baxcalibur|71\/100\n|-resisted|p1a: Baxcalibur\n|-crit|p1a: Baxcalibur\n|-damage|p1a: Baxcalibur|55\/100\n|-hitcount|p1a: Baxcalibur|3\n|move|p1a: Baxcalibur|Glaive Rush|p2a: Farigiraf\n|-damage|p2a: Farigiraf|36\/100\n|-singlemove|p1a: Baxcalibur|Glaive Rush|[silent]\n|-enditem|p2a: Farigiraf|Sitrus Berry|[eat]\n|-heal|p2a: Farigiraf|61\/100|[from] item: Sitrus Berry\n|\n|-weather|RainDance|[upkeep]\n|upkeep\n|turn|4\n|\n|t:|1700959680\n|move|p2b: Urshifu|Surging Strikes|p1a: Baxcalibur\n|-resisted|p1a: Baxcalibur\n|-crit|p1a: Baxcalibur\n|-damage|p1a: Baxcalibur|28\/100\n|-resisted|p1a: Baxcalibur\n|-crit|p1a: Baxcalibur\n|-damage|p1a: Baxcalibur|0 fnt\n|faint|p1a: Baxcalibur\n|-hitcount|p1: Baxcalibur|2\n|move|p2a: Farigiraf|Nasty Plot|p2a: Farigiraf\n|-boost|p2a: Farigiraf|spa|2\n|move|p1b: Mimikyu|Play Rough|p2b: Urshifu\n|-supereffective|p2b: Urshifu\n|-damage|p2b: Urshifu|0 fnt\n|faint|p2b: Urshifu\n|-damage|p1b: Mimikyu|71\/100|[from] item: Life Orb\n|\n|-weather|RainDance|[upkeep]\n|-sideend|p2: EdwinVGC|move: Tailwind\n|upkeep\n|\n|t:|1700959697\n|switch|p2b: Gholdengo|Gholdengo, L50|100\/100\n|switch|p1a: Garganacl|Garganacl, L50, M|100\/100\n|turn|5\n|\n|t:|1700959718\n|move|p1b: Mimikyu|Play Rough|p2b: Gholdengo|[miss]\n|-miss|p1b: Mimikyu|p2b: Gholdengo\n|move|p2b: Gholdengo|Shadow Ball|p1b: Mimikyu\n|-activate|p1b: Mimikyu|ability: Disguise\n|-damage|p1b: Mimikyu|71\/100\n|detailschange|p1b: Mimikyu|Mimikyu-Busted, L50, F\n|-damage|p1b: Mimikyu|59\/100|[from] pokemon: Mimikyu-Busted\n|-damage|p2b: Gholdengo|91\/100|[from] item: Life Orb\n|move|p2a: Farigiraf|Nasty Plot|p2a: Farigiraf\n|-boost|p2a: Farigiraf|spa|2\n|move|p1a: Garganacl|Salt Cure|p2a: Farigiraf\n|-damage|p2a: Farigiraf|48\/100\n|-start|p2a: Farigiraf|Salt Cure\n|\n|-weather|none\n|-damage|p2a: Farigiraf|36\/100|[from] Salt Cure\n|upkeep\n|turn|6\n|\n|t:|1700959750\n|move|p1b: Mimikyu|Shadow Sneak||[still]\n|cant|p2a: Farigiraf|ability: Armor Tail|Shadow Sneak|[of] p1b: Mimikyu\n|move|p2b: Gholdengo|Nasty Plot|p2b: Gholdengo\n|-boost|p2b: Gholdengo|spa|2\n|move|p2a: Farigiraf|Dazzling Gleam|p1b: Mimikyu|[spread] p1a,p1b\n|-damage|p1a: Garganacl|71\/100\n|-damage|p1b: Mimikyu|0 fnt\n|faint|p1b: Mimikyu\n|move|p1a: Garganacl|Salt Cure|p2b: Gholdengo\n|-resisted|p2b: Gholdengo\n|-damage|p2b: Gholdengo|83\/100\n|-start|p2b: Gholdengo|Salt Cure\n|\n|-heal|p1a: Garganacl|76\/100|[from] item: Leftovers\n|-damage|p2b: Gholdengo|58\/100|[from] Salt Cure\n|-damage|p2a: Farigiraf|23\/100|[from] Salt Cure\n|upkeep\n|turn|7\n|\n|t:|1700959769\n|move|p1a: Garganacl|Protect|p1a: Garganacl\n|-singleturn|p1a: Garganacl|Protect\n|move|p2b: Gholdengo|Shadow Ball|p1a: Garganacl\n|-activate|p1a: Garganacl|move: Protect\n|move|p2a: Farigiraf|Dazzling Gleam|p1a: Garganacl\n|-activate|p1a: Garganacl|move: Protect\n|\n|-heal|p1a: Garganacl|82\/100|[from] item: Leftovers\n|-damage|p2b: Gholdengo|33\/100|[from] Salt Cure\n|-damage|p2a: Farigiraf|11\/100|[from] Salt Cure\n|upkeep\n|turn|8\n|\n|t:|1700959786\n|move|p1a: Garganacl|Wide Guard|p1a: Garganacl\n|-singleturn|p1a: Garganacl|Wide Guard\n|move|p2b: Gholdengo|Make It Rain|p1a: Garganacl\n|-activate|p1a: Garganacl|move: Wide Guard\n|move|p2a: Farigiraf|Dazzling Gleam|p1a: Garganacl\n|-activate|p1a: Garganacl|move: Wide Guard\n|\n|-heal|p1a: Garganacl|88\/100|[from] item: Leftovers\n|-damage|p2b: Gholdengo|8\/100|[from] Salt Cure\n|-damage|p2a: Farigiraf|0 fnt|[from] Salt Cure\n|faint|p2a: Farigiraf\n|upkeep\n|\n|t:|1700959798\n|switch|p2a: Pelipper|Pelipper, L50, M, tera:Flying|5\/100\n|-weather|RainDance|[from] ability: Drizzle|[of] p2a: Pelipper\n|turn|9\n|\n|t:|1700959807\n|move|p1a: Garganacl|Protect||[still]\n|-fail|p1a: Garganacl\n|move|p2a: Pelipper|Weather Ball|p1a: Garganacl\n|-supereffective|p1a: Garganacl\n|-damage|p1a: Garganacl|0 fnt\n|faint|p1a: Garganacl\n|\n|win|EdwinVGC\n","uploadtime":1700959816,"views":15,"p1id":"king32bit","p2id":"edwinvgc","formatid":"gen9vgc2023regulatione","rating":0,"private":0,"password":""}