{"id":"gen9vgc2023regulatione-1996432549","p1":"TobiVGC","p2":"Tractie","format":"[Gen 9] VGC 2023 Regulation E","log":"|j|\u2606TobiVGC\n|j|\u2606Tractie\n|n|\u2606TobiVGC|tobivgc\n|n|\u2606Tractie|tractie\n|html|View the match progress at <a href=\"\/game-bestof3-gen9vgc2023regulatione-1996429574\">game-bestof3-gen9vgc2023regulatione-1996429574<\/a>\n|t:|1700681485\n|gametype|doubles\n|player|p1|TobiVGC|170|\n|player|p2|Tractie|265|\n|teamsize|p1|6\n|teamsize|p2|6\n|gen|9\n|tier|[Gen 9] VGC 2023 Regulation E\n|rule|Species Clause: Limit one of each Pok\u00e9mon\n|rule|Item Clause: Limit one of each item\n|clearpoke\n|poke|p1|Iron Hands, L50|\n|poke|p1|Dusclops, L50, M|\n|poke|p1|Ogerpon-Wellspring, L50, F|\n|poke|p1|Ursaluna-Bloodmoon, L50, M|\n|poke|p1|Heatran, L50, F|\n|poke|p1|Urshifu-*, L50, M|\n|poke|p2|Flutter Mane, L50|\n|poke|p2|Brambleghast, L50, M|\n|poke|p2|Chi-Yu, L50|\n|poke|p2|Tornadus, L50, M|\n|poke|p2|Gholdengo, L50|\n|poke|p2|Urshifu-*, L50, M|\n|teampreview|4\nTractie has agreed to open team sheets.\nTobiVGC has agreed to open team sheets.\n|showteam|p1|Iron Hands||AssaultVest|QuarkDrive|FakeOut,WildCharge,VoltSwitch,DrainPunch||||||50|,,,,,Fire]Dusclops||Eviolite|Pressure|WillOWisp,TrickRoom,NightShade,HelpingHand|||M|||50|,,,,,Dark]Ogerpon-Wellspring||WellspringMask|WaterAbsorb|SpikyShield,FollowMe,HornLeech,IvyCudgel|||F|||50|,,,,,Water]Ursaluna-Bloodmoon||SilkScarf|MindsEye|EarthPower,Protect,HyperVoice,BloodMoon|||M|||50|,,,,,Normal]Heatran||LifeOrb|FlashFire|HeatWave,FlashCannon,EarthPower,Protect|||F|||50|,,,,,Fairy]Urshifu||FocusSash|UnseenFist|CloseCombat,WickedBlow,SuckerPunch,Protect|||M|||50|,,,,,Dark\n|showteam|p2|Flutter Mane||BoosterEnergy|Protosynthesis|ShadowBall,Moonblast,IcyWind,Protect||||||50|,,,,,Fairy]Brambleghast||FocusSash|WindRider|PowerWhip,Poltergeist,ShadowSneak,StrengthSap|||M|||50|,,,,,Ghost]Chi-Yu||LifeOrb|BeadsofRuin|HeatWave,DarkPulse,Overheat,Protect||||||50|,,,,,Ghost]Tornadus||CovertCloak|Prankster|BleakwindStorm,Tailwind,Taunt,Protect|||M|||50|,,,,,Steel]Gholdengo||ChoiceSpecs|GoodasGold|MakeItRain,ShadowBall,Thunderbolt,SteelBeam||||||50|,,,,,Steel]Urshifu-Rapid-Strike||MysticWater|UnseenFist|AquaJet,SurgingStrikes,CloseCombat,Detect|||M|||50|,,,,,Water\n|\n|t:|1700681536\n|start\n|switch|p1a: Heatran|Heatran, L50, F|100\/100\n|switch|p1b: Urshifu|Urshifu, L50, M|100\/100\n|switch|p2a: Chi-Yu|Chi-Yu, L50|100\/100\n|switch|p2b: Gholdengo|Gholdengo, L50|100\/100\n|-ability|p2a: Chi-Yu|Beads of Ruin\n|turn|1\n|\n|t:|1700681621\n|-terastallize|p1a: Heatran|Fairy\n|move|p2a: Chi-Yu|Dark Pulse|p1b: Urshifu\n|-resisted|p1b: Urshifu\n|-damage|p1b: Urshifu|71\/100\n|-damage|p2a: Chi-Yu|91\/100|[from] item: Life Orb\n|move|p1b: Urshifu|Wicked Blow|p2a: Chi-Yu\n|-resisted|p2a: Chi-Yu\n|-crit|p2a: Chi-Yu\n|-damage|p2a: Chi-Yu|48\/100\n|move|p2b: Gholdengo|Shadow Ball|p1b: Urshifu\n|-resisted|p1b: Urshifu\n|-damage|p1b: Urshifu|11\/100\n|move|p1a: Heatran|Heat Wave|p2a: Chi-Yu|[spread] p2a,p2b\n|-resisted|p2a: Chi-Yu\n|-supereffective|p2b: Gholdengo\n|-damage|p2a: Chi-Yu|27\/100\n|-damage|p2b: Gholdengo|0 fnt\n|faint|p2b: Gholdengo\n|-damage|p1a: Heatran|91\/100|[from] item: Life Orb\n|\n|upkeep\n|\n|t:|1700681646\n|switch|p2b: Tornadus|Tornadus, L50, M|100\/100\n|turn|2\n|\n|t:|1700681654\n|switch|p2a: Urshifu|Urshifu-Rapid-Strike, L50, M|100\/100\n|move|p1b: Urshifu|Protect|p1b: Urshifu\n|-singleturn|p1b: Urshifu|Protect\n|move|p2b: Tornadus|Bleakwind Storm|p1b: Urshifu|[spread] p1a\n|-activate|p1b: Urshifu|move: Protect\n|-damage|p1a: Heatran|62\/100\n|move|p1a: Heatran|Heat Wave|p2b: Tornadus|[spread] p2a,p2b\n|-resisted|p2a: Urshifu\n|-damage|p2a: Urshifu|72\/100\n|-damage|p2b: Tornadus|40\/100\n|-damage|p1a: Heatran|53\/100|[from] item: Life Orb\n|\n|upkeep\n|turn|3\n|\n|t:|1700681722\n|switch|p1b: Ogerpon|Ogerpon-Wellspring, L50, F|100\/100\n|move|p2b: Tornadus|Tailwind|p2b: Tornadus\n|-sidestart|p2: Tractie|move: Tailwind\n|move|p2a: Urshifu|Surging Strikes|p1b: Ogerpon\n|-immune|p1b: Ogerpon|[from] ability: Water Absorb\n|move|p1a: Heatran|Heat Wave|p2a: Urshifu|[spread] p2a,p2b\n|-resisted|p2a: Urshifu\n|-damage|p2a: Urshifu|43\/100\n|-damage|p2b: Tornadus|0 fnt\n|faint|p2b: Tornadus\n|-damage|p1a: Heatran|43\/100|[from] item: Life Orb\n|\n|upkeep\n|\n|t:|1700681733\n|switch|p2b: Chi-Yu|Chi-Yu, L50|27\/100\n|-ability|p2b: Chi-Yu|Beads of Ruin\n|turn|4\n|\n|t:|1700681760\n|move|p2a: Urshifu|Detect|p2a: Urshifu\n|-singleturn|p2a: Urshifu|Protect\n|move|p1b: Ogerpon|Follow Me|p1b: Ogerpon\n|-singleturn|p1b: Ogerpon|move: Follow Me\n|move|p2b: Chi-Yu|Dark Pulse|p1b: Ogerpon\n|-damage|p1b: Ogerpon|23\/100\n|-damage|p2b: Chi-Yu|17\/100|[from] item: Life Orb\n|move|p1a: Heatran|Heat Wave|p2a: Urshifu|[spread] p2b\n|-activate|p2a: Urshifu|move: Protect\n|-resisted|p2b: Chi-Yu\n|-damage|p2b: Chi-Yu|0 fnt\n|faint|p2b: Chi-Yu\n|-damage|p1a: Heatran|33\/100|[from] item: Life Orb\n|\n|upkeep\n|turn|5\n|\n|t:|1700681776\n|move|p2a: Urshifu|Close Combat|p1b: Ogerpon\n|-crit|p1b: Ogerpon\n|-damage|p1b: Ogerpon|0 fnt\n|-unboost|p2a: Urshifu|def|1\n|-unboost|p2a: Urshifu|spd|1\n|faint|p1b: Ogerpon\n|move|p1a: Heatran|Earth Power|p2a: Urshifu\n|-damage|p2a: Urshifu|0 fnt\n|faint|p2a: Urshifu\n|-damage|p1a: Heatran|24\/100|[from] item: Life Orb\n|\n|win|TobiVGC\n|inactive|TobiVGC has 50 seconds to confirm battle start!\n|inactive|Tractie has 50 seconds to confirm battle start!\n","uploadtime":1700681788,"views":0,"p1id":"tobivgc","p2id":"tractie","formatid":"gen9vgc2023regulatione","rating":0,"private":0,"password":""}