{"id":"gen9vgc2023regulatione-1990972713","p1":"shadowemrald","p2":"TheRMeister","format":"[Gen 9] VGC 2023 Regulation E","log":"|j|\u2606shadowemrald\n|j|\u2606TheRMeister\n|t:|1700021715\n|gametype|doubles\n|player|p1|shadowemrald|265|1058\n|player|p2|TheRMeister|1|1014\n|teamsize|p1|6\n|teamsize|p2|6\n|gen|9\n|tier|[Gen 9] VGC 2023 Regulation E\n|rated|\n|rule|Species Clause: Limit one of each Pok\u00e9mon\n|rule|Item Clause: Limit one of each item\n|clearpoke\n|poke|p1|Grafaiai, L50, F|\n|poke|p1|Salamence, L50, F|\n|poke|p1|Ogerpon-Hearthflame, L50, F|\n|poke|p1|Landorus-Therian, L50, M|\n|poke|p1|Weezing, L50, F|\n|poke|p1|Iron Hands, L50|\n|poke|p2|Garchomp, L50, F|\n|poke|p2|Tyranitar, L50, F|\n|poke|p2|Tornadus, L50, M|\n|poke|p2|Wugtrio, L50, F|\n|poke|p2|Gliscor, L50, M|\n|poke|p2|Golem, L50, M|\n|teampreview|4\n|inactive|Battle timer is ON: inactive players will automatically lose when time's up. (requested by TheRMeister)\n|\n|t:|1700021733\n|start\n|switch|p1a: Weezing|Weezing, L50, F|100\/100\n|switch|p1b: Iron Hands|Iron Hands, L50|100\/100\n|switch|p2a: Garchomp|Garchomp, L50, F|100\/100\n|switch|p2b: Tyranitar|Tyranitar, L50, F|100\/100\n|-ability|p1a: Weezing|Neutralizing Gas\n|turn|1\n|\n|t:|1700021753\n|switch|p2b: Gliscor|Gliscor, L50, M|100\/100\n|move|p1b: Iron Hands|Fake Out|p2a: Garchomp\n|-damage|p2a: Garchomp|86\/100\n|cant|p2a: Garchomp|flinch\n|move|p1a: Weezing|Will-O-Wisp|p2a: Garchomp|[miss]\n|-miss|p1a: Weezing|p2a: Garchomp\n|\n|upkeep\n|turn|2\n|\n|t:|1700021768\n|-end|p1b: Iron Hands|Quark Drive|[silent]\n|switch|p1b: Landorus|Landorus-Therian, L50, M|100\/100\n|move|p2a: Garchomp|Earthquake|p1b: Landorus|[spread] p1a\n|-immune|p2b: Gliscor\n|-immune|p1b: Landorus\n|-supereffective|p1a: Weezing\n|-crit|p1a: Weezing\n|-damage|p1a: Weezing|16\/100\n|move|p2b: Gliscor|Sand Attack|p1a: Weezing\n|-unboost|p1a: Weezing|accuracy|1\n|move|p1a: Weezing|Will-O-Wisp|p2a: Garchomp|[miss]\n|-miss|p1a: Weezing|p2a: Garchomp\n|\n|upkeep\n|turn|3\n|inactive|TheRMeister has 30 seconds left.\n|\n|t:|1700021803\n|-end|p1a: Weezing|ability: Neutralizing Gas\n|-ability|p1b: Landorus|Intimidate|boost\n|-unboost|p2a: Garchomp|atk|1\n|-unboost|p2b: Gliscor|atk|1\n|switch|p1a: Iron Hands|Iron Hands, L50|100\/100\n|move|p1b: Landorus|U-turn|p2a: Garchomp\n|-crit|p2a: Garchomp\n|-damage|p2a: Garchomp|46\/100\n|\n|t:|1700021819\n|switch|p1b: Weezing|Weezing, L50, F|16\/100|[from] U-turn\n|-ability|p1b: Weezing|Neutralizing Gas\n|move|p2a: Garchomp|Rock Slide|p1b: Weezing|[spread] p1a,p1b\n|-resisted|p1a: Iron Hands\n|-damage|p1a: Iron Hands|96\/100\n|-damage|p1b: Weezing|7\/100\n|move|p2b: Gliscor|Swords Dance|p2b: Gliscor\n|-boost|p2b: Gliscor|atk|2\n|\n|upkeep\n|turn|4\n|inactive|TheRMeister has 30 seconds left.\n|inactive|TheRMeister has 20 seconds left.\n|\n|t:|1700021858\n|move|p1a: Iron Hands|Fake Out|p2a: Garchomp\n|-damage|p2a: Garchomp|29\/100\n|cant|p2a: Garchomp|flinch\n|move|p2b: Gliscor|Earthquake|p1a: Iron Hands|[spread] p2a,p1a,p1b\n|-supereffective|p1a: Iron Hands\n|-supereffective|p1b: Weezing\n|-damage|p2a: Garchomp|0 fnt\n|-damage|p1a: Iron Hands|34\/100\n|-damage|p1b: Weezing|0 fnt\n|faint|p2a: Garchomp\n|faint|p1b: Weezing\n|-end|p1b: Weezing|ability: Neutralizing Gas\n|\n|upkeep\n|\n|t:|1700021870\n|switch|p2a: Tyranitar|Tyranitar, L50, F|100\/100\n|switch|p1b: Ogerpon|Ogerpon-Hearthflame, L50, F|100\/100\n|-ability|p1b: Ogerpon|Mold Breaker\n|-weather|Sandstorm|[from] ability: Sand Stream|[of] p2a: Tyranitar\n|turn|5\n|inactive|TheRMeister has 30 seconds left.\n|\n|t:|1700021901\n|move|p1b: Ogerpon|Spiky Shield|p1b: Ogerpon\n|-singleturn|p1b: Ogerpon|move: Protect\n|move|p2b: Gliscor|Sand Attack|p1b: Ogerpon\n|-activate|p1b: Ogerpon|move: Protect\n|move|p1a: Iron Hands|Drain Punch|p2a: Tyranitar\n|-supereffective|p2a: Tyranitar\n|-damage|p2a: Tyranitar|0 fnt\n|-heal|p1a: Iron Hands|78\/100|[from] drain|[of] p2a: Tyranitar\n|faint|p2a: Tyranitar\n|\n|-weather|Sandstorm|[upkeep]\n|-damage|p1b: Ogerpon|95\/100|[from] Sandstorm\n|-damage|p1a: Iron Hands|72\/100|[from] Sandstorm\n|upkeep\n|\n|t:|1700021908\n|switch|p2a: Wugtrio|Wugtrio, L50, F|100\/100\n|turn|6\n|\n|t:|1700021929\n|move|p2a: Wugtrio|Sand Attack|p1b: Ogerpon\n|-unboost|p1b: Ogerpon|accuracy|1\n|move|p1b: Ogerpon|U-turn|p2b: Gliscor|[miss]\n|-miss|p1b: Ogerpon|p2b: Gliscor\n|move|p2b: Gliscor|Swords Dance|p2b: Gliscor\n|-boost|p2b: Gliscor|atk|2\n|move|p1a: Iron Hands|Wild Charge|p2a: Wugtrio|[miss]\n|-miss|p1a: Iron Hands|p2a: Wugtrio\n|\n|-weather|Sandstorm|[upkeep]\n|-damage|p1b: Ogerpon|89\/100|[from] Sandstorm\n|-damage|p1a: Iron Hands|66\/100|[from] Sandstorm\n|upkeep\n|turn|7\n|inactive|TheRMeister has 30 seconds left.\n|\n|t:|1700021958\n|switch|p1b: Landorus|Landorus-Therian, L50, M|100\/100\n|-ability|p1b: Landorus|Intimidate|boost\n|-unboost|p2a: Wugtrio|atk|1\n|-unboost|p2b: Gliscor|atk|1\n|move|p2a: Wugtrio|Substitute|p2a: Wugtrio\n|-start|p2a: Wugtrio|Substitute\n|-damage|p2a: Wugtrio|76\/100\n|move|p2b: Gliscor|Earthquake|p1a: Iron Hands|[spread] p1a\n|-immune|p1b: Landorus\n|-miss|p2b: Gliscor|p2a: Wugtrio\n|-supereffective|p1a: Iron Hands\n|-damage|p1a: Iron Hands|0 fnt\n|faint|p1a: Iron Hands\n|-end|p1a: Iron Hands|Quark Drive|[silent]\n|\n|-weather|Sandstorm|[upkeep]\n|-heal|p2a: Wugtrio|81\/100|[from] item: Leftovers\n|upkeep\n|\n|t:|1700021971\n|switch|p1a: Ogerpon|Ogerpon-Hearthflame, L50, F|89\/100\n|-ability|p1a: Ogerpon|Mold Breaker\n|turn|8\n|inactive|shadowemrald has 30 seconds left.\n|inactive|TheRMeister has 30 seconds left.\n|\n|t:|1700022004\n|-terastallize|p1b: Landorus|Flying\n|move|p1b: Landorus|Tera Blast|p2b: Gliscor|[anim] Tera Blast Flying|[miss]\n|-miss|p1b: Landorus|p2b: Gliscor\n|move|p2a: Wugtrio|Liquidation|p1b: Landorus\n|-crit|p1b: Landorus\n|-damage|p1b: Landorus|31\/100\n|-unboost|p1b: Landorus|def|1\n|move|p1a: Ogerpon|Horn Leech|p2a: Wugtrio\n|-supereffective|p2a: Wugtrio\n|-end|p2a: Wugtrio|Substitute\n|-heal|p1a: Ogerpon|98\/100|[from] drain|[of] p2a: Wugtrio\n|move|p2b: Gliscor|Sand Attack|p1b: Landorus\n|-unboost|p1b: Landorus|accuracy|1\n|\n|-weather|Sandstorm|[upkeep]\n|-damage|p1b: Landorus|25\/100|[from] Sandstorm\n|-damage|p1a: Ogerpon|92\/100|[from] Sandstorm\n|-heal|p2a: Wugtrio|87\/100|[from] item: Leftovers\n|upkeep\n|turn|9\n|inactive|TheRMeister has 30 seconds left.\n|\n|t:|1700022037\n|move|p1b: Landorus|Tera Blast|p2b: Gliscor|[anim] Tera Blast Flying\n|-damage|p2b: Gliscor|39\/100\n|-enditem|p2b: Gliscor|Sitrus Berry|[eat]\n|-heal|p2b: Gliscor|64\/100|[from] item: Sitrus Berry\n|move|p2a: Wugtrio|Substitute|p2a: Wugtrio\n|-start|p2a: Wugtrio|Substitute\n|-damage|p2a: Wugtrio|62\/100\n|move|p1a: Ogerpon|Horn Leech|p2a: Wugtrio\n|-supereffective|p2a: Wugtrio\n|-end|p2a: Wugtrio|Substitute\n|-heal|p1a: Ogerpon|100\/100|[from] drain|[of] p2a: Wugtrio\n|move|p2b: Gliscor|Earthquake|p1b: Landorus|[spread] p2a,p1a\n|-immune|p1b: Landorus\n|-damage|p2a: Wugtrio|0 fnt\n|-damage|p1a: Ogerpon|20\/100\n|faint|p2a: Wugtrio\n|\n|-weather|none\n|upkeep\n|turn|10\n|-message|TheRMeister forfeited.\n|\n|win|shadowemrald\n|raw|shadowemrald's rating: 1058 &rarr; <strong>1085<\/strong><br \/>(+27 for winning)\n|raw|TheRMeister's rating: 1014 &rarr; <strong>1003<\/strong><br \/>(-11 for losing)\n|l|\u2606TheRMeister\n","uploadtime":1700022059,"views":19,"p1id":"shadowemrald","p2id":"thermeister","formatid":"gen9vgc2023regulatione","rating":1003,"private":0,"password":""}