{"id":"gen9vgc2023regulatione-1999818933","p1":"Big Dripplin","p2":"pikaddict","format":"[Gen 9] VGC 2023 Regulation E","log":"|j|\u2606Big Dripplin\n|j|\u2606pikaddict\n|t:|1701119617\n|gametype|doubles\n|player|p1|Big Dripplin|2|1400\n|player|p2|pikaddict|170|1400\n|teamsize|p1|6\n|teamsize|p2|6\n|gen|9\n|tier|[Gen 9] VGC 2023 Regulation E\n|rated|\n|rule|Species Clause: Limit one of each Pok\u00e9mon\n|rule|Item Clause: Limit one of each item\n|clearpoke\n|poke|p1|Arcanine-Hisui, L50, F|\n|poke|p1|Gholdengo, L50|\n|poke|p1|Tornadus, L50, M|\n|poke|p1|Iron Hands, L50|\n|poke|p1|Flutter Mane, L50|\n|poke|p1|Urshifu-*, L50, F|\n|poke|p2|Iron Bundle, L50|\n|poke|p2|Arcanine-Hisui, L50, M|\n|poke|p2|Tyranitar, L50, F|\n|poke|p2|Kommo-o, L50, M|\n|poke|p2|Rillaboom, L50, M|\n|poke|p2|Flutter Mane, L50|\n|teampreview|4\n|\n|t:|1701119647\n|start\n|switch|p1a: Iron Hands|Iron Hands, L50|100\/100\n|switch|p1b: Flutter Mane|Flutter Mane, L50|100\/100\n|switch|p2a: Rillaboom|Rillaboom, L50, M|100\/100\n|switch|p2b: Iron Bundle|Iron Bundle, L50|100\/100\n|-fieldstart|move: Grassy Terrain|[from] ability: Grassy Surge|[of] p2a: Rillaboom\n|-enditem|p2b: Iron Bundle|Booster Energy\n|-activate|p2b: Iron Bundle|ability: Quark Drive|[fromitem]\n|-start|p2b: Iron Bundle|quarkdrivespe\n|-enditem|p1b: Flutter Mane|Booster Energy\n|-activate|p1b: Flutter Mane|ability: Protosynthesis|[fromitem]\n|-start|p1b: Flutter Mane|protosynthesisspa\n|turn|1\n|\n|t:|1701119667\n|move|p2b: Iron Bundle|Protect|p2b: Iron Bundle\n|-singleturn|p2b: Iron Bundle|Protect\n|move|p1b: Flutter Mane|Protect|p1b: Flutter Mane\n|-singleturn|p1b: Flutter Mane|Protect\n|move|p1a: Iron Hands|Fake Out|p2b: Iron Bundle\n|-activate|p2b: Iron Bundle|move: Protect\n|move|p2a: Rillaboom|Wood Hammer|p1b: Flutter Mane\n|-activate|p1b: Flutter Mane|move: Protect\n|\n|upkeep\n|turn|2\n|\n|t:|1701119686\n|-end|p1b: Flutter Mane|Protosynthesis|[silent]\n|switch|p1b: Arcanine|Arcanine-Hisui, L50, F|100\/100\n|-ability|p1b: Arcanine|Intimidate|boost\n|-unboost|p2a: Rillaboom|atk|1\n|-unboost|p2b: Iron Bundle|atk|1\n|-terastallize|p2b: Iron Bundle|Ghost\n|move|p2a: Rillaboom|Grassy Glide|p1b: Arcanine\n|-damage|p1b: Arcanine|65\/100\n|move|p2b: Iron Bundle|Icy Wind|p1a: Iron Hands|[spread] p1a,p1b\n|-resisted|p1b: Arcanine\n|-damage|p1a: Iron Hands|88\/100\n|-damage|p1b: Arcanine|53\/100\n|-unboost|p1a: Iron Hands|spe|1\n|-unboost|p1b: Arcanine|spe|1\n|move|p1a: Iron Hands|Wild Charge|p2b: Iron Bundle\n|-damage|p2b: Iron Bundle|29\/100\n|-damage|p1a: Iron Hands|78\/100|[from] Recoil\n|\n|-heal|p2b: Iron Bundle|35\/100|[from] Grassy Terrain\n|-heal|p1b: Arcanine|59\/100|[from] Grassy Terrain\n|-heal|p1a: Iron Hands|84\/100|[from] Grassy Terrain\n|upkeep\n|turn|3\n|\n|t:|1701119709\n|switch|p2a: Kommo-o|Kommo-o, L50, M|100\/100\n|move|p2b: Iron Bundle|Protect|p2b: Iron Bundle\n|-singleturn|p2b: Iron Bundle|Protect\n|move|p1b: Arcanine|Flare Blitz|p2a: Kommo-o\n|-resisted|p2a: Kommo-o\n|-damage|p2a: Kommo-o|75\/100\n|-damage|p1b: Arcanine|51\/100|[from] Recoil\n|move|p1a: Iron Hands|Wild Charge|p2b: Iron Bundle\n|-activate|p2b: Iron Bundle|move: Protect\n|\n|-heal|p2b: Iron Bundle|41\/100|[from] Grassy Terrain\n|-heal|p2a: Kommo-o|81\/100|[from] Grassy Terrain\n|-heal|p2a: Kommo-o|87\/100|[from] item: Leftovers\n|-heal|p1b: Arcanine|57\/100|[from] Grassy Terrain\n|-heal|p1a: Iron Hands|91\/100|[from] Grassy Terrain\n|upkeep\n|turn|4\n|\n|t:|1701119732\n|move|p2b: Iron Bundle|Hydro Pump|p1b: Arcanine\n|-supereffective|p1b: Arcanine\n|-damage|p1b: Arcanine|0 fnt\n|faint|p1b: Arcanine\n|move|p2a: Kommo-o|Iron Defense|p2a: Kommo-o\n|-boost|p2a: Kommo-o|def|2\n|move|p1a: Iron Hands|Drain Punch|p2a: Kommo-o\n|-damage|p2a: Kommo-o|69\/100\n|-heal|p1a: Iron Hands|98\/100|[from] drain|[of] p2a: Kommo-o\n|\n|-heal|p2b: Iron Bundle|47\/100|[from] Grassy Terrain\n|-heal|p2a: Kommo-o|75\/100|[from] Grassy Terrain\n|-heal|p2a: Kommo-o|81\/100|[from] item: Leftovers\n|-heal|p1a: Iron Hands|100\/100|[from] Grassy Terrain\n|upkeep\n|\n|t:|1701119739\n|switch|p1b: Gholdengo|Gholdengo, L50|100\/100\n|turn|5\n|\n|t:|1701119754\n|move|p2a: Kommo-o|Protect|p2a: Kommo-o\n|-singleturn|p2a: Kommo-o|Protect\n|move|p2b: Iron Bundle|Icy Wind|p1b: Gholdengo|[spread] p1a,p1b\n|-resisted|p1b: Gholdengo\n|-damage|p1a: Iron Hands|89\/100\n|-damage|p1b: Gholdengo|91\/100\n|-unboost|p1a: Iron Hands|spe|1\n|-unboost|p1b: Gholdengo|spe|1\n|move|p1b: Gholdengo|Make It Rain|p2b: Iron Bundle|[spread] p2b\n|-activate|p2a: Kommo-o|move: Protect\n|-damage|p2b: Iron Bundle|0 fnt\n|-unboost|p1b: Gholdengo|spa|1\n|faint|p2b: Iron Bundle\n|-end|p2b: Iron Bundle|Quark Drive|[silent]\n|move|p1a: Iron Hands|Drain Punch|p2a: Kommo-o\n|-activate|p2a: Kommo-o|move: Protect\n|\n|-heal|p2a: Kommo-o|87\/100|[from] Grassy Terrain\n|-heal|p2a: Kommo-o|93\/100|[from] item: Leftovers\n|-heal|p1b: Gholdengo|97\/100|[from] Grassy Terrain\n|-heal|p1b: Gholdengo|100\/100|[from] item: Leftovers\n|-heal|p1a: Iron Hands|95\/100|[from] Grassy Terrain\n|-fieldend|move: Grassy Terrain\n|upkeep\n|\n|t:|1701119779\n|switch|p2b: Rillaboom|Rillaboom, L50, M|100\/100\n|-fieldstart|move: Grassy Terrain|[from] ability: Grassy Surge|[of] p2b: Rillaboom\n|turn|6\n|\n|t:|1701119788\n|-end|p1a: Iron Hands|Quark Drive|[silent]\n|switch|p1a: Flutter Mane|Flutter Mane, L50|100\/100\n|move|p2b: Rillaboom|Wood Hammer|p1a: Flutter Mane\n|-damage|p1a: Flutter Mane|0 fnt\n|faint|p1a: Flutter Mane\n|-end|p1a: Flutter Mane|Protosynthesis|[silent]\n|-damage|p2b: Rillaboom|78\/100|[from] Recoil\n|move|p2a: Kommo-o|Iron Head|p1b: Gholdengo\n|-resisted|p1b: Gholdengo\n|-damage|p1b: Gholdengo|91\/100\n|move|p1b: Gholdengo|Nasty Plot|p1b: Gholdengo\n|-boost|p1b: Gholdengo|spa|2\n|\n|-heal|p2a: Kommo-o|99\/100|[from] Grassy Terrain\n|-heal|p2b: Rillaboom|84\/100|[from] Grassy Terrain\n|-heal|p2a: Kommo-o|100\/100|[from] item: Leftovers\n|-heal|p1b: Gholdengo|97\/100|[from] Grassy Terrain\n|-heal|p1b: Gholdengo|100\/100|[from] item: Leftovers\n|upkeep\n|\n|t:|1701119796\n|switch|p1a: Iron Hands|Iron Hands, L50|95\/100\n|turn|7\n|\n|t:|1701119811\n|move|p2a: Kommo-o|Protect|p2a: Kommo-o\n|-singleturn|p2a: Kommo-o|Protect\n|move|p1a: Iron Hands|Fake Out|p2b: Rillaboom\n|-damage|p2b: Rillaboom|69\/100\n|cant|p2b: Rillaboom|flinch\n|move|p1b: Gholdengo|Nasty Plot|p1b: Gholdengo\n|-boost|p1b: Gholdengo|spa|2\n|\n|-heal|p2b: Rillaboom|74\/100|[from] Grassy Terrain\n|-heal|p1a: Iron Hands|100\/100|[from] Grassy Terrain\n|upkeep\n|turn|8\n|\n|t:|1701119829\n|move|p2b: Rillaboom|Wood Hammer|p1a: Iron Hands\n|-damage|p1a: Iron Hands|34\/100\n|-damage|p2b: Rillaboom|49\/100|[from] Recoil\n|move|p2a: Kommo-o|Body Press|p1a: Iron Hands\n|-damage|p1a: Iron Hands|0 fnt\n|faint|p1a: Iron Hands\n|-end|p1a: Iron Hands|Quark Drive|[silent]\n|move|p1b: Gholdengo|Make It Rain|p2a: Kommo-o|[spread] p2a,p2b\n|-damage|p2a: Kommo-o|26\/100\n|-damage|p2b: Rillaboom|0 fnt\n|-unboost|p1b: Gholdengo|spa|1\n|faint|p2b: Rillaboom\n|\n|-heal|p2a: Kommo-o|32\/100|[from] Grassy Terrain\n|-heal|p2a: Kommo-o|38\/100|[from] item: Leftovers\n|upkeep\n|\n|t:|1701119844\n|switch|p2b: Flutter Mane|Flutter Mane, L50|100\/100\n|turn|9\n|\n|t:|1701119850\n|-terastallize|p1b: Gholdengo|Dragon\n|move|p2b: Flutter Mane|Shadow Ball|p1b: Gholdengo\n|-damage|p1b: Gholdengo|46\/100\n|move|p2a: Kommo-o|Iron Head|p1b: Gholdengo\n|-damage|p1b: Gholdengo|28\/100\n|move|p1b: Gholdengo|Make It Rain|p2a: Kommo-o|[spread] p2a,p2b\n|-supereffective|p2b: Flutter Mane\n|-damage|p2a: Kommo-o|0 fnt\n|-damage|p2b: Flutter Mane|0 fnt\n|-unboost|p1b: Gholdengo|spa|1\n|faint|p2a: Kommo-o\n|faint|p2b: Flutter Mane\n|-end|p2b: Flutter Mane|Protosynthesis|[silent]\n|\n|win|Big Dripplin\n|raw|Big Dripplin's rating: 1400 &rarr; <strong>1420<\/strong><br \/>(+20 for winning)\n|raw|pikaddict's rating: 1400 &rarr; <strong>1380<\/strong><br \/>(-20 for losing)\n|l|\u2606pikaddict\n","uploadtime":1701119872,"views":5,"p1id":"bigdripplin","p2id":"pikaddict","formatid":"gen9vgc2023regulatione","rating":1380,"private":0,"password":""}