{"id":"gen9vgc2023regulatione-1993740120","p1":"Value Meal Deal","p2":"PunkRockObstagoon","format":"[Gen 9] VGC 2023 Regulation E","log":"|j|\u2606Value Meal Deal\n|j|\u2606PunkRockObstagoon\n|t:|1700351595\n|gametype|doubles\n|player|p1|Value Meal Deal|170|1425\n|player|p2|PunkRockObstagoon|bruno|1414\n|teamsize|p1|6\n|teamsize|p2|6\n|gen|9\n|tier|[Gen 9] VGC 2023 Regulation E\n|rated|\n|rule|Species Clause: Limit one of each Pok\u00e9mon\n|rule|Item Clause: Limit one of each item\n|clearpoke\n|poke|p1|Iron Hands, L50|\n|poke|p1|Heatran, L50, M|\n|poke|p1|Landorus-Therian, L50, M|\n|poke|p1|Cresselia, L50, F|\n|poke|p1|Flutter Mane, L50|\n|poke|p1|Amoonguss, L50, M|\n|poke|p2|Spinarak, L50, M|\n|poke|p2|Tatsugiri-Droopy, L50, M|\n|poke|p2|Gallade, L50, M|\n|poke|p2|Heatran, L50, F|\n|poke|p2|Lurantis, L50, F|\n|poke|p2|Farigiraf, L50, F|\n|teampreview|4\n|inactive|Battle timer is ON: inactive players will automatically lose when time's up. (requested by PunkRockObstagoon)\n|inactive|Value Meal Deal has 60 seconds left.\n|inactive|PunkRockObstagoon has 60 seconds left.\n|\n|t:|1700351631\n|start\n|switch|p1a: Cresselia|Cresselia, L50, F|100\/100\n|switch|p1b: Heatran|Heatran, L50, M|100\/100\n|switch|p2a: Lurantis|Lurantis, L50, F|100\/100\n|switch|p2b: Farigiraf|Farigiraf, L50, F|100\/100\n|turn|1\n|\n|t:|1700351640\n|move|p1a: Cresselia|Calm Mind|p1a: Cresselia\n|-boost|p1a: Cresselia|spa|1\n|-boost|p1a: Cresselia|spd|1\n|move|p1b: Heatran|Magma Storm|p2b: Farigiraf\n|-damage|p2b: Farigiraf|39\/100\n|-activate|p2b: Farigiraf|move: Magma Storm|[of] p1b: Heatran\n|move|p2b: Farigiraf|Hyper Voice|p1b: Heatran|[spread] p1a,p1b\n|-resisted|p1b: Heatran\n|-damage|p1a: Cresselia|83\/100\n|-damage|p1b: Heatran|87\/100\n|move|p2a: Lurantis|Superpower|p1b: Heatran\n|-supereffective|p1b: Heatran\n|-damage|p1b: Heatran|14\/100\n|-boost|p2a: Lurantis|atk|1\n|-boost|p2a: Lurantis|def|1\n|\n|-heal|p1b: Heatran|20\/100|[from] item: Leftovers\n|-damage|p2b: Farigiraf|27\/100|[from] move: Magma Storm|[partiallytrapped]\n|upkeep\n|turn|2\n|\n|t:|1700351665\n|-terastallize|p2a: Lurantis|Rock\n|move|p1b: Heatran|Protect|p1b: Heatran\n|-singleturn|p1b: Heatran|Protect\n|move|p1a: Cresselia|Ice Beam|p2a: Lurantis\n|-damage|p2a: Lurantis|73\/100\n|move|p2b: Farigiraf|Low Kick|p1b: Heatran\n|-activate|p1b: Heatran|move: Protect\n|move|p2a: Lurantis|Knock Off|p1a: Cresselia\n|-supereffective|p1a: Cresselia\n|-damage|p1a: Cresselia|11\/100\n|-enditem|p1a: Cresselia|Sitrus Berry|[from] move: Knock Off|[of] p2a: Lurantis\n|\n|-heal|p1b: Heatran|26\/100|[from] item: Leftovers\n|-damage|p2b: Farigiraf|14\/100|[from] move: Magma Storm|[partiallytrapped]\n|upkeep\n|turn|3\n|inactive|Value Meal Deal has 30 seconds left.\n|inactive|Value Meal Deal has 20 seconds left.\n|\n|t:|1700351704\n|move|p1a: Cresselia|Psychic|p2a: Lurantis\n|-damage|p2a: Lurantis|33\/100\n|move|p1b: Heatran|Earth Power|p2b: Farigiraf\n|-damage|p2b: Farigiraf|0 fnt\n|faint|p2b: Farigiraf\n|move|p2a: Lurantis|Leaf Blade|p1a: Cresselia\n|-damage|p1a: Cresselia|0 fnt\n|faint|p1a: Cresselia\n|\n|-heal|p1b: Heatran|32\/100|[from] item: Leftovers\n|upkeep\n|\n|t:|1700351714\n|switch|p1a: Flutter Mane|Flutter Mane, L50|100\/100\n|switch|p2b: Heatran|Heatran, L50, F|100\/100\n|turn|4\n|\n|t:|1700351737\n|move|p2b: Heatran|Heavy Slam|p1a: Flutter Mane\n|-supereffective|p1a: Flutter Mane\n|-damage|p1a: Flutter Mane|0 fnt\n|faint|p1a: Flutter Mane\n|-end|p1a: Flutter Mane|Protosynthesis|[silent]\n|move|p1b: Heatran|Earth Power|p2b: Heatran\n|-supereffective|p2b: Heatran\n|-damage|p2b: Heatran|0 fnt\n|faint|p2b: Heatran\n|move|p2a: Lurantis|Superpower|p1b: Heatran\n|-supereffective|p1b: Heatran\n|-damage|p1b: Heatran|0 fnt\n|-boost|p2a: Lurantis|atk|1\n|-boost|p2a: Lurantis|def|1\n|faint|p1b: Heatran\n|\n|upkeep\n|\n|t:|1700351745\n|switch|p2b: Gallade|Gallade, L50, M|100\/100\n|switch|p1b: Amoonguss|Amoonguss, L50, M|100\/100\n|turn|5\n|\n|t:|1700351770\n|-terastallize|p1b: Amoonguss|Water\n|move|p2b: Gallade|Psycho Cut|p1b: Amoonguss\n|-damage|p1b: Amoonguss|58\/100\n|move|p2a: Lurantis|Knock Off|p1b: Amoonguss\n|-damage|p1b: Amoonguss|3\/100\n|-damage|p2a: Lurantis|16\/100|[from] item: Rocky Helmet|[of] p1b: Amoonguss\n|-enditem|p1b: Amoonguss|Rocky Helmet|[from] move: Knock Off|[of] p2a: Lurantis\n|move|p1b: Amoonguss|Spore|p2a: Lurantis\n|-status|p2a: Lurantis|slp|[from] move: Spore\n|\n|upkeep\n|turn|6\n|-message|Value Meal Deal forfeited.\n|\n|win|PunkRockObstagoon\n|raw|Value Meal Deal's rating: 1425 &rarr; <strong>1404<\/strong><br \/>(-21 for losing)\n|raw|PunkRockObstagoon's rating: 1414 &rarr; <strong>1435<\/strong><br \/>(+21 for winning)\n|l|\u2606Value Meal Deal\n","uploadtime":1700351808,"views":14,"p1id":"valuemealdeal","p2id":"punkrockobstagoon","formatid":"gen9vgc2023regulatione","rating":1404,"private":0,"password":""}