{"id":"gen9vgc2023regulatione-1990052020","p1":"parca do neymar","p2":"JasePokemonTwitte","format":"[Gen 9] VGC 2023 Regulation E","log":"|j|\u2606parca do neymar\n|j|\u2606JasePokemonTwitte\n|t:|1699919362\n|gametype|doubles\n|player|p1|parca do neymar|bugsy|1639\n|player|p2|JasePokemonTwitte|youngster-gen4dp|1605\n|teamsize|p1|6\n|teamsize|p2|6\n|gen|9\n|tier|[Gen 9] VGC 2023 Regulation E\n|rated|\n|rule|Species Clause: Limit one of each Pok\u00e9mon\n|rule|Item Clause: Limit one of each item\n|clearpoke\n|poke|p1|Amoonguss, L50, M|\n|poke|p1|Heatran, L50, F|\n|poke|p1|Landorus-Therian, L50, M|\n|poke|p1|Iron Hands, L50|\n|poke|p1|Flutter Mane, L50|\n|poke|p1|Roaring Moon, L50|\n|poke|p2|Ninetales-Alola, L50, M|\n|poke|p2|Iron Hands, L50|\n|poke|p2|Sinistcha, L50|\n|poke|p2|Cresselia, L50, F|\n|poke|p2|Snorlax, L50, M|\n|poke|p2|Arcanine-Hisui, L50, F|\n|teampreview|4\n|inactive|Battle timer is ON: inactive players will automatically lose when time's up. (requested by JasePokemonTwitte)\n|\n|t:|1699919381\n|start\n|switch|p1a: Iron Hands|Iron Hands, L50|100\/100\n|switch|p1b: Heatran|Heatran, L50, F|100\/100\n|switch|p2a: Ninetales|Ninetales-Alola, L50, M|100\/100\n|switch|p2b: Arcanine|Arcanine-Hisui, L50, F|100\/100\n|-weather|Snow|[from] ability: Snow Warning|[of] p2a: Ninetales\n|-ability|p2b: Arcanine|Intimidate|boost\n|-unboost|p1a: Iron Hands|atk|1\n|-unboost|p1b: Heatran|atk|1\n|turn|1\n|inactive|parca do neymar has 30 seconds left.\n|\n|t:|1699919409\n|switch|p2b: Iron Hands|Iron Hands, L50|100\/100\n|-terastallize|p2a: Ninetales|Ghost\n|move|p1a: Iron Hands|Fake Out|p2a: Ninetales\n|-immune|p2a: Ninetales\n|move|p2a: Ninetales|Aurora Veil|p2a: Ninetales\n|-sidestart|p2: JasePokemonTwitte|move: Aurora Veil\n|move|p1b: Heatran|Flash Cannon|p2b: Iron Hands\n|-resisted|p2b: Iron Hands\n|-damage|p2b: Iron Hands|89\/100\n|\n|-weather|Snow|[upkeep]\n|upkeep\n|turn|2\n|\n|t:|1699919427\n|switch|p1b: Amoonguss|Amoonguss, L50, M|100\/100\n|move|p2a: Ninetales|Encore|p1a: Iron Hands\n|-start|p1a: Iron Hands|Encore\n|move|p1a: Iron Hands|Fake Out||[still]\n|-hint|Fake Out only works on your first turn out.\n|-fail|p1a: Iron Hands\n|move|p2b: Iron Hands|Belly Drum|p2b: Iron Hands\n|-damage|p2b: Iron Hands|39\/100\n|-setboost|p2b: Iron Hands|atk|6|[from] move: Belly Drum\n|-enditem|p2b: Iron Hands|Sitrus Berry|[eat]\n|-heal|p2b: Iron Hands|64\/100|[from] item: Sitrus Berry\n|\n|-weather|Snow|[upkeep]\n|upkeep\n|turn|3\n|\n|t:|1699919447\n|-end|p1a: Iron Hands|Quark Drive|[silent]\n|switch|p1a: Heatran|Heatran, L50, F|100\/100\n|move|p2a: Ninetales|Blizzard|p1a: Heatran|[spread] p1a,p1b\n|-resisted|p1a: Heatran\n|-supereffective|p1b: Amoonguss\n|-damage|p1a: Heatran|95\/100\n|-damage|p1b: Amoonguss|61\/100\n|move|p1b: Amoonguss|Spore|p2b: Iron Hands\n|-status|p2b: Iron Hands|slp|[from] move: Spore\n|cant|p2b: Iron Hands|slp\n|\n|-weather|Snow|[upkeep]\n|upkeep\n|turn|4\n|\n|t:|1699919467\n|move|p2a: Ninetales|Blizzard|p1a: Heatran|[spread] p1a,p1b\n|-resisted|p1a: Heatran\n|-supereffective|p1b: Amoonguss\n|-damage|p1a: Heatran|90\/100\n|-damage|p1b: Amoonguss|17\/100\n|move|p1a: Heatran|Earth Power|p2b: Iron Hands\n|-supereffective|p2b: Iron Hands\n|-damage|p2b: Iron Hands|30\/100 slp\n|move|p1b: Amoonguss|Spore|p2a: Ninetales\n|-status|p2a: Ninetales|slp|[from] move: Spore\n|cant|p2b: Iron Hands|slp\n|\n|-weather|Snow|[upkeep]\n|upkeep\n|turn|5\n|\n|t:|1699919487\n|switch|p1b: Roaring Moon|Roaring Moon, L50|100\/100\n|-enditem|p1b: Roaring Moon|Booster Energy\n|-activate|p1b: Roaring Moon|ability: Protosynthesis|[fromitem]\n|-start|p1b: Roaring Moon|protosynthesisatk\n|cant|p2b: Iron Hands|slp\n|cant|p2a: Ninetales|slp\n|move|p1a: Heatran|Earth Power|p2b: Iron Hands\n|-supereffective|p2b: Iron Hands\n|-damage|p2b: Iron Hands|0 fnt\n|faint|p2b: Iron Hands\n|-end|p2b: Iron Hands|Quark Drive|[silent]\n|\n|-weather|none\n|upkeep\n|\n|t:|1699919495\n|switch|p2b: Cresselia|Cresselia, L50, F|100\/100\n|turn|6\n|\n|t:|1699919518\n|switch|p2a: Arcanine|Arcanine-Hisui, L50, F|100\/100\n|-ability|p2a: Arcanine|Intimidate|boost\n|-unboost|p1a: Heatran|atk|1\n|-unboost|p1b: Roaring Moon|atk|1\n|move|p1b: Roaring Moon|Knock Off|p2a: Arcanine\n|-damage|p2a: Arcanine|71\/100\n|-enditem|p2a: Arcanine|Assault Vest|[from] move: Knock Off|[of] p1b: Roaring Moon\n|move|p1a: Heatran|Earth Power|p2a: Arcanine\n|-supereffective|p2a: Arcanine\n|-damage|p2a: Arcanine|0 fnt\n|faint|p2a: Arcanine\n|move|p2b: Cresselia|Ice Beam|p1b: Roaring Moon\n|-supereffective|p1b: Roaring Moon\n|-damage|p1b: Roaring Moon|68\/100\n|\n|upkeep\n|\n|t:|1699919529\n|switch|p2a: Ninetales|Ninetales-Alola, L50, M, tera:Ghost|100\/100 slp\n|-weather|Snow|[from] ability: Snow Warning|[of] p2a: Ninetales\n|turn|7\n|-message|JasePokemonTwitte forfeited.\n|\n|win|parca do neymar\n|raw|parca do neymar's rating: 1639 &rarr; <strong>1657<\/strong><br \/>(+18 for winning)\n|raw|JasePokemonTwitte's rating: 1605 &rarr; <strong>1587<\/strong><br \/>(-18 for losing)\n|l|\u2606JasePokemonTwitte\n","uploadtime":1699919580,"views":28,"p1id":"parcadoneymar","p2id":"jasepokemontwitte","formatid":"gen9vgc2023regulatione","rating":1587,"private":0,"password":""}