{"id":"gen9vgc2023regulatione-1990870285","p1":"geaksquad102","p2":"gamer3DRider","format":"[Gen 9] VGC 2023 Regulation E","log":"|j|\u2606geaksquad102\n|j|\u2606gamer3DRider\n|t:|1700009640\n|gametype|doubles\n|player|p1|geaksquad102|iris|1211\n|player|p2|gamer3DRider|steven|1185\n|teamsize|p1|6\n|teamsize|p2|6\n|gen|9\n|tier|[Gen 9] VGC 2023 Regulation E\n|rated|\n|rule|Species Clause: Limit one of each Pok\u00e9mon\n|rule|Item Clause: Limit one of each item\n|clearpoke\n|poke|p1|Dondozo, L50, M|\n|poke|p1|Arcanine-Hisui, L50, F|\n|poke|p1|Rillaboom, L50, M|\n|poke|p1|Tatsugiri, L50, F|\n|poke|p1|Tornadus, L50, M|\n|poke|p1|Flutter Mane, L50|\n|poke|p2|Ogerpon-Cornerstone, L50, F|\n|poke|p2|Volcarona, L50, F|\n|poke|p2|Oricorio-Pom-Pom, L50, F|\n|poke|p2|Amoonguss, L50, M|\n|poke|p2|Urshifu-*, L50, F|\n|poke|p2|Iron Hands, L50|\n|teampreview|4\ngamer3DRider has agreed to open team sheets.\ngeaksquad102 has agreed to open team sheets.\n|\n|t:|1700009724\n|start\n|switch|p1a: Tornadus|Tornadus, L50, M|100\/100\n|switch|p1b: Rillaboom|Rillaboom, L50, M|100\/100\n|switch|p2a: Oricorio|Oricorio-Pom-Pom, L50, F|100\/100\n|switch|p2b: Ogerpon|Ogerpon-Cornerstone, L50, F|100\/100\n|-fieldstart|move: Grassy Terrain|[from] ability: Grassy Surge|[of] p1b: Rillaboom\n|turn|1\n|c|\u2606geaksquad102|hf\n|\n|t:|1700009749\n|move|p2a: Oricorio|Protect|p2a: Oricorio\n|-singleturn|p2a: Oricorio|Protect\n|move|p2b: Ogerpon|Spiky Shield|p2b: Ogerpon\n|-singleturn|p2b: Ogerpon|move: Protect\n|move|p1b: Rillaboom|Fake Out|p2b: Ogerpon\n|-activate|p2b: Ogerpon|move: Protect\n|-damage|p1b: Rillaboom|88\/100|[from] Spiky Shield|[of] p2b: Ogerpon\n|move|p1a: Tornadus|Taunt|p2a: Oricorio\n|-activate|p2a: Oricorio|move: Protect\n|\n|-heal|p1b: Rillaboom|94\/100|[from] Grassy Terrain\n|upkeep\n|turn|2\n|\n|t:|1700009773\n|move|p1a: Tornadus|Taunt|p2a: Oricorio\n|-start|p2a: Oricorio|move: Taunt\n|move|p2a: Oricorio|Air Slash|p1b: Rillaboom\n|-supereffective|p1b: Rillaboom\n|-damage|p1b: Rillaboom|32\/100\n|move|p1b: Rillaboom|U-turn|p2b: Ogerpon\n|-supereffective|p2b: Ogerpon\n|-damage|p2b: Ogerpon|47\/100\n|\n|t:|1700009781\n|switch|p1b: Dondozo|Dondozo, L50, M, shiny|100\/100|[from] U-turn\n|move|p2b: Ogerpon|Ivy Cudgel|p1a: Tornadus|[anim] Ivy Cudgel Rock\n|-supereffective|p1a: Tornadus\n|-damage|p1a: Tornadus|0 fnt\n|faint|p1a: Tornadus\n|\n|-heal|p2b: Ogerpon|53\/100|[from] Grassy Terrain\n|upkeep\n|\n|t:|1700009800\n|switch|p1a: Tatsugiri|Tatsugiri, L50, F|100\/100\n|-activate|p1a: Tatsugiri|ability: Commander|[of] p1b: Dondozo\n|-boost|p1b: Dondozo|atk|2\n|-boost|p1b: Dondozo|spa|2\n|-boost|p1b: Dondozo|spe|2\n|-boost|p1b: Dondozo|def|2\n|-boost|p1b: Dondozo|spd|2\n|turn|3\n|\n|t:|1700009816\n|switch|p2b: Amoonguss|Amoonguss, L50, M|100\/100\n|-terastallize|p1b: Dondozo|Dragon\n|move|p2a: Oricorio|Revelation Dance|p1b: Dondozo\n|-resisted|p1b: Dondozo\n|-damage|p1b: Dondozo|90\/100\n|move|p1b: Dondozo|Substitute|p1b: Dondozo\n|-start|p1b: Dondozo|Substitute\n|-damage|p1b: Dondozo|65\/100\n|\n|-heal|p1b: Dondozo|72\/100|[from] Grassy Terrain\n|-heal|p1b: Dondozo|78\/100|[from] item: Leftovers\n|upkeep\n|turn|4\n|\n|t:|1700009838\n|-terastallize|p2a: Oricorio|Ice\n|move|p2a: Oricorio|Revelation Dance|p1b: Dondozo\n|-supereffective|p1b: Dondozo\n|-end|p1b: Dondozo|Substitute\n|move|p1b: Dondozo|Order Up|p2a: Oricorio\n|-crit|p2a: Oricorio\n|-enditem|p2a: Oricorio|Focus Sash\n|-damage|p2a: Oricorio|1\/100\n|-boost|p1b: Dondozo|atk|1\n|move|p2b: Amoonguss|Spore|p1b: Dondozo\n|-status|p1b: Dondozo|slp|[from] move: Spore\n|\n|-heal|p2a: Oricorio|7\/100|[from] Grassy Terrain\n|-heal|p1b: Dondozo|84\/100 slp|[from] Grassy Terrain\n|-heal|p1b: Dondozo|90\/100 slp|[from] item: Leftovers\n|-end|p2a: Oricorio|move: Taunt\n|upkeep\n|turn|5\n|\n|t:|1700009855\n|move|p2a: Oricorio|Revelation Dance|p1b: Dondozo\n|-supereffective|p1b: Dondozo\n|-damage|p1b: Dondozo|53\/100 slp\n|cant|p1b: Dondozo|slp\n|move|p2b: Amoonguss|Pollen Puff|p2a: Oricorio\n|-heal|p2a: Oricorio|57\/100\n|\n|-heal|p2a: Oricorio|63\/100|[from] Grassy Terrain\n|-heal|p1b: Dondozo|59\/100 slp|[from] Grassy Terrain\n|-heal|p1b: Dondozo|65\/100 slp|[from] item: Leftovers\n|-fieldend|move: Grassy Terrain\n|upkeep\n|turn|6\n|\n|t:|1700009874\n|move|p2a: Oricorio|Revelation Dance|p1b: Dondozo\n|-supereffective|p1b: Dondozo\n|-damage|p1b: Dondozo|28\/100 slp\n|cant|p1b: Dondozo|slp\n|move|p2b: Amoonguss|Pollen Puff|p2a: Oricorio\n|-heal|p2a: Oricorio|100\/100\n|\n|-heal|p1b: Dondozo|34\/100 slp|[from] item: Leftovers\n|upkeep\n|turn|7\n|\n|t:|1700009889\n|move|p2b: Amoonguss|Rage Powder|p2b: Amoonguss\n|-singleturn|p2b: Amoonguss|move: Rage Powder\n|move|p2a: Oricorio|Revelation Dance|p1b: Dondozo\n|-supereffective|p1b: Dondozo\n|-damage|p1b: Dondozo|0 fnt\n|faint|p1b: Dondozo\n|\n|upkeep\n|\n|t:|1700009896\n|switch|p1b: Rillaboom|Rillaboom, L50, M|32\/100\n|-fieldstart|move: Grassy Terrain|[from] ability: Grassy Surge|[of] p1b: Rillaboom\n|turn|8\n|\n|t:|1700009908\n|move|p2a: Oricorio|Protect|p2a: Oricorio\n|-singleturn|p2a: Oricorio|Protect\n|move|p2b: Amoonguss|Protect|p2b: Amoonguss\n|-singleturn|p2b: Amoonguss|Protect\n|move|p1b: Rillaboom|Fake Out|p2b: Amoonguss\n|-activate|p2b: Amoonguss|move: Protect\n|move|p1a: Tatsugiri|Draco Meteor|p2a: Oricorio\n|-activate|p2a: Oricorio|move: Protect\n|\n|-heal|p1b: Rillaboom|38\/100|[from] Grassy Terrain\n|upkeep\n|turn|9\n|\n|t:|1700009927\n|move|p1a: Tatsugiri|Draco Meteor|p2a: Oricorio\n|-crit|p2a: Oricorio\n|-damage|p2a: Oricorio|0 fnt\n|-unboost|p1a: Tatsugiri|spa|2\n|faint|p2a: Oricorio\n|move|p1b: Rillaboom|U-turn|p2b: Amoonguss\n|-damage|p2b: Amoonguss|76\/100\n|move|p2b: Amoonguss|Spore|p1a: Tatsugiri\n|-status|p1a: Tatsugiri|slp|[from] move: Spore\n|\n|-heal|p1b: Rillaboom|44\/100|[from] Grassy Terrain\n|-heal|p2b: Amoonguss|81\/100|[from] Grassy Terrain\n|-heal|p2b: Amoonguss|87\/100|[from] item: Leftovers\n|upkeep\n|-message|geaksquad102 forfeited.\n|\n|win|gamer3DRider\n|raw|geaksquad102's rating: 1211 &rarr; <strong>1184<\/strong><br \/>(-27 for losing)\n|raw|gamer3DRider's rating: 1185 &rarr; <strong>1212<\/strong><br \/>(+27 for winning)\n|l|\u2606geaksquad102\n|l|\u2606gamer3DRider\n|j|\u2606gamer3DRider\n|player|p2|gamer3DRider|steven\n","uploadtime":1700009953,"views":11,"p1id":"geaksquad102","p2id":"gamer3drider","formatid":"gen9vgc2023regulatione","rating":1184,"private":0,"password":""}