{"id":"gen9vgc2023regulatione-1998061950","p1":"Dej16","p2":"2Final","format":"[Gen 9] VGC 2023 Regulation E","log":"|j|\u2606Dej16\n|j|\u26062Final\n|t:|1700885436\n|gametype|doubles\n|player|p1|Dej16|169|1070\n|player|p2|2Final|blackbelt-gen4|1000\n|teamsize|p1|6\n|teamsize|p2|6\n|gen|9\n|tier|[Gen 9] VGC 2023 Regulation E\n|rated|\n|rule|Species Clause: Limit one of each Pok\u00e9mon\n|rule|Item Clause: Limit one of each item\n|clearpoke\n|poke|p1|Maushold-Four, L50|\n|poke|p1|Landorus-Therian, L50, M|\n|poke|p1|Flutter Mane, L50|\n|poke|p1|Iron Hands, L50|\n|poke|p1|Armarouge, L50, M|\n|poke|p1|Indeedee-F, L50, F|\n|poke|p2|Palafin, L50, M|\n|poke|p2|Rotom-Heat, L50|\n|poke|p2|Amoonguss, L50, F|\n|poke|p2|Flutter Mane, L50|\n|poke|p2|Gothitelle, L50, F|\n|poke|p2|Landorus-Therian, L50, M|\n|teampreview|4\n|\n|t:|1700885478\n|start\n|switch|p1a: Maushold|Maushold-Four, L50|100\/100\n|switch|p1b: Armarouge|Armarouge, L50, M|100\/100\n|switch|p2a: Palafin|Palafin, L50, M|100\/100\n|switch|p2b: Flutter Mane|Flutter Mane, L50|100\/100\n|turn|1\n|\n|t:|1700885502\n|-terastallize|p2a: Palafin|Water\n|move|p1a: Maushold|Beat Up|p1b: Armarouge\n|-supereffective|p1b: Armarouge\n|-damage|p1b: Armarouge|96\/100\n|-ability|p1b: Armarouge|Weak Armor|boost\n|-unboost|p1b: Armarouge|def|1\n|-boost|p1b: Armarouge|spe|2\n|-enditem|p1b: Armarouge|Weakness Policy\n|-boost|p1b: Armarouge|atk|2|[from] item: Weakness Policy\n|-boost|p1b: Armarouge|spa|2|[from] item: Weakness Policy\n|-supereffective|p1b: Armarouge\n|-damage|p1b: Armarouge|91\/100\n|-ability|p1b: Armarouge|Weak Armor|boost\n|-unboost|p1b: Armarouge|def|1\n|-boost|p1b: Armarouge|spe|2\n|-supereffective|p1b: Armarouge\n|-damage|p1b: Armarouge|84\/100\n|-ability|p1b: Armarouge|Weak Armor|boost\n|-unboost|p1b: Armarouge|def|1\n|-boost|p1b: Armarouge|spe|2\n|-supereffective|p1b: Armarouge\n|-damage|p1b: Armarouge|70\/100\n|-ability|p1b: Armarouge|Weak Armor|boost\n|-unboost|p1b: Armarouge|def|1\n|-hitcount|p1b: Armarouge|4\n|move|p1b: Armarouge|Expanding Force|p2b: Flutter Mane\n|-crit|p2b: Flutter Mane\n|-damage|p2b: Flutter Mane|0 fnt\n|faint|p2b: Flutter Mane\n|-end|p2b: Flutter Mane|Protosynthesis|[silent]\n|move|p2a: Palafin|Wave Crash|p1b: Armarouge\n|-supereffective|p1b: Armarouge\n|-damage|p1b: Armarouge|0 fnt\n|faint|p1b: Armarouge\n|-damage|p2a: Palafin|78\/100|[from] Recoil\n|\n|upkeep\n|\n|t:|1700885533\n|switch|p2b: Gothitelle|Gothitelle, L50, F|100\/100\n|switch|p1b: Iron Hands|Iron Hands, L50|100\/100\n|turn|2\n|\n|t:|1700885550\n|detailschange|p2a: Palafin|Palafin-Hero, L50, M, tera:Water\n|switch|p2a: Amoonguss|Amoonguss, L50, F|100\/100\n|move|p1a: Maushold|Follow Me|p1a: Maushold\n|-singleturn|p1a: Maushold|move: Follow Me\n|move|p2b: Gothitelle|Psychic|p1a: Maushold\n|-damage|p1a: Maushold|54\/100\n|-unboost|p1a: Maushold|spd|1\n|move|p1b: Iron Hands|Wild Charge|p2a: Amoonguss\n|-resisted|p2a: Amoonguss\n|-damage|p2a: Amoonguss|67\/100\n|-damage|p1b: Iron Hands|94\/100|[from] Recoil\n|\n|upkeep\n|turn|3\n|\n|t:|1700885577\n|move|p1a: Maushold|Super Fang|p2a: Amoonguss|[miss]\n|-miss|p1a: Maushold|p2a: Amoonguss\n|move|p2b: Gothitelle|Psychic|p1a: Maushold\n|-damage|p1a: Maushold|0 fnt\n|faint|p1a: Maushold\n|move|p1b: Iron Hands|Drain Punch|p2a: Amoonguss\n|-resisted|p2a: Amoonguss\n|-damage|p2a: Amoonguss|39\/100\n|-heal|p1b: Iron Hands|100\/100|[from] drain|[of] p2a: Amoonguss\n|move|p2a: Amoonguss|Grass Knot|p1b: Iron Hands\n|-damage|p1b: Iron Hands|78\/100\n|\n|upkeep\n|\n|t:|1700885580\n|switch|p1a: Indeedee|Indeedee-F, L50, F|100\/100\n|-fieldstart|move: Psychic Terrain|[from] ability: Psychic Surge|[of] p1a: Indeedee\n|-enditem|p1a: Indeedee|Psychic Seed\n|-boost|p1a: Indeedee|spd|1|[from] item: Psychic Seed\n|turn|4\n|\n|t:|1700885612\n|switch|p2a: Palafin|Palafin-Hero, L50, M, tera:Water|78\/100\n|-activate|p2a: Palafin|ability: Zero to Hero\n|-terastallize|p1b: Iron Hands|Grass\n|move|p1a: Indeedee|Helping Hand|p1b: Iron Hands\n|-singleturn|p1b: Iron Hands|Helping Hand|[of] p1a: Indeedee\n|move|p2b: Gothitelle|Protect|p2b: Gothitelle\n|-singleturn|p2b: Gothitelle|Protect\n|move|p1b: Iron Hands|Drain Punch|p2a: Palafin\n|-damage|p2a: Palafin|4\/100\n|-heal|p1b: Iron Hands|100\/100|[from] drain|[of] p2a: Palafin\n|\n|upkeep\n|turn|5\n|\n|t:|1700885647\n|move|p2b: Gothitelle|Fake Out||[still]\n|-hint|Fake Out only works on your first turn out.\n|-fail|p2b: Gothitelle\n|move|p1a: Indeedee|Follow Me|p1a: Indeedee\n|-singleturn|p1a: Indeedee|move: Follow Me\n|move|p2a: Palafin|Ice Beam|p1a: Indeedee\n|-damage|p1a: Indeedee|89\/100\n|move|p1b: Iron Hands|Drain Punch|p2a: Palafin\n|-damage|p2a: Palafin|0 fnt\n|faint|p2a: Palafin\n|\n|upkeep\n|\n|t:|1700885657\n|switch|p2a: Amoonguss|Amoonguss, L50, F|72\/100\n|turn|6\n|\n|t:|1700885673\n|move|p1a: Indeedee|Helping Hand|p1b: Iron Hands\n|-singleturn|p1b: Iron Hands|Helping Hand|[of] p1a: Indeedee\n|move|p2b: Gothitelle|Fake Out||[still]\n|-hint|Fake Out only works on your first turn out.\n|-fail|p2b: Gothitelle\n|move|p1b: Iron Hands|Wild Charge|p2b: Gothitelle\n|-damage|p2b: Gothitelle|0 fnt\n|faint|p2b: Gothitelle\n|-damage|p1b: Iron Hands|87\/100|[from] Recoil\n|move|p2a: Amoonguss|Pollen Puff|p1b: Iron Hands\n|-supereffective|p1b: Iron Hands\n|-damage|p1b: Iron Hands|61\/100\n|\n|upkeep\n|turn|7\n|\n|t:|1700885695\n|move|p1a: Indeedee|Helping Hand|p1b: Iron Hands\n|-singleturn|p1b: Iron Hands|Helping Hand|[of] p1a: Indeedee\n|move|p1b: Iron Hands|Drain Punch|p2a: Amoonguss\n|-resisted|p2a: Amoonguss\n|-damage|p2a: Amoonguss|35\/100\n|-heal|p1b: Iron Hands|76\/100|[from] drain|[of] p2a: Amoonguss\n|move|p2a: Amoonguss|Pollen Puff|p1a: Indeedee\n|-supereffective|p1a: Indeedee\n|-damage|p1a: Indeedee|62\/100\n|\n|upkeep\n|turn|8\n|-message|2Final forfeited.\n|\n|win|Dej16\n|raw|Dej16's rating: 1070 &rarr; <strong>1094<\/strong><br \/>(+24 for winning)\n|raw|2Final's rating: 1000 &rarr; <strong>1000<\/strong><br \/>(+0 for losing)\n|l|\u26062Final\n","uploadtime":1700885717,"views":5,"p1id":"dej16","p2id":"2final","formatid":"gen9vgc2023regulatione","rating":1000,"private":0,"password":""}