{"id":"gen9vgc2023regulatione-1989164165","p1":"ToastedArt","p2":"Granny Pie","format":"[Gen 9] VGC 2023 Regulation E","log":"|j|\u2606ToastedArt\n|j|\u2606Granny Pie\n|n|\u2606ToastedArt|toastedart\n|n|\u2606Granny Pie|grannypie\n|html|View the match progress at <a href=\"\/game-bestof3-gen9vgc2023regulatione-1989158284\">game-bestof3-gen9vgc2023regulatione-1989158284<\/a>\n|t:|1699819008\n|gametype|doubles\n|player|p1|ToastedArt|iris|\n|player|p2|Granny Pie|zinnia|\n|teamsize|p1|6\n|teamsize|p2|6\n|gen|9\n|tier|[Gen 9] VGC 2023 Regulation E\n|rule|Species Clause: Limit one of each Pok\u00e9mon\n|rule|Item Clause: Limit one of each item\n|clearpoke\n|poke|p1|Weezing, L50, F|\n|poke|p1|Landorus-Therian, L50, M|\n|poke|p1|Ogerpon, L50, F|\n|poke|p1|Roaring Moon, L50|\n|poke|p1|Gholdengo, L50|\n|poke|p1|Iron Hands, L50|\n|poke|p2|Snorlax, L50, M|\n|poke|p2|Sinistcha, L50|\n|poke|p2|Landorus-Therian, L50, M|\n|poke|p2|Iron Hands, L50|\n|poke|p2|Clefairy, L50, F|\n|poke|p2|Kommo-o, L50, F|\n|teampreview|4\nToastedArt has agreed to open team sheets.\nGranny Pie has agreed to open team sheets.\n|showteam|p1|Weezing||SitrusBerry|NeutralizingGas|GunkShot,WillOWisp,ClearSmog,Protect|||F|||50|,,,,,Grass]Landorus-Therian||AbilityShield|Intimidate|StompingTantrum,TeraBlast,Uturn,RockSlide|||M|||50|,,,,,Flying]Ogerpon||RazorClaw|Defiant|IvyCudgel,SpikyShield,StompingTantrum,SwordsDance|||F|||50|,,,,,Grass]Roaring Moon||BoosterEnergy|Protosynthesis|KnockOff,BreakingSwipe,Tailwind,Protect||||||50|,,,,,Poison]Gholdengo||LifeOrb|GoodasGold|MakeItRain,ShadowBall,NastyPlot,Protect||||||50|,,,,,Water]Iron Hands||AssaultVest|QuarkDrive|WildCharge,DrainPunch,HeavySlam,FakeOut||||||50|,,,,,Fire\n|showteam|p2|Snorlax||SitrusBerry|ThickFat|BellyDrum,Protect,Facade,HighHorsepower|||M|||50|,,,,,Water]Sinistcha||MentalHerb|Hospitality|MatchaGotcha,RagePowder,StrengthSap,TrickRoom||||||50|,,,,,Fire]Landorus-Therian||ChoiceScarf|Intimidate|Uturn,StompingTantrum,RockSlide,TeraBlast|||M|||50|,,,,,Flying]Iron Hands||AssaultVest|QuarkDrive|FakeOut,DrainPunch,WildCharge,HeavySlam||||||50|,,,,,Water]Clefairy||Eviolite|FriendGuard|HelpingHand,FollowMe,HealPulse,Protect|||F|||50|,,,,,Grass]Kommo-o||ThroatSpray|Bulletproof|ClangorousSoul,ClangingScales,FlashCannon,Protect|||F|||50|,,,,,Steel\n|\n|t:|1699819040\n|start\n|switch|p1a: Gholdengo|Gholdengo, L50|100\/100\n|switch|p1b: Iron Hands|Iron Hands, L50|100\/100\n|switch|p2a: Dancing Queen|Kommo-o, L50, F|100\/100\n|switch|p2b: Cat of Health|Landorus-Therian, L50, M|100\/100\n|-ability|p2b: Cat of Health|Intimidate|boost\n|-unboost|p1a: Gholdengo|atk|1\n|-unboost|p1b: Iron Hands|atk|1\n|turn|1\n|\n|t:|1699819059\n|-terastallize|p1a: Gholdengo|Water\n|move|p1b: Iron Hands|Fake Out|p2a: Dancing Queen\n|-damage|p2a: Dancing Queen|92\/100\n|move|p2b: Cat of Health|Stomping Tantrum|p1a: Gholdengo\n|-damage|p1a: Gholdengo|51\/100\n|cant|p2a: Dancing Queen|flinch\n|move|p1a: Gholdengo|Nasty Plot|p1a: Gholdengo\n|-boost|p1a: Gholdengo|spa|2\n|\n|upkeep\n|turn|2\n|\n|t:|1699819078\n|-end|p1b: Iron Hands|Quark Drive|[silent]\n|switch|p1b: Weezing|Weezing, L50, F|100\/100\n|-ability|p1b: Weezing|Neutralizing Gas\n|-terastallize|p2a: Dancing Queen|Steel\n|move|p2b: Cat of Health|Stomping Tantrum|p1a: Gholdengo\n|-damage|p1a: Gholdengo|5\/100\n|move|p2a: Dancing Queen|Clangorous Soul|p2a: Dancing Queen\n|-boost|p2a: Dancing Queen|atk|1\n|-boost|p2a: Dancing Queen|def|1\n|-boost|p2a: Dancing Queen|spa|1\n|-boost|p2a: Dancing Queen|spd|1\n|-boost|p2a: Dancing Queen|spe|1\n|-damage|p2a: Dancing Queen|59\/100\n|-enditem|p2a: Dancing Queen|Throat Spray\n|-boost|p2a: Dancing Queen|spa|1|[from] item: Throat Spray\n|move|p1a: Gholdengo|Shadow Ball|p2a: Dancing Queen\n|-damage|p2a: Dancing Queen|0 fnt\n|faint|p2a: Dancing Queen\n|-damage|p1a: Gholdengo|0 fnt|[from] item: Life Orb\n|faint|p1a: Gholdengo\n|\n|upkeep\n|c|\u2606ToastedArt|GGs well played\n|\n|t:|1699819097\n|switch|p2a: Ho-kago Tea Time|Sinistcha, L50|100\/100\n|switch|p1a: Thomas Jefferson|Landorus-Therian, L50, M|100\/100\n|-ability|p1a: Thomas Jefferson|Intimidate|boost\n|-unboost|p2a: Ho-kago Tea Time|atk|1\n|-unboost|p2b: Cat of Health|atk|1\n|turn|3\n|\n|t:|1699819114\n|switch|p2b: Pipi|Clefairy, L50, F|100\/100\n|move|p1a: Thomas Jefferson|U-turn|p2a: Ho-kago Tea Time\n|-damage|p2a: Ho-kago Tea Time|79\/100\n|\n|t:|1699819119\n|switch|p1a: Iron Hands|Iron Hands, L50|100\/100|[from] U-turn\n|move|p2a: Ho-kago Tea Time|Matcha Gotcha|p1b: Weezing|[spread] p1a,p1b\n|-resisted|p1b: Weezing\n|-damage|p1a: Iron Hands|88\/100\n|-heal|p2a: Ho-kago Tea Time|88\/100|[from] drain|[of] p1a: Iron Hands\n|-damage|p1b: Weezing|88\/100\n|-heal|p2a: Ho-kago Tea Time|94\/100|[from] drain|[of] p1b: Weezing\n|-status|p1a: Iron Hands|brn\n|move|p1b: Weezing|Will-O-Wisp|p2b: Pipi\n|-status|p2b: Pipi|brn\n|\n|-damage|p1a: Iron Hands|82\/100 brn|[from] brn\n|-damage|p2b: Pipi|94\/100 brn|[from] brn\n|upkeep\n|turn|4\n|\n|t:|1699819141\n|move|p2b: Pipi|Follow Me|p2b: Pipi\n|-singleturn|p2b: Pipi|move: Follow Me\n|move|p1a: Iron Hands|Heavy Slam|p2b: Pipi\n|-supereffective|p2b: Pipi\n|-damage|p2b: Pipi|53\/100 brn\n|move|p2a: Ho-kago Tea Time|Matcha Gotcha|p1a: Iron Hands|[spread] p1a\n|-miss|p2a: Ho-kago Tea Time|p1b: Weezing\n|-damage|p1a: Iron Hands|69\/100 brn\n|-heal|p2a: Ho-kago Tea Time|100\/100|[from] drain|[of] p1a: Iron Hands\n|move|p1b: Weezing|Will-O-Wisp|p2b: Pipi\n|-fail|p2b: Pipi|brn\n|\n|-damage|p1a: Iron Hands|63\/100 brn|[from] brn\n|-damage|p2b: Pipi|47\/100 brn|[from] brn\n|upkeep\n|turn|5\n|\n|t:|1699819162\n|move|p2b: Pipi|Protect|p2b: Pipi\n|-singleturn|p2b: Pipi|Protect\n|move|p1a: Iron Hands|Heavy Slam|p2b: Pipi\n|-activate|p2b: Pipi|move: Protect\n|move|p2a: Ho-kago Tea Time|Matcha Gotcha|p1a: Iron Hands|[spread] p1a,p1b\n|-resisted|p1b: Weezing\n|-crit|p1b: Weezing\n|-damage|p1a: Iron Hands|51\/100 brn\n|-damage|p1b: Weezing|69\/100\n|move|p1b: Weezing|Gunk Shot|p2a: Ho-kago Tea Time\n|-damage|p2a: Ho-kago Tea Time|68\/100\n|\n|-damage|p1a: Iron Hands|45\/100 brn|[from] brn\n|-damage|p2b: Pipi|41\/100 brn|[from] brn\n|upkeep\n|turn|6\n|\n|t:|1699819178\n|move|p2b: Pipi|Follow Me|p2b: Pipi\n|-singleturn|p2b: Pipi|move: Follow Me\n|move|p1a: Iron Hands|Heavy Slam|p2b: Pipi\n|-supereffective|p2b: Pipi\n|-damage|p2b: Pipi|4\/100 brn\n|move|p2a: Ho-kago Tea Time|Matcha Gotcha|p1a: Iron Hands|[spread] p1a,p1b\n|-resisted|p1b: Weezing\n|-damage|p1a: Iron Hands|33\/100 brn\n|-heal|p2a: Ho-kago Tea Time|76\/100|[from] drain|[of] p1a: Iron Hands\n|-damage|p1b: Weezing|55\/100\n|-heal|p2a: Ho-kago Tea Time|83\/100|[from] drain|[of] p1b: Weezing\n|move|p1b: Weezing|Gunk Shot|p2b: Pipi|[miss]\n|-miss|p1b: Weezing|p2b: Pipi\n|\n|-damage|p1a: Iron Hands|27\/100 brn|[from] brn\n|-damage|p2b: Pipi|0 fnt|[from] brn\n|faint|p2b: Pipi\n|upkeep\n|\n|t:|1699819192\n|switch|p2b: Cat of Health|Landorus-Therian, L50, M|100\/100\n|turn|7\n|\n|t:|1699819211\n|-end|p1a: Iron Hands|Quark Drive|[silent]\n|switch|p1a: Thomas Jefferson|Landorus-Therian, L50, M|100\/100\n|-ability|p1a: Thomas Jefferson|Intimidate|boost\n|-unboost|p2a: Ho-kago Tea Time|atk|1\n|-unboost|p2b: Cat of Health|atk|1\n|move|p1b: Weezing|Protect|p1b: Weezing\n|-singleturn|p1b: Weezing|Protect\n|move|p2b: Cat of Health|Rock Slide|p1b: Weezing|[spread] p1a\n|-activate|p1b: Weezing|move: Protect\n|-damage|p1a: Thomas Jefferson|83\/100\n|move|p2a: Ho-kago Tea Time|Matcha Gotcha|p1b: Weezing|[spread] p1a\n|-activate|p1b: Weezing|move: Protect\n|-damage|p1a: Thomas Jefferson|54\/100\n|-heal|p2a: Ho-kago Tea Time|98\/100|[from] drain|[of] p1a: Thomas Jefferson\n|\n|upkeep\n|turn|8\n|\n|t:|1699819244\n|switch|p1a: Iron Hands|Iron Hands, L50|27\/100 brn\n|move|p2b: Cat of Health|Rock Slide|p1a: Iron Hands|[spread] p1a,p1b\n|-resisted|p1a: Iron Hands\n|-crit|p1a: Iron Hands\n|-damage|p1a: Iron Hands|14\/100 brn\n|-damage|p1b: Weezing|42\/100\n|-enditem|p1b: Weezing|Sitrus Berry|[eat]\n|-heal|p1b: Weezing|67\/100|[from] item: Sitrus Berry\n|move|p2a: Ho-kago Tea Time|Matcha Gotcha|p1b: Weezing|[spread] p1a,p1b\n|-resisted|p1b: Weezing\n|-damage|p1a: Iron Hands|2\/100 brn\n|-heal|p2a: Ho-kago Tea Time|100\/100|[from] drain|[of] p1a: Iron Hands\n|-damage|p1b: Weezing|53\/100\n|move|p1b: Weezing|Will-O-Wisp|p2b: Cat of Health\n|-status|p2b: Cat of Health|brn\n|\n|-damage|p2b: Cat of Health|94\/100 brn|[from] brn\n|-damage|p1a: Iron Hands|0 fnt|[from] brn\n|faint|p1a: Iron Hands\n|-end|p1a: Iron Hands|Quark Drive|[silent]\n|upkeep\n|\n|t:|1699819261\n|switch|p1a: Thomas Jefferson|Landorus-Therian, L50, M|54\/100\n|-ability|p1a: Thomas Jefferson|Intimidate|boost\n|-unboost|p2a: Ho-kago Tea Time|atk|1\n|-unboost|p2b: Cat of Health|atk|1\n|turn|9\n|\n|t:|1699819272\n|move|p2b: Cat of Health|Rock Slide|p1a: Thomas Jefferson|[spread] p1b\n|-miss|p2b: Cat of Health|p1a: Thomas Jefferson\n|-damage|p1b: Weezing|49\/100\n|move|p1a: Thomas Jefferson|Rock Slide|p2a: Ho-kago Tea Time|[spread] p2a,p2b\n|-damage|p2a: Ho-kago Tea Time|82\/100\n|-damage|p2b: Cat of Health|72\/100 brn\n|cant|p2a: Ho-kago Tea Time|flinch\n|cant|p1b: Weezing|flinch\n|\n|-damage|p2b: Cat of Health|66\/100 brn|[from] brn\n|upkeep\n|turn|10\n|\n|t:|1699819290\n|move|p2b: Cat of Health|Rock Slide|p1a: Thomas Jefferson|[spread] p1a,p1b\n|-damage|p1a: Thomas Jefferson|49\/100\n|-damage|p1b: Weezing|45\/100\n|move|p1a: Thomas Jefferson|Rock Slide|p2b: Cat of Health|[spread] p2a,p2b\n|-damage|p2a: Ho-kago Tea Time|65\/100\n|-damage|p2b: Cat of Health|40\/100 brn\n|cant|p2a: Ho-kago Tea Time|flinch\n|move|p1b: Weezing|Gunk Shot|p2a: Ho-kago Tea Time|[miss]\n|-miss|p1b: Weezing|p2a: Ho-kago Tea Time\n|\n|-damage|p2b: Cat of Health|34\/100 brn|[from] brn\n|upkeep\n|turn|11\n|\n|t:|1699819306\n|move|p2b: Cat of Health|Rock Slide|p1a: Thomas Jefferson|[spread] p1a,p1b\n|-damage|p1a: Thomas Jefferson|43\/100\n|-damage|p1b: Weezing|41\/100\n|cant|p1a: Thomas Jefferson|flinch\n|move|p2a: Ho-kago Tea Time|Matcha Gotcha|p1b: Weezing|[spread] p1a,p1b\n|-resisted|p1b: Weezing\n|-damage|p1a: Thomas Jefferson|16\/100\n|-heal|p2a: Ho-kago Tea Time|79\/100|[from] drain|[of] p1a: Thomas Jefferson\n|-damage|p1b: Weezing|26\/100\n|-heal|p2a: Ho-kago Tea Time|86\/100|[from] drain|[of] p1b: Weezing\n|move|p1b: Weezing|Gunk Shot|p2b: Cat of Health|[miss]\n|-miss|p1b: Weezing|p2b: Cat of Health\n|\n|-damage|p2b: Cat of Health|28\/100 brn|[from] brn\n|upkeep\n|turn|12\n|\n|t:|1699819324\n|move|p2b: Cat of Health|Rock Slide|p1a: Thomas Jefferson|[spread] p1a,p1b\n|-crit|p1a: Thomas Jefferson\n|-damage|p1a: Thomas Jefferson|0 fnt\n|-damage|p1b: Weezing|22\/100\n|faint|p1a: Thomas Jefferson\n|move|p2a: Ho-kago Tea Time|Matcha Gotcha|p1b: Weezing\n|-resisted|p1b: Weezing\n|-damage|p1b: Weezing|4\/100\n|-heal|p2a: Ho-kago Tea Time|95\/100|[from] drain|[of] p1b: Weezing\n|move|p1b: Weezing|Gunk Shot|p2a: Ho-kago Tea Time\n|-crit|p2a: Ho-kago Tea Time\n|-damage|p2a: Ho-kago Tea Time|43\/100\n|\n|-damage|p2b: Cat of Health|22\/100 brn|[from] brn\n|upkeep\n|turn|13\n|c|\u2606ToastedArt|smh lucky\n|c|\u2606Granny Pie|GGs well played\n|\n|t:|1699819342\n|move|p1b: Weezing|Protect|p1b: Weezing\n|-singleturn|p1b: Weezing|Protect\n|move|p2b: Cat of Health|Rock Slide|p1b: Weezing\n|-activate|p1b: Weezing|move: Protect\n|move|p2a: Ho-kago Tea Time|Matcha Gotcha|p1b: Weezing\n|-activate|p1b: Weezing|move: Protect\n|\n|-damage|p2b: Cat of Health|16\/100 brn|[from] brn\n|upkeep\n|turn|14\n|c|\u2606ToastedArt|i played bad\n|-message|ToastedArt forfeited.\n|\n|win|Granny Pie\n|l|\u2606ToastedArt\n","uploadtime":1699819364,"views":8,"p1id":"toastedart","p2id":"grannypie","formatid":"gen9vgc2023regulatione","rating":0,"private":0,"password":""}