{"id":"gen9vgc2023regulatione-1993880452","p1":"DoggoGGO","p2":"Hsisvrbruriddbdj","format":"[Gen 9] VGC 2023 Regulation E","log":"|j|\u2606DoggoGGO\n|j|\u2606Hsisvrbruriddbdj\n|t:|1700369300\n|gametype|doubles\n|player|p1|DoggoGGO|pokemonrangerf|1065\n|player|p2|Hsisvrbruriddbdj|2|1000\n|teamsize|p1|6\n|teamsize|p2|6\n|gen|9\n|tier|[Gen 9] VGC 2023 Regulation E\n|rated|\n|rule|Species Clause: Limit one of each Pok\u00e9mon\n|rule|Item Clause: Limit one of each item\n|clearpoke\n|poke|p1|Sinistcha-Masterpiece, L50|\n|poke|p1|Clefairy, L50, M|\n|poke|p1|Ogerpon-Wellspring, L50, F|\n|poke|p1|Arcanine-Hisui, L50, M|\n|poke|p1|Iron Hands, L50|\n|poke|p1|Chi-Yu, L50|\n|poke|p2|Flutter Mane, L50|\n|poke|p2|Sinistcha, L50|\n|poke|p2|Kingambit, L50, M|\n|poke|p2|Landorus-Therian, L50, M|\n|poke|p2|Orthworm, L50, F|\n|poke|p2|Roaring Moon, L50|\n|teampreview|4\n|\n|t:|1700369324\n|start\n|switch|p1a: The Tea Sis|Sinistcha-Masterpiece, L50|100\/100\n|switch|p1b: Pipii|Clefairy, L50, M|100\/100\n|switch|p2a: Landorus|Landorus-Therian, L50, M|100\/100\n|switch|p2b: Orthworm|Orthworm, L50, F|100\/100\n|-ability|p2a: Landorus|Intimidate|boost\n|-unboost|p1a: The Tea Sis|atk|1\n|-unboost|p1b: Pipii|atk|1\n|turn|1\n|\n|t:|1700369347\n|move|p1b: Pipii|Follow Me|p1b: Pipii\n|-singleturn|p1b: Pipii|move: Follow Me\n|move|p2a: Landorus|Earthquake|p1a: The Tea Sis|[spread] p1a,p1b\n|-immune|p2b: Orthworm|[from] ability: Earth Eater\n|-resisted|p1a: The Tea Sis\n|-damage|p1a: The Tea Sis|86\/100\n|-damage|p1b: Pipii|61\/100\n|move|p1a: The Tea Sis|Nasty Plot|p1a: The Tea Sis\n|-boost|p1a: The Tea Sis|spa|2\n|move|p2b: Orthworm|Iron Defense|p2b: Orthworm\n|-boost|p2b: Orthworm|def|2\n|\n|upkeep\n|turn|2\n|\n|t:|1700369369\n|move|p1b: Pipii|Follow Me|p1b: Pipii\n|-singleturn|p1b: Pipii|move: Follow Me\n|move|p2a: Landorus|U-turn|p1b: Pipii\n|-resisted|p1b: Pipii\n|-damage|p1b: Pipii|50\/100\n|\n|t:|1700369374\n|switch|p2a: Kingambit|Kingambit, L50, M|100\/100|[from] U-turn\n|move|p1a: The Tea Sis|Matcha Gotcha|p2a: Kingambit|[spread] p2a\n|-miss|p1a: The Tea Sis|p2b: Orthworm\n|-resisted|p2a: Kingambit\n|-damage|p2a: Kingambit|66\/100\n|-heal|p1a: The Tea Sis|100\/100|[from] drain|[of] p2a: Kingambit\n|move|p2b: Orthworm|Body Press|p1b: Pipii\n|-resisted|p1b: Pipii\n|-damage|p1b: Pipii|19\/100\n|\n|upkeep\n|turn|3\n|\n|t:|1700369408\n|-terastallize|p1a: The Tea Sis|Grass\n|move|p1b: Pipii|Helping Hand|p1a: The Tea Sis\n|-singleturn|p1a: The Tea Sis|Helping Hand|[of] p1b: Pipii\n|move|p1a: The Tea Sis|Matcha Gotcha|p2a: Kingambit|[spread] p2a,p2b\n|-resisted|p2a: Kingambit\n|-resisted|p2b: Orthworm\n|-damage|p2a: Kingambit|0 fnt\n|-damage|p2b: Orthworm|9\/100\n|faint|p2a: Kingambit\n|move|p2b: Orthworm|Body Press|p1b: Pipii\n|-resisted|p1b: Pipii\n|-damage|p1b: Pipii|0 fnt\n|faint|p1b: Pipii\n|\n|-heal|p2b: Orthworm|16\/100|[from] item: Leftovers\n|upkeep\n|\n|t:|1700369426\n|switch|p2a: Landorus|Landorus-Therian, L50, M|100\/100\n|switch|p1b: OU|Ogerpon-Wellspring, L50, F|100\/100\n|-ability|p2a: Landorus|Intimidate|boost\n|-unboost|p1a: The Tea Sis|atk|1\n|-unboost|p1b: OU|atk|1\n|turn|4\n|\n|t:|1700369447\n|-terastallize|p2a: Landorus|Fire\n|move|p2b: Orthworm|Protect|p2b: Orthworm\n|-singleturn|p2b: Orthworm|Protect\n|move|p1b: OU|Follow Me|p1b: OU\n|-singleturn|p1b: OU|move: Follow Me\n|move|p2a: Landorus|Rock Slide|p1a: The Tea Sis|[spread] p1a,p1b\n|-damage|p1a: The Tea Sis|81\/100\n|-damage|p1b: OU|80\/100\n|move|p1a: The Tea Sis|Matcha Gotcha|p2a: Landorus|[spread] p2a\n|-activate|p2b: Orthworm|move: Protect\n|-resisted|p2a: Landorus\n|-damage|p2a: Landorus|66\/100\n|-heal|p1a: The Tea Sis|98\/100|[from] drain|[of] p2a: Landorus\n|\n|-heal|p2b: Orthworm|22\/100|[from] item: Leftovers\n|upkeep\n|turn|5\n|\n|t:|1700369480\n|move|p1b: OU|Follow Me|p1b: OU\n|-singleturn|p1b: OU|move: Follow Me\n|move|p2a: Landorus|U-turn|p1b: OU\n|-supereffective|p1b: OU\n|-damage|p1b: OU|32\/100\n|\n|t:|1700369485\n|switch|p2a: Sinistcha|Sinistcha, L50|100\/100|[from] U-turn\n|-heal|p2b: Orthworm|47\/100|[from] ability: Hospitality|[of] p2a: Sinistcha\n|move|p1a: The Tea Sis|Matcha Gotcha|p2b: Orthworm|[spread] p2a,p2b\n|-resisted|p2a: Sinistcha\n|-resisted|p2b: Orthworm\n|-damage|p2a: Sinistcha|55\/100\n|-heal|p1a: The Tea Sis|100\/100|[from] drain|[of] p2a: Sinistcha\n|-damage|p2b: Orthworm|0 fnt\n|faint|p2b: Orthworm\n|\n|upkeep\n|\n|t:|1700369499\n|switch|p2b: Landorus|Landorus-Therian, L50, M, tera:Fire|66\/100\n|-ability|p2b: Landorus|Intimidate|boost\n|-unboost|p1a: The Tea Sis|atk|1\n|-unboost|p1b: OU|atk|1\n|turn|6\n|\n|t:|1700369520\n|move|p1b: OU|Follow Me|p1b: OU\n|-singleturn|p1b: OU|move: Follow Me\n|move|p2b: Landorus|Rock Slide|p1b: OU|[spread] p1b\n|-miss|p2b: Landorus|p1a: The Tea Sis\n|-damage|p1b: OU|11\/100\n|move|p2a: Sinistcha|Matcha Gotcha|p1a: The Tea Sis|[spread] p1a,p1b\n|-resisted|p1a: The Tea Sis\n|-damage|p1a: The Tea Sis|83\/100\n|-heal|p2a: Sinistcha|64\/100|[from] drain|[of] p1a: The Tea Sis\n|-damage|p1b: OU|0 fnt\n|-heal|p2a: Sinistcha|70\/100|[from] drain|[of] p1b: OU\n|faint|p1b: OU\n|move|p1a: The Tea Sis|Shadow Ball|p2b: Landorus\n|-damage|p2b: Landorus|0 fnt\n|faint|p2b: Landorus\n|\n|upkeep\n|\n|t:|1700369523\n|switch|p1b: Mr. Hands|Iron Hands, L50|100\/100\n|turn|7\n|\n|t:|1700369544\n|move|p1a: The Tea Sis|Protect|p1a: The Tea Sis\n|-singleturn|p1a: The Tea Sis|Protect\n|move|p2a: Sinistcha|Strength Sap|p1b: Mr. Hands\n|-unboost|p1b: Mr. Hands|atk|1\n|-heal|p2a: Sinistcha|100\/100\n|move|p1b: Mr. Hands|Heavy Slam|p2a: Sinistcha\n|-damage|p2a: Sinistcha|70\/100\n|\n|upkeep\n|turn|8\n|\n|t:|1700369566\n|move|p2a: Sinistcha|Strength Sap|p1b: Mr. Hands\n|-unboost|p1b: Mr. Hands|atk|1\n|-heal|p2a: Sinistcha|100\/100\n|move|p1a: The Tea Sis|Shadow Ball|p2a: Sinistcha\n|-supereffective|p2a: Sinistcha\n|-damage|p2a: Sinistcha|0 fnt\n|faint|p2a: Sinistcha\n|\n|win|DoggoGGO\n|raw|DoggoGGO's rating: 1065 &rarr; <strong>1090<\/strong><br \/>(+25 for winning)\n|raw|Hsisvrbruriddbdj's rating: 1000 &rarr; <strong>1000<\/strong><br \/>(+0 for losing)\n|l|\u2606Hsisvrbruriddbdj\n","uploadtime":1700369588,"views":9,"p1id":"doggoggo","p2id":"hsisvrbruriddbdj","formatid":"gen9vgc2023regulatione","rating":1000,"private":0,"password":""}