{"id":"gen9vgc2023regulatione-1989797157","p1":"FunnyOwl27","p2":"fang hider","format":"[Gen 9] VGC 2023 Regulation E","log":"|j|\u2606FunnyOwl27\n|j|\u2606fang hider\n|t:|1699896546\n|gametype|doubles\n|player|p1|FunnyOwl27|giovanni|1074\n|player|p2|fang hider|2|1000\n|teamsize|p1|6\n|teamsize|p2|6\n|gen|9\n|tier|[Gen 9] VGC 2023 Regulation E\n|rated|\n|rule|Species Clause: Limit one of each Pok\u00e9mon\n|rule|Item Clause: Limit one of each item\n|clearpoke\n|poke|p1|Farigiraf, L50, M|\n|poke|p1|Decidueye-Hisui, L50, M|\n|poke|p1|Snorlax, L50, M|\n|poke|p1|Mimikyu, L50, M|\n|poke|p1|Enamorus-Therian, L50, F|\n|poke|p1|Urshifu-*, L50, F|\n|poke|p2|Iron Hands, L50|\n|poke|p2|Sinistcha-Masterpiece, L50|\n|poke|p2|Chien-Pao, L50|\n|poke|p2|Clefairy, L50, M|\n|poke|p2|Armarouge, L50, M|\n|poke|p2|Indeedee-F, L50, F|\n|teampreview|4\n|\n|t:|1699896578\n|start\n|switch|p1a: Farigiraf|Farigiraf, L50, M|100\/100\n|switch|p1b: Enamorus|Enamorus-Therian, L50, F|100\/100\n|switch|p2a: Armarouge|Armarouge, L50, M|100\/100\n|switch|p2b: Indeedee|Indeedee-F, L50, F|100\/100\n|-fieldstart|move: Psychic Terrain|[from] ability: Psychic Surge|[of] p2b: Indeedee\n|-enditem|p2b: Indeedee|Psychic Seed\n|-boost|p2b: Indeedee|spd|1|[from] item: Psychic Seed\n|turn|1\n|\n|t:|1699896621\n|move|p2b: Indeedee|Follow Me|p2b: Indeedee\n|-singleturn|p2b: Indeedee|move: Follow Me\n|move|p1b: Enamorus|Mystical Fire|p2b: Indeedee\n|-damage|p2b: Indeedee|82\/100\n|-unboost|p2b: Indeedee|spa|1\n|move|p2a: Armarouge|Trick Room|p2a: Armarouge\n|-fieldstart|move: Trick Room|[of] p2a: Armarouge\n|move|p1a: Farigiraf|Trick Room|p1a: Farigiraf\n|-fieldend|move: Trick Room\n|\n|upkeep\n|turn|2\n|\n|t:|1699896650\n|switch|p2b: Iron Hands|Iron Hands, L50|100\/100\n|move|p1a: Farigiraf|Helping Hand|p1b: Enamorus\n|-singleturn|p1b: Enamorus|Helping Hand|[of] p1a: Farigiraf\n|move|p2a: Armarouge|Expanding Force|p1b: Enamorus|[spread] p1a,p1b\n|-resisted|p1a: Farigiraf\n|-damage|p1a: Farigiraf|69\/100\n|-damage|p1b: Enamorus|35\/100\n|move|p1b: Enamorus|Moonblast|p2a: Armarouge\n|-resisted|p2a: Armarouge\n|-damage|p2a: Armarouge|57\/100\n|-unboost|p2a: Armarouge|spa|1\n|\n|-heal|p1b: Enamorus|41\/100|[from] item: Leftovers\n|upkeep\n|turn|3\n|\n|t:|1699896666\n|move|p1b: Enamorus|Protect|p1b: Enamorus\n|-singleturn|p1b: Enamorus|Protect\n|move|p2a: Armarouge|Armor Cannon|p1b: Enamorus\n|-activate|p1b: Enamorus|move: Protect\n|move|p2b: Iron Hands|Drain Punch|p1a: Farigiraf\n|-damage|p1a: Farigiraf|36\/100\n|move|p1a: Farigiraf|Trick Room|p1a: Farigiraf\n|-fieldstart|move: Trick Room|[of] p1a: Farigiraf\n|\n|-heal|p1b: Enamorus|47\/100|[from] item: Leftovers\n|upkeep\n|turn|4\n|\n|t:|1699896713\n|move|p1b: Enamorus|Moonblast|p2b: Iron Hands\n|-supereffective|p2b: Iron Hands\n|-damage|p2b: Iron Hands|19\/100\n|-unboost|p2b: Iron Hands|spa|1\n|-enditem|p2b: Iron Hands|Sitrus Berry|[eat]\n|-heal|p2b: Iron Hands|44\/100|[from] item: Sitrus Berry\n|move|p1a: Farigiraf|Psychic|p2b: Iron Hands\n|-supereffective|p2b: Iron Hands\n|-damage|p2b: Iron Hands|0 fnt\n|faint|p2b: Iron Hands\n|-end|p2b: Iron Hands|Quark Drive|[silent]\n|move|p2a: Armarouge|Trick Room|p2a: Armarouge\n|-fieldend|move: Trick Room\n|\n|-heal|p1b: Enamorus|54\/100|[from] item: Leftovers\n|upkeep\n|\n|t:|1699896725\n|switch|p2b: Indeedee|Indeedee-F, L50, F|82\/100\n|turn|5\n|\n|t:|1699896750\n|move|p1b: Enamorus|Protect|p1b: Enamorus\n|-singleturn|p1b: Enamorus|Protect\n|move|p2b: Indeedee|Follow Me|p2b: Indeedee\n|-singleturn|p2b: Indeedee|move: Follow Me\n|move|p2a: Armarouge|Expanding Force|p1a: Farigiraf|[spread] p1a\n|-activate|p1b: Enamorus|move: Protect\n|-resisted|p1a: Farigiraf\n|-damage|p1a: Farigiraf|16\/100\n|move|p1a: Farigiraf|Trick Room|p1a: Farigiraf\n|-fieldstart|move: Trick Room|[of] p1a: Farigiraf\n|\n|-heal|p1b: Enamorus|60\/100|[from] item: Leftovers\n|-fieldend|move: Psychic Terrain\n|upkeep\n|turn|6\n|\n|t:|1699896773\n|move|p2a: Armarouge|Protect|p2a: Armarouge\n|-singleturn|p2a: Armarouge|Protect\n|move|p1b: Enamorus|Moonblast|p2a: Armarouge\n|-activate|p2a: Armarouge|move: Protect\n|move|p1a: Farigiraf|Psychic|p2b: Indeedee\n|-resisted|p2b: Indeedee\n|-damage|p2b: Indeedee|68\/100\n|move|p2b: Indeedee|Trick Room|p2b: Indeedee\n|-fieldend|move: Trick Room\n|\n|-heal|p1b: Enamorus|66\/100|[from] item: Leftovers\n|upkeep\n|turn|7\n|\n|t:|1699896794\n|move|p2b: Indeedee|Psychic|p1a: Farigiraf\n|-resisted|p1a: Farigiraf\n|-damage|p1a: Farigiraf|4\/100\n|move|p2a: Armarouge|Armor Cannon|p1b: Enamorus\n|-damage|p1b: Enamorus|27\/100\n|-unboost|p2a: Armarouge|def|1\n|-unboost|p2a: Armarouge|spd|1\n|move|p1a: Farigiraf|Psychic|p2a: Armarouge\n|-resisted|p2a: Armarouge\n|-damage|p2a: Armarouge|26\/100\n|move|p1b: Enamorus|Mystical Fire|p2b: Indeedee\n|-damage|p2b: Indeedee|37\/100\n|-unboost|p2b: Indeedee|spa|1\n|\n|-heal|p1b: Enamorus|33\/100|[from] item: Leftovers\n|upkeep\n|turn|8\n|\n|t:|1699896813\n|move|p2b: Indeedee|Psychic|p1a: Farigiraf\n|-resisted|p1a: Farigiraf\n|-damage|p1a: Farigiraf|0 fnt\n|faint|p1a: Farigiraf\n|move|p2a: Armarouge|Expanding Force|p1b: Enamorus\n|-damage|p1b: Enamorus|0 fnt\n|faint|p1b: Enamorus\n|\n|upkeep\n|\n|t:|1699896819\n|switch|p1a: Urshifu|Urshifu-Rapid-Strike, L50, F|100\/100\n|switch|p1b: Decidueye|Decidueye-Hisui, L50, M|100\/100\n|turn|9\n|\n|t:|1699896832\n|move|p2b: Indeedee|Protect|p2b: Indeedee\n|-singleturn|p2b: Indeedee|Protect\n|move|p2a: Armarouge|Protect|p2a: Armarouge\n|-singleturn|p2a: Armarouge|Protect\n|move|p1a: Urshifu|Surging Strikes|p2a: Armarouge\n|-supereffective|p2a: Armarouge\n|-crit|p2a: Armarouge\n|-damage|p2a: Armarouge|0 fnt\n|faint|p2a: Armarouge\n|-hitcount|p2: Armarouge|1\n|move|p1b: Decidueye|Triple Arrows|p2b: Indeedee\n|-activate|p2b: Indeedee|move: Protect\n|\n|upkeep\n|\n|t:|1699896843\n|switch|p2a: Chien-Pao|Chien-Pao, L50|100\/100\n|-ability|p2a: Chien-Pao|Sword of Ruin\n|turn|10\n|\n|t:|1699896856\n|-terastallize|p2a: Chien-Pao|Poison\n|move|p2a: Chien-Pao|Sucker Punch|p1a: Urshifu\n|-resisted|p1a: Urshifu\n|-damage|p1a: Urshifu|66\/100\n|-damage|p2a: Chien-Pao|91\/100|[from] item: Life Orb\n|move|p1a: Urshifu|Surging Strikes|p2a: Chien-Pao\n|-crit|p2a: Chien-Pao\n|-damage|p2a: Chien-Pao|61\/100\n|-crit|p2a: Chien-Pao\n|-damage|p2a: Chien-Pao|31\/100\n|-crit|p2a: Chien-Pao\n|-damage|p2a: Chien-Pao|2\/100\n|-hitcount|p2a: Chien-Pao|3\n|move|p2b: Indeedee|Psychic|p1b: Decidueye\n|-supereffective|p1b: Decidueye\n|-damage|p1b: Decidueye|66\/100\n|move|p1b: Decidueye|Triple Arrows|p2b: Indeedee\n|-crit|p2b: Indeedee\n|-damage|p2b: Indeedee|0 fnt\n|faint|p2b: Indeedee\n|\n|upkeep\n|turn|11\n|\n|t:|1699896876\n|move|p1a: Urshifu|Surging Strikes|p2a: Chien-Pao\n|-crit|p2a: Chien-Pao\n|-damage|p2a: Chien-Pao|0 fnt\n|faint|p2a: Chien-Pao\n|-hitcount|p2: Chien-Pao|1\n|\n|win|FunnyOwl27\n|raw|FunnyOwl27's rating: 1074 &rarr; <strong>1097<\/strong><br \/>(+23 for winning)\n|raw|fang hider's rating: 1000 &rarr; <strong>1000<\/strong><br \/>(+0 for losing)\n|c|\u2606fang hider|gg\n|c|\u2606FunnyOwl27|gg\n|l|\u2606fang hider\n","uploadtime":1699896889,"views":12,"p1id":"funnyowl27","p2id":"fanghider","formatid":"gen9vgc2023regulatione","rating":1000,"private":0,"password":""}