{"id":"gen9vgc2023regulatione-1991007465","p1":"StarkHD","p2":"luisecanonserna","format":"[Gen 9] VGC 2023 Regulation E","log":"|j|\u2606StarkHD\n|j|\u2606luisecanonserna\n|t:|1700026958\n|gametype|doubles\n|player|p1|StarkHD|101|1415\n|player|p2|luisecanonserna|170|1341\n|teamsize|p1|6\n|teamsize|p2|6\n|gen|9\n|tier|[Gen 9] VGC 2023 Regulation E\n|rated|\n|rule|Species Clause: Limit one of each Pok\u00e9mon\n|rule|Item Clause: Limit one of each item\n|clearpoke\n|poke|p1|Ninetales-Alola, L50, M|\n|poke|p1|Roaring Moon, L50|\n|poke|p1|Gholdengo, L50|\n|poke|p1|Heatran, L50, M|\n|poke|p1|Iron Hands, L50|\n|poke|p1|Ogerpon-Wellspring, L50, F|\n|poke|p2|Zapdos-Galar, L50|\n|poke|p2|Rillaboom, L50, F|\n|poke|p2|Chien-Pao, L50|\n|poke|p2|Dragonite, L50, M|\n|poke|p2|Grimmsnarl, L50, M|\n|poke|p2|Heatran, L50, F|\n|teampreview|4\nluisecanonserna has agreed to open team sheets.\n|\n|t:|1700027005\n|start\n|switch|p1a: Nova|Ninetales-Alola, L50, M, shiny|100\/100\n|switch|p1b: Goku|Roaring Moon, L50, shiny|100\/100\n|switch|p2a: Grimmsnarl|Grimmsnarl, L50, M|100\/100\n|switch|p2b: Heatran|Heatran, L50, F|100\/100\n|-weather|Snow|[from] ability: Snow Warning|[of] p1a: Nova\n|-enditem|p1b: Goku|Booster Energy\n|-activate|p1b: Goku|ability: Protosynthesis|[fromitem]\n|-start|p1b: Goku|protosynthesisspe\n|turn|1\n|\n|t:|1700027032\n|-terastallize|p2b: Heatran|Fairy\n|move|p2a: Grimmsnarl|Taunt|p1a: Nova\n|-start|p1a: Nova|move: Taunt\n|move|p1b: Goku|Knock Off|p2b: Heatran\n|-resisted|p2b: Heatran\n|-damage|p2b: Heatran|82\/100\n|-enditem|p2b: Heatran|Leftovers|[from] move: Knock Off|[of] p1b: Goku\n|cant|p1a: Nova|move: Taunt|Aurora Veil\n|move|p2b: Heatran|Tera Blast|p1b: Goku|[anim] Tera Blast Fairy\n|-supereffective|p1b: Goku\n|-damage|p1b: Goku|0 fnt\n|faint|p1b: Goku\n|-end|p1b: Goku|Protosynthesis|[silent]\n|\n|-weather|Snow|[upkeep]\n|upkeep\n|\n|t:|1700027045\n|switch|p1b: Gajeel|Gholdengo, L50, shiny|100\/100\n|turn|2\n|\n|t:|1700027054\n|move|p2b: Heatran|Protect|p2b: Heatran\n|-singleturn|p2b: Heatran|Protect\n|move|p2a: Grimmsnarl|Light Screen|p2a: Grimmsnarl\n|-sidestart|p2: luisecanonserna|move: Light Screen\n|move|p1a: Nova|Moonblast|p2a: Grimmsnarl\n|-supereffective|p2a: Grimmsnarl\n|-damage|p2a: Grimmsnarl|66\/100\n|move|p1b: Gajeel|Make It Rain|p2a: Grimmsnarl|[spread] p2a\n|-activate|p2b: Heatran|move: Protect\n|-supereffective|p2a: Grimmsnarl\n|-damage|p2a: Grimmsnarl|0 fnt\n|-unboost|p1b: Gajeel|spa|1\n|faint|p2a: Grimmsnarl\n|\n|-weather|Snow|[upkeep]\n|upkeep\n|\n|t:|1700027076\n|switch|p2a: Rillaboom|Rillaboom, L50, F|100\/100\n|-fieldstart|move: Grassy Terrain|[from] ability: Grassy Surge|[of] p2a: Rillaboom\n|turn|3\n|\n|t:|1700027107\n|move|p1a: Nova|Moonblast|p2b: Heatran\n|-damage|p2b: Heatran|67\/100\n|move|p1b: Gajeel|Make It Rain|p2b: Heatran|[spread] p2a,p2b\n|-supereffective|p2b: Heatran\n|-crit|p2b: Heatran\n|-damage|p2a: Rillaboom|76\/100\n|-damage|p2b: Heatran|0 fnt\n|-unboost|p1b: Gajeel|spa|1\n|faint|p2b: Heatran\n|move|p2a: Rillaboom|Stomping Tantrum|p1b: Gajeel\n|-supereffective|p1b: Gajeel\n|-damage|p1b: Gajeel|48\/100\n|\n|-weather|Snow|[upkeep]\n|-heal|p1b: Gajeel|54\/100|[from] Grassy Terrain\n|-heal|p2a: Rillaboom|82\/100|[from] Grassy Terrain\n|-end|p1a: Nova|move: Taunt\n|upkeep\n|\n|t:|1700027122\n|switch|p2b: Zapdos|Zapdos-Galar, L50|100\/100\n|turn|4\n|\n|t:|1700027150\n|move|p2b: Zapdos|Brave Bird|p1a: Nova\n|-damage|p1a: Nova|48\/100\n|-damage|p2b: Zapdos|82\/100|[from] Recoil\n|move|p1a: Nova|Moonblast|p2b: Zapdos\n|-supereffective|p2b: Zapdos\n|-damage|p2b: Zapdos|39\/100\n|move|p1b: Gajeel|Make It Rain|p2b: Zapdos|[spread] p2a,p2b\n|-damage|p2a: Rillaboom|65\/100\n|-damage|p2b: Zapdos|11\/100\n|-unboost|p1b: Gajeel|spa|1\n|move|p2a: Rillaboom|Stomping Tantrum|p1b: Gajeel\n|-supereffective|p1b: Gajeel\n|-damage|p1b: Gajeel|4\/100\n|\n|-weather|Snow|[upkeep]\n|-heal|p1a: Nova|54\/100|[from] Grassy Terrain\n|-heal|p1b: Gajeel|10\/100|[from] Grassy Terrain\n|-heal|p2a: Rillaboom|71\/100|[from] Grassy Terrain\n|upkeep\n|turn|5\n|\n|t:|1700027171\n|switch|p1b: Franky|Iron Hands, L50, shiny|100\/100\n|move|p2a: Rillaboom|Grassy Glide|p1b: Franky\n|-damage|p1b: Franky|75\/100\n|move|p2b: Zapdos|Brave Bird|p1a: Nova\n|-damage|p1a: Nova|4\/100\n|-damage|p2b: Zapdos|0 fnt|[from] Recoil\n|faint|p2b: Zapdos\n|move|p1a: Nova|Icy Wind|p2a: Rillaboom\n|-supereffective|p2a: Rillaboom\n|-damage|p2a: Rillaboom|55\/100\n|-unboost|p2a: Rillaboom|spe|1\n|\n|-weather|none\n|-heal|p1a: Nova|11\/100|[from] Grassy Terrain\n|-heal|p1b: Franky|81\/100|[from] Grassy Terrain\n|-heal|p2a: Rillaboom|61\/100|[from] Grassy Terrain\n|upkeep\n|turn|6\n|\n|t:|1700027194\n|move|p1b: Franky|Fake Out|p2a: Rillaboom\n|-damage|p2a: Rillaboom|48\/100\n|cant|p2a: Rillaboom|flinch\n|move|p1a: Nova|Aurora Veil||[still]\n|-fail|p1a: Nova\n|\n|-heal|p1a: Nova|17\/100|[from] Grassy Terrain\n|-heal|p1b: Franky|88\/100|[from] Grassy Terrain\n|-heal|p2a: Rillaboom|54\/100|[from] Grassy Terrain\n|upkeep\n|turn|7\n|\n|t:|1700027210\n|move|p2a: Rillaboom|Grassy Glide|p1a: Nova\n|-damage|p1a: Nova|0 fnt\n|faint|p1a: Nova\n|move|p1b: Franky|Drain Punch|p2a: Rillaboom\n|-crit|p2a: Rillaboom\n|-damage|p2a: Rillaboom|0 fnt\n|-heal|p1b: Franky|100\/100|[from] drain|[of] p2a: Rillaboom\n|faint|p2a: Rillaboom\n|\n|win|StarkHD\n|raw|StarkHD's rating: 1415 &rarr; <strong>1431<\/strong><br \/>(+16 for winning)\n|raw|luisecanonserna's rating: 1341 &rarr; <strong>1325<\/strong><br \/>(-16 for losing)\n|l|\u2606luisecanonserna\n","uploadtime":1700027222,"views":12,"p1id":"starkhd","p2id":"luisecanonserna","formatid":"gen9vgc2023regulatione","rating":1325,"private":0,"password":""}