{"id":"gen9vgc2023regulatione-1994782087","p1":"Zmlt","p2":"Il Mule","format":"[Gen 9] VGC 2023 Regulation E","log":"|j|\u2606Zmlt\n|j|\u2606Il Mule\n|t:|1700492224\n|gametype|doubles\n|player|p1|Zmlt|1|1614\n|player|p2|Il Mule|salvatore|1701\n|teamsize|p1|6\n|teamsize|p2|6\n|gen|9\n|tier|[Gen 9] VGC 2023 Regulation E\n|rated|\n|rule|Species Clause: Limit one of each Pok\u00e9mon\n|rule|Item Clause: Limit one of each item\n|clearpoke\n|poke|p1|Landorus, L50, M|\n|poke|p1|Ninetales-Alola, L50, M|\n|poke|p1|Flutter Mane, L50|\n|poke|p1|Tornadus, L50, M|\n|poke|p1|Ogerpon-Hearthflame, L50, F|\n|poke|p1|Urshifu-*, L50, F|\n|poke|p2|Flutter Mane, L50|\n|poke|p2|Chi-Yu, L50|\n|poke|p2|Urshifu-*, L50, M|\n|poke|p2|Landorus-Therian, L50, M|\n|poke|p2|Rillaboom, L50, M|\n|poke|p2|Thundurus, L50, M|\n|teampreview|4\nIl Mule has agreed to open team sheets.\n|j| Jenny Nencioni\n|j| rovesciaporci\n|inactive|Battle timer is ON: inactive players will automatically lose when time's up. (requested by Il Mule)\n|j| Crudo de fava\n|\n|t:|1700492254\n|start\n|switch|p1a: Urshifu|Urshifu, L50, F|100\/100\n|switch|p1b: Tornadus|Tornadus, L50, M|100\/100\n|switch|p2a: C.Petrucci|Thundurus, L50, M|100\/100\n|switch|p2b: Landorus|Landorus-Therian, L50, M|100\/100\n|-ability|p2b: Landorus|Intimidate|boost\n|-unboost|p1a: Urshifu|atk|1\n|-unboost|p1b: Tornadus|atk|1\n|turn|1\n|inactive|Zmlt has 30 seconds left.\n|inactive|Il Mule has 30 seconds left.\n|inactive|Zmlt has 20 seconds left.\n|\n|t:|1700492294\n|-terastallize|p1a: Urshifu|Ghost\n|move|p2b: Landorus|U-turn|p1a: Urshifu\n|-resisted|p1a: Urshifu\n|-damage|p1a: Urshifu|88\/100\n|\n|t:|1700492300\n|switch|p2b: Rillaboom|Rillaboom, L50, M|100\/100|[from] U-turn\n|-fieldstart|move: Grassy Terrain|[from] ability: Grassy Surge|[of] p2b: Rillaboom\n|move|p1a: Urshifu|Wicked Blow|p2a: C.Petrucci\n|-crit|p2a: C.Petrucci\n|-damage|p2a: C.Petrucci|6\/100\n|move|p1b: Tornadus|Icy Wind|p2b: Rillaboom|[spread] p2a,p2b\n|-supereffective|p2a: C.Petrucci\n|-supereffective|p2b: Rillaboom\n|-damage|p2a: C.Petrucci|0 fnt\n|-damage|p2b: Rillaboom|80\/100\n|-unboost|p2b: Rillaboom|spe|1\n|faint|p2a: C.Petrucci\n|\n|-heal|p1a: Urshifu|94\/100|[from] Grassy Terrain\n|-heal|p2b: Rillaboom|86\/100|[from] Grassy Terrain\n|upkeep\n|j| CookingMilhouse\n|c|\u2606Il Mule|cb e partita persa\n|c| Crudo de fava|persa?\n|inactive|Il Mule has 30 seconds left.\n|l| Crudo de fava\n|\n|t:|1700492330\n|switch|p2a: Urshifu|Urshifu-Rapid-Strike, L50, M|100\/100\n|turn|2\n|j| Crudo de fava\n|\n|t:|1700492346\n|move|p2b: Rillaboom|Fake Out|p1b: Tornadus\n|-damage|p1b: Tornadus|86\/100\n|move|p1b: Tornadus|Tailwind|p1b: Tornadus\n|-sidestart|p1: Zmlt|move: Tailwind\n|move|p1a: Urshifu|Wicked Blow|p2b: Rillaboom\n|-crit|p2b: Rillaboom\n|-damage|p2b: Rillaboom|13\/100\n|move|p2a: Urshifu|Surging Strikes|p1a: Urshifu\n|-crit|p1a: Urshifu\n|-damage|p1a: Urshifu|72\/100\n|-crit|p1a: Urshifu\n|-damage|p1a: Urshifu|51\/100\n|-crit|p1a: Urshifu\n|-damage|p1a: Urshifu|32\/100\n|-hitcount|p1a: Urshifu|3\n|\n|-heal|p1a: Urshifu|38\/100|[from] Grassy Terrain\n|-heal|p2b: Rillaboom|19\/100|[from] Grassy Terrain\n|upkeep\n|turn|3\n|c| Crudo de fava|superpersa\n|\n|t:|1700492367\n|-terastallize|p2a: Urshifu|Poison\n|move|p2b: Rillaboom|Grassy Glide|p1a: Urshifu\n|-damage|p1a: Urshifu|0 fnt\n|faint|p1a: Urshifu\n|move|p1b: Tornadus|Bleakwind Storm|p2a: Urshifu|[spread] p2a,p2b\n|-supereffective|p2b: Rillaboom\n|-damage|p2a: Urshifu|60\/100\n|-damage|p2b: Rillaboom|0 fnt\n|faint|p2b: Rillaboom\n|move|p2a: Urshifu|Swords Dance|p2a: Urshifu\n|-boost|p2a: Urshifu|atk|2\n|\n|-heal|p2a: Urshifu|66\/100|[from] Grassy Terrain\n|upkeep\n|\n|t:|1700492382\n|switch|p1a: Ogerpon|Ogerpon-Hearthflame, L50, F|100\/100\n|switch|p2b: Landorus|Landorus-Therian, L50, M|100\/100\n|-ability|p1a: Ogerpon|Mold Breaker\n|-ability|p2b: Landorus|Intimidate|boost\n|-unboost|p1a: Ogerpon|atk|1\n|-unboost|p1b: Tornadus|atk|1\n|turn|4\n|c|\u2606Il Mule|persa in ogni universo in cui l'uomo abbia messo piede\n|\n|t:|1700492400\n|move|p1a: Ogerpon|Ivy Cudgel|p2b: Landorus|[anim] Ivy Cudgel Fire\n|-damage|p2b: Landorus|62\/100\n|move|p1b: Tornadus|Icy Wind|p2b: Landorus|[spread] p2a,p2b\n|-supereffective|p2b: Landorus\n|-damage|p2a: Urshifu|48\/100\n|-damage|p2b: Landorus|1\/100\n|-unboost|p2a: Urshifu|spe|1\n|-unboost|p2b: Landorus|spe|1\n|move|p2b: Landorus|Rock Slide|p1b: Tornadus|[spread] p1a,p1b\n|-supereffective|p1a: Ogerpon\n|-supereffective|p1b: Tornadus\n|-damage|p1a: Ogerpon|42\/100\n|-damage|p1b: Tornadus|40\/100\n|move|p2a: Urshifu|Surging Strikes|p1b: Tornadus\n|-crit|p1b: Tornadus\n|-damage|p1b: Tornadus|0 fnt\n|faint|p1b: Tornadus\n|-hitcount|p1: Tornadus|1\n|\n|-heal|p1a: Ogerpon|48\/100|[from] Grassy Terrain\n|-heal|p2a: Urshifu|54\/100|[from] Grassy Terrain\n|upkeep\n|\n|t:|1700492420\n|switch|p1b: Landorus|Landorus, L50, M|100\/100\n|turn|5\n|\n|t:|1700492432\n|move|p2a: Urshifu|Detect|p2a: Urshifu\n|-singleturn|p2a: Urshifu|Protect\n|move|p1a: Ogerpon|Horn Leech|p2b: Landorus\n|-damage|p2b: Landorus|0 fnt\n|-heal|p1a: Ogerpon|49\/100|[from] drain|[of] p2b: Landorus\n|faint|p2b: Landorus\n|move|p1b: Landorus|Earth Power|p2a: Urshifu\n|-activate|p2a: Urshifu|move: Protect\n|\n|-heal|p1a: Ogerpon|55\/100|[from] Grassy Terrain\n|-heal|p2a: Urshifu|61\/100|[from] Grassy Terrain\n|-sideend|p1: Zmlt|move: Tailwind\n|-fieldend|move: Grassy Terrain\n|upkeep\n|turn|6\n|-message|Il Mule forfeited.\n|\n|win|Zmlt\n|raw|Zmlt's rating: 1614 &rarr; <strong>1639<\/strong><br \/>(+25 for winning)\n|raw|Il Mule's rating: 1701 &rarr; <strong>1676<\/strong><br \/>(-25 for losing)\n|l|\u2606Il Mule\n|l| Crudo de fava\n|l| CookingMilhouse\n","uploadtime":1700492462,"views":2,"p1id":"zmlt","p2id":"ilmule","formatid":"gen9vgc2023regulatione","rating":1639,"private":0,"password":""}