{"id":"gen9vgc2023regulatione-1993296448","p1":"ezraninja9k","p2":"GlizzzyGobbbler","format":"[Gen 9] VGC 2023 Regulation E","log":"|j|\u2606ezraninja9k\n|j|\u2606GlizzzyGobbbler\n|t:|1700292624\n|gametype|doubles\n|player|p1|ezraninja9k|266|1032\n|player|p2|GlizzzyGobbbler|102|1000\n|teamsize|p1|6\n|teamsize|p2|6\n|gen|9\n|tier|[Gen 9] VGC 2023 Regulation E\n|rated|\n|rule|Species Clause: Limit one of each Pok\u00e9mon\n|rule|Item Clause: Limit one of each item\n|clearpoke\n|poke|p1|Cresselia, L50, F|\n|poke|p1|Iron Hands, L50|\n|poke|p1|Ninetales-Alola, L50, M|\n|poke|p1|Annihilape, L50, M|\n|poke|p1|Flutter Mane, L50|\n|poke|p1|Ursaluna, L50, F|\n|poke|p2|Leafeon, L50, M|\n|poke|p2|Snorlax, L50, F|\n|poke|p2|Clefairy, L50, F|\n|poke|p2|Ninetales, L50, M|\n|poke|p2|Flutter Mane, L50|\n|poke|p2|Fezandipiti, L50, M|\n|teampreview|4\n|j| monkeyflipping\n|\n|t:|1700292689\n|start\n|switch|p1a: Cresselia|Cresselia, L50, F|100\/100\n|switch|p1b: Ninetales|Ninetales-Alola, L50, M|100\/100\n|switch|p2a: Clefairy|Clefairy, L50, F|100\/100\n|switch|p2b: Snorlax|Snorlax, L50, F|100\/100\n|-weather|Snow|[from] ability: Snow Warning|[of] p1b: Ninetales\n|turn|1\n|inactive|Battle timer is ON: inactive players will automatically lose when time's up. (requested by ezraninja9k)\n|\n|t:|1700292720\n|switch|p2a: Ninetales|Ninetales, L50, M|100\/100\n|-weather|SunnyDay|[from] ability: Drought|[of] p2a: Ninetales\n|move|p1a: Cresselia|Helping Hand|p1b: Ninetales\n|-singleturn|p1b: Ninetales|Helping Hand|[of] p1a: Cresselia\n|move|p1b: Ninetales|Blizzard|p2a: Ninetales|[spread] p2b\n|-miss|p1b: Ninetales|p2a: Ninetales\n|-damage|p2b: Snorlax|90\/100\n|move|p2b: Snorlax|Belly Drum|p2b: Snorlax\n|-damage|p2b: Snorlax|40\/100\n|-setboost|p2b: Snorlax|atk|6|[from] move: Belly Drum\n|-enditem|p2b: Snorlax|Sitrus Berry|[eat]\n|-heal|p2b: Snorlax|64\/100|[from] item: Sitrus Berry\n|\n|-weather|SunnyDay|[upkeep]\n|upkeep\n|turn|2\n|inactive|ezraninja9k has 30 seconds left.\n|inactive|GlizzzyGobbbler has 30 seconds left.\n|\n|t:|1700292754\n|switch|p2a: Clefairy|Clefairy, L50, F|100\/100\n|move|p2b: Snorlax|Protect|p2b: Snorlax\n|-singleturn|p2b: Snorlax|Protect\n|move|p1b: Ninetales|Icy Wind|p2b: Snorlax|[spread] p2a\n|-activate|p2b: Snorlax|move: Protect\n|-damage|p2a: Clefairy|91\/100\n|-unboost|p2a: Clefairy|spe|1\n|move|p1a: Cresselia|Dazzling Gleam|p2a: Clefairy|[spread] p2a\n|-activate|p2b: Snorlax|move: Protect\n|-damage|p2a: Clefairy|83\/100\n|\n|-weather|SunnyDay|[upkeep]\n|upkeep\n|turn|3\n|inactive|ezraninja9k has 30 seconds left.\n|inactive|GlizzzyGobbbler has 30 seconds left.\n|inactive|GlizzzyGobbbler has 20 seconds left.\n|\n|t:|1700292794\n|switch|p1b: Annihilape|Annihilape, L50, M|100\/100\n|move|p2a: Clefairy|Helping Hand|p2b: Snorlax\n|-singleturn|p2b: Snorlax|Helping Hand|[of] p2a: Clefairy\n|move|p1a: Cresselia|Dazzling Gleam|p2a: Clefairy|[spread] p2a,p2b\n|-damage|p2a: Clefairy|75\/100\n|-damage|p2b: Snorlax|59\/100\n|move|p2b: Snorlax|Body Slam|p1a: Cresselia\n|-damage|p1a: Cresselia|0 fnt\n|faint|p1a: Cresselia\n|\n|-weather|SunnyDay|[upkeep]\n|upkeep\n|\n|t:|1700292806\n|switch|p1a: Ninetales|Ninetales-Alola, L50, M|100\/100\n|-weather|Snow|[from] ability: Snow Warning|[of] p1a: Ninetales\n|turn|4\n|inactive|GlizzzyGobbbler has 30 seconds left.\n|inactive|GlizzzyGobbbler has 20 seconds left.\n|\n|t:|1700292844\n|move|p1a: Ninetales|Protect|p1a: Ninetales\n|-singleturn|p1a: Ninetales|Protect\n|move|p2a: Clefairy|Follow Me|p2a: Clefairy\n|-singleturn|p2a: Clefairy|move: Follow Me\n|move|p1b: Annihilape|Drain Punch|p2a: Clefairy\n|-resisted|p2a: Clefairy\n|-damage|p2a: Clefairy|59\/100\n|move|p2b: Snorlax|Body Slam|p1a: Ninetales\n|-activate|p1a: Ninetales|move: Protect\n|\n|-weather|Snow|[upkeep]\n|upkeep\n|turn|5\n|inactive|ezraninja9k has 30 seconds left.\n|inactive|GlizzzyGobbbler has 30 seconds left.\n|inactive|GlizzzyGobbbler has 20 seconds left.\n|inactive|GlizzzyGobbbler has 15 seconds left.\n|\n|t:|1700292888\n|move|p2a: Clefairy|Follow Me|p2a: Clefairy\n|-singleturn|p2a: Clefairy|move: Follow Me\n|move|p1a: Ninetales|Aurora Veil|p1a: Ninetales\n|-sidestart|p1: ezraninja9k|move: Aurora Veil\n|move|p1b: Annihilape|Bulk Up|p1b: Annihilape\n|-boost|p1b: Annihilape|atk|1\n|-boost|p1b: Annihilape|def|1\n|move|p2b: Snorlax|Body Slam|p1a: Ninetales\n|-damage|p1a: Ninetales|17\/100\n|\n|-weather|Snow|[upkeep]\n|upkeep\n|turn|6\n|inactive|GlizzzyGobbbler has 30 seconds left.\n|inactive|GlizzzyGobbbler has 20 seconds left.\n|inactive|GlizzzyGobbbler has 15 seconds left.\n|\n|t:|1700292930\n|move|p2a: Clefairy|Follow Me|p2a: Clefairy\n|-singleturn|p2a: Clefairy|move: Follow Me\n|move|p1a: Ninetales|Blizzard|p2b: Snorlax|[spread] p2a,p2b\n|-damage|p2a: Clefairy|42\/100\n|-damage|p2b: Snorlax|54\/100\n|move|p1b: Annihilape|Bulk Up|p1b: Annihilape\n|-boost|p1b: Annihilape|atk|1\n|-boost|p1b: Annihilape|def|1\n|move|p2b: Snorlax|High Horsepower|p1b: Annihilape\n|-damage|p1b: Annihilape|62\/100\n|\n|-weather|Snow|[upkeep]\n|-heal|p1b: Annihilape|68\/100|[from] item: Leftovers\n|upkeep\n|turn|7\n|\n|t:|1700292952\n|move|p2a: Clefairy|Follow Me|p2a: Clefairy\n|-singleturn|p2a: Clefairy|move: Follow Me\n|move|p1a: Ninetales|Icy Wind|p2b: Snorlax|[spread] p2a,p2b\n|-damage|p2a: Clefairy|33\/100\n|-damage|p2b: Snorlax|51\/100\n|-unboost|p2a: Clefairy|spe|1\n|-unboost|p2b: Snorlax|spe|1\n|move|p1b: Annihilape|Rage Fist|p2a: Clefairy\n|-damage|p2a: Clefairy|0 fnt\n|faint|p2a: Clefairy\n|move|p2b: Snorlax|Body Slam|p1a: Ninetales\n|-damage|p1a: Ninetales|0 fnt\n|faint|p1a: Ninetales\n|\n|-weather|Snow|[upkeep]\n|-heal|p1b: Annihilape|74\/100|[from] item: Leftovers\n|upkeep\n|inactive|GlizzzyGobbbler has 30 seconds left.\n|\n|t:|1700292983\n|switch|p1a: Papa Bear|Ursaluna, L50, F|100\/100\n|switch|p2a: Ninetales|Ninetales, L50, M|100\/100\n|-weather|SunnyDay|[from] ability: Drought|[of] p2a: Ninetales\n|turn|8\n|inactive|GlizzzyGobbbler has 30 seconds left.\n|inactive|GlizzzyGobbbler has 20 seconds left.\n|inactive|GlizzzyGobbbler has 15 seconds left.\n|inactive|GlizzzyGobbbler has 10 seconds left.\n|\n|t:|1700293030\n|-terastallize|p2b: Snorlax|Fairy\n|move|p1a: Papa Bear|Protect|p1a: Papa Bear\n|-singleturn|p1a: Papa Bear|Protect\n|move|p2a: Ninetales|Heat Wave|p1b: Annihilape|[spread] p1b\n|-activate|p1a: Papa Bear|move: Protect\n|-damage|p1b: Annihilape|54\/100\n|move|p1b: Annihilape|Drain Punch|p2b: Snorlax\n|-resisted|p2b: Snorlax\n|-damage|p2b: Snorlax|19\/100\n|-heal|p1b: Annihilape|74\/100|[from] drain|[of] p2b: Snorlax\n|move|p2b: Snorlax|High Horsepower|p1b: Annihilape\n|-damage|p1b: Annihilape|33\/100\n|\n|-weather|SunnyDay|[upkeep]\n|-heal|p1b: Annihilape|39\/100|[from] item: Leftovers\n|-status|p1a: Papa Bear|brn|[from] item: Flame Orb\n|upkeep\n|turn|9\n|inactive|ezraninja9k has 30 seconds left.\n|inactive|GlizzzyGobbbler has 30 seconds left.\n|inactive|ezraninja9k has 20 seconds left.\n|\n|t:|1700293066\n|move|p2b: Snorlax|Protect|p2b: Snorlax\n|-singleturn|p2b: Snorlax|Protect\n|move|p2a: Ninetales|Heat Wave|p1b: Annihilape|[spread] p1a,p1b\n|-damage|p1a: Papa Bear|79\/100 brn\n|-damage|p1b: Annihilape|21\/100\n|-status|p1b: Annihilape|brn\n|move|p1b: Annihilape|Drain Punch|p2b: Snorlax\n|-activate|p2b: Snorlax|move: Protect\n|move|p1a: Papa Bear|Facade|p2a: Ninetales\n|-enditem|p2a: Ninetales|Focus Sash\n|-damage|p2a: Ninetales|1\/100\n|\n|-weather|SunnyDay|[upkeep]\n|-heal|p1b: Annihilape|27\/100 brn|[from] item: Leftovers\n|-damage|p1b: Annihilape|21\/100 brn|[from] brn\n|-damage|p1a: Papa Bear|73\/100 brn|[from] brn\n|upkeep\n|turn|10\n|inactive|GlizzzyGobbbler has 30 seconds left.\n|\n|t:|1700293100\n|move|p1b: Annihilape|Protect|p1b: Annihilape\n|-singleturn|p1b: Annihilape|Protect\n|move|p2a: Ninetales|Heat Wave|p1a: Papa Bear|[spread] p1a\n|-activate|p1b: Annihilape|move: Protect\n|-damage|p1a: Papa Bear|50\/100 brn\n|move|p1a: Papa Bear|Earthquake|p2a: Ninetales|[spread] p2a,p2b\n|-activate|p1b: Annihilape|move: Protect\n|-supereffective|p2a: Ninetales\n|-damage|p2a: Ninetales|0 fnt\n|-damage|p2b: Snorlax|0 fnt\n|faint|p2a: Ninetales\n|faint|p2b: Snorlax\n|\n|-weather|SunnyDay|[upkeep]\n|-heal|p1b: Annihilape|27\/100 brn|[from] item: Leftovers\n|-damage|p1b: Annihilape|21\/100 brn|[from] brn\n|-damage|p1a: Papa Bear|44\/100 brn|[from] brn\n|upkeep\n|inactive|GlizzzyGobbbler has 30 seconds left.\n|\n|t:|1700293133\n|switch|p2b: Flutter Mane|Flutter Mane, L50|100\/100\n|-activate|p2b: Flutter Mane|ability: Protosynthesis\n|-start|p2b: Flutter Mane|protosynthesisspe\n|turn|11\n|\n|t:|1700293146\n|-terastallize|p1a: Papa Bear|Fairy\n|move|p2b: Flutter Mane|Dazzling Gleam|p1b: Annihilape|[spread] p1a,p1b\n|-supereffective|p1b: Annihilape\n|-damage|p1a: Papa Bear|19\/100 brn\n|-damage|p1b: Annihilape|0 fnt\n|faint|p1b: Annihilape\n|move|p1a: Papa Bear|Crunch|p2b: Flutter Mane\n|-damage|p2b: Flutter Mane|18\/100\n|\n|-weather|SunnyDay|[upkeep]\n|-damage|p1a: Papa Bear|14\/100 brn|[from] brn\n|upkeep\n|turn|12\n|\n|t:|1700293158\n|move|p1a: Papa Bear|Protect|p1a: Papa Bear\n|-singleturn|p1a: Papa Bear|Protect\n|move|p2b: Flutter Mane|Dazzling Gleam|p1a: Papa Bear\n|-activate|p1a: Papa Bear|move: Protect\n|\n|-weather|none\n|-end|p2b: Flutter Mane|Protosynthesis\n|-damage|p1a: Papa Bear|8\/100 brn|[from] brn\n|-sideend|p1: ezraninja9k|move: Aurora Veil\n|upkeep\n|turn|13\n|inactive|GlizzzyGobbbler has 30 seconds left.\n|\n|t:|1700293171\n|move|p2b: Flutter Mane|Dazzling Gleam|p1a: Papa Bear\n|-damage|p1a: Papa Bear|0 fnt\n|faint|p1a: Papa Bear\n|\n|win|GlizzzyGobbbler\n|inactive|GlizzzyGobbbler has 30 seconds left this turn.\n|raw|ezraninja9k's rating: 1032 &rarr; <strong>1016<\/strong><br \/>(-16 for losing)\n|raw|GlizzzyGobbbler's rating: 1000 &rarr; <strong>1044<\/strong><br \/>(+44 for winning)\n|l|\u2606ezraninja9k\n","uploadtime":1700293201,"views":8,"p1id":"ezraninja9k","p2id":"glizzzygobbbler","formatid":"gen9vgc2023regulatione","rating":1016,"private":0,"password":""}