{"id":"gen9vgc2023regulatione-1998945992","p1":"MattC (Banned)","p2":"rotomliker","format":"[Gen 9] VGC 2023 Regulation E","log":"|j|\u2606MattC (Banned)\n|j|\u2606rotomliker\n|t:|1701016324\n|gametype|doubles\n|player|p1|MattC (Banned)|gladion|\n|player|p2|rotomliker|2|\n|teamsize|p1|6\n|teamsize|p2|6\n|gen|9\n|tier|[Gen 9] VGC 2023 Regulation E\n|rated|Tournament battle\n|rule|Species Clause: Limit one of each Pok\u00e9mon\n|rule|Item Clause: Limit one of each item\n|clearpoke\n|poke|p1|Tornadus, L50, M|\n|poke|p1|Scream Tail, L50|\n|poke|p1|Iron Hands, L50|\n|poke|p1|Gholdengo, L50|\n|poke|p1|Landorus-Therian, L50, M|\n|poke|p1|Ogerpon-Wellspring, L50, F|\n|poke|p2|Amoonguss, L50, F|\n|poke|p2|Flutter Mane, L50|\n|poke|p2|Heatran, L50, F|\n|poke|p2|Tornadus, L50, M|\n|poke|p2|Dragonite, L50, M|\n|poke|p2|Chien-Pao, L50|\n|teampreview|4\n|showteam|p1|Tornadus||MentalHerb|Prankster|BleakwindStorm,ScaryFace,Tailwind,Protect|||M|||50|,,,,,Ghost]Scream Tail||BoosterEnergy|Protosynthesis|PsychicFangs,Disable,Encore,Protect||||||50|,,,,,Grass]Iron Hands||AssaultVest|QuarkDrive|DrainPunch,HeavySlam,VoltSwitch,FakeOut||||||50|,,,,,Fire]Gholdengo||Leftovers|GoodasGold|MakeItRain,ShadowBall,NastyPlot,Protect||||||50|,,,,,Dragon]Landorus-Therian||ChoiceScarf|Intimidate|StompingTantrum,RockSlide,TeraBlast,Uturn|||M|||50|,,,,,Flying]Ogerpon-Wellspring||WellspringMask|WaterAbsorb|IvyCudgel,HornLeech,FollowMe,SpikyShield|||F|||50|,,,,,Water\n|showteam|p2|Amoonguss||RockyHelmet|Regenerator|RagePowder,Spore,PollenPuff,Protect|||F|||50|,,,,,Water]Flutter Mane||FairyFeather|Protosynthesis|ShadowBall,DazzlingGleam,Moonblast,Protect||||||50|,,,,,Fairy]Heatran||LifeOrb|FlashFire|HeatWave,EarthPower,FlashCannon,Protect|||F|||50|,,,,,Grass]Tornadus||CovertCloak|Prankster|Tailwind,Taunt,SunnyDay,BleakwindStorm|||M|||50|,,,,,Steel]Dragonite||AssaultVest|InnerFocus|ExtremeSpeed,Outrage,IronHead,StompingTantrum|||M|||50|,,,,,Normal]Chien-Pao||FocusSash|SwordofRuin|IceSpinner,SuckerPunch,SacredSword,Protect||||||50|,,,,,Ghost\n|j| FatalEspresso\n|c|\u2606MattC (Banned)|glhf\n|j|%Radio Free C-Side\n|c|\u2606MattC (Banned)|yeesh\n|c|\u2606rotomliker|gl hf\n|j| pokeveteran04\n|j| maxdeesevgc\n|c| pokeveteran04|where is the rotom?rotomliker\n|\n|t:|1701016386\n|start\n|switch|p1a: Scream Tail|Scream Tail, L50|100\/100\n|switch|p1b: Iron Hands|Iron Hands, L50|100\/100\n|switch|p2a: Tornadus|Tornadus, L50, M, shiny|100\/100\n|switch|p2b: Heatran|Heatran, L50, F, shiny|100\/100\n|-enditem|p1a: Scream Tail|Booster Energy\n|-activate|p1a: Scream Tail|ability: Protosynthesis|[fromitem]\n|-start|p1a: Scream Tail|protosynthesisspe\n|turn|1\n|c|\u2606MattC (Banned)|ah shit\n|c|\u2606MattC (Banned)|cmon scream tail\n|c|\u2606rotomliker|rotom is not good in vgc :(\n|c|\u2606MattC (Banned)|please live this hit\n|\n|t:|1701016416\n|-terastallize|p2b: Heatran|Grass\n|move|p2a: Tornadus|Taunt|p1a: Scream Tail\n|-start|p1a: Scream Tail|move: Taunt\n|cant|p1a: Scream Tail|move: Taunt|Encore\n|move|p2b: Heatran|Earth Power|p1b: Iron Hands\n|-supereffective|p1b: Iron Hands\n|-damage|p1b: Iron Hands|55\/100\n|-damage|p2b: Heatran|91\/100|[from] item: Life Orb\n|move|p1b: Iron Hands|Drain Punch|p2b: Heatran\n|-damage|p2b: Heatran|58\/100\n|-heal|p1b: Iron Hands|68\/100|[from] drain|[of] p2b: Heatran\n|\n|upkeep\n|turn|2\n|c| pokeveteran04|tempest brute took it to 1800 in reg e lol\n|\n|t:|1701016443\n|-end|p1a: Scream Tail|Protosynthesis|[silent]\n|switch|p1a: Ogerpon|Ogerpon-Wellspring, L50, F|100\/100\n|move|p2a: Tornadus|Sunny Day|p2a: Tornadus\n|-weather|SunnyDay\n|move|p2b: Heatran|Heat Wave|p1b: Iron Hands|[spread] p1a,p1b\n|-crit|p1a: Ogerpon\n|-damage|p1a: Ogerpon|0 fnt\n|-damage|p1b: Iron Hands|28\/100\n|faint|p1a: Ogerpon\n|-damage|p2b: Heatran|49\/100|[from] item: Life Orb\n|move|p1b: Iron Hands|Volt Switch|p2a: Tornadus\n|-supereffective|p2a: Tornadus\n|-damage|p2a: Tornadus|68\/100\n|j| TheIceTable\n|c|\u2606MattC (Banned)|CRIT??!\n|\n|t:|1701016454\n|-end|p1b: Iron Hands|Quark Drive|[silent]\n|switch|p1b: Landorus|Landorus-Therian, L50, M|100\/100|[from] Volt Switch\n|-ability|p1b: Landorus|Intimidate|boost\n|-unboost|p2a: Tornadus|atk|1\n|-unboost|p2b: Heatran|atk|1\n|\n|-weather|SunnyDay|[upkeep]\n|upkeep\n|c|\u2606MattC (Banned)|fuck\n|c|\u2606rotomliker|sry :(\n|\n|t:|1701016465\n|switch|p1a: Iron Hands|Iron Hands, L50|28\/100\n|turn|3\n|c|\u2606MattC (Banned)|bro...\n|c|\u2606MattC (Banned)|why\n|\n|t:|1701016488\n|-terastallize|p1b: Landorus|Flying\n|move|p2b: Heatran|Protect|p2b: Heatran\n|-singleturn|p2b: Heatran|Protect\n|move|p1a: Iron Hands|Fake Out|p2b: Heatran\n|-activate|p2b: Heatran|move: Protect\n|move|p2a: Tornadus|Tailwind|p2a: Tornadus\n|-sidestart|p2: rotomliker|move: Tailwind\n|move|p1b: Landorus|Tera Blast|p2a: Tornadus|[anim] Tera Blast Flying\n|-damage|p2a: Tornadus|0 fnt\n|faint|p2a: Tornadus\n|\n|-weather|SunnyDay|[upkeep]\n|upkeep\n|\n|t:|1701016500\n|switch|p2a: Chien-Pao|Chien-Pao, L50|100\/100\n|-ability|p2a: Chien-Pao|Sword of Ruin\n|turn|4\n|\n|t:|1701016519\n|move|p2a: Chien-Pao|Ice Spinner|p1a: Iron Hands\n|-damage|p1a: Iron Hands|0 fnt\n|faint|p1a: Iron Hands\n|-end|p1a: Iron Hands|Quark Drive|[silent]\n|move|p2b: Heatran|Heat Wave|p1b: Landorus|[miss]\n|-miss|p2b: Heatran|p1b: Landorus\n|move|p1b: Landorus|Tera Blast|p2b: Heatran|[anim] Tera Blast Flying\n|-supereffective|p2b: Heatran\n|-damage|p2b: Heatran|0 fnt\n|faint|p2b: Heatran\n|\n|-weather|SunnyDay|[upkeep]\n|upkeep\n|c|\u2606rotomliker|you had better chances, when ogerpon survives\n|\n|t:|1701016541\n|switch|p2b: Dragonite|Dragonite, L50, M|100\/100\n|switch|p1a: Scream Tail|Scream Tail, L50|100\/100\n|-activate|p1a: Scream Tail|ability: Protosynthesis\n|-start|p1a: Scream Tail|protosynthesisspe\n|turn|5\n|c|\u2606MattC (Banned)|that crit screwed me over\n|\n|t:|1701016554\n|move|p1a: Scream Tail|Protect|p1a: Scream Tail\n|-singleturn|p1a: Scream Tail|Protect\n|move|p2a: Chien-Pao|Ice Spinner|p1b: Landorus\n|-supereffective|p1b: Landorus\n|-damage|p1b: Landorus|0 fnt\n|faint|p1b: Landorus\n|move|p2b: Dragonite|Iron Head|p1a: Scream Tail\n|-activate|p1a: Scream Tail|move: Protect\n|\n|-weather|SunnyDay|[upkeep]\n|upkeep\n|turn|6\n|l|%Radio Free C-Side\n|\n|t:|1701016568\n|move|p1a: Scream Tail|Protect||[still]\n|-fail|p1a: Scream Tail\n|move|p2a: Chien-Pao|Ice Spinner|p1a: Scream Tail\n|-damage|p1a: Scream Tail|56\/100\n|move|p2b: Dragonite|Iron Head|p1a: Scream Tail\n|-supereffective|p1a: Scream Tail\n|-damage|p1a: Scream Tail|0 fnt\n|faint|p1a: Scream Tail\n|-end|p1a: Scream Tail|Protosynthesis|[silent]\n|\n|win|rotomliker\n|n|\u2606MattC (Banned)|mattcbanned\n|n|\u2606rotomliker|rotomliker\n|n| FatalEspresso|fatalespresso\n|n| pokeveteran04|pokeveteran04\n|n| maxdeesevgc|maxdeesevgc\n|n| TheIceTable|theicetable\n","uploadtime":1701016569,"views":1,"p1id":"mattcbanned","p2id":"rotomliker","formatid":"gen9vgc2023regulatione","rating":0,"private":0,"password":""}