{"id":"gen9vgc2023regulatione-1999844218","p1":"Stupidtwink","p2":"DrBeak101","format":"[Gen 9] VGC 2023 Regulation E","log":"|j|\u2606Stupidtwink\n|j|\u2606DrBeak101\n|t:|1701122048\n|gametype|doubles\n|player|p1|Stupidtwink|youngster-gen4dp|1345\n|player|p2|DrBeak101|scientist-gen4|1284\n|teamsize|p1|6\n|teamsize|p2|6\n|gen|9\n|tier|[Gen 9] VGC 2023 Regulation E\n|rated|\n|rule|Species Clause: Limit one of each Pok\u00e9mon\n|rule|Item Clause: Limit one of each item\n|clearpoke\n|poke|p1|Ursaluna, L50, M|\n|poke|p1|Cresselia, L50, F|\n|poke|p1|Thundurus, L50, M|\n|poke|p1|Arcanine-Hisui, L50, F|\n|poke|p1|Flutter Mane, L50|\n|poke|p1|Chien-Pao, L50|\n|poke|p2|Chien-Pao, L50|\n|poke|p2|Ting-Lu, L50|\n|poke|p2|Baxcalibur, L50, M|\n|poke|p2|Palafin, L50, M|\n|poke|p2|Roaring Moon, L50|\n|poke|p2|Sinistcha, L50|\n|teampreview|4\n|\n|t:|1701122082\n|start\n|switch|p1a: Thundurus|Thundurus, L50, M|100\/100\n|switch|p1b: Flutter Mane|Flutter Mane, L50|100\/100\n|switch|p2a: Ting-Lu|Ting-Lu, L50|100\/100\n|switch|p2b: Mighty Finn|Palafin, L50, M, shiny|100\/100\n|-ability|p2a: Ting-Lu|Vessel of Ruin\n|turn|1\n|\n|t:|1701122216\n|move|p2b: Mighty Finn|Protect|p2b: Mighty Finn\n|-singleturn|p2b: Mighty Finn|Protect\n|move|p1b: Flutter Mane|Energy Ball|p2b: Mighty Finn\n|-activate|p2b: Mighty Finn|move: Protect\n|move|p1a: Thundurus|Knock Off|p2a: Ting-Lu\n|-resisted|p2a: Ting-Lu\n|-damage|p2a: Ting-Lu|94\/100\n|-enditem|p2a: Ting-Lu|Leftovers|[from] move: Knock Off|[of] p1a: Thundurus\n|move|p2a: Ting-Lu|Ruination|p1a: Thundurus\n|-damage|p1a: Thundurus|50\/100\n|\n|upkeep\n|turn|2\n|\n|t:|1701122234\n|-end|p1b: Flutter Mane|Protosynthesis|[silent]\n|switch|p1b: Arcanine|Arcanine-Hisui, L50, F|100\/100\n|detailschange|p2b: Mighty Finn|Palafin-Hero, L50, M, shiny\n|switch|p2b: Roaring Moon|Roaring Moon, L50, shiny|100\/100\n|-enditem|p2b: Roaring Moon|Booster Energy\n|-activate|p2b: Roaring Moon|ability: Protosynthesis|[fromitem]\n|-start|p2b: Roaring Moon|protosynthesisatk\n|move|p1a: Thundurus|Wildbolt Storm|p2a: Ting-Lu|[spread] p2b\n|-immune|p2a: Ting-Lu\n|-resisted|p2b: Roaring Moon\n|-damage|p2b: Roaring Moon|89\/100\n|-status|p2b: Roaring Moon|par\n|move|p2a: Ting-Lu|Fissure|p1b: Arcanine|[miss]\n|-miss|p2a: Ting-Lu|p1b: Arcanine\n|\n|upkeep\n|turn|3\n|c|\u2606Stupidtwink|stop.\n|\n|t:|1701122263\n|move|p1a: Thundurus|Sunny Day|p1a: Thundurus\n|-weather|SunnyDay\n|cant|p2b: Roaring Moon|par\n|move|p1b: Arcanine|Flare Blitz|p2a: Ting-Lu\n|-damage|p2a: Ting-Lu|49\/100\n|move|p2a: Ting-Lu|Stomping Tantrum|p1b: Arcanine\n|-supereffective|p1b: Arcanine\n|-damage|p1b: Arcanine|0 fnt\n|faint|p1b: Arcanine\n|\n|-weather|SunnyDay|[upkeep]\n|upkeep\n|\n|t:|1701122272\n|switch|p1b: Flutter Mane|Flutter Mane, L50|100\/100\n|-activate|p1b: Flutter Mane|ability: Protosynthesis\n|-start|p1b: Flutter Mane|protosynthesisspa\n|turn|4\n|\n|t:|1701122295\n|-terastallize|p1b: Flutter Mane|Fairy\n|-terastallize|p2b: Roaring Moon|Poison\n|move|p1b: Flutter Mane|Dazzling Gleam|p2a: Ting-Lu|[spread] p2a,p2b\n|-supereffective|p2a: Ting-Lu\n|-resisted|p2b: Roaring Moon\n|-damage|p2a: Ting-Lu|0 fnt\n|-damage|p2b: Roaring Moon|58\/100 par\n|faint|p2a: Ting-Lu\n|move|p1a: Thundurus|Knock Off|p2b: Roaring Moon\n|-damage|p2b: Roaring Moon|38\/100 par\n|move|p2b: Roaring Moon|Knock Off|p1b: Flutter Mane\n|-resisted|p1b: Flutter Mane\n|-damage|p1b: Flutter Mane|39\/100\n|-enditem|p1b: Flutter Mane|Choice Specs|[from] move: Knock Off|[of] p2b: Roaring Moon\n|\n|-weather|SunnyDay|[upkeep]\n|upkeep\n|\n|t:|1701122305\n|switch|p2a: Mighty Finn|Palafin-Hero, L50, M, shiny|100\/100\n|-activate|p2a: Mighty Finn|ability: Zero to Hero\n|turn|5\n|\n|t:|1701122316\n|move|p2a: Mighty Finn|Jet Punch|p1b: Flutter Mane\n|-damage|p1b: Flutter Mane|0 fnt\n|faint|p1b: Flutter Mane\n|-end|p1b: Flutter Mane|Protosynthesis|[silent]\n|-damage|p2a: Mighty Finn|91\/100|[from] item: Life Orb\n|move|p1a: Thundurus|Wildbolt Storm|p2b: Roaring Moon|[spread] p2a,p2b\n|-supereffective|p2a: Mighty Finn\n|-damage|p2a: Mighty Finn|38\/100\n|-damage|p2b: Roaring Moon|10\/100 par\n|move|p2b: Roaring Moon|Knock Off|p1a: Thundurus\n|-damage|p1a: Thundurus|0 fnt\n|-enditem|p1a: Thundurus|Mago Berry|[from] move: Knock Off|[of] p2b: Roaring Moon\n|faint|p1a: Thundurus\n|\n|-weather|SunnyDay|[upkeep]\n|upkeep\n|\n|t:|1701122329\n|switch|p1b: Chien-Pao|Chien-Pao, L50|100\/100\n|-ability|p1b: Chien-Pao|Sword of Ruin\n|turn|6\n|\n|t:|1701122336\n|move|p1b: Chien-Pao|Sucker Punch|p2a: Mighty Finn\n|-damage|p2a: Mighty Finn|0 fnt\n|faint|p2a: Mighty Finn\n|move|p2b: Roaring Moon|Acrobatics|p1b: Chien-Pao\n|-crit|p1b: Chien-Pao\n|-enditem|p1b: Chien-Pao|Focus Sash\n|-damage|p1b: Chien-Pao|1\/100\n|\n|-weather|SunnyDay|[upkeep]\n|upkeep\n|\n|t:|1701122339\n|switch|p2a: Aisugojira|Baxcalibur, L50, M, shiny|100\/100\n|turn|7\n|\n|t:|1701122347\n|move|p1b: Chien-Pao|Sucker Punch|p2b: Roaring Moon\n|-damage|p2b: Roaring Moon|0 fnt\n|faint|p2b: Roaring Moon\n|-end|p2b: Roaring Moon|Protosynthesis|[silent]\n|move|p2a: Aisugojira|Ice Shard|p1b: Chien-Pao\n|-resisted|p1b: Chien-Pao\n|-damage|p1b: Chien-Pao|0 fnt\n|faint|p1b: Chien-Pao\n|\n|win|DrBeak101\n|raw|Stupidtwink's rating: 1345 &rarr; <strong>1322<\/strong><br \/>(-23 for losing)\n|raw|DrBeak101's rating: 1284 &rarr; <strong>1313<\/strong><br \/>(+29 for winning)\n|l|\u2606Stupidtwink\n","uploadtime":1701122359,"views":1,"p1id":"stupidtwink","p2id":"drbeak101","formatid":"gen9vgc2023regulatione","rating":1313,"private":0,"password":""}