{"id":"gen9vgc2023regulatione-1996708199","p1":"yeetthe pokemon","p2":"beachpyjamas","format":"[Gen 9] VGC 2023 Regulation E","log":"|j|\u2606yeetthe pokemon\n|j|\u2606beachpyjamas\n|t:|1700712551\n|gametype|doubles\n|player|p1|yeetthe pokemon|1|1140\n|player|p2|beachpyjamas|biker|1240\n|teamsize|p1|6\n|teamsize|p2|6\n|gen|9\n|tier|[Gen 9] VGC 2023 Regulation E\n|rated|\n|rule|Species Clause: Limit one of each Pok\u00e9mon\n|rule|Item Clause: Limit one of each item\n|clearpoke\n|poke|p1|Ogerpon, L50, F|\n|poke|p1|Iron Bundle, L50|\n|poke|p1|Chien-Pao, L50|\n|poke|p1|Arcanine-Hisui, L50, F|\n|poke|p1|Torkoal, L50, F|\n|poke|p1|Lilligant-Hisui, L50, F|\n|poke|p2|Tyranitar, L50, F|\n|poke|p2|Gliscor, L50, M|\n|poke|p2|Gyarados, L50, M|\n|poke|p2|Garchomp, L50, F|\n|poke|p2|Corviknight, L50, M|\n|poke|p2|Tornadus, L50, M|\n|teampreview|4\n|inactive|Battle timer is ON: inactive players will automatically lose when time's up. (requested by yeetthe pokemon)\n|\n|t:|1700712568\n|start\n|switch|p1a: Lilligant|Lilligant-Hisui, L50, F|100\/100\n|switch|p1b: Iron Bundle|Iron Bundle, L50, shiny|100\/100\n|switch|p2a: Garchomp|Garchomp, L50, F|100\/100\n|switch|p2b: Corviknight|Corviknight, L50, M|100\/100\n|-enditem|p1b: Iron Bundle|Booster Energy\n|-activate|p1b: Iron Bundle|ability: Quark Drive|[fromitem]\n|-start|p1b: Iron Bundle|quarkdrivespe\n|turn|1\n|\n|t:|1700712588\n|-terastallize|p2a: Garchomp|Fire\n|move|p1b: Iron Bundle|Freeze-Dry|p2a: Garchomp\n|-resisted|p2a: Garchomp\n|-damage|p2a: Garchomp|83\/100\n|move|p1a: Lilligant|Leaf Blade|p2b: Corviknight\n|-resisted|p2b: Corviknight\n|-damage|p2b: Corviknight|92\/100\n|move|p2a: Garchomp|Swords Dance|p2a: Garchomp\n|-boost|p2a: Garchomp|atk|2\n|move|p2b: Corviknight|Tailwind|p2b: Corviknight\n|-sidestart|p2: beachpyjamas|move: Tailwind\n|\n|-heal|p2b: Corviknight|98\/100|[from] item: Leftovers\n|upkeep\n|turn|2\n|\n|t:|1700712600\n|move|p1b: Iron Bundle|Hydro Pump|p2a: Garchomp\n|-supereffective|p2a: Garchomp\n|-damage|p2a: Garchomp|0 fnt\n|faint|p2a: Garchomp\n|move|p2b: Corviknight|Iron Defense|p2b: Corviknight\n|-boost|p2b: Corviknight|def|2\n|move|p1a: Lilligant|Encore|p2b: Corviknight\n|-start|p2b: Corviknight|Encore\n|\n|-heal|p2b: Corviknight|100\/100|[from] item: Leftovers\n|upkeep\n|\n|t:|1700712604\n|switch|p2a: Tyranitar|Tyranitar, L50, F|100\/100\n|-weather|Sandstorm|[from] ability: Sand Stream|[of] p2a: Tyranitar\n|turn|3\n|\n|t:|1700712622\n|move|p1b: Iron Bundle|Freeze-Dry|p2b: Corviknight\n|-damage|p2b: Corviknight|67\/100\n|move|p2a: Tyranitar|Low Kick|p1b: Iron Bundle\n|-supereffective|p1b: Iron Bundle\n|-damage|p1b: Iron Bundle|61\/100\n|move|p2b: Corviknight|Iron Defense|p2b: Corviknight\n|-boost|p2b: Corviknight|def|2\n|move|p1a: Lilligant|Close Combat|p2a: Tyranitar\n|-supereffective|p2a: Tyranitar\n|-damage|p2a: Tyranitar|0 fnt\n|-unboost|p1a: Lilligant|def|1\n|-unboost|p1a: Lilligant|spd|1\n|faint|p2a: Tyranitar\n|\n|-weather|Sandstorm|[upkeep]\n|-damage|p1b: Iron Bundle|55\/100|[from] Sandstorm\n|-damage|p1a: Lilligant|94\/100|[from] Sandstorm\n|-heal|p2b: Corviknight|73\/100|[from] item: Leftovers\n|-heal|p1a: Lilligant|100\/100|[from] item: Leftovers\n|upkeep\n|\n|t:|1700712627\n|switch|p2a: Gliscor|Gliscor, L50, M|100\/100\n|turn|4\n|\n|t:|1700712641\n|move|p1b: Iron Bundle|Freeze-Dry|p2a: Gliscor\n|-supereffective|p2a: Gliscor\n|-damage|p2a: Gliscor|0 fnt\n|faint|p2a: Gliscor\n|move|p2b: Corviknight|Iron Defense|p2b: Corviknight\n|-boost|p2b: Corviknight|def|2\n|move|p1a: Lilligant|Close Combat|p2b: Corviknight\n|-damage|p2b: Corviknight|62\/100\n|-unboost|p1a: Lilligant|def|1\n|-unboost|p1a: Lilligant|spd|1\n|\n|-weather|Sandstorm|[upkeep]\n|-damage|p1b: Iron Bundle|49\/100|[from] Sandstorm\n|-damage|p1a: Lilligant|94\/100|[from] Sandstorm\n|-heal|p2b: Corviknight|68\/100|[from] item: Leftovers\n|-heal|p1a: Lilligant|100\/100|[from] item: Leftovers\n|-sideend|p2: beachpyjamas|move: Tailwind\n|upkeep\n|turn|5\n|-message|beachpyjamas forfeited.\n|\n|win|yeetthe pokemon\n|raw|yeetthe pokemon's rating: 1140 &rarr; <strong>1170<\/strong><br \/>(+30 for winning)\n|raw|beachpyjamas's rating: 1212 &rarr; <strong>1182<\/strong><br \/>(-30 for losing)\n|l|\u2606beachpyjamas\n","uploadtime":1700712651,"views":2,"p1id":"yeetthepokemon","p2id":"beachpyjamas","formatid":"gen9vgc2023regulatione","rating":1170,"private":0,"password":""}