{"id":"gen9vgc2023regulatione-1997626246","p1":"momajun","p2":"pipagoro","format":"[Gen 9] VGC 2023 Regulation E","log":"|j|\u2606momajun\n|j|\u2606pipagoro\n|n|\u2606momajun|momajun\n|n|\u2606pipagoro|pipagoro\n|html|View the match progress at <a href=\"\/game-bestof3-gen9vgc2023regulatione-1997626245\">game-bestof3-gen9vgc2023regulatione-1997626245<\/a>\n|t:|1700834663\n|gametype|doubles\n|player|p1|momajun|266|\n|player|p2|pipagoro|101|\n|teamsize|p1|6\n|teamsize|p2|6\n|gen|9\n|tier|[Gen 9] VGC 2023 Regulation E\n|rule|Species Clause: Limit one of each Pok\u00e9mon\n|rule|Item Clause: Limit one of each item\n|clearpoke\n|poke|p1|Gholdengo, L50|\n|poke|p1|Ogerpon-Wellspring, L50, F|\n|poke|p1|Iron Bundle, L50|\n|poke|p1|Arbok, L50, M|\n|poke|p1|Clefairy, L50, M|\n|poke|p1|Dragonite, L50, M|\n|poke|p2|Farigiraf, L50, F|\n|poke|p2|Iron Hands, L50|\n|poke|p2|Ogerpon-Wellspring, L50, F|\n|poke|p2|Heatran, L50, F|\n|poke|p2|Flutter Mane, L50|\n|poke|p2|Salamence, L50, M|\n|teampreview|4\npipagoro has agreed to open team sheets.\nmomajun has agreed to open team sheets.\n|showteam|p1|Gholdengo||SitrusBerry|GoodasGold|MakeItRain,Protect,ShadowBall,NastyPlot||||||50|,,,,,Dragon]Ogerpon-Wellspring||WellspringMask|WaterAbsorb|FollowMe,HornLeech,IvyCudgel,SpikyShield|||F|||50|,,,,,Water]Iron Bundle||BoosterEnergy|QuarkDrive|Encore,Protect,IcyWind,FreezeDry||||||50|,,,,,Grass]Arbok||RockyHelmet|Intimidate|GunkShot,Glare,Toxic,Protect|||M|||50|,,,,,Dragon]Clefairy||Eviolite|FriendGuard|NightShade,Protect,HelpingHand,FollowMe|||M|||50|,,,,,Dragon]Dragonite||LifeOrb|InnerFocus|DragonDance,ExtremeSpeed,AerialAce,StompingTantrum|||M|||50|,,,,,Normal\n|showteam|p2|Farigiraf||SitrusBerry|ArmorTail|Psychic,HelpingHand,TrickRoom,DazzlingGleam|||F|||50|,,,,,Fairy]Iron Hands||AssaultVest|QuarkDrive|FakeOut,DrainPunch,WildCharge,HeavySlam||||||50|,,,,,Water]Ogerpon-Wellspring||WellspringMask|WaterAbsorb|FollowMe,IvyCudgel,WoodHammer,SpikyShield|||F|||50|,,,,,Water]Heatran||LifeOrb|FlashFire|HeatWave,FlashCannon,EarthPower,Protect|||F|||50|,,,,,Grass]Flutter Mane||ChoiceSpecs|Protosynthesis|Moonblast,ShadowBall,DazzlingGleam,IcyWind||||||50|,,,,,Fairy]Salamence||RockyHelmet|Intimidate|AirSlash,DracoMeteor,Tailwind,Roost|||M|||50|,,,,,Poison\n|j| SetsukuVGC\n|j| zz1018\n|j| let's go veyle\n|c|\u2606pipagoro|gl\n|j| PoppinParty Kasumi\n|\n|t:|1700834822\n|start\n|switch|p1a: Clefairy|Clefairy, L50, M|100\/100\n|switch|p1b: Gholdengo|Gholdengo, L50|100\/100\n|switch|p2a: Heatran|Heatran, L50, F|100\/100\n|switch|p2b: Flutter Mane|Flutter Mane, L50|100\/100\n|turn|1\n|\n|t:|1700834932\n|move|p1b: Gholdengo|Protect|p1b: Gholdengo\n|-singleturn|p1b: Gholdengo|Protect\n|move|p2b: Flutter Mane|Icy Wind|p1a: Clefairy|[spread] p1a\n|-activate|p1b: Gholdengo|move: Protect\n|-damage|p1a: Clefairy|84\/100\n|-unboost|p1a: Clefairy|spe|1\n|move|p2a: Heatran|Heat Wave|p1b: Gholdengo|[spread] p1a\n|-activate|p1b: Gholdengo|move: Protect\n|-damage|p1a: Clefairy|42\/100\n|-damage|p2a: Heatran|91\/100|[from] item: Life Orb\n|move|p1a: Clefairy|Night Shade|p2b: Flutter Mane\n|-damage|p2b: Flutter Mane|67\/100\n|\n|upkeep\n|turn|2\n|\n|t:|1700834959\n|-terastallize|p1b: Gholdengo|Dragon\n|move|p1a: Clefairy|Protect|p1a: Clefairy\n|-singleturn|p1a: Clefairy|Protect\n|move|p2b: Flutter Mane|Icy Wind|p1a: Clefairy|[spread] p1b\n|-activate|p1a: Clefairy|move: Protect\n|-supereffective|p1b: Gholdengo\n|-damage|p1b: Gholdengo|71\/100\n|-unboost|p1b: Gholdengo|spe|1\n|move|p2a: Heatran|Heat Wave|p1b: Gholdengo|[spread] p1b\n|-activate|p1a: Clefairy|move: Protect\n|-resisted|p1b: Gholdengo\n|-damage|p1b: Gholdengo|51\/100\n|-damage|p2a: Heatran|81\/100|[from] item: Life Orb\n|move|p1b: Gholdengo|Make It Rain|p2a: Heatran|[spread] p2a,p2b\n|-resisted|p2a: Heatran\n|-supereffective|p2b: Flutter Mane\n|-damage|p2a: Heatran|71\/100\n|-damage|p2b: Flutter Mane|0 fnt\n|-unboost|p1b: Gholdengo|spa|1\n|faint|p2b: Flutter Mane\n|-end|p2b: Flutter Mane|Protosynthesis|[silent]\n|\n|upkeep\n|\n|t:|1700834979\n|switch|p2b: Salamence|Salamence, L50, M|100\/100\n|-ability|p2b: Salamence|Intimidate|boost\n|-unboost|p1a: Clefairy|atk|1\n|-unboost|p1b: Gholdengo|atk|1\n|turn|3\n|\n|t:|1700835009\n|move|p2b: Salamence|Tailwind|p2b: Salamence\n|-sidestart|p2: pipagoro|move: Tailwind\n|move|p2a: Heatran|Flash Cannon|p1a: Clefairy\n|-supereffective|p1a: Clefairy\n|-damage|p1a: Clefairy|0 fnt\n|faint|p1a: Clefairy\n|-damage|p2a: Heatran|62\/100|[from] item: Life Orb\n|move|p1b: Gholdengo|Shadow Ball|p2a: Heatran\n|-damage|p2a: Heatran|35\/100\n|\n|upkeep\n|\n|t:|1700835045\n|switch|p1a: Iron Bundle|Iron Bundle, L50, shiny|100\/100\n|-enditem|p1a: Iron Bundle|Booster Energy\n|-activate|p1a: Iron Bundle|ability: Quark Drive|[fromitem]\n|-start|p1a: Iron Bundle|quarkdrivespe\n|turn|4\n|l| let's go veyle\n|j| let's go veyle\n|\n|t:|1700835066\n|-terastallize|p2b: Salamence|Poison\n|move|p1a: Iron Bundle|Freeze-Dry|p2b: Salamence\n|-damage|p2b: Salamence|67\/100\n|move|p2b: Salamence|Draco Meteor|p1b: Gholdengo\n|-supereffective|p1b: Gholdengo\n|-damage|p1b: Gholdengo|0 fnt\n|-unboost|p2b: Salamence|spa|2\n|faint|p1b: Gholdengo\n|move|p2a: Heatran|Flash Cannon|p1a: Iron Bundle\n|-damage|p1a: Iron Bundle|1\/100\n|-damage|p2a: Heatran|25\/100|[from] item: Life Orb\n|\n|upkeep\n|\n|t:|1700835073\n|switch|p1b: Dragonite|Dragonite, L50, M|100\/100\n|turn|5\n|\n|t:|1700835155\n|move|p1b: Dragonite|Extreme Speed|p2a: Heatran\n|-resisted|p2a: Heatran\n|-damage|p2a: Heatran|8\/100\n|-damage|p1b: Dragonite|91\/100|[from] item: Life Orb\n|move|p1a: Iron Bundle|Freeze-Dry|p2a: Heatran\n|-resisted|p2a: Heatran\n|-damage|p2a: Heatran|2\/100\n|move|p2b: Salamence|Air Slash|p1a: Iron Bundle\n|-damage|p1a: Iron Bundle|0 fnt\n|faint|p1a: Iron Bundle\n|-end|p1a: Iron Bundle|Quark Drive|[silent]\n|move|p2a: Heatran|Flash Cannon|p1b: Dragonite\n|-damage|p1b: Dragonite|43\/100\n|-damage|p2a: Heatran|0 fnt|[from] item: Life Orb\n|faint|p2a: Heatran\n|\n|upkeep\n|\n|t:|1700835166\n|switch|p2a: Iron Hands|Iron Hands, L50|100\/100\n|turn|6\n|\n|t:|1700835191\n|move|p1b: Dragonite|Extreme Speed|p2b: Salamence\n|-damage|p2b: Salamence|30\/100\n|-damage|p1b: Dragonite|27\/100|[from] item: Rocky Helmet|[of] p2b: Salamence\n|-damage|p1b: Dragonite|17\/100|[from] item: Life Orb\n|move|p2b: Salamence|Roost|p2b: Salamence\n|-heal|p2b: Salamence|80\/100\n|move|p2a: Iron Hands|Wild Charge|p1b: Dragonite\n|-damage|p1b: Dragonite|0 fnt\n|faint|p1b: Dragonite\n|-damage|p2a: Iron Hands|97\/100|[from] Recoil\n|\n|win|pipagoro\n|inactive|momajun has 50 seconds to confirm battle start!\n|inactive|pipagoro has 50 seconds to confirm battle start!\n|c|&|\/uhtml prompt-pipagoro,pipagoro is ready for game 2!\n|c|&|\/uhtml prompt-momajun,momajun is ready for game 2!\nBoth players are ready! Starting next match!\n|j| ironsandbundle\n|l| let's go veyle\n|l| ironsandbundle\n|l| PoppinParty Kasumi\n","uploadtime":1700835789,"views":30,"p1id":"momajun","p2id":"pipagoro","formatid":"gen9vgc2023regulatione","rating":0,"private":0,"password":""}