{"id":"gen9vgc2023regulatione-1995187495","p1":"RealestYuan","p2":"TheTruthWhaleOG","format":"[Gen 9] VGC 2023 Regulation E","log":"|j|\u2606RealestYuan\n|j|\u2606TheTruthWhaleOG\n|t:|1700532397\n|gametype|doubles\n|player|p1|RealestYuan|acetrainerf|1137\n|player|p2|TheTruthWhaleOG|170|1073\n|teamsize|p1|6\n|teamsize|p2|6\n|gen|9\n|tier|[Gen 9] VGC 2023 Regulation E\n|rated|\n|rule|Species Clause: Limit one of each Pok\u00e9mon\n|rule|Item Clause: Limit one of each item\n|clearpoke\n|poke|p1|Regidrago, L50|\n|poke|p1|Sinistcha, L50|\n|poke|p1|Clefairy, L50, F|\n|poke|p1|Roaring Moon, L50|\n|poke|p1|Landorus-Therian, L50, M|\n|poke|p1|Flutter Mane, L50|\n|poke|p2|Sinistcha-Masterpiece, L50|\n|poke|p2|Barraskewda, L50, M|\n|poke|p2|Politoed, L50, M|\n|poke|p2|Lombre, L50, M|\n|poke|p2|Basculegion-F, L50, F|\n|poke|p2|Noivern, L50, M|\n|teampreview|4\n|\n|t:|1700532440\n|start\n|switch|p1a: Sinistcha|Sinistcha, L50|100\/100\n|switch|p1b: Regidrago|Regidrago, L50, shiny|100\/100\n|switch|p2a: Why Am I Here?|Lombre, L50, M|100\/100\n|switch|p2b: Mr. Hoppz|Politoed, L50, M, shiny|100\/100\n|-weather|RainDance|[from] ability: Drizzle|[of] p2b: Mr. Hoppz\n|turn|1\n|\n|t:|1700532467\n|-terastallize|p1b: Regidrago|Dragon\n|move|p2a: Why Am I Here?|Fake Out|p1b: Regidrago\n|-damage|p1b: Regidrago|95\/100\n|cant|p1b: Regidrago|flinch\n|move|p2b: Mr. Hoppz|Psychic|p1a: Sinistcha\n|-damage|p1a: Sinistcha|74\/100\n|move|p1a: Sinistcha|Trick Room|p1a: Sinistcha\n|-fieldstart|move: Trick Room|[of] p1a: Sinistcha\n|\n|-weather|RainDance|[upkeep]\n|-heal|p1a: Sinistcha|80\/100|[from] item: Leftovers\n|upkeep\n|turn|2\n|\n|t:|1700532510\n|-terastallize|p2b: Mr. Hoppz|Steel\n|move|p2a: Why Am I Here?|Knock Off|p1b: Regidrago\n|-damage|p1b: Regidrago|82\/100\n|-enditem|p1b: Regidrago|Sitrus Berry|[from] move: Knock Off|[of] p2a: Why Am I Here?\n|move|p1a: Sinistcha|Matcha Gotcha|p2b: Mr. Hoppz|[spread] p2a,p2b\n|-resisted|p2b: Mr. Hoppz\n|-damage|p2a: Why Am I Here?|78\/100\n|-heal|p1a: Sinistcha|89\/100|[from] drain|[of] p2a: Why Am I Here?\n|-damage|p2b: Mr. Hoppz|94\/100\n|-heal|p1a: Sinistcha|93\/100|[from] drain|[of] p2b: Mr. Hoppz\n|move|p2b: Mr. Hoppz|Tera Blast|p1b: Regidrago|[anim] Tera Blast Steel\n|-damage|p1b: Regidrago|54\/100\n|move|p1b: Regidrago|Dragon Energy|p2b: Mr. Hoppz|[spread] p2a,p2b\n|-resisted|p2b: Mr. Hoppz\n|-damage|p2a: Why Am I Here?|30\/100\n|-damage|p2b: Mr. Hoppz|78\/100\n|\n|-weather|RainDance|[upkeep]\n|-heal|p2a: Why Am I Here?|36\/100|[from] ability: Rain Dish\n|-heal|p1a: Sinistcha|99\/100|[from] item: Leftovers\n|upkeep\n|turn|3\n|\n|t:|1700532534\n|move|p1a: Sinistcha|Rage Powder|p1a: Sinistcha\n|-singleturn|p1a: Sinistcha|move: Rage Powder\n|move|p2a: Why Am I Here?|Knock Off|p1a: Sinistcha\n|-supereffective|p1a: Sinistcha\n|-damage|p1a: Sinistcha|79\/100\n|-enditem|p1a: Sinistcha|Leftovers|[from] move: Knock Off|[of] p2a: Why Am I Here?\n|move|p2b: Mr. Hoppz|Tera Blast|p1a: Sinistcha|[anim] Tera Blast Steel\n|-damage|p1a: Sinistcha|47\/100\n|move|p1b: Regidrago|Dragon Energy|p2a: Why Am I Here?|[spread] p2a,p2b\n|-resisted|p2b: Mr. Hoppz\n|-damage|p2a: Why Am I Here?|0 fnt\n|-damage|p2b: Mr. Hoppz|63\/100\n|faint|p2a: Why Am I Here?\n|\n|-weather|RainDance|[upkeep]\n|upkeep\n|\n|t:|1700532548\n|switch|p2a: No Fun Fish|Barraskewda, L50, M, shiny|100\/100\n|turn|4\n|\n|t:|1700532567\n|move|p1a: Sinistcha|Rage Powder|p1a: Sinistcha\n|-singleturn|p1a: Sinistcha|move: Rage Powder\n|move|p2b: Mr. Hoppz|Tera Blast|p1a: Sinistcha|[anim] Tera Blast Steel\n|-damage|p1a: Sinistcha|13\/100\n|move|p1b: Regidrago|Dragon Energy|p2a: No Fun Fish|[spread] p2a,p2b\n|-resisted|p2b: Mr. Hoppz\n|-damage|p2a: No Fun Fish|0 fnt\n|-damage|p2b: Mr. Hoppz|46\/100\n|faint|p2a: No Fun Fish\n|\n|-weather|RainDance|[upkeep]\n|upkeep\n|\n|t:|1700532575\n|switch|p2a: Concierge|Sinistcha-Masterpiece, L50|100\/100\n|-heal|p2b: Mr. Hoppz|71\/100|[from] ability: Hospitality|[of] p2a: Concierge\n|turn|5\n|\n|t:|1700532585\n|move|p2a: Concierge|Protect|p2a: Concierge\n|-singleturn|p2a: Concierge|Protect\n|move|p1a: Sinistcha|Strength Sap|p2b: Mr. Hoppz\n|-unboost|p2b: Mr. Hoppz|atk|1\n|-heal|p1a: Sinistcha|58\/100\n|move|p2b: Mr. Hoppz|Tera Blast|p1a: Sinistcha|[anim] Tera Blast Steel\n|-damage|p1a: Sinistcha|24\/100\n|move|p1b: Regidrago|Dragon Energy|p2b: Mr. Hoppz|[spread] p2b\n|-activate|p2a: Concierge|move: Protect\n|-resisted|p2b: Mr. Hoppz\n|-damage|p2b: Mr. Hoppz|53\/100\n|\n|-weather|none\n|-fieldend|move: Trick Room\n|upkeep\n|turn|6\n|\n|t:|1700532605\n|move|p1b: Regidrago|Dragon Pulse|p2b: Mr. Hoppz\n|-resisted|p2b: Mr. Hoppz\n|-damage|p2b: Mr. Hoppz|31\/100\n|move|p2b: Mr. Hoppz|Tera Blast|p1a: Sinistcha|[anim] Tera Blast Steel\n|-damage|p1a: Sinistcha|0 fnt\n|faint|p1a: Sinistcha\n|move|p2a: Concierge|Matcha Gotcha|p1b: Regidrago\n|-resisted|p1b: Regidrago\n|-damage|p1b: Regidrago|40\/100\n|-status|p1b: Regidrago|brn\n|\n|-damage|p1b: Regidrago|34\/100 brn|[from] brn\n|upkeep\n|\n|t:|1700532617\n|switch|p1a: Landorus|Landorus-Therian, L50, M|100\/100\n|-ability|p1a: Landorus|Intimidate|boost\n|-unboost|p2a: Concierge|atk|1\n|-unboost|p2b: Mr. Hoppz|atk|1\n|turn|7\n|\n|t:|1700532628\n|move|p1a: Landorus|U-turn|p2a: Concierge\n|-damage|p2a: Concierge|75\/100\n|\n|t:|1700532631\n|switch|p1a: Flutter Mane|Flutter Mane, L50|100\/100|[from] U-turn\n|move|p1b: Regidrago|Dragon Pulse|p2b: Mr. Hoppz\n|-resisted|p2b: Mr. Hoppz\n|-damage|p2b: Mr. Hoppz|9\/100\n|move|p2a: Concierge|Strength Sap|p1a: Flutter Mane\n|-unboost|p1a: Flutter Mane|atk|1\n|-heal|p2a: Concierge|100\/100\n|move|p2b: Mr. Hoppz|Hydro Pump|p1a: Flutter Mane\n|-damage|p1a: Flutter Mane|66\/100\n|\n|-damage|p1b: Regidrago|28\/100 brn|[from] brn\n|upkeep\n|turn|8\n|\n|t:|1700532645\n|move|p1a: Flutter Mane|Shadow Ball|p2a: Concierge\n|-supereffective|p2a: Concierge\n|-damage|p2a: Concierge|3\/100\n|move|p1b: Regidrago|Dragon Energy|p2a: Concierge|[spread] p2a,p2b\n|-crit|p2a: Concierge\n|-resisted|p2b: Mr. Hoppz\n|-damage|p2a: Concierge|0 fnt\n|-damage|p2b: Mr. Hoppz|1\/100\n|faint|p2a: Concierge\n|move|p2b: Mr. Hoppz|Tera Blast|p1a: Flutter Mane|[anim] Tera Blast Steel\n|-supereffective|p1a: Flutter Mane\n|-damage|p1a: Flutter Mane|10\/100\n|\n|-damage|p1b: Regidrago|22\/100 brn|[from] brn\n|upkeep\n|turn|9\n|c|\u2606TheTruthWhaleOG|gg\n|\n|t:|1700532658\n|move|p1a: Flutter Mane|Fake Tears|p2b: Mr. Hoppz\n|-unboost|p2b: Mr. Hoppz|spd|2\n|move|p1b: Regidrago|Dragon Pulse|p2b: Mr. Hoppz\n|-resisted|p2b: Mr. Hoppz\n|-damage|p2b: Mr. Hoppz|0 fnt\n|faint|p2b: Mr. Hoppz\n|\n|win|RealestYuan\n|raw|RealestYuan's rating: 1137 &rarr; <strong>1157<\/strong><br \/>(+20 for winning)\n|raw|TheTruthWhaleOG's rating: 1073 &rarr; <strong>1056<\/strong><br \/>(-17 for losing)\n|l|\u2606TheTruthWhaleOG\n|c|\u2606RealestYuan|gg\n","uploadtime":1700532699,"views":3,"p1id":"realestyuan","p2id":"thetruthwhaleog","formatid":"gen9vgc2023regulatione","rating":1056,"private":0,"password":""}