{"id":"gen9vgc2023regulatione-1996128256","p1":"fyfyyalt1","p2":"LameLiarLeo","format":"[Gen 9] VGC 2023 Regulation E","log":"|j|\u2606fyfyyalt1\n|j|\u2606LameLiarLeo\n|n|\u2606fyfyyalt1|fyfyyalt1\n|n|\u2606LameLiarLeo|lameliarleo\n|html|View the match progress at <a href=\"\/game-bestof3-gen9vgc2023regulatione-1996125245\">game-bestof3-gen9vgc2023regulatione-1996125245<\/a>\n|t:|1700648442\n|gametype|doubles\n|player|p1|fyfyyalt1|170|\n|player|p2|LameLiarLeo|caitlin|\n|teamsize|p1|6\n|teamsize|p2|6\n|gen|9\n|tier|[Gen 9] VGC 2023 Regulation E\n|rule|Species Clause: Limit one of each Pok\u00e9mon\n|rule|Item Clause: Limit one of each item\n|clearpoke\n|poke|p1|Iron Hands, L50|\n|poke|p1|Urshifu-*, L50, M|\n|poke|p1|Tornadus, L50, M|\n|poke|p1|Farigiraf, L50, M|\n|poke|p1|Chien-Pao, L50|\n|poke|p1|Flutter Mane, L50|\n|poke|p2|Chi-Yu, L50|\n|poke|p2|Iron Hands, L50|\n|poke|p2|Amoonguss, L50, F|\n|poke|p2|Landorus-Therian, L50, M|\n|poke|p2|Flutter Mane, L50|\n|poke|p2|Chien-Pao, L50|\n|teampreview|4\n|inactive|Battle timer is ON: inactive players will automatically lose when time's up. (requested by LameLiarLeo)\n|inactive|fyfyyalt1 has 60 seconds left.\n|\n|t:|1700648488\n|start\n|switch|p1a: Chien-Pao|Chien-Pao, L50|100\/100\n|switch|p1b: Dumbass Hands|Iron Hands, L50|100\/100\n|switch|p2a: One Puch Mon|Iron Hands, L50|100\/100\n|switch|p2b: Urshi-Who|Amoonguss, L50, F|100\/100\n|-ability|p1a: Chien-Pao|Sword of Ruin\n|turn|1\n|\n|t:|1700648504\n|-end|p1b: Dumbass Hands|Quark Drive|[silent]\n|switch|p1b: Dumbass Giraffe|Farigiraf, L50, M|100\/100\n|move|p2a: One Puch Mon|Fake Out||[still]\n|cant|p1b: Dumbass Giraffe|ability: Armor Tail|Fake Out|[of] p2a: One Puch Mon\n|move|p1a: Chien-Pao|Ice Spinner|p2b: Urshi-Who\n|-supereffective|p2b: Urshi-Who\n|-damage|p2b: Urshi-Who|0 fnt\n|faint|p2b: Urshi-Who\n|\n|upkeep\n|c|\u2606fyfyyalt1|ooo I kill?\n|c|\u2606fyfyyalt1|I bet I didn't the last game?\n|\n|t:|1700648523\n|switch|p2b: Nebula|Flutter Mane, L50|100\/100\n|turn|2\n|c|\u2606LameLiarLeo|I was sure I lived\n|c|\u2606LameLiarLeo|adamant right?\n|c|\u2606fyfyyalt1|yeah\n|c|\u2606fyfyyalt1|252 adamant\n|inactiveoff|Battle timer is now OFF.\n|c|\u2606fyfyyalt1|Yeah we should check the calcs wait a sec\n|c|\u2606fyfyyalt1|what's the spread?\n|c|\u2606LameLiarLeo|252+ Atk Sword of Ruin Chien-Pao Ice Spinner vs. 244 HP \/ 172+ Def Amoonguss: 186-222 (84.5 - 100.9%) -- 6.3% chance to OHKO\n|c|\u2606LameLiarLeo|I mustve calced for 236\n|inactive|Battle timer is ON: inactive players will automatically lose when time's up. (requested by LameLiarLeo)\n|\n|t:|1700648605\n|-terastallize|p2b: Nebula|Fairy\n|move|p1a: Chien-Pao|Protect|p1a: Chien-Pao\n|-singleturn|p1a: Chien-Pao|Protect\n|move|p2b: Nebula|Moonblast|p1b: Dumbass Giraffe\n|-damage|p1b: Dumbass Giraffe|5\/100\n|-enditem|p1b: Dumbass Giraffe|Sitrus Berry|[eat]\n|-heal|p1b: Dumbass Giraffe|30\/100|[from] item: Sitrus Berry\n|move|p1b: Dumbass Giraffe|Psychic|p2a: One Puch Mon\n|-supereffective|p2a: One Puch Mon\n|-damage|p2a: One Puch Mon|60\/100\n|move|p2a: One Puch Mon|Drain Punch|p1b: Dumbass Giraffe\n|-damage|p1b: Dumbass Giraffe|0 fnt\n|-heal|p2a: One Puch Mon|75\/100|[from] drain|[of] p1b: Dumbass Giraffe\n|faint|p1b: Dumbass Giraffe\n|\n|upkeep\n|c|\u2606fyfyyalt1|That was a really lucky roll\n|\n|t:|1700648625\n|switch|p1b: Dumbass Hands|Iron Hands, L50|100\/100\n|turn|3\n|\n|t:|1700648633\n|-end|p2b: Nebula|Protosynthesis|[silent]\n|switch|p2b: Old King|Landorus-Therian, L50, M|100\/100\n|-ability|p2b: Old King|Intimidate|boost\n|-unboost|p1a: Chien-Pao|atk|1\n|-unboost|p1b: Dumbass Hands|atk|1\n|move|p1b: Dumbass Hands|Fake Out|p2b: Old King\n|-damage|p2b: Old King|87\/100\n|move|p1a: Chien-Pao|Ice Spinner|p2b: Old King\n|-supereffective|p2b: Old King\n|-damage|p2b: Old King|0 fnt\n|faint|p2b: Old King\n|move|p2a: One Puch Mon|Drain Punch|p1a: Chien-Pao\n|-supereffective|p1a: Chien-Pao\n|-enditem|p1a: Chien-Pao|Focus Sash\n|-damage|p1a: Chien-Pao|1\/100\n|-heal|p2a: One Puch Mon|100\/100|[from] drain|[of] p1a: Chien-Pao\n|\n|upkeep\n|\n|t:|1700648637\n|switch|p2b: Nebula|Flutter Mane, L50, tera:Fairy|100\/100\n|turn|4\n|\n|t:|1700648650\n|-terastallize|p1b: Dumbass Hands|Grass\n|move|p1a: Chien-Pao|Sucker Punch|p2b: Nebula\n|-resisted|p2b: Nebula\n|-damage|p2b: Nebula|74\/100\n|move|p2b: Nebula|Moonblast|p1b: Dumbass Hands\n|-damage|p1b: Dumbass Hands|57\/100\n|move|p2a: One Puch Mon|Drain Punch|p1a: Chien-Pao\n|-supereffective|p1a: Chien-Pao\n|-crit|p1a: Chien-Pao\n|-damage|p1a: Chien-Pao|0 fnt\n|faint|p1a: Chien-Pao\n|move|p1b: Dumbass Hands|Heavy Slam|p2b: Nebula\n|-supereffective|p2b: Nebula\n|-damage|p2b: Nebula|0 fnt\n|faint|p2b: Nebula\n|-end|p2b: Nebula|Protosynthesis|[silent]\n|\n|upkeep\n|\n|t:|1700648658\n|switch|p1a: Dumbass Bear|Urshifu-Rapid-Strike, L50, M|100\/100\n|turn|5\n|c|\u2606LameLiarLeo|I forget you have tera available\n|c|\u2606LameLiarLeo|gg\n|\n|t:|1700648671\n|move|p1a: Dumbass Bear|Surging Strikes|p2a: One Puch Mon\n|-crit|p2a: One Puch Mon\n|-damage|p2a: One Puch Mon|86\/100\n|-crit|p2a: One Puch Mon\n|-damage|p2a: One Puch Mon|70\/100\n|-crit|p2a: One Puch Mon\n|-damage|p2a: One Puch Mon|55\/100\n|-hitcount|p2a: One Puch Mon|3\n|move|p2a: One Puch Mon|Wild Charge|p1a: Dumbass Bear\n|-supereffective|p1a: Dumbass Bear\n|-damage|p1a: Dumbass Bear|0 fnt\n|faint|p1a: Dumbass Bear\n|-damage|p2a: One Puch Mon|35\/100|[from] Recoil\n|move|p1b: Dumbass Hands|Drain Punch|p2a: One Puch Mon\n|-damage|p2a: One Puch Mon|14\/100\n|-heal|p1b: Dumbass Hands|68\/100|[from] drain|[of] p2a: One Puch Mon\n|\n|upkeep\n|turn|6\n|c|\u2606LameLiarLeo|unless\n|c|\u2606fyfyyalt1|I might actually lose the war of attrition\n|\n|t:|1700648687\n|move|p2a: One Puch Mon|Drain Punch|p1b: Dumbass Hands\n|-damage|p1b: Dumbass Hands|37\/100\n|-heal|p2a: One Puch Mon|30\/100|[from] drain|[of] p1b: Dumbass Hands\n|move|p1b: Dumbass Hands|Drain Punch|p2a: One Puch Mon\n|-damage|p2a: One Puch Mon|10\/100\n|-heal|p1b: Dumbass Hands|46\/100|[from] drain|[of] p2a: One Puch Mon\n|\n|upkeep\n|turn|7\n|c|\u2606LameLiarLeo|nah you dont\n|c|\u2606LameLiarLeo|unless crit\n|c|\u2606fyfyyalt1|How much do u recover?\n|\n|t:|1700648707\n|move|p2a: One Puch Mon|Drain Punch|p1b: Dumbass Hands\n|-damage|p1b: Dumbass Hands|15\/100\n|-heal|p2a: One Puch Mon|27\/100|[from] drain|[of] p1b: Dumbass Hands\n|move|p1b: Dumbass Hands|Drain Punch|p2a: One Puch Mon\n|-damage|p2a: One Puch Mon|6\/100\n|-heal|p1b: Dumbass Hands|25\/100|[from] drain|[of] p2a: One Puch Mon\n|\n|upkeep\n|turn|8\n|c|\u2606LameLiarLeo|OMG\n|c|\u2606fyfyyalt1|See I do lose\n|\n|t:|1700648722\n|move|p2a: One Puch Mon|Drain Punch|p1b: Dumbass Hands\n|-damage|p1b: Dumbass Hands|0 fnt\n|-heal|p2a: One Puch Mon|19\/100|[from] drain|[of] p1b: Dumbass Hands\n|faint|p1b: Dumbass Hands\n|-end|p1b: Dumbass Hands|Quark Drive|[silent]\n|\n|win|LameLiarLeo\n|c|\u2606LameLiarLeo|THE GOAT HANDS\n|c|\u2606fyfyyalt1|The hands is goated\n|c|\u2606fyfyyalt1|ggs really close sets\n|c|\u2606LameLiarLeo|gg, great set\n|c|\u2606fyfyyalt1|its good fighthing guys like u\n|c|\u2606LameLiarLeo|you too\n|c|\u2606LameLiarLeo|really fun\n|c|\u2606fyfyyalt1|Hope we get paired up in the server tour\n|c|\u2606fyfyyalt1|so that i get bonked by sussy mushroom\n|c|\u2606LameLiarLeo|def the mvp of my matches\n|c|\u2606fyfyyalt1|Yeahh\n|c|\u2606fyfyyalt1|the tera is interesting\n|c|\u2606fyfyyalt1|to say the least\n|c|\u2606LameLiarLeo|I picked it when Hearthflame was rlly popular and have stuck with it\n|c|\u2606fyfyyalt1|I think u can run water rn\n|c|\u2606LameLiarLeo|yh prob\n|c|\u2606fyfyyalt1|I feel its too good to be ignored\n|c|\u2606LameLiarLeo|ursh is rlly scary\n|c|\u2606fyfyyalt1|also how fast is that hands?\n|c|\u2606fyfyyalt1|mine is running 92 evs\n|c|\u2606fyfyyalt1|u might be 108\n|c|\u2606fyfyyalt1|ev\n|c|\u2606LameLiarLeo|mine is 108 for that reason\n|c|\u2606fyfyyalt1|Yeah guessed so\n|c|\u2606fyfyyalt1|anyways great sets man thanks for the battle\n|c|\u2606LameLiarLeo|you too, appreciate it\n|l|\u2606fyfyyalt1\n","uploadtime":1700648965,"views":7,"p1id":"fyfyyalt1","p2id":"lameliarleo","formatid":"gen9vgc2023regulatione","rating":0,"private":0,"password":""}