{"id":"gen9vgc2023regulatione-1991181316","p1":"comfy guppy","p2":"Marc1246","format":"[Gen 9] VGC 2023 Regulation E","log":"|j|\u2606comfy guppy\n|j|\u2606Marc1246\n|t:|1700054340\n|gametype|doubles\n|player|p1|comfy guppy|102|1167\n|player|p2|Marc1246|170|1087\n|teamsize|p1|6\n|teamsize|p2|6\n|gen|9\n|tier|[Gen 9] VGC 2023 Regulation E\n|rated|\n|rule|Species Clause: Limit one of each Pok\u00e9mon\n|rule|Item Clause: Limit one of each item\n|clearpoke\n|poke|p1|Annihilape, L50, M|\n|poke|p1|Clefairy, L50, F|\n|poke|p1|Ninetales-Alola, L50, M|\n|poke|p1|Arcanine-Hisui, L50, M|\n|poke|p1|Sandslash-Alola, L50, F|\n|poke|p1|Ogerpon-Wellspring, L50, F|\n|poke|p2|Ogerpon-Wellspring, L50, F|\n|poke|p2|Tornadus, L50, M|\n|poke|p2|Scizor, L50, M|\n|poke|p2|Arcanine-Hisui, L50, F|\n|poke|p2|Flutter Mane, L50|\n|poke|p2|Landorus-Therian, L50, M|\n|teampreview|4\n|inactive|Battle timer is ON: inactive players will automatically lose when time's up. (requested by comfy guppy)\n|j| redmc102\n|l| redmc102\n|inactive|comfy guppy has 60 seconds left.\n|\n|t:|1700054385\n|start\n|switch|p1a: Arcanine|Arcanine-Hisui, L50, M|100\/100\n|switch|p1b: Annihilape|Annihilape, L50, M|100\/100\n|switch|p2a: Scizor|Scizor, L50, M|100\/100\n|switch|p2b: Tornadus|Tornadus, L50, M|100\/100\n|-ability|p1a: Arcanine|Intimidate|boost\n|-unboost|p2a: Scizor|atk|1\n|-unboost|p2b: Tornadus|atk|1\n|turn|1\n|inactive|comfy guppy has 30 seconds left.\n|\n|t:|1700054411\n|-terastallize|p2a: Scizor|Flying\n|move|p2b: Tornadus|Protect|p2b: Tornadus\n|-singleturn|p2b: Tornadus|Protect\n|move|p1b: Annihilape|Protect|p1b: Annihilape\n|-singleturn|p1b: Annihilape|Protect\n|move|p1a: Arcanine|Will-O-Wisp|p2a: Scizor|[miss]\n|-miss|p1a: Arcanine|p2a: Scizor\n|move|p2a: Scizor|Swords Dance|p2a: Scizor\n|-boost|p2a: Scizor|atk|2\n|\n|upkeep\n|turn|2\n|\n|t:|1700054436\n|-terastallize|p1b: Annihilape|Fire\n|move|p2a: Scizor|Bullet Punch|p1a: Arcanine\n|-damage|p1a: Arcanine|49\/100\n|-enditem|p1a: Arcanine|Sitrus Berry|[eat]\n|-heal|p1a: Arcanine|73\/100|[from] item: Sitrus Berry\n|move|p1b: Annihilape|Bulk Up|p1b: Annihilape\n|-boost|p1b: Annihilape|atk|1\n|-boost|p1b: Annihilape|def|1\n|move|p2b: Tornadus|Bleakwind Storm|p1a: Arcanine|[spread] p1a,p1b\n|-resisted|p1a: Arcanine\n|-damage|p1a: Arcanine|58\/100\n|-damage|p1b: Annihilape|74\/100\n|-unboost|p1a: Arcanine|spe|1\n|move|p1a: Arcanine|Will-O-Wisp|p2a: Scizor\n|-status|p2a: Scizor|brn\n|\n|-heal|p1b: Annihilape|80\/100|[from] item: Leftovers\n|-damage|p2a: Scizor|94\/100 brn|[from] brn\n|upkeep\n|turn|3\n|inactive|comfy guppy has 30 seconds left.\n|\n|t:|1700054466\n|move|p2b: Tornadus|Tailwind|p2b: Tornadus\n|-sidestart|p2: Marc1246|move: Tailwind\n|move|p2a: Scizor|Swords Dance|p2a: Scizor\n|-boost|p2a: Scizor|atk|2\n|move|p1b: Annihilape|Rage Fist|p2b: Tornadus\n|-damage|p2b: Tornadus|12\/100\n|move|p1a: Arcanine|Rock Slide|p2b: Tornadus|[spread] p2a,p2b\n|-supereffective|p2a: Scizor\n|-supereffective|p2b: Tornadus\n|-damage|p2a: Scizor|32\/100 brn\n|-damage|p2b: Tornadus|0 fnt\n|faint|p2b: Tornadus\n|\n|-heal|p1b: Annihilape|86\/100|[from] item: Leftovers\n|-damage|p2a: Scizor|26\/100 brn|[from] brn\n|upkeep\n|\n|t:|1700054469\n|switch|p2b: Ogerpon|Ogerpon-Wellspring, L50, F|100\/100\n|turn|4\n|inactive|comfy guppy has 30 seconds left.\n|inactive|comfy guppy has 20 seconds left.\n|inactive|comfy guppy has 15 seconds left.\n|inactive|comfy guppy has 10 seconds left.\n|\n|t:|1700054518\n|switch|p1a: Ogerpon|Ogerpon-Wellspring, L50, F|100\/100\n|move|p2b: Ogerpon|Ivy Cudgel|p1a: Ogerpon|[anim] Ivy Cudgel Water\n|-immune|p1a: Ogerpon|[from] ability: Water Absorb\n|move|p2a: Scizor|Swords Dance|p2a: Scizor\n|-boost|p2a: Scizor|atk|2\n|move|p1b: Annihilape|Rage Fist|p2b: Ogerpon\n|-damage|p2b: Ogerpon|11\/100\n|\n|-heal|p1b: Annihilape|92\/100|[from] item: Leftovers\n|-damage|p2a: Scizor|20\/100 brn|[from] brn\n|upkeep\n|turn|5\n|\n|t:|1700054541\n|move|p2b: Ogerpon|Spiky Shield|p2b: Ogerpon\n|-singleturn|p2b: Ogerpon|move: Protect\n|move|p1a: Ogerpon|Follow Me|p1a: Ogerpon\n|-singleturn|p1a: Ogerpon|move: Follow Me\n|move|p2a: Scizor|Bullet Punch|p1a: Ogerpon\n|-resisted|p1a: Ogerpon\n|-damage|p1a: Ogerpon|69\/100\n|move|p1b: Annihilape|Rage Fist|p2b: Ogerpon\n|-activate|p2b: Ogerpon|move: Protect\n|-damage|p1b: Annihilape|80\/100|[from] Spiky Shield|[of] p2b: Ogerpon\n|\n|-heal|p1b: Annihilape|86\/100|[from] item: Leftovers\n|-damage|p2a: Scizor|13\/100 brn|[from] brn\n|upkeep\n|turn|6\n|\n|t:|1700054557\n|move|p1a: Ogerpon|Follow Me|p1a: Ogerpon\n|-singleturn|p1a: Ogerpon|move: Follow Me\n|move|p2a: Scizor|Bullet Punch|p1a: Ogerpon\n|-resisted|p1a: Ogerpon\n|-damage|p1a: Ogerpon|33\/100\n|move|p2b: Ogerpon|Horn Leech|p1a: Ogerpon\n|-damage|p1a: Ogerpon|0 fnt\n|-heal|p2b: Ogerpon|30\/100|[from] drain|[of] p1a: Ogerpon\n|faint|p1a: Ogerpon\n|move|p1b: Annihilape|Rage Fist|p2b: Ogerpon\n|-damage|p2b: Ogerpon|0 fnt\n|faint|p2b: Ogerpon\n|\n|-heal|p1b: Annihilape|92\/100|[from] item: Leftovers\n|-damage|p2a: Scizor|7\/100 brn|[from] brn\n|-sideend|p2: Marc1246|move: Tailwind\n|upkeep\n|\n|t:|1700054573\n|switch|p2b: Flutter Mane|Flutter Mane, L50|100\/100\n|switch|p1a: Arcanine|Arcanine-Hisui, L50, M|58\/100\n|-ability|p1a: Arcanine|Intimidate|boost\n|-unboost|p2a: Scizor|atk|1\n|-unboost|p2b: Flutter Mane|atk|1\n|-enditem|p2b: Flutter Mane|Booster Energy\n|-activate|p2b: Flutter Mane|ability: Protosynthesis|[fromitem]\n|-start|p2b: Flutter Mane|protosynthesisspa\n|turn|7\n|\n|t:|1700054589\n|move|p2a: Scizor|Bullet Punch|p1a: Arcanine\n|-damage|p1a: Arcanine|1\/100\n|move|p2b: Flutter Mane|Shadow Ball|p1b: Annihilape\n|-damage|p1b: Annihilape|35\/100\n|move|p1b: Annihilape|Rage Fist|p2b: Flutter Mane\n|-supereffective|p2b: Flutter Mane\n|-damage|p2b: Flutter Mane|0 fnt\n|faint|p2b: Flutter Mane\n|-end|p2b: Flutter Mane|Protosynthesis|[silent]\n|move|p1a: Arcanine|Rock Slide|p2a: Scizor\n|-supereffective|p2a: Scizor\n|-damage|p2a: Scizor|0 fnt\n|faint|p2a: Scizor\n|\n|win|comfy guppy\n|raw|comfy guppy's rating: 1167 &rarr; <strong>1186<\/strong><br \/>(+19 for winning)\n|raw|Marc1246's rating: 1087 &rarr; <strong>1069<\/strong><br \/>(-18 for losing)\n|l|\u2606Marc1246\n","uploadtime":1700054606,"views":8,"p1id":"comfyguppy","p2id":"marc1246","formatid":"gen9vgc2023regulatione","rating":1069,"private":0,"password":""}