{"id":"gen9vgc2023regulatione-1999056267","p1":"Bell george chae","p2":"rochahn","format":"[Gen 9] VGC 2023 Regulation E","log":"|j|\u2606Bell george chae\n|j|\u2606rochahn\n|t:|1701028453\n|gametype|doubles\n|player|p1|Bell george chae|hooligans|1248\n|player|p2|rochahn|pokemonbreeder-gen4|1294\n|teamsize|p1|6\n|teamsize|p2|6\n|gen|9\n|tier|[Gen 9] VGC 2023 Regulation E\n|rated|\n|rule|Species Clause: Limit one of each Pok\u00e9mon\n|rule|Item Clause: Limit one of each item\n|clearpoke\n|poke|p1|Dusclops, L50, M|\n|poke|p1|Glastrier, L50|\n|poke|p1|Indeedee-F, L50, F|\n|poke|p1|Ursaluna-Bloodmoon, L50, M|\n|poke|p1|Amoonguss, L50, F|\n|poke|p1|Armarouge, L50, F|\n|poke|p2|Farigiraf, L50, F|\n|poke|p2|Brute Bonnet, L50|\n|poke|p2|Torkoal, L50, F|\n|poke|p2|Chi-Yu, L50|\n|poke|p2|Ursaluna-Bloodmoon, L50, M|\n|poke|p2|Urshifu-*, L50, F|\n|teampreview|4\n|inactive|Battle timer is ON: inactive players will automatically lose when time's up. (requested by rochahn)\n|inactive|rochahn has 60 seconds left.\n|\n|t:|1701028492\n|start\n|switch|p1a: Dusclops|Dusclops, L50, M|100\/100\n|switch|p1b: Indeedee|Indeedee-F, L50, F|100\/100\n|switch|p2a: Urshifu|Urshifu-Rapid-Strike, L50, F|100\/100\n|switch|p2b: Brute Bonnet|Brute Bonnet, L50|100\/100\n|-fieldstart|move: Psychic Terrain|[from] ability: Psychic Surge|[of] p1b: Indeedee\n|-item|p2a: Urshifu|Splash Plate|[from] ability: Frisk|[of] p1a: Dusclops|[identify]\n|-item|p2b: Brute Bonnet|Rocky Helmet|[from] ability: Frisk|[of] p1a: Dusclops|[identify]\n|turn|1\n|\n|t:|1701028508\n|move|p1b: Indeedee|Follow Me|p1b: Indeedee\n|-singleturn|p1b: Indeedee|move: Follow Me\n|move|p2a: Urshifu|Taunt|p1b: Indeedee\n|-start|p1b: Indeedee|move: Taunt\n|move|p2b: Brute Bonnet|Spore|p1b: Indeedee\n|-status|p1b: Indeedee|slp|[from] move: Spore\n|move|p1a: Dusclops|Trick Room|p1a: Dusclops\n|-fieldstart|move: Trick Room|[of] p1a: Dusclops\n|\n|upkeep\n|turn|2\n|\n|t:|1701028527\n|move|p1a: Dusclops|Will-O-Wisp|p2a: Urshifu\n|-status|p2a: Urshifu|brn\n|move|p2b: Brute Bonnet|Spore|p1a: Dusclops\n|-status|p1a: Dusclops|slp|[from] move: Spore\n|cant|p1b: Indeedee|slp\n|move|p2a: Urshifu|Taunt|p1a: Dusclops\n|-start|p1a: Dusclops|move: Taunt\n|\n|-damage|p2a: Urshifu|94\/100 brn|[from] brn\n|upkeep\n|turn|3\n|\n|t:|1701028545\n|switch|p2a: Ursaluna|Ursaluna-Bloodmoon, L50, M|100\/100\n|move|p2b: Brute Bonnet|Sucker Punch|p1b: Indeedee\n|-activate|p1b: Indeedee|move: Psychic Terrain\n|cant|p1a: Dusclops|slp\n|cant|p1b: Indeedee|slp\n|\n|upkeep\n|turn|4\n|\n|t:|1701028559\n|move|p2b: Brute Bonnet|Sucker Punch|p1a: Dusclops\n|-activate|p1a: Dusclops|move: Psychic Terrain\n|-curestatus|p1a: Dusclops|slp|[msg]\n|move|p1a: Dusclops|Night Shade|p2a: Ursaluna\n|-immune|p2a: Ursaluna\n|move|p2a: Ursaluna|Hyper Voice|p1a: Dusclops|[spread] p1a,p1b\n|-damage|p1a: Dusclops|77\/100\n|-damage|p1b: Indeedee|64\/100 slp\n|-enditem|p1b: Indeedee|Eject Button\n|-damage|p2a: Ursaluna|90\/100|[from] item: Life Orb\n|\n|t:|1701028571\n|switch|p1b: blast|Armarouge, L50, F|100\/100\n|\n|upkeep\n|turn|5\n|\n|t:|1701028587\n|-terastallize|p1b: blast|Grass\n|move|p2b: Brute Bonnet|Sucker Punch|p1b: blast\n|-activate|p1b: blast|move: Psychic Terrain\n|move|p1a: Dusclops|Night Shade|p2b: Brute Bonnet\n|-damage|p2b: Brute Bonnet|77\/100\n|move|p2a: Ursaluna|Hyper Voice|p1a: Dusclops|[spread] p1a,p1b\n|-damage|p1a: Dusclops|50\/100\n|-damage|p1b: blast|51\/100\n|-damage|p2a: Ursaluna|80\/100|[from] item: Life Orb\n|move|p1b: blast|Expanding Force|p2b: Brute Bonnet|[spread] p2a\n|-immune|p2b: Brute Bonnet\n|-damage|p2a: Ursaluna|0 fnt\n|faint|p2a: Ursaluna\n|-damage|p1b: blast|41\/100|[from] item: Life Orb\n|\n|-end|p1a: Dusclops|move: Taunt\n|-fieldend|move: Trick Room\n|-fieldend|move: Psychic Terrain\n|upkeep\n|\n|t:|1701028609\n|switch|p2a: Urshifu|Urshifu-Rapid-Strike, L50, F|94\/100 brn\n|turn|6\n|\n|t:|1701028627\n|switch|p1b: Indeedee|Indeedee-F, L50, F|64\/100 slp\n|-fieldstart|move: Psychic Terrain|[from] ability: Psychic Surge|[of] p1b: Indeedee\n|move|p2a: Urshifu|Close Combat|p1b: Indeedee\n|-damage|p1b: Indeedee|16\/100 slp\n|-unboost|p2a: Urshifu|def|1\n|-unboost|p2a: Urshifu|spd|1\n|move|p2b: Brute Bonnet|Spore|p1a: Dusclops\n|-status|p1a: Dusclops|slp|[from] move: Spore\n|cant|p1a: Dusclops|slp\n|\n|-damage|p2a: Urshifu|88\/100 brn|[from] brn\n|upkeep\n|turn|7\n|inactive|rochahn has 30 seconds left.\n|\n|t:|1701028653\n|move|p2a: Urshifu|Surging Strikes|p1a: Dusclops\n|-crit|p1a: Dusclops\n|-damage|p1a: Dusclops|42\/100 slp\n|-crit|p1a: Dusclops\n|-damage|p1a: Dusclops|35\/100 slp\n|-crit|p1a: Dusclops\n|-damage|p1a: Dusclops|26\/100 slp\n|-hitcount|p1a: Dusclops|3\n|cant|p1b: Indeedee|slp\n|move|p2b: Brute Bonnet|Pollen Puff|p1b: Indeedee\n|-supereffective|p1b: Indeedee\n|-damage|p1b: Indeedee|0 fnt\n|faint|p1b: Indeedee\n|cant|p1a: Dusclops|slp\n|\n|-damage|p2a: Urshifu|82\/100 brn|[from] brn\n|upkeep\n|\n|t:|1701028673\n|switch|p1b: blast|Armarouge, L50, F, tera:Grass|41\/100\n|turn|8\n|\n|t:|1701028698\n|move|p2a: Urshifu|Detect|p2a: Urshifu\n|-singleturn|p2a: Urshifu|Protect\n|move|p1b: blast|Expanding Force|p2b: Brute Bonnet|[spread] \n|-activate|p2a: Urshifu|move: Protect\n|-immune|p2b: Brute Bonnet\n|move|p2b: Brute Bonnet|Pollen Puff|p1b: blast\n|-supereffective|p1b: blast\n|-damage|p1b: blast|3\/100\n|cant|p1a: Dusclops|slp\n|\n|-damage|p2a: Urshifu|76\/100 brn|[from] brn\n|upkeep\n|turn|9\n|\n|t:|1701028716\n|switch|p1b: luna|Ursaluna-Bloodmoon, L50, M|100\/100\n|move|p2b: Brute Bonnet|Sucker Punch||[still]\n|-fail|p2b: Brute Bonnet\n|move|p2a: Urshifu|Surging Strikes|p1a: Dusclops\n|-crit|p1a: Dusclops\n|-damage|p1a: Dusclops|18\/100 slp\n|-crit|p1a: Dusclops\n|-damage|p1a: Dusclops|9\/100 slp\n|-crit|p1a: Dusclops\n|-damage|p1a: Dusclops|2\/100 slp\n|-hitcount|p1a: Dusclops|3\n|-curestatus|p1a: Dusclops|slp|[msg]\n|move|p1a: Dusclops|Trick Room|p1a: Dusclops\n|-fieldstart|move: Trick Room|[of] p1a: Dusclops\n|\n|-damage|p2a: Urshifu|70\/100 brn|[from] brn\n|upkeep\n|turn|10\n|\n|t:|1701028739\n|move|p2a: Urshifu|Detect|p2a: Urshifu\n|-singleturn|p2a: Urshifu|Protect\n|move|p1a: Dusclops|Will-O-Wisp|p2b: Brute Bonnet\n|-status|p2b: Brute Bonnet|brn\n|move|p1b: luna|Hyper Voice|p2b: Brute Bonnet|[spread] p2b\n|-activate|p2a: Urshifu|move: Protect\n|-enditem|p1b: luna|Normal Gem|[from] gem\n|-damage|p2b: Brute Bonnet|37\/100 brn\n|move|p2b: Brute Bonnet|Spore|p1b: luna\n|-status|p1b: luna|slp|[from] move: Spore\n|\n|-damage|p2b: Brute Bonnet|31\/100 brn|[from] brn\n|-damage|p2a: Urshifu|64\/100 brn|[from] brn\n|-fieldend|move: Psychic Terrain\n|upkeep\n|turn|11\n|\n|t:|1701028760\n|move|p1a: Dusclops|Night Shade|p2b: Brute Bonnet\n|-damage|p2b: Brute Bonnet|7\/100 brn\n|cant|p1b: luna|slp\n|move|p2b: Brute Bonnet|Pollen Puff|p1a: Dusclops\n|-resisted|p1a: Dusclops\n|-damage|p1a: Dusclops|0 fnt\n|faint|p1a: Dusclops\n|move|p2a: Urshifu|Surging Strikes|p1b: luna\n|-supereffective|p1b: luna\n|-crit|p1b: luna\n|-damage|p1b: luna|85\/100 slp\n|-supereffective|p1b: luna\n|-crit|p1b: luna\n|-damage|p1b: luna|67\/100 slp\n|-supereffective|p1b: luna\n|-crit|p1b: luna\n|-damage|p1b: luna|51\/100 slp\n|-hitcount|p1b: luna|3\n|\n|-damage|p2b: Brute Bonnet|1\/100 brn|[from] brn\n|-damage|p2a: Urshifu|58\/100 brn|[from] brn\n|upkeep\n|\n|t:|1701028777\n|switch|p1a: blast|Armarouge, L50, F, tera:Grass|3\/100\n|turn|12\n|\n|t:|1701028800\n|move|p1a: blast|Wide Guard|p1a: blast\n|-singleturn|p1a: blast|Wide Guard\n|move|p2b: Brute Bonnet|Sucker Punch||[still]\n|-fail|p2b: Brute Bonnet\n|cant|p1b: luna|slp\n|move|p2a: Urshifu|Surging Strikes|p1b: luna\n|-supereffective|p1b: luna\n|-crit|p1b: luna\n|-damage|p1b: luna|35\/100 slp\n|-supereffective|p1b: luna\n|-crit|p1b: luna\n|-damage|p1b: luna|18\/100 slp\n|-supereffective|p1b: luna\n|-crit|p1b: luna\n|-damage|p1b: luna|1\/100 slp\n|-hitcount|p1b: luna|3\n|\n|-damage|p2b: Brute Bonnet|0 fnt|[from] brn\n|faint|p2b: Brute Bonnet\n|-end|p2b: Brute Bonnet|Protosynthesis|[silent]\n|-damage|p2a: Urshifu|52\/100 brn|[from] brn\n|upkeep\n|\n|t:|1701028816\n|switch|p2b: Chi-Yu|Chi-Yu, L50|100\/100\n|-ability|p2b: Chi-Yu|Beads of Ruin\n|turn|13\n|\n|t:|1701028829\n|move|p2a: Urshifu|Detect|p2a: Urshifu\n|-singleturn|p2a: Urshifu|Protect\n|-curestatus|p1b: luna|slp|[msg]\n|move|p1b: luna|Earth Power|p2b: Chi-Yu\n|-supereffective|p2b: Chi-Yu\n|-damage|p2b: Chi-Yu|0 fnt\n|faint|p2b: Chi-Yu\n|move|p1a: blast|Expanding Force|p2a: Urshifu\n|-activate|p2a: Urshifu|move: Protect\n|\n|-damage|p2a: Urshifu|46\/100 brn|[from] brn\n|-fieldend|move: Trick Room\n|upkeep\n|turn|14\n|\n|t:|1701028852\n|-terastallize|p2a: Urshifu|Water\n|move|p2a: Urshifu|Surging Strikes|p1b: luna\n|-supereffective|p1b: luna\n|-crit|p1b: luna\n|-damage|p1b: luna|0 fnt\n|faint|p1b: luna\n|-hitcount|p1: luna|1\n|move|p1a: blast|Expanding Force|p2a: Urshifu\n|-damage|p2a: Urshifu|0 fnt\n|faint|p2a: Urshifu\n|-damage|p1a: blast|0 fnt|[from] item: Life Orb\n|faint|p1a: blast\n|\n|win|Bell george chae\n|raw|Bell george chae's rating: 1248 &rarr; <strong>1276<\/strong><br \/>(+28 for winning)\n|raw|rochahn's rating: 1294 &rarr; <strong>1266<\/strong><br \/>(-28 for losing)\n|l|\u2606rochahn\n","uploadtime":1701028874,"views":6,"p1id":"bellgeorgechae","p2id":"rochahn","formatid":"gen9vgc2023regulatione","rating":1266,"private":0,"password":""}