{"id":"gen9vgc2023regulatione-1996176492","p1":"Zaypher","p2":"Abused24","format":"[Gen 9] VGC 2023 Regulation E","log":"|j|\u2606Zaypher\n|j|\u2606Abused24\n|n|\u2606Zaypher|zaypher\n|n|\u2606Abused24|abused24\n|html|View the match progress at <a href=\"\/game-bestof3-gen9vgc2023regulatione-1996172785\">game-bestof3-gen9vgc2023regulatione-1996172785<\/a>\n|t:|1700655331\n|gametype|doubles\n|player|p1|Zaypher|waiter-gen4|\n|player|p2|Abused24|dawn|\n|teamsize|p1|6\n|teamsize|p2|6\n|gen|9\n|tier|[Gen 9] VGC 2023 Regulation E\n|rule|Species Clause: Limit one of each Pok\u00e9mon\n|rule|Item Clause: Limit one of each item\n|clearpoke\n|poke|p1|Maushold-Four, L50|\n|poke|p1|Dusclops, L50, M|\n|poke|p1|Ursaluna-Bloodmoon, L50, M|\n|poke|p1|Decidueye, L50, F|\n|poke|p1|Urshifu-*, L50, M|\n|poke|p1|Inteleon, L50, M|\n|poke|p2|Kingambit, L50, F|\n|poke|p2|Ogerpon-Wellspring, L50, F|\n|poke|p2|Murkrow, L50, M|\n|poke|p2|Fezandipiti, L50, M|\n|poke|p2|Tauros-Paldea-Blaze, L50, M|\n|poke|p2|Thwackey, L50, F|\n|teampreview|4\n|j| JabsGR\n|\n|t:|1700655368\n|start\n|switch|p1a: You Are In Love|Maushold-Four, L50|100\/100\n|switch|p1b: Say Don't Go|Dusclops, L50, M, shiny|100\/100\n|switch|p2a: Fezandipiti|Fezandipiti, L50, M|100\/100\n|switch|p2b: Thwackey|Thwackey, L50, F|100\/100\n|-fieldstart|move: Grassy Terrain|[from] ability: Grassy Surge|[of] p2b: Thwackey\n|-item|p2a: Fezandipiti|Sitrus Berry|[from] ability: Frisk|[of] p1b: Say Don't Go|[identify]\n|-item|p2b: Thwackey|Miracle Seed|[from] ability: Frisk|[of] p1b: Say Don't Go|[identify]\n|turn|1\n|c|\u2606Abused24|not the names HAHAHA\n|\n|t:|1700655399\n|move|p1a: You Are In Love|Protect|p1a: You Are In Love\n|-singleturn|p1a: You Are In Love|Protect\n|move|p2b: Thwackey|Fake Out|p1a: You Are In Love\n|-activate|p1a: You Are In Love|move: Protect\n|move|p2a: Fezandipiti|Nasty Plot|p2a: Fezandipiti\n|-boost|p2a: Fezandipiti|spa|2\n|move|p1b: Say Don't Go|Will-O-Wisp|p2b: Thwackey\n|-status|p2b: Thwackey|brn\n|\n|-damage|p2b: Thwackey|95\/100 brn|[from] brn\n|upkeep\n|turn|2\n|\n|t:|1700655425\n|move|p2a: Fezandipiti|Protect|p2a: Fezandipiti\n|-singleturn|p2a: Fezandipiti|Protect\n|move|p1a: You Are In Love|Population Bomb|p2a: Fezandipiti\n|-activate|p2a: Fezandipiti|move: Protect\n|move|p2b: Thwackey|Wood Hammer|p1a: You Are In Love\n|-damage|p1a: You Are In Love|34\/100\n|-damage|p2b: Thwackey|73\/100 brn|[from] Recoil\n|move|p1b: Say Don't Go|Trick Room|p1b: Say Don't Go\n|-fieldstart|move: Trick Room|[of] p1b: Say Don't Go\n|\n|-heal|p2b: Thwackey|79\/100 brn|[from] Grassy Terrain\n|-heal|p1a: You Are In Love|40\/100|[from] Grassy Terrain\n|-damage|p2b: Thwackey|73\/100 brn|[from] brn\n|upkeep\n|turn|3\n|\n|t:|1700655442\n|-terastallize|p2a: Fezandipiti|Fairy\n|move|p2b: Thwackey|Grassy Glide|p1a: You Are In Love\n|-crit|p1a: You Are In Love\n|-damage|p1a: You Are In Love|0 fnt\n|faint|p1a: You Are In Love\n|move|p1b: Say Don't Go|Night Shade|p2a: Fezandipiti\n|-damage|p2a: Fezandipiti|72\/100\n|move|p2a: Fezandipiti|Dazzling Gleam|p1b: Say Don't Go\n|-damage|p1b: Say Don't Go|56\/100\n|\n|-heal|p1b: Say Don't Go|62\/100|[from] Grassy Terrain\n|-heal|p2b: Thwackey|79\/100 brn|[from] Grassy Terrain\n|-heal|p2a: Fezandipiti|79\/100|[from] Grassy Terrain\n|-damage|p2b: Thwackey|73\/100 brn|[from] brn\n|upkeep\n|\n|t:|1700655447\n|switch|p1a: Is It Over Now?|Ursaluna-Bloodmoon, L50, M|100\/100\n|turn|4\n|\n|t:|1700655489\n|-terastallize|p1a: Is It Over Now?|Fighting\n|move|p2a: Fezandipiti|Protect|p2a: Fezandipiti\n|-singleturn|p2a: Fezandipiti|Protect\n|move|p2b: Thwackey|Grassy Glide|p1a: Is It Over Now?\n|-damage|p1a: Is It Over Now?|86\/100\n|move|p1b: Say Don't Go|Night Shade|p2b: Thwackey\n|-damage|p2b: Thwackey|41\/100 brn\n|move|p1a: Is It Over Now?|Tera Blast|p2b: Thwackey|[anim] Tera Blast Fighting\n|-damage|p2b: Thwackey|0 fnt\n|faint|p2b: Thwackey\n|-damage|p1a: Is It Over Now?|76\/100|[from] item: Life Orb\n|\n|-heal|p1b: Say Don't Go|68\/100|[from] Grassy Terrain\n|-heal|p1a: Is It Over Now?|82\/100|[from] Grassy Terrain\n|-heal|p2a: Fezandipiti|85\/100|[from] Grassy Terrain\n|upkeep\n|\n|t:|1700655515\n|switch|p2b: Ogerpon|Ogerpon-Wellspring, L50, F|100\/100\n|turn|5\n|\n|t:|1700655539\n|move|p2b: Ogerpon|Follow Me|p2b: Ogerpon\n|-singleturn|p2b: Ogerpon|move: Follow Me\n|move|p1b: Say Don't Go|Night Shade|p2b: Ogerpon\n|-damage|p2b: Ogerpon|74\/100\n|move|p1a: Is It Over Now?|Blood Moon|p2b: Ogerpon\n|-damage|p2b: Ogerpon|0 fnt\n|faint|p2b: Ogerpon\n|-damage|p1a: Is It Over Now?|72\/100|[from] item: Life Orb\n|move|p2a: Fezandipiti|Dazzling Gleam|p1a: Is It Over Now?|[spread] p1a,p1b\n|-supereffective|p1a: Is It Over Now?\n|-crit|p1b: Say Don't Go\n|-damage|p1a: Is It Over Now?|0 fnt\n|-damage|p1b: Say Don't Go|18\/100\n|faint|p1a: Is It Over Now?\n|\n|-heal|p1b: Say Don't Go|24\/100|[from] Grassy Terrain\n|-heal|p2a: Fezandipiti|91\/100|[from] Grassy Terrain\n|-fieldend|move: Grassy Terrain\n|upkeep\n|\n|t:|1700655555\n|switch|p1a: I Wish You Would|Urshifu, L50, M|100\/100\n|switch|p2b: Tauros|Tauros-Paldea-Blaze, L50, M|100\/100\n|-ability|p2b: Tauros|Intimidate|boost\n|-fail|p1a: I Wish You Would|unboost|[from] item: Clear Amulet|[of] p1a: I Wish You Would\n|-unboost|p1b: Say Don't Go|atk|1\n|turn|6\n|c|\u2606Zaypher|gg\n|\n|t:|1700655579\n|move|p1b: Say Don't Go|Night Shade|p2a: Fezandipiti\n|-damage|p2a: Fezandipiti|63\/100\n|move|p1a: I Wish You Would|Drain Punch|p2b: Tauros\n|-damage|p2b: Tauros|53\/100\n|move|p2a: Fezandipiti|Dazzling Gleam|p1b: Say Don't Go|[spread] p1a,p1b\n|-supereffective|p1a: I Wish You Would\n|-crit|p1b: Say Don't Go\n|-damage|p1a: I Wish You Would|0 fnt\n|-damage|p1b: Say Don't Go|0 fnt\n|faint|p1a: I Wish You Would\n|faint|p1b: Say Don't Go\n|\n|win|Abused24\n|c|&|\/uhtml prompt-zaypher,Zaypher is ready for game 3!\n|c|\u2606Abused24|gg\n|c|&|\/uhtml prompt-zaypher,Zaypher is ready for game 3!\n|inactive|Abused24 has 50 seconds to confirm battle start!\n|c|&|\/uhtml prompt-abused24,Abused24 is ready for game 3!\nBoth players are ready! Starting next match!\n|l|\u2606Zaypher\n|l| JabsGR\n","uploadtime":1700656071,"views":0,"p1id":"zaypher","p2id":"abused24","formatid":"gen9vgc2023regulatione","rating":0,"private":0,"password":""}