{"id":"gen9vgc2023regulatione-1999924759","p1":"Wokka1234","p2":"RaidSpinel","format":"[Gen 9] VGC 2023 Regulation E","log":"|j|\u2606Wokka1234\n|j|\u2606RaidSpinel\n|t:|1701130711\n|gametype|doubles\n|player|p1|Wokka1234|riley|1263\n|player|p2|RaidSpinel|hilda|1255\n|teamsize|p1|6\n|teamsize|p2|6\n|gen|9\n|tier|[Gen 9] VGC 2023 Regulation E\n|rated|\n|rule|Species Clause: Limit one of each Pok\u00e9mon\n|rule|Item Clause: Limit one of each item\n|clearpoke\n|poke|p1|Tornadus, L50, M|\n|poke|p1|Rillaboom, L50, M|\n|poke|p1|Urshifu-*, L50, F|\n|poke|p1|Flutter Mane, L50|\n|poke|p1|Iron Hands, L50|\n|poke|p1|Heatran, L50, F|\n|poke|p2|Chien-Pao, L50|\n|poke|p2|Dragonite, L50, M|\n|poke|p2|Flutter Mane, L50|\n|poke|p2|Amoonguss, L50, F|\n|poke|p2|Arcanine-Hisui, L50, F|\n|poke|p2|Ogerpon-Wellspring, L50, F|\n|teampreview|4\n|inactive|Battle timer is ON: inactive players will automatically lose when time's up. (requested by Wokka1234)\n|\n|t:|1701130760\n|start\n|switch|p1a: Flutter Mane|Flutter Mane, L50, shiny|100\/100\n|switch|p1b: Urshifu|Urshifu-Rapid-Strike, L50, F|100\/100\n|switch|p2a: Amoonguss|Amoonguss, L50, F|100\/100\n|switch|p2b: Ogerpon|Ogerpon-Wellspring, L50, F|100\/100\n|turn|1\n|inactive|RaidSpinel has 30 seconds left.\n|\n|t:|1701130789\n|move|p1b: Urshifu|Protect|p1b: Urshifu\n|-singleturn|p1b: Urshifu|Protect\n|move|p2b: Ogerpon|Spiky Shield|p2b: Ogerpon\n|-singleturn|p2b: Ogerpon|move: Protect\n|move|p1a: Flutter Mane|Icy Wind|p2a: Amoonguss|[spread] p2a\n|-activate|p2b: Ogerpon|move: Protect\n|-supereffective|p2a: Amoonguss\n|-damage|p2a: Amoonguss|80\/100\n|-unboost|p2a: Amoonguss|spe|1\n|move|p2a: Amoonguss|Spore|p1a: Flutter Mane\n|-status|p1a: Flutter Mane|slp|[from] move: Spore\n|\n|upkeep\n|turn|2\n|inactive|RaidSpinel has 30 seconds left.\n|\n|t:|1701130821\n|switch|p1b: Rillaboom|Rillaboom, L50, M, shiny|100\/100\n|-fieldstart|move: Grassy Terrain|[from] ability: Grassy Surge|[of] p1b: Rillaboom\n|-end|p1a: Flutter Mane|Protosynthesis|[silent]\n|switch|p1a: Tornadus|Tornadus, L50, M, shiny|100\/100\n|move|p2b: Ogerpon|Swords Dance|p2b: Ogerpon\n|-boost|p2b: Ogerpon|atk|2\n|move|p2a: Amoonguss|Spore|p1b: Rillaboom\n|-immune|p1b: Rillaboom\n|\n|-heal|p2a: Amoonguss|85\/100|[from] Grassy Terrain\n|upkeep\n|turn|3\n|\n|t:|1701130844\n|switch|p2a: Arcanine|Arcanine-Hisui, L50, F|100\/100\n|-ability|p2a: Arcanine|Intimidate|boost\n|-unboost|p1a: Tornadus|atk|1\n|-unboost|p1b: Rillaboom|atk|1\n|move|p2b: Ogerpon|Spiky Shield|p2b: Ogerpon\n|-singleturn|p2b: Ogerpon|move: Protect\n|move|p1b: Rillaboom|Grassy Glide|p2b: Ogerpon\n|-activate|p2b: Ogerpon|move: Protect\n|-damage|p1b: Rillaboom|88\/100|[from] Spiky Shield|[of] p2b: Ogerpon\n|move|p1a: Tornadus|Bleakwind Storm|p2a: Arcanine|[spread] p2a\n|-activate|p2b: Ogerpon|move: Protect\n|-resisted|p2a: Arcanine\n|-damage|p2a: Arcanine|88\/100\n|\n|-heal|p2a: Arcanine|94\/100|[from] Grassy Terrain\n|-heal|p1b: Rillaboom|94\/100|[from] Grassy Terrain\n|upkeep\n|turn|4\n|inactive|Wokka1234 has 30 seconds left.\n|inactive|RaidSpinel has 30 seconds left.\n|inactive|Wokka1234 has 20 seconds left.\n|inactive|RaidSpinel has 20 seconds left.\n|inactive|Wokka1234 has 15 seconds left.\n|inactive|Wokka1234 has 10 seconds left.\n|inactive|Wokka1234 has 5 seconds left.\n|\n|t:|1701130899\n|move|p1b: Rillaboom|Grassy Glide|p2b: Ogerpon\n|-damage|p2b: Ogerpon|70\/100\n|move|p1a: Tornadus|Bleakwind Storm|p2b: Ogerpon|[spread] p2b\n|-miss|p1a: Tornadus|p2a: Arcanine\n|-supereffective|p2b: Ogerpon\n|-damage|p2b: Ogerpon|0 fnt\n|faint|p2b: Ogerpon\n|move|p2a: Arcanine|Flare Blitz|p1b: Rillaboom\n|-supereffective|p1b: Rillaboom\n|-damage|p1b: Rillaboom|0 fnt\n|faint|p1b: Rillaboom\n|-damage|p2a: Arcanine|61\/100|[from] Recoil\n|\n|-heal|p2a: Arcanine|67\/100|[from] Grassy Terrain\n|upkeep\n|\n|t:|1701130918\n|switch|p2b: Chien-Pao|Chien-Pao, L50|100\/100\n|switch|p1b: Urshifu|Urshifu-Rapid-Strike, L50, F|100\/100\n|-ability|p2b: Chien-Pao|Sword of Ruin\n|turn|5\n|inactive|RaidSpinel has 30 seconds left.\n|inactive|RaidSpinel has 20 seconds left.\n|inactive|RaidSpinel has 15 seconds left.\n|inactive|RaidSpinel has 10 seconds left.\n|\n|t:|1701130968\n|-terastallize|p1b: Urshifu|Ghost\n|move|p1a: Tornadus|Tailwind|p1a: Tornadus\n|-sidestart|p1: Wokka1234|move: Tailwind\n|move|p1b: Urshifu|Surging Strikes|p2a: Arcanine\n|-supereffective|p2a: Arcanine\n|-crit|p2a: Arcanine\n|-damage|p2a: Arcanine|0 fnt\n|faint|p2a: Arcanine\n|-hitcount|p2: Arcanine|1\n|move|p2b: Chien-Pao|Ice Spinner|p1a: Tornadus\n|-supereffective|p1a: Tornadus\n|-damage|p1a: Tornadus|0 fnt\n|-fieldend|move: Grassy Terrain\n|faint|p1a: Tornadus\n|\n|upkeep\n|\n|t:|1701130982\n|switch|p1a: Flutter Mane|Flutter Mane, L50, shiny|100\/100 slp\n|switch|p2a: Amoonguss|Amoonguss, L50, F|100\/100\n|turn|6\n|\n|t:|1701130997\n|move|p2b: Chien-Pao|Sucker Punch|p1b: Urshifu\n|-supereffective|p1b: Urshifu\n|-damage|p1b: Urshifu|7\/100\n|move|p1b: Urshifu|Surging Strikes|p2b: Chien-Pao\n|-crit|p2b: Chien-Pao\n|-damage|p2b: Chien-Pao|69\/100\n|-crit|p2b: Chien-Pao\n|-damage|p2b: Chien-Pao|34\/100\n|-crit|p2b: Chien-Pao\n|-damage|p2b: Chien-Pao|2\/100\n|-hitcount|p2b: Chien-Pao|3\n|cant|p1a: Flutter Mane|slp\n|move|p2a: Amoonguss|Spore|p1b: Urshifu\n|-status|p1b: Urshifu|slp|[from] move: Spore\n|\n|upkeep\n|turn|7\n|inactive|RaidSpinel has 30 seconds left.\n|\n|t:|1701131024\n|cant|p1b: Urshifu|slp\n|-curestatus|p1a: Flutter Mane|slp|[msg]\n|move|p1a: Flutter Mane|Dazzling Gleam|p2a: Amoonguss|[spread] p2a,p2b\n|-resisted|p2a: Amoonguss\n|-supereffective|p2b: Chien-Pao\n|-crit|p2b: Chien-Pao\n|-damage|p2a: Amoonguss|90\/100\n|-damage|p2b: Chien-Pao|0 fnt\n|faint|p2b: Chien-Pao\n|move|p2a: Amoonguss|Sludge Bomb|p1b: Urshifu\n|-resisted|p1b: Urshifu\n|-damage|p1b: Urshifu|0 fnt\n|faint|p1b: Urshifu\n|\n|upkeep\n|turn|8\n|\n|t:|1701131039\n|move|p1a: Flutter Mane|Icy Wind|p2a: Amoonguss\n|-supereffective|p2a: Amoonguss\n|-damage|p2a: Amoonguss|64\/100\n|-unboost|p2a: Amoonguss|spe|1\n|move|p2a: Amoonguss|Spore|p1a: Flutter Mane\n|-status|p1a: Flutter Mane|slp|[from] move: Spore\n|\n|-sideend|p1: Wokka1234|move: Tailwind\n|upkeep\n|turn|9\n|\n|t:|1701131050\n|cant|p1a: Flutter Mane|slp\n|move|p2a: Amoonguss|Sludge Bomb|p1a: Flutter Mane\n|-damage|p1a: Flutter Mane|68\/100 slp\n|\n|upkeep\n|turn|10\n|\n|t:|1701131064\n|cant|p1a: Flutter Mane|slp\n|move|p2a: Amoonguss|Sludge Bomb|p1a: Flutter Mane\n|-damage|p1a: Flutter Mane|38\/100 slp\n|\n|upkeep\n|turn|11\n|\n|t:|1701131072\n|cant|p1a: Flutter Mane|slp\n|move|p2a: Amoonguss|Spore|p1a: Flutter Mane\n|-fail|p1a: Flutter Mane|slp\n|\n|upkeep\n|turn|12\n|\n|t:|1701131078\n|-curestatus|p1a: Flutter Mane|slp|[msg]\n|move|p1a: Flutter Mane|Shadow Ball|p2a: Amoonguss\n|-damage|p2a: Amoonguss|35\/100\n|move|p2a: Amoonguss|Spore|p1a: Flutter Mane\n|-status|p1a: Flutter Mane|slp|[from] move: Spore\n|\n|upkeep\n|turn|13\n|\n|t:|1701131087\n|cant|p1a: Flutter Mane|slp\n|move|p2a: Amoonguss|Sludge Bomb|p1a: Flutter Mane\n|-damage|p1a: Flutter Mane|10\/100 slp\n|\n|upkeep\n|turn|14\n|\n|t:|1701131099\n|cant|p1a: Flutter Mane|slp\n|move|p2a: Amoonguss|Sludge Bomb|p1a: Flutter Mane\n|-damage|p1a: Flutter Mane|0 fnt\n|faint|p1a: Flutter Mane\n|-end|p1a: Flutter Mane|Protosynthesis|[silent]\n|\n|win|RaidSpinel\n|raw|Wokka1234's rating: 1263 &rarr; <strong>1237<\/strong><br \/>(-26 for losing)\n|raw|RaidSpinel's rating: 1255 &rarr; <strong>1281<\/strong><br \/>(+26 for winning)\n|l|\u2606Wokka1234\n|c|\u2606RaidSpinel|Gg\n","uploadtime":1701131149,"views":16,"p1id":"wokka1234","p2id":"raidspinel","formatid":"gen9vgc2023regulatione","rating":1237,"private":0,"password":""}