{"id":"gen9vgc2023regulatione-1998451913","p1":"Lucky Pikachu 007","p2":"Juanber13","format":"[Gen 9] VGC 2023 Regulation E","log":"|j|\u2606Lucky Pikachu 007\n|j|\u2606Juanber13\n|t:|1700943855\n|gametype|doubles\n|player|p1|Lucky Pikachu 007|hilbert-wonderlauncher|1081\n|player|p2|Juanber13|169|1053\n|teamsize|p1|6\n|teamsize|p2|6\n|gen|9\n|tier|[Gen 9] VGC 2023 Regulation E\n|rated|\n|rule|Species Clause: Limit one of each Pok\u00e9mon\n|rule|Item Clause: Limit one of each item\n|clearpoke\n|poke|p1|Chesnaught, L50, M|\n|poke|p1|Kommo-o, L50, M|\n|poke|p1|Sinistcha-Masterpiece, L50|\n|poke|p1|Iron Hands, L50|\n|poke|p1|Landorus-Therian, L50, M|\n|poke|p1|Clefairy, L50, F|\n|poke|p2|Lilligant-Hisui, L50, F|\n|poke|p2|Torkoal, L50, M|\n|poke|p2|Tinkaton, L50, F|\n|poke|p2|Goodra, L50, F|\n|poke|p2|Ogerpon-Hearthflame, L50, F|\n|poke|p2|Clefable, L50, F|\n|teampreview|4\n|l|\u2606Juanber13\n|player|p2|\n|j|\u2606Juanber13\n|player|p2|Juanber13|169\n|\n|t:|1700943891\n|start\n|switch|p1a: Hector|Chesnaught, L50, M, shiny|100\/100\n|switch|p1b: Petit Angel|Clefairy, L50, F|100\/100\n|switch|p2a: Ogerpon|Ogerpon-Hearthflame, L50, F|100\/100\n|switch|p2b: Tinkaton|Tinkaton, L50, F|100\/100\n|-ability|p2a: Ogerpon|Mold Breaker\n|turn|1\n|\n|t:|1700943951\n|move|p1a: Hector|Spiky Shield|p1a: Hector\n|-singleturn|p1a: Hector|move: Protect\n|move|p1b: Petit Angel|Protect|p1b: Petit Angel\n|-singleturn|p1b: Petit Angel|Protect\n|move|p2b: Tinkaton|Fake Out|p1b: Petit Angel\n|-activate|p1b: Petit Angel|move: Protect\n|move|p2a: Ogerpon|Ivy Cudgel|p1a: Hector|[anim] Ivy Cudgel Fire\n|-activate|p1a: Hector|move: Protect\n|\n|upkeep\n|turn|2\n|\n|t:|1700943974\n|-terastallize|p1a: Hector|Water\n|move|p1b: Petit Angel|Follow Me|p1b: Petit Angel\n|-singleturn|p1b: Petit Angel|move: Follow Me\n|move|p2a: Ogerpon|Ivy Cudgel|p1b: Petit Angel|[anim] Ivy Cudgel Fire\n|-damage|p1b: Petit Angel|44\/100\n|move|p2b: Tinkaton|Gigaton Hammer|p1b: Petit Angel\n|-supereffective|p1b: Petit Angel\n|-damage|p1b: Petit Angel|0 fnt\n|faint|p1b: Petit Angel\n|-damage|p2b: Tinkaton|91\/100|[from] item: Life Orb\n|move|p1a: Hector|Belly Drum|p1a: Hector\n|-damage|p1a: Hector|50\/100\n|-setboost|p1a: Hector|atk|6|[from] move: Belly Drum\n|-enditem|p1a: Hector|Sitrus Berry|[eat]\n|-heal|p1a: Hector|75\/100|[from] item: Sitrus Berry\n|\n|upkeep\n|\n|t:|1700943993\n|switch|p1b: White Jade|Sinistcha-Masterpiece, L50|100\/100\n|-heal|p1a: Hector|100\/100|[from] ability: Hospitality|[of] p1b: White Jade\n|turn|3\n|\n|t:|1700944040\n|move|p2b: Tinkaton|Protect|p2b: Tinkaton\n|-singleturn|p2b: Tinkaton|Protect\n|move|p1a: Hector|Spiky Shield|p1a: Hector\n|-singleturn|p1a: Hector|move: Protect\n|move|p2a: Ogerpon|Horn Leech|p1a: Hector\n|-activate|p1a: Hector|move: Protect\n|-damage|p2a: Ogerpon|88\/100|[from] Spiky Shield|[of] p1a: Hector\n|move|p1b: White Jade|Trick Room|p1b: White Jade\n|-fieldstart|move: Trick Room|[of] p1b: White Jade\n|\n|upkeep\n|turn|4\n|\n|t:|1700944081\n|move|p2a: Ogerpon|Spiky Shield|p2a: Ogerpon\n|-singleturn|p2a: Ogerpon|move: Protect\n|move|p1b: White Jade|Matcha Gotcha|p2b: Tinkaton|[spread] p2b\n|-activate|p2a: Ogerpon|move: Protect\n|-resisted|p2b: Tinkaton\n|-crit|p2b: Tinkaton\n|-damage|p2b: Tinkaton|71\/100\n|move|p1a: Hector|Drain Punch|p2a: Ogerpon\n|-activate|p2a: Ogerpon|move: Protect\n|-damage|p1a: Hector|88\/100|[from] Spiky Shield|[of] p2a: Ogerpon\n|move|p2b: Tinkaton|Gigaton Hammer|p1a: Hector\n|-resisted|p1a: Hector\n|-damage|p1a: Hector|53\/100\n|-damage|p2b: Tinkaton|61\/100|[from] item: Life Orb\n|\n|upkeep\n|turn|5\n|\n|t:|1700944160\n|move|p2b: Tinkaton|Protect|p2b: Tinkaton\n|-singleturn|p2b: Tinkaton|Protect\n|move|p1b: White Jade|Rage Powder|p1b: White Jade\n|-singleturn|p1b: White Jade|move: Rage Powder\n|move|p1a: Hector|Drain Punch|p2a: Ogerpon\n|-damage|p2a: Ogerpon|0 fnt\n|-heal|p1a: Hector|94\/100|[from] drain|[of] p2a: Ogerpon\n|faint|p2a: Ogerpon\n|\n|upkeep\n|\n|t:|1700944182\n|switch|p2a: Torkoal|Torkoal, L50, M|100\/100\n|-weather|SunnyDay|[from] ability: Drought|[of] p2a: Torkoal\n|turn|6\n|\n|t:|1700944204\n|switch|p1b: Heavy|Iron Hands, L50|100\/100\n|move|p2a: Torkoal|Eruption|p1a: Hector|[spread] p1a,p1b\n|-resisted|p1a: Hector\n|-damage|p1a: Hector|58\/100\n|-damage|p1b: Heavy|64\/100\n|move|p1a: Hector|Drain Punch|p2a: Torkoal\n|-damage|p2a: Torkoal|2\/100\n|-heal|p1a: Hector|100\/100|[from] drain|[of] p2a: Torkoal\n|move|p2b: Tinkaton|Play Rough|p1a: Hector\n|-damage|p1a: Hector|58\/100\n|-unboost|p1a: Hector|atk|1\n|-damage|p2b: Tinkaton|51\/100|[from] item: Life Orb\n|\n|-weather|SunnyDay|[upkeep]\n|-heal|p2a: Torkoal|8\/100|[from] item: Leftovers\n|upkeep\n|turn|7\n|\n|t:|1700944243\n|move|p1a: Hector|Spiky Shield|p1a: Hector\n|-singleturn|p1a: Hector|move: Protect\n|move|p2b: Tinkaton|Protect|p2b: Tinkaton\n|-singleturn|p2b: Tinkaton|Protect\n|move|p1b: Heavy|Fake Out|p2a: Torkoal\n|-damage|p2a: Torkoal|0 fnt\n|faint|p2a: Torkoal\n|\n|-weather|SunnyDay|[upkeep]\n|-fieldend|move: Trick Room\n|upkeep\n|\n|t:|1700944255\n|switch|p2a: Lilligant|Lilligant-Hisui, L50, F|100\/100\n|turn|8\n|\n|t:|1700944281\n|-end|p1b: Heavy|Quark Drive|[silent]\n|switch|p1b: White Jade|Sinistcha-Masterpiece, L50|100\/100\n|-heal|p1a: Hector|83\/100|[from] ability: Hospitality|[of] p1b: White Jade\n|move|p2a: Lilligant|Solar Blade||[still]\n|-prepare|p2a: Lilligant|Solar Blade\n|-anim|p2a: Lilligant|Solar Blade|p1a: Hector\n|-supereffective|p1a: Hector\n|-damage|p1a: Hector|0 fnt\n|faint|p1a: Hector\n|move|p2b: Tinkaton|Play Rough|p1b: White Jade\n|-damage|p1b: White Jade|57\/100\n|-damage|p2b: Tinkaton|41\/100|[from] item: Life Orb\n|\n|-weather|SunnyDay|[upkeep]\n|-heal|p1b: White Jade|63\/100|[from] item: Leftovers\n|upkeep\n|\n|t:|1700944296\n|switch|p1a: Heavy|Iron Hands, L50|64\/100\n|turn|9\n|\n|t:|1700944320\n|move|p1a: Heavy|Fake Out|p2a: Lilligant\n|-damage|p2a: Lilligant|76\/100\n|cant|p2a: Lilligant|flinch\n|move|p2b: Tinkaton|Play Rough|p1a: Heavy\n|-supereffective|p1a: Heavy\n|-damage|p1a: Heavy|0 fnt\n|faint|p1a: Heavy\n|-end|p1a: Heavy|Quark Drive|[silent]\n|-damage|p2b: Tinkaton|32\/100|[from] item: Life Orb\n|move|p1b: White Jade|Trick Room|p1b: White Jade\n|-fieldstart|move: Trick Room|[of] p1b: White Jade\n|\n|-weather|SunnyDay|[upkeep]\n|-heal|p1b: White Jade|69\/100|[from] item: Leftovers\n|upkeep\n|turn|10\n|\n|t:|1700944395\n|-terastallize|p2b: Tinkaton|Steel\n|move|p1b: White Jade|Matcha Gotcha|p2a: Lilligant|[spread] p2a\n|-miss|p1b: White Jade|p2b: Tinkaton\n|-resisted|p2a: Lilligant\n|-damage|p2a: Lilligant|57\/100\n|-heal|p1b: White Jade|77\/100|[from] drain|[of] p2a: Lilligant\n|move|p2b: Tinkaton|Gigaton Hammer|p1b: White Jade\n|-damage|p1b: White Jade|0 fnt\n|faint|p1b: White Jade\n|-damage|p2b: Tinkaton|22\/100|[from] item: Life Orb\n|\n|win|Juanber13\n|raw|Lucky Pikachu 007's rating: 1081 &rarr; <strong>1057<\/strong><br \/>(-24 for losing)\n|raw|Juanber13's rating: 1053 &rarr; <strong>1088<\/strong><br \/>(+35 for winning)\n|l|\u2606Lucky Pikachu 007\n","uploadtime":1700944414,"views":7,"p1id":"luckypikachu007","p2id":"juanber13","formatid":"gen9vgc2023regulatione","rating":1057,"private":0,"password":""}