{"id":"gen9vgc2023regulatione-1988035071","p1":"PSmonteiro","p2":"DorititosKiller","format":"[Gen 9] VGC 2023 Regulation E","log":"|j|\u2606PSmonteiro\n|j|\u2606DorititosKiller\n|n|\u2606PSmonteiro|psmonteiro\n|n|\u2606DorititosKiller|dorititoskiller\n|html|View the match progress at <a href=\"\/game-bestof3-gen9vgc2023regulatione-1988035070\">game-bestof3-gen9vgc2023regulatione-1988035070<\/a>\n|t:|1699661658\n|gametype|doubles\n|player|p1|PSmonteiro|drayden|\n|player|p2|DorititosKiller|cyclist-gen4|\n|teamsize|p1|6\n|teamsize|p2|6\n|gen|9\n|tier|[Gen 9] VGC 2023 Regulation E\n|rule|Species Clause: Limit one of each Pok\u00e9mon\n|rule|Item Clause: Limit one of each item\n|clearpoke\n|poke|p1|Indeedee-F, L50, F|\n|poke|p1|Armarouge, L50, M|\n|poke|p1|Ursaluna, L50, F|\n|poke|p1|Glastrier, L50|\n|poke|p1|Kingambit, L50, F|\n|poke|p1|Sinistcha-Masterpiece, L50|\n|poke|p2|Overqwil, L50, M|\n|poke|p2|Bronzong, L50|\n|poke|p2|Salamence, L50, M|\n|poke|p2|Polteageist, L50|\n|poke|p2|Tauros-Paldea-Blaze, L50, M|\n|poke|p2|Politoed, L50, M|\n|teampreview|4\nDorititosKiller has agreed to open team sheets.\nPSmonteiro has agreed to open team sheets.\n|showteam|p1|Indeedee-F||Leftovers|PsychicSurge|TrickRoom,Psychic,FollowMe,HealPulse|||F|||50|,,,,,Steel]Armarouge||TwistedSpoon|FlashFire|AllySwitch,ExpandingForce,ArmorCannon,WideGuard|||M|||50|,,,,,Psychic]Ursaluna||FlameOrb|Guts|Protect,Facade,HeadlongRush,ShadowClaw|||F|||50|,,,,,Ghost]Glastrier||AssaultVest|ChillingNeigh|Avalanche,TeraBlast,StompingTantrum,CloseCombat||||||50|,,,,,Water]Kingambit||LifeOrb|Defiant|Protect,KowtowCleave,IronHead,SuckerPunch|||F|||50|,,,,,Dark]Sinistcha-Masterpiece||RedCard|Hospitality|TrickRoom,Scald,MatchaGotcha,StrengthSap||||||50|,,,,,Water\n|showteam|p2|Overqwil||PoisonBarb|SwiftSwim|Liquidation,BarbBarrage,ToxicSpikes,FellStinger|||M|||50|,,,,,Poison]Bronzong||RockyHelmet|Levitate|StealthRock,Earthquake,BodyPress,IronDefense||||||50|,,,,,Steel]Salamence||LumBerry|Moxie|DragonDance,Earthquake,DualWingbeat,Substitute|||M|||50|,,,,,Steel]Polteageist||WhiteHerb|WeakArmor|ShellSmash,Substitute,Psyshock,ShadowBall||||||50|,,,,,Ghost]Tauros-Paldea-Blaze||WeaknessPolicy|Intimidate|WildCharge,RagingBull,FlameCharge,LashOut|||M|||50|,,,,,Fire]Politoed||DampRock|Drizzle|EarthPower,IceBeam,WeatherBall,PerishSong|||M|||50|,,,,,Grass\n|j| bb_hachi8\n|c|\u2606DorititosKiller|BAO JOGOOOOOO =D =D =D\n|j| ShimeNaruka\n|j| lucasarreguy\n|c| lucasarreguy|podem come\u00e7ar\n|j| Rebornsan93\n|\n|t:|1699661775\n|start\n|switch|p1a: Kingambit|Kingambit, L50, F|100\/100\n|switch|p1b: Ursaluna|Ursaluna, L50, F|100\/100\n|switch|p2a: Diniz|Tauros-Paldea-Blaze, L50, M|100\/100\n|switch|p2b: Sinoval|Bronzong, L50, shiny|100\/100\n|-ability|p2a: Diniz|Intimidate|boost\n|-unboost|p1a: Kingambit|atk|1\n|-ability|p1a: Kingambit|Defiant|boost\n|-boost|p1a: Kingambit|atk|2\n|-unboost|p1b: Ursaluna|atk|1\n|turn|1\n|\n|t:|1699661859\n|-terastallize|p2b: Sinoval|Steel\n|move|p1b: Ursaluna|Protect|p1b: Ursaluna\n|-singleturn|p1b: Ursaluna|Protect\n|move|p1a: Kingambit|Protect|p1a: Kingambit\n|-singleturn|p1a: Kingambit|Protect\n|move|p2a: Diniz|Raging Bull|p1a: Kingambit\n|-activate|p1a: Kingambit|move: Protect\n|move|p2b: Sinoval|Body Press|p1a: Kingambit\n|-activate|p1a: Kingambit|move: Protect\n|\n|-status|p1b: Ursaluna|brn|[from] item: Flame Orb\n|upkeep\n|turn|2\n|\n|t:|1699661898\n|switch|p2a: Ch\u00e1 Tradicional|Polteageist, L50|100\/100\n|switch|p1a: Armarouge|Armarouge, L50, M|100\/100\n|-terastallize|p1b: Ursaluna|Ghost\n|move|p1b: Ursaluna|Headlong Rush|p2a: Ch\u00e1 Tradicional\n|-damage|p2a: Ch\u00e1 Tradicional|0 fnt\n|-unboost|p1b: Ursaluna|def|1\n|-unboost|p1b: Ursaluna|spd|1\n|faint|p2a: Ch\u00e1 Tradicional\n|move|p2b: Sinoval|Iron Defense|p2b: Sinoval\n|-boost|p2b: Sinoval|def|2\n|\n|-damage|p1b: Ursaluna|95\/100 brn|[from] brn\n|upkeep\n|j| Marcostap\n|\n|t:|1699661912\n|switch|p2a: Diniz|Tauros-Paldea-Blaze, L50, M|100\/100\n|-ability|p2a: Diniz|Intimidate|boost\n|-unboost|p1a: Armarouge|atk|1\n|-unboost|p1b: Ursaluna|atk|1\n|turn|3\n|j| Leon1das\n|j| lainshy\n|c| Marcostap|ps\n|c| Marcostap|reveja seus conceitos\n|c| Marcostap|tu n\u00e3o pode bater no diniz\n|\n|t:|1699661955\n|move|p1b: Ursaluna|Protect|p1b: Ursaluna\n|-singleturn|p1b: Ursaluna|Protect\n|move|p2a: Diniz|Raging Bull|p1b: Ursaluna\n|-activate|p1b: Ursaluna|move: Protect\n|move|p1a: Armarouge|Armor Cannon|p2b: Sinoval\n|-supereffective|p2b: Sinoval\n|-damage|p2b: Sinoval|3\/100\n|-unboost|p1a: Armarouge|def|1\n|-unboost|p1a: Armarouge|spd|1\n|move|p2b: Sinoval|Stealth Rock|p1b: Ursaluna\n|-sidestart|p1: PSmonteiro|move: Stealth Rock\n|\n|-damage|p1b: Ursaluna|89\/100 brn|[from] brn\n|upkeep\n|turn|4\n|c| Marcostap|ele te deu a libertadores\n|\n|t:|1699662002\n|move|p1a: Armarouge|Ally Switch|p1a: Armarouge\n|swap|p1a: Armarouge|1|[from] move: Ally Switch\n|move|p2a: Diniz|Lash Out|p1a: Ursaluna\n|-supereffective|p1a: Ursaluna\n|-damage|p1a: Ursaluna|39\/100 brn\n|move|p1a: Ursaluna|Headlong Rush|p2a: Diniz\n|-supereffective|p2a: Diniz\n|-damage|p2a: Diniz|0 fnt\n|-unboost|p1a: Ursaluna|def|1\n|-unboost|p1a: Ursaluna|spd|1\n|faint|p2a: Diniz\n|move|p2b: Sinoval|Iron Defense|p2b: Sinoval\n|-boost|p2b: Sinoval|def|2\n|\n|-damage|p1a: Ursaluna|33\/100 brn|[from] brn\n|upkeep\n|\n|t:|1699662015\n|switch|p2a: Salamesmo|Salamence, L50, M|100\/100\n|turn|5\n|\n|t:|1699662070\n|move|p1b: Armarouge|Wide Guard|p1b: Armarouge\n|-singleturn|p1b: Armarouge|Wide Guard\n|move|p2a: Salamesmo|Earthquake|p1a: Ursaluna|[spread] \n|-activate|p1a: Ursaluna|move: Wide Guard\n|-activate|p1b: Armarouge|move: Wide Guard\n|-immune|p2b: Sinoval|[from] ability: Levitate\n|move|p1a: Ursaluna|Facade|p2a: Salamesmo\n|-damage|p2a: Salamesmo|18\/100\n|move|p2b: Sinoval|Earthquake|p1a: Ursaluna|[spread] \n|-activate|p1a: Ursaluna|move: Wide Guard\n|-activate|p1b: Armarouge|move: Wide Guard\n|-immune|p2a: Salamesmo\n|\n|-damage|p1a: Ursaluna|27\/100 brn|[from] brn\n|upkeep\n|turn|6\n|\n|t:|1699662115\n|move|p2a: Salamesmo|Earthquake|p1b: Armarouge|[spread] p1a,p1b\n|-immune|p2b: Sinoval|[from] ability: Levitate\n|-supereffective|p1b: Armarouge\n|-damage|p1a: Ursaluna|0 fnt\n|-damage|p1b: Armarouge|24\/100\n|faint|p1a: Ursaluna\n|-ability|p2a: Salamesmo|Moxie|boost\n|-boost|p2a: Salamesmo|atk|1\n|move|p1b: Armarouge|Armor Cannon|p2b: Sinoval\n|-supereffective|p2b: Sinoval\n|-damage|p2b: Sinoval|0 fnt\n|-unboost|p1b: Armarouge|def|1\n|-unboost|p1b: Armarouge|spd|1\n|faint|p2b: Sinoval\n|\n|upkeep\n|\n|t:|1699662136\n|switch|p1a: Sinistcha|Sinistcha-Masterpiece, L50|100\/100\n|-damage|p1a: Sinistcha|88\/100|[from] Stealth Rock\n|-heal|p1b: Armarouge|49\/100|[from] ability: Hospitality|[of] p1a: Sinistcha\n|turn|7\n|\n|t:|1699662173\n|move|p2a: Salamesmo|Earthquake|p1a: Sinistcha|[spread] p1a,p1b\n|-resisted|p1a: Sinistcha\n|-supereffective|p1b: Armarouge\n|-damage|p1a: Sinistcha|69\/100\n|-damage|p1b: Armarouge|0 fnt\n|faint|p1b: Armarouge\n|-ability|p2a: Salamesmo|Moxie|boost\n|-boost|p2a: Salamesmo|atk|1\n|move|p1a: Sinistcha|Scald|p2a: Salamesmo\n|-resisted|p2a: Salamesmo\n|-damage|p2a: Salamesmo|0 fnt\n|faint|p2a: Salamesmo\n|\n|win|PSmonteiro\n|inactive|PSmonteiro has 50 seconds to confirm battle start!\n|inactive|DorititosKiller has 50 seconds to confirm battle start!\n|c|&|\/uhtml prompt-dorititoskiller,DorititosKiller is ready for game 2!\n|c|\u2606DorititosKiller|jORANNNN\n|c|&|\/uhtml prompt-dorititoskiller,DorititosKiller is ready for game 2!\n|inactive|PSmonteiro has 40 seconds to confirm battle start!\n|c|&|\/uhtml prompt-dorititoskiller,DorititosKiller is ready for game 2!\n|c|&|\/uhtml prompt-psmonteiro,PSmonteiro is ready for game 2!\nBoth players are ready! Starting next match!\n|l| bb_hachi8\n","uploadtime":1699662249,"views":13,"p1id":"psmonteiro","p2id":"dorititoskiller","formatid":"gen9vgc2023regulatione","rating":0,"private":0,"password":""}