{"id":"gen9vgc2023regulatione-1994726678","p1":"Mortipherus","p2":"scrapsorra","format":"[Gen 9] VGC 2023 Regulation E","log":"|j|\u2606Mortipherus\n|j|\u2606scrapsorra\n|t:|1700486278\n|gametype|doubles\n|player|p1|Mortipherus|biker-gen4|1305\n|player|p2|scrapsorra|ghetsis-gen5bw|1398\n|teamsize|p1|6\n|teamsize|p2|6\n|gen|9\n|tier|[Gen 9] VGC 2023 Regulation E\n|rated|\n|rule|Species Clause: Limit one of each Pok\u00e9mon\n|rule|Item Clause: Limit one of each item\n|clearpoke\n|poke|p1|Ursaluna-Bloodmoon, L50, M|\n|poke|p1|Iron Hands, L50|\n|poke|p1|Flutter Mane, L50|\n|poke|p1|Ogerpon-Cornerstone, L50, F|\n|poke|p1|Farigiraf, L50, M|\n|poke|p1|Urshifu-*, L50, F|\n|poke|p2|Delphox, L50, F|\n|poke|p2|Ogerpon-Wellspring, L50, F|\n|poke|p2|Farigiraf, L50, F|\n|poke|p2|Arcanine-Hisui, L50, M|\n|poke|p2|Rillaboom, L50, M|\n|poke|p2|Murkrow, L50, M|\n|teampreview|4\n|inactive|Battle timer is ON: inactive players will automatically lose when time's up. (requested by Mortipherus)\nMortipherus has agreed to open team sheets.\nscrapsorra has agreed to open team sheets.\n|\n|t:|1700486324\n|start\n|switch|p1a: Ogerpon|Ogerpon-Cornerstone, L50, F|100\/100\n|switch|p1b: Farigiraf|Farigiraf, L50, M|100\/100\n|switch|p2a: Indigo|Delphox, L50, F, shiny|100\/100\n|switch|p2b: Danny|Arcanine-Hisui, L50, M|100\/100\n|-ability|p2b: Danny|Intimidate|boost\n|-unboost|p1a: Ogerpon|atk|1\n|-unboost|p1b: Farigiraf|atk|1\n|turn|1\n|\n|t:|1700486342\n|move|p2a: Indigo|Heat Wave|p1a: Ogerpon|[spread] p1a,p1b\n|-damage|p1a: Ogerpon|76\/100\n|-damage|p1b: Farigiraf|70\/100\n|move|p2b: Danny|Rock Slide|p1a: Ogerpon|[spread] p1a,p1b\n|-damage|p1a: Ogerpon|32\/100\n|-damage|p1b: Farigiraf|36\/100\n|-enditem|p1b: Farigiraf|Sitrus Berry|[eat]\n|-heal|p1b: Farigiraf|61\/100|[from] item: Sitrus Berry\n|move|p1a: Ogerpon|Ivy Cudgel|p2a: Indigo|[anim] Ivy Cudgel Rock\n|-supereffective|p2a: Indigo\n|-damage|p2a: Indigo|8\/100\n|move|p1b: Farigiraf|Trick Room|p1b: Farigiraf\n|-fieldstart|move: Trick Room|[of] p1b: Farigiraf\n|\n|upkeep\n|turn|2\n|\n|t:|1700486363\n|move|p1b: Farigiraf|Dazzling Gleam|p2a: Indigo|[spread] p2a,p2b\n|-resisted|p2a: Indigo\n|-resisted|p2b: Danny\n|-damage|p2a: Indigo|0 fnt\n|-damage|p2b: Danny|90\/100\n|faint|p2a: Indigo\n|move|p1a: Ogerpon|Ivy Cudgel|p2b: Danny|[anim] Ivy Cudgel Rock\n|-supereffective|p2b: Danny\n|-damage|p2b: Danny|2\/100\n|move|p2b: Danny|Rock Slide|p1b: Farigiraf|[spread] p1b\n|-miss|p2b: Danny|p1a: Ogerpon\n|-damage|p1b: Farigiraf|27\/100\n|\n|upkeep\n|\n|t:|1700486373\n|switch|p2a: DK|Rillaboom, L50, M|100\/100\n|-fieldstart|move: Grassy Terrain|[from] ability: Grassy Surge|[of] p2a: DK\n|turn|3\n|\n|t:|1700486386\n|switch|p2b: Jenny-Belle|Farigiraf, L50, F, shiny|100\/100\n|move|p2a: DK|Fake Out||[still]\n|cant|p1b: Farigiraf|ability: Armor Tail|Fake Out|[of] p2a: DK\n|move|p1a: Ogerpon|Follow Me|p1a: Ogerpon\n|-singleturn|p1a: Ogerpon|move: Follow Me\n|move|p1b: Farigiraf|Dazzling Gleam|p2a: DK|[spread] p2a,p2b\n|-damage|p2a: DK|89\/100\n|-damage|p2b: Jenny-Belle|82\/100\n|\n|-heal|p2b: Jenny-Belle|89\/100|[from] Grassy Terrain\n|-heal|p1b: Farigiraf|33\/100|[from] Grassy Terrain\n|-heal|p2a: DK|95\/100|[from] Grassy Terrain\n|-heal|p1a: Ogerpon|38\/100|[from] Grassy Terrain\n|upkeep\n|turn|4\n|inactive|Mortipherus has 30 seconds left.\n|\n|t:|1700486413\n|move|p2b: Jenny-Belle|Dazzling Gleam|p1a: Ogerpon|[spread] p1a,p1b\n|-damage|p1a: Ogerpon|19\/100\n|-damage|p1b: Farigiraf|13\/100\n|move|p2a: DK|Knock Off|p1b: Farigiraf\n|-supereffective|p1b: Farigiraf\n|-damage|p1b: Farigiraf|0 fnt\n|faint|p1b: Farigiraf\n|move|p1a: Ogerpon|Ivy Cudgel|p2b: Jenny-Belle|[anim] Ivy Cudgel Rock\n|-damage|p2b: Jenny-Belle|49\/100\n|-enditem|p2b: Jenny-Belle|Sitrus Berry|[eat]\n|-heal|p2b: Jenny-Belle|74\/100|[from] item: Sitrus Berry\n|\n|-heal|p2b: Jenny-Belle|80\/100|[from] Grassy Terrain\n|-heal|p2a: DK|100\/100|[from] Grassy Terrain\n|-heal|p1a: Ogerpon|25\/100|[from] Grassy Terrain\n|upkeep\n|\n|t:|1700486417\n|switch|p1b: Ursaluna|Ursaluna-Bloodmoon, L50, M|100\/100\n|turn|5\n|\n|t:|1700486427\n|-terastallize|p1b: Ursaluna|Normal\n|move|p1a: Ogerpon|Follow Me|p1a: Ogerpon\n|-singleturn|p1a: Ogerpon|move: Follow Me\n|move|p2a: DK|Grassy Glide|p1a: Ogerpon\n|-damage|p1a: Ogerpon|0 fnt\n|faint|p1a: Ogerpon\n|move|p1b: Ursaluna|Hyper Voice|p2a: DK|[spread] p2a,p2b\n|-damage|p2a: DK|51\/100\n|-damage|p2b: Jenny-Belle|8\/100\n|-damage|p1b: Ursaluna|91\/100|[from] item: Life Orb\n|move|p2b: Jenny-Belle|Psychic|p1b: Ursaluna\n|-crit|p1b: Ursaluna\n|-damage|p1b: Ursaluna|18\/100\n|\n|-heal|p1b: Ursaluna|24\/100|[from] Grassy Terrain\n|-heal|p2b: Jenny-Belle|15\/100|[from] Grassy Terrain\n|-heal|p2a: DK|57\/100|[from] Grassy Terrain\n|-fieldend|move: Trick Room\n|upkeep\n|\n|t:|1700486446\n|switch|p1a: Iron Hands|Iron Hands, L50|100\/100\n|turn|6\n|\n|t:|1700486453\n|move|p1a: Iron Hands|Fake Out||[still]\n|cant|p2b: Jenny-Belle|ability: Armor Tail|Fake Out|[of] p1a: Iron Hands\n|move|p2a: DK|High Horsepower|p1a: Iron Hands\n|-supereffective|p1a: Iron Hands\n|-damage|p1a: Iron Hands|54\/100\n|move|p2b: Jenny-Belle|Dazzling Gleam|p1b: Ursaluna|[spread] p1a,p1b\n|-supereffective|p1a: Iron Hands\n|-damage|p1a: Iron Hands|34\/100\n|-damage|p1b: Ursaluna|2\/100\n|move|p1b: Ursaluna|Hyper Voice|p2b: Jenny-Belle|[spread] p2a,p2b\n|-damage|p2a: DK|2\/100\n|-damage|p2b: Jenny-Belle|0 fnt\n|faint|p2b: Jenny-Belle\n|-damage|p1b: Ursaluna|0 fnt|[from] item: Life Orb\n|faint|p1b: Ursaluna\n|\n|-heal|p2a: DK|8\/100|[from] Grassy Terrain\n|-heal|p1a: Iron Hands|39\/100|[from] Grassy Terrain\n|upkeep\n|\n|t:|1700486463\n|switch|p2b: Danny|Arcanine-Hisui, L50, M|2\/100\n|-ability|p2b: Danny|Intimidate|boost\n|-unboost|p1a: Iron Hands|atk|1\n|turn|7\n|\n|t:|1700486470\n|move|p2b: Danny|Extreme Speed|p1a: Iron Hands\n|-damage|p1a: Iron Hands|9\/100\n|move|p2a: DK|High Horsepower|p1a: Iron Hands\n|-supereffective|p1a: Iron Hands\n|-damage|p1a: Iron Hands|0 fnt\n|faint|p1a: Iron Hands\n|-end|p1a: Iron Hands|Quark Drive|[silent]\n|\n|win|scrapsorra\n|raw|Mortipherus's rating: 1305 &rarr; <strong>1290<\/strong><br \/>(-15 for losing)\n|raw|scrapsorra's rating: 1398 &rarr; <strong>1413<\/strong><br \/>(+15 for winning)\n|l|\u2606Mortipherus\n|l|\u2606scrapsorra\n|j|\u2606Mortipherus\n|player|p1|Mortipherus|biker-gen4\n","uploadtime":1700486490,"views":4,"p1id":"mortipherus","p2id":"scrapsorra","formatid":"gen9vgc2023regulatione","rating":1290,"private":0,"password":""}