{"id":"gen9vgc2023regulatione-1993729501","p1":"shuruko","p2":"tyl8","format":"[Gen 9] VGC 2023 Regulation E","log":"|j|\u2606shuruko\n|j|\u2606tyl8\n|t:|1700350360\n|gametype|doubles\n|player|p1|shuruko|170|1178\n|player|p2|tyl8|dawn|1260\n|teamsize|p1|6\n|teamsize|p2|6\n|gen|9\n|tier|[Gen 9] VGC 2023 Regulation E\n|rated|\n|rule|Species Clause: Limit one of each Pok\u00e9mon\n|rule|Item Clause: Limit one of each item\n|clearpoke\n|poke|p1|Lurantis, L50, M|\n|poke|p1|Grimmsnarl, L50, M|\n|poke|p1|Sinistcha-Masterpiece, L50|\n|poke|p1|Rillaboom, L50, F|\n|poke|p1|Murkrow, L50, M|\n|poke|p1|Flamigo, L50, M|\n|poke|p2|Spectrier, L50|\n|poke|p2|Grimmsnarl, L50, M|\n|poke|p2|Roaring Moon, L50|\n|poke|p2|Ogerpon-Wellspring, L50, F|\n|poke|p2|Heatran, L50, F|\n|poke|p2|Landorus-Therian, L50, M|\n|teampreview|4\n|inactive|Battle timer is ON: inactive players will automatically lose when time's up. (requested by tyl8)\n|\n|t:|1700350382\n|start\n|switch|p1a: Lurantis|Lurantis, L50, M|100\/100\n|switch|p1b: Grimmsnarl|Grimmsnarl, L50, M|100\/100\n|switch|p2a: Grimmsnarl|Grimmsnarl, L50, M, shiny|100\/100\n|switch|p2b: Spectrier|Spectrier, L50|100\/100\n|turn|1\n|\n|t:|1700350401\n|move|p1b: Grimmsnarl|Fake Out|p2a: Grimmsnarl\n|-damage|p2a: Grimmsnarl|88\/100\n|cant|p2a: Grimmsnarl|flinch\n|move|p2b: Spectrier|Nasty Plot|p2b: Spectrier\n|-boost|p2b: Spectrier|spa|2\n|move|p1a: Lurantis|Superpower|p2a: Grimmsnarl\n|-damage|p2a: Grimmsnarl|47\/100\n|-boost|p1a: Lurantis|atk|1\n|-boost|p1a: Lurantis|def|1\n|\n|upkeep\n|turn|2\n|\n|t:|1700350422\n|-terastallize|p1a: Lurantis|Fire\n|move|p1b: Grimmsnarl|Fake Tears|p1a: Lurantis\n|-boost|p1a: Lurantis|spd|2\n|move|p2a: Grimmsnarl|Reflect|p2a: Grimmsnarl\n|-sidestart|p2: tyl8|Reflect\n|move|p2b: Spectrier|Nasty Plot|p2b: Spectrier\n|-boost|p2b: Spectrier|spa|2\n|move|p1a: Lurantis|Knock Off|p2b: Spectrier\n|-supereffective|p2b: Spectrier\n|-damage|p2b: Spectrier|27\/100\n|-enditem|p2b: Spectrier|Leftovers|[from] move: Knock Off|[of] p1a: Lurantis\n|\n|upkeep\n|turn|3\n|\n|t:|1700350442\n|-terastallize|p2b: Spectrier|Fairy\n|move|p1b: Grimmsnarl|Fake Tears|p1a: Lurantis\n|-boost|p1a: Lurantis|spd|2\n|move|p2a: Grimmsnarl|Reflect||[still]\n|-fail|p2a: Grimmsnarl\n|move|p2b: Spectrier|Draining Kiss|p1b: Grimmsnarl\n|-supereffective|p1b: Grimmsnarl\n|-damage|p1b: Grimmsnarl|0 fnt\n|-heal|p2b: Spectrier|100\/100|[from] drain|[of] p1b: Grimmsnarl\n|faint|p1b: Grimmsnarl\n|-ability|p2b: Spectrier|Grim Neigh|boost\n|-boost|p2b: Spectrier|spa|1\n|move|p1a: Lurantis|Knock Off|p2b: Spectrier\n|-resisted|p2b: Spectrier\n|-damage|p2b: Spectrier|88\/100\n|\n|upkeep\n|\n|t:|1700350462\n|switch|p1b: Murkrow|Murkrow, L50, M|100\/100\n|turn|4\n|\n|t:|1700350477\n|move|p2a: Grimmsnarl|Light Screen|p2a: Grimmsnarl\n|-sidestart|p2: tyl8|move: Light Screen\n|move|p2b: Spectrier|Draining Kiss|p1b: Murkrow\n|-supereffective|p1b: Murkrow\n|-damage|p1b: Murkrow|0 fnt\n|-heal|p2b: Spectrier|100\/100|[from] drain|[of] p1b: Murkrow\n|faint|p1b: Murkrow\n|-ability|p2b: Spectrier|Grim Neigh|boost\n|-boost|p2b: Spectrier|spa|1\n|move|p1a: Lurantis|Superpower|p2b: Spectrier\n|-resisted|p2b: Spectrier\n|-damage|p2b: Spectrier|79\/100\n|-boost|p1a: Lurantis|atk|1\n|-boost|p1a: Lurantis|def|1\n|\n|upkeep\n|\n|t:|1700350491\n|switch|p1b: Sinistcha|Sinistcha-Masterpiece, L50, shiny|100\/100\n|turn|5\n|\n|t:|1700350501\n|move|p2a: Grimmsnarl|Parting Shot|p1b: Sinistcha\n|-unboost|p1b: Sinistcha|atk|1\n|-unboost|p1b: Sinistcha|spa|1\n|\n|t:|1700350509\n|switch|p2a: Roaring Moon|Roaring Moon, L50, shiny|100\/100|[from] Parting Shot\n|-enditem|p2a: Roaring Moon|Booster Energy\n|-activate|p2a: Roaring Moon|ability: Protosynthesis|[fromitem]\n|-start|p2a: Roaring Moon|protosynthesisspe\n|move|p2b: Spectrier|Draining Kiss|p1b: Sinistcha\n|-damage|p1b: Sinistcha|0 fnt\n|-heal|p2b: Spectrier|100\/100|[from] drain|[of] p1b: Sinistcha\n|faint|p1b: Sinistcha\n|move|p1a: Lurantis|Superpower|p2b: Spectrier\n|-resisted|p2b: Spectrier\n|-crit|p2b: Spectrier\n|-damage|p2b: Spectrier|40\/100\n|-boost|p1a: Lurantis|atk|1\n|-boost|p1a: Lurantis|def|1\n|\n|upkeep\n|turn|6\n|\n|t:|1700350526\n|move|p2a: Roaring Moon|Acrobatics|p1a: Lurantis\n|-damage|p1a: Lurantis|84\/100\n|move|p2b: Spectrier|Draining Kiss|p1a: Lurantis\n|-resisted|p1a: Lurantis\n|-damage|p1a: Lurantis|69\/100\n|-heal|p2b: Spectrier|50\/100|[from] drain|[of] p1a: Lurantis\n|move|p1a: Lurantis|Superpower|p2b: Spectrier\n|-resisted|p2b: Spectrier\n|-damage|p2b: Spectrier|15\/100\n|-boost|p1a: Lurantis|atk|1\n|-boost|p1a: Lurantis|def|1\n|\n|upkeep\n|turn|7\n|\n|t:|1700350539\n|move|p2a: Roaring Moon|Acrobatics|p1a: Lurantis\n|-damage|p1a: Lurantis|56\/100\n|move|p2b: Spectrier|Shadow Ball|p1a: Lurantis\n|-damage|p1a: Lurantis|10\/100\n|move|p1a: Lurantis|Superpower|p2b: Spectrier\n|-resisted|p2b: Spectrier\n|-damage|p2b: Spectrier|0 fnt\n|-boost|p1a: Lurantis|atk|1\n|-boost|p1a: Lurantis|def|1\n|faint|p2b: Spectrier\n|\n|upkeep\n|\n|t:|1700350547\n|switch|p2b: Heatran|Heatran, L50, F|100\/100\n|turn|8\n|c|\u2606tyl8|Gg\n|\n|t:|1700350558\n|move|p2a: Roaring Moon|Acrobatics|p1a: Lurantis\n|-damage|p1a: Lurantis|0 fnt\n|faint|p1a: Lurantis\n|\n|win|tyl8\n|raw|shuruko's rating: 1178 &rarr; <strong>1159<\/strong><br \/>(-19 for losing)\n|raw|tyl8's rating: 1260 &rarr; <strong>1279<\/strong><br \/>(+19 for winning)\n|l|\u2606shuruko\n","uploadtime":1700350580,"views":10,"p1id":"shuruko","p2id":"tyl8","formatid":"gen9vgc2023regulatione","rating":1159,"private":0,"password":""}