{"id":"gen9vgc2023regulatione-1994209910","p1":"Smizzo","p2":"Kzejzkz","format":"[Gen 9] VGC 2023 Regulation E","log":"|j|\u2606Smizzo\n|j|\u2606Kzejzkz\n|t:|1700419228\n|gametype|doubles\n|player|p1|Smizzo|shadowtriad|1129\n|player|p2|Kzejzkz|lance|1101\n|teamsize|p1|6\n|teamsize|p2|6\n|gen|9\n|tier|[Gen 9] VGC 2023 Regulation E\n|rated|\n|rule|Species Clause: Limit one of each Pok\u00e9mon\n|rule|Item Clause: Limit one of each item\n|clearpoke\n|poke|p1|Overqwil, L50, M|\n|poke|p1|Pelipper, L50, M|\n|poke|p1|Goodra-Hisui, L50, F|\n|poke|p1|Rillaboom, L50, F|\n|poke|p1|Garchomp, L50, M|\n|poke|p1|Hatterene, L50, F|\n|poke|p2|Flutter Mane, L50|\n|poke|p2|Tornadus, L50, M|\n|poke|p2|Rillaboom, L50, F|\n|poke|p2|Garganacl, L50, F|\n|poke|p2|Arcanine-Hisui, L50, F|\n|poke|p2|Chien-Pao, L50|\n|teampreview|4\n|\n|t:|1700419243\n|start\n|switch|p1a: Goodra|Goodra-Hisui, L50, F|100\/100\n|switch|p1b: Pelipper|Pelipper, L50, M|100\/100\n|switch|p2a: Tornadus|Tornadus, L50, M|100\/100\n|switch|p2b: Garganacl|Garganacl, L50, F|100\/100\n|-weather|RainDance|[from] ability: Drizzle|[of] p1b: Pelipper\n|turn|1\n|inactive|Battle timer is ON: inactive players will automatically lose when time's up. (requested by Kzejzkz)\n|\n|t:|1700419271\n|-terastallize|p1a: Goodra|Water\n|-terastallize|p2b: Garganacl|Ghost\n|move|p2a: Tornadus|Taunt|p1a: Goodra\n|-start|p1a: Goodra|move: Taunt\n|move|p1b: Pelipper|Ice Beam|p2a: Tornadus\n|-supereffective|p2a: Tornadus\n|-damage|p2a: Tornadus|59\/100\n|move|p1a: Goodra|Muddy Water|p2b: Garganacl|[spread] p2a,p2b\n|-damage|p2a: Tornadus|18\/100\n|-damage|p2b: Garganacl|66\/100\n|-unboost|p2a: Tornadus|accuracy|1\n|move|p2b: Garganacl|Salt Cure|p1a: Goodra\n|-damage|p1a: Goodra|88\/100\n|-start|p1a: Goodra|Salt Cure\n|\n|-weather|RainDance|[upkeep]\n|-damage|p1a: Goodra|64\/100|[from] Salt Cure\n|upkeep\n|turn|2\n|inactive|Smizzo has 30 seconds left.\n|\n|t:|1700419304\n|move|p2a: Tornadus|Sunny Day|p2a: Tornadus\n|-weather|SunnyDay\n|move|p1b: Pelipper|Hurricane|p2b: Garganacl\n|-damage|p2b: Garganacl|32\/100\n|-enditem|p2b: Garganacl|Sitrus Berry|[eat]\n|-heal|p2b: Garganacl|57\/100|[from] item: Sitrus Berry\n|move|p1a: Goodra|Muddy Water|p2b: Garganacl|[spread] p2a,p2b\n|-damage|p2a: Tornadus|5\/100\n|-damage|p2b: Garganacl|46\/100\n|move|p2b: Garganacl|Salt Cure|p1b: Pelipper\n|-supereffective|p1b: Pelipper\n|-damage|p1b: Pelipper|63\/100\n|-start|p1b: Pelipper|Salt Cure\n|\n|-weather|SunnyDay|[upkeep]\n|-damage|p1b: Pelipper|39\/100|[from] Salt Cure\n|-damage|p1a: Goodra|39\/100|[from] Salt Cure\n|upkeep\n|turn|3\n|\n|t:|1700419318\n|switch|p1b: Garchomp|Garchomp, L50, M|100\/100\n|move|p2a: Tornadus|Tailwind|p2a: Tornadus\n|-sidestart|p2: Kzejzkz|move: Tailwind\n|move|p2b: Garganacl|Recover|p2b: Garganacl\n|-heal|p2b: Garganacl|96\/100\n|move|p1a: Goodra|Muddy Water|p2a: Tornadus|[spread] p2a\n|-miss|p1a: Goodra|p2b: Garganacl\n|-damage|p2a: Tornadus|0 fnt\n|faint|p2a: Tornadus\n|\n|-weather|SunnyDay|[upkeep]\n|-damage|p1a: Goodra|15\/100|[from] Salt Cure\n|-end|p1a: Goodra|move: Taunt\n|upkeep\n|\n|t:|1700419331\n|switch|p2a: Rillaboom|Rillaboom, L50, F|100\/100\n|-fieldstart|move: Grassy Terrain|[from] ability: Grassy Surge|[of] p2a: Rillaboom\n|turn|4\n|\n|t:|1700419348\n|switch|p1b: Pelipper|Pelipper, L50, M|39\/100\n|-weather|RainDance|[from] ability: Drizzle|[of] p1b: Pelipper\n|move|p2a: Rillaboom|Wood Hammer|p1b: Pelipper\n|-damage|p1b: Pelipper|0 fnt\n|faint|p1b: Pelipper\n|-damage|p2a: Rillaboom|92\/100|[from] Recoil\n|move|p2b: Garganacl|Iron Defense|p2b: Garganacl\n|-boost|p2b: Garganacl|def|2\n|move|p1a: Goodra|Muddy Water|p2a: Rillaboom|[spread] p2a\n|-miss|p1a: Goodra|p2b: Garganacl\n|-resisted|p2a: Rillaboom\n|-damage|p2a: Rillaboom|71\/100\n|\n|-weather|RainDance|[upkeep]\n|-heal|p2a: Rillaboom|77\/100|[from] Grassy Terrain\n|-heal|p2b: Garganacl|100\/100|[from] Grassy Terrain\n|-heal|p1a: Goodra|20\/100|[from] Grassy Terrain\n|-damage|p1a: Goodra|0 fnt|[from] Salt Cure\n|faint|p1a: Goodra\n|upkeep\n|\n|t:|1700419356\n|switch|p1b: Garchomp|Garchomp, L50, M|100\/100\n|switch|p1a: Overqwil|Overqwil, L50, M|100\/100\n|-enditem|p1a: Overqwil|Grassy Seed\n|-boost|p1a: Overqwil|def|1|[from] item: Grassy Seed\n|turn|5\n|inactive|Kzejzkz has 30 seconds left.\n|inactive|Kzejzkz has 20 seconds left.\n|inactive|Kzejzkz has 15 seconds left.\n|inactive|Kzejzkz has 10 seconds left.\n|\n|t:|1700419404\n|move|p1a: Overqwil|Poison Jab|p2a: Rillaboom\n|-supereffective|p2a: Rillaboom\n|-damage|p2a: Rillaboom|15\/100\n|move|p2a: Rillaboom|Wood Hammer|p1b: Garchomp\n|-crit|p1b: Garchomp\n|-damage|p1b: Garchomp|0 fnt\n|faint|p1b: Garchomp\n|-damage|p2a: Rillaboom|0 fnt|[from] Recoil\n|faint|p2a: Rillaboom\n|move|p2b: Garganacl|Salt Cure|p1a: Overqwil\n|-damage|p1a: Overqwil|89\/100\n|-start|p1a: Overqwil|Salt Cure\n|\n|-weather|RainDance|[upkeep]\n|-heal|p1a: Overqwil|95\/100|[from] Grassy Terrain\n|-damage|p1a: Overqwil|83\/100|[from] Salt Cure\n|upkeep\n|\n|t:|1700419415\n|switch|p2a: Flutter Mane|Flutter Mane, L50|100\/100\n|-enditem|p2a: Flutter Mane|Booster Energy\n|-activate|p2a: Flutter Mane|ability: Protosynthesis|[fromitem]\n|-start|p2a: Flutter Mane|protosynthesisspe\n|turn|6\n|\n|t:|1700419421\n|move|p2a: Flutter Mane|Protect|p2a: Flutter Mane\n|-singleturn|p2a: Flutter Mane|Protect\n|move|p1a: Overqwil|Poison Jab|p2a: Flutter Mane\n|-activate|p2a: Flutter Mane|move: Protect\n|move|p2b: Garganacl|Iron Defense|p2b: Garganacl\n|-boost|p2b: Garganacl|def|2\n|\n|-weather|RainDance|[upkeep]\n|-heal|p1a: Overqwil|89\/100|[from] Grassy Terrain\n|-damage|p1a: Overqwil|77\/100|[from] Salt Cure\n|-sideend|p2: Kzejzkz|move: Tailwind\n|upkeep\n|turn|7\n|\n|t:|1700419428\n|move|p2a: Flutter Mane|Substitute|p2a: Flutter Mane\n|-start|p2a: Flutter Mane|Substitute\n|-damage|p2a: Flutter Mane|76\/100\n|move|p1a: Overqwil|Poison Jab|p2a: Flutter Mane\n|-end|p2a: Flutter Mane|Substitute\n|move|p2b: Garganacl|Iron Defense|p2b: Garganacl\n|-boost|p2b: Garganacl|def|2\n|\n|-weather|RainDance|[upkeep]\n|-heal|p2a: Flutter Mane|82\/100|[from] Grassy Terrain\n|-heal|p1a: Overqwil|83\/100|[from] Grassy Terrain\n|-damage|p1a: Overqwil|70\/100|[from] Salt Cure\n|upkeep\n|turn|8\n|-message|Smizzo forfeited.\n|\n|win|Kzejzkz\n|raw|Smizzo's rating: 1129 &rarr; <strong>1102<\/strong><br \/>(-27 for losing)\n|raw|Kzejzkz's rating: 1101 &rarr; <strong>1128<\/strong><br \/>(+27 for winning)\n|l|\u2606Smizzo\n","uploadtime":1700419437,"views":4,"p1id":"smizzo","p2id":"kzejzkz","formatid":"gen9vgc2023regulatione","rating":1102,"private":0,"password":""}