{"id":"gen9vgc2023regulatione-1999952011","p1":"recantodanumi","p2":"MC MazelTov","format":"[Gen 9] VGC 2023 Regulation E","log":"|j|\u2606recantodanumi\n|j|\u2606MC MazelTov\n|t:|1701133858\n|gametype|doubles\n|player|p1|recantodanumi|roxie|1099\n|player|p2|MC MazelTov|265|1197\n|teamsize|p1|6\n|teamsize|p2|6\n|gen|9\n|tier|[Gen 9] VGC 2023 Regulation E\n|rated|\n|rule|Species Clause: Limit one of each Pok\u00e9mon\n|rule|Item Clause: Limit one of each item\n|clearpoke\n|poke|p1|Ursaluna-Bloodmoon, L50, M|\n|poke|p1|Urshifu-*, L50, F|\n|poke|p1|Goodra-Hisui, L50, M|\n|poke|p1|Sinistcha-Masterpiece, L50|\n|poke|p1|Arcanine-Hisui, L50, F|\n|poke|p1|Indeedee-F, L50, F|\n|poke|p2|Sinistcha, L50|\n|poke|p2|Okidogi, L50, M|\n|poke|p2|Landorus-Therian, L50, M|\n|poke|p2|Rillaboom, L50, F|\n|poke|p2|Arcanine, L50, F|\n|poke|p2|Iron Hands, L50|\n|teampreview|4\nMC MazelTov has agreed to open team sheets.\n|l|\u2606recantodanumi\n|player|p1|\n|j|\u2606recantodanumi\n|player|p1|recantodanumi|roxie\n|\n|t:|1701133922\n|start\n|switch|p1a: Indeedee|Indeedee-F, L50, F|100\/100\n|switch|p1b: Urshifu|Urshifu-Rapid-Strike, L50, F|100\/100\n|switch|p2a: Rillaboom|Rillaboom, L50, F|100\/100\n|switch|p2b: Arcanine|Arcanine, L50, F|100\/100\n|-ability|p2b: Arcanine|Intimidate|boost\n|-fail|p1a: Indeedee|unboost|Attack|[from] ability: Own Tempo|[of] p1a: Indeedee\n|-unboost|p1b: Urshifu|atk|1\n|-fieldstart|move: Grassy Terrain|[from] ability: Grassy Surge|[of] p2a: Rillaboom\n|turn|1\n|c|\u2606recantodanumi|omg I have the wrong ability\n|c|\u2606MC MazelTov|lmao\n|\n|t:|1701133975\n|move|p2a: Rillaboom|Fake Out|p1a: Indeedee\n|-damage|p1a: Indeedee|87\/100\n|-damage|p2a: Rillaboom|84\/100|[from] item: Rocky Helmet|[of] p1a: Indeedee\n|move|p1b: Urshifu|Surging Strikes|p2b: Arcanine\n|-supereffective|p2b: Arcanine\n|-crit|p2b: Arcanine\n|-damage|p2b: Arcanine|61\/100\n|-supereffective|p2b: Arcanine\n|-crit|p2b: Arcanine\n|-damage|p2b: Arcanine|18\/100\n|-supereffective|p2b: Arcanine\n|-crit|p2b: Arcanine\n|-damage|p2b: Arcanine|0 fnt\n|faint|p2b: Arcanine\n|-hitcount|p2: Arcanine|3\n|cant|p1a: Indeedee|flinch\n|\n|-heal|p2a: Rillaboom|90\/100|[from] Grassy Terrain\n|-heal|p1a: Indeedee|93\/100|[from] Grassy Terrain\n|upkeep\n|\n|t:|1701133985\n|switch|p2b: Iron Hands|Iron Hands, L50|100\/100\n|turn|2\n|\n|t:|1701134013\n|-terastallize|p2b: Iron Hands|Steel\n|move|p1a: Indeedee|Follow Me|p1a: Indeedee\n|-singleturn|p1a: Indeedee|move: Follow Me\n|move|p2a: Rillaboom|Grassy Glide|p1a: Indeedee\n|-damage|p1a: Indeedee|58\/100\n|-damage|p2a: Rillaboom|73\/100|[from] item: Rocky Helmet|[of] p1a: Indeedee\n|move|p1b: Urshifu|Acrobatics|p2a: Rillaboom\n|-supereffective|p2a: Rillaboom\n|-damage|p2a: Rillaboom|50\/100\n|move|p2b: Iron Hands|Belly Drum|p2b: Iron Hands\n|-damage|p2b: Iron Hands|50\/100\n|-setboost|p2b: Iron Hands|atk|6|[from] move: Belly Drum\n|-enditem|p2b: Iron Hands|Sitrus Berry|[eat]\n|-heal|p2b: Iron Hands|75\/100|[from] item: Sitrus Berry\n|\n|-heal|p2a: Rillaboom|56\/100|[from] Grassy Terrain\n|-heal|p1a: Indeedee|64\/100|[from] Grassy Terrain\n|-heal|p2b: Iron Hands|82\/100|[from] Grassy Terrain\n|upkeep\n|turn|3\n|\n|t:|1701134044\n|move|p1a: Indeedee|Follow Me|p1a: Indeedee\n|-singleturn|p1a: Indeedee|move: Follow Me\n|move|p1b: Urshifu|Close Combat|p2b: Iron Hands\n|-supereffective|p2b: Iron Hands\n|-damage|p2b: Iron Hands|35\/100\n|-unboost|p1b: Urshifu|def|1\n|-unboost|p1b: Urshifu|spd|1\n|move|p2a: Rillaboom|U-turn|p1a: Indeedee\n|-supereffective|p1a: Indeedee\n|-damage|p1a: Indeedee|17\/100\n|-damage|p2a: Rillaboom|40\/100|[from] item: Rocky Helmet|[of] p1a: Indeedee\n|\n|t:|1701134054\n|switch|p2a: Landorus|Landorus-Therian, L50, M|100\/100|[from] U-turn\n|-ability|p2a: Landorus|Intimidate|boost\n|-fail|p1a: Indeedee|unboost|Attack|[from] ability: Own Tempo|[of] p1a: Indeedee\n|-unboost|p1b: Urshifu|atk|1\n|move|p2b: Iron Hands|Thunder Punch|p1a: Indeedee\n|-damage|p1a: Indeedee|0 fnt\n|-damage|p2b: Iron Hands|18\/100|[from] item: Rocky Helmet|[of] p1a: Indeedee\n|faint|p1a: Indeedee\n|\n|-heal|p2b: Iron Hands|24\/100|[from] Grassy Terrain\n|upkeep\n|\n|t:|1701134067\n|switch|p1a: Sinistcha|Sinistcha-Masterpiece, L50|100\/100\n|turn|4\n|\n|t:|1701134093\n|move|p2a: Landorus|Rock Slide|p1a: Sinistcha|[spread] p1a,p1b\n|-resisted|p1b: Urshifu\n|-damage|p1a: Sinistcha|78\/100\n|-damage|p1b: Urshifu|84\/100\n|cant|p1b: Urshifu|flinch\n|move|p2b: Iron Hands|Thunder Punch|p1b: Urshifu\n|-supereffective|p1b: Urshifu\n|-damage|p1b: Urshifu|0 fnt\n|faint|p1b: Urshifu\n|cant|p1a: Sinistcha|flinch\n|\n|-heal|p1a: Sinistcha|84\/100|[from] Grassy Terrain\n|-heal|p2b: Iron Hands|30\/100|[from] Grassy Terrain\n|upkeep\n|\n|t:|1701134105\n|switch|p1b: Goodra|Goodra-Hisui, L50, M|100\/100\n|turn|5\n|\n|t:|1701134129\n|switch|p2a: Rillaboom|Rillaboom, L50, F|40\/100\n|move|p1a: Sinistcha|Rage Powder|p1a: Sinistcha\n|-singleturn|p1a: Sinistcha|move: Rage Powder\n|move|p2b: Iron Hands|Drain Punch|p1a: Sinistcha\n|-immune|p1a: Sinistcha\n|move|p1b: Goodra|Body Press|p2b: Iron Hands\n|-supereffective|p2b: Iron Hands\n|-damage|p2b: Iron Hands|6\/100\n|\n|-heal|p2a: Rillaboom|45\/100|[from] Grassy Terrain\n|-heal|p1a: Sinistcha|90\/100|[from] Grassy Terrain\n|-heal|p2b: Iron Hands|12\/100|[from] Grassy Terrain\n|-fieldend|move: Grassy Terrain\n|upkeep\n|turn|6\n|\n|t:|1701134169\n|move|p2a: Rillaboom|Fake Out|p1b: Goodra\n|-resisted|p1b: Goodra\n|-damage|p1b: Goodra|93\/100\n|move|p1a: Sinistcha|Strength Sap|p2b: Iron Hands\n|-unboost|p2b: Iron Hands|atk|1\n|-heal|p1a: Sinistcha|100\/100\n|move|p2b: Iron Hands|Thunder Punch|p1a: Sinistcha\n|-resisted|p1a: Sinistcha\n|-damage|p1a: Sinistcha|42\/100\n|cant|p1b: Goodra|flinch\n|\n|-heal|p1b: Goodra|99\/100|[from] item: Leftovers\n|upkeep\n|turn|7\n|\n|t:|1701134192\n|move|p2b: Iron Hands|Protect|p2b: Iron Hands\n|-singleturn|p2b: Iron Hands|Protect\n|move|p2a: Rillaboom|Stomping Tantrum|p1b: Goodra\n|-supereffective|p1b: Goodra\n|-damage|p1b: Goodra|51\/100\n|move|p1a: Sinistcha|Strength Sap|p2b: Iron Hands\n|-activate|p2b: Iron Hands|move: Protect\n|move|p1b: Goodra|Shelter|p1b: Goodra\n|-boost|p1b: Goodra|def|2\n|\n|-heal|p1b: Goodra|57\/100|[from] item: Leftovers\n|upkeep\n|turn|8\n|\n|t:|1701134233\n|-terastallize|p1b: Goodra|Flying\n|move|p2a: Rillaboom|U-turn|p1a: Sinistcha\n|-damage|p1a: Sinistcha|19\/100\n|\n|t:|1701134238\n|switch|p2a: Landorus|Landorus-Therian, L50, M|100\/100|[from] U-turn\n|-ability|p2a: Landorus|Intimidate|boost\n|-unboost|p1a: Sinistcha|atk|1\n|-unboost|p1b: Goodra|atk|1\n|move|p1a: Sinistcha|Strength Sap|p2b: Iron Hands\n|-unboost|p2b: Iron Hands|atk|1\n|-heal|p1a: Sinistcha|100\/100\n|move|p2b: Iron Hands|Drain Punch|p1b: Goodra\n|-resisted|p1b: Goodra\n|-damage|p1b: Goodra|30\/100\n|-heal|p2b: Iron Hands|22\/100|[from] drain|[of] p1b: Goodra\n|move|p1b: Goodra|Shelter|p1b: Goodra\n|-boost|p1b: Goodra|def|2\n|\n|-heal|p1b: Goodra|36\/100|[from] item: Leftovers\n|upkeep\n|turn|9\n|\n|t:|1701134267\n|move|p2b: Iron Hands|Protect|p2b: Iron Hands\n|-singleturn|p2b: Iron Hands|Protect\n|move|p2a: Landorus|Rock Slide|p1b: Goodra|[spread] p1b\n|-miss|p2a: Landorus|p1a: Sinistcha\n|-supereffective|p1b: Goodra\n|-damage|p1b: Goodra|20\/100\n|move|p1b: Goodra|Body Press|p2b: Iron Hands\n|-activate|p2b: Iron Hands|move: Protect\n|move|p1a: Sinistcha|Trick Room|p1a: Sinistcha\n|-fieldstart|move: Trick Room|[of] p1a: Sinistcha\n|\n|-heal|p1b: Goodra|26\/100|[from] item: Leftovers\n|upkeep\n|turn|10\n|\n|t:|1701134307\n|move|p1b: Goodra|Body Press|p2b: Iron Hands\n|-supereffective|p2b: Iron Hands\n|-damage|p2b: Iron Hands|0 fnt\n|faint|p2b: Iron Hands\n|-end|p2b: Iron Hands|Quark Drive|[silent]\n|move|p1a: Sinistcha|Matcha Gotcha|p2a: Landorus\n|-crit|p2a: Landorus\n|-damage|p2a: Landorus|30\/100\n|move|p2a: Landorus|Rock Slide|p1b: Goodra|[spread] p1a\n|-miss|p2a: Landorus|p1b: Goodra\n|-damage|p1a: Sinistcha|77\/100\n|\n|-heal|p1b: Goodra|32\/100|[from] item: Leftovers\n|upkeep\n|\n|t:|1701134320\n|switch|p2b: Rillaboom|Rillaboom, L50, F|45\/100\n|-fieldstart|move: Grassy Terrain|[from] ability: Grassy Surge|[of] p2b: Rillaboom\n|turn|11\n|\n|t:|1701134337\n|move|p2b: Rillaboom|Fake Out|p1b: Goodra\n|-damage|p1b: Goodra|27\/100\n|cant|p1b: Goodra|flinch\n|move|p1a: Sinistcha|Matcha Gotcha|p2b: Rillaboom|[spread] p2a,p2b\n|-resisted|p2b: Rillaboom\n|-damage|p2a: Landorus|0 fnt\n|-heal|p1a: Sinistcha|93\/100|[from] drain|[of] p2a: Landorus\n|-damage|p2b: Rillaboom|32\/100\n|-heal|p1a: Sinistcha|100\/100|[from] drain|[of] p2b: Rillaboom\n|faint|p2a: Landorus\n|\n|-heal|p1b: Goodra|33\/100|[from] item: Leftovers\n|-heal|p2b: Rillaboom|38\/100|[from] Grassy Terrain\n|upkeep\n|turn|12\n|-message|MC MazelTov forfeited.\n|\n|win|recantodanumi\n|raw|recantodanumi's rating: 1099 &rarr; <strong>1131<\/strong><br \/>(+32 for winning)\n|raw|MC MazelTov's rating: 1197 &rarr; <strong>1165<\/strong><br \/>(-32 for losing)\n|l|\u2606MC MazelTov\n|c|\u2606recantodanumi|g\n|c|\u2606recantodanumi|gg\n|l|\u2606recantodanumi\n|j|\u2606recantodanumi\n|player|p1|recantodanumi|roxie\n","uploadtime":1701134387,"views":10,"p1id":"recantodanumi","p2id":"mcmazeltov","formatid":"gen9vgc2023regulatione","rating":1131,"private":0,"password":""}