{"id":"gen9vgc2023regulatione-1993422157","p1":"Revenant4","p2":"itsukilixo2","format":"[Gen 9] VGC 2023 Regulation E","log":"|j|\u2606Revenant4\n|j|\u2606itsukilixo2\n|t:|1700315815\n|gametype|doubles\n|player|p1|Revenant4|marlon|1116\n|player|p2|itsukilixo2|ghetsis|1101\n|teamsize|p1|6\n|teamsize|p2|6\n|gen|9\n|tier|[Gen 9] VGC 2023 Regulation E\n|rated|\n|rule|Species Clause: Limit one of each Pok\u00e9mon\n|rule|Item Clause: Limit one of each item\n|clearpoke\n|poke|p1|Kommo-o, L50, F|\n|poke|p1|Tyranitar, L50, F|\n|poke|p1|Rillaboom, L50, F|\n|poke|p1|Flutter Mane, L50|\n|poke|p1|Arcanine-Hisui, L50, F|\n|poke|p1|Iron Bundle, L50|\n|poke|p2|Perrserker, L50, F|\n|poke|p2|Gholdengo, L50|\n|poke|p2|Dragonite, L50, M|\n|poke|p2|Baxcalibur, L50, M|\n|poke|p2|Mimikyu, L50, F|\n|poke|p2|Amoonguss, L50, F|\n|teampreview|4\n|inactive|Battle timer is ON: inactive players will automatically lose when time's up. (requested by Revenant4)\n|inactive|itsukilixo2 has 60 seconds left.\n|inactive|itsukilixo2 has 30 seconds left.\n|\n|t:|1700315876\n|start\n|switch|p1a: Tyranitar|Tyranitar, L50, F|100\/100\n|switch|p1b: Rillaboom|Rillaboom, L50, F|100\/100\n|switch|p2a: Mimikyu|Mimikyu, L50, F, shiny|100\/100\n|switch|p2b: Amoonguss|Amoonguss, L50, F, shiny|100\/100\n|-weather|Sandstorm|[from] ability: Sand Stream|[of] p1a: Tyranitar\n|-fieldstart|move: Grassy Terrain|[from] ability: Grassy Surge|[of] p1b: Rillaboom\n|turn|1\n|\n|t:|1700315894\n|move|p2a: Mimikyu|Swords Dance|p2a: Mimikyu\n|-boost|p2a: Mimikyu|atk|2\n|move|p1a: Tyranitar|Rock Slide|p2a: Mimikyu|[spread] p2a,p2b\n|-activate|p2a: Mimikyu|ability: Disguise\n|-damage|p2a: Mimikyu|100\/100\n|-damage|p2b: Amoonguss|63\/100\n|detailschange|p2a: Mimikyu|Mimikyu-Busted, L50, F, shiny\n|-damage|p2a: Mimikyu|88\/100|[from] pokemon: Mimikyu-Busted\n|move|p1b: Rillaboom|Taunt|p2b: Amoonguss\n|-start|p2b: Amoonguss|move: Taunt\n|cant|p2b: Amoonguss|flinch\n|\n|-weather|Sandstorm|[upkeep]\n|-damage|p2a: Mimikyu|82\/100|[from] Sandstorm\n|-damage|p1b: Rillaboom|95\/100|[from] Sandstorm\n|-damage|p2b: Amoonguss|58\/100|[from] Sandstorm\n|-heal|p2a: Mimikyu|88\/100|[from] Grassy Terrain\n|-heal|p1b: Rillaboom|100\/100|[from] Grassy Terrain\n|-heal|p2b: Amoonguss|63\/100|[from] Grassy Terrain\n|upkeep\n|turn|2\n|inactive|itsukilixo2 has 30 seconds left.\n|\n|t:|1700315921\n|move|p1b: Rillaboom|Grassy Glide|p2a: Mimikyu\n|-damage|p2a: Mimikyu|12\/100\n|move|p2a: Mimikyu|Play Rough|p1a: Tyranitar\n|-supereffective|p1a: Tyranitar\n|-damage|p1a: Tyranitar|0 fnt\n|faint|p1a: Tyranitar\n|move|p2b: Amoonguss|Seed Bomb|p1b: Rillaboom\n|-resisted|p1b: Rillaboom\n|-damage|p1b: Rillaboom|85\/100\n|\n|-weather|Sandstorm|[upkeep]\n|-damage|p2a: Mimikyu|6\/100|[from] Sandstorm\n|-damage|p1b: Rillaboom|79\/100|[from] Sandstorm\n|-damage|p2b: Amoonguss|58\/100|[from] Sandstorm\n|-heal|p2a: Mimikyu|12\/100|[from] Grassy Terrain\n|-heal|p1b: Rillaboom|85\/100|[from] Grassy Terrain\n|-heal|p2b: Amoonguss|63\/100|[from] Grassy Terrain\n|upkeep\n|\n|t:|1700315929\n|switch|p1a: Flutter Mane|Flutter Mane, L50|100\/100\n|turn|3\n|\n|t:|1700315947\n|move|p2a: Mimikyu|Shadow Sneak|p1a: Flutter Mane\n|-supereffective|p1a: Flutter Mane\n|-damage|p1a: Flutter Mane|0 fnt\n|faint|p1a: Flutter Mane\n|-end|p1a: Flutter Mane|Protosynthesis|[silent]\n|move|p1b: Rillaboom|Grassy Glide|p2a: Mimikyu\n|-damage|p2a: Mimikyu|0 fnt\n|faint|p2a: Mimikyu\n|move|p2b: Amoonguss|Seed Bomb|p1b: Rillaboom\n|-resisted|p1b: Rillaboom\n|-damage|p1b: Rillaboom|70\/100\n|\n|-weather|Sandstorm|[upkeep]\n|-damage|p1b: Rillaboom|64\/100|[from] Sandstorm\n|-damage|p2b: Amoonguss|58\/100|[from] Sandstorm\n|-heal|p1b: Rillaboom|70\/100|[from] Grassy Terrain\n|-heal|p2b: Amoonguss|63\/100|[from] Grassy Terrain\n|-end|p2b: Amoonguss|move: Taunt\n|upkeep\n|\n|t:|1700315968\n|switch|p1a: Iron Bundle|Iron Bundle, L50|100\/100\n|switch|p2a: Perrserker|Perrserker, L50, F, shiny|100\/100\n|-enditem|p1a: Iron Bundle|Booster Energy\n|-activate|p1a: Iron Bundle|ability: Quark Drive|[fromitem]\n|-start|p1a: Iron Bundle|quarkdrivespe\n|turn|4\n|\n|t:|1700315982\n|-terastallize|p1a: Iron Bundle|Ghost\n|move|p2a: Perrserker|Fake Out|p1b: Rillaboom\n|-damage|p1b: Rillaboom|57\/100\n|move|p1a: Iron Bundle|Freeze-Dry|p2b: Amoonguss\n|-supereffective|p2b: Amoonguss\n|-damage|p2b: Amoonguss|16\/100\n|cant|p1b: Rillaboom|flinch\n|move|p2b: Amoonguss|Spore|p1a: Iron Bundle\n|-status|p1a: Iron Bundle|slp|[from] move: Spore\n|\n|-weather|Sandstorm|[upkeep]\n|-damage|p1a: Iron Bundle|94\/100 slp|[from] Sandstorm\n|-damage|p1b: Rillaboom|51\/100|[from] Sandstorm\n|-damage|p2b: Amoonguss|10\/100|[from] Sandstorm\n|-heal|p1a: Iron Bundle|100\/100 slp|[from] Grassy Terrain\n|-heal|p1b: Rillaboom|57\/100|[from] Grassy Terrain\n|-heal|p2b: Amoonguss|16\/100|[from] Grassy Terrain\n|upkeep\n|turn|5\n|\n|t:|1700316006\n|cant|p1a: Iron Bundle|slp\n|move|p1b: Rillaboom|Wood Hammer|p2a: Perrserker\n|-resisted|p2a: Perrserker\n|-damage|p2a: Perrserker|38\/100\n|-damage|p1b: Rillaboom|43\/100|[from] Recoil\n|move|p2b: Amoonguss|Toxic|p1b: Rillaboom\n|-status|p1b: Rillaboom|tox\n|move|p2a: Perrserker|Gyro Ball|p1b: Rillaboom\n|-damage|p1b: Rillaboom|2\/100 tox\n|\n|-weather|none\n|-heal|p1b: Rillaboom|8\/100 tox|[from] Grassy Terrain\n|-heal|p2b: Amoonguss|22\/100|[from] Grassy Terrain\n|-heal|p2a: Perrserker|45\/100|[from] Grassy Terrain\n|-heal|p2a: Perrserker|51\/100|[from] item: Leftovers\n|-damage|p1b: Rillaboom|2\/100 tox|[from] psn\n|-fieldend|move: Grassy Terrain\n|upkeep\n|turn|6\n|inactive|itsukilixo2 has 30 seconds left.\n|inactive|itsukilixo2 has 20 seconds left.\n|\n|t:|1700316041\n|switch|p2b: Gholdengo|Gholdengo, L50|100\/100\n|cant|p1a: Iron Bundle|slp\n|move|p1b: Rillaboom|Wood Hammer|p2a: Perrserker\n|-resisted|p2a: Perrserker\n|-damage|p2a: Perrserker|5\/100\n|-damage|p1b: Rillaboom|0 fnt|[from] Recoil\n|faint|p1b: Rillaboom\n|move|p2a: Perrserker|Gyro Ball|p1a: Iron Bundle\n|-damage|p1a: Iron Bundle|0 fnt\n|faint|p1a: Iron Bundle\n|-end|p1a: Iron Bundle|Quark Drive|[silent]\n|\n|win|itsukilixo2\n|raw|Revenant4's rating: 1116 &rarr; <strong>1090<\/strong><br \/>(-26 for losing)\n|raw|itsukilixo2's rating: 1101 &rarr; <strong>1127<\/strong><br \/>(+26 for winning)\n|l|\u2606Revenant4\n","uploadtime":1700316073,"views":9,"p1id":"revenant4","p2id":"itsukilixo2","formatid":"gen9vgc2023regulatione","rating":1090,"private":0,"password":""}