{"id":"gen9vgc2023regulatione-1999863252","p1":"AtomX7VGC","p2":"d8finest","format":"[Gen 9] VGC 2023 Regulation E","log":"|j|\u2606AtomX7VGC\n|j|\u2606d8finest\n|n|\u2606AtomX7VGC|atomx7vgc\n|n|\u2606d8finest|d8finest\n|html|View the match progress at <a href=\"\/game-bestof3-gen9vgc2023regulatione-1999860485\">game-bestof3-gen9vgc2023regulatione-1999860485<\/a>\n|t:|1701123965\n|gametype|doubles\n|player|p1|AtomX7VGC|linebacker|\n|player|p2|d8finest|lucas|\n|teamsize|p1|6\n|teamsize|p2|6\n|gen|9\n|tier|[Gen 9] VGC 2023 Regulation E\n|rule|Species Clause: Limit one of each Pok\u00e9mon\n|rule|Item Clause: Limit one of each item\n|clearpoke\n|poke|p1|Heatran, L50, M|\n|poke|p1|Landorus-Therian, L50, M|\n|poke|p1|Iron Hands, L50|\n|poke|p1|Flutter Mane, L50|\n|poke|p1|Roaring Moon, L50|\n|poke|p1|Ogerpon-Wellspring, L50, F|\n|poke|p2|Salamence, L50, M|\n|poke|p2|Rillaboom, L50, M|\n|poke|p2|Kingambit, L50, F|\n|poke|p2|Ogerpon-Wellspring, L50, F|\n|poke|p2|Heatran, L50, F|\n|poke|p2|Flutter Mane, L50|\n|teampreview|4\nAtomX7VGC has agreed to open team sheets.\nd8finest has agreed to open team sheets.\n|showteam|p1|Heatran||LifeOrb|FlashFire|HeatWave,FlashCannon,EarthPower,Protect|||M|||50|,,,,,Fairy]Landorus-Therian||ChoiceScarf|Intimidate|StompingTantrum,TeraBlast,Uturn,RockSlide|||M|||50|,,,,,Flying]Iron Hands||AssaultVest|QuarkDrive|FakeOut,DrainPunch,WildCharge,HeavySlam||||||50|,,,,,Grass]Flutter Mane||ChoiceSpecs|Protosynthesis|Moonblast,ShadowBall,DazzlingGleam,Thunderbolt||||||50|,,,,,Fairy]Roaring Moon||BoosterEnergy|Protosynthesis|Protect,KnockOff,Acrobatics,Tailwind||||||50|,,,,,Poison]Ogerpon-Wellspring||WellspringMask|WaterAbsorb|IvyCudgel,HornLeech,FollowMe,SpikyShield|||F|||50|,,,,,Water\n|showteam|p2|Salamence||RockyHelmet|Intimidate|DracoMeteor,AirSlash,Roost,Tailwind|||M|||50|,,,,,Poison]Rillaboom||AssaultVest|GrassySurge|GrassyGlide,HighHorsepower,WoodHammer,FakeOut|||M|||50|,,,,,Fire]Kingambit||SafetyGoggles|Defiant|Protect,KowtowCleave,SuckerPunch,SwordsDance|||F|||50|,,,,,Poison]Ogerpon-Wellspring||WellspringMask|WaterAbsorb|SpikyShield,FollowMe,IvyCudgel,HornLeech|||F|||50|,,,,,Water]Heatran||SitrusBerry|FlashFire|Protect,MagmaStorm,FlashCannon,EarthPower|||F|||50|,,,,,Grass]Flutter Mane||ChoiceSpecs|Protosynthesis|Moonblast,ShadowBall,DazzlingGleam,Thunderbolt||||||50|,,,,,Fairy\n|\n|t:|1701123990\n|start\n|switch|p1a: Ogerpon|Ogerpon-Wellspring, L50, F|100\/100\n|switch|p1b: Flutter Mane|Flutter Mane, L50|100\/100\n|switch|p2a: Salamence|Salamence, L50, M|100\/100\n|switch|p2b: Flutter Mane|Flutter Mane, L50|100\/100\n|-ability|p2a: Salamence|Intimidate|boost\n|-unboost|p1a: Ogerpon|atk|1\n|-unboost|p1b: Flutter Mane|atk|1\n|turn|1\n|\n|t:|1701124055\n|switch|p2a: Ogerpon|Ogerpon-Wellspring, L50, F|100\/100\n|move|p1a: Ogerpon|Follow Me|p1a: Ogerpon\n|-singleturn|p1a: Ogerpon|move: Follow Me\n|move|p2b: Flutter Mane|Moonblast|p1a: Ogerpon\n|-damage|p1a: Ogerpon|39\/100\n|-unboost|p1a: Ogerpon|spa|1\n|move|p1b: Flutter Mane|Dazzling Gleam|p2a: Ogerpon|[spread] p2a,p2b\n|-damage|p2a: Ogerpon|54\/100\n|-damage|p2b: Flutter Mane|59\/100\n|\n|upkeep\n|turn|2\n|\n|t:|1701124092\n|switch|p1a: Heatran|Heatran, L50, M|100\/100\n|-terastallize|p2a: Ogerpon|Water\n|detailschange|p2a: Ogerpon|Ogerpon-Wellspring-Tera, L50, F, tera:Water\n|-ability|p2a: Ogerpon|Embody Aspect (Wellspring)|boost\n|-boost|p2a: Ogerpon|spd|1\n|move|p2b: Flutter Mane|Moonblast|p1b: Flutter Mane\n|-damage|p1b: Flutter Mane|33\/100\n|move|p1b: Flutter Mane|Dazzling Gleam|p2b: Flutter Mane|[spread] p2a,p2b\n|-damage|p2a: Ogerpon|20\/100\n|-damage|p2b: Flutter Mane|12\/100\n|move|p2a: Ogerpon|Horn Leech|p1b: Flutter Mane\n|-damage|p1b: Flutter Mane|0 fnt\n|-heal|p2a: Ogerpon|33\/100|[from] drain|[of] p1b: Flutter Mane\n|faint|p1b: Flutter Mane\n|-end|p1b: Flutter Mane|Protosynthesis|[silent]\n|\n|upkeep\n|\n|t:|1701124108\n|switch|p1b: Ogerpon|Ogerpon-Wellspring, L50, F|39\/100\n|turn|3\n|\n|t:|1701124137\n|-end|p2b: Flutter Mane|Protosynthesis|[silent]\n|switch|p2b: Salamence|Salamence, L50, M|100\/100\n|-ability|p2b: Salamence|Intimidate|boost\n|-unboost|p1a: Heatran|atk|1\n|-unboost|p1b: Ogerpon|atk|1\n|-terastallize|p1a: Heatran|Fairy\n|move|p2a: Ogerpon|Spiky Shield|p2a: Ogerpon\n|-singleturn|p2a: Ogerpon|move: Protect\n|move|p1b: Ogerpon|Spiky Shield|p1b: Ogerpon\n|-singleturn|p1b: Ogerpon|move: Protect\n|move|p1a: Heatran|Heat Wave|p2a: Ogerpon|[spread] \n|-activate|p2a: Ogerpon|move: Protect\n|-miss|p1a: Heatran|p2b: Salamence\n|\n|upkeep\n|turn|4\n|\n|t:|1701124161\n|switch|p1a: Roaring Moon|Roaring Moon, L50|100\/100\n|-enditem|p1a: Roaring Moon|Booster Energy\n|-activate|p1a: Roaring Moon|ability: Protosynthesis|[fromitem]\n|-start|p1a: Roaring Moon|protosynthesisspe\n|move|p2b: Salamence|Air Slash|p1b: Ogerpon\n|-supereffective|p1b: Ogerpon\n|-damage|p1b: Ogerpon|0 fnt\n|faint|p1b: Ogerpon\n|move|p2a: Ogerpon|Ivy Cudgel|p1a: Roaring Moon|[anim] Ivy Cudgel Water\n|-resisted|p1a: Roaring Moon\n|-damage|p1a: Roaring Moon|54\/100\n|\n|upkeep\n|\n|t:|1701124171\n|switch|p1b: Heatran|Heatran, L50, M, tera:Fairy|100\/100\n|turn|5\n|\n|t:|1701124194\n|switch|p2b: Heatran|Heatran, L50, F|100\/100\n|move|p2a: Ogerpon|Spiky Shield|p2a: Ogerpon\n|-singleturn|p2a: Ogerpon|move: Protect\n|move|p1a: Roaring Moon|Acrobatics|p2a: Ogerpon\n|-activate|p2a: Ogerpon|move: Protect\n|-damage|p1a: Roaring Moon|41\/100|[from] Spiky Shield|[of] p2a: Ogerpon\n|move|p1b: Heatran|Flash Cannon|p2b: Heatran\n|-resisted|p2b: Heatran\n|-damage|p2b: Heatran|87\/100\n|-damage|p1b: Heatran|91\/100|[from] item: Life Orb\n|\n|upkeep\n|turn|6\n|\n|t:|1701124233\n|switch|p2b: Salamence|Salamence, L50, M|100\/100\n|-ability|p2b: Salamence|Intimidate|boost\n|-unboost|p1a: Roaring Moon|atk|1\n|-unboost|p1b: Heatran|atk|1\n|move|p1a: Roaring Moon|Acrobatics|p2a: Ogerpon\n|-crit|p2a: Ogerpon\n|-damage|p2a: Ogerpon|0 fnt\n|faint|p2a: Ogerpon\n|move|p1b: Heatran|Earth Power|p2b: Salamence\n|-immune|p2b: Salamence\n|\n|upkeep\n|\n|t:|1701124263\n|switch|p2a: Heatran|Heatran, L50, F|87\/100\n|turn|7\n|\n|t:|1701124277\n|move|p2a: Heatran|Protect|p2a: Heatran\n|-singleturn|p2a: Heatran|Protect\n|move|p1a: Roaring Moon|Tailwind|p1a: Roaring Moon\n|-sidestart|p1: AtomX7VGC|move: Tailwind\n|move|p1b: Heatran|Earth Power|p2a: Heatran\n|-activate|p2a: Heatran|move: Protect\n|move|p2b: Salamence|Draco Meteor|p1a: Roaring Moon|[miss]\n|-miss|p2b: Salamence|p1a: Roaring Moon\n|\n|upkeep\n|turn|8\n|\n|t:|1701124301\n|move|p2a: Heatran|Protect||[still]\n|-fail|p2a: Heatran\n|move|p1a: Roaring Moon|Knock Off|p2a: Heatran\n|-damage|p2a: Heatran|61\/100\n|-enditem|p2a: Heatran|Sitrus Berry|[from] move: Knock Off|[of] p1a: Roaring Moon\n|move|p1b: Heatran|Earth Power|p2a: Heatran\n|-supereffective|p2a: Heatran\n|-crit|p2a: Heatran\n|-damage|p2a: Heatran|0 fnt\n|faint|p2a: Heatran\n|-damage|p1b: Heatran|81\/100|[from] item: Life Orb\n|move|p2b: Salamence|Draco Meteor|p1a: Roaring Moon\n|-supereffective|p1a: Roaring Moon\n|-damage|p1a: Roaring Moon|0 fnt\n|-unboost|p2b: Salamence|spa|2\n|faint|p1a: Roaring Moon\n|-end|p1a: Roaring Moon|Protosynthesis|[silent]\n|\n|upkeep\n|\n|t:|1701124307\n|switch|p2a: Flutter Mane|Flutter Mane, L50|12\/100\n|turn|9\n|\n|t:|1701124319\n|move|p1b: Heatran|Heat Wave|p2b: Salamence|[spread] p2a,p2b\n|-resisted|p2b: Salamence\n|-damage|p2a: Flutter Mane|0 fnt\n|-damage|p2b: Salamence|76\/100\n|faint|p2a: Flutter Mane\n|-end|p2a: Flutter Mane|Protosynthesis|[silent]\n|-damage|p1b: Heatran|72\/100|[from] item: Life Orb\n|move|p2b: Salamence|Tailwind|p2b: Salamence\n|-sidestart|p2: d8finest|move: Tailwind\n|\n|upkeep\n|turn|10\n|\n|t:|1701124342\n|move|p2b: Salamence|Air Slash|p1b: Heatran\n|-damage|p1b: Heatran|57\/100\n|move|p1b: Heatran|Flash Cannon|p2b: Salamence\n|-damage|p2b: Salamence|17\/100\n|-damage|p1b: Heatran|48\/100|[from] item: Life Orb\n|\n|-sideend|p1: AtomX7VGC|move: Tailwind\n|upkeep\n|turn|11\n|\n|t:|1701124347\n|move|p2b: Salamence|Roost|p2b: Salamence\n|-heal|p2b: Salamence|67\/100\n|-singleturn|p2b: Salamence|move: Roost\n|move|p1b: Heatran|Flash Cannon|p2b: Salamence\n|-damage|p2b: Salamence|13\/100\n|-damage|p1b: Heatran|38\/100|[from] item: Life Orb\n|\n|upkeep\n|turn|12\n|\n|t:|1701124355\n|move|p2b: Salamence|Roost|p2b: Salamence\n|-heal|p2b: Salamence|63\/100\n|-singleturn|p2b: Salamence|move: Roost\n|move|p1b: Heatran|Flash Cannon|p2b: Salamence\n|-damage|p2b: Salamence|8\/100\n|-damage|p1b: Heatran|29\/100|[from] item: Life Orb\n|\n|-sideend|p2: d8finest|move: Tailwind\n|upkeep\n|turn|13\n|\n|t:|1701124367\n|move|p2b: Salamence|Roost|p2b: Salamence\n|-heal|p2b: Salamence|58\/100\n|-singleturn|p2b: Salamence|move: Roost\n|move|p1b: Heatran|Flash Cannon|p2b: Salamence\n|-damage|p2b: Salamence|0 fnt\n|faint|p2b: Salamence\n|-damage|p1b: Heatran|19\/100|[from] item: Life Orb\n|\n|win|AtomX7VGC\n|c|&|\/uhtml prompt-d8finest,d8finest is ready for game 3!\n|c|&|\/uhtml prompt-atomx7vgc,AtomX7VGC is ready for game 3!\nBoth players are ready! Starting next match!\n|l|\u2606d8finest\n","uploadtime":1701124732,"views":3,"p1id":"atomx7vgc","p2id":"d8finest","formatid":"gen9vgc2023regulatione","rating":0,"private":0,"password":""}