{"id":"gen9vgc2023regulatione-1996580397","p1":"Smug Bird","p2":"That_Hamos","format":"[Gen 9] VGC 2023 Regulation E","log":"|j|\u2606Smug Bird\n|j|\u2606That_Hamos\n|t:|1700696683\n|gametype|doubles\n|player|p1|Smug Bird|winona|1101\n|player|p2|That_Hamos|steven|1184\n|teamsize|p1|6\n|teamsize|p2|6\n|gen|9\n|tier|[Gen 9] VGC 2023 Regulation E\n|rated|\n|rule|Species Clause: Limit one of each Pok\u00e9mon\n|rule|Item Clause: Limit one of each item\n|clearpoke\n|poke|p1|Tornadus, L50, M|\n|poke|p1|Regidrago, L50|\n|poke|p1|Chi-Yu, L50|\n|poke|p1|Flutter Mane, L50|\n|poke|p1|Farigiraf, L50, F|\n|poke|p1|Rillaboom, L50, F|\n|poke|p2|Moltres, L50|\n|poke|p2|Politoed, L50, F|\n|poke|p2|Urshifu-*, L50, M|\n|poke|p2|Ogerpon-Wellspring, L50, F|\n|poke|p2|Spiritomb, L50, F|\n|poke|p2|Thundurus, L50, M|\n|teampreview|4\n|inactive|Battle timer is ON: inactive players will automatically lose when time's up. (requested by Smug Bird)\n|inactive|Smug Bird has 60 seconds left.\n|inactive|That_Hamos has 60 seconds left.\n|\n|t:|1700696728\n|start\n|switch|p1a: Smooth Criminal|Regidrago, L50|100\/100\n|switch|p1b: Moo|Farigiraf, L50, F|100\/100\n|switch|p2a: Spiritomb|Spiritomb, L50, F|100\/100\n|switch|p2b: Ogerpon|Ogerpon-Wellspring, L50, F|100\/100\n|turn|1\n|\n|t:|1700696742\n|move|p2b: Ogerpon|Spiky Shield|p2b: Ogerpon\n|-singleturn|p2b: Ogerpon|move: Protect\n|move|p1a: Smooth Criminal|Protect|p1a: Smooth Criminal\n|-singleturn|p1a: Smooth Criminal|Protect\n|move|p2a: Spiritomb|Snarl|p1b: Moo|[spread] p1b\n|-activate|p1a: Smooth Criminal|move: Protect\n|-supereffective|p1b: Moo\n|-damage|p1b: Moo|69\/100\n|-unboost|p1b: Moo|spa|1\n|move|p1b: Moo|Trick Room|p1b: Moo\n|-fieldstart|move: Trick Room|[of] p1b: Moo\n|\n|upkeep\n|turn|2\n|\n|t:|1700696761\n|-terastallize|p2b: Ogerpon|Water\n|detailschange|p2b: Ogerpon|Ogerpon-Wellspring-Tera, L50, F, tera:Water\n|-ability|p2b: Ogerpon|Embody Aspect (Wellspring)|boost\n|-boost|p2b: Ogerpon|spd|1\n|move|p2a: Spiritomb|Snarl|p1a: Smooth Criminal|[spread] p1a,p1b\n|-supereffective|p1b: Moo\n|-damage|p1a: Smooth Criminal|86\/100\n|-damage|p1b: Moo|42\/100\n|-unboost|p1a: Smooth Criminal|spa|1\n|-unboost|p1b: Moo|spa|1\n|move|p1b: Moo|Dazzling Gleam|p2a: Spiritomb|[spread] p2a,p2b\n|-supereffective|p2a: Spiritomb\n|-damage|p2a: Spiritomb|81\/100\n|-damage|p2b: Ogerpon|93\/100\n|move|p1a: Smooth Criminal|Dragon Energy|p2b: Ogerpon|[spread] p2a,p2b\n|-damage|p2a: Spiritomb|24\/100\n|-damage|p2b: Ogerpon|52\/100\n|move|p2b: Ogerpon|Ivy Cudgel|p1a: Smooth Criminal|[anim] Ivy Cudgel Water\n|-resisted|p1a: Smooth Criminal\n|-damage|p1a: Smooth Criminal|43\/100\n|\n|-heal|p2a: Spiritomb|30\/100|[from] item: Leftovers\n|upkeep\n|turn|3\n|inactive|Smug Bird has 30 seconds left.\n|\n|t:|1700696786\n|move|p2a: Spiritomb|Snarl|p1b: Moo|[spread] p1a,p1b\n|-supereffective|p1b: Moo\n|-damage|p1a: Smooth Criminal|29\/100\n|-damage|p1b: Moo|16\/100\n|-unboost|p1a: Smooth Criminal|spa|1\n|-unboost|p1b: Moo|spa|1\n|move|p1a: Smooth Criminal|Draco Meteor|p2b: Ogerpon\n|-damage|p2b: Ogerpon|15\/100\n|-unboost|p1a: Smooth Criminal|spa|2\n|move|p2b: Ogerpon|Horn Leech|p1b: Moo\n|-damage|p1b: Moo|0 fnt\n|-heal|p2b: Ogerpon|26\/100|[from] drain|[of] p1b: Moo\n|faint|p1b: Moo\n|\n|-heal|p2a: Spiritomb|36\/100|[from] item: Leftovers\n|upkeep\n|\n|t:|1700696801\n|switch|p1b: Band Kid|Rillaboom, L50, F|100\/100\n|-fieldstart|move: Grassy Terrain|[from] ability: Grassy Surge|[of] p1b: Band Kid\n|turn|4\n|\n|t:|1700696825\n|switch|p1a: Spooky Month|Flutter Mane, L50|100\/100\n|-enditem|p1a: Spooky Month|Booster Energy\n|-activate|p1a: Spooky Month|ability: Protosynthesis|[fromitem]\n|-start|p1a: Spooky Month|protosynthesisspa\n|move|p2b: Ogerpon|Spiky Shield|p2b: Ogerpon\n|-singleturn|p2b: Ogerpon|move: Protect\n|move|p1b: Band Kid|Grassy Glide|p2a: Spiritomb\n|-damage|p2a: Spiritomb|2\/100\n|move|p2a: Spiritomb|Will-O-Wisp|p1b: Band Kid\n|-status|p1b: Band Kid|brn\n|\n|-heal|p2a: Spiritomb|8\/100|[from] Grassy Terrain\n|-heal|p2a: Spiritomb|14\/100|[from] item: Leftovers\n|-heal|p2b: Ogerpon|32\/100|[from] Grassy Terrain\n|-damage|p1b: Band Kid|95\/100 brn|[from] brn\n|upkeep\n|turn|5\n|\n|t:|1700696846\n|move|p1a: Spooky Month|Protect|p1a: Spooky Month\n|-singleturn|p1a: Spooky Month|Protect\n|move|p2b: Ogerpon|Follow Me|p2b: Ogerpon\n|-singleturn|p2b: Ogerpon|move: Follow Me\n|move|p1b: Band Kid|Grassy Glide|p2b: Ogerpon\n|-supereffective|p2b: Ogerpon\n|-damage|p2b: Ogerpon|0 fnt\n|faint|p2b: Ogerpon\n|move|p2a: Spiritomb|Icy Wind|p1a: Spooky Month|[spread] p1b\n|-activate|p1a: Spooky Month|move: Protect\n|-supereffective|p1b: Band Kid\n|-damage|p1b: Band Kid|81\/100 brn\n|-unboost|p1b: Band Kid|spe|1\n|\n|-heal|p2a: Spiritomb|20\/100|[from] Grassy Terrain\n|-heal|p2a: Spiritomb|26\/100|[from] item: Leftovers\n|-heal|p1b: Band Kid|87\/100 brn|[from] Grassy Terrain\n|-damage|p1b: Band Kid|81\/100 brn|[from] brn\n|-fieldend|move: Trick Room\n|upkeep\n|inactive|That_Hamos has 30 seconds left.\n|\n|t:|1700696878\n|switch|p2b: Moltres|Moltres, L50|100\/100\n|turn|6\n|\n|t:|1700696897\n|move|p1a: Spooky Month|Shadow Ball|p2b: Moltres\n|-damage|p2b: Moltres|40\/100\n|move|p2b: Moltres|Burning Jealousy|p1a: Spooky Month|[spread] p1a,p1b\n|-supereffective|p1b: Band Kid\n|-damage|p1a: Spooky Month|68\/100\n|-damage|p1b: Band Kid|29\/100 brn\n|-damage|p2b: Moltres|30\/100|[from] item: Life Orb\n|move|p1b: Band Kid|Wood Hammer|p2a: Spiritomb\n|-damage|p2a: Spiritomb|0 fnt\n|faint|p2a: Spiritomb\n|-damage|p1b: Band Kid|22\/100 brn|[from] Recoil\n|\n|-heal|p1a: Spooky Month|74\/100|[from] Grassy Terrain\n|-heal|p1b: Band Kid|28\/100 brn|[from] Grassy Terrain\n|-damage|p1b: Band Kid|22\/100 brn|[from] brn\n|upkeep\n|\n|t:|1700696901\n|switch|p2a: Urshifu|Urshifu-Rapid-Strike, L50, M|100\/100\n|turn|7\n|\n|t:|1700696920\n|move|p1b: Band Kid|Grassy Glide|p2a: Urshifu\n|-supereffective|p2a: Urshifu\n|-damage|p2a: Urshifu|62\/100\n|move|p2a: Urshifu|Ice Spinner|p1a: Spooky Month\n|-damage|p1a: Spooky Month|14\/100\n|-fieldend|move: Grassy Terrain\n|move|p1a: Spooky Month|Shadow Ball|p2b: Moltres\n|-damage|p2b: Moltres|0 fnt\n|faint|p2b: Moltres\n|\n|-damage|p1b: Band Kid|16\/100 brn|[from] brn\n|upkeep\n|turn|8\n|\n|t:|1700696937\n|move|p2a: Urshifu|Ice Spinner|p1a: Spooky Month\n|-damage|p1a: Spooky Month|0 fnt\n|faint|p1a: Spooky Month\n|-end|p1a: Spooky Month|Protosynthesis|[silent]\n|move|p1b: Band Kid|Wood Hammer|p2a: Urshifu\n|-supereffective|p2a: Urshifu\n|-damage|p2a: Urshifu|0 fnt\n|faint|p2a: Urshifu\n|-damage|p1b: Band Kid|0 fnt|[from] Recoil\n|faint|p1b: Band Kid\n|\n|win|Smug Bird\n|raw|Smug Bird's rating: 1101 &rarr; <strong>1132<\/strong><br \/>(+31 for winning)\n|raw|That_Hamos's rating: 1184 &rarr; <strong>1153<\/strong><br \/>(-31 for losing)\n|l|\u2606That_Hamos\n","uploadtime":1700696947,"views":7,"p1id":"smugbird","p2id":"thathamos","formatid":"gen9vgc2023regulatione","rating":1132,"private":0,"password":""}