{"id":"gen9vgc2023regulatione-1996482281","p1":"SaLthFlyyy\u2661","p2":"slimejrlegit","format":"[Gen 9] VGC 2023 Regulation E","log":"|j|\u2606SaLthFlyyy\u2661\n|j|\u2606slimejrlegit\n|t:|1700686300\n|gametype|doubles\n|player|p1|SaLthFlyyy\u2661|169|1211\n|player|p2|slimejrlegit|170|1188\n|teamsize|p1|6\n|teamsize|p2|6\n|gen|9\n|tier|[Gen 9] VGC 2023 Regulation E\n|rated|\n|rule|Species Clause: Limit one of each Pok\u00e9mon\n|rule|Item Clause: Limit one of each item\n|clearpoke\n|poke|p1|Kommo-o, L50, M|\n|poke|p1|Tyranitar, L50, M|\n|poke|p1|Rillaboom, L50, F|\n|poke|p1|Flutter Mane, L50|\n|poke|p1|Arcanine-Hisui, L50, M|\n|poke|p1|Iron Bundle, L50|\n|poke|p2|Ceruledge, L50, F|\n|poke|p2|Brute Bonnet, L50|\n|poke|p2|Dondozo, L50, M|\n|poke|p2|Enamorus, L50, F|\n|poke|p2|Tatsugiri, L50, M|\n|poke|p2|Regieleki, L50|\n|teampreview|4\n|inactive|Battle timer is ON: inactive players will automatically lose when time's up. (requested by slimejrlegit)\n|\n|t:|1700686367\n|start\n|switch|p1a: Rillaboom|Rillaboom, L50, F|100\/100\n|switch|p1b: Tyranitar|Tyranitar, L50, M|100\/100\n|switch|p2a: BOZO|Dondozo, L50, M, shiny|100\/100\n|switch|p2b: Brute Bonnet|Brute Bonnet, L50|100\/100\n|-weather|Sandstorm|[from] ability: Sand Stream|[of] p1b: Tyranitar\n|-fieldstart|move: Grassy Terrain|[from] ability: Grassy Surge|[of] p1a: Rillaboom\n|-enditem|p2b: Brute Bonnet|Booster Energy\n|-activate|p2b: Brute Bonnet|ability: Protosynthesis|[fromitem]\n|-start|p2b: Brute Bonnet|protosynthesisspd\n|turn|1\n|\n|t:|1700686386\n|move|p2a: BOZO|Protect|p2a: BOZO\n|-singleturn|p2a: BOZO|Protect\n|move|p1b: Tyranitar|Knock Off|p2a: BOZO\n|-activate|p2a: BOZO|move: Protect\n|move|p1a: Rillaboom|Taunt|p2b: Brute Bonnet\n|-start|p2b: Brute Bonnet|move: Taunt\n|cant|p2b: Brute Bonnet|move: Taunt|Spore\n|\n|-weather|Sandstorm|[upkeep]\n|-damage|p1a: Rillaboom|95\/100|[from] Sandstorm\n|-damage|p2b: Brute Bonnet|95\/100|[from] Sandstorm\n|-damage|p2a: BOZO|94\/100|[from] Sandstorm\n|-heal|p1a: Rillaboom|100\/100|[from] Grassy Terrain\n|-heal|p2b: Brute Bonnet|100\/100|[from] Grassy Terrain\n|-heal|p2a: BOZO|100\/100|[from] Grassy Terrain\n|upkeep\n|turn|2\n|inactive|SaLthFlyyy\u2661 has 30 seconds left.\n|\n|t:|1700686418\n|switch|p1b: Kommo-o|Kommo-o, L50, M|100\/100\n|-end|p2b: Brute Bonnet|Protosynthesis|[silent]\n|switch|p2b: Tatsugiri|Tatsugiri, L50, M|100\/100\n|-activate|p2b: Tatsugiri|ability: Commander|[of] p2a: BOZO\n|-boost|p2a: BOZO|atk|2\n|-boost|p2a: BOZO|spa|2\n|-boost|p2a: BOZO|spe|2\n|-boost|p2a: BOZO|def|2\n|-boost|p2a: BOZO|spd|2\n|-terastallize|p2a: BOZO|Fairy\n|move|p2a: BOZO|Liquidation|p1b: Kommo-o\n|-resisted|p1b: Kommo-o\n|-damage|p1b: Kommo-o|77\/100\n|move|p1a: Rillaboom|Wood Hammer|p2a: BOZO\n|-damage|p2a: BOZO|67\/100\n|-damage|p1a: Rillaboom|87\/100|[from] Recoil\n|\n|-weather|Sandstorm|[upkeep]\n|-damage|p2b: Tatsugiri|94\/100|[from] Sandstorm\n|-damage|p1a: Rillaboom|81\/100|[from] Sandstorm\n|-damage|p2a: BOZO|61\/100|[from] Sandstorm\n|-damage|p1b: Kommo-o|71\/100|[from] Sandstorm\n|-heal|p2b: Tatsugiri|100\/100|[from] Grassy Terrain\n|-heal|p1a: Rillaboom|87\/100|[from] Grassy Terrain\n|-heal|p2a: BOZO|67\/100|[from] Grassy Terrain\n|-heal|p2a: BOZO|74\/100|[from] item: Leftovers\n|-heal|p1b: Kommo-o|77\/100|[from] Grassy Terrain\n|-heal|p1b: Kommo-o|83\/100|[from] item: Leftovers\n|upkeep\n|turn|3\n|inactive|SaLthFlyyy\u2661 has 30 seconds left.\n|inactive|SaLthFlyyy\u2661 has 20 seconds left.\n|inactive|SaLthFlyyy\u2661 has 15 seconds left.\n|inactive|SaLthFlyyy\u2661 has 10 seconds left.\n|\n|t:|1700686465\n|move|p1a: Rillaboom|Grassy Glide|p2a: BOZO\n|-damage|p2a: BOZO|59\/100\n|move|p2a: BOZO|Order Up|p1a: Rillaboom\n|-damage|p1a: Rillaboom|44\/100\n|-boost|p2a: BOZO|atk|1\n|move|p1b: Kommo-o|Iron Head|p2a: BOZO\n|-supereffective|p2a: BOZO\n|-damage|p2a: BOZO|47\/100\n|\n|-weather|Sandstorm|[upkeep]\n|-damage|p2b: Tatsugiri|94\/100|[from] Sandstorm\n|-damage|p2a: BOZO|41\/100|[from] Sandstorm\n|-damage|p1a: Rillaboom|38\/100|[from] Sandstorm\n|-damage|p1b: Kommo-o|77\/100|[from] Sandstorm\n|-heal|p2b: Tatsugiri|100\/100|[from] Grassy Terrain\n|-heal|p1a: Rillaboom|44\/100|[from] Grassy Terrain\n|-heal|p2a: BOZO|47\/100|[from] Grassy Terrain\n|-heal|p2a: BOZO|53\/100|[from] item: Leftovers\n|-heal|p1b: Kommo-o|83\/100|[from] Grassy Terrain\n|-heal|p1b: Kommo-o|90\/100|[from] item: Leftovers\n|upkeep\n|turn|4\n|\n|t:|1700686490\n|switch|p1a: Arcanine|Arcanine-Hisui, L50, M|100\/100\n|-ability|p1a: Arcanine|Intimidate|boost\n|-unboost|p2a: BOZO|atk|1\n|-unboost|p2b: Tatsugiri|atk|1\n|move|p2a: BOZO|Order Up|p1b: Kommo-o\n|-supereffective|p1b: Kommo-o\n|-damage|p1b: Kommo-o|25\/100\n|-boost|p2a: BOZO|atk|1\n|move|p1b: Kommo-o|Iron Defense|p1b: Kommo-o\n|-boost|p1b: Kommo-o|def|2\n|\n|-weather|Sandstorm|[upkeep]\n|-damage|p2b: Tatsugiri|94\/100|[from] Sandstorm\n|-damage|p2a: BOZO|47\/100|[from] Sandstorm\n|-damage|p1b: Kommo-o|19\/100|[from] Sandstorm\n|-heal|p2b: Tatsugiri|100\/100|[from] Grassy Terrain\n|-heal|p2a: BOZO|53\/100|[from] Grassy Terrain\n|-heal|p2a: BOZO|59\/100|[from] item: Leftovers\n|-heal|p1b: Kommo-o|25\/100|[from] Grassy Terrain\n|-heal|p1b: Kommo-o|31\/100|[from] item: Leftovers\n|upkeep\n|turn|5\n|inactive|SaLthFlyyy\u2661 has 30 seconds left.\n|\n|t:|1700686516\n|move|p2a: BOZO|Protect|p2a: BOZO\n|-singleturn|p2a: BOZO|Protect\n|move|p1b: Kommo-o|Protect|p1b: Kommo-o\n|-singleturn|p1b: Kommo-o|Protect\n|move|p1a: Arcanine|Howl|p1a: Arcanine|[spread] p1a,p1b\n|-boost|p1a: Arcanine|atk|1\n|-boost|p1b: Kommo-o|atk|1\n|\n|-weather|none\n|-heal|p2a: BOZO|65\/100|[from] Grassy Terrain\n|-heal|p2a: BOZO|72\/100|[from] item: Leftovers\n|-heal|p1b: Kommo-o|37\/100|[from] Grassy Terrain\n|-heal|p1b: Kommo-o|43\/100|[from] item: Leftovers\n|-fieldend|move: Grassy Terrain\n|upkeep\n|turn|6\n|c|\u2606slimejrlegit|Cute\n|inactive|SaLthFlyyy\u2661 has 30 seconds left.\n|\n|t:|1700686544\n|-terastallize|p1b: Kommo-o|Steel\n|move|p1a: Arcanine|Will-O-Wisp|p2a: BOZO\n|-status|p2a: BOZO|brn\n|move|p2a: BOZO|Earthquake|p1b: Kommo-o|[spread] p1a,p1b\n|-miss|p2a: BOZO|p2b: Tatsugiri\n|-supereffective|p1a: Arcanine\n|-supereffective|p1b: Kommo-o\n|-damage|p1a: Arcanine|0 fnt\n|-damage|p1b: Kommo-o|5\/100\n|faint|p1a: Arcanine\n|move|p1b: Kommo-o|Iron Head|p2a: BOZO\n|-supereffective|p2a: BOZO\n|-crit|p2a: BOZO\n|-damage|p2a: BOZO|11\/100 brn\n|\n|-heal|p2a: BOZO|17\/100 brn|[from] item: Leftovers\n|-heal|p1b: Kommo-o|11\/100|[from] item: Leftovers\n|-damage|p2a: BOZO|11\/100 brn|[from] brn\n|upkeep\n|j| Plazmic\n|\n|t:|1700686563\n|switch|p1a: Rillaboom|Rillaboom, L50, F|44\/100\n|-fieldstart|move: Grassy Terrain|[from] ability: Grassy Surge|[of] p1a: Rillaboom\n|turn|7\n|\n|t:|1700686598\n|move|p2a: BOZO|Protect|p2a: BOZO\n|-singleturn|p2a: BOZO|Protect\n|move|p1a: Rillaboom|Fake Out|p2a: BOZO\n|-activate|p2a: BOZO|move: Protect\n|move|p1b: Kommo-o|Iron Defense|p1b: Kommo-o\n|-boost|p1b: Kommo-o|def|2\n|\n|-heal|p1a: Rillaboom|50\/100|[from] Grassy Terrain\n|-heal|p2a: BOZO|17\/100 brn|[from] Grassy Terrain\n|-heal|p2a: BOZO|23\/100 brn|[from] item: Leftovers\n|-heal|p1b: Kommo-o|17\/100|[from] Grassy Terrain\n|-heal|p1b: Kommo-o|23\/100|[from] item: Leftovers\n|-damage|p2a: BOZO|17\/100 brn|[from] brn\n|upkeep\n|turn|8\n|\n|t:|1700686621\n|move|p1a: Rillaboom|Grassy Glide|p2a: BOZO\n|-damage|p2a: BOZO|2\/100 brn\n|move|p2a: BOZO|Liquidation|p1b: Kommo-o\n|-damage|p1b: Kommo-o|0 fnt\n|faint|p1b: Kommo-o\n|\n|-heal|p2a: BOZO|8\/100 brn|[from] Grassy Terrain\n|-heal|p1a: Rillaboom|56\/100|[from] Grassy Terrain\n|-heal|p2a: BOZO|15\/100 brn|[from] item: Leftovers\n|-damage|p2a: BOZO|8\/100 brn|[from] brn\n|upkeep\n|\n|t:|1700686630\n|switch|p1b: Tyranitar|Tyranitar, L50, M|100\/100\n|-weather|Sandstorm|[from] ability: Sand Stream|[of] p1b: Tyranitar\n|turn|9\n|c|\u2606slimejrlegit|So close\n|\n|t:|1700686648\n|move|p2a: BOZO|Protect|p2a: BOZO\n|-singleturn|p2a: BOZO|Protect\n|move|p1a: Rillaboom|Grassy Glide|p2a: BOZO\n|-activate|p2a: BOZO|move: Protect\n|move|p1b: Tyranitar|Knock Off|p2b: Tatsugiri|[miss]\n|-miss|p1b: Tyranitar|p2b: Tatsugiri\n|\n|-weather|Sandstorm|[upkeep]\n|-damage|p2b: Tatsugiri|94\/100|[from] Sandstorm\n|-damage|p2a: BOZO|2\/100 brn|[from] Sandstorm\n|-damage|p1a: Rillaboom|50\/100|[from] Sandstorm\n|-heal|p2b: Tatsugiri|100\/100|[from] Grassy Terrain\n|-heal|p1a: Rillaboom|56\/100|[from] Grassy Terrain\n|-heal|p2a: BOZO|8\/100 brn|[from] Grassy Terrain\n|-heal|p2a: BOZO|15\/100 brn|[from] item: Leftovers\n|-damage|p2a: BOZO|8\/100 brn|[from] brn\n|upkeep\n|turn|10\n|\n|t:|1700686669\n|move|p1a: Rillaboom|Grassy Glide|p2a: BOZO\n|-damage|p2a: BOZO|0 fnt\n|faint|p2a: BOZO\n|move|p1b: Tyranitar|Rock Slide|p2b: Tatsugiri\n|-damage|p2b: Tatsugiri|19\/100\n|\n|-weather|Sandstorm|[upkeep]\n|-damage|p2b: Tatsugiri|12\/100|[from] Sandstorm\n|-damage|p1a: Rillaboom|50\/100|[from] Sandstorm\n|-heal|p2b: Tatsugiri|19\/100|[from] Grassy Terrain\n|-heal|p1a: Rillaboom|56\/100|[from] Grassy Terrain\n|upkeep\n|\n|t:|1700686675\n|switch|p2a: Brute Bonnet|Brute Bonnet, L50|100\/100\n|turn|11\n|inactive|slimejrlegit has 30 seconds left.\n|\n|t:|1700686703\n|move|p2b: Tatsugiri|Icy Wind|p1b: Tyranitar|[spread] p1a,p1b\n|-supereffective|p1a: Rillaboom\n|-damage|p1a: Rillaboom|26\/100\n|-damage|p1b: Tyranitar|94\/100\n|-unboost|p1a: Rillaboom|spe|1\n|-unboost|p1b: Tyranitar|spe|1\n|move|p2a: Brute Bonnet|Spore|p1b: Tyranitar\n|-status|p1b: Tyranitar|slp|[from] move: Spore\n|cant|p1b: Tyranitar|slp\n|move|p1a: Rillaboom|Taunt|p2a: Brute Bonnet\n|-start|p2a: Brute Bonnet|move: Taunt\n|\n|-weather|Sandstorm|[upkeep]\n|-damage|p2b: Tatsugiri|12\/100|[from] Sandstorm\n|-damage|p2a: Brute Bonnet|95\/100|[from] Sandstorm\n|-damage|p1a: Rillaboom|20\/100|[from] Sandstorm\n|-heal|p2b: Tatsugiri|19\/100|[from] Grassy Terrain\n|-heal|p2a: Brute Bonnet|100\/100|[from] Grassy Terrain\n|-heal|p1b: Tyranitar|100\/100 slp|[from] Grassy Terrain\n|-heal|p1a: Rillaboom|26\/100|[from] Grassy Terrain\n|-fieldend|move: Grassy Terrain\n|upkeep\n|turn|12\n|inactive|SaLthFlyyy\u2661 has 30 seconds left.\n|\n|t:|1700686730\n|switch|p2b: Ceruledge|Ceruledge, L50, F|100\/100\n|move|p2a: Brute Bonnet|Pollen Puff|p1a: Rillaboom\n|-supereffective|p1a: Rillaboom\n|-damage|p1a: Rillaboom|0 fnt\n|faint|p1a: Rillaboom\n|cant|p1b: Tyranitar|slp\n|\n|-weather|Sandstorm|[upkeep]\n|-damage|p2b: Ceruledge|94\/100|[from] Sandstorm\n|-damage|p2a: Brute Bonnet|95\/100|[from] Sandstorm\n|upkeep\n|turn|13\n|-message|SaLthFlyyy\u2661 forfeited.\n|\n|win|slimejrlegit\n|raw|SaLthFlyyy\u2661's rating: 1211 &rarr; <strong>1184<\/strong><br \/>(-27 for losing)\n|raw|slimejrlegit's rating: 1188 &rarr; <strong>1215<\/strong><br \/>(+27 for winning)\n|l|\u2606SaLthFlyyy\u2661\n|l| Plazmic\n","uploadtime":1700686987,"views":2,"p1id":"salthflyyy","p2id":"slimejrlegit","formatid":"gen9vgc2023regulatione","rating":1184,"private":0,"password":""}