{"id":"gen9vgc2023regulatione-1990594922","p1":"taytayla","p2":"Tooper Sr","format":"[Gen 9] VGC 2023 Regulation E","log":"|j|\u2606taytayla\n|j|\u2606Tooper Sr\n|t:|1699984282\n|gametype|doubles\n|player|p1|taytayla|lady|1147\n|player|p2|Tooper Sr|swimmerf|1203\n|teamsize|p1|6\n|teamsize|p2|6\n|gen|9\n|tier|[Gen 9] VGC 2023 Regulation E\n|rated|\n|rule|Species Clause: Limit one of each Pok\u00e9mon\n|rule|Item Clause: Limit one of each item\n|clearpoke\n|poke|p1|Ambipom, L50, F|\n|poke|p1|Ninetales, L50, M|\n|poke|p1|Ogerpon-Hearthflame, L50, F|\n|poke|p1|Great Tusk, L50|\n|poke|p1|Iron Jugulis, L50|\n|poke|p1|Muk, L50, M|\n|poke|p2|Urshifu-*, L50, M|\n|poke|p2|Landorus-Therian, L50, M|\n|poke|p2|Rillaboom, L50, F|\n|poke|p2|Tornadus, L50, M|\n|poke|p2|Coalossal, L50, F|\n|poke|p2|Flutter Mane, L50|\n|teampreview|4\nTooper Sr rejected open team sheets.\n|\n|t:|1699984310\n|start\n|switch|p1a: Ambipom|Ambipom, L50, F|100\/100\n|switch|p1b: Muk|Muk, L50, M|100\/100\n|switch|p2a: Urshifu|Urshifu-Rapid-Strike, L50, M|100\/100\n|switch|p2b: Coalossal|Coalossal, L50, F|100\/100\n|turn|1\n|\n|t:|1699984332\n|-terastallize|p2b: Coalossal|Ground\n|move|p2a: Urshifu|Protect|p2a: Urshifu\n|-singleturn|p2a: Urshifu|Protect\n|move|p1a: Ambipom|Fake Out|p2b: Coalossal\n|-enditem|p1a: Ambipom|Normal Gem|[from] gem\n|-damage|p2b: Coalossal|84\/100\n|move|p1b: Muk|Poison Jab|p2b: Coalossal\n|-resisted|p2b: Coalossal\n|-damage|p2b: Coalossal|70\/100\n|cant|p2b: Coalossal|flinch\n|\n|upkeep\n|turn|2\n|\n|t:|1699984350\n|move|p2a: Urshifu|Aqua Jet|p2b: Coalossal\n|-supereffective|p2b: Coalossal\n|-damage|p2b: Coalossal|41\/100\n|-ability|p2b: Coalossal|Steam Engine|boost\n|-boost|p2b: Coalossal|spe|6\n|-enditem|p2b: Coalossal|Weakness Policy\n|-boost|p2b: Coalossal|atk|2|[from] item: Weakness Policy\n|-boost|p2b: Coalossal|spa|2|[from] item: Weakness Policy\n|move|p2b: Coalossal|Rock Slide|p1a: Ambipom|[spread] p1a,p1b\n|-damage|p1a: Ambipom|26\/100\n|-damage|p1b: Muk|57\/100\n|-enditem|p1b: Muk|Red Card|[of] p2b: Coalossal\n|drag|p2b: Landorus|Landorus-Therian, L50, M|100\/100\n|-ability|p2b: Landorus|Intimidate|boost\n|-unboost|p1a: Ambipom|atk|1\n|-unboost|p1b: Muk|atk|1\n|move|p1a: Ambipom|Last Resort|p2a: Urshifu\n|-damage|p2a: Urshifu|59\/100\n|move|p1b: Muk|Knock Off|p2b: Landorus\n|-damage|p2b: Landorus|77\/100\n|-enditem|p2b: Landorus|Choice Scarf|[from] move: Knock Off|[of] p1b: Muk\n|\n|-item|p1a: Ambipom|Red Card|[from] ability: Pickup\n|upkeep\n|turn|3\n|\n|t:|1699984382\n|switch|p1a: Iron Jugulis|Iron Jugulis, L50|100\/100\n|-enditem|p1a: Iron Jugulis|Booster Energy\n|-activate|p1a: Iron Jugulis|ability: Quark Drive|[fromitem]\n|-start|p1a: Iron Jugulis|quarkdrivespe\n|move|p2a: Urshifu|Surging Strikes|p1b: Muk\n|-crit|p1b: Muk\n|-damage|p1b: Muk|34\/100\n|-crit|p1b: Muk\n|-damage|p1b: Muk|13\/100\n|-crit|p1b: Muk\n|-damage|p1b: Muk|0 fnt\n|faint|p1b: Muk\n|-hitcount|p1: Muk|3\n|move|p2b: Landorus|Rock Slide|p1a: Iron Jugulis\n|-supereffective|p1a: Iron Jugulis\n|-damage|p1a: Iron Jugulis|32\/100\n|\n|upkeep\n|\n|t:|1699984400\n|switch|p1b: Ogerpon|Ogerpon-Hearthflame, L50, F|100\/100\n|-ability|p1b: Ogerpon|Mold Breaker\n|turn|4\n|\n|t:|1699984421\n|-terastallize|p1b: Ogerpon|Fire\n|detailschange|p1b: Ogerpon|Ogerpon-Hearthflame-Tera, L50, F, tera:Fire\n|-ability|p1b: Ogerpon|Embody Aspect (Hearthflame)|boost\n|-boost|p1b: Ogerpon|atk|1\n|move|p2a: Urshifu|Aqua Jet|p1a: Iron Jugulis\n|-damage|p1a: Iron Jugulis|5\/100\n|move|p1a: Iron Jugulis|Air Slash|p2a: Urshifu\n|-supereffective|p2a: Urshifu\n|-damage|p2a: Urshifu|0 fnt\n|faint|p2a: Urshifu\n|move|p1b: Ogerpon|Ivy Cudgel|p2b: Landorus|[anim] Ivy Cudgel Fire\n|-damage|p2b: Landorus|0 fnt\n|faint|p2b: Landorus\n|\n|upkeep\n|\n|t:|1699984434\n|switch|p2a: Coalossal|Coalossal, L50, F, tera:Ground|41\/100\n|switch|p2b: Flutter Mane|Flutter Mane, L50|100\/100\n|-enditem|p2b: Flutter Mane|Booster Energy\n|-activate|p2b: Flutter Mane|ability: Protosynthesis|[fromitem]\n|-start|p2b: Flutter Mane|protosynthesisspe\n|turn|5\n|\n|t:|1699984449\n|move|p2b: Flutter Mane|Dazzling Gleam|p1b: Ogerpon|[spread] p1a,p1b\n|-supereffective|p1a: Iron Jugulis\n|-resisted|p1b: Ogerpon\n|-crit|p1b: Ogerpon\n|-damage|p1a: Iron Jugulis|0 fnt\n|-damage|p1b: Ogerpon|72\/100\n|faint|p1a: Iron Jugulis\n|-end|p1a: Iron Jugulis|Quark Drive|[silent]\n|move|p1b: Ogerpon|Ivy Cudgel|p2b: Flutter Mane|[anim] Ivy Cudgel Fire\n|-damage|p2b: Flutter Mane|0 fnt\n|faint|p2b: Flutter Mane\n|-end|p2b: Flutter Mane|Protosynthesis|[silent]\n|move|p2a: Coalossal|Rock Slide|p1b: Ogerpon\n|-supereffective|p1b: Ogerpon\n|-damage|p1b: Ogerpon|0 fnt\n|faint|p1b: Ogerpon\n|\n|upkeep\n|\n|t:|1699984459\n|switch|p1b: Ambipom|Ambipom, L50, F|26\/100\n|turn|6\n|\n|t:|1699984462\n|move|p2a: Coalossal|Protect|p2a: Coalossal\n|-singleturn|p2a: Coalossal|Protect\n|move|p1b: Ambipom|Fake Out|p2a: Coalossal\n|-activate|p2a: Coalossal|move: Protect\n|\n|upkeep\n|turn|7\n|\n|t:|1699984470\n|move|p1b: Ambipom|Last Resort|p2a: Coalossal\n|-damage|p2a: Coalossal|0 fnt\n|faint|p2a: Coalossal\n|\n|win|taytayla\n|raw|taytayla's rating: 1147 &rarr; <strong>1176<\/strong><br \/>(+29 for winning)\n|raw|Tooper Sr's rating: 1203 &rarr; <strong>1174<\/strong><br \/>(-29 for losing)\n|l|\u2606Tooper Sr\n","uploadtime":1699984477,"views":9,"p1id":"taytayla","p2id":"toopersr","formatid":"gen9vgc2023regulatione","rating":1174,"private":0,"password":""}