{"id":"gen9vgc2023regulatione-1992711874","p1":"liang2023","p2":"ste lulu","format":"[Gen 9] VGC 2023 Regulation E","log":"|j|\u2606liang2023\n|j|\u2606ste lulu\n|t:|1700228056\n|gametype|doubles\n|player|p1|liang2023|lucas|1586\n|player|p2|ste lulu|lucas|1612\n|teamsize|p1|6\n|teamsize|p2|6\n|gen|9\n|tier|[Gen 9] VGC 2023 Regulation E\n|rated|\n|rule|Species Clause: Limit one of each Pok\u00e9mon\n|rule|Item Clause: Limit one of each item\n|clearpoke\n|poke|p1|Flutter Mane, L50|\n|poke|p1|Landorus-Therian, L50, M|\n|poke|p1|Tornadus, L50, M|\n|poke|p1|Urshifu-*, L50, M|\n|poke|p1|Iron Bundle, L50|\n|poke|p1|Chi-Yu, L50|\n|poke|p2|Fezandipiti, L50, M|\n|poke|p2|Landorus-Therian, L50, M|\n|poke|p2|Dondozo, L50, M|\n|poke|p2|Tatsugiri, L50, F|\n|poke|p2|Gholdengo, L50|\n|poke|p2|Ogerpon-Hearthflame, L50, F|\n|teampreview|4\n|\n|t:|1700228096\n|start\n|switch|p1a: Iron Bundle|Iron Bundle, L50|100\/100\n|switch|p1b: Urshifu|Urshifu-Rapid-Strike, L50, M|100\/100\n|switch|p2a: Fezandipiti|Fezandipiti, L50, M|100\/100\n|switch|p2b: Dondozo|Dondozo, L50, M|100\/100\n|-enditem|p1a: Iron Bundle|Booster Energy\n|-activate|p1a: Iron Bundle|ability: Quark Drive|[fromitem]\n|-start|p1a: Iron Bundle|quarkdrivespe\n|turn|1\n|\n|t:|1700228111\n|-terastallize|p1b: Urshifu|Water\n|move|p2b: Dondozo|Protect|p2b: Dondozo\n|-singleturn|p2b: Dondozo|Protect\n|move|p1a: Iron Bundle|Freeze-Dry|p2b: Dondozo\n|-activate|p2b: Dondozo|move: Protect\n|move|p1b: Urshifu|Surging Strikes|p2b: Dondozo\n|-resisted|p2b: Dondozo\n|-crit|p2b: Dondozo\n|-damage|p2b: Dondozo|90\/100\n|-resisted|p2b: Dondozo\n|-crit|p2b: Dondozo\n|-damage|p2b: Dondozo|79\/100\n|-resisted|p2b: Dondozo\n|-crit|p2b: Dondozo\n|-damage|p2b: Dondozo|69\/100\n|-hitcount|p2b: Dondozo|3\n|move|p2a: Fezandipiti|Dazzling Gleam|p1a: Iron Bundle|[spread] p1a,p1b\n|-damage|p1a: Iron Bundle|67\/100\n|-damage|p1b: Urshifu|76\/100\n|-status|p1b: Urshifu|tox|[from] ability: Toxic Chain|[of] p2a: Fezandipiti\n|\n|-heal|p2b: Dondozo|75\/100|[from] item: Leftovers\n|-damage|p1b: Urshifu|70\/100 tox|[from] psn\n|upkeep\n|turn|2\n|\n|t:|1700228136\n|switch|p2b: Ogerpon|Ogerpon-Hearthflame, L50, F|100\/100\n|-ability|p2b: Ogerpon|Mold Breaker\n|move|p1a: Iron Bundle|Freeze-Dry|p2b: Ogerpon\n|-damage|p2b: Ogerpon|58\/100\n|move|p1b: Urshifu|Surging Strikes|p2b: Ogerpon\n|-crit|p2b: Ogerpon\n|-damage|p2b: Ogerpon|16\/100\n|-crit|p2b: Ogerpon\n|-damage|p2b: Ogerpon|0 fnt\n|faint|p2b: Ogerpon\n|-hitcount|p2: Ogerpon|2\n|move|p2a: Fezandipiti|Dazzling Gleam|p1b: Urshifu|[spread] p1a,p1b\n|-crit|p1b: Urshifu\n|-damage|p1a: Iron Bundle|34\/100\n|-damage|p1b: Urshifu|34\/100 tox\n|\n|-damage|p1b: Urshifu|22\/100 tox|[from] psn\n|upkeep\n|\n|t:|1700228146\n|switch|p2b: Dondozo|Dondozo, L50, M|75\/100\n|turn|3\n|j| joesfuturebf\n|\n|t:|1700228176\n|switch|p2a: Tatsugiri|Tatsugiri, L50, F|100\/100\n|-activate|p2a: Tatsugiri|ability: Commander|[of] p2b: Dondozo\n|-boost|p2b: Dondozo|atk|2\n|-boost|p2b: Dondozo|spa|2\n|-boost|p2b: Dondozo|spe|2\n|-boost|p2b: Dondozo|def|2\n|-boost|p2b: Dondozo|spd|2\n|move|p1a: Iron Bundle|Freeze-Dry|p2a: Tatsugiri|[miss]\n|-miss|p1a: Iron Bundle|p2a: Tatsugiri\n|move|p2b: Dondozo|Earthquake|p1a: Iron Bundle|[spread] p1a,p1b\n|-miss|p2b: Dondozo|p2a: Tatsugiri\n|-damage|p1a: Iron Bundle|0 fnt\n|-damage|p1b: Urshifu|0 fnt\n|faint|p1a: Iron Bundle\n|-end|p1a: Iron Bundle|Quark Drive|[silent]\n|faint|p1b: Urshifu\n|\n|-heal|p2b: Dondozo|82\/100|[from] item: Leftovers\n|upkeep\n|\n|t:|1700228193\n|switch|p1a: Tornadus|Tornadus, L50, M|100\/100\n|switch|p1b: Flutter Mane|Flutter Mane, L50, shiny|100\/100\n|turn|4\n|j| daafjeweerwolfje\n|\n|t:|1700228205\n|move|p1b: Flutter Mane|Shadow Ball|p2b: Dondozo\n|-crit|p2b: Dondozo\n|-damage|p2b: Dondozo|9\/100\n|-unboost|p2b: Dondozo|spd|1\n|move|p2b: Dondozo|Wave Crash|p1b: Flutter Mane\n|-enditem|p1b: Flutter Mane|Focus Sash\n|-damage|p1b: Flutter Mane|1\/100\n|-damage|p2b: Dondozo|0 fnt|[from] Recoil\n|faint|p2b: Dondozo\n|move|p1a: Tornadus|Bleakwind Storm|p2a: Tatsugiri\n|-damage|p2a: Tatsugiri|39\/100\n|-unboost|p2a: Tatsugiri|spe|1\n|\n|upkeep\n|\n|t:|1700228212\n|switch|p2b: Fezandipiti|Fezandipiti, L50, M|100\/100\n|turn|5\n|\n|t:|1700228222\n|move|p2a: Tatsugiri|Protect|p2a: Tatsugiri\n|-singleturn|p2a: Tatsugiri|Protect\n|move|p1b: Flutter Mane|Dazzling Gleam|p2b: Fezandipiti|[spread] p2b\n|-activate|p2a: Tatsugiri|move: Protect\n|-resisted|p2b: Fezandipiti\n|-damage|p2b: Fezandipiti|89\/100\n|move|p1a: Tornadus|Bleakwind Storm|p2b: Fezandipiti|[spread] \n|-activate|p2a: Tatsugiri|move: Protect\n|-miss|p1a: Tornadus|p2b: Fezandipiti\n|move|p2b: Fezandipiti|Dazzling Gleam|p1a: Tornadus|[spread] p1a,p1b\n|-damage|p1a: Tornadus|78\/100\n|-damage|p1b: Flutter Mane|0 fnt\n|faint|p1b: Flutter Mane\n|-end|p1b: Flutter Mane|Protosynthesis|[silent]\n|\n|upkeep\n|turn|6\n|\n|t:|1700228239\n|move|p1a: Tornadus|Bleakwind Storm|p2a: Tatsugiri|[spread] p2a\n|-miss|p1a: Tornadus|p2b: Fezandipiti\n|-damage|p2a: Tatsugiri|0 fnt\n|faint|p2a: Tatsugiri\n|move|p2b: Fezandipiti|Icy Wind|p1a: Tornadus\n|-supereffective|p1a: Tornadus\n|-damage|p1a: Tornadus|45\/100\n|-unboost|p1a: Tornadus|spe|1\n|\n|upkeep\n|turn|7\n|\n|t:|1700228249\n|move|p2b: Fezandipiti|Icy Wind|p1a: Tornadus\n|-supereffective|p1a: Tornadus\n|-damage|p1a: Tornadus|17\/100\n|-unboost|p1a: Tornadus|spe|1\n|move|p1a: Tornadus|Bleakwind Storm|p2b: Fezandipiti\n|-damage|p2b: Fezandipiti|54\/100\n|-unboost|p2b: Fezandipiti|spe|1\n|\n|upkeep\n|turn|8\n|\n|t:|1700228258\n|move|p2b: Fezandipiti|Dazzling Gleam|p1a: Tornadus\n|-damage|p1a: Tornadus|0 fnt\n|faint|p1a: Tornadus\n|\n|win|ste lulu\n|raw|liang2023's rating: 1586 &rarr; <strong>1567<\/strong><br \/>(-19 for losing)\n|raw|ste lulu's rating: 1612 &rarr; <strong>1631<\/strong><br \/>(+19 for winning)\n|l| daafjeweerwolfje\n|l|\u2606liang2023\n","uploadtime":1700228266,"views":21,"p1id":"liang2023","p2id":"stelulu","formatid":"gen9vgc2023regulatione","rating":1567,"private":0,"password":""}