{"id":"gen9vgc2023regulatione-1989244323","p1":"ImTiredBoss","p2":"septEMBERplayer","format":"[Gen 9] VGC 2023 Regulation E","log":"|j|\u2606ImTiredBoss\n|j|\u2606septEMBERplayer\n|n|\u2606ImTiredBoss|imtiredboss\n|n|\u2606septEMBERplayer|septemberplayer\n|html|View the match progress at <a href=\"\/game-bestof3-gen9vgc2023regulatione-1989244322\">game-bestof3-gen9vgc2023regulatione-1989244322<\/a>\n|t:|1699827381\n|gametype|doubles\n|player|p1|ImTiredBoss|giovanni|\n|player|p2|septEMBERplayer|hoopster|\n|teamsize|p1|6\n|teamsize|p2|6\n|gen|9\n|tier|[Gen 9] VGC 2023 Regulation E\n|rule|Species Clause: Limit one of each Pok\u00e9mon\n|rule|Item Clause: Limit one of each item\n|clearpoke\n|poke|p1|Cresselia, L50, F|\n|poke|p1|Ursaluna-Bloodmoon, L50, M|\n|poke|p1|Arcanine-Hisui, L50, F|\n|poke|p1|Chien-Pao, L50|\n|poke|p1|Flutter Mane, L50|\n|poke|p1|Ogerpon-Wellspring, L50, F|\n|poke|p2|Amoonguss, L50, M|\n|poke|p2|Iron Hands, L50|\n|poke|p2|Landorus-Therian, L50, M|\n|poke|p2|Chi-Yu, L50|\n|poke|p2|Iron Bundle, L50|\n|poke|p2|Flutter Mane, L50|\n|teampreview|4\nseptEMBERplayer has agreed to open team sheets.\nImTiredBoss has agreed to open team sheets.\n|showteam|p1|Cresselia||SafetyGoggles|Levitate|LunarBlessing,TrickRoom,Moonblast,Psychic|||F|||50|,,,,,Fire]Ursaluna-Bloodmoon||SilkScarf|MindsEye|EarthPower,HyperVoice,BloodMoon,Protect|||M|||50|,,,,,Ghost]Arcanine-Hisui||ChoiceBand|Intimidate|TeraBlast,FlareBlitz,RockSlide,ExtremeSpeed|||F|||50|,,,,,Fairy]Chien-Pao||FocusSash|SwordofRuin|LashOut,IceSpinner,SuckerPunch,Protect||||||50|,,,,,Ghost]Flutter Mane||BoosterEnergy|Protosynthesis|IcyWind,Moonblast,ShadowBall,Protect||||||50|,,,,,Fairy]Ogerpon-Wellspring||WellspringMask|WaterAbsorb|IvyCudgel,FollowMe,PowerWhip,SpikyShield|||F|||50|,,,,,Water\n|showteam|p2|Amoonguss||SitrusBerry|Regenerator|Protect,Spore,RagePowder,PollenPuff|||M|||50|,,,,,Water]Iron Hands||AssaultVest|QuarkDrive|FakeOut,HeavySlam,DrainPunch,WildCharge||||||50|,,,,,Fire]Landorus-Therian||ChoiceScarf|Intimidate|Uturn,RockSlide,StompingTantrum,TeraBlast|||M|||50|,,,,,Flying]Chi-Yu||ChoiceSpecs|BeadsofRuin|Snarl,HeatWave,DarkPulse,Overheat||||||50|,,,,,Ghost]Iron Bundle||BoosterEnergy|QuarkDrive|Protect,IcyWind,FreezeDry,HydroPump||||||50|,,,,,Ghost]Flutter Mane||PixiePlate|Protosynthesis|Protect,Substitute,DazzlingGleam,Moonblast||||||50|,,,,,Fairy\n|\n|t:|1699827424\n|start\n|switch|p1a: FlgPoleSitta|Flutter Mane, L50, shiny|100\/100\n|switch|p1b: Oricorio Flow|Ogerpon-Wellspring, L50, F|100\/100\n|switch|p2a: Iron Hands|Iron Hands, L50|100\/100\n|switch|p2b: Chi-Yu|Chi-Yu, L50|100\/100\n|-ability|p2b: Chi-Yu|Beads of Ruin\n|-enditem|p1a: FlgPoleSitta|Booster Energy\n|-activate|p1a: FlgPoleSitta|ability: Protosynthesis|[fromitem]\n|-start|p1a: FlgPoleSitta|protosynthesisspe\n|turn|1\n|\n|t:|1699827441\n|move|p2a: Iron Hands|Fake Out|p1b: Oricorio Flow\n|-damage|p1b: Oricorio Flow|84\/100\n|move|p1a: FlgPoleSitta|Moonblast|p2a: Iron Hands\n|-supereffective|p2a: Iron Hands\n|-damage|p2a: Iron Hands|37\/100\n|move|p2b: Chi-Yu|Overheat|p1a: FlgPoleSitta\n|-damage|p1a: FlgPoleSitta|0 fnt\n|-unboost|p2b: Chi-Yu|spa|2\n|faint|p1a: FlgPoleSitta\n|-end|p1a: FlgPoleSitta|Protosynthesis|[silent]\n|cant|p1b: Oricorio Flow|flinch\n|\n|upkeep\n|\n|t:|1699827452\n|switch|p1a: FireStarter|Arcanine-Hisui, L50, F|100\/100\n|-ability|p1a: FireStarter|Intimidate|boost\n|-unboost|p2a: Iron Hands|atk|1\n|-unboost|p2b: Chi-Yu|atk|1\n|turn|2\n|\n|t:|1699827462\n|switch|p2b: Iron Bundle|Iron Bundle, L50|100\/100\n|-enditem|p2b: Iron Bundle|Booster Energy\n|-activate|p2b: Iron Bundle|ability: Quark Drive|[fromitem]\n|-start|p2b: Iron Bundle|quarkdrivespe\n|move|p1b: Oricorio Flow|Ivy Cudgel|p2b: Iron Bundle\n|-resisted|p2b: Iron Bundle\n|-damage|p2b: Iron Bundle|66\/100\n|move|p1a: FireStarter|Flare Blitz|p2b: Iron Bundle\n|-damage|p2b: Iron Bundle|0 fnt\n|faint|p2b: Iron Bundle\n|-end|p2b: Iron Bundle|Quark Drive|[silent]\n|-damage|p1a: FireStarter|84\/100|[from] Recoil\n|move|p2a: Iron Hands|Drain Punch|p1a: FireStarter\n|-supereffective|p1a: FireStarter\n|-damage|p1a: FireStarter|17\/100\n|-heal|p2a: Iron Hands|62\/100|[from] drain|[of] p1a: FireStarter\n|\n|upkeep\n|\n|t:|1699827501\n|switch|p2b: Chi-Yu|Chi-Yu, L50|100\/100\n|-ability|p2b: Chi-Yu|Beads of Ruin\n|turn|3\n|\n|t:|1699827522\n|switch|p1a: PipPopPlop|Cresselia, L50, F|100\/100\n|-terastallize|p2b: Chi-Yu|Ghost\n|move|p1b: Oricorio Flow|Spiky Shield|p1b: Oricorio Flow\n|-singleturn|p1b: Oricorio Flow|move: Protect\n|move|p2b: Chi-Yu|Heat Wave|p1a: PipPopPlop|[spread] p1a\n|-activate|p1b: Oricorio Flow|move: Protect\n|-damage|p1a: PipPopPlop|61\/100\n|move|p2a: Iron Hands|Drain Punch|p1b: Oricorio Flow\n|-activate|p1b: Oricorio Flow|move: Protect\n|-damage|p2a: Iron Hands|50\/100|[from] Spiky Shield|[of] p1b: Oricorio Flow\n|\n|upkeep\n|turn|4\n|\n|t:|1699827535\n|-terastallize|p1b: Oricorio Flow|Water\n|detailschange|p1b: Oricorio Flow|Ogerpon-Wellspring-Tera, L50, F, tera:Water\n|-ability|p1b: Oricorio Flow|Embody Aspect (Wellspring)|boost\n|-boost|p1b: Oricorio Flow|spd|1\n|move|p2b: Chi-Yu|Heat Wave|p1b: Oricorio Flow|[spread] p1a,p1b\n|-resisted|p1b: Oricorio Flow\n|-damage|p1a: PipPopPlop|23\/100\n|-damage|p1b: Oricorio Flow|59\/100\n|move|p1b: Oricorio Flow|Ivy Cudgel|p2a: Iron Hands\n|-damage|p2a: Iron Hands|0 fnt\n|faint|p2a: Iron Hands\n|-end|p2a: Iron Hands|Quark Drive|[silent]\n|move|p1a: PipPopPlop|Trick Room|p1a: PipPopPlop\n|-fieldstart|move: Trick Room|[of] p1a: PipPopPlop\n|\n|upkeep\n|\n|t:|1699827545\n|switch|p2a: Flutter Mane|Flutter Mane, L50|100\/100\n|turn|5\n|\n|t:|1699827560\n|move|p1a: PipPopPlop|Lunar Blessing|p1a: PipPopPlop|[spread] p1a,p1b\n|-heal|p1a: PipPopPlop|47\/100\n|-heal|p1b: Oricorio Flow|84\/100\n|move|p1b: Oricorio Flow|Ivy Cudgel|p2a: Flutter Mane\n|-damage|p2a: Flutter Mane|0 fnt\n|faint|p2a: Flutter Mane\n|-end|p2a: Flutter Mane|Protosynthesis|[silent]\n|move|p2b: Chi-Yu|Heat Wave|p1b: Oricorio Flow|[spread] p1a,p1b\n|-resisted|p1b: Oricorio Flow\n|-damage|p1a: PipPopPlop|7\/100\n|-damage|p1b: Oricorio Flow|59\/100\n|\n|upkeep\n|turn|6\n|-message|septEMBERplayer forfeited.\n|\n|win|ImTiredBoss\n|c|&|\/uhtml prompt-septemberplayer,septEMBERplayer is ready for game 2!\n|c|&|\/uhtml prompt-imtiredboss,ImTiredBoss is ready for game 2!\nBoth players are ready! Starting next match!\n|l|\u2606ImTiredBoss\n","uploadtime":1699828076,"views":16,"p1id":"imtiredboss","p2id":"septemberplayer","formatid":"gen9vgc2023regulatione","rating":0,"private":0,"password":""}