{"id":"gen9vgc2023regulatione-2000450640","p1":"ilsommo359","p2":"Nakafuyu Yuki","format":"[Gen 9] VGC 2023 Regulation E","log":"|j|\u2606ilsommo359\n|j|\u2606Nakafuyu Yuki\n|n|\u2606ilsommo359|ilsommo359\n|n|\u2606Nakafuyu Yuki|nakafuyuyuki\n|html|View the match progress at <a href=\"\/game-bestof3-gen9vgc2023regulatione-2000447077\">game-bestof3-gen9vgc2023regulatione-2000447077<\/a>\n|t:|1701195871\n|gametype|doubles\n|player|p1|ilsommo359|1|\n|player|p2|Nakafuyu Yuki|lucas|\n|teamsize|p1|6\n|teamsize|p2|6\n|gen|9\n|tier|[Gen 9] VGC 2023 Regulation E\n|rule|Species Clause: Limit one of each Pok\u00e9mon\n|rule|Item Clause: Limit one of each item\n|clearpoke\n|poke|p1|Armarouge, L50, M|\n|poke|p1|Indeedee-F, L50, F|\n|poke|p1|Torkoal, L50, M|\n|poke|p1|Gastrodon-East, L50, F|\n|poke|p1|Iron Hands, L50|\n|poke|p1|Mimikyu, L50, M|\n|poke|p2|Indeedee-F, L50, F|\n|poke|p2|Armarouge, L50, F|\n|poke|p2|Ursaluna, L50, F|\n|poke|p2|Gardevoir, L50, F|\n|poke|p2|Torkoal, L50, F|\n|poke|p2|Ogerpon-Wellspring, L50, F|\n|teampreview|4\n|inactive|Battle timer is ON: inactive players will automatically lose when time's up. (requested by Nakafuyu Yuki)\n|\n|t:|1701195882\n|start\n|switch|p1a: Armarouge|Armarouge, L50, M, shiny|100\/100\n|switch|p1b: Indeedee|Indeedee-F, L50, F|100\/100\n|switch|p2a: Indeedee|Indeedee-F, L50, F|100\/100\n|switch|p2b: Armarouge|Armarouge, L50, F|100\/100\n|-fieldstart|move: Psychic Terrain|[from] ability: Psychic Surge|[of] p1b: Indeedee\n|-enditem|p2a: Indeedee|Psychic Seed\n|-boost|p2a: Indeedee|spd|1|[from] item: Psychic Seed\n|-enditem|p1b: Indeedee|Psychic Seed\n|-boost|p1b: Indeedee|spd|1|[from] item: Psychic Seed\n|turn|1\n|inactive|ilsommo359 has 30 seconds left.\n|\n|t:|1701195915\n|switch|p1b: Torkoal|Torkoal, L50, M|100\/100\n|-weather|SunnyDay|[from] ability: Drought|[of] p1b: Torkoal\n|move|p2a: Indeedee|Follow Me|p2a: Indeedee\n|-singleturn|p2a: Indeedee|move: Follow Me\n|move|p1a: Armarouge|Expanding Force|p2b: Armarouge|[spread] p2a,p2b\n|-resisted|p2a: Indeedee\n|-resisted|p2b: Armarouge\n|-damage|p2a: Indeedee|72\/100\n|-damage|p2b: Armarouge|59\/100\n|-damage|p1a: Armarouge|91\/100|[from] item: Life Orb\n|move|p2b: Armarouge|Trick Room|p2b: Armarouge\n|-fieldstart|move: Trick Room|[of] p2b: Armarouge\n|\n|-weather|SunnyDay|[upkeep]\n|upkeep\n|turn|2\n|inactive|ilsommo359 has 30 seconds left.\n|inactive|Nakafuyu Yuki has 30 seconds left.\n|\n|t:|1701195950\n|-terastallize|p2b: Armarouge|Grass\n|move|p2a: Indeedee|Helping Hand|p2b: Armarouge\n|-singleturn|p2b: Armarouge|Helping Hand|[of] p2a: Indeedee\n|move|p1b: Torkoal|Earth Power|p2b: Armarouge\n|-resisted|p2b: Armarouge\n|-damage|p2b: Armarouge|44\/100\n|move|p1a: Armarouge|Expanding Force|p2a: Indeedee|[spread] p2a,p2b\n|-resisted|p2a: Indeedee\n|-damage|p2a: Indeedee|42\/100\n|-damage|p2b: Armarouge|0 fnt\n|faint|p2b: Armarouge\n|-damage|p1a: Armarouge|81\/100|[from] item: Life Orb\n|\n|-weather|SunnyDay|[upkeep]\n|upkeep\n|\n|t:|1701195959\n|switch|p2b: Ursaluna|Ursaluna, L50, F|100\/100\n|turn|3\n|\n|t:|1701195979\n|-terastallize|p1b: Torkoal|Fire\n|move|p2b: Ursaluna|Protect|p2b: Ursaluna\n|-singleturn|p2b: Ursaluna|Protect\n|move|p1b: Torkoal|Eruption|p2a: Indeedee|[spread] p2a\n|-activate|p2b: Ursaluna|move: Protect\n|-damage|p2a: Indeedee|0 fnt\n|faint|p2a: Indeedee\n|move|p1a: Armarouge|Expanding Force|p2b: Ursaluna\n|-activate|p2b: Ursaluna|move: Protect\n|\n|-weather|SunnyDay|[upkeep]\n|-status|p2b: Ursaluna|brn|[from] item: Flame Orb\n|upkeep\n|\n|t:|1701195986\n|switch|p2a: Torkoal|Torkoal, L50, F|100\/100\n|turn|4\n|\n|t:|1701195999\n|move|p2a: Torkoal|Protect|p2a: Torkoal\n|-singleturn|p2a: Torkoal|Protect\n|move|p1b: Torkoal|Earth Power|p2a: Torkoal\n|-activate|p2a: Torkoal|move: Protect\n|move|p2b: Ursaluna|Earthquake|p1a: Armarouge|[spread] p1a,p1b\n|-activate|p2a: Torkoal|move: Protect\n|-supereffective|p1a: Armarouge\n|-supereffective|p1b: Torkoal\n|-damage|p1a: Armarouge|0 fnt\n|-damage|p1b: Torkoal|11\/100\n|faint|p1a: Armarouge\n|\n|-weather|SunnyDay|[upkeep]\n|-damage|p2b: Ursaluna|95\/100 brn|[from] brn\n|upkeep\n|\n|t:|1701196003\n|switch|p1a: Iron Hands|Iron Hands, L50|100\/100\n|turn|5\n|\n|t:|1701196014\n|move|p1b: Torkoal|Earth Power|p2a: Torkoal\n|-supereffective|p2a: Torkoal\n|-damage|p2a: Torkoal|37\/100\n|move|p2a: Torkoal|Earth Power|p1b: Torkoal\n|-supereffective|p1b: Torkoal\n|-damage|p1b: Torkoal|0 fnt\n|faint|p1b: Torkoal\n|move|p1a: Iron Hands|Drain Punch|p2b: Ursaluna\n|-supereffective|p2b: Ursaluna\n|-damage|p2b: Ursaluna|31\/100 brn\n|move|p2b: Ursaluna|Headlong Rush|p1a: Iron Hands\n|-supereffective|p1a: Iron Hands\n|-damage|p1a: Iron Hands|0 fnt\n|-unboost|p2b: Ursaluna|def|1\n|-unboost|p2b: Ursaluna|spd|1\n|faint|p1a: Iron Hands\n|-end|p1a: Iron Hands|Quark Drive|[silent]\n|\n|-weather|none\n|-damage|p2b: Ursaluna|25\/100 brn|[from] brn\n|-fieldend|move: Trick Room\n|-fieldend|move: Psychic Terrain\n|upkeep\n|\n|t:|1701196034\n|switch|p1b: Indeedee|Indeedee-F, L50, F|100\/100\n|-fieldstart|move: Psychic Terrain|[from] ability: Psychic Surge|[of] p1b: Indeedee\n|turn|6\n|\n|t:|1701196041\n|move|p1b: Indeedee|Dazzling Gleam|p2b: Ursaluna|[spread] p2a,p2b\n|-resisted|p2a: Torkoal\n|-damage|p2a: Torkoal|29\/100\n|-damage|p2b: Ursaluna|10\/100 brn\n|move|p2b: Ursaluna|Facade|p1b: Indeedee\n|-damage|p1b: Indeedee|0 fnt\n|faint|p1b: Indeedee\n|\n|win|Nakafuyu Yuki\n|c|\u2606Nakafuyu Yuki|gg\n","uploadtime":1701196578,"views":6,"p1id":"ilsommo359","p2id":"nakafuyuyuki","formatid":"gen9vgc2023regulatione","rating":0,"private":0,"password":""}