{"id":"gen9vgc2023regulatione-1992157410","p1":"Rox_Roxanne","p2":"Nakoto Ris","format":"[Gen 9] VGC 2023 Regulation E","log":"|j|\u2606Rox_Roxanne\n|j|\u2606Nakoto Ris\n|t:|1700159782\n|gametype|doubles\n|player|p1|Rox_Roxanne|hilda|1136\n|player|p2|Nakoto Ris|169|1057\n|teamsize|p1|6\n|teamsize|p2|6\n|gen|9\n|tier|[Gen 9] VGC 2023 Regulation E\n|rated|\n|rule|Species Clause: Limit one of each Pok\u00e9mon\n|rule|Item Clause: Limit one of each item\n|clearpoke\n|poke|p1|Landorus-Therian, L50, M|\n|poke|p1|Roaring Moon, L50|\n|poke|p1|Iron Hands, L50|\n|poke|p1|Urshifu-*, L50, F|\n|poke|p1|Flutter Mane, L50|\n|poke|p1|Chi-Yu, L50|\n|poke|p2|Rillaboom, L50, M|\n|poke|p2|Arcanine-Hisui, L50, M|\n|poke|p2|Urshifu-*, L50, M|\n|poke|p2|Iron Bundle, L50|\n|poke|p2|Kilowattrel, L50, M|\n|poke|p2|Gholdengo, L50|\n|teampreview|4\nRox_Roxanne has agreed to open team sheets.\n|inactive|Battle timer is ON: inactive players will automatically lose when time's up. (requested by Nakoto Ris)\n|\n|t:|1700159809\n|start\n|switch|p1a: Landorus|Landorus-Therian, L50, M|100\/100\n|switch|p1b: Roaring Moon|Roaring Moon, L50|100\/100\n|switch|p2a: Kilowattrel|Kilowattrel, L50, M|100\/100\n|switch|p2b: Iron Bundle|Iron Bundle, L50|100\/100\n|-ability|p1a: Landorus|Intimidate|boost\n|-unboost|p2a: Kilowattrel|atk|1\n|-ability|p2a: Kilowattrel|Competitive|boost\n|-boost|p2a: Kilowattrel|spa|2\n|-unboost|p2b: Iron Bundle|atk|1\n|-enditem|p2b: Iron Bundle|Booster Energy\n|-activate|p2b: Iron Bundle|ability: Quark Drive|[fromitem]\n|-start|p2b: Iron Bundle|quarkdrivespe\n|-enditem|p1b: Roaring Moon|Booster Energy\n|-activate|p1b: Roaring Moon|ability: Protosynthesis|[fromitem]\n|-start|p1b: Roaring Moon|protosynthesisatk\n|turn|1\n|\n|t:|1700159828\n|move|p1b: Roaring Moon|Protect|p1b: Roaring Moon\n|-singleturn|p1b: Roaring Moon|Protect\n|move|p2b: Iron Bundle|Freeze-Dry|p1b: Roaring Moon\n|-activate|p1b: Roaring Moon|move: Protect\n|move|p2a: Kilowattrel|Tailwind|p2a: Kilowattrel\n|-sidestart|p2: Nakoto Ris|move: Tailwind\n|move|p1a: Landorus|Rock Slide|p2b: Iron Bundle|[spread] p2a,p2b\n|-supereffective|p2a: Kilowattrel\n|-supereffective|p2b: Iron Bundle\n|-damage|p2a: Kilowattrel|21\/100\n|-damage|p2b: Iron Bundle|49\/100\n|\n|upkeep\n|turn|2\n|inactive|Rox_Roxanne has 30 seconds left.\n|\n|t:|1700159857\n|move|p1b: Roaring Moon|Protect|p1b: Roaring Moon\n|-singleturn|p1b: Roaring Moon|Protect\n|move|p2b: Iron Bundle|Icy Wind|p1b: Roaring Moon|[spread] p1a\n|-activate|p1b: Roaring Moon|move: Protect\n|-supereffective|p1a: Landorus\n|-damage|p1a: Landorus|0 fnt\n|faint|p1a: Landorus\n|move|p2a: Kilowattrel|Endeavor|p1b: Roaring Moon\n|-activate|p1b: Roaring Moon|move: Protect\n|\n|upkeep\n|\n|t:|1700159870\n|switch|p1a: Chi-Yu|Chi-Yu, L50|100\/100\n|-ability|p1a: Chi-Yu|Beads of Ruin\n|turn|3\n|\n|t:|1700159878\n|move|p1b: Roaring Moon|Protect|p1b: Roaring Moon\n|-singleturn|p1b: Roaring Moon|Protect\n|move|p2b: Iron Bundle|Icy Wind|p1b: Roaring Moon|[spread] p1a\n|-activate|p1b: Roaring Moon|move: Protect\n|-resisted|p1a: Chi-Yu\n|-damage|p1a: Chi-Yu|88\/100\n|-unboost|p1a: Chi-Yu|spe|1\n|move|p2a: Kilowattrel|Thunderbolt|p1a: Chi-Yu\n|-damage|p1a: Chi-Yu|0 fnt\n|faint|p1a: Chi-Yu\n|\n|upkeep\n|\n|t:|1700159888\n|switch|p1a: Flutter Mane|Flutter Mane, L50|100\/100\n|turn|4\n|\n|t:|1700159897\n|-terastallize|p1b: Roaring Moon|Flying\n|move|p2b: Iron Bundle|Encore|p1b: Roaring Moon\n|-start|p1b: Roaring Moon|Encore\n|move|p2a: Kilowattrel|Thunderbolt|p1a: Flutter Mane\n|-damage|p1a: Flutter Mane|17\/100\n|move|p1a: Flutter Mane|Dazzling Gleam|p2b: Iron Bundle|[spread] p2a,p2b\n|-crit|p2b: Iron Bundle\n|-damage|p2a: Kilowattrel|0 fnt\n|-damage|p2b: Iron Bundle|0 fnt\n|faint|p2a: Kilowattrel\n|faint|p2b: Iron Bundle\n|-end|p2b: Iron Bundle|Quark Drive|[silent]\n|move|p1b: Roaring Moon|Protect||[still]\n|-fail|p1b: Roaring Moon\n|\n|-sideend|p2: Nakoto Ris|move: Tailwind\n|upkeep\n|\n|t:|1700159913\n|switch|p2b: Gholdengo|Gholdengo, L50|100\/100\n|switch|p2a: Urshifu|Urshifu-Rapid-Strike, L50, M|100\/100\n|turn|5\n|\n|t:|1700159925\n|move|p1b: Roaring Moon|Protect|p1b: Roaring Moon\n|-singleturn|p1b: Roaring Moon|Protect\n|move|p2a: Urshifu|Detect|p2a: Urshifu\n|-singleturn|p2a: Urshifu|Protect\n|move|p1a: Flutter Mane|Dazzling Gleam|p2b: Gholdengo|[spread] p2b\n|-activate|p2a: Urshifu|move: Protect\n|-resisted|p2b: Gholdengo\n|-damage|p2b: Gholdengo|74\/100\n|move|p2b: Gholdengo|Trick|p1b: Roaring Moon\n|-activate|p1b: Roaring Moon|move: Protect\n|\n|upkeep\n|turn|6\n|\n|t:|1700159938\n|move|p1b: Roaring Moon|Protect||[still]\n|-fail|p1b: Roaring Moon\n|move|p2a: Urshifu|Aqua Jet|p1a: Flutter Mane\n|-damage|p1a: Flutter Mane|0 fnt\n|faint|p1a: Flutter Mane\n|-end|p1a: Flutter Mane|Protosynthesis|[silent]\n|move|p2b: Gholdengo|Trick|p1b: Roaring Moon\n|-activate|p2b: Gholdengo|move: Trick|[of] p1b: Roaring Moon\n|-item|p1b: Roaring Moon|Choice Specs|[from] move: Trick\n|-enditem|p2b: Gholdengo|Choice Specs|[silent]|[from] move: Trick\n|\n|-end|p1b: Roaring Moon|Encore\n|upkeep\n|turn|7\n|\n|t:|1700159955\n|-terastallize|p2a: Urshifu|Water\n|move|p1b: Roaring Moon|Acrobatics|p2a: Urshifu\n|-damage|p2a: Urshifu|58\/100\n|move|p2a: Urshifu|Surging Strikes|p1b: Roaring Moon\n|-crit|p1b: Roaring Moon\n|-damage|p1b: Roaring Moon|54\/100\n|-crit|p1b: Roaring Moon\n|-damage|p1b: Roaring Moon|15\/100\n|-crit|p1b: Roaring Moon\n|-damage|p1b: Roaring Moon|0 fnt\n|faint|p1b: Roaring Moon\n|-end|p1b: Roaring Moon|Protosynthesis|[silent]\n|-hitcount|p1: Roaring Moon|3\n|\n|win|Nakoto Ris\n|raw|Rox_Roxanne's rating: 1136 &rarr; <strong>1105<\/strong><br \/>(-31 for losing)\n|raw|Nakoto Ris's rating: 1057 &rarr; <strong>1095<\/strong><br \/>(+38 for winning)\n|l|\u2606Rox_Roxanne\n","uploadtime":1700159975,"views":14,"p1id":"roxroxanne","p2id":"nakotoris","formatid":"gen9vgc2023regulatione","rating":1095,"private":0,"password":""}