{"id":"gen9vgc2023regulatione-2000520071","p1":"Oridge","p2":"Zorei UWU","format":"[Gen 9] VGC 2023 Regulation E","log":"|j|\u2606Oridge\n|j|\u2606Zorei UWU\n|t:|1701201723\n|gametype|doubles\n|player|p1|Oridge|2|1033\n|player|p2|Zorei UWU|swimmerf-gen4dp|1094\n|teamsize|p1|6\n|teamsize|p2|6\n|gen|9\n|tier|[Gen 9] VGC 2023 Regulation E\n|rated|\n|rule|Species Clause: Limit one of each Pok\u00e9mon\n|rule|Item Clause: Limit one of each item\n|clearpoke\n|poke|p1|Tornadus, L50, M|\n|poke|p1|Cresselia, L50, F|\n|poke|p1|Arcanine, L50, M|\n|poke|p1|Urshifu-*, L50, F|\n|poke|p1|Gholdengo, L50|\n|poke|p1|Amoonguss, L50, M|\n|poke|p2|Heatran, L50, F|\n|poke|p2|Mimikyu, L50, F|\n|poke|p2|Dusclops, L50, F|\n|poke|p2|Toxtricity-Low-Key, L50, F|\n|poke|p2|Landorus-Therian, L50, M|\n|poke|p2|Conkeldurr, L50, M|\n|teampreview|4\n|inactive|Battle timer is ON: inactive players will automatically lose when time's up. (requested by Zorei UWU)\n|inactive|Oridge has 60 seconds left.\n|\n|t:|1701201753\n|start\n|switch|p1a: Amoonguss|Amoonguss, L50, M|100\/100\n|switch|p1b: Urshifu|Urshifu-Rapid-Strike, L50, F|100\/100\n|switch|p2a: Dusclops|Dusclops, L50, F|100\/100\n|switch|p2b: Conkeldurr|Conkeldurr, L50, M|100\/100\n|-ability|p2a: Dusclops|Pressure\n|turn|1\n|\n|t:|1701201776\n|-terastallize|p1b: Urshifu|Water\n|move|p2b: Conkeldurr|Protect|p2b: Conkeldurr\n|-singleturn|p2b: Conkeldurr|Protect\n|move|p1b: Urshifu|Surging Strikes|p2a: Dusclops\n|-crit|p2a: Dusclops\n|-damage|p2a: Dusclops|79\/100\n|-crit|p2a: Dusclops\n|-damage|p2a: Dusclops|58\/100\n|-crit|p2a: Dusclops\n|-damage|p2a: Dusclops|37\/100\n|-hitcount|p2a: Dusclops|3\n|-damage|p1b: Urshifu|91\/100|[from] item: Life Orb\n|move|p1a: Amoonguss|Foul Play|p2a: Dusclops\n|-supereffective|p2a: Dusclops\n|-damage|p2a: Dusclops|21\/100\n|move|p2a: Dusclops|Trick Room|p2a: Dusclops\n|-fieldstart|move: Trick Room|[of] p2a: Dusclops\n|\n|-status|p2b: Conkeldurr|brn|[from] item: Flame Orb\n|upkeep\n|turn|2\n|\n|t:|1701201792\n|switch|p1b: Gholdengo|Gholdengo, L50|100\/100\n|-item|p1b: Gholdengo|Air Balloon\n|move|p2a: Dusclops|Will-O-Wisp|p1b: Gholdengo\n|-immune|p1b: Gholdengo|[from] ability: Good as Gold\n|move|p1a: Amoonguss|Foul Play|p2b: Conkeldurr\n|-resisted|p2b: Conkeldurr\n|-damage|p2b: Conkeldurr|83\/100 brn\n|move|p2b: Conkeldurr|Facade|p1a: Amoonguss\n|-crit|p1a: Amoonguss\n|-damage|p1a: Amoonguss|16\/100\n|-damage|p2b: Conkeldurr|67\/100 brn|[from] item: Rocky Helmet|[of] p1a: Amoonguss\n|\n|-damage|p2b: Conkeldurr|60\/100 brn|[from] brn\n|upkeep\n|turn|3\n|\n|t:|1701201814\n|switch|p2a: Heatran|Heatran, L50, F|100\/100\n|move|p1a: Amoonguss|Protect|p1a: Amoonguss\n|-singleturn|p1a: Amoonguss|Protect\n|move|p2b: Conkeldurr|Protect|p2b: Conkeldurr\n|-singleturn|p2b: Conkeldurr|Protect\n|move|p1b: Gholdengo|Hex|p2b: Conkeldurr\n|-activate|p2b: Conkeldurr|move: Protect\n|\n|-damage|p2b: Conkeldurr|54\/100 brn|[from] brn\n|upkeep\n|turn|4\n|\n|t:|1701201828\n|-terastallize|p2a: Heatran|Grass\n|move|p1a: Amoonguss|Spore|p2a: Heatran\n|-immune|p2a: Heatran\n|move|p2b: Conkeldurr|Facade|p1a: Amoonguss\n|-damage|p1a: Amoonguss|0 fnt\n|-damage|p2b: Conkeldurr|38\/100 brn|[from] item: Rocky Helmet|[of] p1a: Amoonguss\n|faint|p1a: Amoonguss\n|move|p2a: Heatran|Heat Wave|p1b: Gholdengo\n|-supereffective|p1b: Gholdengo\n|-damage|p1b: Gholdengo|18\/100\n|-enditem|p1b: Gholdengo|Air Balloon\n|move|p1b: Gholdengo|Hex|p2b: Conkeldurr\n|-damage|p2b: Conkeldurr|0 fnt\n|faint|p2b: Conkeldurr\n|\n|upkeep\n|\n|t:|1701201842\n|switch|p1a: Arcanine|Arcanine, L50, M|100\/100\n|switch|p2b: Toxtricity|Toxtricity-Low-Key, L50, F|100\/100\n|-ability|p1a: Arcanine|Intimidate|boost\n|-unboost|p2a: Heatran|atk|1\n|-unboost|p2b: Toxtricity|atk|1\n|turn|5\n|\n|t:|1701201865\n|move|p2b: Toxtricity|Boomburst|p1b: Gholdengo|[spread] p2a,p1a\n|-immune|p1b: Gholdengo\n|-damage|p2a: Heatran|57\/100\n|-damage|p1a: Arcanine|5\/100\n|move|p2a: Heatran|Heat Wave|p1a: Arcanine|[spread] p1a,p1b\n|-resisted|p1a: Arcanine\n|-supereffective|p1b: Gholdengo\n|-damage|p1a: Arcanine|0 fnt\n|-damage|p1b: Gholdengo|0 fnt\n|faint|p1a: Arcanine\n|faint|p1b: Gholdengo\n|\n|-fieldend|move: Trick Room\n|upkeep\n|\n|t:|1701201868\n|switch|p1b: Urshifu|Urshifu-Rapid-Strike, L50, F, tera:Water|91\/100\n|turn|6\n|\n|t:|1701201881\n|switch|p2b: Dusclops|Dusclops, L50, F|21\/100\n|-ability|p2b: Dusclops|Pressure\n|move|p1b: Urshifu|Surging Strikes|p2b: Dusclops\n|-crit|p2b: Dusclops\n|-damage|p2b: Dusclops|1\/100\n|-crit|p2b: Dusclops\n|-damage|p2b: Dusclops|0 fnt\n|faint|p2b: Dusclops\n|-hitcount|p2: Dusclops|2\n|-damage|p1b: Urshifu|81\/100|[from] item: Life Orb\n|move|p2a: Heatran|Dark Pulse|p1b: Urshifu\n|-damage|p1b: Urshifu|39\/100\n|\n|upkeep\n|\n|t:|1701201882\n|switch|p2b: Toxtricity|Toxtricity-Low-Key, L50, F|100\/100\n|turn|7\n|\n|t:|1701201885\n|move|p1b: Urshifu|Surging Strikes|p2b: Toxtricity\n|-crit|p2b: Toxtricity\n|-damage|p2b: Toxtricity|58\/100\n|-crit|p2b: Toxtricity\n|-damage|p2b: Toxtricity|15\/100\n|-crit|p2b: Toxtricity\n|-damage|p2b: Toxtricity|0 fnt\n|faint|p2b: Toxtricity\n|-hitcount|p2: Toxtricity|3\n|-damage|p1b: Urshifu|29\/100|[from] item: Life Orb\n|move|p2a: Heatran|Dark Pulse|p1b: Urshifu\n|-damage|p1b: Urshifu|0 fnt\n|faint|p1b: Urshifu\n|\n|win|Zorei UWU\n|raw|Oridge's rating: 1033 &rarr; <strong>1021<\/strong><br \/>(-12 for losing)\n|raw|Zorei UWU's rating: 1094 &rarr; <strong>1115<\/strong><br \/>(+21 for winning)\n|l|\u2606Oridge\n|c|\u2606Zorei UWU|Gg\n","uploadtime":1701201894,"views":1,"p1id":"oridge","p2id":"zoreiuwu","formatid":"gen9vgc2023regulatione","rating":1021,"private":0,"password":""}