{"id":"gen9vgc2023regulatione-1990751530","p1":"JayBird1933","p2":"CharlienoB","format":"[Gen 9] VGC 2023 Regulation E","log":"|j|\u2606JayBird1933\n|j|\u2606CharlienoB\n|t:|1699997439\n|gametype|doubles\n|player|p1|JayBird1933|169|1053\n|player|p2|CharlienoB|169|1047\n|teamsize|p1|6\n|teamsize|p2|6\n|gen|9\n|tier|[Gen 9] VGC 2023 Regulation E\n|rated|\n|rule|Species Clause: Limit one of each Pok\u00e9mon\n|rule|Item Clause: Limit one of each item\n|clearpoke\n|poke|p1|Weezing, L50, F|\n|poke|p1|Slaking, L50, M|\n|poke|p1|Flutter Mane, L50|\n|poke|p1|Torkoal, L50, F|\n|poke|p1|Ogerpon-Wellspring, L50, F|\n|poke|p1|Iron Hands, L50|\n|poke|p2|Espathra, L50, M|\n|poke|p2|Sinistcha, L50|\n|poke|p2|Chi-Yu, L50|\n|poke|p2|Basculegion, L50, M|\n|poke|p2|Hydreigon, L50, F|\n|poke|p2|Annihilape, L50, F|\n|teampreview|4\n|\n|t:|1699997470\n|start\n|switch|p1a: Weezing|Weezing, L50, F|100\/100\n|switch|p1b: Slaking|Slaking, L50, M|100\/100\n|switch|p2a: Hydreigon|Hydreigon, L50, F|100\/100\n|switch|p2b: Sinistcha|Sinistcha, L50|100\/100\n|-ability|p1a: Weezing|Neutralizing Gas\n|turn|1\n|\n|t:|1699997487\n|move|p1b: Slaking|Ice Punch|p2a: Hydreigon\n|-supereffective|p2a: Hydreigon\n|-damage|p2a: Hydreigon|49\/100\n|move|p2a: Hydreigon|Focus Energy|p2a: Hydreigon\n|-start|p2a: Hydreigon|move: Focus Energy\n|move|p2b: Sinistcha|Matcha Gotcha|p1a: Weezing|[spread] p1a,p1b\n|-resisted|p1a: Weezing\n|-damage|p1a: Weezing|89\/100\n|-damage|p1b: Slaking|77\/100\n|move|p1a: Weezing|Sludge Bomb|p2b: Sinistcha\n|-damage|p2b: Sinistcha|77\/100\n|\n|-heal|p1a: Weezing|95\/100|[from] item: Black Sludge\n|upkeep\n|turn|2\n|\n|t:|1699997513\n|-terastallize|p2a: Hydreigon|Fire\n|move|p2b: Sinistcha|Rage Powder|p2b: Sinistcha\n|-singleturn|p2b: Sinistcha|move: Rage Powder\n|move|p1b: Slaking|Ice Punch|p2b: Sinistcha\n|-supereffective|p2b: Sinistcha\n|-damage|p2b: Sinistcha|21\/100\n|-enditem|p2b: Sinistcha|Wiki Berry|[eat]\n|-heal|p2b: Sinistcha|54\/100|[from] item: Wiki Berry\n|move|p2a: Hydreigon|Draco Meteor|p1a: Weezing\n|-crit|p1a: Weezing\n|-damage|p1a: Weezing|22\/100\n|-unboost|p2a: Hydreigon|spa|2\n|move|p1a: Weezing|Heat Wave|p2b: Sinistcha|[spread] p2a,p2b\n|-resisted|p2a: Hydreigon\n|-supereffective|p2b: Sinistcha\n|-damage|p2a: Hydreigon|42\/100\n|-damage|p2b: Sinistcha|27\/100\n|\n|-heal|p1a: Weezing|28\/100|[from] item: Black Sludge\n|upkeep\n|turn|3\n|\n|t:|1699997543\n|move|p1b: Slaking|Ice Punch|p2b: Sinistcha\n|-supereffective|p2b: Sinistcha\n|-damage|p2b: Sinistcha|0 fnt\n|faint|p2b: Sinistcha\n|move|p2a: Hydreigon|Heat Wave|p1b: Slaking|[spread] p1a,p1b\n|-crit|p1a: Weezing\n|-crit|p1b: Slaking\n|-damage|p1a: Weezing|0 fnt\n|-damage|p1b: Slaking|34\/100\n|faint|p1a: Weezing\n|-end|p1a: Weezing|ability: Neutralizing Gas\n|\n|upkeep\n|\n|t:|1699997554\n|switch|p2b: Espathra|Espathra, L50, M|100\/100\n|switch|p1a: Torkoal|Torkoal, L50, F|100\/100\n|-weather|SunnyDay|[from] ability: Drought|[of] p1a: Torkoal\n|turn|4\n|\n|t:|1699997569\n|move|p2b: Espathra|Skill Swap|p2a: Hydreigon\n|-activate|p2b: Espathra|move: Skill Swap|||[of] p2a: Hydreigon\n|cant|p1b: Slaking|ability: Truant\n|move|p2a: Hydreigon|Draco Meteor|p1a: Torkoal|[miss]\n|-miss|p2a: Hydreigon|p1a: Torkoal\n|move|p1a: Torkoal|Heat Wave|p2b: Espathra|[spread] p2b\n|-miss|p1a: Torkoal|p2a: Hydreigon\n|-damage|p2b: Espathra|57\/100\n|-status|p2b: Espathra|brn\n|\n|-weather|SunnyDay|[upkeep]\n|-damage|p2b: Espathra|50\/100 brn|[from] brn\n|-ability|p2a: Hydreigon|Speed Boost|boost\n|-boost|p2a: Hydreigon|spe|1\n|upkeep\n|-enditem|p2b: Espathra|Sitrus Berry|[eat]\n|-heal|p2b: Espathra|75\/100 brn|[from] item: Sitrus Berry\n|turn|5\n|\n|t:|1699997601\n|move|p2a: Hydreigon|Heat Wave|p1a: Torkoal|[spread] p1a,p1b\n|-resisted|p1a: Torkoal\n|-crit|p1a: Torkoal\n|-crit|p1b: Slaking\n|-damage|p1a: Torkoal|67\/100\n|-damage|p1b: Slaking|0 fnt\n|faint|p1b: Slaking\n|move|p2b: Espathra|Lumina Crash|p1a: Torkoal\n|-damage|p1a: Torkoal|43\/100\n|-unboost|p1a: Torkoal|spd|2\n|move|p1a: Torkoal|Heat Wave|p2b: Espathra|[spread] p2b\n|-miss|p1a: Torkoal|p2a: Hydreigon\n|-damage|p2b: Espathra|34\/100 brn\n|\n|-weather|SunnyDay|[upkeep]\n|-damage|p2b: Espathra|29\/100 brn|[from] brn\n|-ability|p2a: Hydreigon|Speed Boost|boost\n|-boost|p2a: Hydreigon|spe|1\n|upkeep\n|\n|t:|1699997618\n|switch|p1b: Flutter Mane|Flutter Mane, L50|100\/100\n|-activate|p1b: Flutter Mane|ability: Protosynthesis\n|-start|p1b: Flutter Mane|protosynthesisspe\n|turn|6\n|\n|t:|1699997644\n|-terastallize|p1a: Torkoal|Fire\n|move|p1b: Flutter Mane|Shadow Ball|p2b: Espathra\n|-supereffective|p2b: Espathra\n|-damage|p2b: Espathra|0 fnt\n|faint|p2b: Espathra\n|move|p2a: Hydreigon|Heat Wave|p1b: Flutter Mane|[spread] p1a,p1b\n|-resisted|p1a: Torkoal\n|-crit|p1a: Torkoal\n|-crit|p1b: Flutter Mane\n|-damage|p1a: Torkoal|0 fnt\n|-damage|p1b: Flutter Mane|28\/100\n|faint|p1a: Torkoal\n|\n|-weather|SunnyDay|[upkeep]\n|-ability|p2a: Hydreigon|Speed Boost|boost\n|-boost|p2a: Hydreigon|spe|1\n|upkeep\n|\n|t:|1699997666\n|switch|p2b: Annihilape|Annihilape, L50, F|100\/100\n|turn|7\n|\n|t:|1699997673\n|move|p1b: Flutter Mane|Dazzling Gleam|p2a: Hydreigon|[spread] p2a,p2b\n|-resisted|p2a: Hydreigon\n|-supereffective|p2b: Annihilape\n|-crit|p2b: Annihilape\n|-damage|p2a: Hydreigon|27\/100\n|-damage|p2b: Annihilape|0 fnt\n|faint|p2b: Annihilape\n|move|p2a: Hydreigon|Heat Wave|p1b: Flutter Mane\n|-crit|p1b: Flutter Mane\n|-damage|p1b: Flutter Mane|0 fnt\n|faint|p1b: Flutter Mane\n|-end|p1b: Flutter Mane|Protosynthesis|[silent]\n|\n|win|CharlienoB\n|raw|JayBird1933's rating: 1053 &rarr; <strong>1035<\/strong><br \/>(-18 for losing)\n|raw|CharlienoB's rating: 1047 &rarr; <strong>1081<\/strong><br \/>(+34 for winning)\n|l|\u2606JayBird1933\n|l|\u2606CharlienoB\n|j|\u2606CharlienoB\n|player|p2|CharlienoB|169\n","uploadtime":1699997685,"views":18,"p1id":"jaybird1933","p2id":"charlienob","formatid":"gen9vgc2023regulatione","rating":1035,"private":0,"password":""}