{"id":"gen9vgc2023regulatione-1992195408","p1":"Pugtrooper","p2":"infernojw","format":"[Gen 9] VGC 2023 Regulation E","log":"|j|\u203dPugtrooper\n|j|\u2606infernojw\n|t:|1700162901\n|gametype|doubles\n|player|p1|Pugtrooper|169|1101\n|player|p2|infernojw|guitarist|1022\n|teamsize|p1|6\n|teamsize|p2|6\n|gen|9\n|tier|[Gen 9] VGC 2023 Regulation E\n|rated|\n|rule|Species Clause: Limit one of each Pok\u00e9mon\n|rule|Item Clause: Limit one of each item\n|clearpoke\n|poke|p1|Landorus-Therian, L50, M|\n|poke|p1|Clefairy, L50, M|\n|poke|p1|Sinistcha, L50|\n|poke|p1|Kommo-o, L50, M|\n|poke|p1|Snorlax, L50, M|\n|poke|p1|Iron Hands, L50|\n|poke|p2|Gholdengo, L50|\n|poke|p2|Ogerpon-Wellspring, L50, F|\n|poke|p2|Tornadus, L50, M|\n|poke|p2|Urshifu-*, L50, F|\n|poke|p2|Flutter Mane, L50|\n|poke|p2|Chi-Yu, L50|\n|teampreview|4\n|inactive|Battle timer is ON: inactive players will automatically lose when time's up. (requested by infernojw)\n|inactive|infernojw has 60 seconds left.\n|\n|t:|1700162935\n|start\n|switch|p1a: Snorlax|Snorlax, L50, M|100\/100\n|switch|p1b: Clefairy|Clefairy, L50, M|100\/100\n|switch|p2a: Tornadus|Tornadus, L50, M|100\/100\n|switch|p2b: Gholdengo|Gholdengo, L50|100\/100\n|turn|1\n|\n|t:|1700162960\n|move|p1b: Clefairy|Helping Hand|p1a: Snorlax\n|-singleturn|p1a: Snorlax|Helping Hand|[of] p1b: Clefairy\n|move|p2a: Tornadus|Taunt|p1b: Clefairy\n|-start|p1b: Clefairy|move: Taunt\n|move|p2b: Gholdengo|Trick|p1a: Snorlax\n|-activate|p2b: Gholdengo|move: Trick|[of] p1a: Snorlax\n|-item|p1a: Snorlax|Eject Button|[from] move: Trick\n|-item|p2b: Gholdengo|Sitrus Berry|[from] move: Trick\n|move|p1a: Snorlax|High Horsepower|p2b: Gholdengo\n|-supereffective|p2b: Gholdengo\n|-damage|p2b: Gholdengo|2\/100\n|-enditem|p2b: Gholdengo|Sitrus Berry|[eat]\n|-heal|p2b: Gholdengo|27\/100|[from] item: Sitrus Berry\n|\n|upkeep\n|turn|2\n|\n|t:|1700162980\n|switch|p1b: Iron Hands|Iron Hands, L50|100\/100\n|move|p1a: Snorlax|Protect|p1a: Snorlax\n|-singleturn|p1a: Snorlax|Protect\n|move|p2a: Tornadus|Tailwind|p2a: Tornadus\n|-sidestart|p2: infernojw|move: Tailwind\n|move|p2b: Gholdengo|Make It Rain|p1b: Iron Hands|[spread] p1b\n|-activate|p1a: Snorlax|move: Protect\n|-resisted|p1b: Iron Hands\n|-damage|p1b: Iron Hands|89\/100\n|-unboost|p2b: Gholdengo|spa|1\n|\n|upkeep\n|turn|3\n|\n|t:|1700162996\n|move|p1b: Iron Hands|Fake Out|p2a: Tornadus\n|-damage|p2a: Tornadus|75\/100\n|cant|p2a: Tornadus|flinch\n|move|p2b: Gholdengo|Make It Rain|p1b: Iron Hands|[spread] p1a,p1b\n|-resisted|p1b: Iron Hands\n|-damage|p1a: Snorlax|78\/100\n|-damage|p1b: Iron Hands|80\/100\n|-unboost|p2b: Gholdengo|spa|1\n|-enditem|p1a: Snorlax|Eject Button\n|\n|t:|1700163009\n|switch|p1a: Landorus|Landorus-Therian, L50, M|100\/100\n|-ability|p1a: Landorus|Intimidate|boost\n|-unboost|p2a: Tornadus|atk|1\n|-unboost|p2b: Gholdengo|atk|1\n|\n|upkeep\n|turn|4\n|\n|t:|1700163020\n|move|p2a: Tornadus|Icy Wind|p1a: Landorus|[spread] p1a,p1b\n|-supereffective|p1a: Landorus\n|-damage|p1a: Landorus|28\/100\n|-damage|p1b: Iron Hands|73\/100\n|-unboost|p1a: Landorus|spe|1\n|-unboost|p1b: Iron Hands|spe|1\n|move|p2b: Gholdengo|Shadow Ball|p1b: Iron Hands\n|-damage|p1b: Iron Hands|62\/100\n|move|p1a: Landorus|Rock Slide|p2a: Tornadus|[spread] p2a,p2b\n|-supereffective|p2a: Tornadus\n|-resisted|p2b: Gholdengo\n|-damage|p2a: Tornadus|6\/100\n|-damage|p2b: Gholdengo|14\/100\n|move|p1b: Iron Hands|Wild Charge|p2b: Gholdengo\n|-damage|p2b: Gholdengo|0 fnt\n|faint|p2b: Gholdengo\n|-damage|p1b: Iron Hands|60\/100|[from] Recoil\n|\n|upkeep\n|\n|t:|1700163027\n|switch|p2b: Flutter Mane|Flutter Mane, L50|100\/100\n|-enditem|p2b: Flutter Mane|Booster Energy\n|-activate|p2b: Flutter Mane|ability: Protosynthesis|[fromitem]\n|-start|p2b: Flutter Mane|protosynthesisspa\n|turn|5\n|\n|t:|1700163045\n|-end|p1b: Iron Hands|Quark Drive|[silent]\n|switch|p1b: Clefairy|Clefairy, L50, M|100\/100\n|move|p2b: Flutter Mane|Draining Kiss|p1b: Clefairy\n|-damage|p1b: Clefairy|71\/100\n|move|p2a: Tornadus|Icy Wind|p1a: Landorus|[spread] p1a,p1b\n|-supereffective|p1a: Landorus\n|-damage|p1a: Landorus|0 fnt\n|-damage|p1b: Clefairy|59\/100\n|-unboost|p1b: Clefairy|spe|1\n|faint|p1a: Landorus\n|\n|-sideend|p2: infernojw|move: Tailwind\n|upkeep\n|\n|t:|1700163053\n|switch|p1a: Iron Hands|Iron Hands, L50|60\/100\n|turn|6\n|\n|t:|1700163064\n|switch|p2a: Urshifu|Urshifu-Rapid-Strike, L50, F|100\/100\n|move|p1a: Iron Hands|Fake Out|p2a: Urshifu\n|-damage|p2a: Urshifu|86\/100\n|move|p2b: Flutter Mane|Draining Kiss|p1a: Iron Hands\n|-supereffective|p1a: Iron Hands\n|-damage|p1a: Iron Hands|30\/100\n|move|p1b: Clefairy|Heal Pulse|p1a: Iron Hands\n|-heal|p1a: Iron Hands|80\/100\n|\n|upkeep\n|turn|7\n|\n|t:|1700163086\n|-terastallize|p1a: Iron Hands|Water\n|move|p1b: Clefairy|Follow Me|p1b: Clefairy\n|-singleturn|p1b: Clefairy|move: Follow Me\n|move|p2b: Flutter Mane|Draining Kiss|p1b: Clefairy\n|-damage|p1b: Clefairy|30\/100\n|move|p2a: Urshifu|Surging Strikes|p1b: Clefairy\n|-crit|p1b: Clefairy\n|-damage|p1b: Clefairy|10\/100\n|-crit|p1b: Clefairy\n|-damage|p1b: Clefairy|0 fnt\n|faint|p1b: Clefairy\n|-hitcount|p1: Clefairy|2\n|move|p1a: Iron Hands|Wild Charge|p2a: Urshifu\n|-supereffective|p2a: Urshifu\n|-damage|p2a: Urshifu|2\/100\n|-damage|p1a: Iron Hands|61\/100|[from] Recoil\n|\n|upkeep\n|\n|t:|1700163095\n|switch|p1b: Snorlax|Snorlax, L50, M|78\/100\n|turn|8\n|\n|t:|1700163105\n|move|p2b: Flutter Mane|Thunderbolt|p1a: Iron Hands\n|-supereffective|p1a: Iron Hands\n|-damage|p1a: Iron Hands|10\/100\n|-status|p1a: Iron Hands|par\n|move|p2a: Urshifu|Close Combat|p1b: Snorlax\n|-supereffective|p1b: Snorlax\n|-crit|p1b: Snorlax\n|-damage|p1b: Snorlax|0 fnt\n|-unboost|p2a: Urshifu|def|1\n|-unboost|p2a: Urshifu|spd|1\n|faint|p1b: Snorlax\n|move|p1a: Iron Hands|Heavy Slam|p2b: Flutter Mane\n|-supereffective|p2b: Flutter Mane\n|-damage|p2b: Flutter Mane|0 fnt\n|faint|p2b: Flutter Mane\n|-end|p2b: Flutter Mane|Protosynthesis|[silent]\n|\n|upkeep\n|\n|t:|1700163111\n|switch|p2b: Tornadus|Tornadus, L50, M|6\/100\n|turn|9\n|\n|t:|1700163114\n|move|p2a: Urshifu|Aqua Jet|p1a: Iron Hands\n|-resisted|p1a: Iron Hands\n|-damage|p1a: Iron Hands|2\/100 par\n|move|p2b: Tornadus|Icy Wind|p1a: Iron Hands\n|-resisted|p1a: Iron Hands\n|-damage|p1a: Iron Hands|0 fnt\n|faint|p1a: Iron Hands\n|-end|p1a: Iron Hands|Quark Drive|[silent]\n|\n|win|infernojw\n|raw|Pugtrooper's rating: 1101 &rarr; <strong>1070<\/strong><br \/>(-31 for losing)\n|raw|infernojw's rating: 1022 &rarr; <strong>1067<\/strong><br \/>(+45 for winning)\n|l|\u203dPugtrooper\n","uploadtime":1700163122,"views":15,"p1id":"pugtrooper","p2id":"infernojw","formatid":"gen9vgc2023regulatione","rating":1067,"private":0,"password":""}