{"id":"gen9vgc2023regulatione-1993561892","p1":"Mr.X&Y97","p2":"nicols.gui","format":"[Gen 9] VGC 2023 Regulation E","log":"|j|\u2606Mr.X&Y97\n|j|\u2606nicols.gui\n|t:|1700331985\n|gametype|doubles\n|player|p1|Mr.X&Y97|ingo|1075\n|player|p2|nicols.gui|dancer|1023\n|teamsize|p1|6\n|teamsize|p2|6\n|gen|9\n|tier|[Gen 9] VGC 2023 Regulation E\n|rated|\n|rule|Species Clause: Limit one of each Pok\u00e9mon\n|rule|Item Clause: Limit one of each item\n|clearpoke\n|poke|p1|Ogerpon-Wellspring, L50, F|\n|poke|p1|Conkeldurr, L50, M|\n|poke|p1|Heatran, L50, F|\n|poke|p1|Munkidori, L50, M|\n|poke|p1|Landorus-Therian, L50, M|\n|poke|p1|Tornadus, L50, M|\n|poke|p2|Mamoswine, L50, M|\n|poke|p2|Sylveon, L50, F|\n|poke|p2|Rillaboom, L50, M|\n|poke|p2|Arcanine-Hisui, L50, M|\n|poke|p2|Gholdengo, L50|\n|poke|p2|Farigiraf, L50, F|\n|teampreview|4\n|inactive|Battle timer is ON: inactive players will automatically lose when time's up. (requested by Mr.X&Y97)\nMr.X&Y97 has agreed to open team sheets.\n|inactive|nicols.gui has 60 seconds left.\n|\n|t:|1700332041\n|start\n|switch|p1a: Munkidori|Munkidori, L50, M|100\/100\n|switch|p1b: Heatran|Heatran, L50, F|100\/100\n|switch|p2a: Mamoswine|Mamoswine, L50, M|100\/100\n|switch|p2b: Sylveon|Sylveon, L50, F|100\/100\n|-item|p1b: Heatran|Air Balloon\n|turn|1\n|inactive|nicols.gui has 30 seconds left.\n|\n|t:|1700332075\n|switch|p2b: Farigiraf|Farigiraf, L50, F|100\/100\n|move|p2a: Mamoswine|Protect|p2a: Mamoswine\n|-singleturn|p2a: Mamoswine|Protect\n|move|p1a: Munkidori|Fake Out||[still]\n|cant|p2b: Farigiraf|ability: Armor Tail|Fake Out|[of] p1a: Munkidori\n|move|p1b: Heatran|Flash Cannon|p2b: Farigiraf\n|-damage|p2b: Farigiraf|67\/100\n|\n|upkeep\n|turn|2\n|inactive|Mr.X&Y97 has 30 seconds left.\n|inactive|nicols.gui has 30 seconds left.\n|\n|t:|1700332106\n|move|p1a: Munkidori|Sludge Bomb|p2b: Farigiraf\n|-damage|p2b: Farigiraf|37\/100\n|-status|p2b: Farigiraf|psn\n|-enditem|p2b: Farigiraf|Sitrus Berry|[eat]\n|-heal|p2b: Farigiraf|61\/100 psn|[from] item: Sitrus Berry\n|move|p2a: Mamoswine|High Horsepower|p1a: Munkidori\n|-supereffective|p1a: Munkidori\n|-enditem|p1a: Munkidori|Focus Sash\n|-damage|p1a: Munkidori|1\/100\n|-damage|p2a: Mamoswine|91\/100|[from] item: Life Orb\n|move|p1b: Heatran|Heat Wave|p2b: Farigiraf|[spread] p2a,p2b\n|-supereffective|p2a: Mamoswine\n|-damage|p2a: Mamoswine|0 fnt\n|-damage|p2b: Farigiraf|34\/100 psn\n|faint|p2a: Mamoswine\n|move|p2b: Farigiraf|Trick Room|p2b: Farigiraf\n|-fieldstart|move: Trick Room|[of] p2b: Farigiraf\n|\n|-damage|p2b: Farigiraf|21\/100 psn|[from] psn\n|upkeep\n|\n|t:|1700332125\n|switch|p2a: Sylveon|Sylveon, L50, F|100\/100\n|turn|3\n|\n|t:|1700332146\n|switch|p1a: Landorus|Landorus-Therian, L50, M|100\/100\n|-ability|p1a: Landorus|Intimidate|boost\n|-unboost|p2a: Sylveon|atk|1\n|-unboost|p2b: Farigiraf|atk|1\n|-terastallize|p2a: Sylveon|Water\n|move|p2a: Sylveon|Tera Blast|p1b: Heatran|[anim] Tera Blast Water\n|-supereffective|p1b: Heatran\n|-damage|p1b: Heatran|0 fnt\n|-enditem|p1b: Heatran|Air Balloon\n|faint|p1b: Heatran\n|move|p2b: Farigiraf|Psychic|p1a: Landorus\n|-damage|p1a: Landorus|53\/100\n|-unboost|p1a: Landorus|spd|1\n|\n|-damage|p2b: Farigiraf|9\/100 psn|[from] psn\n|upkeep\n|\n|t:|1700332154\n|switch|p1b: Munkidori|Munkidori, L50, M|1\/100\n|turn|4\n|\n|t:|1700332171\n|move|p1b: Munkidori|Fake Out||[still]\n|cant|p2b: Farigiraf|ability: Armor Tail|Fake Out|[of] p1b: Munkidori\n|move|p2a: Sylveon|Tera Blast|p1a: Landorus|[anim] Tera Blast Water\n|-supereffective|p1a: Landorus\n|-damage|p1a: Landorus|0 fnt\n|faint|p1a: Landorus\n|move|p2b: Farigiraf|Psychic|p1b: Munkidori\n|-damage|p1b: Munkidori|0 fnt\n|faint|p1b: Munkidori\n|\n|-damage|p2b: Farigiraf|0 fnt|[from] psn\n|faint|p2b: Farigiraf\n|upkeep\n|\n|t:|1700332184\n|switch|p2b: Rillaboom|Rillaboom, L50, M|100\/100\n|switch|p1a: Ogerpon|Ogerpon-Wellspring, L50, F|100\/100\n|-fieldstart|move: Grassy Terrain|[from] ability: Grassy Surge|[of] p2b: Rillaboom\n|turn|5\n|\n|t:|1700332206\n|move|p1a: Ogerpon|Protect|p1a: Ogerpon\n|-singleturn|p1a: Ogerpon|Protect\n|move|p2b: Rillaboom|Fake Out|p1a: Ogerpon\n|-activate|p1a: Ogerpon|move: Protect\n|move|p2a: Sylveon|Tera Blast|p1a: Ogerpon|[anim] Tera Blast Water\n|-activate|p1a: Ogerpon|move: Protect\n|\n|upkeep\n|turn|6\n|\n|t:|1700332231\n|move|p2a: Sylveon|Tera Blast|p1a: Ogerpon|[anim] Tera Blast Water\n|-immune|p1a: Ogerpon|[from] ability: Water Absorb\n|move|p2b: Rillaboom|U-turn|p1a: Ogerpon\n|-supereffective|p1a: Ogerpon\n|-damage|p1a: Ogerpon|41\/100\n|move|p1a: Ogerpon|Horn Leech|p2a: Sylveon\n|-supereffective|p2a: Sylveon\n|-damage|p2a: Sylveon|0 fnt\n|-heal|p1a: Ogerpon|100\/100|[from] drain|[of] p2a: Sylveon\n|faint|p2a: Sylveon\n|\n|-fieldend|move: Trick Room\n|upkeep\n|turn|7\n|inactive|Mr.X&Y97 has 30 seconds left.\n|inactive|Mr.X&Y97 has 20 seconds left.\n|\n|t:|1700332268\n|move|p1a: Ogerpon|Ivy Cudgel|p2b: Rillaboom|[anim] Ivy Cudgel Water\n|-resisted|p2b: Rillaboom\n|-damage|p2b: Rillaboom|70\/100\n|move|p2b: Rillaboom|U-turn|p1a: Ogerpon\n|-supereffective|p1a: Ogerpon\n|-damage|p1a: Ogerpon|40\/100\n|\n|-heal|p1a: Ogerpon|46\/100|[from] Grassy Terrain\n|-heal|p2b: Rillaboom|76\/100|[from] Grassy Terrain\n|upkeep\n|turn|8\n|\n|t:|1700332286\n|move|p1a: Ogerpon|Protect|p1a: Ogerpon\n|-singleturn|p1a: Ogerpon|Protect\n|move|p2b: Rillaboom|U-turn|p1a: Ogerpon\n|-activate|p1a: Ogerpon|move: Protect\n|\n|-heal|p1a: Ogerpon|51\/100|[from] Grassy Terrain\n|-heal|p2b: Rillaboom|82\/100|[from] Grassy Terrain\n|upkeep\n|turn|9\n|\n|t:|1700332302\n|move|p1a: Ogerpon|Horn Leech|p2b: Rillaboom\n|-resisted|p2b: Rillaboom\n|-crit|p2b: Rillaboom\n|-damage|p2b: Rillaboom|37\/100\n|-heal|p1a: Ogerpon|77\/100|[from] drain|[of] p2b: Rillaboom\n|move|p2b: Rillaboom|U-turn|p1a: Ogerpon\n|-supereffective|p1a: Ogerpon\n|-damage|p1a: Ogerpon|19\/100\n|\n|-heal|p1a: Ogerpon|24\/100|[from] Grassy Terrain\n|-heal|p2b: Rillaboom|43\/100|[from] Grassy Terrain\n|-fieldend|move: Grassy Terrain\n|upkeep\n|turn|10\n|\n|t:|1700332319\n|-terastallize|p1a: Ogerpon|Water\n|detailschange|p1a: Ogerpon|Ogerpon-Wellspring-Tera, L50, F, tera:Water\n|-ability|p1a: Ogerpon|Embody Aspect (Wellspring)|boost\n|-boost|p1a: Ogerpon|spd|1\n|move|p1a: Ogerpon|Ivy Cudgel|p2b: Rillaboom|[anim] Ivy Cudgel Water\n|-resisted|p2b: Rillaboom\n|-damage|p2b: Rillaboom|0 fnt\n|faint|p2b: Rillaboom\n|\n|win|Mr.X&Y97\n|raw|Mr.X&amp;Y97's rating: 1075 &rarr; <strong>1099<\/strong><br \/>(+24 for winning)\n|raw|nicols.gui's rating: 1023 &rarr; <strong>1012<\/strong><br \/>(-11 for losing)\n|l|\u2606nicols.gui\n|c|\u2606Mr.X&Y97|Ggs wp!\n","uploadtime":1700332332,"views":8,"p1id":"mrxy97","p2id":"nicolsgui","formatid":"gen9vgc2023regulatione","rating":1012,"private":0,"password":""}