{"id":"gen9vgc2023regulatione-1989989420","p1":"DegeneraVGC","p2":"Lalo131015","format":"[Gen 9] VGC 2023 Regulation E","log":"|j|\u2606DegeneraVGC\n|j|\u2606Lalo131015\n|t:|1699913049\n|gametype|doubles\n|player|p1|DegeneraVGC|266|1135\n|player|p2|Lalo131015|1|1058\n|teamsize|p1|6\n|teamsize|p2|6\n|gen|9\n|tier|[Gen 9] VGC 2023 Regulation E\n|rated|\n|rule|Species Clause: Limit one of each Pok\u00e9mon\n|rule|Item Clause: Limit one of each item\n|clearpoke\n|poke|p1|Chien-Pao, L50|\n|poke|p1|Urshifu-*, L50, F|\n|poke|p1|Greninja-*, L50, M|\n|poke|p1|Arcanine-Hisui, L50, F|\n|poke|p1|Farigiraf, L50, M|\n|poke|p1|Decidueye, L50, M|\n|poke|p2|Milotic, L50, F|\n|poke|p2|Moltres-Galar, L50|\n|poke|p2|Amoonguss, L50, M|\n|poke|p2|Sylveon, L50, F|\n|poke|p2|Klefki, L50, F|\n|poke|p2|Iron Moth, L50|\n|teampreview|4\n|\n|t:|1699913082\n|start\n|switch|p1a: Greninja|Greninja, L50, M|100\/100\n|switch|p1b: Decidueye|Decidueye, L50, M|100\/100\n|switch|p2a: Amoonguss|Amoonguss, L50, M|100\/100\n|switch|p2b: Sylveon|Sylveon, L50, F|100\/100\n|turn|1\n|\n|t:|1699913112\n|move|p2a: Amoonguss|Rage Powder|p2a: Amoonguss\n|-singleturn|p2a: Amoonguss|move: Rage Powder\n|move|p1a: Greninja|Water Pledge|p2a: Amoonguss\n|-waiting|p1a: Greninja|p1b: Decidueye\n|move|p1b: Decidueye|Grass Pledge|p2b: Sylveon|[from]move: Water Pledge\n|-combine\n|-damage|p2b: Sylveon|29\/100\n|-sidestart|p2: Lalo131015|Grass Pledge\n|move|p2b: Sylveon|Calm Mind|p2b: Sylveon\n|-boost|p2b: Sylveon|spa|1\n|-boost|p2b: Sylveon|spd|1\n|\n|upkeep\n|turn|2\n|\n|t:|1699913130\n|move|p2b: Sylveon|Detect|p2b: Sylveon\n|-singleturn|p2b: Sylveon|Protect\n|move|p1a: Greninja|Water Pledge|p2b: Sylveon\n|-waiting|p1a: Greninja|p1b: Decidueye\n|move|p1b: Decidueye|Grass Pledge|p2b: Sylveon|[from]move: Water Pledge\n|-activate|p2b: Sylveon|move: Protect\n|move|p2a: Amoonguss|Spore|p1a: Greninja\n|-status|p1a: Greninja|slp|[from] move: Spore\n|\n|upkeep\n|turn|3\n|\n|t:|1699913146\n|switch|p2b: Iron Moth|Iron Moth, L50|100\/100\n|-enditem|p2b: Iron Moth|Booster Energy\n|-activate|p2b: Iron Moth|ability: Quark Drive|[fromitem]\n|-start|p2b: Iron Moth|quarkdrivespa\n|cant|p1a: Greninja|slp\n|move|p1b: Decidueye|Grass Pledge|p2b: Iron Moth\n|-resisted|p2b: Iron Moth\n|-damage|p2b: Iron Moth|87\/100\n|move|p2a: Amoonguss|Clear Smog|p1b: Decidueye\n|-damage|p1b: Decidueye|83\/100\n|-clearboost|p1b: Decidueye\n|\n|upkeep\n|turn|4\n|\n|t:|1699913170\n|switch|p1b: Arcanine|Arcanine-Hisui, L50, F|100\/100\n|-ability|p1b: Arcanine|Intimidate|boost\n|-unboost|p2a: Amoonguss|atk|1\n|-unboost|p2b: Iron Moth|atk|1\n|move|p2a: Amoonguss|Protect|p2a: Amoonguss\n|-singleturn|p2a: Amoonguss|Protect\n|-curestatus|p1a: Greninja|slp|[msg]\n|move|p1a: Greninja|Water Pledge|p2b: Iron Moth\n|-start|p1a: Greninja|typechange|Water|[from] ability: Protean\n|-supereffective|p2b: Iron Moth\n|-damage|p2b: Iron Moth|16\/100\n|move|p2b: Iron Moth|Energy Ball|p1a: Greninja\n|-supereffective|p1a: Greninja\n|-enditem|p1a: Greninja|Focus Sash\n|-damage|p1a: Greninja|1\/100\n|\n|-sideend|p2: Lalo131015|Grass Pledge\n|upkeep\n|turn|5\n|\n|t:|1699913212\n|move|p1a: Greninja|Protect|p1a: Greninja\n|-singleturn|p1a: Greninja|Protect\n|move|p2a: Amoonguss|Rage Powder|p2a: Amoonguss\n|-singleturn|p2a: Amoonguss|move: Rage Powder\n|move|p2b: Iron Moth|Fiery Dance|p1b: Arcanine\n|-resisted|p1b: Arcanine\n|-damage|p1b: Arcanine|83\/100\n|move|p1b: Arcanine|Flare Blitz|p2a: Amoonguss\n|-supereffective|p2a: Amoonguss\n|-damage|p2a: Amoonguss|0 fnt\n|-damage|p1b: Arcanine|67\/100|[from] item: Rocky Helmet|[of] p2a: Amoonguss\n|faint|p2a: Amoonguss\n|-damage|p1b: Arcanine|27\/100|[from] Recoil\n|\n|upkeep\n|\n|t:|1699913228\n|switch|p2a: Sylveon|Sylveon, L50, F|29\/100\n|turn|6\n|\n|t:|1699913234\n|move|p2a: Sylveon|Detect|p2a: Sylveon\n|-singleturn|p2a: Sylveon|Protect\n|move|p1a: Greninja|Water Pledge|p2b: Iron Moth\n|-supereffective|p2b: Iron Moth\n|-damage|p2b: Iron Moth|0 fnt\n|faint|p2b: Iron Moth\n|-end|p2b: Iron Moth|Quark Drive|[silent]\n|move|p1b: Arcanine|Flare Blitz|p2a: Sylveon\n|-activate|p2a: Sylveon|move: Protect\n|\n|upkeep\n|\n|t:|1699913243\n|switch|p2b: Milotic|Milotic, L50, F|100\/100\n|turn|7\n|\n|t:|1699913251\n|move|p1a: Greninja|Protect|p1a: Greninja\n|-singleturn|p1a: Greninja|Protect\n|move|p1b: Arcanine|Flare Blitz|p2a: Sylveon\n|-damage|p2a: Sylveon|0 fnt\n|faint|p2a: Sylveon\n|-damage|p1b: Arcanine|16\/100|[from] Recoil\n|move|p2b: Milotic|Scald|p1b: Arcanine\n|-supereffective|p1b: Arcanine\n|-damage|p1b: Arcanine|0 fnt\n|faint|p1b: Arcanine\n|\n|upkeep\n|\n|t:|1699913264\n|switch|p1b: Decidueye|Decidueye, L50, M|83\/100\n|turn|8\n|\n|t:|1699913273\n|-terastallize|p2b: Milotic|Grass\n|move|p1a: Greninja|Water Pledge|p2b: Milotic\n|-waiting|p1a: Greninja|p1b: Decidueye\n|move|p1b: Decidueye|Grass Pledge|p2b: Milotic|[from]move: Water Pledge\n|-combine\n|-resisted|p2b: Milotic\n|-damage|p2b: Milotic|64\/100\n|-sidestart|p2: Lalo131015|Grass Pledge\n|move|p2b: Milotic|Icy Wind|p1a: Greninja|[spread] p1a,p1b\n|-resisted|p1a: Greninja\n|-supereffective|p1b: Decidueye\n|-damage|p1a: Greninja|0 fnt\n|-damage|p1b: Decidueye|58\/100\n|-unboost|p1b: Decidueye|spe|1\n|faint|p1a: Greninja\n|\n|-heal|p2b: Milotic|70\/100|[from] item: Leftovers\n|upkeep\n|\n|t:|1699913290\n|switch|p1a: Chien-Pao|Chien-Pao, L50|100\/100\n|-ability|p1a: Chien-Pao|Sword of Ruin\n|turn|9\n|\n|t:|1699913299\n|-terastallize|p1b: Decidueye|Grass\n|move|p1a: Chien-Pao|Ice Spinner|p2b: Milotic\n|-supereffective|p2b: Milotic\n|-damage|p2b: Milotic|0 fnt\n|faint|p2b: Milotic\n|-damage|p1a: Chien-Pao|91\/100|[from] item: Life Orb\n|\n|win|DegeneraVGC\n|raw|DegeneraVGC's rating: 1135 &rarr; <strong>1155<\/strong><br \/>(+20 for winning)\n|raw|Lalo131015's rating: 1058 &rarr; <strong>1043<\/strong><br \/>(-15 for losing)\n","uploadtime":1699913311,"views":13,"p1id":"degeneravgc","p2id":"lalo131015","formatid":"gen9vgc2023regulatione","rating":1043,"private":0,"password":""}