{"id":"gen9vgc2023regulatione-1996081680","p1":"SilentB88","p2":"vivixification","format":"[Gen 9] VGC 2023 Regulation E","log":"|j|\u2606SilentB88\n|j|\u2606vivixification\n|t:|1700641075\n|gametype|doubles\n|player|p1|SilentB88|drayden|1427\n|player|p2|vivixification|dragontamer-gen9|1362\n|teamsize|p1|6\n|teamsize|p2|6\n|gen|9\n|tier|[Gen 9] VGC 2023 Regulation E\n|rated|\n|rule|Species Clause: Limit one of each Pok\u00e9mon\n|rule|Item Clause: Limit one of each item\n|clearpoke\n|poke|p1|Iron Valiant, L50|\n|poke|p1|Volcarona, L50, M|\n|poke|p1|Empoleon, L50, F|\n|poke|p1|Ogerpon-Cornerstone, L50, F|\n|poke|p1|Dusknoir, L50, F|\n|poke|p1|Landorus-Therian, L50, M|\n|poke|p2|Armarouge, L50, M|\n|poke|p2|Indeedee-F, L50, F|\n|poke|p2|Ursaluna-Bloodmoon, L50, M|\n|poke|p2|Tornadus, L50, M|\n|poke|p2|Ogerpon-Wellspring, L50, F|\n|poke|p2|Arcanine-Hisui, L50, M|\n|teampreview|4\n|inactive|Battle timer is ON: inactive players will automatically lose when time's up. (requested by vivixification)\n|inactive|SilentB88 has 60 seconds left.\n|inactive|vivixification has 60 seconds left.\n|\n|t:|1700641120\n|start\n|switch|p1a: Alpha|Volcarona, L50, M|100\/100\n|switch|p1b: Reaper|Dusknoir, L50, F|100\/100\n|switch|p2a: Tornadus|Tornadus, L50, M|100\/100\n|switch|p2b: Ursaluna|Ursaluna-Bloodmoon, L50, M|100\/100\n|-ability|p1b: Reaper|Pressure\n|turn|1\n|\n|t:|1700641140\n|-terastallize|p2b: Ursaluna|Normal\n|move|p2a: Tornadus|Bleakwind Storm|p1b: Reaper|[spread] p1a,p1b\n|-supereffective|p1a: Alpha\n|-damage|p1a: Alpha|45\/100\n|-damage|p1b: Reaper|73\/100\n|-unboost|p1a: Alpha|spe|1\n|move|p2b: Ursaluna|Blood Moon|p1b: Reaper\n|-damage|p1b: Reaper|0 fnt\n|faint|p1b: Reaper\n|move|p1a: Alpha|Struggle Bug|p2a: Tornadus|[spread] p2a,p2b\n|-resisted|p2a: Tornadus\n|-damage|p2a: Tornadus|90\/100\n|-damage|p2b: Ursaluna|78\/100\n|-unboost|p2a: Tornadus|spa|1\n|-unboost|p2b: Ursaluna|spa|1\n|\n|upkeep\n|\n|t:|1700641157\n|switch|p1b: Hero|Iron Valiant, L50, shiny|100\/100\n|turn|2\n|\n|t:|1700641168\n|switch|p2b: Indeedee|Indeedee-F, L50, F|100\/100\n|-fieldstart|move: Psychic Terrain|[from] ability: Psychic Surge|[of] p2b: Indeedee\n|-enditem|p2b: Indeedee|Psychic Seed\n|-boost|p2b: Indeedee|spd|1|[from] item: Psychic Seed\n|move|p2a: Tornadus|Tailwind|p2a: Tornadus\n|-sidestart|p2: vivixification|move: Tailwind\n|move|p1b: Hero|Moonblast|p2a: Tornadus\n|-damage|p2a: Tornadus|18\/100\n|-damage|p1b: Hero|91\/100|[from] item: Life Orb\n|move|p1a: Alpha|Tailwind|p1a: Alpha\n|-sidestart|p1: SilentB88|move: Tailwind\n|\n|upkeep\n|turn|3\n|\n|t:|1700641189\n|-terastallize|p1b: Hero|Fairy\n|move|p1b: Hero|Icy Wind|p2b: Indeedee|[spread] p2a,p2b\n|-supereffective|p2a: Tornadus\n|-damage|p2a: Tornadus|0 fnt\n|-damage|p2b: Indeedee|89\/100\n|-unboost|p2b: Indeedee|spe|1\n|faint|p2a: Tornadus\n|-damage|p1b: Hero|82\/100|[from] item: Life Orb\n|move|p1a: Alpha|Struggle Bug|p2b: Indeedee\n|-supereffective|p2b: Indeedee\n|-damage|p2b: Indeedee|60\/100\n|-unboost|p2b: Indeedee|spa|1\n|move|p2b: Indeedee|Psychic|p1a: Alpha\n|-damage|p1a: Alpha|19\/100\n|\n|upkeep\n|\n|t:|1700641211\n|switch|p2a: Armarouge|Armarouge, L50, M|100\/100\n|turn|4\n|\n|t:|1700641235\n|move|p2a: Armarouge|Protect|p2a: Armarouge\n|-singleturn|p2a: Armarouge|Protect\n|move|p1b: Hero|Close Combat|p2b: Indeedee\n|-damage|p2b: Indeedee|0 fnt\n|-unboost|p1b: Hero|def|1\n|-unboost|p1b: Hero|spd|1\n|faint|p2b: Indeedee\n|-damage|p1b: Hero|72\/100|[from] item: Life Orb\n|move|p1a: Alpha|Struggle Bug|p2a: Armarouge\n|-activate|p2a: Armarouge|move: Protect\n|\n|upkeep\n|\n|t:|1700641237\n|switch|p2b: Ursaluna|Ursaluna-Bloodmoon, L50, M, tera:Normal|78\/100\n|turn|5\n|\n|t:|1700641256\n|move|p2b: Ursaluna|Protect|p2b: Ursaluna\n|-singleturn|p2b: Ursaluna|Protect\n|move|p1b: Hero|Close Combat|p2b: Ursaluna\n|-activate|p2b: Ursaluna|move: Protect\n|move|p2a: Armarouge|Expanding Force|p1b: Hero|[spread] p1a,p1b\n|-damage|p1a: Alpha|0 fnt\n|-damage|p1b: Hero|0 fnt\n|faint|p1a: Alpha\n|faint|p1b: Hero\n|-end|p1b: Hero|Quark Drive|[silent]\n|-damage|p2a: Armarouge|91\/100|[from] item: Life Orb\n|\n|-sideend|p1: SilentB88|move: Tailwind\n|-sideend|p2: vivixification|move: Tailwind\n|upkeep\n|-message|SilentB88 forfeited.\n|\n|win|vivixification\n|raw|SilentB88's rating: 1427 &rarr; <strong>1403<\/strong><br \/>(-24 for losing)\n|raw|vivixification's rating: 1362 &rarr; <strong>1386<\/strong><br \/>(+24 for winning)\n|l|\u2606SilentB88\n","uploadtime":1700641280,"views":3,"p1id":"silentb88","p2id":"vivixification","formatid":"gen9vgc2023regulatione","rating":1386,"private":0,"password":""}