{"id":"gen9vgc2023regulatione-1997450902","p1":"shangguanxiaobai","p2":"QueenFluffyShadow","format":"[Gen 9] VGC 2023 Regulation E","log":"|j|\u2606shangguanxiaobai\n|j|\u2606QueenFluffyShadow\n|t:|1700807479\n|gametype|doubles\n|player|p1|shangguanxiaobai|juggler|1154\n|player|p2|QueenFluffyShadow|bellelba|1123\n|teamsize|p1|6\n|teamsize|p2|6\n|gen|9\n|tier|[Gen 9] VGC 2023 Regulation E\n|rated|\n|rule|Species Clause: Limit one of each Pok\u00e9mon\n|rule|Item Clause: Limit one of each item\n|clearpoke\n|poke|p1|Ogerpon-Wellspring, L50, F|\n|poke|p1|Ludicolo, L50, M|\n|poke|p1|Pelipper, L50, F|\n|poke|p1|Azumarill, L50, M|\n|poke|p1|Scizor, L50, M|\n|poke|p1|Indeedee-F, L50, F|\n|poke|p2|Zorua-Hisui, L50, M|\n|poke|p2|Ogerpon-Wellspring, L50, F|\n|poke|p2|Heatran, L50, M|\n|poke|p2|Ninetales-Alola, L50, F|\n|poke|p2|Spectrier, L50|\n|poke|p2|Iron Hands, L50|\n|teampreview|4\n|inactive|Battle timer is ON: inactive players will automatically lose when time's up. (requested by shangguanxiaobai)\n|\n|t:|1700807513\n|start\n|switch|p1a: Ogerpon|Ogerpon-Wellspring, L50, F|100\/100\n|switch|p1b: Scizor|Scizor, L50, M|100\/100\n|switch|p2a: Ninetales|Ninetales-Alola, L50, F|100\/100\n|switch|p2b: Heatran|Heatran, L50, M|100\/100\n|turn|1\n|inactive|QueenFluffyShadow has 30 seconds left.\n|\n|t:|1700807541\n|-terastallize|p2b: Heatran|Dragon\n|move|p1a: Ogerpon|Follow Me|p1a: Ogerpon\n|-singleturn|p1a: Ogerpon|move: Follow Me\n|move|p1b: Scizor|Bullet Punch|p2a: Ninetales\n|-damage|p2a: Ninetales|34\/100\n|replace|p2a: Zorua|Zorua-Hisui, L50, M, shiny\n|-end|p2a: Zorua|Illusion\n|move|p2b: Heatran|Heat Wave|p1b: Scizor|[spread] p1b\n|-miss|p2b: Heatran|p1a: Ogerpon\n|-supereffective|p1b: Scizor\n|-damage|p1b: Scizor|0 fnt\n|faint|p1b: Scizor\n|move|p2a: Zorua|Will-O-Wisp|p1a: Ogerpon\n|-status|p1a: Ogerpon|brn\n|\n|-damage|p1a: Ogerpon|95\/100 brn|[from] brn\n|upkeep\n|\n|t:|1700807558\n|switch|p1b: Ludicolo|Ludicolo, L50, M|100\/100\n|turn|2\n|\n|t:|1700807580\n|-terastallize|p1b: Ludicolo|Water\n|move|p1a: Ogerpon|Follow Me|p1a: Ogerpon\n|-singleturn|p1a: Ogerpon|move: Follow Me\n|move|p1b: Ludicolo|Surf|p2a: Zorua|[spread] p2a,p2b\n|-heal|p1a: Ogerpon|100\/100 brn|[from] ability: Water Absorb|[of] p1b: Ludicolo\n|-resisted|p2b: Heatran\n|-damage|p2a: Zorua|0 fnt\n|-damage|p2b: Heatran|82\/100\n|faint|p2a: Zorua\n|move|p2b: Heatran|Substitute|p2b: Heatran\n|-start|p2b: Heatran|Substitute\n|-damage|p2b: Heatran|57\/100\n|\n|-heal|p2b: Heatran|63\/100|[from] item: Leftovers\n|-damage|p1a: Ogerpon|95\/100 brn|[from] brn\n|upkeep\n|\n|t:|1700807595\n|switch|p2a: Iron Hands|Iron Hands, L50|100\/100\n|turn|3\n|\n|t:|1700807619\n|move|p2b: Heatran|Protect|p2b: Heatran\n|-singleturn|p2b: Heatran|Protect\n|move|p1a: Ogerpon|Follow Me|p1a: Ogerpon\n|-singleturn|p1a: Ogerpon|move: Follow Me\n|move|p1b: Ludicolo|Surf|p2b: Heatran|[spread] p2a\n|-activate|p2b: Heatran|move: Protect\n|-heal|p1a: Ogerpon|100\/100 brn|[from] ability: Water Absorb|[of] p1b: Ludicolo\n|-damage|p2a: Iron Hands|78\/100\n|move|p2a: Iron Hands|Wild Charge|p1a: Ogerpon\n|-damage|p1a: Ogerpon|60\/100 brn\n|-damage|p2a: Iron Hands|71\/100|[from] Recoil\n|\n|-heal|p2b: Heatran|69\/100|[from] item: Leftovers\n|-damage|p1a: Ogerpon|55\/100 brn|[from] brn\n|upkeep\n|turn|4\n|inactive|QueenFluffyShadow has 30 seconds left.\n|\n|t:|1700807650\n|switch|p2b: Ninetales|Ninetales-Alola, L50, F|100\/100\n|-weather|Snow|[from] ability: Snow Warning|[of] p2b: Ninetales\n|move|p1a: Ogerpon|Follow Me|p1a: Ogerpon\n|-singleturn|p1a: Ogerpon|move: Follow Me\n|move|p1b: Ludicolo|Surf|p2b: Ninetales|[spread] p2a,p2b\n|-heal|p1a: Ogerpon|79\/100 brn|[from] ability: Water Absorb|[of] p1b: Ludicolo\n|-crit|p2b: Ninetales\n|-damage|p2a: Iron Hands|51\/100\n|-damage|p2b: Ninetales|40\/100\n|move|p2a: Iron Hands|Drain Punch|p1a: Ogerpon\n|-damage|p1a: Ogerpon|45\/100 brn\n|-heal|p2a: Iron Hands|64\/100|[from] drain|[of] p1a: Ogerpon\n|\n|-weather|Snow|[upkeep]\n|-damage|p1a: Ogerpon|39\/100 brn|[from] brn\n|upkeep\n|turn|5\n|\n|t:|1700807670\n|move|p1a: Ogerpon|Follow Me|p1a: Ogerpon\n|-singleturn|p1a: Ogerpon|move: Follow Me\n|move|p2b: Ninetales|Aurora Veil|p2b: Ninetales\n|-sidestart|p2: QueenFluffyShadow|move: Aurora Veil\n|move|p1b: Ludicolo|Surf|p2a: Iron Hands|[spread] p2a,p2b\n|-heal|p1a: Ogerpon|64\/100 brn|[from] ability: Water Absorb|[of] p1b: Ludicolo\n|-damage|p2a: Iron Hands|49\/100\n|-damage|p2b: Ninetales|11\/100\n|move|p2a: Iron Hands|Wild Charge|p1a: Ogerpon\n|-damage|p1a: Ogerpon|25\/100 brn\n|-damage|p2a: Iron Hands|42\/100|[from] Recoil\n|\n|-weather|Snow|[upkeep]\n|-damage|p1a: Ogerpon|19\/100 brn|[from] brn\n|upkeep\n|turn|6\n|inactive|QueenFluffyShadow has 30 seconds left.\n|\n|t:|1700807701\n|move|p1a: Ogerpon|Follow Me|p1a: Ogerpon\n|-singleturn|p1a: Ogerpon|move: Follow Me\n|move|p2b: Ninetales|Icy Wind|p1a: Ogerpon|[spread] p1a,p1b\n|-resisted|p1b: Ludicolo\n|-crit|p1b: Ludicolo\n|-damage|p1a: Ogerpon|6\/100 brn\n|-damage|p1b: Ludicolo|91\/100\n|-unboost|p1a: Ogerpon|spe|1\n|-unboost|p1b: Ludicolo|spe|1\n|move|p2a: Iron Hands|Wild Charge|p1a: Ogerpon\n|-damage|p1a: Ogerpon|0 fnt\n|faint|p1a: Ogerpon\n|-damage|p2a: Iron Hands|41\/100|[from] Recoil\n|move|p1b: Ludicolo|Surf|p2a: Iron Hands|[spread] p2a,p2b\n|-damage|p2a: Iron Hands|26\/100\n|-damage|p2b: Ninetales|0 fnt\n|faint|p2b: Ninetales\n|\n|-weather|Snow|[upkeep]\n|upkeep\n|\n|t:|1700807717\n|switch|p2b: Heatran|Heatran, L50, M, tera:Dragon|69\/100\n|switch|p1a: Pelipper|Pelipper, L50, F|100\/100\n|-weather|RainDance|[from] ability: Drizzle|[of] p1a: Pelipper\n|turn|7\n|\n|t:|1700807739\n|move|p1b: Ludicolo|Surf|p2b: Heatran|[spread] p1a,p2a,p2b\n|-resisted|p1a: Pelipper\n|-resisted|p2b: Heatran\n|-damage|p1a: Pelipper|62\/100\n|-damage|p2a: Iron Hands|4\/100\n|-damage|p2b: Heatran|53\/100\n|move|p2b: Heatran|Substitute|p2b: Heatran\n|-start|p2b: Heatran|Substitute\n|-damage|p2b: Heatran|29\/100\n|move|p2a: Iron Hands|Drain Punch|p1b: Ludicolo\n|-damage|p1b: Ludicolo|38\/100\n|-heal|p2a: Iron Hands|21\/100|[from] drain|[of] p1b: Ludicolo\n|move|p1a: Pelipper|Knock Off|p2b: Heatran\n|-activate|p2b: Heatran|move: Substitute|[damage]\n|\n|-weather|RainDance|[upkeep]\n|-heal|p2b: Heatran|34\/100|[from] item: Leftovers\n|upkeep\n|turn|8\n|\n|t:|1700807761\n|move|p1b: Ludicolo|Surf|p2b: Heatran|[spread] p1a,p2a,p2b\n|-resisted|p2b: Heatran\n|-activate|p2b: Heatran|move: Substitute|[damage]\n|-resisted|p1a: Pelipper\n|-crit|p1a: Pelipper\n|-damage|p1a: Pelipper|0 fnt\n|-damage|p2a: Iron Hands|1\/100\n|faint|p1a: Pelipper\n|move|p2b: Heatran|Heat Wave|p1b: Ludicolo\n|-resisted|p1b: Ludicolo\n|-damage|p1b: Ludicolo|24\/100\n|move|p2a: Iron Hands|Drain Punch|p1b: Ludicolo\n|-damage|p1b: Ludicolo|0 fnt\n|-heal|p2a: Iron Hands|9\/100|[from] drain|[of] p1b: Ludicolo\n|faint|p1b: Ludicolo\n|\n|win|QueenFluffyShadow\n|raw|shangguanxiaobai's rating: 1154 &rarr; <strong>1127<\/strong><br \/>(-27 for losing)\n|raw|QueenFluffyShadow's rating: 1123 &rarr; <strong>1150<\/strong><br \/>(+27 for winning)\n|l|\u2606shangguanxiaobai\n","uploadtime":1700807970,"views":5,"p1id":"shangguanxiaobai","p2id":"queenfluffyshadow","formatid":"gen9vgc2023regulatione","rating":1127,"private":0,"password":""}