{"id":"gen9vgc2023regulatione-1991352260","p1":"Lone Thief","p2":"Glitzky","format":"[Gen 9] VGC 2023 Regulation E","log":"|j|\u2606Lone Thief\n|j|\u2606Glitzky\n|t:|1700069979\n|gametype|doubles\n|player|p1|Lone Thief|gambler|1347\n|player|p2|Glitzky|fisherman-gen4|1394\n|teamsize|p1|6\n|teamsize|p2|6\n|gen|9\n|tier|[Gen 9] VGC 2023 Regulation E\n|rated|\n|rule|Species Clause: Limit one of each Pok\u00e9mon\n|rule|Item Clause: Limit one of each item\n|clearpoke\n|poke|p1|Roaring Moon, L50|\n|poke|p1|Urshifu-*, L50, M|\n|poke|p1|Flutter Mane, L50|\n|poke|p1|Ogerpon-Hearthflame, L50, F|\n|poke|p1|Gholdengo, L50|\n|poke|p1|Regieleki, L50|\n|poke|p2|Arcanine-Hisui, L50, M|\n|poke|p2|Tornadus, L50, M|\n|poke|p2|Urshifu-*, L50, M|\n|poke|p2|Iron Hands, L50|\n|poke|p2|Flutter Mane, L50|\n|poke|p2|Chien-Pao, L50|\n|teampreview|4\n|inactive|Battle timer is ON: inactive players will automatically lose when time's up. (requested by Glitzky)\n|inactive|Lone Thief also wants the timer to be on.\n|inactive|Lone Thief has 60 seconds left.\n|inactive|Glitzky has 60 seconds left.\n|\n|t:|1700070035\n|start\n|switch|p1a: Regieleki|Regieleki, L50|100\/100\n|switch|p1b: Flutter Mane|Flutter Mane, L50|100\/100\n|switch|p2a: Flutter Mane|Flutter Mane, L50|100\/100\n|switch|p2b: Tornadus|Tornadus, L50, M|100\/100\n|turn|1\n|\n|t:|1700070056\n|move|p2b: Tornadus|Tailwind|p2b: Tornadus\n|-sidestart|p2: Glitzky|move: Tailwind\n|move|p2a: Flutter Mane|Shadow Ball|p1b: Flutter Mane\n|-supereffective|p1b: Flutter Mane\n|-damage|p1b: Flutter Mane|0 fnt\n|faint|p1b: Flutter Mane\n|-end|p1b: Flutter Mane|Protosynthesis|[silent]\n|move|p1a: Regieleki|Electroweb|p2a: Flutter Mane|[spread] p2a,p2b\n|-supereffective|p2b: Tornadus\n|-damage|p2a: Flutter Mane|75\/100\n|-damage|p2b: Tornadus|57\/100\n|-unboost|p2a: Flutter Mane|spe|1\n|-unboost|p2b: Tornadus|spe|1\n|\n|upkeep\n|\n|t:|1700070068\n|switch|p1b: Roaring Moon|Roaring Moon, L50|100\/100\n|-enditem|p1b: Roaring Moon|Booster Energy\n|-activate|p1b: Roaring Moon|ability: Protosynthesis|[fromitem]\n|-start|p1b: Roaring Moon|protosynthesisspe\n|turn|2\n|\n|t:|1700070086\n|-end|p2a: Flutter Mane|Protosynthesis|[silent]\n|switch|p2a: Arcanine|Arcanine-Hisui, L50, M|100\/100\n|-ability|p2a: Arcanine|Intimidate|boost\n|-unboost|p1a: Regieleki|atk|1\n|-unboost|p1b: Roaring Moon|atk|1\n|-terastallize|p1b: Roaring Moon|Flying\n|move|p2b: Tornadus|Taunt|p1b: Roaring Moon\n|-start|p1b: Roaring Moon|move: Taunt\n|cant|p1b: Roaring Moon|move: Taunt|Tailwind\n|move|p1a: Regieleki|Electroweb|p2b: Tornadus|[spread] p2a,p2b\n|-supereffective|p2b: Tornadus\n|-damage|p2a: Arcanine|72\/100\n|-damage|p2b: Tornadus|9\/100\n|-unboost|p2a: Arcanine|spe|1\n|-unboost|p2b: Tornadus|spe|1\n|\n|upkeep\n|turn|3\n|inactive|Glitzky has 30 seconds left.\n|\n|t:|1700070113\n|move|p1b: Roaring Moon|Breaking Swipe|p2b: Tornadus|[spread] p2a,p2b\n|-damage|p2a: Arcanine|53\/100\n|-damage|p2b: Tornadus|0 fnt\n|-unboost|p2a: Arcanine|atk|1\n|faint|p2b: Tornadus\n|move|p1a: Regieleki|Thunder Cage|p2a: Arcanine\n|-damage|p2a: Arcanine|0 fnt\n|faint|p2a: Arcanine\n|\n|upkeep\n|\n|t:|1700070118\n|switch|p2b: Chien-Pao|Chien-Pao, L50|100\/100\n|switch|p2a: Flutter Mane|Flutter Mane, L50|75\/100\n|-ability|p2b: Chien-Pao|Sword of Ruin\n|turn|4\n|\n|t:|1700070133\n|-terastallize|p2a: Flutter Mane|Fairy\n|move|p2b: Chien-Pao|Sucker Punch|p1b: Roaring Moon\n|-damage|p1b: Roaring Moon|44\/100\n|move|p2a: Flutter Mane|Dazzling Gleam|p1b: Roaring Moon|[spread] p1a,p1b\n|-enditem|p1a: Regieleki|Focus Sash\n|-damage|p1a: Regieleki|1\/100\n|-damage|p1b: Roaring Moon|0 fnt\n|faint|p1b: Roaring Moon\n|-end|p1b: Roaring Moon|Protosynthesis|[silent]\n|move|p1a: Regieleki|Electroweb|p2b: Chien-Pao|[spread] p2a,p2b\n|-damage|p2a: Flutter Mane|53\/100\n|-damage|p2b: Chien-Pao|56\/100\n|-unboost|p2a: Flutter Mane|spe|1\n|-unboost|p2b: Chien-Pao|spe|1\n|\n|-sideend|p2: Glitzky|move: Tailwind\n|upkeep\n|\n|t:|1700070141\n|switch|p1b: Ogerpon|Ogerpon-Hearthflame, L50, F|100\/100\n|-ability|p1b: Ogerpon|Mold Breaker\n|turn|5\n|\n|t:|1700070156\n|move|p2b: Chien-Pao|Sucker Punch|p1a: Regieleki\n|-damage|p1a: Regieleki|0 fnt\n|faint|p1a: Regieleki\n|move|p1b: Ogerpon|Ivy Cudgel|p2b: Chien-Pao|[anim] Ivy Cudgel Fire\n|-supereffective|p2b: Chien-Pao\n|-damage|p2b: Chien-Pao|0 fnt\n|faint|p2b: Chien-Pao\n|move|p2a: Flutter Mane|Dazzling Gleam|p1b: Ogerpon\n|-resisted|p1b: Ogerpon\n|-damage|p1b: Ogerpon|58\/100\n|\n|upkeep\n|turn|6\n|c|\u2606Glitzky|ggs\n|\n|t:|1700070165\n|move|p1b: Ogerpon|Horn Leech|p2a: Flutter Mane\n|-damage|p2a: Flutter Mane|0 fnt\n|-heal|p1b: Ogerpon|83\/100|[from] drain|[of] p2a: Flutter Mane\n|faint|p2a: Flutter Mane\n|-end|p2a: Flutter Mane|Protosynthesis|[silent]\n|\n|win|Lone Thief\n|raw|Lone Thief's rating: 1347 &rarr; <strong>1370<\/strong><br \/>(+23 for winning)\n|raw|Glitzky's rating: 1394 &rarr; <strong>1371<\/strong><br \/>(-23 for losing)\n","uploadtime":1700070169,"views":16,"p1id":"lonethief","p2id":"glitzky","formatid":"gen9vgc2023regulatione","rating":1370,"private":0,"password":""}