{"id":"gen9vgc2023regulatione-1995865237","p1":"1 Time cp","p2":"CALAMELLA","format":"[Gen 9] VGC 2023 Regulation E","log":"|j|\u26061 Time cp\n|j|\u2606CALAMELLA\n|t:|1700611193\n|gametype|doubles\n|player|p1|1 Time cp|lucas|1220\n|player|p2|CALAMELLA|drayden|1125\n|teamsize|p1|6\n|teamsize|p2|6\n|gen|9\n|tier|[Gen 9] VGC 2023 Regulation E\n|rated|\n|rule|Species Clause: Limit one of each Pok\u00e9mon\n|rule|Item Clause: Limit one of each item\n|clearpoke\n|poke|p1|Infernape, L50, F|\n|poke|p1|Dondozo, L50, F|\n|poke|p1|Tatsugiri, L50, F|\n|poke|p1|Dragonite, L50, F|\n|poke|p1|Chien-Pao, L50|\n|poke|p1|Ogerpon, L50, F|\n|poke|p2|Ursaluna-Bloodmoon, L50, M|\n|poke|p2|Dusclops, L50, F|\n|poke|p2|Ogerpon-Hearthflame, L50, F|\n|poke|p2|Rillaboom, L50, F|\n|poke|p2|Urshifu-*, L50, M|\n|poke|p2|Iron Hands, L50|\n|teampreview|4\n|\n|t:|1700611236\n|start\n|switch|p1a: Chien-Pao|Chien-Pao, L50|100\/100\n|switch|p1b: Dragonite|Dragonite, L50, F, shiny|100\/100\n|switch|p2a: Urshifu|Urshifu, L50, M|100\/100\n|switch|p2b: Rillaboom|Rillaboom, L50, F|100\/100\n|-ability|p1a: Chien-Pao|Sword of Ruin\n|-fieldstart|move: Grassy Terrain|[from] ability: Grassy Surge|[of] p2b: Rillaboom\n|turn|1\n|inactive|Battle timer is ON: inactive players will automatically lose when time's up. (requested by 1 Time cp)\n|\n|t:|1700611274\n|switch|p2a: Iron Hands|Iron Hands, L50|100\/100\n|-terastallize|p2b: Rillaboom|Fire\n|move|p1a: Chien-Pao|Protect|p1a: Chien-Pao\n|-singleturn|p1a: Chien-Pao|Protect\n|move|p2b: Rillaboom|U-turn|p1a: Chien-Pao\n|-activate|p1a: Chien-Pao|move: Protect\n|move|p1b: Dragonite|Outrage|p2a: Iron Hands\n|-damage|p2a: Iron Hands|6\/100\n|\n|-heal|p2a: Iron Hands|12\/100|[from] Grassy Terrain\n|upkeep\n|turn|2\n|\n|t:|1700611296\n|switch|p1a: Dondozo|Dondozo, L50, F, shiny|100\/100\n|move|p2b: Rillaboom|Fake Out||[still]\n|-hint|Fake Out only works on your first turn out.\n|-fail|p2b: Rillaboom\n|move|p1b: Dragonite|Outrage|p2b: Rillaboom|[from]lockedmove\n|-damage|p2b: Rillaboom|1\/100\n|move|p2a: Iron Hands|Ice Punch|p1b: Dragonite\n|-supereffective|p1b: Dragonite\n|-damage|p1b: Dragonite|0 fnt\n|faint|p1b: Dragonite\n|\n|-heal|p2b: Rillaboom|7\/100|[from] Grassy Terrain\n|-heal|p2a: Iron Hands|19\/100|[from] Grassy Terrain\n|upkeep\n|\n|t:|1700611309\n|switch|p1b: Tatsugiri|Tatsugiri, L50, F|100\/100\n|-activate|p1b: Tatsugiri|ability: Commander|[of] p1a: Dondozo\n|-boost|p1a: Dondozo|atk|2\n|-boost|p1a: Dondozo|spa|2\n|-boost|p1a: Dondozo|spe|2\n|-boost|p1a: Dondozo|def|2\n|-boost|p1a: Dondozo|spd|2\n|turn|3\n|\n|t:|1700611332\n|-end|p2a: Iron Hands|Quark Drive|[silent]\n|switch|p2a: Ogerpon|Ogerpon-Hearthflame, L50, F|100\/100\n|-ability|p2a: Ogerpon|Mold Breaker\n|-terastallize|p1a: Dondozo|Dragon\n|move|p1a: Dondozo|Earthquake|p2b: Rillaboom|[spread] p2a,p2b\n|-miss|p1a: Dondozo|p1b: Tatsugiri\n|-supereffective|p2b: Rillaboom\n|-damage|p2a: Ogerpon|70\/100\n|-damage|p2b: Rillaboom|0 fnt\n|faint|p2b: Rillaboom\n|\n|-heal|p2a: Ogerpon|75\/100|[from] Grassy Terrain\n|upkeep\n|\n|t:|1700611346\n|switch|p2b: Urshifu|Urshifu, L50, M|100\/100\n|turn|4\n|\n|t:|1700611363\n|move|p2a: Ogerpon|Ivy Cudgel|p1a: Dondozo|[anim] Ivy Cudgel Fire\n|-resisted|p1a: Dondozo\n|-damage|p1a: Dondozo|91\/100\n|move|p1a: Dondozo|Order Up|p2b: Urshifu\n|-damage|p2b: Urshifu|32\/100\n|-boost|p1a: Dondozo|atk|1\n|move|p2b: Urshifu|Wicked Blow|p1a: Dondozo\n|-crit|p1a: Dondozo\n|-damage|p1a: Dondozo|43\/100\n|\n|-heal|p2a: Ogerpon|81\/100|[from] Grassy Terrain\n|-heal|p1a: Dondozo|49\/100|[from] Grassy Terrain\n|-heal|p1a: Dondozo|55\/100|[from] item: Leftovers\n|-heal|p2b: Urshifu|38\/100|[from] Grassy Terrain\n|upkeep\n|turn|5\n|inactive|CALAMELLA has 30 seconds left.\n|\n|t:|1700611397\n|move|p2a: Ogerpon|Follow Me|p2a: Ogerpon\n|-singleturn|p2a: Ogerpon|move: Follow Me\n|move|p1a: Dondozo|Order Up|p2a: Ogerpon\n|-damage|p2a: Ogerpon|0 fnt\n|faint|p2a: Ogerpon\n|-boost|p1a: Dondozo|atk|1\n|move|p2b: Urshifu|Wicked Blow|p1a: Dondozo\n|-crit|p1a: Dondozo\n|-damage|p1a: Dondozo|3\/100\n|\n|-heal|p1a: Dondozo|9\/100|[from] Grassy Terrain\n|-heal|p1a: Dondozo|14\/100|[from] item: Leftovers\n|-heal|p2b: Urshifu|44\/100|[from] Grassy Terrain\n|-fieldend|move: Grassy Terrain\n|upkeep\n|\n|t:|1700611412\n|switch|p2a: Iron Hands|Iron Hands, L50|19\/100\n|turn|6\n|\n|t:|1700611427\n|move|p2a: Iron Hands|Fake Out|p1a: Dondozo\n|-damage|p1a: Dondozo|9\/100\n|cant|p1a: Dondozo|flinch\n|move|p2b: Urshifu|Wicked Blow|p1a: Dondozo\n|-crit|p1a: Dondozo\n|-damage|p1a: Dondozo|0 fnt\n|faint|p1a: Dondozo\n|\n|upkeep\n|\n|t:|1700611433\n|switch|p1a: Chien-Pao|Chien-Pao, L50|100\/100\n|-ability|p1a: Chien-Pao|Sword of Ruin\n|turn|7\n|\n|t:|1700611454\n|move|p2b: Urshifu|Detect|p2b: Urshifu\n|-singleturn|p2b: Urshifu|Protect\n|move|p1a: Chien-Pao|Icicle Crash|p2b: Urshifu\n|-activate|p2b: Urshifu|move: Protect\n|move|p1b: Tatsugiri|Draco Meteor|p2a: Iron Hands\n|-damage|p2a: Iron Hands|0 fnt\n|-unboost|p1b: Tatsugiri|spa|2\n|faint|p2a: Iron Hands\n|-end|p2a: Iron Hands|Quark Drive|[silent]\n|\n|upkeep\n|turn|8\n|\n|t:|1700611469\n|move|p1a: Chien-Pao|Icicle Crash|p2b: Urshifu\n|-damage|p2b: Urshifu|0 fnt\n|faint|p2b: Urshifu\n|\n|win|1 Time cp\n|raw|1 Time cp's rating: 1220 &rarr; <strong>1238<\/strong><br \/>(+18 for winning)\n|raw|CALAMELLA's rating: 1125 &rarr; <strong>1107<\/strong><br \/>(-18 for losing)\n|l|\u2606CALAMELLA\n","uploadtime":1700611481,"views":14,"p1id":"1timecp","p2id":"calamella","formatid":"gen9vgc2023regulatione","rating":1107,"private":0,"password":""}