{"id":"gen9vgc2023regulatione-2000011984","p1":"Stryke Out","p2":"LiluziHit","format":"[Gen 9] VGC 2023 Regulation E","log":"|j|\u2606Stryke Out\n|j|\u2606LiluziHit\n|n|\u2606Stryke Out|strykeout\n|n|\u2606LiluziHit|liluzihit\n|html|View the match progress at <a href=\"\/game-bestof3-gen9vgc2023regulatione-2000009195\">game-bestof3-gen9vgc2023regulatione-2000009195<\/a>\n|t:|1701141011\n|gametype|doubles\n|player|p1|Stryke Out|cynthia-gen4|\n|player|p2|LiluziHit|blue|\n|teamsize|p1|6\n|teamsize|p2|6\n|gen|9\n|tier|[Gen 9] VGC 2023 Regulation E\n|rule|Species Clause: Limit one of each Pok\u00e9mon\n|rule|Item Clause: Limit one of each item\n|clearpoke\n|poke|p1|Flutter Mane, L50|\n|poke|p1|Zapdos-Galar, L50|\n|poke|p1|Bellibolt, L50, F|\n|poke|p1|Shiftry, L50, F|\n|poke|p1|Gholdengo, L50|\n|poke|p1|Crocalor, L50, M|\n|poke|p2|Kingambit, L50, M|\n|poke|p2|Landorus-Therian, L50, M|\n|poke|p2|Ursaluna-Bloodmoon, L50, M|\n|poke|p2|Dusknoir, L50, F|\n|poke|p2|Munkidori, L50, M|\n|poke|p2|Impidimp, L50, M|\n|teampreview|4\n|\n|t:|1701141057\n|start\n|switch|p1a: Flutter Mane|Flutter Mane, L50|100\/100\n|switch|p1b: Crocalor|Crocalor, L50, M, shiny|100\/100\n|switch|p2a: Dusknoir|Dusknoir, L50, F|100\/100\n|switch|p2b: Munkidori|Munkidori, L50, M|100\/100\n|-item|p1a: Flutter Mane|Booster Energy|[from] ability: Frisk|[of] p2a: Dusknoir|[identify]\n|-item|p1b: Crocalor|Eviolite|[from] ability: Frisk|[of] p2a: Dusknoir|[identify]\n|-enditem|p1a: Flutter Mane|Booster Energy\n|-activate|p1a: Flutter Mane|ability: Protosynthesis|[fromitem]\n|-start|p1a: Flutter Mane|protosynthesisspa\n|turn|1\n|c|\u2606LiluziHit|is that crocalor\n|\n|t:|1701141099\n|move|p1b: Crocalor|Helping Hand|p1a: Flutter Mane\n|-singleturn|p1a: Flutter Mane|Helping Hand|[of] p1b: Crocalor\n|move|p2b: Munkidori|Parting Shot|p1a: Flutter Mane\n|-unboost|p1a: Flutter Mane|atk|1\n|-unboost|p1a: Flutter Mane|spa|1\n|\n|t:|1701141108\n|switch|p2b: Ursaluna|Ursaluna-Bloodmoon, L50, M|100\/100|[from] Parting Shot\n|move|p1a: Flutter Mane|Moonblast|p2a: Dusknoir\n|-damage|p2a: Dusknoir|45\/100\n|-unboost|p2a: Dusknoir|spa|1\n|move|p2a: Dusknoir|Trick Room|p2a: Dusknoir\n|-fieldstart|move: Trick Room|[of] p2a: Dusknoir\n|\n|upkeep\n|turn|2\n|\n|t:|1701141126\n|-end|p1a: Flutter Mane|Protosynthesis|[silent]\n|switch|p1a: Bellibolt|Bellibolt, L50, F|100\/100\n|-terastallize|p2b: Ursaluna|Normal\n|-terastallize|p1b: Crocalor|Flying\n|move|p2a: Dusknoir|Helping Hand|p2b: Ursaluna\n|-singleturn|p2b: Ursaluna|Helping Hand|[of] p2a: Dusknoir\n|move|p2b: Ursaluna|Hyper Voice|p1b: Crocalor|[spread] p1a,p1b\n|-damage|p1a: Bellibolt|32\/100\n|-damage|p1b: Crocalor|46\/100\n|-start|p1a: Bellibolt|Charge|Hyper Voice|[from] ability: Electromorphosis\n|-enditem|p2b: Ursaluna|Throat Spray\n|-boost|p2b: Ursaluna|spa|1|[from] item: Throat Spray\n|move|p1b: Crocalor|Heat Wave|p2b: Ursaluna|[spread] p2a,p2b\n|-damage|p2a: Dusknoir|29\/100\n|-damage|p2b: Ursaluna|77\/100\n|\n|-heal|p1a: Bellibolt|38\/100|[from] item: Leftovers\n|upkeep\n|turn|3\n|\n|t:|1701141144\n|move|p2a: Dusknoir|Helping Hand|p2b: Ursaluna\n|-singleturn|p2b: Ursaluna|Helping Hand|[of] p2a: Dusknoir\n|move|p1a: Bellibolt|Eerie Impulse|p2b: Ursaluna\n|-unboost|p2b: Ursaluna|spa|2\n|-end|p1a: Bellibolt|Charge|[silent]\n|move|p2b: Ursaluna|Hyper Voice|p1b: Crocalor|[spread] p1a,p1b\n|-damage|p1a: Bellibolt|0 fnt\n|-damage|p1b: Crocalor|0 fnt\n|faint|p1a: Bellibolt\n|faint|p1b: Crocalor\n|\n|upkeep\n|c|\u2606LiluziHit|ur fucked\n|\n|t:|1701141153\n|switch|p1a: Flutter Mane|Flutter Mane, L50|100\/100\n|switch|p1b: Zapdos|Zapdos-Galar, L50|100\/100\n|turn|4\n|\n|t:|1701141172\n|move|p2a: Dusknoir|Will-O-Wisp|p1b: Zapdos\n|-status|p1b: Zapdos|brn\n|move|p2b: Ursaluna|Blood Moon|p1a: Flutter Mane\n|-damage|p1a: Flutter Mane|32\/100\n|move|p1b: Zapdos|Brave Bird|p2a: Dusknoir\n|-damage|p2a: Dusknoir|4\/100\n|-damage|p1b: Zapdos|94\/100 brn|[from] Recoil\n|move|p1a: Flutter Mane|Moonblast|p2b: Ursaluna\n|-damage|p2b: Ursaluna|21\/100\n|\n|-damage|p1b: Zapdos|88\/100 brn|[from] brn\n|upkeep\n|turn|5\n|\n|t:|1701141198\n|move|p2a: Dusknoir|Helping Hand|p2b: Ursaluna\n|-singleturn|p2b: Ursaluna|Helping Hand|[of] p2a: Dusknoir\n|move|p2b: Ursaluna|Hyper Voice|p1a: Flutter Mane|[spread] p1a,p1b\n|-damage|p1a: Flutter Mane|0 fnt\n|-damage|p1b: Zapdos|39\/100 brn\n|-enditem|p1b: Zapdos|Sitrus Berry|[eat]\n|-heal|p1b: Zapdos|63\/100 brn|[from] item: Sitrus Berry\n|faint|p1a: Flutter Mane\n|-end|p1a: Flutter Mane|Protosynthesis|[silent]\n|move|p1b: Zapdos|Thunderous Kick|p2b: Ursaluna\n|-supereffective|p2b: Ursaluna\n|-damage|p2b: Ursaluna|0 fnt\n|faint|p2b: Ursaluna\n|\n|-damage|p1b: Zapdos|57\/100 brn|[from] brn\n|-fieldend|move: Trick Room\n|upkeep\n|\n|t:|1701141207\n|switch|p2b: Munkidori|Munkidori, L50, M|100\/100\n|turn|6\n|\n|t:|1701141211\n|move|p2a: Dusknoir|Helping Hand|p2b: Munkidori\n|-singleturn|p2b: Munkidori|Helping Hand|[of] p2a: Dusknoir\n|move|p1b: Zapdos|Protect|p1b: Zapdos\n|-singleturn|p1b: Zapdos|Protect\n|move|p2b: Munkidori|Sludge Wave|p1b: Zapdos|[spread] p2a\n|-activate|p1b: Zapdos|move: Protect\n|-resisted|p2a: Dusknoir\n|-damage|p2a: Dusknoir|0 fnt\n|faint|p2a: Dusknoir\n|\n|-damage|p1b: Zapdos|51\/100 brn|[from] brn\n|upkeep\n|\n|t:|1701141215\n|switch|p2a: Kingambit|Kingambit, L50, M|100\/100\n|turn|7\n|\n|t:|1701141219\n|move|p2a: Kingambit|Sucker Punch|p1b: Zapdos\n|-resisted|p1b: Zapdos\n|-damage|p1b: Zapdos|31\/100 brn\n|move|p2b: Munkidori|Sludge Wave|p1b: Zapdos|[spread] p1b\n|-immune|p2a: Kingambit\n|-damage|p1b: Zapdos|0 fnt\n|faint|p1b: Zapdos\n|\n|win|LiluziHit\n|l|\u2606Stryke Out\n","uploadtime":1701141259,"views":3,"p1id":"strykeout","p2id":"liluzihit","formatid":"gen9vgc2023regulatione","rating":0,"private":0,"password":""}