{"id":"gen9vgc2023regulatione-1994217936","p1":"Oddball_Otter","p2":"SpaceCP","format":"[Gen 9] VGC 2023 Regulation E","log":"|j|\u2606Oddball_Otter\n|j|\u2606SpaceCP\n|n|\u2606Oddball_Otter|oddballotter\n|n|\u2606SpaceCP|spacecp\n|html|View the match progress at <a href=\"\/game-bestof3-gen9vgc2023regulatione-1994210562\">game-bestof3-gen9vgc2023regulatione-1994210562<\/a>\n|t:|1700420079\n|gametype|doubles\n|player|p1|Oddball_Otter|265|\n|player|p2|SpaceCP|youngster-gen4dp|\n|teamsize|p1|6\n|teamsize|p2|6\n|gen|9\n|tier|[Gen 9] VGC 2023 Regulation E\n|rule|Species Clause: Limit one of each Pok\u00e9mon\n|rule|Item Clause: Limit one of each item\n|clearpoke\n|poke|p1|Ursaluna-Bloodmoon, L50, M|\n|poke|p1|Amoonguss, L50, M|\n|poke|p1|Rillaboom, L50, F|\n|poke|p1|Arcanine-Hisui, L50, M|\n|poke|p1|Kingambit, L50, M|\n|poke|p1|Farigiraf, L50, M|\n|poke|p2|Slaking, L50, F|\n|poke|p2|Weezing, L50, F|\n|poke|p2|Arcanine, L50, F|\n|poke|p2|Dondozo, L50, M|\n|poke|p2|Hydreigon, L50, F|\n|poke|p2|Rillaboom, L50, F|\n|teampreview|4\nOddball_Otter has agreed to open team sheets.\n|j| ruwisc\n|\n|t:|1700420164\n|start\n|switch|p1a: Ursaluna|Ursaluna-Bloodmoon, L50, M|100\/100\n|switch|p1b: Farigiraf|Farigiraf, L50, M, shiny|100\/100\n|switch|p2a: Rillaboom|Rillaboom, L50, F|100\/100\n|switch|p2b: Slaking|Slaking, L50, F|100\/100\n|-fieldstart|move: Grassy Terrain|[from] ability: Grassy Surge|[of] p2a: Rillaboom\n|turn|1\n|\n|t:|1700420192\n|switch|p1a: Arcanine|Arcanine-Hisui, L50, M, shiny|100\/100\n|-ability|p1a: Arcanine|Intimidate|boost\n|-unboost|p2a: Rillaboom|atk|1\n|-unboost|p2b: Slaking|atk|1\n|-terastallize|p2b: Slaking|Normal\n|move|p2b: Slaking|Giga Impact|p1b: Farigiraf|[miss]\n|-miss|p2b: Slaking|p1b: Farigiraf\n|move|p2a: Rillaboom|Wood Hammer|p1a: Arcanine\n|-damage|p1a: Arcanine|33\/100\n|-damage|p2a: Rillaboom|81\/100|[from] Recoil\n|move|p1b: Farigiraf|Trick Room|p1b: Farigiraf\n|-fieldstart|move: Trick Room|[of] p1b: Farigiraf\n|\n|-heal|p2a: Rillaboom|87\/100|[from] Grassy Terrain\n|-heal|p1a: Arcanine|40\/100|[from] Grassy Terrain\n|upkeep\n|turn|2\n|\n|t:|1700420257\n|switch|p2a: Weezing|Weezing, L50, F|100\/100\n|-ability|p2a: Weezing|Neutralizing Gas\n|move|p1b: Farigiraf|Dazzling Gleam|p2a: Weezing|[spread] p2a,p2b\n|-resisted|p2a: Weezing\n|-damage|p2a: Weezing|91\/100\n|-damage|p2b: Slaking|87\/100\n|move|p2b: Slaking|Giga Impact|p1b: Farigiraf\n|-damage|p1b: Farigiraf|4\/100\n|-mustrecharge|p2b: Slaking\n|move|p1a: Arcanine|Flare Blitz|p2a: Weezing\n|-damage|p2a: Weezing|26\/100\n|-damage|p1a: Arcanine|19\/100|[from] Recoil\n|\n|-heal|p1b: Farigiraf|10\/100|[from] Grassy Terrain\n|-heal|p2a: Weezing|32\/100|[from] Grassy Terrain\n|-heal|p2a: Weezing|38\/100|[from] item: Leftovers\n|-heal|p2b: Slaking|94\/100|[from] Grassy Terrain\n|-heal|p1a: Arcanine|25\/100|[from] Grassy Terrain\n|upkeep\n|turn|3\n|\n|t:|1700420298\n|switch|p1b: Ursaluna|Ursaluna-Bloodmoon, L50, M|100\/100\n|move|p2a: Weezing|Sludge Bomb|p1b: Ursaluna\n|-resisted|p1b: Ursaluna\n|-damage|p1b: Ursaluna|84\/100\n|cant|p2b: Slaking|recharge\n|move|p1a: Arcanine|Flare Blitz|p2b: Slaking\n|-damage|p2b: Slaking|35\/100\n|-damage|p1a: Arcanine|0 fnt|[from] Recoil\n|faint|p1a: Arcanine\n|\n|-heal|p1b: Ursaluna|90\/100|[from] Grassy Terrain\n|-heal|p2a: Weezing|44\/100|[from] Grassy Terrain\n|-heal|p2a: Weezing|49\/100|[from] item: Leftovers\n|-heal|p2b: Slaking|42\/100|[from] Grassy Terrain\n|upkeep\n|\n|t:|1700420309\n|switch|p1a: Kingambit|Kingambit, L50, M, shiny|100\/100\n|turn|4\n|\n|t:|1700420339\n|move|p2a: Weezing|Protect|p2a: Weezing\n|-singleturn|p2a: Weezing|Protect\n|move|p1b: Ursaluna|Hyper Voice|p2b: Slaking|[spread] p2b\n|-activate|p2a: Weezing|move: Protect\n|-damage|p2b: Slaking|6\/100\n|-enditem|p1b: Ursaluna|Throat Spray\n|-boost|p1b: Ursaluna|spa|1|[from] item: Throat Spray\n|move|p1a: Kingambit|Kowtow Cleave|p2b: Slaking\n|-crit|p2b: Slaking\n|-damage|p2b: Slaking|0 fnt\n|faint|p2b: Slaking\n|\n|-heal|p1b: Ursaluna|96\/100|[from] Grassy Terrain\n|-heal|p2a: Weezing|55\/100|[from] Grassy Terrain\n|-heal|p2a: Weezing|61\/100|[from] item: Leftovers\n|upkeep\n|\n|t:|1700420351\n|switch|p2b: Dondozo|Dondozo, L50, M|100\/100\n|turn|5\n|\n|t:|1700420372\n|-terastallize|p1a: Kingambit|Dark\n|move|p2b: Dondozo|Body Press|p1a: Kingambit\n|-supereffective|p1a: Kingambit\n|-damage|p1a: Kingambit|70\/100\n|move|p1b: Ursaluna|Hyper Voice|p2b: Dondozo|[spread] p2a,p2b\n|-damage|p2a: Weezing|0 fnt\n|-damage|p2b: Dondozo|52\/100\n|faint|p2a: Weezing\n|-end|p2a: Weezing|ability: Neutralizing Gas\n|move|p1a: Kingambit|Kowtow Cleave|p2b: Dondozo\n|-damage|p2b: Dondozo|2\/100\n|\n|-heal|p2b: Dondozo|8\/100|[from] Grassy Terrain\n|-heal|p1b: Ursaluna|100\/100|[from] Grassy Terrain\n|-heal|p1a: Kingambit|75\/100|[from] Grassy Terrain\n|-fieldend|move: Trick Room\n|-fieldend|move: Grassy Terrain\n|upkeep\n|\n|t:|1700420379\n|switch|p2a: Rillaboom|Rillaboom, L50, F|87\/100\n|-fieldstart|move: Grassy Terrain|[from] ability: Grassy Surge|[of] p2a: Rillaboom\n|turn|6\n|\n|t:|1700420419\n|switch|p1a: Farigiraf|Farigiraf, L50, M, shiny|10\/100\n|move|p2a: Rillaboom|Fake Out||[still]\n|cant|p1a: Farigiraf|ability: Armor Tail|Fake Out|[of] p2a: Rillaboom\n|move|p1b: Ursaluna|Hyper Voice|p2a: Rillaboom|[spread] p2a,p2b\n|-damage|p2a: Rillaboom|37\/100\n|-damage|p2b: Dondozo|0 fnt\n|faint|p2b: Dondozo\n|\n|-heal|p2a: Rillaboom|43\/100|[from] Grassy Terrain\n|-heal|p1a: Farigiraf|16\/100|[from] Grassy Terrain\n|upkeep\n|turn|7\n|c|\u2606SpaceCP|gg\n|-message|SpaceCP forfeited.\n|\n|win|Oddball_Otter\n|c|\u2606Oddball_Otter|ggwp\n|c|\u2606SpaceCP|U2\n|l|\u2606SpaceCP\n|j|\u2606SpaceCP\n|player|p2|SpaceCP|youngster-gen4dp\n|l|\u2606SpaceCP\n|player|p2|\n|l| ruwisc\n","uploadtime":1700420550,"views":11,"p1id":"oddballotter","p2id":"spacecp","formatid":"gen9vgc2023regulatione","rating":0,"private":0,"password":""}