{"id":"gen9vgc2023regulatione-1990884934","p1":"URFEN","p2":"Jop 30 in a row","format":"[Gen 9] VGC 2023 Regulation E","log":"|j|\u2606URFEN\n|j|\u2606Jop 30 in a row\n|t:|1700011277\n|gametype|doubles\n|player|p1|URFEN|flint|1133\n|player|p2|Jop 30 in a row|lillie|1199\n|teamsize|p1|6\n|teamsize|p2|6\n|gen|9\n|tier|[Gen 9] VGC 2023 Regulation E\n|rated|\n|rule|Species Clause: Limit one of each Pok\u00e9mon\n|rule|Item Clause: Limit one of each item\n|clearpoke\n|poke|p1|Urshifu-*, L50, M|\n|poke|p1|Rotom-Heat, L50|\n|poke|p1|Cresselia, L50, F|\n|poke|p1|Fezandipiti, L50, M|\n|poke|p1|Landorus-Therian, L50, M|\n|poke|p1|Iron Jugulis, L50|\n|poke|p2|Moltres-Galar, L50|\n|poke|p2|Arcanine-Hisui, L50, M|\n|poke|p2|Munkidori, L50, M|\n|poke|p2|Sinistcha, L50|\n|poke|p2|Grimmsnarl, L50, M|\n|poke|p2|Milotic, L50, F|\n|teampreview|4\nURFEN rejected open team sheets.\n|inactive|Battle timer is ON: inactive players will automatically lose when time's up. (requested by Jop 30 in a row)\n|\n|t:|1700011324\n|start\n|switch|p1a: Landorus|Landorus-Therian, L50, M|100\/100\n|switch|p1b: Iron Jugulis|Iron Jugulis, L50, shiny|100\/100\n|switch|p2a: Grimmsnarl|Grimmsnarl, L50, M, shiny|100\/100\n|switch|p2b: Arcanine|Arcanine-Hisui, L50, M, shiny|100\/100\n|-ability|p1a: Landorus|Intimidate|boost\n|-unboost|p2a: Grimmsnarl|atk|1\n|-unboost|p2b: Arcanine|atk|1\n|-ability|p2b: Arcanine|Intimidate|boost\n|-unboost|p1a: Landorus|atk|1\n|-unboost|p1b: Iron Jugulis|atk|1\n|-enditem|p1b: Iron Jugulis|Booster Energy\n|-activate|p1b: Iron Jugulis|ability: Quark Drive|[fromitem]\n|-start|p1b: Iron Jugulis|quarkdrivespe\n|turn|1\n|inactive|Jop 30 in a row has 30 seconds left.\n|\n|t:|1700011356\n|-terastallize|p2b: Arcanine|Fairy\n|move|p2a: Grimmsnarl|Reflect|p2a: Grimmsnarl\n|-sidestart|p2: Jop 30 in a row|Reflect\n|move|p1b: Iron Jugulis|Tailwind|p1b: Iron Jugulis\n|-sidestart|p1: URFEN|move: Tailwind\n|move|p1a: Landorus|U-turn|p2a: Grimmsnarl\n|-damage|p2a: Grimmsnarl|84\/100\n|\n|t:|1700011363\n|switch|p1a: Cresselia|Cresselia, L50, F, shiny|100\/100|[from] U-turn\n|move|p2b: Arcanine|Rock Slide|p1b: Iron Jugulis|[spread] p1a,p1b\n|-supereffective|p1b: Iron Jugulis\n|-damage|p1a: Cresselia|88\/100\n|-damage|p1b: Iron Jugulis|57\/100\n|\n|-heal|p1a: Cresselia|94\/100|[from] item: Leftovers\n|upkeep\n|turn|2\n|\n|t:|1700011376\n|switch|p2b: Moltres|Moltres-Galar, L50, shiny|100\/100\n|move|p2a: Grimmsnarl|Light Screen|p2a: Grimmsnarl\n|-sidestart|p2: Jop 30 in a row|move: Light Screen\n|move|p1b: Iron Jugulis|Rain Dance|p1b: Iron Jugulis\n|-weather|RainDance\n|move|p1a: Cresselia|Lunar Blessing|p1a: Cresselia|[spread] p1a,p1b\n|-heal|p1a: Cresselia|100\/100\n|-heal|p1b: Iron Jugulis|82\/100\n|\n|-weather|RainDance|[upkeep]\n|upkeep\n|turn|3\n|\n|t:|1700011400\n|-end|p1b: Iron Jugulis|Quark Drive|[silent]\n|switch|p1b: Landorus|Landorus-Therian, L50, M|100\/100\n|-ability|p1b: Landorus|Intimidate|boost\n|-unboost|p2a: Grimmsnarl|atk|1\n|-unboost|p2b: Moltres|atk|1\n|move|p2a: Grimmsnarl|Parting Shot|p1a: Cresselia\n|-unboost|p1a: Cresselia|atk|1\n|-unboost|p1a: Cresselia|spa|1\n|\n|t:|1700011406\n|switch|p2a: Arcanine|Arcanine-Hisui, L50, M, shiny, tera:Fairy|100\/100|[from] Parting Shot\n|-ability|p2a: Arcanine|Intimidate|boost\n|-unboost|p1a: Cresselia|atk|1\n|-unboost|p1b: Landorus|atk|1\n|move|p1a: Cresselia|Moonblast|p2b: Moltres\n|-supereffective|p2b: Moltres\n|-damage|p2b: Moltres|89\/100\n|move|p2b: Moltres|Nasty Plot|p2b: Moltres\n|-boost|p2b: Moltres|spa|2\n|\n|-weather|RainDance|[upkeep]\n|upkeep\n|turn|4\n|\n|t:|1700011424\n|move|p1a: Cresselia|Helping Hand|p1b: Landorus\n|-singleturn|p1b: Landorus|Helping Hand|[of] p1a: Cresselia\n|move|p1b: Landorus|Brick Break|p2b: Moltres\n|-sideend|p2: Jop 30 in a row|Reflect\n|-sideend|p2: Jop 30 in a row|move: Light Screen\n|-damage|p2b: Moltres|42\/100\n|-ability|p2b: Moltres|Berserk|boost\n|-boost|p2b: Moltres|spa|1\n|-enditem|p2b: Moltres|Sitrus Berry|[eat]\n|-heal|p2b: Moltres|67\/100|[from] item: Sitrus Berry\n|move|p2a: Arcanine|Rock Slide|p1b: Landorus|[spread] p1a,p1b\n|-crit|p1b: Landorus\n|-damage|p1a: Cresselia|81\/100\n|-damage|p1b: Landorus|51\/100\n|move|p2b: Moltres|Fiery Wrath|p1a: Cresselia|[spread] p1a,p1b\n|-supereffective|p1a: Cresselia\n|-damage|p1a: Cresselia|0 fnt\n|-damage|p1b: Landorus|0 fnt\n|faint|p1a: Cresselia\n|faint|p1b: Landorus\n|\n|-weather|RainDance|[upkeep]\n|-sideend|p1: URFEN|move: Tailwind\n|upkeep\n|\n|t:|1700011434\n|switch|p1b: Iron Jugulis|Iron Jugulis, L50, shiny|82\/100\n|switch|p1a: Urshifu|Urshifu-Rapid-Strike, L50, M|100\/100\n|turn|5\n|\n|t:|1700011456\n|switch|p2b: Sinistcha|Sinistcha, L50, shiny|100\/100\n|-terastallize|p1a: Urshifu|Water\n|move|p1b: Iron Jugulis|Tailwind|p1b: Iron Jugulis\n|-sidestart|p1: URFEN|move: Tailwind\n|move|p1a: Urshifu|Surging Strikes|p2b: Sinistcha\n|-resisted|p2b: Sinistcha\n|-crit|p2b: Sinistcha\n|-damage|p2b: Sinistcha|78\/100\n|-damage|p1a: Urshifu|84\/100|[from] item: Rocky Helmet|[of] p2b: Sinistcha\n|-resisted|p2b: Sinistcha\n|-crit|p2b: Sinistcha\n|-damage|p2b: Sinistcha|55\/100\n|-damage|p1a: Urshifu|67\/100|[from] item: Rocky Helmet|[of] p2b: Sinistcha\n|-resisted|p2b: Sinistcha\n|-crit|p2b: Sinistcha\n|-damage|p2b: Sinistcha|34\/100\n|-damage|p1a: Urshifu|51\/100|[from] item: Rocky Helmet|[of] p2b: Sinistcha\n|-hitcount|p2b: Sinistcha|3\n|-damage|p1a: Urshifu|41\/100|[from] item: Life Orb\n|move|p2a: Arcanine|Tera Blast|p1a: Urshifu|[anim] Tera Blast Fairy\n|-damage|p1a: Urshifu|2\/100\n|\n|-weather|RainDance|[upkeep]\n|upkeep\n|turn|6\n|\n|t:|1700011481\n|move|p1a: Urshifu|Protect|p1a: Urshifu\n|-singleturn|p1a: Urshifu|Protect\n|move|p2b: Sinistcha|Rage Powder|p2b: Sinistcha\n|-singleturn|p2b: Sinistcha|move: Rage Powder\n|move|p1b: Iron Jugulis|Flash Cannon|p2b: Sinistcha\n|-damage|p2b: Sinistcha|9\/100\n|move|p2a: Arcanine|Tera Blast|p1b: Iron Jugulis|[anim] Tera Blast Fairy\n|-supereffective|p1b: Iron Jugulis\n|-damage|p1b: Iron Jugulis|0 fnt\n|faint|p1b: Iron Jugulis\n|-end|p1b: Iron Jugulis|Quark Drive|[silent]\n|\n|-weather|none\n|upkeep\n|turn|7\n|\n|t:|1700011493\n|move|p2a: Arcanine|Extreme Speed|p1a: Urshifu\n|-damage|p1a: Urshifu|0 fnt\n|faint|p1a: Urshifu\n|\n|win|Jop 30 in a row\n|raw|URFEN's rating: 1133 &rarr; <strong>1113<\/strong><br \/>(-20 for losing)\n|raw|Jop 30 in a row's rating: 1199 &rarr; <strong>1219<\/strong><br \/>(+20 for winning)\n|l|\u2606URFEN\n","uploadtime":1700011515,"views":11,"p1id":"urfen","p2id":"jop30inarow","formatid":"gen9vgc2023regulatione","rating":1113,"private":0,"password":""}