{"id":"gen9vgc2023regulatione-1995809268","p1":"Soulkuro22","p2":"Mr.A1","format":"[Gen 9] VGC 2023 Regulation E","log":"|j|\u2606Soulkuro22\n|j|\u203dMr.A1\n|t:|1700605257\n|gametype|doubles\n|player|p1|Soulkuro22|n|\n|player|p2|Mr.A1|acetrainer-gen4|\n|teamsize|p1|5\n|teamsize|p2|6\n|gen|9\n|tier|[Gen 9] VGC 2023 Regulation E\n|rule|Species Clause: Limit one of each Pok\u00e9mon\n|rule|Item Clause: Limit one of each item\n|clearpoke\n|poke|p1|Roaring Moon, L50|\n|poke|p1|Amoonguss, L50, M|\n|poke|p1|Heatran, L50, M|\n|poke|p1|Torkoal, L50, F|\n|poke|p1|Clefairy, L50, M|\n|poke|p2|Flutter Mane, L50|\n|poke|p2|Tornadus, L50, M|\n|poke|p2|Urshifu-*, L50, F|\n|poke|p2|Arcanine-Hisui, L50, M|\n|poke|p2|Chien-Pao, L50|\n|poke|p2|Rillaboom, L50, M|\n|teampreview|4\n|\n|t:|1700605273\n|start\n|switch|p1a: Roaring Moon|Roaring Moon, L50|100\/100\n|switch|p1b: Torkoal|Torkoal, L50, F|100\/100\n|switch|p2a: Tornadus|Tornadus, L50, M|100\/100\n|switch|p2b: Chien-Pao|Chien-Pao, L50|100\/100\n|-ability|p2b: Chien-Pao|Sword of Ruin\n|-weather|SunnyDay|[from] ability: Drought|[of] p1b: Torkoal\n|-activate|p1a: Roaring Moon|ability: Protosynthesis\n|-start|p1a: Roaring Moon|protosynthesisatk\n|turn|1\n|\n|t:|1700605297\n|move|p2a: Tornadus|Tailwind|p2a: Tornadus\n|-sidestart|p2: Mr.A1|move: Tailwind\n|move|p2b: Chien-Pao|Icicle Crash|p1a: Roaring Moon\n|-supereffective|p1a: Roaring Moon\n|-damage|p1a: Roaring Moon|0 fnt\n|faint|p1a: Roaring Moon\n|-end|p1a: Roaring Moon|Protosynthesis|[silent]\n|move|p1b: Torkoal|Stealth Rock|p2b: Chien-Pao\n|-sidestart|p2: Mr.A1|move: Stealth Rock\n|\n|-weather|SunnyDay|[upkeep]\n|upkeep\n|\n|t:|1700605309\n|switch|p1a: Clefairy|Clefairy, L50, M|100\/100\n|turn|2\n|\n|t:|1700605331\n|move|p2a: Tornadus|Rain Dance|p2a: Tornadus\n|-weather|RainDance\n|move|p2b: Chien-Pao|Icicle Crash|p1a: Clefairy\n|-damage|p1a: Clefairy|44\/100\n|move|p1a: Clefairy|Reflect|p1a: Clefairy\n|-sidestart|p1: Soulkuro22|Reflect\n|move|p1b: Torkoal|Heat Wave|p2b: Chien-Pao|[spread] p2a,p2b\n|-supereffective|p2b: Chien-Pao\n|-damage|p2a: Tornadus|88\/100\n|-damage|p2b: Chien-Pao|62\/100\n|\n|-weather|RainDance|[upkeep]\n|upkeep\n|turn|3\n|\n|t:|1700605357\n|move|p2b: Chien-Pao|Icicle Crash|p1a: Clefairy\n|-damage|p1a: Clefairy|9\/100\n|move|p2a: Tornadus|Bleakwind Storm|p1a: Clefairy|[spread] p1a,p1b\n|-damage|p1a: Clefairy|0 fnt\n|-damage|p1b: Torkoal|76\/100\n|-unboost|p1b: Torkoal|spe|1\n|faint|p1a: Clefairy\n|move|p1b: Torkoal|Earth Power|p2b: Chien-Pao\n|-damage|p2b: Chien-Pao|34\/100\n|\n|-weather|RainDance|[upkeep]\n|-heal|p1b: Torkoal|82\/100|[from] item: Leftovers\n|upkeep\n|\n|t:|1700605371\n|switch|p1a: Amoonguss|Amoonguss, L50, M|100\/100\n|turn|4\n|\n|t:|1700605381\n|move|p2b: Chien-Pao|Icicle Crash|p1a: Amoonguss\n|-supereffective|p1a: Amoonguss\n|-damage|p1a: Amoonguss|29\/100\n|move|p2a: Tornadus|Bleakwind Storm|p1a: Amoonguss|[spread] p1a,p1b\n|-supereffective|p1a: Amoonguss\n|-damage|p1a: Amoonguss|0 fnt\n|-damage|p1b: Torkoal|50\/100\n|-unboost|p1b: Torkoal|spe|1\n|faint|p1a: Amoonguss\n|move|p1b: Torkoal|Heat Wave|p2a: Tornadus|[spread] p2a,p2b\n|-supereffective|p2b: Chien-Pao\n|-damage|p2a: Tornadus|75\/100\n|-damage|p2b: Chien-Pao|2\/100\n|\n|-weather|RainDance|[upkeep]\n|-heal|p1b: Torkoal|56\/100|[from] item: Leftovers\n|-sideend|p2: Mr.A1|move: Tailwind\n|upkeep\n|turn|5\n|\n|t:|1700605410\n|move|p2b: Chien-Pao|Sacred Sword|p1b: Torkoal\n|-crit|p1b: Torkoal\n|-damage|p1b: Torkoal|10\/100\n|move|p2a: Tornadus|Bleakwind Storm|p1b: Torkoal\n|-damage|p1b: Torkoal|0 fnt\n|faint|p1b: Torkoal\n|\n|win|Mr.A1\n","uploadtime":1700605423,"views":11,"p1id":"soulkuro22","p2id":"mra1","formatid":"gen9vgc2023regulatione","rating":0,"private":0,"password":""}