{"id":"gen9vgc2023regulatione-1998434876","p1":"whyismynamejeff","p2":"terrabite","format":"[Gen 9] VGC 2023 Regulation E","log":"|j|\u2606whyismynamejeff\n|j|\u2606terrabite\n|t:|1700941959\n|gametype|doubles\n|player|p1|whyismynamejeff|musician|1090\n|player|p2|terrabite|alder|1144\n|teamsize|p1|6\n|teamsize|p2|6\n|gen|9\n|tier|[Gen 9] VGC 2023 Regulation E\n|rated|\n|rule|Species Clause: Limit one of each Pok\u00e9mon\n|rule|Item Clause: Limit one of each item\n|clearpoke\n|poke|p1|Ogerpon-Wellspring, L50, F|\n|poke|p1|Regieleki, L50|\n|poke|p1|Indeedee-F, L50, F|\n|poke|p1|Tornadus, L50, M|\n|poke|p1|Chi-Yu, L50|\n|poke|p1|Flutter Mane, L50|\n|poke|p2|Cramorant, L50, M|\n|poke|p2|Coalossal, L50, M|\n|poke|p2|Ogerpon-Wellspring, L50, F|\n|poke|p2|Iron Hands, L50|\n|poke|p2|Sinistcha, L50|\n|poke|p2|Landorus-Therian, L50, M|\n|teampreview|4\n|\n|t:|1700942013\n|start\n|switch|p1a: Ogerpon|Ogerpon-Wellspring, L50, F|100\/100\n|switch|p1b: Tornadus|Tornadus, L50, M|100\/100\n|switch|p2a: Cramorant|Cramorant, L50, M|100\/100\n|switch|p2b: Coalossal|Coalossal, L50, M|100\/100\n|turn|1\n|c|\u2606whyismynamejeff|lemme cook\n|\n|t:|1700942035\n|move|p2b: Coalossal|Protect|p2b: Coalossal\n|-singleturn|p2b: Coalossal|Protect\n|move|p1b: Tornadus|Rain Dance|p1b: Tornadus\n|-weather|RainDance\n|move|p1a: Ogerpon|Ivy Cudgel|p2b: Coalossal|[anim] Ivy Cudgel Water\n|-activate|p2b: Coalossal|move: Protect\n|move|p2a: Cramorant|Surf|p1a: Ogerpon|[spread] p1b\n|-activate|p2b: Coalossal|move: Protect\n|-immune|p1a: Ogerpon|[from] ability: Water Absorb\n|-formechange|p2a: Cramorant|Cramorant-Gulping|\n|-damage|p1b: Tornadus|34\/100\n|\n|-weather|RainDance|[upkeep]\n|upkeep\n|turn|2\n|\n|t:|1700942061\n|move|p1b: Tornadus|Tailwind|p1b: Tornadus\n|-sidestart|p1: whyismynamejeff|move: Tailwind\n|move|p1a: Ogerpon|Ivy Cudgel|p2b: Coalossal|[anim] Ivy Cudgel Water\n|-supereffective|p2b: Coalossal\n|-damage|p2b: Coalossal|0 fnt\n|faint|p2b: Coalossal\n|move|p2a: Cramorant|Hurricane|p1a: Ogerpon\n|-supereffective|p1a: Ogerpon\n|-damage|p1a: Ogerpon|0 fnt\n|faint|p1a: Ogerpon\n|\n|-weather|RainDance|[upkeep]\n|upkeep\n|\n|t:|1700942072\n|switch|p1a: Flutter Mane|Flutter Mane, L50|100\/100\n|switch|p2b: Iron Hands|Iron Hands, L50|100\/100\n|turn|3\n|\n|t:|1700942087\n|move|p1b: Tornadus|Protect|p1b: Tornadus\n|-singleturn|p1b: Tornadus|Protect\n|move|p2b: Iron Hands|Fake Out|p1b: Tornadus\n|-activate|p1b: Tornadus|move: Protect\n|move|p1a: Flutter Mane|Moonblast|p2a: Cramorant\n|-damage|p2a: Cramorant|48\/100\n|-damage|p1a: Flutter Mane|76\/100|[from] ability: Gulp Missile|[of] p2a: Cramorant\n|-unboost|p1a: Flutter Mane|def|1\n|-formechange|p2a: Cramorant|Cramorant|\n|move|p2a: Cramorant|Surf|p1b: Tornadus|[spread] p2b,p1a\n|-activate|p1b: Tornadus|move: Protect\n|-formechange|p2a: Cramorant|Cramorant-Gorging|\n|-damage|p2b: Iron Hands|75\/100\n|-damage|p1a: Flutter Mane|27\/100\n|\n|-weather|RainDance|[upkeep]\n|upkeep\n|turn|4\n|\n|t:|1700942108\n|move|p1a: Flutter Mane|Moonblast|p2a: Cramorant\n|-damage|p2a: Cramorant|0 fnt\n|-damage|p1a: Flutter Mane|2\/100|[from] ability: Gulp Missile|[of] p2a: Cramorant\n|-status|p1a: Flutter Mane|par\n|-formechange|p2a: Cramorant|Cramorant|\n|faint|p2a: Cramorant\n|move|p1b: Tornadus|Bleakwind Storm|p2b: Iron Hands\n|-damage|p2b: Iron Hands|41\/100\n|move|p2b: Iron Hands|Thunder Punch|p1a: Flutter Mane\n|-damage|p1a: Flutter Mane|0 fnt\n|faint|p1a: Flutter Mane\n|-end|p1a: Flutter Mane|Protosynthesis|[silent]\n|\n|-weather|RainDance|[upkeep]\n|upkeep\n|\n|t:|1700942122\n|switch|p1a: Chi-Yu|Chi-Yu, L50|100\/100\n|switch|p2a: Landorus|Landorus-Therian, L50, M|100\/100\n|-ability|p1a: Chi-Yu|Beads of Ruin\n|-ability|p2a: Landorus|Intimidate|boost\n|-unboost|p1a: Chi-Yu|atk|1\n|-unboost|p1b: Tornadus|atk|1\n|turn|5\n|\n|t:|1700942137\n|move|p1a: Chi-Yu|Protect|p1a: Chi-Yu\n|-singleturn|p1a: Chi-Yu|Protect\n|move|p1b: Tornadus|Bleakwind Storm|p2b: Iron Hands|[spread] p2a,p2b\n|-damage|p2a: Landorus|29\/100\n|-damage|p2b: Iron Hands|9\/100\n|move|p2a: Landorus|Rock Slide|p1a: Chi-Yu|[spread] \n|-activate|p1a: Chi-Yu|move: Protect\n|-miss|p2a: Landorus|p1b: Tornadus\n|move|p2b: Iron Hands|Drain Punch|p1a: Chi-Yu\n|-activate|p1a: Chi-Yu|move: Protect\n|\n|-weather|none\n|-sideend|p1: whyismynamejeff|move: Tailwind\n|upkeep\n|turn|6\n|\n|t:|1700942159\n|-terastallize|p1a: Chi-Yu|Fire\n|move|p1b: Tornadus|Tailwind|p1b: Tornadus\n|-sidestart|p1: whyismynamejeff|move: Tailwind\n|move|p1a: Chi-Yu|Heat Wave|p2a: Landorus|[spread] p2a,p2b\n|-damage|p2a: Landorus|0 fnt\n|-damage|p2b: Iron Hands|0 fnt\n|faint|p2a: Landorus\n|faint|p2b: Iron Hands\n|-end|p2b: Iron Hands|Quark Drive|[silent]\n|-damage|p1a: Chi-Yu|91\/100|[from] item: Life Orb\n|\n|win|whyismynamejeff\n|raw|whyismynamejeff's rating: 1090 &rarr; <strong>1121<\/strong><br \/>(+31 for winning)\n|raw|terrabite's rating: 1144 &rarr; <strong>1115<\/strong><br \/>(-29 for losing)\n|l|\u2606terrabite\n","uploadtime":1700942173,"views":11,"p1id":"whyismynamejeff","p2id":"terrabite","formatid":"gen9vgc2023regulatione","rating":1115,"private":0,"password":""}