{"id":"gen9vgc2023regulatione-1998622423","p1":"That_Leek","p2":"tkinthemiddle","format":"[Gen 9] VGC 2023 Regulation E","log":"|j|\u2606That_Leek\n|j|\u2606tkinthemiddle\n|t:|1700964140\n|gametype|doubles\n|player|p1|That_Leek|blue|1508\n|player|p2|tkinthemiddle|pokemonbreederf-gen4|1447\n|teamsize|p1|6\n|teamsize|p2|6\n|gen|9\n|tier|[Gen 9] VGC 2023 Regulation E\n|rated|\n|rule|Species Clause: Limit one of each Pok\u00e9mon\n|rule|Item Clause: Limit one of each item\n|clearpoke\n|poke|p1|Gholdengo, L50|\n|poke|p1|Ogerpon-Wellspring, L50, F|\n|poke|p1|Arcanine-Hisui, L50, F|\n|poke|p1|Chien-Pao, L50|\n|poke|p1|Scream Tail, L50|\n|poke|p1|Dragonite, L50, F|\n|poke|p2|Ceruledge, L50, M|\n|poke|p2|Milotic, L50, M|\n|poke|p2|Rillaboom, L50, M|\n|poke|p2|Zapdos-Galar, L50|\n|poke|p2|Chien-Pao, L50|\n|poke|p2|Landorus, L50, M|\n|teampreview|4\nThat_Leek has agreed to open team sheets.\n|\n|t:|1700964176\n|start\n|switch|p1a: Dragonite|Dragonite, L50, F|100\/100\n|switch|p1b: Scream Tail|Scream Tail, L50|100\/100\n|switch|p2a: Landorus|Landorus, L50, M|100\/100\n|switch|p2b: Zapdos|Zapdos-Galar, L50|100\/100\n|-enditem|p1b: Scream Tail|Booster Energy\n|-activate|p1b: Scream Tail|ability: Protosynthesis|[fromitem]\n|-start|p1b: Scream Tail|protosynthesisspe\n|turn|1\n|\n|t:|1700964204\n|move|p1b: Scream Tail|Howl|p1b: Scream Tail|[spread] p1a,p1b\n|-boost|p1a: Dragonite|atk|1\n|-boost|p1b: Scream Tail|atk|1\n|move|p2a: Landorus|Taunt|p1b: Scream Tail\n|-start|p1b: Scream Tail|move: Taunt\n|move|p2b: Zapdos|Tailwind|p2b: Zapdos\n|-sidestart|p2: tkinthemiddle|move: Tailwind\n|move|p1a: Dragonite|Dragon Claw|p2a: Landorus\n|-damage|p2a: Landorus|24\/100\n|\n|upkeep\n|turn|2\n|\n|t:|1700964226\n|move|p1a: Dragonite|Extreme Speed|p2a: Landorus\n|-crit|p2a: Landorus\n|-damage|p2a: Landorus|0 fnt\n|faint|p2a: Landorus\n|move|p2b: Zapdos|Brave Bird|p1a: Dragonite\n|-crit|p1a: Dragonite\n|-damage|p1a: Dragonite|15\/100\n|-damage|p2b: Zapdos|67\/100|[from] Recoil\n|move|p1b: Scream Tail|Play Rough|p2b: Zapdos\n|-supereffective|p2b: Zapdos\n|-damage|p2b: Zapdos|0 fnt\n|faint|p2b: Zapdos\n|\n|upkeep\n|\n|t:|1700964229\n|switch|p2a: Ceruledge|Ceruledge, L50, M|100\/100\n|switch|p2b: Chien-Pao|Chien-Pao, L50|100\/100\n|-ability|p2b: Chien-Pao|Sword of Ruin\n|turn|3\n|\n|t:|1700964243\n|move|p1a: Dragonite|Extreme Speed|p2b: Chien-Pao\n|-damage|p2b: Chien-Pao|41\/100\n|move|p2b: Chien-Pao|Ice Shard|p1a: Dragonite\n|-supereffective|p1a: Dragonite\n|-damage|p1a: Dragonite|0 fnt\n|faint|p1a: Dragonite\n|move|p1b: Scream Tail|Play Rough|p2b: Chien-Pao\n|-supereffective|p2b: Chien-Pao\n|-damage|p2b: Chien-Pao|0 fnt\n|faint|p2b: Chien-Pao\n|move|p2a: Ceruledge|Will-O-Wisp|p1b: Scream Tail\n|-status|p1b: Scream Tail|brn\n|\n|-damage|p1b: Scream Tail|95\/100 brn|[from] brn\n|upkeep\n|\n|t:|1700964248\n|switch|p1a: Ogerpon|Ogerpon-Wellspring, L50, F|100\/100\n|turn|4\n|\n|t:|1700964253\n|-terastallize|p2a: Ceruledge|Grass\n|move|p1a: Ogerpon|Spiky Shield|p1a: Ogerpon\n|-singleturn|p1a: Ogerpon|move: Protect\n|move|p1b: Scream Tail|Play Rough|p2a: Ceruledge\n|-damage|p2a: Ceruledge|82\/100\n|move|p2a: Ceruledge|Will-O-Wisp|p1a: Ogerpon\n|-activate|p1a: Ogerpon|move: Protect\n|\n|-heal|p2a: Ceruledge|88\/100|[from] item: Leftovers\n|-damage|p1b: Scream Tail|89\/100 brn|[from] brn\n|-end|p1b: Scream Tail|move: Taunt\n|-sideend|p2: tkinthemiddle|move: Tailwind\n|upkeep\n|turn|5\n|\n|t:|1700964268\n|-terastallize|p1a: Ogerpon|Water\n|detailschange|p1a: Ogerpon|Ogerpon-Wellspring-Tera, L50, F, tera:Water\n|-ability|p1a: Ogerpon|Embody Aspect (Wellspring)|boost\n|-boost|p1a: Ogerpon|spd|1\n|move|p1b: Scream Tail|Howl|p1b: Scream Tail|[spread] p1a,p1b\n|-boost|p1a: Ogerpon|atk|1\n|-boost|p1b: Scream Tail|atk|1\n|move|p1a: Ogerpon|Ivy Cudgel|p2a: Ceruledge|[anim] Ivy Cudgel Water\n|-resisted|p2a: Ceruledge\n|-crit|p2a: Ceruledge\n|-damage|p2a: Ceruledge|0 fnt\n|faint|p2a: Ceruledge\n|\n|win|That_Leek\n|raw|That_Leek's rating: 1491 &rarr; <strong>1508<\/strong><br \/>(+17 for winning)\n|raw|tkinthemiddle's rating: 1447 &rarr; <strong>1430<\/strong><br \/>(-17 for losing)\n","uploadtime":1700964275,"views":1,"p1id":"thatleek","p2id":"tkinthemiddle","formatid":"gen9vgc2023regulatione","rating":1430,"private":0,"password":""}