{"id":"gen9vgc2023regulatione-1995584915","p1":"zenekboys","p2":"AJB0000","format":"[Gen 9] VGC 2023 Regulation E","log":"|j|\u2606zenekboys\n|j|\u2606AJB0000\n|t:|1700585052\n|gametype|doubles\n|player|p1|zenekboys|265|1072\n|player|p2|AJB0000|1|1027\n|teamsize|p1|6\n|teamsize|p2|6\n|gen|9\n|tier|[Gen 9] VGC 2023 Regulation E\n|rated|\n|rule|Species Clause: Limit one of each Pok\u00e9mon\n|rule|Item Clause: Limit one of each item\n|clearpoke\n|poke|p1|Flutter Mane, L50|\n|poke|p1|Lucario, L50, M|\n|poke|p1|Ogerpon-Wellspring, L50, F|\n|poke|p1|Dragapult, L50, F|\n|poke|p1|Iron Bundle, L50|\n|poke|p1|Kingambit, L50, F|\n|poke|p2|Dudunsparce-*, L50, M|\n|poke|p2|Sinistcha, L50|\n|poke|p2|Indeedee-F, L50, F|\n|poke|p2|Sylveon, L50, M|\n|poke|p2|Palafin, L50, F|\n|poke|p2|Iron Hands, L50|\n|teampreview|4\n|inactive|Battle timer is ON: inactive players will automatically lose when time's up. (requested by AJB0000)\nAJB0000 has agreed to open team sheets.\n|\n|t:|1700585113\n|start\n|switch|p1a: Iron Bundle|Iron Bundle, L50, shiny|100\/100\n|switch|p1b: Kingambit|Kingambit, L50, F, shiny|100\/100\n|switch|p2a: Pepper|Indeedee-F, L50, F, shiny|100\/100\n|switch|p2b: Hermit|Sylveon, L50, M, shiny|100\/100\n|-fieldstart|move: Psychic Terrain|[from] ability: Psychic Surge|[of] p2a: Pepper\n|-enditem|p1a: Iron Bundle|Booster Energy\n|-activate|p1a: Iron Bundle|ability: Quark Drive|[fromitem]\n|-start|p1a: Iron Bundle|quarkdrivespe\n|turn|1\n|inactive|zenekboys has 30 seconds left.\n|inactive|zenekboys has 20 seconds left.\n|inactive|zenekboys has 15 seconds left.\n|\n|t:|1700585155\n|-terastallize|p2a: Pepper|Dragon\n|move|p2b: Hermit|Protect|p2b: Hermit\n|-singleturn|p2b: Hermit|Protect\n|move|p1a: Iron Bundle|Icy Wind|p2a: Pepper|[spread] p2a\n|-activate|p2b: Hermit|move: Protect\n|-supereffective|p2a: Pepper\n|-damage|p2a: Pepper|65\/100\n|-unboost|p2a: Pepper|spe|1\n|move|p1b: Kingambit|Iron Head|p2b: Hermit\n|-activate|p2b: Hermit|move: Protect\n|move|p2a: Pepper|Trick Room|p2a: Pepper\n|-fieldstart|move: Trick Room|[of] p2a: Pepper\n|\n|upkeep\n|turn|2\n|inactive|zenekboys has 30 seconds left.\n|inactive|AJB0000 has 30 seconds left.\n|inactive|zenekboys has 20 seconds left.\n|\n|t:|1700585193\n|switch|p2a: Hat|Iron Hands, L50|100\/100\n|move|p1b: Kingambit|Sucker Punch|p2b: Hermit\n|-activate|p2b: Hermit|move: Psychic Terrain\n|move|p2b: Hermit|Hyper Voice|p1a: Iron Bundle|[spread] p1a,p1b\n|-damage|p1a: Iron Bundle|4\/100\n|-damage|p1b: Kingambit|55\/100\n|move|p1a: Iron Bundle|Freeze-Dry|p2a: Hat\n|-damage|p2a: Hat|83\/100\n|\n|upkeep\n|turn|3\n|inactive|zenekboys has 30 seconds left.\n|\n|t:|1700585224\n|move|p1a: Iron Bundle|Protect|p1a: Iron Bundle\n|-singleturn|p1a: Iron Bundle|Protect\n|move|p2a: Hat|Drain Punch|p1b: Kingambit\n|-supereffective|p1b: Kingambit\n|-damage|p1b: Kingambit|0 fnt\n|-heal|p2a: Hat|100\/100|[from] drain|[of] p1b: Kingambit\n|faint|p1b: Kingambit\n|move|p2b: Hermit|Hyper Voice|p1a: Iron Bundle\n|-activate|p1a: Iron Bundle|move: Protect\n|\n|upkeep\n|\n|t:|1700585241\n|switch|p1b: Lucario|Lucario, L50, M, shiny|100\/100\n|turn|4\n|\n|t:|1700585261\n|move|p1a: Iron Bundle|Protect||[still]\n|-fail|p1a: Iron Bundle\n|move|p2a: Hat|Drain Punch|p1b: Lucario\n|-supereffective|p1b: Lucario\n|-damage|p1b: Lucario|0 fnt\n|faint|p1b: Lucario\n|move|p2b: Hermit|Hyper Voice|p1a: Iron Bundle\n|-damage|p1a: Iron Bundle|0 fnt\n|faint|p1a: Iron Bundle\n|-end|p1a: Iron Bundle|Quark Drive|[silent]\n|\n|upkeep\n|l|\u2606zenekboys\n|inactive|zenekboys disconnected and has a minute to reconnect!\n|player|p1|\n|inactive|zenekboys has 30 seconds left.\n|inactive|zenekboys has 20 seconds left.\n|inactive|zenekboys has 15 seconds left.\n|j|\u2606zenekboys\n|inactive|zenekboys reconnected and has 15 seconds left.\n|player|p1|zenekboys|265\n|inactive|zenekboys has 10 seconds left.\n|inactive|zenekboys has 5 seconds left.\n|\n|t:|1700585317\n|switch|p1a: Dragapult|Dragapult, L50, F, shiny|100\/100\n|turn|5\n|inactive|zenekboys has 30 seconds left.\n|inactive|zenekboys has 20 seconds left.\n|inactive|zenekboys has 15 seconds left.\n|inactive|zenekboys has 10 seconds left.\n|inactive|zenekboys has 5 seconds left.\n|\n|t:|1700585372\n|-end|p2a: Hat|Quark Drive|[silent]\n|switch|p2a: The Tinker|Sinistcha, L50, shiny|100\/100\n|move|p2b: Hermit|Hyper Voice|p1a: Dragapult\n|-supereffective|p1a: Dragapult\n|-damage|p1a: Dragapult|0 fnt\n|faint|p1a: Dragapult\n|\n|win|AJB0000\n|raw|zenekboys's rating: 1072 &rarr; <strong>1049<\/strong><br \/>(-23 for losing)\n|raw|AJB0000's rating: 1027 &rarr; <strong>1068<\/strong><br \/>(+41 for winning)\n","uploadtime":1700585381,"views":22,"p1id":"zenekboys","p2id":"ajb0000","formatid":"gen9vgc2023regulatione","rating":1049,"private":0,"password":""}