{"id":"gen9vgc2023regulatione-1993933235","p1":"mq--MQ--yin yang","p2":"KathyKane","format":"[Gen 9] VGC 2023 Regulation E","log":"|j|\u2606mq--MQ--yin yang\n|j|\u2606KathyKane\n|t:|1700377947\n|gametype|doubles\n|player|p1|mq--MQ--yin yang|lucas|1000\n|player|p2|KathyKane|raifort|1038\n|teamsize|p1|6\n|teamsize|p2|6\n|gen|9\n|tier|[Gen 9] VGC 2023 Regulation E\n|rated|\n|rule|Species Clause: Limit one of each Pok\u00e9mon\n|rule|Item Clause: Limit one of each item\n|clearpoke\n|poke|p1|Iron Hands, L50|\n|poke|p1|Ogerpon-Hearthflame, L50, F|\n|poke|p1|Flutter Mane, L50|\n|poke|p1|Amoonguss, L50, F|\n|poke|p1|Rillaboom, L50, M|\n|poke|p1|Landorus-Therian, L50, M|\n|poke|p2|Iron Hands, L50|\n|poke|p2|Arcanine-Hisui, L50, M|\n|poke|p2|Urshifu-*, L50, F|\n|poke|p2|Gholdengo, L50|\n|poke|p2|Roaring Moon, L50|\n|poke|p2|Ogerpon, L50, F|\n|teampreview|4\n|\n|t:|1700377976\n|start\n|switch|p1a: Landorus|Landorus-Therian, L50, M, shiny|100\/100\n|switch|p1b: Rillaboom|Rillaboom, L50, M, shiny|100\/100\n|switch|p2a: Roaring Moon|Roaring Moon, L50|100\/100\n|switch|p2b: Arcanine|Arcanine-Hisui, L50, M|100\/100\n|-ability|p2b: Arcanine|Intimidate|boost\n|-unboost|p1a: Landorus|atk|1\n|-unboost|p1b: Rillaboom|atk|1\n|-ability|p1a: Landorus|Intimidate|boost\n|-unboost|p2a: Roaring Moon|atk|1\n|-unboost|p2b: Arcanine|atk|1\n|-fieldstart|move: Grassy Terrain|[from] ability: Grassy Surge|[of] p1b: Rillaboom\n|-enditem|p2a: Roaring Moon|Booster Energy\n|-activate|p2a: Roaring Moon|ability: Protosynthesis|[fromitem]\n|-start|p2a: Roaring Moon|protosynthesisspe\n|turn|1\n|\n|t:|1700378012\n|switch|p2b: Ogerpon|Ogerpon, L50, F|100\/100\n|move|p2a: Roaring Moon|Tailwind|p2a: Roaring Moon\n|-sidestart|p2: KathyKane|move: Tailwind\n|move|p1a: Landorus|U-turn|p2a: Roaring Moon\n|-supereffective|p2a: Roaring Moon\n|-damage|p2a: Roaring Moon|65\/100\n|\n|t:|1700378020\n|switch|p1a: Flutter Mane|Flutter Mane, L50|100\/100|[from] U-turn\n|-enditem|p1a: Flutter Mane|Booster Energy\n|-activate|p1a: Flutter Mane|ability: Protosynthesis|[fromitem]\n|-start|p1a: Flutter Mane|protosynthesisspe\n|move|p1b: Rillaboom|High Horsepower|p2b: Ogerpon\n|-resisted|p2b: Ogerpon\n|-damage|p2b: Ogerpon|85\/100\n|\n|-heal|p2a: Roaring Moon|71\/100|[from] Grassy Terrain\n|-heal|p2b: Ogerpon|91\/100|[from] Grassy Terrain\n|upkeep\n|turn|2\n|\n|t:|1700378062\n|move|p2a: Roaring Moon|Knock Off|p1b: Rillaboom\n|-damage|p1b: Rillaboom|72\/100\n|-enditem|p1b: Rillaboom|Terrain Extender|[from] move: Knock Off|[of] p2a: Roaring Moon\n|move|p2b: Ogerpon|Ivy Cudgel|p1a: Flutter Mane\n|-damage|p1a: Flutter Mane|0 fnt\n|faint|p1a: Flutter Mane\n|-end|p1a: Flutter Mane|Protosynthesis|[silent]\n|move|p1b: Rillaboom|Acrobatics|p2b: Ogerpon\n|-supereffective|p2b: Ogerpon\n|-damage|p2b: Ogerpon|24\/100\n|\n|-heal|p2a: Roaring Moon|77\/100|[from] Grassy Terrain\n|-heal|p2b: Ogerpon|30\/100|[from] Grassy Terrain\n|-heal|p1b: Rillaboom|78\/100|[from] Grassy Terrain\n|upkeep\n|\n|t:|1700378079\n|switch|p1a: Landorus|Landorus-Therian, L50, M, shiny|100\/100\n|-ability|p1a: Landorus|Intimidate|boost\n|-unboost|p2a: Roaring Moon|atk|1\n|-unboost|p2b: Ogerpon|atk|1\n|-ability|p2b: Ogerpon|Defiant|boost\n|-boost|p2b: Ogerpon|atk|2\n|turn|3\n|\n|t:|1700378102\n|-terastallize|p2b: Ogerpon|Grass\n|detailschange|p2b: Ogerpon|Ogerpon-Teal-Tera, L50, F, tera:Grass\n|-ability|p2b: Ogerpon|Embody Aspect (Teal)|boost\n|-boost|p2b: Ogerpon|spe|1\n|move|p2b: Ogerpon|Ivy Cudgel|p1a: Landorus\n|-crit|p1a: Landorus\n|-damage|p1a: Landorus|0 fnt\n|faint|p1a: Landorus\n|move|p2a: Roaring Moon|Breaking Swipe|p1b: Rillaboom\n|-damage|p1b: Rillaboom|66\/100\n|-unboost|p1b: Rillaboom|atk|1\n|move|p1b: Rillaboom|Acrobatics|p2a: Roaring Moon\n|-damage|p2a: Roaring Moon|57\/100\n|\n|-heal|p2b: Ogerpon|35\/100|[from] Grassy Terrain\n|-heal|p2a: Roaring Moon|63\/100|[from] Grassy Terrain\n|-heal|p1b: Rillaboom|72\/100|[from] Grassy Terrain\n|upkeep\n|\n|t:|1700378119\n|switch|p1a: Ogerpon|Ogerpon-Hearthflame, L50, F|100\/100\n|-ability|p1a: Ogerpon|Mold Breaker\n|turn|4\n|\n|t:|1700378149\n|-terastallize|p1a: Ogerpon|Fire\n|detailschange|p1a: Ogerpon|Ogerpon-Hearthflame-Tera, L50, F, tera:Fire\n|-ability|p1a: Ogerpon|Embody Aspect (Hearthflame)|boost\n|-boost|p1a: Ogerpon|atk|1\n|move|p1a: Ogerpon|Grassy Glide|p2b: Ogerpon\n|-resisted|p2b: Ogerpon\n|-damage|p2b: Ogerpon|0 fnt\n|faint|p2b: Ogerpon\n|move|p2a: Roaring Moon|Breaking Swipe|p1a: Ogerpon|[spread] p1a,p1b\n|-damage|p1a: Ogerpon|85\/100\n|-damage|p1b: Rillaboom|61\/100\n|-unboost|p1a: Ogerpon|atk|1\n|-unboost|p1b: Rillaboom|atk|1\n|move|p1b: Rillaboom|High Horsepower|p2a: Roaring Moon\n|-damage|p2a: Roaring Moon|48\/100\n|\n|-heal|p2a: Roaring Moon|54\/100|[from] Grassy Terrain\n|-heal|p1a: Ogerpon|91\/100|[from] Grassy Terrain\n|-heal|p1b: Rillaboom|67\/100|[from] Grassy Terrain\n|-sideend|p2: KathyKane|move: Tailwind\n|upkeep\n|\n|t:|1700378169\n|switch|p2b: Arcanine|Arcanine-Hisui, L50, M|100\/100\n|-ability|p2b: Arcanine|Intimidate|boost\n|-unboost|p1a: Ogerpon|atk|1\n|-unboost|p1b: Rillaboom|atk|1\n|turn|5\n|\n|t:|1700378177\n|move|p2a: Roaring Moon|Tailwind|p2a: Roaring Moon\n|-sidestart|p2: KathyKane|move: Tailwind\n|move|p2b: Arcanine|Rock Slide|p1b: Rillaboom|[spread] p1a,p1b\n|-supereffective|p1a: Ogerpon\n|-damage|p1a: Ogerpon|0 fnt\n|-damage|p1b: Rillaboom|28\/100\n|faint|p1a: Ogerpon\n|move|p1b: Rillaboom|High Horsepower|p2b: Arcanine\n|-supereffective|p2b: Arcanine\n|-damage|p2b: Arcanine|37\/100\n|\n|-heal|p2a: Roaring Moon|60\/100|[from] Grassy Terrain\n|-heal|p2b: Arcanine|43\/100|[from] Grassy Terrain\n|-heal|p1b: Rillaboom|34\/100|[from] Grassy Terrain\n|upkeep\n|turn|6\n|-message|mq--MQ--yin yang forfeited.\n|\n|win|KathyKane\n|raw|mq--MQ--yin yang's rating: 1000 &rarr; <strong>1000<\/strong><br \/>(+0 for losing)\n|raw|KathyKane's rating: 1038 &rarr; <strong>1069<\/strong><br \/>(+31 for winning)\n|l|\u2606mq--MQ--yin yang\n","uploadtime":1700378211,"views":32,"p1id":"mqmqyinyang","p2id":"kathykane","formatid":"gen9vgc2023regulatione","rating":1000,"private":0,"password":""}