{"id":"gen9vgc2023regulatione-1989383755","p1":"GlennIsAFrog","p2":"JayMcG1010","format":"[Gen 9] VGC 2023 Regulation E","log":"|j|\u2606GlennIsAFrog\n|j|\u2606JayMcG1010\n|n|\u2606GlennIsAFrog|glennisafrog\n|n|\u2606JayMcG1010|jaymcg1010\n|html|View the match progress at <a href=\"\/game-bestof3-gen9vgc2023regulatione-1989380476\">game-bestof3-gen9vgc2023regulatione-1989380476<\/a>\n|t:|1699843384\n|gametype|doubles\n|player|p1|GlennIsAFrog|170|\n|player|p2|JayMcG1010|2|\n|teamsize|p1|6\n|teamsize|p2|6\n|gen|9\n|tier|[Gen 9] VGC 2023 Regulation E\n|rule|Species Clause: Limit one of each Pok\u00e9mon\n|rule|Item Clause: Limit one of each item\n|clearpoke\n|poke|p1|Zapdos, L50|\n|poke|p1|Chimecho, L50, F|\n|poke|p1|Politoed, L50, M|\n|poke|p1|Tinkaton, L50, F|\n|poke|p1|Electrode-Hisui, L50|\n|poke|p1|Torterra, L50, F|\n|poke|p2|Gholdengo, L50|\n|poke|p2|Kommo-o, L50, M|\n|poke|p2|Grimmsnarl, L50, M|\n|poke|p2|Ogerpon-Cornerstone, L50, F|\n|poke|p2|Wyrdeer, L50, M|\n|poke|p2|Samurott, L50, M|\n|teampreview|4\n|inactive|Battle timer is ON: inactive players will automatically lose when time's up. (requested by GlennIsAFrog)\n|c|\u2606GlennIsAFrog|glhf!\n|c|\u2606JayMcG1010|glhf\n|inactive|GlennIsAFrog has 60 seconds left.\n|inactive|JayMcG1010 has 60 seconds left.\n|inactive|GlennIsAFrog has 30 seconds left.\n|\n|t:|1699843450\n|start\n|switch|p1a: Elysium|Chimecho, L50, F|100\/100\n|switch|p1b: Frog|Politoed, L50, M|100\/100\n|switch|p2a: Time Piece|Grimmsnarl, L50, M, shiny|100\/100\n|switch|p2b: Suspended|Gholdengo, L50|100\/100\n|-weather|RainDance|[from] ability: Drizzle|[of] p1b: Frog\n|turn|1\n|inactive|JayMcG1010 has 30 seconds left.\n|inactive|GlennIsAFrog has 30 seconds left.\n|inactive|JayMcG1010 has 20 seconds left.\n|\n|t:|1699843491\n|-terastallize|p2b: Suspended|Electric\n|-terastallize|p1a: Elysium|Dark\n|move|p2b: Suspended|Thunderbolt|p1b: Frog\n|-supereffective|p1b: Frog\n|-damage|p1b: Frog|18\/100\n|-enditem|p1b: Frog|Sitrus Berry|[eat]\n|-heal|p1b: Frog|43\/100|[from] item: Sitrus Berry\n|move|p1b: Frog|Belly Drum||[still]\n|-fail|p1b: Frog\n|move|p2a: Time Piece|Spirit Break|p1b: Frog\n|-damage|p1b: Frog|9\/100\n|-unboost|p1b: Frog|spa|1\n|move|p1a: Elysium|Trick Room|p1a: Elysium\n|-fieldstart|move: Trick Room|[of] p1a: Elysium\n|\n|-weather|RainDance|[upkeep]\n|upkeep\n|turn|2\n|inactive|GlennIsAFrog has 30 seconds left.\n|inactive|JayMcG1010 has 30 seconds left.\n|inactive|GlennIsAFrog has 20 seconds left.\n|inactive|JayMcG1010 has 20 seconds left.\n|inactive|GlennIsAFrog has 15 seconds left.\n|\n|t:|1699843534\n|move|p2b: Suspended|Protect|p2b: Suspended\n|-singleturn|p2b: Suspended|Protect\n|move|p2a: Time Piece|Spirit Break|p1b: Frog\n|-damage|p1b: Frog|0 fnt\n|faint|p1b: Frog\n|move|p1a: Elysium|Encore|p2b: Suspended\n|-activate|p2b: Suspended|move: Protect\n|\n|-weather|RainDance|[upkeep]\n|upkeep\n|\n|t:|1699843539\n|switch|p1b: Sena|Tinkaton, L50, F|100\/100\n|turn|3\n|\n|t:|1699843566\n|switch|p2a: Only|Wyrdeer, L50, M|100\/100\n|-ability|p2a: Only|Intimidate|boost\n|-unboost|p1a: Elysium|atk|1\n|-fail|p1b: Sena|unboost|Attack|[from] ability: Own Tempo|[of] p1b: Sena\n|move|p1a: Elysium|Psychic|p2b: Suspended\n|-damage|p2b: Suspended|72\/100\n|move|p1b: Sena|Gigaton Hammer|p2a: Only\n|-damage|p2a: Only|37\/100\n|-enditem|p2a: Only|Sitrus Berry|[eat]\n|-heal|p2a: Only|62\/100|[from] item: Sitrus Berry\n|move|p2b: Suspended|Nasty Plot|p2b: Suspended\n|-boost|p2b: Suspended|spa|2\n|\n|-weather|RainDance|[upkeep]\n|-heal|p2b: Suspended|78\/100|[from] item: Leftovers\n|upkeep\n|turn|4\n|inactive|GlennIsAFrog has 30 seconds left.\n|inactive|JayMcG1010 has 30 seconds left.\n|\n|t:|1699843599\n|move|p2b: Suspended|Protect|p2b: Suspended\n|-singleturn|p2b: Suspended|Protect\n|move|p1b: Sena|Play Rough|p2b: Suspended\n|-activate|p2b: Suspended|move: Protect\n|move|p1a: Elysium|Trick Room|p1a: Elysium\n|-fieldend|move: Trick Room\n|move|p2a: Only|Trick Room|p2a: Only\n|-fieldstart|move: Trick Room|[of] p2a: Only\n|\n|-weather|RainDance|[upkeep]\n|-heal|p2b: Suspended|84\/100|[from] item: Leftovers\n|upkeep\n|turn|5\n|inactive|JayMcG1010 has 30 seconds left.\n|inactive|JayMcG1010 has 20 seconds left.\n|inactive|JayMcG1010 has 15 seconds left.\n|\n|t:|1699843644\n|switch|p2b: Time Piece|Grimmsnarl, L50, M, shiny|100\/100\n|move|p1a: Elysium|Psychic|p2b: Time Piece\n|-immune|p2b: Time Piece\n|move|p1b: Sena|Play Rough|p2b: Time Piece\n|-supereffective|p2b: Time Piece\n|-damage|p2b: Time Piece|38\/100\n|move|p2a: Only|Trick Room|p2a: Only\n|-fieldend|move: Trick Room\n|\n|-weather|none\n|upkeep\n|turn|6\n|\n|t:|1699843664\n|move|p2b: Time Piece|Reflect|p2b: Time Piece\n|-sidestart|p2: JayMcG1010|Reflect\n|move|p1b: Sena|Gigaton Hammer|p2a: Only\n|-damage|p2a: Only|23\/100\n|move|p2a: Only|Thunderbolt|p1b: Sena\n|-damage|p1b: Sena|85\/100\n|move|p1a: Elysium|Trick Room|p1a: Elysium\n|-fieldstart|move: Trick Room|[of] p1a: Elysium\n|\n|upkeep\n|turn|7\n|\n|t:|1699843682\n|move|p2b: Time Piece|Light Screen|p2b: Time Piece\n|-sidestart|p2: JayMcG1010|move: Light Screen\n|move|p1a: Elysium|Encore|p2a: Only\n|-start|p2a: Only|Encore\n|move|p2a: Only|Thunderbolt|p1b: Sena\n|-damage|p1b: Sena|70\/100\n|-status|p1b: Sena|par\n|move|p1b: Sena|Play Rough|p2b: Time Piece\n|-supereffective|p2b: Time Piece\n|-damage|p2b: Time Piece|0 fnt\n|faint|p2b: Time Piece\n|\n|upkeep\n|\n|t:|1699843701\n|switch|p2b: JohnLSeagull|Samurott, L50, M|100\/100\n|turn|8\n|\n|t:|1699843722\n|move|p1b: Sena|Brick Break|p2a: Only\n|-sideend|p2: JayMcG1010|Reflect\n|-sideend|p2: JayMcG1010|move: Light Screen\n|-damage|p2a: Only|4\/100\n|move|p1a: Elysium|Heal Pulse|p1b: Sena\n|-heal|p1b: Sena|100\/100 par\n|move|p2a: Only|Thunderbolt|p1a: Elysium\n|-damage|p1a: Elysium|82\/100\n|move|p2b: JohnLSeagull|Hydro Pump|p1b: Sena\n|-damage|p1b: Sena|72\/100 par\n|\n|upkeep\n|turn|9\n|\n|t:|1699843742\n|move|p1b: Sena|Play Rough|p2b: JohnLSeagull\n|-damage|p2b: JohnLSeagull|67\/100\n|move|p1a: Elysium|Heal Pulse|p1b: Sena\n|-heal|p1b: Sena|100\/100 par\n|move|p2a: Only|Thunderbolt|p1b: Sena\n|-damage|p1b: Sena|86\/100 par\n|move|p2b: JohnLSeagull|Chilling Water|p1b: Sena\n|-crit|p1b: Sena\n|-damage|p1b: Sena|67\/100 par\n|-unboost|p1b: Sena|atk|1\n|\n|-end|p2a: Only|Encore\n|upkeep\n|turn|10\n|inactive|GlennIsAFrog has 30 seconds left.\n|\n|t:|1699843773\n|switch|p1b: Red Tail|Zapdos, L50|100\/100\n|move|p2a: Only|Protect|p2a: Only\n|-singleturn|p2a: Only|Protect\n|move|p1a: Elysium|Psychic|p2b: JohnLSeagull\n|-damage|p2b: JohnLSeagull|41\/100\n|move|p2b: JohnLSeagull|Chilling Water|p1b: Red Tail\n|-damage|p1b: Red Tail|77\/100\n|-unboost|p1b: Red Tail|atk|1\n|\n|-fieldend|move: Trick Room\n|upkeep\n|turn|11\n|\n|t:|1699843794\n|switch|p2b: Suspended|Gholdengo, L50, tera:Electric|84\/100\n|move|p1b: Red Tail|Thunderbolt|p2b: Suspended\n|-resisted|p2b: Suspended\n|-damage|p2b: Suspended|49\/100\n|-damage|p1b: Red Tail|67\/100|[from] item: Life Orb\n|move|p2a: Only|Thunderbolt|p1b: Red Tail\n|-damage|p1b: Red Tail|38\/100\n|move|p1a: Elysium|Trick Room|p1a: Elysium\n|-fieldstart|move: Trick Room|[of] p1a: Elysium\n|\n|-heal|p2b: Suspended|54\/100|[from] item: Leftovers\n|upkeep\n|turn|12\n|inactive|JayMcG1010 has 30 seconds left.\n|inactive|JayMcG1010 has 20 seconds left.\n|inactive|JayMcG1010 has 15 seconds left.\n|inactive|JayMcG1010 has 10 seconds left.\n|\n|t:|1699843842\n|switch|p2a: JohnLSeagull|Samurott, L50, M|41\/100\n|move|p1a: Elysium|Psychic|p2b: Suspended\n|-crit|p2b: Suspended\n|-damage|p2b: Suspended|8\/100\n|move|p2b: Suspended|Shadow Ball|p1b: Red Tail\n|-damage|p1b: Red Tail|0 fnt\n|faint|p1b: Red Tail\n|\n|-heal|p2b: Suspended|14\/100|[from] item: Leftovers\n|upkeep\n|\n|t:|1699843851\n|switch|p1b: Sena|Tinkaton, L50, F|67\/100 par\n|turn|13\n|\n|t:|1699843867\n|move|p2b: Suspended|Protect|p2b: Suspended\n|-singleturn|p2b: Suspended|Protect\n|move|p1b: Sena|Play Rough|p2a: JohnLSeagull\n|-damage|p2a: JohnLSeagull|10\/100\n|move|p1a: Elysium|Psychic|p2b: Suspended\n|-activate|p2b: Suspended|move: Protect\n|move|p2a: JohnLSeagull|Hydro Pump|p1b: Sena\n|-damage|p1b: Sena|42\/100 par\n|\n|-heal|p2b: Suspended|20\/100|[from] item: Leftovers\n|upkeep\n|turn|14\n|\n|t:|1699843887\n|switch|p2b: Only|Wyrdeer, L50, M|4\/100\n|-ability|p2b: Only|Intimidate|boost\n|-unboost|p1a: Elysium|atk|1\n|-fail|p1b: Sena|unboost|Attack|[from] ability: Own Tempo|[of] p1b: Sena\n|cant|p1b: Sena|par\n|move|p1a: Elysium|Psychic|p2b: Only\n|-resisted|p2b: Only\n|-damage|p2b: Only|0 fnt\n|faint|p2b: Only\n|move|p2a: JohnLSeagull|Hydro Pump|p1b: Sena\n|-damage|p1b: Sena|14\/100 par\n|\n|upkeep\n|\n|t:|1699843899\n|switch|p2b: Suspended|Gholdengo, L50, tera:Electric|20\/100\n|turn|15\n|\n|t:|1699843918\n|move|p1b: Sena|Gigaton Hammer|p2a: JohnLSeagull\n|-resisted|p2a: JohnLSeagull\n|-damage|p2a: JohnLSeagull|0 fnt\n|faint|p2a: JohnLSeagull\n|move|p1a: Elysium|Heal Pulse|p1b: Sena\n|-heal|p1b: Sena|64\/100 par\n|move|p2b: Suspended|Nasty Plot|p2b: Suspended\n|-boost|p2b: Suspended|spa|2\n|\n|-heal|p2b: Suspended|26\/100|[from] item: Leftovers\n|-fieldend|move: Trick Room\n|upkeep\n|turn|16\n|\n|t:|1699843933\n|move|p2b: Suspended|Thunderbolt|p1a: Elysium\n|-damage|p1a: Elysium|13\/100\n|-status|p1a: Elysium|par\n|move|p1b: Sena|Play Rough|p2b: Suspended|[miss]\n|-miss|p1b: Sena|p2b: Suspended\n|move|p1a: Elysium|Psychic|p2b: Suspended\n|-damage|p2b: Suspended|0 fnt\n|faint|p2b: Suspended\n|\n|win|GlennIsAFrog\n|c|\u2606JayMcG1010|ggs\n|c|\u2606GlennIsAFrog|gg!\n","uploadtime":1699843992,"views":309,"p1id":"glennisafrog","p2id":"jaymcg1010","formatid":"gen9vgc2023regulatione","rating":0,"private":0,"password":""}