{"id":"gen9vgc2023regulatione-1998355187","p1":"TobiYume","p2":"Jesuuuus","format":"[Gen 9] VGC 2023 Regulation E","log":"|j|\u2606TobiYume\n|j|\u2606Jesuuuus\n|n|\u2606TobiYume|tobiyume\n|n|\u2606Jesuuuus|jesuuuus\n|html|View the match progress at <a href=\"\/game-bestof3-gen9vgc2023regulatione-1998355186\">game-bestof3-gen9vgc2023regulatione-1998355186<\/a>\n|t:|1700933066\n|gametype|doubles\n|player|p1|TobiYume|n|\n|player|p2|Jesuuuus|alec-anime|\n|teamsize|p1|6\n|teamsize|p2|6\n|gen|9\n|tier|[Gen 9] VGC 2023 Regulation E\n|rule|Species Clause: Limit one of each Pok\u00e9mon\n|rule|Item Clause: Limit one of each item\n|clearpoke\n|poke|p1|Kommo-o, L50, F|\n|poke|p1|Arcanine-Hisui, L50, M|\n|poke|p1|Rillaboom, L50, M|\n|poke|p1|Moltres-Galar, L50|\n|poke|p1|Ninetales-Alola, L50, F|\n|poke|p1|Sinistcha, L50|\n|poke|p2|Ogerpon, L50, F|\n|poke|p2|Arcanine-Hisui, L50, F|\n|poke|p2|Flutter Mane, L50|\n|poke|p2|Iron Hands, L50|\n|poke|p2|Iron Bundle, L50|\n|poke|p2|Farigiraf, L50, F|\n|teampreview|4\nJesuuuus has agreed to open team sheets.\nTobiYume has agreed to open team sheets.\n|showteam|p1|Kommo-o||Leftovers|Bulletproof|IronDefense,BodyPress,IronHead,Protect|||F|||50|,,,,,Steel]Arcanine-Hisui||SafetyGoggles|Intimidate|FlareBlitz,RockSlide,ExtremeSpeed,WillOWisp|||M|||50|,,,,,Water]Rillaboom||AssaultVest|GrassySurge|FakeOut,GrassyGlide,WoodHammer,Uturn|||M|||50|,,,,,Fire]Moltres-Galar||SitrusBerry|Berserk|FieryWrath,AirSlash,NastyPlot,Protect||||||50|,,,,,Poison]Ninetales-Alola||LightClay|SnowWarning|AuroraVeil,IcyWind,Moonblast,HelpingHand|||F|||50|,,,,,Water]Sinistcha||RockyHelmet|Hospitality|MatchaGotcha,LifeDew,TrickRoom,RagePowder||||||50|,,,,,Fairy\n|showteam|p2|Ogerpon||LifeOrb|Defiant|IvyCudgel,Encore,StompingTantrum,SpikyShield|||F|||50|,,,,,Grass]Arcanine-Hisui||SafetyGoggles|Intimidate|ExtremeSpeed,RockSlide,FlareBlitz,Protect|||F|||50|,,,,,Psychic]Flutter Mane||ChoiceSpecs|Protosynthesis|Moonblast,DazzlingGleam,ShadowBall,IcyWind||||||50|,,,,,Fairy]Iron Hands||AssaultVest|QuarkDrive|DrainPunch,WildCharge,HeavySlam,FakeOut||||||50|,,,,,Water]Iron Bundle||BoosterEnergy|QuarkDrive|IcyWind,HydroPump,FreezeDry,Protect||||||50|,,,,,Grass]Farigiraf||SitrusBerry|ArmorTail|Imprison,TrickRoom,HyperVoice,Psychic|||F|||50|,,,,,Fairy\n|\n|t:|1700933139\n|start\n|switch|p1a: Rillaboom|Rillaboom, L50, M|100\/100\n|switch|p1b: Ninetales|Ninetales-Alola, L50, F|100\/100\n|switch|p2a: Po|Arcanine-Hisui, L50, F|100\/100\n|switch|p2b: Tinky Winky|Flutter Mane, L50|100\/100\n|-weather|Snow|[from] ability: Snow Warning|[of] p1b: Ninetales\n|-ability|p2a: Po|Intimidate|boost\n|-unboost|p1a: Rillaboom|atk|1\n|-unboost|p1b: Ninetales|atk|1\n|-fieldstart|move: Grassy Terrain|[from] ability: Grassy Surge|[of] p1a: Rillaboom\n|turn|1\n|c|\u2606TobiYume|glhf\n|c|\u2606Jesuuuus|gl hf\n|\n|t:|1700933161\n|-end|p2b: Tinky Winky|Protosynthesis|[silent]\n|switch|p2b: Dipsy|Ogerpon, L50, F|100\/100\n|move|p1a: Rillaboom|Fake Out|p2a: Po\n|-resisted|p2a: Po\n|-damage|p2a: Po|95\/100\n|move|p1b: Ninetales|Aurora Veil|p1b: Ninetales\n|-sidestart|p1: TobiYume|move: Aurora Veil\n|cant|p2a: Po|flinch\n|\n|-weather|Snow|[upkeep]\n|-heal|p2a: Po|100\/100|[from] Grassy Terrain\n|upkeep\n|turn|2\n|\n|t:|1700933183\n|move|p1b: Ninetales|Icy Wind|p2b: Dipsy|[spread] p2a,p2b\n|-resisted|p2a: Po\n|-supereffective|p2b: Dipsy\n|-damage|p2a: Po|92\/100\n|-damage|p2b: Dipsy|70\/100\n|-unboost|p2a: Po|spe|1\n|-unboost|p2b: Dipsy|spe|1\n|-ability|p2b: Dipsy|Defiant|boost\n|-boost|p2b: Dipsy|atk|2\n|move|p2b: Dipsy|Encore|p1b: Ninetales\n|-start|p1b: Ninetales|Encore\n|move|p1a: Rillaboom|U-turn|p2b: Dipsy\n|-supereffective|p2b: Dipsy\n|-damage|p2b: Dipsy|31\/100\n|c|\u2606TobiYume|forgot how defiant works there for a second\n|\n|t:|1700933206\n|switch|p1a: Kommo-o|Kommo-o, L50, F|100\/100|[from] U-turn\n|move|p2a: Po|Flare Blitz|p1a: Kommo-o\n|-resisted|p1a: Kommo-o\n|-damage|p1a: Kommo-o|87\/100\n|-damage|p2a: Po|88\/100|[from] Recoil\n|\n|-weather|Snow|[upkeep]\n|-heal|p2b: Dipsy|37\/100|[from] Grassy Terrain\n|-heal|p1a: Kommo-o|93\/100|[from] Grassy Terrain\n|-heal|p1a: Kommo-o|99\/100|[from] item: Leftovers\n|-heal|p2a: Po|94\/100|[from] Grassy Terrain\n|upkeep\n|turn|3\n|\n|t:|1700933234\n|switch|p1b: Rillaboom|Rillaboom, L50, M|100\/100\n|move|p2b: Dipsy|Spiky Shield|p2b: Dipsy\n|-singleturn|p2b: Dipsy|move: Protect\n|move|p1a: Kommo-o|Iron Defense|p1a: Kommo-o\n|-boost|p1a: Kommo-o|def|2\n|move|p2a: Po|Flare Blitz|p1b: Rillaboom\n|-supereffective|p1b: Rillaboom\n|-damage|p1b: Rillaboom|23\/100\n|-damage|p2a: Po|66\/100|[from] Recoil\n|\n|-weather|Snow|[upkeep]\n|-heal|p1b: Rillaboom|29\/100|[from] Grassy Terrain\n|-heal|p2b: Dipsy|43\/100|[from] Grassy Terrain\n|-heal|p1a: Kommo-o|100\/100|[from] Grassy Terrain\n|-heal|p2a: Po|72\/100|[from] Grassy Terrain\n|upkeep\n|turn|4\n|\n|t:|1700933257\n|switch|p2a: Tinky Winky|Flutter Mane, L50|100\/100\n|move|p1b: Rillaboom|Fake Out|p2b: Dipsy\n|-damage|p2b: Dipsy|27\/100\n|cant|p2b: Dipsy|flinch\n|move|p1a: Kommo-o|Body Press|p2a: Tinky Winky\n|-immune|p2a: Tinky Winky\n|\n|-weather|Snow|[upkeep]\n|-heal|p1b: Rillaboom|34\/100|[from] Grassy Terrain\n|-heal|p2b: Dipsy|33\/100|[from] Grassy Terrain\n|upkeep\n|turn|5\n|\n|t:|1700933279\n|-terastallize|p1a: Kommo-o|Steel\n|move|p1b: Rillaboom|Grassy Glide|p2b: Dipsy\n|-resisted|p2b: Dipsy\n|-damage|p2b: Dipsy|11\/100\n|move|p2a: Tinky Winky|Dazzling Gleam|p1b: Rillaboom|[spread] p1a,p1b\n|-resisted|p1a: Kommo-o\n|-damage|p1a: Kommo-o|88\/100\n|-damage|p1b: Rillaboom|14\/100\n|move|p2b: Dipsy|Stomping Tantrum|p1a: Kommo-o\n|-supereffective|p1a: Kommo-o\n|-damage|p1a: Kommo-o|29\/100\n|-damage|p2b: Dipsy|1\/100|[from] item: Life Orb\n|move|p1a: Kommo-o|Iron Head|p2a: Tinky Winky\n|-supereffective|p2a: Tinky Winky\n|-damage|p2a: Tinky Winky|4\/100\n|\n|-weather|none\n|-heal|p2a: Tinky Winky|10\/100|[from] Grassy Terrain\n|-heal|p2b: Dipsy|7\/100|[from] Grassy Terrain\n|-heal|p1b: Rillaboom|19\/100|[from] Grassy Terrain\n|-heal|p1a: Kommo-o|35\/100|[from] Grassy Terrain\n|-heal|p1a: Kommo-o|41\/100|[from] item: Leftovers\n|-fieldend|move: Grassy Terrain\n|upkeep\n|turn|6\n|\n|t:|1700933313\n|switch|p1b: Sinistcha|Sinistcha, L50|100\/100\n|-heal|p1a: Kommo-o|66\/100|[from] ability: Hospitality|[of] p1b: Sinistcha\n|move|p1a: Kommo-o|Protect|p1a: Kommo-o\n|-singleturn|p1a: Kommo-o|Protect\n|move|p2a: Tinky Winky|Dazzling Gleam|p1a: Kommo-o|[spread] p1b\n|-activate|p1a: Kommo-o|move: Protect\n|-damage|p1b: Sinistcha|74\/100\n|move|p2b: Dipsy|Stomping Tantrum|p1a: Kommo-o\n|-activate|p1a: Kommo-o|move: Protect\n|\n|-heal|p1a: Kommo-o|72\/100|[from] item: Leftovers\n|upkeep\n|turn|7\n|\n|t:|1700933339\n|switch|p1b: Rillaboom|Rillaboom, L50, M|19\/100\n|-fieldstart|move: Grassy Terrain|[from] ability: Grassy Surge|[of] p1b: Rillaboom\n|move|p2a: Tinky Winky|Dazzling Gleam|p1a: Kommo-o|[spread] p1a,p1b\n|-resisted|p1a: Kommo-o\n|-damage|p1a: Kommo-o|59\/100\n|-damage|p1b: Rillaboom|0 fnt\n|faint|p1b: Rillaboom\n|move|p2b: Dipsy|Stomping Tantrum|p1a: Kommo-o\n|-supereffective|p1a: Kommo-o\n|-damage|p1a: Kommo-o|32\/100\n|-damage|p2b: Dipsy|0 fnt|[from] item: Life Orb\n|faint|p2b: Dipsy\n|move|p1a: Kommo-o|Iron Defense|p1a: Kommo-o\n|-boost|p1a: Kommo-o|def|2\n|\n|-heal|p2a: Tinky Winky|16\/100|[from] Grassy Terrain\n|-heal|p1a: Kommo-o|38\/100|[from] Grassy Terrain\n|-heal|p1a: Kommo-o|44\/100|[from] item: Leftovers\n|upkeep\n|\n|t:|1700933356\n|switch|p2b: Lala|Iron Hands, L50|100\/100\n|switch|p1b: Sinistcha|Sinistcha, L50|74\/100\n|-heal|p1a: Kommo-o|69\/100|[from] ability: Hospitality|[of] p1b: Sinistcha\n|turn|8\n|\n|t:|1700933366\n|-end|p2b: Lala|Quark Drive|[silent]\n|switch|p2b: Po|Arcanine-Hisui, L50, F|72\/100\n|-ability|p2b: Po|Intimidate|boost\n|-unboost|p1a: Kommo-o|atk|1\n|-unboost|p1b: Sinistcha|atk|1\n|move|p1a: Kommo-o|Protect|p1a: Kommo-o\n|-singleturn|p1a: Kommo-o|Protect\n|move|p2a: Tinky Winky|Dazzling Gleam|p1a: Kommo-o|[spread] p1b\n|-activate|p1a: Kommo-o|move: Protect\n|-damage|p1b: Sinistcha|47\/100\n|move|p1b: Sinistcha|Matcha Gotcha|p2b: Po|[spread] p2a,p2b\n|-damage|p2a: Tinky Winky|0 fnt\n|-heal|p1b: Sinistcha|53\/100|[from] drain|[of] p2a: Tinky Winky\n|-damage|p2b: Po|36\/100\n|-heal|p1b: Sinistcha|72\/100|[from] drain|[of] p2b: Po\n|faint|p2a: Tinky Winky\n|-end|p2a: Tinky Winky|Protosynthesis|[silent]\n|\n|-heal|p2b: Po|42\/100|[from] Grassy Terrain\n|-heal|p1a: Kommo-o|75\/100|[from] Grassy Terrain\n|-heal|p1a: Kommo-o|81\/100|[from] item: Leftovers\n|-heal|p1b: Sinistcha|78\/100|[from] Grassy Terrain\n|-sideend|p1: TobiYume|move: Aurora Veil\n|upkeep\n|\n|t:|1700933378\n|switch|p2a: Lala|Iron Hands, L50|100\/100\n|turn|9\n|\n|t:|1700933403\n|move|p2a: Lala|Fake Out|p1a: Kommo-o\n|-resisted|p1a: Kommo-o\n|-damage|p1a: Kommo-o|79\/100\n|move|p1b: Sinistcha|Rage Powder|p1b: Sinistcha\n|-singleturn|p1b: Sinistcha|move: Rage Powder\n|move|p2b: Po|Flare Blitz|p1a: Kommo-o\n|-supereffective|p1a: Kommo-o\n|-damage|p1a: Kommo-o|48\/100\n|-damage|p2b: Po|33\/100|[from] Recoil\n|cant|p1a: Kommo-o|flinch\n|\n|-heal|p2b: Po|38\/100|[from] Grassy Terrain\n|-heal|p1a: Kommo-o|54\/100|[from] Grassy Terrain\n|-heal|p1a: Kommo-o|60\/100|[from] item: Leftovers\n|-heal|p1b: Sinistcha|84\/100|[from] Grassy Terrain\n|upkeep\n|turn|10\n|\n|t:|1700933413\n|move|p2b: Po|Flare Blitz|p1a: Kommo-o\n|-supereffective|p1a: Kommo-o\n|-damage|p1a: Kommo-o|31\/100\n|-damage|p2b: Po|29\/100|[from] Recoil\n|move|p1a: Kommo-o|Body Press|p2a: Lala\n|-damage|p2a: Lala|22\/100\n|move|p1b: Sinistcha|Matcha Gotcha|p2a: Lala|[spread] p2a,p2b\n|-damage|p2a: Lala|5\/100\n|-heal|p1b: Sinistcha|95\/100|[from] drain|[of] p2a: Lala\n|-damage|p2b: Po|0 fnt\n|-heal|p1b: Sinistcha|100\/100|[from] drain|[of] p2b: Po\n|faint|p2b: Po\n|move|p2a: Lala|Drain Punch|p1a: Kommo-o\n|-supereffective|p1a: Kommo-o\n|-damage|p1a: Kommo-o|10\/100\n|-heal|p2a: Lala|13\/100|[from] drain|[of] p1a: Kommo-o\n|\n|-heal|p1a: Kommo-o|16\/100|[from] Grassy Terrain\n|-heal|p1a: Kommo-o|22\/100|[from] item: Leftovers\n|-heal|p2a: Lala|20\/100|[from] Grassy Terrain\n|upkeep\n|turn|11\n|-message|Jesuuuus forfeited.\n|\n|win|TobiYume\n|c|&|\/uhtml prompt-jesuuuus,Jesuuuus is ready for game 2!\n|c|&|\/uhtml prompt-tobiyume,TobiYume is ready for game 2!\nBoth players are ready! Starting next match!\n","uploadtime":1700933434,"views":0,"p1id":"tobiyume","p2id":"jesuuuus","formatid":"gen9vgc2023regulatione","rating":0,"private":0,"password":""}