{"id":"gen9vgc2023regulatione-1993534734","p1":"Heyo16","p2":"festivebake","format":"[Gen 9] VGC 2023 Regulation E","log":"|j|\u2606Heyo16\n|j|\u2606festivebake\n|t:|1700329031\n|gametype|doubles\n|player|p1|Heyo16|265|1066\n|player|p2|festivebake|irida|1000\n|teamsize|p1|6\n|teamsize|p2|6\n|gen|9\n|tier|[Gen 9] VGC 2023 Regulation E\n|rated|\n|rule|Species Clause: Limit one of each Pok\u00e9mon\n|rule|Item Clause: Limit one of each item\n|clearpoke\n|poke|p1|Gyarados, L50, M|\n|poke|p1|Landorus-Therian, L50, M|\n|poke|p1|Arcanine, L50, M|\n|poke|p1|Maushold-Four, L50|\n|poke|p1|Lucario, L50, F|\n|poke|p1|Tornadus, L50, M|\n|poke|p2|Tornadus, L50, M|\n|poke|p2|Flutter Mane, L50|\n|poke|p2|Heatran, L50, F|\n|poke|p2|Iron Hands, L50|\n|poke|p2|Landorus, L50, M|\n|poke|p2|Ninetales-Alola, L50, F|\n|teampreview|4\n|inactive|Battle timer is ON: inactive players will automatically lose when time's up. (requested by festivebake)\n|\n|t:|1700329066\n|start\n|switch|p1a: Tornadus|Tornadus, L50, M|100\/100\n|switch|p1b: Arcanine|Arcanine, L50, M|100\/100\n|switch|p2a: Tornadus|Tornadus, L50, M|100\/100\n|switch|p2b: Flutter Mane|Flutter Mane, L50|100\/100\n|-ability|p1b: Arcanine|Intimidate|boost\n|-unboost|p2a: Tornadus|atk|1\n|-unboost|p2b: Flutter Mane|atk|1\n|turn|1\n|inactive|festivebake has 30 seconds left.\n|\n|t:|1700329093\n|move|p1a: Tornadus|Tailwind|p1a: Tornadus\n|-sidestart|p1: Heyo16|move: Tailwind\n|move|p2a: Tornadus|Tailwind|p2a: Tornadus\n|-sidestart|p2: festivebake|move: Tailwind\n|move|p2b: Flutter Mane|Shadow Ball|p1b: Arcanine\n|-damage|p1b: Arcanine|56\/100\n|-unboost|p1b: Arcanine|spd|1\n|move|p1b: Arcanine|Snarl|p2b: Flutter Mane|[spread] p2a,p2b\n|-damage|p2a: Tornadus|90\/100\n|-damage|p2b: Flutter Mane|91\/100\n|-unboost|p2a: Tornadus|spa|1\n|-unboost|p2b: Flutter Mane|spa|1\n|\n|-heal|p1b: Arcanine|62\/100|[from] item: Leftovers\n|upkeep\n|turn|2\n|inactive|festivebake has 30 seconds left.\n|\n|t:|1700329120\n|switch|p2a: Iron Hands|Iron Hands, L50|100\/100\n|move|p2b: Flutter Mane|Shadow Ball|p1a: Tornadus\n|-damage|p1a: Tornadus|66\/100\n|move|p1a: Tornadus|Bleakwind Storm|p2b: Flutter Mane|[spread] p2a,p2b\n|-damage|p2a: Iron Hands|82\/100\n|-damage|p2b: Flutter Mane|63\/100\n|move|p1b: Arcanine|Snarl|p2b: Flutter Mane|[spread] p2a,p2b\n|-resisted|p2a: Iron Hands\n|-damage|p2a: Iron Hands|80\/100\n|-damage|p2b: Flutter Mane|55\/100\n|-unboost|p2a: Iron Hands|spa|1\n|-unboost|p2b: Flutter Mane|spa|1\n|\n|-heal|p1b: Arcanine|69\/100|[from] item: Leftovers\n|upkeep\n|turn|3\n|inactive|Heyo16 has 30 seconds left.\n|inactive|festivebake has 30 seconds left.\n|inactive|Heyo16 has 20 seconds left.\n|\n|t:|1700329158\n|-end|p2b: Flutter Mane|Protosynthesis|[silent]\n|switch|p2b: Heatran|Heatran, L50, F|100\/100\n|move|p1a: Tornadus|Bleakwind Storm|p2b: Heatran|[spread] p2b\n|-miss|p1a: Tornadus|p2a: Iron Hands\n|-resisted|p2b: Heatran\n|-crit|p2b: Heatran\n|-damage|p2b: Heatran|81\/100\n|move|p1b: Arcanine|Will-O-Wisp|p2a: Iron Hands\n|-status|p2a: Iron Hands|brn\n|move|p2a: Iron Hands|Drain Punch|p1b: Arcanine\n|-crit|p1b: Arcanine\n|-damage|p1b: Arcanine|36\/100\n|-heal|p2a: Iron Hands|94\/100 brn|[from] drain|[of] p1b: Arcanine\n|\n|-heal|p1b: Arcanine|42\/100|[from] item: Leftovers\n|-damage|p2a: Iron Hands|88\/100 brn|[from] brn\n|upkeep\n|turn|4\n|inactive|Heyo16 has 30 seconds left.\n|inactive|festivebake has 30 seconds left.\n|\n|t:|1700329187\n|move|p1a: Tornadus|Rain Dance|p1a: Tornadus\n|-weather|RainDance\n|move|p1b: Arcanine|Snarl|p2a: Iron Hands|[spread] p2a,p2b\n|-resisted|p2a: Iron Hands\n|-damage|p2a: Iron Hands|86\/100 brn\n|-damage|p2b: Heatran|73\/100\n|-unboost|p2a: Iron Hands|spa|1\n|-unboost|p2b: Heatran|spa|1\n|move|p2b: Heatran|Flash Cannon|p1a: Tornadus\n|-damage|p1a: Tornadus|44\/100\n|-unboost|p1a: Tornadus|spd|1\n|move|p2a: Iron Hands|Wild Charge|p1a: Tornadus\n|-supereffective|p1a: Tornadus\n|-damage|p1a: Tornadus|0 fnt\n|faint|p1a: Tornadus\n|-damage|p2a: Iron Hands|77\/100 brn|[from] Recoil\n|\n|-weather|RainDance|[upkeep]\n|-heal|p1b: Arcanine|48\/100|[from] item: Leftovers\n|-damage|p2a: Iron Hands|71\/100 brn|[from] brn\n|-sideend|p2: festivebake|move: Tailwind\n|-sideend|p1: Heyo16|move: Tailwind\n|upkeep\n|\n|t:|1700329193\n|switch|p1a: Maushold|Maushold-Four, L50|100\/100\n|turn|5\n|inactive|festivebake has 30 seconds left.\n|inactive|festivebake has 20 seconds left.\n|inactive|festivebake has 15 seconds left.\n|\n|t:|1700329236\n|move|p1b: Arcanine|Extreme Speed|p2a: Iron Hands\n|-damage|p2a: Iron Hands|57\/100 brn\n|move|p1a: Maushold|Super Fang|p2b: Heatran\n|-damage|p2b: Heatran|37\/100\n|move|p2b: Heatran|Earth Power|p1b: Arcanine\n|-supereffective|p1b: Arcanine\n|-damage|p1b: Arcanine|8\/100\n|move|p2a: Iron Hands|Drain Punch|p1a: Maushold\n|-supereffective|p1a: Maushold\n|-damage|p1a: Maushold|49\/100\n|-heal|p2a: Iron Hands|77\/100 brn|[from] drain|[of] p1a: Maushold\n|-enditem|p1a: Maushold|Sitrus Berry|[eat]\n|-heal|p1a: Maushold|74\/100|[from] item: Sitrus Berry\n|\n|-weather|RainDance|[upkeep]\n|-heal|p1b: Arcanine|14\/100|[from] item: Leftovers\n|-damage|p2a: Iron Hands|71\/100 brn|[from] brn\n|upkeep\n|turn|6\n|inactive|Heyo16 has 30 seconds left.\n|inactive|festivebake has 30 seconds left.\n|inactive|Heyo16 has 20 seconds left.\n|\n|t:|1700329272\n|-terastallize|p1a: Maushold|Ghost\n|move|p1a: Maushold|Thunder Wave|p2b: Heatran\n|-status|p2b: Heatran|par\n|move|p1b: Arcanine|Snarl|p2b: Heatran|[spread] p2a,p2b\n|-resisted|p2a: Iron Hands\n|-damage|p2a: Iron Hands|69\/100 brn\n|-damage|p2b: Heatran|28\/100 par\n|-unboost|p2a: Iron Hands|spa|1\n|-unboost|p2b: Heatran|spa|1\n|move|p2a: Iron Hands|Drain Punch|p1a: Maushold\n|-immune|p1a: Maushold\n|cant|p2b: Heatran|par\n|\n|-weather|RainDance|[upkeep]\n|-heal|p1b: Arcanine|20\/100|[from] item: Leftovers\n|-damage|p2a: Iron Hands|63\/100 brn|[from] brn\n|upkeep\n|turn|7\n|\n|t:|1700329295\n|switch|p1b: Lucario|Lucario, L50, F|100\/100\n|move|p1a: Maushold|Beat Up|p1b: Lucario\n|-resisted|p1b: Lucario\n|-damage|p1b: Lucario|99\/100\n|-ability|p1b: Lucario|Justified|boost\n|-boost|p1b: Lucario|atk|1\n|-resisted|p1b: Lucario\n|-damage|p1b: Lucario|97\/100\n|-ability|p1b: Lucario|Justified|boost\n|-boost|p1b: Lucario|atk|1\n|-resisted|p1b: Lucario\n|-damage|p1b: Lucario|96\/100\n|-ability|p1b: Lucario|Justified|boost\n|-boost|p1b: Lucario|atk|1\n|-hitcount|p1b: Lucario|3\n|move|p2a: Iron Hands|Heavy Slam|p1a: Maushold\n|-damage|p1a: Maushold|47\/100\n|move|p2b: Heatran|Earth Power|p1b: Lucario\n|-supereffective|p1b: Lucario\n|-damage|p1b: Lucario|52\/100\n|-enditem|p1b: Lucario|Weakness Policy\n|-boost|p1b: Lucario|atk|2|[from] item: Weakness Policy\n|-boost|p1b: Lucario|spa|2|[from] item: Weakness Policy\n|\n|-weather|RainDance|[upkeep]\n|-damage|p2a: Iron Hands|57\/100 brn|[from] brn\n|upkeep\n|turn|8\n|inactive|festivebake has 30 seconds left.\n|inactive|Heyo16 has 30 seconds left.\n|inactive|festivebake has 20 seconds left.\n|\n|t:|1700329334\n|move|p1a: Maushold|Super Fang|p2a: Iron Hands|[miss]\n|-miss|p1a: Maushold|p2a: Iron Hands\n|move|p1b: Lucario|Drain Punch|p2b: Heatran\n|-supereffective|p2b: Heatran\n|-damage|p2b: Heatran|0 fnt\n|-heal|p1b: Lucario|71\/100|[from] drain|[of] p2b: Heatran\n|faint|p2b: Heatran\n|move|p2a: Iron Hands|Drain Punch|p1b: Lucario\n|-supereffective|p1b: Lucario\n|-damage|p1b: Lucario|20\/100\n|-heal|p2a: Iron Hands|73\/100 brn|[from] drain|[of] p1b: Lucario\n|\n|-weather|none\n|-damage|p2a: Iron Hands|67\/100 brn|[from] brn\n|upkeep\n|\n|t:|1700329357\n|switch|p2b: Flutter Mane|Flutter Mane, L50|55\/100\n|turn|9\n|\n|t:|1700329369\n|-terastallize|p2b: Flutter Mane|Fairy\n|move|p1a: Maushold|Follow Me|p1a: Maushold\n|-singleturn|p1a: Maushold|move: Follow Me\n|move|p1b: Lucario|Bullet Punch|p2b: Flutter Mane\n|-supereffective|p2b: Flutter Mane\n|-damage|p2b: Flutter Mane|0 fnt\n|faint|p2b: Flutter Mane\n|-end|p2b: Flutter Mane|Protosynthesis|[silent]\n|move|p2a: Iron Hands|Heavy Slam|p1a: Maushold\n|-damage|p1a: Maushold|19\/100\n|\n|-damage|p2a: Iron Hands|61\/100 brn|[from] brn\n|upkeep\n|\n|t:|1700329380\n|switch|p2b: Tornadus|Tornadus, L50, M|90\/100\n|turn|10\n|\n|t:|1700329400\n|move|p1a: Maushold|Super Fang|p2b: Tornadus\n|-damage|p2b: Tornadus|45\/100\n|move|p1b: Lucario|Drain Punch|p2b: Tornadus\n|-resisted|p2b: Tornadus\n|-damage|p2b: Tornadus|0 fnt\n|-heal|p1b: Lucario|49\/100|[from] drain|[of] p2b: Tornadus\n|faint|p2b: Tornadus\n|move|p2a: Iron Hands|Heavy Slam|p1a: Maushold\n|-damage|p1a: Maushold|0 fnt\n|faint|p1a: Maushold\n|\n|-damage|p2a: Iron Hands|55\/100 brn|[from] brn\n|upkeep\n|\n|t:|1700329403\n|switch|p1a: Arcanine|Arcanine, L50, M|20\/100\n|-ability|p1a: Arcanine|Intimidate|boost\n|-unboost|p2a: Iron Hands|atk|1\n|turn|11\n|\n|t:|1700329418\n|move|p1a: Arcanine|Helping Hand|p1b: Lucario\n|-singleturn|p1b: Lucario|Helping Hand|[of] p1a: Arcanine\n|move|p1b: Lucario|Drain Punch|p2a: Iron Hands\n|-damage|p2a: Iron Hands|0 fnt\n|-heal|p1b: Lucario|93\/100|[from] drain|[of] p2a: Iron Hands\n|faint|p2a: Iron Hands\n|-end|p2a: Iron Hands|Quark Drive|[silent]\n|\n|win|Heyo16\n|raw|Heyo16's rating: 1066 &rarr; <strong>1090<\/strong><br \/>(+24 for winning)\n|raw|festivebake's rating: 1000 &rarr; <strong>1000<\/strong><br \/>(+0 for losing)\n|l|\u2606festivebake\n","uploadtime":1700329429,"views":16,"p1id":"heyo16","p2id":"festivebake","formatid":"gen9vgc2023regulatione","rating":1000,"private":0,"password":""}