{"id":"gen9vgc2023regulatione-2000518243","p1":"bigpika95","p2":"AlexKartier","format":"[Gen 9] VGC 2023 Regulation E","log":"|j|\u2606bigpika95\n|j|\u2606AlexKartier\n|t:|1701201560\n|gametype|doubles\n|player|p1|bigpika95|bellepa|1289\n|player|p2|AlexKartier|youngn|1343\n|teamsize|p1|6\n|teamsize|p2|6\n|gen|9\n|tier|[Gen 9] VGC 2023 Regulation E\n|rated|\n|rule|Species Clause: Limit one of each Pok\u00e9mon\n|rule|Item Clause: Limit one of each item\n|clearpoke\n|poke|p1|Salamence, L50, F|\n|poke|p1|Volcarona, L50, F|\n|poke|p1|Rillaboom, L50, F|\n|poke|p1|Scizor, L50, F|\n|poke|p1|Iron Bundle, L50|\n|poke|p1|Politoed, L50, F|\n|poke|p2|Regidrago, L50|\n|poke|p2|Indeedee-F, L50, F|\n|poke|p2|Armarouge, L50, F|\n|poke|p2|Ursaluna, L50, M|\n|poke|p2|Torkoal, L50, F|\n|poke|p2|Lilligant-Hisui, L50, F|\n|teampreview|4\n|inactive|Battle timer is ON: inactive players will automatically lose when time's up. (requested by AlexKartier)\n|inactive|bigpika95 has 60 seconds left.\n|\n|t:|1701201597\n|start\n|switch|p1a: Scizor|Scizor, L50, F|100\/100\n|switch|p1b: Salamence|Salamence, L50, F|100\/100\n|switch|p2a: Indeedee|Indeedee-F, L50, F|100\/100\n|switch|p2b: Regidrago|Regidrago, L50|100\/100\n|-ability|p1b: Salamence|Intimidate|boost\n|-unboost|p2a: Indeedee|atk|1\n|-unboost|p2b: Regidrago|atk|1\n|-fieldstart|move: Psychic Terrain|[from] ability: Psychic Surge|[of] p2a: Indeedee\n|turn|1\n|\n|t:|1701201607\n|switch|p1b: Rillaboom|Rillaboom, L50, F|100\/100\n|-fieldstart|move: Grassy Terrain|[from] ability: Grassy Surge|[of] p1b: Rillaboom\n|-terastallize|p2b: Regidrago|Dragon\n|move|p2a: Indeedee|Helping Hand|p2b: Regidrago\n|-singleturn|p2b: Regidrago|Helping Hand|[of] p2a: Indeedee\n|move|p1a: Scizor|Bullet Punch|p2b: Regidrago\n|-damage|p2b: Regidrago|65\/100\n|move|p2b: Regidrago|Dragon Energy|p1a: Scizor|[spread] p1a,p1b\n|-resisted|p1a: Scizor\n|-damage|p1a: Scizor|50\/100\n|-damage|p1b: Rillaboom|22\/100\n|\n|-heal|p2b: Regidrago|71\/100|[from] Grassy Terrain\n|-heal|p1b: Rillaboom|28\/100|[from] Grassy Terrain\n|-heal|p1a: Scizor|56\/100|[from] Grassy Terrain\n|upkeep\n|turn|2\n|\n|t:|1701201625\n|move|p1b: Rillaboom|Fake Out|p2b: Regidrago\n|-damage|p2b: Regidrago|55\/100\n|move|p2a: Indeedee|Follow Me|p2a: Indeedee\n|-singleturn|p2a: Indeedee|move: Follow Me\n|cant|p2b: Regidrago|flinch\n|move|p1a: Scizor|Bug Bite|p2a: Indeedee\n|-supereffective|p2a: Indeedee\n|-damage|p2a: Indeedee|0 fnt\n|-damage|p1a: Scizor|40\/100|[from] item: Rocky Helmet|[of] p2a: Indeedee\n|faint|p2a: Indeedee\n|\n|-heal|p2b: Regidrago|61\/100|[from] Grassy Terrain\n|-heal|p1b: Rillaboom|33\/100|[from] Grassy Terrain\n|-heal|p1a: Scizor|46\/100|[from] Grassy Terrain\n|upkeep\n|\n|t:|1701201631\n|switch|p2a: Armarouge|Armarouge, L50, F|100\/100\n|turn|3\n|\n|t:|1701201644\n|switch|p1b: Politoed|Politoed, L50, F|100\/100\n|-weather|RainDance|[from] ability: Drizzle|[of] p1b: Politoed\n|move|p1a: Scizor|Bullet Punch|p2b: Regidrago\n|-damage|p2b: Regidrago|27\/100\n|move|p2b: Regidrago|Dragon Energy|p1b: Politoed|[spread] p1a,p1b\n|-resisted|p1a: Scizor\n|-damage|p1a: Scizor|32\/100\n|-damage|p1b: Politoed|76\/100\n|move|p2a: Armarouge|Heat Wave|p1a: Scizor|[spread] p1a,p1b\n|-supereffective|p1a: Scizor\n|-resisted|p1b: Politoed\n|-damage|p1a: Scizor|0 fnt\n|-damage|p1b: Politoed|63\/100\n|faint|p1a: Scizor\n|-damage|p2a: Armarouge|90\/100|[from] item: Life Orb\n|\n|-weather|RainDance|[upkeep]\n|-heal|p2b: Regidrago|33\/100|[from] Grassy Terrain\n|-heal|p1b: Politoed|70\/100|[from] Grassy Terrain\n|-heal|p2a: Armarouge|97\/100|[from] Grassy Terrain\n|upkeep\n|\n|t:|1701201658\n|switch|p1a: Rillaboom|Rillaboom, L50, F|33\/100\n|turn|4\n|\n|t:|1701201667\n|switch|p2b: Ursaluna|Ursaluna, L50, M|100\/100\n|move|p2a: Armarouge|Protect|p2a: Armarouge\n|-singleturn|p2a: Armarouge|Protect\n|move|p1a: Rillaboom|Fake Out|p2a: Armarouge\n|-activate|p2a: Armarouge|move: Protect\n|move|p1b: Politoed|Muddy Water|p2b: Ursaluna|[spread] p2b\n|-activate|p2a: Armarouge|move: Protect\n|-supereffective|p2b: Ursaluna\n|-damage|p2b: Ursaluna|25\/100\n|\n|-weather|RainDance|[upkeep]\n|-heal|p1a: Rillaboom|39\/100|[from] Grassy Terrain\n|-heal|p1b: Politoed|76\/100|[from] Grassy Terrain\n|-heal|p2a: Armarouge|100\/100|[from] Grassy Terrain\n|-heal|p2b: Ursaluna|30\/100|[from] Grassy Terrain\n|-status|p2b: Ursaluna|brn|[from] item: Flame Orb\n|upkeep\n|turn|5\n|\n|t:|1701201686\n|move|p2b: Ursaluna|Protect|p2b: Ursaluna\n|-singleturn|p2b: Ursaluna|Protect\n|move|p1a: Rillaboom|Grassy Glide|p2b: Ursaluna\n|-activate|p2b: Ursaluna|move: Protect\n|move|p1b: Politoed|Muddy Water|p2b: Ursaluna|[spread] p2a\n|-activate|p2b: Ursaluna|move: Protect\n|-supereffective|p2a: Armarouge\n|-crit|p2a: Armarouge\n|-damage|p2a: Armarouge|0 fnt\n|faint|p2a: Armarouge\n|\n|-weather|RainDance|[upkeep]\n|-heal|p1a: Rillaboom|45\/100|[from] Grassy Terrain\n|-heal|p1b: Politoed|82\/100|[from] Grassy Terrain\n|-heal|p2b: Ursaluna|36\/100 brn|[from] Grassy Terrain\n|-damage|p2b: Ursaluna|30\/100 brn|[from] brn\n|-fieldend|move: Grassy Terrain\n|upkeep\n|\n|t:|1701201694\n|switch|p2a: Regidrago|Regidrago, L50, tera:Dragon|33\/100\n|turn|6\n|\n|t:|1701201702\n|move|p2a: Regidrago|Dragon Energy|p1a: Rillaboom|[spread] p1a,p1b\n|-damage|p1a: Rillaboom|19\/100\n|-damage|p1b: Politoed|54\/100\n|move|p1a: Rillaboom|Grassy Glide|p2b: Ursaluna\n|-supereffective|p2b: Ursaluna\n|-damage|p2b: Ursaluna|0 fnt\n|faint|p2b: Ursaluna\n|move|p1b: Politoed|Ice Beam|p2a: Regidrago\n|-supereffective|p2a: Regidrago\n|-damage|p2a: Regidrago|0 fnt\n|faint|p2a: Regidrago\n|\n|win|bigpika95\n|raw|bigpika95's rating: 1289 &rarr; <strong>1318<\/strong><br \/>(+29 for winning)\n|raw|AlexKartier's rating: 1343 &rarr; <strong>1320<\/strong><br \/>(-23 for losing)\n|l|\u2606AlexKartier\n|c|\u2606bigpika95|Ggwp\n","uploadtime":1701201892,"views":7,"p1id":"bigpika95","p2id":"alexkartier","formatid":"gen9vgc2023regulatione","rating":1318,"private":0,"password":""}