{"id":"gen9vgc2023regulatione-1999809111","p1":"Hotdogsandhallways","p2":"Aurinko","format":"[Gen 9] VGC 2023 Regulation E","log":"|j|\u2606Hotdogsandhallways\n|j|\u2606Aurinko\n|t:|1701118682\n|gametype|doubles\n|player|p1|Hotdogsandhallways|266|1445\n|player|p2|Aurinko|102|1364\n|teamsize|p1|6\n|teamsize|p2|6\n|gen|9\n|tier|[Gen 9] VGC 2023 Regulation E\n|rated|\n|rule|Species Clause: Limit one of each Pok\u00e9mon\n|rule|Item Clause: Limit one of each item\n|clearpoke\n|poke|p1|Iron Valiant, L50|\n|poke|p1|Kingambit, L50, F|\n|poke|p1|Iron Bundle, L50|\n|poke|p1|Tornadus, L50, M|\n|poke|p1|Salamence, L50, M|\n|poke|p1|Farigiraf, L50, M|\n|poke|p2|Ursaluna-Bloodmoon, L50, M|\n|poke|p2|Dusclops, L50, M|\n|poke|p2|Ogerpon-Hearthflame, L50, F|\n|poke|p2|Chi-Yu, L50|\n|poke|p2|Iron Hands, L50|\n|poke|p2|Landorus-Therian, L50, M|\n|teampreview|4\n|inactive|Battle timer is ON: inactive players will automatically lose when time's up. (requested by Hotdogsandhallways)\n|inactive|Aurinko has 60 seconds left.\n|\n|t:|1701118719\n|start\n|switch|p1a: Tornadus|Tornadus, L50, M|100\/100\n|switch|p1b: Iron Valiant|Iron Valiant, L50|100\/100\n|switch|p2a: Dusclops|Dusclops, L50, M|100\/100\n|switch|p2b: Iron Hands|Iron Hands, L50|100\/100\n|-ability|p2a: Dusclops|Pressure\n|turn|1\n|\n|t:|1701118734\n|move|p1b: Iron Valiant|Protect|p1b: Iron Valiant\n|-singleturn|p1b: Iron Valiant|Protect\n|move|p2b: Iron Hands|Fake Out|p1b: Iron Valiant\n|-activate|p1b: Iron Valiant|move: Protect\n|move|p1a: Tornadus|Taunt|p2a: Dusclops\n|-start|p2a: Dusclops|move: Taunt\n|cant|p2a: Dusclops|move: Taunt|Will-O-Wisp\n|\n|upkeep\n|turn|2\n|\n|t:|1701118750\n|move|p1b: Iron Valiant|Spirit Break|p2b: Iron Hands\n|-supereffective|p2b: Iron Hands\n|-damage|p2b: Iron Hands|47\/100\n|-unboost|p2b: Iron Hands|spa|1\n|move|p1a: Tornadus|Bleakwind Storm|p2a: Dusclops|[spread] p2a,p2b\n|-damage|p2a: Dusclops|81\/100\n|-damage|p2b: Iron Hands|22\/100\n|-unboost|p2a: Dusclops|spe|1\n|move|p2b: Iron Hands|Heavy Slam|p1b: Iron Valiant\n|-supereffective|p1b: Iron Valiant\n|-enditem|p1b: Iron Valiant|Focus Sash\n|-damage|p1b: Iron Valiant|1\/100\n|move|p2a: Dusclops|Night Shade|p1b: Iron Valiant\n|-damage|p1b: Iron Valiant|0 fnt\n|faint|p1b: Iron Valiant\n|-end|p1b: Iron Valiant|Quark Drive|[silent]\n|\n|upkeep\n|\n|t:|1701118763\n|switch|p1b: Iron Bundle|Iron Bundle, L50|100\/100\n|-enditem|p1b: Iron Bundle|Booster Energy\n|-activate|p1b: Iron Bundle|ability: Quark Drive|[fromitem]\n|-start|p1b: Iron Bundle|quarkdrivespe\n|turn|3\n|\n|t:|1701118779\n|move|p1b: Iron Bundle|Freeze-Dry|p2b: Iron Hands\n|-crit|p2b: Iron Hands\n|-damage|p2b: Iron Hands|0 fnt\n|faint|p2b: Iron Hands\n|-end|p2b: Iron Hands|Quark Drive|[silent]\n|move|p1a: Tornadus|Knock Off|p2a: Dusclops\n|-supereffective|p2a: Dusclops\n|-crit|p2a: Dusclops\n|-damage|p2a: Dusclops|32\/100\n|-enditem|p2a: Dusclops|Eviolite|[from] move: Knock Off|[of] p1a: Tornadus\n|move|p2a: Dusclops|Night Shade|p1b: Iron Bundle\n|-damage|p1b: Iron Bundle|67\/100\n|\n|-end|p2a: Dusclops|move: Taunt\n|upkeep\n|\n|t:|1701118793\n|switch|p2b: Ogerpon|Ogerpon-Hearthflame, L50, F|100\/100\n|-ability|p2b: Ogerpon|Mold Breaker\n|turn|4\n|\n|t:|1701118800\n|-terastallize|p2b: Ogerpon|Fire\n|detailschange|p2b: Ogerpon|Ogerpon-Hearthflame-Tera, L50, F, tera:Fire\n|-ability|p2b: Ogerpon|Embody Aspect (Hearthflame)|boost\n|-boost|p2b: Ogerpon|atk|1\n|move|p2b: Ogerpon|Follow Me|p2b: Ogerpon\n|-singleturn|p2b: Ogerpon|move: Follow Me\n|move|p1b: Iron Bundle|Icy Wind|p2b: Ogerpon|[spread] p2a,p2b\n|-resisted|p2b: Ogerpon\n|-damage|p2a: Dusclops|16\/100\n|-damage|p2b: Ogerpon|89\/100\n|-unboost|p2a: Dusclops|spe|1\n|-unboost|p2b: Ogerpon|spe|1\n|move|p1a: Tornadus|Bleakwind Storm|p2b: Ogerpon|[spread] p2b\n|-miss|p1a: Tornadus|p2a: Dusclops\n|-damage|p2b: Ogerpon|42\/100\n|-unboost|p2b: Ogerpon|spe|1\n|move|p2a: Dusclops|Trick Room|p2a: Dusclops\n|-fieldstart|move: Trick Room|[of] p2a: Dusclops\n|\n|upkeep\n|turn|5\n|\n|t:|1701118823\n|move|p2a: Dusclops|Pain Split|p1a: Tornadus\n|-sethp|p1a: Tornadus|56\/100|[from] move: Pain Split|[silent]\n|-sethp|p2a: Dusclops|71\/100|[from] move: Pain Split\n|move|p2b: Ogerpon|Horn Leech|p1b: Iron Bundle\n|-supereffective|p1b: Iron Bundle\n|-damage|p1b: Iron Bundle|0 fnt\n|-heal|p2b: Ogerpon|75\/100|[from] drain|[of] p1b: Iron Bundle\n|faint|p1b: Iron Bundle\n|-end|p1b: Iron Bundle|Quark Drive|[silent]\n|move|p1a: Tornadus|Bleakwind Storm|p2b: Ogerpon|[spread] p2b\n|-miss|p1a: Tornadus|p2a: Dusclops\n|-damage|p2b: Ogerpon|30\/100\n|\n|upkeep\n|\n|t:|1701118829\n|switch|p1b: Salamence|Salamence, L50, M|100\/100\n|-ability|p1b: Salamence|Intimidate|boost\n|-unboost|p2a: Dusclops|atk|1\n|-unboost|p2b: Ogerpon|atk|1\n|turn|6\n|inactive|Hotdogsandhallways has 30 seconds left.\n|\n|t:|1701118858\n|move|p1a: Tornadus|Taunt|p2a: Dusclops\n|-start|p2a: Dusclops|move: Taunt\n|move|p2a: Dusclops|Night Shade|p1b: Salamence\n|-damage|p1b: Salamence|75\/100\n|move|p2b: Ogerpon|Ivy Cudgel|p1a: Tornadus|[anim] Ivy Cudgel Fire\n|-damage|p1a: Tornadus|0 fnt\n|faint|p1a: Tornadus\n|move|p1b: Salamence|Dragon Claw|p2b: Ogerpon\n|-damage|p2b: Ogerpon|0 fnt\n|faint|p2b: Ogerpon\n|\n|upkeep\n|\n|t:|1701118872\n|switch|p2b: Ursaluna|Ursaluna-Bloodmoon, L50, M|100\/100\n|turn|7\n|\n|t:|1701118881\n|-terastallize|p1b: Salamence|Steel\n|move|p2a: Dusclops|Night Shade|p1b: Salamence\n|-damage|p1b: Salamence|49\/100\n|move|p2b: Ursaluna|Blood Moon|p1b: Salamence\n|-resisted|p1b: Salamence\n|-damage|p1b: Salamence|0 fnt\n|faint|p1b: Salamence\n|-damage|p2b: Ursaluna|90\/100|[from] item: Life Orb\n|\n|win|Aurinko\n|raw|Hotdogsandhallways's rating: 1445 &rarr; <strong>1420<\/strong><br \/>(-25 for losing)\n|raw|Aurinko's rating: 1364 &rarr; <strong>1389<\/strong><br \/>(+25 for winning)\n|l|\u2606Aurinko\n","uploadtime":1701118933,"views":2,"p1id":"hotdogsandhallways","p2id":"aurinko","formatid":"gen9vgc2023regulatione","rating":1389,"private":0,"password":""}