{"id":"gen9vgc2023regulatione-1992555589","p1":"IDKWHATTODOANYMORE","p2":"Orb66623","format":"[Gen 9] VGC 2023 Regulation E","log":"|j|\u2606IDKWHATTODOANYMORE\n|j|\u2606Orb66623\n|t:|1700205004\n|gametype|doubles\n|player|p1|IDKWHATTODOANYMORE|steven|1191\n|player|p2|Orb66623|102|1118\n|teamsize|p1|6\n|teamsize|p2|6\n|gen|9\n|tier|[Gen 9] VGC 2023 Regulation E\n|rated|\n|rule|Species Clause: Limit one of each Pok\u00e9mon\n|rule|Item Clause: Limit one of each item\n|clearpoke\n|poke|p1|Tornadus, L50, M|\n|poke|p1|Urshifu-*, L50, F|\n|poke|p1|Gholdengo, L50|\n|poke|p1|Flutter Mane, L50|\n|poke|p1|Amoonguss, L50, F|\n|poke|p1|Rillaboom, L50, M|\n|poke|p2|Ogerpon-Wellspring, L50, F|\n|poke|p2|Armarouge, L50, M|\n|poke|p2|Torkoal, L50, M|\n|poke|p2|Indeedee-F, L50, F|\n|poke|p2|Iron Hands, L50|\n|poke|p2|Landorus-Therian, L50, M|\n|teampreview|4\n|inactive|Battle timer is ON: inactive players will automatically lose when time's up. (requested by IDKWHATTODOANYMORE)\n|inactive|IDKWHATTODOANYMORE has 60 seconds left.\n|inactive|Orb66623 has 60 seconds left.\n|\n|t:|1700205041\n|start\n|switch|p1a: Monke|Rillaboom, L50, M|100\/100\n|switch|p1b: Will smith|Tornadus, L50, M|100\/100\n|switch|p2a: Armarouge|Armarouge, L50, M|100\/100\n|switch|p2b: Landorus|Landorus-Therian, L50, M|100\/100\n|-ability|p2b: Landorus|Intimidate|boost\n|-unboost|p1a: Monke|atk|1\n|-unboost|p1b: Will smith|atk|1\n|-fieldstart|move: Grassy Terrain|[from] ability: Grassy Surge|[of] p1a: Monke\n|turn|1\n|\n|t:|1700205066\n|move|p2b: Landorus|U-turn|p1a: Monke\n|-supereffective|p1a: Monke\n|-damage|p1a: Monke|39\/100\n|\n|t:|1700205070\n|switch|p2b: Indeedee|Indeedee-F, L50, F|100\/100|[from] U-turn\n|-fieldstart|move: Psychic Terrain|[from] ability: Psychic Surge|[of] p2b: Indeedee\n|-enditem|p2b: Indeedee|Psychic Seed\n|-boost|p2b: Indeedee|spd|1|[from] item: Psychic Seed\n|move|p1b: Will smith|Bleakwind Storm|p2a: Armarouge|[spread] p2a,p2b\n|-damage|p2a: Armarouge|53\/100\n|-damage|p2b: Indeedee|75\/100\n|-unboost|p2a: Armarouge|spe|1\n|move|p1a: Monke|U-turn|p2b: Indeedee\n|-supereffective|p2b: Indeedee\n|-damage|p2b: Indeedee|47\/100\n|\n|t:|1700205085\n|switch|p1a: cheese|Gholdengo, L50|100\/100|[from] U-turn\n|move|p2a: Armarouge|Heat Wave|p1a: cheese|[spread] p1a,p1b\n|-supereffective|p1a: cheese\n|-damage|p1a: cheese|7\/100\n|-damage|p1b: Will smith|48\/100\n|\n|upkeep\n|turn|2\n|inactive|Orb66623 has 30 seconds left.\n|\n|t:|1700205113\n|move|p1b: Will smith|Bleakwind Storm|p2a: Armarouge|[spread] p2a,p2b\n|-damage|p2a: Armarouge|0 fnt\n|-damage|p2b: Indeedee|20\/100\n|faint|p2a: Armarouge\n|move|p1a: cheese|Make It Rain|p2b: Indeedee\n|-damage|p2b: Indeedee|0 fnt\n|-unboost|p1a: cheese|spa|1\n|faint|p2b: Indeedee\n|-damage|p1a: cheese|0 fnt|[from] item: Life Orb\n|faint|p1a: cheese\n|\n|upkeep\n|\n|t:|1700205121\n|switch|p1a: Monke|Rillaboom, L50, M|39\/100\n|switch|p2a: Landorus|Landorus-Therian, L50, M|100\/100\n|switch|p2b: Ogerpon|Ogerpon-Wellspring, L50, F|100\/100\n|-ability|p2a: Landorus|Intimidate|boost\n|-unboost|p1a: Monke|atk|1\n|-unboost|p1b: Will smith|atk|1\n|-fieldstart|move: Grassy Terrain|[from] ability: Grassy Surge|[of] p1a: Monke\n|turn|3\n|\n|t:|1700205139\n|-terastallize|p2a: Landorus|Flying\n|move|p1a: Monke|Fake Out|p2a: Landorus\n|-damage|p2a: Landorus|90\/100\n|move|p1b: Will smith|Tailwind|p1b: Will smith\n|-sidestart|p1: IDKWHATTODOANYMORE|move: Tailwind\n|cant|p2a: Landorus|flinch\n|move|p2b: Ogerpon|Ivy Cudgel|p1b: Will smith|[anim] Ivy Cudgel Water\n|-damage|p1b: Will smith|0 fnt\n|faint|p1b: Will smith\n|\n|-heal|p1a: Monke|44\/100|[from] Grassy Terrain\n|upkeep\n|\n|t:|1700205147\n|switch|p1b: *amongus mp.3*|Amoonguss, L50, F|100\/100\n|turn|4\n|\n|t:|1700205167\n|move|p2b: Ogerpon|Follow Me|p2b: Ogerpon\n|-singleturn|p2b: Ogerpon|move: Follow Me\n|move|p1a: Monke|U-turn|p2b: Ogerpon\n|-supereffective|p2b: Ogerpon\n|-damage|p2b: Ogerpon|58\/100\n|move|p2a: Landorus|Tera Blast|p1b: *amongus mp.3*|[anim] Tera Blast Flying\n|-supereffective|p1b: *amongus mp.3*\n|-damage|p1b: *amongus mp.3*|0 fnt\n|faint|p1b: *amongus mp.3*\n|\n|-heal|p1a: Monke|50\/100|[from] Grassy Terrain\n|-heal|p2b: Ogerpon|64\/100|[from] Grassy Terrain\n|upkeep\n|turn|5\n|\n|t:|1700205181\n|-terastallize|p1a: Monke|Fire\n|move|p1a: Monke|Grassy Glide|p2a: Landorus\n|-resisted|p2a: Landorus\n|-damage|p2a: Landorus|73\/100\n|move|p2a: Landorus|Tera Blast|p1a: Monke|[anim] Tera Blast Flying\n|-damage|p1a: Monke|0 fnt\n|faint|p1a: Monke\n|\n|win|Orb66623\n|raw|IDKWHATTODOANYMORE's rating: 1191 &rarr; <strong>1161<\/strong><br \/>(-30 for losing)\n|raw|Orb66623's rating: 1118 &rarr; <strong>1148<\/strong><br \/>(+30 for winning)\n|l|\u2606IDKWHATTODOANYMORE\n","uploadtime":1700205196,"views":15,"p1id":"idkwhattodoanymore","p2id":"orb66623","formatid":"gen9vgc2023regulatione","rating":1148,"private":0,"password":""}