{"id":"gen9vgc2023regulatione-1993096959","p1":"jahoy","p2":"Matcha Man Savage","format":"[Gen 9] VGC 2023 Regulation E","log":"|j|\u2606jahoy\n|j|\u2606Matcha Man Savage\n|t:|1700264381\n|gametype|doubles\n|player|p1|jahoy|pokemaniac|1394\n|player|p2|Matcha Man Savage|1|1381\n|teamsize|p1|6\n|teamsize|p2|6\n|gen|9\n|tier|[Gen 9] VGC 2023 Regulation E\n|rated|\n|rule|Species Clause: Limit one of each Pok\u00e9mon\n|rule|Item Clause: Limit one of each item\n|clearpoke\n|poke|p1|Moltres-Galar, L50|\n|poke|p1|Sinistcha-Masterpiece, L50|\n|poke|p1|Ninetales-Alola, L50, M|\n|poke|p1|Landorus-Therian, L50, M|\n|poke|p1|Iron Hands, L50|\n|poke|p1|Heatran, L50, F|\n|poke|p2|Chi-Yu, L50|\n|poke|p2|Flutter Mane, L50|\n|poke|p2|Iron Bundle, L50|\n|poke|p2|Landorus-Therian, L50, M|\n|poke|p2|Tornadus, L50, M|\n|poke|p2|Iron Hands, L50|\n|teampreview|4\n|inactive|Battle timer is ON: inactive players will automatically lose when time's up. (requested by Matcha Man Savage)\n|inactive|jahoy also wants the timer to be on.\n|inactive|jahoy has 60 seconds left.\n|\n|t:|1700264414\n|start\n|switch|p1a: Ninetales|Ninetales-Alola, L50, M|100\/100\n|switch|p1b: Iron Hands|Iron Hands, L50|100\/100\n|switch|p2a: Tornadus|Tornadus, L50, M, shiny|100\/100\n|switch|p2b: Landorus|Landorus-Therian, L50, M, shiny|100\/100\n|-ability|p2b: Landorus|Intimidate|boost\n|-unboost|p1a: Ninetales|atk|1\n|-unboost|p1b: Iron Hands|atk|1\n|-weather|Snow|[from] ability: Snow Warning|[of] p1a: Ninetales\n|turn|1\n|\n|t:|1700264432\n|move|p1b: Iron Hands|Fake Out|p2a: Tornadus\n|-damage|p2a: Tornadus|89\/100\n|-damage|p1b: Iron Hands|84\/100|[from] item: Rocky Helmet|[of] p2a: Tornadus\n|cant|p2a: Tornadus|flinch\n|move|p2b: Landorus|Stomping Tantrum|p1b: Iron Hands\n|-supereffective|p1b: Iron Hands\n|-damage|p1b: Iron Hands|16\/100\n|move|p1a: Ninetales|Blizzard|p2b: Landorus|[spread] p2a,p2b\n|-supereffective|p2a: Tornadus\n|-supereffective|p2b: Landorus\n|-damage|p2a: Tornadus|36\/100\n|-damage|p2b: Landorus|0 fnt\n|faint|p2b: Landorus\n|\n|-weather|Snow|[upkeep]\n|upkeep\n|\n|t:|1700264444\n|switch|p2b: Chi-Yu|Chi-Yu, L50|100\/100\n|-ability|p2b: Chi-Yu|Beads of Ruin\n|turn|2\n|\n|t:|1700264466\n|-end|p1b: Iron Hands|Quark Drive|[silent]\n|switch|p1b: Moltres|Moltres-Galar, L50|100\/100\n|-terastallize|p1a: Ninetales|Water\n|move|p2a: Tornadus|Sunny Day|p2a: Tornadus\n|-weather|SunnyDay\n|move|p1a: Ninetales|Aurora Veil||[still]\n|-fail|p1a: Ninetales\n|move|p2b: Chi-Yu|Heat Wave|p1a: Ninetales|[spread] \n|-miss|p2b: Chi-Yu|p1a: Ninetales\n|-miss|p2b: Chi-Yu|p1b: Moltres\n|\n|-weather|SunnyDay|[upkeep]\n|upkeep\n|turn|3\n|\n|t:|1700264484\n|switch|p1a: Iron Hands|Iron Hands, L50|16\/100\n|move|p2a: Tornadus|Bleakwind Storm|p1b: Moltres|[spread] p1a\n|-miss|p2a: Tornadus|p1b: Moltres\n|-damage|p1a: Iron Hands|0 fnt\n|faint|p1a: Iron Hands\n|-end|p1a: Iron Hands|Quark Drive|[silent]\n|move|p2b: Chi-Yu|Snarl|p1b: Moltres\n|-resisted|p1b: Moltres\n|-damage|p1b: Moltres|77\/100\n|-unboost|p1b: Moltres|spa|1\n|-damage|p2b: Chi-Yu|91\/100|[from] item: Life Orb\n|move|p1b: Moltres|Nasty Plot|p1b: Moltres\n|-boost|p1b: Moltres|spa|2\n|\n|-weather|SunnyDay|[upkeep]\n|upkeep\n|\n|t:|1700264498\n|switch|p1a: Ninetales|Ninetales-Alola, L50, M, tera:Water|100\/100\n|-weather|Snow|[from] ability: Snow Warning|[of] p1a: Ninetales\n|turn|4\n|\n|t:|1700264507\n|move|p2a: Tornadus|Sunny Day|p2a: Tornadus\n|-weather|SunnyDay\n|move|p1a: Ninetales|Aurora Veil||[still]\n|-fail|p1a: Ninetales\n|move|p1b: Moltres|Fiery Wrath|p2b: Chi-Yu|[spread] p2a,p2b\n|-resisted|p2b: Chi-Yu\n|-damage|p2a: Tornadus|0 fnt\n|-damage|p2b: Chi-Yu|71\/100\n|faint|p2a: Tornadus\n|cant|p2b: Chi-Yu|flinch\n|\n|-weather|SunnyDay|[upkeep]\n|upkeep\n|\n|t:|1700264517\n|switch|p2a: Tairy Fera|Flutter Mane, L50|100\/100\n|-activate|p2a: Tairy Fera|ability: Protosynthesis\n|-start|p2a: Tairy Fera|protosynthesisspa\n|turn|5\n|\n|t:|1700264530\n|switch|p1a: Sinistcha|Sinistcha-Masterpiece, L50|100\/100\n|-heal|p1b: Moltres|100\/100|[from] ability: Hospitality|[of] p1a: Sinistcha\n|-terastallize|p2a: Tairy Fera|Fairy\n|move|p2a: Tairy Fera|Dazzling Gleam|p1b: Moltres|[spread] p1a,p1b\n|-supereffective|p1b: Moltres\n|-damage|p1a: Sinistcha|26\/100\n|-damage|p1b: Moltres|0 fnt\n|faint|p1b: Moltres\n|move|p2b: Chi-Yu|Heat Wave|p1a: Sinistcha\n|-supereffective|p1a: Sinistcha\n|-damage|p1a: Sinistcha|0 fnt\n|faint|p1a: Sinistcha\n|-damage|p2b: Chi-Yu|62\/100|[from] item: Life Orb\n|\n|-weather|SunnyDay|[upkeep]\n|upkeep\n|-message|jahoy forfeited.\n|\n|win|Matcha Man Savage\n|raw|jahoy's rating: 1394 &rarr; <strong>1373<\/strong><br \/>(-21 for losing)\n|raw|Matcha Man Savage's rating: 1381 &rarr; <strong>1402<\/strong><br \/>(+21 for winning)\n|l|\u2606jahoy\n","uploadtime":1700264558,"views":11,"p1id":"jahoy","p2id":"matchamansavage","formatid":"gen9vgc2023regulatione","rating":1373,"private":0,"password":""}