{"id":"gen9vgc2023regulatione-1999420116","p1":"Kailisten7","p2":"Ax0lol","format":"[Gen 9] VGC 2023 Regulation E","log":"|j|\u2606Kailisten7\n|j|\u2606Ax0lol\n|t:|1701077541\n|gametype|doubles\n|player|p1|Kailisten7|lucas-gen4pt|1096\n|player|p2|Ax0lol|lady-gen4|1179\n|teamsize|p1|6\n|teamsize|p2|6\n|gen|9\n|tier|[Gen 9] VGC 2023 Regulation E\n|rated|\n|rule|Species Clause: Limit one of each Pok\u00e9mon\n|rule|Item Clause: Limit one of each item\n|clearpoke\n|poke|p1|Cresselia, L50, F|\n|poke|p1|Iron Hands, L50|\n|poke|p1|Landorus-Therian, L50, M|\n|poke|p1|Urshifu-*, L50, M|\n|poke|p1|Chi-Yu, L50|\n|poke|p1|Flutter Mane, L50|\n|poke|p2|Iron Hands, L50|\n|poke|p2|Kingambit, L50, M|\n|poke|p2|Flutter Mane, L50|\n|poke|p2|Dachsbun, L50, F|\n|poke|p2|Chi-Yu, L50|\n|poke|p2|Sneasler, L50, M|\n|teampreview|4\n|inactive|Battle timer is ON: inactive players will automatically lose when time's up. (requested by Kailisten7)\n|inactive|Kailisten7 has 60 seconds left.\n|\n|t:|1701077588\n|start\n|switch|p1a: Landorus|Landorus-Therian, L50, M|100\/100\n|switch|p1b: Flutter Mane|Flutter Mane, L50|100\/100\n|switch|p2a: Flutter Mane|Flutter Mane, L50|100\/100\n|switch|p2b: Sneasler|Sneasler, L50, M|100\/100\n|-ability|p1a: Landorus|Intimidate|boost\n|-unboost|p2a: Flutter Mane|atk|1\n|-unboost|p2b: Sneasler|atk|1\n|-enditem|p2a: Flutter Mane|Booster Energy\n|-activate|p2a: Flutter Mane|ability: Protosynthesis|[fromitem]\n|-start|p2a: Flutter Mane|protosynthesisspe\n|-enditem|p2b: Sneasler|White Herb\n|-clearnegativeboost|p2b: Sneasler|[silent]\n|turn|1\n|inactive|Kailisten7 has 30 seconds left.\n|\n|t:|1701077618\n|-terastallize|p2a: Flutter Mane|Fairy\n|move|p2b: Sneasler|Fake Out|p1a: Landorus\n|-damage|p1a: Landorus|82\/100\n|-damage|p2b: Sneasler|84\/100|[from] item: Rocky Helmet|[of] p1a: Landorus\n|move|p2a: Flutter Mane|Moonblast|p1b: Flutter Mane\n|-damage|p1b: Flutter Mane|28\/100\n|move|p1b: Flutter Mane|Dark Pulse|p2a: Flutter Mane\n|-resisted|p2a: Flutter Mane\n|-damage|p2a: Flutter Mane|76\/100\n|cant|p1a: Landorus|flinch\n|\n|upkeep\n|turn|2\n|\n|t:|1701077639\n|move|p2b: Sneasler|Acrobatics|p1a: Landorus\n|-damage|p1a: Landorus|34\/100\n|-damage|p2b: Sneasler|68\/100|[from] item: Rocky Helmet|[of] p1a: Landorus\n|move|p2a: Flutter Mane|Moonblast|p1b: Flutter Mane\n|-damage|p1b: Flutter Mane|0 fnt\n|faint|p1b: Flutter Mane\n|-end|p1b: Flutter Mane|Protosynthesis|[silent]\n|move|p1a: Landorus|Rock Slide|p2a: Flutter Mane|[spread] p2a,p2b\n|-resisted|p2b: Sneasler\n|-damage|p2a: Flutter Mane|20\/100\n|-damage|p2b: Sneasler|49\/100\n|\n|upkeep\n|\n|t:|1701077661\n|switch|p1b: Chi-Yu|Chi-Yu, L50|100\/100\n|-ability|p1b: Chi-Yu|Beads of Ruin\n|turn|3\n|\n|t:|1701077682\n|move|p2b: Sneasler|Acrobatics|p1a: Landorus\n|-crit|p1a: Landorus\n|-damage|p1a: Landorus|0 fnt\n|-damage|p2b: Sneasler|33\/100|[from] item: Rocky Helmet|[of] p1a: Landorus\n|faint|p1a: Landorus\n|move|p2a: Flutter Mane|Moonblast|p1b: Chi-Yu\n|-damage|p1b: Chi-Yu|20\/100\n|move|p1b: Chi-Yu|Dark Pulse|p2a: Flutter Mane\n|-resisted|p2a: Flutter Mane\n|-damage|p2a: Flutter Mane|0 fnt\n|faint|p2a: Flutter Mane\n|-end|p2a: Flutter Mane|Protosynthesis|[silent]\n|-damage|p1b: Chi-Yu|10\/100|[from] item: Life Orb\n|\n|upkeep\n|\n|t:|1701077696\n|switch|p2a: Iron Hands|Iron Hands, L50|100\/100\n|switch|p1a: Iron Hands|Iron Hands, L50|100\/100\n|-enditem|p1a: Iron Hands|Booster Energy\n|-activate|p1a: Iron Hands|ability: Quark Drive|[fromitem]\n|-start|p1a: Iron Hands|quarkdriveatk\n|turn|4\n|\n|t:|1701077709\n|move|p2a: Iron Hands|Fake Out|p1a: Iron Hands\n|-damage|p1a: Iron Hands|90\/100\n|cant|p1a: Iron Hands|flinch\n|move|p2b: Sneasler|Acrobatics|p1b: Chi-Yu\n|-damage|p1b: Chi-Yu|0 fnt\n|faint|p1b: Chi-Yu\n|\n|upkeep\n|turn|5\n|\n|t:|1701077728\n|move|p2b: Sneasler|Acrobatics|p1a: Iron Hands\n|-damage|p1a: Iron Hands|60\/100\n|move|p2a: Iron Hands|Wild Charge|p1a: Iron Hands\n|-resisted|p1a: Iron Hands\n|-damage|p1a: Iron Hands|42\/100\n|-damage|p2a: Iron Hands|96\/100|[from] Recoil\n|move|p1a: Iron Hands|Earthquake|p2a: Iron Hands|[spread] p2a,p2b\n|-supereffective|p2a: Iron Hands\n|-supereffective|p2b: Sneasler\n|-damage|p2a: Iron Hands|43\/100\n|-damage|p2b: Sneasler|0 fnt\n|faint|p2b: Sneasler\n|\n|upkeep\n|\n|t:|1701077735\n|switch|p2b: Chi-Yu|Chi-Yu, L50|100\/100\n|-ability|p2b: Chi-Yu|Beads of Ruin\n|turn|6\n|\n|t:|1701077744\n|move|p2b: Chi-Yu|Protect|p2b: Chi-Yu\n|-singleturn|p2b: Chi-Yu|Protect\n|move|p1a: Iron Hands|Drain Punch|p2b: Chi-Yu\n|-activate|p2b: Chi-Yu|move: Protect\n|move|p2a: Iron Hands|Drain Punch|p1a: Iron Hands\n|-damage|p1a: Iron Hands|9\/100\n|-heal|p2a: Iron Hands|58\/100|[from] drain|[of] p1a: Iron Hands\n|\n|upkeep\n|turn|7\n|\n|t:|1701077758\n|move|p2b: Chi-Yu|Lava Plume|p1a: Iron Hands|[spread] p2a,p1a\n|-damage|p2a: Iron Hands|31\/100\n|-damage|p1a: Iron Hands|0 fnt\n|faint|p1a: Iron Hands\n|-end|p1a: Iron Hands|Quark Drive|[silent]\n|\n|win|Ax0lol\n|raw|Kailisten7's rating: 1096 &rarr; <strong>1077<\/strong><br \/>(-19 for losing)\n|raw|Ax0lol's rating: 1179 &rarr; <strong>1198<\/strong><br \/>(+19 for winning)\n|l|\u2606Kailisten7\n","uploadtime":1701077875,"views":11,"p1id":"kailisten7","p2id":"ax0lol","formatid":"gen9vgc2023regulatione","rating":1077,"private":0,"password":""}