{"id":"gen9vgc2023regulatione-1988394453","p1":"SpooBear","p2":"Casper614","format":"[Gen 9] VGC 2023 Regulation E","log":"|j|\u2606SpooBear\n|j|\u2606Casper614\n|t:|1699718039\n|gametype|doubles\n|player|p1|SpooBear|hiker-gen4|1161\n|player|p2|Casper614|170|1153\n|teamsize|p1|6\n|teamsize|p2|6\n|gen|9\n|tier|[Gen 9] VGC 2023 Regulation E\n|rated|\n|rule|Species Clause: Limit one of each Pok\u00e9mon\n|rule|Item Clause: Limit one of each item\n|clearpoke\n|poke|p1|Regieleki, L50|\n|poke|p1|Chi-Yu, L50|\n|poke|p1|Rillaboom, L50, F|\n|poke|p1|Flutter Mane, L50|\n|poke|p1|Dragonite, L50, F|\n|poke|p1|Urshifu-*, L50, M|\n|poke|p2|Grimmsnarl, L50, M|\n|poke|p2|Dusclops, L50, M|\n|poke|p2|Ursaluna-Bloodmoon, L50, M|\n|poke|p2|Torkoal, L50, F|\n|poke|p2|Chandelure, L50, M|\n|poke|p2|Azumarill, L50, M|\n|teampreview|4\nSpooBear has agreed to open team sheets.\n|inactive|Battle timer is ON: inactive players will automatically lose when time's up. (requested by SpooBear)\n|\n|t:|1699718063\n|start\n|switch|p1a: Chi-Yu|Chi-Yu, L50|100\/100\n|switch|p1b: Flutter Mane|Flutter Mane, L50|100\/100\n|switch|p2a: Grimmsnarl|Grimmsnarl, L50, M|100\/100\n|switch|p2b: Dusclops|Dusclops, L50, M|100\/100\n|-ability|p1a: Chi-Yu|Beads of Ruin\n|-item|p1a: Chi-Yu|Choice Specs|[from] ability: Frisk|[of] p2b: Dusclops|[identify]\n|-item|p1b: Flutter Mane|Booster Energy|[from] ability: Frisk|[of] p2b: Dusclops|[identify]\n|-enditem|p1b: Flutter Mane|Booster Energy\n|-activate|p1b: Flutter Mane|ability: Protosynthesis|[fromitem]\n|-start|p1b: Flutter Mane|protosynthesisspe\n|turn|1\n|inactive|Casper614 has 30 seconds left.\n|\n|t:|1699718092\n|-terastallize|p1a: Chi-Yu|Ghost\n|-terastallize|p2b: Dusclops|Dark\n|move|p2a: Grimmsnarl|Protect|p2a: Grimmsnarl\n|-singleturn|p2a: Grimmsnarl|Protect\n|move|p1b: Flutter Mane|Dazzling Gleam|p2b: Dusclops|[spread] p2b\n|-activate|p2a: Grimmsnarl|move: Protect\n|-supereffective|p2b: Dusclops\n|-damage|p2b: Dusclops|49\/100\n|move|p1a: Chi-Yu|Snarl|p2b: Dusclops|[spread] \n|-activate|p2a: Grimmsnarl|move: Protect\n|-miss|p1a: Chi-Yu|p2b: Dusclops\n|move|p2b: Dusclops|Trick Room|p2b: Dusclops\n|-fieldstart|move: Trick Room|[of] p2b: Dusclops\n|\n|upkeep\n|turn|2\n|\n|t:|1699718113\n|move|p2b: Dusclops|Helping Hand|p2a: Grimmsnarl\n|-singleturn|p2a: Grimmsnarl|Helping Hand|[of] p2b: Dusclops\n|move|p2a: Grimmsnarl|Sucker Punch|p1b: Flutter Mane\n|-damage|p1b: Flutter Mane|0 fnt\n|faint|p1b: Flutter Mane\n|-end|p1b: Flutter Mane|Protosynthesis|[silent]\n|-damage|p2a: Grimmsnarl|90\/100|[from] item: Life Orb\n|move|p1a: Chi-Yu|Snarl|p2a: Grimmsnarl|[spread] p2a,p2b\n|-resisted|p2a: Grimmsnarl\n|-resisted|p2b: Dusclops\n|-damage|p2a: Grimmsnarl|78\/100\n|-damage|p2b: Dusclops|33\/100\n|-unboost|p2a: Grimmsnarl|spa|1\n|-unboost|p2b: Dusclops|spa|1\n|\n|upkeep\n|\n|t:|1699718125\n|switch|p1b: Rillaboom|Rillaboom, L50, F, shiny|100\/100\n|-fieldstart|move: Grassy Terrain|[from] ability: Grassy Surge|[of] p1b: Rillaboom\n|turn|3\n|\n|t:|1699718140\n|move|p2a: Grimmsnarl|Protect|p2a: Grimmsnarl\n|-singleturn|p2a: Grimmsnarl|Protect\n|move|p1b: Rillaboom|Grassy Glide|p2b: Dusclops\n|-damage|p2b: Dusclops|2\/100\n|move|p2b: Dusclops|Pain Split|p1b: Rillaboom\n|-sethp|p1b: Rillaboom|51\/100|[from] move: Pain Split|[silent]\n|-sethp|p2b: Dusclops|82\/100|[from] move: Pain Split\n|move|p1a: Chi-Yu|Snarl|p2a: Grimmsnarl|[spread] p2b\n|-activate|p2a: Grimmsnarl|move: Protect\n|-resisted|p2b: Dusclops\n|-damage|p2b: Dusclops|65\/100\n|-unboost|p2b: Dusclops|spa|1\n|\n|-heal|p2b: Dusclops|71\/100|[from] Grassy Terrain\n|-heal|p2a: Grimmsnarl|84\/100|[from] Grassy Terrain\n|-heal|p1b: Rillaboom|57\/100|[from] Grassy Terrain\n|upkeep\n|turn|4\n|inactive|Casper614 has 30 seconds left.\n|\n|t:|1699718167\n|switch|p2b: Chandelure|Chandelure, L50, M|100\/100\n|-enditem|p2b: Chandelure|Room Service\n|-unboost|p2b: Chandelure|spe|1|[from] item: Room Service\n|move|p2a: Grimmsnarl|Sucker Punch|p1a: Chi-Yu\n|-supereffective|p1a: Chi-Yu\n|-damage|p1a: Chi-Yu|0 fnt\n|faint|p1a: Chi-Yu\n|-damage|p2a: Grimmsnarl|74\/100|[from] item: Life Orb\n|move|p1b: Rillaboom|Wood Hammer|p2a: Grimmsnarl\n|-damage|p2a: Grimmsnarl|0 fnt\n|faint|p2a: Grimmsnarl\n|-damage|p1b: Rillaboom|32\/100|[from] Recoil\n|\n|-heal|p1b: Rillaboom|38\/100|[from] Grassy Terrain\n|upkeep\n|\n|t:|1699718184\n|switch|p2a: Azumarill|Azumarill, L50, M|100\/100\n|switch|p1a: Dragonite|Dragonite, L50, F|100\/100\n|turn|5\n|\n|t:|1699718199\n|move|p1a: Dragonite|Extreme Speed|p2a: Azumarill\n|-damage|p2a: Azumarill|67\/100\n|move|p1b: Rillaboom|Grassy Glide|p2a: Azumarill\n|-supereffective|p2a: Azumarill\n|-damage|p2a: Azumarill|0 fnt\n|faint|p2a: Azumarill\n|move|p2b: Chandelure|Heat Wave|p1a: Dragonite|[spread] p1a\n|-miss|p2b: Chandelure|p1b: Rillaboom\n|-resisted|p1a: Dragonite\n|-damage|p1a: Dragonite|88\/100\n|\n|-heal|p1b: Rillaboom|44\/100|[from] Grassy Terrain\n|-fieldend|move: Trick Room\n|upkeep\n|\n|t:|1699718214\n|switch|p2a: Dusclops|Dusclops, L50, M, tera:Dark|71\/100\n|-item|p1a: Dragonite|Assault Vest|[from] ability: Frisk|[of] p2a: Dusclops|[identify]\n|-item|p1b: Rillaboom|Miracle Seed|[from] ability: Frisk|[of] p2a: Dusclops|[identify]\n|turn|6\n|\n|t:|1699718222\n|move|p2b: Chandelure|Protect|p2b: Chandelure\n|-singleturn|p2b: Chandelure|Protect\n|move|p1a: Dragonite|Extreme Speed|p2a: Dusclops\n|-damage|p2a: Dusclops|51\/100\n|move|p1b: Rillaboom|Grassy Glide|p2a: Dusclops\n|-damage|p2a: Dusclops|17\/100\n|move|p2a: Dusclops|Trick Room|p2a: Dusclops\n|-fieldstart|move: Trick Room|[of] p2a: Dusclops\n|\n|-heal|p2a: Dusclops|23\/100|[from] Grassy Terrain\n|-heal|p1b: Rillaboom|50\/100|[from] Grassy Terrain\n|upkeep\n|turn|7\n|\n|t:|1699718239\n|move|p1a: Dragonite|Extreme Speed|p2a: Dusclops\n|-damage|p2a: Dusclops|2\/100\n|move|p1b: Rillaboom|Grassy Glide|p2a: Dusclops\n|-damage|p2a: Dusclops|0 fnt\n|faint|p2a: Dusclops\n|move|p2b: Chandelure|Heat Wave|p1a: Dragonite|[spread] p1a,p1b\n|-resisted|p1a: Dragonite\n|-supereffective|p1b: Rillaboom\n|-damage|p1a: Dragonite|75\/100\n|-damage|p1b: Rillaboom|0 fnt\n|-status|p1a: Dragonite|brn\n|faint|p1b: Rillaboom\n|\n|-damage|p1a: Dragonite|69\/100 brn|[from] brn\n|-fieldend|move: Grassy Terrain\n|upkeep\n|turn|8\n|\n|t:|1699718257\n|move|p2b: Chandelure|Heat Wave|p1a: Dragonite\n|-resisted|p1a: Dragonite\n|-damage|p1a: Dragonite|51\/100 brn\n|move|p1a: Dragonite|Stomping Tantrum|p2b: Chandelure\n|-supereffective|p2b: Chandelure\n|-damage|p2b: Chandelure|67\/100\n|\n|-damage|p1a: Dragonite|45\/100 brn|[from] brn\n|upkeep\n|turn|9\n|\n|t:|1699718266\n|move|p2b: Chandelure|Heat Wave|p1a: Dragonite\n|-resisted|p1a: Dragonite\n|-damage|p1a: Dragonite|27\/100 brn\n|move|p1a: Dragonite|Stomping Tantrum|p2b: Chandelure\n|-supereffective|p2b: Chandelure\n|-damage|p2b: Chandelure|32\/100\n|\n|-damage|p1a: Dragonite|21\/100 brn|[from] brn\n|upkeep\n|turn|10\n|\n|t:|1699718274\n|move|p2b: Chandelure|Heat Wave|p1a: Dragonite\n|-resisted|p1a: Dragonite\n|-damage|p1a: Dragonite|4\/100 brn\n|move|p1a: Dragonite|Stomping Tantrum|p2b: Chandelure\n|-supereffective|p2b: Chandelure\n|-damage|p2b: Chandelure|0 fnt\n|faint|p2b: Chandelure\n|\n|win|SpooBear\n|raw|SpooBear's rating: 1161 &rarr; <strong>1185<\/strong><br \/>(+24 for winning)\n|raw|Casper614's rating: 1153 &rarr; <strong>1129<\/strong><br \/>(-24 for losing)\n","uploadtime":1699718284,"views":22,"p1id":"spoobear","p2id":"casper614","formatid":"gen9vgc2023regulatione","rating":1129,"private":0,"password":""}