{"id":"gen9vgc2023regulatione-1991996503","p1":"gRegIV","p2":"BeckerVGC","format":"[Gen 9] VGC 2023 Regulation E","log":"|j|\u2606gRegIV\n|j|\u2606BeckerVGC\n|t:|1700146217\n|gametype|doubles\n|player|p1|gRegIV|170|1267\n|player|p2|BeckerVGC|hiker-gen4|1301\n|teamsize|p1|6\n|teamsize|p2|6\n|gen|9\n|tier|[Gen 9] VGC 2023 Regulation E\n|rated|\n|rule|Species Clause: Limit one of each Pok\u00e9mon\n|rule|Item Clause: Limit one of each item\n|clearpoke\n|poke|p1|Iron Valiant, L50|\n|poke|p1|Regieleki, L50|\n|poke|p1|Salamence, L50, M|\n|poke|p1|Politoed, L50, M|\n|poke|p1|Sableye, L50, M|\n|poke|p1|Gholdengo, L50|\n|poke|p2|Urshifu-*, L50, M|\n|poke|p2|Iron Hands, L50|\n|poke|p2|Heatran, L50, M|\n|poke|p2|Flutter Mane, L50|\n|poke|p2|Tornadus, L50, M|\n|poke|p2|Amoonguss, L50, M|\n|teampreview|4\n|j| Sdke\n|inactive|Battle timer is ON: inactive players will automatically lose when time's up. (requested by gRegIV)\ngRegIV has agreed to open team sheets.\n|\n|t:|1700146262\n|start\n|switch|p1a: Sableye|Sableye, L50, M|100\/100\n|switch|p1b: Salamence|Salamence, L50, M|100\/100\n|switch|p2a: Urshifu|Urshifu, L50, M|100\/100\n|switch|p2b: Tornadus|Tornadus, L50, M|100\/100\n|-ability|p1b: Salamence|Intimidate|boost\n|-unboost|p2a: Urshifu|atk|1\n|-unboost|p2b: Tornadus|atk|1\n|turn|1\n|inactive|BeckerVGC has 30 seconds left.\n|inactive|BeckerVGC has 20 seconds left.\n|inactive|BeckerVGC has 15 seconds left.\n|\n|t:|1700146303\n|-terastallize|p2a: Urshifu|Poison\n|move|p1a: Sableye|Will-O-Wisp|p2a: Urshifu\n|-status|p2a: Urshifu|brn\n|move|p2b: Tornadus|Bleakwind Storm|p1b: Salamence|[spread] p1a\n|-miss|p2b: Tornadus|p1b: Salamence\n|-damage|p1a: Sableye|56\/100\n|-unboost|p1a: Sableye|spe|1\n|move|p2a: Urshifu|Wicked Blow|p1b: Salamence\n|-crit|p1b: Salamence\n|-damage|p1b: Salamence|55\/100\n|move|p1b: Salamence|Tailwind|p1b: Salamence\n|-sidestart|p1: gRegIV|move: Tailwind\n|\n|-damage|p2a: Urshifu|95\/100 brn|[from] brn\n|upkeep\n|turn|2\n|inactive|gRegIV has 30 seconds left.\n|inactive|gRegIV has 20 seconds left.\n|\n|t:|1700146344\n|move|p1a: Sableye|Protect|p1a: Sableye\n|-singleturn|p1a: Sableye|Protect\n|move|p2b: Tornadus|Tailwind|p2b: Tornadus\n|-sidestart|p2: BeckerVGC|move: Tailwind\n|move|p2a: Urshifu|Wicked Blow|p1a: Sableye\n|-crit|p1a: Sableye\n|-damage|p1a: Sableye|0 fnt\n|faint|p1a: Sableye\n|move|p1b: Salamence|Dragon Pulse|p2b: Tornadus\n|-damage|p2b: Tornadus|47\/100\n|\n|-damage|p2a: Urshifu|89\/100 brn|[from] brn\n|upkeep\n|\n|t:|1700146356\n|switch|p1a: Politoed|Politoed, L50, M|100\/100\n|-weather|RainDance|[from] ability: Drizzle|[of] p1a: Politoed\n|turn|3\n|\n|t:|1700146368\n|move|p1b: Salamence|Protect|p1b: Salamence\n|-singleturn|p1b: Salamence|Protect\n|move|p2b: Tornadus|Bleakwind Storm|p1b: Salamence|[spread] p1a\n|-activate|p1b: Salamence|move: Protect\n|-damage|p1a: Politoed|70\/100\n|move|p2a: Urshifu|Wicked Blow|p1b: Salamence\n|-crit|p1b: Salamence\n|-damage|p1b: Salamence|11\/100\n|move|p1a: Politoed|Icy Wind|p2a: Urshifu|[spread] p2a,p2b\n|-supereffective|p2b: Tornadus\n|-damage|p2a: Urshifu|73\/100 brn\n|-damage|p2b: Tornadus|22\/100\n|-unboost|p2a: Urshifu|spe|1\n|\n|-weather|RainDance|[upkeep]\n|-damage|p2a: Urshifu|67\/100 brn|[from] brn\n|upkeep\n|turn|4\n|\n|t:|1700146390\n|move|p2b: Tornadus|Taunt|p1a: Politoed\n|-start|p1a: Politoed|move: Taunt\n|move|p1b: Salamence|Hurricane|p2a: Urshifu\n|-damage|p2a: Urshifu|0 fnt\n|faint|p2a: Urshifu\n|move|p1a: Politoed|Muddy Water|p2b: Tornadus\n|-damage|p2b: Tornadus|0 fnt\n|faint|p2b: Tornadus\n|\n|-weather|RainDance|[upkeep]\n|-sideend|p1: gRegIV|move: Tailwind\n|upkeep\n|\n|t:|1700146401\n|switch|p2b: Iron Hands|Iron Hands, L50|100\/100\n|switch|p2a: Heatran|Heatran, L50, M|100\/100\n|turn|5\n|\n|t:|1700146415\n|move|p2a: Heatran|Protect|p2a: Heatran\n|-singleturn|p2a: Heatran|Protect\n|move|p1b: Salamence|Protect|p1b: Salamence\n|-singleturn|p1b: Salamence|Protect\n|move|p2b: Iron Hands|Wild Charge|p1a: Politoed\n|-supereffective|p1a: Politoed\n|-damage|p1a: Politoed|0 fnt\n|faint|p1a: Politoed\n|-damage|p2b: Iron Hands|87\/100|[from] Recoil\n|\n|-weather|RainDance|[upkeep]\n|-sideend|p2: BeckerVGC|move: Tailwind\n|upkeep\n|\n|t:|1700146425\n|switch|p1a: Regieleki|Regieleki, L50|100\/100\n|turn|6\n|\n|t:|1700146440\n|move|p1a: Regieleki|Thunderbolt|p2a: Heatran\n|-damage|p2a: Heatran|35\/100\n|-damage|p1a: Regieleki|91\/100|[from] item: Life Orb\n|move|p1b: Salamence|Hurricane|p2a: Heatran\n|-resisted|p2a: Heatran\n|-damage|p2a: Heatran|11\/100\n|move|p2a: Heatran|Heat Wave|p1b: Salamence|[spread] p1a,p1b\n|-resisted|p1b: Salamence\n|-damage|p1a: Regieleki|51\/100\n|-damage|p1b: Salamence|0 fnt\n|faint|p1b: Salamence\n|-damage|p2a: Heatran|1\/100|[from] item: Life Orb\n|move|p2b: Iron Hands|Drain Punch|p1a: Regieleki\n|-damage|p1a: Regieleki|0 fnt\n|-heal|p2b: Iron Hands|100\/100|[from] drain|[of] p1a: Regieleki\n|faint|p1a: Regieleki\n|\n|win|BeckerVGC\n|raw|gRegIV's rating: 1267 &rarr; <strong>1244<\/strong><br \/>(-23 for losing)\n|raw|BeckerVGC's rating: 1301 &rarr; <strong>1319<\/strong><br \/>(+18 for winning)\n|l|\u2606gRegIV\n","uploadtime":1700146461,"views":22,"p1id":"gregiv","p2id":"beckervgc","formatid":"gen9vgc2023regulatione","rating":1244,"private":0,"password":""}