{"id":"gen9vgc2023regulatione-1997471134","p1":"Aboogaboogaboo","p2":"Zeus_Swerve","format":"[Gen 9] VGC 2023 Regulation E","log":"|j|\u2606Aboogaboogaboo\n|j|\u2606Zeus_Swerve\n|t:|1700811160\n|gametype|doubles\n|player|p1|Aboogaboogaboo|giovanni|1138\n|player|p2|Zeus_Swerve|1|1044\n|teamsize|p1|6\n|teamsize|p2|6\n|gen|9\n|tier|[Gen 9] VGC 2023 Regulation E\n|rated|\n|rule|Species Clause: Limit one of each Pok\u00e9mon\n|rule|Item Clause: Limit one of each item\n|clearpoke\n|poke|p1|Grimmsnarl, L50, M|\n|poke|p1|Amoonguss, L50, M|\n|poke|p1|Cetitan, L50, M|\n|poke|p1|Cresselia, L50, F|\n|poke|p1|Torkoal, L50, F|\n|poke|p1|Articuno-Galar, L50|\n|poke|p2|Iron Valiant, L50|\n|poke|p2|Okidogi, L50, M|\n|poke|p2|Tinkaton, L50, F|\n|poke|p2|Tatsugiri, L50, M|\n|poke|p2|Dondozo, L50, F|\n|poke|p2|Glimmora, L50, F|\n|teampreview|4\n|inactive|Battle timer is ON: inactive players will automatically lose when time's up. (requested by Aboogaboogaboo)\nAboogaboogaboo has agreed to open team sheets.\n|inactive|Aboogaboogaboo has 60 seconds left.\n|inactive|Zeus_Swerve has 60 seconds left.\nZeus_Swerve has agreed to open team sheets.\n|\n|t:|1700811218\n|start\n|switch|p1a: Cresselia|Cresselia, L50, F, shiny|100\/100\n|switch|p1b: Torkoal|Torkoal, L50, F|100\/100\n|switch|p2a: Glimmora|Glimmora, L50, F|100\/100\n|switch|p2b: Iron Valiant|Iron Valiant, L50|100\/100\n|-weather|SunnyDay|[from] ability: Drought|[of] p1b: Torkoal\n|-enditem|p2b: Iron Valiant|Booster Energy\n|-activate|p2b: Iron Valiant|ability: Quark Drive|[fromitem]\n|-start|p2b: Iron Valiant|quarkdrivespe\n|turn|1\n|inactive|Zeus_Swerve has 30 seconds left.\n|\n|t:|1700811246\n|move|p2b: Iron Valiant|Swords Dance|p2b: Iron Valiant\n|-boost|p2b: Iron Valiant|atk|2\n|move|p2a: Glimmora|Earth Power|p1b: Torkoal\n|-supereffective|p1b: Torkoal\n|-damage|p1b: Torkoal|15\/100\n|-unboost|p1b: Torkoal|spd|1\n|move|p1b: Torkoal|Eruption|p2a: Glimmora|[spread] p2a,p2b\n|-resisted|p2a: Glimmora\n|-damage|p2a: Glimmora|94\/100\n|-damage|p2b: Iron Valiant|84\/100\n|move|p1a: Cresselia|Trick Room|p1a: Cresselia\n|-fieldstart|move: Trick Room|[of] p1a: Cresselia\n|\n|-weather|SunnyDay|[upkeep]\n|upkeep\n|turn|2\n|inactive|Aboogaboogaboo has 30 seconds left.\n|\n|t:|1700811281\n|move|p1b: Torkoal|Protect|p1b: Torkoal\n|-singleturn|p1b: Torkoal|Protect\n|move|p1a: Cresselia|Psychic|p2a: Glimmora\n|-supereffective|p2a: Glimmora\n|-damage|p2a: Glimmora|25\/100\n|move|p2a: Glimmora|Mortal Spin|p1a: Cresselia|[spread] p1a\n|-activate|p1b: Torkoal|move: Protect\n|-damage|p1a: Cresselia|98\/100\n|-status|p1a: Cresselia|psn\n|move|p2b: Iron Valiant|Encore|p1a: Cresselia\n|-start|p1a: Cresselia|Encore\n|\n|-weather|SunnyDay|[upkeep]\n|-damage|p1a: Cresselia|86\/100 psn|[from] psn\n|upkeep\n|turn|3\n|inactive|Zeus_Swerve has 30 seconds left.\n|\n|t:|1700811308\n|switch|p1a: Articuno|Articuno-Galar, L50|100\/100\n|-enditem|p1a: Articuno|Room Service\n|-unboost|p1a: Articuno|spe|1|[from] item: Room Service\n|move|p1b: Torkoal|Body Press|p2a: Glimmora\n|-damage|p2a: Glimmora|0 fnt\n|-activate|p2a: Glimmora|ability: Toxic Debris\n|-sidestart|p1: Aboogaboogaboo|move: Toxic Spikes\n|faint|p2a: Glimmora\n|move|p2b: Iron Valiant|Knock Off|p1a: Articuno\n|-supereffective|p1a: Articuno\n|-damage|p1a: Articuno|11\/100\n|\n|-weather|SunnyDay|[upkeep]\n|upkeep\n|\n|t:|1700811324\n|switch|p2a: Dondozo|Dondozo, L50, F|100\/100\n|turn|4\n|\n|t:|1700811336\n|switch|p1b: Cresselia|Cresselia, L50, F, shiny|86\/100 psn\n|move|p1a: Articuno|Protect|p1a: Articuno\n|-singleturn|p1a: Articuno|Protect\n|move|p2a: Dondozo|Protect|p2a: Dondozo\n|-singleturn|p2a: Dondozo|Protect\n|move|p2b: Iron Valiant|Knock Off|p1a: Articuno\n|-activate|p1a: Articuno|move: Protect\n|\n|-weather|SunnyDay|[upkeep]\n|-damage|p1b: Cresselia|73\/100 psn|[from] psn\n|upkeep\n|turn|5\n|inactive|Zeus_Swerve has 30 seconds left.\n|\n|t:|1700811362\n|move|p1a: Articuno|Freezing Glare|p2b: Iron Valiant\n|-supereffective|p2b: Iron Valiant\n|-damage|p2b: Iron Valiant|0 fnt\n|faint|p2b: Iron Valiant\n|-end|p2b: Iron Valiant|Quark Drive|[silent]\n|move|p1b: Cresselia|Lunar Blessing|p1b: Cresselia|[spread] p1a,p1b\n|-heal|p1a: Articuno|36\/100\n|-heal|p1b: Cresselia|98\/100 psn\n|-curestatus|p1b: Cresselia|psn|[msg]\n|move|p2a: Dondozo|Wave Crash|p1b: Cresselia\n|-damage|p1b: Cresselia|83\/100\n|-damage|p2a: Dondozo|96\/100|[from] Recoil\n|\n|-weather|none\n|-fieldend|move: Trick Room\n|upkeep\n|\n|t:|1700811377\n|switch|p2b: Tatsugiri|Tatsugiri, L50, M|100\/100\n|-activate|p2b: Tatsugiri|ability: Commander|[of] p2a: Dondozo\n|-boost|p2a: Dondozo|atk|2\n|-boost|p2a: Dondozo|spa|2\n|-boost|p2a: Dondozo|spe|2\n|-boost|p2a: Dondozo|def|2\n|-boost|p2a: Dondozo|spd|2\n|turn|6\n|\n|t:|1700811400\n|-terastallize|p2a: Dondozo|Dragon\n|move|p2a: Dondozo|Order Up|p1a: Articuno\n|-damage|p1a: Articuno|0 fnt\n|faint|p1a: Articuno\n|-boost|p2a: Dondozo|atk|1\n|move|p1b: Cresselia|Lunar Blessing|p1b: Cresselia\n|-heal|p1b: Cresselia|100\/100\n|\n|upkeep\n|\n|t:|1700811411\n|switch|p1a: Cetitan|Cetitan, L50, M|100\/100\n|-status|p1a: Cetitan|psn\n|turn|7\n|\n|t:|1700811423\n|move|p1a: Cetitan|Ice Shard|p2a: Dondozo\n|-supereffective|p2a: Dondozo\n|-damage|p2a: Dondozo|81\/100\n|move|p2a: Dondozo|Order Up|p1a: Cetitan\n|-damage|p1a: Cetitan|16\/100 psn\n|-enditem|p1a: Cetitan|Sitrus Berry|[eat]\n|-heal|p1a: Cetitan|41\/100 psn|[from] item: Sitrus Berry\n|-boost|p2a: Dondozo|atk|1\n|move|p1b: Cresselia|Trick Room|p1b: Cresselia\n|-fieldstart|move: Trick Room|[of] p1b: Cresselia\n|\n|-damage|p1a: Cetitan|28\/100 psn|[from] psn\n|upkeep\n|turn|8\n|\n|t:|1700811437\n|move|p1a: Cetitan|Protect|p1a: Cetitan\n|-singleturn|p1a: Cetitan|Protect\n|move|p2a: Dondozo|Protect|p2a: Dondozo\n|-singleturn|p2a: Dondozo|Protect\n|move|p1b: Cresselia|Lunar Blessing|p1b: Cresselia|[spread] p1a,p1b\n|-heal|p1a: Cetitan|53\/100 psn\n|-curestatus|p1a: Cetitan|psn|[msg]\n|\n|upkeep\n|turn|9\n|inactive|Aboogaboogaboo has 30 seconds left.\n|inactive|Aboogaboogaboo has 20 seconds left.\n|\n|t:|1700811475\n|move|p1a: Cetitan|Ice Shard|p2a: Dondozo\n|-supereffective|p2a: Dondozo\n|-damage|p2a: Dondozo|66\/100\n|move|p1b: Cresselia|Lunar Blessing|p1b: Cresselia|[spread] p1a,p1b\n|-heal|p1a: Cetitan|78\/100\n|move|p2a: Dondozo|Order Up|p1a: Cetitan\n|-damage|p1a: Cetitan|0 fnt\n|faint|p1a: Cetitan\n|-boost|p2a: Dondozo|atk|1\n|\n|upkeep\n|\n|t:|1700811480\n|switch|p1a: Torkoal|Torkoal, L50, F|15\/100\n|-status|p1a: Torkoal|psn\n|-weather|SunnyDay|[from] ability: Drought|[of] p1a: Torkoal\n|turn|10\n|\n|t:|1700811489\n|move|p2a: Dondozo|Protect|p2a: Dondozo\n|-singleturn|p2a: Dondozo|Protect\n|move|p1a: Torkoal|Body Press|p2a: Dondozo\n|-activate|p2a: Dondozo|move: Protect\n|move|p1b: Cresselia|Psychic|p2a: Dondozo\n|-activate|p2a: Dondozo|move: Protect\n|\n|-weather|SunnyDay|[upkeep]\n|-damage|p1a: Torkoal|2\/100 psn|[from] psn\n|upkeep\n|turn|11\n|\n|t:|1700811508\n|move|p1a: Torkoal|Body Press|p2a: Dondozo\n|-damage|p2a: Dondozo|54\/100\n|move|p1b: Cresselia|Lunar Blessing|p1b: Cresselia|[spread] p1a,p1b\n|-heal|p1a: Torkoal|27\/100 psn\n|-curestatus|p1a: Torkoal|psn|[msg]\n|move|p2a: Dondozo|Order Up|p1b: Cresselia\n|-damage|p1b: Cresselia|30\/100\n|-boost|p2a: Dondozo|atk|1\n|\n|-weather|SunnyDay|[upkeep]\n|-fieldend|move: Trick Room\n|upkeep\n|turn|12\n|\n|t:|1700811521\n|move|p2a: Dondozo|Order Up|p1b: Cresselia\n|-damage|p1b: Cresselia|0 fnt\n|faint|p1b: Cresselia\n|-boost|p2a: Dondozo|atk|0\n|move|p1a: Torkoal|Body Press|p2a: Dondozo\n|-damage|p2a: Dondozo|42\/100\n|-enditem|p2a: Dondozo|Sitrus Berry|[eat]\n|-heal|p2a: Dondozo|67\/100|[from] item: Sitrus Berry\n|\n|-weather|SunnyDay|[upkeep]\n|upkeep\n|turn|13\n|\n|t:|1700811533\n|move|p2a: Dondozo|Order Up|p1a: Torkoal\n|-damage|p1a: Torkoal|0 fnt\n|faint|p1a: Torkoal\n|\n|win|Zeus_Swerve\n|raw|Aboogaboogaboo's rating: 1138 &rarr; <strong>1106<\/strong><br \/>(-32 for losing)\n|raw|Zeus_Swerve's rating: 1044 &rarr; <strong>1086<\/strong><br \/>(+42 for winning)\n|l|\u2606Aboogaboogaboo\n|c|\u2606Zeus_Swerve|gg\n","uploadtime":1700811541,"views":7,"p1id":"aboogaboogaboo","p2id":"zeusswerve","formatid":"gen9vgc2023regulatione","rating":1086,"private":0,"password":""}