{"id":"gen9vgc2023regulatione-1990165817","p1":"Applejacks15","p2":"JayMcG1010","format":"[Gen 9] VGC 2023 Regulation E","log":"|j|\u2606Applejacks15\n|j|\u2606JayMcG1010\n|n|\u2606Applejacks15|applejacks15\n|n|\u2606JayMcG1010|jaymcg1010\n|html|View the match progress at <a href=\"\/game-bestof3-gen9vgc2023regulatione-1990162059\">game-bestof3-gen9vgc2023regulatione-1990162059<\/a>\n|t:|1699931864\n|gametype|doubles\n|player|p1|Applejacks15|supernerd|\n|player|p2|JayMcG1010|170|\n|teamsize|p1|6\n|teamsize|p2|6\n|gen|9\n|tier|[Gen 9] VGC 2023 Regulation E\n|rule|Species Clause: Limit one of each Pok\u00e9mon\n|rule|Item Clause: Limit one of each item\n|clearpoke\n|poke|p1|Cloyster, L50, M|\n|poke|p1|Camerupt, L50, F|\n|poke|p1|Pachirisu, L50, F|\n|poke|p1|Haxorus, L50, F|\n|poke|p1|Dipplin, L50, M|\n|poke|p1|Passimian, L50, F|\n|poke|p2|Rotom-Frost, L50|\n|poke|p2|Torterra, L50, F|\n|poke|p2|Gardevoir, L50, M|\n|poke|p2|Dusknoir, L50, F|\n|poke|p2|Sneasel-Hisui, L50, F|\n|poke|p2|Tatsugiri, L50, M|\n|teampreview|4\nJayMcG1010 rejected open team sheets.\n|c|\u2606JayMcG1010|glhf\n|c|\u2606Applejacks15|glhf x2!!\n|\n|t:|1699932097\n|start\n|switch|p1a: Smashing|Cloyster, L50, M|100\/100\n|switch|p1b: Dripplin|Dipplin, L50, M|100\/100\n|switch|p2a: Sneasel|Sneasel-Hisui, L50, F|100\/100\n|switch|p2b: Tatsugiri|Tatsugiri, L50, M|100\/100\n|-ability|p1b: Dripplin|Supersweet Syrup\n|-ability|p1b: Dripplin|Supersweet Syrup|boost\n|-unboost|p2a: Sneasel|evasion|1\n|-unboost|p2b: Tatsugiri|evasion|1\n|turn|1\n|\n|t:|1699932203\n|switch|p2b: Gardevoir|Gardevoir, L50, M|100\/100\n|-ability|p2b: Gardevoir|Supersweet Syrup\n|-ability|p2b: Gardevoir|Supersweet Syrup|boost\n|-unboost|p1a: Smashing|evasion|1\n|-unboost|p1b: Dripplin|evasion|1\n|-ability|p2b: Gardevoir|Supersweet Syrup|[from] ability: Trace|[of] p1b: Dripplin\n|-enditem|p1a: Smashing|White Herb\n|-clearnegativeboost|p1a: Smashing|[silent]\n|-terastallize|p1b: Dripplin|Steel\n|move|p2a: Sneasel|Fake Out|p1a: Smashing\n|-damage|p1a: Smashing|91\/100\n|cant|p1a: Smashing|flinch\n|move|p1b: Dripplin|Gyro Ball|p2a: Sneasel\n|-damage|p2a: Sneasel|41\/100\n|\n|upkeep\n|turn|2\n|\n|t:|1699932269\n|-terastallize|p2b: Gardevoir|Fire\n|move|p2b: Gardevoir|Mystical Fire|p1b: Dripplin\n|-supereffective|p1b: Dripplin\n|-damage|p1b: Dripplin|64\/100\n|-unboost|p1b: Dripplin|spa|1\n|move|p2a: Sneasel|Close Combat|p1a: Smashing\n|-supereffective|p1a: Smashing\n|-damage|p1a: Smashing|10\/100\n|-unboost|p2a: Sneasel|def|1\n|-unboost|p2a: Sneasel|spd|1\n|move|p1a: Smashing|Shell Smash|p1a: Smashing\n|-unboost|p1a: Smashing|def|1\n|-unboost|p1a: Smashing|spd|1\n|-boost|p1a: Smashing|atk|2\n|-boost|p1a: Smashing|spa|2\n|-boost|p1a: Smashing|spe|2\n|move|p1b: Dripplin|Gyro Ball|p2a: Sneasel\n|-damage|p2a: Sneasel|0 fnt\n|faint|p2a: Sneasel\n|\n|upkeep\n|\n|t:|1699932289\n|switch|p2a: Dusknoir|Dusknoir, L50, F|100\/100\n|-item|p1b: Dripplin|Eviolite|[from] ability: Frisk|[of] p2a: Dusknoir|[identify]\n|turn|3\n|\n|t:|1699932302\n|move|p2b: Gardevoir|Mystical Fire|p1a: Smashing\n|-damage|p1a: Smashing|0 fnt\n|faint|p1a: Smashing\n|move|p1b: Dripplin|Pollen Puff|p1: Smashing|[notarget]\n|-fail|p1b: Dripplin\n|move|p2a: Dusknoir|Trick Room|p2a: Dusknoir\n|-fieldstart|move: Trick Room|[of] p2a: Dusknoir\n|\n|upkeep\n|c|\u2606Applejacks15|!\n|\n|t:|1699932322\n|switch|p1a: Hax em up|Haxorus, L50, F|100\/100\n|-ability|p1a: Hax em up|Mold Breaker\n|turn|4\n|\n|t:|1699932378\n|move|p1b: Dripplin|Sucker Punch|p2b: Gardevoir\n|-damage|p2b: Gardevoir|77\/100\n|move|p2a: Dusknoir|Poltergeist|p1a: Hax em up\n|-activate|p1a: Hax em up|move: Poltergeist|Choice Band\n|-crit|p1a: Hax em up\n|-damage|p1a: Hax em up|0 fnt\n|faint|p1a: Hax em up\n|-damage|p2a: Dusknoir|91\/100|[from] item: Life Orb\n|move|p2b: Gardevoir|Mystical Fire|p1b: Dripplin\n|-supereffective|p1b: Dripplin\n|-damage|p1b: Dripplin|19\/100\n|-unboost|p1b: Dripplin|spa|1\n|\n|upkeep\n|c|\u2606JayMcG1010|big crit\n|\n|t:|1699932391\n|switch|p1a: Bussimian|Passimian, L50, F|100\/100\n|turn|5\n|c|\u2606Applejacks15|massive\n|\n|t:|1699932445\n|switch|p2b: Tatsugiri|Tatsugiri, L50, M|100\/100\n|move|p1a: Bussimian|Protect|p1a: Bussimian\n|-singleturn|p1a: Bussimian|Protect\n|move|p1b: Dripplin|Recover|p1b: Dripplin\n|-heal|p1b: Dripplin|69\/100\n|move|p2a: Dusknoir|Poltergeist|p1b: Dripplin\n|-activate|p1b: Dripplin|move: Poltergeist|Eviolite\n|-damage|p1b: Dripplin|28\/100\n|-damage|p2a: Dusknoir|81\/100|[from] item: Life Orb\n|\n|upkeep\n|turn|6\n|\n|t:|1699932489\n|move|p2b: Tatsugiri|Protect|p2b: Tatsugiri\n|-singleturn|p2b: Tatsugiri|Protect\n|move|p1b: Dripplin|Recover|p1b: Dripplin\n|-heal|p1b: Dripplin|78\/100\n|move|p2a: Dusknoir|Poltergeist|p1b: Dripplin\n|-activate|p1b: Dripplin|move: Poltergeist|Eviolite\n|-damage|p1b: Dripplin|38\/100\n|-damage|p2a: Dusknoir|71\/100|[from] item: Life Orb\n|move|p1a: Bussimian|Knock Off|p2a: Dusknoir\n|-supereffective|p2a: Dusknoir\n|-damage|p2a: Dusknoir|6\/100\n|-enditem|p2a: Dusknoir|Life Orb|[from] move: Knock Off|[of] p1a: Bussimian\n|\n|upkeep\n|turn|7\n|\n|t:|1699932523\n|move|p1a: Bussimian|Protect|p1a: Bussimian\n|-singleturn|p1a: Bussimian|Protect\n|move|p1b: Dripplin|Gyro Ball|p2a: Dusknoir\n|-damage|p2a: Dusknoir|0 fnt\n|faint|p2a: Dusknoir\n|move|p2b: Tatsugiri|Nasty Plot|p2b: Tatsugiri\n|-boost|p2b: Tatsugiri|spa|2\n|\n|-fieldend|move: Trick Room\n|upkeep\n|\n|t:|1699932533\n|switch|p2a: Gardevoir|Gardevoir, L50, M, tera:Fire|77\/100\n|-ability|p2a: Gardevoir|Supersweet Syrup|[from] ability: Trace|[of] p1b: Dripplin\n|turn|8\n|\n|t:|1699932568\n|move|p1b: Dripplin|Sucker Punch|p2b: Tatsugiri\n|-damage|p2b: Tatsugiri|84\/100\n|move|p2a: Gardevoir|Dazzling Gleam|p1b: Dripplin|[spread] p1a,p1b\n|-supereffective|p1a: Bussimian\n|-resisted|p1b: Dripplin\n|-damage|p1a: Bussimian|14\/100\n|-damage|p1b: Dripplin|30\/100\n|move|p1a: Bussimian|Close Combat|p2b: Tatsugiri\n|-damage|p2b: Tatsugiri|11\/100\n|-unboost|p1a: Bussimian|def|1\n|-unboost|p1a: Bussimian|spd|1\n|-enditem|p2b: Tatsugiri|Sitrus Berry|[eat]\n|-heal|p2b: Tatsugiri|36\/100|[from] item: Sitrus Berry\n|move|p2b: Tatsugiri|Draco Meteor|p1b: Dripplin\n|-resisted|p1b: Dripplin\n|-damage|p1b: Dripplin|0 fnt\n|-unboost|p2b: Tatsugiri|spa|2\n|faint|p1b: Dripplin\n|\n|upkeep\n|turn|9\n|c|\u2606Applejacks15|needed that to kill, dang\n|\n|t:|1699932599\n|move|p2a: Gardevoir|Dazzling Gleam|p1a: Bussimian\n|-supereffective|p1a: Bussimian\n|-damage|p1a: Bussimian|0 fnt\n|faint|p1a: Bussimian\n|\n|win|JayMcG1010\n|c|\u2606Applejacks15|gg!\n|c|\u2606JayMcG1010|ggs! massively unlucky on the crits\n","uploadtime":1699932610,"views":28,"p1id":"applejacks15","p2id":"jaymcg1010","formatid":"gen9vgc2023regulatione","rating":0,"private":0,"password":""}