{"id":"gen9vgc2023regulatione-1993682541","p1":"nubasorus","p2":"SpaceCar","format":"[Gen 9] VGC 2023 Regulation E","log":"|j|\u2606nubasorus\n|j|\u2606SpaceCar\n|t:|1700345081\n|gametype|doubles\n|player|p1|nubasorus|169|1160\n|player|p2|SpaceCar|lucas|1201\n|teamsize|p1|6\n|teamsize|p2|6\n|gen|9\n|tier|[Gen 9] VGC 2023 Regulation E\n|rated|\n|rule|Species Clause: Limit one of each Pok\u00e9mon\n|rule|Item Clause: Limit one of each item\n|clearpoke\n|poke|p1|Iron Hands, L50|\n|poke|p1|Landorus-Therian, L50, M|\n|poke|p1|Sableye, L50, F|\n|poke|p1|Corviknight, L50, F|\n|poke|p1|Sinistcha, L50|\n|poke|p1|Flutter Mane, L50|\n|poke|p2|Ursaluna-Bloodmoon, L50, M|\n|poke|p2|Dusclops, L50, M|\n|poke|p2|Iron Hands, L50|\n|poke|p2|Landorus-Therian, L50, M|\n|poke|p2|Heatran, L50, M|\n|poke|p2|Glastrier, L50|\n|teampreview|4\nSpaceCar has agreed to open team sheets.\n|\n|t:|1700345145\n|start\n|switch|p1a: Corviknight|Corviknight, L50, F|100\/100\n|switch|p1b: Sableye|Sableye, L50, F|100\/100\n|switch|p2a: Crewmate|Dusclops, L50, M, shiny|100\/100\n|switch|p2b: Glastrier|Glastrier, L50|100\/100\n|-ability|p2a: Crewmate|Pressure\n|turn|1\n|\n|t:|1700345157\n|switch|p2a: Heatran|Heatran, L50, M|100\/100\n|move|p1b: Sableye|Will-O-Wisp|p2b: Glastrier\n|-status|p2b: Glastrier|brn\n|move|p1a: Corviknight|Tailwind|p1a: Corviknight\n|-sidestart|p1: nubasorus|move: Tailwind\n|move|p2b: Glastrier|Taunt|p1b: Sableye\n|-start|p1b: Sableye|move: Taunt\n|\n|-damage|p2b: Glastrier|95\/100 brn|[from] brn\n|upkeep\n|turn|2\n|\n|t:|1700345171\n|switch|p2b: Crewmate|Dusclops, L50, M, shiny|100\/100\n|-ability|p2b: Crewmate|Pressure\n|-terastallize|p1a: Corviknight|Ground\n|move|p1a: Corviknight|Body Press|p2a: Heatran\n|-supereffective|p2a: Heatran\n|-damage|p2a: Heatran|56\/100\n|move|p1b: Sableye|Foul Play|p2a: Heatran\n|-damage|p2a: Heatran|36\/100\n|move|p2a: Heatran|Heat Wave|p1b: Sableye|[spread] p1a,p1b\n|-damage|p1a: Corviknight|65\/100\n|-damage|p1b: Sableye|58\/100\n|-enditem|p1b: Sableye|Eject Button\n|\n|t:|1700345185\n|switch|p1b: Sinistcha|Sinistcha, L50|100\/100\n|-heal|p1a: Corviknight|90\/100|[from] ability: Hospitality|[of] p1b: Sinistcha\n|\n|-heal|p1a: Corviknight|96\/100|[from] item: Leftovers\n|-heal|p2a: Heatran|42\/100|[from] item: Leftovers\n|upkeep\n|turn|3\n|\n|t:|1700345194\n|move|p2a: Heatran|Protect|p2a: Heatran\n|-singleturn|p2a: Heatran|Protect\n|move|p1b: Sinistcha|Matcha Gotcha|p2b: Crewmate|[spread] p2b\n|-activate|p2a: Heatran|move: Protect\n|-damage|p2b: Crewmate|86\/100\n|move|p1a: Corviknight|Body Press|p2a: Heatran\n|-activate|p2a: Heatran|move: Protect\n|move|p2b: Crewmate|Trick Room|p2b: Crewmate\n|-fieldstart|move: Trick Room|[of] p2b: Crewmate\n|\n|-heal|p2a: Heatran|48\/100|[from] item: Leftovers\n|-heal|p1a: Corviknight|100\/100|[from] item: Leftovers\n|upkeep\n|turn|4\n|\n|t:|1700345217\n|move|p2b: Crewmate|Will-O-Wisp|p1a: Corviknight\n|-status|p1a: Corviknight|brn\n|move|p2a: Heatran|Heat Wave|p1b: Sinistcha|[spread] p1a,p1b\n|-supereffective|p1b: Sinistcha\n|-damage|p1a: Corviknight|65\/100 brn\n|-damage|p1b: Sinistcha|29\/100\n|-enditem|p1b: Sinistcha|Sitrus Berry|[eat]\n|-heal|p1b: Sinistcha|53\/100|[from] item: Sitrus Berry\n|move|p1a: Corviknight|Body Press|p2a: Heatran\n|-supereffective|p2a: Heatran\n|-damage|p2a: Heatran|25\/100\n|move|p1b: Sinistcha|Matcha Gotcha|p2b: Crewmate|[spread] p2a,p2b\n|-resisted|p2a: Heatran\n|-damage|p2a: Heatran|21\/100\n|-heal|p1b: Sinistcha|55\/100|[from] drain|[of] p2a: Heatran\n|-damage|p2b: Crewmate|73\/100\n|-heal|p1b: Sinistcha|61\/100|[from] drain|[of] p2b: Crewmate\n|\n|-heal|p2a: Heatran|27\/100|[from] item: Leftovers\n|-heal|p1a: Corviknight|71\/100 brn|[from] item: Leftovers\n|-damage|p1a: Corviknight|65\/100 brn|[from] brn\n|-sideend|p1: nubasorus|move: Tailwind\n|upkeep\n|turn|5\n|\n|t:|1700345239\n|switch|p1b: Iron Hands|Iron Hands, L50|100\/100\n|move|p2b: Crewmate|Will-O-Wisp|p1b: Iron Hands|[miss]\n|-miss|p2b: Crewmate|p1b: Iron Hands\n|move|p2a: Heatran|Heat Wave|p1b: Iron Hands|[spread] p1b\n|-miss|p2a: Heatran|p1a: Corviknight\n|-damage|p1b: Iron Hands|78\/100\n|move|p1a: Corviknight|Roost|p1a: Corviknight\n|-heal|p1a: Corviknight|100\/100 brn\n|\n|-heal|p2a: Heatran|33\/100|[from] item: Leftovers\n|-damage|p1a: Corviknight|95\/100 brn|[from] brn\n|upkeep\n|turn|6\n|\n|t:|1700345271\n|move|p2a: Heatran|Protect|p2a: Heatran\n|-singleturn|p2a: Heatran|Protect\n|move|p2b: Crewmate|Will-O-Wisp|p1b: Iron Hands\n|-status|p1b: Iron Hands|brn\n|move|p1b: Iron Hands|Heavy Slam|p2b: Crewmate\n|-damage|p2b: Crewmate|59\/100\n|move|p1a: Corviknight|Iron Defense|p1a: Corviknight\n|-boost|p1a: Corviknight|def|2\n|\n|-heal|p2a: Heatran|39\/100|[from] item: Leftovers\n|-heal|p1a: Corviknight|100\/100 brn|[from] item: Leftovers\n|-damage|p1b: Iron Hands|71\/100 brn|[from] brn\n|-damage|p1a: Corviknight|95\/100 brn|[from] brn\n|upkeep\n|turn|7\n|\n|t:|1700345289\n|switch|p2a: Glastrier|Glastrier, L50|95\/100 brn\n|move|p2b: Crewmate|Pain Split|p1a: Corviknight\n|-sethp|p1a: Corviknight|68\/100 brn|[from] move: Pain Split|[silent]\n|-sethp|p2b: Crewmate|95\/100|[from] move: Pain Split\n|move|p1b: Iron Hands|Drain Punch|p2a: Glastrier\n|-supereffective|p2a: Glastrier\n|-damage|p2a: Glastrier|58\/100 brn\n|-heal|p1b: Iron Hands|85\/100 brn|[from] drain|[of] p2a: Glastrier\n|move|p1a: Corviknight|Iron Defense|p1a: Corviknight\n|-boost|p1a: Corviknight|def|2\n|\n|-heal|p1a: Corviknight|74\/100 brn|[from] item: Leftovers\n|-damage|p2a: Glastrier|52\/100 brn|[from] brn\n|-damage|p1b: Iron Hands|79\/100 brn|[from] brn\n|-damage|p1a: Corviknight|68\/100 brn|[from] brn\n|-fieldend|move: Trick Room\n|upkeep\n|turn|8\n|\n|t:|1700345313\n|move|p1a: Corviknight|Iron Defense|p1a: Corviknight\n|-boost|p1a: Corviknight|def|2\n|move|p1b: Iron Hands|Heavy Slam|p2b: Crewmate\n|-damage|p2b: Crewmate|81\/100\n|move|p2a: Glastrier|Taunt|p1a: Corviknight\n|-start|p1a: Corviknight|move: Taunt\n|move|p2b: Crewmate|Trick Room|p2b: Crewmate\n|-fieldstart|move: Trick Room|[of] p2b: Crewmate\n|\n|-heal|p1a: Corviknight|74\/100 brn|[from] item: Leftovers\n|-damage|p2a: Glastrier|47\/100 brn|[from] brn\n|-damage|p1b: Iron Hands|73\/100 brn|[from] brn\n|-damage|p1a: Corviknight|68\/100 brn|[from] brn\n|upkeep\n|turn|9\n|\n|t:|1700345328\n|-end|p1b: Iron Hands|Quark Drive|[silent]\n|switch|p1b: Sinistcha|Sinistcha, L50|61\/100\n|-heal|p1a: Corviknight|93\/100 brn|[from] ability: Hospitality|[of] p1b: Sinistcha\n|move|p2b: Crewmate|Pain Split|p1b: Sinistcha\n|-sethp|p1b: Sinistcha|64\/100|[from] move: Pain Split|[silent]\n|-sethp|p2b: Crewmate|77\/100|[from] move: Pain Split\n|move|p2a: Glastrier|Icicle Crash|p1a: Corviknight\n|-supereffective|p1a: Corviknight\n|-damage|p1a: Corviknight|85\/100 brn\n|move|p1a: Corviknight|Body Press|p2a: Glastrier\n|-supereffective|p2a: Glastrier\n|-damage|p2a: Glastrier|0 fnt\n|faint|p2a: Glastrier\n|\n|-heal|p1a: Corviknight|91\/100 brn|[from] item: Leftovers\n|-damage|p1a: Corviknight|85\/100 brn|[from] brn\n|upkeep\n|\n|t:|1700345332\n|switch|p2a: Ursaluna|Ursaluna-Bloodmoon, L50, M|100\/100\n|turn|10\n|\n|t:|1700345350\n|switch|p2b: Heatran|Heatran, L50, M|39\/100\n|-terastallize|p2a: Ursaluna|Fairy\n|move|p1b: Sinistcha|Rage Powder|p1b: Sinistcha\n|-singleturn|p1b: Sinistcha|move: Rage Powder\n|move|p2a: Ursaluna|Hyper Voice|p1a: Corviknight|[spread] p1a,p1b\n|-crit|p1b: Sinistcha\n|-damage|p1a: Corviknight|50\/100 brn\n|-damage|p1b: Sinistcha|13\/100\n|-enditem|p2a: Ursaluna|Throat Spray\n|-boost|p2a: Ursaluna|spa|1|[from] item: Throat Spray\n|move|p1a: Corviknight|Body Press|p2a: Ursaluna\n|-resisted|p2a: Ursaluna\n|-damage|p2a: Ursaluna|81\/100\n|\n|-heal|p2b: Heatran|45\/100|[from] item: Leftovers\n|-heal|p1a: Corviknight|56\/100 brn|[from] item: Leftovers\n|-damage|p1a: Corviknight|50\/100 brn|[from] brn\n|upkeep\n|turn|11\n|\n|t:|1700345370\n|move|p2a: Ursaluna|Hyper Voice|p1a: Corviknight|[spread] p1a,p1b\n|-damage|p1a: Corviknight|0 fnt\n|-damage|p1b: Sinistcha|0 fnt\n|faint|p1a: Corviknight\n|faint|p1b: Sinistcha\n|move|p2b: Heatran|Flash Cannon|p1: Corviknight|[notarget]\n|-fail|p2b: Heatran\n|\n|-heal|p2b: Heatran|51\/100|[from] item: Leftovers\n|upkeep\n|-message|nubasorus forfeited.\n|\n|win|SpaceCar\n|raw|nubasorus's rating: 1160 &rarr; <strong>1138<\/strong><br \/>(-22 for losing)\n|raw|SpaceCar's rating: 1201 &rarr; <strong>1223<\/strong><br \/>(+22 for winning)\n|l|\u2606nubasorus\n","uploadtime":1700345380,"views":9,"p1id":"nubasorus","p2id":"spacecar","formatid":"gen9vgc2023regulatione","rating":1138,"private":0,"password":""}