{"id":"gen9vgc2023regulatione-1987862037","p1":"GlitchUnbound","p2":"vegeta3125","format":"[Gen 9] VGC 2023 Regulation E","log":"|j|\u2606GlitchUnbound\n|j|\u2606vegeta3125\n|t:|1699643678\n|gametype|doubles\n|player|p1|GlitchUnbound|ltsurge|\n|player|p2|vegeta3125|veteran-gen4|\n|teamsize|p1|6\n|teamsize|p2|6\n|gen|9\n|tier|[Gen 9] VGC 2023 Regulation E\n|rated|Tournament battle\n|rule|Species Clause: Limit one of each Pok\u00e9mon\n|rule|Item Clause: Limit one of each item\n|clearpoke\n|poke|p1|Arcanine-Hisui, L50, F|\n|poke|p1|Rillaboom, L50, M|\n|poke|p1|Tornadus, L50, M|\n|poke|p1|Chien-Pao, L50|\n|poke|p1|Ursaluna-Bloodmoon, L50, M|\n|poke|p1|Urshifu-*, L50, M|\n|poke|p2|Glimmora, L50, F|\n|poke|p2|Roaring Moon, L50|\n|poke|p2|Dondozo, L50, M|\n|poke|p2|Tatsugiri, L50, M|\n|poke|p2|Ogerpon-Wellspring, L50, F|\n|poke|p2|Tyranitar, L50, F|\n|teampreview|4\n|showteam|p1|Arcanine-Hisui||ChoiceBand|Intimidate|ExtremeSpeed,RockSlide,FlareBlitz,CloseCombat|||F|||50|,,,,,Water]Rillaboom||AssaultVest|GrassySurge|FakeOut,GrassyGlide,Uturn,HighHorsepower|||M|||50|,,,,,Fire]Tornadus||CovertCloak|Prankster|Tailwind,RainDance,Taunt,BleakwindStorm|||M|||50|,,,,,Dark]Chien-Pao||FocusSash|SwordofRuin|IceSpinner,SuckerPunch,SacredSword,Protect||||||50|,,,,,Ghost]Ursaluna-Bloodmoon||ThroatSpray|MindsEye|HyperVoice,BloodMoon,EarthPower,CalmMind|||M|||50|,,,,,Fairy]Urshifu-Rapid-Strike||MysticWater|UnseenFist|AquaJet,SurgingStrikes,CloseCombat,Protect|||M|||50|,,,,,Water\n|showteam|p2|Glimmora||SitrusBerry|ToxicDebris|ToxicSpikes,PowerGem,SpikyShield,MortalSpin|||F|||50|,,,,,Grass]Roaring Moon||BoosterEnergy|Protosynthesis|KnockOff,Protect,Earthquake,Acrobatics||||||50|,,,,,Flying]Dondozo||Leftovers|Unaware|Liquidation,BodyPress,Substitute,Protect|||M|||50|,,,,,Fairy]Tatsugiri||FocusSash|Commander|DracoMeteor,MuddyWater,Taunt,Protect|||M|||50|,,,,,Dragon]Ogerpon-Wellspring||WellspringMask|WaterAbsorb|IvyCudgel,HornLeech,SpikyShield,FollowMe|||F|||50|,,,,,Water]Tyranitar||AssaultVest|SandStream|KnockOff,RockSlide,LowKick,TeraBlast|||F|||50|,,,,,Psychic\n|c|\u2606GlitchUnbound|glhf\n|inactive|Battle timer is ON: inactive players will automatically lose when time's up. (requested by vegeta3125)\n|\n|t:|1699643741\n|start\n|switch|p1a: Tr\u00e9|Rillaboom, L50, M|100\/100\n|switch|p1b: Fazbear|Ursaluna-Bloodmoon, L50, M|100\/100\n|switch|p2a: Glimmora|Glimmora, L50, F|100\/100\n|switch|p2b: Ogerpon|Ogerpon-Wellspring, L50, F|100\/100\n|-fieldstart|move: Grassy Terrain|[from] ability: Grassy Surge|[of] p1a: Tr\u00e9\n|turn|1\n|inactive|GlitchUnbound has 30 seconds left.\n|\n|t:|1699643776\n|move|p2b: Ogerpon|Horn Leech|p1b: Fazbear\n|-supereffective|p1b: Fazbear\n|-damage|p1b: Fazbear|18\/100\n|move|p1a: Tr\u00e9|High Horsepower|p2a: Glimmora\n|-supereffective|p2a: Glimmora\n|-damage|p2a: Glimmora|0 fnt\n|-activate|p2a: Glimmora|ability: Toxic Debris\n|-sidestart|p1: GlitchUnbound|move: Toxic Spikes\n|faint|p2a: Glimmora\n|move|p1b: Fazbear|Blood Moon|p2b: Ogerpon\n|-damage|p2b: Ogerpon|19\/100\n|\n|-heal|p2b: Ogerpon|25\/100|[from] Grassy Terrain\n|-heal|p1b: Fazbear|24\/100|[from] Grassy Terrain\n|upkeep\n|\n|t:|1699643789\n|switch|p2a: Dondozo|Dondozo, L50, M|100\/100\n|turn|2\n|\n|t:|1699643799\n|switch|p1b: Red Rush|Arcanine-Hisui, L50, F|100\/100\n|-status|p1b: Red Rush|psn\n|-ability|p1b: Red Rush|Intimidate|boost\n|-unboost|p2a: Dondozo|atk|1\n|-unboost|p2b: Ogerpon|atk|1\n|move|p2b: Ogerpon|Spiky Shield|p2b: Ogerpon\n|-singleturn|p2b: Ogerpon|move: Protect\n|move|p2a: Dondozo|Protect|p2a: Dondozo\n|-singleturn|p2a: Dondozo|Protect\n|move|p1a: Tr\u00e9|Grassy Glide|p2b: Ogerpon\n|-activate|p2b: Ogerpon|move: Protect\n|-damage|p1a: Tr\u00e9|88\/100|[from] Spiky Shield|[of] p2b: Ogerpon\n|\n|-heal|p2b: Ogerpon|30\/100|[from] Grassy Terrain\n|-heal|p1a: Tr\u00e9|94\/100|[from] Grassy Terrain\n|-damage|p1b: Red Rush|88\/100 psn|[from] psn\n|upkeep\n|turn|3\n|inactive|vegeta3125 has 30 seconds left.\n|\n|t:|1699643831\n|switch|p2b: Tatsugiri|Tatsugiri, L50, M|100\/100\n|-activate|p2b: Tatsugiri|ability: Commander|[of] p2a: Dondozo\n|-boost|p2a: Dondozo|atk|2\n|-boost|p2a: Dondozo|spa|2\n|-boost|p2a: Dondozo|spe|2\n|-boost|p2a: Dondozo|def|2\n|-boost|p2a: Dondozo|spd|2\n|-terastallize|p2a: Dondozo|Fairy\n|move|p1b: Red Rush|Extreme Speed|p2b: Tatsugiri|[miss]\n|-miss|p1b: Red Rush|p2b: Tatsugiri\n|move|p1a: Tr\u00e9|Grassy Glide|p2a: Dondozo\n|-damage|p2a: Dondozo|91\/100\n|move|p2a: Dondozo|Body Press|p1b: Red Rush\n|-supereffective|p1b: Red Rush\n|-damage|p1b: Red Rush|0 fnt\n|faint|p1b: Red Rush\n|\n|-heal|p2a: Dondozo|97\/100|[from] Grassy Terrain\n|-heal|p2a: Dondozo|100\/100|[from] item: Leftovers\n|-heal|p1a: Tr\u00e9|99\/100|[from] Grassy Terrain\n|upkeep\n|inactive|GlitchUnbound has 30 seconds left.\n|\n|t:|1699643860\n|switch|p1b: Water Hazard|Urshifu-Rapid-Strike, L50, M|100\/100\n|-status|p1b: Water Hazard|psn\n|turn|4\n|\n|t:|1699643870\n|switch|p1a: Fazbear|Ursaluna-Bloodmoon, L50, M|24\/100\n|-status|p1a: Fazbear|psn\n|move|p1b: Water Hazard|Protect|p1b: Water Hazard\n|-singleturn|p1b: Water Hazard|Protect\n|move|p2a: Dondozo|Body Press|p1b: Water Hazard\n|-activate|p1b: Water Hazard|move: Protect\n|\n|-heal|p1a: Fazbear|30\/100 psn|[from] Grassy Terrain\n|-damage|p1b: Water Hazard|88\/100 psn|[from] psn\n|-damage|p1a: Fazbear|18\/100 psn|[from] psn\n|upkeep\n|turn|5\n|\n|t:|1699643883\n|-terastallize|p1b: Water Hazard|Water\n|move|p1b: Water Hazard|Surging Strikes|p2a: Dondozo\n|-crit|p2a: Dondozo\n|-damage|p2a: Dondozo|81\/100\n|-crit|p2a: Dondozo\n|-damage|p2a: Dondozo|63\/100\n|-crit|p2a: Dondozo\n|-damage|p2a: Dondozo|47\/100\n|-hitcount|p2a: Dondozo|3\n|move|p2a: Dondozo|Body Press|p1b: Water Hazard\n|-damage|p1b: Water Hazard|30\/100 psn\n|move|p1a: Fazbear|Blood Moon|p2a: Dondozo\n|-damage|p2a: Dondozo|11\/100\n|\n|-heal|p1b: Water Hazard|35\/100 psn|[from] Grassy Terrain\n|-heal|p2a: Dondozo|18\/100|[from] Grassy Terrain\n|-heal|p2a: Dondozo|24\/100|[from] item: Leftovers\n|-heal|p1a: Fazbear|24\/100 psn|[from] Grassy Terrain\n|-damage|p1b: Water Hazard|23\/100 psn|[from] psn\n|-damage|p1a: Fazbear|12\/100 psn|[from] psn\n|-fieldend|move: Grassy Terrain\n|upkeep\n|turn|6\n|\n|t:|1699643908\n|switch|p1a: Tr\u00e9|Rillaboom, L50, M|99\/100\n|-status|p1a: Tr\u00e9|psn\n|-fieldstart|move: Grassy Terrain|[from] ability: Grassy Surge|[of] p1a: Tr\u00e9\n|move|p1b: Water Hazard|Aqua Jet|p2a: Dondozo\n|-damage|p2a: Dondozo|14\/100\n|move|p2a: Dondozo|Body Press|p1b: Water Hazard\n|-damage|p1b: Water Hazard|0 fnt\n|faint|p1b: Water Hazard\n|\n|-heal|p2a: Dondozo|20\/100|[from] Grassy Terrain\n|-heal|p2a: Dondozo|26\/100|[from] item: Leftovers\n|-heal|p1a: Tr\u00e9|100\/100 psn|[from] Grassy Terrain\n|-damage|p1a: Tr\u00e9|88\/100 psn|[from] psn\n|upkeep\n|\n|t:|1699643917\n|switch|p1b: Fazbear|Ursaluna-Bloodmoon, L50, M|12\/100 psn\n|turn|7\n|\n|t:|1699643926\n|move|p2a: Dondozo|Protect|p2a: Dondozo\n|-singleturn|p2a: Dondozo|Protect\n|move|p1a: Tr\u00e9|Fake Out|p2a: Dondozo\n|-activate|p2a: Dondozo|move: Protect\n|move|p1b: Fazbear|Calm Mind|p1b: Fazbear\n|-boost|p1b: Fazbear|spa|1\n|-boost|p1b: Fazbear|spd|1\n|\n|-heal|p2a: Dondozo|32\/100|[from] Grassy Terrain\n|-heal|p2a: Dondozo|38\/100|[from] item: Leftovers\n|-heal|p1a: Tr\u00e9|94\/100 psn|[from] Grassy Terrain\n|-heal|p1b: Fazbear|17\/100 psn|[from] Grassy Terrain\n|-damage|p1a: Tr\u00e9|82\/100 psn|[from] psn\n|-damage|p1b: Fazbear|5\/100 psn|[from] psn\n|upkeep\n|turn|8\n|\n|t:|1699643935\n|move|p1a: Tr\u00e9|Grassy Glide|p2a: Dondozo\n|-damage|p2a: Dondozo|29\/100\n|move|p2a: Dondozo|Body Press|p1a: Tr\u00e9\n|-crit|p1a: Tr\u00e9\n|-damage|p1a: Tr\u00e9|0 fnt\n|faint|p1a: Tr\u00e9\n|move|p1b: Fazbear|Blood Moon|p2a: Dondozo\n|-damage|p2a: Dondozo|0 fnt\n|faint|p2a: Dondozo\n|\n|-heal|p1b: Fazbear|11\/100 psn|[from] Grassy Terrain\n|-damage|p1b: Fazbear|0 fnt|[from] psn\n|faint|p1b: Fazbear\n|\n|win|vegeta3125\n|upkeep\n|n|\u2606GlitchUnbound|glitchunbound\n|n|\u2606vegeta3125|vegeta3125\n|c|\u2606GlitchUnbound|gg\n|c|\u2606vegeta3125|gg\n","uploadtime":1699643950,"views":17,"p1id":"glitchunbound","p2id":"vegeta3125","formatid":"gen9vgc2023regulatione","rating":0,"private":0,"password":""}