{"id":"gen9vgc2023regulatione-1999810613","p1":"ewanchap","p2":"AJay_13","format":"[Gen 9] VGC 2023 Regulation E","log":"|j|\u2606ewanchap\n|j|\u2606AJay_13\n|t:|1701118829\n|gametype|doubles\n|player|p1|ewanchap|1|1128\n|player|p2|AJay_13|n|1217\n|teamsize|p1|6\n|teamsize|p2|6\n|gen|9\n|tier|[Gen 9] VGC 2023 Regulation E\n|rated|\n|rule|Species Clause: Limit one of each Pok\u00e9mon\n|rule|Item Clause: Limit one of each item\n|clearpoke\n|poke|p1|Gliscor, L50, F|\n|poke|p1|Golem-Alola, L50, M|\n|poke|p1|Sinistcha, L50|\n|poke|p1|Torterra, L50, F|\n|poke|p1|Tyranitar, L50, M|\n|poke|p1|Corviknight, L50, M|\n|poke|p2|Iron Hands, L50|\n|poke|p2|Sinistcha, L50|\n|poke|p2|Arcanine-Hisui, L50, M|\n|poke|p2|Moltres-Galar, L50|\n|poke|p2|Iron Bundle, L50|\n|poke|p2|Ninetales-Alola, L50, F|\n|teampreview|4\n|inactive|Battle timer is ON: inactive players will automatically lose when time's up. (requested by ewanchap)\n|\n|t:|1701118860\n|start\n|switch|p1a: Sinistcha|Sinistcha, L50, shiny|100\/100\n|switch|p1b: Golem|Golem-Alola, L50, M, shiny|100\/100\n|switch|p2a: Under the Tree|Iron Bundle, L50|100\/100\n|switch|p2b: Snowing!!!!!|Ninetales-Alola, L50, F|100\/100\n|-weather|Snow|[from] ability: Snow Warning|[of] p2b: Snowing!!!!!\n|-enditem|p2a: Under the Tree|Booster Energy\n|-activate|p2a: Under the Tree|ability: Quark Drive|[fromitem]\n|-start|p2a: Under the Tree|quarkdrivespe\n|turn|1\n|\n|t:|1701118876\n|switch|p1b: Tyranitar|Tyranitar, L50, M, shiny|100\/100\n|-weather|Sandstorm|[from] ability: Sand Stream|[of] p1b: Tyranitar\n|move|p2a: Under the Tree|Hydro Pump|p1b: Tyranitar\n|-supereffective|p1b: Tyranitar\n|-damage|p1b: Tyranitar|54\/100\n|move|p2b: Snowing!!!!!|Aurora Veil||[still]\n|-fail|p2b: Snowing!!!!!\n|move|p1a: Sinistcha|Trick Room|p1a: Sinistcha\n|-fieldstart|move: Trick Room|[of] p1a: Sinistcha\n|\n|-weather|Sandstorm|[upkeep]\n|-damage|p1a: Sinistcha|94\/100|[from] Sandstorm\n|-damage|p2b: Snowing!!!!!|94\/100|[from] Sandstorm\n|-damage|p2a: Under the Tree|95\/100|[from] Sandstorm\n|upkeep\n|turn|2\n|inactive|ewanchap has 30 seconds left.\n|\n|t:|1701118902\n|move|p1a: Sinistcha|Matcha Gotcha|p2a: Under the Tree|[spread] p2a,p2b\n|-supereffective|p2a: Under the Tree\n|-damage|p2a: Under the Tree|20\/100\n|-heal|p1a: Sinistcha|100\/100|[from] drain|[of] p2a: Under the Tree\n|-damage|p2b: Snowing!!!!!|70\/100\n|move|p1b: Tyranitar|Rock Slide|p2b: Snowing!!!!!|[spread] p2a\n|-miss|p1b: Tyranitar|p2b: Snowing!!!!!\n|-supereffective|p2a: Under the Tree\n|-damage|p2a: Under the Tree|0 fnt\n|faint|p2a: Under the Tree\n|-end|p2a: Under the Tree|Quark Drive|[silent]\n|move|p2b: Snowing!!!!!|Moonblast|p1b: Tyranitar\n|-supereffective|p1b: Tyranitar\n|-damage|p1b: Tyranitar|35\/100\n|\n|-weather|Sandstorm|[upkeep]\n|-damage|p1a: Sinistcha|94\/100|[from] Sandstorm\n|-damage|p2b: Snowing!!!!!|64\/100|[from] Sandstorm\n|upkeep\n|\n|t:|1701118918\n|switch|p2a: Sanitized|Iron Hands, L50|100\/100\n|turn|3\n|\n|t:|1701118930\n|switch|p1b: Corviknight|Corviknight, L50, M, shiny|100\/100\n|-terastallize|p2a: Sanitized|Grass\n|move|p1a: Sinistcha|Matcha Gotcha|p2a: Sanitized|[spread] p2a,p2b\n|-resisted|p2a: Sanitized\n|-damage|p2a: Sanitized|90\/100\n|-heal|p1a: Sinistcha|100\/100|[from] drain|[of] p2a: Sanitized\n|-damage|p2b: Snowing!!!!!|41\/100\n|-status|p2b: Snowing!!!!!|brn\n|move|p2a: Sanitized|Swords Dance|p2a: Sanitized\n|-boost|p2a: Sanitized|atk|2\n|move|p2b: Snowing!!!!!|Blizzard|p1a: Sinistcha|[spread] p1a,p1b\n|-supereffective|p1a: Sinistcha\n|-damage|p1a: Sinistcha|56\/100\n|-damage|p1b: Corviknight|79\/100\n|-status|p1a: Sinistcha|frz\n|-status|p1b: Corviknight|frz\n|\n|-weather|Sandstorm|[upkeep]\n|-damage|p1a: Sinistcha|50\/100 frz|[from] Sandstorm\n|-damage|p2a: Sanitized|84\/100|[from] Sandstorm\n|-damage|p2b: Snowing!!!!!|35\/100 brn|[from] Sandstorm\n|-enditem|p1a: Sinistcha|Sitrus Berry|[eat]\n|-heal|p1a: Sinistcha|75\/100 frz|[from] item: Sitrus Berry\n|-heal|p1b: Corviknight|85\/100 frz|[from] item: Leftovers\n|-damage|p2b: Snowing!!!!!|28\/100 brn|[from] brn\n|upkeep\n|turn|4\n|inactive|ewanchap has 30 seconds left.\n|inactive|AJay_13 has 30 seconds left.\n|inactive|ewanchap has 20 seconds left.\n|\n|t:|1701118966\n|switch|p2b: Mint Hot Chocolate|Sinistcha, L50|100\/100\n|-heal|p2a: Sanitized|100\/100|[from] ability: Hospitality|[of] p2b: Mint Hot Chocolate\n|-curestatus|p1a: Sinistcha|frz|[msg]\n|move|p1a: Sinistcha|Strength Sap|p2a: Sanitized\n|-fail|p2a: Sanitized|unboost|[from] item: Clear Amulet|[of] p2a: Sanitized\n|-heal|p1a: Sinistcha|100\/100\n|move|p2a: Sanitized|Thunder Punch|p1b: Corviknight\n|-supereffective|p1b: Corviknight\n|-damage|p1b: Corviknight|0 fnt\n|faint|p1b: Corviknight\n|\n|-weather|Sandstorm|[upkeep]\n|-damage|p1a: Sinistcha|94\/100|[from] Sandstorm\n|-damage|p2a: Sanitized|94\/100|[from] Sandstorm\n|-damage|p2b: Mint Hot Chocolate|94\/100|[from] Sandstorm\n|upkeep\n|\n|t:|1701118986\n|switch|p1b: Tyranitar|Tyranitar, L50, M, shiny|35\/100\n|turn|5\n|\n|t:|1701119001\n|move|p1a: Sinistcha|Matcha Gotcha|p2b: Mint Hot Chocolate|[spread] p2a,p2b\n|-resisted|p2a: Sanitized\n|-resisted|p2b: Mint Hot Chocolate\n|-damage|p2a: Sanitized|85\/100\n|-heal|p1a: Sinistcha|100\/100|[from] drain|[of] p2a: Sanitized\n|-damage|p2b: Mint Hot Chocolate|83\/100\n|move|p2a: Sanitized|Drain Punch|p1b: Tyranitar\n|-supereffective|p1b: Tyranitar\n|-damage|p1b: Tyranitar|0 fnt\n|-heal|p2a: Sanitized|99\/100|[from] drain|[of] p1b: Tyranitar\n|faint|p1b: Tyranitar\n|move|p2b: Mint Hot Chocolate|Matcha Gotcha|p1a: Sinistcha\n|-resisted|p1a: Sinistcha\n|-damage|p1a: Sinistcha|85\/100\n|-heal|p2b: Mint Hot Chocolate|91\/100|[from] drain|[of] p1a: Sinistcha\n|\n|-weather|none\n|-fieldend|move: Trick Room\n|upkeep\n|\n|t:|1701119017\n|switch|p1b: Golem|Golem-Alola, L50, M, shiny|100\/100\n|turn|6\n|\n|t:|1701119024\n|switch|p2b: Snowing!!!!!|Ninetales-Alola, L50, F|28\/100 brn\n|-weather|Snow|[from] ability: Snow Warning|[of] p2b: Snowing!!!!!\n|move|p1b: Golem|Protect|p1b: Golem\n|-singleturn|p1b: Golem|Protect\n|move|p2a: Sanitized|Drain Punch|p1b: Golem\n|-activate|p1b: Golem|move: Protect\n|move|p1a: Sinistcha|Trick Room|p1a: Sinistcha\n|-fieldstart|move: Trick Room|[of] p1a: Sinistcha\n|\n|-weather|Snow|[upkeep]\n|-damage|p2b: Snowing!!!!!|22\/100 brn|[from] brn\n|upkeep\n|turn|7\n|\n|t:|1701119045\n|move|p1b: Golem|Double-Edge|p2a: Sanitized\n|-resisted|p2a: Sanitized\n|-damage|p2a: Sanitized|65\/100\n|-damage|p1b: Golem|86\/100|[from] Recoil\n|-damage|p1b: Golem|76\/100|[from] item: Life Orb\n|move|p1a: Sinistcha|Matcha Gotcha|p2a: Sanitized|[spread] p2a,p2b\n|-resisted|p2a: Sanitized\n|-damage|p2a: Sanitized|55\/100\n|-heal|p1a: Sinistcha|91\/100|[from] drain|[of] p2a: Sanitized\n|-damage|p2b: Snowing!!!!!|0 fnt\n|-heal|p1a: Sinistcha|100\/100|[from] drain|[of] p2b: Snowing!!!!!\n|faint|p2b: Snowing!!!!!\n|move|p2a: Sanitized|Drain Punch|p1b: Golem\n|-supereffective|p1b: Golem\n|-damage|p1b: Golem|0 fnt\n|-heal|p2a: Sanitized|84\/100|[from] drain|[of] p1b: Golem\n|faint|p1b: Golem\n|\n|-weather|Snow|[upkeep]\n|upkeep\n|\n|t:|1701119063\n|switch|p2b: Mint Hot Chocolate|Sinistcha, L50|91\/100\n|-heal|p2a: Sanitized|100\/100|[from] ability: Hospitality|[of] p2b: Mint Hot Chocolate\n|turn|8\n|\n|t:|1701119070\n|move|p1a: Sinistcha|Matcha Gotcha|p2a: Sanitized|[spread] p2a,p2b\n|-resisted|p2a: Sanitized\n|-resisted|p2b: Mint Hot Chocolate\n|-crit|p2b: Mint Hot Chocolate\n|-damage|p2a: Sanitized|92\/100\n|-damage|p2b: Mint Hot Chocolate|74\/100\n|move|p2a: Sanitized|Swords Dance|p2a: Sanitized\n|-boost|p2a: Sanitized|atk|2\n|move|p2b: Mint Hot Chocolate|Matcha Gotcha|p1a: Sinistcha\n|-resisted|p1a: Sinistcha\n|-damage|p1a: Sinistcha|85\/100\n|-heal|p2b: Mint Hot Chocolate|82\/100|[from] drain|[of] p1a: Sinistcha\n|\n|-weather|Snow|[upkeep]\n|upkeep\n|turn|9\n|\n|t:|1701119084\n|move|p1a: Sinistcha|Matcha Gotcha|p2b: Mint Hot Chocolate|[spread] p2a,p2b\n|-resisted|p2a: Sanitized\n|-resisted|p2b: Mint Hot Chocolate\n|-damage|p2a: Sanitized|83\/100\n|-heal|p1a: Sinistcha|91\/100|[from] drain|[of] p2a: Sanitized\n|-damage|p2b: Mint Hot Chocolate|70\/100\n|-heal|p1a: Sinistcha|98\/100|[from] drain|[of] p2b: Mint Hot Chocolate\n|move|p2a: Sanitized|Thunder Punch|p1a: Sinistcha\n|-resisted|p1a: Sinistcha\n|-damage|p1a: Sinistcha|43\/100\n|move|p2b: Mint Hot Chocolate|Matcha Gotcha|p1a: Sinistcha\n|-resisted|p1a: Sinistcha\n|-damage|p1a: Sinistcha|28\/100\n|-heal|p2b: Mint Hot Chocolate|78\/100|[from] drain|[of] p1a: Sinistcha\n|-status|p1a: Sinistcha|brn\n|\n|-weather|Snow|[upkeep]\n|-damage|p1a: Sinistcha|22\/100 brn|[from] brn\n|upkeep\n|turn|10\n|-message|ewanchap forfeited.\n|\n|win|AJay_13\n|raw|ewanchap's rating: 1128 &rarr; <strong>1109<\/strong><br \/>(-19 for losing)\n|raw|AJay_13's rating: 1217 &rarr; <strong>1236<\/strong><br \/>(+19 for winning)\n|l|\u2606ewanchap\n","uploadtime":1701119107,"views":5,"p1id":"ewanchap","p2id":"ajay13","formatid":"gen9vgc2023regulatione","rating":1109,"private":0,"password":""}