{"id":"gen9vgc2023regulatione-1988125120","p1":"speedrunlegend","p2":"filthytrashgoblin","format":"[Gen 9] VGC 2023 Regulation E","log":"|j|\u2606speedrunlegend\n|j|\u2606filthytrashgoblin\n|n|\u2606speedrunlegend|speedrunlegend\n|n|\u2606filthytrashgoblin|filthytrashgoblin\n|html|View the match progress at <a href=\"\/game-bestof3-gen9vgc2023regulatione-1988122996\">game-bestof3-gen9vgc2023regulatione-1988122996<\/a>\n|t:|1699672664\n|gametype|doubles\n|player|p1|speedrunlegend|169|\n|player|p2|filthytrashgoblin|ghetsis|\n|teamsize|p1|6\n|teamsize|p2|6\n|gen|9\n|tier|[Gen 9] VGC 2023 Regulation E\n|rated|Tournament battle\n|rule|Species Clause: Limit one of each Pok\u00e9mon\n|rule|Item Clause: Limit one of each item\n|clearpoke\n|poke|p1|Pachirisu, L50, M|\n|poke|p1|Rillaboom, L50, F|\n|poke|p1|Heatran, L50, M|\n|poke|p1|Gyarados, L50, M|\n|poke|p1|Weezing-Galar, L50, F|\n|poke|p1|Cresselia, L50, F|\n|poke|p2|Cresselia, L50, F|\n|poke|p2|Urshifu-*, L50, M|\n|poke|p2|Ogerpon-Hearthflame, L50, F|\n|poke|p2|Flutter Mane, L50|\n|poke|p2|Landorus-Therian, L50, M|\n|poke|p2|Heatran, L50, F|\n|teampreview|4\n|showteam|p1|Pachirisu||GrassySeed|Pickup|SuperFang,Protect,FollowMe,Nuzzle|||M|||50|,,,,,Grass]Rillaboom||CobaBerry|GrassySurge|Protect,WoodHammer,SwordsDance,FakeOut|||F|||50|,,,,,Fire]Heatran||LumBerry|FlashFire|HeatWave,FlashCannon,EarthPower,Protect|||M|||50|,,,,,Grass]Gyarados||AbilityShield|Intimidate|Waterfall,DragonDance,Protect,IronHead|||M|||50|,,,,,Ghost]Weezing-Galar||WideLens|NeutralizingGas|WillOWisp,Taunt,GunkShot,PainSplit|||F|||50|,,,,,Steel]Cresselia||SitrusBerry|Levitate|CalmMind,DazzlingGleam,LunarBlessing,TrickRoom|||F|||50|,,,,,Psychic\n|showteam|p2|Cresselia||SafetyGoggles|Levitate|CalmMind,StoredPower,Moonblast,Moonlight|||F|||50|,,,,,Fairy]Urshifu||FocusSash|UnseenFist|WickedBlow,CloseCombat,SuckerPunch,Detect|||M|||50|,,,,,Dark]Ogerpon-Hearthflame||HearthflameMask|MoldBreaker|IvyCudgel,HornLeech,SwordsDance,SpikyShield|||F|||50|,,,,,Fire]Flutter Mane||BoosterEnergy|Protosynthesis|Moonblast,ShadowBall,IcyWind,Protect||||||50|,,,,,Ghost]Landorus-Therian||ChoiceScarf|Intimidate|Uturn,TeraBlast,RockSlide,StompingTantrum|||M|||50|,,,,,Flying]Heatran||LifeOrb|FlashFire|HeatWave,FlashCannon,EarthPower,Protect|||F|||50|,,,,,Grass\n|inactive|Battle timer is ON: inactive players will automatically lose when time's up. (requested by filthytrashgoblin)\n|\n|t:|1699672681\n|start\n|switch|p1a: Pachirisu|Pachirisu, L50, M|100\/100\n|switch|p1b: Rillaboom|Rillaboom, L50, F|100\/100\n|switch|p2a: BEAR!!!|Urshifu, L50, M|100\/100\n|switch|p2b: poyo!!|Ogerpon-Hearthflame, L50, F|100\/100\n|-ability|p2b: poyo!!|Mold Breaker\n|-fieldstart|move: Grassy Terrain|[from] ability: Grassy Surge|[of] p1b: Rillaboom\n|-enditem|p1a: Pachirisu|Grassy Seed\n|-boost|p1a: Pachirisu|def|1|[from] item: Grassy Seed\n|turn|1\n|\n|t:|1699672703\n|-terastallize|p1b: Rillaboom|Fire\n|move|p1b: Rillaboom|Fake Out|p2a: BEAR!!!\n|-damage|p2a: BEAR!!!|87\/100\n|cant|p2a: BEAR!!!|flinch\n|move|p2b: poyo!!|Ivy Cudgel|p1b: Rillaboom\n|-resisted|p1b: Rillaboom\n|-damage|p1b: Rillaboom|68\/100\n|move|p1a: Pachirisu|Nuzzle|p2b: poyo!!\n|-resisted|p2b: poyo!!\n|-damage|p2b: poyo!!|98\/100\n|-status|p2b: poyo!!|par\n|\n|-heal|p2a: BEAR!!!|93\/100|[from] Grassy Terrain\n|-heal|p1b: Rillaboom|74\/100|[from] Grassy Terrain\n|-heal|p2b: poyo!!|100\/100 par|[from] Grassy Terrain\n|upkeep\n|turn|2\n|inactive|speedrunlegend has 30 seconds left.\n|\n|t:|1699672729\n|switch|p1b: Gyarados|Gyarados, L50, M|100\/100\n|-ability|p1b: Gyarados|Intimidate|boost\n|-unboost|p2a: BEAR!!!|atk|1\n|-unboost|p2b: poyo!!|atk|1\n|cant|p2b: poyo!!|par\n|move|p2a: BEAR!!!|Wicked Blow|p1b: Gyarados\n|-crit|p1b: Gyarados\n|-damage|p1b: Gyarados|21\/100\n|move|p1a: Pachirisu|Nuzzle|p2a: BEAR!!!\n|-damage|p2a: BEAR!!!|89\/100\n|-status|p2a: BEAR!!!|par\n|\n|-heal|p2a: BEAR!!!|95\/100 par|[from] Grassy Terrain\n|upkeep\n|turn|3\n|\n|t:|1699672748\n|move|p2a: BEAR!!!|Sucker Punch|p1b: Gyarados\n|-damage|p1b: Gyarados|0 fnt\n|faint|p1b: Gyarados\n|move|p1a: Pachirisu|Super Fang|p2a: BEAR!!!\n|-damage|p2a: BEAR!!!|48\/100 par\n|cant|p2b: poyo!!|par\n|\n|-heal|p2a: BEAR!!!|54\/100 par|[from] Grassy Terrain\n|upkeep\n|\n|t:|1699672752\n|switch|p1b: Rillaboom|Rillaboom, L50, F, tera:Fire|74\/100\n|turn|4\n|j| christianfinity\n|\n|t:|1699672766\n|move|p2b: poyo!!|Spiky Shield|p2b: poyo!!\n|-singleturn|p2b: poyo!!|move: Protect\n|move|p1a: Pachirisu|Super Fang|p2b: poyo!!\n|-activate|p2b: poyo!!|move: Protect\n|-damage|p1a: Pachirisu|89\/100|[from] Spiky Shield|[of] p2b: poyo!!\n|move|p1b: Rillaboom|Wood Hammer|p2a: BEAR!!!\n|-damage|p2a: BEAR!!!|0 fnt\n|faint|p2a: BEAR!!!\n|-damage|p1b: Rillaboom|57\/100|[from] Recoil\n|\n|-heal|p1a: Pachirisu|95\/100|[from] Grassy Terrain\n|-heal|p1b: Rillaboom|62\/100|[from] Grassy Terrain\n|upkeep\n|inactive|filthytrashgoblin has 30 seconds left.\n|\n|t:|1699672793\n|switch|p2a: swoona|Cresselia, L50, F|100\/100\n|turn|5\n|\n|t:|1699672808\n|move|p1a: Pachirisu|Super Fang|p2a: swoona|[miss]\n|-miss|p1a: Pachirisu|p2a: swoona\n|move|p2a: swoona|Calm Mind|p2a: swoona\n|-boost|p2a: swoona|spa|1\n|-boost|p2a: swoona|spd|1\n|move|p1b: Rillaboom|Swords Dance|p1b: Rillaboom\n|-boost|p1b: Rillaboom|atk|2\n|move|p2b: poyo!!|Swords Dance|p2b: poyo!!\n|-boost|p2b: poyo!!|atk|2\n|\n|-heal|p1a: Pachirisu|100\/100|[from] Grassy Terrain\n|-heal|p1b: Rillaboom|68\/100|[from] Grassy Terrain\n|-fieldend|move: Grassy Terrain\n|upkeep\n|turn|6\n|\n|t:|1699672827\n|move|p1a: Pachirisu|Super Fang|p2a: swoona\n|-damage|p2a: swoona|51\/100\n|move|p2a: swoona|Calm Mind|p2a: swoona\n|-boost|p2a: swoona|spa|1\n|-boost|p2a: swoona|spd|1\n|move|p1b: Rillaboom|Wood Hammer|p2a: swoona\n|-damage|p2a: swoona|0 fnt\n|faint|p2a: swoona\n|-damage|p1b: Rillaboom|46\/100|[from] Recoil\n|move|p2b: poyo!!|Swords Dance|p2b: poyo!!\n|-boost|p2b: poyo!!|atk|2\n|\n|upkeep\n|c|\u2606speedrunlegend|Lunar hlessing woulda saved u prolly\n|\n|t:|1699672842\n|switch|p2a: floofadoof|Flutter Mane, L50|100\/100\n|-enditem|p2a: floofadoof|Booster Energy\n|-activate|p2a: floofadoof|ability: Protosynthesis|[fromitem]\n|-start|p2a: floofadoof|protosynthesisspe\n|turn|7\n|c|\u2606speedrunlegend|U rcould heal para\n|\n|t:|1699672856\n|-terastallize|p2a: floofadoof|Ghost\n|move|p1b: Rillaboom|Protect|p1b: Rillaboom\n|-singleturn|p1b: Rillaboom|Protect\n|move|p2a: floofadoof|Shadow Ball|p1b: Rillaboom\n|-activate|p1b: Rillaboom|move: Protect\n|move|p1a: Pachirisu|Nuzzle|p2a: floofadoof\n|-damage|p2a: floofadoof|94\/100\n|-status|p2a: floofadoof|par\n|move|p2b: poyo!!|Ivy Cudgel|p1a: Pachirisu\n|-crit|p1a: Pachirisu\n|-damage|p1a: Pachirisu|0 fnt\n|faint|p1a: Pachirisu\n|\n|upkeep\n|\n|t:|1699672863\n|switch|p1a: Cresselia|Cresselia, L50, F|100\/100\n|turn|8\n|\n|t:|1699672874\n|move|p2a: floofadoof|Shadow Ball|p1a: Cresselia\n|-supereffective|p1a: Cresselia\n|-damage|p1a: Cresselia|32\/100\n|-enditem|p1a: Cresselia|Sitrus Berry|[eat]\n|-heal|p1a: Cresselia|56\/100|[from] item: Sitrus Berry\n|move|p1b: Rillaboom|Wood Hammer|p2a: floofadoof\n|-damage|p2a: floofadoof|0 fnt\n|faint|p2a: floofadoof\n|-end|p2a: floofadoof|Protosynthesis|[silent]\n|-damage|p1b: Rillaboom|23\/100|[from] Recoil\n|move|p1a: Cresselia|Lunar Blessing|p1a: Cresselia|[spread] p1a,p1b\n|-heal|p1a: Cresselia|82\/100\n|-heal|p1b: Rillaboom|48\/100\n|cant|p2b: poyo!!|par\n|\n|upkeep\n|turn|9\n|inactive|speedrunlegend has 30 seconds left.\n|\n|t:|1699672901\n|move|p1b: Rillaboom|Swords Dance|p1b: Rillaboom\n|-boost|p1b: Rillaboom|atk|2\n|move|p1a: Cresselia|Calm Mind|p1a: Cresselia\n|-boost|p1a: Cresselia|spa|1\n|-boost|p1a: Cresselia|spd|1\n|move|p2b: poyo!!|Ivy Cudgel|p1a: Cresselia\n|-crit|p1a: Cresselia\n|-damage|p1a: Cresselia|0 fnt\n|faint|p1a: Cresselia\n|\n|upkeep\n|turn|10\n|c|\u2606speedrunlegend|Wow\n|\n|t:|1699672914\n|cant|p2b: poyo!!|par\n|move|p1b: Rillaboom|Wood Hammer|p2b: poyo!!\n|-resisted|p2b: poyo!!\n|-damage|p2b: poyo!!|56\/100 par\n|-damage|p1b: Rillaboom|33\/100|[from] Recoil\n|\n|upkeep\n|turn|11\n|\n|t:|1699672923\n|move|p1b: Rillaboom|Wood Hammer|p2b: poyo!!\n|-resisted|p2b: poyo!!\n|-damage|p2b: poyo!!|5\/100 par\n|-damage|p1b: Rillaboom|16\/100|[from] Recoil\n|move|p2b: poyo!!|Horn Leech|p1b: Rillaboom\n|-resisted|p1b: Rillaboom\n|-damage|p1b: Rillaboom|0 fnt\n|-heal|p2b: poyo!!|13\/100 par|[from] drain|[of] p1b: Rillaboom\n|faint|p1b: Rillaboom\n|\n|win|filthytrashgoblin\n","uploadtime":1699672927,"views":18,"p1id":"speedrunlegend","p2id":"filthytrashgoblin","formatid":"gen9vgc2023regulatione","rating":0,"private":0,"password":""}