{"id":"gen9vgc2023regulatione-1997599662","p1":"hanzinmyint","p2":"longhuanjuan","format":"[Gen 9] VGC 2023 Regulation E","log":"|j|\u2606hanzinmyint\n|j|\u2606longhuanjuan\n|t:|1700831240\n|gametype|doubles\n|player|p1|hanzinmyint|102|1205\n|player|p2|longhuanjuan|1|1174\n|teamsize|p1|6\n|teamsize|p2|6\n|gen|9\n|tier|[Gen 9] VGC 2023 Regulation E\n|rated|\n|rule|Species Clause: Limit one of each Pok\u00e9mon\n|rule|Item Clause: Limit one of each item\n|clearpoke\n|poke|p1|Dragonite, L50, F|\n|poke|p1|Torkoal, L50, M|\n|poke|p1|Flutter Mane, L50|\n|poke|p1|Great Tusk, L50|\n|poke|p1|Cresselia, L50, F|\n|poke|p1|Heatran, L50, M|\n|poke|p2|Roaring Moon, L50|\n|poke|p2|Arcanine-Hisui, L50, M|\n|poke|p2|Thundurus-Therian, L50, M|\n|poke|p2|Gholdengo, L50|\n|poke|p2|Urshifu-*, L50, F|\n|poke|p2|Ogerpon, L50, F|\n|teampreview|4\n|inactive|Battle timer is ON: inactive players will automatically lose when time's up. (requested by hanzinmyint)\n|j| fheopjgaoijfaofjo\n|inactive|longhuanjuan has 60 seconds left.\n|n|!hanzinmyint|hanzinmyint\n|\n|t:|1700831282\n|start\n|switch|p1a: Dragonite|Dragonite, L50, F|100\/100\n|switch|p1b: Heatran|Heatran, L50, M|100\/100\n|switch|p2a: Arcanine|Arcanine-Hisui, L50, M|100\/100\n|switch|p2b: Roaring Moon|Roaring Moon, L50|100\/100\n|-ability|p2a: Arcanine|Intimidate|boost\n|-fail|p1a: Dragonite|unboost|Attack|[from] ability: Inner Focus|[of] p1a: Dragonite\n|-unboost|p1b: Heatran|atk|1\n|-enditem|p2b: Roaring Moon|Booster Energy\n|-activate|p2b: Roaring Moon|ability: Protosynthesis|[fromitem]\n|-start|p2b: Roaring Moon|protosynthesisspe\n|turn|1\n|inactive|hanzinmyint has 30 seconds left.\n|\n|t:|1700831312\n|switch|p2a: Thundurus|Thundurus-Therian, L50, M|100\/100\n|-terastallize|p1b: Heatran|Grass\n|move|p2b: Roaring Moon|Breaking Swipe|p1b: Heatran|[spread] p1a,p1b\n|-supereffective|p1a: Dragonite\n|-damage|p1a: Dragonite|57\/100\n|-damage|p1b: Heatran|83\/100\n|-unboost|p1a: Dragonite|atk|1\n|-unboost|p1b: Heatran|atk|1\n|move|p1a: Dragonite|Tailwind|p1a: Dragonite\n|-sidestart|p1: hanzinmyint|move: Tailwind\n|move|p1b: Heatran|Tera Blast|p2a: Thundurus|[anim] Tera Blast Grass\n|-resisted|p2a: Thundurus\n|-damage|p2a: Thundurus|84\/100\n|\n|upkeep\n|turn|2\n|inactive|hanzinmyint has 30 seconds left.\n|inactive|longhuanjuan has 30 seconds left.\n|inactive|hanzinmyint has 20 seconds left.\n|\n|t:|1700831348\n|-terastallize|p2a: Thundurus|Flying\n|move|p1a: Dragonite|Encore|p2b: Roaring Moon\n|-start|p2b: Roaring Moon|Encore\n|move|p2b: Roaring Moon|Breaking Swipe|p1b: Heatran|[spread] p1a,p1b\n|-supereffective|p1a: Dragonite\n|-damage|p1a: Dragonite|14\/100\n|-damage|p1b: Heatran|67\/100\n|-unboost|p1a: Dragonite|atk|1\n|-unboost|p1b: Heatran|atk|1\n|move|p1b: Heatran|Heat Wave|p2a: Thundurus|[spread] p2a,p2b\n|-resisted|p2b: Roaring Moon\n|-damage|p2a: Thundurus|54\/100\n|-damage|p2b: Roaring Moon|83\/100\n|-status|p2b: Roaring Moon|brn\n|move|p2a: Thundurus|Tera Blast|p1b: Heatran|[anim] Tera Blast Flying\n|-supereffective|p1b: Heatran\n|-damage|p1b: Heatran|6\/100\n|\n|-damage|p2b: Roaring Moon|77\/100 brn|[from] brn\n|upkeep\n|turn|3\n|inactive|hanzinmyint has 30 seconds left.\n|\n|t:|1700831383\n|switch|p1b: Torkoal|Torkoal, L50, M|100\/100\n|-weather|SunnyDay|[from] ability: Drought|[of] p1b: Torkoal\n|switch|p2a: Arcanine|Arcanine-Hisui, L50, M|100\/100\n|-ability|p2a: Arcanine|Intimidate|boost\n|-fail|p1a: Dragonite|unboost|Attack|[from] ability: Inner Focus|[of] p1a: Dragonite\n|-unboost|p1b: Torkoal|atk|1\n|move|p1a: Dragonite|Extreme Speed|p2a: Arcanine\n|-resisted|p2a: Arcanine\n|-damage|p2a: Arcanine|92\/100\n|move|p2b: Roaring Moon|Breaking Swipe|p1b: Torkoal|[spread] p1a,p1b\n|-supereffective|p1a: Dragonite\n|-damage|p1a: Dragonite|0 fnt\n|-damage|p1b: Torkoal|94\/100\n|-unboost|p1b: Torkoal|atk|1\n|faint|p1a: Dragonite\n|\n|-weather|SunnyDay|[upkeep]\n|-damage|p2b: Roaring Moon|71\/100 brn|[from] brn\n|upkeep\n|l| fheopjgaoijfaofjo\n|inactive|hanzinmyint has 30 seconds left.\n|\n|t:|1700831414\n|switch|p1a: Flutter Mane|Flutter Mane, L50|100\/100\n|-activate|p1a: Flutter Mane|ability: Protosynthesis\n|-start|p1a: Flutter Mane|protosynthesisspe\n|turn|4\n|\n|t:|1700831431\n|move|p1a: Flutter Mane|Substitute|p1a: Flutter Mane\n|-start|p1a: Flutter Mane|Substitute\n|-damage|p1a: Flutter Mane|76\/100\n|move|p2b: Roaring Moon|Breaking Swipe|p1b: Torkoal|[spread] p1b\n|-immune|p1a: Flutter Mane\n|-damage|p1b: Torkoal|85\/100\n|-unboost|p1b: Torkoal|atk|1\n|move|p2a: Arcanine|Rock Slide|p1b: Torkoal|[spread] p1a,p1b\n|-end|p1a: Flutter Mane|Substitute\n|-supereffective|p1b: Torkoal\n|-damage|p1b: Torkoal|23\/100\n|move|p1b: Torkoal|Overheat|p2b: Roaring Moon|[miss]\n|-miss|p1b: Torkoal|p2b: Roaring Moon\n|\n|-weather|SunnyDay|[upkeep]\n|-heal|p1a: Flutter Mane|82\/100|[from] item: Leftovers\n|-damage|p2b: Roaring Moon|65\/100 brn|[from] brn\n|-end|p2b: Roaring Moon|Encore\n|-sideend|p1: hanzinmyint|move: Tailwind\n|upkeep\n|turn|5\n|inactive|hanzinmyint has 30 seconds left.\n|-message|hanzinmyint forfeited.\n|\n|win|longhuanjuan\n|raw|hanzinmyint's rating: 1205 &rarr; <strong>1178<\/strong><br \/>(-27 for losing)\n|raw|longhuanjuan's rating: 1174 &rarr; <strong>1201<\/strong><br \/>(+27 for winning)\n|l|!hanzinmyint\n","uploadtime":1700831279,"views":2,"p1id":"hanzinmyint","p2id":"longhuanjuan","formatid":"gen9vgc2023regulatione","rating":1178,"private":0,"password":""}