{"id":"gen9vgc2023regulatione-1999861068","p1":"CanuckChum","p2":"frootloops007","format":"[Gen 9] VGC 2023 Regulation E","log":"|j|\u2606CanuckChum\n|j|\u2606frootloops007\n|n|\u2606CanuckChum|canuckchum\n|n|\u2606frootloops007|frootloops007\n|html|View the match progress at <a href=\"\/game-bestof3-gen9vgc2023regulatione-1999857172\">game-bestof3-gen9vgc2023regulatione-1999857172<\/a>\n|t:|1701123738\n|gametype|doubles\n|player|p1|CanuckChum|colress|\n|player|p2|frootloops007|266|\n|teamsize|p1|6\n|teamsize|p2|6\n|gen|9\n|tier|[Gen 9] VGC 2023 Regulation E\n|rule|Species Clause: Limit one of each Pok\u00e9mon\n|rule|Item Clause: Limit one of each item\n|clearpoke\n|poke|p1|Gholdengo, L50|\n|poke|p1|Iron Jugulis, L50|\n|poke|p1|Misdreavus, L50, M|\n|poke|p1|Great Tusk, L50|\n|poke|p1|Baxcalibur, L50, M|\n|poke|p1|Tyranitar, L50, M|\n|poke|p2|Dragapult, L50, M|\n|poke|p2|Flutter Mane, L50|\n|poke|p2|Annihilape, L50, F|\n|poke|p2|Bramblin, L50, M|\n|poke|p2|Sableye, L50, F|\n|poke|p2|Ceruledge, L50, M|\n|teampreview|4\nfrootloops007 rejected open team sheets.\n|\n|t:|1701123779\n|start\n|switch|p1a: Diet Flutter Mane|Misdreavus, L50, M|100\/100\n|switch|p1b: Tyranititan|Tyranitar, L50, M|100\/100\n|switch|p2a: Annihilape|Annihilape, L50, F|100\/100\n|switch|p2b: Bramblin|Bramblin, L50, M|100\/100\n|-weather|Sandstorm|[from] ability: Sand Stream|[of] p1b: Tyranititan\n|turn|1\n|\n|t:|1701123843\n|switch|p2a: Ceruledge|Ceruledge, L50, M|100\/100\n|move|p1b: Tyranititan|Protect|p1b: Tyranititan\n|-singleturn|p1b: Tyranititan|Protect\n|move|p2b: Bramblin|Night Shade|p1a: Diet Flutter Mane\n|-damage|p1a: Diet Flutter Mane|63\/100\n|move|p1a: Diet Flutter Mane|Trick Room|p1a: Diet Flutter Mane\n|-fieldstart|move: Trick Room|[of] p1a: Diet Flutter Mane\n|\n|-weather|Sandstorm|[upkeep]\n|-damage|p1a: Diet Flutter Mane|58\/100|[from] Sandstorm\n|-damage|p2b: Bramblin|94\/100|[from] Sandstorm\n|-damage|p2a: Ceruledge|94\/100|[from] Sandstorm\n|upkeep\n|turn|2\n|\n|t:|1701123897\n|move|p1b: Tyranititan|Knock Off|p2a: Ceruledge\n|-supereffective|p2a: Ceruledge\n|-damage|p2a: Ceruledge|0 fnt\n|-enditem|p2a: Ceruledge|Iapapa Berry|[from] move: Knock Off|[of] p1b: Tyranititan\n|faint|p2a: Ceruledge\n|move|p1a: Diet Flutter Mane|Hex|p2b: Bramblin\n|-supereffective|p2b: Bramblin\n|-damage|p2b: Bramblin|11\/100\n|move|p2b: Bramblin|Strength Sap|p1b: Tyranititan\n|-unboost|p1b: Tyranititan|atk|1\n|-heal|p2b: Bramblin|100\/100\n|\n|-weather|Sandstorm|[upkeep]\n|-damage|p1a: Diet Flutter Mane|52\/100|[from] Sandstorm\n|-damage|p2b: Bramblin|94\/100|[from] Sandstorm\n|upkeep\n|\n|t:|1701123909\n|switch|p2a: Annihilape|Annihilape, L50, F|100\/100\n|turn|3\n|\n|t:|1701123925\n|-terastallize|p2a: Annihilape|Fighting\n|move|p1b: Tyranititan|Shadow Claw|p2b: Bramblin\n|-supereffective|p2b: Bramblin\n|-damage|p2b: Bramblin|0 fnt\n|faint|p2b: Bramblin\n|move|p1a: Diet Flutter Mane|Will-O-Wisp|p2a: Annihilape\n|-status|p2a: Annihilape|brn\n|move|p2a: Annihilape|Drain Punch|p1b: Tyranititan\n|-supereffective|p1b: Tyranititan\n|-damage|p1b: Tyranititan|12\/100\n|-enditem|p1b: Tyranititan|Weakness Policy\n|-boost|p1b: Tyranititan|atk|2|[from] item: Weakness Policy\n|-boost|p1b: Tyranititan|spa|2|[from] item: Weakness Policy\n|\n|-weather|Sandstorm|[upkeep]\n|-damage|p1a: Diet Flutter Mane|46\/100|[from] Sandstorm\n|-damage|p2a: Annihilape|95\/100 brn|[from] Sandstorm\n|-damage|p2a: Annihilape|89\/100 brn|[from] brn\n|upkeep\n|\n|t:|1701123937\n|switch|p2b: Flutter Mane|Flutter Mane, L50|100\/100\n|turn|4\n|\n|t:|1701123963\n|move|p2b: Flutter Mane|Protect|p2b: Flutter Mane\n|-singleturn|p2b: Flutter Mane|Protect\n|move|p1a: Diet Flutter Mane|Hex|p2a: Annihilape\n|-damage|p2a: Annihilape|62\/100 brn\n|move|p1b: Tyranititan|Knock Off|p2b: Flutter Mane\n|-activate|p2b: Flutter Mane|move: Protect\n|move|p2a: Annihilape|Earthquake|p1b: Tyranititan|[spread] p1b\n|-activate|p2b: Flutter Mane|move: Protect\n|-immune|p1a: Diet Flutter Mane|[from] ability: Levitate\n|-supereffective|p1b: Tyranititan\n|-damage|p1b: Tyranititan|0 fnt\n|faint|p1b: Tyranititan\n|\n|-weather|Sandstorm|[upkeep]\n|-damage|p1a: Diet Flutter Mane|40\/100|[from] Sandstorm\n|-damage|p2a: Annihilape|56\/100 brn|[from] Sandstorm\n|-damage|p2b: Flutter Mane|94\/100|[from] Sandstorm\n|-damage|p2a: Annihilape|50\/100 brn|[from] brn\n|upkeep\n|\n|t:|1701123986\n|switch|p1b: Golden Joe|Gholdengo, L50|100\/100\n|turn|5\n|\n|t:|1701124006\n|move|p1b: Golden Joe|Make It Rain|p2b: Flutter Mane|[spread] p2a,p2b\n|-supereffective|p2b: Flutter Mane\n|-damage|p2a: Annihilape|21\/100 brn\n|-damage|p2b: Flutter Mane|0 fnt\n|-unboost|p1b: Golden Joe|spa|1\n|faint|p2b: Flutter Mane\n|-end|p2b: Flutter Mane|Protosynthesis|[silent]\n|move|p1a: Diet Flutter Mane|Hex|p2a: Annihilape\n|-damage|p2a: Annihilape|0 fnt\n|faint|p2a: Annihilape\n|\n|win|CanuckChum\n|c|\u2606frootloops007|gg\n|c|\u2606CanuckChum|gg\n|l|\u2606frootloops007\n","uploadtime":1701124032,"views":3,"p1id":"canuckchum","p2id":"frootloops007","formatid":"gen9vgc2023regulatione","rating":0,"private":0,"password":""}