{"id":"gen9vgc2023regulatione-1999705234","p1":"cressuna","p2":"accrola","format":"[Gen 9] VGC 2023 Regulation E","log":"|j|\u2606cressuna\n|j|\u2606accrola\n|t:|1701109426\n|gametype|doubles\n|player|p1|cressuna|pokemonranger-gen4|1168\n|player|p2|accrola|mira|1137\n|teamsize|p1|6\n|teamsize|p2|6\n|gen|9\n|tier|[Gen 9] VGC 2023 Regulation E\n|rated|\n|rule|Species Clause: Limit one of each Pok\u00e9mon\n|rule|Item Clause: Limit one of each item\n|clearpoke\n|poke|p1|Ursaluna, L50, F|\n|poke|p1|Cresselia, L50, F|\n|poke|p1|Indeedee-F, L50, F|\n|poke|p1|Armarouge, L50, F|\n|poke|p1|Lilligant-Hisui, L50, F|\n|poke|p1|Torkoal, L50, M|\n|poke|p2|Basculegion, L50, M|\n|poke|p2|Fezandipiti, L50, M|\n|poke|p2|Lilligant-Hisui, L50, F|\n|poke|p2|Ogerpon-Hearthflame, L50, F|\n|poke|p2|Sylveon, L50, M|\n|poke|p2|Flutter Mane, L50|\n|teampreview|4\n|inactive|Battle timer is ON: inactive players will automatically lose when time's up. (requested by accrola)\n|inactive|cressuna also wants the timer to be on.\naccrola rejected open team sheets.\n|inactive|cressuna has 60 seconds left.\n|inactive|accrola has 60 seconds left.\n|\n|t:|1701109463\n|start\n|switch|p1a: Indeedee|Indeedee-F, L50, F|100\/100\n|switch|p1b: Armarouge|Armarouge, L50, F|100\/100\n|switch|p2a: Fezandipiti|Fezandipiti, L50, M|100\/100\n|switch|p2b: Flutter Mane|Flutter Mane, L50|100\/100\n|-fieldstart|move: Psychic Terrain|[from] ability: Psychic Surge|[of] p1a: Indeedee\n|-enditem|p2b: Flutter Mane|Booster Energy\n|-activate|p2b: Flutter Mane|ability: Protosynthesis|[fromitem]\n|-start|p2b: Flutter Mane|protosynthesisspa\n|turn|1\n|\n|t:|1701109479\n|move|p1a: Indeedee|Follow Me|p1a: Indeedee\n|-singleturn|p1a: Indeedee|move: Follow Me\n|move|p2b: Flutter Mane|Imprison|p2b: Flutter Mane\n|-start|p2b: Flutter Mane|move: Imprison\n|move|p2a: Fezandipiti|Dazzling Gleam|p1a: Indeedee|[spread] p1a,p1b\n|-resisted|p1b: Armarouge\n|-damage|p1a: Indeedee|83\/100\n|-damage|p1b: Armarouge|91\/100\n|cant|p1b: Armarouge|move: Imprison|Trick Room\n|\n|upkeep\n|turn|2\n|inactive|cressuna has 30 seconds left.\n|\n|t:|1701109505\n|-terastallize|p1b: Armarouge|Grass\n|move|p1a: Indeedee|Follow Me|p1a: Indeedee\n|-singleturn|p1a: Indeedee|move: Follow Me\n|move|p2b: Flutter Mane|Shadow Ball|p1a: Indeedee\n|-immune|p1a: Indeedee\n|move|p2a: Fezandipiti|Dazzling Gleam|p1a: Indeedee|[spread] p1a,p1b\n|-damage|p1a: Indeedee|65\/100\n|-damage|p1b: Armarouge|68\/100\n|-status|p1a: Indeedee|tox|[from] ability: Toxic Chain|[of] p2a: Fezandipiti\n|move|p1b: Armarouge|Expanding Force|p2a: Fezandipiti|[spread] p2a,p2b\n|-supereffective|p2a: Fezandipiti\n|-damage|p2a: Fezandipiti|0 fnt\n|-damage|p2b: Flutter Mane|20\/100\n|faint|p2a: Fezandipiti\n|\n|-damage|p1a: Indeedee|59\/100 tox|[from] psn\n|upkeep\n|\n|t:|1701109523\n|switch|p2a: Lilligant|Lilligant-Hisui, L50, F|100\/100\n|turn|3\n|\n|t:|1701109543\n|move|p1a: Indeedee|Follow Me|p1a: Indeedee\n|-singleturn|p1a: Indeedee|move: Follow Me\n|move|p2b: Flutter Mane|Moonblast|p1a: Indeedee\n|-damage|p1a: Indeedee|0 fnt\n|faint|p1a: Indeedee\n|move|p2a: Lilligant|Leaf Blade|p1b: Armarouge\n|-resisted|p1b: Armarouge\n|-damage|p1b: Armarouge|49\/100\n|move|p1b: Armarouge|Expanding Force|p2a: Lilligant|[spread] p2a,p2b\n|-supereffective|p2a: Lilligant\n|-damage|p2a: Lilligant|0 fnt\n|-damage|p2b: Flutter Mane|0 fnt\n|faint|p2a: Lilligant\n|faint|p2b: Flutter Mane\n|-end|p2b: Flutter Mane|Protosynthesis|[silent]\n|\n|upkeep\n|\n|t:|1701109557\n|switch|p2a: Basculegion|Basculegion, L50, M|100\/100\n|switch|p1a: Cresselia|Cresselia, L50, F|100\/100\n|turn|4\n|\n|t:|1701109574\n|move|p1b: Armarouge|Protect|p1b: Armarouge\n|-singleturn|p1b: Armarouge|Protect\n|move|p2a: Basculegion|Last Respects|p1a: Cresselia\n|-supereffective|p1a: Cresselia\n|-damage|p1a: Cresselia|0 fnt\n|faint|p1a: Cresselia\n|\n|upkeep\n|\n|t:|1701109580\n|switch|p1a: Ursaluna|Ursaluna, L50, F|100\/100\n|turn|5\n|\n|t:|1701109593\n|-terastallize|p2a: Basculegion|Grass\n|move|p2a: Basculegion|Last Respects|p1b: Armarouge\n|-damage|p1b: Armarouge|0 fnt\n|faint|p1b: Armarouge\n|move|p1a: Ursaluna|Earthquake|p2a: Basculegion\n|-resisted|p2a: Basculegion\n|-damage|p2a: Basculegion|62\/100\n|\n|-fieldend|move: Psychic Terrain\n|-status|p1a: Ursaluna|brn|[from] item: Flame Orb\n|upkeep\n|turn|6\n|\n|t:|1701109608\n|move|p2a: Basculegion|Wave Crash|p1a: Ursaluna\n|-supereffective|p1a: Ursaluna\n|-damage|p1a: Ursaluna|14\/100 brn\n|-damage|p2a: Basculegion|31\/100|[from] Recoil\n|move|p1a: Ursaluna|Facade|p2a: Basculegion\n|-damage|p2a: Basculegion|0 fnt\n|faint|p2a: Basculegion\n|\n|win|cressuna\n|raw|cressuna's rating: 1168 &rarr; <strong>1191<\/strong><br \/>(+23 for winning)\n|raw|accrola's rating: 1137 &rarr; <strong>1114<\/strong><br \/>(-23 for losing)\n","uploadtime":1701109619,"views":2,"p1id":"cressuna","p2id":"accrola","formatid":"gen9vgc2023regulatione","rating":1114,"private":0,"password":""}