{"id":"gen9vgc2023regulatione-1998118831","p1":"ThunderBall101","p2":"Spookz_Legend","format":"[Gen 9] VGC 2023 Regulation E","log":"|j|\u2606ThunderBall101\n|j|\u2606Spookz_Legend\n|n|\u2606ThunderBall101|thunderball101\n|n|\u2606Spookz_Legend|spookzlegend\n|html|View the match progress at <a href=\"\/game-bestof3-gen9vgc2023regulatione-1998117334\">game-bestof3-gen9vgc2023regulatione-1998117334<\/a>\n|t:|1700894688\n|gametype|doubles\n|player|p1|ThunderBall101|wattson|\n|player|p2|Spookz_Legend|cheren|\n|teamsize|p1|6\n|teamsize|p2|6\n|gen|9\n|tier|[Gen 9] VGC 2023 Regulation E\n|rule|Species Clause: Limit one of each Pok\u00e9mon\n|rule|Item Clause: Limit one of each item\n|clearpoke\n|poke|p1|Tornadus, L50, M|\n|poke|p1|Regidrago, L50|\n|poke|p1|Chi-Yu, L50|\n|poke|p1|Dondozo, L50, F|\n|poke|p1|Tatsugiri, L50, M|\n|poke|p1|Spiritomb, L50, F|\n|poke|p2|Fezandipiti, L50, M|\n|poke|p2|Trevenant, L50, M|\n|poke|p2|Magnezone, L50|\n|poke|p2|Iron Bundle, L50|\n|poke|p2|Maushold, L50|\n|poke|p2|Medicham, L50, M|\n|teampreview|4\n|c|\u2606ThunderBall101|Glhf\n|c|\u2606Spookz_Legend|u2\n|\n|t:|1700894736\n|start\n|switch|p1a: Nightlight|Spiritomb, L50, F|100\/100\n|switch|p1b: Bubbles|Chi-Yu, L50|100\/100\n|switch|p2a: Medicham|Medicham, L50, M|100\/100\n|switch|p2b: Iron Bundle|Iron Bundle, L50|100\/100\n|-ability|p1b: Bubbles|Beads of Ruin\n|turn|1\n|\n|t:|1700894754\n|move|p1a: Nightlight|Ally Switch|p1a: Nightlight\n|swap|p1a: Nightlight|1|[from] move: Ally Switch\n|move|p2b: Iron Bundle|Hydro Pump|p1a: Bubbles\n|-supereffective|p1a: Bubbles\n|-enditem|p1a: Bubbles|Focus Sash\n|-damage|p1a: Bubbles|1\/100\n|move|p1a: Bubbles|Heat Wave|p2b: Iron Bundle|[spread] p2a\n|-miss|p1a: Bubbles|p2b: Iron Bundle\n|-crit|p2a: Medicham\n|-enditem|p2a: Medicham|Focus Sash\n|-damage|p2a: Medicham|1\/100\n|-status|p2a: Medicham|brn\n|move|p2a: Medicham|Thunder Punch|p1a: Bubbles\n|-damage|p1a: Bubbles|0 fnt\n|faint|p1a: Bubbles\n|\n|-damage|p2a: Medicham|0 fnt|[from] brn\n|faint|p2a: Medicham\n|upkeep\n|\n|t:|1700894775\n|switch|p1a: Bonbozo|Dondozo, L50, F|100\/100\n|switch|p2a: Trevenant|Trevenant, L50, M|100\/100\n|turn|2\n|c|\u2606ThunderBall101|Damn, that read\n|c|\u2606Spookz_Legend|just a protect read tbh lol\n|\n|t:|1700894809\n|-terastallize|p1a: Bonbozo|Steel\n|move|p2b: Iron Bundle|Hydro Pump|p1a: Bonbozo|[miss]\n|-miss|p2b: Iron Bundle|p1a: Bonbozo\n|move|p1a: Bonbozo|Rock Slide|p2a: Trevenant|[spread] p2a\n|-miss|p1a: Bonbozo|p2b: Iron Bundle\n|-damage|p2a: Trevenant|84\/100\n|cant|p2a: Trevenant|flinch\n|move|p1b: Nightlight|Foul Play|p2a: Trevenant\n|-supereffective|p2a: Trevenant\n|-damage|p2a: Trevenant|8\/100\n|-enditem|p2a: Trevenant|Sitrus Berry|[eat]\n|-heal|p2a: Trevenant|33\/100|[from] item: Sitrus Berry\n|\n|upkeep\n|turn|3\n|c|\u2606Spookz_Legend|wel gg\n|\n|t:|1700894851\n|move|p2a: Trevenant|Protect|p2a: Trevenant\n|-singleturn|p2a: Trevenant|Protect\n|move|p2b: Iron Bundle|Hydro Pump|p1b: Nightlight\n|-damage|p1b: Nightlight|54\/100\n|move|p1a: Bonbozo|Rock Slide|p2b: Iron Bundle|[spread] p2b\n|-activate|p2a: Trevenant|move: Protect\n|-supereffective|p2b: Iron Bundle\n|-damage|p2b: Iron Bundle|58\/100\n|move|p1b: Nightlight|Dark Pulse|p2a: Trevenant\n|-activate|p2a: Trevenant|move: Protect\n|\n|upkeep\n|turn|4\n|\n|t:|1700894879\n|move|p2b: Iron Bundle|Freeze-Dry|p1b: Nightlight\n|-damage|p1b: Nightlight|21\/100\n|-status|p1b: Nightlight|frz\n|-enditem|p1b: Nightlight|Sitrus Berry|[eat]\n|-heal|p1b: Nightlight|46\/100 frz|[from] item: Sitrus Berry\n|move|p1a: Bonbozo|Rock Slide|p2a: Trevenant|[spread] p2a,p2b\n|-crit|p2a: Trevenant\n|-supereffective|p2b: Iron Bundle\n|-damage|p2a: Trevenant|8\/100\n|-damage|p2b: Iron Bundle|16\/100\n|move|p2a: Trevenant|Horn Leech|p1b: Nightlight\n|-damage|p1b: Nightlight|20\/100 frz\n|-heal|p2a: Trevenant|18\/100|[from] drain|[of] p1b: Nightlight\n|cant|p1b: Nightlight|frz\n|\n|-item|p2a: Trevenant|Sitrus Berry|[from] ability: Harvest\n|upkeep\n|-enditem|p2a: Trevenant|Sitrus Berry|[eat]\n|-heal|p2a: Trevenant|43\/100|[from] item: Sitrus Berry\n|turn|5\n|c|\u2606ThunderBall101|Ono\n|\n|t:|1700894907\n|switch|p1b: Sashimi|Tatsugiri, L50, M|100\/100\n|-activate|p1b: Sashimi|ability: Commander|[of] p1a: Bonbozo\n|-boost|p1a: Bonbozo|atk|2\n|-boost|p1a: Bonbozo|spa|2\n|-boost|p1a: Bonbozo|spe|2\n|-boost|p1a: Bonbozo|def|2\n|-boost|p1a: Bonbozo|spd|2\n|move|p2b: Iron Bundle|Freeze-Dry|p1b: Sashimi|[miss]\n|-miss|p2b: Iron Bundle|p1b: Sashimi\n|move|p1a: Bonbozo|Rock Slide|p2b: Iron Bundle|[spread] p2a,p2b\n|-supereffective|p2b: Iron Bundle\n|-damage|p2a: Trevenant|7\/100\n|-damage|p2b: Iron Bundle|0 fnt\n|faint|p2b: Iron Bundle\n|-end|p2b: Iron Bundle|Quark Drive|[silent]\n|move|p2a: Trevenant|Leech Seed|p1a: Bonbozo\n|-start|p1a: Bonbozo|move: Leech Seed\n|\n|-damage|p1a: Bonbozo|88\/100|[from] Leech Seed|[of] p2a: Trevenant\n|-heal|p2a: Trevenant|21\/100|[silent]\n|upkeep\n|\n|t:|1700894924\n|switch|p2b: Maushold|Maushold, L50|100\/100\n|turn|6\n|\n|t:|1700894930\n|move|p2b: Maushold|Protect|p2b: Maushold\n|-singleturn|p2b: Maushold|Protect\n|move|p2a: Trevenant|Protect|p2a: Trevenant\n|-singleturn|p2a: Trevenant|Protect\n|move|p1a: Bonbozo|Wave Crash|p2b: Maushold\n|-activate|p2b: Maushold|move: Protect\n|\n|-damage|p1a: Bonbozo|76\/100|[from] Leech Seed|[of] p2a: Trevenant\n|-heal|p2a: Trevenant|36\/100|[silent]\n|-item|p2a: Trevenant|Sitrus Berry|[from] ability: Harvest\n|upkeep\n|-enditem|p2a: Trevenant|Sitrus Berry|[eat]\n|-heal|p2a: Trevenant|61\/100|[from] item: Sitrus Berry\n|turn|7\n|\n|t:|1700894946\n|move|p2b: Maushold|Protect||[still]\n|-fail|p2b: Maushold\n|move|p1a: Bonbozo|Wave Crash|p2b: Maushold\n|-damage|p2b: Maushold|0 fnt\n|faint|p2b: Maushold\n|-damage|p1a: Bonbozo|55\/100|[from] Recoil\n|move|p2a: Trevenant|Haze|p2a: Trevenant\n|-clearallboost\n|\n|-damage|p1a: Bonbozo|42\/100|[from] Leech Seed|[of] p2a: Trevenant\n|-heal|p2a: Trevenant|75\/100|[silent]\n|upkeep\n|turn|8\n|\n|t:|1700894961\n|move|p2a: Trevenant|Protect|p2a: Trevenant\n|-singleturn|p2a: Trevenant|Protect\n|move|p1a: Bonbozo|Order Up|p2a: Trevenant\n|-activate|p2a: Trevenant|move: Protect\n|\n|-damage|p1a: Bonbozo|30\/100|[from] Leech Seed|[of] p2a: Trevenant\n|-heal|p2a: Trevenant|90\/100|[silent]\n|upkeep\n|turn|9\n|\n|t:|1700894971\n|move|p1a: Bonbozo|Order Up|p2a: Trevenant\n|-damage|p2a: Trevenant|66\/100\n|-boost|p1a: Bonbozo|atk|1\n|move|p2a: Trevenant|Haze|p2a: Trevenant\n|-clearallboost\n|\n|-damage|p1a: Bonbozo|18\/100|[from] Leech Seed|[of] p2a: Trevenant\n|-heal|p2a: Trevenant|81\/100|[silent]\n|upkeep\n|turn|10\n|\n|t:|1700894980\n|move|p2a: Trevenant|Protect|p2a: Trevenant\n|-singleturn|p2a: Trevenant|Protect\n|move|p1a: Bonbozo|Order Up|p2a: Trevenant\n|-activate|p2a: Trevenant|move: Protect\n|\n|-damage|p1a: Bonbozo|6\/100|[from] Leech Seed|[of] p2a: Trevenant\n|-heal|p2a: Trevenant|95\/100|[silent]\n|-item|p2a: Trevenant|Sitrus Berry|[from] ability: Harvest\n|upkeep\n|turn|11\n|\n|t:|1700894989\n|move|p1a: Bonbozo|Order Up|p2a: Trevenant\n|-crit|p2a: Trevenant\n|-damage|p2a: Trevenant|60\/100\n|-boost|p1a: Bonbozo|atk|1\n|move|p2a: Trevenant|Haze|p2a: Trevenant\n|-clearallboost\n|\n|-damage|p1a: Bonbozo|0 fnt|[from] Leech Seed|[of] p2a: Trevenant\n|-heal|p2a: Trevenant|67\/100|[silent]\n|faint|p1a: Bonbozo\n|upkeep\n|\n|t:|1700894991\n|switch|p1a: Nightlight|Spiritomb, L50, F|20\/100 frz\n|turn|12\n|\n|t:|1700895007\n|move|p1b: Sashimi|Draco Meteor|p2a: Trevenant\n|-damage|p2a: Trevenant|10\/100\n|-unboost|p1b: Sashimi|spa|2\n|-enditem|p2a: Trevenant|Sitrus Berry|[eat]\n|-heal|p2a: Trevenant|35\/100|[from] item: Sitrus Berry\n|move|p2a: Trevenant|Horn Leech|p1b: Sashimi\n|-damage|p1b: Sashimi|51\/100\n|-heal|p2a: Trevenant|54\/100|[from] drain|[of] p1b: Sashimi\n|cant|p1a: Nightlight|frz\n|\n|upkeep\n|turn|13\n|\n|t:|1700895020\n|move|p1b: Sashimi|Draco Meteor|p2a: Trevenant\n|-damage|p2a: Trevenant|27\/100\n|-unboost|p1b: Sashimi|spa|2\n|move|p2a: Trevenant|Horn Leech|p1a: Nightlight\n|-damage|p1a: Nightlight|0 fnt\n|-heal|p2a: Trevenant|35\/100|[from] drain|[of] p1a: Nightlight\n|faint|p1a: Nightlight\n|\n|upkeep\n|turn|14\n|\n|t:|1700895033\n|move|p2a: Trevenant|Protect|p2a: Trevenant\n|-singleturn|p2a: Trevenant|Protect\n|move|p1b: Sashimi|Draco Meteor|p2a: Trevenant\n|-activate|p2a: Trevenant|move: Protect\n|\n|-item|p2a: Trevenant|Sitrus Berry|[from] ability: Harvest\n|upkeep\n|-enditem|p2a: Trevenant|Sitrus Berry|[eat]\n|-heal|p2a: Trevenant|60\/100|[from] item: Sitrus Berry\n|turn|15\n|c|\u2606ThunderBall101|That friggin freeze\n|c|\u2606Spookz_Legend|yeh\n|c|\u2606ThunderBall101|I need a crit\n|\n|t:|1700895050\n|move|p1b: Sashimi|Draco Meteor|p2a: Trevenant\n|-damage|p2a: Trevenant|43\/100\n|-unboost|p1b: Sashimi|spa|2\n|move|p2a: Trevenant|Horn Leech|p1b: Sashimi\n|-damage|p1b: Sashimi|0 fnt\n|-heal|p2a: Trevenant|62\/100|[from] drain|[of] p1b: Sashimi\n|faint|p1b: Sashimi\n|\n|win|Spookz_Legend\n|c|&|\/uhtml prompt-thunderball101,ThunderBall101 is ready for game 3!\n|c|&|\/uhtml prompt-spookzlegend,Spookz_Legend is ready for game 3!\nBoth players are ready! Starting next match!\n|l|\u2606ThunderBall101\n|l|\u2606Spookz_Legend\n|j|\u2606ThunderBall101\n|player|p1|ThunderBall101|wattson\n","uploadtime":1700895462,"views":13,"p1id":"thunderball101","p2id":"spookzlegend","formatid":"gen9vgc2023regulatione","rating":0,"private":0,"password":""}