{"id":"gen9vgc2023regulatione-1987900856","p1":"Hipolymer","p2":"Seatoe","format":"[Gen 9] VGC 2023 Regulation E","log":"|j|\u2606Hipolymer\n|j|\u2606Seatoe\n|t:|1699647350\n|gametype|doubles\n|player|p1|Hipolymer|pokemaniac|1353\n|player|p2|Seatoe|sailor|1339\n|teamsize|p1|6\n|teamsize|p2|6\n|gen|9\n|tier|[Gen 9] VGC 2023 Regulation E\n|rated|\n|rule|Species Clause: Limit one of each Pok\u00e9mon\n|rule|Item Clause: Limit one of each item\n|clearpoke\n|poke|p1|Scream Tail, L50|\n|poke|p1|Chien-Pao, L50|\n|poke|p1|Arcanine-Hisui, L50, M|\n|poke|p1|Rillaboom, L50, M|\n|poke|p1|Urshifu-*, L50, F|\n|poke|p1|Gothitelle, L50, M|\n|poke|p2|Empoleon, L50, F|\n|poke|p2|Sinistcha, L50|\n|poke|p2|Arcanine, L50, F|\n|poke|p2|Grimmsnarl, L50, M|\n|poke|p2|Kommo-o, L50, F|\n|poke|p2|Snorlax, L50, F|\n|teampreview|4\n|inactive|Battle timer is ON: inactive players will automatically lose when time's up. (requested by Hipolymer)\n|inactive|Hipolymer has 60 seconds left.\n|\n|t:|1699647394\n|start\n|switch|p1a: Scream Tail|Scream Tail, L50|100\/100\n|switch|p1b: Urshifu|Urshifu-Rapid-Strike, L50, F|100\/100\n|switch|p2a: Empoleon|Empoleon, L50, F|100\/100\n|switch|p2b: Kommo-o|Kommo-o, L50, F|100\/100\n|-enditem|p1a: Scream Tail|Booster Energy\n|-activate|p1a: Scream Tail|ability: Protosynthesis|[fromitem]\n|-start|p1a: Scream Tail|protosynthesisspe\n|turn|1\n|inactive|Hipolymer has 30 seconds left.\n|\n|t:|1699647428\n|-terastallize|p2a: Empoleon|Fairy\n|move|p1a: Scream Tail|Play Rough|p2b: Kommo-o\n|-supereffective|p2b: Kommo-o\n|-damage|p2b: Kommo-o|20\/100\n|move|p1b: Urshifu|U-turn|p2a: Empoleon\n|-resisted|p2a: Empoleon\n|-damage|p2a: Empoleon|88\/100\n|\n|t:|1699647442\n|switch|p1b: Gothitelle|Gothitelle, L50, M|100\/100|[from] U-turn\n|move|p2b: Kommo-o|Flash Cannon|p1a: Scream Tail\n|-supereffective|p1a: Scream Tail\n|-damage|p1a: Scream Tail|66\/100\n|move|p2a: Empoleon|Flash Cannon|p1a: Scream Tail\n|-supereffective|p1a: Scream Tail\n|-damage|p1a: Scream Tail|12\/100\n|-unboost|p1a: Scream Tail|spd|1\n|\n|upkeep\n|turn|2\n|inactive|Seatoe has 30 seconds left.\n|\n|t:|1699647475\n|move|p1a: Scream Tail|Disable|p2a: Empoleon\n|-start|p2a: Empoleon|Disable|Flash Cannon\n|move|p2b: Kommo-o|Flash Cannon|p1a: Scream Tail\n|-supereffective|p1a: Scream Tail\n|-damage|p1a: Scream Tail|0 fnt\n|faint|p1a: Scream Tail\n|-end|p1a: Scream Tail|Protosynthesis|[silent]\n|move|p1b: Gothitelle|Psychic|p2b: Kommo-o\n|-supereffective|p2b: Kommo-o\n|-damage|p2b: Kommo-o|0 fnt\n|faint|p2b: Kommo-o\n|cant|p2a: Empoleon|Disable|Flash Cannon\n|\n|upkeep\n|\n|t:|1699647495\n|switch|p1a: Urshifu|Urshifu-Rapid-Strike, L50, F|100\/100\n|switch|p2b: Grimmsnarl|Grimmsnarl, L50, M|100\/100\n|turn|3\n|inactive|Hipolymer has 30 seconds left.\n|\n|t:|1699647523\n|-terastallize|p1a: Urshifu|Water\n|move|p2b: Grimmsnarl|Parting Shot|p1a: Urshifu\n|-unboost|p1a: Urshifu|atk|1\n|-unboost|p1a: Urshifu|spa|1\n|\n|t:|1699647528\n|switch|p2b: Sinistcha|Sinistcha, L50|100\/100|[from] Parting Shot\n|-heal|p2a: Empoleon|100\/100|[from] ability: Hospitality|[of] p2b: Sinistcha\n|move|p1a: Urshifu|Surging Strikes|p2a: Empoleon\n|-crit|p2a: Empoleon\n|-damage|p2a: Empoleon|70\/100\n|-crit|p2a: Empoleon\n|-damage|p2a: Empoleon|43\/100\n|-crit|p2a: Empoleon\n|-damage|p2a: Empoleon|14\/100\n|-hitcount|p2a: Empoleon|3\n|move|p1b: Gothitelle|Heal Pulse|p1a: Urshifu\n|-fail|p1a: Urshifu|heal\n|move|p2a: Empoleon|Tera Blast|p1a: Urshifu|[anim] Tera Blast Fairy\n|-damage|p1a: Urshifu|41\/100\n|\n|upkeep\n|turn|4\n|\n|t:|1699647551\n|move|p2b: Sinistcha|Rage Powder|p2b: Sinistcha\n|-singleturn|p2b: Sinistcha|move: Rage Powder\n|move|p1a: Urshifu|Surging Strikes|p2b: Sinistcha\n|-resisted|p2b: Sinistcha\n|-crit|p2b: Sinistcha\n|-damage|p2b: Sinistcha|86\/100\n|-damage|p1a: Urshifu|25\/100|[from] item: Rocky Helmet|[of] p2b: Sinistcha\n|-resisted|p2b: Sinistcha\n|-crit|p2b: Sinistcha\n|-damage|p2b: Sinistcha|74\/100\n|-damage|p1a: Urshifu|8\/100|[from] item: Rocky Helmet|[of] p2b: Sinistcha\n|-resisted|p2b: Sinistcha\n|-crit|p2b: Sinistcha\n|-damage|p2b: Sinistcha|59\/100\n|-damage|p1a: Urshifu|0 fnt|[from] item: Rocky Helmet|[of] p2b: Sinistcha\n|faint|p1a: Urshifu\n|-hitcount|p2b: Sinistcha|3\n|move|p1b: Gothitelle|Heal Pulse|p2b: Sinistcha\n|-heal|p2b: Sinistcha|100\/100\n|move|p2a: Empoleon|Hydro Pump|p1b: Gothitelle\n|-damage|p1b: Gothitelle|54\/100\n|\n|upkeep\n|\n|t:|1699647559\n|switch|p1a: Chien-Pao|Chien-Pao, L50|100\/100\n|-ability|p1a: Chien-Pao|Sword of Ruin\n|turn|5\n|inactive|Seatoe has 30 seconds left.\n|\n|t:|1699647592\n|move|p1a: Chien-Pao|Icicle Crash|p2b: Sinistcha\n|-supereffective|p2b: Sinistcha\n|-damage|p2b: Sinistcha|0 fnt\n|faint|p2b: Sinistcha\n|-damage|p1a: Chien-Pao|91\/100|[from] item: Life Orb\n|move|p1b: Gothitelle|Psychic|p2a: Empoleon\n|-damage|p2a: Empoleon|0 fnt\n|faint|p2a: Empoleon\n|\n|upkeep\n|\n|t:|1699647603\n|switch|p2a: Grimmsnarl|Grimmsnarl, L50, M|100\/100\n|turn|6\n|\n|t:|1699647621\n|move|p1a: Chien-Pao|Icicle Crash|p2a: Grimmsnarl\n|-damage|p2a: Grimmsnarl|19\/100\n|-damage|p1a: Chien-Pao|81\/100|[from] item: Life Orb\n|move|p1b: Gothitelle|Heal Pulse|p1a: Chien-Pao\n|-heal|p1a: Chien-Pao|100\/100\n|cant|p2a: Grimmsnarl|flinch\n|\n|upkeep\n|turn|7\n|inactive|Seatoe has 30 seconds left.\n|inactive|Seatoe has 20 seconds left.\n|\n|t:|1699647658\n|move|p1b: Gothitelle|Protect|p1b: Gothitelle\n|-singleturn|p1b: Gothitelle|Protect\n|move|p1a: Chien-Pao|Sacred Sword|p2a: Grimmsnarl\n|-damage|p2a: Grimmsnarl|0 fnt\n|faint|p2a: Grimmsnarl\n|-damage|p1a: Chien-Pao|91\/100|[from] item: Life Orb\n|\n|win|Hipolymer\n|raw|Hipolymer's rating: 1353 &rarr; <strong>1372<\/strong><br \/>(+19 for winning)\n|raw|Seatoe's rating: 1339 &rarr; <strong>1320<\/strong><br \/>(-19 for losing)\n|l|\u2606Seatoe\n","uploadtime":1699647669,"views":24,"p1id":"hipolymer","p2id":"seatoe","formatid":"gen9vgc2023regulatione","rating":1320,"private":0,"password":""}