{"id":"gen9vgc2023regulatione-1994525521","p1":"Ganecoder","p2":"Felip_Obi","format":"[Gen 9] VGC 2023 Regulation E","log":"|j|\u2606Ganecoder\n|j|\u2606Felip_Obi\n|t:|1700454591\n|gametype|doubles\n|player|p1|Ganecoder|colress|1398\n|player|p2|Felip_Obi|hilbert|1318\n|teamsize|p1|6\n|teamsize|p2|6\n|gen|9\n|tier|[Gen 9] VGC 2023 Regulation E\n|rated|\n|rule|Species Clause: Limit one of each Pok\u00e9mon\n|rule|Item Clause: Limit one of each item\n|clearpoke\n|poke|p1|Dragapult, L50, M|\n|poke|p1|Landorus-Therian, L50, M|\n|poke|p1|Iron Hands, L50|\n|poke|p1|Kingambit, L50, M|\n|poke|p1|Chi-Yu, L50|\n|poke|p1|Flutter Mane, L50|\n|poke|p2|Clefable, L50, F|\n|poke|p2|Murkrow, L50, F|\n|poke|p2|Quaquaval, L50, M|\n|poke|p2|Gholdengo, L50|\n|poke|p2|Dragonite, L50, M|\n|poke|p2|Regidrago, L50|\n|teampreview|4\n|inactive|Battle timer is ON: inactive players will automatically lose when time's up. (requested by Ganecoder)\n|j| meowmeowjoe\nGanecoder rejected open team sheets.\n|\n|t:|1700454619\n|start\n|switch|p1a: Flutter Mane|Flutter Mane, L50|100\/100\n|switch|p1b: Chi-Yu|Chi-Yu, L50|100\/100\n|switch|p2a: Clefable|Clefable, L50, F|100\/100\n|switch|p2b: Quaquaval|Quaquaval, L50, M|100\/100\n|-ability|p1b: Chi-Yu|Beads of Ruin\n|-enditem|p1a: Flutter Mane|Booster Energy\n|-activate|p1a: Flutter Mane|ability: Protosynthesis|[fromitem]\n|-start|p1a: Flutter Mane|protosynthesisspe\n|turn|1\n|\n|t:|1700454640\n|move|p2b: Quaquaval|Detect|p2b: Quaquaval\n|-singleturn|p2b: Quaquaval|Protect\n|move|p2a: Clefable|Protect|p2a: Clefable\n|-singleturn|p2a: Clefable|Protect\n|move|p1a: Flutter Mane|Dazzling Gleam|p2b: Quaquaval|[spread] \n|-activate|p2a: Clefable|move: Protect\n|-activate|p2b: Quaquaval|move: Protect\n|move|p1b: Chi-Yu|Snarl|p2b: Quaquaval|[spread] \n|-activate|p2a: Clefable|move: Protect\n|-activate|p2b: Quaquaval|move: Protect\n|\n|upkeep\n|turn|2\n|\n|t:|1700454660\n|-terastallize|p2b: Quaquaval|Fire\n|move|p2a: Clefable|Helping Hand|p2b: Quaquaval\n|-singleturn|p2b: Quaquaval|Helping Hand|[of] p2a: Clefable\n|move|p1a: Flutter Mane|Dazzling Gleam|p2b: Quaquaval|[spread] p2a,p2b\n|-resisted|p2b: Quaquaval\n|-damage|p2a: Clefable|65\/100\n|-damage|p2b: Quaquaval|73\/100\n|move|p1b: Chi-Yu|Heat Wave|p2a: Clefable|[spread] p2a,p2b\n|-resisted|p2b: Quaquaval\n|-damage|p2a: Clefable|22\/100\n|-damage|p2b: Quaquaval|37\/100\n|move|p2b: Quaquaval|Aqua Step|p1a: Flutter Mane\n|-damage|p1a: Flutter Mane|0 fnt\n|-boost|p2b: Quaquaval|spe|1\n|faint|p1a: Flutter Mane\n|-end|p1a: Flutter Mane|Protosynthesis|[silent]\n|-ability|p2b: Quaquaval|Moxie|boost\n|-boost|p2b: Quaquaval|atk|1\n|\n|upkeep\n|\n|t:|1700454676\n|switch|p1a: Kingambit|Kingambit, L50, M|100\/100\n|turn|3\n|inactive|Ganecoder has 30 seconds left.\n|\n|t:|1700454703\n|move|p1a: Kingambit|Protect|p1a: Kingambit\n|-singleturn|p1a: Kingambit|Protect\n|move|p2a: Clefable|Follow Me|p2a: Clefable\n|-singleturn|p2a: Clefable|move: Follow Me\n|move|p2b: Quaquaval|Aqua Step|p1b: Chi-Yu\n|-supereffective|p1b: Chi-Yu\n|-enditem|p1b: Chi-Yu|Focus Sash\n|-damage|p1b: Chi-Yu|1\/100\n|-boost|p2b: Quaquaval|spe|1\n|move|p1b: Chi-Yu|Heat Wave|p2a: Clefable|[spread] p2a,p2b\n|-resisted|p2b: Quaquaval\n|-damage|p2a: Clefable|0 fnt\n|-damage|p2b: Quaquaval|1\/100\n|faint|p2a: Clefable\n|\n|upkeep\n|\n|t:|1700454721\n|switch|p2a: Murkrow|Murkrow, L50, F|100\/100\n|turn|4\n|\n|t:|1700454732\n|move|p2b: Quaquaval|Aqua Jet|p1b: Chi-Yu\n|-supereffective|p1b: Chi-Yu\n|-damage|p1b: Chi-Yu|0 fnt\n|faint|p1b: Chi-Yu\n|-ability|p2b: Quaquaval|Moxie|boost\n|-boost|p2b: Quaquaval|atk|1\n|move|p2a: Murkrow|Tailwind|p2a: Murkrow\n|-sidestart|p2: Felip_Obi|move: Tailwind\n|move|p1a: Kingambit|Sucker Punch||[still]\n|-fail|p1a: Kingambit\n|\n|upkeep\n|\n|t:|1700454735\n|switch|p1b: Dragapult|Dragapult, L50, M|100\/100\n|turn|5\n|inactive|Ganecoder has 30 seconds left.\n|inactive|Ganecoder has 20 seconds left.\n|\n|t:|1700454771\n|move|p2b: Quaquaval|Aqua Jet|p1a: Kingambit\n|-damage|p1a: Kingambit|77\/100\n|move|p1a: Kingambit|Sucker Punch||[still]\n|-fail|p1a: Kingambit\n|move|p2a: Murkrow|Foul Play|p1b: Dragapult\n|-supereffective|p1b: Dragapult\n|-damage|p1b: Dragapult|0 fnt\n|faint|p1b: Dragapult\n|\n|upkeep\n|turn|6\n|-message|Ganecoder forfeited.\n|\n|win|Felip_Obi\n|raw|Ganecoder's rating: 1398 &rarr; <strong>1373<\/strong><br \/>(-25 for losing)\n|raw|Felip_Obi's rating: 1318 &rarr; <strong>1343<\/strong><br \/>(+25 for winning)\n|l|\u2606Ganecoder\n","uploadtime":1700454799,"views":11,"p1id":"ganecoder","p2id":"felipobi","formatid":"gen9vgc2023regulatione","rating":1343,"private":0,"password":""}