{"id":"gen9vgc2023regulatione-1999352967","p1":"Cross12000","p2":"colostomy","format":"[Gen 9] VGC 2023 Regulation E","log":"|j|\u2606Cross12000\n|j|\u2606colostomy\n|n|\u2606Cross12000|cross12000\n|n|\u2606colostomy|colostomy\n|html|View the match progress at <a href=\"\/game-bestof3-gen9vgc2023regulatione-1999352966\">game-bestof3-gen9vgc2023regulatione-1999352966<\/a>\n|t:|1701065249\n|gametype|doubles\n|player|p1|Cross12000|roxie|\n|player|p2|colostomy|steven|\n|teamsize|p1|6\n|teamsize|p2|6\n|gen|9\n|tier|[Gen 9] VGC 2023 Regulation E\n|rule|Species Clause: Limit one of each Pok\u00e9mon\n|rule|Item Clause: Limit one of each item\n|clearpoke\n|poke|p1|Lurantis, L50, M|\n|poke|p1|Zoroark-Hisui, L50, M|\n|poke|p1|Orthworm, L50, F|\n|poke|p1|Ursaluna-Bloodmoon, L50, M|\n|poke|p1|Beartic, L50, F|\n|poke|p1|Furret, L50, F|\n|poke|p2|Flutter Mane, L50|\n|poke|p2|Oranguru, L50, M|\n|poke|p2|Basculegion, L50, M|\n|poke|p2|Kingambit, L50, M|\n|poke|p2|Gothitelle, L50, F|\n|poke|p2|Annihilape, L50, F|\n|teampreview|4\ncolostomy has agreed to open team sheets.\n|\n|t:|1701065303\n|start\n|switch|p1a: Hero|Lurantis, L50, M|100\/100\n|switch|p1b: Furret|Furret, L50, F|100\/100\n|switch|p2a: flying lionnhair|Flutter Mane, L50|100\/100\n|switch|p2b: human goth|Gothitelle, L50, F|100\/100\n|-enditem|p2a: flying lionnhair|Booster Energy\n|-activate|p2a: flying lionnhair|ability: Protosynthesis|[fromitem]\n|-start|p2a: flying lionnhair|protosynthesisspe\n|turn|1\n|\n|t:|1701065333\n|move|p2b: human goth|Fake Out|p1a: Hero\n|-damage|p1a: Hero|94\/100\n|move|p2a: flying lionnhair|Perish Song|p2a: flying lionnhair\n|-start|p1a: Hero|perish3|[silent]\n|-start|p1b: Furret|perish3|[silent]\n|-start|p2a: flying lionnhair|perish3|[silent]\n|-start|p2b: human goth|perish3|[silent]\n|-fieldactivate|move: Perish Song\n|move|p1b: Furret|Shadow Ball|p2b: human goth\n|-supereffective|p2b: human goth\n|-damage|p2b: human goth|25\/100\n|cant|p1a: Hero|flinch\n|\n|-start|p2a: flying lionnhair|perish3\n|-start|p1b: Furret|perish3\n|-start|p1a: Hero|perish3\n|-start|p2b: human goth|perish3\n|upkeep\n|turn|2\n|\n|t:|1701065356\n|move|p2a: flying lionnhair|Protect|p2a: flying lionnhair\n|-singleturn|p2a: flying lionnhair|Protect\n|move|p2b: human goth|Protect|p2b: human goth\n|-singleturn|p2b: human goth|Protect\n|move|p1b: Furret|Shadow Ball|p2a: flying lionnhair\n|-activate|p2a: flying lionnhair|move: Protect\n|move|p1a: Hero|Knock Off|p2b: human goth\n|-activate|p2b: human goth|move: Protect\n|\n|-start|p2a: flying lionnhair|perish2\n|-start|p1b: Furret|perish2\n|-start|p1a: Hero|perish2\n|-start|p2b: human goth|perish2\n|upkeep\n|turn|3\n|\n|t:|1701065396\n|move|p2b: human goth|Protect|p2b: human goth\n|-singleturn|p2b: human goth|Protect\n|move|p2a: flying lionnhair|Dazzling Gleam|p1b: Furret|[spread] p1a,p1b\n|-damage|p1a: Hero|58\/100\n|-damage|p1b: Furret|40\/100\n|replace|p1b: Plot twist|Zoroark-Hisui, L50, M\n|-end|p1b: Plot twist|Illusion\n|move|p1b: Plot twist|Shadow Ball|p2a: flying lionnhair\n|-supereffective|p2a: flying lionnhair\n|-damage|p2a: flying lionnhair|0 fnt\n|faint|p2a: flying lionnhair\n|-end|p2a: flying lionnhair|Protosynthesis|[silent]\n|move|p1a: Hero|Knock Off|p2b: human goth\n|-activate|p2b: human goth|move: Protect\n|\n|-start|p1b: Plot twist|perish1\n|-start|p1a: Hero|perish1\n|-start|p2b: human goth|perish1\n|upkeep\n|\n|t:|1701065413\n|switch|p2a: monkey with fan|Oranguru, L50, M|100\/100\n|turn|4\n|\n|t:|1701065428\n|switch|p2b: kings gambit|Kingambit, L50, M|100\/100\n|-activate|p2b: kings gambit|ability: Supreme Overlord\n|-start|p2b: kings gambit|fallen1|[silent]\n|-terastallize|p2a: monkey with fan|Grass\n|move|p1b: Plot twist|Shadow Ball|p2b: kings gambit\n|-resisted|p2b: kings gambit\n|-damage|p2b: kings gambit|72\/100\n|move|p1a: Hero|Knock Off|p2a: monkey with fan\n|-damage|p2a: monkey with fan|75\/100\n|-enditem|p2a: monkey with fan|Mental Herb|[from] move: Knock Off|[of] p1a: Hero\n|move|p2a: monkey with fan|Trick Room|p2a: monkey with fan\n|-fieldstart|move: Trick Room|[of] p2a: monkey with fan\n|\n|-start|p1a: Hero|perish0\n|-start|p1b: Plot twist|perish0\n|faint|p1a: Hero\n|faint|p1b: Plot twist\n|upkeep\n|\n|t:|1701065445\n|switch|p1a: Furret|Furret, L50, F|100\/100\n|switch|p1b: Beartic|Beartic, L50, F|100\/100\n|turn|5\n|\n|t:|1701065460\n|move|p1b: Beartic|Snowscape|p1b: Beartic\n|-weather|Snow\n|move|p2b: kings gambit|Iron Head|p1b: Beartic\n|-supereffective|p1b: Beartic\n|-damage|p1b: Beartic|23\/100\n|-enditem|p1b: Beartic|Aguav Berry|[eat]\n|-heal|p1b: Beartic|56\/100|[from] item: Aguav Berry\n|move|p2a: monkey with fan|Instruct|p2b: kings gambit\n|-singleturn|p2b: kings gambit|move: Instruct|[of] p2a: monkey with fan\n|move|p2b: kings gambit|Iron Head|p1b: Beartic\n|-supereffective|p1b: Beartic\n|-crit|p1b: Beartic\n|-damage|p1b: Beartic|0 fnt\n|faint|p1b: Beartic\n|move|p1a: Furret|Tidy Up|p1a: Furret\n|-boost|p1a: Furret|atk|1\n|-boost|p1a: Furret|spe|1\n|\n|-weather|Snow|[upkeep]\n|upkeep\n|turn|6\n|\n|t:|1701065478\n|move|p2b: kings gambit|Protect|p2b: kings gambit\n|-singleturn|p2b: kings gambit|Protect\n|move|p2a: monkey with fan|Yawn|p1a: Furret\n|-start|p1a: Furret|move: Yawn|[of] p2a: monkey with fan\n|move|p1a: Furret|Substitute|p1a: Furret\n|-start|p1a: Furret|Substitute\n|-damage|p1a: Furret|76\/100\n|\n|-weather|Snow|[upkeep]\n|upkeep\n|turn|7\n|\n|t:|1701065490\n|move|p1a: Furret|Sucker Punch|p2b: kings gambit\n|-resisted|p2b: kings gambit\n|-damage|p2b: kings gambit|62\/100\n|move|p2b: kings gambit|Kowtow Cleave|p1a: Furret\n|-end|p1a: Furret|Substitute\n|move|p2a: monkey with fan|Instruct|p2b: kings gambit\n|-singleturn|p2b: kings gambit|move: Instruct|[of] p2a: monkey with fan\n|move|p2b: kings gambit|Kowtow Cleave|p1a: Furret\n|-damage|p1a: Furret|0 fnt\n|faint|p1a: Furret\n|\n|win|colostomy\n|c|&|\/uhtml prompt-cross12000,Cross12000 is ready for game 2!\n|inactive|colostomy has 50 seconds to confirm battle start!\n|c|&|\/uhtml prompt-colostomy,colostomy is ready for game 2!\nBoth players are ready! Starting next match!\n|l|\u2606colostomy\n|l|\u2606Cross12000\n|j|\u2606colostomy\n|player|p2|colostomy|steven\n","uploadtime":1701065960,"views":5,"p1id":"cross12000","p2id":"colostomy","formatid":"gen9vgc2023regulatione","rating":0,"private":0,"password":""}