{"id":"gen9vgc2023regulatione-1989026755","p1":"BugCatcherDrew2277","p2":"rennui-","format":"[Gen 9] VGC 2023 Regulation E","log":"|j|\u2606BugCatcherDrew2277\n|j|\u2606rennui-\n|t:|1699803831\n|gametype|doubles\n|player|p1|BugCatcherDrew2277|pokemaniac|1133\n|player|p2|rennui-|erika|1132\n|teamsize|p1|6\n|teamsize|p2|6\n|gen|9\n|tier|[Gen 9] VGC 2023 Regulation E\n|rated|\n|rule|Species Clause: Limit one of each Pok\u00e9mon\n|rule|Item Clause: Limit one of each item\n|clearpoke\n|poke|p1|Zapdos-Galar, L50|\n|poke|p1|Rillaboom, L50, M|\n|poke|p1|Ogerpon-Cornerstone, L50, F|\n|poke|p1|Heatran, L50, F|\n|poke|p1|Corviknight, L50, F|\n|poke|p1|Munkidori, L50, M|\n|poke|p2|Flutter Mane, L50|\n|poke|p2|Chi-Yu, L50|\n|poke|p2|Torkoal, L50, M|\n|poke|p2|Ogerpon-Wellspring, L50, F|\n|poke|p2|Farigiraf, L50, F|\n|poke|p2|Iron Hands, L50|\n|teampreview|4\nrennui- has agreed to open team sheets.\n|\n|t:|1699803938\n|start\n|switch|p1a: Munkidori|Munkidori, L50, M|100\/100\n|switch|p1b: Heatran|Heatran, L50, F|100\/100\n|switch|p2a: Chi-Yu|Chi-Yu, L50|100\/100\n|switch|p2b: Iron Hands|Iron Hands, L50|100\/100\n|-ability|p2a: Chi-Yu|Beads of Ruin\n|turn|1\n|\n|t:|1699803965\n|-terastallize|p2a: Chi-Yu|Ghost\n|move|p1a: Munkidori|Fake Out|p2b: Iron Hands\n|-damage|p2b: Iron Hands|96\/100\n|cant|p2b: Iron Hands|flinch\n|move|p2a: Chi-Yu|Dark Pulse|p1a: Munkidori\n|-supereffective|p1a: Munkidori\n|-enditem|p1a: Munkidori|Focus Sash\n|-damage|p1a: Munkidori|1\/100\n|-damage|p2a: Chi-Yu|91\/100|[from] item: Life Orb\n|move|p1b: Heatran|Earth Power|p2b: Iron Hands\n|-supereffective|p2b: Iron Hands\n|-damage|p2b: Iron Hands|48\/100\n|\n|upkeep\n|turn|2\n|\n|t:|1699803995\n|-end|p2b: Iron Hands|Quark Drive|[silent]\n|switch|p2b: Ogerpon|Ogerpon-Wellspring, L50, F|100\/100\n|move|p1a: Munkidori|Psychic|p2b: Ogerpon\n|-damage|p2b: Ogerpon|42\/100\n|move|p2a: Chi-Yu|Dark Pulse|p1a: Munkidori\n|-supereffective|p1a: Munkidori\n|-damage|p1a: Munkidori|0 fnt\n|faint|p1a: Munkidori\n|-damage|p2a: Chi-Yu|81\/100|[from] item: Life Orb\n|move|p1b: Heatran|Earth Power|p2b: Ogerpon\n|-resisted|p2b: Ogerpon\n|-damage|p2b: Ogerpon|22\/100\n|\n|upkeep\n|\n|t:|1699804008\n|switch|p1a: Rillaboom|Rillaboom, L50, M|100\/100\n|-fieldstart|move: Grassy Terrain|[from] ability: Grassy Surge|[of] p1a: Rillaboom\n|turn|3\n|\n|t:|1699804061\n|switch|p1a: Zapdos|Zapdos-Galar, L50|100\/100\n|-enditem|p1a: Zapdos|Grassy Seed\n|-boost|p1a: Zapdos|def|1|[from] item: Grassy Seed\n|-terastallize|p1b: Heatran|Grass\n|move|p2b: Ogerpon|Spiky Shield|p2b: Ogerpon\n|-singleturn|p2b: Ogerpon|move: Protect\n|move|p2a: Chi-Yu|Overheat|p1a: Zapdos\n|-damage|p1a: Zapdos|0 fnt\n|-unboost|p2a: Chi-Yu|spa|2\n|faint|p1a: Zapdos\n|-damage|p2a: Chi-Yu|71\/100|[from] item: Life Orb\n|move|p1b: Heatran|Flash Cannon|p2b: Ogerpon\n|-activate|p2b: Ogerpon|move: Protect\n|\n|-heal|p2a: Chi-Yu|77\/100|[from] Grassy Terrain\n|-heal|p2b: Ogerpon|28\/100|[from] Grassy Terrain\n|upkeep\n|\n|t:|1699804078\n|switch|p1a: Rillaboom|Rillaboom, L50, M|100\/100\n|turn|4\n|\n|t:|1699804097\n|move|p2b: Ogerpon|Follow Me|p2b: Ogerpon\n|-singleturn|p2b: Ogerpon|move: Follow Me\n|move|p1a: Rillaboom|Grassy Glide|p2b: Ogerpon\n|-damage|p2b: Ogerpon|0 fnt\n|faint|p2b: Ogerpon\n|move|p2a: Chi-Yu|Overheat|p1a: Rillaboom\n|-supereffective|p1a: Rillaboom\n|-damage|p1a: Rillaboom|8\/100\n|-unboost|p2a: Chi-Yu|spa|2\n|-damage|p2a: Chi-Yu|67\/100|[from] item: Life Orb\n|move|p1b: Heatran|Flash Cannon|p2a: Chi-Yu\n|-damage|p2a: Chi-Yu|28\/100\n|\n|-heal|p2a: Chi-Yu|34\/100|[from] Grassy Terrain\n|-heal|p1a: Rillaboom|14\/100|[from] Grassy Terrain\n|upkeep\n|\n|t:|1699804105\n|switch|p2b: Flutter Mane|Flutter Mane, L50|100\/100\n|turn|5\n|\n|t:|1699804120\n|switch|p2a: Iron Hands|Iron Hands, L50|48\/100\n|move|p1a: Rillaboom|Grassy Glide|p2a: Iron Hands\n|-damage|p2a: Iron Hands|22\/100\n|move|p2b: Flutter Mane|Dazzling Gleam|p1a: Rillaboom|[spread] p1a,p1b\n|-crit|p1a: Rillaboom\n|-damage|p1a: Rillaboom|0 fnt\n|-damage|p1b: Heatran|57\/100\n|faint|p1a: Rillaboom\n|move|p1b: Heatran|Flash Cannon|p2b: Flutter Mane\n|-supereffective|p2b: Flutter Mane\n|-damage|p2b: Flutter Mane|18\/100\n|\n|-heal|p2b: Flutter Mane|24\/100|[from] Grassy Terrain\n|-heal|p1b: Heatran|63\/100|[from] Grassy Terrain\n|-heal|p1b: Heatran|69\/100|[from] item: Leftovers\n|-heal|p2a: Iron Hands|28\/100|[from] Grassy Terrain\n|upkeep\n|turn|6\n|\n|t:|1699804137\n|move|p2a: Iron Hands|Fake Out|p1b: Heatran\n|-damage|p1b: Heatran|56\/100\n|move|p2b: Flutter Mane|Dazzling Gleam|p1b: Heatran\n|-crit|p1b: Heatran\n|-damage|p1b: Heatran|0 fnt\n|faint|p1b: Heatran\n|\n|win|rennui-\n|raw|BugCatcherDrew2277's rating: 1133 &rarr; <strong>1108<\/strong><br \/>(-25 for losing)\n|raw|rennui-'s rating: 1132 &rarr; <strong>1157<\/strong><br \/>(+25 for winning)\n","uploadtime":1699804145,"views":31,"p1id":"bugcatcherdrew2277","p2id":"rennui","formatid":"gen9vgc2023regulatione","rating":1108,"private":0,"password":""}