{"id":"gen9vgc2023regulatione-1989191024","p1":"Osgar","p2":"Gurrasnurra5","format":"[Gen 9] VGC 2023 Regulation E","log":"|j|\u2606Osgar\n|j|\u2606Gurrasnurra5\n|t:|1699821766\n|gametype|doubles\n|player|p1|Osgar|giovanni|\n|player|p2|Gurrasnurra5|rood|\n|teamsize|p1|6\n|teamsize|p2|6\n|gen|9\n|tier|[Gen 9] VGC 2023 Regulation E\n|rated|Tournament battle\n|rule|Species Clause: Limit one of each Pok\u00e9mon\n|rule|Item Clause: Limit one of each item\n|clearpoke\n|poke|p1|Annihilape, L50, M|\n|poke|p1|Farigiraf, L50, M|\n|poke|p1|Torkoal, L50, F|\n|poke|p1|Kingambit, L50, M|\n|poke|p1|Ursaluna-Bloodmoon, L50, M|\n|poke|p1|Pelipper, L50, F|\n|poke|p2|Amoonguss, L50, F|\n|poke|p2|Tornadus, L50, M|\n|poke|p2|Chien-Pao, L50|\n|poke|p2|Urshifu-*, L50, M|\n|poke|p2|Arcanine-Hisui, L50, M|\n|poke|p2|Flutter Mane, L50|\n|teampreview|4\n|showteam|p1|Annihilape||ChoiceScarf|Defiant|FinalGambit,CloseCombat,Uturn,RageFist|||M|||50|,,,,,Fighting]Farigiraf||MentalHerb|ArmorTail|TrickRoom,HyperVoice,DazzlingGleam,HelpingHand|||M|||50|,,,,,Fairy]Torkoal||SafetyGoggles|Drought|Eruption,Protect,EarthPower,HeatWave|||F|||50|,,,,,Fire]Kingambit||AssaultVest|Defiant|SuckerPunch,BrickBreak,IronHead,KowtowCleave|||M|||50|,,,,,Flying]Ursaluna-Bloodmoon||LumBerry|MindsEye|Protect,BloodMoon,EarthPower,HyperVoice|||M|||50|,,,,,Normal]Pelipper||Leftovers|Drizzle|WideGuard,Surf,HelpingHand,Hurricane|||F|||50|,,,,,Water\n|showteam|p2|Amoonguss||RockyHelmet|Regenerator|Spore,RagePowder,Protect,PollenPuff|||F|||50|,,,,,Water]Tornadus||SitrusBerry|Prankster|Tailwind,BleakwindStorm,Taunt,RainDance|||M|||50|,,,,,Ghost]Chien-Pao||FocusSash|SwordofRuin|IceSpinner,SuckerPunch,Protect,SacredSword||||||50|,,,,,Ghost]Urshifu-Rapid-Strike||MysticWater|UnseenFist|SurgingStrikes,AquaJet,CloseCombat,Protect|||M|||50|,,,,,Water]Arcanine-Hisui||ChoiceBand|Intimidate|FlareBlitz,RockSlide,ExtremeSpeed,TeraBlast|||M|||50|,,,,,Fairy]Flutter Mane||ChoiceSpecs|Protosynthesis|Moonblast,DazzlingGleam,ShadowBall,EnergyBall||||||50|,,,,,Fairy\n|j| WolfeyVGCHotLips\n|c|\u2606Gurrasnurra5|glhf\n|c|\u2606Osgar|glhf\n|inactive|Battle timer is ON: inactive players will automatically lose when time's up. (requested by Gurrasnurra5)\n|\n|t:|1699821811\n|start\n|switch|p1a: Farigiraf|Farigiraf, L50, M|100\/100\n|switch|p1b: Annihilape|Annihilape, L50, M|100\/100\n|switch|p2a: Amoonguss|Amoonguss, L50, F|100\/100\n|switch|p2b: Urshifu|Urshifu-Rapid-Strike, L50, M|100\/100\n|turn|1\n|inactive|Gurrasnurra5 has 30 seconds left.\n|\n|t:|1699821845\n|-terastallize|p2b: Urshifu|Water\n|move|p2a: Amoonguss|Protect|p2a: Amoonguss\n|-singleturn|p2a: Amoonguss|Protect\n|move|p1b: Annihilape|Final Gambit|p2a: Amoonguss\n|-activate|p2a: Amoonguss|move: Protect\n|move|p2b: Urshifu|Surging Strikes|p1a: Farigiraf\n|-crit|p1a: Farigiraf\n|-damage|p1a: Farigiraf|72\/100\n|-crit|p1a: Farigiraf\n|-damage|p1a: Farigiraf|48\/100\n|-crit|p1a: Farigiraf\n|-damage|p1a: Farigiraf|23\/100\n|-hitcount|p1a: Farigiraf|3\n|move|p1a: Farigiraf|Trick Room|p1a: Farigiraf\n|-fieldstart|move: Trick Room|[of] p1a: Farigiraf\n|\n|upkeep\n|turn|2\n|\n|t:|1699821864\n|move|p2a: Amoonguss|Spore|p1b: Annihilape\n|-status|p1b: Annihilape|slp|[from] move: Spore\n|move|p1a: Farigiraf|Hyper Voice|p2b: Urshifu|[spread] p2a,p2b\n|-damage|p2a: Amoonguss|80\/100\n|-damage|p2b: Urshifu|62\/100\n|move|p2b: Urshifu|Surging Strikes|p1b: Annihilape\n|-crit|p1b: Annihilape\n|-damage|p1b: Annihilape|66\/100 slp\n|-crit|p1b: Annihilape\n|-damage|p1b: Annihilape|33\/100 slp\n|-crit|p1b: Annihilape\n|-damage|p1b: Annihilape|0 fnt\n|faint|p1b: Annihilape\n|-hitcount|p1: Annihilape|3\n|\n|upkeep\n|\n|t:|1699821871\n|switch|p1b: Ursaluna|Ursaluna-Bloodmoon, L50, M|100\/100\n|turn|3\n|j| ale cog\n|\n|t:|1699821885\n|-terastallize|p1b: Ursaluna|Normal\n|move|p1a: Farigiraf|Helping Hand|p1b: Ursaluna\n|-singleturn|p1b: Ursaluna|Helping Hand|[of] p1a: Farigiraf\n|move|p2a: Amoonguss|Spore|p1b: Ursaluna\n|-status|p1b: Ursaluna|slp|[from] move: Spore\n|-enditem|p1b: Ursaluna|Lum Berry|[eat]\n|-curestatus|p1b: Ursaluna|slp|[msg]\n|move|p1b: Ursaluna|Blood Moon|p2a: Amoonguss\n|-damage|p2a: Amoonguss|0 fnt\n|faint|p2a: Amoonguss\n|move|p2b: Urshifu|Surging Strikes|p1b: Ursaluna\n|-crit|p1b: Ursaluna\n|-damage|p1b: Ursaluna|77\/100\n|-crit|p1b: Ursaluna\n|-damage|p1b: Ursaluna|53\/100\n|-crit|p1b: Ursaluna\n|-damage|p1b: Ursaluna|26\/100\n|-hitcount|p1b: Ursaluna|3\n|\n|upkeep\n|\n|t:|1699821903\n|switch|p2a: Flutter Mane|Flutter Mane, L50|100\/100\n|turn|4\n|\n|t:|1699821911\n|move|p1a: Farigiraf|Helping Hand|p1b: Ursaluna\n|-singleturn|p1b: Ursaluna|Helping Hand|[of] p1a: Farigiraf\n|move|p2b: Urshifu|Protect|p2b: Urshifu\n|-singleturn|p2b: Urshifu|Protect\n|move|p1b: Ursaluna|Hyper Voice|p2b: Urshifu|[spread] p2a\n|-activate|p2b: Urshifu|move: Protect\n|-damage|p2a: Flutter Mane|22\/100\n|move|p2a: Flutter Mane|Dazzling Gleam|p1b: Ursaluna|[spread] p1a,p1b\n|-damage|p1a: Farigiraf|0 fnt\n|-damage|p1b: Ursaluna|0 fnt\n|faint|p1a: Farigiraf\n|faint|p1b: Ursaluna\n|\n|upkeep\n|\n|t:|1699821922\n|switch|p1a: Kingambit|Kingambit, L50, M|100\/100\n|turn|5\n|\n|t:|1699821927\n|move|p2b: Urshifu|Protect|p2b: Urshifu\n|-singleturn|p2b: Urshifu|Protect\n|move|p1a: Kingambit|Kowtow Cleave|p2b: Urshifu\n|-activate|p2b: Urshifu|move: Protect\n|move|p2a: Flutter Mane|Dazzling Gleam|p1a: Kingambit\n|-damage|p1a: Kingambit|62\/100\n|\n|-fieldend|move: Trick Room\n|upkeep\n|turn|6\n|j| AtomX7VGC\n|\n|t:|1699821938\n|move|p1a: Kingambit|Sucker Punch|p2a: Flutter Mane\n|-damage|p2a: Flutter Mane|0 fnt\n|faint|p2a: Flutter Mane\n|-end|p2a: Flutter Mane|Protosynthesis|[silent]\n|move|p2b: Urshifu|Close Combat|p1a: Kingambit\n|-supereffective|p1a: Kingambit\n|-damage|p1a: Kingambit|0 fnt\n|-unboost|p2b: Urshifu|def|1\n|-unboost|p2b: Urshifu|spd|1\n|faint|p1a: Kingambit\n|\n|win|Gurrasnurra5\n|n|\u2606Osgar|osgar\n|n|\u2606Gurrasnurra5|gurrasnurra5\n|n| WolfeyVGCHotLips|wolfeyvgchotlips\n|n| ale cog|alecog\n|n| AtomX7VGC|atomx7vgc\n","uploadtime":1699821939,"views":12,"p1id":"osgar","p2id":"gurrasnurra5","formatid":"gen9vgc2023regulatione","rating":0,"private":0,"password":""}