{"id":"gen9vgc2023regulatione-1999984435","p1":"Pasodoble","p2":"kmilly132","format":"[Gen 9] VGC 2023 Regulation E","log":"|j|\u2606Pasodoble\n|j|\u2606kmilly132\n|t:|1701137680\n|gametype|doubles\n|player|p1|Pasodoble|170|\n|player|p2|kmilly132|striker|\n|teamsize|p1|6\n|teamsize|p2|6\n|gen|9\n|tier|[Gen 9] VGC 2023 Regulation E\n|rated|Tournament battle\n|rule|Species Clause: Limit one of each Pok\u00e9mon\n|rule|Item Clause: Limit one of each item\n|clearpoke\n|poke|p1|Dondozo, L50, F|\n|poke|p1|Tatsugiri, L50, M|\n|poke|p1|Iron Hands, L50|\n|poke|p1|Gholdengo, L50|\n|poke|p1|Ogerpon-Wellspring, L50, F|\n|poke|p1|Arcanine-Hisui, L50, M|\n|poke|p2|Tornadus, L50, M|\n|poke|p2|Landorus, L50, M|\n|poke|p2|Ogerpon-Wellspring, L50, F|\n|poke|p2|Lycanroc, L50, F|\n|poke|p2|Tyranitar, L50, M|\n|poke|p2|Arcanine-Hisui, L50, M|\n|teampreview|4\n|j| TornadoofDOOM\n|j| Xmann2025\n|j| 8769asdf\n|j| AtomX7VGC\n|j| Plopy14\nPasodoble has agreed to open team sheets.\nkmilly132 has agreed to open team sheets.\n|showteam|p1|Dondozo||Leftovers|Unaware|OrderUp,Protect,WaveCrash,Substitute|||F|||50|,,,,,Dragon]Tatsugiri||RockyHelmet|Commander|DracoMeteor,Protect,MuddyWater,Surf|||M|||50|,,,,,Water]Iron Hands||AssaultVest|QuarkDrive|FakeOut,WildCharge,DrainPunch,VoltSwitch||||||50|,,,,,Water]Gholdengo||ChoiceSpecs|GoodasGold|Trick,MakeItRain,ShadowBall,Psyshock||||||50|,,,,,Steel]Ogerpon-Wellspring||WellspringMask|WaterAbsorb|FollowMe,IvyCudgel,SpikyShield,HornLeech|||F|||50|,,,,,Water]Arcanine-Hisui||ChoiceBand|Intimidate|RockSlide,ExtremeSpeed,FlareBlitz,HeatCrash|||M|||50|,,,,,Normal\n|showteam|p2|Tornadus||RockyHelmet|Prankster|Tailwind,Sandstorm,BleakwindStorm,Protect|||M|||50|,,,,,Dark]Landorus||LifeOrb|SheerForce|EarthPower,SludgeBomb,Substitute,Protect|||M|||50|,,,,,Poison]Ogerpon-Wellspring||WellspringMask|WaterAbsorb|PowerWhip,IvyCudgel,FollowMe,SpikyShield|||F|||50|,,,,,Water]Lycanroc||FocusSash|SandRush|RockSlide,Protect,CloseCombat,Accelerock|||F|||50|,,,,,Rock]Tyranitar||AssaultVest|SandStream|RockSlide,KnockOff,HeavySlam,TeraBlast|||M|||50|,,,,,Psychic]Arcanine-Hisui||ChoiceBand|Intimidate|RockSlide,FlareBlitz,ExtremeSpeed,TeraBlast|||M|||50|,,,,,Fairy\n|j|%Radio Free C-Side\n|\n|t:|1701137746\n|start\n|switch|p1a: Arcanine|Arcanine-Hisui, L50, M|100\/100\n|switch|p1b: Merkabah|Dondozo, L50, F, shiny|100\/100\n|switch|p2a: Tornadus|Tornadus, L50, M|100\/100\n|switch|p2b: Landorus|Landorus, L50, M|100\/100\n|-ability|p1a: Arcanine|Intimidate|boost\n|-unboost|p2a: Tornadus|atk|1\n|-unboost|p2b: Landorus|atk|1\n|turn|1\n|c| TornadoofDOOM|aw man i was hoping this lando had sandsear\n|\n|t:|1701137782\n|-terastallize|p1a: Arcanine|Normal\n|move|p1b: Merkabah|Protect|p1b: Merkabah\n|-singleturn|p1b: Merkabah|Protect\n|move|p1a: Arcanine|Extreme Speed|p2b: Landorus\n|-damage|p2b: Landorus|32\/100\n|move|p2b: Landorus|Earth Power|p1a: Arcanine\n|-damage|p1a: Arcanine|18\/100\n|move|p2a: Tornadus|Bleakwind Storm|p1a: Arcanine|[spread] p1a\n|-activate|p1b: Merkabah|move: Protect\n|-damage|p1a: Arcanine|0 fnt\n|faint|p1a: Arcanine\n|\n|upkeep\n|\n|t:|1701137793\n|switch|p1a: Tallgeese|Iron Hands, L50, shiny|100\/100\n|turn|2\n|\n|t:|1701137810\n|move|p2a: Tornadus|Protect|p2a: Tornadus\n|-singleturn|p2a: Tornadus|Protect\n|move|p2b: Landorus|Protect|p2b: Landorus\n|-singleturn|p2b: Landorus|Protect\n|move|p1a: Tallgeese|Fake Out|p2b: Landorus\n|-activate|p2b: Landorus|move: Protect\n|move|p1b: Merkabah|Substitute|p1b: Merkabah\n|-start|p1b: Merkabah|Substitute\n|-damage|p1b: Merkabah|75\/100\n|\n|-heal|p1b: Merkabah|81\/100|[from] item: Leftovers\n|upkeep\n|turn|3\n|\n|t:|1701137841\n|-end|p1a: Tallgeese|Quark Drive|[silent]\n|switch|p1a: Capablanca|Tatsugiri, L50, M|100\/100\n|-activate|p1a: Capablanca|ability: Commander|[of] p1b: Merkabah\n|-boost|p1b: Merkabah|atk|2\n|-boost|p1b: Merkabah|spa|2\n|-boost|p1b: Merkabah|spe|2\n|-boost|p1b: Merkabah|def|2\n|-boost|p1b: Merkabah|spd|2\n|move|p2a: Tornadus|Tailwind|p2a: Tornadus\n|-sidestart|p2: kmilly132|move: Tailwind\n|move|p2b: Landorus|Substitute|p2b: Landorus\n|-start|p2b: Landorus|Substitute\n|-damage|p2b: Landorus|8\/100\n|move|p1b: Merkabah|Order Up|p2b: Landorus\n|-end|p2b: Landorus|Substitute\n|-boost|p1b: Merkabah|atk|1\n|\n|-heal|p1b: Merkabah|87\/100|[from] item: Leftovers\n|upkeep\n|turn|4\n|\n|t:|1701137868\n|move|p2b: Landorus|Protect|p2b: Landorus\n|-singleturn|p2b: Landorus|Protect\n|move|p1b: Merkabah|Protect|p1b: Merkabah\n|-singleturn|p1b: Merkabah|Protect\n|move|p2a: Tornadus|Bleakwind Storm|p1a: Capablanca|[spread] \n|-miss|p2a: Tornadus|p1a: Capablanca\n|-activate|p1b: Merkabah|move: Protect\n|\n|-heal|p1b: Merkabah|93\/100|[from] item: Leftovers\n|upkeep\n|turn|5\n|\n|t:|1701137889\n|move|p2b: Landorus|Earth Power|p1b: Merkabah\n|-end|p1b: Merkabah|Substitute\n|move|p2a: Tornadus|Bleakwind Storm|p1a: Capablanca|[spread] \n|-miss|p2a: Tornadus|p1a: Capablanca\n|-miss|p2a: Tornadus|p1b: Merkabah\n|move|p1b: Merkabah|Order Up|p2b: Landorus\n|-damage|p2b: Landorus|0 fnt\n|faint|p2b: Landorus\n|-boost|p1b: Merkabah|atk|1\n|\n|-heal|p1b: Merkabah|99\/100|[from] item: Leftovers\n|upkeep\n|\n|t:|1701137904\n|switch|p2b: Ogerpon|Ogerpon-Wellspring, L50, F|100\/100\n|turn|6\n|\n|t:|1701137935\n|switch|p2a: Arcanine|Arcanine-Hisui, L50, M|100\/100\n|-ability|p2a: Arcanine|Intimidate|boost\n|-unboost|p1a: Capablanca|atk|1\n|-unboost|p1b: Merkabah|atk|1\n|move|p2b: Ogerpon|Spiky Shield|p2b: Ogerpon\n|-singleturn|p2b: Ogerpon|move: Protect\n|move|p1b: Merkabah|Order Up|p2a: Arcanine\n|-damage|p2a: Arcanine|39\/100\n|-boost|p1b: Merkabah|atk|1\n|\n|-heal|p1b: Merkabah|100\/100|[from] item: Leftovers\n|-sideend|p2: kmilly132|move: Tailwind\n|upkeep\n|turn|7\n|\n|t:|1701137985\n|-terastallize|p2a: Arcanine|Fairy\n|move|p2b: Ogerpon|Power Whip|p1b: Merkabah\n|-supereffective|p1b: Merkabah\n|-crit|p1b: Merkabah\n|-damage|p1b: Merkabah|0 fnt\n|faint|p1b: Merkabah\n|move|p2a: Arcanine|Tera Blast|p1a: Capablanca|[anim] Tera Blast Fairy\n|-supereffective|p1a: Capablanca\n|-damage|p1a: Capablanca|0 fnt\n|faint|p1a: Capablanca\n|\n|upkeep\n|\n|t:|1701137990\n|switch|p1b: Tallgeese|Iron Hands, L50, shiny|100\/100\n|turn|8\n|c|\u2606kmilly132|welp\n|c|\u2606kmilly132|we take those\n|c| TornadoofDOOM|oh mah gawd\n|c|\u2606Pasodoble|gg hehe\n|\n|t:|1701138009\n|switch|p2a: Tornadus|Tornadus, L50, M|100\/100\n|move|p2b: Ogerpon|Spiky Shield|p2b: Ogerpon\n|-singleturn|p2b: Ogerpon|move: Protect\n|move|p1b: Tallgeese|Wild Charge|p2a: Tornadus\n|-supereffective|p2a: Tornadus\n|-damage|p2a: Tornadus|17\/100\n|-damage|p1b: Tallgeese|84\/100|[from] item: Rocky Helmet|[of] p2a: Tornadus\n|-damage|p1b: Tallgeese|68\/100|[from] Recoil\n|\n|upkeep\n|turn|9\n|c| AtomX7VGC|that was always apart of the script\n|\n|t:|1701138022\n|move|p2b: Ogerpon|Ivy Cudgel|p1b: Tallgeese|[anim] Ivy Cudgel Water\n|-damage|p1b: Tallgeese|30\/100\n|move|p2a: Tornadus|Bleakwind Storm|p1b: Tallgeese\n|-damage|p1b: Tallgeese|7\/100\n|move|p1b: Tallgeese|Drain Punch|p2b: Ogerpon\n|-damage|p2b: Ogerpon|56\/100\n|-heal|p1b: Tallgeese|23\/100|[from] drain|[of] p2b: Ogerpon\n|\n|upkeep\n|turn|10\n|c|\u2606Pasodoble|My mistake to let arca die turn 1\n|\n|t:|1701138037\n|move|p2b: Ogerpon|Ivy Cudgel|p1b: Tallgeese|[anim] Ivy Cudgel Water\n|-damage|p1b: Tallgeese|0 fnt\n|faint|p1b: Tallgeese\n|-end|p1b: Tallgeese|Quark Drive|[silent]\n|\n|win|kmilly132\n|n|\u2606Pasodoble|pasodoble\n|n|\u2606kmilly132|kmilly132\n|n| TornadoofDOOM|tornadoofdoom\n|n| Xmann2025|xmann2025\n|n| 8769asdf|8769asdf\n|n| AtomX7VGC|atomx7vgc\n|n| Plopy14|plopy14\n|n| Radio Free C-Side|radiofreecside\n|l|\u2606Pasodoble\n|j| Cdogp\n|l| TornadoofDOOM\n|l| Radio Free C-Side\n|l| Cdogp\n|l| Xmann2025\n","uploadtime":1701138483,"views":10,"p1id":"pasodoble","p2id":"kmilly132","formatid":"gen9vgc2023regulatione","rating":0,"private":0,"password":""}