{"id":"gen9vgc2023regulatione-1999787191","p1":"CrypticLeonVGC","p2":"bhanny","format":"[Gen 9] VGC 2023 Regulation E","log":"|j|\u2606CrypticLeonVGC\n|j|\u2606bhanny\n|n|\u2606CrypticLeonVGC|crypticleonvgc\n|n|\u2606bhanny|bhanny\n|html|View the match progress at <a href=\"\/game-bestof3-gen9vgc2023regulatione-1999787190\">game-bestof3-gen9vgc2023regulatione-1999787190<\/a>\n|t:|1701116649\n|gametype|doubles\n|player|p1|CrypticLeonVGC|riley|\n|player|p2|bhanny|hugh|\n|teamsize|p1|6\n|teamsize|p2|6\n|gen|9\n|tier|[Gen 9] VGC 2023 Regulation E\n|rule|Species Clause: Limit one of each Pok\u00e9mon\n|rule|Item Clause: Limit one of each item\n|clearpoke\n|poke|p1|Gholdengo, L50|\n|poke|p1|Urshifu-*, L50, M|\n|poke|p1|Tornadus, L50, M|\n|poke|p1|Ogerpon-Hearthflame, L50, F|\n|poke|p1|Flutter Mane, L50|\n|poke|p1|Regidrago, L50|\n|poke|p2|Tornadus, L50, M|\n|poke|p2|Flutter Mane, L50|\n|poke|p2|Regidrago, L50|\n|poke|p2|Heatran, L50, F|\n|poke|p2|Urshifu-*, L50, F|\n|poke|p2|Farigiraf, L50, M|\n|teampreview|4\nbhanny has agreed to open team sheets.\nCrypticLeonVGC has agreed to open team sheets.\n|showteam|p1|Gholdengo||ChoiceSpecs|GoodasGold|MakeItRain,ShadowBall,Thunderbolt,SteelBeam||||||50|,,,,,Steel]Urshifu-Rapid-Strike||MysticWater|UnseenFist|SurgingStrikes,AquaJet,CloseCombat,Protect|||M|||50|,,,,,Water]Tornadus||CovertCloak|Prankster|Tailwind,Taunt,BleakwindStorm,RainDance|||M|||50|,,,,,Steel]Ogerpon-Hearthflame||HearthflameMask|MoldBreaker|IvyCudgel,HornLeech,FollowMe,SpikyShield|||F|||50|,,,,,Fire]Flutter Mane||BoosterEnergy|Protosynthesis|Moonblast,DazzlingGleam,ShadowBall,Protect||||||50|,,,,,Fairy]Regidrago||DragonFang|DragonsMaw|DragonEnergy,DracoMeteor,EarthPower,Protect||||||50|,,,,,Steel\n|showteam|p2|Tornadus||FocusSash|Prankster|BleakwindStorm,Tailwind,SunnyDay,Protect|||M|||50|,,,,,Ghost]Flutter Mane||BoosterEnergy|Protosynthesis|DazzlingGleam,ShadowBall,Substitute,Protect||||||50|,,,,,Water]Regidrago||DragonFang|DragonsMaw|DragonEnergy,DracoMeteor,EarthPower,Protect||||||50|,,,,,Poison]Heatran||LifeOrb|FlashFire|HeatWave,FlashCannon,EarthPower,Protect|||F|||50|,,,,,Fairy]Urshifu||ChoiceScarf|UnseenFist|WickedBlow,SuckerPunch,CloseCombat,IronHead|||F|||50|,,,,,Dark]Farigiraf||RockyHelmet|ArmorTail|Psychic,DazzlingGleam,TrickRoom,Imprison|||M|||50|,,,,,Fairy\n|\n|t:|1701116691\n|start\n|switch|p1a: Ogerpon|Ogerpon-Hearthflame, L50, F|100\/100\n|switch|p1b: Gholdengo|Gholdengo, L50|100\/100\n|switch|p2a: Tornadus|Tornadus, L50, M|100\/100\n|switch|p2b: Urshifu|Urshifu, L50, F|100\/100\n|-ability|p1a: Ogerpon|Mold Breaker\n|turn|1\n|\n|t:|1701116755\n|switch|p2a: Heatran|Heatran, L50, F|100\/100\n|-terastallize|p2b: Urshifu|Dark\n|-terastallize|p1a: Ogerpon|Fire\n|detailschange|p1a: Ogerpon|Ogerpon-Hearthflame-Tera, L50, F, tera:Fire\n|-ability|p1a: Ogerpon|Embody Aspect (Hearthflame)|boost\n|-boost|p1a: Ogerpon|atk|1\n|move|p2b: Urshifu|Wicked Blow|p1b: Gholdengo\n|-supereffective|p1b: Gholdengo\n|-crit|p1b: Gholdengo\n|-damage|p1b: Gholdengo|0 fnt\n|faint|p1b: Gholdengo\n|move|p1a: Ogerpon|Ivy Cudgel|p2b: Urshifu|[anim] Ivy Cudgel Fire\n|-damage|p2b: Urshifu|0 fnt\n|faint|p2b: Urshifu\n|\n|upkeep\n|\n|t:|1701116770\n|switch|p2b: Tornadus|Tornadus, L50, M|100\/100\n|switch|p1b: Urshifu|Urshifu-Rapid-Strike, L50, M|100\/100\n|turn|2\n|j| Brady1225\n|\n|t:|1701116816\n|move|p2b: Tornadus|Tailwind|p2b: Tornadus\n|-sidestart|p2: bhanny|move: Tailwind\n|move|p2a: Heatran|Earth Power|p1a: Ogerpon\n|-supereffective|p1a: Ogerpon\n|-damage|p1a: Ogerpon|0 fnt\n|faint|p1a: Ogerpon\n|-damage|p2a: Heatran|91\/100|[from] item: Life Orb\n|move|p1b: Urshifu|Surging Strikes|p2a: Heatran\n|-supereffective|p2a: Heatran\n|-crit|p2a: Heatran\n|-damage|p2a: Heatran|41\/100\n|-supereffective|p2a: Heatran\n|-crit|p2a: Heatran\n|-damage|p2a: Heatran|0 fnt\n|faint|p2a: Heatran\n|-hitcount|p2: Heatran|2\n|\n|upkeep\n|\n|t:|1701116847\n|switch|p1a: Regidrago|Regidrago, L50|100\/100\n|switch|p2a: Flutter Mane|Flutter Mane, L50|100\/100\n|-enditem|p2a: Flutter Mane|Booster Energy\n|-activate|p2a: Flutter Mane|ability: Protosynthesis|[fromitem]\n|-start|p2a: Flutter Mane|protosynthesisspa\n|turn|3\n|\n|t:|1701116864\n|move|p1b: Urshifu|Protect|p1b: Urshifu\n|-singleturn|p1b: Urshifu|Protect\n|move|p1a: Regidrago|Protect|p1a: Regidrago\n|-singleturn|p1a: Regidrago|Protect\n|move|p2a: Flutter Mane|Dazzling Gleam|p1b: Urshifu|[spread] \n|-activate|p1a: Regidrago|move: Protect\n|-activate|p1b: Urshifu|move: Protect\n|move|p2b: Tornadus|Bleakwind Storm|p1a: Regidrago|[spread] \n|-activate|p1a: Regidrago|move: Protect\n|-activate|p1b: Urshifu|move: Protect\n|\n|upkeep\n|turn|4\n|\n|t:|1701116886\n|move|p2a: Flutter Mane|Dazzling Gleam|p1b: Urshifu|[spread] p1a,p1b\n|-supereffective|p1a: Regidrago\n|-supereffective|p1b: Urshifu\n|-damage|p1a: Regidrago|12\/100\n|-damage|p1b: Urshifu|0 fnt\n|faint|p1b: Urshifu\n|move|p2b: Tornadus|Bleakwind Storm|p1a: Regidrago|[miss]\n|-miss|p2b: Tornadus|p1a: Regidrago\n|move|p1a: Regidrago|Draco Meteor|p2b: Tornadus\n|-enditem|p2b: Tornadus|Focus Sash\n|-damage|p2b: Tornadus|1\/100\n|-unboost|p1a: Regidrago|spa|2\n|\n|upkeep\n|turn|5\n|\n|t:|1701116900\n|move|p2b: Tornadus|Protect|p2b: Tornadus\n|-singleturn|p2b: Tornadus|Protect\n|move|p1a: Regidrago|Protect|p1a: Regidrago\n|-singleturn|p1a: Regidrago|Protect\n|move|p2a: Flutter Mane|Dazzling Gleam|p1a: Regidrago\n|-activate|p1a: Regidrago|move: Protect\n|\n|-sideend|p2: bhanny|move: Tailwind\n|upkeep\n|turn|6\n|c|\u2606CrypticLeonVGC|g\n|c|\u2606CrypticLeonVGC|gr\n|\n|t:|1701116913\n|move|p2b: Tornadus|Tailwind|p2b: Tornadus\n|-sidestart|p2: bhanny|move: Tailwind\n|move|p2a: Flutter Mane|Dazzling Gleam|p1a: Regidrago\n|-supereffective|p1a: Regidrago\n|-damage|p1a: Regidrago|0 fnt\n|faint|p1a: Regidrago\n|\n|win|bhanny\n|c|&|\/uhtml prompt-crypticleonvgc,CrypticLeonVGC is ready for game 2!\n","uploadtime":1701116917,"views":14,"p1id":"crypticleonvgc","p2id":"bhanny","formatid":"gen9vgc2023regulatione","rating":0,"private":0,"password":""}