{"id":"gen9vgc2023regulatione-1999023620","p1":"lukromvgc","p2":"Veiv","format":"[Gen 9] VGC 2023 Regulation E","log":"|j|\u2606lukromvgc\n|j|\u2606Veiv\n|n|\u2606lukromvgc|lukromvgc\n|n|\u2606Veiv|veiv\n|html|View the match progress at <a href=\"\/game-bestof3-gen9vgc2023regulatione-1999023619\">game-bestof3-gen9vgc2023regulatione-1999023619<\/a>\n|t:|1701024972\n|gametype|doubles\n|player|p1|lukromvgc|bellelba|\n|player|p2|Veiv|cynthia-gen4|\n|teamsize|p1|6\n|teamsize|p2|6\n|gen|9\n|tier|[Gen 9] VGC 2023 Regulation E\n|rule|Species Clause: Limit one of each Pok\u00e9mon\n|rule|Item Clause: Limit one of each item\n|clearpoke\n|poke|p1|Lucario, L50, M|\n|poke|p1|Thundurus, L50, M|\n|poke|p1|Gengar, L50, F|\n|poke|p1|Toxicroak, L50, F|\n|poke|p1|Zoroark-Hisui, L50, M|\n|poke|p1|Greninja-*, L50, F|\n|poke|p2|Dondozo, L50, F|\n|poke|p2|Azelf, L50|\n|poke|p2|Charizard, L50, F|\n|poke|p2|Tornadus, L50, M|\n|poke|p2|Luxray, L50, F|\n|poke|p2|Zoroark-Hisui, L50, M|\n|teampreview|4\nVeiv has agreed to open team sheets.\nlukromvgc has agreed to open team sheets.\n|showteam|p1|Lucario||FocusSash|InnerFocus|Protect,BulletPunch,RockSlide,CloseCombat|||M|||50|,,,,,Water]Thundurus||MentalHerb|Prankster|WildboltStorm,ThunderWave,Taunt,EerieImpulse|||M|||50|,,,,,Ghost]Gengar||ChoiceScarf|CursedBody|ShadowBall,SludgeBomb,DazzlingGleam,Thunderbolt|||F|||50|,,,,,Dark]Toxicroak||AssaultVest|PoisonTouch|FakeOut,PoisonJab,DrainPunch,KnockOff|||F|||50|,,,,,Dark]Zoroark-Hisui||ThroatSpray|Illusion|Protect,HyperVoice,BitterMalice,IcyWind|||M|||50|,,,,,Ghost]Greninja||LifeOrb|Protean|HydroPump,TeraBlast,DarkPulse,Protect|||F|||50|,,,,,Ground\n|showteam|p2|Dondozo||Leftovers|Oblivious|Yawn,WaveCrash,Protect,OrderUp|||F|||50|,,,,,Dragon]Azelf||ChoiceBand|Levitate|Uturn,KnockOff,PsychoCut,Trick||||||50|,,,,,Electric]Charizard||LifeOrb|SolarPower|HeatWave,SolarBeam,Earthquake,Protect|||F|||50|,,,,,Dark]Tornadus||MentalHerb|Prankster|SunnyDay,Tailwind,Taunt,AirSlash|||M|||50|,,,,,Steel]Luxray||SitrusBerry|Intimidate|WildCharge,Protect,IceFang,PlayRough|||F|||50|,,,,,Grass]Zoroark-Hisui||FocusSash|Illusion|HyperVoice,ShadowBall,IcyWind,Protect|||M|||50|,,,,,Ghost\n|c|\u2606lukromvgc|Glhf\n|\n|t:|1701025045\n|start\n|switch|p1a: Thundurus|Thundurus, L50, M|100\/100\n|switch|p1b: Lucario|Lucario, L50, M|100\/100\n|switch|p2a: Tornadus|Tornadus, L50, M|100\/100\n|switch|p2b: Charizard|Charizard, L50, F|100\/100\n|turn|1\n|\n|t:|1701025066\n|move|p1b: Lucario|Protect|p1b: Lucario\n|-singleturn|p1b: Lucario|Protect\n|move|p2b: Charizard|Protect|p2b: Charizard\n|-singleturn|p2b: Charizard|Protect\n|move|p2a: Tornadus|Sunny Day|p2a: Tornadus\n|-weather|SunnyDay\n|move|p1a: Thundurus|Wildbolt Storm|p2a: Tornadus|[spread] p2a\n|-activate|p2b: Charizard|move: Protect\n|-supereffective|p2a: Tornadus\n|-damage|p2a: Tornadus|33\/100\n|\n|-weather|SunnyDay|[upkeep]\n|-damage|p2b: Charizard|88\/100|[from] ability: Solar Power|[of] p2b: Charizard\n|upkeep\n|turn|2\n|j| Bamyan\n|j| Kxroro\n|\n|t:|1701025101\n|move|p2a: Tornadus|Tailwind|p2a: Tornadus\n|-sidestart|p2: Veiv|move: Tailwind\n|move|p1a: Thundurus|Thunder Wave|p2b: Charizard\n|-status|p2b: Charizard|par\n|move|p1b: Lucario|Rock Slide|p2a: Tornadus|[spread] p2a\n|-miss|p1b: Lucario|p2b: Charizard\n|-supereffective|p2a: Tornadus\n|-crit|p2a: Tornadus\n|-damage|p2a: Tornadus|0 fnt\n|faint|p2a: Tornadus\n|move|p2b: Charizard|Heat Wave|p1b: Lucario|[spread] p1a,p1b\n|-supereffective|p1b: Lucario\n|-damage|p1a: Thundurus|2\/100\n|-enditem|p1b: Lucario|Focus Sash\n|-damage|p1b: Lucario|1\/100\n|-damage|p2b: Charizard|78\/100 par|[from] item: Life Orb\n|\n|-weather|SunnyDay|[upkeep]\n|-damage|p2b: Charizard|66\/100 par|[from] ability: Solar Power|[of] p2b: Charizard\n|upkeep\n|j| DubiousVGC\n|\n|t:|1701025124\n|switch|p2a: Luxray|Luxray, L50, F|100\/100\n|-ability|p2a: Luxray|Intimidate|boost\n|-unboost|p1a: Thundurus|atk|1\n|-fail|p1b: Lucario|unboost|Attack|[from] ability: Inner Focus|[of] p1b: Lucario\n|turn|3\n|j| nightcoreee\n|\n|t:|1701025153\n|move|p1b: Lucario|Protect|p1b: Lucario\n|-singleturn|p1b: Lucario|Protect\n|cant|p2b: Charizard|par\n|move|p1a: Thundurus|Eerie Impulse|p2b: Charizard\n|-unboost|p2b: Charizard|spa|2\n|move|p2a: Luxray|Wild Charge|p1b: Lucario\n|-activate|p1b: Lucario|move: Protect\n|\n|-weather|SunnyDay|[upkeep]\n|-damage|p2b: Charizard|54\/100 par|[from] ability: Solar Power|[of] p2b: Charizard\n|upkeep\n|turn|4\n|\n|t:|1701025172\n|move|p1b: Lucario|Bullet Punch|p2a: Luxray\n|-resisted|p2a: Luxray\n|-damage|p2a: Luxray|91\/100\n|move|p2a: Luxray|Wild Charge|p1b: Lucario\n|-damage|p1b: Lucario|0 fnt\n|faint|p1b: Lucario\n|-damage|p2a: Luxray|91\/100|[from] Recoil\n|cant|p2b: Charizard|par\n|move|p1a: Thundurus|Wildbolt Storm|p2b: Charizard|[spread] p2b\n|-miss|p1a: Thundurus|p2a: Luxray\n|-supereffective|p2b: Charizard\n|-damage|p2b: Charizard|0 fnt\n|faint|p2b: Charizard\n|\n|-weather|SunnyDay|[upkeep]\n|upkeep\n|\n|t:|1701025189\n|switch|p1b: Toxicroak|Toxicroak, L50, F|100\/100\n|switch|p2b: Azelf|Azelf, L50|100\/100\n|turn|5\n|\n|t:|1701025249\n|-terastallize|p2b: Azelf|Electric\n|move|p1b: Toxicroak|Fake Out|p2b: Azelf\n|-damage|p2b: Azelf|81\/100\n|move|p1a: Thundurus|Thunder Wave|p2b: Azelf\n|-immune|p2b: Azelf\n|cant|p2b: Azelf|flinch\n|move|p2a: Luxray|Wild Charge|p1b: Toxicroak\n|-damage|p1b: Toxicroak|42\/100\n|-damage|p2a: Luxray|76\/100|[from] Recoil\n|\n|-weather|none\n|-sideend|p2: Veiv|move: Tailwind\n|upkeep\n|turn|6\n|\n|t:|1701025297\n|move|p2b: Azelf|Trick|p1a: Thundurus\n|-activate|p2b: Azelf|move: Trick|[of] p1a: Thundurus\n|-item|p1a: Thundurus|Choice Band|[from] move: Trick\n|-item|p2b: Azelf|Mental Herb|[from] move: Trick\n|move|p1a: Thundurus|Wildbolt Storm|p2b: Azelf|[spread] p2a,p2b\n|-resisted|p2a: Luxray\n|-resisted|p2b: Azelf\n|-damage|p2a: Luxray|59\/100\n|-damage|p2b: Azelf|56\/100\n|move|p1b: Toxicroak|Poison Jab|p2a: Luxray\n|-damage|p2a: Luxray|21\/100\n|-status|p2a: Luxray|psn\n|-enditem|p2a: Luxray|Sitrus Berry|[eat]\n|-heal|p2a: Luxray|46\/100 psn|[from] item: Sitrus Berry\n|move|p2a: Luxray|Wild Charge|p1b: Toxicroak\n|-damage|p1b: Toxicroak|0 fnt\n|faint|p1b: Toxicroak\n|-damage|p2a: Luxray|35\/100 psn|[from] Recoil\n|\n|-damage|p2a: Luxray|23\/100 psn|[from] psn\n|upkeep\n|\n|t:|1701025307\n|switch|p1b: Greninja|Greninja, L50, F|100\/100\n|turn|7\n|\n|t:|1701025335\n|-terastallize|p1b: Greninja|Ground\n|move|p2b: Azelf|Knock Off|p1b: Greninja\n|-damage|p1b: Greninja|49\/100\n|-enditem|p1b: Greninja|Life Orb|[from] move: Knock Off|[of] p2b: Azelf\n|move|p1b: Greninja|Tera Blast|p2b: Azelf|[anim] Tera Blast Ground\n|-immune|p2b: Azelf|[from] ability: Levitate\n|move|p1a: Thundurus|Wildbolt Storm|p2b: Azelf|[spread] p2a,p2b\n|-resisted|p2a: Luxray\n|-resisted|p2b: Azelf\n|-damage|p2a: Luxray|6\/100 psn\n|-damage|p2b: Azelf|33\/100\n|move|p2a: Luxray|Wild Charge|p1a: Thundurus\n|-damage|p1a: Thundurus|0 fnt\n|faint|p1a: Thundurus\n|-damage|p2a: Luxray|5\/100 psn|[from] Recoil\n|\n|-damage|p2a: Luxray|0 fnt|[from] psn\n|faint|p2a: Luxray\n|upkeep\n|turn|8\n|c| DubiousVGC|ma perch\u00e8\n|c| DubiousVGC|ahahah\n|c|\u2606lukromvgc|sono stupido\n|\n|t:|1701025357\n|move|p2b: Azelf|Knock Off|p1b: Greninja\n|-damage|p1b: Greninja|12\/100\n|move|p1b: Greninja|Hydro Pump|p2b: Azelf\n|-damage|p2b: Azelf|0 fnt\n|faint|p2b: Azelf\n|\n|win|lukromvgc\n|c|&|\/uhtml prompt-veiv,Veiv is ready for game 2!\n|inactive|lukromvgc has 50 seconds to confirm battle start!\n|c|\u2606lukromvgc|Che idiota non perde l'abilit\u00e0\n|c|&|\/uhtml prompt-lukromvgc,lukromvgc is ready for game 2!\nBoth players are ready! Starting next match!\n|c| Kxroro|ha voluto flexae\n|c| Kxroro|flexare\n|l| nightcoreee\n|l|bamyan\n","uploadtime":1701025943,"views":5,"p1id":"lukromvgc","p2id":"veiv","formatid":"gen9vgc2023regulatione","rating":0,"private":0,"password":""}