{"id":"gen9vgc2023regulatione-1992820744","p1":"Pizza222","p2":"whyismynamejeff","format":"[Gen 9] VGC 2023 Regulation E","log":"|j|\u2606Pizza222\n|j|\u2606whyismynamejeff\n|t:|1700238327\n|gametype|doubles\n|player|p1|Pizza222|sailor|1222\n|player|p2|whyismynamejeff|colress|1135\n|teamsize|p1|6\n|teamsize|p2|6\n|gen|9\n|tier|[Gen 9] VGC 2023 Regulation E\n|rated|\n|rule|Species Clause: Limit one of each Pok\u00e9mon\n|rule|Item Clause: Limit one of each item\n|clearpoke\n|poke|p1|Clefairy, L50, M|\n|poke|p1|Kommo-o, L50, M|\n|poke|p1|Snorlax, L50, M|\n|poke|p1|Ogerpon-Wellspring, L50, F|\n|poke|p1|Sinistcha-Masterpiece, L50|\n|poke|p1|Iron Hands, L50|\n|poke|p2|Empoleon, L50, M|\n|poke|p2|Ogerpon-Hearthflame, L50, F|\n|poke|p2|Flutter Mane, L50|\n|poke|p2|Iron Hands, L50|\n|poke|p2|Baxcalibur, L50, F|\n|poke|p2|Landorus-Therian, L50, M|\n|teampreview|4\n|inactive|Battle timer is ON: inactive players will automatically lose when time's up. (requested by Pizza222)\n|\n|t:|1700238353\n|start\n|switch|p1a: Greeeeennnnn|Clefairy, L50, M, shiny|100\/100\n|switch|p1b: Giga monke|Kommo-o, L50, M|100\/100\n|switch|p2a: Baxcalibur|Baxcalibur, L50, F|100\/100\n|switch|p2b: Iron Hands|Iron Hands, L50|100\/100\n|turn|1\n|c|\u2606whyismynamejeff|ia this just wolfeys team\n|c|\u2606Pizza222|kind of\n|\n|t:|1700238371\n|move|p1b: Giga monke|Protect|p1b: Giga monke\n|-singleturn|p1b: Giga monke|Protect\n|move|p1a: Greeeeennnnn|Protect|p1a: Greeeeennnnn\n|-singleturn|p1a: Greeeeennnnn|Protect\n|move|p2b: Iron Hands|Fake Out|p1b: Giga monke\n|-activate|p1b: Giga monke|move: Protect\n|move|p2a: Baxcalibur|Icicle Spear|p1a: Greeeeennnnn\n|-activate|p1a: Greeeeennnnn|move: Protect\n|\n|upkeep\n|turn|2\n|c|\u2606Pizza222|the ogerpon is a support mon\n|\n|t:|1700238388\n|move|p2a: Baxcalibur|Protect|p2a: Baxcalibur\n|-singleturn|p2a: Baxcalibur|Protect\n|move|p1a: Greeeeennnnn|Follow Me|p1a: Greeeeennnnn\n|-singleturn|p1a: Greeeeennnnn|move: Follow Me\n|move|p1b: Giga monke|Clangorous Soul|p1b: Giga monke\n|-boost|p1b: Giga monke|atk|1\n|-boost|p1b: Giga monke|def|1\n|-boost|p1b: Giga monke|spa|1\n|-boost|p1b: Giga monke|spd|1\n|-boost|p1b: Giga monke|spe|1\n|-damage|p1b: Giga monke|68\/100\n|-enditem|p1b: Giga monke|Throat Spray\n|-boost|p1b: Giga monke|spa|1|[from] item: Throat Spray\n|move|p2b: Iron Hands|Ice Punch|p1a: Greeeeennnnn\n|-damage|p1a: Greeeeennnnn|70\/100\n|\n|upkeep\n|turn|3\n|\n|t:|1700238410\n|move|p1a: Greeeeennnnn|Follow Me|p1a: Greeeeennnnn\n|-singleturn|p1a: Greeeeennnnn|move: Follow Me\n|move|p1b: Giga monke|Clanging Scales|p2b: Iron Hands|[spread] p2a,p2b\n|-supereffective|p2a: Baxcalibur\n|-damage|p2a: Baxcalibur|0 fnt\n|-damage|p2b: Iron Hands|58\/100\n|faint|p2a: Baxcalibur\n|-unboost|p1b: Giga monke|def|1\n|move|p2b: Iron Hands|Drain Punch|p1a: Greeeeennnnn\n|-resisted|p1a: Greeeeennnnn\n|-damage|p1a: Greeeeennnnn|48\/100\n|-heal|p2b: Iron Hands|65\/100|[from] drain|[of] p1a: Greeeeennnnn\n|\n|upkeep\n|\n|t:|1700238423\n|switch|p2a: Empoleon|Empoleon, L50, M|100\/100\n|turn|4\n|\n|t:|1700238436\n|move|p1a: Greeeeennnnn|Helping Hand|p1b: Giga monke\n|-singleturn|p1b: Giga monke|Helping Hand|[of] p1a: Greeeeennnnn\n|move|p1b: Giga monke|Clanging Scales|p2a: Empoleon|[spread] p2a,p2b\n|-resisted|p2a: Empoleon\n|-damage|p2a: Empoleon|49\/100\n|-damage|p2b: Iron Hands|4\/100\n|-unboost|p1b: Giga monke|def|1\n|move|p2a: Empoleon|Hydro Pump|p1b: Giga monke\n|-resisted|p1b: Giga monke\n|-damage|p1b: Giga monke|50\/100\n|move|p2b: Iron Hands|Wild Charge|p1a: Greeeeennnnn\n|-damage|p1a: Greeeeennnnn|0 fnt\n|faint|p1a: Greeeeennnnn\n|-damage|p2b: Iron Hands|0 fnt|[from] Recoil\n|faint|p2b: Iron Hands\n|-end|p2b: Iron Hands|Quark Drive|[silent]\n|\n|-heal|p2a: Empoleon|55\/100|[from] item: Leftovers\n|upkeep\n|\n|t:|1700238454\n|switch|p2b: Flutter Mane|Flutter Mane, L50|100\/100\n|switch|p1a: Hot tea|Sinistcha-Masterpiece, L50|100\/100\n|-heal|p1b: Giga monke|75\/100|[from] ability: Hospitality|[of] p1a: Hot tea\n|-enditem|p2b: Flutter Mane|Booster Energy\n|-activate|p2b: Flutter Mane|ability: Protosynthesis|[fromitem]\n|-start|p2b: Flutter Mane|protosynthesisspe\n|turn|5\n|\n|t:|1700238463\n|-terastallize|p1b: Giga monke|Steel\n|move|p2b: Flutter Mane|Shadow Ball|p1a: Hot tea\n|-supereffective|p1a: Hot tea\n|-damage|p1a: Hot tea|0 fnt\n|faint|p1a: Hot tea\n|move|p1b: Giga monke|Flash Cannon|p2b: Flutter Mane\n|-supereffective|p2b: Flutter Mane\n|-damage|p2b: Flutter Mane|0 fnt\n|faint|p2b: Flutter Mane\n|-end|p2b: Flutter Mane|Protosynthesis|[silent]\n|move|p2a: Empoleon|Ice Beam|p1b: Giga monke\n|-resisted|p1b: Giga monke\n|-damage|p1b: Giga monke|64\/100\n|\n|-heal|p2a: Empoleon|61\/100|[from] item: Leftovers\n|upkeep\n|\n|t:|1700238476\n|switch|p1a: Brian Hands|Iron Hands, L50|100\/100\n|turn|6\n|c|\u2606Pizza222|gg\n|\n|t:|1700238487\n|move|p2a: Empoleon|Protect|p2a: Empoleon\n|-singleturn|p2a: Empoleon|Protect\n|move|p1b: Giga monke|Clanging Scales|p2a: Empoleon\n|-activate|p2a: Empoleon|move: Protect\n|move|p1a: Brian Hands|Wild Charge|p2a: Empoleon\n|-activate|p2a: Empoleon|move: Protect\n|\n|-heal|p2a: Empoleon|66\/100|[from] item: Leftovers\n|upkeep\n|turn|7\n|\n|t:|1700238504\n|-terastallize|p2a: Empoleon|Dragon\n|move|p1b: Giga monke|Clanging Scales|p2a: Empoleon\n|-supereffective|p2a: Empoleon\n|-damage|p2a: Empoleon|0 fnt\n|faint|p2a: Empoleon\n|\n|win|Pizza222\n|raw|Pizza222's rating: 1222 &rarr; <strong>1241<\/strong><br \/>(+19 for winning)\n|raw|whyismynamejeff's rating: 1135 &rarr; <strong>1116<\/strong><br \/>(-19 for losing)\n","uploadtime":1700238516,"views":13,"p1id":"pizza222","p2id":"whyismynamejeff","formatid":"gen9vgc2023regulatione","rating":1116,"private":0,"password":""}