{"id":"gen9vgc2023regulatione-1989288858","p1":"heracross65","p2":"bway","format":"[Gen 9] VGC 2023 Regulation E","log":"|j|\u2606heracross65\n|j|\u2606bway\n|t:|1699832311\n|gametype|doubles\n|player|p1|heracross65|101|1179\n|player|p2|bway|265|1184\n|teamsize|p1|6\n|teamsize|p2|6\n|gen|9\n|tier|[Gen 9] VGC 2023 Regulation E\n|rated|\n|rule|Species Clause: Limit one of each Pok\u00e9mon\n|rule|Item Clause: Limit one of each item\n|clearpoke\n|poke|p1|Ogerpon-Cornerstone, L50, F|\n|poke|p1|Rillaboom, L50, M|\n|poke|p1|Okidogi, L50, M|\n|poke|p1|Milotic, L50, M|\n|poke|p1|Chien-Pao, L50|\n|poke|p1|Landorus-Therian, L50, M|\n|poke|p2|Piplup, L50, M|\n|poke|p2|Farigiraf, L50, M|\n|poke|p2|Sinistcha, L50|\n|poke|p2|Iron Hands, L50|\n|poke|p2|Kingambit, L50, M|\n|poke|p2|Ogerpon-Hearthflame, L50, F|\n|teampreview|4\nbway rejected open team sheets.\n|\n|t:|1699832341\n|start\n|switch|p1a: Chien-Pao|Chien-Pao, L50|100\/100\n|switch|p1b: Okidogi|Okidogi, L50, M|100\/100\n|switch|p2a: Farigiraf|Farigiraf, L50, M|100\/100\n|switch|p2b: Piplup|Piplup, L50, M|100\/100\n|-ability|p1a: Chien-Pao|Sword of Ruin\n|turn|1\n|inactive|Battle timer is ON: inactive players will automatically lose when time's up. (requested by bway)\n|\n|t:|1699832358\n|move|p2b: Piplup|Protect|p2b: Piplup\n|-singleturn|p2b: Piplup|Protect\n|move|p1a: Chien-Pao|Sacred Sword|p2a: Farigiraf\n|-damage|p2a: Farigiraf|55\/100\n|move|p1b: Okidogi|Bulk Up|p1b: Okidogi\n|-boost|p1b: Okidogi|atk|1\n|-boost|p1b: Okidogi|def|1\n|move|p2a: Farigiraf|Trick Room|p2a: Farigiraf\n|-fieldstart|move: Trick Room|[of] p2a: Farigiraf\n|\n|upkeep\n|turn|2\n|\n|t:|1699832377\n|move|p2b: Piplup|Fling|p2a: Farigiraf\n|-supereffective|p2a: Farigiraf\n|-damage|p2a: Farigiraf|51\/100\n|-boost|p2a: Farigiraf|spa|1|[from] item: Petaya Berry\n|-enditem|p2a: Farigiraf|Weakness Policy\n|-boost|p2a: Farigiraf|atk|2|[from] item: Weakness Policy\n|-boost|p2a: Farigiraf|spa|2|[from] item: Weakness Policy\n|-enditem|p2b: Piplup|Petaya Berry|[from] move: Fling\n|move|p2a: Farigiraf|Dazzling Gleam|p1a: Chien-Pao|[spread] p1a,p1b\n|-supereffective|p1a: Chien-Pao\n|-enditem|p1a: Chien-Pao|Focus Sash\n|-damage|p1a: Chien-Pao|1\/100\n|-damage|p1b: Okidogi|54\/100\n|move|p1b: Okidogi|Knock Off|p2a: Farigiraf\n|-supereffective|p2a: Farigiraf\n|-damage|p2a: Farigiraf|0 fnt\n|faint|p2a: Farigiraf\n|move|p1a: Chien-Pao|Ice Spinner|p2b: Piplup\n|-resisted|p2b: Piplup\n|-damage|p2b: Piplup|62\/100\n|\n|-heal|p1b: Okidogi|60\/100|[from] item: Leftovers\n|upkeep\n|\n|t:|1699832393\n|switch|p2a: Iron Hands|Iron Hands, L50|100\/100\n|turn|3\n|inactive|heracross65 has 30 seconds left.\n|\n|t:|1699832424\n|move|p2a: Iron Hands|Fake Out|p1b: Okidogi\n|-damage|p1b: Okidogi|49\/100\n|move|p2b: Piplup|Yawn|p1b: Okidogi\n|-start|p1b: Okidogi|move: Yawn|[of] p2b: Piplup\n|cant|p1b: Okidogi|flinch\n|move|p1a: Chien-Pao|Ice Spinner|p2a: Iron Hands\n|-damage|p2a: Iron Hands|58\/100\n|\n|-heal|p1b: Okidogi|55\/100|[from] item: Leftovers\n|upkeep\n|turn|4\n|\n|t:|1699832442\n|move|p2b: Piplup|Chilling Water|p1a: Chien-Pao\n|-damage|p1a: Chien-Pao|0 fnt\n|faint|p1a: Chien-Pao\n|move|p2a: Iron Hands|Drain Punch|p1b: Okidogi\n|-resisted|p1b: Okidogi\n|-damage|p1b: Okidogi|43\/100\n|-heal|p2a: Iron Hands|64\/100|[from] drain|[of] p1b: Okidogi\n|move|p1b: Okidogi|Drain Punch|p2b: Piplup\n|-damage|p2b: Piplup|0 fnt\n|-heal|p1b: Okidogi|64\/100|[from] drain|[of] p2b: Piplup\n|faint|p2b: Piplup\n|\n|-heal|p1b: Okidogi|70\/100|[from] item: Leftovers\n|-end|p1b: Okidogi|move: Yawn|[silent]\n|-status|p1b: Okidogi|slp\n|upkeep\n|\n|t:|1699832461\n|switch|p2b: Ogerpon|Ogerpon-Hearthflame, L50, F|100\/100\n|switch|p1a: Ogerpon|Ogerpon-Cornerstone, L50, F|100\/100\n|-ability|p2b: Ogerpon|Mold Breaker\n|turn|5\n|\n|t:|1699832475\n|-terastallize|p1a: Ogerpon|Rock\n|detailschange|p1a: Ogerpon|Ogerpon-Cornerstone-Tera, L50, F, tera:Rock\n|-ability|p1a: Ogerpon|Embody Aspect (Cornerstone)|boost\n|-boost|p1a: Ogerpon|def|1\n|move|p2a: Iron Hands|Drain Punch|p1a: Ogerpon\n|-supereffective|p1a: Ogerpon\n|-damage|p1a: Ogerpon|35\/100\n|-heal|p2a: Iron Hands|89\/100|[from] drain|[of] p1a: Ogerpon\n|cant|p1b: Okidogi|slp\n|move|p1a: Ogerpon|Ivy Cudgel|p2b: Ogerpon\n|-supereffective|p2b: Ogerpon\n|-damage|p2b: Ogerpon|0 fnt\n|faint|p2b: Ogerpon\n|\n|-heal|p1b: Okidogi|76\/100 slp|[from] item: Leftovers\n|-fieldend|move: Trick Room\n|upkeep\n|turn|6\n|\n|t:|1699832498\n|move|p1a: Ogerpon|Horn Leech|p2a: Iron Hands\n|-damage|p2a: Iron Hands|57\/100\n|-heal|p1a: Ogerpon|55\/100|[from] drain|[of] p2a: Iron Hands\n|cant|p1b: Okidogi|slp\n|move|p2a: Iron Hands|Drain Punch|p1a: Ogerpon\n|-supereffective|p1a: Ogerpon\n|-damage|p1a: Ogerpon|0 fnt\n|-heal|p2a: Iron Hands|78\/100|[from] drain|[of] p1a: Ogerpon\n|faint|p1a: Ogerpon\n|\n|-heal|p1b: Okidogi|82\/100 slp|[from] item: Leftovers\n|upkeep\n|\n|t:|1699832507\n|switch|p1a: Milotic|Milotic, L50, M, shiny|100\/100\n|turn|7\n|\n|t:|1699832521\n|-curestatus|p1b: Okidogi|slp|[msg]\n|move|p1b: Okidogi|Drain Punch|p2a: Iron Hands\n|-damage|p2a: Iron Hands|35\/100\n|-heal|p1b: Okidogi|100\/100|[from] drain|[of] p2a: Iron Hands\n|move|p1a: Milotic|Scald|p2a: Iron Hands\n|-damage|p2a: Iron Hands|18\/100\n|move|p2a: Iron Hands|Wild Charge|p1a: Milotic\n|-supereffective|p1a: Milotic\n|-damage|p1a: Milotic|3\/100\n|-enditem|p1a: Milotic|Aguav Berry|[eat]\n|-heal|p1a: Milotic|36\/100|[from] item: Aguav Berry\n|-damage|p2a: Iron Hands|0 fnt|[from] Recoil\n|faint|p2a: Iron Hands\n|-end|p2a: Iron Hands|Quark Drive|[silent]\n|\n|win|heracross65\n|raw|heracross65's rating: 1179 &rarr; <strong>1204<\/strong><br \/>(+25 for winning)\n|raw|bway's rating: 1184 &rarr; <strong>1159<\/strong><br \/>(-25 for losing)\n","uploadtime":1699832528,"views":11,"p1id":"heracross65","p2id":"bway","formatid":"gen9vgc2023regulatione","rating":1159,"private":0,"password":""}