{"id":"gen9vgc2023regulatione-1990140608","p1":"DJ_PBnJ","p2":"craftclan","format":"[Gen 9] VGC 2023 Regulation E","log":"|j|\u2606DJ_PBnJ\n|j|\u2606craftclan\n|n|\u2606DJ_PBnJ|djpbnj\n|n|\u2606craftclan|craftclan\n|html|View the match progress at <a href=\"\/game-bestof3-gen9vgc2023regulatione-1990140607\">game-bestof3-gen9vgc2023regulatione-1990140607<\/a>\n|t:|1699928966\n|gametype|doubles\n|player|p1|DJ_PBnJ|hilda-wonderlauncher|\n|player|p2|craftclan|magmagruntf|\n|teamsize|p1|6\n|teamsize|p2|6\n|gen|9\n|tier|[Gen 9] VGC 2023 Regulation E\n|rule|Species Clause: Limit one of each Pok\u00e9mon\n|rule|Item Clause: Limit one of each item\n|clearpoke\n|poke|p1|Fezandipiti, L50, M|\n|poke|p1|Meowscarada, L50, M|\n|poke|p1|Dragalge, L50, F|\n|poke|p1|Rotom-Heat, L50|\n|poke|p1|Clefairy, L50, M|\n|poke|p1|Garchomp, L50, M|\n|poke|p2|Sandslash-Alola, L50, F|\n|poke|p2|Ninetales-Alola, L50, M|\n|poke|p2|Chandelure, L50, F|\n|poke|p2|Slowking, L50, M|\n|poke|p2|Kommo-o, L50, M|\n|poke|p2|Grimmsnarl, L50, M|\n|teampreview|4\ncraftclan has agreed to open team sheets.\nDJ_PBnJ has agreed to open team sheets.\n|showteam|p1|Fezandipiti||Leftovers|ToxicChain|IcyWind,DazzlingGleam,Taunt,Roost|||M|||50|,,,,,Water]Meowscarada||FocusSash|Overgrow|FlowerTrick,KnockOff,PlayRough,Protect|||M|||50|,,,,,Grass]Dragalge||ChoiceSpecs|Adaptability|DracoMeteor,SludgeBomb,Thunderbolt,FocusBlast|||F|||50|,,,,,Flying]Rotom-Heat||ChoiceScarf|Levitate|Overheat,VoltSwitch,Trick,ShadowBall||||||50|,,,,,Fairy]Clefairy||Eviolite|FriendGuard|FollowMe,HelpingHand,LifeDew,Moonblast|||M|||50|,,,,,Steel]Garchomp||ClearAmulet|RoughSkin|DragonClaw,StompingTantrum,RockSlide,Protect|||M|||50|,,,,,Fire\n|showteam|p2|Sandslash-Alola||LumBerry|SlushRush|SwordsDance,IronHead,IceSpinner,Protect|||F|||50|,,,,,Water]Ninetales-Alola||MentalHerb|SnowWarning|HelpingHand,AuroraVeil,Blizzard,Protect|||M|||50|,,,,,Grass]Chandelure||Leftovers|FlashFire|WillOWisp,Hex,HeatWave,Protect|||F|||50|,,,,,Fairy]Slowking||RockyHelmet|Regenerator|ChillyReception,Blizzard,FutureSight,Protect|||M|||50|,,,,,Ice]Kommo-o||YacheBerry|Overcoat|ClangorousSoul,ClangingScales,HyperVoice,CloseCombat|||M|||50|,,,,,Steel]Grimmsnarl||SitrusBerry|Prankster|FakeOut,PartingShot,ThunderWave,SpiritBreak|||M|||50|,,,,,Steel\n|\n|t:|1699929027\n|start\n|switch|p1a: Redirect Sim. '23|Clefairy, L50, M|100\/100\n|switch|p1b: Hot Box|Rotom-Heat, L50|100\/100\n|switch|p2a: Ninetales|Ninetales-Alola, L50, M|100\/100\n|switch|p2b: Sandslash|Sandslash-Alola, L50, F|100\/100\n|-weather|Snow|[from] ability: Snow Warning|[of] p2a: Ninetales\n|turn|1\n|\n|t:|1699929083\n|move|p2a: Ninetales|Protect|p2a: Ninetales\n|-singleturn|p2a: Ninetales|Protect\n|move|p1a: Redirect Sim. '23|Follow Me|p1a: Redirect Sim. '23\n|-singleturn|p1a: Redirect Sim. '23|move: Follow Me\n|move|p2b: Sandslash|Swords Dance|p2b: Sandslash\n|-boost|p2b: Sandslash|atk|2\n|move|p1b: Hot Box|Overheat|p2b: Sandslash\n|-supereffective|p2b: Sandslash\n|-damage|p2b: Sandslash|0 fnt\n|-unboost|p1b: Hot Box|spa|2\n|faint|p2b: Sandslash\n|\n|-weather|Snow|[upkeep]\n|upkeep\n|\n|t:|1699929094\n|switch|p2b: Slowking|Slowking, L50, M|100\/100\n|turn|2\n|\n|t:|1699929111\n|move|p1a: Redirect Sim. '23|Helping Hand|p1b: Hot Box\n|-singleturn|p1b: Hot Box|Helping Hand|[of] p1a: Redirect Sim. '23\n|move|p1b: Hot Box|Overheat|p2a: Ninetales\n|-supereffective|p2a: Ninetales\n|-damage|p2a: Ninetales|2\/100\n|-unboost|p1b: Hot Box|spa|2\n|move|p2a: Ninetales|Aurora Veil|p2a: Ninetales\n|-sidestart|p2: craftclan|move: Aurora Veil\n|move|p2b: Slowking|Future Sight|p1b: Hot Box\n|-start|p2b: Slowking|move: Future Sight\n|\n|-weather|Snow|[upkeep]\n|upkeep\n|turn|3\n|\n|t:|1699929135\n|switch|p1b: Fezandipshity|Fezandipiti, L50, M|100\/100\n|switch|p2a: Chandelure|Chandelure, L50, F|100\/100\n|move|p1a: Redirect Sim. '23|Follow Me|p1a: Redirect Sim. '23\n|-singleturn|p1a: Redirect Sim. '23|move: Follow Me\n|move|p2b: Slowking|Blizzard|p1b: Fezandipshity|[spread] p1a,p1b\n|-damage|p1a: Redirect Sim. '23|85\/100\n|-damage|p1b: Fezandipshity|90\/100\n|\n|-weather|Snow|[upkeep]\n|-heal|p1b: Fezandipshity|96\/100|[from] item: Leftovers\n|upkeep\n|turn|4\n|\n|t:|1699929167\n|move|p1a: Redirect Sim. '23|Helping Hand|p1b: Fezandipshity\n|-singleturn|p1b: Fezandipshity|Helping Hand|[of] p1a: Redirect Sim. '23\n|move|p2a: Chandelure|Protect|p2a: Chandelure\n|-singleturn|p2a: Chandelure|Protect\n|move|p1b: Fezandipshity|Dazzling Gleam|p2a: Chandelure|[spread] p2b\n|-activate|p2a: Chandelure|move: Protect\n|-damage|p2b: Slowking|89\/100\n|move|p2b: Slowking|Blizzard|p1a: Redirect Sim. '23|[spread] p1a,p1b\n|-damage|p1a: Redirect Sim. '23|70\/100\n|-damage|p1b: Fezandipshity|85\/100\n|\n|-weather|Snow|[upkeep]\n|-end|p1b: Fezandipshity|move: Future Sight\n|-supereffective|p1b: Fezandipshity\n|-damage|p1b: Fezandipshity|38\/100\n|-heal|p1b: Fezandipshity|45\/100|[from] item: Leftovers\n|upkeep\n|turn|5\n|\n|t:|1699929212\n|move|p1b: Fezandipshity|Taunt|p2a: Chandelure\n|-start|p2a: Chandelure|move: Taunt\n|move|p2a: Chandelure|Hex|p1b: Fezandipshity\n|-crit|p1b: Fezandipshity\n|-damage|p1b: Fezandipshity|20\/100\n|move|p2b: Slowking|Future Sight|p1b: Fezandipshity\n|-start|p2b: Slowking|move: Future Sight\n|move|p1a: Redirect Sim. '23|Life Dew|p1a: Redirect Sim. '23|[spread] p1a,p1b\n|-heal|p1a: Redirect Sim. '23|96\/100\n|-heal|p1b: Fezandipshity|45\/100\n|\n|-weather|none\n|-heal|p1b: Fezandipshity|51\/100|[from] item: Leftovers\n|upkeep\n|turn|6\n|\n|t:|1699929234\n|move|p1a: Redirect Sim. '23|Follow Me|p1a: Redirect Sim. '23\n|-singleturn|p1a: Redirect Sim. '23|move: Follow Me\n|move|p1b: Fezandipshity|Roost|p1b: Fezandipshity\n|-heal|p1b: Fezandipshity|100\/100\n|-singleturn|p1b: Fezandipshity|move: Roost\n|move|p2a: Chandelure|Heat Wave|p1b: Fezandipshity|[spread] p1a,p1b\n|-damage|p1a: Redirect Sim. '23|65\/100\n|-damage|p1b: Fezandipshity|80\/100\n|move|p2b: Slowking|Blizzard|p1a: Redirect Sim. '23|[spread] p1a,p1b\n|-damage|p1a: Redirect Sim. '23|48\/100\n|-damage|p1b: Fezandipshity|69\/100\n|\n|-heal|p1b: Fezandipshity|75\/100|[from] item: Leftovers\n|-sideend|p2: craftclan|move: Aurora Veil\n|upkeep\n|turn|7\n|\n|t:|1699929259\n|move|p1b: Fezandipshity|Icy Wind|p2b: Slowking|[spread] p2a,p2b\n|-resisted|p2a: Chandelure\n|-resisted|p2b: Slowking\n|-crit|p2b: Slowking\n|-damage|p2a: Chandelure|98\/100\n|-damage|p2b: Slowking|84\/100\n|-unboost|p2a: Chandelure|spe|1\n|-unboost|p2b: Slowking|spe|1\n|-status|p2a: Chandelure|tox|[from] ability: Toxic Chain|[of] p1b: Fezandipshity\n|move|p2a: Chandelure|Heat Wave|p1b: Fezandipshity|[spread] p1a,p1b\n|-damage|p1a: Redirect Sim. '23|17\/100\n|-damage|p1b: Fezandipshity|56\/100\n|move|p1a: Redirect Sim. '23|Life Dew|p1a: Redirect Sim. '23|[spread] p1a,p1b\n|-heal|p1a: Redirect Sim. '23|42\/100\n|-heal|p1b: Fezandipshity|81\/100\n|move|p2b: Slowking|Blizzard|p1a: Redirect Sim. '23|[spread] p1a\n|-miss|p2b: Slowking|p1b: Fezandipshity\n|-damage|p1a: Redirect Sim. '23|27\/100\n|\n|-end|p1b: Fezandipshity|move: Future Sight\n|-supereffective|p1b: Fezandipshity\n|-damage|p1b: Fezandipshity|33\/100\n|-heal|p1b: Fezandipshity|39\/100|[from] item: Leftovers\n|-heal|p2a: Chandelure|100\/100 tox|[from] item: Leftovers\n|-damage|p2a: Chandelure|95\/100 tox|[from] psn\n|-end|p2a: Chandelure|move: Taunt\n|upkeep\n|turn|8\n|\n|t:|1699929293\n|move|p1b: Fezandipshity|Roost|p1b: Fezandipshity\n|-heal|p1b: Fezandipshity|89\/100\n|-singleturn|p1b: Fezandipshity|move: Roost\n|move|p2a: Chandelure|Will-O-Wisp|p1b: Fezandipshity\n|-status|p1b: Fezandipshity|brn\n|move|p1a: Redirect Sim. '23|Life Dew|p1a: Redirect Sim. '23|[spread] p1a,p1b\n|-heal|p1a: Redirect Sim. '23|53\/100\n|-heal|p1b: Fezandipshity|100\/100 brn\n|move|p2b: Slowking|Future Sight|p1a: Redirect Sim. '23\n|-start|p2b: Slowking|move: Future Sight\n|\n|-heal|p2a: Chandelure|100\/100 tox|[from] item: Leftovers\n|-damage|p2a: Chandelure|89\/100 tox|[from] psn\n|-damage|p1b: Fezandipshity|94\/100 brn|[from] brn\n|upkeep\n|turn|9\n|\n|t:|1699929334\n|move|p1a: Redirect Sim. '23|Helping Hand|p1b: Fezandipshity\n|-singleturn|p1b: Fezandipshity|Helping Hand|[of] p1a: Redirect Sim. '23\n|move|p1b: Fezandipshity|Dazzling Gleam|p2b: Slowking|[spread] p2a,p2b\n|-resisted|p2a: Chandelure\n|-damage|p2a: Chandelure|78\/100 tox\n|-damage|p2b: Slowking|66\/100\n|move|p2a: Chandelure|Hex|p1b: Fezandipshity\n|-damage|p1b: Fezandipshity|57\/100 brn\n|move|p2b: Slowking|Blizzard|p1a: Redirect Sim. '23|[spread] p1b\n|-miss|p2b: Slowking|p1a: Redirect Sim. '23\n|-damage|p1b: Fezandipshity|46\/100 brn\n|\n|-heal|p1b: Fezandipshity|52\/100 brn|[from] item: Leftovers\n|-heal|p2a: Chandelure|84\/100 tox|[from] item: Leftovers\n|-damage|p2a: Chandelure|66\/100 tox|[from] psn\n|-damage|p1b: Fezandipshity|46\/100 brn|[from] brn\n|upkeep\n|turn|10\n|\n|t:|1699929375\n|move|p1b: Fezandipshity|Roost|p1b: Fezandipshity\n|-heal|p1b: Fezandipshity|96\/100 brn\n|-singleturn|p1b: Fezandipshity|move: Roost\n|move|p2a: Chandelure|Hex|p1b: Fezandipshity\n|-damage|p1b: Fezandipshity|62\/100 brn\n|move|p1a: Redirect Sim. '23|Moonblast|p2b: Slowking\n|-damage|p2b: Slowking|48\/100\n|move|p2b: Slowking|Chilly Reception|p2b: Slowking\n|-weather|Snow\n|\n|t:|1699929384\n|switch|p2b: Ninetales|Ninetales-Alola, L50, M|2\/100|[from] Chilly Reception\n|\n|-weather|Snow|[upkeep]\n|-end|p1a: Redirect Sim. '23|move: Future Sight\n|-damage|p1a: Redirect Sim. '23|20\/100\n|-heal|p1b: Fezandipshity|68\/100 brn|[from] item: Leftovers\n|-heal|p2a: Chandelure|72\/100 tox|[from] item: Leftovers\n|-damage|p2a: Chandelure|48\/100 tox|[from] psn\n|-damage|p1b: Fezandipshity|62\/100 brn|[from] brn\n|upkeep\n|turn|11\n|\n|t:|1699929401\n|switch|p2a: Slowking|Slowking, L50, M|81\/100\n|move|p2b: Ninetales|Aurora Veil|p2b: Ninetales\n|-sidestart|p2: craftclan|move: Aurora Veil\n|move|p1b: Fezandipshity|Dazzling Gleam|p2a: Slowking|[spread] p2a,p2b\n|-damage|p2a: Slowking|72\/100\n|-damage|p2b: Ninetales|0 fnt\n|faint|p2b: Ninetales\n|move|p1a: Redirect Sim. '23|Life Dew|p1a: Redirect Sim. '23|[spread] p1a,p1b\n|-heal|p1a: Redirect Sim. '23|45\/100\n|-heal|p1b: Fezandipshity|87\/100 brn\n|\n|-weather|Snow|[upkeep]\n|-heal|p1b: Fezandipshity|93\/100 brn|[from] item: Leftovers\n|-damage|p1b: Fezandipshity|87\/100 brn|[from] brn\n|upkeep\n|\n|t:|1699929406\n|switch|p2b: Chandelure|Chandelure, L50, F|48\/100 tox\n|turn|12\n|\n|t:|1699929424\n|move|p1a: Redirect Sim. '23|Follow Me|p1a: Redirect Sim. '23\n|-singleturn|p1a: Redirect Sim. '23|move: Follow Me\n|move|p1b: Fezandipshity|Dazzling Gleam|p2a: Slowking|[spread] p2a,p2b\n|-resisted|p2b: Chandelure\n|-damage|p2a: Slowking|64\/100\n|-damage|p2b: Chandelure|43\/100 tox\n|-status|p2a: Slowking|tox|[from] ability: Toxic Chain|[of] p1b: Fezandipshity\n|move|p2b: Chandelure|Will-O-Wisp|p1a: Redirect Sim. '23\n|-status|p1a: Redirect Sim. '23|brn\n|move|p2a: Slowking|Future Sight|p1a: Redirect Sim. '23\n|-start|p2a: Slowking|move: Future Sight\n|\n|-weather|Snow|[upkeep]\n|-heal|p1b: Fezandipshity|93\/100 brn|[from] item: Leftovers\n|-heal|p2b: Chandelure|49\/100 tox|[from] item: Leftovers\n|-damage|p2b: Chandelure|43\/100 tox|[from] psn\n|-damage|p2a: Slowking|58\/100 tox|[from] psn\n|-damage|p1b: Fezandipshity|87\/100 brn|[from] brn\n|-damage|p1a: Redirect Sim. '23|39\/100 brn|[from] brn\n|upkeep\n|turn|13\n|\n|t:|1699929444\n|move|p1a: Redirect Sim. '23|Helping Hand|p1b: Fezandipshity\n|-singleturn|p1b: Fezandipshity|Helping Hand|[of] p1a: Redirect Sim. '23\n|move|p1b: Fezandipshity|Dazzling Gleam|p2a: Slowking|[spread] p2a,p2b\n|-resisted|p2b: Chandelure\n|-damage|p2a: Slowking|46\/100 tox\n|-damage|p2b: Chandelure|37\/100 tox\n|move|p2b: Chandelure|Hex|p1a: Redirect Sim. '23\n|-damage|p1a: Redirect Sim. '23|0 fnt\n|faint|p1a: Redirect Sim. '23\n|move|p2a: Slowking|Blizzard|p1b: Fezandipshity\n|-damage|p1b: Fezandipshity|68\/100 brn\n|\n|-weather|Snow|[upkeep]\n|-heal|p1b: Fezandipshity|74\/100 brn|[from] item: Leftovers\n|-heal|p2b: Chandelure|43\/100 tox|[from] item: Leftovers\n|-damage|p2b: Chandelure|31\/100 tox|[from] psn\n|-damage|p2a: Slowking|34\/100 tox|[from] psn\n|-damage|p1b: Fezandipshity|68\/100 brn|[from] brn\n|upkeep\n|\n|t:|1699929460\n|switch|p1a: Hot Box|Rotom-Heat, L50|100\/100\n|turn|14\n|\n|t:|1699929471\n|move|p2a: Slowking|Protect|p2a: Slowking\n|-singleturn|p2a: Slowking|Protect\n|move|p1a: Hot Box|Shadow Ball|p2a: Slowking\n|-activate|p2a: Slowking|move: Protect\n|move|p1b: Fezandipshity|Dazzling Gleam|p2a: Slowking|[spread] p2b\n|-activate|p2a: Slowking|move: Protect\n|-resisted|p2b: Chandelure\n|-damage|p2b: Chandelure|27\/100 tox\n|move|p2b: Chandelure|Hex|p1a: Hot Box\n|-damage|p1a: Hot Box|62\/100\n|\n|-weather|none\n|-end|p1a: Hot Box|move: Future Sight\n|-damage|p1a: Hot Box|6\/100\n|-heal|p1b: Fezandipshity|74\/100 brn|[from] item: Leftovers\n|-heal|p2b: Chandelure|33\/100 tox|[from] item: Leftovers\n|-damage|p2b: Chandelure|15\/100 tox|[from] psn\n|-damage|p2a: Slowking|16\/100 tox|[from] psn\n|-damage|p1b: Fezandipshity|68\/100 brn|[from] brn\n|upkeep\n|turn|15\n|\n|t:|1699929497\n|move|p1a: Hot Box|Shadow Ball|p2a: Slowking\n|-supereffective|p2a: Slowking\n|-damage|p2a: Slowking|0 fnt\n|faint|p2a: Slowking\n|move|p1b: Fezandipshity|Dazzling Gleam|p2b: Chandelure\n|-resisted|p2b: Chandelure\n|-damage|p2b: Chandelure|9\/100 tox\n|move|p2b: Chandelure|Heat Wave|p1b: Fezandipshity|[spread] p1a,p1b\n|-resisted|p1a: Hot Box\n|-damage|p1a: Hot Box|0 fnt\n|-damage|p1b: Fezandipshity|42\/100 brn\n|faint|p1a: Hot Box\n|\n|-heal|p1b: Fezandipshity|48\/100 brn|[from] item: Leftovers\n|-heal|p2b: Chandelure|15\/100 tox|[from] item: Leftovers\n|-damage|p2b: Chandelure|0 fnt|[from] psn\n|faint|p2b: Chandelure\n|\n|win|DJ_PBnJ\n|upkeep\n|c|\u2606craftclan|gg\n|c|&|\/uhtml prompt-craftclan,craftclan is ready for game 2!\n|c|\u2606DJ_PBnJ|gg\n|c|&|\/uhtml prompt-djpbnj,DJ_PBnJ is ready for game 2!\nBoth players are ready! Starting next match!\n|l|\u2606craftclan\n","uploadtime":1699929951,"views":26,"p1id":"djpbnj","p2id":"craftclan","formatid":"gen9vgc2023regulatione","rating":0,"private":0,"password":""}