{"id":"gen9vgc2023regulatione-1994746238","p1":"OG Cream AU","p2":"ThrasherBigMar","format":"[Gen 9] VGC 2023 Regulation E","log":"|j|\u2606OG Cream AU\n|j|\u2606ThrasherBigMar\n|t:|1700488517\n|gametype|doubles\n|player|p1|OG Cream AU|worker-gen4|1086\n|player|p2|ThrasherBigMar|roughneck|1096\n|teamsize|p1|6\n|teamsize|p2|6\n|gen|9\n|tier|[Gen 9] VGC 2023 Regulation E\n|rated|\n|rule|Species Clause: Limit one of each Pok\u00e9mon\n|rule|Item Clause: Limit one of each item\n|clearpoke\n|poke|p1|Scizor, L50, M|\n|poke|p1|Indeedee-F, L50, F|\n|poke|p1|Volcarona, L50, M|\n|poke|p1|Ogerpon-Wellspring, L50, F|\n|poke|p1|Sinistcha-Masterpiece, L50|\n|poke|p1|Garchomp, L50, F|\n|poke|p2|Dusclops, L50, M|\n|poke|p2|Golem-Alola, L50, M|\n|poke|p2|Indeedee-F, L50, F|\n|poke|p2|Conkeldurr, L50, F|\n|poke|p2|Quaquaval, L50, F|\n|poke|p2|Heatran, L50, M|\n|teampreview|4\n|\n|t:|1700488549\n|start\n|switch|p1a: Scizor|Scizor, L50, M|100\/100\n|switch|p1b: Indeedee|Indeedee-F, L50, F|100\/100\n|switch|p2a: Dusclops|Dusclops, L50, M, shiny|100\/100\n|switch|p2b: Quaquaval|Quaquaval, L50, F|100\/100\n|-fieldstart|move: Psychic Terrain|[from] ability: Psychic Surge|[of] p1b: Indeedee\n|-item|p1a: Scizor|Clear Amulet|[from] ability: Frisk|[of] p2a: Dusclops|[identify]\n|-item|p1b: Indeedee|Mental Herb|[from] ability: Frisk|[of] p2a: Dusclops|[identify]\n|turn|1\n|\n|t:|1700488575\n|move|p1b: Indeedee|Follow Me|p1b: Indeedee\n|-singleturn|p1b: Indeedee|move: Follow Me\n|move|p2b: Quaquaval|Flip Turn|p1b: Indeedee\n|-damage|p1b: Indeedee|73\/100\n|\n|t:|1700488580\n|switch|p2b: Heatran|Heatran, L50, M|100\/100|[from] Flip Turn\n|move|p1a: Scizor|Double Team|p1a: Scizor\n|-boost|p1a: Scizor|evasion|1\n|move|p2a: Dusclops|Trick Room|p2a: Dusclops\n|-fieldstart|move: Trick Room|[of] p2a: Dusclops\n|\n|upkeep\n|turn|2\n|\n|t:|1700488607\n|-terastallize|p1a: Scizor|Fire\n|move|p1b: Indeedee|Follow Me|p1b: Indeedee\n|-singleturn|p1b: Indeedee|move: Follow Me\n|move|p2a: Dusclops|Will-O-Wisp|p1b: Indeedee|[miss]\n|-miss|p2a: Dusclops|p1b: Indeedee\n|move|p1a: Scizor|Double Team|p1a: Scizor\n|-boost|p1a: Scizor|evasion|1\n|move|p2b: Heatran|Heat Wave|p1a: Scizor|[spread] \n|-miss|p2b: Heatran|p1a: Scizor\n|-miss|p2b: Heatran|p1b: Indeedee\n|\n|upkeep\n|turn|3\n|\n|t:|1700488637\n|move|p1b: Indeedee|Follow Me|p1b: Indeedee\n|-singleturn|p1b: Indeedee|move: Follow Me\n|move|p2a: Dusclops|Night Shade|p1b: Indeedee\n|-immune|p1b: Indeedee\n|move|p1a: Scizor|Double Team|p1a: Scizor\n|-boost|p1a: Scizor|evasion|1\n|move|p2b: Heatran|Heat Wave|p1b: Indeedee|[spread] p1b\n|-miss|p2b: Heatran|p1a: Scizor\n|-damage|p1b: Indeedee|34\/100\n|\n|upkeep\n|turn|4\n|\n|t:|1700488668\n|move|p1b: Indeedee|Follow Me|p1b: Indeedee\n|-singleturn|p1b: Indeedee|move: Follow Me\n|move|p2a: Dusclops|Night Shade|p1b: Indeedee\n|-immune|p1b: Indeedee\n|move|p1a: Scizor|Double Team|p1a: Scizor\n|-boost|p1a: Scizor|evasion|1\n|move|p2b: Heatran|Earth Power|p1b: Indeedee\n|-damage|p1b: Indeedee|0 fnt\n|faint|p1b: Indeedee\n|\n|upkeep\n|\n|t:|1700488681\n|switch|p1b: Sinistcha|Sinistcha-Masterpiece, L50|100\/100\n|turn|5\n|\n|t:|1700488722\n|move|p2a: Dusclops|Will-O-Wisp|p1b: Sinistcha\n|-status|p1b: Sinistcha|brn\n|move|p1a: Scizor|Baton Pass|p1a: Scizor\n|\n|t:|1700488729\n|switch|p1a: Garchomp|Garchomp, L50, F|100\/100|[from] Baton Pass\n|move|p2b: Heatran|Heat Wave|p1b: Sinistcha|[spread] p1b\n|-miss|p2b: Heatran|p1a: Garchomp\n|-supereffective|p1b: Sinistcha\n|-damage|p1b: Sinistcha|30\/100 brn\n|move|p1b: Sinistcha|Shadow Ball|p2a: Dusclops\n|-supereffective|p2a: Dusclops\n|-damage|p2a: Dusclops|52\/100\n|-unboost|p2a: Dusclops|spd|1\n|\n|-damage|p1b: Sinistcha|24\/100 brn|[from] brn\n|-fieldend|move: Trick Room\n|-fieldend|move: Psychic Terrain\n|upkeep\n|turn|6\n|\n|t:|1700488765\n|-terastallize|p2b: Heatran|Grass\n|move|p1a: Garchomp|Swords Dance|p1a: Garchomp\n|-boost|p1a: Garchomp|atk|2\n|move|p1b: Sinistcha|Shadow Ball|p2a: Dusclops\n|-supereffective|p2a: Dusclops\n|-damage|p2a: Dusclops|0 fnt\n|faint|p2a: Dusclops\n|move|p2b: Heatran|Heat Wave|p1a: Garchomp|[spread] p1a,p1b\n|-resisted|p1a: Garchomp\n|-supereffective|p1b: Sinistcha\n|-damage|p1a: Garchomp|76\/100\n|-damage|p1b: Sinistcha|0 fnt\n|faint|p1b: Sinistcha\n|\n|upkeep\n|\n|t:|1700488786\n|switch|p1b: Scizor|Scizor, L50, M, tera:Fire|100\/100\n|switch|p2a: Conkeldurr|Conkeldurr, L50, F|100\/100\n|turn|7\n|\n|t:|1700488814\n|move|p1a: Garchomp|Swords Dance|p1a: Garchomp\n|-boost|p1a: Garchomp|atk|2\n|move|p2b: Heatran|Tera Blast|p1a: Garchomp|[anim] Tera Blast Grass|[miss]\n|-miss|p2b: Heatran|p1a: Garchomp\n|move|p1b: Scizor|Bug Bite|p2b: Heatran\n|-supereffective|p2b: Heatran\n|-damage|p2b: Heatran|28\/100\n|move|p2a: Conkeldurr|Drain Punch|p1a: Garchomp|[miss]\n|-miss|p2a: Conkeldurr|p1a: Garchomp\n|\n|-status|p2a: Conkeldurr|brn|[from] item: Flame Orb\n|upkeep\n|turn|8\n|inactive|Battle timer is ON: inactive players will automatically lose when time's up. (requested by OG Cream AU)\n|inactive|ThrasherBigMar has 60 seconds left.\n|inactive|ThrasherBigMar has 30 seconds left.\n|l|\u2606ThrasherBigMar\n|inactive|ThrasherBigMar disconnected and has a minute to reconnect!\n|player|p2|\n|inactive|ThrasherBigMar has 20 seconds left.\n|inactive|ThrasherBigMar has 15 seconds left.\n|inactive|ThrasherBigMar has 10 seconds left.\n|inactive|ThrasherBigMar has 5 seconds left.\n|-message|ThrasherBigMar lost due to inactivity.\n|\n|win|OG Cream AU\n|raw|OG Cream AU's rating: 1086 &rarr; <strong>1114<\/strong><br \/>(+28 for winning)\n|raw|ThrasherBigMar's rating: 1096 &rarr; <strong>1071<\/strong><br \/>(-25 for losing)\n","uploadtime":1700489516,"views":3,"p1id":"ogcreamau","p2id":"thrasherbigmar","formatid":"gen9vgc2023regulatione","rating":1071,"private":0,"password":""}