{"id":"gen9vgc2023regulatione-1994726162","p1":"a wild Rez","p2":"LifeOrbPex","format":"[Gen 9] VGC 2023 Regulation E","log":"|j|\u2606a wild Rez\n|j|\u2606LifeOrbPex\n|t:|1700486218\n|gametype|doubles\n|player|p1|a wild Rez|rose-zerosuit|\n|player|p2|LifeOrbPex|265|\n|teamsize|p1|6\n|teamsize|p2|6\n|gen|9\n|tier|[Gen 9] VGC 2023 Regulation E\n|rated|Tournament battle\n|rule|Species Clause: Limit one of each Pok\u00e9mon\n|rule|Item Clause: Limit one of each item\n|clearpoke\n|poke|p1|Crabominable, L50, F|\n|poke|p1|Farigiraf, L50, M|\n|poke|p1|Torkoal, L50, M|\n|poke|p1|Lilligant-Hisui, L50, F|\n|poke|p1|Iron Hands, L50|\n|poke|p1|Flutter Mane, L50|\n|poke|p2|Farigiraf, L50, F|\n|poke|p2|Urshifu-*, L50, M|\n|poke|p2|Ursaluna-Bloodmoon, L50, M|\n|poke|p2|Iron Hands, L50|\n|poke|p2|Heatran, L50, M|\n|poke|p2|Ogerpon-Wellspring, L50, F|\n|teampreview|4\n|showteam|p1|Crabominable||SafetyGoggles|IronFist|IceHammer,CloseCombat,WideGuard,Crabhammer|||F|||50|,,,,,Water]Farigiraf||SitrusBerry|ArmorTail|TrickRoom,Psychic,DazzlingGleam,Protect|||M|||50|,,,,,Fairy]Torkoal||Charcoal|Drought|Eruption,HeatWave,EarthPower,Protect|||M|||50|,,,,,Fire]Lilligant-Hisui||FocusSash|Chlorophyll|CloseCombat,SleepPowder,AfterYou,SolarBlade|||F|||50|,,,,,Ghost]Iron Hands||AssaultVest|QuarkDrive|WildCharge,HeavySlam,FakeOut,DrainPunch||||||50|,,,,,Grass]Flutter Mane||ChoiceSpecs|Protosynthesis|Moonblast,ShadowBall,DazzlingGleam,PowerGem||||||50|,,,,,Fairy\n|showteam|p2|Farigiraf||RockyHelmet|ArmorTail|Psychic,DazzlingGleam,HelpingHand,TrickRoom|||F|||50|,,,,,Fairy]Urshifu||ChoiceScarf|UnseenFist|WickedBlow,CloseCombat,SuckerPunch,Uturn|||M|||50|,,,,,Dark]Ursaluna-Bloodmoon||LifeOrb|MindsEye|BloodMoon,HyperVoice,EarthPower,Protect|||M|||50|,,,,,Normal]Iron Hands||AssaultVest|QuarkDrive|DrainPunch,WildCharge,VoltSwitch,FakeOut||||||50|,,,,,Electric]Heatran||SitrusBerry|FlashFire|HeatWave,EarthPower,FlashCannon,Protect|||M|||50|,,,,,Grass]Ogerpon-Wellspring||WellspringMask|WaterAbsorb|IvyCudgel,HornLeech,FollowMe,SpikyShield|||F|||50|,,,,,Water\n|c|\u2606a wild Rez|glhf\n|\n|t:|1700486242\n|start\n|switch|p1a: Torkoal|Torkoal, L50, M|100\/100\n|switch|p1b: Flutter Mane|Flutter Mane, L50|100\/100\n|switch|p2a: Pink Flamingiraf|Farigiraf, L50, F|100\/100\n|switch|p2b: Babs Johnson|Urshifu, L50, M|100\/100\n|-weather|SunnyDay|[from] ability: Drought|[of] p1a: Torkoal\n|-activate|p1b: Flutter Mane|ability: Protosynthesis\n|-start|p1b: Flutter Mane|protosynthesisspe\n|turn|1\n|\n|t:|1700486272\n|switch|p2b: Crackers|Heatran, L50, M|100\/100\n|switch|p1a: Farigiraf|Farigiraf, L50, M|100\/100\n|move|p1b: Flutter Mane|Dazzling Gleam|p2b: Crackers|[spread] p2a,p2b\n|-resisted|p2b: Crackers\n|-crit|p2b: Crackers\n|-damage|p2a: Pink Flamingiraf|55\/100\n|-damage|p2b: Crackers|88\/100\n|move|p2a: Pink Flamingiraf|Psychic|p1a: Farigiraf\n|-resisted|p1a: Farigiraf\n|-damage|p1a: Farigiraf|83\/100\n|\n|-weather|SunnyDay|[upkeep]\n|upkeep\n|turn|2\n|\n|t:|1700486294\n|-end|p1b: Flutter Mane|Protosynthesis|[silent]\n|switch|p1b: Torkoal|Torkoal, L50, M|100\/100\n|move|p2a: Pink Flamingiraf|Helping Hand|p2b: Crackers\n|-singleturn|p2b: Crackers|Helping Hand|[of] p2a: Pink Flamingiraf\n|move|p2b: Crackers|Flash Cannon|p1b: Torkoal\n|-resisted|p1b: Torkoal\n|-damage|p1b: Torkoal|58\/100\n|move|p1a: Farigiraf|Trick Room|p1a: Farigiraf\n|-fieldstart|move: Trick Room|[of] p1a: Farigiraf\n|\n|-weather|SunnyDay|[upkeep]\n|upkeep\n|turn|3\n|\n|t:|1700486312\n|move|p2a: Pink Flamingiraf|Helping Hand|p2b: Crackers\n|-singleturn|p2b: Crackers|Helping Hand|[of] p2a: Pink Flamingiraf\n|move|p1b: Torkoal|Heat Wave|p2b: Crackers|[spread] p2a\n|-start|p2b: Crackers|ability: Flash Fire\n|-damage|p2a: Pink Flamingiraf|0 fnt\n|faint|p2a: Pink Flamingiraf\n|move|p1a: Farigiraf|Psychic|p2b: Crackers\n|-resisted|p2b: Crackers\n|-damage|p2b: Crackers|69\/100\n|move|p2b: Crackers|Earth Power|p1b: Torkoal\n|-supereffective|p1b: Torkoal\n|-damage|p1b: Torkoal|0 fnt\n|faint|p1b: Torkoal\n|\n|-weather|SunnyDay|[upkeep]\n|upkeep\n|\n|t:|1700486326\n|switch|p1b: Iron Hands|Iron Hands, L50|100\/100\n|switch|p2a: Babs Johnson|Urshifu, L50, M|100\/100\n|turn|4\n|\n|t:|1700486342\n|switch|p2a: Cookie|Ogerpon-Wellspring, L50, F|100\/100\n|move|p2b: Crackers|Protect|p2b: Crackers\n|-singleturn|p2b: Crackers|Protect\n|move|p1b: Iron Hands|Fake Out|p2b: Crackers\n|-activate|p2b: Crackers|move: Protect\n|move|p1a: Farigiraf|Dazzling Gleam|p2b: Crackers|[spread] p2a\n|-activate|p2b: Crackers|move: Protect\n|-damage|p2a: Cookie|77\/100\n|\n|-weather|SunnyDay|[upkeep]\n|upkeep\n|turn|5\n|\n|t:|1700486365\n|move|p1a: Farigiraf|Protect|p1a: Farigiraf\n|-singleturn|p1a: Farigiraf|Protect\n|move|p2a: Cookie|Spiky Shield|p2a: Cookie\n|-singleturn|p2a: Cookie|move: Protect\n|move|p1b: Iron Hands|Drain Punch|p2b: Crackers\n|-supereffective|p2b: Crackers\n|-crit|p2b: Crackers\n|-damage|p2b: Crackers|0 fnt\n|faint|p2b: Crackers\n|\n|-weather|none\n|upkeep\n|\n|t:|1700486373\n|switch|p2b: Babs Johnson|Urshifu, L50, M|100\/100\n|turn|6\n|\n|t:|1700486396\n|-terastallize|p1a: Farigiraf|Fairy\n|-terastallize|p2a: Cookie|Water\n|detailschange|p2a: Cookie|Ogerpon-Wellspring-Tera, L50, F, tera:Water\n|-ability|p2a: Cookie|Embody Aspect (Wellspring)|boost\n|-boost|p2a: Cookie|spd|1\n|move|p2a: Cookie|Follow Me|p2a: Cookie\n|-singleturn|p2a: Cookie|move: Follow Me\n|move|p1a: Farigiraf|Dazzling Gleam|p2b: Babs Johnson|[spread] p2a,p2b\n|-supereffective|p2b: Babs Johnson\n|-damage|p2a: Cookie|53\/100\n|-damage|p2b: Babs Johnson|0 fnt\n|faint|p2b: Babs Johnson\n|move|p1b: Iron Hands|Drain Punch|p2a: Cookie\n|-damage|p2a: Cookie|0 fnt\n|faint|p2a: Cookie\n|\n|win|a wild Rez\n|n|\u2606a wild Rez|awildrez\n|n|\u2606LifeOrbPex|lifeorbpex\n|c|\u2606a wild Rez|gg\n","uploadtime":1700486406,"views":2,"p1id":"awildrez","p2id":"lifeorbpex","formatid":"gen9vgc2023regulatione","rating":0,"private":0,"password":""}