{"id":"gen9vgc2023regulatione-1991012920","p1":"CharlienoB","p2":"bartolomotion","format":"[Gen 9] VGC 2023 Regulation E","log":"|j|\u2606CharlienoB\n|j|\u2606bartolomotion\n|t:|1700027900\n|gametype|doubles\n|player|p1|CharlienoB|169|1155\n|player|p2|bartolomotion|bugsy|1130\n|teamsize|p1|6\n|teamsize|p2|6\n|gen|9\n|tier|[Gen 9] VGC 2023 Regulation E\n|rated|\n|rule|Species Clause: Limit one of each Pok\u00e9mon\n|rule|Item Clause: Limit one of each item\n|clearpoke\n|poke|p1|Amoonguss, L50, M|\n|poke|p1|Volcarona, L50, M|\n|poke|p1|Clefairy, L50, M|\n|poke|p1|Dondozo, L50, F|\n|poke|p1|Tatsugiri, L50, F|\n|poke|p1|Gholdengo, L50|\n|poke|p2|Flutter Mane, L50|\n|poke|p2|Iron Hands, L50|\n|poke|p2|Sinistcha-Masterpiece, L50|\n|poke|p2|Rillaboom, L50, M|\n|poke|p2|Sneasler, L50, F|\n|poke|p2|Thundurus, L50, M|\n|teampreview|4\n|\n|t:|1700027935\n|start\n|switch|p1a: Clefairy|Clefairy, L50, M|100\/100\n|switch|p1b: Gholdengo|Gholdengo, L50|100\/100\n|switch|p2a: Iron Hands|Iron Hands, L50|100\/100\n|switch|p2b: Sinistcha|Sinistcha-Masterpiece, L50|100\/100\n|turn|1\n|\n|t:|1700027954\n|switch|p2b: Rillaboom|Rillaboom, L50, M|100\/100\n|-fieldstart|move: Grassy Terrain|[from] ability: Grassy Surge|[of] p2b: Rillaboom\n|move|p2a: Iron Hands|Fake Out|p1a: Clefairy\n|-damage|p1a: Clefairy|87\/100\n|cant|p1a: Clefairy|flinch\n|move|p1b: Gholdengo|Shadow Ball|p2b: Rillaboom\n|-damage|p2b: Rillaboom|32\/100\n|-unboost|p2b: Rillaboom|spd|1\n|\n|-heal|p2b: Rillaboom|38\/100|[from] Grassy Terrain\n|-heal|p2b: Rillaboom|43\/100|[from] item: Leftovers\n|-heal|p1a: Clefairy|93\/100|[from] Grassy Terrain\n|upkeep\n|turn|2\n|\n|t:|1700027988\n|move|p1a: Clefairy|Helping Hand|p1b: Gholdengo\n|-immune|p1b: Gholdengo|[from] ability: Good as Gold\n|move|p2b: Rillaboom|Grassy Glide|p1b: Gholdengo\n|-resisted|p1b: Gholdengo\n|-damage|p1b: Gholdengo|85\/100\n|move|p1b: Gholdengo|Shadow Ball|p2b: Rillaboom\n|-crit|p2b: Rillaboom\n|-damage|p2b: Rillaboom|0 fnt\n|faint|p2b: Rillaboom\n|move|p2a: Iron Hands|Heavy Slam|p1a: Clefairy\n|-supereffective|p1a: Clefairy\n|-damage|p1a: Clefairy|22\/100\n|\n|-heal|p1b: Gholdengo|91\/100|[from] Grassy Terrain\n|-heal|p1a: Clefairy|28\/100|[from] Grassy Terrain\n|upkeep\n|\n|t:|1700028006\n|switch|p2b: Sneasler|Sneasler, L50, F|100\/100\n|-enditem|p2b: Sneasler|Grassy Seed\n|-boost|p2b: Sneasler|def|1|[from] item: Grassy Seed\n|turn|3\n|\n|t:|1700028019\n|move|p1a: Clefairy|Follow Me|p1a: Clefairy\n|-singleturn|p1a: Clefairy|move: Follow Me\n|move|p2b: Sneasler|Bulk Up|p2b: Sneasler\n|-boost|p2b: Sneasler|atk|1\n|-boost|p2b: Sneasler|def|1\n|move|p1b: Gholdengo|Shadow Ball|p2b: Sneasler\n|-damage|p2b: Sneasler|13\/100\n|-unboost|p2b: Sneasler|spd|1\n|move|p2a: Iron Hands|Wild Charge|p1a: Clefairy\n|-damage|p1a: Clefairy|0 fnt\n|faint|p1a: Clefairy\n|-damage|p2a: Iron Hands|95\/100|[from] Recoil\n|\n|-heal|p2b: Sneasler|19\/100|[from] Grassy Terrain\n|-heal|p1b: Gholdengo|97\/100|[from] Grassy Terrain\n|-heal|p2a: Iron Hands|100\/100|[from] Grassy Terrain\n|upkeep\n|\n|t:|1700028040\n|switch|p1a: Dondozo|Dondozo, L50, F|100\/100\n|turn|4\n|\n|t:|1700028053\n|switch|p1b: Tatsugiri|Tatsugiri, L50, F|100\/100\n|-activate|p1b: Tatsugiri|ability: Commander|[of] p1a: Dondozo\n|-boost|p1a: Dondozo|atk|2\n|-boost|p1a: Dondozo|spa|2\n|-boost|p1a: Dondozo|spe|2\n|-boost|p1a: Dondozo|def|2\n|-boost|p1a: Dondozo|spd|2\n|-terastallize|p2b: Sneasler|Ghost\n|-terastallize|p1a: Dondozo|Dragon\n|move|p2b: Sneasler|Shadow Claw|p1b: Tatsugiri|[miss]\n|-miss|p2b: Sneasler|p1b: Tatsugiri\n|move|p1a: Dondozo|Earthquake|p2a: Iron Hands|[spread] p2a,p2b\n|-miss|p1a: Dondozo|p1b: Tatsugiri\n|-supereffective|p2a: Iron Hands\n|-damage|p2a: Iron Hands|74\/100\n|-damage|p2b: Sneasler|0 fnt\n|faint|p2b: Sneasler\n|move|p2a: Iron Hands|Wild Charge|p1a: Dondozo\n|-resisted|p1a: Dondozo\n|-damage|p1a: Dondozo|93\/100\n|-damage|p2a: Iron Hands|73\/100|[from] Recoil\n|\n|-heal|p1a: Dondozo|99\/100|[from] Grassy Terrain\n|-heal|p2a: Iron Hands|79\/100|[from] Grassy Terrain\n|upkeep\n|\n|t:|1700028068\n|switch|p2b: Sinistcha|Sinistcha-Masterpiece, L50|100\/100\n|-heal|p2a: Iron Hands|100\/100|[from] ability: Hospitality|[of] p2b: Sinistcha\n|turn|5\n|\n|t:|1700028085\n|move|p1a: Dondozo|Order Up|p2b: Sinistcha\n|-damage|p2b: Sinistcha|41\/100\n|-enditem|p2b: Sinistcha|Sitrus Berry|[eat]\n|-heal|p2b: Sinistcha|66\/100|[from] item: Sitrus Berry\n|-boost|p1a: Dondozo|atk|1\n|move|p2a: Iron Hands|Drain Punch|p1a: Dondozo\n|-damage|p1a: Dondozo|86\/100\n|move|p2b: Sinistcha|Trick Room|p2b: Sinistcha\n|-fieldstart|move: Trick Room|[of] p2b: Sinistcha\n|\n|-heal|p2b: Sinistcha|72\/100|[from] Grassy Terrain\n|-heal|p1a: Dondozo|92\/100|[from] Grassy Terrain\n|-fieldend|move: Grassy Terrain\n|upkeep\n|turn|6\n|\n|t:|1700028104\n|move|p2a: Iron Hands|Drain Punch|p1a: Dondozo\n|-damage|p1a: Dondozo|80\/100\n|move|p2b: Sinistcha|Strength Sap|p1a: Dondozo\n|-fail|p1a: Dondozo|unboost|[from] item: Clear Amulet|[of] p1a: Dondozo\n|-heal|p2b: Sinistcha|100\/100\n|move|p1a: Dondozo|Order Up|p2b: Sinistcha\n|-damage|p2b: Sinistcha|28\/100\n|-boost|p1a: Dondozo|atk|1\n|\n|upkeep\n|turn|7\n|\n|t:|1700028116\n|move|p1a: Dondozo|Protect|p1a: Dondozo\n|-singleturn|p1a: Dondozo|Protect\n|move|p2a: Iron Hands|Drain Punch|p1a: Dondozo\n|-activate|p1a: Dondozo|move: Protect\n|move|p2b: Sinistcha|Matcha Gotcha|p1a: Dondozo|[spread] \n|-miss|p2b: Sinistcha|p1b: Tatsugiri\n|-activate|p1a: Dondozo|move: Protect\n|\n|upkeep\n|turn|8\n|\n|t:|1700028133\n|move|p2a: Iron Hands|Drain Punch|p1a: Dondozo\n|-damage|p1a: Dondozo|67\/100\n|move|p2b: Sinistcha|Matcha Gotcha|p1b: Tatsugiri|[spread] \n|-miss|p2b: Sinistcha|p1b: Tatsugiri\n|-miss|p2b: Sinistcha|p1a: Dondozo\n|move|p1a: Dondozo|Order Up|p2b: Sinistcha\n|-damage|p2b: Sinistcha|0 fnt\n|faint|p2b: Sinistcha\n|-boost|p1a: Dondozo|atk|1\n|\n|upkeep\n|turn|9\n|\n|t:|1700028152\n|move|p2a: Iron Hands|Drain Punch|p1a: Dondozo\n|-damage|p1a: Dondozo|54\/100\n|move|p1a: Dondozo|Order Up|p2a: Iron Hands\n|-damage|p2a: Iron Hands|24\/100\n|-boost|p1a: Dondozo|atk|1\n|\n|-fieldend|move: Trick Room\n|upkeep\n|turn|10\n|-message|bartolomotion forfeited.\n|\n|win|CharlienoB\n|raw|CharlienoB's rating: 1155 &rarr; <strong>1178<\/strong><br \/>(+23 for winning)\n|raw|bartolomotion's rating: 1130 &rarr; <strong>1107<\/strong><br \/>(-23 for losing)\n|l|\u2606bartolomotion\n","uploadtime":1700028165,"views":12,"p1id":"charlienob","p2id":"bartolomotion","formatid":"gen9vgc2023regulatione","rating":1107,"private":0,"password":""}