{"id":"gen9vgc2023regulatione-1991056469","p1":"Swolsire","p2":"DJWelzer","format":"[Gen 9] VGC 2023 Regulation E","log":"|j|\u2606Swolsire\n|j|\u2606DJWelzer\n|t:|1700035811\n|gametype|doubles\n|player|p1|Swolsire|hiker-gen4|1114\n|player|p2|DJWelzer|giovanni|1053\n|teamsize|p1|6\n|teamsize|p2|6\n|gen|9\n|tier|[Gen 9] VGC 2023 Regulation E\n|rated|\n|rule|Species Clause: Limit one of each Pok\u00e9mon\n|rule|Item Clause: Limit one of each item\n|clearpoke\n|poke|p1|Zapdos-Galar, L50|\n|poke|p1|Ogerpon-Wellspring, L50, F|\n|poke|p1|Indeedee-F, L50, F|\n|poke|p1|Flutter Mane, L50|\n|poke|p1|Chi-Yu, L50|\n|poke|p1|Frosmoth, L50, F|\n|poke|p2|Iron Valiant, L50|\n|poke|p2|Empoleon, L50, M|\n|poke|p2|Dragonite, L50, F|\n|poke|p2|Arcanine-Hisui, L50, F|\n|poke|p2|Cetitan, L50, M|\n|poke|p2|Kingambit, L50, M|\n|teampreview|4\n|\n|t:|1700035841\n|start\n|switch|p1a: Zapdos|Zapdos-Galar, L50|100\/100\n|switch|p1b: Frosmoth|Frosmoth, L50, F|100\/100\n|switch|p2a: Arcanine|Arcanine-Hisui, L50, F, shiny|100\/100\n|switch|p2b: Dragonite|Dragonite, L50, F|100\/100\n|-ability|p2a: Arcanine|Intimidate|boost\n|-unboost|p1a: Zapdos|atk|1\n|-ability|p1a: Zapdos|Defiant|boost\n|-boost|p1a: Zapdos|atk|2\n|-unboost|p1b: Frosmoth|atk|1\n|turn|1\n|\n|t:|1700035860\n|move|p1b: Frosmoth|Wide Guard|p1b: Frosmoth\n|-singleturn|p1b: Frosmoth|Wide Guard\n|move|p2a: Arcanine|Rock Slide|p1b: Frosmoth|[spread] \n|-activate|p1a: Zapdos|move: Wide Guard\n|-activate|p1b: Frosmoth|move: Wide Guard\n|move|p1a: Zapdos|Tailwind|p1a: Zapdos\n|-sidestart|p1: Swolsire|move: Tailwind\n|move|p2b: Dragonite|Dragon Claw|p1a: Zapdos\n|-damage|p1a: Zapdos|63\/100\n|\n|upkeep\n|turn|2\n|\n|t:|1700035886\n|move|p1a: Zapdos|Thunderous Kick|p2a: Arcanine\n|-supereffective|p2a: Arcanine\n|-damage|p2a: Arcanine|0 fnt\n|faint|p2a: Arcanine\n|move|p1b: Frosmoth|Icy Wind|p2b: Dragonite\n|-supereffective|p2b: Dragonite\n|-damage|p2b: Dragonite|22\/100\n|-unboost|p2b: Dragonite|spe|1\n|move|p2b: Dragonite|Dragon Claw|p1a: Zapdos\n|-damage|p1a: Zapdos|22\/100\n|\n|upkeep\n|\n|t:|1700035898\n|switch|p2a: Iron Valiant|Iron Valiant, L50, shiny|100\/100\n|-enditem|p2a: Iron Valiant|Booster Energy\n|-activate|p2a: Iron Valiant|ability: Quark Drive|[fromitem]\n|-start|p2a: Iron Valiant|quarkdrivespe\n|turn|3\n|\n|t:|1700035914\n|move|p1a: Zapdos|Detect|p1a: Zapdos\n|-singleturn|p1a: Zapdos|Protect\n|move|p2b: Dragonite|Extreme Speed|p1a: Zapdos\n|-activate|p1a: Zapdos|move: Protect\n|move|p2a: Iron Valiant|Fire Punch|p1b: Frosmoth\n|-supereffective|p1b: Frosmoth\n|-damage|p1b: Frosmoth|0 fnt\n|faint|p1b: Frosmoth\n|\n|upkeep\n|\n|t:|1700035926\n|switch|p1b: Indeedee|Indeedee-F, L50, F|100\/100\n|-fieldstart|move: Psychic Terrain|[from] ability: Psychic Surge|[of] p1b: Indeedee\n|-enditem|p1a: Zapdos|Psychic Seed\n|-boost|p1a: Zapdos|spd|1|[from] item: Psychic Seed\n|turn|4\n|\n|t:|1700035940\n|-terastallize|p1a: Zapdos|Steel\n|move|p2a: Iron Valiant|Spirit Break|p1a: Zapdos\n|-resisted|p1a: Zapdos\n|-damage|p1a: Zapdos|5\/100\n|-unboost|p1a: Zapdos|spa|1\n|-ability|p1a: Zapdos|Defiant|boost\n|-boost|p1a: Zapdos|atk|2\n|move|p1b: Indeedee|Psychic|p2a: Iron Valiant\n|-supereffective|p2a: Iron Valiant\n|-damage|p2a: Iron Valiant|0 fnt\n|faint|p2a: Iron Valiant\n|-end|p2a: Iron Valiant|Quark Drive|[silent]\n|move|p1a: Zapdos|Acrobatics|p2b: Dragonite\n|-damage|p2b: Dragonite|0 fnt\n|-damage|p1a: Zapdos|0 fnt|[from] item: Rocky Helmet|[of] p2b: Dragonite\n|faint|p2b: Dragonite\n|faint|p1a: Zapdos\n|\n|-sideend|p1: Swolsire|move: Tailwind\n|upkeep\n|\n|t:|1700035959\n|switch|p1a: Flutter Mane|Flutter Mane, L50, shiny|100\/100\n|switch|p2b: Kingambit|Kingambit, L50, M, shiny|100\/100\n|-enditem|p1a: Flutter Mane|Booster Energy\n|-activate|p1a: Flutter Mane|ability: Protosynthesis|[fromitem]\n|-start|p1a: Flutter Mane|protosynthesisspe\n|turn|5\n|\n|t:|1700035976\n|-terastallize|p2b: Kingambit|Dark\n|move|p1a: Flutter Mane|Dazzling Gleam|p2b: Kingambit\n|-supereffective|p2b: Kingambit\n|-crit|p2b: Kingambit\n|-damage|p2b: Kingambit|0 fnt\n|faint|p2b: Kingambit\n|\n|win|Swolsire\n|raw|Swolsire's rating: 1114 &rarr; <strong>1135<\/strong><br \/>(+21 for winning)\n|raw|DJWelzer's rating: 1053 &rarr; <strong>1038<\/strong><br \/>(-15 for losing)\n|l|\u2606DJWelzer\n","uploadtime":1700036007,"views":30,"p1id":"swolsire","p2id":"djwelzer","formatid":"gen9vgc2023regulatione","rating":1038,"private":0,"password":""}