{"id":"gen9vgc2023regulatione-1996556440","p1":"zagreus134","p2":"RoryRemisdad14","format":"[Gen 9] VGC 2023 Regulation E","log":"|j|\u2606zagreus134\n|j|\u2606RoryRemisdad14\n|t:|1700693934\n|gametype|doubles\n|player|p1|zagreus134|janine|1478\n|player|p2|RoryRemisdad14|benga|1501\n|teamsize|p1|6\n|teamsize|p2|6\n|gen|9\n|tier|[Gen 9] VGC 2023 Regulation E\n|rated|\n|rule|Species Clause: Limit one of each Pok\u00e9mon\n|rule|Item Clause: Limit one of each item\n|clearpoke\n|poke|p1|Dragonite, L50, M|\n|poke|p1|Iron Hands, L50|\n|poke|p1|Kingambit, L50, M|\n|poke|p1|Iron Bundle, L50|\n|poke|p1|Flutter Mane, L50|\n|poke|p1|Urshifu-*, L50, M|\n|poke|p2|Arcanine-Hisui, L50, F|\n|poke|p2|Urshifu-*, L50, F|\n|poke|p2|Iron Hands, L50|\n|poke|p2|Rillaboom, L50, M|\n|poke|p2|Gholdengo, L50|\n|poke|p2|Weezing, L50, M|\n|teampreview|4\n|inactive|Battle timer is ON: inactive players will automatically lose when time's up. (requested by zagreus134)\n|inactive|RoryRemisdad14 has 60 seconds left.\n|inactive|RoryRemisdad14 has 30 seconds left.\n|\n|t:|1700694001\n|start\n|switch|p1a: Queen|Flutter Mane, L50|100\/100\n|switch|p1b: Bishop|Dragonite, L50, M|100\/100\n|switch|p2a: Urshifu|Urshifu-Rapid-Strike, L50, F|100\/100\n|switch|p2b: Iron Hands|Iron Hands, L50|100\/100\n|turn|1\n|\n|t:|1700694016\n|-end|p1a: Queen|Protosynthesis|[silent]\n|switch|p1a: Knight|Iron Bundle, L50|100\/100\n|-enditem|p1a: Knight|Booster Energy\n|-activate|p1a: Knight|ability: Quark Drive|[fromitem]\n|-start|p1a: Knight|quarkdrivespe\n|switch|p2a: Gholdengo|Gholdengo, L50|100\/100\n|-terastallize|p1b: Bishop|Flying\n|-terastallize|p2b: Iron Hands|Grass\n|move|p1b: Bishop|Tera Blast|p2a: Gholdengo|[anim] Tera Blast Flying\n|-resisted|p2a: Gholdengo\n|-damage|p2a: Gholdengo|58\/100\n|move|p2b: Iron Hands|Heavy Slam|p1a: Knight\n|-damage|p1a: Knight|47\/100\n|\n|-heal|p2a: Gholdengo|64\/100|[from] item: Leftovers\n|upkeep\n|turn|2\n|\n|t:|1700694041\n|-end|p2b: Iron Hands|Quark Drive|[silent]\n|switch|p2b: Weezing|Weezing, L50, M|100\/100\n|-ability|p2b: Weezing|Neutralizing Gas\n|move|p1a: Knight|Hydro Pump|p2a: Gholdengo\n|-damage|p2a: Gholdengo|19\/100\n|move|p1b: Bishop|Tera Blast|p2b: Weezing|[anim] Tera Blast Flying\n|-damage|p2b: Weezing|25\/100\n|move|p2a: Gholdengo|Make It Rain|p1b: Bishop|[spread] p1a,p1b\n|-damage|p1a: Knight|0 fnt\n|-damage|p1b: Bishop|55\/100\n|-unboost|p2a: Gholdengo|spa|1\n|faint|p1a: Knight\n|-end|p1a: Knight|Quark Drive|[silent]\n|\n|-heal|p2a: Gholdengo|25\/100|[from] item: Leftovers\n|upkeep\n|\n|t:|1700694052\n|switch|p1a: Queen|Flutter Mane, L50|100\/100\n|turn|3\n|\n|t:|1700694061\n|move|p1a: Queen|Shadow Ball|p2a: Gholdengo\n|-supereffective|p2a: Gholdengo\n|-damage|p2a: Gholdengo|0 fnt\n|faint|p2a: Gholdengo\n|move|p1b: Bishop|Tera Blast|p2b: Weezing|[anim] Tera Blast Flying\n|-damage|p2b: Weezing|0 fnt\n|faint|p2b: Weezing\n|-end|p2b: Weezing|ability: Neutralizing Gas\n|\n|upkeep\n|\n|t:|1700694063\n|switch|p2a: Urshifu|Urshifu-Rapid-Strike, L50, F|100\/100\n|switch|p2b: Iron Hands|Iron Hands, L50, tera:Grass|100\/100\n|turn|4\n|\n|t:|1700694078\n|move|p2a: Urshifu|Aqua Jet|p1a: Queen\n|-damage|p1a: Queen|47\/100\n|move|p1a: Queen|Dazzling Gleam|p2b: Iron Hands|[spread] p2a,p2b\n|-supereffective|p2a: Urshifu\n|-damage|p2a: Urshifu|19\/100\n|-damage|p2b: Iron Hands|85\/100\n|move|p1b: Bishop|Tera Blast|p2b: Iron Hands|[anim] Tera Blast Flying\n|-supereffective|p2b: Iron Hands\n|-damage|p2b: Iron Hands|0 fnt\n|faint|p2b: Iron Hands\n|-end|p2b: Iron Hands|Quark Drive|[silent]\n|\n|upkeep\n|turn|5\n|\n|t:|1700694088\n|switch|p1b: Pawn|Urshifu-Rapid-Strike, L50, M|100\/100\n|move|p1a: Queen|Dazzling Gleam|p2a: Urshifu\n|-supereffective|p2a: Urshifu\n|-damage|p2a: Urshifu|0 fnt\n|faint|p2a: Urshifu\n|\n|win|zagreus134\n|raw|zagreus134's rating: 1478 &rarr; <strong>1499<\/strong><br \/>(+21 for winning)\n|raw|RoryRemisdad14's rating: 1501 &rarr; <strong>1480<\/strong><br \/>(-21 for losing)\n|l|\u2606RoryRemisdad14\n","uploadtime":1700694097,"views":13,"p1id":"zagreus134","p2id":"roryremisdad14","formatid":"gen9vgc2023regulatione","rating":1480,"private":0,"password":""}