{"id":"gen9vgc2023regulatione-1988620605","p1":"Tailwiind","p2":"Vengeful potato","format":"[Gen 9] VGC 2023 Regulation E","log":"|j|\u2606Tailwiind\n|j|\u2606Vengeful potato\n|t:|1699742831\n|gametype|doubles\n|player|p1|Tailwiind|265|1330\n|player|p2|Vengeful potato|swimmer|1414\n|teamsize|p1|6\n|teamsize|p2|6\n|gen|9\n|tier|[Gen 9] VGC 2023 Regulation E\n|rated|\n|rule|Species Clause: Limit one of each Pok\u00e9mon\n|rule|Item Clause: Limit one of each item\n|clearpoke\n|poke|p1|Ogerpon, L50, F|\n|poke|p1|Arcanine-Hisui, L50, M|\n|poke|p1|Roaring Moon, L50|\n|poke|p1|Gholdengo, L50|\n|poke|p1|Thundurus-Therian, L50, M|\n|poke|p1|Urshifu-*, L50, M|\n|poke|p2|Articuno-Galar, L50|\n|poke|p2|Maushold, L50|\n|poke|p2|Urshifu-*, L50, F|\n|poke|p2|Rillaboom, L50, M|\n|poke|p2|Heatran, L50, F|\n|poke|p2|Regidrago, L50|\n|teampreview|4\n|inactive|Battle timer is ON: inactive players will automatically lose when time's up. (requested by Tailwiind)\n|inactive|Tailwiind has 60 seconds left.\n|inactive|Vengeful potato has 60 seconds left.\n|inactive|Vengeful potato has 30 seconds left.\n|inactive|Tailwiind has 30 seconds left.\n|inactive|Tailwiind has 20 seconds left.\n|\n|t:|1699742914\n|start\n|switch|p1a: Roaring Moon|Roaring Moon, L50|100\/100\n|switch|p1b: Arcanine|Arcanine-Hisui, L50, M|100\/100\n|switch|p2a: The Rizzler\ud83d\ude31\ud83d\udcaf\ud83d\udde3\ufe0f|Articuno-Galar, L50, shiny|100\/100\n|switch|p2b: Donkey Kong|Rillaboom, L50, M, shiny|100\/100\n|-ability|p1b: Arcanine|Intimidate|boost\n|-unboost|p2a: The Rizzler\ud83d\ude31\ud83d\udcaf\ud83d\udde3\ufe0f|atk|1\n|-ability|p2a: The Rizzler\ud83d\ude31\ud83d\udcaf\ud83d\udde3\ufe0f|Competitive|boost\n|-boost|p2a: The Rizzler\ud83d\ude31\ud83d\udcaf\ud83d\udde3\ufe0f|spa|2\n|-unboost|p2b: Donkey Kong|atk|1\n|-fieldstart|move: Grassy Terrain|[from] ability: Grassy Surge|[of] p2b: Donkey Kong\n|-enditem|p1a: Roaring Moon|Booster Energy\n|-activate|p1a: Roaring Moon|ability: Protosynthesis|[fromitem]\n|-start|p1a: Roaring Moon|protosynthesisspe\n|turn|1\n|\n|t:|1699742936\n|move|p2b: Donkey Kong|Fake Out|p1a: Roaring Moon\n|-damage|p1a: Roaring Moon|89\/100\n|cant|p1a: Roaring Moon|flinch\n|move|p1b: Arcanine|Rock Slide|p2b: Donkey Kong|[spread] p2a,p2b\n|-supereffective|p2a: The Rizzler\ud83d\ude31\ud83d\udcaf\ud83d\udde3\ufe0f\n|-damage|p2a: The Rizzler\ud83d\ude31\ud83d\udcaf\ud83d\udde3\ufe0f|23\/100\n|-damage|p2b: Donkey Kong|60\/100\n|move|p2a: The Rizzler\ud83d\ude31\ud83d\udcaf\ud83d\udde3\ufe0f|Trick Room|p2a: The Rizzler\ud83d\ude31\ud83d\udcaf\ud83d\udde3\ufe0f\n|-fieldstart|move: Trick Room|[of] p2a: The Rizzler\ud83d\ude31\ud83d\udcaf\ud83d\udde3\ufe0f\n|\n|-heal|p2b: Donkey Kong|66\/100|[from] Grassy Terrain\n|-heal|p1a: Roaring Moon|95\/100|[from] Grassy Terrain\n|upkeep\n|turn|2\n|\n|t:|1699742959\n|move|p2b: Donkey Kong|High Horsepower|p1b: Arcanine\n|-supereffective|p1b: Arcanine\n|-damage|p1b: Arcanine|0 fnt\n|faint|p1b: Arcanine\n|move|p2a: The Rizzler\ud83d\ude31\ud83d\udcaf\ud83d\udde3\ufe0f|Air Slash|p1a: Roaring Moon\n|-damage|p1a: Roaring Moon|35\/100\n|move|p1a: Roaring Moon|Knock Off|p2a: The Rizzler\ud83d\ude31\ud83d\udcaf\ud83d\udde3\ufe0f\n|-supereffective|p2a: The Rizzler\ud83d\ude31\ud83d\udcaf\ud83d\udde3\ufe0f\n|-damage|p2a: The Rizzler\ud83d\ude31\ud83d\udcaf\ud83d\udde3\ufe0f|0 fnt\n|-enditem|p2a: The Rizzler\ud83d\ude31\ud83d\udcaf\ud83d\udde3\ufe0f|Covert Cloak|[from] move: Knock Off|[of] p1a: Roaring Moon\n|faint|p2a: The Rizzler\ud83d\ude31\ud83d\udcaf\ud83d\udde3\ufe0f\n|\n|-heal|p2b: Donkey Kong|72\/100|[from] Grassy Terrain\n|-heal|p1a: Roaring Moon|41\/100|[from] Grassy Terrain\n|upkeep\n|\n|t:|1699742978\n|switch|p2a: THE DRAGON BALL\ud83e\udd76|Regidrago, L50, shiny|100\/100\n|switch|p1b: Thundurus|Thundurus-Therian, L50, M|100\/100\n|turn|3\n|\n|t:|1699742986\n|-terastallize|p1b: Thundurus|Flying\n|move|p1a: Roaring Moon|Protect|p1a: Roaring Moon\n|-singleturn|p1a: Roaring Moon|Protect\n|move|p2a: THE DRAGON BALL\ud83e\udd76|Dragon Energy|p1b: Thundurus|[spread] p1b\n|-activate|p1a: Roaring Moon|move: Protect\n|-damage|p1b: Thundurus|8\/100\n|move|p2b: Donkey Kong|U-turn|p1b: Thundurus\n|-resisted|p1b: Thundurus\n|-damage|p1b: Thundurus|0 fnt\n|faint|p1b: Thundurus\n|\n|t:|1699742995\n|switch|p2b: C418 - Wet Hands|Urshifu-Rapid-Strike, L50, F|100\/100|[from] U-turn\n|\n|-heal|p1a: Roaring Moon|47\/100|[from] Grassy Terrain\n|upkeep\n|\n|t:|1699743000\n|switch|p1b: Urshifu|Urshifu-Rapid-Strike, L50, M|100\/100\n|turn|4\n|\n|t:|1699743009\n|move|p1b: Urshifu|Detect|p1b: Urshifu\n|-singleturn|p1b: Urshifu|Protect\n|move|p2a: THE DRAGON BALL\ud83e\udd76|Dragon Energy|p1b: Urshifu|[spread] p1a\n|-activate|p1b: Urshifu|move: Protect\n|-supereffective|p1a: Roaring Moon\n|-damage|p1a: Roaring Moon|0 fnt\n|faint|p1a: Roaring Moon\n|-end|p1a: Roaring Moon|Protosynthesis|[silent]\n|move|p2b: C418 - Wet Hands|Surging Strikes|p1b: Urshifu\n|-resisted|p1b: Urshifu\n|-crit|p1b: Urshifu\n|-damage|p1b: Urshifu|87\/100\n|-resisted|p1b: Urshifu\n|-crit|p1b: Urshifu\n|-damage|p1b: Urshifu|76\/100\n|-resisted|p1b: Urshifu\n|-crit|p1b: Urshifu\n|-damage|p1b: Urshifu|62\/100\n|-hitcount|p1b: Urshifu|3\n|\n|-heal|p1b: Urshifu|68\/100|[from] Grassy Terrain\n|upkeep\n|turn|5\n|\n|t:|1699743026\n|move|p2a: THE DRAGON BALL\ud83e\udd76|Dragon Energy|p1b: Urshifu\n|-damage|p1b: Urshifu|0 fnt\n|faint|p1b: Urshifu\n|\n|win|Vengeful potato\n|raw|Tailwiind's rating: 1330 &rarr; <strong>1315<\/strong><br \/>(-15 for losing)\n|raw|Vengeful potato's rating: 1414 &rarr; <strong>1429<\/strong><br \/>(+15 for winning)\n|l|\u2606Tailwiind\n|c|\u2606Vengeful potato|Gg\n","uploadtime":1699743036,"views":11,"p1id":"tailwiind","p2id":"vengefulpotato","formatid":"gen9vgc2023regulatione","rating":1315,"private":0,"password":""}