{"id":"gen9vgc2023regulatione-1999779048","p1":"shoe5222","p2":"Nick2909","format":"[Gen 9] VGC 2023 Regulation E","log":"|j|\u2606shoe5222\n|j|\u2606Nick2909\n|t:|1701115906\n|gametype|doubles\n|player|p1|shoe5222|101|1121\n|player|p2|Nick2909|volkner|1051\n|teamsize|p1|6\n|teamsize|p2|6\n|gen|9\n|tier|[Gen 9] VGC 2023 Regulation E\n|rated|\n|rule|Species Clause: Limit one of each Pok\u00e9mon\n|rule|Item Clause: Limit one of each item\n|clearpoke\n|poke|p1|Ninetales-Alola, L50, F|\n|poke|p1|Baxcalibur, L50, M|\n|poke|p1|Landorus-Therian, L50, M|\n|poke|p1|Flutter Mane, L50|\n|poke|p1|Kingambit, L50, F|\n|poke|p1|Tornadus, L50, M|\n|poke|p2|Regidrago, L50|\n|poke|p2|Fezandipiti, L50, M|\n|poke|p2|Flutter Mane, L50|\n|poke|p2|Kingambit, L50, F|\n|poke|p2|Samurott-Hisui, L50, F|\n|poke|p2|Clefairy, L50, M|\n|teampreview|4\nNick2909 rejected open team sheets.\n|c|\u2606Nick2909|good luck\n|inactive|Battle timer is ON: inactive players will automatically lose when time's up. (requested by shoe5222)\n|c|\u2606shoe5222|u2\n|inactive|Nick2909 has 60 seconds left.\n|\n|t:|1701115950\n|start\n|switch|p1a: Flutter Mane|Flutter Mane, L50|100\/100\n|switch|p1b: Ninetales|Ninetales-Alola, L50, F|100\/100\n|switch|p2a: baby|Clefairy, L50, M|100\/100\n|switch|p2b: meta ghost|Flutter Mane, L50|100\/100\n|-weather|Snow|[from] ability: Snow Warning|[of] p1b: Ninetales\n|turn|1\n|inactive|shoe5222 has 30 seconds left.\n|inactive|Nick2909 has 30 seconds left.\n|\n|t:|1701115980\n|-terastallize|p1a: Flutter Mane|Fairy\n|-terastallize|p2b: meta ghost|Fairy\n|move|p2a: baby|Helping Hand|p2b: meta ghost\n|-singleturn|p2b: meta ghost|Helping Hand|[of] p2a: baby\n|move|p1a: Flutter Mane|Dazzling Gleam|p2a: baby|[spread] p2a,p2b\n|-damage|p2a: baby|45\/100\n|-damage|p2b: meta ghost|58\/100\n|move|p2b: meta ghost|Moonblast|p1a: Flutter Mane\n|-damage|p1a: Flutter Mane|0 fnt\n|faint|p1a: Flutter Mane\n|-end|p1a: Flutter Mane|Protosynthesis|[silent]\n|move|p1b: Ninetales|Aurora Veil|p1b: Ninetales\n|-sidestart|p1: shoe5222|move: Aurora Veil\n|\n|-weather|Snow|[upkeep]\n|upkeep\n|\n|t:|1701115992\n|switch|p1a: Baxcalibur|Baxcalibur, L50, M|100\/100\n|turn|2\n|\n|t:|1701116002\n|move|p2b: meta ghost|Moonblast|p1a: Baxcalibur\n|-supereffective|p1a: Baxcalibur\n|-damage|p1a: Baxcalibur|0 fnt\n|faint|p1a: Baxcalibur\n|move|p1b: Ninetales|Blizzard|p2a: baby|[spread] p2a,p2b\n|-crit|p2b: meta ghost\n|-damage|p2a: baby|22\/100\n|-damage|p2b: meta ghost|31\/100\n|-status|p2b: meta ghost|frz\n|move|p2a: baby|Heal Pulse|p2b: meta ghost\n|-heal|p2b: meta ghost|81\/100 frz\n|\n|-weather|Snow|[upkeep]\n|upkeep\n|\n|t:|1701116005\n|switch|p1a: Landorus|Landorus-Therian, L50, M|100\/100\n|-ability|p1a: Landorus|Intimidate|boost\n|-unboost|p2a: baby|atk|1\n|-unboost|p2b: meta ghost|atk|1\n|turn|3\n|\n|t:|1701116029\n|move|p2a: baby|Protect|p2a: baby\n|-singleturn|p2a: baby|Protect\n|move|p1a: Landorus|Rock Slide|p2a: baby|[spread] \n|-activate|p2a: baby|move: Protect\n|-miss|p1a: Landorus|p2b: meta ghost\n|-curestatus|p2b: meta ghost|frz|[msg]\n|move|p2b: meta ghost|Moonblast|p1a: Landorus\n|-damage|p1a: Landorus|38\/100\n|move|p1b: Ninetales|Blizzard|p2b: meta ghost|[spread] p2b\n|-activate|p2a: baby|move: Protect\n|-damage|p2b: meta ghost|64\/100\n|-status|p2b: meta ghost|frz\n|\n|-weather|Snow|[upkeep]\n|upkeep\n|turn|4\n|inactive|Nick2909 has 30 seconds left.\n|inactive|Nick2909 has 20 seconds left.\n|inactive|Nick2909 has 15 seconds left.\n|inactive|Nick2909 has 10 seconds left.\n|\n|t:|1701116076\n|move|p2a: baby|Follow Me|p2a: baby\n|-singleturn|p2a: baby|move: Follow Me\n|move|p1a: Landorus|Rock Slide|p2b: meta ghost|[spread] p2a,p2b\n|-damage|p2a: baby|7\/100\n|-damage|p2b: meta ghost|41\/100 frz\n|cant|p2b: meta ghost|frz\n|move|p1b: Ninetales|Blizzard|p2b: meta ghost|[spread] p2a,p2b\n|-damage|p2a: baby|0 fnt\n|-damage|p2b: meta ghost|22\/100 frz\n|faint|p2a: baby\n|\n|-weather|Snow|[upkeep]\n|upkeep\n|\n|t:|1701116097\n|switch|p2a: chess king|Kingambit, L50, F|100\/100\n|turn|5\n|\n|t:|1701116107\n|move|p2a: chess king|Protect|p2a: chess king\n|-singleturn|p2a: chess king|Protect\n|move|p1a: Landorus|Rock Slide|p2b: meta ghost|[spread] p2b\n|-activate|p2a: chess king|move: Protect\n|-damage|p2b: meta ghost|0 fnt\n|faint|p2b: meta ghost\n|-end|p2b: meta ghost|Protosynthesis|[silent]\n|move|p1b: Ninetales|Moonblast|p2a: chess king\n|-activate|p2a: chess king|move: Protect\n|\n|-weather|none\n|upkeep\n|\n|t:|1701116117\n|switch|p2b: otter|Samurott-Hisui, L50, F|100\/100\n|turn|6\n|\n|t:|1701116128\n|move|p1a: Landorus|Rock Slide|p2b: otter|[spread] p2a,p2b\n|-resisted|p2a: chess king\n|-damage|p2a: chess king|94\/100\n|-damage|p2b: otter|75\/100\n|move|p1b: Ninetales|Moonblast|p2b: otter\n|-supereffective|p2b: otter\n|-damage|p2b: otter|0 fnt\n|faint|p2b: otter\n|move|p2a: chess king|Kowtow Cleave|p1a: Landorus\n|-damage|p1a: Landorus|0 fnt\n|faint|p1a: Landorus\n|\n|upkeep\n|turn|7\n|\n|t:|1701116149\n|move|p2a: chess king|Protect|p2a: chess king\n|-singleturn|p2a: chess king|Protect\n|move|p1b: Ninetales|Moonblast|p2a: chess king\n|-activate|p2a: chess king|move: Protect\n|\n|upkeep\n|turn|8\n|\n|t:|1701116167\n|move|p1b: Ninetales|Moonblast|p2a: chess king\n|-damage|p2a: chess king|62\/100\n|move|p2a: chess king|Kowtow Cleave|p1b: Ninetales\n|-resisted|p1b: Ninetales\n|-damage|p1b: Ninetales|77\/100\n|\n|-sideend|p1: shoe5222|move: Aurora Veil\n|upkeep\n|turn|9\n|\n|t:|1701116184\n|move|p1b: Ninetales|Moonblast|p2a: chess king\n|-damage|p2a: chess king|34\/100\n|move|p2a: chess king|Swords Dance|p2a: chess king\n|-boost|p2a: chess king|atk|2\n|\n|upkeep\n|turn|10\n|\n|t:|1701116190\n|move|p2a: chess king|Sucker Punch|p1b: Ninetales\n|-resisted|p1b: Ninetales\n|-damage|p1b: Ninetales|24\/100\n|move|p1b: Ninetales|Moonblast|p2a: chess king\n|-damage|p2a: chess king|3\/100\n|\n|upkeep\n|turn|11\n|\n|t:|1701116197\n|move|p1b: Ninetales|Protect|p1b: Ninetales\n|-singleturn|p1b: Ninetales|Protect\n|move|p2a: chess king|Protect||[still]\n|-fail|p2a: chess king\n|\n|upkeep\n|turn|12\n|\n|t:|1701116208\n|move|p2a: chess king|Sucker Punch|p1b: Ninetales\n|-resisted|p1b: Ninetales\n|-damage|p1b: Ninetales|0 fnt\n|faint|p1b: Ninetales\n|\n|win|Nick2909\n|raw|shoe5222's rating: 1121 &rarr; <strong>1091<\/strong><br \/>(-30 for losing)\n|raw|Nick2909's rating: 1051 &rarr; <strong>1090<\/strong><br \/>(+39 for winning)\n|l|\u2606shoe5222\n|c|\u2606Nick2909|oof close\n","uploadtime":1701116225,"views":21,"p1id":"shoe5222","p2id":"nick2909","formatid":"gen9vgc2023regulatione","rating":1090,"private":0,"password":""}