{"id":"gen9vgc2023regulatione-1989031899","p1":"Profily","p2":"pzyxhic","format":"[Gen 9] VGC 2023 Regulation E","log":"|j|\u2606Profily\n|j|\u2606pzyxhic\n|t:|1699804459\n|gametype|doubles\n|player|p1|Profily|hilbert|1407\n|player|p2|pzyxhic|266|1344\n|teamsize|p1|6\n|teamsize|p2|6\n|gen|9\n|tier|[Gen 9] VGC 2023 Regulation E\n|rated|\n|rule|Species Clause: Limit one of each Pok\u00e9mon\n|rule|Item Clause: Limit one of each item\n|clearpoke\n|poke|p1|Spinarak, L50, M|\n|poke|p1|Tatsugiri-Droopy, L50, M|\n|poke|p1|Arcanine-Hisui, L50, M|\n|poke|p1|Lurantis, L50, F|\n|poke|p1|Armarouge, L50, M|\n|poke|p1|Farigiraf, L50, M|\n|poke|p2|Stantler, L50, F|\n|poke|p2|Articuno-Galar, L50|\n|poke|p2|Empoleon, L50, F|\n|poke|p2|Iron Hands, L50|\n|poke|p2|Rillaboom, L50, F|\n|poke|p2|Flutter Mane, L50|\n|teampreview|4\n|inactive|Battle timer is ON: inactive players will automatically lose when time's up. (requested by Profily)\n|inactive|Profily has 60 seconds left.\n|\n|t:|1699804496\n|start\n|switch|p1a: Armarouge|Armarouge, L50, M|100\/100\n|switch|p1b: Spinarak|Spinarak, L50, M, shiny|100\/100\n|switch|p2a: Stantler|Stantler, L50, F|100\/100\n|switch|p2b: Articuno|Articuno-Galar, L50|100\/100\n|-ability|p2a: Stantler|Intimidate|boost\n|-unboost|p1a: Armarouge|atk|1\n|-unboost|p1b: Spinarak|atk|1\n|turn|1\n|\n|t:|1699804518\n|move|p2b: Articuno|Protect|p2b: Articuno\n|-singleturn|p2b: Articuno|Protect\n|move|p2a: Stantler|Skill Swap|p1a: Armarouge\n|-activate|p2a: Stantler|move: Skill Swap|Flash Fire|Intimidate|[of] p1a: Armarouge\n|-ability|p1a: Armarouge|Intimidate|boost\n|-unboost|p2a: Stantler|atk|1\n|-unboost|p2b: Articuno|atk|1\n|-ability|p2b: Articuno|Competitive|boost\n|-boost|p2b: Articuno|spa|2\n|move|p1b: Spinarak|Acid Spray|p2a: Stantler\n|-damage|p2a: Stantler|94\/100\n|-unboost|p2a: Stantler|spd|2\n|move|p1a: Armarouge|Trick Room|p1a: Armarouge\n|-fieldstart|move: Trick Room|[of] p1a: Armarouge\n|\n|upkeep\n|turn|2\n|inactive|pzyxhic has 30 seconds left.\n|inactive|pzyxhic has 20 seconds left.\n|inactive|pzyxhic has 15 seconds left.\n|\n|t:|1699804558\n|-terastallize|p1a: Armarouge|Water\n|-terastallize|p2a: Stantler|Ghost\n|move|p1b: Spinarak|Acid Spray|p2b: Articuno\n|-damage|p2b: Articuno|94\/100\n|-unboost|p2b: Articuno|spd|2\n|-ability|p2b: Articuno|Competitive|boost\n|-boost|p2b: Articuno|spa|2\n|move|p1a: Armarouge|Tera Blast|p2b: Articuno|[anim] Tera Blast Water\n|-damage|p2b: Articuno|19\/100\n|move|p2b: Articuno|Freezing Glare|p1b: Spinarak\n|-supereffective|p1b: Spinarak\n|-damage|p1b: Spinarak|0 fnt\n|faint|p1b: Spinarak\n|-damage|p2b: Articuno|9\/100|[from] item: Life Orb\n|move|p2a: Stantler|Trick Room|p2a: Stantler\n|-fieldend|move: Trick Room\n|\n|upkeep\n|\n|t:|1699804568\n|switch|p1b: Arcanine|Arcanine-Hisui, L50, M|100\/100\n|-ability|p1b: Arcanine|Intimidate|boost\n|-unboost|p2a: Stantler|atk|1\n|-unboost|p2b: Articuno|atk|1\n|-ability|p2b: Articuno|Competitive|boost\n|-boost|p2b: Articuno|spa|2\n|turn|3\n|\n|t:|1699804587\n|move|p2b: Articuno|Protect|p2b: Articuno\n|-singleturn|p2b: Articuno|Protect\n|move|p1b: Arcanine|Rock Slide|p2a: Stantler|[spread] p2a\n|-activate|p2b: Articuno|move: Protect\n|-damage|p2a: Stantler|72\/100\n|move|p2a: Stantler|Disable|p1b: Arcanine\n|-start|p1b: Arcanine|Disable|Rock Slide\n|move|p1a: Armarouge|Trick Room|p1a: Armarouge\n|-fieldstart|move: Trick Room|[of] p1a: Armarouge\n|\n|upkeep\n|turn|4\n|inactive|pzyxhic has 30 seconds left.\n|inactive|pzyxhic has 20 seconds left.\n|\n|t:|1699804622\n|switch|p2b: Empoleon|Empoleon, L50, F|100\/100\n|switch|p1b: Lurantis|Lurantis, L50, F|100\/100\n|move|p1a: Armarouge|Tera Blast|p2b: Empoleon|[anim] Tera Blast Water\n|-resisted|p2b: Empoleon\n|-crit|p2b: Empoleon\n|-damage|p2b: Empoleon|81\/100\n|move|p2a: Stantler|Skill Swap|p1b: Lurantis\n|-activate|p2a: Stantler|move: Skill Swap|Contrary|Flash Fire|[of] p1b: Lurantis\n|\n|upkeep\n|turn|5\n|inactive|pzyxhic has 30 seconds left.\n|\n|t:|1699804655\n|switch|p1b: Arcanine|Arcanine-Hisui, L50, M|100\/100\n|-ability|p1b: Arcanine|Intimidate|boost\n|-boost|p2a: Stantler|atk|1\n|-unboost|p2b: Empoleon|atk|1\n|-ability|p2b: Empoleon|Competitive|boost\n|-boost|p2b: Empoleon|spa|2\n|move|p1a: Armarouge|Heat Wave|p2a: Stantler|[spread] p2a,p2b\n|-damage|p2a: Stantler|12\/100\n|-damage|p2b: Empoleon|59\/100\n|move|p2b: Empoleon|Ice Beam|p1b: Arcanine\n|-resisted|p1b: Arcanine\n|-damage|p1b: Arcanine|65\/100\n|move|p2a: Stantler|Trick Room|p2a: Stantler\n|-fieldend|move: Trick Room\n|\n|upkeep\n|turn|6\n|inactive|pzyxhic has 30 seconds left.\n|\n|t:|1699804680\n|switch|p2a: Articuno|Articuno-Galar, L50|9\/100\n|move|p1b: Arcanine|Close Combat|p2b: Empoleon\n|-supereffective|p2b: Empoleon\n|-damage|p2b: Empoleon|0 fnt\n|-unboost|p1b: Arcanine|def|1\n|-unboost|p1b: Arcanine|spd|1\n|faint|p2b: Empoleon\n|move|p1a: Armarouge|Trick Room|p1a: Armarouge\n|-fieldstart|move: Trick Room|[of] p1a: Armarouge\n|\n|upkeep\n|\n|t:|1699804689\n|switch|p2b: Iron Hands|Iron Hands, L50|100\/100\n|turn|7\n|\n|t:|1699804702\n|switch|p2a: Stantler|Stantler, L50, F, tera:Ghost|12\/100\n|-ability|p2a: Stantler|Intimidate|boost\n|-unboost|p1a: Armarouge|atk|1\n|-unboost|p1b: Arcanine|atk|1\n|switch|p1b: Lurantis|Lurantis, L50, F|100\/100\n|move|p2b: Iron Hands|Wild Charge|p1a: Armarouge\n|-supereffective|p1a: Armarouge\n|-damage|p1a: Armarouge|13\/100\n|-damage|p2b: Iron Hands|83\/100|[from] Recoil\n|move|p1a: Armarouge|Heat Wave|p2b: Iron Hands|[spread] p2a,p2b\n|-damage|p2a: Stantler|0 fnt\n|-damage|p2b: Iron Hands|56\/100\n|faint|p2a: Stantler\n|\n|upkeep\n|\n|t:|1699804715\n|switch|p2a: Articuno|Articuno-Galar, L50|9\/100\n|turn|8\n|\n|t:|1699804731\n|move|p1b: Lurantis|Superpower|p2b: Iron Hands\n|-damage|p2b: Iron Hands|27\/100\n|-boost|p1b: Lurantis|atk|1\n|-boost|p1b: Lurantis|def|1\n|move|p2b: Iron Hands|Drain Punch|p1a: Armarouge\n|-damage|p1a: Armarouge|0 fnt\n|-heal|p2b: Iron Hands|32\/100|[from] drain|[of] p1a: Armarouge\n|faint|p1a: Armarouge\n|move|p2a: Articuno|Air Slash|p1b: Lurantis\n|-supereffective|p1b: Lurantis\n|-damage|p1b: Lurantis|24\/100\n|-damage|p2a: Articuno|0 fnt|[from] item: Life Orb\n|faint|p2a: Articuno\n|\n|upkeep\n|\n|t:|1699804734\n|switch|p1a: Arcanine|Arcanine-Hisui, L50, M|65\/100\n|-ability|p1a: Arcanine|Intimidate|boost\n|-fail|p2b: Iron Hands|unboost|[from] item: Clear Amulet|[of] p2b: Iron Hands\n|turn|9\n|\n|t:|1699804750\n|move|p1b: Lurantis|Leaf Blade|p2b: Iron Hands\n|-damage|p2b: Iron Hands|0 fnt\n|faint|p2b: Iron Hands\n|-end|p2b: Iron Hands|Quark Drive|[silent]\n|\n|win|Profily\n|raw|Profily's rating: 1446 &rarr; <strong>1460<\/strong><br \/>(+14 for winning)\n|raw|pzyxhic's rating: 1344 &rarr; <strong>1330<\/strong><br \/>(-14 for losing)\n|l|\u2606pzyxhic\n","uploadtime":1699804755,"views":9,"p1id":"profily","p2id":"pzyxhic","formatid":"gen9vgc2023regulatione","rating":1330,"private":0,"password":""}