{"id":"gen9vgc2023regulatione-1994494735","p1":"hsenb\u59da\u67d0","p2":"PunkRockObstagoon","format":"[Gen 9] VGC 2023 Regulation E","log":"|j|\u2606hsenb\u59da\u67d0\n|j|\u2606PunkRockObstagoon\n|t:|1700450566\n|gametype|doubles\n|player|p1|hsenb\u59da\u67d0|may-contest|1503\n|player|p2|PunkRockObstagoon|hilbert|1468\n|teamsize|p1|6\n|teamsize|p2|6\n|gen|9\n|tier|[Gen 9] VGC 2023 Regulation E\n|rated|\n|rule|Species Clause: Limit one of each Pok\u00e9mon\n|rule|Item Clause: Limit one of each item\n|clearpoke\n|poke|p1|Tornadus, L50, M|\n|poke|p1|Chi-Yu, L50|\n|poke|p1|Brambleghast, L50, F|\n|poke|p1|Gholdengo, L50|\n|poke|p1|Urshifu-*, L50, M|\n|poke|p1|Flutter Mane, L50|\n|poke|p2|Spinarak, L50, M|\n|poke|p2|Tatsugiri-Droopy, L50, M|\n|poke|p2|Lurantis, L50, F|\n|poke|p2|Farigiraf, L50, F|\n|poke|p2|Houndstone, L50, M|\n|poke|p2|Roaring Moon, L50|\n|teampreview|4\n|inactive|Battle timer is ON: inactive players will automatically lose when time's up. (requested by PunkRockObstagoon)\n|inactive|PunkRockObstagoon has 60 seconds left.\n|\n|t:|1700450619\n|start\n|switch|p1a: \u7389\u7389|Chi-Yu, L50|100\/100\n|switch|p1b: \u59d0|Flutter Mane, L50|100\/100\n|switch|p2a: Roaring Moon|Roaring Moon, L50|100\/100\n|switch|p2b: Farigiraf|Farigiraf, L50, F|100\/100\n|-ability|p1a: \u7389\u7389|Beads of Ruin\n|-enditem|p1b: \u59d0|Booster Energy\n|-activate|p1b: \u59d0|ability: Protosynthesis|[fromitem]\n|-start|p1b: \u59d0|protosynthesisspa\n|-enditem|p2a: Roaring Moon|Booster Energy\n|-activate|p2a: Roaring Moon|ability: Protosynthesis|[fromitem]\n|-start|p2a: Roaring Moon|protosynthesisspe\n|turn|1\n|\n|t:|1700450631\n|move|p2b: Farigiraf|Protect|p2b: Farigiraf\n|-singleturn|p2b: Farigiraf|Protect\n|move|p2a: Roaring Moon|Iron Head|p1b: \u59d0\n|-supereffective|p1b: \u59d0\n|-damage|p1b: \u59d0|0 fnt\n|faint|p1b: \u59d0\n|-end|p1b: \u59d0|Protosynthesis|[silent]\n|move|p1a: \u7389\u7389|Dark Pulse|p2b: Farigiraf\n|-activate|p2b: Farigiraf|move: Protect\n|\n|upkeep\n|\n|t:|1700450637\n|switch|p1b: \u718a|Urshifu-Rapid-Strike, L50, M|100\/100\n|turn|2\n|\n|t:|1700450656\n|switch|p2b: Tatsugiri|Tatsugiri-Droopy, L50, M|100\/100\n|move|p2a: Roaring Moon|Breaking Swipe|p1a: \u7389\u7389|[spread] p1a,p1b\n|-damage|p1a: \u7389\u7389|64\/100\n|-damage|p1b: \u718a|78\/100\n|-unboost|p1a: \u7389\u7389|atk|1\n|-unboost|p1b: \u718a|atk|1\n|move|p1a: \u7389\u7389|Dark Pulse|p2b: Tatsugiri\n|-damage|p2b: Tatsugiri|18\/100\n|-damage|p1a: \u7389\u7389|54\/100|[from] item: Life Orb\n|move|p1b: \u718a|Surging Strikes|p2b: Tatsugiri\n|-ability|p2b: Tatsugiri|Storm Drain|boost\n|-boost|p2b: Tatsugiri|spa|1\n|\n|-heal|p2b: Tatsugiri|24\/100|[from] item: Leftovers\n|upkeep\n|turn|3\n|inactive|hsenb\u59da\u67d0 has 30 seconds left.\n|inactive|PunkRockObstagoon has 30 seconds left.\n|inactive|hsenb\u59da\u67d0 has 20 seconds left.\n|inactive|hsenb\u59da\u67d0 has 15 seconds left.\n|inactive|hsenb\u59da\u67d0 has 10 seconds left.\n|\n|t:|1700450702\n|move|p2a: Roaring Moon|Breaking Swipe|p1a: \u7389\u7389|[spread] p1a,p1b\n|-damage|p1a: \u7389\u7389|17\/100\n|-damage|p1b: \u718a|55\/100\n|-unboost|p1a: \u7389\u7389|atk|1\n|-unboost|p1b: \u718a|atk|1\n|move|p1a: \u7389\u7389|Dark Pulse|p2b: Tatsugiri\n|-damage|p2b: Tatsugiri|0 fnt\n|faint|p2b: Tatsugiri\n|-damage|p1a: \u7389\u7389|7\/100|[from] item: Life Orb\n|move|p1b: \u718a|Close Combat|p2a: Roaring Moon\n|-supereffective|p2a: Roaring Moon\n|-damage|p2a: Roaring Moon|31\/100\n|-unboost|p1b: \u718a|def|1\n|-unboost|p1b: \u718a|spd|1\n|\n|upkeep\n|\n|t:|1700450707\n|switch|p2b: Farigiraf|Farigiraf, L50, F|100\/100\n|turn|4\n|inactive|hsenb\u59da\u67d0 has 30 seconds left.\n|inactive|hsenb\u59da\u67d0 has 20 seconds left.\n|\n|t:|1700450744\n|-terastallize|p1b: \u718a|Water\n|move|p2a: Roaring Moon|Breaking Swipe|p1b: \u718a|[spread] p1a,p1b\n|-damage|p1a: \u7389\u7389|0 fnt\n|-damage|p1b: \u718a|19\/100\n|-unboost|p1b: \u718a|atk|1\n|faint|p1a: \u7389\u7389\n|move|p1b: \u718a|Surging Strikes|p2b: Farigiraf\n|-crit|p2b: Farigiraf\n|-damage|p2b: Farigiraf|63\/100\n|-crit|p2b: Farigiraf\n|-damage|p2b: Farigiraf|26\/100\n|-crit|p2b: Farigiraf\n|-damage|p2b: Farigiraf|0 fnt\n|faint|p2b: Farigiraf\n|-hitcount|p2: Farigiraf|3\n|\n|upkeep\n|\n|t:|1700450757\n|switch|p1a: \u8c6a|Gholdengo, L50|100\/100\n|switch|p2b: Houndstone|Houndstone, L50, M|100\/100\n|turn|5\n|\n|t:|1700450775\n|move|p2a: Roaring Moon|Knock Off|p1b: \u718a\n|-damage|p1b: \u718a|0 fnt\n|-enditem|p1b: \u718a|Mystic Water|[from] move: Knock Off|[of] p2a: Roaring Moon\n|faint|p1b: \u718a\n|move|p1a: \u8c6a|Make It Rain|p2a: Roaring Moon|[spread] p2a,p2b\n|-damage|p2a: Roaring Moon|0 fnt\n|-damage|p2b: Houndstone|33\/100\n|-unboost|p1a: \u8c6a|spa|1\n|-enditem|p2b: Houndstone|Sitrus Berry|[eat]\n|-heal|p2b: Houndstone|57\/100|[from] item: Sitrus Berry\n|faint|p2a: Roaring Moon\n|-end|p2a: Roaring Moon|Protosynthesis|[silent]\n|move|p2b: Houndstone|Last Respects|p1a: \u8c6a\n|-supereffective|p1a: \u8c6a\n|-damage|p1a: \u8c6a|0 fnt\n|faint|p1a: \u8c6a\n|\n|win|PunkRockObstagoon\n|raw|hsenb\u59da\u67d0's rating: 1517 &rarr; <strong>1494<\/strong><br \/>(-23 for losing)\n|raw|PunkRockObstagoon's rating: 1468 &rarr; <strong>1491<\/strong><br \/>(+23 for winning)\n|l|\u2606hsenb\u59da\u67d0\n","uploadtime":1700450794,"views":25,"p1id":"hsenb","p2id":"punkrockobstagoon","formatid":"gen9vgc2023regulatione","rating":1491,"private":0,"password":""}