{"id":"gen9vgc2023regulatione-1994777151","p1":"swilson14","p2":"Alexchitoxz","format":"[Gen 9] VGC 2023 Regulation E","log":"|j|\u2606swilson14\n|j|\u2606Alexchitoxz\n|t:|1700491737\n|gametype|doubles\n|player|p1|swilson14|169|1260\n|player|p2|Alexchitoxz|rosa|1297\n|teamsize|p1|6\n|teamsize|p2|6\n|gen|9\n|tier|[Gen 9] VGC 2023 Regulation E\n|rated|\n|rule|Species Clause: Limit one of each Pok\u00e9mon\n|rule|Item Clause: Limit one of each item\n|clearpoke\n|poke|p1|Landorus-Therian, L50, M|\n|poke|p1|Zapdos, L50|\n|poke|p1|Urshifu-*, L50, F|\n|poke|p1|Heatran, L50, F|\n|poke|p1|Rillaboom, L50, M|\n|poke|p1|Flutter Mane, L50|\n|poke|p2|Ursaluna, L50, M|\n|poke|p2|Rillaboom, L50, F|\n|poke|p2|Urshifu-*, L50, F|\n|poke|p2|Roaring Moon, L50|\n|poke|p2|Milotic, L50, M|\n|poke|p2|Arcanine, L50, F|\n|teampreview|4\n|inactive|Battle timer is ON: inactive players will automatically lose when time's up. (requested by Alexchitoxz)\n|\n|t:|1700491765\n|start\n|switch|p1a: Zapdos|Zapdos, L50|100\/100\n|switch|p1b: Landorus|Landorus-Therian, L50, M|100\/100\n|switch|p2a: Urshifu|Urshifu-Rapid-Strike, L50, F|100\/100\n|switch|p2b: Roaring Moon|Roaring Moon, L50|100\/100\n|-ability|p1b: Landorus|Intimidate|boost\n|-unboost|p2a: Urshifu|atk|1\n|-unboost|p2b: Roaring Moon|atk|1\n|-ability|p1a: Zapdos|Pressure\n|-enditem|p2b: Roaring Moon|Booster Energy\n|-activate|p2b: Roaring Moon|ability: Protosynthesis|[fromitem]\n|-start|p2b: Roaring Moon|protosynthesisspe\n|turn|1\n|inactive|swilson14 has 30 seconds left.\n|inactive|Alexchitoxz has 30 seconds left.\n|\n|t:|1700491797\n|switch|p1b: Rillaboom|Rillaboom, L50, M|100\/100\n|-fieldstart|move: Grassy Terrain|[from] ability: Grassy Surge|[of] p1b: Rillaboom\n|move|p2b: Roaring Moon|Knock Off|p1a: Zapdos\n|-damage|p1a: Zapdos|54\/100\n|-enditem|p1a: Zapdos|Life Orb|[from] move: Knock Off|[of] p2b: Roaring Moon\n|move|p2a: Urshifu|Surging Strikes|p1b: Rillaboom\n|-resisted|p1b: Rillaboom\n|-crit|p1b: Rillaboom\n|-damage|p1b: Rillaboom|90\/100\n|-resisted|p1b: Rillaboom\n|-crit|p1b: Rillaboom\n|-damage|p1b: Rillaboom|80\/100\n|-resisted|p1b: Rillaboom\n|-crit|p1b: Rillaboom\n|-damage|p1b: Rillaboom|70\/100\n|-hitcount|p1b: Rillaboom|3\n|move|p1a: Zapdos|Discharge|p2a: Urshifu|[spread] p1b,p2a,p2b\n|-resisted|p1b: Rillaboom\n|-supereffective|p2a: Urshifu\n|-resisted|p2b: Roaring Moon\n|-damage|p1b: Rillaboom|57\/100\n|-enditem|p2a: Urshifu|Focus Sash\n|-damage|p2a: Urshifu|1\/100\n|-damage|p2b: Roaring Moon|86\/100\n|\n|-heal|p2b: Roaring Moon|92\/100|[from] Grassy Terrain\n|-heal|p2a: Urshifu|7\/100|[from] Grassy Terrain\n|-heal|p1b: Rillaboom|63\/100|[from] Grassy Terrain\n|upkeep\n|turn|2\n|inactive|swilson14 has 30 seconds left.\n|inactive|swilson14 has 20 seconds left.\n|inactive|swilson14 has 15 seconds left.\n|inactive|swilson14 has 10 seconds left.\n|inactive|Alexchitoxz has 30 seconds left.\n|inactive|Alexchitoxz has 20 seconds left.\n|inactive|Alexchitoxz has 15 seconds left.\n|inactive|Alexchitoxz has 10 seconds left.\n|\n|t:|1700491864\n|-terastallize|p2b: Roaring Moon|Flying\n|move|p2a: Urshifu|Detect|p2a: Urshifu\n|-singleturn|p2a: Urshifu|Protect\n|move|p1b: Rillaboom|Grassy Glide|p2a: Urshifu\n|-activate|p2a: Urshifu|move: Protect\n|move|p2b: Roaring Moon|Acrobatics|p1a: Zapdos\n|-resisted|p1a: Zapdos\n|-damage|p1a: Zapdos|29\/100\n|move|p1a: Zapdos|Tailwind|p1a: Zapdos\n|-sidestart|p1: swilson14|move: Tailwind\n|\n|-heal|p1b: Rillaboom|69\/100|[from] Grassy Terrain\n|-heal|p2a: Urshifu|14\/100|[from] Grassy Terrain\n|upkeep\n|turn|3\n|\n|t:|1700491881\n|switch|p1b: Landorus|Landorus-Therian, L50, M|100\/100\n|-ability|p1b: Landorus|Intimidate|boost\n|-unboost|p2a: Urshifu|atk|1\n|-unboost|p2b: Roaring Moon|atk|1\n|switch|p2a: Rillaboom|Rillaboom, L50, F|100\/100\n|move|p1a: Zapdos|Discharge|p2b: Roaring Moon|[spread] p2a,p2b\n|-immune|p1b: Landorus\n|-resisted|p2a: Rillaboom\n|-supereffective|p2b: Roaring Moon\n|-damage|p2a: Rillaboom|89\/100\n|-damage|p2b: Roaring Moon|28\/100\n|move|p2b: Roaring Moon|Acrobatics|p1b: Landorus\n|-damage|p1b: Landorus|68\/100\n|\n|-heal|p2a: Rillaboom|95\/100|[from] Grassy Terrain\n|upkeep\n|turn|4\n|\n|t:|1700491904\n|-terastallize|p1a: Zapdos|Ghost\n|move|p2a: Rillaboom|Fake Out|p1a: Zapdos\n|-immune|p1a: Zapdos\n|move|p1b: Landorus|U-turn|p2a: Rillaboom\n|-supereffective|p2a: Rillaboom\n|-damage|p2a: Rillaboom|48\/100\n|\n|t:|1700491917\n|switch|p1b: Rillaboom|Rillaboom, L50, M|69\/100|[from] U-turn\n|move|p1a: Zapdos|Heat Wave|p2a: Rillaboom|[spread] p2a\n|-miss|p1a: Zapdos|p2b: Roaring Moon\n|-supereffective|p2a: Rillaboom\n|-damage|p2a: Rillaboom|11\/100\n|move|p2b: Roaring Moon|Knock Off|p1b: Rillaboom\n|-damage|p1b: Rillaboom|45\/100\n|-enditem|p1b: Rillaboom|Assault Vest|[from] move: Knock Off|[of] p2b: Roaring Moon\n|\n|-heal|p1a: Zapdos|35\/100|[from] Grassy Terrain\n|-heal|p1b: Rillaboom|51\/100|[from] Grassy Terrain\n|-heal|p2a: Rillaboom|17\/100|[from] Grassy Terrain\n|upkeep\n|turn|5\n|inactive|Alexchitoxz has 30 seconds left.\n|\n|t:|1700491942\n|move|p2b: Roaring Moon|Protect|p2b: Roaring Moon\n|-singleturn|p2b: Roaring Moon|Protect\n|move|p2a: Rillaboom|Grassy Glide|p1a: Zapdos\n|-damage|p1a: Zapdos|0 fnt\n|faint|p1a: Zapdos\n|move|p1b: Rillaboom|U-turn|p2a: Rillaboom\n|-supereffective|p2a: Rillaboom\n|-damage|p2a: Rillaboom|0 fnt\n|faint|p2a: Rillaboom\n|\n|t:|1700491954\n|switch|p1b: Landorus|Landorus-Therian, L50, M|68\/100|[from] U-turn\n|-ability|p1b: Landorus|Intimidate|boost\n|-unboost|p2b: Roaring Moon|atk|1\n|\n|-sideend|p1: swilson14|move: Tailwind\n|-fieldend|move: Grassy Terrain\n|upkeep\n|\n|t:|1700491962\n|switch|p1a: Rillaboom|Rillaboom, L50, M|51\/100\n|switch|p2a: Urshifu|Urshifu-Rapid-Strike, L50, F|14\/100\n|-fieldstart|move: Grassy Terrain|[from] ability: Grassy Surge|[of] p1a: Rillaboom\n|turn|6\n|\n|t:|1700491976\n|move|p2a: Urshifu|Detect|p2a: Urshifu\n|-singleturn|p2a: Urshifu|Protect\n|move|p1a: Rillaboom|Grassy Glide|p2a: Urshifu\n|-activate|p2a: Urshifu|move: Protect\n|move|p2b: Roaring Moon|Acrobatics|p1a: Rillaboom\n|-supereffective|p1a: Rillaboom\n|-damage|p1a: Rillaboom|2\/100\n|move|p1b: Landorus|Rock Slide|p2b: Roaring Moon|[spread] p2b\n|-activate|p2a: Urshifu|move: Protect\n|-supereffective|p2b: Roaring Moon\n|-damage|p2b: Roaring Moon|0 fnt\n|faint|p2b: Roaring Moon\n|-end|p2b: Roaring Moon|Protosynthesis|[silent]\n|\n|-heal|p2a: Urshifu|20\/100|[from] Grassy Terrain\n|-heal|p1a: Rillaboom|8\/100|[from] Grassy Terrain\n|upkeep\n|\n|t:|1700491986\n|switch|p2b: Milotic|Milotic, L50, M|100\/100\n|turn|7\n|inactive|swilson14 has 30 seconds left.\n|\n|t:|1700492014\n|move|p2a: Urshifu|Aqua Jet|p1a: Rillaboom\n|-resisted|p1a: Rillaboom\n|-damage|p1a: Rillaboom|0 fnt\n|faint|p1a: Rillaboom\n|move|p1b: Landorus|Rock Slide|p2a: Urshifu|[spread] p2a\n|-miss|p1b: Landorus|p2b: Milotic\n|-resisted|p2a: Urshifu\n|-damage|p2a: Urshifu|10\/100\n|move|p2b: Milotic|Ice Beam|p1b: Landorus\n|-supereffective|p1b: Landorus\n|-damage|p1b: Landorus|0 fnt\n|faint|p1b: Landorus\n|\n|-heal|p2a: Urshifu|16\/100|[from] Grassy Terrain\n|upkeep\n|\n|t:|1700492029\n|switch|p1a: Heatran|Heatran, L50, F|100\/100\n|turn|8\n|\n|t:|1700492038\n|move|p2a: Urshifu|Surging Strikes|p1a: Heatran\n|-supereffective|p1a: Heatran\n|-crit|p1a: Heatran\n|-damage|p1a: Heatran|69\/100\n|-supereffective|p1a: Heatran\n|-crit|p1a: Heatran\n|-damage|p1a: Heatran|35\/100\n|-supereffective|p1a: Heatran\n|-crit|p1a: Heatran\n|-damage|p1a: Heatran|0 fnt\n|faint|p1a: Heatran\n|-hitcount|p1: Heatran|3\n|\n|win|Alexchitoxz\n|raw|swilson14's rating: 1260 &rarr; <strong>1238<\/strong><br \/>(-22 for losing)\n|raw|Alexchitoxz's rating: 1297 &rarr; <strong>1319<\/strong><br \/>(+22 for winning)\n|l|\u2606swilson14\n","uploadtime":1700492177,"views":9,"p1id":"swilson14","p2id":"alexchitoxz","formatid":"gen9vgc2023regulatione","rating":1238,"private":0,"password":""}