{"id":"gen9vgc2023regulatione-1993099511","p1":"ItsYaBoiGuz","p2":"gotica nalgona","format":"[Gen 9] VGC 2023 Regulation E","log":"|j|\u2606ItsYaBoiGuz\n|j|\u203dgotica nalgona\n|t:|1700264672\n|gametype|doubles\n|player|p1|ItsYaBoiGuz|ingo|\n|player|p2|gotica nalgona|baker|\n|teamsize|p1|6\n|teamsize|p2|6\n|gen|9\n|tier|[Gen 9] VGC 2023 Regulation E\n|rule|Species Clause: Limit one of each Pok\u00e9mon\n|rule|Item Clause: Limit one of each item\n|clearpoke\n|poke|p1|Iron Hands, L50|\n|poke|p1|Ogerpon-Wellspring, L50, F|\n|poke|p1|Kingambit, L50, M|\n|poke|p1|Flutter Mane, L50|\n|poke|p1|Tornadus, L50, M|\n|poke|p1|Arcanine-Hisui, L50, M|\n|poke|p2|Kommo-o, L50, F|\n|poke|p2|Tyranitar, L50, M|\n|poke|p2|Rillaboom, L50, F|\n|poke|p2|Flutter Mane, L50|\n|poke|p2|Arcanine-Hisui, L50, M|\n|poke|p2|Iron Bundle, L50|\n|teampreview|4\n|inactive|Battle timer is ON: inactive players will automatically lose when time's up. (requested by ItsYaBoiGuz)\n|j| tempo di anguria\n|j| Great Distance\n|j| vinithewini\n|\n|t:|1700264693\n|start\n|switch|p1a: Kingambit|Kingambit, L50, M, shiny|100\/100\n|switch|p1b: Tornadus|Tornadus, L50, M, shiny|100\/100\n|switch|p2a: Flutter Mane|Flutter Mane, L50|100\/100\n|switch|p2b: Arcanine|Arcanine-Hisui, L50, M|100\/100\n|-ability|p2b: Arcanine|Intimidate|boost\n|-unboost|p1a: Kingambit|atk|1\n|-ability|p1a: Kingambit|Defiant|boost\n|-boost|p1a: Kingambit|atk|2\n|-unboost|p1b: Tornadus|atk|1\n|turn|1\n|j| Sablolol\n|inactive|gotica nalgona has 30 seconds left.\n|\n|t:|1700264720\n|move|p1a: Kingambit|Protect|p1a: Kingambit\n|-singleturn|p1a: Kingambit|Protect\n|move|p1b: Tornadus|Taunt|p2b: Arcanine\n|-start|p2b: Arcanine|move: Taunt\n|move|p2a: Flutter Mane|Dazzling Gleam|p1a: Kingambit|[spread] p1b\n|-activate|p1a: Kingambit|move: Protect\n|-damage|p1b: Tornadus|43\/100\n|move|p2b: Arcanine|Rock Slide|p1b: Tornadus|[spread] \n|-activate|p1a: Kingambit|move: Protect\n|-miss|p2b: Arcanine|p1b: Tornadus\n|\n|upkeep\n|turn|2\n|inactive|ItsYaBoiGuz has 30 seconds left.\n|\n|t:|1700264750\n|switch|p1b: Iron Hands|Iron Hands, L50, shiny|100\/100\n|-terastallize|p1a: Kingambit|Poison\n|move|p2a: Flutter Mane|Dazzling Gleam|p1a: Kingambit|[spread] p1a,p1b\n|-resisted|p1a: Kingambit\n|-supereffective|p1b: Iron Hands\n|-damage|p1a: Kingambit|79\/100\n|-damage|p1b: Iron Hands|47\/100\n|move|p2b: Arcanine|Flare Blitz|p1a: Kingambit\n|-damage|p1a: Kingambit|43\/100\n|-damage|p2b: Arcanine|88\/100|[from] Recoil\n|move|p1a: Kingambit|Kowtow Cleave|p2a: Flutter Mane\n|-damage|p2a: Flutter Mane|0 fnt\n|faint|p2a: Flutter Mane\n|-end|p2a: Flutter Mane|Protosynthesis|[silent]\n|\n|upkeep\n|j| bbryann\n|\n|t:|1700264771\n|switch|p2a: Iron Bundle|Iron Bundle, L50|100\/100\n|-enditem|p2a: Iron Bundle|Booster Energy\n|-activate|p2a: Iron Bundle|ability: Quark Drive|[fromitem]\n|-start|p2a: Iron Bundle|quarkdrivespe\n|turn|3\n|\n|t:|1700264790\n|move|p2a: Iron Bundle|Protect|p2a: Iron Bundle\n|-singleturn|p2a: Iron Bundle|Protect\n|move|p1b: Iron Hands|Fake Out|p2b: Arcanine\n|-resisted|p2b: Arcanine\n|-damage|p2b: Arcanine|81\/100\n|move|p1a: Kingambit|Sucker Punch||[still]\n|-fail|p1a: Kingambit\n|cant|p2b: Arcanine|flinch\n|\n|-end|p2b: Arcanine|move: Taunt\n|upkeep\n|turn|4\n|\n|t:|1700264815\n|move|p1a: Kingambit|Sucker Punch|p2a: Iron Bundle\n|-damage|p2a: Iron Bundle|17\/100\n|move|p2a: Iron Bundle|Hydro Pump|p1a: Kingambit\n|-damage|p1a: Kingambit|0 fnt\n|faint|p1a: Kingambit\n|move|p2b: Arcanine|Will-O-Wisp|p1b: Iron Hands\n|-status|p1b: Iron Hands|brn\n|move|p1b: Iron Hands|Drain Punch|p2b: Arcanine\n|-supereffective|p2b: Arcanine\n|-damage|p2b: Arcanine|34\/100\n|-heal|p1b: Iron Hands|67\/100 brn|[from] drain|[of] p2b: Arcanine\n|-enditem|p2b: Arcanine|Sitrus Berry|[eat]\n|-heal|p2b: Arcanine|59\/100|[from] item: Sitrus Berry\n|\n|-damage|p1b: Iron Hands|61\/100 brn|[from] brn\n|upkeep\n|\n|t:|1700264818\n|switch|p1a: Tornadus|Tornadus, L50, M, shiny|43\/100\n|turn|5\n|\n|t:|1700264841\n|move|p1a: Tornadus|Tailwind|p1a: Tornadus\n|-sidestart|p1: ItsYaBoiGuz|move: Tailwind\n|move|p2a: Iron Bundle|Freeze-Dry|p1a: Tornadus\n|-supereffective|p1a: Tornadus\n|-damage|p1a: Tornadus|0 fnt\n|faint|p1a: Tornadus\n|move|p2b: Arcanine|Flare Blitz|p1b: Iron Hands\n|-damage|p1b: Iron Hands|32\/100 brn\n|-damage|p2b: Arcanine|48\/100|[from] Recoil\n|move|p1b: Iron Hands|Drain Punch|p2b: Arcanine\n|-supereffective|p2b: Arcanine\n|-damage|p2b: Arcanine|1\/100\n|-heal|p1b: Iron Hands|51\/100 brn|[from] drain|[of] p2b: Arcanine\n|\n|-damage|p1b: Iron Hands|45\/100 brn|[from] brn\n|upkeep\n|\n|t:|1700264846\n|switch|p1a: Flutter Mane|Flutter Mane, L50, shiny|100\/100\n|-enditem|p1a: Flutter Mane|Booster Energy\n|-activate|p1a: Flutter Mane|ability: Protosynthesis|[fromitem]\n|-start|p1a: Flutter Mane|protosynthesisspe\n|turn|6\n|\n|t:|1700264861\n|move|p2a: Iron Bundle|Protect|p2a: Iron Bundle\n|-singleturn|p2a: Iron Bundle|Protect\n|move|p1a: Flutter Mane|Icy Wind|p2a: Iron Bundle|[spread] p2b\n|-activate|p2a: Iron Bundle|move: Protect\n|-resisted|p2b: Arcanine\n|-damage|p2b: Arcanine|0 fnt\n|faint|p2b: Arcanine\n|move|p1b: Iron Hands|Drain Punch|p2a: Iron Bundle\n|-activate|p2a: Iron Bundle|move: Protect\n|\n|-damage|p1b: Iron Hands|39\/100 brn|[from] brn\n|upkeep\n|\n|t:|1700264870\n|switch|p2b: Tyranitar|Tyranitar, L50, M|100\/100\n|-weather|Sandstorm|[from] ability: Sand Stream|[of] p2b: Tyranitar\n|turn|7\n|inactive|gotica nalgona has 30 seconds left.\n|inactive|gotica nalgona has 20 seconds left.\n|\n|t:|1700264907\n|-terastallize|p2b: Tyranitar|Psychic\n|move|p1a: Flutter Mane|Protect|p1a: Flutter Mane\n|-singleturn|p1a: Flutter Mane|Protect\n|move|p2a: Iron Bundle|Protect||[still]\n|-fail|p2a: Iron Bundle\n|move|p1b: Iron Hands|Drain Punch|p2a: Iron Bundle\n|-supereffective|p2a: Iron Bundle\n|-damage|p2a: Iron Bundle|0 fnt\n|-heal|p1b: Iron Hands|43\/100 brn|[from] drain|[of] p2a: Iron Bundle\n|faint|p2a: Iron Bundle\n|-end|p2a: Iron Bundle|Quark Drive|[silent]\n|move|p2b: Tyranitar|Rock Slide|p1a: Flutter Mane|[spread] p1b\n|-activate|p1a: Flutter Mane|move: Protect\n|-resisted|p1b: Iron Hands\n|-damage|p1b: Iron Hands|32\/100 brn\n|\n|-weather|Sandstorm|[upkeep]\n|-damage|p1a: Flutter Mane|94\/100|[from] Sandstorm\n|-damage|p1b: Iron Hands|26\/100 brn|[from] Sandstorm\n|-damage|p2b: Tyranitar|94\/100|[from] Sandstorm\n|-damage|p1b: Iron Hands|20\/100 brn|[from] brn\n|upkeep\n|turn|8\n|\n|t:|1700264922\n|move|p1a: Flutter Mane|Shadow Ball|p2b: Tyranitar\n|-supereffective|p2b: Tyranitar\n|-damage|p2b: Tyranitar|35\/100\n|-unboost|p2b: Tyranitar|spd|1\n|move|p1b: Iron Hands|Wild Charge|p2b: Tyranitar\n|-damage|p2b: Tyranitar|11\/100\n|-damage|p1b: Iron Hands|15\/100 brn|[from] Recoil\n|move|p2b: Tyranitar|Rock Slide|p1a: Flutter Mane|[spread] p1a,p1b\n|-resisted|p1b: Iron Hands\n|-damage|p1a: Flutter Mane|40\/100\n|-damage|p1b: Iron Hands|4\/100 brn\n|\n|-weather|Sandstorm|[upkeep]\n|-damage|p1a: Flutter Mane|34\/100|[from] Sandstorm\n|-damage|p1b: Iron Hands|0 fnt|[from] Sandstorm\n|-damage|p2b: Tyranitar|4\/100|[from] Sandstorm\n|faint|p1b: Iron Hands\n|-end|p1b: Iron Hands|Quark Drive|[silent]\n|-sideend|p1: ItsYaBoiGuz|move: Tailwind\n|upkeep\n|turn|9\n|\n|t:|1700264929\n|move|p1a: Flutter Mane|Shadow Ball|p2b: Tyranitar\n|-supereffective|p2b: Tyranitar\n|-damage|p2b: Tyranitar|0 fnt\n|faint|p2b: Tyranitar\n|\n|win|ItsYaBoiGuz\n|l| tempo di anguria\n|l| vinithewini\n|l| Great Distance\n|l| bbryann\n|l| Sablolol\n|l|\u2606ItsYaBoiGuz\n|j|\u2606ItsYaBoiGuz\n|player|p1|ItsYaBoiGuz|ingo\n","uploadtime":1700264957,"views":17,"p1id":"itsyaboiguz","p2id":"goticanalgona","formatid":"gen9vgc2023regulatione","rating":0,"private":0,"password":""}