{"id":"gen9vgc2023regulatione-1993798575","p1":"tyl8","p2":"tomate palta","format":"[Gen 9] VGC 2023 Regulation E","log":"|j|\u2606tyl8\n|j|\u2606tomate palta\n|t:|1700358594\n|gametype|doubles\n|player|p1|tyl8|dawn|1180\n|player|p2|tomate palta|cheren-gen5bw2|1148\n|teamsize|p1|6\n|teamsize|p2|6\n|gen|9\n|tier|[Gen 9] VGC 2023 Regulation E\n|rated|\n|rule|Species Clause: Limit one of each Pok\u00e9mon\n|rule|Item Clause: Limit one of each item\n|clearpoke\n|poke|p1|Spectrier, L50|\n|poke|p1|Grimmsnarl, L50, M|\n|poke|p1|Roaring Moon, L50|\n|poke|p1|Ogerpon-Wellspring, L50, F|\n|poke|p1|Heatran, L50, M|\n|poke|p1|Landorus-Therian, L50, M|\n|poke|p2|Zapdos, L50|\n|poke|p2|Arcanine-Hisui, L50, M|\n|poke|p2|Vaporeon, L50, F|\n|poke|p2|Wo-Chien, L50|\n|poke|p2|Iron Hands, L50|\n|poke|p2|Great Tusk, L50|\n|teampreview|4\n|inactive|Battle timer is ON: inactive players will automatically lose when time's up. (requested by tyl8)\n|inactive|tomate palta also wants the timer to be on.\n|j| DarkRinoRex\n|inactive|tyl8 has 60 seconds left.\n|inactive|tomate palta has 60 seconds left.\n|\n|t:|1700358653\n|start\n|switch|p1a: Spectrier|Spectrier, L50|100\/100\n|switch|p1b: Grimmsnarl|Grimmsnarl, L50, M, shiny|100\/100\n|switch|p2a: Arcanine|Arcanine-Hisui, L50, M, shiny|100\/100\n|switch|p2b: Iron Hands|Iron Hands, L50|100\/100\n|-ability|p2a: Arcanine|Intimidate|boost\n|-unboost|p1a: Spectrier|atk|1\n|-unboost|p1b: Grimmsnarl|atk|1\n|turn|1\n|\n|t:|1700358672\n|move|p2b: Iron Hands|Fake Out|p1b: Grimmsnarl\n|-damage|p1b: Grimmsnarl|86\/100\n|cant|p1b: Grimmsnarl|flinch\n|move|p1a: Spectrier|Nasty Plot|p1a: Spectrier\n|-boost|p1a: Spectrier|spa|2\n|move|p2a: Arcanine|Head Smash|p1a: Spectrier\n|-damage|p1a: Spectrier|0 fnt\n|faint|p1a: Spectrier\n|-damage|p2a: Arcanine|47\/100|[from] Recoil\n|\n|upkeep\n|\n|t:|1700358685\n|switch|p1a: Landorus|Landorus-Therian, L50, M|100\/100\n|-ability|p1a: Landorus|Intimidate|boost\n|-unboost|p2a: Arcanine|atk|1\n|-unboost|p2b: Iron Hands|atk|1\n|turn|2\n|\n|t:|1700358705\n|switch|p2a: Wo-Chien|Wo-Chien, L50|100\/100\n|-ability|p2a: Wo-Chien|Tablets of Ruin\n|move|p1b: Grimmsnarl|Reflect|p1b: Grimmsnarl\n|-sidestart|p1: tyl8|Reflect\n|move|p1a: Landorus|Stomping Tantrum|p2a: Wo-Chien\n|-resisted|p2a: Wo-Chien\n|-damage|p2a: Wo-Chien|89\/100\n|move|p2b: Iron Hands|Heavy Slam|p1b: Grimmsnarl\n|-supereffective|p1b: Grimmsnarl\n|-damage|p1b: Grimmsnarl|55\/100\n|\n|-heal|p2a: Wo-Chien|95\/100|[from] item: Leftovers\n|upkeep\n|turn|3\n|inactive|tyl8 has 30 seconds left.\n|\n|t:|1700358731\n|switch|p1a: Ogerpon|Ogerpon-Wellspring, L50, F|100\/100\n|-end|p2b: Iron Hands|Quark Drive|[silent]\n|switch|p2b: Arcanine|Arcanine-Hisui, L50, M, shiny|47\/100\n|-ability|p2b: Arcanine|Intimidate|boost\n|-unboost|p1a: Ogerpon|atk|1\n|-unboost|p1b: Grimmsnarl|atk|1\n|move|p1b: Grimmsnarl|Light Screen|p1b: Grimmsnarl\n|-sidestart|p1: tyl8|move: Light Screen\n|move|p2a: Wo-Chien|Leech Seed|p1a: Ogerpon\n|-immune|p1a: Ogerpon\n|\n|-heal|p2a: Wo-Chien|100\/100|[from] item: Leftovers\n|upkeep\n|turn|4\n|inactive|tyl8 has 30 seconds left.\n|inactive|tyl8 has 20 seconds left.\n|inactive|tyl8 has 15 seconds left.\n|\n|t:|1700358771\n|switch|p2b: Iron Hands|Iron Hands, L50|100\/100\n|switch|p1b: Landorus|Landorus-Therian, L50, M|100\/100\n|-ability|p1b: Landorus|Intimidate|boost\n|-unboost|p2a: Wo-Chien|atk|1\n|-unboost|p2b: Iron Hands|atk|1\n|move|p1a: Ogerpon|Ivy Cudgel|p2b: Iron Hands|[anim] Ivy Cudgel Water\n|-damage|p2b: Iron Hands|81\/100\n|move|p2a: Wo-Chien|Pollen Puff|p1a: Ogerpon\n|-supereffective|p1a: Ogerpon\n|-damage|p1a: Ogerpon|75\/100\n|\n|upkeep\n|turn|5\n|\n|t:|1700358790\n|switch|p1a: Grimmsnarl|Grimmsnarl, L50, M, shiny|55\/100\n|move|p2b: Iron Hands|Fake Out|p1b: Landorus\n|-damage|p1b: Landorus|95\/100\n|cant|p1b: Landorus|flinch\n|move|p2a: Wo-Chien|Leech Seed|p1b: Landorus\n|-start|p1b: Landorus|move: Leech Seed\n|\n|-damage|p1b: Landorus|83\/100|[from] Leech Seed|[of] p2a: Wo-Chien\n|upkeep\n|turn|6\n|\n|t:|1700358808\n|-end|p2b: Iron Hands|Quark Drive|[silent]\n|switch|p2b: Vaporeon|Vaporeon, L50, F|100\/100\n|move|p1b: Landorus|U-turn|p2a: Wo-Chien\n|-supereffective|p2a: Wo-Chien\n|-damage|p2a: Wo-Chien|40\/100\n|\n|t:|1700358814\n|switch|p1b: Ogerpon|Ogerpon-Wellspring, L50, F|75\/100|[from] U-turn\n|move|p2a: Wo-Chien|Pollen Puff|p1a: Grimmsnarl\n|-damage|p1a: Grimmsnarl|44\/100\n|move|p1a: Grimmsnarl|Spirit Break|p2b: Vaporeon\n|-damage|p2b: Vaporeon|81\/100\n|-unboost|p2b: Vaporeon|spa|1\n|\n|-heal|p2a: Wo-Chien|46\/100|[from] item: Leftovers\n|upkeep\n|turn|7\n|\n|t:|1700358832\n|move|p2a: Wo-Chien|Protect|p2a: Wo-Chien\n|-singleturn|p2a: Wo-Chien|Protect\n|move|p1b: Ogerpon|Wood Hammer|p2b: Vaporeon\n|-supereffective|p2b: Vaporeon\n|-damage|p2b: Vaporeon|2\/100\n|-enditem|p2b: Vaporeon|Aguav Berry|[eat]\n|-heal|p2b: Vaporeon|35\/100|[from] item: Aguav Berry\n|-damage|p1b: Ogerpon|40\/100|[from] Recoil\n|move|p2b: Vaporeon|Icy Wind|p1b: Ogerpon|[spread] p1a,p1b\n|-damage|p1a: Grimmsnarl|40\/100\n|-damage|p1b: Ogerpon|36\/100\n|-unboost|p1a: Grimmsnarl|spe|1\n|-unboost|p1b: Ogerpon|spe|1\n|move|p1a: Grimmsnarl|Spirit Break|p2a: Wo-Chien\n|-activate|p2a: Wo-Chien|move: Protect\n|\n|-heal|p2a: Wo-Chien|53\/100|[from] item: Leftovers\n|upkeep\n|turn|8\n|inactive|tomate palta has 30 seconds left.\n|\n|t:|1700358863\n|switch|p2b: Arcanine|Arcanine-Hisui, L50, M, shiny|47\/100\n|-ability|p2b: Arcanine|Intimidate|boost\n|-unboost|p1a: Grimmsnarl|atk|1\n|-unboost|p1b: Ogerpon|atk|1\n|move|p1b: Ogerpon|Wood Hammer|p2b: Arcanine\n|-damage|p2b: Arcanine|6\/100\n|-damage|p1b: Ogerpon|23\/100|[from] Recoil\n|move|p2a: Wo-Chien|Leech Seed|p1a: Grimmsnarl\n|-start|p1a: Grimmsnarl|move: Leech Seed\n|move|p1a: Grimmsnarl|Spirit Break|p2a: Wo-Chien\n|-supereffective|p2a: Wo-Chien\n|-damage|p2a: Wo-Chien|31\/100\n|-unboost|p2a: Wo-Chien|spa|1\n|\n|-heal|p2a: Wo-Chien|37\/100|[from] item: Leftovers\n|-damage|p1a: Grimmsnarl|28\/100|[from] Leech Seed|[of] p2a: Wo-Chien\n|-heal|p2a: Wo-Chien|49\/100|[silent]\n|upkeep\n|turn|9\n|\n|t:|1700358882\n|switch|p1a: Landorus|Landorus-Therian, L50, M|83\/100\n|-ability|p1a: Landorus|Intimidate|boost\n|-unboost|p2a: Wo-Chien|atk|1\n|-unboost|p2b: Arcanine|atk|1\n|move|p1b: Ogerpon|Spiky Shield|p1b: Ogerpon\n|-singleturn|p1b: Ogerpon|move: Protect\n|move|p2a: Wo-Chien|Protect|p2a: Wo-Chien\n|-singleturn|p2a: Wo-Chien|Protect\n|move|p2b: Arcanine|Extreme Speed|p1b: Ogerpon\n|-activate|p1b: Ogerpon|move: Protect\n|-damage|p2b: Arcanine|0 fnt|[from] Spiky Shield|[of] p1b: Ogerpon\n|faint|p2b: Arcanine\n|\n|-heal|p2a: Wo-Chien|55\/100|[from] item: Leftovers\n|-sideend|p1: tyl8|Reflect\n|upkeep\n|\n|t:|1700358897\n|switch|p2b: Iron Hands|Iron Hands, L50|81\/100\n|turn|10\n|\n|t:|1700358914\n|move|p2b: Iron Hands|Fake Out|p1b: Ogerpon\n|-damage|p1b: Ogerpon|11\/100\n|move|p1a: Landorus|U-turn|p2a: Wo-Chien\n|-supereffective|p2a: Wo-Chien\n|-damage|p2a: Wo-Chien|0 fnt\n|faint|p2a: Wo-Chien\n|\n|t:|1700358918\n|switch|p1a: Grimmsnarl|Grimmsnarl, L50, M, shiny|28\/100|[from] U-turn\n|cant|p1b: Ogerpon|flinch\n|\n|-sideend|p1: tyl8|move: Light Screen\n|upkeep\n|\n|t:|1700358924\n|switch|p2a: Vaporeon|Vaporeon, L50, F|35\/100\n|turn|11\n|\n|t:|1700358938\n|move|p1a: Grimmsnarl|Reflect|p1a: Grimmsnarl\n|-sidestart|p1: tyl8|Reflect\n|move|p1b: Ogerpon|Wood Hammer|p2a: Vaporeon\n|-supereffective|p2a: Vaporeon\n|-damage|p2a: Vaporeon|0 fnt\n|faint|p2a: Vaporeon\n|-damage|p1b: Ogerpon|0 fnt|[from] Recoil\n|faint|p1b: Ogerpon\n|move|p2b: Iron Hands|Heavy Slam|p1a: Grimmsnarl\n|-supereffective|p1a: Grimmsnarl\n|-damage|p1a: Grimmsnarl|0 fnt\n|faint|p1a: Grimmsnarl\n|\n|upkeep\n|\n|t:|1700358949\n|switch|p1a: Landorus|Landorus-Therian, L50, M|83\/100\n|-ability|p1a: Landorus|Intimidate|boost\n|-unboost|p2b: Iron Hands|atk|1\n|turn|12\n|c|\u2606tyl8|Gg\n|\n|t:|1700358962\n|-terastallize|p1a: Landorus|Ground\n|-terastallize|p2b: Iron Hands|Fighting\n|move|p1a: Landorus|Tera Blast|p2b: Iron Hands|[anim] Tera Blast Ground\n|-damage|p2b: Iron Hands|31\/100\n|move|p2b: Iron Hands|Drain Punch|p1a: Landorus\n|-damage|p1a: Landorus|56\/100\n|-heal|p2b: Iron Hands|40\/100|[from] drain|[of] p1a: Landorus\n|\n|upkeep\n|turn|13\n|c|\u2606tomate palta|wp dude\n|\n|t:|1700358976\n|move|p1a: Landorus|Tera Blast|p2b: Iron Hands|[anim] Tera Blast Ground\n|-damage|p2b: Iron Hands|0 fnt\n|faint|p2b: Iron Hands\n|-end|p2b: Iron Hands|Quark Drive|[silent]\n|\n|win|tyl8\n|raw|tyl8's rating: 1180 &rarr; <strong>1203<\/strong><br \/>(+23 for winning)\n|raw|tomate palta's rating: 1148 &rarr; <strong>1125<\/strong><br \/>(-23 for losing)\n|c|\u2606tyl8|Ty\n|c|\u2606tyl8|I forgot to change my tera types\n|l|\u2606tomate palta\n","uploadtime":1700358991,"views":8,"p1id":"tyl8","p2id":"tomatepalta","formatid":"gen9vgc2023regulatione","rating":1125,"private":0,"password":""}