{"id":"gen9vgc2023regulatione-1999937729","p1":"adggage","p2":"randomacctest","format":"[Gen 9] VGC 2023 Regulation E","log":"|j|\u2606adggage\n|j|\u2606randomacctest\n|t:|1701132212\n|gametype|doubles\n|player|p1|adggage|169|1248\n|player|p2|randomacctest|169|1305\n|teamsize|p1|6\n|teamsize|p2|6\n|gen|9\n|tier|[Gen 9] VGC 2023 Regulation E\n|rated|\n|rule|Species Clause: Limit one of each Pok\u00e9mon\n|rule|Item Clause: Limit one of each item\n|clearpoke\n|poke|p1|Scizor, L50, F|\n|poke|p1|Ninetales-Alola, L50, F|\n|poke|p1|Ursaluna-Bloodmoon, L50, M|\n|poke|p1|Shiftry, L50, F|\n|poke|p1|Iron Valiant, L50|\n|poke|p1|Chien-Pao, L50|\n|poke|p2|Roaring Moon, L50|\n|poke|p2|Gothitelle, L50, F|\n|poke|p2|Weezing, L50, M|\n|poke|p2|Flutter Mane, L50|\n|poke|p2|Kingambit, L50, F|\n|poke|p2|Arcanine-Hisui, L50, M|\n|teampreview|4\n|\n|t:|1701132261\n|start\n|switch|p1a: Iron Valiant|Iron Valiant, L50|100\/100\n|switch|p1b: Scizor|Scizor, L50, F|100\/100\n|switch|p2a: Weezing|Weezing, L50, M, shiny|100\/100\n|switch|p2b: Roaring Moon|Roaring Moon, L50, shiny|100\/100\n|-ability|p2a: Weezing|Neutralizing Gas\n|-enditem|p2b: Roaring Moon|Booster Energy\n|-activate|p2b: Roaring Moon|ability: Protosynthesis|[fromitem]\n|-start|p2b: Roaring Moon|protosynthesisspe\n|-enditem|p1a: Iron Valiant|Booster Energy\n|-activate|p1a: Iron Valiant|ability: Quark Drive|[fromitem]\n|-start|p1a: Iron Valiant|quarkdrivespe\n|turn|1\n|\n|t:|1701132315\n|-terastallize|p1b: Scizor|Flying\n|move|p2b: Roaring Moon|Protect|p2b: Roaring Moon\n|-singleturn|p2b: Roaring Moon|Protect\n|move|p1a: Iron Valiant|Dazzling Gleam|p2b: Roaring Moon|[spread] p2a\n|-activate|p2b: Roaring Moon|move: Protect\n|-resisted|p2a: Weezing\n|-damage|p2a: Weezing|82\/100\n|move|p1b: Scizor|Dual Wingbeat|p2a: Weezing|[miss]\n|-miss|p1b: Scizor|p2a: Weezing\n|move|p2a: Weezing|Will-O-Wisp|p1b: Scizor|[miss]\n|-miss|p2a: Weezing|p1b: Scizor\n|\n|-heal|p2a: Weezing|88\/100|[from] item: Leftovers\n|upkeep\n|turn|2\n|\n|t:|1701132349\n|-end|p2a: Weezing|ability: Neutralizing Gas\n|switch|p2a: Arcanine|Arcanine-Hisui, L50, M, shiny|100\/100\n|-ability|p2a: Arcanine|Intimidate|boost\n|-unboost|p1a: Iron Valiant|atk|1\n|-unboost|p1b: Scizor|atk|1\n|-terastallize|p2b: Roaring Moon|Flying\n|move|p1b: Scizor|Bullet Punch|p2b: Roaring Moon\n|-damage|p2b: Roaring Moon|68\/100\n|move|p2b: Roaring Moon|Tailwind|p2b: Roaring Moon\n|-sidestart|p2: randomacctest|move: Tailwind\n|move|p1a: Iron Valiant|Aura Sphere|p2b: Roaring Moon\n|-resisted|p2b: Roaring Moon\n|-damage|p2b: Roaring Moon|50\/100\n|\n|upkeep\n|turn|3\n|\n|t:|1701132375\n|switch|p1b: Ursaluna|Ursaluna-Bloodmoon, L50, M|100\/100\n|move|p1a: Iron Valiant|Wide Guard|p1a: Iron Valiant\n|-singleturn|p1a: Iron Valiant|Wide Guard\n|move|p2b: Roaring Moon|Acrobatics|p1a: Iron Valiant\n|-supereffective|p1a: Iron Valiant\n|-damage|p1a: Iron Valiant|0 fnt\n|faint|p1a: Iron Valiant\n|-end|p1a: Iron Valiant|Quark Drive|[silent]\n|move|p2a: Arcanine|Rock Slide|p1b: Ursaluna\n|-activate|p1b: Ursaluna|move: Wide Guard\n|\n|upkeep\n|\n|t:|1701132388\n|switch|p1a: Ninetales|Ninetales-Alola, L50, F|100\/100\n|-weather|Snow|[from] ability: Snow Warning|[of] p1a: Ninetales\n|turn|4\n|\n|t:|1701132415\n|move|p1a: Ninetales|Protect|p1a: Ninetales\n|-singleturn|p1a: Ninetales|Protect\n|move|p2b: Roaring Moon|Knock Off|p1a: Ninetales\n|-activate|p1a: Ninetales|move: Protect\n|move|p2a: Arcanine|Rock Slide|p1a: Ninetales|[spread] p1b\n|-activate|p1a: Ninetales|move: Protect\n|-resisted|p1b: Ursaluna\n|-damage|p1b: Ursaluna|86\/100\n|move|p1b: Ursaluna|Hyper Voice|p2b: Roaring Moon|[spread] p2a,p2b\n|-resisted|p2a: Arcanine\n|-damage|p2a: Arcanine|78\/100\n|-damage|p2b: Roaring Moon|11\/100\n|-enditem|p1b: Ursaluna|Throat Spray\n|-boost|p1b: Ursaluna|spa|1|[from] item: Throat Spray\n|\n|-weather|Snow|[upkeep]\n|upkeep\n|turn|5\n|\n|t:|1701132437\n|move|p2b: Roaring Moon|Knock Off|p1a: Ninetales\n|-resisted|p1a: Ninetales\n|-damage|p1a: Ninetales|79\/100\n|-enditem|p1a: Ninetales|Light Clay|[from] move: Knock Off|[of] p2b: Roaring Moon\n|move|p2a: Arcanine|Rock Slide|p1b: Ursaluna|[spread] p1a,p1b\n|-supereffective|p1a: Ninetales\n|-resisted|p1b: Ursaluna\n|-damage|p1a: Ninetales|19\/100\n|-damage|p1b: Ursaluna|73\/100\n|cant|p1a: Ninetales|flinch\n|move|p1b: Ursaluna|Blood Moon|p2a: Arcanine\n|-resisted|p2a: Arcanine\n|-damage|p2a: Arcanine|12\/100\n|\n|-weather|Snow|[upkeep]\n|-sideend|p2: randomacctest|move: Tailwind\n|upkeep\n|turn|6\n|\n|t:|1701132456\n|move|p1a: Ninetales|Protect|p1a: Ninetales\n|-singleturn|p1a: Ninetales|Protect\n|move|p1b: Ursaluna|Vacuum Wave|p2a: Arcanine\n|-supereffective|p2a: Arcanine\n|-damage|p2a: Arcanine|0 fnt\n|faint|p2a: Arcanine\n|move|p2b: Roaring Moon|Tailwind|p2b: Roaring Moon\n|-sidestart|p2: randomacctest|move: Tailwind\n|\n|-weather|Snow|[upkeep]\n|upkeep\n|\n|t:|1701132466\n|switch|p2a: Flutter Mane|Flutter Mane, L50, shiny|100\/100\n|turn|7\n|\n|t:|1701132494\n|move|p1a: Ninetales|Protect|p1a: Ninetales\n|-singleturn|p1a: Ninetales|Protect\n|move|p2b: Roaring Moon|Acrobatics|p1b: Ursaluna\n|-damage|p1b: Ursaluna|31\/100\n|move|p2a: Flutter Mane|Dazzling Gleam|p1a: Ninetales|[spread] p1b\n|-activate|p1a: Ninetales|move: Protect\n|-damage|p1b: Ursaluna|0 fnt\n|faint|p1b: Ursaluna\n|\n|-weather|Snow|[upkeep]\n|upkeep\n|\n|t:|1701132507\n|switch|p1b: Scizor|Scizor, L50, F, tera:Flying|100\/100\n|turn|8\n|\n|t:|1701132524\n|-end|p2a: Flutter Mane|Protosynthesis|[silent]\n|switch|p2a: Weezing|Weezing, L50, M, shiny|88\/100\n|-ability|p2a: Weezing|Neutralizing Gas\n|move|p1b: Scizor|Bullet Punch|p2a: Weezing\n|-damage|p2a: Weezing|70\/100\n|move|p2b: Roaring Moon|Acrobatics|p1a: Ninetales\n|-damage|p1a: Ninetales|0 fnt\n|faint|p1a: Ninetales\n|\n|-weather|none\n|-heal|p2a: Weezing|76\/100|[from] item: Leftovers\n|upkeep\n|turn|9\n|\n|t:|1701132540\n|move|p2b: Roaring Moon|Protect|p2b: Roaring Moon\n|-singleturn|p2b: Roaring Moon|Protect\n|move|p1b: Scizor|Bullet Punch|p2b: Roaring Moon\n|-activate|p2b: Roaring Moon|move: Protect\n|move|p2a: Weezing|Will-O-Wisp|p1b: Scizor|[miss]\n|-miss|p2a: Weezing|p1b: Scizor\n|\n|-heal|p2a: Weezing|82\/100|[from] item: Leftovers\n|-sideend|p2: randomacctest|move: Tailwind\n|upkeep\n|turn|10\n|\n|t:|1701132556\n|move|p1b: Scizor|Bullet Punch|p2b: Roaring Moon\n|-damage|p2b: Roaring Moon|0 fnt\n|faint|p2b: Roaring Moon\n|-end|p2b: Roaring Moon|Protosynthesis|[silent]\n|move|p2a: Weezing|Will-O-Wisp|p1b: Scizor\n|-status|p1b: Scizor|brn\n|\n|-heal|p2a: Weezing|88\/100|[from] item: Leftovers\n|-damage|p1b: Scizor|95\/100 brn|[from] brn\n|upkeep\n|\n|t:|1701132567\n|switch|p2b: Flutter Mane|Flutter Mane, L50, shiny|100\/100\n|turn|11\n|\n|t:|1701132576\n|move|p1b: Scizor|Bullet Punch|p2b: Flutter Mane\n|-supereffective|p2b: Flutter Mane\n|-damage|p2b: Flutter Mane|55\/100\n|move|p2b: Flutter Mane|Thunderbolt|p1b: Scizor\n|-supereffective|p1b: Scizor\n|-damage|p1b: Scizor|0 fnt\n|faint|p1b: Scizor\n|\n|win|randomacctest\n|raw|adggage's rating: 1248 &rarr; <strong>1227<\/strong><br \/>(-21 for losing)\n|raw|randomacctest's rating: 1305 &rarr; <strong>1322<\/strong><br \/>(+17 for winning)\n|l|\u2606adggage\n","uploadtime":1701132601,"views":5,"p1id":"adggage","p2id":"randomacctest","formatid":"gen9vgc2023regulatione","rating":1227,"private":0,"password":""}