{"id":"gen9vgc2023regulatione-1988449783","p1":"BlindMagneton","p2":"KingV1337","format":"[Gen 9] VGC 2023 Regulation E","log":"|j|\u2606BlindMagneton\n|j|\u2606KingV1337\n|t:|1699724190\n|gametype|doubles\n|player|p1|BlindMagneton|wattson|1342\n|player|p2|KingV1337|cynthia|1393\n|teamsize|p1|6\n|teamsize|p2|6\n|gen|9\n|tier|[Gen 9] VGC 2023 Regulation E\n|rated|\n|rule|Species Clause: Limit one of each Pok\u00e9mon\n|rule|Item Clause: Limit one of each item\n|clearpoke\n|poke|p1|Zoroark-Hisui, L50, F|\n|poke|p1|Grimmsnarl, L50, M|\n|poke|p1|Magnezone, L50|\n|poke|p1|Sinistcha, L50|\n|poke|p1|Farigiraf, L50, M|\n|poke|p1|Pelipper, L50, F|\n|poke|p2|Flutter Mane, L50|\n|poke|p2|Rotom-Wash, L50|\n|poke|p2|Amoonguss, L50, F|\n|poke|p2|Landorus-Therian, L50, M|\n|poke|p2|Ogerpon-Hearthflame, L50, F|\n|poke|p2|Kingambit, L50, M|\n|teampreview|4\n|inactive|Battle timer is ON: inactive players will automatically lose when time's up. (requested by KingV1337)\n|inactive|BlindMagneton has 60 seconds left.\n|\n|t:|1699724236\n|start\n|switch|p1a: Grimmsnarl|Grimmsnarl, L50, M|100\/100\n|switch|p1b: Sinistcha|Sinistcha, L50|100\/100\n|switch|p2a: Kingambit|Kingambit, L50, M|100\/100\n|switch|p2b: Landorus|Landorus-Therian, L50, M, shiny|100\/100\n|-ability|p2b: Landorus|Intimidate|boost\n|-unboost|p1a: Grimmsnarl|atk|1\n|-unboost|p1b: Sinistcha|atk|1\n|turn|1\n|\n|t:|1699724252\n|move|p1a: Grimmsnarl|Fake Out|p2b: Landorus\n|-damage|p2b: Landorus|92\/100\n|cant|p2b: Landorus|flinch\n|move|p1b: Sinistcha|Trick|p2a: Kingambit\n|-activate|p1b: Sinistcha|move: Trick|[of] p2a: Kingambit\n|-item|p2a: Kingambit|Choice Specs|[from] move: Trick\n|-item|p1b: Sinistcha|Assault Vest|[from] move: Trick\n|move|p2a: Kingambit|Kowtow Cleave|p1b: Sinistcha\n|-supereffective|p1b: Sinistcha\n|-damage|p1b: Sinistcha|0 fnt\n|replace|p1b: Zoroark|Zoroark-Hisui, L50, F\n|-end|p1b: Zoroark|Illusion\n|faint|p1b: Zoroark\n|\n|upkeep\n|\n|t:|1699724271\n|switch|p1b: Magnezone|Magnezone, L50|100\/100\n|turn|2\n|\n|t:|1699724292\n|switch|p2a: Rotom|Rotom-Wash, L50|100\/100\n|move|p1a: Grimmsnarl|Parting Shot|p2b: Landorus\n|-unboost|p2b: Landorus|atk|1\n|-unboost|p2b: Landorus|spa|1\n|\n|t:|1699724296\n|switch|p1a: Sinistcha|Sinistcha, L50|100\/100|[from] Parting Shot\n|move|p2b: Landorus|U-turn|p1a: Sinistcha\n|-damage|p1a: Sinistcha|85\/100\n|-damage|p2b: Landorus|76\/100|[from] item: Rocky Helmet|[of] p1a: Sinistcha\n|\n|t:|1699724302\n|switch|p2b: Kingambit|Kingambit, L50, M|100\/100|[from] U-turn\n|move|p1b: Magnezone|Iron Defense|p1b: Magnezone\n|-boost|p1b: Magnezone|def|2\n|\n|upkeep\n|turn|3\n|inactive|BlindMagneton has 30 seconds left.\n|inactive|BlindMagneton has 20 seconds left.\n|inactive|BlindMagneton has 15 seconds left.\n|inactive|BlindMagneton has 10 seconds left.\n|\n|t:|1699724352\n|switch|p1a: Grimmsnarl|Grimmsnarl, L50, M|100\/100\n|move|p2b: Kingambit|Sucker Punch||[still]\n|-fail|p2b: Kingambit\n|move|p2a: Rotom|Volt Switch|p1b: Magnezone\n|-resisted|p1b: Magnezone\n|-damage|p1b: Magnezone|87\/100\n|\n|t:|1699724359\n|switch|p2a: Landorus|Landorus-Therian, L50, M, shiny|76\/100|[from] Volt Switch\n|-ability|p2a: Landorus|Intimidate|boost\n|-unboost|p1a: Grimmsnarl|atk|1\n|-unboost|p1b: Magnezone|atk|1\n|move|p1b: Magnezone|Iron Defense|p1b: Magnezone\n|-boost|p1b: Magnezone|def|2\n|\n|-heal|p1b: Magnezone|93\/100|[from] item: Leftovers\n|upkeep\n|turn|4\n|\n|t:|1699724370\n|switch|p2b: Ogerpon|Ogerpon-Hearthflame, L50, F|100\/100\n|-ability|p2b: Ogerpon|Mold Breaker\n|move|p1a: Grimmsnarl|Fake Out|p2a: Landorus\n|-damage|p2a: Landorus|66\/100\n|cant|p2a: Landorus|flinch\n|move|p1b: Magnezone|Iron Defense|p1b: Magnezone\n|-boost|p1b: Magnezone|def|2\n|\n|-heal|p1b: Magnezone|99\/100|[from] item: Leftovers\n|upkeep\n|turn|5\n|\n|t:|1699724392\n|-terastallize|p2b: Ogerpon|Fire\n|detailschange|p2b: Ogerpon|Ogerpon-Hearthflame-Tera, L50, F, tera:Fire\n|-ability|p2b: Ogerpon|Embody Aspect (Hearthflame)|boost\n|-boost|p2b: Ogerpon|atk|1\n|-terastallize|p1b: Magnezone|Dragon\n|move|p1a: Grimmsnarl|Thunder Wave|p2b: Ogerpon\n|-status|p2b: Ogerpon|par\n|move|p2a: Landorus|Stomping Tantrum|p1b: Magnezone\n|-damage|p1b: Magnezone|85\/100\n|move|p2b: Ogerpon|Ivy Cudgel|p1b: Magnezone\n|-resisted|p1b: Magnezone\n|-damage|p1b: Magnezone|73\/100\n|move|p1b: Magnezone|Body Press|p2a: Landorus\n|-resisted|p2a: Landorus\n|-damage|p2a: Landorus|0 fnt\n|faint|p2a: Landorus\n|\n|-heal|p1b: Magnezone|80\/100|[from] item: Leftovers\n|upkeep\n|\n|t:|1699724405\n|switch|p2a: Kingambit|Kingambit, L50, M|100\/100\n|turn|6\n|\n|t:|1699724419\n|move|p1a: Grimmsnarl|Parting Shot|p2b: Ogerpon\n|-unboost|p2b: Ogerpon|atk|1\n|-unboost|p2b: Ogerpon|spa|1\n|\n|t:|1699724422\n|switch|p1a: Sinistcha|Sinistcha, L50|85\/100|[from] Parting Shot\n|-heal|p1b: Magnezone|100\/100|[from] ability: Hospitality|[of] p1a: Sinistcha\n|move|p2b: Ogerpon|Low Kick|p1b: Magnezone\n|-damage|p1b: Magnezone|93\/100\n|move|p1b: Magnezone|Body Press|p2a: Kingambit\n|-supereffective|p2a: Kingambit\n|-damage|p2a: Kingambit|0 fnt\n|faint|p2a: Kingambit\n|\n|-heal|p1b: Magnezone|99\/100|[from] item: Leftovers\n|upkeep\n|\n|t:|1699724425\n|switch|p2a: Rotom|Rotom-Wash, L50|100\/100\n|turn|7\n|\n|t:|1699724435\n|move|p1a: Sinistcha|Rage Powder|p1a: Sinistcha\n|-singleturn|p1a: Sinistcha|move: Rage Powder\n|move|p2a: Rotom|Will-O-Wisp|p1a: Sinistcha\n|-status|p1a: Sinistcha|brn\n|move|p2b: Ogerpon|Ivy Cudgel|p1a: Sinistcha\n|-supereffective|p1a: Sinistcha\n|-damage|p1a: Sinistcha|0 fnt\n|faint|p1a: Sinistcha\n|move|p1b: Magnezone|Body Press|p2a: Rotom\n|-damage|p2a: Rotom|0 fnt\n|faint|p2a: Rotom\n|\n|-heal|p1b: Magnezone|100\/100|[from] item: Leftovers\n|upkeep\n|\n|t:|1699724441\n|switch|p1a: Grimmsnarl|Grimmsnarl, L50, M|100\/100\n|turn|8\n|\n|t:|1699724445\n|move|p2b: Ogerpon|Spiky Shield|p2b: Ogerpon\n|-singleturn|p2b: Ogerpon|move: Protect\n|move|p1a: Grimmsnarl|Fake Out|p2b: Ogerpon\n|-activate|p2b: Ogerpon|move: Protect\n|-damage|p1a: Grimmsnarl|88\/100|[from] Spiky Shield|[of] p2b: Ogerpon\n|move|p1b: Magnezone|Body Press|p2b: Ogerpon\n|-activate|p2b: Ogerpon|move: Protect\n|-damage|p1b: Magnezone|88\/100|[from] Spiky Shield|[of] p2b: Ogerpon\n|\n|-heal|p1b: Magnezone|94\/100|[from] item: Leftovers\n|upkeep\n|turn|9\n|\n|t:|1699724456\n|move|p1a: Grimmsnarl|Parting Shot|p2b: Ogerpon\n|-unboost|p2b: Ogerpon|atk|1\n|-unboost|p2b: Ogerpon|spa|1\n|move|p2b: Ogerpon|Low Kick|p1b: Magnezone\n|-damage|p1b: Magnezone|90\/100\n|move|p1b: Magnezone|Body Press|p2b: Ogerpon\n|-damage|p2b: Ogerpon|0 fnt\n|faint|p2b: Ogerpon\n|\n|win|BlindMagneton\n|raw|BlindMagneton's rating: 1342 &rarr; <strong>1365<\/strong><br \/>(+23 for winning)\n|raw|KingV1337's rating: 1393 &rarr; <strong>1370<\/strong><br \/>(-23 for losing)\n|l|\u2606KingV1337\n","uploadtime":1699724463,"views":15,"p1id":"blindmagneton","p2id":"kingv1337","formatid":"gen9vgc2023regulatione","rating":1365,"private":0,"password":""}