{"id":"gen9vgc2023regulatione-1990843893","p1":"Valiant 3.0","p2":"MysticEm","format":"[Gen 9] VGC 2023 Regulation E","log":"|j|\u2606Valiant 3.0\n|j|\u2606MysticEm\n|n|\u2606Valiant 3.0|valiant30\n|n|\u2606MysticEm|mysticem\n|html|View the match progress at <a href=\"\/game-bestof3-gen9vgc2023regulatione-1990843892\">game-bestof3-gen9vgc2023regulatione-1990843892<\/a>\n|t:|1700006725\n|gametype|doubles\n|player|p1|Valiant 3.0|flannery|\n|player|p2|MysticEm|265|\n|teamsize|p1|6\n|teamsize|p2|6\n|gen|9\n|tier|[Gen 9] VGC 2023 Regulation E\n|rule|Species Clause: Limit one of each Pok\u00e9mon\n|rule|Item Clause: Limit one of each item\n|clearpoke\n|poke|p1|Politoed, L50, M|\n|poke|p1|Thundurus-Therian, L50, M|\n|poke|p1|Tinkaton, L50, F|\n|poke|p1|Chien-Pao, L50|\n|poke|p1|Gallade, L50, M|\n|poke|p1|Ogerpon, L50, F|\n|poke|p2|Annihilape, L50, F|\n|poke|p2|Lurantis, L50, F|\n|poke|p2|Regieleki, L50|\n|poke|p2|Espathra, L50, F|\n|poke|p2|Gastrodon-East, L50, F|\n|poke|p2|Magnezone, L50|\n|teampreview|4\n|inactive|Battle timer is ON: inactive players will automatically lose when time's up. (requested by Valiant 3.0)\n|c|\u2606Valiant 3.0|GLHF\n|inactive|Valiant 3.0 has 60 seconds left.\n|inactive|MysticEm has 60 seconds left.\n|c|\u2606MysticEm|you too\n|inactive|Valiant 3.0 has 30 seconds left.\n|inactive|Valiant 3.0 has 20 seconds left.\n|inactive|Valiant 3.0 has 15 seconds left.\n|c|\u2606Valiant 3.0|also timer on or off?\n|inactiveoff|Battle timer is now OFF.\n|c|\u2606MysticEm|i don't mind, your choice\n|c|\u2606Valiant 3.0|ok no timer is fine as long as we dont take too long\n|c|\u2606MysticEm|kk\n|\n|t:|1700006878\n|start\n|switch|p1a: Thundurus|Thundurus-Therian, L50, M|100\/100\n|switch|p1b: Politoed|Politoed, L50, M, shiny|100\/100\n|switch|p2a: Gastrodon|Gastrodon-East, L50, F|100\/100\n|switch|p2b: Magnezone|Magnezone, L50, shiny|100\/100\n|-weather|RainDance|[from] ability: Drizzle|[of] p1b: Politoed\n|turn|1\n|\n|t:|1700006935\n|move|p1b: Politoed|Protect|p1b: Politoed\n|-singleturn|p1b: Politoed|Protect\n|move|p2b: Magnezone|Flash Cannon|p1a: Thundurus\n|-resisted|p1a: Thundurus\n|-damage|p1a: Thundurus|78\/100\n|move|p1a: Thundurus|Grass Knot|p2a: Gastrodon\n|-supereffective|p2a: Gastrodon\n|-damage|p2a: Gastrodon|34\/100\n|move|p2a: Gastrodon|Stealth Rock|p1a: Thundurus\n|-sidestart|p1: Valiant 3.0|move: Stealth Rock\n|\n|-weather|RainDance|[upkeep]\n|upkeep\n|turn|2\n|\n|t:|1700006965\n|-terastallize|p1a: Thundurus|Water\n|move|p2a: Gastrodon|Protect|p2a: Gastrodon\n|-singleturn|p2a: Gastrodon|Protect\n|move|p2b: Magnezone|Flash Cannon|p1b: Politoed\n|-resisted|p1b: Politoed\n|-damage|p1b: Politoed|73\/100\n|-unboost|p1b: Politoed|spd|1\n|move|p1a: Thundurus|Wildbolt Storm|p2a: Gastrodon|[spread] p2b\n|-activate|p2a: Gastrodon|move: Protect\n|-resisted|p2b: Magnezone\n|-damage|p2b: Magnezone|71\/100\n|move|p1b: Politoed|Ice Beam|p2a: Gastrodon\n|-activate|p2a: Gastrodon|move: Protect\n|\n|-weather|RainDance|[upkeep]\n|upkeep\n|turn|3\n|\n|t:|1700006991\n|move|p2b: Magnezone|Flash Cannon|p1a: Thundurus\n|-resisted|p1a: Thundurus\n|-crit|p1a: Thundurus\n|-damage|p1a: Thundurus|47\/100\n|move|p1a: Thundurus|Wildbolt Storm|p2b: Magnezone|[spread] p2b\n|-immune|p2a: Gastrodon\n|-resisted|p2b: Magnezone\n|-damage|p2b: Magnezone|45\/100\n|move|p1b: Politoed|Ice Beam|p2a: Gastrodon\n|-damage|p2a: Gastrodon|18\/100\n|move|p2a: Gastrodon|Sludge Bomb|p1a: Thundurus\n|-damage|p1a: Thundurus|30\/100\n|-heal|p2a: Gastrodon|20\/100|[from] item: Shell Bell|[of] p1a: Thundurus\n|\n|-weather|RainDance|[upkeep]\n|upkeep\n|turn|4\n|\n|t:|1700007018\n|switch|p2b: Annihilape|Annihilape, L50, F|100\/100\n|move|p2a: Gastrodon|Protect|p2a: Gastrodon\n|-singleturn|p2a: Gastrodon|Protect\n|move|p1a: Thundurus|Grass Knot|p2a: Gastrodon\n|-activate|p2a: Gastrodon|move: Protect\n|move|p1b: Politoed|Muddy Water|p2a: Gastrodon|[spread] p2b\n|-activate|p2a: Gastrodon|move: Protect\n|-damage|p2b: Annihilape|75\/100\n|\n|-weather|RainDance|[upkeep]\n|-heal|p2b: Annihilape|81\/100|[from] item: Leftovers\n|upkeep\n|turn|5\n|\n|t:|1700007050\n|move|p1b: Politoed|Helping Hand|p1a: Thundurus\n|-singleturn|p1a: Thundurus|Helping Hand|[of] p1b: Politoed\n|move|p1a: Thundurus|Wildbolt Storm|p2a: Gastrodon|[spread] p2b\n|-immune|p2a: Gastrodon\n|-damage|p2b: Annihilape|37\/100\n|move|p2b: Annihilape|Drain Punch|p1a: Thundurus\n|-damage|p1a: Thundurus|0 fnt\n|-heal|p2b: Annihilape|50\/100|[from] drain|[of] p1a: Thundurus\n|faint|p1a: Thundurus\n|move|p2a: Gastrodon|Sludge Bomb|p1b: Politoed\n|-damage|p1b: Politoed|42\/100\n|-enditem|p1b: Politoed|Sitrus Berry|[eat]\n|-heal|p1b: Politoed|66\/100|[from] item: Sitrus Berry\n|-heal|p2a: Gastrodon|23\/100|[from] item: Shell Bell|[of] p1b: Politoed\n|\n|-weather|none\n|-heal|p2b: Annihilape|56\/100|[from] item: Leftovers\n|upkeep\n|\n|t:|1700007077\n|switch|p1a: Gallade|Gallade, L50, M, shiny|100\/100\n|-damage|p1a: Gallade|94\/100|[from] Stealth Rock\n|turn|6\n|\n|t:|1700007098\n|move|p2a: Gastrodon|Protect|p2a: Gastrodon\n|-singleturn|p2a: Gastrodon|Protect\n|move|p1a: Gallade|Psycho Cut|p2b: Annihilape\n|-supereffective|p2b: Annihilape\n|-damage|p2b: Annihilape|0 fnt\n|faint|p2b: Annihilape\n|move|p1b: Politoed|Ice Beam|p2a: Gastrodon\n|-activate|p2a: Gastrodon|move: Protect\n|\n|upkeep\n|\n|t:|1700007114\n|switch|p2b: Regieleki|Regieleki, L50, shiny|100\/100\n|turn|7\n|\n|t:|1700007139\n|switch|p1b: Ogerpon|Ogerpon, L50, F|100\/100\n|-damage|p1b: Ogerpon|88\/100|[from] Stealth Rock\n|move|p2b: Regieleki|Protect|p2b: Regieleki\n|-singleturn|p2b: Regieleki|Protect\n|move|p1a: Gallade|Psycho Cut|p2b: Regieleki\n|-activate|p2b: Regieleki|move: Protect\n|move|p2a: Gastrodon|Sludge Bomb|p1b: Ogerpon\n|-supereffective|p1b: Ogerpon\n|-damage|p1b: Ogerpon|33\/100\n|-status|p1b: Ogerpon|psn\n|-heal|p2a: Gastrodon|28\/100|[from] item: Shell Bell|[of] p1b: Ogerpon\n|\n|-damage|p1b: Ogerpon|21\/100 psn|[from] psn\n|upkeep\n|turn|8\n|\n|t:|1700007160\n|move|p2a: Gastrodon|Protect|p2a: Gastrodon\n|-singleturn|p2a: Gastrodon|Protect\n|move|p2b: Regieleki|Electroweb|p1a: Gallade|[spread] p1a,p1b\n|-resisted|p1b: Ogerpon\n|-damage|p1a: Gallade|67\/100\n|-damage|p1b: Ogerpon|8\/100 psn\n|-unboost|p1a: Gallade|spe|1\n|-unboost|p1b: Ogerpon|spe|1\n|-ability|p1b: Ogerpon|Defiant|boost\n|-boost|p1b: Ogerpon|atk|2\n|move|p1a: Gallade|Psycho Cut|p2b: Regieleki\n|-enditem|p2b: Regieleki|Focus Sash\n|-damage|p2b: Regieleki|1\/100\n|move|p1b: Ogerpon|Stomping Tantrum|p2b: Regieleki\n|-supereffective|p2b: Regieleki\n|-damage|p2b: Regieleki|0 fnt\n|faint|p2b: Regieleki\n|\n|-damage|p1b: Ogerpon|0 fnt|[from] psn\n|faint|p1b: Ogerpon\n|upkeep\n|\n|t:|1700007177\n|switch|p2b: Magnezone|Magnezone, L50, shiny|45\/100\n|switch|p1b: Politoed|Politoed, L50, M, shiny|66\/100\n|-damage|p1b: Politoed|54\/100|[from] Stealth Rock\n|-weather|RainDance|[from] ability: Drizzle|[of] p1b: Politoed\n|turn|9\n|\n|t:|1700007206\n|move|p1b: Politoed|Protect|p1b: Politoed\n|-singleturn|p1b: Politoed|Protect\n|move|p1a: Gallade|Psycho Cut|p2a: Gastrodon\n|-damage|p2a: Gastrodon|0 fnt\n|faint|p2a: Gastrodon\n|move|p2b: Magnezone|Thunderbolt|p1a: Gallade\n|-damage|p1a: Gallade|0 fnt\n|faint|p1a: Gallade\n|\n|-weather|RainDance|[upkeep]\n|upkeep\n|turn|10\n|\n|t:|1700007223\n|move|p2b: Magnezone|Thunderbolt|p1b: Politoed\n|-supereffective|p1b: Politoed\n|-damage|p1b: Politoed|0 fnt\n|faint|p1b: Politoed\n|\n|win|MysticEm\n|c|\u2606Valiant 3.0|gg\n|c|\u2606MysticEm|gg\n|c|&|\/uhtml prompt-valiant30,Valiant 3.0 is ready for game 2!\n|inactive|MysticEm has 50 seconds to confirm battle start!\n|c|&|\/uhtml prompt-mysticem,MysticEm is ready for game 2!\nBoth players are ready! Starting next match!\n|l|\u2606MysticEm\n|j| Lkynmbr24\n|l|\u2606Valiant 3.0\n|j|\u2606Valiant 3.0\n|player|p1|Valiant 3.0|flannery\n","uploadtime":1700007965,"views":14,"p1id":"valiant30","p2id":"mysticem","formatid":"gen9vgc2023regulatione","rating":0,"private":0,"password":""}