{"id":"gen9vgc2023regulatione-1992211912","p1":"Conchoboar2","p2":"jebf","format":"[Gen 9] VGC 2023 Regulation E","log":"|j|\u2606Conchoboar2\n|j|\u2606jebf\n|t:|1700164294\n|gametype|doubles\n|player|p1|Conchoboar2|266|1310\n|player|p2|jebf|ghetsis|1354\n|teamsize|p1|6\n|teamsize|p2|6\n|gen|9\n|tier|[Gen 9] VGC 2023 Regulation E\n|rated|\n|rule|Species Clause: Limit one of each Pok\u00e9mon\n|rule|Item Clause: Limit one of each item\n|clearpoke\n|poke|p1|Mamoswine, L50, M|\n|poke|p1|Iron Hands, L50|\n|poke|p1|Grimmsnarl, L50, M|\n|poke|p1|Flutter Mane, L50|\n|poke|p1|Heatran, L50, F|\n|poke|p1|Sinistcha, L50|\n|poke|p2|Moltres-Galar, L50|\n|poke|p2|Garchomp, L50, F|\n|poke|p2|Sinistcha, L50|\n|poke|p2|Scizor, L50, F|\n|poke|p2|Rotom-Heat, L50|\n|poke|p2|Munkidori, L50, M|\n|teampreview|4\n|\n|t:|1700164342\n|start\n|switch|p1a: Grimmsnarl|Grimmsnarl, L50, M|100\/100\n|switch|p1b: Iron Hands|Iron Hands, L50|100\/100\n|switch|p2a: Moltres|Moltres-Galar, L50|100\/100\n|switch|p2b: Shark|Garchomp, L50, F, shiny|100\/100\n|turn|1\n|\n|t:|1700164368\n|switch|p2a: Scizor|Scizor, L50, F, shiny|100\/100\n|move|p1a: Grimmsnarl|Reflect|p1a: Grimmsnarl\n|-sidestart|p1: Conchoboar2|Reflect\n|move|p2b: Shark|Earthquake|p1a: Grimmsnarl|[spread] p2a,p1a,p1b\n|-crit|p2a: Scizor\n|-supereffective|p1b: Iron Hands\n|-damage|p2a: Scizor|38\/100\n|-damage|p1a: Grimmsnarl|78\/100\n|-damage|p1b: Iron Hands|62\/100\n|move|p1b: Iron Hands|Drain Punch|p2b: Shark\n|-damage|p2b: Shark|51\/100\n|-heal|p1b: Iron Hands|81\/100|[from] drain|[of] p2b: Shark\n|-damage|p1b: Iron Hands|69\/100|[from] ability: Rough Skin|[of] p2b: Shark\n|\n|upkeep\n|turn|2\n|\n|t:|1700164388\n|switch|p2b: Munkidori|Munkidori, L50, M|100\/100\n|move|p2a: Scizor|Bullet Punch|p1a: Grimmsnarl\n|-supereffective|p1a: Grimmsnarl\n|-damage|p1a: Grimmsnarl|24\/100\n|-damage|p2a: Scizor|28\/100|[from] item: Life Orb\n|move|p1a: Grimmsnarl|Parting Shot|p2b: Munkidori\n|-unboost|p2b: Munkidori|atk|1\n|-unboost|p2b: Munkidori|spa|1\n|\n|t:|1700164394\n|switch|p1a: Heatran|Heatran, L50, F|100\/100|[from] Parting Shot\n|move|p1b: Iron Hands|Thunder Punch|p2a: Scizor\n|-damage|p2a: Scizor|0 fnt\n|faint|p2a: Scizor\n|\n|upkeep\n|\n|t:|1700164398\n|switch|p2a: Shark|Garchomp, L50, F, shiny|51\/100\n|turn|3\n|\n|t:|1700164415\n|switch|p1a: Grimmsnarl|Grimmsnarl, L50, M|24\/100\n|-terastallize|p2a: Shark|Ground\n|move|p2b: Munkidori|Fake Out|p1a: Grimmsnarl\n|-damage|p1a: Grimmsnarl|21\/100\n|move|p2a: Shark|Earthquake|p1b: Iron Hands|[spread] p2b,p1a,p1b\n|-supereffective|p2b: Munkidori\n|-supereffective|p1b: Iron Hands\n|-enditem|p2b: Munkidori|Focus Sash\n|-damage|p2b: Munkidori|1\/100\n|-damage|p1a: Grimmsnarl|0 fnt\n|-damage|p1b: Iron Hands|19\/100\n|faint|p1a: Grimmsnarl\n|move|p1b: Iron Hands|Drain Punch|p2a: Shark\n|-damage|p2a: Shark|9\/100\n|-heal|p1b: Iron Hands|36\/100|[from] drain|[of] p2a: Shark\n|-damage|p1b: Iron Hands|24\/100|[from] ability: Rough Skin|[of] p2a: Shark\n|\n|upkeep\n|\n|t:|1700164423\n|switch|p1a: Flutter Mane|Flutter Mane, L50, shiny|100\/100\n|-enditem|p1a: Flutter Mane|Booster Energy\n|-activate|p1a: Flutter Mane|ability: Protosynthesis|[fromitem]\n|-start|p1a: Flutter Mane|protosynthesisspa\n|turn|4\n|\n|t:|1700164447\n|move|p1a: Flutter Mane|Dazzling Gleam|p2a: Shark|[spread] p2a,p2b\n|-resisted|p2b: Munkidori\n|-damage|p2a: Shark|0 fnt\n|-damage|p2b: Munkidori|0 fnt\n|faint|p2a: Shark\n|faint|p2b: Munkidori\n|move|p1b: Iron Hands|Drain Punch|p2: Shark|[notarget]\n|-fail|p1b: Iron Hands\n|\n|upkeep\n|\n|t:|1700164450\n|switch|p2b: Moltres|Moltres-Galar, L50|100\/100\n|turn|5\n|-message|jebf forfeited.\n|\n|win|Conchoboar2\n|raw|Conchoboar2's rating: 1310 &rarr; <strong>1333<\/strong><br \/>(+23 for winning)\n|raw|jebf's rating: 1354 &rarr; <strong>1331<\/strong><br \/>(-23 for losing)\n|l|\u2606jebf\n","uploadtime":1700164458,"views":11,"p1id":"conchoboar2","p2id":"jebf","formatid":"gen9vgc2023regulatione","rating":1331,"private":0,"password":""}