{"id":"gen9vgc2023regulatione-1999424767","p1":"Jippt351","p2":"Aleslipkno","format":"[Gen 9] VGC 2023 Regulation E","log":"|j|\u2606Jippt351\n|j|\u2606Aleslipkno\n|t:|1701078314\n|gametype|doubles\n|player|p1|Jippt351|266|1246\n|player|p2|Aleslipkno|sage|1301\n|teamsize|p1|6\n|teamsize|p2|6\n|gen|9\n|tier|[Gen 9] VGC 2023 Regulation E\n|rated|\n|rule|Species Clause: Limit one of each Pok\u00e9mon\n|rule|Item Clause: Limit one of each item\n|clearpoke\n|poke|p1|Lilligant-Hisui, L50, F|\n|poke|p1|Torkoal, L50, M|\n|poke|p1|Regidrago, L50|\n|poke|p1|Ursaluna, L50, F|\n|poke|p1|Armarouge, L50, M|\n|poke|p1|Indeedee-F, L50, F|\n|poke|p2|Flutter Mane, L50|\n|poke|p2|Landorus-Therian, L50, M|\n|poke|p2|Tornadus, L50, M|\n|poke|p2|Urshifu-*, L50, M|\n|poke|p2|Empoleon, L50, F|\n|poke|p2|Rillaboom, L50, F|\n|teampreview|4\n|inactive|Battle timer is ON: inactive players will automatically lose when time's up. (requested by Jippt351)\nAleslipkno rejected open team sheets.\n|\n|t:|1701078342\n|start\n|switch|p1a: Armarouge|Armarouge, L50, M|100\/100\n|switch|p1b: Indeedee|Indeedee-F, L50, F|100\/100\n|switch|p2a: Tornadus|Tornadus, L50, M|100\/100\n|switch|p2b: Empoleon|Empoleon, L50, F|100\/100\n|-fieldstart|move: Psychic Terrain|[from] ability: Psychic Surge|[of] p1b: Indeedee\n|turn|1\n|\n|t:|1701078361\n|switch|p2a: Rillaboom|Rillaboom, L50, F|100\/100\n|-fieldstart|move: Grassy Terrain|[from] ability: Grassy Surge|[of] p2a: Rillaboom\n|move|p1b: Indeedee|Follow Me|p1b: Indeedee\n|-singleturn|p1b: Indeedee|move: Follow Me\n|move|p2b: Empoleon|Yawn|p1b: Indeedee\n|-start|p1b: Indeedee|move: Yawn|[of] p2b: Empoleon\n|move|p1a: Armarouge|Trick Room|p1a: Armarouge\n|-fieldstart|move: Trick Room|[of] p1a: Armarouge\n|\n|upkeep\n|turn|2\n|l|\u2606Jippt351\n|inactive|Jippt351 disconnected and has a minute to reconnect!\n|player|p1|\n|j|\u2606Jippt351\n|inactive|Jippt351 reconnected and has 35 seconds left.\n|player|p1|Jippt351|266\n|inactive|Jippt351 has 30 seconds left.\n|inactive|Aleslipkno has 30 seconds left.\n|inactive|Aleslipkno has 20 seconds left.\n|inactive|Aleslipkno has 15 seconds left.\n|inactive|Aleslipkno has 10 seconds left.\n|\n|t:|1701078410\n|-terastallize|p2a: Rillaboom|Fire\n|move|p1b: Indeedee|Follow Me|p1b: Indeedee\n|-singleturn|p1b: Indeedee|move: Follow Me\n|move|p1a: Armarouge|Expanding Force|p2b: Empoleon\n|-resisted|p2b: Empoleon\n|-damage|p2b: Empoleon|75\/100\n|-damage|p1a: Armarouge|91\/100|[from] item: Life Orb\n|move|p2b: Empoleon|Icy Wind|p1a: Armarouge|[spread] p1b\n|-miss|p2b: Empoleon|p1a: Armarouge\n|-damage|p1b: Indeedee|89\/100\n|-unboost|p1b: Indeedee|spe|1\n|move|p2a: Rillaboom|Wood Hammer|p1b: Indeedee\n|-damage|p1b: Indeedee|0 fnt\n|-damage|p2a: Rillaboom|84\/100|[from] item: Rocky Helmet|[of] p1b: Indeedee\n|faint|p1b: Indeedee\n|-damage|p2a: Rillaboom|60\/100|[from] Recoil\n|\n|-heal|p1a: Armarouge|97\/100|[from] Grassy Terrain\n|-heal|p2b: Empoleon|81\/100|[from] Grassy Terrain\n|-heal|p2b: Empoleon|87\/100|[from] item: Leftovers\n|-heal|p2a: Rillaboom|66\/100|[from] Grassy Terrain\n|upkeep\n|\n|t:|1701078427\n|switch|p1b: Ursaluna|Ursaluna, L50, F|100\/100\n|turn|3\n|l|\u2606Jippt351\n|inactive|Jippt351 disconnected and has a minute to reconnect!\n|player|p1|\n|inactive|Jippt351 has 30 seconds left.\n|j|\u2606Jippt351\n|inactive|Jippt351 reconnected and has 30 seconds left.\n|player|p1|Jippt351|266\n|inactive|Jippt351 has 20 seconds left.\n|inactive|Jippt351 has 15 seconds left.\n|\n|t:|1701078469\n|-terastallize|p1b: Ursaluna|Ghost\n|move|p2a: Rillaboom|Grassy Glide|p1b: Ursaluna\n|-damage|p1b: Ursaluna|71\/100\n|move|p1b: Ursaluna|Headlong Rush|p2b: Empoleon\n|-supereffective|p2b: Empoleon\n|-damage|p2b: Empoleon|0 fnt\n|-unboost|p1b: Ursaluna|def|1\n|-unboost|p1b: Ursaluna|spd|1\n|faint|p2b: Empoleon\n|move|p1a: Armarouge|Expanding Force|p2a: Rillaboom\n|-damage|p2a: Rillaboom|1\/100\n|-damage|p1a: Armarouge|87\/100|[from] item: Life Orb\n|\n|-heal|p1b: Ursaluna|77\/100|[from] Grassy Terrain\n|-heal|p1a: Armarouge|93\/100|[from] Grassy Terrain\n|-heal|p2a: Rillaboom|7\/100|[from] Grassy Terrain\n|-status|p1b: Ursaluna|brn|[from] item: Flame Orb\n|upkeep\n|l|\u2606Jippt351\n|inactive|Jippt351 disconnected and has a minute to reconnect!\n|player|p1|\n|inactive|Aleslipkno has 30 seconds left.\n|j|\u2606Jippt351\n|inactive|Jippt351 reconnected.\n|player|p1|Jippt351|266\n|\n|t:|1701078501\n|switch|p2b: Urshifu|Urshifu-Rapid-Strike, L50, M|100\/100\n|turn|4\n|l|\u2606Jippt351\n|inactive|Jippt351 disconnected and has a minute to reconnect!\n|player|p1|\n|inactive|Jippt351 has 30 seconds left.\n|j|\u2606Jippt351\n|inactive|Jippt351 reconnected and has 30 seconds left.\n|player|p1|Jippt351|266\n|inactive|Jippt351 has 20 seconds left.\n|inactive|Jippt351 has 15 seconds left.\n|inactive|Jippt351 has 10 seconds left.\n|inactive|Jippt351 has 5 seconds left.\n|\n|t:|1701078556\n|move|p2a: Rillaboom|Protect|p2a: Rillaboom\n|-singleturn|p2a: Rillaboom|Protect\n|move|p2b: Urshifu|Detect|p2b: Urshifu\n|-singleturn|p2b: Urshifu|Protect\n|move|p1b: Ursaluna|Facade|p2b: Urshifu\n|-activate|p2b: Urshifu|move: Protect\n|move|p1a: Armarouge|Expanding Force|p2a: Rillaboom\n|-activate|p2a: Rillaboom|move: Protect\n|\n|-heal|p1b: Ursaluna|83\/100 brn|[from] Grassy Terrain\n|-heal|p1a: Armarouge|99\/100|[from] Grassy Terrain\n|-heal|p2a: Rillaboom|13\/100|[from] Grassy Terrain\n|-damage|p1b: Ursaluna|77\/100 brn|[from] brn\n|upkeep\n|turn|5\n|inactive|Aleslipkno has 30 seconds left.\n|inactive|Aleslipkno has 20 seconds left.\n|\n|t:|1701078591\n|switch|p2b: Tornadus|Tornadus, L50, M|100\/100\n|move|p1b: Ursaluna|Facade|p2a: Rillaboom\n|-damage|p2a: Rillaboom|0 fnt\n|faint|p2a: Rillaboom\n|move|p1a: Armarouge|Expanding Force|p2b: Tornadus\n|-damage|p2b: Tornadus|27\/100\n|-damage|p1a: Armarouge|89\/100|[from] item: Life Orb\n|\n|-heal|p1b: Ursaluna|83\/100 brn|[from] Grassy Terrain\n|-heal|p1a: Armarouge|95\/100|[from] Grassy Terrain\n|-damage|p1b: Ursaluna|77\/100 brn|[from] brn\n|-fieldend|move: Trick Room\n|-fieldend|move: Grassy Terrain\n|upkeep\n|\n|t:|1701078604\n|switch|p2a: Urshifu|Urshifu-Rapid-Strike, L50, M|100\/100\n|turn|6\n|\n|t:|1701078619\n|move|p2b: Tornadus|Bleakwind Storm|p1a: Armarouge|[spread] p1a,p1b\n|-damage|p1a: Armarouge|58\/100\n|-damage|p1b: Ursaluna|36\/100 brn\n|move|p2a: Urshifu|Surging Strikes|p1a: Armarouge\n|-supereffective|p1a: Armarouge\n|-crit|p1a: Armarouge\n|-damage|p1a: Armarouge|11\/100\n|-supereffective|p1a: Armarouge\n|-crit|p1a: Armarouge\n|-damage|p1a: Armarouge|0 fnt\n|faint|p1a: Armarouge\n|-hitcount|p1: Armarouge|2\n|move|p1b: Ursaluna|Facade|p2a: Urshifu\n|-damage|p2a: Urshifu|0 fnt\n|faint|p2a: Urshifu\n|\n|-damage|p1b: Ursaluna|30\/100 brn|[from] brn\n|upkeep\n|\n|t:|1701078632\n|switch|p1a: Torkoal|Torkoal, L50, M|100\/100\n|-weather|SunnyDay|[from] ability: Drought|[of] p1a: Torkoal\n|turn|7\n|\n|t:|1701078639\n|move|p2b: Tornadus|Bleakwind Storm|p1a: Torkoal|[spread] p1a\n|-miss|p2b: Tornadus|p1b: Ursaluna\n|-damage|p1a: Torkoal|56\/100\n|move|p1b: Ursaluna|Facade|p2b: Tornadus\n|-damage|p2b: Tornadus|0 fnt\n|-damage|p1b: Ursaluna|14\/100 brn|[from] item: Rocky Helmet|[of] p2b: Tornadus\n|faint|p2b: Tornadus\n|\n|win|Jippt351\n|raw|Jippt351's rating: 1246 &rarr; <strong>1275<\/strong><br \/>(+29 for winning)\n|raw|Aleslipkno's rating: 1301 &rarr; <strong>1278<\/strong><br \/>(-23 for losing)\n","uploadtime":1701078649,"views":7,"p1id":"jippt351","p2id":"aleslipkno","formatid":"gen9vgc2023regulatione","rating":1275,"private":0,"password":""}