{"id":"gen9vgc2023regulatione-1989440934","p1":"sadLouie","p2":"gute laune tee","format":"[Gen 9] VGC 2023 Regulation E","log":"|j|\u2606sadLouie\n|j|\u2606gute laune tee\n|t:|1699850877\n|gametype|doubles\n|player|p1|sadLouie|1|1420\n|player|p2|gute laune tee|169|1474\n|teamsize|p1|6\n|teamsize|p2|6\n|gen|9\n|tier|[Gen 9] VGC 2023 Regulation E\n|rated|\n|rule|Species Clause: Limit one of each Pok\u00e9mon\n|rule|Item Clause: Limit one of each item\n|clearpoke\n|poke|p1|Dragonite, L50, M|\n|poke|p1|Chien-Pao, L50|\n|poke|p1|Rillaboom, L50, M|\n|poke|p1|Heatran, L50, F|\n|poke|p1|Flutter Mane, L50|\n|poke|p1|Ogerpon-Wellspring, L50, F|\n|poke|p2|Ogerpon-Wellspring, L50, F|\n|poke|p2|Weezing-Galar, L50, M|\n|poke|p2|Landorus-Therian, L50, M|\n|poke|p2|Sinistcha-Masterpiece, L50|\n|poke|p2|Roaring Moon, L50|\n|poke|p2|Magnezone, L50|\n|teampreview|4\n|inactive|Battle timer is ON: inactive players will automatically lose when time's up. (requested by sadLouie)\n|inactive|sadLouie has 60 seconds left.\n|inactive|gute laune tee has 60 seconds left.\n|inactive|sadLouie has 30 seconds left.\n|inactive|gute laune tee has 30 seconds left.\n|inactive|sadLouie has 20 seconds left.\n|inactive|gute laune tee has 20 seconds left.\n|j| ZonXJ\n|inactive|sadLouie has 15 seconds left.\n|inactive|gute laune tee has 15 seconds left.\n|inactive|sadLouie has 10 seconds left.\n|inactive|gute laune tee has 10 seconds left.\n|inactive|sadLouie has 5 seconds left.\n|inactive|gute laune tee has 5 seconds left.\n|\n|t:|1699850968\n|start\n|switch|p1a: Flutter Mane|Flutter Mane, L50|100\/100\n|switch|p1b: Chien-Pao|Chien-Pao, L50|100\/100\n|switch|p2a: Ogerpon|Ogerpon-Wellspring, L50, F|100\/100\n|switch|p2b: Weezing|Weezing-Galar, L50, M|100\/100\n|-ability|p2b: Weezing|Neutralizing Gas\n|turn|1\n|inactive|sadLouie has 30 seconds left.\n|inactive|gute laune tee has 30 seconds left.\n|\n|t:|1699851000\n|-end|p2b: Weezing|ability: Neutralizing Gas\n|-ability|p1b: Chien-Pao|Sword of Ruin\n|switch|p2b: Landorus|Landorus-Therian, L50, M|100\/100\n|-ability|p2b: Landorus|Intimidate|boost\n|-unboost|p1a: Flutter Mane|atk|1\n|-unboost|p1b: Chien-Pao|atk|1\n|-terastallize|p2a: Ogerpon|Water\n|detailschange|p2a: Ogerpon|Ogerpon-Wellspring-Tera, L50, F, tera:Water\n|-ability|p2a: Ogerpon|Embody Aspect (Wellspring)|boost\n|-boost|p2a: Ogerpon|spd|1\n|move|p1a: Flutter Mane|Dazzling Gleam|p2b: Landorus|[spread] p2a,p2b\n|-damage|p2a: Ogerpon|73\/100\n|-damage|p2b: Landorus|53\/100\n|move|p1b: Chien-Pao|Ice Spinner|p2b: Landorus\n|-supereffective|p2b: Landorus\n|-damage|p2b: Landorus|0 fnt\n|faint|p2b: Landorus\n|move|p2a: Ogerpon|Ivy Cudgel|p1a: Flutter Mane\n|-damage|p1a: Flutter Mane|0 fnt\n|faint|p1a: Flutter Mane\n|-end|p1a: Flutter Mane|Protosynthesis|[silent]\n|\n|upkeep\n|\n|t:|1699851018\n|switch|p1a: Rillaboom|Rillaboom, L50, M|100\/100\n|switch|p2b: Weezing|Weezing-Galar, L50, M|100\/100\n|-ability|p2b: Weezing|Neutralizing Gas\n|turn|2\n|inactive|gute laune tee has 30 seconds left.\n|\n|t:|1699851045\n|move|p1a: Rillaboom|Fake Out|p2a: Ogerpon\n|-damage|p2a: Ogerpon|57\/100\n|move|p1b: Chien-Pao|Ice Spinner|p2b: Weezing\n|-damage|p2b: Weezing|74\/100\n|cant|p2a: Ogerpon|flinch\n|move|p2b: Weezing|Overheat|p1b: Chien-Pao\n|-supereffective|p1b: Chien-Pao\n|-damage|p1b: Chien-Pao|12\/100\n|-unboost|p2b: Weezing|spa|2\n|-enditem|p2b: Weezing|Eject Pack\n|\n|t:|1699851050\n|-end|p2b: Weezing|ability: Neutralizing Gas\n|-ability|p1b: Chien-Pao|Sword of Ruin\n|-ability|p2a: Ogerpon|Embody Aspect (Wellspring)|boost\n|-boost|p2a: Ogerpon|spd|1\n|-fieldstart|move: Grassy Terrain|[from] ability: Grassy Surge|[of] p1a: Rillaboom\n|switch|p2b: Sinistcha|Sinistcha-Masterpiece, L50|100\/100\n|-heal|p2a: Ogerpon|82\/100|[from] ability: Hospitality|[of] p2b: Sinistcha\n|\n|-heal|p1b: Chien-Pao|18\/100|[from] Grassy Terrain\n|-heal|p2a: Ogerpon|88\/100|[from] Grassy Terrain\n|upkeep\n|turn|3\n|\n|t:|1699851070\n|switch|p2b: Weezing|Weezing-Galar, L50, M|74\/100\n|-ability|p2b: Weezing|Neutralizing Gas\n|move|p1b: Chien-Pao|Protect|p1b: Chien-Pao\n|-singleturn|p1b: Chien-Pao|Protect\n|move|p1a: Rillaboom|Grassy Glide|p2a: Ogerpon\n|-supereffective|p2a: Ogerpon\n|-damage|p2a: Ogerpon|0 fnt\n|faint|p2a: Ogerpon\n|\n|-heal|p1b: Chien-Pao|24\/100|[from] Grassy Terrain\n|-heal|p2b: Weezing|80\/100|[from] Grassy Terrain\n|upkeep\n|\n|t:|1699851086\n|switch|p2a: Sinistcha|Sinistcha-Masterpiece, L50|100\/100\n|turn|4\n|inactive|sadLouie has 30 seconds left.\n|\n|t:|1699851114\n|move|p2a: Sinistcha|Protect|p2a: Sinistcha\n|-singleturn|p2a: Sinistcha|Protect\n|move|p1b: Chien-Pao|Ice Spinner|p2a: Sinistcha\n|-activate|p2a: Sinistcha|move: Protect\n|move|p1a: Rillaboom|Wood Hammer|p2b: Weezing\n|-resisted|p2b: Weezing\n|-damage|p2b: Weezing|41\/100\n|-damage|p1a: Rillaboom|90\/100|[from] Recoil\n|move|p2b: Weezing|Strange Steam|p1b: Chien-Pao\n|-supereffective|p1b: Chien-Pao\n|-damage|p1b: Chien-Pao|0 fnt\n|faint|p1b: Chien-Pao\n|\n|-heal|p1a: Rillaboom|96\/100|[from] Grassy Terrain\n|-heal|p2b: Weezing|46\/100|[from] Grassy Terrain\n|upkeep\n|\n|t:|1699851116\n|switch|p1b: Heatran|Heatran, L50, F|100\/100\n|turn|5\n|inactive|gute laune tee has 30 seconds left.\n|\n|t:|1699851148\n|move|p1a: Rillaboom|Wood Hammer|p2b: Weezing\n|-resisted|p2b: Weezing\n|-damage|p2b: Weezing|5\/100\n|-damage|p1a: Rillaboom|84\/100|[from] Recoil\n|move|p1b: Heatran|Heat Wave|p2a: Sinistcha|[spread] p2a,p2b\n|-supereffective|p2a: Sinistcha\n|-damage|p2a: Sinistcha|16\/100\n|-damage|p2b: Weezing|0 fnt\n|faint|p2b: Weezing\n|-end|p2b: Weezing|ability: Neutralizing Gas\n|move|p2a: Sinistcha|Shadow Ball|p1b: Heatran\n|-damage|p1b: Heatran|80\/100\n|\n|-heal|p1a: Rillaboom|90\/100|[from] Grassy Terrain\n|-heal|p1b: Heatran|86\/100|[from] Grassy Terrain\n|-heal|p2a: Sinistcha|22\/100|[from] Grassy Terrain\n|upkeep\n|turn|6\n|j| 5Sscreen\n|-message|gute laune tee forfeited.\n|\n|win|sadLouie\n|raw|sadLouie's rating: 1420 &rarr; <strong>1443<\/strong><br \/>(+23 for winning)\n|raw|gute laune tee's rating: 1474 &rarr; <strong>1451<\/strong><br \/>(-23 for losing)\n|l|\u2606gute laune tee\n|l|\u2606sadLouie\n","uploadtime":1699851267,"views":15,"p1id":"sadlouie","p2id":"gutelaunetee","formatid":"gen9vgc2023regulatione","rating":1443,"private":0,"password":""}