{"id":"gen9vgc2023regulatione-1991644403","p1":"gobrokeforpokes","p2":"shadowclause","format":"[Gen 9] VGC 2023 Regulation E","log":"|j|\u2606gobrokeforpokes\n|j|\u2606shadowclause\n|t:|1700097785\n|gametype|doubles\n|player|p1|gobrokeforpokes|266|1085\n|player|p2|shadowclause|101|1153\n|teamsize|p1|6\n|teamsize|p2|6\n|gen|9\n|tier|[Gen 9] VGC 2023 Regulation E\n|rated|\n|rule|Species Clause: Limit one of each Pok\u00e9mon\n|rule|Item Clause: Limit one of each item\n|clearpoke\n|poke|p1|Arcanine-Hisui, L50, F|\n|poke|p1|Iron Bundle, L50|\n|poke|p1|Weezing, L50, M|\n|poke|p1|Ogerpon-Hearthflame, L50, F|\n|poke|p1|Torkoal, L50, F|\n|poke|p1|Tornadus, L50, M|\n|poke|p2|Dipplin, L50, F|\n|poke|p2|Torkoal, L50, M|\n|poke|p2|Sawsbuck-Autumn, L50, M|\n|poke|p2|Scovillain, L50, F|\n|poke|p2|Lilligant-Hisui, L50, F|\n|poke|p2|Gastrodon-East, L50, M|\n|teampreview|4\nshadowclause has agreed to open team sheets.\n|\n|t:|1700097848\n|start\n|switch|p1a: Tornadus|Tornadus, L50, M|100\/100\n|switch|p1b: Arcanine|Arcanine-Hisui, L50, F|100\/100\n|switch|p2a: Torkoal|Torkoal, L50, M|100\/100\n|switch|p2b: Sawsbuck|Sawsbuck-Autumn, L50, M|100\/100\n|-ability|p1b: Arcanine|Intimidate|boost\n|-unboost|p2a: Torkoal|atk|1\n|-unboost|p2b: Sawsbuck|atk|1\n|-enditem|p2b: Sawsbuck|White Herb\n|-clearnegativeboost|p2b: Sawsbuck|[silent]\n|-weather|SunnyDay|[from] ability: Drought|[of] p2a: Torkoal\n|turn|1\n|\n|t:|1700097869\n|-terastallize|p2b: Sawsbuck|Ice\n|move|p1a: Tornadus|Tailwind|p1a: Tornadus\n|-sidestart|p1: gobrokeforpokes|move: Tailwind\n|move|p1b: Arcanine|Rock Slide|p2a: Torkoal|[spread] p2a,p2b\n|-supereffective|p2a: Torkoal\n|-supereffective|p2b: Sawsbuck\n|-damage|p2a: Torkoal|56\/100\n|-damage|p2b: Sawsbuck|15\/100\n|cant|p2b: Sawsbuck|flinch\n|move|p2a: Torkoal|Stealth Rock|p1a: Tornadus\n|-sidestart|p1: gobrokeforpokes|move: Stealth Rock\n|\n|-weather|SunnyDay|[upkeep]\n|upkeep\n|turn|2\n|\n|t:|1700097886\n|move|p1a: Tornadus|Bleakwind Storm|p2b: Sawsbuck|[spread] p2a,p2b\n|-damage|p2a: Torkoal|2\/100\n|-damage|p2b: Sawsbuck|0 fnt\n|faint|p2b: Sawsbuck\n|move|p1b: Arcanine|Rock Slide|p2a: Torkoal|[miss]\n|-miss|p1b: Arcanine|p2a: Torkoal\n|move|p2a: Torkoal|Earth Power|p1b: Arcanine\n|-supereffective|p1b: Arcanine\n|-damage|p1b: Arcanine|16\/100\n|\n|-weather|SunnyDay|[upkeep]\n|upkeep\n|\n|t:|1700097904\n|switch|p2b: Lilligant|Lilligant-Hisui, L50, F|100\/100\n|turn|3\n|\n|t:|1700097933\n|switch|p1a: Weezing|Weezing, L50, M|100\/100\n|-ability|p1a: Weezing|Neutralizing Gas\n|-damage|p1a: Weezing|88\/100|[from] Stealth Rock\n|move|p1b: Arcanine|Flare Blitz|p2b: Lilligant\n|-supereffective|p2b: Lilligant\n|-enditem|p2b: Lilligant|Focus Sash\n|-damage|p2b: Lilligant|1\/100\n|-damage|p1b: Arcanine|0 fnt|[from] Recoil\n|faint|p1b: Arcanine\n|move|p2b: Lilligant|Poison Jab|p1a: Weezing\n|-resisted|p1a: Weezing\n|-damage|p1a: Weezing|76\/100\n|move|p2a: Torkoal|Heat Wave|p1a: Weezing\n|-damage|p1a: Weezing|17\/100\n|\n|-weather|SunnyDay|[upkeep]\n|-heal|p1a: Weezing|23\/100|[from] item: Leftovers\n|upkeep\n|\n|t:|1700097951\n|switch|p1b: Ogerpon|Ogerpon-Hearthflame, L50, F|100\/100\n|-damage|p1b: Ogerpon|76\/100|[from] Stealth Rock\n|turn|4\n|\n|t:|1700097970\n|move|p1b: Ogerpon|Ivy Cudgel|p2b: Lilligant|[anim] Ivy Cudgel Fire\n|-supereffective|p2b: Lilligant\n|-damage|p2b: Lilligant|0 fnt\n|faint|p2b: Lilligant\n|move|p1a: Weezing|Clear Smog|p2a: Torkoal\n|-damage|p2a: Torkoal|0 fnt\n|-clearboost|p2a: Torkoal\n|faint|p2a: Torkoal\n|\n|-weather|SunnyDay|[upkeep]\n|-heal|p1a: Weezing|28\/100|[from] item: Leftovers\n|-sideend|p1: gobrokeforpokes|move: Tailwind\n|upkeep\n|\n|t:|1700097994\n|switch|p2a: Dipplin|Dipplin, L50, F|100\/100\n|turn|5\n|\n|t:|1700098002\n|-end|p1a: Weezing|ability: Neutralizing Gas\n|-ability|p1b: Ogerpon|Mold Breaker\n|-ability|p2a: Dipplin|Supersweet Syrup\n|-ability|p2a: Dipplin|Supersweet Syrup|boost\n|-unboost|p1a: Weezing|evasion|1\n|-unboost|p1b: Ogerpon|evasion|1\n|switch|p1a: Tornadus|Tornadus, L50, M|100\/100\n|-damage|p1a: Tornadus|76\/100|[from] Stealth Rock\n|-terastallize|p1b: Ogerpon|Fire\n|detailschange|p1b: Ogerpon|Ogerpon-Hearthflame-Tera, L50, F, tera:Fire\n|-ability|p1b: Ogerpon|Embody Aspect (Hearthflame)|boost\n|-boost|p1b: Ogerpon|atk|1\n|move|p1b: Ogerpon|Ivy Cudgel|p2a: Dipplin|[anim] Ivy Cudgel Fire\n|-damage|p2a: Dipplin|0 fnt\n|faint|p2a: Dipplin\n|\n|win|gobrokeforpokes\n|raw|gobrokeforpokes's rating: 1085 &rarr; <strong>1118<\/strong><br \/>(+33 for winning)\n|raw|shadowclause's rating: 1153 &rarr; <strong>1123<\/strong><br \/>(-30 for losing)\n|l|\u2606gobrokeforpokes\n","uploadtime":1700098027,"views":19,"p1id":"gobrokeforpokes","p2id":"shadowclause","formatid":"gen9vgc2023regulatione","rating":1118,"private":0,"password":""}