{"id":"gen9vgc2023regulatione-1996777341","p1":"Mortivere","p2":"reg56","format":"[Gen 9] VGC 2023 Regulation E","log":"|j|\u2606Mortivere\n|j|\u2606reg56\n|t:|1700723607\n|gametype|doubles\n|player|p1|Mortivere|elesa|1400\n|player|p2|reg56|1|1496\n|teamsize|p1|6\n|teamsize|p2|6\n|gen|9\n|tier|[Gen 9] VGC 2023 Regulation E\n|rated|\n|rule|Species Clause: Limit one of each Pok\u00e9mon\n|rule|Item Clause: Limit one of each item\n|clearpoke\n|poke|p1|Iron Jugulis, L50|\n|poke|p1|Weezing, L50, M|\n|poke|p1|Arcanine-Hisui, L50, F|\n|poke|p1|Iron Hands, L50|\n|poke|p1|Flutter Mane, L50|\n|poke|p1|Ogerpon-Wellspring, L50, F|\n|poke|p2|Ursaluna-Bloodmoon, L50, M|\n|poke|p2|Sableye, L50, F|\n|poke|p2|Indeedee-F, L50, F|\n|poke|p2|Armarouge, L50, F|\n|poke|p2|Urshifu-*, L50, M|\n|poke|p2|Dragapult, L50, F|\n|teampreview|4\n|inactive|Battle timer is ON: inactive players will automatically lose when time's up. (requested by reg56)\n|inactive|Mortivere has 60 seconds left.\n|\n|t:|1700723638\n|start\n|switch|p1a: Iron Hands|Iron Hands, L50|100\/100\n|switch|p1b: Weezing|Weezing, L50, M|100\/100\n|switch|p2a: Ursaluna|Ursaluna-Bloodmoon, L50, M|100\/100\n|switch|p2b: Sableye|Sableye, L50, F, shiny|100\/100\n|-ability|p1b: Weezing|Neutralizing Gas\n|turn|1\n|\n|t:|1700723656\n|move|p2a: Ursaluna|Protect|p2a: Ursaluna\n|-singleturn|p2a: Ursaluna|Protect\n|move|p2b: Sableye|Fake Out|p1b: Weezing\n|-damage|p1b: Weezing|92\/100\n|move|p1a: Iron Hands|Fake Out|p2a: Ursaluna\n|-activate|p2a: Ursaluna|move: Protect\n|cant|p1b: Weezing|flinch\n|\n|upkeep\n|turn|2\n|inactive|Mortivere has 30 seconds left.\n|inactive|Mortivere has 20 seconds left.\n|inactive|Mortivere has 15 seconds left.\n|\n|t:|1700723700\n|-end|p1a: Iron Hands|Quark Drive|[silent]\n|switch|p1a: Flutter Mane|Flutter Mane, L50|100\/100\n|move|p1b: Weezing|Protect|p1b: Weezing\n|-singleturn|p1b: Weezing|Protect\n|move|p2b: Sableye|Encore||[still]\n|-fail|p2b: Sableye\n|move|p2a: Ursaluna|Earth Power|p1b: Weezing\n|-activate|p1b: Weezing|move: Protect\n|\n|upkeep\n|turn|3\n|inactive|Mortivere has 30 seconds left.\n|inactive|reg56 has 30 seconds left.\n|inactive|Mortivere has 20 seconds left.\n|inactive|reg56 has 20 seconds left.\n|inactive|Mortivere has 15 seconds left.\n|\n|t:|1700723744\n|-end|p1b: Weezing|ability: Neutralizing Gas\n|switch|p1b: Iron Hands|Iron Hands, L50|100\/100\n|-terastallize|p1a: Flutter Mane|Fairy\n|move|p2b: Sableye|Disable||[still]\n|-fail|p2b: Sableye\n|move|p1a: Flutter Mane|Dazzling Gleam|p2a: Ursaluna|[spread] p2a,p2b\n|-crit|p2a: Ursaluna\n|-supereffective|p2b: Sableye\n|-damage|p2a: Ursaluna|4\/100\n|-enditem|p2b: Sableye|Focus Sash\n|-damage|p2b: Sableye|1\/100\n|move|p2a: Ursaluna|Earth Power|p1b: Iron Hands\n|-supereffective|p1b: Iron Hands\n|-damage|p1b: Iron Hands|43\/100\n|\n|upkeep\n|turn|4\n|inactive|Mortivere has 30 seconds left.\n|inactive|reg56 has 30 seconds left.\n|inactive|reg56 has 20 seconds left.\n|\n|t:|1700723780\n|-end|p1b: Iron Hands|Quark Drive|[silent]\n|switch|p1b: Weezing|Weezing, L50, M|92\/100\n|-ability|p1b: Weezing|Neutralizing Gas\n|move|p1a: Flutter Mane|Dazzling Gleam|p2b: Sableye|[spread] p2a,p2b\n|-supereffective|p2b: Sableye\n|-damage|p2a: Ursaluna|0 fnt\n|-damage|p2b: Sableye|0 fnt\n|faint|p2a: Ursaluna\n|faint|p2b: Sableye\n|\n|upkeep\n|\n|t:|1700723783\n|switch|p2b: Urshifu|Urshifu-Rapid-Strike, L50, M|100\/100\n|switch|p2a: Dragapult|Dragapult, L50, F|100\/100\n|turn|5\n|inactive|reg56 has 30 seconds left.\n|\n|t:|1700723809\n|move|p2b: Urshifu|Drain Punch|p1a: Flutter Mane\n|-resisted|p1a: Flutter Mane\n|-damage|p1a: Flutter Mane|74\/100\n|move|p2a: Dragapult|Phantom Force||[still]\n|-prepare|p2a: Dragapult|Phantom Force\n|move|p1a: Flutter Mane|Dazzling Gleam|p2b: Urshifu|[spread] p2b\n|-miss|p1a: Flutter Mane|p2a: Dragapult\n|-supereffective|p2b: Urshifu\n|-damage|p2b: Urshifu|0 fnt\n|faint|p2b: Urshifu\n|move|p1b: Weezing|Sludge Bomb|p2a: Dragapult|[miss]\n|-miss|p1b: Weezing|p2a: Dragapult\n|\n|upkeep\n|turn|6\n|-message|reg56 forfeited.\n|\n|win|Mortivere\n|raw|Mortivere's rating: 1400 &rarr; <strong>1425<\/strong><br \/>(+25 for winning)\n|raw|reg56's rating: 1496 &rarr; <strong>1471<\/strong><br \/>(-25 for losing)\n|l|\u2606reg56\n|l|\u2606Mortivere\n|j|\u2606Mortivere\n|player|p1|Mortivere|elesa\n","uploadtime":1700723833,"views":13,"p1id":"mortivere","p2id":"reg56","formatid":"gen9vgc2023regulatione","rating":1425,"private":0,"password":""}