{"id":"gen9vgc2023regulatione-1990155429","p1":"jebongskiman","p2":"energyturtle64","format":"[Gen 9] VGC 2023 Regulation E","log":"|j|\u2606jebongskiman\n|j|\u2606energyturtle64\n|t:|1699930656\n|gametype|doubles\n|player|p1|jebongskiman|blue|1209\n|player|p2|energyturtle64|pokemonbreeder-gen4|1144\n|teamsize|p1|6\n|teamsize|p2|6\n|gen|9\n|tier|[Gen 9] VGC 2023 Regulation E\n|rated|\n|rule|Species Clause: Limit one of each Pok\u00e9mon\n|rule|Item Clause: Limit one of each item\n|clearpoke\n|poke|p1|Dondozo, L50, M|\n|poke|p1|Tatsugiri, L50, F|\n|poke|p1|Scream Tail, L50|\n|poke|p1|Gothitelle, L50, F|\n|poke|p1|Flamigo, L50, M|\n|poke|p1|Ogerpon-Hearthflame, L50, F|\n|poke|p2|Armarouge, L50, F|\n|poke|p2|Ogerpon-Cornerstone, L50, F|\n|poke|p2|Ursaluna-Bloodmoon, L50, M|\n|poke|p2|Indeedee-F, L50, F|\n|poke|p2|Torkoal, L50, F|\n|poke|p2|Urshifu-*, L50, M|\n|teampreview|4\njebongskiman has agreed to open team sheets.\n|\n|t:|1699930700\n|start\n|switch|p1a: Scream Tail|Scream Tail, L50|100\/100\n|switch|p1b: Tatsugiri|Tatsugiri, L50, F|100\/100\n|switch|p2a: Armarouge|Armarouge, L50, F|100\/100\n|switch|p2b: Indeedee|Indeedee-F, L50, F|100\/100\n|-fieldstart|move: Psychic Terrain|[from] ability: Psychic Surge|[of] p2b: Indeedee\n|-enditem|p2b: Indeedee|Psychic Seed\n|-boost|p2b: Indeedee|spd|1|[from] item: Psychic Seed\n|turn|1\n|inactive|Battle timer is ON: inactive players will automatically lose when time's up. (requested by jebongskiman)\n|\n|t:|1699930720\n|move|p2b: Indeedee|Follow Me|p2b: Indeedee\n|-singleturn|p2b: Indeedee|move: Follow Me\n|move|p1a: Scream Tail|Perish Song|p1a: Scream Tail\n|-start|p1a: Scream Tail|perish3|[silent]\n|-start|p1b: Tatsugiri|perish3|[silent]\n|-start|p2a: Armarouge|perish3|[silent]\n|-start|p2b: Indeedee|perish3|[silent]\n|-fieldactivate|move: Perish Song\n|move|p1b: Tatsugiri|Draco Meteor|p2b: Indeedee\n|-damage|p2b: Indeedee|69\/100\n|-unboost|p1b: Tatsugiri|spa|2\n|move|p2a: Armarouge|Trick Room|p2a: Armarouge\n|-fieldstart|move: Trick Room|[of] p2a: Armarouge\n|\n|-start|p2a: Armarouge|perish3\n|-start|p2b: Indeedee|perish3\n|-start|p1b: Tatsugiri|perish3\n|-start|p1a: Scream Tail|perish3\n|upkeep\n|turn|2\n|\n|t:|1699930744\n|move|p2b: Indeedee|Helping Hand|p2a: Armarouge\n|-singleturn|p2a: Armarouge|Helping Hand|[of] p2b: Indeedee\n|move|p1b: Tatsugiri|Protect|p1b: Tatsugiri\n|-singleturn|p1b: Tatsugiri|Protect\n|move|p2a: Armarouge|Expanding Force|p1a: Scream Tail|[spread] p1a\n|-activate|p1b: Tatsugiri|move: Protect\n|-resisted|p1a: Scream Tail\n|-damage|p1a: Scream Tail|52\/100\n|-damage|p2a: Armarouge|91\/100|[from] item: Life Orb\n|move|p1a: Scream Tail|Disable|p2a: Armarouge\n|-start|p2a: Armarouge|Disable|Expanding Force\n|\n|-start|p2a: Armarouge|perish2\n|-start|p2b: Indeedee|perish2\n|-start|p1b: Tatsugiri|perish2\n|-start|p1a: Scream Tail|perish2\n|upkeep\n|turn|3\n|inactive|energyturtle64 has 30 seconds left.\n|\n|t:|1699930772\n|-end|p1a: Scream Tail|Protosynthesis|[silent]\n|switch|p1a: Dondozo|Dondozo, L50, M, shiny|100\/100\n|-activate|p1b: Tatsugiri|ability: Commander|[of] p1a: Dondozo\n|-boost|p1a: Dondozo|atk|2\n|-boost|p1a: Dondozo|spa|2\n|-boost|p1a: Dondozo|spe|2\n|-boost|p1a: Dondozo|def|2\n|-boost|p1a: Dondozo|spd|2\n|move|p2b: Indeedee|Helping Hand|p2a: Armarouge\n|-singleturn|p2a: Armarouge|Helping Hand|[of] p2b: Indeedee\n|move|p2a: Armarouge|Heat Wave|p1b: Tatsugiri|[spread] p1a\n|-miss|p2a: Armarouge|p1b: Tatsugiri\n|-resisted|p1a: Dondozo\n|-damage|p1a: Dondozo|78\/100\n|-damage|p2a: Armarouge|81\/100|[from] item: Life Orb\n|\n|-heal|p1a: Dondozo|84\/100|[from] item: Leftovers\n|-start|p2a: Armarouge|perish1\n|-start|p2b: Indeedee|perish1\n|-start|p1b: Tatsugiri|perish1\n|upkeep\n|turn|4\n|inactive|jebongskiman has 30 seconds left.\n|inactive|energyturtle64 has 30 seconds left.\n|\n|t:|1699930804\n|move|p2b: Indeedee|Helping Hand|p2a: Armarouge\n|-singleturn|p2a: Armarouge|Helping Hand|[of] p2b: Indeedee\n|move|p2a: Armarouge|Armor Cannon|p1a: Dondozo\n|-resisted|p1a: Dondozo\n|-damage|p1a: Dondozo|47\/100\n|-unboost|p2a: Armarouge|def|1\n|-unboost|p2a: Armarouge|spd|1\n|-damage|p2a: Armarouge|71\/100|[from] item: Life Orb\n|move|p1a: Dondozo|Order Up|p2a: Armarouge\n|-damage|p2a: Armarouge|7\/100\n|-boost|p1a: Dondozo|atk|1\n|\n|-heal|p1a: Dondozo|53\/100|[from] item: Leftovers\n|-start|p2a: Armarouge|perish0\n|-start|p2b: Indeedee|perish0\n|-start|p1b: Tatsugiri|perish0\n|faint|p2a: Armarouge\n|faint|p2b: Indeedee\n|faint|p1b: Tatsugiri\n|upkeep\n|\n|t:|1699930822\n|switch|p2a: Ursaluna|Ursaluna-Bloodmoon, L50, M|100\/100\n|switch|p2b: Urshifu|Urshifu-Rapid-Strike, L50, M|100\/100\n|switch|p1b: Scream Tail|Scream Tail, L50|52\/100\n|turn|5\n|\n|t:|1699930842\n|move|p2b: Urshifu|Protect|p2b: Urshifu\n|-singleturn|p2b: Urshifu|Protect\n|move|p1a: Dondozo|Protect|p1a: Dondozo\n|-singleturn|p1a: Dondozo|Protect\n|move|p2a: Ursaluna|Blood Moon|p1a: Dondozo\n|-activate|p1a: Dondozo|move: Protect\n|move|p1b: Scream Tail|Disable|p2a: Ursaluna\n|-start|p2a: Ursaluna|Disable|Blood Moon\n|\n|-heal|p1a: Dondozo|59\/100|[from] item: Leftovers\n|-fieldend|move: Trick Room\n|-fieldend|move: Psychic Terrain\n|upkeep\n|turn|6\n|\n|t:|1699930863\n|-terastallize|p2b: Urshifu|Water\n|move|p1a: Dondozo|Order Up|p2b: Urshifu\n|-damage|p2b: Urshifu|38\/100\n|-boost|p1a: Dondozo|atk|1\n|move|p1b: Scream Tail|Encore|p2a: Ursaluna\n|-start|p2a: Ursaluna|Encore\n|move|p2b: Urshifu|Surging Strikes|p1b: Scream Tail\n|-crit|p1b: Scream Tail\n|-damage|p1b: Scream Tail|24\/100\n|-crit|p1b: Scream Tail\n|-damage|p1b: Scream Tail|0 fnt\n|faint|p1b: Scream Tail\n|-end|p1b: Scream Tail|Protosynthesis|[silent]\n|-hitcount|p1: Scream Tail|2\n|cant|p2a: Ursaluna|Disable|Blood Moon\n|\n|-heal|p1a: Dondozo|65\/100|[from] item: Leftovers\n|upkeep\n|\n|t:|1699930877\n|switch|p1b: Ogerpon|Ogerpon-Hearthflame, L50, F|100\/100\n|-ability|p1b: Ogerpon|Mold Breaker\n|turn|7\n|\n|t:|1699930890\n|-terastallize|p1b: Ogerpon|Fire\n|detailschange|p1b: Ogerpon|Ogerpon-Hearthflame-Tera, L50, F, tera:Fire\n|-ability|p1b: Ogerpon|Embody Aspect (Hearthflame)|boost\n|-boost|p1b: Ogerpon|atk|1\n|move|p1b: Ogerpon|Quick Attack|p2b: Urshifu\n|-damage|p2b: Urshifu|14\/100\n|move|p1a: Dondozo|Stomping Tantrum|p2b: Urshifu\n|-damage|p2b: Urshifu|0 fnt\n|faint|p2b: Urshifu\n|-activate|p2a: Ursaluna|move: Struggle\n|move|p2a: Ursaluna|Struggle|p1a: Dondozo\n|-damage|p1a: Dondozo|62\/100\n|-damage|p2a: Ursaluna|75\/100|[from] recoil\n|\n|-heal|p1a: Dondozo|68\/100|[from] item: Leftovers\n|upkeep\n|turn|8\n|-message|energyturtle64 forfeited.\n|\n|win|jebongskiman\n|raw|jebongskiman's rating: 1209 &rarr; <strong>1229<\/strong><br \/>(+20 for winning)\n|raw|energyturtle64's rating: 1144 &rarr; <strong>1124<\/strong><br \/>(-20 for losing)\n|l|\u2606energyturtle64\n","uploadtime":1699930927,"views":14,"p1id":"jebongskiman","p2id":"energyturtle64","formatid":"gen9vgc2023regulatione","rating":1124,"private":0,"password":""}