{"id":"gen9vgc2023regulatione-1987888744","p1":"Cosmicpharaoh","p2":"NewAdi6","format":"[Gen 9] VGC 2023 Regulation E","log":"|j|\u2606Cosmicpharaoh\n|j|\u2606NewAdi6\n|t:|1699646175\n|gametype|doubles\n|player|p1|Cosmicpharaoh|artist|1403\n|player|p2|NewAdi6|101|1354\n|teamsize|p1|6\n|teamsize|p2|6\n|gen|9\n|tier|[Gen 9] VGC 2023 Regulation E\n|rated|\n|rule|Species Clause: Limit one of each Pok\u00e9mon\n|rule|Item Clause: Limit one of each item\n|clearpoke\n|poke|p1|Tyranitar, L50, M|\n|poke|p1|Houndstone, L50, M|\n|poke|p1|Arcanine-Hisui, L50, F|\n|poke|p1|Mandibuzz, L50, F|\n|poke|p1|Empoleon, L50, F|\n|poke|p1|Dipplin, L50, F|\n|poke|p2|Mamoswine, L50, F|\n|poke|p2|Kingambit, L50, F|\n|poke|p2|Urshifu-*, L50, M|\n|poke|p2|Tornadus, L50, M|\n|poke|p2|Ogerpon-Hearthflame, L50, F|\n|poke|p2|Pelipper, L50, F|\n|teampreview|4\n|inactive|Battle timer is ON: inactive players will automatically lose when time's up. (requested by NewAdi6)\n|\n|t:|1699646213\n|start\n|switch|p1a: Tyranitar|Tyranitar, L50, M|100\/100\n|switch|p1b: Houndstone|Houndstone, L50, M|100\/100\n|switch|p2a: Tornadus|Tornadus, L50, M|100\/100\n|switch|p2b: Mamoswine|Mamoswine, L50, F|100\/100\n|-weather|Sandstorm|[from] ability: Sand Stream|[of] p1a: Tyranitar\n|turn|1\n|j| olik20405\n|inactive|NewAdi6 has 30 seconds left.\n|\n|t:|1699646246\n|switch|p2b: Pelipper|Pelipper, L50, F|100\/100\n|-weather|RainDance|[from] ability: Drizzle|[of] p2b: Pelipper\n|-terastallize|p1a: Tyranitar|Fairy\n|move|p2a: Tornadus|Grass Knot|p1a: Tyranitar\n|-damage|p1a: Tyranitar|72\/100\n|move|p1b: Houndstone|Will-O-Wisp|p2b: Pelipper\n|-status|p2b: Pelipper|brn\n|move|p1a: Tyranitar|Rock Slide|p2b: Pelipper|[spread] p2a,p2b\n|-supereffective|p2a: Tornadus\n|-supereffective|p2b: Pelipper\n|-damage|p2a: Tornadus|0 fnt\n|-damage|p2b: Pelipper|51\/100 brn\n|faint|p2a: Tornadus\n|\n|-weather|RainDance|[upkeep]\n|-damage|p2b: Pelipper|45\/100 brn|[from] brn\n|upkeep\n|l| olik20405\n|\n|t:|1699646263\n|switch|p2a: Urshifu|Urshifu-Rapid-Strike, L50, M|100\/100\n|turn|2\n|\n|t:|1699646276\n|switch|p1a: Empoleon|Empoleon, L50, F|100\/100\n|-terastallize|p2a: Urshifu|Water\n|move|p2b: Pelipper|Helping Hand|p2a: Urshifu\n|-singleturn|p2a: Urshifu|Helping Hand|[of] p2b: Pelipper\n|move|p2a: Urshifu|Surging Strikes|p1b: Houndstone\n|-crit|p1b: Houndstone\n|-damage|p1b: Houndstone|36\/100\n|-enditem|p1b: Houndstone|Sitrus Berry|[eat]\n|-heal|p1b: Houndstone|61\/100|[from] item: Sitrus Berry\n|-crit|p1b: Houndstone\n|-damage|p1b: Houndstone|2\/100\n|-crit|p1b: Houndstone\n|-damage|p1b: Houndstone|0 fnt\n|faint|p1b: Houndstone\n|-hitcount|p1: Houndstone|3\n|\n|-weather|RainDance|[upkeep]\n|-damage|p2b: Pelipper|39\/100 brn|[from] brn\n|upkeep\n|\n|t:|1699646284\n|switch|p1b: Arcanine|Arcanine-Hisui, L50, F|100\/100\n|-ability|p1b: Arcanine|Intimidate|boost\n|-unboost|p2a: Urshifu|atk|1\n|-unboost|p2b: Pelipper|atk|1\n|turn|3\n|inactive|Cosmicpharaoh has 30 seconds left.\n|inactive|Cosmicpharaoh has 20 seconds left.\n|\n|t:|1699646322\n|switch|p1a: Tyranitar|Tyranitar, L50, M, tera:Fairy|72\/100\n|-weather|Sandstorm|[from] ability: Sand Stream|[of] p1a: Tyranitar\n|move|p2a: Urshifu|Surging Strikes|p1b: Arcanine\n|-supereffective|p1b: Arcanine\n|-crit|p1b: Arcanine\n|-damage|p1b: Arcanine|0 fnt\n|faint|p1b: Arcanine\n|-hitcount|p1: Arcanine|1\n|move|p2b: Pelipper|Hurricane|p1a: Tyranitar\n|-damage|p1a: Tyranitar|47\/100\n|\n|-weather|Sandstorm|[upkeep]\n|-damage|p2a: Urshifu|95\/100|[from] Sandstorm\n|-damage|p1a: Tyranitar|41\/100|[from] Sandstorm\n|-damage|p2b: Pelipper|33\/100 brn|[from] Sandstorm\n|-damage|p2b: Pelipper|26\/100 brn|[from] brn\n|upkeep\n|\n|t:|1699646327\n|switch|p1b: Empoleon|Empoleon, L50, F|100\/100\n|turn|4\n|\n|t:|1699646341\n|move|p2a: Urshifu|Surging Strikes|p1a: Tyranitar\n|-crit|p1a: Tyranitar\n|-damage|p1a: Tyranitar|17\/100\n|-crit|p1a: Tyranitar\n|-damage|p1a: Tyranitar|0 fnt\n|faint|p1a: Tyranitar\n|-hitcount|p1: Tyranitar|2\n|move|p2b: Pelipper|Hurricane|p1b: Empoleon\n|-resisted|p1b: Empoleon\n|-damage|p1b: Empoleon|83\/100\n|move|p1b: Empoleon|Grass Knot|p2a: Urshifu\n|-supereffective|p2a: Urshifu\n|-damage|p2a: Urshifu|0 fnt\n|faint|p2a: Urshifu\n|\n|-weather|Sandstorm|[upkeep]\n|-damage|p2b: Pelipper|20\/100 brn|[from] Sandstorm\n|-heal|p1b: Empoleon|89\/100|[from] item: Leftovers\n|-damage|p2b: Pelipper|14\/100 brn|[from] brn\n|upkeep\n|\n|t:|1699646357\n|switch|p2a: Mamoswine|Mamoswine, L50, F|100\/100\n|turn|5\n|\n|t:|1699646368\n|move|p2a: Mamoswine|Earthquake|p1b: Empoleon|[spread] p1b\n|-immune|p2b: Pelipper\n|-supereffective|p1b: Empoleon\n|-damage|p1b: Empoleon|3\/100\n|move|p2b: Pelipper|Hurricane|p1b: Empoleon|[miss]\n|-miss|p2b: Pelipper|p1b: Empoleon\n|move|p1b: Empoleon|Hydro Pump|p2a: Mamoswine\n|-supereffective|p2a: Mamoswine\n|-damage|p2a: Mamoswine|0 fnt\n|faint|p2a: Mamoswine\n|\n|-weather|Sandstorm|[upkeep]\n|-damage|p2b: Pelipper|8\/100 brn|[from] Sandstorm\n|-heal|p1b: Empoleon|9\/100|[from] item: Leftovers\n|-damage|p2b: Pelipper|2\/100 brn|[from] brn\n|upkeep\n|turn|6\n|\n|t:|1699646385\n|move|p1b: Empoleon|Vacuum Wave|p2b: Pelipper\n|-resisted|p2b: Pelipper\n|-damage|p2b: Pelipper|0 fnt\n|faint|p2b: Pelipper\n|\n|win|Cosmicpharaoh\n|raw|Cosmicpharaoh's rating: 1403 &rarr; <strong>1420<\/strong><br \/>(+17 for winning)\n|raw|NewAdi6's rating: 1354 &rarr; <strong>1337<\/strong><br \/>(-17 for losing)\n|l|\u2606NewAdi6\n","uploadtime":1699646506,"views":12,"p1id":"cosmicpharaoh","p2id":"newadi6","formatid":"gen9vgc2023regulatione","rating":1337,"private":0,"password":""}