{"id":"gen9vgc2023regulatione-1992591226","p1":"That_Leek","p2":"Meldyfreld","format":"[Gen 9] VGC 2023 Regulation E","log":"|j|\u2606That_Leek\n|j|\u2606Meldyfreld\n|t:|1700211190\n|gametype|doubles\n|player|p1|That_Leek|blue|\n|player|p2|Meldyfreld|265|\n|teamsize|p1|6\n|teamsize|p2|6\n|gen|9\n|tier|[Gen 9] VGC 2023 Regulation E\n|rated|Tournament battle\n|rule|Species Clause: Limit one of each Pok\u00e9mon\n|rule|Item Clause: Limit one of each item\n|clearpoke\n|poke|p1|Gholdengo, L50|\n|poke|p1|Ogerpon-Wellspring, L50, F|\n|poke|p1|Arcanine-Hisui, L50, F|\n|poke|p1|Chien-Pao, L50|\n|poke|p1|Scream Tail, L50|\n|poke|p1|Dragonite, L50, F|\n|poke|p2|Ninetales-Alola, L50, M|\n|poke|p2|Sinistcha, L50|\n|poke|p2|Baxcalibur, L50, F|\n|poke|p2|Iron Hands, L50|\n|poke|p2|Arcanine-Hisui, L50, F|\n|poke|p2|Flutter Mane, L50|\n|teampreview|4\n|showteam|p1|Gholdengo||SitrusBerry|GoodasGold|MakeItRain,ShadowBall,NastyPlot,Protect||||||50|,,,,,Water]Ogerpon-Wellspring||WellspringMask|WaterAbsorb|IvyCudgel,SpikyShield,FollowMe,HornLeech|||F|||50|,,,,,Water]Arcanine-Hisui||ChoiceBand|Intimidate|RockSlide,ExtremeSpeed,FlareBlitz,TeraBlast|||F|||50|,,,,,Fairy]Chien-Pao||FocusSash|SwordofRuin|SuckerPunch,IceSpinner,Protect,SacredSword||||||50|,,,,,Ghost]Scream Tail||BoosterEnergy|Protosynthesis|Howl,ThunderWave,Disable,PlayRough||||||50|,,,,,Steel]Dragonite||AssaultVest|InnerFocus|ExtremeSpeed,AerialAce,DragonClaw,StompingTantrum|||F|||50|,,,,,Poison\n|showteam|p2|Ninetales-Alola||LightClay|SnowWarning|AuroraVeil,Blizzard,IcyWind,Protect|||M|||50|,,,,,Water]Sinistcha||RockyHelmet|Hospitality|MatchaGotcha,StrengthSap,RagePowder,TrickRoom||||||50|,,,,,Fire]Baxcalibur||LoadedDice|IceBody|IcicleSpear,ScaleShot,SwordsDance,Protect|||F|||50|,,,,,Poison]Iron Hands||AssaultVest|QuarkDrive|DrainPunch,WildCharge,HeavySlam,FakeOut||||||50|,,,,,Water]Arcanine-Hisui||SitrusBerry|Intimidate|RockSlide,FlareBlitz,WillOWisp,Protect|||F|||50|,,,,,Fairy]Flutter Mane||BoosterEnergy|Protosynthesis|DazzlingGleam,Moonblast,ShadowBall,Protect||||||50|,,,,,Fairy\n|inactive|Battle timer is ON: inactive players will automatically lose when time's up. (requested by Meldyfreld)\n|j| O1OOO11O\n|j|%Therazer456\n|inactive|Meldyfreld has 60 seconds left.\n|inactive|Meldyfreld has 30 seconds left.\n|\n|t:|1700211260\n|start\n|switch|p1a: Gholdengo|Gholdengo, L50|100\/100\n|switch|p1b: Ogerpon|Ogerpon-Wellspring, L50, F|100\/100\n|switch|p2a: Ninetales|Ninetales-Alola, L50, M|100\/100\n|switch|p2b: Iron Hands|Iron Hands, L50|100\/100\n|-weather|Snow|[from] ability: Snow Warning|[of] p2a: Ninetales\n|turn|1\n|\n|t:|1700211276\n|-terastallize|p2a: Ninetales|Water\n|move|p2b: Iron Hands|Fake Out|p1b: Ogerpon\n|-damage|p1b: Ogerpon|88\/100\n|move|p2a: Ninetales|Aurora Veil|p2a: Ninetales\n|-sidestart|p2: Meldyfreld|move: Aurora Veil\n|cant|p1b: Ogerpon|flinch\n|move|p1a: Gholdengo|Nasty Plot|p1a: Gholdengo\n|-boost|p1a: Gholdengo|spa|2\n|\n|-weather|Snow|[upkeep]\n|upkeep\n|turn|2\n|\n|t:|1700211291\n|move|p1a: Gholdengo|Protect|p1a: Gholdengo\n|-singleturn|p1a: Gholdengo|Protect\n|move|p2a: Ninetales|Icy Wind|p1b: Ogerpon|[spread] p1b\n|-activate|p1a: Gholdengo|move: Protect\n|-crit|p1b: Ogerpon\n|-damage|p1b: Ogerpon|70\/100\n|-unboost|p1b: Ogerpon|spe|1\n|move|p1b: Ogerpon|Horn Leech|p2a: Ninetales\n|-supereffective|p2a: Ninetales\n|-damage|p2a: Ninetales|34\/100\n|-heal|p1b: Ogerpon|100\/100|[from] drain|[of] p2a: Ninetales\n|move|p2b: Iron Hands|Wild Charge|p1a: Gholdengo\n|-activate|p1a: Gholdengo|move: Protect\n|\n|-weather|Snow|[upkeep]\n|upkeep\n|turn|3\n|\n|t:|1700211305\n|move|p1b: Ogerpon|Spiky Shield|p1b: Ogerpon\n|-singleturn|p1b: Ogerpon|move: Protect\n|move|p2a: Ninetales|Icy Wind|p1b: Ogerpon|[spread] p1a\n|-activate|p1b: Ogerpon|move: Protect\n|-resisted|p1a: Gholdengo\n|-damage|p1a: Gholdengo|94\/100\n|-unboost|p1a: Gholdengo|spe|1\n|move|p2b: Iron Hands|Wild Charge|p1a: Gholdengo\n|-damage|p1a: Gholdengo|48\/100\n|-enditem|p1a: Gholdengo|Sitrus Berry|[eat]\n|-heal|p1a: Gholdengo|73\/100|[from] item: Sitrus Berry\n|-damage|p2b: Iron Hands|91\/100|[from] Recoil\n|move|p1a: Gholdengo|Nasty Plot|p1a: Gholdengo\n|-boost|p1a: Gholdengo|spa|2\n|\n|-weather|Snow|[upkeep]\n|upkeep\n|turn|4\n|inactive|Meldyfreld has 30 seconds left.\n|inactive|Meldyfreld has 20 seconds left.\n|\n|t:|1700211344\n|move|p1a: Gholdengo|Protect|p1a: Gholdengo\n|-singleturn|p1a: Gholdengo|Protect\n|move|p2a: Ninetales|Blizzard|p1a: Gholdengo|[spread] p1b\n|-activate|p1a: Gholdengo|move: Protect\n|-damage|p1b: Ogerpon|79\/100\n|move|p1b: Ogerpon|Horn Leech|p2a: Ninetales\n|-supereffective|p2a: Ninetales\n|-damage|p2a: Ninetales|0 fnt\n|-heal|p1b: Ogerpon|95\/100|[from] drain|[of] p2a: Ninetales\n|faint|p2a: Ninetales\n|move|p2b: Iron Hands|Drain Punch|p1b: Ogerpon\n|-damage|p1b: Ogerpon|55\/100\n|-heal|p2b: Iron Hands|100\/100|[from] drain|[of] p1b: Ogerpon\n|\n|-weather|Snow|[upkeep]\n|upkeep\n|\n|t:|1700211355\n|switch|p2a: Flutter Mane|Flutter Mane, L50|100\/100\n|-enditem|p2a: Flutter Mane|Booster Energy\n|-activate|p2a: Flutter Mane|ability: Protosynthesis|[fromitem]\n|-start|p2a: Flutter Mane|protosynthesisspa\n|turn|5\n|j| FatalEspresso\n|\n|t:|1700211365\n|move|p1b: Ogerpon|Follow Me|p1b: Ogerpon\n|-singleturn|p1b: Ogerpon|move: Follow Me\n|move|p2a: Flutter Mane|Shadow Ball|p1b: Ogerpon\n|-damage|p1b: Ogerpon|0 fnt\n|faint|p1b: Ogerpon\n|move|p2b: Iron Hands|Wild Charge|p1a: Gholdengo\n|-crit|p1a: Gholdengo\n|-damage|p1a: Gholdengo|9\/100\n|-damage|p2b: Iron Hands|88\/100|[from] Recoil\n|move|p1a: Gholdengo|Make It Rain|p2b: Iron Hands|[spread] p2a,p2b\n|-supereffective|p2a: Flutter Mane\n|-resisted|p2b: Iron Hands\n|-damage|p2a: Flutter Mane|0 fnt\n|-damage|p2b: Iron Hands|62\/100\n|-unboost|p1a: Gholdengo|spa|1\n|faint|p2a: Flutter Mane\n|-end|p2a: Flutter Mane|Protosynthesis|[silent]\n|\n|-weather|none\n|upkeep\n|\n|t:|1700211373\n|switch|p2a: Arcanine|Arcanine-Hisui, L50, F|100\/100\n|switch|p1b: Arcanine|Arcanine-Hisui, L50, F|100\/100\n|-ability|p1b: Arcanine|Intimidate|boost\n|-unboost|p2a: Arcanine|atk|1\n|-unboost|p2b: Iron Hands|atk|1\n|-ability|p2a: Arcanine|Intimidate|boost\n|-unboost|p1a: Gholdengo|atk|1\n|-unboost|p1b: Arcanine|atk|1\n|turn|6\n|l| FatalEspresso\n|\n|t:|1700211381\n|switch|p1b: Chien-Pao|Chien-Pao, L50|100\/100\n|-ability|p1b: Chien-Pao|Sword of Ruin\n|move|p1a: Gholdengo|Protect|p1a: Gholdengo\n|-singleturn|p1a: Gholdengo|Protect\n|move|p2a: Arcanine|Rock Slide|p1b: Chien-Pao|[spread] p1b\n|-activate|p1a: Gholdengo|move: Protect\n|-supereffective|p1b: Chien-Pao\n|-damage|p1b: Chien-Pao|49\/100\n|move|p2b: Iron Hands|Drain Punch|p1b: Chien-Pao\n|-supereffective|p1b: Chien-Pao\n|-damage|p1b: Chien-Pao|0 fnt\n|-heal|p2b: Iron Hands|78\/100|[from] drain|[of] p1b: Chien-Pao\n|faint|p1b: Chien-Pao\n|\n|upkeep\n|\n|t:|1700211385\n|switch|p1b: Arcanine|Arcanine-Hisui, L50, F|100\/100\n|-ability|p1b: Arcanine|Intimidate|boost\n|-unboost|p2a: Arcanine|atk|1\n|-unboost|p2b: Iron Hands|atk|1\n|turn|7\n|\n|t:|1700211400\n|-terastallize|p1b: Arcanine|Fairy\n|move|p2a: Arcanine|Protect|p2a: Arcanine\n|-singleturn|p2a: Arcanine|Protect\n|move|p1b: Arcanine|Tera Blast|p2b: Iron Hands|[anim] Tera Blast Fairy\n|-supereffective|p2b: Iron Hands\n|-damage|p2b: Iron Hands|24\/100\n|move|p2b: Iron Hands|Wild Charge|p1a: Gholdengo\n|-damage|p1a: Gholdengo|0 fnt\n|faint|p1a: Gholdengo\n|-damage|p2b: Iron Hands|22\/100|[from] Recoil\n|\n|upkeep\n|turn|8\n|\n|t:|1700211413\n|move|p1b: Arcanine|Tera Blast|p2b: Iron Hands|[anim] Tera Blast Fairy\n|-supereffective|p2b: Iron Hands\n|-damage|p2b: Iron Hands|0 fnt\n|faint|p2b: Iron Hands\n|-end|p2b: Iron Hands|Quark Drive|[silent]\n|move|p2a: Arcanine|Rock Slide|p1b: Arcanine\n|-damage|p1b: Arcanine|78\/100\n|\n|-sideend|p2: Meldyfreld|move: Aurora Veil\n|upkeep\n|turn|9\n|\n|t:|1700211423\n|move|p1b: Arcanine|Tera Blast|p2a: Arcanine|[anim] Tera Blast Fairy\n|-resisted|p2a: Arcanine\n|-damage|p2a: Arcanine|65\/100\n|move|p2a: Arcanine|Will-O-Wisp|p1b: Arcanine\n|-status|p1b: Arcanine|brn\n|\n|-damage|p1b: Arcanine|72\/100 brn|[from] brn\n|upkeep\n|turn|10\n|\n|t:|1700211436\n|move|p1b: Arcanine|Tera Blast|p2a: Arcanine|[anim] Tera Blast Fairy\n|-resisted|p2a: Arcanine\n|-damage|p2a: Arcanine|48\/100\n|-enditem|p2a: Arcanine|Sitrus Berry|[eat]\n|-heal|p2a: Arcanine|72\/100|[from] item: Sitrus Berry\n|move|p2a: Arcanine|Rock Slide|p1b: Arcanine\n|-damage|p1b: Arcanine|51\/100 brn\n|\n|-damage|p1b: Arcanine|45\/100 brn|[from] brn\n|upkeep\n|turn|11\n|c|\u2606That_Leek|gg\n|c|\u2606Meldyfreld|gg\n|\n|t:|1700211450\n|move|p1b: Arcanine|Tera Blast|p2a: Arcanine|[anim] Tera Blast Fairy\n|-resisted|p2a: Arcanine\n|-damage|p2a: Arcanine|57\/100\n|move|p2a: Arcanine|Rock Slide|p1b: Arcanine\n|-damage|p1b: Arcanine|22\/100 brn\n|\n|-damage|p1b: Arcanine|16\/100 brn|[from] brn\n|upkeep\n|turn|12\n|\n|t:|1700211454\n|move|p1b: Arcanine|Tera Blast|p2a: Arcanine|[anim] Tera Blast Fairy\n|-resisted|p2a: Arcanine\n|-damage|p2a: Arcanine|39\/100\n|move|p2a: Arcanine|Rock Slide|p1b: Arcanine\n|-damage|p1b: Arcanine|0 fnt\n|faint|p1b: Arcanine\n|\n|win|Meldyfreld\n|n|\u2606That_Leek|thatleek\n|n|\u2606Meldyfreld|meldyfreld\n|n| O1OOO11O|o1ooo11o\n|n| Therazer456|therazer456\n","uploadtime":1700211455,"views":13,"p1id":"thatleek","p2id":"meldyfreld","formatid":"gen9vgc2023regulatione","rating":0,"private":0,"password":""}