{"id":"gen9vgc2023regulatione-1997683328","p1":"BinaryBishop","p2":"Termies","format":"[Gen 9] VGC 2023 Regulation E","log":"|j|\u2606BinaryBishop\n|j|\u2606Termies\n|t:|1700841389\n|gametype|doubles\n|player|p1|BinaryBishop|will|1184\n|player|p2|Termies|266|1121\n|teamsize|p1|6\n|teamsize|p2|6\n|gen|9\n|tier|[Gen 9] VGC 2023 Regulation E\n|rated|\n|rule|Species Clause: Limit one of each Pok\u00e9mon\n|rule|Item Clause: Limit one of each item\n|clearpoke\n|poke|p1|Wo-Chien, L50|\n|poke|p1|Salazzle, L50, F|\n|poke|p1|Grimmsnarl, L50, M|\n|poke|p1|Goodra-Hisui, L50, F|\n|poke|p1|Sinistcha, L50|\n|poke|p1|Ursaluna, L50, M|\n|poke|p2|Regidrago, L50|\n|poke|p2|Tornadus, L50, M|\n|poke|p2|Clefairy, L50, M|\n|poke|p2|Urshifu-*, L50, M|\n|poke|p2|Rillaboom, L50, M|\n|poke|p2|Sneasler, L50, F|\n|teampreview|4\n|inactive|Battle timer is ON: inactive players will automatically lose when time's up. (requested by BinaryBishop)\n|\n|t:|1700841414\n|start\n|switch|p1a: Wo-Chien|Wo-Chien, L50|100\/100\n|switch|p1b: Salazzle|Salazzle, L50, F|100\/100\n|switch|p2a: Regidrago|Regidrago, L50|100\/100\n|switch|p2b: Tornadus|Tornadus, L50, M|100\/100\n|-ability|p1a: Wo-Chien|Tablets of Ruin\n|turn|1\n|\n|t:|1700841437\n|-terastallize|p2a: Regidrago|Dragon\n|move|p2b: Tornadus|Tailwind|p2b: Tornadus\n|-sidestart|p2: Termies|move: Tailwind\n|move|p2a: Regidrago|Dragon Energy|p1b: Salazzle|[spread] p1a,p1b\n|-damage|p1a: Wo-Chien|32\/100\n|-enditem|p1b: Salazzle|Focus Sash\n|-damage|p1b: Salazzle|1\/100\n|move|p1b: Salazzle|Poison Gas|p2a: Regidrago|[spread] p2a,p2b\n|-status|p2a: Regidrago|psn\n|-status|p2b: Tornadus|psn\n|move|p1a: Wo-Chien|Substitute|p1a: Wo-Chien\n|-start|p1a: Wo-Chien|Substitute\n|-damage|p1a: Wo-Chien|7\/100\n|\n|-heal|p1a: Wo-Chien|13\/100|[from] item: Leftovers\n|-damage|p2a: Regidrago|88\/100 psn|[from] psn\n|-damage|p2b: Tornadus|88\/100 psn|[from] psn\n|upkeep\n|turn|2\n|inactive|Termies has 30 seconds left.\n|\n|t:|1700841468\n|move|p1a: Wo-Chien|Protect|p1a: Wo-Chien\n|-singleturn|p1a: Wo-Chien|Protect\n|move|p2a: Regidrago|Dragon Energy|p1a: Wo-Chien|[spread] p1b\n|-activate|p1a: Wo-Chien|move: Protect\n|-damage|p1b: Salazzle|0 fnt\n|faint|p1b: Salazzle\n|move|p2b: Tornadus|Icy Wind|p1a: Wo-Chien\n|-activate|p1a: Wo-Chien|move: Protect\n|\n|-heal|p1a: Wo-Chien|19\/100|[from] item: Leftovers\n|-damage|p2a: Regidrago|76\/100 psn|[from] psn\n|-damage|p2b: Tornadus|76\/100 psn|[from] psn\n|upkeep\n|\n|t:|1700841474\n|switch|p1b: Sinistcha|Sinistcha, L50|100\/100\n|-heal|p1a: Wo-Chien|44\/100|[from] ability: Hospitality|[of] p1b: Sinistcha\n|turn|3\n|\n|t:|1700841485\n|move|p2a: Regidrago|Rest|p2a: Regidrago\n|-status|p2a: Regidrago|slp|[from] move: Rest\n|-heal|p2a: Regidrago|100\/100 slp|[silent]\n|-enditem|p2a: Regidrago|Chesto Berry|[eat]\n|-curestatus|p2a: Regidrago|slp|[msg]\n|move|p2b: Tornadus|Bleakwind Storm|p1a: Wo-Chien|[spread] \n|-miss|p2b: Tornadus|p1a: Wo-Chien\n|-miss|p2b: Tornadus|p1b: Sinistcha\n|move|p1b: Sinistcha|Life Dew||[still]|[spread] p1a,p1b\n|-heal|p1a: Wo-Chien|69\/100\n|-fail|p1b: Sinistcha|heal\n|move|p1a: Wo-Chien|Leech Seed|p2a: Regidrago\n|-start|p2a: Regidrago|move: Leech Seed\n|\n|-heal|p1a: Wo-Chien|75\/100|[from] item: Leftovers\n|-damage|p2a: Regidrago|88\/100|[from] Leech Seed|[of] p1a: Wo-Chien\n|-heal|p1a: Wo-Chien|93\/100|[silent]\n|-damage|p2b: Tornadus|63\/100 psn|[from] psn\n|upkeep\n|turn|4\n|\n|t:|1700841508\n|switch|p2a: Rillaboom|Rillaboom, L50, M|100\/100\n|-fieldstart|move: Grassy Terrain|[from] ability: Grassy Surge|[of] p2a: Rillaboom\n|move|p2b: Tornadus|Bleakwind Storm|p1b: Sinistcha|[spread] p1a,p1b\n|-supereffective|p1a: Wo-Chien\n|-end|p1a: Wo-Chien|Substitute\n|-supereffective|p1b: Sinistcha\n|-damage|p1b: Sinistcha|40\/100\n|-unboost|p1b: Sinistcha|spe|1\n|move|p1a: Wo-Chien|Snarl|p2a: Rillaboom|[spread] p2a,p2b\n|-damage|p2a: Rillaboom|90\/100\n|-damage|p2b: Tornadus|52\/100 psn\n|-unboost|p2a: Rillaboom|spa|1\n|move|p1b: Sinistcha|Trick Room|p1b: Sinistcha\n|-fieldstart|move: Trick Room|[of] p1b: Sinistcha\n|\n|-heal|p1b: Sinistcha|46\/100|[from] Grassy Terrain\n|-heal|p1a: Wo-Chien|99\/100|[from] Grassy Terrain\n|-heal|p1a: Wo-Chien|100\/100|[from] item: Leftovers\n|-heal|p2a: Rillaboom|96\/100|[from] Grassy Terrain\n|-damage|p2b: Tornadus|39\/100 psn|[from] psn\n|-sideend|p2: Termies|move: Tailwind\n|upkeep\n|turn|5\n|inactive|Termies has 30 seconds left.\n|\n|t:|1700841535\n|-terastallize|p1a: Wo-Chien|Ghost\n|move|p1b: Sinistcha|Life Dew||[still]|[spread] p1a,p1b\n|-fail|p1a: Wo-Chien|heal\n|-heal|p1b: Sinistcha|71\/100\n|move|p1a: Wo-Chien|Substitute|p1a: Wo-Chien\n|-start|p1a: Wo-Chien|Substitute\n|-damage|p1a: Wo-Chien|75\/100\n|move|p2a: Rillaboom|Knock Off|p1b: Sinistcha\n|-supereffective|p1b: Sinistcha\n|-damage|p1b: Sinistcha|31\/100\n|-enditem|p1b: Sinistcha|Mental Herb|[from] move: Knock Off|[of] p2a: Rillaboom\n|move|p2b: Tornadus|Bleakwind Storm|p1b: Sinistcha|[spread] p1a,p1b\n|-activate|p1a: Wo-Chien|move: Substitute|[damage]\n|-supereffective|p1b: Sinistcha\n|-damage|p1b: Sinistcha|0 fnt\n|faint|p1b: Sinistcha\n|\n|-heal|p1a: Wo-Chien|82\/100|[from] Grassy Terrain\n|-heal|p1a: Wo-Chien|88\/100|[from] item: Leftovers\n|-heal|p2a: Rillaboom|100\/100|[from] Grassy Terrain\n|-damage|p2b: Tornadus|27\/100 psn|[from] psn\n|upkeep\n|\n|t:|1700841551\n|switch|p1b: Goodra|Goodra-Hisui, L50, F|100\/100\n|turn|6\n|\n|t:|1700841569\n|move|p2b: Tornadus|Protect|p2b: Tornadus\n|-singleturn|p2b: Tornadus|Protect\n|move|p1b: Goodra|Shelter|p1b: Goodra\n|-boost|p1b: Goodra|def|2\n|move|p1a: Wo-Chien|Snarl|p2b: Tornadus|[spread] p2a\n|-activate|p2b: Tornadus|move: Protect\n|-damage|p2a: Rillaboom|91\/100\n|-unboost|p2a: Rillaboom|spa|1\n|move|p2a: Rillaboom|Knock Off|p1b: Goodra\n|-damage|p1b: Goodra|89\/100\n|-enditem|p1b: Goodra|Sitrus Berry|[from] move: Knock Off|[of] p2a: Rillaboom\n|\n|-heal|p1b: Goodra|95\/100|[from] Grassy Terrain\n|-heal|p1a: Wo-Chien|94\/100|[from] Grassy Terrain\n|-heal|p1a: Wo-Chien|100\/100|[from] item: Leftovers\n|-heal|p2a: Rillaboom|97\/100|[from] Grassy Terrain\n|-damage|p2b: Tornadus|14\/100 psn|[from] psn\n|upkeep\n|turn|7\n|inactive|BinaryBishop has 30 seconds left.\n|inactive|Termies has 30 seconds left.\n|\n|t:|1700841594\n|move|p1b: Goodra|Shelter|p1b: Goodra\n|-boost|p1b: Goodra|def|2\n|move|p1a: Wo-Chien|Snarl|p2a: Rillaboom|[spread] p2a,p2b\n|-crit|p2b: Tornadus\n|-damage|p2a: Rillaboom|87\/100\n|-damage|p2b: Tornadus|0 fnt\n|-unboost|p2a: Rillaboom|spa|1\n|faint|p2b: Tornadus\n|move|p2a: Rillaboom|Wood Hammer|p1a: Wo-Chien\n|-end|p1a: Wo-Chien|Substitute\n|-damage|p2a: Rillaboom|86\/100|[from] Recoil|[of] p1a: Wo-Chien\n|\n|-heal|p1b: Goodra|100\/100|[from] Grassy Terrain\n|-heal|p2a: Rillaboom|92\/100|[from] Grassy Terrain\n|upkeep\n|\n|t:|1700841605\n|switch|p2b: Sneasler|Sneasler, L50, F|100\/100\n|-enditem|p2b: Sneasler|Grassy Seed\n|-boost|p2b: Sneasler|def|1|[from] item: Grassy Seed\n|turn|8\n|\n|t:|1700841622\n|move|p2b: Sneasler|Protect|p2b: Sneasler\n|-singleturn|p2b: Sneasler|Protect\n|move|p1b: Goodra|Body Press|p2a: Rillaboom\n|-damage|p2a: Rillaboom|45\/100\n|move|p1a: Wo-Chien|Leech Seed|p2b: Sneasler\n|-activate|p2b: Sneasler|move: Protect\n|move|p2a: Rillaboom|Wood Hammer|p1a: Wo-Chien\n|-damage|p1a: Wo-Chien|61\/100\n|-damage|p2a: Rillaboom|31\/100|[from] Recoil\n|\n|-heal|p1a: Wo-Chien|67\/100|[from] Grassy Terrain\n|-heal|p1a: Wo-Chien|73\/100|[from] item: Leftovers\n|-heal|p2a: Rillaboom|36\/100|[from] Grassy Terrain\n|-fieldend|move: Trick Room\n|-fieldend|move: Grassy Terrain\n|upkeep\n|turn|9\n|inactive|Termies has 30 seconds left.\n|\n|t:|1700841649\n|move|p2b: Sneasler|Close Combat|p1b: Goodra\n|-supereffective|p1b: Goodra\n|-damage|p1b: Goodra|71\/100\n|-unboost|p2b: Sneasler|def|1\n|-unboost|p2b: Sneasler|spd|1\n|move|p2a: Rillaboom|Knock Off|p1a: Wo-Chien\n|-supereffective|p1a: Wo-Chien\n|-damage|p1a: Wo-Chien|40\/100\n|-enditem|p1a: Wo-Chien|Leftovers|[from] move: Knock Off|[of] p2a: Rillaboom\n|move|p1a: Wo-Chien|Substitute|p1a: Wo-Chien\n|-start|p1a: Wo-Chien|Substitute\n|-damage|p1a: Wo-Chien|15\/100\n|move|p1b: Goodra|Life Dew|p1b: Goodra|[spread] p1a,p1b\n|-heal|p1a: Wo-Chien|40\/100\n|-heal|p1b: Goodra|96\/100\n|\n|upkeep\n|turn|10\n|inactive|BinaryBishop has 30 seconds left.\n|\n|t:|1700841678\n|move|p1a: Wo-Chien|Protect|p1a: Wo-Chien\n|-singleturn|p1a: Wo-Chien|Protect\n|move|p2b: Sneasler|Dire Claw|p1a: Wo-Chien\n|-activate|p1a: Wo-Chien|move: Protect\n|move|p2a: Rillaboom|Knock Off|p1a: Wo-Chien\n|-activate|p1a: Wo-Chien|move: Protect\n|move|p1b: Goodra|Life Dew|p1b: Goodra|[spread] p1a,p1b\n|-heal|p1a: Wo-Chien|65\/100\n|-heal|p1b: Goodra|100\/100\n|\n|upkeep\n|turn|11\n|\n|t:|1700841696\n|move|p2b: Sneasler|Dire Claw|p1a: Wo-Chien\n|-resisted|p1a: Wo-Chien\n|-activate|p1a: Wo-Chien|move: Substitute|[damage]\n|move|p2a: Rillaboom|Knock Off|p1a: Wo-Chien\n|-supereffective|p1a: Wo-Chien\n|-crit|p1a: Wo-Chien\n|-end|p1a: Wo-Chien|Substitute\n|move|p1a: Wo-Chien|Leech Seed|p2b: Sneasler\n|-start|p2b: Sneasler|move: Leech Seed\n|move|p1b: Goodra|Body Press|p2a: Rillaboom\n|-damage|p2a: Rillaboom|0 fnt\n|faint|p2a: Rillaboom\n|\n|-damage|p2b: Sneasler|88\/100|[from] Leech Seed|[of] p1a: Wo-Chien\n|-heal|p1a: Wo-Chien|77\/100|[silent]\n|upkeep\n|\n|t:|1700841705\n|switch|p2a: Regidrago|Regidrago, L50, tera:Dragon|88\/100\n|turn|12\n|\n|t:|1700841718\n|move|p1a: Wo-Chien|Protect|p1a: Wo-Chien\n|-singleturn|p1a: Wo-Chien|Protect\n|move|p2b: Sneasler|Close Combat|p1b: Goodra\n|-supereffective|p1b: Goodra\n|-damage|p1b: Goodra|71\/100\n|-unboost|p2b: Sneasler|def|1\n|-unboost|p2b: Sneasler|spd|1\n|move|p2a: Regidrago|Dragon Energy|p1b: Goodra|[spread] p1b\n|-activate|p1a: Wo-Chien|move: Protect\n|-damage|p1b: Goodra|25\/100\n|move|p1b: Goodra|Body Press|p2a: Regidrago\n|-damage|p2a: Regidrago|38\/100\n|\n|-damage|p2b: Sneasler|76\/100|[from] Leech Seed|[of] p1a: Wo-Chien\n|-heal|p1a: Wo-Chien|89\/100|[silent]\n|upkeep\n|turn|13\n|\n|t:|1700841735\n|move|p2b: Sneasler|Protect|p2b: Sneasler\n|-singleturn|p2b: Sneasler|Protect\n|move|p2a: Regidrago|Earth Power|p1b: Goodra\n|-supereffective|p1b: Goodra\n|-damage|p1b: Goodra|0 fnt\n|faint|p1b: Goodra\n|move|p1a: Wo-Chien|Leech Seed|p2a: Regidrago|[miss]\n|-miss|p1a: Wo-Chien|p2a: Regidrago\n|\n|-damage|p2b: Sneasler|64\/100|[from] Leech Seed|[of] p1a: Wo-Chien\n|-heal|p1a: Wo-Chien|100\/100|[silent]\n|upkeep\n|turn|14\n|\n|t:|1700841756\n|move|p2b: Sneasler|Dire Claw|p1a: Wo-Chien\n|-resisted|p1a: Wo-Chien\n|-damage|p1a: Wo-Chien|88\/100\n|move|p2a: Regidrago|Rest|p2a: Regidrago\n|-status|p2a: Regidrago|slp|[from] move: Rest\n|-heal|p2a: Regidrago|100\/100 slp|[silent]\n|move|p1a: Wo-Chien|Leech Seed|p2a: Regidrago\n|-start|p2a: Regidrago|move: Leech Seed\n|\n|-damage|p2b: Sneasler|51\/100|[from] Leech Seed|[of] p1a: Wo-Chien\n|-heal|p1a: Wo-Chien|99\/100|[silent]\n|-damage|p2a: Regidrago|88\/100 slp|[from] Leech Seed|[of] p1a: Wo-Chien\n|-heal|p1a: Wo-Chien|100\/100|[silent]\n|upkeep\n|turn|15\n|inactive|BinaryBishop has 30 seconds left.\n|\n|t:|1700841784\n|move|p2b: Sneasler|Dire Claw|p1a: Wo-Chien\n|-resisted|p1a: Wo-Chien\n|-damage|p1a: Wo-Chien|88\/100\n|cant|p2a: Regidrago|slp\n|move|p1a: Wo-Chien|Substitute|p1a: Wo-Chien\n|-start|p1a: Wo-Chien|Substitute\n|-damage|p1a: Wo-Chien|63\/100\n|\n|-damage|p2b: Sneasler|39\/100|[from] Leech Seed|[of] p1a: Wo-Chien\n|-heal|p1a: Wo-Chien|75\/100|[silent]\n|-damage|p2a: Regidrago|76\/100 slp|[from] Leech Seed|[of] p1a: Wo-Chien\n|-heal|p1a: Wo-Chien|93\/100|[silent]\n|upkeep\n|turn|16\n|\n|t:|1700841802\n|move|p2b: Sneasler|Acrobatics|p1a: Wo-Chien\n|-activate|p1a: Wo-Chien|move: Substitute|[damage]\n|cant|p2a: Regidrago|slp\n|move|p1a: Wo-Chien|Snarl|p2a: Regidrago|[spread] p2a,p2b\n|-resisted|p2b: Sneasler\n|-damage|p2a: Regidrago|62\/100 slp\n|-damage|p2b: Sneasler|23\/100\n|-unboost|p2a: Regidrago|spa|1\n|-unboost|p2b: Sneasler|spa|1\n|\n|-damage|p2b: Sneasler|11\/100|[from] Leech Seed|[of] p1a: Wo-Chien\n|-heal|p1a: Wo-Chien|100\/100|[silent]\n|-damage|p2a: Regidrago|49\/100 slp|[from] Leech Seed|[of] p1a: Wo-Chien\n|upkeep\n|turn|17\n|\n|t:|1700841818\n|move|p2b: Sneasler|Acrobatics|p1a: Wo-Chien\n|-end|p1a: Wo-Chien|Substitute\n|-curestatus|p2a: Regidrago|slp|[msg]\n|move|p2a: Regidrago|Earth Power|p1a: Wo-Chien\n|-damage|p1a: Wo-Chien|89\/100\n|move|p1a: Wo-Chien|Snarl|p2a: Regidrago|[spread] p2a,p2b\n|-resisted|p2b: Sneasler\n|-damage|p2a: Regidrago|34\/100\n|-damage|p2b: Sneasler|0 fnt\n|-unboost|p2a: Regidrago|spa|1\n|faint|p2b: Sneasler\n|\n|-damage|p2a: Regidrago|22\/100|[from] Leech Seed|[of] p1a: Wo-Chien\n|-heal|p1a: Wo-Chien|100\/100|[silent]\n|upkeep\n|turn|18\n|-message|Termies forfeited.\n|\n|win|BinaryBishop\n|raw|BinaryBishop's rating: 1184 &rarr; <strong>1205<\/strong><br \/>(+21 for winning)\n|raw|Termies's rating: 1121 &rarr; <strong>1100<\/strong><br \/>(-21 for losing)\n|l|\u2606Termies\n","uploadtime":1700841842,"views":1,"p1id":"binarybishop","p2id":"termies","formatid":"gen9vgc2023regulatione","rating":1100,"private":0,"password":""}