{"id":"gen9vgc2023regulatione-1998680163","p1":"FLINTT1","p2":"MentalSyndrome","format":"[Gen 9] VGC 2023 Regulation E","log":"|j|\u2606FLINTT1\n|j|\u2606MentalSyndrome\n|t:|1700971587\n|gametype|doubles\n|player|p1|FLINTT1|flint|1120\n|player|p2|MentalSyndrome|byron|1173\n|teamsize|p1|6\n|teamsize|p2|6\n|gen|9\n|tier|[Gen 9] VGC 2023 Regulation E\n|rated|\n|rule|Species Clause: Limit one of each Pok\u00e9mon\n|rule|Item Clause: Limit one of each item\n|clearpoke\n|poke|p1|Zapdos, L50|\n|poke|p1|Gholdengo, L50|\n|poke|p1|Kingambit, L50, M|\n|poke|p1|Basculegion, L50, M|\n|poke|p1|Thundurus, L50, M|\n|poke|p1|Ogerpon-Hearthflame, L50, F|\n|poke|p2|Tornadus, L50, M|\n|poke|p2|Zapdos, L50|\n|poke|p2|Lucario, L50, M|\n|poke|p2|Arbok, L50, M|\n|poke|p2|Breloom, L50, F|\n|poke|p2|Tinkaton, L50, F|\n|teampreview|4\nFLINTT1 rejected open team sheets.\n|\n|t:|1700971625\n|start\n|switch|p1a: Gholdengo|Gholdengo, L50|100\/100\n|switch|p1b: Thundurus|Thundurus, L50, M|100\/100\n|switch|p2a: Arbok|Arbok, L50, M, shiny|100\/100\n|switch|p2b: Tornadus|Tornadus, L50, M|100\/100\n|-ability|p2a: Arbok|Intimidate|boost\n|-unboost|p1a: Gholdengo|atk|1\n|-unboost|p1b: Thundurus|atk|1\n|turn|1\n|\n|t:|1700971643\n|move|p2b: Tornadus|Tailwind|p2b: Tornadus\n|-sidestart|p2: MentalSyndrome|move: Tailwind\n|move|p1b: Thundurus|Rain Dance|p1b: Thundurus\n|-weather|RainDance\n|move|p2a: Arbok|Snarl|p1b: Thundurus|[spread] p1a,p1b\n|-supereffective|p1a: Gholdengo\n|-damage|p1a: Gholdengo|86\/100\n|-damage|p1b: Thundurus|96\/100\n|-unboost|p1a: Gholdengo|spa|1\n|-unboost|p1b: Thundurus|spa|1\n|move|p1a: Gholdengo|Nasty Plot|p1a: Gholdengo\n|-boost|p1a: Gholdengo|spa|2\n|\n|-weather|RainDance|[upkeep]\n|upkeep\n|turn|2\n|\n|t:|1700971662\n|move|p2a: Arbok|Sucker Punch||[still]\n|-fail|p2a: Arbok\n|move|p2b: Tornadus|Bleakwind Storm|p1b: Thundurus|[spread] p1a,p1b\n|-resisted|p1a: Gholdengo\n|-resisted|p1b: Thundurus\n|-damage|p1a: Gholdengo|67\/100\n|-damage|p1b: Thundurus|83\/100\n|move|p1a: Gholdengo|Nasty Plot|p1a: Gholdengo\n|-boost|p1a: Gholdengo|spa|2\n|move|p1b: Thundurus|Wildbolt Storm|p2a: Arbok|[spread] p2a,p2b\n|-supereffective|p2b: Tornadus\n|-damage|p2a: Arbok|81\/100\n|-damage|p2b: Tornadus|54\/100\n|\n|-weather|RainDance|[upkeep]\n|upkeep\n|turn|3\n|\n|t:|1700971682\n|move|p2b: Tornadus|Protect|p2b: Tornadus\n|-singleturn|p2b: Tornadus|Protect\n|move|p1b: Thundurus|Thunder Wave|p2a: Arbok\n|-status|p2a: Arbok|par\n|move|p1a: Gholdengo|Make It Rain|p2b: Tornadus|[spread] p2a\n|-activate|p2b: Tornadus|move: Protect\n|-damage|p2a: Arbok|0 fnt\n|-unboost|p1a: Gholdengo|spa|1\n|faint|p2a: Arbok\n|\n|-weather|RainDance|[upkeep]\n|upkeep\n|\n|t:|1700971691\n|switch|p2a: Zapdos|Zapdos, L50|100\/100\n|turn|4\n|\n|t:|1700971703\n|switch|p2b: Breloom|Breloom, L50, F|100\/100\n|move|p2a: Zapdos|Weather Ball|p1a: Gholdengo\n|-damage|p1a: Gholdengo|2\/100\n|-enditem|p1a: Gholdengo|Sitrus Berry|[eat]\n|-heal|p1a: Gholdengo|26\/100|[from] item: Sitrus Berry\n|move|p1a: Gholdengo|Make It Rain|p2a: Zapdos|[spread] p2a,p2b\n|-resisted|p2a: Zapdos\n|-damage|p2a: Zapdos|71\/100\n|-enditem|p2b: Breloom|Focus Sash\n|-damage|p2b: Breloom|1\/100\n|-unboost|p1a: Gholdengo|spa|1\n|move|p1b: Thundurus|Wildbolt Storm|p2b: Breloom|[spread] p2a,p2b\n|-resisted|p2b: Breloom\n|-damage|p2a: Zapdos|58\/100\n|-damage|p2b: Breloom|0 fnt\n|faint|p2b: Breloom\n|\n|-weather|RainDance|[upkeep]\n|-sideend|p2: MentalSyndrome|move: Tailwind\n|upkeep\n|\n|t:|1700971708\n|switch|p2b: Tornadus|Tornadus, L50, M|54\/100\n|turn|5\n|\n|t:|1700971742\n|move|p2b: Tornadus|Protect|p2b: Tornadus\n|-singleturn|p2b: Tornadus|Protect\n|move|p1b: Thundurus|Thunder Wave|p2b: Tornadus\n|-activate|p2b: Tornadus|move: Protect\n|move|p1a: Gholdengo|Shadow Ball|p2a: Zapdos\n|-damage|p2a: Zapdos|17\/100\n|move|p2a: Zapdos|Weather Ball|p1a: Gholdengo\n|-damage|p1a: Gholdengo|0 fnt\n|faint|p1a: Gholdengo\n|\n|-weather|none\n|upkeep\n|\n|t:|1700971754\n|switch|p1a: Zapdos|Zapdos, L50|100\/100\n|turn|6\n|\n|t:|1700971765\n|move|p2b: Tornadus|Tailwind|p2b: Tornadus\n|-sidestart|p2: MentalSyndrome|move: Tailwind\n|move|p2a: Zapdos|Thunder|p1a: Zapdos\n|-damage|p1a: Zapdos|41\/100\n|move|p1b: Thundurus|Wildbolt Storm|p2a: Zapdos|[spread] \n|-miss|p1b: Thundurus|p2a: Zapdos\n|-miss|p1b: Thundurus|p2b: Tornadus\n|move|p1a: Zapdos|Thunderbolt|p2a: Zapdos\n|-damage|p2a: Zapdos|0 fnt\n|faint|p2a: Zapdos\n|\n|upkeep\n|turn|7\n|c|\u2606MentalSyndrome|gg\n|\n|t:|1700971780\n|move|p2b: Tornadus|Bleakwind Storm|p1a: Zapdos|[spread] \n|-miss|p2b: Tornadus|p1a: Zapdos\n|-miss|p2b: Tornadus|p1b: Thundurus\n|move|p1b: Thundurus|Wildbolt Storm|p2b: Tornadus\n|-supereffective|p2b: Tornadus\n|-damage|p2b: Tornadus|0 fnt\n|faint|p2b: Tornadus\n|\n|win|FLINTT1\n|raw|FLINTT1's rating: 1120 &rarr; <strong>1149<\/strong><br \/>(+29 for winning)\n|raw|MentalSyndrome's rating: 1173 &rarr; <strong>1144<\/strong><br \/>(-29 for losing)\n","uploadtime":1700971785,"views":8,"p1id":"flintt1","p2id":"mentalsyndrome","formatid":"gen9vgc2023regulatione","rating":1144,"private":0,"password":""}