{"id":"gen9vgc2023regulatione-1990649471","p1":"stridesvgc","p2":"MurphyTheMut","format":"[Gen 9] VGC 2023 Regulation E","log":"|j|\u2606stridesvgc\n|j|\u2606MurphyTheMut\n|t:|1699988689\n|gametype|doubles\n|player|p1|stridesvgc|266|1216\n|player|p2|MurphyTheMut|roughneck-gen4|1293\n|teamsize|p1|6\n|teamsize|p2|6\n|gen|9\n|tier|[Gen 9] VGC 2023 Regulation E\n|rated|\n|rule|Species Clause: Limit one of each Pok\u00e9mon\n|rule|Item Clause: Limit one of each item\n|clearpoke\n|poke|p1|Urshifu-*, L50, M|\n|poke|p1|Ursaluna, L50, M|\n|poke|p1|Staraptor, L50, M|\n|poke|p1|Cresselia, L50, F|\n|poke|p1|Heatran, L50, F|\n|poke|p1|Farigiraf, L50, M|\n|poke|p2|Hippowdon, L50, M|\n|poke|p2|Tyranitar, L50, M|\n|poke|p2|Flutter Mane, L50|\n|poke|p2|Sinistcha, L50|\n|poke|p2|Ninetales-Alola, L50, M|\n|poke|p2|Kommo-o, L50, F|\n|teampreview|4\n|inactive|Battle timer is ON: inactive players will automatically lose when time's up. (requested by MurphyTheMut)\n|inactive|stridesvgc has 60 seconds left.\n|inactive|MurphyTheMut has 60 seconds left.\n|\n|t:|1699988748\n|start\n|switch|p1a: Staraptor|Staraptor, L50, M|100\/100\n|switch|p1b: Farigiraf|Farigiraf, L50, M, shiny|100\/100\n|switch|p2a: Sinistcha|Sinistcha, L50|100\/100\n|switch|p2b: Kommo-o|Kommo-o, L50, F|100\/100\n|-ability|p1a: Staraptor|Intimidate|boost\n|-unboost|p2a: Sinistcha|atk|1\n|-unboost|p2b: Kommo-o|atk|1\n|turn|1\n|\n|t:|1699988769\n|move|p2a: Sinistcha|Rage Powder|p2a: Sinistcha\n|-singleturn|p2a: Sinistcha|move: Rage Powder\n|move|p1a: Staraptor|U-turn|p2a: Sinistcha\n|-damage|p2a: Sinistcha|81\/100\n|\n|t:|1699988775\n|switch|p1a: Heatran|Heatran, L50, F, shiny|100\/100|[from] U-turn\n|move|p2b: Kommo-o|Iron Defense|p2b: Kommo-o\n|-boost|p2b: Kommo-o|def|2\n|move|p1b: Farigiraf|Dazzling Gleam|p2b: Kommo-o|[spread] p2a,p2b\n|-supereffective|p2b: Kommo-o\n|-damage|p2a: Sinistcha|66\/100\n|-damage|p2b: Kommo-o|52\/100\n|\n|-heal|p2b: Kommo-o|58\/100|[from] item: Leftovers\n|upkeep\n|turn|2\n|inactive|MurphyTheMut has 30 seconds left.\n|inactive|MurphyTheMut has 20 seconds left.\n|\n|t:|1699988813\n|switch|p2a: Ninetales|Ninetales-Alola, L50, M|100\/100\n|-weather|Snow|[from] ability: Snow Warning|[of] p2a: Ninetales\n|-terastallize|p2b: Kommo-o|Steel\n|-terastallize|p1b: Farigiraf|Fairy\n|move|p1a: Heatran|Protect|p1a: Heatran\n|-singleturn|p1a: Heatran|Protect\n|move|p2b: Kommo-o|Iron Defense|p2b: Kommo-o\n|-boost|p2b: Kommo-o|def|2\n|move|p1b: Farigiraf|Dazzling Gleam|p2a: Ninetales|[spread] p2a,p2b\n|-resisted|p2b: Kommo-o\n|-damage|p2a: Ninetales|77\/100\n|-damage|p2b: Kommo-o|48\/100\n|\n|-weather|Snow|[upkeep]\n|-heal|p2b: Kommo-o|54\/100|[from] item: Leftovers\n|upkeep\n|turn|3\n|inactive|MurphyTheMut has 30 seconds left.\n|\n|t:|1699988841\n|switch|p1b: Staraptor|Staraptor, L50, M|100\/100\n|-ability|p1b: Staraptor|Intimidate|boost\n|-unboost|p2a: Ninetales|atk|1\n|-unboost|p2b: Kommo-o|atk|1\n|move|p2a: Ninetales|Aurora Veil|p2a: Ninetales\n|-sidestart|p2: MurphyTheMut|move: Aurora Veil\n|move|p1a: Heatran|Heat Wave|p2a: Ninetales|[spread] p2b\n|-miss|p1a: Heatran|p2a: Ninetales\n|-supereffective|p2b: Kommo-o\n|-damage|p2b: Kommo-o|3\/100\n|-damage|p1a: Heatran|91\/100|[from] item: Life Orb\n|move|p2b: Kommo-o|Body Press|p1a: Heatran\n|-supereffective|p1a: Heatran\n|-damage|p1a: Heatran|0 fnt\n|faint|p1a: Heatran\n|\n|-weather|Snow|[upkeep]\n|-heal|p2b: Kommo-o|9\/100|[from] item: Leftovers\n|upkeep\n|\n|t:|1699988858\n|switch|p1a: Urshifu|Urshifu, L50, M|100\/100\n|turn|4\n|inactive|MurphyTheMut has 30 seconds left.\n|\n|t:|1699988884\n|switch|p2a: Sinistcha|Sinistcha, L50|66\/100\n|-heal|p2b: Kommo-o|33\/100|[from] ability: Hospitality|[of] p2a: Sinistcha\n|move|p1b: Staraptor|U-turn|p2a: Sinistcha\n|-damage|p2a: Sinistcha|53\/100\n|\n|t:|1699988890\n|switch|p1b: Farigiraf|Farigiraf, L50, M, shiny, tera:Fairy|100\/100|[from] U-turn\n|move|p1a: Urshifu|Close Combat|p2b: Kommo-o\n|-supereffective|p2b: Kommo-o\n|-damage|p2b: Kommo-o|15\/100\n|-unboost|p1a: Urshifu|def|1\n|-unboost|p1a: Urshifu|spd|1\n|move|p2b: Kommo-o|Body Press|p1a: Urshifu\n|-supereffective|p1a: Urshifu\n|-enditem|p1a: Urshifu|Focus Sash\n|-damage|p1a: Urshifu|1\/100\n|\n|-weather|Snow|[upkeep]\n|-heal|p2b: Kommo-o|21\/100|[from] item: Leftovers\n|upkeep\n|turn|5\n|inactive|stridesvgc has 30 seconds left.\n|inactive|MurphyTheMut has 30 seconds left.\n|\n|t:|1699988921\n|move|p2a: Sinistcha|Rage Powder|p2a: Sinistcha\n|-singleturn|p2a: Sinistcha|move: Rage Powder\n|move|p1a: Urshifu|Wicked Blow|p2a: Sinistcha\n|-supereffective|p2a: Sinistcha\n|-crit|p2a: Sinistcha\n|-damage|p2a: Sinistcha|0 fnt\n|faint|p2a: Sinistcha\n|move|p2b: Kommo-o|Body Press|p1a: Urshifu\n|-supereffective|p1a: Urshifu\n|-damage|p1a: Urshifu|0 fnt\n|faint|p1a: Urshifu\n|move|p1b: Farigiraf|Psychic|p2b: Kommo-o\n|-resisted|p2b: Kommo-o\n|-damage|p2b: Kommo-o|11\/100\n|\n|-weather|Snow|[upkeep]\n|-heal|p2b: Kommo-o|18\/100|[from] item: Leftovers\n|upkeep\n|\n|t:|1699988942\n|switch|p1a: Staraptor|Staraptor, L50, M|100\/100\n|switch|p2a: Tyranitar|Tyranitar, L50, M|100\/100\n|-ability|p1a: Staraptor|Intimidate|boost\n|-unboost|p2a: Tyranitar|atk|1\n|-unboost|p2b: Kommo-o|atk|1\n|-weather|Sandstorm|[from] ability: Sand Stream|[of] p2a: Tyranitar\n|turn|6\n|inactive|stridesvgc has 30 seconds left.\n|\n|t:|1699988973\n|move|p2b: Kommo-o|Protect|p2b: Kommo-o\n|-singleturn|p2b: Kommo-o|Protect\n|move|p1a: Staraptor|Final Gambit|p2a: Tyranitar\n|-damage|p2a: Tyranitar|11\/100\n|faint|p1a: Staraptor\n|move|p2a: Tyranitar|Rock Slide|p1b: Farigiraf\n|-damage|p1b: Farigiraf|71\/100\n|move|p1b: Farigiraf|Psychic|p2b: Kommo-o\n|-activate|p2b: Kommo-o|move: Protect\n|\n|-weather|Sandstorm|[upkeep]\n|-damage|p1b: Farigiraf|65\/100|[from] Sandstorm\n|-heal|p2b: Kommo-o|24\/100|[from] item: Leftovers\n|upkeep\n|turn|7\n|\n|t:|1699988997\n|move|p2b: Kommo-o|Body Press|p1b: Farigiraf\n|-resisted|p1b: Farigiraf\n|-damage|p1b: Farigiraf|1\/100\n|-enditem|p1b: Farigiraf|Sitrus Berry|[eat]\n|-heal|p1b: Farigiraf|26\/100|[from] item: Sitrus Berry\n|move|p2a: Tyranitar|Knock Off|p1b: Farigiraf\n|-resisted|p1b: Farigiraf\n|-damage|p1b: Farigiraf|13\/100\n|move|p1b: Farigiraf|Dazzling Gleam|p2b: Kommo-o|[spread] p2a,p2b\n|-supereffective|p2a: Tyranitar\n|-resisted|p2b: Kommo-o\n|-damage|p2a: Tyranitar|0 fnt\n|-damage|p2b: Kommo-o|18\/100\n|faint|p2a: Tyranitar\n|\n|-weather|Sandstorm|[upkeep]\n|-damage|p1b: Farigiraf|7\/100|[from] Sandstorm\n|-heal|p2b: Kommo-o|24\/100|[from] item: Leftovers\n|upkeep\n|\n|t:|1699989012\n|switch|p2a: Ninetales|Ninetales-Alola, L50, M|77\/100\n|-weather|Snow|[from] ability: Snow Warning|[of] p2a: Ninetales\n|turn|8\n|inactive|stridesvgc has 30 seconds left.\n|-message|stridesvgc forfeited.\n|\n|win|MurphyTheMut\n|raw|stridesvgc's rating: 1216 &rarr; <strong>1196<\/strong><br \/>(-20 for losing)\n|raw|MurphyTheMut's rating: 1293 &rarr; <strong>1313<\/strong><br \/>(+20 for winning)\n|l|\u2606stridesvgc\n|c|\u2606MurphyTheMut|gg\n","uploadtime":1699989228,"views":32,"p1id":"stridesvgc","p2id":"murphythemut","formatid":"gen9vgc2023regulatione","rating":1196,"private":0,"password":""}