{"id":"gen9vgc2023regulatione-1989263114","p1":"PSmonteiro","p2":"Leon1das","format":"[Gen 9] VGC 2023 Regulation E","log":"|j|\u2606PSmonteiro\n|j|\u2606Leon1das\n|n|\u2606PSmonteiro|psmonteiro\n|n|\u2606Leon1das|leon1das\n|html|View the match progress at <a href=\"\/game-bestof3-gen9vgc2023regulatione-1989263113\">game-bestof3-gen9vgc2023regulatione-1989263113<\/a>\n|t:|1699829392\n|gametype|doubles\n|player|p1|PSmonteiro|drayden|\n|player|p2|Leon1das|chuck|\n|teamsize|p1|6\n|teamsize|p2|6\n|gen|9\n|tier|[Gen 9] VGC 2023 Regulation E\n|rule|Species Clause: Limit one of each Pok\u00e9mon\n|rule|Item Clause: Limit one of each item\n|clearpoke\n|poke|p1|Indeedee-F, L50, F|\n|poke|p1|Armarouge, L50, M|\n|poke|p1|Ursaluna, L50, F|\n|poke|p1|Glastrier, L50|\n|poke|p1|Kingambit, L50, F|\n|poke|p1|Sinistcha-Masterpiece, L50|\n|poke|p2|Cresselia, L50, F|\n|poke|p2|Ursaluna-Bloodmoon, L50, M|\n|poke|p2|Iron Hands, L50|\n|poke|p2|Ogerpon-Wellspring, L50, F|\n|poke|p2|Arcanine-Hisui, L50, M|\n|poke|p2|Flutter Mane, L50|\n|teampreview|4\nPSmonteiro has agreed to open team sheets.\n|j| Marcostap\n|c| Marcostap|aceita o ots\nLeon1das has agreed to open team sheets.\n|showteam|p1|Indeedee-F||Leftovers|PsychicSurge|TrickRoom,Psychic,FollowMe,HealPulse|||F|||50|,,,,,Steel]Armarouge||TwistedSpoon|FlashFire|AllySwitch,ExpandingForce,ArmorCannon,WideGuard|||M|||50|,,,,,Psychic]Ursaluna||FlameOrb|Guts|Protect,Facade,HeadlongRush,ShadowClaw|||F|||50|,,,,,Ghost]Glastrier||AssaultVest|ChillingNeigh|Avalanche,TeraBlast,StompingTantrum,CloseCombat||||||50|,,,,,Water]Kingambit||LifeOrb|Defiant|Protect,KowtowCleave,IronHead,SuckerPunch|||F|||50|,,,,,Dark]Sinistcha-Masterpiece||RedCard|Hospitality|TrickRoom,Scald,MatchaGotcha,StrengthSap||||||50|,,,,,Grass\n|showteam|p2|Cresselia||MentalHerb|Levitate|Psychic,HelpingHand,LunarBlessing,TrickRoom|||F|||50|,,,,,Fire]Ursaluna-Bloodmoon||ThroatSpray|MindsEye|BloodMoon,EarthPower,HyperVoice,Protect|||M|||50|,,,,,Grass]Iron Hands||AssaultVest|QuarkDrive|FakeOut,DrainPunch,WildCharge,HeavySlam||||||50|,,,,,Fire]Ogerpon-Wellspring||WellspringMask|WaterAbsorb|IvyCudgel,FollowMe,HornLeech,SpikyShield|||F|||50|,,,,,Water]Arcanine-Hisui||SitrusBerry|Intimidate|RockSlide,FlareBlitz,ExtremeSpeed,Protect|||M|||50|,,,,,Grass]Flutter Mane||BoosterEnergy|Protosynthesis|Moonblast,ShadowBall,DazzlingGleam,Protect||||||50|,,,,,Fairy\n|j| lucasarreguy\n|c| lucasarreguy|podem come\u00e7ar\n|j| Rebornsan93\n|\n|t:|1699829473\n|start\n|switch|p1a: Indeedee|Indeedee-F, L50, F|100\/100\n|switch|p1b: Armarouge|Armarouge, L50, M|100\/100\n|switch|p2a: Lana del Rey|Ogerpon-Wellspring, L50, F|100\/100\n|switch|p2b: Celinha|Cresselia, L50, F|100\/100\n|-fieldstart|move: Psychic Terrain|[from] ability: Psychic Surge|[of] p1a: Indeedee\n|turn|1\n|j| Yuri\n|j| Bard0_Gamer\n|\n|t:|1699829564\n|switch|p1b: Glastrier|Glastrier, L50|100\/100\n|-terastallize|p2a: Lana del Rey|Water\n|detailschange|p2a: Lana del Rey|Ogerpon-Wellspring-Tera, L50, F, tera:Water\n|-ability|p2a: Lana del Rey|Embody Aspect (Wellspring)|boost\n|-boost|p2a: Lana del Rey|spd|1\n|move|p2b: Celinha|Helping Hand|p2a: Lana del Rey\n|-singleturn|p2a: Lana del Rey|Helping Hand|[of] p2b: Celinha\n|move|p2a: Lana del Rey|Ivy Cudgel|p1b: Glastrier\n|-damage|p1b: Glastrier|20\/100\n|move|p1a: Indeedee|Trick Room|p1a: Indeedee\n|-fieldstart|move: Trick Room|[of] p1a: Indeedee\n|\n|upkeep\n|turn|2\n|\n|t:|1699829614\n|move|p1a: Indeedee|Follow Me|p1a: Indeedee\n|-singleturn|p1a: Indeedee|move: Follow Me\n|move|p1b: Glastrier|Close Combat|p2a: Lana del Rey\n|-damage|p2a: Lana del Rey|45\/100\n|-unboost|p1b: Glastrier|def|1\n|-unboost|p1b: Glastrier|spd|1\n|move|p2b: Celinha|Lunar Blessing|p2b: Celinha|[spread] p2a,p2b\n|-heal|p2a: Lana del Rey|70\/100\n|move|p2a: Lana del Rey|Ivy Cudgel|p1a: Indeedee\n|-damage|p1a: Indeedee|0 fnt\n|faint|p1a: Indeedee\n|\n|upkeep\n|\n|t:|1699829628\n|switch|p1a: Ursaluna|Ursaluna, L50, F|100\/100\n|turn|3\n|\n|t:|1699829650\n|switch|p2a: Hachiko|Arcanine-Hisui, L50, M|100\/100\n|-ability|p2a: Hachiko|Intimidate|boost\n|-unboost|p1a: Ursaluna|atk|1\n|-unboost|p1b: Glastrier|atk|1\n|move|p1a: Ursaluna|Protect|p1a: Ursaluna\n|-singleturn|p1a: Ursaluna|Protect\n|move|p1b: Glastrier|Close Combat|p2a: Hachiko\n|-supereffective|p2a: Hachiko\n|-damage|p2a: Hachiko|27\/100\n|-unboost|p1b: Glastrier|def|1\n|-unboost|p1b: Glastrier|spd|1\n|-enditem|p2a: Hachiko|Sitrus Berry|[eat]\n|-heal|p2a: Hachiko|52\/100|[from] item: Sitrus Berry\n|move|p2b: Celinha|Psychic|p1b: Glastrier\n|-damage|p1b: Glastrier|0 fnt\n|faint|p1b: Glastrier\n|\n|-status|p1a: Ursaluna|brn|[from] item: Flame Orb\n|upkeep\n|\n|t:|1699829668\n|switch|p1b: Armarouge|Armarouge, L50, M|100\/100\n|turn|4\n|\n|t:|1699829714\n|-terastallize|p1b: Armarouge|Psychic\n|move|p2a: Hachiko|Protect|p2a: Hachiko\n|-singleturn|p2a: Hachiko|Protect\n|move|p1a: Ursaluna|Facade|p2b: Celinha\n|-damage|p2b: Celinha|42\/100\n|move|p1b: Armarouge|Expanding Force|p2a: Hachiko|[spread] p2b\n|-activate|p2a: Hachiko|move: Protect\n|-resisted|p2b: Celinha\n|-damage|p2b: Celinha|14\/100\n|move|p2b: Celinha|Lunar Blessing|p2b: Celinha|[spread] p2a,p2b\n|-heal|p2a: Hachiko|77\/100\n|-heal|p2b: Celinha|39\/100\n|\n|-damage|p1a: Ursaluna|95\/100 brn|[from] brn\n|upkeep\n|turn|5\n|\n|t:|1699829826\n|switch|p2a: Lana del Rey|Ogerpon-Wellspring-Tera, L50, F, tera:Water|70\/100\n|-ability|p2a: Lana del Rey|Embody Aspect (Wellspring)|boost\n|-boost|p2a: Lana del Rey|spd|1\n|move|p1a: Ursaluna|Facade|p2b: Celinha\n|-damage|p2b: Celinha|0 fnt\n|faint|p2b: Celinha\n|move|p1b: Armarouge|Expanding Force|p2a: Lana del Rey\n|-damage|p2a: Lana del Rey|0 fnt\n|faint|p2a: Lana del Rey\n|\n|-damage|p1a: Ursaluna|89\/100 brn|[from] brn\n|-fieldend|move: Trick Room\n|-fieldend|move: Psychic Terrain\n|upkeep\n|\n|t:|1699829839\n|switch|p2a: Michelangelo|Iron Hands, L50|100\/100\n|switch|p2b: Hachiko|Arcanine-Hisui, L50, M|77\/100\n|-ability|p2b: Hachiko|Intimidate|boost\n|-unboost|p1a: Ursaluna|atk|1\n|-unboost|p1b: Armarouge|atk|1\n|turn|6\n|\n|t:|1699829862\n|move|p2a: Michelangelo|Fake Out|p1b: Armarouge\n|-crit|p1b: Armarouge\n|-damage|p1b: Armarouge|79\/100\n|cant|p1b: Armarouge|flinch\n|move|p2b: Hachiko|Rock Slide|p1a: Ursaluna|[spread] p1a,p1b\n|-resisted|p1a: Ursaluna\n|-damage|p1a: Ursaluna|79\/100 brn\n|-damage|p1b: Armarouge|55\/100\n|move|p1a: Ursaluna|Headlong Rush|p2b: Hachiko\n|-supereffective|p2b: Hachiko\n|-damage|p2b: Hachiko|0 fnt\n|-unboost|p1a: Ursaluna|def|1\n|-unboost|p1a: Ursaluna|spd|1\n|faint|p2b: Hachiko\n|\n|-damage|p1a: Ursaluna|73\/100 brn|[from] brn\n|upkeep\n|turn|7\n|\n|t:|1699829905\n|move|p1b: Armarouge|Expanding Force|p2a: Michelangelo\n|-supereffective|p2a: Michelangelo\n|-damage|p2a: Michelangelo|22\/100\n|move|p2a: Michelangelo|Drain Punch|p1a: Ursaluna\n|-supereffective|p1a: Ursaluna\n|-damage|p1a: Ursaluna|0 fnt\n|-heal|p2a: Michelangelo|58\/100|[from] drain|[of] p1a: Ursaluna\n|faint|p1a: Ursaluna\n|\n|upkeep\n|turn|8\n|\n|t:|1699829917\n|move|p1b: Armarouge|Expanding Force|p2a: Michelangelo\n|-supereffective|p2a: Michelangelo\n|-damage|p2a: Michelangelo|0 fnt\n|faint|p2a: Michelangelo\n|-end|p2a: Michelangelo|Quark Drive|[silent]\n|\n|win|PSmonteiro\n|c|&|\/uhtml prompt-leon1das,Leon1das is ready for game 2!\n|c|&|\/uhtml prompt-psmonteiro,PSmonteiro is ready for game 2!\nBoth players are ready! Starting next match!\n","uploadtime":1699829927,"views":7,"p1id":"psmonteiro","p2id":"leon1das","formatid":"gen9vgc2023regulatione","rating":0,"private":0,"password":""}