{"id":"gen9vgc2023regulatione-1990041025","p1":"Rexluser","p2":"IKill4Cookies95","format":"[Gen 9] VGC 2023 Regulation E","log":"|j|\u2606Rexluser\n|j|\u2606IKill4Cookies95\n|t:|1699918209\n|gametype|doubles\n|player|p1|Rexluser|2|1094\n|player|p2|IKill4Cookies95|riley|1163\n|teamsize|p1|6\n|teamsize|p2|6\n|gen|9\n|tier|[Gen 9] VGC 2023 Regulation E\n|rated|\n|rule|Species Clause: Limit one of each Pok\u00e9mon\n|rule|Item Clause: Limit one of each item\n|clearpoke\n|poke|p1|Enamorus, L50, F|\n|poke|p1|Passimian, L50, F|\n|poke|p1|Dugtrio-Alola, L50, M|\n|poke|p1|Tornadus, L50, M|\n|poke|p1|Farigiraf, L50, M|\n|poke|p1|Rillaboom, L50, F|\n|poke|p2|Ninetales-Alola, L50, F|\n|poke|p2|Dragonite, L50, F|\n|poke|p2|Chien-Pao, L50|\n|poke|p2|Frosmoth, L50, F|\n|poke|p2|Arcanine-Hisui, L50, F|\n|poke|p2|Heatran, L50, F|\n|teampreview|4\n|inactive|Battle timer is ON: inactive players will automatically lose when time's up. (requested by IKill4Cookies95)\n|inactive|IKill4Cookies95 has 60 seconds left.\n|\n|t:|1699918249\n|start\n|switch|p1a: Enamorus|Enamorus, L50, F|100\/100\n|switch|p1b: Passimian|Passimian, L50, F|100\/100\n|switch|p2a: Arcanine|Arcanine-Hisui, L50, F|100\/100\n|switch|p2b: Frosmoth|Frosmoth, L50, F, shiny|100\/100\n|turn|1\n|\n|t:|1699918268\n|-terastallize|p2a: Arcanine|Water\n|move|p1b: Passimian|Protect|p1b: Passimian\n|-singleturn|p1b: Passimian|Protect\n|move|p2a: Arcanine|Head Smash|p1a: Enamorus\n|-supereffective|p1a: Enamorus\n|-damage|p1a: Enamorus|0 fnt\n|faint|p1a: Enamorus\n|-ability|p1b: Passimian|Contrary|[from] ability: Receiver|[of] p1a: Enamorus\n|move|p2b: Frosmoth|Tailwind|p2b: Frosmoth\n|-sidestart|p2: IKill4Cookies95|move: Tailwind\n|\n|upkeep\n|\n|t:|1699918281\n|switch|p1a: Dugtrio|Dugtrio-Alola, L50, M|100\/100\n|turn|2\n|\n|t:|1699918295\n|move|p2b: Frosmoth|Wide Guard|p2b: Frosmoth\n|-singleturn|p2b: Frosmoth|Wide Guard\n|move|p2a: Arcanine|Flare Blitz|p1a: Dugtrio\n|-supereffective|p1a: Dugtrio\n|-crit|p1a: Dugtrio\n|-damage|p1a: Dugtrio|0 fnt\n|-ability|p1a: Dugtrio|Tangling Hair\n|-unboost|p2a: Arcanine|spe|1\n|faint|p1a: Dugtrio\n|move|p1b: Passimian|Close Combat|p2a: Arcanine\n|-damage|p2a: Arcanine|31\/100\n|-boost|p1b: Passimian|def|1\n|-boost|p1b: Passimian|spd|1\n|-enditem|p2a: Arcanine|Sitrus Berry|[eat]\n|-heal|p2a: Arcanine|56\/100|[from] item: Sitrus Berry\n|\n|upkeep\n|\n|t:|1699918306\n|switch|p1a: Farigiraf|Farigiraf, L50, M|100\/100\n|turn|3\n|\n|t:|1699918323\n|move|p2a: Arcanine|Head Smash|p1a: Farigiraf\n|-crit|p1a: Farigiraf\n|-damage|p1a: Farigiraf|19\/100\n|-damage|p2a: Arcanine|39\/100|[from] item: Rocky Helmet|[of] p1a: Farigiraf\n|move|p2b: Frosmoth|Bug Buzz|p1a: Farigiraf\n|-supereffective|p1a: Farigiraf\n|-damage|p1a: Farigiraf|0 fnt\n|faint|p1a: Farigiraf\n|move|p1b: Passimian|Close Combat|p2a: Arcanine\n|-damage|p2a: Arcanine|0 fnt\n|-boost|p1b: Passimian|def|1\n|-boost|p1b: Passimian|spd|1\n|faint|p2a: Arcanine\n|\n|upkeep\n|\n|t:|1699918338\n|switch|p2a: Ninetales|Ninetales-Alola, L50, F|100\/100\n|-weather|Snow|[from] ability: Snow Warning|[of] p2a: Ninetales\n|turn|4\n|\n|t:|1699918349\n|-terastallize|p1b: Passimian|Fire\n|move|p2a: Ninetales|Dazzling Gleam|p1b: Passimian\n|-resisted|p1b: Passimian\n|-damage|p1b: Passimian|92\/100\n|move|p2b: Frosmoth|Blizzard|p1b: Passimian\n|-resisted|p1b: Passimian\n|-damage|p1b: Passimian|78\/100\n|move|p1b: Passimian|Iron Head|p2a: Ninetales\n|-supereffective|p2a: Ninetales\n|-damage|p2a: Ninetales|4\/100\n|\n|-weather|Snow|[upkeep]\n|-heal|p1b: Passimian|84\/100|[from] item: Leftovers\n|-sideend|p2: IKill4Cookies95|move: Tailwind\n|upkeep\n|turn|5\n|\n|t:|1699918371\n|move|p2a: Ninetales|Blizzard|p1b: Passimian\n|-resisted|p1b: Passimian\n|-damage|p1b: Passimian|71\/100\n|move|p1b: Passimian|Close Combat|p2b: Frosmoth\n|-damage|p2b: Frosmoth|42\/100\n|-boost|p1b: Passimian|def|1\n|-boost|p1b: Passimian|spd|1\n|move|p2b: Frosmoth|Blizzard|p1b: Passimian\n|-resisted|p1b: Passimian\n|-damage|p1b: Passimian|60\/100\n|\n|-weather|Snow|[upkeep]\n|-heal|p1b: Passimian|66\/100|[from] item: Leftovers\n|upkeep\n|turn|6\n|\n|t:|1699918386\n|move|p2a: Ninetales|Blizzard|p1b: Passimian\n|-resisted|p1b: Passimian\n|-damage|p1b: Passimian|57\/100\n|move|p1b: Passimian|Close Combat|p2b: Frosmoth\n|-damage|p2b: Frosmoth|0 fnt\n|-boost|p1b: Passimian|def|1\n|-boost|p1b: Passimian|spd|1\n|faint|p2b: Frosmoth\n|\n|-weather|Snow|[upkeep]\n|-heal|p1b: Passimian|64\/100|[from] item: Leftovers\n|upkeep\n|\n|t:|1699918397\n|switch|p2b: Heatran|Heatran, L50, F|100\/100\n|turn|7\n|\n|t:|1699918409\n|move|p2a: Ninetales|Blizzard|p1b: Passimian\n|-resisted|p1b: Passimian\n|-damage|p1b: Passimian|56\/100\n|move|p1b: Passimian|Close Combat|p2b: Heatran\n|-supereffective|p2b: Heatran\n|-damage|p2b: Heatran|0 fnt\n|-boost|p1b: Passimian|def|1\n|-boost|p1b: Passimian|spd|1\n|faint|p2b: Heatran\n|\n|-weather|Snow|[upkeep]\n|-heal|p1b: Passimian|62\/100|[from] item: Leftovers\n|upkeep\n|turn|8\n|\n|t:|1699918423\n|move|p2a: Ninetales|Blizzard|p1b: Passimian\n|-resisted|p1b: Passimian\n|-damage|p1b: Passimian|56\/100\n|move|p1b: Passimian|Drain Punch|p2a: Ninetales\n|-damage|p2a: Ninetales|0 fnt\n|-heal|p1b: Passimian|57\/100|[from] drain|[of] p2a: Ninetales\n|faint|p2a: Ninetales\n|\n|win|Rexluser\n|raw|Rexluser's rating: 1094 &rarr; <strong>1125<\/strong><br \/>(+31 for winning)\n|raw|IKill4Cookies95's rating: 1163 &rarr; <strong>1133<\/strong><br \/>(-30 for losing)\n","uploadtime":1699918432,"views":15,"p1id":"rexluser","p2id":"ikill4cookies95","formatid":"gen9vgc2023regulatione","rating":1125,"private":0,"password":""}