{"id":"gen9vgc2023regulatione-1988476876","p1":"M4tty02","p2":"Matt142718","format":"[Gen 9] VGC 2023 Regulation E","log":"|j|\u2606M4tty02\n|j|\u2606Matt142718\n|n|\u2606M4tty02|m4tty02\n|n|\u2606Matt142718|matt142718\n|html|View the match progress at <a href=\"\/game-bestof3-gen9vgc2023regulatione-1988473714\">game-bestof3-gen9vgc2023regulatione-1988473714<\/a>\n|t:|1699727089\n|gametype|doubles\n|player|p1|M4tty02|emmet|\n|player|p2|Matt142718|170|\n|teamsize|p1|6\n|teamsize|p2|6\n|gen|9\n|tier|[Gen 9] VGC 2023 Regulation E\n|rule|Species Clause: Limit one of each Pok\u00e9mon\n|rule|Item Clause: Limit one of each item\n|clearpoke\n|poke|p1|Dusclops, L50, M|\n|poke|p1|Ursaluna-Bloodmoon, L50, M|\n|poke|p1|Arcanine-Hisui, L50, M|\n|poke|p1|Okidogi, L50, M|\n|poke|p1|Ogerpon-Wellspring, L50, F|\n|poke|p1|Chi-Yu, L50|\n|poke|p2|Tornadus, L50, M|\n|poke|p2|Urshifu-*, L50, M|\n|poke|p2|Rillaboom, L50, F|\n|poke|p2|Chien-Pao, L50|\n|poke|p2|Arcanine-Hisui, L50, M|\n|poke|p2|Flutter Mane, L50|\n|teampreview|4\nM4tty02 has agreed to open team sheets.\n|l|\u2606Matt142718\n|player|p2|\n|j|\u2606Matt142718\n|player|p2|Matt142718|170\n|\n|t:|1699727210\n|start\n|switch|p1a: Dusclops|Dusclops, L50, M, shiny|100\/100\n|switch|p1b: Ogerpon|Ogerpon-Wellspring, L50, F|100\/100\n|switch|p2a: Chien-Pao|Chien-Pao, L50|100\/100\n|switch|p2b: Urshifu|Urshifu-Rapid-Strike, L50, M|100\/100\n|-ability|p2a: Chien-Pao|Sword of Ruin\n|-ability|p1a: Dusclops|Pressure\n|turn|1\n|\n|t:|1699727254\n|move|p1b: Ogerpon|Follow Me|p1b: Ogerpon\n|-singleturn|p1b: Ogerpon|move: Follow Me\n|move|p2b: Urshifu|U-turn|p1b: Ogerpon\n|-supereffective|p1b: Ogerpon\n|-damage|p1b: Ogerpon|45\/100\n|\n|t:|1699727261\n|switch|p2b: Rillaboom|Rillaboom, L50, F|100\/100|[from] U-turn\n|-fieldstart|move: Grassy Terrain|[from] ability: Grassy Surge|[of] p2b: Rillaboom\n|move|p2a: Chien-Pao|Icicle Crash|p1b: Ogerpon\n|-damage|p1b: Ogerpon|0 fnt\n|faint|p1b: Ogerpon\n|move|p1a: Dusclops|Trick Room|p1a: Dusclops\n|-fieldstart|move: Trick Room|[of] p1a: Dusclops\n|\n|upkeep\n|\n|t:|1699727276\n|switch|p1b: Ursaluna|Ursaluna-Bloodmoon, L50, M|100\/100\n|turn|2\n|\n|t:|1699727363\n|move|p1b: Ursaluna|Protect|p1b: Ursaluna\n|-singleturn|p1b: Ursaluna|Protect\n|move|p1a: Dusclops|Will-O-Wisp|p2b: Rillaboom|[miss]\n|-miss|p1a: Dusclops|p2b: Rillaboom\n|move|p2b: Rillaboom|Wood Hammer|p1a: Dusclops\n|-damage|p1a: Dusclops|37\/100\n|-damage|p2b: Rillaboom|85\/100|[from] Recoil\n|move|p2a: Chien-Pao|Icicle Crash|p1a: Dusclops\n|-damage|p1a: Dusclops|7\/100\n|\n|-heal|p1a: Dusclops|13\/100|[from] Grassy Terrain\n|-heal|p2b: Rillaboom|91\/100|[from] Grassy Terrain\n|upkeep\n|turn|3\n|\n|t:|1699727385\n|switch|p1a: Arcanine|Arcanine-Hisui, L50, M, shiny|100\/100\n|-ability|p1a: Arcanine|Intimidate|boost\n|-unboost|p2a: Chien-Pao|atk|1\n|-unboost|p2b: Rillaboom|atk|1\n|-terastallize|p1b: Ursaluna|Fairy\n|move|p2b: Rillaboom|Grassy Glide|p1a: Arcanine\n|-damage|p1a: Arcanine|68\/100\n|move|p1b: Ursaluna|Blood Moon|p2b: Rillaboom\n|-damage|p2b: Rillaboom|17\/100\n|-damage|p1b: Ursaluna|90\/100|[from] item: Life Orb\n|move|p2a: Chien-Pao|Icicle Crash|p1b: Ursaluna\n|-damage|p1b: Ursaluna|63\/100\n|\n|-heal|p1b: Ursaluna|69\/100|[from] Grassy Terrain\n|-heal|p2b: Rillaboom|23\/100|[from] Grassy Terrain\n|-heal|p1a: Arcanine|74\/100|[from] Grassy Terrain\n|upkeep\n|turn|4\n|\n|t:|1699727411\n|switch|p2b: Arcanine|Arcanine-Hisui, L50, M|100\/100\n|-ability|p2b: Arcanine|Intimidate|boost\n|-unboost|p1a: Arcanine|atk|1\n|-unboost|p1b: Ursaluna|atk|1\n|move|p2a: Chien-Pao|Protect|p2a: Chien-Pao\n|-singleturn|p2a: Chien-Pao|Protect\n|move|p1b: Ursaluna|Moonblast|p2a: Chien-Pao\n|-activate|p2a: Chien-Pao|move: Protect\n|move|p1a: Arcanine|Rock Slide|p2a: Chien-Pao|[spread] p2b\n|-activate|p2a: Chien-Pao|move: Protect\n|-supereffective|p2b: Arcanine\n|-damage|p2b: Arcanine|6\/100\n|-enditem|p2b: Arcanine|Sitrus Berry|[eat]\n|-heal|p2b: Arcanine|30\/100|[from] item: Sitrus Berry\n|\n|-heal|p1b: Ursaluna|75\/100|[from] Grassy Terrain\n|-heal|p1a: Arcanine|80\/100|[from] Grassy Terrain\n|-heal|p2b: Arcanine|37\/100|[from] Grassy Terrain\n|upkeep\n|turn|5\n|\n|t:|1699727452\n|-terastallize|p2b: Arcanine|Normal\n|move|p2b: Arcanine|Extreme Speed|p1a: Arcanine\n|-resisted|p1a: Arcanine\n|-damage|p1a: Arcanine|52\/100\n|move|p2a: Chien-Pao|Sucker Punch|p1a: Arcanine\n|-damage|p1a: Arcanine|18\/100\n|move|p1b: Ursaluna|Moonblast|p2a: Chien-Pao\n|-supereffective|p2a: Chien-Pao\n|-enditem|p2a: Chien-Pao|Focus Sash\n|-damage|p2a: Chien-Pao|1\/100\n|-damage|p1b: Ursaluna|65\/100|[from] item: Life Orb\n|move|p1a: Arcanine|Rock Slide|p2b: Arcanine|[spread] p2a,p2b\n|-supereffective|p2a: Chien-Pao\n|-damage|p2a: Chien-Pao|0 fnt\n|-damage|p2b: Arcanine|0 fnt\n|faint|p2a: Chien-Pao\n|faint|p2b: Arcanine\n|\n|-heal|p1b: Ursaluna|70\/100|[from] Grassy Terrain\n|-heal|p1a: Arcanine|24\/100|[from] Grassy Terrain\n|-fieldend|move: Trick Room\n|-fieldend|move: Grassy Terrain\n|upkeep\n|\n|t:|1699727461\n|switch|p2a: Rillaboom|Rillaboom, L50, F|23\/100\n|switch|p2b: Urshifu|Urshifu-Rapid-Strike, L50, M|100\/100\n|-fieldstart|move: Grassy Terrain|[from] ability: Grassy Surge|[of] p2a: Rillaboom\n|turn|6\n|\n|t:|1699727492\n|switch|p1a: Dusclops|Dusclops, L50, M, shiny|13\/100\n|-ability|p1a: Dusclops|Pressure\n|move|p1b: Ursaluna|Protect|p1b: Ursaluna\n|-singleturn|p1b: Ursaluna|Protect\n|move|p2a: Rillaboom|Fake Out|p1b: Ursaluna\n|-activate|p1b: Ursaluna|move: Protect\n|move|p2b: Urshifu|Surging Strikes|p1a: Dusclops\n|-crit|p1a: Dusclops\n|-damage|p1a: Dusclops|0 fnt\n|faint|p1a: Dusclops\n|-hitcount|p1: Dusclops|1\n|\n|-heal|p2a: Rillaboom|29\/100|[from] Grassy Terrain\n|-heal|p1b: Ursaluna|76\/100|[from] Grassy Terrain\n|upkeep\n|\n|t:|1699727501\n|switch|p1a: Arcanine|Arcanine-Hisui, L50, M, shiny|24\/100\n|-ability|p1a: Arcanine|Intimidate|boost\n|-unboost|p2a: Rillaboom|atk|1\n|-unboost|p2b: Urshifu|atk|1\n|turn|7\n|\n|t:|1699727513\n|move|p1a: Arcanine|Extreme Speed|p2a: Rillaboom\n|-damage|p2a: Rillaboom|0 fnt\n|faint|p2a: Rillaboom\n|move|p2b: Urshifu|Surging Strikes|p1b: Ursaluna\n|-crit|p1b: Ursaluna\n|-damage|p1b: Ursaluna|62\/100\n|-crit|p1b: Ursaluna\n|-damage|p1b: Ursaluna|48\/100\n|-crit|p1b: Ursaluna\n|-damage|p1b: Ursaluna|32\/100\n|-hitcount|p1b: Ursaluna|3\n|move|p1b: Ursaluna|Moonblast|p2b: Urshifu\n|-supereffective|p2b: Urshifu\n|-damage|p2b: Urshifu|0 fnt\n|faint|p2b: Urshifu\n|-damage|p1b: Ursaluna|22\/100|[from] item: Life Orb\n|\n|win|M4tty02\n|c|\u2606Matt142718|Gg\n|c|\u2606M4tty02|gg\n|l|\u2606Matt142718\n","uploadtime":1699727532,"views":16,"p1id":"m4tty02","p2id":"matt142718","formatid":"gen9vgc2023regulatione","rating":0,"private":0,"password":""}