{"id":"gen9vgc2023regulatione-1998506010","p1":"Jadedragon61","p2":"0l0f3rn3","format":"[Gen 9] VGC 2023 Regulation E","log":"|j|\u2606Jadedragon61\n|j|\u26060l0f3rn3\n|t:|1700950024\n|gametype|doubles\n|player|p1|Jadedragon61|colress|1452\n|player|p2|0l0f3rn3|265|1551\n|teamsize|p1|6\n|teamsize|p2|6\n|gen|9\n|tier|[Gen 9] VGC 2023 Regulation E\n|rated|\n|rule|Species Clause: Limit one of each Pok\u00e9mon\n|rule|Item Clause: Limit one of each item\n|clearpoke\n|poke|p1|Tyranitar, L50, F|\n|poke|p1|Rillaboom, L50, M|\n|poke|p1|Kommo-o, L50, M|\n|poke|p1|Iron Bundle, L50|\n|poke|p1|Flutter Mane, L50|\n|poke|p1|Landorus-Therian, L50, M|\n|poke|p2|Torkoal, L50, F|\n|poke|p2|Flutter Mane, L50|\n|poke|p2|Ursaluna, L50, M|\n|poke|p2|Iron Hands, L50|\n|poke|p2|Brute Bonnet, L50|\n|poke|p2|Farigiraf, L50, M|\n|teampreview|4\n|inactive|Battle timer is ON: inactive players will automatically lose when time's up. (requested by Jadedragon61)\n|\n|t:|1700950074\n|start\n|switch|p1a: Monke|Rillaboom, L50, M, shiny|100\/100\n|switch|p1b: Fish|Flutter Mane, L50, shiny|100\/100\n|switch|p2a: Flutter Mane|Flutter Mane, L50|100\/100\n|switch|p2b: Brute Bonnet|Brute Bonnet, L50|100\/100\n|-fieldstart|move: Grassy Terrain|[from] ability: Grassy Surge|[of] p1a: Monke\n|turn|1\n|c|\u2606Jadedragon61|Glhf\n|c|\u26060l0f3rn3|glhf\n|inactive|0l0f3rn3 has 30 seconds left.\n|\n|t:|1700950100\n|-end|p2a: Flutter Mane|Protosynthesis|[silent]\n|switch|p2a: Torkoal|Torkoal, L50, F|100\/100\n|-weather|SunnyDay|[from] ability: Drought|[of] p2a: Torkoal\n|-activate|p1b: Fish|ability: Protosynthesis\n|-start|p1b: Fish|protosynthesisspa\n|-activate|p2b: Brute Bonnet|ability: Protosynthesis\n|-start|p2b: Brute Bonnet|protosynthesisatk\n|-terastallize|p1b: Fish|Fairy\n|-terastallize|p2b: Brute Bonnet|Rock\n|move|p1a: Monke|Grassy Glide|p2a: Torkoal\n|-resisted|p2a: Torkoal\n|-damage|p2a: Torkoal|84\/100\n|move|p1b: Fish|Dazzling Gleam|p2b: Brute Bonnet|[spread] p2a,p2b\n|-resisted|p2a: Torkoal\n|-damage|p2a: Torkoal|45\/100\n|-damage|p2b: Brute Bonnet|37\/100\n|move|p2b: Brute Bonnet|Spore|p1b: Fish\n|-status|p1b: Fish|slp|[from] move: Spore\n|\n|-weather|SunnyDay|[upkeep]\n|-heal|p2b: Brute Bonnet|43\/100|[from] Grassy Terrain\n|-heal|p2a: Torkoal|52\/100|[from] Grassy Terrain\n|upkeep\n|turn|2\n|\n|t:|1700950126\n|switch|p1a: Jadedragon|Tyranitar, L50, F, shiny|100\/100\n|-weather|Sandstorm|[from] ability: Sand Stream|[of] p1a: Jadedragon\n|-end|p1b: Fish|Protosynthesis\n|-end|p2b: Brute Bonnet|Protosynthesis\n|-end|p2b: Brute Bonnet|Protosynthesis|[silent]\n|switch|p2b: Flutter Mane|Flutter Mane, L50|100\/100\n|cant|p1b: Fish|slp\n|move|p2a: Torkoal|Overheat|p1a: Jadedragon\n|-resisted|p1a: Jadedragon\n|-damage|p1a: Jadedragon|90\/100\n|-unboost|p2a: Torkoal|spa|2\n|\n|-weather|Sandstorm|[upkeep]\n|-damage|p2b: Flutter Mane|94\/100|[from] Sandstorm\n|-damage|p1b: Fish|95\/100 slp|[from] Sandstorm\n|-damage|p2a: Torkoal|45\/100|[from] Sandstorm\n|-heal|p2b: Flutter Mane|100\/100|[from] Grassy Terrain\n|-heal|p1b: Fish|100\/100 slp|[from] Grassy Terrain\n|-heal|p1a: Jadedragon|96\/100|[from] Grassy Terrain\n|-heal|p2a: Torkoal|52\/100|[from] Grassy Terrain\n|upkeep\n|turn|3\n|\n|t:|1700950146\n|cant|p1b: Fish|slp\n|move|p1a: Jadedragon|Heavy Slam|p2b: Flutter Mane\n|-supereffective|p2b: Flutter Mane\n|-enditem|p2b: Flutter Mane|Focus Sash\n|-damage|p2b: Flutter Mane|1\/100\n|move|p2a: Torkoal|Body Press|p1a: Jadedragon\n|-supereffective|p1a: Jadedragon\n|-damage|p1a: Jadedragon|0 fnt\n|faint|p1a: Jadedragon\n|move|p2b: Flutter Mane|Trick Room|p2b: Flutter Mane\n|-fieldstart|move: Trick Room|[of] p2b: Flutter Mane\n|\n|-weather|Sandstorm|[upkeep]\n|-damage|p2a: Torkoal|45\/100|[from] Sandstorm\n|-damage|p1b: Fish|95\/100 slp|[from] Sandstorm\n|-damage|p2b: Flutter Mane|0 fnt|[from] Sandstorm\n|faint|p2b: Flutter Mane\n|-end|p2b: Flutter Mane|Protosynthesis|[silent]\n|-heal|p2a: Torkoal|52\/100|[from] Grassy Terrain\n|-heal|p1b: Fish|100\/100 slp|[from] Grassy Terrain\n|upkeep\n|\n|t:|1700950163\n|switch|p1a: Monke|Rillaboom, L50, M, shiny|100\/100\n|switch|p2b: Ursaluna|Ursaluna, L50, M|100\/100\n|turn|4\n|\n|t:|1700950178\n|move|p2b: Ursaluna|Protect|p2b: Ursaluna\n|-singleturn|p2b: Ursaluna|Protect\n|move|p1a: Monke|Fake Out|p2b: Ursaluna\n|-activate|p2b: Ursaluna|move: Protect\n|move|p2a: Torkoal|Overheat|p1a: Monke\n|-supereffective|p1a: Monke\n|-damage|p1a: Monke|48\/100\n|-unboost|p2a: Torkoal|spa|2\n|-curestatus|p1b: Fish|slp|[msg]\n|move|p1b: Fish|Dazzling Gleam|p2b: Ursaluna|[spread] p2a\n|-activate|p2b: Ursaluna|move: Protect\n|-resisted|p2a: Torkoal\n|-damage|p2a: Torkoal|23\/100\n|\n|-weather|Sandstorm|[upkeep]\n|-damage|p2a: Torkoal|16\/100|[from] Sandstorm\n|-damage|p1a: Monke|43\/100|[from] Sandstorm\n|-damage|p1b: Fish|95\/100|[from] Sandstorm\n|-heal|p2a: Torkoal|23\/100|[from] Grassy Terrain\n|-heal|p1a: Monke|48\/100|[from] Grassy Terrain\n|-heal|p1b: Fish|100\/100|[from] Grassy Terrain\n|-status|p2b: Ursaluna|brn|[from] item: Flame Orb\n|upkeep\n|turn|5\n|inactive|Jadedragon61 has 30 seconds left.\n|inactive|0l0f3rn3 has 30 seconds left.\n|\n|t:|1700950206\n|switch|p2a: Brute Bonnet|Brute Bonnet, L50, tera:Rock|43\/100\n|move|p1a: Monke|Grassy Glide|p2b: Ursaluna\n|-supereffective|p2b: Ursaluna\n|-damage|p2b: Ursaluna|37\/100 brn\n|move|p2b: Ursaluna|Facade|p1a: Monke\n|-damage|p1a: Monke|0 fnt\n|faint|p1a: Monke\n|move|p1b: Fish|Dazzling Gleam|p2a: Brute Bonnet|[spread] p2a,p2b\n|-damage|p2a: Brute Bonnet|6\/100\n|-damage|p2b: Ursaluna|0 fnt\n|faint|p2b: Ursaluna\n|\n|-weather|Sandstorm|[upkeep]\n|-damage|p1b: Fish|95\/100|[from] Sandstorm\n|-heal|p2a: Brute Bonnet|12\/100|[from] Grassy Terrain\n|-heal|p1b: Fish|100\/100|[from] Grassy Terrain\n|-fieldend|move: Grassy Terrain\n|upkeep\n|\n|t:|1700950222\n|switch|p2b: Torkoal|Torkoal, L50, F|23\/100\n|switch|p1a: (Not) jade dragon|Kommo-o, L50, M, shiny|100\/100\n|-weather|SunnyDay|[from] ability: Drought|[of] p2b: Torkoal\n|-activate|p2a: Brute Bonnet|ability: Protosynthesis\n|-start|p2a: Brute Bonnet|protosynthesisatk\n|-activate|p1b: Fish|ability: Protosynthesis\n|-start|p1b: Fish|protosynthesisspa\n|turn|6\n|\n|t:|1700950247\n|move|p2b: Torkoal|Overheat|p1b: Fish\n|-damage|p1b: Fish|26\/100\n|-unboost|p2b: Torkoal|spa|2\n|move|p2a: Brute Bonnet|Spore|p1a: (Not) jade dragon\n|-status|p1a: (Not) jade dragon|slp|[from] move: Spore\n|cant|p1a: (Not) jade dragon|slp\n|move|p1b: Fish|Dazzling Gleam|p2b: Torkoal|[spread] p2a,p2b\n|-resisted|p2b: Torkoal\n|-damage|p2a: Brute Bonnet|0 fnt\n|-damage|p2b: Torkoal|0 fnt\n|faint|p2a: Brute Bonnet\n|-end|p2a: Brute Bonnet|Protosynthesis|[silent]\n|faint|p2b: Torkoal\n|\n|win|Jadedragon61\n|raw|Jadedragon61's rating: 1452 &rarr; <strong>1478<\/strong><br \/>(+26 for winning)\n|raw|0l0f3rn3's rating: 1551 &rarr; <strong>1525<\/strong><br \/>(-26 for losing)\n|l|\u26060l0f3rn3\n","uploadtime":1700950264,"views":7,"p1id":"jadedragon61","p2id":"0l0f3rn3","formatid":"gen9vgc2023regulatione","rating":1478,"private":0,"password":""}