{"id":"gen9vgc2023regulatione-2000440722","p1":"Jack00VGC","p2":"Archer (rus)","format":"[Gen 9] VGC 2023 Regulation E","log":"|j|\u2606Jack00VGC\n|j|\u2606Archer (rus)\n|t:|1701195031\n|gametype|doubles\n|player|p1|Jack00VGC|alder|1189\n|player|p2|Archer (rus)|1|1103\n|teamsize|p1|6\n|teamsize|p2|6\n|gen|9\n|tier|[Gen 9] VGC 2023 Regulation E\n|rated|\n|rule|Species Clause: Limit one of each Pok\u00e9mon\n|rule|Item Clause: Limit one of each item\n|clearpoke\n|poke|p1|Toxicroak, L50, F|\n|poke|p1|Politoed, L50, M|\n|poke|p1|Iron Hands, L50|\n|poke|p1|Sinistcha, L50|\n|poke|p1|Gyarados, L50, M|\n|poke|p1|Gholdengo, L50|\n|poke|p2|Charizard, L50, M|\n|poke|p2|Lilligant-Hisui, L50, F|\n|poke|p2|Torkoal, L50, M|\n|poke|p2|Ogerpon-Wellspring, L50, F|\n|poke|p2|Iron Hands, L50|\n|poke|p2|Landorus-Therian, L50, M|\n|teampreview|4\n|inactive|Battle timer is ON: inactive players will automatically lose when time's up. (requested by Jack00VGC)\nJack00VGC rejected open team sheets.\n|inactive|Jack00VGC has 60 seconds left.\n|inactive|Archer (rus) has 60 seconds left.\n|\n|t:|1701195084\n|start\n|switch|p1a: Gyarados|Gyarados, L50, M|100\/100\n|switch|p1b: Iron Hands|Iron Hands, L50|100\/100\n|switch|p2a: Ogerpon|Ogerpon-Wellspring, L50, F|100\/100\n|switch|p2b: Landorus|Landorus-Therian, L50, M|100\/100\n|-ability|p2b: Landorus|Intimidate|boost\n|-unboost|p1a: Gyarados|atk|1\n|-unboost|p1b: Iron Hands|atk|1\n|-ability|p1a: Gyarados|Intimidate|boost\n|-unboost|p2a: Ogerpon|atk|1\n|-unboost|p2b: Landorus|atk|1\n|turn|1\n|inactive|Archer (rus) has 30 seconds left.\n|\n|t:|1701195111\n|switch|p2b: Iron Hands|Iron Hands, L50|100\/100\n|move|p2a: Ogerpon|Spiky Shield|p2a: Ogerpon\n|-singleturn|p2a: Ogerpon|move: Protect\n|move|p1b: Iron Hands|Protect|p1b: Iron Hands\n|-singleturn|p1b: Iron Hands|Protect\n|move|p1a: Gyarados|Waterfall|p2b: Iron Hands\n|-damage|p2b: Iron Hands|82\/100\n|\n|upkeep\n|turn|2\n|\n|t:|1701195130\n|switch|p2a: Landorus|Landorus-Therian, L50, M|100\/100\n|-ability|p2a: Landorus|Intimidate|boost\n|-unboost|p1a: Gyarados|atk|1\n|-unboost|p1b: Iron Hands|atk|1\n|move|p1a: Gyarados|Protect|p1a: Gyarados\n|-singleturn|p1a: Gyarados|Protect\n|move|p2b: Iron Hands|Wild Charge|p1a: Gyarados\n|-activate|p1a: Gyarados|move: Protect\n|move|p1b: Iron Hands|Swords Dance|p1b: Iron Hands\n|-boost|p1b: Iron Hands|atk|2\n|\n|upkeep\n|turn|3\n|inactive|Archer (rus) has 30 seconds left.\n|\n|t:|1701195162\n|switch|p2a: Ogerpon|Ogerpon-Wellspring, L50, F|100\/100\n|switch|p1a: Toxicroak|Toxicroak, L50, F|100\/100\n|move|p1b: Iron Hands|Protect|p1b: Iron Hands\n|-singleturn|p1b: Iron Hands|Protect\n|move|p2b: Iron Hands|Wild Charge|p1a: Toxicroak\n|-damage|p1a: Toxicroak|29\/100\n|-damage|p2b: Iron Hands|70\/100|[from] Recoil\n|\n|upkeep\n|turn|4\n|inactive|Jack00VGC has 30 seconds left.\n|inactive|Jack00VGC has 20 seconds left.\n|\n|t:|1701195198\n|-end|p2b: Iron Hands|Quark Drive|[silent]\n|switch|p2b: Landorus|Landorus-Therian, L50, M|100\/100\n|-ability|p2b: Landorus|Intimidate|boost\n|-unboost|p1a: Toxicroak|atk|1\n|-unboost|p1b: Iron Hands|atk|1\n|move|p2a: Ogerpon|Ivy Cudgel|p1a: Toxicroak|[anim] Ivy Cudgel Water\n|-heal|p1a: Toxicroak|54\/100|[from] ability: Dry Skin|[of] p2a: Ogerpon\n|move|p1a: Toxicroak|Ice Punch|p2b: Landorus\n|-supereffective|p2b: Landorus\n|-damage|p2b: Landorus|41\/100\n|move|p1b: Iron Hands|Wild Charge|p2a: Ogerpon\n|-damage|p2a: Ogerpon|69\/100\n|-damage|p1b: Iron Hands|94\/100|[from] Recoil\n|\n|-heal|p1b: Iron Hands|100\/100|[from] item: Leftovers\n|upkeep\n|turn|5\n|inactive|Jack00VGC has 30 seconds left.\n|\n|t:|1701195230\n|-end|p1b: Iron Hands|Quark Drive|[silent]\n|switch|p1b: Gyarados|Gyarados, L50, M|100\/100\n|-ability|p1b: Gyarados|Intimidate|boost\n|-unboost|p2a: Ogerpon|atk|1\n|-unboost|p2b: Landorus|atk|1\n|move|p2a: Ogerpon|Follow Me|p2a: Ogerpon\n|-singleturn|p2a: Ogerpon|move: Follow Me\n|move|p2b: Landorus|Stomping Tantrum|p1a: Toxicroak\n|-supereffective|p1a: Toxicroak\n|-damage|p1a: Toxicroak|0 fnt\n|faint|p1a: Toxicroak\n|\n|upkeep\n|\n|t:|1701195240\n|switch|p1a: Sinistcha|Sinistcha, L50|100\/100\n|turn|6\n|inactive|Jack00VGC has 30 seconds left.\n|\n|t:|1701195268\n|switch|p2b: Iron Hands|Iron Hands, L50|70\/100\n|-terastallize|p1a: Sinistcha|Water\n|move|p2a: Ogerpon|Spiky Shield|p2a: Ogerpon\n|-singleturn|p2a: Ogerpon|move: Protect\n|move|p1b: Gyarados|Waterfall|p2b: Iron Hands\n|-crit|p2b: Iron Hands\n|-damage|p2b: Iron Hands|31\/100\n|move|p1a: Sinistcha|Matcha Gotcha|p2b: Iron Hands|[spread] p2b\n|-activate|p2a: Ogerpon|move: Protect\n|-damage|p2b: Iron Hands|17\/100\n|-status|p2b: Iron Hands|brn\n|\n|-damage|p2b: Iron Hands|11\/100 brn|[from] brn\n|upkeep\n|turn|7\n|inactive|Jack00VGC has 30 seconds left.\n|inactive|Archer (rus) has 30 seconds left.\n|\n|t:|1701195299\n|switch|p1a: Iron Hands|Iron Hands, L50|100\/100\n|move|p1b: Gyarados|Protect|p1b: Gyarados\n|-singleturn|p1b: Gyarados|Protect\n|move|p2b: Iron Hands|Fake Out|p1b: Gyarados\n|-activate|p1b: Gyarados|move: Protect\n|move|p2a: Ogerpon|Horn Leech|p1a: Iron Hands\n|-damage|p1a: Iron Hands|82\/100\n|-heal|p2a: Ogerpon|82\/100|[from] drain|[of] p1a: Iron Hands\n|\n|-heal|p1a: Iron Hands|88\/100|[from] item: Leftovers\n|-damage|p2b: Iron Hands|5\/100 brn|[from] brn\n|upkeep\n|turn|8\n|inactive|Jack00VGC has 30 seconds left.\n|\n|t:|1701195328\n|switch|p1b: Sinistcha|Sinistcha, L50, tera:Water|100\/100\n|-heal|p1a: Iron Hands|100\/100|[from] ability: Hospitality|[of] p1b: Sinistcha\n|move|p2a: Ogerpon|Horn Leech|p1b: Sinistcha\n|-supereffective|p1b: Sinistcha\n|-damage|p1b: Sinistcha|46\/100\n|-heal|p2a: Ogerpon|100\/100|[from] drain|[of] p1b: Sinistcha\n|-damage|p2a: Ogerpon|84\/100|[from] item: Rocky Helmet|[of] p1b: Sinistcha\n|move|p2b: Iron Hands|Drain Punch|p1a: Iron Hands\n|-damage|p1a: Iron Hands|88\/100\n|-heal|p2b: Iron Hands|12\/100 brn|[from] drain|[of] p1a: Iron Hands\n|move|p1a: Iron Hands|Swords Dance|p1a: Iron Hands\n|-boost|p1a: Iron Hands|atk|2\n|\n|-heal|p1a: Iron Hands|94\/100|[from] item: Leftovers\n|-damage|p2b: Iron Hands|6\/100 brn|[from] brn\n|upkeep\n|turn|9\n|inactive|Jack00VGC has 30 seconds left.\n|inactive|Archer (rus) has 30 seconds left.\n|inactive|Jack00VGC has 20 seconds left.\n|inactive|Archer (rus) has 20 seconds left.\n|\n|t:|1701195368\n|-end|p2b: Iron Hands|Quark Drive|[silent]\n|switch|p2b: Torkoal|Torkoal, L50, M|100\/100\n|-weather|SunnyDay|[from] ability: Drought|[of] p2b: Torkoal\n|move|p1a: Iron Hands|Protect|p1a: Iron Hands\n|-singleturn|p1a: Iron Hands|Protect\n|move|p2a: Ogerpon|Horn Leech|p1b: Sinistcha\n|-supereffective|p1b: Sinistcha\n|-damage|p1b: Sinistcha|0 fnt\n|-heal|p2a: Ogerpon|100\/100|[from] drain|[of] p1b: Sinistcha\n|-damage|p2a: Ogerpon|84\/100|[from] item: Rocky Helmet|[of] p1b: Sinistcha\n|faint|p1b: Sinistcha\n|\n|-weather|SunnyDay|[upkeep]\n|-heal|p1a: Iron Hands|100\/100|[from] item: Leftovers\n|upkeep\n|\n|t:|1701195381\n|switch|p1b: Gyarados|Gyarados, L50, M|100\/100\n|-ability|p1b: Gyarados|Intimidate|boost\n|-unboost|p2a: Ogerpon|atk|1\n|-unboost|p2b: Torkoal|atk|1\n|turn|10\n|\n|t:|1701195398\n|move|p2a: Ogerpon|Follow Me|p2a: Ogerpon\n|-singleturn|p2a: Ogerpon|move: Follow Me\n|move|p1b: Gyarados|Waterfall|p2a: Ogerpon\n|-heal|p2a: Ogerpon|100\/100|[from] ability: Water Absorb|[of] p1b: Gyarados\n|move|p1a: Iron Hands|Drain Punch|p2a: Ogerpon\n|-damage|p2a: Ogerpon|25\/100\n|move|p2b: Torkoal|Yawn|p1b: Gyarados\n|-start|p1b: Gyarados|move: Yawn|[of] p2b: Torkoal\n|\n|-weather|SunnyDay|[upkeep]\n|upkeep\n|turn|11\n|\n|t:|1701195420\n|move|p2a: Ogerpon|Follow Me|p2a: Ogerpon\n|-singleturn|p2a: Ogerpon|move: Follow Me\n|move|p1b: Gyarados|Taunt|p2a: Ogerpon\n|-start|p2a: Ogerpon|move: Taunt\n|move|p1a: Iron Hands|Drain Punch|p2a: Ogerpon\n|-damage|p2a: Ogerpon|0 fnt\n|faint|p2a: Ogerpon\n|move|p2b: Torkoal|Yawn|p1a: Iron Hands\n|-start|p1a: Iron Hands|move: Yawn|[of] p2b: Torkoal\n|\n|-weather|SunnyDay|[upkeep]\n|-end|p1b: Gyarados|move: Yawn|[silent]\n|-status|p1b: Gyarados|slp\n|upkeep\n|\n|t:|1701195433\n|switch|p2a: Iron Hands|Iron Hands, L50|6\/100 brn\n|turn|12\n|\n|t:|1701195444\n|cant|p1b: Gyarados|slp\n|move|p2a: Iron Hands|Fake Out|p1a: Iron Hands\n|-damage|p1a: Iron Hands|96\/100\n|cant|p1a: Iron Hands|flinch\n|move|p2b: Torkoal|Overheat|p1a: Iron Hands\n|-damage|p1a: Iron Hands|46\/100\n|-unboost|p2b: Torkoal|spa|2\n|\n|-weather|SunnyDay|[upkeep]\n|-heal|p1a: Iron Hands|52\/100|[from] item: Leftovers\n|-damage|p2a: Iron Hands|0 fnt|[from] brn\n|faint|p2a: Iron Hands\n|-end|p2a: Iron Hands|Quark Drive|[silent]\n|-end|p1a: Iron Hands|move: Yawn|[silent]\n|-status|p1a: Iron Hands|slp\n|upkeep\n|\n|t:|1701195457\n|switch|p2a: Landorus|Landorus-Therian, L50, M|41\/100\n|-ability|p2a: Landorus|Intimidate|boost\n|-unboost|p1a: Iron Hands|atk|1\n|-unboost|p1b: Gyarados|atk|1\n|turn|13\n|\n|t:|1701195474\n|move|p2b: Torkoal|Helping Hand|p2a: Landorus\n|-singleturn|p2a: Landorus|Helping Hand|[of] p2b: Torkoal\n|move|p2a: Landorus|Rock Slide|p1a: Iron Hands|[spread] p1a,p1b\n|-resisted|p1a: Iron Hands\n|-supereffective|p1b: Gyarados\n|-damage|p1a: Iron Hands|42\/100 slp\n|-damage|p1b: Gyarados|45\/100 slp\n|cant|p1b: Gyarados|slp\n|cant|p1a: Iron Hands|slp\n|\n|-weather|none\n|-heal|p1a: Iron Hands|48\/100 slp|[from] item: Leftovers\n|upkeep\n|turn|14\n|inactive|Archer (rus) has 30 seconds left.\n|\n|t:|1701195504\n|move|p2b: Torkoal|Helping Hand|p2a: Landorus\n|-singleturn|p2a: Landorus|Helping Hand|[of] p2b: Torkoal\n|-curestatus|p1b: Gyarados|slp|[msg]\n|move|p1b: Gyarados|Protect|p1b: Gyarados\n|-singleturn|p1b: Gyarados|Protect\n|move|p2a: Landorus|Rock Slide|p1b: Gyarados|[spread] p1a\n|-activate|p1b: Gyarados|move: Protect\n|-resisted|p1a: Iron Hands\n|-damage|p1a: Iron Hands|39\/100 slp\n|cant|p1a: Iron Hands|slp\n|\n|-heal|p1a: Iron Hands|45\/100 slp|[from] item: Leftovers\n|upkeep\n|turn|15\n|\n|t:|1701195528\n|-terastallize|p2b: Torkoal|Grass\n|move|p1b: Gyarados|Protect|p1b: Gyarados\n|-singleturn|p1b: Gyarados|Protect\n|move|p2a: Landorus|Rock Slide|p1b: Gyarados|[spread] p1a\n|-activate|p1b: Gyarados|move: Protect\n|-resisted|p1a: Iron Hands\n|-damage|p1a: Iron Hands|39\/100 slp\n|-curestatus|p1a: Iron Hands|slp|[msg]\n|move|p1a: Iron Hands|Drain Punch|p2b: Torkoal\n|-damage|p2b: Torkoal|68\/100\n|-heal|p1a: Iron Hands|50\/100|[from] drain|[of] p2b: Torkoal\n|move|p2b: Torkoal|Overheat|p1a: Iron Hands\n|-damage|p1a: Iron Hands|34\/100\n|-unboost|p2b: Torkoal|spa|2\n|\n|-heal|p1a: Iron Hands|40\/100|[from] item: Leftovers\n|upkeep\n|turn|16\n|\n|t:|1701195553\n|move|p2b: Torkoal|Helping Hand|p2a: Landorus\n|-singleturn|p2a: Landorus|Helping Hand|[of] p2b: Torkoal\n|move|p2a: Landorus|Rock Slide|p1b: Gyarados|[spread] p1a,p1b\n|-resisted|p1a: Iron Hands\n|-supereffective|p1b: Gyarados\n|-damage|p1a: Iron Hands|31\/100\n|-damage|p1b: Gyarados|0 fnt\n|faint|p1b: Gyarados\n|cant|p1a: Iron Hands|flinch\n|\n|-heal|p1a: Iron Hands|37\/100|[from] item: Leftovers\n|upkeep\n|turn|17\n|\n|t:|1701195572\n|move|p1a: Iron Hands|Protect|p1a: Iron Hands\n|-singleturn|p1a: Iron Hands|Protect\n|move|p2a: Landorus|Rock Slide|p1a: Iron Hands\n|-activate|p1a: Iron Hands|move: Protect\n|move|p2b: Torkoal|Yawn|p1a: Iron Hands\n|-activate|p1a: Iron Hands|move: Protect\n|\n|-heal|p1a: Iron Hands|43\/100|[from] item: Leftovers\n|upkeep\n|turn|18\n|\n|t:|1701195582\n|move|p2a: Landorus|Rock Slide|p1a: Iron Hands\n|-resisted|p1a: Iron Hands\n|-damage|p1a: Iron Hands|34\/100\n|move|p1a: Iron Hands|Drain Punch|p2a: Landorus\n|-resisted|p2a: Landorus\n|-damage|p2a: Landorus|11\/100\n|-heal|p1a: Iron Hands|45\/100|[from] drain|[of] p2a: Landorus\n|move|p2b: Torkoal|Yawn|p1a: Iron Hands\n|-start|p1a: Iron Hands|move: Yawn|[of] p2b: Torkoal\n|\n|-heal|p1a: Iron Hands|51\/100|[from] item: Leftovers\n|upkeep\n|turn|19\n|inactive|Jack00VGC has 30 seconds left.\n|\n|t:|1701195599\n|move|p2b: Torkoal|Helping Hand|p2a: Landorus\n|-singleturn|p2a: Landorus|Helping Hand|[of] p2b: Torkoal\n|move|p2a: Landorus|Rock Slide|p1a: Iron Hands\n|-resisted|p1a: Iron Hands\n|-damage|p1a: Iron Hands|39\/100\n|move|p1a: Iron Hands|Drain Punch|p2b: Torkoal\n|-damage|p2b: Torkoal|32\/100\n|-heal|p1a: Iron Hands|52\/100|[from] drain|[of] p2b: Torkoal\n|-enditem|p2b: Torkoal|Sitrus Berry|[eat]\n|-heal|p2b: Torkoal|56\/100|[from] item: Sitrus Berry\n|\n|-heal|p1a: Iron Hands|58\/100|[from] item: Leftovers\n|-end|p1a: Iron Hands|move: Yawn|[silent]\n|-status|p1a: Iron Hands|slp\n|upkeep\n|turn|20\n|inactive|Jack00VGC has 30 seconds left this turn.\n|inactive|Jack00VGC has 20 seconds left.\n|\n|t:|1701195615\n|move|p2b: Torkoal|Helping Hand|p2a: Landorus\n|-singleturn|p2a: Landorus|Helping Hand|[of] p2b: Torkoal\n|cant|p1a: Iron Hands|slp\n|move|p2a: Landorus|Rock Slide|p1a: Iron Hands\n|-resisted|p1a: Iron Hands\n|-damage|p1a: Iron Hands|46\/100 slp\n|\n|-heal|p1a: Iron Hands|52\/100 slp|[from] item: Leftovers\n|upkeep\n|turn|21\n|inactive|Jack00VGC has 20 seconds left this turn.\n|inactive|Jack00VGC has 15 seconds left.\n|inactive|Jack00VGC has 10 seconds left.\n|\n|t:|1701195627\n|move|p2a: Landorus|Rock Slide|p1a: Iron Hands|[miss]\n|-miss|p2a: Landorus|p1a: Iron Hands\n|cant|p1a: Iron Hands|slp\n|move|p2b: Torkoal|Overheat|p1a: Iron Hands\n|-damage|p1a: Iron Hands|41\/100 slp\n|-unboost|p2b: Torkoal|spa|2\n|\n|-heal|p1a: Iron Hands|47\/100 slp|[from] item: Leftovers\n|upkeep\n|turn|22\n|inactive|Jack00VGC has 10 seconds left this turn.\n|\n|t:|1701195638\n|move|p2b: Torkoal|Helping Hand|p2a: Landorus\n|-singleturn|p2a: Landorus|Helping Hand|[of] p2b: Torkoal\n|move|p2a: Landorus|Rock Slide|p1a: Iron Hands\n|-resisted|p1a: Iron Hands\n|-damage|p1a: Iron Hands|34\/100 slp\n|cant|p1a: Iron Hands|slp\n|\n|-heal|p1a: Iron Hands|40\/100 slp|[from] item: Leftovers\n|upkeep\n|turn|23\n|inactive|Jack00VGC has 10 seconds left this turn.\n|inactive|Archer (rus) has 30 seconds left.\n|\n|t:|1701195649\n|move|p2b: Torkoal|Helping Hand|p2a: Landorus\n|-singleturn|p2a: Landorus|Helping Hand|[of] p2b: Torkoal\n|move|p2a: Landorus|Rock Slide|p1a: Iron Hands\n|-resisted|p1a: Iron Hands\n|-damage|p1a: Iron Hands|28\/100 slp\n|-curestatus|p1a: Iron Hands|slp|[msg]\n|cant|p1a: Iron Hands|flinch\n|\n|-heal|p1a: Iron Hands|34\/100|[from] item: Leftovers\n|upkeep\n|turn|24\n|inactive|Jack00VGC has 10 seconds left this turn.\n|inactive|Archer (rus) has 25 seconds left this turn.\n|inactive|Archer (rus) has 20 seconds left.\n|inactive|Archer (rus) has 15 seconds left.\n|\n|t:|1701195661\n|move|p2a: Landorus|Rock Slide|p1a: Iron Hands\n|-resisted|p1a: Iron Hands\n|-damage|p1a: Iron Hands|26\/100\n|move|p1a: Iron Hands|Drain Punch|p2b: Torkoal\n|-damage|p2b: Torkoal|23\/100\n|-heal|p1a: Iron Hands|38\/100|[from] drain|[of] p2b: Torkoal\n|move|p2b: Torkoal|Yawn|p1a: Iron Hands\n|-start|p1a: Iron Hands|move: Yawn|[of] p2b: Torkoal\n|\n|-heal|p1a: Iron Hands|44\/100|[from] item: Leftovers\n|upkeep\n|turn|25\n|inactive|Jack00VGC has 10 seconds left this turn.\n|inactive|Archer (rus) has 15 seconds left this turn.\n|inactive|Archer (rus) has 10 seconds left.\n|c|\u2606Jack00VGC|gg\n|c|\u2606Archer (rus)|gg wp\n|inactive|Archer (rus) has 5 seconds left.\n|\n|t:|1701195675\n|move|p2b: Torkoal|Protect|p2b: Torkoal\n|-singleturn|p2b: Torkoal|Protect\n|move|p2a: Landorus|Rock Slide|p1a: Iron Hands\n|-resisted|p1a: Iron Hands\n|-damage|p1a: Iron Hands|35\/100\n|move|p1a: Iron Hands|Drain Punch|p2b: Torkoal\n|-activate|p2b: Torkoal|move: Protect\n|\n|-heal|p1a: Iron Hands|41\/100|[from] item: Leftovers\n|-end|p1a: Iron Hands|move: Yawn|[silent]\n|-status|p1a: Iron Hands|slp\n|upkeep\n|turn|26\n|inactive|Jack00VGC has 10 seconds left this turn.\n|inactive|Archer (rus) has 5 seconds left this turn.\n|-message|Archer (rus) lost due to inactivity.\n|\n|win|Jack00VGC\n|raw|Jack00VGC's rating: 1189 &rarr; <strong>1208<\/strong><br \/>(+19 for winning)\n|raw|Archer (rus)'s rating: 1103 &rarr; <strong>1084<\/strong><br \/>(-19 for losing)\n","uploadtime":1701195685,"views":1,"p1id":"jack00vgc","p2id":"archerrus","formatid":"gen9vgc2023regulatione","rating":1084,"private":0,"password":""}