{"id":"gen9vgc2023regulatione-2000569801","p1":"Berrybeans","p2":"legonene","format":"[Gen 9] VGC 2023 Regulation E","log":"|j|\u2606Berrybeans\n|j|\u2606legonene\n|n|\u2606Berrybeans|berrybeans\n|n|\u2606legonene|legonene\n|html|View the match progress at <a href=\"\/game-bestof3-gen9vgc2023regulatione-2000563011\">game-bestof3-gen9vgc2023regulatione-2000563011<\/a>\n|t:|1701206265\n|gametype|doubles\n|player|p1|Berrybeans|benga|\n|player|p2|legonene|chili|\n|teamsize|p1|6\n|teamsize|p2|6\n|gen|9\n|tier|[Gen 9] VGC 2023 Regulation E\n|rule|Species Clause: Limit one of each Pok\u00e9mon\n|rule|Item Clause: Limit one of each item\n|clearpoke\n|poke|p1|Kommo-o, L50, F|\n|poke|p1|Tinkaton, L50, F|\n|poke|p1|Ribombee, L50, M|\n|poke|p1|Sinistcha, L50|\n|poke|p1|Rotom-Heat, L50|\n|poke|p1|Morgrem, L50, M|\n|poke|p2|Ogerpon-Wellspring, L50, F|\n|poke|p2|Kingambit, L50, F|\n|poke|p2|Fezandipiti, L50, M|\n|poke|p2|Gothitelle, L50, M|\n|poke|p2|Dragapult, L50, F|\n|poke|p2|Furret, L50, M|\n|teampreview|4\n|j| Sobiris\n|j| jayballester\n|j| Jstardude\n|l| Jstardude\n|\n|t:|1701206313\n|start\n|switch|p1a: Tuxmux|Morgrem, L50, M|100\/100\n|switch|p1b: stayin alive|Kommo-o, L50, F|100\/100\n|switch|p2a: Gothitelle|Gothitelle, L50, M|100\/100\n|switch|p2b: Dragapult|Dragapult, L50, F|100\/100\n|turn|1\n|j| Jstardude\n|j| Stryke Out\n|\n|t:|1701206333\n|move|p1b: stayin alive|Protect|p1b: stayin alive\n|-singleturn|p1b: stayin alive|Protect\n|move|p1a: Tuxmux|Fake Out|p2a: Gothitelle\n|-damage|p2a: Gothitelle|96\/100\n|cant|p2a: Gothitelle|flinch\n|move|p2b: Dragapult|Dragon Darts|p1b: stayin alive\n|-immune|p1a: Tuxmux\n|\n|upkeep\n|turn|2\n|\n|t:|1701206358\n|-terastallize|p2b: Dragapult|Fire\n|move|p1a: Tuxmux|Reflect|p1a: Tuxmux\n|-sidestart|p1: Berrybeans|Reflect\n|move|p2b: Dragapult|Tera Blast|p1b: stayin alive|[anim] Tera Blast Fire\n|-resisted|p1b: stayin alive\n|-damage|p1b: stayin alive|91\/100\n|move|p1b: stayin alive|Iron Defense|p1b: stayin alive\n|-boost|p1b: stayin alive|def|2\n|move|p2a: Gothitelle|Trick Room|p2a: Gothitelle\n|-fieldstart|move: Trick Room|[of] p2a: Gothitelle\n|\n|-heal|p1b: stayin alive|97\/100|[from] item: Leftovers\n|upkeep\n|turn|3\n|\n|t:|1701206410\n|-terastallize|p1b: stayin alive|Steel\n|move|p1a: Tuxmux|Taunt|p2b: Dragapult\n|-start|p2b: Dragapult|move: Taunt\n|move|p2a: Gothitelle|Psychic|p1b: stayin alive\n|-resisted|p1b: stayin alive\n|-damage|p1b: stayin alive|84\/100\n|-unboost|p1b: stayin alive|spd|1\n|move|p1b: stayin alive|Body Press|p2b: Dragapult\n|-damage|p2b: Dragapult|23\/100\n|cant|p2b: Dragapult|move: Taunt|Thunder Wave\n|\n|-heal|p1b: stayin alive|90\/100|[from] item: Leftovers\n|upkeep\n|turn|4\n|\n|t:|1701206428\n|move|p1a: Tuxmux|Taunt|p2a: Gothitelle\n|-start|p2a: Gothitelle|move: Taunt\n|cant|p2a: Gothitelle|move: Taunt|Reflect\n|move|p1b: stayin alive|Body Press|p2b: Dragapult\n|-damage|p2b: Dragapult|0 fnt\n|faint|p2b: Dragapult\n|\n|-heal|p1b: stayin alive|96\/100|[from] item: Leftovers\n|upkeep\n|\n|t:|1701206439\n|switch|p2b: Kingambit|Kingambit, L50, F|100\/100\n|-activate|p2b: Kingambit|ability: Supreme Overlord\n|-start|p2b: Kingambit|fallen1|[silent]\n|turn|5\n|\n|t:|1701206456\n|-end|p2b: Kingambit|fallen1|[silent]\n|switch|p2b: Ogerpon|Ogerpon-Wellspring, L50, F|100\/100\n|move|p1a: Tuxmux|Taunt|p2b: Ogerpon\n|-start|p2b: Ogerpon|move: Taunt\n|move|p2a: Gothitelle|Psychic|p1b: stayin alive\n|-resisted|p1b: stayin alive\n|-damage|p1b: stayin alive|78\/100\n|move|p1b: stayin alive|Body Press|p2b: Ogerpon\n|-damage|p2b: Ogerpon|13\/100\n|\n|-heal|p1b: stayin alive|84\/100|[from] item: Leftovers\n|upkeep\n|turn|6\n|c|\u2606legonene|gg\n|-message|legonene forfeited.\n|\n|win|Berrybeans\n|l|\u2606legonene\n|c| Sobiris|morgrem gameplay\n|c|\u2606Berrybeans|wait\n|c| Sobiris|gg\n|l| Jstardude\n|c|\u2606Berrybeans|ggs\n|c| jayballester|nooooo\n|c| Sobiris|Kommo gets the kills\n|c| Stryke Out|broooo\n|c| Sobiris|but forfeiting\n|c| Sobiris|is ass\n|c| Sobiris|D:\n|c| Sobiris|I mean legonene wouldnt have gotten a kill\n|l| jayballester\n|l| Sobiris\n|c|\u2606Berrybeans|kom needs more kills :(\n","uploadtime":1701206521,"views":12,"p1id":"berrybeans","p2id":"legonene","formatid":"gen9vgc2023regulatione","rating":0,"private":0,"password":""}