{"id":"gen9vgc2023regulatione-2000372076","p1":"FloridaParkingLot","p2":"kauemagrao","format":"[Gen 9] VGC 2023 Regulation E","log":"|j|\u2606FloridaParkingLot\n|j|\u2606kauemagrao\n|t:|1701189249\n|gametype|doubles\n|player|p1|FloridaParkingLot|265|1368\n|player|p2|kauemagrao|norman|1360\n|teamsize|p1|6\n|teamsize|p2|6\n|gen|9\n|tier|[Gen 9] VGC 2023 Regulation E\n|rated|\n|rule|Species Clause: Limit one of each Pok\u00e9mon\n|rule|Item Clause: Limit one of each item\n|clearpoke\n|poke|p1|Iron Hands, L50|\n|poke|p1|Flutter Mane, L50|\n|poke|p1|Chi-Yu, L50|\n|poke|p1|Tornadus, L50, M|\n|poke|p1|Landorus-Therian, L50, M|\n|poke|p1|Urshifu-*, L50, M|\n|poke|p2|Amoonguss, L50, M|\n|poke|p2|Tornadus, L50, M|\n|poke|p2|Articuno-Galar, L50|\n|poke|p2|Iron Hands, L50|\n|poke|p2|Gholdengo, L50|\n|poke|p2|Arcanine-Hisui, L50, F|\n|teampreview|4\n|inactive|Battle timer is ON: inactive players will automatically lose when time's up. (requested by kauemagrao)\n|inactive|FloridaParkingLot has 60 seconds left.\n|inactive|kauemagrao has 60 seconds left.\n|\n|t:|1701189298\n|start\n|switch|p1a: Iron Hands|Iron Hands, L50|100\/100\n|switch|p1b: Tornadus|Tornadus, L50, M|100\/100\n|switch|p2a: Tornadus|Tornadus, L50, M|100\/100\n|switch|p2b: Arcanine|Arcanine-Hisui, L50, F|100\/100\n|-ability|p2b: Arcanine|Intimidate|boost\n|-unboost|p1a: Iron Hands|atk|1\n|-unboost|p1b: Tornadus|atk|1\n|turn|1\n|\n|t:|1701189320\n|move|p1a: Iron Hands|Fake Out|p2b: Arcanine\n|-resisted|p2b: Arcanine\n|-damage|p2b: Arcanine|95\/100\n|move|p1b: Tornadus|Scary Face|p2a: Tornadus\n|-unboost|p2a: Tornadus|spe|2\n|cant|p2b: Arcanine|flinch\n|move|p2a: Tornadus|Bleakwind Storm|p1a: Iron Hands|[spread] p1a\n|-miss|p2a: Tornadus|p1b: Tornadus\n|-damage|p1a: Iron Hands|80\/100\n|\n|upkeep\n|turn|2\n|\n|t:|1701189339\n|switch|p2b: Articuno|Articuno-Galar, L50|100\/100\n|move|p1b: Tornadus|Tailwind|p1b: Tornadus\n|-sidestart|p1: FloridaParkingLot|move: Tailwind\n|move|p2a: Tornadus|Tailwind|p2a: Tornadus\n|-sidestart|p2: kauemagrao|move: Tailwind\n|move|p1a: Iron Hands|Wild Charge|p2a: Tornadus\n|-supereffective|p2a: Tornadus\n|-damage|p2a: Tornadus|16\/100\n|-damage|p1a: Iron Hands|65\/100|[from] Recoil\n|\n|upkeep\n|turn|3\n|\n|t:|1701189351\n|move|p1b: Tornadus|Sunny Day|p1b: Tornadus\n|-weather|SunnyDay\n|move|p2b: Articuno|Freezing Glare|p1a: Iron Hands\n|-supereffective|p1a: Iron Hands\n|-damage|p1a: Iron Hands|15\/100\n|move|p1a: Iron Hands|Wild Charge|p2b: Articuno\n|-supereffective|p2b: Articuno\n|-damage|p2b: Articuno|28\/100\n|-damage|p1a: Iron Hands|3\/100|[from] Recoil\n|move|p2a: Tornadus|Bleakwind Storm|p1b: Tornadus|[spread] p1a,p1b\n|-damage|p1a: Iron Hands|0 fnt\n|-damage|p1b: Tornadus|59\/100\n|faint|p1a: Iron Hands\n|-end|p1a: Iron Hands|Quark Drive|[silent]\n|\n|-weather|SunnyDay|[upkeep]\n|upkeep\n|\n|t:|1701189363\n|switch|p1a: Chi-Yu|Chi-Yu, L50|100\/100\n|-ability|p1a: Chi-Yu|Beads of Ruin\n|turn|4\n|\n|t:|1701189384\n|switch|p2b: Arcanine|Arcanine-Hisui, L50, F|95\/100\n|-ability|p2b: Arcanine|Intimidate|boost\n|-unboost|p1a: Chi-Yu|atk|1\n|-unboost|p1b: Tornadus|atk|1\n|move|p2a: Tornadus|Protect|p2a: Tornadus\n|-singleturn|p2a: Tornadus|Protect\n|move|p1b: Tornadus|Bleakwind Storm|p2b: Arcanine|[spread] \n|-activate|p2a: Tornadus|move: Protect\n|-miss|p1b: Tornadus|p2b: Arcanine\n|move|p1a: Chi-Yu|Heat Wave|p2a: Tornadus|[spread] p2b\n|-activate|p2a: Tornadus|move: Protect\n|-resisted|p2b: Arcanine\n|-damage|p2b: Arcanine|64\/100\n|-damage|p1a: Chi-Yu|90\/100|[from] item: Life Orb\n|\n|-weather|SunnyDay|[upkeep]\n|upkeep\n|turn|5\n|\n|t:|1701189401\n|move|p1a: Chi-Yu|Protect|p1a: Chi-Yu\n|-singleturn|p1a: Chi-Yu|Protect\n|move|p1b: Tornadus|Scary Face|p2b: Arcanine\n|-unboost|p2b: Arcanine|spe|2\n|move|p2b: Arcanine|Rock Slide|p1b: Tornadus|[spread] p1b\n|-activate|p1a: Chi-Yu|move: Protect\n|-supereffective|p1b: Tornadus\n|-damage|p1b: Tornadus|0 fnt\n|faint|p1b: Tornadus\n|move|p2a: Tornadus|Bleakwind Storm|p1a: Chi-Yu\n|-activate|p1a: Chi-Yu|move: Protect\n|\n|-weather|SunnyDay|[upkeep]\n|-sideend|p2: kauemagrao|move: Tailwind\n|-sideend|p1: FloridaParkingLot|move: Tailwind\n|upkeep\n|\n|t:|1701189408\n|switch|p1b: Flutter Mane|Flutter Mane, L50|100\/100\n|-activate|p1b: Flutter Mane|ability: Protosynthesis\n|-start|p1b: Flutter Mane|protosynthesisspe\n|turn|6\n|\n|t:|1701189431\n|switch|p2b: Articuno|Articuno-Galar, L50|28\/100\n|-terastallize|p1b: Flutter Mane|Water\n|move|p2a: Tornadus|Tailwind|p2a: Tornadus\n|-sidestart|p2: kauemagrao|move: Tailwind\n|move|p1b: Flutter Mane|Tera Blast|p2b: Articuno|[anim] Tera Blast Water\n|-damage|p2b: Articuno|0 fnt\n|faint|p2b: Articuno\n|move|p1a: Chi-Yu|Heat Wave|p2a: Tornadus\n|-damage|p2a: Tornadus|0 fnt\n|faint|p2a: Tornadus\n|-damage|p1a: Chi-Yu|80\/100|[from] item: Life Orb\n|\n|-weather|SunnyDay|[upkeep]\n|upkeep\n|\n|t:|1701189444\n|switch|p2b: Arcanine|Arcanine-Hisui, L50, F|64\/100\n|switch|p2a: Gholdengo|Gholdengo, L50|100\/100\n|-ability|p2b: Arcanine|Intimidate|boost\n|-unboost|p1a: Chi-Yu|atk|1\n|-unboost|p1b: Flutter Mane|atk|1\n|turn|7\n|inactive|kauemagrao has 30 seconds left.\n|\n|t:|1701189485\n|-terastallize|p2a: Gholdengo|Dragon\n|move|p1a: Chi-Yu|Protect|p1a: Chi-Yu\n|-singleturn|p1a: Chi-Yu|Protect\n|move|p2b: Arcanine|Extreme Speed|p1b: Flutter Mane\n|-damage|p1b: Flutter Mane|14\/100\n|move|p1b: Flutter Mane|Shadow Ball|p2b: Arcanine\n|-damage|p2b: Arcanine|0 fnt\n|faint|p2b: Arcanine\n|move|p2a: Gholdengo|Nasty Plot|p2a: Gholdengo\n|-boost|p2a: Gholdengo|spa|2\n|\n|-weather|none\n|-end|p1b: Flutter Mane|Protosynthesis\n|upkeep\n|turn|8\n|\n|t:|1701189507\n|move|p1b: Flutter Mane|Protect|p1b: Flutter Mane\n|-singleturn|p1b: Flutter Mane|Protect\n|move|p2a: Gholdengo|Make It Rain|p1b: Flutter Mane|[spread] p1a\n|-activate|p1b: Flutter Mane|move: Protect\n|-resisted|p1a: Chi-Yu\n|-damage|p1a: Chi-Yu|20\/100\n|-unboost|p2a: Gholdengo|spa|1\n|move|p1a: Chi-Yu|Dark Pulse|p2a: Gholdengo\n|-damage|p2a: Gholdengo|20\/100\n|-damage|p1a: Chi-Yu|10\/100|[from] item: Life Orb\n|\n|-heal|p2a: Gholdengo|26\/100|[from] item: Leftovers\n|upkeep\n|turn|9\n|\n|t:|1701189521\n|move|p1a: Chi-Yu|Protect|p1a: Chi-Yu\n|-singleturn|p1a: Chi-Yu|Protect\n|move|p2a: Gholdengo|Make It Rain|p1a: Chi-Yu|[spread] p1b\n|-activate|p1a: Chi-Yu|move: Protect\n|-resisted|p1b: Flutter Mane\n|-damage|p1b: Flutter Mane|0 fnt\n|-unboost|p2a: Gholdengo|spa|1\n|faint|p1b: Flutter Mane\n|-end|p1b: Flutter Mane|Protosynthesis|[silent]\n|\n|-heal|p2a: Gholdengo|32\/100|[from] item: Leftovers\n|-sideend|p2: kauemagrao|move: Tailwind\n|upkeep\n|turn|10\n|\n|t:|1701189524\n|move|p1a: Chi-Yu|Dark Pulse|p2a: Gholdengo\n|-damage|p2a: Gholdengo|0 fnt\n|faint|p2a: Gholdengo\n|-damage|p1a: Chi-Yu|0 fnt|[from] item: Life Orb\n|faint|p1a: Chi-Yu\n|\n|win|FloridaParkingLot\n|raw|FloridaParkingLot's rating: 1368 &rarr; <strong>1388<\/strong><br \/>(+20 for winning)\n|raw|kauemagrao's rating: 1360 &rarr; <strong>1340<\/strong><br \/>(-20 for losing)\n","uploadtime":1701189531,"views":2,"p1id":"floridaparkinglot","p2id":"kauemagrao","formatid":"gen9vgc2023regulatione","rating":1340,"private":0,"password":""}