{"id":"gen9vgc2023regulatione-1990237661","p1":"4KuserVGC","p2":"bway","format":"[Gen 9] VGC 2023 Regulation E","log":"|j|\u26064KuserVGC\n|j|\u2606bway\n|t:|1699942312\n|gametype|doubles\n|player|p1|4KuserVGC|jogger|1141\n|player|p2|bway|266|1118\n|teamsize|p1|6\n|teamsize|p2|6\n|gen|9\n|tier|[Gen 9] VGC 2023 Regulation E\n|rated|\n|rule|Species Clause: Limit one of each Pok\u00e9mon\n|rule|Item Clause: Limit one of each item\n|clearpoke\n|poke|p1|Farigiraf, L50, F|\n|poke|p1|Dragapult, L50, M|\n|poke|p1|Chien-Pao, L50|\n|poke|p1|Heatran, L50, M|\n|poke|p1|Rillaboom, L50, M|\n|poke|p1|Urshifu-*, L50, M|\n|poke|p2|Piplup, L50, M|\n|poke|p2|Farigiraf, L50, M|\n|poke|p2|Sinistcha, L50|\n|poke|p2|Iron Hands, L50|\n|poke|p2|Ogerpon-Hearthflame, L50, F|\n|poke|p2|Landorus-Therian, L50, M|\n|teampreview|4\nbway rejected open team sheets.\n|\n|t:|1699942346\n|start\n|switch|p1a: Urshifu|Urshifu-Rapid-Strike, L50, M|100\/100\n|switch|p1b: Farigiraf|Farigiraf, L50, F, shiny|100\/100\n|switch|p2a: Farigiraf|Farigiraf, L50, M|100\/100\n|switch|p2b: Piplup|Piplup, L50, M|100\/100\n|turn|1\n|\n|t:|1699942375\n|switch|p2a: Iron Hands|Iron Hands, L50|100\/100\n|move|p1a: Urshifu|U-turn|p2a: Iron Hands\n|-resisted|p2a: Iron Hands\n|-damage|p2a: Iron Hands|90\/100\n|\n|t:|1699942380\n|switch|p1a: Rillaboom|Rillaboom, L50, M|100\/100|[from] U-turn\n|-fieldstart|move: Grassy Terrain|[from] ability: Grassy Surge|[of] p1a: Rillaboom\n|move|p1b: Farigiraf|Imprison|p1b: Farigiraf\n|-start|p1b: Farigiraf|move: Imprison\n|move|p2b: Piplup|Yawn|p1a: Rillaboom\n|-start|p1a: Rillaboom|move: Yawn|[of] p2b: Piplup\n|\n|-heal|p2a: Iron Hands|97\/100|[from] Grassy Terrain\n|upkeep\n|turn|2\n|\n|t:|1699942404\n|move|p2b: Piplup|Protect|p2b: Piplup\n|-singleturn|p2b: Piplup|Protect\n|move|p1a: Rillaboom|Fake Out|p2a: Iron Hands\n|-damage|p2a: Iron Hands|86\/100\n|move|p1b: Farigiraf|Psychic|p2b: Piplup\n|-activate|p2b: Piplup|move: Protect\n|cant|p2a: Iron Hands|flinch\n|\n|-heal|p2a: Iron Hands|92\/100|[from] Grassy Terrain\n|-end|p1a: Rillaboom|move: Yawn|[silent]\n|-status|p1a: Rillaboom|slp\n|upkeep\n|turn|3\n|\n|t:|1699942420\n|cant|p1a: Rillaboom|slp\n|move|p1b: Farigiraf|Psychic|p2a: Iron Hands\n|-supereffective|p2a: Iron Hands\n|-damage|p2a: Iron Hands|50\/100\n|move|p2a: Iron Hands|Drain Punch|p1a: Rillaboom\n|-damage|p1a: Rillaboom|58\/100 slp\n|-heal|p2a: Iron Hands|69\/100|[from] drain|[of] p1a: Rillaboom\n|move|p2b: Piplup|Yawn|p1b: Farigiraf\n|-start|p1b: Farigiraf|move: Yawn|[of] p2b: Piplup\n|\n|-heal|p1a: Rillaboom|64\/100 slp|[from] Grassy Terrain\n|-heal|p2a: Iron Hands|75\/100|[from] Grassy Terrain\n|upkeep\n|turn|4\n|\n|t:|1699942442\n|switch|p1b: Urshifu|Urshifu-Rapid-Strike, L50, M|100\/100\n|cant|p1a: Rillaboom|slp\n|move|p2a: Iron Hands|Drain Punch|p1a: Rillaboom\n|-damage|p1a: Rillaboom|19\/100 slp\n|-heal|p2a: Iron Hands|95\/100|[from] drain|[of] p1a: Rillaboom\n|move|p2b: Piplup|Chilling Water|p1a: Rillaboom\n|-resisted|p1a: Rillaboom\n|-damage|p1a: Rillaboom|15\/100 slp\n|-unboost|p1a: Rillaboom|atk|1\n|\n|-heal|p1a: Rillaboom|21\/100 slp|[from] Grassy Terrain\n|-heal|p2a: Iron Hands|100\/100|[from] Grassy Terrain\n|upkeep\n|turn|5\n|\n|t:|1699942467\n|switch|p1a: Farigiraf|Farigiraf, L50, F, shiny|100\/100\n|-terastallize|p1b: Urshifu|Water\n|move|p2b: Piplup|Protect|p2b: Piplup\n|-singleturn|p2b: Piplup|Protect\n|move|p1b: Urshifu|Surging Strikes|p2a: Iron Hands\n|-crit|p2a: Iron Hands\n|-damage|p2a: Iron Hands|79\/100\n|-crit|p2a: Iron Hands\n|-damage|p2a: Iron Hands|58\/100\n|-crit|p2a: Iron Hands\n|-damage|p2a: Iron Hands|34\/100\n|-hitcount|p2a: Iron Hands|3\n|move|p2a: Iron Hands|Drain Punch|p1a: Farigiraf\n|-damage|p1a: Farigiraf|65\/100\n|-heal|p2a: Iron Hands|51\/100|[from] drain|[of] p1a: Farigiraf\n|\n|-heal|p1a: Farigiraf|71\/100|[from] Grassy Terrain\n|-heal|p2a: Iron Hands|57\/100|[from] Grassy Terrain\n|-fieldend|move: Grassy Terrain\n|upkeep\n|turn|6\n|\n|t:|1699942503\n|move|p1b: Urshifu|Surging Strikes|p2b: Piplup\n|-resisted|p2b: Piplup\n|-crit|p2b: Piplup\n|-damage|p2b: Piplup|79\/100\n|-resisted|p2b: Piplup\n|-crit|p2b: Piplup\n|-damage|p2b: Piplup|56\/100\n|-resisted|p2b: Piplup\n|-crit|p2b: Piplup\n|-damage|p2b: Piplup|35\/100\n|-hitcount|p2b: Piplup|3\n|move|p1a: Farigiraf|Psychic|p2b: Piplup\n|-damage|p2b: Piplup|0 fnt\n|faint|p2b: Piplup\n|move|p2a: Iron Hands|Wild Charge|p1b: Urshifu\n|-supereffective|p1b: Urshifu\n|-damage|p1b: Urshifu|0 fnt\n|faint|p1b: Urshifu\n|-damage|p2a: Iron Hands|38\/100|[from] Recoil\n|\n|upkeep\n|\n|t:|1699942518\n|switch|p1b: Chien-Pao|Chien-Pao, L50|100\/100\n|switch|p2b: Ogerpon|Ogerpon-Hearthflame, L50, F|100\/100\n|-ability|p1b: Chien-Pao|Sword of Ruin\n|-ability|p2b: Ogerpon|Mold Breaker\n|turn|7\n|\n|t:|1699942533\n|-terastallize|p2b: Ogerpon|Fire\n|detailschange|p2b: Ogerpon|Ogerpon-Hearthflame-Tera, L50, F, tera:Fire\n|-ability|p2b: Ogerpon|Embody Aspect (Hearthflame)|boost\n|-boost|p2b: Ogerpon|atk|1\n|move|p1b: Chien-Pao|Protect|p1b: Chien-Pao\n|-singleturn|p1b: Chien-Pao|Protect\n|move|p2b: Ogerpon|Ivy Cudgel|p1a: Farigiraf\n|-damage|p1a: Farigiraf|0 fnt\n|faint|p1a: Farigiraf\n|move|p2a: Iron Hands|Drain Punch|p1b: Chien-Pao\n|-activate|p1b: Chien-Pao|move: Protect\n|\n|upkeep\n|\n|t:|1699942544\n|switch|p1a: Rillaboom|Rillaboom, L50, M|21\/100 slp\n|-fieldstart|move: Grassy Terrain|[from] ability: Grassy Surge|[of] p1a: Rillaboom\n|turn|8\n|\n|t:|1699942556\n|-curestatus|p1a: Rillaboom|slp|[msg]\n|move|p1a: Rillaboom|Fake Out|p2b: Ogerpon\n|-damage|p2b: Ogerpon|76\/100\n|move|p1b: Chien-Pao|Sucker Punch|p2b: Ogerpon\n|-damage|p2b: Ogerpon|14\/100\n|cant|p2b: Ogerpon|flinch\n|move|p2a: Iron Hands|Drain Punch|p1b: Chien-Pao\n|-supereffective|p1b: Chien-Pao\n|-enditem|p1b: Chien-Pao|Focus Sash\n|-damage|p1b: Chien-Pao|1\/100\n|-heal|p2a: Iron Hands|71\/100|[from] drain|[of] p1b: Chien-Pao\n|\n|-heal|p1b: Chien-Pao|7\/100|[from] Grassy Terrain\n|-heal|p2b: Ogerpon|20\/100|[from] Grassy Terrain\n|-heal|p1a: Rillaboom|27\/100|[from] Grassy Terrain\n|-heal|p2a: Iron Hands|77\/100|[from] Grassy Terrain\n|upkeep\n|turn|9\n|\n|t:|1699942577\n|move|p2b: Ogerpon|Spiky Shield|p2b: Ogerpon\n|-singleturn|p2b: Ogerpon|move: Protect\n|move|p1a: Rillaboom|Grassy Glide|p2b: Ogerpon\n|-activate|p2b: Ogerpon|move: Protect\n|-damage|p1a: Rillaboom|15\/100|[from] Spiky Shield|[of] p2b: Ogerpon\n|move|p1b: Chien-Pao|Icicle Crash|p2a: Iron Hands\n|-damage|p2a: Iron Hands|36\/100\n|move|p2a: Iron Hands|Drain Punch|p1b: Chien-Pao\n|-supereffective|p1b: Chien-Pao\n|-damage|p1b: Chien-Pao|0 fnt\n|-heal|p2a: Iron Hands|38\/100|[from] drain|[of] p1b: Chien-Pao\n|faint|p1b: Chien-Pao\n|\n|-heal|p2b: Ogerpon|25\/100|[from] Grassy Terrain\n|-heal|p1a: Rillaboom|20\/100|[from] Grassy Terrain\n|-heal|p2a: Iron Hands|44\/100|[from] Grassy Terrain\n|upkeep\n|turn|10\n|-message|4KuserVGC forfeited.\n|\n|win|bway\n|raw|4KuserVGC's rating: 1141 &rarr; <strong>1114<\/strong><br \/>(-27 for losing)\n|raw|bway's rating: 1118 &rarr; <strong>1145<\/strong><br \/>(+27 for winning)\n|l|\u26064KuserVGC\n","uploadtime":1699942592,"views":14,"p1id":"4kuservgc","p2id":"bway","formatid":"gen9vgc2023regulatione","rating":1114,"private":0,"password":""}