{"id":"gen9vgc2023regulatione-2000162116","p1":"Roshambo67","p2":"Astano","format":"[Gen 9] VGC 2023 Regulation E","log":"|j|\u2606Roshambo67\n|j|\u2606Astano\n|t:|1701165439\n|gametype|doubles\n|player|p1|Roshambo67|lusamine-nihilego|1191\n|player|p2|Astano|102|1212\n|teamsize|p1|6\n|teamsize|p2|6\n|gen|9\n|tier|[Gen 9] VGC 2023 Regulation E\n|rated|\n|rule|Species Clause: Limit one of each Pok\u00e9mon\n|rule|Item Clause: Limit one of each item\n|clearpoke\n|poke|p1|Tornadus, L50, M|\n|poke|p1|Flutter Mane, L50|\n|poke|p1|Ogerpon-Hearthflame, L50, F|\n|poke|p1|Iron Hands, L50|\n|poke|p1|Goodra-Hisui, L50, F|\n|poke|p1|Clefairy, L50, F|\n|poke|p2|Cresselia, L50, F|\n|poke|p2|Flutter Mane, L50|\n|poke|p2|Iron Hands, L50|\n|poke|p2|Ursaluna, L50, M|\n|poke|p2|Sinistcha, L50|\n|poke|p2|Heatran, L50, M|\n|teampreview|4\n|inactive|Battle timer is ON: inactive players will automatically lose when time's up. (requested by Roshambo67)\nRoshambo67 rejected open team sheets.\n|\n|t:|1701165453\n|start\n|switch|p1a: Tornadus|Tornadus, L50, M|100\/100\n|switch|p1b: Flutter Mane|Flutter Mane, L50|100\/100\n|switch|p2a: Cresselia|Cresselia, L50, F|100\/100\n|switch|p2b: Iron Hands|Iron Hands, L50|100\/100\n|turn|1\n|\n|t:|1701165468\n|move|p1b: Flutter Mane|Moonblast|p2a: Cresselia\n|-damage|p2a: Cresselia|59\/100\n|move|p1a: Tornadus|Bleakwind Storm|p2b: Iron Hands|[spread] p2a,p2b\n|-damage|p2a: Cresselia|40\/100\n|-damage|p2b: Iron Hands|85\/100\n|-unboost|p2a: Cresselia|spe|1\n|move|p2b: Iron Hands|Heavy Slam|p1b: Flutter Mane\n|-supereffective|p1b: Flutter Mane\n|-damage|p1b: Flutter Mane|0 fnt\n|faint|p1b: Flutter Mane\n|-end|p1b: Flutter Mane|Protosynthesis|[silent]\n|move|p2a: Cresselia|Moonblast|p1a: Tornadus\n|-damage|p1a: Tornadus|82\/100\n|\n|upkeep\n|\n|t:|1701165478\n|switch|p1b: Clefairy|Clefairy, L50, F|100\/100\n|turn|2\n|\n|t:|1701165492\n|-terastallize|p1a: Tornadus|Steel\n|move|p1a: Tornadus|Nasty Plot|p1a: Tornadus\n|-boost|p1a: Tornadus|spa|2\n|move|p2b: Iron Hands|Heavy Slam|p1b: Clefairy\n|-supereffective|p1b: Clefairy\n|-damage|p1b: Clefairy|39\/100\n|move|p1b: Clefairy|Heal Pulse|p1a: Tornadus\n|-heal|p1a: Tornadus|100\/100\n|move|p2a: Cresselia|Trick Room|p2a: Cresselia\n|-fieldstart|move: Trick Room|[of] p2a: Cresselia\n|\n|upkeep\n|turn|3\n|\n|t:|1701165504\n|move|p1b: Clefairy|Follow Me|p1b: Clefairy\n|-singleturn|p1b: Clefairy|move: Follow Me\n|move|p2a: Cresselia|Lunar Blessing|p2a: Cresselia|[spread] p2a,p2b\n|-heal|p2a: Cresselia|65\/100\n|-heal|p2b: Iron Hands|100\/100\n|move|p2b: Iron Hands|Heavy Slam|p1b: Clefairy\n|-supereffective|p1b: Clefairy\n|-damage|p1b: Clefairy|0 fnt\n|faint|p1b: Clefairy\n|move|p1a: Tornadus|Bleakwind Storm|p2b: Iron Hands|[spread] p2a,p2b\n|-damage|p2a: Cresselia|20\/100\n|-damage|p2b: Iron Hands|64\/100\n|\n|upkeep\n|\n|t:|1701165515\n|switch|p1b: Goodra|Goodra-Hisui, L50, F|100\/100\n|turn|4\n|\n|t:|1701165522\n|move|p1b: Goodra|Body Press|p2b: Iron Hands\n|-damage|p2b: Iron Hands|49\/100\n|move|p2a: Cresselia|Lunar Blessing|p2a: Cresselia|[spread] p2a,p2b\n|-heal|p2a: Cresselia|45\/100\n|-heal|p2b: Iron Hands|74\/100\n|move|p2b: Iron Hands|Drain Punch|p1a: Tornadus\n|-supereffective|p1a: Tornadus\n|-damage|p1a: Tornadus|9\/100\n|-heal|p2b: Iron Hands|100\/100|[from] drain|[of] p1a: Tornadus\n|move|p1a: Tornadus|Bleakwind Storm|p2b: Iron Hands|[spread] p2a,p2b\n|-damage|p2a: Cresselia|0 fnt\n|-damage|p2b: Iron Hands|64\/100\n|faint|p2a: Cresselia\n|\n|upkeep\n|\n|t:|1701165530\n|switch|p2a: Ursaluna|Ursaluna, L50, M|100\/100\n|turn|5\n|\n|t:|1701165542\n|move|p2a: Ursaluna|Protect|p2a: Ursaluna\n|-singleturn|p2a: Ursaluna|Protect\n|move|p1a: Tornadus|Tailwind|p1a: Tornadus\n|-sidestart|p1: Roshambo67|move: Tailwind\n|move|p2b: Iron Hands|Drain Punch|p1a: Tornadus\n|-supereffective|p1a: Tornadus\n|-damage|p1a: Tornadus|0 fnt\n|-heal|p2b: Iron Hands|67\/100|[from] drain|[of] p1a: Tornadus\n|faint|p1a: Tornadus\n|move|p1b: Goodra|Acid Armor|p1b: Goodra\n|-boost|p1b: Goodra|def|2\n|\n|-status|p2a: Ursaluna|brn|[from] item: Flame Orb\n|upkeep\n|turn|6\n|-message|Roshambo67 forfeited.\n|\n|win|Astano\n|raw|Roshambo67's rating: 1191 &rarr; <strong>1168<\/strong><br \/>(-23 for losing)\n|raw|Astano's rating: 1212 &rarr; <strong>1235<\/strong><br \/>(+23 for winning)\n|l|\u2606Roshambo67\n","uploadtime":1701165554,"views":5,"p1id":"roshambo67","p2id":"astano","formatid":"gen9vgc2023regulatione","rating":1168,"private":0,"password":""}