{"id":"gen9vgc2023regulatione-1998134570","p1":"LucaSnivy","p2":"zekie3","format":"[Gen 9] VGC 2023 Regulation E","log":"|j|\u2606LucaSnivy\n|j|\u2606zekie3\n|t:|1700897809\n|gametype|doubles\n|player|p1|LucaSnivy|guitarist|1031\n|player|p2|zekie3|266|1117\n|teamsize|p1|6\n|teamsize|p2|6\n|gen|9\n|tier|[Gen 9] VGC 2023 Regulation E\n|rated|\n|rule|Species Clause: Limit one of each Pok\u00e9mon\n|rule|Item Clause: Limit one of each item\n|clearpoke\n|poke|p1|Armarouge, L50, M|\n|poke|p1|Indeedee-F, L50, F|\n|poke|p1|Farigiraf, L50, F|\n|poke|p1|Gallade, L50, M|\n|poke|p1|Articuno-Galar, L50|\n|poke|p1|Hatterene, L50, F|\n|poke|p2|Breloom, L50, M|\n|poke|p2|Lurantis, L50, F|\n|poke|p2|Weavile, L50, M|\n|poke|p2|Grafaiai, L50, M|\n|poke|p2|Flutter Mane, L50|\n|poke|p2|Clefairy, L50, F|\n|teampreview|4\n|j| voldallk\n|inactive|Battle timer is ON: inactive players will automatically lose when time's up. (requested by LucaSnivy)\n|\n|t:|1700897850\n|start\n|switch|p1a: Indeedee|Indeedee-F, L50, F|100\/100\n|switch|p1b: Hatterene|Hatterene, L50, F, shiny|100\/100\n|switch|p2a: Lurantis|Lurantis, L50, F|100\/100\n|switch|p2b: Flutter Mane|Flutter Mane, L50|100\/100\n|-fieldstart|move: Psychic Terrain|[from] ability: Psychic Surge|[of] p1a: Indeedee\n|-enditem|p1a: Indeedee|Psychic Seed\n|-boost|p1a: Indeedee|spd|1|[from] item: Psychic Seed\n|-enditem|p2b: Flutter Mane|Booster Energy\n|-activate|p2b: Flutter Mane|ability: Protosynthesis|[fromitem]\n|-start|p2b: Flutter Mane|protosynthesisspe\n|turn|1\n|inactive|LucaSnivy has 30 seconds left.\n|inactive|zekie3 has 30 seconds left.\n|inactive|LucaSnivy has 20 seconds left.\n|\n|t:|1700897885\n|switch|p1a: Gallade|Gallade, L50, M|100\/100\n|-terastallize|p2b: Flutter Mane|Ghost\n|move|p2b: Flutter Mane|Shadow Ball|p1b: Hatterene\n|-supereffective|p1b: Hatterene\n|-damage|p1b: Hatterene|0 fnt\n|faint|p1b: Hatterene\n|move|p2a: Lurantis|Superpower|p1a: Gallade\n|-resisted|p1a: Gallade\n|-damage|p1a: Gallade|75\/100\n|-boost|p2a: Lurantis|atk|1\n|-boost|p2a: Lurantis|def|1\n|\n|upkeep\n|\n|t:|1700897901\n|switch|p1b: Indeedee|Indeedee-F, L50, F|100\/100\n|turn|2\n|\n|t:|1700897919\n|move|p2b: Flutter Mane|Dazzling Gleam|p1a: Gallade|[spread] p1a,p1b\n|-supereffective|p1a: Gallade\n|-crit|p1a: Gallade\n|-damage|p1a: Gallade|0 fnt\n|-damage|p1b: Indeedee|72\/100\n|faint|p1a: Gallade\n|move|p2a: Lurantis|Superpower|p1b: Indeedee\n|-damage|p1b: Indeedee|26\/100\n|-boost|p2a: Lurantis|atk|1\n|-boost|p2a: Lurantis|def|1\n|move|p1b: Indeedee|Trick Room|p1b: Indeedee\n|-fieldstart|move: Trick Room|[of] p1b: Indeedee\n|\n|upkeep\n|\n|t:|1700897923\n|switch|p1a: Armarouge|Armarouge, L50, M, shiny|100\/100\n|turn|3\n|inactive|zekie3 has 30 seconds left.\n|\n|t:|1700897951\n|move|p1b: Indeedee|Helping Hand|p1a: Armarouge\n|-singleturn|p1a: Armarouge|Helping Hand|[of] p1b: Indeedee\n|move|p2a: Lurantis|Knock Off|p1a: Armarouge\n|-supereffective|p1a: Armarouge\n|-damage|p1a: Armarouge|14\/100\n|-enditem|p1a: Armarouge|Weakness Policy\n|-boost|p1a: Armarouge|atk|2|[from] item: Weakness Policy\n|-boost|p1a: Armarouge|spa|2|[from] item: Weakness Policy\n|move|p1a: Armarouge|Expanding Force|p2b: Flutter Mane|[spread] p2a,p2b\n|-damage|p2a: Lurantis|0 fnt\n|-damage|p2b: Flutter Mane|0 fnt\n|faint|p2a: Lurantis\n|faint|p2b: Flutter Mane\n|-end|p2b: Flutter Mane|Protosynthesis|[silent]\n|\n|upkeep\n|\n|t:|1700897963\n|switch|p2a: Clefairy|Clefairy, L50, F|100\/100\n|switch|p2b: Weavile|Weavile, L50, M|100\/100\n|turn|4\n|\n|t:|1700897973\n|move|p2a: Clefairy|Follow Me|p2a: Clefairy\n|-singleturn|p2a: Clefairy|move: Follow Me\n|move|p1b: Indeedee|Follow Me|p1b: Indeedee\n|-singleturn|p1b: Indeedee|move: Follow Me\n|move|p1a: Armarouge|Heat Wave|p2a: Clefairy|[spread] p2a,p2b\n|-supereffective|p2b: Weavile\n|-damage|p2a: Clefairy|34\/100\n|-enditem|p2b: Weavile|Focus Sash\n|-damage|p2b: Weavile|1\/100\n|move|p2b: Weavile|Ice Spinner|p1b: Indeedee\n|-damage|p1b: Indeedee|0 fnt\n|-fieldend|move: Psychic Terrain\n|faint|p1b: Indeedee\n|\n|upkeep\n|turn|5\n|inactive|zekie3 has 30 seconds left.\n|\n|t:|1700898001\n|move|p2a: Clefairy|Heal Pulse|p2b: Weavile\n|-heal|p2b: Weavile|51\/100\n|move|p1a: Armarouge|Heat Wave|p2b: Weavile|[spread] p2a,p2b\n|-supereffective|p2b: Weavile\n|-damage|p2a: Clefairy|0 fnt\n|-damage|p2b: Weavile|0 fnt\n|faint|p2a: Clefairy\n|faint|p2b: Weavile\n|\n|win|LucaSnivy\n|raw|LucaSnivy's rating: 1031 &rarr; <strong>1075<\/strong><br \/>(+44 for winning)\n|raw|zekie3's rating: 1117 &rarr; <strong>1086<\/strong><br \/>(-31 for losing)\n|l|\u2606zekie3\n|l| voldallk\n","uploadtime":1700898029,"views":10,"p1id":"lucasnivy","p2id":"zekie3","formatid":"gen9vgc2023regulatione","rating":1075,"private":0,"password":""}