{"id":"gen9vgc2023regulatione-1999377628","p1":"Anas Kaci","p2":"VortexTheGOAT","format":"[Gen 9] VGC 2023 Regulation E","log":"|j|\u2606Anas Kaci\n|j|\u2606VortexTheGOAT\n|t:|1701069917\n|gametype|doubles\n|player|p1|Anas Kaci|steven|1052\n|player|p2|VortexTheGOAT|102|1128\n|teamsize|p1|6\n|teamsize|p2|6\n|gen|9\n|tier|[Gen 9] VGC 2023 Regulation E\n|rated|\n|rule|Species Clause: Limit one of each Pok\u00e9mon\n|rule|Item Clause: Limit one of each item\n|clearpoke\n|poke|p1|Urshifu-*, L50, F|\n|poke|p1|Heatran, L50, M|\n|poke|p1|Flutter Mane, L50|\n|poke|p1|Tornadus, L50, M|\n|poke|p1|Meowscarada, L50, M|\n|poke|p1|Scizor, L50, F|\n|poke|p2|Pelipper, L50, M|\n|poke|p2|Urshifu-*, L50, M|\n|poke|p2|Thundurus-Therian, L50, M|\n|poke|p2|Farigiraf, L50, M|\n|poke|p2|Weezing, L50, M|\n|poke|p2|Roaring Moon, L50|\n|teampreview|4\nAnas Kaci has agreed to open team sheets.\nVortexTheGOAT has agreed to open team sheets.\n|\n|t:|1701069971\n|start\n|switch|p1a: Meowscarada|Meowscarada, L50, M|100\/100\n|switch|p1b: Urshifu|Urshifu-Rapid-Strike, L50, F|100\/100\n|switch|p2a: Weezing|Weezing, L50, M|100\/100\n|switch|p2b: Roaring Moon|Roaring Moon, L50|100\/100\n|-ability|p2a: Weezing|Neutralizing Gas\n|-enditem|p2b: Roaring Moon|Booster Energy\n|-activate|p2b: Roaring Moon|ability: Protosynthesis|[fromitem]\n|-start|p2b: Roaring Moon|protosynthesisatk\n|turn|1\n|\n|t:|1701069990\n|move|p2b: Roaring Moon|Protect|p2b: Roaring Moon\n|-singleturn|p2b: Roaring Moon|Protect\n|move|p1a: Meowscarada|U-turn|p2b: Roaring Moon\n|-activate|p2b: Roaring Moon|move: Protect\n|move|p1b: Urshifu|Drain Punch|p2b: Roaring Moon\n|-activate|p2b: Roaring Moon|move: Protect\n|move|p2a: Weezing|Will-O-Wisp|p1b: Urshifu\n|-status|p1b: Urshifu|brn\n|\n|-damage|p1b: Urshifu|95\/100 brn|[from] brn\n|upkeep\n|turn|2\n|\n|t:|1701070010\n|move|p1a: Meowscarada|U-turn|p2b: Roaring Moon\n|-supereffective|p2b: Roaring Moon\n|-damage|p2b: Roaring Moon|33\/100\n|\n|t:|1701070015\n|switch|p1a: Flutter Mane|Flutter Mane, L50|100\/100|[from] U-turn\n|-enditem|p1a: Flutter Mane|Booster Energy\n|-activate|p1a: Flutter Mane|ability: Protosynthesis|[fromitem]\n|-start|p1a: Flutter Mane|protosynthesisspe\n|move|p2b: Roaring Moon|Acrobatics|p1a: Flutter Mane\n|-damage|p1a: Flutter Mane|12\/100\n|move|p1b: Urshifu|Surging Strikes|p2a: Weezing\n|-crit|p2a: Weezing\n|-damage|p2a: Weezing|92\/100\n|-crit|p2a: Weezing\n|-damage|p2a: Weezing|83\/100\n|-crit|p2a: Weezing\n|-damage|p2a: Weezing|75\/100\n|-hitcount|p2a: Weezing|3\n|move|p2a: Weezing|Will-O-Wisp|p1a: Flutter Mane\n|-status|p1a: Flutter Mane|brn\n|\n|-damage|p1a: Flutter Mane|6\/100 brn|[from] brn\n|-damage|p1b: Urshifu|89\/100 brn|[from] brn\n|upkeep\n|turn|3\n|\n|t:|1701070041\n|move|p2b: Roaring Moon|Protect|p2b: Roaring Moon\n|-singleturn|p2b: Roaring Moon|Protect\n|move|p1a: Flutter Mane|Moonblast|p2b: Roaring Moon\n|-activate|p2b: Roaring Moon|move: Protect\n|move|p1b: Urshifu|Surging Strikes|p2a: Weezing\n|-crit|p2a: Weezing\n|-damage|p2a: Weezing|68\/100\n|-crit|p2a: Weezing\n|-damage|p2a: Weezing|60\/100\n|-crit|p2a: Weezing\n|-damage|p2a: Weezing|52\/100\n|-hitcount|p2a: Weezing|3\n|move|p2a: Weezing|Gunk Shot|p1b: Urshifu\n|-damage|p1b: Urshifu|47\/100 brn\n|\n|-damage|p1a: Flutter Mane|0 fnt|[from] brn\n|faint|p1a: Flutter Mane\n|-end|p1a: Flutter Mane|Protosynthesis|[silent]\n|-damage|p1b: Urshifu|42\/100 brn|[from] brn\n|upkeep\n|\n|t:|1701070058\n|switch|p1a: Meowscarada|Meowscarada, L50, M|100\/100\n|turn|4\n|\n|t:|1701070090\n|-end|p2b: Roaring Moon|Protosynthesis|[silent]\n|switch|p2b: Pelipper|Pelipper, L50, M|100\/100\n|move|p1a: Meowscarada|U-turn|p2b: Pelipper\n|-resisted|p2b: Pelipper\n|-crit|p2b: Pelipper\n|-damage|p2b: Pelipper|73\/100\n|\n|t:|1701070096\n|switch|p1a: Tornadus|Tornadus, L50, M|100\/100|[from] U-turn\n|move|p1b: Urshifu|Surging Strikes|p2a: Weezing\n|-crit|p2a: Weezing\n|-damage|p2a: Weezing|43\/100\n|-enditem|p2a: Weezing|Sitrus Berry|[eat]\n|-heal|p2a: Weezing|68\/100|[from] item: Sitrus Berry\n|-crit|p2a: Weezing\n|-damage|p2a: Weezing|59\/100\n|-crit|p2a: Weezing\n|-damage|p2a: Weezing|50\/100\n|-hitcount|p2a: Weezing|3\n|move|p2a: Weezing|Will-O-Wisp|p1a: Tornadus|[miss]\n|-miss|p2a: Weezing|p1a: Tornadus\n|\n|-damage|p1b: Urshifu|36\/100 brn|[from] brn\n|upkeep\n|turn|5\n|\n|t:|1701070145\n|move|p1a: Tornadus|Rain Dance|p1a: Tornadus\n|-weather|RainDance\n|move|p1b: Urshifu|Surging Strikes|p2a: Weezing\n|-crit|p2a: Weezing\n|-damage|p2a: Weezing|38\/100\n|-crit|p2a: Weezing\n|-damage|p2a: Weezing|25\/100\n|-crit|p2a: Weezing\n|-damage|p2a: Weezing|12\/100\n|-hitcount|p2a: Weezing|3\n|move|p2b: Pelipper|Tailwind|p2b: Pelipper\n|-sidestart|p2: VortexTheGOAT|move: Tailwind\n|move|p2a: Weezing|Gunk Shot|p1a: Tornadus|[miss]\n|-miss|p2a: Weezing|p1a: Tornadus\n|\n|-weather|RainDance|[upkeep]\n|-damage|p1b: Urshifu|30\/100 brn|[from] brn\n|upkeep\n|turn|6\n|\n|t:|1701070172\n|move|p2a: Weezing|Protect|p2a: Weezing\n|-singleturn|p2a: Weezing|Protect\n|move|p2b: Pelipper|Hurricane|p1a: Tornadus\n|-damage|p1a: Tornadus|32\/100\n|move|p1a: Tornadus|Tailwind|p1a: Tornadus\n|-sidestart|p1: Anas Kaci|move: Tailwind\n|move|p1b: Urshifu|Surging Strikes|p2a: Weezing\n|-activate|p2a: Weezing|move: Protect\n|\n|-weather|RainDance|[upkeep]\n|-damage|p1b: Urshifu|24\/100 brn|[from] brn\n|upkeep\n|turn|7\n|\n|t:|1701070194\n|-end|p2a: Weezing|ability: Neutralizing Gas\n|switch|p2a: Urshifu|Urshifu-Rapid-Strike, L50, M|100\/100\n|move|p1a: Tornadus|Bleakwind Storm|p2a: Urshifu|[spread] p2a,p2b\n|-supereffective|p2a: Urshifu\n|-damage|p2a: Urshifu|0 fnt\n|-damage|p2b: Pelipper|19\/100\n|-unboost|p2b: Pelipper|spe|1\n|faint|p2a: Urshifu\n|move|p1b: Urshifu|Surging Strikes|p2b: Pelipper\n|-resisted|p2b: Pelipper\n|-crit|p2b: Pelipper\n|-damage|p2b: Pelipper|7\/100\n|-resisted|p2b: Pelipper\n|-crit|p2b: Pelipper\n|-damage|p2b: Pelipper|0 fnt\n|faint|p2b: Pelipper\n|-hitcount|p2: Pelipper|2\n|\n|-weather|RainDance|[upkeep]\n|-damage|p1b: Urshifu|19\/100 brn|[from] brn\n|upkeep\n|\n|t:|1701070210\n|switch|p2a: Roaring Moon|Roaring Moon, L50|33\/100\n|switch|p2b: Weezing|Weezing, L50, M|12\/100\n|-ability|p2b: Weezing|Neutralizing Gas\n|turn|8\n|\n|t:|1701070235\n|move|p2b: Weezing|Protect|p2b: Weezing\n|-singleturn|p2b: Weezing|Protect\n|move|p2a: Roaring Moon|Knock Off|p1a: Tornadus\n|-damage|p1a: Tornadus|0 fnt\n|-enditem|p1a: Tornadus|Covert Cloak|[from] move: Knock Off|[of] p2a: Roaring Moon\n|faint|p1a: Tornadus\n|move|p1b: Urshifu|Drain Punch|p2a: Roaring Moon\n|-supereffective|p2a: Roaring Moon\n|-damage|p2a: Roaring Moon|0 fnt\n|-heal|p1b: Urshifu|36\/100 brn|[from] drain|[of] p2a: Roaring Moon\n|faint|p2a: Roaring Moon\n|-end|p2a: Roaring Moon|Protosynthesis|[silent]\n|\n|-weather|RainDance|[upkeep]\n|-damage|p1b: Urshifu|30\/100 brn|[from] brn\n|-sideend|p2: VortexTheGOAT|move: Tailwind\n|upkeep\n|\n|t:|1701070247\n|switch|p1a: Meowscarada|Meowscarada, L50, M|100\/100\n|turn|9\n|\n|t:|1701070258\n|move|p1a: Meowscarada|Sucker Punch|p2b: Weezing\n|-damage|p2b: Weezing|0 fnt\n|faint|p2b: Weezing\n|-end|p2b: Weezing|ability: Neutralizing Gas\n|\n|win|Anas Kaci\n|raw|Anas Kaci's rating: 1052 &rarr; <strong>1091<\/strong><br \/>(+39 for winning)\n|raw|VortexTheGOAT's rating: 1128 &rarr; <strong>1098<\/strong><br \/>(-30 for losing)\n","uploadtime":1701070264,"views":3,"p1id":"anaskaci","p2id":"vortexthegoat","formatid":"gen9vgc2023regulatione","rating":1091,"private":0,"password":""}