{"id":"gen9vgc2023regulatione-1989956611","p1":"Giusx93","p2":"GAPDHD","format":"[Gen 9] VGC 2023 Regulation E","log":"|j|\u2606Giusx93\n|j|\u2606GAPDHD\n|t:|1699910033\n|gametype|doubles\n|player|p1|Giusx93|1|1252\n|player|p2|GAPDHD|ruinmaniac|1243\n|teamsize|p1|6\n|teamsize|p2|6\n|gen|9\n|tier|[Gen 9] VGC 2023 Regulation E\n|rated|\n|rule|Species Clause: Limit one of each Pok\u00e9mon\n|rule|Item Clause: Limit one of each item\n|clearpoke\n|poke|p1|Ogerpon-Hearthflame, L50, F|\n|poke|p1|Tornadus, L50, M|\n|poke|p1|Urshifu-*, L50, F|\n|poke|p1|Arcanine-Hisui, L50, F|\n|poke|p1|Flutter Mane, L50|\n|poke|p1|Chi-Yu, L50|\n|poke|p2|Revavroom, L50, M|\n|poke|p2|Chien-Pao, L50|\n|poke|p2|Flutter Mane, L50|\n|poke|p2|Tornadus, L50, M|\n|poke|p2|Ogerpon-Cornerstone, L50, F|\n|poke|p2|Bruxish, L50, F|\n|teampreview|4\nGAPDHD has agreed to open team sheets.\nGiusx93 has agreed to open team sheets.\n|\n|t:|1699910117\n|start\n|switch|p1a: Tornadus|Tornadus, L50, M|100\/100\n|switch|p1b: Arcanine|Arcanine-Hisui, L50, F|100\/100\n|switch|p2a: Tornadus|Tornadus, L50, M|100\/100\n|switch|p2b: Ogerpon|Ogerpon-Cornerstone, L50, F|100\/100\n|-ability|p1b: Arcanine|Intimidate|boost\n|-unboost|p2a: Tornadus|atk|1\n|-unboost|p2b: Ogerpon|atk|1\n|turn|1\n|\n|t:|1699910150\n|move|p2a: Tornadus|Tailwind|p2a: Tornadus\n|-sidestart|p2: GAPDHD|move: Tailwind\n|move|p1a: Tornadus|Taunt|p2a: Tornadus\n|-start|p2a: Tornadus|move: Taunt\n|move|p2b: Ogerpon|Ivy Cudgel|p1b: Arcanine\n|-supereffective|p1b: Arcanine\n|-damage|p1b: Arcanine|19\/100\n|move|p1b: Arcanine|Rock Slide|p2a: Tornadus|[spread] p2a,p2b\n|-supereffective|p2a: Tornadus\n|-damage|p2a: Tornadus|15\/100\n|-damage|p2b: Ogerpon|64\/100\n|\n|upkeep\n|turn|2\n|\n|t:|1699910180\n|move|p1b: Arcanine|Extreme Speed|p2a: Tornadus\n|-damage|p2a: Tornadus|0 fnt\n|faint|p2a: Tornadus\n|move|p1a: Tornadus|Tailwind|p1a: Tornadus\n|-sidestart|p1: Giusx93|move: Tailwind\n|move|p2b: Ogerpon|Ivy Cudgel|p1a: Tornadus\n|-supereffective|p1a: Tornadus\n|-crit|p1a: Tornadus\n|-damage|p1a: Tornadus|0 fnt\n|faint|p1a: Tornadus\n|\n|upkeep\n|\n|t:|1699910194\n|switch|p2a: Flutter Mane|Flutter Mane, L50|100\/100\n|switch|p1a: Flutter Mane|Flutter Mane, L50, shiny|100\/100\n|turn|3\n|\n|t:|1699910234\n|-terastallize|p1a: Flutter Mane|Fairy\n|move|p2a: Flutter Mane|Dazzling Gleam|p1a: Flutter Mane|[spread] p1a,p1b\n|-resisted|p1b: Arcanine\n|-damage|p1a: Flutter Mane|57\/100\n|-damage|p1b: Arcanine|0 fnt\n|faint|p1b: Arcanine\n|move|p1a: Flutter Mane|Shadow Ball|p2a: Flutter Mane\n|-supereffective|p2a: Flutter Mane\n|-damage|p2a: Flutter Mane|12\/100\n|move|p2b: Ogerpon|Ivy Cudgel|p1a: Flutter Mane\n|-damage|p1a: Flutter Mane|0 fnt\n|faint|p1a: Flutter Mane\n|-end|p1a: Flutter Mane|Protosynthesis|[silent]\n|\n|upkeep\n|\n|t:|1699910249\n|switch|p1b: Urshifu|Urshifu-Rapid-Strike, L50, F|100\/100\n|turn|4\n|\n|t:|1699910260\n|move|p1b: Urshifu|Aqua Jet|p2a: Flutter Mane\n|-damage|p2a: Flutter Mane|0 fnt\n|faint|p2a: Flutter Mane\n|-end|p2a: Flutter Mane|Protosynthesis|[silent]\n|move|p2b: Ogerpon|Power Whip|p1b: Urshifu\n|-supereffective|p1b: Urshifu\n|-enditem|p1b: Urshifu|Focus Sash\n|-damage|p1b: Urshifu|1\/100\n|\n|-sideend|p2: GAPDHD|move: Tailwind\n|upkeep\n|\n|t:|1699910269\n|switch|p2a: Bruxish|Bruxish, L50, F|100\/100\n|turn|5\n|\n|t:|1699910277\n|move|p1b: Urshifu|Surging Strikes|p2b: Ogerpon\n|-crit|p2b: Ogerpon\n|-damage|p2b: Ogerpon|37\/100\n|-crit|p2b: Ogerpon\n|-damage|p2b: Ogerpon|9\/100\n|-crit|p2b: Ogerpon\n|-damage|p2b: Ogerpon|0 fnt\n|faint|p2b: Ogerpon\n|-hitcount|p2: Ogerpon|3\n|move|p2a: Bruxish|Psychic Fangs|p1b: Urshifu\n|-supereffective|p1b: Urshifu\n|-crit|p1b: Urshifu\n|-damage|p1b: Urshifu|0 fnt\n|faint|p1b: Urshifu\n|\n|win|GAPDHD\n|raw|Giusx93's rating: 1252 &rarr; <strong>1226<\/strong><br \/>(-26 for losing)\n|raw|GAPDHD's rating: 1243 &rarr; <strong>1269<\/strong><br \/>(+26 for winning)\n|l|\u2606Giusx93\n|l|\u2606GAPDHD\n|j|\u2606GAPDHD\n|player|p2|GAPDHD|ruinmaniac\n","uploadtime":1699910298,"views":19,"p1id":"giusx93","p2id":"gapdhd","formatid":"gen9vgc2023regulatione","rating":1226,"private":0,"password":""}