{"id":"gen9vgc2023regulatione-1988071262","p1":"Leon1das","p2":"YoraeRasante","format":"[Gen 9] VGC 2023 Regulation E","log":"|j|\u2606Leon1das\n|j|\u2606YoraeRasante\n|n|\u2606Leon1das|leon1das\n|n|\u2606YoraeRasante|yoraerasante\n|html|View the match progress at <a href=\"\/game-bestof3-gen9vgc2023regulatione-1988071261\">game-bestof3-gen9vgc2023regulatione-1988071261<\/a>\n|t:|1699666009\n|gametype|doubles\n|player|p1|Leon1das|170|\n|player|p2|YoraeRasante|red|\n|teamsize|p1|6\n|teamsize|p2|6\n|gen|9\n|tier|[Gen 9] VGC 2023 Regulation E\n|rule|Species Clause: Limit one of each Pok\u00e9mon\n|rule|Item Clause: Limit one of each item\n|clearpoke\n|poke|p1|Cresselia, L50, F|\n|poke|p1|Ursaluna-Bloodmoon, L50, M|\n|poke|p1|Iron Hands, L50|\n|poke|p1|Ogerpon-Wellspring, L50, F|\n|poke|p1|Arcanine-Hisui, L50, M|\n|poke|p1|Flutter Mane, L50|\n|poke|p2|Tyranitar, L50, F|\n|poke|p2|Flutter Mane, L50|\n|poke|p2|Urshifu-*, L50, F|\n|poke|p2|Iron Hands, L50|\n|poke|p2|Rillaboom, L50, M|\n|poke|p2|Tornadus, L50, M|\n|teampreview|4\nYoraeRasante has agreed to open team sheets.\nLeon1das has agreed to open team sheets.\n|showteam|p1|Cresselia||MentalHerb|Levitate|Psychic,HelpingHand,LunarBlessing,TrickRoom|||F|||50|,,,,,Fire]Ursaluna-Bloodmoon||ThroatSpray|MindsEye|BloodMoon,EarthPower,HyperVoice,Protect|||M|||50|,,,,,Grass]Iron Hands||AssaultVest|QuarkDrive|FakeOut,DrainPunch,WildCharge,HeavySlam||||||50|,,,,,Fire]Ogerpon-Wellspring||WellspringMask|WaterAbsorb|IvyCudgel,FollowMe,HornLeech,SpikyShield|||F|||50|,,,,,Water]Arcanine-Hisui||SitrusBerry|Intimidate|RockSlide,FlareBlitz,ExtremeSpeed,Protect|||M|||50|,,,,,Grass]Flutter Mane||BoosterEnergy|Protosynthesis|Moonblast,ShadowBall,DazzlingGleam,Protect||||||50|,,,,,Fairy\n|showteam|p2|Tyranitar||LifeOrb|SandStream|KnockOff,RockSlide,LowKick,TeraBlast|||F|||50|,,,,,Psychic]Flutter Mane||ChoiceSpecs|Protosynthesis|ShadowBall,Moonblast,DazzlingGleam,TrickRoom||||||50|,,,,,Fairy]Urshifu-Rapid-Strike||ChoiceScarf|UnseenFist|SurgingStrikes,CloseCombat,AquaJet,Uturn|||F|||50|,,,,,Water]Iron Hands||AssaultVest|QuarkDrive|WildCharge,DrainPunch,HeavySlam,FakeOut||||||50|,,,,,Grass]Rillaboom||MiracleSeed|GrassySurge|FakeOut,WoodHammer,GrassyGlide,Taunt|||M|||50|,,,,,Grass]Tornadus||CovertCloak|Prankster|BleakwindStorm,Tailwind,Taunt,RainDance|||M|||50|,,,,,Flying\n|j| lucasarreguy\n|j| Rebornsan93\n|c| lucasarreguy|podem come\u00e7ar\n|j| Yuri\n|j| Marcostap\n|j| DorititosKiller\n|\n|t:|1699666147\n|start\n|switch|p1a: Celinha|Cresselia, L50, F|100\/100\n|switch|p1b: La Ursa Luna|Ursaluna-Bloodmoon, L50, M|100\/100\n|switch|p2a: Urshifu|Urshifu-Rapid-Strike, L50, F|100\/100\n|switch|p2b: Rillaboom|Rillaboom, L50, M|100\/100\n|-fieldstart|move: Grassy Terrain|[from] ability: Grassy Surge|[of] p2b: Rillaboom\n|turn|1\n|\n|t:|1699666169\n|switch|p2a: Flutter Mane|Flutter Mane, L50|100\/100\n|switch|p1b: Hachiko|Arcanine-Hisui, L50, M|100\/100\n|-ability|p1b: Hachiko|Intimidate|boost\n|-unboost|p2a: Flutter Mane|atk|1\n|-unboost|p2b: Rillaboom|atk|1\n|move|p2b: Rillaboom|Grassy Glide|p1b: Hachiko\n|-damage|p1b: Hachiko|67\/100\n|move|p1a: Celinha|Trick Room|p1a: Celinha\n|-fieldstart|move: Trick Room|[of] p1a: Celinha\n|\n|-heal|p1b: Hachiko|73\/100|[from] Grassy Terrain\n|upkeep\n|turn|2\n|j| lainshy\n|\n|t:|1699666239\n|switch|p2b: Urshifu|Urshifu-Rapid-Strike, L50, F|100\/100\n|move|p1a: Celinha|Lunar Blessing|p1a: Celinha|[spread] p1a,p1b\n|-heal|p1b: Hachiko|98\/100\n|move|p1b: Hachiko|Flare Blitz|p2a: Flutter Mane\n|-damage|p2a: Flutter Mane|0 fnt\n|faint|p2a: Flutter Mane\n|-end|p2a: Flutter Mane|Protosynthesis|[silent]\n|-damage|p1b: Hachiko|74\/100|[from] Recoil\n|\n|-heal|p1b: Hachiko|80\/100|[from] Grassy Terrain\n|upkeep\n|\n|t:|1699666253\n|switch|p2a: Iron Hands|Iron Hands, L50|100\/100\n|turn|3\n|\n|t:|1699666294\n|-terastallize|p1b: Hachiko|Grass\n|move|p1b: Hachiko|Extreme Speed|p2b: Urshifu\n|-damage|p2b: Urshifu|78\/100\n|move|p2b: Urshifu|Aqua Jet|p1b: Hachiko\n|-resisted|p1b: Hachiko\n|-damage|p1b: Hachiko|67\/100\n|move|p2a: Iron Hands|Heavy Slam|p1a: Celinha\n|-crit|p1a: Celinha\n|-damage|p1a: Celinha|66\/100\n|move|p1a: Celinha|Psychic|p2b: Urshifu\n|-supereffective|p2b: Urshifu\n|-damage|p2b: Urshifu|5\/100\n|\n|-heal|p1b: Hachiko|73\/100|[from] Grassy Terrain\n|-heal|p2b: Urshifu|11\/100|[from] Grassy Terrain\n|upkeep\n|turn|4\n|\n|t:|1699666365\n|move|p1b: Hachiko|Extreme Speed|p2b: Urshifu\n|-damage|p2b: Urshifu|0 fnt\n|faint|p2b: Urshifu\n|move|p2a: Iron Hands|Heavy Slam|p1b: Hachiko\n|-damage|p1b: Hachiko|52\/100\n|move|p1a: Celinha|Psychic|p2a: Iron Hands\n|-supereffective|p2a: Iron Hands\n|-damage|p2a: Iron Hands|73\/100\n|\n|-heal|p2a: Iron Hands|79\/100|[from] Grassy Terrain\n|-heal|p1b: Hachiko|58\/100|[from] Grassy Terrain\n|upkeep\n|\n|t:|1699666377\n|switch|p2b: Rillaboom|Rillaboom, L50, M|100\/100\n|turn|5\n|j| Bard0_Gamer\n|\n|t:|1699666417\n|move|p1b: Hachiko|Protect|p1b: Hachiko\n|-singleturn|p1b: Hachiko|Protect\n|move|p2a: Iron Hands|Drain Punch|p1b: Hachiko\n|-activate|p1b: Hachiko|move: Protect\n|move|p1a: Celinha|Lunar Blessing|p1a: Celinha|[spread] p1a,p1b\n|-heal|p1a: Celinha|91\/100\n|-heal|p1b: Hachiko|83\/100\n|move|p2b: Rillaboom|Wood Hammer|p1a: Celinha\n|-damage|p1a: Celinha|29\/100\n|-damage|p2b: Rillaboom|77\/100|[from] Recoil\n|\n|-heal|p2a: Iron Hands|86\/100|[from] Grassy Terrain\n|-heal|p2b: Rillaboom|83\/100|[from] Grassy Terrain\n|-heal|p1b: Hachiko|89\/100|[from] Grassy Terrain\n|-fieldend|move: Trick Room\n|-fieldend|move: Grassy Terrain\n|upkeep\n|turn|6\n|\n|t:|1699666472\n|move|p1b: Hachiko|Flare Blitz|p2b: Rillaboom\n|-supereffective|p2b: Rillaboom\n|-damage|p2b: Rillaboom|0 fnt\n|faint|p2b: Rillaboom\n|-damage|p1b: Hachiko|62\/100|[from] Recoil\n|move|p2a: Iron Hands|Drain Punch|p1b: Hachiko\n|-damage|p1b: Hachiko|17\/100\n|-heal|p2a: Iron Hands|100\/100|[from] drain|[of] p1b: Hachiko\n|-enditem|p1b: Hachiko|Sitrus Berry|[eat]\n|-heal|p1b: Hachiko|42\/100|[from] item: Sitrus Berry\n|move|p1a: Celinha|Trick Room|p1a: Celinha\n|-fieldstart|move: Trick Room|[of] p1a: Celinha\n|\n|upkeep\n|turn|7\n|\n|t:|1699666531\n|move|p1b: Hachiko|Protect|p1b: Hachiko\n|-singleturn|p1b: Hachiko|Protect\n|move|p2a: Iron Hands|Heavy Slam|p1b: Hachiko\n|-activate|p1b: Hachiko|move: Protect\n|move|p1a: Celinha|Psychic|p2a: Iron Hands\n|-supereffective|p2a: Iron Hands\n|-damage|p2a: Iron Hands|76\/100\n|\n|upkeep\n|turn|8\n|\n|t:|1699666560\n|move|p1b: Hachiko|Extreme Speed|p2a: Iron Hands\n|-damage|p2a: Iron Hands|58\/100\n|move|p2a: Iron Hands|Drain Punch|p1b: Hachiko\n|-damage|p1b: Hachiko|0 fnt\n|-heal|p2a: Iron Hands|76\/100|[from] drain|[of] p1b: Hachiko\n|faint|p1b: Hachiko\n|move|p1a: Celinha|Lunar Blessing|p1a: Celinha\n|-heal|p1a: Celinha|54\/100\n|\n|upkeep\n|\n|t:|1699666576\n|switch|p1b: Michelangelo|Iron Hands, L50|100\/100\n|turn|9\n|\n|t:|1699666585\n|move|p1b: Michelangelo|Fake Out|p2a: Iron Hands\n|-damage|p2a: Iron Hands|66\/100\n|cant|p2a: Iron Hands|flinch\n|move|p1a: Celinha|Psychic|p2a: Iron Hands\n|-supereffective|p2a: Iron Hands\n|-damage|p2a: Iron Hands|41\/100\n|\n|upkeep\n|turn|10\n|\n|t:|1699666603\n|-terastallize|p2a: Iron Hands|Grass\n|move|p1a: Celinha|Helping Hand|p1b: Michelangelo\n|-singleturn|p1b: Michelangelo|Helping Hand|[of] p1a: Celinha\n|move|p2a: Iron Hands|Heavy Slam|p1a: Celinha\n|-damage|p1a: Celinha|31\/100\n|move|p1b: Michelangelo|Drain Punch|p2a: Iron Hands\n|-damage|p2a: Iron Hands|0 fnt\n|faint|p2a: Iron Hands\n|-end|p2a: Iron Hands|Quark Drive|[silent]\n|\n|win|Leon1das\n|c|&|\/uhtml prompt-leon1das,Leon1das is ready for game 2!\n|c|&|\/uhtml prompt-leon1das,Leon1das is ready for game 2!\n|inactive|YoraeRasante has 50 seconds to confirm battle start!\n|c|&|\/uhtml prompt-yoraerasante,YoraeRasante is ready for game 2!\nBoth players are ready! Starting next match!\n|c| DorititosKiller|joejjj\n|l|\u2606Leon1das\n","uploadtime":1699666631,"views":24,"p1id":"leon1das","p2id":"yoraerasante","formatid":"gen9vgc2023regulatione","rating":0,"private":0,"password":""}