{"id":"gen9vgc2023regulatione-1999185097","p1":"MkenroyW","p2":"meesterkrebs","format":"[Gen 9] VGC 2023 Regulation E","log":"|j|\u2606MkenroyW\n|j|\u2606meesterkrebs\n|t:|1701042752\n|gametype|doubles\n|player|p1|MkenroyW|policeman-gen4|1159\n|player|p2|meesterkrebs|steven|1256\n|teamsize|p1|6\n|teamsize|p2|6\n|gen|9\n|tier|[Gen 9] VGC 2023 Regulation E\n|rated|\n|rule|Species Clause: Limit one of each Pok\u00e9mon\n|rule|Item Clause: Limit one of each item\n|clearpoke\n|poke|p1|Empoleon, L50, F|\n|poke|p1|Iron Hands, L50|\n|poke|p1|Arcanine, L50, F|\n|poke|p1|Amoonguss, L50, M|\n|poke|p1|Chi-Yu, L50|\n|poke|p1|Dragonite, L50, F|\n|poke|p2|Urshifu-*, L50, M|\n|poke|p2|Gholdengo, L50|\n|poke|p2|Arcanine, L50, F|\n|poke|p2|Rillaboom, L50, F|\n|poke|p2|Sableye, L50, F|\n|poke|p2|Iron Bundle, L50|\n|teampreview|4\n|\n|t:|1701042796\n|start\n|switch|p1a: Chi-Yu|Chi-Yu, L50|100\/100\n|switch|p1b: Amoonguss|Amoonguss, L50, M|100\/100\n|switch|p2a: Sableye|Sableye, L50, F|100\/100\n|switch|p2b: Urshifu|Urshifu-Rapid-Strike, L50, M|100\/100\n|-ability|p1a: Chi-Yu|Beads of Ruin\n|turn|1\n|\n|t:|1701042833\n|switch|p1a: Dragonite|Dragonite, L50, F|100\/100\n|move|p2a: Sableye|Disable||[still]\n|-fail|p2a: Sableye\n|move|p2b: Urshifu|Surging Strikes|p1a: Dragonite\n|-resisted|p1a: Dragonite\n|-crit|p1a: Dragonite\n|-damage|p1a: Dragonite|95\/100\n|-resisted|p1a: Dragonite\n|-crit|p1a: Dragonite\n|-damage|p1a: Dragonite|85\/100\n|-resisted|p1a: Dragonite\n|-crit|p1a: Dragonite\n|-damage|p1a: Dragonite|74\/100\n|-hitcount|p1a: Dragonite|3\n|move|p1b: Amoonguss|Spore|p2b: Urshifu\n|-status|p2b: Urshifu|slp|[from] move: Spore\n|\n|upkeep\n|turn|2\n|\n|t:|1701042869\n|cant|p2b: Urshifu|slp\n|move|p2a: Sableye|Will-O-Wisp|p1a: Dragonite\n|-status|p1a: Dragonite|brn\n|move|p1a: Dragonite|Dragon Dance|p1a: Dragonite\n|-boost|p1a: Dragonite|atk|1\n|-boost|p1a: Dragonite|spe|1\n|move|p1b: Amoonguss|Spore|p2a: Sableye\n|-status|p2a: Sableye|slp|[from] move: Spore\n|\n|-damage|p1a: Dragonite|68\/100 brn|[from] brn\n|upkeep\n|turn|3\n|\n|t:|1701042889\n|cant|p2a: Sableye|slp\n|move|p1a: Dragonite|Dragon Dance|p1a: Dragonite\n|-boost|p1a: Dragonite|atk|1\n|-boost|p1a: Dragonite|spe|1\n|cant|p2b: Urshifu|slp\n|move|p1b: Amoonguss|Pollen Puff|p1a: Dragonite\n|-heal|p1a: Dragonite|100\/100 brn\n|\n|-damage|p1a: Dragonite|94\/100 brn|[from] brn\n|upkeep\n|turn|4\n|\n|t:|1701042917\n|-curestatus|p2b: Urshifu|slp|[msg]\n|move|p2b: Urshifu|Detect|p2b: Urshifu\n|-singleturn|p2b: Urshifu|Protect\n|move|p1b: Amoonguss|Rage Powder|p1b: Amoonguss\n|-singleturn|p1b: Amoonguss|move: Rage Powder\n|cant|p2a: Sableye|slp\n|move|p1a: Dragonite|Dragon Dance|p1a: Dragonite\n|-boost|p1a: Dragonite|atk|1\n|-boost|p1a: Dragonite|spe|1\n|\n|-damage|p1a: Dragonite|88\/100 brn|[from] brn\n|upkeep\n|turn|5\n|\n|t:|1701042938\n|-terastallize|p1a: Dragonite|Dragon\n|move|p1b: Amoonguss|Rage Powder|p1b: Amoonguss\n|-singleturn|p1b: Amoonguss|move: Rage Powder\n|cant|p2a: Sableye|slp\n|move|p1a: Dragonite|Outrage|p2a: Sableye\n|-damage|p2a: Sableye|0 fnt\n|faint|p2a: Sableye\n|move|p2b: Urshifu|Taunt|p1b: Amoonguss\n|-start|p1b: Amoonguss|move: Taunt\n|\n|-damage|p1a: Dragonite|82\/100 brn|[from] brn\n|upkeep\n|\n|t:|1701042953\n|switch|p2a: Iron Bundle|Iron Bundle, L50|100\/100\n|-enditem|p2a: Iron Bundle|Booster Energy\n|-activate|p2a: Iron Bundle|ability: Quark Drive|[fromitem]\n|-start|p2a: Iron Bundle|quarkdrivespe\n|turn|6\n|\n|t:|1701042974\n|move|p2a: Iron Bundle|Protect|p2a: Iron Bundle\n|-singleturn|p2a: Iron Bundle|Protect\n|move|p2b: Urshifu|Detect|p2b: Urshifu\n|-singleturn|p2b: Urshifu|Protect\n|move|p1a: Dragonite|Outrage|p2b: Urshifu|[from]lockedmove\n|-activate|p2b: Urshifu|move: Protect\n|-start|p1a: Dragonite|confusion|[fatigue]\n|move|p1b: Amoonguss|Pollen Puff|p1a: Dragonite\n|-heal|p1a: Dragonite|100\/100 brn\n|\n|-damage|p1a: Dragonite|94\/100 brn|[from] brn\n|upkeep\n|turn|7\n|\n|t:|1701042995\n|switch|p1b: Arcanine|Arcanine, L50, F|100\/100\n|-ability|p1b: Arcanine|Intimidate|boost\n|-unboost|p2a: Iron Bundle|atk|1\n|-unboost|p2b: Urshifu|atk|1\n|-terastallize|p2b: Urshifu|Water\n|move|p2a: Iron Bundle|Freeze-Dry|p1a: Dragonite\n|-supereffective|p1a: Dragonite\n|-damage|p1a: Dragonite|34\/100 brn\n|-activate|p1a: Dragonite|confusion\n|move|p1a: Dragonite|Outrage|p2b: Urshifu\n|-damage|p2b: Urshifu|0 fnt\n|faint|p2b: Urshifu\n|\n|-damage|p1a: Dragonite|28\/100 brn|[from] brn\n|upkeep\n|\n|t:|1701043008\n|switch|p2b: Rillaboom|Rillaboom, L50, F|100\/100\n|-fieldstart|move: Grassy Terrain|[from] ability: Grassy Surge|[of] p2b: Rillaboom\n|turn|8\n|\n|t:|1701043027\n|move|p2b: Rillaboom|Fake Out|p1b: Arcanine\n|-damage|p1b: Arcanine|84\/100\n|move|p2a: Iron Bundle|Freeze-Dry|p1a: Dragonite\n|-supereffective|p1a: Dragonite\n|-damage|p1a: Dragonite|0 fnt\n|faint|p1a: Dragonite\n|cant|p1b: Arcanine|flinch\n|\n|-heal|p1b: Arcanine|90\/100|[from] Grassy Terrain\n|upkeep\n|\n|t:|1701043036\n|switch|p1a: Amoonguss|Amoonguss, L50, M|100\/100\n|turn|9\n|\n|t:|1701043046\n|move|p1b: Arcanine|Protect|p1b: Arcanine\n|-singleturn|p1b: Arcanine|Protect\n|move|p2a: Iron Bundle|Icy Wind|p1a: Amoonguss|[spread] p1a\n|-activate|p1b: Arcanine|move: Protect\n|-supereffective|p1a: Amoonguss\n|-damage|p1a: Amoonguss|67\/100\n|-unboost|p1a: Amoonguss|spe|1\n|move|p2b: Rillaboom|High Horsepower|p1b: Arcanine\n|-activate|p1b: Arcanine|move: Protect\n|move|p1a: Amoonguss|Spore|p2a: Iron Bundle\n|-status|p2a: Iron Bundle|slp|[from] move: Spore\n|\n|-heal|p1b: Arcanine|96\/100|[from] Grassy Terrain\n|-heal|p1a: Amoonguss|73\/100|[from] Grassy Terrain\n|upkeep\n|turn|10\n|\n|t:|1701043066\n|cant|p2a: Iron Bundle|slp\n|move|p1a: Amoonguss|Rage Powder|p1a: Amoonguss\n|-singleturn|p1a: Amoonguss|move: Rage Powder\n|move|p1b: Arcanine|Flare Blitz|p2b: Rillaboom\n|-supereffective|p2b: Rillaboom\n|-damage|p2b: Rillaboom|11\/100\n|-status|p2b: Rillaboom|brn\n|-damage|p1b: Arcanine|65\/100|[from] Recoil\n|move|p2b: Rillaboom|High Horsepower|p1b: Arcanine\n|-supereffective|p1b: Arcanine\n|-damage|p1b: Arcanine|25\/100\n|\n|-heal|p1b: Arcanine|31\/100|[from] Grassy Terrain\n|-heal|p2b: Rillaboom|16\/100 brn|[from] Grassy Terrain\n|-heal|p1a: Amoonguss|79\/100|[from] Grassy Terrain\n|-damage|p2b: Rillaboom|11\/100 brn|[from] brn\n|upkeep\n|turn|11\n|\n|t:|1701043095\n|-curestatus|p2a: Iron Bundle|slp|[msg]\n|move|p2a: Iron Bundle|Icy Wind|p1b: Arcanine|[spread] p1a\n|-miss|p2a: Iron Bundle|p1b: Arcanine\n|-supereffective|p1a: Amoonguss\n|-damage|p1a: Amoonguss|41\/100\n|-unboost|p1a: Amoonguss|spe|1\n|move|p1b: Arcanine|Flare Blitz|p2b: Rillaboom\n|-supereffective|p2b: Rillaboom\n|-crit|p2b: Rillaboom\n|-damage|p2b: Rillaboom|0 fnt\n|faint|p2b: Rillaboom\n|-damage|p1b: Arcanine|28\/100|[from] Recoil\n|move|p1a: Amoonguss|Pollen Puff|p1b: Arcanine\n|-heal|p1b: Arcanine|78\/100\n|\n|-heal|p1b: Arcanine|84\/100|[from] Grassy Terrain\n|-heal|p1a: Amoonguss|47\/100|[from] Grassy Terrain\n|upkeep\n|turn|12\n|\n|t:|1701043126\n|move|p1a: Amoonguss|Rage Powder|p1a: Amoonguss\n|-singleturn|p1a: Amoonguss|move: Rage Powder\n|move|p2a: Iron Bundle|Freeze-Dry|p1a: Amoonguss\n|-supereffective|p1a: Amoonguss\n|-damage|p1a: Amoonguss|0 fnt\n|faint|p1a: Amoonguss\n|move|p1b: Arcanine|Flare Blitz|p2a: Iron Bundle\n|-damage|p2a: Iron Bundle|59\/100\n|-damage|p1b: Arcanine|73\/100|[from] Recoil\n|\n|-heal|p2a: Iron Bundle|66\/100|[from] Grassy Terrain\n|-heal|p1b: Arcanine|79\/100|[from] Grassy Terrain\n|-fieldend|move: Grassy Terrain\n|upkeep\n|\n|t:|1701043138\n|switch|p1a: Chi-Yu|Chi-Yu, L50|100\/100\n|-ability|p1a: Chi-Yu|Beads of Ruin\n|turn|13\n|\n|t:|1701043149\n|move|p2a: Iron Bundle|Protect|p2a: Iron Bundle\n|-singleturn|p2a: Iron Bundle|Protect\n|move|p1a: Chi-Yu|Dark Pulse|p2a: Iron Bundle\n|-activate|p2a: Iron Bundle|move: Protect\n|move|p1b: Arcanine|Flare Blitz|p2a: Iron Bundle\n|-activate|p2a: Iron Bundle|move: Protect\n|\n|upkeep\n|turn|14\n|\n|t:|1701043160\n|move|p1b: Arcanine|Protect|p1b: Arcanine\n|-singleturn|p1b: Arcanine|Protect\n|move|p2a: Iron Bundle|Freeze-Dry|p1a: Chi-Yu\n|-resisted|p1a: Chi-Yu\n|-damage|p1a: Chi-Yu|84\/100\n|move|p1a: Chi-Yu|Dark Pulse|p2a: Iron Bundle\n|-damage|p2a: Iron Bundle|0 fnt\n|faint|p2a: Iron Bundle\n|-end|p2a: Iron Bundle|Quark Drive|[silent]\n|\n|win|MkenroyW\n|raw|MkenroyW's rating: 1159 &rarr; <strong>1191<\/strong><br \/>(+32 for winning)\n|raw|meesterkrebs's rating: 1256 &rarr; <strong>1224<\/strong><br \/>(-32 for losing)\n","uploadtime":1701043169,"views":20,"p1id":"mkenroyw","p2id":"meesterkrebs","formatid":"gen9vgc2023regulatione","rating":1191,"private":0,"password":""}