{"id":"gen9vgc2023regulatione-1991274686","p1":"Guakadoodle","p2":"cesar_tolosa","format":"[Gen 9] VGC 2023 Regulation E","log":"|j|\u2606Guakadoodle\n|j|\u2606cesar_tolosa\n|t:|1700063389\n|gametype|doubles\n|player|p1|Guakadoodle|169|1271\n|player|p2|cesar_tolosa|265|1236\n|teamsize|p1|6\n|teamsize|p2|6\n|gen|9\n|tier|[Gen 9] VGC 2023 Regulation E\n|rated|\n|rule|Species Clause: Limit one of each Pok\u00e9mon\n|rule|Item Clause: Limit one of each item\n|clearpoke\n|poke|p1|Grafaiai, L50, M|\n|poke|p1|Slaking, L50, F|\n|poke|p1|Tornadus, L50, M|\n|poke|p1|Ogerpon-Hearthflame, L50, F|\n|poke|p1|Mamoswine, L50, M|\n|poke|p1|Iron Hands, L50|\n|poke|p2|Tornadus, L50, M|\n|poke|p2|Flutter Mane, L50|\n|poke|p2|Ogerpon-Hearthflame, L50, F|\n|poke|p2|Rillaboom, L50, M|\n|poke|p2|Urshifu-*, L50, F|\n|poke|p2|Landorus-Therian, L50, M|\n|teampreview|4\n|\n|t:|1700063424\n|start\n|switch|p1a: Tornadus|Tornadus, L50, M|100\/100\n|switch|p1b: Mamoswine|Mamoswine, L50, M|100\/100\n|switch|p2a: Landorus|Landorus-Therian, L50, M|100\/100\n|switch|p2b: Urshifu|Urshifu-Rapid-Strike, L50, F|100\/100\n|-ability|p2a: Landorus|Intimidate|boost\n|-unboost|p1a: Tornadus|atk|1\n|-fail|p1b: Mamoswine|unboost|Attack|[from] ability: Oblivious|[of] p1b: Mamoswine\n|turn|1\n|inactive|Battle timer is ON: inactive players will automatically lose when time's up. (requested by cesar_tolosa)\n|\n|t:|1700063443\n|-terastallize|p2b: Urshifu|Poison\n|-terastallize|p1b: Mamoswine|Grass\n|move|p1a: Tornadus|Leer|p2a: Landorus|[spread] p2a,p2b\n|-unboost|p2a: Landorus|def|1\n|-unboost|p2b: Urshifu|def|1\n|move|p1b: Mamoswine|Ice Shard|p2a: Landorus\n|-supereffective|p2a: Landorus\n|-damage|p2a: Landorus|0 fnt\n|faint|p2a: Landorus\n|move|p2b: Urshifu|Surging Strikes|p1b: Mamoswine\n|-resisted|p1b: Mamoswine\n|-crit|p1b: Mamoswine\n|-damage|p1b: Mamoswine|90\/100\n|-resisted|p1b: Mamoswine\n|-crit|p1b: Mamoswine\n|-damage|p1b: Mamoswine|80\/100\n|-resisted|p1b: Mamoswine\n|-crit|p1b: Mamoswine\n|-damage|p1b: Mamoswine|70\/100\n|-hitcount|p1b: Mamoswine|3\n|\n|upkeep\n|\n|t:|1700063454\n|switch|p2a: Ogerpon|Ogerpon-Hearthflame, L50, F|100\/100\n|-ability|p2a: Ogerpon|Mold Breaker\n|turn|2\n|inactive|Guakadoodle has 30 seconds left.\n|\n|t:|1700063484\n|switch|p2b: Rillaboom|Rillaboom, L50, M|100\/100\n|-fieldstart|move: Grassy Terrain|[from] ability: Grassy Surge|[of] p2b: Rillaboom\n|switch|p1b: Iron Hands|Iron Hands, L50|100\/100\n|move|p1a: Tornadus|Tailwind|p1a: Tornadus\n|-sidestart|p1: Guakadoodle|move: Tailwind\n|move|p2a: Ogerpon|Ivy Cudgel|p1b: Iron Hands|[anim] Ivy Cudgel Fire\n|-damage|p1b: Iron Hands|62\/100\n|\n|-heal|p1b: Iron Hands|68\/100|[from] Grassy Terrain\n|-heal|p1b: Iron Hands|74\/100|[from] item: Leftovers\n|upkeep\n|turn|3\n|inactive|Guakadoodle has 30 seconds left.\n|inactive|cesar_tolosa has 30 seconds left.\n|\n|t:|1700063510\n|move|p2b: Rillaboom|Fake Out|p1b: Iron Hands\n|-damage|p1b: Iron Hands|67\/100\n|move|p1a: Tornadus|Leer|p2b: Rillaboom|[spread] p2a,p2b\n|-unboost|p2a: Ogerpon|def|1\n|-unboost|p2b: Rillaboom|def|1\n|move|p2a: Ogerpon|Ivy Cudgel|p1b: Iron Hands|[anim] Ivy Cudgel Fire\n|-crit|p1b: Iron Hands\n|-damage|p1b: Iron Hands|8\/100\n|cant|p1b: Iron Hands|flinch\n|\n|-heal|p1b: Iron Hands|14\/100|[from] Grassy Terrain\n|-heal|p1b: Iron Hands|20\/100|[from] item: Leftovers\n|upkeep\n|turn|4\n|\n|t:|1700063526\n|-end|p1b: Iron Hands|Quark Drive|[silent]\n|switch|p1b: Ogerpon|Ogerpon-Hearthflame, L50, F|100\/100\n|-ability|p1b: Ogerpon|Mold Breaker\n|move|p2b: Rillaboom|Grassy Glide|p1b: Ogerpon\n|-resisted|p1b: Ogerpon\n|-damage|p1b: Ogerpon|89\/100\n|move|p1a: Tornadus|Bleakwind Storm|p2a: Ogerpon|[spread] p2a\n|-miss|p1a: Tornadus|p2b: Rillaboom\n|-supereffective|p2a: Ogerpon\n|-damage|p2a: Ogerpon|31\/100\n|-unboost|p2a: Ogerpon|spe|1\n|move|p2a: Ogerpon|Ivy Cudgel|p1a: Tornadus|[anim] Ivy Cudgel Fire\n|-damage|p1a: Tornadus|23\/100\n|-enditem|p1a: Tornadus|Eject Button\n|\n|t:|1700063540\n|switch|p1a: Iron Hands|Iron Hands, L50|20\/100\n|\n|-heal|p1b: Ogerpon|95\/100|[from] Grassy Terrain\n|-heal|p1a: Iron Hands|26\/100|[from] Grassy Terrain\n|-heal|p1a: Iron Hands|32\/100|[from] item: Leftovers\n|-heal|p2a: Ogerpon|37\/100|[from] Grassy Terrain\n|upkeep\n|turn|5\n|\n|t:|1700063554\n|move|p2a: Ogerpon|Spiky Shield|p2a: Ogerpon\n|-singleturn|p2a: Ogerpon|move: Protect\n|move|p1a: Iron Hands|Fake Out|p2a: Ogerpon\n|-activate|p2a: Ogerpon|move: Protect\n|-damage|p1a: Iron Hands|20\/100|[from] Spiky Shield|[of] p2a: Ogerpon\n|move|p2b: Rillaboom|Grassy Glide|p1a: Iron Hands\n|-damage|p1a: Iron Hands|0 fnt\n|faint|p1a: Iron Hands\n|-end|p1a: Iron Hands|Quark Drive|[silent]\n|move|p1b: Ogerpon|Ivy Cudgel|p2b: Rillaboom|[anim] Ivy Cudgel Fire\n|-supereffective|p2b: Rillaboom\n|-damage|p2b: Rillaboom|0 fnt\n|faint|p2b: Rillaboom\n|\n|-heal|p1b: Ogerpon|100\/100|[from] Grassy Terrain\n|-heal|p2a: Ogerpon|42\/100|[from] Grassy Terrain\n|-sideend|p1: Guakadoodle|move: Tailwind\n|upkeep\n|\n|t:|1700063571\n|switch|p2b: Urshifu|Urshifu-Rapid-Strike, L50, F, tera:Poison|100\/100\n|switch|p1a: Tornadus|Tornadus, L50, M|23\/100\n|turn|6\n|\n|t:|1700063586\n|move|p1a: Tornadus|Tailwind|p1a: Tornadus\n|-sidestart|p1: Guakadoodle|move: Tailwind\n|move|p1b: Ogerpon|Ivy Cudgel|p2a: Ogerpon|[anim] Ivy Cudgel Fire\n|-damage|p2a: Ogerpon|0 fnt\n|faint|p2a: Ogerpon\n|move|p2b: Urshifu|Surging Strikes|p1b: Ogerpon\n|-crit|p1b: Ogerpon\n|-damage|p1b: Ogerpon|77\/100\n|-crit|p1b: Ogerpon\n|-damage|p1b: Ogerpon|52\/100\n|-crit|p1b: Ogerpon\n|-damage|p1b: Ogerpon|31\/100\n|-hitcount|p1b: Ogerpon|3\n|\n|-heal|p1b: Ogerpon|36\/100|[from] Grassy Terrain\n|-fieldend|move: Grassy Terrain\n|upkeep\n|turn|7\n|\n|t:|1700063603\n|move|p1a: Tornadus|Leer|p2b: Urshifu\n|-unboost|p2b: Urshifu|def|1\n|move|p1b: Ogerpon|Horn Leech|p2b: Urshifu\n|-resisted|p2b: Urshifu\n|-damage|p2b: Urshifu|68\/100\n|-heal|p1b: Ogerpon|56\/100|[from] drain|[of] p2b: Urshifu\n|move|p2b: Urshifu|Surging Strikes|p1b: Ogerpon\n|-crit|p1b: Ogerpon\n|-damage|p1b: Ogerpon|31\/100\n|-crit|p1b: Ogerpon\n|-damage|p1b: Ogerpon|8\/100\n|-crit|p1b: Ogerpon\n|-damage|p1b: Ogerpon|0 fnt\n|faint|p1b: Ogerpon\n|-hitcount|p1: Ogerpon|3\n|\n|upkeep\n|\n|t:|1700063609\n|switch|p1b: Mamoswine|Mamoswine, L50, M, tera:Grass|70\/100\n|turn|8\n|\n|t:|1700063620\n|move|p1a: Tornadus|Bleakwind Storm|p2b: Urshifu\n|-damage|p2b: Urshifu|7\/100\n|move|p2b: Urshifu|Surging Strikes|p1b: Mamoswine\n|-resisted|p1b: Mamoswine\n|-crit|p1b: Mamoswine\n|-damage|p1b: Mamoswine|61\/100\n|-resisted|p1b: Mamoswine\n|-crit|p1b: Mamoswine\n|-damage|p1b: Mamoswine|51\/100\n|-resisted|p1b: Mamoswine\n|-crit|p1b: Mamoswine\n|-damage|p1b: Mamoswine|41\/100\n|-hitcount|p1b: Mamoswine|3\n|move|p1b: Mamoswine|High Horsepower|p2b: Urshifu\n|-supereffective|p2b: Urshifu\n|-damage|p2b: Urshifu|0 fnt\n|faint|p2b: Urshifu\n|\n|win|Guakadoodle\n|raw|Guakadoodle's rating: 1271 &rarr; <strong>1293<\/strong><br \/>(+22 for winning)\n|raw|cesar_tolosa's rating: 1236 &rarr; <strong>1214<\/strong><br \/>(-22 for losing)\n|l|\u2606cesar_tolosa\n|l|\u2606Guakadoodle\n|j|\u2606Guakadoodle\n|player|p1|Guakadoodle|169\n|l|\u2606Guakadoodle\n|player|p1|\n|j|\u2606Guakadoodle\n|player|p1|Guakadoodle|169\n","uploadtime":1700063922,"views":7,"p1id":"guakadoodle","p2id":"cesartolosa","formatid":"gen9vgc2023regulatione","rating":1214,"private":0,"password":""}