{"id":"gen9vgc2023regulatione-2000667030","p1":"crebnar","p2":"cooldude18776","format":"[Gen 9] VGC 2023 Regulation E","log":"|j|\u2606crebnar\n|j|\u2606cooldude18776\n|t:|1701216499\n|gametype|doubles\n|player|p1|crebnar|rancher|1193\n|player|p2|cooldude18776|265|1219\n|teamsize|p1|6\n|teamsize|p2|6\n|gen|9\n|tier|[Gen 9] VGC 2023 Regulation E\n|rated|\n|rule|Species Clause: Limit one of each Pok\u00e9mon\n|rule|Item Clause: Limit one of each item\n|clearpoke\n|poke|p1|Regieleki, L50|\n|poke|p1|Tornadus, L50, M|\n|poke|p1|Urshifu-*, L50, F|\n|poke|p1|Eiscue, L50, M|\n|poke|p1|Chien-Pao, L50|\n|poke|p1|Ogerpon, L50, F|\n|poke|p2|Cresselia, L50, F|\n|poke|p2|Ursaluna-Bloodmoon, L50, M|\n|poke|p2|Iron Hands, L50|\n|poke|p2|Ogerpon-Wellspring, L50, F|\n|poke|p2|Arcanine-Hisui, L50, F|\n|poke|p2|Flutter Mane, L50|\n|teampreview|4\n|\n|t:|1701216513\n|start\n|switch|p1a: Tornadus|Tornadus, L50, M|100\/100\n|switch|p1b: Eiscue|Eiscue, L50, M|100\/100\n|switch|p2a: Cresselia|Cresselia, L50, F|100\/100\n|switch|p2b: Ursaluna|Ursaluna-Bloodmoon, L50, M|100\/100\n|turn|1\n|\n|t:|1701216524\n|move|p2b: Ursaluna|Protect|p2b: Ursaluna\n|-singleturn|p2b: Ursaluna|Protect\n|move|p1a: Tornadus|Taunt|p2a: Cresselia\n|-start|p2a: Cresselia|move: Taunt\n|-enditem|p2a: Cresselia|Mental Herb\n|-end|p2a: Cresselia|move: Taunt\n|move|p1b: Eiscue|Belly Drum|p1b: Eiscue\n|-damage|p1b: Eiscue|50\/100\n|-setboost|p1b: Eiscue|atk|6|[from] move: Belly Drum\n|-enditem|p1b: Eiscue|Sitrus Berry|[eat]\n|-heal|p1b: Eiscue|75\/100|[from] item: Sitrus Berry\n|move|p2a: Cresselia|Trick Room|p2a: Cresselia\n|-fieldstart|move: Trick Room|[of] p2a: Cresselia\n|\n|upkeep\n|turn|2\n|\n|t:|1701216541\n|move|p2a: Cresselia|Helping Hand|p2b: Ursaluna\n|-singleturn|p2b: Ursaluna|Helping Hand|[of] p2a: Cresselia\n|move|p1b: Eiscue|Protect|p1b: Eiscue\n|-singleturn|p1b: Eiscue|Protect\n|move|p1a: Tornadus|Taunt|p2a: Cresselia\n|-start|p2a: Cresselia|move: Taunt\n|move|p2b: Ursaluna|Blood Moon|p1b: Eiscue\n|-activate|p1b: Eiscue|move: Protect\n|\n|upkeep\n|turn|3\n|\n|t:|1701216568\n|switch|p1a: Ogerpon|Ogerpon, L50, F|100\/100\n|move|p1b: Eiscue|Ice Spinner|p2b: Ursaluna\n|-supereffective|p2b: Ursaluna\n|-damage|p2b: Ursaluna|0 fnt\n|faint|p2b: Ursaluna\n|move|p2a: Cresselia|Psychic|p1b: Eiscue\n|-damage|p1b: Eiscue|49\/100\n|\n|upkeep\n|\n|t:|1701216588\n|switch|p2b: Arcanine|Arcanine-Hisui, L50, F|100\/100\n|-ability|p2b: Arcanine|Intimidate|boost\n|-unboost|p1a: Ogerpon|atk|1\n|-ability|p1a: Ogerpon|Defiant|boost\n|-boost|p1a: Ogerpon|atk|2\n|-unboost|p1b: Eiscue|atk|1\n|turn|4\n|\n|t:|1701216608\n|move|p1b: Eiscue|Protect|p1b: Eiscue\n|-singleturn|p1b: Eiscue|Protect\n|move|p2b: Arcanine|Protect|p2b: Arcanine\n|-singleturn|p2b: Arcanine|Protect\n|move|p1a: Ogerpon|Spiky Shield|p1a: Ogerpon\n|-singleturn|p1a: Ogerpon|move: Protect\n|move|p2a: Cresselia|Psychic|p1b: Eiscue\n|-activate|p1b: Eiscue|move: Protect\n|\n|upkeep\n|turn|5\n|\n|t:|1701216642\n|move|p1a: Ogerpon|Follow Me|p1a: Ogerpon\n|-singleturn|p1a: Ogerpon|move: Follow Me\n|move|p1b: Eiscue|Ice Spinner|p2b: Arcanine\n|-resisted|p2b: Arcanine\n|-damage|p2b: Arcanine|40\/100\n|-enditem|p2b: Arcanine|Sitrus Berry|[eat]\n|-heal|p2b: Arcanine|65\/100|[from] item: Sitrus Berry\n|move|p2a: Cresselia|Psychic|p1a: Ogerpon\n|-damage|p1a: Ogerpon|71\/100\n|move|p2b: Arcanine|Rock Slide|p1b: Eiscue|[spread] p1a,p1b\n|-damage|p1a: Ogerpon|38\/100\n|-activate|p1b: Eiscue|ability: Ice Face\n|-damage|p1b: Eiscue|49\/100\n|detailschange|p1b: Eiscue|Eiscue-Noice, L50, M\n|\n|-end|p2a: Cresselia|move: Taunt\n|-fieldend|move: Trick Room\n|upkeep\n|turn|6\n|\n|t:|1701216669\n|-terastallize|p1b: Eiscue|Water\n|move|p2b: Arcanine|Protect|p2b: Arcanine\n|-singleturn|p2b: Arcanine|Protect\n|move|p1a: Ogerpon|Ivy Cudgel|p2a: Cresselia\n|-crit|p2a: Cresselia\n|-damage|p2a: Cresselia|33\/100\n|move|p1b: Eiscue|Ice Spinner|p2a: Cresselia\n|-damage|p2a: Cresselia|0 fnt\n|faint|p2a: Cresselia\n|\n|upkeep\n|\n|t:|1701216672\n|switch|p2a: Iron Hands|Iron Hands, L50|100\/100\n|turn|7\n|\n|t:|1701216690\n|move|p1a: Ogerpon|Spiky Shield|p1a: Ogerpon\n|-singleturn|p1a: Ogerpon|move: Protect\n|move|p1b: Eiscue|Protect|p1b: Eiscue\n|-singleturn|p1b: Eiscue|Protect\n|move|p2a: Iron Hands|Fake Out|p1b: Eiscue\n|-activate|p1b: Eiscue|move: Protect\n|move|p2b: Arcanine|Rock Slide|p1b: Eiscue|[spread] \n|-activate|p1a: Ogerpon|move: Protect\n|-activate|p1b: Eiscue|move: Protect\n|\n|upkeep\n|turn|8\n|\n|t:|1701216725\n|switch|p1a: Chien-Pao|Chien-Pao, L50|100\/100\n|-ability|p1a: Chien-Pao|Sword of Ruin\n|move|p2b: Arcanine|Protect|p2b: Arcanine\n|-singleturn|p2b: Arcanine|Protect\n|move|p1b: Eiscue|Liquidation|p2a: Iron Hands\n|-damage|p2a: Iron Hands|0 fnt\n|faint|p2a: Iron Hands\n|-end|p2a: Iron Hands|Quark Drive|[silent]\n|\n|upkeep\n|turn|9\n|-message|cooldude18776 forfeited.\n|\n|win|crebnar\n|raw|crebnar's rating: 1193 &rarr; <strong>1220<\/strong><br \/>(+27 for winning)\n|raw|cooldude18776's rating: 1219 &rarr; <strong>1192<\/strong><br \/>(-27 for losing)\n|l|\u2606cooldude18776\n","uploadtime":1701216739,"views":8,"p1id":"crebnar","p2id":"cooldude18776","formatid":"gen9vgc2023regulatione","rating":1192,"private":0,"password":""}