{"id":"gen9vgc2023regulatione-1988078244","p1":"farangjake","p2":"Kialla","format":"[Gen 9] VGC 2023 Regulation E","log":"|j|\u2606farangjake\n|j|\u2606Kialla\n|t:|1699666846\n|gametype|doubles\n|player|p1|farangjake|266|1079\n|player|p2|Kialla|2|1049\n|teamsize|p1|6\n|teamsize|p2|6\n|gen|9\n|tier|[Gen 9] VGC 2023 Regulation E\n|rated|\n|rule|Species Clause: Limit one of each Pok\u00e9mon\n|rule|Item Clause: Limit one of each item\n|clearpoke\n|poke|p1|Arcanine-Hisui, L50, M|\n|poke|p1|Farigiraf, L50, M|\n|poke|p1|Ogerpon-Wellspring, L50, F|\n|poke|p1|Brute Bonnet, L50|\n|poke|p1|Cresselia, L50, F|\n|poke|p1|Iron Hands, L50|\n|poke|p2|Arcanine-Hisui, L50, F|\n|poke|p2|Chi-Yu, L50|\n|poke|p2|Heatran, L50, M|\n|poke|p2|Ogerpon-Hearthflame, L50, F|\n|poke|p2|Talonflame, L50, F|\n|poke|p2|Rotom-Heat, L50|\n|teampreview|4\nKialla has agreed to open team sheets.\n|\n|t:|1699666889\n|start\n|switch|p1a: Farigiraf|Farigiraf, L50, M|100\/100\n|switch|p1b: Arcanine|Arcanine-Hisui, L50, M|100\/100\n|switch|p2a: Chi-Yu|Chi-Yu, L50|100\/100\n|switch|p2b: Rotom|Rotom-Heat, L50|100\/100\n|-ability|p2a: Chi-Yu|Beads of Ruin\n|-ability|p1b: Arcanine|Intimidate|boost\n|-unboost|p2a: Chi-Yu|atk|1\n|-unboost|p2b: Rotom|atk|1\n|turn|1\n|\n|t:|1699666921\n|-terastallize|p2a: Chi-Yu|Ghost\n|move|p1a: Farigiraf|Helping Hand|p1b: Arcanine\n|-singleturn|p1b: Arcanine|Helping Hand|[of] p1a: Farigiraf\n|move|p2b: Rotom|Protect|p2b: Rotom\n|-singleturn|p2b: Rotom|Protect\n|move|p1b: Arcanine|Extreme Speed|p2a: Chi-Yu\n|-immune|p2a: Chi-Yu\n|move|p2a: Chi-Yu|Snarl|p1b: Arcanine|[spread] p1a,p1b\n|-supereffective|p1a: Farigiraf\n|-damage|p1a: Farigiraf|13\/100\n|-damage|p1b: Arcanine|47\/100\n|-unboost|p1a: Farigiraf|spa|1\n|-unboost|p1b: Arcanine|spa|1\n|\n|upkeep\n|turn|2\n|\n|t:|1699666964\n|move|p1a: Farigiraf|Helping Hand|p1b: Arcanine\n|-singleturn|p1b: Arcanine|Helping Hand|[of] p1a: Farigiraf\n|move|p1b: Arcanine|Extreme Speed|p2b: Rotom\n|-damage|p2b: Rotom|34\/100\n|move|p2a: Chi-Yu|Snarl|p1a: Farigiraf|[spread] p1a,p1b\n|-supereffective|p1a: Farigiraf\n|-damage|p1a: Farigiraf|0 fnt\n|-damage|p1b: Arcanine|0 fnt\n|faint|p1a: Farigiraf\n|faint|p1b: Arcanine\n|move|p2b: Rotom|Thunderbolt|p1: Farigiraf|[notarget]\n|-fail|p2b: Rotom\n|\n|-heal|p2b: Rotom|40\/100|[from] item: Leftovers\n|upkeep\n|\n|t:|1699666974\n|switch|p1b: Iron Hands|Iron Hands, L50|100\/100\n|switch|p1a: Ogerpon|Ogerpon-Wellspring, L50, F|100\/100\n|turn|3\n|\n|t:|1699666992\n|-terastallize|p1a: Ogerpon|Water\n|detailschange|p1a: Ogerpon|Ogerpon-Wellspring-Tera, L50, F, tera:Water\n|-ability|p1a: Ogerpon|Embody Aspect (Wellspring)|boost\n|-boost|p1a: Ogerpon|spd|1\n|move|p1a: Ogerpon|Spiky Shield|p1a: Ogerpon\n|-singleturn|p1a: Ogerpon|move: Protect\n|move|p1b: Iron Hands|Fake Out|p2b: Rotom\n|-crit|p2b: Rotom\n|-damage|p2b: Rotom|11\/100\n|move|p2a: Chi-Yu|Snarl|p1a: Ogerpon|[spread] p1b\n|-activate|p1a: Ogerpon|move: Protect\n|-resisted|p1b: Iron Hands\n|-damage|p1b: Iron Hands|86\/100\n|-unboost|p1b: Iron Hands|spa|1\n|cant|p2b: Rotom|flinch\n|\n|-heal|p2b: Rotom|17\/100|[from] item: Leftovers\n|upkeep\n|turn|4\n|\n|t:|1699667027\n|switch|p2b: Arcanine|Arcanine-Hisui, L50, F|100\/100\n|-ability|p2b: Arcanine|Intimidate|boost\n|-unboost|p1a: Ogerpon|atk|1\n|-unboost|p1b: Iron Hands|atk|1\n|move|p1a: Ogerpon|Ivy Cudgel|p2a: Chi-Yu\n|-damage|p2a: Chi-Yu|20\/100\n|move|p2a: Chi-Yu|Snarl|p1b: Iron Hands|[spread] p1a,p1b\n|-resisted|p1b: Iron Hands\n|-damage|p1a: Ogerpon|67\/100\n|-damage|p1b: Iron Hands|71\/100\n|-unboost|p1a: Ogerpon|spa|1\n|-unboost|p1b: Iron Hands|spa|1\n|move|p1b: Iron Hands|Drain Punch|p2b: Arcanine\n|-supereffective|p2b: Arcanine\n|-damage|p2b: Arcanine|30\/100\n|-heal|p1b: Iron Hands|96\/100|[from] drain|[of] p2b: Arcanine\n|\n|upkeep\n|turn|5\n|inactive|Battle timer is ON: inactive players will automatically lose when time's up. (requested by Kialla)\n|\n|t:|1699667110\n|move|p1a: Ogerpon|Spiky Shield|p1a: Ogerpon\n|-singleturn|p1a: Ogerpon|move: Protect\n|move|p2b: Arcanine|Extreme Speed|p1a: Ogerpon\n|-activate|p1a: Ogerpon|move: Protect\n|-damage|p2b: Arcanine|18\/100|[from] Spiky Shield|[of] p1a: Ogerpon\n|move|p2a: Chi-Yu|Snarl|p1b: Iron Hands|[spread] p1b\n|-activate|p1a: Ogerpon|move: Protect\n|-resisted|p1b: Iron Hands\n|-damage|p1b: Iron Hands|83\/100\n|-unboost|p1b: Iron Hands|spa|1\n|move|p1b: Iron Hands|Drain Punch|p2b: Arcanine\n|-supereffective|p2b: Arcanine\n|-damage|p2b: Arcanine|0 fnt\n|-heal|p1b: Iron Hands|89\/100|[from] drain|[of] p2b: Arcanine\n|faint|p2b: Arcanine\n|\n|upkeep\n|\n|t:|1699667131\n|switch|p2b: Ogerpon|Ogerpon-Hearthflame, L50, F|100\/100\n|-ability|p2b: Ogerpon|Mold Breaker\n|turn|6\n|\n|t:|1699667144\n|switch|p2a: Rotom|Rotom-Heat, L50|17\/100\n|move|p1a: Ogerpon|Ivy Cudgel|p2b: Ogerpon\n|-damage|p2b: Ogerpon|31\/100\n|move|p2b: Ogerpon|Horn Leech|p1a: Ogerpon\n|-supereffective|p1a: Ogerpon\n|-damage|p1a: Ogerpon|0 fnt\n|-heal|p2b: Ogerpon|64\/100|[from] drain|[of] p1a: Ogerpon\n|faint|p1a: Ogerpon\n|move|p1b: Iron Hands|Wild Charge|p2a: Rotom\n|-resisted|p2a: Rotom\n|-damage|p2a: Rotom|0 fnt\n|faint|p2a: Rotom\n|-damage|p1b: Iron Hands|87\/100|[from] Recoil\n|\n|upkeep\n|\n|t:|1699667158\n|switch|p2a: Chi-Yu|Chi-Yu, L50, tera:Ghost|20\/100\n|-ability|p2a: Chi-Yu|Beads of Ruin\n|turn|7\n|\n|t:|1699667171\n|move|p2a: Chi-Yu|Overheat|p1b: Iron Hands\n|-damage|p1b: Iron Hands|2\/100\n|-unboost|p2a: Chi-Yu|spa|2\n|move|p2b: Ogerpon|Ivy Cudgel|p1b: Iron Hands\n|-crit|p1b: Iron Hands\n|-damage|p1b: Iron Hands|0 fnt\n|faint|p1b: Iron Hands\n|-end|p1b: Iron Hands|Quark Drive|[silent]\n|\n|win|Kialla\n|raw|farangjake's rating: 1079 &rarr; <strong>1055<\/strong><br \/>(-24 for losing)\n|raw|Kialla's rating: 1049 &rarr; <strong>1084<\/strong><br \/>(+35 for winning)\n|l|\u2606farangjake\n","uploadtime":1699667184,"views":17,"p1id":"farangjake","p2id":"kialla","formatid":"gen9vgc2023regulatione","rating":1055,"private":0,"password":""}