{"id":"gen9vgc2023regulatione-1999980004","p1":"electricboogaloo12","p2":"PsychoR&R","format":"[Gen 9] VGC 2023 Regulation E","log":"|j|\u203delectricboogaloo12\n|j|\u2606PsychoR&R\n|t:|1701137157\n|gametype|doubles\n|player|p1|electricboogaloo12|cynthia|1519\n|player|p2|PsychoR&R|170|1635\n|teamsize|p1|6\n|teamsize|p2|6\n|gen|9\n|tier|[Gen 9] VGC 2023 Regulation E\n|rated|\n|rule|Species Clause: Limit one of each Pok\u00e9mon\n|rule|Item Clause: Limit one of each item\n|clearpoke\n|poke|p1|Gastrodon, L50, F|\n|poke|p1|Grimmsnarl, L50, M|\n|poke|p1|Articuno-Galar, L50|\n|poke|p1|Heatran, L50, F|\n|poke|p1|Orthworm, L50, F|\n|poke|p1|Decidueye, L50, M|\n|poke|p2|Roaring Moon, L50|\n|poke|p2|Weezing, L50, F|\n|poke|p2|Landorus-Therian, L50, M|\n|poke|p2|Iron Hands, L50|\n|poke|p2|Flutter Mane, L50|\n|poke|p2|Ogerpon-Wellspring, L50, F|\n|teampreview|4\nPsychoR&R has agreed to open team sheets.\n|inactive|Battle timer is ON: inactive players will automatically lose when time's up. (requested by electricboogaloo12)\n|j| Lando129\n|\n|t:|1701137183\n|start\n|switch|p1a: Grimmsnarl|Grimmsnarl, L50, M|100\/100\n|switch|p1b: Articuno|Articuno-Galar, L50|100\/100\n|switch|p2a: Weezing|Weezing, L50, F|100\/100\n|switch|p2b: Iron Hands|Iron Hands, L50|100\/100\n|-ability|p2a: Weezing|Neutralizing Gas\n|turn|1\n|\n|t:|1701137200\n|move|p1a: Grimmsnarl|Fake Out|p2b: Iron Hands\n|-damage|p2b: Iron Hands|93\/100\n|cant|p2b: Iron Hands|flinch\n|move|p1b: Articuno|Freezing Glare|p2a: Weezing\n|-supereffective|p2a: Weezing\n|-damage|p2a: Weezing|8\/100\n|-enditem|p2a: Weezing|Sitrus Berry|[eat]\n|-heal|p2a: Weezing|32\/100|[from] item: Sitrus Berry\n|move|p2a: Weezing|Taunt|p1a: Grimmsnarl\n|-start|p1a: Grimmsnarl|move: Taunt\n|\n|upkeep\n|turn|2\n|j| 5Sscreen\n|\n|t:|1701137222\n|move|p2a: Weezing|Protect|p2a: Weezing\n|-singleturn|p2a: Weezing|Protect\n|move|p1b: Articuno|Freezing Glare|p2b: Iron Hands\n|-supereffective|p2b: Iron Hands\n|-damage|p2b: Iron Hands|43\/100\n|move|p1a: Grimmsnarl|Spirit Break|p2b: Iron Hands\n|-supereffective|p2b: Iron Hands\n|-damage|p2b: Iron Hands|0 fnt\n|faint|p2b: Iron Hands\n|-end|p2b: Iron Hands|Quark Drive|[silent]\n|\n|upkeep\n|\n|t:|1701137232\n|switch|p2b: Landorus|Landorus-Therian, L50, M|100\/100\n|turn|3\n|c| Lando129|That read was wild.\n|\n|t:|1701137242\n|switch|p1a: Gastrodon|Gastrodon, L50, F, shiny|100\/100\n|-terastallize|p2b: Landorus|Flying\n|-terastallize|p1b: Articuno|Ground\n|move|p2b: Landorus|Tera Blast|p1b: Articuno|[anim] Tera Blast Flying\n|-damage|p1b: Articuno|37\/100\n|move|p1b: Articuno|Tera Blast|p2a: Weezing|[anim] Tera Blast Ground\n|-supereffective|p2a: Weezing\n|-damage|p2a: Weezing|0 fnt\n|faint|p2a: Weezing\n|-end|p2a: Weezing|ability: Neutralizing Gas\n|-ability|p2b: Landorus|Intimidate|boost\n|-unboost|p1a: Gastrodon|atk|1\n|-unboost|p1b: Articuno|atk|1\n|-ability|p1b: Articuno|Competitive|boost\n|-boost|p1b: Articuno|spa|2\n|\n|upkeep\n|\n|t:|1701137254\n|switch|p2a: Ogerpon|Ogerpon-Wellspring, L50, F|100\/100\n|turn|4\n|j| spacing out\n|\n|t:|1701137264\n|switch|p1a: Grimmsnarl|Grimmsnarl, L50, M|100\/100\n|move|p1b: Articuno|Protect|p1b: Articuno\n|-singleturn|p1b: Articuno|Protect\n|move|p2b: Landorus|Tera Blast|p1b: Articuno|[anim] Tera Blast Flying\n|-activate|p1b: Articuno|move: Protect\n|move|p2a: Ogerpon|Horn Leech|p1a: Grimmsnarl\n|-damage|p1a: Grimmsnarl|54\/100\n|\n|upkeep\n|turn|5\n|l| spacing out\n|\n|t:|1701137278\n|move|p1a: Grimmsnarl|Fake Out|p2b: Landorus\n|-damage|p2b: Landorus|87\/100\n|cant|p2b: Landorus|flinch\n|move|p2a: Ogerpon|Horn Leech|p1b: Articuno\n|-supereffective|p1b: Articuno\n|-damage|p1b: Articuno|0 fnt\n|faint|p1b: Articuno\n|\n|upkeep\n|\n|t:|1701137285\n|switch|p1b: Heatran|Heatran, L50, F|100\/100\n|turn|6\n|\n|t:|1701137290\n|switch|p1a: Gastrodon|Gastrodon, L50, F, shiny|100\/100\n|move|p2b: Landorus|Tera Blast|p1a: Gastrodon|[anim] Tera Blast Flying\n|-damage|p1a: Gastrodon|34\/100\n|-enditem|p1a: Gastrodon|Sitrus Berry|[eat]\n|-heal|p1a: Gastrodon|59\/100|[from] item: Sitrus Berry\n|move|p2a: Ogerpon|Ivy Cudgel|p1a: Gastrodon|[anim] Ivy Cudgel Water\n|-activate|p1a: Gastrodon|ability: Storm Drain\n|-ability|p1a: Gastrodon|Storm Drain|boost\n|-boost|p1a: Gastrodon|spa|1\n|move|p1b: Heatran|Heat Wave|p2b: Landorus|[spread] p2a,p2b\n|-damage|p2a: Ogerpon|61\/100\n|-damage|p2b: Landorus|38\/100\n|-status|p2a: Ogerpon|brn\n|\n|-damage|p2a: Ogerpon|56\/100 brn|[from] brn\n|upkeep\n|turn|7\n|-message|PsychoR&R forfeited.\n|\n|win|electricboogaloo12\n|raw|electricboogaloo12's rating: 1519 &rarr; <strong>1545<\/strong><br \/>(+26 for winning)\n|raw|PsychoR&amp;R's rating: 1635 &rarr; <strong>1609<\/strong><br \/>(-26 for losing)\n|l|\u2606PsychoR&R\n|l| Lando129\n|l|\u203delectricboogaloo12\n","uploadtime":1701137335,"views":6,"p1id":"electricboogaloo12","p2id":"psychorr","formatid":"gen9vgc2023regulatione","rating":1545,"private":0,"password":""}