{"id":"gen9vgc2023regulatione-1988765182","p1":"HawaianShirtGuy","p2":"keikaru","format":"[Gen 9] VGC 2023 Regulation E","log":"|j|\u2606HawaianShirtGuy\n|j|\u2606keikaru\n|t:|1699760237\n|gametype|doubles\n|player|p1|HawaianShirtGuy|wallace|1073\n|player|p2|keikaru|102|1095\n|teamsize|p1|6\n|teamsize|p2|6\n|gen|9\n|tier|[Gen 9] VGC 2023 Regulation E\n|rated|\n|rule|Species Clause: Limit one of each Pok\u00e9mon\n|rule|Item Clause: Limit one of each item\n|clearpoke\n|poke|p1|Weezing, L50, F|\n|poke|p1|Urshifu-*, L50, M|\n|poke|p1|Landorus-Therian, L50, M|\n|poke|p1|Roaring Moon, L50|\n|poke|p1|Flutter Mane, L50|\n|poke|p1|Farigiraf, L50, F|\n|poke|p2|Vaporeon, L50, M|\n|poke|p2|Arcanine, L50, F|\n|poke|p2|Rillaboom, L50, M|\n|poke|p2|Gliscor, L50, F|\n|poke|p2|Zapdos, L50|\n|poke|p2|Vivillon, L50, M|\n|teampreview|4\n|inactive|Battle timer is ON: inactive players will automatically lose when time's up. (requested by keikaru)\n|\n|t:|1699760260\n|start\n|switch|p1a: Weezing|Weezing, L50, F|100\/100\n|switch|p1b: Roaring Moon|Roaring Moon, L50|100\/100\n|switch|p2a: Vaporeon|Vaporeon, L50, M|100\/100\n|switch|p2b: Gliscor|Gliscor, L50, F|100\/100\n|-ability|p1a: Weezing|Neutralizing Gas\n|-enditem|p1b: Roaring Moon|Booster Energy\n|-activate|p1b: Roaring Moon|ability: Protosynthesis|[fromitem]\n|-start|p1b: Roaring Moon|protosynthesisspe\n|turn|1\n|\n|t:|1699760282\n|move|p1b: Roaring Moon|Tailwind|p1b: Roaring Moon\n|-sidestart|p1: HawaianShirtGuy|move: Tailwind\n|move|p1a: Weezing|Taunt|p2a: Vaporeon\n|-start|p2a: Vaporeon|move: Taunt\n|move|p2b: Gliscor|Toxic|p1b: Roaring Moon\n|-status|p1b: Roaring Moon|tox\n|move|p2a: Vaporeon|Muddy Water|p1a: Weezing|[spread] p1b\n|-miss|p2a: Vaporeon|p1a: Weezing\n|-resisted|p1b: Roaring Moon\n|-damage|p1b: Roaring Moon|88\/100 tox\n|\n|-damage|p1b: Roaring Moon|82\/100 tox|[from] psn\n|-status|p2b: Gliscor|tox|[from] item: Toxic Orb\n|upkeep\n|turn|2\n|\n|t:|1699760298\n|move|p1b: Roaring Moon|Knock Off|p2b: Gliscor\n|-damage|p2b: Gliscor|65\/100 tox\n|-enditem|p2b: Gliscor|Toxic Orb|[from] move: Knock Off|[of] p1b: Roaring Moon\n|move|p1a: Weezing|Gunk Shot|p2a: Vaporeon\n|-damage|p2a: Vaporeon|54\/100\n|move|p2b: Gliscor|Knock Off|p1a: Weezing\n|-damage|p1a: Weezing|82\/100\n|-enditem|p1a: Weezing|Sitrus Berry|[from] move: Knock Off|[of] p2b: Gliscor\n|move|p2a: Vaporeon|Muddy Water|p1b: Roaring Moon|[spread] p1a,p1b\n|-resisted|p1b: Roaring Moon\n|-damage|p1a: Weezing|50\/100\n|-damage|p1b: Roaring Moon|70\/100 tox\n|\n|-heal|p2a: Vaporeon|60\/100|[from] item: Leftovers\n|-damage|p1b: Roaring Moon|58\/100 tox|[from] psn\n|-damage|p2b: Gliscor|59\/100 tox|[from] psn\n|upkeep\n|turn|3\n|\n|t:|1699760314\n|move|p1b: Roaring Moon|Knock Off|p2a: Vaporeon\n|-damage|p2a: Vaporeon|1\/100\n|-enditem|p2a: Vaporeon|Leftovers|[from] move: Knock Off|[of] p1b: Roaring Moon\n|move|p1a: Weezing|Gunk Shot|p2a: Vaporeon\n|-damage|p2a: Vaporeon|0 fnt\n|faint|p2a: Vaporeon\n|move|p2b: Gliscor|Stealth Rock|p1b: Roaring Moon\n|-sidestart|p1: HawaianShirtGuy|move: Stealth Rock\n|\n|-damage|p1b: Roaring Moon|40\/100 tox|[from] psn\n|-damage|p2b: Gliscor|47\/100 tox|[from] psn\n|upkeep\n|\n|t:|1699760322\n|switch|p2a: Arcanine|Arcanine, L50, F|100\/100\n|turn|4\n|\n|t:|1699760334\n|move|p1b: Roaring Moon|Knock Off|p2a: Arcanine\n|-damage|p2a: Arcanine|41\/100\n|-enditem|p2a: Arcanine|Aguav Berry|[from] move: Knock Off|[of] p1b: Roaring Moon\n|move|p1a: Weezing|Gunk Shot|p2a: Arcanine\n|-damage|p2a: Arcanine|0 fnt\n|faint|p2a: Arcanine\n|move|p2b: Gliscor|Knock Off|p1b: Roaring Moon\n|-resisted|p1b: Roaring Moon\n|-damage|p1b: Roaring Moon|31\/100 tox\n|\n|-damage|p1b: Roaring Moon|7\/100 tox|[from] psn\n|-damage|p2b: Gliscor|29\/100 tox|[from] psn\n|-sideend|p1: HawaianShirtGuy|move: Tailwind\n|upkeep\n|\n|t:|1699760346\n|switch|p2a: Rillaboom|Rillaboom, L50, M|100\/100\n|turn|5\n|inactive|HawaianShirtGuy has 30 seconds left.\n|\n|t:|1699760376\n|-end|p1b: Roaring Moon|Protosynthesis|[silent]\n|switch|p1b: Flutter Mane|Flutter Mane, L50|100\/100\n|-damage|p1b: Flutter Mane|89\/100|[from] Stealth Rock\n|move|p2a: Rillaboom|Grassy Glide|p1a: Weezing\n|-resisted|p1a: Weezing\n|-damage|p1a: Weezing|38\/100\n|move|p2b: Gliscor|Knock Off|p1a: Weezing\n|-damage|p1a: Weezing|26\/100\n|move|p1a: Weezing|Will-O-Wisp|p2a: Rillaboom\n|-status|p2a: Rillaboom|brn\n|\n|-damage|p2b: Gliscor|5\/100 tox|[from] psn\n|-damage|p2a: Rillaboom|94\/100 brn|[from] brn\n|upkeep\n|turn|6\n|\n|t:|1699760393\n|-terastallize|p1b: Flutter Mane|Fairy\n|-terastallize|p2a: Rillaboom|Rock\n|move|p1b: Flutter Mane|Dazzling Gleam|p2b: Gliscor|[spread] p2a,p2b\n|-damage|p2a: Rillaboom|44\/100 brn\n|-damage|p2b: Gliscor|0 fnt\n|faint|p2b: Gliscor\n|move|p2a: Rillaboom|Tera Blast|p1a: Weezing|[anim] Tera Blast Rock\n|-damage|p1a: Weezing|8\/100\n|move|p1a: Weezing|Gunk Shot|p2a: Rillaboom|[miss]\n|-miss|p1a: Weezing|p2a: Rillaboom\n|\n|-damage|p2a: Rillaboom|38\/100 brn|[from] brn\n|upkeep\n|turn|7\n|\n|t:|1699760406\n|move|p1b: Flutter Mane|Dazzling Gleam|p2a: Rillaboom\n|-damage|p2a: Rillaboom|0 fnt\n|faint|p2a: Rillaboom\n|\n|win|HawaianShirtGuy\n|raw|HawaianShirtGuy's rating: 1073 &rarr; <strong>1104<\/strong><br \/>(+31 for winning)\n|raw|keikaru's rating: 1095 &rarr; <strong>1069<\/strong><br \/>(-26 for losing)\n|l|\u2606keikaru\n","uploadtime":1699760412,"views":9,"p1id":"hawaianshirtguy","p2id":"keikaru","formatid":"gen9vgc2023regulatione","rating":1069,"private":0,"password":""}