{"id":"gen9vgc2023regulatione-1995133954","p1":"That_Leek","p2":"blumeta1991","format":"[Gen 9] VGC 2023 Regulation E","log":"|j|\u2606That_Leek\n|j|\u2606blumeta1991\n|t:|1700526327\n|gametype|doubles\n|player|p1|That_Leek|blue|1483\n|player|p2|blumeta1991|1|1491\n|teamsize|p1|6\n|teamsize|p2|6\n|gen|9\n|tier|[Gen 9] VGC 2023 Regulation E\n|rated|\n|rule|Species Clause: Limit one of each Pok\u00e9mon\n|rule|Item Clause: Limit one of each item\n|clearpoke\n|poke|p1|Gholdengo, L50|\n|poke|p1|Ogerpon-Wellspring, L50, F|\n|poke|p1|Arcanine-Hisui, L50, M|\n|poke|p1|Chien-Pao, L50|\n|poke|p1|Scream Tail, L50|\n|poke|p1|Dragonite, L50, F|\n|poke|p2|Grimmsnarl, L50, M|\n|poke|p2|Okidogi, L50, M|\n|poke|p2|Flutter Mane, L50|\n|poke|p2|Urshifu-*, L50, M|\n|poke|p2|Ogerpon-Hearthflame, L50, F|\n|poke|p2|Arcanine-Hisui, L50, M|\n|teampreview|4\nThat_Leek has agreed to open team sheets.\n|\n|t:|1700526348\n|start\n|switch|p1a: Ogerpon|Ogerpon-Wellspring, L50, F|100\/100\n|switch|p1b: Scream Tail|Scream Tail, L50|100\/100\n|switch|p2a: Ogerpon|Ogerpon-Hearthflame, L50, F|100\/100\n|switch|p2b: Grimmsnarl|Grimmsnarl, L50, M|100\/100\n|-ability|p2a: Ogerpon|Mold Breaker\n|-enditem|p1b: Scream Tail|Booster Energy\n|-activate|p1b: Scream Tail|ability: Protosynthesis|[fromitem]\n|-start|p1b: Scream Tail|protosynthesisspe\n|turn|1\n|inactive|Battle timer is ON: inactive players will automatically lose when time's up. (requested by blumeta1991)\n|inactive|That_Leek has 60 seconds left.\n|inactive|That_Leek has 30 seconds left.\n|inactive|That_Leek has 20 seconds left.\n|inactive|That_Leek has 15 seconds left.\n|inactive|That_Leek has 10 seconds left.\n|inactive|That_Leek has 5 seconds left.\n|\n|t:|1700526457\n|move|p1a: Ogerpon|Spiky Shield|p1a: Ogerpon\n|-singleturn|p1a: Ogerpon|move: Protect\n|move|p2b: Grimmsnarl|Reflect|p2b: Grimmsnarl\n|-sidestart|p2: blumeta1991|Reflect\n|move|p1b: Scream Tail|Thunder Wave|p2a: Ogerpon\n|-status|p2a: Ogerpon|par\n|cant|p2a: Ogerpon|par\n|\n|upkeep\n|turn|2\n|inactive|blumeta1991 has 30 seconds left.\n|inactive|blumeta1991 has 20 seconds left.\n|inactive|blumeta1991 has 15 seconds left.\n|\n|t:|1700526502\n|move|p1b: Scream Tail|Howl|p1b: Scream Tail|[spread] p1a,p1b\n|-boost|p1a: Ogerpon|atk|1\n|-boost|p1b: Scream Tail|atk|1\n|move|p1a: Ogerpon|Ivy Cudgel|p2b: Grimmsnarl|[anim] Ivy Cudgel Water\n|-crit|p2b: Grimmsnarl\n|-damage|p2b: Grimmsnarl|0 fnt\n|faint|p2b: Grimmsnarl\n|cant|p2a: Ogerpon|par\n|\n|upkeep\n|\n|t:|1700526517\n|switch|p2b: Arcanine|Arcanine-Hisui, L50, M|100\/100\n|-ability|p2b: Arcanine|Intimidate|boost\n|-unboost|p1a: Ogerpon|atk|1\n|-unboost|p1b: Scream Tail|atk|1\n|turn|3\n|\n|t:|1700526538\n|-terastallize|p2b: Arcanine|Fairy\n|move|p1a: Ogerpon|Spiky Shield|p1a: Ogerpon\n|-singleturn|p1a: Ogerpon|move: Protect\n|move|p1b: Scream Tail|Howl|p1b: Scream Tail|[spread] p1a,p1b\n|-boost|p1a: Ogerpon|atk|1\n|-boost|p1b: Scream Tail|atk|1\n|move|p2b: Arcanine|Tera Blast|p1a: Ogerpon|[anim] Tera Blast Fairy\n|-activate|p1a: Ogerpon|move: Protect\n|move|p2a: Ogerpon|Horn Leech|p1a: Ogerpon\n|-activate|p1a: Ogerpon|move: Protect\n|-damage|p2a: Ogerpon|88\/100 par|[from] Spiky Shield|[of] p1a: Ogerpon\n|\n|upkeep\n|turn|4\n|inactive|That_Leek has 30 seconds left.\n|inactive|blumeta1991 has 30 seconds left.\n|\n|t:|1700526573\n|-terastallize|p1a: Ogerpon|Water\n|detailschange|p1a: Ogerpon|Ogerpon-Wellspring-Tera, L50, F, tera:Water\n|-ability|p1a: Ogerpon|Embody Aspect (Wellspring)|boost\n|-boost|p1a: Ogerpon|spd|1\n|move|p2b: Arcanine|Extreme Speed|p1a: Ogerpon\n|-damage|p1a: Ogerpon|75\/100\n|move|p1b: Scream Tail|Disable|p2b: Arcanine\n|-start|p2b: Arcanine|Disable|Extreme Speed\n|move|p1a: Ogerpon|Ivy Cudgel|p2a: Ogerpon|[anim] Ivy Cudgel Water\n|-damage|p2a: Ogerpon|0 fnt\n|faint|p2a: Ogerpon\n|\n|upkeep\n|\n|t:|1700526581\n|switch|p2a: Flutter Mane|Flutter Mane, L50|100\/100\n|turn|5\n|-message|blumeta1991 forfeited.\n|\n|win|That_Leek\n|raw|That_Leek's rating: 1483 &rarr; <strong>1503<\/strong><br \/>(+20 for winning)\n|raw|blumeta1991's rating: 1491 &rarr; <strong>1471<\/strong><br \/>(-20 for losing)\n|l|\u2606blumeta1991\n","uploadtime":1700526622,"views":2,"p1id":"thatleek","p2id":"blumeta1991","formatid":"gen9vgc2023regulatione","rating":1471,"private":0,"password":""}