{"id":"gen9vgc2023regulatione-1994389975","p1":"SoCalSalamence","p2":"WickedCheeseTouch","format":"[Gen 9] VGC 2023 Regulation E","log":"|j|\u2606SoCalSalamence\n|j|\u2606WickedCheeseTouch\n|n|\u2606SoCalSalamence|socalsalamence\n|n|\u2606WickedCheeseTouch|wickedcheesetouch\n|html|View the match progress at <a href=\"\/game-bestof3-gen9vgc2023regulatione-1994389974\">game-bestof3-gen9vgc2023regulatione-1994389974<\/a>\n|t:|1700438408\n|gametype|doubles\n|player|p1|SoCalSalamence|brycenman|\n|player|p2|WickedCheeseTouch|lucas|\n|teamsize|p1|6\n|teamsize|p2|6\n|gen|9\n|tier|[Gen 9] VGC 2023 Regulation E\n|rated|Tournament battle\n|rule|Species Clause: Limit one of each Pok\u00e9mon\n|rule|Item Clause: Limit one of each item\n|clearpoke\n|poke|p1|Farigiraf, L50, M|\n|poke|p1|Dragonite, L50, M|\n|poke|p1|Chien-Pao, L50|\n|poke|p1|Ogerpon-Cornerstone, L50, F|\n|poke|p1|Ursaluna-Bloodmoon, L50, M|\n|poke|p1|Flutter Mane, L50|\n|poke|p2|Dondozo, L50, M|\n|poke|p2|Tatsugiri, L50, M|\n|poke|p2|Rillaboom, L50, M|\n|poke|p2|Flutter Mane, L50|\n|poke|p2|Tornadus, L50, M|\n|poke|p2|Landorus-Therian, L50, M|\n|teampreview|4\n|showteam|p1|Farigiraf||SafetyGoggles|ArmorTail|Psyshock,Uproar,HelpingHand,TrickRoom|||M|||50|,,,,,Fire]Dragonite||ChoiceBand|InnerFocus|ExtremeSpeed,Outrage,StompingTantrum,ThunderPunch|||M|||50|,,,,,Normal]Chien-Pao||FocusSash|SwordofRuin|SacredSword,IceSpinner,SuckerPunch,Protect||||||50|,,,,,Ghost]Ogerpon-Cornerstone||CornerstoneMask|Sturdy|IvyCudgel,PowerWhip,FollowMe,SpikyShield|||F|||50|,,,,,Rock]Ursaluna-Bloodmoon||LifeOrb|MindsEye|HyperVoice,EarthPower,BloodMoon,Protect|||M|||50|,,,,,Normal]Flutter Mane||BoosterEnergy|Protosynthesis|Moonblast,DazzlingGleam,ShadowBall,Protect||||||50|,,,,,Fairy\n|showteam|p2|Dondozo||Leftovers|Oblivious|WaveCrash,OrderUp,Substitute,Protect|||M|||50|,,,,,Dragon]Tatsugiri||SafetyGoggles|Commander|MuddyWater,DracoMeteor,IcyWind,Protect|||M|||50|,,,,,Fairy]Rillaboom||MiracleSeed|GrassySurge|GrassyGlide,WoodHammer,FakeOut,Protect|||M|||50|,,,,,Grass]Flutter Mane||ChoiceSpecs|Protosynthesis|DazzlingGleam,Moonblast,ShadowBall,MysticalFire||||||50|,,,,,Fairy]Tornadus||FocusSash|Prankster|BleakwindStorm,Tailwind,Taunt,Protect|||M|||50|,,,,,Ghost]Landorus-Therian||ChoiceScarf|Intimidate|StompingTantrum,TeraBlast,RockSlide,Uturn|||M|||50|,,,,,Flying\n|inactive|Battle timer is ON: inactive players will automatically lose when time's up. (requested by SoCalSalamence)\n|j| FBISurveillanceMan\n|\n|t:|1700438442\n|start\n|switch|p1a: Dragonite|Dragonite, L50, M|100\/100\n|switch|p1b: Chien-Pao|Chien-Pao, L50|100\/100\n|switch|p2a: Flutter Mane|Flutter Mane, L50, shiny|100\/100\n|switch|p2b: Dondozo|Dondozo, L50, M, shiny|100\/100\n|-ability|p1b: Chien-Pao|Sword of Ruin\n|turn|1\n|j| Red Fang X\n|inactive|SoCalSalamence has 30 seconds left.\n|\n|t:|1700438471\n|-end|p2a: Flutter Mane|Protosynthesis|[silent]\n|switch|p2a: Tatsugiri|Tatsugiri, L50, M, shiny|100\/100\n|-activate|p2a: Tatsugiri|ability: Commander|[of] p2b: Dondozo\n|-boost|p2b: Dondozo|atk|2\n|-boost|p2b: Dondozo|spa|2\n|-boost|p2b: Dondozo|spe|2\n|-boost|p2b: Dondozo|def|2\n|-boost|p2b: Dondozo|spd|2\n|-terastallize|p1a: Dragonite|Normal\n|move|p2b: Dondozo|Order Up|p1a: Dragonite\n|-crit|p1a: Dragonite\n|-damage|p1a: Dragonite|10\/100\n|-boost|p2b: Dondozo|atk|1\n|move|p1b: Chien-Pao|Ice Spinner|p2a: Tatsugiri|[miss]\n|-miss|p1b: Chien-Pao|p2a: Tatsugiri\n|move|p1a: Dragonite|Thunder Punch|p2a: Tatsugiri|[miss]\n|-miss|p1a: Dragonite|p2a: Tatsugiri\n|\n|upkeep\n|turn|2\n|\n|t:|1700438484\n|move|p2b: Dondozo|Order Up|p1a: Dragonite\n|-damage|p1a: Dragonite|0 fnt\n|faint|p1a: Dragonite\n|-boost|p2b: Dondozo|atk|1\n|move|p1b: Chien-Pao|Ice Spinner|p2b: Dondozo\n|-resisted|p2b: Dondozo\n|-damage|p2b: Dondozo|91\/100\n|\n|-heal|p2b: Dondozo|97\/100|[from] item: Leftovers\n|upkeep\n|\n|t:|1700438491\n|switch|p1a: Flutter Mane|Flutter Mane, L50|100\/100\n|-enditem|p1a: Flutter Mane|Booster Energy\n|-activate|p1a: Flutter Mane|ability: Protosynthesis|[fromitem]\n|-start|p1a: Flutter Mane|protosynthesisspe\n|turn|3\n|\n|t:|1700438502\n|switch|p1b: Ogerpon|Ogerpon-Cornerstone, L50, F|100\/100\n|move|p2b: Dondozo|Protect|p2b: Dondozo\n|-singleturn|p2b: Dondozo|Protect\n|move|p1a: Flutter Mane|Moonblast|p2b: Dondozo\n|-activate|p2b: Dondozo|move: Protect\n|\n|-heal|p2b: Dondozo|100\/100|[from] item: Leftovers\n|upkeep\n|turn|4\n|\n|t:|1700438517\n|-end|p1a: Flutter Mane|Protosynthesis|[silent]\n|switch|p1a: Chien-Pao|Chien-Pao, L50|100\/100\n|-ability|p1a: Chien-Pao|Sword of Ruin\n|move|p2b: Dondozo|Order Up|p1b: Ogerpon\n|-damage|p1b: Ogerpon|4\/100\n|-boost|p2b: Dondozo|atk|1\n|move|p1b: Ogerpon|Power Whip|p2b: Dondozo\n|-supereffective|p2b: Dondozo\n|-damage|p2b: Dondozo|34\/100\n|\n|-heal|p2b: Dondozo|40\/100|[from] item: Leftovers\n|upkeep\n|turn|5\n|j| Cdogp\n|l| Cdogp\n|\n|t:|1700438539\n|move|p2b: Dondozo|Protect|p2b: Dondozo\n|-singleturn|p2b: Dondozo|Protect\n|move|p1b: Ogerpon|Spiky Shield|p1b: Ogerpon\n|-singleturn|p1b: Ogerpon|move: Protect\n|move|p1a: Chien-Pao|Sacred Sword|p2b: Dondozo\n|-activate|p2b: Dondozo|move: Protect\n|\n|-heal|p2b: Dondozo|46\/100|[from] item: Leftovers\n|upkeep\n|turn|6\n|\n|t:|1700438562\n|move|p1b: Ogerpon|Follow Me|p1b: Ogerpon\n|-singleturn|p1b: Ogerpon|move: Follow Me\n|move|p2b: Dondozo|Order Up|p1b: Ogerpon\n|-damage|p1b: Ogerpon|0 fnt\n|faint|p1b: Ogerpon\n|-boost|p2b: Dondozo|atk|1\n|move|p1a: Chien-Pao|Sacred Sword|p2b: Dondozo\n|-damage|p2b: Dondozo|15\/100\n|\n|-heal|p2b: Dondozo|21\/100|[from] item: Leftovers\n|upkeep\n|\n|t:|1700438571\n|switch|p1b: Flutter Mane|Flutter Mane, L50|100\/100\n|turn|7\n|\n|t:|1700438578\n|move|p2b: Dondozo|Protect|p2b: Dondozo\n|-singleturn|p2b: Dondozo|Protect\n|move|p1a: Chien-Pao|Sacred Sword|p2b: Dondozo\n|-activate|p2b: Dondozo|move: Protect\n|move|p1b: Flutter Mane|Moonblast|p2b: Dondozo\n|-activate|p2b: Dondozo|move: Protect\n|\n|-heal|p2b: Dondozo|28\/100|[from] item: Leftovers\n|upkeep\n|turn|8\n|\n|t:|1700438586\n|move|p1b: Flutter Mane|Protect|p1b: Flutter Mane\n|-singleturn|p1b: Flutter Mane|Protect\n|move|p2b: Dondozo|Wave Crash|p1b: Flutter Mane\n|-activate|p1b: Flutter Mane|move: Protect\n|move|p1a: Chien-Pao|Sacred Sword|p2b: Dondozo\n|-damage|p2b: Dondozo|0 fnt\n|faint|p2b: Dondozo\n|\n|upkeep\n|\n|t:|1700438590\n|switch|p2b: Rillaboom|Rillaboom, L50, M, shiny|100\/100\n|-fieldstart|move: Grassy Terrain|[from] ability: Grassy Surge|[of] p2b: Rillaboom\n|turn|9\n|\n|t:|1700438606\n|-terastallize|p2b: Rillaboom|Grass\n|move|p2b: Rillaboom|Grassy Glide|p1b: Flutter Mane\n|-damage|p1b: Flutter Mane|0 fnt\n|faint|p1b: Flutter Mane\n|-end|p1b: Flutter Mane|Protosynthesis|[silent]\n|move|p1a: Chien-Pao|Ice Spinner|p2b: Rillaboom\n|-supereffective|p2b: Rillaboom\n|-damage|p2b: Rillaboom|0 fnt\n|-fieldend|move: Grassy Terrain\n|faint|p2b: Rillaboom\n|move|p2a: Tatsugiri|Muddy Water|p1a: Chien-Pao\n|-damage|p1a: Chien-Pao|35\/100\n|\n|upkeep\n|\n|t:|1700438614\n|switch|p2b: Flutter Mane|Flutter Mane, L50, shiny|100\/100\n|turn|10\n|\n|t:|1700438619\n|move|p2b: Flutter Mane|Mystical Fire|p1a: Chien-Pao\n|-supereffective|p1a: Chien-Pao\n|-damage|p1a: Chien-Pao|0 fnt\n|faint|p1a: Chien-Pao\n|\n|win|WickedCheeseTouch\n|c|&|\/uhtml prompt-wickedcheesetouch,WickedCheeseTouch is ready for game 2!\n|c|&|\/uhtml prompt-socalsalamence,SoCalSalamence is ready for game 2!\nBoth players are ready! Starting next match!\n|l|\u2606WickedCheeseTouch\n|l| Red Fang X\n","uploadtime":1700439033,"views":11,"p1id":"socalsalamence","p2id":"wickedcheesetouch","formatid":"gen9vgc2023regulatione","rating":0,"private":0,"password":""}