{"id":"gen9vgc2023regulatione-1992062570","p1":"Thacrow","p2":"Shaquille O Nell","format":"[Gen 9] VGC 2023 Regulation E","log":"|j|\u2606Thacrow\n|j|\u2606Shaquille O Nell\n|t:|1700151935\n|gametype|doubles\n|player|p1|Thacrow|steven|\n|player|p2|Shaquille O Nell|hilbert|\n|teamsize|p1|6\n|teamsize|p2|6\n|gen|9\n|tier|[Gen 9] VGC 2023 Regulation E\n|rated|Tournament battle\n|rule|Species Clause: Limit one of each Pok\u00e9mon\n|rule|Item Clause: Limit one of each item\n|clearpoke\n|poke|p1|Iron Bundle, L50|\n|poke|p1|Flutter Mane, L50|\n|poke|p1|Tornadus, L50, M|\n|poke|p1|Iron Hands, L50|\n|poke|p1|Landorus-Therian, L50, M|\n|poke|p1|Heatran, L50, F|\n|poke|p2|Roaring Moon, L50|\n|poke|p2|Gholdengo, L50|\n|poke|p2|Arcanine-Hisui, L50, M|\n|poke|p2|Ogerpon, L50, F|\n|poke|p2|Urshifu-*, L50, M|\n|poke|p2|Iron Hands, L50|\n|teampreview|4\n|showteam|p1|Iron Bundle||BoosterEnergy|QuarkDrive|IcyWind,FreezeDry,HydroPump,Protect||||||50|,,,,,Ghost]Flutter Mane||ChoiceSpecs|Protosynthesis|DazzlingGleam,ShadowBall,Moonblast,IcyWind||||||50|,,,,,Fairy]Tornadus||FocusSash|Prankster|BleakwindStorm,Tailwind,Protect,RainDance|||M|||50|,,,,,Grass]Iron Hands||AssaultVest|QuarkDrive|DrainPunch,WildCharge,HeavySlam,FakeOut||||||50|,,,,,Grass]Landorus-Therian||ChoiceScarf|Intimidate|Uturn,StompingTantrum,TeraBlast,RockSlide|||M|||50|,,,,,Flying]Heatran||LifeOrb|FlashFire|FlashCannon,HeatWave,Protect,EarthPower|||F|||50|,,,,,Fairy\n|showteam|p2|Roaring Moon||BoosterEnergy|Protosynthesis|KnockOff,BreakingSwipe,Tailwind,Protect||||||50|,,,,,Poison]Gholdengo||LifeOrb|GoodasGold|MakeItRain,ShadowBall,NastyPlot,Protect||||||50|,,,,,Steel]Arcanine-Hisui||ChoiceBand|Intimidate|FlareBlitz,RockSlide,TeraBlast,ExtremeSpeed|||M|||50|,,,,,Fairy]Ogerpon||FocusSash|Defiant|IvyCudgel,StompingTantrum,SwordsDance,SpikyShield|||F|||50|,,,,,Grass]Urshifu-Rapid-Strike||SplashPlate|UnseenFist|SurgingStrikes,CloseCombat,Substitute,Protect|||M|||50|,,,,,Water]Iron Hands||AssaultVest|QuarkDrive|WildCharge,DrainPunch,HeavySlam,FakeOut||||||50|,,,,,Water\n|inactive|Battle timer is ON: inactive players will automatically lose when time's up. (requested by Thacrow)\n|j| mindclaw pho\n|j| Treeman480\n|j| michaelthesquirtle\n|inactive|Thacrow has 60 seconds left.\n|l| michaelthesquirtle\n|c|\u2606Thacrow|using splash plate? what? mystic water is optimal\n|j|%Radio Free C-Side\n|c|\u2606Thacrow|glhf\n|j| KnighLt\n|c| Treeman480|whys mystic water optimal?\n|inactive|Thacrow has 30 seconds left.\n|c|%Radio Free C-Side|water > plates\n|\n|t:|1700152001\n|start\n|switch|p1a: Iron Bundle|Iron Bundle, L50|100\/100\n|switch|p1b: Flutter Mane|Flutter Mane, L50|100\/100\n|switch|p2a: Roaring Moon|Roaring Moon, L50|100\/100\n|switch|p2b: Iron Hands|Iron Hands, L50|100\/100\n|-enditem|p1a: Iron Bundle|Booster Energy\n|-activate|p1a: Iron Bundle|ability: Quark Drive|[fromitem]\n|-start|p1a: Iron Bundle|quarkdrivespe\n|-enditem|p2a: Roaring Moon|Booster Energy\n|-activate|p2a: Roaring Moon|ability: Protosynthesis|[fromitem]\n|-start|p2a: Roaring Moon|protosynthesisspe\n|turn|1\n|inactive|Shaquille O Nell has 30 seconds left.\n|inactive|Shaquille O Nell has 20 seconds left.\n|c|\u2606Shaquille O Nell|gl hf\n|inactive|Shaquille O Nell has 15 seconds left.\n|c|\u2606Shaquille O Nell|It's the same\n|inactive|Shaquille O Nell has 10 seconds left.\n|\n|t:|1700152051\n|-terastallize|p1b: Flutter Mane|Fairy\n|move|p2a: Roaring Moon|Protect|p2a: Roaring Moon\n|-singleturn|p2a: Roaring Moon|Protect\n|move|p1a: Iron Bundle|Icy Wind|p2a: Roaring Moon|[spread] p2b\n|-activate|p2a: Roaring Moon|move: Protect\n|-damage|p2b: Iron Hands|91\/100\n|-unboost|p2b: Iron Hands|spe|1\n|move|p1b: Flutter Mane|Moonblast|p2b: Iron Hands\n|-supereffective|p2b: Iron Hands\n|-damage|p2b: Iron Hands|4\/100\n|-unboost|p2b: Iron Hands|spa|1\n|move|p2b: Iron Hands|Heavy Slam|p1b: Flutter Mane\n|-supereffective|p1b: Flutter Mane\n|-damage|p1b: Flutter Mane|0 fnt\n|faint|p1b: Flutter Mane\n|-end|p1b: Flutter Mane|Protosynthesis|[silent]\n|\n|upkeep\n|c| KnighLt|Treeman480 It's a joke; they're both the same\n|\n|t:|1700152067\n|switch|p1b: Iron Hands|Iron Hands, L50|100\/100\n|turn|2\n|c| Treeman480|figured just wanted to make sure\n|c| Treeman480|lol\n|\n|t:|1700152078\n|-end|p2a: Roaring Moon|Protosynthesis|[silent]\n|switch|p2a: Gholdengo|Gholdengo, L50|100\/100\n|move|p1a: Iron Bundle|Icy Wind|p2a: Gholdengo|[spread] p2a,p2b\n|-resisted|p2a: Gholdengo\n|-damage|p2a: Gholdengo|90\/100\n|-damage|p2b: Iron Hands|0 fnt\n|-unboost|p2a: Gholdengo|spe|1\n|faint|p2b: Iron Hands\n|-end|p2b: Iron Hands|Quark Drive|[silent]\n|move|p1b: Iron Hands|Drain Punch|p2a: Gholdengo\n|-immune|p2a: Gholdengo\n|\n|upkeep\n|\n|t:|1700152090\n|switch|p2b: Roaring Moon|Roaring Moon, L50|100\/100\n|turn|3\n|\n|t:|1700152102\n|move|p1a: Iron Bundle|Protect|p1a: Iron Bundle\n|-singleturn|p1a: Iron Bundle|Protect\n|move|p2b: Roaring Moon|Breaking Swipe|p1b: Iron Hands|[spread] p1b\n|-activate|p1a: Iron Bundle|move: Protect\n|-damage|p1b: Iron Hands|87\/100\n|-unboost|p1b: Iron Hands|atk|1\n|move|p2a: Gholdengo|Nasty Plot|p2a: Gholdengo\n|-boost|p2a: Gholdengo|spa|2\n|move|p1b: Iron Hands|Wild Charge|p2a: Gholdengo\n|-damage|p2a: Gholdengo|60\/100\n|-damage|p1b: Iron Hands|81\/100|[from] Recoil\n|\n|upkeep\n|turn|4\n|j| Hiusitester\n|\n|t:|1700152121\n|-end|p1b: Iron Hands|Quark Drive|[silent]\n|switch|p1b: Heatran|Heatran, L50, F, shiny|100\/100\n|move|p1a: Iron Bundle|Freeze-Dry|p2b: Roaring Moon\n|-supereffective|p2b: Roaring Moon\n|-damage|p2b: Roaring Moon|39\/100\n|move|p2b: Roaring Moon|Knock Off|p1b: Heatran\n|-damage|p1b: Heatran|60\/100\n|-enditem|p1b: Heatran|Life Orb|[from] move: Knock Off|[of] p2b: Roaring Moon\n|move|p2a: Gholdengo|Shadow Ball|p1a: Iron Bundle\n|-damage|p1a: Iron Bundle|0 fnt\n|faint|p1a: Iron Bundle\n|-end|p1a: Iron Bundle|Quark Drive|[silent]\n|-damage|p2a: Gholdengo|50\/100|[from] item: Life Orb\n|\n|upkeep\n|\n|t:|1700152132\n|switch|p1a: Iron Hands|Iron Hands, L50|81\/100\n|turn|5\n|\n|t:|1700152140\n|move|p2b: Roaring Moon|Protect|p2b: Roaring Moon\n|-singleturn|p2b: Roaring Moon|Protect\n|move|p1a: Iron Hands|Fake Out|p2b: Roaring Moon\n|-activate|p2b: Roaring Moon|move: Protect\n|move|p1b: Heatran|Heat Wave|p2a: Gholdengo|[spread] p2a\n|-activate|p2b: Roaring Moon|move: Protect\n|-supereffective|p2a: Gholdengo\n|-damage|p2a: Gholdengo|0 fnt\n|faint|p2a: Gholdengo\n|\n|upkeep\n|\n|t:|1700152148\n|switch|p2a: Urshifu|Urshifu-Rapid-Strike, L50, M|100\/100\n|turn|6\n|\n|t:|1700152159\n|move|p2b: Roaring Moon|Breaking Swipe|p1a: Iron Hands|[spread] p1a,p1b\n|-resisted|p1b: Heatran\n|-damage|p1a: Iron Hands|68\/100\n|-damage|p1b: Heatran|50\/100\n|-unboost|p1a: Iron Hands|atk|1\n|-unboost|p1b: Heatran|atk|1\n|move|p2a: Urshifu|Surging Strikes|p1b: Heatran\n|-supereffective|p1b: Heatran\n|-crit|p1b: Heatran\n|-damage|p1b: Heatran|8\/100\n|-supereffective|p1b: Heatran\n|-crit|p1b: Heatran\n|-damage|p1b: Heatran|0 fnt\n|faint|p1b: Heatran\n|-hitcount|p1: Heatran|2\n|move|p1a: Iron Hands|Drain Punch|p2b: Roaring Moon\n|-supereffective|p2b: Roaring Moon\n|-damage|p2b: Roaring Moon|0 fnt\n|-heal|p1a: Iron Hands|84\/100|[from] drain|[of] p2b: Roaring Moon\n|faint|p2b: Roaring Moon\n|-end|p2b: Roaring Moon|Protosynthesis|[silent]\n|\n|upkeep\n|turn|7\n|\n|t:|1700152165\n|-terastallize|p2a: Urshifu|Water\n|move|p2a: Urshifu|Surging Strikes|p1a: Iron Hands\n|-crit|p1a: Iron Hands\n|-damage|p1a: Iron Hands|64\/100\n|-crit|p1a: Iron Hands\n|-damage|p1a: Iron Hands|43\/100\n|-crit|p1a: Iron Hands\n|-damage|p1a: Iron Hands|23\/100\n|-hitcount|p1a: Iron Hands|3\n|move|p1a: Iron Hands|Drain Punch|p2a: Urshifu\n|-damage|p2a: Urshifu|77\/100\n|-heal|p1a: Iron Hands|32\/100|[from] drain|[of] p2a: Urshifu\n|\n|upkeep\n|turn|8\n|\n|t:|1700152172\n|move|p2a: Urshifu|Surging Strikes|p1a: Iron Hands\n|-crit|p1a: Iron Hands\n|-damage|p1a: Iron Hands|11\/100\n|-crit|p1a: Iron Hands\n|-damage|p1a: Iron Hands|0 fnt\n|faint|p1a: Iron Hands\n|-end|p1a: Iron Hands|Quark Drive|[silent]\n|-hitcount|p1: Iron Hands|2\n|\n|win|Shaquille O Nell\n|n|\u2606Thacrow|thacrow\n|n|\u2606Shaquille O Nell|shaquilleonell\n|n| mindclaw pho|mindclawpho\n|n| Treeman480|treeman480\n|n| Radio Free C-Side|radiofreecside\n|n| KnighLt|knighlt\n|n| Hiusitester|hiusitester\n","uploadtime":1700152174,"views":9,"p1id":"thacrow","p2id":"shaquilleonell","formatid":"gen9vgc2023regulatione","rating":0,"private":0,"password":""}