{"id":"gen9vgc2023regulatione-2000667262","p1":"AbyssV0525","p2":"JustDave428","format":"[Gen 9] VGC 2023 Regulation E","log":"|j|\u2606AbyssV0525\n|j|\u2606JustDave428\n|n|\u2606AbyssV0525|abyssv0525\n|n|\u2606JustDave428|justdave428\n|html|View the match progress at <a href=\"\/game-bestof3-gen9vgc2023regulatione-2000667261\">game-bestof3-gen9vgc2023regulatione-2000667261<\/a>\n|t:|1701216528\n|gametype|doubles\n|player|p1|AbyssV0525|ethan|\n|player|p2|JustDave428|hiker-gen4|\n|teamsize|p1|6\n|teamsize|p2|6\n|gen|9\n|tier|[Gen 9] VGC 2023 Regulation E\n|rule|Species Clause: Limit one of each Pok\u00e9mon\n|rule|Item Clause: Limit one of each item\n|clearpoke\n|poke|p1|Rillaboom, L50, M|\n|poke|p1|Chien-Pao, L50|\n|poke|p1|Empoleon, L50, F|\n|poke|p1|Arcanine-Hisui, L50, M|\n|poke|p1|Roaring Moon, L50|\n|poke|p1|Iron Hands, L50|\n|poke|p2|Muk-Alola, L50, F|\n|poke|p2|Cyclizar, L50, M|\n|poke|p2|Chi-Yu, L50|\n|poke|p2|Flutter Mane, L50|\n|poke|p2|Kommo-o, L50, M|\n|poke|p2|Sinistcha, L50|\n|teampreview|4\nJustDave428 has agreed to open team sheets.\n|\n|t:|1701216556\n|start\n|switch|p1a: Chilly|Chien-Pao, L50|100\/100\n|switch|p1b: Roaring MID|Roaring Moon, L50|100\/100\n|switch|p2a: Cyclizar|Cyclizar, L50, M|100\/100\n|switch|p2b: Flutter Mane|Flutter Mane, L50|100\/100\n|-ability|p1a: Chilly|Sword of Ruin\n|-enditem|p1b: Roaring MID|Booster Energy\n|-activate|p1b: Roaring MID|ability: Protosynthesis|[fromitem]\n|-start|p1b: Roaring MID|protosynthesisspe\n|turn|1\n|\n|t:|1701216586\n|-terastallize|p1b: Roaring MID|Flying\n|move|p1a: Chilly|Protect|p1a: Chilly\n|-singleturn|p1a: Chilly|Protect\n|move|p1b: Roaring MID|Tailwind|p1b: Roaring MID\n|-sidestart|p1: AbyssV0525|move: Tailwind\n|move|p2b: Flutter Mane|Mystical Fire|p1a: Chilly\n|-activate|p1a: Chilly|move: Protect\n|move|p2a: Cyclizar|U-turn|p1a: Chilly\n|-activate|p1a: Chilly|move: Protect\n|\n|upkeep\n|turn|2\n|\n|t:|1701216602\n|move|p2a: Cyclizar|Protect|p2a: Cyclizar\n|-singleturn|p2a: Cyclizar|Protect\n|move|p1b: Roaring MID|Acrobatics|p2b: Flutter Mane\n|-damage|p2b: Flutter Mane|0 fnt\n|faint|p2b: Flutter Mane\n|-end|p2b: Flutter Mane|Protosynthesis|[silent]\n|move|p1a: Chilly|Icicle Crash|p2a: Cyclizar\n|-activate|p2a: Cyclizar|move: Protect\n|\n|upkeep\n|\n|t:|1701216611\n|switch|p2b: Chi-Yu|Chi-Yu, L50|100\/100\n|-ability|p2b: Chi-Yu|Beads of Ruin\n|turn|3\n|\n|t:|1701216628\n|-terastallize|p2b: Chi-Yu|Fire\n|move|p1b: Roaring MID|Protect|p1b: Roaring MID\n|-singleturn|p1b: Roaring MID|Protect\n|move|p1a: Chilly|Icicle Crash|p2a: Cyclizar\n|-supereffective|p2a: Cyclizar\n|-damage|p2a: Cyclizar|0 fnt\n|faint|p2a: Cyclizar\n|move|p2b: Chi-Yu|Overheat|p1b: Roaring MID\n|-activate|p1b: Roaring MID|move: Protect\n|\n|upkeep\n|\n|t:|1701216637\n|switch|p2a: Kommo-o|Kommo-o, L50, M|100\/100\n|turn|4\n|\n|t:|1701216650\n|move|p1b: Roaring MID|Knock Off|p2b: Chi-Yu\n|-damage|p2b: Chi-Yu|15\/100\n|-enditem|p2b: Chi-Yu|Focus Sash|[from] move: Knock Off|[of] p1b: Roaring MID\n|move|p1a: Chilly|Icicle Crash|p2a: Kommo-o\n|-supereffective|p2a: Kommo-o\n|-damage|p2a: Kommo-o|0 fnt\n|faint|p2a: Kommo-o\n|move|p2b: Chi-Yu|Heat Wave|p1a: Chilly|[spread] p1a\n|-miss|p2b: Chi-Yu|p1b: Roaring MID\n|-supereffective|p1a: Chilly\n|-enditem|p1a: Chilly|Focus Sash\n|-damage|p1a: Chilly|1\/100\n|\n|-sideend|p1: AbyssV0525|move: Tailwind\n|upkeep\n|turn|5\n|\n|t:|1701216663\n|move|p1b: Roaring MID|Acrobatics|p2b: Chi-Yu\n|-damage|p2b: Chi-Yu|0 fnt\n|faint|p2b: Chi-Yu\n|\n|win|AbyssV0525\n|c|&|\/uhtml prompt-justdave428,JustDave428 is ready for game 2!\n|c|&|\/uhtml prompt-abyssv0525,AbyssV0525 is ready for game 2!\nBoth players are ready! Starting next match!\n|l|\u2606JustDave428\n|l|\u2606AbyssV0525\n|j|\u2606AbyssV0525\n|player|p1|AbyssV0525|ethan\n","uploadtime":1701217212,"views":5,"p1id":"abyssv0525","p2id":"justdave428","formatid":"gen9vgc2023regulatione","rating":0,"private":0,"password":""}