{"id":"gen9vgc2023regulatione-1995724386","p1":"Agrilith","p2":"secretstudent","format":"[Gen 9] VGC 2023 Regulation E","log":"|j|\u2606Agrilith\n|j|\u2606secretstudent\n|t:|1700597276\n|gametype|doubles\n|player|p1|Agrilith|169|1141\n|player|p2|secretstudent|beauty|1075\n|teamsize|p1|6\n|teamsize|p2|6\n|gen|9\n|tier|[Gen 9] VGC 2023 Regulation E\n|rated|\n|rule|Species Clause: Limit one of each Pok\u00e9mon\n|rule|Item Clause: Limit one of each item\n|clearpoke\n|poke|p1|Pelipper, L50, F|\n|poke|p1|Ludicolo, L50, M|\n|poke|p1|Thundurus-Therian, L50, M|\n|poke|p1|Kingambit, L50, F|\n|poke|p1|Amoonguss, L50, M|\n|poke|p1|Arcanine-Hisui, L50, F|\n|poke|p2|Chien-Pao, L50|\n|poke|p2|Amoonguss, L50, F|\n|poke|p2|Hatterene, L50, F|\n|poke|p2|Gyarados, L50, M|\n|poke|p2|Volcarona, L50, F|\n|poke|p2|Ogerpon, L50, F|\n|teampreview|4\n|\n|t:|1700597322\n|start\n|switch|p1a: Kaaris|Ludicolo, L50, M|100\/100\n|switch|p1b: B2oba|Thundurus-Therian, L50, M|100\/100\n|switch|p2a: Hatterene|Hatterene, L50, F|100\/100\n|switch|p2b: Ogerpon|Ogerpon, L50, F|100\/100\n|turn|1\n|\n|t:|1700597335\n|move|p2b: Ogerpon|Spiky Shield|p2b: Ogerpon\n|-singleturn|p2b: Ogerpon|move: Protect\n|move|p2a: Hatterene|Protect|p2a: Hatterene\n|-singleturn|p2a: Hatterene|Protect\n|move|p1a: Kaaris|Fake Out|p2b: Ogerpon\n|-activate|p2b: Ogerpon|move: Protect\n|-damage|p1a: Kaaris|88\/100|[from] Spiky Shield|[of] p2b: Ogerpon\n|move|p1b: B2oba|Nasty Plot|p1b: B2oba\n|-boost|p1b: B2oba|spa|2\n|\n|upkeep\n|turn|2\n|\n|t:|1700597361\n|switch|p1a: SCH|Pelipper, L50, F|100\/100\n|-weather|RainDance|[from] ability: Drizzle|[of] p1a: SCH\n|move|p2b: Ogerpon|Follow Me|p2b: Ogerpon\n|-singleturn|p2b: Ogerpon|move: Follow Me\n|move|p1b: B2oba|Nasty Plot|p1b: B2oba\n|-boost|p1b: B2oba|spa|2\n|move|p2a: Hatterene|Trick Room|p2a: Hatterene\n|-fieldstart|move: Trick Room|[of] p2a: Hatterene\n|\n|-weather|RainDance|[upkeep]\n|upkeep\n|turn|3\n|\n|t:|1700597400\n|switch|p1a: Brulux On the Flux|Arcanine-Hisui, L50, F|100\/100\n|-ability|p1a: Brulux On the Flux|Intimidate|boost\n|-unboost|p2a: Hatterene|atk|1\n|-unboost|p2b: Ogerpon|atk|1\n|-ability|p2b: Ogerpon|Defiant|boost\n|-boost|p2b: Ogerpon|atk|2\n|move|p1b: B2oba|Protect|p1b: B2oba\n|-singleturn|p1b: B2oba|Protect\n|move|p2a: Hatterene|Psychic|p1b: B2oba\n|-activate|p1b: B2oba|move: Protect\n|move|p2b: Ogerpon|Ivy Cudgel|p1b: B2oba\n|-activate|p1b: B2oba|move: Protect\n|\n|-weather|RainDance|[upkeep]\n|upkeep\n|turn|4\n|\n|t:|1700597422\n|move|p2a: Hatterene|Psychic|p1b: B2oba\n|-damage|p1b: B2oba|32\/100\n|move|p1a: Brulux On the Flux|Flare Blitz|p2a: Hatterene\n|-damage|p2a: Hatterene|55\/100\n|-damage|p1a: Brulux On the Flux|87\/100|[from] Recoil\n|move|p1b: B2oba|Wildbolt Storm|p2b: Ogerpon|[spread] p2a,p2b\n|-resisted|p2b: Ogerpon\n|-damage|p2a: Hatterene|0 fnt\n|-damage|p2b: Ogerpon|13\/100\n|faint|p2a: Hatterene\n|move|p2b: Ogerpon|Stomping Tantrum|p1a: Brulux On the Flux\n|-supereffective|p1a: Brulux On the Flux\n|-damage|p1a: Brulux On the Flux|0 fnt\n|faint|p1a: Brulux On the Flux\n|-damage|p2b: Ogerpon|4\/100|[from] item: Life Orb\n|\n|-weather|RainDance|[upkeep]\n|-heal|p1b: B2oba|38\/100|[from] item: Leftovers\n|upkeep\n|\n|t:|1700597438\n|switch|p2a: Chien-Pao|Chien-Pao, L50|100\/100\n|switch|p1a: Kaaris|Ludicolo, L50, M|88\/100\n|-ability|p2a: Chien-Pao|Sword of Ruin\n|turn|5\n|\n|t:|1700597466\n|move|p1b: B2oba|Protect|p1b: B2oba\n|-singleturn|p1b: B2oba|Protect\n|move|p2b: Ogerpon|Spiky Shield|p2b: Ogerpon\n|-singleturn|p2b: Ogerpon|move: Protect\n|move|p2a: Chien-Pao|Protect|p2a: Chien-Pao\n|-singleturn|p2a: Chien-Pao|Protect\n|move|p1a: Kaaris|Fake Out|p2a: Chien-Pao\n|-activate|p2a: Chien-Pao|move: Protect\n|\n|-weather|RainDance|[upkeep]\n|-heal|p1b: B2oba|44\/100|[from] item: Leftovers\n|upkeep\n|turn|6\n|\n|t:|1700597508\n|switch|p1b: SCH|Pelipper, L50, F|100\/100\n|move|p2a: Chien-Pao|Sucker Punch||[still]\n|-fail|p2a: Chien-Pao\n|move|p2b: Ogerpon|Ivy Cudgel|p1a: Kaaris\n|-damage|p1a: Kaaris|0 fnt\n|faint|p1a: Kaaris\n|-damage|p2b: Ogerpon|0 fnt|[from] item: Life Orb\n|faint|p2b: Ogerpon\n|\n|-weather|RainDance|[upkeep]\n|-fieldend|move: Trick Room\n|upkeep\n|\n|t:|1700597520\n|switch|p2b: Gyarados|Gyarados, L50, M|100\/100\n|switch|p1a: B2oba|Thundurus-Therian, L50, M|44\/100\n|-ability|p2b: Gyarados|Intimidate|boost\n|-unboost|p1a: B2oba|atk|1\n|-unboost|p1b: SCH|atk|1\n|turn|7\n|\n|t:|1700597551\n|-terastallize|p1a: B2oba|Electric\n|-terastallize|p2b: Gyarados|Ground\n|move|p2a: Chien-Pao|Icicle Crash|p1b: SCH\n|-damage|p1b: SCH|42\/100\n|move|p1a: B2oba|Wildbolt Storm|p2b: Gyarados|[spread] p2a\n|-immune|p2b: Gyarados\n|-enditem|p2a: Chien-Pao|Focus Sash\n|-damage|p2a: Chien-Pao|1\/100\n|move|p2b: Gyarados|Waterfall|p1a: B2oba\n|-damage|p1a: B2oba|0 fnt\n|faint|p1a: B2oba\n|move|p1b: SCH|Hurricane|p2a: Chien-Pao\n|-damage|p2a: Chien-Pao|0 fnt\n|faint|p2a: Chien-Pao\n|\n|-weather|RainDance|[upkeep]\n|upkeep\n|turn|8\n|\n|t:|1700597572\n|move|p2b: Gyarados|Waterfall|p1b: SCH\n|-resisted|p1b: SCH\n|-damage|p1b: SCH|11\/100\n|cant|p1b: SCH|flinch\n|\n|-weather|RainDance|[upkeep]\n|upkeep\n|turn|9\n|\n|t:|1700597583\n|move|p2b: Gyarados|Waterfall|p1b: SCH\n|-resisted|p1b: SCH\n|-damage|p1b: SCH|0 fnt\n|faint|p1b: SCH\n|\n|win|secretstudent\n|raw|Agrilith's rating: 1141 &rarr; <strong>1111<\/strong><br \/>(-30 for losing)\n|raw|secretstudent's rating: 1075 &rarr; <strong>1109<\/strong><br \/>(+34 for winning)\n|l|\u2606Agrilith\n","uploadtime":1700597602,"views":0,"p1id":"agrilith","p2id":"secretstudent","formatid":"gen9vgc2023regulatione","rating":1109,"private":0,"password":""}