{"id":"gen9vgc2023regulatione-1996069364","p1":"Rean411","p2":"omegaguru","format":"[Gen 9] VGC 2023 Regulation E","log":"|j|\u2606Rean411\n|j|\u2606omegaguru\n|t:|1700638972\n|gametype|doubles\n|player|p1|Rean411|266|1280\n|player|p2|omegaguru|1|1255\n|teamsize|p1|6\n|teamsize|p2|6\n|gen|9\n|tier|[Gen 9] VGC 2023 Regulation E\n|rated|\n|rule|Species Clause: Limit one of each Pok\u00e9mon\n|rule|Item Clause: Limit one of each item\n|clearpoke\n|poke|p1|Iron Hands, L50|\n|poke|p1|Chien-Pao, L50|\n|poke|p1|Annihilape, L50, M|\n|poke|p1|Ninetales-Alola, L50, M|\n|poke|p1|Landorus-Therian, L50, M|\n|poke|p1|Amoonguss, L50, F|\n|poke|p2|Heatran, L50, F|\n|poke|p2|Ninetales-Alola, L50, M|\n|poke|p2|Urshifu-*, L50, F|\n|poke|p2|Dragonite, L50, F|\n|poke|p2|Iron Bundle, L50|\n|poke|p2|Luxray, L50, M|\n|teampreview|4\n|j| Primarinaso\n|c|\u2606Rean411|GLHF\n|inactive|Battle timer is ON: inactive players will automatically lose when time's up. (requested by omegaguru)\n|inactive|omegaguru has 60 seconds left.\n|\n|t:|1700639077\n|start\n|switch|p1a: Iron Hands|Iron Hands, L50|100\/100\n|switch|p1b: Amoonguss|Amoonguss, L50, F|100\/100\n|switch|p2a: Ninetales|Ninetales-Alola, L50, M|100\/100\n|switch|p2b: Iron Bundle|Iron Bundle, L50|100\/100\n|-weather|Snow|[from] ability: Snow Warning|[of] p2a: Ninetales\n|-enditem|p2b: Iron Bundle|Booster Energy\n|-activate|p2b: Iron Bundle|ability: Quark Drive|[fromitem]\n|-start|p2b: Iron Bundle|quarkdrivespe\n|turn|1\n|\n|t:|1700639106\n|move|p2a: Ninetales|Helping Hand|p2b: Iron Bundle\n|-singleturn|p2b: Iron Bundle|Helping Hand|[of] p2a: Ninetales\n|move|p2b: Iron Bundle|Blizzard|p1b: Amoonguss|[spread] p1a,p1b\n|-supereffective|p1b: Amoonguss\n|-damage|p1a: Iron Hands|69\/100\n|-damage|p1b: Amoonguss|0 fnt\n|faint|p1b: Amoonguss\n|move|p1a: Iron Hands|Heavy Slam|p2a: Ninetales\n|-supereffective|p2a: Ninetales\n|-damage|p2a: Ninetales|0 fnt\n|faint|p2a: Ninetales\n|\n|-weather|Snow|[upkeep]\n|upkeep\n|\n|t:|1700639130\n|switch|p2a: Dragonite|Dragonite, L50, F|100\/100\n|switch|p1b: Ninetales|Ninetales-Alola, L50, M|100\/100\n|turn|2\n|\n|t:|1700639149\n|move|p2b: Iron Bundle|Icy Wind|p1b: Ninetales|[spread] p1a,p1b\n|-resisted|p1b: Ninetales\n|-damage|p1a: Iron Hands|58\/100\n|-damage|p1b: Ninetales|88\/100\n|-unboost|p1a: Iron Hands|spe|1\n|-unboost|p1b: Ninetales|spe|1\n|move|p2a: Dragonite|Stomping Tantrum|p1a: Iron Hands\n|-supereffective|p1a: Iron Hands\n|-damage|p1a: Iron Hands|1\/100\n|move|p1b: Ninetales|Calm Mind|p1b: Ninetales\n|-boost|p1b: Ninetales|spa|1\n|-boost|p1b: Ninetales|spd|1\n|move|p1a: Iron Hands|Drain Punch|p2b: Iron Bundle\n|-supereffective|p2b: Iron Bundle\n|-damage|p2b: Iron Bundle|37\/100\n|-heal|p1a: Iron Hands|19\/100|[from] drain|[of] p2b: Iron Bundle\n|\n|-weather|Snow|[upkeep]\n|upkeep\n|turn|3\n|\n|t:|1700639171\n|switch|p2a: Heatran|Heatran, L50, F|100\/100\n|-end|p1a: Iron Hands|Quark Drive|[silent]\n|switch|p1a: Landorus|Landorus-Therian, L50, M|100\/100\n|-ability|p1a: Landorus|Intimidate|boost\n|-unboost|p2a: Heatran|atk|1\n|-unboost|p2b: Iron Bundle|atk|1\n|move|p2b: Iron Bundle|Blizzard|p1b: Ninetales|[spread] p1a,p1b\n|-supereffective|p1a: Landorus\n|-resisted|p1b: Ninetales\n|-crit|p1b: Ninetales\n|-damage|p1a: Landorus|0 fnt\n|-damage|p1b: Ninetales|51\/100\n|faint|p1a: Landorus\n|move|p1b: Ninetales|Blizzard|p2a: Heatran|[spread] p2a,p2b\n|-resisted|p2a: Heatran\n|-resisted|p2b: Iron Bundle\n|-damage|p2a: Heatran|93\/100\n|-damage|p2b: Iron Bundle|20\/100\n|\n|-weather|Snow|[upkeep]\n|upkeep\n|inactive|Rean411 has 30 seconds left.\n|\n|t:|1700639199\n|switch|p1a: Iron Hands|Iron Hands, L50|19\/100\n|turn|4\n|l| Primarinaso\n|\n|t:|1700639215\n|move|p2b: Iron Bundle|Protect|p2b: Iron Bundle\n|-singleturn|p2b: Iron Bundle|Protect\n|move|p1b: Ninetales|Aurora Veil|p1b: Ninetales\n|-sidestart|p1: Rean411|move: Aurora Veil\n|move|p2a: Heatran|Heat Wave|p1b: Ninetales|[spread] p1a,p1b\n|-supereffective|p1b: Ninetales\n|-damage|p1a: Iron Hands|1\/100\n|-damage|p1b: Ninetales|0 fnt\n|faint|p1b: Ninetales\n|-damage|p2a: Heatran|83\/100|[from] item: Life Orb\n|move|p1a: Iron Hands|Drain Punch|p2a: Heatran\n|-supereffective|p2a: Heatran\n|-damage|p2a: Heatran|9\/100\n|-heal|p1a: Iron Hands|30\/100|[from] drain|[of] p2a: Heatran\n|\n|-weather|Snow|[upkeep]\n|upkeep\n|turn|5\n|\n|t:|1700639233\n|move|p2b: Iron Bundle|Blizzard|p1a: Iron Hands\n|-damage|p1a: Iron Hands|12\/100\n|-status|p1a: Iron Hands|frz\n|move|p2a: Heatran|Heat Wave|p1a: Iron Hands\n|-damage|p1a: Iron Hands|0 fnt\n|faint|p1a: Iron Hands\n|-end|p1a: Iron Hands|Quark Drive|[silent]\n|-damage|p2a: Heatran|0 fnt|[from] item: Life Orb\n|faint|p2a: Heatran\n|\n|win|omegaguru\n|raw|Rean411's rating: 1280 &rarr; <strong>1253<\/strong><br \/>(-27 for losing)\n|raw|omegaguru's rating: 1255 &rarr; <strong>1282<\/strong><br \/>(+27 for winning)\n","uploadtime":1700639248,"views":11,"p1id":"rean411","p2id":"omegaguru","formatid":"gen9vgc2023regulatione","rating":1253,"private":0,"password":""}