{"id":"gen9vgc2023regulatione-1990636703","p1":"Fixo161","p2":"ZeFantasma","format":"[Gen 9] VGC 2023 Regulation E","log":"|j|\u2606Fixo161\n|j|\u2606ZeFantasma\n|t:|1699987648\n|gametype|doubles\n|player|p1|Fixo161|2|1501\n|player|p2|ZeFantasma|red|1541\n|teamsize|p1|6\n|teamsize|p2|6\n|gen|9\n|tier|[Gen 9] VGC 2023 Regulation E\n|rated|\n|rule|Species Clause: Limit one of each Pok\u00e9mon\n|rule|Item Clause: Limit one of each item\n|clearpoke\n|poke|p1|Dondozo, L50, F|\n|poke|p1|Tatsugiri, L50, M|\n|poke|p1|Heatran, L50, M|\n|poke|p1|Landorus-Therian, L50, M|\n|poke|p1|Drifblim, L50, M|\n|poke|p1|Rillaboom, L50, F|\n|poke|p2|Grimmsnarl, L50, M|\n|poke|p2|Cresselia, L50, F|\n|poke|p2|Gholdengo, L50|\n|poke|p2|Iron Hands, L50|\n|poke|p2|Overqwil, L50, M|\n|poke|p2|Annihilape, L50, M|\n|teampreview|4\nFixo161 has agreed to open team sheets.\n|j| stridesvgc\n|\n|t:|1699987744\n|start\n|switch|p1a: Drifblim|Drifblim, L50, M|100\/100\n|switch|p1b: Rillaboom|Rillaboom, L50, F|100\/100\n|switch|p2a: Grimmsnarl|Grimmsnarl, L50, M|100\/100\n|switch|p2b: Iron Hands|Iron Hands, L50|100\/100\n|-fieldstart|move: Grassy Terrain|[from] ability: Grassy Surge|[of] p1b: Rillaboom\n|turn|1\n|\n|t:|1699987761\n|move|p1b: Rillaboom|Fake Out|p2b: Iron Hands\n|-damage|p2b: Iron Hands|92\/100\n|move|p2a: Grimmsnarl|Reflect|p2a: Grimmsnarl\n|-sidestart|p2: ZeFantasma|Reflect\n|move|p1a: Drifblim|Minimize|p1a: Drifblim\n|-boost|p1a: Drifblim|evasion|2\n|cant|p2b: Iron Hands|flinch\n|\n|-heal|p2b: Iron Hands|98\/100|[from] Grassy Terrain\n|upkeep\n|turn|2\n|\n|t:|1699987789\n|move|p2a: Grimmsnarl|Light Screen|p2a: Grimmsnarl\n|-sidestart|p2: ZeFantasma|move: Light Screen\n|move|p1a: Drifblim|Minimize|p1a: Drifblim\n|-boost|p1a: Drifblim|evasion|2\n|move|p1b: Rillaboom|Wood Hammer|p2a: Grimmsnarl\n|-damage|p2a: Grimmsnarl|38\/100\n|-damage|p1b: Rillaboom|79\/100|[from] Recoil\n|move|p2b: Iron Hands|Swords Dance|p2b: Iron Hands\n|-boost|p2b: Iron Hands|atk|2\n|\n|-heal|p1b: Rillaboom|85\/100|[from] Grassy Terrain\n|-heal|p2a: Grimmsnarl|44\/100|[from] Grassy Terrain\n|-heal|p2b: Iron Hands|100\/100|[from] Grassy Terrain\n|upkeep\n|turn|3\n|\n|t:|1699987836\n|move|p2a: Grimmsnarl|Parting Shot|p1a: Drifblim|[miss]\n|-miss|p2a: Grimmsnarl|p1a: Drifblim\n|move|p1a: Drifblim|Minimize|p1a: Drifblim\n|-boost|p1a: Drifblim|evasion|2\n|move|p1b: Rillaboom|Wood Hammer|p2a: Grimmsnarl\n|-damage|p2a: Grimmsnarl|0 fnt\n|faint|p2a: Grimmsnarl\n|-damage|p1b: Rillaboom|70\/100|[from] Recoil\n|move|p2b: Iron Hands|Drain Punch|p1b: Rillaboom\n|-damage|p1b: Rillaboom|1\/100\n|\n|-heal|p1b: Rillaboom|7\/100|[from] Grassy Terrain\n|upkeep\n|\n|t:|1699987862\n|switch|p2a: Overqwil|Overqwil, L50, M|100\/100\n|-ability|p2a: Overqwil|Intimidate|boost\n|-unboost|p1a: Drifblim|atk|1\n|-unboost|p1b: Rillaboom|atk|1\n|turn|4\n|\n|t:|1699987881\n|switch|p1b: Tatsugiri|Tatsugiri, L50, M|100\/100\n|move|p1a: Drifblim|Baton Pass|p1a: Drifblim\n|\n|t:|1699987884\n|switch|p1a: Dondozo|Dondozo, L50, F|100\/100|[from] Baton Pass\n|-activate|p1b: Tatsugiri|ability: Commander|[of] p1a: Dondozo\n|-boost|p1a: Dondozo|atk|2\n|-boost|p1a: Dondozo|spa|2\n|-boost|p1a: Dondozo|spe|2\n|-boost|p1a: Dondozo|def|2\n|-boost|p1a: Dondozo|spd|2\n|move|p2a: Overqwil|Haze|p2a: Overqwil\n|-clearallboost\n|move|p2b: Iron Hands|Swords Dance|p2b: Iron Hands\n|-boost|p2b: Iron Hands|atk|2\n|\n|upkeep\n|turn|5\n|\n|t:|1699987903\n|-terastallize|p1a: Dondozo|Dragon\n|move|p2a: Overqwil|Taunt|p1a: Dondozo\n|-start|p1a: Dondozo|move: Taunt\n|cant|p1a: Dondozo|move: Taunt|Substitute\n|move|p2b: Iron Hands|Thunder Punch|p1a: Dondozo\n|-resisted|p1a: Dondozo\n|-damage|p1a: Dondozo|91\/100\n|\n|-heal|p1a: Dondozo|97\/100|[from] Grassy Terrain\n|-heal|p1a: Dondozo|100\/100|[from] item: Leftovers\n|-fieldend|move: Grassy Terrain\n|upkeep\n|turn|6\n|\n|t:|1699987923\n|-terastallize|p2b: Iron Hands|Grass\n|move|p2a: Overqwil|Barb Barrage|p1a: Dondozo\n|-damage|p1a: Dondozo|87\/100\n|-status|p1a: Dondozo|psn\n|move|p1a: Dondozo|Order Up|p2b: Iron Hands\n|-damage|p2b: Iron Hands|88\/100\n|-boost|p1a: Dondozo|atk|1\n|move|p2b: Iron Hands|Drain Punch|p1a: Dondozo\n|-damage|p1a: Dondozo|67\/100 psn\n|-heal|p2b: Iron Hands|98\/100|[from] drain|[of] p1a: Dondozo\n|\n|-heal|p1a: Dondozo|72\/100 psn|[from] item: Leftovers\n|-damage|p1a: Dondozo|60\/100 psn|[from] psn\n|upkeep\n|turn|7\n|\n|t:|1699987948\n|move|p2a: Overqwil|Crunch|p1a: Dondozo\n|-damage|p1a: Dondozo|42\/100 psn\n|-unboost|p1a: Dondozo|def|1\n|move|p1a: Dondozo|Order Up|p2a: Overqwil\n|-damage|p2a: Overqwil|73\/100\n|-boost|p1a: Dondozo|atk|1\n|move|p2b: Iron Hands|Drain Punch|p1a: Dondozo\n|-damage|p1a: Dondozo|11\/100 psn\n|-heal|p2b: Iron Hands|100\/100|[from] drain|[of] p1a: Dondozo\n|\n|-heal|p1a: Dondozo|17\/100 psn|[from] item: Leftovers\n|-damage|p1a: Dondozo|5\/100 psn|[from] psn\n|-end|p1a: Dondozo|move: Taunt\n|upkeep\n|turn|8\n|\n|t:|1699987970\n|move|p2a: Overqwil|Taunt|p1a: Dondozo\n|-start|p1a: Dondozo|move: Taunt\n|move|p1a: Dondozo|Wave Crash|p2a: Overqwil\n|-damage|p2a: Overqwil|28\/100\n|-damage|p1a: Dondozo|0 fnt|[from] item: Rocky Helmet|[of] p2a: Overqwil\n|faint|p1a: Dondozo\n|move|p2b: Iron Hands|Swords Dance|p2b: Iron Hands\n|-boost|p2b: Iron Hands|atk|2\n|\n|-sideend|p2: ZeFantasma|Reflect\n|upkeep\n|\n|t:|1699987986\n|switch|p1a: Rillaboom|Rillaboom, L50, F|7\/100\n|-fieldstart|move: Grassy Terrain|[from] ability: Grassy Surge|[of] p1a: Rillaboom\n|turn|9\n|\n|t:|1699988025\n|switch|p2a: Cresselia|Cresselia, L50, F|100\/100\n|move|p2b: Iron Hands|Detect|p2b: Iron Hands\n|-singleturn|p2b: Iron Hands|Protect\n|move|p1a: Rillaboom|Fake Out|p2b: Iron Hands\n|-activate|p2b: Iron Hands|move: Protect\n|move|p1b: Tatsugiri|Dragon Pulse|p2a: Cresselia\n|-damage|p2a: Cresselia|83\/100\n|\n|-heal|p1a: Rillaboom|14\/100|[from] Grassy Terrain\n|-sideend|p2: ZeFantasma|move: Light Screen\n|upkeep\n|turn|10\n|\n|t:|1699988053\n|move|p1b: Tatsugiri|Muddy Water|p2b: Iron Hands|[spread] p2a\n|-miss|p1b: Tatsugiri|p2b: Iron Hands\n|-crit|p2a: Cresselia\n|-damage|p2a: Cresselia|50\/100\n|move|p1a: Rillaboom|Wood Hammer|p2b: Iron Hands\n|-resisted|p2b: Iron Hands\n|-damage|p2b: Iron Hands|74\/100\n|-damage|p1a: Rillaboom|3\/100|[from] Recoil\n|move|p2b: Iron Hands|Drain Punch|p1a: Rillaboom\n|-damage|p1a: Rillaboom|0 fnt\n|-heal|p2b: Iron Hands|75\/100|[from] drain|[of] p1a: Rillaboom\n|faint|p1a: Rillaboom\n|move|p2a: Cresselia|Trick Room|p2a: Cresselia\n|-fieldstart|move: Trick Room|[of] p2a: Cresselia\n|\n|-heal|p2b: Iron Hands|81\/100|[from] Grassy Terrain\n|upkeep\n|\n|t:|1699988069\n|switch|p1a: Drifblim|Drifblim, L50, M|100\/100\n|turn|11\n|\n|t:|1699988077\n|move|p2b: Iron Hands|Thunder Punch|p1a: Drifblim\n|-supereffective|p1a: Drifblim\n|-enditem|p1a: Drifblim|Focus Sash\n|-damage|p1a: Drifblim|1\/100\n|move|p2a: Cresselia|Lunar Blessing|p2a: Cresselia|[spread] p2a,p2b\n|-heal|p2a: Cresselia|75\/100\n|-heal|p2b: Iron Hands|100\/100\n|move|p1b: Tatsugiri|Dragon Pulse|p2b: Iron Hands\n|-damage|p2b: Iron Hands|74\/100\n|move|p1a: Drifblim|Air Slash|p2b: Iron Hands\n|-supereffective|p2b: Iron Hands\n|-damage|p2b: Iron Hands|34\/100\n|-enditem|p2b: Iron Hands|Sitrus Berry|[eat]\n|-heal|p2b: Iron Hands|59\/100|[from] item: Sitrus Berry\n|\n|-heal|p2b: Iron Hands|65\/100|[from] Grassy Terrain\n|upkeep\n|turn|12\n|-message|Fixo161 forfeited.\n|\n|win|ZeFantasma\n|raw|Fixo161's rating: 1501 &rarr; <strong>1483<\/strong><br \/>(-18 for losing)\n|raw|ZeFantasma's rating: 1541 &rarr; <strong>1559<\/strong><br \/>(+18 for winning)\n|l|\u2606Fixo161\n","uploadtime":1699988097,"views":8,"p1id":"fixo161","p2id":"zefantasma","formatid":"gen9vgc2023regulatione","rating":1483,"private":0,"password":""}