{"id":"gen9vgc2023regulatione-1989230457","p1":"SakuroYakami","p2":"Marcostap","format":"[Gen 9] VGC 2023 Regulation E","log":"|j|\u2606SakuroYakami\n|j|\u2606Marcostap\n|n|\u2606SakuroYakami|sakuroyakami\n|n|\u2606Marcostap|marcostap\n|html|View the match progress at <a href=\"\/game-bestof3-gen9vgc2023regulatione-1989230456\">game-bestof3-gen9vgc2023regulatione-1989230456<\/a>\n|t:|1699825892\n|gametype|doubles\n|player|p1|SakuroYakami|turo-ai|\n|player|p2|Marcostap|cynthia-gen4|\n|teamsize|p1|6\n|teamsize|p2|6\n|gen|9\n|tier|[Gen 9] VGC 2023 Regulation E\n|rule|Species Clause: Limit one of each Pok\u00e9mon\n|rule|Item Clause: Limit one of each item\n|clearpoke\n|poke|p1|Urshifu-*, L50, M|\n|poke|p1|Tornadus, L50, M|\n|poke|p1|Ogerpon-Hearthflame, L50, F|\n|poke|p1|Flutter Mane, L50|\n|poke|p1|Landorus-Therian, L50, M|\n|poke|p1|Kingambit, L50, M|\n|poke|p2|Rillaboom, L50, F|\n|poke|p2|Pelipper, L50, M|\n|poke|p2|Palafin, L50, F|\n|poke|p2|Ursaluna-Bloodmoon, L50, M|\n|poke|p2|Dusclops, L50, M|\n|poke|p2|Cresselia, L50, F|\n|teampreview|4\nMarcostap has agreed to open team sheets.\nSakuroYakami has agreed to open team sheets.\n|showteam|p1|Urshifu-Rapid-Strike||FocusSash|UnseenFist|SurgingStrikes,AquaJet,CloseCombat,Protect|||M|||50|,,,,,Water]Tornadus||SitrusBerry|Prankster|BleakwindStorm,Tailwind,RainDance,Protect|||M|||50|,,,,,Poison]Ogerpon-Hearthflame||HearthflameMask|MoldBreaker|IvyCudgel,HornLeech,FollowMe,SpikyShield|||F|||50|,,,,,Fire]Flutter Mane||ChoiceSpecs|Protosynthesis|ShadowBall,DazzlingGleam,Moonblast,MysticalFire||||||50|,,,,,Fairy]Landorus-Therian||ChoiceScarf|Intimidate|StompingTantrum,RockSlide,Uturn,TeraBlast|||M|||50|,,,,,Flying]Kingambit||BlackGlasses|Defiant|KowtowCleave,SuckerPunch,SwordsDance,Protect|||M|||50|,,,,,Dark\n|showteam|p2|Rillaboom||AssaultVest|GrassySurge|FakeOut,Uturn,GrassyGlide,WoodHammer|||F|||50|,,,,,Grass]Pelipper||Leftovers|Drizzle|Hurricane,HelpingHand,WideGuard,Protect|||M|||50|,,,,,Flying]Palafin||ChoiceBand|ZerotoHero|JetPunch,WaveCrash,FlipTurn,DrainPunch|||F|||50|,,,,,Fighting]Ursaluna-Bloodmoon||LifeOrb|MindsEye|Protect,EarthPower,BloodMoon,HyperVoice|||M|||50|,,,,,Normal]Dusclops||Eviolite|Pressure|NightShade,WillOWisp,PainSplit,TrickRoom|||M|||50|,,,,,Poison]Cresselia||RockyHelmet|Levitate|LunarBlessing,Psychic,HelpingHand,Protect|||F|||50|,,,,,Psychic\n|j| ShimeNaruka\n|c|\u2606SakuroYakami|s\u00f3 autorizar\n|c|\u2606Marcostap|1 min\n|c|\u2606SakuroYakami|bele\n|c| ShimeNaruka|Podem come\u00e7ar!!\n|c|\u2606Marcostap|bom, podemos\n|j| Yuri\n|\n|t:|1699826021\n|start\n|switch|p1a: Tornadus|Tornadus, L50, M|100\/100\n|switch|p1b: Ogerpon|Ogerpon-Hearthflame, L50, F|100\/100\n|switch|p2a: Dusclops|Dusclops, L50, M|100\/100\n|switch|p2b: Rillaboom|Rillaboom, L50, F|100\/100\n|-ability|p1b: Ogerpon|Mold Breaker\n|-fieldstart|move: Grassy Terrain|[from] ability: Grassy Surge|[of] p2b: Rillaboom\n|-ability|p2a: Dusclops|Pressure\n|turn|1\n|\n|t:|1699826043\n|move|p2b: Rillaboom|Fake Out|p1b: Ogerpon\n|-damage|p1b: Ogerpon|79\/100\n|move|p1a: Tornadus|Tailwind|p1a: Tornadus\n|-sidestart|p1: SakuroYakami|move: Tailwind\n|cant|p1b: Ogerpon|flinch\n|move|p2a: Dusclops|Trick Room|p2a: Dusclops\n|-fieldstart|move: Trick Room|[of] p2a: Dusclops\n|\n|-heal|p1b: Ogerpon|85\/100|[from] Grassy Terrain\n|upkeep\n|turn|2\n|\n|t:|1699826062\n|move|p1b: Ogerpon|Spiky Shield|p1b: Ogerpon\n|-singleturn|p1b: Ogerpon|move: Protect\n|move|p2a: Dusclops|Night Shade|p1b: Ogerpon\n|-activate|p1b: Ogerpon|move: Protect\n|move|p2b: Rillaboom|U-turn|p1b: Ogerpon\n|-activate|p1b: Ogerpon|move: Protect\n|-damage|p2b: Rillaboom|88\/100|[from] Spiky Shield|[of] p1b: Ogerpon\n|move|p1a: Tornadus|Bleakwind Storm|p2b: Rillaboom|[spread] p2b\n|-miss|p1a: Tornadus|p2a: Dusclops\n|-supereffective|p2b: Rillaboom\n|-damage|p2b: Rillaboom|16\/100\n|\n|-heal|p2b: Rillaboom|23\/100|[from] Grassy Terrain\n|-heal|p1b: Ogerpon|91\/100|[from] Grassy Terrain\n|upkeep\n|turn|3\n|\n|t:|1699826105\n|move|p1a: Tornadus|Rain Dance|p1a: Tornadus\n|-weather|RainDance\n|move|p2a: Dusclops|Night Shade|p1b: Ogerpon\n|-damage|p1b: Ogerpon|59\/100\n|move|p2b: Rillaboom|U-turn|p1b: Ogerpon\n|-damage|p1b: Ogerpon|21\/100\n|\n|t:|1699826113\n|switch|p2b: Palafin|Palafin, L50, F|100\/100|[from] U-turn\n|move|p1b: Ogerpon|Horn Leech|p2a: Dusclops\n|-damage|p2a: Dusclops|60\/100\n|-heal|p1b: Ogerpon|40\/100|[from] drain|[of] p2a: Dusclops\n|\n|-weather|RainDance|[upkeep]\n|-heal|p2a: Dusclops|66\/100|[from] Grassy Terrain\n|-heal|p1b: Ogerpon|46\/100|[from] Grassy Terrain\n|upkeep\n|turn|4\n|\n|t:|1699826135\n|move|p1b: Ogerpon|Spiky Shield|p1b: Ogerpon\n|-singleturn|p1b: Ogerpon|move: Protect\n|move|p2a: Dusclops|Night Shade|p1b: Ogerpon\n|-activate|p1b: Ogerpon|move: Protect\n|move|p2b: Palafin|Flip Turn|p1a: Tornadus\n|-crit|p1a: Tornadus\n|-damage|p1a: Tornadus|0 fnt\n|faint|p1a: Tornadus\n|\n|t:|1699826144\n|detailschange|p2b: Palafin|Palafin-Hero, L50, F\n|switch|p2b: Ursaluna|Ursaluna-Bloodmoon, L50, M|100\/100|[from] Flip Turn\n|\n|-weather|RainDance|[upkeep]\n|-heal|p2a: Dusclops|72\/100|[from] Grassy Terrain\n|-heal|p1b: Ogerpon|52\/100|[from] Grassy Terrain\n|-sideend|p1: SakuroYakami|move: Tailwind\n|upkeep\n|\n|t:|1699826157\n|switch|p1a: Flutter Mane|Flutter Mane, L50|100\/100\n|turn|5\n|\n|t:|1699826168\n|-terastallize|p2b: Ursaluna|Normal\n|-terastallize|p1a: Flutter Mane|Fairy\n|move|p2a: Dusclops|Night Shade|p1b: Ogerpon\n|-damage|p1b: Ogerpon|20\/100\n|move|p2b: Ursaluna|Blood Moon|p1a: Flutter Mane\n|-damage|p1a: Flutter Mane|0 fnt\n|faint|p1a: Flutter Mane\n|-end|p1a: Flutter Mane|Protosynthesis|[silent]\n|-damage|p2b: Ursaluna|91\/100|[from] item: Life Orb\n|move|p1b: Ogerpon|Horn Leech|p2b: Ursaluna\n|-damage|p2b: Ursaluna|48\/100\n|-heal|p1b: Ogerpon|46\/100|[from] drain|[of] p2b: Ursaluna\n|\n|-weather|RainDance|[upkeep]\n|-heal|p2a: Dusclops|78\/100|[from] Grassy Terrain\n|-heal|p2b: Ursaluna|54\/100|[from] Grassy Terrain\n|-heal|p1b: Ogerpon|52\/100|[from] Grassy Terrain\n|-fieldend|move: Trick Room\n|-fieldend|move: Grassy Terrain\n|upkeep\n|\n|t:|1699826185\n|switch|p1a: Kingambit|Kingambit, L50, M|100\/100\n|turn|6\n|\n|t:|1699826204\n|move|p2b: Ursaluna|Protect|p2b: Ursaluna\n|-singleturn|p2b: Ursaluna|Protect\n|move|p1a: Kingambit|Sucker Punch||[still]\n|-fail|p1a: Kingambit\n|move|p1b: Ogerpon|Horn Leech|p2b: Ursaluna\n|-activate|p2b: Ursaluna|move: Protect\n|move|p2a: Dusclops|Trick Room|p2a: Dusclops\n|-fieldstart|move: Trick Room|[of] p2a: Dusclops\n|\n|-weather|RainDance|[upkeep]\n|upkeep\n|turn|7\n|\n|t:|1699826217\n|switch|p2b: Rillaboom|Rillaboom, L50, F|23\/100\n|-fieldstart|move: Grassy Terrain|[from] ability: Grassy Surge|[of] p2b: Rillaboom\n|move|p1a: Kingambit|Sucker Punch||[still]\n|-fail|p1a: Kingambit\n|move|p2a: Dusclops|Will-O-Wisp|p1a: Kingambit\n|-status|p1a: Kingambit|brn\n|move|p1b: Ogerpon|Horn Leech|p2b: Rillaboom\n|-resisted|p2b: Rillaboom\n|-damage|p2b: Rillaboom|0 fnt\n|-heal|p1b: Ogerpon|65\/100|[from] drain|[of] p2b: Rillaboom\n|faint|p2b: Rillaboom\n|\n|-weather|none\n|-heal|p2a: Dusclops|84\/100|[from] Grassy Terrain\n|-heal|p1b: Ogerpon|71\/100|[from] Grassy Terrain\n|-damage|p1a: Kingambit|95\/100 brn|[from] brn\n|upkeep\n|\n|t:|1699826233\n|switch|p2b: Ursaluna|Ursaluna-Bloodmoon, L50, M, tera:Normal|54\/100\n|turn|8\n|\n|t:|1699826250\n|move|p2a: Dusclops|Night Shade|p1a: Kingambit\n|-damage|p1a: Kingambit|71\/100 brn\n|move|p2b: Ursaluna|Blood Moon|p1b: Ogerpon\n|-damage|p1b: Ogerpon|0 fnt\n|faint|p1b: Ogerpon\n|-damage|p2b: Ursaluna|44\/100|[from] item: Life Orb\n|move|p1a: Kingambit|Kowtow Cleave|p2a: Dusclops\n|-supereffective|p2a: Dusclops\n|-damage|p2a: Dusclops|45\/100\n|\n|-heal|p2a: Dusclops|52\/100|[from] Grassy Terrain\n|-heal|p2b: Ursaluna|50\/100|[from] Grassy Terrain\n|-heal|p1a: Kingambit|76\/100 brn|[from] Grassy Terrain\n|-damage|p1a: Kingambit|71\/100 brn|[from] brn\n|upkeep\n|turn|9\n|-message|SakuroYakami forfeited.\n|\n|win|Marcostap\n|c|&|\/uhtml prompt-sakuroyakami,SakuroYakami is ready for game 2!\n|c|&|\/uhtml prompt-marcostap,Marcostap is ready for game 2!\nBoth players are ready! Starting next match!\n|j| bb_hachi8\n|l| bb_hachi8\n|l|\u2606SakuroYakami\n|l| Yuri\n|l| ShimeNaruka\n|j| lucasarreguy\n","uploadtime":1699826287,"views":16,"p1id":"sakuroyakami","p2id":"marcostap","formatid":"gen9vgc2023regulatione","rating":0,"private":0,"password":""}