{"id":"gen9vgc2023regulatione-1993143897","p1":"LMagician","p2":"Tenken11","format":"[Gen 9] VGC 2023 Regulation E","log":"|j|\u2606LMagician\n|j|\u2606Tenken11\n|n|\u2606LMagician|lmagician\n|n|\u2606Tenken11|tenken11\n|html|View the match progress at <a href=\"\/game-bestof3-gen9vgc2023regulatione-1993143896\">game-bestof3-gen9vgc2023regulatione-1993143896<\/a>\n|t:|1700270032\n|gametype|doubles\n|player|p1|LMagician|steven|\n|player|p2|Tenken11|1|\n|teamsize|p1|6\n|teamsize|p2|6\n|gen|9\n|tier|[Gen 9] VGC 2023 Regulation E\n|rule|Species Clause: Limit one of each Pok\u00e9mon\n|rule|Item Clause: Limit one of each item\n|clearpoke\n|poke|p1|Tornadus, L50, M|\n|poke|p1|Flutter Mane, L50|\n|poke|p1|Landorus-Therian, L50, M|\n|poke|p1|Heatran, L50, M|\n|poke|p1|Roaring Moon, L50|\n|poke|p1|Ogerpon-Wellspring, L50, F|\n|poke|p2|Sinistcha, L50|\n|poke|p2|Moltres-Galar, L50|\n|poke|p2|Grimmsnarl, L50, M|\n|poke|p2|Arcanine-Hisui, L50, M|\n|poke|p2|Milotic, L50, F|\n|poke|p2|Iron Hands, L50|\n|teampreview|4\nTenken11 has agreed to open team sheets.\nLMagician has agreed to open team sheets.\n|showteam|p1|Tornadus||CovertCloak|Prankster|Tailwind,BleakwindStorm,SunnyDay,RainDance|||M|||50|,,,,,Dragon]Flutter Mane||ChoiceSpecs|Protosynthesis|Moonblast,ShadowBall,DazzlingGleam,TrickRoom||||||50|,,,,,Fairy]Landorus-Therian||ChoiceScarf|Intimidate|StompingTantrum,TeraBlast,RockSlide,Uturn|||M|||50|,,,,,Flying]Heatran||LifeOrb|FlashFire|HeatWave,FlashCannon,Protect,EarthPower|||M|||50|,,,,,Grass]Roaring Moon||BoosterEnergy|Protosynthesis|Acrobatics,KnockOff,Protect,DragonDance||||||50|,,,,,Flying]Ogerpon-Wellspring||WellspringMask|WaterAbsorb|IvyCudgel,WoodHammer,SpikyShield,FollowMe|||F|||50|,,,,,Water\n|showteam|p2|Sinistcha||RockyHelmet|Hospitality|MatchaGotcha,RagePowder,LifeDew,TrickRoom||||||50|,,,,,Dragon]Moltres-Galar||SitrusBerry|Berserk|FieryWrath,AirSlash,NastyPlot,Protect||||||50|,,,,,Poison]Grimmsnarl||LightClay|Prankster|LowKick,LightScreen,Reflect,PartingShot|||M|||50|,,,,,Fire]Arcanine-Hisui||ChoiceBand|Intimidate|ExtremeSpeed,RockSlide,FlareBlitz,TeraBlast|||M|||50|,,,,,Fairy]Milotic||WideLens|Competitive|HydroPump,IcyWind,Hypnosis,LifeDew|||F|||50|,,,,,Grass]Iron Hands||AssaultVest|QuarkDrive|DrainPunch,WildCharge,HeavySlam,FakeOut||||||50|,,,,,Water\n|j| Tampico11\n|inactive|Battle timer is ON: inactive players will automatically lose when time's up. (requested by Tenken11)\n|\n|t:|1700270102\n|start\n|switch|p1a: Ogerpon|Ogerpon-Wellspring, L50, F|100\/100\n|switch|p1b: Roaring Moon|Roaring Moon, L50|100\/100\n|switch|p2a: Iron Hands|Iron Hands, L50|100\/100\n|switch|p2b: Grimmsnarl|Grimmsnarl, L50, M, shiny|100\/100\n|-enditem|p1b: Roaring Moon|Booster Energy\n|-activate|p1b: Roaring Moon|ability: Protosynthesis|[fromitem]\n|-start|p1b: Roaring Moon|protosynthesisatk\n|turn|1\n|inactive|LMagician has 30 seconds left.\n|\n|t:|1700270134\n|move|p1b: Roaring Moon|Protect|p1b: Roaring Moon\n|-singleturn|p1b: Roaring Moon|Protect\n|move|p2a: Iron Hands|Fake Out|p1b: Roaring Moon\n|-activate|p1b: Roaring Moon|move: Protect\n|move|p2b: Grimmsnarl|Reflect|p2b: Grimmsnarl\n|-sidestart|p2: Tenken11|Reflect\n|move|p1a: Ogerpon|Ivy Cudgel|p2a: Iron Hands|[anim] Ivy Cudgel Water\n|-damage|p2a: Iron Hands|73\/100\n|\n|upkeep\n|turn|2\n|\n|t:|1700270150\n|move|p1a: Ogerpon|Follow Me|p1a: Ogerpon\n|-singleturn|p1a: Ogerpon|move: Follow Me\n|move|p2b: Grimmsnarl|Parting Shot|p1a: Ogerpon\n|-unboost|p1a: Ogerpon|atk|1\n|-unboost|p1a: Ogerpon|spa|1\n|\n|t:|1700270156\n|switch|p2b: Milotic|Milotic, L50, F|100\/100|[from] Parting Shot\n|move|p1b: Roaring Moon|Dragon Dance|p1b: Roaring Moon\n|-boost|p1b: Roaring Moon|atk|1\n|-boost|p1b: Roaring Moon|spe|1\n|move|p2a: Iron Hands|Drain Punch|p1a: Ogerpon\n|-damage|p1a: Ogerpon|54\/100\n|-heal|p2a: Iron Hands|90\/100|[from] drain|[of] p1a: Ogerpon\n|\n|upkeep\n|turn|3\n|inactive|LMagician has 30 seconds left.\n|inactive|LMagician has 20 seconds left.\n|\n|t:|1700270192\n|move|p1a: Ogerpon|Follow Me|p1a: Ogerpon\n|-singleturn|p1a: Ogerpon|move: Follow Me\n|move|p1b: Roaring Moon|Dragon Dance|p1b: Roaring Moon\n|-boost|p1b: Roaring Moon|atk|1\n|-boost|p1b: Roaring Moon|spe|1\n|move|p2b: Milotic|Icy Wind|p1a: Ogerpon|[spread] p1a,p1b\n|-supereffective|p1b: Roaring Moon\n|-damage|p1a: Ogerpon|41\/100\n|-damage|p1b: Roaring Moon|79\/100\n|-unboost|p1a: Ogerpon|spe|1\n|-unboost|p1b: Roaring Moon|spe|1\n|move|p2a: Iron Hands|Drain Punch|p1a: Ogerpon\n|-damage|p1a: Ogerpon|0 fnt\n|-heal|p2a: Iron Hands|100\/100|[from] drain|[of] p1a: Ogerpon\n|faint|p1a: Ogerpon\n|\n|upkeep\n|\n|t:|1700270208\n|switch|p1a: Landorus|Landorus-Therian, L50, M|100\/100\n|-ability|p1a: Landorus|Intimidate|boost\n|-unboost|p2a: Iron Hands|atk|1\n|-unboost|p2b: Milotic|atk|1\n|-ability|p2b: Milotic|Competitive|boost\n|-boost|p2b: Milotic|spa|2\n|turn|4\n|\n|t:|1700270231\n|-end|p2a: Iron Hands|Quark Drive|[silent]\n|switch|p2a: Grimmsnarl|Grimmsnarl, L50, M, shiny|100\/100\n|-terastallize|p1b: Roaring Moon|Flying\n|move|p1b: Roaring Moon|Acrobatics|p2b: Milotic\n|-damage|p2b: Milotic|0 fnt\n|faint|p2b: Milotic\n|move|p1a: Landorus|Stomping Tantrum|p2a: Grimmsnarl\n|-damage|p2a: Grimmsnarl|76\/100\n|\n|upkeep\n|\n|t:|1700270240\n|switch|p2b: Iron Hands|Iron Hands, L50|100\/100\n|turn|5\n|\n|t:|1700270263\n|switch|p1a: Flutter Mane|Flutter Mane, L50|100\/100\n|move|p1b: Roaring Moon|Protect|p1b: Roaring Moon\n|-singleturn|p1b: Roaring Moon|Protect\n|move|p2b: Iron Hands|Fake Out|p1a: Flutter Mane\n|-immune|p1a: Flutter Mane\n|move|p2a: Grimmsnarl|Parting Shot|p1b: Roaring Moon\n|-activate|p1b: Roaring Moon|move: Protect\n|\n|upkeep\n|turn|6\n|\n|t:|1700270282\n|move|p2a: Grimmsnarl|Light Screen|p2a: Grimmsnarl\n|-sidestart|p2: Tenken11|move: Light Screen\n|move|p1b: Roaring Moon|Acrobatics|p2b: Iron Hands\n|-damage|p2b: Iron Hands|36\/100\n|move|p1a: Flutter Mane|Dazzling Gleam|p2a: Grimmsnarl|[spread] p2a,p2b\n|-supereffective|p2a: Grimmsnarl\n|-supereffective|p2b: Iron Hands\n|-damage|p2a: Grimmsnarl|21\/100\n|-damage|p2b: Iron Hands|6\/100\n|move|p2b: Iron Hands|Wild Charge|p1b: Roaring Moon\n|-supereffective|p1b: Roaring Moon\n|-crit|p1b: Roaring Moon\n|-damage|p1b: Roaring Moon|0 fnt\n|faint|p1b: Roaring Moon\n|-end|p1b: Roaring Moon|Protosynthesis|[silent]\n|-damage|p2b: Iron Hands|0 fnt|[from] Recoil\n|faint|p2b: Iron Hands\n|-end|p2b: Iron Hands|Quark Drive|[silent]\n|\n|upkeep\n|\n|t:|1700270296\n|switch|p1b: Landorus|Landorus-Therian, L50, M|100\/100\n|switch|p2b: Moltres|Moltres-Galar, L50|100\/100\n|-ability|p1b: Landorus|Intimidate|boost\n|-unboost|p2a: Grimmsnarl|atk|1\n|-unboost|p2b: Moltres|atk|1\n|turn|7\n|\n|t:|1700270316\n|move|p2a: Grimmsnarl|Parting Shot|p1a: Flutter Mane\n|-unboost|p1a: Flutter Mane|atk|1\n|-unboost|p1a: Flutter Mane|spa|1\n|move|p1b: Landorus|Stomping Tantrum|p2b: Moltres\n|-immune|p2b: Moltres\n|move|p1a: Flutter Mane|Dazzling Gleam|p2b: Moltres|[spread] p2a,p2b\n|-supereffective|p2a: Grimmsnarl\n|-supereffective|p2b: Moltres\n|-damage|p2a: Grimmsnarl|0 fnt\n|-damage|p2b: Moltres|71\/100\n|faint|p2a: Grimmsnarl\n|move|p2b: Moltres|Nasty Plot|p2b: Moltres\n|-boost|p2b: Moltres|spa|2\n|\n|upkeep\n|turn|8\n|\n|t:|1700270332\n|move|p1b: Landorus|Stomping Tantrum|p2b: Moltres\n|-immune|p2b: Moltres\n|move|p1a: Flutter Mane|Dazzling Gleam|p2b: Moltres\n|-supereffective|p2b: Moltres\n|-damage|p2b: Moltres|35\/100\n|-ability|p2b: Moltres|Berserk|boost\n|-boost|p2b: Moltres|spa|1\n|-enditem|p2b: Moltres|Sitrus Berry|[eat]\n|-heal|p2b: Moltres|60\/100|[from] item: Sitrus Berry\n|move|p2b: Moltres|Fiery Wrath|p1b: Landorus|[spread] p1a,p1b\n|-damage|p1a: Flutter Mane|31\/100\n|-damage|p1b: Landorus|11\/100\n|\n|-sideend|p2: Tenken11|Reflect\n|upkeep\n|turn|9\n|\n|t:|1700270346\n|move|p1b: Landorus|Stomping Tantrum|p2b: Moltres\n|-immune|p2b: Moltres\n|move|p1a: Flutter Mane|Dazzling Gleam|p2b: Moltres\n|-supereffective|p2b: Moltres\n|-damage|p2b: Moltres|21\/100\n|-ability|p2b: Moltres|Berserk|boost\n|-boost|p2b: Moltres|spa|1\n|move|p2b: Moltres|Fiery Wrath|p1b: Landorus|[spread] p1a,p1b\n|-damage|p1a: Flutter Mane|0 fnt\n|-damage|p1b: Landorus|0 fnt\n|faint|p1a: Flutter Mane\n|-end|p1a: Flutter Mane|Protosynthesis|[silent]\n|faint|p1b: Landorus\n|\n|win|Tenken11\n|c|&|\/uhtml prompt-lmagician,LMagician is ready for game 2!\n|inactive|Tenken11 has 50 seconds to confirm battle start!\n|c|&|\/uhtml prompt-tenken11,Tenken11 is ready for game 2!\nBoth players are ready! Starting next match!\n|l|\u2606Tenken11\n","uploadtime":1700271217,"views":16,"p1id":"lmagician","p2id":"tenken11","formatid":"gen9vgc2023regulatione","rating":0,"private":0,"password":""}