{"id":"gen9vgc2023regulatione-1995668344","p1":"ivan velez","p2":"1 Time cp","format":"[Gen 9] VGC 2023 Regulation E","log":"|j|\u2606ivan velez\n|j|\u26061 Time cp\n|t:|1700592339\n|gametype|doubles\n|player|p1|ivan velez|colress|1231\n|player|p2|1 Time cp|lucas|1200\n|teamsize|p1|6\n|teamsize|p2|6\n|gen|9\n|tier|[Gen 9] VGC 2023 Regulation E\n|rated|\n|rule|Species Clause: Limit one of each Pok\u00e9mon\n|rule|Item Clause: Limit one of each item\n|clearpoke\n|poke|p1|Amoonguss, L50, M|\n|poke|p1|Chien-Pao, L50|\n|poke|p1|Arcanine-Hisui, L50, M|\n|poke|p1|Flutter Mane, L50|\n|poke|p1|Tornadus, L50, M|\n|poke|p1|Rillaboom, L50, M|\n|poke|p2|Enamorus, L50, F|\n|poke|p2|Passimian, L50, F|\n|poke|p2|Dugtrio-Alola, L50, M|\n|poke|p2|Tornadus, L50, M|\n|poke|p2|Farigiraf, L50, F|\n|poke|p2|Rillaboom, L50, F|\n|teampreview|4\n|inactive|Battle timer is ON: inactive players will automatically lose when time's up. (requested by 1 Time cp)\n|\n|t:|1700592363\n|start\n|switch|p1a: Arcanine|Arcanine-Hisui, L50, M|100\/100\n|switch|p1b: Amoonguss|Amoonguss, L50, M|100\/100\n|switch|p2a: Enamorus|Enamorus, L50, F|100\/100\n|switch|p2b: Passimian|Passimian, L50, F|100\/100\n|-ability|p1a: Arcanine|Intimidate|boost\n|-boost|p2a: Enamorus|atk|1\n|-unboost|p2b: Passimian|atk|1\n|turn|1\n|\n|t:|1700592385\n|move|p2b: Passimian|Protect|p2b: Passimian\n|-singleturn|p2b: Passimian|Protect\n|move|p2a: Enamorus|Misty Explosion|p1a: Arcanine|[spread] p1a,p1b\n|-activate|p2b: Passimian|move: Protect\n|-resisted|p1a: Arcanine\n|-resisted|p1b: Amoonguss\n|-damage|p1a: Arcanine|75\/100\n|-damage|p1b: Amoonguss|78\/100\n|faint|p2a: Enamorus\n|-ability|p2b: Passimian|Contrary|[from] ability: Receiver|[of] p2a: Enamorus\n|move|p1a: Arcanine|Will-O-Wisp|p2b: Passimian\n|-activate|p2b: Passimian|move: Protect\n|move|p1b: Amoonguss|Spore|p2b: Passimian\n|-activate|p2b: Passimian|move: Protect\n|\n|-heal|p1b: Amoonguss|84\/100|[from] item: Black Sludge\n|upkeep\n|\n|t:|1700592401\n|switch|p2a: Tornadus|Tornadus, L50, M|100\/100\n|turn|2\n|\n|t:|1700592413\n|-terastallize|p2b: Passimian|Fire\n|move|p2a: Tornadus|Tailwind|p2a: Tornadus\n|-sidestart|p2: 1 Time cp|move: Tailwind\n|move|p2b: Passimian|Close Combat|p1a: Arcanine\n|-supereffective|p1a: Arcanine\n|-damage|p1a: Arcanine|9\/100\n|-boost|p2b: Passimian|def|1\n|-boost|p2b: Passimian|spd|1\n|-enditem|p1a: Arcanine|Aguav Berry|[eat]\n|-heal|p1a: Arcanine|42\/100|[from] item: Aguav Berry\n|move|p1a: Arcanine|Will-O-Wisp|p2b: Passimian\n|-immune|p2b: Passimian\n|move|p1b: Amoonguss|Spore|p2a: Tornadus\n|-status|p2a: Tornadus|slp|[from] move: Spore\n|\n|-heal|p1b: Amoonguss|89\/100|[from] item: Black Sludge\n|upkeep\n|turn|3\n|inactive|1 Time cp has 30 seconds left.\n|\n|t:|1700592441\n|move|p1b: Amoonguss|Rage Powder|p1b: Amoonguss\n|-singleturn|p1b: Amoonguss|move: Rage Powder\n|cant|p2a: Tornadus|slp\n|move|p2b: Passimian|Close Combat|p1b: Amoonguss\n|-resisted|p1b: Amoonguss\n|-damage|p1b: Amoonguss|73\/100\n|-boost|p2b: Passimian|def|1\n|-boost|p2b: Passimian|spd|1\n|move|p1a: Arcanine|Rock Slide|p2b: Passimian|[spread] p2b\n|-miss|p1a: Arcanine|p2a: Tornadus\n|-supereffective|p2b: Passimian\n|-crit|p2b: Passimian\n|-damage|p2b: Passimian|32\/100\n|\n|-heal|p2b: Passimian|38\/100|[from] item: Leftovers\n|-heal|p1b: Amoonguss|79\/100|[from] item: Black Sludge\n|upkeep\n|turn|4\n|\n|t:|1700592458\n|move|p2b: Passimian|Protect|p2b: Passimian\n|-singleturn|p2b: Passimian|Protect\n|move|p1b: Amoonguss|Rage Powder|p1b: Amoonguss\n|-singleturn|p1b: Amoonguss|move: Rage Powder\n|cant|p2a: Tornadus|slp\n|move|p1a: Arcanine|Rock Slide|p2b: Passimian|[spread] p2a\n|-activate|p2b: Passimian|move: Protect\n|-supereffective|p2a: Tornadus\n|-damage|p2a: Tornadus|35\/100 slp\n|\n|-heal|p2b: Passimian|45\/100|[from] item: Leftovers\n|-heal|p1b: Amoonguss|85\/100|[from] item: Black Sludge\n|upkeep\n|turn|5\n|inactive|1 Time cp has 30 seconds left.\n|inactive|1 Time cp has 20 seconds left.\n|inactive|1 Time cp has 15 seconds left.\n|inactive|1 Time cp has 10 seconds left.\n|\n|t:|1700592503\n|move|p1b: Amoonguss|Rage Powder|p1b: Amoonguss\n|-singleturn|p1b: Amoonguss|move: Rage Powder\n|-curestatus|p2a: Tornadus|slp|[msg]\n|move|p2a: Tornadus|Bleakwind Storm|p1a: Arcanine|[spread] p1a,p1b\n|-resisted|p1a: Arcanine\n|-crit|p1a: Arcanine\n|-supereffective|p1b: Amoonguss\n|-damage|p1a: Arcanine|14\/100\n|-damage|p1b: Amoonguss|29\/100\n|move|p2b: Passimian|Drain Punch|p1b: Amoonguss\n|-resisted|p1b: Amoonguss\n|-damage|p1b: Amoonguss|18\/100\n|-heal|p2b: Passimian|50\/100|[from] drain|[of] p1b: Amoonguss\n|move|p1a: Arcanine|Rock Slide|p2a: Tornadus|[spread] p2a,p2b\n|-supereffective|p2a: Tornadus\n|-supereffective|p2b: Passimian\n|-damage|p2a: Tornadus|0 fnt\n|-damage|p2b: Passimian|27\/100\n|faint|p2a: Tornadus\n|\n|-heal|p2b: Passimian|34\/100|[from] item: Leftovers\n|-heal|p1b: Amoonguss|24\/100|[from] item: Black Sludge\n|-sideend|p2: 1 Time cp|move: Tailwind\n|upkeep\n|\n|t:|1700592520\n|switch|p2a: Dugtrio|Dugtrio-Alola, L50, M|100\/100\n|turn|6\n|inactive|ivan velez has 30 seconds left.\n|\n|t:|1700592552\n|switch|p1a: Rillaboom|Rillaboom, L50, M|100\/100\n|-fieldstart|move: Grassy Terrain|[from] ability: Grassy Surge|[of] p1a: Rillaboom\n|move|p2a: Dugtrio|Charm|p2b: Passimian\n|-boost|p2b: Passimian|atk|2\n|move|p2b: Passimian|Close Combat|p1b: Amoonguss\n|-resisted|p1b: Amoonguss\n|-damage|p1b: Amoonguss|0 fnt\n|-boost|p2b: Passimian|def|1\n|-boost|p2b: Passimian|spd|1\n|faint|p1b: Amoonguss\n|\n|-heal|p2b: Passimian|40\/100|[from] Grassy Terrain\n|-heal|p2b: Passimian|46\/100|[from] item: Leftovers\n|upkeep\n|\n|t:|1700592569\n|switch|p1b: Arcanine|Arcanine-Hisui, L50, M|14\/100\n|-ability|p1b: Arcanine|Intimidate|boost\n|-unboost|p2a: Dugtrio|atk|1\n|-boost|p2b: Passimian|atk|1\n|turn|7\n|\n|t:|1700592586\n|move|p2b: Passimian|Protect|p2b: Passimian\n|-singleturn|p2b: Passimian|Protect\n|move|p1a: Rillaboom|Fake Out|p2a: Dugtrio\n|-resisted|p2a: Dugtrio\n|-damage|p2a: Dugtrio|88\/100\n|-ability|p2a: Dugtrio|Tangling Hair\n|-unboost|p1a: Rillaboom|spe|1\n|cant|p2a: Dugtrio|flinch\n|move|p1b: Arcanine|Rock Slide|p2a: Dugtrio|[spread] p2a\n|-activate|p2b: Passimian|move: Protect\n|-resisted|p2a: Dugtrio\n|-damage|p2a: Dugtrio|77\/100\n|\n|-heal|p2a: Dugtrio|83\/100|[from] Grassy Terrain\n|-heal|p2b: Passimian|52\/100|[from] Grassy Terrain\n|-heal|p1b: Arcanine|20\/100|[from] Grassy Terrain\n|-heal|p2b: Passimian|59\/100|[from] item: Leftovers\n|upkeep\n|turn|8\n|\n|t:|1700592609\n|move|p1b: Arcanine|Extreme Speed|p2b: Passimian\n|-damage|p2b: Passimian|50\/100\n|move|p2a: Dugtrio|Charm|p2b: Passimian\n|-boost|p2b: Passimian|atk|2\n|move|p2b: Passimian|Drain Punch|p1b: Arcanine\n|-supereffective|p1b: Arcanine\n|-crit|p1b: Arcanine\n|-damage|p1b: Arcanine|0 fnt\n|-heal|p2b: Passimian|61\/100|[from] drain|[of] p1b: Arcanine\n|faint|p1b: Arcanine\n|move|p1a: Rillaboom|Acrobatics|p2b: Passimian\n|-damage|p2b: Passimian|45\/100\n|\n|-heal|p2a: Dugtrio|89\/100|[from] Grassy Terrain\n|-heal|p2b: Passimian|51\/100|[from] Grassy Terrain\n|-heal|p2b: Passimian|57\/100|[from] item: Leftovers\n|upkeep\n|\n|t:|1700592625\n|switch|p1b: Chien-Pao|Chien-Pao, L50|100\/100\n|-ability|p1b: Chien-Pao|Sword of Ruin\n|turn|9\n|\n|t:|1700592642\n|move|p2b: Passimian|Protect|p2b: Passimian\n|-singleturn|p2b: Passimian|Protect\n|move|p1a: Rillaboom|Grassy Glide|p2a: Dugtrio\n|-damage|p2a: Dugtrio|0 fnt\n|-ability|p2a: Dugtrio|Tangling Hair\n|-unboost|p1a: Rillaboom|spe|1\n|faint|p2a: Dugtrio\n|move|p1b: Chien-Pao|Sacred Sword|p2b: Passimian\n|-activate|p2b: Passimian|move: Protect\n|\n|-heal|p2b: Passimian|63\/100|[from] Grassy Terrain\n|-heal|p2b: Passimian|69\/100|[from] item: Leftovers\n|upkeep\n|turn|10\n|\n|t:|1700592660\n|-terastallize|p1a: Rillaboom|Grass\n|move|p1a: Rillaboom|Grassy Glide|p2b: Passimian\n|-resisted|p2b: Passimian\n|-damage|p2b: Passimian|54\/100\n|move|p1b: Chien-Pao|Sacred Sword|p2b: Passimian\n|-damage|p2b: Passimian|8\/100\n|move|p2b: Passimian|Drain Punch|p1b: Chien-Pao\n|-supereffective|p1b: Chien-Pao\n|-damage|p1b: Chien-Pao|0 fnt\n|-heal|p2b: Passimian|48\/100|[from] drain|[of] p1b: Chien-Pao\n|faint|p1b: Chien-Pao\n|\n|-heal|p2b: Passimian|54\/100|[from] Grassy Terrain\n|-heal|p2b: Passimian|61\/100|[from] item: Leftovers\n|-fieldend|move: Grassy Terrain\n|upkeep\n|turn|11\n|-message|ivan velez forfeited.\n|\n|win|1 Time cp\n|raw|ivan velez's rating: 1231 &rarr; <strong>1204<\/strong><br \/>(-27 for losing)\n|raw|1 Time cp's rating: 1200 &rarr; <strong>1227<\/strong><br \/>(+27 for winning)\n|l|\u2606ivan velez\n","uploadtime":1700592712,"views":8,"p1id":"ivanvelez","p2id":"1timecp","formatid":"gen9vgc2023regulatione","rating":1204,"private":0,"password":""}