{"id":"gen9vgc2023regulatione-1997429891","p1":"mochipupusa","p2":"Kynoto","format":"[Gen 9] VGC 2023 Regulation E","log":"|j|\u2606mochipupusa\n|j|\u2606Kynoto\n|t:|1700803823\n|gametype|doubles\n|player|p1|mochipupusa|collector|1346\n|player|p2|Kynoto|pokemonbreeder|1344\n|teamsize|p1|6\n|teamsize|p2|6\n|gen|9\n|tier|[Gen 9] VGC 2023 Regulation E\n|rated|\n|rule|Species Clause: Limit one of each Pok\u00e9mon\n|rule|Item Clause: Limit one of each item\n|clearpoke\n|poke|p1|Roaring Moon, L50|\n|poke|p1|Milotic, L50, M|\n|poke|p1|Landorus-Therian, L50, M|\n|poke|p1|Flutter Mane, L50|\n|poke|p1|Iron Hands, L50|\n|poke|p1|Ogerpon-Hearthflame, L50, F|\n|poke|p2|Arboliva, L50, F|\n|poke|p2|Ceruledge, L50, M|\n|poke|p2|Milotic, L50, F|\n|poke|p2|Iron Hands, L50|\n|poke|p2|Cresselia, L50, F|\n|poke|p2|Roaring Moon, L50|\n|teampreview|4\nmochipupusa has agreed to open team sheets.\n|\n|t:|1700803866\n|start\n|switch|p1a: Roaring Moon|Roaring Moon, L50|100\/100\n|switch|p1b: Iron Hands|Iron Hands, L50, shiny|100\/100\n|switch|p2a: Roaring Moon|Roaring Moon, L50, shiny|100\/100\n|switch|p2b: Milotic|Milotic, L50, F, shiny|100\/100\n|-enditem|p2a: Roaring Moon|Booster Energy\n|-activate|p2a: Roaring Moon|ability: Protosynthesis|[fromitem]\n|-start|p2a: Roaring Moon|protosynthesisspe\n|-enditem|p1a: Roaring Moon|Booster Energy\n|-activate|p1a: Roaring Moon|ability: Protosynthesis|[fromitem]\n|-start|p1a: Roaring Moon|protosynthesisatk\n|turn|1\n|\n|t:|1700803899\n|move|p2a: Roaring Moon|Protect|p2a: Roaring Moon\n|-singleturn|p2a: Roaring Moon|Protect\n|move|p1b: Iron Hands|Fake Out|p2a: Roaring Moon\n|-activate|p2a: Roaring Moon|move: Protect\n|move|p1a: Roaring Moon|Tailwind|p1a: Roaring Moon\n|-sidestart|p1: mochipupusa|move: Tailwind\n|move|p2b: Milotic|Icy Wind|p1b: Iron Hands|[spread] p1a,p1b\n|-supereffective|p1a: Roaring Moon\n|-damage|p1a: Roaring Moon|83\/100\n|-damage|p1b: Iron Hands|95\/100\n|-unboost|p1a: Roaring Moon|spe|1\n|-unboost|p1b: Iron Hands|spe|1\n|\n|upkeep\n|turn|2\n|inactive|Battle timer is ON: inactive players will automatically lose when time's up. (requested by mochipupusa)\n|\n|t:|1700803955\n|switch|p2b: Iron Hands|Iron Hands, L50, shiny|100\/100\n|-terastallize|p2a: Roaring Moon|Flying\n|move|p2a: Roaring Moon|Acrobatics|p1a: Roaring Moon\n|-damage|p1a: Roaring Moon|16\/100\n|move|p1a: Roaring Moon|Acrobatics|p2a: Roaring Moon\n|-damage|p2a: Roaring Moon|33\/100\n|move|p1b: Iron Hands|Drain Punch|p2a: Roaring Moon\n|-resisted|p2a: Roaring Moon\n|-damage|p2a: Roaring Moon|8\/100\n|-heal|p1b: Iron Hands|100\/100|[from] drain|[of] p2a: Roaring Moon\n|\n|upkeep\n|turn|3\n|inactive|Kynoto has 30 seconds left.\n|inactive|Kynoto has 20 seconds left.\n|inactive|mochipupusa has 30 seconds left.\n|inactive|Kynoto has 15 seconds left.\n|inactive|Kynoto has 10 seconds left.\n|inactive|Kynoto has 5 seconds left.\n|\n|t:|1700804007\n|-end|p1a: Roaring Moon|Protosynthesis|[silent]\n|switch|p1a: Flutter Mane|Flutter Mane, L50|100\/100\n|move|p2a: Roaring Moon|Knock Off|p1a: Flutter Mane\n|-damage|p1a: Flutter Mane|24\/100\n|-enditem|p1a: Flutter Mane|Fairy Feather|[from] move: Knock Off|[of] p2a: Roaring Moon\n|move|p1b: Iron Hands|Drain Punch|p2a: Roaring Moon\n|-resisted|p2a: Roaring Moon\n|-damage|p2a: Roaring Moon|0 fnt\n|faint|p2a: Roaring Moon\n|-end|p2a: Roaring Moon|Protosynthesis|[silent]\n|move|p2b: Iron Hands|Drain Punch|p1b: Iron Hands\n|-damage|p1b: Iron Hands|70\/100\n|\n|upkeep\n|inactive|Kynoto has 30 seconds left.\n|inactive|Kynoto has 20 seconds left.\n|inactive|Kynoto has 15 seconds left.\n|\n|t:|1700804050\n|switch|p2a: Cresselia|Cresselia, L50, F, shiny|100\/100\n|turn|4\n|inactive|mochipupusa has 30 seconds left.\n|\n|t:|1700804083\n|move|p1a: Flutter Mane|Moonblast|p2b: Iron Hands\n|-supereffective|p2b: Iron Hands\n|-damage|p2b: Iron Hands|50\/100\n|-unboost|p2b: Iron Hands|spa|1\n|move|p1b: Iron Hands|Drain Punch|p2b: Iron Hands\n|-damage|p2b: Iron Hands|22\/100\n|-heal|p1b: Iron Hands|84\/100|[from] drain|[of] p2b: Iron Hands\n|move|p2b: Iron Hands|Thunder Punch|p1a: Flutter Mane\n|-damage|p1a: Flutter Mane|0 fnt\n|faint|p1a: Flutter Mane\n|-end|p1a: Flutter Mane|Protosynthesis|[silent]\n|move|p2a: Cresselia|Trick Room|p2a: Cresselia\n|-fieldstart|move: Trick Room|[of] p2a: Cresselia\n|\n|-sideend|p1: mochipupusa|move: Tailwind\n|upkeep\n|\n|t:|1700804105\n|switch|p1a: Ogerpon|Ogerpon-Hearthflame, L50, F|100\/100\n|-ability|p1a: Ogerpon|Mold Breaker\n|turn|5\n|\n|t:|1700804115\n|move|p2a: Cresselia|Helping Hand|p2b: Iron Hands\n|-singleturn|p2b: Iron Hands|Helping Hand|[of] p2a: Cresselia\n|move|p1a: Ogerpon|Follow Me|p1a: Ogerpon\n|-singleturn|p1a: Ogerpon|move: Follow Me\n|move|p1b: Iron Hands|Drain Punch|p2b: Iron Hands\n|-damage|p2b: Iron Hands|0 fnt\n|-heal|p1b: Iron Hands|95\/100|[from] drain|[of] p2b: Iron Hands\n|faint|p2b: Iron Hands\n|-end|p2b: Iron Hands|Quark Drive|[silent]\n|\n|upkeep\n|\n|t:|1700804124\n|switch|p2b: Milotic|Milotic, L50, F, shiny|100\/100\n|turn|6\n|\n|t:|1700804141\n|move|p2a: Cresselia|Helping Hand|p2b: Milotic\n|-singleturn|p2b: Milotic|Helping Hand|[of] p2a: Cresselia\n|move|p1a: Ogerpon|Spiky Shield|p1a: Ogerpon\n|-singleturn|p1a: Ogerpon|move: Protect\n|move|p1b: Iron Hands|Wild Charge|p2b: Milotic\n|-supereffective|p2b: Milotic\n|-crit|p2b: Milotic\n|-damage|p2b: Milotic|0 fnt\n|faint|p2b: Milotic\n|-damage|p1b: Iron Hands|74\/100|[from] Recoil\n|\n|upkeep\n|turn|7\n|-message|Kynoto forfeited.\n|\n|win|mochipupusa\n|raw|mochipupusa's rating: 1346 &rarr; <strong>1366<\/strong><br \/>(+20 for winning)\n|raw|Kynoto's rating: 1344 &rarr; <strong>1324<\/strong><br \/>(-20 for losing)\n|l|\u2606Kynoto\n","uploadtime":1700804158,"views":7,"p1id":"mochipupusa","p2id":"kynoto","formatid":"gen9vgc2023regulatione","rating":1324,"private":0,"password":""}