{"id":"gen9vgc2023regulatione-1998280667","p1":"Willipino","p2":"Zakmancho","format":"[Gen 9] VGC 2023 Regulation E","log":"|j|\u2606Willipino\n|j|\u2606Zakmancho\n|t:|1700924087\n|gametype|doubles\n|player|p1|Willipino|2|1426\n|player|p2|Zakmancho|102|1464\n|teamsize|p1|6\n|teamsize|p2|6\n|gen|9\n|tier|[Gen 9] VGC 2023 Regulation E\n|rated|\n|rule|Species Clause: Limit one of each Pok\u00e9mon\n|rule|Item Clause: Limit one of each item\n|clearpoke\n|poke|p1|Tornadus, L50, M|\n|poke|p1|Heatran, L50, M|\n|poke|p1|Farigiraf, L50, F|\n|poke|p1|Rillaboom, L50, M|\n|poke|p1|Iron Bundle, L50|\n|poke|p1|Urshifu-*, L50, M|\n|poke|p2|Tyranitar, L50, F|\n|poke|p2|Ogerpon-Wellspring, L50, F|\n|poke|p2|Ursaluna-Bloodmoon, L50, M|\n|poke|p2|Rillaboom, L50, M|\n|poke|p2|Urshifu-*, L50, F|\n|poke|p2|Flutter Mane, L50|\n|teampreview|4\n|inactive|Battle timer is ON: inactive players will automatically lose when time's up. (requested by Zakmancho)\n|inactive|Zakmancho has 60 seconds left.\n|\n|t:|1700924122\n|start\n|switch|p1a: Tornadus|Tornadus, L50, M|100\/100\n|switch|p1b: Heatran|Heatran, L50, M|100\/100\n|switch|p2a: Rillaboom|Rillaboom, L50, M|100\/100\n|switch|p2b: Flutter Mane|Flutter Mane, L50|100\/100\n|-fieldstart|move: Grassy Terrain|[from] ability: Grassy Surge|[of] p2a: Rillaboom\n|-enditem|p2b: Flutter Mane|Booster Energy\n|-activate|p2b: Flutter Mane|ability: Protosynthesis|[fromitem]\n|-start|p2b: Flutter Mane|protosynthesisspa\n|turn|1\n|\n|t:|1700924138\n|-terastallize|p1b: Heatran|Fairy\n|move|p1a: Tornadus|Tailwind|p1a: Tornadus\n|-sidestart|p1: Willipino|move: Tailwind\n|move|p1b: Heatran|Heat Wave|p2a: Rillaboom|[spread] p2a,p2b\n|-supereffective|p2a: Rillaboom\n|-crit|p2a: Rillaboom\n|-damage|p2a: Rillaboom|0 fnt\n|-damage|p2b: Flutter Mane|47\/100\n|-status|p2b: Flutter Mane|brn\n|faint|p2a: Rillaboom\n|-damage|p1b: Heatran|90\/100|[from] item: Life Orb\n|move|p2b: Flutter Mane|Dazzling Gleam|p1a: Tornadus|[spread] p1a,p1b\n|-damage|p1a: Tornadus|55\/100\n|-damage|p1b: Heatran|46\/100\n|\n|-heal|p1b: Heatran|52\/100|[from] Grassy Terrain\n|-heal|p2b: Flutter Mane|53\/100 brn|[from] Grassy Terrain\n|-damage|p2b: Flutter Mane|47\/100 brn|[from] brn\n|upkeep\n|inactive|Zakmancho has 30 seconds left.\n|\n|t:|1700924166\n|switch|p2a: Ursaluna|Ursaluna-Bloodmoon, L50, M|100\/100\n|turn|2\n|\n|t:|1700924184\n|move|p2b: Flutter Mane|Protect|p2b: Flutter Mane\n|-singleturn|p2b: Flutter Mane|Protect\n|move|p1a: Tornadus|Sunny Day|p1a: Tornadus\n|-weather|SunnyDay\n|move|p1b: Heatran|Heat Wave|p2b: Flutter Mane|[spread] p2a\n|-activate|p2b: Flutter Mane|move: Protect\n|-damage|p2a: Ursaluna|33\/100\n|-damage|p1b: Heatran|42\/100|[from] item: Life Orb\n|move|p2a: Ursaluna|Calm Mind|p2a: Ursaluna\n|-boost|p2a: Ursaluna|spa|1\n|-boost|p2a: Ursaluna|spd|1\n|\n|-weather|SunnyDay|[upkeep]\n|-heal|p1b: Heatran|48\/100|[from] Grassy Terrain\n|-heal|p2b: Flutter Mane|53\/100 brn|[from] Grassy Terrain\n|-heal|p2a: Ursaluna|39\/100|[from] Grassy Terrain\n|-heal|p2a: Ursaluna|45\/100|[from] item: Leftovers\n|-damage|p2b: Flutter Mane|47\/100 brn|[from] brn\n|upkeep\n|turn|3\n|\n|t:|1700924208\n|-end|p2b: Flutter Mane|Protosynthesis|[silent]\n|switch|p2b: Tyranitar|Tyranitar, L50, F|100\/100\n|-weather|Sandstorm|[from] ability: Sand Stream|[of] p2b: Tyranitar\n|move|p1a: Tornadus|Bleakwind Storm|p2b: Tyranitar|[spread] p2b\n|-miss|p1a: Tornadus|p2a: Ursaluna\n|-resisted|p2b: Tyranitar\n|-crit|p2b: Tyranitar\n|-damage|p2b: Tyranitar|89\/100\n|move|p1b: Heatran|Heat Wave|p2a: Ursaluna|[spread] p2a,p2b\n|-resisted|p2b: Tyranitar\n|-damage|p2a: Ursaluna|13\/100\n|-damage|p2b: Tyranitar|76\/100\n|-damage|p1b: Heatran|38\/100|[from] item: Life Orb\n|move|p2a: Ursaluna|Hyper Voice|p1b: Heatran|[spread] p1a,p1b\n|-damage|p1a: Tornadus|6\/100\n|-damage|p1b: Heatran|0 fnt\n|faint|p1b: Heatran\n|\n|-weather|Sandstorm|[upkeep]\n|-damage|p1a: Tornadus|0 fnt|[from] Sandstorm\n|faint|p1a: Tornadus\n|-heal|p2b: Tyranitar|82\/100|[from] Grassy Terrain\n|-heal|p2a: Ursaluna|19\/100|[from] Grassy Terrain\n|-heal|p2a: Ursaluna|25\/100|[from] item: Leftovers\n|upkeep\n|\n|t:|1700924220\n|switch|p1a: Rillaboom|Rillaboom, L50, M|100\/100\n|switch|p1b: Urshifu|Urshifu, L50, M|100\/100\n|turn|4\n|\n|t:|1700924244\n|switch|p2b: Flutter Mane|Flutter Mane, L50|47\/100 brn\n|move|p1a: Rillaboom|Grassy Glide|p2a: Ursaluna\n|-supereffective|p2a: Ursaluna\n|-damage|p2a: Ursaluna|0 fnt\n|faint|p2a: Ursaluna\n|move|p1b: Urshifu|Close Combat|p2b: Flutter Mane\n|-immune|p2b: Flutter Mane\n|\n|-weather|Sandstorm|[upkeep]\n|-damage|p1b: Urshifu|95\/100|[from] Sandstorm\n|-damage|p1a: Rillaboom|95\/100|[from] Sandstorm\n|-damage|p2b: Flutter Mane|41\/100 brn|[from] Sandstorm\n|-heal|p1b: Urshifu|100\/100|[from] Grassy Terrain\n|-heal|p1a: Rillaboom|100\/100|[from] Grassy Terrain\n|-heal|p2b: Flutter Mane|47\/100 brn|[from] Grassy Terrain\n|-damage|p2b: Flutter Mane|41\/100 brn|[from] brn\n|-sideend|p1: Willipino|move: Tailwind\n|upkeep\n|\n|t:|1700924253\n|switch|p2a: Tyranitar|Tyranitar, L50, F|82\/100\n|turn|5\n|\n|t:|1700924271\n|-terastallize|p2a: Tyranitar|Flying\n|move|p2b: Flutter Mane|Protect|p2b: Flutter Mane\n|-singleturn|p2b: Flutter Mane|Protect\n|move|p1a: Rillaboom|Grassy Glide|p2b: Flutter Mane\n|-activate|p2b: Flutter Mane|move: Protect\n|move|p1b: Urshifu|Close Combat|p2a: Tyranitar\n|-resisted|p2a: Tyranitar\n|-damage|p2a: Tyranitar|53\/100\n|-unboost|p1b: Urshifu|def|1\n|-unboost|p1b: Urshifu|spd|1\n|move|p2a: Tyranitar|Tera Blast|p1a: Rillaboom|[anim] Tera Blast Flying\n|-supereffective|p1a: Rillaboom\n|-damage|p1a: Rillaboom|16\/100\n|\n|-weather|Sandstorm|[upkeep]\n|-damage|p1b: Urshifu|95\/100|[from] Sandstorm\n|-damage|p2b: Flutter Mane|35\/100 brn|[from] Sandstorm\n|-damage|p1a: Rillaboom|10\/100|[from] Sandstorm\n|-damage|p2a: Tyranitar|47\/100|[from] Sandstorm\n|-heal|p1b: Urshifu|100\/100|[from] Grassy Terrain\n|-heal|p2b: Flutter Mane|41\/100 brn|[from] Grassy Terrain\n|-heal|p1a: Rillaboom|16\/100|[from] Grassy Terrain\n|-damage|p2b: Flutter Mane|35\/100 brn|[from] brn\n|-fieldend|move: Grassy Terrain\n|upkeep\n|turn|6\n|inactive|Zakmancho has 30 seconds left.\n|\n|t:|1700924301\n|move|p1b: Urshifu|Close Combat|p2a: Tyranitar\n|-resisted|p2a: Tyranitar\n|-damage|p2a: Tyranitar|14\/100\n|-unboost|p1b: Urshifu|def|1\n|-unboost|p1b: Urshifu|spd|1\n|move|p2b: Flutter Mane|Dazzling Gleam|p1a: Rillaboom|[spread] p1a,p1b\n|-supereffective|p1b: Urshifu\n|-damage|p1a: Rillaboom|0 fnt\n|-damage|p1b: Urshifu|0 fnt\n|faint|p1a: Rillaboom\n|faint|p1b: Urshifu\n|\n|win|Zakmancho\n|raw|Willipino's rating: 1426 &rarr; <strong>1408<\/strong><br \/>(-18 for losing)\n|raw|Zakmancho's rating: 1464 &rarr; <strong>1482<\/strong><br \/>(+18 for winning)\n","uploadtime":1700924317,"views":15,"p1id":"willipino","p2id":"zakmancho","formatid":"gen9vgc2023regulatione","rating":1408,"private":0,"password":""}