{"id":"gen9vgc2023regulatione-1993741205","p1":"PunkRockObstagoon","p2":"BlindMagneton","format":"[Gen 9] VGC 2023 Regulation E","log":"|j|\u2606PunkRockObstagoon\n|j|\u2606BlindMagneton\n|t:|1700351724\n|gametype|doubles\n|player|p1|PunkRockObstagoon|bruno|1414\n|player|p2|BlindMagneton|wattson|1424\n|teamsize|p1|6\n|teamsize|p2|6\n|gen|9\n|tier|[Gen 9] VGC 2023 Regulation E\n|rated|\n|rule|Species Clause: Limit one of each Pok\u00e9mon\n|rule|Item Clause: Limit one of each item\n|clearpoke\n|poke|p1|Spinarak, L50, M|\n|poke|p1|Tatsugiri-Droopy, L50, M|\n|poke|p1|Gallade, L50, M|\n|poke|p1|Heatran, L50, F|\n|poke|p1|Lurantis, L50, F|\n|poke|p1|Farigiraf, L50, F|\n|poke|p2|Mandibuzz, L50, F|\n|poke|p2|Ninetales-Alola, L50, F|\n|poke|p2|Iron Hands, L50|\n|poke|p2|Flamigo, L50, M|\n|poke|p2|Farigiraf, L50, M|\n|poke|p2|Hydreigon, L50, F|\n|teampreview|4\n|inactive|Battle timer is ON: inactive players will automatically lose when time's up. (requested by PunkRockObstagoon)\n|inactive|PunkRockObstagoon has 60 seconds left.\n|inactive|BlindMagneton has 60 seconds left.\n|\n|t:|1700351777\n|start\n|switch|p1a: Spinarak|Spinarak, L50, M, shiny|100\/100\n|switch|p1b: Farigiraf|Farigiraf, L50, F|100\/100\n|switch|p2a: Ninetales|Ninetales-Alola, L50, F|100\/100\n|switch|p2b: Mandibuzz|Mandibuzz, L50, F|100\/100\n|-weather|Snow|[from] ability: Snow Warning|[of] p2a: Ninetales\n|turn|1\n|\n|t:|1700351786\n|move|p1a: Spinarak|Rage Powder|p1a: Spinarak\n|-singleturn|p1a: Spinarak|move: Rage Powder\n|move|p2a: Ninetales|Ice Shard||[still]\n|cant|p1b: Farigiraf|ability: Armor Tail|Ice Shard|[of] p2a: Ninetales\n|move|p2b: Mandibuzz|Lash Out|p1a: Spinarak\n|-damage|p1a: Spinarak|73\/100\n|move|p1b: Farigiraf|Trick Room|p1b: Farigiraf\n|-fieldstart|move: Trick Room|[of] p1b: Farigiraf\n|\n|-weather|Snow|[upkeep]\n|upkeep\n|turn|2\n|inactive|BlindMagneton has 30 seconds left.\n|inactive|BlindMagneton has 20 seconds left.\n|\n|t:|1700351822\n|move|p2b: Mandibuzz|Protect|p2b: Mandibuzz\n|-singleturn|p2b: Mandibuzz|Protect\n|move|p1a: Spinarak|Acid Spray|p2a: Ninetales\n|-supereffective|p2a: Ninetales\n|-crit|p2a: Ninetales\n|-damage|p2a: Ninetales|75\/100\n|-unboost|p2a: Ninetales|spd|2\n|move|p1b: Farigiraf|Psychic|p2a: Ninetales\n|-damage|p2a: Ninetales|0 fnt\n|faint|p2a: Ninetales\n|\n|-weather|Snow|[upkeep]\n|upkeep\n|\n|t:|1700351840\n|switch|p2a: Flamigo|Flamigo, L50, M|100\/100\n|-copyboost|p2a: Flamigo|p2b: Mandibuzz|[from] ability: Costar\n|turn|3\n|\n|t:|1700351856\n|-terastallize|p2a: Flamigo|Steel\n|move|p1a: Spinarak|Acid Spray|p2b: Mandibuzz\n|-damage|p2b: Mandibuzz|93\/100\n|-unboost|p2b: Mandibuzz|spd|2\n|move|p1b: Farigiraf|Hyper Voice|p2a: Flamigo|[spread] p2a,p2b\n|-resisted|p2a: Flamigo\n|-crit|p2b: Mandibuzz\n|-damage|p2a: Flamigo|74\/100\n|-damage|p2b: Mandibuzz|0 fnt\n|faint|p2b: Mandibuzz\n|move|p2a: Flamigo|Brave Bird|p1a: Spinarak\n|-supereffective|p1a: Spinarak\n|-damage|p1a: Spinarak|0 fnt\n|faint|p1a: Spinarak\n|-damage|p2a: Flamigo|52\/100|[from] Recoil\n|\n|-weather|Snow|[upkeep]\n|upkeep\n|\n|t:|1700351864\n|switch|p1a: Lurantis|Lurantis, L50, F|100\/100\n|switch|p2b: Hydreigon|Hydreigon, L50, F|100\/100\n|turn|4\n|inactive|BlindMagneton has 30 seconds left.\n|\n|t:|1700351895\n|move|p2a: Flamigo|Protect|p2a: Flamigo\n|-singleturn|p2a: Flamigo|Protect\n|move|p1a: Lurantis|Superpower|p2a: Flamigo\n|-activate|p2a: Flamigo|move: Protect\n|move|p1b: Farigiraf|Low Kick|p2b: Hydreigon\n|-supereffective|p2b: Hydreigon\n|-damage|p2b: Hydreigon|48\/100\n|move|p2b: Hydreigon|Draco Meteor|p1a: Lurantis|[miss]\n|-miss|p2b: Hydreigon|p1a: Lurantis\n|\n|-weather|Snow|[upkeep]\n|upkeep\n|turn|5\n|-message|BlindMagneton forfeited.\n|\n|win|PunkRockObstagoon\n|raw|PunkRockObstagoon's rating: 1435 &rarr; <strong>1454<\/strong><br \/>(+19 for winning)\n|raw|BlindMagneton's rating: 1424 &rarr; <strong>1405<\/strong><br \/>(-19 for losing)\n|l|\u2606BlindMagneton\n","uploadtime":1700351908,"views":18,"p1id":"punkrockobstagoon","p2id":"blindmagneton","formatid":"gen9vgc2023regulatione","rating":1405,"private":0,"password":""}