{"id":"gen9vgc2023regulatione-1990976556","p1":"KingOfGreed64","p2":"bobforte22","format":"[Gen 9] VGC 2023 Regulation E","log":"|j|\u2606KingOfGreed64\n|j|\u2606bobforte22\n|t:|1700022237\n|gametype|doubles\n|player|p1|KingOfGreed64|guzma|1346\n|player|p2|bobforte22|pilot|1244\n|teamsize|p1|6\n|teamsize|p2|6\n|gen|9\n|tier|[Gen 9] VGC 2023 Regulation E\n|rated|\n|rule|Species Clause: Limit one of each Pok\u00e9mon\n|rule|Item Clause: Limit one of each item\n|clearpoke\n|poke|p1|Tropius, L50, F|\n|poke|p1|Torkoal, L50, M|\n|poke|p1|Grimmsnarl, L50, M|\n|poke|p1|Glimmora, L50, M|\n|poke|p1|Flutter Mane, L50|\n|poke|p1|Roaring Moon, L50|\n|poke|p2|Chi-Yu, L50|\n|poke|p2|Jolteon, L50, F|\n|poke|p2|Iron Hands, L50|\n|poke|p2|Iron Bundle, L50|\n|poke|p2|Arcanine, L50, F|\n|poke|p2|Garchomp, L50, F|\n|teampreview|4\n|\n|t:|1700022275\n|start\n|switch|p1a: a|Glimmora, L50, M|100\/100\n|switch|p1b: Lorccan|Grimmsnarl, L50, M, shiny|100\/100\n|switch|p2a: Chi-Yu|Chi-Yu, L50|100\/100\n|switch|p2b: Jolteon|Jolteon, L50, F|100\/100\n|-ability|p2a: Chi-Yu|Beads of Ruin\n|turn|1\n|inactive|Battle timer is ON: inactive players will automatically lose when time's up. (requested by bobforte22)\n|\n|t:|1700022295\n|move|p1b: Lorccan|Light Screen|p1b: Lorccan\n|-sidestart|p1: KingOfGreed64|move: Light Screen\n|move|p2b: Jolteon|Light Screen|p2b: Jolteon\n|-sidestart|p2: bobforte22|move: Light Screen\n|move|p2a: Chi-Yu|Heat Wave|p1a: a|[spread] p1a,p1b\n|-resisted|p1a: a\n|-damage|p1a: a|79\/100\n|-damage|p1b: Lorccan|55\/100\n|move|p1a: a|Mortal Spin|p2a: Chi-Yu|[spread] p2a,p2b\n|-damage|p2a: Chi-Yu|94\/100\n|-damage|p2b: Jolteon|95\/100\n|-status|p2a: Chi-Yu|psn\n|-status|p2b: Jolteon|psn\n|\n|-damage|p2b: Jolteon|82\/100 psn|[from] psn\n|-damage|p2a: Chi-Yu|82\/100 psn|[from] psn\n|upkeep\n|turn|2\n|\n|t:|1700022312\n|move|p2b: Jolteon|Fake Tears|p1a: a\n|-unboost|p1a: a|spd|2\n|move|p2a: Chi-Yu|Heat Wave|p1b: Lorccan|[spread] p1a\n|-miss|p2a: Chi-Yu|p1b: Lorccan\n|-resisted|p1a: a\n|-damage|p1a: a|33\/100\n|move|p1a: a|Power Gem|p2a: Chi-Yu\n|-supereffective|p2a: Chi-Yu\n|-damage|p2a: Chi-Yu|24\/100 psn\n|move|p1b: Lorccan|Spirit Break|p2b: Jolteon\n|-damage|p2b: Jolteon|38\/100 psn\n|-unboost|p2b: Jolteon|spa|1\n|\n|-damage|p2b: Jolteon|26\/100 psn|[from] psn\n|-damage|p2a: Chi-Yu|12\/100 psn|[from] psn\n|upkeep\n|turn|3\n|\n|t:|1700022332\n|move|p1b: Lorccan|Reflect|p1b: Lorccan\n|-sidestart|p1: KingOfGreed64|Reflect\n|move|p2b: Jolteon|Thunderbolt|p1b: Lorccan\n|-damage|p1b: Lorccan|30\/100\n|-damage|p2b: Jolteon|16\/100 psn|[from] item: Life Orb\n|move|p2a: Chi-Yu|Heat Wave|p1b: Lorccan|[spread] p1a,p1b\n|-resisted|p1a: a\n|-damage|p1a: a|0 fnt\n|-damage|p1b: Lorccan|0 fnt\n|faint|p1a: a\n|faint|p1b: Lorccan\n|\n|-damage|p2b: Jolteon|4\/100 psn|[from] psn\n|-damage|p2a: Chi-Yu|0 fnt|[from] psn\n|faint|p2a: Chi-Yu\n|upkeep\n|\n|t:|1700022347\n|switch|p2a: Iron Hands|Iron Hands, L50|100\/100\n|switch|p1a: LA|Torkoal, L50, M, shiny|100\/100\n|switch|p1b: banana|Tropius, L50, F, shiny|100\/100\n|-weather|SunnyDay|[from] ability: Drought|[of] p1a: LA\n|turn|4\n|inactive|bobforte22 has 30 seconds left.\n|\n|t:|1700022374\n|move|p1b: banana|Protect|p1b: banana\n|-singleturn|p1b: banana|Protect\n|move|p1a: LA|Protect|p1a: LA\n|-singleturn|p1a: LA|Protect\n|move|p2b: Jolteon|Thunderbolt|p1a: LA\n|-activate|p1a: LA|move: Protect\n|move|p2a: Iron Hands|Drain Punch|p1a: LA\n|-activate|p1a: LA|move: Protect\n|\n|-weather|SunnyDay|[upkeep]\n|-damage|p2b: Jolteon|0 fnt|[from] psn\n|faint|p2b: Jolteon\n|upkeep\n|\n|t:|1700022378\n|switch|p2b: Garchomp|Garchomp, L50, F|100\/100\n|turn|5\n|\n|t:|1700022391\n|move|p2b: Garchomp|Stomping Tantrum|p1a: LA\n|-supereffective|p1a: LA\n|-damage|p1a: LA|62\/100\n|move|p1b: banana|Substitute|p1b: banana\n|-start|p1b: banana|Substitute\n|-damage|p1b: banana|75\/100\n|move|p2a: Iron Hands|Drain Punch|p1a: LA\n|-damage|p1a: LA|38\/100\n|move|p1a: LA|Yawn|p2b: Garchomp\n|-start|p2b: Garchomp|move: Yawn|[of] p1a: LA\n|\n|-weather|SunnyDay|[upkeep]\n|-heal|p1a: LA|44\/100|[from] item: Leftovers\n|-sideend|p2: bobforte22|move: Light Screen\n|upkeep\n|turn|6\n|inactive|bobforte22 has 30 seconds left.\n|\n|t:|1700022421\n|move|p1a: LA|Protect|p1a: LA\n|-singleturn|p1a: LA|Protect\n|move|p2b: Garchomp|Swords Dance|p2b: Garchomp\n|-boost|p2b: Garchomp|atk|2\n|move|p1b: banana|Leech Seed|p2b: Garchomp\n|-start|p2b: Garchomp|move: Leech Seed\n|move|p2a: Iron Hands|Wild Charge|p1b: banana\n|-activate|p1b: banana|move: Substitute|[damage]\n|-damage|p2a: Iron Hands|95\/100|[from] Recoil|[of] p1b: banana\n|\n|-weather|SunnyDay|[upkeep]\n|-heal|p1a: LA|50\/100|[from] item: Leftovers\n|-damage|p2b: Garchomp|88\/100|[from] Leech Seed|[of] p1b: banana\n|-heal|p1b: banana|87\/100|[silent]\n|-end|p2b: Garchomp|move: Yawn|[silent]\n|-status|p2b: Garchomp|slp\n|upkeep\n|turn|7\n|inactive|bobforte22 has 30 seconds left.\n|\n|t:|1700022453\n|cant|p2b: Garchomp|slp\n|move|p1b: banana|Leech Seed|p2a: Iron Hands\n|-start|p2a: Iron Hands|move: Leech Seed\n|move|p2a: Iron Hands|Drain Punch|p1a: LA\n|-crit|p1a: LA\n|-damage|p1a: LA|0 fnt\n|-heal|p2a: Iron Hands|100\/100|[from] drain|[of] p1a: LA\n|faint|p1a: LA\n|\n|-weather|SunnyDay|[upkeep]\n|-damage|p2b: Garchomp|76\/100 slp|[from] Leech Seed|[of] p1b: banana\n|-heal|p1b: banana|99\/100|[silent]\n|-damage|p2a: Iron Hands|88\/100|[from] Leech Seed|[of] p1b: banana\n|-heal|p1b: banana|100\/100|[silent]\n|upkeep\n|turn|8\n|\n|t:|1700022472\n|-terastallize|p2b: Garchomp|Ice\n|cant|p2b: Garchomp|slp\n|move|p1b: banana|Air Cutter|p2a: Iron Hands|[spread] p2a,p2b\n|-damage|p2a: Iron Hands|82\/100\n|-damage|p2b: Garchomp|63\/100 slp\n|move|p2a: Iron Hands|Wild Charge|p1b: banana\n|-crit|p1b: banana\n|-end|p1b: banana|Substitute\n|-damage|p2a: Iron Hands|82\/100|[from] Recoil|[of] p1b: banana\n|\n|-weather|none\n|-damage|p2b: Garchomp|51\/100 slp|[from] Leech Seed|[of] p1b: banana\n|-damage|p2a: Iron Hands|69\/100|[from] Leech Seed|[of] p1b: banana\n|-sideend|p1: KingOfGreed64|move: Light Screen\n|upkeep\n|turn|9\n|\n|t:|1700022481\n|-terastallize|p1b: banana|Fire\n|-curestatus|p2b: Garchomp|slp|[msg]\n|move|p2b: Garchomp|Tera Blast|p1b: banana|[anim] Tera Blast Ice\n|-resisted|p1b: banana\n|-damage|p1b: banana|79\/100\n|move|p1b: banana|Substitute|p1b: banana\n|-start|p1b: banana|Substitute\n|-damage|p1b: banana|54\/100\n|move|p2a: Iron Hands|Wild Charge|p1b: banana\n|-end|p1b: banana|Substitute\n|-damage|p2a: Iron Hands|64\/100|[from] Recoil|[of] p1b: banana\n|\n|-damage|p2b: Garchomp|38\/100|[from] Leech Seed|[of] p1b: banana\n|-heal|p1b: banana|66\/100|[silent]\n|-damage|p2a: Iron Hands|52\/100|[from] Leech Seed|[of] p1b: banana\n|-heal|p1b: banana|81\/100|[silent]\n|upkeep\n|turn|10\n|\n|t:|1700022494\n|move|p1b: banana|Protect|p1b: banana\n|-singleturn|p1b: banana|Protect\n|move|p2b: Garchomp|Stomping Tantrum|p1b: banana\n|-activate|p1b: banana|move: Protect\n|move|p2a: Iron Hands|Drain Punch|p1b: banana\n|-activate|p1b: banana|move: Protect\n|\n|-damage|p2b: Garchomp|26\/100|[from] Leech Seed|[of] p1b: banana\n|-heal|p1b: banana|93\/100|[silent]\n|-damage|p2a: Iron Hands|39\/100|[from] Leech Seed|[of] p1b: banana\n|-heal|p1b: banana|100\/100|[silent]\n|-sideend|p1: KingOfGreed64|Reflect\n|upkeep\n|turn|11\n|\n|t:|1700022503\n|move|p2b: Garchomp|Stomping Tantrum|p1b: banana\n|-supereffective|p1b: banana\n|-damage|p1b: banana|0 fnt\n|faint|p1b: banana\n|\n|win|bobforte22\n|raw|KingOfGreed64's rating: 1346 &rarr; <strong>1320<\/strong><br \/>(-26 for losing)\n|raw|bobforte22's rating: 1244 &rarr; <strong>1276<\/strong><br \/>(+32 for winning)\n|c|\u2606KingOfGreed64|gg\n|l|\u2606KingOfGreed64\n","uploadtime":1700022509,"views":9,"p1id":"kingofgreed64","p2id":"bobforte22","formatid":"gen9vgc2023regulatione","rating":1276,"private":0,"password":""}