{"id":"gen9vgc2023regulatione-1992539865","p1":"TyL8","p2":"scarred22","format":"[Gen 9] VGC 2023 Regulation E","log":"|j|\u2606TyL8\n|j|\u2606scarred22\n|t:|1700202124\n|gametype|doubles\n|player|p1|TyL8|dawn|1459\n|player|p2|scarred22|lass-gen4dp|1428\n|teamsize|p1|6\n|teamsize|p2|6\n|gen|9\n|tier|[Gen 9] VGC 2023 Regulation E\n|rated|\n|rule|Species Clause: Limit one of each Pok\u00e9mon\n|rule|Item Clause: Limit one of each item\n|clearpoke\n|poke|p1|Goodra-Hisui, L50, M|\n|poke|p1|Arcanine-Hisui, L50, M|\n|poke|p1|Amoonguss, L50, F|\n|poke|p1|Tyranitar, L50, M|\n|poke|p1|Dusclops, L50, F|\n|poke|p1|Dragonite, L50, M|\n|poke|p2|Iron Hands, L50|\n|poke|p2|Urshifu-*, L50, M|\n|poke|p2|Heatran, L50, F|\n|poke|p2|Enamorus, L50, F|\n|poke|p2|Amoonguss, L50, M|\n|poke|p2|Thundurus, L50, M|\n|teampreview|4\n|inactive|Battle timer is ON: inactive players will automatically lose when time's up. (requested by scarred22)\n|inactive|TyL8 also wants the timer to be on.\n|inactive|TyL8 has 60 seconds left.\n|inactive|scarred22 has 60 seconds left.\n|inactive|scarred22 has 30 seconds left.\n|inactive|scarred22 has 20 seconds left.\n|\n|t:|1700202195\n|start\n|switch|p1a: Big Sus Impostor|Amoonguss, L50, F, shiny|100\/100\n|switch|p1b: Big Slug|Goodra-Hisui, L50, M, shiny|100\/100\n|switch|p2a: Urshifu|Urshifu, L50, M|100\/100\n|switch|p2b: Heatran|Heatran, L50, F|100\/100\n|turn|1\n|\n|t:|1700202217\n|-terastallize|p1b: Big Slug|Fairy\n|move|p2a: Urshifu|Wicked Blow|p1a: Big Sus Impostor\n|-crit|p1a: Big Sus Impostor\n|-damage|p1a: Big Sus Impostor|41\/100\n|move|p2b: Heatran|Heat Wave|p1a: Big Sus Impostor|[spread] p1a\n|-miss|p2b: Heatran|p1b: Big Slug\n|-supereffective|p1a: Big Sus Impostor\n|-damage|p1a: Big Sus Impostor|0 fnt\n|faint|p1a: Big Sus Impostor\n|-damage|p2b: Heatran|91\/100|[from] item: Life Orb\n|move|p1b: Big Slug|Acid Armor|p1b: Big Slug\n|-boost|p1b: Big Slug|def|2\n|\n|upkeep\n|inactive|TyL8 has 30 seconds left.\n|\n|t:|1700202242\n|switch|p1a: Dusclops|Dusclops, L50, F, shiny|100\/100\n|-item|p2a: Urshifu|Choice Scarf|[from] ability: Frisk|[of] p1a: Dusclops|[identify]\n|-item|p2b: Heatran|Life Orb|[from] ability: Frisk|[of] p1a: Dusclops|[identify]\n|turn|2\n|\n|t:|1700202252\n|-terastallize|p2a: Urshifu|Dark\n|move|p2a: Urshifu|Wicked Blow|p1a: Dusclops\n|-supereffective|p1a: Dusclops\n|-crit|p1a: Dusclops\n|-damage|p1a: Dusclops|5\/100\n|move|p2b: Heatran|Flash Cannon|p1a: Dusclops\n|-damage|p1a: Dusclops|0 fnt\n|faint|p1a: Dusclops\n|-damage|p2b: Heatran|82\/100|[from] item: Life Orb\n|move|p1b: Big Slug|Acid Armor|p1b: Big Slug\n|-boost|p1b: Big Slug|def|2\n|\n|upkeep\n|\n|t:|1700202260\n|switch|p1a: Big Dog|Arcanine-Hisui, L50, M|100\/100\n|-ability|p1a: Big Dog|Intimidate|boost\n|-unboost|p2a: Urshifu|atk|1\n|-unboost|p2b: Heatran|atk|1\n|turn|3\n|\n|t:|1700202271\n|move|p2a: Urshifu|Wicked Blow|p1a: Big Dog\n|-crit|p1a: Big Dog\n|-damage|p1a: Big Dog|14\/100\n|-enditem|p1a: Big Dog|Sitrus Berry|[eat]\n|-heal|p1a: Big Dog|38\/100|[from] item: Sitrus Berry\n|move|p2b: Heatran|Flash Cannon|p1b: Big Slug\n|-supereffective|p1b: Big Slug\n|-damage|p1b: Big Slug|23\/100\n|-damage|p2b: Heatran|72\/100|[from] item: Life Orb\n|move|p1a: Big Dog|Rock Slide|p2a: Urshifu|[spread] p2a,p2b\n|-damage|p2a: Urshifu|74\/100\n|-damage|p2b: Heatran|47\/100\n|move|p1b: Big Slug|Body Press|p2a: Urshifu\n|-supereffective|p2a: Urshifu\n|-damage|p2a: Urshifu|0 fnt\n|faint|p2a: Urshifu\n|\n|-heal|p1b: Big Slug|29\/100|[from] item: Leftovers\n|upkeep\n|\n|t:|1700202276\n|switch|p2a: Amoonguss|Amoonguss, L50, M|100\/100\n|turn|4\n|\n|t:|1700202289\n|move|p1b: Big Slug|Protect|p1b: Big Slug\n|-singleturn|p1b: Big Slug|Protect\n|move|p2b: Heatran|Flash Cannon|p1b: Big Slug\n|-activate|p1b: Big Slug|move: Protect\n|move|p1a: Big Dog|Rock Slide|p2b: Heatran|[spread] p2a,p2b\n|-damage|p2a: Amoonguss|77\/100\n|-damage|p2b: Heatran|21\/100\n|move|p2a: Amoonguss|Spore|p1b: Big Slug\n|-activate|p1b: Big Slug|move: Protect\n|\n|-heal|p1b: Big Slug|35\/100|[from] item: Leftovers\n|upkeep\n|turn|5\n|c|\u2606TyL8|gg\n|\n|t:|1700202306\n|move|p1b: Big Slug|Protect||[still]\n|-fail|p1b: Big Slug\n|move|p2b: Heatran|Heat Wave|p1b: Big Slug|[spread] p1a\n|-miss|p2b: Heatran|p1b: Big Slug\n|-resisted|p1a: Big Dog\n|-damage|p1a: Big Dog|25\/100\n|-damage|p2b: Heatran|11\/100|[from] item: Life Orb\n|move|p1a: Big Dog|Rock Slide|p2a: Amoonguss|[spread] p2a,p2b\n|-damage|p2a: Amoonguss|54\/100\n|-damage|p2b: Heatran|0 fnt\n|faint|p2b: Heatran\n|cant|p2a: Amoonguss|flinch\n|\n|-heal|p1b: Big Slug|40\/100|[from] item: Leftovers\n|upkeep\n|\n|t:|1700202308\n|switch|p2b: Iron Hands|Iron Hands, L50|100\/100\n|turn|6\n|\n|t:|1700202322\n|move|p1a: Big Dog|Protect|p1a: Big Dog\n|-singleturn|p1a: Big Dog|Protect\n|move|p1b: Big Slug|Protect|p1b: Big Slug\n|-singleturn|p1b: Big Slug|Protect\n|move|p2b: Iron Hands|Fake Out|p1a: Big Dog\n|-activate|p1a: Big Dog|move: Protect\n|move|p2a: Amoonguss|Spore|p1b: Big Slug\n|-activate|p1b: Big Slug|move: Protect\n|\n|-heal|p1b: Big Slug|46\/100|[from] item: Leftovers\n|upkeep\n|turn|7\n|\n|t:|1700202342\n|move|p1a: Big Dog|Flare Blitz|p2a: Amoonguss\n|-supereffective|p2a: Amoonguss\n|-damage|p2a: Amoonguss|0 fnt\n|-damage|p1a: Big Dog|8\/100|[from] item: Rocky Helmet|[of] p2a: Amoonguss\n|faint|p2a: Amoonguss\n|-damage|p1a: Big Dog|0 fnt|[from] Recoil\n|faint|p1a: Big Dog\n|move|p2b: Iron Hands|Drain Punch|p1b: Big Slug\n|-resisted|p1b: Big Slug\n|-damage|p1b: Big Slug|39\/100\n|move|p1b: Big Slug|Acid Armor|p1b: Big Slug\n|-boost|p1b: Big Slug|def|2\n|\n|-heal|p1b: Big Slug|44\/100|[from] item: Leftovers\n|upkeep\n|turn|8\n|\n|t:|1700202353\n|move|p1b: Big Slug|Protect|p1b: Big Slug\n|-singleturn|p1b: Big Slug|Protect\n|move|p2b: Iron Hands|Heavy Slam|p1b: Big Slug\n|-activate|p1b: Big Slug|move: Protect\n|\n|-heal|p1b: Big Slug|50\/100|[from] item: Leftovers\n|upkeep\n|turn|9\n|\n|t:|1700202360\n|move|p2b: Iron Hands|Wild Charge|p1b: Big Slug\n|-damage|p1b: Big Slug|38\/100\n|-damage|p2b: Iron Hands|98\/100|[from] Recoil\n|move|p1b: Big Slug|Body Press|p2b: Iron Hands\n|-damage|p2b: Iron Hands|42\/100\n|\n|-heal|p1b: Big Slug|43\/100|[from] item: Leftovers\n|upkeep\n|turn|10\n|\n|t:|1700202368\n|move|p1b: Big Slug|Protect|p1b: Big Slug\n|-singleturn|p1b: Big Slug|Protect\n|move|p2b: Iron Hands|Wild Charge|p1b: Big Slug\n|-activate|p1b: Big Slug|move: Protect\n|\n|-heal|p1b: Big Slug|49\/100|[from] item: Leftovers\n|upkeep\n|turn|11\n|\n|t:|1700202370\n|move|p2b: Iron Hands|Wild Charge|p1b: Big Slug\n|-damage|p1b: Big Slug|38\/100\n|-damage|p2b: Iron Hands|40\/100|[from] Recoil\n|move|p1b: Big Slug|Body Press|p2b: Iron Hands\n|-damage|p2b: Iron Hands|0 fnt\n|faint|p2b: Iron Hands\n|-end|p2b: Iron Hands|Quark Drive|[silent]\n|\n|win|TyL8\n|raw|TyL8's rating: 1459 &rarr; <strong>1477<\/strong><br \/>(+18 for winning)\n|raw|scarred22's rating: 1428 &rarr; <strong>1410<\/strong><br \/>(-18 for losing)\n|c|\u2606TyL8|gg\n|l|\u2606scarred22\n","uploadtime":1700202382,"views":10,"p1id":"tyl8","p2id":"scarred22","formatid":"gen9vgc2023regulatione","rating":1410,"private":0,"password":""}