{"id":"gen9vgc2023regulatione-2000110561","p1":"CharlienoB","p2":"Ferxious","format":"[Gen 9] VGC 2023 Regulation E","log":"|j|\u2606CharlienoB\n|j|\u2606Ferxious\n|t:|1701156723\n|gametype|doubles\n|player|p1|CharlienoB|1|1087\n|player|p2|Ferxious|266|1154\n|teamsize|p1|6\n|teamsize|p2|6\n|gen|9\n|tier|[Gen 9] VGC 2023 Regulation E\n|rated|\n|rule|Species Clause: Limit one of each Pok\u00e9mon\n|rule|Item Clause: Limit one of each item\n|clearpoke\n|poke|p1|Indeedee-F, L50, F|\n|poke|p1|Armarouge, L50, F|\n|poke|p1|Rillaboom, L50, F|\n|poke|p1|Hippowdon, L50, F|\n|poke|p1|Glimmora, L50, F|\n|poke|p1|Dondozo, L50, M|\n|poke|p2|Tauros-Paldea-Blaze, L50, M|\n|poke|p2|Tornadus, L50, M|\n|poke|p2|Iron Bundle, L50|\n|poke|p2|Urshifu-*, L50, F|\n|poke|p2|Farigiraf, L50, F|\n|poke|p2|Iron Hands, L50|\n|teampreview|4\n|inactive|Battle timer is ON: inactive players will automatically lose when time's up. (requested by CharlienoB)\n|inactive|Ferxious has 60 seconds left.\n|\n|t:|1701156798\n|start\n|switch|p1a: Hippowdon|Hippowdon, L50, F|100\/100\n|switch|p1b: Glimmora|Glimmora, L50, F|100\/100\n|switch|p2a: Tornadus|Tornadus, L50, M|100\/100\n|switch|p2b: Farigiraf|Farigiraf, L50, F|100\/100\n|-weather|Sandstorm|[from] ability: Sand Stream|[of] p1a: Hippowdon\n|turn|1\n|\n|t:|1701156820\n|-terastallize|p1b: Glimmora|Fairy\n|move|p2a: Tornadus|Rain Dance|p2a: Tornadus\n|-weather|RainDance\n|move|p1b: Glimmora|Dazzling Gleam|p2a: Tornadus|[spread] p2a,p2b\n|-damage|p2a: Tornadus|67\/100\n|-damage|p2b: Farigiraf|64\/100\n|move|p2b: Farigiraf|Hyper Voice|p1a: Hippowdon|[spread] p1a,p1b\n|-damage|p1a: Hippowdon|76\/100\n|-damage|p1b: Glimmora|60\/100\n|-enditem|p2b: Farigiraf|Throat Spray\n|-boost|p2b: Farigiraf|spa|1|[from] item: Throat Spray\n|move|p1a: Hippowdon|High Horsepower|p2b: Farigiraf\n|-damage|p2b: Farigiraf|32\/100\n|\n|-weather|RainDance|[upkeep]\n|upkeep\n|turn|2\n|\n|t:|1701156844\n|move|p2b: Farigiraf|Helping Hand|p2a: Tornadus\n|-singleturn|p2a: Tornadus|Helping Hand|[of] p2b: Farigiraf\n|move|p1b: Glimmora|Dazzling Gleam|p2b: Farigiraf|[spread] p2a,p2b\n|-damage|p2a: Tornadus|33\/100\n|-damage|p2b: Farigiraf|0 fnt\n|faint|p2b: Farigiraf\n|move|p2a: Tornadus|Bleakwind Storm|p1b: Glimmora|[spread] p1a,p1b\n|-damage|p1a: Hippowdon|42\/100\n|-damage|p1b: Glimmora|0 fnt\n|-unboost|p1a: Hippowdon|spe|1\n|-enditem|p1a: Hippowdon|Sitrus Berry|[eat]\n|-heal|p1a: Hippowdon|67\/100|[from] item: Sitrus Berry\n|faint|p1b: Glimmora\n|move|p1a: Hippowdon|Yawn|p2a: Tornadus\n|-start|p2a: Tornadus|move: Yawn|[of] p1a: Hippowdon\n|\n|-weather|RainDance|[upkeep]\n|upkeep\n|\n|t:|1701156859\n|switch|p1b: Rillaboom|Rillaboom, L50, F|100\/100\n|switch|p2b: Urshifu|Urshifu-Rapid-Strike, L50, F|100\/100\n|-fieldstart|move: Grassy Terrain|[from] ability: Grassy Surge|[of] p1b: Rillaboom\n|turn|3\n|\n|t:|1701156881\n|switch|p2b: Tauros|Tauros-Paldea-Blaze, L50, M|100\/100\n|-ability|p2b: Tauros|Intimidate|boost\n|-unboost|p1a: Hippowdon|atk|1\n|-unboost|p1b: Rillaboom|atk|1\n|switch|p1a: Dondozo|Dondozo, L50, M|100\/100\n|move|p2a: Tornadus|Bleakwind Storm|p1a: Dondozo|[spread] p1a,p1b\n|-supereffective|p1b: Rillaboom\n|-damage|p1a: Dondozo|77\/100\n|-damage|p1b: Rillaboom|27\/100\n|move|p1b: Rillaboom|Wood Hammer|p2b: Tauros\n|-resisted|p2b: Tauros\n|-damage|p2b: Tauros|71\/100\n|-damage|p1b: Rillaboom|19\/100|[from] Recoil\n|\n|-weather|RainDance|[upkeep]\n|-heal|p2b: Tauros|77\/100|[from] Grassy Terrain\n|-heal|p1b: Rillaboom|25\/100|[from] Grassy Terrain\n|-heal|p1a: Dondozo|84\/100|[from] Grassy Terrain\n|-heal|p1a: Dondozo|90\/100|[from] item: Leftovers\n|-end|p2a: Tornadus|move: Yawn|[silent]\n|-status|p2a: Tornadus|slp\n|upkeep\n|turn|4\n|inactive|CharlienoB has 30 seconds left.\n|inactive|Ferxious has 30 seconds left.\n|\n|t:|1701156911\n|move|p2b: Tauros|Protect|p2b: Tauros\n|-singleturn|p2b: Tauros|Protect\n|cant|p2a: Tornadus|slp\n|move|p1b: Rillaboom|Taunt|p2b: Tauros\n|-activate|p2b: Tauros|move: Protect\n|move|p1a: Dondozo|Waterfall|p2b: Tauros\n|-activate|p2b: Tauros|move: Protect\n|\n|-weather|RainDance|[upkeep]\n|-heal|p2b: Tauros|83\/100|[from] Grassy Terrain\n|-heal|p1b: Rillaboom|31\/100|[from] Grassy Terrain\n|-heal|p1a: Dondozo|96\/100|[from] Grassy Terrain\n|-heal|p1a: Dondozo|100\/100|[from] item: Leftovers\n|upkeep\n|turn|5\n|\n|t:|1701156930\n|switch|p2b: Urshifu|Urshifu-Rapid-Strike, L50, F|100\/100\n|switch|p1b: Hippowdon|Hippowdon, L50, F|67\/100\n|-weather|Sandstorm|[from] ability: Sand Stream|[of] p1b: Hippowdon\n|cant|p2a: Tornadus|slp\n|move|p1a: Dondozo|Stomping Tantrum|p2b: Urshifu\n|-damage|p2b: Urshifu|83\/100\n|\n|-weather|Sandstorm|[upkeep]\n|-damage|p2a: Tornadus|27\/100 slp|[from] Sandstorm\n|-damage|p2b: Urshifu|77\/100|[from] Sandstorm\n|-damage|p1a: Dondozo|94\/100|[from] Sandstorm\n|-heal|p2b: Urshifu|83\/100|[from] Grassy Terrain\n|-heal|p1b: Hippowdon|73\/100|[from] Grassy Terrain\n|-heal|p1a: Dondozo|100\/100|[from] Grassy Terrain\n|upkeep\n|turn|6\n|\n|t:|1701156952\n|switch|p1b: Rillaboom|Rillaboom, L50, F|31\/100\n|-curestatus|p2a: Tornadus|slp|[msg]\n|move|p2a: Tornadus|Rain Dance|p2a: Tornadus\n|-weather|RainDance\n|move|p2b: Urshifu|Swords Dance|p2b: Urshifu\n|-boost|p2b: Urshifu|atk|2\n|move|p1a: Dondozo|Yawn|p2b: Urshifu\n|-start|p2b: Urshifu|move: Yawn|[of] p1a: Dondozo\n|\n|-weather|RainDance|[upkeep]\n|-heal|p2b: Urshifu|88\/100|[from] Grassy Terrain\n|-heal|p1b: Rillaboom|37\/100|[from] Grassy Terrain\n|upkeep\n|turn|7\n|\n|t:|1701156978\n|move|p1b: Rillaboom|Grassy Glide|p2b: Urshifu\n|-supereffective|p2b: Urshifu\n|-damage|p2b: Urshifu|5\/100\n|move|p2a: Tornadus|Bleakwind Storm|p1b: Rillaboom|[spread] p1a,p1b\n|-supereffective|p1b: Rillaboom\n|-damage|p1a: Dondozo|76\/100\n|-damage|p1b: Rillaboom|0 fnt\n|faint|p1b: Rillaboom\n|move|p2b: Urshifu|Surging Strikes|p1a: Dondozo\n|-resisted|p1a: Dondozo\n|-crit|p1a: Dondozo\n|-damage|p1a: Dondozo|66\/100\n|-resisted|p1a: Dondozo\n|-crit|p1a: Dondozo\n|-damage|p1a: Dondozo|55\/100\n|-resisted|p1a: Dondozo\n|-crit|p1a: Dondozo\n|-damage|p1a: Dondozo|44\/100\n|-hitcount|p1a: Dondozo|3\n|move|p1a: Dondozo|Waterfall|p2a: Tornadus\n|-damage|p2a: Tornadus|0 fnt\n|faint|p2a: Tornadus\n|\n|-weather|RainDance|[upkeep]\n|-heal|p2b: Urshifu|11\/100|[from] Grassy Terrain\n|-heal|p1a: Dondozo|50\/100|[from] Grassy Terrain\n|-heal|p1a: Dondozo|57\/100|[from] item: Leftovers\n|-end|p2b: Urshifu|move: Yawn|[silent]\n|-status|p2b: Urshifu|slp\n|-fieldend|move: Grassy Terrain\n|upkeep\n|\n|t:|1701157000\n|switch|p2a: Tauros|Tauros-Paldea-Blaze, L50, M|83\/100\n|switch|p1b: Hippowdon|Hippowdon, L50, F|73\/100\n|-ability|p2a: Tauros|Intimidate|boost\n|-unboost|p1a: Dondozo|atk|1\n|-unboost|p1b: Hippowdon|atk|1\n|-weather|Sandstorm|[from] ability: Sand Stream|[of] p1b: Hippowdon\n|turn|8\n|\n|t:|1701157016\n|-terastallize|p2a: Tauros|Fairy\n|cant|p2b: Urshifu|slp\n|move|p2a: Tauros|Will-O-Wisp|p1b: Hippowdon\n|-status|p1b: Hippowdon|brn\n|move|p1b: Hippowdon|High Horsepower|p2a: Tauros\n|-damage|p2a: Tauros|70\/100\n|move|p1a: Dondozo|Stomping Tantrum|p2b: Urshifu\n|-damage|p2b: Urshifu|0 fnt\n|faint|p2b: Urshifu\n|\n|-weather|Sandstorm|[upkeep]\n|-damage|p2a: Tauros|64\/100|[from] Sandstorm\n|-damage|p1a: Dondozo|50\/100|[from] Sandstorm\n|-heal|p1a: Dondozo|57\/100|[from] item: Leftovers\n|-damage|p1b: Hippowdon|67\/100 brn|[from] brn\n|upkeep\n|turn|9\n|\n|t:|1701157032\n|move|p2a: Tauros|Protect|p2a: Tauros\n|-singleturn|p2a: Tauros|Protect\n|move|p1b: Hippowdon|High Horsepower|p2a: Tauros\n|-activate|p2a: Tauros|move: Protect\n|move|p1a: Dondozo|Yawn|p2a: Tauros\n|-activate|p2a: Tauros|move: Protect\n|\n|-weather|Sandstorm|[upkeep]\n|-damage|p2a: Tauros|58\/100|[from] Sandstorm\n|-damage|p1a: Dondozo|50\/100|[from] Sandstorm\n|-heal|p1a: Dondozo|57\/100|[from] item: Leftovers\n|-damage|p1b: Hippowdon|61\/100 brn|[from] brn\n|upkeep\n|turn|10\n|\n|t:|1701157045\n|move|p2a: Tauros|Tera Blast|p1a: Dondozo|[anim] Tera Blast Fairy\n|-damage|p1a: Dondozo|36\/100\n|move|p1b: Hippowdon|Yawn|p2a: Tauros\n|-start|p2a: Tauros|move: Yawn|[of] p1b: Hippowdon\n|move|p1a: Dondozo|Waterfall|p2a: Tauros\n|-crit|p2a: Tauros\n|-damage|p2a: Tauros|15\/100\n|\n|-weather|Sandstorm|[upkeep]\n|-damage|p2a: Tauros|9\/100|[from] Sandstorm\n|-damage|p1a: Dondozo|30\/100|[from] Sandstorm\n|-heal|p1a: Dondozo|36\/100|[from] item: Leftovers\n|-damage|p1b: Hippowdon|55\/100 brn|[from] brn\n|upkeep\n|turn|11\n|c|\u2606Ferxious|gg wp\n|-message|Ferxious forfeited.\n|\n|win|CharlienoB\n|raw|CharlienoB's rating: 1087 &rarr; <strong>1119<\/strong><br \/>(+32 for winning)\n|raw|Ferxious's rating: 1154 &rarr; <strong>1124<\/strong><br \/>(-30 for losing)\n|l|\u2606Ferxious\n","uploadtime":1701157063,"views":10,"p1id":"charlienob","p2id":"ferxious","formatid":"gen9vgc2023regulatione","rating":1119,"private":0,"password":""}