{"id":"gen9vgc2023regulatione-1992223070","p1":"Lord Bartlett","p2":"assprinatschool","format":"[Gen 9] VGC 2023 Regulation E","log":"|j|\u2606Lord Bartlett\n|j|\u2606assprinatschool\n|t:|1700165263\n|gametype|doubles\n|player|p1|Lord Bartlett|169|1306\n|player|p2|assprinatschool|mira|1247\n|teamsize|p1|6\n|teamsize|p2|6\n|gen|9\n|tier|[Gen 9] VGC 2023 Regulation E\n|rated|\n|rule|Species Clause: Limit one of each Pok\u00e9mon\n|rule|Item Clause: Limit one of each item\n|clearpoke\n|poke|p1|Dondozo, L50, F|\n|poke|p1|Tatsugiri-Stretchy, L50, F|\n|poke|p1|Chien-Pao, L50|\n|poke|p1|Dragonite, L50, M|\n|poke|p1|Scream Tail, L50|\n|poke|p1|Kleavor, L50, F|\n|poke|p2|Sinistcha, L50|\n|poke|p2|Gholdengo, L50|\n|poke|p2|Tornadus, L50, M|\n|poke|p2|Urshifu-*, L50, M|\n|poke|p2|Arcanine-Hisui, L50, M|\n|poke|p2|Landorus, L50, M|\n|teampreview|4\nassprinatschool has agreed to open team sheets.\n|inactive|Battle timer is ON: inactive players will automatically lose when time's up. (requested by Lord Bartlett)\n|\n|t:|1700165284\n|start\n|switch|p1a: Scream Tail|Scream Tail, L50|100\/100\n|switch|p1b: Kleavor|Kleavor, L50, F|100\/100\n|switch|p2a: SHINE|Gholdengo, L50|100\/100\n|switch|p2b: Tornadus|Tornadus, L50, M|100\/100\n|-enditem|p1a: Scream Tail|Booster Energy\n|-activate|p1a: Scream Tail|ability: Protosynthesis|[fromitem]\n|-start|p1a: Scream Tail|protosynthesisspe\n|turn|1\n|\n|t:|1700165302\n|move|p2b: Tornadus|Tailwind|p2b: Tornadus\n|-sidestart|p2: assprinatschool|move: Tailwind\n|move|p1a: Scream Tail|Encore|p2b: Tornadus\n|-start|p2b: Tornadus|Encore\n|move|p1b: Kleavor|Stone Axe|p2b: Tornadus|[miss]\n|-miss|p1b: Kleavor|p2b: Tornadus\n|move|p2a: SHINE|Nasty Plot|p2a: SHINE\n|-boost|p2a: SHINE|spa|2\n|\n|upkeep\n|turn|2\n|\n|t:|1700165311\n|switch|p2b: Arcanine|Arcanine-Hisui, L50, M|100\/100\n|-ability|p2b: Arcanine|Intimidate|boost\n|-unboost|p1a: Scream Tail|atk|1\n|-unboost|p1b: Kleavor|atk|1\n|move|p1a: Scream Tail|Encore|p2a: SHINE\n|-immune|p2a: SHINE|[from] ability: Good as Gold\n|move|p1b: Kleavor|Stone Axe|p2b: Arcanine\n|-supereffective|p2b: Arcanine\n|-damage|p2b: Arcanine|26\/100\n|-sidestart|p2: assprinatschool|move: Stealth Rock\n|move|p2a: SHINE|Make It Rain|p1a: Scream Tail|[spread] p1a,p1b\n|-supereffective|p1a: Scream Tail\n|-supereffective|p1b: Kleavor\n|-damage|p1a: Scream Tail|0 fnt\n|-damage|p1b: Kleavor|0 fnt\n|-unboost|p2a: SHINE|spa|1\n|faint|p1a: Scream Tail\n|-end|p1a: Scream Tail|Protosynthesis|[silent]\n|faint|p1b: Kleavor\n|\n|upkeep\n|\n|t:|1700165318\n|switch|p1a: Dondozo|Dondozo, L50, F|100\/100\n|switch|p1b: Tatsugiri|Tatsugiri-Stretchy, L50, F|100\/100\n|-activate|p1b: Tatsugiri|ability: Commander|[of] p1a: Dondozo\n|-boost|p1a: Dondozo|atk|2\n|-boost|p1a: Dondozo|spa|2\n|-boost|p1a: Dondozo|spe|2\n|-boost|p1a: Dondozo|def|2\n|-boost|p1a: Dondozo|spd|2\n|turn|3\n|\n|t:|1700165337\n|switch|p2b: Tornadus|Tornadus, L50, M|100\/100\n|-damage|p2b: Tornadus|76\/100|[from] Stealth Rock\n|move|p2a: SHINE|Shadow Ball|p1a: Dondozo\n|-damage|p1a: Dondozo|72\/100\n|move|p1a: Dondozo|Earthquake|p2a: SHINE|[spread] p2a\n|-miss|p1a: Dondozo|p1b: Tatsugiri\n|-immune|p2b: Tornadus\n|-supereffective|p2a: SHINE\n|-damage|p2a: SHINE|17\/100\n|\n|-heal|p2a: SHINE|23\/100|[from] item: Leftovers\n|-heal|p1a: Dondozo|78\/100|[from] item: Leftovers\n|upkeep\n|turn|4\n|\n|t:|1700165352\n|move|p2b: Tornadus|Bleakwind Storm|p1a: Dondozo|[spread] p1a\n|-miss|p2b: Tornadus|p1b: Tatsugiri\n|-damage|p1a: Dondozo|57\/100\n|move|p2a: SHINE|Shadow Ball|p1a: Dondozo\n|-damage|p1a: Dondozo|24\/100\n|move|p1a: Dondozo|Order Up|p2b: Tornadus\n|-damage|p2b: Tornadus|0 fnt\n|faint|p2b: Tornadus\n|-boost|p1a: Dondozo|spe|1\n|\n|-heal|p2a: SHINE|29\/100|[from] item: Leftovers\n|-heal|p1a: Dondozo|30\/100|[from] item: Leftovers\n|-sideend|p2: assprinatschool|move: Tailwind\n|upkeep\n|\n|t:|1700165366\n|switch|p2b: Arcanine|Arcanine-Hisui, L50, M|26\/100\n|-damage|p2b: Arcanine|2\/100|[from] Stealth Rock\n|-ability|p2b: Arcanine|Intimidate|boost\n|-fail|p1a: Dondozo|unboost|Attack|[from] ability: Oblivious|[of] p1a: Dondozo\n|-unboost|p1b: Tatsugiri|atk|1\n|turn|5\n|\n|t:|1700165380\n|-terastallize|p2b: Arcanine|Fairy\n|move|p1a: Dondozo|Earthquake|p2b: Arcanine|[spread] p2a,p2b\n|-miss|p1a: Dondozo|p1b: Tatsugiri\n|-supereffective|p2a: SHINE\n|-damage|p2a: SHINE|0 fnt\n|-damage|p2b: Arcanine|0 fnt\n|faint|p2a: SHINE\n|faint|p2b: Arcanine\n|\n|-heal|p1a: Dondozo|36\/100|[from] item: Leftovers\n|upkeep\n|\n|t:|1700165403\n|switch|p2b: Urshifu|Urshifu-Rapid-Strike, L50, M|100\/100\n|-damage|p2b: Urshifu|94\/100|[from] Stealth Rock\n|turn|6\n|\n|t:|1700165411\n|move|p1a: Dondozo|Wave Crash|p2b: Urshifu\n|-resisted|p2b: Urshifu\n|-damage|p2b: Urshifu|37\/100\n|-damage|p1a: Dondozo|21\/100|[from] Recoil\n|move|p2b: Urshifu|Surging Strikes|p1a: Dondozo\n|-resisted|p1a: Dondozo\n|-crit|p1a: Dondozo\n|-damage|p1a: Dondozo|12\/100\n|-resisted|p1a: Dondozo\n|-crit|p1a: Dondozo\n|-damage|p1a: Dondozo|3\/100\n|-resisted|p1a: Dondozo\n|-crit|p1a: Dondozo\n|-damage|p1a: Dondozo|0 fnt\n|faint|p1a: Dondozo\n|-hitcount|p1: Dondozo|3\n|\n|upkeep\n|turn|7\n|\n|t:|1700165421\n|move|p2b: Urshifu|Close Combat|p1b: Tatsugiri\n|-damage|p1b: Tatsugiri|0 fnt\n|-unboost|p2b: Urshifu|def|1\n|-unboost|p2b: Urshifu|spd|1\n|faint|p1b: Tatsugiri\n|\n|win|assprinatschool\n|raw|Lord Bartlett's rating: 1306 &rarr; <strong>1283<\/strong><br \/>(-23 for losing)\n|raw|assprinatschool's rating: 1247 &rarr; <strong>1276<\/strong><br \/>(+29 for winning)\n|l|\u2606Lord Bartlett\n","uploadtime":1700165429,"views":12,"p1id":"lordbartlett","p2id":"assprinatschool","formatid":"gen9vgc2023regulatione","rating":1276,"private":0,"password":""}