{"id":"gen9vgc2023regulatione-1990838841","p1":"edomila99","p2":"leolc0926","format":"[Gen 9] VGC 2023 Regulation E","log":"|j|\u2606edomila99\n|j|\u2606leolc0926\n|t:|1700006168\n|gametype|doubles\n|player|p1|edomila99|102|1442\n|player|p2|leolc0926|steven|1489\n|teamsize|p1|6\n|teamsize|p2|6\n|gen|9\n|tier|[Gen 9] VGC 2023 Regulation E\n|rated|\n|rule|Species Clause: Limit one of each Pok\u00e9mon\n|rule|Item Clause: Limit one of each item\n|clearpoke\n|poke|p1|Sneasler, L50, F|\n|poke|p1|Indeedee-F, L50, F|\n|poke|p1|Armarouge, L50, F|\n|poke|p1|Urshifu-*, L50, M|\n|poke|p1|Chien-Pao, L50|\n|poke|p1|Tornadus, L50, M|\n|poke|p2|Indeedee-F, L50, F|\n|poke|p2|Armarouge, L50, M|\n|poke|p2|Torkoal, L50, M|\n|poke|p2|Kingambit, L50, F|\n|poke|p2|Enamorus-Therian, L50, F|\n|poke|p2|Lilligant-Hisui, L50, F|\n|teampreview|4\nleolc0926 has agreed to open team sheets.\n|inactive|Battle timer is ON: inactive players will automatically lose when time's up. (requested by leolc0926)\n|\n|t:|1700006204\n|start\n|switch|p1a: Sneasler|Sneasler, L50, F|100\/100\n|switch|p1b: Tornadus|Tornadus, L50, M|100\/100\n|switch|p2a: \u7ba1\u4e8b\u4fa0|Indeedee-F, L50, F|100\/100\n|switch|p2b: \u30b0\u30ec\u30f3\u30a2\u30eb\u30de|Armarouge, L50, M|100\/100\n|-fieldstart|move: Psychic Terrain|[from] ability: Psychic Surge|[of] p2a: \u7ba1\u4e8b\u4fa0\n|-enditem|p1a: Sneasler|Psychic Seed\n|-boost|p1a: Sneasler|spd|1|[from] item: Psychic Seed\n|-enditem|p2a: \u7ba1\u4e8b\u4fa0|Psychic Seed\n|-boost|p2a: \u7ba1\u4e8b\u4fa0|spd|1|[from] item: Psychic Seed\n|turn|1\n|inactive|leolc0926 has 30 seconds left.\n|inactive|leolc0926 has 20 seconds left.\n|inactive|leolc0926 has 15 seconds left.\n|inactive|leolc0926 has 10 seconds left.\n|\n|t:|1700006249\n|move|p2a: \u7ba1\u4e8b\u4fa0|Follow Me|p2a: \u7ba1\u4e8b\u4fa0\n|-singleturn|p2a: \u7ba1\u4e8b\u4fa0|move: Follow Me\n|move|p1a: Sneasler|Rock Slide|p2a: \u7ba1\u4e8b\u4fa0|[spread] p2a,p2b\n|-supereffective|p2b: \u30b0\u30ec\u30f3\u30a2\u30eb\u30de\n|-damage|p2a: \u7ba1\u4e8b\u4fa0|79\/100\n|-damage|p2b: \u30b0\u30ec\u30f3\u30a2\u30eb\u30de|58\/100\n|move|p1b: Tornadus|Bleakwind Storm|p2a: \u7ba1\u4e8b\u4fa0|[spread] p2a,p2b\n|-damage|p2a: \u7ba1\u4e8b\u4fa0|52\/100\n|-damage|p2b: \u30b0\u30ec\u30f3\u30a2\u30eb\u30de|6\/100\n|-unboost|p2b: \u30b0\u30ec\u30f3\u30a2\u30eb\u30de|spe|1\n|move|p2b: \u30b0\u30ec\u30f3\u30a2\u30eb\u30de|Trick Room|p2b: \u30b0\u30ec\u30f3\u30a2\u30eb\u30de\n|-fieldstart|move: Trick Room|[of] p2b: \u30b0\u30ec\u30f3\u30a2\u30eb\u30de\n|\n|upkeep\n|turn|2\n|inactive|edomila99 has 30 seconds left.\n|\n|t:|1700006281\n|-terastallize|p1a: Sneasler|Rock\n|move|p2a: \u7ba1\u4e8b\u4fa0|Helping Hand|p2b: \u30b0\u30ec\u30f3\u30a2\u30eb\u30de\n|-singleturn|p2b: \u30b0\u30ec\u30f3\u30a2\u30eb\u30de|Helping Hand|[of] p2a: \u7ba1\u4e8b\u4fa0\n|move|p2b: \u30b0\u30ec\u30f3\u30a2\u30eb\u30de|Expanding Force|p1b: Tornadus|[spread] p1a,p1b\n|-damage|p1a: Sneasler|0 fnt\n|-damage|p1b: Tornadus|0 fnt\n|faint|p1a: Sneasler\n|faint|p1b: Tornadus\n|-damage|p2b: \u30b0\u30ec\u30f3\u30a2\u30eb\u30de|0 fnt|[from] item: Life Orb\n|faint|p2b: \u30b0\u30ec\u30f3\u30a2\u30eb\u30de\n|\n|upkeep\n|\n|t:|1700006296\n|switch|p2b: \u55b7\u706b\u4fa0|Torkoal, L50, M|100\/100\n|switch|p1a: Indeedee|Indeedee-F, L50, F|100\/100\n|switch|p1b: Armarouge|Armarouge, L50, F|100\/100\n|-weather|SunnyDay|[from] ability: Drought|[of] p2b: \u55b7\u706b\u4fa0\n|turn|3\n|\n|t:|1700006307\n|-terastallize|p2b: \u55b7\u706b\u4fa0|Fire\n|move|p2a: \u7ba1\u4e8b\u4fa0|Helping Hand|p2b: \u55b7\u706b\u4fa0\n|-singleturn|p2b: \u55b7\u706b\u4fa0|Helping Hand|[of] p2a: \u7ba1\u4e8b\u4fa0\n|move|p1a: Indeedee|Helping Hand|p1b: Armarouge\n|-singleturn|p1b: Armarouge|Helping Hand|[of] p1a: Indeedee\n|move|p2b: \u55b7\u706b\u4fa0|Eruption|p1b: Armarouge|[spread] p1a,p1b\n|-crit|p1a: Indeedee\n|-resisted|p1b: Armarouge\n|-damage|p1a: Indeedee|0 fnt\n|-enditem|p1b: Armarouge|Focus Sash\n|-damage|p1b: Armarouge|1\/100\n|faint|p1a: Indeedee\n|move|p1b: Armarouge|Expanding Force|p2b: \u55b7\u706b\u4fa0|[spread] p2a,p2b\n|-resisted|p2a: \u7ba1\u4e8b\u4fa0\n|-damage|p2a: \u7ba1\u4e8b\u4fa0|20\/100\n|-damage|p2b: \u55b7\u706b\u4fa0|0 fnt\n|faint|p2b: \u55b7\u706b\u4fa0\n|\n|-weather|SunnyDay|[upkeep]\n|upkeep\n|\n|t:|1700006313\n|switch|p2b: \u7737\u604b\u4fa0|Enamorus-Therian, L50, F|100\/100\n|turn|4\n|c|\u2606leolc0926|gg\n|\n|t:|1700006331\n|move|p2a: \u7ba1\u4e8b\u4fa0|Helping Hand|p2b: \u7737\u604b\u4fa0\n|-singleturn|p2b: \u7737\u604b\u4fa0|Helping Hand|[of] p2a: \u7ba1\u4e8b\u4fa0\n|move|p1b: Armarouge|Endure|p1b: Armarouge\n|-singleturn|p1b: Armarouge|move: Endure\n|move|p2b: \u7737\u604b\u4fa0|Moonblast|p1b: Armarouge\n|-resisted|p1b: Armarouge\n|-activate|p1b: Armarouge|move: Endure\n|-damage|p1b: Armarouge|1\/100\n|-unboost|p1b: Armarouge|spa|1\n|\n|-weather|SunnyDay|[upkeep]\n|upkeep\n|turn|5\n|\n|t:|1700006344\n|move|p2a: \u7ba1\u4e8b\u4fa0|Helping Hand|p2b: \u7737\u604b\u4fa0\n|-singleturn|p2b: \u7737\u604b\u4fa0|Helping Hand|[of] p2a: \u7ba1\u4e8b\u4fa0\n|move|p1b: Armarouge|Endure|p1b: Armarouge\n|-singleturn|p1b: Armarouge|move: Endure\n|move|p2b: \u7737\u604b\u4fa0|Moonblast|p1b: Armarouge\n|-resisted|p1b: Armarouge\n|-activate|p1b: Armarouge|move: Endure\n|-damage|p1b: Armarouge|1\/100\n|-unboost|p1b: Armarouge|spa|1\n|\n|-weather|SunnyDay|[upkeep]\n|-fieldend|move: Trick Room\n|-fieldend|move: Psychic Terrain\n|upkeep\n|turn|6\n|\n|t:|1700006359\n|move|p1b: Armarouge|Armor Cannon|p2b: \u7737\u604b\u4fa0\n|-damage|p2b: \u7737\u604b\u4fa0|49\/100\n|-unboost|p1b: Armarouge|def|1\n|-unboost|p1b: Armarouge|spd|1\n|move|p2b: \u7737\u604b\u4fa0|Moonblast|p1b: Armarouge\n|-resisted|p1b: Armarouge\n|-damage|p1b: Armarouge|0 fnt\n|faint|p1b: Armarouge\n|\n|win|leolc0926\n|raw|edomila99's rating: 1442 &rarr; <strong>1425<\/strong><br \/>(-17 for losing)\n|raw|leolc0926's rating: 1489 &rarr; <strong>1506<\/strong><br \/>(+17 for winning)\n|l|\u2606edomila99\n","uploadtime":1700006371,"views":7,"p1id":"edomila99","p2id":"leolc0926","formatid":"gen9vgc2023regulatione","rating":1425,"private":0,"password":""}