{"id":"gen9vgc2023regulatione-1995666792","p1":"Serusly","p2":"MMszinho","format":"[Gen 9] VGC 2023 Regulation E","log":"|j|\u2606Serusly\n|j|\u2606MMszinho\n|t:|1700592203\n|gametype|doubles\n|player|p1|Serusly|whitney|1080\n|player|p2|MMszinho|marshal|1049\n|teamsize|p1|6\n|teamsize|p2|6\n|gen|9\n|tier|[Gen 9] VGC 2023 Regulation E\n|rated|\n|rule|Species Clause: Limit one of each Pok\u00e9mon\n|rule|Item Clause: Limit one of each item\n|clearpoke\n|poke|p1|Gholdengo, L50|\n|poke|p1|Ting-Lu, L50|\n|poke|p1|Iron Bundle, L50|\n|poke|p1|Amoonguss, L50, M|\n|poke|p1|Flutter Mane, L50|\n|poke|p1|Urshifu-*, L50, M|\n|poke|p2|Pelipper, L50, F|\n|poke|p2|Raichu, L50, F|\n|poke|p2|Toxicroak, L50, M|\n|poke|p2|Sylveon, L50, F|\n|poke|p2|Garchomp, L50, M|\n|poke|p2|Urshifu-*, L50, F|\n|teampreview|4\n|j| poopballslinger\n|inactive|Battle timer is ON: inactive players will automatically lose when time's up. (requested by Serusly)\nMMszinho has agreed to open team sheets.\n|inactive|Serusly has 60 seconds left.\n|\n|t:|1700592240\n|start\n|switch|p1a: Iron Bundle|Iron Bundle, L50|100\/100\n|switch|p1b: Ting-Lu|Ting-Lu, L50|100\/100\n|switch|p2a: Raichu|Raichu, L50, F|100\/100\n|switch|p2b: Sylveon|Sylveon, L50, F|100\/100\n|-item|p2a: Raichu|Air Balloon\n|-ability|p1b: Ting-Lu|Vessel of Ruin\n|turn|1\n|inactive|MMszinho has 30 seconds left.\n|\n|t:|1700592268\n|move|p2a: Raichu|Fake Out|p1b: Ting-Lu\n|-damage|p1b: Ting-Lu|95\/100\n|move|p1a: Iron Bundle|Hydro Pump|p2a: Raichu\n|-damage|p2a: Raichu|38\/100\n|-enditem|p2a: Raichu|Air Balloon\n|move|p2b: Sylveon|Hyper Voice|p1a: Iron Bundle|[spread] p1a,p1b\n|-supereffective|p1b: Ting-Lu\n|-damage|p1a: Iron Bundle|41\/100\n|-damage|p1b: Ting-Lu|53\/100\n|-enditem|p2b: Sylveon|Throat Spray\n|-boost|p2b: Sylveon|spa|1|[from] item: Throat Spray\n|cant|p1b: Ting-Lu|flinch\n|\n|-heal|p1b: Ting-Lu|59\/100|[from] item: Leftovers\n|upkeep\n|turn|2\n|inactive|MMszinho has 30 seconds left.\n|\n|t:|1700592296\n|move|p2a: Raichu|Protect|p2a: Raichu\n|-singleturn|p2a: Raichu|Protect\n|move|p1a: Iron Bundle|Ice Beam|p2a: Raichu\n|-activate|p2a: Raichu|move: Protect\n|move|p2b: Sylveon|Hyper Voice|p1b: Ting-Lu|[spread] p1a,p1b\n|-supereffective|p1b: Ting-Lu\n|-damage|p1a: Iron Bundle|0 fnt\n|-damage|p1b: Ting-Lu|0 fnt\n|faint|p1a: Iron Bundle\n|-end|p1a: Iron Bundle|Quark Drive|[silent]\n|faint|p1b: Ting-Lu\n|\n|upkeep\n|\n|t:|1700592305\n|switch|p1a: Amoonguss|Amoonguss, L50, M|100\/100\n|switch|p1b: Gholdengo|Gholdengo, L50|100\/100\n|turn|3\n|\n|t:|1700592329\n|-terastallize|p1b: Gholdengo|Steel\n|move|p2a: Raichu|Nuzzle|p1a: Amoonguss\n|-resisted|p1a: Amoonguss\n|-damage|p1a: Amoonguss|97\/100\n|-status|p1a: Amoonguss|par\n|-damage|p2a: Raichu|21\/100|[from] item: Rocky Helmet|[of] p1a: Amoonguss\n|move|p1b: Gholdengo|Make It Rain|p2a: Raichu|[spread] p2a,p2b\n|-resisted|p2a: Raichu\n|-supereffective|p2b: Sylveon\n|-damage|p2a: Raichu|0 fnt\n|-damage|p2b: Sylveon|0 fnt\n|-unboost|p1b: Gholdengo|spa|1\n|faint|p2a: Raichu\n|faint|p2b: Sylveon\n|move|p1a: Amoonguss|Clear Smog|p2: Raichu|[notarget]\n|-fail|p1a: Amoonguss\n|\n|upkeep\n|\n|t:|1700592343\n|switch|p2a: Toxicroak|Toxicroak, L50, M|100\/100\n|switch|p2b: Pelipper|Pelipper, L50, F|100\/100\n|-weather|RainDance|[from] ability: Drizzle|[of] p2b: Pelipper\n|turn|4\n|inactive|MMszinho has 30 seconds left.\n|\n|t:|1700592374\n|move|p2a: Toxicroak|Fake Out|p1a: Amoonguss\n|-damage|p1a: Amoonguss|85\/100 par\n|-damage|p2a: Toxicroak|84\/100|[from] item: Rocky Helmet|[of] p1a: Amoonguss\n|cant|p1a: Amoonguss|flinch\n|move|p1b: Gholdengo|Make It Rain|p2b: Pelipper|[spread] p2a,p2b\n|-resisted|p2b: Pelipper\n|-damage|p2a: Toxicroak|35\/100\n|-damage|p2b: Pelipper|58\/100\n|-unboost|p1b: Gholdengo|spa|1\n|move|p2b: Pelipper|Tailwind|p2b: Pelipper\n|-sidestart|p2: MMszinho|move: Tailwind\n|\n|-weather|RainDance|[upkeep]\n|-heal|p2a: Toxicroak|47\/100|[from] ability: Dry Skin\n|upkeep\n|turn|5\n|l| poopballslinger\n|inactive|MMszinho has 30 seconds left.\n|\n|t:|1700592400\n|move|p1a: Amoonguss|Rage Powder|p1a: Amoonguss\n|-singleturn|p1a: Amoonguss|move: Rage Powder\n|move|p2a: Toxicroak|Drain Punch|p1a: Amoonguss\n|-resisted|p1a: Amoonguss\n|-damage|p1a: Amoonguss|69\/100 par\n|-heal|p2a: Toxicroak|56\/100|[from] drain|[of] p1a: Amoonguss\n|-damage|p2a: Toxicroak|39\/100|[from] item: Rocky Helmet|[of] p1a: Amoonguss\n|move|p2b: Pelipper|Surf|p1a: Amoonguss|[spread] p1a,p1b\n|-heal|p2a: Toxicroak|64\/100|[from] ability: Dry Skin|[of] p2b: Pelipper\n|-resisted|p1a: Amoonguss\n|-damage|p1a: Amoonguss|51\/100 par\n|-damage|p1b: Gholdengo|63\/100\n|move|p1b: Gholdengo|Make It Rain|p2a: Toxicroak|[spread] p2a,p2b\n|-resisted|p2b: Pelipper\n|-damage|p2a: Toxicroak|30\/100\n|-damage|p2b: Pelipper|30\/100\n|-unboost|p1b: Gholdengo|spa|1\n|\n|-weather|RainDance|[upkeep]\n|-heal|p2a: Toxicroak|43\/100|[from] ability: Dry Skin\n|upkeep\n|turn|6\n|inactive|Serusly has 30 seconds left.\n|inactive|MMszinho has 30 seconds left.\n|inactive|MMszinho has 20 seconds left.\n|\n|t:|1700592438\n|move|p2b: Pelipper|Wide Guard|p2b: Pelipper\n|-singleturn|p2b: Pelipper|Wide Guard\n|move|p2a: Toxicroak|Poison Jab|p1a: Amoonguss\n|-damage|p1a: Amoonguss|15\/100 par\n|-damage|p2a: Toxicroak|26\/100|[from] item: Rocky Helmet|[of] p1a: Amoonguss\n|move|p1b: Gholdengo|Make It Rain|p2b: Pelipper|[spread] \n|-activate|p2a: Toxicroak|move: Wide Guard\n|-activate|p2b: Pelipper|move: Wide Guard\n|move|p1a: Amoonguss|Spore|p2a: Toxicroak\n|-status|p2a: Toxicroak|slp|[from] move: Spore\n|\n|-weather|RainDance|[upkeep]\n|-heal|p2a: Toxicroak|38\/100 slp|[from] ability: Dry Skin\n|upkeep\n|turn|7\n|\n|t:|1700592455\n|move|p2b: Pelipper|Wide Guard|p2b: Pelipper\n|-singleturn|p2b: Pelipper|Wide Guard\n|cant|p2a: Toxicroak|slp\n|move|p1b: Gholdengo|Make It Rain|p2a: Toxicroak|[spread] \n|-activate|p2a: Toxicroak|move: Wide Guard\n|-activate|p2b: Pelipper|move: Wide Guard\n|cant|p1a: Amoonguss|par\n|\n|-weather|RainDance|[upkeep]\n|-heal|p2a: Toxicroak|50\/100 slp|[from] ability: Dry Skin\n|-sideend|p2: MMszinho|move: Tailwind\n|upkeep\n|turn|8\n|\n|t:|1700592469\n|move|p2b: Pelipper|Wide Guard|p2b: Pelipper\n|-singleturn|p2b: Pelipper|Wide Guard\n|move|p1b: Gholdengo|Make It Rain|p2b: Pelipper|[spread] \n|-activate|p2a: Toxicroak|move: Wide Guard\n|-activate|p2b: Pelipper|move: Wide Guard\n|-curestatus|p2a: Toxicroak|slp|[msg]\n|move|p2a: Toxicroak|Poison Jab|p1a: Amoonguss\n|-damage|p1a: Amoonguss|0 fnt\n|-damage|p2a: Toxicroak|34\/100|[from] item: Rocky Helmet|[of] p1a: Amoonguss\n|faint|p1a: Amoonguss\n|\n|-weather|RainDance|[upkeep]\n|-heal|p2a: Toxicroak|46\/100|[from] ability: Dry Skin\n|upkeep\n|turn|9\n|-message|Serusly forfeited.\n|\n|win|MMszinho\n|raw|Serusly's rating: 1080 &rarr; <strong>1056<\/strong><br \/>(-24 for losing)\n|raw|MMszinho's rating: 1049 &rarr; <strong>1085<\/strong><br \/>(+36 for winning)\n|l|\u2606Serusly\n","uploadtime":1700592497,"views":2,"p1id":"serusly","p2id":"mmszinho","formatid":"gen9vgc2023regulatione","rating":1056,"private":0,"password":""}