{"id":"gen9vgc2023regulatione-1998487113","p1":"fangeddragon96","p2":"WaffleMoo","format":"[Gen 9] VGC 2023 Regulation E","log":"|j|\u2606fangeddragon96\n|j|\u2606WaffleMoo\n|n|\u2606fangeddragon96|fangeddragon96\n|n|\u2606WaffleMoo|wafflemoo\n|html|View the match progress at <a href=\"\/game-bestof3-gen9vgc2023regulatione-1998478385\">game-bestof3-gen9vgc2023regulatione-1998478385<\/a>\n|t:|1700947860\n|gametype|doubles\n|player|p1|fangeddragon96|hilbert|\n|player|p2|WaffleMoo|169|\n|teamsize|p1|6\n|teamsize|p2|6\n|gen|9\n|tier|[Gen 9] VGC 2023 Regulation E\n|rule|Species Clause: Limit one of each Pok\u00e9mon\n|rule|Item Clause: Limit one of each item\n|clearpoke\n|poke|p1|Ursaluna-Bloodmoon, L50, M|\n|poke|p1|Grimmsnarl, L50, M|\n|poke|p1|Golem-Alola, L50, F|\n|poke|p1|Cloyster, L50, F|\n|poke|p1|Tauros-Paldea-Blaze, L50, M|\n|poke|p1|Noivern, L50, M|\n|poke|p2|Meowscarada, L50, M|\n|poke|p2|Volbeat, L50, M|\n|poke|p2|Indeedee-F, L50, F|\n|poke|p2|Armarouge, L50, F|\n|poke|p2|Milotic, L50, M|\n|poke|p2|Magcargo, L50, F|\n|teampreview|4\n|j| IlVentodOricorio\n|\n|t:|1700947886\n|start\n|switch|p1a: Noivern|Noivern, L50, M, shiny|100\/100\n|switch|p1b: Golem|Golem-Alola, L50, F, shiny|100\/100\n|switch|p2a: Indeedee|Indeedee-F, L50, F|100\/100\n|switch|p2b: Armarouge|Armarouge, L50, F|100\/100\n|-fieldstart|move: Psychic Terrain|[from] ability: Psychic Surge|[of] p2a: Indeedee\n|turn|1\n|c|\u2606WaffleMoo|Glhf\n|\n|t:|1700947937\n|move|p1b: Golem|Wide Guard|p1b: Golem\n|-singleturn|p1b: Golem|Wide Guard\n|move|p1a: Noivern|Draco Meteor|p2b: Armarouge\n|-damage|p2b: Armarouge|18\/100\n|-unboost|p1a: Noivern|spa|2\n|-damage|p1a: Noivern|90\/100|[from] item: Life Orb\n|move|p2b: Armarouge|Aura Sphere|p1b: Golem\n|-supereffective|p1b: Golem\n|-damage|p1b: Golem|22\/100\n|move|p2a: Indeedee|Trick Room|p2a: Indeedee\n|-fieldstart|move: Trick Room|[of] p2a: Indeedee\n|\n|upkeep\n|turn|2\n|\n|t:|1700948010\n|move|p2b: Armarouge|Protect|p2b: Armarouge\n|-singleturn|p2b: Armarouge|Protect\n|move|p1b: Golem|Explosion|p2b: Armarouge|[spread] p2a\n|-activate|p2b: Armarouge|move: Protect\n|-activate|p1a: Noivern|ability: Telepathy\n|-damage|p2a: Indeedee|0 fnt\n|faint|p1b: Golem\n|faint|p2a: Indeedee\n|move|p1a: Noivern|Dark Pulse|p2b: Armarouge\n|-activate|p2b: Armarouge|move: Protect\n|\n|upkeep\n|\n|t:|1700948033\n|switch|p1b: Grimmsnarl|Grimmsnarl, L50, M, shiny|100\/100\n|switch|p2a: Magcargo|Magcargo, L50, F|100\/100\n|turn|3\n|\n|t:|1700948085\n|-terastallize|p1a: Noivern|Dark\n|move|p1b: Grimmsnarl|Light Screen|p1b: Grimmsnarl\n|-sidestart|p1: fangeddragon96|move: Light Screen\n|move|p2a: Magcargo|Rock Slide|p1a: Noivern|[spread] p1a,p1b\n|-damage|p1a: Noivern|74\/100\n|-damage|p1b: Grimmsnarl|89\/100\n|move|p2b: Armarouge|Heat Wave|p1a: Noivern|[spread] p1a\n|-miss|p2b: Armarouge|p1b: Grimmsnarl\n|-damage|p1a: Noivern|36\/100\n|cant|p1a: Noivern|flinch\n|\n|upkeep\n|turn|4\n|\n|t:|1700948122\n|move|p1b: Grimmsnarl|Parting Shot|p2b: Armarouge\n|-activate|p2b: Armarouge|move: Psychic Terrain\n|move|p2a: Magcargo|Rock Slide|p1a: Noivern|[spread] p1a,p1b\n|-damage|p1a: Noivern|19\/100\n|-damage|p1b: Grimmsnarl|75\/100\n|move|p2b: Armarouge|Heat Wave|p1a: Noivern|[spread] p1a,p1b\n|-damage|p1a: Noivern|0 fnt\n|-damage|p1b: Grimmsnarl|54\/100\n|faint|p1a: Noivern\n|\n|upkeep\n|\n|t:|1700948133\n|switch|p1a: Ursaluna|Ursaluna-Bloodmoon, L50, M|100\/100\n|turn|5\n|\n|t:|1700948173\n|move|p2a: Magcargo|Rock Slide|p1b: Grimmsnarl|[spread] p1a,p1b\n|-resisted|p1a: Ursaluna\n|-damage|p1a: Ursaluna|96\/100\n|-damage|p1b: Grimmsnarl|41\/100\n|move|p1a: Ursaluna|Hyper Voice|p2b: Armarouge|[spread] p2a,p2b\n|-resisted|p2a: Magcargo\n|-damage|p2a: Magcargo|75\/100\n|-damage|p2b: Armarouge|0 fnt\n|faint|p2b: Armarouge\n|move|p1b: Grimmsnarl|Crunch|p2a: Magcargo\n|-damage|p2a: Magcargo|53\/100\n|-unboost|p2a: Magcargo|def|1\n|\n|-heal|p2a: Magcargo|59\/100|[from] item: Leftovers\n|-fieldend|move: Trick Room\n|-fieldend|move: Psychic Terrain\n|upkeep\n|\n|t:|1700948180\n|switch|p2b: Milotic|Milotic, L50, M|100\/100\n|turn|6\n|\n|t:|1700948205\n|move|p2b: Milotic|Scald|p1a: Ursaluna\n|-supereffective|p1a: Ursaluna\n|-damage|p1a: Ursaluna|49\/100\n|-damage|p2b: Milotic|90\/100|[from] item: Life Orb\n|move|p1b: Grimmsnarl|Crunch|p2b: Milotic\n|-damage|p2b: Milotic|49\/100\n|move|p1a: Ursaluna|Blood Moon|p2b: Milotic\n|-damage|p2b: Milotic|0 fnt\n|faint|p2b: Milotic\n|move|p2a: Magcargo|Yawn|p1b: Grimmsnarl\n|-start|p1b: Grimmsnarl|move: Yawn|[of] p2a: Magcargo\n|\n|-heal|p2a: Magcargo|65\/100|[from] item: Leftovers\n|upkeep\n|turn|7\n|c|\u2606WaffleMoo|Ggs Seth\n|\n|t:|1700948231\n|move|p1a: Ursaluna|Vacuum Wave|p2a: Magcargo\n|-supereffective|p2a: Magcargo\n|-damage|p2a: Magcargo|23\/100\n|move|p1b: Grimmsnarl|Crunch|p2a: Magcargo\n|-damage|p2a: Magcargo|0 fnt\n|faint|p2a: Magcargo\n|\n|win|fangeddragon96\n|c|\u2606fangeddragon96|Ggs\n|c|\u2606fangeddragon96|Tough games, wp\n|l|\u2606WaffleMoo\n|j|\u2606WaffleMoo\n|player|p2|WaffleMoo|169\n","uploadtime":1700948456,"views":26,"p1id":"fangeddragon96","p2id":"wafflemoo","formatid":"gen9vgc2023regulatione","rating":0,"private":0,"password":""}