{"id":"gen9vgc2023regulatione-1993536322","p1":"Shadow Ballers","p2":"PAVS2000","format":"[Gen 9] VGC 2023 Regulation E","log":"|j|\u2606Shadow Ballers\n|j|\u2606PAVS2000\n|t:|1700329200\n|gametype|doubles\n|player|p1|Shadow Ballers|roughneck|1111\n|player|p2|PAVS2000|pokemaniac|1226\n|teamsize|p1|6\n|teamsize|p2|5\n|gen|9\n|tier|[Gen 9] VGC 2023 Regulation E\n|rated|\n|rule|Species Clause: Limit one of each Pok\u00e9mon\n|rule|Item Clause: Limit one of each item\n|clearpoke\n|poke|p1|Ceruledge, L50, M|\n|poke|p1|Milotic, L50, M|\n|poke|p1|Weavile, L50, M|\n|poke|p1|Weezing-Galar, L50, F|\n|poke|p1|Rillaboom, L50, F|\n|poke|p1|Enamorus, L50, F|\n|poke|p2|Thundurus, L50, M|\n|poke|p2|Enamorus, L50, F|\n|poke|p2|Indeedee-F, L50, F|\n|poke|p2|Armarouge, L50, M|\n|poke|p2|Urshifu-*, L50, F|\n|teampreview|4\n|\n|t:|1700329217\n|start\n|switch|p1a: Weavile|Weavile, L50, M, shiny|100\/100\n|switch|p1b: Weezing|Weezing-Galar, L50, F, shiny|100\/100\n|switch|p2a: Enamorus|Enamorus, L50, F|100\/100\n|switch|p2b: Zeus|Thundurus, L50, M|100\/100\n|-ability|p1b: Weezing|Neutralizing Gas\n|turn|1\n|\n|t:|1700329249\n|-terastallize|p2a: Enamorus|Fairy\n|move|p1a: Weavile|Fake Out|p2a: Enamorus\n|-damage|p2a: Enamorus|80\/100\n|cant|p2a: Enamorus|flinch\n|move|p2b: Zeus|Scary Face|p2a: Enamorus\n|-unboost|p2a: Enamorus|spe|2\n|move|p1b: Weezing|Gyro Ball|p2a: Enamorus\n|-supereffective|p2a: Enamorus\n|-damage|p2a: Enamorus|44\/100\n|\n|upkeep\n|turn|2\n|\n|t:|1700329282\n|switch|p2a: Indeedee|Indeedee-F, L50, F|100\/100\n|move|p1a: Weavile|Ice Spinner|p2a: Indeedee\n|-crit|p2a: Indeedee\n|-damage|p2a: Indeedee|44\/100\n|-enditem|p2a: Indeedee|Sitrus Berry|[eat]\n|-heal|p2a: Indeedee|69\/100|[from] item: Sitrus Berry\n|move|p2b: Zeus|Scary Face|p1a: Weavile\n|-unboost|p1a: Weavile|spe|2\n|move|p1b: Weezing|Gyro Ball|p2a: Indeedee\n|-damage|p2a: Indeedee|59\/100\n|\n|upkeep\n|turn|3\n|\n|t:|1700329328\n|-end|p1b: Weezing|ability: Neutralizing Gas\n|-fieldstart|move: Psychic Terrain|[from] ability: Psychic Surge|[of] p2a: Indeedee\n|switch|p1b: Rillaboom|Rillaboom, L50, F, shiny|100\/100\n|-fieldstart|move: Grassy Terrain|[from] ability: Grassy Surge|[of] p1b: Rillaboom\n|move|p2b: Zeus|U-turn|p1a: Weavile\n|-supereffective|p1a: Weavile\n|-damage|p1a: Weavile|36\/100\n|\n|t:|1700329341\n|switch|p2b: Armarouge|Armarouge, L50, M|100\/100|[from] U-turn\n|move|p1a: Weavile|Ice Spinner|p2b: Armarouge\n|-resisted|p2b: Armarouge\n|-damage|p2b: Armarouge|82\/100\n|-fieldend|move: Grassy Terrain\n|move|p2a: Indeedee|Healing Wish|p2a: Indeedee\n|faint|p2a: Indeedee\n|\n|upkeep\n|\n|t:|1700329351\n|switch|p2a: Enamorus|Enamorus, L50, F, tera:Fairy|44\/100\n|-heal|p2a: Enamorus|100\/100|[from] move: Healing Wish\n|turn|4\n|\n|t:|1700329396\n|switch|p1a: Ceruledge|Ceruledge, L50, M, shiny|100\/100\n|move|p1b: Rillaboom|Fake Out|p2b: Armarouge\n|-damage|p2b: Armarouge|68\/100\n|move|p2a: Enamorus|Dazzling Gleam|p1a: Ceruledge|[spread] p1a,p1b\n|-resisted|p1a: Ceruledge\n|-damage|p1a: Ceruledge|80\/100\n|-damage|p1b: Rillaboom|69\/100\n|cant|p2b: Armarouge|flinch\n|\n|upkeep\n|turn|5\n|\n|t:|1700329434\n|switch|p1b: Weezing|Weezing-Galar, L50, F, shiny|100\/100\n|-ability|p1b: Weezing|Neutralizing Gas\n|-block|p1a: Ceruledge|item: Ability Shield\n|move|p2a: Enamorus|Earth Power|p1a: Ceruledge\n|-supereffective|p1a: Ceruledge\n|-damage|p1a: Ceruledge|19\/100\n|move|p1a: Ceruledge|Bitter Blade|p2a: Enamorus\n|-damage|p2a: Enamorus|27\/100\n|-heal|p1a: Ceruledge|49\/100|[from] drain|[of] p2a: Enamorus\n|move|p2b: Armarouge|Heat Wave|p1b: Weezing|[spread] p1b\n|-start|p1a: Ceruledge|ability: Flash Fire\n|-damage|p1b: Weezing|48\/100\n|\n|upkeep\n|turn|6\n|\n|t:|1700329460\n|-terastallize|p1b: Weezing|Water\n|move|p1a: Ceruledge|Shadow Sneak|p2a: Enamorus\n|-damage|p2a: Enamorus|0 fnt\n|faint|p2a: Enamorus\n|move|p2b: Armarouge|Heat Wave|p1a: Ceruledge|[spread] p1b\n|-immune|p1a: Ceruledge|[from] ability: Flash Fire\n|-resisted|p1b: Weezing\n|-damage|p1b: Weezing|23\/100\n|move|p1b: Weezing|Tera Blast|p2b: Armarouge|[anim] Tera Blast Water\n|-supereffective|p2b: Armarouge\n|-damage|p2b: Armarouge|0 fnt\n|faint|p2b: Armarouge\n|\n|upkeep\n|-message|PAVS2000 forfeited.\n|\n|win|Shadow Ballers\n|raw|Shadow Ballers's rating: 1111 &rarr; <strong>1144<\/strong><br \/>(+33 for winning)\n|raw|PAVS2000's rating: 1226 &rarr; <strong>1193<\/strong><br \/>(-33 for losing)\n|l|\u2606PAVS2000\n","uploadtime":1700329534,"views":9,"p1id":"shadowballers","p2id":"pavs2000","formatid":"gen9vgc2023regulatione","rating":1144,"private":0,"password":""}