{"id":"gen9vgc2023regulatione-1991651330","p1":"JDPhoenix","p2":"Darkhezry","format":"[Gen 9] VGC 2023 Regulation E","log":"|j|\u2606JDPhoenix\n|j|\u2606Darkhezry\n|t:|1700098579\n|gametype|doubles\n|player|p1|JDPhoenix|169|1089\n|player|p2|Darkhezry|101|1098\n|teamsize|p1|6\n|teamsize|p2|6\n|gen|9\n|tier|[Gen 9] VGC 2023 Regulation E\n|rated|\n|rule|Species Clause: Limit one of each Pok\u00e9mon\n|rule|Item Clause: Limit one of each item\n|clearpoke\n|poke|p1|Dusclops, L50, F|\n|poke|p1|Sinistcha-Masterpiece, L50|\n|poke|p1|Ursaluna-Bloodmoon, L50, M|\n|poke|p1|Iron Hands, L50|\n|poke|p1|Ogerpon-Wellspring, L50, F|\n|poke|p1|Landorus-Therian, L50, M|\n|poke|p2|Glaceon, L50, F|\n|poke|p2|Iron Moth, L50|\n|poke|p2|Rotom-Wash, L50|\n|poke|p2|Hariyama, L50, M|\n|poke|p2|Dusclops, L50, F|\n|poke|p2|Kleavor, L50, M|\n|teampreview|4\n|\n|t:|1700098598\n|start\n|switch|p1a: Sinistcha|Sinistcha-Masterpiece, L50, shiny|100\/100\n|switch|p1b: Iron Hands|Iron Hands, L50|100\/100\n|switch|p2a: Hariyama|Hariyama, L50, M|100\/100\n|switch|p2b: Dusclops|Dusclops, L50, F|100\/100\n|-ability|p2b: Dusclops|Pressure\n|turn|1\n|\n|t:|1700098613\n|move|p2a: Hariyama|Fake Out|p1b: Iron Hands\n|-damage|p1b: Iron Hands|90\/100\n|cant|p1b: Iron Hands|flinch\n|move|p1a: Sinistcha|Matcha Gotcha|p2a: Hariyama|[spread] p2a,p2b\n|-damage|p2a: Hariyama|70\/100\n|-damage|p2b: Dusclops|88\/100\n|move|p2b: Dusclops|Shadow Ball|p1a: Sinistcha\n|-supereffective|p1a: Sinistcha\n|-damage|p1a: Sinistcha|62\/100\n|\n|-status|p2a: Hariyama|brn|[from] item: Flame Orb\n|upkeep\n|turn|2\n|\n|t:|1700098631\n|move|p2b: Dusclops|Helping Hand|p2a: Hariyama\n|-singleturn|p2a: Hariyama|Helping Hand|[of] p2b: Dusclops\n|move|p1a: Sinistcha|Strength Sap|p2a: Hariyama\n|-unboost|p2a: Hariyama|atk|1\n|-heal|p1a: Sinistcha|100\/100\n|move|p2a: Hariyama|Drain Punch|p1b: Iron Hands\n|-damage|p1b: Iron Hands|52\/100\n|-heal|p2a: Hariyama|90\/100 brn|[from] drain|[of] p1b: Iron Hands\n|move|p1b: Iron Hands|Wild Charge|p2b: Dusclops\n|-damage|p2b: Dusclops|51\/100\n|-damage|p1b: Iron Hands|47\/100|[from] Recoil\n|\n|-damage|p2a: Hariyama|84\/100 brn|[from] brn\n|upkeep\n|turn|3\n|\n|t:|1700098680\n|move|p2b: Dusclops|Helping Hand|p2a: Hariyama\n|-singleturn|p2a: Hariyama|Helping Hand|[of] p2b: Dusclops\n|move|p2a: Hariyama|Protect|p2a: Hariyama\n|-singleturn|p2a: Hariyama|Protect\n|move|p1a: Sinistcha|Rage Powder|p1a: Sinistcha\n|-singleturn|p1a: Sinistcha|move: Rage Powder\n|move|p1b: Iron Hands|Drain Punch|p2a: Hariyama\n|-activate|p2a: Hariyama|move: Protect\n|\n|-damage|p2a: Hariyama|78\/100 brn|[from] brn\n|upkeep\n|turn|4\n|\n|t:|1700098694\n|move|p2b: Dusclops|Helping Hand|p2a: Hariyama\n|-singleturn|p2a: Hariyama|Helping Hand|[of] p2b: Dusclops\n|move|p1a: Sinistcha|Matcha Gotcha|p2a: Hariyama|[spread] p2a\n|-miss|p1a: Sinistcha|p2b: Dusclops\n|-damage|p2a: Hariyama|52\/100 brn\n|move|p1b: Iron Hands|Drain Punch|p2a: Hariyama\n|-damage|p2a: Hariyama|0 fnt\n|-heal|p1b: Iron Hands|72\/100|[from] drain|[of] p2a: Hariyama\n|faint|p2a: Hariyama\n|\n|upkeep\n|\n|t:|1700098707\n|switch|p2a: Rotom|Rotom-Wash, L50|100\/100\n|turn|5\n|\n|t:|1700098720\n|-terastallize|p2a: Rotom|Electric\n|move|p2a: Rotom|Shadow Ball|p1a: Sinistcha\n|-supereffective|p1a: Sinistcha\n|-damage|p1a: Sinistcha|56\/100\n|move|p1a: Sinistcha|Matcha Gotcha|p2b: Dusclops|[spread] p2a,p2b\n|-damage|p2a: Rotom|67\/100\n|-heal|p1a: Sinistcha|68\/100|[from] drain|[of] p2a: Rotom\n|-damage|p2b: Dusclops|37\/100\n|-heal|p1a: Sinistcha|74\/100|[from] drain|[of] p2b: Dusclops\n|move|p1b: Iron Hands|Wild Charge|p2a: Rotom\n|-resisted|p2a: Rotom\n|-damage|p2a: Rotom|29\/100\n|-damage|p1b: Iron Hands|67\/100|[from] Recoil\n|move|p2b: Dusclops|Shadow Ball|p1a: Sinistcha\n|-supereffective|p1a: Sinistcha\n|-damage|p1a: Sinistcha|40\/100\n|\n|upkeep\n|turn|6\n|\n|t:|1700098749\n|move|p2b: Dusclops|Helping Hand|p2a: Rotom\n|-singleturn|p2a: Rotom|Helping Hand|[of] p2b: Dusclops\n|move|p2a: Rotom|Shadow Ball|p1a: Sinistcha\n|-supereffective|p1a: Sinistcha\n|-damage|p1a: Sinistcha|0 fnt\n|faint|p1a: Sinistcha\n|move|p1b: Iron Hands|Wild Charge|p2a: Rotom\n|-resisted|p2a: Rotom\n|-crit|p2a: Rotom\n|-damage|p2a: Rotom|0 fnt\n|faint|p2a: Rotom\n|-damage|p1b: Iron Hands|64\/100|[from] Recoil\n|\n|upkeep\n|-message|Darkhezry forfeited.\n|\n|win|JDPhoenix\n|raw|JDPhoenix's rating: 1089 &rarr; <strong>1116<\/strong><br \/>(+27 for winning)\n|raw|Darkhezry's rating: 1098 &rarr; <strong>1073<\/strong><br \/>(-25 for losing)\n|l|\u2606Darkhezry\n|l|\u2606JDPhoenix\n|j|\u2606JDPhoenix\n|player|p1|JDPhoenix|169\n","uploadtime":1700098800,"views":24,"p1id":"jdphoenix","p2id":"darkhezry","formatid":"gen9vgc2023regulatione","rating":1073,"private":0,"password":""}