{"id":"gen9vgc2023regulatione-1998139777","p1":"emiya1.0","p2":"Willipino","format":"[Gen 9] VGC 2023 Regulation E","log":"|j|\u2606emiya1.0\n|j|\u2606Willipino\n|t:|1700898887\n|gametype|doubles\n|player|p1|emiya1.0|swimmerf-gen4dp|1377\n|player|p2|Willipino|1|1472\n|teamsize|p1|6\n|teamsize|p2|6\n|gen|9\n|tier|[Gen 9] VGC 2023 Regulation E\n|rated|\n|rule|Species Clause: Limit one of each Pok\u00e9mon\n|rule|Item Clause: Limit one of each item\n|clearpoke\n|poke|p1|Scream Tail, L50|\n|poke|p1|Ogerpon-Cornerstone, L50, F|\n|poke|p1|Chien-Pao, L50|\n|poke|p1|Flutter Mane, L50|\n|poke|p1|Farigiraf, L50, F|\n|poke|p1|Urshifu-*, L50, F|\n|poke|p2|Tornadus, L50, M|\n|poke|p2|Heatran, L50, M|\n|poke|p2|Farigiraf, L50, F|\n|poke|p2|Rillaboom, L50, M|\n|poke|p2|Iron Bundle, L50|\n|poke|p2|Urshifu-*, L50, M|\n|teampreview|4\nemiya1.0 has agreed to open team sheets.\n|\n|t:|1700898933\n|start\n|switch|p1a: \u5927\u5ca9\u86c7|Ogerpon-Cornerstone, L50, F|100\/100\n|switch|p1b: \u5713\u6708\u51b0\u8f2a\u5200|Chien-Pao, L50|100\/100\n|switch|p2a: Tornadus|Tornadus, L50, M|100\/100\n|switch|p2b: Heatran|Heatran, L50, M|100\/100\n|-ability|p1b: \u5713\u6708\u51b0\u8f2a\u5200|Sword of Ruin\n|turn|1\n|\n|t:|1700898951\n|-terastallize|p2b: Heatran|Fairy\n|move|p2a: Tornadus|Tailwind|p2a: Tornadus\n|-sidestart|p2: Willipino|move: Tailwind\n|move|p2b: Heatran|Earth Power|p1a: \u5927\u5ca9\u86c7\n|-damage|p1a: \u5927\u5ca9\u86c7|46\/100\n|-damage|p2b: Heatran|90\/100|[from] item: Life Orb\n|move|p1b: \u5713\u6708\u51b0\u8f2a\u5200|Ice Spinner|p2a: Tornadus\n|-supereffective|p2a: Tornadus\n|-damage|p2a: Tornadus|0 fnt\n|faint|p2a: Tornadus\n|move|p1a: \u5927\u5ca9\u86c7|Stomping Tantrum|p2b: Heatran\n|-damage|p2b: Heatran|49\/100\n|\n|upkeep\n|\n|t:|1700898964\n|switch|p2a: Rillaboom|Rillaboom, L50, M|100\/100\n|-fieldstart|move: Grassy Terrain|[from] ability: Grassy Surge|[of] p2a: Rillaboom\n|turn|2\n|\n|t:|1700898985\n|switch|p1a: \u53e3\u4ea4\u5c3e|Scream Tail, L50, shiny|100\/100\n|-enditem|p1a: \u53e3\u4ea4\u5c3e|Booster Energy\n|-activate|p1a: \u53e3\u4ea4\u5c3e|ability: Protosynthesis|[fromitem]\n|-start|p1a: \u53e3\u4ea4\u5c3e|protosynthesisspe\n|move|p1b: \u5713\u6708\u51b0\u8f2a\u5200|Protect|p1b: \u5713\u6708\u51b0\u8f2a\u5200\n|-singleturn|p1b: \u5713\u6708\u51b0\u8f2a\u5200|Protect\n|move|p2a: Rillaboom|Fake Out|p1b: \u5713\u6708\u51b0\u8f2a\u5200\n|-activate|p1b: \u5713\u6708\u51b0\u8f2a\u5200|move: Protect\n|move|p2b: Heatran|Earth Power|p1a: \u53e3\u4ea4\u5c3e\n|-damage|p1a: \u53e3\u4ea4\u5c3e|68\/100\n|-damage|p2b: Heatran|39\/100|[from] item: Life Orb\n|\n|-heal|p2b: Heatran|45\/100|[from] Grassy Terrain\n|-heal|p1a: \u53e3\u4ea4\u5c3e|74\/100|[from] Grassy Terrain\n|upkeep\n|turn|3\n|inactive|Battle timer is ON: inactive players will automatically lose when time's up. (requested by emiya1.0)\n|\n|t:|1700899011\n|move|p2a: Rillaboom|Grassy Glide|p1b: \u5713\u6708\u51b0\u8f2a\u5200\n|-damage|p1b: \u5713\u6708\u51b0\u8f2a\u5200|41\/100\n|move|p2b: Heatran|Flash Cannon|p1a: \u53e3\u4ea4\u5c3e\n|-supereffective|p1a: \u53e3\u4ea4\u5c3e\n|-damage|p1a: \u53e3\u4ea4\u5c3e|0 fnt\n|faint|p1a: \u53e3\u4ea4\u5c3e\n|-end|p1a: \u53e3\u4ea4\u5c3e|Protosynthesis|[silent]\n|-damage|p2b: Heatran|35\/100|[from] item: Life Orb\n|move|p1b: \u5713\u6708\u51b0\u8f2a\u5200|Ice Spinner|p2a: Rillaboom\n|-supereffective|p2a: Rillaboom\n|-damage|p2a: Rillaboom|9\/100\n|-fieldend|move: Grassy Terrain\n|\n|upkeep\n|\n|t:|1700899035\n|switch|p1a: \u90a3\u4e5f\u6c92\u8fa6\u9aee|Flutter Mane, L50|100\/100\n|turn|4\n|\n|t:|1700899047\n|-terastallize|p1a: \u90a3\u4e5f\u6c92\u8fa6\u9aee|Fairy\n|move|p1b: \u5713\u6708\u51b0\u8f2a\u5200|Sucker Punch|p2b: Heatran\n|-resisted|p2b: Heatran\n|-crit|p2b: Heatran\n|-damage|p2b: Heatran|0 fnt\n|faint|p2b: Heatran\n|move|p2a: Rillaboom|Grassy Glide|p1a: \u90a3\u4e5f\u6c92\u8fa6\u9aee\n|-damage|p1a: \u90a3\u4e5f\u6c92\u8fa6\u9aee|22\/100\n|move|p1a: \u90a3\u4e5f\u6c92\u8fa6\u9aee|Dazzling Gleam|p2a: Rillaboom\n|-damage|p2a: Rillaboom|0 fnt\n|faint|p2a: Rillaboom\n|\n|-sideend|p2: Willipino|move: Tailwind\n|upkeep\n|\n|t:|1700899053\n|switch|p2b: Urshifu|Urshifu, L50, M|100\/100\n|turn|5\n|\n|t:|1700899065\n|-end|p1a: \u90a3\u4e5f\u6c92\u8fa6\u9aee|Protosynthesis|[silent]\n|switch|p1a: \u5927\u5ca9\u86c7|Ogerpon-Cornerstone, L50, F|46\/100\n|move|p2b: Urshifu|Sucker Punch||[still]\n|-fail|p2b: Urshifu\n|move|p1b: \u5713\u6708\u51b0\u8f2a\u5200|Ice Spinner|p2b: Urshifu\n|-damage|p2b: Urshifu|51\/100\n|\n|upkeep\n|turn|6\n|\n|t:|1700899075\n|move|p2b: Urshifu|Sucker Punch|p1b: \u5713\u6708\u51b0\u8f2a\u5200\n|-resisted|p1b: \u5713\u6708\u51b0\u8f2a\u5200\n|-damage|p1b: \u5713\u6708\u51b0\u8f2a\u5200|13\/100\n|move|p1b: \u5713\u6708\u51b0\u8f2a\u5200|Ice Spinner|p2b: Urshifu\n|-damage|p2b: Urshifu|2\/100\n|move|p1a: \u5927\u5ca9\u86c7|Horn Leech|p2b: Urshifu\n|-damage|p2b: Urshifu|0 fnt\n|-heal|p1a: \u5927\u5ca9\u86c7|48\/100|[from] drain|[of] p2b: Urshifu\n|faint|p2b: Urshifu\n|\n|win|emiya1.0\n|raw|emiya1.0's rating: 1377 &rarr; <strong>1402<\/strong><br \/>(+25 for winning)\n|raw|Willipino's rating: 1472 &rarr; <strong>1447<\/strong><br \/>(-25 for losing)\n|l|\u2606emiya1.0\n","uploadtime":1700899086,"views":19,"p1id":"emiya10","p2id":"willipino","formatid":"gen9vgc2023regulatione","rating":1402,"private":0,"password":""}