{"id":"gen9vgc2023regulatione-1992824004","p1":"whyismynamejeff","p2":"Secspanther","format":"[Gen 9] VGC 2023 Regulation E","log":"|j|\u2606whyismynamejeff\n|j|\u2606Secspanther\n|t:|1700238606\n|gametype|doubles\n|player|p1|whyismynamejeff|colress|1116\n|player|p2|Secspanther|101|1065\n|teamsize|p1|6\n|teamsize|p2|6\n|gen|9\n|tier|[Gen 9] VGC 2023 Regulation E\n|rated|\n|rule|Species Clause: Limit one of each Pok\u00e9mon\n|rule|Item Clause: Limit one of each item\n|clearpoke\n|poke|p1|Empoleon, L50, F|\n|poke|p1|Ogerpon-Hearthflame, L50, F|\n|poke|p1|Flutter Mane, L50|\n|poke|p1|Iron Hands, L50|\n|poke|p1|Baxcalibur, L50, M|\n|poke|p1|Landorus-Therian, L50, M|\n|poke|p2|Tornadus, L50, M|\n|poke|p2|Ogerpon-Wellspring, L50, F|\n|poke|p2|Annihilape, L50, M|\n|poke|p2|Sableye, L50, F|\n|poke|p2|Dipplin, L50, M|\n|poke|p2|Chi-Yu, L50|\n|teampreview|4\n|inactive|Battle timer is ON: inactive players will automatically lose when time's up. (requested by Secspanther)\n|\n|t:|1700238637\n|start\n|switch|p1a: Empoleon|Empoleon, L50, F|100\/100\n|switch|p1b: Landorus|Landorus-Therian, L50, M|100\/100\n|switch|p2a: Annihilape|Annihilape, L50, M|100\/100\n|switch|p2b: Sableye|Sableye, L50, F|100\/100\n|-ability|p1b: Landorus|Intimidate|boost\n|-unboost|p2a: Annihilape|atk|1\n|-ability|p2a: Annihilape|Defiant|boost\n|-boost|p2a: Annihilape|atk|2\n|-unboost|p2b: Sableye|atk|1\n|turn|1\n|\n|t:|1700238656\n|move|p2b: Sableye|Fake Out|p1a: Empoleon\n|-resisted|p1a: Empoleon\n|-damage|p1a: Empoleon|98\/100\n|move|p1b: Landorus|Stomping Tantrum|p2a: Annihilape\n|-damage|p2a: Annihilape|59\/100\n|-damage|p1b: Landorus|84\/100|[from] item: Rocky Helmet|[of] p2a: Annihilape\n|move|p2a: Annihilape|Bulk Up|p2a: Annihilape\n|-boost|p2a: Annihilape|atk|1\n|-boost|p2a: Annihilape|def|1\n|cant|p1a: Empoleon|flinch\n|\n|-heal|p1a: Empoleon|100\/100|[from] item: Leftovers\n|upkeep\n|turn|2\n|\n|t:|1700238675\n|move|p2b: Sableye|Helping Hand|p2a: Annihilape\n|-singleturn|p2a: Annihilape|Helping Hand|[of] p2b: Sableye\n|move|p1b: Landorus|Stomping Tantrum|p2b: Sableye\n|-damage|p2b: Sableye|49\/100\n|-enditem|p2b: Sableye|Sitrus Berry|[eat]\n|-heal|p2b: Sableye|74\/100|[from] item: Sitrus Berry\n|move|p2a: Annihilape|Drain Punch|p1a: Empoleon\n|-supereffective|p1a: Empoleon\n|-damage|p1a: Empoleon|0 fnt\n|-heal|p2a: Annihilape|100\/100|[from] drain|[of] p1a: Empoleon\n|faint|p1a: Empoleon\n|\n|upkeep\n|\n|t:|1700238688\n|switch|p1a: Baxcalibur|Baxcalibur, L50, M|100\/100\n|turn|3\n|\n|t:|1700238698\n|move|p1b: Landorus|Stomping Tantrum|p2b: Sableye\n|-damage|p2b: Sableye|20\/100\n|move|p1a: Baxcalibur|Icicle Spear|p2a: Annihilape\n|-crit|p2a: Annihilape\n|-damage|p2a: Annihilape|79\/100\n|-crit|p2a: Annihilape\n|-damage|p2a: Annihilape|58\/100\n|-damage|p2a: Annihilape|48\/100\n|-damage|p2a: Annihilape|37\/100\n|-damage|p2a: Annihilape|27\/100\n|-hitcount|p2a: Annihilape|5\n|move|p2a: Annihilape|Rock Slide|p1a: Baxcalibur|[spread] p1a,p1b\n|-supereffective|p1a: Baxcalibur\n|-damage|p1a: Baxcalibur|40\/100\n|-damage|p1b: Landorus|48\/100\n|move|p2b: Sableye|Foul Play|p1b: Landorus\n|-damage|p1b: Landorus|0 fnt\n|faint|p1b: Landorus\n|\n|upkeep\n|\n|t:|1700238719\n|switch|p1b: Ogerpon|Ogerpon-Hearthflame, L50, F|100\/100\n|-ability|p1b: Ogerpon|Mold Breaker\n|turn|4\n|\n|t:|1700238735\n|move|p1b: Ogerpon|Ivy Cudgel|p2a: Annihilape|[anim] Ivy Cudgel Fire\n|-damage|p2a: Annihilape|0 fnt\n|faint|p2a: Annihilape\n|move|p1a: Baxcalibur|Icicle Spear|p2b: Sableye\n|-damage|p2b: Sableye|4\/100\n|-damage|p2b: Sableye|0 fnt\n|faint|p2b: Sableye\n|-hitcount|p2: Sableye|2\n|\n|upkeep\n|\n|t:|1700238745\n|switch|p2a: Ogerpon|Ogerpon-Wellspring, L50, F|100\/100\n|switch|p2b: Tornadus|Tornadus, L50, M|100\/100\n|turn|5\n|l|\u2606Secspanther\n|inactive|Secspanther disconnected and has a minute to reconnect!\n|player|p2|\n|inactive|Secspanther has 30 seconds left.\n|c|\u2606whyismynamejeff|eeh ahh\n|c|\u2606whyismynamejeff|ehhahh\n|inactive|Secspanther has 20 seconds left.\n|inactive|Secspanther has 15 seconds left.\n|c|\u2606whyismynamejeff|i put the new coupe in the lot\n|inactive|Secspanther has 10 seconds left.\n|inactive|Secspanther has 5 seconds left.\n|-message|Secspanther lost due to inactivity.\n|\n|win|whyismynamejeff\n|raw|whyismynamejeff's rating: 1116 &rarr; <strong>1137<\/strong><br \/>(+21 for winning)\n|raw|Secspanther's rating: 1065 &rarr; <strong>1048<\/strong><br \/>(-17 for losing)\n","uploadtime":1700238805,"views":19,"p1id":"whyismynamejeff","p2id":"secspanther","formatid":"gen9vgc2023regulatione","rating":1048,"private":0,"password":""}