{"id":"gen9vgc2023regulatione-1998332477","p1":"Pixelated_Toast","p2":"Squirly","format":"[Gen 9] VGC 2023 Regulation E","log":"|j|\u2606Pixelated_Toast\n|j|\u2606Squirly\n|n|\u2606Pixelated_Toast|pixelatedtoast\n|n|\u2606Squirly|squirly\n|html|View the match progress at <a href=\"\/game-bestof3-gen9vgc2023regulatione-1998329206\">game-bestof3-gen9vgc2023regulatione-1998329206<\/a>\n|t:|1700930483\n|gametype|doubles\n|player|p1|Pixelated_Toast|265|\n|player|p2|Squirly|psychic-gen4|\n|teamsize|p1|6\n|teamsize|p2|6\n|gen|9\n|tier|[Gen 9] VGC 2023 Regulation E\n|rule|Species Clause: Limit one of each Pok\u00e9mon\n|rule|Item Clause: Limit one of each item\n|clearpoke\n|poke|p1|Overqwil, L50, F|\n|poke|p1|Dusclops, L50, M|\n|poke|p1|Basculin-Blue-Striped, L50, M|\n|poke|p1|Breloom, L50, F|\n|poke|p1|Gumshoos, L50, F|\n|poke|p1|Goodra-Hisui, L50, M|\n|poke|p2|Dragapult, L50, F|\n|poke|p2|Espeon, L50, M|\n|poke|p2|Landorus-Therian, L50, M|\n|poke|p2|Moltres-Galar, L50|\n|poke|p2|Morgrem, L50, M|\n|poke|p2|Pyroar, L50, M|\n|teampreview|4\nSquirly rejected open team sheets.\n|j| jadon A.\n|\n|t:|1700930514\n|start\n|switch|p1a: Mrs. Puff|Overqwil, L50, F, shiny|100\/100\n|switch|p1b: Ghost|Dusclops, L50, M, shiny|100\/100\n|switch|p2a: Morgrem|Morgrem, L50, M|100\/100\n|switch|p2b: Landorus|Landorus-Therian, L50, M|100\/100\n|-ability|p1a: Mrs. Puff|Intimidate|boost\n|-unboost|p2a: Morgrem|atk|1\n|-unboost|p2b: Landorus|atk|1\n|-ability|p2b: Landorus|Intimidate|boost\n|-unboost|p1a: Mrs. Puff|atk|1\n|-unboost|p1b: Ghost|atk|1\n|-item|p2a: Morgrem|Eviolite|[from] ability: Frisk|[of] p1b: Ghost|[identify]\n|-item|p2b: Landorus|Soft Sand|[from] ability: Frisk|[of] p1b: Ghost|[identify]\n|turn|1\n|\n|t:|1700930552\n|-terastallize|p1a: Mrs. Puff|Normal\n|move|p2b: Landorus|Protect|p2b: Landorus\n|-singleturn|p2b: Landorus|Protect\n|move|p2a: Morgrem|Taunt|p1b: Ghost\n|-start|p1b: Ghost|move: Taunt\n|move|p1a: Mrs. Puff|Self-Destruct|p2a: Morgrem|[spread] p2a\n|-activate|p2b: Landorus|move: Protect\n|-immune|p1b: Ghost\n|-enditem|p1a: Mrs. Puff|Normal Gem|[from] gem\n|-damage|p2a: Morgrem|50\/100\n|faint|p1a: Mrs. Puff\n|cant|p1b: Ghost|move: Taunt|Will-O-Wisp\n|\n|upkeep\n|\n|t:|1700930564\n|switch|p1a: Fish|Basculin-Blue-Striped, L50, M, shiny|100\/100\n|turn|2\n|\n|t:|1700930611\n|move|p2a: Morgrem|Reflect|p2a: Morgrem\n|-sidestart|p2: Squirly|Reflect\n|move|p1a: Fish|Wave Crash|p2b: Landorus\n|-supereffective|p2b: Landorus\n|-damage|p2b: Landorus|0 fnt\n|faint|p2b: Landorus\n|move|p1b: Ghost|Leech Life|p2a: Morgrem\n|-damage|p2a: Morgrem|45\/100\n|\n|upkeep\n|\n|t:|1700930623\n|switch|p2b: Moltres|Moltres-Galar, L50|100\/100\n|turn|3\n|\n|t:|1700930649\n|move|p2a: Morgrem|Scary Face|p1a: Fish\n|-unboost|p1a: Fish|spe|2\n|move|p2b: Moltres|Nasty Plot|p2b: Moltres\n|-boost|p2b: Moltres|spa|2\n|move|p1a: Fish|Wave Crash|p2b: Moltres\n|-damage|p2b: Moltres|46\/100\n|-ability|p2b: Moltres|Berserk|boost\n|-boost|p2b: Moltres|spa|1\n|-enditem|p2b: Moltres|Sitrus Berry|[eat]\n|-heal|p2b: Moltres|71\/100|[from] item: Sitrus Berry\n|move|p1b: Ghost|Leech Life|p2b: Moltres\n|-damage|p2b: Moltres|65\/100\n|\n|-end|p1b: Ghost|move: Taunt\n|upkeep\n|turn|4\n|\n|t:|1700930680\n|switch|p1a: Gary|Goodra-Hisui, L50, M|100\/100\n|move|p2a: Morgrem|Taunt|p1b: Ghost\n|-start|p1b: Ghost|move: Taunt\n|move|p2b: Moltres|Fiery Wrath|p1a: Gary|[spread] p1a,p1b\n|-supereffective|p1b: Ghost\n|-damage|p1a: Gary|63\/100\n|-damage|p1b: Ghost|19\/100\n|cant|p1b: Ghost|move: Taunt|Trick Room\n|\n|upkeep\n|turn|5\n|\n|t:|1700930700\n|move|p2a: Morgrem|Light Screen|p2a: Morgrem\n|-sidestart|p2: Squirly|move: Light Screen\n|move|p2b: Moltres|Fiery Wrath|p1a: Gary|[spread] p1a,p1b\n|-supereffective|p1b: Ghost\n|-damage|p1a: Gary|28\/100\n|-damage|p1b: Ghost|0 fnt\n|faint|p1b: Ghost\n|move|p1a: Gary|Ice Beam|p2b: Moltres\n|-supereffective|p2b: Moltres\n|-damage|p2b: Moltres|30\/100\n|-ability|p2b: Moltres|Berserk|boost\n|-boost|p2b: Moltres|spa|1\n|\n|upkeep\n|\n|t:|1700930710\n|switch|p1b: Fish|Basculin-Blue-Striped, L50, M, shiny|100\/100\n|turn|6\n|\n|t:|1700930719\n|move|p2a: Morgrem|Scary Face|p1b: Fish\n|-unboost|p1b: Fish|spe|2\n|move|p2b: Moltres|Fiery Wrath|p1b: Fish|[spread] p1a,p1b\n|-damage|p1a: Gary|0 fnt\n|-damage|p1b: Fish|0 fnt\n|faint|p1a: Gary\n|faint|p1b: Fish\n|\n|win|Squirly\n|c|\u2606Pixelated_Toast|gg\n|c|\u2606Squirly|Ggs\n|l| jadon A.\n|l|\u2606Pixelated_Toast\n","uploadtime":1700930879,"views":9,"p1id":"pixelatedtoast","p2id":"squirly","formatid":"gen9vgc2023regulatione","rating":0,"private":0,"password":""}