{"id":"gen9vgc2023regulatione-1989331014","p1":"Griff Notes","p2":"nc1331","format":"[Gen 9] VGC 2023 Regulation E","log":"|j|\u2606Griff Notes\n|j|\u2606nc1331\n|t:|1699837210\n|gametype|doubles\n|player|p1|Griff Notes|1|1058\n|player|p2|nc1331|266|1171\n|teamsize|p1|6\n|teamsize|p2|6\n|gen|9\n|tier|[Gen 9] VGC 2023 Regulation E\n|rated|\n|rule|Species Clause: Limit one of each Pok\u00e9mon\n|rule|Item Clause: Limit one of each item\n|clearpoke\n|poke|p1|Moltres-Galar, L50|\n|poke|p1|Arcanine-Hisui, L50, M|\n|poke|p1|Munkidori, L50, M|\n|poke|p1|Sinistcha, L50|\n|poke|p1|Grimmsnarl, L50, M|\n|poke|p1|Milotic, L50, M|\n|poke|p2|Tornadus, L50, M|\n|poke|p2|Arcanine-Hisui, L50, F|\n|poke|p2|Iron Hands, L50|\n|poke|p2|Urshifu-*, L50, F|\n|poke|p2|Ogerpon-Wellspring, L50, F|\n|poke|p2|Gholdengo, L50|\n|teampreview|4\n|inactive|Battle timer is ON: inactive players will automatically lose when time's up. (requested by nc1331)\n|inactive|Griff Notes has 60 seconds left.\n|\n|t:|1699837261\n|start\n|switch|p1a: Munkidori|Munkidori, L50, M|100\/100\n|switch|p1b: Moltres|Moltres-Galar, L50|100\/100\n|switch|p2a: Tornadus|Tornadus, L50, M, shiny|100\/100\n|switch|p2b: Arcanine|Arcanine-Hisui, L50, F, shiny|100\/100\n|-item|p2a: Tornadus|Covert Cloak|[from] ability: Frisk|[of] p1a: Munkidori|[identify]\n|-item|p2b: Arcanine|Choice Band|[from] ability: Frisk|[of] p1a: Munkidori|[identify]\n|-ability|p2b: Arcanine|Intimidate|boost\n|-unboost|p1a: Munkidori|atk|1\n|-unboost|p1b: Moltres|atk|1\n|turn|1\n|\n|t:|1699837281\n|-terastallize|p2b: Arcanine|Fairy\n|move|p1a: Munkidori|Fake Out|p2b: Arcanine\n|-damage|p2b: Arcanine|96\/100\n|move|p2a: Tornadus|Tailwind|p2a: Tornadus\n|-sidestart|p2: nc1331|move: Tailwind\n|cant|p2b: Arcanine|flinch\n|move|p1b: Moltres|Nasty Plot|p1b: Moltres\n|-boost|p1b: Moltres|spa|2\n|\n|upkeep\n|turn|2\n|\n|t:|1699837304\n|move|p1b: Moltres|Protect|p1b: Moltres\n|-singleturn|p1b: Moltres|Protect\n|move|p2a: Tornadus|Bleakwind Storm|p1b: Moltres|[spread] p1a\n|-activate|p1b: Moltres|move: Protect\n|-damage|p1a: Munkidori|65\/100\n|move|p2b: Arcanine|Tera Blast|p1b: Moltres|[anim] Tera Blast Fairy\n|-activate|p1b: Moltres|move: Protect\n|move|p1a: Munkidori|Sludge Bomb|p2b: Arcanine\n|-supereffective|p2b: Arcanine\n|-damage|p2b: Arcanine|0 fnt\n|faint|p2b: Arcanine\n|\n|upkeep\n|\n|t:|1699837308\n|switch|p2b: Iron Hands|Iron Hands, L50|100\/100\n|turn|3\n|inactive|Griff Notes has 30 seconds left.\n|inactive|Griff Notes has 20 seconds left.\n|\n|t:|1699837346\n|switch|p1a: Grimmsnarl|Grimmsnarl, L50, M|100\/100\n|-terastallize|p1b: Moltres|Poison\n|move|p2a: Tornadus|Bleakwind Storm|p1b: Moltres|[spread] p1a\n|-miss|p2a: Tornadus|p1b: Moltres\n|-damage|p1a: Grimmsnarl|68\/100\n|move|p2b: Iron Hands|Drain Punch|p1b: Moltres\n|-resisted|p1b: Moltres\n|-damage|p1b: Moltres|79\/100\n|move|p1b: Moltres|Nasty Plot|p1b: Moltres\n|-boost|p1b: Moltres|spa|2\n|\n|upkeep\n|turn|4\n|\n|t:|1699837371\n|move|p1a: Grimmsnarl|Reflect|p1a: Grimmsnarl\n|-sidestart|p1: Griff Notes|Reflect\n|move|p2a: Tornadus|Bleakwind Storm|p1b: Moltres|[spread] p1a,p1b\n|-damage|p1a: Grimmsnarl|39\/100\n|-damage|p1b: Moltres|55\/100\n|-unboost|p1a: Grimmsnarl|spe|1\n|-unboost|p1b: Moltres|spe|1\n|move|p2b: Iron Hands|Wild Charge|p1b: Moltres\n|-damage|p1b: Moltres|23\/100\n|-damage|p2b: Iron Hands|94\/100|[from] Recoil\n|-ability|p1b: Moltres|Berserk|boost\n|-boost|p1b: Moltres|spa|1\n|-enditem|p1b: Moltres|Sitrus Berry|[eat]\n|-heal|p1b: Moltres|48\/100|[from] item: Sitrus Berry\n|move|p1b: Moltres|Fiery Wrath|p2a: Tornadus|[spread] p2a,p2b\n|-resisted|p2b: Iron Hands\n|-damage|p2a: Tornadus|5\/100\n|-damage|p2b: Iron Hands|67\/100\n|\n|-sideend|p2: nc1331|move: Tailwind\n|upkeep\n|turn|5\n|inactive|Griff Notes has 30 seconds left.\n|inactive|nc1331 has 30 seconds left.\n|\n|t:|1699837402\n|move|p1b: Moltres|Protect|p1b: Moltres\n|-singleturn|p1b: Moltres|Protect\n|move|p2a: Tornadus|Tailwind|p2a: Tornadus\n|-sidestart|p2: nc1331|move: Tailwind\n|move|p1a: Grimmsnarl|Parting Shot|p2b: Iron Hands\n|-unboost|p2b: Iron Hands|atk|1\n|-unboost|p2b: Iron Hands|spa|1\n|\n|t:|1699837410\n|switch|p1a: Sinistcha|Sinistcha, L50|100\/100|[from] Parting Shot\n|-heal|p1b: Moltres|73\/100|[from] ability: Hospitality|[of] p1a: Sinistcha\n|move|p2b: Iron Hands|Wild Charge|p1b: Moltres\n|-activate|p1b: Moltres|move: Protect\n|\n|upkeep\n|turn|6\n|\n|t:|1699837435\n|-end|p2b: Iron Hands|Quark Drive|[silent]\n|switch|p2b: Ogerpon|Ogerpon-Wellspring, L50, F|100\/100\n|move|p1a: Sinistcha|Rage Powder|p1a: Sinistcha\n|-singleturn|p1a: Sinistcha|move: Rage Powder\n|move|p2a: Tornadus|Bleakwind Storm|p1a: Sinistcha|[spread] p1a\n|-miss|p2a: Tornadus|p1b: Moltres\n|-supereffective|p1a: Sinistcha\n|-damage|p1a: Sinistcha|35\/100\n|move|p1b: Moltres|Fiery Wrath|p2a: Tornadus|[spread] p2a,p2b\n|-damage|p2a: Tornadus|0 fnt\n|-damage|p2b: Ogerpon|0 fnt\n|faint|p2a: Tornadus\n|faint|p2b: Ogerpon\n|\n|upkeep\n|c|\u2606nc1331|so boring\n|-message|nc1331 forfeited.\n|\n|win|Griff Notes\n|raw|Griff Notes's rating: 1058 &rarr; <strong>1099<\/strong><br \/>(+41 for winning)\n|raw|nc1331's rating: 1171 &rarr; <strong>1138<\/strong><br \/>(-33 for losing)\n|l|\u2606nc1331\n|l|\u2606Griff Notes\n|j|\u2606Griff Notes\n|player|p1|Griff Notes|1\n","uploadtime":1699837508,"views":27,"p1id":"griffnotes","p2id":"nc1331","formatid":"gen9vgc2023regulatione","rating":1099,"private":0,"password":""}