{"id":"gen9vgc2023regulatione-1998662229","p1":"TonyPajamas16","p2":"That_Leek","format":"[Gen 9] VGC 2023 Regulation E","log":"|j|\u2606TonyPajamas16\n|j|\u2606That_Leek\n|t:|1700969172\n|gametype|doubles\n|player|p1|TonyPajamas16|psychicf-gen4|1421\n|player|p2|That_Leek|blue|1479\n|teamsize|p1|6\n|teamsize|p2|6\n|gen|9\n|tier|[Gen 9] VGC 2023 Regulation E\n|rated|\n|rule|Species Clause: Limit one of each Pok\u00e9mon\n|rule|Item Clause: Limit one of each item\n|clearpoke\n|poke|p1|Scream Tail, L50|\n|poke|p1|Spectrier, L50|\n|poke|p1|Milotic, L50, F|\n|poke|p1|Ogerpon-Hearthflame, L50, F|\n|poke|p1|Sneasler, L50, M|\n|poke|p1|Rillaboom, L50, M|\n|poke|p2|Gholdengo, L50|\n|poke|p2|Ogerpon-Wellspring, L50, F|\n|poke|p2|Arcanine-Hisui, L50, M|\n|poke|p2|Chien-Pao, L50|\n|poke|p2|Scream Tail, L50|\n|poke|p2|Dragonite, L50, F|\n|teampreview|4\nTonyPajamas16 has agreed to open team sheets.\nThat_Leek has agreed to open team sheets.\n|\n|t:|1700969243\n|start\n|switch|p1a: Milotic|Milotic, L50, F|100\/100\n|switch|p1b: Ogerpon|Ogerpon-Hearthflame, L50, F|100\/100\n|switch|p2a: Scream Tail|Scream Tail, L50|100\/100\n|switch|p2b: Gholdengo|Gholdengo, L50|100\/100\n|-ability|p1b: Ogerpon|Mold Breaker\n|-enditem|p2a: Scream Tail|Booster Energy\n|-activate|p2a: Scream Tail|ability: Protosynthesis|[fromitem]\n|-start|p2a: Scream Tail|protosynthesisspe\n|turn|1\n|\n|t:|1700969282\n|-terastallize|p1a: Milotic|Dragon\n|move|p2b: Gholdengo|Protect|p2b: Gholdengo\n|-singleturn|p2b: Gholdengo|Protect\n|move|p2a: Scream Tail|Thunder Wave|p1b: Ogerpon\n|-status|p1b: Ogerpon|par\n|move|p1a: Milotic|Coil|p1a: Milotic\n|-boost|p1a: Milotic|atk|1\n|-boost|p1a: Milotic|def|1\n|-boost|p1a: Milotic|accuracy|1\n|cant|p1b: Ogerpon|par\n|\n|upkeep\n|turn|2\n|\n|t:|1700969297\n|-terastallize|p2b: Gholdengo|Water\n|move|p1b: Ogerpon|Spiky Shield|p1b: Ogerpon\n|-singleturn|p1b: Ogerpon|move: Protect\n|move|p2a: Scream Tail|Thunder Wave|p1a: Milotic\n|-status|p1a: Milotic|par\n|move|p2b: Gholdengo|Nasty Plot|p2b: Gholdengo\n|-boost|p2b: Gholdengo|spa|2\n|move|p1a: Milotic|Hypnosis|p2a: Scream Tail\n|-status|p2a: Scream Tail|slp|[from] move: Hypnosis\n|\n|upkeep\n|turn|3\n|\n|t:|1700969311\n|cant|p2a: Scream Tail|slp\n|move|p2b: Gholdengo|Shadow Ball|p1b: Ogerpon\n|-damage|p1b: Ogerpon|0 fnt\n|faint|p1b: Ogerpon\n|cant|p1a: Milotic|par\n|\n|upkeep\n|\n|t:|1700969318\n|switch|p1b: Rillaboom|Rillaboom, L50, M|100\/100\n|-fieldstart|move: Grassy Terrain|[from] ability: Grassy Surge|[of] p1b: Rillaboom\n|turn|4\n|\n|t:|1700969333\n|move|p2b: Gholdengo|Protect|p2b: Gholdengo\n|-singleturn|p2b: Gholdengo|Protect\n|move|p1b: Rillaboom|Fake Out|p2a: Scream Tail\n|-damage|p2a: Scream Tail|91\/100 slp\n|cant|p2a: Scream Tail|slp\n|move|p1a: Milotic|Coil|p1a: Milotic\n|-boost|p1a: Milotic|atk|1\n|-boost|p1a: Milotic|def|1\n|-boost|p1a: Milotic|accuracy|1\n|\n|-heal|p2a: Scream Tail|97\/100 slp|[from] Grassy Terrain\n|upkeep\n|turn|5\n|\n|t:|1700969343\n|move|p1b: Rillaboom|Grassy Glide|p2b: Gholdengo\n|-supereffective|p2b: Gholdengo\n|-damage|p2b: Gholdengo|31\/100\n|-enditem|p2b: Gholdengo|Sitrus Berry|[eat]\n|-heal|p2b: Gholdengo|56\/100|[from] item: Sitrus Berry\n|-curestatus|p2a: Scream Tail|slp|[msg]\n|move|p2a: Scream Tail|Thunder Wave|p1b: Rillaboom\n|-status|p1b: Rillaboom|par\n|move|p2b: Gholdengo|Shadow Ball|p1b: Rillaboom\n|-damage|p1b: Rillaboom|32\/100 par\n|cant|p1a: Milotic|par\n|\n|-heal|p2a: Scream Tail|100\/100|[from] Grassy Terrain\n|-heal|p2b: Gholdengo|62\/100|[from] Grassy Terrain\n|-heal|p1b: Rillaboom|38\/100 par|[from] Grassy Terrain\n|upkeep\n|turn|6\n|\n|t:|1700969361\n|move|p2b: Gholdengo|Protect|p2b: Gholdengo\n|-singleturn|p2b: Gholdengo|Protect\n|move|p1b: Rillaboom|Grassy Glide|p2b: Gholdengo\n|-activate|p2b: Gholdengo|move: Protect\n|move|p2a: Scream Tail|Disable|p1b: Rillaboom\n|-start|p1b: Rillaboom|Disable|Grassy Glide\n|move|p1a: Milotic|Hypnosis|p2a: Scream Tail\n|-status|p2a: Scream Tail|slp|[from] move: Hypnosis\n|\n|-heal|p2b: Gholdengo|67\/100|[from] Grassy Terrain\n|-heal|p1b: Rillaboom|44\/100 par|[from] Grassy Terrain\n|upkeep\n|turn|7\n|\n|t:|1700969371\n|switch|p1b: Spectrier|Spectrier, L50|100\/100\n|cant|p2a: Scream Tail|slp\n|move|p2b: Gholdengo|Nasty Plot|p2b: Gholdengo\n|-boost|p2b: Gholdengo|spa|2\n|move|p1a: Milotic|Icy Wind|p2b: Gholdengo|[spread] p2a,p2b\n|-resisted|p2b: Gholdengo\n|-damage|p2a: Scream Tail|94\/100 slp\n|-damage|p2b: Gholdengo|62\/100\n|-unboost|p2a: Scream Tail|spe|1\n|-unboost|p2b: Gholdengo|spe|1\n|\n|-heal|p2a: Scream Tail|99\/100 slp|[from] Grassy Terrain\n|-heal|p2b: Gholdengo|68\/100|[from] Grassy Terrain\n|upkeep\n|turn|8\n|\n|t:|1700969390\n|move|p1b: Spectrier|Hex|p2b: Gholdengo\n|-damage|p2b: Gholdengo|26\/100\n|-curestatus|p2a: Scream Tail|slp|[msg]\n|move|p2a: Scream Tail|Play Rough|p1b: Spectrier\n|-damage|p1b: Spectrier|68\/100\n|move|p2b: Gholdengo|Make It Rain|p1b: Spectrier|[spread] p1a,p1b\n|-damage|p1a: Milotic|2\/100 par\n|-damage|p1b: Spectrier|0 fnt\n|-unboost|p2b: Gholdengo|spa|1\n|faint|p1b: Spectrier\n|move|p1a: Milotic|Scald|p2b: Gholdengo\n|-resisted|p2b: Gholdengo\n|-damage|p2b: Gholdengo|11\/100\n|\n|-heal|p2a: Scream Tail|100\/100|[from] Grassy Terrain\n|-heal|p2b: Gholdengo|17\/100|[from] Grassy Terrain\n|-heal|p1a: Milotic|8\/100 par|[from] Grassy Terrain\n|-heal|p1a: Milotic|14\/100 par|[from] item: Leftovers\n|-fieldend|move: Grassy Terrain\n|upkeep\n|\n|t:|1700969398\n|switch|p1b: Rillaboom|Rillaboom, L50, M|44\/100 par\n|-fieldstart|move: Grassy Terrain|[from] ability: Grassy Surge|[of] p1b: Rillaboom\n|turn|9\n|\n|t:|1700969402\n|move|p1b: Rillaboom|Grassy Glide|p2b: Gholdengo\n|-supereffective|p2b: Gholdengo\n|-damage|p2b: Gholdengo|0 fnt\n|faint|p2b: Gholdengo\n|move|p2a: Scream Tail|Play Rough|p1a: Milotic\n|-supereffective|p1a: Milotic\n|-damage|p1a: Milotic|0 fnt\n|faint|p1a: Milotic\n|\n|-heal|p1b: Rillaboom|50\/100 par|[from] Grassy Terrain\n|upkeep\n|\n|t:|1700969404\n|switch|p2b: Chien-Pao|Chien-Pao, L50|100\/100\n|-ability|p2b: Chien-Pao|Sword of Ruin\n|turn|10\n|-message|TonyPajamas16 forfeited.\n|\n|win|That_Leek\n|raw|TonyPajamas16's rating: 1421 &rarr; <strong>1405<\/strong><br \/>(-16 for losing)\n|raw|That_Leek's rating: 1495 &rarr; <strong>1511<\/strong><br \/>(+16 for winning)\n|l|\u2606TonyPajamas16\n","uploadtime":1700969417,"views":1,"p1id":"tonypajamas16","p2id":"thatleek","formatid":"gen9vgc2023regulatione","rating":1405,"private":0,"password":""}