{"id":"gen9vgc2023regulatione-1990595929","p1":"SacredArmadillo","p2":"Gideon9th","format":"[Gen 9] VGC 2023 Regulation E","log":"|j|\u2606SacredArmadillo\n|j|\u2606Gideon9th\n|t:|1699984365\n|gametype|doubles\n|player|p1|SacredArmadillo|ash|1424\n|player|p2|Gideon9th|acetrainerf-gen4dp|1341\n|teamsize|p1|6\n|teamsize|p2|6\n|gen|9\n|tier|[Gen 9] VGC 2023 Regulation E\n|rated|\n|rule|Species Clause: Limit one of each Pok\u00e9mon\n|rule|Item Clause: Limit one of each item\n|clearpoke\n|poke|p1|Torkoal, L50, M|\n|poke|p1|Armarouge, L50, M|\n|poke|p1|Indeedee-F, L50, F|\n|poke|p1|Ursaluna, L50, F|\n|poke|p1|Urshifu-*, L50, M|\n|poke|p1|Roaring Moon, L50|\n|poke|p2|Kommo-o, L50, F|\n|poke|p2|Sinistcha, L50|\n|poke|p2|Kingambit, L50, F|\n|poke|p2|Iron Bundle, L50|\n|poke|p2|Landorus-Therian, L50, M|\n|poke|p2|Tornadus, L50, M|\n|teampreview|4\n|\n|t:|1699984413\n|start\n|switch|p1a: Urshifu|Urshifu-Rapid-Strike, L50, M|100\/100\n|switch|p1b: Roaring Moon|Roaring Moon, L50|100\/100\n|switch|p2a: Landorus|Landorus-Therian, L50, M|100\/100\n|switch|p2b: Kommo-o|Kommo-o, L50, F|100\/100\n|-ability|p2a: Landorus|Intimidate|boost\n|-unboost|p1a: Urshifu|atk|1\n|-unboost|p1b: Roaring Moon|atk|1\n|-enditem|p1b: Roaring Moon|Booster Energy\n|-activate|p1b: Roaring Moon|ability: Protosynthesis|[fromitem]\n|-start|p1b: Roaring Moon|protosynthesisspe\n|turn|1\n|\n|t:|1699984458\n|switch|p2a: Iron Bundle|Iron Bundle, L50|100\/100\n|move|p1b: Roaring Moon|Tailwind|p1b: Roaring Moon\n|-sidestart|p1: SacredArmadillo|move: Tailwind\n|move|p1a: Urshifu|Surging Strikes|p2a: Iron Bundle\n|-resisted|p2a: Iron Bundle\n|-crit|p2a: Iron Bundle\n|-damage|p2a: Iron Bundle|88\/100\n|-resisted|p2a: Iron Bundle\n|-crit|p2a: Iron Bundle\n|-damage|p2a: Iron Bundle|75\/100\n|-resisted|p2a: Iron Bundle\n|-crit|p2a: Iron Bundle\n|-damage|p2a: Iron Bundle|62\/100\n|-hitcount|p2a: Iron Bundle|3\n|move|p2b: Kommo-o|Clanging Scales|p1a: Urshifu|[spread] p1a,p1b\n|-supereffective|p1b: Roaring Moon\n|-damage|p1a: Urshifu|49\/100\n|-damage|p1b: Roaring Moon|38\/100\n|-unboost|p2b: Kommo-o|def|1\n|\n|upkeep\n|turn|2\n|\n|t:|1699984492\n|-end|p2a: Iron Bundle|Quark Drive|[silent]\n|switch|p2a: Landorus|Landorus-Therian, L50, M|100\/100\n|-ability|p2a: Landorus|Intimidate|boost\n|-unboost|p1a: Urshifu|atk|1\n|-unboost|p1b: Roaring Moon|atk|1\n|move|p1b: Roaring Moon|Acrobatics|p2b: Kommo-o\n|-supereffective|p2b: Kommo-o\n|-damage|p2b: Kommo-o|43\/100\n|move|p1a: Urshifu|Surging Strikes|p2b: Kommo-o\n|-resisted|p2b: Kommo-o\n|-crit|p2b: Kommo-o\n|-damage|p2b: Kommo-o|30\/100\n|-resisted|p2b: Kommo-o\n|-crit|p2b: Kommo-o\n|-damage|p2b: Kommo-o|15\/100\n|-resisted|p2b: Kommo-o\n|-crit|p2b: Kommo-o\n|-damage|p2b: Kommo-o|2\/100\n|-hitcount|p2b: Kommo-o|3\n|move|p2b: Kommo-o|Clanging Scales|p1b: Roaring Moon|[spread] p1a,p1b\n|-supereffective|p1b: Roaring Moon\n|-damage|p1a: Urshifu|0 fnt\n|-damage|p1b: Roaring Moon|0 fnt\n|faint|p1a: Urshifu\n|faint|p1b: Roaring Moon\n|-end|p1b: Roaring Moon|Protosynthesis|[silent]\n|-unboost|p2b: Kommo-o|def|1\n|\n|-heal|p2b: Kommo-o|8\/100|[from] item: Leftovers\n|upkeep\n|\n|t:|1699984510\n|switch|p1b: Ursaluna|Ursaluna, L50, F|100\/100\n|switch|p1a: Armarouge|Armarouge, L50, M|100\/100\n|turn|3\n|inactive|Battle timer is ON: inactive players will automatically lose when time's up. (requested by SacredArmadillo)\n|\n|t:|1699984551\n|-terastallize|p2a: Landorus|Flying\n|move|p2a: Landorus|Tera Blast|p1a: Armarouge|[anim] Tera Blast Flying\n|-damage|p1a: Armarouge|44\/100\n|-ability|p1a: Armarouge|Weak Armor|boost\n|-unboost|p1a: Armarouge|def|1\n|-boost|p1a: Armarouge|spe|2\n|move|p1a: Armarouge|Heat Wave|p2a: Landorus|[spread] p2a,p2b\n|-resisted|p2b: Kommo-o\n|-damage|p2a: Landorus|47\/100\n|-damage|p2b: Kommo-o|0 fnt\n|faint|p2b: Kommo-o\n|move|p1b: Ursaluna|Ice Punch|p2a: Landorus\n|-supereffective|p2a: Landorus\n|-damage|p2a: Landorus|0 fnt\n|faint|p2a: Landorus\n|\n|upkeep\n|\n|t:|1699984557\n|switch|p2a: Sinistcha|Sinistcha, L50|100\/100\n|switch|p2b: Iron Bundle|Iron Bundle, L50|62\/100\n|-heal|p2b: Iron Bundle|87\/100|[from] ability: Hospitality|[of] p2a: Sinistcha\n|turn|4\n|inactive|SacredArmadillo has 30 seconds left.\n|inactive|SacredArmadillo has 20 seconds left.\n|\n|t:|1699984596\n|move|p1a: Armarouge|Endure|p1a: Armarouge\n|-singleturn|p1a: Armarouge|move: Endure\n|move|p2a: Sinistcha|Protect|p2a: Sinistcha\n|-singleturn|p2a: Sinistcha|Protect\n|move|p2b: Iron Bundle|Freeze-Dry|p1a: Armarouge\n|-resisted|p1a: Armarouge\n|-damage|p1a: Armarouge|22\/100\n|move|p1b: Ursaluna|Earthquake|p2b: Iron Bundle|[spread] p1a,p2b\n|-activate|p2a: Sinistcha|move: Protect\n|-supereffective|p1a: Armarouge\n|-activate|p1a: Armarouge|move: Endure\n|-damage|p1a: Armarouge|1\/100\n|-damage|p2b: Iron Bundle|29\/100\n|-ability|p1a: Armarouge|Weak Armor|boost\n|-unboost|p1a: Armarouge|def|1\n|-boost|p1a: Armarouge|spe|2\n|-enditem|p1a: Armarouge|Weakness Policy\n|-boost|p1a: Armarouge|atk|2|[from] item: Weakness Policy\n|-boost|p1a: Armarouge|spa|2|[from] item: Weakness Policy\n|\n|-sideend|p1: SacredArmadillo|move: Tailwind\n|upkeep\n|turn|5\n|inactive|SacredArmadillo has 30 seconds left.\n|\n|t:|1699984626\n|-terastallize|p1b: Ursaluna|Normal\n|move|p1a: Armarouge|Heat Wave|p2a: Sinistcha|[spread] p2a,p2b\n|-supereffective|p2a: Sinistcha\n|-crit|p2b: Iron Bundle\n|-damage|p2a: Sinistcha|0 fnt\n|-damage|p2b: Iron Bundle|0 fnt\n|faint|p2a: Sinistcha\n|faint|p2b: Iron Bundle\n|-end|p2b: Iron Bundle|Quark Drive|[silent]\n|\n|win|SacredArmadillo\n|raw|SacredArmadillo's rating: 1424 &rarr; <strong>1439<\/strong><br \/>(+15 for winning)\n|raw|Gideon9th's rating: 1341 &rarr; <strong>1326<\/strong><br \/>(-15 for losing)\n|l|\u2606Gideon9th\n","uploadtime":1699984639,"views":8,"p1id":"sacredarmadillo","p2id":"gideon9th","formatid":"gen9vgc2023regulatione","rating":1326,"private":0,"password":""}