{"id":"gen9vgc2023regulatione-1993503382","p1":"HoraceDPinpsqueak","p2":"Yhdessa","format":"[Gen 9] VGC 2023 Regulation E","log":"|j|\u2606HoraceDPinpsqueak\n|j|\u2606Yhdessa\n|n|\u2606HoraceDPinpsqueak|horacedpinpsqueak\n|n|\u2606Yhdessa|yhdessa\n|html|View the match progress at <a href=\"\/game-bestof3-gen9vgc2023regulatione-1993503381\">game-bestof3-gen9vgc2023regulatione-1993503381<\/a>\n|t:|1700325593\n|gametype|doubles\n|player|p1|HoraceDPinpsqueak|wallace|\n|player|p2|Yhdessa|lance|\n|teamsize|p1|6\n|teamsize|p2|6\n|gen|9\n|tier|[Gen 9] VGC 2023 Regulation E\n|rule|Species Clause: Limit one of each Pok\u00e9mon\n|rule|Item Clause: Limit one of each item\n|clearpoke\n|poke|p1|Roaring Moon, L50|\n|poke|p1|Rillaboom, L50, F|\n|poke|p1|Arcanine-Hisui, L50, M|\n|poke|p1|Okidogi, L50, M|\n|poke|p1|Ditto, L50|\n|poke|p1|Palossand, L50, F|\n|poke|p2|Politoed, L50, F|\n|poke|p2|Hariyama, L50, M|\n|poke|p2|Dusclops, L50, M|\n|poke|p2|Vikavolt, L50, M|\n|poke|p2|Amoonguss, L50, F|\n|poke|p2|Cresselia, L50, F|\n|teampreview|4\n|inactive|Battle timer is ON: inactive players will automatically lose when time's up. (requested by HoraceDPinpsqueak)\nYhdessa rejected open team sheets.\n|c|\u2606Yhdessa|https:\/\/pokepast.es\/6e7f222c232a698c\n|inactive|HoraceDPinpsqueak has 60 seconds left.\n|inactive|Yhdessa has 60 seconds left.\n|c|\u2606HoraceDPinpsqueak|https:\/\/pokepast.es\/ef806cab998b7d7c\n|inactive|HoraceDPinpsqueak has 30 seconds left.\n|inactive|Yhdessa has 30 seconds left.\n|\n|t:|1700325664\n|start\n|switch|p1a: Roaring Moon|Roaring Moon, L50|100\/100\n|switch|p1b: Rillaboom|Rillaboom, L50, F|100\/100\n|switch|p2a: Dusclops|Dusclops, L50, M|100\/100\n|switch|p2b: Master Ball?!?!|Amoonguss, L50, F, shiny|100\/100\n|-fieldstart|move: Grassy Terrain|[from] ability: Grassy Surge|[of] p1b: Rillaboom\n|-ability|p2a: Dusclops|Pressure\n|-enditem|p1a: Roaring Moon|Booster Energy\n|-activate|p1a: Roaring Moon|ability: Protosynthesis|[fromitem]\n|-start|p1a: Roaring Moon|protosynthesisspe\n|turn|1\n|\n|t:|1700325680\n|-terastallize|p1b: Rillaboom|Grass\n|move|p2b: Master Ball?!?!|Protect|p2b: Master Ball?!?!\n|-singleturn|p2b: Master Ball?!?!|Protect\n|move|p1a: Roaring Moon|Knock Off|p2a: Dusclops\n|-supereffective|p2a: Dusclops\n|-damage|p2a: Dusclops|49\/100\n|-enditem|p2a: Dusclops|Eviolite|[from] move: Knock Off|[of] p1a: Roaring Moon\n|move|p1b: Rillaboom|Wood Hammer|p2a: Dusclops\n|-damage|p2a: Dusclops|0 fnt\n|faint|p2a: Dusclops\n|-damage|p1b: Rillaboom|92\/100|[from] Recoil\n|\n|-heal|p1b: Rillaboom|98\/100|[from] Grassy Terrain\n|upkeep\n|\n|t:|1700325696\n|switch|p2a: Tubbz|Hariyama, L50, M|100\/100\n|turn|2\n|\n|t:|1700325706\n|move|p1a: Roaring Moon|Protect|p1a: Roaring Moon\n|-singleturn|p1a: Roaring Moon|Protect\n|move|p2b: Master Ball?!?!|Rage Powder|p2b: Master Ball?!?!\n|-singleturn|p2b: Master Ball?!?!|move: Rage Powder\n|move|p1b: Rillaboom|Wood Hammer|p2a: Tubbz\n|-damage|p2a: Tubbz|0 fnt\n|faint|p2a: Tubbz\n|-damage|p1b: Rillaboom|63\/100|[from] Recoil\n|\n|-heal|p1b: Rillaboom|69\/100|[from] Grassy Terrain\n|upkeep\n|\n|t:|1700325715\n|switch|p2a: Politoed|Politoed, L50, F|100\/100\n|-weather|RainDance|[from] ability: Drizzle|[of] p2a: Politoed\n|turn|3\n|\n|t:|1700325732\n|move|p2a: Politoed|Protect|p2a: Politoed\n|-singleturn|p2a: Politoed|Protect\n|move|p1a: Roaring Moon|Breaking Swipe|p2a: Politoed|[spread] p2b\n|-activate|p2a: Politoed|move: Protect\n|-damage|p2b: Master Ball?!?!|84\/100\n|-unboost|p2b: Master Ball?!?!|atk|1\n|move|p1b: Rillaboom|Wood Hammer|p2a: Politoed\n|-activate|p2a: Politoed|move: Protect\n|move|p2b: Master Ball?!?!|Pollen Puff|p1b: Rillaboom\n|-supereffective|p1b: Rillaboom\n|-damage|p1b: Rillaboom|26\/100\n|\n|-weather|RainDance|[upkeep]\n|-heal|p1b: Rillaboom|32\/100|[from] Grassy Terrain\n|-heal|p2b: Master Ball?!?!|90\/100|[from] Grassy Terrain\n|-heal|p2b: Master Ball?!?!|95\/100|[from] item: Leftovers\n|upkeep\n|turn|4\n|inactive|Yhdessa has 30 seconds left.\n|\n|t:|1700325758\n|move|p2a: Politoed|Helping Hand|p2b: Master Ball?!?!\n|-singleturn|p2b: Master Ball?!?!|Helping Hand|[of] p2a: Politoed\n|move|p1b: Rillaboom|Protect|p1b: Rillaboom\n|-singleturn|p1b: Rillaboom|Protect\n|move|p1a: Roaring Moon|Breaking Swipe|p2a: Politoed|[spread] p2a,p2b\n|-damage|p2a: Politoed|85\/100\n|-damage|p2b: Master Ball?!?!|79\/100\n|-unboost|p2a: Politoed|atk|1\n|-unboost|p2b: Master Ball?!?!|atk|1\n|move|p2b: Master Ball?!?!|Pollen Puff|p1b: Rillaboom\n|-activate|p1b: Rillaboom|move: Protect\n|\n|-weather|RainDance|[upkeep]\n|-heal|p1b: Rillaboom|38\/100|[from] Grassy Terrain\n|-heal|p2a: Politoed|91\/100|[from] Grassy Terrain\n|-heal|p2b: Master Ball?!?!|85\/100|[from] Grassy Terrain\n|-heal|p2b: Master Ball?!?!|91\/100|[from] item: Leftovers\n|upkeep\n|turn|5\n|inactive|HoraceDPinpsqueak has 30 seconds left.\n|\n|t:|1700325784\n|switch|p1b: Arcanine|Arcanine-Hisui, L50, M|100\/100\n|-ability|p1b: Arcanine|Intimidate|boost\n|-unboost|p2a: Politoed|atk|1\n|-unboost|p2b: Master Ball?!?!|atk|1\n|move|p2a: Politoed|Protect|p2a: Politoed\n|-singleturn|p2a: Politoed|Protect\n|move|p1a: Roaring Moon|Knock Off|p2a: Politoed\n|-activate|p2a: Politoed|move: Protect\n|move|p2b: Master Ball?!?!|Pollen Puff|p1b: Arcanine\n|-resisted|p1b: Arcanine\n|-damage|p1b: Arcanine|90\/100\n|\n|-weather|RainDance|[upkeep]\n|-heal|p1b: Arcanine|96\/100|[from] Grassy Terrain\n|-heal|p2a: Politoed|97\/100|[from] Grassy Terrain\n|-heal|p2b: Master Ball?!?!|97\/100|[from] Grassy Terrain\n|-heal|p2b: Master Ball?!?!|100\/100|[from] item: Leftovers\n|-fieldend|move: Grassy Terrain\n|upkeep\n|turn|6\n|\n|t:|1700325807\n|move|p1a: Roaring Moon|Knock Off|p2b: Master Ball?!?!\n|-damage|p2b: Master Ball?!?!|64\/100\n|-enditem|p2b: Master Ball?!?!|Leftovers|[from] move: Knock Off|[of] p1a: Roaring Moon\n|move|p1b: Arcanine|Flare Blitz|p2b: Master Ball?!?!\n|-supereffective|p2b: Master Ball?!?!\n|-crit|p2b: Master Ball?!?!\n|-damage|p2b: Master Ball?!?!|0 fnt\n|faint|p2b: Master Ball?!?!\n|-damage|p1b: Arcanine|70\/100|[from] Recoil\n|move|p2a: Politoed|Weather Ball|p1b: Arcanine\n|-supereffective|p1b: Arcanine\n|-damage|p1b: Arcanine|0 fnt\n|faint|p1b: Arcanine\n|\n|-weather|RainDance|[upkeep]\n|upkeep\n|\n|t:|1700325820\n|switch|p1b: Rillaboom|Rillaboom, L50, F, tera:Grass|38\/100\n|-fieldstart|move: Grassy Terrain|[from] ability: Grassy Surge|[of] p1b: Rillaboom\n|turn|7\n|\n|t:|1700325828\n|move|p1a: Roaring Moon|Knock Off|p2a: Politoed\n|-damage|p2a: Politoed|59\/100\n|-enditem|p2a: Politoed|Damp Rock|[from] move: Knock Off|[of] p1a: Roaring Moon\n|move|p1b: Rillaboom|Wood Hammer|p2a: Politoed\n|-supereffective|p2a: Politoed\n|-damage|p2a: Politoed|0 fnt\n|faint|p2a: Politoed\n|-damage|p1b: Rillaboom|19\/100|[from] Recoil\n|\n|win|HoraceDPinpsqueak\n|c|&|\/uhtml prompt-yhdessa,Yhdessa is ready for game 2!\n|c|&|\/uhtml prompt-horacedpinpsqueak,HoraceDPinpsqueak is ready for game 2!\nBoth players are ready! Starting next match!\n","uploadtime":1700326136,"views":11,"p1id":"horacedpinpsqueak","p2id":"yhdessa","formatid":"gen9vgc2023regulatione","rating":0,"private":0,"password":""}