{"id":"gen9vgc2023regulatione-1994900661","p1":"AbsRam","p2":"liampurcell","format":"[Gen 9] VGC 2023 Regulation E","log":"|j|\u2606AbsRam\n|j|\u2606liampurcell\n|t:|1700503011\n|gametype|doubles\n|player|p1|AbsRam|2|1380\n|player|p2|liampurcell|n|1376\n|teamsize|p1|6\n|teamsize|p2|6\n|gen|9\n|tier|[Gen 9] VGC 2023 Regulation E\n|rated|\n|rule|Species Clause: Limit one of each Pok\u00e9mon\n|rule|Item Clause: Limit one of each item\n|clearpoke\n|poke|p1|Grimmsnarl, L50, M|\n|poke|p1|Iron Bundle, L50|\n|poke|p1|Abomasnow, L50, M|\n|poke|p1|Ursaluna, L50, F|\n|poke|p1|Cresselia, L50, F|\n|poke|p1|Arcanine-Hisui, L50, M|\n|poke|p2|Chien-Pao, L50|\n|poke|p2|Rillaboom, L50, M|\n|poke|p2|Arcanine-Hisui, L50, F|\n|poke|p2|Urshifu-*, L50, M|\n|poke|p2|Tornadus, L50, M|\n|poke|p2|Flutter Mane, L50|\n|teampreview|4\n|inactive|Battle timer is ON: inactive players will automatically lose when time's up. (requested by liampurcell)\nliampurcell has agreed to open team sheets.\n|\n|t:|1700503035\n|start\n|switch|p1a: Cresselia|Cresselia, L50, F, shiny|100\/100\n|switch|p1b: Arcanine|Arcanine-Hisui, L50, M|100\/100\n|switch|p2a: Flutter Mane|Flutter Mane, L50|100\/100\n|switch|p2b: Rillaboom|Rillaboom, L50, M|100\/100\n|-ability|p1b: Arcanine|Intimidate|boost\n|-unboost|p2a: Flutter Mane|atk|1\n|-unboost|p2b: Rillaboom|atk|1\n|-fieldstart|move: Grassy Terrain|[from] ability: Grassy Surge|[of] p2b: Rillaboom\n|-enditem|p2a: Flutter Mane|Booster Energy\n|-activate|p2a: Flutter Mane|ability: Protosynthesis|[fromitem]\n|-start|p2a: Flutter Mane|protosynthesisspa\n|turn|1\n|inactive|AbsRam has 30 seconds left.\n|\n|t:|1700503063\n|move|p1a: Cresselia|Ally Switch|p1a: Cresselia\n|swap|p1a: Cresselia|1|[from] move: Ally Switch\n|move|p1a: Arcanine|Flare Blitz|p2a: Flutter Mane\n|-damage|p2a: Flutter Mane|0 fnt\n|faint|p2a: Flutter Mane\n|-end|p2a: Flutter Mane|Protosynthesis|[silent]\n|-damage|p1a: Arcanine|74\/100|[from] Recoil\n|move|p2b: Rillaboom|U-turn|p1a: Arcanine\n|-resisted|p1a: Arcanine\n|-damage|p1a: Arcanine|65\/100\n|\n|t:|1700503070\n|switch|p2b: Arcanine|Arcanine-Hisui, L50, F|100\/100|[from] U-turn\n|-ability|p2b: Arcanine|Intimidate|boost\n|-unboost|p1a: Arcanine|atk|1\n|-unboost|p1b: Cresselia|atk|1\n|\n|-heal|p1a: Arcanine|70\/100|[from] Grassy Terrain\n|upkeep\n|\n|t:|1700503078\n|switch|p2a: Rillaboom|Rillaboom, L50, M|100\/100\n|turn|2\n|\n|t:|1700503090\n|switch|p1a: Ursaluna|Ursaluna, L50, F|100\/100\n|move|p2a: Rillaboom|Fake Out|p1a: Ursaluna\n|-damage|p1a: Ursaluna|90\/100\n|move|p2b: Arcanine|Rock Slide|p1b: Cresselia|[spread] p1b\n|-miss|p2b: Arcanine|p1a: Ursaluna\n|-damage|p1b: Cresselia|77\/100\n|move|p1b: Cresselia|Trick Room|p1b: Cresselia\n|-fieldstart|move: Trick Room|[of] p1b: Cresselia\n|\n|-heal|p1a: Ursaluna|97\/100|[from] Grassy Terrain\n|-status|p1a: Ursaluna|brn|[from] item: Flame Orb\n|upkeep\n|turn|3\n|\n|t:|1700503108\n|switch|p2b: Chien-Pao|Chien-Pao, L50|100\/100\n|-ability|p2b: Chien-Pao|Sword of Ruin\n|move|p1b: Cresselia|Ally Switch|p1b: Cresselia\n|swap|p1b: Cresselia|0|[from] move: Ally Switch\n|move|p2a: Rillaboom|Grassy Glide|p1a: Cresselia\n|-damage|p1a: Cresselia|49\/100\n|move|p1b: Ursaluna|Facade|p2a: Rillaboom\n|-damage|p2a: Rillaboom|0 fnt\n|faint|p2a: Rillaboom\n|\n|-heal|p1b: Ursaluna|100\/100 brn|[from] Grassy Terrain\n|-damage|p1b: Ursaluna|94\/100 brn|[from] brn\n|upkeep\n|\n|t:|1700503118\n|switch|p2a: Arcanine|Arcanine-Hisui, L50, F|100\/100\n|-ability|p2a: Arcanine|Intimidate|boost\n|-unboost|p1a: Cresselia|atk|1\n|-unboost|p1b: Ursaluna|atk|1\n|turn|4\n|\n|t:|1700503142\n|-terastallize|p2a: Arcanine|Normal\n|move|p2a: Arcanine|Extreme Speed|p1b: Ursaluna\n|-damage|p1b: Ursaluna|40\/100 brn\n|move|p2b: Chien-Pao|Sucker Punch|p1b: Ursaluna\n|-damage|p1b: Ursaluna|0 fnt\n|faint|p1b: Ursaluna\n|move|p1a: Cresselia|Ice Beam|p2b: Chien-Pao\n|-resisted|p2b: Chien-Pao\n|-damage|p2b: Chien-Pao|86\/100\n|\n|-heal|p2b: Chien-Pao|91\/100|[from] Grassy Terrain\n|upkeep\n|\n|t:|1700503158\n|switch|p1b: Abomasnow|Abomasnow, L50, M, shiny|100\/100\n|-weather|Snow|[from] ability: Snow Warning|[of] p1b: Abomasnow\n|turn|5\n|\n|t:|1700503181\n|-terastallize|p1b: Abomasnow|Fire\n|move|p2b: Chien-Pao|Protect|p2b: Chien-Pao\n|-singleturn|p2b: Chien-Pao|Protect\n|move|p1a: Cresselia|Ally Switch|p1a: Cresselia\n|swap|p1a: Cresselia|1|[from] move: Ally Switch\n|move|p2a: Arcanine|Extreme Speed|p1a: Abomasnow\n|-damage|p1a: Abomasnow|12\/100\n|move|p1a: Abomasnow|Tera Blast|p2b: Chien-Pao|[anim] Tera Blast Fire\n|-activate|p2b: Chien-Pao|move: Protect\n|\n|-weather|Snow|[upkeep]\n|-heal|p1a: Abomasnow|18\/100|[from] Grassy Terrain\n|-heal|p2b: Chien-Pao|97\/100|[from] Grassy Terrain\n|-fieldend|move: Grassy Terrain\n|upkeep\n|turn|6\n|inactive|liampurcell has 30 seconds left.\n|\n|t:|1700503209\n|move|p2a: Arcanine|Extreme Speed|p1a: Abomasnow\n|-damage|p1a: Abomasnow|0 fnt\n|faint|p1a: Abomasnow\n|move|p2b: Chien-Pao|Sucker Punch|p1b: Cresselia\n|-supereffective|p1b: Cresselia\n|-damage|p1b: Cresselia|0 fnt\n|faint|p1b: Cresselia\n|\n|-weather|Snow|[upkeep]\n|-fieldend|move: Trick Room\n|upkeep\n|\n|t:|1700503220\n|switch|p1b: Arcanine|Arcanine-Hisui, L50, M|70\/100\n|-ability|p1b: Arcanine|Intimidate|boost\n|-unboost|p2a: Arcanine|atk|1\n|-unboost|p2b: Chien-Pao|atk|1\n|turn|7\n|\n|t:|1700503234\n|move|p2b: Chien-Pao|Protect|p2b: Chien-Pao\n|-singleturn|p2b: Chien-Pao|Protect\n|move|p2a: Arcanine|Extreme Speed|p1b: Arcanine\n|-resisted|p1b: Arcanine\n|-damage|p1b: Arcanine|42\/100\n|move|p1b: Arcanine|Rock Slide|p2b: Chien-Pao|[spread] p2a\n|-activate|p2b: Chien-Pao|move: Protect\n|-damage|p2a: Arcanine|55\/100\n|\n|-weather|Snow|[upkeep]\n|upkeep\n|turn|8\n|l|\u2606AbsRam\n|inactive|AbsRam disconnected and has a minute to reconnect!\n|player|p1|\n|j|\u2606AbsRam\n|inactive|AbsRam reconnected and has 35 seconds left.\n|player|p1|AbsRam|2\n|\n|t:|1700503256\n|move|p2a: Arcanine|Extreme Speed|p1b: Arcanine\n|-resisted|p1b: Arcanine\n|-damage|p1b: Arcanine|12\/100\n|move|p2b: Chien-Pao|Sucker Punch|p1b: Arcanine\n|-damage|p1b: Arcanine|0 fnt\n|faint|p1b: Arcanine\n|\n|win|liampurcell\n|raw|AbsRam's rating: 1380 &rarr; <strong>1360<\/strong><br \/>(-20 for losing)\n|raw|liampurcell's rating: 1376 &rarr; <strong>1396<\/strong><br \/>(+20 for winning)\n|c|\u2606liampurcell|THE READSSSS\n|c|\u2606liampurcell|gg\n|l|\u2606AbsRam\n","uploadtime":1700503273,"views":3,"p1id":"absram","p2id":"liampurcell","formatid":"gen9vgc2023regulatione","rating":1360,"private":0,"password":""}