{"id":"gen9vgc2023regulatione-1996739421","p1":"RoyTan","p2":"Zachimations","format":"[Gen 9] VGC 2023 Regulation E","log":"|j|\u2606RoyTan\n|j|\u2606Zachimations\n|t:|1700717131\n|gametype|doubles\n|player|p1|RoyTan|hiker-gen4|1131\n|player|p2|Zachimations|sordward|1099\n|teamsize|p1|6\n|teamsize|p2|6\n|gen|9\n|tier|[Gen 9] VGC 2023 Regulation E\n|rated|\n|rule|Species Clause: Limit one of each Pok\u00e9mon\n|rule|Item Clause: Limit one of each item\n|clearpoke\n|poke|p1|Farigiraf, L50, F|\n|poke|p1|Urshifu-*, L50, M|\n|poke|p1|Ursaluna-Bloodmoon, L50, M|\n|poke|p1|Iron Hands, L50|\n|poke|p1|Heatran, L50, M|\n|poke|p1|Ogerpon-Wellspring, L50, F|\n|poke|p2|Baxcalibur, L50, M|\n|poke|p2|Ninetales-Alola, L50, M|\n|poke|p2|Ogerpon-Wellspring, L50, F|\n|poke|p2|Landorus-Therian, L50, M|\n|poke|p2|Heatran, L50, M|\n|poke|p2|Sinistcha, L50|\n|teampreview|4\n|inactive|Battle timer is ON: inactive players will automatically lose when time's up. (requested by Zachimations)\n|inactive|RoyTan also wants the timer to be on.\n|inactive|Zachimations has 60 seconds left.\n|\n|t:|1700717179\n|start\n|switch|p1a: Farigiraf|Farigiraf, L50, F|100\/100\n|switch|p1b: Heatran|Heatran, L50, M|100\/100\n|switch|p2a: Furrycon|Ninetales-Alola, L50, M|100\/100\n|switch|p2b: Plop|Baxcalibur, L50, M|100\/100\n|-weather|Snow|[from] ability: Snow Warning|[of] p2a: Furrycon\n|turn|1\n|\n|t:|1700717192\n|move|p1b: Heatran|Protect|p1b: Heatran\n|-singleturn|p1b: Heatran|Protect\n|move|p2a: Furrycon|Aurora Veil|p2a: Furrycon\n|-sidestart|p2: Zachimations|move: Aurora Veil\n|move|p2b: Plop|Swords Dance|p2b: Plop\n|-boost|p2b: Plop|atk|2\n|move|p1a: Farigiraf|Trick Room|p1a: Farigiraf\n|-fieldstart|move: Trick Room|[of] p1a: Farigiraf\n|\n|-weather|Snow|[upkeep]\n|upkeep\n|turn|2\n|\n|t:|1700717207\n|move|p1a: Farigiraf|Helping Hand|p1b: Heatran\n|-singleturn|p1b: Heatran|Helping Hand|[of] p1a: Farigiraf\n|move|p2b: Plop|Protect|p2b: Plop\n|-singleturn|p2b: Plop|Protect\n|move|p2a: Furrycon|Protect|p2a: Furrycon\n|-singleturn|p2a: Furrycon|Protect\n|move|p1b: Heatran|Heat Wave|p2b: Plop|[spread] \n|-activate|p2a: Furrycon|move: Protect\n|-activate|p2b: Plop|move: Protect\n|\n|-weather|Snow|[upkeep]\n|upkeep\n|turn|3\n|\n|t:|1700717225\n|switch|p2a: Pde554|Heatran, L50, M|100\/100\n|move|p1a: Farigiraf|Helping Hand|p1b: Heatran\n|-singleturn|p1b: Heatran|Helping Hand|[of] p1a: Farigiraf\n|move|p1b: Heatran|Heat Wave|p2a: Pde554|[spread] p2b\n|-start|p2a: Pde554|ability: Flash Fire\n|-damage|p2b: Plop|62\/100\n|-ability|p2b: Plop|Thermal Exchange|boost\n|-boost|p2b: Plop|atk|1\n|move|p2b: Plop|Scale Shot|p1a: Farigiraf\n|-damage|p1a: Farigiraf|61\/100\n|-damage|p1a: Farigiraf|26\/100\n|-damage|p1a: Farigiraf|0 fnt\n|faint|p1a: Farigiraf\n|-hitcount|p1: Farigiraf|3\n|-unboost|p2b: Plop|def|1\n|-boost|p2b: Plop|spe|1\n|\n|-weather|Snow|[upkeep]\n|upkeep\n|\n|t:|1700717241\n|switch|p1a: Ursaluna|Ursaluna-Bloodmoon, L50, M|100\/100\n|turn|4\n|\n|t:|1700717254\n|move|p2a: Pde554|Protect|p2a: Pde554\n|-singleturn|p2a: Pde554|Protect\n|move|p1a: Ursaluna|Blood Moon|p2b: Plop\n|-damage|p2b: Plop|0 fnt\n|faint|p2b: Plop\n|-damage|p1a: Ursaluna|90\/100|[from] item: Life Orb\n|move|p1b: Heatran|Earth Power|p2a: Pde554\n|-activate|p2a: Pde554|move: Protect\n|\n|-weather|Snow|[upkeep]\n|upkeep\n|\n|t:|1700717266\n|switch|p2b: Furrycon|Ninetales-Alola, L50, M|100\/100\n|turn|5\n|\n|t:|1700717283\n|move|p1a: Ursaluna|Protect|p1a: Ursaluna\n|-singleturn|p1a: Ursaluna|Protect\n|move|p1b: Heatran|Earth Power|p2a: Pde554\n|-supereffective|p2a: Pde554\n|-damage|p2a: Pde554|25\/100\n|move|p2a: Pde554|Earth Power|p1b: Heatran\n|-supereffective|p1b: Heatran\n|-damage|p1b: Heatran|0 fnt\n|faint|p1b: Heatran\n|move|p2b: Furrycon|Blizzard|p1a: Ursaluna\n|-activate|p1a: Ursaluna|move: Protect\n|\n|-weather|none\n|-heal|p2a: Pde554|31\/100|[from] item: Leftovers\n|-fieldend|move: Trick Room\n|upkeep\n|\n|t:|1700717292\n|switch|p1b: Urshifu|Urshifu, L50, M|100\/100\n|turn|6\n|l|\u2606RoyTan\n|inactive|RoyTan disconnected and has a minute to reconnect!\n|player|p1|\n|inactive|RoyTan has 30 seconds left.\n|inactive|RoyTan has 20 seconds left.\n|inactive|RoyTan has 15 seconds left.\n|inactive|RoyTan has 10 seconds left.\n|inactive|RoyTan has 5 seconds left.\n|j|\u2606RoyTan\n|inactive|RoyTan reconnected and has 5 seconds left.\n|player|p1|RoyTan|hiker-gen4\n|\n|t:|1700717347\n|switch|p2b: Drake|Sinistcha, L50|100\/100\n|-heal|p2a: Pde554|56\/100|[from] ability: Hospitality|[of] p2b: Drake\n|move|p1b: Urshifu|Wicked Blow|p2b: Drake\n|-supereffective|p2b: Drake\n|-crit|p2b: Drake\n|-damage|p2b: Drake|0 fnt\n|-damage|p1b: Urshifu|84\/100|[from] item: Rocky Helmet|[of] p2b: Drake\n|faint|p2b: Drake\n|move|p2a: Pde554|Heat Wave|p1a: Ursaluna|[spread] p1a,p1b\n|-damage|p1a: Ursaluna|15\/100\n|-damage|p1b: Urshifu|0 fnt\n|faint|p1b: Urshifu\n|move|p1a: Ursaluna|Blood Moon|p2a: Pde554\n|-resisted|p2a: Pde554\n|-damage|p2a: Pde554|24\/100\n|-damage|p1a: Ursaluna|5\/100|[from] item: Life Orb\n|\n|-heal|p2a: Pde554|30\/100|[from] item: Leftovers\n|upkeep\n|-message|RoyTan forfeited.\n|\n|win|Zachimations\n|raw|RoyTan's rating: 1131 &rarr; <strong>1104<\/strong><br \/>(-27 for losing)\n|raw|Zachimations's rating: 1099 &rarr; <strong>1126<\/strong><br \/>(+27 for winning)\n|l|\u2606RoyTan\n","uploadtime":1700717361,"views":10,"p1id":"roytan","p2id":"zachimations","formatid":"gen9vgc2023regulatione","rating":1104,"private":0,"password":""}