{"id":"gen9vgc2023regulatione-1993809151","p1":"L10n Escanor","p2":"Josuee_29","format":"[Gen 9] VGC 2023 Regulation E","log":"|j|\u2606L10n Escanor\n|j|\u2606Josuee_29\n|t:|1700359927\n|gametype|doubles\n|player|p1|L10n Escanor|steven|\n|player|p2|Josuee_29|red|\n|teamsize|p1|6\n|teamsize|p2|6\n|gen|9\n|tier|[Gen 9] VGC 2023 Regulation E\n|rule|Species Clause: Limit one of each Pok\u00e9mon\n|rule|Item Clause: Limit one of each item\n|clearpoke\n|poke|p1|Flutter Mane, L50|\n|poke|p1|Farigiraf, L50, M|\n|poke|p1|Ogerpon-Hearthflame, L50, F|\n|poke|p1|Urshifu-*, L50, M|\n|poke|p1|Rillaboom, L50, M|\n|poke|p1|Tornadus, L50, M|\n|poke|p2|Landorus-Therian, L50, M|\n|poke|p2|Iron Hands, L50|\n|poke|p2|Heatran, L50, F|\n|poke|p2|Flutter Mane, L50|\n|poke|p2|Roaring Moon, L50|\n|poke|p2|Tornadus, L50, M|\n|teampreview|4\nL10n Escanor has agreed to open team sheets.\n|c|\u2606L10n Escanor|Game 1\nJosuee_29 has agreed to open team sheets.\n|showteam|p1|Flutter Mane||ChoiceSpecs|Protosynthesis|DazzlingGleam,ShadowBall,Moonblast,PowerGem||||||50|,,,,,Fairy]Farigiraf||SitrusBerry|ArmorTail|Psyshock,DazzlingGleam,TrickRoom,Imprison|||M|||50|,,,,,Normal]Ogerpon-Hearthflame||HearthflameMask|MoldBreaker|IvyCudgel,HornLeech,SpikyShield,GrassyGlide|||F|||50|,,,,,Fire]Urshifu||ChoiceBand|UnseenFist|WickedBlow,CloseCombat,SuckerPunch,Uturn|||M|||50|,,,,,Dark]Rillaboom||AssaultVest|GrassySurge|WoodHammer,HighHorsepower,GrassyGlide,FakeOut|||M|||50|,,,,,Fire]Tornadus||CovertCloak|Prankster|Tailwind,BleakwindStorm,SunnyDay,Taunt|||M|||50|,,,,,Steel\n|showteam|p2|Landorus-Therian||Leftovers|Intimidate|Earthquake,Crunch,RockSlide,Protect|||M|||50|,,,,,Fairy]Iron Hands||ClearAmulet|QuarkDrive|WildCharge,DrainPunch,IcePunch,FakeOut||||||50|,,,,,Fire]Heatran||AssaultVest|FlashFire|HeatWave,FlashCannon,EarthPower,TeraBlast|||F|||50|,,,,,Grass]Flutter Mane||LifeOrb|Protosynthesis|Protect,DazzlingGleam,ShadowBall,PowerGem||||||50|,,,,,Fairy]Roaring Moon||BoosterEnergy|Protosynthesis|KnockOff,Acrobatics,Tailwind,Protect||||||50|,,,,,Fire]Tornadus||MentalHerb|Prankster|BleakwindStorm,Tailwind,SunnyDay,Taunt|||M|||50|,,,,,Steel\n|\n|t:|1700360032\n|start\n|switch|p1a: Flutter Mane|Flutter Mane, L50|100\/100\n|switch|p1b: Rillaboom|Rillaboom, L50, M|100\/100\n|switch|p2a: Landorus|Landorus-Therian, L50, M|100\/100\n|switch|p2b: Roaring Moon|Roaring Moon, L50, shiny|100\/100\n|-ability|p2a: Landorus|Intimidate|boost\n|-unboost|p1a: Flutter Mane|atk|1\n|-unboost|p1b: Rillaboom|atk|1\n|-fieldstart|move: Grassy Terrain|[from] ability: Grassy Surge|[of] p1b: Rillaboom\n|-enditem|p2b: Roaring Moon|Booster Energy\n|-activate|p2b: Roaring Moon|ability: Protosynthesis|[fromitem]\n|-start|p2b: Roaring Moon|protosynthesisatk\n|turn|1\n|\n|t:|1700360083\n|-terastallize|p2b: Roaring Moon|Fire\n|-terastallize|p1b: Rillaboom|Fire\n|move|p2a: Landorus|Protect|p2a: Landorus\n|-singleturn|p2a: Landorus|Protect\n|move|p1b: Rillaboom|Fake Out|p2a: Landorus\n|-activate|p2a: Landorus|move: Protect\n|move|p2b: Roaring Moon|Tailwind|p2b: Roaring Moon\n|-sidestart|p2: Josuee_29|move: Tailwind\n|move|p1a: Flutter Mane|Moonblast|p2a: Landorus\n|-activate|p2a: Landorus|move: Protect\n|\n|upkeep\n|turn|2\n|\n|t:|1700360113\n|move|p2b: Roaring Moon|Knock Off|p1b: Rillaboom\n|-damage|p1b: Rillaboom|40\/100\n|-enditem|p1b: Rillaboom|Assault Vest|[from] move: Knock Off|[of] p2b: Roaring Moon\n|move|p2a: Landorus|Rock Slide|p1a: Flutter Mane|[spread] p1a,p1b\n|-supereffective|p1b: Rillaboom\n|-damage|p1a: Flutter Mane|69\/100\n|-damage|p1b: Rillaboom|3\/100\n|move|p1a: Flutter Mane|Moonblast|p2a: Landorus\n|-damage|p2a: Landorus|10\/100\n|cant|p1b: Rillaboom|flinch\n|\n|-heal|p2a: Landorus|16\/100|[from] item: Leftovers\n|-heal|p1a: Flutter Mane|75\/100|[from] Grassy Terrain\n|-heal|p1b: Rillaboom|9\/100|[from] Grassy Terrain\n|upkeep\n|turn|3\n|\n|t:|1700360196\n|-end|p1a: Flutter Mane|Protosynthesis|[silent]\n|switch|p1a: Ogerpon|Ogerpon-Hearthflame, L50, F|100\/100\n|-ability|p1a: Ogerpon|Mold Breaker\n|move|p2a: Landorus|Protect|p2a: Landorus\n|-singleturn|p2a: Landorus|Protect\n|move|p1b: Rillaboom|Grassy Glide|p2b: Roaring Moon\n|-resisted|p2b: Roaring Moon\n|-damage|p2b: Roaring Moon|86\/100\n|move|p2b: Roaring Moon|Acrobatics|p1b: Rillaboom\n|-damage|p1b: Rillaboom|0 fnt\n|faint|p1b: Rillaboom\n|\n|-heal|p2b: Roaring Moon|92\/100|[from] Grassy Terrain\n|-heal|p2a: Landorus|22\/100|[from] item: Leftovers\n|upkeep\n|\n|t:|1700360216\n|switch|p1b: Urshifu|Urshifu, L50, M|100\/100\n|turn|4\n|\n|t:|1700360287\n|switch|p2a: Heatran|Heatran, L50, F|100\/100\n|move|p2b: Roaring Moon|Acrobatics|p1b: Urshifu\n|-supereffective|p1b: Urshifu\n|-damage|p1b: Urshifu|1\/100\n|move|p1b: Urshifu|Wicked Blow|p2b: Roaring Moon\n|-crit|p2b: Roaring Moon\n|-damage|p2b: Roaring Moon|0 fnt\n|faint|p2b: Roaring Moon\n|-end|p2b: Roaring Moon|Protosynthesis|[silent]\n|move|p1a: Ogerpon|Ivy Cudgel|p2a: Heatran|[anim] Ivy Cudgel Fire\n|-damage|p2a: Heatran|50\/100\n|\n|-heal|p2a: Heatran|56\/100|[from] Grassy Terrain\n|-heal|p1b: Urshifu|7\/100|[from] Grassy Terrain\n|-sideend|p2: Josuee_29|move: Tailwind\n|upkeep\n|\n|t:|1700360304\n|switch|p2b: Landorus|Landorus-Therian, L50, M|22\/100\n|-ability|p2b: Landorus|Intimidate|boost\n|-unboost|p1a: Ogerpon|atk|1\n|-unboost|p1b: Urshifu|atk|1\n|turn|5\n|\n|t:|1700360326\n|move|p1b: Urshifu|Wicked Blow|p2a: Heatran\n|-crit|p2a: Heatran\n|-damage|p2a: Heatran|0 fnt\n|faint|p2a: Heatran\n|move|p2b: Landorus|Rock Slide|p1b: Urshifu|[spread] p1a,p1b\n|-supereffective|p1a: Ogerpon\n|-resisted|p1b: Urshifu\n|-damage|p1a: Ogerpon|56\/100\n|-damage|p1b: Urshifu|0 fnt\n|faint|p1b: Urshifu\n|move|p1a: Ogerpon|Ivy Cudgel|p2b: Landorus|[anim] Ivy Cudgel Fire\n|-damage|p2b: Landorus|0 fnt\n|faint|p2b: Landorus\n|\n|-heal|p1a: Ogerpon|63\/100|[from] Grassy Terrain\n|-fieldend|move: Grassy Terrain\n|upkeep\n|\n|t:|1700360346\n|switch|p1b: Flutter Mane|Flutter Mane, L50|75\/100\n|switch|p2b: Flutter Mane|Flutter Mane, L50, shiny|100\/100\n|turn|6\n|\n|t:|1700360384\n|move|p2b: Flutter Mane|Power Gem|p1a: Ogerpon\n|-supereffective|p1a: Ogerpon\n|-damage|p1a: Ogerpon|0 fnt\n|faint|p1a: Ogerpon\n|-damage|p2b: Flutter Mane|90\/100|[from] item: Life Orb\n|move|p1b: Flutter Mane|Shadow Ball|p2b: Flutter Mane\n|-supereffective|p2b: Flutter Mane\n|-damage|p2b: Flutter Mane|0 fnt\n|faint|p2b: Flutter Mane\n|-end|p2b: Flutter Mane|Protosynthesis|[silent]\n|\n|win|L10n Escanor\n","uploadtime":1700360397,"views":22,"p1id":"l10nescanor","p2id":"josuee29","formatid":"gen9vgc2023regulatione","rating":0,"private":0,"password":""}