{"id":"gen9vgc2023regulatione-1991299632","p1":"MinamiSimp","p2":"Aries83199","format":"[Gen 9] VGC 2023 Regulation E","log":"|j|\u2606MinamiSimp\n|j|\u2606Aries83199\n|t:|1700065517\n|gametype|doubles\n|player|p1|MinamiSimp|unknown|\n|player|p2|Aries83199|dawn-gen4pt|\n|teamsize|p1|6\n|teamsize|p2|6\n|gen|9\n|tier|[Gen 9] VGC 2023 Regulation E\n|rated|Tournament battle\n|rule|Species Clause: Limit one of each Pok\u00e9mon\n|rule|Item Clause: Limit one of each item\n|clearpoke\n|poke|p1|Tornadus, L50, M|\n|poke|p1|Gholdengo, L50|\n|poke|p1|Flutter Mane, L50|\n|poke|p1|Arcanine-Hisui, L50, F|\n|poke|p1|Rillaboom, L50, F|\n|poke|p1|Chien-Pao, L50|\n|poke|p2|Milotic, L50, F|\n|poke|p2|Ogerpon-Hearthflame, L50, F|\n|poke|p2|Flutter Mane, L50|\n|poke|p2|Iron Hands, L50|\n|poke|p2|Landorus-Therian, L50, M|\n|poke|p2|Roaring Moon, L50|\n|teampreview|4\n|showteam|p1|Tornadus||CovertCloak|Prankster|Tailwind,BleakwindStorm,SunnyDay,Protect|||M|||50|,,,,,Ghost]Gholdengo||Leftovers|GoodasGold|MakeItRain,ShadowBall,NastyPlot,Protect||||||50|,,,,,Dragon]Flutter Mane||ChoiceSpecs|Protosynthesis|Moonblast,DazzlingGleam,ShadowBall,Thunderbolt||||||50|,,,,,Fairy]Arcanine-Hisui||ChoiceBand|Intimidate|RockSlide,FlareBlitz,ExtremeSpeed,TeraBlast|||F|||50|,,,,,Fairy]Rillaboom||AssaultVest|GrassySurge|FakeOut,GrassyGlide,WoodHammer,Uturn|||F|||50|,,,,,Fire]Chien-Pao||FocusSash|SwordofRuin|IcicleCrash,SuckerPunch,SacredSword,Protect||||||50|,,,,,Dark\n|showteam|p2|Milotic||Leftovers|Competitive|Scald,IcyWind,Haze,Protect|||F|||50|,,,,,Poison]Ogerpon-Hearthflame||HearthflameMask|MoldBreaker|IvyCudgel,HornLeech,SwordsDance,SpikyShield|||F|||50|,,,,,Fire]Flutter Mane||ChoiceSpecs|Protosynthesis|Moonblast,DazzlingGleam,ShadowBall,Thunderbolt||||||50|,,,,,Fairy]Iron Hands||AssaultVest|QuarkDrive|DrainPunch,WildCharge,HeavySlam,FakeOut||||||50|,,,,,Grass]Landorus-Therian||ChoiceScarf|Intimidate|StompingTantrum,TeraBlast,Uturn,RockSlide|||M|||50|,,,,,Flying]Roaring Moon||BoosterEnergy|Protosynthesis|KnockOff,Acrobatics,DragonDance,Protect||||||50|,,,,,Flying\n|j| Tagiruz\n|c|\u2606MinamiSimp|glhf\n|j|%Radio Free C-Side\n|j| BenedettoVGC\n|inactive|Battle timer is ON: inactive players will automatically lose when time's up. (requested by MinamiSimp)\n|\n|t:|1700065548\n|start\n|switch|p1a: Rillaboom|Rillaboom, L50, F|100\/100\n|switch|p1b: Gholdengo|Gholdengo, L50|100\/100\n|switch|p2a: Iron Hands|Iron Hands, L50, shiny|100\/100\n|switch|p2b: Landorus|Landorus-Therian, L50, M|100\/100\n|-ability|p2b: Landorus|Intimidate|boost\n|-unboost|p1a: Rillaboom|atk|1\n|-unboost|p1b: Gholdengo|atk|1\n|-fieldstart|move: Grassy Terrain|[from] ability: Grassy Surge|[of] p1a: Rillaboom\n|turn|1\n|inactive|Aries83199 has 30 seconds left.\n|\n|t:|1700065578\n|move|p1a: Rillaboom|Fake Out|p2b: Landorus\n|-damage|p2b: Landorus|91\/100\n|move|p2a: Iron Hands|Fake Out|p1a: Rillaboom\n|-damage|p1a: Rillaboom|87\/100\n|cant|p2b: Landorus|flinch\n|move|p1b: Gholdengo|Nasty Plot|p1b: Gholdengo\n|-boost|p1b: Gholdengo|spa|2\n|\n|-heal|p1a: Rillaboom|93\/100|[from] Grassy Terrain\n|upkeep\n|turn|2\n|\n|t:|1700065599\n|switch|p1a: Chien-Pao|Chien-Pao, L50|100\/100\n|-ability|p1a: Chien-Pao|Sword of Ruin\n|move|p1b: Gholdengo|Protect|p1b: Gholdengo\n|-singleturn|p1b: Gholdengo|Protect\n|move|p2b: Landorus|Stomping Tantrum|p1a: Chien-Pao\n|-enditem|p1a: Chien-Pao|Focus Sash\n|-damage|p1a: Chien-Pao|1\/100\n|move|p2a: Iron Hands|Drain Punch|p1a: Chien-Pao\n|-supereffective|p1a: Chien-Pao\n|-damage|p1a: Chien-Pao|0 fnt\n|faint|p1a: Chien-Pao\n|\n|upkeep\n|\n|t:|1700065613\n|switch|p1a: Rillaboom|Rillaboom, L50, F|93\/100\n|turn|3\n|\n|t:|1700065638\n|switch|p2b: Milotic|Milotic, L50, F, shiny|100\/100\n|move|p1a: Rillaboom|Fake Out|p2b: Milotic\n|-damage|p2b: Milotic|90\/100\n|move|p1b: Gholdengo|Shadow Ball|p2b: Milotic\n|-damage|p2b: Milotic|29\/100\n|move|p2a: Iron Hands|Drain Punch|p1a: Rillaboom\n|-damage|p1a: Rillaboom|50\/100\n|\n|-heal|p1a: Rillaboom|56\/100|[from] Grassy Terrain\n|-heal|p2b: Milotic|35\/100|[from] Grassy Terrain\n|-heal|p2b: Milotic|41\/100|[from] item: Leftovers\n|upkeep\n|turn|4\n|inactive|Aries83199 has 30 seconds left.\n|\n|t:|1700065673\n|switch|p1a: Rei|Flutter Mane, L50|100\/100\n|-end|p2a: Iron Hands|Quark Drive|[silent]\n|switch|p2a: Landorus|Landorus-Therian, L50, M|91\/100\n|-ability|p2a: Landorus|Intimidate|boost\n|-unboost|p1a: Rei|atk|1\n|-unboost|p1b: Gholdengo|atk|1\n|move|p2b: Milotic|Protect|p2b: Milotic\n|-singleturn|p2b: Milotic|Protect\n|move|p1b: Gholdengo|Shadow Ball|p2b: Milotic\n|-activate|p2b: Milotic|move: Protect\n|\n|-heal|p2b: Milotic|48\/100|[from] Grassy Terrain\n|-heal|p2b: Milotic|54\/100|[from] item: Leftovers\n|upkeep\n|turn|5\n|inactive|Aries83199 has 30 seconds left.\n|\n|t:|1700065710\n|-terastallize|p2a: Landorus|Flying\n|-terastallize|p1b: Gholdengo|Dragon\n|move|p2a: Landorus|Tera Blast|p1a: Rei|[anim] Tera Blast Flying\n|-crit|p1a: Rei\n|-damage|p1a: Rei|0 fnt\n|faint|p1a: Rei\n|-end|p1a: Rei|Protosynthesis|[silent]\n|move|p1b: Gholdengo|Make It Rain|p2b: Milotic|[spread] p2a,p2b\n|-resisted|p2b: Milotic\n|-damage|p2a: Landorus|0 fnt\n|-damage|p2b: Milotic|18\/100\n|-unboost|p1b: Gholdengo|spa|1\n|faint|p2a: Landorus\n|move|p2b: Milotic|Haze|p2b: Milotic\n|-clearallboost\n|\n|-heal|p2b: Milotic|24\/100|[from] Grassy Terrain\n|-heal|p2b: Milotic|30\/100|[from] item: Leftovers\n|-fieldend|move: Grassy Terrain\n|upkeep\n|c|\u2606MinamiSimp|woah new animations go crazy\n|inactive|Aries83199 has 30 seconds left.\n|\n|t:|1700065741\n|switch|p1a: Rillaboom|Rillaboom, L50, F|56\/100\n|switch|p2a: Roaring Moon|Roaring Moon, L50, shiny|100\/100\n|-fieldstart|move: Grassy Terrain|[from] ability: Grassy Surge|[of] p1a: Rillaboom\n|-enditem|p2a: Roaring Moon|Booster Energy\n|-activate|p2a: Roaring Moon|ability: Protosynthesis|[fromitem]\n|-start|p2a: Roaring Moon|protosynthesisatk\n|turn|6\n|inactive|Aries83199 has 30 seconds left.\n|\n|t:|1700065767\n|move|p2a: Roaring Moon|Protect|p2a: Roaring Moon\n|-singleturn|p2a: Roaring Moon|Protect\n|move|p2b: Milotic|Protect|p2b: Milotic\n|-singleturn|p2b: Milotic|Protect\n|move|p1a: Rillaboom|Fake Out|p2a: Roaring Moon\n|-activate|p2a: Roaring Moon|move: Protect\n|move|p1b: Gholdengo|Nasty Plot|p1b: Gholdengo\n|-boost|p1b: Gholdengo|spa|2\n|\n|-heal|p1a: Rillaboom|62\/100|[from] Grassy Terrain\n|-heal|p2b: Milotic|36\/100|[from] Grassy Terrain\n|-heal|p2b: Milotic|42\/100|[from] item: Leftovers\n|upkeep\n|turn|7\n|\n|t:|1700065785\n|switch|p2b: Iron Hands|Iron Hands, L50, shiny|100\/100\n|move|p1a: Rillaboom|Grassy Glide|p2b: Iron Hands\n|-damage|p2b: Iron Hands|72\/100\n|move|p2a: Roaring Moon|Acrobatics|p1a: Rillaboom\n|-supereffective|p1a: Rillaboom\n|-damage|p1a: Rillaboom|0 fnt\n|faint|p1a: Rillaboom\n|move|p1b: Gholdengo|Make It Rain|p2b: Iron Hands|[spread] p2a,p2b\n|-resisted|p2b: Iron Hands\n|-damage|p2a: Roaring Moon|24\/100\n|-damage|p2b: Iron Hands|45\/100\n|-unboost|p1b: Gholdengo|spa|1\n|\n|-heal|p2a: Roaring Moon|29\/100|[from] Grassy Terrain\n|-heal|p2b: Iron Hands|51\/100|[from] Grassy Terrain\n|upkeep\n|turn|8\n|\n|t:|1700065809\n|move|p1b: Gholdengo|Protect|p1b: Gholdengo\n|-singleturn|p1b: Gholdengo|Protect\n|move|p2b: Iron Hands|Fake Out|p1b: Gholdengo\n|-activate|p1b: Gholdengo|move: Protect\n|move|p2a: Roaring Moon|Dragon Dance|p2a: Roaring Moon\n|-boost|p2a: Roaring Moon|atk|1\n|-boost|p2a: Roaring Moon|spe|1\n|\n|-heal|p2a: Roaring Moon|35\/100|[from] Grassy Terrain\n|-heal|p2b: Iron Hands|57\/100|[from] Grassy Terrain\n|upkeep\n|turn|9\n|c|\u2606MinamiSimp|gg\n|\n|t:|1700065827\n|move|p2a: Roaring Moon|Knock Off|p1b: Gholdengo\n|-damage|p1b: Gholdengo|0 fnt\n|-enditem|p1b: Gholdengo|Leftovers|[from] move: Knock Off|[of] p2a: Roaring Moon\n|faint|p1b: Gholdengo\n|\n|win|Aries83199\n|n|\u2606MinamiSimp|minamisimp\n|n|\u2606Aries83199|aries83199\n|n| Tagiruz|tagiruz\n|n| Radio Free C-Side|radiofreecside\n|n| BenedettoVGC|benedettovgc\n|c|\u2606Aries83199|GG\n","uploadtime":1700065827,"views":7,"p1id":"minamisimp","p2id":"aries83199","formatid":"gen9vgc2023regulatione","rating":0,"private":0,"password":""}