{"id":"gen9vgc2023regulatione-1996903314","p1":"pitosabrosillo","p2":"xingshen","format":"[Gen 9] VGC 2023 Regulation E","log":"|j|\u2606pitosabrosillo\n|j|\u2606xingshen\n|t:|1700742736\n|gametype|doubles\n|player|p1|pitosabrosillo|265|1196\n|player|p2|xingshen|265|1153\n|teamsize|p1|6\n|teamsize|p2|6\n|gen|9\n|tier|[Gen 9] VGC 2023 Regulation E\n|rated|\n|rule|Species Clause: Limit one of each Pok\u00e9mon\n|rule|Item Clause: Limit one of each item\n|clearpoke\n|poke|p1|Amoonguss, L50, F|\n|poke|p1|Landorus-Therian, L50, M|\n|poke|p1|Pelipper, L50, F|\n|poke|p1|Gholdengo, L50|\n|poke|p1|Urshifu-*, L50, F|\n|poke|p1|Iron Hands, L50|\n|poke|p2|Iron Hands, L50|\n|poke|p2|Sableye, L50, M|\n|poke|p2|Milotic, L50, F|\n|poke|p2|Landorus, L50, M|\n|poke|p2|Bronzong, L50|\n|poke|p2|Zapdos, L50|\n|teampreview|4\n|\n|t:|1700742774\n|start\n|switch|p1a: Gholdengo|Gholdengo, L50|100\/100\n|switch|p1b: Iron Hands|Iron Hands, L50|100\/100\n|switch|p2a: Sableye|Sableye, L50, M|100\/100\n|switch|p2b: Milotic|Milotic, L50, F|100\/100\n|turn|1\n|\n|t:|1700742799\n|move|p2a: Sableye|Gravity|p2a: Sableye\n|-fieldstart|move: Gravity\n|move|p1a: Gholdengo|Thunder|p2b: Milotic\n|-supereffective|p2b: Milotic\n|-damage|p2b: Milotic|42\/100\n|move|p2b: Milotic|Hypnosis|p1b: Iron Hands\n|-status|p1b: Iron Hands|slp|[from] move: Hypnosis\n|cant|p1b: Iron Hands|slp\n|\n|upkeep\n|turn|2\n|\n|t:|1700742828\n|switch|p2b: Landorus|Landorus, L50, M|100\/100\n|-end|p1b: Iron Hands|Quark Drive|[silent]\n|switch|p1b: Amoonguss|Amoonguss, L50, F|100\/100\n|move|p2a: Sableye|Light Screen|p2a: Sableye\n|-sidestart|p2: xingshen|move: Light Screen\n|move|p1a: Gholdengo|Thunder|p2b: Landorus\n|-immune|p2b: Landorus\n|\n|upkeep\n|turn|3\n|\n|t:|1700742854\n|switch|p1a: Landorus|Landorus-Therian, L50, M, shiny|100\/100\n|-ability|p1a: Landorus|Intimidate|boost\n|-unboost|p2a: Sableye|atk|1\n|-unboost|p2b: Landorus|atk|1\n|switch|p2a: Zapdos|Zapdos, L50|100\/100\n|move|p2b: Landorus|Sandsear Storm|p1b: Amoonguss|[spread] p1a,p1b\n|-damage|p1a: Landorus|54\/100\n|-damage|p1b: Amoonguss|43\/100\n|move|p1b: Amoonguss|Spore|p2b: Landorus\n|-status|p2b: Landorus|slp|[from] move: Spore\n|\n|upkeep\n|turn|4\n|\n|t:|1700742898\n|switch|p2b: Milotic|Milotic, L50, F|42\/100\n|switch|p1b: Gholdengo|Gholdengo, L50|100\/100\n|move|p1a: Landorus|Rock Slide|p2a: Zapdos|[spread] p2a,p2b\n|-supereffective|p2a: Zapdos\n|-damage|p2a: Zapdos|57\/100\n|-damage|p2b: Milotic|27\/100\n|move|p2a: Zapdos|Hurricane|p1b: Gholdengo\n|-resisted|p1b: Gholdengo\n|-damage|p1b: Gholdengo|71\/100\n|\n|upkeep\n|turn|5\n|\n|t:|1700742946\n|-terastallize|p2b: Milotic|Grass\n|move|p1b: Gholdengo|Thunder|p2b: Milotic\n|-resisted|p2b: Milotic\n|-damage|p2b: Milotic|19\/100\n|-status|p2b: Milotic|par\n|move|p1a: Landorus|Stomping Tantrum|p2a: Zapdos\n|-supereffective|p2a: Zapdos\n|-damage|p2a: Zapdos|0 fnt\n|faint|p2a: Zapdos\n|move|p2b: Milotic|Icy Wind|p1b: Gholdengo|[spread] p1a,p1b\n|-supereffective|p1a: Landorus\n|-resisted|p1b: Gholdengo\n|-damage|p1a: Landorus|21\/100\n|-damage|p1b: Gholdengo|66\/100\n|-unboost|p1a: Landorus|spe|1\n|-unboost|p1b: Gholdengo|spe|1\n|\n|-fieldend|move: Gravity\n|upkeep\n|\n|t:|1700742969\n|switch|p2a: Landorus|Landorus, L50, M|100\/100 slp\n|turn|6\n|\n|t:|1700743003\n|switch|p1b: Amoonguss|Amoonguss, L50, F|77\/100\n|cant|p2a: Landorus|slp\n|move|p1a: Landorus|U-turn|p2b: Milotic\n|-supereffective|p2b: Milotic\n|-damage|p2b: Milotic|0 fnt\n|-damage|p1a: Landorus|4\/100|[from] item: Rocky Helmet|[of] p2b: Milotic\n|faint|p2b: Milotic\n|\n|t:|1700743011\n|switch|p1a: Iron Hands|Iron Hands, L50|100\/100 slp|[from] U-turn\n|\n|-sideend|p2: xingshen|move: Light Screen\n|upkeep\n|l|\u2606xingshen\n|player|p2|\n|inactive|Battle timer is ON: inactive players will automatically lose when time's up. (requested by pitosabrosillo)\n|j|\u2606xingshen\n|inactive|xingshen reconnected and has 75 seconds left.\n|player|p2|xingshen|265\n|inactive|xingshen has 60 seconds left.\n|\n|t:|1700743095\n|switch|p2b: Sableye|Sableye, L50, M|100\/100\n|turn|7\n|\n|t:|1700743117\n|move|p2b: Sableye|Gravity|p2b: Sableye\n|-fieldstart|move: Gravity\n|cant|p2a: Landorus|slp\n|-curestatus|p1a: Iron Hands|slp|[msg]\n|move|p1a: Iron Hands|Wild Charge|p2b: Sableye\n|-damage|p2b: Sableye|45\/100\n|-damage|p1a: Iron Hands|93\/100|[from] Recoil\n|move|p1b: Amoonguss|Spore|p2a: Landorus\n|-fail|p2a: Landorus|slp\n|\n|-heal|p1a: Iron Hands|99\/100|[from] item: Leftovers\n|upkeep\n|turn|8\n|inactive|xingshen has 30 seconds left.\n|\n|t:|1700743144\n|move|p1b: Amoonguss|Rage Powder|p1b: Amoonguss\n|-singleturn|p1b: Amoonguss|move: Rage Powder\n|move|p2b: Sableye|Encore|p1b: Amoonguss\n|-start|p1b: Amoonguss|Encore\n|-curestatus|p2a: Landorus|slp|[msg]\n|move|p2a: Landorus|Sandsear Storm|p1a: Iron Hands|[spread] p1a,p1b\n|-supereffective|p1a: Iron Hands\n|-damage|p1a: Iron Hands|5\/100\n|-damage|p1b: Amoonguss|27\/100\n|move|p1a: Iron Hands|Wild Charge|p2b: Sableye\n|-damage|p2b: Sableye|0 fnt\n|faint|p2b: Sableye\n|-damage|p1a: Iron Hands|0 fnt|[from] Recoil\n|faint|p1a: Iron Hands\n|-end|p1a: Iron Hands|Quark Drive|[silent]\n|\n|upkeep\n|\n|t:|1700743157\n|switch|p1a: Gholdengo|Gholdengo, L50|66\/100\n|turn|9\n|\n|t:|1700743166\n|switch|p1b: Landorus|Landorus-Therian, L50, M, shiny|4\/100\n|-ability|p1b: Landorus|Intimidate|boost\n|-unboost|p2a: Landorus|atk|1\n|move|p1a: Gholdengo|Make It Rain|p2a: Landorus\n|-damage|p2a: Landorus|16\/100\n|-unboost|p1a: Gholdengo|spa|1\n|move|p2a: Landorus|Sandsear Storm|p1a: Gholdengo|[spread] p1a,p1b\n|-supereffective|p1a: Gholdengo\n|-damage|p1a: Gholdengo|0 fnt\n|-damage|p1b: Landorus|0 fnt\n|faint|p1a: Gholdengo\n|faint|p1b: Landorus\n|\n|upkeep\n|\n|t:|1700743180\n|switch|p1b: Amoonguss|Amoonguss, L50, F|60\/100\n|turn|10\n|\n|t:|1700743192\n|-terastallize|p1b: Amoonguss|Grass\n|move|p2a: Landorus|Sandsear Storm|p1b: Amoonguss\n|-resisted|p1b: Amoonguss\n|-damage|p1b: Amoonguss|23\/100\n|move|p1b: Amoonguss|Spore|p2a: Landorus\n|-status|p2a: Landorus|slp|[from] move: Spore\n|\n|upkeep\n|turn|11\n|\n|t:|1700743201\n|cant|p2a: Landorus|slp\n|move|p1b: Amoonguss|Pollen Puff|p2a: Landorus\n|-resisted|p2a: Landorus\n|-damage|p2a: Landorus|4\/100 slp\n|\n|-fieldend|move: Gravity\n|upkeep\n|turn|12\n|\n|t:|1700743212\n|-curestatus|p2a: Landorus|slp|[msg]\n|move|p2a: Landorus|Protect|p2a: Landorus\n|-singleturn|p2a: Landorus|Protect\n|move|p1b: Amoonguss|Pollen Puff|p2a: Landorus\n|-activate|p2a: Landorus|move: Protect\n|\n|upkeep\n|turn|13\n|\n|t:|1700743224\n|move|p2a: Landorus|Sludge Bomb|p1b: Amoonguss\n|-supereffective|p1b: Amoonguss\n|-damage|p1b: Amoonguss|0 fnt\n|faint|p1b: Amoonguss\n|\n|win|xingshen\n|raw|pitosabrosillo's rating: 1196 &rarr; <strong>1168<\/strong><br \/>(-28 for losing)\n|raw|xingshen's rating: 1153 &rarr; <strong>1181<\/strong><br \/>(+28 for winning)\n","uploadtime":1700743237,"views":9,"p1id":"pitosabrosillo","p2id":"xingshen","formatid":"gen9vgc2023regulatione","rating":1168,"private":0,"password":""}