{"id":"gen9vgc2023regulatione-1996941232","p1":"Lukeey c","p2":"LycanPlaysVGC","format":"[Gen 9] VGC 2023 Regulation E","log":"|j|\u2606Lukeey c\n|j|\u2606LycanPlaysVGC\n|t:|1700747565\n|gametype|doubles\n|player|p1|Lukeey c|169|1327\n|player|p2|LycanPlaysVGC|102|1309\n|teamsize|p1|6\n|teamsize|p2|6\n|gen|9\n|tier|[Gen 9] VGC 2023 Regulation E\n|rated|\n|rule|Species Clause: Limit one of each Pok\u00e9mon\n|rule|Item Clause: Limit one of each item\n|clearpoke\n|poke|p1|Urshifu-*, L50, F|\n|poke|p1|Heatran, L50, F|\n|poke|p1|Tornadus, L50, M|\n|poke|p1|Rillaboom, L50, F|\n|poke|p1|Ogerpon-Wellspring, L50, F|\n|poke|p1|Landorus-Therian, L50, M|\n|poke|p2|Ursaluna, L50, F|\n|poke|p2|Torkoal, L50, F|\n|poke|p2|Dusclops, L50, M|\n|poke|p2|Farigiraf, L50, F|\n|poke|p2|Sinistcha, L50|\n|poke|p2|Enamorus-Therian, L50, F|\n|teampreview|4\n|inactive|Battle timer is ON: inactive players will automatically lose when time's up. (requested by LycanPlaysVGC)\n|inactive|Lukeey c has 60 seconds left.\n|\n|t:|1700747601\n|start\n|switch|p1a: Urshifu|Urshifu, L50, F|100\/100\n|switch|p1b: Ogerpon|Ogerpon-Wellspring, L50, F|100\/100\n|switch|p2a: Farigiraf|Farigiraf, L50, F|100\/100\n|switch|p2b: Sinistcha|Sinistcha, L50|100\/100\n|turn|1\n|\n|t:|1700747618\n|-terastallize|p1b: Ogerpon|Water\n|detailschange|p1b: Ogerpon|Ogerpon-Wellspring-Tera, L50, F, tera:Water\n|-ability|p1b: Ogerpon|Embody Aspect (Wellspring)|boost\n|-boost|p1b: Ogerpon|spd|1\n|move|p2b: Sinistcha|Rage Powder|p2b: Sinistcha\n|-singleturn|p2b: Sinistcha|move: Rage Powder\n|move|p1b: Ogerpon|Ivy Cudgel|p2b: Sinistcha|[anim] Ivy Cudgel Water\n|-resisted|p2b: Sinistcha\n|-damage|p2b: Sinistcha|65\/100\n|move|p1a: Urshifu|Wicked Blow|p2b: Sinistcha\n|-supereffective|p2b: Sinistcha\n|-crit|p2b: Sinistcha\n|-damage|p2b: Sinistcha|0 fnt\n|-damage|p1a: Urshifu|84\/100|[from] item: Rocky Helmet|[of] p2b: Sinistcha\n|faint|p2b: Sinistcha\n|move|p2a: Farigiraf|Trick Room|p2a: Farigiraf\n|-fieldstart|move: Trick Room|[of] p2a: Farigiraf\n|\n|upkeep\n|\n|t:|1700747634\n|switch|p2b: Ursaluna|Ursaluna, L50, F|100\/100\n|turn|2\n|\n|t:|1700747652\n|switch|p1a: Landorus|Landorus-Therian, L50, M|100\/100\n|-ability|p1a: Landorus|Intimidate|boost\n|-unboost|p2a: Farigiraf|atk|1\n|-unboost|p2b: Ursaluna|atk|1\n|move|p2b: Ursaluna|Protect|p2b: Ursaluna\n|-singleturn|p2b: Ursaluna|Protect\n|move|p2a: Farigiraf|Dazzling Gleam|p1a: Landorus|[spread] p1a,p1b\n|-damage|p1a: Landorus|76\/100\n|-damage|p1b: Ogerpon|86\/100\n|move|p1b: Ogerpon|Ivy Cudgel|p2b: Ursaluna|[anim] Ivy Cudgel Water\n|-activate|p2b: Ursaluna|move: Protect\n|\n|-status|p2b: Ursaluna|brn|[from] item: Flame Orb\n|upkeep\n|turn|3\n|inactive|Lukeey c has 30 seconds left.\n|inactive|Lukeey c has 20 seconds left.\n|inactive|LycanPlaysVGC has 30 seconds left.\n|\n|t:|1700747694\n|switch|p1a: Urshifu|Urshifu, L50, F|84\/100\n|-terastallize|p2b: Ursaluna|Ghost\n|move|p2b: Ursaluna|Facade|p1b: Ogerpon\n|-damage|p1b: Ogerpon|0 fnt\n|faint|p1b: Ogerpon\n|move|p2a: Farigiraf|Nasty Plot|p2a: Farigiraf\n|-boost|p2a: Farigiraf|spa|2\n|\n|-damage|p2b: Ursaluna|95\/100 brn|[from] brn\n|upkeep\n|\n|t:|1700747709\n|switch|p1b: Landorus|Landorus-Therian, L50, M|76\/100\n|-ability|p1b: Landorus|Intimidate|boost\n|-unboost|p2a: Farigiraf|atk|1\n|-unboost|p2b: Ursaluna|atk|1\n|turn|4\n|\n|t:|1700747716\n|switch|p1b: Heatran|Heatran, L50, F|100\/100\n|move|p2b: Ursaluna|Facade|p1b: Heatran\n|-resisted|p1b: Heatran\n|-damage|p1b: Heatran|75\/100\n|move|p2a: Farigiraf|Dazzling Gleam|p1a: Urshifu|[spread] p1a,p1b\n|-supereffective|p1a: Urshifu\n|-resisted|p1b: Heatran\n|-damage|p1a: Urshifu|0 fnt\n|-damage|p1b: Heatran|69\/100\n|faint|p1a: Urshifu\n|\n|-heal|p1b: Heatran|75\/100|[from] item: Leftovers\n|-damage|p2b: Ursaluna|89\/100 brn|[from] brn\n|upkeep\n|\n|t:|1700747725\n|switch|p1a: Landorus|Landorus-Therian, L50, M|76\/100\n|-ability|p1a: Landorus|Intimidate|boost\n|-unboost|p2a: Farigiraf|atk|1\n|-unboost|p2b: Ursaluna|atk|1\n|turn|5\n|inactive|LycanPlaysVGC has 30 seconds left.\n|\n|t:|1700747754\n|move|p2b: Ursaluna|Headlong Rush|p1b: Heatran\n|-supereffective|p1b: Heatran\n|-damage|p1b: Heatran|0 fnt\n|-unboost|p2b: Ursaluna|def|1\n|-unboost|p2b: Ursaluna|spd|1\n|faint|p1b: Heatran\n|move|p2a: Farigiraf|Dazzling Gleam|p1a: Landorus\n|-damage|p1a: Landorus|10\/100\n|move|p1a: Landorus|Stomping Tantrum|p2a: Farigiraf\n|-damage|p2a: Farigiraf|66\/100\n|\n|-damage|p2b: Ursaluna|83\/100 brn|[from] brn\n|-fieldend|move: Trick Room\n|upkeep\n|turn|6\n|\n|t:|1700747769\n|move|p1a: Landorus|Stomping Tantrum|p2a: Farigiraf\n|-damage|p2a: Farigiraf|34\/100\n|-enditem|p2a: Farigiraf|Sitrus Berry|[eat]\n|-heal|p2a: Farigiraf|58\/100|[from] item: Sitrus Berry\n|move|p2a: Farigiraf|Dazzling Gleam|p1a: Landorus\n|-damage|p1a: Landorus|0 fnt\n|faint|p1a: Landorus\n|\n|win|LycanPlaysVGC\n|raw|Lukeey c's rating: 1327 &rarr; <strong>1306<\/strong><br \/>(-21 for losing)\n|raw|LycanPlaysVGC's rating: 1309 &rarr; <strong>1330<\/strong><br \/>(+21 for winning)\n","uploadtime":1700747779,"views":16,"p1id":"lukeeyc","p2id":"lycanplaysvgc","formatid":"gen9vgc2023regulatione","rating":1306,"private":0,"password":""}