{"id":"gen9vgc2023regulatione-1993364088","p1":"CuteBombee","p2":"xpsds","format":"[Gen 9] VGC 2023 Regulation E","log":"|j|\u2606CuteBombee\n|j|\u2606xpsds\n|t:|1700306472\n|gametype|doubles\n|player|p1|CuteBombee|169|1496\n|player|p2|xpsds|hilda-wonderlauncher|1565\n|teamsize|p1|6\n|teamsize|p2|6\n|gen|9\n|tier|[Gen 9] VGC 2023 Regulation E\n|rated|\n|rule|Species Clause: Limit one of each Pok\u00e9mon\n|rule|Item Clause: Limit one of each item\n|clearpoke\n|poke|p1|Sinistcha, L50|\n|poke|p1|Dondozo, L50, F|\n|poke|p1|Iron Hands, L50|\n|poke|p1|Ogerpon-Hearthflame, L50, F|\n|poke|p1|Articuno-Galar, L50|\n|poke|p1|Tatsugiri, L50, F|\n|poke|p2|Iron Hands, L50|\n|poke|p2|Tornadus, L50, M|\n|poke|p2|Flutter Mane, L50|\n|poke|p2|Landorus-Therian, L50, M|\n|poke|p2|Heatran, L50, F|\n|poke|p2|Moltres-Galar, L50|\n|teampreview|4\n|\n|t:|1700306520\n|start\n|switch|p1a: Articuno|Articuno-Galar, L50|100\/100\n|switch|p1b: Ogerpon|Ogerpon-Hearthflame, L50, F|100\/100\n|switch|p2a: Tornadus|Tornadus, L50, M|100\/100\n|switch|p2b: Flutter Mane|Flutter Mane, L50|100\/100\n|-ability|p1b: Ogerpon|Mold Breaker\n|turn|1\n|\n|t:|1700306545\n|-terastallize|p1a: Articuno|Ghost\n|move|p2a: Tornadus|Tailwind|p2a: Tornadus\n|-sidestart|p2: xpsds|move: Tailwind\n|move|p2b: Flutter Mane|Shadow Ball|p1b: Ogerpon\n|-damage|p1b: Ogerpon|24\/100\n|move|p1b: Ogerpon|Ivy Cudgel|p2b: Flutter Mane|[anim] Ivy Cudgel Fire\n|-damage|p2b: Flutter Mane|7\/100\n|move|p1a: Articuno|Trick Room|p1a: Articuno\n|-fieldstart|move: Trick Room|[of] p1a: Articuno\n|\n|upkeep\n|turn|2\n|\n|t:|1700306571\n|switch|p1b: Iron Hands|Iron Hands, L50|100\/100\n|-enditem|p1b: Iron Hands|Booster Energy\n|-activate|p1b: Iron Hands|ability: Quark Drive|[fromitem]\n|-start|p1b: Iron Hands|quarkdriveatk\n|-end|p2b: Flutter Mane|Protosynthesis|[silent]\n|switch|p2b: Landorus|Landorus-Therian, L50, M|100\/100\n|-ability|p2b: Landorus|Intimidate|boost\n|-unboost|p1a: Articuno|atk|1\n|-ability|p1a: Articuno|Competitive|boost\n|-boost|p1a: Articuno|spa|2\n|-unboost|p1b: Iron Hands|atk|1\n|move|p1a: Articuno|Psyshock|p2b: Landorus\n|-damage|p2b: Landorus|32\/100\n|move|p2a: Tornadus|Bleakwind Storm|p1b: Iron Hands|[spread] p1a,p1b\n|-damage|p1a: Articuno|81\/100\n|-damage|p1b: Iron Hands|76\/100\n|-unboost|p1b: Iron Hands|spe|1\n|\n|upkeep\n|turn|3\n|\n|t:|1700306625\n|switch|p2a: Iron Hands|Iron Hands, L50|100\/100\n|move|p1b: Iron Hands|Ice Punch|p2b: Landorus\n|-supereffective|p2b: Landorus\n|-damage|p2b: Landorus|0 fnt\n|faint|p2b: Landorus\n|move|p1a: Articuno|Psyshock|p2a: Iron Hands\n|-supereffective|p2a: Iron Hands\n|-damage|p2a: Iron Hands|1\/100\n|\n|upkeep\n|\n|t:|1700306652\n|switch|p2b: Tornadus|Tornadus, L50, M|100\/100\n|turn|4\n|inactive|Battle timer is ON: inactive players will automatically lose when time's up. (requested by CuteBombee)\n|\n|t:|1700306692\n|move|p2a: Iron Hands|Fake Out|p1b: Iron Hands\n|-damage|p1b: Iron Hands|66\/100\n|cant|p1b: Iron Hands|flinch\n|move|p1a: Articuno|Psyshock|p2b: Tornadus\n|-damage|p2b: Tornadus|17\/100\n|move|p2b: Tornadus|Bleakwind Storm|p1b: Iron Hands|[spread] p1a,p1b\n|-crit|p1b: Iron Hands\n|-damage|p1a: Articuno|57\/100\n|-damage|p1b: Iron Hands|29\/100\n|\n|-sideend|p2: xpsds|move: Tailwind\n|upkeep\n|turn|5\n|\n|t:|1700306714\n|move|p2b: Tornadus|Protect|p2b: Tornadus\n|-singleturn|p2b: Tornadus|Protect\n|move|p1b: Iron Hands|Wild Charge|p2b: Tornadus\n|-activate|p2b: Tornadus|move: Protect\n|move|p2a: Iron Hands|Wild Charge|p1a: Articuno\n|-damage|p1a: Articuno|3\/100\n|-damage|p2a: Iron Hands|0 fnt|[from] Recoil\n|faint|p2a: Iron Hands\n|-end|p2a: Iron Hands|Quark Drive|[silent]\n|move|p1a: Articuno|Tailwind|p1a: Articuno\n|-sidestart|p1: CuteBombee|move: Tailwind\n|\n|-fieldend|move: Trick Room\n|upkeep\n|\n|t:|1700306725\n|switch|p2a: Flutter Mane|Flutter Mane, L50|7\/100\n|turn|6\n|\n|t:|1700306742\n|-terastallize|p2a: Flutter Mane|Fairy\n|move|p2b: Tornadus|Tailwind|p2b: Tornadus\n|-sidestart|p2: xpsds|move: Tailwind\n|move|p2a: Flutter Mane|Dazzling Gleam|p1b: Iron Hands|[spread] p1a,p1b\n|-supereffective|p1b: Iron Hands\n|-damage|p1a: Articuno|0 fnt\n|-damage|p1b: Iron Hands|0 fnt\n|faint|p1a: Articuno\n|faint|p1b: Iron Hands\n|-end|p1b: Iron Hands|Quark Drive|[silent]\n|\n|upkeep\n|\n|t:|1700306752\n|switch|p1a: Dondozo|Dondozo, L50, F|100\/100\n|switch|p1b: Ogerpon|Ogerpon-Hearthflame, L50, F|24\/100\n|-ability|p1b: Ogerpon|Mold Breaker\n|turn|7\n|\n|t:|1700306777\n|move|p1b: Ogerpon|Spiky Shield|p1b: Ogerpon\n|-singleturn|p1b: Ogerpon|move: Protect\n|move|p2b: Tornadus|Sunny Day|p2b: Tornadus\n|-weather|SunnyDay\n|-activate|p2a: Flutter Mane|ability: Protosynthesis\n|-start|p2a: Flutter Mane|protosynthesisspa\n|move|p2a: Flutter Mane|Dazzling Gleam|p1b: Ogerpon|[spread] p1a\n|-activate|p1b: Ogerpon|move: Protect\n|-damage|p1a: Dondozo|28\/100\n|move|p1a: Dondozo|Wave Crash|p2a: Flutter Mane\n|-damage|p2a: Flutter Mane|0 fnt\n|faint|p2a: Flutter Mane\n|-end|p2a: Flutter Mane|Protosynthesis|[silent]\n|-damage|p1a: Dondozo|26\/100|[from] Recoil\n|\n|-weather|SunnyDay|[upkeep]\n|-heal|p1a: Dondozo|33\/100|[from] item: Leftovers\n|upkeep\n|turn|8\n|\n|t:|1700306797\n|move|p1b: Ogerpon|Ivy Cudgel|p2b: Tornadus|[anim] Ivy Cudgel Fire\n|-damage|p2b: Tornadus|0 fnt\n|faint|p2b: Tornadus\n|\n|win|CuteBombee\n|raw|CuteBombee's rating: 1496 &rarr; <strong>1520<\/strong><br \/>(+24 for winning)\n|raw|xpsds's rating: 1565 &rarr; <strong>1541<\/strong><br \/>(-24 for losing)\n|l|\u2606xpsds\n","uploadtime":1700306812,"views":19,"p1id":"cutebombee","p2id":"xpsds","formatid":"gen9vgc2023regulatione","rating":1520,"private":0,"password":""}