{"id":"gen9vgc2023regulatione-1999457831","p1":"Reg E Gigas","p2":"Matt142718","format":"[Gen 9] VGC 2023 Regulation E","log":"|j|\u2606Reg E Gigas\n|j|\u2606Matt142718\n|t:|1701083615\n|gametype|doubles\n|player|p1|Reg E Gigas|1|1451\n|player|p2|Matt142718|169|1559\n|teamsize|p1|6\n|teamsize|p2|6\n|gen|9\n|tier|[Gen 9] VGC 2023 Regulation E\n|rated|\n|rule|Species Clause: Limit one of each Pok\u00e9mon\n|rule|Item Clause: Limit one of each item\n|clearpoke\n|poke|p1|Landorus-Therian, L50, M|\n|poke|p1|Kingambit, L50, M|\n|poke|p1|Flutter Mane, L50|\n|poke|p1|Iron Hands, L50|\n|poke|p1|Clefairy, L50, F|\n|poke|p1|Ogerpon-Wellspring, L50, F|\n|poke|p2|Urshifu-*, L50, F|\n|poke|p2|Chi-Yu, L50|\n|poke|p2|Rillaboom, L50, M|\n|poke|p2|Flutter Mane, L50|\n|poke|p2|Tornadus, L50, M|\n|poke|p2|Ogerpon-Wellspring, L50, F|\n|teampreview|4\nReg E Gigas has agreed to open team sheets.\n|\n|t:|1701083672\n|start\n|switch|p1a: Todo|Landorus-Therian, L50, M|100\/100\n|switch|p1b: Ogerpon|Ogerpon-Wellspring, L50, F|100\/100\n|switch|p2a: Flutter Mane|Flutter Mane, L50|100\/100\n|switch|p2b: Tornadus|Tornadus, L50, M|100\/100\n|-ability|p1a: Todo|Intimidate|boost\n|-unboost|p2a: Flutter Mane|atk|1\n|-unboost|p2b: Tornadus|atk|1\n|turn|1\n|\n|t:|1701083732\n|switch|p1b: Clefairy|Clefairy, L50, F|100\/100\n|-terastallize|p2a: Flutter Mane|Fairy\n|move|p2b: Tornadus|Sunny Day|p2b: Tornadus\n|-weather|SunnyDay\n|-activate|p2a: Flutter Mane|ability: Protosynthesis\n|-start|p2a: Flutter Mane|protosynthesisspe\n|move|p2a: Flutter Mane|Moonblast|p1a: Todo\n|-damage|p1a: Todo|18\/100\n|-unboost|p1a: Todo|spa|1\n|move|p1a: Todo|Rock Slide|p2a: Flutter Mane|[spread] p2a,p2b\n|-supereffective|p2b: Tornadus\n|-damage|p2a: Flutter Mane|67\/100\n|-damage|p2b: Tornadus|59\/100\n|\n|-weather|SunnyDay|[upkeep]\n|upkeep\n|turn|2\n|\n|t:|1701083756\n|move|p1b: Clefairy|Follow Me|p1b: Clefairy\n|-singleturn|p1b: Clefairy|move: Follow Me\n|move|p2b: Tornadus|Tailwind|p2b: Tornadus\n|-sidestart|p2: Matt142718|move: Tailwind\n|move|p2a: Flutter Mane|Moonblast|p1b: Clefairy\n|-damage|p1b: Clefairy|24\/100\n|move|p1a: Todo|Rock Slide|p2b: Tornadus|[spread] p2a,p2b\n|-supereffective|p2b: Tornadus\n|-damage|p2a: Flutter Mane|38\/100\n|-damage|p2b: Tornadus|17\/100\n|\n|-weather|SunnyDay|[upkeep]\n|upkeep\n|turn|3\n|\n|t:|1701083786\n|switch|p1a: Metamaru|Iron Hands, L50, shiny|100\/100\n|move|p1b: Clefairy|Follow Me|p1b: Clefairy\n|-singleturn|p1b: Clefairy|move: Follow Me\n|move|p2a: Flutter Mane|Moonblast|p1b: Clefairy\n|-damage|p1b: Clefairy|0 fnt\n|faint|p1b: Clefairy\n|move|p2b: Tornadus|Bleakwind Storm|p1a: Metamaru\n|-damage|p1a: Metamaru|79\/100\n|-unboost|p1a: Metamaru|spe|1\n|\n|-weather|SunnyDay|[upkeep]\n|upkeep\n|\n|t:|1701083802\n|switch|p1b: Ogerpon|Ogerpon-Wellspring, L50, F|100\/100\n|turn|4\n|\n|t:|1701083815\n|-end|p2a: Flutter Mane|Protosynthesis|[silent]\n|switch|p2a: Ogerpon|Ogerpon-Wellspring, L50, F|100\/100\n|switch|p2b: Chi-Yu|Chi-Yu, L50|100\/100\n|-ability|p2b: Chi-Yu|Beads of Ruin\n|-terastallize|p1b: Ogerpon|Water\n|detailschange|p1b: Ogerpon|Ogerpon-Wellspring-Tera, L50, F, tera:Water\n|-ability|p1b: Ogerpon|Embody Aspect (Wellspring)|boost\n|-boost|p1b: Ogerpon|spd|1\n|move|p1b: Ogerpon|Follow Me|p1b: Ogerpon\n|-singleturn|p1b: Ogerpon|move: Follow Me\n|move|p1a: Metamaru|Wild Charge|p2a: Ogerpon\n|-damage|p2a: Ogerpon|43\/100\n|-damage|p1a: Metamaru|68\/100|[from] Recoil\n|\n|-weather|SunnyDay|[upkeep]\n|upkeep\n|turn|5\n|\n|t:|1701083844\n|move|p2a: Ogerpon|Horn Leech|p1b: Ogerpon\n|-supereffective|p1b: Ogerpon\n|-damage|p1b: Ogerpon|14\/100\n|-heal|p2a: Ogerpon|87\/100|[from] drain|[of] p1b: Ogerpon\n|move|p2b: Chi-Yu|Heat Wave|p1b: Ogerpon|[spread] p1a,p1b\n|-resisted|p1b: Ogerpon\n|-damage|p1a: Metamaru|22\/100\n|-damage|p1b: Ogerpon|0 fnt\n|faint|p1b: Ogerpon\n|-damage|p2b: Chi-Yu|91\/100|[from] item: Life Orb\n|move|p1a: Metamaru|Drain Punch|p2b: Chi-Yu\n|-supereffective|p2b: Chi-Yu\n|-damage|p2b: Chi-Yu|0 fnt\n|-heal|p1a: Metamaru|49\/100|[from] drain|[of] p2b: Chi-Yu\n|faint|p2b: Chi-Yu\n|\n|-weather|none\n|-sideend|p2: Matt142718|move: Tailwind\n|upkeep\n|\n|t:|1701083860\n|switch|p2b: Tornadus|Tornadus, L50, M|17\/100\n|switch|p1b: Todo|Landorus-Therian, L50, M|18\/100\n|-ability|p1b: Todo|Intimidate|boost\n|-unboost|p2a: Ogerpon|atk|1\n|-unboost|p2b: Tornadus|atk|1\n|turn|6\n|-message|Reg E Gigas forfeited.\n|\n|win|Matt142718\n|raw|Reg E Gigas's rating: 1451 &rarr; <strong>1437<\/strong><br \/>(-14 for losing)\n|raw|Matt142718's rating: 1559 &rarr; <strong>1573<\/strong><br \/>(+14 for winning)\n|l|\u2606Matt142718\n","uploadtime":1701083874,"views":1,"p1id":"regegigas","p2id":"matt142718","formatid":"gen9vgc2023regulatione","rating":1437,"private":0,"password":""}