{"id":"gen9vgc2023regulatione-1997520310","p1":"youuuuuuuuuning","p2":"MarsCava","format":"[Gen 9] VGC 2023 Regulation E","log":"|j|\u2606youuuuuuuuuning\n|j|\u2606MarsCava\n|t:|1700819352\n|gametype|doubles\n|player|p1|youuuuuuuuuning|lass-gen4dp|1096\n|player|p2|MarsCava|2|1069\n|teamsize|p1|6\n|teamsize|p2|6\n|gen|9\n|tier|[Gen 9] VGC 2023 Regulation E\n|rated|\n|rule|Species Clause: Limit one of each Pok\u00e9mon\n|rule|Item Clause: Limit one of each item\n|clearpoke\n|poke|p1|Sneasler, L50, F|\n|poke|p1|Armarouge, L50, F|\n|poke|p1|Chien-Pao, L50|\n|poke|p1|Indeedee-F, L50, F|\n|poke|p1|Urshifu-*, L50, F|\n|poke|p1|Tornadus, L50, M|\n|poke|p2|Empoleon, L50, F|\n|poke|p2|Regieleki, L50|\n|poke|p2|Dragonite, L50, F|\n|poke|p2|Ninetales-Alola, L50, F|\n|poke|p2|Ogerpon-Hearthflame, L50, F|\n|poke|p2|Landorus-Therian, L50, M|\n|teampreview|4\n|inactive|Battle timer is ON: inactive players will automatically lose when time's up. (requested by MarsCava)\n|\n|t:|1700819385\n|start\n|switch|p1a: Indeedee|Indeedee-F, L50, F|100\/100\n|switch|p1b: Sneasler|Sneasler, L50, F|100\/100\n|switch|p2a: Landorus|Landorus-Therian, L50, M|100\/100\n|switch|p2b: Ninetales|Ninetales-Alola, L50, F|100\/100\n|-ability|p2a: Landorus|Intimidate|boost\n|-unboost|p1a: Indeedee|atk|1\n|-unboost|p1b: Sneasler|atk|1\n|-weather|Snow|[from] ability: Snow Warning|[of] p2b: Ninetales\n|-fieldstart|move: Psychic Terrain|[from] ability: Psychic Surge|[of] p1a: Indeedee\n|-enditem|p1b: Sneasler|Psychic Seed\n|-boost|p1b: Sneasler|spd|1|[from] item: Psychic Seed\n|turn|1\n|inactive|youuuuuuuuuning has 30 seconds left.\n|\n|t:|1700819414\n|move|p1a: Indeedee|Follow Me|p1a: Indeedee\n|-singleturn|p1a: Indeedee|move: Follow Me\n|move|p1b: Sneasler|Dire Claw|p2b: Ninetales\n|-supereffective|p2b: Ninetales\n|-damage|p2b: Ninetales|56\/100\n|move|p2a: Landorus|Rock Slide|p1b: Sneasler|[spread] p1a,p1b\n|-resisted|p1b: Sneasler\n|-damage|p1a: Indeedee|77\/100\n|-damage|p1b: Sneasler|84\/100\n|move|p2b: Ninetales|Aurora Veil|p2b: Ninetales\n|-sidestart|p2: MarsCava|move: Aurora Veil\n|\n|-weather|Snow|[upkeep]\n|upkeep\n|turn|2\n|inactive|youuuuuuuuuning has 30 seconds left.\n|\n|t:|1700819440\n|-terastallize|p1b: Sneasler|Rock\n|move|p1a: Indeedee|Helping Hand|p1b: Sneasler\n|-singleturn|p1b: Sneasler|Helping Hand|[of] p1a: Indeedee\n|move|p1b: Sneasler|Rock Slide|p2b: Ninetales|[spread] p2a,p2b\n|-supereffective|p2b: Ninetales\n|-crit|p2b: Ninetales\n|-damage|p2a: Landorus|78\/100\n|-damage|p2b: Ninetales|0 fnt\n|faint|p2b: Ninetales\n|move|p2a: Landorus|Rock Slide|p1b: Sneasler|[spread] p1a,p1b\n|-damage|p1a: Indeedee|50\/100\n|-damage|p1b: Sneasler|54\/100\n|\n|-weather|Snow|[upkeep]\n|upkeep\n|\n|t:|1700819458\n|switch|p2b: Ogerpon|Ogerpon-Hearthflame, L50, F|100\/100\n|-ability|p2b: Ogerpon|Mold Breaker\n|turn|3\n|\n|t:|1700819471\n|move|p2b: Ogerpon|Spiky Shield|p2b: Ogerpon\n|-singleturn|p2b: Ogerpon|move: Protect\n|move|p1a: Indeedee|Follow Me|p1a: Indeedee\n|-singleturn|p1a: Indeedee|move: Follow Me\n|move|p1b: Sneasler|Dire Claw|p2b: Ogerpon\n|-activate|p2b: Ogerpon|move: Protect\n|-damage|p1b: Sneasler|42\/100|[from] Spiky Shield|[of] p2b: Ogerpon\n|move|p2a: Landorus|Rock Slide|p1b: Sneasler|[spread] p1b\n|-miss|p2a: Landorus|p1a: Indeedee\n|-damage|p1b: Sneasler|12\/100\n|\n|-weather|Snow|[upkeep]\n|upkeep\n|turn|4\n|\n|t:|1700819489\n|-terastallize|p2b: Ogerpon|Fire\n|detailschange|p2b: Ogerpon|Ogerpon-Hearthflame-Tera, L50, F, tera:Fire\n|-ability|p2b: Ogerpon|Embody Aspect (Hearthflame)|boost\n|-boost|p2b: Ogerpon|atk|1\n|move|p1a: Indeedee|Helping Hand|p1b: Sneasler\n|-singleturn|p1b: Sneasler|Helping Hand|[of] p1a: Indeedee\n|move|p1b: Sneasler|Rock Slide|p2b: Ogerpon|[spread] p2a,p2b\n|-crit|p2a: Landorus\n|-supereffective|p2b: Ogerpon\n|-damage|p2a: Landorus|0 fnt\n|-damage|p2b: Ogerpon|54\/100\n|faint|p2a: Landorus\n|move|p2b: Ogerpon|Ivy Cudgel|p1a: Indeedee|[anim] Ivy Cudgel Fire\n|-damage|p1a: Indeedee|0 fnt\n|faint|p1a: Indeedee\n|\n|-weather|Snow|[upkeep]\n|upkeep\n|\n|t:|1700819507\n|switch|p2a: Dragonite|Dragonite, L50, F|100\/100\n|switch|p1a: Chien-Pao|Chien-Pao, L50|100\/100\n|-ability|p1a: Chien-Pao|Sword of Ruin\n|turn|5\n|inactive|MarsCava has 30 seconds left.\n|\n|t:|1700819535\n|move|p1b: Sneasler|Protect|p1b: Sneasler\n|-singleturn|p1b: Sneasler|Protect\n|move|p2b: Ogerpon|Spiky Shield|p2b: Ogerpon\n|-singleturn|p2b: Ogerpon|move: Protect\n|move|p1a: Chien-Pao|Icicle Crash|p2a: Dragonite\n|-supereffective|p2a: Dragonite\n|-damage|p2a: Dragonite|4\/100\n|-damage|p1a: Chien-Pao|91\/100|[from] item: Life Orb\n|cant|p2a: Dragonite|flinch\n|\n|-weather|none\n|-fieldend|move: Psychic Terrain\n|upkeep\n|turn|6\n|\n|t:|1700819552\n|move|p2a: Dragonite|Extreme Speed|p1b: Sneasler\n|-resisted|p1b: Sneasler\n|-damage|p1b: Sneasler|0 fnt\n|faint|p1b: Sneasler\n|move|p1a: Chien-Pao|Ice Shard|p2a: Dragonite\n|-supereffective|p2a: Dragonite\n|-damage|p2a: Dragonite|0 fnt\n|faint|p2a: Dragonite\n|-damage|p1a: Chien-Pao|81\/100|[from] item: Life Orb\n|move|p2b: Ogerpon|Ivy Cudgel|p1a: Chien-Pao|[anim] Ivy Cudgel Fire\n|-supereffective|p1a: Chien-Pao\n|-damage|p1a: Chien-Pao|0 fnt\n|faint|p1a: Chien-Pao\n|\n|upkeep\n|\n|t:|1700819568\n|switch|p1b: Urshifu|Urshifu-Rapid-Strike, L50, F|100\/100\n|turn|7\n|\n|t:|1700819573\n|move|p2b: Ogerpon|Spiky Shield|p2b: Ogerpon\n|-singleturn|p2b: Ogerpon|move: Protect\n|move|p1b: Urshifu|Surging Strikes|p2b: Ogerpon\n|-supereffective|p2b: Ogerpon\n|-crit|p2b: Ogerpon\n|-damage|p2b: Ogerpon|7\/100\n|-supereffective|p2b: Ogerpon\n|-crit|p2b: Ogerpon\n|-damage|p2b: Ogerpon|0 fnt\n|faint|p2b: Ogerpon\n|-hitcount|p2: Ogerpon|2\n|\n|win|youuuuuuuuuning\n|raw|youuuuuuuuuning's rating: 1096 &rarr; <strong>1120<\/strong><br \/>(+24 for winning)\n|raw|MarsCava's rating: 1069 &rarr; <strong>1050<\/strong><br \/>(-19 for losing)\n","uploadtime":1700819586,"views":4,"p1id":"youuuuuuuuuning","p2id":"marscava","formatid":"gen9vgc2023regulatione","rating":1050,"private":0,"password":""}