{"id":"gen9vgc2023regulatione-1999441394","p1":"Zemigas2004","p2":"lhy150","format":"[Gen 9] VGC 2023 Regulation E","log":"|j|\u2606Zemigas2004\n|j|\u2606lhy150\n|t:|1701081043\n|gametype|doubles\n|player|p1|Zemigas2004|ethan|1225\n|player|p2|lhy150|101|1189\n|teamsize|p1|6\n|teamsize|p2|6\n|gen|9\n|tier|[Gen 9] VGC 2023 Regulation E\n|rated|\n|rule|Species Clause: Limit one of each Pok\u00e9mon\n|rule|Item Clause: Limit one of each item\n|clearpoke\n|poke|p1|Thundurus, L50, M|\n|poke|p1|Enamorus, L50, F|\n|poke|p1|Garchomp, L50, M|\n|poke|p1|Chien-Pao, L50|\n|poke|p1|Amoonguss, L50, F|\n|poke|p1|Gholdengo, L50|\n|poke|p2|Amoonguss, L50, M|\n|poke|p2|Regieleki, L50|\n|poke|p2|Kingambit, L50, M|\n|poke|p2|Landorus-Therian, L50, M|\n|poke|p2|Roaring Moon, L50|\n|poke|p2|Ogerpon-Hearthflame, L50, F|\n|teampreview|4\n|inactive|Battle timer is ON: inactive players will automatically lose when time's up. (requested by lhy150)\n|inactive|Zemigas2004 has 60 seconds left.\n|l|\u2606lhy150\n|inactive|lhy150 disconnected and has a minute to reconnect!\n|player|p2|\n|\n|t:|1701081104\n|start\n|switch|p1a: Thundurus|Thundurus, L50, M|100\/100\n|switch|p1b: Chien-Pao|Chien-Pao, L50|100\/100\n|switch|p2a: Ogerpon|Ogerpon-Hearthflame, L50, F|100\/100\n|switch|p2b: Regieleki|Regieleki, L50|100\/100\n|-ability|p1b: Chien-Pao|Sword of Ruin\n|-ability|p2a: Ogerpon|Mold Breaker\n|turn|1\n|inactive|lhy150 has 30 seconds left.\n|j|\u2606lhy150\n|inactive|lhy150 reconnected and has 30 seconds left.\n|player|p2|lhy150|101\n|inactive|lhy150 has 20 seconds left.\n|\n|t:|1701081142\n|switch|p1b: Garchomp|Garchomp, L50, M|100\/100\n|-terastallize|p2a: Ogerpon|Fire\n|detailschange|p2a: Ogerpon|Ogerpon-Hearthflame-Tera, L50, F, tera:Fire\n|-ability|p2a: Ogerpon|Embody Aspect (Hearthflame)|boost\n|-boost|p2a: Ogerpon|atk|1\n|move|p1a: Thundurus|Rain Dance|p1a: Thundurus\n|-weather|RainDance\n|move|p2b: Regieleki|Electroweb|p1a: Thundurus|[spread] p1a\n|-immune|p1b: Garchomp\n|-damage|p1a: Thundurus|73\/100\n|move|p2a: Ogerpon|Ivy Cudgel|p1b: Garchomp|[anim] Ivy Cudgel Fire\n|-resisted|p1b: Garchomp\n|-damage|p1b: Garchomp|76\/100\n|\n|-weather|RainDance|[upkeep]\n|upkeep\n|turn|2\n|inactive|Zemigas2004 has 30 seconds left.\n|\n|t:|1701081169\n|move|p1b: Garchomp|Protect|p1b: Garchomp\n|-singleturn|p1b: Garchomp|Protect\n|move|p1a: Thundurus|Scary Face|p2a: Ogerpon\n|-unboost|p2a: Ogerpon|spe|2\n|move|p2b: Regieleki|Thunderbolt|p1a: Thundurus\n|-damage|p1a: Thundurus|12\/100\n|move|p2a: Ogerpon|Horn Leech|p1b: Garchomp\n|-activate|p1b: Garchomp|move: Protect\n|\n|-weather|RainDance|[upkeep]\n|upkeep\n|turn|3\n|\n|t:|1701081191\n|switch|p2a: Kingambit|Kingambit, L50, M|100\/100\n|move|p1a: Thundurus|Scary Face|p2b: Regieleki\n|-unboost|p2b: Regieleki|spe|2\n|move|p2b: Regieleki|Thunderbolt|p1a: Thundurus\n|-damage|p1a: Thundurus|0 fnt\n|faint|p1a: Thundurus\n|move|p1b: Garchomp|Earthquake|p2a: Kingambit|[spread] p2a,p2b\n|-supereffective|p2a: Kingambit\n|-supereffective|p2b: Regieleki\n|-damage|p2a: Kingambit|38\/100\n|-enditem|p2b: Regieleki|Focus Sash\n|-damage|p2b: Regieleki|1\/100\n|\n|-weather|RainDance|[upkeep]\n|upkeep\n|\n|t:|1701081206\n|switch|p1a: Chien-Pao|Chien-Pao, L50|100\/100\n|-ability|p1a: Chien-Pao|Sword of Ruin\n|turn|4\n|\n|t:|1701081215\n|switch|p2b: Roaring Moon|Roaring Moon, L50|100\/100\n|-enditem|p2b: Roaring Moon|Booster Energy\n|-activate|p2b: Roaring Moon|ability: Protosynthesis|[fromitem]\n|-start|p2b: Roaring Moon|protosynthesisatk\n|move|p1a: Chien-Pao|Protect|p1a: Chien-Pao\n|-singleturn|p1a: Chien-Pao|Protect\n|move|p2a: Kingambit|Sucker Punch|p1b: Garchomp\n|-damage|p1b: Garchomp|12\/100\n|-damage|p2a: Kingambit|26\/100|[from] ability: Rough Skin|[of] p1b: Garchomp\n|move|p1b: Garchomp|Earthquake|p2b: Roaring Moon|[spread] p2a,p2b\n|-activate|p1a: Chien-Pao|move: Protect\n|-supereffective|p2a: Kingambit\n|-damage|p2a: Kingambit|0 fnt\n|-damage|p2b: Roaring Moon|40\/100\n|faint|p2a: Kingambit\n|\n|-weather|RainDance|[upkeep]\n|upkeep\n|\n|t:|1701081228\n|switch|p2a: Ogerpon|Ogerpon-Hearthflame-Tera, L50, F, tera:Fire|100\/100\n|-ability|p2a: Ogerpon|Embody Aspect (Hearthflame)|boost\n|-boost|p2a: Ogerpon|atk|1\n|turn|5\n|\n|t:|1701081253\n|move|p2b: Roaring Moon|Protect|p2b: Roaring Moon\n|-singleturn|p2b: Roaring Moon|Protect\n|move|p1a: Chien-Pao|Icicle Crash|p2b: Roaring Moon\n|-activate|p2b: Roaring Moon|move: Protect\n|move|p2a: Ogerpon|Horn Leech|p1b: Garchomp\n|-damage|p1b: Garchomp|0 fnt\n|-damage|p2a: Ogerpon|88\/100|[from] ability: Rough Skin|[of] p1b: Garchomp\n|faint|p1b: Garchomp\n|\n|-weather|none\n|upkeep\n|\n|t:|1701081257\n|switch|p1b: Enamorus|Enamorus, L50, F|100\/100\n|turn|6\n|\n|t:|1701081273\n|move|p1b: Enamorus|Earth Power|p2a: Ogerpon\n|-supereffective|p2a: Ogerpon\n|-damage|p2a: Ogerpon|7\/100\n|move|p1a: Chien-Pao|Icicle Crash|p2b: Roaring Moon\n|-supereffective|p2b: Roaring Moon\n|-damage|p2b: Roaring Moon|0 fnt\n|faint|p2b: Roaring Moon\n|-end|p2b: Roaring Moon|Protosynthesis|[silent]\n|move|p2a: Ogerpon|Ivy Cudgel|p1a: Chien-Pao|[anim] Ivy Cudgel Fire\n|-supereffective|p1a: Chien-Pao\n|-enditem|p1a: Chien-Pao|Focus Sash\n|-damage|p1a: Chien-Pao|1\/100\n|\n|upkeep\n|\n|t:|1701081283\n|switch|p2b: Regieleki|Regieleki, L50|1\/100\n|turn|7\n|\n|t:|1701081304\n|move|p2b: Regieleki|Protect|p2b: Regieleki\n|-singleturn|p2b: Regieleki|Protect\n|move|p2a: Ogerpon|Spiky Shield|p2a: Ogerpon\n|-singleturn|p2a: Ogerpon|move: Protect\n|move|p1b: Enamorus|Earth Power|p2b: Regieleki\n|-activate|p2b: Regieleki|move: Protect\n|move|p1a: Chien-Pao|Crunch|p2a: Ogerpon\n|-activate|p2a: Ogerpon|move: Protect\n|-damage|p1a: Chien-Pao|0 fnt|[from] Spiky Shield|[of] p2a: Ogerpon\n|faint|p1a: Chien-Pao\n|\n|upkeep\n|turn|8\n|\n|t:|1701081322\n|move|p2b: Regieleki|Electroweb|p1b: Enamorus\n|-supereffective|p1b: Enamorus\n|-damage|p1b: Enamorus|12\/100\n|-boost|p1b: Enamorus|spe|1\n|move|p1b: Enamorus|Earth Power|p2b: Regieleki\n|-supereffective|p2b: Regieleki\n|-damage|p2b: Regieleki|0 fnt\n|faint|p2b: Regieleki\n|move|p2a: Ogerpon|Ivy Cudgel|p1b: Enamorus|[anim] Ivy Cudgel Fire\n|-damage|p1b: Enamorus|0 fnt\n|faint|p1b: Enamorus\n|\n|win|lhy150\n|raw|Zemigas2004's rating: 1225 &rarr; <strong>1197<\/strong><br \/>(-28 for losing)\n|raw|lhy150's rating: 1189 &rarr; <strong>1217<\/strong><br \/>(+28 for winning)\n|l|\u2606lhy150\n","uploadtime":1701081334,"views":4,"p1id":"zemigas2004","p2id":"lhy150","formatid":"gen9vgc2023regulatione","rating":1197,"private":0,"password":""}