{"id":"gen9vgc2023regulatione-1989241400","p1":"It\u2019sJustKen VGC","p2":"do u smell it","format":"[Gen 9] VGC 2023 Regulation E","log":"|j|\u2606It\u2019sJustKen VGC\n|j|\u2606do u smell it\n|t:|1699827071\n|gametype|doubles\n|player|p1|It\u2019sJustKen VGC|turo|1309\n|player|p2|do u smell it|maid|1407\n|teamsize|p1|6\n|teamsize|p2|6\n|gen|9\n|tier|[Gen 9] VGC 2023 Regulation E\n|rated|\n|rule|Species Clause: Limit one of each Pok\u00e9mon\n|rule|Item Clause: Limit one of each item\n|clearpoke\n|poke|p1|Amoonguss, L50, M|\n|poke|p1|Iron Bundle, L50|\n|poke|p1|Chi-Yu, L50|\n|poke|p1|Farigiraf, L50, F|\n|poke|p1|Landorus-Therian, L50, M|\n|poke|p1|Iron Hands, L50|\n|poke|p2|Altaria, L50, M|\n|poke|p2|Iron Bundle, L50|\n|poke|p2|Arcanine-Hisui, L50, M|\n|poke|p2|Amoonguss, L50, F|\n|poke|p2|Thundurus-Therian, L50, M|\n|poke|p2|Kingambit, L50, M|\n|teampreview|4\n|inactive|Battle timer is ON: inactive players will automatically lose when time's up. (requested by It\u2019sJustKen VGC)\n|c|\u2606It\u2019sJustKen VGC|glhf\n|inactive|do u smell it has 60 seconds left.\n|inactive|do u smell it has 30 seconds left.\n|inactive|do u smell it has 20 seconds left.\n|inactive|do u smell it has 15 seconds left.\n|inactive|do u smell it has 10 seconds left.\n|\n|t:|1699827153\n|start\n|switch|p1a: Iron Bundle|Iron Bundle, L50|100\/100\n|switch|p1b: Farigiraf|Farigiraf, L50, F|100\/100\n|switch|p2a: Iron Bundle|Iron Bundle, L50|100\/100\n|switch|p2b: Altaria|Altaria, L50, M|100\/100\n|-ability|p2b: Altaria|Cloud Nine\n|-enditem|p1a: Iron Bundle|Booster Energy\n|-activate|p1a: Iron Bundle|ability: Quark Drive|[fromitem]\n|-start|p1a: Iron Bundle|quarkdrivespe\n|-enditem|p2a: Iron Bundle|Booster Energy\n|-activate|p2a: Iron Bundle|ability: Quark Drive|[fromitem]\n|-start|p2a: Iron Bundle|quarkdrivespe\n|turn|1\n|inactive|do u smell it has 30 seconds left.\n|inactive|do u smell it has 20 seconds left.\n|inactive|do u smell it has 15 seconds left.\n|\n|t:|1699827197\n|switch|p2b: Kingambit|Kingambit, L50, M|100\/100\n|move|p1a: Iron Bundle|Freeze-Dry|p2b: Kingambit\n|-resisted|p2b: Kingambit\n|-damage|p2b: Kingambit|82\/100\n|move|p2a: Iron Bundle|Icy Wind|p1b: Farigiraf|[spread] p1a,p1b\n|-resisted|p1a: Iron Bundle\n|-damage|p1a: Iron Bundle|89\/100\n|-damage|p1b: Farigiraf|79\/100\n|-unboost|p1a: Iron Bundle|spe|1\n|-unboost|p1b: Farigiraf|spe|1\n|move|p1b: Farigiraf|Psychic|p2a: Iron Bundle\n|-damage|p2a: Iron Bundle|31\/100\n|\n|upkeep\n|turn|2\n|inactive|do u smell it has 30 seconds left.\n|inactive|do u smell it has 20 seconds left.\n|inactive|do u smell it has 15 seconds left.\n|inactive|do u smell it has 10 seconds left.\n|\n|t:|1699827244\n|move|p2a: Iron Bundle|Freeze-Dry|p1a: Iron Bundle\n|-damage|p1a: Iron Bundle|12\/100\n|move|p1a: Iron Bundle|Hydro Pump|p2b: Kingambit\n|-damage|p2b: Kingambit|22\/100\n|move|p2b: Kingambit|Kowtow Cleave|p1b: Farigiraf\n|-supereffective|p1b: Farigiraf\n|-crit|p1b: Farigiraf\n|-damage|p1b: Farigiraf|0 fnt\n|faint|p1b: Farigiraf\n|\n|upkeep\n|\n|t:|1699827250\n|switch|p1b: Iron Hands|Iron Hands, L50|100\/100\n|turn|3\n|inactive|do u smell it has 30 seconds left.\n|inactive|do u smell it has 20 seconds left.\n|\n|t:|1699827290\n|-end|p2a: Iron Bundle|Quark Drive|[silent]\n|switch|p2a: Altaria|Altaria, L50, M|100\/100\n|-ability|p2a: Altaria|Cloud Nine\n|-end|p1a: Iron Bundle|Quark Drive|[silent]\n|switch|p1a: Amoonguss|Amoonguss, L50, M|100\/100\n|move|p2b: Kingambit|Protect|p2b: Kingambit\n|-singleturn|p2b: Kingambit|Protect\n|move|p1b: Iron Hands|Fake Out|p2a: Altaria\n|-damage|p2a: Altaria|83\/100\n|-damage|p1b: Iron Hands|84\/100|[from] item: Rocky Helmet|[of] p2a: Altaria\n|\n|upkeep\n|turn|4\n|inactive|do u smell it has 30 seconds left.\n|inactive|do u smell it has 20 seconds left.\n|\n|t:|1699827327\n|switch|p2b: Arcanine|Arcanine-Hisui, L50, M|100\/100\n|-ability|p2b: Arcanine|Intimidate|boost\n|-unboost|p1a: Amoonguss|atk|1\n|-unboost|p1b: Iron Hands|atk|1\n|move|p2a: Altaria|Brave Bird|p1a: Amoonguss\n|-supereffective|p1a: Amoonguss\n|-damage|p1a: Amoonguss|45\/100\n|-damage|p2a: Altaria|58\/100|[from] Recoil\n|move|p1b: Iron Hands|Drain Punch|p2b: Arcanine\n|-supereffective|p2b: Arcanine\n|-damage|p2b: Arcanine|34\/100\n|-heal|p1b: Iron Hands|100\/100|[from] drain|[of] p2b: Arcanine\n|move|p1a: Amoonguss|Spore|p2a: Altaria\n|-status|p2a: Altaria|slp|[from] move: Spore\n|\n|upkeep\n|turn|5\n|inactive|It\u2019sJustKen VGC has 30 seconds left.\n|inactive|do u smell it has 30 seconds left.\n|inactive|It\u2019sJustKen VGC has 20 seconds left.\n|inactive|do u smell it has 20 seconds left.\n|inactive|It\u2019sJustKen VGC has 15 seconds left.\n|inactive|do u smell it has 15 seconds left.\n|inactive|It\u2019sJustKen VGC has 10 seconds left.\n|inactive|It\u2019sJustKen VGC has 5 seconds left.\n|\n|t:|1699827378\n|-end|p1b: Iron Hands|Quark Drive|[silent]\n|switch|p1b: Iron Bundle|Iron Bundle, L50|12\/100\n|move|p1a: Amoonguss|Rage Powder|p1a: Amoonguss\n|-singleturn|p1a: Amoonguss|move: Rage Powder\n|move|p2b: Arcanine|Wild Charge|p1a: Amoonguss\n|-resisted|p1a: Amoonguss\n|-damage|p1a: Amoonguss|27\/100\n|-damage|p2b: Arcanine|29\/100|[from] Recoil\n|cant|p2a: Altaria|slp\n|\n|upkeep\n|turn|6\n|inactive|do u smell it has 30 seconds left.\n|inactive|do u smell it has 20 seconds left.\n|inactive|do u smell it has 15 seconds left.\n|inactive|do u smell it has 10 seconds left.\n|\n|t:|1699827425\n|switch|p2b: Iron Bundle|Iron Bundle, L50|31\/100\n|move|p1a: Amoonguss|Rage Powder|p1a: Amoonguss\n|-singleturn|p1a: Amoonguss|move: Rage Powder\n|move|p1b: Iron Bundle|Hydro Pump|p2a: Altaria\n|-resisted|p2a: Altaria\n|-damage|p2a: Altaria|26\/100 slp\n|cant|p2a: Altaria|slp\n|\n|upkeep\n|turn|7\n|\n|t:|1699827449\n|move|p2b: Iron Bundle|Protect|p2b: Iron Bundle\n|-singleturn|p2b: Iron Bundle|Protect\n|move|p1a: Amoonguss|Rage Powder|p1a: Amoonguss\n|-singleturn|p1a: Amoonguss|move: Rage Powder\n|move|p1b: Iron Bundle|Freeze-Dry|p2b: Iron Bundle\n|-activate|p2b: Iron Bundle|move: Protect\n|-curestatus|p2a: Altaria|slp|[msg]\n|move|p2a: Altaria|Brave Bird|p1a: Amoonguss\n|-supereffective|p1a: Amoonguss\n|-damage|p1a: Amoonguss|0 fnt\n|faint|p1a: Amoonguss\n|-damage|p2a: Altaria|15\/100|[from] Recoil\n|\n|upkeep\n|\n|t:|1699827453\n|switch|p1a: Iron Hands|Iron Hands, L50|100\/100\n|turn|8\n|inactive|do u smell it has 30 seconds left.\n|inactive|do u smell it has 20 seconds left.\n|inactive|do u smell it has 15 seconds left.\n|\n|t:|1699827494\n|-end|p2b: Iron Bundle|Quark Drive|[silent]\n|switch|p2b: Arcanine|Arcanine-Hisui, L50, M|29\/100\n|-ability|p2b: Arcanine|Intimidate|boost\n|-unboost|p1a: Iron Hands|atk|1\n|-unboost|p1b: Iron Bundle|atk|1\n|move|p2a: Altaria|Protect|p2a: Altaria\n|-singleturn|p2a: Altaria|Protect\n|move|p1a: Iron Hands|Fake Out|p2b: Arcanine\n|-resisted|p2b: Arcanine\n|-damage|p2b: Arcanine|23\/100\n|move|p1b: Iron Bundle|Hydro Pump|p2a: Altaria\n|-activate|p2a: Altaria|move: Protect\n|\n|upkeep\n|turn|9\n|inactive|It\u2019sJustKen VGC has 30 seconds left.\n|\n|t:|1699827529\n|-terastallize|p1b: Iron Bundle|Ghost\n|move|p1b: Iron Bundle|Freeze-Dry|p2a: Altaria\n|-supereffective|p2a: Altaria\n|-damage|p2a: Altaria|0 fnt\n|faint|p2a: Altaria\n|move|p2b: Arcanine|Rock Slide|p1b: Iron Bundle|[spread] p1b\n|-miss|p2b: Arcanine|p1a: Iron Hands\n|-damage|p1b: Iron Bundle|0 fnt\n|faint|p1b: Iron Bundle\n|-end|p1b: Iron Bundle|Quark Drive|[silent]\n|move|p1a: Iron Hands|Drain Punch|p2b: Arcanine\n|-supereffective|p2b: Arcanine\n|-damage|p2b: Arcanine|0 fnt\n|faint|p2b: Arcanine\n|\n|upkeep\n|\n|t:|1699827541\n|switch|p2b: Iron Bundle|Iron Bundle, L50|31\/100\n|switch|p2a: Kingambit|Kingambit, L50, M|22\/100\n|turn|10\n|\n|t:|1699827559\n|move|p2b: Iron Bundle|Protect|p2b: Iron Bundle\n|-singleturn|p2b: Iron Bundle|Protect\n|move|p2a: Kingambit|Protect|p2a: Kingambit\n|-singleturn|p2a: Kingambit|Protect\n|move|p1a: Iron Hands|Drain Punch|p2b: Iron Bundle\n|-activate|p2b: Iron Bundle|move: Protect\n|\n|upkeep\n|turn|11\n|\n|t:|1699827575\n|-terastallize|p2b: Iron Bundle|Ghost\n|move|p2b: Iron Bundle|Freeze-Dry|p1a: Iron Hands\n|-damage|p1a: Iron Hands|81\/100\n|move|p1a: Iron Hands|Drain Punch|p2b: Iron Bundle\n|-immune|p2b: Iron Bundle\n|move|p2a: Kingambit|Iron Head|p1a: Iron Hands\n|-resisted|p1a: Iron Hands\n|-damage|p1a: Iron Hands|64\/100\n|\n|upkeep\n|turn|12\n|\n|t:|1699827596\n|move|p2b: Iron Bundle|Freeze-Dry|p1a: Iron Hands\n|-damage|p1a: Iron Hands|44\/100\n|move|p1a: Iron Hands|Wild Charge|p2b: Iron Bundle\n|-damage|p2b: Iron Bundle|0 fnt\n|faint|p2b: Iron Bundle\n|-end|p2b: Iron Bundle|Quark Drive|[silent]\n|-damage|p1a: Iron Hands|40\/100|[from] Recoil\n|move|p2a: Kingambit|Iron Head|p1a: Iron Hands\n|-resisted|p1a: Iron Hands\n|-damage|p1a: Iron Hands|22\/100\n|\n|upkeep\n|turn|13\n|inactive|do u smell it has 30 seconds left.\n|\n|t:|1699827616\n|move|p1a: Iron Hands|Drain Punch|p2a: Kingambit\n|-supereffective|p2a: Kingambit\n|-damage|p2a: Kingambit|0 fnt\n|-heal|p1a: Iron Hands|32\/100|[from] drain|[of] p2a: Kingambit\n|faint|p2a: Kingambit\n|\n|win|It\u2019sJustKen VGC\n|inactive|do u smell it has 30 seconds left this turn.\n|raw|It\u2019sJustKen VGC's rating: 1309 &rarr; <strong>1334<\/strong><br \/>(+25 for winning)\n|raw|do u smell it's rating: 1407 &rarr; <strong>1382<\/strong><br \/>(-25 for losing)\n|c|\u2606It\u2019sJustKen VGC|gg wp\n","uploadtime":1699827632,"views":10,"p1id":"itsjustkenvgc","p2id":"dousmellit","formatid":"gen9vgc2023regulatione","rating":1334,"private":0,"password":""}