{"id":"gen9vgc2023regulatione-1993825004","p1":"wjsjisieie","p2":"Massacre960","format":"[Gen 9] VGC 2023 Regulation E","log":"|j|\u2606wjsjisieie\n|j|\u203dMassacre960\n|t:|1700361902\n|gametype|doubles\n|player|p1|wjsjisieie|1|1130\n|player|p2|Massacre960|170|1179\n|teamsize|p1|6\n|teamsize|p2|6\n|gen|9\n|tier|[Gen 9] VGC 2023 Regulation E\n|rated|\n|rule|Species Clause: Limit one of each Pok\u00e9mon\n|rule|Item Clause: Limit one of each item\n|clearpoke\n|poke|p1|Snorlax, L50, F|\n|poke|p1|Iron Hands, L50|\n|poke|p1|Sinistcha, L50|\n|poke|p1|Landorus-Therian, L50, M|\n|poke|p1|Clefairy, L50, M|\n|poke|p1|Kommo-o, L50, M|\n|poke|p2|Ogerpon-Hearthflame, L50, F|\n|poke|p2|Amoonguss, L50, F|\n|poke|p2|Cresselia, L50, F|\n|poke|p2|Urshifu-*, L50, M|\n|poke|p2|Iron Hands, L50|\n|poke|p2|Landorus-Therian, L50, M|\n|teampreview|4\n|inactive|Battle timer is ON: inactive players will automatically lose when time's up. (requested by Massacre960)\n|inactive|wjsjisieie has 60 seconds left.\n|inactive|Massacre960 has 60 seconds left.\n|\n|t:|1700361960\n|start\n|switch|p1a: Landorus|Landorus-Therian, L50, M|100\/100\n|switch|p1b: Kommo-o|Kommo-o, L50, M|100\/100\n|switch|p2a: Iron Hands|Iron Hands, L50|100\/100\n|switch|p2b: Ogerpon|Ogerpon-Hearthflame, L50, F|100\/100\n|-ability|p1a: Landorus|Intimidate|boost\n|-unboost|p2a: Iron Hands|atk|1\n|-unboost|p2b: Ogerpon|atk|1\n|-ability|p2b: Ogerpon|Mold Breaker\n|turn|1\n|inactive|wjsjisieie has 30 seconds left.\n|inactive|wjsjisieie has 20 seconds left.\n|inactive|wjsjisieie has 15 seconds left.\n|\n|t:|1700362005\n|-terastallize|p1a: Landorus|Flying\n|move|p1b: Kommo-o|Protect|p1b: Kommo-o\n|-singleturn|p1b: Kommo-o|Protect\n|move|p2a: Iron Hands|Fake Out|p1b: Kommo-o\n|-activate|p1b: Kommo-o|move: Protect\n|move|p1a: Landorus|Tera Blast|p2b: Ogerpon|[anim] Tera Blast Flying\n|-supereffective|p2b: Ogerpon\n|-damage|p2b: Ogerpon|0 fnt\n|faint|p2b: Ogerpon\n|\n|upkeep\n|\n|t:|1700362028\n|switch|p2b: Landorus|Landorus-Therian, L50, M|100\/100\n|-ability|p2b: Landorus|Intimidate|boost\n|-unboost|p1a: Landorus|atk|1\n|-unboost|p1b: Kommo-o|atk|1\n|turn|2\n|inactive|Massacre960 has 30 seconds left.\n|\n|t:|1700362057\n|move|p1a: Landorus|Tera Blast|p2a: Iron Hands|[anim] Tera Blast Flying\n|-damage|p2a: Iron Hands|72\/100\n|move|p2b: Landorus|Rock Slide|p1a: Landorus|[spread] p1a\n|-miss|p2b: Landorus|p1b: Kommo-o\n|-supereffective|p1a: Landorus\n|-damage|p1a: Landorus|44\/100\n|move|p1b: Kommo-o|Clangorous Soul|p1b: Kommo-o\n|-boost|p1b: Kommo-o|atk|1\n|-boost|p1b: Kommo-o|def|1\n|-boost|p1b: Kommo-o|spa|1\n|-boost|p1b: Kommo-o|spd|1\n|-boost|p1b: Kommo-o|spe|1\n|-damage|p1b: Kommo-o|68\/100\n|-enditem|p1b: Kommo-o|Throat Spray\n|-boost|p1b: Kommo-o|spa|1|[from] item: Throat Spray\n|move|p2a: Iron Hands|Wild Charge|p1a: Landorus\n|-supereffective|p1a: Landorus\n|-damage|p1a: Landorus|0 fnt\n|faint|p1a: Landorus\n|-damage|p2a: Iron Hands|65\/100|[from] Recoil\n|\n|upkeep\n|\n|t:|1700362079\n|switch|p1a: Clefairy|Clefairy, L50, M|100\/100\n|turn|3\n|\n|t:|1700362090\n|move|p1a: Clefairy|Helping Hand|p1b: Kommo-o\n|-singleturn|p1b: Kommo-o|Helping Hand|[of] p1a: Clefairy\n|move|p2b: Landorus|Rock Slide|p1b: Kommo-o|[spread] p1a,p1b\n|-resisted|p1b: Kommo-o\n|-damage|p1a: Clefairy|77\/100\n|-damage|p1b: Kommo-o|62\/100\n|cant|p1b: Kommo-o|flinch\n|move|p2a: Iron Hands|Heavy Slam|p1a: Clefairy\n|-supereffective|p1a: Clefairy\n|-crit|p1a: Clefairy\n|-damage|p1a: Clefairy|0 fnt\n|faint|p1a: Clefairy\n|\n|upkeep\n|\n|t:|1700362095\n|switch|p1a: Sinistcha|Sinistcha, L50|100\/100\n|-heal|p1b: Kommo-o|87\/100|[from] ability: Hospitality|[of] p1a: Sinistcha\n|turn|4\n|inactive|Massacre960 has 30 seconds left.\n|\n|t:|1700362121\n|-end|p2a: Iron Hands|Quark Drive|[silent]\n|switch|p2a: Urshifu|Urshifu-Rapid-Strike, L50, M|100\/100\n|move|p1a: Sinistcha|Rage Powder|p1a: Sinistcha\n|-singleturn|p1a: Sinistcha|move: Rage Powder\n|move|p2b: Landorus|Rock Slide|p1b: Kommo-o|[spread] p1a,p1b\n|-resisted|p1b: Kommo-o\n|-damage|p1a: Sinistcha|81\/100\n|-damage|p1b: Kommo-o|81\/100\n|move|p1b: Kommo-o|Clanging Scales|p2b: Landorus|[spread] p2a,p2b\n|-enditem|p2a: Urshifu|Focus Sash\n|-damage|p2a: Urshifu|1\/100\n|-damage|p2b: Landorus|5\/100\n|-unboost|p1b: Kommo-o|def|1\n|\n|upkeep\n|turn|5\n|inactive|Massacre960 has 30 seconds left.\n|\n|t:|1700362152\n|move|p2b: Landorus|Rock Slide|p1a: Sinistcha|[spread] p1a,p1b\n|-resisted|p1b: Kommo-o\n|-damage|p1a: Sinistcha|62\/100\n|-damage|p1b: Kommo-o|70\/100\n|move|p1b: Kommo-o|Clanging Scales|p2b: Landorus|[spread] p2a,p2b\n|-damage|p2a: Urshifu|0 fnt\n|-damage|p2b: Landorus|0 fnt\n|faint|p2a: Urshifu\n|faint|p2b: Landorus\n|-unboost|p1b: Kommo-o|def|1\n|cant|p1a: Sinistcha|flinch\n|\n|upkeep\n|\n|t:|1700362164\n|switch|p2b: Iron Hands|Iron Hands, L50|65\/100\n|turn|6\n|inactive|wjsjisieie has 30 seconds left.\n|\n|t:|1700362195\n|-terastallize|p2b: Iron Hands|Poison\n|move|p1a: Sinistcha|Rage Powder|p1a: Sinistcha\n|-singleturn|p1a: Sinistcha|move: Rage Powder\n|move|p1b: Kommo-o|Clanging Scales|p2b: Iron Hands\n|-damage|p2b: Iron Hands|10\/100\n|-unboost|p1b: Kommo-o|def|1\n|move|p2b: Iron Hands|Drain Punch|p1a: Sinistcha\n|-immune|p1a: Sinistcha\n|\n|upkeep\n|turn|7\n|-message|Massacre960 forfeited.\n|\n|win|wjsjisieie\n|raw|wjsjisieie's rating: 1130 &rarr; <strong>1159<\/strong><br \/>(+29 for winning)\n|raw|Massacre960's rating: 1179 &rarr; <strong>1150<\/strong><br \/>(-29 for losing)\n|l|\u203dMassacre960\n","uploadtime":1700362216,"views":7,"p1id":"wjsjisieie","p2id":"massacre960","formatid":"gen9vgc2023regulatione","rating":1150,"private":0,"password":""}