{"id":"gen9vgc2023regulatione-1993843221","p1":"Drewilliams10","p2":"Samglizzyslapper","format":"[Gen 9] VGC 2023 Regulation E","log":"|j|\u2606Drewilliams10\n|j|\u2606Samglizzyslapper\n|t:|1700364199\n|gametype|doubles\n|player|p1|Drewilliams10|shadowtriad|1230\n|player|p2|Samglizzyslapper|infielder|1147\n|teamsize|p1|6\n|teamsize|p2|6\n|gen|9\n|tier|[Gen 9] VGC 2023 Regulation E\n|rated|\n|rule|Species Clause: Limit one of each Pok\u00e9mon\n|rule|Item Clause: Limit one of each item\n|clearpoke\n|poke|p1|Ogerpon-Hearthflame, L50, F|\n|poke|p1|Gyarados, L50, F|\n|poke|p1|Rillaboom, L50, M|\n|poke|p1|Tornadus, L50, M|\n|poke|p1|Iron Hands, L50|\n|poke|p1|Gholdengo, L50|\n|poke|p2|Arcanine-Hisui, L50, M|\n|poke|p2|Flutter Mane, L50|\n|poke|p2|Ogerpon-Wellspring, L50, F|\n|poke|p2|Okidogi, L50, M|\n|poke|p2|Mamoswine, L50, M|\n|poke|p2|Iron Jugulis, L50|\n|teampreview|4\n|inactive|Battle timer is ON: inactive players will automatically lose when time's up. (requested by Samglizzyslapper)\n|\n|t:|1700364228\n|start\n|switch|p1a: Gyarados|Gyarados, L50, F|100\/100\n|switch|p1b: Tornadus|Tornadus, L50, M|100\/100\n|switch|p2a: Okidogi|Okidogi, L50, M|100\/100\n|switch|p2b: Arcanine|Arcanine-Hisui, L50, M|100\/100\n|-ability|p2b: Arcanine|Intimidate|boost\n|-unboost|p1a: Gyarados|atk|1\n|-unboost|p1b: Tornadus|atk|1\n|-ability|p1a: Gyarados|Intimidate|boost\n|-ability|p2a: Okidogi|Guard Dog|boost\n|-boost|p2a: Okidogi|atk|1\n|-unboost|p2b: Arcanine|atk|1\n|turn|1\n|\n|t:|1700364245\n|move|p1b: Tornadus|Taunt|p2a: Okidogi\n|-start|p2a: Okidogi|move: Taunt\n|move|p2b: Arcanine|Rock Slide|p1a: Gyarados|[spread] p1a,p1b\n|-supereffective|p1a: Gyarados\n|-supereffective|p1b: Tornadus\n|-damage|p1a: Gyarados|44\/100\n|-damage|p1b: Tornadus|49\/100\n|-enditem|p1a: Gyarados|Sitrus Berry|[eat]\n|-heal|p1a: Gyarados|69\/100|[from] item: Sitrus Berry\n|move|p1a: Gyarados|Thunder Wave|p2a: Okidogi\n|-status|p2a: Okidogi|par\n|cant|p2a: Okidogi|move: Taunt|Bulk Up\n|\n|upkeep\n|turn|2\n|\n|t:|1700364265\n|move|p1b: Tornadus|Tailwind|p1b: Tornadus\n|-sidestart|p1: Drewilliams10|move: Tailwind\n|move|p1a: Gyarados|Waterfall|p2b: Arcanine\n|-supereffective|p2b: Arcanine\n|-damage|p2b: Arcanine|0 fnt\n|faint|p2b: Arcanine\n|move|p2a: Okidogi|Poison Jab|p1a: Gyarados\n|-damage|p1a: Gyarados|11\/100\n|\n|upkeep\n|\n|t:|1700364277\n|switch|p2b: Iron Jugulis|Iron Jugulis, L50|100\/100\n|turn|3\n|\n|t:|1700364286\n|move|p2b: Iron Jugulis|Protect|p2b: Iron Jugulis\n|-singleturn|p2b: Iron Jugulis|Protect\n|move|p1b: Tornadus|Bleakwind Storm|p2b: Iron Jugulis|[spread] p2a\n|-activate|p2b: Iron Jugulis|move: Protect\n|-supereffective|p2a: Okidogi\n|-damage|p2a: Okidogi|49\/100 par\n|move|p1a: Gyarados|Thunder Wave|p2b: Iron Jugulis\n|-activate|p2b: Iron Jugulis|move: Protect\n|move|p2a: Okidogi|Poison Jab|p1b: Tornadus\n|-damage|p1b: Tornadus|0 fnt\n|faint|p1b: Tornadus\n|\n|-heal|p2a: Okidogi|55\/100 par|[from] item: Leftovers\n|-end|p2a: Okidogi|move: Taunt\n|upkeep\n|\n|t:|1700364301\n|switch|p1b: Ogerpon|Ogerpon-Hearthflame, L50, F|100\/100\n|-ability|p1b: Ogerpon|Mold Breaker\n|turn|4\n|\n|t:|1700364313\n|-terastallize|p1b: Ogerpon|Fire\n|detailschange|p1b: Ogerpon|Ogerpon-Hearthflame-Tera, L50, F, tera:Fire\n|-ability|p1b: Ogerpon|Embody Aspect (Hearthflame)|boost\n|-boost|p1b: Ogerpon|atk|1\n|move|p2a: Okidogi|Protect|p2a: Okidogi\n|-singleturn|p2a: Okidogi|Protect\n|move|p1b: Ogerpon|Ivy Cudgel|p2a: Okidogi|[anim] Ivy Cudgel Fire\n|-activate|p2a: Okidogi|move: Protect\n|move|p1a: Gyarados|Thunder Wave|p2b: Iron Jugulis\n|-status|p2b: Iron Jugulis|par\n|cant|p2b: Iron Jugulis|par\n|\n|-heal|p2a: Okidogi|60\/100 par|[from] item: Leftovers\n|upkeep\n|turn|5\n|\n|t:|1700364335\n|move|p1b: Ogerpon|Ivy Cudgel|p2a: Okidogi|[anim] Ivy Cudgel Fire\n|-damage|p2a: Okidogi|0 fnt\n|faint|p2a: Okidogi\n|move|p1a: Gyarados|Waterfall|p2b: Iron Jugulis\n|-damage|p2b: Iron Jugulis|73\/100 par\n|move|p2b: Iron Jugulis|Tailwind|p2b: Iron Jugulis\n|-sidestart|p2: Samglizzyslapper|move: Tailwind\n|\n|-sideend|p1: Drewilliams10|move: Tailwind\n|upkeep\n|\n|t:|1700364340\n|switch|p2a: Flutter Mane|Flutter Mane, L50|100\/100\n|turn|6\n|\n|t:|1700364350\n|-terastallize|p2a: Flutter Mane|Normal\n|move|p2a: Flutter Mane|Hyper Voice|p1a: Gyarados|[spread] p1a,p1b\n|-damage|p1a: Gyarados|0 fnt\n|-damage|p1b: Ogerpon|41\/100\n|faint|p1a: Gyarados\n|move|p1b: Ogerpon|Ivy Cudgel|p2a: Flutter Mane|[anim] Ivy Cudgel Fire\n|-damage|p2a: Flutter Mane|0 fnt\n|faint|p2a: Flutter Mane\n|-end|p2a: Flutter Mane|Protosynthesis|[silent]\n|move|p2b: Iron Jugulis|Snarl|p1b: Ogerpon\n|-damage|p1b: Ogerpon|2\/100\n|-unboost|p1b: Ogerpon|spa|1\n|\n|upkeep\n|\n|t:|1700364364\n|switch|p1a: Gholdengo|Gholdengo, L50|100\/100\n|turn|7\n|\n|t:|1700364371\n|move|p1b: Ogerpon|Ivy Cudgel|p2b: Iron Jugulis|[anim] Ivy Cudgel Fire\n|-damage|p2b: Iron Jugulis|0 fnt\n|faint|p2b: Iron Jugulis\n|-end|p2b: Iron Jugulis|Quark Drive|[silent]\n|\n|win|Drewilliams10\n|raw|Drewilliams10's rating: 1230 &rarr; <strong>1249<\/strong><br \/>(+19 for winning)\n|raw|Samglizzyslapper's rating: 1147 &rarr; <strong>1128<\/strong><br \/>(-19 for losing)\n|l|\u2606Samglizzyslapper\n|l|\u2606Drewilliams10\n|j|\u2606Drewilliams10\n|player|p1|Drewilliams10|shadowtriad\n","uploadtime":1700364402,"views":12,"p1id":"drewilliams10","p2id":"samglizzyslapper","formatid":"gen9vgc2023regulatione","rating":1128,"private":0,"password":""}