{"id":"gen9vgc2023regulatione-1999331487","p1":"TheBeast251","p2":"Tiger58","format":"[Gen 9] VGC 2023 Regulation E","log":"|j|\u2606TheBeast251\n|j|\u2606Tiger58\n|t:|1701061581\n|gametype|doubles\n|player|p1|TheBeast251|flannery|1242\n|player|p2|Tiger58|102|1250\n|teamsize|p1|6\n|teamsize|p2|6\n|gen|9\n|tier|[Gen 9] VGC 2023 Regulation E\n|rated|\n|rule|Species Clause: Limit one of each Pok\u00e9mon\n|rule|Item Clause: Limit one of each item\n|clearpoke\n|poke|p1|Arcanine-Hisui, L50, M|\n|poke|p1|Goodra-Hisui, L50, F|\n|poke|p1|Amoonguss, L50, F|\n|poke|p1|Dragonite, L50, M|\n|poke|p1|Empoleon, L50, F|\n|poke|p1|Ninetales-Alola, L50, F|\n|poke|p2|Luxray, L50, M|\n|poke|p2|Wo-Chien, L50|\n|poke|p2|Cresselia, L50, F|\n|poke|p2|Garganacl, L50, M|\n|poke|p2|Palafin, L50, M|\n|poke|p2|Scizor, L50, M|\n|teampreview|4\n|inactive|Battle timer is ON: inactive players will automatically lose when time's up. (requested by TheBeast251)\n|\n|t:|1701061623\n|start\n|switch|p1a: Empoleon|Empoleon, L50, F|100\/100\n|switch|p1b: Ninetales|Ninetales-Alola, L50, F|100\/100\n|switch|p2a: Garganacl|Garganacl, L50, M|100\/100\n|switch|p2b: Scizor|Scizor, L50, M|100\/100\n|-weather|Snow|[from] ability: Snow Warning|[of] p1b: Ninetales\n|turn|1\n|inactive|TheBeast251 has 30 seconds left.\n|inactive|TheBeast251 has 20 seconds left.\n|\n|t:|1701061661\n|switch|p1b: Arcanine|Arcanine-Hisui, L50, M, shiny|100\/100\n|-ability|p1b: Arcanine|Intimidate|boost\n|-unboost|p2a: Garganacl|atk|1\n|-unboost|p2b: Scizor|atk|1\n|-terastallize|p2a: Garganacl|Ghost\n|move|p2b: Scizor|Bullet Punch|p1b: Arcanine\n|-damage|p1b: Arcanine|58\/100\n|move|p1a: Empoleon|Hydro Pump|p2a: Garganacl\n|-damage|p2a: Garganacl|64\/100\n|-enditem|p2a: Garganacl|Maranga Berry|[eat]\n|-boost|p2a: Garganacl|spd|1|[from] item: Maranga Berry\n|move|p2a: Garganacl|Iron Defense|p2a: Garganacl\n|-boost|p2a: Garganacl|def|2\n|\n|-weather|Snow|[upkeep]\n|upkeep\n|turn|2\n|inactive|TheBeast251 has 30 seconds left.\n|inactive|Tiger58 has 30 seconds left.\n|inactive|TheBeast251 has 20 seconds left.\n|inactive|TheBeast251 has 15 seconds left.\n|inactive|TheBeast251 has 10 seconds left.\n|inactive|TheBeast251 has 5 seconds left.\n|\n|t:|1701061712\n|switch|p2b: Cresselia|Cresselia, L50, F|100\/100\n|move|p1b: Arcanine|Flare Blitz|p2a: Garganacl\n|-damage|p2a: Garganacl|35\/100\n|-damage|p1b: Arcanine|46\/100|[from] Recoil\n|move|p1a: Empoleon|Flash Cannon|p2a: Garganacl\n|-damage|p2a: Garganacl|17\/100\n|move|p2a: Garganacl|Recover|p2a: Garganacl\n|-heal|p2a: Garganacl|68\/100\n|\n|-weather|Snow|[upkeep]\n|upkeep\n|turn|3\n|\n|t:|1701061730\n|switch|p1b: Ninetales|Ninetales-Alola, L50, F|100\/100\n|move|p2b: Cresselia|Lunar Blessing|p2b: Cresselia|[spread] p2a,p2b\n|-heal|p2a: Garganacl|93\/100\n|move|p1a: Empoleon|Hydro Pump|p2b: Cresselia\n|-damage|p2b: Cresselia|70\/100\n|move|p2a: Garganacl|Recover|p2a: Garganacl\n|-heal|p2a: Garganacl|100\/100\n|\n|-weather|Snow|[upkeep]\n|-heal|p2b: Cresselia|76\/100|[from] item: Leftovers\n|upkeep\n|turn|4\n|\n|t:|1701061750\n|move|p1b: Ninetales|Aurora Veil|p1b: Ninetales\n|-sidestart|p1: TheBeast251|move: Aurora Veil\n|move|p2b: Cresselia|Lunar Blessing|p2b: Cresselia|[spread] p2a,p2b\n|-heal|p2b: Cresselia|100\/100\n|move|p1a: Empoleon|Flash Cannon|p2b: Cresselia\n|-damage|p2b: Cresselia|80\/100\n|move|p2a: Garganacl|Salt Cure|p1a: Empoleon\n|-resisted|p1a: Empoleon\n|-damage|p1a: Empoleon|97\/100\n|-start|p1a: Empoleon|Salt Cure\n|\n|-weather|Snow|[upkeep]\n|-heal|p2b: Cresselia|86\/100|[from] item: Leftovers\n|-damage|p1a: Empoleon|73\/100|[from] Salt Cure\n|upkeep\n|turn|5\n|\n|t:|1701061772\n|switch|p1a: Arcanine|Arcanine-Hisui, L50, M, shiny|46\/100\n|-ability|p1a: Arcanine|Intimidate|boost\n|-unboost|p2a: Garganacl|atk|1\n|-unboost|p2b: Cresselia|atk|1\n|move|p2b: Cresselia|Protect|p2b: Cresselia\n|-singleturn|p2b: Cresselia|Protect\n|move|p1b: Ninetales|Blizzard|p2b: Cresselia|[spread] p2a\n|-activate|p2b: Cresselia|move: Protect\n|-damage|p2a: Garganacl|90\/100\n|move|p2a: Garganacl|Salt Cure|p1b: Ninetales\n|-supereffective|p1b: Ninetales\n|-damage|p1b: Ninetales|90\/100\n|-start|p1b: Ninetales|Salt Cure\n|\n|-weather|none\n|-heal|p2b: Cresselia|93\/100|[from] item: Leftovers\n|-damage|p1b: Ninetales|78\/100|[from] Salt Cure\n|upkeep\n|turn|6\n|\n|t:|1701061791\n|switch|p1b: Empoleon|Empoleon, L50, F|73\/100\n|move|p1a: Arcanine|Rock Slide|p2b: Cresselia|[spread] p2a,p2b\n|-damage|p2a: Garganacl|76\/100\n|-damage|p2b: Cresselia|63\/100\n|move|p2b: Cresselia|Lunar Blessing|p2b: Cresselia|[spread] p2a,p2b\n|-heal|p2a: Garganacl|100\/100\n|-heal|p2b: Cresselia|89\/100\n|move|p2a: Garganacl|Salt Cure|p1a: Arcanine\n|-supereffective|p1a: Arcanine\n|-damage|p1a: Arcanine|34\/100\n|-start|p1a: Arcanine|Salt Cure\n|\n|-heal|p2b: Cresselia|95\/100|[from] item: Leftovers\n|-damage|p1a: Arcanine|22\/100|[from] Salt Cure\n|upkeep\n|turn|7\n|\n|t:|1701061813\n|move|p1a: Arcanine|Rock Slide|p2a: Garganacl|[spread] p2a,p2b\n|-crit|p2a: Garganacl\n|-damage|p2a: Garganacl|61\/100\n|-damage|p2b: Cresselia|64\/100\n|move|p2b: Cresselia|Lunar Blessing|p2b: Cresselia|[spread] p2a,p2b\n|-heal|p2a: Garganacl|86\/100\n|-heal|p2b: Cresselia|89\/100\n|move|p1b: Empoleon|Flash Cannon|p2a: Garganacl\n|-damage|p2a: Garganacl|67\/100\n|move|p2a: Garganacl|Body Press|p1b: Empoleon\n|-supereffective|p1b: Empoleon\n|-damage|p1b: Empoleon|8\/100\n|\n|-heal|p2b: Cresselia|96\/100|[from] item: Leftovers\n|-damage|p1a: Arcanine|9\/100|[from] Salt Cure\n|upkeep\n|turn|8\n|\n|t:|1701061832\n|move|p2b: Cresselia|Protect|p2b: Cresselia\n|-singleturn|p2b: Cresselia|Protect\n|move|p1a: Arcanine|Rock Slide|p2b: Cresselia|[spread] p2a\n|-activate|p2b: Cresselia|move: Protect\n|-damage|p2a: Garganacl|53\/100\n|move|p1b: Empoleon|Flash Cannon|p2b: Cresselia\n|-activate|p2b: Cresselia|move: Protect\n|cant|p2a: Garganacl|flinch\n|\n|-heal|p2b: Cresselia|100\/100|[from] item: Leftovers\n|-damage|p1a: Arcanine|0 fnt|[from] Salt Cure\n|faint|p1a: Arcanine\n|upkeep\n|\n|t:|1701061840\n|switch|p1a: Ninetales|Ninetales-Alola, L50, F|78\/100\n|-weather|Snow|[from] ability: Snow Warning|[of] p1a: Ninetales\n|turn|9\n|\n|t:|1701061850\n|move|p1a: Ninetales|Blizzard|p2b: Cresselia|[spread] p2a,p2b\n|-damage|p2a: Garganacl|41\/100\n|-damage|p2b: Cresselia|89\/100\n|-status|p2b: Cresselia|frz\n|cant|p2b: Cresselia|frz\n|move|p1b: Empoleon|Flash Cannon|p2a: Garganacl\n|-damage|p2a: Garganacl|21\/100\n|move|p2a: Garganacl|Body Press|p1b: Empoleon\n|-supereffective|p1b: Empoleon\n|-damage|p1b: Empoleon|0 fnt\n|faint|p1b: Empoleon\n|\n|-weather|Snow|[upkeep]\n|-heal|p2b: Cresselia|95\/100 frz|[from] item: Leftovers\n|upkeep\n|\n|t:|1701061858\n|switch|p1b: Goodra|Goodra-Hisui, L50, F|100\/100\n|turn|10\n|\n|t:|1701061862\n|move|p1a: Ninetales|Blizzard|p2b: Cresselia|[spread] p2a,p2b\n|-damage|p2a: Garganacl|9\/100\n|-damage|p2b: Cresselia|82\/100 frz\n|cant|p2b: Cresselia|frz\n|move|p1b: Goodra|Shelter|p1b: Goodra\n|-boost|p1b: Goodra|def|2\n|move|p2a: Garganacl|Recover|p2a: Garganacl\n|-heal|p2a: Garganacl|59\/100\n|\n|-weather|Snow|[upkeep]\n|-heal|p2b: Cresselia|89\/100 frz|[from] item: Leftovers\n|upkeep\n|turn|11\n|\n|t:|1701061873\n|move|p1a: Ninetales|Blizzard|p2b: Cresselia|[spread] p2a,p2b\n|-damage|p2a: Garganacl|48\/100\n|-damage|p2b: Cresselia|76\/100 frz\n|cant|p2b: Cresselia|frz\n|move|p1b: Goodra|Heavy Slam|p2a: Garganacl\n|-damage|p2a: Garganacl|43\/100\n|move|p2a: Garganacl|Iron Defense|p2a: Garganacl\n|-boost|p2a: Garganacl|def|2\n|\n|-weather|Snow|[upkeep]\n|-heal|p2b: Cresselia|82\/100 frz|[from] item: Leftovers\n|-sideend|p1: TheBeast251|move: Aurora Veil\n|upkeep\n|turn|12\n|\n|t:|1701061886\n|move|p1a: Ninetales|Blizzard|p2a: Garganacl|[spread] p2a,p2b\n|-damage|p2a: Garganacl|32\/100\n|-damage|p2b: Cresselia|70\/100 frz\n|cant|p2b: Cresselia|frz\n|move|p1b: Goodra|Shelter|p1b: Goodra\n|-boost|p1b: Goodra|def|2\n|move|p2a: Garganacl|Iron Defense|p2a: Garganacl\n|-boost|p2a: Garganacl|def|2\n|\n|-weather|Snow|[upkeep]\n|-heal|p2b: Cresselia|76\/100 frz|[from] item: Leftovers\n|upkeep\n|turn|13\n|\n|t:|1701061895\n|move|p1a: Ninetales|Blizzard|p2b: Cresselia|[spread] p2a,p2b\n|-damage|p2a: Garganacl|21\/100\n|-damage|p2b: Cresselia|64\/100 frz\n|-curestatus|p2b: Cresselia|frz|[msg]\n|move|p2b: Cresselia|Icy Wind|p1b: Goodra|[spread] p1a,p1b\n|-resisted|p1a: Ninetales\n|-damage|p1a: Ninetales|73\/100\n|-damage|p1b: Goodra|96\/100\n|-unboost|p1a: Ninetales|spe|1\n|-unboost|p1b: Goodra|spe|1\n|move|p2a: Garganacl|Recover|p2a: Garganacl\n|-heal|p2a: Garganacl|71\/100\n|move|p1b: Goodra|Shelter|p1b: Goodra\n|-boost|p1b: Goodra|def|2\n|\n|-weather|none\n|-heal|p2b: Cresselia|70\/100|[from] item: Leftovers\n|-heal|p1b: Goodra|100\/100|[from] item: Leftovers\n|upkeep\n|turn|14\n|\n|t:|1701061915\n|-terastallize|p1b: Goodra|Grass\n|move|p1a: Ninetales|Moonblast|p2a: Garganacl\n|-damage|p2a: Garganacl|58\/100\n|move|p2b: Cresselia|Lunar Blessing|p2b: Cresselia|[spread] p2a,p2b\n|-heal|p2a: Garganacl|83\/100\n|-heal|p2b: Cresselia|95\/100\n|move|p2a: Garganacl|Salt Cure|p1b: Goodra\n|-damage|p1b: Goodra|99\/100\n|-start|p1b: Goodra|Salt Cure\n|move|p1b: Goodra|Body Press|p2b: Cresselia\n|-resisted|p2b: Cresselia\n|-damage|p2b: Cresselia|65\/100\n|\n|-heal|p2b: Cresselia|71\/100|[from] item: Leftovers\n|-heal|p1b: Goodra|100\/100|[from] item: Leftovers\n|-damage|p1b: Goodra|88\/100|[from] Salt Cure\n|upkeep\n|turn|15\n|c|\u2606TheBeast251|god so fucking annoying\n|c|\u2606TheBeast251|play stall in singles loser\n|\n|t:|1701061938\n|move|p1a: Ninetales|Moonblast|p2a: Garganacl\n|-damage|p2a: Garganacl|69\/100\n|move|p2b: Cresselia|Lunar Blessing|p2b: Cresselia|[spread] p2a,p2b\n|-heal|p2a: Garganacl|94\/100\n|-heal|p2b: Cresselia|97\/100\n|move|p2a: Garganacl|Salt Cure|p1a: Ninetales\n|-supereffective|p1a: Ninetales\n|-damage|p1a: Ninetales|49\/100\n|-start|p1a: Ninetales|Salt Cure\n|move|p1b: Goodra|Heavy Slam|p2a: Garganacl\n|-damage|p2a: Garganacl|91\/100\n|\n|-heal|p2b: Cresselia|100\/100|[from] item: Leftovers\n|-heal|p1b: Goodra|94\/100|[from] item: Leftovers\n|-damage|p1a: Ninetales|37\/100|[from] Salt Cure\n|-damage|p1b: Goodra|82\/100|[from] Salt Cure\n|upkeep\n|turn|16\n|c|\u2606Tiger58|You can't talk you have Amoonguss and Hoodra\n|inactive|Tiger58 has 30 seconds left.\n|\n|t:|1701061970\n|move|p1a: Ninetales|Blizzard|p2b: Cresselia|[spread] p2a,p2b\n|-damage|p2a: Garganacl|81\/100\n|-damage|p2b: Cresselia|89\/100\n|move|p2b: Cresselia|Icy Wind|p1a: Ninetales|[spread] p1a,p1b\n|-resisted|p1a: Ninetales\n|-supereffective|p1b: Goodra\n|-damage|p1a: Ninetales|33\/100\n|-damage|p1b: Goodra|72\/100\n|-unboost|p1a: Ninetales|spe|1\n|-unboost|p1b: Goodra|spe|1\n|move|p2a: Garganacl|Body Press|p1b: Goodra\n|-damage|p1b: Goodra|50\/100\n|move|p1b: Goodra|Body Press|p2b: Cresselia\n|-resisted|p2b: Cresselia\n|-damage|p2b: Cresselia|57\/100\n|\n|-heal|p2b: Cresselia|63\/100|[from] item: Leftovers\n|-heal|p1b: Goodra|56\/100|[from] item: Leftovers\n|-damage|p1a: Ninetales|21\/100|[from] Salt Cure\n|-damage|p1b: Goodra|44\/100|[from] Salt Cure\n|upkeep\n|turn|17\n|inactive|TheBeast251 has 30 seconds left.\n|inactive|Tiger58 has 30 seconds left.\n|inactive|TheBeast251 has 20 seconds left.\n|inactive|Tiger58 has 20 seconds left.\n|inactive|TheBeast251 has 15 seconds left.\n|inactive|Tiger58 has 15 seconds left.\n|inactive|TheBeast251 has 10 seconds left.\n|c|\u2606TheBeast251|womp womp i only use 1 setup\n|inactive|TheBeast251 has 5 seconds left.\n|c|\u2606TheBeast251|ur spamming heals\n|\n|t:|1701062026\n|move|p2b: Cresselia|Icy Wind|p1a: Ninetales|[spread] p1a,p1b\n|-resisted|p1a: Ninetales\n|-supereffective|p1b: Goodra\n|-damage|p1a: Ninetales|17\/100\n|-damage|p1b: Goodra|35\/100\n|-unboost|p1a: Ninetales|spe|1\n|-unboost|p1b: Goodra|spe|1\n|move|p1a: Ninetales|Aurora Veil||[still]\n|-fail|p1a: Ninetales\n|move|p2a: Garganacl|Body Press|p1a: Ninetales\n|-damage|p1a: Ninetales|0 fnt\n|faint|p1a: Ninetales\n|move|p1b: Goodra|Body Press|p2a: Garganacl\n|-immune|p2a: Garganacl\n|\n|-heal|p2b: Cresselia|70\/100|[from] item: Leftovers\n|-heal|p1b: Goodra|41\/100|[from] item: Leftovers\n|-damage|p1b: Goodra|29\/100|[from] Salt Cure\n|upkeep\n|turn|18\n|c|\u2606TheBeast251|this isnt even close to my lvl, ur literally using a berry for fucking defenses\n|c|\u2606TheBeast251|go to singles kid\n|-message|TheBeast251 forfeited.\n|\n|win|Tiger58\n|raw|TheBeast251's rating: 1242 &rarr; <strong>1218<\/strong><br \/>(-24 for losing)\n|raw|Tiger58's rating: 1250 &rarr; <strong>1274<\/strong><br \/>(+24 for winning)\n|l|\u2606TheBeast251\n|c|\u2606Tiger58|idk sounds like a skill issue\n","uploadtime":1701062069,"views":5,"p1id":"thebeast251","p2id":"tiger58","formatid":"gen9vgc2023regulatione","rating":1218,"private":0,"password":""}