{"id":"gen9vgc2023regulatione-1991388276","p1":"fyfyyalt1","p2":"JayoticNL","format":"[Gen 9] VGC 2023 Regulation E","log":"|j|\u2606fyfyyalt1\n|j|\u2606JayoticNL\n|t:|1700072951\n|gametype|doubles\n|player|p1|fyfyyalt1|2|1557\n|player|p2|JayoticNL|169|1563\n|teamsize|p1|6\n|teamsize|p2|6\n|gen|9\n|tier|[Gen 9] VGC 2023 Regulation E\n|rated|\n|rule|Species Clause: Limit one of each Pok\u00e9mon\n|rule|Item Clause: Limit one of each item\n|clearpoke\n|poke|p1|Iron Hands, L50|\n|poke|p1|Urshifu-*, L50, F|\n|poke|p1|Tornadus, L50, M|\n|poke|p1|Chien-Pao, L50|\n|poke|p1|Farigiraf, L50, F|\n|poke|p1|Arcanine-Hisui, L50, F|\n|poke|p2|Wo-Chien, L50|\n|poke|p2|Glimmora, L50, M|\n|poke|p2|Thundurus, L50, M|\n|poke|p2|Arcanine, L50, F|\n|poke|p2|Ogerpon-Wellspring, L50, F|\n|poke|p2|Mimikyu, L50, M|\n|teampreview|4\n|\n|t:|1700072982\n|start\n|switch|p1a: Dumbass Giraffe|Farigiraf, L50, F|100\/100\n|switch|p1b: Dumbass Bear|Urshifu-Rapid-Strike, L50, F|100\/100\n|switch|p2a: Mimikyu|Mimikyu, L50, M|100\/100\n|switch|p2b: Glimmora|Glimmora, L50, M|100\/100\n|turn|1\n|j| stridesvgc\n|\n|t:|1700073040\n|switch|p2a: Ogerpon|Ogerpon-Wellspring, L50, F|100\/100\n|-terastallize|p1b: Dumbass Bear|Water\n|-terastallize|p2b: Glimmora|Grass\n|move|p1b: Dumbass Bear|Surging Strikes|p2a: Ogerpon\n|-immune|p2a: Ogerpon|[from] ability: Water Absorb\n|move|p2b: Glimmora|Energy Ball|p1b: Dumbass Bear\n|-supereffective|p1b: Dumbass Bear\n|-damage|p1b: Dumbass Bear|0 fnt\n|faint|p1b: Dumbass Bear\n|move|p1a: Dumbass Giraffe|Psychic|p2a: Ogerpon\n|-damage|p2a: Ogerpon|63\/100\n|-unboost|p2a: Ogerpon|spd|1\n|\n|upkeep\n|inactive|Battle timer is ON: inactive players will automatically lose when time's up. (requested by JayoticNL)\n|\n|t:|1700073111\n|switch|p1b: Dumbass Hands|Iron Hands, L50|100\/100\n|turn|2\n|l| stridesvgc\n|\n|t:|1700073124\n|move|p2a: Ogerpon|Spiky Shield|p2a: Ogerpon\n|-singleturn|p2a: Ogerpon|move: Protect\n|move|p1b: Dumbass Hands|Fake Out|p2b: Glimmora\n|-damage|p2b: Glimmora|87\/100\n|-activate|p2b: Glimmora|ability: Toxic Debris\n|-sidestart|p1: fyfyyalt1|move: Toxic Spikes\n|cant|p2b: Glimmora|flinch\n|move|p1a: Dumbass Giraffe|Trick Room|p1a: Dumbass Giraffe\n|-fieldstart|move: Trick Room|[of] p1a: Dumbass Giraffe\n|\n|upkeep\n|turn|3\n|\n|t:|1700073139\n|switch|p2a: Mimikyu|Mimikyu, L50, M|100\/100\n|move|p1b: Dumbass Hands|Drain Punch|p2a: Mimikyu\n|-immune|p2a: Mimikyu\n|move|p1a: Dumbass Giraffe|Psychic|p2a: Mimikyu\n|-activate|p2a: Mimikyu|ability: Disguise\n|-damage|p2a: Mimikyu|100\/100\n|detailschange|p2a: Mimikyu|Mimikyu-Busted, L50, M\n|-damage|p2a: Mimikyu|88\/100|[from] pokemon: Mimikyu-Busted\n|move|p2b: Glimmora|Mortal Spin|p1b: Dumbass Hands|[spread] p1a,p1b\n|-damage|p1a: Dumbass Giraffe|97\/100\n|-damage|p1b: Dumbass Hands|98\/100\n|-status|p1a: Dumbass Giraffe|psn\n|-status|p1b: Dumbass Hands|psn\n|\n|-damage|p1b: Dumbass Hands|85\/100 psn|[from] psn\n|-damage|p1a: Dumbass Giraffe|85\/100 psn|[from] psn\n|upkeep\n|turn|4\n|inactive|JayoticNL has 30 seconds left.\n|inactive|JayoticNL has 20 seconds left.\n|inactive|JayoticNL has 15 seconds left.\n|inactive|JayoticNL has 10 seconds left.\n|inactive|JayoticNL has 5 seconds left.\n|\n|t:|1700073191\n|switch|p2a: Ogerpon|Ogerpon-Wellspring, L50, F|63\/100\n|move|p1b: Dumbass Hands|Drain Punch|p2b: Glimmora\n|-damage|p2b: Glimmora|48\/100\n|-heal|p1b: Dumbass Hands|100\/100 psn|[from] drain|[of] p2b: Glimmora\n|-activate|p2b: Glimmora|ability: Toxic Debris\n|-sidestart|p1: fyfyyalt1|move: Toxic Spikes\n|move|p1a: Dumbass Giraffe|Psychic|p2b: Glimmora\n|-damage|p2b: Glimmora|19\/100\n|move|p2b: Glimmora|Energy Ball|p1b: Dumbass Hands\n|-damage|p1b: Dumbass Hands|78\/100 psn\n|\n|-damage|p1b: Dumbass Hands|65\/100 psn|[from] psn\n|-damage|p1a: Dumbass Giraffe|72\/100 psn|[from] psn\n|upkeep\n|turn|5\n|\n|t:|1700073212\n|switch|p2b: Mimikyu|Mimikyu-Busted, L50, M|88\/100\n|move|p1b: Dumbass Hands|Drain Punch|p2b: Mimikyu\n|-immune|p2b: Mimikyu\n|move|p1a: Dumbass Giraffe|Psychic|p2a: Ogerpon\n|-damage|p2a: Ogerpon|29\/100\n|move|p2a: Ogerpon|Swords Dance|p2a: Ogerpon\n|-boost|p2a: Ogerpon|atk|2\n|\n|-damage|p1b: Dumbass Hands|53\/100 psn|[from] psn\n|-damage|p1a: Dumbass Giraffe|60\/100 psn|[from] psn\n|upkeep\n|turn|6\n|\n|t:|1700073227\n|switch|p2b: Wo-Chien|Wo-Chien, L50|100\/100\n|-ability|p2b: Wo-Chien|Tablets of Ruin\n|move|p2a: Ogerpon|Spiky Shield|p2a: Ogerpon\n|-singleturn|p2a: Ogerpon|move: Protect\n|move|p1b: Dumbass Hands|Heavy Slam|p2b: Wo-Chien\n|-damage|p2b: Wo-Chien|76\/100\n|move|p1a: Dumbass Giraffe|Psychic|p2a: Ogerpon\n|-activate|p2a: Ogerpon|move: Protect\n|\n|-heal|p2b: Wo-Chien|82\/100|[from] item: Leftovers\n|-damage|p1b: Dumbass Hands|40\/100 psn|[from] psn\n|-damage|p1a: Dumbass Giraffe|48\/100 psn|[from] psn\n|-fieldend|move: Trick Room\n|upkeep\n|-enditem|p1a: Dumbass Giraffe|Sitrus Berry|[eat]\n|-heal|p1a: Dumbass Giraffe|72\/100 psn|[from] item: Sitrus Berry\n|turn|7\n|inactive|JayoticNL has 30 seconds left.\n|\n|t:|1700073253\n|move|p2a: Ogerpon|Ivy Cudgel|p1b: Dumbass Hands|[anim] Ivy Cudgel Water\n|-damage|p1b: Dumbass Hands|0 fnt\n|faint|p1b: Dumbass Hands\n|-end|p1b: Dumbass Hands|Quark Drive|[silent]\n|move|p2b: Wo-Chien|Pollen Puff|p2a: Ogerpon\n|-heal|p2a: Ogerpon|79\/100\n|move|p1a: Dumbass Giraffe|Psychic|p2a: Ogerpon\n|-damage|p2a: Ogerpon|41\/100\n|-unboost|p2a: Ogerpon|spd|1\n|\n|-heal|p2b: Wo-Chien|89\/100|[from] item: Leftovers\n|-damage|p1a: Dumbass Giraffe|60\/100 psn|[from] psn\n|upkeep\n|\n|t:|1700073262\n|switch|p1b: Dumbass Cat|Chien-Pao, L50|100\/100\n|-status|p1b: Dumbass Cat|tox\n|-ability|p1b: Dumbass Cat|Sword of Ruin\n|turn|8\n|\n|t:|1700073279\n|move|p1b: Dumbass Cat|Ice Spinner|p2a: Ogerpon\n|-damage|p2a: Ogerpon|0 fnt\n|faint|p2a: Ogerpon\n|move|p2b: Wo-Chien|Leech Seed|p1b: Dumbass Cat\n|-start|p1b: Dumbass Cat|move: Leech Seed\n|move|p1a: Dumbass Giraffe|Dazzling Gleam|p2b: Wo-Chien\n|-supereffective|p2b: Wo-Chien\n|-damage|p2b: Wo-Chien|61\/100\n|\n|-heal|p2b: Wo-Chien|68\/100|[from] item: Leftovers\n|-damage|p1b: Dumbass Cat|88\/100 tox|[from] Leech Seed|[of] p2b: Wo-Chien\n|-heal|p2b: Wo-Chien|78\/100|[silent]\n|-damage|p1b: Dumbass Cat|82\/100 tox|[from] psn\n|-damage|p1a: Dumbass Giraffe|48\/100 psn|[from] psn\n|upkeep\n|\n|t:|1700073294\n|switch|p2a: Mimikyu|Mimikyu-Busted, L50, M|88\/100\n|turn|9\n|\n|t:|1700073305\n|move|p1b: Dumbass Cat|Protect|p1b: Dumbass Cat\n|-singleturn|p1b: Dumbass Cat|Protect\n|move|p2b: Wo-Chien|Protect|p2b: Wo-Chien\n|-singleturn|p2b: Wo-Chien|Protect\n|move|p2a: Mimikyu|Play Rough|p1b: Dumbass Cat\n|-activate|p1b: Dumbass Cat|move: Protect\n|move|p1a: Dumbass Giraffe|Psychic|p2a: Mimikyu\n|-damage|p2a: Mimikyu|50\/100\n|\n|-heal|p2b: Wo-Chien|84\/100|[from] item: Leftovers\n|-damage|p1b: Dumbass Cat|70\/100 tox|[from] Leech Seed|[of] p2b: Wo-Chien\n|-heal|p2b: Wo-Chien|94\/100|[silent]\n|-damage|p1b: Dumbass Cat|59\/100 tox|[from] psn\n|-damage|p1a: Dumbass Giraffe|35\/100 psn|[from] psn\n|upkeep\n|turn|10\n|\n|t:|1700073319\n|move|p1b: Dumbass Cat|Ice Spinner|p2a: Mimikyu\n|-damage|p2a: Mimikyu|0 fnt\n|faint|p2a: Mimikyu\n|move|p2b: Wo-Chien|Leech Seed|p1a: Dumbass Giraffe\n|-start|p1a: Dumbass Giraffe|move: Leech Seed\n|move|p1a: Dumbass Giraffe|Dazzling Gleam|p2b: Wo-Chien\n|-supereffective|p2b: Wo-Chien\n|-damage|p2b: Wo-Chien|65\/100\n|\n|-heal|p2b: Wo-Chien|71\/100|[from] item: Leftovers\n|-damage|p1b: Dumbass Cat|46\/100 tox|[from] Leech Seed|[of] p2b: Wo-Chien\n|-heal|p2b: Wo-Chien|81\/100|[silent]\n|-damage|p1a: Dumbass Giraffe|23\/100 psn|[from] Leech Seed|[of] p2b: Wo-Chien\n|-heal|p2b: Wo-Chien|95\/100|[silent]\n|-damage|p1b: Dumbass Cat|29\/100 tox|[from] psn\n|-damage|p1a: Dumbass Giraffe|10\/100 psn|[from] psn\n|upkeep\n|\n|t:|1700073332\n|switch|p2a: Glimmora|Glimmora, L50, M, tera:Grass|19\/100\n|turn|11\n|\n|t:|1700073339\n|move|p2b: Wo-Chien|Protect|p2b: Wo-Chien\n|-singleturn|p2b: Wo-Chien|Protect\n|move|p1b: Dumbass Cat|Ice Spinner|p2b: Wo-Chien\n|-activate|p2b: Wo-Chien|move: Protect\n|move|p2a: Glimmora|Power Gem|p1b: Dumbass Cat\n|-supereffective|p1b: Dumbass Cat\n|-damage|p1b: Dumbass Cat|0 fnt\n|faint|p1b: Dumbass Cat\n|move|p1a: Dumbass Giraffe|Dazzling Gleam|p2b: Wo-Chien|[spread] p2a\n|-activate|p2b: Wo-Chien|move: Protect\n|-damage|p2a: Glimmora|8\/100\n|\n|-heal|p2b: Wo-Chien|100\/100|[from] item: Leftovers\n|-damage|p1a: Dumbass Giraffe|0 fnt|[from] Leech Seed|[of] p2b: Wo-Chien\n|faint|p1a: Dumbass Giraffe\n|\n|win|JayoticNL\n|upkeep\n|raw|fyfyyalt1's rating: 1540 &rarr; <strong>1521<\/strong><br \/>(-19 for losing)\n|raw|JayoticNL's rating: 1563 &rarr; <strong>1582<\/strong><br \/>(+19 for winning)\n|l|\u2606fyfyyalt1\n","uploadtime":1700073396,"views":29,"p1id":"fyfyyalt1","p2id":"jayoticnl","formatid":"gen9vgc2023regulatione","rating":1521,"private":0,"password":""}