{"id":"gen9vgc2023regulatione-1992230275","p1":"HikariKnight","p2":"electrikeely","format":"[Gen 9] VGC 2023 Regulation E","log":"|j|\u2606HikariKnight\n|j|\u2606electrikeely\n|n|\u2606HikariKnight|hikariknight\n|n|\u2606electrikeely|electrikeely\n|html|View the match progress at <a href=\"\/game-bestof3-gen9vgc2023regulatione-1992230274\">game-bestof3-gen9vgc2023regulatione-1992230274<\/a>\n|t:|1700165895\n|gametype|doubles\n|player|p1|HikariKnight|101|\n|player|p2|electrikeely|pokekid|\n|teamsize|p1|6\n|teamsize|p2|6\n|gen|9\n|tier|[Gen 9] VGC 2023 Regulation E\n|rule|Species Clause: Limit one of each Pok\u00e9mon\n|rule|Item Clause: Limit one of each item\n|clearpoke\n|poke|p1|Heatran, L50, M|\n|poke|p1|Typhlosion-Hisui, L50, M|\n|poke|p1|Murkrow, L50, M|\n|poke|p1|Iron Bundle, L50|\n|poke|p1|Sneasler, L50, F|\n|poke|p1|Tinkaton, L50, F|\n|poke|p2|Chien-Pao, L50|\n|poke|p2|Dragonite, L50, F|\n|poke|p2|Kingambit, L50, M|\n|poke|p2|Amoonguss, L50, M|\n|poke|p2|Gholdengo, L50|\n|poke|p2|Arcanine, L50, F|\n|teampreview|4\nelectrikeely has agreed to open team sheets.\nHikariKnight has agreed to open team sheets.\n|showteam|p1|Heatran||AssaultVest|FlashFire|MagmaStorm,HeatWave,FlashCannon,TeraBlast|||M|||50|,,,,,Grass]Typhlosion-Hisui||Charcoal|Frisk|Flamethrower,LavaPlume,CalmMind,InfernalParade|||M|||50|,,,,,Fire]Murkrow||Eviolite|Prankster|Tailwind,Haze,IcyWind,Taunt|||M|||50|,,,,,Dark]Iron Bundle||BoosterEnergy|QuarkDrive|IcyWind,HydroPump,Protect,FreezeDry||||||50|,,,,,Water]Sneasler||ChoiceBand|PoisonTouch|FakeOut,DireClaw,BrickBreak,NightSlash|||F|||50|,,,,,Dark]Tinkaton||Leftovers|MoldBreaker|GigatonHammer,PlayRough,SwordsDance,ThunderWave|||F|||50|,,,,,Fairy\n|showteam|p2|Chien-Pao||FocusSash|SwordofRuin|Protect,IceShard,SuckerPunch,SacredSword||||||50|,,,,,Dark]Dragonite||ChoiceBand|Multiscale|ExtremeSpeed,RockSlide,Waterfall,Outrage|||F|||50|,,,,,Normal]Kingambit||AssaultVest|Defiant|KowtowCleave,IronHead,SuckerPunch|||M|||50|,,,,,Fire]Amoonguss||SitrusBerry|Regenerator|Protect,LeafStorm,RagePowder,Spore|||M|||50|,,,,,Water]Gholdengo||LifeOrb|GoodasGold|NastyPlot,ShadowBall,MakeItRain,Protect||||||50|,,,,,Steel]Arcanine||FigyBerry|Intimidate|ExtremeSpeed,Flamethrower,Snarl,Overheat|||F|||50|,,,,,Fire\n|inactive|Battle timer is ON: inactive players will automatically lose when time's up. (requested by HikariKnight)\n|\n|t:|1700165996\n|start\n|switch|p1a: Murkrow|Murkrow, L50, M, shiny|100\/100\n|switch|p1b: Sneasler|Sneasler, L50, F, shiny|100\/100\n|switch|p2a: Arcanine|Arcanine, L50, F|100\/100\n|switch|p2b: Amoonguss|Amoonguss, L50, M|100\/100\n|-ability|p2a: Arcanine|Intimidate|boost\n|-unboost|p1a: Murkrow|atk|1\n|-unboost|p1b: Sneasler|atk|1\n|turn|1\n|inactiveoff|Battle timer is now OFF.\n|\n|t:|1700166058\n|move|p1b: Sneasler|Fake Out|p2b: Amoonguss\n|-damage|p2b: Amoonguss|85\/100\n|move|p2a: Arcanine|Extreme Speed|p1a: Murkrow\n|-damage|p1a: Murkrow|74\/100\n|move|p1a: Murkrow|Tailwind|p1a: Murkrow\n|-sidestart|p1: HikariKnight|move: Tailwind\n|cant|p2b: Amoonguss|flinch\n|\n|upkeep\n|turn|2\n|\n|t:|1700166093\n|switch|p1b: Heatran|Heatran, L50, M|100\/100\n|move|p1a: Murkrow|Icy Wind|p2a: Arcanine|[spread] p2a,p2b\n|-resisted|p2a: Arcanine\n|-supereffective|p2b: Amoonguss\n|-damage|p2a: Arcanine|96\/100\n|-damage|p2b: Amoonguss|75\/100\n|-unboost|p2a: Arcanine|spe|1\n|-unboost|p2b: Amoonguss|spe|1\n|move|p2a: Arcanine|Flamethrower|p1b: Heatran\n|-start|p1b: Heatran|ability: Flash Fire\n|move|p2b: Amoonguss|Spore|p1a: Murkrow\n|-status|p1a: Murkrow|slp|[from] move: Spore\n|\n|upkeep\n|turn|3\n|\n|t:|1700166140\n|switch|p1a: Typhlosion|Typhlosion-Hisui, L50, M|100\/100\n|-item|p2a: Arcanine|Figy Berry|[from] ability: Frisk|[of] p1a: Typhlosion|[identify]\n|-item|p2b: Amoonguss|Sitrus Berry|[from] ability: Frisk|[of] p1a: Typhlosion|[identify]\n|move|p1b: Heatran|Heat Wave|p2b: Amoonguss|[spread] p2a\n|-miss|p1b: Heatran|p2b: Amoonguss\n|-resisted|p2a: Arcanine\n|-damage|p2a: Arcanine|59\/100\n|move|p2a: Arcanine|Snarl|p1b: Heatran|[spread] p1a,p1b\n|-supereffective|p1a: Typhlosion\n|-damage|p1a: Typhlosion|63\/100\n|-damage|p1b: Heatran|93\/100\n|-unboost|p1a: Typhlosion|spa|1\n|-unboost|p1b: Heatran|spa|1\n|move|p2b: Amoonguss|Spore|p1b: Heatran\n|-status|p1b: Heatran|slp|[from] move: Spore\n|\n|upkeep\n|turn|4\n|\n|t:|1700166170\n|switch|p1a: Sneasler|Sneasler, L50, F, shiny|100\/100\n|-terastallize|p1b: Heatran|Grass\n|move|p2b: Amoonguss|Protect|p2b: Amoonguss\n|-singleturn|p2b: Amoonguss|Protect\n|cant|p1b: Heatran|slp\n|move|p2a: Arcanine|Snarl|p1a: Sneasler|[spread] p1a,p1b\n|-resisted|p1a: Sneasler\n|-damage|p1a: Sneasler|93\/100\n|-damage|p1b: Heatran|86\/100 slp\n|-unboost|p1a: Sneasler|spa|1\n|-unboost|p1b: Heatran|spa|1\n|\n|-sideend|p1: HikariKnight|move: Tailwind\n|upkeep\n|turn|5\n|\n|t:|1700166196\n|move|p1a: Sneasler|Dire Claw|p2b: Amoonguss\n|-damage|p2b: Amoonguss|7\/100\n|-enditem|p2b: Amoonguss|Sitrus Berry|[eat]\n|-heal|p2b: Amoonguss|32\/100|[from] item: Sitrus Berry\n|move|p2a: Arcanine|Snarl|p1b: Heatran|[spread] p1a,p1b\n|-resisted|p1a: Sneasler\n|-damage|p1a: Sneasler|84\/100\n|-damage|p1b: Heatran|80\/100 slp\n|-unboost|p1a: Sneasler|spa|1\n|-unboost|p1b: Heatran|spa|1\n|cant|p1b: Heatran|slp\n|move|p2b: Amoonguss|Spore|p1a: Sneasler\n|-status|p1a: Sneasler|slp|[from] move: Spore\n|\n|upkeep\n|turn|6\n|\n|t:|1700166231\n|switch|p2b: Dragonite|Dragonite, L50, F|100\/100\n|cant|p1a: Sneasler|slp\n|move|p2a: Arcanine|Snarl|p1b: Heatran|[spread] p1a\n|-miss|p2a: Arcanine|p1b: Heatran\n|-resisted|p1a: Sneasler\n|-damage|p1a: Sneasler|77\/100 slp\n|-unboost|p1a: Sneasler|spa|1\n|-curestatus|p1b: Heatran|slp|[msg]\n|move|p1b: Heatran|Heat Wave|p2b: Dragonite|[spread] p2a,p2b\n|-resisted|p2a: Arcanine\n|-resisted|p2b: Dragonite\n|-damage|p2a: Arcanine|45\/100\n|-damage|p2b: Dragonite|94\/100\n|\n|upkeep\n|turn|7\n|\n|t:|1700166271\n|-end|p1b: Heatran|ability: Flash Fire|[silent]\n|switch|p1b: Murkrow|Murkrow, L50, M, shiny|74\/100 slp\n|move|p2a: Arcanine|Extreme Speed|p1b: Murkrow\n|-damage|p1b: Murkrow|44\/100 slp\n|cant|p1a: Sneasler|slp\n|move|p2b: Dragonite|Outrage|p1a: Sneasler\n|-damage|p1a: Sneasler|0 fnt\n|faint|p1a: Sneasler\n|\n|upkeep\n|\n|t:|1700166322\n|switch|p1a: Typhlosion|Typhlosion-Hisui, L50, M|63\/100\n|-item|p2a: Arcanine|Figy Berry|[from] ability: Frisk|[of] p1a: Typhlosion|[identify]\n|-item|p2b: Dragonite|Choice Band|[from] ability: Frisk|[of] p1a: Typhlosion|[identify]\n|turn|8\n|\n|t:|1700166361\n|switch|p1b: Heatran|Heatran, L50, M, tera:Grass|80\/100\n|move|p1a: Typhlosion|Lava Plume|p2a: Arcanine|[spread] p2a,p2b\n|-start|p1b: Heatran|ability: Flash Fire\n|-resisted|p2a: Arcanine\n|-resisted|p2b: Dragonite\n|-damage|p2a: Arcanine|19\/100\n|-damage|p2b: Dragonite|75\/100\n|-enditem|p2a: Arcanine|Figy Berry|[eat]\n|-heal|p2a: Arcanine|52\/100|[from] item: Figy Berry\n|move|p2b: Dragonite|Outrage|p1b: Heatran|[from]lockedmove\n|-damage|p1b: Heatran|5\/100\n|-start|p2b: Dragonite|confusion|[fatigue]\n|move|p2a: Arcanine|Snarl|p1b: Heatran|[spread] p1a,p1b\n|-supereffective|p1a: Typhlosion\n|-damage|p1a: Typhlosion|30\/100\n|-damage|p1b: Heatran|0 fnt\n|-unboost|p1a: Typhlosion|spa|1\n|faint|p1b: Heatran\n|\n|upkeep\n|\n|t:|1700166378\n|switch|p1b: Murkrow|Murkrow, L50, M, shiny|44\/100 slp\n|turn|9\n|\n|t:|1700166387\n|move|p2a: Arcanine|Extreme Speed|p1b: Murkrow\n|-damage|p1b: Murkrow|17\/100 slp\n|move|p1a: Typhlosion|Infernal Parade|p2a: Arcanine\n|-damage|p2a: Arcanine|22\/100\n|-activate|p2b: Dragonite|confusion\n|-damage|p2b: Dragonite|58\/100|[from] confusion\n|cant|p1b: Murkrow|slp\n|\n|upkeep\n|turn|10\n|\n|t:|1700166411\n|move|p2a: Arcanine|Extreme Speed|p1b: Murkrow\n|-damage|p1b: Murkrow|0 fnt\n|faint|p1b: Murkrow\n|move|p1a: Typhlosion|Infernal Parade|p2a: Arcanine\n|-damage|p2a: Arcanine|0 fnt\n|faint|p2a: Arcanine\n|-activate|p2b: Dragonite|confusion\n|move|p2b: Dragonite|Outrage|p1a: Typhlosion\n|-damage|p1a: Typhlosion|0 fnt\n|faint|p1a: Typhlosion\n|\n|win|electrikeely\n|c|&|\/uhtml prompt-hikariknight,HikariKnight is ready for game 2!\n|inactive|electrikeely has 50 seconds to confirm battle start!\n|c|&|\/uhtml prompt-electrikeely,electrikeely is ready for game 2!\nBoth players are ready! Starting next match!\n","uploadtime":1700166477,"views":20,"p1id":"hikariknight","p2id":"electrikeely","formatid":"gen9vgc2023regulatione","rating":0,"private":0,"password":""}