{"id":"gen9vgc2023regulatione-1988549521","p1":"oluqy","p2":"mang0","format":"[Gen 9] VGC 2023 Regulation E","log":"|j|\u2606oluqy\n|j|\u2606mang0\n|n|\u2606oluqy|oluqy\n|n|\u2606mang0|mang0\n|html|View the match progress at <a href=\"\/game-bestof3-gen9vgc2023regulatione-1988549520\">game-bestof3-gen9vgc2023regulatione-1988549520<\/a>\n|t:|1699734969\n|gametype|doubles\n|player|p1|oluqy|pokemonrangerf-gen4|\n|player|p2|mang0|elesa|\n|teamsize|p1|6\n|teamsize|p2|6\n|gen|9\n|tier|[Gen 9] VGC 2023 Regulation E\n|rule|Species Clause: Limit one of each Pok\u00e9mon\n|rule|Item Clause: Limit one of each item\n|clearpoke\n|poke|p1|Tornadus, L50, M|\n|poke|p1|Heatran, L50, F|\n|poke|p1|Flutter Mane, L50|\n|poke|p1|Landorus-Therian, L50, M|\n|poke|p1|Amoonguss, L50, F|\n|poke|p1|Ogerpon-Wellspring, L50, F|\n|poke|p2|Clefairy, L50, M|\n|poke|p2|Kingambit, L50, M|\n|poke|p2|Ogerpon-Wellspring, L50, F|\n|poke|p2|Flutter Mane, L50|\n|poke|p2|Iron Hands, L50|\n|poke|p2|Landorus-Therian, L50, M|\n|teampreview|4\nmang0 has agreed to open team sheets.\noluqy has agreed to open team sheets.\n|showteam|p1|Tornadus||MentalHerb|Prankster|BleakwindStorm,Tailwind,SunnyDay,Protect|||M|||50|,,,,,Dark]Heatran||AssaultVest|FlashFire|HeatWave,FlashCannon,EarthPower,SolarBeam|||F|||50|,,,,,Fairy]Flutter Mane||ChoiceSpecs|Protosynthesis|DazzlingGleam,Moonblast,ShadowBall,PowerGem||||||50|,,,,,Fairy]Landorus-Therian||ChoiceScarf|Intimidate|StompingTantrum,TeraBlast,RockSlide,Uturn|||M|||50|,,,,,Flying]Amoonguss||SitrusBerry|Regenerator|Spore,PollenPuff,RagePowder,Protect|||F|||50|,,,,,Water]Ogerpon-Wellspring||WellspringMask|WaterAbsorb|IvyCudgel,HornLeech,SwordsDance,SpikyShield|||F|||50|,,,,,Water\n|showteam|p2|Clefairy||Eviolite|FriendGuard|LifeDew,HelpingHand,FollowMe,Protect|||M|||50|,,,,,Grass]Kingambit||BlackGlasses|Defiant|KowtowCleave,SuckerPunch,SwordsDance,Protect|||M|||50|,,,,,Dark]Ogerpon-Wellspring||WellspringMask|WaterAbsorb|IvyCudgel,HornLeech,FollowMe,SpikyShield|||F|||50|,,,,,Water]Flutter Mane||ChoiceSpecs|Protosynthesis|Moonblast,DazzlingGleam,ShadowBall,PerishSong||||||50|,,,,,Fairy]Iron Hands||AssaultVest|QuarkDrive|WildCharge,DrainPunch,HeavySlam,FakeOut||||||50|,,,,,Electric]Landorus-Therian||ChoiceScarf|Intimidate|StompingTantrum,RockSlide,Uturn,TeraBlast|||M|||50|,,,,,Flying\n|inactive|Battle timer is ON: inactive players will automatically lose when time's up. (requested by mang0)\n|inactive|oluqy has 60 seconds left.\n|inactive|mang0 has 60 seconds left.\n|\n|t:|1699735027\n|start\n|switch|p1a: Amoonguss|Amoonguss, L50, F|100\/100\n|switch|p1b: Heatran|Heatran, L50, F|100\/100\n|switch|p2a: Clefairy|Clefairy, L50, M|100\/100\n|switch|p2b: Kingambit|Kingambit, L50, M|100\/100\n|turn|1\n|inactive|mang0 has 30 seconds left.\n|\n|t:|1699735061\n|-terastallize|p2b: Kingambit|Dark\n|move|p2a: Clefairy|Follow Me|p2a: Clefairy\n|-singleturn|p2a: Clefairy|move: Follow Me\n|move|p1b: Heatran|Heat Wave|p2b: Kingambit|[spread] p2a,p2b\n|-damage|p2a: Clefairy|65\/100\n|-damage|p2b: Kingambit|69\/100\n|move|p2b: Kingambit|Kowtow Cleave|p1a: Amoonguss\n|-damage|p1a: Amoonguss|42\/100\n|-enditem|p1a: Amoonguss|Sitrus Berry|[eat]\n|-heal|p1a: Amoonguss|67\/100|[from] item: Sitrus Berry\n|move|p1a: Amoonguss|Spore|p2a: Clefairy\n|-status|p2a: Clefairy|slp|[from] move: Spore\n|\n|upkeep\n|turn|2\n|\n|t:|1699735077\n|switch|p2a: Ogerpon|Ogerpon-Wellspring, L50, F|100\/100\n|move|p2b: Kingambit|Protect|p2b: Kingambit\n|-singleturn|p2b: Kingambit|Protect\n|move|p1b: Heatran|Flash Cannon|p2a: Ogerpon\n|-resisted|p2a: Ogerpon\n|-damage|p2a: Ogerpon|80\/100\n|move|p1a: Amoonguss|Spore|p2b: Kingambit\n|-activate|p2b: Kingambit|move: Protect\n|\n|upkeep\n|turn|3\n|inactive|oluqy has 30 seconds left.\n|\n|t:|1699735107\n|move|p2a: Ogerpon|Follow Me|p2a: Ogerpon\n|-singleturn|p2a: Ogerpon|move: Follow Me\n|move|p1b: Heatran|Heat Wave|p2a: Ogerpon|[spread] p2a,p2b\n|-damage|p2a: Ogerpon|41\/100\n|-damage|p2b: Kingambit|27\/100\n|-status|p2b: Kingambit|brn\n|move|p2b: Kingambit|Kowtow Cleave|p1b: Heatran\n|-damage|p1b: Heatran|64\/100\n|move|p1a: Amoonguss|Spore|p2a: Ogerpon\n|-immune|p2a: Ogerpon\n|\n|-damage|p2b: Kingambit|21\/100 brn|[from] brn\n|upkeep\n|turn|4\n|inactive|oluqy has 30 seconds left.\n|\n|t:|1699735138\n|switch|p1b: Ogerpon|Ogerpon-Wellspring, L50, F|100\/100\n|move|p1a: Amoonguss|Protect|p1a: Amoonguss\n|-singleturn|p1a: Amoonguss|Protect\n|move|p2a: Ogerpon|Ivy Cudgel|p1b: Ogerpon\n|-immune|p1b: Ogerpon|[from] ability: Water Absorb\n|move|p2b: Kingambit|Kowtow Cleave|p1a: Amoonguss\n|-activate|p1a: Amoonguss|move: Protect\n|\n|-damage|p2b: Kingambit|15\/100 brn|[from] brn\n|upkeep\n|turn|5\n|inactive|oluqy has 30 seconds left.\n|inactive|mang0 has 30 seconds left.\n|\n|t:|1699735170\n|move|p2a: Ogerpon|Horn Leech|p1b: Ogerpon\n|-damage|p1b: Ogerpon|71\/100\n|-heal|p2a: Ogerpon|56\/100|[from] drain|[of] p1b: Ogerpon\n|move|p1b: Ogerpon|Horn Leech|p2b: Kingambit\n|-damage|p2b: Kingambit|0 fnt\n|-heal|p1b: Ogerpon|79\/100|[from] drain|[of] p2b: Kingambit\n|faint|p2b: Kingambit\n|move|p1a: Amoonguss|Pollen Puff|p2a: Ogerpon\n|-supereffective|p2a: Ogerpon\n|-damage|p2a: Ogerpon|18\/100\n|\n|upkeep\n|\n|t:|1699735182\n|switch|p2b: Iron Hands|Iron Hands, L50|100\/100\n|turn|6\n|\n|t:|1699735204\n|switch|p1b: Landorus|Landorus-Therian, L50, M|100\/100\n|-ability|p1b: Landorus|Intimidate|boost\n|-unboost|p2a: Ogerpon|atk|1\n|-unboost|p2b: Iron Hands|atk|1\n|move|p2b: Iron Hands|Fake Out|p1a: Amoonguss\n|-damage|p1a: Amoonguss|59\/100\n|move|p2a: Ogerpon|Horn Leech|p1b: Landorus\n|-damage|p1b: Landorus|75\/100\n|-heal|p2a: Ogerpon|31\/100|[from] drain|[of] p1b: Landorus\n|cant|p1a: Amoonguss|flinch\n|\n|upkeep\n|turn|7\n|\n|t:|1699735223\n|-end|p2b: Iron Hands|Quark Drive|[silent]\n|switch|p2b: Clefairy|Clefairy, L50, M|65\/100 slp\n|switch|p1a: Ogerpon|Ogerpon-Wellspring, L50, F|79\/100\n|move|p1b: Landorus|U-turn|p2b: Clefairy\n|-resisted|p2b: Clefairy\n|-damage|p2b: Clefairy|54\/100 slp\n|\n|t:|1699735230\n|switch|p1b: Amoonguss|Amoonguss, L50, F|93\/100|[from] U-turn\n|move|p2a: Ogerpon|Ivy Cudgel|p1b: Amoonguss\n|-resisted|p1b: Amoonguss\n|-crit|p1b: Amoonguss\n|-damage|p1b: Amoonguss|63\/100\n|\n|upkeep\n|turn|8\n|inactive|oluqy has 30 seconds left.\n|inactive|mang0 has 30 seconds left.\n|inactive|oluqy has 20 seconds left.\n|\n|t:|1699735268\n|switch|p1b: Heatran|Heatran, L50, F|64\/100\n|move|p2a: Ogerpon|Spiky Shield|p2a: Ogerpon\n|-singleturn|p2a: Ogerpon|move: Protect\n|move|p1a: Ogerpon|Swords Dance|p1a: Ogerpon\n|-boost|p1a: Ogerpon|atk|2\n|cant|p2b: Clefairy|slp\n|\n|upkeep\n|turn|9\n|inactive|oluqy has 30 seconds left.\n|\n|t:|1699735299\n|switch|p1b: Amoonguss|Amoonguss, L50, F|96\/100\n|move|p2a: Ogerpon|Ivy Cudgel|p1b: Amoonguss\n|-resisted|p1b: Amoonguss\n|-damage|p1b: Amoonguss|84\/100\n|move|p1a: Ogerpon|Horn Leech|p2a: Ogerpon\n|-damage|p2a: Ogerpon|0 fnt\n|-heal|p1a: Ogerpon|95\/100|[from] drain|[of] p2a: Ogerpon\n|faint|p2a: Ogerpon\n|-curestatus|p2b: Clefairy|slp|[msg]\n|move|p2b: Clefairy|Life Dew|p2b: Clefairy\n|-heal|p2b: Clefairy|79\/100\n|\n|upkeep\n|-message|mang0 forfeited.\n|\n|win|oluqy\n|l|\u2606mang0\n|c|&|\/uhtml prompt-oluqy,oluqy is ready for game 2!\n|inactive|mang0 has 50 seconds to confirm battle start!\n|inactive|mang0 has 40 seconds to confirm battle start!\n|inactive|mang0 has 30 seconds to confirm battle start!\n|inactive|mang0 has 19 seconds to confirm battle start!\n|inactive|mang0 has 9 seconds to confirm battle start!\nBoth players are ready! Starting next match!\n","uploadtime":1699736305,"views":14,"p1id":"oluqy","p2id":"mang0","formatid":"gen9vgc2023regulatione","rating":0,"private":0,"password":""}