{"id":"gen9vgc2023regulatione-1988788183","p1":"ay-rei","p2":"Vengeful potato","format":"[Gen 9] VGC 2023 Regulation E","log":"|j|\u2606ay-rei\n|j|\u2606Vengeful potato\n|t:|1699763250\n|gametype|doubles\n|player|p1|ay-rei|pokemaniac|1462\n|player|p2|Vengeful potato|swimmer|1611\n|teamsize|p1|6\n|teamsize|p2|6\n|gen|9\n|tier|[Gen 9] VGC 2023 Regulation E\n|rated|\n|rule|Species Clause: Limit one of each Pok\u00e9mon\n|rule|Item Clause: Limit one of each item\n|clearpoke\n|poke|p1|Flutter Mane, L50|\n|poke|p1|Arcanine-Hisui, L50, F|\n|poke|p1|Ursaluna, L50, F|\n|poke|p1|Urshifu-*, L50, F|\n|poke|p1|Ogerpon-Wellspring, L50, F|\n|poke|p1|Cresselia, L50, F|\n|poke|p2|Articuno-Galar, L50|\n|poke|p2|Maushold, L50|\n|poke|p2|Urshifu-*, L50, F|\n|poke|p2|Sinistcha-Masterpiece, L50|\n|poke|p2|Heatran, L50, F|\n|poke|p2|Regidrago, L50|\n|teampreview|4\n|inactive|Battle timer is ON: inactive players will automatically lose when time's up. (requested by ay-rei)\n|\n|t:|1699763270\n|start\n|switch|p1a: Flutter Mane|Flutter Mane, L50|100\/100\n|switch|p1b: Urshifu|Urshifu, L50, F|100\/100\n|switch|p2a: The Rizzler\ud83d\ude31\ud83d\udcaf\ud83d\udde3\ufe0f|Articuno-Galar, L50, shiny|100\/100\n|switch|p2b: Despereaux|Maushold, L50, shiny|100\/100\n|turn|1\n|inactive|Vengeful potato has 30 seconds left.\n|\n|t:|1699763295\n|move|p2b: Despereaux|Follow Me|p2b: Despereaux\n|-singleturn|p2b: Despereaux|move: Follow Me\n|move|p1a: Flutter Mane|Moonblast|p2b: Despereaux\n|-damage|p2b: Despereaux|18\/100\n|move|p1b: Urshifu|Wicked Blow|p2b: Despereaux\n|-crit|p2b: Despereaux\n|-damage|p2b: Despereaux|0 fnt\n|-damage|p1b: Urshifu|84\/100|[from] item: Rocky Helmet|[of] p2b: Despereaux\n|faint|p2b: Despereaux\n|move|p2a: The Rizzler\ud83d\ude31\ud83d\udcaf\ud83d\udde3\ufe0f|Tailwind|p2a: The Rizzler\ud83d\ude31\ud83d\udcaf\ud83d\udde3\ufe0f\n|-sidestart|p2: Vengeful potato|move: Tailwind\n|\n|upkeep\n|\n|t:|1699763303\n|switch|p2b: Notorious T.E.A.|Sinistcha-Masterpiece, L50|100\/100\n|turn|2\n|\n|t:|1699763317\n|move|p2a: The Rizzler\ud83d\ude31\ud83d\udcaf\ud83d\udde3\ufe0f|Air Slash|p1b: Urshifu\n|-supereffective|p1b: Urshifu\n|-damage|p1b: Urshifu|0 fnt\n|faint|p1b: Urshifu\n|move|p2b: Notorious T.E.A.|Shadow Ball|p1a: Flutter Mane\n|-supereffective|p1a: Flutter Mane\n|-damage|p1a: Flutter Mane|24\/100\n|move|p1a: Flutter Mane|Moonblast|p2a: The Rizzler\ud83d\ude31\ud83d\udcaf\ud83d\udde3\ufe0f\n|-damage|p2a: The Rizzler\ud83d\ude31\ud83d\udcaf\ud83d\udde3\ufe0f|38\/100\n|\n|upkeep\n|inactive|ay-rei has 30 seconds left.\n|\n|t:|1699763347\n|switch|p1b: Ursaluna|Ursaluna, L50, F, shiny|100\/100\n|turn|3\n|\n|t:|1699763361\n|-terastallize|p1b: Ursaluna|Dragon\n|move|p2a: The Rizzler\ud83d\ude31\ud83d\udcaf\ud83d\udde3\ufe0f|Freezing Glare|p1b: Ursaluna\n|-damage|p1b: Ursaluna|59\/100\n|-status|p1b: Ursaluna|frz\n|move|p2b: Notorious T.E.A.|Matcha Gotcha|p1a: Flutter Mane|[spread] p1a,p1b\n|-resisted|p1b: Ursaluna\n|-damage|p1a: Flutter Mane|0 fnt\n|-damage|p1b: Ursaluna|43\/100 frz\n|faint|p1a: Flutter Mane\n|-end|p1a: Flutter Mane|Protosynthesis|[silent]\n|-curestatus|p1b: Ursaluna|frz|[msg]\n|move|p1b: Ursaluna|Bulk Up|p1b: Ursaluna\n|-boost|p1b: Ursaluna|atk|1\n|-boost|p1b: Ursaluna|def|1\n|\n|-status|p1b: Ursaluna|brn|[from] item: Flame Orb\n|upkeep\n|\n|t:|1699763369\n|switch|p1a: Cresselia|Cresselia, L50, F, shiny|100\/100\n|turn|4\n|\n|t:|1699763380\n|move|p1b: Ursaluna|Protect|p1b: Ursaluna\n|-singleturn|p1b: Ursaluna|Protect\n|move|p2b: Notorious T.E.A.|Shadow Ball|p1a: Cresselia\n|-supereffective|p1a: Cresselia\n|-damage|p1a: Cresselia|48\/100\n|move|p1a: Cresselia|Lunar Blessing|p1a: Cresselia|[spread] p1a,p1b\n|-heal|p1a: Cresselia|73\/100\n|-heal|p1b: Ursaluna|68\/100 brn\n|-curestatus|p1b: Ursaluna|brn|[msg]\n|move|p2a: The Rizzler\ud83d\ude31\ud83d\udcaf\ud83d\udde3\ufe0f|Trick Room|p2a: The Rizzler\ud83d\ude31\ud83d\udcaf\ud83d\udde3\ufe0f\n|-fieldstart|move: Trick Room|[of] p2a: The Rizzler\ud83d\ude31\ud83d\udcaf\ud83d\udde3\ufe0f\n|\n|-sideend|p2: Vengeful potato|move: Tailwind\n|-status|p1b: Ursaluna|brn|[from] item: Flame Orb\n|upkeep\n|turn|5\n|inactive|ay-rei has 30 seconds left.\n|\n|t:|1699763406\n|move|p1b: Ursaluna|Earthquake|p2b: Notorious T.E.A.|[spread] p2b\n|-immune|p1a: Cresselia|[from] ability: Levitate\n|-immune|p2a: The Rizzler\ud83d\ude31\ud83d\udcaf\ud83d\udde3\ufe0f\n|-resisted|p2b: Notorious T.E.A.\n|-damage|p2b: Notorious T.E.A.|46\/100\n|move|p2b: Notorious T.E.A.|Shadow Ball|p1a: Cresselia\n|-supereffective|p1a: Cresselia\n|-damage|p1a: Cresselia|12\/100\n|-heal|p2b: Notorious T.E.A.|56\/100|[from] item: Shell Bell|[of] p1a: Cresselia\n|move|p1a: Cresselia|Moonblast|p2b: Notorious T.E.A.\n|-damage|p2b: Notorious T.E.A.|33\/100\n|-unboost|p2b: Notorious T.E.A.|spa|1\n|move|p2a: The Rizzler\ud83d\ude31\ud83d\udcaf\ud83d\udde3\ufe0f|Trick Room|p2a: The Rizzler\ud83d\ude31\ud83d\udcaf\ud83d\udde3\ufe0f\n|-fieldend|move: Trick Room\n|\n|-damage|p1b: Ursaluna|62\/100 brn|[from] brn\n|upkeep\n|turn|6\n|inactive|ay-rei has 30 seconds left.\n|\n|t:|1699763434\n|move|p1a: Cresselia|Ally Switch|p1a: Cresselia\n|swap|p1a: Cresselia|1|[from] move: Ally Switch\n|move|p2a: The Rizzler\ud83d\ude31\ud83d\udcaf\ud83d\udde3\ufe0f|Air Slash|p1a: Ursaluna\n|-damage|p1a: Ursaluna|31\/100 brn\n|move|p2b: Notorious T.E.A.|Matcha Gotcha|p1a: Ursaluna|[spread] p1a,p1b\n|-resisted|p1a: Ursaluna\n|-crit|p1b: Cresselia\n|-damage|p1a: Ursaluna|20\/100 brn\n|-heal|p2b: Notorious T.E.A.|40\/100|[from] drain|[of] p1a: Ursaluna\n|-damage|p1b: Cresselia|0 fnt\n|-heal|p2b: Notorious T.E.A.|48\/100|[from] drain|[of] p1b: Cresselia\n|faint|p1b: Cresselia\n|-heal|p2b: Notorious T.E.A.|52\/100|[from] item: Shell Bell|[of] p1: Cresselia\n|cant|p1a: Ursaluna|flinch\n|\n|-damage|p1a: Ursaluna|14\/100 brn|[from] brn\n|upkeep\n|turn|7\n|\n|t:|1699763448\n|move|p2a: The Rizzler\ud83d\ude31\ud83d\udcaf\ud83d\udde3\ufe0f|Freezing Glare|p1a: Ursaluna\n|-damage|p1a: Ursaluna|0 fnt\n|faint|p1a: Ursaluna\n|\n|win|Vengeful potato\n|raw|ay-rei's rating: 1462 &rarr; <strong>1450<\/strong><br \/>(-12 for losing)\n|raw|Vengeful potato's rating: 1611 &rarr; <strong>1623<\/strong><br \/>(+12 for winning)\n|l|\u2606ay-rei\n","uploadtime":1699763454,"views":12,"p1id":"ayrei","p2id":"vengefulpotato","formatid":"gen9vgc2023regulatione","rating":1450,"private":0,"password":""}