{"id":"gen9vgc2023regulatione-1988138180","p1":"ThannaOcto","p2":"kick4life42","format":"[Gen 9] VGC 2023 Regulation E","log":"|j|\u2606ThannaOcto\n|j|\u2606kick4life42\n|n|\u2606ThannaOcto|thannaocto\n|n|\u2606kick4life42|kick4life42\n|html|View the match progress at <a href=\"\/game-bestof3-gen9vgc2023regulatione-1988134631\">game-bestof3-gen9vgc2023regulatione-1988134631<\/a>\n|t:|1699674373\n|gametype|doubles\n|player|p1|ThannaOcto|aaron|\n|player|p2|kick4life42|102|\n|teamsize|p1|6\n|teamsize|p2|6\n|gen|9\n|tier|[Gen 9] VGC 2023 Regulation E\n|rule|Species Clause: Limit one of each Pok\u00e9mon\n|rule|Item Clause: Limit one of each item\n|clearpoke\n|poke|p1|Klefki, L50, M|\n|poke|p1|Roaring Moon, L50|\n|poke|p1|Scovillain, L50, M|\n|poke|p1|Dragapult, L50, M|\n|poke|p1|Fezandipiti, L50, M|\n|poke|p1|Dudunsparce-*, L50, M|\n|poke|p2|Flutter Mane, L50|\n|poke|p2|Tornadus, L50, M|\n|poke|p2|Mamoswine, L50, M|\n|poke|p2|Gholdengo, L50|\n|poke|p2|Grimmsnarl, L50, M|\n|poke|p2|Regieleki, L50|\n|teampreview|4\n|\n|t:|1699674390\n|start\n|switch|p1a: Brute Justice|Dudunsparce-Three-Segment, L50, M|100\/100\n|switch|p1b: Mandervillian|Scovillain, L50, M|100\/100\n|switch|p2a: Mamoswine|Mamoswine, L50, M|100\/100\n|switch|p2b: Tornadus|Tornadus, L50, M|100\/100\n|turn|1\n|\n|t:|1699674434\n|-terastallize|p2a: Mamoswine|Fighting\n|move|p1b: Mandervillian|Protect|p1b: Mandervillian\n|-singleturn|p1b: Mandervillian|Protect\n|move|p2b: Tornadus|Tailwind|p2b: Tornadus\n|-sidestart|p2: kick4life42|move: Tailwind\n|move|p2a: Mamoswine|Earthquake|p1a: Brute Justice|[spread] p1a\n|-activate|p1b: Mandervillian|move: Protect\n|-immune|p2b: Tornadus\n|-damage|p1a: Brute Justice|75\/100\n|move|p1a: Brute Justice|Ancient Power|p2b: Tornadus\n|-supereffective|p2b: Tornadus\n|-damage|p2b: Tornadus|68\/100\n|\n|-ability|p1b: Mandervillian|Moody|boost\n|-boost|p1b: Mandervillian|def|2\n|-unboost|p1b: Mandervillian|spa|1\n|upkeep\n|turn|2\n|\n|t:|1699674461\n|move|p2b: Tornadus|Heat Wave|p1b: Mandervillian|[spread] p1a,p1b\n|-damage|p1a: Brute Justice|50\/100\n|-damage|p1b: Mandervillian|68\/100\n|move|p2a: Mamoswine|Earthquake|p1b: Mandervillian|[spread] p1a,p1b\n|-immune|p2b: Tornadus\n|-damage|p1a: Brute Justice|24\/100\n|-damage|p1b: Mandervillian|39\/100\n|move|p1b: Mandervillian|Leech Seed|p2a: Mamoswine|[miss]\n|-miss|p1b: Mandervillian|p2a: Mamoswine\n|move|p1a: Brute Justice|Ancient Power|p2b: Tornadus\n|-supereffective|p2b: Tornadus\n|-damage|p2b: Tornadus|34\/100\n|\n|-heal|p1b: Mandervillian|45\/100|[from] item: Leftovers\n|-ability|p1b: Mandervillian|Moody|boost\n|-boost|p1b: Mandervillian|spd|2\n|-unboost|p1b: Mandervillian|spa|1\n|upkeep\n|turn|3\n|\n|t:|1699674483\n|move|p1b: Mandervillian|Protect|p1b: Mandervillian\n|-singleturn|p1b: Mandervillian|Protect\n|move|p2b: Tornadus|Heat Wave|p1b: Mandervillian|[spread] p1a\n|-activate|p1b: Mandervillian|move: Protect\n|-damage|p1a: Brute Justice|0 fnt\n|faint|p1a: Brute Justice\n|move|p2a: Mamoswine|Earthquake|p1b: Mandervillian|[spread] \n|-activate|p1b: Mandervillian|move: Protect\n|-immune|p2b: Tornadus\n|\n|-heal|p1b: Mandervillian|51\/100|[from] item: Leftovers\n|-ability|p1b: Mandervillian|Moody|boost\n|-boost|p1b: Mandervillian|def|2\n|-unboost|p1b: Mandervillian|spa|1\n|upkeep\n|\n|t:|1699674500\n|switch|p1a: Yojimbo|Fezandipiti, L50, M|100\/100\n|turn|4\n|\n|t:|1699674510\n|move|p2b: Tornadus|Bleakwind Storm|p1b: Mandervillian|[spread] p1a,p1b\n|-supereffective|p1b: Mandervillian\n|-damage|p1a: Yojimbo|78\/100\n|-damage|p1b: Mandervillian|2\/100\n|-unboost|p1b: Mandervillian|spe|1\n|move|p2a: Mamoswine|Earthquake|p1b: Mandervillian|[spread] p1a,p1b\n|-immune|p2b: Tornadus\n|-supereffective|p1a: Yojimbo\n|-damage|p1a: Yojimbo|0 fnt\n|-damage|p1b: Mandervillian|0 fnt\n|faint|p1a: Yojimbo\n|faint|p1b: Mandervillian\n|\n|-sideend|p2: kick4life42|move: Tailwind\n|upkeep\n|\n|t:|1699674523\n|switch|p1b: Mist Dragon|Dragapult, L50, M|100\/100\n|turn|5\n|\n|t:|1699674554\n|-terastallize|p1b: Mist Dragon|Fairy\n|move|p1b: Mist Dragon|Sucker Punch||[still]\n|-fail|p1b: Mist Dragon\n|move|p2b: Tornadus|Tailwind|p2b: Tornadus\n|-sidestart|p2: kick4life42|move: Tailwind\n|move|p2a: Mamoswine|Icicle Crash|p1b: Mist Dragon\n|-damage|p1b: Mist Dragon|36\/100\n|\n|upkeep\n|turn|6\n|\n|t:|1699674566\n|move|p2a: Mamoswine|Ice Shard|p1b: Mist Dragon\n|-damage|p1b: Mist Dragon|5\/100\n|move|p1b: Mist Dragon|Sucker Punch|p2b: Tornadus\n|-damage|p2b: Tornadus|0 fnt\n|faint|p2b: Tornadus\n|\n|upkeep\n|\n|t:|1699674575\n|switch|p2b: Flutter Mane|Flutter Mane, L50|100\/100\n|-enditem|p2b: Flutter Mane|Booster Energy\n|-activate|p2b: Flutter Mane|ability: Protosynthesis|[fromitem]\n|-start|p2b: Flutter Mane|protosynthesisspe\n|turn|7\n|\n|t:|1699674585\n|move|p2b: Flutter Mane|Protect|p2b: Flutter Mane\n|-singleturn|p2b: Flutter Mane|Protect\n|move|p1b: Mist Dragon|Protect|p1b: Mist Dragon\n|-singleturn|p1b: Mist Dragon|Protect\n|move|p2a: Mamoswine|Ice Shard|p1b: Mist Dragon\n|-activate|p1b: Mist Dragon|move: Protect\n|\n|upkeep\n|turn|8\n|\n|t:|1699674595\n|move|p2a: Mamoswine|Ice Shard|p1b: Mist Dragon\n|-damage|p1b: Mist Dragon|0 fnt\n|faint|p1b: Mist Dragon\n|\n|win|kick4life42\n|c|\u2606ThannaOcto|GGs\n","uploadtime":1699674601,"views":35,"p1id":"thannaocto","p2id":"kick4life42","formatid":"gen9vgc2023regulatione","rating":0,"private":0,"password":""}