{"id":"gen9vgc2023regulatione-1995014673","p1":"Dr4ydr4go","p2":"Kongly","format":"[Gen 9] VGC 2023 Regulation E","log":"|j|\u2606Dr4ydr4go\n|j|\u2606Kongly\n|t:|1700513517\n|gametype|doubles\n|player|p1|Dr4ydr4go|streetthug|1365\n|player|p2|Kongly|youngster-gen4dp|1291\n|teamsize|p1|6\n|teamsize|p2|6\n|gen|9\n|tier|[Gen 9] VGC 2023 Regulation E\n|rated|\n|rule|Species Clause: Limit one of each Pok\u00e9mon\n|rule|Item Clause: Limit one of each item\n|clearpoke\n|poke|p1|Ninetales-Alola, L50, F|\n|poke|p1|Sylveon, L50, F|\n|poke|p1|Ogerpon-Wellspring, L50, F|\n|poke|p1|Arcanine-Hisui, L50, F|\n|poke|p1|Roaring Moon, L50|\n|poke|p1|Iron Hands, L50|\n|poke|p2|Tornadus, L50, M|\n|poke|p2|Arcanine-Hisui, L50, F|\n|poke|p2|Scizor, L50, M|\n|poke|p2|Indeedee, L50, M|\n|poke|p2|Armarouge, L50, F|\n|poke|p2|Sneasler, L50, F|\n|teampreview|4\n|inactive|Battle timer is ON: inactive players will automatically lose when time's up. (requested by Dr4ydr4go)\nDr4ydr4go has agreed to open team sheets.\n|\n|t:|1700513556\n|start\n|switch|p1a: Arcanine|Arcanine-Hisui, L50, F|100\/100\n|switch|p1b: Kaido|Roaring Moon, L50|100\/100\n|switch|p2a: Tornadus|Tornadus, L50, M|100\/100\n|switch|p2b: Arcanine|Arcanine-Hisui, L50, F|100\/100\n|-ability|p2b: Arcanine|Intimidate|boost\n|-unboost|p1a: Arcanine|atk|1\n|-unboost|p1b: Kaido|atk|1\n|-ability|p1a: Arcanine|Intimidate|boost\n|-unboost|p2a: Tornadus|atk|1\n|-unboost|p2b: Arcanine|atk|1\n|-enditem|p1b: Kaido|Booster Energy\n|-activate|p1b: Kaido|ability: Protosynthesis|[fromitem]\n|-start|p1b: Kaido|protosynthesisspe\n|turn|1\n|inactive|Kongly has 30 seconds left.\n|inactive|Dr4ydr4go has 30 seconds left.\n|\n|t:|1700513587\n|move|p1b: Kaido|Protect|p1b: Kaido\n|-singleturn|p1b: Kaido|Protect\n|move|p2a: Tornadus|Tailwind|p2a: Tornadus\n|-sidestart|p2: Kongly|move: Tailwind\n|move|p2b: Arcanine|Rock Slide|p1b: Kaido|[spread] p1a\n|-activate|p1b: Kaido|move: Protect\n|-supereffective|p1a: Arcanine\n|-damage|p1a: Arcanine|37\/100\n|move|p1a: Arcanine|Rock Slide|p2a: Tornadus|[spread] p2a,p2b\n|-supereffective|p2a: Tornadus\n|-supereffective|p2b: Arcanine\n|-damage|p2a: Tornadus|26\/100\n|-damage|p2b: Arcanine|35\/100\n|\n|upkeep\n|turn|2\n|\n|t:|1700513610\n|switch|p1a: Fiona|Ogerpon-Wellspring, L50, F|100\/100\n|move|p2b: Arcanine|Rock Slide|p1a: Fiona|[spread] p1a,p1b\n|-damage|p1a: Fiona|70\/100\n|-damage|p1b: Kaido|71\/100\n|move|p1b: Kaido|Tailwind|p1b: Kaido\n|-sidestart|p1: Dr4ydr4go|move: Tailwind\n|move|p2a: Tornadus|Bleakwind Storm|p1a: Fiona|[spread] p1a,p1b\n|-supereffective|p1a: Fiona\n|-damage|p1a: Fiona|9\/100\n|-damage|p1b: Kaido|41\/100\n|-unboost|p1b: Kaido|spe|1\n|\n|upkeep\n|turn|3\n|inactive|Dr4ydr4go has 30 seconds left.\n|\n|t:|1700513639\n|move|p1b: Kaido|Knock Off|p2a: Tornadus\n|-damage|p2a: Tornadus|0 fnt\n|-enditem|p2a: Tornadus|Covert Cloak|[from] move: Knock Off|[of] p1b: Kaido\n|faint|p2a: Tornadus\n|move|p2b: Arcanine|Rock Slide|p1a: Fiona|[spread] p1a,p1b\n|-damage|p1a: Fiona|0 fnt\n|-damage|p1b: Kaido|11\/100\n|faint|p1a: Fiona\n|\n|upkeep\n|inactive|Kongly has 30 seconds left.\n|inactive|Kongly has 20 seconds left.\n|\n|t:|1700513680\n|switch|p2a: Sneasler|Sneasler, L50, F|100\/100\n|switch|p1a: Arcanine|Arcanine-Hisui, L50, F|37\/100\n|-ability|p1a: Arcanine|Intimidate|boost\n|-unboost|p2a: Sneasler|atk|1\n|-unboost|p2b: Arcanine|atk|1\n|turn|4\n|\n|t:|1700513700\n|switch|p1a: Ribbons|Sylveon, L50, F, shiny|100\/100\n|move|p1b: Kaido|Protect|p1b: Kaido\n|-singleturn|p1b: Kaido|Protect\n|move|p2a: Sneasler|Close Combat|p1a: Ribbons\n|-resisted|p1a: Ribbons\n|-damage|p1a: Ribbons|75\/100\n|-unboost|p2a: Sneasler|def|1\n|-unboost|p2a: Sneasler|spd|1\n|move|p2b: Arcanine|Rock Slide|p1b: Kaido|[spread] p1a\n|-activate|p1b: Kaido|move: Protect\n|-damage|p1a: Ribbons|53\/100\n|\n|-sideend|p2: Kongly|move: Tailwind\n|upkeep\n|turn|5\n|\n|t:|1700513718\n|move|p1a: Ribbons|Protect|p1a: Ribbons\n|-singleturn|p1a: Ribbons|Protect\n|move|p2a: Sneasler|Protect|p2a: Sneasler\n|-singleturn|p2a: Sneasler|Protect\n|move|p1b: Kaido|Breaking Swipe|p2b: Arcanine|[spread] p2b\n|-activate|p2a: Sneasler|move: Protect\n|-damage|p2b: Arcanine|18\/100\n|-unboost|p2b: Arcanine|atk|1\n|move|p2b: Arcanine|Rock Slide|p1a: Ribbons|[spread] p1b\n|-activate|p1a: Ribbons|move: Protect\n|-damage|p1b: Kaido|0 fnt\n|faint|p1b: Kaido\n|-end|p1b: Kaido|Protosynthesis|[silent]\n|\n|-sideend|p1: Dr4ydr4go|move: Tailwind\n|upkeep\n|\n|t:|1700513727\n|switch|p1b: Arcanine|Arcanine-Hisui, L50, F|37\/100\n|-ability|p1b: Arcanine|Intimidate|boost\n|-unboost|p2a: Sneasler|atk|1\n|-unboost|p2b: Arcanine|atk|1\n|turn|6\n|\n|t:|1700513739\n|-terastallize|p1b: Arcanine|Normal\n|move|p1b: Arcanine|Extreme Speed|p2a: Sneasler\n|-damage|p2a: Sneasler|0 fnt\n|faint|p2a: Sneasler\n|move|p2b: Arcanine|Rock Slide|p1b: Arcanine|[spread] p1a,p1b\n|-damage|p1a: Ribbons|40\/100\n|-damage|p1b: Arcanine|21\/100\n|move|p1a: Ribbons|Hyper Voice|p2b: Arcanine\n|-resisted|p2b: Arcanine\n|-damage|p2b: Arcanine|0 fnt\n|faint|p2b: Arcanine\n|\n|upkeep\n|\n|t:|1700513750\n|switch|p2b: Armarouge|Armarouge, L50, F|100\/100\n|turn|7\n|inactive|Kongly has 30 seconds left.\n|\n|t:|1700513777\n|-terastallize|p2b: Armarouge|Grass\n|move|p1b: Arcanine|Extreme Speed|p2b: Armarouge\n|-damage|p2b: Armarouge|42\/100\n|move|p2b: Armarouge|Expanding Force|p1b: Arcanine\n|-damage|p1b: Arcanine|0 fnt\n|faint|p1b: Arcanine\n|-damage|p2b: Armarouge|32\/100|[from] item: Life Orb\n|move|p1a: Ribbons|Yawn|p2b: Armarouge\n|-start|p2b: Armarouge|move: Yawn|[of] p1a: Ribbons\n|\n|upkeep\n|turn|8\n|\n|t:|1700513799\n|move|p1a: Ribbons|Protect|p1a: Ribbons\n|-singleturn|p1a: Ribbons|Protect\n|move|p2b: Armarouge|Armor Cannon|p1a: Ribbons\n|-activate|p1a: Ribbons|move: Protect\n|\n|-end|p2b: Armarouge|move: Yawn|[silent]\n|-status|p2b: Armarouge|slp\n|upkeep\n|turn|9\n|\n|t:|1700513806\n|cant|p2b: Armarouge|slp\n|move|p1a: Ribbons|Tera Blast|p2b: Armarouge\n|-damage|p2b: Armarouge|0 fnt\n|faint|p2b: Armarouge\n|\n|win|Dr4ydr4go\n|raw|Dr4ydr4go's rating: 1365 &rarr; <strong>1381<\/strong><br \/>(+16 for winning)\n|raw|Kongly's rating: 1291 &rarr; <strong>1271<\/strong><br \/>(-20 for losing)\n|c|\u2606Dr4ydr4go|Gg wp\n|l|\u2606Kongly\n","uploadtime":1700513820,"views":3,"p1id":"dr4ydr4go","p2id":"kongly","formatid":"gen9vgc2023regulatione","rating":1271,"private":0,"password":""}