{"id":"gen9vgc2023regulatione-2000039970","p1":"Zaharri","p2":"niganmahhh","format":"[Gen 9] VGC 2023 Regulation E","log":"|j|\u2606Zaharri\n|j|\u203dniganmahhh\n|t:|1701144700\n|gametype|doubles\n|player|p1|Zaharri|drayden|1040\n|player|p2|niganmahhh|102|1000\n|teamsize|p1|6\n|teamsize|p2|6\n|gen|9\n|tier|[Gen 9] VGC 2023 Regulation E\n|rated|\n|rule|Species Clause: Limit one of each Pok\u00e9mon\n|rule|Item Clause: Limit one of each item\n|clearpoke\n|poke|p1|Dipplin, L50, M|\n|poke|p1|Flutter Mane, L50|\n|poke|p1|Arcanine-Hisui, L50, M|\n|poke|p1|Dondozo, L50, M|\n|poke|p1|Tatsugiri, L50, M|\n|poke|p1|Pawmot, L50, M|\n|poke|p2|Gholdengo, L50|\n|poke|p2|Iron Hands, L50|\n|poke|p2|Amoonguss, L50, M|\n|poke|p2|Iron Bundle, L50|\n|poke|p2|Pelipper, L50, F|\n|poke|p2|Salamence, L50, F|\n|teampreview|4\n|\n|t:|1701144799\n|start\n|switch|p1a: Pawmot|Pawmot, L50, M|100\/100\n|switch|p1b: Flutter Mane|Flutter Mane, L50, shiny|100\/100\n|switch|p2a: Iron Hands|Iron Hands, L50|100\/100\n|switch|p2b: Salamence|Salamence, L50, F|100\/100\n|-ability|p2b: Salamence|Intimidate|boost\n|-unboost|p1a: Pawmot|atk|1\n|-unboost|p1b: Flutter Mane|atk|1\n|-enditem|p1b: Flutter Mane|Booster Energy\n|-activate|p1b: Flutter Mane|ability: Protosynthesis|[fromitem]\n|-start|p1b: Flutter Mane|protosynthesisspe\n|turn|1\n|\n|t:|1701144843\n|switch|p2b: Amoonguss|Amoonguss, L50, M|100\/100\n|-terastallize|p1b: Flutter Mane|Fairy\n|move|p1a: Pawmot|Fake Out|p2a: Iron Hands\n|-damage|p2a: Iron Hands|95\/100\n|move|p1b: Flutter Mane|Moonblast|p2b: Amoonguss\n|-resisted|p2b: Amoonguss\n|-damage|p2b: Amoonguss|72\/100\n|cant|p2a: Iron Hands|flinch\n|\n|upkeep\n|turn|2\n|\n|t:|1701144872\n|move|p1b: Flutter Mane|Protect|p1b: Flutter Mane\n|-singleturn|p1b: Flutter Mane|Protect\n|move|p1a: Pawmot|Nuzzle|p2b: Amoonguss\n|-resisted|p2b: Amoonguss\n|-damage|p2b: Amoonguss|70\/100\n|-status|p2b: Amoonguss|par\n|move|p2a: Iron Hands|Heavy Slam|p1b: Flutter Mane\n|-activate|p1b: Flutter Mane|move: Protect\n|move|p2b: Amoonguss|Spore|p1b: Flutter Mane\n|-activate|p1b: Flutter Mane|move: Protect\n|\n|upkeep\n|turn|3\n|\n|t:|1701144902\n|move|p1b: Flutter Mane|Moonblast|p2a: Iron Hands\n|-supereffective|p2a: Iron Hands\n|-damage|p2a: Iron Hands|31\/100\n|move|p1a: Pawmot|Close Combat|p2a: Iron Hands\n|-damage|p2a: Iron Hands|6\/100\n|-unboost|p1a: Pawmot|def|1\n|-unboost|p1a: Pawmot|spd|1\n|move|p2a: Iron Hands|Heavy Slam|p1a: Pawmot\n|-resisted|p1a: Pawmot\n|-damage|p1a: Pawmot|44\/100\n|cant|p2b: Amoonguss|par\n|\n|upkeep\n|turn|4\n|\n|t:|1701144942\n|switch|p1a: Dondozo|Dondozo, L50, M, shiny|100\/100\n|move|p2b: Amoonguss|Protect|p2b: Amoonguss\n|-singleturn|p2b: Amoonguss|Protect\n|move|p1b: Flutter Mane|Shadow Ball|p2a: Iron Hands\n|-damage|p2a: Iron Hands|0 fnt\n|faint|p2a: Iron Hands\n|-end|p2a: Iron Hands|Quark Drive|[silent]\n|\n|upkeep\n|\n|t:|1701144952\n|switch|p2a: Iron Bundle|Iron Bundle, L50|100\/100\n|-enditem|p2a: Iron Bundle|Booster Energy\n|-activate|p2a: Iron Bundle|ability: Quark Drive|[fromitem]\n|-start|p2a: Iron Bundle|quarkdrivespe\n|turn|5\n|\n|t:|1701144969\n|move|p1a: Dondozo|Protect|p1a: Dondozo\n|-singleturn|p1a: Dondozo|Protect\n|move|p2a: Iron Bundle|Freeze-Dry|p1a: Dondozo\n|-activate|p1a: Dondozo|move: Protect\n|move|p1b: Flutter Mane|Moonblast|p2a: Iron Bundle\n|-damage|p2a: Iron Bundle|20\/100\n|move|p2b: Amoonguss|Spore|p1a: Dondozo\n|-activate|p1a: Dondozo|move: Protect\n|\n|upkeep\n|turn|6\n|\n|t:|1701145012\n|switch|p1a: Tatsugiri|Tatsugiri, L50, M|100\/100\n|move|p2a: Iron Bundle|Protect|p2a: Iron Bundle\n|-singleturn|p2a: Iron Bundle|Protect\n|move|p1b: Flutter Mane|Moonblast|p2a: Iron Bundle\n|-activate|p2a: Iron Bundle|move: Protect\n|move|p2b: Amoonguss|Spore|p1b: Flutter Mane\n|-status|p1b: Flutter Mane|slp|[from] move: Spore\n|\n|upkeep\n|turn|7\n|\n|t:|1701145038\n|move|p1a: Tatsugiri|Protect|p1a: Tatsugiri\n|-singleturn|p1a: Tatsugiri|Protect\n|move|p2a: Iron Bundle|Icy Wind|p1a: Tatsugiri|[spread] p1b\n|-activate|p1a: Tatsugiri|move: Protect\n|-damage|p1b: Flutter Mane|85\/100 slp\n|-unboost|p1b: Flutter Mane|spe|1\n|cant|p1b: Flutter Mane|slp\n|move|p2b: Amoonguss|Pollen Puff|p2a: Iron Bundle\n|-heal|p2a: Iron Bundle|69\/100\n|\n|upkeep\n|turn|8\n|\n|t:|1701145080\n|switch|p1a: Pawmot|Pawmot, L50, M|44\/100\n|move|p2a: Iron Bundle|Freeze-Dry|p1a: Pawmot\n|-damage|p1a: Pawmot|0 fnt\n|faint|p1a: Pawmot\n|-curestatus|p1b: Flutter Mane|slp|[msg]\n|move|p1b: Flutter Mane|Moonblast|p2a: Iron Bundle\n|-damage|p2a: Iron Bundle|0 fnt\n|faint|p2a: Iron Bundle\n|-end|p2a: Iron Bundle|Quark Drive|[silent]\n|cant|p2b: Amoonguss|par\n|\n|upkeep\n|l|\u203dniganmahhh\n|player|p2|\n|inactive|Battle timer is ON: inactive players will automatically lose when time's up. (requested by Zaharri)\n|inactive|niganmahhh has 30 seconds to reconnect!\n|inactive|niganmahhh has 20 seconds to reconnect!\n|inactive|niganmahhh has 15 seconds to reconnect!\n|inactive|niganmahhh has 10 seconds to reconnect!\n|inactive|niganmahhh has 5 seconds to reconnect!\n|-message|niganmahhh lost due to inactivity.\n|\n|win|Zaharri\n|raw|Zaharri's rating: 1040 &rarr; <strong>1070<\/strong><br \/>(+30 for winning)\n|raw|niganmahhh's rating: 1000 &rarr; <strong>1000<\/strong><br \/>(+0 for losing)\n","uploadtime":1701145251,"views":27,"p1id":"zaharri","p2id":"niganmahhh","formatid":"gen9vgc2023regulatione","rating":1000,"private":0,"password":""}