{"id":"gen9vgc2023regulatione-1996567565","p1":"SOLOLUMINEONING","p2":"Tempest brute","format":"[Gen 9] VGC 2023 Regulation E","log":"|j|\u2606SOLOLUMINEONING\n|j|\u2606Tempest brute\n|t:|1700695192\n|gametype|doubles\n|player|p1|SOLOLUMINEONING|burglar|1715\n|player|p2|Tempest brute|veteran|1667\n|teamsize|p1|6\n|teamsize|p2|6\n|gen|9\n|tier|[Gen 9] VGC 2023 Regulation E\n|rated|\n|rule|Species Clause: Limit one of each Pok\u00e9mon\n|rule|Item Clause: Limit one of each item\n|clearpoke\n|poke|p1|Regidrago, L50|\n|poke|p1|Tornadus, L50, M|\n|poke|p1|Urshifu-*, L50, M|\n|poke|p1|Rillaboom, L50, M|\n|poke|p1|Gholdengo, L50|\n|poke|p1|Ogerpon-Hearthflame, L50, F|\n|poke|p2|Iron Valiant, L50|\n|poke|p2|Ting-Lu, L50|\n|poke|p2|Ogerpon-Hearthflame, L50, F|\n|poke|p2|Rotom-Wash, L50|\n|poke|p2|Gholdengo, L50|\n|poke|p2|Dragonite, L50, M|\n|teampreview|4\n|inactive|Battle timer is ON: inactive players will automatically lose when time's up. (requested by SOLOLUMINEONING)\n|c|\u2606SOLOLUMINEONING|hello\n|inactive|SOLOLUMINEONING has 60 seconds left.\n|inactive|Tempest brute has 60 seconds left.\n|inactive|SOLOLUMINEONING has 30 seconds left.\n|inactive|Tempest brute has 30 seconds left.\n|inactive|SOLOLUMINEONING has 20 seconds left.\n|inactive|Tempest brute has 20 seconds left.\n|inactive|Tempest brute has 15 seconds left.\n|\n|t:|1700695272\n|start\n|switch|p1a: Jay Baruchel|Tornadus, L50, M, shiny|100\/100\n|switch|p1b: Robert Downey Jr.|Gholdengo, L50, shiny|100\/100\n|switch|p2a: Iron Valiant|Iron Valiant, L50|100\/100\n|switch|p2b: Dynapult|Dragonite, L50, M|100\/100\n|-enditem|p2a: Iron Valiant|Booster Energy\n|-activate|p2a: Iron Valiant|ability: Quark Drive|[fromitem]\n|-start|p2a: Iron Valiant|quarkdrivespe\n|turn|1\n|\n|t:|1700695284\n|-terastallize|p1b: Robert Downey Jr.|Steel\n|move|p2a: Iron Valiant|Protect|p2a: Iron Valiant\n|-singleturn|p2a: Iron Valiant|Protect\n|move|p1a: Jay Baruchel|Tailwind|p1a: Jay Baruchel\n|-sidestart|p1: SOLOLUMINEONING|move: Tailwind\n|move|p1b: Robert Downey Jr.|Make It Rain|p2b: Dynapult|[spread] p2b\n|-activate|p2a: Iron Valiant|move: Protect\n|-damage|p2b: Dynapult|76\/100\n|-unboost|p1b: Robert Downey Jr.|spa|1\n|move|p2b: Dynapult|Stomping Tantrum|p1b: Robert Downey Jr.\n|-supereffective|p1b: Robert Downey Jr.\n|-damage|p1b: Robert Downey Jr.|55\/100\n|\n|upkeep\n|turn|2\n|\n|t:|1700695299\n|-end|p2a: Iron Valiant|Quark Drive|[silent]\n|switch|p2a: Gholdengo|Gholdengo, L50|100\/100\n|move|p1a: Jay Baruchel|Icy Wind|p2a: Gholdengo|[spread] p2a,p2b\n|-resisted|p2a: Gholdengo\n|-supereffective|p2b: Dynapult\n|-damage|p2a: Gholdengo|96\/100\n|-damage|p2b: Dynapult|49\/100\n|-unboost|p2a: Gholdengo|spe|1\n|-unboost|p2b: Dynapult|spe|1\n|move|p1b: Robert Downey Jr.|Make It Rain|p2a: Gholdengo|[spread] p2a,p2b\n|-resisted|p2a: Gholdengo\n|-damage|p2a: Gholdengo|72\/100\n|-damage|p2b: Dynapult|15\/100\n|-unboost|p1b: Robert Downey Jr.|spa|1\n|move|p2b: Dynapult|Stomping Tantrum|p1b: Robert Downey Jr.\n|-supereffective|p1b: Robert Downey Jr.\n|-damage|p1b: Robert Downey Jr.|14\/100\n|\n|upkeep\n|turn|3\n|inactive|SOLOLUMINEONING has 30 seconds left.\n|\n|t:|1700695333\n|switch|p1b: Brandon Jackson|Ogerpon-Hearthflame, L50, F|100\/100\n|-ability|p1b: Brandon Jackson|Mold Breaker\n|move|p2a: Gholdengo|Protect|p2a: Gholdengo\n|-singleturn|p2a: Gholdengo|Protect\n|move|p2b: Dynapult|Extreme Speed|p1b: Brandon Jackson\n|-crit|p1b: Brandon Jackson\n|-damage|p1b: Brandon Jackson|65\/100\n|move|p1a: Jay Baruchel|Bleakwind Storm|p2a: Gholdengo|[spread] p2b\n|-activate|p2a: Gholdengo|move: Protect\n|-damage|p2b: Dynapult|0 fnt\n|faint|p2b: Dynapult\n|\n|upkeep\n|\n|t:|1700695335\n|switch|p2b: Ogerpon|Ogerpon-Hearthflame, L50, F|100\/100\n|-ability|p2b: Ogerpon|Mold Breaker\n|turn|4\n|inactive|SOLOLUMINEONING has 30 seconds left.\n|inactive|SOLOLUMINEONING has 20 seconds left.\n|inactive|SOLOLUMINEONING has 15 seconds left.\n|\n|t:|1700695379\n|-terastallize|p2b: Ogerpon|Fire\n|detailschange|p2b: Ogerpon|Ogerpon-Hearthflame-Tera, L50, F, tera:Fire\n|-ability|p2b: Ogerpon|Embody Aspect (Hearthflame)|boost\n|-boost|p2b: Ogerpon|atk|1\n|move|p1a: Jay Baruchel|Bleakwind Storm|p2a: Gholdengo|[spread] p2a,p2b\n|-resisted|p2a: Gholdengo\n|-damage|p2a: Gholdengo|58\/100\n|-damage|p2b: Ogerpon|69\/100\n|-unboost|p2a: Gholdengo|spe|1\n|move|p1b: Brandon Jackson|Ivy Cudgel|p2b: Ogerpon|[anim] Ivy Cudgel Fire\n|-resisted|p2b: Ogerpon\n|-damage|p2b: Ogerpon|40\/100\n|move|p2b: Ogerpon|Ivy Cudgel|p1a: Jay Baruchel|[anim] Ivy Cudgel Fire\n|-enditem|p1a: Jay Baruchel|Focus Sash\n|-damage|p1a: Jay Baruchel|1\/100\n|move|p2a: Gholdengo|Make It Rain|p1b: Brandon Jackson|[spread] p1a,p1b\n|-resisted|p1b: Brandon Jackson\n|-damage|p1a: Jay Baruchel|0 fnt\n|-damage|p1b: Brandon Jackson|44\/100\n|-unboost|p2a: Gholdengo|spa|1\n|faint|p1a: Jay Baruchel\n|\n|-sideend|p1: SOLOLUMINEONING|move: Tailwind\n|upkeep\n|\n|t:|1700695403\n|switch|p1a: Tom Cruise|Regidrago, L50|100\/100\n|turn|5\n|\n|t:|1700695406\n|move|p2b: Ogerpon|Spiky Shield|p2b: Ogerpon\n|-singleturn|p2b: Ogerpon|move: Protect\n|move|p1b: Brandon Jackson|Follow Me|p1b: Brandon Jackson\n|-singleturn|p1b: Brandon Jackson|move: Follow Me\n|move|p1a: Tom Cruise|Dragon Energy|p2b: Ogerpon|[spread] p2a\n|-activate|p2b: Ogerpon|move: Protect\n|-resisted|p2a: Gholdengo\n|-damage|p2a: Gholdengo|22\/100\n|move|p2a: Gholdengo|Make It Rain|p1a: Tom Cruise|[spread] p1a,p1b\n|-resisted|p1b: Brandon Jackson\n|-crit|p1b: Brandon Jackson\n|-damage|p1a: Tom Cruise|73\/100\n|-damage|p1b: Brandon Jackson|14\/100\n|-unboost|p2a: Gholdengo|spa|1\n|\n|upkeep\n|turn|6\n|\n|t:|1700695414\n|move|p2b: Ogerpon|Spiky Shield||[still]\n|-fail|p2b: Ogerpon\n|move|p1b: Brandon Jackson|Follow Me|p1b: Brandon Jackson\n|-singleturn|p1b: Brandon Jackson|move: Follow Me\n|move|p1a: Tom Cruise|Dragon Energy|p2a: Gholdengo|[spread] p2a,p2b\n|-resisted|p2a: Gholdengo\n|-damage|p2a: Gholdengo|0 fnt\n|-damage|p2b: Ogerpon|0 fnt\n|faint|p2a: Gholdengo\n|faint|p2b: Ogerpon\n|\n|upkeep\n|\n|t:|1700695420\n|switch|p2b: Iron Valiant|Iron Valiant, L50|100\/100\n|turn|7\n|\n|t:|1700695431\n|move|p1b: Brandon Jackson|Spiky Shield|p1b: Brandon Jackson\n|-singleturn|p1b: Brandon Jackson|move: Protect\n|move|p2b: Iron Valiant|Spirit Break|p1b: Brandon Jackson\n|-activate|p1b: Brandon Jackson|move: Protect\n|-damage|p2b: Iron Valiant|88\/100|[from] Spiky Shield|[of] p1b: Brandon Jackson\n|move|p1a: Tom Cruise|Earth Power|p2b: Iron Valiant\n|-damage|p2b: Iron Valiant|50\/100\n|\n|upkeep\n|turn|8\n|-message|Tempest brute forfeited.\n|\n|win|SOLOLUMINEONING\n|raw|SOLOLUMINEONING's rating: 1715 &rarr; <strong>1732<\/strong><br \/>(+17 for winning)\n|raw|Tempest brute's rating: 1667 &rarr; <strong>1650<\/strong><br \/>(-17 for losing)\n|l|\u2606Tempest brute\n","uploadtime":1700695445,"views":31,"p1id":"sololumineoning","p2id":"tempestbrute","formatid":"gen9vgc2023regulatione","rating":1650,"private":0,"password":""}