{"id":"gen9vgc2023regulatione-1993494079","p1":"verylonelysole","p2":"emiya1.0","format":"[Gen 9] VGC 2023 Regulation E","log":"|j|\u2606verylonelysole\n|j|\u2606emiya1.0\n|t:|1700324557\n|gametype|doubles\n|player|p1|verylonelysole|bruno|1177\n|player|p2|emiya1.0|swimmerf-gen4dp|1127\n|teamsize|p1|6\n|teamsize|p2|6\n|gen|9\n|tier|[Gen 9] VGC 2023 Regulation E\n|rated|\n|rule|Species Clause: Limit one of each Pok\u00e9mon\n|rule|Item Clause: Limit one of each item\n|clearpoke\n|poke|p1|Dusclops, L50, F|\n|poke|p1|Ursaluna-Bloodmoon, L50, M|\n|poke|p1|Iron Hands, L50|\n|poke|p1|Landorus-Therian, L50, M|\n|poke|p1|Iron Bundle, L50|\n|poke|p1|Cresselia, L50, F|\n|poke|p2|Scream Tail, L50|\n|poke|p2|Ogerpon-Hearthflame, L50, F|\n|poke|p2|Chien-Pao, L50|\n|poke|p2|Flutter Mane, L50|\n|poke|p2|Indeedee-F, L50, F|\n|poke|p2|Empoleon, L50, F|\n|teampreview|4\nemiya1.0 has agreed to open team sheets.\n|inactive|Battle timer is ON: inactive players will automatically lose when time's up. (requested by emiya1.0)\n|\n|t:|1700324613\n|start\n|switch|p1a: Iron Hands|Iron Hands, L50, shiny|100\/100\n|switch|p1b: Cresselia|Cresselia, L50, F|100\/100\n|switch|p2a: Chien-Pao|Chien-Pao, L50|100\/100\n|switch|p2b: Ogerpon|Ogerpon-Hearthflame, L50, F|100\/100\n|-ability|p2a: Chien-Pao|Sword of Ruin\n|-ability|p2b: Ogerpon|Mold Breaker\n|turn|1\n|inactive|verylonelysole has 30 seconds left.\n|\n|t:|1700324644\n|move|p1a: Iron Hands|Fake Out|p2b: Ogerpon\n|-damage|p2b: Ogerpon|81\/100\n|move|p2a: Chien-Pao|Crunch|p1b: Cresselia\n|-supereffective|p1b: Cresselia\n|-damage|p1b: Cresselia|9\/100\n|-damage|p2a: Chien-Pao|91\/100|[from] item: Life Orb\n|cant|p2b: Ogerpon|flinch\n|move|p1b: Cresselia|Trick Room|p1b: Cresselia\n|-fieldstart|move: Trick Room|[of] p1b: Cresselia\n|\n|upkeep\n|turn|2\n|inactive|verylonelysole has 30 seconds left.\n|\n|t:|1700324670\n|switch|p1b: Landorus|Landorus-Therian, L50, M|100\/100\n|-ability|p1b: Landorus|Intimidate|boost\n|-unboost|p2a: Chien-Pao|atk|1\n|-unboost|p2b: Ogerpon|atk|1\n|-terastallize|p2a: Chien-Pao|Poison\n|move|p2a: Chien-Pao|Ice Shard|p1b: Landorus\n|-supereffective|p1b: Landorus\n|-damage|p1b: Landorus|0 fnt\n|faint|p1b: Landorus\n|-damage|p2a: Chien-Pao|82\/100|[from] item: Life Orb\n|move|p1a: Iron Hands|Drain Punch|p2b: Ogerpon\n|-damage|p2b: Ogerpon|25\/100\n|move|p2b: Ogerpon|Ivy Cudgel|p1a: Iron Hands|[anim] Ivy Cudgel Fire\n|-damage|p1a: Iron Hands|70\/100\n|\n|upkeep\n|inactive|verylonelysole has 30 seconds left.\n|\n|t:|1700324700\n|switch|p1b: Cresselia|Cresselia, L50, F|9\/100\n|turn|3\n|\n|t:|1700324712\n|switch|p2b: Flutter Mane|Flutter Mane, L50|100\/100\n|move|p2a: Chien-Pao|Ice Shard|p1b: Cresselia\n|-damage|p1b: Cresselia|0 fnt\n|faint|p1b: Cresselia\n|-damage|p2a: Chien-Pao|72\/100|[from] item: Life Orb\n|move|p1a: Iron Hands|Swords Dance|p1a: Iron Hands\n|-boost|p1a: Iron Hands|atk|2\n|\n|upkeep\n|\n|t:|1700324723\n|switch|p1b: Ursaluna|Ursaluna-Bloodmoon, L50, M|100\/100\n|turn|4\n|\n|t:|1700324740\n|-end|p2b: Flutter Mane|Protosynthesis|[silent]\n|switch|p2b: Indeedee|Indeedee-F, L50, F|100\/100\n|-fieldstart|move: Psychic Terrain|[from] ability: Psychic Surge|[of] p2b: Indeedee\n|move|p1a: Iron Hands|Thunder Punch|p2b: Indeedee\n|-damage|p2b: Indeedee|10\/100\n|-damage|p1a: Iron Hands|54\/100|[from] item: Rocky Helmet|[of] p2b: Indeedee\n|move|p1b: Ursaluna|Blood Moon|p2a: Chien-Pao\n|-damage|p2a: Chien-Pao|0 fnt\n|faint|p2a: Chien-Pao\n|\n|upkeep\n|\n|t:|1700324752\n|switch|p2a: Ogerpon|Ogerpon-Hearthflame, L50, F|25\/100\n|-ability|p2a: Ogerpon|Mold Breaker\n|turn|5\n|\n|t:|1700324763\n|move|p2a: Ogerpon|Spiky Shield|p2a: Ogerpon\n|-singleturn|p2a: Ogerpon|move: Protect\n|move|p1a: Iron Hands|Drain Punch|p2a: Ogerpon\n|-activate|p2a: Ogerpon|move: Protect\n|-damage|p1a: Iron Hands|41\/100|[from] Spiky Shield|[of] p2a: Ogerpon\n|-enditem|p1a: Iron Hands|Sitrus Berry|[eat]\n|-heal|p1a: Iron Hands|66\/100|[from] item: Sitrus Berry\n|move|p1b: Ursaluna|Hyper Voice|p2a: Ogerpon|[spread] p2b\n|-activate|p2a: Ogerpon|move: Protect\n|-damage|p2b: Indeedee|0 fnt\n|faint|p2b: Indeedee\n|-enditem|p1b: Ursaluna|Throat Spray\n|-boost|p1b: Ursaluna|spa|1|[from] item: Throat Spray\n|\n|-fieldend|move: Trick Room\n|upkeep\n|\n|t:|1700324774\n|switch|p2b: Flutter Mane|Flutter Mane, L50|100\/100\n|turn|6\n|\n|t:|1700324796\n|-terastallize|p1a: Iron Hands|Fairy\n|move|p1b: Ursaluna|Protect|p1b: Ursaluna\n|-singleturn|p1b: Ursaluna|Protect\n|move|p2b: Flutter Mane|Moonblast|p1a: Iron Hands\n|-damage|p1a: Iron Hands|16\/100\n|move|p2a: Ogerpon|Horn Leech|p1b: Ursaluna\n|-activate|p1b: Ursaluna|move: Protect\n|move|p1a: Iron Hands|Drain Punch|p2a: Ogerpon\n|-damage|p2a: Ogerpon|0 fnt\n|-heal|p1a: Iron Hands|25\/100|[from] drain|[of] p2a: Ogerpon\n|faint|p2a: Ogerpon\n|\n|upkeep\n|turn|7\n|-message|emiya1.0 forfeited.\n|\n|win|verylonelysole\n|raw|verylonelysole's rating: 1177 &rarr; <strong>1198<\/strong><br \/>(+21 for winning)\n|raw|emiya1.0's rating: 1127 &rarr; <strong>1106<\/strong><br \/>(-21 for losing)\n|l|\u2606emiya1.0\n","uploadtime":1700324817,"views":8,"p1id":"verylonelysole","p2id":"emiya10","formatid":"gen9vgc2023regulatione","rating":1106,"private":0,"password":""}