{"id":"gen9vgc2023regulatione-1993311163","p1":"Hisuo","p2":"rennui-","format":"[Gen 9] VGC 2023 Regulation E","log":"|j|\u2606Hisuo\n|j|\u2606rennui-\n|t:|1700295679\n|gametype|doubles\n|player|p1|Hisuo|1|1619\n|player|p2|rennui-|erika|1605\n|teamsize|p1|6\n|teamsize|p2|6\n|gen|9\n|tier|[Gen 9] VGC 2023 Regulation E\n|rated|\n|rule|Species Clause: Limit one of each Pok\u00e9mon\n|rule|Item Clause: Limit one of each item\n|clearpoke\n|poke|p1|Volcarona, L50, M|\n|poke|p1|Landorus-Therian, L50, M|\n|poke|p1|Azumarill, L50, F|\n|poke|p1|Rillaboom, L50, F|\n|poke|p1|Gholdengo, L50|\n|poke|p1|Chien-Pao, L50|\n|poke|p2|Flutter Mane, L50|\n|poke|p2|Chi-Yu, L50|\n|poke|p2|Torkoal, L50, M|\n|poke|p2|Ogerpon-Wellspring, L50, F|\n|poke|p2|Farigiraf, L50, M|\n|poke|p2|Iron Hands, L50|\n|teampreview|4\nrennui- has agreed to open team sheets.\n|\n|t:|1700295722\n|start\n|switch|p1a: Volcarona|Volcarona, L50, M|100\/100\n|switch|p1b: Gholdengo|Gholdengo, L50|100\/100\n|switch|p2a: Iron Hands|Iron Hands, L50|100\/100\n|switch|p2b: Chi-Yu|Chi-Yu, L50|100\/100\n|-ability|p2b: Chi-Yu|Beads of Ruin\n|turn|1\n|\n|t:|1700295744\n|-terastallize|p1b: Gholdengo|Dragon\n|move|p2a: Iron Hands|Fake Out|p1a: Volcarona\n|-damage|p1a: Volcarona|82\/100\n|-damage|p2a: Iron Hands|84\/100|[from] item: Rocky Helmet|[of] p1a: Volcarona\n|move|p2b: Chi-Yu|Heat Wave|p1a: Volcarona|[spread] p1b\n|-miss|p2b: Chi-Yu|p1a: Volcarona\n|-resisted|p1b: Gholdengo\n|-damage|p1b: Gholdengo|67\/100\n|-damage|p2b: Chi-Yu|91\/100|[from] item: Life Orb\n|cant|p1a: Volcarona|flinch\n|move|p1b: Gholdengo|Nasty Plot|p1b: Gholdengo\n|-boost|p1b: Gholdengo|spa|2\n|\n|-heal|p1b: Gholdengo|73\/100|[from] item: Leftovers\n|upkeep\n|turn|2\n|\n|t:|1700295777\n|move|p1b: Gholdengo|Protect|p1b: Gholdengo\n|-singleturn|p1b: Gholdengo|Protect\n|move|p2b: Chi-Yu|Dark Pulse|p1b: Gholdengo\n|-activate|p1b: Gholdengo|move: Protect\n|move|p1a: Volcarona|Struggle Bug|p2a: Iron Hands|[spread] p2a,p2b\n|-resisted|p2a: Iron Hands\n|-damage|p2a: Iron Hands|77\/100\n|-damage|p2b: Chi-Yu|71\/100\n|-unboost|p2a: Iron Hands|spa|1\n|-unboost|p2b: Chi-Yu|spa|1\n|move|p2a: Iron Hands|Drain Punch|p1a: Volcarona\n|-resisted|p1a: Volcarona\n|-damage|p1a: Volcarona|60\/100\n|-heal|p2a: Iron Hands|85\/100|[from] drain|[of] p1a: Volcarona\n|-damage|p2a: Iron Hands|69\/100|[from] item: Rocky Helmet|[of] p1a: Volcarona\n|\n|-heal|p1b: Gholdengo|79\/100|[from] item: Leftovers\n|upkeep\n|turn|3\n|\n|t:|1700295801\n|move|p2b: Chi-Yu|Overheat|p1a: Volcarona\n|-damage|p1a: Volcarona|0 fnt\n|-unboost|p2b: Chi-Yu|spa|2\n|faint|p1a: Volcarona\n|-damage|p2b: Chi-Yu|62\/100|[from] item: Life Orb\n|move|p1b: Gholdengo|Make It Rain|p2a: Iron Hands|[spread] p2a,p2b\n|-resisted|p2a: Iron Hands\n|-resisted|p2b: Chi-Yu\n|-damage|p2a: Iron Hands|30\/100\n|-damage|p2b: Chi-Yu|18\/100\n|-unboost|p1b: Gholdengo|spa|1\n|move|p2a: Iron Hands|Drain Punch|p1b: Gholdengo\n|-damage|p1b: Gholdengo|35\/100\n|-heal|p2a: Iron Hands|45\/100|[from] drain|[of] p1b: Gholdengo\n|\n|-heal|p1b: Gholdengo|41\/100|[from] item: Leftovers\n|upkeep\n|\n|t:|1700295817\n|switch|p1a: Azumarill|Azumarill, L50, F|100\/100\n|turn|4\n|\n|t:|1700295828\n|move|p2b: Chi-Yu|Protect|p2b: Chi-Yu\n|-singleturn|p2b: Chi-Yu|Protect\n|move|p1b: Gholdengo|Shadow Ball|p2b: Chi-Yu\n|-activate|p2b: Chi-Yu|move: Protect\n|move|p2a: Iron Hands|Wild Charge|p1a: Azumarill\n|-supereffective|p1a: Azumarill\n|-damage|p1a: Azumarill|0 fnt\n|faint|p1a: Azumarill\n|-damage|p2a: Iron Hands|27\/100|[from] Recoil\n|\n|-heal|p1b: Gholdengo|47\/100|[from] item: Leftovers\n|upkeep\n|\n|t:|1700295839\n|switch|p1a: Rillaboom|Rillaboom, L50, F|100\/100\n|-fieldstart|move: Grassy Terrain|[from] ability: Grassy Surge|[of] p1a: Rillaboom\n|turn|5\n|\n|t:|1700295853\n|move|p1a: Rillaboom|Grassy Glide|p2b: Chi-Yu\n|-resisted|p2b: Chi-Yu\n|-damage|p2b: Chi-Yu|0 fnt\n|faint|p2b: Chi-Yu\n|move|p1b: Gholdengo|Shadow Ball|p2a: Iron Hands\n|-damage|p2a: Iron Hands|0 fnt\n|faint|p2a: Iron Hands\n|-end|p2a: Iron Hands|Quark Drive|[silent]\n|\n|-heal|p1b: Gholdengo|53\/100|[from] Grassy Terrain\n|-heal|p1b: Gholdengo|59\/100|[from] item: Leftovers\n|upkeep\n|\n|t:|1700295856\n|switch|p2b: Flutter Mane|Flutter Mane, L50|100\/100\n|switch|p2a: Ogerpon|Ogerpon-Wellspring, L50, F|100\/100\n|turn|6\n|\n|t:|1700295864\n|-terastallize|p2b: Flutter Mane|Fairy\n|move|p1b: Gholdengo|Protect|p1b: Gholdengo\n|-singleturn|p1b: Gholdengo|Protect\n|move|p2a: Ogerpon|Follow Me|p2a: Ogerpon\n|-singleturn|p2a: Ogerpon|move: Follow Me\n|move|p2b: Flutter Mane|Dazzling Gleam|p1b: Gholdengo|[spread] p1a\n|-activate|p1b: Gholdengo|move: Protect\n|-damage|p1a: Rillaboom|49\/100\n|move|p1a: Rillaboom|Wood Hammer|p2a: Ogerpon\n|-damage|p2a: Ogerpon|24\/100\n|-damage|p1a: Rillaboom|26\/100|[from] Recoil\n|\n|-heal|p2a: Ogerpon|30\/100|[from] Grassy Terrain\n|-heal|p1b: Gholdengo|64\/100|[from] Grassy Terrain\n|-heal|p1b: Gholdengo|70\/100|[from] item: Leftovers\n|-heal|p1a: Rillaboom|32\/100|[from] Grassy Terrain\n|upkeep\n|turn|7\n|\n|t:|1700295884\n|move|p2a: Ogerpon|Follow Me|p2a: Ogerpon\n|-singleturn|p2a: Ogerpon|move: Follow Me\n|move|p1a: Rillaboom|Grassy Glide|p2a: Ogerpon\n|-damage|p2a: Ogerpon|0 fnt\n|faint|p2a: Ogerpon\n|move|p2b: Flutter Mane|Dazzling Gleam|p1a: Rillaboom|[spread] p1a,p1b\n|-supereffective|p1b: Gholdengo\n|-damage|p1a: Rillaboom|0 fnt\n|-damage|p1b: Gholdengo|0 fnt\n|faint|p1a: Rillaboom\n|faint|p1b: Gholdengo\n|\n|win|rennui-\n|raw|Hisuo's rating: 1619 &rarr; <strong>1598<\/strong><br \/>(-21 for losing)\n|raw|rennui-'s rating: 1605 &rarr; <strong>1626<\/strong><br \/>(+21 for winning)\n","uploadtime":1700295897,"views":20,"p1id":"hisuo","p2id":"rennui","formatid":"gen9vgc2023regulatione","rating":1598,"private":0,"password":""}