{"id":"gen9vgc2023regulatione-1993298010","p1":"ling wong sin","p2":"Beastyshadow13","format":"[Gen 9] VGC 2023 Regulation E","log":"|j|\u2606ling wong sin\n|j|\u2606Beastyshadow13\n|t:|1700292946\n|gametype|doubles\n|player|p1|ling wong sin|rood|1110\n|player|p2|Beastyshadow13|veteran|1168\n|teamsize|p1|6\n|teamsize|p2|6\n|gen|9\n|tier|[Gen 9] VGC 2023 Regulation E\n|rated|\n|rule|Species Clause: Limit one of each Pok\u00e9mon\n|rule|Item Clause: Limit one of each item\n|clearpoke\n|poke|p1|Kommo-o, L50, F|\n|poke|p1|Clefairy, L50, F|\n|poke|p1|Iron Hands, L50|\n|poke|p1|Ambipom, L50, M|\n|poke|p1|Infernape, L50, M|\n|poke|p1|Sinistcha, L50|\n|poke|p2|Tinkaton, L50, F|\n|poke|p2|Grafaiai, L50, M|\n|poke|p2|Rillaboom, L50, F|\n|poke|p2|Tornadus, L50, M|\n|poke|p2|Sneasler, L50, M|\n|poke|p2|Enamorus, L50, F|\n|teampreview|4\n|inactive|Battle timer is ON: inactive players will automatically lose when time's up. (requested by ling wong sin)\nling wong sin rejected open team sheets.\n|\n|t:|1700292979\n|start\n|switch|p1a: Kommo-o|Kommo-o, L50, F|100\/100\n|switch|p1b: Clefairy|Clefairy, L50, F|100\/100\n|switch|p2a: Enamorus|Enamorus, L50, F|100\/100\n|switch|p2b: Grafaiai|Grafaiai, L50, M|100\/100\n|turn|1\n|\n|t:|1700293000\n|move|p2a: Enamorus|Protect|p2a: Enamorus\n|-singleturn|p2a: Enamorus|Protect\n|move|p1b: Clefairy|Follow Me|p1b: Clefairy\n|-singleturn|p1b: Clefairy|move: Follow Me\n|move|p1a: Kommo-o|Clangorous Soul|p1a: Kommo-o\n|-boost|p1a: Kommo-o|atk|1\n|-boost|p1a: Kommo-o|def|1\n|-boost|p1a: Kommo-o|spa|1\n|-boost|p1a: Kommo-o|spd|1\n|-boost|p1a: Kommo-o|spe|1\n|-damage|p1a: Kommo-o|68\/100\n|-enditem|p1a: Kommo-o|Throat Spray\n|-boost|p1a: Kommo-o|spa|1|[from] item: Throat Spray\n|move|p2b: Grafaiai|Gunk Shot|p1b: Clefairy\n|-supereffective|p1b: Clefairy\n|-damage|p1b: Clefairy|36\/100\n|\n|upkeep\n|turn|2\n|inactive|ling wong sin has 30 seconds left.\n|\n|t:|1700293027\n|switch|p2a: Tinkaton|Tinkaton, L50, F|100\/100\n|-terastallize|p1a: Kommo-o|Steel\n|move|p1b: Clefairy|Helping Hand|p1a: Kommo-o\n|-singleturn|p1a: Kommo-o|Helping Hand|[of] p1b: Clefairy\n|move|p1a: Kommo-o|Flash Cannon|p2a: Tinkaton\n|-damage|p2a: Tinkaton|2\/100\n|move|p2b: Grafaiai|Gunk Shot|p1b: Clefairy|[miss]\n|-miss|p2b: Grafaiai|p1b: Clefairy\n|\n|upkeep\n|turn|3\n|\n|t:|1700293045\n|move|p2a: Tinkaton|Protect|p2a: Tinkaton\n|-singleturn|p2a: Tinkaton|Protect\n|move|p1a: Kommo-o|Clanging Scales|p2b: Grafaiai|[spread] p2b\n|-activate|p2a: Tinkaton|move: Protect\n|-damage|p2b: Grafaiai|35\/100\n|-unboost|p1a: Kommo-o|def|1\n|move|p2b: Grafaiai|Gunk Shot|p1b: Clefairy\n|-supereffective|p1b: Clefairy\n|-crit|p1b: Clefairy\n|-damage|p1b: Clefairy|0 fnt\n|faint|p1b: Clefairy\n|\n|upkeep\n|\n|t:|1700293062\n|switch|p1b: Monke|Ambipom, L50, M, shiny|100\/100\n|turn|4\n|\n|t:|1700293082\n|move|p1b: Monke|Fake Out|p2a: Tinkaton\n|-resisted|p2a: Tinkaton\n|-damage|p2a: Tinkaton|0 fnt\n|faint|p2a: Tinkaton\n|move|p2b: Grafaiai|Parting Shot|p1a: Kommo-o\n|-unboost|p1a: Kommo-o|atk|1\n|-unboost|p1a: Kommo-o|spa|1\n|\n|t:|1700293089\n|switch|p2b: Enamorus|Enamorus, L50, F|100\/100|[from] Parting Shot\n|move|p1a: Kommo-o|Clanging Scales|p2b: Enamorus\n|-immune|p2b: Enamorus\n|\n|upkeep\n|\n|t:|1700293093\n|switch|p2a: Tornadus|Tornadus, L50, M|100\/100\n|turn|5\n|\n|t:|1700293106\n|-terastallize|p2b: Enamorus|Water\n|move|p2a: Tornadus|Tailwind|p2a: Tornadus\n|-sidestart|p2: Beastyshadow13|move: Tailwind\n|move|p2b: Enamorus|Superpower|p1a: Kommo-o\n|-supereffective|p1a: Kommo-o\n|-damage|p1a: Kommo-o|0 fnt\n|-boost|p2b: Enamorus|atk|1\n|-boost|p2b: Enamorus|def|1\n|faint|p1a: Kommo-o\n|move|p1b: Monke|Thunder Wave|p2a: Tornadus|[miss]\n|-miss|p1b: Monke|p2a: Tornadus\n|\n|upkeep\n|\n|t:|1700293117\n|switch|p1a: Infernape|Infernape, L50, M|100\/100\n|turn|6\n|\n|t:|1700293131\n|move|p2a: Tornadus|Bleakwind Storm|p1b: Monke|[spread] p1a,p1b\n|-supereffective|p1a: Infernape\n|-damage|p1a: Infernape|10\/100\n|-damage|p1b: Monke|48\/100\n|move|p2b: Enamorus|Superpower|p1b: Monke\n|-supereffective|p1b: Monke\n|-damage|p1b: Monke|0 fnt\n|-boost|p2b: Enamorus|atk|1\n|-boost|p2b: Enamorus|def|1\n|faint|p1b: Monke\n|move|p1a: Infernape|Thunder Punch|p2b: Enamorus\n|-supereffective|p2b: Enamorus\n|-damage|p2b: Enamorus|40\/100\n|\n|upkeep\n|turn|7\n|\n|t:|1700293146\n|move|p2a: Tornadus|Bleakwind Storm|p1a: Infernape|[miss]\n|-miss|p2a: Tornadus|p1a: Infernape\n|move|p2b: Enamorus|Zen Headbutt|p1a: Infernape\n|-supereffective|p1a: Infernape\n|-damage|p1a: Infernape|0 fnt\n|faint|p1a: Infernape\n|\n|win|Beastyshadow13\n|raw|ling wong sin's rating: 1110 &rarr; <strong>1089<\/strong><br \/>(-21 for losing)\n|raw|Beastyshadow13's rating: 1168 &rarr; <strong>1189<\/strong><br \/>(+21 for winning)\n|c|\u2606ling wong sin|pure luck\n|l|\u2606ling wong sin\n","uploadtime":1700293227,"views":7,"p1id":"lingwongsin","p2id":"beastyshadow13","formatid":"gen9vgc2023regulatione","rating":1089,"private":0,"password":""}