{"id":"gen9vgc2023regulatione-1989058962","p1":"Pokeclem_HS","p2":"Juan El Macho","format":"[Gen 9] VGC 2023 Regulation E","log":"|j|\u2606Pokeclem_HS\n|j|\u2606Juan El Macho\n|t:|1699807623\n|gametype|doubles\n|player|p1|Pokeclem_HS|steven|1192\n|player|p2|Juan El Macho|ruinmaniac|1215\n|teamsize|p1|6\n|teamsize|p2|6\n|gen|9\n|tier|[Gen 9] VGC 2023 Regulation E\n|rated|\n|rule|Species Clause: Limit one of each Pok\u00e9mon\n|rule|Item Clause: Limit one of each item\n|clearpoke\n|poke|p1|Armarouge, L50, M|\n|poke|p1|Indeedee-F, L50, F|\n|poke|p1|Ursaluna-Bloodmoon, L50, M|\n|poke|p1|Chien-Pao, L50|\n|poke|p1|Urshifu-*, L50, M|\n|poke|p1|Amoonguss, L50, F|\n|poke|p2|Dragapult, L50, M|\n|poke|p2|Arcanine-Hisui, L50, M|\n|poke|p2|Rillaboom, L50, M|\n|poke|p2|Urshifu-*, L50, M|\n|poke|p2|Tornadus, L50, M|\n|poke|p2|Kingambit, L50, M|\n|teampreview|4\n|inactive|Battle timer is ON: inactive players will automatically lose when time's up. (requested by Pokeclem_HS)\n|\n|t:|1699807708\n|start\n|switch|p1a: fonte d\u00e9 glass|Chien-Pao, L50|100\/100\n|switch|p1b: Kakashi sensei|Urshifu-Rapid-Strike, L50, M|100\/100\n|switch|p2a: Kingambit|Kingambit, L50, M, shiny|100\/100\n|switch|p2b: Arcanine|Arcanine-Hisui, L50, M|100\/100\n|-ability|p1a: fonte d\u00e9 glass|Sword of Ruin\n|-ability|p2b: Arcanine|Intimidate|boost\n|-unboost|p1a: fonte d\u00e9 glass|atk|1\n|-unboost|p1b: Kakashi sensei|atk|1\n|turn|1\n|inactive|Pokeclem_HS has 30 seconds left.\n|inactive|Juan El Macho has 30 seconds left.\n|inactive|Juan El Macho has 20 seconds left.\n|inactive|Juan El Macho has 15 seconds left.\n|inactive|Juan El Macho has 10 seconds left.\n|inactive|Juan El Macho has 5 seconds left.\n|\n|t:|1699807759\n|switch|p2a: Rillaboom|Rillaboom, L50, M, shiny|100\/100\n|-fieldstart|move: Grassy Terrain|[from] ability: Grassy Surge|[of] p2a: Rillaboom\n|-terastallize|p2b: Arcanine|Fire\n|move|p1a: fonte d\u00e9 glass|Protect|p1a: fonte d\u00e9 glass\n|-singleturn|p1a: fonte d\u00e9 glass|Protect\n|move|p1b: Kakashi sensei|Close Combat|p2a: Rillaboom\n|-damage|p2a: Rillaboom|43\/100\n|-unboost|p1b: Kakashi sensei|def|1\n|-unboost|p1b: Kakashi sensei|spd|1\n|move|p2b: Arcanine|Rock Slide|p1a: fonte d\u00e9 glass|[spread] \n|-activate|p1a: fonte d\u00e9 glass|move: Protect\n|-miss|p2b: Arcanine|p1b: Kakashi sensei\n|\n|-heal|p2a: Rillaboom|48\/100|[from] Grassy Terrain\n|upkeep\n|turn|2\n|inactive|Pokeclem_HS has 30 seconds left.\n|inactive|Juan El Macho has 30 seconds left.\n|inactive|Juan El Macho has 20 seconds left.\n|inactive|Juan El Macho has 15 seconds left.\n|\n|t:|1699807799\n|switch|p1b: SUS|Amoonguss, L50, F, shiny|100\/100\n|switch|p1a: plantation|Indeedee-F, L50, F|100\/100\n|-fieldstart|move: Psychic Terrain|[from] ability: Psychic Surge|[of] p1a: plantation\n|move|p2a: Rillaboom|Fake Out|p1a: plantation\n|-activate|p1a: plantation|move: Psychic Terrain\n|move|p2b: Arcanine|Rock Slide|p1a: plantation|[spread] p1a,p1b\n|-damage|p1a: plantation|56\/100\n|-damage|p1b: SUS|55\/100\n|\n|upkeep\n|turn|3\n|inactive|Pokeclem_HS has 30 seconds left.\n|inactive|Juan El Macho has 30 seconds left.\n|inactive|Juan El Macho has 20 seconds left.\n|\n|t:|1699807836\n|move|p1a: plantation|Follow Me|p1a: plantation\n|-singleturn|p1a: plantation|move: Follow Me\n|move|p2b: Arcanine|Rock Slide|p1b: SUS|[spread] p1a,p1b\n|-damage|p1a: plantation|6\/100\n|-damage|p1b: SUS|14\/100\n|-enditem|p1b: SUS|Sitrus Berry|[eat]\n|-heal|p1b: SUS|38\/100|[from] item: Sitrus Berry\n|move|p2a: Rillaboom|Wood Hammer|p1a: plantation\n|-damage|p1a: plantation|0 fnt\n|-damage|p2a: Rillaboom|32\/100|[from] item: Rocky Helmet|[of] p1a: plantation\n|faint|p1a: plantation\n|-damage|p2a: Rillaboom|30\/100|[from] Recoil\n|move|p1b: SUS|Spore|p2b: Arcanine\n|-status|p2b: Arcanine|slp|[from] move: Spore\n|\n|upkeep\n|\n|t:|1699807854\n|switch|p1a: fonte d\u00e9 glass|Chien-Pao, L50|100\/100\n|-ability|p1a: fonte d\u00e9 glass|Sword of Ruin\n|turn|4\n|inactive|Pokeclem_HS has 30 seconds left.\n|inactive|Pokeclem_HS has 20 seconds left.\n|\n|t:|1699807892\n|switch|p1a: Kakashi sensei|Urshifu-Rapid-Strike, L50, M|100\/100\n|switch|p2a: Kingambit|Kingambit, L50, M, shiny|100\/100\n|cant|p2b: Arcanine|slp\n|move|p1b: SUS|Spore|p2a: Kingambit\n|-status|p2a: Kingambit|slp|[from] move: Spore\n|\n|upkeep\n|turn|5\n|inactive|Juan El Macho has 30 seconds left.\n|\n|t:|1699807927\n|switch|p1b: fonte d\u00e9 glass|Chien-Pao, L50|100\/100\n|-ability|p1b: fonte d\u00e9 glass|Sword of Ruin\n|move|p1a: Kakashi sensei|Surging Strikes|p2b: Arcanine\n|-supereffective|p2b: Arcanine\n|-crit|p2b: Arcanine\n|-damage|p2b: Arcanine|33\/100 slp\n|-supereffective|p2b: Arcanine\n|-crit|p2b: Arcanine\n|-damage|p2b: Arcanine|0 fnt\n|faint|p2b: Arcanine\n|-hitcount|p2: Arcanine|2\n|cant|p2a: Kingambit|slp\n|\n|upkeep\n|\n|t:|1699807950\n|switch|p2b: Tornadus|Tornadus, L50, M, shiny|100\/100\n|turn|6\n|inactive|Juan El Macho has 30 seconds left.\n|inactive|Juan El Macho has 20 seconds left.\n|\n|t:|1699807987\n|-terastallize|p1a: Kakashi sensei|Water\n|move|p1a: Kakashi sensei|Surging Strikes|p2a: Kingambit\n|-crit|p2a: Kingambit\n|-damage|p2a: Kingambit|72\/100 slp\n|-crit|p2a: Kingambit\n|-damage|p2a: Kingambit|45\/100 slp\n|-crit|p2a: Kingambit\n|-damage|p2a: Kingambit|16\/100 slp\n|-hitcount|p2a: Kingambit|3\n|move|p1b: fonte d\u00e9 glass|Icicle Crash|p2b: Tornadus\n|-supereffective|p2b: Tornadus\n|-damage|p2b: Tornadus|0 fnt\n|faint|p2b: Tornadus\n|cant|p2a: Kingambit|slp\n|\n|-fieldend|move: Psychic Terrain\n|upkeep\n|\n|t:|1699808003\n|switch|p2b: Rillaboom|Rillaboom, L50, M, shiny|30\/100\n|-fieldstart|move: Grassy Terrain|[from] ability: Grassy Surge|[of] p2b: Rillaboom\n|turn|7\n|\n|t:|1699808020\n|move|p1a: Kakashi sensei|Surging Strikes|p2a: Kingambit\n|-crit|p2a: Kingambit\n|-damage|p2a: Kingambit|0 fnt\n|faint|p2a: Kingambit\n|-hitcount|p2: Kingambit|1\n|move|p1b: fonte d\u00e9 glass|Icicle Crash|p2b: Rillaboom|[miss]\n|-miss|p1b: fonte d\u00e9 glass|p2b: Rillaboom\n|move|p2b: Rillaboom|Wood Hammer|p1a: Kakashi sensei\n|-supereffective|p1a: Kakashi sensei\n|-damage|p1a: Kakashi sensei|0 fnt\n|faint|p1a: Kakashi sensei\n|-damage|p2b: Rillaboom|2\/100|[from] Recoil\n|\n|-heal|p2b: Rillaboom|8\/100|[from] Grassy Terrain\n|upkeep\n|\n|t:|1699808033\n|switch|p1a: SUS|Amoonguss, L50, F, shiny|72\/100\n|turn|8\n|-message|Juan El Macho forfeited.\n|\n|win|Pokeclem_HS\n|raw|Pokeclem_HS's rating: 1192 &rarr; <strong>1219<\/strong><br \/>(+27 for winning)\n|raw|Juan El Macho's rating: 1215 &rarr; <strong>1188<\/strong><br \/>(-27 for losing)\n|l|\u2606Juan El Macho\n","uploadtime":1699808051,"views":21,"p1id":"pokeclemhs","p2id":"juanelmacho","formatid":"gen9vgc2023regulatione","rating":1188,"private":0,"password":""}