{"id":"gen9vgc2023regulatione-2000522576","p1":"CrimsonLeonidas","p2":"TheRealMuney","format":"[Gen 9] VGC 2023 Regulation E","log":"|j|\u2606CrimsonLeonidas\n|j|\u2606TheRealMuney\n|t:|1701201953\n|gametype|doubles\n|player|p1|CrimsonLeonidas|hilbert|1186\n|player|p2|TheRealMuney|ghetsis|1084\n|teamsize|p1|6\n|teamsize|p2|6\n|gen|9\n|tier|[Gen 9] VGC 2023 Regulation E\n|rated|\n|rule|Species Clause: Limit one of each Pok\u00e9mon\n|rule|Item Clause: Limit one of each item\n|clearpoke\n|poke|p1|Sneasler, L50, M|\n|poke|p1|Indeedee-F, L50, F|\n|poke|p1|Armarouge, L50, F|\n|poke|p1|Urshifu-*, L50, M|\n|poke|p1|Chien-Pao, L50|\n|poke|p1|Tornadus, L50, M|\n|poke|p2|Iron Hands, L50|\n|poke|p2|Ogerpon-Wellspring, L50, F|\n|poke|p2|Chien-Pao, L50|\n|poke|p2|Sinistcha, L50|\n|poke|p2|Landorus-Therian, L50, M|\n|poke|p2|Articuno-Galar, L50|\n|teampreview|4\n|\n|t:|1701201971\n|start\n|switch|p1a: Urshifu|Urshifu-Rapid-Strike, L50, M|100\/100\n|switch|p1b: Armarouge|Armarouge, L50, F|100\/100\n|switch|p2a: Articuno|Articuno-Galar, L50, shiny|100\/100\n|switch|p2b: Landorus|Landorus-Therian, L50, M|100\/100\n|-ability|p2b: Landorus|Intimidate|boost\n|-unboost|p1a: Urshifu|atk|1\n|-unboost|p1b: Armarouge|atk|1\n|turn|1\n|inactive|Battle timer is ON: inactive players will automatically lose when time's up. (requested by CrimsonLeonidas)\n|\n|t:|1701201993\n|move|p1a: Urshifu|U-turn|p1b: Armarouge\n|-damage|p1b: Armarouge|82\/100\n|-ability|p1b: Armarouge|Weak Armor|boost\n|-unboost|p1b: Armarouge|def|1\n|-boost|p1b: Armarouge|spe|2\n|\n|t:|1701201999\n|switch|p1a: Indeedee|Indeedee-F, L50, F|100\/100|[from] U-turn\n|-fieldstart|move: Psychic Terrain|[from] ability: Psychic Surge|[of] p1a: Indeedee\n|move|p1b: Armarouge|Expanding Force|p2a: Articuno|[spread] p2a,p2b\n|-resisted|p2a: Articuno\n|-damage|p2a: Articuno|82\/100\n|-damage|p2b: Landorus|32\/100\n|move|p2b: Landorus|U-turn|p1b: Armarouge\n|-damage|p1b: Armarouge|29\/100\n|-ability|p1b: Armarouge|Weak Armor|boost\n|-unboost|p1b: Armarouge|def|1\n|-boost|p1b: Armarouge|spe|2\n|\n|t:|1701202012\n|switch|p2b: Sinistcha|Sinistcha, L50|100\/100|[from] U-turn\n|-heal|p2a: Articuno|100\/100|[from] ability: Hospitality|[of] p2b: Sinistcha\n|move|p2a: Articuno|Freezing Glare|p1a: Indeedee\n|-resisted|p1a: Indeedee\n|-damage|p1a: Indeedee|83\/100\n|-status|p1a: Indeedee|frz\n|\n|upkeep\n|turn|2\n|\n|t:|1701202026\n|cant|p1a: Indeedee|frz\n|move|p1b: Armarouge|Armor Cannon|p2b: Sinistcha\n|-supereffective|p2b: Sinistcha\n|-damage|p2b: Sinistcha|0 fnt\n|-unboost|p1b: Armarouge|def|1\n|-unboost|p1b: Armarouge|spd|1\n|faint|p2b: Sinistcha\n|move|p2a: Articuno|Trick Room|p2a: Articuno\n|-fieldstart|move: Trick Room|[of] p2a: Articuno\n|\n|upkeep\n|\n|t:|1701202032\n|switch|p2b: Landorus|Landorus-Therian, L50, M|32\/100\n|-ability|p2b: Landorus|Intimidate|boost\n|-unboost|p1a: Indeedee|atk|1\n|-unboost|p1b: Armarouge|atk|1\n|turn|3\n|\n|t:|1701202043\n|move|p1b: Armarouge|Wide Guard|p1b: Armarouge\n|-singleturn|p1b: Armarouge|Wide Guard\n|cant|p1a: Indeedee|frz\n|move|p2a: Articuno|Light Screen|p2a: Articuno\n|-sidestart|p2: TheRealMuney|move: Light Screen\n|move|p2b: Landorus|Rock Slide|p1a: Indeedee|[spread] \n|-activate|p1a: Indeedee|move: Wide Guard\n|-activate|p1b: Armarouge|move: Wide Guard\n|\n|upkeep\n|turn|4\n|\n|t:|1701202059\n|move|p2a: Articuno|Reflect|p2a: Articuno\n|-sidestart|p2: TheRealMuney|Reflect\n|cant|p1a: Indeedee|frz\n|move|p2b: Landorus|Rock Slide|p1a: Indeedee|[spread] p1a,p1b\n|-supereffective|p1b: Armarouge\n|-damage|p1a: Indeedee|58\/100 frz\n|-damage|p1b: Armarouge|0 fnt\n|faint|p1b: Armarouge\n|\n|upkeep\n|\n|t:|1701202067\n|switch|p1b: Sneasler|Sneasler, L50, M|100\/100\n|-enditem|p1b: Sneasler|Psychic Seed\n|-boost|p1b: Sneasler|spd|1|[from] item: Psychic Seed\n|turn|5\n|\n|t:|1701202083\n|-terastallize|p1b: Sneasler|Rock\n|cant|p1a: Indeedee|frz\n|move|p2a: Articuno|Freezing Glare|p1b: Sneasler\n|-damage|p1b: Sneasler|64\/100\n|-status|p1b: Sneasler|frz\n|move|p2b: Landorus|Rock Slide|p1b: Sneasler|[spread] p1a,p1b\n|-damage|p1a: Indeedee|32\/100 frz\n|-damage|p1b: Sneasler|30\/100 frz\n|cant|p1b: Sneasler|frz\n|\n|-fieldend|move: Psychic Terrain\n|upkeep\n|turn|6\n|-message|CrimsonLeonidas forfeited.\n|\n|win|TheRealMuney\n|raw|CrimsonLeonidas's rating: 1186 &rarr; <strong>1154<\/strong><br \/>(-32 for losing)\n|raw|TheRealMuney's rating: 1084 &rarr; <strong>1119<\/strong><br \/>(+35 for winning)\n|l|\u2606CrimsonLeonidas\n","uploadtime":1701202126,"views":3,"p1id":"crimsonleonidas","p2id":"therealmuney","formatid":"gen9vgc2023regulatione","rating":1119,"private":0,"password":""}