{"id":"gen9vgc2023regulatione-1992376208","p1":"j1m13o","p2":"Dragonking-Blue","format":"[Gen 9] VGC 2023 Regulation E","log":"|j|\u2606j1m13o\n|j|\u2606Dragonking-Blue\n|t:|1700180417\n|gametype|doubles\n|player|p1|j1m13o|2|1105\n|player|p2|Dragonking-Blue|ethan-gen2|1143\n|teamsize|p1|6\n|teamsize|p2|6\n|gen|9\n|tier|[Gen 9] VGC 2023 Regulation E\n|rated|\n|rule|Species Clause: Limit one of each Pok\u00e9mon\n|rule|Item Clause: Limit one of each item\n|clearpoke\n|poke|p1|Dragonite, L50, M|\n|poke|p1|Regieleki, L50|\n|poke|p1|Politoed, L50, M|\n|poke|p1|Gothitelle, L50, F|\n|poke|p1|Shiftry, L50, F|\n|poke|p1|Coalossal, L50, F|\n|poke|p2|Tyranitar, L50, M|\n|poke|p2|Gastrodon, L50, F|\n|poke|p2|Oranguru, L50, F|\n|poke|p2|Glimmora, L50, F|\n|poke|p2|Salazzle, L50, F|\n|poke|p2|Ursaluna-Bloodmoon, L50, M|\n|teampreview|4\n|inactive|Battle timer is ON: inactive players will automatically lose when time's up. (requested by Dragonking-Blue)\n|inactive|j1m13o has 60 seconds left.\n|inactive|Dragonking-Blue has 60 seconds left.\n|\n|t:|1700180453\n|start\n|switch|p1a: Shiftry|Shiftry, L50, F|100\/100\n|switch|p1b: Politoed|Politoed, L50, M|100\/100\n|switch|p2a: sand blaster|Tyranitar, L50, M|100\/100\n|switch|p2b: Gastrodon|Gastrodon, L50, F|100\/100\n|-weather|RainDance|[from] ability: Drizzle|[of] p1b: Politoed\n|-weather|Sandstorm|[from] ability: Sand Stream|[of] p2a: sand blaster\n|turn|1\n|inactive|Dragonking-Blue has 30 seconds left.\n|inactive|Dragonking-Blue has 20 seconds left.\n|inactive|Dragonking-Blue has 15 seconds left.\n|inactive|Dragonking-Blue has 10 seconds left.\n|inactive|Dragonking-Blue has 5 seconds left.\n|\n|t:|1700180503\n|move|p1b: Politoed|Protect|p1b: Politoed\n|-singleturn|p1b: Politoed|Protect\n|move|p1a: Shiftry|Tailwind|p1a: Shiftry\n|-sidestart|p1: j1m13o|move: Tailwind\n|-ability|p1a: Shiftry|Wind Rider|boost\n|-boost|p1a: Shiftry|atk|1\n|move|p2a: sand blaster|High Horsepower|p1a: Shiftry|[miss]\n|-miss|p2a: sand blaster|p1a: Shiftry\n|move|p2b: Gastrodon|Icy Wind|p1a: Shiftry|[spread] \n|-activate|p1b: Politoed|move: Protect\n|-ability|p1a: Shiftry|Wind Rider|boost\n|-boost|p1a: Shiftry|atk|1\n|\n|-weather|Sandstorm|[upkeep]\n|-damage|p1a: Shiftry|94\/100|[from] Sandstorm\n|-damage|p1b: Politoed|94\/100|[from] Sandstorm\n|upkeep\n|turn|2\n|inactive|j1m13o has 30 seconds left.\n|inactive|j1m13o has 20 seconds left.\n|inactive|j1m13o has 15 seconds left.\n|inactive|j1m13o has 10 seconds left.\n|inactive|j1m13o has 5 seconds left.\n|\n|t:|1700180555\n|switch|p1b: Gothitelle|Gothitelle, L50, F|100\/100\n|move|p1a: Shiftry|Leaf Storm|p2a: sand blaster\n|-supereffective|p2a: sand blaster\n|-damage|p2a: sand blaster|43\/100\n|-unboost|p1a: Shiftry|spa|2\n|move|p2a: sand blaster|Foul Play|p1a: Shiftry\n|-resisted|p1a: Shiftry\n|-damage|p1a: Shiftry|54\/100\n|move|p2b: Gastrodon|Earth Power|p1b: Gothitelle\n|-damage|p1b: Gothitelle|59\/100\n|\n|-weather|Sandstorm|[upkeep]\n|-damage|p1a: Shiftry|48\/100|[from] Sandstorm\n|-damage|p1b: Gothitelle|53\/100|[from] Sandstorm\n|upkeep\n|turn|3\n|\n|t:|1700180578\n|switch|p1a: Politoed|Politoed, L50, M|94\/100\n|-weather|RainDance|[from] ability: Drizzle|[of] p1a: Politoed\n|-terastallize|p2a: sand blaster|Electric\n|move|p1b: Gothitelle|Fake Out|p2a: sand blaster\n|-damage|p2a: sand blaster|38\/100\n|cant|p2a: sand blaster|flinch\n|move|p2b: Gastrodon|Earth Power|p1a: Politoed\n|-damage|p1a: Politoed|65\/100\n|\n|-weather|RainDance|[upkeep]\n|upkeep\n|turn|4\n|inactive|j1m13o has 30 seconds left.\n|inactive|j1m13o has 20 seconds left.\n|inactive|j1m13o has 15 seconds left.\n|inactive|j1m13o has 10 seconds left.\n|inactive|j1m13o has 5 seconds left.\n|\n|t:|1700180629\n|move|p1b: Gothitelle|Heal Pulse|p1a: Politoed\n|-heal|p1a: Politoed|100\/100\n|move|p1a: Politoed|Perish Song|p1a: Politoed\n|-start|p1a: Politoed|perish3|[silent]\n|-start|p1b: Gothitelle|perish3|[silent]\n|-start|p2a: sand blaster|perish3|[silent]\n|-start|p2b: Gastrodon|perish3|[silent]\n|-fieldactivate|move: Perish Song\n|move|p2a: sand blaster|Thunder|p1a: Politoed\n|-supereffective|p1a: Politoed\n|-damage|p1a: Politoed|25\/100\n|move|p2b: Gastrodon|Rock Slide|p1a: Politoed|[spread] p1a,p1b\n|-damage|p1a: Politoed|13\/100\n|-damage|p1b: Gothitelle|41\/100\n|-enditem|p1b: Gothitelle|Sitrus Berry|[eat]\n|-heal|p1b: Gothitelle|65\/100|[from] item: Sitrus Berry\n|\n|-weather|RainDance|[upkeep]\n|-start|p1b: Gothitelle|perish3\n|-start|p1a: Politoed|perish3\n|-start|p2a: sand blaster|perish3\n|-start|p2b: Gastrodon|perish3\n|-sideend|p1: j1m13o|move: Tailwind\n|upkeep\n|turn|5\n|inactive|j1m13o has 30 seconds left.\n|inactive|Dragonking-Blue has 30 seconds left.\n|inactive|j1m13o has 20 seconds left.\n|\n|t:|1700180665\n|switch|p1a: Shiftry|Shiftry, L50, F|48\/100\n|move|p1b: Gothitelle|Protect|p1b: Gothitelle\n|-singleturn|p1b: Gothitelle|Protect\n|move|p2a: sand blaster|Power Gem|p1a: Shiftry\n|-damage|p1a: Shiftry|0 fnt\n|faint|p1a: Shiftry\n|move|p2b: Gastrodon|Chilling Water|p1b: Gothitelle\n|-activate|p1b: Gothitelle|move: Protect\n|\n|-weather|RainDance|[upkeep]\n|-start|p1b: Gothitelle|perish2\n|-start|p2a: sand blaster|perish2\n|-start|p2b: Gastrodon|perish2\n|upkeep\n|\n|t:|1700180681\n|switch|p1a: Politoed|Politoed, L50, M|13\/100\n|turn|6\n|inactive|j1m13o has 30 seconds left.\n|inactive|j1m13o has 20 seconds left.\n|\n|t:|1700180717\n|move|p1b: Gothitelle|Heal Pulse|p1a: Politoed\n|-heal|p1a: Politoed|63\/100\n|move|p1a: Politoed|Ice Beam|p2b: Gastrodon\n|-damage|p2b: Gastrodon|81\/100\n|move|p2a: sand blaster|Thunder|p1b: Gothitelle\n|-damage|p1b: Gothitelle|26\/100\n|-status|p1b: Gothitelle|par\n|move|p2b: Gastrodon|Earth Power|p1b: Gothitelle\n|-damage|p1b: Gothitelle|0 fnt\n|faint|p1b: Gothitelle\n|\n|-weather|RainDance|[upkeep]\n|-start|p2a: sand blaster|perish1\n|-start|p2b: Gastrodon|perish1\n|upkeep\n|\n|t:|1700180731\n|switch|p1b: Dragonite|Dragonite, L50, M|100\/100\n|turn|7\n|inactive|j1m13o has 30 seconds left.\n|\n|t:|1700180765\n|switch|p2b: Oranguru|Oranguru, L50, F, shiny|100\/100\n|move|p1b: Dragonite|Outrage|p2a: sand blaster\n|-damage|p2a: sand blaster|0 fnt\n|faint|p2a: sand blaster\n|-damage|p1b: Dragonite|91\/100|[from] item: Life Orb\n|move|p1a: Politoed|Hydro Pump|p2b: Oranguru|[miss]\n|-miss|p1a: Politoed|p2b: Oranguru\n|\n|-weather|RainDance|[upkeep]\n|upkeep\n|\n|t:|1700180787\n|switch|p2a: Ursaluna|Ursaluna-Bloodmoon, L50, M|100\/100\n|turn|8\n|\n|t:|1700180797\n|move|p1b: Dragonite|Outrage|p2b: Oranguru|[from]lockedmove\n|-damage|p2b: Oranguru|13\/100\n|-damage|p1b: Dragonite|81\/100|[from] item: Life Orb\n|-start|p1b: Dragonite|confusion|[fatigue]\n|move|p1a: Politoed|Hydro Pump|p2a: Ursaluna\n|-supereffective|p2a: Ursaluna\n|-damage|p2a: Ursaluna|0 fnt\n|faint|p2a: Ursaluna\n|move|p2b: Oranguru|Instruct|p2: Ursaluna|[notarget]\n|-fail|p2b: Oranguru\n|\n|-weather|RainDance|[upkeep]\n|upkeep\n|\n|t:|1700180806\n|switch|p2a: Gastrodon|Gastrodon, L50, F|81\/100\n|turn|9\n|\n|t:|1700180821\n|-activate|p1b: Dragonite|confusion\n|move|p1b: Dragonite|Extreme Speed|p2a: Gastrodon\n|-damage|p2a: Gastrodon|38\/100\n|-damage|p1b: Dragonite|72\/100|[from] item: Life Orb\n|move|p1a: Politoed|Ice Beam|p2b: Oranguru\n|-damage|p2b: Oranguru|0 fnt\n|faint|p2b: Oranguru\n|move|p2a: Gastrodon|Icy Wind|p1a: Politoed|[spread] p1a,p1b\n|-resisted|p1a: Politoed\n|-supereffective|p1b: Dragonite\n|-damage|p1a: Politoed|59\/100\n|-damage|p1b: Dragonite|19\/100\n|-unboost|p1a: Politoed|spe|1\n|-unboost|p1b: Dragonite|spe|1\n|\n|-weather|RainDance|[upkeep]\n|upkeep\n|turn|10\n|\n|t:|1700180838\n|-activate|p1b: Dragonite|confusion\n|move|p1b: Dragonite|Extreme Speed|p2a: Gastrodon\n|-damage|p2a: Gastrodon|0 fnt\n|faint|p2a: Gastrodon\n|-damage|p1b: Dragonite|9\/100|[from] item: Life Orb\n|\n|win|j1m13o\n|raw|j1m13o's rating: 1105 &rarr; <strong>1133<\/strong><br \/>(+28 for winning)\n|raw|Dragonking-Blue's rating: 1143 &rarr; <strong>1115<\/strong><br \/>(-28 for losing)\n|l|\u2606Dragonking-Blue\n","uploadtime":1700180845,"views":14,"p1id":"j1m13o","p2id":"dragonkingblue","formatid":"gen9vgc2023regulatione","rating":1115,"private":0,"password":""}