{"id":"gen9vgc2023regulatione-1988461698","p1":"Kjzrhzk","p2":"GirlGamerNL","format":"[Gen 9] VGC 2023 Regulation E","log":"|j|\u2606Kjzrhzk\n|j|\u2606GirlGamerNL\n|t:|1699725456\n|gametype|doubles\n|player|p1|Kjzrhzk|lance|1000\n|player|p2|GirlGamerNL|lady|1077\n|teamsize|p1|6\n|teamsize|p2|6\n|gen|9\n|tier|[Gen 9] VGC 2023 Regulation E\n|rated|\n|rule|Species Clause: Limit one of each Pok\u00e9mon\n|rule|Item Clause: Limit one of each item\n|clearpoke\n|poke|p1|Flutter Mane, L50|\n|poke|p1|Tornadus, L50, M|\n|poke|p1|Rillaboom, L50, M|\n|poke|p1|Garganacl, L50, M|\n|poke|p1|Arcanine-Hisui, L50, M|\n|poke|p1|Chien-Pao, L50|\n|poke|p2|Cresselia, L50, F|\n|poke|p2|Ursaluna-Bloodmoon, L50, M|\n|poke|p2|Iron Hands, L50|\n|poke|p2|Ogerpon-Wellspring, L50, F|\n|poke|p2|Arcanine-Hisui, L50, M|\n|poke|p2|Flutter Mane, L50|\n|teampreview|4\n|inactive|Battle timer is ON: inactive players will automatically lose when time's up. (requested by GirlGamerNL)\nGirlGamerNL has agreed to open team sheets.\nKjzrhzk has agreed to open team sheets.\n|inactive|Kjzrhzk has 30 seconds left.\n|inactive|Kjzrhzk has 20 seconds left.\n|inactive|Kjzrhzk has 15 seconds left.\n|\n|t:|1699725516\n|start\n|switch|p1a: Rillaboom|Rillaboom, L50, M|100\/100\n|switch|p1b: Garganacl|Garganacl, L50, M|100\/100\n|switch|p2a: Cresselia|Cresselia, L50, F|100\/100\n|switch|p2b: Iron Hands|Iron Hands, L50|100\/100\n|-fieldstart|move: Grassy Terrain|[from] ability: Grassy Surge|[of] p1a: Rillaboom\n|turn|1\n|\n|t:|1699725530\n|-terastallize|p1b: Garganacl|Ghost\n|move|p2a: Cresselia|Helping Hand|p2b: Iron Hands\n|-singleturn|p2b: Iron Hands|Helping Hand|[of] p2a: Cresselia\n|move|p1a: Rillaboom|Fake Out|p2a: Cresselia\n|-damage|p2a: Cresselia|90\/100\n|move|p2b: Iron Hands|Drain Punch|p1b: Garganacl\n|-immune|p1b: Garganacl\n|move|p1b: Garganacl|Salt Cure|p2a: Cresselia\n|-damage|p2a: Cresselia|82\/100\n|-start|p2a: Cresselia|Salt Cure\n|\n|-damage|p2a: Cresselia|70\/100|[from] Salt Cure\n|upkeep\n|turn|2\n|\n|t:|1699725545\n|move|p1a: Rillaboom|Wood Hammer|p2a: Cresselia\n|-damage|p2a: Cresselia|14\/100\n|-damage|p1a: Rillaboom|80\/100|[from] Recoil\n|move|p2b: Iron Hands|Drain Punch|p1a: Rillaboom\n|-damage|p1a: Rillaboom|40\/100\n|move|p1b: Garganacl|Iron Defense|p1b: Garganacl\n|-boost|p1b: Garganacl|def|2\n|move|p2a: Cresselia|Trick Room|p2a: Cresselia\n|-fieldstart|move: Trick Room|[of] p2a: Cresselia\n|\n|-heal|p1a: Rillaboom|45\/100|[from] Grassy Terrain\n|-damage|p2a: Cresselia|2\/100|[from] Salt Cure\n|upkeep\n|turn|3\n|\n|t:|1699725562\n|move|p1a: Rillaboom|Grassy Glide|p2a: Cresselia\n|-damage|p2a: Cresselia|0 fnt\n|faint|p2a: Cresselia\n|move|p1b: Garganacl|Salt Cure|p2b: Iron Hands\n|-resisted|p2b: Iron Hands\n|-damage|p2b: Iron Hands|95\/100\n|-start|p2b: Iron Hands|Salt Cure\n|move|p2b: Iron Hands|Drain Punch|p1a: Rillaboom\n|-damage|p1a: Rillaboom|8\/100\n|-heal|p2b: Iron Hands|100\/100|[from] drain|[of] p1a: Rillaboom\n|\n|-heal|p1a: Rillaboom|14\/100|[from] Grassy Terrain\n|-damage|p2b: Iron Hands|88\/100|[from] Salt Cure\n|upkeep\n|\n|t:|1699725570\n|switch|p2a: Ursaluna|Ursaluna-Bloodmoon, L50, M|100\/100\n|turn|4\n|\n|t:|1699725578\n|move|p1b: Garganacl|Salt Cure|p2a: Ursaluna\n|-resisted|p2a: Ursaluna\n|-damage|p2a: Ursaluna|95\/100\n|-start|p2a: Ursaluna|Salt Cure\n|move|p2a: Ursaluna|Hyper Voice|p1b: Garganacl|[spread] p1a,p1b\n|-damage|p1a: Rillaboom|0 fnt\n|-damage|p1b: Garganacl|77\/100\n|faint|p1a: Rillaboom\n|-enditem|p2a: Ursaluna|Throat Spray\n|-boost|p2a: Ursaluna|spa|1|[from] item: Throat Spray\n|move|p2b: Iron Hands|Drain Punch|p1b: Garganacl\n|-immune|p1b: Garganacl\n|\n|-heal|p1b: Garganacl|83\/100|[from] Grassy Terrain\n|-heal|p2a: Ursaluna|100\/100|[from] Grassy Terrain\n|-heal|p2b: Iron Hands|94\/100|[from] Grassy Terrain\n|-damage|p2a: Ursaluna|88\/100|[from] Salt Cure\n|-damage|p2b: Iron Hands|82\/100|[from] Salt Cure\n|upkeep\n|\n|t:|1699725582\n|switch|p1a: Chien-Pao|Chien-Pao, L50|100\/100\n|-ability|p1a: Chien-Pao|Sword of Ruin\n|turn|5\n|\n|t:|1699725589\n|move|p1b: Garganacl|Protect|p1b: Garganacl\n|-singleturn|p1b: Garganacl|Protect\n|move|p1a: Chien-Pao|Protect|p1a: Chien-Pao\n|-singleturn|p1a: Chien-Pao|Protect\n|move|p2a: Ursaluna|Hyper Voice|p1b: Garganacl|[spread] \n|-activate|p1a: Chien-Pao|move: Protect\n|-activate|p1b: Garganacl|move: Protect\n|move|p2b: Iron Hands|Drain Punch|p1a: Chien-Pao\n|-activate|p1a: Chien-Pao|move: Protect\n|\n|-heal|p1b: Garganacl|89\/100|[from] Grassy Terrain\n|-heal|p2a: Ursaluna|94\/100|[from] Grassy Terrain\n|-heal|p2b: Iron Hands|88\/100|[from] Grassy Terrain\n|-damage|p2a: Ursaluna|82\/100|[from] Salt Cure\n|-damage|p2b: Iron Hands|76\/100|[from] Salt Cure\n|-fieldend|move: Grassy Terrain\n|upkeep\n|turn|6\n|\n|t:|1699725601\n|move|p1a: Chien-Pao|Sucker Punch|p2a: Ursaluna\n|-damage|p2a: Ursaluna|48\/100\n|move|p1b: Garganacl|Recover|p1b: Garganacl\n|-heal|p1b: Garganacl|100\/100\n|move|p2a: Ursaluna|Hyper Voice|p1a: Chien-Pao|[spread] p1a,p1b\n|-damage|p1a: Chien-Pao|17\/100\n|-damage|p1b: Garganacl|67\/100\n|move|p2b: Iron Hands|Drain Punch|p1a: Chien-Pao\n|-supereffective|p1a: Chien-Pao\n|-damage|p1a: Chien-Pao|0 fnt\n|-heal|p2b: Iron Hands|81\/100|[from] drain|[of] p1a: Chien-Pao\n|faint|p1a: Chien-Pao\n|\n|-damage|p2a: Ursaluna|36\/100|[from] Salt Cure\n|-damage|p2b: Iron Hands|69\/100|[from] Salt Cure\n|-fieldend|move: Trick Room\n|upkeep\n|\n|t:|1699725604\n|switch|p1a: Arcanine|Arcanine-Hisui, L50, M|100\/100\n|-ability|p1a: Arcanine|Intimidate|boost\n|-unboost|p2a: Ursaluna|atk|1\n|-unboost|p2b: Iron Hands|atk|1\n|turn|7\n|\n|t:|1699725625\n|move|p1a: Arcanine|Flare Blitz|p2a: Ursaluna\n|-damage|p2a: Ursaluna|0 fnt\n|faint|p2a: Ursaluna\n|-damage|p1a: Arcanine|86\/100|[from] Recoil\n|move|p2b: Iron Hands|Wild Charge|p1b: Garganacl\n|-damage|p1b: Garganacl|54\/100\n|-damage|p2b: Iron Hands|66\/100|[from] Recoil\n|move|p1b: Garganacl|Recover|p1b: Garganacl\n|-heal|p1b: Garganacl|100\/100\n|\n|-damage|p2b: Iron Hands|54\/100|[from] Salt Cure\n|upkeep\n|\n|t:|1699725632\n|switch|p2a: Ogerpon|Ogerpon-Wellspring, L50, F|100\/100\n|turn|8\n|\n|t:|1699725642\n|-terastallize|p2a: Ogerpon|Water\n|detailschange|p2a: Ogerpon|Ogerpon-Wellspring-Tera, L50, F, tera:Water\n|-ability|p2a: Ogerpon|Embody Aspect (Wellspring)|boost\n|-boost|p2a: Ogerpon|spd|1\n|move|p1a: Arcanine|Flare Blitz|p2b: Iron Hands\n|-damage|p2b: Iron Hands|0 fnt\n|faint|p2b: Iron Hands\n|-end|p2b: Iron Hands|Quark Drive|[silent]\n|-damage|p1a: Arcanine|62\/100|[from] Recoil\n|move|p2a: Ogerpon|Ivy Cudgel|p1a: Arcanine\n|-supereffective|p1a: Arcanine\n|-damage|p1a: Arcanine|0 fnt\n|faint|p1a: Arcanine\n|move|p1b: Garganacl|Salt Cure|p2a: Ogerpon\n|-damage|p2a: Ogerpon|86\/100\n|-start|p2a: Ogerpon|Salt Cure\n|\n|-damage|p2a: Ogerpon|61\/100|[from] Salt Cure\n|upkeep\n|turn|9\n|\n|t:|1699725655\n|move|p1b: Garganacl|Protect|p1b: Garganacl\n|-singleturn|p1b: Garganacl|Protect\n|move|p2a: Ogerpon|Ivy Cudgel|p1b: Garganacl\n|-activate|p1b: Garganacl|move: Protect\n|\n|-damage|p2a: Ogerpon|37\/100|[from] Salt Cure\n|upkeep\n|turn|10\n|\n|t:|1699725658\n|move|p2a: Ogerpon|Ivy Cudgel|p1b: Garganacl\n|-damage|p1b: Garganacl|70\/100\n|move|p1b: Garganacl|Recover|p1b: Garganacl\n|-heal|p1b: Garganacl|100\/100\n|\n|-damage|p2a: Ogerpon|12\/100|[from] Salt Cure\n|upkeep\n|turn|11\n|\n|t:|1699725663\n|move|p1b: Garganacl|Protect|p1b: Garganacl\n|-singleturn|p1b: Garganacl|Protect\n|move|p2a: Ogerpon|Horn Leech|p1b: Garganacl\n|-activate|p1b: Garganacl|move: Protect\n|\n|-damage|p2a: Ogerpon|0 fnt|[from] Salt Cure\n|faint|p2a: Ogerpon\n|\n|win|Kjzrhzk\n|upkeep\n|raw|Kjzrhzk's rating: 1000 &rarr; <strong>1049<\/strong><br \/>(+49 for winning)\n|raw|GirlGamerNL's rating: 1077 &rarr; <strong>1051<\/strong><br \/>(-26 for losing)\n","uploadtime":1699725666,"views":12,"p1id":"kjzrhzk","p2id":"girlgamernl","formatid":"gen9vgc2023regulatione","rating":1049,"private":0,"password":""}