{"id":"gen9vgc2023regulatione-1987965805","p1":"Kurepto","p2":"heavenz11","format":"[Gen 9] VGC 2023 Regulation E","log":"|j|\u2606Kurepto\n|j|\u2606heavenz11\n|t:|1699653956\n|gametype|doubles\n|player|p1|Kurepto|2|1124\n|player|p2|heavenz11|swimmer-gen4dp|1230\n|teamsize|p1|6\n|teamsize|p2|6\n|gen|9\n|tier|[Gen 9] VGC 2023 Regulation E\n|rated|\n|rule|Species Clause: Limit one of each Pok\u00e9mon\n|rule|Item Clause: Limit one of each item\n|clearpoke\n|poke|p1|Decidueye-Hisui, L50, M|\n|poke|p1|Hatterene, L50, F|\n|poke|p1|Farigiraf, L50, M|\n|poke|p1|Orthworm, L50, M|\n|poke|p1|Ceruledge, L50, M|\n|poke|p1|Greninja-*, L50, M|\n|poke|p2|Tornadus, L50, M|\n|poke|p2|Urshifu-*, L50, M|\n|poke|p2|Farigiraf, L50, F|\n|poke|p2|Rillaboom, L50, M|\n|poke|p2|Heatran, L50, F|\n|poke|p2|Flutter Mane, L50|\n|teampreview|4\n|\n|t:|1699653995\n|start\n|switch|p1a: Hatterene|Hatterene, L50, F, shiny|100\/100\n|switch|p1b: Orthworm|Orthworm, L50, M, shiny|100\/100\n|switch|p2a: Tornadus|Tornadus, L50, M|100\/100\n|switch|p2b: Rillaboom|Rillaboom, L50, M|100\/100\n|-fieldstart|move: Grassy Terrain|[from] ability: Grassy Surge|[of] p2b: Rillaboom\n|turn|1\n|\n|t:|1699654018\n|move|p2a: Tornadus|Tailwind|p2a: Tornadus\n|-sidestart|p2: heavenz11|move: Tailwind\n|move|p2b: Rillaboom|Wood Hammer|p1a: Hatterene\n|-damage|p1a: Hatterene|0 fnt\n|faint|p1a: Hatterene\n|-damage|p2b: Rillaboom|79\/100|[from] Recoil\n|move|p1b: Orthworm|Iron Defense|p1b: Orthworm\n|-boost|p1b: Orthworm|def|2\n|\n|-heal|p2b: Rillaboom|85\/100|[from] Grassy Terrain\n|upkeep\n|\n|t:|1699654028\n|switch|p1a: Greninja|Greninja, L50, M, shiny|100\/100\n|turn|2\n|\n|t:|1699654056\n|move|p2b: Rillaboom|Grassy Glide|p1a: Greninja\n|-supereffective|p1a: Greninja\n|-damage|p1a: Greninja|0 fnt\n|faint|p1a: Greninja\n|move|p2a: Tornadus|Bleakwind Storm|p1b: Orthworm|[miss]\n|-miss|p2a: Tornadus|p1b: Orthworm\n|move|p1b: Orthworm|Iron Defense|p1b: Orthworm\n|-boost|p1b: Orthworm|def|2\n|\n|-heal|p2b: Rillaboom|91\/100|[from] Grassy Terrain\n|upkeep\n|\n|t:|1699654067\n|switch|p1a: Ceruledge|Ceruledge, L50, M|100\/100\n|turn|3\n|\n|t:|1699654091\n|move|p2a: Tornadus|Rain Dance|p2a: Tornadus\n|-weather|RainDance\n|move|p2b: Rillaboom|U-turn|p1a: Ceruledge\n|-resisted|p1a: Ceruledge\n|-damage|p1a: Ceruledge|92\/100\n|\n|t:|1699654098\n|switch|p2b: Urshifu|Urshifu-Rapid-Strike, L50, M|100\/100|[from] U-turn\n|move|p1a: Ceruledge|Bitter Blade|p2b: Urshifu\n|-resisted|p2b: Urshifu\n|-damage|p2b: Urshifu|88\/100\n|-heal|p1a: Ceruledge|99\/100|[from] drain|[of] p2b: Urshifu\n|move|p1b: Orthworm|Iron Defense|p1b: Orthworm\n|-boost|p1b: Orthworm|def|2\n|\n|-weather|RainDance|[upkeep]\n|-heal|p2b: Urshifu|94\/100|[from] Grassy Terrain\n|-heal|p1a: Ceruledge|100\/100|[from] Grassy Terrain\n|upkeep\n|turn|4\n|\n|t:|1699654124\n|move|p2b: Urshifu|Surging Strikes|p1a: Ceruledge\n|-supereffective|p1a: Ceruledge\n|-crit|p1a: Ceruledge\n|-enditem|p1a: Ceruledge|Focus Sash\n|-damage|p1a: Ceruledge|1\/100\n|-supereffective|p1a: Ceruledge\n|-crit|p1a: Ceruledge\n|-damage|p1a: Ceruledge|0 fnt\n|faint|p1a: Ceruledge\n|-hitcount|p1: Ceruledge|2\n|move|p2a: Tornadus|Bleakwind Storm|p1b: Orthworm\n|-resisted|p1b: Orthworm\n|-damage|p1b: Orthworm|67\/100\n|move|p1b: Orthworm|Body Press|p2b: Urshifu\n|-damage|p2b: Urshifu|0 fnt\n|faint|p2b: Urshifu\n|\n|-weather|RainDance|[upkeep]\n|-heal|p1b: Orthworm|73\/100|[from] Grassy Terrain\n|-heal|p1b: Orthworm|79\/100|[from] item: Leftovers\n|-sideend|p2: heavenz11|move: Tailwind\n|upkeep\n|\n|t:|1699654141\n|switch|p2b: Rillaboom|Rillaboom, L50, M|91\/100\n|turn|5\n|\n|t:|1699654150\n|move|p2b: Rillaboom|Fake Out|p1b: Orthworm\n|-resisted|p1b: Orthworm\n|-damage|p1b: Orthworm|78\/100\n|move|p2a: Tornadus|Bleakwind Storm|p1b: Orthworm\n|-resisted|p1b: Orthworm\n|-damage|p1b: Orthworm|42\/100\n|cant|p1b: Orthworm|flinch\n|\n|-weather|RainDance|[upkeep]\n|-heal|p2b: Rillaboom|97\/100|[from] Grassy Terrain\n|-heal|p1b: Orthworm|49\/100|[from] Grassy Terrain\n|-heal|p1b: Orthworm|55\/100|[from] item: Leftovers\n|-fieldend|move: Grassy Terrain\n|upkeep\n|turn|6\n|\n|t:|1699654169\n|move|p2a: Tornadus|Bleakwind Storm|p1b: Orthworm\n|-resisted|p1b: Orthworm\n|-crit|p1b: Orthworm\n|-damage|p1b: Orthworm|8\/100\n|move|p2b: Rillaboom|Grassy Glide|p1b: Orthworm\n|-resisted|p1b: Orthworm\n|-damage|p1b: Orthworm|6\/100\n|move|p1b: Orthworm|Body Press|p2a: Tornadus\n|-resisted|p2a: Tornadus\n|-damage|p2a: Tornadus|41\/100\n|\n|-weather|RainDance|[upkeep]\n|-heal|p1b: Orthworm|12\/100|[from] item: Leftovers\n|upkeep\n|turn|7\n|\n|t:|1699654188\n|move|p2a: Tornadus|Bleakwind Storm|p1b: Orthworm\n|-resisted|p1b: Orthworm\n|-damage|p1b: Orthworm|0 fnt\n|faint|p1b: Orthworm\n|\n|win|heavenz11\n|raw|Kurepto's rating: 1124 &rarr; <strong>1106<\/strong><br \/>(-18 for losing)\n|raw|heavenz11's rating: 1230 &rarr; <strong>1248<\/strong><br \/>(+18 for winning)\n|l|\u2606Kurepto\n","uploadtime":1699654199,"views":23,"p1id":"kurepto","p2id":"heavenz11","formatid":"gen9vgc2023regulatione","rating":1106,"private":0,"password":""}