{"id":"gen9vgc2023regulatione-1990114522","p1":"Mashi's","p2":"Soicyyy","format":"[Gen 9] VGC 2023 Regulation E","log":"|j|\u2606Mashi's\n|j|\u2606Soicyyy\n|t:|1699926088\n|gametype|doubles\n|player|p1|Mashi's|lady-gen4|1252\n|player|p2|Soicyyy|2|1218\n|teamsize|p1|6\n|teamsize|p2|6\n|gen|9\n|tier|[Gen 9] VGC 2023 Regulation E\n|rated|\n|rule|Species Clause: Limit one of each Pok\u00e9mon\n|rule|Item Clause: Limit one of each item\n|clearpoke\n|poke|p1|Volcarona, L50, F|\n|poke|p1|Goodra-Hisui, L50, F|\n|poke|p1|Vaporeon, L50, F|\n|poke|p1|Slither Wing, L50|\n|poke|p1|Ursaluna, L50, F|\n|poke|p1|Armarouge, L50, F|\n|poke|p2|Iron Hands, L50|\n|poke|p2|Slowbro, L50, M|\n|poke|p2|Sinistcha, L50|\n|poke|p2|Ursaluna, L50, F|\n|poke|p2|Skeledirge, L50, F|\n|poke|p2|Indeedee-F, L50, F|\n|teampreview|4\n|inactive|Battle timer is ON: inactive players will automatically lose when time's up. (requested by Mashi's)\nMashi's has agreed to open team sheets.\n|inactive|Mashi's has 60 seconds left.\n|\n|t:|1699926153\n|start\n|switch|p1a: Slither Wing|Slither Wing, L50|100\/100\n|switch|p1b: Ursaluna|Ursaluna, L50, F|100\/100\n|switch|p2a: Slowbro|Slowbro, L50, M, shiny|100\/100\n|switch|p2b: Iron Hands|Iron Hands, L50, shiny|100\/100\n|turn|1\n|inactive|Mashi's has 30 seconds left.\n|\n|t:|1699926183\n|move|p2b: Iron Hands|Fake Out|p1a: Slither Wing\n|-damage|p1a: Slither Wing|82\/100\n|cant|p1a: Slither Wing|flinch\n|move|p1b: Ursaluna|Shadow Claw|p2a: Slowbro\n|-supereffective|p2a: Slowbro\n|-damage|p2a: Slowbro|67\/100\n|move|p2a: Slowbro|Trick Room|p2a: Slowbro\n|-fieldstart|move: Trick Room|[of] p2a: Slowbro\n|\n|-heal|p2a: Slowbro|73\/100|[from] item: Leftovers\n|-status|p1b: Ursaluna|brn|[from] item: Flame Orb\n|upkeep\n|turn|2\n|inactive|Mashi's has 30 seconds left.\n|inactive|Soicyyy has 30 seconds left.\n|inactive|Soicyyy has 20 seconds left.\n|inactive|Mashi's has 20 seconds left.\n|\n|t:|1699926224\n|move|p2a: Slowbro|Scald|p1b: Ursaluna\n|-supereffective|p1b: Ursaluna\n|-damage|p1b: Ursaluna|64\/100 brn\n|move|p2b: Iron Hands|Thunder Punch|p1a: Slither Wing\n|-damage|p1a: Slither Wing|26\/100\n|move|p1b: Ursaluna|Earthquake|p2b: Iron Hands|[spread] p1a,p2a,p2b\n|-resisted|p1a: Slither Wing\n|-supereffective|p2b: Iron Hands\n|-damage|p1a: Slither Wing|0 fnt\n|-damage|p2a: Slowbro|32\/100\n|-damage|p2b: Iron Hands|19\/100\n|faint|p1a: Slither Wing\n|-end|p1a: Slither Wing|Protosynthesis|[silent]\n|\n|-heal|p2a: Slowbro|38\/100|[from] item: Leftovers\n|-damage|p1b: Ursaluna|58\/100 brn|[from] brn\n|upkeep\n|\n|t:|1699926240\n|switch|p1a: Goodra|Goodra-Hisui, L50, F|100\/100\n|turn|3\n|\n|t:|1699926254\n|switch|p2a: Sinistcha|Sinistcha, L50|100\/100\n|-heal|p2b: Iron Hands|43\/100|[from] ability: Hospitality|[of] p2a: Sinistcha\n|-terastallize|p1b: Ursaluna|Grass\n|move|p1a: Goodra|Protect|p1a: Goodra\n|-singleturn|p1a: Goodra|Protect\n|move|p1b: Ursaluna|Earthquake|p2a: Sinistcha|[spread] p2a,p2b\n|-activate|p1a: Goodra|move: Protect\n|-resisted|p2a: Sinistcha\n|-supereffective|p2b: Iron Hands\n|-damage|p2a: Sinistcha|75\/100\n|-damage|p2b: Iron Hands|0 fnt\n|faint|p2b: Iron Hands\n|-end|p2b: Iron Hands|Quark Drive|[silent]\n|\n|-damage|p1b: Ursaluna|52\/100 brn|[from] brn\n|upkeep\n|\n|t:|1699926270\n|switch|p2b: Ursaluna|Ursaluna, L50, F, shiny|100\/100\n|turn|4\n|inactive|Mashi's has 30 seconds left.\n|inactive|Soicyyy has 30 seconds left.\n|\n|t:|1699926304\n|switch|p2a: Slowbro|Slowbro, L50, M, shiny|71\/100\n|move|p1a: Goodra|Heavy Slam|p2a: Slowbro\n|-resisted|p2a: Slowbro\n|-damage|p2a: Slowbro|58\/100\n|move|p2b: Ursaluna|Close Combat|p1b: Ursaluna\n|-damage|p1b: Ursaluna|14\/100 brn\n|-unboost|p2b: Ursaluna|def|1\n|-unboost|p2b: Ursaluna|spd|1\n|move|p1b: Ursaluna|Shadow Claw|p2a: Slowbro\n|-supereffective|p2a: Slowbro\n|-damage|p2a: Slowbro|6\/100\n|\n|-heal|p2a: Slowbro|12\/100|[from] item: Leftovers\n|-damage|p1b: Ursaluna|8\/100 brn|[from] brn\n|-status|p2b: Ursaluna|brn|[from] item: Flame Orb\n|upkeep\n|turn|5\n|inactive|Mashi's has 30 seconds left.\n|\n|t:|1699926329\n|move|p1b: Ursaluna|Protect|p1b: Ursaluna\n|-singleturn|p1b: Ursaluna|Protect\n|move|p2a: Slowbro|Psychic|p1b: Ursaluna\n|-activate|p1b: Ursaluna|move: Protect\n|move|p1a: Goodra|Body Press|p2b: Ursaluna\n|-supereffective|p2b: Ursaluna\n|-damage|p2b: Ursaluna|55\/100 brn\n|move|p2b: Ursaluna|Close Combat|p1a: Goodra\n|-supereffective|p1a: Goodra\n|-damage|p1a: Goodra|0 fnt\n|-unboost|p2b: Ursaluna|def|1\n|-unboost|p2b: Ursaluna|spd|1\n|faint|p1a: Goodra\n|\n|-heal|p2a: Slowbro|18\/100|[from] item: Leftovers\n|-damage|p2b: Ursaluna|49\/100 brn|[from] brn\n|-damage|p1b: Ursaluna|2\/100 brn|[from] brn\n|-fieldend|move: Trick Room\n|upkeep\n|\n|t:|1699926345\n|switch|p1a: Armarouge|Armarouge, L50, F|100\/100\n|turn|6\n|inactive|Mashi's has 30 seconds left.\n|inactive|Soicyyy has 30 seconds left.\n|inactive|Mashi's has 20 seconds left.\n|inactive|Mashi's has 15 seconds left.\n|\n|t:|1699926387\n|switch|p2a: Sinistcha|Sinistcha, L50|75\/100\n|-heal|p2b: Ursaluna|74\/100 brn|[from] ability: Hospitality|[of] p2a: Sinistcha\n|move|p2b: Ursaluna|Protect|p2b: Ursaluna\n|-singleturn|p2b: Ursaluna|Protect\n|move|p1a: Armarouge|Armor Cannon|p2b: Ursaluna\n|-activate|p2b: Ursaluna|move: Protect\n|move|p1b: Ursaluna|Shadow Claw|p2a: Sinistcha\n|-supereffective|p2a: Sinistcha\n|-damage|p2a: Sinistcha|15\/100\n|-damage|p1b: Ursaluna|0 fnt|[from] item: Rocky Helmet|[of] p2a: Sinistcha\n|faint|p1b: Ursaluna\n|\n|-damage|p2b: Ursaluna|68\/100 brn|[from] brn\n|upkeep\n|turn|7\n|\n|t:|1699926406\n|move|p2a: Sinistcha|Rage Powder|p2a: Sinistcha\n|-singleturn|p2a: Sinistcha|move: Rage Powder\n|move|p1a: Armarouge|Armor Cannon|p2a: Sinistcha\n|-supereffective|p2a: Sinistcha\n|-damage|p2a: Sinistcha|0 fnt\n|-unboost|p1a: Armarouge|def|1\n|-unboost|p1a: Armarouge|spd|1\n|faint|p2a: Sinistcha\n|move|p2b: Ursaluna|Headlong Rush|p1a: Armarouge\n|-supereffective|p1a: Armarouge\n|-damage|p1a: Armarouge|0 fnt\n|-unboost|p2b: Ursaluna|def|1\n|-unboost|p2b: Ursaluna|spd|1\n|faint|p1a: Armarouge\n|\n|win|Soicyyy\n|raw|Mashi&apos;s's rating: 1252 &rarr; <strong>1225<\/strong><br \/>(-27 for losing)\n|raw|Soicyyy's rating: 1218 &rarr; <strong>1245<\/strong><br \/>(+27 for winning)\n|c|\u2606Soicyyy|Gg\n|l|\u2606Mashi's\n","uploadtime":1699926428,"views":16,"p1id":"mashis","p2id":"soicyyy","formatid":"gen9vgc2023regulatione","rating":1225,"private":0,"password":""}