{"id":"gen9vgc2023regulatione-2000498912","p1":"meesterkrebs","p2":"zinvoke","format":"[Gen 9] VGC 2023 Regulation E","log":"|j|\u2606meesterkrebs\n|j|\u2606zinvoke\n|t:|1701199907\n|gametype|doubles\n|player|p1|meesterkrebs|steven|1246\n|player|p2|zinvoke|102|1189\n|teamsize|p1|6\n|teamsize|p2|6\n|gen|9\n|tier|[Gen 9] VGC 2023 Regulation E\n|rated|\n|rule|Species Clause: Limit one of each Pok\u00e9mon\n|rule|Item Clause: Limit one of each item\n|clearpoke\n|poke|p1|Urshifu-*, L50, M|\n|poke|p1|Gholdengo, L50|\n|poke|p1|Arcanine, L50, M|\n|poke|p1|Rillaboom, L50, M|\n|poke|p1|Sableye, L50, F|\n|poke|p1|Iron Bundle, L50|\n|poke|p2|Ninetales-Alola, L50, F|\n|poke|p2|Cetitan, L50, F|\n|poke|p2|Baxcalibur, L50, M|\n|poke|p2|Iron Valiant, L50|\n|poke|p2|Annihilape, L50, M|\n|poke|p2|Heatran, L50, F|\n|teampreview|4\n|inactive|Battle timer is ON: inactive players will automatically lose when time's up. (requested by zinvoke)\n|\n|t:|1701199948\n|start\n|switch|p1a: Sableye|Sableye, L50, F|100\/100\n|switch|p1b: Gholdengo|Gholdengo, L50|100\/100\n|switch|p2a: Ninetales|Ninetales-Alola, L50, F|100\/100\n|switch|p2b: Annihilape|Annihilape, L50, M|100\/100\n|-weather|Snow|[from] ability: Snow Warning|[of] p2a: Ninetales\n|turn|1\n|inactive|meesterkrebs has 30 seconds left.\n|\n|t:|1701199980\n|move|p2a: Ninetales|Protect|p2a: Ninetales\n|-singleturn|p2a: Ninetales|Protect\n|move|p1b: Gholdengo|Protect|p1b: Gholdengo\n|-singleturn|p1b: Gholdengo|Protect\n|move|p1a: Sableye|Will-O-Wisp|p2b: Annihilape\n|-status|p2b: Annihilape|brn\n|move|p2b: Annihilape|Shadow Claw|p1b: Gholdengo\n|-activate|p1b: Gholdengo|move: Protect\n|\n|-weather|Snow|[upkeep]\n|-damage|p2b: Annihilape|95\/100 brn|[from] brn\n|upkeep\n|turn|2\n|\n|t:|1701200002\n|switch|p2b: Iron Valiant|Iron Valiant, L50|100\/100\n|-terastallize|p1b: Gholdengo|Fairy\n|move|p1a: Sableye|Encore|p2a: Ninetales\n|-start|p2a: Ninetales|Encore\n|move|p2a: Ninetales|Protect||[still]\n|-fail|p2a: Ninetales\n|move|p1b: Gholdengo|Nasty Plot|p1b: Gholdengo\n|-boost|p1b: Gholdengo|spa|2\n|\n|-weather|Snow|[upkeep]\n|upkeep\n|turn|3\n|\n|t:|1701200027\n|switch|p2a: Baxcalibur|Baxcalibur, L50, M|100\/100\n|move|p1a: Sableye|Will-O-Wisp|p2b: Iron Valiant\n|-status|p2b: Iron Valiant|brn\n|move|p2b: Iron Valiant|Dazzling Gleam|p1b: Gholdengo|[spread] p1a,p1b\n|-supereffective|p1a: Sableye\n|-enditem|p1a: Sableye|Roseli Berry|[eat]\n|-enditem|p1a: Sableye|Roseli Berry|[weaken]\n|-damage|p1a: Sableye|66\/100\n|-damage|p1b: Gholdengo|72\/100\n|move|p1b: Gholdengo|Dazzling Gleam|p2b: Iron Valiant|[spread] p2a,p2b\n|-supereffective|p2a: Baxcalibur\n|-supereffective|p2b: Iron Valiant\n|-damage|p2a: Baxcalibur|22\/100\n|-enditem|p2b: Iron Valiant|Focus Sash\n|-damage|p2b: Iron Valiant|1\/100 brn\n|\n|-weather|Snow|[upkeep]\n|-heal|p1b: Gholdengo|78\/100|[from] item: Leftovers\n|-damage|p2b: Iron Valiant|0 fnt|[from] brn\n|faint|p2b: Iron Valiant\n|-end|p2b: Iron Valiant|Quark Drive|[silent]\n|upkeep\n|\n|t:|1701200045\n|switch|p2b: Annihilape|Annihilape, L50, M|95\/100 brn\n|turn|4\n|inactive|meesterkrebs has 30 seconds left.\n|\n|t:|1701200079\n|move|p1a: Sableye|Disable||[still]\n|-fail|p1a: Sableye\n|move|p2b: Annihilape|Final Gambit|p1b: Gholdengo\n|-damage|p1b: Gholdengo|0 fnt\n|faint|p2b: Annihilape\n|faint|p1b: Gholdengo\n|move|p2a: Baxcalibur|Glaive Rush|p1a: Sableye\n|-damage|p1a: Sableye|0 fnt\n|-singlemove|p2a: Baxcalibur|Glaive Rush|[silent]\n|faint|p1a: Sableye\n|\n|-weather|Snow|[upkeep]\n|upkeep\n|\n|t:|1701200093\n|switch|p2b: Ninetales|Ninetales-Alola, L50, F|100\/100\n|switch|p1b: Iron Bundle|Iron Bundle, L50|100\/100\n|switch|p1a: Urshifu|Urshifu-Rapid-Strike, L50, M|100\/100\n|-enditem|p1b: Iron Bundle|Booster Energy\n|-activate|p1b: Iron Bundle|ability: Quark Drive|[fromitem]\n|-start|p1b: Iron Bundle|quarkdrivespe\n|turn|5\n|\n|t:|1701200113\n|move|p1b: Iron Bundle|Rain Dance|p1b: Iron Bundle\n|-weather|RainDance\n|move|p2b: Ninetales|Aurora Veil||[still]\n|-fail|p2b: Ninetales\n|move|p2a: Baxcalibur|Glaive Rush|p1b: Iron Bundle\n|-damage|p1b: Iron Bundle|38\/100\n|-singlemove|p2a: Baxcalibur|Glaive Rush|[silent]\n|move|p1a: Urshifu|Surging Strikes|p2b: Ninetales\n|-crit|p2b: Ninetales\n|-damage|p2b: Ninetales|59\/100\n|-crit|p2b: Ninetales\n|-damage|p2b: Ninetales|12\/100\n|-crit|p2b: Ninetales\n|-damage|p2b: Ninetales|0 fnt\n|faint|p2b: Ninetales\n|-hitcount|p2: Ninetales|3\n|\n|-weather|RainDance|[upkeep]\n|upkeep\n|turn|6\n|inactive|meesterkrebs has 30 seconds left.\n|inactive|zinvoke has 30 seconds left.\n|inactive|zinvoke has 20 seconds left.\n|inactive|zinvoke has 15 seconds left.\n|inactive|zinvoke has 10 seconds left.\n|inactive|zinvoke has 5 seconds left.\n|\n|t:|1701200168\n|move|p1b: Iron Bundle|Freeze-Dry|p2a: Baxcalibur\n|-damage|p2a: Baxcalibur|0 fnt\n|faint|p2a: Baxcalibur\n|\n|win|meesterkrebs\n|raw|meesterkrebs's rating: 1246 &rarr; <strong>1267<\/strong><br \/>(+21 for winning)\n|raw|zinvoke's rating: 1189 &rarr; <strong>1168<\/strong><br \/>(-21 for losing)\n","uploadtime":1701200192,"views":3,"p1id":"meesterkrebs","p2id":"zinvoke","formatid":"gen9vgc2023regulatione","rating":1168,"private":0,"password":""}