{"id":"gen9vgc2023regulatione-1989677018","p1":"Ratfish","p2":"SwimWithTheFishies","format":"[Gen 9] VGC 2023 Regulation E","log":"|j|\u2606Ratfish\n|j|\u2606SwimWithTheFishies\n|t:|1699885929\n|gametype|doubles\n|player|p1|Ratfish|101|1187\n|player|p2|SwimWithTheFishies|swimmer-gen4dp|1182\n|teamsize|p1|5\n|teamsize|p2|6\n|gen|9\n|tier|[Gen 9] VGC 2023 Regulation E\n|rated|\n|rule|Species Clause: Limit one of each Pok\u00e9mon\n|rule|Item Clause: Limit one of each item\n|clearpoke\n|poke|p1|Ninetales-Alola, L50, F|\n|poke|p1|Iron Bundle, L50|\n|poke|p1|Kleavor, L50, M|\n|poke|p1|Chi-Yu, L50|\n|poke|p1|Dragonite, L50, M|\n|poke|p2|Iron Hands, L50|\n|poke|p2|Landorus-Therian, L50, M|\n|poke|p2|Flutter Mane, L50|\n|poke|p2|Amoonguss, L50, F|\n|poke|p2|Heatran, L50, M|\n|poke|p2|Roaring Moon, L50|\n|teampreview|4\n|inactive|Battle timer is ON: inactive players will automatically lose when time's up. (requested by SwimWithTheFishies)\nSwimWithTheFishies has agreed to open team sheets.\n|inactive|SwimWithTheFishies has 60 seconds left.\n|\n|t:|1699885971\n|start\n|switch|p1a: Ninetales|Ninetales-Alola, L50, F|100\/100\n|switch|p1b: Iron Bundle|Iron Bundle, L50|100\/100\n|switch|p2a: Iron Hands|Iron Hands, L50|100\/100\n|switch|p2b: Flutter Mane|Flutter Mane, L50|100\/100\n|-weather|Snow|[from] ability: Snow Warning|[of] p1a: Ninetales\n|-enditem|p1b: Iron Bundle|Booster Energy\n|-activate|p1b: Iron Bundle|ability: Quark Drive|[fromitem]\n|-start|p1b: Iron Bundle|quarkdrivespe\n|turn|1\n|inactive|Ratfish has 30 seconds left.\n|\n|t:|1699885998\n|-terastallize|p2b: Flutter Mane|Fairy\n|move|p2a: Iron Hands|Fake Out|p1b: Iron Bundle\n|-damage|p1b: Iron Bundle|87\/100\n|cant|p1b: Iron Bundle|flinch\n|move|p2b: Flutter Mane|Moonblast|p1b: Iron Bundle\n|-damage|p1b: Iron Bundle|0 fnt\n|faint|p1b: Iron Bundle\n|-end|p1b: Iron Bundle|Quark Drive|[silent]\n|move|p1a: Ninetales|Aurora Veil|p1a: Ninetales\n|-sidestart|p1: Ratfish|move: Aurora Veil\n|\n|-weather|Snow|[upkeep]\n|upkeep\n|\n|t:|1699886014\n|switch|p1b: Kleavor|Kleavor, L50, M|100\/100\n|turn|2\n|\n|t:|1699886039\n|-end|p2b: Flutter Mane|Protosynthesis|[silent]\n|switch|p2b: Heatran|Heatran, L50, M|100\/100\n|-terastallize|p1b: Kleavor|Bug\n|move|p1a: Ninetales|Howl|p1a: Ninetales|[spread] p1a,p1b\n|-boost|p1a: Ninetales|atk|1\n|-boost|p1b: Kleavor|atk|1\n|move|p1b: Kleavor|Stone Axe|p2b: Heatran\n|-damage|p2b: Heatran|27\/100\n|-sidestart|p2: SwimWithTheFishies|move: Stealth Rock\n|move|p2a: Iron Hands|Drain Punch|p1b: Kleavor\n|-resisted|p1b: Kleavor\n|-damage|p1b: Kleavor|83\/100\n|\n|-weather|Snow|[upkeep]\n|-heal|p2b: Heatran|33\/100|[from] item: Leftovers\n|upkeep\n|turn|3\n|inactive|Ratfish has 30 seconds left.\n|inactive|SwimWithTheFishies has 30 seconds left.\n|inactive|SwimWithTheFishies has 20 seconds left.\n|\n|t:|1699886078\n|-end|p2a: Iron Hands|Quark Drive|[silent]\n|switch|p2a: Roaring Moon|Roaring Moon, L50|100\/100\n|-damage|p2a: Roaring Moon|88\/100|[from] Stealth Rock\n|-enditem|p2a: Roaring Moon|Booster Energy\n|-activate|p2a: Roaring Moon|ability: Protosynthesis|[fromitem]\n|-start|p2a: Roaring Moon|protosynthesisatk\n|move|p2b: Heatran|Protect|p2b: Heatran\n|-singleturn|p2b: Heatran|Protect\n|move|p1a: Ninetales|Howl|p1a: Ninetales|[spread] p1a,p1b\n|-boost|p1a: Ninetales|atk|1\n|-boost|p1b: Kleavor|atk|1\n|move|p1b: Kleavor|Stone Axe|p2b: Heatran\n|-activate|p2b: Heatran|move: Protect\n|\n|-weather|Snow|[upkeep]\n|-heal|p2b: Heatran|39\/100|[from] item: Leftovers\n|upkeep\n|turn|4\n|inactive|Ratfish has 30 seconds left.\n|\n|t:|1699886103\n|switch|p2b: Iron Hands|Iron Hands, L50|100\/100\n|-damage|p2b: Iron Hands|95\/100|[from] Stealth Rock\n|move|p1a: Ninetales|Blizzard|p2a: Roaring Moon|[spread] p2a,p2b\n|-supereffective|p2a: Roaring Moon\n|-damage|p2a: Roaring Moon|44\/100\n|-damage|p2b: Iron Hands|82\/100\n|move|p2a: Roaring Moon|Knock Off|p1b: Kleavor\n|-damage|p1b: Kleavor|33\/100\n|-enditem|p1b: Kleavor|Assault Vest|[from] move: Knock Off|[of] p2a: Roaring Moon\n|move|p1b: Kleavor|Stone Axe|p2b: Iron Hands\n|-resisted|p2b: Iron Hands\n|-crit|p2b: Iron Hands\n|-damage|p2b: Iron Hands|28\/100\n|\n|-weather|Snow|[upkeep]\n|upkeep\n|turn|5\n|inactive|Ratfish has 30 seconds left.\n|inactive|SwimWithTheFishies has 30 seconds left.\n|\n|t:|1699886133\n|move|p2b: Iron Hands|Fake Out|p1b: Kleavor\n|-damage|p1b: Kleavor|20\/100\n|move|p1a: Ninetales|Blizzard|p2b: Iron Hands|[spread] p2a,p2b\n|-supereffective|p2a: Roaring Moon\n|-damage|p2a: Roaring Moon|0 fnt\n|-damage|p2b: Iron Hands|17\/100\n|faint|p2a: Roaring Moon\n|-end|p2a: Roaring Moon|Protosynthesis|[silent]\n|cant|p1b: Kleavor|flinch\n|\n|-weather|none\n|upkeep\n|\n|t:|1699886142\n|switch|p2a: Heatran|Heatran, L50, M|39\/100\n|-damage|p2a: Heatran|27\/100|[from] Stealth Rock\n|turn|6\n|\n|t:|1699886160\n|move|p1a: Ninetales|Blizzard|p2b: Iron Hands|[spread] p2b\n|-miss|p1a: Ninetales|p2a: Heatran\n|-damage|p2b: Iron Hands|3\/100\n|move|p1b: Kleavor|Night Slash|p2a: Heatran\n|-damage|p2a: Heatran|0 fnt\n|faint|p2a: Heatran\n|move|p2b: Iron Hands|Heavy Slam|p1a: Ninetales\n|-supereffective|p1a: Ninetales\n|-damage|p1a: Ninetales|0 fnt\n|faint|p1a: Ninetales\n|\n|upkeep\n|\n|t:|1699886174\n|switch|p1a: Dragonite|Dragonite, L50, M|100\/100\n|switch|p2a: Flutter Mane|Flutter Mane, L50, tera:Fairy|100\/100\n|-damage|p2a: Flutter Mane|88\/100|[from] Stealth Rock\n|turn|7\n|inactive|Ratfish has 30 seconds left.\n|inactive|Ratfish has 20 seconds left.\n|inactive|Ratfish has 15 seconds left.\n|inactive|Ratfish has 10 seconds left.\n|\n|t:|1699886224\n|move|p1a: Dragonite|Extreme Speed|p2a: Flutter Mane\n|-damage|p2a: Flutter Mane|6\/100\n|move|p2a: Flutter Mane|Dazzling Gleam|p1a: Dragonite|[spread] p1a,p1b\n|-supereffective|p1a: Dragonite\n|-damage|p1a: Dragonite|24\/100\n|-damage|p1b: Kleavor|0 fnt\n|faint|p1b: Kleavor\n|move|p2b: Iron Hands|Drain Punch|p1a: Dragonite\n|-resisted|p1a: Dragonite\n|-damage|p1a: Dragonite|9\/100\n|-heal|p2b: Iron Hands|9\/100|[from] drain|[of] p1a: Dragonite\n|\n|upkeep\n|turn|8\n|-message|Ratfish forfeited.\n|\n|win|SwimWithTheFishies\n|raw|Ratfish's rating: 1187 &rarr; <strong>1162<\/strong><br \/>(-25 for losing)\n|raw|SwimWithTheFishies's rating: 1182 &rarr; <strong>1207<\/strong><br \/>(+25 for winning)\n|l|\u2606Ratfish\n","uploadtime":1699886246,"views":26,"p1id":"ratfish","p2id":"swimwiththefishies","formatid":"gen9vgc2023regulatione","rating":1162,"private":0,"password":""}