{"id":"gen9vgc2023regulatione-1991157355","p1":"maku8319","p2":"Iono1119","format":"[Gen 9] VGC 2023 Regulation E","log":"|j|\u2606maku8319\n|j|\u2606Iono1119\n|n|\u2606maku8319|maku8319\n|n|\u2606Iono1119|iono1119\n|html|View the match progress at <a href=\"\/game-bestof3-gen9vgc2023regulatione-1991154095\">game-bestof3-gen9vgc2023regulatione-1991154095<\/a>\n|t:|1700051425\n|gametype|doubles\n|player|p1|maku8319|red|\n|player|p2|Iono1119|265|\n|teamsize|p1|6\n|teamsize|p2|6\n|gen|9\n|tier|[Gen 9] VGC 2023 Regulation E\n|rule|Species Clause: Limit one of each Pok\u00e9mon\n|rule|Item Clause: Limit one of each item\n|clearpoke\n|poke|p1|Landorus-Therian, L50, M|\n|poke|p1|Ogerpon-Wellspring, L50, F|\n|poke|p1|Iron Hands, L50|\n|poke|p1|Cresselia, L50, F|\n|poke|p1|Heatran, L50, M|\n|poke|p1|Flutter Mane, L50|\n|poke|p2|Landorus-Therian, L50, M|\n|poke|p2|Okidogi, L50, M|\n|poke|p2|Iron Hands, L50|\n|poke|p2|Ogerpon-Wellspring, L50, F|\n|poke|p2|Grimmsnarl, L50, M|\n|poke|p2|Moltres-Galar, L50|\n|teampreview|4\nmaku8319 has agreed to open team sheets.\n|inactive|Battle timer is ON: inactive players will automatically lose when time's up. (requested by Iono1119)\n|inactive|maku8319 has 60 seconds left.\n|inactive|Iono1119 has 60 seconds left.\n|inactive|Iono1119 has 30 seconds left.\n|inactive|Iono1119 has 20 seconds left.\n|inactive|Iono1119 has 15 seconds left.\n|inactive|maku8319 has 30 seconds left.\n|\n|t:|1700051521\n|start\n|switch|p1a: Cresselia|Cresselia, L50, F|100\/100\n|switch|p1b: Emilia|Flutter Mane, L50, shiny|100\/100\n|switch|p2a: Grimmsnarl|Grimmsnarl, L50, M|100\/100\n|switch|p2b: Moltres|Moltres-Galar, L50|100\/100\n|turn|1\n|c|\u2606maku8319|\u5c45\u7136\n|c|\u2606maku8319|\u4e0d\u958b\u571f\u96f2\n|inactive|Iono1119 has 30 seconds left.\n|inactive|Iono1119 has 20 seconds left.\n|\n|t:|1700051561\n|-terastallize|p1b: Emilia|Fairy\n|-terastallize|p2b: Moltres|Poison\n|move|p1a: Cresselia|Helping Hand|p1b: Emilia\n|-singleturn|p1b: Emilia|Helping Hand|[of] p1a: Cresselia\n|move|p2a: Grimmsnarl|Light Screen|p2a: Grimmsnarl\n|-sidestart|p2: Iono1119|move: Light Screen\n|move|p1b: Emilia|Dazzling Gleam|p2b: Moltres|[spread] p2a,p2b\n|-supereffective|p2a: Grimmsnarl\n|-resisted|p2b: Moltres\n|-damage|p2a: Grimmsnarl|0 fnt\n|-damage|p2b: Moltres|79\/100\n|faint|p2a: Grimmsnarl\n|move|p2b: Moltres|Nasty Plot|p2b: Moltres\n|-boost|p2b: Moltres|spa|2\n|\n|upkeep\n|\n|t:|1700051582\n|switch|p2a: Landorus|Landorus-Therian, L50, M|100\/100\n|-ability|p2a: Landorus|Intimidate|boost\n|-unboost|p1a: Cresselia|atk|1\n|-unboost|p1b: Emilia|atk|1\n|turn|2\n|\n|t:|1700051591\n|move|p2a: Landorus|Rock Slide|p1b: Emilia|[spread] \n|-miss|p2a: Landorus|p1a: Cresselia\n|-miss|p2a: Landorus|p1b: Emilia\n|move|p1b: Emilia|Dazzling Gleam|p2b: Moltres|[spread] p2a,p2b\n|-resisted|p2b: Moltres\n|-damage|p2a: Landorus|47\/100\n|-damage|p2b: Moltres|63\/100\n|move|p2b: Moltres|Fiery Wrath|p1b: Emilia|[spread] p1a,p1b\n|-supereffective|p1a: Cresselia\n|-resisted|p1b: Emilia\n|-damage|p1a: Cresselia|34\/100\n|-damage|p1b: Emilia|74\/100\n|move|p1a: Cresselia|Trick Room|p1a: Cresselia\n|-fieldstart|move: Trick Room|[of] p1a: Cresselia\n|\n|upkeep\n|turn|3\n|c|\u2606maku8319|bruh\n|\n|t:|1700051615\n|switch|p2a: \u63a8\u3057\u306e\u692a|Ogerpon-Wellspring, L50, F|100\/100\n|move|p1a: Cresselia|Moonblast|p2a: \u63a8\u3057\u306e\u692a\n|-damage|p2a: \u63a8\u3057\u306e\u692a|90\/100\n|-unboost|p2a: \u63a8\u3057\u306e\u692a|spa|1\n|move|p2b: Moltres|Air Slash|p1b: Emilia\n|-damage|p1b: Emilia|15\/100\n|move|p1b: Emilia|Dazzling Gleam|p2b: Moltres|[spread] p2a,p2b\n|-resisted|p2b: Moltres\n|-damage|p2a: \u63a8\u3057\u306e\u692a|48\/100\n|-damage|p2b: Moltres|47\/100\n|-ability|p2b: Moltres|Berserk|boost\n|-boost|p2b: Moltres|spa|1\n|-enditem|p2b: Moltres|Sitrus Berry|[eat]\n|-heal|p2b: Moltres|72\/100|[from] item: Sitrus Berry\n|\n|upkeep\n|turn|4\n|inactive|Iono1119 has 30 seconds left.\n|\n|t:|1700051640\n|move|p1a: Cresselia|Helping Hand|p1b: Emilia\n|-singleturn|p1b: Emilia|Helping Hand|[of] p1a: Cresselia\n|move|p2b: Moltres|Fiery Wrath|p1b: Emilia|[spread] p1a,p1b\n|-supereffective|p1a: Cresselia\n|-resisted|p1b: Emilia\n|-damage|p1a: Cresselia|0 fnt\n|-damage|p1b: Emilia|0 fnt\n|faint|p1a: Cresselia\n|faint|p1b: Emilia\n|-end|p1b: Emilia|Protosynthesis|[silent]\n|move|p2a: \u63a8\u3057\u306e\u692a|Ivy Cudgel|p1: Cresselia|[notarget]\n|-fail|p2a: \u63a8\u3057\u306e\u692a\n|\n|upkeep\n|\n|t:|1700051645\n|switch|p1a: Heatran|Heatran, L50, M|100\/100\n|switch|p1b: Landorus|Landorus-Therian, L50, M|100\/100\n|-ability|p1b: Landorus|Intimidate|boost\n|-unboost|p2a: \u63a8\u3057\u306e\u692a|atk|1\n|-unboost|p2b: Moltres|atk|1\n|turn|5\n|\n|t:|1700051657\n|switch|p2a: Landorus|Landorus-Therian, L50, M|47\/100\n|-ability|p2a: Landorus|Intimidate|boost\n|-unboost|p1a: Heatran|atk|1\n|-unboost|p1b: Landorus|atk|1\n|move|p2b: Moltres|Protect|p2b: Moltres\n|-singleturn|p2b: Moltres|Protect\n|move|p1a: Heatran|Heat Wave|p2b: Moltres|[spread] p2a\n|-activate|p2b: Moltres|move: Protect\n|-damage|p2a: Landorus|13\/100\n|move|p1b: Landorus|Stomping Tantrum|p2b: Moltres\n|-activate|p2b: Moltres|move: Protect\n|\n|upkeep\n|turn|6\n|inactive|Iono1119 has 30 seconds left.\n|inactive|Iono1119 has 20 seconds left.\n|\n|t:|1700051696\n|move|p1a: Heatran|Heat Wave|p2b: Moltres|[spread] p2a,p2b\n|-damage|p2a: Landorus|0 fnt\n|-damage|p2b: Moltres|55\/100\n|faint|p2a: Landorus\n|move|p2b: Moltres|Fiery Wrath|p1a: Heatran|[spread] p1a,p1b\n|-damage|p1a: Heatran|47\/100\n|-damage|p1b: Landorus|21\/100\n|move|p1b: Landorus|Stomping Tantrum|p2b: Moltres\n|-supereffective|p2b: Moltres\n|-damage|p2b: Moltres|6\/100\n|-ability|p2b: Moltres|Berserk|boost\n|-boost|p2b: Moltres|spa|1\n|\n|-heal|p1a: Heatran|54\/100|[from] item: Leftovers\n|-fieldend|move: Trick Room\n|upkeep\n|\n|t:|1700051706\n|switch|p2a: \u63a8\u3057\u306e\u692a|Ogerpon-Wellspring, L50, F|48\/100\n|turn|7\n|\n|t:|1700051727\n|move|p2a: \u63a8\u3057\u306e\u692a|Follow Me|p2a: \u63a8\u3057\u306e\u692a\n|-singleturn|p2a: \u63a8\u3057\u306e\u692a|move: Follow Me\n|move|p1b: Landorus|Stomping Tantrum|p2a: \u63a8\u3057\u306e\u692a\n|-resisted|p2a: \u63a8\u3057\u306e\u692a\n|-crit|p2a: \u63a8\u3057\u306e\u692a\n|-damage|p2a: \u63a8\u3057\u306e\u692a|19\/100\n|move|p2b: Moltres|Fiery Wrath|p1b: Landorus|[spread] p1a,p1b\n|-damage|p1a: Heatran|0 fnt\n|-damage|p1b: Landorus|0 fnt\n|faint|p1a: Heatran\n|faint|p1b: Landorus\n|\n|win|Iono1119\n|c|&|\/uhtml prompt-maku8319,maku8319 is ready for game 3!\n|c|&|\/uhtml prompt-iono1119,Iono1119 is ready for game 3!\nBoth players are ready! Starting next match!\n|l|\u2606Iono1119\n","uploadtime":1700053213,"views":9,"p1id":"maku8319","p2id":"iono1119","formatid":"gen9vgc2023regulatione","rating":0,"private":0,"password":""}