{"id":"gen9vgc2023regulatione-1993709318","p1":"BlueJayX2","p2":"Mo mo 15","format":"[Gen 9] VGC 2023 Regulation E","log":"|j|\u2606BlueJayX2\n|j|\u2606Mo mo 15\n|t:|1700348047\n|gametype|doubles\n|player|p1|BlueJayX2|marley|1191\n|player|p2|Mo mo 15|hoopster|1127\n|teamsize|p1|6\n|teamsize|p2|6\n|gen|9\n|tier|[Gen 9] VGC 2023 Regulation E\n|rated|\n|rule|Species Clause: Limit one of each Pok\u00e9mon\n|rule|Item Clause: Limit one of each item\n|clearpoke\n|poke|p1|Sylveon, L50, F|\n|poke|p1|Indeedee-F, L50, F|\n|poke|p1|Volbeat, L50, M|\n|poke|p1|Tauros-Paldea-Aqua, L50, M|\n|poke|p1|Dudunsparce-*, L50, F|\n|poke|p1|Torterra, L50, M|\n|poke|p2|Iron Bundle, L50|\n|poke|p2|Talonflame, L50, M|\n|poke|p2|Flutter Mane, L50|\n|poke|p2|Sinistcha-Masterpiece, L50|\n|poke|p2|Tyranitar, L50, F|\n|poke|p2|Iron Hands, L50|\n|teampreview|4\n|inactive|Battle timer is ON: inactive players will automatically lose when time's up. (requested by BlueJayX2)\n|\n|t:|1700348076\n|start\n|switch|p1a: Volbeat|Volbeat, L50, M, shiny|100\/100\n|switch|p1b: Indeedee|Indeedee-F, L50, F, shiny|100\/100\n|switch|p2a: Talonflame|Talonflame, L50, M|100\/100\n|switch|p2b: Tyranitar|Tyranitar, L50, F|100\/100\n|-fieldstart|move: Psychic Terrain|[from] ability: Psychic Surge|[of] p1b: Indeedee\n|-weather|Sandstorm|[from] ability: Sand Stream|[of] p2b: Tyranitar\n|turn|1\n|\n|t:|1700348094\n|move|p1b: Indeedee|Follow Me|p1b: Indeedee\n|-singleturn|p1b: Indeedee|move: Follow Me\n|move|p1a: Volbeat|Tailwind|p1a: Volbeat\n|-sidestart|p1: BlueJayX2|move: Tailwind\n|move|p2a: Talonflame|Tailwind|p2a: Talonflame\n|-sidestart|p2: Mo mo 15|move: Tailwind\n|move|p2b: Tyranitar|Fire Punch|p1b: Indeedee\n|-damage|p1b: Indeedee|54\/100\n|\n|-weather|Sandstorm|[upkeep]\n|-damage|p2a: Talonflame|95\/100|[from] Sandstorm\n|-damage|p1b: Indeedee|47\/100|[from] Sandstorm\n|-damage|p1a: Volbeat|94\/100|[from] Sandstorm\n|upkeep\n|turn|2\n|inactive|BlueJayX2 has 30 seconds left.\n|\n|t:|1700348120\n|move|p1a: Volbeat|Encore|p2a: Talonflame\n|-start|p2a: Talonflame|Encore\n|move|p2a: Talonflame|Tailwind||[still]\n|-fail|p2a: Talonflame\n|move|p1b: Indeedee|Light Screen|p1b: Indeedee\n|-sidestart|p1: BlueJayX2|move: Light Screen\n|move|p2b: Tyranitar|Knock Off|p1b: Indeedee\n|-supereffective|p1b: Indeedee\n|-damage|p1b: Indeedee|0 fnt\n|-enditem|p1b: Indeedee|Light Clay|[from] move: Knock Off|[of] p2b: Tyranitar\n|faint|p1b: Indeedee\n|\n|-weather|Sandstorm|[upkeep]\n|-damage|p2a: Talonflame|89\/100|[from] Sandstorm\n|-damage|p1a: Volbeat|88\/100|[from] Sandstorm\n|upkeep\n|\n|t:|1700348135\n|switch|p1b: Sylveon|Sylveon, L50, F, shiny|100\/100\n|turn|3\n|\n|t:|1700348150\n|switch|p2a: Iron Hands|Iron Hands, L50|100\/100\n|move|p1a: Volbeat|Helping Hand|p1b: Sylveon\n|-singleturn|p1b: Sylveon|Helping Hand|[of] p1a: Volbeat\n|move|p1b: Sylveon|Hyper Voice|p2b: Tyranitar|[spread] p2a,p2b\n|-supereffective|p2a: Iron Hands\n|-supereffective|p2b: Tyranitar\n|-damage|p2a: Iron Hands|20\/100\n|-damage|p2b: Tyranitar|25\/100\n|-enditem|p1b: Sylveon|Throat Spray\n|-boost|p1b: Sylveon|spa|1|[from] item: Throat Spray\n|move|p2b: Tyranitar|Knock Off|p1b: Sylveon\n|-resisted|p1b: Sylveon\n|-damage|p1b: Sylveon|74\/100\n|\n|-weather|Sandstorm|[upkeep]\n|-damage|p1a: Volbeat|82\/100|[from] Sandstorm\n|-damage|p1b: Sylveon|68\/100|[from] Sandstorm\n|-damage|p2a: Iron Hands|14\/100|[from] Sandstorm\n|-heal|p2b: Tyranitar|31\/100|[from] item: Leftovers\n|upkeep\n|turn|4\n|\n|t:|1700348173\n|-terastallize|p2a: Iron Hands|Water\n|move|p1a: Volbeat|Helping Hand|p1b: Sylveon\n|-singleturn|p1b: Sylveon|Helping Hand|[of] p1a: Volbeat\n|move|p1b: Sylveon|Hyper Voice|p2b: Tyranitar|[spread] p2a,p2b\n|-supereffective|p2b: Tyranitar\n|-damage|p2a: Iron Hands|0 fnt\n|-damage|p2b: Tyranitar|0 fnt\n|faint|p2a: Iron Hands\n|-end|p2a: Iron Hands|Quark Drive|[silent]\n|faint|p2b: Tyranitar\n|\n|-weather|Sandstorm|[upkeep]\n|-damage|p1a: Volbeat|76\/100|[from] Sandstorm\n|-damage|p1b: Sylveon|62\/100|[from] Sandstorm\n|-sideend|p2: Mo mo 15|move: Tailwind\n|-sideend|p1: BlueJayX2|move: Tailwind\n|upkeep\n|\n|t:|1700348180\n|switch|p2b: Iron Bundle|Iron Bundle, L50|100\/100\n|switch|p2a: Talonflame|Talonflame, L50, M|89\/100\n|-enditem|p2b: Iron Bundle|Booster Energy\n|-activate|p2b: Iron Bundle|ability: Quark Drive|[fromitem]\n|-start|p2b: Iron Bundle|quarkdrivespe\n|turn|5\n|inactive|BlueJayX2 has 30 seconds left.\n|\n|t:|1700348206\n|move|p1a: Volbeat|Thunder Wave|p2a: Talonflame\n|-status|p2a: Talonflame|par\n|move|p2b: Iron Bundle|Freeze-Dry|p1b: Sylveon\n|-damage|p1b: Sylveon|42\/100\n|move|p1b: Sylveon|Hyper Voice|p2a: Talonflame|[spread] p2a,p2b\n|-resisted|p2a: Talonflame\n|-damage|p2a: Talonflame|37\/100 par\n|-damage|p2b: Iron Bundle|0 fnt\n|faint|p2b: Iron Bundle\n|-end|p2b: Iron Bundle|Quark Drive|[silent]\n|move|p2a: Talonflame|Acrobatics|p1b: Sylveon\n|-damage|p1b: Sylveon|0 fnt\n|faint|p1b: Sylveon\n|\n|-weather|none\n|-fieldend|move: Psychic Terrain\n|upkeep\n|\n|t:|1700348223\n|switch|p1b: Dudunsparce|Dudunsparce-Three-Segment, L50, F, shiny|100\/100\n|turn|6\n|\n|t:|1700348230\n|move|p1a: Volbeat|Tailwind|p1a: Volbeat\n|-sidestart|p1: BlueJayX2|move: Tailwind\n|move|p1b: Dudunsparce|Hyper Drill|p2a: Talonflame\n|-damage|p2a: Talonflame|0 fnt\n|faint|p2a: Talonflame\n|\n|win|BlueJayX2\n|raw|BlueJayX2's rating: 1191 &rarr; <strong>1211<\/strong><br \/>(+20 for winning)\n|raw|Mo mo 15's rating: 1127 &rarr; <strong>1107<\/strong><br \/>(-20 for losing)\n|l|\u2606Mo mo 15\n","uploadtime":1700348251,"views":21,"p1id":"bluejayx2","p2id":"momo15","formatid":"gen9vgc2023regulatione","rating":1107,"private":0,"password":""}