{"id":"gen9vgc2023regulatione-1991908208","p1":"Devlisted","p2":"Sauer_Rayan","format":"[Gen 9] VGC 2023 Regulation E","log":"|j|\u2606Devlisted\n|j|\u2606Sauer_Rayan\n|t:|1700136727\n|gametype|doubles\n|player|p1|Devlisted|169|\n|player|p2|Sauer_Rayan|1|\n|teamsize|p1|6\n|teamsize|p2|6\n|gen|9\n|tier|[Gen 9] VGC 2023 Regulation E\n|rule|Species Clause: Limit one of each Pok\u00e9mon\n|rule|Item Clause: Limit one of each item\n|clearpoke\n|poke|p1|Slither Wing, L50|\n|poke|p1|Moltres-Galar, L50|\n|poke|p1|Gholdengo, L50|\n|poke|p1|Grimmsnarl, L50, M|\n|poke|p1|Arcanine-Hisui, L50, M|\n|poke|p1|Gastrodon-East, L50, F|\n|poke|p2|Arcanine-Hisui, L50, F|\n|poke|p2|Chi-Yu, L50|\n|poke|p2|Torkoal, L50, M|\n|poke|p2|Indeedee-F, L50, F|\n|poke|p2|Amoonguss, L50, F|\n|poke|p2|Clefable, L50, F|\n|teampreview|4\n|\n|t:|1700136779\n|start\n|switch|p1a: Grimmsnarl|Grimmsnarl, L50, M|100\/100\n|switch|p1b: Arcanine|Arcanine-Hisui, L50, M|100\/100\n|switch|p2a: Chi-Yu|Chi-Yu, L50|100\/100\n|switch|p2b: Torkoal|Torkoal, L50, M|100\/100\n|-ability|p2a: Chi-Yu|Beads of Ruin\n|-ability|p1b: Arcanine|Intimidate|boost\n|-unboost|p2a: Chi-Yu|atk|1\n|-unboost|p2b: Torkoal|atk|1\n|-weather|SunnyDay|[from] ability: Drought|[of] p2b: Torkoal\n|turn|1\n|\n|t:|1700136797\n|move|p1a: Grimmsnarl|Light Screen|p1a: Grimmsnarl\n|-sidestart|p1: Devlisted|move: Light Screen\n|move|p2a: Chi-Yu|Fire Blast|p1b: Arcanine\n|-resisted|p1b: Arcanine\n|-damage|p1b: Arcanine|76\/100\n|move|p1b: Arcanine|Rock Slide|p2b: Torkoal|[spread] p2a,p2b\n|-supereffective|p2a: Chi-Yu\n|-supereffective|p2b: Torkoal\n|-damage|p2a: Chi-Yu|2\/100\n|-damage|p2b: Torkoal|60\/100\n|move|p2b: Torkoal|Eruption|p1a: Grimmsnarl|[spread] p1a,p1b\n|-resisted|p1b: Arcanine\n|-damage|p1a: Grimmsnarl|67\/100\n|-damage|p1b: Arcanine|69\/100\n|\n|-weather|SunnyDay|[upkeep]\n|upkeep\n|turn|2\n|\n|t:|1700136850\n|move|p2a: Chi-Yu|Fire Blast|p1a: Grimmsnarl\n|-damage|p1a: Grimmsnarl|0 fnt\n|faint|p1a: Grimmsnarl\n|move|p1b: Arcanine|Rock Slide|p2a: Chi-Yu|[spread] p2a,p2b\n|-supereffective|p2a: Chi-Yu\n|-supereffective|p2b: Torkoal\n|-damage|p2a: Chi-Yu|0 fnt\n|-damage|p2b: Torkoal|15\/100\n|faint|p2a: Chi-Yu\n|cant|p2b: Torkoal|flinch\n|\n|-weather|SunnyDay|[upkeep]\n|upkeep\n|\n|t:|1700136868\n|switch|p2a: Clefable|Clefable, L50, F|100\/100\n|switch|p1a: Ares|Slither Wing, L50|100\/100\n|-activate|p1a: Ares|ability: Protosynthesis\n|-start|p1a: Ares|protosynthesisatk\n|turn|3\n|\n|t:|1700136892\n|move|p1b: Arcanine|Flare Blitz|p2a: Clefable\n|-damage|p2a: Clefable|11\/100\n|-damage|p1b: Arcanine|37\/100|[from] Recoil\n|move|p1a: Ares|Acrobatics|p2a: Clefable\n|-damage|p2a: Clefable|0 fnt\n|faint|p2a: Clefable\n|move|p2b: Torkoal|Eruption|p1b: Arcanine|[spread] p1a,p1b\n|-supereffective|p1a: Ares\n|-resisted|p1b: Arcanine\n|-damage|p1a: Ares|90\/100\n|-damage|p1b: Arcanine|36\/100\n|\n|-weather|SunnyDay|[upkeep]\n|upkeep\n|\n|t:|1700136904\n|switch|p2a: Arcanine|Arcanine-Hisui, L50, F|100\/100\n|turn|4\n|\n|t:|1700136942\n|-terastallize|p1a: Ares|Flying\n|move|p2b: Torkoal|Helping Hand|p2a: Arcanine\n|-singleturn|p2a: Arcanine|Helping Hand|[of] p2b: Torkoal\n|move|p2a: Arcanine|Crunch|p1b: Arcanine\n|-damage|p1b: Arcanine|0 fnt\n|faint|p1b: Arcanine\n|-damage|p2a: Arcanine|90\/100|[from] item: Life Orb\n|move|p1a: Ares|Close Combat|p2a: Arcanine\n|-supereffective|p2a: Arcanine\n|-damage|p2a: Arcanine|0 fnt\n|-unboost|p1a: Ares|def|1\n|-unboost|p1a: Ares|spd|1\n|faint|p2a: Arcanine\n|\n|-weather|SunnyDay|[upkeep]\n|upkeep\n|\n|t:|1700136950\n|switch|p1b: Moltres|Moltres-Galar, L50|100\/100\n|turn|5\n|\n|t:|1700136972\n|-terastallize|p2b: Torkoal|Fire\n|move|p1b: Moltres|Protect|p1b: Moltres\n|-singleturn|p1b: Moltres|Protect\n|move|p1a: Ares|Acrobatics|p2b: Torkoal\n|-damage|p2b: Torkoal|0 fnt\n|faint|p2b: Torkoal\n|\n|win|Devlisted\n","uploadtime":1700136980,"views":20,"p1id":"devlisted","p2id":"sauerrayan","formatid":"gen9vgc2023regulatione","rating":0,"private":0,"password":""}