{"id":"gen9vgc2023regulatione-2000349161","p1":"Dowwn","p2":"Hoffster","format":"[Gen 9] VGC 2023 Regulation E","log":"|j|\u2606Dowwn\n|j|\u2606Hoffster\n|t:|1701187235\n|gametype|doubles\n|player|p1|Dowwn|marlon|1406\n|player|p2|Hoffster|chuck|1424\n|teamsize|p1|6\n|teamsize|p2|6\n|gen|9\n|tier|[Gen 9] VGC 2023 Regulation E\n|rated|\n|rule|Species Clause: Limit one of each Pok\u00e9mon\n|rule|Item Clause: Limit one of each item\n|clearpoke\n|poke|p1|Mudsdale, L50, M|\n|poke|p1|Maushold, L50|\n|poke|p1|Rillaboom, L50, M|\n|poke|p1|Sneasler, L50, M|\n|poke|p1|Spectrier, L50|\n|poke|p1|Cresselia, L50, F|\n|poke|p2|Heatran, L50, F|\n|poke|p2|Landorus-Therian, L50, M|\n|poke|p2|Toxapex, L50, F|\n|poke|p2|Goodra-Hisui, L50, M|\n|poke|p2|Sinistcha, L50|\n|poke|p2|Ogerpon-Wellspring, L50, F|\n|teampreview|4\n|\n|t:|1701187315\n|start\n|switch|p1a: Rillaboom|Rillaboom, L50, M|100\/100\n|switch|p1b: Sneasler|Sneasler, L50, M|100\/100\n|switch|p2a: Toxapex|Toxapex, L50, F|100\/100\n|switch|p2b: Heatran|Heatran, L50, F|100\/100\n|-fieldstart|move: Grassy Terrain|[from] ability: Grassy Surge|[of] p1a: Rillaboom\n|-enditem|p1b: Sneasler|Grassy Seed\n|-boost|p1b: Sneasler|def|1|[from] item: Grassy Seed\n|turn|1\n|\n|t:|1701187344\n|-terastallize|p2b: Heatran|Grass\n|move|p1a: Rillaboom|Fake Out|p2b: Heatran\n|-damage|p2b: Heatran|87\/100\n|move|p1b: Sneasler|Swords Dance|p1b: Sneasler\n|-boost|p1b: Sneasler|atk|2\n|cant|p2b: Heatran|flinch\n|move|p2a: Toxapex|Infestation|p1b: Sneasler\n|-resisted|p1b: Sneasler\n|-damage|p1b: Sneasler|99\/100\n|-activate|p1b: Sneasler|move: Infestation|[of] p2a: Toxapex\n|\n|-heal|p1b: Sneasler|100\/100|[from] Grassy Terrain\n|-heal|p2b: Heatran|93\/100|[from] Grassy Terrain\n|-heal|p2b: Heatran|99\/100|[from] item: Leftovers\n|-damage|p1b: Sneasler|84\/100|[from] move: Infestation|[partiallytrapped]\n|upkeep\n|turn|2\n|\n|t:|1701187373\n|switch|p1a: Cresselia|Cresselia, L50, F|100\/100\n|move|p2b: Heatran|Protect|p2b: Heatran\n|-singleturn|p2b: Heatran|Protect\n|move|p1b: Sneasler|Dire Claw|p2b: Heatran\n|-activate|p2b: Heatran|move: Protect\n|move|p2a: Toxapex|Substitute|p2a: Toxapex\n|-start|p2a: Toxapex|Substitute\n|-damage|p2a: Toxapex|76\/100\n|\n|-heal|p1b: Sneasler|90\/100|[from] Grassy Terrain\n|-heal|p2b: Heatran|100\/100|[from] Grassy Terrain\n|-heal|p2a: Toxapex|81\/100|[from] Grassy Terrain\n|-damage|p1b: Sneasler|74\/100|[from] move: Infestation|[partiallytrapped]\n|upkeep\n|turn|3\n|\n|t:|1701187396\n|switch|p2b: Sinistcha|Sinistcha, L50, shiny|100\/100\n|-heal|p2a: Toxapex|100\/100|[from] ability: Hospitality|[of] p2b: Sinistcha\n|move|p1b: Sneasler|Dire Claw|p2b: Sinistcha\n|-damage|p2b: Sinistcha|21\/100\n|-status|p2b: Sinistcha|par\n|-damage|p1b: Sneasler|58\/100|[from] item: Rocky Helmet|[of] p2b: Sinistcha\n|move|p1a: Cresselia|Lunar Blessing|p1a: Cresselia|[spread] p1a,p1b\n|-heal|p1b: Sneasler|83\/100\n|move|p2a: Toxapex|Infestation|p1a: Cresselia\n|-supereffective|p1a: Cresselia\n|-damage|p1a: Cresselia|97\/100\n|-activate|p1a: Cresselia|move: Infestation|[of] p2a: Toxapex\n|\n|-heal|p1b: Sneasler|89\/100|[from] Grassy Terrain\n|-heal|p2b: Sinistcha|27\/100 par|[from] Grassy Terrain\n|-damage|p1b: Sneasler|73\/100|[from] move: Infestation|[partiallytrapped]\n|-damage|p1a: Cresselia|81\/100|[from] move: Infestation|[partiallytrapped]\n|upkeep\n|turn|4\n|\n|t:|1701187434\n|move|p1b: Sneasler|Dire Claw|p2b: Sinistcha\n|-damage|p2b: Sinistcha|0 fnt\n|-damage|p1b: Sneasler|57\/100|[from] item: Rocky Helmet|[of] p2b: Sinistcha\n|faint|p2b: Sinistcha\n|move|p1a: Cresselia|Lunar Blessing|p1a: Cresselia|[spread] p1a,p1b\n|-heal|p1a: Cresselia|100\/100\n|-heal|p1b: Sneasler|82\/100\n|move|p2a: Toxapex|Infestation|p1a: Cresselia\n|-supereffective|p1a: Cresselia\n|-damage|p1a: Cresselia|97\/100\n|\n|-heal|p1b: Sneasler|88\/100|[from] Grassy Terrain\n|-damage|p1b: Sneasler|71\/100|[from] move: Infestation|[partiallytrapped]\n|-damage|p1a: Cresselia|81\/100|[from] move: Infestation|[partiallytrapped]\n|upkeep\n|\n|t:|1701187455\n|switch|p2b: Ogerpon|Ogerpon-Wellspring, L50, F|100\/100\n|turn|5\n|\n|t:|1701187480\n|move|p1a: Cresselia|Helping Hand|p1b: Sneasler\n|-singleturn|p1b: Sneasler|Helping Hand|[of] p1a: Cresselia\n|move|p2b: Ogerpon|Spiky Shield|p2b: Ogerpon\n|-singleturn|p2b: Ogerpon|move: Protect\n|move|p1b: Sneasler|Dire Claw|p2b: Ogerpon\n|-activate|p2b: Ogerpon|move: Protect\n|-damage|p1b: Sneasler|59\/100|[from] Spiky Shield|[of] p2b: Ogerpon\n|move|p2a: Toxapex|Infestation|p1b: Sneasler\n|-resisted|p1b: Sneasler\n|-damage|p1b: Sneasler|59\/100\n|\n|-heal|p1b: Sneasler|64\/100|[from] Grassy Terrain\n|-damage|p1b: Sneasler|48\/100|[from] move: Infestation|[partiallytrapped]\n|-damage|p1a: Cresselia|64\/100|[from] move: Infestation|[partiallytrapped]\n|-fieldend|move: Grassy Terrain\n|upkeep\n|turn|6\n|\n|t:|1701187517\n|move|p1a: Cresselia|Helping Hand|p1b: Sneasler\n|-singleturn|p1b: Sneasler|Helping Hand|[of] p1a: Cresselia\n|move|p1b: Sneasler|Dire Claw|p2b: Ogerpon\n|-supereffective|p2b: Ogerpon\n|-damage|p2b: Ogerpon|0 fnt\n|faint|p2b: Ogerpon\n|move|p2a: Toxapex|Infestation|p1b: Sneasler\n|-resisted|p1b: Sneasler\n|-crit|p1b: Sneasler\n|-damage|p1b: Sneasler|47\/100\n|\n|-end|p1b: Sneasler|Infestation|[partiallytrapped]\n|-damage|p1a: Cresselia|48\/100|[from] move: Infestation|[partiallytrapped]\n|upkeep\n|\n|t:|1701187523\n|switch|p2b: Heatran|Heatran, L50, F, tera:Grass|100\/100\n|turn|7\n|-message|Hoffster forfeited.\n|\n|win|Dowwn\n|raw|Dowwn's rating: 1406 &rarr; <strong>1427<\/strong><br \/>(+21 for winning)\n|raw|Hoffster's rating: 1424 &rarr; <strong>1403<\/strong><br \/>(-21 for losing)\n|l|\u2606Hoffster\n|l|\u2606Dowwn\n|j|\u2606Dowwn\n|player|p1|Dowwn|marlon\n","uploadtime":1701187859,"views":9,"p1id":"dowwn","p2id":"hoffster","formatid":"gen9vgc2023regulatione","rating":1403,"private":0,"password":""}