{"id":"gen9vgc2023regulatione-1997022972","p1":"Copperdrb","p2":"Michard","format":"[Gen 9] VGC 2023 Regulation E","log":"|j|\u2606Copperdrb\n|j|\u2606Michard\n|t:|1700756696\n|gametype|doubles\n|player|p1|Copperdrb|raihan|1000\n|player|p2|Michard|170|1064\n|teamsize|p1|6\n|teamsize|p2|6\n|gen|9\n|tier|[Gen 9] VGC 2023 Regulation E\n|rated|\n|rule|Species Clause: Limit one of each Pok\u00e9mon\n|rule|Item Clause: Limit one of each item\n|clearpoke\n|poke|p1|Ceruledge, L50, F|\n|poke|p1|Flutter Mane, L50|\n|poke|p1|Iron Valiant, L50|\n|poke|p1|Moltres-Galar, L50|\n|poke|p1|Gastrodon, L50, F|\n|poke|p1|Decidueye, L50, F|\n|poke|p2|Iron Hands, L50|\n|poke|p2|Flutter Mane, L50|\n|poke|p2|Arcanine-Hisui, L50, M|\n|poke|p2|Urshifu-*, L50, F|\n|poke|p2|Gholdengo, L50|\n|poke|p2|Glimmora, L50, M|\n|teampreview|4\n|inactive|Battle timer is ON: inactive players will automatically lose when time's up. (requested by Michard)\n|inactive|Copperdrb has 60 seconds left.\n|inactive|Michard has 60 seconds left.\n|\n|t:|1700756753\n|start\n|switch|p1a: Decidueye|Decidueye, L50, F|100\/100\n|switch|p1b: Iron Valiant|Iron Valiant, L50|100\/100\n|switch|p2a: Iron Hands|Iron Hands, L50|100\/100\n|switch|p2b: Arcanine|Arcanine-Hisui, L50, M|100\/100\n|-ability|p2b: Arcanine|Intimidate|boost\n|-unboost|p1a: Decidueye|atk|1\n|-unboost|p1b: Iron Valiant|atk|1\n|turn|1\n|inactive|Copperdrb has 30 seconds left.\n|inactive|Michard has 30 seconds left.\n|inactive|Michard has 20 seconds left.\n|inactive|Copperdrb has 20 seconds left.\n|inactive|Copperdrb has 15 seconds left.\n|inactive|Michard has 15 seconds left.\n|inactive|Copperdrb has 10 seconds left.\n|inactive|Michard has 10 seconds left.\n|inactive|Copperdrb has 5 seconds left.\n|\n|t:|1700756809\n|-terastallize|p1a: Decidueye|Water\n|move|p1b: Iron Valiant|Close Combat|p2b: Arcanine\n|-supereffective|p2b: Arcanine\n|-damage|p2b: Arcanine|0 fnt\n|-unboost|p1b: Iron Valiant|def|1\n|-unboost|p1b: Iron Valiant|spd|1\n|faint|p2b: Arcanine\n|move|p1a: Decidueye|Spirit Shackle|p2a: Iron Hands\n|-damage|p2a: Iron Hands|84\/100\n|-activate|p2a: Iron Hands|trapped\n|move|p2a: Iron Hands|Ice Punch|p1a: Decidueye\n|-resisted|p1a: Decidueye\n|-damage|p1a: Decidueye|76\/100\n|\n|upkeep\n|\n|t:|1700756833\n|switch|p2b: Glimmora|Glimmora, L50, M|100\/100\n|turn|2\n|inactive|Copperdrb has 30 seconds left.\n|inactive|Copperdrb has 20 seconds left.\n|inactive|Copperdrb has 15 seconds left.\n|inactive|Copperdrb has 10 seconds left.\n|inactive|Copperdrb has 5 seconds left.\n|\n|t:|1700756888\n|move|p1b: Iron Valiant|Close Combat|p2a: Iron Hands\n|-damage|p2a: Iron Hands|57\/100\n|-unboost|p1b: Iron Valiant|def|1\n|-unboost|p1b: Iron Valiant|spd|1\n|move|p2b: Glimmora|Sludge Bomb|p1b: Iron Valiant\n|-supereffective|p1b: Iron Valiant\n|-enditem|p1b: Iron Valiant|Focus Sash\n|-damage|p1b: Iron Valiant|1\/100\n|move|p1a: Decidueye|Leaf Blade|p2a: Iron Hands\n|-damage|p2a: Iron Hands|37\/100\n|move|p2a: Iron Hands|Drain Punch|p1a: Decidueye\n|-damage|p1a: Decidueye|16\/100\n|-heal|p2a: Iron Hands|55\/100|[from] drain|[of] p1a: Decidueye\n|\n|upkeep\n|turn|3\n|inactive|Copperdrb has 30 seconds left.\n|\n|t:|1700756916\n|switch|p1a: Ceruledge|Ceruledge, L50, F|100\/100\n|move|p1b: Iron Valiant|Protect|p1b: Iron Valiant\n|-singleturn|p1b: Iron Valiant|Protect\n|move|p2b: Glimmora|Mortal Spin|p1a: Ceruledge|[spread] p1a\n|-activate|p1b: Iron Valiant|move: Protect\n|-resisted|p1a: Ceruledge\n|-damage|p1a: Ceruledge|98\/100\n|-status|p1a: Ceruledge|psn\n|move|p2a: Iron Hands|Drain Punch|p1a: Ceruledge\n|-immune|p1a: Ceruledge\n|\n|-damage|p1a: Ceruledge|86\/100 psn|[from] psn\n|upkeep\n|turn|4\n|inactive|Copperdrb has 30 seconds left.\n|inactive|Copperdrb has 20 seconds left.\n|inactive|Copperdrb has 15 seconds left.\n|\n|t:|1700756957\n|move|p1b: Iron Valiant|Close Combat|p2b: Glimmora\n|-damage|p2b: Glimmora|45\/100\n|-unboost|p1b: Iron Valiant|def|1\n|-unboost|p1b: Iron Valiant|spd|1\n|-activate|p2b: Glimmora|ability: Toxic Debris\n|-sidestart|p1: Copperdrb|move: Toxic Spikes\n|move|p2b: Glimmora|Mortal Spin|p1b: Iron Valiant|[spread] p1a,p1b\n|-resisted|p1a: Ceruledge\n|-supereffective|p1b: Iron Valiant\n|-damage|p1a: Ceruledge|83\/100 psn\n|-damage|p1b: Iron Valiant|0 fnt\n|faint|p1b: Iron Valiant\n|-end|p1b: Iron Valiant|Quark Drive|[silent]\n|move|p1a: Ceruledge|Bitter Blade|p2a: Iron Hands\n|-damage|p2a: Iron Hands|27\/100\n|-heal|p1a: Ceruledge|100\/100 psn|[from] drain|[of] p2a: Iron Hands\n|move|p2a: Iron Hands|Thunder Punch|p1a: Ceruledge\n|-crit|p1a: Ceruledge\n|-damage|p1a: Ceruledge|24\/100 psn\n|\n|-damage|p1a: Ceruledge|12\/100 psn|[from] psn\n|upkeep\n|\n|t:|1700756976\n|switch|p1b: Flutter Mane|Flutter Mane, L50|100\/100\n|-status|p1b: Flutter Mane|psn\n|-enditem|p1b: Flutter Mane|Booster Energy\n|-activate|p1b: Flutter Mane|ability: Protosynthesis|[fromitem]\n|-start|p1b: Flutter Mane|protosynthesisspa\n|turn|5\n|\n|t:|1700756998\n|move|p1b: Flutter Mane|Moonblast|p2b: Glimmora\n|-resisted|p2b: Glimmora\n|-damage|p2b: Glimmora|0 fnt\n|faint|p2b: Glimmora\n|move|p1a: Ceruledge|Bitter Blade|p2a: Iron Hands\n|-damage|p2a: Iron Hands|0 fnt\n|-heal|p1a: Ceruledge|31\/100 psn|[from] drain|[of] p2a: Iron Hands\n|faint|p2a: Iron Hands\n|-end|p2a: Iron Hands|Quark Drive|[silent]\n|\n|-damage|p1b: Flutter Mane|88\/100 psn|[from] psn\n|-damage|p1a: Ceruledge|19\/100 psn|[from] psn\n|upkeep\n|\n|t:|1700757007\n|switch|p2b: Flutter Mane|Flutter Mane, L50|100\/100\n|-enditem|p2b: Flutter Mane|Booster Energy\n|-activate|p2b: Flutter Mane|ability: Protosynthesis|[fromitem]\n|-start|p2b: Flutter Mane|protosynthesisspa\n|turn|6\n|inactive|Copperdrb has 30 seconds left.\n|inactive|Copperdrb has 20 seconds left.\n|\n|t:|1700757042\n|-terastallize|p2b: Flutter Mane|Fairy\n|move|p1a: Ceruledge|Ally Switch|p1a: Ceruledge\n|swap|p1a: Ceruledge|1|[from] move: Ally Switch\n|move|p2b: Flutter Mane|Shadow Ball|p1b: Ceruledge\n|-supereffective|p1b: Ceruledge\n|-damage|p1b: Ceruledge|0 fnt\n|faint|p1b: Ceruledge\n|move|p1a: Flutter Mane|Moonblast|p2b: Flutter Mane\n|-damage|p2b: Flutter Mane|24\/100\n|\n|-damage|p1a: Flutter Mane|76\/100 psn|[from] psn\n|upkeep\n|\n|t:|1700757052\n|switch|p1b: Decidueye|Decidueye, L50, F, tera:Water|16\/100\n|-status|p1b: Decidueye|psn\n|turn|7\n|-message|Michard forfeited.\n|\n|win|Copperdrb\n|raw|Copperdrb's rating: 1000 &rarr; <strong>1047<\/strong><br \/>(+47 for winning)\n|raw|Michard's rating: 1064 &rarr; <strong>1041<\/strong><br \/>(-23 for losing)\n|l|\u2606Michard\n","uploadtime":1700757143,"views":9,"p1id":"copperdrb","p2id":"michard","formatid":"gen9vgc2023regulatione","rating":1041,"private":0,"password":""}