{"id":"gen9vgc2023regulatione-1995801627","p1":"xelrules1998765432","p2":"Ixchel2343","format":"[Gen 9] VGC 2023 Regulation E","log":"|j|\u2606xelrules1998765432\n|j|\u2606Ixchel2343\n|t:|1700604521\n|gametype|doubles\n|player|p1|xelrules1998765432|101|1051\n|player|p2|Ixchel2343|265|1092\n|teamsize|p1|6\n|teamsize|p2|5\n|gen|9\n|tier|[Gen 9] VGC 2023 Regulation E\n|rated|\n|rule|Species Clause: Limit one of each Pok\u00e9mon\n|rule|Item Clause: Limit one of each item\n|clearpoke\n|poke|p1|Torterra, L50, F|\n|poke|p1|Sinistcha, L50|\n|poke|p1|Grumpig, L50, M|\n|poke|p1|Talonflame, L50, M|\n|poke|p1|Ursaluna-Bloodmoon, L50, M|\n|poke|p1|Indeedee-F, L50, F|\n|poke|p2|Regieleki, L50|\n|poke|p2|Tornadus, L50, M|\n|poke|p2|Urshifu-*, L50, M|\n|poke|p2|Indeedee-F, L50, F|\n|poke|p2|Armarouge, L50, M|\n|teampreview|4\n|inactive|Battle timer is ON: inactive players will automatically lose when time's up. (requested by Ixchel2343)\n|\n|t:|1700604546\n|start\n|switch|p1a: Grumpig|Grumpig, L50, M, shiny|100\/100\n|switch|p1b: Ursaluna|Ursaluna-Bloodmoon, L50, M|100\/100\n|switch|p2a: Urshifu|Urshifu-Rapid-Strike, L50, M|100\/100\n|switch|p2b: Tornadus|Tornadus, L50, M|100\/100\n|turn|1\n|\n|t:|1700604569\n|switch|p1b: Sinistcha|Sinistcha, L50, shiny|100\/100\n|move|p2b: Tornadus|Rain Dance|p2b: Tornadus\n|-weather|RainDance\n|move|p2a: Urshifu|Surging Strikes|p1b: Sinistcha\n|-resisted|p1b: Sinistcha\n|-crit|p1b: Sinistcha\n|-damage|p1b: Sinistcha|86\/100\n|-damage|p2a: Urshifu|84\/100|[from] item: Rocky Helmet|[of] p1b: Sinistcha\n|-resisted|p1b: Sinistcha\n|-crit|p1b: Sinistcha\n|-damage|p1b: Sinistcha|71\/100\n|-damage|p2a: Urshifu|67\/100|[from] item: Rocky Helmet|[of] p1b: Sinistcha\n|-resisted|p1b: Sinistcha\n|-crit|p1b: Sinistcha\n|-damage|p1b: Sinistcha|56\/100\n|-damage|p2a: Urshifu|51\/100|[from] item: Rocky Helmet|[of] p1b: Sinistcha\n|-hitcount|p1b: Sinistcha|3\n|move|p1a: Grumpig|Trick Room|p1a: Grumpig\n|-fieldstart|move: Trick Room|[of] p1a: Grumpig\n|\n|-weather|RainDance|[upkeep]\n|upkeep\n|turn|2\n|\n|t:|1700604593\n|switch|p1a: Indeedee|Indeedee-F, L50, F, shiny|100\/100\n|-fieldstart|move: Psychic Terrain|[from] ability: Psychic Surge|[of] p1a: Indeedee\n|-enditem|p1a: Indeedee|Psychic Seed\n|-boost|p1a: Indeedee|spd|1|[from] item: Psychic Seed\n|move|p2a: Urshifu|Protect|p2a: Urshifu\n|-singleturn|p2a: Urshifu|Protect\n|move|p1b: Sinistcha|Matcha Gotcha|p2b: Tornadus|[spread] p2b\n|-activate|p2a: Urshifu|move: Protect\n|-resisted|p2b: Tornadus\n|-damage|p2b: Tornadus|83\/100\n|-heal|p1b: Sinistcha|65\/100|[from] drain|[of] p2b: Tornadus\n|move|p2b: Tornadus|Bleakwind Storm|p1b: Sinistcha|[spread] p1a,p1b\n|-supereffective|p1b: Sinistcha\n|-damage|p1a: Indeedee|81\/100\n|-damage|p1b: Sinistcha|2\/100\n|\n|-weather|RainDance|[upkeep]\n|upkeep\n|turn|3\n|inactive|xelrules1998765432 has 30 seconds left.\n|\n|t:|1700604626\n|-terastallize|p2a: Urshifu|Steel\n|move|p1b: Sinistcha|Matcha Gotcha|p2b: Tornadus|[spread] p2b\n|-miss|p1b: Sinistcha|p2a: Urshifu\n|-resisted|p2b: Tornadus\n|-damage|p2b: Tornadus|67\/100\n|-heal|p1b: Sinistcha|10\/100|[from] drain|[of] p2b: Tornadus\n|move|p1a: Indeedee|Heal Pulse|p1b: Sinistcha\n|-heal|p1b: Sinistcha|60\/100\n|move|p2b: Tornadus|Bleakwind Storm|p1b: Sinistcha|[spread] p1a,p1b\n|-supereffective|p1b: Sinistcha\n|-damage|p1a: Indeedee|63\/100\n|-damage|p1b: Sinistcha|0 fnt\n|faint|p1b: Sinistcha\n|move|p2a: Urshifu|Surging Strikes|p1a: Indeedee\n|-crit|p1a: Indeedee\n|-damage|p1a: Indeedee|27\/100\n|-crit|p1a: Indeedee\n|-damage|p1a: Indeedee|0 fnt\n|faint|p1a: Indeedee\n|-hitcount|p1: Indeedee|2\n|\n|-weather|RainDance|[upkeep]\n|upkeep\n|\n|t:|1700604649\n|switch|p1b: Ursaluna|Ursaluna-Bloodmoon, L50, M|100\/100\n|switch|p1a: Grumpig|Grumpig, L50, M, shiny|100\/100\n|turn|4\n|\n|t:|1700604663\n|-terastallize|p1b: Ursaluna|Fairy\n|move|p2a: Urshifu|Protect|p2a: Urshifu\n|-singleturn|p2a: Urshifu|Protect\n|move|p1b: Ursaluna|Earth Power|p2a: Urshifu\n|-activate|p2a: Urshifu|move: Protect\n|move|p1a: Grumpig|Simple Beam|p1b: Ursaluna\n|-endability|p1b: Ursaluna|Mind's Eye|[from] move: Simple Beam\n|-ability|p1b: Ursaluna|Simple|[from] move: Simple Beam\n|move|p2b: Tornadus|Bleakwind Storm|p1a: Grumpig|[spread] p1a,p1b\n|-damage|p1a: Grumpig|75\/100\n|-damage|p1b: Ursaluna|64\/100\n|\n|-weather|RainDance|[upkeep]\n|upkeep\n|turn|5\n|inactive|xelrules1998765432 has 30 seconds left.\n|\n|t:|1700604690\n|move|p1b: Ursaluna|Earth Power|p2a: Urshifu\n|-supereffective|p2a: Urshifu\n|-damage|p2a: Urshifu|0 fnt\n|faint|p2a: Urshifu\n|move|p1a: Grumpig|Dazzling Gleam|p2b: Tornadus\n|-damage|p2b: Tornadus|44\/100\n|move|p2b: Tornadus|Bleakwind Storm|p1b: Ursaluna|[spread] p1a,p1b\n|-damage|p1a: Grumpig|52\/100\n|-damage|p1b: Ursaluna|32\/100\n|\n|-weather|none\n|-fieldend|move: Trick Room\n|upkeep\n|\n|t:|1700604700\n|switch|p2a: Regieleki|Regieleki, L50|100\/100\n|turn|6\n|\n|t:|1700604718\n|move|p1b: Ursaluna|Protect|p1b: Ursaluna\n|-singleturn|p1b: Ursaluna|Protect\n|move|p2a: Regieleki|Electroweb|p1b: Ursaluna|[spread] p1a\n|-activate|p1b: Ursaluna|move: Protect\n|-damage|p1a: Grumpig|28\/100\n|-unboost|p1a: Grumpig|spe|1\n|-damage|p2a: Regieleki|91\/100|[from] item: Life Orb\n|move|p2b: Tornadus|Bleakwind Storm|p1b: Ursaluna|[spread] \n|-activate|p1b: Ursaluna|move: Protect\n|-miss|p2b: Tornadus|p1a: Grumpig\n|move|p1a: Grumpig|Trick Room|p1a: Grumpig\n|-fieldstart|move: Trick Room|[of] p1a: Grumpig\n|\n|-fieldend|move: Psychic Terrain\n|upkeep\n|turn|7\n|\n|t:|1700604742\n|move|p1b: Ursaluna|Hyper Voice|p2a: Regieleki|[spread] p2a,p2b\n|-damage|p2a: Regieleki|15\/100\n|-damage|p2b: Tornadus|0 fnt\n|faint|p2b: Tornadus\n|-enditem|p1b: Ursaluna|Throat Spray\n|-boost|p1b: Ursaluna|spa|2|[from] item: Throat Spray\n|move|p1a: Grumpig|Dazzling Gleam|p2a: Regieleki\n|-damage|p2a: Regieleki|0 fnt\n|faint|p2a: Regieleki\n|\n|upkeep\n|\n|t:|1700604752\n|switch|p2b: Armarouge|Armarouge, L50, M|100\/100\n|turn|8\n|\n|t:|1700604765\n|move|p1b: Ursaluna|Earth Power|p2b: Armarouge\n|-supereffective|p2b: Armarouge\n|-damage|p2b: Armarouge|0 fnt\n|faint|p2b: Armarouge\n|\n|win|xelrules1998765432\n|raw|xelrules1998765432's rating: 1051 &rarr; <strong>1087<\/strong><br \/>(+36 for winning)\n|raw|Ixchel2343's rating: 1092 &rarr; <strong>1065<\/strong><br \/>(-27 for losing)\n|l|\u2606Ixchel2343\n","uploadtime":1700604772,"views":0,"p1id":"xelrules1998765432","p2id":"ixchel2343","formatid":"gen9vgc2023regulatione","rating":1065,"private":0,"password":""}