{"id":"gen9vgc2023regulatione-1994305821","p1":"WillieDangerously","p2":"Jnof","format":"[Gen 9] VGC 2023 Regulation E","log":"|j|\u2606WillieDangerously\n|j|\u2606Jnof\n|t:|1700429212\n|gametype|doubles\n|player|p1|WillieDangerously|psychic-gen4|1551\n|player|p2|Jnof|gambler|1449\n|teamsize|p1|6\n|teamsize|p2|6\n|gen|9\n|tier|[Gen 9] VGC 2023 Regulation E\n|rated|\n|rule|Species Clause: Limit one of each Pok\u00e9mon\n|rule|Item Clause: Limit one of each item\n|clearpoke\n|poke|p1|Iron Hands, L50|\n|poke|p1|Iron Bundle, L50|\n|poke|p1|Landorus-Therian, L50, M|\n|poke|p1|Sinistcha, L50|\n|poke|p1|Ninetales-Alola, L50, M|\n|poke|p1|Heatran, L50, F|\n|poke|p2|Kingambit, L50, M|\n|poke|p2|Ogerpon-Wellspring, L50, F|\n|poke|p2|Landorus-Therian, L50, M|\n|poke|p2|Tauros-Paldea-Blaze, L50, M|\n|poke|p2|Tornadus, L50, M|\n|poke|p2|Flutter Mane, L50|\n|teampreview|4\n|c|\u2606WillieDangerously|I like Blaze Tauros, you're cool\n|c|\u2606WillieDangerously|Glhf\n|c|\u2606Jnof|thx\n|\n|t:|1700429275\n|start\n|switch|p1a: Iron Hands|Iron Hands, L50|100\/100\n|switch|p1b: Ninetales|Ninetales-Alola, L50, M|100\/100\n|switch|p2a: Tornadus|Tornadus, L50, M|100\/100\n|switch|p2b: Flutter Mane|Flutter Mane, L50|100\/100\n|-weather|Snow|[from] ability: Snow Warning|[of] p1b: Ninetales\n|turn|1\n|\n|t:|1700429306\n|move|p2a: Tornadus|Rain Dance|p2a: Tornadus\n|-weather|RainDance\n|move|p2b: Flutter Mane|Power Gem|p1b: Ninetales\n|-supereffective|p1b: Ninetales\n|-crit|p1b: Ninetales\n|-damage|p1b: Ninetales|0 fnt\n|faint|p1b: Ninetales\n|move|p1a: Iron Hands|Heavy Slam|p2b: Flutter Mane\n|-supereffective|p2b: Flutter Mane\n|-damage|p2b: Flutter Mane|0 fnt\n|faint|p2b: Flutter Mane\n|-end|p2b: Flutter Mane|Protosynthesis|[silent]\n|\n|-weather|RainDance|[upkeep]\n|upkeep\n|\n|t:|1700429316\n|switch|p2b: Landorus|Landorus-Therian, L50, M|100\/100\n|switch|p1b: Landorus|Landorus-Therian, L50, M|100\/100\n|-ability|p2b: Landorus|Intimidate|boost\n|-unboost|p1a: Iron Hands|atk|1\n|-fail|p1b: Landorus|unboost|[from] item: Clear Amulet|[of] p1b: Landorus\n|-ability|p1b: Landorus|Intimidate|boost\n|-unboost|p2a: Tornadus|atk|1\n|-unboost|p2b: Landorus|atk|1\n|turn|2\n|\n|t:|1700429346\n|-terastallize|p2a: Tornadus|Ghost\n|-terastallize|p1a: Iron Hands|Flying\n|move|p2b: Landorus|U-turn|p1a: Iron Hands\n|-resisted|p1a: Iron Hands\n|-damage|p1a: Iron Hands|95\/100\n|\n|t:|1700429352\n|switch|p2b: Kingambit|Kingambit, L50, M|100\/100|[from] U-turn\n|move|p2a: Tornadus|Bleakwind Storm|p1b: Landorus|[spread] p1a,p1b\n|-damage|p1a: Iron Hands|75\/100\n|-damage|p1b: Landorus|63\/100\n|-unboost|p1a: Iron Hands|spe|1\n|move|p1b: Landorus|Rock Slide|p2a: Tornadus|[spread] p2a,p2b\n|-resisted|p2b: Kingambit\n|-damage|p2a: Tornadus|76\/100\n|-damage|p2b: Kingambit|92\/100\n|move|p1a: Iron Hands|Wild Charge|p2a: Tornadus\n|-damage|p2a: Tornadus|40\/100\n|-damage|p1a: Iron Hands|68\/100|[from] Recoil\n|\n|-weather|RainDance|[upkeep]\n|upkeep\n|turn|3\n|\n|t:|1700429388\n|switch|p2a: Landorus|Landorus-Therian, L50, M|100\/100\n|-ability|p2a: Landorus|Intimidate|boost\n|-unboost|p1a: Iron Hands|atk|1\n|-fail|p1b: Landorus|unboost|[from] item: Clear Amulet|[of] p1b: Landorus\n|move|p2b: Kingambit|Protect|p2b: Kingambit\n|-singleturn|p2b: Kingambit|Protect\n|move|p1b: Landorus|Stomping Tantrum|p2a: Landorus\n|-immune|p2a: Landorus\n|move|p1a: Iron Hands|Drain Punch|p2b: Kingambit\n|-activate|p2b: Kingambit|move: Protect\n|\n|-weather|RainDance|[upkeep]\n|upkeep\n|turn|4\n|\n|t:|1700429409\n|-end|p1a: Iron Hands|Quark Drive|[silent]\n|switch|p1a: Heatran|Heatran, L50, F|100\/100\n|move|p2a: Landorus|Rock Slide|p1a: Heatran|[spread] p1a,p1b\n|-damage|p1a: Heatran|83\/100\n|-damage|p1b: Landorus|40\/100\n|move|p1b: Landorus|Stomping Tantrum|p2b: Kingambit\n|-supereffective|p2b: Kingambit\n|-damage|p2b: Kingambit|0 fnt\n|faint|p2b: Kingambit\n|\n|-weather|RainDance|[upkeep]\n|-heal|p1a: Heatran|90\/100|[from] item: Leftovers\n|upkeep\n|\n|t:|1700429422\n|switch|p2b: Tornadus|Tornadus, L50, M, tera:Ghost|40\/100\n|turn|5\n|c|\u2606Jnof|god my brain\n|\n|t:|1700429444\n|switch|p1a: Iron Hands|Iron Hands, L50, tera:Flying|68\/100\n|move|p2a: Landorus|Rock Slide|p1a: Iron Hands|[spread] p1b\n|-miss|p2a: Landorus|p1a: Iron Hands\n|-damage|p1b: Landorus|17\/100\n|move|p2b: Tornadus|Bleakwind Storm|p1b: Landorus|[spread] p1a,p1b\n|-damage|p1a: Iron Hands|48\/100\n|-damage|p1b: Landorus|0 fnt\n|faint|p1b: Landorus\n|\n|-weather|none\n|upkeep\n|c|\u2606Jnof|my dumbass just assumed scarf\n|c|\u2606Jnof|when i know you aint\n|\n|t:|1700429457\n|switch|p1b: Heatran|Heatran, L50, F|90\/100\n|turn|6\n|\n|t:|1700429473\n|move|p1a: Iron Hands|Fake Out|p2a: Landorus\n|-damage|p2a: Landorus|82\/100\n|move|p2b: Tornadus|Rain Dance|p2b: Tornadus\n|-weather|RainDance\n|cant|p2a: Landorus|flinch\n|move|p1b: Heatran|Flash Cannon|p2b: Tornadus\n|-damage|p2b: Tornadus|0 fnt\n|faint|p2b: Tornadus\n|\n|-weather|RainDance|[upkeep]\n|-heal|p1b: Heatran|96\/100|[from] item: Leftovers\n|upkeep\n|turn|7\n|\n|t:|1700429495\n|move|p1b: Heatran|Protect|p1b: Heatran\n|-singleturn|p1b: Heatran|Protect\n|move|p2a: Landorus|Rock Slide|p1b: Heatran|[spread] p1a\n|-activate|p1b: Heatran|move: Protect\n|-supereffective|p1a: Iron Hands\n|-damage|p1a: Iron Hands|18\/100\n|move|p1a: Iron Hands|Heavy Slam|p2a: Landorus\n|-damage|p2a: Landorus|33\/100\n|\n|-weather|RainDance|[upkeep]\n|-heal|p1b: Heatran|100\/100|[from] item: Leftovers\n|upkeep\n|turn|8\n|\n|t:|1700429510\n|move|p2a: Landorus|Rock Slide|p1b: Heatran|[spread] p1b\n|-miss|p2a: Landorus|p1a: Iron Hands\n|-damage|p1b: Heatran|83\/100\n|cant|p1b: Heatran|flinch\n|move|p1a: Iron Hands|Heavy Slam|p2a: Landorus\n|-damage|p2a: Landorus|0 fnt\n|faint|p2a: Landorus\n|\n|win|WillieDangerously\n|raw|WillieDangerously's rating: 1551 &rarr; <strong>1565<\/strong><br \/>(+14 for winning)\n|raw|Jnof's rating: 1449 &rarr; <strong>1435<\/strong><br \/>(-14 for losing)\n|c|\u2606Jnof|gg brother\n","uploadtime":1700429535,"views":4,"p1id":"williedangerously","p2id":"jnof","formatid":"gen9vgc2023regulatione","rating":1435,"private":0,"password":""}