{"id":"gen9vgc2023regulatione-1995365926","p1":"l4z4r0","p2":"synchro1","format":"[Gen 9] VGC 2023 Regulation E","log":"|j|\u2606l4z4r0\n|j|\u2606synchro1\n|t:|1700560614\n|gametype|doubles\n|player|p1|l4z4r0|169|1433\n|player|p2|synchro1|swimmerf|1360\n|teamsize|p1|6\n|teamsize|p2|6\n|gen|9\n|tier|[Gen 9] VGC 2023 Regulation E\n|rated|\n|rule|Species Clause: Limit one of each Pok\u00e9mon\n|rule|Item Clause: Limit one of each item\n|clearpoke\n|poke|p1|Iron Hands, L50|\n|poke|p1|Annihilape, L50, M|\n|poke|p1|Maushold-Four, L50|\n|poke|p1|Rillaboom, L50, M|\n|poke|p1|Cresselia, L50, F|\n|poke|p1|Sinistcha, L50|\n|poke|p2|Ursaluna-Bloodmoon, L50, M|\n|poke|p2|Indeedee-F, L50, F|\n|poke|p2|Flutter Mane, L50|\n|poke|p2|Lilligant-Hisui, L50, F|\n|poke|p2|Sableye, L50, F|\n|poke|p2|Torkoal, L50, M|\n|teampreview|4\nl4z4r0 rejected open team sheets.\n|inactive|Battle timer is ON: inactive players will automatically lose when time's up. (requested by l4z4r0)\n|\n|t:|1700560667\n|start\n|switch|p1a: Pinky|Annihilape, L50, M|100\/100\n|switch|p1b: Cerebro|Maushold-Four, L50|100\/100\n|switch|p2a: Indeedee|Indeedee-F, L50, F|100\/100\n|switch|p2b: Lilligant|Lilligant-Hisui, L50, F|100\/100\n|-fieldstart|move: Psychic Terrain|[from] ability: Psychic Surge|[of] p2a: Indeedee\n|-enditem|p2a: Indeedee|Psychic Seed\n|-boost|p2a: Indeedee|spd|1|[from] item: Psychic Seed\n|turn|1\n|inactive|l4z4r0 has 30 seconds left.\n|\n|t:|1700560697\n|move|p1b: Cerebro|Protect|p1b: Cerebro\n|-singleturn|p1b: Cerebro|Protect\n|move|p2b: Lilligant|Close Combat|p1b: Cerebro\n|-activate|p1b: Cerebro|move: Protect\n|move|p1a: Pinky|Bulk Up|p1a: Pinky\n|-boost|p1a: Pinky|atk|1\n|-boost|p1a: Pinky|def|1\n|move|p2a: Indeedee|Trick Room|p2a: Indeedee\n|-fieldstart|move: Trick Room|[of] p2a: Indeedee\n|\n|upkeep\n|turn|2\n|inactive|l4z4r0 has 30 seconds left.\n|inactive|l4z4r0 has 20 seconds left.\n|inactive|l4z4r0 has 15 seconds left.\n|\n|t:|1700560742\n|switch|p2b: Torkoal|Torkoal, L50, M|100\/100\n|-weather|SunnyDay|[from] ability: Drought|[of] p2b: Torkoal\n|-terastallize|p1b: Cerebro|Ghost\n|move|p2a: Indeedee|Follow Me|p2a: Indeedee\n|-singleturn|p2a: Indeedee|move: Follow Me\n|move|p1a: Pinky|Bulk Up|p1a: Pinky\n|-boost|p1a: Pinky|atk|1\n|-boost|p1a: Pinky|def|1\n|move|p1b: Cerebro|Encore|p2a: Indeedee\n|-start|p2a: Indeedee|Encore\n|\n|-weather|SunnyDay|[upkeep]\n|upkeep\n|turn|3\n|inactive|l4z4r0 has 30 seconds left.\n|\n|t:|1700560770\n|-terastallize|p2b: Torkoal|Fire\n|move|p1a: Pinky|Protect|p1a: Pinky\n|-singleturn|p1a: Pinky|Protect\n|move|p1b: Cerebro|Protect|p1b: Cerebro\n|-singleturn|p1b: Cerebro|Protect\n|move|p2a: Indeedee|Follow Me|p2a: Indeedee\n|-singleturn|p2a: Indeedee|move: Follow Me\n|move|p2b: Torkoal|Eruption|p1a: Pinky|[spread] \n|-activate|p1a: Pinky|move: Protect\n|-activate|p1b: Cerebro|move: Protect\n|\n|-weather|SunnyDay|[upkeep]\n|upkeep\n|turn|4\n|inactive|l4z4r0 has 30 seconds left.\n|inactive|l4z4r0 has 20 seconds left.\n|\n|t:|1700560807\n|move|p1b: Cerebro|Protect|p1b: Cerebro\n|-singleturn|p1b: Cerebro|Protect\n|move|p2a: Indeedee|Follow Me|p2a: Indeedee\n|-singleturn|p2a: Indeedee|move: Follow Me\n|move|p2b: Torkoal|Eruption|p1b: Cerebro|[spread] p1a\n|-activate|p1b: Cerebro|move: Protect\n|-damage|p1a: Pinky|31\/100\n|move|p1a: Pinky|Drain Punch|p2a: Indeedee\n|-damage|p2a: Indeedee|34\/100\n|-heal|p1a: Pinky|59\/100|[from] drain|[of] p2a: Indeedee\n|\n|-weather|SunnyDay|[upkeep]\n|-heal|p1a: Pinky|65\/100|[from] item: Leftovers\n|upkeep\n|turn|5\n|inactive|l4z4r0 has 30 seconds left.\n|\n|t:|1700560833\n|move|p1a: Pinky|Protect|p1a: Pinky\n|-singleturn|p1a: Pinky|Protect\n|move|p2a: Indeedee|Follow Me|p2a: Indeedee\n|-singleturn|p2a: Indeedee|move: Follow Me\n|move|p2b: Torkoal|Eruption|p1a: Pinky|[spread] p1b\n|-activate|p1a: Pinky|move: Protect\n|-damage|p1b: Cerebro|0 fnt\n|faint|p1b: Cerebro\n|\n|-weather|SunnyDay|[upkeep]\n|-heal|p1a: Pinky|71\/100|[from] item: Leftovers\n|-end|p2a: Indeedee|Encore\n|-fieldend|move: Trick Room\n|-fieldend|move: Psychic Terrain\n|upkeep\n|\n|t:|1700560853\n|switch|p1b: TerenceHill|Cresselia, L50, F|100\/100\n|turn|6\n|inactive|synchro1 has 30 seconds left.\n|inactive|synchro1 has 20 seconds left.\n|inactive|synchro1 has 15 seconds left.\n|inactive|synchro1 has 10 seconds left.\n|\n|t:|1700560899\n|switch|p2b: Ursaluna|Ursaluna-Bloodmoon, L50, M|100\/100\n|move|p1a: Pinky|Drain Punch|p2b: Ursaluna\n|-supereffective|p2b: Ursaluna\n|-damage|p2b: Ursaluna|12\/100\n|-heal|p1a: Pinky|100\/100|[from] drain|[of] p2b: Ursaluna\n|move|p1b: TerenceHill|Lunar Blessing||[still]|[spread] \n|-fail|p1b: TerenceHill\n|move|p2a: Indeedee|Trick Room|p2a: Indeedee\n|-fieldstart|move: Trick Room|[of] p2a: Indeedee\n|\n|-weather|none\n|upkeep\n|turn|7\n|\n|t:|1700560915\n|move|p2a: Indeedee|Helping Hand|p2b: Ursaluna\n|-singleturn|p2b: Ursaluna|Helping Hand|[of] p2a: Indeedee\n|move|p1a: Pinky|Protect|p1a: Pinky\n|-singleturn|p1a: Pinky|Protect\n|move|p2b: Ursaluna|Blood Moon|p1a: Pinky\n|-activate|p1a: Pinky|move: Protect\n|move|p1b: TerenceHill|Trick Room|p1b: TerenceHill\n|-fieldend|move: Trick Room\n|\n|upkeep\n|turn|8\n|inactive|l4z4r0 has 30 seconds left.\n|inactive|synchro1 has 30 seconds left.\n|\n|t:|1700560946\n|move|p1a: Pinky|Drain Punch|p2a: Indeedee\n|-damage|p2a: Indeedee|0 fnt\n|faint|p2a: Indeedee\n|move|p1b: TerenceHill|Psychic|p2b: Ursaluna\n|-damage|p2b: Ursaluna|0 fnt\n|faint|p2b: Ursaluna\n|-damage|p1b: TerenceHill|91\/100|[from] item: Life Orb\n|\n|upkeep\n|\n|t:|1700560952\n|switch|p2a: Lilligant|Lilligant-Hisui, L50, F|100\/100\n|switch|p2b: Torkoal|Torkoal, L50, M, tera:Fire|100\/100\n|-weather|SunnyDay|[from] ability: Drought|[of] p2b: Torkoal\n|turn|9\n|inactive|l4z4r0 has 30 seconds left.\n|inactive|l4z4r0 has 20 seconds left.\n|inactive|l4z4r0 has 15 seconds left.\n|inactive|l4z4r0 has 10 seconds left.\n|\n|t:|1700560997\n|move|p1a: Pinky|Protect|p1a: Pinky\n|-singleturn|p1a: Pinky|Protect\n|move|p2b: Torkoal|Protect|p2b: Torkoal\n|-singleturn|p2b: Torkoal|Protect\n|move|p2a: Lilligant|Sleep Powder|p1a: Pinky\n|-activate|p1a: Pinky|move: Protect\n|move|p1b: TerenceHill|Psychic|p2b: Torkoal\n|-activate|p2b: Torkoal|move: Protect\n|\n|-weather|SunnyDay|[upkeep]\n|upkeep\n|turn|10\n|inactive|l4z4r0 has 30 seconds left.\n|inactive|l4z4r0 has 20 seconds left.\n|inactive|l4z4r0 has 15 seconds left.\n|\n|t:|1700561039\n|move|p2a: Lilligant|After You|p2b: Torkoal\n|-activate|p2b: Torkoal|move: After You\n|move|p2b: Torkoal|Eruption|p1a: Pinky|[spread] p1a,p1b\n|-crit|p1b: TerenceHill\n|-damage|p1a: Pinky|15\/100\n|-damage|p1b: TerenceHill|0 fnt\n|faint|p1b: TerenceHill\n|move|p1a: Pinky|Rage Fist|p2b: Torkoal\n|-damage|p2b: Torkoal|8\/100\n|\n|-weather|SunnyDay|[upkeep]\n|-heal|p1a: Pinky|21\/100|[from] item: Leftovers\n|upkeep\n|\n|t:|1700561049\n|switch|p1b: MatchaLatte|Sinistcha, L50|100\/100\n|-heal|p1a: Pinky|46\/100|[from] ability: Hospitality|[of] p1b: MatchaLatte\n|turn|11\n|inactive|l4z4r0 has 30 seconds left.\n|inactive|l4z4r0 has 20 seconds left.\n|inactive|l4z4r0 has 15 seconds left.\n|inactive|l4z4r0 has 10 seconds left.\n|\n|t:|1700561095\n|move|p1b: MatchaLatte|Rage Powder|p1b: MatchaLatte\n|-singleturn|p1b: MatchaLatte|move: Rage Powder\n|move|p2a: Lilligant|After You|p2b: Torkoal\n|-activate|p2b: Torkoal|move: After You\n|move|p2b: Torkoal|Flamethrower|p1b: MatchaLatte\n|-supereffective|p1b: MatchaLatte\n|-damage|p1b: MatchaLatte|0 fnt\n|faint|p1b: MatchaLatte\n|move|p1a: Pinky|Rage Fist|p2a: Lilligant\n|-enditem|p2a: Lilligant|Focus Sash\n|-damage|p2a: Lilligant|1\/100\n|\n|-weather|SunnyDay|[upkeep]\n|-heal|p1a: Pinky|52\/100|[from] item: Leftovers\n|upkeep\n|turn|12\n|inactive|synchro1 has 30 seconds left.\n|\n|t:|1700561124\n|move|p1a: Pinky|Protect|p1a: Pinky\n|-singleturn|p1a: Pinky|Protect\n|move|p2a: Lilligant|After You|p2b: Torkoal\n|-activate|p2b: Torkoal|move: After You\n|move|p2b: Torkoal|Flamethrower|p1a: Pinky\n|-activate|p1a: Pinky|move: Protect\n|\n|-weather|SunnyDay|[upkeep]\n|-heal|p1a: Pinky|58\/100|[from] item: Leftovers\n|upkeep\n|turn|13\n|inactive|l4z4r0 has 30 seconds left.\n|\n|t:|1700561147\n|move|p2a: Lilligant|After You|p2b: Torkoal\n|-activate|p2b: Torkoal|move: After You\n|move|p2b: Torkoal|Flamethrower|p1a: Pinky\n|-damage|p1a: Pinky|0 fnt\n|faint|p1a: Pinky\n|\n|win|synchro1\n|inactive|l4z4r0 has 25 seconds left this turn.\n|raw|l4z4r0's rating: 1433 &rarr; <strong>1409<\/strong><br \/>(-24 for losing)\n|raw|synchro1's rating: 1360 &rarr; <strong>1384<\/strong><br \/>(+24 for winning)\n|l|\u2606l4z4r0\n","uploadtime":1700561158,"views":8,"p1id":"l4z4r0","p2id":"synchro1","formatid":"gen9vgc2023regulatione","rating":1384,"private":0,"password":""}