{"id":"gen9vgc2023regulatione-1989816820","p1":"Kzjrhzk","p2":"bigpika95","format":"[Gen 9] VGC 2023 Regulation E","log":"|j|\u2606Kzjrhzk\n|j|\u2606bigpika95\n|t:|1699898179\n|gametype|doubles\n|player|p1|Kzjrhzk|lance|1179\n|player|p2|bigpika95|bellepa|1239\n|teamsize|p1|6\n|teamsize|p2|6\n|gen|9\n|tier|[Gen 9] VGC 2023 Regulation E\n|rated|\n|rule|Species Clause: Limit one of each Pok\u00e9mon\n|rule|Item Clause: Limit one of each item\n|clearpoke\n|poke|p1|Flutter Mane, L50|\n|poke|p1|Tornadus, L50, M|\n|poke|p1|Rillaboom, L50, M|\n|poke|p1|Garganacl, L50, F|\n|poke|p1|Arcanine-Hisui, L50, M|\n|poke|p1|Chien-Pao, L50|\n|poke|p2|Iron Hands, L50|\n|poke|p2|Arcanine, L50, F|\n|poke|p2|Urshifu-*, L50, F|\n|poke|p2|Scizor, L50, F|\n|poke|p2|Iron Bundle, L50|\n|poke|p2|Dusclops, L50, M|\n|teampreview|4\n|\n|t:|1699898203\n|start\n|switch|p1a: Tornadus|Tornadus, L50, M|100\/100\n|switch|p1b: Garganacl|Garganacl, L50, F|100\/100\n|switch|p2a: Scizor|Scizor, L50, F|100\/100\n|switch|p2b: Iron Hands|Iron Hands, L50|100\/100\n|turn|1\n|\n|t:|1699898228\n|-terastallize|p1b: Garganacl|Ghost\n|move|p2b: Iron Hands|Fake Out|p1a: Tornadus\n|-damage|p1a: Tornadus|80\/100\n|-damage|p2b: Iron Hands|84\/100|[from] item: Rocky Helmet|[of] p1a: Tornadus\n|move|p2a: Scizor|Bullet Punch|p1a: Tornadus\n|-damage|p1a: Tornadus|36\/100\n|-damage|p2a: Scizor|84\/100|[from] item: Rocky Helmet|[of] p1a: Tornadus\n|cant|p1a: Tornadus|flinch\n|move|p1b: Garganacl|Iron Defense|p1b: Garganacl\n|-boost|p1b: Garganacl|def|2\n|\n|upkeep\n|turn|2\n|\n|t:|1699898251\n|-end|p2b: Iron Hands|Quark Drive|[silent]\n|switch|p2b: Arcanine|Arcanine, L50, F|100\/100\n|-ability|p2b: Arcanine|Intimidate|boost\n|-unboost|p1a: Tornadus|atk|1\n|-unboost|p1b: Garganacl|atk|1\n|move|p1a: Tornadus|Bleakwind Storm|p2b: Arcanine|[spread] p2a,p2b\n|-damage|p2a: Scizor|51\/100\n|-damage|p2b: Arcanine|76\/100\n|move|p2a: Scizor|Tailwind|p2a: Scizor\n|-sidestart|p2: bigpika95|move: Tailwind\n|move|p1b: Garganacl|Salt Cure|p2a: Scizor\n|-damage|p2a: Scizor|40\/100\n|-start|p2a: Scizor|Salt Cure\n|\n|-damage|p2a: Scizor|15\/100|[from] Salt Cure\n|upkeep\n|turn|3\n|\n|t:|1699898276\n|switch|p2a: Iron Hands|Iron Hands, L50|84\/100\n|move|p1a: Tornadus|Tailwind|p1a: Tornadus\n|-sidestart|p1: Kzjrhzk|move: Tailwind\n|move|p2b: Arcanine|Will-O-Wisp|p1b: Garganacl|[miss]\n|-miss|p2b: Arcanine|p1b: Garganacl\n|move|p1b: Garganacl|Iron Defense|p1b: Garganacl\n|-boost|p1b: Garganacl|def|2\n|\n|upkeep\n|turn|4\n|\n|t:|1699898294\n|move|p2a: Iron Hands|Fake Out|p1a: Tornadus\n|-damage|p1a: Tornadus|14\/100\n|-damage|p2a: Iron Hands|67\/100|[from] item: Rocky Helmet|[of] p1a: Tornadus\n|cant|p1a: Tornadus|flinch\n|move|p2b: Arcanine|Will-O-Wisp|p1b: Garganacl\n|-immune|p1b: Garganacl|[from] ability: Purifying Salt\n|move|p1b: Garganacl|Salt Cure|p2b: Arcanine\n|-supereffective|p2b: Arcanine\n|-damage|p2b: Arcanine|53\/100\n|-start|p2b: Arcanine|Salt Cure\n|\n|-damage|p2b: Arcanine|41\/100|[from] Salt Cure\n|upkeep\n|-enditem|p2b: Arcanine|Sitrus Berry|[eat]\n|-heal|p2b: Arcanine|66\/100|[from] item: Sitrus Berry\n|turn|5\n|\n|t:|1699898318\n|switch|p2b: Scizor|Scizor, L50, F|15\/100\n|move|p1a: Tornadus|Bleakwind Storm|p2a: Iron Hands|[spread] p2a,p2b\n|-damage|p2a: Iron Hands|52\/100\n|-damage|p2b: Scizor|0 fnt\n|faint|p2b: Scizor\n|move|p2a: Iron Hands|Wild Charge|p1a: Tornadus\n|-supereffective|p1a: Tornadus\n|-damage|p1a: Tornadus|0 fnt\n|-damage|p2a: Iron Hands|35\/100|[from] item: Rocky Helmet|[of] p1a: Tornadus\n|faint|p1a: Tornadus\n|-damage|p2a: Iron Hands|32\/100|[from] Recoil\n|move|p1b: Garganacl|Salt Cure|p2a: Iron Hands\n|-resisted|p2a: Iron Hands\n|-damage|p2a: Iron Hands|29\/100\n|-start|p2a: Iron Hands|Salt Cure\n|\n|-damage|p2a: Iron Hands|17\/100|[from] Salt Cure\n|-sideend|p2: bigpika95|move: Tailwind\n|upkeep\n|\n|t:|1699898327\n|switch|p1a: Arcanine|Arcanine-Hisui, L50, M|100\/100\n|switch|p2b: Iron Bundle|Iron Bundle, L50|100\/100\n|-ability|p1a: Arcanine|Intimidate|boost\n|-unboost|p2a: Iron Hands|atk|1\n|-unboost|p2b: Iron Bundle|atk|1\n|-enditem|p2b: Iron Bundle|Booster Energy\n|-activate|p2b: Iron Bundle|ability: Quark Drive|[fromitem]\n|-start|p2b: Iron Bundle|quarkdrivespe\n|turn|6\n|\n|t:|1699898339\n|switch|p1a: Rillaboom|Rillaboom, L50, M|100\/100\n|-fieldstart|move: Grassy Terrain|[from] ability: Grassy Surge|[of] p1a: Rillaboom\n|-end|p2a: Iron Hands|Quark Drive|[silent]\n|switch|p2a: Arcanine|Arcanine, L50, F|66\/100\n|-ability|p2a: Arcanine|Intimidate|boost\n|-unboost|p1a: Rillaboom|atk|1\n|-unboost|p1b: Garganacl|atk|1\n|-terastallize|p2b: Iron Bundle|Ghost\n|move|p2b: Iron Bundle|Hydro Pump|p1a: Rillaboom|[miss]\n|-miss|p2b: Iron Bundle|p1a: Rillaboom\n|move|p1b: Garganacl|Salt Cure|p2b: Iron Bundle\n|-damage|p2b: Iron Bundle|91\/100\n|-start|p2b: Iron Bundle|Salt Cure\n|\n|-heal|p2b: Iron Bundle|97\/100|[from] Grassy Terrain\n|-heal|p2a: Arcanine|72\/100|[from] Grassy Terrain\n|-damage|p2b: Iron Bundle|84\/100|[from] Salt Cure\n|-sideend|p1: Kzjrhzk|move: Tailwind\n|upkeep\n|turn|7\n|\n|t:|1699898354\n|-end|p2b: Iron Bundle|Quark Drive|[silent]\n|switch|p2b: Iron Hands|Iron Hands, L50|17\/100\n|move|p1a: Rillaboom|Fake Out|p2a: Arcanine\n|-damage|p2a: Arcanine|60\/100\n|cant|p2a: Arcanine|flinch\n|move|p1b: Garganacl|Salt Cure|p2a: Arcanine\n|-supereffective|p2a: Arcanine\n|-damage|p2a: Arcanine|44\/100\n|-start|p2a: Arcanine|Salt Cure\n|\n|-heal|p2a: Arcanine|50\/100|[from] Grassy Terrain\n|-heal|p2b: Iron Hands|23\/100|[from] Grassy Terrain\n|-damage|p2a: Arcanine|38\/100|[from] Salt Cure\n|upkeep\n|turn|8\n|-message|bigpika95 forfeited.\n|\n|win|Kzjrhzk\n|raw|Kzjrhzk's rating: 1179 &rarr; <strong>1208<\/strong><br \/>(+29 for winning)\n|raw|bigpika95's rating: 1239 &rarr; <strong>1210<\/strong><br \/>(-29 for losing)\n|l|\u2606bigpika95\n","uploadtime":1699898366,"views":7,"p1id":"kzjrhzk","p2id":"bigpika95","formatid":"gen9vgc2023regulatione","rating":1208,"private":0,"password":""}