{"id":"gen9vgc2023regulatione-1997947851","p1":"someguy459","p2":"Iciclebutagainn","format":"[Gen 9] VGC 2023 Regulation E","log":"|j|\u2606someguy459\n|j|\u2606Iciclebutagainn\n|t:|1700870886\n|gametype|doubles\n|player|p1|someguy459|ingo|1115\n|player|p2|Iciclebutagainn|clown|1191\n|teamsize|p1|6\n|teamsize|p2|6\n|gen|9\n|tier|[Gen 9] VGC 2023 Regulation E\n|rated|\n|rule|Species Clause: Limit one of each Pok\u00e9mon\n|rule|Item Clause: Limit one of each item\n|clearpoke\n|poke|p1|Tornadus, L50, M|\n|poke|p1|Rillaboom, L50, M|\n|poke|p1|Ogerpon-Hearthflame, L50, F|\n|poke|p1|Chien-Pao, L50|\n|poke|p1|Urshifu-*, L50, M|\n|poke|p1|Gholdengo, L50|\n|poke|p2|Iron Hands, L50|\n|poke|p2|Arcanine-Hisui, L50, M|\n|poke|p2|Urshifu-*, L50, F|\n|poke|p2|Tornadus, L50, M|\n|poke|p2|Gholdengo, L50|\n|poke|p2|Rillaboom, L50, M|\n|teampreview|4\n|inactive|Battle timer is ON: inactive players will automatically lose when time's up. (requested by Iciclebutagainn)\nIciclebutagainn has agreed to open team sheets.\nsomeguy459 has agreed to open team sheets.\n|inactive|someguy459 has 30 seconds left.\n|inactive|someguy459 has 20 seconds left.\n|inactive|someguy459 has 15 seconds left.\n|\n|t:|1700870952\n|start\n|switch|p1a: Tornadus|Tornadus, L50, M|100\/100\n|switch|p1b: Chien-Pao|Chien-Pao, L50|100\/100\n|switch|p2a: Urshifu|Urshifu-Rapid-Strike, L50, F|100\/100\n|switch|p2b: Arcanine|Arcanine-Hisui, L50, M|100\/100\n|-ability|p1b: Chien-Pao|Sword of Ruin\n|-ability|p2b: Arcanine|Intimidate|boost\n|-unboost|p1a: Tornadus|atk|1\n|-unboost|p1b: Chien-Pao|atk|1\n|turn|1\n|\n|t:|1700870973\n|switch|p1b: Urshifu|Urshifu-Rapid-Strike, L50, M|100\/100\n|move|p1a: Tornadus|Tailwind|p1a: Tornadus\n|-sidestart|p1: someguy459|move: Tailwind\n|move|p2a: Urshifu|U-turn|p1b: Urshifu\n|-resisted|p1b: Urshifu\n|-damage|p1b: Urshifu|87\/100\n|\n|t:|1700870981\n|switch|p2a: Iron Hands|Iron Hands, L50|100\/100|[from] U-turn\n|move|p2b: Arcanine|Rock Slide|p1b: Urshifu|[spread] p1a,p1b\n|-supereffective|p1a: Tornadus\n|-resisted|p1b: Urshifu\n|-damage|p1a: Tornadus|0 fnt\n|-damage|p1b: Urshifu|65\/100\n|faint|p1a: Tornadus\n|\n|upkeep\n|\n|t:|1700870992\n|switch|p1a: Ogerpon|Ogerpon-Hearthflame, L50, F|100\/100\n|-ability|p1a: Ogerpon|Mold Breaker\n|turn|2\n|\n|t:|1700871004\n|move|p1a: Ogerpon|Spiky Shield|p1a: Ogerpon\n|-singleturn|p1a: Ogerpon|move: Protect\n|move|p1b: Urshifu|Protect|p1b: Urshifu\n|-singleturn|p1b: Urshifu|Protect\n|move|p2a: Iron Hands|Fake Out|p1b: Urshifu\n|-activate|p1b: Urshifu|move: Protect\n|move|p2b: Arcanine|Rock Slide|p1a: Ogerpon|[spread] \n|-activate|p1a: Ogerpon|move: Protect\n|-activate|p1b: Urshifu|move: Protect\n|\n|upkeep\n|turn|3\n|\n|t:|1700871028\n|switch|p2b: Gholdengo|Gholdengo, L50|100\/100\n|-terastallize|p1a: Ogerpon|Fire\n|detailschange|p1a: Ogerpon|Ogerpon-Hearthflame-Tera, L50, F, tera:Fire\n|-ability|p1a: Ogerpon|Embody Aspect (Hearthflame)|boost\n|-boost|p1a: Ogerpon|atk|1\n|move|p1a: Ogerpon|Ivy Cudgel|p2a: Iron Hands|[anim] Ivy Cudgel Fire\n|-damage|p2a: Iron Hands|20\/100\n|move|p1b: Urshifu|Surging Strikes|p2b: Gholdengo\n|-crit|p2b: Gholdengo\n|-damage|p2b: Gholdengo|77\/100\n|-crit|p2b: Gholdengo\n|-damage|p2b: Gholdengo|51\/100\n|-crit|p2b: Gholdengo\n|-damage|p2b: Gholdengo|26\/100\n|-hitcount|p2b: Gholdengo|3\n|move|p2a: Iron Hands|Wild Charge|p1b: Urshifu\n|-supereffective|p1b: Urshifu\n|-damage|p1b: Urshifu|0 fnt\n|faint|p1b: Urshifu\n|-damage|p2a: Iron Hands|8\/100|[from] Recoil\n|\n|-heal|p2b: Gholdengo|32\/100|[from] item: Leftovers\n|upkeep\n|\n|t:|1700871048\n|switch|p1b: Chien-Pao|Chien-Pao, L50|100\/100\n|-ability|p1b: Chien-Pao|Sword of Ruin\n|turn|4\n|\n|t:|1700871055\n|move|p2b: Gholdengo|Protect|p2b: Gholdengo\n|-singleturn|p2b: Gholdengo|Protect\n|move|p1b: Chien-Pao|Sacred Sword|p2a: Iron Hands\n|-damage|p2a: Iron Hands|0 fnt\n|faint|p2a: Iron Hands\n|-end|p2a: Iron Hands|Quark Drive|[silent]\n|move|p1a: Ogerpon|Ivy Cudgel|p2b: Gholdengo|[anim] Ivy Cudgel Fire\n|-activate|p2b: Gholdengo|move: Protect\n|\n|-heal|p2b: Gholdengo|39\/100|[from] item: Leftovers\n|-sideend|p1: someguy459|move: Tailwind\n|upkeep\n|\n|t:|1700871066\n|switch|p2a: Urshifu|Urshifu-Rapid-Strike, L50, F|100\/100\n|turn|5\n|\n|t:|1700871087\n|-terastallize|p2a: Urshifu|Water\n|move|p2a: Urshifu|Surging Strikes|p1a: Ogerpon\n|-supereffective|p1a: Ogerpon\n|-crit|p1a: Ogerpon\n|-damage|p1a: Ogerpon|6\/100\n|-supereffective|p1a: Ogerpon\n|-crit|p1a: Ogerpon\n|-damage|p1a: Ogerpon|0 fnt\n|faint|p1a: Ogerpon\n|-hitcount|p1: Ogerpon|2\n|move|p1b: Chien-Pao|Sacred Sword|p2a: Urshifu\n|-damage|p2a: Urshifu|63\/100\n|move|p2b: Gholdengo|Make It Rain|p1b: Chien-Pao\n|-supereffective|p1b: Chien-Pao\n|-enditem|p1b: Chien-Pao|Focus Sash\n|-damage|p1b: Chien-Pao|1\/100\n|-unboost|p2b: Gholdengo|spa|1\n|\n|-heal|p2b: Gholdengo|45\/100|[from] item: Leftovers\n|upkeep\n|turn|6\n|-message|someguy459 forfeited.\n|\n|win|Iciclebutagainn\n|raw|someguy459's rating: 1115 &rarr; <strong>1095<\/strong><br \/>(-20 for losing)\n|raw|Iciclebutagainn's rating: 1191 &rarr; <strong>1211<\/strong><br \/>(+20 for winning)\n|l|\u2606someguy459\n","uploadtime":1700871115,"views":11,"p1id":"someguy459","p2id":"iciclebutagainn","formatid":"gen9vgc2023regulatione","rating":1095,"private":0,"password":""}