{"id":"gen9vgc2023regulatione-2000006348","p1":"Toto0v0","p2":"RyeDye","format":"[Gen 9] VGC 2023 Regulation E","log":"|j|\u2606Toto0v0\n|j|\u2606RyeDye\n|t:|1701140318\n|gametype|doubles\n|player|p1|Toto0v0|lillie-masters2|1221\n|player|p2|RyeDye|idol|1208\n|teamsize|p1|6\n|teamsize|p2|6\n|gen|9\n|tier|[Gen 9] VGC 2023 Regulation E\n|rated|\n|rule|Species Clause: Limit one of each Pok\u00e9mon\n|rule|Item Clause: Limit one of each item\n|clearpoke\n|poke|p1|Roaring Moon, L50|\n|poke|p1|Heatran, L50, M|\n|poke|p1|Landorus-Therian, L50, M|\n|poke|p1|Chien-Pao, L50|\n|poke|p1|Iron Hands, L50|\n|poke|p1|Amoonguss, L50, M|\n|poke|p2|Tornadus, L50, M|\n|poke|p2|Flutter Mane, L50|\n|poke|p2|Ogerpon-Hearthflame, L50, F|\n|poke|p2|Chien-Pao, L50|\n|poke|p2|Iron Hands, L50|\n|poke|p2|Farigiraf, L50, F|\n|teampreview|4\n|inactive|Battle timer is ON: inactive players will automatically lose when time's up. (requested by RyeDye)\nRyeDye has agreed to open team sheets.\n|inactive|Toto0v0 has 60 seconds left.\n|inactive|RyeDye has 60 seconds left.\n|\n|t:|1701140372\n|start\n|switch|p1a: Heatran|Heatran, L50, M|100\/100\n|switch|p1b: Amoonguss|Amoonguss, L50, M, shiny|100\/100\n|switch|p2a: Ogerpon|Ogerpon-Hearthflame, L50, F|100\/100\n|switch|p2b: Tornadus|Tornadus, L50, M|100\/100\n|-ability|p2a: Ogerpon|Mold Breaker\n|turn|1\n|\n|t:|1701140396\n|move|p1b: Amoonguss|Protect|p1b: Amoonguss\n|-singleturn|p1b: Amoonguss|Protect\n|move|p2a: Ogerpon|Ivy Cudgel|p1a: Heatran|[anim] Ivy Cudgel Fire\n|-crit|p1a: Heatran\n|-damage|p1a: Heatran|26\/100\n|move|p2b: Tornadus|Bleakwind Storm|p1b: Amoonguss|[spread] \n|-activate|p1b: Amoonguss|move: Protect\n|-miss|p2b: Tornadus|p1a: Heatran\n|move|p1a: Heatran|Stealth Rock|p2a: Ogerpon\n|-sidestart|p2: RyeDye|move: Stealth Rock\n|\n|upkeep\n|turn|2\n|inactive|RyeDye has 30 seconds left.\n|\n|t:|1701140426\n|move|p2a: Ogerpon|Spiky Shield|p2a: Ogerpon\n|-singleturn|p2a: Ogerpon|move: Protect\n|move|p2b: Tornadus|Tailwind|p2b: Tornadus\n|-sidestart|p2: RyeDye|move: Tailwind\n|move|p1a: Heatran|Flamethrower|p2a: Ogerpon\n|-activate|p2a: Ogerpon|move: Protect\n|move|p1b: Amoonguss|Spore|p2b: Tornadus\n|-status|p2b: Tornadus|slp|[from] move: Spore\n|\n|upkeep\n|turn|3\n|\n|t:|1701140448\n|switch|p1a: Roaring Moon|Roaring Moon, L50|100\/100\n|-enditem|p1a: Roaring Moon|Booster Energy\n|-activate|p1a: Roaring Moon|ability: Protosynthesis|[fromitem]\n|-start|p1a: Roaring Moon|protosynthesisatk\n|cant|p2b: Tornadus|slp\n|move|p2a: Ogerpon|Ivy Cudgel|p1a: Roaring Moon|[anim] Ivy Cudgel Fire\n|-resisted|p1a: Roaring Moon\n|-crit|p1a: Roaring Moon\n|-damage|p1a: Roaring Moon|54\/100\n|move|p1b: Amoonguss|Pollen Puff|p1a: Roaring Moon\n|-heal|p1a: Roaring Moon|100\/100\n|\n|upkeep\n|turn|4\n|inactive|RyeDye has 30 seconds left.\n|\n|t:|1701140479\n|move|p1b: Amoonguss|Protect|p1b: Amoonguss\n|-singleturn|p1b: Amoonguss|Protect\n|cant|p2b: Tornadus|slp\n|move|p2a: Ogerpon|Ivy Cudgel|p1b: Amoonguss|[anim] Ivy Cudgel Fire\n|-activate|p1b: Amoonguss|move: Protect\n|move|p1a: Roaring Moon|Dragon Dance|p1a: Roaring Moon\n|-boost|p1a: Roaring Moon|atk|1\n|-boost|p1a: Roaring Moon|spe|1\n|\n|upkeep\n|turn|5\n|inactive|Toto0v0 has 30 seconds left.\n|inactive|Toto0v0 has 20 seconds left.\n|\n|t:|1701140515\n|switch|p1b: Iron Hands|Iron Hands, L50, shiny|100\/100\n|-terastallize|p2a: Ogerpon|Fire\n|detailschange|p2a: Ogerpon|Ogerpon-Hearthflame-Tera, L50, F, tera:Fire\n|-ability|p2a: Ogerpon|Embody Aspect (Hearthflame)|boost\n|-boost|p2a: Ogerpon|atk|1\n|-terastallize|p1a: Roaring Moon|Flying\n|cant|p2b: Tornadus|slp\n|move|p2a: Ogerpon|Ivy Cudgel|p1a: Roaring Moon|[anim] Ivy Cudgel Fire\n|-crit|p1a: Roaring Moon\n|-damage|p1a: Roaring Moon|0 fnt\n|faint|p1a: Roaring Moon\n|-end|p1a: Roaring Moon|Protosynthesis|[silent]\n|\n|-sideend|p2: RyeDye|move: Tailwind\n|upkeep\n|-message|Toto0v0 forfeited.\n|\n|win|RyeDye\n|raw|Toto0v0's rating: 1221 &rarr; <strong>1195<\/strong><br \/>(-26 for losing)\n|raw|RyeDye's rating: 1208 &rarr; <strong>1234<\/strong><br \/>(+26 for winning)\n|l|\u2606RyeDye\n","uploadtime":1701140548,"views":14,"p1id":"toto0v0","p2id":"ryedye","formatid":"gen9vgc2023regulatione","rating":1195,"private":0,"password":""}