{"id":"gen9vgc2023regulatione-1995989987","p1":"haamgamer07","p2":"persiian","format":"[Gen 9] VGC 2023 Regulation E","log":"|j|\u2606haamgamer07\n|j|\u2606persiian\n|t:|1700626081\n|gametype|doubles\n|player|p1|haamgamer07|102|1131\n|player|p2|persiian|cynthia|1088\n|teamsize|p1|6\n|teamsize|p2|6\n|gen|9\n|tier|[Gen 9] VGC 2023 Regulation E\n|rated|\n|rule|Species Clause: Limit one of each Pok\u00e9mon\n|rule|Item Clause: Limit one of each item\n|clearpoke\n|poke|p1|Armarouge, L50, M|\n|poke|p1|Ursaluna, L50, F|\n|poke|p1|Torkoal, L50, M|\n|poke|p1|Roaring Moon, L50|\n|poke|p1|Bronzong, L50|\n|poke|p1|Indeedee-F, L50, F|\n|poke|p2|Electrode, L50|\n|poke|p2|Tornadus, L50, M|\n|poke|p2|Basculegion-F, L50, F|\n|poke|p2|Amoonguss, L50, F|\n|poke|p2|Iron Hands, L50|\n|poke|p2|Kingambit, L50, M|\n|teampreview|4\n|inactive|Battle timer is ON: inactive players will automatically lose when time's up. (requested by persiian)\n|c|\u2606persiian|glhf\n|inactive|haamgamer07 has 60 seconds left.\n|inactive|persiian has 60 seconds left.\n|\n|t:|1700626132\n|start\n|switch|p1a: Roaring Moon|Roaring Moon, L50|100\/100\n|switch|p1b: Indeedee|Indeedee-F, L50, F|100\/100\n|switch|p2a: Electrode|Electrode, L50|100\/100\n|switch|p2b: Basculegion|Basculegion-F, L50, F|100\/100\n|-fieldstart|move: Psychic Terrain|[from] ability: Psychic Surge|[of] p1b: Indeedee\n|-enditem|p1a: Roaring Moon|Booster Energy\n|-activate|p1a: Roaring Moon|ability: Protosynthesis|[fromitem]\n|-start|p1a: Roaring Moon|protosynthesisspe\n|turn|1\n|inactive|persiian has 30 seconds left.\n|inactive|persiian has 20 seconds left.\n|inactive|persiian has 15 seconds left.\n|\n|t:|1700626176\n|move|p1a: Roaring Moon|Breaking Swipe|p2b: Basculegion|[spread] p2a,p2b\n|-damage|p2a: Electrode|66\/100\n|-damage|p2b: Basculegion|68\/100\n|-unboost|p2a: Electrode|atk|1\n|-unboost|p2b: Basculegion|atk|1\n|move|p2a: Electrode|Rain Dance|p2a: Electrode\n|-weather|RainDance\n|move|p2b: Basculegion|Flip Turn|p1a: Roaring Moon\n|-resisted|p1a: Roaring Moon\n|-damage|p1a: Roaring Moon|89\/100\n|\n|t:|1700626184\n|switch|p2b: Tornadus|Tornadus, L50, M|100\/100|[from] Flip Turn\n|move|p1b: Indeedee|Trick Room|p1b: Indeedee\n|-fieldstart|move: Trick Room|[of] p1b: Indeedee\n|\n|-weather|RainDance|[upkeep]\n|upkeep\n|turn|2\n|inactive|haamgamer07 has 30 seconds left.\n|\n|t:|1700626211\n|move|p1b: Indeedee|Dazzling Gleam|p2a: Electrode|[spread] p2a,p2b\n|-damage|p2a: Electrode|49\/100\n|-damage|p2b: Tornadus|85\/100\n|move|p2b: Tornadus|Bleakwind Storm|p1b: Indeedee|[spread] p1a,p1b\n|-damage|p1a: Roaring Moon|41\/100\n|-damage|p1b: Indeedee|67\/100\n|-unboost|p1a: Roaring Moon|spe|1\n|-damage|p2b: Tornadus|76\/100|[from] item: Life Orb\n|move|p1a: Roaring Moon|U-turn|p2b: Tornadus\n|-resisted|p2b: Tornadus\n|-damage|p2b: Tornadus|60\/100\n|\n|t:|1700626228\n|-end|p1a: Roaring Moon|Protosynthesis|[silent]\n|switch|p1a: Torkoal|Torkoal, L50, M|100\/100|[from] U-turn\n|-weather|SunnyDay|[from] ability: Drought|[of] p1a: Torkoal\n|move|p2a: Electrode|Thunderbolt|p1a: Torkoal\n|-damage|p1a: Torkoal|70\/100\n|\n|-weather|SunnyDay|[upkeep]\n|upkeep\n|turn|3\n|l|\u2606haamgamer07\n|inactive|haamgamer07 disconnected and has a minute to reconnect!\n|player|p1|\n|j|\u2606haamgamer07\n|inactive|haamgamer07 reconnected and has 35 seconds left.\n|player|p1|haamgamer07|102\n|inactive|haamgamer07 has 30 seconds left.\n|\n|t:|1700626260\n|-terastallize|p1a: Torkoal|Fire\n|move|p1b: Indeedee|Helping Hand|p1a: Torkoal\n|-singleturn|p1a: Torkoal|Helping Hand|[of] p1b: Indeedee\n|move|p2b: Tornadus|Protect|p2b: Tornadus\n|-singleturn|p2b: Tornadus|Protect\n|move|p1a: Torkoal|Eruption|p2a: Electrode|[spread] p2a\n|-activate|p2b: Tornadus|move: Protect\n|-damage|p2a: Electrode|0 fnt\n|faint|p2a: Electrode\n|\n|-weather|SunnyDay|[upkeep]\n|upkeep\n|\n|t:|1700626275\n|switch|p2a: Kingambit|Kingambit, L50, M|100\/100\n|-activate|p2a: Kingambit|ability: Supreme Overlord\n|-start|p2a: Kingambit|fallen1|[silent]\n|turn|4\n|\n|t:|1700626289\n|move|p2a: Kingambit|Protect|p2a: Kingambit\n|-singleturn|p2a: Kingambit|Protect\n|move|p1b: Indeedee|Follow Me|p1b: Indeedee\n|-singleturn|p1b: Indeedee|move: Follow Me\n|move|p1a: Torkoal|Eruption|p2a: Kingambit|[spread] p2b\n|-activate|p2a: Kingambit|move: Protect\n|-damage|p2b: Tornadus|0 fnt\n|faint|p2b: Tornadus\n|\n|-weather|SunnyDay|[upkeep]\n|upkeep\n|\n|t:|1700626298\n|switch|p2b: Basculegion|Basculegion-F, L50, F|68\/100\n|turn|5\n|c|\u2606persiian|gg\n|\n|t:|1700626318\n|switch|p1b: Roaring Moon|Roaring Moon, L50|41\/100\n|-activate|p1b: Roaring Moon|ability: Protosynthesis\n|-start|p1b: Roaring Moon|protosynthesisspe\n|move|p1a: Torkoal|Eruption|p2a: Kingambit|[spread] p2a,p2b\n|-supereffective|p2a: Kingambit\n|-resisted|p2b: Basculegion\n|-damage|p2a: Kingambit|0 fnt\n|-damage|p2b: Basculegion|6\/100\n|faint|p2a: Kingambit\n|-end|p2a: Kingambit|fallen1|[silent]\n|move|p2b: Basculegion|Hydro Pump|p1a: Torkoal\n|-supereffective|p1a: Torkoal\n|-damage|p1a: Torkoal|0 fnt\n|faint|p1a: Torkoal\n|\n|-weather|SunnyDay|[upkeep]\n|-fieldend|move: Trick Room\n|-fieldend|move: Psychic Terrain\n|upkeep\n|-message|persiian forfeited.\n|\n|win|haamgamer07\n|raw|haamgamer07's rating: 1131 &rarr; <strong>1153<\/strong><br \/>(+22 for winning)\n|raw|persiian's rating: 1088 &rarr; <strong>1068<\/strong><br \/>(-20 for losing)\n|l|\u2606persiian\n","uploadtime":1700626337,"views":1,"p1id":"haamgamer07","p2id":"persiian","formatid":"gen9vgc2023regulatione","rating":1068,"private":0,"password":""}