{"id":"gen9vgc2023regulatione-1993049247","p1":"Jaysoarin","p2":"Greed_escarlata","format":"[Gen 9] VGC 2023 Regulation E","log":"|j|\u2606Jaysoarin\n|j|\u2606Greed_escarlata\n|t:|1700259137\n|gametype|doubles\n|player|p1|Jaysoarin|dancer|1087\n|player|p2|Greed_escarlata|shadowtriad|1151\n|teamsize|p1|6\n|teamsize|p2|6\n|gen|9\n|tier|[Gen 9] VGC 2023 Regulation E\n|rated|\n|rule|Species Clause: Limit one of each Pok\u00e9mon\n|rule|Item Clause: Limit one of each item\n|clearpoke\n|poke|p1|Torkoal, L50, M|\n|poke|p1|Iron Hands, L50|\n|poke|p1|Lilligant, L50, F|\n|poke|p1|Indeedee-F, L50, F|\n|poke|p1|Ogerpon-Wellspring, L50, F|\n|poke|p1|Charizard, L50, M|\n|poke|p2|Dudunsparce-*, L50, M|\n|poke|p2|Zoroark-Hisui, L50, F|\n|poke|p2|Rillaboom, L50, M|\n|poke|p2|Milotic, L50, F|\n|poke|p2|Flutter Mane, L50|\n|poke|p2|Urshifu-*, L50, M|\n|teampreview|4\nJaysoarin has agreed to open team sheets.\n|\n|t:|1700259200\n|start\n|switch|p1a: Torkoal|Torkoal, L50, M|100\/100\n|switch|p1b: Charizard|Charizard, L50, M|100\/100\n|switch|p2a: Urshifu|Urshifu, L50, M|100\/100\n|switch|p2b: Flutter Mane|Flutter Mane, L50|100\/100\n|-weather|SunnyDay|[from] ability: Drought|[of] p1a: Torkoal\n|-activate|p2b: Flutter Mane|ability: Protosynthesis\n|-start|p2b: Flutter Mane|protosynthesisspa\n|turn|1\n|\n|t:|1700259221\n|move|p2a: Urshifu|Wicked Blow|p1a: Torkoal\n|-crit|p1a: Torkoal\n|-damage|p1a: Torkoal|48\/100\n|move|p2b: Flutter Mane|Shadow Ball|p1b: Charizard\n|-damage|p1b: Charizard|0 fnt\n|faint|p1b: Charizard\n|move|p1a: Torkoal|Eruption|p2b: Flutter Mane|[spread] p2a,p2b\n|-crit|p2b: Flutter Mane\n|-damage|p2a: Urshifu|44\/100\n|-damage|p2b: Flutter Mane|42\/100\n|\n|-weather|SunnyDay|[upkeep]\n|upkeep\n|\n|t:|1700259235\n|switch|p1b: Ogerpon|Ogerpon-Wellspring, L50, F|100\/100\n|turn|2\n|\n|t:|1700259249\n|move|p1b: Ogerpon|Spiky Shield|p1b: Ogerpon\n|-singleturn|p1b: Ogerpon|move: Protect\n|move|p1a: Torkoal|Protect|p1a: Torkoal\n|-singleturn|p1a: Torkoal|Protect\n|move|p2a: Urshifu|Wicked Blow|p1a: Torkoal\n|-crit|p1a: Torkoal\n|-damage|p1a: Torkoal|2\/100\n|move|p2b: Flutter Mane|Shadow Ball|p1b: Ogerpon\n|-activate|p1b: Ogerpon|move: Protect\n|\n|-weather|SunnyDay|[upkeep]\n|upkeep\n|turn|3\n|\n|t:|1700259279\n|move|p2a: Urshifu|Wicked Blow|p1a: Torkoal\n|-crit|p1a: Torkoal\n|-damage|p1a: Torkoal|0 fnt\n|faint|p1a: Torkoal\n|move|p2b: Flutter Mane|Shadow Ball|p1b: Ogerpon\n|-damage|p1b: Ogerpon|18\/100\n|-unboost|p1b: Ogerpon|spd|1\n|move|p1b: Ogerpon|Ivy Cudgel|p2b: Flutter Mane|[anim] Ivy Cudgel Water\n|-damage|p2b: Flutter Mane|0 fnt\n|faint|p2b: Flutter Mane\n|-end|p2b: Flutter Mane|Protosynthesis|[silent]\n|\n|-weather|SunnyDay|[upkeep]\n|upkeep\n|\n|t:|1700259295\n|switch|p2b: Rillaboom|Rillaboom, L50, M|100\/100\n|switch|p1a: Iron Hands|Iron Hands, L50|100\/100\n|-fieldstart|move: Grassy Terrain|[from] ability: Grassy Surge|[of] p2b: Rillaboom\n|turn|4\n|\n|t:|1700259315\n|switch|p2a: Dudunsparce|Dudunsparce-Three-Segment, L50, M|100\/100\n|move|p1b: Ogerpon|Spiky Shield|p1b: Ogerpon\n|-singleturn|p1b: Ogerpon|move: Protect\n|move|p2b: Rillaboom|Fake Out|p1b: Ogerpon\n|-activate|p1b: Ogerpon|move: Protect\n|-damage|p2b: Rillaboom|88\/100|[from] Spiky Shield|[of] p1b: Ogerpon\n|move|p1a: Iron Hands|Fake Out|p2b: Rillaboom\n|-damage|p2b: Rillaboom|73\/100\n|\n|-weather|SunnyDay|[upkeep]\n|-heal|p1b: Ogerpon|24\/100|[from] Grassy Terrain\n|-heal|p2b: Rillaboom|79\/100|[from] Grassy Terrain\n|upkeep\n|turn|5\n|-activate|p2a: Dudunsparce|item: Quick Claw\n|\n|t:|1700259346\n|-terastallize|p2a: Dudunsparce|Electric\n|move|p1b: Ogerpon|Helping Hand|p1a: Iron Hands\n|-singleturn|p1a: Iron Hands|Helping Hand|[of] p1b: Ogerpon\n|move|p2b: Rillaboom|Grassy Glide|p1b: Ogerpon\n|-damage|p1b: Ogerpon|0 fnt\n|faint|p1b: Ogerpon\n|move|p2a: Dudunsparce|Coil|p2a: Dudunsparce\n|-boost|p2a: Dudunsparce|atk|1\n|-boost|p2a: Dudunsparce|def|1\n|-boost|p2a: Dudunsparce|accuracy|1\n|move|p1a: Iron Hands|Drain Punch|p2a: Dudunsparce\n|-damage|p2a: Dudunsparce|63\/100\n|\n|-weather|none\n|-heal|p2b: Rillaboom|85\/100|[from] Grassy Terrain\n|-heal|p2a: Dudunsparce|69\/100|[from] Grassy Terrain\n|upkeep\n|turn|6\n|-message|Jaysoarin forfeited.\n|\n|win|Greed_escarlata\n|raw|Jaysoarin's rating: 1087 &rarr; <strong>1068<\/strong><br \/>(-19 for losing)\n|raw|Greed_escarlata's rating: 1151 &rarr; <strong>1171<\/strong><br \/>(+20 for winning)\n|l|\u2606Jaysoarin\n","uploadtime":1700259375,"views":16,"p1id":"jaysoarin","p2id":"greedescarlata","formatid":"gen9vgc2023regulatione","rating":1068,"private":0,"password":""}