{"id":"gen9vgc2023regulatione-1996314314","p1":"AJB0000","p2":"xixuambam","format":"[Gen 9] VGC 2023 Regulation E","log":"|j|\u2606AJB0000\n|j|\u2606xixuambam\n|t:|1700670284\n|gametype|doubles\n|player|p1|AJB0000|1|1161\n|player|p2|xixuambam|ingo|1195\n|teamsize|p1|6\n|teamsize|p2|6\n|gen|9\n|tier|[Gen 9] VGC 2023 Regulation E\n|rated|\n|rule|Species Clause: Limit one of each Pok\u00e9mon\n|rule|Item Clause: Limit one of each item\n|clearpoke\n|poke|p1|Sinistcha, L50|\n|poke|p1|Indeedee-F, L50, F|\n|poke|p1|Sylveon, L50, F|\n|poke|p1|Palafin, L50, F|\n|poke|p1|Iron Hands, L50|\n|poke|p1|Heatran, L50, M|\n|poke|p2|Fezandipiti, L50, M|\n|poke|p2|Goodra-Hisui, L50, M|\n|poke|p2|Chi-Yu, L50|\n|poke|p2|Sinistcha, L50|\n|poke|p2|Slowking, L50, F|\n|poke|p2|Landorus-Therian, L50, M|\n|teampreview|4\n|inactive|Battle timer is ON: inactive players will automatically lose when time's up. (requested by xixuambam)\nAJB0000 has agreed to open team sheets.\n|\n|t:|1700670312\n|start\n|switch|p1a: Indeedee|Indeedee-F, L50, F, shiny|100\/100\n|switch|p1b: Palafin|Palafin, L50, F, shiny|100\/100\n|switch|p2a: Fezandipiti|Fezandipiti, L50, M|100\/100\n|switch|p2b: Landorus|Landorus-Therian, L50, M|100\/100\n|-ability|p2b: Landorus|Intimidate|boost\n|-unboost|p1a: Indeedee|atk|1\n|-unboost|p1b: Palafin|atk|1\n|-fieldstart|move: Psychic Terrain|[from] ability: Psychic Surge|[of] p1a: Indeedee\n|turn|1\n|\n|t:|1700670332\n|move|p2b: Landorus|U-turn|p1a: Indeedee\n|-supereffective|p1a: Indeedee\n|-damage|p1a: Indeedee|34\/100\n|-damage|p2b: Landorus|84\/100|[from] item: Rocky Helmet|[of] p1a: Indeedee\n|inactive|xixuambam has 30 seconds left.\n|inactive|xixuambam has 20 seconds left.\n|\n|t:|1700670369\n|switch|p2b: Goodra|Goodra-Hisui, L50, M|100\/100|[from] U-turn\n|move|p2a: Fezandipiti|Sludge Bomb|p1b: Palafin\n|-damage|p1b: Palafin|70\/100\n|move|p1b: Palafin|Flip Turn|p2b: Goodra\n|-resisted|p2b: Goodra\n|-damage|p2b: Goodra|89\/100\n|\n|t:|1700670384\n|detailschange|p1b: Palafin|Palafin-Hero, L50, F, shiny\n|switch|p1b: Sylveon|Sylveon, L50, F, shiny|100\/100|[from] Flip Turn\n|move|p1a: Indeedee|Trick Room|p1a: Indeedee\n|-fieldstart|move: Trick Room|[of] p1a: Indeedee\n|\n|-heal|p2b: Goodra|95\/100|[from] item: Leftovers\n|upkeep\n|turn|2\n|\n|t:|1700670404\n|-terastallize|p1b: Sylveon|Fire\n|move|p1a: Indeedee|Helping Hand|p1b: Sylveon\n|-singleturn|p1b: Sylveon|Helping Hand|[of] p1a: Indeedee\n|move|p2b: Goodra|Heavy Slam|p1b: Sylveon\n|-resisted|p1b: Sylveon\n|-damage|p1b: Sylveon|73\/100\n|move|p1b: Sylveon|Hyper Voice|p2a: Fezandipiti|[spread] p2a,p2b\n|-resisted|p2a: Fezandipiti\n|-damage|p2a: Fezandipiti|74\/100\n|-damage|p2b: Goodra|55\/100\n|move|p2a: Fezandipiti|Sludge Bomb|p1a: Indeedee\n|-damage|p1a: Indeedee|12\/100\n|-status|p1a: Indeedee|psn\n|\n|-heal|p2b: Goodra|60\/100|[from] item: Leftovers\n|-damage|p1a: Indeedee|0 fnt|[from] psn\n|faint|p1a: Indeedee\n|upkeep\n|\n|t:|1700670423\n|switch|p1a: Nessie|Heatran, L50, M|100\/100\n|turn|3\n|\n|t:|1700670434\n|move|p2a: Fezandipiti|Protect|p2a: Fezandipiti\n|-singleturn|p2a: Fezandipiti|Protect\n|move|p2b: Goodra|Acid Armor|p2b: Goodra\n|-boost|p2b: Goodra|def|2\n|move|p1b: Sylveon|Hyper Voice|p2a: Fezandipiti|[spread] p2b\n|-activate|p2a: Fezandipiti|move: Protect\n|-damage|p2b: Goodra|36\/100\n|move|p1a: Nessie|Heat Wave|p2b: Goodra|[spread] p2b\n|-activate|p2a: Fezandipiti|move: Protect\n|-damage|p2b: Goodra|15\/100\n|\n|-heal|p2b: Goodra|21\/100|[from] item: Leftovers\n|upkeep\n|turn|4\n|\n|t:|1700670458\n|move|p2b: Goodra|Protect|p2b: Goodra\n|-singleturn|p2b: Goodra|Protect\n|move|p1b: Sylveon|Hyper Voice|p2a: Fezandipiti|[spread] p2a\n|-activate|p2b: Goodra|move: Protect\n|-resisted|p2a: Fezandipiti\n|-damage|p2a: Fezandipiti|56\/100\n|move|p1a: Nessie|Earth Power|p2a: Fezandipiti\n|-supereffective|p2a: Fezandipiti\n|-damage|p2a: Fezandipiti|3\/100\n|-enditem|p2a: Fezandipiti|Iapapa Berry|[eat]\n|-heal|p2a: Fezandipiti|36\/100|[from] item: Iapapa Berry\n|move|p2a: Fezandipiti|Sludge Bomb|p1b: Sylveon\n|-damage|p1b: Sylveon|55\/100\n|-status|p1b: Sylveon|tox|[from] ability: Toxic Chain|[of] p2a: Fezandipiti\n|\n|-heal|p2b: Goodra|27\/100|[from] item: Leftovers\n|-damage|p1b: Sylveon|49\/100 tox|[from] psn\n|upkeep\n|turn|5\n|\n|t:|1700670477\n|move|p2a: Fezandipiti|Protect|p2a: Fezandipiti\n|-singleturn|p2a: Fezandipiti|Protect\n|move|p2b: Goodra|Body Press|p1a: Nessie\n|-supereffective|p1a: Nessie\n|-damage|p1a: Nessie|42\/100\n|-enditem|p1a: Nessie|Sitrus Berry|[eat]\n|-heal|p1a: Nessie|67\/100|[from] item: Sitrus Berry\n|move|p1b: Sylveon|Hyper Voice|p2b: Goodra|[spread] p2b\n|-activate|p2a: Fezandipiti|move: Protect\n|-damage|p2b: Goodra|0 fnt\n|faint|p2b: Goodra\n|move|p1a: Nessie|Earth Power|p2a: Fezandipiti\n|-activate|p2a: Fezandipiti|move: Protect\n|\n|-damage|p1b: Sylveon|37\/100 tox|[from] psn\n|-fieldend|move: Trick Room\n|-fieldend|move: Psychic Terrain\n|upkeep\n|\n|t:|1700670494\n|switch|p2b: Landorus|Landorus-Therian, L50, M|84\/100\n|-ability|p2b: Landorus|Intimidate|boost\n|-unboost|p1a: Nessie|atk|1\n|-unboost|p1b: Sylveon|atk|1\n|turn|6\n|\n|t:|1700670519\n|move|p1a: Nessie|Protect|p1a: Nessie\n|-singleturn|p1a: Nessie|Protect\n|move|p2b: Landorus|Stomping Tantrum|p1a: Nessie\n|-activate|p1a: Nessie|move: Protect\n|move|p2a: Fezandipiti|Sludge Bomb|p1b: Sylveon\n|-damage|p1b: Sylveon|19\/100 tox\n|move|p1b: Sylveon|Hyper Voice|p2a: Fezandipiti|[spread] p2a,p2b\n|-resisted|p2a: Fezandipiti\n|-damage|p2a: Fezandipiti|17\/100\n|-damage|p2b: Landorus|17\/100\n|\n|-damage|p1b: Sylveon|0 fnt|[from] psn\n|faint|p1b: Sylveon\n|upkeep\n|\n|t:|1700670543\n|switch|p1b: Palafin|Palafin-Hero, L50, F, shiny|70\/100\n|-activate|p1b: Palafin|ability: Zero to Hero\n|turn|7\n|\n|t:|1700670565\n|switch|p2b: Sinistcha|Sinistcha, L50|100\/100\n|-heal|p2a: Fezandipiti|42\/100|[from] ability: Hospitality|[of] p2b: Sinistcha\n|move|p1b: Palafin|Jet Punch|p2b: Sinistcha\n|-resisted|p2b: Sinistcha\n|-damage|p2b: Sinistcha|80\/100\n|-damage|p1b: Palafin|53\/100|[from] item: Rocky Helmet|[of] p2b: Sinistcha\n|move|p2a: Fezandipiti|Sludge Bomb|p1b: Palafin\n|-damage|p1b: Palafin|32\/100\n|move|p1a: Nessie|Earth Power|p2a: Fezandipiti\n|-supereffective|p2a: Fezandipiti\n|-damage|p2a: Fezandipiti|0 fnt\n|faint|p2a: Fezandipiti\n|\n|upkeep\n|\n|t:|1700670578\n|switch|p2a: Landorus|Landorus-Therian, L50, M|17\/100\n|-ability|p2a: Landorus|Intimidate|boost\n|-unboost|p1a: Nessie|atk|1\n|-unboost|p1b: Palafin|atk|1\n|turn|8\n|\n|t:|1700670592\n|move|p2b: Sinistcha|Rage Powder|p2b: Sinistcha\n|-singleturn|p2b: Sinistcha|move: Rage Powder\n|move|p1b: Palafin|Jet Punch|p2b: Sinistcha\n|-resisted|p2b: Sinistcha\n|-damage|p2b: Sinistcha|66\/100\n|-damage|p1b: Palafin|16\/100|[from] item: Rocky Helmet|[of] p2b: Sinistcha\n|move|p2a: Landorus|Stomping Tantrum|p1b: Palafin\n|-damage|p1b: Palafin|0 fnt\n|faint|p1b: Palafin\n|move|p1a: Nessie|Heat Wave|p2a: Landorus|[spread] p2a,p2b\n|-supereffective|p2b: Sinistcha\n|-damage|p2a: Landorus|0 fnt\n|-damage|p2b: Sinistcha|0 fnt\n|faint|p2a: Landorus\n|faint|p2b: Sinistcha\n|\n|win|AJB0000\n|raw|AJB0000's rating: 1161 &rarr; <strong>1188<\/strong><br \/>(+27 for winning)\n|raw|xixuambam's rating: 1195 &rarr; <strong>1168<\/strong><br \/>(-27 for losing)\n","uploadtime":1700670621,"views":17,"p1id":"ajb0000","p2id":"xixuambam","formatid":"gen9vgc2023regulatione","rating":1168,"private":0,"password":""}