{"id":"gen9vgc2023regulatione-1995385782","p1":"Klimaat Drammer","p2":"Uil van Minerva","format":"[Gen 9] VGC 2023 Regulation E","log":"|j|\u2606Klimaat Drammer\n|j|\u2606Uil van Minerva\n|t:|1700563658\n|gametype|doubles\n|player|p1|Klimaat Drammer|170|\n|player|p2|Uil van Minerva|cynthia|\n|teamsize|p1|6\n|teamsize|p2|6\n|gen|9\n|tier|[Gen 9] VGC 2023 Regulation E\n|rule|Species Clause: Limit one of each Pok\u00e9mon\n|rule|Item Clause: Limit one of each item\n|clearpoke\n|poke|p1|Indeedee-F, L50, F|\n|poke|p1|Armarouge, L50, M|\n|poke|p1|Tornadus, L50, M|\n|poke|p1|Chien-Pao, L50|\n|poke|p1|Barraskewda, L50, M|\n|poke|p1|Urshifu-*, L50, M|\n|poke|p2|Drifblim, L50, M|\n|poke|p2|Tatsugiri, L50, F|\n|poke|p2|Indeedee-F, L50, F|\n|poke|p2|Dondozo, L50, M|\n|poke|p2|Gholdengo, L50|\n|poke|p2|Rillaboom, L50, M|\n|teampreview|4\n|\n|t:|1700563689\n|start\n|switch|p1a: Armarouge|Armarouge, L50, M|100\/100\n|switch|p1b: Barraskewda|Barraskewda, L50, M|100\/100\n|switch|p2a: Drifblim|Drifblim, L50, M|100\/100\n|switch|p2b: Indeedee|Indeedee-F, L50, F|100\/100\n|-fieldstart|move: Psychic Terrain|[from] ability: Psychic Surge|[of] p2b: Indeedee\n|-enditem|p2a: Drifblim|Psychic Seed\n|-boost|p2a: Drifblim|spd|1|[from] item: Psychic Seed\n|turn|1\n|\n|t:|1700563720\n|move|p1a: Armarouge|Endure|p1a: Armarouge\n|-singleturn|p1a: Armarouge|move: Endure\n|move|p2b: Indeedee|Follow Me|p2b: Indeedee\n|-singleturn|p2b: Indeedee|move: Follow Me\n|move|p1b: Barraskewda|Flip Turn|p1a: Armarouge\n|-supereffective|p1a: Armarouge\n|-damage|p1a: Armarouge|12\/100\n|-ability|p1a: Armarouge|Weak Armor|boost\n|-unboost|p1a: Armarouge|def|1\n|-boost|p1a: Armarouge|spe|2\n|-enditem|p1a: Armarouge|Weakness Policy\n|-boost|p1a: Armarouge|atk|2|[from] item: Weakness Policy\n|-boost|p1a: Armarouge|spa|2|[from] item: Weakness Policy\n|-damage|p1b: Barraskewda|91\/100|[from] item: Life Orb\n|\n|t:|1700563740\n|switch|p1b: Tornadus|Tornadus, L50, M|100\/100|[from] Flip Turn\n|move|p2a: Drifblim|Minimize|p2a: Drifblim\n|-boost|p2a: Drifblim|evasion|2\n|\n|upkeep\n|turn|2\n|\n|t:|1700563770\n|move|p1b: Tornadus|Taunt|p2b: Indeedee\n|-activate|p2b: Indeedee|move: Psychic Terrain\n|move|p1a: Armarouge|Expanding Force|p2a: Drifblim|[spread] p2b\n|-miss|p1a: Armarouge|p2a: Drifblim\n|-resisted|p2b: Indeedee\n|-damage|p2b: Indeedee|34\/100\n|-enditem|p2b: Indeedee|Sitrus Berry|[eat]\n|-heal|p2b: Indeedee|59\/100|[from] item: Sitrus Berry\n|move|p2a: Drifblim|Minimize|p2a: Drifblim\n|-boost|p2a: Drifblim|evasion|2\n|move|p2b: Indeedee|Trick Room|p2b: Indeedee\n|-fieldstart|move: Trick Room|[of] p2b: Indeedee\n|\n|upkeep\n|turn|3\n|\n|t:|1700563813\n|move|p2b: Indeedee|Follow Me|p2b: Indeedee\n|-singleturn|p2b: Indeedee|move: Follow Me\n|move|p1b: Tornadus|Rain Dance|p1b: Tornadus\n|-weather|RainDance\n|move|p2a: Drifblim|Minimize|p2a: Drifblim\n|-boost|p2a: Drifblim|evasion|2\n|move|p1a: Armarouge|Expanding Force|p2b: Indeedee|[spread] p2b\n|-miss|p1a: Armarouge|p2a: Drifblim\n|-resisted|p2b: Indeedee\n|-damage|p2b: Indeedee|0 fnt\n|faint|p2b: Indeedee\n|\n|-weather|RainDance|[upkeep]\n|upkeep\n|\n|t:|1700563829\n|switch|p2b: Tatsugiri|Tatsugiri, L50, F|100\/100\n|turn|4\n|\n|t:|1700563857\n|move|p2b: Tatsugiri|Protect|p2b: Tatsugiri\n|-singleturn|p2b: Tatsugiri|Protect\n|move|p1b: Tornadus|Bleakwind Storm|p2a: Drifblim|[spread] p2a\n|-activate|p2b: Tatsugiri|move: Protect\n|-crit|p2a: Drifblim\n|-damage|p2a: Drifblim|51\/100\n|move|p2a: Drifblim|Baton Pass|p2a: Drifblim\n|\n|t:|1700563865\n|switch|p2a: Dondozo|Dondozo, L50, M|100\/100|[from] Baton Pass\n|-activate|p2b: Tatsugiri|ability: Commander|[of] p2a: Dondozo\n|-boost|p2a: Dondozo|atk|2\n|-boost|p2a: Dondozo|spa|2\n|-boost|p2a: Dondozo|spe|2\n|-boost|p2a: Dondozo|def|2\n|-boost|p2a: Dondozo|spd|2\n|move|p1a: Armarouge|Expanding Force|p2b: Tatsugiri|[spread] \n|-miss|p1a: Armarouge|p2b: Tatsugiri\n|-miss|p1a: Armarouge|p2a: Dondozo\n|\n|-weather|RainDance|[upkeep]\n|upkeep\n|turn|5\n|\n|t:|1700563903\n|-terastallize|p1a: Armarouge|Psychic\n|move|p1b: Tornadus|Bleakwind Storm|p2a: Dondozo|[spread] p2a\n|-miss|p1b: Tornadus|p2b: Tatsugiri\n|-damage|p2a: Dondozo|88\/100\n|-unboost|p2a: Dondozo|spe|1\n|move|p2a: Dondozo|Order Up|p1b: Tornadus\n|-damage|p1b: Tornadus|52\/100\n|-boost|p2a: Dondozo|atk|1\n|move|p1a: Armarouge|Expanding Force|p2b: Tatsugiri|[spread] \n|-miss|p1a: Armarouge|p2b: Tatsugiri\n|-miss|p1a: Armarouge|p2a: Dondozo\n|\n|-weather|RainDance|[upkeep]\n|-fieldend|move: Psychic Terrain\n|upkeep\n|turn|6\n|\n|t:|1700563927\n|move|p1b: Tornadus|Bleakwind Storm|p2a: Dondozo|[spread] p2a\n|-miss|p1b: Tornadus|p2b: Tatsugiri\n|-damage|p2a: Dondozo|76\/100\n|move|p2a: Dondozo|Order Up|p1b: Tornadus\n|-damage|p1b: Tornadus|0 fnt\n|faint|p1b: Tornadus\n|-boost|p2a: Dondozo|atk|1\n|move|p1a: Armarouge|Expanding Force|p2a: Dondozo|[miss]\n|-miss|p1a: Armarouge|p2a: Dondozo\n|\n|-weather|RainDance|[upkeep]\n|-fieldend|move: Trick Room\n|upkeep\n|\n|t:|1700563948\n|switch|p1b: Indeedee|Indeedee-F, L50, F|100\/100\n|-fieldstart|move: Psychic Terrain|[from] ability: Psychic Surge|[of] p1b: Indeedee\n|turn|7\n|\n|t:|1700563968\n|move|p1b: Indeedee|Helping Hand|p1a: Armarouge\n|-singleturn|p1a: Armarouge|Helping Hand|[of] p1b: Indeedee\n|move|p1a: Armarouge|Expanding Force|p2a: Dondozo|[spread] \n|-miss|p1a: Armarouge|p2b: Tatsugiri\n|-miss|p1a: Armarouge|p2a: Dondozo\n|move|p2a: Dondozo|Earthquake|p1b: Indeedee|[spread] p1a,p1b\n|-miss|p2a: Dondozo|p2b: Tatsugiri\n|-damage|p1a: Armarouge|0 fnt\n|-damage|p1b: Indeedee|45\/100\n|faint|p1a: Armarouge\n|\n|-weather|none\n|upkeep\n|\n|t:|1700563980\n|switch|p1a: Barraskewda|Barraskewda, L50, M|91\/100\n|turn|8\n|\n|t:|1700564003\n|move|p1a: Barraskewda|Liquidation|p2a: Dondozo\n|-resisted|p2a: Dondozo\n|-damage|p2a: Dondozo|68\/100\n|-unboost|p2a: Dondozo|def|1\n|-damage|p1a: Barraskewda|82\/100|[from] item: Life Orb\n|move|p2a: Dondozo|Earthquake|p1a: Barraskewda|[spread] p1a,p1b\n|-miss|p2a: Dondozo|p2b: Tatsugiri\n|-damage|p1a: Barraskewda|0 fnt\n|-damage|p1b: Indeedee|0 fnt\n|faint|p1a: Barraskewda\n|faint|p1b: Indeedee\n|\n|win|Uil van Minerva\n","uploadtime":1700564036,"views":11,"p1id":"klimaatdrammer","p2id":"uilvanminerva","formatid":"gen9vgc2023regulatione","rating":0,"private":0,"password":""}