{"id":"gen9vgc2023regulatione-1996380418","p1":"Omeega13","p2":"SprimLordLv","format":"[Gen 9] VGC 2023 Regulation E","log":"|j|\u2606Omeega13\n|j|\u2606SprimLordLv\n|t:|1700676535\n|gametype|doubles\n|player|p1|Omeega13|169|\n|player|p2|SprimLordLv|102|\n|teamsize|p1|6\n|teamsize|p2|6\n|gen|9\n|tier|[Gen 9] VGC 2023 Regulation E\n|rule|Species Clause: Limit one of each Pok\u00e9mon\n|rule|Item Clause: Limit one of each item\n|clearpoke\n|poke|p1|Flutter Mane, L50|\n|poke|p1|Palafin, L50, M|\n|poke|p1|Iron Jugulis, L50|\n|poke|p1|Iron Hands, L50|\n|poke|p1|Maushold-Four, L50|\n|poke|p1|Ceruledge, L50, F|\n|poke|p2|Iron Jugulis, L50|\n|poke|p2|Great Tusk, L50|\n|poke|p2|Iron Bundle, L50|\n|poke|p2|Iron Hands, L50|\n|poke|p2|Gholdengo, L50|\n|poke|p2|Gothitelle, L50, M|\n|teampreview|4\n|j| drakig\n|inactive|Battle timer is ON: inactive players will automatically lose when time's up. (requested by SprimLordLv)\n|c|\u2606Omeega13|Gl\n|c| drakig|y6a\n|j| StarDust_Leo\n|j| kterajoprimo\n|j| Jaatiiiii\n|c|\u2606SprimLordLv|Gl\n|\n|t:|1700676577\n|start\n|switch|p1a: Ceruledge|Ceruledge, L50, F|100\/100\n|switch|p1b: Flutter Mane|Flutter Mane, L50|100\/100\n|switch|p2a: Iron Jugulis|Iron Jugulis, L50|100\/100\n|switch|p2b: Iron Hands|Iron Hands, L50|100\/100\n|-enditem|p2a: Iron Jugulis|Booster Energy\n|-activate|p2a: Iron Jugulis|ability: Quark Drive|[fromitem]\n|-start|p2a: Iron Jugulis|quarkdrivespe\n|turn|1\n|inactive|SprimLordLv has 30 seconds left.\n|\n|t:|1700676612\n|move|p2a: Iron Jugulis|Protect|p2a: Iron Jugulis\n|-singleturn|p2a: Iron Jugulis|Protect\n|move|p1b: Flutter Mane|Power Gem|p2a: Iron Jugulis\n|-activate|p2a: Iron Jugulis|move: Protect\n|move|p1a: Ceruledge|Bulk Up|p1a: Ceruledge\n|-boost|p1a: Ceruledge|atk|1\n|-boost|p1a: Ceruledge|def|1\n|move|p2b: Iron Hands|Wild Charge|p1a: Ceruledge\n|-damage|p1a: Ceruledge|57\/100\n|-damage|p2b: Iron Hands|92\/100|[from] Recoil\n|\n|upkeep\n|turn|2\n|inactive|SprimLordLv has 30 seconds left.\n|\n|t:|1700676646\n|-terastallize|p2a: Iron Jugulis|Steel\n|move|p2a: Iron Jugulis|Snarl|p1b: Flutter Mane|[spread] p1a\n|-miss|p2a: Iron Jugulis|p1b: Flutter Mane\n|-supereffective|p1a: Ceruledge\n|-damage|p1a: Ceruledge|26\/100\n|move|p1b: Flutter Mane|Power Gem|p2a: Iron Jugulis\n|-resisted|p2a: Iron Jugulis\n|-damage|p2a: Iron Jugulis|81\/100\n|move|p1a: Ceruledge|Bitter Blade|p2b: Iron Hands\n|-damage|p2b: Iron Hands|43\/100\n|-heal|p1a: Ceruledge|59\/100|[from] drain|[of] p2b: Iron Hands\n|move|p2b: Iron Hands|Wild Charge|p1a: Ceruledge\n|-damage|p1a: Ceruledge|22\/100\n|-damage|p2b: Iron Hands|36\/100|[from] Recoil\n|\n|upkeep\n|turn|3\n|inactive|Omeega13 has 30 seconds left.\n|\n|t:|1700676676\n|-end|p2b: Iron Hands|Quark Drive|[silent]\n|switch|p2b: Great Tusk|Great Tusk, L50|100\/100\n|move|p2a: Iron Jugulis|Snarl|p1a: Ceruledge|[spread] p1a,p1b\n|-supereffective|p1a: Ceruledge\n|-damage|p1a: Ceruledge|0 fnt\n|-damage|p1b: Flutter Mane|86\/100\n|-unboost|p1b: Flutter Mane|spa|1\n|faint|p1a: Ceruledge\n|move|p1b: Flutter Mane|Power Gem|p2b: Great Tusk\n|-resisted|p2b: Great Tusk\n|-damage|p2b: Great Tusk|90\/100\n|\n|upkeep\n|\n|t:|1700676688\n|switch|p1a: Iron Hands|Iron Hands, L50|100\/100\n|turn|4\n|\n|t:|1700676698\n|-end|p1b: Flutter Mane|Protosynthesis|[silent]\n|switch|p1b: Iron Jugulis|Iron Jugulis, L50|100\/100\n|-enditem|p1b: Iron Jugulis|Booster Energy\n|-activate|p1b: Iron Jugulis|ability: Quark Drive|[fromitem]\n|-start|p1b: Iron Jugulis|quarkdrivespe\n|move|p2a: Iron Jugulis|Protect|p2a: Iron Jugulis\n|-singleturn|p2a: Iron Jugulis|Protect\n|move|p2b: Great Tusk|Protect|p2b: Great Tusk\n|-singleturn|p2b: Great Tusk|Protect\n|move|p1a: Iron Hands|Fake Out|p2b: Great Tusk\n|-activate|p2b: Great Tusk|move: Protect\n|\n|upkeep\n|turn|5\n|inactive|Omeega13 has 30 seconds left.\n|\n|t:|1700676723\n|move|p2a: Iron Jugulis|Tailwind|p2a: Iron Jugulis\n|-sidestart|p2: SprimLordLv|move: Tailwind\n|move|p2b: Great Tusk|Headlong Rush|p1a: Iron Hands\n|-supereffective|p1a: Iron Hands\n|-damage|p1a: Iron Hands|1\/100\n|-unboost|p2b: Great Tusk|def|1\n|-unboost|p2b: Great Tusk|spd|1\n|-damage|p2b: Great Tusk|80\/100|[from] item: Life Orb\n|move|p1b: Iron Jugulis|Tailwind|p1b: Iron Jugulis\n|-sidestart|p1: Omeega13|move: Tailwind\n|move|p1a: Iron Hands|Volt Switch|p2a: Iron Jugulis\n|-damage|p2a: Iron Jugulis|68\/100\n|\n|t:|1700676736\n|-end|p1a: Iron Hands|Quark Drive|[silent]\n|switch|p1a: Flutter Mane|Flutter Mane, L50|86\/100|[from] Volt Switch\n|\n|upkeep\n|turn|6\n|\n|t:|1700676747\n|move|p2b: Great Tusk|Protect|p2b: Great Tusk\n|-singleturn|p2b: Great Tusk|Protect\n|move|p1b: Iron Jugulis|Snarl|p2b: Great Tusk|[spread] p2a\n|-activate|p2b: Great Tusk|move: Protect\n|-damage|p2a: Iron Jugulis|53\/100\n|-unboost|p2a: Iron Jugulis|spa|1\n|move|p2a: Iron Jugulis|Snarl|p1b: Iron Jugulis|[spread] p1a,p1b\n|-resisted|p1b: Iron Jugulis\n|-damage|p1a: Flutter Mane|74\/100\n|-damage|p1b: Iron Jugulis|96\/100\n|-unboost|p1a: Flutter Mane|spa|1\n|-unboost|p1b: Iron Jugulis|spa|1\n|move|p1a: Flutter Mane|Dazzling Gleam|p2a: Iron Jugulis|[spread] p2a\n|-activate|p2b: Great Tusk|move: Protect\n|-resisted|p2a: Iron Jugulis\n|-damage|p2a: Iron Jugulis|39\/100\n|\n|upkeep\n|turn|7\n|inactive|SprimLordLv has 30 seconds left.\n|inactive|SprimLordLv has 20 seconds left.\n|\n|t:|1700676783\n|move|p2a: Iron Jugulis|Air Slash|p1b: Iron Jugulis\n|-damage|p1b: Iron Jugulis|78\/100\n|move|p1b: Iron Jugulis|Air Slash|p2b: Great Tusk|[miss]\n|-miss|p1b: Iron Jugulis|p2b: Great Tusk\n|move|p1a: Flutter Mane|Dazzling Gleam|p2b: Great Tusk|[spread] p2a,p2b\n|-resisted|p2a: Iron Jugulis\n|-supereffective|p2b: Great Tusk\n|-damage|p2a: Iron Jugulis|27\/100\n|-damage|p2b: Great Tusk|0 fnt\n|faint|p2b: Great Tusk\n|-end|p2b: Great Tusk|Protosynthesis|[silent]\n|\n|upkeep\n|\n|t:|1700676801\n|switch|p2b: Iron Hands|Iron Hands, L50|36\/100\n|turn|8\n|\n|t:|1700676814\n|move|p2a: Iron Jugulis|Protect|p2a: Iron Jugulis\n|-singleturn|p2a: Iron Jugulis|Protect\n|move|p2b: Iron Hands|Fake Out|p1b: Iron Jugulis\n|-damage|p1b: Iron Jugulis|63\/100\n|cant|p1b: Iron Jugulis|flinch\n|move|p1a: Flutter Mane|Dazzling Gleam|p2a: Iron Jugulis|[spread] p2b\n|-activate|p2a: Iron Jugulis|move: Protect\n|-supereffective|p2b: Iron Hands\n|-damage|p2b: Iron Hands|9\/100\n|\n|-sideend|p1: Omeega13|move: Tailwind\n|-sideend|p2: SprimLordLv|move: Tailwind\n|upkeep\n|turn|9\n|\n|t:|1700676831\n|move|p2a: Iron Jugulis|Tailwind|p2a: Iron Jugulis\n|-sidestart|p2: SprimLordLv|move: Tailwind\n|move|p1b: Iron Jugulis|Tailwind|p1b: Iron Jugulis\n|-sidestart|p1: Omeega13|move: Tailwind\n|move|p1a: Flutter Mane|Dazzling Gleam|p2b: Iron Hands|[spread] p2a,p2b\n|-resisted|p2a: Iron Jugulis\n|-supereffective|p2b: Iron Hands\n|-damage|p2a: Iron Jugulis|13\/100\n|-damage|p2b: Iron Hands|0 fnt\n|faint|p2b: Iron Hands\n|-end|p2b: Iron Hands|Quark Drive|[silent]\n|\n|upkeep\n|\n|t:|1700676838\n|switch|p2b: Gholdengo|Gholdengo, L50|100\/100\n|turn|10\n|\n|t:|1700676859\n|move|p1b: Iron Jugulis|Snarl|p2a: Iron Jugulis|[spread] p2b\n|-miss|p1b: Iron Jugulis|p2a: Iron Jugulis\n|-supereffective|p2b: Gholdengo\n|-damage|p2b: Gholdengo|79\/100\n|-unboost|p2b: Gholdengo|spa|1\n|move|p2a: Iron Jugulis|Snarl|p1a: Flutter Mane|[spread] p1a,p1b\n|-resisted|p1b: Iron Jugulis\n|-crit|p1b: Iron Jugulis\n|-damage|p1a: Flutter Mane|63\/100\n|-damage|p1b: Iron Jugulis|52\/100\n|-unboost|p1a: Flutter Mane|spa|1\n|-unboost|p1b: Iron Jugulis|spa|1\n|move|p1a: Flutter Mane|Dazzling Gleam|p2a: Iron Jugulis|[spread] p2a,p2b\n|-resisted|p2a: Iron Jugulis\n|-resisted|p2b: Gholdengo\n|-damage|p2a: Iron Jugulis|4\/100\n|-damage|p2b: Gholdengo|67\/100\n|move|p2b: Gholdengo|Make It Rain|p1a: Flutter Mane|[spread] p1a,p1b\n|-supereffective|p1a: Flutter Mane\n|-crit|p1a: Flutter Mane\n|-damage|p1a: Flutter Mane|0 fnt\n|-damage|p1b: Iron Jugulis|9\/100\n|-unboost|p2b: Gholdengo|spa|1\n|faint|p1a: Flutter Mane\n|-end|p1a: Flutter Mane|Protosynthesis|[silent]\n|\n|upkeep\n|\n|t:|1700676874\n|switch|p1a: Iron Hands|Iron Hands, L50|1\/100\n|turn|11\n|\n|t:|1700676895\n|move|p2a: Iron Jugulis|Protect|p2a: Iron Jugulis\n|-singleturn|p2a: Iron Jugulis|Protect\n|move|p1b: Iron Jugulis|Snarl|p2b: Gholdengo|[spread] p2b\n|-activate|p2a: Iron Jugulis|move: Protect\n|-supereffective|p2b: Gholdengo\n|-damage|p2b: Gholdengo|48\/100\n|-unboost|p2b: Gholdengo|spa|1\n|move|p2b: Gholdengo|Make It Rain|p1b: Iron Jugulis|[spread] p1a,p1b\n|-resisted|p1a: Iron Hands\n|-crit|p1a: Iron Hands\n|-damage|p1a: Iron Hands|0 fnt\n|-damage|p1b: Iron Jugulis|0 fnt\n|-unboost|p2b: Gholdengo|spa|1\n|faint|p1a: Iron Hands\n|-end|p1a: Iron Hands|Quark Drive|[silent]\n|faint|p1b: Iron Jugulis\n|-end|p1b: Iron Jugulis|Quark Drive|[silent]\n|\n|win|SprimLordLv\n|c|\u2606Omeega13|gg\n|c|\u2606SprimLordLv|gg\n|l|\u2606Omeega13\n|l|\u2606SprimLordLv\n","uploadtime":1700676958,"views":12,"p1id":"omeega13","p2id":"sprimlordlv","formatid":"gen9vgc2023regulatione","rating":0,"private":0,"password":""}