{"id":"gen9vgc2023regulatione-1994712001","p1":"Crayvien","p2":"masgin","format":"[Gen 9] VGC 2023 Regulation E","log":"|j|\u2606Crayvien\n|j|\u2606masgin\n|t:|1700484468\n|gametype|doubles\n|player|p1|Crayvien|morty|1220\n|player|p2|masgin|265|1143\n|teamsize|p1|6\n|teamsize|p2|6\n|gen|9\n|tier|[Gen 9] VGC 2023 Regulation E\n|rated|\n|rule|Species Clause: Limit one of each Pok\u00e9mon\n|rule|Item Clause: Limit one of each item\n|clearpoke\n|poke|p1|Typhlosion-Hisui, L50, M|\n|poke|p1|Torkoal, L50, M|\n|poke|p1|Landorus-Therian, L50, M|\n|poke|p1|Iron Hands, L50|\n|poke|p1|Garganacl, L50, M|\n|poke|p1|Clefairy, L50, M|\n|poke|p2|Regieleki, L50|\n|poke|p2|Grimmsnarl, L50, M|\n|poke|p2|Urshifu-*, L50, F|\n|poke|p2|Tornadus, L50, M|\n|poke|p2|Basculegion, L50, M|\n|poke|p2|Chien-Pao, L50|\n|teampreview|4\n|inactive|Battle timer is ON: inactive players will automatically lose when time's up. (requested by Crayvien)\nmasgin rejected open team sheets.\n|\n|t:|1700484493\n|start\n|switch|p1a: Garganacl|Garganacl, L50, M, shiny|100\/100\n|switch|p1b: Iron Hands|Iron Hands, L50, shiny|100\/100\n|switch|p2a: Regieleki|Regieleki, L50|100\/100\n|switch|p2b: Grimmsnarl|Grimmsnarl, L50, M|100\/100\n|turn|1\n|inactive|masgin has 30 seconds left.\n|\n|t:|1700484523\n|-terastallize|p2a: Regieleki|Electric\n|move|p1b: Iron Hands|Fake Out|p2b: Grimmsnarl\n|-damage|p2b: Grimmsnarl|84\/100\n|cant|p2b: Grimmsnarl|flinch\n|move|p2a: Regieleki|Volt Switch|p1b: Iron Hands\n|-resisted|p1b: Iron Hands\n|-damage|p1b: Iron Hands|72\/100\n|\n|t:|1700484532\n|switch|p2a: Urshifu|Urshifu-Rapid-Strike, L50, F|100\/100|[from] Volt Switch\n|move|p1a: Garganacl|Salt Cure|p2a: Urshifu\n|-resisted|p2a: Urshifu\n|-damage|p2a: Urshifu|94\/100\n|-start|p2a: Urshifu|Salt Cure\n|\n|-damage|p2a: Urshifu|69\/100|[from] Salt Cure\n|upkeep\n|turn|2\n|\n|t:|1700484551\n|-terastallize|p1a: Garganacl|Water\n|move|p2a: Urshifu|Surging Strikes|p1b: Iron Hands\n|-crit|p1b: Iron Hands\n|-damage|p1b: Iron Hands|55\/100\n|-crit|p1b: Iron Hands\n|-damage|p1b: Iron Hands|39\/100\n|-crit|p1b: Iron Hands\n|-damage|p1b: Iron Hands|22\/100\n|-hitcount|p1b: Iron Hands|3\n|move|p2b: Grimmsnarl|Spirit Break|p1b: Iron Hands\n|-supereffective|p1b: Iron Hands\n|-damage|p1b: Iron Hands|0 fnt\n|faint|p1b: Iron Hands\n|-end|p1b: Iron Hands|Quark Drive|[silent]\n|move|p1a: Garganacl|Salt Cure|p2a: Urshifu\n|-resisted|p2a: Urshifu\n|-damage|p2a: Urshifu|61\/100\n|\n|-damage|p2a: Urshifu|36\/100|[from] Salt Cure\n|upkeep\n|\n|t:|1700484558\n|switch|p1b: Torkoal|Torkoal, L50, M, shiny|100\/100\n|-weather|SunnyDay|[from] ability: Drought|[of] p1b: Torkoal\n|turn|3\n|\n|t:|1700484568\n|move|p2b: Grimmsnarl|Light Screen|p2b: Grimmsnarl\n|-sidestart|p2: masgin|move: Light Screen\n|move|p2a: Urshifu|Surging Strikes|p1b: Torkoal\n|-supereffective|p1b: Torkoal\n|-crit|p1b: Torkoal\n|-damage|p1b: Torkoal|87\/100\n|-supereffective|p1b: Torkoal\n|-crit|p1b: Torkoal\n|-damage|p1b: Torkoal|73\/100\n|-supereffective|p1b: Torkoal\n|-crit|p1b: Torkoal\n|-damage|p1b: Torkoal|60\/100\n|-hitcount|p1b: Torkoal|3\n|move|p1a: Garganacl|Salt Cure|p2b: Grimmsnarl\n|-damage|p2b: Grimmsnarl|69\/100\n|-start|p2b: Grimmsnarl|Salt Cure\n|move|p1b: Torkoal|Yawn|p2a: Urshifu\n|-start|p2a: Urshifu|move: Yawn|[of] p1b: Torkoal\n|\n|-weather|SunnyDay|[upkeep]\n|-damage|p2a: Urshifu|11\/100|[from] Salt Cure\n|-damage|p2b: Grimmsnarl|56\/100|[from] Salt Cure\n|upkeep\n|turn|4\n|inactive|masgin has 30 seconds left.\n|\n|t:|1700484595\n|move|p1b: Torkoal|Helping Hand|p1a: Garganacl\n|-singleturn|p1a: Garganacl|Helping Hand|[of] p1b: Torkoal\n|move|p2a: Urshifu|Surging Strikes|p1b: Torkoal\n|-supereffective|p1b: Torkoal\n|-crit|p1b: Torkoal\n|-damage|p1b: Torkoal|46\/100\n|-supereffective|p1b: Torkoal\n|-crit|p1b: Torkoal\n|-damage|p1b: Torkoal|33\/100\n|-supereffective|p1b: Torkoal\n|-crit|p1b: Torkoal\n|-damage|p1b: Torkoal|19\/100\n|-hitcount|p1b: Torkoal|3\n|move|p2b: Grimmsnarl|Spirit Break|p1b: Torkoal\n|-resisted|p1b: Torkoal\n|-damage|p1b: Torkoal|10\/100\n|-unboost|p1b: Torkoal|spa|1\n|-enditem|p1b: Torkoal|Eject Pack\n|\n|t:|1700484599\n|switch|p1b: Landorus|Landorus-Therian, L50, M, shiny|100\/100\n|-ability|p1b: Landorus|Intimidate|boost\n|-unboost|p2a: Urshifu|atk|1\n|-unboost|p2b: Grimmsnarl|atk|1\n|move|p1a: Garganacl|Salt Cure|p2b: Grimmsnarl\n|-damage|p2b: Grimmsnarl|34\/100\n|\n|-weather|SunnyDay|[upkeep]\n|-damage|p2a: Urshifu|0 fnt|[from] Salt Cure\n|faint|p2a: Urshifu\n|-damage|p2b: Grimmsnarl|21\/100|[from] Salt Cure\n|upkeep\n|\n|t:|1700484618\n|switch|p2a: Regieleki|Regieleki, L50, tera:Electric|100\/100\n|turn|5\n|\n|t:|1700484637\n|move|p1a: Garganacl|Protect|p1a: Garganacl\n|-singleturn|p1a: Garganacl|Protect\n|move|p2b: Grimmsnarl|Trick|p1b: Landorus\n|-activate|p2b: Grimmsnarl|move: Trick|[of] p1b: Landorus\n|-item|p1b: Landorus|Ring Target|[from] move: Trick\n|-item|p2b: Grimmsnarl|Choice Scarf|[from] move: Trick\n|move|p2a: Regieleki|Thunderbolt|p1b: Landorus\n|-supereffective|p1b: Landorus\n|-damage|p1b: Landorus|0 fnt\n|faint|p1b: Landorus\n|\n|-weather|SunnyDay|[upkeep]\n|-damage|p2b: Grimmsnarl|9\/100|[from] Salt Cure\n|upkeep\n|\n|t:|1700484646\n|switch|p1b: Torkoal|Torkoal, L50, M, shiny|10\/100\n|turn|6\n|c|\u2606masgin|damn\n|c|\u2606Crayvien|The gimmick it self\n|c|\u2606Crayvien|Holy\n|-message|Crayvien forfeited.\n|\n|win|masgin\n|raw|Crayvien's rating: 1220 &rarr; <strong>1190<\/strong><br \/>(-30 for losing)\n|raw|masgin's rating: 1143 &rarr; <strong>1173<\/strong><br \/>(+30 for winning)\n|l|\u2606Crayvien\n","uploadtime":1700484703,"views":10,"p1id":"crayvien","p2id":"masgin","formatid":"gen9vgc2023regulatione","rating":1173,"private":0,"password":""}