{"id":"gen9vgc2023regulatione-1998618924","p1":"Goodusername69","p2":"Falinks Assemble","format":"[Gen 9] VGC 2023 Regulation E","log":"|j|\u2606Goodusername69\n|j|\u2606Falinks Assemble\n|t:|1700963708\n|gametype|doubles\n|player|p1|Goodusername69|169|\n|player|p2|Falinks Assemble|hilbert|\n|teamsize|p1|6\n|teamsize|p2|6\n|gen|9\n|tier|[Gen 9] VGC 2023 Regulation E\n|rated|Tournament battle\n|rule|Species Clause: Limit one of each Pok\u00e9mon\n|rule|Item Clause: Limit one of each item\n|clearpoke\n|poke|p1|Moltres-Galar, L50|\n|poke|p1|Sinistcha, L50|\n|poke|p1|Landorus-Therian, L50, M|\n|poke|p1|Talonflame, L50, M|\n|poke|p1|Iron Hands, L50|\n|poke|p1|Flutter Mane, L50|\n|poke|p2|Chien-Pao, L50|\n|poke|p2|Tornadus, L50, M|\n|poke|p2|Urshifu-*, L50, M|\n|poke|p2|Farigiraf, L50, M|\n|poke|p2|Flutter Mane, L50|\n|poke|p2|Ursaluna, L50, M|\n|teampreview|4\n|showteam|p1|Moltres-Galar||SitrusBerry|Berserk|FieryWrath,AirSlash,NastyPlot,Protect||||||50|,,,,,Poison]Sinistcha||RockyHelmet|Hospitality|StrengthSap,RagePowder,MatchaGotcha,Protect||||||50|,,,,,Fire]Landorus-Therian||ChoiceScarf|Intimidate|Earthquake,StompingTantrum,Uturn,RockSlide|||M|||50|,,,,,Water]Talonflame||EjectButton|GaleWings|Tailwind,BraveBird,WillOWisp,Taunt|||M|||50|,,,,,Ghost]Iron Hands||AssaultVest|QuarkDrive|FakeOut,WildCharge,DrainPunch,HeavySlam||||||50|,,,,,Water]Flutter Mane||BoosterEnergy|Protosynthesis|ShadowBall,Substitute,Moonblast,Protect||||||50|,,,,,Fairy\n|showteam|p2|Chien-Pao||FocusSash|SwordofRuin|IceSpinner,SuckerPunch,SacredSword,Protect||||||50|,,,,,Ghost]Tornadus||CovertCloak|Prankster|Tailwind,ScaryFace,BleakwindStorm,Taunt|||M|||50|,,,,,Steel]Urshifu-Rapid-Strike||ChoiceScarf|UnseenFist|Uturn,SurgingStrikes,AquaJet,CloseCombat|||M|||50|,,,,,Water]Farigiraf||SafetyGoggles|ArmorTail|TrickRoom,DazzlingGleam,Protect,FoulPlay|||M|||50|,,,,,Fairy]Flutter Mane||ChoiceSpecs|Protosynthesis|Moonblast,ShadowBall,DazzlingGleam,Thunderbolt||||||50|,,,,,Fairy]Ursaluna||FlameOrb|Guts|Facade,Protect,Earthquake,ShadowClaw|||M|||50|,,,,,Ghost\n|inactive|Battle timer is ON: inactive players will automatically lose when time's up. (requested by Falinks Assemble)\n|j| Genis69\n|c|\u2606Goodusername69|Rematch time!\n|j| AutumnFawn\n|c| Genis69|i like your username mr. goodusername69\n|inactive|Goodusername69 has 60 seconds left.\n|c|\u2606Goodusername69|Thank you!\n|j| EmceeMikey\n|inactive|Goodusername69 has 30 seconds left.\n|\n|t:|1700963773\n|start\n|switch|p1a: Rose|Talonflame, L50, M, shiny|100\/100\n|switch|p1b: Nanny KFC|Moltres-Galar, L50|100\/100\n|switch|p2a: Tornadus|Tornadus, L50, M|100\/100\n|switch|p2b: Flutter Mane|Flutter Mane, L50, shiny|100\/100\n|turn|1\n|j| Knoxtaro\n|j| bobforte22\n|\n|t:|1700963791\n|-end|p2b: Flutter Mane|Protosynthesis|[silent]\n|switch|p2b: Chien-Pao|Chien-Pao, L50|100\/100\n|-ability|p2b: Chien-Pao|Sword of Ruin\n|move|p1b: Nanny KFC|Protect|p1b: Nanny KFC\n|-singleturn|p1b: Nanny KFC|Protect\n|move|p1a: Rose|Tailwind|p1a: Rose\n|-sidestart|p1: Goodusername69|move: Tailwind\n|move|p2a: Tornadus|Tailwind|p2a: Tornadus\n|-sidestart|p2: Falinks Assemble|move: Tailwind\n|\n|upkeep\n|turn|2\n|j| TheIceTable\n|\n|t:|1700963801\n|switch|p1b: Brian|Iron Hands, L50|100\/100\n|move|p2b: Chien-Pao|Protect|p2b: Chien-Pao\n|-singleturn|p2b: Chien-Pao|Protect\n|move|p1a: Rose|Will-O-Wisp|p2b: Chien-Pao\n|-activate|p2b: Chien-Pao|move: Protect\n|move|p2a: Tornadus|Bleakwind Storm|p1a: Rose|[spread] p1a,p1b\n|-damage|p1a: Rose|60\/100\n|-damage|p1b: Brian|82\/100\n|-enditem|p1a: Rose|Eject Button\n|j| NeuroMagnet\n|\n|t:|1700963808\n|switch|p1a: History|Landorus-Therian, L50, M|100\/100\n|-ability|p1a: History|Intimidate|boost\n|-unboost|p2a: Tornadus|atk|1\n|-unboost|p2b: Chien-Pao|atk|1\n|\n|upkeep\n|turn|3\n|j| Munkidori D Luffy\n|\n|t:|1700963827\n|-terastallize|p2b: Chien-Pao|Ghost\n|move|p1a: History|U-turn|p2b: Chien-Pao\n|-resisted|p2b: Chien-Pao\n|-damage|p2b: Chien-Pao|84\/100\n|\n|t:|1700963835\n|switch|p1a: Rose|Talonflame, L50, M, shiny|60\/100|[from] U-turn\n|move|p2b: Chien-Pao|Ice Spinner|p1a: Rose\n|-damage|p1a: Rose|19\/100\n|move|p2a: Tornadus|Bleakwind Storm|p1b: Brian|[spread] p1a,p1b\n|-damage|p1a: Rose|0 fnt\n|-damage|p1b: Brian|64\/100\n|-unboost|p1b: Brian|spe|1\n|faint|p1a: Rose\n|move|p1b: Brian|Drain Punch|p2b: Chien-Pao\n|-immune|p2b: Chien-Pao\n|\n|upkeep\n|\n|t:|1700963839\n|switch|p1a: Nanny KFC|Moltres-Galar, L50|100\/100\n|turn|4\n|l| Knoxtaro\n|\n|t:|1700963851\n|-terastallize|p1a: Nanny KFC|Poison\n|move|p2b: Chien-Pao|Ice Spinner|p1a: Nanny KFC\n|-damage|p1a: Nanny KFC|66\/100\n|move|p2a: Tornadus|Bleakwind Storm|p1a: Nanny KFC|[spread] p1a,p1b\n|-damage|p1a: Nanny KFC|44\/100\n|-damage|p1b: Brian|47\/100\n|-unboost|p1b: Brian|spe|1\n|-ability|p1a: Nanny KFC|Berserk|boost\n|-boost|p1a: Nanny KFC|spa|1\n|-enditem|p1a: Nanny KFC|Sitrus Berry|[eat]\n|-heal|p1a: Nanny KFC|68\/100|[from] item: Sitrus Berry\n|move|p1a: Nanny KFC|Fiery Wrath|p2b: Chien-Pao|[spread] p2a,p2b\n|-supereffective|p2b: Chien-Pao\n|-damage|p2a: Tornadus|56\/100\n|-damage|p2b: Chien-Pao|0 fnt\n|faint|p2b: Chien-Pao\n|move|p1b: Brian|Wild Charge|p2a: Tornadus\n|-supereffective|p2a: Tornadus\n|-damage|p2a: Tornadus|0 fnt\n|faint|p2a: Tornadus\n|-damage|p1b: Brian|37\/100|[from] Recoil\n|\n|-sideend|p1: Goodusername69|move: Tailwind\n|-sideend|p2: Falinks Assemble|move: Tailwind\n|upkeep\n|j| Knoxtaro\n|\n|t:|1700963860\n|switch|p2b: Flutter Mane|Flutter Mane, L50, shiny|100\/100\n|switch|p2a: Urshifu|Urshifu-Rapid-Strike, L50, M|100\/100\n|turn|5\n|\n|t:|1700963879\n|move|p2a: Urshifu|Surging Strikes|p1a: Nanny KFC\n|-crit|p1a: Nanny KFC\n|-damage|p1a: Nanny KFC|50\/100\n|-crit|p1a: Nanny KFC\n|-damage|p1a: Nanny KFC|30\/100\n|-crit|p1a: Nanny KFC\n|-damage|p1a: Nanny KFC|10\/100\n|-hitcount|p1a: Nanny KFC|3\n|-ability|p1a: Nanny KFC|Berserk|boost\n|-boost|p1a: Nanny KFC|spa|1\n|move|p2b: Flutter Mane|Moonblast|p1b: Brian\n|-supereffective|p1b: Brian\n|-damage|p1b: Brian|0 fnt\n|faint|p1b: Brian\n|-end|p1b: Brian|Quark Drive|[silent]\n|move|p1a: Nanny KFC|Air Slash|p2a: Urshifu\n|-supereffective|p2a: Urshifu\n|-damage|p2a: Urshifu|0 fnt\n|faint|p2a: Urshifu\n|\n|upkeep\n|\n|t:|1700963891\n|switch|p1b: History|Landorus-Therian, L50, M|100\/100\n|-ability|p1b: History|Intimidate|boost\n|-unboost|p2b: Flutter Mane|atk|1\n|turn|6\n|\n|t:|1700963896\n|move|p1b: History|Stomping Tantrum|p2b: Flutter Mane\n|-damage|p2b: Flutter Mane|47\/100\n|move|p2b: Flutter Mane|Moonblast|p1a: Nanny KFC\n|-resisted|p1a: Nanny KFC\n|-damage|p1a: Nanny KFC|0 fnt\n|faint|p1a: Nanny KFC\n|\n|upkeep\n|turn|7\n|\n|t:|1700963900\n|move|p1b: History|Stomping Tantrum|p2b: Flutter Mane\n|-damage|p2b: Flutter Mane|0 fnt\n|faint|p2b: Flutter Mane\n|-end|p2b: Flutter Mane|Protosynthesis|[silent]\n|\n|win|Goodusername69\n|n|\u2606Goodusername69|goodusername69\n|n|\u2606Falinks Assemble|falinksassemble\n|n| Genis69|genis69\n|n| AutumnFawn|autumnfawn\n|n| EmceeMikey|emceemikey\n|n| bobforte22|bobforte22\n|n| TheIceTable|theicetable\n|n| NeuroMagnet|neuromagnet\n|n| Munkidori D Luffy|munkidoridluffy\n|n| Knoxtaro|knoxtaro\n","uploadtime":1700963901,"views":28,"p1id":"goodusername69","p2id":"falinksassemble","formatid":"gen9vgc2023regulatione","rating":0,"private":0,"password":""}