{"id":"gen9vgc2023regulatione-1992232020","p1":"OKPlayerCL","p2":"ELFRAN132","format":"[Gen 9] VGC 2023 Regulation E","log":"|j|\u2606OKPlayerCL\n|j|\u2606ELFRAN132\n|t:|1700166052\n|gametype|doubles\n|player|p1|OKPlayerCL|102|1181\n|player|p2|ELFRAN132|101|1226\n|teamsize|p1|6\n|teamsize|p2|6\n|gen|9\n|tier|[Gen 9] VGC 2023 Regulation E\n|rated|\n|rule|Species Clause: Limit one of each Pok\u00e9mon\n|rule|Item Clause: Limit one of each item\n|clearpoke\n|poke|p1|Mienshao, L50, F|\n|poke|p1|Zapdos, L50|\n|poke|p1|Garchomp, L50, M|\n|poke|p1|Gyarados, L50, M|\n|poke|p1|Milotic, L50, F|\n|poke|p1|Grimmsnarl, L50, M|\n|poke|p2|Clefairy, L50, F|\n|poke|p2|Flamigo, L50, F|\n|poke|p2|Iron Bundle, L50|\n|poke|p2|Kingambit, L50, M|\n|poke|p2|Magcargo, L50, M|\n|poke|p2|Rillaboom, L50, M|\n|teampreview|4\nELFRAN132 has agreed to open team sheets.\nOKPlayerCL rejected open team sheets.\n|\n|t:|1700166128\n|start\n|switch|p1a: Grimmsnarl|Grimmsnarl, L50, M, shiny|100\/100\n|switch|p1b: Mienshao|Mienshao, L50, F, shiny|100\/100\n|switch|p2a: Magcargo|Magcargo, L50, M|100\/100\n|switch|p2b: Clefairy|Clefairy, L50, F|100\/100\n|turn|1\n|\n|t:|1700166147\n|move|p2a: Magcargo|Protect|p2a: Magcargo\n|-singleturn|p2a: Magcargo|Protect\n|move|p2b: Clefairy|Protect|p2b: Clefairy\n|-singleturn|p2b: Clefairy|Protect\n|move|p1b: Mienshao|Fake Out|p2a: Magcargo\n|-activate|p2a: Magcargo|move: Protect\n|move|p1a: Grimmsnarl|Thunder Wave|p2b: Clefairy\n|-activate|p2b: Clefairy|move: Protect\n|\n|upkeep\n|turn|2\n|\n|t:|1700166165\n|move|p2b: Clefairy|Follow Me|p2b: Clefairy\n|-singleturn|p2b: Clefairy|move: Follow Me\n|move|p1a: Grimmsnarl|Thunder Wave|p2b: Clefairy\n|-status|p2b: Clefairy|par\n|move|p1b: Mienshao|Close Combat|p2b: Clefairy\n|-resisted|p2b: Clefairy\n|-damage|p2b: Clefairy|75\/100 par\n|-unboost|p1b: Mienshao|def|1\n|-unboost|p1b: Mienshao|spd|1\n|move|p2a: Magcargo|Shell Smash|p2a: Magcargo\n|-unboost|p2a: Magcargo|def|1\n|-unboost|p2a: Magcargo|spd|1\n|-boost|p2a: Magcargo|atk|2\n|-boost|p2a: Magcargo|spa|2\n|-boost|p2a: Magcargo|spe|2\n|-enditem|p2a: Magcargo|White Herb\n|-clearnegativeboost|p2a: Magcargo|[silent]\n|\n|upkeep\n|turn|3\n|\n|t:|1700166190\n|switch|p1b: Garchomp|Garchomp, L50, M, shiny|100\/100\n|-terastallize|p2a: Magcargo|Dragon\n|move|p2b: Clefairy|Follow Me|p2b: Clefairy\n|-singleturn|p2b: Clefairy|move: Follow Me\n|move|p1a: Grimmsnarl|Light Screen|p1a: Grimmsnarl\n|-sidestart|p1: OKPlayerCL|move: Light Screen\n|move|p2a: Magcargo|Heat Wave|p1b: Garchomp|[spread] p1b\n|-miss|p2a: Magcargo|p1a: Grimmsnarl\n|-resisted|p1b: Garchomp\n|-damage|p1b: Garchomp|78\/100\n|\n|upkeep\n|turn|4\n|\n|t:|1700166215\n|switch|p1a: Zapdos|Zapdos, L50|100\/100\n|move|p2a: Magcargo|Power Gem|p1b: Garchomp\n|-resisted|p1b: Garchomp\n|-damage|p1b: Garchomp|55\/100\n|move|p1b: Garchomp|Earthquake|p2b: Clefairy|[spread] p2a,p2b\n|-immune|p1a: Zapdos\n|-crit|p2a: Magcargo\n|-damage|p2a: Magcargo|5\/100\n|-damage|p2b: Clefairy|29\/100 par\n|-damage|p1b: Garchomp|45\/100|[from] item: Life Orb\n|move|p2b: Clefairy|Sing|p1a: Zapdos\n|-status|p1a: Zapdos|slp|[from] move: Sing\n|\n|upkeep\n|turn|5\n|\n|t:|1700166240\n|switch|p1b: Grimmsnarl|Grimmsnarl, L50, M, shiny|100\/100\n|switch|p2b: Flamigo|Flamigo, L50, F|100\/100\n|-copyboost|p2b: Flamigo|p2a: Magcargo|[from] ability: Costar\n|move|p2a: Magcargo|Power Gem|p1a: Zapdos\n|-supereffective|p1a: Zapdos\n|-damage|p1a: Zapdos|5\/100 slp\n|-enditem|p1a: Zapdos|Sitrus Berry|[eat]\n|-heal|p1a: Zapdos|30\/100 slp|[from] item: Sitrus Berry\n|cant|p1a: Zapdos|slp\n|\n|upkeep\n|turn|6\n|\n|t:|1700166268\n|move|p2b: Flamigo|Protect|p2b: Flamigo\n|-singleturn|p2b: Flamigo|Protect\n|move|p1b: Grimmsnarl|Thunder Wave|p2b: Flamigo\n|-activate|p2b: Flamigo|move: Protect\n|move|p2a: Magcargo|Heat Wave|p1b: Grimmsnarl|[spread] p1a,p1b\n|-damage|p1a: Zapdos|0 fnt\n|-damage|p1b: Grimmsnarl|60\/100\n|faint|p1a: Zapdos\n|\n|upkeep\n|\n|t:|1700166277\n|switch|p1a: Mienshao|Mienshao, L50, F, shiny|100\/100\n|turn|7\n|inactive|Battle timer is ON: inactive players will automatically lose when time's up. (requested by OKPlayerCL)\n|\n|t:|1700166346\n|switch|p2b: Clefairy|Clefairy, L50, F|29\/100 par\n|move|p2a: Magcargo|Protect|p2a: Magcargo\n|-singleturn|p2a: Magcargo|Protect\n|move|p1a: Mienshao|Wide Guard|p1a: Mienshao\n|-singleturn|p1a: Mienshao|Wide Guard\n|move|p1b: Grimmsnarl|Thunder Wave|p2b: Clefairy\n|-fail|p2b: Clefairy|par\n|\n|-sideend|p1: OKPlayerCL|move: Light Screen\n|upkeep\n|turn|8\n|inactive|ELFRAN132 has 30 seconds left.\n|\n|t:|1700166380\n|switch|p1a: Garchomp|Garchomp, L50, M, shiny|45\/100\n|move|p2b: Clefairy|Follow Me|p2b: Clefairy\n|-singleturn|p2b: Clefairy|move: Follow Me\n|move|p1b: Grimmsnarl|Light Screen|p1b: Grimmsnarl\n|-sidestart|p1: OKPlayerCL|move: Light Screen\n|move|p2a: Magcargo|Power Gem|p1b: Grimmsnarl\n|-damage|p1b: Grimmsnarl|16\/100\n|\n|upkeep\n|turn|9\n|inactive|ELFRAN132 has 30 seconds left.\n|\n|t:|1700166410\n|move|p2a: Magcargo|Protect|p2a: Magcargo\n|-singleturn|p2a: Magcargo|Protect\n|move|p1b: Grimmsnarl|Thunder Wave|p2a: Magcargo\n|-activate|p2a: Magcargo|move: Protect\n|move|p1a: Garchomp|Rock Slide|p2b: Clefairy|[spread] p2b\n|-activate|p2a: Magcargo|move: Protect\n|-damage|p2b: Clefairy|8\/100 par\n|-damage|p1a: Garchomp|35\/100|[from] item: Life Orb\n|move|p2b: Clefairy|Sing|p1a: Garchomp|[miss]\n|-miss|p2b: Clefairy|p1a: Garchomp\n|\n|upkeep\n|turn|10\n|inactive|ELFRAN132 has 30 seconds left.\n|inactive|ELFRAN132 has 20 seconds left.\n|inactive|ELFRAN132 has 15 seconds left.\n|\n|t:|1700166450\n|switch|p2b: Flamigo|Flamigo, L50, F|100\/100\n|-copyboost|p2b: Flamigo|p2a: Magcargo|[from] ability: Costar\n|move|p1b: Grimmsnarl|Thunder Wave|p2a: Magcargo\n|-status|p2a: Magcargo|par\n|move|p1a: Garchomp|Rock Slide|p2a: Magcargo|[spread] p2a,p2b\n|-damage|p2a: Magcargo|0 fnt\n|-damage|p2b: Flamigo|60\/100\n|faint|p2a: Magcargo\n|-damage|p1a: Garchomp|26\/100|[from] item: Life Orb\n|\n|upkeep\n|\n|t:|1700166464\n|switch|p2a: Clefairy|Clefairy, L50, F|8\/100 par\n|turn|11\n|\n|t:|1700166472\n|move|p2a: Clefairy|Follow Me|p2a: Clefairy\n|-singleturn|p2a: Clefairy|move: Follow Me\n|move|p1b: Grimmsnarl|Thunder Wave|p2a: Clefairy\n|-fail|p2a: Clefairy|par\n|move|p2b: Flamigo|Brave Bird|p1b: Grimmsnarl\n|-damage|p1b: Grimmsnarl|0 fnt\n|faint|p1b: Grimmsnarl\n|-damage|p2b: Flamigo|54\/100|[from] Recoil\n|-damage|p2b: Flamigo|45\/100|[from] item: Life Orb\n|move|p1a: Garchomp|Rock Slide|p2a: Clefairy|[spread] p2a,p2b\n|-damage|p2a: Clefairy|0 fnt\n|-damage|p2b: Flamigo|7\/100\n|faint|p2a: Clefairy\n|-damage|p1a: Garchomp|16\/100|[from] item: Life Orb\n|\n|upkeep\n|c|\u2606OKPlayerCL|gg\n|-message|OKPlayerCL forfeited.\n|\n|win|ELFRAN132\n|raw|OKPlayerCL's rating: 1181 &rarr; <strong>1159<\/strong><br \/>(-22 for losing)\n|raw|ELFRAN132's rating: 1226 &rarr; <strong>1248<\/strong><br \/>(+22 for winning)\n|l|\u2606OKPlayerCL\n|c|\u2606ELFRAN132|gg\n","uploadtime":1700166502,"views":11,"p1id":"okplayercl","p2id":"elfran132","formatid":"gen9vgc2023regulatione","rating":1159,"private":0,"password":""}