{"id":"gen9vgc2023regulatione-1999972253","p1":"Xikirito","p2":"Abc123jjk","format":"[Gen 9] VGC 2023 Regulation E","log":"|j|\u2606Xikirito\n|j|\u2606Abc123jjk\n|t:|1701136220\n|gametype|doubles\n|player|p1|Xikirito|volkner|1127\n|player|p2|Abc123jjk|169|1034\n|teamsize|p1|6\n|teamsize|p2|6\n|gen|9\n|tier|[Gen 9] VGC 2023 Regulation E\n|rated|\n|rule|Species Clause: Limit one of each Pok\u00e9mon\n|rule|Item Clause: Limit one of each item\n|clearpoke\n|poke|p1|Chi-Yu, L50|\n|poke|p1|Iron Hands, L50|\n|poke|p1|Landorus-Therian, L50, M|\n|poke|p1|Dusclops, L50, M|\n|poke|p1|Ogerpon-Wellspring, L50, F|\n|poke|p1|Ursaluna-Bloodmoon, L50, M|\n|poke|p2|Roaring Moon, L50|\n|poke|p2|Gholdengo, L50|\n|poke|p2|Clefairy, L50, M|\n|poke|p2|Arcanine-Hisui, L50, M|\n|poke|p2|Rillaboom, L50, F|\n|poke|p2|Urshifu-*, L50, F|\n|teampreview|4\n|inactive|Battle timer is ON: inactive players will automatically lose when time's up. (requested by Xikirito)\n|\n|t:|1701136243\n|start\n|switch|p1a: Chi-Yu|Chi-Yu, L50|100\/100\n|switch|p1b: Iron Hands|Iron Hands, L50|100\/100\n|switch|p2a: Roaring Moon|Roaring Moon, L50, shiny|100\/100\n|switch|p2b: Urshifu|Urshifu-Rapid-Strike, L50, F|100\/100\n|-ability|p1a: Chi-Yu|Beads of Ruin\n|-enditem|p2a: Roaring Moon|Booster Energy\n|-activate|p2a: Roaring Moon|ability: Protosynthesis|[fromitem]\n|-start|p2a: Roaring Moon|protosynthesisatk\n|turn|1\n|inactive|Xikirito has 30 seconds left.\n|\n|t:|1701136274\n|move|p1b: Iron Hands|Fake Out|p2b: Urshifu\n|-damage|p2b: Urshifu|85\/100\n|move|p2a: Roaring Moon|Tailwind|p2a: Roaring Moon\n|-sidestart|p2: Abc123jjk|move: Tailwind\n|cant|p2b: Urshifu|flinch\n|move|p1a: Chi-Yu|Dark Pulse|p2a: Roaring Moon\n|-resisted|p2a: Roaring Moon\n|-crit|p2a: Roaring Moon\n|-damage|p2a: Roaring Moon|42\/100\n|\n|upkeep\n|turn|2\n|\n|t:|1701136290\n|move|p2b: Urshifu|Aqua Jet|p1a: Chi-Yu\n|-supereffective|p1a: Chi-Yu\n|-damage|p1a: Chi-Yu|32\/100\n|move|p2a: Roaring Moon|Acrobatics|p1a: Chi-Yu\n|-damage|p1a: Chi-Yu|0 fnt\n|faint|p1a: Chi-Yu\n|move|p1b: Iron Hands|Wild Charge|p2b: Urshifu\n|-supereffective|p2b: Urshifu\n|-damage|p2b: Urshifu|0 fnt\n|faint|p2b: Urshifu\n|-damage|p1b: Iron Hands|85\/100|[from] Recoil\n|\n|upkeep\n|\n|t:|1701136304\n|switch|p2b: Gholdengo|Gholdengo, L50|100\/100\n|switch|p1a: Dusclops|Dusclops, L50, M|100\/100\n|-item|p2b: Gholdengo|Metal Coat|[from] ability: Frisk|[of] p1a: Dusclops|[identify]\n|turn|3\n|\n|t:|1701136319\n|move|p2a: Roaring Moon|Knock Off|p1a: Dusclops\n|-supereffective|p1a: Dusclops\n|-damage|p1a: Dusclops|18\/100\n|-enditem|p1a: Dusclops|Eviolite|[from] move: Knock Off|[of] p2a: Roaring Moon\n|move|p2b: Gholdengo|Shadow Ball|p1a: Dusclops\n|-supereffective|p1a: Dusclops\n|-damage|p1a: Dusclops|0 fnt\n|faint|p1a: Dusclops\n|move|p1b: Iron Hands|Wild Charge|p2a: Roaring Moon\n|-resisted|p2a: Roaring Moon\n|-damage|p2a: Roaring Moon|9\/100\n|-damage|p1b: Iron Hands|79\/100|[from] Recoil\n|\n|upkeep\n|\n|t:|1701136330\n|switch|p1a: Ursaluna|Ursaluna-Bloodmoon, L50, M|100\/100\n|turn|4\n|\n|t:|1701136351\n|-terastallize|p1a: Ursaluna|Normal\n|move|p2a: Roaring Moon|Protect|p2a: Roaring Moon\n|-singleturn|p2a: Roaring Moon|Protect\n|move|p2b: Gholdengo|Make It Rain|p1a: Ursaluna|[spread] p1a,p1b\n|-resisted|p1b: Iron Hands\n|-damage|p1a: Ursaluna|33\/100\n|-damage|p1b: Iron Hands|64\/100\n|-unboost|p2b: Gholdengo|spa|1\n|move|p1b: Iron Hands|Wild Charge|p2a: Roaring Moon\n|-activate|p2a: Roaring Moon|move: Protect\n|move|p1a: Ursaluna|Earth Power|p2b: Gholdengo\n|-supereffective|p2b: Gholdengo\n|-damage|p2b: Gholdengo|0 fnt\n|faint|p2b: Gholdengo\n|\n|-sideend|p2: Abc123jjk|move: Tailwind\n|upkeep\n|\n|t:|1701136370\n|switch|p2b: Arcanine|Arcanine-Hisui, L50, M, shiny|100\/100\n|-ability|p2b: Arcanine|Intimidate|boost\n|-unboost|p1a: Ursaluna|atk|1\n|-unboost|p1b: Iron Hands|atk|1\n|turn|5\n|\n|t:|1701136380\n|move|p2a: Roaring Moon|Acrobatics|p1b: Iron Hands\n|-damage|p1b: Iron Hands|29\/100\n|move|p2b: Arcanine|Rock Slide|p1a: Ursaluna|[spread] p1a,p1b\n|-resisted|p1b: Iron Hands\n|-damage|p1a: Ursaluna|14\/100\n|-damage|p1b: Iron Hands|20\/100\n|move|p1b: Iron Hands|Wild Charge|p2a: Roaring Moon\n|-resisted|p2a: Roaring Moon\n|-damage|p2a: Roaring Moon|0 fnt\n|faint|p2a: Roaring Moon\n|-end|p2a: Roaring Moon|Protosynthesis|[silent]\n|-damage|p1b: Iron Hands|18\/100|[from] Recoil\n|move|p1a: Ursaluna|Earth Power|p2b: Arcanine\n|-supereffective|p2b: Arcanine\n|-damage|p2b: Arcanine|0 fnt\n|faint|p2b: Arcanine\n|\n|win|Xikirito\n|raw|Xikirito's rating: 1127 &rarr; <strong>1145<\/strong><br \/>(+18 for winning)\n|raw|Abc123jjk's rating: 1034 &rarr; <strong>1023<\/strong><br \/>(-11 for losing)\n","uploadtime":1701136398,"views":16,"p1id":"xikirito","p2id":"abc123jjk","formatid":"gen9vgc2023regulatione","rating":1023,"private":0,"password":""}