{"id":"gen9vgc2023regulatione-1998921684","p1":"laso_offfdd","p2":"Chef204","format":"[Gen 9] VGC 2023 Regulation E","log":"|j|\u2606laso_offfdd\n|j|\u2606Chef204\n|t:|1701013370\n|gametype|doubles\n|player|p1|laso_offfdd|jupiter|1062\n|player|p2|Chef204|101|1164\n|teamsize|p1|6\n|teamsize|p2|6\n|gen|9\n|tier|[Gen 9] VGC 2023 Regulation E\n|rated|\n|rule|Species Clause: Limit one of each Pok\u00e9mon\n|rule|Item Clause: Limit one of each item\n|clearpoke\n|poke|p1|Glastrier, L50|\n|poke|p1|Dusclops, L50, F|\n|poke|p1|Indeedee-F, L50, F|\n|poke|p1|Armarouge, L50, F|\n|poke|p1|Vikavolt, L50, M|\n|poke|p1|Hatterene, L50, F|\n|poke|p2|Baxcalibur, L50, M|\n|poke|p2|Goodra-Hisui, L50, F|\n|poke|p2|Scream Tail, L50|\n|poke|p2|Landorus-Therian, L50, M|\n|poke|p2|Moltres-Galar, L50|\n|poke|p2|Ninetales-Alola, L50, F|\n|teampreview|4\n|inactive|Battle timer is ON: inactive players will automatically lose when time's up. (requested by Chef204)\n|\n|t:|1701013401\n|start\n|switch|p1a: Indeedee|Indeedee-F, L50, F, shiny|100\/100\n|switch|p1b: Vikavolt|Vikavolt, L50, M, shiny|100\/100\n|switch|p2a: Dawg?|Landorus-Therian, L50, M, shiny|100\/100\n|switch|p2b: Mufasa|Moltres-Galar, L50|100\/100\n|-ability|p2a: Dawg?|Intimidate|boost\n|-unboost|p1a: Indeedee|atk|1\n|-unboost|p1b: Vikavolt|atk|1\n|-fieldstart|move: Psychic Terrain|[from] ability: Psychic Surge|[of] p1a: Indeedee\n|-enditem|p1a: Indeedee|Psychic Seed\n|-boost|p1a: Indeedee|spd|1|[from] item: Psychic Seed\n|turn|1\n|inactive|laso_offfdd has 30 seconds left.\n|\n|t:|1701013427\n|move|p2a: Dawg?|Rock Slide|p1b: Vikavolt|[spread] p1a,p1b\n|-supereffective|p1b: Vikavolt\n|-crit|p1b: Vikavolt\n|-damage|p1a: Indeedee|81\/100\n|-damage|p1b: Vikavolt|30\/100\n|move|p2b: Mufasa|Fiery Wrath|p1a: Indeedee|[spread] p1a,p1b\n|-supereffective|p1a: Indeedee\n|-crit|p1b: Vikavolt\n|-damage|p1a: Indeedee|43\/100\n|-damage|p1b: Vikavolt|0 fnt\n|faint|p1b: Vikavolt\n|cant|p1a: Indeedee|flinch\n|\n|upkeep\n|\n|t:|1701013442\n|switch|p1b: Glastrier|Glastrier, L50|100\/100\n|turn|2\n|inactive|laso_offfdd has 30 seconds left.\n|\n|t:|1701013472\n|-terastallize|p1a: Indeedee|Grass\n|move|p2a: Dawg?|Rock Slide|p1b: Glastrier|[spread] p1a,p1b\n|-supereffective|p1b: Glastrier\n|-damage|p1a: Indeedee|23\/100\n|-damage|p1b: Glastrier|66\/100\n|move|p2b: Mufasa|Fiery Wrath|p1a: Indeedee|[spread] p1a,p1b\n|-damage|p1a: Indeedee|4\/100\n|-damage|p1b: Glastrier|40\/100\n|move|p1b: Glastrier|Icicle Crash|p2a: Dawg?\n|-supereffective|p2a: Dawg?\n|-damage|p2a: Dawg?|0 fnt\n|faint|p2a: Dawg?\n|-ability|p1b: Glastrier|Chilling Neigh|boost\n|-boost|p1b: Glastrier|atk|1\n|move|p1a: Indeedee|Trick Room|p1a: Indeedee\n|-fieldstart|move: Trick Room|[of] p1a: Indeedee\n|\n|-heal|p1b: Glastrier|46\/100|[from] item: Leftovers\n|upkeep\n|\n|t:|1701013493\n|switch|p2a: Antarctica|Ninetales-Alola, L50, F|100\/100\n|-weather|Snow|[from] ability: Snow Warning|[of] p2a: Antarctica\n|turn|3\n|\n|t:|1701013502\n|move|p1a: Indeedee|Helping Hand|p1b: Glastrier\n|-singleturn|p1b: Glastrier|Helping Hand|[of] p1a: Indeedee\n|move|p2b: Mufasa|Protect|p2b: Mufasa\n|-singleturn|p2b: Mufasa|Protect\n|move|p1b: Glastrier|Icicle Crash|p2b: Mufasa\n|-activate|p2b: Mufasa|move: Protect\n|move|p2a: Antarctica|Aurora Veil|p2a: Antarctica\n|-sidestart|p2: Chef204|move: Aurora Veil\n|\n|-weather|Snow|[upkeep]\n|-heal|p1b: Glastrier|52\/100|[from] item: Leftovers\n|upkeep\n|turn|4\n|inactive|Chef204 has 30 seconds left.\n|\n|t:|1701013529\n|move|p1a: Indeedee|Follow Me|p1a: Indeedee\n|-singleturn|p1a: Indeedee|move: Follow Me\n|move|p2a: Antarctica|Baby-Doll Eyes|p1a: Indeedee\n|-activate|p1a: Indeedee|move: Psychic Terrain\n|move|p1b: Glastrier|Swords Dance|p1b: Glastrier\n|-boost|p1b: Glastrier|atk|2\n|move|p2b: Mufasa|Fiery Wrath|p1a: Indeedee|[spread] p1a,p1b\n|-damage|p1a: Indeedee|0 fnt\n|-damage|p1b: Glastrier|28\/100\n|faint|p1a: Indeedee\n|\n|-weather|Snow|[upkeep]\n|-heal|p1b: Glastrier|33\/100|[from] item: Leftovers\n|upkeep\n|\n|t:|1701013540\n|switch|p1a: Armarouge|Armarouge, L50, F, shiny|100\/100\n|turn|5\n|\n|t:|1701013559\n|-terastallize|p2b: Mufasa|Poison\n|move|p2a: Antarctica|Baby-Doll Eyes|p1b: Glastrier\n|-activate|p1b: Glastrier|move: Psychic Terrain\n|move|p1b: Glastrier|Icicle Crash|p2b: Mufasa\n|-damage|p2b: Mufasa|24\/100\n|-ability|p2b: Mufasa|Berserk|boost\n|-boost|p2b: Mufasa|spa|1\n|move|p1a: Armarouge|Heat Wave|p2b: Mufasa|[spread] p2a,p2b\n|-supereffective|p2a: Antarctica\n|-damage|p2a: Antarctica|27\/100\n|-damage|p2b: Mufasa|0 fnt\n|faint|p2b: Mufasa\n|-damage|p1a: Armarouge|91\/100|[from] item: Life Orb\n|\n|-weather|Snow|[upkeep]\n|-heal|p1b: Glastrier|39\/100|[from] item: Leftovers\n|-fieldend|move: Psychic Terrain\n|upkeep\n|\n|t:|1701013572\n|switch|p2b: Rosa Tubsman|Goodra-Hisui, L50, F|100\/100\n|turn|6\n|\n|t:|1701013587\n|move|p1b: Glastrier|High Horsepower|p2b: Rosa Tubsman\n|-supereffective|p2b: Rosa Tubsman\n|-damage|p2b: Rosa Tubsman|6\/100\n|-damage|p1b: Glastrier|23\/100|[from] item: Rocky Helmet|[of] p2b: Rosa Tubsman\n|move|p1a: Armarouge|Heat Wave|p2a: Antarctica|[spread] p2a,p2b\n|-supereffective|p2a: Antarctica\n|-damage|p2a: Antarctica|0 fnt\n|-damage|p2b: Rosa Tubsman|0 fnt\n|faint|p2a: Antarctica\n|faint|p2b: Rosa Tubsman\n|-damage|p1a: Armarouge|81\/100|[from] item: Life Orb\n|\n|win|laso_offfdd\n|raw|laso_offfdd's rating: 1062 &rarr; <strong>1101<\/strong><br \/>(+39 for winning)\n|raw|Chef204's rating: 1164 &rarr; <strong>1132<\/strong><br \/>(-32 for losing)\n","uploadtime":1701013594,"views":10,"p1id":"lasoofffdd","p2id":"chef204","formatid":"gen9vgc2023regulatione","rating":1101,"private":0,"password":""}