{"id":"gen9vgc2023regulatione-1997924321","p1":"yasspilled","p2":"xingshen","format":"[Gen 9] VGC 2023 Regulation E","log":"|j|\u2606yasspilled\n|j|\u2606xingshen\n|t:|1700868041\n|gametype|doubles\n|player|p1|yasspilled|bellelba|1072\n|player|p2|xingshen|102|1133\n|teamsize|p1|6\n|teamsize|p2|6\n|gen|9\n|tier|[Gen 9] VGC 2023 Regulation E\n|rated|\n|rule|Species Clause: Limit one of each Pok\u00e9mon\n|rule|Item Clause: Limit one of each item\n|clearpoke\n|poke|p1|Chandelure, L50, M|\n|poke|p1|Ursaluna-Bloodmoon, L50, M|\n|poke|p1|Cresselia, L50, F|\n|poke|p1|Kingambit, L50, M|\n|poke|p1|Iron Hands, L50|\n|poke|p1|Ninetales-Alola, L50, M|\n|poke|p2|Dondozo, L50, F|\n|poke|p2|Dragapult, L50, F|\n|poke|p2|Urshifu-*, L50, F|\n|poke|p2|Amoonguss, L50, M|\n|poke|p2|Tatsugiri, L50, M|\n|poke|p2|Ogerpon-Cornerstone, L50, F|\n|teampreview|4\n|\n|t:|1700868093\n|start\n|switch|p1a: Iron Hands|Iron Hands, L50|100\/100\n|switch|p1b: Cresselia|Cresselia, L50, F, shiny|100\/100\n|switch|p2a: Dondozo|Dondozo, L50, F|100\/100\n|switch|p2b: Urshifu|Urshifu, L50, F|100\/100\n|turn|1\n|inactive|Battle timer is ON: inactive players will automatically lose when time's up. (requested by yasspilled)\n|inactive|xingshen has 60 seconds left.\n|\n|t:|1700868127\n|switch|p2b: Tatsugiri|Tatsugiri, L50, M|100\/100\n|-activate|p2b: Tatsugiri|ability: Commander|[of] p2a: Dondozo\n|-boost|p2a: Dondozo|atk|2\n|-boost|p2a: Dondozo|spa|2\n|-boost|p2a: Dondozo|spe|2\n|-boost|p2a: Dondozo|def|2\n|-boost|p2a: Dondozo|spd|2\n|move|p2a: Dondozo|Protect|p2a: Dondozo\n|-singleturn|p2a: Dondozo|Protect\n|move|p1a: Iron Hands|Swords Dance|p1a: Iron Hands\n|-boost|p1a: Iron Hands|atk|2\n|move|p1b: Cresselia|Trick Room|p1b: Cresselia\n|-fieldstart|move: Trick Room|[of] p1b: Cresselia\n|\n|upkeep\n|turn|2\n|inactive|yasspilled has 30 seconds left.\n|inactive|xingshen has 30 seconds left.\n|\n|t:|1700868156\n|-terastallize|p1a: Iron Hands|Flying\n|move|p1a: Iron Hands|Thunder Punch|p2a: Dondozo\n|-supereffective|p2a: Dondozo\n|-damage|p2a: Dondozo|35\/100\n|-enditem|p2a: Dondozo|Weakness Policy\n|-boost|p2a: Dondozo|atk|2|[from] item: Weakness Policy\n|-boost|p2a: Dondozo|spa|2|[from] item: Weakness Policy\n|move|p1b: Cresselia|Lunar Blessing||[still]|[spread] \n|-fail|p1b: Cresselia\n|move|p2a: Dondozo|Earthquake|p1b: Cresselia|[spread] \n|-miss|p2a: Dondozo|p2b: Tatsugiri\n|-immune|p1a: Iron Hands\n|-immune|p1b: Cresselia|[from] ability: Levitate\n|\n|upkeep\n|turn|3\n|\n|t:|1700868177\n|switch|p1b: Ninetales|Ninetales-Alola, L50, M|100\/100\n|-weather|Snow|[from] ability: Snow Warning|[of] p1b: Ninetales\n|move|p2a: Dondozo|Protect|p2a: Dondozo\n|-singleturn|p2a: Dondozo|Protect\n|move|p1a: Iron Hands|Thunder Punch|p2a: Dondozo\n|-activate|p2a: Dondozo|move: Protect\n|\n|-weather|Snow|[upkeep]\n|upkeep\n|turn|4\n|\n|t:|1700868195\n|-terastallize|p2a: Dondozo|Fire\n|move|p1a: Iron Hands|Thunder Punch|p2a: Dondozo\n|-damage|p2a: Dondozo|2\/100\n|move|p2a: Dondozo|Wave Crash|p1a: Iron Hands\n|-damage|p1a: Iron Hands|0 fnt\n|faint|p1a: Iron Hands\n|-end|p1a: Iron Hands|Quark Drive|[silent]\n|-damage|p2a: Dondozo|0 fnt|[from] Recoil\n|faint|p2a: Dondozo\n|move|p1b: Ninetales|Aurora Veil|p1b: Ninetales\n|-sidestart|p1: yasspilled|move: Aurora Veil\n|\n|-weather|Snow|[upkeep]\n|upkeep\n|\n|t:|1700868218\n|switch|p1a: Kingambit|Kingambit, L50, M|100\/100\n|switch|p2a: Urshifu|Urshifu, L50, F|100\/100\n|turn|5\n|inactive|yasspilled has 30 seconds left.\n|inactive|yasspilled has 20 seconds left.\n|\n|t:|1700868254\n|move|p1a: Kingambit|Kowtow Cleave|p2a: Urshifu\n|-resisted|p2a: Urshifu\n|-damage|p2a: Urshifu|85\/100\n|move|p2b: Tatsugiri|Muddy Water|p1a: Kingambit|[spread] p1a,p1b\n|-crit|p1b: Ninetales\n|-damage|p1a: Kingambit|67\/100\n|-damage|p1b: Ninetales|23\/100\n|move|p2a: Urshifu|Close Combat|p1a: Kingambit\n|-supereffective|p1a: Kingambit\n|-damage|p1a: Kingambit|0 fnt\n|-unboost|p2a: Urshifu|def|1\n|-unboost|p2a: Urshifu|spd|1\n|faint|p1a: Kingambit\n|move|p1b: Ninetales|Freeze-Dry|p2b: Tatsugiri\n|-supereffective|p2b: Tatsugiri\n|-damage|p2b: Tatsugiri|0 fnt\n|faint|p2b: Tatsugiri\n|\n|-weather|Snow|[upkeep]\n|-fieldend|move: Trick Room\n|upkeep\n|\n|t:|1700868273\n|switch|p2b: Ogerpon|Ogerpon-Cornerstone, L50, F|100\/100\n|switch|p1a: Cresselia|Cresselia, L50, F, shiny|100\/100\n|turn|6\n|-message|yasspilled forfeited.\n|\n|win|xingshen\n|raw|yasspilled's rating: 1072 &rarr; <strong>1055<\/strong><br \/>(-17 for losing)\n|raw|xingshen's rating: 1133 &rarr; <strong>1154<\/strong><br \/>(+21 for winning)\n|l|\u2606yasspilled\n","uploadtime":1700868300,"views":6,"p1id":"yasspilled","p2id":"xingshen","formatid":"gen9vgc2023regulatione","rating":1055,"private":0,"password":""}