{"id":"gen9vgc2023regulatione-1994443538","p1":"chriscanway","p2":"TheChoirBoy","format":"[Gen 9] VGC 2023 Regulation E","log":"|j|\u2606chriscanway\n|j|\u2606TheChoirBoy\n|n|\u2606chriscanway|chriscanway\n|n|\u2606TheChoirBoy|thechoirboy\n|html|View the match progress at <a href=\"\/game-bestof3-gen9vgc2023regulatione-1994443537\">game-bestof3-gen9vgc2023regulatione-1994443537<\/a>\n|t:|1700444552\n|gametype|doubles\n|player|p1|chriscanway|ethan|\n|player|p2|TheChoirBoy|brendan-contest|\n|teamsize|p1|6\n|teamsize|p2|6\n|gen|9\n|tier|[Gen 9] VGC 2023 Regulation E\n|rule|Species Clause: Limit one of each Pok\u00e9mon\n|rule|Item Clause: Limit one of each item\n|clearpoke\n|poke|p1|Clefable, L50, F|\n|poke|p1|Ogerpon-Wellspring, L50, F|\n|poke|p1|Iron Hands, L50|\n|poke|p1|Arcanine-Hisui, L50, M|\n|poke|p1|Urshifu-*, L50, F|\n|poke|p1|Gholdengo, L50|\n|poke|p2|Rotom-Fan, L50|\n|poke|p2|Landorus-Therian, L50, M|\n|poke|p2|Iron Bundle, L50|\n|poke|p2|Ogerpon-Hearthflame, L50, F|\n|poke|p2|Gholdengo, L50|\n|poke|p2|Rillaboom, L50, F|\n|teampreview|4\nTheChoirBoy has agreed to open team sheets.\nchriscanway has agreed to open team sheets.\n|showteam|p1|Clefable||Leftovers|Unaware|IceBeam,Moonblast,FollowMe,Protect|||F|||50|,,,,,Normal]Ogerpon-Wellspring||WellspringMask|WaterAbsorb|IvyCudgel,HornLeech,SwordsDance,SpikyShield|||F|||50|,,,,,Water]Iron Hands||AssaultVest|QuarkDrive|FakeOut,WildCharge,DrainPunch,VoltSwitch||||||50|,,,,,Grass]Arcanine-Hisui||ChoiceBand|Intimidate|FlareBlitz,RockSlide,CloseCombat,ExtremeSpeed|||M|||50|,,,,,Normal]Urshifu||ChoiceScarf|UnseenFist|WickedBlow,SuckerPunch,CloseCombat,Uturn|||F|||50|,,,,,Steel]Gholdengo||AirBalloon|GoodasGold|NastyPlot,Protect,MakeItRain,ShadowBall||||||50|,,,,,Steel\n|showteam|p2|Rotom-Fan||SitrusBerry|Levitate|WillOWisp,Protect,VoltSwitch,AirSlash||||||50|,,,,,Electric]Landorus-Therian||ChoiceScarf|Intimidate|StompingTantrum,RockSlide,TeraBlast,Uturn|||M|||50|,,,,,Flying]Iron Bundle||BoosterEnergy|QuarkDrive|IcyWind,FreezeDry,HydroPump,Protect||||||50|,,,,,Ghost]Ogerpon-Hearthflame||HearthflameMask|MoldBreaker|FollowMe,GrassyGlide,IvyCudgel,SpikyShield|||F|||50|,,,,,Fire]Gholdengo||Leftovers|GoodasGold|NastyPlot,Protect,ShadowBall,MakeItRain||||||50|,,,,,Dragon]Rillaboom||AssaultVest|GrassySurge|FakeOut,GrassyGlide,Uturn,HammerArm|||F|||50|,,,,,Fire\n|\n|t:|1700444654\n|start\n|switch|p1a: Iron Hands|Iron Hands, L50|100\/100\n|switch|p1b: Urshifu|Urshifu, L50, F|100\/100\n|switch|p2a: Iron Bundle|Iron Bundle, L50|100\/100\n|switch|p2b: Landorus|Landorus-Therian, L50, M|100\/100\n|-ability|p2b: Landorus|Intimidate|boost\n|-unboost|p1a: Iron Hands|atk|1\n|-unboost|p1b: Urshifu|atk|1\n|-enditem|p2a: Iron Bundle|Booster Energy\n|-activate|p2a: Iron Bundle|ability: Quark Drive|[fromitem]\n|-start|p2a: Iron Bundle|quarkdrivespe\n|turn|1\n|\n|t:|1700444711\n|-end|p2a: Iron Bundle|Quark Drive|[silent]\n|switch|p2a: Rotom|Rotom-Fan, L50, shiny|100\/100\n|move|p1b: Urshifu|Wicked Blow|p2b: Landorus\n|-crit|p2b: Landorus\n|-damage|p2b: Landorus|29\/100\n|move|p2b: Landorus|U-turn|p1b: Urshifu\n|-damage|p1b: Urshifu|69\/100\n|\n|t:|1700444724\n|switch|p2b: Iron Bundle|Iron Bundle, L50|100\/100|[from] U-turn\n|move|p1a: Iron Hands|Wild Charge|p2a: Rotom\n|-damage|p2a: Rotom|66\/100\n|-damage|p1a: Iron Hands|94\/100|[from] Recoil\n|\n|upkeep\n|turn|2\n|\n|t:|1700444753\n|-end|p2b: Iron Bundle|Quark Drive|[silent]\n|switch|p2b: Ogerpon|Ogerpon-Hearthflame, L50, F|100\/100\n|-ability|p2b: Ogerpon|Mold Breaker\n|move|p1b: Urshifu|Wicked Blow|p2a: Rotom\n|-crit|p2a: Rotom\n|-damage|p2a: Rotom|6\/100\n|-enditem|p2a: Rotom|Sitrus Berry|[eat]\n|-heal|p2a: Rotom|31\/100|[from] item: Sitrus Berry\n|move|p2a: Rotom|Will-O-Wisp|p1b: Urshifu\n|-status|p1b: Urshifu|brn\n|move|p1a: Iron Hands|Volt Switch|p2a: Rotom\n|-damage|p2a: Rotom|17\/100\n|\n|t:|1700444760\n|-end|p1a: Iron Hands|Quark Drive|[silent]\n|switch|p1a: Arcanine|Arcanine-Hisui, L50, M|100\/100|[from] Volt Switch\n|-ability|p1a: Arcanine|Intimidate|boost\n|-unboost|p2a: Rotom|atk|1\n|-unboost|p2b: Ogerpon|atk|1\n|\n|-damage|p1b: Urshifu|63\/100 brn|[from] brn\n|upkeep\n|turn|3\n|\n|t:|1700444805\n|-terastallize|p2b: Ogerpon|Fire\n|detailschange|p2b: Ogerpon|Ogerpon-Hearthflame-Tera, L50, F, tera:Fire\n|-ability|p2b: Ogerpon|Embody Aspect (Hearthflame)|boost\n|-boost|p2b: Ogerpon|atk|1\n|move|p1b: Urshifu|Wicked Blow|p2b: Ogerpon\n|-crit|p2b: Ogerpon\n|-damage|p2b: Ogerpon|63\/100\n|move|p2b: Ogerpon|Ivy Cudgel|p1b: Urshifu|[anim] Ivy Cudgel Fire\n|-damage|p1b: Urshifu|0 fnt\n|faint|p1b: Urshifu\n|move|p1a: Arcanine|Rock Slide|p2a: Rotom|[spread] p2b\n|-miss|p1a: Arcanine|p2a: Rotom\n|-supereffective|p2b: Ogerpon\n|-damage|p2b: Ogerpon|0 fnt\n|faint|p2b: Ogerpon\n|move|p2a: Rotom|Volt Switch|p1a: Arcanine\n|-damage|p1a: Arcanine|58\/100\n|\n|t:|1700444822\n|switch|p2a: Landorus|Landorus-Therian, L50, M|29\/100|[from] Volt Switch\n|-ability|p2a: Landorus|Intimidate|boost\n|-unboost|p1a: Arcanine|atk|1\n|\n|upkeep\n|\n|t:|1700444827\n|switch|p2b: Iron Bundle|Iron Bundle, L50|100\/100\n|switch|p1b: Iron Hands|Iron Hands, L50|94\/100\n|turn|4\n|\n|t:|1700444863\n|-terastallize|p1a: Arcanine|Normal\n|move|p1b: Iron Hands|Fake Out|p2a: Landorus\n|-damage|p2a: Landorus|7\/100\n|cant|p2a: Landorus|flinch\n|move|p2b: Iron Bundle|Hydro Pump|p1a: Arcanine|[miss]\n|-miss|p2b: Iron Bundle|p1a: Arcanine\n|move|p1a: Arcanine|Rock Slide|p2a: Landorus|[spread] p2a\n|-miss|p1a: Arcanine|p2b: Iron Bundle\n|-damage|p2a: Landorus|0 fnt\n|faint|p2a: Landorus\n|\n|upkeep\n|\n|t:|1700444875\n|switch|p2a: Rotom|Rotom-Fan, L50, shiny|17\/100\n|turn|5\n|\n|t:|1700444896\n|switch|p1a: Gholdengo|Gholdengo, L50|100\/100\n|-item|p1a: Gholdengo|Air Balloon\n|move|p2b: Iron Bundle|Hydro Pump|p1a: Gholdengo\n|-damage|p1a: Gholdengo|47\/100\n|-enditem|p1a: Gholdengo|Air Balloon\n|move|p2a: Rotom|Air Slash|p1b: Iron Hands\n|-damage|p1b: Iron Hands|75\/100\n|move|p1b: Iron Hands|Wild Charge|p2a: Rotom\n|-damage|p2a: Rotom|0 fnt\n|faint|p2a: Rotom\n|-damage|p1b: Iron Hands|72\/100|[from] Recoil\n|\n|upkeep\n|turn|6\n|\n|t:|1700444911\n|move|p2b: Iron Bundle|Hydro Pump|p1a: Gholdengo\n|-damage|p1a: Gholdengo|0 fnt\n|faint|p1a: Gholdengo\n|move|p1b: Iron Hands|Volt Switch|p2b: Iron Bundle\n|-supereffective|p2b: Iron Bundle\n|-damage|p2b: Iron Bundle|46\/100\n|\n|t:|1700444914\n|-end|p1b: Iron Hands|Quark Drive|[silent]\n|switch|p1b: Arcanine|Arcanine-Hisui, L50, M, tera:Normal|58\/100|[from] Volt Switch\n|-ability|p1b: Arcanine|Intimidate|boost\n|-unboost|p2b: Iron Bundle|atk|1\n|\n|upkeep\n|\n|t:|1700444917\n|switch|p1a: Iron Hands|Iron Hands, L50|72\/100\n|turn|7\n|\n|t:|1700444941\n|move|p2b: Iron Bundle|Protect|p2b: Iron Bundle\n|-singleturn|p2b: Iron Bundle|Protect\n|move|p1a: Iron Hands|Fake Out|p2b: Iron Bundle\n|-activate|p2b: Iron Bundle|move: Protect\n|move|p1b: Arcanine|Flare Blitz|p2b: Iron Bundle\n|-activate|p2b: Iron Bundle|move: Protect\n|\n|upkeep\n|turn|8\n|\n|t:|1700444968\n|move|p2b: Iron Bundle|Hydro Pump|p1b: Arcanine\n|-damage|p1b: Arcanine|0 fnt\n|faint|p1b: Arcanine\n|move|p1a: Iron Hands|Wild Charge|p2b: Iron Bundle\n|-supereffective|p2b: Iron Bundle\n|-damage|p2b: Iron Bundle|0 fnt\n|faint|p2b: Iron Bundle\n|-end|p2b: Iron Bundle|Quark Drive|[silent]\n|-damage|p1a: Iron Hands|65\/100|[from] Recoil\n|\n|win|chriscanway\n|c|&|\/uhtml prompt-thechoirboy,TheChoirBoy is ready for game 2!\n|inactive|chriscanway has 50 seconds to confirm battle start!\n|c|&|\/uhtml prompt-chriscanway,chriscanway is ready for game 2!\nBoth players are ready! Starting next match!\n","uploadtime":1700444986,"views":15,"p1id":"chriscanway","p2id":"thechoirboy","formatid":"gen9vgc2023regulatione","rating":0,"private":0,"password":""}