{"id":"gen9vgc2023regulatione-1996001742","p1":"zenekboys","p2":"KiiritoGod","format":"[Gen 9] VGC 2023 Regulation E","log":"|j|\u2606zenekboys\n|j|\u2606KiiritoGod\n|t:|1700627695\n|gametype|doubles\n|player|p1|zenekboys|gambler|1083\n|player|p2|KiiritoGod|lucas|1072\n|teamsize|p1|6\n|teamsize|p2|6\n|gen|9\n|tier|[Gen 9] VGC 2023 Regulation E\n|rated|\n|rule|Species Clause: Limit one of each Pok\u00e9mon\n|rule|Item Clause: Limit one of each item\n|clearpoke\n|poke|p1|Flutter Mane, L50|\n|poke|p1|Ogerpon-Wellspring, L50, F|\n|poke|p1|Dragapult, L50, F|\n|poke|p1|Iron Bundle, L50|\n|poke|p1|Kingambit, L50, F|\n|poke|p1|Pawmot, L50, M|\n|poke|p2|Landorus-Therian, L50, M|\n|poke|p2|Urshifu-*, L50, M|\n|poke|p2|Flutter Mane, L50|\n|poke|p2|Chien-Pao, L50|\n|poke|p2|Amoonguss, L50, M|\n|poke|p2|Iron Hands, L50|\n|teampreview|4\n|inactive|Battle timer is ON: inactive players will automatically lose when time's up. (requested by KiiritoGod)\n|inactive|zenekboys has 60 seconds left.\n|\n|t:|1700627738\n|start\n|switch|p1a: Iron Bundle|Iron Bundle, L50, shiny|100\/100\n|switch|p1b: Pawmot|Pawmot, L50, M, shiny|100\/100\n|switch|p2a: Landorus|Landorus-Therian, L50, M|100\/100\n|switch|p2b: Flutter Mane|Flutter Mane, L50|100\/100\n|-ability|p2a: Landorus|Intimidate|boost\n|-unboost|p1a: Iron Bundle|atk|1\n|-unboost|p1b: Pawmot|atk|1\n|-enditem|p1a: Iron Bundle|Booster Energy\n|-activate|p1a: Iron Bundle|ability: Quark Drive|[fromitem]\n|-start|p1a: Iron Bundle|quarkdrivespe\n|turn|1\n|inactive|zenekboys has 30 seconds left.\n|inactive|KiiritoGod has 30 seconds left.\n|inactive|zenekboys has 20 seconds left.\n|\n|t:|1700627776\n|switch|p1b: Ogerpon|Ogerpon-Wellspring, L50, F|100\/100\n|move|p1a: Iron Bundle|Hydro Pump|p2a: Landorus\n|-supereffective|p2a: Landorus\n|-damage|p2a: Landorus|0 fnt\n|faint|p2a: Landorus\n|move|p2b: Flutter Mane|Dazzling Gleam|p1a: Iron Bundle|[spread] p1a,p1b\n|-damage|p1a: Iron Bundle|12\/100\n|-damage|p1b: Ogerpon|57\/100\n|\n|upkeep\n|\n|t:|1700627792\n|switch|p2a: Chien-Pao|Chien-Pao, L50|100\/100\n|-ability|p2a: Chien-Pao|Sword of Ruin\n|turn|2\n|\n|t:|1700627814\n|-terastallize|p1b: Ogerpon|Water\n|detailschange|p1b: Ogerpon|Ogerpon-Wellspring-Tera, L50, F, tera:Water\n|-ability|p1b: Ogerpon|Embody Aspect (Wellspring)|boost\n|-boost|p1b: Ogerpon|spd|1\n|move|p1a: Iron Bundle|Icy Wind|p2b: Flutter Mane|[spread] p2a,p2b\n|-resisted|p2a: Chien-Pao\n|-crit|p2a: Chien-Pao\n|-damage|p2a: Chien-Pao|77\/100\n|-damage|p2b: Flutter Mane|79\/100\n|-unboost|p2a: Chien-Pao|spe|1\n|-unboost|p2b: Flutter Mane|spe|1\n|move|p1b: Ogerpon|Ivy Cudgel|p2b: Flutter Mane|[anim] Ivy Cudgel Water\n|-damage|p2b: Flutter Mane|0 fnt\n|faint|p2b: Flutter Mane\n|-end|p2b: Flutter Mane|Protosynthesis|[silent]\n|move|p2a: Chien-Pao|Icicle Crash|p1b: Ogerpon\n|-resisted|p1b: Ogerpon\n|-damage|p1b: Ogerpon|26\/100\n|\n|upkeep\n|\n|t:|1700627830\n|switch|p2b: Iron Hands|Iron Hands, L50|100\/100\n|turn|3\n|\n|t:|1700627843\n|move|p1b: Ogerpon|Spiky Shield|p1b: Ogerpon\n|-singleturn|p1b: Ogerpon|move: Protect\n|move|p2a: Chien-Pao|Sucker Punch||[still]\n|-fail|p2a: Chien-Pao\n|move|p1a: Iron Bundle|Hydro Pump|p2b: Iron Hands\n|-damage|p2b: Iron Hands|58\/100\n|move|p2b: Iron Hands|Drain Punch|p1a: Iron Bundle\n|-supereffective|p1a: Iron Bundle\n|-damage|p1a: Iron Bundle|0 fnt\n|-heal|p2b: Iron Hands|62\/100|[from] drain|[of] p1a: Iron Bundle\n|faint|p1a: Iron Bundle\n|-end|p1a: Iron Bundle|Quark Drive|[silent]\n|\n|upkeep\n|\n|t:|1700627860\n|switch|p1a: Pawmot|Pawmot, L50, M, shiny|100\/100\n|turn|4\n|\n|t:|1700627874\n|move|p1a: Pawmot|Close Combat|p2a: Chien-Pao\n|-supereffective|p2a: Chien-Pao\n|-crit|p2a: Chien-Pao\n|-damage|p2a: Chien-Pao|0 fnt\n|-unboost|p1a: Pawmot|def|1\n|-unboost|p1a: Pawmot|spd|1\n|faint|p2a: Chien-Pao\n|move|p1b: Ogerpon|Ivy Cudgel|p2b: Iron Hands|[anim] Ivy Cudgel Water\n|-damage|p2b: Iron Hands|19\/100\n|move|p2b: Iron Hands|Drain Punch|p1a: Pawmot\n|-enditem|p1a: Pawmot|Focus Sash\n|-damage|p1a: Pawmot|1\/100\n|-heal|p2b: Iron Hands|50\/100|[from] drain|[of] p1a: Pawmot\n|\n|upkeep\n|turn|5\n|inactive|KiiritoGod has 30 seconds left.\n|inactive|KiiritoGod has 20 seconds left.\n|\n|t:|1700627911\n|-terastallize|p2b: Iron Hands|Water\n|move|p1b: Ogerpon|Follow Me|p1b: Ogerpon\n|-singleturn|p1b: Ogerpon|move: Follow Me\n|move|p1a: Pawmot|Close Combat|p2b: Iron Hands\n|-damage|p2b: Iron Hands|19\/100\n|-unboost|p1a: Pawmot|def|1\n|-unboost|p1a: Pawmot|spd|1\n|move|p2b: Iron Hands|Volt Switch|p1b: Ogerpon\n|-supereffective|p1b: Ogerpon\n|-damage|p1b: Ogerpon|9\/100\n|\n|upkeep\n|turn|6\n|inactive|KiiritoGod has 30 seconds left.\n|\n|t:|1700627942\n|move|p1b: Ogerpon|Spiky Shield|p1b: Ogerpon\n|-singleturn|p1b: Ogerpon|move: Protect\n|move|p1a: Pawmot|Double Shock|p2b: Iron Hands\n|-supereffective|p2b: Iron Hands\n|-damage|p2b: Iron Hands|0 fnt\n|-start|p1a: Pawmot|typechange|???\/Fighting|[from] move: Double Shock\n|faint|p2b: Iron Hands\n|-end|p2b: Iron Hands|Quark Drive|[silent]\n|\n|win|zenekboys\n|raw|zenekboys's rating: 1083 &rarr; <strong>1110<\/strong><br \/>(+27 for winning)\n|raw|KiiritoGod's rating: 1072 &rarr; <strong>1052<\/strong><br \/>(-20 for losing)\n|l|\u2606KiiritoGod\n","uploadtime":1700627959,"views":2,"p1id":"zenekboys","p2id":"kiiritogod","formatid":"gen9vgc2023regulatione","rating":1052,"private":0,"password":""}