{"id":"gen9vgc2023regulatione-1997726297","p1":"WillE_VGC","p2":"Xopas","format":"[Gen 9] VGC 2023 Regulation E","log":"|j|\u2606WillE_VGC\n|j|\u2606Xopas\n|n|\u2606WillE_VGC|willevgc\n|n|\u2606Xopas|xopas\n|html|View the match progress at <a href=\"\/game-bestof3-gen9vgc2023regulatione-1997724035\">game-bestof3-gen9vgc2023regulatione-1997724035<\/a>\n|t:|1700846129\n|gametype|doubles\n|player|p1|WillE_VGC|#dpl9spectralthieves|\n|player|p2|Xopas|unknown|\n|teamsize|p1|6\n|teamsize|p2|6\n|gen|9\n|tier|[Gen 9] VGC 2023 Regulation E\n|rule|Species Clause: Limit one of each Pok\u00e9mon\n|rule|Item Clause: Limit one of each item\n|clearpoke\n|poke|p1|Iron Hands, L50|\n|poke|p1|Palafin, L50, F|\n|poke|p1|Heatran, L50, M|\n|poke|p1|Mimikyu, L50, F|\n|poke|p1|Abomasnow, L50, F|\n|poke|p1|Ditto, L50|\n|poke|p2|Flutter Mane, L50|\n|poke|p2|Zapdos-Galar, L50|\n|poke|p2|Crocalor, L50, F|\n|poke|p2|Gothitelle, L50, M|\n|poke|p2|Bellibolt, L50, M|\n|poke|p2|Gholdengo, L50|\n|teampreview|4\n|j| Jstardude\n|\n|t:|1700846165\n|start\n|switch|p1a: J.Cole|Mimikyu, L50, F|100\/100\n|switch|p1b: Drake|Ditto, L50|100\/100\n|switch|p2a: Bellibolt|Bellibolt, L50, M|100\/100\n|switch|p2b: Gothitelle|Gothitelle, L50, M|100\/100\n|-transform|p1b: Drake|p2a: Bellibolt|[from] ability: Imposter\n|turn|1\n|j| Lux2821\n|\n|t:|1700846187\n|move|p2b: Gothitelle|Protect|p2b: Gothitelle\n|-singleturn|p2b: Gothitelle|Protect\n|move|p1a: J.Cole|Swords Dance|p1a: J.Cole\n|-boost|p1a: J.Cole|atk|2\n|move|p1b: Drake|Muddy Water|p2b: Gothitelle|[spread] p2a\n|-activate|p2b: Gothitelle|move: Protect\n|-damage|p2a: Bellibolt|83\/100\n|-start|p2a: Bellibolt|Charge|Muddy Water|[from] ability: Electromorphosis\n|move|p2a: Bellibolt|Parabolic Charge|p1a: J.Cole|[spread] p1a,p1b\n|-activate|p2b: Gothitelle|move: Protect\n|-resisted|p1b: Drake\n|-activate|p1a: J.Cole|ability: Disguise\n|-damage|p1a: J.Cole|100\/100\n|-damage|p1b: Drake|75\/100\n|-heal|p2a: Bellibolt|93\/100|[from] drain|[of] p1b: Drake\n|-start|p1b: Drake|Charge|Parabolic Charge|[from] ability: Electromorphosis\n|detailschange|p1a: J.Cole|Mimikyu-Busted, L50, F\n|-damage|p1a: J.Cole|88\/100|[from] pokemon: Mimikyu-Busted\n|-end|p2a: Bellibolt|Charge|[silent]\n|\n|-heal|p2a: Bellibolt|99\/100|[from] item: Leftovers\n|upkeep\n|turn|2\n|\n|t:|1700846201\n|-terastallize|p1a: J.Cole|Ghost\n|move|p2b: Gothitelle|Helping Hand|p2a: Bellibolt\n|-singleturn|p2a: Bellibolt|Helping Hand|[of] p2b: Gothitelle\n|move|p1a: J.Cole|Shadow Sneak|p2b: Gothitelle\n|-supereffective|p2b: Gothitelle\n|-damage|p2b: Gothitelle|0 fnt\n|-damage|p1a: J.Cole|72\/100|[from] item: Rocky Helmet|[of] p2b: Gothitelle\n|faint|p2b: Gothitelle\n|-damage|p1a: J.Cole|63\/100|[from] item: Life Orb\n|move|p1b: Drake|Muddy Water|p2a: Bellibolt\n|-damage|p2a: Bellibolt|76\/100\n|-unboost|p2a: Bellibolt|accuracy|1\n|-start|p2a: Bellibolt|Charge|Muddy Water|[from] ability: Electromorphosis\n|move|p2a: Bellibolt|Parabolic Charge|p1b: Drake|[spread] p1a,p1b\n|-resisted|p1b: Drake\n|-damage|p1a: J.Cole|0 fnt\n|-heal|p2a: Bellibolt|99\/100|[from] drain|[of] p1a: J.Cole\n|-damage|p1b: Drake|37\/100\n|-heal|p2a: Bellibolt|100\/100|[from] drain|[of] p1b: Drake\n|-start|p1b: Drake|Charge|Parabolic Charge|[from] ability: Electromorphosis\n|faint|p1a: J.Cole\n|-end|p2a: Bellibolt|Charge|[silent]\n|\n|upkeep\n|\n|t:|1700846229\n|switch|p1a: Tory Lanez|Iron Hands, L50|100\/100\n|switch|p2b: Crocalor|Crocalor, L50, F, shiny|100\/100\n|turn|3\n|\n|t:|1700846238\n|switch|p1b: RKS|Heatran, L50, M|100\/100\n|move|p2b: Crocalor|Protect|p2b: Crocalor\n|-singleturn|p2b: Crocalor|Protect\n|move|p2a: Bellibolt|Protect|p2a: Bellibolt\n|-singleturn|p2a: Bellibolt|Protect\n|move|p1a: Tory Lanez|Fake Out|p2b: Crocalor\n|-activate|p2b: Crocalor|move: Protect\n|\n|upkeep\n|turn|4\n|\n|t:|1700846265\n|move|p1b: RKS|Overheat|p2a: Bellibolt|[miss]\n|-miss|p1b: RKS|p2a: Bellibolt\n|move|p1a: Tory Lanez|Drain Punch|p2a: Bellibolt\n|-damage|p2a: Bellibolt|71\/100\n|-start|p2a: Bellibolt|Charge|Drain Punch|[from] ability: Electromorphosis\n|move|p2b: Crocalor|Slack Off||[still]\n|-fail|p2b: Crocalor|heal\n|move|p2a: Bellibolt|Muddy Water|p1a: Tory Lanez|[spread] \n|-miss|p2a: Bellibolt|p1a: Tory Lanez\n|-miss|p2a: Bellibolt|p1b: RKS\n|\n|-heal|p2a: Bellibolt|77\/100|[from] item: Leftovers\n|upkeep\n|turn|5\n|\n|t:|1700846293\n|move|p1b: RKS|Protect|p1b: RKS\n|-singleturn|p1b: RKS|Protect\n|move|p1a: Tory Lanez|Drain Punch|p2b: Crocalor\n|-crit|p2b: Crocalor\n|-damage|p2b: Crocalor|60\/100\n|move|p2b: Crocalor|Tera Blast|p1a: Tory Lanez\n|-damage|p1a: Tory Lanez|92\/100\n|move|p2a: Bellibolt|Muddy Water|p1a: Tory Lanez|[spread] p1a\n|-activate|p1b: RKS|move: Protect\n|-damage|p1a: Tory Lanez|84\/100\n|-unboost|p1a: Tory Lanez|accuracy|1\n|\n|-heal|p2a: Bellibolt|83\/100|[from] item: Leftovers\n|upkeep\n|turn|6\n|\n|t:|1700846305\n|switch|p2a: Flutter Mane|Flutter Mane, L50|100\/100\n|move|p1b: RKS|Overheat|p2a: Flutter Mane\n|-damage|p2a: Flutter Mane|33\/100\n|-unboost|p1b: RKS|spa|2\n|move|p1a: Tory Lanez|Drain Punch|p2a: Flutter Mane\n|-immune|p2a: Flutter Mane\n|move|p2b: Crocalor|Slack Off|p2b: Crocalor\n|-heal|p2b: Crocalor|100\/100\n|\n|upkeep\n|turn|7\n|\n|t:|1700846330\n|-end|p1a: Tory Lanez|Quark Drive|[silent]\n|switch|p1a: Drake|Ditto, L50|37\/100\n|-transform|p1a: Drake|p2b: Crocalor|[from] ability: Imposter\n|move|p2a: Flutter Mane|Dazzling Gleam|p1b: RKS|[spread] p1a,p1b\n|-resisted|p1a: Drake\n|-resisted|p1b: RKS\n|-damage|p1a: Drake|2\/100\n|-damage|p1b: RKS|91\/100\n|move|p1b: RKS|Heavy Slam|p2a: Flutter Mane\n|-supereffective|p2a: Flutter Mane\n|-damage|p2a: Flutter Mane|0 fnt\n|faint|p2a: Flutter Mane\n|-end|p2a: Flutter Mane|Protosynthesis|[silent]\n|move|p2b: Crocalor|Heat Wave|p1a: Drake|[spread] p1a\n|-start|p1b: RKS|ability: Flash Fire\n|-resisted|p1a: Drake\n|-damage|p1a: Drake|0 fnt\n|faint|p1a: Drake\n|\n|-heal|p1b: RKS|97\/100|[from] item: Leftovers\n|upkeep\n|\n|t:|1700846340\n|switch|p2a: Bellibolt|Bellibolt, L50, M|83\/100\n|switch|p1a: Tory Lanez|Iron Hands, L50|84\/100\n|turn|8\n|\n|t:|1700846355\n|move|p2b: Crocalor|Protect|p2b: Crocalor\n|-singleturn|p2b: Crocalor|Protect\n|move|p2a: Bellibolt|Protect|p2a: Bellibolt\n|-singleturn|p2a: Bellibolt|Protect\n|move|p1a: Tory Lanez|Fake Out|p2a: Bellibolt\n|-activate|p2a: Bellibolt|move: Protect\n|move|p1b: RKS|Overheat|p2a: Bellibolt\n|-activate|p2a: Bellibolt|move: Protect\n|\n|-heal|p1b: RKS|100\/100|[from] item: Leftovers\n|-heal|p2a: Bellibolt|89\/100|[from] item: Leftovers\n|upkeep\n|turn|9\n|\n|t:|1700846363\n|move|p1b: RKS|Overheat|p2a: Bellibolt\n|-damage|p2a: Bellibolt|38\/100\n|-unboost|p1b: RKS|spa|2\n|-start|p2a: Bellibolt|Charge|Overheat|[from] ability: Electromorphosis\n|move|p1a: Tory Lanez|Drain Punch|p2a: Bellibolt\n|-damage|p2a: Bellibolt|6\/100\n|-heal|p1a: Tory Lanez|96\/100|[from] drain|[of] p2a: Bellibolt\n|-start|p2a: Bellibolt|Charge|Drain Punch|[from] ability: Electromorphosis\n|move|p2b: Crocalor|Tera Blast|p1a: Tory Lanez\n|-damage|p1a: Tory Lanez|87\/100\n|move|p2a: Bellibolt|Muddy Water|p1a: Tory Lanez|[spread] p1a,p1b\n|-supereffective|p1b: RKS\n|-damage|p1a: Tory Lanez|79\/100\n|-damage|p1b: RKS|75\/100\n|-unboost|p1a: Tory Lanez|accuracy|1\n|\n|-heal|p1b: RKS|81\/100|[from] item: Leftovers\n|-heal|p2a: Bellibolt|12\/100|[from] item: Leftovers\n|upkeep\n|turn|10\n|\n|t:|1700846373\n|move|p2a: Bellibolt|Protect|p2a: Bellibolt\n|-singleturn|p2a: Bellibolt|Protect\n|move|p1b: RKS|Overheat|p2a: Bellibolt\n|-activate|p2a: Bellibolt|move: Protect\n|move|p1a: Tory Lanez|Drain Punch|p2b: Crocalor\n|-damage|p2b: Crocalor|76\/100\n|-heal|p1a: Tory Lanez|88\/100|[from] drain|[of] p2b: Crocalor\n|move|p2b: Crocalor|Tera Blast|p1b: RKS\n|-resisted|p1b: RKS\n|-damage|p1b: RKS|75\/100\n|\n|-heal|p1b: RKS|81\/100|[from] item: Leftovers\n|-heal|p2a: Bellibolt|18\/100|[from] item: Leftovers\n|upkeep\n|turn|11\n|\n|t:|1700846390\n|move|p1b: RKS|Overheat|p2a: Bellibolt\n|-damage|p2a: Bellibolt|0 fnt\n|-unboost|p1b: RKS|spa|2\n|faint|p2a: Bellibolt\n|move|p1a: Tory Lanez|Drain Punch|p2b: Crocalor\n|-damage|p2b: Crocalor|52\/100\n|-heal|p1a: Tory Lanez|96\/100|[from] drain|[of] p2b: Crocalor\n|move|p2b: Crocalor|Heat Wave|p1a: Tory Lanez|[spread] p1a\n|-immune|p1b: RKS|[from] ability: Flash Fire\n|-damage|p1a: Tory Lanez|85\/100\n|\n|-heal|p1b: RKS|87\/100|[from] item: Leftovers\n|upkeep\n|turn|12\n|\n|t:|1700846398\n|move|p1b: RKS|Heavy Slam|p2b: Crocalor\n|-resisted|p2b: Crocalor\n|-damage|p2b: Crocalor|40\/100\n|move|p1a: Tory Lanez|Drain Punch|p2b: Crocalor\n|-damage|p2b: Crocalor|15\/100\n|-heal|p1a: Tory Lanez|94\/100|[from] drain|[of] p2b: Crocalor\n|move|p2b: Crocalor|Slack Off|p2b: Crocalor\n|-heal|p2b: Crocalor|65\/100\n|\n|-heal|p1b: RKS|93\/100|[from] item: Leftovers\n|upkeep\n|turn|13\n|\n|t:|1700846407\n|move|p1b: RKS|Heavy Slam|p2b: Crocalor\n|-resisted|p2b: Crocalor\n|-damage|p2b: Crocalor|55\/100\n|move|p1a: Tory Lanez|Drain Punch|p2b: Crocalor\n|-damage|p2b: Crocalor|31\/100\n|-heal|p1a: Tory Lanez|100\/100|[from] drain|[of] p2b: Crocalor\n|move|p2b: Crocalor|Heat Wave|p1a: Tory Lanez|[spread] p1a\n|-immune|p1b: RKS|[from] ability: Flash Fire\n|-damage|p1a: Tory Lanez|88\/100\n|\n|-heal|p1b: RKS|99\/100|[from] item: Leftovers\n|upkeep\n|turn|14\n|\n|t:|1700846413\n|move|p2b: Crocalor|Protect|p2b: Crocalor\n|-singleturn|p2b: Crocalor|Protect\n|move|p1b: RKS|Overheat|p2b: Crocalor\n|-activate|p2b: Crocalor|move: Protect\n|move|p1a: Tory Lanez|Drain Punch|p2b: Crocalor\n|-activate|p2b: Crocalor|move: Protect\n|\n|-heal|p1b: RKS|100\/100|[from] item: Leftovers\n|upkeep\n|turn|15\n|\n|t:|1700846417\n|move|p1b: RKS|Overheat|p2b: Crocalor\n|-resisted|p2b: Crocalor\n|-damage|p2b: Crocalor|0 fnt\n|faint|p2b: Crocalor\n|\n|win|WillE_VGC\n|c|\u2606WillE_VGC|gg\n|c|\u2606Xopas|shi dude\n|c|\u2606Xopas|gg\n|c|\u2606Xopas|i played badly\n|c|\u2606WillE_VGC|thats why i brought ditto\n","uploadtime":1700846457,"views":2,"p1id":"willevgc","p2id":"xopas","formatid":"gen9vgc2023regulatione","rating":0,"private":0,"password":""}