{"id":"gen9vgc2023regulatione-1996413201","p1":"BeckerVGC","p2":"Mortipherus","format":"[Gen 9] VGC 2023 Regulation E","log":"|j|\u2606BeckerVGC\n|j|\u2606Mortipherus\n|n|\u2606BeckerVGC|beckervgc\n|n|\u2606Mortipherus|mortipherus\n|html|View the match progress at <a href=\"\/game-bestof3-gen9vgc2023regulatione-1996410648\">game-bestof3-gen9vgc2023regulatione-1996410648<\/a>\n|t:|1700679622\n|gametype|doubles\n|player|p1|BeckerVGC|hiker-gen4|\n|player|p2|Mortipherus|biker-gen4|\n|teamsize|p1|6\n|teamsize|p2|6\n|gen|9\n|tier|[Gen 9] VGC 2023 Regulation E\n|rule|Species Clause: Limit one of each Pok\u00e9mon\n|rule|Item Clause: Limit one of each item\n|clearpoke\n|poke|p1|Urshifu-*, L50, F|\n|poke|p1|Iron Hands, L50|\n|poke|p1|Heatran, L50, F|\n|poke|p1|Flutter Mane, L50|\n|poke|p1|Tornadus, L50, M|\n|poke|p1|Amoonguss, L50, M|\n|poke|p2|Gholdengo, L50|\n|poke|p2|Roaring Moon, L50|\n|poke|p2|Iron Hands, L50|\n|poke|p2|Ogerpon-Hearthflame, L50, F|\n|poke|p2|Landorus-Therian, L50, M|\n|poke|p2|Flutter Mane, L50|\n|teampreview|4\nMortipherus has agreed to open team sheets.\n|\n|t:|1700679646\n|start\n|switch|p1a: Iron Hands|Iron Hands, L50|100\/100\n|switch|p1b: Tornadus|Tornadus, L50, M|100\/100\n|switch|p2a: Iron Hands|Iron Hands, L50|100\/100\n|switch|p2b: Roaring Moon|Roaring Moon, L50, shiny|100\/100\n|-enditem|p2b: Roaring Moon|Booster Energy\n|-activate|p2b: Roaring Moon|ability: Protosynthesis|[fromitem]\n|-start|p2b: Roaring Moon|protosynthesisspe\n|turn|1\n|\n|t:|1700679663\n|move|p2b: Roaring Moon|Protect|p2b: Roaring Moon\n|-singleturn|p2b: Roaring Moon|Protect\n|move|p1a: Iron Hands|Fake Out|p2a: Iron Hands\n|-damage|p2a: Iron Hands|89\/100\n|move|p1b: Tornadus|Taunt|p2b: Roaring Moon\n|-activate|p2b: Roaring Moon|move: Protect\n|cant|p2a: Iron Hands|flinch\n|\n|upkeep\n|turn|2\n|\n|t:|1700679678\n|move|p1b: Tornadus|Tailwind|p1b: Tornadus\n|-sidestart|p1: BeckerVGC|move: Tailwind\n|move|p2b: Roaring Moon|Knock Off|p1a: Iron Hands\n|-resisted|p1a: Iron Hands\n|-damage|p1a: Iron Hands|84\/100\n|-enditem|p1a: Iron Hands|Assault Vest|[from] move: Knock Off|[of] p2b: Roaring Moon\n|move|p1a: Iron Hands|Wild Charge|p2b: Roaring Moon\n|-resisted|p2b: Roaring Moon\n|-damage|p2b: Roaring Moon|71\/100\n|-damage|p1a: Iron Hands|78\/100|[from] Recoil\n|move|p2a: Iron Hands|Wild Charge|p1b: Tornadus\n|-supereffective|p1b: Tornadus\n|-damage|p1b: Tornadus|0 fnt\n|faint|p1b: Tornadus\n|-damage|p2a: Iron Hands|70\/100|[from] Recoil\n|\n|upkeep\n|\n|t:|1700679695\n|switch|p1b: Flutter Mane|Flutter Mane, L50|100\/100\n|-enditem|p1b: Flutter Mane|Booster Energy\n|-activate|p1b: Flutter Mane|ability: Protosynthesis|[fromitem]\n|-start|p1b: Flutter Mane|protosynthesisspa\n|turn|3\n|\n|t:|1700679735\n|-terastallize|p1b: Flutter Mane|Fairy\n|-terastallize|p2b: Roaring Moon|Flying\n|move|p1b: Flutter Mane|Dazzling Gleam|p2b: Roaring Moon|[spread] p2a,p2b\n|-supereffective|p2a: Iron Hands\n|-damage|p2a: Iron Hands|16\/100\n|-damage|p2b: Roaring Moon|21\/100\n|move|p2b: Roaring Moon|Tailwind|p2b: Roaring Moon\n|-sidestart|p2: Mortipherus|move: Tailwind\n|move|p1a: Iron Hands|Drain Punch|p2a: Iron Hands\n|-damage|p2a: Iron Hands|0 fnt\n|-heal|p1a: Iron Hands|86\/100|[from] drain|[of] p2a: Iron Hands\n|faint|p2a: Iron Hands\n|-end|p2a: Iron Hands|Quark Drive|[silent]\n|\n|upkeep\n|\n|t:|1700679749\n|switch|p2a: Gholdengo|Gholdengo, L50|100\/100\n|turn|4\n|\n|t:|1700679763\n|move|p1b: Flutter Mane|Protect|p1b: Flutter Mane\n|-singleturn|p1b: Flutter Mane|Protect\n|move|p2a: Gholdengo|Protect|p2a: Gholdengo\n|-singleturn|p2a: Gholdengo|Protect\n|move|p2b: Roaring Moon|Acrobatics|p1b: Flutter Mane\n|-activate|p1b: Flutter Mane|move: Protect\n|move|p1a: Iron Hands|Wild Charge|p2b: Roaring Moon\n|-supereffective|p2b: Roaring Moon\n|-damage|p2b: Roaring Moon|0 fnt\n|faint|p2b: Roaring Moon\n|-end|p2b: Roaring Moon|Protosynthesis|[silent]\n|-damage|p1a: Iron Hands|81\/100|[from] Recoil\n|\n|upkeep\n|\n|t:|1700679766\n|switch|p2b: Landorus|Landorus-Therian, L50, M|100\/100\n|-ability|p2b: Landorus|Intimidate|boost\n|-unboost|p1a: Iron Hands|atk|1\n|-unboost|p1b: Flutter Mane|atk|1\n|turn|5\n|\n|t:|1700679789\n|move|p2b: Landorus|Stomping Tantrum|p1a: Iron Hands\n|-supereffective|p1a: Iron Hands\n|-damage|p1a: Iron Hands|24\/100\n|move|p1b: Flutter Mane|Shadow Ball|p2a: Gholdengo\n|-supereffective|p2a: Gholdengo\n|-damage|p2a: Gholdengo|0 fnt\n|faint|p2a: Gholdengo\n|move|p1a: Iron Hands|Heavy Slam|p2b: Landorus\n|-crit|p2b: Landorus\n|-damage|p2b: Landorus|30\/100\n|\n|-sideend|p1: BeckerVGC|move: Tailwind\n|upkeep\n|turn|6\n|-message|Mortipherus forfeited.\n|\n|win|BeckerVGC\n|c|&|\/uhtml prompt-mortipherus,Mortipherus is ready for game 3!\n|c|&|\/uhtml prompt-beckervgc,BeckerVGC is ready for game 3!\nBoth players are ready! Starting next match!\n","uploadtime":1700680257,"views":23,"p1id":"beckervgc","p2id":"mortipherus","formatid":"gen9vgc2023regulatione","rating":0,"private":0,"password":""}