{"id":"gen9vgc2023regulatione-1995628605","p1":"linmou","p2":"jtmmm256","format":"[Gen 9] VGC 2023 Regulation E","log":"|j|\u2606linmou\n|j|\u2606jtmmm256\n|t:|1700588882\n|gametype|doubles\n|player|p1|linmou|veteranf|1131\n|player|p2|jtmmm256|101|1138\n|teamsize|p1|6\n|teamsize|p2|6\n|gen|9\n|tier|[Gen 9] VGC 2023 Regulation E\n|rated|\n|rule|Species Clause: Limit one of each Pok\u00e9mon\n|rule|Item Clause: Limit one of each item\n|clearpoke\n|poke|p1|Gholdengo, L50|\n|poke|p1|Arcanine-Hisui, L50, F|\n|poke|p1|Iron Hands, L50|\n|poke|p1|Urshifu-*, L50, M|\n|poke|p1|Tornadus, L50, M|\n|poke|p1|Ogerpon-Wellspring, L50, F|\n|poke|p2|Flutter Mane, L50|\n|poke|p2|Amoonguss, L50, M|\n|poke|p2|Iron Hands, L50|\n|poke|p2|Heatran, L50, M|\n|poke|p2|Tornadus, L50, M|\n|poke|p2|Ogerpon-Wellspring, L50, F|\n|teampreview|4\n|inactive|Battle timer is ON: inactive players will automatically lose when time's up. (requested by jtmmm256)\n|inactive|linmou also wants the timer to be on.\n|inactive|jtmmm256 has 60 seconds left.\n|\n|t:|1700588933\n|start\n|switch|p1a: Gholdengo|Gholdengo, L50, shiny|100\/100\n|switch|p1b: Arcanine|Arcanine-Hisui, L50, F|100\/100\n|switch|p2a: Iron Hands|Iron Hands, L50, shiny|100\/100\n|switch|p2b: Tornadus|Tornadus, L50, M|100\/100\n|-ability|p1b: Arcanine|Intimidate|boost\n|-unboost|p2a: Iron Hands|atk|1\n|-unboost|p2b: Tornadus|atk|1\n|turn|1\n|inactive|linmou has 30 seconds left.\n|\n|t:|1700588959\n|switch|p1b: Iron Hands|Iron Hands, L50, shiny|100\/100\n|move|p2b: Tornadus|Tailwind|p2b: Tornadus\n|-sidestart|p2: jtmmm256|move: Tailwind\n|move|p2a: Iron Hands|Drain Punch|p1b: Iron Hands\n|-damage|p1b: Iron Hands|83\/100\n|move|p1a: Gholdengo|Nasty Plot|p1a: Gholdengo\n|-boost|p1a: Gholdengo|spa|2\n|\n|upkeep\n|turn|2\n|\n|t:|1700588977\n|move|p2b: Tornadus|Bleakwind Storm|p1b: Iron Hands|[spread] p1a,p1b\n|-resisted|p1a: Gholdengo\n|-crit|p1b: Iron Hands\n|-damage|p1a: Gholdengo|87\/100\n|-damage|p1b: Iron Hands|59\/100\n|-unboost|p1a: Gholdengo|spe|1\n|move|p2a: Iron Hands|Thunder Punch|p1a: Gholdengo\n|-damage|p1a: Gholdengo|65\/100\n|move|p1a: Gholdengo|Nasty Plot|p1a: Gholdengo\n|-boost|p1a: Gholdengo|spa|2\n|move|p1b: Iron Hands|Wild Charge|p2b: Tornadus\n|-supereffective|p2b: Tornadus\n|-damage|p2b: Tornadus|0 fnt\n|faint|p2b: Tornadus\n|-damage|p1b: Iron Hands|40\/100|[from] Recoil\n|\n|-heal|p1a: Gholdengo|71\/100|[from] item: Leftovers\n|upkeep\n|\n|t:|1700588993\n|switch|p2b: Heatran|Heatran, L50, M|100\/100\n|turn|3\n|\n|t:|1700589016\n|-end|p1b: Iron Hands|Quark Drive|[silent]\n|switch|p1b: Arcanine|Arcanine-Hisui, L50, F|100\/100\n|-ability|p1b: Arcanine|Intimidate|boost\n|-unboost|p2a: Iron Hands|atk|1\n|-unboost|p2b: Heatran|atk|1\n|-terastallize|p1a: Gholdengo|Dragon\n|move|p2b: Heatran|Earth Power|p1a: Gholdengo\n|-damage|p1a: Gholdengo|46\/100\n|move|p2a: Iron Hands|Thunder Punch|p1a: Gholdengo\n|-resisted|p1a: Gholdengo\n|-damage|p1a: Gholdengo|36\/100\n|move|p1a: Gholdengo|Shadow Ball|p2b: Heatran\n|-damage|p2b: Heatran|19\/100\n|\n|-heal|p2b: Heatran|25\/100|[from] item: Leftovers\n|-heal|p1a: Gholdengo|42\/100|[from] item: Leftovers\n|upkeep\n|turn|4\n|\n|t:|1700589040\n|switch|p1b: Tornadus|Tornadus, L50, M, shiny|100\/100\n|move|p1a: Gholdengo|Protect|p1a: Gholdengo\n|-singleturn|p1a: Gholdengo|Protect\n|move|p2b: Heatran|Earth Power|p1b: Tornadus\n|-immune|p1b: Tornadus\n|move|p2a: Iron Hands|Ice Punch|p1a: Gholdengo\n|-activate|p1a: Gholdengo|move: Protect\n|\n|-heal|p2b: Heatran|31\/100|[from] item: Leftovers\n|-heal|p1a: Gholdengo|49\/100|[from] item: Leftovers\n|-sideend|p2: jtmmm256|move: Tailwind\n|upkeep\n|turn|5\n|\n|t:|1700589058\n|move|p2b: Heatran|Protect|p2b: Heatran\n|-singleturn|p2b: Heatran|Protect\n|move|p1b: Tornadus|Tailwind|p1b: Tornadus\n|-sidestart|p1: linmou|move: Tailwind\n|move|p1a: Gholdengo|Shadow Ball|p2b: Heatran\n|-activate|p2b: Heatran|move: Protect\n|move|p2a: Iron Hands|Ice Punch|p1a: Gholdengo\n|-supereffective|p1a: Gholdengo\n|-damage|p1a: Gholdengo|26\/100\n|\n|-heal|p1a: Gholdengo|32\/100|[from] item: Leftovers\n|-heal|p2b: Heatran|37\/100|[from] item: Leftovers\n|upkeep\n|turn|6\n|inactive|jtmmm256 has 30 seconds left.\n|\n|t:|1700589087\n|move|p1b: Tornadus|Bleakwind Storm|p2a: Iron Hands|[spread] p2a,p2b\n|-resisted|p2b: Heatran\n|-damage|p2a: Iron Hands|85\/100\n|-damage|p2b: Heatran|25\/100\n|-unboost|p2b: Heatran|spe|1\n|move|p1a: Gholdengo|Shadow Ball|p2b: Heatran\n|-damage|p2b: Heatran|0 fnt\n|faint|p2b: Heatran\n|move|p2a: Iron Hands|Ice Punch|p1a: Gholdengo\n|-supereffective|p1a: Gholdengo\n|-damage|p1a: Gholdengo|7\/100\n|\n|-heal|p1a: Gholdengo|13\/100|[from] item: Leftovers\n|upkeep\n|\n|t:|1700589099\n|switch|p2b: Flutter Mane|Flutter Mane, L50|100\/100\n|turn|7\n|\n|t:|1700589121\n|-terastallize|p2b: Flutter Mane|Fairy\n|move|p1b: Tornadus|Bleakwind Storm|p2a: Iron Hands|[spread] p2b\n|-miss|p1b: Tornadus|p2a: Iron Hands\n|-damage|p2b: Flutter Mane|70\/100\n|move|p2b: Flutter Mane|Dazzling Gleam|p1a: Gholdengo|[spread] p1a,p1b\n|-supereffective|p1a: Gholdengo\n|-damage|p1a: Gholdengo|0 fnt\n|-damage|p1b: Tornadus|39\/100\n|faint|p1a: Gholdengo\n|move|p2a: Iron Hands|Ice Punch|p1b: Tornadus\n|-supereffective|p1b: Tornadus\n|-damage|p1b: Tornadus|5\/100\n|\n|upkeep\n|\n|t:|1700589127\n|switch|p1a: Arcanine|Arcanine-Hisui, L50, F|100\/100\n|-ability|p1a: Arcanine|Intimidate|boost\n|-unboost|p2a: Iron Hands|atk|1\n|-unboost|p2b: Flutter Mane|atk|1\n|turn|8\n|\n|t:|1700589138\n|move|p1b: Tornadus|Bleakwind Storm|p2a: Iron Hands|[spread] p2a,p2b\n|-damage|p2a: Iron Hands|69\/100\n|-damage|p2b: Flutter Mane|40\/100\n|-unboost|p2b: Flutter Mane|spe|1\n|move|p1a: Arcanine|Flare Blitz|p2b: Flutter Mane\n|-damage|p2b: Flutter Mane|0 fnt\n|faint|p2b: Flutter Mane\n|-end|p2b: Flutter Mane|Protosynthesis|[silent]\n|-damage|p1a: Arcanine|90\/100|[from] Recoil\n|move|p2a: Iron Hands|Drain Punch|p1a: Arcanine\n|-supereffective|p1a: Arcanine\n|-damage|p1a: Arcanine|48\/100\n|-heal|p2a: Iron Hands|84\/100|[from] drain|[of] p1a: Arcanine\n|\n|-sideend|p1: linmou|move: Tailwind\n|upkeep\n|turn|9\n|\n|t:|1700589156\n|switch|p1a: Iron Hands|Iron Hands, L50, shiny|40\/100\n|move|p1b: Tornadus|Bleakwind Storm|p2a: Iron Hands|[miss]\n|-miss|p1b: Tornadus|p2a: Iron Hands\n|move|p2a: Iron Hands|Drain Punch|p1a: Iron Hands\n|-damage|p1a: Iron Hands|28\/100\n|-heal|p2a: Iron Hands|90\/100|[from] drain|[of] p1a: Iron Hands\n|\n|upkeep\n|turn|10\n|\n|t:|1700589171\n|switch|p1b: Arcanine|Arcanine-Hisui, L50, F|48\/100\n|-ability|p1b: Arcanine|Intimidate|boost\n|-unboost|p2a: Iron Hands|atk|1\n|move|p1a: Iron Hands|Fake Out|p2a: Iron Hands\n|-damage|p2a: Iron Hands|81\/100\n|cant|p2a: Iron Hands|flinch\n|\n|upkeep\n|turn|11\n|\n|t:|1700589182\n|move|p1b: Arcanine|Flare Blitz|p2a: Iron Hands\n|-damage|p2a: Iron Hands|24\/100\n|-damage|p1b: Arcanine|23\/100|[from] Recoil\n|move|p2a: Iron Hands|Drain Punch|p1b: Arcanine\n|-supereffective|p1b: Arcanine\n|-damage|p1b: Arcanine|0 fnt\n|-heal|p2a: Iron Hands|32\/100|[from] drain|[of] p1b: Arcanine\n|faint|p1b: Arcanine\n|move|p1a: Iron Hands|Drain Punch|p2a: Iron Hands\n|-damage|p2a: Iron Hands|4\/100\n|-heal|p1a: Iron Hands|43\/100|[from] drain|[of] p2a: Iron Hands\n|\n|upkeep\n|\n|t:|1700589196\n|switch|p1b: Tornadus|Tornadus, L50, M, shiny|5\/100\n|turn|12\n|\n|t:|1700589207\n|move|p1b: Tornadus|Tailwind|p1b: Tornadus\n|-sidestart|p1: linmou|move: Tailwind\n|move|p1a: Iron Hands|Drain Punch|p2a: Iron Hands\n|-damage|p2a: Iron Hands|0 fnt\n|-heal|p1a: Iron Hands|45\/100|[from] drain|[of] p2a: Iron Hands\n|faint|p2a: Iron Hands\n|-end|p2a: Iron Hands|Quark Drive|[silent]\n|\n|win|linmou\n|raw|linmou's rating: 1131 &rarr; <strong>1157<\/strong><br \/>(+26 for winning)\n|raw|jtmmm256's rating: 1138 &rarr; <strong>1112<\/strong><br \/>(-26 for losing)\n|l|\u2606jtmmm256\n","uploadtime":1700589224,"views":0,"p1id":"linmou","p2id":"jtmmm256","formatid":"gen9vgc2023regulatione","rating":1112,"private":0,"password":""}