{"id":"gen9vgc2023regulatione-1988831998","p1":"madbluecatz","p2":"OmiSG","format":"[Gen 9] VGC 2023 Regulation E","log":"|j|\u2606madbluecatz\n|j|\u2606OmiSG\n|t:|1699769995\n|gametype|doubles\n|player|p1|madbluecatz|colress|1048\n|player|p2|OmiSG|ruinmaniac|1138\n|teamsize|p1|6\n|teamsize|p2|6\n|gen|9\n|tier|[Gen 9] VGC 2023 Regulation E\n|rated|\n|rule|Species Clause: Limit one of each Pok\u00e9mon\n|rule|Item Clause: Limit one of each item\n|clearpoke\n|poke|p1|Gengar, L50, M|\n|poke|p1|Muk-Alola, L50, F|\n|poke|p1|Grimer-Alola, L50, F|\n|poke|p1|Salazzle, L50, F|\n|poke|p1|Salandit, L50, F|\n|poke|p1|Toxapex, L50, F|\n|poke|p2|Gholdengo, L50|\n|poke|p2|Amoonguss, L50, M|\n|poke|p2|Iron Bundle, L50|\n|poke|p2|Pelipper, L50, F|\n|poke|p2|Salamence, L50, M|\n|poke|p2|Iron Hands, L50|\n|teampreview|4\n|inactive|Battle timer is ON: inactive players will automatically lose when time's up. (requested by OmiSG)\nOmiSG has agreed to open team sheets.\n|inactive|OmiSG has 60 seconds left.\n|\n|t:|1699770048\n|start\n|switch|p1a: Gengar|Gengar, L50, M|100\/100\n|switch|p1b: Salazzle|Salazzle, L50, F|100\/100\n|switch|p2a: Salamence|Salamence, L50, M, shiny|100\/100\n|switch|p2b: Pelipper|Pelipper, L50, F|100\/100\n|-ability|p2a: Salamence|Intimidate|boost\n|-unboost|p1a: Gengar|atk|1\n|-unboost|p1b: Salazzle|atk|1\n|-weather|RainDance|[from] ability: Drizzle|[of] p2b: Pelipper\n|turn|1\n|\n|t:|1699770069\n|move|p1b: Salazzle|Fake Out|p2a: Salamence\n|-damage|p2a: Salamence|95\/100\n|cant|p2a: Salamence|flinch\n|move|p2b: Pelipper|Weather Ball|p1b: Salazzle\n|-supereffective|p1b: Salazzle\n|-damage|p1b: Salazzle|0 fnt\n|faint|p1b: Salazzle\n|move|p1a: Gengar|Trick Room|p1a: Gengar\n|-fieldstart|move: Trick Room|[of] p1a: Gengar\n|\n|-weather|RainDance|[upkeep]\n|upkeep\n|\n|t:|1699770081\n|switch|p1b: Muk|Muk-Alola, L50, F|100\/100\n|turn|2\n|\n|t:|1699770092\n|switch|p2a: Iron Hands|Iron Hands, L50|100\/100\n|move|p1b: Muk|Stockpile|p1b: Muk\n|-start|p1b: Muk|stockpile1\n|-boost|p1b: Muk|def|1\n|-boost|p1b: Muk|spd|1\n|move|p1a: Gengar|Sludge Bomb|p2b: Pelipper\n|-damage|p2b: Pelipper|15\/100\n|-status|p2b: Pelipper|psn\n|move|p2b: Pelipper|Hurricane|p1b: Muk\n|-damage|p1b: Muk|76\/100\n|-start|p1b: Muk|confusion\n|\n|-weather|RainDance|[upkeep]\n|-damage|p2b: Pelipper|3\/100 psn|[from] psn\n|upkeep\n|turn|3\n|\n|t:|1699770113\n|-activate|p1b: Muk|confusion\n|move|p1b: Muk|Stockpile|p1b: Muk\n|-start|p1b: Muk|stockpile2\n|-boost|p1b: Muk|def|1\n|-boost|p1b: Muk|spd|1\n|move|p2a: Iron Hands|Wild Charge|p1b: Muk\n|-damage|p1b: Muk|55\/100\n|-damage|p2a: Iron Hands|96\/100|[from] Recoil\n|move|p1a: Gengar|Sludge Bomb|p2a: Iron Hands\n|-crit|p2a: Iron Hands\n|-damage|p2a: Iron Hands|56\/100\n|move|p2b: Pelipper|Hurricane|p1b: Muk\n|-damage|p1b: Muk|37\/100\n|-enditem|p1b: Muk|Figy Berry|[eat]\n|-heal|p1b: Muk|71\/100|[from] item: Figy Berry\n|\n|-weather|RainDance|[upkeep]\n|-damage|p2b: Pelipper|0 fnt|[from] psn\n|faint|p2b: Pelipper\n|upkeep\n|\n|t:|1699770121\n|switch|p2b: Salamence|Salamence, L50, M, shiny|95\/100\n|-ability|p2b: Salamence|Intimidate|boost\n|-unboost|p1a: Gengar|atk|1\n|-unboost|p1b: Muk|atk|1\n|turn|4\n|\n|t:|1699770138\n|-terastallize|p2b: Salamence|Flying\n|-activate|p1b: Muk|confusion\n|move|p1b: Muk|Minimize|p1b: Muk\n|-boost|p1b: Muk|evasion|2\n|move|p2a: Iron Hands|Drain Punch|p1b: Muk|[miss]\n|-miss|p2a: Iron Hands|p1b: Muk\n|move|p1a: Gengar|Sludge Bomb|p2b: Salamence\n|-damage|p2b: Salamence|29\/100\n|move|p2b: Salamence|Hurricane|p1b: Muk\n|-damage|p1b: Muk|42\/100\n|\n|-weather|RainDance|[upkeep]\n|upkeep\n|turn|5\n|\n|t:|1699770159\n|-end|p2a: Iron Hands|Quark Drive|[silent]\n|switch|p2a: Iron Bundle|Iron Bundle, L50, shiny|100\/100\n|-enditem|p2a: Iron Bundle|Booster Energy\n|-activate|p2a: Iron Bundle|ability: Quark Drive|[fromitem]\n|-start|p2a: Iron Bundle|quarkdrivespe\n|-activate|p1b: Muk|confusion\n|-damage|p1b: Muk|39\/100|[from] confusion\n|move|p1a: Gengar|Sludge Bomb|p2b: Salamence\n|-damage|p2b: Salamence|0 fnt\n|faint|p2b: Salamence\n|\n|-weather|none\n|-fieldend|move: Trick Room\n|upkeep\n|\n|t:|1699770168\n|switch|p2b: Iron Hands|Iron Hands, L50|56\/100\n|turn|6\n|\n|t:|1699770177\n|move|p2a: Iron Bundle|Freeze-Dry|p1a: Gengar\n|-damage|p1a: Gengar|57\/100\n|-start|p2a: Iron Bundle|Disable|Freeze-Dry|[from] ability: Cursed Body|[of] p1a: Gengar\n|move|p2b: Iron Hands|Drain Punch|p1b: Muk\n|-damage|p1b: Muk|20\/100\n|-heal|p2b: Iron Hands|64\/100|[from] drain|[of] p1b: Muk\n|-activate|p1b: Muk|confusion\n|move|p1b: Muk|Recycle|p1b: Muk\n|-item|p1b: Muk|Figy Berry|[from] move: Recycle\n|-enditem|p1b: Muk|Figy Berry|[eat]\n|-heal|p1b: Muk|54\/100|[from] item: Figy Berry\n|move|p1a: Gengar|Trick Room|p1a: Gengar\n|-fieldstart|move: Trick Room|[of] p1a: Gengar\n|\n|upkeep\n|turn|7\n|\n|t:|1699770194\n|-end|p1b: Muk|confusion\n|move|p1b: Muk|Recycle|p1b: Muk\n|-item|p1b: Muk|Figy Berry|[from] move: Recycle\n|move|p2b: Iron Hands|Drain Punch|p1b: Muk|[miss]\n|-miss|p2b: Iron Hands|p1b: Muk\n|move|p1a: Gengar|Sludge Bomb|p2a: Iron Bundle\n|-damage|p2a: Iron Bundle|29\/100\n|move|p2a: Iron Bundle|Hydro Pump|p1a: Gengar\n|-damage|p1a: Gengar|0 fnt\n|faint|p1a: Gengar\n|\n|upkeep\n|\n|t:|1699770207\n|switch|p1a: Grimer|Grimer-Alola, L50, F|100\/100\n|turn|8\n|\n|t:|1699770216\n|move|p2a: Iron Bundle|Protect|p2a: Iron Bundle\n|-singleturn|p2a: Iron Bundle|Protect\n|move|p1a: Grimer|Minimize|p1a: Grimer\n|-boost|p1a: Grimer|evasion|2\n|move|p1b: Muk|Minimize|p1b: Muk\n|-boost|p1b: Muk|evasion|2\n|move|p2b: Iron Hands|Drain Punch|p1a: Grimer|[miss]\n|-miss|p2b: Iron Hands|p1a: Grimer\n|\n|upkeep\n|turn|9\n|\n|t:|1699770229\n|move|p1a: Grimer|Minimize|p1a: Grimer\n|-boost|p1a: Grimer|evasion|2\n|move|p1b: Muk|Minimize|p1b: Muk\n|-boost|p1b: Muk|evasion|2\n|move|p2b: Iron Hands|Drain Punch|p1a: Grimer|[miss]\n|-miss|p2b: Iron Hands|p1a: Grimer\n|move|p2a: Iron Bundle|Icy Wind|p1b: Muk|[spread] \n|-miss|p2a: Iron Bundle|p1a: Grimer\n|-miss|p2a: Iron Bundle|p1b: Muk\n|\n|-end|p2a: Iron Bundle|Disable\n|upkeep\n|turn|10\n|\n|t:|1699770245\n|move|p1a: Grimer|Minimize|p1a: Grimer\n|-boost|p1a: Grimer|evasion|2\n|move|p1b: Muk|Stockpile|p1b: Muk\n|-start|p1b: Muk|stockpile3\n|-boost|p1b: Muk|def|1\n|-boost|p1b: Muk|spd|1\n|move|p2b: Iron Hands|Drain Punch|p1a: Grimer|[miss]\n|-miss|p2b: Iron Hands|p1a: Grimer\n|move|p2a: Iron Bundle|Icy Wind|p1b: Muk|[spread] \n|-miss|p2a: Iron Bundle|p1a: Grimer\n|-miss|p2a: Iron Bundle|p1b: Muk\n|\n|-fieldend|move: Trick Room\n|upkeep\n|turn|11\n|\n|t:|1699770261\n|move|p2a: Iron Bundle|Freeze-Dry|p1a: Grimer|[miss]\n|-miss|p2a: Iron Bundle|p1a: Grimer\n|move|p2b: Iron Hands|Drain Punch|p1a: Grimer\n|-damage|p1a: Grimer|38\/100\n|-heal|p2b: Iron Hands|85\/100|[from] drain|[of] p1a: Grimer\n|-enditem|p1a: Grimer|Aguav Berry|[eat]\n|-heal|p1a: Grimer|71\/100|[from] item: Aguav Berry\n|move|p1b: Muk|Knock Off|p2b: Iron Hands\n|-resisted|p2b: Iron Hands\n|-damage|p2b: Iron Hands|76\/100\n|-enditem|p2b: Iron Hands|Assault Vest|[from] move: Knock Off|[of] p1b: Muk\n|move|p1a: Grimer|Stockpile|p1a: Grimer\n|-start|p1a: Grimer|stockpile1\n|-boost|p1a: Grimer|def|1\n|-boost|p1a: Grimer|spd|1\n|\n|upkeep\n|turn|12\n|\n|t:|1699770285\n|-terastallize|p1a: Grimer|Poison\n|move|p2a: Iron Bundle|Freeze-Dry|p1b: Muk|[miss]\n|-miss|p2a: Iron Bundle|p1b: Muk\n|move|p2b: Iron Hands|Drain Punch|p1a: Grimer|[miss]\n|-miss|p2b: Iron Hands|p1a: Grimer\n|move|p1b: Muk|Knock Off|p2b: Iron Hands\n|-resisted|p2b: Iron Hands\n|-damage|p2b: Iron Hands|71\/100\n|move|p1a: Grimer|Recycle|p1a: Grimer\n|-item|p1a: Grimer|Aguav Berry|[from] move: Recycle\n|\n|upkeep\n|turn|13\n|\n|t:|1699770301\n|move|p2a: Iron Bundle|Hydro Pump|p1a: Grimer|[miss]\n|-miss|p2a: Iron Bundle|p1a: Grimer\n|move|p2b: Iron Hands|Drain Punch|p1b: Muk|[miss]\n|-miss|p2b: Iron Hands|p1b: Muk\n|move|p1b: Muk|Knock Off|p2a: Iron Bundle\n|-damage|p2a: Iron Bundle|12\/100\n|move|p1a: Grimer|Stockpile|p1a: Grimer\n|-start|p1a: Grimer|stockpile2\n|-boost|p1a: Grimer|def|1\n|-boost|p1a: Grimer|spd|1\n|\n|upkeep\n|turn|14\n|\n|t:|1699770314\n|move|p2a: Iron Bundle|Hydro Pump|p1a: Grimer|[miss]\n|-miss|p2a: Iron Bundle|p1a: Grimer\n|move|p2b: Iron Hands|Drain Punch|p1b: Muk|[miss]\n|-miss|p2b: Iron Hands|p1b: Muk\n|move|p1b: Muk|Knock Off|p2a: Iron Bundle\n|-damage|p2a: Iron Bundle|0 fnt\n|faint|p2a: Iron Bundle\n|-end|p2a: Iron Bundle|Quark Drive|[silent]\n|move|p1a: Grimer|Stockpile|p1a: Grimer\n|-start|p1a: Grimer|stockpile3\n|-boost|p1a: Grimer|def|1\n|-boost|p1a: Grimer|spd|1\n|\n|upkeep\n|turn|15\n|\n|t:|1699770329\n|move|p2b: Iron Hands|Drain Punch|p1b: Muk\n|-damage|p1b: Muk|39\/100\n|-heal|p2b: Iron Hands|77\/100|[from] drain|[of] p1b: Muk\n|-enditem|p1b: Muk|Figy Berry|[eat]\n|-heal|p1b: Muk|72\/100|[from] item: Figy Berry\n|move|p1b: Muk|Knock Off|p2b: Iron Hands\n|-resisted|p2b: Iron Hands\n|-damage|p2b: Iron Hands|72\/100\n|move|p1a: Grimer|Knock Off|p2b: Iron Hands\n|-resisted|p2b: Iron Hands\n|-damage|p2b: Iron Hands|64\/100\n|\n|upkeep\n|turn|16\n|\n|t:|1699770343\n|move|p2b: Iron Hands|Drain Punch|p1b: Muk|[miss]\n|-miss|p2b: Iron Hands|p1b: Muk\n|move|p1b: Muk|Recycle|p1b: Muk\n|-item|p1b: Muk|Figy Berry|[from] move: Recycle\n|move|p1a: Grimer|Knock Off|p2b: Iron Hands\n|-resisted|p2b: Iron Hands\n|-damage|p2b: Iron Hands|57\/100\n|\n|upkeep\n|turn|17\n|-message|OmiSG forfeited.\n|\n|win|madbluecatz\n|raw|madbluecatz's rating: 1048 &rarr; <strong>1089<\/strong><br \/>(+41 for winning)\n|raw|OmiSG's rating: 1138 &rarr; <strong>1107<\/strong><br \/>(-31 for losing)\n|l|\u2606OmiSG\n","uploadtime":1699770376,"views":25,"p1id":"madbluecatz","p2id":"omisg","formatid":"gen9vgc2023regulatione","rating":1089,"private":0,"password":""}