{"id":"gen9vgc2023regulatione-2000120856","p1":"Walalang","p2":"MVLLOW","format":"[Gen 9] VGC 2023 Regulation E","log":"|j|\u2606Walalang\n|j|\u2606MVLLOW\n|n|\u2606Walalang|walalang\n|n|\u2606MVLLOW|mvllow\n|html|View the match progress at <a href=\"\/game-bestof3-gen9vgc2023regulatione-2000120855\">game-bestof3-gen9vgc2023regulatione-2000120855<\/a>\n|t:|1701158572\n|gametype|doubles\n|player|p1|Walalang|lucas-gen4pt|\n|player|p2|MVLLOW|1|\n|teamsize|p1|6\n|teamsize|p2|6\n|gen|9\n|tier|[Gen 9] VGC 2023 Regulation E\n|rule|Species Clause: Limit one of each Pok\u00e9mon\n|rule|Item Clause: Limit one of each item\n|clearpoke\n|poke|p1|Thundurus, L50, M|\n|poke|p1|Landorus-Therian, L50, M|\n|poke|p1|Farigiraf, L50, M|\n|poke|p1|Pikachu, L50, M|\n|poke|p1|Mamoswine, L50, M|\n|poke|p1|Mienshao, L50, M|\n|poke|p2|Tornadus, L50, M|\n|poke|p2|Arcanine-Hisui, L50, M|\n|poke|p2|Urshifu-*, L50, F|\n|poke|p2|Iron Hands, L50|\n|poke|p2|Amoonguss, L50, M|\n|poke|p2|Gholdengo, L50|\n|teampreview|4\nMVLLOW has agreed to open team sheets.\nWalalang has agreed to open team sheets.\n|showteam|p1|Thundurus||CovertCloak|Prankster|Discharge,ScaryFace,WildboltStorm,KnockOff|||M|||50|,,,,,Dark]Landorus-Therian||ChoiceScarf|Intimidate|StompingTantrum,RockSlide,Uturn,TeraBlast|||M|||50|,,,,,Flying]Farigiraf||SitrusBerry|ArmorTail|Imprison,TrickRoom,DazzlingGleam,Psyshock|||M|||50|,,,,,Fairy]Pikachu||LightBall|LightningRod|Discharge,TeraBlast,FakeOut,Protect|||M|||50|,,,,,Ice]Mamoswine||AssaultVest|Oblivious|IcicleCrash,Earthquake,IceShard,TeraBlast|||M|||50|,,,,,Water]Mienshao||FocusSash|InnerFocus|KnockOff,WideGuard,CloseCombat,Feint|||M|||50|,,,,,Dark\n|showteam|p2|Tornadus||RockyHelmet|Prankster|BleakwindStorm,RainDance,Tailwind,Protect|||M|||50|,,,,,Steel]Arcanine-Hisui||ChoiceBand|Intimidate|RockSlide,FlareBlitz,ExtremeSpeed,HeadSmash|||M|||50|,,,,,Fairy]Urshifu-Rapid-Strike||MysticWater|UnseenFist|SurgingStrikes,AquaJet,CloseCombat,Detect|||F|||50|,,,,,Water]Iron Hands||AssaultVest|QuarkDrive|WildCharge,FakeOut,DrainPunch,VoltSwitch||||||50|,,,,,Water]Amoonguss||SitrusBerry|Regenerator|Spore,RagePowder,PollenPuff,Protect|||M|||50|,,,,,Water]Gholdengo||Leftovers|GoodasGold|MakeItRain,ShadowBall,NastyPlot,Protect||||||50|,,,,,Dragon\n|\n|t:|1701158616\n|start\n|switch|p1a: Adorabunny|Pikachu, L50, M|100\/100\n|switch|p1b: Smogonthundr|Thundurus, L50, M|100\/100\n|switch|p2a: Tornadus|Tornadus, L50, M|100\/100\n|switch|p2b: Gholdengo|Gholdengo, L50|100\/100\n|turn|1\n|\n|t:|1701158640\n|-terastallize|p2a: Tornadus|Steel\n|move|p2a: Tornadus|Tailwind|p2a: Tornadus\n|-sidestart|p2: MVLLOW|move: Tailwind\n|move|p2b: Gholdengo|Nasty Plot|p2b: Gholdengo\n|-boost|p2b: Gholdengo|spa|2\n|move|p1a: Adorabunny|Discharge|p2b: Gholdengo|[spread] p1b,p2a,p2b\n|-damage|p1b: Smogonthundr|58\/100\n|-damage|p2a: Tornadus|59\/100\n|-damage|p2b: Gholdengo|71\/100\n|move|p1b: Smogonthundr|Discharge|p2a: Tornadus|[spread] p2a,p2b\n|-ability|p1a: Adorabunny|Lightning Rod|boost\n|-boost|p1a: Adorabunny|spa|1\n|-damage|p2a: Tornadus|24\/100\n|-damage|p2b: Gholdengo|46\/100\n|-status|p2a: Tornadus|par\n|\n|-heal|p2b: Gholdengo|52\/100|[from] item: Leftovers\n|upkeep\n|turn|2\n|\n|t:|1701158665\n|switch|p2a: Iron Hands|Iron Hands, L50|100\/100\n|move|p2b: Gholdengo|Shadow Ball|p1a: Adorabunny\n|-damage|p1a: Adorabunny|0 fnt\n|faint|p1a: Adorabunny\n|move|p1b: Smogonthundr|Knock Off|p2b: Gholdengo\n|-supereffective|p2b: Gholdengo\n|-damage|p2b: Gholdengo|7\/100\n|-enditem|p2b: Gholdengo|Leftovers|[from] move: Knock Off|[of] p1b: Smogonthundr\n|\n|upkeep\n|\n|t:|1701158676\n|switch|p1a: Smogoncloud|Landorus-Therian, L50, M|100\/100\n|-ability|p1a: Smogoncloud|Intimidate|boost\n|-unboost|p2a: Iron Hands|atk|1\n|-unboost|p2b: Gholdengo|atk|1\n|turn|3\n|\n|t:|1701158701\n|switch|p1b: Palindrome|Farigiraf, L50, M|100\/100\n|move|p2b: Gholdengo|Shadow Ball|p1b: Palindrome\n|-immune|p1b: Palindrome\n|move|p1a: Smogoncloud|Stomping Tantrum|p2b: Gholdengo\n|-supereffective|p2b: Gholdengo\n|-damage|p2b: Gholdengo|0 fnt\n|faint|p2b: Gholdengo\n|move|p2a: Iron Hands|Volt Switch|p1b: Palindrome\n|-damage|p1b: Palindrome|87\/100\n|\n|t:|1701158714\n|-end|p2a: Iron Hands|Quark Drive|[silent]\n|switch|p2a: Urshifu|Urshifu-Rapid-Strike, L50, F|100\/100|[from] Volt Switch\n|\n|upkeep\n|\n|t:|1701158719\n|switch|p2b: Tornadus|Tornadus, L50, M, tera:Steel|24\/100 par\n|turn|4\n|\n|t:|1701158734\n|switch|p1a: Smogonthundr|Thundurus, L50, M|58\/100\n|move|p2b: Tornadus|Rain Dance|p2b: Tornadus\n|-weather|RainDance\n|move|p2a: Urshifu|Surging Strikes|p1b: Palindrome\n|-crit|p1b: Palindrome\n|-damage|p1b: Palindrome|49\/100\n|-enditem|p1b: Palindrome|Sitrus Berry|[eat]\n|-heal|p1b: Palindrome|73\/100|[from] item: Sitrus Berry\n|-crit|p1b: Palindrome\n|-damage|p1b: Palindrome|35\/100\n|-crit|p1b: Palindrome\n|-damage|p1b: Palindrome|0 fnt\n|faint|p1b: Palindrome\n|-hitcount|p1: Palindrome|3\n|\n|-weather|RainDance|[upkeep]\n|-sideend|p2: MVLLOW|move: Tailwind\n|upkeep\n|l|\u2606MVLLOW\n|player|p2|\n|\n|t:|1701158747\n|switch|p1b: Smogoncloud|Landorus-Therian, L50, M|100\/100\n|-ability|p1b: Smogoncloud|Intimidate|boost\n|-unboost|p2a: Urshifu|atk|1\n|-unboost|p2b: Tornadus|atk|1\n|turn|5\n|j|\u2606MVLLOW\n|player|p2|MVLLOW|1\n|l|\u2606MVLLOW\n|player|p2|\n|j|\u2606MVLLOW\n|player|p2|MVLLOW|1\n|l|\u2606MVLLOW\n|player|p2|\n|j|\u2606MVLLOW\n|player|p2|MVLLOW|1\n|\n|t:|1701158999\n|move|p1a: Smogonthundr|Scary Face|p2a: Urshifu\n|-unboost|p2a: Urshifu|spe|2\n|cant|p2b: Tornadus|par\n|move|p1b: Smogoncloud|Rock Slide|p2b: Tornadus|[spread] p2a,p2b\n|-resisted|p2a: Urshifu\n|-resisted|p2b: Tornadus\n|-damage|p2a: Urshifu|90\/100\n|-damage|p2b: Tornadus|14\/100 par\n|cant|p2a: Urshifu|flinch\n|\n|-weather|RainDance|[upkeep]\n|upkeep\n|turn|6\n|\n|t:|1701159018\n|move|p2b: Tornadus|Tailwind|p2b: Tornadus\n|-sidestart|p2: MVLLOW|move: Tailwind\n|move|p1b: Smogoncloud|Rock Slide|p2b: Tornadus|[spread] p2a,p2b\n|-resisted|p2a: Urshifu\n|-resisted|p2b: Tornadus\n|-damage|p2a: Urshifu|81\/100\n|-damage|p2b: Tornadus|5\/100 par\n|move|p1a: Smogonthundr|Discharge|p2a: Urshifu|[spread] p2a,p2b\n|-immune|p1b: Smogoncloud\n|-supereffective|p2a: Urshifu\n|-damage|p2a: Urshifu|12\/100\n|-damage|p2b: Tornadus|0 fnt\n|faint|p2b: Tornadus\n|cant|p2a: Urshifu|flinch\n|\n|-weather|RainDance|[upkeep]\n|upkeep\n|\n|t:|1701159029\n|switch|p2b: Iron Hands|Iron Hands, L50|100\/100\n|turn|7\n|\n|t:|1701159041\n|move|p1b: Smogoncloud|Rock Slide|p2b: Iron Hands|[spread] p2a,p2b\n|-resisted|p2a: Urshifu\n|-resisted|p2b: Iron Hands\n|-damage|p2a: Urshifu|3\/100\n|-damage|p2b: Iron Hands|94\/100\n|move|p2b: Iron Hands|Wild Charge|p1a: Smogonthundr\n|-damage|p1a: Smogonthundr|5\/100\n|-damage|p2b: Iron Hands|84\/100|[from] Recoil\n|move|p1a: Smogonthundr|Knock Off|p2b: Iron Hands\n|-resisted|p2b: Iron Hands\n|-damage|p2b: Iron Hands|76\/100\n|-enditem|p2b: Iron Hands|Assault Vest|[from] move: Knock Off|[of] p1a: Smogonthundr\n|move|p2a: Urshifu|Surging Strikes|p1b: Smogoncloud\n|-supereffective|p1b: Smogoncloud\n|-crit|p1b: Smogoncloud\n|-damage|p1b: Smogoncloud|23\/100\n|-supereffective|p1b: Smogoncloud\n|-crit|p1b: Smogoncloud\n|-damage|p1b: Smogoncloud|0 fnt\n|faint|p1b: Smogoncloud\n|-hitcount|p1: Smogoncloud|2\n|\n|-weather|RainDance|[upkeep]\n|upkeep\n|turn|8\n|\n|t:|1701159064\n|move|p2a: Urshifu|Aqua Jet|p1a: Smogonthundr\n|-damage|p1a: Smogonthundr|0 fnt\n|faint|p1a: Smogonthundr\n|\n|win|MVLLOW\n|c|&|\/uhtml prompt-walalang,Walalang is ready for game 2!\n","uploadtime":1701159072,"views":5,"p1id":"walalang","p2id":"mvllow","formatid":"gen9vgc2023regulatione","rating":0,"private":0,"password":""}