{"id":"gen9vgc2023regulatione-2000466620","p1":"Shiryu3392","p2":"Lurvas","format":"[Gen 9] VGC 2023 Regulation E","log":"|j|\u2606Shiryu3392\n|j|\u2606Lurvas\n|t:|1701197201\n|gametype|doubles\n|player|p1|Shiryu3392|169|1259\n|player|p2|Lurvas|alder|1249\n|teamsize|p1|6\n|teamsize|p2|6\n|gen|9\n|tier|[Gen 9] VGC 2023 Regulation E\n|rated|\n|rule|Species Clause: Limit one of each Pok\u00e9mon\n|rule|Item Clause: Limit one of each item\n|clearpoke\n|poke|p1|Azelf, L50|\n|poke|p1|Ursaluna-Bloodmoon, L50, M|\n|poke|p1|Dusknoir, L50, M|\n|poke|p1|Torkoal, L50, M|\n|poke|p1|Regieleki, L50|\n|poke|p1|Dusclops, L50, F|\n|poke|p2|Urshifu-*, L50, F|\n|poke|p2|Rillaboom, L50, M|\n|poke|p2|Flutter Mane, L50|\n|poke|p2|Arcanine-Hisui, L50, F|\n|poke|p2|Chien-Pao, L50|\n|poke|p2|Tornadus, L50, M|\n|teampreview|4\nLurvas has agreed to open team sheets.\n|inactive|Battle timer is ON: inactive players will automatically lose when time's up. (requested by Lurvas)\n|\n|t:|1701197232\n|start\n|switch|p1a: Azelf|Azelf, L50|100\/100\n|switch|p1b: Dusknoir|Dusknoir, L50, M|100\/100\n|switch|p2a: Rillaboom|Rillaboom, L50, M|100\/100\n|switch|p2b: Arcanine|Arcanine-Hisui, L50, F|100\/100\n|-ability|p2b: Arcanine|Intimidate|boost\n|-unboost|p1a: Azelf|atk|1\n|-unboost|p1b: Dusknoir|atk|1\n|-fieldstart|move: Grassy Terrain|[from] ability: Grassy Surge|[of] p2a: Rillaboom\n|-item|p2a: Rillaboom|Assault Vest|[from] ability: Frisk|[of] p1b: Dusknoir|[identify]\n|-item|p2b: Arcanine|Choice Band|[from] ability: Frisk|[of] p1b: Dusknoir|[identify]\n|turn|1\n|inactive|Shiryu3392 has 30 seconds left.\n|inactive|Shiryu3392 has 20 seconds left.\n|inactive|Shiryu3392 has 15 seconds left.\n|inactive|Shiryu3392 has 10 seconds left.\n|inactive|Shiryu3392 has 5 seconds left.\n|\n|t:|1701197287\n|move|p2a: Rillaboom|Fake Out|p1a: Azelf\n|-damage|p1a: Azelf|75\/100\n|cant|p1a: Azelf|flinch\n|move|p2b: Arcanine|Rock Slide|p1a: Azelf|[spread] p1a,p1b\n|-damage|p1a: Azelf|7\/100\n|-damage|p1b: Dusknoir|68\/100\n|move|p1b: Dusknoir|Trick Room|p1b: Dusknoir\n|-fieldstart|move: Trick Room|[of] p1b: Dusknoir\n|\n|-heal|p1b: Dusknoir|74\/100|[from] Grassy Terrain\n|upkeep\n|turn|2\n|inactive|Shiryu3392 has 30 seconds left.\n|inactive|Shiryu3392 has 20 seconds left.\n|inactive|Shiryu3392 has 15 seconds left.\n|inactive|Shiryu3392 has 10 seconds left.\n|inactive|Shiryu3392 has 5 seconds left.\n|\n|t:|1701197340\n|switch|p2b: Flutter Mane|Flutter Mane, L50|100\/100\n|-enditem|p2b: Flutter Mane|Booster Energy\n|-activate|p2b: Flutter Mane|ability: Protosynthesis|[fromitem]\n|-start|p2b: Flutter Mane|protosynthesisspe\n|move|p2a: Rillaboom|Grassy Glide|p1a: Azelf\n|-damage|p1a: Azelf|0 fnt\n|faint|p1a: Azelf\n|move|p1b: Dusknoir|Will-O-Wisp|p2a: Rillaboom\n|-status|p2a: Rillaboom|brn\n|\n|-heal|p1b: Dusknoir|80\/100|[from] Grassy Terrain\n|-damage|p2a: Rillaboom|95\/100 brn|[from] brn\n|upkeep\n|\n|t:|1701197349\n|switch|p1a: Ursaluna|Ursaluna-Bloodmoon, L50, M|100\/100\n|turn|3\n|\n|t:|1701197362\n|move|p1b: Dusknoir|Helping Hand|p1a: Ursaluna\n|-singleturn|p1a: Ursaluna|Helping Hand|[of] p1b: Dusknoir\n|move|p2b: Flutter Mane|Protect|p2b: Flutter Mane\n|-singleturn|p2b: Flutter Mane|Protect\n|move|p2a: Rillaboom|Grassy Glide|p1a: Ursaluna\n|-supereffective|p1a: Ursaluna\n|-damage|p1a: Ursaluna|74\/100\n|-enditem|p1a: Ursaluna|Weakness Policy\n|-boost|p1a: Ursaluna|atk|2|[from] item: Weakness Policy\n|-boost|p1a: Ursaluna|spa|2|[from] item: Weakness Policy\n|move|p1a: Ursaluna|Hyper Voice|p2b: Flutter Mane|[spread] p2a\n|-activate|p2b: Flutter Mane|move: Protect\n|-damage|p2a: Rillaboom|8\/100 brn\n|\n|-heal|p1b: Dusknoir|86\/100|[from] Grassy Terrain\n|-heal|p1a: Ursaluna|80\/100|[from] Grassy Terrain\n|-heal|p2a: Rillaboom|14\/100 brn|[from] Grassy Terrain\n|-damage|p2a: Rillaboom|8\/100 brn|[from] brn\n|upkeep\n|turn|4\n|\n|t:|1701197386\n|-end|p2b: Flutter Mane|Protosynthesis|[silent]\n|switch|p2b: Chien-Pao|Chien-Pao, L50|100\/100\n|-ability|p2b: Chien-Pao|Sword of Ruin\n|move|p1b: Dusknoir|Helping Hand|p1a: Ursaluna\n|-singleturn|p1a: Ursaluna|Helping Hand|[of] p1b: Dusknoir\n|move|p2a: Rillaboom|Grassy Glide|p1a: Ursaluna\n|-supereffective|p1a: Ursaluna\n|-damage|p1a: Ursaluna|46\/100\n|move|p1a: Ursaluna|Hyper Voice|p2a: Rillaboom|[spread] p2a,p2b\n|-damage|p2a: Rillaboom|0 fnt\n|-enditem|p2b: Chien-Pao|Focus Sash\n|-damage|p2b: Chien-Pao|1\/100\n|faint|p2a: Rillaboom\n|\n|-heal|p1b: Dusknoir|92\/100|[from] Grassy Terrain\n|-heal|p1a: Ursaluna|52\/100|[from] Grassy Terrain\n|-heal|p2b: Chien-Pao|7\/100|[from] Grassy Terrain\n|upkeep\n|\n|t:|1701197409\n|switch|p2a: Arcanine|Arcanine-Hisui, L50, F|100\/100\n|-ability|p2a: Arcanine|Intimidate|boost\n|-unboost|p1a: Ursaluna|atk|1\n|-unboost|p1b: Dusknoir|atk|1\n|turn|5\n|\n|t:|1701197425\n|move|p1a: Ursaluna|Protect|p1a: Ursaluna\n|-singleturn|p1a: Ursaluna|Protect\n|move|p2a: Arcanine|Extreme Speed|p1a: Ursaluna\n|-activate|p1a: Ursaluna|move: Protect\n|move|p2b: Chien-Pao|Sucker Punch||[still]\n|-fail|p2b: Chien-Pao\n|move|p1b: Dusknoir|Brick Break|p2b: Chien-Pao\n|-supereffective|p2b: Chien-Pao\n|-damage|p2b: Chien-Pao|0 fnt\n|faint|p2b: Chien-Pao\n|\n|-heal|p1b: Dusknoir|98\/100|[from] Grassy Terrain\n|-heal|p1a: Ursaluna|58\/100|[from] Grassy Terrain\n|-fieldend|move: Trick Room\n|-fieldend|move: Grassy Terrain\n|upkeep\n|\n|t:|1701197439\n|switch|p2b: Flutter Mane|Flutter Mane, L50|100\/100\n|turn|6\n|\n|t:|1701197451\n|move|p1b: Dusknoir|Helping Hand|p1a: Ursaluna\n|-singleturn|p1a: Ursaluna|Helping Hand|[of] p1b: Dusknoir\n|move|p2a: Arcanine|Extreme Speed|p1a: Ursaluna\n|-damage|p1a: Ursaluna|28\/100\n|move|p2b: Flutter Mane|Shadow Ball|p1b: Dusknoir\n|-supereffective|p1b: Dusknoir\n|-damage|p1b: Dusknoir|29\/100\n|-unboost|p1b: Dusknoir|spd|1\n|move|p1a: Ursaluna|Hyper Voice|p2a: Arcanine|[spread] p2a,p2b\n|-resisted|p2a: Arcanine\n|-damage|p2a: Arcanine|26\/100\n|-damage|p2b: Flutter Mane|0 fnt\n|faint|p2b: Flutter Mane\n|-end|p2b: Flutter Mane|Protosynthesis|[silent]\n|\n|upkeep\n|turn|7\n|inactive|Shiryu3392 has 30 seconds left.\n|\n|t:|1701197479\n|move|p2a: Arcanine|Extreme Speed|p1a: Ursaluna\n|-damage|p1a: Ursaluna|0 fnt\n|faint|p1a: Ursaluna\n|move|p1b: Dusknoir|Trick Room|p1b: Dusknoir\n|-fieldstart|move: Trick Room|[of] p1b: Dusknoir\n|\n|upkeep\n|\n|t:|1701197482\n|switch|p1a: Torkoal|Torkoal, L50, M|100\/100\n|-weather|SunnyDay|[from] ability: Drought|[of] p1a: Torkoal\n|turn|8\n|\n|t:|1701197488\n|-terastallize|p1a: Torkoal|Fire\n|move|p1b: Dusknoir|Helping Hand|p1a: Torkoal\n|-singleturn|p1a: Torkoal|Helping Hand|[of] p1b: Dusknoir\n|move|p2a: Arcanine|Extreme Speed|p1a: Torkoal\n|-damage|p1a: Torkoal|69\/100\n|move|p1a: Torkoal|Eruption|p2a: Arcanine\n|-resisted|p2a: Arcanine\n|-damage|p2a: Arcanine|0 fnt\n|faint|p2a: Arcanine\n|\n|win|Shiryu3392\n|raw|Shiryu3392's rating: 1259 &rarr; <strong>1283<\/strong><br \/>(+24 for winning)\n|raw|Lurvas's rating: 1249 &rarr; <strong>1225<\/strong><br \/>(-24 for losing)\n|c|\u2606Lurvas|gg\n","uploadtime":1701197500,"views":6,"p1id":"shiryu3392","p2id":"lurvas","formatid":"gen9vgc2023regulatione","rating":1225,"private":0,"password":""}