{"id":"gen9vgc2023regulatione-1998408953","p1":"e179","p2":"TheRealK1K0","format":"[Gen 9] VGC 2023 Regulation E","log":"|j|\u2606e179\n|j|\u2606TheRealK1K0\n|t:|1700939062\n|gametype|doubles\n|player|p1|e179|1|1120\n|player|p2|TheRealK1K0|1|1157\n|teamsize|p1|6\n|teamsize|p2|6\n|gen|9\n|tier|[Gen 9] VGC 2023 Regulation E\n|rated|\n|rule|Species Clause: Limit one of each Pok\u00e9mon\n|rule|Item Clause: Limit one of each item\n|clearpoke\n|poke|p1|Chien-Pao, L50|\n|poke|p1|Arcanine-Hisui, L50, M|\n|poke|p1|Cresselia, L50, F|\n|poke|p1|Dragonite, L50, M|\n|poke|p1|Flutter Mane, L50|\n|poke|p1|Ursaluna-Bloodmoon, L50, M|\n|poke|p2|Goodra-Hisui, L50, M|\n|poke|p2|Ursaluna, L50, M|\n|poke|p2|Cresselia, L50, F|\n|poke|p2|Amoonguss, L50, M|\n|poke|p2|Heatran, L50, M|\n|poke|p2|Pelipper, L50, M|\n|teampreview|4\n|\n|t:|1700939129\n|start\n|switch|p1a: Chien-Pao|Chien-Pao, L50|100\/100\n|switch|p1b: Dragonite|Dragonite, L50, M|100\/100\n|switch|p2a: Goodra|Goodra-Hisui, L50, M|100\/100\n|switch|p2b: Cresselia|Cresselia, L50, F|100\/100\n|-ability|p1a: Chien-Pao|Sword of Ruin\n|turn|1\n|\n|t:|1700939159\n|move|p2b: Cresselia|Protect|p2b: Cresselia\n|-singleturn|p2b: Cresselia|Protect\n|move|p1a: Chien-Pao|Icicle Crash|p2b: Cresselia\n|-activate|p2b: Cresselia|move: Protect\n|move|p1b: Dragonite|Outrage|p2a: Goodra\n|-damage|p2a: Goodra|0 fnt\n|faint|p2a: Goodra\n|\n|upkeep\n|inactive|Battle timer is ON: inactive players will automatically lose when time's up. (requested by e179)\n|\n|t:|1700939178\n|switch|p2a: Ursaluna|Ursaluna, L50, M|100\/100\n|turn|2\n|\n|t:|1700939199\n|move|p1a: Chien-Pao|Icicle Crash|p2b: Cresselia\n|-damage|p2b: Cresselia|67\/100\n|move|p1b: Dragonite|Outrage|p2a: Ursaluna|[from]lockedmove\n|-damage|p2a: Ursaluna|32\/100\n|-start|p1b: Dragonite|confusion|[fatigue]\n|move|p2a: Ursaluna|Brick Break|p1a: Chien-Pao\n|-supereffective|p1a: Chien-Pao\n|-enditem|p1a: Chien-Pao|Focus Sash\n|-damage|p1a: Chien-Pao|1\/100\n|cant|p2b: Cresselia|flinch\n|\n|-status|p2a: Ursaluna|brn|[from] item: Flame Orb\n|upkeep\n|turn|3\n|inactive|e179 has 30 seconds left.\n|\n|t:|1700939230\n|switch|p1b: Arcanine|Arcanine-Hisui, L50, M|100\/100\n|-ability|p1b: Arcanine|Intimidate|boost\n|-unboost|p2a: Ursaluna|atk|1\n|-unboost|p2b: Cresselia|atk|1\n|-terastallize|p2b: Cresselia|Fairy\n|move|p2a: Ursaluna|Protect|p2a: Ursaluna\n|-singleturn|p2a: Ursaluna|Protect\n|move|p1a: Chien-Pao|Icicle Crash|p2b: Cresselia\n|-damage|p2b: Cresselia|33\/100\n|move|p2b: Cresselia|Trick Room|p2b: Cresselia\n|-fieldstart|move: Trick Room|[of] p2b: Cresselia\n|-enditem|p2b: Cresselia|Room Service\n|-unboost|p2b: Cresselia|spe|1|[from] item: Room Service\n|\n|-damage|p2a: Ursaluna|26\/100 brn|[from] brn\n|upkeep\n|turn|4\n|\n|t:|1700939254\n|move|p2b: Cresselia|Protect|p2b: Cresselia\n|-singleturn|p2b: Cresselia|Protect\n|move|p1a: Chien-Pao|Protect|p1a: Chien-Pao\n|-singleturn|p1a: Chien-Pao|Protect\n|move|p1b: Arcanine|Extreme Speed|p2a: Ursaluna\n|-damage|p2a: Ursaluna|6\/100 brn\n|move|p2a: Ursaluna|Earthquake|p1b: Arcanine|[spread] p1b\n|-activate|p2b: Cresselia|move: Protect\n|-activate|p1a: Chien-Pao|move: Protect\n|-supereffective|p1b: Arcanine\n|-damage|p1b: Arcanine|0 fnt\n|faint|p1b: Arcanine\n|\n|-damage|p2a: Ursaluna|0 fnt|[from] brn\n|faint|p2a: Ursaluna\n|upkeep\n|\n|t:|1700939270\n|switch|p2a: Pelipper|Pelipper, L50, M|100\/100\n|switch|p1b: Ursaluna|Ursaluna-Bloodmoon, L50, M|100\/100\n|-weather|RainDance|[from] ability: Drizzle|[of] p2a: Pelipper\n|turn|5\n|\n|t:|1700939286\n|move|p1a: Chien-Pao|Sucker Punch|p2a: Pelipper\n|-damage|p2a: Pelipper|63\/100\n|move|p1b: Ursaluna|Blood Moon|p2a: Pelipper\n|-damage|p2a: Pelipper|0 fnt\n|faint|p2a: Pelipper\n|-damage|p1b: Ursaluna|90\/100|[from] item: Life Orb\n|move|p2b: Cresselia|Lunar Blessing|p2b: Cresselia\n|-heal|p2b: Cresselia|58\/100\n|\n|-weather|RainDance|[upkeep]\n|upkeep\n|turn|6\n|-message|TheRealK1K0 forfeited.\n|\n|win|e179\n|raw|e179's rating: 1120 &rarr; <strong>1148<\/strong><br \/>(+28 for winning)\n|raw|TheRealK1K0's rating: 1157 &rarr; <strong>1129<\/strong><br \/>(-28 for losing)\n","uploadtime":1700939307,"views":9,"p1id":"e179","p2id":"therealk1k0","formatid":"gen9vgc2023regulatione","rating":1129,"private":0,"password":""}