{"id":"gen9vgc2023regulatione-1994554652","p1":"AWOLxSick","p2":"bassdrops666","format":"[Gen 9] VGC 2023 Regulation E","log":"|j|\u2606AWOLxSick\n|j|\u2606bassdrops666\n|t:|1700459005\n|gametype|doubles\n|player|p1|AWOLxSick|darach-caitlin|1559\n|player|p2|bassdrops666|170|1450\n|teamsize|p1|6\n|teamsize|p2|6\n|gen|9\n|tier|[Gen 9] VGC 2023 Regulation E\n|rated|\n|rule|Species Clause: Limit one of each Pok\u00e9mon\n|rule|Item Clause: Limit one of each item\n|clearpoke\n|poke|p1|Sinistcha, L50|\n|poke|p1|Moltres-Galar, L50|\n|poke|p1|Arcanine-Hisui, L50, F|\n|poke|p1|Munkidori, L50, M|\n|poke|p1|Iron Hands, L50|\n|poke|p1|Ninetales-Alola, L50, F|\n|poke|p2|Scream Tail, L50|\n|poke|p2|Weezing, L50, F|\n|poke|p2|Heatran, L50, F|\n|poke|p2|Annihilape, L50, F|\n|poke|p2|Flutter Mane, L50|\n|poke|p2|Grafaiai, L50, F|\n|teampreview|4\n|\n|t:|1700459068\n|start\n|switch|p1a: Munkidori|Munkidori, L50, M|100\/100\n|switch|p1b: Ninetales|Ninetales-Alola, L50, F|100\/100\n|switch|p2a: Annihilape|Annihilape, L50, F|100\/100\n|switch|p2b: Weezing|Weezing, L50, F, shiny|100\/100\n|-ability|p2b: Weezing|Neutralizing Gas\n|turn|1\n|inactive|Battle timer is ON: inactive players will automatically lose when time's up. (requested by AWOLxSick)\n|inactive|AWOLxSick has 60 seconds left.\n|\n|t:|1700459108\n|move|p2a: Annihilape|Final Gambit|p1a: Munkidori\n|-enditem|p1a: Munkidori|Focus Sash\n|-damage|p1a: Munkidori|1\/100\n|faint|p2a: Annihilape\n|move|p1a: Munkidori|Psyshock|p2b: Weezing\n|-supereffective|p2b: Weezing\n|-damage|p2b: Weezing|26\/100\n|-enditem|p2b: Weezing|Sitrus Berry|[eat]\n|-heal|p2b: Weezing|51\/100|[from] item: Sitrus Berry\n|move|p1b: Ninetales|Blizzard|p2b: Weezing|[miss]\n|-miss|p1b: Ninetales|p2b: Weezing\n|move|p2b: Weezing|Sludge Bomb|p1b: Ninetales\n|-supereffective|p1b: Ninetales\n|-damage|p1b: Ninetales|56\/100\n|\n|upkeep\n|\n|t:|1700459125\n|switch|p2a: Scream Tail|Scream Tail, L50|100\/100\n|-enditem|p2a: Scream Tail|Booster Energy\n|-activate|p2a: Scream Tail|ability: Protosynthesis|[fromitem]\n|-start|p2a: Scream Tail|protosynthesisspe\n|turn|2\n|inactive|AWOLxSick has 30 seconds left.\n|\n|t:|1700459154\n|switch|p1b: Sinistcha|Sinistcha, L50|100\/100\n|move|p2a: Scream Tail|Dazzling Gleam|p1a: Munkidori|[spread] p1a,p1b\n|-resisted|p1a: Munkidori\n|-damage|p1a: Munkidori|0 fnt\n|-damage|p1b: Sinistcha|85\/100\n|faint|p1a: Munkidori\n|move|p2b: Weezing|Will-O-Wisp|p1b: Sinistcha|[miss]\n|-miss|p2b: Weezing|p1b: Sinistcha\n|\n|upkeep\n|\n|t:|1700459164\n|switch|p1a: Iron Hands|Iron Hands, L50|100\/100\n|turn|3\n|\n|t:|1700459182\n|move|p2a: Scream Tail|Dazzling Gleam|p1b: Sinistcha|[spread] p1a,p1b\n|-supereffective|p1a: Iron Hands\n|-damage|p1a: Iron Hands|85\/100\n|-damage|p1b: Sinistcha|71\/100\n|move|p2b: Weezing|Will-O-Wisp|p1a: Iron Hands\n|-status|p1a: Iron Hands|brn\n|move|p1a: Iron Hands|Thunder Punch|p2a: Scream Tail\n|-damage|p2a: Scream Tail|84\/100\n|move|p1b: Sinistcha|Trick Room|p1b: Sinistcha\n|-fieldstart|move: Trick Room|[of] p1b: Sinistcha\n|\n|-damage|p1a: Iron Hands|79\/100 brn|[from] brn\n|upkeep\n|turn|4\n|inactive|AWOLxSick has 30 seconds left.\n|\n|t:|1700459208\n|move|p2a: Scream Tail|Protect|p2a: Scream Tail\n|-singleturn|p2a: Scream Tail|Protect\n|move|p1a: Iron Hands|Volt Switch|p2b: Weezing\n|-damage|p2b: Weezing|39\/100\n|\n|t:|1700459213\n|-end|p1a: Iron Hands|Quark Drive|[silent]\n|switch|p1a: Ninetales|Ninetales-Alola, L50, F|56\/100|[from] Volt Switch\n|move|p2b: Weezing|Taunt|p1b: Sinistcha\n|-start|p1b: Sinistcha|move: Taunt\n|move|p1b: Sinistcha|Matcha Gotcha|p2b: Weezing|[spread] p2b\n|-activate|p2a: Scream Tail|move: Protect\n|-resisted|p2b: Weezing\n|-damage|p2b: Weezing|27\/100\n|-heal|p1b: Sinistcha|76\/100|[from] drain|[of] p2b: Weezing\n|\n|upkeep\n|turn|5\n|\n|t:|1700459232\n|move|p2b: Weezing|Protect|p2b: Weezing\n|-singleturn|p2b: Weezing|Protect\n|move|p1b: Sinistcha|Matcha Gotcha|p2b: Weezing|[spread] p2a\n|-activate|p2b: Weezing|move: Protect\n|-damage|p2a: Scream Tail|66\/100\n|-heal|p1b: Sinistcha|88\/100|[from] drain|[of] p2a: Scream Tail\n|-status|p2a: Scream Tail|brn\n|move|p1a: Ninetales|Blizzard|p2b: Weezing|[spread] p2a\n|-activate|p2b: Weezing|move: Protect\n|-damage|p2a: Scream Tail|48\/100 brn\n|move|p2a: Scream Tail|Disable|p1b: Sinistcha\n|-start|p1b: Sinistcha|Disable|Matcha Gotcha\n|\n|-damage|p2a: Scream Tail|42\/100 brn|[from] brn\n|upkeep\n|turn|6\n|j| meowmeowjoe\n|inactive|AWOLxSick has 30 seconds left.\n|inactive|bassdrops666 has 30 seconds left.\n|\n|t:|1700459260\n|switch|p1b: Iron Hands|Iron Hands, L50|79\/100 brn\n|move|p2b: Weezing|Sludge Bomb|p1a: Ninetales\n|-supereffective|p1a: Ninetales\n|-damage|p1a: Ninetales|12\/100\n|move|p1a: Ninetales|Encore|p2b: Weezing\n|-start|p2b: Weezing|Encore\n|move|p2a: Scream Tail|Disable|p1a: Ninetales\n|-start|p1a: Ninetales|Disable|Encore\n|-enditem|p1a: Ninetales|Mental Herb\n|-end|p1a: Ninetales|Disable\n|\n|-damage|p1b: Iron Hands|73\/100 brn|[from] brn\n|-damage|p2a: Scream Tail|37\/100 brn|[from] brn\n|upkeep\n|turn|7\n|inactive|bassdrops666 has 30 seconds left.\n|\n|t:|1700459286\n|switch|p1a: Sinistcha|Sinistcha, L50|88\/100\n|move|p2a: Scream Tail|Protect|p2a: Scream Tail\n|-singleturn|p2a: Scream Tail|Protect\n|move|p1b: Iron Hands|Thunder Punch|p2a: Scream Tail\n|-activate|p2a: Scream Tail|move: Protect\n|move|p2b: Weezing|Sludge Bomb|p1a: Sinistcha\n|-damage|p1a: Sinistcha|59\/100\n|\n|-damage|p1b: Iron Hands|66\/100 brn|[from] brn\n|-damage|p2a: Scream Tail|31\/100 brn|[from] brn\n|-fieldend|move: Trick Room\n|upkeep\n|turn|8\n|\n|t:|1700459305\n|move|p2a: Scream Tail|Dazzling Gleam|p1b: Iron Hands|[spread] p1a,p1b\n|-supereffective|p1b: Iron Hands\n|-damage|p1a: Sinistcha|43\/100\n|-damage|p1b: Iron Hands|49\/100 brn\n|move|p1a: Sinistcha|Matcha Gotcha|p2b: Weezing|[spread] p2a,p2b\n|-resisted|p2b: Weezing\n|-damage|p2a: Scream Tail|14\/100 brn\n|-heal|p1a: Sinistcha|53\/100|[from] drain|[of] p2a: Scream Tail\n|-damage|p2b: Weezing|15\/100\n|-heal|p1a: Sinistcha|59\/100|[from] drain|[of] p2b: Weezing\n|move|p2b: Weezing|Sludge Bomb|p1a: Sinistcha\n|-damage|p1a: Sinistcha|33\/100\n|move|p1b: Iron Hands|Thunder Punch|p2a: Scream Tail\n|-damage|p2a: Scream Tail|0 fnt\n|faint|p2a: Scream Tail\n|-end|p2a: Scream Tail|Protosynthesis|[silent]\n|\n|-damage|p1b: Iron Hands|43\/100 brn|[from] brn\n|upkeep\n|\n|t:|1700459325\n|switch|p2a: Flutter Mane|Flutter Mane, L50|100\/100\n|turn|9\n|\n|t:|1700459339\n|move|p2a: Flutter Mane|Moonblast|p1a: Sinistcha\n|-damage|p1a: Sinistcha|0 fnt\n|faint|p1a: Sinistcha\n|move|p2b: Weezing|Sludge Bomb|p1b: Iron Hands\n|-damage|p1b: Iron Hands|28\/100 brn\n|move|p1b: Iron Hands|Thunder Punch|p2b: Weezing\n|-damage|p2b: Weezing|0 fnt\n|faint|p2b: Weezing\n|-end|p2b: Weezing|ability: Neutralizing Gas\n|\n|-damage|p1b: Iron Hands|22\/100 brn|[from] brn\n|upkeep\n|\n|t:|1700459348\n|switch|p1a: Ninetales|Ninetales-Alola, L50, F|12\/100\n|-weather|Snow|[from] ability: Snow Warning|[of] p1a: Ninetales\n|turn|10\n|\n|t:|1700459361\n|move|p2a: Flutter Mane|Moonblast|p1b: Iron Hands\n|-supereffective|p1b: Iron Hands\n|-crit|p1b: Iron Hands\n|-damage|p1b: Iron Hands|0 fnt\n|faint|p1b: Iron Hands\n|-end|p1b: Iron Hands|Quark Drive|[silent]\n|move|p1a: Ninetales|Blizzard|p2a: Flutter Mane\n|-damage|p2a: Flutter Mane|66\/100\n|\n|-weather|Snow|[upkeep]\n|upkeep\n|turn|11\n|\n|t:|1700459376\n|move|p2a: Flutter Mane|Moonblast|p1a: Ninetales\n|-damage|p1a: Ninetales|0 fnt\n|faint|p1a: Ninetales\n|\n|win|bassdrops666\n|raw|AWOLxSick's rating: 1559 &rarr; <strong>1533<\/strong><br \/>(-26 for losing)\n|raw|bassdrops666's rating: 1450 &rarr; <strong>1476<\/strong><br \/>(+26 for winning)\n|l|\u2606AWOLxSick\n","uploadtime":1700459392,"views":9,"p1id":"awolxsick","p2id":"bassdrops666","formatid":"gen9vgc2023regulatione","rating":1476,"private":0,"password":""}