{"id":"gen9vgc2023regulatione-1994991751","p1":"1 Time cp","p2":"jokano2010","format":"[Gen 9] VGC 2023 Regulation E","log":"|j|\u26061 Time cp\n|j|\u2606jokano2010\n|t:|1700511245\n|gametype|doubles\n|player|p1|1 Time cp|lucas|1115\n|player|p2|jokano2010|170|1052\n|teamsize|p1|6\n|teamsize|p2|6\n|gen|9\n|tier|[Gen 9] VGC 2023 Regulation E\n|rated|\n|rule|Species Clause: Limit one of each Pok\u00e9mon\n|rule|Item Clause: Limit one of each item\n|clearpoke\n|poke|p1|Enamorus, L50, F|\n|poke|p1|Passimian, L50, F|\n|poke|p1|Dugtrio-Alola, L50, F|\n|poke|p1|Tornadus, L50, M|\n|poke|p1|Farigiraf, L50, F|\n|poke|p1|Rillaboom, L50, F|\n|poke|p2|Dondozo, L50, F|\n|poke|p2|Tatsugiri, L50, M|\n|poke|p2|Dragonite, L50, M|\n|poke|p2|Gholdengo, L50|\n|poke|p2|Murkrow, L50, M|\n|poke|p2|Pawmot, L50, F|\n|teampreview|4\n|inactive|Battle timer is ON: inactive players will automatically lose when time's up. (requested by 1 Time cp)\n|\n|t:|1700511315\n|start\n|switch|p1a: Enamorus|Enamorus, L50, F|100\/100\n|switch|p1b: Passimian|Passimian, L50, F|100\/100\n|switch|p2a: Murkrow|Murkrow, L50, M|100\/100\n|switch|p2b: Dondozo|Dondozo, L50, F|100\/100\n|turn|1\n|\n|t:|1700511339\n|move|p1b: Passimian|Protect|p1b: Passimian\n|-singleturn|p1b: Passimian|Protect\n|move|p2b: Dondozo|Protect|p2b: Dondozo\n|-singleturn|p2b: Dondozo|Protect\n|move|p2a: Murkrow|Tailwind|p2a: Murkrow\n|-sidestart|p2: jokano2010|move: Tailwind\n|move|p1a: Enamorus|Springtide Storm|p2b: Dondozo|[spread] p2a\n|-activate|p2b: Dondozo|move: Protect\n|-supereffective|p2a: Murkrow\n|-damage|p2a: Murkrow|17\/100\n|\n|upkeep\n|turn|2\n|inactive|1 Time cp has 30 seconds left.\n|inactive|jokano2010 has 30 seconds left.\n|inactive|jokano2010 has 20 seconds left.\n|inactive|jokano2010 has 15 seconds left.\n|inactive|jokano2010 has 10 seconds left.\n|\n|t:|1700511389\n|switch|p2a: Gholdengo|Gholdengo, L50|100\/100\n|switch|p1b: Farigiraf|Farigiraf, L50, F|100\/100\n|move|p1a: Enamorus|Springtide Storm|p2b: Dondozo|[spread] p2a,p2b\n|-resisted|p2a: Gholdengo\n|-damage|p2a: Gholdengo|72\/100\n|-damage|p2b: Dondozo|45\/100\n|-unboost|p2a: Gholdengo|atk|1\n|move|p2b: Dondozo|Substitute|p2b: Dondozo\n|-start|p2b: Dondozo|Substitute\n|-damage|p2b: Dondozo|20\/100\n|\n|-heal|p2b: Dondozo|27\/100|[from] item: Leftovers\n|upkeep\n|turn|3\n|inactive|1 Time cp has 30 seconds left.\n|inactive|jokano2010 has 30 seconds left.\n|inactive|1 Time cp has 20 seconds left.\n|inactive|jokano2010 has 20 seconds left.\n|inactive|1 Time cp has 15 seconds left.\n|inactive|jokano2010 has 15 seconds left.\n|inactive|jokano2010 has 10 seconds left.\n|\n|t:|1700511439\n|move|p1a: Enamorus|Protect|p1a: Enamorus\n|-singleturn|p1a: Enamorus|Protect\n|move|p2a: Gholdengo|Thunderbolt|p1a: Enamorus\n|-activate|p1a: Enamorus|move: Protect\n|move|p2b: Dondozo|Wave Crash|p1b: Farigiraf\n|-damage|p1b: Farigiraf|69\/100\n|-damage|p2b: Dondozo|10\/100|[from] item: Rocky Helmet|[of] p1b: Farigiraf\n|-damage|p2b: Dondozo|1\/100|[from] Recoil\n|move|p1b: Farigiraf|Trick Room|p1b: Farigiraf\n|-fieldstart|move: Trick Room|[of] p1b: Farigiraf\n|\n|-heal|p2b: Dondozo|7\/100|[from] item: Leftovers\n|upkeep\n|turn|4\n|inactive|1 Time cp has 30 seconds left.\n|inactive|jokano2010 has 30 seconds left.\n|\n|t:|1700511473\n|move|p1b: Farigiraf|Helping Hand|p1a: Enamorus\n|-singleturn|p1a: Enamorus|Helping Hand|[of] p1b: Farigiraf\n|move|p2b: Dondozo|Wave Crash|p1a: Enamorus\n|-damage|p1a: Enamorus|44\/100\n|-damage|p2b: Dondozo|0 fnt|[from] Recoil\n|faint|p2b: Dondozo\n|move|p1a: Enamorus|Earth Power|p2a: Gholdengo\n|-supereffective|p2a: Gholdengo\n|-damage|p2a: Gholdengo|0 fnt\n|faint|p2a: Gholdengo\n|\n|-sideend|p2: jokano2010|move: Tailwind\n|upkeep\n|\n|t:|1700511487\n|switch|p2b: Pawmot|Pawmot, L50, F|100\/100\n|switch|p2a: Murkrow|Murkrow, L50, M|17\/100\n|turn|5\n|\n|t:|1700511505\n|-terastallize|p1b: Farigiraf|Fairy\n|move|p2b: Pawmot|Fake Out||[still]\n|cant|p1b: Farigiraf|ability: Armor Tail|Fake Out|[of] p2b: Pawmot\n|move|p2a: Murkrow|Tailwind|p2a: Murkrow\n|-sidestart|p2: jokano2010|move: Tailwind\n|move|p1b: Farigiraf|Dazzling Gleam|p2a: Murkrow|[spread] p2a,p2b\n|-supereffective|p2a: Murkrow\n|-supereffective|p2b: Pawmot\n|-damage|p2a: Murkrow|0 fnt\n|-damage|p2b: Pawmot|18\/100\n|faint|p2a: Murkrow\n|move|p1a: Enamorus|Springtide Storm|p2b: Pawmot\n|-supereffective|p2b: Pawmot\n|-damage|p2b: Pawmot|0 fnt\n|faint|p2b: Pawmot\n|\n|win|1 Time cp\n|raw|1 Time cp's rating: 1115 &rarr; <strong>1136<\/strong><br \/>(+21 for winning)\n|raw|jokano2010's rating: 1052 &rarr; <strong>1037<\/strong><br \/>(-15 for losing)\n|l|\u2606jokano2010\n","uploadtime":1700511524,"views":12,"p1id":"1timecp","p2id":"jokano2010","formatid":"gen9vgc2023regulatione","rating":1037,"private":0,"password":""}