{"id":"gen9vgc2023regulatione-1988150119","p1":"foiledfeline","p2":"DonFuron","format":"[Gen 9] VGC 2023 Regulation E","log":"|j|\u2606foiledfeline\n|j|\u2606DonFuron\n|n|\u2606foiledfeline|foiledfeline\n|n|\u2606DonFuron|donfuron\n|html|View the match progress at <a href=\"\/game-bestof3-gen9vgc2023regulatione-1988148265\">game-bestof3-gen9vgc2023regulatione-1988148265<\/a>\n|t:|1699675967\n|gametype|doubles\n|player|p1|foiledfeline|steven|\n|player|p2|DonFuron|101|\n|teamsize|p1|6\n|teamsize|p2|6\n|gen|9\n|tier|[Gen 9] VGC 2023 Regulation E\n|rule|Species Clause: Limit one of each Pok\u00e9mon\n|rule|Item Clause: Limit one of each item\n|clearpoke\n|poke|p1|Indeedee-F, L50, F|\n|poke|p1|Armarouge, L50, M|\n|poke|p1|Annihilape, L50, F|\n|poke|p1|Sneasler, L50, M|\n|poke|p1|Flutter Mane, L50|\n|poke|p1|Chi-Yu, L50|\n|poke|p2|Enamorus-Therian, L50, F|\n|poke|p2|Snorlax, L50, F|\n|poke|p2|Armarouge, L50, F|\n|poke|p2|Indeedee-F, L50, F|\n|poke|p2|Oranguru, L50, F|\n|poke|p2|Flamigo, L50, F|\n|teampreview|4\nfoiledfeline has agreed to open team sheets.\nDonFuron has agreed to open team sheets.\n|showteam|p1|Indeedee-F||AbilityShield|PsychicSurge|FollowMe,HelpingHand,TrickRoom,DazzlingGleam|||F|||50|,,,,,Fairy]Armarouge||WeaknessPolicy|WeakArmor|ExpandingForce,StoredPower,HeatWave,Endure|||M|||50|,,,,,Psychic]Annihilape||ChoiceScarf|Defiant|IcePunch,Uturn,CloseCombat,Earthquake|||F|||50|,,,,,Fire]Sneasler||PsychicSeed|Unburden|Acrobatics,CloseCombat,DireClaw,Protect|||M|||50|,,,,,Flying]Flutter Mane||BoosterEnergy|Protosynthesis|Protect,IcyWind,Moonblast,ShadowBall||||||50|,,,,,Fairy]Chi-Yu||FocusSash|BeadsofRuin|HeatWave,DarkPulse,Snarl,Protect||||||50|,,,,,Ghost\n|showteam|p2|Enamorus-Therian||CovertCloak|Overcoat|DazzlingGleam,EarthPower,CalmMind,Moonblast|||F|||50|,,,,,Water]Snorlax||CustapBerry|Gluttony|Facade,Earthquake,BellyDrum,Protect|||F|||50|,,,,,Ground]Armarouge||TwistedSpoon|FlashFire|ExpandingForce,ArmorCannon,ClearSmog,WideGuard|||F|||50|,,,,,Psychic]Indeedee-F||SafetyGoggles|PsychicSurge|FollowMe,HelpingHand,TrickRoom,DazzlingGleam|||F|||50|,,,,,Flying]Oranguru||PsychicSeed|Telepathy|Instruct,TrickRoom,FoulPlay,PsychicTerrain|||F|||50|,,,,,Water]Flamigo||SitrusBerry|Costar|CloseCombat,BraveBird,Tailwind,QuickGuard|||F|||50|,,,,,Steel\n|\n|t:|1699675995\n|start\n|switch|p1a: Armarouge|Armarouge, L50, M|100\/100\n|switch|p1b: Annihilape|Annihilape, L50, F|100\/100\n|switch|p2a: Armarouge|Armarouge, L50, F|100\/100\n|switch|p2b: Oranguru|Oranguru, L50, F|100\/100\n|turn|1\n|\n|t:|1699676025\n|-terastallize|p1a: Armarouge|Psychic\n|move|p2a: Armarouge|Wide Guard|p2a: Armarouge\n|-singleturn|p2a: Armarouge|Wide Guard\n|move|p1b: Annihilape|U-turn|p1a: Armarouge\n|-supereffective|p1a: Armarouge\n|-damage|p1a: Armarouge|51\/100\n|-ability|p1a: Armarouge|Weak Armor|boost\n|-unboost|p1a: Armarouge|def|1\n|-boost|p1a: Armarouge|spe|2\n|-enditem|p1a: Armarouge|Weakness Policy\n|-boost|p1a: Armarouge|atk|2|[from] item: Weakness Policy\n|-boost|p1a: Armarouge|spa|2|[from] item: Weakness Policy\n|\n|t:|1699676035\n|switch|p1b: Indeedee|Indeedee-F, L50, F|100\/100|[from] U-turn\n|-fieldstart|move: Psychic Terrain|[from] ability: Psychic Surge|[of] p1b: Indeedee\n|-enditem|p2b: Oranguru|Psychic Seed\n|-boost|p2b: Oranguru|spd|1|[from] item: Psychic Seed\n|move|p1a: Armarouge|Stored Power|p2b: Oranguru\n|-resisted|p2b: Oranguru\n|-damage|p2b: Oranguru|29\/100\n|move|p2b: Oranguru|Trick Room|p2b: Oranguru\n|-fieldstart|move: Trick Room|[of] p2b: Oranguru\n|\n|upkeep\n|turn|2\n|\n|t:|1699676071\n|-terastallize|p2a: Armarouge|Psychic\n|move|p1b: Indeedee|Helping Hand|p1a: Armarouge\n|-singleturn|p1a: Armarouge|Helping Hand|[of] p1b: Indeedee\n|move|p2b: Oranguru|Foul Play|p1b: Indeedee\n|-supereffective|p1b: Indeedee\n|-damage|p1b: Indeedee|78\/100\n|move|p2a: Armarouge|Expanding Force|p1b: Indeedee|[spread] p1a,p1b\n|-resisted|p1a: Armarouge\n|-resisted|p1b: Indeedee\n|-damage|p1a: Armarouge|0 fnt\n|-damage|p1b: Indeedee|27\/100\n|faint|p1a: Armarouge\n|\n|upkeep\n|\n|t:|1699676082\n|switch|p1a: Chi-Yu|Chi-Yu, L50|100\/100\n|-ability|p1a: Chi-Yu|Beads of Ruin\n|turn|3\n|\n|t:|1699676100\n|switch|p2a: Enamorus|Enamorus-Therian, L50, F|100\/100\n|move|p1b: Indeedee|Follow Me|p1b: Indeedee\n|-singleturn|p1b: Indeedee|move: Follow Me\n|move|p1a: Chi-Yu|Dark Pulse|p2a: Enamorus\n|-resisted|p2a: Enamorus\n|-damage|p2a: Enamorus|74\/100\n|move|p2b: Oranguru|Trick Room|p2b: Oranguru\n|-fieldend|move: Trick Room\n|\n|upkeep\n|turn|4\n|\n|t:|1699676117\n|switch|p2b: Snorlax|Snorlax, L50, F|100\/100\n|move|p1b: Indeedee|Helping Hand|p1a: Chi-Yu\n|-singleturn|p1a: Chi-Yu|Helping Hand|[of] p1b: Indeedee\n|move|p1a: Chi-Yu|Heat Wave|p2b: Snorlax|[spread] p2a,p2b\n|-damage|p2a: Enamorus|2\/100\n|-damage|p2b: Snorlax|54\/100\n|move|p2a: Enamorus|Dazzling Gleam|p1a: Chi-Yu|[spread] p1a,p1b\n|-damage|p1a: Chi-Yu|65\/100\n|-damage|p1b: Indeedee|0 fnt\n|faint|p1b: Indeedee\n|\n|upkeep\n|\n|t:|1699676128\n|switch|p1b: Annihilape|Annihilape, L50, F|100\/100\n|turn|5\n|\n|t:|1699676149\n|switch|p2b: Armarouge|Armarouge, L50, F, tera:Psychic|100\/100\n|move|p1b: Annihilape|Close Combat|p2b: Armarouge\n|-resisted|p2b: Armarouge\n|-damage|p2b: Armarouge|72\/100\n|-unboost|p1b: Annihilape|def|1\n|-unboost|p1b: Annihilape|spd|1\n|move|p1a: Chi-Yu|Dark Pulse|p2a: Enamorus\n|-resisted|p2a: Enamorus\n|-damage|p2a: Enamorus|0 fnt\n|faint|p2a: Enamorus\n|\n|-fieldend|move: Psychic Terrain\n|upkeep\n|\n|t:|1699676166\n|switch|p2a: Oranguru|Oranguru, L50, F|29\/100\n|turn|6\n|\n|t:|1699676189\n|switch|p2b: Snorlax|Snorlax, L50, F|54\/100\n|move|p1b: Annihilape|Close Combat|p2a: Oranguru\n|-crit|p2a: Oranguru\n|-damage|p2a: Oranguru|0 fnt\n|-unboost|p1b: Annihilape|def|1\n|-unboost|p1b: Annihilape|spd|1\n|faint|p2a: Oranguru\n|move|p1a: Chi-Yu|Dark Pulse|p2b: Snorlax\n|-damage|p2b: Snorlax|20\/100\n|\n|upkeep\n|\n|t:|1699676198\n|switch|p2a: Armarouge|Armarouge, L50, F, tera:Psychic|72\/100\n|turn|7\n|-enditem|p2b: Snorlax|Custap Berry|[eat]\n|-activate|p2b: Snorlax|item: Custap Berry|[consumed]\n|\n|t:|1699676218\n|move|p2b: Snorlax|Protect|p2b: Snorlax\n|-singleturn|p2b: Snorlax|Protect\n|move|p1a: Chi-Yu|Protect|p1a: Chi-Yu\n|-singleturn|p1a: Chi-Yu|Protect\n|move|p1b: Annihilape|Close Combat|p2b: Snorlax\n|-activate|p2b: Snorlax|move: Protect\n|move|p2a: Armarouge|Expanding Force|p1b: Annihilape\n|-supereffective|p1b: Annihilape\n|-damage|p1b: Annihilape|0 fnt\n|faint|p1b: Annihilape\n|\n|upkeep\n|turn|8\n|\n|t:|1699676240\n|move|p2b: Snorlax|Protect|p2b: Snorlax\n|-singleturn|p2b: Snorlax|Protect\n|move|p1a: Chi-Yu|Dark Pulse|p2b: Snorlax\n|-activate|p2b: Snorlax|move: Protect\n|move|p2a: Armarouge|Armor Cannon|p1a: Chi-Yu\n|-resisted|p1a: Chi-Yu\n|-damage|p1a: Chi-Yu|24\/100\n|-unboost|p2a: Armarouge|def|1\n|-unboost|p2a: Armarouge|spd|1\n|\n|upkeep\n|turn|9\n|\n|t:|1699676253\n|move|p2a: Armarouge|Wide Guard|p2a: Armarouge\n|-singleturn|p2a: Armarouge|Wide Guard\n|move|p1a: Chi-Yu|Snarl|p2b: Snorlax|[spread] \n|-activate|p2a: Armarouge|move: Wide Guard\n|-activate|p2b: Snorlax|move: Wide Guard\n|move|p2b: Snorlax|Facade|p1a: Chi-Yu\n|-damage|p1a: Chi-Yu|0 fnt\n|faint|p1a: Chi-Yu\n|\n|win|DonFuron\n|c|\u2606foiledfeline|ggs\n|c|\u2606DonFuron|ggs\n|c|\u2606foiledfeline|good reads in that endgame\n|c|\u2606DonFuron|thank you\n|c|\u2606DonFuron|could ve gone either way\n|c|\u2606DonFuron|any thoughts on my team?\n|c|\u2606DonFuron|I dont know how I feel about no TR arma\n","uploadtime":1699676310,"views":32,"p1id":"foiledfeline","p2id":"donfuron","formatid":"gen9vgc2023regulatione","rating":0,"private":0,"password":""}