{"id":"gen9vgc2023regulatione-1988255144","p1":"Akaiar","p2":"Fuckkfc","format":"[Gen 9] VGC 2023 Regulation E","log":"|j|\u2606Akaiar\n|j|\u2606Fuckkfc\n|t:|1699695528\n|gametype|doubles\n|player|p1|Akaiar|dawn|1018\n|player|p2|Fuckkfc|101|1089\n|teamsize|p1|6\n|teamsize|p2|6\n|gen|9\n|tier|[Gen 9] VGC 2023 Regulation E\n|rated|\n|rule|Species Clause: Limit one of each Pok\u00e9mon\n|rule|Item Clause: Limit one of each item\n|clearpoke\n|poke|p1|Landorus, L50, M|\n|poke|p1|Ogerpon-Wellspring, L50, F|\n|poke|p1|Sableye, L50, F|\n|poke|p1|Iron Hands, L50|\n|poke|p1|Flutter Mane, L50|\n|poke|p1|Espathra, L50, F|\n|poke|p2|Cresselia, L50, F|\n|poke|p2|Iron Hands, L50|\n|poke|p2|Ursaluna-Bloodmoon, L50, M|\n|poke|p2|Torkoal, L50, M|\n|poke|p2|Flutter Mane, L50|\n|poke|p2|Oranguru, L50, M|\n|teampreview|4\n|\n|t:|1699695555\n|start\n|switch|p1a: Sableye|Sableye, L50, F|100\/100\n|switch|p1b: Espathra|Espathra, L50, F|100\/100\n|switch|p2a: Flutter Mane|Flutter Mane, L50|100\/100\n|switch|p2b: Torkoal|Torkoal, L50, M|100\/100\n|-weather|SunnyDay|[from] ability: Drought|[of] p2b: Torkoal\n|-activate|p2a: Flutter Mane|ability: Protosynthesis\n|-start|p2a: Flutter Mane|protosynthesisspa\n|turn|1\n|\n|t:|1699695568\n|move|p1b: Espathra|Protect|p1b: Espathra\n|-singleturn|p1b: Espathra|Protect\n|move|p1a: Sableye|Gravity|p1a: Sableye\n|-fieldstart|move: Gravity\n|move|p2a: Flutter Mane|Shadow Ball|p1b: Espathra\n|-activate|p1b: Espathra|move: Protect\n|move|p2b: Torkoal|Heat Wave|p1b: Espathra|[spread] p1a\n|-activate|p1b: Espathra|move: Protect\n|-damage|p1a: Sableye|25\/100\n|-enditem|p1a: Sableye|Eject Button\n|\n|t:|1699695580\n|switch|p1a: Landorus|Landorus, L50, M|100\/100\n|\n|-weather|SunnyDay|[upkeep]\n|-ability|p1b: Espathra|Speed Boost|boost\n|-boost|p1b: Espathra|spe|1\n|upkeep\n|turn|2\n|\n|t:|1699695591\n|move|p2b: Torkoal|Protect|p2b: Torkoal\n|-singleturn|p2b: Torkoal|Protect\n|move|p1b: Espathra|Hypnosis|p2a: Flutter Mane\n|-status|p2a: Flutter Mane|slp|[from] move: Hypnosis\n|cant|p2a: Flutter Mane|slp\n|move|p1a: Landorus|Sandsear Storm|p2b: Torkoal|[spread] p2a\n|-activate|p2b: Torkoal|move: Protect\n|-damage|p2a: Flutter Mane|63\/100 slp\n|-damage|p1a: Landorus|91\/100|[from] item: Life Orb\n|\n|-weather|SunnyDay|[upkeep]\n|-ability|p1b: Espathra|Speed Boost|boost\n|-boost|p1b: Espathra|spe|1\n|upkeep\n|turn|3\n|\n|t:|1699695615\n|switch|p2b: Cresselia|Cresselia, L50, F|100\/100\n|move|p1b: Espathra|Hypnosis|p2b: Cresselia\n|-status|p2b: Cresselia|slp|[from] move: Hypnosis\n|move|p1a: Landorus|Sandsear Storm|p2b: Cresselia|[spread] p2a,p2b\n|-damage|p2a: Flutter Mane|20\/100 slp\n|-damage|p2b: Cresselia|73\/100 slp\n|-enditem|p2a: Flutter Mane|Sitrus Berry|[eat]\n|-heal|p2a: Flutter Mane|45\/100 slp|[from] item: Sitrus Berry\n|-damage|p1a: Landorus|81\/100|[from] item: Life Orb\n|cant|p2a: Flutter Mane|slp\n|\n|-weather|SunnyDay|[upkeep]\n|-ability|p1b: Espathra|Speed Boost|boost\n|-boost|p1b: Espathra|spe|1\n|upkeep\n|turn|4\n|\n|t:|1699695638\n|move|p1b: Espathra|Lumina Crash|p2a: Flutter Mane\n|-damage|p2a: Flutter Mane|21\/100 slp\n|-unboost|p2a: Flutter Mane|spd|2\n|move|p1a: Landorus|Sandsear Storm|p2b: Cresselia|[spread] p2a,p2b\n|-damage|p2a: Flutter Mane|0 fnt\n|-damage|p2b: Cresselia|46\/100 slp\n|faint|p2a: Flutter Mane\n|-end|p2a: Flutter Mane|Protosynthesis|[silent]\n|-damage|p1a: Landorus|71\/100|[from] item: Life Orb\n|cant|p2b: Cresselia|slp\n|\n|-weather|SunnyDay|[upkeep]\n|-ability|p1b: Espathra|Speed Boost|boost\n|-boost|p1b: Espathra|spe|1\n|upkeep\n|\n|t:|1699695655\n|switch|p2a: Iron Hands|Iron Hands, L50|100\/100\n|turn|5\n|\n|t:|1699695674\n|move|p1b: Espathra|Helping Hand|p1a: Landorus\n|-singleturn|p1a: Landorus|Helping Hand|[of] p1b: Espathra\n|move|p2a: Iron Hands|Fake Out|p1b: Espathra\n|-damage|p1b: Espathra|84\/100\n|move|p1a: Landorus|Earth Power|p2b: Cresselia\n|-damage|p2b: Cresselia|0 fnt\n|faint|p2b: Cresselia\n|-damage|p1a: Landorus|62\/100|[from] item: Life Orb\n|\n|-weather|none\n|-fieldend|move: Gravity\n|-ability|p1b: Espathra|Speed Boost|boost\n|-boost|p1b: Espathra|spe|1\n|upkeep\n|-message|Fuckkfc forfeited.\n|\n|win|Akaiar\n|raw|Akaiar's rating: 1018 &rarr; <strong>1063<\/strong><br \/>(+45 for winning)\n|raw|Fuckkfc's rating: 1089 &rarr; <strong>1061<\/strong><br \/>(-28 for losing)\n|l|\u2606Fuckkfc\n","uploadtime":1699695691,"views":28,"p1id":"akaiar","p2id":"fuckkfc","formatid":"gen9vgc2023regulatione","rating":1061,"private":0,"password":""}