{"id":"gen9vgc2023regulatione-1992849247","p1":"RivalHarpy777","p2":"SpudyDucky13","format":"[Gen 9] VGC 2023 Regulation E","log":"|j|\u2606RivalHarpy777\n|j|\u2606SpudyDucky13\n|t:|1700240759\n|gametype|doubles\n|player|p1|RivalHarpy777|gambler|\n|player|p2|SpudyDucky13|265|\n|teamsize|p1|6\n|teamsize|p2|6\n|gen|9\n|tier|[Gen 9] VGC 2023 Regulation E\n|rule|Species Clause: Limit one of each Pok\u00e9mon\n|rule|Item Clause: Limit one of each item\n|clearpoke\n|poke|p1|Golem-Alola, L50, F|\n|poke|p1|Sinistcha, L50|\n|poke|p1|Dondozo, L50, F|\n|poke|p1|Iron Hands, L50|\n|poke|p1|Maushold-Four, L50|\n|poke|p1|Rabsca, L50, M|\n|poke|p2|Ursaluna-Bloodmoon, L50, M|\n|poke|p2|Indeedee-F, L50, F|\n|poke|p2|Urshifu-*, L50, F|\n|poke|p2|Landorus-Therian, L50, M|\n|poke|p2|Talonflame, L50, F|\n|poke|p2|Enamorus-Therian, L50, F|\n|teampreview|4\n|\n|t:|1700240789\n|start\n|switch|p1a: Alolemheimer|Golem-Alola, L50, F|100\/100\n|switch|p1b: Rabsca|Rabsca, L50, M|100\/100\n|switch|p2a: Freddy Fazbear|Ursaluna-Bloodmoon, L50, M|100\/100\n|switch|p2b: Indeed.com|Indeedee-F, L50, F|100\/100\n|-fieldstart|move: Psychic Terrain|[from] ability: Psychic Surge|[of] p2b: Indeed.com\n|-enditem|p2b: Indeed.com|Psychic Seed\n|-boost|p2b: Indeed.com|spd|1|[from] item: Psychic Seed\n|turn|1\n|\n|t:|1700240824\n|switch|p1a: RIP Dozo|Dondozo, L50, F|100\/100\n|move|p1b: Rabsca|Protect|p1b: Rabsca\n|-singleturn|p1b: Rabsca|Protect\n|move|p2a: Freddy Fazbear|Protect|p2a: Freddy Fazbear\n|-singleturn|p2a: Freddy Fazbear|Protect\n|move|p2b: Indeed.com|Trick Room|p2b: Indeed.com\n|-fieldstart|move: Trick Room|[of] p2b: Indeed.com\n|\n|upkeep\n|turn|2\n|\n|t:|1700240860\n|switch|p1b: Gunpowder|Sinistcha, L50|100\/100\n|-terastallize|p2a: Freddy Fazbear|Normal\n|move|p2b: Indeed.com|Helping Hand|p2a: Freddy Fazbear\n|-singleturn|p2a: Freddy Fazbear|Helping Hand|[of] p2b: Indeed.com\n|move|p1a: RIP Dozo|Soak|p2a: Freddy Fazbear\n|-fail|p2a: Freddy Fazbear\n|move|p2a: Freddy Fazbear|Hyper Voice|p1b: Gunpowder|[spread] p1a,p1b\n|-damage|p1a: RIP Dozo|46\/100\n|-damage|p1b: Gunpowder|26\/100\n|-enditem|p2a: Freddy Fazbear|Throat Spray\n|-boost|p2a: Freddy Fazbear|spa|1|[from] item: Throat Spray\n|\n|-heal|p1a: RIP Dozo|52\/100|[from] item: Leftovers\n|upkeep\n|turn|3\n|\n|t:|1700240908\n|move|p2b: Indeed.com|Follow Me|p2b: Indeed.com\n|-singleturn|p2b: Indeed.com|move: Follow Me\n|move|p1a: RIP Dozo|Yawn|p2b: Indeed.com\n|-start|p2b: Indeed.com|move: Yawn|[of] p1a: RIP Dozo\n|move|p2a: Freddy Fazbear|Hyper Voice|p1b: Gunpowder|[spread] p1a,p1b\n|-damage|p1a: RIP Dozo|0 fnt\n|-damage|p1b: Gunpowder|0 fnt\n|faint|p1a: RIP Dozo\n|faint|p1b: Gunpowder\n|\n|upkeep\n|\n|t:|1700240917\n|switch|p1a: Alolemheimer|Golem-Alola, L50, F|100\/100\n|switch|p1b: Rabsca|Rabsca, L50, M|100\/100\n|turn|4\n|\n|t:|1700240950\n|-terastallize|p1a: Alolemheimer|Electric\n|move|p2b: Indeed.com|Follow Me|p2b: Indeed.com\n|-singleturn|p2b: Indeed.com|move: Follow Me\n|move|p1a: Alolemheimer|Explosion|p2b: Indeed.com|[spread] p2a,p2b\n|-activate|p1b: Rabsca|ability: Telepathy\n|-damage|p2a: Freddy Fazbear|0 fnt\n|-damage|p2b: Indeed.com|0 fnt\n|faint|p1a: Alolemheimer\n|faint|p2a: Freddy Fazbear\n|faint|p2b: Indeed.com\n|move|p1b: Rabsca|Revival Blessing|p1b: Rabsca\n|-enditem|p1b: Rabsca|Leppa Berry|[eat]\n|-activate|p1b: Rabsca|item: Leppa Berry|Revival Blessing|[consumed]\n|\n|t:|1700240967\n|-heal|p1: Alolemheimer|50\/100|[from] move: Revival Blessing\n|\n|upkeep\n|switch|p1a: Alolemheimer|Golem-Alola, L50, F|50\/100\n|\n|t:|1700240975\n|switch|p2a: Bearuce Lee|Urshifu-Rapid-Strike, L50, F|100\/100\n|switch|p2b: Bad Romance|Enamorus-Therian, L50, F|100\/100\n|turn|5\n|\n|t:|1700240998\n|move|p1a: Alolemheimer|Explosion|p2a: Bearuce Lee|[spread] p2a,p2b\n|-activate|p1b: Rabsca|ability: Telepathy\n|-supereffective|p2a: Bearuce Lee\n|-supereffective|p2b: Bad Romance\n|-crit|p2b: Bad Romance\n|-damage|p2a: Bearuce Lee|0 fnt\n|-damage|p2b: Bad Romance|0 fnt\n|faint|p1a: Alolemheimer\n|faint|p2a: Bearuce Lee\n|faint|p2b: Bad Romance\n|\n|win|RivalHarpy777\n","uploadtime":1700241008,"views":32,"p1id":"rivalharpy777","p2id":"spudyducky13","formatid":"gen9vgc2023regulatione","rating":0,"private":0,"password":""}