{"id":"gen9vgc2023regulatione-1991608727","p1":"Ra1nFa11","p2":"Wendall555","format":"[Gen 9] VGC 2023 Regulation E","log":"|j|\u2606Ra1nFa11\n|j|\u2606Wendall555\n|n|\u2606Ra1nFa11|ra1nfa11\n|n|\u2606Wendall555|wendall555\n|html|View the match progress at <a href=\"\/game-bestof3-gen9vgc2023regulatione-1991608726\">game-bestof3-gen9vgc2023regulatione-1991608726<\/a>\n|t:|1700093756\n|gametype|doubles\n|player|p1|Ra1nFa11|1|\n|player|p2|Wendall555|170|\n|teamsize|p1|6\n|teamsize|p2|6\n|gen|9\n|tier|[Gen 9] VGC 2023 Regulation E\n|rule|Species Clause: Limit one of each Pok\u00e9mon\n|rule|Item Clause: Limit one of each item\n|clearpoke\n|poke|p1|Farigiraf, L50, M|\n|poke|p1|Ursaluna-Bloodmoon, L50, M|\n|poke|p1|Decidueye-Hisui, L50, F|\n|poke|p1|Hariyama, L50, F|\n|poke|p1|Cresselia, L50, F|\n|poke|p1|Slowbro-Galar, L50, F|\n|poke|p2|Maushold-Four, L50|\n|poke|p2|Oranguru, L50, M|\n|poke|p2|Camerupt, L50, M|\n|poke|p2|Basculegion, L50, M|\n|poke|p2|Froslass, L50, F|\n|poke|p2|Tauros-Paldea-Blaze, L50, M|\n|teampreview|4\nWendall555 rejected open team sheets.\n|c|\u2606Ra1nFa11|https:\/\/pokepast.es\/f5c569cb56c26bdd\n|c|\u2606Wendall555|https:\/\/pokepast.es\/604b2574cb57f9f7\n|c|\u2606Ra1nFa11|teras\n|j| Raikia\n|j| TreeDolphin\n|c|\u2606Wendall555|glhf\n|j| MrDrProfEssional\n|c|\u2606Ra1nFa11|glhf\n|c| MrDrProfEssional|Bad luck, suffer\n|l| TreeDolphin\n|c| Raikia|D:\n|\n|t:|1700093833\n|start\n|switch|p1a: Cresselia|Cresselia, L50, F, shiny|100\/100\n|switch|p1b: Slowbro|Slowbro-Galar, L50, F, shiny|100\/100\n|switch|p2a: Maushold|Maushold-Four, L50|100\/100\n|switch|p2b: Oranguru|Oranguru, L50, M|100\/100\n|turn|1\n|j| TreeDolphin\n|j| HappyW\n|\n|t:|1700093852\n|move|p2a: Maushold|After You|p2b: Oranguru\n|-activate|p2b: Oranguru|move: After You\n|move|p2b: Oranguru|Imprison|p2b: Oranguru\n|-start|p2b: Oranguru|move: Imprison\n|move|p1a: Cresselia|Ice Beam|p2b: Oranguru\n|-damage|p2b: Oranguru|91\/100\n|move|p1b: Slowbro|Nasty Plot|p1b: Slowbro\n|-boost|p1b: Slowbro|spa|2\n|\n|upkeep\n|turn|2\n|j| KeanuVGC\n|j| GreeeenGator\n|j| LookItUpVGC\n|c| HappyW|:0\n|c| TreeDolphin|That is wild\n|l| KeanuVGC\n|-activate|p1b: Slowbro|ability: Quick Draw\n|\n|t:|1700093884\n|move|p1b: Slowbro|Ice Beam|p2b: Oranguru\n|-damage|p2b: Oranguru|58\/100\n|move|p2a: Maushold|Population Bomb|p1b: Slowbro\n|-damage|p1b: Slowbro|92\/100\n|-damage|p1b: Slowbro|84\/100\n|-damage|p1b: Slowbro|77\/100\n|-damage|p1b: Slowbro|69\/100\n|-damage|p1b: Slowbro|62\/100\n|-damage|p1b: Slowbro|54\/100\n|-damage|p1b: Slowbro|46\/100\n|-damage|p1b: Slowbro|39\/100\n|-damage|p1b: Slowbro|31\/100\n|-damage|p1b: Slowbro|24\/100\n|-hitcount|p1b: Slowbro|10\n|move|p1a: Cresselia|Lunar Blessing|p1a: Cresselia|[spread] p1a,p1b\n|-heal|p1b: Slowbro|48\/100\n|move|p2b: Oranguru|Instruct|p2a: Maushold\n|-singleturn|p2a: Maushold|move: Instruct|[of] p2b: Oranguru\n|move|p2a: Maushold|Population Bomb|p1b: Slowbro\n|-damage|p1b: Slowbro|42\/100\n|-crit|p1b: Slowbro\n|-damage|p1b: Slowbro|31\/100\n|-damage|p1b: Slowbro|25\/100\n|-damage|p1b: Slowbro|17\/100\n|-damage|p1b: Slowbro|10\/100\n|-damage|p1b: Slowbro|2\/100\n|-damage|p1b: Slowbro|0 fnt\n|faint|p1b: Slowbro\n|-hitcount|p1: Slowbro|7\n|\n|upkeep\n|j| KeanuVGC\n|c| HappyW|after you maushold\u2026 never would have thought about that\n|c| TreeDolphin|This tech will be studied for generati\n|\n|t:|1700093897\n|switch|p1b: Ursaluna|Ursaluna-Bloodmoon, L50, M|100\/100\n|turn|3\n|c|\u2606Ra1nFa11|same tbh\n|c| TreeDolphin|Generations\n|\n|t:|1700093939\n|-terastallize|p1b: Ursaluna|Normal\n|move|p2a: Maushold|Population Bomb|p1b: Ursaluna\n|-damage|p1b: Ursaluna|96\/100\n|-damage|p1b: Ursaluna|90\/100\n|-damage|p1b: Ursaluna|85\/100\n|-damage|p1b: Ursaluna|80\/100\n|-damage|p1b: Ursaluna|75\/100\n|-damage|p1b: Ursaluna|70\/100\n|-damage|p1b: Ursaluna|64\/100\n|-damage|p1b: Ursaluna|59\/100\n|-crit|p1b: Ursaluna\n|-damage|p1b: Ursaluna|51\/100\n|-damage|p1b: Ursaluna|45\/100\n|-hitcount|p1b: Ursaluna|10\n|move|p1a: Cresselia|Lunar Blessing|p1a: Cresselia|[spread] p1a,p1b\n|-heal|p1b: Ursaluna|70\/100\n|move|p2b: Oranguru|Instruct|p2a: Maushold\n|-singleturn|p2a: Maushold|move: Instruct|[of] p2b: Oranguru\n|move|p2a: Maushold|Population Bomb|p1b: Ursaluna\n|-damage|p1b: Ursaluna|65\/100\n|-damage|p1b: Ursaluna|60\/100\n|-damage|p1b: Ursaluna|54\/100\n|-damage|p1b: Ursaluna|49\/100\n|-damage|p1b: Ursaluna|43\/100\n|-damage|p1b: Ursaluna|38\/100\n|-damage|p1b: Ursaluna|32\/100\n|-damage|p1b: Ursaluna|27\/100\n|-damage|p1b: Ursaluna|21\/100\n|-crit|p1b: Ursaluna\n|-damage|p1b: Ursaluna|14\/100\n|-hitcount|p1b: Ursaluna|10\n|move|p1b: Ursaluna|Blood Moon|p2b: Oranguru\n|-damage|p2b: Oranguru|0 fnt\n|faint|p2b: Oranguru\n|\n|upkeep\n|j| BarackHussainObama\n|c| HappyW|is this wide lens maushold?\n|c|\u2606Ra1nFa11|it is guaranteed\n|l| KeanuVGC\n|c| LookItUpVGC|we would have seen a miss if it wasnt lol\n|\n|t:|1700093981\n|switch|p2b: Camerupt|Camerupt, L50, M|100\/100\n|turn|4\n|c|\u2606Ra1nFa11|there is no way he would hit all that w\/o wide lens\n|\n|t:|1700093988\n|move|p1b: Ursaluna|Protect|p1b: Ursaluna\n|-singleturn|p1b: Ursaluna|Protect\n|move|p2b: Camerupt|Protect|p2b: Camerupt\n|-singleturn|p2b: Camerupt|Protect\n|move|p2a: Maushold|Population Bomb|p1b: Ursaluna\n|-activate|p1b: Ursaluna|move: Protect\n|move|p1a: Cresselia|Trick Room|p1a: Cresselia\n|-fieldstart|move: Trick Room|[of] p1a: Cresselia\n|\n|upkeep\n|turn|5\n|c| MrDrProfEssional|I'd imagine otherwise this would be inSANE luck\n|\n|t:|1700094005\n|move|p2b: Camerupt|Eruption|p1a: Cresselia|[spread] p1a,p1b\n|-damage|p1a: Cresselia|65\/100\n|-damage|p1b: Ursaluna|0 fnt\n|faint|p1b: Ursaluna\n|move|p1a: Cresselia|Lunar Blessing|p1a: Cresselia\n|-heal|p1a: Cresselia|90\/100\n|move|p2a: Maushold|Population Bomb|p1a: Cresselia\n|-damage|p1a: Cresselia|86\/100\n|-damage|p1a: Cresselia|82\/100\n|-damage|p1a: Cresselia|76\/100\n|-damage|p1a: Cresselia|72\/100\n|-damage|p1a: Cresselia|67\/100\n|-damage|p1a: Cresselia|63\/100\n|-damage|p1a: Cresselia|59\/100\n|-damage|p1a: Cresselia|54\/100\n|-damage|p1a: Cresselia|50\/100\n|-damage|p1a: Cresselia|45\/100\n|-hitcount|p1a: Cresselia|10\n|\n|upkeep\n|\n|t:|1700094011\n|switch|p1b: Decidueye|Decidueye-Hisui, L50, F, shiny|100\/100\n|turn|6\n|\n|t:|1700094019\n|move|p1b: Decidueye|Protect|p1b: Decidueye\n|-singleturn|p1b: Decidueye|Protect\n|move|p2a: Maushold|Follow Me|p2a: Maushold\n|-singleturn|p2a: Maushold|move: Follow Me\n|move|p2b: Camerupt|Eruption|p1a: Cresselia|[spread] p1a\n|-activate|p1b: Decidueye|move: Protect\n|-damage|p1a: Cresselia|13\/100\n|move|p1a: Cresselia|Ice Beam|p2a: Maushold\n|-damage|p2a: Maushold|77\/100\n|\n|upkeep\n|turn|7\n|c|\u2606Ra1nFa11|lowkey forgot how slow the camel is\n|c|\u2606Ra1nFa11|yeah imma forfeit this one\n|-message|Ra1nFa11 forfeited.\n|\n|win|Wendall555\n|c|&|\/uhtml prompt-ra1nfa11,Ra1nFa11 is ready for game 2!\n|l| HappyW\n|c|&|\/uhtml prompt-wendall555,Wendall555 is ready for game 2!\nBoth players are ready! Starting next match!\n|l| TreeDolphin\n|l| GreeeenGator\n|l| LookItUpVGC\n|j| KeanuVGC\n|l| MrDrProfEssional\n|l| KeanuVGC\n|l| BarackHussainObama\n|l|\u2606Wendall555\n|l| Raikia\n","uploadtime":1700094643,"views":16,"p1id":"ra1nfa11","p2id":"wendall555","formatid":"gen9vgc2023regulatione","rating":0,"private":0,"password":""}