{"id":"gen9vgc2023regulatione-1997889473","p1":"LittleGostos","p2":"Misterharout0811","format":"[Gen 9] VGC 2023 Regulation E","log":"|j|\u2606LittleGostos\n|j|\u2606Misterharout0811\n|t:|1700864073\n|gametype|doubles\n|player|p1|LittleGostos|veteran|1054\n|player|p2|Misterharout0811|169|1150\n|teamsize|p1|6\n|teamsize|p2|6\n|gen|9\n|tier|[Gen 9] VGC 2023 Regulation E\n|rated|\n|rule|Species Clause: Limit one of each Pok\u00e9mon\n|rule|Item Clause: Limit one of each item\n|clearpoke\n|poke|p1|Dragapult, L50, F|\n|poke|p1|Talonflame, L50, F|\n|poke|p1|Torkoal, L50, M|\n|poke|p1|Sandy Shocks, L50|\n|poke|p1|Eelektross, L50, M|\n|poke|p1|Heatran, L50, M|\n|poke|p2|Tornadus, L50, M|\n|poke|p2|Arcanine-Hisui, L50, F|\n|poke|p2|Iron Hands, L50|\n|poke|p2|Gholdengo, L50|\n|poke|p2|Urshifu-*, L50, M|\n|poke|p2|Ogerpon-Wellspring, L50, F|\n|teampreview|4\n|inactive|Battle timer is ON: inactive players will automatically lose when time's up. (requested by LittleGostos)\n|inactive|Misterharout0811 has 60 seconds left.\nLittleGostos rejected open team sheets.\n|\n|t:|1700864132\n|start\n|switch|p1a: Sandy Shocks|Sandy Shocks, L50|100\/100\n|switch|p1b: Eelektross|Eelektross, L50, M, shiny|100\/100\n|switch|p2a: Tornadus|Tornadus, L50, M|100\/100\n|switch|p2b: Urshifu|Urshifu-Rapid-Strike, L50, M|100\/100\n|turn|1\n|\n|t:|1700864149\n|-terastallize|p2a: Tornadus|Dragon\n|move|p2a: Tornadus|Tailwind|p2a: Tornadus\n|-sidestart|p2: Misterharout0811|move: Tailwind\n|move|p2b: Urshifu|U-turn|p1b: Eelektross\n|-damage|p1b: Eelektross|72\/100\n|\n|t:|1700864157\n|switch|p2b: Gholdengo|Gholdengo, L50|100\/100|[from] U-turn\n|move|p1a: Sandy Shocks|Reflect|p1a: Sandy Shocks\n|-sidestart|p1: LittleGostos|Reflect\n|move|p1b: Eelektross|Discharge|p2b: Gholdengo|[spread] p2a,p2b\n|-immune|p1a: Sandy Shocks\n|-resisted|p2a: Tornadus\n|-damage|p2a: Tornadus|89\/100\n|-damage|p2b: Gholdengo|77\/100\n|-status|p2b: Gholdengo|par\n|\n|-heal|p2b: Gholdengo|83\/100 par|[from] item: Leftovers\n|upkeep\n|turn|2\n|\n|t:|1700864176\n|move|p2a: Tornadus|Taunt|p1a: Sandy Shocks\n|-start|p1a: Sandy Shocks|move: Taunt\n|cant|p1a: Sandy Shocks|move: Taunt|Light Screen\n|move|p2b: Gholdengo|Make It Rain|p1a: Sandy Shocks|[spread] p1a,p1b\n|-resisted|p1a: Sandy Shocks\n|-resisted|p1b: Eelektross\n|-damage|p1a: Sandy Shocks|75\/100\n|-damage|p1b: Eelektross|57\/100\n|-unboost|p2b: Gholdengo|spa|1\n|move|p1b: Eelektross|Discharge|p2b: Gholdengo|[spread] p2a,p2b\n|-immune|p1a: Sandy Shocks\n|-resisted|p2a: Tornadus\n|-damage|p2a: Tornadus|80\/100\n|-damage|p2b: Gholdengo|60\/100 par\n|\n|-heal|p2b: Gholdengo|66\/100 par|[from] item: Leftovers\n|upkeep\n|turn|3\n|\n|t:|1700864200\n|switch|p2a: Ogerpon|Ogerpon-Wellspring, L50, F|100\/100\n|move|p1a: Sandy Shocks|Earth Power|p2b: Gholdengo\n|-supereffective|p2b: Gholdengo\n|-damage|p2b: Gholdengo|0 fnt\n|faint|p2b: Gholdengo\n|move|p1b: Eelektross|Discharge|p2a: Ogerpon|[spread] p2a\n|-immune|p1a: Sandy Shocks\n|-crit|p2a: Ogerpon\n|-damage|p2a: Ogerpon|68\/100\n|\n|upkeep\n|\n|t:|1700864212\n|switch|p2b: Urshifu|Urshifu-Rapid-Strike, L50, M|100\/100\n|turn|4\n|\n|t:|1700864233\n|move|p2b: Urshifu|Close Combat|p1a: Sandy Shocks\n|-damage|p1a: Sandy Shocks|31\/100\n|-unboost|p2b: Urshifu|def|1\n|-unboost|p2b: Urshifu|spd|1\n|move|p2a: Ogerpon|Power Whip|p1b: Eelektross\n|-damage|p1b: Eelektross|7\/100\n|move|p1a: Sandy Shocks|Volt Switch|p2b: Urshifu\n|-supereffective|p2b: Urshifu\n|-damage|p2b: Urshifu|0 fnt\n|faint|p2b: Urshifu\n|\n|t:|1700864246\n|-end|p1a: Sandy Shocks|Protosynthesis|[silent]\n|switch|p1a: Talonflame|Talonflame, L50, F|100\/100|[from] Volt Switch\n|move|p1b: Eelektross|Discharge|p2a: Ogerpon|[spread] p1a,p2a\n|-supereffective|p1a: Talonflame\n|-damage|p1a: Talonflame|34\/100\n|-damage|p2a: Ogerpon|47\/100\n|\n|-sideend|p2: Misterharout0811|move: Tailwind\n|upkeep\n|\n|t:|1700864252\n|switch|p2b: Tornadus|Tornadus, L50, M, tera:Dragon|80\/100\n|turn|5\n|\n|t:|1700864263\n|move|p1a: Talonflame|Tailwind|p1a: Talonflame\n|-sidestart|p1: LittleGostos|move: Tailwind\n|move|p1b: Eelektross|Discharge|p2b: Tornadus|[spread] p1a,p2a,p2b\n|-supereffective|p1a: Talonflame\n|-resisted|p2b: Tornadus\n|-damage|p1a: Talonflame|0 fnt\n|-damage|p2a: Ogerpon|25\/100\n|-damage|p2b: Tornadus|70\/100\n|faint|p1a: Talonflame\n|move|p2a: Ogerpon|Ivy Cudgel|p1b: Eelektross|[anim] Ivy Cudgel Water\n|-damage|p1b: Eelektross|0 fnt\n|faint|p1b: Eelektross\n|move|p2b: Tornadus|Bleakwind Storm|p1: Talonflame|[notarget]\n|-fail|p2b: Tornadus\n|\n|upkeep\n|\n|t:|1700864275\n|switch|p1a: Sandy Shocks|Sandy Shocks, L50|31\/100\n|switch|p1b: Dragapult|Dragapult, L50, F|100\/100\n|turn|6\n|\n|t:|1700864287\n|-terastallize|p1b: Dragapult|Dragon\n|move|p2b: Tornadus|Tailwind|p2b: Tornadus\n|-sidestart|p2: Misterharout0811|move: Tailwind\n|move|p1b: Dragapult|Dragon Darts|p2a: Ogerpon\n|-damage|p2a: Ogerpon|0 fnt\n|-anim|p1b: Dragapult|Dragon Darts|p2b: Tornadus\n|-supereffective|p2b: Tornadus\n|-damage|p2b: Tornadus|0 fnt\n|faint|p2a: Ogerpon\n|faint|p2b: Tornadus\n|\n|win|LittleGostos\n|raw|LittleGostos's rating: 1054 &rarr; <strong>1094<\/strong><br \/>(+40 for winning)\n|raw|Misterharout0811's rating: 1150 &rarr; <strong>1118<\/strong><br \/>(-32 for losing)\n|l|\u2606Misterharout0811\n","uploadtime":1700864306,"views":2,"p1id":"littlegostos","p2id":"misterharout0811","formatid":"gen9vgc2023regulatione","rating":1094,"private":0,"password":""}