{"id":"gen9vgc2023regulatione-1992406502","p1":"TrapTus","p2":"MoggyOh","format":"[Gen 9] VGC 2023 Regulation E","log":"|j|\u2606TrapTus\n|j|\u2606MoggyOh\n|t:|1700183889\n|gametype|doubles\n|player|p1|TrapTus|101|1402\n|player|p2|MoggyOh|lucas|1427\n|teamsize|p1|6\n|teamsize|p2|6\n|gen|9\n|tier|[Gen 9] VGC 2023 Regulation E\n|rated|\n|rule|Species Clause: Limit one of each Pok\u00e9mon\n|rule|Item Clause: Limit one of each item\n|clearpoke\n|poke|p1|Tornadus, L50, M|\n|poke|p1|Flutter Mane, L50|\n|poke|p1|Roaring Moon, L50|\n|poke|p1|Iron Hands, L50|\n|poke|p1|Landorus-Therian, L50, M|\n|poke|p1|Gholdengo, L50|\n|poke|p2|Rillaboom, L50, M|\n|poke|p2|Heatran, L50, M|\n|poke|p2|Chien-Pao, L50|\n|poke|p2|Landorus-Therian, L50, M|\n|poke|p2|Milotic, L50, F|\n|poke|p2|Farigiraf, L50, M|\n|teampreview|4\nMoggyOh has agreed to open team sheets.\n|\n|t:|1700183948\n|start\n|switch|p1a: Tornadus|Tornadus, L50, M|100\/100\n|switch|p1b: Flutter Mane|Flutter Mane, L50|100\/100\n|switch|p2a: Giroro|Heatran, L50, M, shiny|100\/100\n|switch|p2b: Milotic|Milotic, L50, F, shiny|100\/100\n|turn|1\n|\n|t:|1700183968\n|move|p1a: Tornadus|Tailwind|p1a: Tornadus\n|-sidestart|p1: TrapTus|move: Tailwind\n|move|p1b: Flutter Mane|Energy Ball|p2b: Milotic\n|-supereffective|p2b: Milotic\n|-damage|p2b: Milotic|40\/100\n|move|p2b: Milotic|Icy Wind|p1b: Flutter Mane|[spread] p1a,p1b\n|-supereffective|p1a: Tornadus\n|-damage|p1a: Tornadus|82\/100\n|-damage|p1b: Flutter Mane|91\/100\n|-unboost|p1b: Flutter Mane|spe|1\n|move|p2a: Giroro|Flash Cannon|p1b: Flutter Mane\n|-supereffective|p1b: Flutter Mane\n|-damage|p1b: Flutter Mane|0 fnt\n|faint|p1b: Flutter Mane\n|-end|p1b: Flutter Mane|Protosynthesis|[silent]\n|\n|-heal|p2b: Milotic|46\/100|[from] item: Leftovers\n|upkeep\n|\n|t:|1700183983\n|switch|p1b: Iron Hands|Iron Hands, L50|100\/100\n|turn|2\n|\n|t:|1700183994\n|switch|p2b: Farigiraf|Farigiraf, L50, M|100\/100\n|-terastallize|p2a: Giroro|Fairy\n|move|p1a: Tornadus|Bleakwind Storm|p2a: Giroro|[spread] p2a,p2b\n|-crit|p2b: Farigiraf\n|-damage|p2a: Giroro|82\/100\n|-damage|p2b: Farigiraf|61\/100\n|move|p1b: Iron Hands|Swords Dance|p1b: Iron Hands\n|-boost|p1b: Iron Hands|atk|2\n|move|p2a: Giroro|Tera Blast|p1b: Iron Hands|[anim] Tera Blast Fairy\n|-supereffective|p1b: Iron Hands\n|-damage|p1b: Iron Hands|27\/100\n|\n|upkeep\n|turn|3\n|\n|t:|1700184028\n|-terastallize|p1b: Iron Hands|Fire\n|move|p1a: Tornadus|Scary Face||[still]\n|cant|p2b: Farigiraf|ability: Armor Tail|Scary Face|[of] p1a: Tornadus\n|move|p1b: Iron Hands|Drain Punch|p2a: Giroro\n|-resisted|p2a: Giroro\n|-damage|p2a: Giroro|45\/100\n|-heal|p1b: Iron Hands|43\/100|[from] drain|[of] p2a: Giroro\n|move|p2a: Giroro|Tera Blast|p1b: Iron Hands|[anim] Tera Blast Fairy\n|-resisted|p1b: Iron Hands\n|-damage|p1b: Iron Hands|25\/100\n|move|p2b: Farigiraf|Dazzling Gleam|p1b: Iron Hands|[spread] p1a,p1b\n|-resisted|p1b: Iron Hands\n|-damage|p1a: Tornadus|62\/100\n|-damage|p1b: Iron Hands|18\/100\n|\n|upkeep\n|turn|4\n|\n|t:|1700184077\n|move|p1a: Tornadus|Bleakwind Storm|p2b: Farigiraf|[spread] p2a,p2b\n|-damage|p2a: Giroro|27\/100\n|-damage|p2b: Farigiraf|34\/100\n|move|p1b: Iron Hands|Heavy Slam|p2a: Giroro\n|-supereffective|p2a: Giroro\n|-damage|p2a: Giroro|0 fnt\n|faint|p2a: Giroro\n|move|p2b: Farigiraf|Trick Room|p2b: Farigiraf\n|-fieldstart|move: Trick Room|[of] p2b: Farigiraf\n|\n|-sideend|p1: TrapTus|move: Tailwind\n|upkeep\n|\n|t:|1700184093\n|switch|p2a: Milotic|Milotic, L50, F, shiny|46\/100\n|turn|5\n|\n|t:|1700184103\n|move|p2a: Milotic|Protect|p2a: Milotic\n|-singleturn|p2a: Milotic|Protect\n|move|p1a: Tornadus|Scary Face|p1b: Iron Hands\n|-unboost|p1b: Iron Hands|spe|2\n|move|p1b: Iron Hands|Drain Punch|p2a: Milotic\n|-activate|p2a: Milotic|move: Protect\n|move|p2b: Farigiraf|Psyshock|p1b: Iron Hands\n|-damage|p1b: Iron Hands|0 fnt\n|faint|p1b: Iron Hands\n|-end|p1b: Iron Hands|Quark Drive|[silent]\n|\n|-heal|p2a: Milotic|52\/100|[from] item: Leftovers\n|upkeep\n|\n|t:|1700184114\n|switch|p1b: Gholdengo|Gholdengo, L50|100\/100\n|turn|6\n|\n|t:|1700184125\n|move|p2b: Farigiraf|Helping Hand|p2a: Milotic\n|-singleturn|p2a: Milotic|Helping Hand|[of] p2b: Farigiraf\n|move|p2a: Milotic|Scald|p1b: Gholdengo\n|-damage|p1b: Gholdengo|61\/100\n|move|p1b: Gholdengo|Nasty Plot|p1b: Gholdengo\n|-boost|p1b: Gholdengo|spa|2\n|move|p1a: Tornadus|Bleakwind Storm|p2b: Farigiraf|[spread] p2a,p2b\n|-crit|p2b: Farigiraf\n|-damage|p2a: Milotic|31\/100\n|-damage|p2b: Farigiraf|0 fnt\n|faint|p2b: Farigiraf\n|\n|-heal|p2a: Milotic|37\/100|[from] item: Leftovers\n|-heal|p1b: Gholdengo|68\/100|[from] item: Leftovers\n|upkeep\n|\n|t:|1700184138\n|switch|p2b: Uma Delicia|Rillaboom, L50, M, shiny|100\/100\n|-fieldstart|move: Grassy Terrain|[from] ability: Grassy Surge|[of] p2b: Uma Delicia\n|turn|7\n|\n|t:|1700184150\n|move|p1a: Tornadus|Sunny Day|p1a: Tornadus\n|-weather|SunnyDay\n|move|p2a: Milotic|Scald|p1b: Gholdengo\n|-damage|p1b: Gholdengo|54\/100\n|move|p2b: Uma Delicia|Wood Hammer|p1b: Gholdengo\n|-resisted|p1b: Gholdengo\n|-damage|p1b: Gholdengo|5\/100\n|-damage|p2b: Uma Delicia|85\/100|[from] Recoil\n|move|p1b: Gholdengo|Make It Rain|p2a: Milotic|[spread] p2a,p2b\n|-resisted|p2a: Milotic\n|-crit|p2a: Milotic\n|-damage|p2a: Milotic|0 fnt\n|-damage|p2b: Uma Delicia|0 fnt\n|-unboost|p1b: Gholdengo|spa|1\n|faint|p2a: Milotic\n|faint|p2b: Uma Delicia\n|\n|win|TrapTus\n|raw|TrapTus's rating: 1402 &rarr; <strong>1423<\/strong><br \/>(+21 for winning)\n|raw|MoggyOh's rating: 1427 &rarr; <strong>1406<\/strong><br \/>(-21 for losing)\n|l|\u2606TrapTus\n","uploadtime":1700184171,"views":25,"p1id":"traptus","p2id":"moggyoh","formatid":"gen9vgc2023regulatione","rating":1406,"private":0,"password":""}