{"id":"gen9vgc2023regulatione-1988474600","p1":"TurtleDerp47","p2":"Kzjrhzk","format":"[Gen 9] VGC 2023 Regulation E","log":"|j|\u2606TurtleDerp47\n|j|\u2606Kzjrhzk\n|t:|1699726841\n|gametype|doubles\n|player|p1|TurtleDerp47|1|1058\n|player|p2|Kzjrhzk|lance|1143\n|teamsize|p1|6\n|teamsize|p2|6\n|gen|9\n|tier|[Gen 9] VGC 2023 Regulation E\n|rated|\n|rule|Species Clause: Limit one of each Pok\u00e9mon\n|rule|Item Clause: Limit one of each item\n|clearpoke\n|poke|p1|Ninetales-Alola, L50, F|\n|poke|p1|Rillaboom, L50, M|\n|poke|p1|Sneasler, L50, M|\n|poke|p1|Milotic, L50, F|\n|poke|p1|Baxcalibur, L50, M|\n|poke|p1|Umbreon, L50, M|\n|poke|p2|Flutter Mane, L50|\n|poke|p2|Tornadus, L50, M|\n|poke|p2|Rillaboom, L50, F|\n|poke|p2|Garganacl, L50, M|\n|poke|p2|Arcanine-Hisui, L50, F|\n|poke|p2|Chien-Pao, L50|\n|teampreview|4\n|\n|t:|1699726872\n|start\n|switch|p1a: Kaguya|Ninetales-Alola, L50, F, shiny|100\/100\n|switch|p1b: Kaido|Baxcalibur, L50, M, shiny|100\/100\n|switch|p2a: Tornadus|Tornadus, L50, M|100\/100\n|switch|p2b: Garganacl|Garganacl, L50, M|100\/100\n|-weather|Snow|[from] ability: Snow Warning|[of] p1a: Kaguya\n|turn|1\n|\n|t:|1699726885\n|switch|p2a: Arcanine|Arcanine-Hisui, L50, F|100\/100\n|-ability|p2a: Arcanine|Intimidate|boost\n|-unboost|p1a: Kaguya|atk|1\n|-unboost|p1b: Kaido|atk|1\n|-terastallize|p2b: Garganacl|Ghost\n|move|p1a: Kaguya|Aurora Veil|p1a: Kaguya\n|-sidestart|p1: TurtleDerp47|move: Aurora Veil\n|move|p1b: Kaido|Icicle Spear|p2b: Garganacl\n|-damage|p2b: Garganacl|94\/100\n|-damage|p2b: Garganacl|86\/100\n|-damage|p2b: Garganacl|79\/100\n|-damage|p2b: Garganacl|72\/100\n|-damage|p2b: Garganacl|65\/100\n|-hitcount|p2b: Garganacl|5\n|move|p2b: Garganacl|Iron Defense|p2b: Garganacl\n|-boost|p2b: Garganacl|def|2\n|\n|-weather|Snow|[upkeep]\n|upkeep\n|turn|2\n|\n|t:|1699726916\n|switch|p1a: ~Rayquaza~|Milotic, L50, F, shiny|100\/100\n|move|p2a: Arcanine|Rock Slide|p1b: Kaido|[spread] p1a,p1b\n|-supereffective|p1b: Kaido\n|-damage|p1a: ~Rayquaza~|72\/100\n|-damage|p1b: Kaido|64\/100\n|cant|p1b: Kaido|flinch\n|move|p2b: Garganacl|Salt Cure|p1b: Kaido\n|-supereffective|p1b: Kaido\n|-damage|p1b: Kaido|53\/100\n|-start|p1b: Kaido|Salt Cure\n|\n|-weather|Snow|[upkeep]\n|-damage|p1b: Kaido|41\/100|[from] Salt Cure\n|-status|p1a: ~Rayquaza~|brn|[from] item: Flame Orb\n|upkeep\n|turn|3\n|\n|t:|1699726946\n|switch|p2a: Tornadus|Tornadus, L50, M|100\/100\n|move|p1b: Kaido|Earthquake|p2b: Garganacl|[spread] p1a,p2b\n|-immune|p2a: Tornadus\n|-damage|p1a: ~Rayquaza~|64\/100 brn\n|-damage|p2b: Garganacl|58\/100\n|move|p1a: ~Rayquaza~|Haze|p1a: ~Rayquaza~\n|-clearallboost\n|move|p2b: Garganacl|Salt Cure|p1a: ~Rayquaza~\n|-damage|p1a: ~Rayquaza~|58\/100 brn\n|-start|p1a: ~Rayquaza~|Salt Cure\n|\n|-weather|Snow|[upkeep]\n|-damage|p1a: ~Rayquaza~|52\/100 brn|[from] brn\n|-damage|p1b: Kaido|29\/100|[from] Salt Cure\n|-damage|p1a: ~Rayquaza~|28\/100 brn|[from] Salt Cure\n|upkeep\n|turn|4\n|\n|t:|1699726966\n|move|p2a: Tornadus|Sunny Day|p2a: Tornadus\n|-weather|SunnyDay\n|move|p1b: Kaido|Icicle Spear|p2b: Garganacl\n|-damage|p2b: Garganacl|48\/100\n|-enditem|p2b: Garganacl|Sitrus Berry|[eat]\n|-heal|p2b: Garganacl|73\/100|[from] item: Sitrus Berry\n|-damage|p2b: Garganacl|63\/100\n|-damage|p2b: Garganacl|53\/100\n|-damage|p2b: Garganacl|42\/100\n|-hitcount|p2b: Garganacl|4\n|move|p1a: ~Rayquaza~|Blizzard|p2b: Garganacl|[spread] p2b\n|-miss|p1a: ~Rayquaza~|p2a: Tornadus\n|-damage|p2b: Garganacl|27\/100\n|move|p2b: Garganacl|Recover|p2b: Garganacl\n|-heal|p2b: Garganacl|77\/100\n|\n|-weather|SunnyDay|[upkeep]\n|-damage|p1a: ~Rayquaza~|22\/100 brn|[from] brn\n|-damage|p1b: Kaido|17\/100|[from] Salt Cure\n|-damage|p1a: ~Rayquaza~|0 fnt|[from] Salt Cure\n|faint|p1a: ~Rayquaza~\n|upkeep\n|\n|t:|1699726992\n|switch|p1a: Kaguya|Ninetales-Alola, L50, F, shiny|100\/100\n|-weather|Snow|[from] ability: Snow Warning|[of] p1a: Kaguya\n|turn|5\n|\n|t:|1699727004\n|move|p2a: Tornadus|Tailwind|p2a: Tornadus\n|-sidestart|p2: Kzjrhzk|move: Tailwind\n|move|p1a: Kaguya|Moonblast|p2b: Garganacl\n|-damage|p2b: Garganacl|52\/100\n|-unboost|p2b: Garganacl|spa|1\n|move|p1b: Kaido|Icicle Spear|p2a: Tornadus\n|-supereffective|p2a: Tornadus\n|-damage|p2a: Tornadus|62\/100\n|-supereffective|p2a: Tornadus\n|-damage|p2a: Tornadus|22\/100\n|-supereffective|p2a: Tornadus\n|-damage|p2a: Tornadus|0 fnt\n|faint|p2a: Tornadus\n|-hitcount|p2: Tornadus|3\n|move|p2b: Garganacl|Iron Defense|p2b: Garganacl\n|-boost|p2b: Garganacl|def|2\n|\n|-weather|Snow|[upkeep]\n|-damage|p1b: Kaido|5\/100|[from] Salt Cure\n|upkeep\n|\n|t:|1699727010\n|switch|p2a: Arcanine|Arcanine-Hisui, L50, F|100\/100\n|-ability|p2a: Arcanine|Intimidate|boost\n|-unboost|p1a: Kaguya|atk|1\n|-unboost|p1b: Kaido|atk|1\n|turn|6\n|\n|t:|1699727039\n|move|p2a: Arcanine|Rock Slide|p1b: Kaido|[spread] p1b\n|-miss|p2a: Arcanine|p1a: Kaguya\n|-supereffective|p1b: Kaido\n|-damage|p1b: Kaido|0 fnt\n|faint|p1b: Kaido\n|move|p1a: Kaguya|Blizzard|p2b: Garganacl|[spread] p2a,p2b\n|-resisted|p2a: Arcanine\n|-crit|p2a: Arcanine\n|-damage|p2a: Arcanine|69\/100\n|-damage|p2b: Garganacl|29\/100\n|move|p2b: Garganacl|Recover|p2b: Garganacl\n|-heal|p2b: Garganacl|79\/100\n|\n|-weather|Snow|[upkeep]\n|upkeep\n|\n|t:|1699727051\n|switch|p1b: Garou|Sneasler, L50, M, shiny|100\/100\n|turn|7\n|\n|t:|1699727061\n|move|p1b: Garou|Fake Out|p2b: Garganacl\n|-immune|p2b: Garganacl\n|move|p2a: Arcanine|Rock Slide|p1b: Garou|[spread] p1a\n|-miss|p2a: Arcanine|p1b: Garou\n|-supereffective|p1a: Kaguya\n|-damage|p1a: Kaguya|44\/100\n|move|p1a: Kaguya|Blizzard|p2b: Garganacl|[spread] p2a,p2b\n|-resisted|p2a: Arcanine\n|-damage|p2a: Arcanine|49\/100\n|-damage|p2b: Garganacl|54\/100\n|move|p2b: Garganacl|Salt Cure|p1b: Garou\n|-resisted|p1b: Garou\n|-damage|p1b: Garou|92\/100\n|-start|p1b: Garou|Salt Cure\n|\n|-weather|Snow|[upkeep]\n|-damage|p1b: Garou|80\/100|[from] Salt Cure\n|upkeep\n|turn|8\n|\n|t:|1699727085\n|move|p2a: Arcanine|Rock Slide|p1b: Garou|[spread] p1a,p1b\n|-supereffective|p1a: Kaguya\n|-resisted|p1b: Garou\n|-damage|p1a: Kaguya|0 fnt\n|-damage|p1b: Garou|57\/100\n|faint|p1a: Kaguya\n|move|p1b: Garou|Dire Claw|p2b: Garganacl\n|-resisted|p2b: Garganacl\n|-damage|p2b: Garganacl|45\/100\n|move|p2b: Garganacl|Recover|p2b: Garganacl\n|-heal|p2b: Garganacl|96\/100\n|\n|-weather|Snow|[upkeep]\n|-damage|p1b: Garou|45\/100|[from] Salt Cure\n|-sideend|p2: Kzjrhzk|move: Tailwind\n|-sideend|p1: TurtleDerp47|move: Aurora Veil\n|upkeep\n|turn|9\n|\n|t:|1699727103\n|move|p1b: Garou|Close Combat|p2a: Arcanine\n|-supereffective|p2a: Arcanine\n|-damage|p2a: Arcanine|0 fnt\n|-unboost|p1b: Garou|def|1\n|-unboost|p1b: Garou|spd|1\n|faint|p2a: Arcanine\n|move|p2b: Garganacl|Iron Defense|p2b: Garganacl\n|-boost|p2b: Garganacl|def|2\n|\n|-weather|none\n|-damage|p1b: Garou|33\/100|[from] Salt Cure\n|upkeep\n|\n|t:|1699727112\n|switch|p2a: Flutter Mane|Flutter Mane, L50|100\/100\n|-enditem|p2a: Flutter Mane|Booster Energy\n|-activate|p2a: Flutter Mane|ability: Protosynthesis|[fromitem]\n|-start|p2a: Flutter Mane|protosynthesisspe\n|turn|10\n|\n|t:|1699727118\n|move|p2a: Flutter Mane|Substitute|p2a: Flutter Mane\n|-start|p2a: Flutter Mane|Substitute\n|-damage|p2a: Flutter Mane|76\/100\n|move|p1b: Garou|Dire Claw|p2a: Flutter Mane\n|-end|p2a: Flutter Mane|Substitute\n|move|p2b: Garganacl|Iron Defense|p2b: Garganacl\n|-boost|p2b: Garganacl|def|2\n|\n|-damage|p1b: Garou|20\/100|[from] Salt Cure\n|upkeep\n|turn|11\n|\n|t:|1699727131\n|move|p2a: Flutter Mane|Protect|p2a: Flutter Mane\n|-singleturn|p2a: Flutter Mane|Protect\n|move|p2b: Garganacl|Protect|p2b: Garganacl\n|-singleturn|p2b: Garganacl|Protect\n|move|p1b: Garou|Dire Claw|p2a: Flutter Mane\n|-activate|p2a: Flutter Mane|move: Protect\n|\n|-damage|p1b: Garou|8\/100|[from] Salt Cure\n|upkeep\n|turn|12\n|\n|t:|1699727141\n|move|p2a: Flutter Mane|Moonblast|p1b: Garou\n|-damage|p1b: Garou|0 fnt\n|faint|p1b: Garou\n|\n|win|Kzjrhzk\n|raw|TurtleDerp47's rating: 1058 &rarr; <strong>1044<\/strong><br \/>(-14 for losing)\n|raw|Kzjrhzk's rating: 1143 &rarr; <strong>1162<\/strong><br \/>(+19 for winning)\n","uploadtime":1699727146,"views":12,"p1id":"turtlederp47","p2id":"kzjrhzk","formatid":"gen9vgc2023regulatione","rating":1044,"private":0,"password":""}