{"id":"gen9vgc2023regulatione-1999622754","p1":"LowEloGrind","p2":"Gungelix","format":"[Gen 9] VGC 2023 Regulation E","log":"|j|\u2606LowEloGrind\n|j|\u2606Gungelix\n|t:|1701102096\n|gametype|doubles\n|player|p1|LowEloGrind|1|1271\n|player|p2|Gungelix|veteran|1269\n|teamsize|p1|6\n|teamsize|p2|6\n|gen|9\n|tier|[Gen 9] VGC 2023 Regulation E\n|rated|\n|rule|Species Clause: Limit one of each Pok\u00e9mon\n|rule|Item Clause: Limit one of each item\n|clearpoke\n|poke|p1|Iron Hands, L50|\n|poke|p1|Sinistcha, L50|\n|poke|p1|Arcanine-Hisui, L50, F|\n|poke|p1|Moltres-Galar, L50|\n|poke|p1|Iron Bundle, L50|\n|poke|p1|Ninetales-Alola, L50, F|\n|poke|p2|Tornadus, L50, M|\n|poke|p2|Arcanine-Hisui, L50, F|\n|poke|p2|Urshifu-*, L50, M|\n|poke|p2|Flutter Mane, L50|\n|poke|p2|Chien-Pao, L50|\n|poke|p2|Iron Hands, L50|\n|teampreview|4\nGungelix has agreed to open team sheets.\nLowEloGrind has agreed to open team sheets.\n|\n|t:|1701102125\n|start\n|switch|p1a: Under the Tree|Iron Bundle, L50|100\/100\n|switch|p1b: Snowing!!!!!|Ninetales-Alola, L50, F|100\/100\n|switch|p2a: Arcanine|Arcanine-Hisui, L50, F|100\/100\n|switch|p2b: Tornadus|Tornadus, L50, M|100\/100\n|-weather|Snow|[from] ability: Snow Warning|[of] p1b: Snowing!!!!!\n|-ability|p2a: Arcanine|Intimidate|boost\n|-unboost|p1a: Under the Tree|atk|1\n|-unboost|p1b: Snowing!!!!!|atk|1\n|-enditem|p1a: Under the Tree|Booster Energy\n|-activate|p1a: Under the Tree|ability: Quark Drive|[fromitem]\n|-start|p1a: Under the Tree|quarkdrivespe\n|turn|1\n|inactive|Battle timer is ON: inactive players will automatically lose when time's up. (requested by LowEloGrind)\n|\n|t:|1701102139\n|move|p2b: Tornadus|Rain Dance|p2b: Tornadus\n|-weather|RainDance\n|move|p1a: Under the Tree|Hydro Pump|p2a: Arcanine\n|-supereffective|p2a: Arcanine\n|-damage|p2a: Arcanine|0 fnt\n|faint|p2a: Arcanine\n|move|p1b: Snowing!!!!!|Aurora Veil||[still]\n|-fail|p1b: Snowing!!!!!\n|\n|-weather|RainDance|[upkeep]\n|upkeep\n|\n|t:|1701102148\n|switch|p2a: Flutter Mane|Flutter Mane, L50, shiny|100\/100\n|-enditem|p2a: Flutter Mane|Booster Energy\n|-activate|p2a: Flutter Mane|ability: Protosynthesis|[fromitem]\n|-start|p2a: Flutter Mane|protosynthesisspa\n|turn|2\n|\n|t:|1701102161\n|move|p2b: Tornadus|Tailwind|p2b: Tornadus\n|-sidestart|p2: Gungelix|move: Tailwind\n|move|p2a: Flutter Mane|Dazzling Gleam|p1a: Under the Tree|[spread] p1a,p1b\n|-damage|p1a: Under the Tree|46\/100\n|-damage|p1b: Snowing!!!!!|65\/100\n|move|p1a: Under the Tree|Hydro Pump|p2a: Flutter Mane\n|-damage|p2a: Flutter Mane|24\/100\n|move|p1b: Snowing!!!!!|Blizzard|p2b: Tornadus|[spread] p2a,p2b\n|-supereffective|p2b: Tornadus\n|-damage|p2a: Flutter Mane|0 fnt\n|-damage|p2b: Tornadus|48\/100\n|faint|p2a: Flutter Mane\n|-end|p2a: Flutter Mane|Protosynthesis|[silent]\n|\n|-weather|RainDance|[upkeep]\n|upkeep\n|\n|t:|1701102171\n|switch|p2a: mr. thicc|Iron Hands, L50, shiny|100\/100\n|turn|3\n|\n|t:|1701102188\n|switch|p1b: Mint Hot Chocolate|Sinistcha, L50|100\/100\n|-heal|p1a: Under the Tree|71\/100|[from] ability: Hospitality|[of] p1b: Mint Hot Chocolate\n|-terastallize|p2b: Tornadus|Ghost\n|-terastallize|p1a: Under the Tree|Ghost\n|move|p2b: Tornadus|Bleakwind Storm|p1b: Mint Hot Chocolate|[spread] p1a,p1b\n|-supereffective|p1b: Mint Hot Chocolate\n|-damage|p1a: Under the Tree|11\/100\n|-damage|p1b: Mint Hot Chocolate|32\/100\n|-unboost|p1a: Under the Tree|spe|1\n|-unboost|p1b: Mint Hot Chocolate|spe|1\n|move|p1a: Under the Tree|Freeze-Dry|p2b: Tornadus\n|-damage|p2b: Tornadus|9\/100\n|move|p2a: mr. thicc|Heavy Slam|p1a: Under the Tree\n|-damage|p1a: Under the Tree|0 fnt\n|faint|p1a: Under the Tree\n|-end|p1a: Under the Tree|Quark Drive|[silent]\n|\n|-weather|RainDance|[upkeep]\n|upkeep\n|\n|t:|1701102205\n|switch|p1a: Snowing!!!!!|Ninetales-Alola, L50, F|65\/100\n|-weather|Snow|[from] ability: Snow Warning|[of] p1a: Snowing!!!!!\n|turn|4\n|inactive|Gungelix has 30 seconds left.\n|\n|t:|1701102237\n|move|p1a: Snowing!!!!!|Protect|p1a: Snowing!!!!!\n|-singleturn|p1a: Snowing!!!!!|Protect\n|move|p2b: Tornadus|Rain Dance|p2b: Tornadus\n|-weather|RainDance\n|move|p2a: mr. thicc|Heavy Slam|p1b: Mint Hot Chocolate\n|-damage|p1b: Mint Hot Chocolate|0 fnt\n|faint|p1b: Mint Hot Chocolate\n|\n|-weather|RainDance|[upkeep]\n|upkeep\n|\n|t:|1701102245\n|switch|p1b: Sanitized|Iron Hands, L50|100\/100\n|turn|5\n|\n|t:|1701102258\n|move|p2b: Tornadus|Bleakwind Storm|p1b: Sanitized|[spread] p1a,p1b\n|-damage|p1a: Snowing!!!!!|29\/100\n|-damage|p1b: Sanitized|70\/100\n|move|p1a: Snowing!!!!!|Blizzard|p2a: mr. thicc|[spread] p2b\n|-miss|p1a: Snowing!!!!!|p2a: mr. thicc\n|-damage|p2b: Tornadus|0 fnt\n|faint|p2b: Tornadus\n|move|p2a: mr. thicc|Heavy Slam|p1a: Snowing!!!!!\n|-supereffective|p1a: Snowing!!!!!\n|-damage|p1a: Snowing!!!!!|0 fnt\n|faint|p1a: Snowing!!!!!\n|move|p1b: Sanitized|Swords Dance|p1b: Sanitized\n|-boost|p1b: Sanitized|atk|2\n|\n|-weather|RainDance|[upkeep]\n|-sideend|p2: Gungelix|move: Tailwind\n|upkeep\n|turn|6\n|\n|t:|1701102272\n|move|p1b: Sanitized|Drain Punch|p2a: mr. thicc\n|-damage|p2a: mr. thicc|42\/100\n|-heal|p1b: Sanitized|99\/100|[from] drain|[of] p2a: mr. thicc\n|move|p2a: mr. thicc|Drain Punch|p1b: Sanitized\n|-damage|p1b: Sanitized|71\/100\n|-heal|p2a: mr. thicc|57\/100|[from] drain|[of] p1b: Sanitized\n|\n|-weather|RainDance|[upkeep]\n|upkeep\n|turn|7\n|c|\u2606Gungelix|gg\n|c|\u2606LowEloGrind|gg\n|\n|t:|1701102297\n|move|p1b: Sanitized|Drain Punch|p2a: mr. thicc\n|-damage|p2a: mr. thicc|6\/100\n|-heal|p1b: Sanitized|96\/100|[from] drain|[of] p2a: mr. thicc\n|move|p2a: mr. thicc|Drain Punch|p1b: Sanitized\n|-damage|p1b: Sanitized|65\/100\n|-heal|p2a: mr. thicc|21\/100|[from] drain|[of] p1b: Sanitized\n|\n|-weather|RainDance|[upkeep]\n|upkeep\n|turn|8\n|\n|t:|1701102310\n|move|p1b: Sanitized|Drain Punch|p2a: mr. thicc\n|-damage|p2a: mr. thicc|0 fnt\n|-heal|p1b: Sanitized|76\/100|[from] drain|[of] p2a: mr. thicc\n|faint|p2a: mr. thicc\n|-end|p2a: mr. thicc|Quark Drive|[silent]\n|\n|win|LowEloGrind\n|raw|LowEloGrind's rating: 1271 &rarr; <strong>1296<\/strong><br \/>(+25 for winning)\n|raw|Gungelix's rating: 1269 &rarr; <strong>1244<\/strong><br \/>(-25 for losing)\n|l|\u2606Gungelix\n","uploadtime":1701102318,"views":6,"p1id":"lowelogrind","p2id":"gungelix","formatid":"gen9vgc2023regulatione","rating":1244,"private":0,"password":""}