{"id":"gen9vgc2023regulatione-1990359145","p1":"XJQJ","p2":"Deadhead Omega 2","format":"[Gen 9] VGC 2023 Regulation E","log":"|j|\u2606XJQJ\n|j|\u2606Deadhead Omega 2\n|t:|1699961872\n|gametype|doubles\n|player|p1|XJQJ|dawn|1329\n|player|p2|Deadhead Omega 2|veteran-gen4|1415\n|teamsize|p1|6\n|teamsize|p2|6\n|gen|9\n|tier|[Gen 9] VGC 2023 Regulation E\n|rated|\n|rule|Species Clause: Limit one of each Pok\u00e9mon\n|rule|Item Clause: Limit one of each item\n|clearpoke\n|poke|p1|Indeedee-F, L50, F|\n|poke|p1|Gliscor, L50, M|\n|poke|p1|Gyarados, L50, M|\n|poke|p1|Sinistcha-Masterpiece, L50|\n|poke|p1|Chi-Yu, L50|\n|poke|p1|Flutter Mane, L50|\n|poke|p2|Arcanine-Hisui, L50, F|\n|poke|p2|Urshifu-*, L50, M|\n|poke|p2|Rillaboom, L50, F|\n|poke|p2|Chien-Pao, L50|\n|poke|p2|Tornadus, L50, M|\n|poke|p2|Flutter Mane, L50|\n|teampreview|4\n|\n|t:|1699961907\n|start\n|switch|p1a: Indeedee|Indeedee-F, L50, F, shiny|100\/100\n|switch|p1b: Gliscor|Gliscor, L50, M, shiny|100\/100\n|switch|p2a: Arcanine|Arcanine-Hisui, L50, F|100\/100\n|switch|p2b: Tornadus|Tornadus, L50, M|100\/100\n|-ability|p2a: Arcanine|Intimidate|boost\n|-unboost|p1a: Indeedee|atk|1\n|-fail|p1b: Gliscor|unboost|Attack|[from] ability: Hyper Cutter|[of] p1b: Gliscor\n|-fieldstart|move: Psychic Terrain|[from] ability: Psychic Surge|[of] p1a: Indeedee\n|-enditem|p1b: Gliscor|Psychic Seed\n|-boost|p1b: Gliscor|spd|1|[from] item: Psychic Seed\n|turn|1\n|\n|t:|1699961939\n|switch|p2a: Rillaboom|Rillaboom, L50, F|100\/100\n|-fieldstart|move: Grassy Terrain|[from] ability: Grassy Surge|[of] p2a: Rillaboom\n|move|p2b: Tornadus|Tailwind|p2b: Tornadus\n|-sidestart|p2: Deadhead Omega 2|move: Tailwind\n|move|p1b: Gliscor|Swords Dance|p1b: Gliscor\n|-boost|p1b: Gliscor|atk|2\n|move|p1a: Indeedee|Trick Room|p1a: Indeedee\n|-fieldstart|move: Trick Room|[of] p1a: Indeedee\n|\n|upkeep\n|turn|2\n|\n|t:|1699961971\n|switch|p1a: Gyarados|Gyarados, L50, M, shiny|100\/100\n|-ability|p1a: Gyarados|Intimidate|boost\n|-unboost|p2a: Rillaboom|atk|1\n|-unboost|p2b: Tornadus|atk|1\n|move|p1b: Gliscor|Protect|p1b: Gliscor\n|-singleturn|p1b: Gliscor|Protect\n|move|p2b: Tornadus|Scary Face|p2a: Rillaboom\n|-unboost|p2a: Rillaboom|spe|2\n|move|p2a: Rillaboom|U-turn|p1b: Gliscor\n|-activate|p1b: Gliscor|move: Protect\n|\n|upkeep\n|turn|3\n|\n|t:|1699962006\n|switch|p1a: Indeedee|Indeedee-F, L50, F, shiny|100\/100\n|-fieldstart|move: Psychic Terrain|[from] ability: Psychic Surge|[of] p1a: Indeedee\n|move|p2b: Tornadus|Scary Face|p2a: Rillaboom\n|-unboost|p2a: Rillaboom|spe|2\n|move|p2a: Rillaboom|U-turn|p1b: Gliscor\n|-resisted|p1b: Gliscor\n|-damage|p1b: Gliscor|93\/100\n|\n|t:|1699962026\n|switch|p2a: Flutter Mane|Flutter Mane, L50|100\/100|[from] U-turn\n|-enditem|p2a: Flutter Mane|Booster Energy\n|-activate|p2a: Flutter Mane|ability: Protosynthesis|[fromitem]\n|-start|p2a: Flutter Mane|protosynthesisspa\n|move|p1b: Gliscor|Swords Dance|p1b: Gliscor\n|-boost|p1b: Gliscor|atk|2\n|\n|upkeep\n|turn|4\n|\n|t:|1699962046\n|move|p2a: Flutter Mane|Protect|p2a: Flutter Mane\n|-singleturn|p2a: Flutter Mane|Protect\n|move|p1a: Indeedee|Follow Me|p1a: Indeedee\n|-singleturn|p1a: Indeedee|move: Follow Me\n|move|p2b: Tornadus|Rain Dance|p2b: Tornadus\n|-weather|RainDance\n|move|p1b: Gliscor|Acrobatics|p2a: Flutter Mane\n|-activate|p2a: Flutter Mane|move: Protect\n|\n|-weather|RainDance|[upkeep]\n|-sideend|p2: Deadhead Omega 2|move: Tailwind\n|upkeep\n|turn|5\n|\n|t:|1699962080\n|-end|p2a: Flutter Mane|Protosynthesis|[silent]\n|switch|p2a: Arcanine|Arcanine-Hisui, L50, F|100\/100\n|-ability|p2a: Arcanine|Intimidate|boost\n|-unboost|p1a: Indeedee|atk|1\n|-fail|p1b: Gliscor|unboost|Attack|[from] ability: Hyper Cutter|[of] p1b: Gliscor\n|move|p1a: Indeedee|Follow Me|p1a: Indeedee\n|-singleturn|p1a: Indeedee|move: Follow Me\n|move|p2b: Tornadus|Bleakwind Storm|p1b: Gliscor|[spread] p1a,p1b\n|-damage|p1a: Indeedee|68\/100\n|-damage|p1b: Gliscor|64\/100\n|-unboost|p1b: Gliscor|spe|1\n|move|p1b: Gliscor|Acrobatics|p2a: Arcanine\n|-resisted|p2a: Arcanine\n|-damage|p2a: Arcanine|8\/100\n|\n|-weather|RainDance|[upkeep]\n|-fieldend|move: Trick Room\n|upkeep\n|turn|6\n|\n|t:|1699962117\n|switch|p2b: Rillaboom|Rillaboom, L50, F|100\/100\n|-fieldstart|move: Grassy Terrain|[from] ability: Grassy Surge|[of] p2b: Rillaboom\n|-terastallize|p2a: Arcanine|Normal\n|move|p1b: Gliscor|Protect|p1b: Gliscor\n|-singleturn|p1b: Gliscor|Protect\n|move|p2a: Arcanine|Extreme Speed|p1b: Gliscor\n|-activate|p1b: Gliscor|move: Protect\n|move|p1a: Indeedee|Trick Room|p1a: Indeedee\n|-fieldstart|move: Trick Room|[of] p1a: Indeedee\n|\n|-weather|RainDance|[upkeep]\n|-heal|p1a: Indeedee|75\/100|[from] Grassy Terrain\n|-heal|p2a: Arcanine|14\/100|[from] Grassy Terrain\n|upkeep\n|turn|7\n|\n|t:|1699962146\n|switch|p1a: Gyarados|Gyarados, L50, M, shiny|100\/100\n|-ability|p1a: Gyarados|Intimidate|boost\n|-unboost|p2a: Arcanine|atk|1\n|-unboost|p2b: Rillaboom|atk|1\n|move|p2a: Arcanine|Extreme Speed|p1b: Gliscor\n|-damage|p1b: Gliscor|27\/100\n|move|p1b: Gliscor|Earthquake|p2a: Arcanine|[spread] p2a,p2b\n|-immune|p1a: Gyarados\n|-resisted|p2b: Rillaboom\n|-damage|p2a: Arcanine|0 fnt\n|-damage|p2b: Rillaboom|75\/100\n|faint|p2a: Arcanine\n|move|p2b: Rillaboom|U-turn|p1a: Gyarados\n|-resisted|p1a: Gyarados\n|-damage|p1a: Gyarados|93\/100\n|\n|t:|1699962165\n|switch|p2b: Tornadus|Tornadus, L50, M|100\/100|[from] U-turn\n|\n|-weather|RainDance|[upkeep]\n|upkeep\n|\n|t:|1699962172\n|switch|p2a: Rillaboom|Rillaboom, L50, F|75\/100\n|turn|8\n|\n|t:|1699962195\n|switch|p1a: Sinistcha|Sinistcha-Masterpiece, L50, shiny|100\/100\n|-heal|p1b: Gliscor|52\/100|[from] ability: Hospitality|[of] p1a: Sinistcha\n|move|p1b: Gliscor|Protect|p1b: Gliscor\n|-singleturn|p1b: Gliscor|Protect\n|move|p2a: Rillaboom|Grassy Glide|p1b: Gliscor\n|-activate|p1b: Gliscor|move: Protect\n|move|p2b: Tornadus|Bleakwind Storm|p1b: Gliscor|[spread] p1a\n|-activate|p1b: Gliscor|move: Protect\n|-supereffective|p1a: Sinistcha\n|-damage|p1a: Sinistcha|35\/100\n|-enditem|p1a: Sinistcha|Sitrus Berry|[eat]\n|-heal|p1a: Sinistcha|60\/100|[from] item: Sitrus Berry\n|\n|-weather|none\n|-heal|p1a: Sinistcha|66\/100|[from] Grassy Terrain\n|-heal|p2a: Rillaboom|82\/100|[from] Grassy Terrain\n|upkeep\n|turn|9\n|\n|t:|1699962216\n|switch|p1a: Indeedee|Indeedee-F, L50, F, shiny|75\/100\n|-fieldstart|move: Psychic Terrain|[from] ability: Psychic Surge|[of] p1a: Indeedee\n|move|p1b: Gliscor|Acrobatics|p2a: Rillaboom\n|-supereffective|p2a: Rillaboom\n|-damage|p2a: Rillaboom|0 fnt\n|faint|p2a: Rillaboom\n|move|p2b: Tornadus|Bleakwind Storm|p1b: Gliscor|[spread] p1a,p1b\n|-damage|p1a: Indeedee|42\/100\n|-damage|p1b: Gliscor|23\/100\n|\n|upkeep\n|\n|t:|1699962224\n|switch|p2a: Flutter Mane|Flutter Mane, L50|100\/100\n|turn|10\n|\n|t:|1699962236\n|switch|p1a: Sinistcha|Sinistcha-Masterpiece, L50, shiny|66\/100\n|-heal|p1b: Gliscor|48\/100|[from] ability: Hospitality|[of] p1a: Sinistcha\n|move|p2a: Flutter Mane|Protect|p2a: Flutter Mane\n|-singleturn|p2a: Flutter Mane|Protect\n|move|p1b: Gliscor|Acrobatics|p2b: Tornadus\n|-damage|p2b: Tornadus|0 fnt\n|faint|p2b: Tornadus\n|\n|-fieldend|move: Trick Room\n|upkeep\n|turn|11\n|\n|t:|1699962251\n|move|p1b: Gliscor|Protect|p1b: Gliscor\n|-singleturn|p1b: Gliscor|Protect\n|move|p2a: Flutter Mane|Dazzling Gleam|p1b: Gliscor|[spread] p1a\n|-activate|p1b: Gliscor|move: Protect\n|-damage|p1a: Sinistcha|32\/100\n|move|p1a: Sinistcha|Trick Room|p1a: Sinistcha\n|-fieldstart|move: Trick Room|[of] p1a: Sinistcha\n|\n|upkeep\n|turn|12\n|-message|Deadhead Omega 2 forfeited.\n|\n|win|XJQJ\n|raw|XJQJ's rating: 1329 &rarr; <strong>1354<\/strong><br \/>(+25 for winning)\n|raw|Deadhead Omega 2's rating: 1415 &rarr; <strong>1390<\/strong><br \/>(-25 for losing)\n|l|\u2606Deadhead Omega 2\n","uploadtime":1699962264,"views":13,"p1id":"xjqj","p2id":"deadheadomega2","formatid":"gen9vgc2023regulatione","rating":1354,"private":0,"password":""}