{"id":"gen9vgc2023regulatione-1988463773","p1":"Pocketeer","p2":"Kjzrhzk","format":"[Gen 9] VGC 2023 Regulation E","log":"|j|\u2606Pocketeer\n|j|\u2606Kjzrhzk\n|t:|1699725671\n|gametype|doubles\n|player|p1|Pocketeer|2|1134\n|player|p2|Kjzrhzk|lance|1049\n|teamsize|p1|6\n|teamsize|p2|6\n|gen|9\n|tier|[Gen 9] VGC 2023 Regulation E\n|rated|\n|rule|Species Clause: Limit one of each Pok\u00e9mon\n|rule|Item Clause: Limit one of each item\n|clearpoke\n|poke|p1|Roaring Moon, L50|\n|poke|p1|Iron Valiant, L50|\n|poke|p1|Munkidori, L50, M|\n|poke|p1|Scizor, L50, M|\n|poke|p1|Chi-Yu, L50|\n|poke|p1|Urshifu-*, L50, F|\n|poke|p2|Flutter Mane, L50|\n|poke|p2|Tornadus, L50, M|\n|poke|p2|Rillaboom, L50, F|\n|poke|p2|Garganacl, L50, M|\n|poke|p2|Arcanine-Hisui, L50, M|\n|poke|p2|Chien-Pao, L50|\n|teampreview|4\n|inactive|Battle timer is ON: inactive players will automatically lose when time's up. (requested by Pocketeer)\n|\n|t:|1699725693\n|start\n|switch|p1a: Munkidori|Munkidori, L50, M|100\/100\n|switch|p1b: Scizor|Scizor, L50, M|100\/100\n|switch|p2a: Tornadus|Tornadus, L50, M|100\/100\n|switch|p2b: Garganacl|Garganacl, L50, M|100\/100\n|turn|1\n|\n|t:|1699725703\n|-terastallize|p2b: Garganacl|Ghost\n|move|p1a: Munkidori|Fake Out|p2b: Garganacl\n|-immune|p2b: Garganacl\n|move|p1b: Scizor|Bullet Punch|p2b: Garganacl\n|-damage|p2b: Garganacl|76\/100\n|move|p2a: Tornadus|Bleakwind Storm|p1a: Munkidori|[spread] p1a,p1b\n|-damage|p1a: Munkidori|65\/100\n|-damage|p1b: Scizor|73\/100\n|-unboost|p1b: Scizor|spe|1\n|move|p2b: Garganacl|Iron Defense|p2b: Garganacl\n|-boost|p2b: Garganacl|def|2\n|\n|upkeep\n|turn|2\n|\n|t:|1699725715\n|move|p1b: Scizor|Bullet Punch|p2a: Tornadus\n|-damage|p2a: Tornadus|59\/100\n|-damage|p1b: Scizor|57\/100|[from] item: Rocky Helmet|[of] p2a: Tornadus\n|move|p1a: Munkidori|Sludge Wave|p2a: Tornadus|[spread] p2a,p2b\n|-immune|p1b: Scizor\n|-resisted|p2b: Garganacl\n|-damage|p2a: Tornadus|31\/100\n|-damage|p2b: Garganacl|64\/100\n|-status|p2a: Tornadus|tox|[from] ability: Toxic Chain|[of] p1a: Munkidori\n|move|p2a: Tornadus|Bleakwind Storm|p1a: Munkidori|[spread] p1a,p1b\n|-damage|p1a: Munkidori|25\/100\n|-damage|p1b: Scizor|32\/100\n|move|p2b: Garganacl|Salt Cure|p1a: Munkidori\n|-damage|p1a: Munkidori|5\/100\n|-start|p1a: Munkidori|Salt Cure\n|\n|-damage|p2a: Tornadus|25\/100 tox|[from] psn\n|-damage|p1a: Munkidori|0 fnt|[from] Salt Cure\n|faint|p1a: Munkidori\n|upkeep\n|\n|t:|1699725728\n|switch|p1a: Urshifu|Urshifu-Rapid-Strike, L50, F|100\/100\n|turn|3\n|\n|t:|1699725734\n|move|p2a: Tornadus|Tailwind|p2a: Tornadus\n|-sidestart|p2: Kjzrhzk|move: Tailwind\n|move|p1b: Scizor|Bullet Punch|p2a: Tornadus\n|-damage|p2a: Tornadus|0 fnt\n|-damage|p1b: Scizor|15\/100|[from] item: Rocky Helmet|[of] p2a: Tornadus\n|faint|p2a: Tornadus\n|move|p1a: Urshifu|Surging Strikes|p2b: Garganacl\n|-crit|p2b: Garganacl\n|-damage|p2b: Garganacl|48\/100\n|-enditem|p2b: Garganacl|Sitrus Berry|[eat]\n|-heal|p2b: Garganacl|73\/100|[from] item: Sitrus Berry\n|-crit|p2b: Garganacl\n|-damage|p2b: Garganacl|57\/100\n|-crit|p2b: Garganacl\n|-damage|p2b: Garganacl|39\/100\n|-hitcount|p2b: Garganacl|3\n|move|p2b: Garganacl|Salt Cure|p1a: Urshifu\n|-resisted|p1a: Urshifu\n|-damage|p1a: Urshifu|94\/100\n|-start|p1a: Urshifu|Salt Cure\n|\n|-damage|p1a: Urshifu|69\/100|[from] Salt Cure\n|upkeep\n|\n|t:|1699725743\n|switch|p2a: Arcanine|Arcanine-Hisui, L50, M|100\/100\n|-ability|p2a: Arcanine|Intimidate|boost\n|-unboost|p1a: Urshifu|atk|1\n|-unboost|p1b: Scizor|atk|1\n|turn|4\n|\n|t:|1699725759\n|move|p2a: Arcanine|Extreme Speed|p1a: Urshifu\n|-damage|p1a: Urshifu|32\/100\n|move|p1a: Urshifu|Aqua Jet|p2a: Arcanine\n|-supereffective|p2a: Arcanine\n|-damage|p2a: Arcanine|20\/100\n|move|p1b: Scizor|Bullet Punch|p2b: Garganacl\n|-damage|p2b: Garganacl|30\/100\n|move|p2b: Garganacl|Recover|p2b: Garganacl\n|-heal|p2b: Garganacl|81\/100\n|\n|-damage|p1a: Urshifu|7\/100|[from] Salt Cure\n|upkeep\n|turn|5\n|\n|t:|1699725775\n|move|p2a: Arcanine|Extreme Speed|p1b: Scizor\n|-resisted|p1b: Scizor\n|-damage|p1b: Scizor|0 fnt\n|faint|p1b: Scizor\n|move|p1a: Urshifu|Surging Strikes|p2b: Garganacl\n|-crit|p2b: Garganacl\n|-damage|p2b: Garganacl|63\/100\n|-crit|p2b: Garganacl\n|-damage|p2b: Garganacl|44\/100\n|-crit|p2b: Garganacl\n|-damage|p2b: Garganacl|28\/100\n|-hitcount|p2b: Garganacl|3\n|move|p2b: Garganacl|Recover|p2b: Garganacl\n|-heal|p2b: Garganacl|78\/100\n|\n|-damage|p1a: Urshifu|0 fnt|[from] Salt Cure\n|faint|p1a: Urshifu\n|upkeep\n|\n|t:|1699725778\n|switch|p1b: Iron Valiant|Iron Valiant, L50|100\/100\n|turn|6\n|\n|t:|1699725783\n|-terastallize|p1b: Iron Valiant|Fairy\n|move|p2a: Arcanine|Extreme Speed|p1b: Iron Valiant\n|-damage|p1b: Iron Valiant|47\/100\n|move|p1b: Iron Valiant|Dazzling Gleam|p2b: Garganacl|[spread] p2a,p2b\n|-resisted|p2a: Arcanine\n|-crit|p2a: Arcanine\n|-damage|p2a: Arcanine|0 fnt\n|-damage|p2b: Garganacl|41\/100\n|faint|p2a: Arcanine\n|move|p2b: Garganacl|Iron Defense|p2b: Garganacl\n|-boost|p2b: Garganacl|def|2\n|\n|-sideend|p2: Kjzrhzk|move: Tailwind\n|upkeep\n|\n|t:|1699725785\n|switch|p2a: Chien-Pao|Chien-Pao, L50|100\/100\n|-ability|p2a: Chien-Pao|Sword of Ruin\n|turn|7\n|inactive|Pocketeer has 30 seconds left.\n|inactive|Pocketeer has 20 seconds left.\n|inactive|Pocketeer has 15 seconds left.\n|inactive|Pocketeer has 10 seconds left.\n|inactive|Pocketeer has 5 seconds left.\n|\n|t:|1699725840\n|move|p2a: Chien-Pao|Ice Spinner|p1b: Iron Valiant\n|-damage|p1b: Iron Valiant|0 fnt\n|faint|p1b: Iron Valiant\n|-end|p1b: Iron Valiant|Quark Drive|[silent]\n|\n|win|Kjzrhzk\n|raw|Pocketeer's rating: 1134 &rarr; <strong>1103<\/strong><br \/>(-31 for losing)\n|raw|Kjzrhzk's rating: 1049 &rarr; <strong>1089<\/strong><br \/>(+40 for winning)\n","uploadtime":1699725844,"views":15,"p1id":"pocketeer","p2id":"kjzrhzk","formatid":"gen9vgc2023regulatione","rating":1089,"private":0,"password":""}