{"id":"gen9vgc2023regulatione-1996482153","p1":"Bardemis","p2":"ASimpleHatter","format":"[Gen 9] VGC 2023 Regulation E","log":"|j|\u2606Bardemis\n|j|\u2606ASimpleHatter\n|t:|1700686288\n|gametype|doubles\n|player|p1|Bardemis|morty|1172\n|player|p2|ASimpleHatter|supernerd|1106\n|teamsize|p1|6\n|teamsize|p2|4\n|gen|9\n|tier|[Gen 9] VGC 2023 Regulation E\n|rated|\n|rule|Species Clause: Limit one of each Pok\u00e9mon\n|rule|Item Clause: Limit one of each item\n|clearpoke\n|poke|p1|Goodra, L50, M|\n|poke|p1|Arcanine-Hisui, L50, F|\n|poke|p1|Tornadus, L50, M|\n|poke|p1|Dragonite, L50, M|\n|poke|p1|Urshifu-*, L50, F|\n|poke|p1|Sinistcha, L50|\n|poke|p2|Coalossal, L50, M|\n|poke|p2|Palafin, L50, M|\n|poke|p2|Pelipper, L50, M|\n|poke|p2|Torkoal, L50, M|\n|teampreview|4\n|inactive|Battle timer is ON: inactive players will automatically lose when time's up. (requested by Bardemis)\n|c|\u2606ASimpleHatter|hello there\n|inactive|Bardemis has 60 seconds left.\n|\n|t:|1700686327\n|start\n|switch|p1a: Sinistcha|Sinistcha, L50|100\/100\n|switch|p1b: Dragonite|Dragonite, L50, M|100\/100\n|switch|p2a: Thomas|Coalossal, L50, M, shiny|100\/100\n|switch|p2b: Palafin|Palafin, L50, M|100\/100\n|turn|1\n|inactive|ASimpleHatter has 30 seconds left.\n|\n|t:|1700686354\n|-terastallize|p1a: Sinistcha|Dragon\n|move|p2b: Palafin|Flip Turn|p2a: Thomas\n|-supereffective|p2a: Thomas\n|-damage|p2a: Thomas|38\/100\n|-ability|p2a: Thomas|Steam Engine|boost\n|-boost|p2a: Thomas|spe|6\n|-enditem|p2a: Thomas|Absorb Bulb\n|-boost|p2a: Thomas|spa|1|[from] item: Absorb Bulb\n|\n|t:|1700686364\n|detailschange|p2b: Palafin|Palafin-Hero, L50, M\n|switch|p2b: Torkoal|Torkoal, L50, M|100\/100|[from] Flip Turn\n|-weather|SunnyDay|[from] ability: Drought|[of] p2b: Torkoal\n|move|p2a: Thomas|Heat Wave|p1b: Dragonite|[spread] p1a,p1b\n|-resisted|p1a: Sinistcha\n|-resisted|p1b: Dragonite\n|-damage|p1a: Sinistcha|70\/100\n|-damage|p1b: Dragonite|86\/100\n|-status|p1a: Sinistcha|brn\n|move|p1b: Dragonite|Dragon Tail|p2a: Thomas\n|-damage|p2a: Thomas|17\/100\n|drag|p2a: Palafin|Palafin-Hero, L50, M|100\/100\n|-activate|p2a: Palafin|ability: Zero to Hero\n|move|p1a: Sinistcha|Trick Room|p1a: Sinistcha\n|-fieldstart|move: Trick Room|[of] p1a: Sinistcha\n|\n|-weather|SunnyDay|[upkeep]\n|-heal|p1b: Dragonite|92\/100|[from] item: Leftovers\n|-damage|p1a: Sinistcha|64\/100 brn|[from] brn\n|upkeep\n|turn|2\n|inactive|ASimpleHatter has 30 seconds left.\n|\n|t:|1700686397\n|switch|p2a: Pelipper|Pelipper, L50, M|100\/100\n|-weather|RainDance|[from] ability: Drizzle|[of] p2a: Pelipper\n|move|p2b: Torkoal|Eruption|p1a: Sinistcha|[spread] p1a,p1b\n|-resisted|p1a: Sinistcha\n|-resisted|p1b: Dragonite\n|-damage|p1a: Sinistcha|50\/100 brn\n|-damage|p1b: Dragonite|80\/100\n|-enditem|p1a: Sinistcha|Sitrus Berry|[eat]\n|-heal|p1a: Sinistcha|75\/100 brn|[from] item: Sitrus Berry\n|move|p1a: Sinistcha|Matcha Gotcha|p2a: Pelipper|[spread] p2a,p2b\n|-resisted|p2b: Torkoal\n|-damage|p2a: Pelipper|68\/100\n|-heal|p1a: Sinistcha|90\/100 brn|[from] drain|[of] p2a: Pelipper\n|-damage|p2b: Torkoal|85\/100\n|-heal|p1a: Sinistcha|98\/100 brn|[from] drain|[of] p2b: Torkoal\n|move|p1b: Dragonite|Aerial Ace|p2a: Pelipper\n|-damage|p2a: Pelipper|39\/100\n|\n|-weather|RainDance|[upkeep]\n|-heal|p1b: Dragonite|86\/100|[from] item: Leftovers\n|-damage|p1a: Sinistcha|92\/100 brn|[from] brn\n|upkeep\n|turn|3\n|inactive|Bardemis has 30 seconds left.\n|inactive|ASimpleHatter has 30 seconds left.\n|\n|t:|1700686431\n|move|p2b: Torkoal|Earth Power|p1a: Sinistcha\n|-damage|p1a: Sinistcha|66\/100 brn\n|-unboost|p1a: Sinistcha|spd|1\n|move|p2a: Pelipper|Hurricane|p1b: Dragonite\n|-damage|p1b: Dragonite|38\/100\n|move|p1a: Sinistcha|Matcha Gotcha|p2a: Pelipper|[spread] p2a,p2b\n|-resisted|p2b: Torkoal\n|-damage|p2a: Pelipper|6\/100\n|-heal|p1a: Sinistcha|82\/100 brn|[from] drain|[of] p2a: Pelipper\n|-damage|p2b: Torkoal|68\/100\n|-heal|p1a: Sinistcha|91\/100 brn|[from] drain|[of] p2b: Torkoal\n|-status|p2a: Pelipper|brn\n|move|p1b: Dragonite|Dragon Tail|p2b: Torkoal\n|-damage|p2b: Torkoal|47\/100\n|drag|p2b: Thomas|Coalossal, L50, M, shiny|17\/100\n|\n|-weather|RainDance|[upkeep]\n|-heal|p1b: Dragonite|44\/100|[from] item: Leftovers\n|-damage|p2a: Pelipper|0 fnt|[from] brn\n|faint|p2a: Pelipper\n|-damage|p1a: Sinistcha|85\/100 brn|[from] brn\n|upkeep\n|inactive|ASimpleHatter has 30 seconds left.\n|c|\u2606ASimpleHatter|well, everything is going wrong\n|inactive|ASimpleHatter has 20 seconds left.\n|\n|t:|1700686469\n|switch|p2a: Palafin|Palafin-Hero, L50, M|100\/100\n|turn|4\n|c|\u2606Bardemis|lmao\n|\n|t:|1700686484\n|move|p1a: Sinistcha|Rage Powder|p1a: Sinistcha\n|-singleturn|p1a: Sinistcha|move: Rage Powder\n|move|p2b: Thomas|Earth Power|p1a: Sinistcha\n|-damage|p1a: Sinistcha|47\/100 brn\n|move|p2a: Palafin|Ice Punch|p1a: Sinistcha\n|-supereffective|p1a: Sinistcha\n|-damage|p1a: Sinistcha|0 fnt\n|faint|p1a: Sinistcha\n|move|p1b: Dragonite|Dragon Tail|p2b: Thomas\n|-damage|p2b: Thomas|0 fnt\n|faint|p2b: Thomas\n|\n|-weather|RainDance|[upkeep]\n|-heal|p1b: Dragonite|50\/100|[from] item: Leftovers\n|upkeep\n|\n|t:|1700686497\n|switch|p2b: Torkoal|Torkoal, L50, M|47\/100\n|switch|p1a: Goodra|Goodra, L50, M|100\/100\n|-weather|SunnyDay|[from] ability: Drought|[of] p2b: Torkoal\n|turn|5\n|\n|t:|1700686517\n|move|p2b: Torkoal|Protect|p2b: Torkoal\n|-singleturn|p2b: Torkoal|Protect\n|move|p1a: Goodra|Thunderbolt|p2a: Palafin\n|-supereffective|p2a: Palafin\n|-damage|p2a: Palafin|36\/100\n|move|p1b: Dragonite|Tailwind|p1b: Dragonite\n|-sidestart|p1: Bardemis|move: Tailwind\n|move|p2a: Palafin|Ice Punch|p1a: Goodra\n|-supereffective|p1a: Goodra\n|-damage|p1a: Goodra|24\/100\n|\n|-weather|SunnyDay|[upkeep]\n|-heal|p1b: Dragonite|56\/100|[from] item: Leftovers\n|-fieldend|move: Trick Room\n|upkeep\n|turn|6\n|\n|t:|1700686539\n|move|p2a: Palafin|Ice Punch|p1b: Dragonite\n|-supereffective|p1b: Dragonite\n|-damage|p1b: Dragonite|0 fnt\n|faint|p1b: Dragonite\n|move|p1a: Goodra|Thunderbolt|p2a: Palafin\n|-supereffective|p2a: Palafin\n|-damage|p2a: Palafin|0 fnt\n|faint|p2a: Palafin\n|move|p2b: Torkoal|Heat Wave|p1a: Goodra\n|-resisted|p1a: Goodra\n|-damage|p1a: Goodra|8\/100\n|\n|-weather|SunnyDay|[upkeep]\n|upkeep\n|\n|t:|1700686549\n|switch|p1b: Urshifu|Urshifu-Rapid-Strike, L50, F|100\/100\n|turn|7\n|\n|t:|1700686555\n|move|p2b: Torkoal|Protect|p2b: Torkoal\n|-singleturn|p2b: Torkoal|Protect\n|move|p1b: Urshifu|Surging Strikes|p2b: Torkoal\n|-supereffective|p2b: Torkoal\n|-crit|p2b: Torkoal\n|-damage|p2b: Torkoal|28\/100\n|-supereffective|p2b: Torkoal\n|-crit|p2b: Torkoal\n|-damage|p2b: Torkoal|11\/100\n|-supereffective|p2b: Torkoal\n|-crit|p2b: Torkoal\n|-damage|p2b: Torkoal|0 fnt\n|faint|p2b: Torkoal\n|-hitcount|p2: Torkoal|3\n|\n|win|Bardemis\n|raw|Bardemis's rating: 1172 &rarr; <strong>1192<\/strong><br \/>(+20 for winning)\n|raw|ASimpleHatter's rating: 1106 &rarr; <strong>1086<\/strong><br \/>(-20 for losing)\n|c|\u2606ASimpleHatter|gg\n|c|\u2606Bardemis|gg\n|c|\u2606ASimpleHatter|that goes through protect?\n|c|\u2606ASimpleHatter|huh\n|c|\u2606Bardemis|Urshifu ignores it\n|c|\u2606Bardemis|it's the ability\n|c|\u2606ASimpleHatter|I didn't even get to use my Gimmick\n|c|\u2606Bardemis|!dt unseen fist\n|raw|<ul class=\"utilichart\"><li class=\"result\"><span class=\"col namecol\"><a href=\"https:\/\/dex.pokemonshowdown.com\/abilities\/unseenfist\">Unseen Fist<\/a><\/span> <span class=\"col abilitydesccol\">This Pokemon's contact moves ignore the target's protection, except Max Guard.<\/span> <\/li><li style=\"clear:both\"><\/li><\/ul>\n|raw|<font size=\"1\"><font color=\"#686868\">Gen:<\/font> 8<\/font>\n\n|c|\u2606ASimpleHatter|Normally I would have Teraed the coalossal into water but\n|c|\u2606ASimpleHatter|you know\n|c|\u2606ASimpleHatter|you had matcha\n|c|\u2606Bardemis|da matcha\n|c|\u2606ASimpleHatter|So I figured to try and pull torkoal in but you had dragon tail\n|c|\u2606Bardemis|Yeah both Urshifus ignore all protects just as a heads up\n|c|\u2606ASimpleHatter|alright\n|c|\u2606ASimpleHatter|well, thanks for the tip\n|c|\u2606Bardemis|No prob. Have fun\n","uploadtime":1700686660,"views":17,"p1id":"bardemis","p2id":"asimplehatter","formatid":"gen9vgc2023regulatione","rating":1086,"private":0,"password":""}