{"id":"gen9vgc2023regulatione-1998659068","p1":"hippiepeppers","p2":"HHHILer","format":"[Gen 9] VGC 2023 Regulation E","log":"|j|\u2606hippiepeppers\n|j|\u2606HHHILer\n|t:|1700968760\n|gametype|doubles\n|player|p1|hippiepeppers|169|1138\n|player|p2|HHHILer|2|1146\n|teamsize|p1|6\n|teamsize|p2|6\n|gen|9\n|tier|[Gen 9] VGC 2023 Regulation E\n|rated|\n|rule|Species Clause: Limit one of each Pok\u00e9mon\n|rule|Item Clause: Limit one of each item\n|clearpoke\n|poke|p1|Tornadus, L50, M|\n|poke|p1|Regidrago, L50|\n|poke|p1|Arcanine-Hisui, L50, F|\n|poke|p1|Rillaboom, L50, M|\n|poke|p1|Ogerpon-Wellspring, L50, F|\n|poke|p1|Gholdengo, L50|\n|poke|p2|Spectrier, L50|\n|poke|p2|Kingambit, L50, M|\n|poke|p2|Tornadus, L50, M|\n|poke|p2|Urshifu-*, L50, M|\n|poke|p2|Iron Hands, L50|\n|poke|p2|Flutter Mane, L50|\n|teampreview|4\n|inactive|Battle timer is ON: inactive players will automatically lose when time's up. (requested by HHHILer)\n|\n|t:|1700968789\n|start\n|switch|p1a: Tornadus|Tornadus, L50, M|100\/100\n|switch|p1b: Regidrago|Regidrago, L50|100\/100\n|switch|p2a: Spectrier|Spectrier, L50|100\/100\n|switch|p2b: Tornadus|Tornadus, L50, M|100\/100\n|turn|1\n|\n|t:|1700968810\n|move|p2b: Tornadus|Taunt|p1a: Tornadus\n|-start|p1a: Tornadus|move: Taunt\n|cant|p1a: Tornadus|move: Taunt|Tailwind\n|move|p2a: Spectrier|Snarl|p1a: Tornadus|[spread] p1a,p1b\n|-damage|p1a: Tornadus|90\/100\n|-damage|p1b: Regidrago|86\/100\n|-unboost|p1b: Regidrago|spa|1\n|move|p1b: Regidrago|Draco Meteor|p2a: Spectrier\n|-damage|p2a: Spectrier|36\/100\n|-unboost|p1b: Regidrago|spa|2\n|-enditem|p2a: Spectrier|Sitrus Berry|[eat]\n|-heal|p2a: Spectrier|60\/100|[from] item: Sitrus Berry\n|\n|upkeep\n|turn|2\n|inactive|hippiepeppers has 30 seconds left.\n|\n|t:|1700968838\n|switch|p1a: Rillaboom|Rillaboom, L50, M|100\/100\n|-fieldstart|move: Grassy Terrain|[from] ability: Grassy Surge|[of] p1a: Rillaboom\n|move|p1b: Regidrago|Protect|p1b: Regidrago\n|-singleturn|p1b: Regidrago|Protect\n|move|p2b: Tornadus|Tailwind|p2b: Tornadus\n|-sidestart|p2: HHHILer|move: Tailwind\n|move|p2a: Spectrier|Shadow Ball|p1a: Rillaboom\n|-damage|p1a: Rillaboom|68\/100\n|\n|-heal|p2a: Spectrier|66\/100|[from] Grassy Terrain\n|-heal|p1a: Rillaboom|74\/100|[from] Grassy Terrain\n|-heal|p1b: Regidrago|92\/100|[from] Grassy Terrain\n|upkeep\n|turn|3\n|inactive|hippiepeppers has 30 seconds left.\n|\n|t:|1700968869\n|move|p1a: Rillaboom|Fake Out|p2b: Tornadus\n|-damage|p2b: Tornadus|82\/100\n|move|p2a: Spectrier|Will-O-Wisp|p1a: Rillaboom\n|-status|p1a: Rillaboom|brn\n|move|p2b: Tornadus|Bleakwind Storm|p1a: Rillaboom|[spread] p1a\n|-miss|p2b: Tornadus|p1b: Regidrago\n|-supereffective|p1a: Rillaboom\n|-damage|p1a: Rillaboom|14\/100 brn\n|-unboost|p1a: Rillaboom|spe|1\n|move|p1b: Regidrago|Draco Meteor|p2b: Tornadus\n|-damage|p2b: Tornadus|33\/100\n|-unboost|p1b: Regidrago|spa|2\n|\n|-heal|p2a: Spectrier|72\/100|[from] Grassy Terrain\n|-heal|p1b: Regidrago|98\/100|[from] Grassy Terrain\n|-heal|p1a: Rillaboom|20\/100 brn|[from] Grassy Terrain\n|-damage|p1a: Rillaboom|14\/100 brn|[from] brn\n|upkeep\n|turn|4\n|inactive|hippiepeppers has 30 seconds left.\n|inactive|hippiepeppers has 20 seconds left.\n|\n|t:|1700968906\n|switch|p1b: Ogerpon|Ogerpon-Wellspring, L50, F|100\/100\n|move|p2a: Spectrier|Shadow Ball|p1b: Ogerpon\n|-damage|p1b: Ogerpon|57\/100\n|move|p2b: Tornadus|Bleakwind Storm|p1a: Rillaboom|[spread] p1a,p1b\n|-supereffective|p1a: Rillaboom\n|-supereffective|p1b: Ogerpon\n|-damage|p1a: Rillaboom|0 fnt\n|-damage|p1b: Ogerpon|0 fnt\n|faint|p1a: Rillaboom\n|faint|p1b: Ogerpon\n|\n|-heal|p2a: Spectrier|78\/100|[from] Grassy Terrain\n|upkeep\n|\n|t:|1700968919\n|switch|p1b: Tornadus|Tornadus, L50, M|90\/100\n|switch|p1a: Regidrago|Regidrago, L50|98\/100\n|turn|5\n|\n|t:|1700968932\n|move|p1b: Tornadus|Protect|p1b: Tornadus\n|-singleturn|p1b: Tornadus|Protect\n|move|p2b: Tornadus|Taunt|p1b: Tornadus\n|-activate|p1b: Tornadus|move: Protect\n|move|p2a: Spectrier|Snarl|p1a: Regidrago|[spread] p1a\n|-activate|p1b: Tornadus|move: Protect\n|-damage|p1a: Regidrago|84\/100\n|-unboost|p1a: Regidrago|spa|1\n|move|p1a: Regidrago|Dragon Energy|p2b: Tornadus|[spread] p2a,p2b\n|-damage|p2a: Spectrier|32\/100\n|-damage|p2b: Tornadus|0 fnt\n|faint|p2b: Tornadus\n|\n|-heal|p2a: Spectrier|38\/100|[from] Grassy Terrain\n|-heal|p1a: Regidrago|90\/100|[from] Grassy Terrain\n|-sideend|p2: HHHILer|move: Tailwind\n|upkeep\n|\n|t:|1700968952\n|switch|p2b: Iron Hands|Iron Hands, L50|100\/100\n|turn|6\n|\n|t:|1700968967\n|move|p1b: Tornadus|Tailwind|p1b: Tornadus\n|-sidestart|p1: hippiepeppers|move: Tailwind\n|move|p1a: Regidrago|Earth Power|p2b: Iron Hands\n|-supereffective|p2b: Iron Hands\n|-damage|p2b: Iron Hands|81\/100\n|move|p2a: Spectrier|Snarl|p1b: Tornadus|[spread] p1a,p1b\n|-damage|p1a: Regidrago|75\/100\n|-damage|p1b: Tornadus|78\/100\n|-unboost|p1a: Regidrago|spa|1\n|move|p2b: Iron Hands|Wild Charge|p1b: Tornadus\n|-supereffective|p1b: Tornadus\n|-damage|p1b: Tornadus|0 fnt\n|faint|p1b: Tornadus\n|-damage|p2b: Iron Hands|66\/100|[from] Recoil\n|\n|-heal|p1a: Regidrago|81\/100|[from] Grassy Terrain\n|-heal|p2a: Spectrier|44\/100|[from] Grassy Terrain\n|-heal|p2b: Iron Hands|72\/100|[from] Grassy Terrain\n|-fieldend|move: Grassy Terrain\n|upkeep\n|turn|7\n|-message|hippiepeppers forfeited.\n|\n|win|HHHILer\n|raw|hippiepeppers's rating: 1138 &rarr; <strong>1114<\/strong><br \/>(-24 for losing)\n|raw|HHHILer's rating: 1146 &rarr; <strong>1170<\/strong><br \/>(+24 for winning)\n|l|\u2606hippiepeppers\n","uploadtime":1700968990,"views":14,"p1id":"hippiepeppers","p2id":"hhhiler","formatid":"gen9vgc2023regulatione","rating":1114,"private":0,"password":""}