{"id":"gen9vgc2023regulatione-1998059298","p1":"Tyranichunk","p2":"yukihyu","format":"[Gen 9] VGC 2023 Regulation E","log":"|j|\u2606Tyranichunk\n|j|\u2606yukihyu\n|t:|1700885060\n|gametype|doubles\n|player|p1|Tyranichunk|hilbert|1435\n|player|p2|yukihyu|collector|1474\n|teamsize|p1|6\n|teamsize|p2|6\n|gen|9\n|tier|[Gen 9] VGC 2023 Regulation E\n|rated|\n|rule|Species Clause: Limit one of each Pok\u00e9mon\n|rule|Item Clause: Limit one of each item\n|clearpoke\n|poke|p1|Dondozo, L50, M|\n|poke|p1|Tatsugiri, L50, M|\n|poke|p1|Ninetales-Alola, L50, F|\n|poke|p1|Glimmora, L50, F|\n|poke|p1|Ogerpon-Hearthflame, L50, F|\n|poke|p1|Iron Hands, L50|\n|poke|p2|Roaring Moon, L50|\n|poke|p2|Weezing, L50, F|\n|poke|p2|Bruxish, L50, M|\n|poke|p2|Flutter Mane, L50|\n|poke|p2|Kingambit, L50, M|\n|poke|p2|Iron Hands, L50|\n|teampreview|4\n|inactive|Battle timer is ON: inactive players will automatically lose when time's up. (requested by Tyranichunk)\n|inactive|yukihyu has 60 seconds left.\n|inactive|yukihyu has 30 seconds left.\n|\n|t:|1700885121\n|start\n|switch|p1a: BurpleNurple|Glimmora, L50, F|100\/100\n|switch|p1b: Endive|Ogerpon-Hearthflame, L50, F|100\/100\n|switch|p2a: Flutter Mane|Flutter Mane, L50|100\/100\n|switch|p2b: Bruxish|Bruxish, L50, M|100\/100\n|-ability|p1b: Endive|Mold Breaker\n|turn|1\n|inactive|Tyranichunk has 30 seconds left.\n|inactive|yukihyu has 30 seconds left.\n|\n|t:|1700885151\n|move|p1a: BurpleNurple|Spiky Shield|p1a: BurpleNurple\n|-singleturn|p1a: BurpleNurple|move: Protect\n|move|p2b: Bruxish|Wave Crash|p1b: Endive\n|-damage|p1b: Endive|41\/100\n|-damage|p2b: Bruxish|75\/100|[from] Recoil\n|move|p2a: Flutter Mane|Dazzling Gleam|p1a: BurpleNurple|[spread] p1b\n|-activate|p1a: BurpleNurple|move: Protect\n|-resisted|p1b: Endive\n|-damage|p1b: Endive|19\/100\n|move|p1b: Endive|Horn Leech|p2b: Bruxish\n|-supereffective|p2b: Bruxish\n|-damage|p2b: Bruxish|0 fnt\n|-heal|p1b: Endive|48\/100|[from] drain|[of] p2b: Bruxish\n|faint|p2b: Bruxish\n|\n|upkeep\n|\n|t:|1700885171\n|switch|p2b: Roaring Moon|Roaring Moon, L50|100\/100\n|-enditem|p2b: Roaring Moon|Booster Energy\n|-activate|p2b: Roaring Moon|ability: Protosynthesis|[fromitem]\n|-start|p2b: Roaring Moon|protosynthesisspe\n|turn|2\n|\n|t:|1700885184\n|move|p1b: Endive|Spiky Shield|p1b: Endive\n|-singleturn|p1b: Endive|move: Protect\n|move|p2b: Roaring Moon|Knock Off|p1a: BurpleNurple\n|-damage|p1a: BurpleNurple|50\/100\n|-activate|p1a: BurpleNurple|ability: Toxic Debris\n|-sidestart|p2: yukihyu|move: Toxic Spikes\n|-enditem|p1a: BurpleNurple|Sitrus Berry|[from] move: Knock Off|[of] p2b: Roaring Moon\n|move|p2a: Flutter Mane|Dazzling Gleam|p1b: Endive|[spread] p1a\n|-activate|p1b: Endive|move: Protect\n|-resisted|p1a: BurpleNurple\n|-damage|p1a: BurpleNurple|26\/100\n|move|p1a: BurpleNurple|Power Gem|p2b: Roaring Moon\n|-damage|p2b: Roaring Moon|62\/100\n|\n|upkeep\n|turn|3\n|inactive|Tyranichunk has 30 seconds left.\n|inactive|yukihyu has 30 seconds left.\n|\n|t:|1700885217\n|-terastallize|p1b: Endive|Fire\n|detailschange|p1b: Endive|Ogerpon-Hearthflame-Tera, L50, F, tera:Fire\n|-ability|p1b: Endive|Embody Aspect (Hearthflame)|boost\n|-boost|p1b: Endive|atk|1\n|move|p2b: Roaring Moon|Acrobatics|p1b: Endive\n|-damage|p1b: Endive|6\/100\n|move|p2a: Flutter Mane|Dazzling Gleam|p1b: Endive|[spread] p1a,p1b\n|-resisted|p1a: BurpleNurple\n|-resisted|p1b: Endive\n|-damage|p1a: BurpleNurple|3\/100\n|-damage|p1b: Endive|0 fnt\n|faint|p1b: Endive\n|move|p1a: BurpleNurple|Mortal Spin|p2b: Roaring Moon|[spread] p2a,p2b\n|-damage|p2a: Flutter Mane|91\/100\n|-damage|p2b: Roaring Moon|57\/100\n|-status|p2a: Flutter Mane|psn\n|-status|p2b: Roaring Moon|psn\n|\n|-damage|p2b: Roaring Moon|44\/100 psn|[from] psn\n|-damage|p2a: Flutter Mane|79\/100 psn|[from] psn\n|upkeep\n|inactive|Tyranichunk has 30 seconds left.\n|\n|t:|1700885244\n|switch|p1b: Mung Daal|Dondozo, L50, M|100\/100\n|turn|4\n|inactive|Tyranichunk has 30 seconds left.\n|inactive|Tyranichunk has 20 seconds left.\n|\n|t:|1700885281\n|switch|p1a: Chowder|Tatsugiri, L50, M|100\/100\n|-activate|p1a: Chowder|ability: Commander|[of] p1b: Mung Daal\n|-boost|p1b: Mung Daal|atk|2\n|-boost|p1b: Mung Daal|spa|2\n|-boost|p1b: Mung Daal|spe|2\n|-boost|p1b: Mung Daal|def|2\n|-boost|p1b: Mung Daal|spd|2\n|move|p2b: Roaring Moon|Knock Off|p1b: Mung Daal\n|-damage|p1b: Mung Daal|83\/100\n|-enditem|p1b: Mung Daal|Leftovers|[from] move: Knock Off|[of] p2b: Roaring Moon\n|move|p2a: Flutter Mane|Dazzling Gleam|p1a: Chowder|[spread] p1b\n|-miss|p2a: Flutter Mane|p1a: Chowder\n|-damage|p1b: Mung Daal|59\/100\n|move|p1b: Mung Daal|Wave Crash|p2a: Flutter Mane\n|-damage|p2a: Flutter Mane|0 fnt\n|faint|p2a: Flutter Mane\n|-end|p2a: Flutter Mane|Protosynthesis|[silent]\n|-damage|p1b: Mung Daal|44\/100|[from] Recoil\n|\n|-damage|p2b: Roaring Moon|32\/100 psn|[from] psn\n|upkeep\n|\n|t:|1700885299\n|switch|p2a: Kingambit|Kingambit, L50, M|100\/100\n|turn|5\n|\n|t:|1700885323\n|move|p1b: Mung Daal|Protect|p1b: Mung Daal\n|-singleturn|p1b: Mung Daal|Protect\n|move|p2a: Kingambit|Protect|p2a: Kingambit\n|-singleturn|p2a: Kingambit|Protect\n|move|p2b: Roaring Moon|Tailwind|p2b: Roaring Moon\n|-sidestart|p2: yukihyu|move: Tailwind\n|\n|-damage|p2b: Roaring Moon|19\/100 psn|[from] psn\n|upkeep\n|turn|6\n|inactive|yukihyu has 30 seconds left.\n|\n|t:|1700885357\n|-terastallize|p2b: Roaring Moon|Flying\n|move|p2b: Roaring Moon|Acrobatics|p1b: Mung Daal\n|-damage|p1b: Mung Daal|25\/100\n|move|p1b: Mung Daal|Earthquake|p2b: Roaring Moon|[spread] p2a\n|-miss|p1b: Mung Daal|p1a: Chowder\n|-immune|p2b: Roaring Moon\n|-supereffective|p2a: Kingambit\n|-damage|p2a: Kingambit|29\/100\n|move|p2a: Kingambit|Assurance|p1b: Mung Daal\n|-damage|p1b: Mung Daal|0 fnt\n|faint|p1b: Mung Daal\n|-damage|p2a: Kingambit|19\/100|[from] item: Life Orb\n|\n|-damage|p2b: Roaring Moon|7\/100 psn|[from] psn\n|upkeep\n|\n|t:|1700885372\n|switch|p1b: BurpleNurple|Glimmora, L50, F|3\/100\n|turn|7\n|\n|t:|1700885395\n|move|p1b: BurpleNurple|Spiky Shield|p1b: BurpleNurple\n|-singleturn|p1b: BurpleNurple|move: Protect\n|move|p2a: Kingambit|Sucker Punch||[still]\n|-fail|p2a: Kingambit\n|move|p2b: Roaring Moon|Knock Off|p1a: Chowder\n|-damage|p1a: Chowder|24\/100\n|-enditem|p1a: Chowder|Choice Scarf|[from] move: Knock Off|[of] p2b: Roaring Moon\n|move|p1a: Chowder|Muddy Water|p2a: Kingambit|[spread] p2a,p2b\n|-crit|p2a: Kingambit\n|-damage|p2a: Kingambit|0 fnt\n|-damage|p2b: Roaring Moon|0 fnt\n|faint|p2a: Kingambit\n|faint|p2b: Roaring Moon\n|-end|p2b: Roaring Moon|Protosynthesis|[silent]\n|\n|win|Tyranichunk\n|raw|Tyranichunk's rating: 1435 &rarr; <strong>1457<\/strong><br \/>(+22 for winning)\n|raw|yukihyu's rating: 1474 &rarr; <strong>1452<\/strong><br \/>(-22 for losing)\n|l|\u2606yukihyu\n","uploadtime":1700885410,"views":39,"p1id":"tyranichunk","p2id":"yukihyu","formatid":"gen9vgc2023regulatione","rating":1452,"private":0,"password":""}