{"id":"gen9vgc2023regulatione-1998555603","p1":"newusernovice","p2":"Jan VGC","format":"[Gen 9] VGC 2023 Regulation E","log":"|j|\u2606newusernovice\n|j|\u203dJan VGC\n|t:|1700955836\n|gametype|doubles\n|player|p1|newusernovice|brawly|1366\n|player|p2|Jan VGC|1|1394\n|teamsize|p1|6\n|teamsize|p2|6\n|gen|9\n|tier|[Gen 9] VGC 2023 Regulation E\n|rated|\n|rule|Species Clause: Limit one of each Pok\u00e9mon\n|rule|Item Clause: Limit one of each item\n|clearpoke\n|poke|p1|Armarouge, L50, M|\n|poke|p1|Gothitelle, L50, M|\n|poke|p1|Torkoal, L50, M|\n|poke|p1|Flutter Mane, L50|\n|poke|p1|Indeedee-F, L50, F|\n|poke|p1|Urshifu-*, L50, M|\n|poke|p2|Cresselia, L50, F|\n|poke|p2|Ursaluna-Bloodmoon, L50, M|\n|poke|p2|Iron Hands, L50|\n|poke|p2|Ogerpon-Wellspring, L50, F|\n|poke|p2|Arcanine-Hisui, L50, M|\n|poke|p2|Flutter Mane, L50|\n|teampreview|4\n|inactive|Battle timer is ON: inactive players will automatically lose when time's up. (requested by newusernovice)\n|inactive|newusernovice has 60 seconds left.\n|inactive|Jan VGC has 60 seconds left.\n|\n|t:|1700955896\n|start\n|switch|p1a: Gothitelle|Gothitelle, L50, M|100\/100\n|switch|p1b: Urshifu|Urshifu-Rapid-Strike, L50, M|100\/100\n|switch|p2a: Flutter Mane|Flutter Mane, L50|100\/100\n|switch|p2b: Ogerpon|Ogerpon-Wellspring, L50, F|100\/100\n|-enditem|p2a: Flutter Mane|Booster Energy\n|-activate|p2a: Flutter Mane|ability: Protosynthesis|[fromitem]\n|-start|p2a: Flutter Mane|protosynthesisspa\n|turn|1\n|inactive|Jan VGC has 30 seconds left.\n|\n|t:|1700955924\n|-terastallize|p2a: Flutter Mane|Fairy\n|move|p1a: Gothitelle|Fake Out|p2b: Ogerpon\n|-damage|p2b: Ogerpon|94\/100\n|move|p1b: Urshifu|Surging Strikes|p2a: Flutter Mane\n|-crit|p2a: Flutter Mane\n|-damage|p2a: Flutter Mane|67\/100\n|-crit|p2a: Flutter Mane\n|-damage|p2a: Flutter Mane|31\/100\n|-crit|p2a: Flutter Mane\n|-damage|p2a: Flutter Mane|0 fnt\n|faint|p2a: Flutter Mane\n|-end|p2a: Flutter Mane|Protosynthesis|[silent]\n|-hitcount|p2: Flutter Mane|3\n|cant|p2b: Ogerpon|flinch\n|\n|upkeep\n|\n|t:|1700955931\n|switch|p2a: Arcanine|Arcanine-Hisui, L50, M|100\/100\n|-ability|p2a: Arcanine|Intimidate|boost\n|-unboost|p1a: Gothitelle|atk|1\n|-unboost|p1b: Urshifu|atk|1\n|turn|2\n|inactive|newusernovice has 30 seconds left.\n|inactive|newusernovice has 20 seconds left.\n|inactive|newusernovice has 15 seconds left.\n|inactive|newusernovice has 10 seconds left.\n|\n|t:|1700955979\n|switch|p1b: Torkoal|Torkoal, L50, M|100\/100\n|-weather|SunnyDay|[from] ability: Drought|[of] p1b: Torkoal\n|move|p2b: Ogerpon|Follow Me|p2b: Ogerpon\n|-singleturn|p2b: Ogerpon|move: Follow Me\n|move|p2a: Arcanine|Flare Blitz|p1a: Gothitelle\n|-damage|p1a: Gothitelle|21\/100\n|-enditem|p1a: Gothitelle|Sitrus Berry|[eat]\n|-heal|p1a: Gothitelle|46\/100|[from] item: Sitrus Berry\n|-damage|p2a: Arcanine|77\/100|[from] Recoil\n|move|p1a: Gothitelle|Trick Room|p1a: Gothitelle\n|-fieldstart|move: Trick Room|[of] p1a: Gothitelle\n|\n|-weather|SunnyDay|[upkeep]\n|upkeep\n|turn|3\n|inactive|newusernovice has 30 seconds left.\n|inactive|newusernovice has 20 seconds left.\n|inactive|newusernovice has 15 seconds left.\n|\n|t:|1700956022\n|move|p2a: Arcanine|Protect|p2a: Arcanine\n|-singleturn|p2a: Arcanine|Protect\n|move|p2b: Ogerpon|Spiky Shield|p2b: Ogerpon\n|-singleturn|p2b: Ogerpon|move: Protect\n|move|p1b: Torkoal|Earth Power|p2a: Arcanine\n|-activate|p2a: Arcanine|move: Protect\n|move|p1a: Gothitelle|Psychic|p2b: Ogerpon\n|-activate|p2b: Ogerpon|move: Protect\n|\n|-weather|SunnyDay|[upkeep]\n|upkeep\n|turn|4\n|inactive|newusernovice has 30 seconds left.\n|\n|t:|1700956056\n|move|p2b: Ogerpon|Follow Me|p2b: Ogerpon\n|-singleturn|p2b: Ogerpon|move: Follow Me\n|move|p1b: Torkoal|Earth Power|p2b: Ogerpon\n|-resisted|p2b: Ogerpon\n|-damage|p2b: Ogerpon|82\/100\n|move|p1a: Gothitelle|Psychic|p2b: Ogerpon\n|-damage|p2b: Ogerpon|55\/100\n|move|p2a: Arcanine|Rock Slide|p1a: Gothitelle|[spread] p1a\n|-miss|p2a: Arcanine|p1b: Torkoal\n|-damage|p1a: Gothitelle|21\/100\n|\n|-weather|SunnyDay|[upkeep]\n|upkeep\n|turn|5\n|inactive|newusernovice has 30 seconds left.\n|\n|t:|1700956084\n|-terastallize|p1b: Torkoal|Fire\n|move|p1a: Gothitelle|Helping Hand|p1b: Torkoal\n|-singleturn|p1b: Torkoal|Helping Hand|[of] p1a: Gothitelle\n|move|p2b: Ogerpon|Follow Me|p2b: Ogerpon\n|-singleturn|p2b: Ogerpon|move: Follow Me\n|move|p1b: Torkoal|Eruption|p2b: Ogerpon|[spread] p2a,p2b\n|-resisted|p2a: Arcanine\n|-crit|p2b: Ogerpon\n|-damage|p2a: Arcanine|28\/100\n|-damage|p2b: Ogerpon|0 fnt\n|-enditem|p2a: Arcanine|Sitrus Berry|[eat]\n|-heal|p2a: Arcanine|53\/100|[from] item: Sitrus Berry\n|faint|p2b: Ogerpon\n|move|p2a: Arcanine|Rock Slide|p1a: Gothitelle|[spread] p1a,p1b\n|-supereffective|p1b: Torkoal\n|-damage|p1a: Gothitelle|0 fnt\n|-damage|p1b: Torkoal|59\/100\n|faint|p1a: Gothitelle\n|\n|-weather|SunnyDay|[upkeep]\n|upkeep\n|\n|t:|1700956097\n|switch|p1a: Indeedee|Indeedee-F, L50, F|100\/100\n|switch|p2b: Ursaluna|Ursaluna-Bloodmoon, L50, M|100\/100\n|-fieldstart|move: Psychic Terrain|[from] ability: Psychic Surge|[of] p1a: Indeedee\n|turn|6\n|\n|t:|1700956105\n|move|p1a: Indeedee|Helping Hand|p1b: Torkoal\n|-singleturn|p1b: Torkoal|Helping Hand|[of] p1a: Indeedee\n|move|p2b: Ursaluna|Protect|p2b: Ursaluna\n|-singleturn|p2b: Ursaluna|Protect\n|move|p2a: Arcanine|Protect|p2a: Arcanine\n|-singleturn|p2a: Arcanine|Protect\n|move|p1b: Torkoal|Eruption|p2a: Arcanine|[spread] \n|-activate|p2a: Arcanine|move: Protect\n|-activate|p2b: Ursaluna|move: Protect\n|\n|-weather|none\n|-fieldend|move: Trick Room\n|upkeep\n|turn|7\n|inactive|newusernovice has 30 seconds left.\n|inactive|Jan VGC has 30 seconds left.\n|\n|t:|1700956134\n|move|p2a: Arcanine|Rock Slide|p1b: Torkoal|[spread] p1a,p1b\n|-supereffective|p1b: Torkoal\n|-damage|p1a: Indeedee|76\/100\n|-damage|p1b: Torkoal|15\/100\n|cant|p1a: Indeedee|flinch\n|move|p2b: Ursaluna|Hyper Voice|p1a: Indeedee|[spread] p1a,p1b\n|-damage|p1a: Indeedee|37\/100\n|-damage|p1b: Torkoal|0 fnt\n|faint|p1b: Torkoal\n|-enditem|p2b: Ursaluna|Throat Spray\n|-boost|p2b: Ursaluna|spa|1|[from] item: Throat Spray\n|\n|upkeep\n|\n|t:|1700956147\n|switch|p1b: Urshifu|Urshifu-Rapid-Strike, L50, M|100\/100\n|turn|8\n|\n|t:|1700956162\n|move|p1a: Indeedee|Helping Hand|p1b: Urshifu\n|-singleturn|p1b: Urshifu|Helping Hand|[of] p1a: Indeedee\n|move|p1b: Urshifu|Surging Strikes|p2b: Ursaluna\n|-supereffective|p2b: Ursaluna\n|-crit|p2b: Ursaluna\n|-damage|p2b: Ursaluna|48\/100\n|-supereffective|p2b: Ursaluna\n|-crit|p2b: Ursaluna\n|-damage|p2b: Ursaluna|3\/100\n|-supereffective|p2b: Ursaluna\n|-crit|p2b: Ursaluna\n|-damage|p2b: Ursaluna|0 fnt\n|faint|p2b: Ursaluna\n|-hitcount|p2: Ursaluna|3\n|move|p2a: Arcanine|Rock Slide|p1b: Urshifu|[spread] p1a,p1b\n|-resisted|p1b: Urshifu\n|-damage|p1a: Indeedee|10\/100\n|-damage|p1b: Urshifu|88\/100\n|\n|upkeep\n|turn|9\n|\n|t:|1700956171\n|move|p1a: Indeedee|Helping Hand|p1b: Urshifu\n|-singleturn|p1b: Urshifu|Helping Hand|[of] p1a: Indeedee\n|move|p1b: Urshifu|Surging Strikes|p2a: Arcanine\n|-supereffective|p2a: Arcanine\n|-crit|p2a: Arcanine\n|-damage|p2a: Arcanine|0 fnt\n|faint|p2a: Arcanine\n|-hitcount|p2: Arcanine|1\n|\n|win|newusernovice\n|raw|newusernovice's rating: 1366 &rarr; <strong>1388<\/strong><br \/>(+22 for winning)\n|raw|Jan VGC's rating: 1394 &rarr; <strong>1372<\/strong><br \/>(-22 for losing)\n|l|\u203dJan VGC\n","uploadtime":1700956183,"views":5,"p1id":"newusernovice","p2id":"janvgc","formatid":"gen9vgc2023regulatione","rating":1372,"private":0,"password":""}