{"id":"gen9vgc2023regulatione-1997708560","p1":"CollateralDamageJr","p2":"AceTryThis","format":"[Gen 9] VGC 2023 Regulation E","log":"|j|\u2606CollateralDamageJr\n|j|\u2606AceTryThis\n|t:|1700844179\n|gametype|doubles\n|player|p1|CollateralDamageJr|marshal|1270\n|player|p2|AceTryThis|102|1351\n|teamsize|p1|6\n|teamsize|p2|6\n|gen|9\n|tier|[Gen 9] VGC 2023 Regulation E\n|rated|\n|rule|Species Clause: Limit one of each Pok\u00e9mon\n|rule|Item Clause: Limit one of each item\n|clearpoke\n|poke|p1|Enamorus-Therian, L50, F|\n|poke|p1|Cresselia, L50, F|\n|poke|p1|Arcanine-Hisui, L50, M|\n|poke|p1|Gastrodon-East, L50, M|\n|poke|p1|Ursaluna, L50, M|\n|poke|p1|Breloom, L50, F|\n|poke|p2|Farigiraf, L50, M|\n|poke|p2|Arcanine-Hisui, L50, M|\n|poke|p2|Milotic, L50, M|\n|poke|p2|Rillaboom, L50, M|\n|poke|p2|Chien-Pao, L50|\n|poke|p2|Dragapult, L50, M|\n|teampreview|4\n|inactive|Battle timer is ON: inactive players will automatically lose when time's up. (requested by CollateralDamageJr)\n|c|\u2606CollateralDamageJr|glhf!\n|inactive|AceTryThis has 60 seconds left.\n|\n|t:|1700844235\n|start\n|switch|p1a: Ourtle|Enamorus-Therian, L50, F|100\/100\n|switch|p1b: Garlic|Gastrodon-East, L50, M, shiny|100\/100\n|switch|p2a: Milotic|Milotic, L50, M, shiny|100\/100\n|switch|p2b: Rillaboom|Rillaboom, L50, M, shiny|100\/100\n|-fieldstart|move: Grassy Terrain|[from] ability: Grassy Surge|[of] p2b: Rillaboom\n|turn|1\n|inactive|CollateralDamageJr has 30 seconds left.\n|inactive|AceTryThis has 30 seconds left.\n|\n|t:|1700844263\n|-terastallize|p1b: Garlic|Fire\n|move|p2b: Rillaboom|Fake Out|p1a: Ourtle\n|-damage|p1a: Ourtle|84\/100\n|move|p2a: Milotic|Coil|p2a: Milotic\n|-boost|p2a: Milotic|atk|1\n|-boost|p2a: Milotic|def|1\n|-boost|p2a: Milotic|accuracy|1\n|cant|p1a: Ourtle|flinch\n|move|p1b: Garlic|Blizzard|p2b: Rillaboom|[spread] p2a\n|-miss|p1b: Garlic|p2b: Rillaboom\n|-resisted|p2a: Milotic\n|-damage|p2a: Milotic|92\/100\n|\n|-heal|p2a: Milotic|98\/100|[from] Grassy Terrain\n|upkeep\n|turn|2\n|c|\u2606CollateralDamageJr|you wouldn't put my poor ourtle to sleep, would you...?\n|\n|t:|1700844287\n|move|p2b: Rillaboom|Taunt|p1a: Ourtle\n|-start|p1a: Ourtle|move: Taunt\n|move|p2a: Milotic|Hypnosis|p1b: Garlic|[miss]\n|-miss|p2a: Milotic|p1b: Garlic\n|move|p1a: Ourtle|Sludge Bomb|p2b: Rillaboom\n|-supereffective|p2b: Rillaboom\n|-damage|p2b: Rillaboom|29\/100\n|move|p1b: Garlic|Yawn|p2a: Milotic\n|-start|p2a: Milotic|move: Yawn|[of] p1b: Garlic\n|\n|-heal|p2b: Rillaboom|35\/100|[from] Grassy Terrain\n|-heal|p2a: Milotic|100\/100|[from] Grassy Terrain\n|upkeep\n|turn|3\n|c|\u2606CollateralDamageJr|task failed succefully ig\n|inactive|CollateralDamageJr has 30 seconds left.\n|inactive|AceTryThis has 30 seconds left.\n|inactive|AceTryThis has 20 seconds left.\n|\n|t:|1700844322\n|switch|p2b: Dragapult|Dragapult, L50, M, shiny|100\/100\n|move|p2a: Milotic|Hypnosis|p1b: Garlic\n|-status|p1b: Garlic|slp|[from] move: Hypnosis\n|move|p1a: Ourtle|Sludge Bomb|p2b: Dragapult\n|-resisted|p2b: Dragapult\n|-damage|p2b: Dragapult|80\/100\n|cant|p1b: Garlic|slp\n|\n|-heal|p2b: Dragapult|86\/100|[from] Grassy Terrain\n|-end|p2a: Milotic|move: Yawn|[silent]\n|-status|p2a: Milotic|slp\n|upkeep\n|turn|4\n|inactive|AceTryThis has 30 seconds left.\n|\n|t:|1700844354\n|switch|p1a: Roronoa|Ursaluna, L50, M, shiny|100\/100\n|switch|p1b: Mamba|Cresselia, L50, F, shiny|100\/100\n|-terastallize|p2b: Dragapult|Ghost\n|move|p2b: Dragapult|Tera Blast|p1a: Roronoa|[anim] Tera Blast Ghost\n|-immune|p1a: Roronoa\n|cant|p2a: Milotic|slp\n|\n|-heal|p2b: Dragapult|93\/100|[from] Grassy Terrain\n|-status|p1a: Roronoa|brn|[from] item: Flame Orb\n|upkeep\n|turn|5\n|inactive|AceTryThis has 30 seconds left.\n|\n|t:|1700844379\n|move|p1b: Mamba|Ally Switch|p1b: Mamba\n|swap|p1b: Mamba|0|[from] move: Ally Switch\n|move|p2b: Dragapult|Tera Blast|p1b: Roronoa|[anim] Tera Blast Ghost\n|-immune|p1b: Roronoa\n|cant|p2a: Milotic|slp\n|move|p1b: Roronoa|Headlong Rush|p2b: Dragapult\n|-damage|p2b: Dragapult|0 fnt\n|-unboost|p1b: Roronoa|def|1\n|-unboost|p1b: Roronoa|spd|1\n|faint|p2b: Dragapult\n|\n|-damage|p1b: Roronoa|94\/100 brn|[from] brn\n|-fieldend|move: Grassy Terrain\n|upkeep\n|\n|t:|1700844395\n|switch|p2b: Rillaboom|Rillaboom, L50, M, shiny|35\/100\n|-fieldstart|move: Grassy Terrain|[from] ability: Grassy Surge|[of] p2b: Rillaboom\n|turn|6\n|c|\u2606CollateralDamageJr|if milotic wakes up this turn, that wouln't be good i think\n|inactive|AceTryThis has 30 seconds left.\n|\n|t:|1700844423\n|switch|p1b: Ourtle|Enamorus-Therian, L50, F|84\/100\n|move|p2b: Rillaboom|Wood Hammer|p1a: Mamba\n|-damage|p1a: Mamba|34\/100\n|-damage|p2b: Rillaboom|10\/100|[from] Recoil\n|cant|p2a: Milotic|slp\n|move|p1a: Mamba|Trick Room|p1a: Mamba\n|-fieldstart|move: Trick Room|[of] p1a: Mamba\n|\n|-heal|p2b: Rillaboom|16\/100|[from] Grassy Terrain\n|upkeep\n|turn|7\n|inactive|AceTryThis has 30 seconds left.\n|\n|t:|1700844448\n|switch|p1a: Garlic|Gastrodon-East, L50, M, shiny, tera:Fire|100\/100 slp\n|move|p2b: Rillaboom|Grassy Glide|p1a: Garlic\n|-resisted|p1a: Garlic\n|-damage|p1a: Garlic|73\/100 slp\n|move|p1b: Ourtle|Dazzling Gleam|p2b: Rillaboom|[spread] p2a,p2b\n|-crit|p2a: Milotic\n|-damage|p2a: Milotic|67\/100 slp\n|-damage|p2b: Rillaboom|0 fnt\n|faint|p2b: Rillaboom\n|-curestatus|p2a: Milotic|slp|[msg]\n|move|p2a: Milotic|Hypnosis|p1b: Ourtle|[miss]\n|-miss|p2a: Milotic|p1b: Ourtle\n|\n|-heal|p1a: Garlic|80\/100 slp|[from] Grassy Terrain\n|-heal|p2a: Milotic|73\/100|[from] Grassy Terrain\n|upkeep\n|\n|t:|1700844467\n|switch|p2b: Chien-Pao|Chien-Pao, L50|100\/100\n|-ability|p2b: Chien-Pao|Sword of Ruin\n|turn|8\n|\n|t:|1700844479\n|move|p2b: Chien-Pao|Protect|p2b: Chien-Pao\n|-singleturn|p2b: Chien-Pao|Protect\n|cant|p1a: Garlic|slp\n|move|p1b: Ourtle|Dazzling Gleam|p2b: Chien-Pao|[spread] p2a\n|-activate|p2b: Chien-Pao|move: Protect\n|-damage|p2a: Milotic|49\/100\n|move|p2a: Milotic|Hypnosis|p1b: Ourtle\n|-status|p1b: Ourtle|slp|[from] move: Hypnosis\n|\n|-heal|p1a: Garlic|86\/100 slp|[from] Grassy Terrain\n|-heal|p2a: Milotic|55\/100|[from] Grassy Terrain\n|upkeep\n|turn|9\n|\n|t:|1700844500\n|switch|p1b: Mamba|Cresselia, L50, F, shiny|34\/100\n|cant|p1a: Garlic|slp\n|move|p2a: Milotic|Recover|p2a: Milotic\n|-heal|p2a: Milotic|100\/100\n|move|p2b: Chien-Pao|Icicle Crash|p1b: Mamba\n|-damage|p1b: Mamba|0 fnt\n|faint|p1b: Mamba\n|\n|-heal|p1a: Garlic|92\/100 slp|[from] Grassy Terrain\n|upkeep\n|\n|t:|1700844511\n|switch|p1b: Roronoa|Ursaluna, L50, M, shiny|94\/100 brn\n|turn|10\n|\n|t:|1700844531\n|move|p2b: Chien-Pao|Protect|p2b: Chien-Pao\n|-singleturn|p2b: Chien-Pao|Protect\n|-curestatus|p1a: Garlic|slp|[msg]\n|move|p1a: Garlic|Yawn|p2a: Milotic\n|-start|p2a: Milotic|move: Yawn|[of] p1a: Garlic\n|move|p1b: Roronoa|Facade|p2b: Chien-Pao\n|-activate|p2b: Chien-Pao|move: Protect\n|move|p2a: Milotic|Hypnosis|p1a: Garlic\n|-status|p1a: Garlic|slp|[from] move: Hypnosis\n|\n|-heal|p1a: Garlic|98\/100 slp|[from] Grassy Terrain\n|-heal|p1b: Roronoa|100\/100 brn|[from] Grassy Terrain\n|-damage|p1b: Roronoa|94\/100 brn|[from] brn\n|-fieldend|move: Trick Room\n|-fieldend|move: Grassy Terrain\n|upkeep\n|turn|11\n|c|\u2606CollateralDamageJr|bro woke up just to get instant sleeped on\n|inactive|CollateralDamageJr has 30 seconds left.\n|inactive|AceTryThis has 30 seconds left.\n|\n|t:|1700844562\n|move|p1b: Roronoa|Protect|p1b: Roronoa\n|-singleturn|p1b: Roronoa|Protect\n|move|p2b: Chien-Pao|Icicle Crash|p1b: Roronoa\n|-activate|p1b: Roronoa|move: Protect\n|move|p2a: Milotic|Coil|p2a: Milotic\n|-boost|p2a: Milotic|atk|1\n|-boost|p2a: Milotic|def|1\n|-boost|p2a: Milotic|accuracy|1\n|cant|p1a: Garlic|slp\n|\n|-damage|p1b: Roronoa|88\/100 brn|[from] brn\n|-end|p2a: Milotic|move: Yawn|[silent]\n|-status|p2a: Milotic|slp\n|upkeep\n|turn|12\n|\n|t:|1700844578\n|move|p2b: Chien-Pao|Sacred Sword|p1a: Garlic\n|-damage|p1a: Garlic|49\/100 slp\n|cant|p2a: Milotic|slp\n|move|p1b: Roronoa|Facade|p2b: Chien-Pao\n|-enditem|p2b: Chien-Pao|Focus Sash\n|-damage|p2b: Chien-Pao|1\/100\n|-curestatus|p1a: Garlic|slp|[msg]\n|move|p1a: Garlic|Yawn|p2b: Chien-Pao\n|-start|p2b: Chien-Pao|move: Yawn|[of] p1a: Garlic\n|\n|-damage|p1b: Roronoa|82\/100 brn|[from] brn\n|upkeep\n|turn|13\n|inactive|AceTryThis has 30 seconds left.\n|\n|t:|1700844610\n|switch|p1a: Ourtle|Enamorus-Therian, L50, F|84\/100 slp\n|move|p1b: Roronoa|Protect|p1b: Roronoa\n|-singleturn|p1b: Roronoa|Protect\n|move|p2b: Chien-Pao|Sacred Sword|p1a: Ourtle\n|-resisted|p1a: Ourtle\n|-damage|p1a: Ourtle|74\/100 slp\n|cant|p2a: Milotic|slp\n|\n|-damage|p1b: Roronoa|76\/100 brn|[from] brn\n|-end|p2b: Chien-Pao|move: Yawn|[silent]\n|-status|p2b: Chien-Pao|slp\n|upkeep\n|turn|14\n|\n|t:|1700844628\n|cant|p2b: Chien-Pao|slp\n|-curestatus|p2a: Milotic|slp|[msg]\n|move|p2a: Milotic|Scald|p1b: Roronoa\n|-supereffective|p1b: Roronoa\n|-damage|p1b: Roronoa|25\/100 brn\n|cant|p1a: Ourtle|slp\n|move|p1b: Roronoa|Facade|p2a: Milotic\n|-damage|p2a: Milotic|41\/100\n|-damage|p1b: Roronoa|8\/100 brn|[from] item: Rocky Helmet|[of] p2a: Milotic\n|\n|-damage|p1b: Roronoa|2\/100 brn|[from] brn\n|upkeep\n|turn|15\n|inactive|AceTryThis has 30 seconds left.\n|\n|t:|1700844653\n|switch|p1a: Garlic|Gastrodon-East, L50, M, shiny, tera:Fire|49\/100\n|-curestatus|p2b: Chien-Pao|slp|[msg]\n|move|p2b: Chien-Pao|Protect|p2b: Chien-Pao\n|-singleturn|p2b: Chien-Pao|Protect\n|move|p2a: Milotic|Recover|p2a: Milotic\n|-heal|p2a: Milotic|91\/100\n|move|p1b: Roronoa|Facade|p2a: Milotic\n|-damage|p2a: Milotic|30\/100\n|-damage|p1b: Roronoa|0 fnt|[from] item: Rocky Helmet|[of] p2a: Milotic\n|faint|p1b: Roronoa\n|\n|upkeep\n|c|\u2606CollateralDamageJr|i forgot you had that lol\n|\n|t:|1700844668\n|switch|p1b: Ourtle|Enamorus-Therian, L50, F|74\/100 slp\n|turn|16\n|\n|t:|1700844682\n|move|p2b: Chien-Pao|Sacred Sword|p1a: Garlic\n|-damage|p1a: Garlic|0 fnt\n|faint|p1a: Garlic\n|move|p2a: Milotic|Recover|p2a: Milotic\n|-heal|p2a: Milotic|80\/100\n|-curestatus|p1b: Ourtle|slp|[msg]\n|move|p1b: Ourtle|Dazzling Gleam|p2a: Milotic|[spread] p2a,p2b\n|-supereffective|p2b: Chien-Pao\n|-damage|p2a: Milotic|57\/100\n|-damage|p2b: Chien-Pao|0 fnt\n|faint|p2b: Chien-Pao\n|\n|upkeep\n|turn|17\n|inactive|AceTryThis has 30 seconds left.\n|c|\u2606CollateralDamageJr|well this is less that ideal, aye?\n|\n|t:|1700844702\n|move|p2a: Milotic|Hypnosis|p1b: Ourtle\n|-status|p1b: Ourtle|slp|[from] move: Hypnosis\n|cant|p1b: Ourtle|slp\n|\n|upkeep\n|turn|18\n|inactive|AceTryThis has 25 seconds left this turn.\n|inactive|AceTryThis has 20 seconds left.\n|c|\u2606AceTryThis|Wp game\n|inactive|AceTryThis has 15 seconds left.\n|\n|t:|1700844713\n|move|p2a: Milotic|Scald|p1b: Ourtle\n|-damage|p1b: Ourtle|57\/100 slp\n|cant|p1b: Ourtle|slp\n|\n|upkeep\n|turn|19\n|inactive|AceTryThis has 15 seconds left this turn.\n|c|\u2606CollateralDamageJr|thanks, you too!\n|inactive|AceTryThis has 10 seconds left.\n|\n|t:|1700844719\n|move|p2a: Milotic|Scald|p1b: Ourtle\n|-crit|p1b: Ourtle\n|-damage|p1b: Ourtle|29\/100 slp\n|cant|p1b: Ourtle|slp\n|\n|upkeep\n|turn|20\n|inactive|AceTryThis has 10 seconds left this turn.\n|inactive|AceTryThis has 5 seconds left.\n|\n|t:|1700844727\n|move|p2a: Milotic|Scald|p1b: Ourtle\n|-damage|p1b: Ourtle|10\/100 slp\n|-curestatus|p1b: Ourtle|slp|[msg]\n|move|p1b: Ourtle|Dazzling Gleam|p2a: Milotic\n|-damage|p2a: Milotic|25\/100\n|\n|upkeep\n|turn|21\n|inactive|AceTryThis has 5 seconds left this turn.\n|-message|AceTryThis lost due to inactivity.\n|\n|win|CollateralDamageJr\n|raw|CollateralDamageJr's rating: 1270 &rarr; <strong>1301<\/strong><br \/>(+31 for winning)\n|raw|AceTryThis's rating: 1351 &rarr; <strong>1326<\/strong><br \/>(-25 for losing)\n|c|\u2606CollateralDamageJr|oh\n|c|\u2606CollateralDamageJr|well thats just not fair\n|c|\u2606AceTryThis|Yeah idk i was spamming lol\n|c|\u2606AceTryThis|Fun battle\n|c|\u2606CollateralDamageJr|sorry, i was gonna type something, i didn't realise you'd lose\n","uploadtime":1700844770,"views":10,"p1id":"collateraldamagejr","p2id":"acetrythis","formatid":"gen9vgc2023regulatione","rating":1301,"private":0,"password":""}