{"id":"gen9vgc2023regulatione-1989410501","p1":"Phoenixshadow301","p2":"PR1NC3735","format":"[Gen 9] VGC 2023 Regulation E","log":"|j|\u2606Phoenixshadow301\n|j|\u2606PR1NC3735\n|t:|1699846690\n|gametype|doubles\n|player|p1|Phoenixshadow301|101|1000\n|player|p2|PR1NC3735|marshal|1034\n|teamsize|p1|6\n|teamsize|p2|6\n|gen|9\n|tier|[Gen 9] VGC 2023 Regulation E\n|rated|\n|rule|Species Clause: Limit one of each Pok\u00e9mon\n|rule|Item Clause: Limit one of each item\n|clearpoke\n|poke|p1|Ogerpon-Wellspring, L50, F|\n|poke|p1|Dusclops, L50, F|\n|poke|p1|Sinistcha, L50|\n|poke|p1|Flutter Mane, L50|\n|poke|p1|Annihilape, L50, F|\n|poke|p1|Gholdengo, L50|\n|poke|p2|Ogerpon-Wellspring, L50, F|\n|poke|p2|Urshifu-*, L50, F|\n|poke|p2|Amoonguss, L50, F|\n|poke|p2|Arcanine-Hisui, L50, M|\n|poke|p2|Flutter Mane, L50|\n|poke|p2|Landorus-Therian, L50, M|\n|teampreview|4\n|\n|t:|1699846750\n|start\n|switch|p1a: Ogerpon|Ogerpon-Wellspring, L50, F|100\/100\n|switch|p1b: Sinistcha|Sinistcha, L50|100\/100\n|switch|p2a: Clifford|Arcanine-Hisui, L50, M|100\/100\n|switch|p2b: doge|Landorus-Therian, L50, M|100\/100\n|-ability|p2b: doge|Intimidate|boost\n|-unboost|p1a: Ogerpon|atk|1\n|-unboost|p1b: Sinistcha|atk|1\n|-ability|p2a: Clifford|Intimidate|boost\n|-unboost|p1a: Ogerpon|atk|1\n|-unboost|p1b: Sinistcha|atk|1\n|turn|1\n|\n|t:|1699846796\n|switch|p2a: Black Dynamite|Urshifu-Rapid-Strike, L50, F|100\/100\n|-terastallize|p2b: doge|Flying\n|move|p2b: doge|Tera Blast|p1a: Ogerpon|[anim] Tera Blast Flying\n|-supereffective|p1a: Ogerpon\n|-damage|p1a: Ogerpon|0 fnt\n|faint|p1a: Ogerpon\n|move|p1b: Sinistcha|Trick Room|p1b: Sinistcha\n|-fieldstart|move: Trick Room|[of] p1b: Sinistcha\n|\n|upkeep\n|\n|t:|1699846808\n|switch|p1a: Flutter Mane|Flutter Mane, L50|100\/100\n|turn|2\n|\n|t:|1699846828\n|move|p2a: Black Dynamite|Aqua Jet|p1a: Flutter Mane\n|-damage|p1a: Flutter Mane|59\/100\n|move|p1b: Sinistcha|Matcha Gotcha|p2a: Black Dynamite|[spread] p2a,p2b\n|-supereffective|p2a: Black Dynamite\n|-resisted|p2b: doge\n|-crit|p2b: doge\n|-damage|p2a: Black Dynamite|15\/100\n|-damage|p2b: doge|74\/100\n|-status|p2b: doge|brn\n|move|p1a: Flutter Mane|Thunderbolt|p2b: doge\n|-supereffective|p2b: doge\n|-damage|p2b: doge|0 fnt\n|faint|p2b: doge\n|\n|upkeep\n|\n|t:|1699846850\n|switch|p2b: Clifford|Arcanine-Hisui, L50, M|100\/100\n|-ability|p2b: Clifford|Intimidate|boost\n|-unboost|p1a: Flutter Mane|atk|1\n|-unboost|p1b: Sinistcha|atk|1\n|turn|3\n|\n|t:|1699846891\n|-terastallize|p1b: Sinistcha|Water\n|move|p2a: Black Dynamite|Aqua Jet|p1a: Flutter Mane\n|-damage|p1a: Flutter Mane|14\/100\n|move|p1b: Sinistcha|Matcha Gotcha|p2b: Clifford|[spread] p2a,p2b\n|-supereffective|p2a: Black Dynamite\n|-damage|p2a: Black Dynamite|0 fnt\n|-damage|p2b: Clifford|84\/100\n|faint|p2a: Black Dynamite\n|move|p2b: Clifford|Rock Slide|p1a: Flutter Mane|[spread] p1b\n|-miss|p2b: Clifford|p1a: Flutter Mane\n|-damage|p1b: Sinistcha|80\/100\n|move|p1a: Flutter Mane|Thunderbolt|p2b: Clifford\n|-damage|p2b: Clifford|55\/100\n|\n|upkeep\n|\n|t:|1699846904\n|switch|p2a: Alistair Crump|Flutter Mane, L50|100\/100\n|-enditem|p2a: Alistair Crump|Booster Energy\n|-activate|p2a: Alistair Crump|ability: Protosynthesis|[fromitem]\n|-start|p2a: Alistair Crump|protosynthesisspe\n|turn|4\n|\n|t:|1699846933\n|move|p2b: Clifford|Extreme Speed|p1b: Sinistcha\n|-damage|p1b: Sinistcha|60\/100\n|move|p1b: Sinistcha|Shadow Ball|p2a: Alistair Crump\n|-supereffective|p2a: Alistair Crump\n|-damage|p2a: Alistair Crump|25\/100\n|move|p1a: Flutter Mane|Thunderbolt|p2a: Alistair Crump\n|-damage|p2a: Alistair Crump|0 fnt\n|faint|p2a: Alistair Crump\n|-end|p2a: Alistair Crump|Protosynthesis|[silent]\n|\n|upkeep\n|turn|5\n|\n|t:|1699846948\n|move|p1b: Sinistcha|Matcha Gotcha|p2b: Clifford|[miss]\n|-miss|p1b: Sinistcha|p2b: Clifford\n|move|p2b: Clifford|Wild Charge|p1b: Sinistcha\n|-supereffective|p1b: Sinistcha\n|-damage|p1b: Sinistcha|8\/100\n|-enditem|p1b: Sinistcha|Sitrus Berry|[eat]\n|-heal|p1b: Sinistcha|33\/100|[from] item: Sitrus Berry\n|-damage|p2b: Clifford|44\/100|[from] Recoil\n|move|p1a: Flutter Mane|Thunderbolt|p2b: Clifford\n|-damage|p2b: Clifford|13\/100\n|\n|-fieldend|move: Trick Room\n|upkeep\n|turn|6\n|\n|t:|1699846973\n|move|p1b: Sinistcha|Protect|p1b: Sinistcha\n|-singleturn|p1b: Sinistcha|Protect\n|move|p1a: Flutter Mane|Thunderbolt|p2b: Clifford\n|-damage|p2b: Clifford|0 fnt\n|faint|p2b: Clifford\n|\n|win|Phoenixshadow301\n|raw|Phoenixshadow301's rating: 1000 &rarr; <strong>1044<\/strong><br \/>(+44 for winning)\n|raw|PR1NC3735's rating: 1034 &rarr; <strong>1017<\/strong><br \/>(-17 for losing)\n|l|\u2606PR1NC3735\n","uploadtime":1699846996,"views":12,"p1id":"phoenixshadow301","p2id":"pr1nc3735","formatid":"gen9vgc2023regulatione","rating":1017,"private":0,"password":""}