{"id":"gen9vgc2023regulatione-2000253818","p1":"aquartertwo","p2":"AswangVGC","format":"[Gen 9] VGC 2023 Regulation E","log":"|j|\u2606aquartertwo\n|j|\u2606AswangVGC\n|n|\u2606aquartertwo|aquartertwo\n|n|\u2606AswangVGC|aswangvgc\n|html|View the match progress at <a href=\"\/game-bestof3-gen9vgc2023regulatione-2000253817\">game-bestof3-gen9vgc2023regulatione-2000253817<\/a>\n|t:|1701177955\n|gametype|doubles\n|player|p1|aquartertwo|clerk|\n|player|p2|AswangVGC|1|\n|teamsize|p1|6\n|teamsize|p2|6\n|gen|9\n|tier|[Gen 9] VGC 2023 Regulation E\n|rule|Species Clause: Limit one of each Pok\u00e9mon\n|rule|Item Clause: Limit one of each item\n|clearpoke\n|poke|p1|Tornadus, L50, M|\n|poke|p1|Flutter Mane, L50|\n|poke|p1|Regidrago, L50|\n|poke|p1|Heatran, L50, F|\n|poke|p1|Urshifu-*, L50, F|\n|poke|p1|Rillaboom, L50, F|\n|poke|p2|Tornadus, L50, M|\n|poke|p2|Urshifu-*, L50, F|\n|poke|p2|Flutter Mane, L50|\n|poke|p2|Arcanine-Hisui, L50, M|\n|poke|p2|Rillaboom, L50, M|\n|poke|p2|Chien-Pao, L50|\n|teampreview|4\nAswangVGC has agreed to open team sheets.\naquartertwo has agreed to open team sheets.\n|showteam|p1|Tornadus||FocusSash|Prankster|BleakwindStorm,Tailwind,SunnyDay,Protect|||M|||50|,,,,,Ghost]Flutter Mane||BoosterEnergy|Protosynthesis|DazzlingGleam,ShadowBall,Substitute,Protect||||||50|,,,,,Water]Regidrago||DragonFang|DragonsMaw|DragonEnergy,DracoMeteor,EarthPower,Protect||||||50|,,,,,Poison]Heatran||LifeOrb|FlashFire|HeatWave,FlashCannon,EarthPower,Protect|||F|||50|,,,,,Fairy]Urshifu||ChoiceScarf|UnseenFist|WickedBlow,SuckerPunch,CloseCombat,IronHead|||F|||50|,,,,,Dark]Rillaboom||AssaultVest|GrassySurge|WoodHammer,HighHorsepower,GrassyGlide,FakeOut|||F|||50|,,,,,Fire\n|showteam|p2|Tornadus||RockyHelmet|Prankster|BleakwindStorm,Taunt,Tailwind,RainDance|||M|||50|,,,,,Ghost]Urshifu-Rapid-Strike||MysticWater|UnseenFist|Detect,SurgingStrikes,CloseCombat,AquaJet|||F|||50|,,,,,Water]Flutter Mane||BoosterEnergy|Protosynthesis|DazzlingGleam,ShadowBall,Protect,Moonblast||||||50|,,,,,Fairy]Arcanine-Hisui||ChoiceBand|Intimidate|FlareBlitz,HeadSmash,RockSlide,ExtremeSpeed|||M|||50|,,,,,Normal]Rillaboom||AssaultVest|GrassySurge|WoodHammer,GrassyGlide,Uturn,FakeOut|||M|||50|,,,,,Fire]Chien-Pao||FocusSash|SwordofRuin|SuckerPunch,IcicleCrash,SacredSword,Protect||||||50|,,,,,Ghost\n|\n|t:|1701178015\n|start\n|switch|p1a: Tornadus|Tornadus, L50, M|100\/100\n|switch|p1b: Heatran|Heatran, L50, F|100\/100\n|switch|p2a: Tornadus|Tornadus, L50, M|100\/100\n|switch|p2b: Urshifu|Urshifu-Rapid-Strike, L50, F|100\/100\n|turn|1\n|\n|t:|1701178062\n|-terastallize|p2b: Urshifu|Water\n|-terastallize|p1b: Heatran|Fairy\n|move|p1a: Tornadus|Tailwind|p1a: Tornadus\n|-sidestart|p1: aquartertwo|move: Tailwind\n|move|p2a: Tornadus|Taunt|p1a: Tornadus\n|-start|p1a: Tornadus|move: Taunt\n|move|p1b: Heatran|Heat Wave|p2b: Urshifu|[spread] p2a,p2b\n|-resisted|p2b: Urshifu\n|-damage|p2a: Tornadus|49\/100\n|-damage|p2b: Urshifu|64\/100\n|-damage|p1b: Heatran|91\/100|[from] item: Life Orb\n|move|p2b: Urshifu|Surging Strikes|p1b: Heatran\n|-crit|p1b: Heatran\n|-damage|p1b: Heatran|54\/100\n|-crit|p1b: Heatran\n|-damage|p1b: Heatran|20\/100\n|-crit|p1b: Heatran\n|-damage|p1b: Heatran|0 fnt\n|faint|p1b: Heatran\n|-hitcount|p1: Heatran|3\n|\n|upkeep\n|\n|t:|1701178082\n|switch|p1b: Rillaboom|Rillaboom, L50, F|100\/100\n|-fieldstart|move: Grassy Terrain|[from] ability: Grassy Surge|[of] p1b: Rillaboom\n|turn|2\n|\n|t:|1701178138\n|switch|p1a: Regidrago|Regidrago, L50|100\/100\n|switch|p2b: Arcanine|Arcanine-Hisui, L50, M|100\/100\n|-ability|p2b: Arcanine|Intimidate|boost\n|-unboost|p1a: Regidrago|atk|1\n|-unboost|p1b: Rillaboom|atk|1\n|move|p2a: Tornadus|Tailwind|p2a: Tornadus\n|-sidestart|p2: AswangVGC|move: Tailwind\n|move|p1b: Rillaboom|Wood Hammer|p2b: Arcanine\n|-crit|p2b: Arcanine\n|-damage|p2b: Arcanine|0 fnt\n|faint|p2b: Arcanine\n|-damage|p1b: Rillaboom|72\/100|[from] Recoil\n|\n|-heal|p1b: Rillaboom|78\/100|[from] Grassy Terrain\n|upkeep\n|\n|t:|1701178162\n|switch|p2b: Chien-Pao|Chien-Pao, L50|100\/100\n|-ability|p2b: Chien-Pao|Sword of Ruin\n|turn|3\n|\n|t:|1701178222\n|switch|p1b: Tornadus|Tornadus, L50, M|100\/100\n|move|p2b: Chien-Pao|Protect|p2b: Chien-Pao\n|-singleturn|p2b: Chien-Pao|Protect\n|move|p1a: Regidrago|Protect|p1a: Regidrago\n|-singleturn|p1a: Regidrago|Protect\n|move|p2a: Tornadus|Bleakwind Storm|p1a: Regidrago|[spread] p1b\n|-activate|p1a: Regidrago|move: Protect\n|-damage|p1b: Tornadus|58\/100\n|\n|upkeep\n|turn|4\n|\n|t:|1701178282\n|move|p1b: Tornadus|Protect|p1b: Tornadus\n|-singleturn|p1b: Tornadus|Protect\n|move|p2a: Tornadus|Rain Dance|p2a: Tornadus\n|-weather|RainDance\n|move|p2b: Chien-Pao|Icicle Crash|p1a: Regidrago\n|-supereffective|p1a: Regidrago\n|-damage|p1a: Regidrago|0 fnt\n|faint|p1a: Regidrago\n|\n|-weather|RainDance|[upkeep]\n|-sideend|p1: aquartertwo|move: Tailwind\n|upkeep\n|\n|t:|1701178297\n|switch|p1a: Rillaboom|Rillaboom, L50, F|78\/100\n|turn|5\n|\n|t:|1701178316\n|move|p2b: Chien-Pao|Protect|p2b: Chien-Pao\n|-singleturn|p2b: Chien-Pao|Protect\n|move|p1a: Rillaboom|Fake Out|p2b: Chien-Pao\n|-activate|p2b: Chien-Pao|move: Protect\n|move|p2a: Tornadus|Tailwind||[still]\n|-fail|p2a: Tornadus\n|move|p1b: Tornadus|Bleakwind Storm|p2b: Chien-Pao|[spread] p2a\n|-activate|p2b: Chien-Pao|move: Protect\n|-damage|p2a: Tornadus|14\/100\n|-unboost|p2a: Tornadus|spe|1\n|\n|-weather|RainDance|[upkeep]\n|-heal|p1a: Rillaboom|84\/100|[from] Grassy Terrain\n|-sideend|p2: AswangVGC|move: Tailwind\n|upkeep\n|turn|6\n|\n|t:|1701178359\n|move|p1a: Rillaboom|Grassy Glide|p2b: Chien-Pao\n|-damage|p2b: Chien-Pao|53\/100\n|move|p2a: Tornadus|Tailwind|p2a: Tornadus\n|-sidestart|p2: AswangVGC|move: Tailwind\n|move|p2b: Chien-Pao|Icicle Crash|p1a: Rillaboom\n|-supereffective|p1a: Rillaboom\n|-damage|p1a: Rillaboom|0 fnt\n|faint|p1a: Rillaboom\n|move|p1b: Tornadus|Bleakwind Storm|p2b: Chien-Pao|[spread] p2a,p2b\n|-damage|p2a: Tornadus|0 fnt\n|-damage|p2b: Chien-Pao|0 fnt\n|faint|p2a: Tornadus\n|faint|p2b: Chien-Pao\n|\n|-weather|RainDance|[upkeep]\n|-fieldend|move: Grassy Terrain\n|upkeep\n|\n|t:|1701178371\n|switch|p2b: Urshifu|Urshifu-Rapid-Strike, L50, F, tera:Water|64\/100\n|turn|7\n|\n|t:|1701178376\n|move|p2b: Urshifu|Surging Strikes|p1b: Tornadus\n|-crit|p1b: Tornadus\n|-damage|p1b: Tornadus|0 fnt\n|faint|p1b: Tornadus\n|-hitcount|p1: Tornadus|1\n|\n|win|AswangVGC\n","uploadtime":1701178385,"views":2,"p1id":"aquartertwo","p2id":"aswangvgc","formatid":"gen9vgc2023regulatione","rating":0,"private":0,"password":""}