{"id":"gen9vgc2023regulatione-1988205310","p1":"ItsTobeeeee","p2":"namkison","format":"[Gen 9] VGC 2023 Regulation E","log":"|j|\u2606ItsTobeeeee\n|j|\u2606namkison\n|n|\u2606ItsTobeeeee|itstobeeeee\n|n|\u2606namkison|namkison\n|html|View the match progress at <a href=\"\/game-bestof3-gen9vgc2023regulatione-1988202956\">game-bestof3-gen9vgc2023regulatione-1988202956<\/a>\n|t:|1699684932\n|gametype|doubles\n|player|p1|ItsTobeeeee|skyla|\n|player|p2|namkison|cyclist|\n|teamsize|p1|6\n|teamsize|p2|6\n|gen|9\n|tier|[Gen 9] VGC 2023 Regulation E\n|rule|Species Clause: Limit one of each Pok\u00e9mon\n|rule|Item Clause: Limit one of each item\n|clearpoke\n|poke|p1|Orthworm, L50, M|\n|poke|p1|Tyranitar, L50, F|\n|poke|p1|Ogerpon-Cornerstone, L50, F|\n|poke|p1|Torterra, L50, M|\n|poke|p1|Kommo-o, L50, M|\n|poke|p1|Goodra-Hisui, L50, F|\n|poke|p2|Chi-Yu, L50|\n|poke|p2|Tatsugiri, L50, F|\n|poke|p2|Flutter Mane, L50|\n|poke|p2|Dragonite, L50, M|\n|poke|p2|Dondozo, L50, F|\n|poke|p2|Wo-Chien, L50|\n|teampreview|4\nnamkison rejected open team sheets.\n|inactive|Battle timer is ON: inactive players will automatically lose when time's up. (requested by namkison)\n|\n|t:|1699684953\n|start\n|switch|p1a: THE ORTHEREAL WORM|Orthworm, L50, M|100\/100\n|switch|p1b: Thamill|Tyranitar, L50, F|100\/100\n|switch|p2a: Tomdozo|Dondozo, L50, F|100\/100\n|switch|p2b: joel|Chi-Yu, L50|100\/100\n|-ability|p2b: joel|Beads of Ruin\n|-weather|Sandstorm|[from] ability: Sand Stream|[of] p1b: Thamill\n|turn|1\n|inactive|ItsTobeeeee has 30 seconds left.\n|inactive|namkison has 30 seconds left.\n|inactive|namkison has 20 seconds left.\n|inactive|namkison has 15 seconds left.\n|inactive|namkison has 10 seconds left.\n|\n|t:|1699685001\n|-terastallize|p2a: Tomdozo|Dragon\n|move|p2b: joel|Overheat|p1a: THE ORTHEREAL WORM\n|-supereffective|p1a: THE ORTHEREAL WORM\n|-damage|p1a: THE ORTHEREAL WORM|0 fnt\n|-unboost|p2b: joel|spa|2\n|faint|p1a: THE ORTHEREAL WORM\n|move|p1b: Thamill|Earthquake|p2a: Tomdozo|[spread] p2a,p2b\n|-supereffective|p2b: joel\n|-damage|p2a: Tomdozo|82\/100\n|-damage|p2b: joel|23\/100\n|move|p2a: Tomdozo|Order Up|p1b: Thamill\n|-damage|p1b: Thamill|77\/100\n|\n|-weather|Sandstorm|[upkeep]\n|-damage|p2b: joel|17\/100|[from] Sandstorm\n|-damage|p2a: Tomdozo|76\/100|[from] Sandstorm\n|upkeep\n|\n|t:|1699685017\n|switch|p1a: \ud83d\uddff|Ogerpon-Cornerstone, L50, F|100\/100\n|turn|2\n|\n|t:|1699685031\n|-terastallize|p1b: Thamill|Ghost\n|move|p1a: \ud83d\uddff|Swords Dance|p1a: \ud83d\uddff\n|-boost|p1a: \ud83d\uddff|atk|2\n|move|p2b: joel|Overheat|p1a: \ud83d\uddff\n|-damage|p1a: \ud83d\uddff|48\/100\n|-unboost|p2b: joel|spa|2\n|move|p1b: Thamill|Rock Slide|p2a: Tomdozo|[spread] p2a,p2b\n|-supereffective|p2b: joel\n|-damage|p2a: Tomdozo|57\/100\n|-damage|p2b: joel|0 fnt\n|faint|p2b: joel\n|move|p2a: Tomdozo|Wave Crash|p1a: \ud83d\uddff\n|-damage|p1a: \ud83d\uddff|0 fnt\n|faint|p1a: \ud83d\uddff\n|-damage|p2a: Tomdozo|46\/100|[from] Recoil\n|\n|-weather|Sandstorm|[upkeep]\n|-damage|p1b: Thamill|71\/100|[from] Sandstorm\n|-damage|p2a: Tomdozo|40\/100|[from] Sandstorm\n|upkeep\n|\n|t:|1699685052\n|switch|p1a: Gumbo|Goodra-Hisui, L50, F, shiny|100\/100\n|switch|p2b: Wo-Chien|Wo-Chien, L50|100\/100\n|-ability|p2b: Wo-Chien|Tablets of Ruin\n|turn|3\n|inactive|namkison has 30 seconds left.\n|\n|t:|1699685084\n|move|p2b: Wo-Chien|Body Press|p1a: Gumbo\n|-supereffective|p1a: Gumbo\n|-damage|p1a: Gumbo|71\/100\n|move|p1b: Thamill|Rock Slide|p2a: Tomdozo|[spread] p2b\n|-miss|p1b: Thamill|p2a: Tomdozo\n|-damage|p2b: Wo-Chien|76\/100\n|move|p1a: Gumbo|Shelter|p1a: Gumbo\n|-boost|p1a: Gumbo|def|2\n|move|p2a: Tomdozo|Order Up|p1a: Gumbo\n|-damage|p1a: Gumbo|61\/100\n|\n|-weather|Sandstorm|[upkeep]\n|-damage|p2b: Wo-Chien|70\/100|[from] Sandstorm\n|-damage|p1b: Thamill|65\/100|[from] Sandstorm\n|-damage|p2a: Tomdozo|35\/100|[from] Sandstorm\n|-heal|p2b: Wo-Chien|76\/100|[from] item: Leftovers\n|-heal|p1a: Gumbo|67\/100|[from] item: Leftovers\n|upkeep\n|turn|4\n|c|\u2606namkison|damb gumbo is a TANK\n|inactive|ItsTobeeeee has 30 seconds left.\n|inactive|namkison has 30 seconds left.\n|c|\u2606ItsTobeeeee|thats gumbo for ya\n|inactive|namkison has 20 seconds left.\n|inactive|namkison has 15 seconds left.\n|\n|t:|1699685124\n|move|p1b: Thamill|Protect|p1b: Thamill\n|-singleturn|p1b: Thamill|Protect\n|move|p2b: Wo-Chien|Dark Pulse|p1a: Gumbo\n|-damage|p1a: Gumbo|49\/100\n|move|p1a: Gumbo|Body Press|p2a: Tomdozo\n|-damage|p2a: Tomdozo|12\/100\n|move|p2a: Tomdozo|Wave Crash|p1a: Gumbo\n|-resisted|p1a: Gumbo\n|-damage|p1a: Gumbo|42\/100\n|-damage|p2a: Tomdozo|10\/100|[from] Recoil\n|\n|-weather|Sandstorm|[upkeep]\n|-damage|p2b: Wo-Chien|70\/100|[from] Sandstorm\n|-damage|p1b: Thamill|59\/100|[from] Sandstorm\n|-damage|p2a: Tomdozo|4\/100|[from] Sandstorm\n|-heal|p2b: Wo-Chien|76\/100|[from] item: Leftovers\n|-heal|p1a: Gumbo|48\/100|[from] item: Leftovers\n|upkeep\n|turn|5\n|inactive|ItsTobeeeee has 30 seconds left.\n|inactive|namkison has 30 seconds left.\n|inactive|namkison has 20 seconds left.\n|inactive|namkison has 15 seconds left.\n|inactive|namkison has 10 seconds left.\n|\n|t:|1699685173\n|move|p1a: Gumbo|Protect|p1a: Gumbo\n|-singleturn|p1a: Gumbo|Protect\n|move|p2b: Wo-Chien|Leaf Storm|p1b: Thamill\n|-damage|p1b: Thamill|19\/100\n|-unboost|p2b: Wo-Chien|spa|2\n|move|p1b: Thamill|Earthquake|p2a: Tomdozo|[spread] p2a,p2b\n|-activate|p1a: Gumbo|move: Protect\n|-resisted|p2b: Wo-Chien\n|-damage|p2a: Tomdozo|0 fnt\n|-damage|p2b: Wo-Chien|65\/100\n|faint|p2a: Tomdozo\n|\n|-weather|Sandstorm|[upkeep]\n|-damage|p2b: Wo-Chien|59\/100|[from] Sandstorm\n|-damage|p1b: Thamill|13\/100|[from] Sandstorm\n|-heal|p2b: Wo-Chien|65\/100|[from] item: Leftovers\n|-heal|p1a: Gumbo|53\/100|[from] item: Leftovers\n|upkeep\n|\n|t:|1699685188\n|switch|p2a: Perry|Flutter Mane, L50|100\/100\n|-enditem|p2a: Perry|Booster Energy\n|-activate|p2a: Perry|ability: Protosynthesis|[fromitem]\n|-start|p2a: Perry|protosynthesisspa\n|turn|6\n|inactive|namkison has 30 seconds left.\n|\n|t:|1699685215\n|move|p1b: Thamill|Protect|p1b: Thamill\n|-singleturn|p1b: Thamill|Protect\n|move|p2a: Perry|Dazzling Gleam|p1a: Gumbo|[spread] p1a\n|-activate|p1b: Thamill|move: Protect\n|-damage|p1a: Gumbo|30\/100\n|move|p2b: Wo-Chien|Body Press|p1a: Gumbo\n|-supereffective|p1a: Gumbo\n|-damage|p1a: Gumbo|15\/100\n|move|p1a: Gumbo|Heavy Slam|p2a: Perry\n|-supereffective|p2a: Perry\n|-damage|p2a: Perry|0 fnt\n|faint|p2a: Perry\n|-end|p2a: Perry|Protosynthesis|[silent]\n|\n|-weather|Sandstorm|[upkeep]\n|-damage|p2b: Wo-Chien|59\/100|[from] Sandstorm\n|-damage|p1b: Thamill|7\/100|[from] Sandstorm\n|-heal|p2b: Wo-Chien|65\/100|[from] item: Leftovers\n|-heal|p1a: Gumbo|21\/100|[from] item: Leftovers\n|upkeep\n|turn|7\n|c|\u2606namkison|OH MY GOSH\n|c|\u2606namkison|wtfffffff\n|inactive|ItsTobeeeee has 30 seconds left.\n|inactive|ItsTobeeeee has 20 seconds left.\n|inactive|ItsTobeeeee has 15 seconds left.\n|\n|t:|1699685258\n|move|p2b: Wo-Chien|Leaf Storm|p1b: Thamill\n|-damage|p1b: Thamill|0 fnt\n|-unboost|p2b: Wo-Chien|spa|2\n|faint|p1b: Thamill\n|move|p1a: Gumbo|Body Press|p2b: Wo-Chien\n|-supereffective|p2b: Wo-Chien\n|-damage|p2b: Wo-Chien|0 fnt\n|faint|p2b: Wo-Chien\n|\n|win|ItsTobeeeee\n|c|\u2606namkison|dang gg's!\n","uploadtime":1699685270,"views":66,"p1id":"itstobeeeee","p2id":"namkison","formatid":"gen9vgc2023regulatione","rating":0,"private":0,"password":""}