{"id":"gen9vgc2023regulatione-1989424763","p1":"grosz","p2":"Zakmancho","format":"[Gen 9] VGC 2023 Regulation E","log":"|j|\u2606grosz\n|j|\u2606Zakmancho\n|t:|1699848566\n|gametype|doubles\n|player|p1|grosz|hilda|1126\n|player|p2|Zakmancho|1|1226\n|teamsize|p1|6\n|teamsize|p2|6\n|gen|9\n|tier|[Gen 9] VGC 2023 Regulation E\n|rated|\n|rule|Species Clause: Limit one of each Pok\u00e9mon\n|rule|Item Clause: Limit one of each item\n|clearpoke\n|poke|p1|Tornadus, L50, M|\n|poke|p1|Arcanine-Hisui, L50, M|\n|poke|p1|Iron Hands, L50|\n|poke|p1|Urshifu-*, L50, M|\n|poke|p1|Sinistcha, L50|\n|poke|p1|Chien-Pao, L50|\n|poke|p2|Tyranitar, L50, F|\n|poke|p2|Ogerpon-Wellspring, L50, F|\n|poke|p2|Ursaluna-Bloodmoon, L50, M|\n|poke|p2|Rillaboom, L50, M|\n|poke|p2|Urshifu-*, L50, F|\n|poke|p2|Flutter Mane, L50|\n|teampreview|4\n|inactive|Battle timer is ON: inactive players will automatically lose when time's up. (requested by Zakmancho)\ngrosz rejected open team sheets.\n|inactive|grosz has 60 seconds left.\n|\n|t:|1699848604\n|start\n|switch|p1a: brian hands|Iron Hands, L50|100\/100\n|switch|p1b: Tornadus|Tornadus, L50, M, shiny|100\/100\n|switch|p2a: Rillaboom|Rillaboom, L50, M|100\/100\n|switch|p2b: Ursaluna|Ursaluna-Bloodmoon, L50, M|100\/100\n|-fieldstart|move: Grassy Terrain|[from] ability: Grassy Surge|[of] p2a: Rillaboom\n|turn|1\n|\n|t:|1699848619\n|-terastallize|p2b: Ursaluna|Steel\n|move|p2a: Rillaboom|Fake Out|p1a: brian hands\n|-damage|p1a: brian hands|88\/100\n|cant|p1a: brian hands|flinch\n|move|p1b: Tornadus|Tailwind|p1b: Tornadus\n|-sidestart|p1: grosz|move: Tailwind\n|move|p2b: Ursaluna|Calm Mind|p2b: Ursaluna\n|-boost|p2b: Ursaluna|spa|1\n|-boost|p2b: Ursaluna|spd|1\n|\n|-heal|p1a: brian hands|94\/100|[from] Grassy Terrain\n|upkeep\n|turn|2\n|inactive|grosz has 30 seconds left.\n|inactive|grosz has 20 seconds left.\n|inactive|grosz has 15 seconds left.\n|\n|t:|1699848662\n|move|p1b: Tornadus|Bleakwind Storm|p2a: Rillaboom|[spread] p2a\n|-miss|p1b: Tornadus|p2b: Ursaluna\n|-supereffective|p2a: Rillaboom\n|-damage|p2a: Rillaboom|0 fnt\n|faint|p2a: Rillaboom\n|move|p1a: brian hands|Close Combat|p2b: Ursaluna\n|-supereffective|p2b: Ursaluna\n|-damage|p2b: Ursaluna|5\/100\n|-unboost|p1a: brian hands|def|1\n|-unboost|p1a: brian hands|spd|1\n|move|p2b: Ursaluna|Hyper Voice|p1b: Tornadus|[spread] p1a,p1b\n|-damage|p1a: brian hands|26\/100\n|-damage|p1b: Tornadus|34\/100\n|\n|-heal|p1a: brian hands|32\/100|[from] Grassy Terrain\n|-heal|p2b: Ursaluna|11\/100|[from] Grassy Terrain\n|-heal|p2b: Ursaluna|17\/100|[from] item: Leftovers\n|upkeep\n|\n|t:|1699848686\n|switch|p2a: Ogerpon|Ogerpon-Wellspring, L50, F|100\/100\n|turn|3\n|\n|t:|1699848705\n|switch|p2b: Flutter Mane|Flutter Mane, L50|100\/100\n|-enditem|p2b: Flutter Mane|Booster Energy\n|-activate|p2b: Flutter Mane|ability: Protosynthesis|[fromitem]\n|-start|p2b: Flutter Mane|protosynthesisspa\n|move|p2a: Ogerpon|Spiky Shield|p2a: Ogerpon\n|-singleturn|p2a: Ogerpon|move: Protect\n|move|p1b: Tornadus|Bleakwind Storm|p2b: Flutter Mane|[spread] p2b\n|-activate|p2a: Ogerpon|move: Protect\n|-damage|p2b: Flutter Mane|54\/100\n|-unboost|p2b: Flutter Mane|spe|1\n|move|p1a: brian hands|Close Combat|p2b: Flutter Mane\n|-immune|p2b: Flutter Mane\n|\n|-heal|p1a: brian hands|38\/100|[from] Grassy Terrain\n|-heal|p2b: Flutter Mane|60\/100|[from] Grassy Terrain\n|upkeep\n|turn|4\n|inactive|Zakmancho has 30 seconds left.\n|inactive|grosz has 30 seconds left.\n|\n|t:|1699848743\n|move|p2b: Flutter Mane|Protect|p2b: Flutter Mane\n|-singleturn|p2b: Flutter Mane|Protect\n|move|p1b: Tornadus|Bleakwind Storm|p2a: Ogerpon|[spread] p2a\n|-activate|p2b: Flutter Mane|move: Protect\n|-supereffective|p2a: Ogerpon\n|-damage|p2a: Ogerpon|23\/100\n|move|p1a: brian hands|Wild Charge|p2b: Flutter Mane\n|-activate|p2b: Flutter Mane|move: Protect\n|move|p2a: Ogerpon|Ivy Cudgel|p1a: brian hands\n|-damage|p1a: brian hands|0 fnt\n|faint|p1a: brian hands\n|-end|p1a: brian hands|Quark Drive|[silent]\n|\n|-heal|p2a: Ogerpon|29\/100|[from] Grassy Terrain\n|-heal|p2b: Flutter Mane|66\/100|[from] Grassy Terrain\n|-sideend|p1: grosz|move: Tailwind\n|upkeep\n|\n|t:|1699848754\n|switch|p1a: Bill|Urshifu-Rapid-Strike, L50, M|100\/100\n|turn|5\n|\n|t:|1699848765\n|-terastallize|p1a: Bill|Water\n|move|p2a: Ogerpon|Follow Me|p2a: Ogerpon\n|-singleturn|p2a: Ogerpon|move: Follow Me\n|move|p1a: Bill|Surging Strikes|p2a: Ogerpon\n|-heal|p2a: Ogerpon|54\/100|[from] ability: Water Absorb|[of] p1a: Bill\n|move|p1b: Tornadus|Bleakwind Storm|p2a: Ogerpon|[spread] p2a,p2b\n|-supereffective|p2a: Ogerpon\n|-damage|p2a: Ogerpon|0 fnt\n|-damage|p2b: Flutter Mane|26\/100\n|-unboost|p2b: Flutter Mane|spe|1\n|faint|p2a: Ogerpon\n|move|p2b: Flutter Mane|Dazzling Gleam|p1b: Tornadus|[spread] p1a,p1b\n|-damage|p1a: Bill|28\/100\n|-damage|p1b: Tornadus|0 fnt\n|faint|p1b: Tornadus\n|\n|-heal|p1a: Bill|34\/100|[from] Grassy Terrain\n|-heal|p2b: Flutter Mane|33\/100|[from] Grassy Terrain\n|-fieldend|move: Grassy Terrain\n|upkeep\n|\n|t:|1699848784\n|switch|p1b: Geiger|Arcanine-Hisui, L50, M|100\/100\n|switch|p2a: Ursaluna|Ursaluna-Bloodmoon, L50, M, tera:Steel|17\/100\n|-ability|p1b: Geiger|Intimidate|boost\n|-unboost|p2a: Ursaluna|atk|1\n|-unboost|p2b: Flutter Mane|atk|1\n|turn|6\n|\n|t:|1699848797\n|move|p1a: Bill|Surging Strikes|p2b: Flutter Mane\n|-crit|p2b: Flutter Mane\n|-damage|p2b: Flutter Mane|0 fnt\n|faint|p2b: Flutter Mane\n|-end|p2b: Flutter Mane|Protosynthesis|[silent]\n|-hitcount|p2: Flutter Mane|1\n|move|p1b: Geiger|Flare Blitz|p2a: Ursaluna\n|-supereffective|p2a: Ursaluna\n|-damage|p2a: Ursaluna|0 fnt\n|faint|p2a: Ursaluna\n|-damage|p1b: Geiger|94\/100|[from] Recoil\n|\n|win|grosz\n|raw|grosz's rating: 1126 &rarr; <strong>1158<\/strong><br \/>(+32 for winning)\n|raw|Zakmancho's rating: 1226 &rarr; <strong>1194<\/strong><br \/>(-32 for losing)\n|l|\u2606Zakmancho\n","uploadtime":1699848817,"views":7,"p1id":"grosz","p2id":"zakmancho","formatid":"gen9vgc2023regulatione","rating":1158,"private":0,"password":""}