{"id":"gen9vgc2023regulatione-1998862944","p1":"Peeposalt","p2":"StupidGoose","format":"[Gen 9] VGC 2023 Regulation E","log":"|j|\u2606Peeposalt\n|j|\u2606StupidGoose\n|t:|1701005045\n|gametype|doubles\n|player|p1|Peeposalt|169|1169\n|player|p2|StupidGoose|birdkeeper-gen4dp|1203\n|teamsize|p1|6\n|teamsize|p2|6\n|gen|9\n|tier|[Gen 9] VGC 2023 Regulation E\n|rated|\n|rule|Species Clause: Limit one of each Pok\u00e9mon\n|rule|Item Clause: Limit one of each item\n|clearpoke\n|poke|p1|Gholdengo, L50|\n|poke|p1|Gothitelle, L50, M|\n|poke|p1|Ogerpon-Wellspring, L50, F|\n|poke|p1|Roaring Moon, L50|\n|poke|p1|Chi-Yu, L50|\n|poke|p1|Ninetales-Alola, L50, F|\n|poke|p2|Iron Hands, L50|\n|poke|p2|Landorus-Therian, L50, M|\n|poke|p2|Sinistcha, L50|\n|poke|p2|Grimmsnarl, L50, M|\n|poke|p2|Goodra-Hisui, L50, F|\n|poke|p2|Toxapex, L50, F|\n|teampreview|4\n|\n|t:|1701005084\n|start\n|switch|p1a: Ninetales|Ninetales-Alola, L50, F|100\/100\n|switch|p1b: Gholdengo|Gholdengo, L50|100\/100\n|switch|p2a: Grimmsnarl|Grimmsnarl, L50, M|100\/100\n|switch|p2b: Iron Hands|Iron Hands, L50|100\/100\n|-weather|Snow|[from] ability: Snow Warning|[of] p1a: Ninetales\n|turn|1\n|\n|t:|1701005127\n|move|p2b: Iron Hands|Fake Out|p1a: Ninetales\n|-damage|p1a: Ninetales|87\/100\n|cant|p1a: Ninetales|flinch\n|move|p1b: Gholdengo|Shadow Ball|p2b: Iron Hands\n|-damage|p2b: Iron Hands|74\/100\n|-unboost|p2b: Iron Hands|spd|1\n|move|p2a: Grimmsnarl|Spirit Break|p1b: Gholdengo\n|-resisted|p1b: Gholdengo\n|-damage|p1b: Gholdengo|87\/100\n|-unboost|p1b: Gholdengo|spa|1\n|\n|-weather|Snow|[upkeep]\n|-heal|p1b: Gholdengo|92\/100|[from] item: Leftovers\n|upkeep\n|turn|2\n|\n|t:|1701005149\n|move|p2a: Grimmsnarl|Parting Shot|p1a: Ninetales\n|-unboost|p1a: Ninetales|atk|1\n|-unboost|p1a: Ninetales|spa|1\n|\n|t:|1701005161\n|switch|p2a: Toxapex|Toxapex, L50, F|100\/100|[from] Parting Shot\n|move|p1a: Ninetales|Aurora Veil|p1a: Ninetales\n|-sidestart|p1: Peeposalt|move: Aurora Veil\n|move|p1b: Gholdengo|Make It Rain|p2b: Iron Hands|[spread] p2a,p2b\n|-resisted|p2a: Toxapex\n|-resisted|p2b: Iron Hands\n|-damage|p2a: Toxapex|91\/100\n|-damage|p2b: Iron Hands|61\/100\n|-unboost|p1b: Gholdengo|spa|1\n|move|p2b: Iron Hands|Wild Charge|p1b: Gholdengo\n|-damage|p1b: Gholdengo|55\/100\n|-damage|p2b: Iron Hands|54\/100|[from] Recoil\n|\n|-weather|Snow|[upkeep]\n|-heal|p1b: Gholdengo|60\/100|[from] item: Leftovers\n|upkeep\n|turn|3\n|\n|t:|1701005184\n|switch|p1b: Roaring Moon|Roaring Moon, L50|100\/100\n|-enditem|p1b: Roaring Moon|Booster Energy\n|-activate|p1b: Roaring Moon|ability: Protosynthesis|[fromitem]\n|-start|p1b: Roaring Moon|protosynthesisspe\n|move|p1a: Ninetales|Moonblast|p2b: Iron Hands\n|-supereffective|p2b: Iron Hands\n|-damage|p2b: Iron Hands|21\/100\n|move|p2b: Iron Hands|Volt Switch|p1a: Ninetales\n|-damage|p1a: Ninetales|78\/100\n|\n|t:|1701005196\n|-end|p2b: Iron Hands|Quark Drive|[silent]\n|switch|p2b: Grimmsnarl|Grimmsnarl, L50, M|100\/100|[from] Volt Switch\n|move|p2a: Toxapex|Infestation|p1b: Roaring Moon\n|-supereffective|p1b: Roaring Moon\n|-damage|p1b: Roaring Moon|97\/100\n|-activate|p1b: Roaring Moon|move: Infestation|[of] p2a: Toxapex\n|\n|-weather|Snow|[upkeep]\n|-damage|p1b: Roaring Moon|80\/100|[from] move: Infestation|[partiallytrapped]\n|upkeep\n|turn|4\n|\n|t:|1701005209\n|move|p2b: Grimmsnarl|Light Screen|p2b: Grimmsnarl\n|-sidestart|p2: StupidGoose|move: Light Screen\n|move|p1b: Roaring Moon|Breaking Swipe|p2a: Toxapex|[spread] p2a\n|-immune|p2b: Grimmsnarl\n|-damage|p2a: Toxapex|77\/100\n|-unboost|p2a: Toxapex|atk|1\n|move|p1a: Ninetales|Icy Wind|p2a: Toxapex|[spread] p2a,p2b\n|-resisted|p2a: Toxapex\n|-damage|p2a: Toxapex|76\/100\n|-damage|p2b: Grimmsnarl|95\/100\n|-unboost|p2a: Toxapex|spe|1\n|move|p2a: Toxapex|Substitute|p2a: Toxapex\n|-start|p2a: Toxapex|Substitute\n|-damage|p2a: Toxapex|51\/100\n|\n|-weather|Snow|[upkeep]\n|-damage|p1b: Roaring Moon|64\/100|[from] move: Infestation|[partiallytrapped]\n|upkeep\n|turn|5\n|\n|t:|1701005241\n|switch|p1a: Chi-Yu|Chi-Yu, L50|100\/100\n|-ability|p1a: Chi-Yu|Beads of Ruin\n|move|p1b: Roaring Moon|Tailwind|p1b: Roaring Moon\n|-sidestart|p1: Peeposalt|move: Tailwind\n|move|p2b: Grimmsnarl|Spirit Break|p1b: Roaring Moon\n|-supereffective|p1b: Roaring Moon\n|-damage|p1b: Roaring Moon|0 fnt\n|faint|p1b: Roaring Moon\n|-end|p1b: Roaring Moon|Protosynthesis|[silent]\n|move|p2a: Toxapex|Recover|p2a: Toxapex\n|-heal|p2a: Toxapex|100\/100\n|\n|-weather|none\n|upkeep\n|\n|t:|1701005254\n|switch|p1b: Gholdengo|Gholdengo, L50|60\/100\n|turn|6\n|\n|t:|1701005267\n|move|p1a: Chi-Yu|Dark Pulse|p2a: Toxapex\n|-end|p2a: Toxapex|Substitute\n|move|p1b: Gholdengo|Shadow Ball|p2a: Toxapex\n|-damage|p2a: Toxapex|78\/100\n|-unboost|p2a: Toxapex|spd|1\n|move|p2b: Grimmsnarl|Spirit Break|p1a: Chi-Yu\n|-damage|p1a: Chi-Yu|72\/100\n|move|p2a: Toxapex|Infestation|p1b: Gholdengo\n|-resisted|p1b: Gholdengo\n|-damage|p1b: Gholdengo|60\/100\n|-activate|p1b: Gholdengo|move: Infestation|[of] p2a: Toxapex\n|\n|-heal|p1b: Gholdengo|66\/100|[from] item: Leftovers\n|-damage|p1b: Gholdengo|49\/100|[from] move: Infestation|[partiallytrapped]\n|upkeep\n|turn|7\n|\n|t:|1701005289\n|move|p2a: Toxapex|Baneful Bunker|p2a: Toxapex\n|-singleturn|p2a: Toxapex|move: Protect\n|move|p1a: Chi-Yu|Dark Pulse|p2a: Toxapex\n|-activate|p2a: Toxapex|move: Protect\n|move|p1b: Gholdengo|Shadow Ball|p2a: Toxapex\n|-activate|p2a: Toxapex|move: Protect\n|move|p2b: Grimmsnarl|Spirit Break|p1a: Chi-Yu\n|-damage|p1a: Chi-Yu|45\/100\n|\n|-heal|p1b: Gholdengo|55\/100|[from] item: Leftovers\n|-damage|p1b: Gholdengo|38\/100|[from] move: Infestation|[partiallytrapped]\n|upkeep\n|turn|8\n|\n|t:|1701005318\n|move|p1a: Chi-Yu|Dark Pulse|p2a: Toxapex\n|-damage|p2a: Toxapex|40\/100\n|move|p1b: Gholdengo|Make It Rain|p2a: Toxapex|[spread] p2a,p2b\n|-resisted|p2a: Toxapex\n|-supereffective|p2b: Grimmsnarl\n|-damage|p2a: Toxapex|22\/100\n|-damage|p2b: Grimmsnarl|3\/100\n|-unboost|p1b: Gholdengo|spa|1\n|move|p2b: Grimmsnarl|Spirit Break|p1a: Chi-Yu\n|-damage|p1a: Chi-Yu|16\/100\n|move|p2a: Toxapex|Recover|p2a: Toxapex\n|-heal|p2a: Toxapex|72\/100\n|\n|-heal|p1b: Gholdengo|44\/100|[from] item: Leftovers\n|-damage|p1b: Gholdengo|28\/100|[from] move: Infestation|[partiallytrapped]\n|-sideend|p2: StupidGoose|move: Light Screen\n|-sideend|p1: Peeposalt|move: Tailwind\n|upkeep\n|turn|9\n|\n|t:|1701005347\n|switch|p1b: Ninetales|Ninetales-Alola, L50, F|78\/100\n|-weather|Snow|[from] ability: Snow Warning|[of] p1b: Ninetales\n|move|p2a: Toxapex|Baneful Bunker|p2a: Toxapex\n|-singleturn|p2a: Toxapex|move: Protect\n|move|p1a: Chi-Yu|Snarl|p2b: Grimmsnarl|[spread] p2b\n|-activate|p2a: Toxapex|move: Protect\n|-resisted|p2b: Grimmsnarl\n|-damage|p2b: Grimmsnarl|0 fnt\n|faint|p2b: Grimmsnarl\n|\n|-weather|Snow|[upkeep]\n|-sideend|p1: Peeposalt|move: Aurora Veil\n|upkeep\n|\n|t:|1701005358\n|switch|p2b: Iron Hands|Iron Hands, L50|21\/100\n|turn|10\n|\n|t:|1701005390\n|move|p2b: Iron Hands|Fake Out|p1a: Chi-Yu\n|-damage|p1a: Chi-Yu|0 fnt\n|faint|p1a: Chi-Yu\n|move|p1b: Ninetales|Aurora Veil|p1b: Ninetales\n|-sidestart|p1: Peeposalt|move: Aurora Veil\n|move|p2a: Toxapex|Infestation|p1b: Ninetales\n|-resisted|p1b: Ninetales\n|-damage|p1b: Ninetales|77\/100\n|-activate|p1b: Ninetales|move: Infestation|[of] p2a: Toxapex\n|\n|-weather|Snow|[upkeep]\n|-damage|p1b: Ninetales|60\/100|[from] move: Infestation|[partiallytrapped]\n|upkeep\n|\n|t:|1701005397\n|switch|p1a: Gholdengo|Gholdengo, L50|28\/100\n|turn|11\n|\n|t:|1701005408\n|switch|p2a: Goodra|Goodra-Hisui, L50, F|100\/100\n|move|p1b: Ninetales|Moonblast|p2b: Iron Hands\n|-supereffective|p2b: Iron Hands\n|-damage|p2b: Iron Hands|0 fnt\n|faint|p2b: Iron Hands\n|-end|p2b: Iron Hands|Quark Drive|[silent]\n|move|p1a: Gholdengo|Shadow Ball|p2a: Goodra\n|-damage|p2a: Goodra|73\/100\n|\n|-weather|Snow|[upkeep]\n|-heal|p1a: Gholdengo|34\/100|[from] item: Leftovers\n|-heal|p2a: Goodra|79\/100|[from] item: Leftovers\n|-end|p1b: Ninetales|Infestation|[partiallytrapped]|[silent]\n|upkeep\n|\n|t:|1701005418\n|switch|p2b: Toxapex|Toxapex, L50, F|100\/100\n|turn|12\n|\n|t:|1701005427\n|move|p1b: Ninetales|Moonblast|p2a: Goodra\n|-damage|p2a: Goodra|58\/100\n|-unboost|p2a: Goodra|spa|1\n|move|p1a: Gholdengo|Shadow Ball|p2b: Toxapex\n|-damage|p2b: Toxapex|74\/100\n|move|p2a: Goodra|Heavy Slam|p1b: Ninetales\n|-supereffective|p1b: Ninetales\n|-damage|p1b: Ninetales|0 fnt\n|faint|p1b: Ninetales\n|move|p2b: Toxapex|Infestation|p1a: Gholdengo\n|-resisted|p1a: Gholdengo\n|-damage|p1a: Gholdengo|33\/100\n|-activate|p1a: Gholdengo|move: Infestation|[of] p2b: Toxapex\n|\n|-weather|Snow|[upkeep]\n|-heal|p1a: Gholdengo|39\/100|[from] item: Leftovers\n|-heal|p2a: Goodra|64\/100|[from] item: Leftovers\n|-damage|p1a: Gholdengo|22\/100|[from] move: Infestation|[partiallytrapped]\n|upkeep\n|turn|13\n|\n|t:|1701005442\n|move|p2b: Toxapex|Baneful Bunker|p2b: Toxapex\n|-singleturn|p2b: Toxapex|move: Protect\n|move|p1a: Gholdengo|Shadow Ball|p2a: Goodra\n|-damage|p2a: Goodra|36\/100\n|-unboost|p2a: Goodra|spd|1\n|move|p2a: Goodra|Life Dew|p2a: Goodra|[spread] p2a,p2b\n|-heal|p2a: Goodra|61\/100\n|-heal|p2b: Toxapex|99\/100\n|\n|-weather|none\n|-heal|p1a: Gholdengo|28\/100|[from] item: Leftovers\n|-heal|p2a: Goodra|67\/100|[from] item: Leftovers\n|-damage|p1a: Gholdengo|12\/100|[from] move: Infestation|[partiallytrapped]\n|upkeep\n|turn|14\n|\n|t:|1701005456\n|move|p1a: Gholdengo|Shadow Ball|p2a: Goodra\n|-damage|p2a: Goodra|27\/100\n|move|p2a: Goodra|Life Dew|p2a: Goodra|[spread] p2a,p2b\n|-heal|p2a: Goodra|52\/100\n|-heal|p2b: Toxapex|100\/100\n|move|p2b: Toxapex|Substitute|p2b: Toxapex\n|-start|p2b: Toxapex|Substitute\n|-damage|p2b: Toxapex|76\/100\n|\n|-heal|p1a: Gholdengo|18\/100|[from] item: Leftovers\n|-heal|p2a: Goodra|58\/100|[from] item: Leftovers\n|-damage|p1a: Gholdengo|1\/100|[from] move: Infestation|[partiallytrapped]\n|upkeep\n|turn|15\n|inactive|Battle timer is ON: inactive players will automatically lose when time's up. (requested by StupidGoose)\n|-message|Peeposalt forfeited.\n|\n|win|StupidGoose\n|raw|Peeposalt's rating: 1169 &rarr; <strong>1146<\/strong><br \/>(-23 for losing)\n|raw|StupidGoose's rating: 1203 &rarr; <strong>1226<\/strong><br \/>(+23 for winning)\n|l|\u2606Peeposalt\n","uploadtime":1701005533,"views":27,"p1id":"peeposalt","p2id":"stupidgoose","formatid":"gen9vgc2023regulatione","rating":1146,"private":0,"password":""}