{"id":"gen9vgc2023regulatione-1994066405","p1":"Squirly","p2":"JDN-2925","format":"[Gen 9] VGC 2023 Regulation E","log":"|j|\u2606Squirly\n|j|\u2606JDN-2925\n|n|\u2606Squirly|squirly\n|n|\u2606JDN-2925|jdn2925\n|html|View the match progress at <a href=\"\/game-bestof3-gen9vgc2023regulatione-1994063132\">game-bestof3-gen9vgc2023regulatione-1994063132<\/a>\n|t:|1700402382\n|gametype|doubles\n|player|p1|Squirly|psychic-gen4|\n|player|p2|JDN-2925|170|\n|teamsize|p1|6\n|teamsize|p2|6\n|gen|9\n|tier|[Gen 9] VGC 2023 Regulation E\n|rule|Species Clause: Limit one of each Pok\u00e9mon\n|rule|Item Clause: Limit one of each item\n|clearpoke\n|poke|p1|Dragapult, L50, F|\n|poke|p1|Pyroar, L50, F|\n|poke|p1|Landorus-Therian, L50, M|\n|poke|p1|Morgrem, L50, M|\n|poke|p1|Tinkaton, L50, F|\n|poke|p1|Okidogi, L50, M|\n|poke|p2|Arcanine-Hisui, L50, F|\n|poke|p2|Chien-Pao, L50|\n|poke|p2|Azumarill, L50, F|\n|poke|p2|Illumise, L50, F|\n|poke|p2|Typhlosion-Hisui, L50, M|\n|poke|p2|Ogerpon, L50, F|\n|teampreview|4\nSquirly rejected open team sheets.\n|\n|t:|1700402474\n|start\n|switch|p1a: Morgrem|Morgrem, L50, M|100\/100\n|switch|p1b: Landorus|Landorus-Therian, L50, M|100\/100\n|switch|p2a: Illumise|Illumise, L50, F|100\/100\n|switch|p2b: Arcanine|Arcanine-Hisui, L50, F|100\/100\n|-ability|p1b: Landorus|Intimidate|boost\n|-unboost|p2a: Illumise|atk|1\n|-unboost|p2b: Arcanine|atk|1\n|turn|1\n|\n|t:|1700402529\n|switch|p2b: Ogerpon|Ogerpon, L50, F|100\/100\n|move|p2a: Illumise|Tailwind|p2a: Illumise\n|-sidestart|p2: JDN-2925|move: Tailwind\n|move|p1a: Morgrem|Reflect|p1a: Morgrem\n|-sidestart|p1: Squirly|Reflect\n|move|p1b: Landorus|Stomping Tantrum|p2b: Ogerpon\n|-resisted|p2b: Ogerpon\n|-damage|p2b: Ogerpon|78\/100\n|\n|upkeep\n|turn|2\n|\n|t:|1700402573\n|switch|p1b: Pyroar|Pyroar, L50, F|100\/100\n|move|p2a: Illumise|Charm|p1b: Pyroar\n|-unboost|p1b: Pyroar|atk|2\n|move|p1a: Morgrem|Taunt|p2a: Illumise\n|-start|p2a: Illumise|move: Taunt\n|move|p2b: Ogerpon|Swords Dance|p2b: Ogerpon\n|-boost|p2b: Ogerpon|atk|2\n|\n|upkeep\n|turn|3\n|\n|t:|1700402610\n|switch|p2a: Arcanine|Arcanine-Hisui, L50, F|100\/100\n|move|p1a: Morgrem|Thunder Wave|p2b: Ogerpon\n|-status|p2b: Ogerpon|par\n|move|p1b: Pyroar|Heat Wave|p2a: Arcanine|[spread] p2a,p2b\n|-resisted|p2a: Arcanine\n|-supereffective|p2b: Ogerpon\n|-damage|p2a: Arcanine|91\/100\n|-damage|p2b: Ogerpon|0 fnt\n|faint|p2b: Ogerpon\n|\n|upkeep\n|\n|t:|1700402622\n|switch|p2b: Chien-Pao|Chien-Pao, L50|100\/100\n|-ability|p2b: Chien-Pao|Sword of Ruin\n|turn|4\n|\n|t:|1700402656\n|-terastallize|p2b: Chien-Pao|Ghost\n|move|p1a: Morgrem|Thunder Wave|p2a: Arcanine\n|-status|p2a: Arcanine|par\n|move|p2b: Chien-Pao|Ice Spinner|p1b: Pyroar\n|-resisted|p1b: Pyroar\n|-damage|p1b: Pyroar|79\/100\n|move|p1b: Pyroar|Heat Wave|p2b: Chien-Pao|[spread] p2a,p2b\n|-resisted|p2a: Arcanine\n|-damage|p2a: Arcanine|82\/100 par\n|-damage|p2b: Chien-Pao|65\/100\n|move|p2a: Arcanine|Rock Slide|p1a: Morgrem|[spread] p1a,p1b\n|-supereffective|p1b: Pyroar\n|-damage|p1a: Morgrem|74\/100\n|-damage|p1b: Pyroar|0 fnt\n|faint|p1b: Pyroar\n|\n|-sideend|p2: JDN-2925|move: Tailwind\n|upkeep\n|\n|t:|1700402692\n|switch|p1b: Landorus|Landorus-Therian, L50, M|100\/100\n|-ability|p1b: Landorus|Intimidate|boost\n|-unboost|p2a: Arcanine|atk|1\n|-unboost|p2b: Chien-Pao|atk|1\n|turn|5\n|\n|t:|1700402726\n|switch|p2a: Illumise|Illumise, L50, F|100\/100\n|-terastallize|p1b: Landorus|Flying\n|move|p2b: Chien-Pao|Protect|p2b: Chien-Pao\n|-singleturn|p2b: Chien-Pao|Protect\n|move|p1b: Landorus|Stomping Tantrum|p2a: Illumise\n|-resisted|p2a: Illumise\n|-damage|p2a: Illumise|68\/100\n|move|p1a: Morgrem|Foul Play|p2b: Chien-Pao\n|-activate|p2b: Chien-Pao|move: Protect\n|\n|-sideend|p1: Squirly|Reflect\n|upkeep\n|turn|6\n|\n|t:|1700402777\n|switch|p2b: Arcanine|Arcanine-Hisui, L50, F|82\/100 par\n|move|p2a: Illumise|Charm|p1b: Landorus\n|-unboost|p1b: Landorus|atk|2\n|move|p1b: Landorus|Stomping Tantrum|p2b: Arcanine\n|-supereffective|p2b: Arcanine\n|-damage|p2b: Arcanine|0 fnt\n|faint|p2b: Arcanine\n|move|p1a: Morgrem|Foul Play|p2a: Illumise\n|-damage|p2a: Illumise|54\/100\n|\n|upkeep\n|\n|t:|1700402789\n|switch|p2b: Chien-Pao|Chien-Pao, L50, tera:Ghost|65\/100\n|-ability|p2b: Chien-Pao|Sword of Ruin\n|turn|7\n|\n|t:|1700402850\n|switch|p1b: Okidogi|Okidogi, L50, M|100\/100\n|move|p2a: Illumise|Tailwind|p2a: Illumise\n|-sidestart|p2: JDN-2925|move: Tailwind\n|move|p2b: Chien-Pao|Ice Spinner|p1a: Morgrem\n|-damage|p1a: Morgrem|28\/100\n|move|p1a: Morgrem|Foul Play|p2b: Chien-Pao\n|-supereffective|p2b: Chien-Pao\n|-damage|p2b: Chien-Pao|0 fnt\n|faint|p2b: Chien-Pao\n|\n|upkeep\n|turn|8\n|\n|t:|1700402866\n|move|p2a: Illumise|Charm|p1b: Okidogi\n|-unboost|p1b: Okidogi|atk|2\n|move|p1b: Okidogi|Poison Jab|p2a: Illumise\n|-damage|p2a: Illumise|31\/100\n|move|p1a: Morgrem|Foul Play|p2a: Illumise\n|-damage|p2a: Illumise|16\/100\n|\n|upkeep\n|turn|9\n|c|\u2606JDN-2925|Thanks for the games\n|c|\u2606Squirly|Ggs\n|\n|t:|1700402877\n|move|p2a: Illumise|Sunny Day|p2a: Illumise\n|-weather|SunnyDay\n|move|p1b: Okidogi|Poison Jab|p2a: Illumise\n|-damage|p2a: Illumise|0 fnt\n|faint|p2a: Illumise\n|\n|win|Squirly\n|l|\u2606JDN-2925\n","uploadtime":1700402978,"views":11,"p1id":"squirly","p2id":"jdn2925","formatid":"gen9vgc2023regulatione","rating":0,"private":0,"password":""}