{"id":"gen9vgc2023regulatione-1991693208","p1":"TheFierce_0526","p2":"Mcreeps","format":"[Gen 9] VGC 2023 Regulation E","log":"|j|\u2606TheFierce_0526\n|j|\u2606Mcreeps\n|t:|1700103398\n|gametype|doubles\n|player|p1|TheFierce_0526|rosa|\n|player|p2|Mcreeps|1|\n|teamsize|p1|6\n|teamsize|p2|6\n|gen|9\n|tier|[Gen 9] VGC 2023 Regulation E\n|rule|Species Clause: Limit one of each Pok\u00e9mon\n|rule|Item Clause: Limit one of each item\n|clearpoke\n|poke|p1|Slowbro, L50, F|\n|poke|p1|Ceruledge, L50, M|\n|poke|p1|Iron Hands, L50|\n|poke|p1|Braviary-Hisui, L50, M|\n|poke|p1|Arcanine, L50, M|\n|poke|p1|Pachirisu, L50, M|\n|poke|p2|Samurott-Hisui, L50, M|\n|poke|p2|Amoonguss, L50, F|\n|poke|p2|Clodsire, L50, F|\n|poke|p2|Infernape, L50, M|\n|poke|p2|Grimmsnarl, L50, M|\n|poke|p2|Ursaluna-Bloodmoon, L50, M|\n|teampreview|4\n|j| NemonaSCVI (\u272f\u25e1\u272f)\n|\n|t:|1700103424\n|start\n|switch|p1a: Iron Hands|Iron Hands, L50|100\/100\n|switch|p1b: Pachirisu|Pachirisu, L50, M|100\/100\n|switch|p2a: Mop|Samurott-Hisui, L50, M, shiny|100\/100\n|switch|p2b: Baller|Amoonguss, L50, F|100\/100\n|-enditem|p1a: Iron Hands|Booster Energy\n|-activate|p1a: Iron Hands|ability: Quark Drive|[fromitem]\n|-start|p1a: Iron Hands|quarkdriveatk\n|turn|1\n|\n|t:|1700103450\n|move|p1b: Pachirisu|Follow Me|p1b: Pachirisu\n|-singleturn|p1b: Pachirisu|move: Follow Me\n|move|p2a: Mop|Ceaseless Edge|p1b: Pachirisu\n|-damage|p1b: Pachirisu|27\/100\n|-sidestart|p1: TheFierce_0526|Spikes\n|move|p1a: Iron Hands|Belly Drum|p1a: Iron Hands\n|-damage|p1a: Iron Hands|51\/100\n|-setboost|p1a: Iron Hands|atk|6|[from] move: Belly Drum\n|move|p2b: Baller|Spore|p1b: Pachirisu\n|-status|p1b: Pachirisu|slp|[from] move: Spore\n|\n|upkeep\n|turn|2\n|\n|t:|1700103470\n|switch|p2a: Freddy FazBear|Ursaluna-Bloodmoon, L50, M|100\/100\n|cant|p1b: Pachirisu|slp\n|move|p1a: Iron Hands|Drain Punch|p2a: Freddy FazBear\n|-supereffective|p2a: Freddy FazBear\n|-damage|p2a: Freddy FazBear|0 fnt\n|-heal|p1a: Iron Hands|93\/100|[from] drain|[of] p2a: Freddy FazBear\n|faint|p2a: Freddy FazBear\n|move|p2b: Baller|Clear Smog|p1a: Iron Hands\n|-damage|p1a: Iron Hands|77\/100\n|-clearboost|p1a: Iron Hands\n|\n|upkeep\n|\n|t:|1700103487\n|switch|p2a: SSJ4 Goku|Infernape, L50, M|100\/100\n|turn|3\n|\n|t:|1700103497\n|move|p2a: SSJ4 Goku|Fake Out|p1a: Iron Hands\n|-damage|p1a: Iron Hands|67\/100\n|-damage|p2a: SSJ4 Goku|91\/100|[from] item: Life Orb\n|-curestatus|p1b: Pachirisu|slp|[msg]\n|move|p1b: Pachirisu|Follow Me|p1b: Pachirisu\n|-singleturn|p1b: Pachirisu|move: Follow Me\n|move|p2b: Baller|Rage Powder|p2b: Baller\n|-singleturn|p2b: Baller|move: Rage Powder\n|cant|p1a: Iron Hands|flinch\n|\n|upkeep\n|turn|4\n|\n|t:|1700103510\n|move|p1b: Pachirisu|Follow Me|p1b: Pachirisu\n|-singleturn|p1b: Pachirisu|move: Follow Me\n|move|p2b: Baller|Rage Powder|p2b: Baller\n|-singleturn|p2b: Baller|move: Rage Powder\n|move|p2a: SSJ4 Goku|Bulk Up|p2a: SSJ4 Goku\n|-boost|p2a: SSJ4 Goku|atk|1\n|-boost|p2a: SSJ4 Goku|def|1\n|move|p1a: Iron Hands|Belly Drum|p1a: Iron Hands\n|-damage|p1a: Iron Hands|17\/100\n|-setboost|p1a: Iron Hands|atk|6|[from] move: Belly Drum\n|\n|upkeep\n|turn|5\n|\n|t:|1700103530\n|move|p1b: Pachirisu|Follow Me|p1b: Pachirisu\n|-singleturn|p1b: Pachirisu|move: Follow Me\n|move|p2b: Baller|Rage Powder|p2b: Baller\n|-singleturn|p2b: Baller|move: Rage Powder\n|move|p2a: SSJ4 Goku|Fire Punch|p1b: Pachirisu\n|-damage|p1b: Pachirisu|0 fnt\n|faint|p1b: Pachirisu\n|-damage|p2a: SSJ4 Goku|81\/100|[from] item: Life Orb\n|move|p1a: Iron Hands|Drain Punch|p2b: Baller\n|-resisted|p2b: Baller\n|-damage|p2b: Baller|4\/100\n|-heal|p1a: Iron Hands|58\/100|[from] drain|[of] p2b: Baller\n|\n|-heal|p2b: Baller|10\/100|[from] item: Black Sludge\n|upkeep\n|\n|t:|1700103542\n|switch|p1b: Arcanine|Arcanine, L50, M|100\/100\n|-ability|p1b: Arcanine|Intimidate|boost\n|-unboost|p2a: SSJ4 Goku|atk|1\n|-unboost|p2b: Baller|atk|1\n|turn|6\n|\n|t:|1700103554\n|switch|p2b: Mop|Samurott-Hisui, L50, M, shiny|100\/100\n|move|p1b: Arcanine|Extreme Speed|p2b: Mop\n|-damage|p2b: Mop|63\/100\n|move|p2a: SSJ4 Goku|Drain Punch|p1a: Iron Hands\n|-damage|p1a: Iron Hands|25\/100\n|-heal|p2a: SSJ4 Goku|100\/100|[from] drain|[of] p1a: Iron Hands\n|-damage|p2a: SSJ4 Goku|91\/100|[from] item: Life Orb\n|move|p1a: Iron Hands|Drain Punch|p2a: SSJ4 Goku\n|-damage|p2a: SSJ4 Goku|0 fnt\n|-heal|p1a: Iron Hands|51\/100|[from] drain|[of] p2a: SSJ4 Goku\n|faint|p2a: SSJ4 Goku\n|\n|upkeep\n|\n|t:|1700103570\n|switch|p2a: Baller|Amoonguss, L50, F|43\/100\n|turn|7\n|\n|t:|1700103582\n|-terastallize|p2b: Mop|Ghost\n|move|p2a: Baller|Rage Powder|p2a: Baller\n|-singleturn|p2a: Baller|move: Rage Powder\n|move|p2b: Mop|Ceaseless Edge|p1a: Iron Hands\n|-resisted|p1a: Iron Hands\n|-damage|p1a: Iron Hands|37\/100\n|-sidestart|p1: TheFierce_0526|Spikes\n|move|p1b: Arcanine|Fire Fang|p2a: Baller\n|-supereffective|p2a: Baller\n|-damage|p2a: Baller|0 fnt\n|faint|p2a: Baller\n|move|p1a: Iron Hands|Drain Punch|p2b: Mop\n|-immune|p2b: Mop\n|\n|upkeep\n|turn|8\n|\n|t:|1700103599\n|-terastallize|p1a: Iron Hands|Fighting\n|move|p1b: Arcanine|Extreme Speed|p2b: Mop\n|-immune|p2b: Mop\n|move|p2b: Mop|Aqua Cutter|p1a: Iron Hands\n|-damage|p1a: Iron Hands|4\/100\n|move|p1a: Iron Hands|Drain Punch|p2b: Mop\n|-immune|p2b: Mop\n|\n|upkeep\n|turn|9\n|\n|t:|1700103614\n|move|p2b: Mop|Sucker Punch|p1a: Iron Hands\n|-resisted|p1a: Iron Hands\n|-damage|p1a: Iron Hands|0 fnt\n|faint|p1a: Iron Hands\n|-end|p1a: Iron Hands|Quark Drive|[silent]\n|move|p1b: Arcanine|Fire Fang|p2b: Mop\n|-damage|p2b: Mop|17\/100\n|-enditem|p2b: Mop|Mago Berry|[eat]\n|-heal|p2b: Mop|51\/100|[from] item: Mago Berry\n|\n|upkeep\n|\n|t:|1700103621\n|switch|p1a: Slowbro|Slowbro, L50, F|100\/100\n|-damage|p1a: Slowbro|84\/100|[from] Spikes\n|turn|10\n|\n|t:|1700103629\n|move|p2b: Mop|Aqua Cutter|p1b: Arcanine\n|-supereffective|p1b: Arcanine\n|-damage|p1b: Arcanine|0 fnt\n|faint|p1b: Arcanine\n|move|p1a: Slowbro|Ice Beam|p2b: Mop\n|-damage|p2b: Mop|22\/100\n|\n|upkeep\n|turn|11\n|\n|t:|1700103641\n|move|p2b: Mop|Ceaseless Edge|p1a: Slowbro\n|-supereffective|p1a: Slowbro\n|-damage|p1a: Slowbro|9\/100\n|-sidestart|p1: TheFierce_0526|Spikes\n|move|p1a: Slowbro|Ice Beam|p2b: Mop\n|-damage|p2b: Mop|0 fnt\n|faint|p2b: Mop\n|\n|win|TheFierce_0526\n","uploadtime":1700103643,"views":15,"p1id":"thefierce0526","p2id":"mcreeps","formatid":"gen9vgc2023regulatione","rating":0,"private":0,"password":""}