{"id":"gen9vgc2023regulatione-1988484051","p1":"StupidSweepers","p2":"Alhuma85","format":"[Gen 9] VGC 2023 Regulation E","log":"|j|\u2606StupidSweepers\n|j|\u2606Alhuma85\n|t:|1699727865\n|gametype|doubles\n|player|p1|StupidSweepers|burglar|1100\n|player|p2|Alhuma85|ethan-masters|1034\n|teamsize|p1|6\n|teamsize|p2|6\n|gen|9\n|tier|[Gen 9] VGC 2023 Regulation E\n|rated|\n|rule|Species Clause: Limit one of each Pok\u00e9mon\n|rule|Item Clause: Limit one of each item\n|clearpoke\n|poke|p1|Cyclizar, L50, M|\n|poke|p1|Chien-Pao, L50|\n|poke|p1|Arcanine-Hisui, L50, M|\n|poke|p1|Urshifu-*, L50, M|\n|poke|p1|Tornadus, L50, M|\n|poke|p1|Gholdengo, L50|\n|poke|p2|Murkrow, L50, M|\n|poke|p2|Gholdengo, L50|\n|poke|p2|Sylveon, L50, M|\n|poke|p2|Iron Bundle, L50|\n|poke|p2|Rillaboom, L50, M|\n|poke|p2|Arcanine-Hisui, L50, M|\n|teampreview|4\n|\n|t:|1699727904\n|start\n|switch|p1a: Cyclizar|Cyclizar, L50, M|100\/100\n|switch|p1b: Tornadus|Tornadus, L50, M|100\/100\n|switch|p2a: Murkrow|Murkrow, L50, M, shiny|100\/100\n|switch|p2b: Gholdengo|Gholdengo, L50|100\/100\n|turn|1\n|\n|t:|1699727931\n|move|p1b: Tornadus|Taunt|p2b: Gholdengo\n|-immune|p2b: Gholdengo|[from] ability: Good as Gold\n|move|p2a: Murkrow|Taunt|p1b: Tornadus\n|-start|p1b: Tornadus|move: Taunt\n|move|p1a: Cyclizar|Shed Tail|p1a: Cyclizar\n|-start|p1a: Cyclizar|Substitute|[from] move: Shed Tail\n|-damage|p1a: Cyclizar|50\/100\n|\n|t:|1699727940\n|switch|p1a: Gholdengo|Gholdengo, L50|100\/100|[from] Shed Tail\n|move|p2b: Gholdengo|Nasty Plot|p2b: Gholdengo\n|-boost|p2b: Gholdengo|spa|2\n|\n|upkeep\n|turn|2\n|\n|t:|1699727973\n|-terastallize|p2b: Gholdengo|Steel\n|move|p1b: Tornadus|Bleakwind Storm|p2b: Gholdengo|[spread] p2a,p2b\n|-resisted|p2b: Gholdengo\n|-damage|p2a: Murkrow|56\/100\n|-damage|p2b: Gholdengo|77\/100\n|move|p2b: Gholdengo|Shadow Ball|p1a: Gholdengo\n|-supereffective|p1a: Gholdengo\n|-end|p1a: Gholdengo|Substitute\n|move|p1a: Gholdengo|Shadow Ball|p2b: Gholdengo\n|-damage|p2b: Gholdengo|28\/100\n|move|p2a: Murkrow|Foul Play|p1a: Gholdengo\n|-supereffective|p1a: Gholdengo\n|-damage|p1a: Gholdengo|67\/100\n|\n|-heal|p2b: Gholdengo|34\/100|[from] item: Leftovers\n|-heal|p1a: Gholdengo|73\/100|[from] item: Leftovers\n|upkeep\n|turn|3\n|\n|t:|1699728003\n|move|p1a: Gholdengo|Protect|p1a: Gholdengo\n|-singleturn|p1a: Gholdengo|Protect\n|move|p2a: Murkrow|Quash|p1a: Gholdengo\n|-activate|p1a: Gholdengo|move: Protect\n|move|p1b: Tornadus|Bleakwind Storm|p2a: Murkrow|[spread] p2b\n|-miss|p1b: Tornadus|p2a: Murkrow\n|-resisted|p2b: Gholdengo\n|-damage|p2b: Gholdengo|11\/100\n|move|p2b: Gholdengo|Shadow Ball|p1a: Gholdengo\n|-activate|p1a: Gholdengo|move: Protect\n|\n|-heal|p2b: Gholdengo|17\/100|[from] item: Leftovers\n|-heal|p1a: Gholdengo|80\/100|[from] item: Leftovers\n|upkeep\n|turn|4\n|\n|t:|1699728022\n|switch|p1a: Cyclizar|Cyclizar, L50, M|83\/100\n|move|p2a: Murkrow|Quash||[still]\n|-fail|p2a: Murkrow\n|move|p1b: Tornadus|Bleakwind Storm|p2b: Gholdengo|[spread] p2a,p2b\n|-crit|p2a: Murkrow\n|-resisted|p2b: Gholdengo\n|-damage|p2a: Murkrow|0 fnt\n|-damage|p2b: Gholdengo|0 fnt\n|faint|p2a: Murkrow\n|faint|p2b: Gholdengo\n|\n|-end|p1b: Tornadus|move: Taunt\n|upkeep\n|\n|t:|1699728033\n|switch|p2b: Arcanine|Arcanine-Hisui, L50, M, shiny|100\/100\n|switch|p2a: Sylveon|Sylveon, L50, M, shiny|100\/100\n|-ability|p2b: Arcanine|Intimidate|boost\n|-unboost|p1a: Cyclizar|atk|1\n|-unboost|p1b: Tornadus|atk|1\n|turn|5\n|\n|t:|1699728066\n|move|p1b: Tornadus|Tailwind|p1b: Tornadus\n|-sidestart|p1: StupidSweepers|move: Tailwind\n|move|p1a: Cyclizar|Shed Tail|p1a: Cyclizar\n|-start|p1a: Cyclizar|Substitute|[from] move: Shed Tail\n|-damage|p1a: Cyclizar|33\/100\n|\n|t:|1699728071\n|switch|p1a: Arcanine|Arcanine-Hisui, L50, M|100\/100|[from] Shed Tail\n|-ability|p1a: Arcanine|Intimidate|boost\n|-unboost|p2a: Sylveon|atk|1\n|-unboost|p2b: Arcanine|atk|1\n|move|p2b: Arcanine|Rock Slide|p1a: Arcanine|[spread] p1a,p1b\n|-supereffective|p1a: Arcanine\n|-end|p1a: Arcanine|Substitute\n|-supereffective|p1b: Tornadus\n|-damage|p1b: Tornadus|64\/100\n|move|p2a: Sylveon|Hyper Voice|p1b: Tornadus|[spread] p1a,p1b\n|-resisted|p1a: Arcanine\n|-crit|p1b: Tornadus\n|-damage|p1a: Arcanine|59\/100\n|-damage|p1b: Tornadus|0 fnt\n|faint|p1b: Tornadus\n|\n|upkeep\n|\n|t:|1699728088\n|switch|p1b: Gholdengo|Gholdengo, L50|80\/100\n|turn|6\n|\n|t:|1699728104\n|move|p1a: Arcanine|Rock Slide|p2a: Sylveon|[spread] p2a,p2b\n|-supereffective|p2b: Arcanine\n|-damage|p2a: Sylveon|42\/100\n|-damage|p2b: Arcanine|21\/100\n|-enditem|p2b: Arcanine|Sitrus Berry|[eat]\n|-heal|p2b: Arcanine|46\/100|[from] item: Sitrus Berry\n|move|p1b: Gholdengo|Make It Rain|p2a: Sylveon|[spread] p2a,p2b\n|-supereffective|p2a: Sylveon\n|-damage|p2a: Sylveon|0 fnt\n|-damage|p2b: Arcanine|0 fnt\n|-unboost|p1b: Gholdengo|spa|1\n|faint|p2a: Sylveon\n|faint|p2b: Arcanine\n|\n|win|StupidSweepers\n|raw|StupidSweepers's rating: 1100 &rarr; <strong>1120<\/strong><br \/>(+20 for winning)\n|raw|Alhuma85's rating: 1034 &rarr; <strong>1022<\/strong><br \/>(-12 for losing)\n|c|\u2606StupidSweepers|gg\n","uploadtime":1699728116,"views":11,"p1id":"stupidsweepers","p2id":"alhuma85","formatid":"gen9vgc2023regulatione","rating":1022,"private":0,"password":""}