{"id":"gen9vgc2023regulatione-1989310024","p1":"Heyo16","p2":"bragacanti","format":"[Gen 9] VGC 2023 Regulation E","log":"|j|\u2606Heyo16\n|j|\u2606bragacanti\n|t:|1699834795\n|gametype|doubles\n|player|p1|Heyo16|170|1028\n|player|p2|bragacanti|102|1049\n|teamsize|p1|6\n|teamsize|p2|6\n|gen|9\n|tier|[Gen 9] VGC 2023 Regulation E\n|rated|\n|rule|Species Clause: Limit one of each Pok\u00e9mon\n|rule|Item Clause: Limit one of each item\n|clearpoke\n|poke|p1|Politoed, L50, M|\n|poke|p1|Basculegion, L50, M|\n|poke|p1|Urshifu-*, L50, F|\n|poke|p1|Iron Hands, L50|\n|poke|p1|Flutter Mane, L50|\n|poke|p1|Gothitelle, L50, M|\n|poke|p2|Iron Hands, L50|\n|poke|p2|Landorus-Therian, L50, M|\n|poke|p2|Flutter Mane, L50|\n|poke|p2|Amoonguss, L50, F|\n|poke|p2|Cloyster, L50, M|\n|poke|p2|Heatran, L50, M|\n|teampreview|4\n|inactive|Battle timer is ON: inactive players will automatically lose when time's up. (requested by Heyo16)\nbragacanti rejected open team sheets.\n|\n|t:|1699834827\n|start\n|switch|p1a: Politoed|Politoed, L50, M|100\/100\n|switch|p1b: Gothitelle|Gothitelle, L50, M|100\/100\n|switch|p2a: Amoonguss|Amoonguss, L50, F|100\/100\n|switch|p2b: Iron Hands|Iron Hands, L50|100\/100\n|-weather|RainDance|[from] ability: Drizzle|[of] p1a: Politoed\n|turn|1\n|inactive|bragacanti has 30 seconds left.\n|\n|t:|1699834853\n|move|p1b: Gothitelle|Protect|p1b: Gothitelle\n|-singleturn|p1b: Gothitelle|Protect\n|move|p2a: Amoonguss|Rage Powder|p2a: Amoonguss\n|-singleturn|p2a: Amoonguss|move: Rage Powder\n|move|p1a: Politoed|Perish Song|p1a: Politoed\n|-start|p1a: Politoed|perish3|[silent]\n|-start|p1b: Gothitelle|perish3|[silent]\n|-start|p2a: Amoonguss|perish3|[silent]\n|-start|p2b: Iron Hands|perish3|[silent]\n|-fieldactivate|move: Perish Song\n|move|p2b: Iron Hands|Wild Charge|p1a: Politoed\n|-supereffective|p1a: Politoed\n|-damage|p1a: Politoed|0 fnt\n|faint|p1a: Politoed\n|-damage|p2b: Iron Hands|82\/100|[from] Recoil\n|\n|-weather|RainDance|[upkeep]\n|-start|p1b: Gothitelle|perish3\n|-start|p2b: Iron Hands|perish3\n|-start|p2a: Amoonguss|perish3\n|upkeep\n|\n|t:|1699834863\n|switch|p1a: Iron Hands|Iron Hands, L50|100\/100\n|turn|2\n|\n|t:|1699834879\n|move|p1a: Iron Hands|Fake Out|p2a: Amoonguss\n|-damage|p2a: Amoonguss|84\/100\n|move|p1b: Gothitelle|Calm Mind|p1b: Gothitelle\n|-boost|p1b: Gothitelle|spa|1\n|-boost|p1b: Gothitelle|spd|1\n|move|p2b: Iron Hands|Wild Charge|p1b: Gothitelle\n|-damage|p1b: Gothitelle|9\/100\n|-damage|p2b: Iron Hands|66\/100|[from] Recoil\n|cant|p2a: Amoonguss|flinch\n|\n|-weather|RainDance|[upkeep]\n|-start|p1b: Gothitelle|perish2\n|-start|p2b: Iron Hands|perish2\n|-start|p2a: Amoonguss|perish2\n|upkeep\n|turn|3\n|\n|t:|1699834896\n|move|p1b: Gothitelle|Protect|p1b: Gothitelle\n|-singleturn|p1b: Gothitelle|Protect\n|move|p1a: Iron Hands|Drain Punch|p2b: Iron Hands\n|-damage|p2b: Iron Hands|39\/100\n|move|p2b: Iron Hands|Wild Charge|p1a: Iron Hands\n|-resisted|p1a: Iron Hands\n|-damage|p1a: Iron Hands|76\/100\n|-damage|p2b: Iron Hands|33\/100|[from] Recoil\n|move|p2a: Amoonguss|Spore|p1a: Iron Hands\n|-status|p1a: Iron Hands|slp|[from] move: Spore\n|\n|-weather|RainDance|[upkeep]\n|-start|p1b: Gothitelle|perish1\n|-start|p2b: Iron Hands|perish1\n|-start|p2a: Amoonguss|perish1\n|upkeep\n|turn|4\n|\n|t:|1699834915\n|move|p1b: Gothitelle|Psychic|p2b: Iron Hands\n|-supereffective|p2b: Iron Hands\n|-damage|p2b: Iron Hands|0 fnt\n|faint|p2b: Iron Hands\n|-end|p2b: Iron Hands|Quark Drive|[silent]\n|cant|p1a: Iron Hands|slp\n|move|p2a: Amoonguss|Pollen Puff|p1b: Gothitelle\n|-supereffective|p1b: Gothitelle\n|-damage|p1b: Gothitelle|0 fnt\n|faint|p1b: Gothitelle\n|\n|-weather|RainDance|[upkeep]\n|-start|p2a: Amoonguss|perish0\n|upkeep\n|faint|p2a: Amoonguss\n|\n|t:|1699834927\n|switch|p1b: Urshifu|Urshifu-Rapid-Strike, L50, F|100\/100\n|switch|p2b: Flutter Mane|Flutter Mane, L50|100\/100\n|switch|p2a: Cloyster|Cloyster, L50, M|100\/100\n|-enditem|p2b: Flutter Mane|Booster Energy\n|-activate|p2b: Flutter Mane|ability: Protosynthesis|[fromitem]\n|-start|p2b: Flutter Mane|protosynthesisspe\n|turn|5\n|inactive|bragacanti has 30 seconds left.\n|inactive|bragacanti has 20 seconds left.\n|inactive|bragacanti has 15 seconds left.\n|\n|t:|1699834969\n|-terastallize|p1b: Urshifu|Water\n|-terastallize|p2a: Cloyster|Water\n|move|p2b: Flutter Mane|Protect|p2b: Flutter Mane\n|-singleturn|p2b: Flutter Mane|Protect\n|move|p1b: Urshifu|Surging Strikes|p2b: Flutter Mane\n|-crit|p2b: Flutter Mane\n|-damage|p2b: Flutter Mane|14\/100\n|-crit|p2b: Flutter Mane\n|-damage|p2b: Flutter Mane|0 fnt\n|faint|p2b: Flutter Mane\n|-end|p2b: Flutter Mane|Protosynthesis|[silent]\n|-hitcount|p2: Flutter Mane|2\n|move|p2a: Cloyster|Ice Beam|p1a: Iron Hands\n|-damage|p1a: Iron Hands|54\/100 slp\n|-curestatus|p1a: Iron Hands|slp|[msg]\n|move|p1a: Iron Hands|Wild Charge|p2a: Cloyster\n|-supereffective|p2a: Cloyster\n|-damage|p2a: Cloyster|15\/100\n|-damage|p1a: Iron Hands|38\/100|[from] item: Rocky Helmet|[of] p2a: Cloyster\n|-damage|p1a: Iron Hands|27\/100|[from] Recoil\n|\n|-weather|none\n|upkeep\n|turn|6\n|\n|t:|1699834988\n|move|p1b: Urshifu|Surging Strikes|p2a: Cloyster\n|-resisted|p2a: Cloyster\n|-damage|p2a: Cloyster|8\/100\n|-damage|p1b: Urshifu|84\/100|[from] item: Rocky Helmet|[of] p2a: Cloyster\n|-resisted|p2a: Cloyster\n|-damage|p2a: Cloyster|1\/100\n|-damage|p1b: Urshifu|67\/100|[from] item: Rocky Helmet|[of] p2a: Cloyster\n|-resisted|p2a: Cloyster\n|-damage|p2a: Cloyster|0 fnt\n|-damage|p1b: Urshifu|51\/100|[from] item: Rocky Helmet|[of] p2a: Cloyster\n|faint|p2a: Cloyster\n|-hitcount|p2: Cloyster|3\n|\n|win|Heyo16\n|raw|Heyo16's rating: 1028 &rarr; <strong>1066<\/strong><br \/>(+38 for winning)\n|raw|bragacanti's rating: 1049 &rarr; <strong>1031<\/strong><br \/>(-18 for losing)\n|l|\u2606bragacanti\n","uploadtime":1699835012,"views":11,"p1id":"heyo16","p2id":"bragacanti","formatid":"gen9vgc2023regulatione","rating":1031,"private":0,"password":""}