{"id":"gen9vgc2023regulatione-1988854086","p1":"joshferd","p2":"non_tox1c","format":"[Gen 9] VGC 2023 Regulation E","log":"|j|\u2606joshferd\n|j|\u2606non_tox1c\n|t:|1699774370\n|gametype|doubles\n|player|p1|joshferd|1|1075\n|player|p2|non_tox1c|steven|1000\n|teamsize|p1|6\n|teamsize|p2|6\n|gen|9\n|tier|[Gen 9] VGC 2023 Regulation E\n|rated|\n|rule|Species Clause: Limit one of each Pok\u00e9mon\n|rule|Item Clause: Limit one of each item\n|clearpoke\n|poke|p1|Rotom-Wash, L50|\n|poke|p1|Oranguru, L50, F|\n|poke|p1|Ursaluna, L50, M|\n|poke|p1|Haunter, L50, M|\n|poke|p1|Skiploom, L50, F|\n|poke|p1|Tornadus, L50, M|\n|poke|p2|Arboliva, L50, M|\n|poke|p2|Amoonguss, L50, F|\n|poke|p2|Rillaboom, L50, M|\n|poke|p2|Urshifu-*, L50, M|\n|poke|p2|Ogerpon-Wellspring, L50, F|\n|poke|p2|Heatran, L50, M|\n|teampreview|4\n|inactive|Battle timer is ON: inactive players will automatically lose when time's up. (requested by non_tox1c)\nnon_tox1c has agreed to open team sheets.\njoshferd has agreed to open team sheets.\n|\n|t:|1699774391\n|start\n|switch|p1a: Haunter|Haunter, L50, M|100\/100\n|switch|p1b: Tornadus|Tornadus, L50, M|100\/100\n|switch|p2a: Arboliva|Arboliva, L50, M, shiny|100\/100\n|switch|p2b: Rillaboom|Rillaboom, L50, M, shiny|100\/100\n|-fieldstart|move: Grassy Terrain|[from] ability: Grassy Surge|[of] p2b: Rillaboom\n|turn|1\n|inactive|joshferd has 30 seconds left.\n|\n|t:|1699774418\n|move|p2b: Rillaboom|Fake Out|p1b: Tornadus\n|-crit|p1b: Tornadus\n|-damage|p1b: Tornadus|72\/100\n|-damage|p2b: Rillaboom|91\/100|[from] item: Life Orb\n|move|p1a: Haunter|Sludge Bomb|p2b: Rillaboom\n|-supereffective|p2b: Rillaboom\n|-damage|p2b: Rillaboom|0 fnt\n|faint|p2b: Rillaboom\n|cant|p1b: Tornadus|flinch\n|move|p2a: Arboliva|Leech Seed|p1a: Haunter\n|-start|p1a: Haunter|move: Leech Seed\n|\n|-damage|p1a: Haunter|88\/100|[from] Leech Seed|[of] p2a: Arboliva\n|upkeep\n|\n|t:|1699774433\n|switch|p2b: Amoonguss|Amoonguss, L50, F|100\/100\n|turn|2\n|\n|t:|1699774441\n|move|p1b: Tornadus|Tailwind|p1b: Tornadus\n|-sidestart|p1: joshferd|move: Tailwind\n|move|p1a: Haunter|Sludge Bomb|p2a: Arboliva\n|-supereffective|p2a: Arboliva\n|-damage|p2a: Arboliva|32\/100\n|move|p2a: Arboliva|Leech Seed|p1b: Tornadus\n|-start|p1b: Tornadus|move: Leech Seed\n|move|p2b: Amoonguss|Spore|p1a: Haunter\n|-status|p1a: Haunter|slp|[from] move: Spore\n|\n|-heal|p2a: Arboliva|38\/100|[from] Grassy Terrain\n|-heal|p2a: Arboliva|44\/100|[from] item: Leftovers\n|-damage|p1a: Haunter|76\/100 slp|[from] Leech Seed|[of] p2a: Arboliva\n|-heal|p2a: Arboliva|52\/100|[silent]\n|-damage|p1b: Tornadus|59\/100|[from] Leech Seed|[of] p2a: Arboliva\n|-heal|p2a: Arboliva|64\/100|[silent]\n|upkeep\n|turn|3\n|\n|t:|1699774459\n|switch|p1b: Skiploom|Skiploom, L50, F|100\/100\n|cant|p1a: Haunter|slp\n|move|p2a: Arboliva|Strength Sap|p1b: Skiploom\n|-unboost|p1b: Skiploom|atk|1\n|-heal|p2a: Arboliva|89\/100\n|move|p2b: Amoonguss|Spore|p1b: Skiploom\n|-immune|p1b: Skiploom\n|\n|-heal|p2a: Arboliva|95\/100|[from] Grassy Terrain\n|-heal|p2a: Arboliva|100\/100|[from] item: Leftovers\n|-damage|p1a: Haunter|63\/100 slp|[from] Leech Seed|[of] p2a: Arboliva\n|upkeep\n|turn|4\n|\n|t:|1699774483\n|cant|p1a: Haunter|slp\n|move|p1b: Skiploom|Cotton Guard|p1b: Skiploom\n|-boost|p1b: Skiploom|def|3\n|move|p2a: Arboliva|Pollen Puff|p1b: Skiploom\n|-damage|p1b: Skiploom|78\/100\n|move|p2b: Amoonguss|Sludge Bomb|p1a: Haunter\n|-resisted|p1a: Haunter\n|-damage|p1a: Haunter|46\/100 slp\n|\n|-damage|p1a: Haunter|34\/100 slp|[from] Leech Seed|[of] p2a: Arboliva\n|upkeep\n|turn|5\n|inactive|joshferd has 30 seconds left.\n|\n|t:|1699774509\n|cant|p1a: Haunter|slp\n|move|p1b: Skiploom|Pollen Puff|p1a: Haunter\n|-heal|p1a: Haunter|83\/100 slp\n|move|p2a: Arboliva|Strength Sap|p1a: Haunter\n|-unboost|p1a: Haunter|atk|1\n|move|p2b: Amoonguss|Sludge Bomb|p1b: Skiploom\n|-supereffective|p1b: Skiploom\n|-damage|p1b: Skiploom|27\/100\n|\n|-damage|p1a: Haunter|71\/100 slp|[from] Leech Seed|[of] p2a: Arboliva\n|-sideend|p1: joshferd|move: Tailwind\n|-fieldend|move: Grassy Terrain\n|upkeep\n|turn|6\n|\n|t:|1699774531\n|-curestatus|p1a: Haunter|slp|[msg]\n|move|p1a: Haunter|Sludge Bomb|p2a: Arboliva\n|-supereffective|p2a: Arboliva\n|-damage|p2a: Arboliva|38\/100\n|-status|p2a: Arboliva|psn\n|-fieldstart|move: Grassy Terrain|[from] ability: Seed Sower|[of] p2a: Arboliva\n|move|p1b: Skiploom|Strength Sap|p2a: Arboliva\n|-unboost|p2a: Arboliva|atk|1\n|-heal|p1b: Skiploom|78\/100\n|move|p2a: Arboliva|Leech Seed|p1b: Skiploom\n|-immune|p1b: Skiploom\n|move|p2b: Amoonguss|Sludge Bomb|p1b: Skiploom\n|-supereffective|p1b: Skiploom\n|-damage|p1b: Skiploom|27\/100\n|\n|-heal|p2a: Arboliva|44\/100 psn|[from] Grassy Terrain\n|-heal|p2a: Arboliva|50\/100 psn|[from] item: Leftovers\n|-damage|p1a: Haunter|58\/100|[from] Leech Seed|[of] p2a: Arboliva\n|-heal|p2a: Arboliva|58\/100 psn|[silent]\n|-damage|p2a: Arboliva|45\/100 psn|[from] psn\n|upkeep\n|turn|7\n|inactive|joshferd has 30 seconds left.\n|\n|t:|1699774565\n|move|p1a: Haunter|Protect|p1a: Haunter\n|-singleturn|p1a: Haunter|Protect\n|move|p2a: Arboliva|Protect|p2a: Arboliva\n|-singleturn|p2a: Arboliva|Protect\n|move|p1b: Skiploom|Strength Sap|p2b: Amoonguss\n|-unboost|p2b: Amoonguss|atk|1\n|-heal|p1b: Skiploom|89\/100\n|move|p2b: Amoonguss|Spore|p1a: Haunter\n|-activate|p1a: Haunter|move: Protect\n|\n|-heal|p2a: Arboliva|51\/100 psn|[from] Grassy Terrain\n|-heal|p2a: Arboliva|57\/100 psn|[from] item: Leftovers\n|-damage|p1a: Haunter|46\/100|[from] Leech Seed|[of] p2a: Arboliva\n|-heal|p2a: Arboliva|65\/100 psn|[silent]\n|-damage|p2a: Arboliva|53\/100 psn|[from] psn\n|upkeep\n|turn|8\n|inactive|non_tox1c has 30 seconds left.\n|inactive|non_tox1c has 20 seconds left.\n|\n|t:|1699774602\n|move|p1b: Skiploom|Rage Powder|p1b: Skiploom\n|-singleturn|p1b: Skiploom|move: Rage Powder\n|move|p1a: Haunter|Sludge Bomb|p2a: Arboliva\n|-supereffective|p2a: Arboliva\n|-damage|p2a: Arboliva|0 fnt\n|faint|p2a: Arboliva\n|move|p2b: Amoonguss|Sludge Bomb|p1b: Skiploom\n|-supereffective|p1b: Skiploom\n|-damage|p1b: Skiploom|39\/100\n|\n|upkeep\n|\n|t:|1699774610\n|switch|p2a: Urshifu|Urshifu, L50, M|100\/100\n|turn|9\n|\n|t:|1699774634\n|move|p2a: Urshifu|Bulk Up|p2a: Urshifu\n|-boost|p2a: Urshifu|atk|1\n|-boost|p2a: Urshifu|def|1\n|move|p1a: Haunter|Sludge Bomb|p2a: Urshifu\n|-damage|p2a: Urshifu|25\/100\n|-status|p2a: Urshifu|psn\n|-enditem|p2a: Urshifu|Wiki Berry|[eat]\n|-heal|p2a: Urshifu|58\/100 psn|[from] item: Wiki Berry\n|-start|p2a: Urshifu|confusion\n|move|p1b: Skiploom|Strength Sap|p2a: Urshifu\n|-unboost|p2a: Urshifu|atk|1\n|-heal|p1b: Skiploom|100\/100\n|move|p2b: Amoonguss|Spore|p1a: Haunter\n|-status|p1a: Haunter|slp|[from] move: Spore\n|\n|-heal|p2a: Urshifu|64\/100 psn|[from] Grassy Terrain\n|-damage|p1a: Haunter|34\/100 slp|[from] Leech Seed|[of] p2a: Urshifu\n|-heal|p2a: Urshifu|72\/100 psn|[silent]\n|-damage|p2a: Urshifu|60\/100 psn|[from] psn\n|upkeep\n|turn|10\n|inactive|joshferd has 30 seconds left.\n|\n|t:|1699774668\n|cant|p1a: Haunter|slp\n|-activate|p2a: Urshifu|confusion\n|-damage|p2a: Urshifu|51\/100 psn|[from] confusion\n|move|p1b: Skiploom|Pollen Puff|p1a: Haunter\n|-heal|p1a: Haunter|83\/100 slp\n|move|p2b: Amoonguss|Pollen Puff|p2a: Urshifu\n|-heal|p2a: Urshifu|100\/100 psn\n|\n|-damage|p1a: Haunter|71\/100 slp|[from] Leech Seed|[of] p2a: Urshifu\n|-damage|p2a: Urshifu|88\/100 psn|[from] psn\n|-fieldend|move: Grassy Terrain\n|upkeep\n|turn|11\n|\n|t:|1699774688\n|switch|p1a: Tornadus|Tornadus, L50, M|59\/100\n|-activate|p2a: Urshifu|confusion\n|-damage|p2a: Urshifu|78\/100 psn|[from] confusion\n|move|p1b: Skiploom|Pollen Puff|p1a: Tornadus\n|-heal|p1a: Tornadus|100\/100\n|move|p2b: Amoonguss|Sludge Bomb|p1b: Skiploom\n|-supereffective|p1b: Skiploom\n|-damage|p1b: Skiploom|44\/100\n|\n|-damage|p2a: Urshifu|66\/100 psn|[from] psn\n|upkeep\n|turn|12\n|\n|t:|1699774706\n|-activate|p2a: Urshifu|confusion\n|move|p2a: Urshifu|Wicked Blow|p1b: Skiploom\n|-crit|p1b: Skiploom\n|-damage|p1b: Skiploom|0 fnt\n|faint|p1b: Skiploom\n|move|p1a: Tornadus|Bleakwind Storm|p2b: Amoonguss|[spread] p2a\n|-miss|p1a: Tornadus|p2b: Amoonguss\n|-supereffective|p2a: Urshifu\n|-crit|p2a: Urshifu\n|-damage|p2a: Urshifu|0 fnt\n|faint|p2a: Urshifu\n|move|p2b: Amoonguss|Spore|p1a: Tornadus\n|-status|p1a: Tornadus|slp|[from] move: Spore\n|\n|upkeep\n|\n|t:|1699774718\n|switch|p1b: Haunter|Haunter, L50, M|71\/100 slp\n|turn|13\n|\n|t:|1699774725\n|cant|p1b: Haunter|slp\n|cant|p1a: Tornadus|slp\n|move|p2b: Amoonguss|Sludge Bomb|p1a: Tornadus\n|-damage|p1a: Tornadus|70\/100 slp\n|\n|upkeep\n|turn|14\n|\n|t:|1699774735\n|-curestatus|p1b: Haunter|slp|[msg]\n|move|p1b: Haunter|Protect|p1b: Haunter\n|-singleturn|p1b: Haunter|Protect\n|cant|p1a: Tornadus|slp\n|move|p2b: Amoonguss|Sludge Bomb|p1a: Tornadus\n|-damage|p1a: Tornadus|43\/100 slp\n|\n|upkeep\n|turn|15\n|\n|t:|1699774749\n|-curestatus|p1a: Tornadus|slp|[msg]\n|move|p1a: Tornadus|Taunt|p2b: Amoonguss\n|-start|p2b: Amoonguss|move: Taunt\n|move|p1b: Haunter|Nasty Plot|p1b: Haunter\n|-boost|p1b: Haunter|spa|2\n|cant|p2b: Amoonguss|move: Taunt|Spore\n|\n|upkeep\n|turn|16\n|\n|t:|1699774760\n|move|p1a: Tornadus|Tailwind|p1a: Tornadus\n|-sidestart|p1: joshferd|move: Tailwind\n|move|p1b: Haunter|Nasty Plot|p1b: Haunter\n|-boost|p1b: Haunter|spa|2\n|move|p2b: Amoonguss|Sludge Bomb|p1a: Tornadus\n|-damage|p1a: Tornadus|16\/100\n|\n|upkeep\n|turn|17\n|\n|t:|1699774774\n|switch|p1a: Rotom|Rotom-Wash, L50|100\/100\n|move|p1b: Haunter|Nasty Plot|p1b: Haunter\n|-boost|p1b: Haunter|spa|2\n|move|p2b: Amoonguss|Sludge Bomb|p1a: Rotom\n|-damage|p1a: Rotom|71\/100\n|\n|-end|p2b: Amoonguss|move: Taunt\n|upkeep\n|turn|18\n|\n|t:|1699774791\n|move|p1b: Haunter|Protect|p1b: Haunter\n|-singleturn|p1b: Haunter|Protect\n|move|p1a: Rotom|Trick|p2b: Amoonguss\n|-activate|p1a: Rotom|move: Trick|[of] p2b: Amoonguss\n|-item|p2b: Amoonguss|Choice Specs|[from] move: Trick\n|-item|p1a: Rotom|Rocky Helmet|[from] move: Trick\n|move|p2b: Amoonguss|Spore|p1b: Haunter\n|-activate|p1b: Haunter|move: Protect\n|\n|upkeep\n|turn|19\n|\n|t:|1699774802\n|switch|p1a: Tornadus|Tornadus, L50, M|16\/100\n|move|p1b: Haunter|Protect|p1b: Haunter\n|-singleturn|p1b: Haunter|Protect\n|move|p2b: Amoonguss|Spore|p1b: Haunter\n|-activate|p1b: Haunter|move: Protect\n|\n|-sideend|p1: joshferd|move: Tailwind\n|upkeep\n|turn|20\n|\n|t:|1699774812\n|move|p1a: Tornadus|Taunt|p2b: Amoonguss\n|-start|p2b: Amoonguss|move: Taunt\n|move|p1b: Haunter|Nasty Plot|p1b: Haunter\n|-boost|p1b: Haunter|spa|0\n|cant|p2b: Amoonguss|move: Taunt|Spore\n|\n|upkeep\n|turn|21\n|\n|t:|1699774821\n|move|p1a: Tornadus|Rain Dance|p1a: Tornadus\n|-weather|RainDance\n|move|p1b: Haunter|Nasty Plot|p1b: Haunter\n|-boost|p1b: Haunter|spa|0\n|-activate|p2b: Amoonguss|move: Struggle\n|move|p2b: Amoonguss|Struggle|p1b: Haunter\n|-damage|p1b: Haunter|56\/100\n|-damage|p2b: Amoonguss|75\/100|[from] recoil\n|\n|-weather|RainDance|[upkeep]\n|upkeep\n|turn|22\n|\n|t:|1699774833\n|move|p1a: Tornadus|Tailwind|p1a: Tornadus\n|-sidestart|p1: joshferd|move: Tailwind\n|move|p1b: Haunter|Nasty Plot|p1b: Haunter\n|-boost|p1b: Haunter|spa|0\n|-activate|p2b: Amoonguss|move: Struggle\n|move|p2b: Amoonguss|Struggle|p1b: Haunter\n|-damage|p1b: Haunter|40\/100\n|-damage|p2b: Amoonguss|50\/100|[from] recoil\n|\n|-weather|RainDance|[upkeep]\n|-end|p2b: Amoonguss|move: Taunt\n|upkeep\n|turn|23\n|\n|t:|1699774845\n|move|p1a: Tornadus|Taunt|p2b: Amoonguss\n|-start|p2b: Amoonguss|move: Taunt\n|move|p1b: Haunter|Nasty Plot|p1b: Haunter\n|-boost|p1b: Haunter|spa|0\n|cant|p2b: Amoonguss|move: Taunt|Spore\n|\n|-weather|RainDance|[upkeep]\n|upkeep\n|turn|24\n|\n|t:|1699774855\n|move|p1a: Tornadus|Rain Dance||[still]\n|-fail|p1a: Tornadus\n|move|p1b: Haunter|Nasty Plot|p1b: Haunter\n|-boost|p1b: Haunter|spa|0\n|-activate|p2b: Amoonguss|move: Struggle\n|move|p2b: Amoonguss|Struggle|p1b: Haunter\n|-damage|p1b: Haunter|26\/100\n|-damage|p2b: Amoonguss|25\/100|[from] recoil\n|\n|-weather|RainDance|[upkeep]\n|upkeep\n|turn|25\n|\n|t:|1699774871\n|move|p1a: Tornadus|Taunt||[still]\n|-fail|p1a: Tornadus\n|move|p1b: Haunter|Nasty Plot|p1b: Haunter\n|-boost|p1b: Haunter|spa|0\n|-activate|p2b: Amoonguss|move: Struggle\n|move|p2b: Amoonguss|Struggle|p1a: Tornadus\n|-damage|p1a: Tornadus|10\/100\n|-damage|p2b: Amoonguss|0 fnt|[from] recoil\n|faint|p2b: Amoonguss\n|\n|win|joshferd\n|raw|joshferd's rating: 1075 &rarr; <strong>1098<\/strong><br \/>(+23 for winning)\n|raw|non_tox1c's rating: 1000 &rarr; <strong>1000<\/strong><br \/>(+0 for losing)\n","uploadtime":1699774884,"views":45,"p1id":"joshferd","p2id":"nontox1c","formatid":"gen9vgc2023regulatione","rating":1000,"private":0,"password":""}