{"id":"gen9vgc2023regulatione-1988633367","p1":"Prosarjaime","p2":"Steakman5","format":"[Gen 9] VGC 2023 Regulation E","log":"|j|\u2606Prosarjaime\n|j|\u2606Steakman5\n|t:|1699744304\n|gametype|doubles\n|player|p1|Prosarjaime|hilbert-wonderlauncher|1172\n|player|p2|Steakman5|acetrainer|1218\n|teamsize|p1|6\n|teamsize|p2|6\n|gen|9\n|tier|[Gen 9] VGC 2023 Regulation E\n|rated|\n|rule|Species Clause: Limit one of each Pok\u00e9mon\n|rule|Item Clause: Limit one of each item\n|clearpoke\n|poke|p1|Dusclops, L50, F|\n|poke|p1|Ursaluna-Bloodmoon, L50, M|\n|poke|p1|Ogerpon-Hearthflame, L50, F|\n|poke|p1|Azumarill, L50, M|\n|poke|p1|Iron Hands, L50|\n|poke|p1|Kingambit, L50, M|\n|poke|p2|Tornadus, L50, M|\n|poke|p2|Moltres, L50|\n|poke|p2|Ogerpon-Wellspring, L50, F|\n|poke|p2|Sinistcha, L50|\n|poke|p2|Flutter Mane, L50|\n|poke|p2|Basculegion, L50, M|\n|teampreview|4\n|inactive|Battle timer is ON: inactive players will automatically lose when time's up. (requested by Steakman5)\n|\n|t:|1699744371\n|start\n|switch|p1a: Iron Hands|Iron Hands, L50|100\/100\n|switch|p1b: Azumarill|Azumarill, L50, M|100\/100\n|switch|p2a: Tornadus|Tornadus, L50, M|100\/100\n|switch|p2b: Moltres|Moltres, L50|100\/100\n|-ability|p2b: Moltres|Pressure\n|turn|1\n|\n|t:|1699744394\n|move|p2b: Moltres|Protect|p2b: Moltres\n|-singleturn|p2b: Moltres|Protect\n|move|p2a: Tornadus|Tailwind|p2a: Tornadus\n|-sidestart|p2: Steakman5|move: Tailwind\n|move|p1b: Azumarill|Liquidation|p2b: Moltres\n|-activate|p2b: Moltres|move: Protect\n|move|p1a: Iron Hands|Wild Charge|p2a: Tornadus\n|-supereffective|p2a: Tornadus\n|-enditem|p2a: Tornadus|Focus Sash\n|-damage|p2a: Tornadus|1\/100\n|-damage|p1a: Iron Hands|81\/100|[from] Recoil\n|\n|upkeep\n|turn|2\n|\n|t:|1699744411\n|switch|p1b: Kingambit|Kingambit, L50, M|100\/100\n|move|p2a: Tornadus|Rain Dance|p2a: Tornadus\n|-weather|RainDance\n|move|p2b: Moltres|Hurricane|p1a: Iron Hands\n|-damage|p1a: Iron Hands|49\/100\n|-start|p1a: Iron Hands|confusion\n|-activate|p1a: Iron Hands|confusion\n|move|p1a: Iron Hands|Heavy Slam|p2a: Tornadus\n|-damage|p2a: Tornadus|0 fnt\n|faint|p2a: Tornadus\n|\n|-weather|RainDance|[upkeep]\n|upkeep\n|inactive|Steakman5 has 30 seconds left.\n|\n|t:|1699744438\n|switch|p2a: Basculegion|Basculegion, L50, M|100\/100\n|turn|3\n|\n|t:|1699744453\n|move|p2a: Basculegion|Protect|p2a: Basculegion\n|-singleturn|p2a: Basculegion|Protect\n|move|p2b: Moltres|Hurricane|p1a: Iron Hands\n|-damage|p1a: Iron Hands|17\/100\n|move|p1b: Kingambit|Kowtow Cleave|p2a: Basculegion\n|-activate|p2a: Basculegion|move: Protect\n|-activate|p1a: Iron Hands|confusion\n|move|p1a: Iron Hands|Wild Charge|p2b: Moltres\n|-supereffective|p2b: Moltres\n|-crit|p2b: Moltres\n|-damage|p2b: Moltres|0 fnt\n|faint|p2b: Moltres\n|-damage|p1a: Iron Hands|0 fnt|[from] Recoil\n|faint|p1a: Iron Hands\n|-end|p1a: Iron Hands|Quark Drive|[silent]\n|\n|-weather|RainDance|[upkeep]\n|upkeep\n|\n|t:|1699744470\n|switch|p2b: Sinistcha|Sinistcha, L50|100\/100\n|switch|p1a: Azumarill|Azumarill, L50, M|100\/100\n|turn|4\n|\n|t:|1699744488\n|-terastallize|p2a: Basculegion|Ghost\n|move|p2b: Sinistcha|Rage Powder|p2b: Sinistcha\n|-singleturn|p2b: Sinistcha|move: Rage Powder\n|move|p2a: Basculegion|Last Respects|p1b: Kingambit\n|-resisted|p1b: Kingambit\n|-damage|p1b: Kingambit|48\/100\n|-damage|p2a: Basculegion|91\/100|[from] item: Life Orb\n|move|p1b: Kingambit|Kowtow Cleave|p2b: Sinistcha\n|-supereffective|p2b: Sinistcha\n|-damage|p2b: Sinistcha|0 fnt\n|faint|p2b: Sinistcha\n|move|p1a: Azumarill|Ice Spinner|p2a: Basculegion\n|-damage|p2a: Basculegion|27\/100\n|\n|-weather|RainDance|[upkeep]\n|-sideend|p2: Steakman5|move: Tailwind\n|upkeep\n|turn|5\n|\n|t:|1699744506\n|move|p2a: Basculegion|Last Respects|p1b: Kingambit\n|-resisted|p1b: Kingambit\n|-damage|p1b: Kingambit|0 fnt\n|faint|p1b: Kingambit\n|-damage|p2a: Basculegion|17\/100|[from] item: Life Orb\n|move|p1a: Azumarill|Ice Spinner|p2a: Basculegion\n|-damage|p2a: Basculegion|0 fnt\n|faint|p2a: Basculegion\n|\n|win|Prosarjaime\n|raw|Prosarjaime's rating: 1172 &rarr; <strong>1200<\/strong><br \/>(+28 for winning)\n|raw|Steakman5's rating: 1218 &rarr; <strong>1190<\/strong><br \/>(-28 for losing)\n","uploadtime":1699744509,"views":11,"p1id":"prosarjaime","p2id":"steakman5","formatid":"gen9vgc2023regulatione","rating":1190,"private":0,"password":""}