{"id":"gen9vgc2023regulatione-1994806216","p1":"superseriousboi","p2":"Axel316","format":"[Gen 9] VGC 2023 Regulation E","log":"|j|\u2606superseriousboi\n|j|\u2606Axel316\n|t:|1700494546\n|gametype|doubles\n|player|p1|superseriousboi|drayden|1336\n|player|p2|Axel316|170|1238\n|teamsize|p1|6\n|teamsize|p2|6\n|gen|9\n|tier|[Gen 9] VGC 2023 Regulation E\n|rated|\n|rule|Species Clause: Limit one of each Pok\u00e9mon\n|rule|Item Clause: Limit one of each item\n|clearpoke\n|poke|p1|Ogerpon-Wellspring, L50, F|\n|poke|p1|Landorus-Therian, L50, M|\n|poke|p1|Heatran, L50, F|\n|poke|p1|Iron Hands, L50|\n|poke|p1|Kingambit, L50, M|\n|poke|p1|Flutter Mane, L50|\n|poke|p2|Zapdos-Galar, L50|\n|poke|p2|Heatran, L50, M|\n|poke|p2|Tornadus, L50, M|\n|poke|p2|Sinistcha, L50|\n|poke|p2|Indeedee-F, L50, F|\n|poke|p2|Roaring Moon, L50|\n|teampreview|4\n|inactive|Battle timer is ON: inactive players will automatically lose when time's up. (requested by Axel316)\n|\n|t:|1700494602\n|start\n|switch|p1a: Iron Hands|Iron Hands, L50|100\/100\n|switch|p1b: Flutter Mane|Flutter Mane, L50|100\/100\n|switch|p2a: Zapdos|Zapdos-Galar, L50|100\/100\n|switch|p2b: Indeedee|Indeedee-F, L50, F|100\/100\n|-fieldstart|move: Psychic Terrain|[from] ability: Psychic Surge|[of] p2b: Indeedee\n|-enditem|p2b: Indeedee|Psychic Seed\n|-boost|p2b: Indeedee|spd|1|[from] item: Psychic Seed\n|turn|1\n|\n|t:|1700494623\n|move|p2a: Zapdos|Protect|p2a: Zapdos\n|-singleturn|p2a: Zapdos|Protect\n|move|p1b: Flutter Mane|Moonblast|p2a: Zapdos\n|-activate|p2a: Zapdos|move: Protect\n|move|p2b: Indeedee|Psychic|p1a: Iron Hands\n|-supereffective|p1a: Iron Hands\n|-damage|p1a: Iron Hands|57\/100\n|move|p1a: Iron Hands|Wild Charge|p2a: Zapdos\n|-activate|p2a: Zapdos|move: Protect\n|\n|upkeep\n|turn|2\n|\n|t:|1700494641\n|switch|p2a: Heatran|Heatran, L50, M|100\/100\n|move|p1b: Flutter Mane|Moonblast|p2a: Heatran\n|-resisted|p2a: Heatran\n|-damage|p2a: Heatran|90\/100\n|move|p2b: Indeedee|Psychic|p1a: Iron Hands\n|-supereffective|p1a: Iron Hands\n|-damage|p1a: Iron Hands|13\/100\n|move|p1a: Iron Hands|Wild Charge|p2a: Heatran\n|-damage|p2a: Heatran|55\/100\n|-damage|p1a: Iron Hands|6\/100|[from] Recoil\n|\n|-heal|p2a: Heatran|61\/100|[from] item: Leftovers\n|upkeep\n|turn|3\n|inactive|Axel316 has 30 seconds left.\n|\n|t:|1700494666\n|-end|p1b: Flutter Mane|Protosynthesis|[silent]\n|switch|p1b: Landorus|Landorus-Therian, L50, M|100\/100\n|-ability|p1b: Landorus|Intimidate|boost\n|-unboost|p2a: Heatran|atk|1\n|-unboost|p2b: Indeedee|atk|1\n|-end|p1a: Iron Hands|Quark Drive|[silent]\n|switch|p1a: Kingambit|Kingambit, L50, M|100\/100\n|move|p2b: Indeedee|Follow Me|p2b: Indeedee\n|-singleturn|p2b: Indeedee|move: Follow Me\n|move|p2a: Heatran|Flash Cannon|p1b: Landorus\n|-damage|p1b: Landorus|60\/100\n|\n|-heal|p2a: Heatran|67\/100|[from] item: Leftovers\n|upkeep\n|turn|4\n|inactive|superseriousboi has 30 seconds left.\n|inactive|superseriousboi has 20 seconds left.\n|\n|t:|1700494702\n|switch|p2b: Roaring Moon|Roaring Moon, L50|100\/100\n|-enditem|p2b: Roaring Moon|Booster Energy\n|-activate|p2b: Roaring Moon|ability: Protosynthesis|[fromitem]\n|-start|p2b: Roaring Moon|protosynthesisatk\n|switch|p2a: Zapdos|Zapdos-Galar, L50|100\/100\n|move|p1b: Landorus|U-turn|p2b: Roaring Moon\n|-supereffective|p2b: Roaring Moon\n|-damage|p2b: Roaring Moon|44\/100\n|\n|t:|1700494712\n|switch|p1b: Flutter Mane|Flutter Mane, L50|100\/100|[from] U-turn\n|move|p1a: Kingambit|Kowtow Cleave|p2b: Roaring Moon\n|-resisted|p2b: Roaring Moon\n|-damage|p2b: Roaring Moon|12\/100\n|\n|upkeep\n|turn|5\n|inactive|superseriousboi has 30 seconds left.\n|inactive|superseriousboi has 20 seconds left.\n|inactive|superseriousboi has 15 seconds left.\n|\n|t:|1700494756\n|move|p2a: Zapdos|Protect|p2a: Zapdos\n|-singleturn|p2a: Zapdos|Protect\n|move|p1a: Kingambit|Protect|p1a: Kingambit\n|-singleturn|p1a: Kingambit|Protect\n|move|p1b: Flutter Mane|Icy Wind|p2b: Roaring Moon|[spread] p2b\n|-activate|p2a: Zapdos|move: Protect\n|-supereffective|p2b: Roaring Moon\n|-damage|p2b: Roaring Moon|0 fnt\n|faint|p2b: Roaring Moon\n|-end|p2b: Roaring Moon|Protosynthesis|[silent]\n|\n|-fieldend|move: Psychic Terrain\n|upkeep\n|\n|t:|1700494768\n|switch|p2b: Indeedee|Indeedee-F, L50, F|100\/100\n|-fieldstart|move: Psychic Terrain|[from] ability: Psychic Surge|[of] p2b: Indeedee\n|turn|6\n|\n|t:|1700494781\n|-terastallize|p1a: Kingambit|Ghost\n|move|p2b: Indeedee|Follow Me|p2b: Indeedee\n|-singleturn|p2b: Indeedee|move: Follow Me\n|move|p1b: Flutter Mane|Moonblast|p2b: Indeedee\n|-damage|p2b: Indeedee|54\/100\n|-unboost|p2b: Indeedee|spa|1\n|move|p2a: Zapdos|Thunderous Kick|p1a: Kingambit\n|-immune|p1a: Kingambit\n|move|p1a: Kingambit|Kowtow Cleave|p2b: Indeedee\n|-supereffective|p2b: Indeedee\n|-damage|p2b: Indeedee|0 fnt\n|faint|p2b: Indeedee\n|\n|upkeep\n|\n|t:|1700494797\n|switch|p2b: Heatran|Heatran, L50, M|67\/100\n|turn|7\n|inactive|Axel316 has 30 seconds left.\n|\n|t:|1700494832\n|move|p2a: Zapdos|Protect|p2a: Zapdos\n|-singleturn|p2a: Zapdos|Protect\n|move|p1b: Flutter Mane|Moonblast|p2a: Zapdos\n|-activate|p2a: Zapdos|move: Protect\n|move|p2b: Heatran|Flash Cannon|p1b: Flutter Mane\n|-supereffective|p1b: Flutter Mane\n|-damage|p1b: Flutter Mane|13\/100\n|move|p1a: Kingambit|Kowtow Cleave|p2b: Heatran\n|-damage|p2b: Heatran|15\/100\n|\n|-heal|p2b: Heatran|21\/100|[from] item: Leftovers\n|upkeep\n|turn|8\n|inactive|Axel316 has 30 seconds left.\n|inactive|Axel316 has 20 seconds left.\n|inactive|Axel316 has 15 seconds left.\n|inactive|Axel316 has 10 seconds left.\n|\n|t:|1700494878\n|move|p1b: Flutter Mane|Protect|p1b: Flutter Mane\n|-singleturn|p1b: Flutter Mane|Protect\n|move|p2a: Zapdos|Protect|p2a: Zapdos\n|-singleturn|p2a: Zapdos|Protect\n|move|p2b: Heatran|Flash Cannon|p1b: Flutter Mane\n|-activate|p1b: Flutter Mane|move: Protect\n|move|p1a: Kingambit|Kowtow Cleave|p2b: Heatran\n|-damage|p2b: Heatran|0 fnt\n|faint|p2b: Heatran\n|\n|upkeep\n|turn|9\n|inactive|superseriousboi has 30 seconds left.\n|\n|t:|1700494903\n|-terastallize|p2a: Zapdos|Poison\n|move|p1b: Flutter Mane|Moonblast|p2a: Zapdos\n|-resisted|p2a: Zapdos\n|-damage|p2a: Zapdos|72\/100\n|move|p2a: Zapdos|Brave Bird|p1b: Flutter Mane\n|-damage|p1b: Flutter Mane|0 fnt\n|faint|p1b: Flutter Mane\n|-end|p1b: Flutter Mane|Protosynthesis|[silent]\n|-damage|p2a: Zapdos|68\/100|[from] Recoil\n|-damage|p2a: Zapdos|59\/100|[from] item: Life Orb\n|move|p1a: Kingambit|Swords Dance|p1a: Kingambit\n|-boost|p1a: Kingambit|atk|2\n|\n|upkeep\n|\n|t:|1700494920\n|switch|p1b: Landorus|Landorus-Therian, L50, M|60\/100\n|-ability|p1b: Landorus|Intimidate|boost\n|-unboost|p2a: Zapdos|atk|1\n|-ability|p2a: Zapdos|Defiant|boost\n|-boost|p2a: Zapdos|atk|2\n|turn|10\n|\n|t:|1700494933\n|move|p1a: Kingambit|Protect|p1a: Kingambit\n|-singleturn|p1a: Kingambit|Protect\n|move|p1b: Landorus|Stomping Tantrum|p2a: Zapdos\n|-supereffective|p2a: Zapdos\n|-damage|p2a: Zapdos|0 fnt\n|faint|p2a: Zapdos\n|\n|win|superseriousboi\n|raw|superseriousboi's rating: 1336 &rarr; <strong>1351<\/strong><br \/>(+15 for winning)\n|raw|Axel316's rating: 1238 &rarr; <strong>1220<\/strong><br \/>(-18 for losing)\n","uploadtime":1700494942,"views":5,"p1id":"superseriousboi","p2id":"axel316","formatid":"gen9vgc2023regulatione","rating":1220,"private":0,"password":""}