{"id":"gen9vgc2023regulatione-1996499462","p1":"TheScarySmoliv","p2":"Lumaris","format":"[Gen 9] VGC 2023 Regulation E","log":"|j|\u2606TheScarySmoliv\n|j|\u2606Lumaris\n|t:|1700687983\n|gametype|doubles\n|player|p1|TheScarySmoliv|argenta|\n|player|p2|Lumaris|brendan|\n|teamsize|p1|6\n|teamsize|p2|6\n|gen|9\n|tier|[Gen 9] VGC 2023 Regulation E\n|rule|Species Clause: Limit one of each Pok\u00e9mon\n|rule|Item Clause: Limit one of each item\n|clearpoke\n|poke|p1|Heatran, L50, F|\n|poke|p1|Quaquaval, L50, F|\n|poke|p1|Dugtrio, L50, M|\n|poke|p1|Eelektross, L50, M|\n|poke|p1|Hatterene, L50, F|\n|poke|p1|Tsareena, L50, F|\n|poke|p2|Donphan, L50, M|\n|poke|p2|Regieleki, L50|\n|poke|p2|Kommo-o, L50, F|\n|poke|p2|Volcarona, L50, F|\n|poke|p2|Azelf, L50|\n|poke|p2|Tinkaton, L50, F|\n|teampreview|4\n|c|\u2606TheScarySmoliv|g2\nTheScarySmoliv rejected open team sheets.\n|c|\u2606TheScarySmoliv|glhf\n|\n|t:|1700688399\n|start\n|switch|p1a: Quaquaval|Quaquaval, L50, F|100\/100\n|switch|p1b: Heatran|Heatran, L50, F|100\/100\n|switch|p2a: Azelf|Azelf, L50|100\/100\n|switch|p2b: Kommo-o|Kommo-o, L50, F|100\/100\n|turn|1\n|\n|t:|1700688428\n|switch|p2b: Volcarona|Volcarona, L50, F|100\/100\n|-terastallize|p1b: Heatran|Fairy\n|move|p1a: Quaquaval|Detect|p1a: Quaquaval\n|-singleturn|p1a: Quaquaval|Protect\n|move|p2a: Azelf|Psycho Cut|p1a: Quaquaval\n|-activate|p1a: Quaquaval|move: Protect\n|move|p1b: Heatran|Tera Blast|p2b: Volcarona|[anim] Tera Blast Fairy\n|-resisted|p2b: Volcarona\n|-damage|p2b: Volcarona|77\/100\n|\n|upkeep\n|turn|2\n|\n|t:|1700688447\n|switch|p1a: Tsareena|Tsareena, L50, F|100\/100\n|move|p2a: Azelf|Psycho Cut|p1a: Tsareena\n|-damage|p1a: Tsareena|65\/100\n|move|p2b: Volcarona|Struggle Bug|p1a: Tsareena|[spread] p1a,p1b\n|-supereffective|p1a: Tsareena\n|-resisted|p1b: Heatran\n|-damage|p1a: Tsareena|37\/100\n|-damage|p1b: Heatran|93\/100\n|-unboost|p1a: Tsareena|spa|1\n|-unboost|p1b: Heatran|spa|1\n|move|p1b: Heatran|Heat Wave|p2b: Volcarona|[spread] p2a,p2b\n|-crit|p2a: Azelf\n|-damage|p2a: Azelf|0 fnt\n|-damage|p2b: Volcarona|45\/100\n|-enditem|p2b: Volcarona|Sitrus Berry|[eat]\n|-heal|p2b: Volcarona|70\/100|[from] item: Sitrus Berry\n|faint|p2a: Azelf\n|\n|upkeep\n|\n|t:|1700688470\n|switch|p2a: Kommo-o|Kommo-o, L50, F|100\/100\n|turn|3\n|\n|t:|1700688595\n|-terastallize|p2a: Kommo-o|Steel\n|move|p2b: Volcarona|Flamethrower|p1a: Tsareena\n|-supereffective|p1a: Tsareena\n|-damage|p1a: Tsareena|0 fnt\n|faint|p1a: Tsareena\n|move|p2a: Kommo-o|Clangorous Soul|p2a: Kommo-o\n|-boost|p2a: Kommo-o|atk|1\n|-boost|p2a: Kommo-o|def|1\n|-boost|p2a: Kommo-o|spa|1\n|-boost|p2a: Kommo-o|spd|1\n|-boost|p2a: Kommo-o|spe|1\n|-damage|p2a: Kommo-o|68\/100\n|-enditem|p2a: Kommo-o|Throat Spray\n|-boost|p2a: Kommo-o|spa|1|[from] item: Throat Spray\n|move|p1b: Heatran|Heat Wave|p2b: Volcarona|[spread] p2a,p2b\n|-supereffective|p2a: Kommo-o\n|-damage|p2a: Kommo-o|30\/100\n|-damage|p2b: Volcarona|42\/100\n|\n|upkeep\n|\n|t:|1700688630\n|switch|p1a: Dugtrio|Dugtrio, L50, M|100\/100\n|turn|4\n|\n|t:|1700688681\n|move|p1b: Heatran|Protect|p1b: Heatran\n|-singleturn|p1b: Heatran|Protect\n|move|p1a: Dugtrio|Earthquake|p2b: Volcarona|[spread] p2a,p2b\n|-activate|p1b: Heatran|move: Protect\n|-supereffective|p2a: Kommo-o\n|-damage|p2a: Kommo-o|0 fnt\n|-damage|p2b: Volcarona|0 fnt\n|faint|p2a: Kommo-o\n|faint|p2b: Volcarona\n|\n|upkeep\n|\n|t:|1700688689\n|switch|p2a: Donphan|Donphan, L50, M|100\/100\n|turn|5\n|\n|t:|1700688707\n|switch|p1a: Quaquaval|Quaquaval, L50, F|100\/100\n|move|p1b: Heatran|Flash Cannon|p2a: Donphan\n|-damage|p2a: Donphan|59\/100\n|move|p2a: Donphan|High Horsepower|p1b: Heatran|[miss]\n|-miss|p2a: Donphan|p1b: Heatran\n|\n|upkeep\n|turn|6\n|c|\u2606TheScarySmoliv|gg\n|\n|t:|1700688731\n|move|p1a: Quaquaval|Aqua Step|p2a: Donphan\n|-supereffective|p2a: Donphan\n|-damage|p2a: Donphan|3\/100\n|-boost|p1a: Quaquaval|spe|1\n|move|p1b: Heatran|Flash Cannon|p2a: Donphan\n|-damage|p2a: Donphan|0 fnt\n|faint|p2a: Donphan\n|\n|win|TheScarySmoliv\n","uploadtime":1700688757,"views":33,"p1id":"thescarysmoliv","p2id":"lumaris","formatid":"gen9vgc2023regulatione","rating":0,"private":0,"password":""}