{"id":"gen9vgc2023regulatione-1988461855","p1":"TheSmoothCrimina","p2":"Tepp_991","format":"[Gen 9] VGC 2023 Regulation E","log":"|j|\u2606TheSmoothCrimina\n|j|\u2606Tepp_991\n|t:|1699725473\n|gametype|doubles\n|player|p1|TheSmoothCrimina|malva|1114\n|player|p2|Tepp_991|2|1223\n|teamsize|p1|6\n|teamsize|p2|6\n|gen|9\n|tier|[Gen 9] VGC 2023 Regulation E\n|rated|\n|rule|Species Clause: Limit one of each Pok\u00e9mon\n|rule|Item Clause: Limit one of each item\n|clearpoke\n|poke|p1|Cresselia, L50, F|\n|poke|p1|Armarouge, L50, F|\n|poke|p1|Wyrdeer, L50, F|\n|poke|p1|Indeedee-F, L50, F|\n|poke|p1|Oranguru, L50, M|\n|poke|p1|Articuno-Galar, L50|\n|poke|p2|Ursaluna, L50, M|\n|poke|p2|Cresselia, L50, F|\n|poke|p2|Indeedee-F, L50, F|\n|poke|p2|Armarouge, L50, F|\n|poke|p2|Iron Hands, L50|\n|poke|p2|Empoleon, L50, F|\n|teampreview|4\n|c|\u2606TheSmoothCrimina|Glhf\nTheSmoothCrimina rejected open team sheets.\n|inactive|Battle timer is ON: inactive players will automatically lose when time's up. (requested by TheSmoothCrimina)\n|inactive|Tepp_991 has 60 seconds left.\n|\n|t:|1699725546\n|start\n|switch|p1a: Winston|Oranguru, L50, M|100\/100\n|switch|p1b: Symmetra|Articuno-Galar, L50, shiny|100\/100\n|switch|p2a: Empoleon|Empoleon, L50, F|100\/100\n|switch|p2b: Cresselia|Cresselia, L50, F|100\/100\n|turn|1\n|\n|t:|1699725565\n|move|p1b: Symmetra|Protect|p1b: Symmetra\n|-singleturn|p1b: Symmetra|Protect\n|move|p2b: Cresselia|Moonblast|p1b: Symmetra\n|-activate|p1b: Symmetra|move: Protect\n|move|p2a: Empoleon|Yawn|p1a: Winston\n|-start|p1a: Winston|move: Yawn|[of] p2a: Empoleon\n|move|p1a: Winston|Foul Play|p2a: Empoleon\n|-crit|p2a: Empoleon\n|-damage|p2a: Empoleon|79\/100\n|\n|upkeep\n|turn|2\n|inactive|TheSmoothCrimina has 30 seconds left.\n|inactive|Tepp_991 has 30 seconds left.\n|\n|t:|1699725593\n|switch|p2b: Ursaluna|Ursaluna, L50, M|100\/100\n|switch|p1a: D.I.V.A|Cresselia, L50, F, shiny|100\/100\n|move|p1b: Symmetra|Freezing Glare|p2a: Empoleon\n|-resisted|p2a: Empoleon\n|-damage|p2a: Empoleon|59\/100\n|move|p2a: Empoleon|Yawn|p1b: Symmetra\n|-start|p1b: Symmetra|move: Yawn|[of] p2a: Empoleon\n|\n|-status|p2b: Ursaluna|brn|[from] item: Flame Orb\n|upkeep\n|turn|3\n|inactive|TheSmoothCrimina has 30 seconds left.\n|\n|t:|1699725623\n|switch|p1b: Winston|Oranguru, L50, M|100\/100\n|move|p1a: D.I.V.A|Calm Mind|p1a: D.I.V.A\n|-boost|p1a: D.I.V.A|spa|1\n|-boost|p1a: D.I.V.A|spd|1\n|move|p2a: Empoleon|Yawn|p1a: D.I.V.A\n|-start|p1a: D.I.V.A|move: Yawn|[of] p2a: Empoleon\n|move|p2b: Ursaluna|Facade|p1b: Winston\n|-damage|p1b: Winston|4\/100\n|\n|-damage|p2b: Ursaluna|95\/100 brn|[from] brn\n|upkeep\n|turn|4\n|inactive|TheSmoothCrimina has 30 seconds left.\n|inactive|Tepp_991 has 30 seconds left.\n|inactive|Tepp_991 has 20 seconds left.\n|inactive|Tepp_991 has 15 seconds left.\n|\n|t:|1699725667\n|move|p1a: D.I.V.A|Stored Power|p2b: Ursaluna\n|-damage|p2b: Ursaluna|77\/100 brn\n|move|p2a: Empoleon|Ice Beam|p1b: Winston\n|-damage|p1b: Winston|0 fnt\n|faint|p1b: Winston\n|move|p2b: Ursaluna|Facade|p1a: D.I.V.A\n|-damage|p1a: D.I.V.A|36\/100\n|\n|-heal|p1a: D.I.V.A|42\/100|[from] item: Leftovers\n|-damage|p2b: Ursaluna|71\/100 brn|[from] brn\n|-end|p1a: D.I.V.A|move: Yawn|[silent]\n|-status|p1a: D.I.V.A|slp\n|upkeep\n|\n|t:|1699725680\n|switch|p1b: Symmetra|Articuno-Galar, L50, shiny|100\/100\n|turn|5\n|\n|t:|1699725688\n|move|p2b: Ursaluna|Protect|p2b: Ursaluna\n|-singleturn|p2b: Ursaluna|Protect\n|cant|p1a: D.I.V.A|slp\n|move|p1b: Symmetra|Freezing Glare|p2b: Ursaluna\n|-activate|p2b: Ursaluna|move: Protect\n|move|p2a: Empoleon|Yawn|p1b: Symmetra\n|-start|p1b: Symmetra|move: Yawn|[of] p2a: Empoleon\n|\n|-heal|p1a: D.I.V.A|48\/100 slp|[from] item: Leftovers\n|-damage|p2b: Ursaluna|65\/100 brn|[from] brn\n|upkeep\n|turn|6\n|\n|t:|1699725710\n|switch|p2a: Cresselia|Cresselia, L50, F|100\/100\n|-curestatus|p1a: D.I.V.A|slp|[msg]\n|move|p1a: D.I.V.A|Stored Power|p2b: Ursaluna\n|-damage|p2b: Ursaluna|47\/100 brn\n|move|p1b: Symmetra|Freezing Glare|p2b: Ursaluna\n|-damage|p2b: Ursaluna|10\/100 brn\n|move|p2b: Ursaluna|Facade|p1b: Symmetra\n|-damage|p1b: Symmetra|0 fnt\n|faint|p1b: Symmetra\n|\n|-heal|p1a: D.I.V.A|53\/100|[from] item: Leftovers\n|-damage|p2b: Ursaluna|4\/100 brn|[from] brn\n|upkeep\n|\n|t:|1699725723\n|switch|p1b: Orisa|Wyrdeer, L50, F|100\/100\n|-ability|p1b: Orisa|Intimidate|boost\n|-unboost|p2a: Cresselia|atk|1\n|-unboost|p2b: Ursaluna|atk|1\n|turn|7\n|\n|t:|1699725742\n|move|p2b: Ursaluna|Protect|p2b: Ursaluna\n|-singleturn|p2b: Ursaluna|Protect\n|move|p1a: D.I.V.A|Calm Mind|p1a: D.I.V.A\n|-boost|p1a: D.I.V.A|spa|1\n|-boost|p1a: D.I.V.A|spd|1\n|move|p1b: Orisa|Psyshield Bash|p2b: Ursaluna\n|-activate|p2b: Ursaluna|move: Protect\n|move|p2a: Cresselia|Lunar Blessing|p2a: Cresselia|[spread] p2a,p2b\n|-heal|p2b: Ursaluna|29\/100 brn\n|-curestatus|p2b: Ursaluna|brn|[msg]\n|\n|-heal|p1a: D.I.V.A|59\/100|[from] item: Leftovers\n|-status|p2b: Ursaluna|brn|[from] item: Flame Orb\n|upkeep\n|turn|8\n|\n|t:|1699725765\n|switch|p2b: Empoleon|Empoleon, L50, F|59\/100\n|move|p1a: D.I.V.A|Stored Power|p2b: Empoleon\n|-resisted|p2b: Empoleon\n|-damage|p2b: Empoleon|38\/100\n|move|p1b: Orisa|Psyshield Bash|p2b: Empoleon|[miss]\n|-miss|p1b: Orisa|p2b: Empoleon\n|move|p2a: Cresselia|Trick Room|p2a: Cresselia\n|-fieldstart|move: Trick Room|[of] p2a: Cresselia\n|\n|-heal|p1a: D.I.V.A|65\/100|[from] item: Leftovers\n|upkeep\n|turn|9\n|\n|t:|1699725789\n|move|p2a: Cresselia|Lunar Blessing|p2a: Cresselia|[spread] p2a,p2b\n|-heal|p2b: Empoleon|63\/100\n|move|p2b: Empoleon|Yawn|p1a: D.I.V.A\n|-start|p1a: D.I.V.A|move: Yawn|[of] p2b: Empoleon\n|move|p1b: Orisa|Psyshield Bash|p2b: Empoleon\n|-resisted|p2b: Empoleon\n|-damage|p2b: Empoleon|49\/100\n|-boost|p1b: Orisa|def|1\n|move|p1a: D.I.V.A|Stored Power|p2b: Empoleon\n|-resisted|p2b: Empoleon\n|-damage|p2b: Empoleon|26\/100\n|\n|-heal|p1a: D.I.V.A|71\/100|[from] item: Leftovers\n|upkeep\n|turn|10\n|inactive|Tepp_991 has 30 seconds left.\n|\n|t:|1699725814\n|move|p2b: Empoleon|Yawn|p1b: Orisa\n|-start|p1b: Orisa|move: Yawn|[of] p2b: Empoleon\n|move|p2a: Cresselia|Lunar Blessing|p2a: Cresselia|[spread] p2a,p2b\n|-heal|p2b: Empoleon|51\/100\n|move|p1b: Orisa|Psyshield Bash|p2b: Empoleon\n|-resisted|p2b: Empoleon\n|-damage|p2b: Empoleon|37\/100\n|-boost|p1b: Orisa|def|1\n|move|p1a: D.I.V.A|Calm Mind|p1a: D.I.V.A\n|-boost|p1a: D.I.V.A|spa|1\n|-boost|p1a: D.I.V.A|spd|1\n|\n|-heal|p1a: D.I.V.A|77\/100|[from] item: Leftovers\n|-end|p1a: D.I.V.A|move: Yawn|[silent]\n|-status|p1a: D.I.V.A|slp\n|upkeep\n|turn|11\n|\n|t:|1699725833\n|switch|p2b: Ursaluna|Ursaluna, L50, M|29\/100 brn\n|move|p2a: Cresselia|Lunar Blessing|p2a: Cresselia|[spread] p2a,p2b\n|-heal|p2b: Ursaluna|54\/100 brn\n|-curestatus|p2b: Ursaluna|brn|[msg]\n|move|p1b: Orisa|Psyshield Bash|p2b: Ursaluna\n|-damage|p2b: Ursaluna|33\/100\n|-boost|p1b: Orisa|def|1\n|cant|p1a: D.I.V.A|slp\n|\n|-heal|p1a: D.I.V.A|83\/100 slp|[from] item: Leftovers\n|-end|p1b: Orisa|move: Yawn|[silent]\n|-status|p1b: Orisa|slp\n|-status|p2b: Ursaluna|brn|[from] item: Flame Orb\n|upkeep\n|turn|12\n|\n|t:|1699725852\n|move|p2b: Ursaluna|Swords Dance|p2b: Ursaluna\n|-boost|p2b: Ursaluna|atk|2\n|move|p2a: Cresselia|Lunar Blessing|p2a: Cresselia|[spread] p2a,p2b\n|-heal|p2b: Ursaluna|57\/100 brn\n|-curestatus|p2b: Ursaluna|brn|[msg]\n|cant|p1b: Orisa|slp\n|-curestatus|p1a: D.I.V.A|slp|[msg]\n|move|p1a: D.I.V.A|Lunar Blessing|p1a: D.I.V.A|[spread] p1a,p1b\n|-heal|p1a: D.I.V.A|100\/100\n|-curestatus|p1b: Orisa|slp|[msg]\n|\n|-fieldend|move: Trick Room\n|-status|p2b: Ursaluna|brn|[from] item: Flame Orb\n|upkeep\n|turn|13\n|inactive|TheSmoothCrimina has 30 seconds left.\n|\n|t:|1699725879\n|move|p2b: Ursaluna|Protect|p2b: Ursaluna\n|-singleturn|p2b: Ursaluna|Protect\n|move|p1a: D.I.V.A|Stored Power|p2b: Ursaluna\n|-activate|p2b: Ursaluna|move: Protect\n|move|p1b: Orisa|Lunge|p2a: Cresselia\n|-supereffective|p2a: Cresselia\n|-damage|p2a: Cresselia|78\/100\n|-unboost|p2a: Cresselia|atk|1\n|move|p2a: Cresselia|Lunar Blessing|p2a: Cresselia|[spread] p2a,p2b\n|-heal|p2a: Cresselia|100\/100\n|-heal|p2b: Ursaluna|82\/100 brn\n|-curestatus|p2b: Ursaluna|brn|[msg]\n|\n|-status|p2b: Ursaluna|brn|[from] item: Flame Orb\n|upkeep\n|turn|14\n|\n|t:|1699725903\n|-terastallize|p2b: Ursaluna|Ghost\n|move|p1a: D.I.V.A|Stored Power|p2b: Ursaluna\n|-damage|p2b: Ursaluna|11\/100 brn\n|move|p1b: Orisa|Psyshield Bash|p2b: Ursaluna\n|-damage|p2b: Ursaluna|0 fnt\n|-boost|p1b: Orisa|def|1\n|faint|p2b: Ursaluna\n|move|p2a: Cresselia|Trick Room|p2a: Cresselia\n|-fieldstart|move: Trick Room|[of] p2a: Cresselia\n|\n|upkeep\n|\n|t:|1699725915\n|switch|p2b: Iron Hands|Iron Hands, L50|100\/100\n|turn|15\n|inactive|Tepp_991 has 30 seconds left.\n|\n|t:|1699725943\n|switch|p2a: Empoleon|Empoleon, L50, F|37\/100\n|move|p2b: Iron Hands|Drain Punch|p1b: Orisa\n|-damage|p1b: Orisa|87\/100\n|move|p1b: Orisa|Lunge|p2b: Iron Hands\n|-resisted|p2b: Iron Hands\n|-damage|p2b: Iron Hands|94\/100\n|-unboost|p2b: Iron Hands|atk|1\n|move|p1a: D.I.V.A|Stored Power|p2b: Iron Hands\n|-supereffective|p2b: Iron Hands\n|-damage|p2b: Iron Hands|0 fnt\n|faint|p2b: Iron Hands\n|-end|p2b: Iron Hands|Quark Drive|[silent]\n|\n|upkeep\n|-message|Tepp_991 forfeited.\n|\n|win|TheSmoothCrimina\n|raw|TheSmoothCrimina's rating: 1114 &rarr; <strong>1147<\/strong><br \/>(+33 for winning)\n|raw|Tepp_991's rating: 1223 &rarr; <strong>1190<\/strong><br \/>(-33 for losing)\n|l|\u2606Tepp_991\n|j|\u2606Tepp_991\n|player|p2|Tepp_991|2\n","uploadtime":1699725969,"views":24,"p1id":"thesmoothcrimina","p2id":"tepp991","formatid":"gen9vgc2023regulatione","rating":1147,"private":0,"password":""}