{"id":"gen9vgc2023regulatione-1996788280","p1":"gungelix","p2":"WozoW","format":"[Gen 9] VGC 2023 Regulation E","log":"|j|\u2606gungelix\n|j|\u2606WozoW\n|t:|1700725428\n|gametype|doubles\n|player|p1|gungelix|veteran|1356\n|player|p2|WozoW|2|1393\n|teamsize|p1|6\n|teamsize|p2|6\n|gen|9\n|tier|[Gen 9] VGC 2023 Regulation E\n|rated|\n|rule|Species Clause: Limit one of each Pok\u00e9mon\n|rule|Item Clause: Limit one of each item\n|clearpoke\n|poke|p1|Tornadus, L50, M|\n|poke|p1|Arcanine-Hisui, L50, F|\n|poke|p1|Urshifu-*, L50, F|\n|poke|p1|Flutter Mane, L50|\n|poke|p1|Chien-Pao, L50|\n|poke|p1|Iron Hands, L50|\n|poke|p2|Tornadus, L50, M|\n|poke|p2|Arcanine-Hisui, L50, F|\n|poke|p2|Iron Hands, L50|\n|poke|p2|Gholdengo, L50|\n|poke|p2|Urshifu-*, L50, M|\n|poke|p2|Ogerpon-Wellspring, L50, F|\n|teampreview|4\n|inactive|Battle timer is ON: inactive players will automatically lose when time's up. (requested by WozoW)\ngungelix has agreed to open team sheets.\n|\n|t:|1700725445\n|start\n|switch|p1a: Arcanine|Arcanine-Hisui, L50, F|100\/100\n|switch|p1b: Tornadus|Tornadus, L50, M|100\/100\n|switch|p2a: Urshifu|Urshifu-Rapid-Strike, L50, M|100\/100\n|switch|p2b: Iron Hands|Iron Hands, L50|100\/100\n|-ability|p1a: Arcanine|Intimidate|boost\n|-unboost|p2a: Urshifu|atk|1\n|-unboost|p2b: Iron Hands|atk|1\n|turn|1\n|inactive|gungelix has 30 seconds left.\n|inactive|gungelix has 20 seconds left.\n|inactive|gungelix has 15 seconds left.\n|\n|t:|1700725489\n|switch|p1a: Urshifu|Urshifu-Rapid-Strike, L50, F|100\/100\n|-terastallize|p1b: Tornadus|Ghost\n|move|p2b: Iron Hands|Fake Out|p1b: Tornadus\n|-immune|p1b: Tornadus\n|move|p1b: Tornadus|Tailwind|p1b: Tornadus\n|-sidestart|p1: gungelix|move: Tailwind\n|move|p2a: Urshifu|Surging Strikes|p1a: Urshifu\n|-resisted|p1a: Urshifu\n|-crit|p1a: Urshifu\n|-damage|p1a: Urshifu|89\/100\n|-resisted|p1a: Urshifu\n|-crit|p1a: Urshifu\n|-damage|p1a: Urshifu|79\/100\n|-resisted|p1a: Urshifu\n|-crit|p1a: Urshifu\n|-damage|p1a: Urshifu|68\/100\n|-hitcount|p1a: Urshifu|3\n|\n|upkeep\n|turn|2\n|\n|t:|1700725510\n|move|p1a: Urshifu|Surging Strikes|p2b: Iron Hands\n|-crit|p2b: Iron Hands\n|-damage|p2b: Iron Hands|84\/100\n|-crit|p2b: Iron Hands\n|-damage|p2b: Iron Hands|69\/100\n|-crit|p2b: Iron Hands\n|-damage|p2b: Iron Hands|54\/100\n|-hitcount|p2b: Iron Hands|3\n|move|p1b: Tornadus|Bleakwind Storm|p2a: Urshifu|[spread] p2a,p2b\n|-supereffective|p2a: Urshifu\n|-crit|p2b: Iron Hands\n|-damage|p2a: Urshifu|0 fnt\n|-damage|p2b: Iron Hands|23\/100\n|faint|p2a: Urshifu\n|move|p2b: Iron Hands|Wild Charge|p1a: Urshifu\n|-supereffective|p1a: Urshifu\n|-damage|p1a: Urshifu|6\/100\n|-damage|p2b: Iron Hands|11\/100|[from] Recoil\n|\n|upkeep\n|\n|t:|1700725524\n|switch|p2a: Tornadus|Tornadus, L50, M|100\/100\n|turn|3\n|\n|t:|1700725532\n|-end|p2b: Iron Hands|Quark Drive|[silent]\n|switch|p2b: Ogerpon|Ogerpon-Wellspring, L50, F|100\/100\n|move|p1b: Tornadus|Taunt|p2a: Tornadus\n|-start|p2a: Tornadus|move: Taunt\n|cant|p2a: Tornadus|move: Taunt|Taunt\n|move|p1a: Urshifu|Surging Strikes|p2b: Ogerpon\n|-immune|p2b: Ogerpon|[from] ability: Water Absorb\n|\n|upkeep\n|turn|4\n|\n|t:|1700725554\n|move|p1a: Urshifu|Protect|p1a: Urshifu\n|-singleturn|p1a: Urshifu|Protect\n|move|p1b: Tornadus|Taunt|p2b: Ogerpon\n|-start|p2b: Ogerpon|move: Taunt\n|move|p2b: Ogerpon|Ivy Cudgel|p1b: Tornadus|[anim] Ivy Cudgel Water\n|-damage|p1b: Tornadus|34\/100\n|move|p2a: Tornadus|Bleakwind Storm|p1b: Tornadus|[spread] p1b\n|-activate|p1a: Urshifu|move: Protect\n|-damage|p1b: Tornadus|3\/100\n|-unboost|p1b: Tornadus|spe|1\n|\n|-sideend|p1: gungelix|move: Tailwind\n|upkeep\n|turn|5\n|\n|t:|1700725571\n|move|p1b: Tornadus|Tailwind|p1b: Tornadus\n|-sidestart|p1: gungelix|move: Tailwind\n|move|p1a: Urshifu|Surging Strikes|p2a: Tornadus\n|-crit|p2a: Tornadus\n|-damage|p2a: Tornadus|75\/100\n|-crit|p2a: Tornadus\n|-damage|p2a: Tornadus|49\/100\n|-crit|p2a: Tornadus\n|-damage|p2a: Tornadus|20\/100\n|-hitcount|p2a: Tornadus|3\n|move|p2b: Ogerpon|Ivy Cudgel|p1b: Tornadus|[anim] Ivy Cudgel Water\n|-damage|p1b: Tornadus|0 fnt\n|faint|p1b: Tornadus\n|move|p2a: Tornadus|Bleakwind Storm|p1a: Urshifu\n|-supereffective|p1a: Urshifu\n|-damage|p1a: Urshifu|0 fnt\n|faint|p1a: Urshifu\n|\n|-end|p2a: Tornadus|move: Taunt\n|upkeep\n|\n|t:|1700725585\n|switch|p1a: Arcanine|Arcanine-Hisui, L50, F|100\/100\n|switch|p1b: Flutter Mane|Flutter Mane, L50, shiny|100\/100\n|-ability|p1a: Arcanine|Intimidate|boost\n|-unboost|p2a: Tornadus|atk|1\n|-unboost|p2b: Ogerpon|atk|1\n|-enditem|p1b: Flutter Mane|Booster Energy\n|-activate|p1b: Flutter Mane|ability: Protosynthesis|[fromitem]\n|-start|p1b: Flutter Mane|protosynthesisspa\n|turn|6\n|\n|t:|1700725608\n|-terastallize|p2b: Ogerpon|Water\n|detailschange|p2b: Ogerpon|Ogerpon-Wellspring-Tera, L50, F, tera:Water\n|-ability|p2b: Ogerpon|Embody Aspect (Wellspring)|boost\n|-boost|p2b: Ogerpon|spd|1\n|move|p1a: Arcanine|Extreme Speed|p2a: Tornadus\n|-damage|p2a: Tornadus|0 fnt\n|faint|p2a: Tornadus\n|move|p1b: Flutter Mane|Dazzling Gleam|p2b: Ogerpon\n|-damage|p2b: Ogerpon|65\/100\n|move|p2b: Ogerpon|Ivy Cudgel|p1b: Flutter Mane|[anim] Ivy Cudgel Water\n|-damage|p1b: Flutter Mane|26\/100\n|\n|-end|p2b: Ogerpon|move: Taunt\n|upkeep\n|\n|t:|1700725622\n|switch|p2a: Iron Hands|Iron Hands, L50|11\/100\n|turn|7\n|\n|t:|1700725633\n|move|p2a: Iron Hands|Fake Out|p1a: Arcanine\n|-resisted|p1a: Arcanine\n|-damage|p1a: Arcanine|90\/100\n|cant|p1a: Arcanine|flinch\n|move|p1b: Flutter Mane|Dazzling Gleam|p2a: Iron Hands|[spread] p2a,p2b\n|-supereffective|p2a: Iron Hands\n|-damage|p2a: Iron Hands|0 fnt\n|-damage|p2b: Ogerpon|41\/100\n|faint|p2a: Iron Hands\n|-end|p2a: Iron Hands|Quark Drive|[silent]\n|move|p2b: Ogerpon|Ivy Cudgel|p1b: Flutter Mane|[anim] Ivy Cudgel Water\n|-damage|p1b: Flutter Mane|0 fnt\n|faint|p1b: Flutter Mane\n|-end|p1b: Flutter Mane|Protosynthesis|[silent]\n|\n|upkeep\n|turn|8\n|\n|t:|1700725647\n|move|p1a: Arcanine|Extreme Speed|p2b: Ogerpon\n|-damage|p2b: Ogerpon|1\/100\n|move|p2b: Ogerpon|Ivy Cudgel|p1a: Arcanine|[anim] Ivy Cudgel Water\n|-supereffective|p1a: Arcanine\n|-damage|p1a: Arcanine|0 fnt\n|faint|p1a: Arcanine\n|\n|win|WozoW\n|raw|gungelix's rating: 1356 &rarr; <strong>1338<\/strong><br \/>(-18 for losing)\n|raw|WozoW's rating: 1393 &rarr; <strong>1411<\/strong><br \/>(+18 for winning)\n|l|\u2606WozoW\n","uploadtime":1700725658,"views":3,"p1id":"gungelix","p2id":"wozow","formatid":"gen9vgc2023regulatione","rating":1338,"private":0,"password":""}