{"id":"gen9vgc2023regulatione-1993444869","p1":"beeki","p2":"Miglia11","format":"[Gen 9] VGC 2023 Regulation E","log":"|j|\u2606beeki\n|j|\u2606Miglia11\n|t:|1700318762\n|gametype|doubles\n|player|p1|beeki|larry|1370\n|player|p2|Miglia11|170|1411\n|teamsize|p1|6\n|teamsize|p2|6\n|gen|9\n|tier|[Gen 9] VGC 2023 Regulation E\n|rated|\n|rule|Species Clause: Limit one of each Pok\u00e9mon\n|rule|Item Clause: Limit one of each item\n|clearpoke\n|poke|p1|Torkoal, L50, M|\n|poke|p1|Lilligant-Hisui, L50, F|\n|poke|p1|Landorus-Therian, L50, M|\n|poke|p1|Dusclops, L50, F|\n|poke|p1|Iron Hands, L50|\n|poke|p1|Ursaluna-Bloodmoon, L50, M|\n|poke|p2|Empoleon, L50, F|\n|poke|p2|Ninetales-Alola, L50, M|\n|poke|p2|Dragonite, L50, M|\n|poke|p2|Landorus-Therian, L50, M|\n|poke|p2|Ogerpon-Hearthflame, L50, F|\n|poke|p2|Regieleki, L50|\n|teampreview|4\nMiglia11 has agreed to open team sheets.\nbeeki has agreed to open team sheets.\n|inactive|Battle timer is ON: inactive players will automatically lose when time's up. (requested by beeki)\n|inactive|Miglia11 has 60 seconds left.\n|\n|t:|1700318834\n|start\n|switch|p1a: Torkoal|Torkoal, L50, M|100\/100\n|switch|p1b: Lilligant|Lilligant-Hisui, L50, F, shiny|100\/100\n|switch|p2a: Empoleon|Empoleon, L50, F|100\/100\n|switch|p2b: Dragonite|Dragonite, L50, M|100\/100\n|-weather|SunnyDay|[from] ability: Drought|[of] p1a: Torkoal\n|turn|1\n|inactive|Miglia11 has 30 seconds left.\n|\n|t:|1700318866\n|switch|p1a: Landorus|Landorus-Therian, L50, M|100\/100\n|-ability|p1a: Landorus|Intimidate|boost\n|-unboost|p2a: Empoleon|atk|1\n|-ability|p2a: Empoleon|Competitive|boost\n|-boost|p2a: Empoleon|spa|2\n|-unboost|p2b: Dragonite|atk|1\n|move|p1b: Lilligant|Sleep Powder|p2a: Empoleon\n|-status|p2a: Empoleon|slp|[from] move: Sleep Powder\n|move|p2b: Dragonite|Ice Spinner|p1b: Lilligant\n|-supereffective|p1b: Lilligant\n|-damage|p1b: Lilligant|37\/100\n|cant|p2a: Empoleon|slp\n|\n|-weather|SunnyDay|[upkeep]\n|upkeep\n|turn|2\n|\n|t:|1700318889\n|cant|p2a: Empoleon|slp\n|move|p2b: Dragonite|Extreme Speed|p1b: Lilligant\n|-damage|p1b: Lilligant|7\/100\n|move|p1b: Lilligant|Sleep Powder|p2b: Dragonite\n|-status|p2b: Dragonite|slp|[from] move: Sleep Powder\n|move|p1a: Landorus|Stomping Tantrum|p2a: Empoleon\n|-supereffective|p2a: Empoleon\n|-damage|p2a: Empoleon|25\/100 slp\n|-enditem|p2a: Empoleon|Sitrus Berry|[eat]\n|-heal|p2a: Empoleon|50\/100 slp|[from] item: Sitrus Berry\n|\n|-weather|SunnyDay|[upkeep]\n|upkeep\n|turn|3\n|\n|t:|1700318906\n|switch|p1b: Iron Hands|Iron Hands, L50|100\/100\n|move|p1a: Landorus|Stomping Tantrum|p2a: Empoleon\n|-supereffective|p2a: Empoleon\n|-damage|p2a: Empoleon|0 fnt\n|faint|p2a: Empoleon\n|cant|p2b: Dragonite|slp\n|\n|-weather|SunnyDay|[upkeep]\n|upkeep\n|\n|t:|1700318918\n|switch|p2a: Ogerpon|Ogerpon-Hearthflame, L50, F|100\/100\n|-ability|p2a: Ogerpon|Mold Breaker\n|turn|4\n|\n|t:|1700318928\n|switch|p1a: Torkoal|Torkoal, L50, M|100\/100\n|move|p1b: Iron Hands|Fake Out|p2a: Ogerpon\n|-damage|p2a: Ogerpon|82\/100\n|cant|p2a: Ogerpon|flinch\n|cant|p2b: Dragonite|slp\n|\n|-weather|SunnyDay|[upkeep]\n|upkeep\n|turn|5\n|\n|t:|1700318943\n|switch|p2b: Ninetales|Ninetales-Alola, L50, M|100\/100\n|-weather|Snow|[from] ability: Snow Warning|[of] p2b: Ninetales\n|switch|p1a: Landorus|Landorus-Therian, L50, M|100\/100\n|-ability|p1a: Landorus|Intimidate|boost\n|-unboost|p2a: Ogerpon|atk|1\n|-unboost|p2b: Ninetales|atk|1\n|move|p2a: Ogerpon|Ivy Cudgel|p1a: Landorus|[anim] Ivy Cudgel Fire\n|-damage|p1a: Landorus|61\/100\n|move|p1b: Iron Hands|Drain Punch|p2a: Ogerpon\n|-damage|p2a: Ogerpon|36\/100\n|\n|-weather|Snow|[upkeep]\n|upkeep\n|turn|6\n|inactive|beeki has 30 seconds left.\n|\n|t:|1700318969\n|switch|p2a: Dragonite|Dragonite, L50, M|100\/100 slp\n|move|p1a: Landorus|Rock Slide|p2b: Ninetales|[spread] p2a,p2b\n|-supereffective|p2a: Dragonite\n|-supereffective|p2b: Ninetales\n|-damage|p2a: Dragonite|79\/100 slp\n|-damage|p2b: Ninetales|67\/100\n|cant|p2b: Ninetales|flinch\n|move|p1b: Iron Hands|Wild Charge|p2b: Ninetales\n|-damage|p2b: Ninetales|25\/100\n|-damage|p1b: Iron Hands|93\/100|[from] Recoil\n|\n|-weather|Snow|[upkeep]\n|upkeep\n|turn|7\n|\n|t:|1700318989\n|switch|p2b: Ogerpon|Ogerpon-Hearthflame, L50, F|36\/100\n|-ability|p2b: Ogerpon|Mold Breaker\n|move|p1a: Landorus|Rock Slide|p2a: Dragonite|[spread] p2a,p2b\n|-supereffective|p2a: Dragonite\n|-supereffective|p2b: Ogerpon\n|-damage|p2a: Dragonite|37\/100 slp\n|-damage|p2b: Ogerpon|0 fnt\n|faint|p2b: Ogerpon\n|cant|p2a: Dragonite|slp\n|move|p1b: Iron Hands|Wild Charge|p2a: Dragonite\n|-damage|p2a: Dragonite|0 fnt\n|faint|p2a: Dragonite\n|-damage|p1b: Iron Hands|85\/100|[from] Recoil\n|\n|-weather|Snow|[upkeep]\n|upkeep\n|c|\u2606Miglia11|Too much hax\n|-message|Miglia11 forfeited.\n|\n|win|beeki\n|raw|beeki's rating: 1370 &rarr; <strong>1392<\/strong><br \/>(+22 for winning)\n|raw|Miglia11's rating: 1411 &rarr; <strong>1389<\/strong><br \/>(-22 for losing)\n|l|\u2606Miglia11\n","uploadtime":1700319018,"views":8,"p1id":"beeki","p2id":"miglia11","formatid":"gen9vgc2023regulatione","rating":1389,"private":0,"password":""}