{"id":"gen9vgc2023regulatione-1993620717","p1":"tpw989","p2":"Evil Yarrack","format":"[Gen 9] VGC 2023 Regulation E","log":"|j|\u2606tpw989\n|j|\u2606Evil Yarrack\n|t:|1700338348\n|gametype|doubles\n|player|p1|tpw989|blackbelt|\n|player|p2|Evil Yarrack|youngster-gen4dp|\n|teamsize|p1|6\n|teamsize|p2|6\n|gen|9\n|tier|[Gen 9] VGC 2023 Regulation E\n|rule|Species Clause: Limit one of each Pok\u00e9mon\n|rule|Item Clause: Limit one of each item\n|clearpoke\n|poke|p1|Oricorio-Pom-Pom, L50, M|\n|poke|p1|Volcarona, L50, M|\n|poke|p1|Kommo-o, L50, F|\n|poke|p1|Amoonguss, L50, F|\n|poke|p1|Masquerain, L50, M|\n|poke|p1|Quaquaval, L50, M|\n|poke|p2|Flamigo, L50, M|\n|poke|p2|Kommo-o, L50, M|\n|poke|p2|Clefairy, L50, M|\n|poke|p2|Volbeat, L50, M|\n|poke|p2|Sinistcha-Masterpiece, L50|\n|poke|p2|Overqwil, L50, F|\n|teampreview|4\n|inactive|Battle timer is ON: inactive players will automatically lose when time's up. (requested by Evil Yarrack)\n|\n|t:|1700338370\n|start\n|switch|p1a: Oricorio|Oricorio-Pom-Pom, L50, M, shiny|100\/100\n|switch|p1b: Kommo-o|Kommo-o, L50, F, shiny|100\/100\n|switch|p2a: Volbeat|Volbeat, L50, M|100\/100\n|switch|p2b: Kommo-o|Kommo-o, L50, M|100\/100\n|turn|1\n|\n|t:|1700338395\n|-terastallize|p2b: Kommo-o|Steel\n|move|p1a: Oricorio|Protect|p1a: Oricorio\n|-singleturn|p1a: Oricorio|Protect\n|move|p2a: Volbeat|Tailwind|p2a: Volbeat\n|-sidestart|p2: Evil Yarrack|move: Tailwind\n|move|p2b: Kommo-o|Clangorous Soul|p2b: Kommo-o\n|-boost|p2b: Kommo-o|atk|1\n|-boost|p2b: Kommo-o|def|1\n|-boost|p2b: Kommo-o|spa|1\n|-boost|p2b: Kommo-o|spd|1\n|-boost|p2b: Kommo-o|spe|1\n|-damage|p2b: Kommo-o|68\/100\n|-enditem|p2b: Kommo-o|Throat Spray\n|-boost|p2b: Kommo-o|spa|1|[from] item: Throat Spray\n|-activate|p1a: Oricorio|ability: Dancer\n|move|p1a: Oricorio|Clangorous Soul|p1a: Oricorio|[from]ability: Dancer\n|-boost|p1a: Oricorio|atk|1\n|-boost|p1a: Oricorio|def|1\n|-boost|p1a: Oricorio|spa|1\n|-boost|p1a: Oricorio|spd|1\n|-boost|p1a: Oricorio|spe|1\n|-damage|p1a: Oricorio|68\/100\n|move|p1b: Kommo-o|Clangorous Soul|p1b: Kommo-o\n|-boost|p1b: Kommo-o|atk|1\n|-boost|p1b: Kommo-o|def|1\n|-boost|p1b: Kommo-o|spa|1\n|-boost|p1b: Kommo-o|spd|1\n|-boost|p1b: Kommo-o|spe|1\n|-damage|p1b: Kommo-o|68\/100\n|-enditem|p1b: Kommo-o|Throat Spray\n|-boost|p1b: Kommo-o|spa|1|[from] item: Throat Spray\n|-activate|p1a: Oricorio|ability: Dancer\n|move|p1a: Oricorio|Clangorous Soul|p1a: Oricorio|[from]ability: Dancer\n|-boost|p1a: Oricorio|atk|1\n|-boost|p1a: Oricorio|def|1\n|-boost|p1a: Oricorio|spa|1\n|-boost|p1a: Oricorio|spd|1\n|-boost|p1a: Oricorio|spe|1\n|-damage|p1a: Oricorio|35\/100\n|\n|upkeep\n|turn|2\n|inactive|tpw989 has 30 seconds left.\n|inactive|Evil Yarrack has 30 seconds left.\n|inactive|tpw989 has 20 seconds left.\n|inactive|tpw989 has 15 seconds left.\n|\n|t:|1700338437\n|move|p1b: Kommo-o|Protect|p1b: Kommo-o\n|-singleturn|p1b: Kommo-o|Protect\n|move|p2a: Volbeat|Encore|p1a: Oricorio\n|-start|p1a: Oricorio|Encore\n|move|p2b: Kommo-o|Clanging Scales|p1b: Kommo-o|[spread] p1a\n|-activate|p1b: Kommo-o|move: Protect\n|-damage|p1a: Oricorio|0 fnt\n|faint|p1a: Oricorio\n|-unboost|p2b: Kommo-o|def|1\n|\n|upkeep\n|c|\u2606Evil Yarrack|Omg, I did not know, that's how that works\ud83e\udd2f\n|\n|t:|1700338450\n|switch|p1a: Volcarona|Volcarona, L50, M, shiny|100\/100\n|turn|3\n|\n|t:|1700338463\n|move|p2b: Kommo-o|Protect|p2b: Kommo-o\n|-singleturn|p2b: Kommo-o|Protect\n|move|p2a: Volbeat|U-turn|p1b: Kommo-o\n|-resisted|p1b: Kommo-o\n|-damage|p1b: Kommo-o|62\/100\n|\n|t:|1700338471\n|switch|p2a: Flamigo|Flamigo, L50, M|100\/100|[from] U-turn\n|-copyboost|p2a: Flamigo|p2b: Kommo-o|[from] ability: Costar\n|move|p1b: Kommo-o|Clanging Scales|p2b: Kommo-o|[spread] p2a\n|-activate|p2b: Kommo-o|move: Protect\n|-damage|p2a: Flamigo|20\/100\n|-unboost|p1b: Kommo-o|def|1\n|move|p1a: Volcarona|Heat Wave|p2a: Flamigo|[spread] p2a\n|-activate|p2b: Kommo-o|move: Protect\n|-damage|p2a: Flamigo|0 fnt\n|faint|p2a: Flamigo\n|\n|upkeep\n|\n|t:|1700338486\n|switch|p2a: Sinistcha|Sinistcha-Masterpiece, L50|100\/100\n|-heal|p2b: Kommo-o|92\/100|[from] ability: Hospitality|[of] p2a: Sinistcha\n|turn|4\n|\n|t:|1700338504\n|move|p1b: Kommo-o|Protect|p1b: Kommo-o\n|-singleturn|p1b: Kommo-o|Protect\n|move|p2b: Kommo-o|Clanging Scales|p1a: Volcarona|[spread] p1a\n|-activate|p1b: Kommo-o|move: Protect\n|-damage|p1a: Volcarona|22\/100\n|-unboost|p2b: Kommo-o|def|1\n|move|p2a: Sinistcha|Shadow Ball|p1a: Volcarona\n|-damage|p1a: Volcarona|0 fnt\n|faint|p1a: Volcarona\n|\n|-sideend|p2: Evil Yarrack|move: Tailwind\n|upkeep\n|\n|t:|1700338515\n|switch|p1a: Amoonguss|Amoonguss, L50, F, shiny|100\/100\n|turn|5\n|\n|t:|1700338533\n|-terastallize|p1b: Kommo-o|Steel\n|move|p2b: Kommo-o|Clanging Scales|p1a: Amoonguss|[spread] p1a,p1b\n|-resisted|p1b: Kommo-o\n|-damage|p1a: Amoonguss|25\/100\n|-damage|p1b: Kommo-o|32\/100\n|-unboost|p2b: Kommo-o|def|1\n|move|p1b: Kommo-o|Clanging Scales|p2a: Sinistcha|[spread] p2a,p2b\n|-resisted|p2b: Kommo-o\n|-damage|p2a: Sinistcha|3\/100\n|-damage|p2b: Kommo-o|62\/100\n|-enditem|p2a: Sinistcha|Eject Button\n|-unboost|p1b: Kommo-o|def|1\n|\n|t:|1700338544\n|switch|p2a: Volbeat|Volbeat, L50, M|100\/100\n|move|p1a: Amoonguss|Pollen Puff|p1b: Kommo-o\n|-heal|p1b: Kommo-o|82\/100\n|\n|upkeep\n|turn|6\n|\n|t:|1700338559\n|move|p2a: Volbeat|Tailwind|p2a: Volbeat\n|-sidestart|p2: Evil Yarrack|move: Tailwind\n|move|p2b: Kommo-o|Clanging Scales|p1a: Amoonguss|[spread] p1a,p1b\n|-resisted|p1b: Kommo-o\n|-damage|p1a: Amoonguss|0 fnt\n|-damage|p1b: Kommo-o|54\/100\n|faint|p1a: Amoonguss\n|-unboost|p2b: Kommo-o|def|1\n|move|p1b: Kommo-o|Clanging Scales|p2a: Volbeat|[spread] p2a,p2b\n|-resisted|p2b: Kommo-o\n|-damage|p2a: Volbeat|41\/100\n|-damage|p2b: Kommo-o|33\/100\n|-unboost|p1b: Kommo-o|def|1\n|\n|upkeep\n|turn|7\n|\n|t:|1700338575\n|move|p2b: Kommo-o|Protect|p2b: Kommo-o\n|-singleturn|p2b: Kommo-o|Protect\n|move|p2a: Volbeat|U-turn|p1b: Kommo-o\n|-resisted|p1b: Kommo-o\n|-damage|p1b: Kommo-o|36\/100\n|\n|t:|1700338581\n|switch|p2a: Sinistcha|Sinistcha-Masterpiece, L50|3\/100|[from] U-turn\n|-heal|p2b: Kommo-o|58\/100|[from] ability: Hospitality|[of] p2a: Sinistcha\n|move|p1b: Kommo-o|Clanging Scales|p2a: Sinistcha|[spread] p2a\n|-activate|p2b: Kommo-o|move: Protect\n|-damage|p2a: Sinistcha|0 fnt\n|faint|p2a: Sinistcha\n|-unboost|p1b: Kommo-o|def|1\n|\n|upkeep\n|\n|t:|1700338587\n|switch|p2a: Volbeat|Volbeat, L50, M|41\/100\n|turn|8\n|\n|t:|1700338593\n|move|p1b: Kommo-o|Protect|p1b: Kommo-o\n|-singleturn|p1b: Kommo-o|Protect\n|move|p2b: Kommo-o|Clanging Scales|p1b: Kommo-o\n|-activate|p1b: Kommo-o|move: Protect\n|move|p2a: Volbeat|U-turn|p1b: Kommo-o\n|-activate|p1b: Kommo-o|move: Protect\n|\n|upkeep\n|turn|9\n|\n|t:|1700338600\n|move|p2a: Volbeat|Encore|p1b: Kommo-o\n|-start|p1b: Kommo-o|Encore\n|move|p2b: Kommo-o|Clanging Scales|p1b: Kommo-o\n|-resisted|p1b: Kommo-o\n|-damage|p1b: Kommo-o|0 fnt\n|faint|p1b: Kommo-o\n|\n|win|Evil Yarrack\n|l|\u2606tpw989\n","uploadtime":1700338611,"views":7,"p1id":"tpw989","p2id":"evilyarrack","formatid":"gen9vgc2023regulatione","rating":0,"private":0,"password":""}