{"id":"gen9vgc2023regulatione-1999650154","p1":"DrTatsu&MrDondo","p2":"slimejrlegit","format":"[Gen 9] VGC 2023 Regulation E","log":"|j|\u2606DrTatsu&MrDondo\n|j|\u2606slimejrlegit\n|t:|1701104573\n|gametype|doubles\n|player|p1|DrTatsu&MrDondo|alder|1409\n|player|p2|slimejrlegit|169|1508\n|teamsize|p1|6\n|teamsize|p2|6\n|gen|9\n|tier|[Gen 9] VGC 2023 Regulation E\n|rated|\n|rule|Species Clause: Limit one of each Pok\u00e9mon\n|rule|Item Clause: Limit one of each item\n|clearpoke\n|poke|p1|Ursaluna-Bloodmoon, L50, M|\n|poke|p1|Iron Hands, L50|\n|poke|p1|Clefairy, L50, M|\n|poke|p1|Farigiraf, L50, M|\n|poke|p1|Chi-Yu, L50|\n|poke|p1|Ogerpon-Hearthflame, L50, F|\n|poke|p2|Armarouge, L50, F|\n|poke|p2|Iron Bundle, L50|\n|poke|p2|Regieleki, L50|\n|poke|p2|Enamorus, L50, F|\n|poke|p2|Sneasler, L50, M|\n|poke|p2|Indeedee-F, L50, F|\n|teampreview|4\n|inactive|Battle timer is ON: inactive players will automatically lose when time's up. (requested by slimejrlegit)\n|inactive|DrTatsu&MrDondo has 60 seconds left.\n|\n|t:|1701104651\n|start\n|switch|p1a: Ursaluna|Ursaluna-Bloodmoon, L50, M|100\/100\n|switch|p1b: Clefairy|Clefairy, L50, M|100\/100\n|switch|p2a: Indeedee|Indeedee-F, L50, F|100\/100\n|switch|p2b: Agent Sneeze|Sneasler, L50, M, shiny|100\/100\n|-fieldstart|move: Psychic Terrain|[from] ability: Psychic Surge|[of] p2a: Indeedee\n|-enditem|p2b: Agent Sneeze|Psychic Seed\n|-boost|p2b: Agent Sneeze|spd|1|[from] item: Psychic Seed\n|turn|1\n|inactive|DrTatsu&MrDondo has 30 seconds left.\n|\n|t:|1701104686\n|move|p2a: Indeedee|Follow Me|p2a: Indeedee\n|-singleturn|p2a: Indeedee|move: Follow Me\n|move|p1b: Clefairy|Follow Me|p1b: Clefairy\n|-singleturn|p1b: Clefairy|move: Follow Me\n|move|p2b: Agent Sneeze|Swords Dance|p2b: Agent Sneeze\n|-boost|p2b: Agent Sneeze|atk|2\n|move|p1a: Ursaluna|Blood Moon|p2a: Indeedee\n|-damage|p2a: Indeedee|21\/100\n|-damage|p1a: Ursaluna|91\/100|[from] item: Life Orb\n|\n|upkeep\n|turn|2\n|inactive|slimejrlegit has 30 seconds left.\n|\n|t:|1701104717\n|move|p2a: Indeedee|Follow Me|p2a: Indeedee\n|-singleturn|p2a: Indeedee|move: Follow Me\n|move|p1b: Clefairy|Follow Me|p1b: Clefairy\n|-singleturn|p1b: Clefairy|move: Follow Me\n|move|p2b: Agent Sneeze|Dire Claw|p1b: Clefairy\n|-supereffective|p1b: Clefairy\n|-damage|p1b: Clefairy|0 fnt\n|faint|p1b: Clefairy\n|move|p1a: Ursaluna|Hyper Voice|p2b: Agent Sneeze|[spread] p2a,p2b\n|-damage|p2a: Indeedee|0 fnt\n|-damage|p2b: Agent Sneeze|53\/100\n|faint|p2a: Indeedee\n|-damage|p1a: Ursaluna|81\/100|[from] item: Life Orb\n|\n|upkeep\n|\n|t:|1701104738\n|switch|p2a: Doja Cat|Enamorus, L50, F|100\/100\n|switch|p1b: Chi-Yu|Chi-Yu, L50|100\/100\n|-ability|p1b: Chi-Yu|Beads of Ruin\n|turn|3\n|inactive|DrTatsu&MrDondo has 30 seconds left.\n|\n|t:|1701104764\n|-terastallize|p2a: Doja Cat|Fairy\n|-terastallize|p1a: Ursaluna|Fairy\n|move|p1b: Chi-Yu|Protect|p1b: Chi-Yu\n|-singleturn|p1b: Chi-Yu|Protect\n|move|p2b: Agent Sneeze|Acrobatics|p1b: Chi-Yu\n|-activate|p1b: Chi-Yu|move: Protect\n|move|p2a: Doja Cat|Dazzling Gleam|p1b: Chi-Yu|[spread] p1a\n|-activate|p1b: Chi-Yu|move: Protect\n|-damage|p1a: Ursaluna|0 fnt\n|faint|p1a: Ursaluna\n|\n|upkeep\n|\n|t:|1701104787\n|switch|p1a: Iron Hands|Iron Hands, L50|100\/100\n|turn|4\n|inactive|DrTatsu&MrDondo has 30 seconds left.\n|c|\u2606slimejrlegit|Gg\n|\n|t:|1701104817\n|move|p2b: Agent Sneeze|Dire Claw|p1a: Iron Hands\n|-damage|p1a: Iron Hands|42\/100\n|move|p2a: Doja Cat|Dazzling Gleam|p1a: Iron Hands|[spread] p1a,p1b\n|-supereffective|p1a: Iron Hands\n|-crit|p1b: Chi-Yu\n|-damage|p1a: Iron Hands|0 fnt\n|-enditem|p1b: Chi-Yu|Focus Sash\n|-damage|p1b: Chi-Yu|1\/100\n|faint|p1a: Iron Hands\n|-end|p1a: Iron Hands|Quark Drive|[silent]\n|move|p1b: Chi-Yu|Heat Wave|p2a: Doja Cat|[spread] p2a,p2b\n|-damage|p2a: Doja Cat|22\/100\n|-damage|p2b: Agent Sneeze|8\/100\n|-status|p2b: Agent Sneeze|brn\n|\n|-damage|p2b: Agent Sneeze|2\/100 brn|[from] brn\n|upkeep\n|turn|5\n|c|\u2606DrTatsu&MrDondo|how could that thing?\n|c|\u2606slimejrlegit|Ik\n|c|\u2606slimejrlegit|ik\n|c|\u2606DrTatsu&MrDondo|vs an ursaluna fairy\n|inactive|DrTatsu&MrDondo has 30 seconds left.\n|inactive|DrTatsu&MrDondo has 20 seconds left.\n|c|\u2606slimejrlegit|He\u2019s like that\n|inactive|DrTatsu&MrDondo has 15 seconds left.\n|inactive|DrTatsu&MrDondo has 10 seconds left.\n|c|\u2606slimejrlegit|its plain and simple\n|\n|t:|1701104864\n|switch|p2b: Regieleki|Regieleki, L50|100\/100\n|move|p2a: Doja Cat|Dazzling Gleam|p1b: Chi-Yu\n|-damage|p1b: Chi-Yu|0 fnt\n|faint|p1b: Chi-Yu\n|\n|win|slimejrlegit\n|raw|DrTatsu&amp;MrDondo's rating: 1409 &rarr; <strong>1395<\/strong><br \/>(-14 for losing)\n|raw|slimejrlegit's rating: 1508 &rarr; <strong>1522<\/strong><br \/>(+14 for winning)\n|c|\u2606DrTatsu&MrDondo|or u are cheating\n|c|\u2606slimejrlegit|Sure I am\n|c|\u2606slimejrlegit|run calcs\n|c|\u2606slimejrlegit|Don\u2019t know how I could cheat\n","uploadtime":1701105010,"views":1,"p1id":"drtatsumrdondo","p2id":"slimejrlegit","formatid":"gen9vgc2023regulatione","rating":1395,"private":0,"password":""}