{"id":"gen9vgc2023regulatione-2000669600","p1":"tartarsauce","p2":"Steel_jugulis","format":"[Gen 9] VGC 2023 Regulation E","log":"|j|\u2606tartarsauce\n|j|\u2606Steel_jugulis\n|t:|1701216802\n|gametype|doubles\n|player|p1|tartarsauce|101|1518\n|player|p2|Steel_jugulis|101|1550\n|teamsize|p1|6\n|teamsize|p2|6\n|gen|9\n|tier|[Gen 9] VGC 2023 Regulation E\n|rated|\n|rule|Species Clause: Limit one of each Pok\u00e9mon\n|rule|Item Clause: Limit one of each item\n|clearpoke\n|poke|p1|Urshifu-*, L50, F|\n|poke|p1|Flutter Mane, L50|\n|poke|p1|Ogerpon-Hearthflame, L50, F|\n|poke|p1|Tornadus, L50, M|\n|poke|p1|Iron Hands, L50|\n|poke|p1|Kingambit, L50, M|\n|poke|p2|Ogerpon-Wellspring, L50, F|\n|poke|p2|Tornadus, L50, M|\n|poke|p2|Urshifu-*, L50, F|\n|poke|p2|Chi-Yu, L50|\n|poke|p2|Regieleki, L50|\n|poke|p2|Flutter Mane, L50|\n|teampreview|4\n|\n|t:|1701216843\n|start\n|switch|p1a: Urshifu|Urshifu-Rapid-Strike, L50, F|100\/100\n|switch|p1b: Flutter Mane|Flutter Mane, L50|100\/100\n|switch|p2a: Chi-Yu|Chi-Yu, L50|100\/100\n|switch|p2b: Regieleki|Regieleki, L50|100\/100\n|-ability|p2a: Chi-Yu|Beads of Ruin\n|turn|1\n|inactive|Battle timer is ON: inactive players will automatically lose when time's up. (requested by tartarsauce)\n|inactive|Steel_jugulis has 60 seconds left.\n|\n|t:|1701216896\n|switch|p1a: Iron Hands|Iron Hands, L50|100\/100\n|move|p2b: Regieleki|Electroweb|p1a: Iron Hands|[spread] p1a,p1b\n|-resisted|p1a: Iron Hands\n|-damage|p1a: Iron Hands|88\/100\n|-damage|p1b: Flutter Mane|66\/100\n|-unboost|p1a: Iron Hands|spe|1\n|-unboost|p1b: Flutter Mane|spe|1\n|move|p2a: Chi-Yu|Overheat|p1b: Flutter Mane\n|-damage|p1b: Flutter Mane|0 fnt\n|-unboost|p2a: Chi-Yu|spa|2\n|faint|p1b: Flutter Mane\n|-end|p1b: Flutter Mane|Protosynthesis|[silent]\n|\n|upkeep\n|inactive|tartarsauce has 30 seconds left.\n|inactive|tartarsauce has 20 seconds left.\n|inactive|tartarsauce has 15 seconds left.\n|inactive|tartarsauce has 10 seconds left.\n|inactive|tartarsauce has 5 seconds left.\n|j| lilbitybaby\n|\n|t:|1701216948\n|switch|p1b: Kingambit|Kingambit, L50, M|100\/100\n|turn|2\n|\n|t:|1701216964\n|move|p2b: Regieleki|Protect|p2b: Regieleki\n|-singleturn|p2b: Regieleki|Protect\n|move|p1b: Kingambit|Sucker Punch||[still]\n|-fail|p1b: Kingambit\n|move|p2a: Chi-Yu|Overheat|p1b: Kingambit\n|-supereffective|p1b: Kingambit\n|-damage|p1b: Kingambit|18\/100\n|-unboost|p2a: Chi-Yu|spa|2\n|move|p1a: Iron Hands|Swords Dance|p1a: Iron Hands\n|-boost|p1a: Iron Hands|atk|2\n|\n|upkeep\n|turn|3\n|inactive|Steel_jugulis has 30 seconds left.\n|l| lilbitybaby\n|j| Manchester1997!\n|inactive|Steel_jugulis has 20 seconds left.\n|\n|t:|1701217003\n|switch|p2a: Tornadus|Tornadus, L50, M|100\/100\n|move|p1b: Kingambit|Sucker Punch|p2b: Regieleki\n|-damage|p2b: Regieleki|47\/100\n|move|p2b: Regieleki|Volt Switch|p1b: Kingambit\n|-damage|p1b: Kingambit|0 fnt\n|faint|p1b: Kingambit\n|\n|t:|1701217014\n|switch|p2b: Ogerpon|Ogerpon-Wellspring, L50, F|100\/100|[from] Volt Switch\n|move|p1a: Iron Hands|Drain Punch|p2a: Tornadus\n|-resisted|p2a: Tornadus\n|-damage|p2a: Tornadus|49\/100\n|-heal|p1a: Iron Hands|100\/100|[from] drain|[of] p2a: Tornadus\n|-damage|p1a: Iron Hands|84\/100|[from] item: Rocky Helmet|[of] p2a: Tornadus\n|\n|upkeep\n|\n|t:|1701217022\n|switch|p1b: Urshifu|Urshifu-Rapid-Strike, L50, F|100\/100\n|turn|4\n|inactive|tartarsauce has 30 seconds left.\n|inactive|Steel_jugulis has 30 seconds left.\n|c|\u2606Steel_jugulis|!weak iron-hands\n|c| Steel_jugulis|\/raw <div class=\"infobox\">Iron Hands (ignoring abilities):<br \/><span class=\"message-effect-weak\">Weaknesses<\/span>: Fairy, Ground, Psychic<br \/><span class=\"message-effect-resist\">Resistances<\/span>: Bug, Dark, Electric, Rock, Steel<br \/><span class=\"message-effect-immune\">Immunities<\/span>: Paralysis<\/div>\n|inactive|tartarsauce has 20 seconds left.\n|inactive|Steel_jugulis has 20 seconds left.\n|\n|t:|1701217060\n|-terastallize|p1b: Urshifu|Water\n|move|p1b: Urshifu|Aqua Jet|p2a: Tornadus\n|-damage|p2a: Tornadus|13\/100\n|-damage|p1b: Urshifu|84\/100|[from] item: Rocky Helmet|[of] p2a: Tornadus\n|move|p2a: Tornadus|Sunny Day|p2a: Tornadus\n|-weather|SunnyDay\n|move|p2b: Ogerpon|Horn Leech|p1a: Iron Hands\n|-damage|p1a: Iron Hands|47\/100\n|-enditem|p1a: Iron Hands|Sitrus Berry|[eat]\n|-heal|p1a: Iron Hands|72\/100|[from] item: Sitrus Berry\n|move|p1a: Iron Hands|Wild Charge|p2b: Ogerpon\n|-damage|p2b: Ogerpon|0 fnt\n|faint|p2b: Ogerpon\n|-damage|p1a: Iron Hands|52\/100|[from] Recoil\n|\n|-weather|SunnyDay|[upkeep]\n|upkeep\n|j| thomas shelby 1\n|\n|t:|1701217080\n|switch|p2b: Regieleki|Regieleki, L50|47\/100\n|turn|5\n|\n|t:|1701217102\n|move|p1b: Urshifu|Aqua Jet|p2a: Tornadus\n|-damage|p2a: Tornadus|0 fnt\n|-damage|p1b: Urshifu|68\/100|[from] item: Rocky Helmet|[of] p2a: Tornadus\n|faint|p2a: Tornadus\n|move|p2b: Regieleki|Electroweb|p1b: Urshifu|[spread] p1a,p1b\n|-resisted|p1a: Iron Hands\n|-supereffective|p1b: Urshifu\n|-damage|p1a: Iron Hands|43\/100\n|-damage|p1b: Urshifu|0 fnt\n|-unboost|p1a: Iron Hands|spe|1\n|faint|p1b: Urshifu\n|move|p1a: Iron Hands|Drain Punch|p2b: Regieleki\n|-crit|p2b: Regieleki\n|-damage|p2b: Regieleki|0 fnt\n|-heal|p1a: Iron Hands|59\/100|[from] drain|[of] p2b: Regieleki\n|faint|p2b: Regieleki\n|\n|-weather|SunnyDay|[upkeep]\n|upkeep\n|\n|t:|1701217116\n|switch|p2a: Chi-Yu|Chi-Yu, L50|100\/100\n|-ability|p2a: Chi-Yu|Beads of Ruin\n|turn|6\n|\n|t:|1701217126\n|-terastallize|p2a: Chi-Yu|Grass\n|move|p2a: Chi-Yu|Overheat|p1a: Iron Hands\n|-damage|p1a: Iron Hands|0 fnt\n|-unboost|p2a: Chi-Yu|spa|2\n|faint|p1a: Iron Hands\n|-end|p1a: Iron Hands|Quark Drive|[silent]\n|\n|win|Steel_jugulis\n|raw|tartarsauce's rating: 1518 &rarr; <strong>1500<\/strong><br \/>(-18 for losing)\n|raw|Steel_jugulis's rating: 1550 &rarr; <strong>1568<\/strong><br \/>(+18 for winning)\n","uploadtime":1701217133,"views":1,"p1id":"tartarsauce","p2id":"steeljugulis","formatid":"gen9vgc2023regulatione","rating":1500,"private":0,"password":""}