{"id":"gen9vgc2023regulatione-1992498762","p1":"vegetameanswell","p2":"Scriptureteacher","format":"[Gen 9] VGC 2023 Regulation E","log":"|j|\u2606vegetameanswell\n|j|\u2606Scriptureteacher\n|t:|1700195392\n|gametype|doubles\n|player|p1|vegetameanswell|rosa|1398\n|player|p2|Scriptureteacher|clair|1317\n|teamsize|p1|6\n|teamsize|p2|6\n|gen|9\n|tier|[Gen 9] VGC 2023 Regulation E\n|rated|\n|rule|Species Clause: Limit one of each Pok\u00e9mon\n|rule|Item Clause: Limit one of each item\n|clearpoke\n|poke|p1|Regidrago, L50|\n|poke|p1|Illumise, L50, F|\n|poke|p1|Chi-Yu, L50|\n|poke|p1|Ogerpon-Wellspring, L50, F|\n|poke|p1|Rillaboom, L50, F|\n|poke|p1|Flutter Mane, L50|\n|poke|p2|Ogerpon-Wellspring, L50, F|\n|poke|p2|Chi-Yu, L50|\n|poke|p2|Flutter Mane, L50|\n|poke|p2|Tornadus, L50, M|\n|poke|p2|Landorus-Therian, L50, M|\n|poke|p2|Iron Hands, L50|\n|teampreview|4\nvegetameanswell has agreed to open team sheets.\n|inactive|Battle timer is ON: inactive players will automatically lose when time's up. (requested by vegetameanswell)\n|inactive|Scriptureteacher has 60 seconds left.\n|inactive|Scriptureteacher has 30 seconds left.\n|\n|t:|1700195458\n|start\n|switch|p1a: Illumise|Illumise, L50, F|100\/100\n|switch|p1b: Phuk-Yu|Chi-Yu, L50|100\/100\n|switch|p2a: Tornadus|Tornadus, L50, M|100\/100\n|switch|p2b: Flutter Mane|Flutter Mane, L50|100\/100\n|-ability|p1b: Phuk-Yu|Beads of Ruin\n|-enditem|p2b: Flutter Mane|Booster Energy\n|-activate|p2b: Flutter Mane|ability: Protosynthesis|[fromitem]\n|-start|p2b: Flutter Mane|protosynthesisspe\n|turn|1\n|inactive|Scriptureteacher has 30 seconds left.\n|\n|t:|1700195487\n|-terastallize|p2b: Flutter Mane|Fairy\n|move|p2a: Tornadus|Taunt|p1a: Illumise\n|-start|p1a: Illumise|move: Taunt\n|cant|p1a: Illumise|move: Taunt|Thunder Wave\n|move|p2b: Flutter Mane|Moonblast|p1b: Phuk-Yu\n|-damage|p1b: Phuk-Yu|28\/100\n|move|p1b: Phuk-Yu|Snarl|p2a: Tornadus|[spread] p2a,p2b\n|-resisted|p2b: Flutter Mane\n|-damage|p2a: Tornadus|67\/100\n|-damage|p2b: Flutter Mane|85\/100\n|-unboost|p2b: Flutter Mane|spa|1\n|\n|upkeep\n|turn|2\n|\n|t:|1700195506\n|switch|p1a: Ogerpon|Ogerpon-Wellspring, L50, F|100\/100\n|move|p1b: Phuk-Yu|Protect|p1b: Phuk-Yu\n|-singleturn|p1b: Phuk-Yu|Protect\n|move|p2a: Tornadus|Tailwind|p2a: Tornadus\n|-sidestart|p2: Scriptureteacher|move: Tailwind\n|move|p2b: Flutter Mane|Moonblast|p1b: Phuk-Yu\n|-activate|p1b: Phuk-Yu|move: Protect\n|\n|upkeep\n|turn|3\n|inactive|vegetameanswell has 30 seconds left.\n|inactive|vegetameanswell has 20 seconds left.\n|\n|t:|1700195546\n|-end|p2b: Flutter Mane|Protosynthesis|[silent]\n|switch|p2b: Landorus|Landorus-Therian, L50, M|100\/100\n|-ability|p2b: Landorus|Intimidate|boost\n|-unboost|p1a: Ogerpon|atk|1\n|-unboost|p1b: Phuk-Yu|atk|1\n|move|p1a: Ogerpon|Follow Me|p1a: Ogerpon\n|-singleturn|p1a: Ogerpon|move: Follow Me\n|move|p2a: Tornadus|Bleakwind Storm|p1b: Phuk-Yu|[spread] p1a,p1b\n|-supereffective|p1a: Ogerpon\n|-damage|p1a: Ogerpon|4\/100\n|-damage|p1b: Phuk-Yu|0 fnt\n|faint|p1b: Phuk-Yu\n|\n|upkeep\n|\n|t:|1700195557\n|switch|p1b: Illumise|Illumise, L50, F|100\/100\n|turn|4\n|\n|t:|1700195567\n|-terastallize|p1b: Illumise|Dark\n|move|p2a: Tornadus|Taunt|p1b: Illumise\n|-hint|Since gen 7, Dark is immune to Prankster moves.\n|-immune|p1b: Illumise\n|move|p1b: Illumise|Tailwind|p1b: Illumise\n|-sidestart|p1: vegetameanswell|move: Tailwind\n|move|p2b: Landorus|U-turn|p1b: Illumise\n|-supereffective|p1b: Illumise\n|-damage|p1b: Illumise|28\/100\n|\n|t:|1700195580\n|switch|p2b: Flutter Mane|Flutter Mane, L50, tera:Fairy|85\/100|[from] U-turn\n|move|p1a: Ogerpon|Ivy Cudgel|p2b: Flutter Mane|[anim] Ivy Cudgel Water\n|-damage|p2b: Flutter Mane|29\/100\n|\n|upkeep\n|turn|5\n|inactive|vegetameanswell has 30 seconds left.\n|inactive|vegetameanswell has 20 seconds left.\n|inactive|vegetameanswell has 15 seconds left.\n|\n|t:|1700195620\n|move|p2a: Tornadus|Sunny Day|p2a: Tornadus\n|-weather|SunnyDay\n|-activate|p2b: Flutter Mane|ability: Protosynthesis\n|-start|p2b: Flutter Mane|protosynthesisspe\n|move|p1b: Illumise|Thunder Wave|p2b: Flutter Mane\n|-status|p2b: Flutter Mane|par\n|move|p1a: Ogerpon|Horn Leech|p2b: Flutter Mane\n|-damage|p2b: Flutter Mane|0 fnt\n|-heal|p1a: Ogerpon|17\/100|[from] drain|[of] p2b: Flutter Mane\n|faint|p2b: Flutter Mane\n|-end|p2b: Flutter Mane|Protosynthesis|[silent]\n|\n|-weather|SunnyDay|[upkeep]\n|-sideend|p2: Scriptureteacher|move: Tailwind\n|upkeep\n|\n|t:|1700195639\n|switch|p2b: Landorus|Landorus-Therian, L50, M|100\/100\n|-ability|p2b: Landorus|Intimidate|boost\n|-unboost|p1a: Ogerpon|atk|1\n|-unboost|p1b: Illumise|atk|1\n|turn|6\n|inactive|Scriptureteacher has 30 seconds left.\n|\n|t:|1700195677\n|switch|p1a: Firin' Ma LAZER|Regidrago, L50|100\/100\n|move|p1b: Illumise|Encore|p2a: Tornadus\n|-start|p2a: Tornadus|Encore\n|move|p2a: Tornadus|Sunny Day||[still]\n|-fail|p2a: Tornadus\n|move|p2b: Landorus|Rock Slide|p1b: Illumise|[spread] p1a,p1b\n|-damage|p1a: Firin' Ma LAZER|75\/100\n|-damage|p1b: Illumise|2\/100\n|\n|-weather|SunnyDay|[upkeep]\n|upkeep\n|turn|7\n|inactive|Scriptureteacher has 30 seconds left.\n|\n|t:|1700195711\n|switch|p2a: Chi-Yu|Chi-Yu, L50|100\/100\n|-ability|p2a: Chi-Yu|Beads of Ruin\n|move|p1b: Illumise|Fake Tears|p2b: Landorus\n|-unboost|p2b: Landorus|spd|2\n|move|p1a: Firin' Ma LAZER|Dragon Energy|p2b: Landorus|[spread] p2a,p2b\n|-damage|p2a: Chi-Yu|23\/100\n|-damage|p2b: Landorus|0 fnt\n|faint|p2b: Landorus\n|\n|-weather|SunnyDay|[upkeep]\n|-sideend|p1: vegetameanswell|move: Tailwind\n|upkeep\n|\n|t:|1700195722\n|switch|p2b: Tornadus|Tornadus, L50, M|67\/100\n|turn|8\n|inactive|vegetameanswell has 30 seconds left.\n|inactive|vegetameanswell has 20 seconds left.\n|\n|t:|1700195757\n|move|p2b: Tornadus|Tailwind|p2b: Tornadus\n|-sidestart|p2: Scriptureteacher|move: Tailwind\n|move|p1b: Illumise|Tailwind|p1b: Illumise\n|-sidestart|p1: vegetameanswell|move: Tailwind\n|move|p1a: Firin' Ma LAZER|Dragon Energy|p2b: Tornadus|[spread] p2a,p2b\n|-damage|p2a: Chi-Yu|0 fnt\n|-damage|p2b: Tornadus|0 fnt\n|faint|p2a: Chi-Yu\n|faint|p2b: Tornadus\n|\n|win|vegetameanswell\n|raw|vegetameanswell's rating: 1398 &rarr; <strong>1413<\/strong><br \/>(+15 for winning)\n|raw|Scriptureteacher's rating: 1317 &rarr; <strong>1302<\/strong><br \/>(-15 for losing)\n|l|\u2606Scriptureteacher\n","uploadtime":1700195773,"views":45,"p1id":"vegetameanswell","p2id":"scriptureteacher","formatid":"gen9vgc2023regulatione","rating":1302,"private":0,"password":""}