{"id":"gen9vgc2023regulatione-1991767062","p1":"ammoooonn","p2":"diegodm2694","format":"[Gen 9] VGC 2023 Regulation E","log":"|j|\u2606ammoooonn\n|j|\u2606diegodm2694\n|t:|1700113608\n|gametype|doubles\n|player|p1|ammoooonn|hilda-wonderlauncher|1601\n|player|p2|diegodm2694|266|1572\n|teamsize|p1|6\n|teamsize|p2|6\n|gen|9\n|tier|[Gen 9] VGC 2023 Regulation E\n|rated|\n|rule|Species Clause: Limit one of each Pok\u00e9mon\n|rule|Item Clause: Limit one of each item\n|clearpoke\n|poke|p1|Dondozo, L50, F|\n|poke|p1|Tatsugiri, L50, F|\n|poke|p1|Glimmora, L50, F|\n|poke|p1|Flutter Mane, L50|\n|poke|p1|Rillaboom, L50, M|\n|poke|p1|Ogerpon-Wellspring, L50, F|\n|poke|p2|Clefairy, L50, F|\n|poke|p2|Roaring Moon, L50|\n|poke|p2|Flutter Mane, L50|\n|poke|p2|Heatran, L50, M|\n|poke|p2|Ogerpon-Hearthflame, L50, F|\n|poke|p2|Urshifu-*, L50, M|\n|teampreview|4\n|\n|t:|1700113645\n|start\n|switch|p1a: Flutter Mane|Flutter Mane, L50|100\/100\n|switch|p1b: Glimmora|Glimmora, L50, F|100\/100\n|switch|p2a: Roaring Moon|Roaring Moon, L50|100\/100\n|switch|p2b: Urshifu|Urshifu-Rapid-Strike, L50, M|100\/100\n|-enditem|p2a: Roaring Moon|Booster Energy\n|-activate|p2a: Roaring Moon|ability: Protosynthesis|[fromitem]\n|-start|p2a: Roaring Moon|protosynthesisspe\n|turn|1\n|inactive|Battle timer is ON: inactive players will automatically lose when time's up. (requested by diegodm2694)\n|\n|t:|1700113682\n|move|p2a: Roaring Moon|Tailwind|p2a: Roaring Moon\n|-sidestart|p2: diegodm2694|move: Tailwind\n|move|p2b: Urshifu|Surging Strikes|p1a: Flutter Mane\n|-crit|p1a: Flutter Mane\n|-damage|p1a: Flutter Mane|66\/100\n|-crit|p1a: Flutter Mane\n|-damage|p1a: Flutter Mane|34\/100\n|-crit|p1a: Flutter Mane\n|-damage|p1a: Flutter Mane|0 fnt\n|faint|p1a: Flutter Mane\n|-end|p1a: Flutter Mane|Protosynthesis|[silent]\n|-hitcount|p1: Flutter Mane|3\n|move|p1b: Glimmora|Power Gem|p2a: Roaring Moon\n|-damage|p2a: Roaring Moon|58\/100\n|\n|upkeep\n|\n|t:|1700113693\n|switch|p1a: Dondozo|Dondozo, L50, F|100\/100\n|turn|2\n|\n|t:|1700113706\n|switch|p1b: Tatsugiri|Tatsugiri, L50, F|100\/100\n|-activate|p1b: Tatsugiri|ability: Commander|[of] p1a: Dondozo\n|-boost|p1a: Dondozo|atk|2\n|-boost|p1a: Dondozo|spa|2\n|-boost|p1a: Dondozo|spe|2\n|-boost|p1a: Dondozo|def|2\n|-boost|p1a: Dondozo|spd|2\n|move|p2a: Roaring Moon|Knock Off|p1a: Dondozo\n|-damage|p1a: Dondozo|84\/100\n|-enditem|p1a: Dondozo|Leftovers|[from] move: Knock Off|[of] p2a: Roaring Moon\n|move|p2b: Urshifu|Surging Strikes|p1a: Dondozo\n|-resisted|p1a: Dondozo\n|-crit|p1a: Dondozo\n|-damage|p1a: Dondozo|77\/100\n|-resisted|p1a: Dondozo\n|-crit|p1a: Dondozo\n|-damage|p1a: Dondozo|71\/100\n|-resisted|p1a: Dondozo\n|-crit|p1a: Dondozo\n|-damage|p1a: Dondozo|65\/100\n|-hitcount|p1a: Dondozo|3\n|move|p1a: Dondozo|Order Up|p2a: Roaring Moon\n|-supereffective|p2a: Roaring Moon\n|-damage|p2a: Roaring Moon|0 fnt\n|faint|p2a: Roaring Moon\n|-end|p2a: Roaring Moon|Protosynthesis|[silent]\n|-boost|p1a: Dondozo|atk|1\n|\n|upkeep\n|inactive|diegodm2694 has 30 seconds left.\n|\n|t:|1700113733\n|switch|p2a: Clefairy|Clefairy, L50, F|100\/100\n|turn|3\n|\n|t:|1700113745\n|move|p2a: Clefairy|Helping Hand|p2b: Urshifu\n|-singleturn|p2b: Urshifu|Helping Hand|[of] p2a: Clefairy\n|move|p2b: Urshifu|Surging Strikes|p1a: Dondozo\n|-resisted|p1a: Dondozo\n|-crit|p1a: Dondozo\n|-damage|p1a: Dondozo|55\/100\n|-resisted|p1a: Dondozo\n|-crit|p1a: Dondozo\n|-damage|p1a: Dondozo|45\/100\n|-resisted|p1a: Dondozo\n|-crit|p1a: Dondozo\n|-damage|p1a: Dondozo|34\/100\n|-hitcount|p1a: Dondozo|3\n|move|p1a: Dondozo|Earthquake|p2a: Clefairy|[spread] p2a,p2b\n|-miss|p1a: Dondozo|p1b: Tatsugiri\n|-damage|p2a: Clefairy|54\/100\n|-damage|p2b: Urshifu|63\/100\n|\n|upkeep\n|turn|4\n|j| 5Sscreen\n|inactive|diegodm2694 has 30 seconds left.\n|\n|t:|1700113779\n|move|p2a: Clefairy|Protect|p2a: Clefairy\n|-singleturn|p2a: Clefairy|Protect\n|move|p2b: Urshifu|Surging Strikes|p1a: Dondozo\n|-resisted|p1a: Dondozo\n|-crit|p1a: Dondozo\n|-damage|p1a: Dondozo|28\/100\n|-resisted|p1a: Dondozo\n|-crit|p1a: Dondozo\n|-damage|p1a: Dondozo|21\/100\n|-resisted|p1a: Dondozo\n|-crit|p1a: Dondozo\n|-damage|p1a: Dondozo|15\/100\n|-hitcount|p1a: Dondozo|3\n|move|p1a: Dondozo|Earthquake|p2b: Urshifu|[spread] p2b\n|-miss|p1a: Dondozo|p1b: Tatsugiri\n|-activate|p2a: Clefairy|move: Protect\n|-damage|p2b: Urshifu|27\/100\n|\n|-sideend|p2: diegodm2694|move: Tailwind\n|upkeep\n|turn|5\n|inactive|diegodm2694 has 30 seconds left.\n|\n|t:|1700113806\n|move|p2a: Clefairy|Helping Hand|p2b: Urshifu\n|-singleturn|p2b: Urshifu|Helping Hand|[of] p2a: Clefairy\n|move|p2b: Urshifu|Surging Strikes|p1a: Dondozo\n|-resisted|p1a: Dondozo\n|-crit|p1a: Dondozo\n|-damage|p1a: Dondozo|5\/100\n|-resisted|p1a: Dondozo\n|-crit|p1a: Dondozo\n|-damage|p1a: Dondozo|0 fnt\n|faint|p1a: Dondozo\n|-hitcount|p1: Dondozo|2\n|\n|upkeep\n|\n|t:|1700113812\n|switch|p1a: Glimmora|Glimmora, L50, F|100\/100\n|turn|6\n|inactive|ammoooonn has 30 seconds left.\n|\n|t:|1700113838\n|-terastallize|p1a: Glimmora|Grass\n|move|p2a: Clefairy|Follow Me|p2a: Clefairy\n|-singleturn|p2a: Clefairy|move: Follow Me\n|move|p1b: Tatsugiri|Muddy Water|p2b: Urshifu|[spread] p2a,p2b\n|-resisted|p2b: Urshifu\n|-damage|p2a: Clefairy|25\/100\n|-damage|p2b: Urshifu|7\/100\n|-unboost|p2b: Urshifu|accuracy|1\n|move|p2b: Urshifu|Close Combat|p1a: Glimmora\n|-damage|p1a: Glimmora|27\/100\n|-unboost|p2b: Urshifu|def|1\n|-unboost|p2b: Urshifu|spd|1\n|-activate|p1a: Glimmora|ability: Toxic Debris\n|-sidestart|p2: diegodm2694|move: Toxic Spikes\n|move|p1a: Glimmora|Sludge Bomb|p2a: Clefairy\n|-supereffective|p2a: Clefairy\n|-damage|p2a: Clefairy|0 fnt\n|faint|p2a: Clefairy\n|\n|upkeep\n|\n|t:|1700113853\n|switch|p2a: Flutter Mane|Flutter Mane, L50|100\/100\n|-status|p2a: Flutter Mane|psn\n|turn|7\n|\n|t:|1700113869\n|-terastallize|p2a: Flutter Mane|Fairy\n|move|p2b: Urshifu|Aqua Jet|p1b: Tatsugiri\n|-resisted|p1b: Tatsugiri\n|-damage|p1b: Tatsugiri|91\/100\n|move|p2a: Flutter Mane|Dazzling Gleam|p1a: Glimmora|[spread] p1a,p1b\n|-supereffective|p1b: Tatsugiri\n|-damage|p1a: Glimmora|0 fnt\n|-damage|p1b: Tatsugiri|0 fnt\n|faint|p1a: Glimmora\n|faint|p1b: Tatsugiri\n|\n|win|diegodm2694\n|raw|ammoooonn's rating: 1601 &rarr; <strong>1579<\/strong><br \/>(-22 for losing)\n|raw|diegodm2694's rating: 1572 &rarr; <strong>1594<\/strong><br \/>(+22 for winning)\n|l|\u2606ammoooonn\n","uploadtime":1700113884,"views":33,"p1id":"ammoooonn","p2id":"diegodm2694","formatid":"gen9vgc2023regulatione","rating":1579,"private":0,"password":""}