{"id":"gen9vgc2023regulatione-1991814963","p1":"SOLOLUMINEONING","p2":"made of bliss","format":"[Gen 9] VGC 2023 Regulation E","log":"|j|\u2606SOLOLUMINEONING\n|j|\u2606made of bliss\n|t:|1700122346\n|gametype|doubles\n|player|p1|SOLOLUMINEONING|burglar|1766\n|player|p2|made of bliss|sabrina|1703\n|teamsize|p1|6\n|teamsize|p2|6\n|gen|9\n|tier|[Gen 9] VGC 2023 Regulation E\n|rated|\n|rule|Species Clause: Limit one of each Pok\u00e9mon\n|rule|Item Clause: Limit one of each item\n|clearpoke\n|poke|p1|Regidrago, L50|\n|poke|p1|Tornadus, L50, M|\n|poke|p1|Urshifu-*, L50, M|\n|poke|p1|Rillaboom, L50, M|\n|poke|p1|Gholdengo, L50|\n|poke|p1|Ogerpon-Hearthflame, L50, F|\n|poke|p2|Rillaboom, L50, F|\n|poke|p2|Ogerpon-Hearthflame, L50, F|\n|poke|p2|Kingambit, L50, M|\n|poke|p2|Iron Bundle, L50|\n|poke|p2|Farigiraf, L50, M|\n|poke|p2|Urshifu-*, L50, F|\n|teampreview|4\n|inactive|Battle timer is ON: inactive players will automatically lose when time's up. (requested by made of bliss)\n|inactive|SOLOLUMINEONING also wants the timer to be on.\nmade of bliss has agreed to open team sheets.\nSOLOLUMINEONING has agreed to open team sheets.\n|inactive|SOLOLUMINEONING has 30 seconds left.\n|inactive|made of bliss has 30 seconds left.\n|inactive|SOLOLUMINEONING has 20 seconds left.\n|inactive|SOLOLUMINEONING has 15 seconds left.\n|inactive|SOLOLUMINEONING has 10 seconds left.\n|inactive|SOLOLUMINEONING has 5 seconds left.\n|\n|t:|1700122419\n|start\n|switch|p1a: Jay Baruchel|Tornadus, L50, M, shiny|100\/100\n|switch|p1b: Robert Downey Jr.|Gholdengo, L50, shiny|100\/100\n|switch|p2a: Rillaboom|Rillaboom, L50, F|100\/100\n|switch|p2b: Kingambit|Kingambit, L50, M|100\/100\n|-fieldstart|move: Grassy Terrain|[from] ability: Grassy Surge|[of] p2a: Rillaboom\n|turn|1\n|inactive|SOLOLUMINEONING has 30 seconds left.\n|\n|t:|1700122453\n|-terastallize|p1b: Robert Downey Jr.|Steel\n|move|p2a: Rillaboom|Fake Out|p1a: Jay Baruchel\n|-damage|p1a: Jay Baruchel|78\/100\n|cant|p1a: Jay Baruchel|flinch\n|move|p1b: Robert Downey Jr.|Make It Rain|p2a: Rillaboom|[spread] p2a,p2b\n|-resisted|p2b: Kingambit\n|-damage|p2a: Rillaboom|31\/100\n|-damage|p2b: Kingambit|51\/100\n|-unboost|p1b: Robert Downey Jr.|spa|1\n|move|p2b: Kingambit|Kowtow Cleave|p1b: Robert Downey Jr.\n|-damage|p1b: Robert Downey Jr.|57\/100\n|\n|-heal|p1b: Robert Downey Jr.|63\/100|[from] Grassy Terrain\n|-heal|p2a: Rillaboom|36\/100|[from] Grassy Terrain\n|-heal|p2b: Kingambit|57\/100|[from] Grassy Terrain\n|-heal|p2b: Kingambit|63\/100|[from] item: Leftovers\n|upkeep\n|turn|2\n|inactive|made of bliss has 30 seconds left.\n|\n|t:|1700122478\n|switch|p1b: Ben Stiller|Urshifu-Rapid-Strike, L50, M|100\/100\n|switch|p2a: Ogerpon|Ogerpon-Hearthflame, L50, F|100\/100\n|-ability|p2a: Ogerpon|Mold Breaker\n|move|p1a: Jay Baruchel|Bleakwind Storm|p2b: Kingambit|[spread] p2a,p2b\n|-supereffective|p2a: Ogerpon\n|-resisted|p2b: Kingambit\n|-damage|p2a: Ogerpon|18\/100\n|-damage|p2b: Kingambit|43\/100\n|-unboost|p2a: Ogerpon|spe|1\n|move|p2b: Kingambit|Kowtow Cleave|p1a: Jay Baruchel\n|-damage|p1a: Jay Baruchel|0 fnt\n|faint|p1a: Jay Baruchel\n|\n|-heal|p2a: Ogerpon|24\/100|[from] Grassy Terrain\n|-heal|p2b: Kingambit|49\/100|[from] Grassy Terrain\n|-heal|p2b: Kingambit|55\/100|[from] item: Leftovers\n|upkeep\n|\n|t:|1700122489\n|switch|p1a: Jack Black|Rillaboom, L50, M, shiny|100\/100\n|turn|3\n|\n|t:|1700122512\n|move|p1a: Jack Black|Fake Out|p2a: Ogerpon\n|-damage|p2a: Ogerpon|8\/100\n|cant|p2a: Ogerpon|flinch\n|move|p1b: Ben Stiller|Close Combat|p2b: Kingambit\n|-supereffective|p2b: Kingambit\n|-damage|p2b: Kingambit|0 fnt\n|-unboost|p1b: Ben Stiller|def|1\n|-unboost|p1b: Ben Stiller|spd|1\n|faint|p2b: Kingambit\n|\n|-heal|p2a: Ogerpon|14\/100|[from] Grassy Terrain\n|upkeep\n|\n|t:|1700122528\n|switch|p2b: Rillaboom|Rillaboom, L50, F|36\/100\n|turn|4\n|inactive|SOLOLUMINEONING has 30 seconds left.\n|inactive|made of bliss has 30 seconds left.\n|inactive|SOLOLUMINEONING has 20 seconds left.\n|\n|t:|1700122564\n|switch|p1b: Robert Downey Jr.|Gholdengo, L50, shiny, tera:Steel|63\/100\n|move|p2a: Ogerpon|Spiky Shield|p2a: Ogerpon\n|-singleturn|p2a: Ogerpon|move: Protect\n|move|p1a: Jack Black|Wood Hammer|p2a: Ogerpon\n|-activate|p2a: Ogerpon|move: Protect\n|-damage|p1a: Jack Black|88\/100|[from] Spiky Shield|[of] p2a: Ogerpon\n|move|p2b: Rillaboom|High Horsepower|p1b: Robert Downey Jr.\n|-supereffective|p1b: Robert Downey Jr.\n|-damage|p1b: Robert Downey Jr.|0 fnt\n|faint|p1b: Robert Downey Jr.\n|\n|-heal|p1a: Jack Black|94\/100|[from] Grassy Terrain\n|-heal|p2b: Rillaboom|42\/100|[from] Grassy Terrain\n|-heal|p2a: Ogerpon|20\/100|[from] Grassy Terrain\n|upkeep\n|\n|t:|1700122567\n|switch|p1b: Ben Stiller|Urshifu-Rapid-Strike, L50, M|100\/100\n|turn|5\n|inactive|SOLOLUMINEONING has 30 seconds left.\n|inactive|made of bliss has 30 seconds left.\n|inactive|SOLOLUMINEONING has 20 seconds left.\n|inactive|made of bliss has 20 seconds left.\n|inactive|SOLOLUMINEONING has 15 seconds left.\n|inactive|SOLOLUMINEONING has 10 seconds left.\n|inactive|SOLOLUMINEONING has 5 seconds left.\n|\n|t:|1700122619\n|move|p1b: Ben Stiller|Aqua Jet|p2a: Ogerpon\n|-damage|p2a: Ogerpon|0 fnt\n|faint|p2a: Ogerpon\n|move|p1a: Jack Black|Grassy Glide|p2b: Rillaboom\n|-resisted|p2b: Rillaboom\n|-damage|p2b: Rillaboom|25\/100\n|move|p2b: Rillaboom|Grassy Glide|p1b: Ben Stiller\n|-supereffective|p1b: Ben Stiller\n|-damage|p1b: Ben Stiller|21\/100\n|\n|-heal|p1b: Ben Stiller|27\/100|[from] Grassy Terrain\n|-heal|p1a: Jack Black|99\/100|[from] Grassy Terrain\n|-heal|p2b: Rillaboom|31\/100|[from] Grassy Terrain\n|-fieldend|move: Grassy Terrain\n|upkeep\n|\n|t:|1700122633\n|switch|p2a: Iron Bundle|Iron Bundle, L50|100\/100\n|-enditem|p2a: Iron Bundle|Booster Energy\n|-activate|p2a: Iron Bundle|ability: Quark Drive|[fromitem]\n|-start|p2a: Iron Bundle|quarkdrivespe\n|turn|6\n|\n|t:|1700122644\n|-terastallize|p2a: Iron Bundle|Ghost\n|move|p1b: Ben Stiller|Aqua Jet|p2a: Iron Bundle\n|-damage|p2a: Iron Bundle|68\/100\n|move|p2a: Iron Bundle|Freeze-Dry|p1b: Ben Stiller\n|-supereffective|p1b: Ben Stiller\n|-damage|p1b: Ben Stiller|0 fnt\n|faint|p1b: Ben Stiller\n|move|p1a: Jack Black|Wood Hammer|p2a: Iron Bundle\n|-damage|p2a: Iron Bundle|0 fnt\n|faint|p2a: Iron Bundle\n|-end|p2a: Iron Bundle|Quark Drive|[silent]\n|-damage|p1a: Jack Black|85\/100|[from] Recoil\n|move|p2b: Rillaboom|Wood Hammer|p1a: Jack Black\n|-resisted|p1a: Jack Black\n|-damage|p1a: Jack Black|52\/100\n|-damage|p2b: Rillaboom|20\/100|[from] Recoil\n|\n|upkeep\n|turn|7\n|j| hdwyzdmszrj\n|\n|t:|1700122663\n|move|p1a: Jack Black|Wood Hammer|p2b: Rillaboom\n|-resisted|p2b: Rillaboom\n|-damage|p2b: Rillaboom|0 fnt\n|faint|p2b: Rillaboom\n|-damage|p1a: Jack Black|46\/100|[from] Recoil\n|\n|win|SOLOLUMINEONING\n|raw|SOLOLUMINEONING's rating: 1766 &rarr; <strong>1782<\/strong><br \/>(+16 for winning)\n|raw|made of bliss's rating: 1703 &rarr; <strong>1687<\/strong><br \/>(-16 for losing)\n|l|\u2606made of bliss\n|c|\u2606SOLOLUMINEONING|ggs\n","uploadtime":1700122672,"views":40,"p1id":"sololumineoning","p2id":"madeofbliss","formatid":"gen9vgc2023regulatione","rating":1687,"private":0,"password":""}