{"id":"gen9vgc2023regulatione-1990193715","p1":"DJGrooves213","p2":"hellolorem","format":"[Gen 9] VGC 2023 Regulation E","log":"|j|\u2606DJGrooves213\n|j|\u2606hellolorem\n|t:|1699935480\n|gametype|doubles\n|player|p1|DJGrooves213|roark|1230\n|player|p2|hellolorem|waiter-gen4|1190\n|teamsize|p1|6\n|teamsize|p2|6\n|gen|9\n|tier|[Gen 9] VGC 2023 Regulation E\n|rated|\n|rule|Species Clause: Limit one of each Pok\u00e9mon\n|rule|Item Clause: Limit one of each item\n|clearpoke\n|poke|p1|Fezandipiti, L50, M|\n|poke|p1|Chien-Pao, L50|\n|poke|p1|Basculegion, L50, M|\n|poke|p1|Sableye, L50, M|\n|poke|p1|Illumise, L50, F|\n|poke|p1|Slowbro-Galar, L50, M|\n|poke|p2|Indeedee-F, L50, F|\n|poke|p2|Armarouge, L50, F|\n|poke|p2|Sinistcha, L50|\n|poke|p2|Iron Hands, L50|\n|poke|p2|Ninetales-Alola, L50, M|\n|poke|p2|Roaring Moon, L50|\n|teampreview|4\n|\n|t:|1699935513\n|start\n|switch|p1a: Sableye|Sableye, L50, M, shiny|100\/100\n|switch|p1b: Basculegion|Basculegion, L50, M, shiny|100\/100\n|switch|p2a: Armarouge|Armarouge, L50, F|100\/100\n|switch|p2b: Roaring Moon|Roaring Moon, L50|100\/100\n|-enditem|p2b: Roaring Moon|Booster Energy\n|-activate|p2b: Roaring Moon|ability: Protosynthesis|[fromitem]\n|-start|p2b: Roaring Moon|protosynthesisspe\n|turn|1\n|\n|t:|1699935535\n|move|p2a: Armarouge|Protect|p2a: Armarouge\n|-singleturn|p2a: Armarouge|Protect\n|move|p1a: Sableye|Reflect|p1a: Sableye\n|-sidestart|p1: DJGrooves213|Reflect\n|move|p2b: Roaring Moon|Tailwind|p2b: Roaring Moon\n|-sidestart|p2: hellolorem|move: Tailwind\n|move|p1b: Basculegion|Flip Turn|p2a: Armarouge\n|-activate|p2a: Armarouge|move: Protect\n|\n|upkeep\n|turn|2\n|\n|t:|1699935578\n|switch|p2a: Indeedee|Indeedee-F, L50, F|100\/100\n|-fieldstart|move: Psychic Terrain|[from] ability: Psychic Surge|[of] p2a: Indeedee\n|move|p1a: Sableye|Light Screen|p1a: Sableye\n|-sidestart|p1: DJGrooves213|move: Light Screen\n|move|p2b: Roaring Moon|Knock Off|p1a: Sableye\n|-damage|p1a: Sableye|61\/100\n|-enditem|p1a: Sableye|Light Clay|[from] move: Knock Off|[of] p2b: Roaring Moon\n|move|p1b: Basculegion|Flip Turn|p2a: Indeedee\n|-damage|p2a: Indeedee|65\/100\n|-damage|p1b: Basculegion|84\/100|[from] item: Rocky Helmet|[of] p2a: Indeedee\n|\n|t:|1699935592\n|switch|p1b: Chien-Pao|Chien-Pao, L50|100\/100|[from] Flip Turn\n|-ability|p1b: Chien-Pao|Sword of Ruin\n|\n|upkeep\n|turn|3\n|\n|t:|1699935611\n|switch|p2a: Iron Hands|Iron Hands, L50|100\/100\n|move|p2b: Roaring Moon|Acrobatics|p1a: Sableye\n|-damage|p1a: Sableye|22\/100\n|move|p1b: Chien-Pao|Icicle Crash|p2a: Iron Hands\n|-damage|p2a: Iron Hands|49\/100\n|-damage|p1b: Chien-Pao|91\/100|[from] item: Life Orb\n|move|p1a: Sableye|Foul Play|p2a: Iron Hands\n|-resisted|p2a: Iron Hands\n|-damage|p2a: Iron Hands|25\/100\n|\n|upkeep\n|turn|4\n|\n|t:|1699935634\n|switch|p1a: Basculegion|Basculegion, L50, M, shiny|84\/100\n|-terastallize|p1b: Chien-Pao|Ghost\n|move|p2b: Roaring Moon|Acrobatics|p1a: Basculegion\n|-damage|p1a: Basculegion|39\/100\n|move|p1b: Chien-Pao|Icicle Crash|p2b: Roaring Moon\n|-supereffective|p2b: Roaring Moon\n|-damage|p2b: Roaring Moon|0 fnt\n|faint|p2b: Roaring Moon\n|-end|p2b: Roaring Moon|Protosynthesis|[silent]\n|-damage|p1b: Chien-Pao|81\/100|[from] item: Life Orb\n|move|p2a: Iron Hands|Drain Punch|p1b: Chien-Pao\n|-immune|p1b: Chien-Pao\n|\n|-sideend|p2: hellolorem|move: Tailwind\n|upkeep\n|\n|t:|1699935649\n|switch|p2b: Armarouge|Armarouge, L50, F|100\/100\n|turn|5\n|\n|t:|1699935668\n|-end|p2a: Iron Hands|Quark Drive|[silent]\n|switch|p2a: Indeedee|Indeedee-F, L50, F|65\/100\n|move|p2b: Armarouge|Protect|p2b: Armarouge\n|-singleturn|p2b: Armarouge|Protect\n|move|p1a: Basculegion|Wave Crash|p2a: Indeedee\n|-damage|p2a: Indeedee|0 fnt\n|-damage|p1a: Basculegion|23\/100|[from] item: Rocky Helmet|[of] p2a: Indeedee\n|faint|p2a: Indeedee\n|-damage|p1a: Basculegion|4\/100|[from] Recoil\n|move|p1b: Chien-Pao|Crunch|p2b: Armarouge\n|-activate|p2b: Armarouge|move: Protect\n|\n|upkeep\n|\n|t:|1699935681\n|switch|p2a: Iron Hands|Iron Hands, L50|25\/100\n|turn|6\n|\n|t:|1699935702\n|move|p1a: Basculegion|Wave Crash|p2a: Iron Hands\n|-damage|p2a: Iron Hands|0 fnt\n|faint|p2a: Iron Hands\n|-end|p2a: Iron Hands|Quark Drive|[silent]\n|-damage|p1a: Basculegion|0 fnt|[from] Recoil\n|faint|p1a: Basculegion\n|move|p1b: Chien-Pao|Crunch|p2b: Armarouge\n|-supereffective|p2b: Armarouge\n|-damage|p2b: Armarouge|0 fnt\n|faint|p2b: Armarouge\n|-damage|p1b: Chien-Pao|72\/100|[from] item: Life Orb\n|\n|win|DJGrooves213\n|raw|DJGrooves213's rating: 1230 &rarr; <strong>1252<\/strong><br \/>(+22 for winning)\n|raw|hellolorem's rating: 1190 &rarr; <strong>1168<\/strong><br \/>(-22 for losing)\n|c|\u2606hellolorem|gg'\n|c|\u2606DJGrooves213|ggwp\n","uploadtime":1699935724,"views":15,"p1id":"djgrooves213","p2id":"hellolorem","formatid":"gen9vgc2023regulatione","rating":1168,"private":0,"password":""}