{"id":"gen9vgc2023regulatione-1990735349","p1":"Maggolando","p2":"Hohen92","format":"[Gen 9] VGC 2023 Regulation E","log":"|j|\u2606Maggolando\n|j|\u2606Hohen92\n|t:|1699995970\n|gametype|doubles\n|player|p1|Maggolando|265|1103\n|player|p2|Hohen92|102|1218\n|teamsize|p1|6\n|teamsize|p2|6\n|gen|9\n|tier|[Gen 9] VGC 2023 Regulation E\n|rated|\n|rule|Species Clause: Limit one of each Pok\u00e9mon\n|rule|Item Clause: Limit one of each item\n|clearpoke\n|poke|p1|Tornadus, L50, M|\n|poke|p1|Arcanine-Hisui, L50, M|\n|poke|p1|Iron Hands, L50|\n|poke|p1|Gholdengo, L50|\n|poke|p1|Urshifu-*, L50, M|\n|poke|p1|Ogerpon-Wellspring, L50, F|\n|poke|p2|Gholdengo, L50|\n|poke|p2|Urshifu-*, L50, M|\n|poke|p2|Tornadus, L50, M|\n|poke|p2|Amoonguss, L50, M|\n|poke|p2|Iron Hands, L50|\n|poke|p2|Arcanine-Hisui, L50, F|\n|teampreview|4\nHohen92 has agreed to open team sheets.\n|inactive|Battle timer is ON: inactive players will automatically lose when time's up. (requested by Hohen92)\n|\n|t:|1699996000\n|start\n|switch|p1a: Tornadus|Tornadus, L50, M|100\/100\n|switch|p1b: Iron Hands|Iron Hands, L50|100\/100\n|switch|p2a: Urshifu|Urshifu-Rapid-Strike, L50, M|100\/100\n|switch|p2b: Amoonguss|Amoonguss, L50, M|100\/100\n|turn|1\n|inactive|Hohen92 has 30 seconds left.\n|inactive|Hohen92 has 20 seconds left.\n|inactive|Hohen92 has 15 seconds left.\n|inactive|Hohen92 has 10 seconds left.\n|inactive|Hohen92 has 5 seconds left.\n|\n|t:|1699996051\n|switch|p2a: Arcanine|Arcanine-Hisui, L50, F|100\/100\n|-ability|p2a: Arcanine|Intimidate|boost\n|-unboost|p1a: Tornadus|atk|1\n|-unboost|p1b: Iron Hands|atk|1\n|move|p2b: Amoonguss|Protect|p2b: Amoonguss\n|-singleturn|p2b: Amoonguss|Protect\n|move|p1b: Iron Hands|Fake Out|p2a: Arcanine\n|-resisted|p2a: Arcanine\n|-damage|p2a: Arcanine|95\/100\n|move|p1a: Tornadus|Tailwind|p1a: Tornadus\n|-sidestart|p1: Maggolando|move: Tailwind\n|\n|upkeep\n|turn|2\n|\n|t:|1699996072\n|-end|p1b: Iron Hands|Quark Drive|[silent]\n|switch|p1b: Urshifu|Urshifu-Rapid-Strike, L50, M|100\/100\n|switch|p2b: Iron Hands|Iron Hands, L50|100\/100\n|move|p1a: Tornadus|Rain Dance|p1a: Tornadus\n|-weather|RainDance\n|move|p2a: Arcanine|Rock Slide|p1a: Tornadus|[spread] p1a,p1b\n|-supereffective|p1a: Tornadus\n|-resisted|p1b: Urshifu\n|-damage|p1a: Tornadus|6\/100\n|-damage|p1b: Urshifu|78\/100\n|\n|-weather|RainDance|[upkeep]\n|upkeep\n|turn|3\n|inactive|Hohen92 has 30 seconds left.\n|\n|t:|1699996099\n|switch|p1a: Iron Hands|Iron Hands, L50|100\/100\n|move|p2b: Iron Hands|Fake Out|p1b: Urshifu\n|-damage|p1b: Urshifu|63\/100\n|cant|p1b: Urshifu|flinch\n|move|p2a: Arcanine|Rock Slide|p1b: Urshifu|[spread] p1b\n|-miss|p2a: Arcanine|p1a: Iron Hands\n|-resisted|p1b: Urshifu\n|-damage|p1b: Urshifu|45\/100\n|\n|-weather|RainDance|[upkeep]\n|upkeep\n|turn|4\n|inactive|Hohen92 has 30 seconds left.\n|inactive|Hohen92 has 20 seconds left.\n|\n|t:|1699996134\n|switch|p2a: Amoonguss|Amoonguss, L50, M|100\/100\n|-end|p2b: Iron Hands|Quark Drive|[silent]\n|switch|p2b: Urshifu|Urshifu-Rapid-Strike, L50, M|100\/100\n|move|p1a: Iron Hands|Fake Out|p2b: Urshifu\n|-crit|p2b: Urshifu\n|-damage|p2b: Urshifu|80\/100\n|move|p1b: Urshifu|Surging Strikes|p2a: Amoonguss\n|-resisted|p2a: Amoonguss\n|-crit|p2a: Amoonguss\n|-damage|p2a: Amoonguss|89\/100\n|-resisted|p2a: Amoonguss\n|-crit|p2a: Amoonguss\n|-damage|p2a: Amoonguss|78\/100\n|-resisted|p2a: Amoonguss\n|-crit|p2a: Amoonguss\n|-damage|p2a: Amoonguss|66\/100\n|-hitcount|p2a: Amoonguss|3\n|\n|-weather|RainDance|[upkeep]\n|-sideend|p1: Maggolando|move: Tailwind\n|upkeep\n|turn|5\n|inactive|Maggolando has 30 seconds left.\n|inactive|Hohen92 has 30 seconds left.\n|\n|t:|1699996168\n|switch|p1b: Tornadus|Tornadus, L50, M|6\/100\n|move|p2b: Urshifu|U-turn|p1b: Tornadus\n|-resisted|p1b: Tornadus\n|-damage|p1b: Tornadus|0 fnt\n|faint|p1b: Tornadus\n|\n|t:|1699996185\n|switch|p2b: Iron Hands|Iron Hands, L50|100\/100|[from] U-turn\n|move|p1a: Iron Hands|Heavy Slam|p2a: Amoonguss\n|-damage|p2a: Amoonguss|33\/100\n|move|p2a: Amoonguss|Spore|p1a: Iron Hands\n|-status|p1a: Iron Hands|slp|[from] move: Spore\n|\n|-weather|RainDance|[upkeep]\n|upkeep\n|\n|t:|1699996198\n|switch|p1b: Arcanine|Arcanine-Hisui, L50, M|100\/100\n|-ability|p1b: Arcanine|Intimidate|boost\n|-unboost|p2a: Amoonguss|atk|1\n|-unboost|p2b: Iron Hands|atk|1\n|turn|6\n|\n|t:|1699996211\n|switch|p1b: Urshifu|Urshifu-Rapid-Strike, L50, M|45\/100\n|move|p2b: Iron Hands|Fake Out|p1b: Urshifu\n|-damage|p1b: Urshifu|34\/100\n|cant|p1a: Iron Hands|slp\n|move|p2a: Amoonguss|Spore|p1b: Urshifu\n|-status|p1b: Urshifu|slp|[from] move: Spore\n|\n|-weather|none\n|upkeep\n|turn|7\n|\n|t:|1699996230\n|switch|p2a: Arcanine|Arcanine-Hisui, L50, F|95\/100\n|-ability|p2a: Arcanine|Intimidate|boost\n|-unboost|p1a: Iron Hands|atk|1\n|-unboost|p1b: Urshifu|atk|1\n|cant|p1b: Urshifu|slp\n|move|p2b: Iron Hands|Volt Switch|p1b: Urshifu\n|-supereffective|p1b: Urshifu\n|-damage|p1b: Urshifu|0 fnt\n|faint|p1b: Urshifu\n|-message|Maggolando forfeited.\n|\n|win|Hohen92\n|raw|Maggolando's rating: 1103 &rarr; <strong>1086<\/strong><br \/>(-17 for losing)\n|raw|Hohen92's rating: 1218 &rarr; <strong>1235<\/strong><br \/>(+17 for winning)\n|l|\u2606Maggolando\n","uploadtime":1699996254,"views":6,"p1id":"maggolando","p2id":"hohen92","formatid":"gen9vgc2023regulatione","rating":1086,"private":0,"password":""}