{"id":"gen9vgc2023regulatione-1992976236","p1":"bangdu","p2":"Kzrkzvzo","format":"[Gen 9] VGC 2023 Regulation E","log":"|j|\u2606bangdu\n|j|\u2606Kzrkzvzo\n|t:|1700251956\n|gametype|doubles\n|player|p1|bangdu|2|1143\n|player|p2|Kzrkzvzo|lance|1088\n|teamsize|p1|6\n|teamsize|p2|6\n|gen|9\n|tier|[Gen 9] VGC 2023 Regulation E\n|rated|\n|rule|Species Clause: Limit one of each Pok\u00e9mon\n|rule|Item Clause: Limit one of each item\n|clearpoke\n|poke|p1|Roaring Moon, L50|\n|poke|p1|Grimmsnarl, L50, M|\n|poke|p1|Amoonguss, L50, F|\n|poke|p1|Arcanine, L50, M|\n|poke|p1|Sneasler, L50, F|\n|poke|p1|Indeedee-F, L50, F|\n|poke|p2|Flutter Mane, L50|\n|poke|p2|Tornadus, L50, M|\n|poke|p2|Rillaboom, L50, F|\n|poke|p2|Garganacl, L50, F|\n|poke|p2|Arcanine-Hisui, L50, M|\n|poke|p2|Chien-Pao, L50|\n|teampreview|4\n|inactive|Battle timer is ON: inactive players will automatically lose when time's up. (requested by Kzrkzvzo)\n|inactive|bangdu has 60 seconds left.\n|\n|t:|1700252024\n|start\n|switch|p1a: Grimmsnarl|Grimmsnarl, L50, M|100\/100\n|switch|p1b: Sneasler|Sneasler, L50, F|100\/100\n|switch|p2a: Tornadus|Tornadus, L50, M|100\/100\n|switch|p2b: Garganacl|Garganacl, L50, F|100\/100\n|turn|1\n|\n|t:|1700252043\n|-terastallize|p2b: Garganacl|Ghost\n|move|p1a: Grimmsnarl|Fake Out|p2a: Tornadus\n|-damage|p2a: Tornadus|87\/100\n|-damage|p1a: Grimmsnarl|84\/100|[from] item: Rocky Helmet|[of] p2a: Tornadus\n|move|p1b: Sneasler|Close Combat|p2b: Garganacl\n|-immune|p2b: Garganacl\n|cant|p2a: Tornadus|flinch\n|move|p2b: Garganacl|Iron Defense|p2b: Garganacl\n|-boost|p2b: Garganacl|def|2\n|\n|upkeep\n|turn|2\n|\n|t:|1700252060\n|move|p1a: Grimmsnarl|Reflect|p1a: Grimmsnarl\n|-sidestart|p1: bangdu|Reflect\n|move|p1b: Sneasler|Swords Dance|p1b: Sneasler\n|-boost|p1b: Sneasler|atk|2\n|move|p2a: Tornadus|Bleakwind Storm|p1a: Grimmsnarl|[spread] p1a\n|-miss|p2a: Tornadus|p1b: Sneasler\n|-damage|p1a: Grimmsnarl|51\/100\n|move|p2b: Garganacl|Salt Cure|p1b: Sneasler\n|-resisted|p1b: Sneasler\n|-damage|p1b: Sneasler|93\/100\n|-start|p1b: Sneasler|Salt Cure\n|\n|-damage|p1b: Sneasler|80\/100|[from] Salt Cure\n|upkeep\n|turn|3\n|inactive|bangdu has 30 seconds left.\n|\n|t:|1700252090\n|switch|p1b: Roaring Moon|Roaring Moon, L50|100\/100\n|-enditem|p1b: Roaring Moon|Booster Energy\n|-activate|p1b: Roaring Moon|ability: Protosynthesis|[fromitem]\n|-start|p1b: Roaring Moon|protosynthesisatk\n|move|p2a: Tornadus|Tailwind|p2a: Tornadus\n|-sidestart|p2: Kzrkzvzo|move: Tailwind\n|move|p1a: Grimmsnarl|Light Screen|p1a: Grimmsnarl\n|-sidestart|p1: bangdu|move: Light Screen\n|move|p2b: Garganacl|Iron Defense|p2b: Garganacl\n|-boost|p2b: Garganacl|def|2\n|\n|upkeep\n|turn|4\n|\n|t:|1700252115\n|switch|p1a: Indeedee|Indeedee-F, L50, F|100\/100\n|-fieldstart|move: Psychic Terrain|[from] ability: Psychic Surge|[of] p1a: Indeedee\n|move|p2a: Tornadus|Bleakwind Storm|p1b: Roaring Moon|[spread] p1a,p1b\n|-damage|p1a: Indeedee|79\/100\n|-damage|p1b: Roaring Moon|80\/100\n|move|p1b: Roaring Moon|Jaw Lock|p2b: Garganacl\n|-supereffective|p2b: Garganacl\n|-damage|p2b: Garganacl|68\/100\n|-activate|p1b: Roaring Moon|trapped\n|move|p2b: Garganacl|Salt Cure|p1b: Roaring Moon\n|-damage|p1b: Roaring Moon|67\/100\n|-start|p1b: Roaring Moon|Salt Cure\n|\n|-damage|p1b: Roaring Moon|55\/100|[from] Salt Cure\n|upkeep\n|turn|5\n|\n|t:|1700252135\n|move|p1a: Indeedee|Follow Me|p1a: Indeedee\n|-singleturn|p1a: Indeedee|move: Follow Me\n|move|p2a: Tornadus|Bleakwind Storm|p1b: Roaring Moon|[spread] p1b\n|-miss|p2a: Tornadus|p1a: Indeedee\n|-damage|p1b: Roaring Moon|35\/100\n|-unboost|p1b: Roaring Moon|spe|1\n|move|p1b: Roaring Moon|Dragon Dance|p1b: Roaring Moon\n|-boost|p1b: Roaring Moon|atk|1\n|-boost|p1b: Roaring Moon|spe|1\n|move|p2b: Garganacl|Iron Defense|p2b: Garganacl\n|-boost|p2b: Garganacl|def|2\n|\n|-damage|p1b: Roaring Moon|23\/100|[from] Salt Cure\n|upkeep\n|turn|6\n|inactive|bangdu has 30 seconds left.\n|\n|t:|1700252166\n|-terastallize|p1b: Roaring Moon|Flying\n|move|p1a: Indeedee|Helping Hand|p1b: Roaring Moon\n|-singleturn|p1b: Roaring Moon|Helping Hand|[of] p1a: Indeedee\n|move|p2a: Tornadus|Bleakwind Storm|p1a: Indeedee|[spread] p1a,p1b\n|-damage|p1a: Indeedee|58\/100\n|-damage|p1b: Roaring Moon|2\/100\n|move|p1b: Roaring Moon|Acrobatics|p2b: Garganacl\n|-damage|p2b: Garganacl|32\/100\n|-enditem|p2b: Garganacl|Sitrus Berry|[eat]\n|-heal|p2b: Garganacl|57\/100|[from] item: Sitrus Berry\n|move|p2b: Garganacl|Recover|p2b: Garganacl\n|-heal|p2b: Garganacl|100\/100\n|\n|-damage|p1b: Roaring Moon|0 fnt|[from] Salt Cure\n|faint|p1b: Roaring Moon\n|-end|p1b: Roaring Moon|Protosynthesis|[silent]\n|-sideend|p2: Kzrkzvzo|move: Tailwind\n|upkeep\n|-message|bangdu forfeited.\n|\n|win|Kzrkzvzo\n|raw|bangdu's rating: 1143 &rarr; <strong>1114<\/strong><br \/>(-29 for losing)\n|raw|Kzrkzvzo's rating: 1088 &rarr; <strong>1119<\/strong><br \/>(+31 for winning)\n|l|\u2606bangdu\n","uploadtime":1700252196,"views":9,"p1id":"bangdu","p2id":"kzrkzvzo","formatid":"gen9vgc2023regulatione","rating":1114,"private":0,"password":""}