{"id":"gen9vgc2023regulatione-1994313490","p1":"Kilowattrel Fan","p2":"Osprey11","format":"[Gen 9] VGC 2023 Regulation E","log":"|j|\u2606Kilowattrel Fan\n|j|\u2606Osprey11\n|n|\u2606Kilowattrel Fan|kilowattrelfan\n|n|\u2606Osprey11|osprey11\n|html|View the match progress at <a href=\"\/game-bestof3-gen9vgc2023regulatione-1994313489\">game-bestof3-gen9vgc2023regulatione-1994313489<\/a>\n|t:|1700430025\n|gametype|doubles\n|player|p1|Kilowattrel Fan|riley|\n|player|p2|Osprey11|101|\n|teamsize|p1|6\n|teamsize|p2|6\n|gen|9\n|tier|[Gen 9] VGC 2023 Regulation E\n|rule|Species Clause: Limit one of each Pok\u00e9mon\n|rule|Item Clause: Limit one of each item\n|clearpoke\n|poke|p1|Torkoal, L50, M|\n|poke|p1|Lilligant-Hisui, L50, F|\n|poke|p1|Flutter Mane, L50|\n|poke|p1|Landorus-Therian, L50, M|\n|poke|p1|Kingambit, L50, M|\n|poke|p1|Iron Hands, L50|\n|poke|p2|Moltres-Galar, L50|\n|poke|p2|Sinistcha, L50|\n|poke|p2|Iron Hands, L50|\n|poke|p2|Ogerpon-Wellspring, L50, F|\n|poke|p2|Arcanine-Hisui, L50, F|\n|poke|p2|Tornadus, L50, M|\n|teampreview|4\nKilowattrel Fan has agreed to open team sheets.\nOsprey11 has agreed to open team sheets.\n|showteam|p1|Torkoal||Charcoal|Drought|Eruption,Flamethrower,EarthPower,Protect|||M|||50|,,,,,Fire]Lilligant-Hisui||FocusSash|Chlorophyll|CloseCombat,SolarBlade,AfterYou,Protect|||F|||50|,,,,,Ghost]Flutter Mane||ChoiceSpecs|Protosynthesis|Moonblast,DazzlingGleam,ShadowBall,PowerGem||||||50|,,,,,Fairy]Landorus-Therian||ChoiceScarf|Intimidate|StompingTantrum,Uturn,RockSlide,TeraBlast|||M|||50|,,,,,Flying]Kingambit||BlackGlasses|Defiant|SuckerPunch,KowtowCleave,IronHead,Protect|||M|||50|,,,,,Fairy]Iron Hands||AssaultVest|QuarkDrive|DrainPunch,WildCharge,FakeOut,HeavySlam||||||50|,,,,,Water\n|showteam|p2|Moltres-Galar||Leftovers|Berserk|NastyPlot,Protect,FieryWrath,AirSlash||||||50|,,,,,Poison]Sinistcha||MentalHerb|Hospitality|TrickRoom,LifeDew,RagePowder,StrengthSap||||||50|,,,,,Water]Iron Hands||AssaultVest|QuarkDrive|FakeOut,WildCharge,DrainPunch,HeavySlam||||||50|,,,,,Fire]Ogerpon-Wellspring||WellspringMask|WaterAbsorb|SpikyShield,IvyCudgel,HornLeech,FollowMe|||F|||50|,,,,,Water]Arcanine-Hisui||SitrusBerry|Intimidate|FlareBlitz,WillOWisp,Snarl,RockSlide|||F|||50|,,,,,Grass]Tornadus||CovertCloak|Prankster|Tailwind,RainDance,BleakwindStorm,IcyWind|||M|||50|,,,,,Dark\n|j| Van. Volcanucks\n|\n|t:|1700430105\n|start\n|switch|p1a: Brian|Iron Hands, L50|100\/100\n|switch|p1b: Broken Mon|Flutter Mane, L50|100\/100\n|switch|p2a: Iron Hands|Iron Hands, L50|100\/100\n|switch|p2b: Tornadus|Tornadus, L50, M|100\/100\n|turn|1\n|\n|t:|1700430178\n|switch|p2b: Ogerpon|Ogerpon-Wellspring, L50, F|100\/100\n|-terastallize|p2a: Iron Hands|Fire\n|move|p1a: Brian|Fake Out|p2b: Ogerpon\n|-damage|p2b: Ogerpon|87\/100\n|move|p1b: Broken Mon|Power Gem|p2b: Ogerpon\n|-damage|p2b: Ogerpon|48\/100\n|move|p2a: Iron Hands|Heavy Slam|p1b: Broken Mon\n|-supereffective|p1b: Broken Mon\n|-damage|p1b: Broken Mon|0 fnt\n|faint|p1b: Broken Mon\n|-end|p1b: Broken Mon|Protosynthesis|[silent]\n|\n|upkeep\n|\n|t:|1700430195\n|switch|p1b: Angry Cat|Landorus-Therian, L50, M|100\/100\n|-ability|p1b: Angry Cat|Intimidate|boost\n|-unboost|p2a: Iron Hands|atk|1\n|-unboost|p2b: Ogerpon|atk|1\n|turn|2\n|\n|t:|1700430240\n|-end|p2a: Iron Hands|Quark Drive|[silent]\n|switch|p2a: Tornadus|Tornadus, L50, M|100\/100\n|-terastallize|p1a: Brian|Water\n|move|p2b: Ogerpon|Spiky Shield|p2b: Ogerpon\n|-singleturn|p2b: Ogerpon|move: Protect\n|move|p1b: Angry Cat|Stomping Tantrum|p2a: Tornadus\n|-immune|p2a: Tornadus\n|move|p1a: Brian|Wild Charge|p2a: Tornadus\n|-supereffective|p2a: Tornadus\n|-damage|p2a: Tornadus|4\/100\n|-damage|p1a: Brian|82\/100|[from] Recoil\n|\n|upkeep\n|turn|3\n|\n|t:|1700430279\n|switch|p1b: Supreme Overlord|Kingambit, L50, M|100\/100\n|move|p2a: Tornadus|Tailwind|p2a: Tornadus\n|-sidestart|p2: Osprey11|move: Tailwind\n|move|p2b: Ogerpon|Ivy Cudgel|p1b: Supreme Overlord|[anim] Ivy Cudgel Water\n|-damage|p1b: Supreme Overlord|75\/100\n|move|p1a: Brian|Drain Punch|p2b: Ogerpon\n|-damage|p2b: Ogerpon|13\/100\n|-heal|p1a: Brian|95\/100|[from] drain|[of] p2b: Ogerpon\n|\n|upkeep\n|turn|4\n|\n|t:|1700430316\n|move|p2b: Ogerpon|Spiky Shield|p2b: Ogerpon\n|-singleturn|p2b: Ogerpon|move: Protect\n|move|p2a: Tornadus|Rain Dance|p2a: Tornadus\n|-weather|RainDance\n|move|p1b: Supreme Overlord|Sucker Punch||[still]\n|-fail|p1b: Supreme Overlord\n|move|p1a: Brian|Drain Punch|p2a: Tornadus\n|-resisted|p2a: Tornadus\n|-damage|p2a: Tornadus|0 fnt\n|-heal|p1a: Brian|97\/100|[from] drain|[of] p2a: Tornadus\n|faint|p2a: Tornadus\n|\n|-weather|RainDance|[upkeep]\n|upkeep\n|\n|t:|1700430328\n|switch|p2a: Iron Hands|Iron Hands, L50, tera:Fire|100\/100\n|turn|5\n|\n|t:|1700430343\n|-end|p1a: Brian|Quark Drive|[silent]\n|switch|p1a: Angry Cat|Landorus-Therian, L50, M|100\/100\n|-ability|p1a: Angry Cat|Intimidate|boost\n|-unboost|p2a: Iron Hands|atk|1\n|-unboost|p2b: Ogerpon|atk|1\n|move|p2a: Iron Hands|Fake Out|p1b: Supreme Overlord\n|-resisted|p1b: Supreme Overlord\n|-damage|p1b: Supreme Overlord|72\/100\n|cant|p1b: Supreme Overlord|flinch\n|move|p2b: Ogerpon|Horn Leech|p1a: Angry Cat\n|-damage|p1a: Angry Cat|77\/100\n|-heal|p2b: Ogerpon|23\/100|[from] drain|[of] p1a: Angry Cat\n|\n|-weather|RainDance|[upkeep]\n|upkeep\n|turn|6\n|\n|t:|1700430369\n|switch|p2b: Arcanine|Arcanine-Hisui, L50, F|100\/100\n|-ability|p2b: Arcanine|Intimidate|boost\n|-unboost|p1a: Angry Cat|atk|1\n|-unboost|p1b: Supreme Overlord|atk|1\n|-ability|p1b: Supreme Overlord|Defiant|boost\n|-boost|p1b: Supreme Overlord|atk|2\n|move|p1b: Supreme Overlord|Sucker Punch||[still]\n|-fail|p1b: Supreme Overlord\n|move|p1a: Angry Cat|Stomping Tantrum|p2a: Iron Hands\n|-supereffective|p2a: Iron Hands\n|-damage|p2a: Iron Hands|59\/100\n|move|p2a: Iron Hands|Drain Punch|p1b: Supreme Overlord\n|-supereffective|p1b: Supreme Overlord\n|-damage|p1b: Supreme Overlord|0 fnt\n|-heal|p2a: Iron Hands|91\/100|[from] drain|[of] p1b: Supreme Overlord\n|faint|p1b: Supreme Overlord\n|\n|-weather|RainDance|[upkeep]\n|-sideend|p2: Osprey11|move: Tailwind\n|upkeep\n|\n|t:|1700430385\n|switch|p1b: Brian|Iron Hands, L50, tera:Water|97\/100\n|turn|7\n|\n|t:|1700430408\n|move|p1b: Brian|Fake Out|p2a: Iron Hands\n|-damage|p2a: Iron Hands|79\/100\n|move|p1a: Angry Cat|Stomping Tantrum|p2b: Arcanine\n|-supereffective|p2b: Arcanine\n|-damage|p2b: Arcanine|3\/100\n|-enditem|p2b: Arcanine|Sitrus Berry|[eat]\n|-heal|p2b: Arcanine|28\/100|[from] item: Sitrus Berry\n|move|p2b: Arcanine|Will-O-Wisp|p1a: Angry Cat|[miss]\n|-miss|p2b: Arcanine|p1a: Angry Cat\n|cant|p2a: Iron Hands|flinch\n|\n|-weather|RainDance|[upkeep]\n|upkeep\n|turn|8\n|\n|t:|1700430463\n|-end|p2a: Iron Hands|Quark Drive|[silent]\n|switch|p2a: Ogerpon|Ogerpon-Wellspring, L50, F|23\/100\n|move|p1a: Angry Cat|Stomping Tantrum|p2b: Arcanine\n|-supereffective|p2b: Arcanine\n|-damage|p2b: Arcanine|0 fnt\n|faint|p2b: Arcanine\n|move|p1b: Brian|Drain Punch|p2a: Ogerpon\n|-damage|p2a: Ogerpon|0 fnt\n|-heal|p1b: Brian|100\/100|[from] drain|[of] p2a: Ogerpon\n|faint|p2a: Ogerpon\n|\n|-weather|none\n|upkeep\n|\n|t:|1700430474\n|switch|p2a: Iron Hands|Iron Hands, L50, tera:Fire|79\/100\n|turn|9\n|\n|t:|1700430482\n|move|p1a: Angry Cat|Stomping Tantrum|p2a: Iron Hands\n|-supereffective|p2a: Iron Hands\n|-damage|p2a: Iron Hands|34\/100\n|move|p2a: Iron Hands|Heavy Slam|p1a: Angry Cat\n|-damage|p1a: Angry Cat|26\/100\n|move|p1b: Brian|Drain Punch|p2a: Iron Hands\n|-damage|p2a: Iron Hands|6\/100\n|\n|upkeep\n|turn|10\n|\n|t:|1700430492\n|move|p1a: Angry Cat|Stomping Tantrum|p2a: Iron Hands\n|-supereffective|p2a: Iron Hands\n|-damage|p2a: Iron Hands|0 fnt\n|faint|p2a: Iron Hands\n|-end|p2a: Iron Hands|Quark Drive|[silent]\n|\n|win|Kilowattrel Fan\n","uploadtime":1700430496,"views":5,"p1id":"kilowattrelfan","p2id":"osprey11","formatid":"gen9vgc2023regulatione","rating":0,"private":0,"password":""}