{"id":"gen9vgc2023regulatione-1994796349","p1":"Pizza222","p2":"anotherhito","format":"[Gen 9] VGC 2023 Regulation E","log":"|j|\u2606Pizza222\n|j|\u2606anotherhito\n|t:|1700493611\n|gametype|doubles\n|player|p1|Pizza222|sailor|1137\n|player|p2|anotherhito|brock|1089\n|teamsize|p1|6\n|teamsize|p2|4\n|gen|9\n|tier|[Gen 9] VGC 2023 Regulation E\n|rated|\n|rule|Species Clause: Limit one of each Pok\u00e9mon\n|rule|Item Clause: Limit one of each item\n|clearpoke\n|poke|p1|Dondozo, L50, F|\n|poke|p1|Tatsugiri, L50, M|\n|poke|p1|Indeedee-F, L50, F|\n|poke|p1|Sinistcha-Masterpiece, L50|\n|poke|p1|Armarouge, L50, M|\n|poke|p1|Kommo-o, L50, F|\n|poke|p2|Azumarill, L50, M|\n|poke|p2|Jumpluff, L50, M|\n|poke|p2|Torkoal, L50, M|\n|poke|p2|Sneasel, L50, F|\n|teampreview|4\n|inactive|Battle timer is ON: inactive players will automatically lose when time's up. (requested by Pizza222)\n|c|\u2606Pizza222|weird team you  got there\n|inactive|Pizza222 has 60 seconds left.\n|c|\u2606anotherhito|yeah I'm just testing\n|\n|t:|1700493650\n|start\n|switch|p1a: Hot tea|Sinistcha-Masterpiece, L50|100\/100\n|switch|p1b: Giga monke|Kommo-o, L50, F|100\/100\n|switch|p2a: Sneasel|Sneasel, L50, F|100\/100\n|switch|p2b: Jumpluff|Jumpluff, L50, M|100\/100\n|turn|1\n|c|\u2606Pizza222|ngl looks fun\n|\n|t:|1700493675\n|move|p1b: Giga monke|Protect|p1b: Giga monke\n|-singleturn|p1b: Giga monke|Protect\n|move|p2b: Jumpluff|Sleep Powder|p1b: Giga monke\n|-activate|p1b: Giga monke|move: Protect\n|move|p2a: Sneasel|Swords Dance|p2a: Sneasel\n|-boost|p2a: Sneasel|atk|2\n|move|p1a: Hot tea|Matcha Gotcha|p2b: Jumpluff|[spread] p2a,p2b\n|-resisted|p2b: Jumpluff\n|-damage|p2a: Sneasel|59\/100\n|-damage|p2b: Jumpluff|92\/100\n|\n|upkeep\n|turn|2\n|\n|t:|1700493694\n|switch|p1b: Skibidi|Tatsugiri, L50, M, shiny|100\/100\n|move|p2b: Jumpluff|Pollen Puff|p2a: Sneasel\n|-heal|p2a: Sneasel|100\/100\n|move|p2a: Sneasel|Icicle Crash|p1b: Skibidi\n|-damage|p1b: Skibidi|0 fnt\n|faint|p1b: Skibidi\n|move|p1a: Hot tea|Matcha Gotcha|p2a: Sneasel|[spread] p2a,p2b\n|-resisted|p2b: Jumpluff\n|-damage|p2a: Sneasel|65\/100\n|-damage|p2b: Jumpluff|83\/100\n|-status|p2b: Jumpluff|brn\n|\n|-damage|p2b: Jumpluff|77\/100 brn|[from] brn\n|upkeep\n|\n|t:|1700493710\n|switch|p1b: Giga monke|Kommo-o, L50, F|100\/100\n|turn|3\n|\n|t:|1700493724\n|move|p2b: Jumpluff|Pollen Puff|p2a: Sneasel\n|-heal|p2a: Sneasel|100\/100\n|move|p2a: Sneasel|Icicle Crash|p1b: Giga monke\n|-supereffective|p1b: Giga monke\n|-damage|p1b: Giga monke|0 fnt\n|faint|p1b: Giga monke\n|move|p1a: Hot tea|Hex|p2b: Jumpluff\n|-crit|p2b: Jumpluff\n|-damage|p2b: Jumpluff|0 fnt\n|faint|p2b: Jumpluff\n|\n|upkeep\n|inactive|anotherhito has 30 seconds left.\n|inactive|anotherhito has 20 seconds left.\n|inactive|anotherhito has 15 seconds left.\n|inactive|anotherhito has 10 seconds left.\n|\n|t:|1700493772\n|switch|p2b: Torkoal|Torkoal, L50, M|100\/100\n|switch|p1b: Blob|Dondozo, L50, F, shiny|100\/100\n|-weather|SunnyDay|[from] ability: Drought|[of] p2b: Torkoal\n|turn|4\n|\n|t:|1700493789\n|-terastallize|p1a: Hot tea|Fire\n|move|p2a: Sneasel|Knock Off|p1a: Hot tea\n|-damage|p1a: Hot tea|20\/100\n|-enditem|p1a: Hot tea|Mental Herb|[from] move: Knock Off|[of] p2a: Sneasel\n|move|p1a: Hot tea|Matcha Gotcha|p2b: Torkoal|[spread] p2a,p2b\n|-resisted|p2b: Torkoal\n|-damage|p2a: Sneasel|65\/100\n|-heal|p1a: Hot tea|33\/100|[from] drain|[of] p2a: Sneasel\n|-damage|p2b: Torkoal|81\/100\n|-heal|p1a: Hot tea|43\/100|[from] drain|[of] p2b: Torkoal\n|move|p1b: Blob|Earthquake|p2a: Sneasel|[spread] p1a,p2a,p2b\n|-supereffective|p1a: Hot tea\n|-supereffective|p2b: Torkoal\n|-damage|p1a: Hot tea|0 fnt\n|-damage|p2a: Sneasel|27\/100\n|-damage|p2b: Torkoal|48\/100\n|faint|p1a: Hot tea\n|move|p2b: Torkoal|Solar Beam||[still]\n|-prepare|p2b: Torkoal|Solar Beam\n|-anim|p2b: Torkoal|Solar Beam|p1b: Blob\n|-supereffective|p1b: Blob\n|-damage|p1b: Blob|19\/100\n|\n|-weather|SunnyDay|[upkeep]\n|-heal|p1b: Blob|25\/100|[from] item: Leftovers\n|upkeep\n|turn|5\n|c|\u2606Pizza222|aw man\n|c|\u2606Pizza222|gg\n|inactive|anotherhito has 30 seconds left.\n|\n|t:|1700493816\n|move|p2a: Sneasel|Knock Off|p1b: Blob\n|-damage|p1b: Blob|0 fnt\n|-enditem|p1b: Blob|Leftovers|[from] move: Knock Off|[of] p2a: Sneasel\n|faint|p1b: Blob\n|\n|win|anotherhito\n|raw|Pizza222's rating: 1137 &rarr; <strong>1109<\/strong><br \/>(-28 for losing)\n|raw|anotherhito's rating: 1089 &rarr; <strong>1119<\/strong><br \/>(+30 for winning)\n|c|\u2606anotherhito|gg\n|l|\u2606Pizza222\n","uploadtime":1700494768,"views":3,"p1id":"pizza222","p2id":"anotherhito","formatid":"gen9vgc2023regulatione","rating":1109,"private":0,"password":""}