{"id":"gen9vgc2023regulatione-1992756684","p1":"ftuygvbn","p2":"TheKnewNorm","format":"[Gen 9] VGC 2023 Regulation E","log":"|j|\u2606ftuygvbn\n|j|\u2606TheKnewNorm\n|t:|1700232650\n|gametype|doubles\n|player|p1|ftuygvbn|169|1132\n|player|p2|TheKnewNorm|101|1095\n|teamsize|p1|6\n|teamsize|p2|6\n|gen|9\n|tier|[Gen 9] VGC 2023 Regulation E\n|rated|\n|rule|Species Clause: Limit one of each Pok\u00e9mon\n|rule|Item Clause: Limit one of each item\n|clearpoke\n|poke|p1|Arcanine, L50, F|\n|poke|p1|Roaring Moon, L50|\n|poke|p1|Iron Hands, L50|\n|poke|p1|Ogerpon, L50, F|\n|poke|p1|Gastrodon-East, L50, F|\n|poke|p1|Sylveon, L50, F|\n|poke|p2|Ogerpon-Wellspring, L50, F|\n|poke|p2|Weezing, L50, F|\n|poke|p2|Amoonguss, L50, F|\n|poke|p2|Landorus-Therian, L50, M|\n|poke|p2|Iron Bundle, L50|\n|poke|p2|Gholdengo, L50|\n|teampreview|4\nTheKnewNorm has agreed to open team sheets.\n|\n|t:|1700232710\n|start\n|switch|p1a: Arcanine|Arcanine, L50, F|100\/100\n|switch|p1b: Roaring Moon|Roaring Moon, L50, shiny|100\/100\n|switch|p2a: Iron Bundle|Iron Bundle, L50|100\/100\n|switch|p2b: Weezing|Weezing, L50, F, shiny|100\/100\n|-ability|p2b: Weezing|Neutralizing Gas\n|-enditem|p2a: Iron Bundle|Booster Energy\n|-activate|p2a: Iron Bundle|ability: Quark Drive|[fromitem]\n|-start|p2a: Iron Bundle|quarkdrivespe\n|-enditem|p1b: Roaring Moon|Booster Energy\n|-activate|p1b: Roaring Moon|ability: Protosynthesis|[fromitem]\n|-start|p1b: Roaring Moon|protosynthesisspe\n|turn|1\n|\n|t:|1700232752\n|-terastallize|p1b: Roaring Moon|Poison\n|move|p2a: Iron Bundle|Hydro Pump|p1a: Arcanine|[miss]\n|-miss|p2a: Iron Bundle|p1a: Arcanine\n|move|p1b: Roaring Moon|Tailwind|p1b: Roaring Moon\n|-sidestart|p1: ftuygvbn|move: Tailwind\n|move|p1a: Arcanine|Will-O-Wisp|p2b: Weezing\n|-status|p2b: Weezing|brn\n|move|p2b: Weezing|Taunt|p1b: Roaring Moon\n|-start|p1b: Roaring Moon|move: Taunt\n|\n|-damage|p2b: Weezing|95\/100 brn|[from] brn\n|upkeep\n|turn|2\n|\n|t:|1700232792\n|switch|p1a: Gastrodon|Gastrodon-East, L50, F|100\/100\n|move|p2a: Iron Bundle|Protect|p2a: Iron Bundle\n|-singleturn|p2a: Iron Bundle|Protect\n|move|p1b: Roaring Moon|Knock Off|p2b: Weezing\n|-damage|p2b: Weezing|48\/100 brn\n|-enditem|p2b: Weezing|Sitrus Berry|[from] move: Knock Off|[of] p1b: Roaring Moon\n|move|p2b: Weezing|Will-O-Wisp|p1b: Roaring Moon\n|-status|p1b: Roaring Moon|brn\n|\n|-damage|p1b: Roaring Moon|95\/100 brn|[from] brn\n|-damage|p2b: Weezing|42\/100 brn|[from] brn\n|upkeep\n|turn|3\n|\n|t:|1700232813\n|switch|p1a: Arcanine|Arcanine, L50, F|100\/100\n|move|p2b: Weezing|Protect|p2b: Weezing\n|-singleturn|p2b: Weezing|Protect\n|move|p1b: Roaring Moon|Acrobatics|p2b: Weezing\n|-activate|p2b: Weezing|move: Protect\n|move|p2a: Iron Bundle|Freeze-Dry|p1a: Arcanine\n|-resisted|p1a: Arcanine\n|-damage|p1a: Arcanine|82\/100\n|\n|-damage|p1b: Roaring Moon|89\/100 brn|[from] brn\n|-damage|p2b: Weezing|36\/100 brn|[from] brn\n|upkeep\n|turn|4\n|\n|t:|1700232831\n|move|p1b: Roaring Moon|Acrobatics|p2b: Weezing\n|-damage|p2b: Weezing|19\/100 brn\n|move|p1a: Arcanine|Snarl|p2b: Weezing|[spread] p2a,p2b\n|-damage|p2a: Iron Bundle|83\/100\n|-damage|p2b: Weezing|10\/100 brn\n|-unboost|p2a: Iron Bundle|spa|1\n|-unboost|p2b: Weezing|spa|1\n|move|p2a: Iron Bundle|Icy Wind|p1a: Arcanine|[spread] p1a,p1b\n|-resisted|p1a: Arcanine\n|-damage|p1a: Arcanine|76\/100\n|-damage|p1b: Roaring Moon|75\/100 brn\n|-unboost|p1a: Arcanine|spe|1\n|-unboost|p1b: Roaring Moon|spe|1\n|move|p2b: Weezing|Will-O-Wisp|p1a: Arcanine\n|-immune|p1a: Arcanine\n|\n|-damage|p1b: Roaring Moon|70\/100 brn|[from] brn\n|-damage|p2b: Weezing|4\/100 brn|[from] brn\n|-end|p1b: Roaring Moon|move: Taunt\n|-sideend|p1: ftuygvbn|move: Tailwind\n|upkeep\n|turn|5\n|inactive|Battle timer is ON: inactive players will automatically lose when time's up. (requested by ftuygvbn)\n|\n|t:|1700232874\n|move|p2a: Iron Bundle|Protect|p2a: Iron Bundle\n|-singleturn|p2a: Iron Bundle|Protect\n|move|p1b: Roaring Moon|Breaking Swipe|p2b: Weezing|[spread] p2b\n|-activate|p2a: Iron Bundle|move: Protect\n|-damage|p2b: Weezing|0 fnt\n|faint|p2b: Weezing\n|-end|p2b: Weezing|ability: Neutralizing Gas\n|-ability|p1a: Arcanine|Intimidate|boost\n|-unboost|p2a: Iron Bundle|atk|1\n|move|p1a: Arcanine|Flare Blitz|p2a: Iron Bundle\n|-activate|p2a: Iron Bundle|move: Protect\n|\n|-damage|p1b: Roaring Moon|64\/100 brn|[from] brn\n|upkeep\n|\n|t:|1700232889\n|switch|p2b: Landorus|Landorus-Therian, L50, M, shiny|100\/100\n|-ability|p2b: Landorus|Intimidate|boost\n|-unboost|p1a: Arcanine|atk|1\n|-unboost|p1b: Roaring Moon|atk|1\n|turn|6\n|\n|t:|1700232908\n|-end|p1b: Roaring Moon|Protosynthesis|[silent]\n|switch|p1b: Ogerpon|Ogerpon, L50, F|100\/100\n|switch|p1a: Gastrodon|Gastrodon-East, L50, F|100\/100\n|move|p2b: Landorus|Protect|p2b: Landorus\n|-singleturn|p2b: Landorus|Protect\n|move|p2a: Iron Bundle|Hydro Pump|p1a: Gastrodon\n|-ability|p1a: Gastrodon|Storm Drain|boost\n|-boost|p1a: Gastrodon|spa|1\n|\n|upkeep\n|turn|7\n|\n|t:|1700232931\n|switch|p1b: Arcanine|Arcanine, L50, F|76\/100\n|-ability|p1b: Arcanine|Intimidate|boost\n|-unboost|p2a: Iron Bundle|atk|1\n|-unboost|p2b: Landorus|atk|1\n|move|p2a: Iron Bundle|Freeze-Dry|p1a: Gastrodon\n|-supereffective|p1a: Gastrodon\n|-damage|p1a: Gastrodon|18\/100\n|-enditem|p1a: Gastrodon|Sitrus Berry|[eat]\n|-heal|p1a: Gastrodon|43\/100|[from] item: Sitrus Berry\n|move|p2b: Landorus|U-turn|p1b: Arcanine\n|-resisted|p1b: Arcanine\n|-damage|p1b: Arcanine|64\/100\n|\n|t:|1700232944\n|switch|p2b: Gholdengo|Gholdengo, L50|100\/100|[from] U-turn\n|move|p1a: Gastrodon|Icy Wind|p2b: Gholdengo|[spread] p2a,p2b\n|-resisted|p2a: Iron Bundle\n|-resisted|p2b: Gholdengo\n|-damage|p2a: Iron Bundle|75\/100\n|-damage|p2b: Gholdengo|91\/100\n|-unboost|p2a: Iron Bundle|spe|1\n|-unboost|p2b: Gholdengo|spe|1\n|\n|upkeep\n|turn|8\n|inactive|TheKnewNorm has 30 seconds left.\n|inactive|TheKnewNorm has 20 seconds left.\n|\n|t:|1700232979\n|-terastallize|p2b: Gholdengo|Steel\n|move|p1a: Gastrodon|Protect|p1a: Gastrodon\n|-singleturn|p1a: Gastrodon|Protect\n|move|p2a: Iron Bundle|Freeze-Dry|p1a: Gastrodon\n|-activate|p1a: Gastrodon|move: Protect\n|move|p1b: Arcanine|Snarl|p2a: Iron Bundle|[spread] p2a,p2b\n|-damage|p2a: Iron Bundle|57\/100\n|-damage|p2b: Gholdengo|81\/100\n|-unboost|p2a: Iron Bundle|spa|1\n|-unboost|p2b: Gholdengo|spa|1\n|move|p2b: Gholdengo|Shadow Ball|p1b: Arcanine\n|-damage|p1b: Arcanine|28\/100\n|-damage|p2b: Gholdengo|71\/100|[from] item: Life Orb\n|\n|upkeep\n|turn|9\n|inactive|ftuygvbn has 30 seconds left.\n|inactive|ftuygvbn has 20 seconds left.\n|inactive|ftuygvbn has 15 seconds left.\n|inactive|ftuygvbn has 10 seconds left.\n|inactive|ftuygvbn has 5 seconds left.\n|\n|t:|1700233030\n|-end|p2a: Iron Bundle|Quark Drive|[silent]\n|switch|p2a: Landorus|Landorus-Therian, L50, M, shiny|100\/100\n|-ability|p2a: Landorus|Intimidate|boost\n|-unboost|p1a: Gastrodon|atk|1\n|-unboost|p1b: Arcanine|atk|1\n|move|p1b: Arcanine|Flare Blitz|p2b: Gholdengo\n|-supereffective|p2b: Gholdengo\n|-damage|p2b: Gholdengo|0 fnt\n|faint|p2b: Gholdengo\n|-damage|p1b: Arcanine|7\/100|[from] Recoil\n|move|p1a: Gastrodon|Earth Power|p2a: Landorus\n|-immune|p2a: Landorus\n|\n|upkeep\n|\n|t:|1700233041\n|switch|p2b: Iron Bundle|Iron Bundle, L50|57\/100\n|turn|10\n|\n|t:|1700233058\n|switch|p1b: Roaring Moon|Roaring Moon, L50, shiny, tera:Poison|64\/100 brn\n|move|p2b: Iron Bundle|Protect|p2b: Iron Bundle\n|-singleturn|p2b: Iron Bundle|Protect\n|move|p2a: Landorus|Protect|p2a: Landorus\n|-singleturn|p2a: Landorus|Protect\n|move|p1a: Gastrodon|Yawn|p2b: Iron Bundle\n|-activate|p2b: Iron Bundle|move: Protect\n|\n|-damage|p1b: Roaring Moon|58\/100 brn|[from] brn\n|upkeep\n|turn|11\n|\n|t:|1700233076\n|move|p2b: Iron Bundle|Freeze-Dry|p1a: Gastrodon\n|-supereffective|p1a: Gastrodon\n|-damage|p1a: Gastrodon|0 fnt\n|faint|p1a: Gastrodon\n|move|p1b: Roaring Moon|Tailwind|p1b: Roaring Moon\n|-sidestart|p1: ftuygvbn|move: Tailwind\n|move|p2a: Landorus|U-turn|p1b: Roaring Moon\n|-resisted|p1b: Roaring Moon\n|-damage|p1b: Roaring Moon|42\/100 brn\n|\n|-damage|p1b: Roaring Moon|36\/100 brn|[from] brn\n|upkeep\n|\n|t:|1700233088\n|switch|p1a: Ogerpon|Ogerpon, L50, F|100\/100\n|turn|12\n|\n|t:|1700233102\n|switch|p1a: Arcanine|Arcanine, L50, F|7\/100\n|-ability|p1a: Arcanine|Intimidate|boost\n|-unboost|p2a: Landorus|atk|1\n|-unboost|p2b: Iron Bundle|atk|1\n|move|p1b: Roaring Moon|Breaking Swipe|p2b: Iron Bundle|[spread] p2a,p2b\n|-damage|p2a: Landorus|87\/100\n|-damage|p2b: Iron Bundle|44\/100\n|-unboost|p2a: Landorus|atk|1\n|-unboost|p2b: Iron Bundle|atk|1\n|-damage|p1b: Roaring Moon|20\/100 brn|[from] item: Rocky Helmet|[of] p2a: Landorus\n|move|p2b: Iron Bundle|Icy Wind|p1a: Arcanine|[spread] p1a,p1b\n|-resisted|p1a: Arcanine\n|-damage|p1a: Arcanine|0 fnt\n|-damage|p1b: Roaring Moon|0 fnt\n|faint|p1a: Arcanine\n|faint|p1b: Roaring Moon\n|-end|p1b: Roaring Moon|Protosynthesis|[silent]\n|move|p2a: Landorus|Tera Blast|p1: Arcanine|[notarget]\n|-fail|p2a: Landorus\n|\n|upkeep\n|\n|t:|1700233120\n|switch|p1b: Ogerpon|Ogerpon, L50, F|100\/100\n|turn|13\n|\n|t:|1700233130\n|move|p2a: Landorus|Protect|p2a: Landorus\n|-singleturn|p2a: Landorus|Protect\n|move|p1b: Ogerpon|Ivy Cudgel|p2b: Iron Bundle\n|-supereffective|p2b: Iron Bundle\n|-crit|p2b: Iron Bundle\n|-damage|p2b: Iron Bundle|0 fnt\n|faint|p2b: Iron Bundle\n|-end|p2b: Iron Bundle|Quark Drive|[silent]\n|\n|upkeep\n|turn|14\n|\n|t:|1700233139\n|move|p1b: Ogerpon|Ivy Cudgel|p2a: Landorus\n|-damage|p2a: Landorus|34\/100\n|move|p2a: Landorus|U-turn|p1b: Ogerpon\n|-supereffective|p1b: Ogerpon\n|-damage|p1b: Ogerpon|67\/100\n|\n|-sideend|p1: ftuygvbn|move: Tailwind\n|upkeep\n|turn|15\n|-message|TheKnewNorm forfeited.\n|\n|win|ftuygvbn\n|raw|ftuygvbn's rating: 1132 &rarr; <strong>1154<\/strong><br \/>(+22 for winning)\n|raw|TheKnewNorm's rating: 1095 &rarr; <strong>1073<\/strong><br \/>(-22 for losing)\n|l|\u2606TheKnewNorm\n","uploadtime":1700233155,"views":32,"p1id":"ftuygvbn","p2id":"theknewnorm","formatid":"gen9vgc2023regulatione","rating":1073,"private":0,"password":""}