{"id":"gen9vgc2023regulatione-1992164620","p1":"IBS VGC","p2":"bobforte22","format":"[Gen 9] VGC 2023 Regulation E","log":"|j|\u2606IBS VGC\n|j|\u2606bobforte22\n|n|\u2606IBS VGC|ibsvgc\n|n|\u2606bobforte22|bobforte22\n|html|View the match progress at <a href=\"\/game-bestof3-gen9vgc2023regulatione-1992158364\">game-bestof3-gen9vgc2023regulatione-1992158364<\/a>\n|t:|1700160369\n|gametype|doubles\n|player|p1|IBS VGC|265|\n|player|p2|bobforte22|pilot|\n|teamsize|p1|6\n|teamsize|p2|6\n|gen|9\n|tier|[Gen 9] VGC 2023 Regulation E\n|rated|Tournament battle\n|rule|Species Clause: Limit one of each Pok\u00e9mon\n|rule|Item Clause: Limit one of each item\n|clearpoke\n|poke|p1|Heatran, L50, M|\n|poke|p1|Rillaboom, L50, M|\n|poke|p1|Drifblim, L50, F|\n|poke|p1|Iron Hands, L50|\n|poke|p1|Landorus-Therian, L50, M|\n|poke|p1|Kingambit, L50, M|\n|poke|p2|Chi-Yu, L50|\n|poke|p2|Jolteon, L50, M|\n|poke|p2|Iron Hands, L50|\n|poke|p2|Iron Bundle, L50|\n|poke|p2|Arcanine, L50, F|\n|poke|p2|Garchomp, L50, F|\n|teampreview|4\n|showteam|p1|Heatran||Leftovers|FlashFire|HeatWave,EarthPower,Substitute,Protect|||M|||50|,,,,,Fairy]Rillaboom||AguavBerry|GrassySurge|FakeOut,WoodHammer,Taunt,GrassyGlide|||M|||50|,,,,,Water]Drifblim||GrassySeed|Unburden|WillOWisp,StrengthSap,Haze,IcyWind|||F|||50|,,,,,Dark]Iron Hands||AssaultVest|QuarkDrive|FakeOut,DrainPunch,WildCharge,HeavySlam||||||50|,,,,,Water]Landorus-Therian||ChoiceScarf|Intimidate|StompingTantrum,RockSlide,Uturn,TeraBlast|||M|||50|,,,,,Flying]Kingambit||BlackGlasses|Defiant|SuckerPunch,KowtowCleave,IronHead,SwordsDance|||M|||50|,,,,,Dark\n|showteam|p2|Chi-Yu||ChoiceSpecs|BeadsofRuin|DarkPulse,HeatWave,Flamethrower,TeraBlast||||||50|,,,,,Ghost]Jolteon||LifeOrb|VoltAbsorb|FakeTears,Protect,LightScreen,Thunderbolt|||M|||50|,,,,,Grass]Iron Hands||AssaultVest|QuarkDrive|FakeOut,TeraBlast,DrainPunch,WildCharge||||||50|,,,,,Fire]Iron Bundle||CovertCloak|QuarkDrive|FreezeDry,HydroPump,Protect,Encore||||||50|,,,,,Fairy]Arcanine||RockyHelmet|Intimidate|FlareBlitz,WillOWisp,Protect,Roar|||F|||50|,,,,,Water]Garchomp||SafetyGoggles|RoughSkin|StompingTantrum,Protect,TeraBlast,SwordsDance|||F|||50|,,,,,Ice\n|j| FBISurveillanceMan\n|inactive|Battle timer is ON: inactive players will automatically lose when time's up. (requested by bobforte22)\n|inactive|IBS VGC has 60 seconds left.\n|\n|t:|1700160453\n|start\n|switch|p1a: Iron Hands|Iron Hands, L50|100\/100\n|switch|p1b: Landorus|Landorus-Therian, L50, M|100\/100\n|switch|p2a: Chi-Yu|Chi-Yu, L50|100\/100\n|switch|p2b: Jolteon|Jolteon, L50, M|100\/100\n|-ability|p1b: Landorus|Intimidate|boost\n|-unboost|p2a: Chi-Yu|atk|1\n|-unboost|p2b: Jolteon|atk|1\n|-ability|p2a: Chi-Yu|Beads of Ruin\n|turn|1\n|inactive|IBS VGC has 30 seconds left.\n|inactive|bobforte22 has 30 seconds left.\n|inactive|IBS VGC has 20 seconds left.\n|inactive|bobforte22 has 20 seconds left.\n|inactive|IBS VGC has 15 seconds left.\n|inactive|bobforte22 has 15 seconds left.\n|\n|t:|1700160498\n|switch|p2a: Garchomp|Garchomp, L50, F|100\/100\n|move|p2b: Jolteon|Protect|p2b: Jolteon\n|-singleturn|p2b: Jolteon|Protect\n|move|p1b: Landorus|U-turn|p2a: Garchomp\n|-crit|p2a: Garchomp\n|-damage|p2a: Garchomp|64\/100\n|-damage|p1b: Landorus|88\/100|[from] ability: Rough Skin|[of] p2a: Garchomp\n|\n|t:|1700160504\n|switch|p1b: Rillaboom|Rillaboom, L50, M|100\/100|[from] U-turn\n|-fieldstart|move: Grassy Terrain|[from] ability: Grassy Surge|[of] p1b: Rillaboom\n|move|p1a: Iron Hands|Wild Charge|p2a: Garchomp\n|-immune|p2a: Garchomp\n|\n|-heal|p2a: Garchomp|70\/100|[from] Grassy Terrain\n|upkeep\n|turn|2\n|inactive|IBS VGC has 30 seconds left.\n|inactive|IBS VGC has 20 seconds left.\n|inactive|IBS VGC has 15 seconds left.\n|\n|t:|1700160545\n|switch|p2b: Chi-Yu|Chi-Yu, L50|100\/100\n|-ability|p2b: Chi-Yu|Beads of Ruin\n|-end|p1a: Iron Hands|Quark Drive|[silent]\n|switch|p1a: Landorus|Landorus-Therian, L50, M|88\/100\n|-ability|p1a: Landorus|Intimidate|boost\n|-unboost|p2a: Garchomp|atk|1\n|-unboost|p2b: Chi-Yu|atk|1\n|move|p2a: Garchomp|Protect|p2a: Garchomp\n|-singleturn|p2a: Garchomp|Protect\n|move|p1b: Rillaboom|Wood Hammer|p2a: Garchomp\n|-activate|p2a: Garchomp|move: Protect\n|\n|-heal|p2a: Garchomp|77\/100|[from] Grassy Terrain\n|upkeep\n|turn|3\n|j| KHSPokemon\n|inactive|bobforte22 has 30 seconds left.\n|\n|t:|1700160573\n|-terastallize|p2a: Garchomp|Ice\n|move|p1b: Rillaboom|Grassy Glide|p2a: Garchomp\n|-damage|p2a: Garchomp|39\/100\n|-damage|p1b: Rillaboom|88\/100|[from] ability: Rough Skin|[of] p2a: Garchomp\n|move|p1a: Landorus|Stomping Tantrum|p2a: Garchomp\n|-damage|p2a: Garchomp|0 fnt\n|-damage|p1a: Landorus|76\/100|[from] ability: Rough Skin|[of] p2a: Garchomp\n|faint|p2a: Garchomp\n|move|p2b: Chi-Yu|Heat Wave|p1b: Rillaboom|[spread] p1a,p1b\n|-supereffective|p1b: Rillaboom\n|-damage|p1a: Landorus|0 fnt\n|-damage|p1b: Rillaboom|0 fnt\n|faint|p1a: Landorus\n|faint|p1b: Rillaboom\n|\n|upkeep\n|\n|t:|1700160589\n|switch|p1a: 16 TOES|Heatran, L50, M, shiny|100\/100\n|switch|p2a: Jolteon|Jolteon, L50, M|100\/100\n|switch|p1b: Iron Hands|Iron Hands, L50|100\/100\n|turn|4\n|j| BoShmoover\n|\n|t:|1700160605\n|switch|p2b: Iron Bundle|Iron Bundle, L50|100\/100\n|move|p2a: Jolteon|Protect|p2a: Jolteon\n|-singleturn|p2a: Jolteon|Protect\n|move|p1a: 16 TOES|Heat Wave|p2b: Iron Bundle|[spread] p2b\n|-activate|p2a: Jolteon|move: Protect\n|-damage|p2b: Iron Bundle|30\/100\n|move|p1b: Iron Hands|Drain Punch|p2a: Jolteon\n|-activate|p2a: Jolteon|move: Protect\n|\n|-heal|p2b: Iron Bundle|35\/100|[from] Grassy Terrain\n|upkeep\n|turn|5\n|\n|t:|1700160629\n|move|p2b: Iron Bundle|Protect|p2b: Iron Bundle\n|-singleturn|p2b: Iron Bundle|Protect\n|move|p1a: 16 TOES|Protect|p1a: 16 TOES\n|-singleturn|p1a: 16 TOES|Protect\n|move|p2a: Jolteon|Fake Tears|p1b: Iron Hands\n|-unboost|p1b: Iron Hands|spd|2\n|move|p1b: Iron Hands|Wild Charge|p2b: Iron Bundle\n|-activate|p2b: Iron Bundle|move: Protect\n|\n|-heal|p2b: Iron Bundle|41\/100|[from] Grassy Terrain\n|-fieldend|move: Grassy Terrain\n|upkeep\n|turn|6\n|inactive|bobforte22 has 30 seconds left.\n|\n|t:|1700160657\n|-terastallize|p1a: 16 TOES|Fairy\n|move|p2b: Iron Bundle|Encore|p1a: 16 TOES\n|-start|p1a: 16 TOES|Encore\n|move|p2a: Jolteon|Fake Tears|p1a: 16 TOES\n|-unboost|p1a: 16 TOES|spd|2\n|move|p1a: 16 TOES|Protect|p1a: 16 TOES\n|-singleturn|p1a: 16 TOES|Protect\n|move|p1b: Iron Hands|Drain Punch|p2a: Jolteon\n|-damage|p2a: Jolteon|45\/100\n|\n|upkeep\n|turn|7\n|l| BoShmoover\n|inactive|bobforte22 has 30 seconds left.\n|\n|t:|1700160682\n|move|p1a: 16 TOES|Protect||[still]\n|-fail|p1a: 16 TOES\n|move|p2b: Iron Bundle|Hydro Pump|p1a: 16 TOES\n|-damage|p1a: 16 TOES|16\/100\n|move|p2a: Jolteon|Thunderbolt|p1a: 16 TOES\n|-damage|p1a: 16 TOES|0 fnt\n|faint|p1a: 16 TOES\n|-damage|p2a: Jolteon|35\/100|[from] item: Life Orb\n|move|p1b: Iron Hands|Wild Charge|p2b: Iron Bundle\n|-supereffective|p2b: Iron Bundle\n|-damage|p2b: Iron Bundle|0 fnt\n|faint|p2b: Iron Bundle\n|-end|p2b: Iron Bundle|Quark Drive|[silent]\n|-damage|p1b: Iron Hands|94\/100|[from] Recoil\n|\n|upkeep\n|-message|IBS VGC forfeited.\n|\n|win|bobforte22\n|l|\u2606IBS VGC\n|c|&|\/uhtml prompt-ibsvgc,IBS VGC is ready for game 3!\n|inactive|bobforte22 has 50 seconds to confirm battle start!\n|c|\u2606bobforte22|Gg\n","uploadtime":1700160705,"views":12,"p1id":"ibsvgc","p2id":"bobforte22","formatid":"gen9vgc2023regulatione","rating":0,"private":0,"password":""}