{"id":"gen9vgc2023regulatione-1993429792","p1":"tapuleleyyds","p2":"ikuyoikuyo","format":"[Gen 9] VGC 2023 Regulation E","log":"|j|\u2606tapuleleyyds\n|j|\u2606ikuyoikuyo\n|n|\u2606tapuleleyyds|tapuleleyyds\n|n|\u2606ikuyoikuyo|ikuyoikuyo\n|html|View the match progress at <a href=\"\/game-bestof3-gen9vgc2023regulatione-1993424235\">game-bestof3-gen9vgc2023regulatione-1993424235<\/a>\n|t:|1700316833\n|gametype|doubles\n|player|p1|tapuleleyyds|caitlin|\n|player|p2|ikuyoikuyo|dawn-masters3|\n|teamsize|p1|6\n|teamsize|p2|6\n|gen|9\n|tier|[Gen 9] VGC 2023 Regulation E\n|rule|Species Clause: Limit one of each Pok\u00e9mon\n|rule|Item Clause: Limit one of each item\n|clearpoke\n|poke|p1|Tornadus, L50, M|\n|poke|p1|Arcanine-Hisui, L50, F|\n|poke|p1|Chi-Yu, L50|\n|poke|p1|Ogerpon-Wellspring, L50, F|\n|poke|p1|Flutter Mane, L50|\n|poke|p1|Iron Hands, L50|\n|poke|p2|Roaring Moon, L50|\n|poke|p2|Ogerpon, L50, F|\n|poke|p2|Arcanine-Hisui, L50, F|\n|poke|p2|Urshifu-*, L50, F|\n|poke|p2|Thundurus-Therian, L50, M|\n|poke|p2|Gholdengo, L50|\n|teampreview|4\n|\n|t:|1700316909\n|start\n|switch|p1a: Ogerpon|Ogerpon-Wellspring, L50, F|100\/100\n|switch|p1b: Iron Hands|Iron Hands, L50|100\/100\n|switch|p2a: Roaring Moon|Roaring Moon, L50|100\/100\n|switch|p2b: Arcanine|Arcanine-Hisui, L50, F|100\/100\n|-ability|p2b: Arcanine|Intimidate|boost\n|-unboost|p1a: Ogerpon|atk|1\n|-unboost|p1b: Iron Hands|atk|1\n|-enditem|p2a: Roaring Moon|Booster Energy\n|-activate|p2a: Roaring Moon|ability: Protosynthesis|[fromitem]\n|-start|p2a: Roaring Moon|protosynthesisspe\n|turn|1\n|\n|t:|1700316935\n|-terastallize|p2b: Arcanine|Fairy\n|move|p2a: Roaring Moon|Tailwind|p2a: Roaring Moon\n|-sidestart|p2: ikuyoikuyo|move: Tailwind\n|move|p2b: Arcanine|Tera Blast|p1b: Iron Hands|[anim] Tera Blast Fairy\n|-supereffective|p1b: Iron Hands\n|-damage|p1b: Iron Hands|19\/100\n|move|p1a: Ogerpon|Ivy Cudgel|p2b: Arcanine|[anim] Ivy Cudgel Water\n|-damage|p2b: Arcanine|61\/100\n|move|p1b: Iron Hands|Drain Punch|p2b: Arcanine\n|-resisted|p2b: Arcanine\n|-damage|p2b: Arcanine|47\/100\n|-heal|p1b: Iron Hands|25\/100|[from] drain|[of] p2b: Arcanine\n|\n|upkeep\n|turn|2\n|\n|t:|1700316970\n|-end|p1b: Iron Hands|Quark Drive|[silent]\n|switch|p1b: Tornadus|Tornadus, L50, M|100\/100\n|move|p1a: Ogerpon|Spiky Shield|p1a: Ogerpon\n|-singleturn|p1a: Ogerpon|move: Protect\n|move|p2a: Roaring Moon|Breaking Swipe|p1b: Tornadus|[spread] p1b\n|-activate|p1a: Ogerpon|move: Protect\n|-damage|p2a: Roaring Moon|88\/100|[from] Spiky Shield|[of] p1a: Ogerpon\n|-damage|p1b: Tornadus|77\/100\n|-unboost|p1b: Tornadus|atk|1\n|move|p2b: Arcanine|Tera Blast|p1a: Ogerpon|[anim] Tera Blast Fairy\n|-activate|p1a: Ogerpon|move: Protect\n|\n|upkeep\n|turn|3\n|\n|t:|1700317036\n|move|p2a: Roaring Moon|Breaking Swipe|p1a: Ogerpon|[spread] p1a,p1b\n|-damage|p1a: Ogerpon|74\/100\n|-damage|p1b: Tornadus|54\/100\n|-unboost|p1a: Ogerpon|atk|1\n|-unboost|p1b: Tornadus|atk|1\n|move|p2b: Arcanine|Tera Blast|p1b: Tornadus|[anim] Tera Blast Fairy\n|-damage|p1b: Tornadus|0 fnt\n|faint|p1b: Tornadus\n|move|p1a: Ogerpon|Ivy Cudgel|p2b: Arcanine|[anim] Ivy Cudgel Water\n|-damage|p2b: Arcanine|16\/100\n|\n|upkeep\n|\n|t:|1700317043\n|switch|p1b: Iron Hands|Iron Hands, L50|25\/100\n|turn|4\n|\n|t:|1700317065\n|-end|p2a: Roaring Moon|Protosynthesis|[silent]\n|switch|p2a: Ogerpon|Ogerpon, L50, F|100\/100\n|switch|p2b: Gholdengo|Gholdengo, L50|100\/100\n|switch|p1a: Flutter Mane|Flutter Mane, L50|100\/100\n|move|p1b: Iron Hands|Fake Out|p2b: Gholdengo\n|-immune|p2b: Gholdengo\n|\n|-sideend|p2: ikuyoikuyo|move: Tailwind\n|upkeep\n|turn|5\n|\n|t:|1700317094\n|-end|p1b: Iron Hands|Quark Drive|[silent]\n|switch|p1b: Ogerpon|Ogerpon-Wellspring, L50, F|74\/100\n|move|p1a: Flutter Mane|Shadow Ball|p2b: Gholdengo\n|-supereffective|p2b: Gholdengo\n|-damage|p2b: Gholdengo|0 fnt\n|faint|p2b: Gholdengo\n|move|p2a: Ogerpon|Ivy Cudgel|p1a: Flutter Mane\n|-crit|p1a: Flutter Mane\n|-damage|p1a: Flutter Mane|0 fnt\n|faint|p1a: Flutter Mane\n|-end|p1a: Flutter Mane|Protosynthesis|[silent]\n|\n|upkeep\n|-message|tapuleleyyds forfeited.\n|\n|win|ikuyoikuyo\n|l|\u2606tapuleleyyds\n","uploadtime":1700317187,"views":11,"p1id":"tapuleleyyds","p2id":"ikuyoikuyo","formatid":"gen9vgc2023regulatione","rating":0,"private":0,"password":""}