{"id":"gen9vgc2023regulatione-1991355271","p1":"Kjzhajk","p2":"lloiuyre","format":"[Gen 9] VGC 2023 Regulation E","log":"|j|\u2606Kjzhajk\n|j|\u2606lloiuyre\n|t:|1700070225\n|gametype|doubles\n|player|p1|Kjzhajk|lance|1060\n|player|p2|lloiuyre|blue|1000\n|teamsize|p1|6\n|teamsize|p2|6\n|gen|9\n|tier|[Gen 9] VGC 2023 Regulation E\n|rated|\n|rule|Species Clause: Limit one of each Pok\u00e9mon\n|rule|Item Clause: Limit one of each item\n|clearpoke\n|poke|p1|Flutter Mane, L50|\n|poke|p1|Tornadus, L50, M|\n|poke|p1|Rillaboom, L50, F|\n|poke|p1|Garganacl, L50, F|\n|poke|p1|Arcanine-Hisui, L50, F|\n|poke|p1|Chien-Pao, L50|\n|poke|p2|Chi-Yu, L50|\n|poke|p2|Indeedee-F, L50, F|\n|poke|p2|Tornadus, L50, M|\n|poke|p2|Armarouge, L50, M|\n|poke|p2|Flutter Mane, L50|\n|poke|p2|Urshifu-*, L50, M|\n|teampreview|4\n|\n|t:|1700070249\n|start\n|switch|p1a: Tornadus|Tornadus, L50, M|100\/100\n|switch|p1b: Arcanine|Arcanine-Hisui, L50, F|100\/100\n|switch|p2a: Tornadus|Tornadus, L50, M|100\/100\n|switch|p2b: Chi-Yu|Chi-Yu, L50|100\/100\n|-ability|p1b: Arcanine|Intimidate|boost\n|-unboost|p2a: Tornadus|atk|1\n|-unboost|p2b: Chi-Yu|atk|1\n|-ability|p2b: Chi-Yu|Beads of Ruin\n|turn|1\n|\n|t:|1700070290\n|move|p2b: Chi-Yu|Protect|p2b: Chi-Yu\n|-singleturn|p2b: Chi-Yu|Protect\n|move|p2a: Tornadus|Tailwind|p2a: Tornadus\n|-sidestart|p2: lloiuyre|move: Tailwind\n|move|p1a: Tornadus|Tailwind|p1a: Tornadus\n|-sidestart|p1: Kjzhajk|move: Tailwind\n|move|p1b: Arcanine|Rock Slide|p2b: Chi-Yu|[spread] \n|-activate|p2b: Chi-Yu|move: Protect\n|-miss|p1b: Arcanine|p2a: Tornadus\n|\n|upkeep\n|turn|2\n|\n|t:|1700070322\n|move|p1b: Arcanine|Rock Slide|p2b: Chi-Yu|[spread] p2a,p2b\n|-supereffective|p2a: Tornadus\n|-supereffective|p2b: Chi-Yu\n|-damage|p2a: Tornadus|0 fnt\n|-damage|p2b: Chi-Yu|0 fnt\n|faint|p2a: Tornadus\n|faint|p2b: Chi-Yu\n|move|p1a: Tornadus|Bleakwind Storm|p2: Tornadus|[notarget]\n|-fail|p1a: Tornadus\n|\n|upkeep\n|\n|t:|1700070333\n|switch|p2b: Indeedee|Indeedee-F, L50, F|100\/100\n|switch|p2a: Armarouge|Armarouge, L50, M|100\/100\n|-fieldstart|move: Psychic Terrain|[from] ability: Psychic Surge|[of] p2b: Indeedee\n|turn|3\n|\n|t:|1700070347\n|switch|p1a: Rillaboom|Rillaboom, L50, F|100\/100\n|-fieldstart|move: Grassy Terrain|[from] ability: Grassy Surge|[of] p1a: Rillaboom\n|-terastallize|p2a: Armarouge|Psychic\n|move|p2b: Indeedee|Helping Hand|p2a: Armarouge\n|-singleturn|p2a: Armarouge|Helping Hand|[of] p2b: Indeedee\n|move|p2a: Armarouge|Expanding Force|p1b: Arcanine\n|-damage|p1b: Arcanine|0 fnt\n|faint|p1b: Arcanine\n|\n|upkeep\n|\n|t:|1700070357\n|switch|p1b: Tornadus|Tornadus, L50, M|100\/100\n|turn|4\n|\n|t:|1700070373\n|move|p2b: Indeedee|Helping Hand|p2a: Armarouge\n|-singleturn|p2a: Armarouge|Helping Hand|[of] p2b: Indeedee\n|move|p1b: Tornadus|Taunt|p2b: Indeedee\n|-start|p2b: Indeedee|move: Taunt\n|move|p2a: Armarouge|Expanding Force|p1a: Rillaboom\n|-damage|p1a: Rillaboom|40\/100\n|move|p1a: Rillaboom|Wood Hammer|p2a: Armarouge\n|-damage|p2a: Armarouge|12\/100\n|-damage|p1a: Rillaboom|17\/100|[from] Recoil\n|\n|-heal|p2a: Armarouge|19\/100|[from] Grassy Terrain\n|-heal|p1a: Rillaboom|23\/100|[from] Grassy Terrain\n|-sideend|p2: lloiuyre|move: Tailwind\n|-sideend|p1: Kjzhajk|move: Tailwind\n|upkeep\n|turn|5\n|\n|t:|1700070398\n|move|p1b: Tornadus|Tailwind|p1b: Tornadus\n|-sidestart|p1: Kjzhajk|move: Tailwind\n|move|p1a: Rillaboom|Grassy Glide|p2a: Armarouge\n|-damage|p2a: Armarouge|0 fnt\n|faint|p2a: Armarouge\n|move|p2b: Indeedee|Dazzling Gleam|p1a: Rillaboom|[spread] p1a,p1b\n|-damage|p1a: Rillaboom|11\/100\n|-damage|p1b: Tornadus|88\/100\n|\n|-heal|p1a: Rillaboom|17\/100|[from] Grassy Terrain\n|upkeep\n|turn|6\n|-message|lloiuyre forfeited.\n|\n|win|Kjzhajk\n|raw|Kjzhajk's rating: 1060 &rarr; <strong>1086<\/strong><br \/>(+26 for winning)\n|raw|lloiuyre's rating: 1000 &rarr; <strong>1000<\/strong><br \/>(+0 for losing)\n|l|\u2606lloiuyre\n","uploadtime":1700070419,"views":7,"p1id":"kjzhajk","p2id":"lloiuyre","formatid":"gen9vgc2023regulatione","rating":1000,"private":0,"password":""}