{"id":"gen9vgc2023regulatione-1990709690","p1":"Joan1079","p2":"Contrary Servine","format":"[Gen 9] VGC 2023 Regulation E","log":"|j|\u2606Joan1079\n|j|\u2606Contrary Servine\n|t:|1699993738\n|gametype|doubles\n|player|p1|Joan1079|colress|1264\n|player|p2|Contrary Servine|pokemaniac|1387\n|teamsize|p1|6\n|teamsize|p2|6\n|gen|9\n|tier|[Gen 9] VGC 2023 Regulation E\n|rated|\n|rule|Species Clause: Limit one of each Pok\u00e9mon\n|rule|Item Clause: Limit one of each item\n|clearpoke\n|poke|p1|Chi-Yu, L50|\n|poke|p1|Iron Hands, L50|\n|poke|p1|Landorus-Therian, L50, M|\n|poke|p1|Flutter Mane, L50|\n|poke|p1|Iron Bundle, L50|\n|poke|p1|Rillaboom, L50, F|\n|poke|p2|Indeedee-F, L50, F|\n|poke|p2|Armarouge, L50, M|\n|poke|p2|Enamorus-Therian, L50, F|\n|poke|p2|Landorus-Therian, L50, M|\n|poke|p2|Sneasler, L50, F|\n|poke|p2|Amoonguss, L50, F|\n|teampreview|4\nJoan1079 rejected open team sheets.\n|inactive|Battle timer is ON: inactive players will automatically lose when time's up. (requested by Joan1079)\n|inactive|Contrary Servine has 60 seconds left.\n|\n|t:|1699993804\n|start\n|switch|p1a: Flutter Mane|Flutter Mane, L50, shiny|100\/100\n|switch|p1b: Iron Hands|Iron Hands, L50, shiny|100\/100\n|switch|p2a: Indeedee|Indeedee-F, L50, F|100\/100\n|switch|p2b: Amoonguss|Amoonguss, L50, F|100\/100\n|-fieldstart|move: Psychic Terrain|[from] ability: Psychic Surge|[of] p2a: Indeedee\n|turn|1\n|inactive|Joan1079 has 30 seconds left.\n|inactive|Contrary Servine has 30 seconds left.\n|\n|t:|1699993833\n|move|p1b: Iron Hands|Fake Out|p2a: Indeedee\n|-activate|p2a: Indeedee|move: Psychic Terrain\n|move|p2b: Amoonguss|Rage Powder|p2b: Amoonguss\n|-singleturn|p2b: Amoonguss|move: Rage Powder\n|move|p1a: Flutter Mane|Dazzling Gleam|p2a: Indeedee|[spread] p2a,p2b\n|-resisted|p2b: Amoonguss\n|-damage|p2a: Indeedee|58\/100\n|-damage|p2b: Amoonguss|83\/100\n|move|p2a: Indeedee|Trick Room|p2a: Indeedee\n|-fieldstart|move: Trick Room|[of] p2a: Indeedee\n|\n|upkeep\n|turn|2\n|inactive|Joan1079 has 30 seconds left.\n|\n|t:|1699993860\n|-end|p1a: Flutter Mane|Protosynthesis|[silent]\n|switch|p1a: Landorus|Landorus-Therian, L50, M|100\/100\n|-ability|p1a: Landorus|Intimidate|boost\n|-unboost|p2a: Indeedee|atk|1\n|-unboost|p2b: Amoonguss|atk|1\n|move|p2b: Amoonguss|Spore|p1a: Landorus\n|-status|p1a: Landorus|slp|[from] move: Spore\n|move|p1b: Iron Hands|Drain Punch|p2a: Indeedee\n|-damage|p2a: Indeedee|10\/100\n|move|p2a: Indeedee|Psychic|p1b: Iron Hands\n|-supereffective|p1b: Iron Hands\n|-damage|p1b: Iron Hands|55\/100\n|\n|upkeep\n|turn|3\n|\n|t:|1699993885\n|switch|p2a: Enamorus|Enamorus-Therian, L50, F|100\/100\n|move|p2b: Amoonguss|Spore|p1b: Iron Hands\n|-status|p1b: Iron Hands|slp|[from] move: Spore\n|cant|p1b: Iron Hands|slp\n|cant|p1a: Landorus|slp\n|\n|upkeep\n|turn|4\n|\n|t:|1699993903\n|switch|p2b: Landorus|Landorus-Therian, L50, M|100\/100\n|-ability|p2b: Landorus|Intimidate|boost\n|-unboost|p1a: Landorus|atk|1\n|-unboost|p1b: Iron Hands|atk|1\n|move|p2a: Enamorus|Springtide Storm|p1b: Iron Hands|[spread] p1a,p1b\n|-supereffective|p1b: Iron Hands\n|-damage|p1a: Landorus|19\/100 slp\n|-damage|p1b: Iron Hands|0 fnt\n|faint|p1b: Iron Hands\n|-end|p1b: Iron Hands|Quark Drive|[silent]\n|-damage|p2a: Enamorus|91\/100|[from] item: Life Orb\n|cant|p1a: Landorus|slp\n|\n|upkeep\n|\n|t:|1699993921\n|switch|p1b: Iron Bundle|Iron Bundle, L50, shiny|100\/100\n|-enditem|p1b: Iron Bundle|Booster Energy\n|-activate|p1b: Iron Bundle|ability: Quark Drive|[fromitem]\n|-start|p1b: Iron Bundle|quarkdrivespe\n|turn|5\n|\n|t:|1699993932\n|move|p1b: Iron Bundle|Protect|p1b: Iron Bundle\n|-singleturn|p1b: Iron Bundle|Protect\n|move|p2a: Enamorus|Springtide Storm|p1b: Iron Bundle|[spread] \n|-activate|p1b: Iron Bundle|move: Protect\n|-miss|p2a: Enamorus|p1a: Landorus\n|cant|p1a: Landorus|slp\n|move|p2b: Landorus|Rock Slide|p1b: Iron Bundle|[spread] p1a\n|-activate|p1b: Iron Bundle|move: Protect\n|-damage|p1a: Landorus|0 fnt\n|faint|p1a: Landorus\n|\n|-fieldend|move: Trick Room\n|upkeep\n|\n|t:|1699993945\n|switch|p1a: Flutter Mane|Flutter Mane, L50, shiny|100\/100\n|turn|6\n|inactive|Joan1079 has 30 seconds left.\n|inactive|Contrary Servine has 30 seconds left.\n|inactive|Contrary Servine has 20 seconds left.\n|\n|t:|1699993981\n|switch|p2b: Indeedee|Indeedee-F, L50, F|10\/100\n|-terastallize|p1b: Iron Bundle|Ghost\n|move|p1b: Iron Bundle|Freeze-Dry|p2a: Enamorus\n|-supereffective|p2a: Enamorus\n|-damage|p2a: Enamorus|20\/100\n|move|p1a: Flutter Mane|Shadow Ball|p2a: Enamorus\n|-damage|p2a: Enamorus|0 fnt\n|faint|p2a: Enamorus\n|\n|upkeep\n|\n|t:|1699994002\n|switch|p2a: Amoonguss|Amoonguss, L50, F|100\/100\n|turn|7\n|\n|t:|1699994013\n|move|p2b: Indeedee|Follow Me|p2b: Indeedee\n|-singleturn|p2b: Indeedee|move: Follow Me\n|move|p1b: Iron Bundle|Icy Wind|p2a: Amoonguss|[spread] p2a,p2b\n|-supereffective|p2a: Amoonguss\n|-damage|p2a: Amoonguss|70\/100\n|-damage|p2b: Indeedee|0 fnt\n|-unboost|p2a: Amoonguss|spe|1\n|faint|p2b: Indeedee\n|move|p1a: Flutter Mane|Shadow Ball|p2a: Amoonguss\n|-damage|p2a: Amoonguss|28\/100\n|-enditem|p2a: Amoonguss|Sitrus Berry|[eat]\n|-heal|p2a: Amoonguss|53\/100|[from] item: Sitrus Berry\n|move|p2a: Amoonguss|Spore|p1b: Iron Bundle\n|-status|p1b: Iron Bundle|slp|[from] move: Spore\n|\n|upkeep\n|\n|t:|1699994027\n|switch|p2b: Landorus|Landorus-Therian, L50, M|100\/100\n|-ability|p2b: Landorus|Intimidate|boost\n|-unboost|p1a: Flutter Mane|atk|1\n|-unboost|p1b: Iron Bundle|atk|1\n|turn|8\n|\n|t:|1699994038\n|cant|p1b: Iron Bundle|slp\n|move|p2b: Landorus|Stomping Tantrum|p1a: Flutter Mane\n|-damage|p1a: Flutter Mane|2\/100\n|move|p1a: Flutter Mane|Shadow Ball|p2a: Amoonguss\n|-damage|p2a: Amoonguss|10\/100\n|move|p2a: Amoonguss|Spore|p1a: Flutter Mane\n|-status|p1a: Flutter Mane|slp|[from] move: Spore\n|\n|-fieldend|move: Psychic Terrain\n|upkeep\n|turn|9\n|n|!Joan1079|joan1079\n|\n|t:|1699994058\n|cant|p1b: Iron Bundle|slp\n|move|p2b: Landorus|Stomping Tantrum|p1b: Iron Bundle\n|-crit|p1b: Iron Bundle\n|-damage|p1b: Iron Bundle|16\/100 slp\n|cant|p1a: Flutter Mane|slp\n|move|p2a: Amoonguss|Pollen Puff|p1b: Iron Bundle\n|-resisted|p1b: Iron Bundle\n|-damage|p1b: Iron Bundle|0 fnt\n|faint|p1b: Iron Bundle\n|-end|p1b: Iron Bundle|Quark Drive|[silent]\n|\n|upkeep\n|turn|10\n|\n|t:|1699994072\n|move|p2b: Landorus|Stomping Tantrum|p1a: Flutter Mane\n|-damage|p1a: Flutter Mane|0 fnt\n|faint|p1a: Flutter Mane\n|-end|p1a: Flutter Mane|Protosynthesis|[silent]\n|\n|win|Contrary Servine\n|raw|Joan1079's rating: 1264 &rarr; <strong>1247<\/strong><br \/>(-17 for losing)\n|raw|Contrary Servine's rating: 1387 &rarr; <strong>1400<\/strong><br \/>(+13 for winning)\n","uploadtime":1699994052,"views":7,"p1id":"joan1079","p2id":"contraryservine","formatid":"gen9vgc2023regulatione","rating":1247,"private":0,"password":""}