{"id":"gen9vgc2023regulatione-1993334652","p1":"RheaRipleyVGC","p2":"nidemingzi","format":"[Gen 9] VGC 2023 Regulation E","log":"|j|\u2606RheaRipleyVGC\n|j|\u2606nidemingzi\n|t:|1700300619\n|gametype|doubles\n|player|p1|RheaRipleyVGC|rocketgrunt|1792\n|player|p2|nidemingzi|2|1690\n|teamsize|p1|6\n|teamsize|p2|6\n|gen|9\n|tier|[Gen 9] VGC 2023 Regulation E\n|rated|\n|rule|Species Clause: Limit one of each Pok\u00e9mon\n|rule|Item Clause: Limit one of each item\n|clearpoke\n|poke|p1|Iron Hands, L50|\n|poke|p1|Landorus-Therian, L50, M|\n|poke|p1|Amoonguss, L50, F|\n|poke|p1|Chi-Yu, L50|\n|poke|p1|Flutter Mane, L50|\n|poke|p1|Cresselia, L50, F|\n|poke|p2|Tatsugiri, L50, F|\n|poke|p2|Chi-Yu, L50|\n|poke|p2|Chien-Pao, L50|\n|poke|p2|Flutter Mane, L50|\n|poke|p2|Dondozo, L50, M|\n|poke|p2|Arcanine-Hisui, L50, F|\n|teampreview|4\n|inactive|Battle timer is ON: inactive players will automatically lose when time's up. (requested by RheaRipleyVGC)\nRheaRipleyVGC has agreed to open team sheets.\nnidemingzi rejected open team sheets.\n|inactive|RheaRipleyVGC has 60 seconds left.\n|inactive|RheaRipleyVGC has 30 seconds left.\n|inactive|RheaRipleyVGC has 20 seconds left.\n|inactive|RheaRipleyVGC has 15 seconds left.\n|inactive|RheaRipleyVGC has 10 seconds left.\n|\n|t:|1700300704\n|start\n|switch|p1a: Iron Hands|Iron Hands, L50|100\/100\n|switch|p1b: Chi-Yu|Chi-Yu, L50|100\/100\n|switch|p2a: Chi-Yu|Chi-Yu, L50|100\/100\n|switch|p2b: Flutter Mane|Flutter Mane, L50|100\/100\n|-ability|p2a: Chi-Yu|Beads of Ruin\n|-ability|p1b: Chi-Yu|Beads of Ruin\n|turn|1\n|\n|t:|1700300728\n|switch|p2a: Dondozo|Dondozo, L50, M|100\/100\n|move|p1a: Iron Hands|Fake Out|p2a: Dondozo\n|-damage|p2a: Dondozo|91\/100\n|move|p2b: Flutter Mane|Dazzling Gleam|p1a: Iron Hands|[spread] p1a,p1b\n|-supereffective|p1a: Iron Hands\n|-damage|p1a: Iron Hands|55\/100\n|-damage|p1b: Chi-Yu|65\/100\n|move|p1b: Chi-Yu|Overheat|p2b: Flutter Mane|[miss]\n|-miss|p1b: Chi-Yu|p2b: Flutter Mane\n|\n|-heal|p2a: Dondozo|98\/100|[from] item: Leftovers\n|upkeep\n|turn|2\n|\n|t:|1700300751\n|switch|p1b: Amoonguss|Amoonguss, L50, F|100\/100\n|move|p2a: Dondozo|Protect|p2a: Dondozo\n|-singleturn|p2a: Dondozo|Protect\n|move|p2b: Flutter Mane|Dazzling Gleam|p1b: Amoonguss|[spread] p1a,p1b\n|-supereffective|p1a: Iron Hands\n|-resisted|p1b: Amoonguss\n|-damage|p1a: Iron Hands|20\/100\n|-damage|p1b: Amoonguss|86\/100\n|move|p1a: Iron Hands|Heavy Slam|p2b: Flutter Mane\n|-supereffective|p2b: Flutter Mane\n|-enditem|p2b: Flutter Mane|Focus Sash\n|-damage|p2b: Flutter Mane|1\/100\n|\n|-heal|p2a: Dondozo|100\/100|[from] item: Leftovers\n|upkeep\n|turn|3\n|inactive|RheaRipleyVGC has 30 seconds left.\n|inactive|nidemingzi has 30 seconds left.\n|\n|t:|1700300786\n|switch|p2a: Tatsugiri|Tatsugiri, L50, F|100\/100\n|-end|p1a: Iron Hands|Quark Drive|[silent]\n|switch|p1a: Chi-Yu|Chi-Yu, L50|65\/100\n|-ability|p1a: Chi-Yu|Beads of Ruin\n|move|p2b: Flutter Mane|Dazzling Gleam|p1b: Amoonguss|[spread] p1a,p1b\n|-resisted|p1b: Amoonguss\n|-damage|p1a: Chi-Yu|31\/100\n|-damage|p1b: Amoonguss|66\/100\n|move|p1b: Amoonguss|Spore|p2a: Tatsugiri\n|-status|p2a: Tatsugiri|slp|[from] move: Spore\n|\n|upkeep\n|turn|4\n|inactive|RheaRipleyVGC has 30 seconds left.\n|inactive|nidemingzi has 30 seconds left.\n|\n|t:|1700300821\n|cant|p2a: Tatsugiri|slp\n|move|p2b: Flutter Mane|Dazzling Gleam|p1b: Amoonguss|[spread] p1a,p1b\n|-resisted|p1b: Amoonguss\n|-damage|p1a: Chi-Yu|0 fnt\n|-damage|p1b: Amoonguss|47\/100\n|-enditem|p1b: Amoonguss|Sitrus Berry|[eat]\n|-heal|p1b: Amoonguss|72\/100|[from] item: Sitrus Berry\n|faint|p1a: Chi-Yu\n|move|p1b: Amoonguss|Pollen Puff|p1: Chi-Yu|[notarget]\n|-fail|p1b: Amoonguss\n|\n|upkeep\n|\n|t:|1700300832\n|switch|p1a: Flutter Mane|Flutter Mane, L50|100\/100\n|-enditem|p1a: Flutter Mane|Booster Energy\n|-activate|p1a: Flutter Mane|ability: Protosynthesis|[fromitem]\n|-start|p1a: Flutter Mane|protosynthesisspe\n|turn|5\n|\n|t:|1700300847\n|-curestatus|p2a: Tatsugiri|slp|[msg]\n|move|p2a: Tatsugiri|Protect|p2a: Tatsugiri\n|-singleturn|p2a: Tatsugiri|Protect\n|move|p1b: Amoonguss|Rage Powder|p1b: Amoonguss\n|-singleturn|p1b: Amoonguss|move: Rage Powder\n|move|p1a: Flutter Mane|Moonblast|p2a: Tatsugiri\n|-activate|p2a: Tatsugiri|move: Protect\n|move|p2b: Flutter Mane|Dazzling Gleam|p1a: Flutter Mane|[spread] p1a,p1b\n|-resisted|p1b: Amoonguss\n|-damage|p1a: Flutter Mane|65\/100\n|-damage|p1b: Amoonguss|56\/100\n|\n|upkeep\n|turn|6\n|\n|t:|1700300865\n|switch|p2a: Chi-Yu|Chi-Yu, L50|100\/100\n|-ability|p2a: Chi-Yu|Beads of Ruin\n|move|p1a: Flutter Mane|Moonblast|p2a: Chi-Yu\n|-damage|p2a: Chi-Yu|43\/100\n|move|p2b: Flutter Mane|Dazzling Gleam|p1b: Amoonguss|[spread] p1a,p1b\n|-resisted|p1b: Amoonguss\n|-damage|p1a: Flutter Mane|23\/100\n|-damage|p1b: Amoonguss|37\/100\n|move|p1b: Amoonguss|Pollen Puff|p1a: Flutter Mane\n|-heal|p1a: Flutter Mane|73\/100\n|\n|upkeep\n|turn|7\n|inactive|RheaRipleyVGC has 30 seconds left.\n|\n|t:|1700300894\n|move|p1b: Amoonguss|Protect|p1b: Amoonguss\n|-singleturn|p1b: Amoonguss|Protect\n|move|p1a: Flutter Mane|Icy Wind|p2a: Chi-Yu|[spread] p2a,p2b\n|-resisted|p2a: Chi-Yu\n|-damage|p2a: Chi-Yu|35\/100\n|-damage|p2b: Flutter Mane|0 fnt\n|-unboost|p2a: Chi-Yu|spe|1\n|faint|p2b: Flutter Mane\n|-end|p2b: Flutter Mane|Protosynthesis|[silent]\n|move|p2a: Chi-Yu|Snarl|p1b: Amoonguss|[spread] p1a\n|-activate|p1b: Amoonguss|move: Protect\n|-damage|p1a: Flutter Mane|40\/100\n|-unboost|p1a: Flutter Mane|spa|1\n|\n|upkeep\n|\n|t:|1700300908\n|switch|p2b: Tatsugiri|Tatsugiri, L50, F|100\/100\n|turn|8\n|inactive|RheaRipleyVGC has 30 seconds left.\n|\n|t:|1700300937\n|move|p2b: Tatsugiri|Helping Hand|p2a: Chi-Yu\n|-singleturn|p2a: Chi-Yu|Helping Hand|[of] p2b: Tatsugiri\n|move|p1a: Flutter Mane|Protect|p1a: Flutter Mane\n|-singleturn|p1a: Flutter Mane|Protect\n|move|p2a: Chi-Yu|Snarl|p1a: Flutter Mane|[spread] p1b\n|-activate|p1a: Flutter Mane|move: Protect\n|-damage|p1b: Amoonguss|0 fnt\n|faint|p1b: Amoonguss\n|\n|upkeep\n|\n|t:|1700300940\n|switch|p1b: Iron Hands|Iron Hands, L50|20\/100\n|turn|9\n|j| TBTianXiaDiYi\n|\n|t:|1700300953\n|-terastallize|p2a: Chi-Yu|Ghost\n|move|p2b: Tatsugiri|Helping Hand|p2a: Chi-Yu\n|-singleturn|p2a: Chi-Yu|Helping Hand|[of] p2b: Tatsugiri\n|move|p1b: Iron Hands|Fake Out|p2a: Chi-Yu\n|-immune|p2a: Chi-Yu\n|move|p1a: Flutter Mane|Moonblast|p2b: Tatsugiri\n|-supereffective|p2b: Tatsugiri\n|-damage|p2b: Tatsugiri|0 fnt\n|faint|p2b: Tatsugiri\n|move|p2a: Chi-Yu|Snarl|p1a: Flutter Mane|[spread] p1a,p1b\n|-resisted|p1b: Iron Hands\n|-damage|p1a: Flutter Mane|0 fnt\n|-damage|p1b: Iron Hands|8\/100\n|-unboost|p1b: Iron Hands|spa|1\n|faint|p1a: Flutter Mane\n|-end|p1a: Flutter Mane|Protosynthesis|[silent]\n|\n|upkeep\n|\n|t:|1700300965\n|switch|p2b: Dondozo|Dondozo, L50, M|100\/100\n|turn|10\n|-message|RheaRipleyVGC forfeited.\n|\n|win|nidemingzi\n|raw|RheaRipleyVGC's rating: 1792 &rarr; <strong>1766<\/strong><br \/>(-26 for losing)\n|raw|nidemingzi's rating: 1690 &rarr; <strong>1716<\/strong><br \/>(+26 for winning)\n|l|\u2606RheaRipleyVGC\n","uploadtime":1700301004,"views":8,"p1id":"rhearipleyvgc","p2id":"nidemingzi","formatid":"gen9vgc2023regulatione","rating":1716,"private":0,"password":""}