{"id":"gen9vgc2023regulatione-1999589755","p1":"LowEloGrind","p2":"AMaizad97","format":"[Gen 9] VGC 2023 Regulation E","log":"|j|\u2606LowEloGrind\n|j|\u2606AMaizad97\n|t:|1701099050\n|gametype|doubles\n|player|p1|LowEloGrind|1|1211\n|player|p2|AMaizad97|169|1143\n|teamsize|p1|6\n|teamsize|p2|6\n|gen|9\n|tier|[Gen 9] VGC 2023 Regulation E\n|rated|\n|rule|Species Clause: Limit one of each Pok\u00e9mon\n|rule|Item Clause: Limit one of each item\n|clearpoke\n|poke|p1|Iron Hands, L50|\n|poke|p1|Sinistcha, L50|\n|poke|p1|Arcanine-Hisui, L50, F|\n|poke|p1|Moltres-Galar, L50|\n|poke|p1|Iron Bundle, L50|\n|poke|p1|Ninetales-Alola, L50, M|\n|poke|p2|Heatran, L50, M|\n|poke|p2|Urshifu-*, L50, F|\n|poke|p2|Sinistcha, L50|\n|poke|p2|Flutter Mane, L50|\n|poke|p2|Iron Bundle, L50|\n|poke|p2|Dragonite, L50, F|\n|teampreview|4\nAMaizad97 has agreed to open team sheets.\n|inactive|Battle timer is ON: inactive players will automatically lose when time's up. (requested by AMaizad97)\nLowEloGrind has agreed to open team sheets.\n|inactive|LowEloGrind has 30 seconds left.\n|inactive|AMaizad97 has 30 seconds left.\n|inactive|LowEloGrind has 20 seconds left.\n|inactive|AMaizad97 has 20 seconds left.\n|inactive|LowEloGrind has 15 seconds left.\n|inactive|AMaizad97 has 15 seconds left.\n|inactive|LowEloGrind has 10 seconds left.\n|\n|t:|1701099109\n|start\n|switch|p1a: Under the Tree|Iron Bundle, L50|100\/100\n|switch|p1b: Snowing!!!!!|Ninetales-Alola, L50, M|100\/100\n|switch|p2a: Urshifu|Urshifu-Rapid-Strike, L50, F|100\/100\n|switch|p2b: Flutter Mane|Flutter Mane, L50|100\/100\n|-weather|Snow|[from] ability: Snow Warning|[of] p1b: Snowing!!!!!\n|-enditem|p2b: Flutter Mane|Booster Energy\n|-activate|p2b: Flutter Mane|ability: Protosynthesis|[fromitem]\n|-start|p2b: Flutter Mane|protosynthesisspe\n|-enditem|p1a: Under the Tree|Booster Energy\n|-activate|p1a: Under the Tree|ability: Quark Drive|[fromitem]\n|-start|p1a: Under the Tree|quarkdrivespe\n|turn|1\n|\n|t:|1701099133\n|-terastallize|p2a: Urshifu|Water\n|move|p2b: Flutter Mane|Dazzling Gleam|p1b: Snowing!!!!!|[spread] p1a,p1b\n|-damage|p1a: Under the Tree|61\/100\n|-damage|p1b: Snowing!!!!!|70\/100\n|move|p1a: Under the Tree|Freeze-Dry|p2a: Urshifu\n|-supereffective|p2a: Urshifu\n|-damage|p2a: Urshifu|0 fnt\n|faint|p2a: Urshifu\n|move|p1b: Snowing!!!!!|Aurora Veil|p1b: Snowing!!!!!\n|-sidestart|p1: LowEloGrind|move: Aurora Veil\n|\n|-weather|Snow|[upkeep]\n|upkeep\n|\n|t:|1701099143\n|switch|p2a: Heatran|Heatran, L50, M|100\/100\n|turn|2\n|\n|t:|1701099148\n|move|p2b: Flutter Mane|Dazzling Gleam|p1b: Snowing!!!!!|[spread] p1a,p1b\n|-damage|p1a: Under the Tree|33\/100\n|-damage|p1b: Snowing!!!!!|52\/100\n|move|p1a: Under the Tree|Hydro Pump|p2a: Heatran\n|-supereffective|p2a: Heatran\n|-damage|p2a: Heatran|9\/100\n|move|p1b: Snowing!!!!!|Blizzard|p2a: Heatran|[spread] p2a,p2b\n|-resisted|p2a: Heatran\n|-damage|p2a: Heatran|4\/100\n|-damage|p2b: Flutter Mane|78\/100\n|move|p2a: Heatran|Heat Wave|p1a: Under the Tree|[spread] p1a,p1b\n|-supereffective|p1b: Snowing!!!!!\n|-damage|p1a: Under the Tree|0 fnt\n|-damage|p1b: Snowing!!!!!|0 fnt\n|faint|p1a: Under the Tree\n|-end|p1a: Under the Tree|Quark Drive|[silent]\n|faint|p1b: Snowing!!!!!\n|\n|-weather|Snow|[upkeep]\n|upkeep\n|\n|t:|1701099162\n|switch|p1a: Family Disaster|Moltres-Galar, L50|100\/100\n|switch|p1b: Mint Hot Chocolate|Sinistcha, L50|100\/100\n|turn|3\n|inactive|LowEloGrind has 30 seconds left.\n|\n|t:|1701099188\n|move|p2b: Flutter Mane|Dazzling Gleam|p1b: Mint Hot Chocolate|[spread] p1a,p1b\n|-supereffective|p1a: Family Disaster\n|-damage|p1a: Family Disaster|72\/100\n|-damage|p1b: Mint Hot Chocolate|82\/100\n|move|p1a: Family Disaster|Fiery Wrath|p2b: Flutter Mane|[spread] p2a,p2b\n|-damage|p2a: Heatran|0 fnt\n|-damage|p2b: Flutter Mane|54\/100\n|faint|p2a: Heatran\n|move|p1b: Mint Hot Chocolate|Matcha Gotcha|p2b: Flutter Mane\n|-damage|p2b: Flutter Mane|26\/100\n|-heal|p1b: Mint Hot Chocolate|95\/100|[from] drain|[of] p2b: Flutter Mane\n|\n|-weather|Snow|[upkeep]\n|upkeep\n|\n|t:|1701099201\n|switch|p2a: Dragonite|Dragonite, L50, F|100\/100\n|turn|4\n|\n|t:|1701099219\n|move|p1b: Mint Hot Chocolate|Rage Powder|p1b: Mint Hot Chocolate\n|-singleturn|p1b: Mint Hot Chocolate|move: Rage Powder\n|move|p2b: Flutter Mane|Dazzling Gleam|p1b: Mint Hot Chocolate|[spread] p1a,p1b\n|-supereffective|p1a: Family Disaster\n|-damage|p1a: Family Disaster|43\/100\n|-damage|p1b: Mint Hot Chocolate|78\/100\n|-ability|p1a: Family Disaster|Berserk|boost\n|-boost|p1a: Family Disaster|spa|1\n|-enditem|p1a: Family Disaster|Sitrus Berry|[eat]\n|-heal|p1a: Family Disaster|68\/100|[from] item: Sitrus Berry\n|move|p2a: Dragonite|Outrage|p1b: Mint Hot Chocolate\n|-damage|p1b: Mint Hot Chocolate|15\/100\n|move|p1a: Family Disaster|Nasty Plot|p1a: Family Disaster\n|-boost|p1a: Family Disaster|spa|2\n|\n|-weather|Snow|[upkeep]\n|upkeep\n|turn|5\n|\n|t:|1701099238\n|-terastallize|p1a: Family Disaster|Steel\n|move|p1b: Mint Hot Chocolate|Rage Powder|p1b: Mint Hot Chocolate\n|-singleturn|p1b: Mint Hot Chocolate|move: Rage Powder\n|move|p2b: Flutter Mane|Dazzling Gleam|p1a: Family Disaster|[spread] p1a,p1b\n|-resisted|p1a: Family Disaster\n|-damage|p1a: Family Disaster|61\/100\n|-damage|p1b: Mint Hot Chocolate|0 fnt\n|faint|p1b: Mint Hot Chocolate\n|move|p2a: Dragonite|Outrage|p1a: Family Disaster|[from]lockedmove\n|-resisted|p1a: Family Disaster\n|-damage|p1a: Family Disaster|32\/100\n|-ability|p1a: Family Disaster|Berserk|boost\n|-boost|p1a: Family Disaster|spa|1\n|move|p1a: Family Disaster|Fiery Wrath|p2b: Flutter Mane|[spread] p2a,p2b\n|-crit|p2b: Flutter Mane\n|-damage|p2a: Dragonite|7\/100\n|-damage|p2b: Flutter Mane|0 fnt\n|faint|p2b: Flutter Mane\n|-end|p2b: Flutter Mane|Protosynthesis|[silent]\n|\n|-weather|none\n|upkeep\n|turn|6\n|\n|t:|1701099256\n|move|p2a: Dragonite|Outrage|p1a: Family Disaster|[from]lockedmove\n|-resisted|p1a: Family Disaster\n|-damage|p1a: Family Disaster|2\/100\n|-start|p2a: Dragonite|confusion|[fatigue]\n|move|p1a: Family Disaster|Fiery Wrath|p2a: Dragonite\n|-damage|p2a: Dragonite|0 fnt\n|faint|p2a: Dragonite\n|\n|win|LowEloGrind\n|raw|LowEloGrind's rating: 1211 &rarr; <strong>1231<\/strong><br \/>(+20 for winning)\n|raw|AMaizad97's rating: 1143 &rarr; <strong>1123<\/strong><br \/>(-20 for losing)\n","uploadtime":1701099270,"views":9,"p1id":"lowelogrind","p2id":"amaizad97","formatid":"gen9vgc2023regulatione","rating":1123,"private":0,"password":""}