{"id":"gen9vgc2023regulatione-1992877942","p1":"whykeyVGC","p2":"totaltm","format":"[Gen 9] VGC 2023 Regulation E","log":"|j|\u2606whykeyVGC\n|j|\u2606totaltm\n|t:|1700243219\n|gametype|doubles\n|player|p1|whykeyVGC|265|1313\n|player|p2|totaltm|101|1326\n|teamsize|p1|6\n|teamsize|p2|6\n|gen|9\n|tier|[Gen 9] VGC 2023 Regulation E\n|rated|\n|rule|Species Clause: Limit one of each Pok\u00e9mon\n|rule|Item Clause: Limit one of each item\n|clearpoke\n|poke|p1|Landorus-Therian, L50, M|\n|poke|p1|Ogerpon-Wellspring, L50, F|\n|poke|p1|Kingambit, L50, M|\n|poke|p1|Flutter Mane, L50|\n|poke|p1|Heatran, L50, F|\n|poke|p1|Iron Hands, L50|\n|poke|p2|Flutter Mane, L50|\n|poke|p2|Iron Hands, L50|\n|poke|p2|Ogerpon-Wellspring, L50, F|\n|poke|p2|Sinistcha, L50|\n|poke|p2|Landorus-Therian, L50, M|\n|poke|p2|Chien-Pao, L50|\n|teampreview|4\nwhykeyVGC has agreed to open team sheets.\n|inactive|Battle timer is ON: inactive players will automatically lose when time's up. (requested by totaltm)\n|\n|t:|1700243289\n|start\n|switch|p1a: Ogerpon|Ogerpon-Wellspring, L50, F|100\/100\n|switch|p1b: Kingambit|Kingambit, L50, M|100\/100\n|switch|p2a: Iron Hands|Iron Hands, L50|100\/100\n|switch|p2b: Ogerpon|Ogerpon-Wellspring, L50, F|100\/100\n|turn|1\n|inactive|totaltm has 30 seconds left.\n|\n|t:|1700243322\n|move|p1a: Ogerpon|Spiky Shield|p1a: Ogerpon\n|-singleturn|p1a: Ogerpon|move: Protect\n|move|p1b: Kingambit|Protect|p1b: Kingambit\n|-singleturn|p1b: Kingambit|Protect\n|move|p2a: Iron Hands|Fake Out|p1b: Kingambit\n|-activate|p1b: Kingambit|move: Protect\n|move|p2b: Ogerpon|Horn Leech|p1a: Ogerpon\n|-activate|p1a: Ogerpon|move: Protect\n|-damage|p2b: Ogerpon|88\/100|[from] Spiky Shield|[of] p1a: Ogerpon\n|\n|upkeep\n|turn|2\n|inactive|whykeyVGC has 30 seconds left.\n|\n|t:|1700243353\n|move|p2b: Ogerpon|Spiky Shield|p2b: Ogerpon\n|-singleturn|p2b: Ogerpon|move: Protect\n|move|p1b: Kingambit|Sucker Punch|p2a: Iron Hands\n|-resisted|p2a: Iron Hands\n|-damage|p2a: Iron Hands|83\/100\n|move|p1a: Ogerpon|Ivy Cudgel|p2a: Iron Hands|[anim] Ivy Cudgel Water\n|-damage|p2a: Iron Hands|43\/100\n|move|p2a: Iron Hands|Drain Punch|p1b: Kingambit\n|-supereffective|p1b: Kingambit\n|-damage|p1b: Kingambit|0 fnt\n|-heal|p2a: Iron Hands|86\/100|[from] drain|[of] p1b: Kingambit\n|faint|p1b: Kingambit\n|\n|upkeep\n|\n|t:|1700243366\n|switch|p1b: Iron Hands|Iron Hands, L50|100\/100\n|turn|3\n|inactive|totaltm has 30 seconds left.\n|\n|t:|1700243400\n|-end|p2a: Iron Hands|Quark Drive|[silent]\n|switch|p2a: Landorus|Landorus-Therian, L50, M|100\/100\n|-ability|p2a: Landorus|Intimidate|boost\n|-unboost|p1a: Ogerpon|atk|1\n|-unboost|p1b: Iron Hands|atk|1\n|move|p1b: Iron Hands|Fake Out|p2a: Landorus\n|-damage|p2a: Landorus|90\/100\n|move|p1a: Ogerpon|Ivy Cudgel|p2a: Landorus|[anim] Ivy Cudgel Water\n|-supereffective|p2a: Landorus\n|-damage|p2a: Landorus|7\/100\n|move|p2b: Ogerpon|Ivy Cudgel|p1b: Iron Hands|[anim] Ivy Cudgel Water\n|-damage|p1b: Iron Hands|61\/100\n|\n|upkeep\n|turn|4\n|inactive|totaltm has 30 seconds left.\n|inactive|totaltm has 20 seconds left.\n|\n|t:|1700243435\n|switch|p2b: Sinistcha|Sinistcha, L50|100\/100\n|-heal|p2a: Landorus|32\/100|[from] ability: Hospitality|[of] p2b: Sinistcha\n|-terastallize|p2a: Landorus|Flying\n|move|p1a: Ogerpon|Follow Me|p1a: Ogerpon\n|-singleturn|p1a: Ogerpon|move: Follow Me\n|move|p2a: Landorus|Tera Blast|p1a: Ogerpon|[anim] Tera Blast Flying\n|-supereffective|p1a: Ogerpon\n|-damage|p1a: Ogerpon|0 fnt\n|faint|p1a: Ogerpon\n|move|p1b: Iron Hands|Drain Punch|p2a: Landorus\n|-resisted|p2a: Landorus\n|-damage|p2a: Landorus|16\/100\n|-heal|p1b: Iron Hands|67\/100|[from] drain|[of] p2a: Landorus\n|\n|upkeep\n|\n|t:|1700243446\n|switch|p1a: Flutter Mane|Flutter Mane, L50|100\/100\n|-enditem|p1a: Flutter Mane|Booster Energy\n|-activate|p1a: Flutter Mane|ability: Protosynthesis|[fromitem]\n|-start|p1a: Flutter Mane|protosynthesisspa\n|turn|5\n|\n|t:|1700243465\n|move|p2a: Landorus|Tera Blast|p1b: Iron Hands|[anim] Tera Blast Flying\n|-damage|p1b: Iron Hands|27\/100\n|move|p1a: Flutter Mane|Shadow Ball|p2b: Sinistcha\n|-supereffective|p2b: Sinistcha\n|-damage|p2b: Sinistcha|0 fnt\n|faint|p2b: Sinistcha\n|move|p1b: Iron Hands|Wild Charge|p2a: Landorus\n|-supereffective|p2a: Landorus\n|-damage|p2a: Landorus|0 fnt\n|faint|p2a: Landorus\n|-damage|p1b: Iron Hands|24\/100|[from] Recoil\n|\n|upkeep\n|\n|t:|1700243473\n|switch|p2a: Ogerpon|Ogerpon-Wellspring, L50, F|88\/100\n|switch|p2b: Iron Hands|Iron Hands, L50|86\/100\n|turn|6\n|inactive|whykeyVGC has 30 seconds left.\n|inactive|totaltm has 30 seconds left.\n|inactive|whykeyVGC has 20 seconds left.\n|inactive|whykeyVGC has 15 seconds left.\n|inactive|whykeyVGC has 10 seconds left.\n|\n|t:|1700243522\n|move|p1a: Flutter Mane|Moonblast|p2b: Iron Hands\n|-supereffective|p2b: Iron Hands\n|-damage|p2b: Iron Hands|25\/100\n|move|p2a: Ogerpon|Ivy Cudgel|p1b: Iron Hands|[anim] Ivy Cudgel Water\n|-crit|p1b: Iron Hands\n|-damage|p1b: Iron Hands|0 fnt\n|faint|p1b: Iron Hands\n|-end|p1b: Iron Hands|Quark Drive|[silent]\n|move|p2b: Iron Hands|Heavy Slam|p1a: Flutter Mane\n|-supereffective|p1a: Flutter Mane\n|-damage|p1a: Flutter Mane|0 fnt\n|faint|p1a: Flutter Mane\n|-end|p1a: Flutter Mane|Protosynthesis|[silent]\n|\n|win|totaltm\n|raw|whykeyVGC's rating: 1313 &rarr; <strong>1294<\/strong><br \/>(-19 for losing)\n|raw|totaltm's rating: 1326 &rarr; <strong>1345<\/strong><br \/>(+19 for winning)\n","uploadtime":1700243531,"views":9,"p1id":"whykeyvgc","p2id":"totaltm","formatid":"gen9vgc2023regulatione","rating":1294,"private":0,"password":""}