{"id":"gen9vgc2023regulatione-1988701380","p1":"YoraeRasante","p2":"lainshy","format":"[Gen 9] VGC 2023 Regulation E","log":"|j|\u2606YoraeRasante\n|j|\u2606lainshy\n|n|\u2606YoraeRasante|yoraerasante\n|n|\u2606lainshy|lainshy\n|html|View the match progress at <a href=\"\/game-bestof3-gen9vgc2023regulatione-1988694935\">game-bestof3-gen9vgc2023regulatione-1988694935<\/a>\n|t:|1699752407\n|gametype|doubles\n|player|p1|YoraeRasante|red|\n|player|p2|lainshy|geeta|\n|teamsize|p1|6\n|teamsize|p2|6\n|gen|9\n|tier|[Gen 9] VGC 2023 Regulation E\n|rule|Species Clause: Limit one of each Pok\u00e9mon\n|rule|Item Clause: Limit one of each item\n|clearpoke\n|poke|p1|Tyranitar, L50, M|\n|poke|p1|Flutter Mane, L50|\n|poke|p1|Urshifu-*, L50, F|\n|poke|p1|Iron Hands, L50|\n|poke|p1|Rillaboom, L50, M|\n|poke|p1|Tornadus, L50, M|\n|poke|p2|Baxcalibur, L50, F|\n|poke|p2|Kingambit, L50, F|\n|poke|p2|Ursaluna-Bloodmoon, L50, M|\n|poke|p2|Corviknight, L50, F|\n|poke|p2|Gholdengo, L50|\n|poke|p2|Ribombee, L50, F|\n|teampreview|4\nYoraeRasante has agreed to open team sheets.\nlainshy has agreed to open team sheets.\n|showteam|p1|Tyranitar||LifeOrb|SandStream|KnockOff,RockSlide,LowKick,TeraBlast|||M|||50|,,,,,Psychic]Flutter Mane||ChoiceSpecs|Protosynthesis|ShadowBall,Moonblast,DazzlingGleam,TrickRoom||||||50|,,,,,Fairy]Urshifu-Rapid-Strike||ChoiceScarf|UnseenFist|SurgingStrikes,CloseCombat,AquaJet,Uturn|||F|||50|,,,,,Water]Iron Hands||AssaultVest|QuarkDrive|WildCharge,DrainPunch,HeavySlam,FakeOut||||||50|,,,,,Grass]Rillaboom||MiracleSeed|GrassySurge|FakeOut,WoodHammer,GrassyGlide,Taunt|||M|||50|,,,,,Grass]Tornadus||CovertCloak|Prankster|BleakwindStorm,Tailwind,Taunt,RainDance|||M|||50|,,,,,Flying\n|showteam|p2|Baxcalibur||LoadedDice|ThermalExchange|Protect,GlaiveRush,IcicleSpear,IceShard|||F|||50|,,,,,Ice]Kingambit||FocusSash|SupremeOverlord|SwordsDance,KowtowCleave,SuckerPunch,IronHead|||F|||50|,,,,,Poison]Ursaluna-Bloodmoon||Leftovers|MindsEye|CalmMind,BloodMoon,EarthPower,Moonlight|||M|||50|,,,,,Flying]Corviknight||RockyHelmet|MirrorArmor|BraveBird,BodyPress,Tailwind,Roost|||F|||50|,,,,,Dragon]Gholdengo||SitrusBerry|GoodasGold|NastyPlot,Protect,MakeItRain,ShadowBall||||||50|,,,,,Steel]Ribombee||HeavyDutyBoots|ShieldDust|StickyWeb,StunSpore,DazzlingGleam,PollenPuff|||F|||50|,,,,,Steel\n|j| Rebornsan93\n|j| PSmonteiro\n|c| Rebornsan93|comecem\n|c|\u2606YoraeRasante|apareceu \"est\u00e1 pronto pro jogo 3\" antes do turno acabar, a\u00ed pensei que tinha perdido\n|j| lucasarreguy\n|c|\u2606lainshy|xD Eu desconfiei que vc deu um golpe de grupo que matou tudo meu\n|\n|t:|1699752460\n|start\n|switch|p1a: Tyranitar|Tyranitar, L50, M|100\/100\n|switch|p1b: Iron Hands|Iron Hands, L50|100\/100\n|switch|p2a: Corviknight|Corviknight, L50, F|100\/100\n|switch|p2b: Ursaluna|Ursaluna-Bloodmoon, L50, M|100\/100\n|-weather|Sandstorm|[from] ability: Sand Stream|[of] p1a: Tyranitar\n|turn|1\n|\n|t:|1699752523\n|-terastallize|p2b: Ursaluna|Flying\n|move|p1b: Iron Hands|Fake Out|p2b: Ursaluna\n|-damage|p2b: Ursaluna|91\/100\n|move|p1a: Tyranitar|Rock Slide|p2a: Corviknight|[spread] p2a,p2b\n|-supereffective|p2b: Ursaluna\n|-damage|p2a: Corviknight|71\/100\n|-damage|p2b: Ursaluna|36\/100\n|-damage|p1a: Tyranitar|91\/100|[from] item: Life Orb\n|move|p2a: Corviknight|Tailwind|p2a: Corviknight\n|-sidestart|p2: lainshy|move: Tailwind\n|cant|p2b: Ursaluna|flinch\n|\n|-weather|Sandstorm|[upkeep]\n|-damage|p2b: Ursaluna|30\/100|[from] Sandstorm\n|-damage|p1b: Iron Hands|94\/100|[from] Sandstorm\n|-heal|p2b: Ursaluna|36\/100|[from] item: Leftovers\n|upkeep\n|turn|2\n|\n|t:|1699752554\n|move|p2a: Corviknight|Brave Bird|p1b: Iron Hands\n|-damage|p1b: Iron Hands|72\/100\n|-damage|p2a: Corviknight|62\/100|[from] Recoil\n|move|p2b: Ursaluna|Blood Moon|p1b: Iron Hands\n|-damage|p1b: Iron Hands|30\/100\n|move|p1a: Tyranitar|Rock Slide|p2b: Ursaluna|[spread] p2a\n|-miss|p1a: Tyranitar|p2b: Ursaluna\n|-damage|p2a: Corviknight|38\/100\n|-damage|p1a: Tyranitar|81\/100|[from] item: Life Orb\n|move|p1b: Iron Hands|Wild Charge|p2a: Corviknight\n|-supereffective|p2a: Corviknight\n|-damage|p2a: Corviknight|0 fnt\n|-damage|p1b: Iron Hands|14\/100|[from] item: Rocky Helmet|[of] p2a: Corviknight\n|faint|p2a: Corviknight\n|-damage|p1b: Iron Hands|6\/100|[from] Recoil\n|\n|-weather|Sandstorm|[upkeep]\n|-damage|p2b: Ursaluna|30\/100|[from] Sandstorm\n|-damage|p1b: Iron Hands|0 fnt|[from] Sandstorm\n|faint|p1b: Iron Hands\n|-end|p1b: Iron Hands|Quark Drive|[silent]\n|-heal|p2b: Ursaluna|36\/100|[from] item: Leftovers\n|upkeep\n|\n|t:|1699752585\n|switch|p2a: Gholdengo|Gholdengo, L50|100\/100\n|switch|p1b: Rillaboom|Rillaboom, L50, M|100\/100\n|-fieldstart|move: Grassy Terrain|[from] ability: Grassy Surge|[of] p1b: Rillaboom\n|turn|3\n|\n|t:|1699752619\n|move|p1b: Rillaboom|Grassy Glide|p2a: Gholdengo\n|-resisted|p2a: Gholdengo\n|-damage|p2a: Gholdengo|73\/100\n|move|p2a: Gholdengo|Make It Rain|p1a: Tyranitar|[spread] p1a,p1b\n|-supereffective|p1a: Tyranitar\n|-damage|p1a: Tyranitar|13\/100\n|-damage|p1b: Rillaboom|41\/100\n|-unboost|p2a: Gholdengo|spa|1\n|move|p2b: Ursaluna|Earth Power|p1a: Tyranitar\n|-supereffective|p1a: Tyranitar\n|-damage|p1a: Tyranitar|0 fnt\n|faint|p1a: Tyranitar\n|\n|-weather|Sandstorm|[upkeep]\n|-damage|p2b: Ursaluna|30\/100|[from] Sandstorm\n|-damage|p1b: Rillaboom|35\/100|[from] Sandstorm\n|-heal|p2a: Gholdengo|79\/100|[from] Grassy Terrain\n|-heal|p2b: Ursaluna|36\/100|[from] item: Leftovers\n|-heal|p1b: Rillaboom|41\/100|[from] Grassy Terrain\n|upkeep\n|\n|t:|1699752638\n|switch|p1a: Tornadus|Tornadus, L50, M|100\/100\n|turn|4\n|\n|t:|1699752651\n|move|p1b: Rillaboom|Grassy Glide|p2b: Ursaluna\n|-resisted|p2b: Ursaluna\n|-damage|p2b: Ursaluna|20\/100\n|move|p2a: Gholdengo|Nasty Plot|p2a: Gholdengo\n|-boost|p2a: Gholdengo|spa|2\n|move|p2b: Ursaluna|Moonlight|p2b: Ursaluna\n|-heal|p2b: Ursaluna|45\/100\n|move|p1a: Tornadus|Bleakwind Storm|p2b: Ursaluna|[spread] p2a,p2b\n|-resisted|p2a: Gholdengo\n|-damage|p2a: Gholdengo|60\/100\n|-damage|p2b: Ursaluna|10\/100\n|\n|-weather|Sandstorm|[upkeep]\n|-damage|p2b: Ursaluna|4\/100|[from] Sandstorm\n|-damage|p1a: Tornadus|95\/100|[from] Sandstorm\n|-damage|p1b: Rillaboom|35\/100|[from] Sandstorm\n|-heal|p2a: Gholdengo|67\/100|[from] Grassy Terrain\n|-heal|p2b: Ursaluna|10\/100|[from] item: Leftovers\n|-heal|p1b: Rillaboom|41\/100|[from] Grassy Terrain\n|-sideend|p2: lainshy|move: Tailwind\n|upkeep\n|turn|5\n|\n|t:|1699752684\n|move|p1b: Rillaboom|Grassy Glide|p2b: Ursaluna\n|-resisted|p2b: Ursaluna\n|-damage|p2b: Ursaluna|0 fnt\n|faint|p2b: Ursaluna\n|move|p2a: Gholdengo|Make It Rain|p1b: Rillaboom|[spread] p1a,p1b\n|-crit|p1a: Tornadus\n|-damage|p1a: Tornadus|0 fnt\n|-damage|p1b: Rillaboom|0 fnt\n|-unboost|p2a: Gholdengo|spa|1\n|faint|p1a: Tornadus\n|faint|p1b: Rillaboom\n|\n|win|lainshy\n|c|\u2606lainshy|qq\n|c|\u2606YoraeRasante|\u00e9, GG\n","uploadtime":1699752713,"views":12,"p1id":"yoraerasante","p2id":"lainshy","formatid":"gen9vgc2023regulatione","rating":0,"private":0,"password":""}