{"id":"gen9vgc2023regulatione-1996170514","p1":"JV08","p2":"Th3D3b","format":"[Gen 9] VGC 2023 Regulation E","log":"|j|\u2606JV08\n|j|\u2606Th3D3b\n|t:|1700654522\n|gametype|doubles\n|player|p1|JV08|nate|1422\n|player|p2|Th3D3b|102|1485\n|teamsize|p1|6\n|teamsize|p2|6\n|gen|9\n|tier|[Gen 9] VGC 2023 Regulation E\n|rated|\n|rule|Species Clause: Limit one of each Pok\u00e9mon\n|rule|Item Clause: Limit one of each item\n|clearpoke\n|poke|p1|Ogerpon-Wellspring, L50, F|\n|poke|p1|Pelipper, L50, F|\n|poke|p1|Chien-Pao, L50|\n|poke|p1|Rillaboom, L50, M|\n|poke|p1|Regieleki, L50|\n|poke|p1|Dragonite, L50, F|\n|poke|p2|Roaring Moon, L50|\n|poke|p2|Urshifu-*, L50, F|\n|poke|p2|Gholdengo, L50|\n|poke|p2|Brambleghast, L50, M|\n|poke|p2|Arcanine-Hisui, L50, M|\n|poke|p2|Iron Hands, L50|\n|teampreview|4\n|inactive|Battle timer is ON: inactive players will automatically lose when time's up. (requested by Th3D3b)\n|inactive|JV08 has 60 seconds left.\n|inactive|JV08 has 30 seconds left.\n|inactive|JV08 has 20 seconds left.\n|inactive|JV08 has 15 seconds left.\n|inactive|JV08 has 10 seconds left.\n|inactive|JV08 has 5 seconds left.\n|\n|t:|1700654610\n|start\n|switch|p1a: Regieleki|Regieleki, L50|100\/100\n|switch|p1b: Dragonite|Dragonite, L50, F|100\/100\n|switch|p2a: Roaring Moon|Roaring Moon, L50|100\/100\n|switch|p2b: Arcanine|Arcanine-Hisui, L50, M|100\/100\n|-ability|p2b: Arcanine|Intimidate|boost\n|-unboost|p1a: Regieleki|atk|1\n|-unboost|p1b: Dragonite|atk|1\n|-enditem|p2a: Roaring Moon|Booster Energy\n|-activate|p2a: Roaring Moon|ability: Protosynthesis|[fromitem]\n|-start|p2a: Roaring Moon|protosynthesisspe\n|turn|1\n|inactive|JV08 has 30 seconds left.\n|\n|t:|1700654641\n|move|p2a: Roaring Moon|Tailwind|p2a: Roaring Moon\n|-sidestart|p2: Th3D3b|move: Tailwind\n|move|p1a: Regieleki|Electroweb|p2a: Roaring Moon|[spread] p2a,p2b\n|-resisted|p2a: Roaring Moon\n|-damage|p2a: Roaring Moon|86\/100\n|-damage|p2b: Arcanine|69\/100\n|-unboost|p2a: Roaring Moon|spe|1\n|-unboost|p2b: Arcanine|spe|1\n|-damage|p1a: Regieleki|91\/100|[from] item: Life Orb\n|move|p2b: Arcanine|Rock Slide|p1a: Regieleki|[spread] p1b\n|-miss|p2b: Arcanine|p1a: Regieleki\n|-supereffective|p1b: Dragonite\n|-damage|p1b: Dragonite|62\/100\n|move|p1b: Dragonite|Outrage|p2a: Roaring Moon\n|-supereffective|p2a: Roaring Moon\n|-damage|p2a: Roaring Moon|0 fnt\n|faint|p2a: Roaring Moon\n|-end|p2a: Roaring Moon|Protosynthesis|[silent]\n|\n|upkeep\n|\n|t:|1700654659\n|switch|p2a: Iron Hands|Iron Hands, L50|100\/100\n|turn|2\n|inactive|JV08 has 30 seconds left.\n|inactive|JV08 has 20 seconds left.\n|inactive|JV08 has 15 seconds left.\n|inactive|JV08 has 10 seconds left.\n|inactive|JV08 has 5 seconds left.\n|\n|t:|1700654714\n|move|p2a: Iron Hands|Fake Out|p1a: Regieleki\n|-damage|p1a: Regieleki|62\/100\n|cant|p1a: Regieleki|flinch\n|move|p2b: Arcanine|Rock Slide|p1b: Dragonite|[spread] p1a,p1b\n|-supereffective|p1b: Dragonite\n|-damage|p1a: Regieleki|0 fnt\n|-damage|p1b: Dragonite|0 fnt\n|faint|p1a: Regieleki\n|faint|p1b: Dragonite\n|\n|upkeep\n|\n|t:|1700654726\n|switch|p1a: Ogerpon|Ogerpon-Wellspring, L50, F|100\/100\n|switch|p1b: Rillaboom|Rillaboom, L50, M|100\/100\n|-fieldstart|move: Grassy Terrain|[from] ability: Grassy Surge|[of] p1b: Rillaboom\n|turn|3\n|\n|t:|1700654738\n|switch|p2b: Brambleghast|Brambleghast, L50, M|100\/100\n|-ability|p2b: Brambleghast|Wind Rider|boost\n|-boost|p2b: Brambleghast|atk|1\n|-terastallize|p1a: Ogerpon|Water\n|detailschange|p1a: Ogerpon|Ogerpon-Wellspring-Tera, L50, F, tera:Water\n|-ability|p1a: Ogerpon|Embody Aspect (Wellspring)|boost\n|-boost|p1a: Ogerpon|spd|1\n|move|p2a: Iron Hands|Drain Punch|p1b: Rillaboom\n|-damage|p1b: Rillaboom|69\/100\n|move|p1a: Ogerpon|Ivy Cudgel|p2a: Iron Hands|[anim] Ivy Cudgel Water\n|-damage|p2a: Iron Hands|54\/100\n|move|p1b: Rillaboom|Wood Hammer|p2a: Iron Hands\n|-damage|p2a: Iron Hands|2\/100\n|-damage|p1b: Rillaboom|47\/100|[from] Recoil\n|\n|-heal|p2a: Iron Hands|8\/100|[from] Grassy Terrain\n|-heal|p1b: Rillaboom|53\/100|[from] Grassy Terrain\n|upkeep\n|turn|4\n|inactive|JV08 has 30 seconds left.\n|inactive|Th3D3b has 30 seconds left.\n|\n|t:|1700654771\n|-end|p2a: Iron Hands|Quark Drive|[silent]\n|switch|p2a: Arcanine|Arcanine-Hisui, L50, M|69\/100\n|-ability|p2a: Arcanine|Intimidate|boost\n|-unboost|p1a: Ogerpon|atk|1\n|-unboost|p1b: Rillaboom|atk|1\n|move|p1a: Ogerpon|Grassy Glide|p2a: Arcanine\n|-damage|p2a: Arcanine|36\/100\n|move|p2b: Brambleghast|Poltergeist|p1b: Rillaboom|[miss]\n|-miss|p2b: Brambleghast|p1b: Rillaboom\n|move|p1b: Rillaboom|U-turn|p2b: Brambleghast\n|-damage|p2b: Brambleghast|74\/100\n|\n|-heal|p2b: Brambleghast|80\/100|[from] Grassy Terrain\n|-heal|p2a: Arcanine|42\/100|[from] Grassy Terrain\n|-heal|p1b: Rillaboom|59\/100|[from] Grassy Terrain\n|-sideend|p2: Th3D3b|move: Tailwind\n|upkeep\n|turn|5\n|inactive|JV08 has 30 seconds left.\n|inactive|Th3D3b has 30 seconds left.\n|\n|t:|1700654806\n|switch|p2a: Iron Hands|Iron Hands, L50|8\/100\n|move|p2b: Brambleghast|Poltergeist|p1b: Rillaboom\n|-activate|p1b: Rillaboom|move: Poltergeist|Assault Vest\n|-damage|p1b: Rillaboom|0 fnt\n|faint|p1b: Rillaboom\n|move|p1a: Ogerpon|Ivy Cudgel|p2a: Iron Hands|[anim] Ivy Cudgel Water\n|-damage|p2a: Iron Hands|0 fnt\n|faint|p2a: Iron Hands\n|-end|p2a: Iron Hands|Quark Drive|[silent]\n|\n|-heal|p2b: Brambleghast|86\/100|[from] Grassy Terrain\n|upkeep\n|\n|t:|1700654816\n|switch|p2a: Arcanine|Arcanine-Hisui, L50, M|42\/100\n|-ability|p2a: Arcanine|Intimidate|boost\n|-unboost|p1a: Ogerpon|atk|1\n|turn|6\n|\n|t:|1700654827\n|-terastallize|p2a: Arcanine|Grass\n|move|p1a: Ogerpon|Spiky Shield|p1a: Ogerpon\n|-singleturn|p1a: Ogerpon|move: Protect\n|move|p2a: Arcanine|Extreme Speed|p1a: Ogerpon\n|-activate|p1a: Ogerpon|move: Protect\n|-damage|p2a: Arcanine|30\/100|[from] Spiky Shield|[of] p1a: Ogerpon\n|move|p2b: Brambleghast|Seed Bomb|p1a: Ogerpon\n|-activate|p1a: Ogerpon|move: Protect\n|\n|-heal|p2b: Brambleghast|92\/100|[from] Grassy Terrain\n|-heal|p2a: Arcanine|36\/100|[from] Grassy Terrain\n|upkeep\n|turn|7\n|\n|t:|1700654841\n|move|p1a: Ogerpon|Spiky Shield|p1a: Ogerpon\n|-singleturn|p1a: Ogerpon|move: Protect\n|move|p2a: Arcanine|Extreme Speed|p1a: Ogerpon\n|-activate|p1a: Ogerpon|move: Protect\n|-damage|p2a: Arcanine|24\/100|[from] Spiky Shield|[of] p1a: Ogerpon\n|move|p2b: Brambleghast|Seed Bomb|p1a: Ogerpon\n|-activate|p1a: Ogerpon|move: Protect\n|\n|-heal|p2b: Brambleghast|98\/100|[from] Grassy Terrain\n|-heal|p2a: Arcanine|30\/100|[from] Grassy Terrain\n|-fieldend|move: Grassy Terrain\n|upkeep\n|turn|8\n|\n|t:|1700654850\n|move|p2a: Arcanine|Extreme Speed|p1a: Ogerpon\n|-damage|p1a: Ogerpon|66\/100\n|move|p2b: Brambleghast|Seed Bomb|p1a: Ogerpon\n|-supereffective|p1a: Ogerpon\n|-damage|p1a: Ogerpon|0 fnt\n|faint|p1a: Ogerpon\n|\n|win|Th3D3b\n|raw|JV08's rating: 1422 &rarr; <strong>1406<\/strong><br \/>(-16 for losing)\n|raw|Th3D3b's rating: 1485 &rarr; <strong>1501<\/strong><br \/>(+16 for winning)\n|l|\u2606JV08\n","uploadtime":1700654868,"views":2,"p1id":"jv08","p2id":"th3d3b","formatid":"gen9vgc2023regulatione","rating":1406,"private":0,"password":""}