{"id":"gen9vgc2023regulatione-2000281358","p1":"0Katzu","p2":"haamgamer07","format":"[Gen 9] VGC 2023 Regulation E","log":"|j|\u26060Katzu\n|j|\u2606haamgamer07\n|t:|1701180941\n|gametype|doubles\n|player|p1|0Katzu|1|1210\n|player|p2|haamgamer07|102|1289\n|teamsize|p1|6\n|teamsize|p2|6\n|gen|9\n|tier|[Gen 9] VGC 2023 Regulation E\n|rated|\n|rule|Species Clause: Limit one of each Pok\u00e9mon\n|rule|Item Clause: Limit one of each item\n|clearpoke\n|poke|p1|Armarouge, L50, F|\n|poke|p1|Basculegion, L50, M|\n|poke|p1|Tornadus, L50, M|\n|poke|p1|Urshifu-*, L50, F|\n|poke|p1|Gholdengo, L50|\n|poke|p1|Indeedee-F, L50, F|\n|poke|p2|Flutter Mane, L50|\n|poke|p2|Iron Hands, L50|\n|poke|p2|Ogerpon-Hearthflame, L50, F|\n|poke|p2|Cresselia, L50, F|\n|poke|p2|Ursaluna, L50, F|\n|poke|p2|Empoleon, L50, F|\n|teampreview|4\n|inactive|Battle timer is ON: inactive players will automatically lose when time's up. (requested by haamgamer07)\n|inactive|0Katzu has 60 seconds left.\n|inactive|haamgamer07 has 60 seconds left.\n|\n|t:|1701180978\n|start\n|switch|p1a: Armarouge|Armarouge, L50, F|100\/100\n|switch|p1b: Indeedee|Indeedee-F, L50, F|100\/100\n|switch|p2a: Flutter Mane|Flutter Mane, L50|100\/100\n|switch|p2b: Iron Hands|Iron Hands, L50|100\/100\n|-fieldstart|move: Psychic Terrain|[from] ability: Psychic Surge|[of] p1b: Indeedee\n|turn|1\n|inactive|0Katzu has 30 seconds left.\n|inactive|haamgamer07 has 30 seconds left.\n|inactive|0Katzu has 20 seconds left.\n|inactive|haamgamer07 has 20 seconds left.\n|inactive|0Katzu has 15 seconds left.\n|\n|t:|1701181020\n|-end|p2b: Iron Hands|Quark Drive|[silent]\n|switch|p2b: Cresselia|Cresselia, L50, F|100\/100\n|-terastallize|p1a: Armarouge|Psychic\n|move|p1b: Indeedee|Follow Me|p1b: Indeedee\n|-singleturn|p1b: Indeedee|move: Follow Me\n|move|p2a: Flutter Mane|Dazzling Gleam|p1a: Armarouge|[spread] p1a,p1b\n|-damage|p1a: Armarouge|62\/100\n|-damage|p1b: Indeedee|67\/100\n|move|p1a: Armarouge|Expanding Force|p2a: Flutter Mane|[spread] p2a,p2b\n|-resisted|p2b: Cresselia\n|-damage|p2a: Flutter Mane|25\/100\n|-damage|p2b: Cresselia|71\/100\n|\n|upkeep\n|turn|2\n|inactive|0Katzu has 30 seconds left.\n|inactive|haamgamer07 has 30 seconds left.\n|inactive|0Katzu has 20 seconds left.\n|inactive|haamgamer07 has 20 seconds left.\n|\n|t:|1701181058\n|move|p1b: Indeedee|Follow Me|p1b: Indeedee\n|-singleturn|p1b: Indeedee|move: Follow Me\n|move|p2a: Flutter Mane|Dazzling Gleam|p1b: Indeedee|[spread] p1a,p1b\n|-damage|p1a: Armarouge|22\/100\n|-damage|p1b: Indeedee|34\/100\n|move|p2b: Cresselia|Lunar Blessing|p2b: Cresselia|[spread] p2a,p2b\n|-heal|p2a: Flutter Mane|50\/100\n|-heal|p2b: Cresselia|96\/100\n|move|p1a: Armarouge|Expanding Force|p2b: Cresselia|[spread] p2a,p2b\n|-resisted|p2b: Cresselia\n|-damage|p2a: Flutter Mane|0 fnt\n|-damage|p2b: Cresselia|69\/100\n|faint|p2a: Flutter Mane\n|-end|p2a: Flutter Mane|Protosynthesis|[silent]\n|\n|upkeep\n|\n|t:|1701181072\n|switch|p2a: Ursaluna|Ursaluna, L50, F|100\/100\n|turn|3\n|\n|t:|1701181087\n|move|p1a: Armarouge|Endure|p1a: Armarouge\n|-singleturn|p1a: Armarouge|move: Endure\n|move|p2a: Ursaluna|Protect|p2a: Ursaluna\n|-singleturn|p2a: Ursaluna|Protect\n|move|p2b: Cresselia|Trick Room|p2b: Cresselia\n|-fieldstart|move: Trick Room|[of] p2b: Cresselia\n|move|p1b: Indeedee|Trick Room|p1b: Indeedee\n|-fieldend|move: Trick Room\n|\n|-status|p2a: Ursaluna|brn|[from] item: Flame Orb\n|upkeep\n|turn|4\n|inactive|haamgamer07 has 30 seconds left.\n|inactive|haamgamer07 has 20 seconds left.\n|\n|t:|1701181123\n|switch|p1b: Gholdengo|Gholdengo, L50|100\/100\n|switch|p2a: Iron Hands|Iron Hands, L50|100\/100\n|move|p1a: Armarouge|Aura Sphere|p2a: Iron Hands\n|-damage|p2a: Iron Hands|77\/100\n|move|p2b: Cresselia|Trick Room|p2b: Cresselia\n|-fieldstart|move: Trick Room|[of] p2b: Cresselia\n|\n|upkeep\n|turn|5\n|inactive|haamgamer07 has 30 seconds left.\n|\n|t:|1701181150\n|switch|p2b: Ursaluna|Ursaluna, L50, F|100\/100 brn\n|move|p1a: Armarouge|Expanding Force|p2b: Ursaluna|[spread] p2a,p2b\n|-supereffective|p2a: Iron Hands\n|-damage|p2a: Iron Hands|0 fnt\n|-damage|p2b: Ursaluna|28\/100 brn\n|faint|p2a: Iron Hands\n|-end|p2a: Iron Hands|Quark Drive|[silent]\n|move|p1b: Gholdengo|Nasty Plot|p1b: Gholdengo\n|-boost|p1b: Gholdengo|spa|2\n|\n|-damage|p2b: Ursaluna|22\/100 brn|[from] brn\n|-fieldend|move: Psychic Terrain\n|upkeep\n|\n|t:|1701181163\n|switch|p2a: Cresselia|Cresselia, L50, F|69\/100\n|turn|6\n|\n|t:|1701181178\n|move|p1a: Armarouge|Endure|p1a: Armarouge\n|-singleturn|p1a: Armarouge|move: Endure\n|move|p2b: Ursaluna|Earthquake|p1a: Armarouge|[spread] p1a,p1b\n|-immune|p2a: Cresselia|[from] ability: Levitate\n|-supereffective|p1b: Gholdengo\n|-activate|p1a: Armarouge|move: Endure\n|-damage|p1a: Armarouge|1\/100\n|-damage|p1b: Gholdengo|0 fnt\n|-ability|p1a: Armarouge|Weak Armor|boost\n|-unboost|p1a: Armarouge|def|1\n|-boost|p1a: Armarouge|spe|2\n|faint|p1b: Gholdengo\n|move|p2a: Cresselia|Lunar Blessing|p2a: Cresselia|[spread] p2a,p2b\n|-heal|p2a: Cresselia|94\/100\n|-heal|p2b: Ursaluna|47\/100 brn\n|-curestatus|p2b: Ursaluna|brn|[msg]\n|\n|-status|p2b: Ursaluna|brn|[from] item: Flame Orb\n|upkeep\n|\n|t:|1701181201\n|switch|p1b: Indeedee|Indeedee-F, L50, F|34\/100\n|-fieldstart|move: Psychic Terrain|[from] ability: Psychic Surge|[of] p1b: Indeedee\n|turn|7\n|\n|t:|1701181224\n|move|p2b: Ursaluna|Earthquake|p1b: Indeedee|[spread] p1a,p1b\n|-immune|p2a: Cresselia|[from] ability: Levitate\n|-damage|p1a: Armarouge|0 fnt\n|-damage|p1b: Indeedee|0 fnt\n|faint|p1a: Armarouge\n|faint|p1b: Indeedee\n|move|p2a: Cresselia|Lunar Blessing|p2a: Cresselia|[spread] p2a,p2b\n|-heal|p2a: Cresselia|100\/100\n|-heal|p2b: Ursaluna|72\/100 brn\n|-curestatus|p2b: Ursaluna|brn|[msg]\n|\n|-status|p2b: Ursaluna|brn|[from] item: Flame Orb\n|upkeep\n|\n|t:|1701181242\n|switch|p1a: Basculegion|Basculegion, L50, M|100\/100\n|turn|8\n|inactive|0Katzu has 30 seconds left.\n|inactive|0Katzu has 20 seconds left.\n|inactive|0Katzu has 15 seconds left.\n|inactive|0Katzu has 10 seconds left.\n|inactive|0Katzu has 5 seconds left.\n|\n|t:|1701181297\n|move|p2b: Ursaluna|Headlong Rush|p1a: Basculegion\n|-damage|p1a: Basculegion|0 fnt\n|-unboost|p2b: Ursaluna|def|1\n|-unboost|p2b: Ursaluna|spd|1\n|faint|p1a: Basculegion\n|\n|win|haamgamer07\n|raw|0Katzu's rating: 1210 &rarr; <strong>1191<\/strong><br \/>(-19 for losing)\n|raw|haamgamer07's rating: 1289 &rarr; <strong>1308<\/strong><br \/>(+19 for winning)\n","uploadtime":1701181309,"views":1,"p1id":"0katzu","p2id":"haamgamer07","formatid":"gen9vgc2023regulatione","rating":1191,"private":0,"password":""}