{"id":"gen9vgc2023regulatione-1990005052","p1":"goomily","p2":"thebigmacky","format":"[Gen 9] VGC 2023 Regulation E","log":"|j|\u2606goomily\n|j|\u2606thebigmacky\n|t:|1699914562\n|gametype|doubles\n|player|p1|goomily|101|1301\n|player|p2|thebigmacky|cynthia-gen4|1392\n|teamsize|p1|6\n|teamsize|p2|6\n|gen|9\n|tier|[Gen 9] VGC 2023 Regulation E\n|rated|\n|rule|Species Clause: Limit one of each Pok\u00e9mon\n|rule|Item Clause: Limit one of each item\n|clearpoke\n|poke|p1|Kommo-o, L50, F|\n|poke|p1|Tyranitar, L50, F|\n|poke|p1|Rillaboom, L50, F|\n|poke|p1|Flutter Mane, L50|\n|poke|p1|Arcanine-Hisui, L50, F|\n|poke|p1|Iron Bundle, L50|\n|poke|p2|Tornadus, L50, M|\n|poke|p2|Urshifu-*, L50, F|\n|poke|p2|Rillaboom, L50, F|\n|poke|p2|Bisharp, L50, F|\n|poke|p2|Chien-Pao, L50|\n|poke|p2|Arcanine-Hisui, L50, F|\n|teampreview|4\n|inactive|Battle timer is ON: inactive players will automatically lose when time's up. (requested by goomily)\n|\n|t:|1699914592\n|start\n|switch|p1a: Kommo-o|Kommo-o, L50, F|100\/100\n|switch|p1b: Rillaboom|Rillaboom, L50, F|100\/100\n|switch|p2a: Tornadus|Tornadus, L50, M|100\/100\n|switch|p2b: Bisharp|Bisharp, L50, F|100\/100\n|-fieldstart|move: Grassy Terrain|[from] ability: Grassy Surge|[of] p1b: Rillaboom\n|turn|1\n|\n|t:|1699914617\n|move|p2b: Bisharp|Protect|p2b: Bisharp\n|-singleturn|p2b: Bisharp|Protect\n|move|p1b: Rillaboom|Fake Out|p2a: Tornadus\n|-damage|p2a: Tornadus|80\/100\n|move|p2a: Tornadus|Tailwind|p2a: Tornadus\n|-sidestart|p2: thebigmacky|move: Tailwind\n|move|p1a: Kommo-o|Iron Defense|p1a: Kommo-o\n|-boost|p1a: Kommo-o|def|2\n|\n|upkeep\n|turn|2\n|\n|t:|1699914634\n|-terastallize|p2b: Bisharp|Fairy\n|move|p2a: Tornadus|Bleakwind Storm|p1b: Rillaboom|[spread] p1a\n|-miss|p2a: Tornadus|p1b: Rillaboom\n|-supereffective|p1a: Kommo-o\n|-damage|p1a: Kommo-o|48\/100\n|move|p2b: Bisharp|Tera Blast|p1a: Kommo-o|[anim] Tera Blast Fairy\n|-supereffective|p1a: Kommo-o\n|-damage|p1a: Kommo-o|0 fnt\n|faint|p1a: Kommo-o\n|move|p1b: Rillaboom|Wood Hammer|p2a: Tornadus\n|-resisted|p2a: Tornadus\n|-damage|p2a: Tornadus|17\/100\n|-damage|p1b: Rillaboom|82\/100|[from] Recoil\n|\n|-heal|p1b: Rillaboom|88\/100|[from] Grassy Terrain\n|upkeep\n|\n|t:|1699914654\n|switch|p1a: Iron Bundle|Iron Bundle, L50|100\/100\n|-enditem|p1a: Iron Bundle|Booster Energy\n|-activate|p1a: Iron Bundle|ability: Quark Drive|[fromitem]\n|-start|p1a: Iron Bundle|quarkdrivespe\n|turn|3\n|\n|t:|1699914671\n|move|p2a: Tornadus|Bleakwind Storm|p1a: Iron Bundle|[spread] p1a,p1b\n|-supereffective|p1b: Rillaboom\n|-damage|p1a: Iron Bundle|36\/100\n|-damage|p1b: Rillaboom|18\/100\n|move|p1a: Iron Bundle|Icy Wind|p2b: Bisharp|[spread] p2a,p2b\n|-supereffective|p2a: Tornadus\n|-damage|p2a: Tornadus|0 fnt\n|-damage|p2b: Bisharp|82\/100\n|-unboost|p2b: Bisharp|spe|1\n|-ability|p2b: Bisharp|Defiant|boost\n|-boost|p2b: Bisharp|atk|2\n|faint|p2a: Tornadus\n|move|p2b: Bisharp|Iron Head|p1a: Iron Bundle\n|-damage|p1a: Iron Bundle|0 fnt\n|faint|p1a: Iron Bundle\n|-end|p1a: Iron Bundle|Quark Drive|[silent]\n|move|p1b: Rillaboom|Wood Hammer|p2b: Bisharp\n|-damage|p2b: Bisharp|14\/100\n|-damage|p1b: Rillaboom|0 fnt|[from] Recoil\n|faint|p1b: Rillaboom\n|\n|-heal|p2b: Bisharp|20\/100|[from] Grassy Terrain\n|upkeep\n|inactive|goomily has 30 seconds left.\n|\n|t:|1699914697\n|switch|p1a: Arcanine|Arcanine-Hisui, L50, F|100\/100\n|switch|p2a: Urshifu|Urshifu-Rapid-Strike, L50, F|100\/100\n|-ability|p1a: Arcanine|Intimidate|boost\n|-unboost|p2a: Urshifu|atk|1\n|-unboost|p2b: Bisharp|atk|1\n|-ability|p2b: Bisharp|Defiant|boost\n|-boost|p2b: Bisharp|atk|2\n|turn|4\n|\n|t:|1699914711\n|-terastallize|p1a: Arcanine|Water\n|move|p2a: Urshifu|Surging Strikes|p1a: Arcanine\n|-resisted|p1a: Arcanine\n|-crit|p1a: Arcanine\n|-damage|p1a: Arcanine|88\/100\n|-resisted|p1a: Arcanine\n|-crit|p1a: Arcanine\n|-damage|p1a: Arcanine|76\/100\n|-resisted|p1a: Arcanine\n|-crit|p1a: Arcanine\n|-damage|p1a: Arcanine|64\/100\n|-hitcount|p1a: Arcanine|3\n|move|p1a: Arcanine|Rock Slide|p2a: Urshifu|[spread] p2a,p2b\n|-resisted|p2a: Urshifu\n|-damage|p2a: Urshifu|89\/100\n|-damage|p2b: Bisharp|6\/100\n|move|p2b: Bisharp|Iron Head|p1a: Arcanine\n|-resisted|p1a: Arcanine\n|-damage|p1a: Arcanine|8\/100\n|-enditem|p1a: Arcanine|Sitrus Berry|[eat]\n|-heal|p1a: Arcanine|33\/100|[from] item: Sitrus Berry\n|\n|-heal|p2a: Urshifu|95\/100|[from] Grassy Terrain\n|-heal|p1a: Arcanine|39\/100|[from] Grassy Terrain\n|-heal|p2b: Bisharp|12\/100|[from] Grassy Terrain\n|-sideend|p2: thebigmacky|move: Tailwind\n|upkeep\n|turn|5\n|-message|goomily forfeited.\n|\n|win|thebigmacky\n|raw|goomily's rating: 1301 &rarr; <strong>1286<\/strong><br \/>(-15 for losing)\n|raw|thebigmacky's rating: 1392 &rarr; <strong>1407<\/strong><br \/>(+15 for winning)\n|l|\u2606goomily\n","uploadtime":1699914740,"views":20,"p1id":"goomily","p2id":"thebigmacky","formatid":"gen9vgc2023regulatione","rating":1286,"private":0,"password":""}