{"id":"gen9vgc2023regulatione-1988626669","p1":"Steakman5","p2":"xomni","format":"[Gen 9] VGC 2023 Regulation E","log":"|j|\u2606Steakman5\n|j|\u2606xomni\n|t:|1699743521\n|gametype|doubles\n|player|p1|Steakman5|acetrainer|1185\n|player|p2|xomni|101|1253\n|teamsize|p1|6\n|teamsize|p2|6\n|gen|9\n|tier|[Gen 9] VGC 2023 Regulation E\n|rated|\n|rule|Species Clause: Limit one of each Pok\u00e9mon\n|rule|Item Clause: Limit one of each item\n|clearpoke\n|poke|p1|Tornadus, L50, M|\n|poke|p1|Moltres, L50|\n|poke|p1|Ogerpon-Wellspring, L50, F|\n|poke|p1|Sinistcha, L50|\n|poke|p1|Flutter Mane, L50|\n|poke|p1|Basculegion, L50, M|\n|poke|p2|Tornadus, L50, M|\n|poke|p2|Flutter Mane, L50|\n|poke|p2|Urshifu-*, L50, M|\n|poke|p2|Heatran, L50, M|\n|poke|p2|Farigiraf, L50, F|\n|poke|p2|Regidrago, L50|\n|teampreview|4\nxomni has agreed to open team sheets.\n|\n|t:|1699743613\n|start\n|switch|p1a: Tornadus|Tornadus, L50, M|100\/100\n|switch|p1b: Flutter Mane|Flutter Mane, L50|100\/100\n|switch|p2a: Tornadus|Tornadus, L50, M|100\/100\n|switch|p2b: Urshifu|Urshifu, L50, M|100\/100\n|-enditem|p1b: Flutter Mane|Booster Energy\n|-activate|p1b: Flutter Mane|ability: Protosynthesis|[fromitem]\n|-start|p1b: Flutter Mane|protosynthesisspe\n|turn|1\n|inactive|Battle timer is ON: inactive players will automatically lose when time's up. (requested by Steakman5)\n|\n|t:|1699743665\n|-terastallize|p2b: Urshifu|Poison\n|move|p1a: Tornadus|Tailwind|p1a: Tornadus\n|-sidestart|p1: Steakman5|move: Tailwind\n|move|p1b: Flutter Mane|Dazzling Gleam|p2b: Urshifu|[spread] p2a,p2b\n|-resisted|p2b: Urshifu\n|-damage|p2a: Tornadus|64\/100\n|-damage|p2b: Urshifu|77\/100\n|move|p2b: Urshifu|U-turn|p1b: Flutter Mane\n|-resisted|p1b: Flutter Mane\n|-damage|p1b: Flutter Mane|88\/100\n|\n|t:|1699743674\n|switch|p2b: Heatran|Heatran, L50, M|100\/100|[from] U-turn\n|move|p2a: Tornadus|Bleakwind Storm|p1a: Tornadus|[spread] p1a,p1b\n|-damage|p1a: Tornadus|73\/100\n|-damage|p1b: Flutter Mane|54\/100\n|-unboost|p1b: Flutter Mane|spe|1\n|\n|upkeep\n|turn|2\n|\n|t:|1699743694\n|-end|p1b: Flutter Mane|Protosynthesis|[silent]\n|switch|p1b: Moltres|Moltres, L50|100\/100\n|-ability|p1b: Moltres|Pressure\n|move|p1a: Tornadus|Rain Dance|p1a: Tornadus\n|-weather|RainDance\n|move|p2a: Tornadus|Tailwind|p2a: Tornadus\n|-sidestart|p2: xomni|move: Tailwind\n|move|p2b: Heatran|Heat Wave|p1b: Moltres|[spread] p1a,p1b\n|-resisted|p1b: Moltres\n|-damage|p1a: Tornadus|56\/100\n|-damage|p1b: Moltres|87\/100\n|\n|-weather|RainDance|[upkeep]\n|upkeep\n|turn|3\n|\n|t:|1699743716\n|-terastallize|p1b: Moltres|Water\n|move|p2a: Tornadus|Sunny Day|p2a: Tornadus\n|-weather|SunnyDay\n|move|p1b: Moltres|Tera Blast|p2b: Heatran|[anim] Tera Blast Water\n|-supereffective|p2b: Heatran\n|-damage|p2b: Heatran|79\/100\n|move|p1a: Tornadus|Bleakwind Storm|p2a: Tornadus|[spread] p2a\n|-miss|p1a: Tornadus|p2b: Heatran\n|-damage|p2a: Tornadus|24\/100\n|move|p2b: Heatran|Heat Wave|p1b: Moltres|[spread] p1a,p1b\n|-resisted|p1b: Moltres\n|-damage|p1a: Tornadus|4\/100\n|-damage|p1b: Moltres|50\/100\n|-enditem|p1b: Moltres|Sitrus Berry|[eat]\n|-heal|p1b: Moltres|74\/100|[from] item: Sitrus Berry\n|\n|-weather|SunnyDay|[upkeep]\n|upkeep\n|turn|4\n|\n|t:|1699743737\n|move|p2a: Tornadus|Sunny Day||[still]\n|-fail|p2a: Tornadus\n|move|p1a: Tornadus|Rain Dance|p1a: Tornadus\n|-weather|RainDance\n|move|p1b: Moltres|Tera Blast|p2b: Heatran|[anim] Tera Blast Water\n|-supereffective|p2b: Heatran\n|-damage|p2b: Heatran|7\/100\n|move|p2b: Heatran|Heat Wave|p1a: Tornadus|[spread] p1b\n|-miss|p2b: Heatran|p1a: Tornadus\n|-resisted|p1b: Moltres\n|-damage|p1b: Moltres|61\/100\n|\n|-weather|RainDance|[upkeep]\n|-sideend|p1: Steakman5|move: Tailwind\n|upkeep\n|turn|5\n|inactive|Steakman5 has 30 seconds left.\n|inactive|xomni has 30 seconds left.\n|inactive|xomni has 20 seconds left.\n|\n|t:|1699743775\n|switch|p2b: Urshifu|Urshifu, L50, M, tera:Poison|77\/100\n|move|p1a: Tornadus|Tailwind|p1a: Tornadus\n|-sidestart|p1: Steakman5|move: Tailwind\n|move|p1b: Moltres|Tera Blast|p2b: Urshifu|[anim] Tera Blast Water\n|-damage|p2b: Urshifu|0 fnt\n|faint|p2b: Urshifu\n|move|p2a: Tornadus|Bleakwind Storm|p1a: Tornadus|[spread] p1a,p1b\n|-damage|p1a: Tornadus|0 fnt\n|-damage|p1b: Moltres|17\/100\n|faint|p1a: Tornadus\n|\n|-weather|RainDance|[upkeep]\n|-sideend|p2: xomni|move: Tailwind\n|upkeep\n|\n|t:|1699743796\n|switch|p2b: Regidrago|Regidrago, L50|100\/100\n|switch|p1a: Ogerpon|Ogerpon-Wellspring, L50, F|100\/100\n|turn|6\n|inactive|xomni has 30 seconds left.\n|inactive|xomni has 20 seconds left.\n|\n|t:|1699743833\n|move|p2a: Tornadus|Tailwind|p2a: Tornadus\n|-sidestart|p2: xomni|move: Tailwind\n|move|p1a: Ogerpon|Ivy Cudgel|p2a: Tornadus\n|-crit|p2a: Tornadus\n|-damage|p2a: Tornadus|0 fnt\n|faint|p2a: Tornadus\n|move|p1b: Moltres|Hurricane|p2b: Regidrago\n|-damage|p2b: Regidrago|40\/100\n|move|p2b: Regidrago|Draco Meteor|p1a: Ogerpon\n|-damage|p1a: Ogerpon|0 fnt\n|-unboost|p2b: Regidrago|spa|2\n|faint|p1a: Ogerpon\n|\n|-weather|RainDance|[upkeep]\n|upkeep\n|\n|t:|1699743846\n|switch|p1a: Flutter Mane|Flutter Mane, L50|54\/100\n|switch|p2a: Heatran|Heatran, L50, M|7\/100\n|turn|7\n|\n|t:|1699743859\n|move|p1a: Flutter Mane|Dazzling Gleam|p2b: Regidrago|[spread] p2a,p2b\n|-resisted|p2a: Heatran\n|-supereffective|p2b: Regidrago\n|-damage|p2a: Heatran|3\/100\n|-damage|p2b: Regidrago|0 fnt\n|faint|p2b: Regidrago\n|move|p1b: Moltres|Tera Blast|p2a: Heatran|[anim] Tera Blast Water\n|-supereffective|p2a: Heatran\n|-crit|p2a: Heatran\n|-damage|p2a: Heatran|0 fnt\n|faint|p2a: Heatran\n|\n|win|Steakman5\n|raw|Steakman5's rating: 1185 &rarr; <strong>1215<\/strong><br \/>(+30 for winning)\n|raw|xomni's rating: 1253 &rarr; <strong>1223<\/strong><br \/>(-30 for losing)\n|l|\u2606xomni\n","uploadtime":1699743871,"views":11,"p1id":"steakman5","p2id":"xomni","formatid":"gen9vgc2023regulatione","rating":1215,"private":0,"password":""}