{"id":"gen9vgc2023regulatione-1996665542","p1":"SethLeander","p2":"iStockphoto","format":"[Gen 9] VGC 2023 Regulation E","log":"|j|\u2606SethLeander\n|j|\u2606iStockphoto\n|t:|1700707040\n|gametype|doubles\n|player|p1|SethLeander|burglar|1127\n|player|p2|iStockphoto|2|1242\n|teamsize|p1|6\n|teamsize|p2|6\n|gen|9\n|tier|[Gen 9] VGC 2023 Regulation E\n|rated|\n|rule|Species Clause: Limit one of each Pok\u00e9mon\n|rule|Item Clause: Limit one of each item\n|clearpoke\n|poke|p1|Tornadus, L50, M|\n|poke|p1|Arcanine-Hisui, L50, F|\n|poke|p1|Urshifu-*, L50, F|\n|poke|p1|Gholdengo, L50|\n|poke|p1|Rillaboom, L50, F|\n|poke|p1|Regieleki, L50|\n|poke|p2|Roaring Moon, L50|\n|poke|p2|Chien-Pao, L50|\n|poke|p2|Rillaboom, L50, F|\n|poke|p2|Meowscarada, L50, M|\n|poke|p2|Heatran, L50, F|\n|poke|p2|Flutter Mane, L50|\n|teampreview|4\niStockphoto has agreed to open team sheets.\nSethLeander has agreed to open team sheets.\n|inactive|Battle timer is ON: inactive players will automatically lose when time's up. (requested by iStockphoto)\n|inactive|SethLeander has 60 seconds left.\n|\n|t:|1700707118\n|start\n|switch|p1a: Lakitu|Tornadus, L50, M, shiny|100\/100\n|switch|p1b: Dog|Arcanine-Hisui, L50, F, shiny|100\/100\n|switch|p2a: Monkey Wrench|Rillaboom, L50, F|100\/100\n|switch|p2b: Learn To Fly|Roaring Moon, L50|100\/100\n|-fieldstart|move: Grassy Terrain|[from] ability: Grassy Surge|[of] p2a: Monkey Wrench\n|-ability|p1b: Dog|Intimidate|boost\n|-unboost|p2a: Monkey Wrench|atk|1\n|-unboost|p2b: Learn To Fly|atk|1\n|-enditem|p2b: Learn To Fly|Booster Energy\n|-activate|p2b: Learn To Fly|ability: Protosynthesis|[fromitem]\n|-start|p2b: Learn To Fly|protosynthesisspe\n|turn|1\n|inactive|SethLeander has 30 seconds left.\n|\n|t:|1700707149\n|-terastallize|p1a: Lakitu|Ghost\n|move|p2a: Monkey Wrench|Fake Out|p1b: Dog\n|-resisted|p1b: Dog\n|-damage|p1b: Dog|95\/100\n|move|p1a: Lakitu|Taunt|p2b: Learn To Fly\n|-hint|Since gen 7, Dark is immune to Prankster moves.\n|-immune|p2b: Learn To Fly\n|move|p2b: Learn To Fly|Tailwind|p2b: Learn To Fly\n|-sidestart|p2: iStockphoto|move: Tailwind\n|cant|p1b: Dog|flinch\n|\n|-heal|p1b: Dog|100\/100|[from] Grassy Terrain\n|upkeep\n|turn|2\n|\n|t:|1700707170\n|move|p1a: Lakitu|Tailwind|p1a: Lakitu\n|-sidestart|p1: SethLeander|move: Tailwind\n|move|p2b: Learn To Fly|Knock Off|p1a: Lakitu\n|-supereffective|p1a: Lakitu\n|-damage|p1a: Lakitu|13\/100\n|-enditem|p1a: Lakitu|Covert Cloak|[from] move: Knock Off|[of] p2b: Learn To Fly\n|move|p2a: Monkey Wrench|U-turn|p1b: Dog\n|-resisted|p1b: Dog\n|-damage|p1b: Dog|92\/100\n|\n|t:|1700707183\n|switch|p2a: All My Life|Chien-Pao, L50|100\/100|[from] U-turn\n|-ability|p2a: All My Life|Sword of Ruin\n|move|p1b: Dog|Flare Blitz|p2a: All My Life\n|-supereffective|p2a: All My Life\n|-enditem|p2a: All My Life|Focus Sash\n|-damage|p2a: All My Life|1\/100\n|-damage|p1b: Dog|63\/100|[from] Recoil\n|\n|-heal|p2a: All My Life|7\/100|[from] Grassy Terrain\n|-heal|p1b: Dog|69\/100|[from] Grassy Terrain\n|-heal|p1a: Lakitu|19\/100|[from] Grassy Terrain\n|upkeep\n|turn|3\n|inactive|SethLeander has 30 seconds left.\n|inactive|SethLeander has 20 seconds left.\n|inactive|SethLeander has 15 seconds left.\n|inactive|SethLeander has 10 seconds left.\n|inactive|SethLeander has 5 seconds left.\n|\n|t:|1700707238\n|move|p2a: All My Life|Protect|p2a: All My Life\n|-singleturn|p2a: All My Life|Protect\n|move|p1a: Lakitu|Tailwind||[still]\n|-fail|p1a: Lakitu\n|move|p2b: Learn To Fly|Breaking Swipe|p1a: Lakitu|[spread] p1a,p1b\n|-damage|p1a: Lakitu|0 fnt\n|-damage|p1b: Dog|42\/100\n|-unboost|p1b: Dog|atk|1\n|faint|p1a: Lakitu\n|move|p1b: Dog|Flare Blitz|p2a: All My Life\n|-activate|p2a: All My Life|move: Protect\n|\n|-heal|p2a: All My Life|13\/100|[from] Grassy Terrain\n|-heal|p1b: Dog|49\/100|[from] Grassy Terrain\n|upkeep\n|\n|t:|1700707248\n|switch|p1a: Boing|Regieleki, L50, shiny|100\/100\n|turn|4\n|\n|t:|1700707267\n|move|p2a: All My Life|Sucker Punch|p1b: Dog\n|-damage|p1b: Dog|0 fnt\n|faint|p1b: Dog\n|move|p2b: Learn To Fly|Knock Off|p1a: Boing\n|-damage|p1a: Boing|10\/100\n|-enditem|p1a: Boing|Magnet|[from] move: Knock Off|[of] p2b: Learn To Fly\n|move|p1a: Boing|Electroweb|p2a: All My Life|[spread] p2a\n|-miss|p1a: Boing|p2b: Learn To Fly\n|-damage|p2a: All My Life|0 fnt\n|faint|p2a: All My Life\n|\n|-heal|p1a: Boing|15\/100|[from] Grassy Terrain\n|-sideend|p2: iStockphoto|move: Tailwind\n|upkeep\n|c|\u2606iStockphoto|sorry about the hax\n|\n|t:|1700707285\n|switch|p2a: Monkey Wrench|Rillaboom, L50, F|100\/100\n|switch|p1b: Cheese|Gholdengo, L50|100\/100\n|turn|5\n|inactive|SethLeander has 30 seconds left.\n|\n|t:|1700707311\n|move|p1a: Boing|Protect|p1a: Boing\n|-singleturn|p1a: Boing|Protect\n|move|p1b: Cheese|Protect|p1b: Cheese\n|-singleturn|p1b: Cheese|Protect\n|move|p2a: Monkey Wrench|Fake Out|p1a: Boing\n|-activate|p1a: Boing|move: Protect\n|move|p2b: Learn To Fly|Knock Off|p1b: Cheese\n|-activate|p1b: Cheese|move: Protect\n|\n|-heal|p1a: Boing|21\/100|[from] Grassy Terrain\n|-sideend|p1: SethLeander|move: Tailwind\n|-fieldend|move: Grassy Terrain\n|upkeep\n|turn|6\n|inactive|iStockphoto has 30 seconds left.\n|\n|t:|1700707342\n|move|p2b: Learn To Fly|Knock Off|p1b: Cheese\n|-supereffective|p1b: Cheese\n|-damage|p1b: Cheese|38\/100\n|-enditem|p1b: Cheese|Leftovers|[from] move: Knock Off|[of] p2b: Learn To Fly\n|move|p1a: Boing|Thunderbolt|p2b: Learn To Fly\n|-resisted|p2b: Learn To Fly\n|-damage|p2b: Learn To Fly|76\/100\n|move|p2a: Monkey Wrench|U-turn|p1a: Boing\n|-damage|p1a: Boing|0 fnt\n|faint|p1a: Boing\n|\n|t:|1700707351\n|switch|p2a: The Pretender|Meowscarada, L50, M|100\/100|[from] U-turn\n|move|p1b: Cheese|Make It Rain|p2b: Learn To Fly|[spread] p2a,p2b\n|-damage|p2a: The Pretender|19\/100\n|-damage|p2b: Learn To Fly|34\/100\n|-unboost|p1b: Cheese|spa|1\n|\n|upkeep\n|turn|7\n|\n|t:|1700707367\n|move|p2b: Learn To Fly|Knock Off|p1b: Cheese\n|-supereffective|p1b: Cheese\n|-damage|p1b: Cheese|0 fnt\n|faint|p1b: Cheese\n|\n|win|iStockphoto\n|raw|SethLeander's rating: 1127 &rarr; <strong>1110<\/strong><br \/>(-17 for losing)\n|raw|iStockphoto's rating: 1242 &rarr; <strong>1259<\/strong><br \/>(+17 for winning)\n|c|\u2606iStockphoto|gg!\n|c|\u2606SethLeander|gg\n","uploadtime":1700707382,"views":9,"p1id":"sethleander","p2id":"istockphoto","formatid":"gen9vgc2023regulatione","rating":1110,"private":0,"password":""}