{"id":"gen9vgc2023regulatione-1989040664","p1":"rrhizler","p2":"PenglinHeHe","format":"[Gen 9] VGC 2023 Regulation E","log":"|j|\u2606rrhizler\n|j|\u2606PenglinHeHe\n|n|\u2606rrhizler|rrhizler\n|n|\u2606PenglinHeHe|penglinhehe\n|html|View the match progress at <a href=\"\/game-bestof3-gen9vgc2023regulatione-1989036789\">game-bestof3-gen9vgc2023regulatione-1989036789<\/a>\n|t:|1699805496\n|gametype|doubles\n|player|p1|rrhizler|102|\n|player|p2|PenglinHeHe|lady|\n|teamsize|p1|6\n|teamsize|p2|6\n|gen|9\n|tier|[Gen 9] VGC 2023 Regulation E\n|rule|Species Clause: Limit one of each Pok\u00e9mon\n|rule|Item Clause: Limit one of each item\n|clearpoke\n|poke|p1|Gholdengo, L50|\n|poke|p1|Iron Hands, L50|\n|poke|p1|Amoonguss, L50, F|\n|poke|p1|Scream Tail, L50|\n|poke|p1|Pelipper, L50, M|\n|poke|p1|Salamence, L50, M|\n|poke|p2|Indeedee-F, L50, F|\n|poke|p2|Sylveon, L50, F|\n|poke|p2|Armarouge, L50, F|\n|poke|p2|Murkrow, L50, F|\n|poke|p2|Urshifu-*, L50, F|\n|poke|p2|Chi-Yu, L50|\n|teampreview|4\n|inactive|Battle timer is ON: inactive players will automatically lose when time's up. (requested by PenglinHeHe)\nPenglinHeHe has agreed to open team sheets.\nrrhizler has agreed to open team sheets.\n|showteam|p1|Gholdengo||Leftovers|GoodasGold|MakeItRain,NastyPlot,ShadowBall,Protect||||||50|,,,,,Dragon]Iron Hands||AssaultVest|QuarkDrive|FakeOut,HeavySlam,WildCharge,DrainPunch||||||50|,,,,,Water]Amoonguss||SitrusBerry|Regenerator|Spore,RagePowder,PollenPuff,Protect|||F|||50|,,,,,Water]Scream Tail||BoosterEnergy|Protosynthesis|Disable,Encore,Protect,PsychicFangs||||||50|,,,,,Water]Pelipper||FocusSash|Drizzle|Hurricane,WeatherBall,Protect,WideGuard|||M|||50|,,,,,Flying]Salamence||ChoiceScarf|Intimidate|Hurricane,DracoMeteor,Tailwind,AirSlash|||M|||50|,,,,,Flying\n|showteam|p2|Indeedee-F||SafetyGoggles|PsychicSurge|FollowMe,HealPulse,Psychic,TrickRoom|||F|||50|,,,,,Dragon]Sylveon||SitrusBerry|Pixilate|ShadowBall,HyperVoice,CalmMind,Detect|||F|||50|,,,,,Ghost]Armarouge||LifeOrb|FlashFire|HeatWave,ExpandingForce,TeraBlast,Protect|||F|||50|,,,,,Fairy]Murkrow||FocusSash|Prankster|Tailwind,Flatter,RainDance,Snarl|||F|||50|,,,,,Ghost]Urshifu-Rapid-Strike||ChoiceScarf|UnseenFist|SurgingStrikes,DrainPunch,PoisonJab,Uturn|||F|||50|,,,,,Poison]Chi-Yu||MirrorHerb|BeadsofRuin|TeraBlast,BurningJealousy,DarkPulse,Protect||||||50|,,,,,Water\n|inactive|rrhizler has 30 seconds left.\n|inactive|rrhizler has 20 seconds left.\n|inactive|rrhizler has 15 seconds left.\n|inactive|rrhizler has 10 seconds left.\n|inactive|rrhizler has 5 seconds left.\n|\n|t:|1699805559\n|start\n|switch|p1a: Gholdengo|Gholdengo, L50|100\/100\n|switch|p1b: Iron Hands|Iron Hands, L50|100\/100\n|switch|p2a: Indeedee|Indeedee-F, L50, F, shiny|100\/100\n|switch|p2b: Sylveon|Sylveon, L50, F|100\/100\n|-fieldstart|move: Psychic Terrain|[from] ability: Psychic Surge|[of] p2a: Indeedee\n|turn|1\n|\n|t:|1699805578\n|switch|p1a: Amoonguss|Amoonguss, L50, F|100\/100\n|-terastallize|p2b: Sylveon|Ghost\n|move|p2a: Indeedee|Psychic|p1b: Iron Hands\n|-supereffective|p1b: Iron Hands\n|-damage|p1b: Iron Hands|56\/100\n|move|p2b: Sylveon|Calm Mind|p2b: Sylveon\n|-boost|p2b: Sylveon|spa|1\n|-boost|p2b: Sylveon|spd|1\n|move|p1b: Iron Hands|Heavy Slam|p2b: Sylveon\n|-damage|p2b: Sylveon|48\/100\n|-enditem|p2b: Sylveon|Sitrus Berry|[eat]\n|-heal|p2b: Sylveon|73\/100|[from] item: Sitrus Berry\n|\n|upkeep\n|turn|2\n|\n|t:|1699805602\n|-end|p1b: Iron Hands|Quark Drive|[silent]\n|switch|p1b: Scream Tail|Scream Tail, L50|100\/100\n|-enditem|p1b: Scream Tail|Booster Energy\n|-activate|p1b: Scream Tail|ability: Protosynthesis|[fromitem]\n|-start|p1b: Scream Tail|protosynthesisspe\n|-terastallize|p1a: Amoonguss|Water\n|move|p2a: Indeedee|Follow Me|p2a: Indeedee\n|-singleturn|p2a: Indeedee|move: Follow Me\n|move|p2b: Sylveon|Calm Mind|p2b: Sylveon\n|-boost|p2b: Sylveon|spa|1\n|-boost|p2b: Sylveon|spd|1\n|move|p1a: Amoonguss|Spore|p2a: Indeedee\n|-activate|p2a: Indeedee|item: Safety Goggles|Spore\n|\n|upkeep\n|turn|3\n|inactive|rrhizler has 30 seconds left.\n|inactive|PenglinHeHe has 30 seconds left.\n|inactive|rrhizler has 20 seconds left.\n|\n|t:|1699805639\n|move|p2a: Indeedee|Follow Me|p2a: Indeedee\n|-singleturn|p2a: Indeedee|move: Follow Me\n|move|p1a: Amoonguss|Rage Powder|p1a: Amoonguss\n|-singleturn|p1a: Amoonguss|move: Rage Powder\n|move|p1b: Scream Tail|Disable|p2a: Indeedee\n|-start|p2a: Indeedee|Disable|Follow Me\n|move|p2b: Sylveon|Shadow Ball|p1a: Amoonguss\n|-damage|p1a: Amoonguss|36\/100\n|-enditem|p1a: Amoonguss|Sitrus Berry|[eat]\n|-heal|p1a: Amoonguss|61\/100|[from] item: Sitrus Berry\n|\n|upkeep\n|turn|4\n|\n|t:|1699805657\n|switch|p1a: Gholdengo|Gholdengo, L50|100\/100\n|move|p2b: Sylveon|Detect|p2b: Sylveon\n|-singleturn|p2b: Sylveon|Protect\n|move|p1b: Scream Tail|Disable|p2b: Sylveon\n|-activate|p2b: Sylveon|move: Protect\n|move|p2a: Indeedee|Trick Room|p2a: Indeedee\n|-fieldstart|move: Trick Room|[of] p2a: Indeedee\n|\n|upkeep\n|turn|5\n|\n|t:|1699805677\n|move|p1a: Gholdengo|Protect|p1a: Gholdengo\n|-singleturn|p1a: Gholdengo|Protect\n|move|p2b: Sylveon|Shadow Ball|p1b: Scream Tail\n|-supereffective|p1b: Scream Tail\n|-damage|p1b: Scream Tail|0 fnt\n|faint|p1b: Scream Tail\n|-end|p1b: Scream Tail|Protosynthesis|[silent]\n|move|p2a: Indeedee|Heal Pulse|p2b: Sylveon\n|-heal|p2b: Sylveon|100\/100\n|\n|-fieldend|move: Psychic Terrain\n|upkeep\n|\n|t:|1699805688\n|switch|p1b: Amoonguss|Amoonguss, L50, F, tera:Water|94\/100\n|turn|6\n|\n|t:|1699805703\n|move|p2b: Sylveon|Detect|p2b: Sylveon\n|-singleturn|p2b: Sylveon|Protect\n|move|p1b: Amoonguss|Spore|p2b: Sylveon\n|-activate|p2b: Sylveon|move: Protect\n|move|p2a: Indeedee|Psychic|p1a: Gholdengo\n|-resisted|p1a: Gholdengo\n|-damage|p1a: Gholdengo|82\/100\n|move|p1a: Gholdengo|Nasty Plot|p1a: Gholdengo\n|-boost|p1a: Gholdengo|spa|2\n|\n|-heal|p1a: Gholdengo|88\/100|[from] item: Leftovers\n|upkeep\n|turn|7\n|inactive|PenglinHeHe has 30 seconds left.\n|inactive|PenglinHeHe has 20 seconds left.\n|inactive|PenglinHeHe has 15 seconds left.\n|\n|t:|1699805744\n|switch|p2b: Murkrow|Murkrow, L50, F, shiny|100\/100\n|move|p1b: Amoonguss|Spore|p2b: Murkrow\n|-status|p2b: Murkrow|slp|[from] move: Spore\n|move|p1a: Gholdengo|Shadow Ball|p2b: Murkrow\n|-resisted|p2b: Murkrow\n|-damage|p2b: Murkrow|8\/100 slp\n|move|p2a: Indeedee|Trick Room|p2a: Indeedee\n|-fieldend|move: Trick Room\n|\n|-heal|p1a: Gholdengo|94\/100|[from] item: Leftovers\n|-end|p2a: Indeedee|Disable\n|upkeep\n|turn|8\n|\n|t:|1699805764\n|cant|p2b: Murkrow|slp\n|move|p1a: Gholdengo|Nasty Plot|p1a: Gholdengo\n|-boost|p1a: Gholdengo|spa|2\n|move|p2a: Indeedee|Heal Pulse|p2b: Murkrow\n|-heal|p2b: Murkrow|58\/100 slp\n|move|p1b: Amoonguss|Spore|p2a: Indeedee\n|-activate|p2a: Indeedee|item: Safety Goggles|Spore\n|\n|-heal|p1a: Gholdengo|100\/100|[from] item: Leftovers\n|upkeep\n|turn|9\n|\n|t:|1699805786\n|switch|p1b: Iron Hands|Iron Hands, L50|56\/100\n|-curestatus|p2b: Murkrow|slp|[msg]\n|move|p2b: Murkrow|Snarl|p1b: Iron Hands|[spread] p1a,p1b\n|-supereffective|p1a: Gholdengo\n|-crit|p1a: Gholdengo\n|-resisted|p1b: Iron Hands\n|-damage|p1a: Gholdengo|63\/100\n|-damage|p1b: Iron Hands|52\/100\n|-unboost|p1a: Gholdengo|spa|1\n|-unboost|p1b: Iron Hands|spa|1\n|move|p1a: Gholdengo|Make It Rain|p2a: Indeedee|[spread] p2a,p2b\n|-damage|p2a: Indeedee|0 fnt\n|-damage|p2b: Murkrow|0 fnt\n|-unboost|p1a: Gholdengo|spa|1\n|faint|p2a: Indeedee\n|faint|p2b: Murkrow\n|\n|-heal|p1a: Gholdengo|69\/100|[from] item: Leftovers\n|upkeep\n|\n|t:|1699805798\n|switch|p2b: Sylveon|Sylveon, L50, F, tera:Ghost|100\/100\n|switch|p2a: Chi-Yu|Chi-Yu, L50|100\/100\n|-ability|p2a: Chi-Yu|Beads of Ruin\n|turn|10\n|inactive|rrhizler has 30 seconds left.\n|\n|t:|1699805832\n|move|p2a: Chi-Yu|Protect|p2a: Chi-Yu\n|-singleturn|p2a: Chi-Yu|Protect\n|move|p2b: Sylveon|Detect|p2b: Sylveon\n|-singleturn|p2b: Sylveon|Protect\n|move|p1b: Iron Hands|Fake Out|p2a: Chi-Yu\n|-activate|p2a: Chi-Yu|move: Protect\n|move|p1a: Gholdengo|Shadow Ball|p2b: Sylveon\n|-activate|p2b: Sylveon|move: Protect\n|\n|-heal|p1a: Gholdengo|75\/100|[from] item: Leftovers\n|upkeep\n|turn|11\n|inactive|rrhizler has 30 seconds left.\n|inactive|rrhizler has 20 seconds left.\n|\n|t:|1699805872\n|-end|p1b: Iron Hands|Quark Drive|[silent]\n|switch|p1b: Amoonguss|Amoonguss, L50, F, tera:Water|100\/100\n|move|p1a: Gholdengo|Protect|p1a: Gholdengo\n|-singleturn|p1a: Gholdengo|Protect\n|move|p2a: Chi-Yu|Burning Jealousy|p1b: Amoonguss|[spread] p1b\n|-activate|p1a: Gholdengo|move: Protect\n|-resisted|p1b: Amoonguss\n|-damage|p1b: Amoonguss|84\/100\n|move|p2b: Sylveon|Hyper Voice|p1a: Gholdengo|[spread] p1b\n|-activate|p1a: Gholdengo|move: Protect\n|-damage|p1b: Amoonguss|36\/100\n|\n|-heal|p1a: Gholdengo|81\/100|[from] item: Leftovers\n|upkeep\n|turn|12\n|inactive|rrhizler has 30 seconds left.\n|inactive|rrhizler has 20 seconds left.\n|inactive|rrhizler has 15 seconds left.\n|inactive|rrhizler has 10 seconds left.\n|\n|t:|1699805917\n|move|p1b: Amoonguss|Rage Powder|p1b: Amoonguss\n|-singleturn|p1b: Amoonguss|move: Rage Powder\n|move|p2a: Chi-Yu|Dark Pulse|p1b: Amoonguss\n|-damage|p1b: Amoonguss|0 fnt\n|faint|p1b: Amoonguss\n|move|p1a: Gholdengo|Shadow Ball|p2b: Sylveon\n|-supereffective|p2b: Sylveon\n|-damage|p2b: Sylveon|0 fnt\n|faint|p2b: Sylveon\n|\n|-heal|p1a: Gholdengo|87\/100|[from] item: Leftovers\n|upkeep\n|\n|t:|1699805930\n|switch|p1b: Iron Hands|Iron Hands, L50|52\/100\n|turn|13\n|\n|t:|1699805937\n|move|p2a: Chi-Yu|Protect|p2a: Chi-Yu\n|-singleturn|p2a: Chi-Yu|Protect\n|move|p1b: Iron Hands|Fake Out|p2a: Chi-Yu\n|-activate|p2a: Chi-Yu|move: Protect\n|move|p1a: Gholdengo|Nasty Plot|p1a: Gholdengo\n|-boost|p1a: Gholdengo|spa|2\n|-enditem|p2a: Chi-Yu|Mirror Herb\n|-boost|p2a: Chi-Yu|spa|2|[from] item: Mirror Herb\n|\n|-heal|p1a: Gholdengo|93\/100|[from] item: Leftovers\n|upkeep\n|turn|14\n|c|\u2606PenglinHeHe|ggs\n|c|\u2606PenglinHeHe|i thought u were gonna switch lmao\n|c|\u2606PenglinHeHe|OH\n|c|\u2606PenglinHeHe|LMAO\n|\n|t:|1699805957\n|move|p2a: Chi-Yu|Burning Jealousy|p1a: Gholdengo|[spread] p1a,p1b\n|-supereffective|p1a: Gholdengo\n|-damage|p1a: Gholdengo|0 fnt\n|-damage|p1b: Iron Hands|9\/100\n|faint|p1a: Gholdengo\n|move|p1b: Iron Hands|Drain Punch|p2a: Chi-Yu\n|-supereffective|p2a: Chi-Yu\n|-damage|p2a: Chi-Yu|0 fnt\n|-heal|p1b: Iron Hands|36\/100|[from] drain|[of] p2a: Chi-Yu\n|faint|p2a: Chi-Yu\n|\n|win|rrhizler\n|c|\u2606PenglinHeHe|LMAO\n|c|\u2606PenglinHeHe|BRUH\n|c|\u2606PenglinHeHe|ACTUALLY\n|c|\u2606PenglinHeHe|TROLLING\n|c|\u2606PenglinHeHe|one more?\n","uploadtime":1699805995,"views":9,"p1id":"rrhizler","p2id":"penglinhehe","formatid":"gen9vgc2023regulatione","rating":0,"private":0,"password":""}