{"id":"gen9vgc2023regulatione-1989417564","p1":"Dymax913","p2":"yeetthe pokemon","format":"[Gen 9] VGC 2023 Regulation E","log":"|j|\u2606Dymax913\n|j|\u2606yeetthe pokemon\n|t:|1699847599\n|gametype|doubles\n|player|p1|Dymax913|169|1000\n|player|p2|yeetthe pokemon|2|1026\n|teamsize|p1|6\n|teamsize|p2|6\n|gen|9\n|tier|[Gen 9] VGC 2023 Regulation E\n|rated|\n|rule|Species Clause: Limit one of each Pok\u00e9mon\n|rule|Item Clause: Limit one of each item\n|clearpoke\n|poke|p1|Gliscor, L50, M|\n|poke|p1|Amoonguss, L50, F|\n|poke|p1|Urshifu-*, L50, M|\n|poke|p1|Heatran, L50, F|\n|poke|p1|Milotic, L50, F|\n|poke|p1|Ting-Lu, L50|\n|poke|p2|Tauros-Paldea-Blaze, L50, M|\n|poke|p2|Flutter Mane, L50|\n|poke|p2|Tornadus, L50, M|\n|poke|p2|Ogerpon-Wellspring, L50, F|\n|poke|p2|Landorus-Therian, L50, M|\n|poke|p2|Kingambit, L50, M|\n|teampreview|4\n|inactive|Battle timer is ON: inactive players will automatically lose when time's up. (requested by yeetthe pokemon)\nDymax913 rejected open team sheets.\n|inactive|Dymax913 has 60 seconds left.\n|\n|t:|1699847643\n|start\n|switch|p1a: Gliscor|Gliscor, L50, M|100\/100\n|switch|p1b: Urshifu|Urshifu, L50, M|100\/100\n|switch|p2a: Tauros|Tauros-Paldea-Blaze, L50, M|100\/100\n|switch|p2b: Tornadus|Tornadus, L50, M|100\/100\n|-ability|p2a: Tauros|Intimidate|boost\n|-unboost|p1a: Gliscor|atk|1\n|-unboost|p1b: Urshifu|atk|1\n|turn|1\n|inactive|Dymax913 has 30 seconds left.\n|inactive|yeetthe pokemon has 30 seconds left.\n|inactive|Dymax913 has 20 seconds left.\n|inactive|Dymax913 has 15 seconds left.\n|\n|t:|1699847687\n|switch|p1b: Heatran|Heatran, L50, F|100\/100\n|move|p2b: Tornadus|Tailwind|p2b: Tornadus\n|-sidestart|p2: yeetthe pokemon|move: Tailwind\n|move|p2a: Tauros|Will-O-Wisp|p1a: Gliscor\n|-status|p1a: Gliscor|brn\n|move|p1a: Gliscor|Knock Off|p2a: Tauros\n|-resisted|p2a: Tauros\n|-damage|p2a: Tauros|97\/100\n|-enditem|p2a: Tauros|Mirror Herb|[from] move: Knock Off|[of] p1a: Gliscor\n|\n|-damage|p1a: Gliscor|94\/100 brn|[from] brn\n|upkeep\n|turn|2\n|inactive|Dymax913 has 30 seconds left.\n|\n|t:|1699847716\n|switch|p2a: Landorus|Landorus-Therian, L50, M|100\/100\n|-ability|p2a: Landorus|Intimidate|boost\n|-unboost|p1a: Gliscor|atk|1\n|-unboost|p1b: Heatran|atk|1\n|move|p2b: Tornadus|Rain Dance|p2b: Tornadus\n|-weather|RainDance\n|move|p1a: Gliscor|Tailwind|p1a: Gliscor\n|-sidestart|p1: Dymax913|move: Tailwind\n|move|p1b: Heatran|Earth Power|p2a: Landorus\n|-immune|p2a: Landorus\n|\n|-weather|RainDance|[upkeep]\n|-damage|p1a: Gliscor|88\/100 brn|[from] brn\n|upkeep\n|turn|3\n|inactive|Dymax913 has 30 seconds left.\n|inactive|yeetthe pokemon has 30 seconds left.\n|inactive|Dymax913 has 20 seconds left.\n|\n|t:|1699847751\n|switch|p1b: Urshifu|Urshifu, L50, M|100\/100\n|move|p2b: Tornadus|Taunt|p1a: Gliscor\n|-start|p1a: Gliscor|move: Taunt\n|move|p2a: Landorus|Stomping Tantrum|p1b: Urshifu\n|-damage|p1b: Urshifu|55\/100\n|move|p1a: Gliscor|Knock Off|p2a: Landorus\n|-crit|p2a: Landorus\n|-damage|p2a: Landorus|82\/100\n|-enditem|p2a: Landorus|Choice Scarf|[from] move: Knock Off|[of] p1a: Gliscor\n|\n|-weather|RainDance|[upkeep]\n|-damage|p1a: Gliscor|82\/100 brn|[from] brn\n|upkeep\n|turn|4\n|inactive|Dymax913 has 30 seconds left.\n|inactive|yeetthe pokemon has 30 seconds left.\n|\n|t:|1699847782\n|switch|p2b: Ogerpon|Ogerpon-Wellspring, L50, F|100\/100\n|-terastallize|p2a: Landorus|Flying\n|move|p1b: Urshifu|Wicked Blow|p2a: Landorus\n|-crit|p2a: Landorus\n|-damage|p2a: Landorus|10\/100\n|move|p2a: Landorus|Tera Blast|p1b: Urshifu|[anim] Tera Blast Flying\n|-supereffective|p1b: Urshifu\n|-damage|p1b: Urshifu|0 fnt\n|faint|p1b: Urshifu\n|move|p1a: Gliscor|Rock Slide|p2a: Landorus|[spread] p2a,p2b\n|-supereffective|p2a: Landorus\n|-damage|p2a: Landorus|3\/100\n|-damage|p2b: Ogerpon|97\/100\n|\n|-weather|RainDance|[upkeep]\n|-damage|p1a: Gliscor|76\/100 brn|[from] brn\n|-sideend|p2: yeetthe pokemon|move: Tailwind\n|upkeep\n|\n|t:|1699847801\n|switch|p1b: Milotic|Milotic, L50, F|100\/100\n|turn|5\n|\n|t:|1699847824\n|-terastallize|p1b: Milotic|Water\n|move|p1a: Gliscor|Rock Slide|p2b: Ogerpon|[spread] p2b\n|-miss|p1a: Gliscor|p2a: Landorus\n|-damage|p2b: Ogerpon|94\/100\n|move|p1b: Milotic|Icy Wind|p2a: Landorus|[spread] p2a,p2b\n|-supereffective|p2a: Landorus\n|-damage|p2a: Landorus|0 fnt\n|-damage|p2b: Ogerpon|82\/100\n|-unboost|p2b: Ogerpon|spe|1\n|faint|p2a: Landorus\n|move|p2b: Ogerpon|Ivy Cudgel|p1a: Gliscor\n|-supereffective|p1a: Gliscor\n|-damage|p1a: Gliscor|0 fnt\n|faint|p1a: Gliscor\n|\n|-weather|RainDance|[upkeep]\n|-sideend|p1: Dymax913|move: Tailwind\n|upkeep\n|\n|t:|1699847842\n|switch|p2a: Tauros|Tauros-Paldea-Blaze, L50, M|97\/100\n|switch|p1a: Heatran|Heatran, L50, F|100\/100\n|-ability|p2a: Tauros|Intimidate|boost\n|-unboost|p1a: Heatran|atk|1\n|-unboost|p1b: Milotic|atk|1\n|-ability|p1b: Milotic|Competitive|boost\n|-boost|p1b: Milotic|spa|2\n|turn|6\n|inactive|Dymax913 has 30 seconds left.\n|\n|t:|1699847868\n|move|p1a: Heatran|Protect|p1a: Heatran\n|-singleturn|p1a: Heatran|Protect\n|move|p2a: Tauros|Close Combat|p1a: Heatran\n|-activate|p1a: Heatran|move: Protect\n|move|p1b: Milotic|Scald|p2a: Tauros\n|-supereffective|p2a: Tauros\n|-damage|p2a: Tauros|0 fnt\n|faint|p2a: Tauros\n|move|p2b: Ogerpon|Horn Leech|p1b: Milotic\n|-supereffective|p1b: Milotic\n|-damage|p1b: Milotic|11\/100\n|-heal|p2b: Ogerpon|100\/100|[from] drain|[of] p1b: Milotic\n|\n|-weather|none\n|-heal|p1b: Milotic|17\/100|[from] item: Leftovers\n|upkeep\n|\n|t:|1699847872\n|switch|p2a: Tornadus|Tornadus, L50, M|100\/100\n|turn|7\n|\n|t:|1699847891\n|move|p2a: Tornadus|Tailwind|p2a: Tornadus\n|-sidestart|p2: yeetthe pokemon|move: Tailwind\n|move|p2b: Ogerpon|Ivy Cudgel|p1a: Heatran\n|-supereffective|p1a: Heatran\n|-damage|p1a: Heatran|8\/100\n|move|p1b: Milotic|Icy Wind|p2a: Tornadus|[spread] p2a\n|-miss|p1b: Milotic|p2b: Ogerpon\n|-supereffective|p2a: Tornadus\n|-damage|p2a: Tornadus|46\/100\n|move|p1a: Heatran|Heat Wave|p2a: Tornadus|[spread] p2a,p2b\n|-damage|p2a: Tornadus|0 fnt\n|-damage|p2b: Ogerpon|46\/100\n|faint|p2a: Tornadus\n|-damage|p1a: Heatran|0 fnt|[from] item: Life Orb\n|faint|p1a: Heatran\n|\n|-heal|p1b: Milotic|23\/100|[from] item: Leftovers\n|upkeep\n|turn|8\n|inactive|Dymax913 has 30 seconds left.\n|\n|t:|1699847923\n|move|p1b: Milotic|Protect|p1b: Milotic\n|-singleturn|p1b: Milotic|Protect\n|move|p2b: Ogerpon|Horn Leech|p1b: Milotic\n|-activate|p1b: Milotic|move: Protect\n|\n|-heal|p1b: Milotic|29\/100|[from] item: Leftovers\n|upkeep\n|turn|9\n|\n|t:|1699847943\n|move|p2b: Ogerpon|Horn Leech|p1b: Milotic\n|-supereffective|p1b: Milotic\n|-damage|p1b: Milotic|0 fnt\n|-heal|p2b: Ogerpon|63\/100|[from] drain|[of] p1b: Milotic\n|faint|p1b: Milotic\n|\n|win|yeetthe pokemon\n|raw|Dymax913's rating: 1000 &rarr; <strong>1000<\/strong><br \/>(+0 for losing)\n|raw|yeetthe pokemon's rating: 1026 &rarr; <strong>1059<\/strong><br \/>(+33 for winning)\n","uploadtime":1699847951,"views":11,"p1id":"dymax913","p2id":"yeetthepokemon","formatid":"gen9vgc2023regulatione","rating":1000,"private":0,"password":""}