{"id":"gen9vgc2023regulatione-1992759223","p1":"Zsdad","p2":"TestJay","format":"[Gen 9] VGC 2023 Regulation E","log":"|j|\u2606Zsdad\n|j|\u2606TestJay\n|t:|1700232891\n|gametype|doubles\n|player|p1|Zsdad|brycenman|1317\n|player|p2|TestJay|pokemonranger-gen4|1426\n|teamsize|p1|6\n|teamsize|p2|6\n|gen|9\n|tier|[Gen 9] VGC 2023 Regulation E\n|rated|\n|rule|Species Clause: Limit one of each Pok\u00e9mon\n|rule|Item Clause: Limit one of each item\n|clearpoke\n|poke|p1|Dragapult, L50, F|\n|poke|p1|Chien-Pao, L50|\n|poke|p1|Landorus-Therian, L50, M|\n|poke|p1|Gholdengo, L50|\n|poke|p1|Maushold-Four, L50|\n|poke|p1|Murkrow, L50, F|\n|poke|p2|Dusclops, L50, M|\n|poke|p2|Ursaluna-Bloodmoon, L50, M|\n|poke|p2|Kommo-o, L50, F|\n|poke|p2|Landorus-Therian, L50, M|\n|poke|p2|Iron Hands, L50|\n|poke|p2|Sinistcha-Masterpiece, L50|\n|teampreview|4\n|c|\u2606TestJay|g hf\n|c|\u2606TestJay|*gl hf\n|inactive|Battle timer is ON: inactive players will automatically lose when time's up. (requested by Zsdad)\n|\n|t:|1700232931\n|start\n|switch|p1a: Maushold|Maushold-Four, L50|100\/100\n|switch|p1b: Landorus|Landorus-Therian, L50, M|100\/100\n|switch|p2a: Sinistcha|Sinistcha-Masterpiece, L50|100\/100\n|switch|p2b: Dusclops|Dusclops, L50, M, shiny|100\/100\n|-ability|p1b: Landorus|Intimidate|boost\n|-unboost|p2a: Sinistcha|atk|1\n|-unboost|p2b: Dusclops|atk|1\n|-ability|p2b: Dusclops|Pressure\n|turn|1\n|\n|t:|1700232947\n|switch|p2a: Iron Hands|Iron Hands, L50|100\/100\n|-terastallize|p1b: Landorus|Flying\n|move|p1b: Landorus|Tera Blast|p2a: Iron Hands|[anim] Tera Blast Flying\n|-damage|p2a: Iron Hands|64\/100\n|move|p1a: Maushold|Taunt|p2b: Dusclops\n|-start|p2b: Dusclops|move: Taunt\n|cant|p2b: Dusclops|move: Taunt|Trick Room\n|\n|upkeep\n|turn|2\n|inactive|Zsdad has 30 seconds left.\n|\n|t:|1700232973\n|switch|p2b: Sinistcha|Sinistcha-Masterpiece, L50|100\/100\n|-heal|p2a: Iron Hands|89\/100|[from] ability: Hospitality|[of] p2b: Sinistcha\n|move|p2a: Iron Hands|Fake Out|p1b: Landorus\n|-damage|p1b: Landorus|87\/100\n|move|p1a: Maushold|Follow Me|p1a: Maushold\n|-singleturn|p1a: Maushold|move: Follow Me\n|cant|p1b: Landorus|flinch\n|\n|upkeep\n|turn|3\n|\n|t:|1700232993\n|move|p1b: Landorus|Tera Blast|p2b: Sinistcha|[anim] Tera Blast Flying\n|-supereffective|p2b: Sinistcha\n|-damage|p2b: Sinistcha|2\/100\n|move|p1a: Maushold|Encore|p2a: Iron Hands\n|-start|p2a: Iron Hands|Encore\n|move|p2a: Iron Hands|Fake Out||[still]\n|-hint|Fake Out only works on your first turn out.\n|-fail|p2a: Iron Hands\n|move|p2b: Sinistcha|Trick Room|p2b: Sinistcha\n|-fieldstart|move: Trick Room|[of] p2b: Sinistcha\n|\n|upkeep\n|turn|4\n|\n|t:|1700233007\n|-end|p2a: Iron Hands|Quark Drive|[silent]\n|switch|p2a: Dusclops|Dusclops, L50, M, shiny|100\/100\n|-ability|p2a: Dusclops|Pressure\n|move|p2b: Sinistcha|Rage Powder|p2b: Sinistcha\n|-singleturn|p2b: Sinistcha|move: Rage Powder\n|move|p1a: Maushold|Super Fang|p2b: Sinistcha\n|-immune|p2b: Sinistcha\n|move|p1b: Landorus|Tera Blast|p2b: Sinistcha|[anim] Tera Blast Flying\n|-supereffective|p2b: Sinistcha\n|-crit|p2b: Sinistcha\n|-damage|p2b: Sinistcha|0 fnt\n|faint|p2b: Sinistcha\n|\n|upkeep\n|\n|t:|1700233016\n|switch|p2b: Ursaluna|Ursaluna-Bloodmoon, L50, M|100\/100\n|turn|5\n|\n|t:|1700233025\n|-terastallize|p2b: Ursaluna|Normal\n|move|p2a: Dusclops|Brick Break|p2b: Ursaluna\n|-supereffective|p2b: Ursaluna\n|-damage|p2b: Ursaluna|81\/100\n|-enditem|p2b: Ursaluna|Weakness Policy\n|-boost|p2b: Ursaluna|atk|2|[from] item: Weakness Policy\n|-boost|p2b: Ursaluna|spa|2|[from] item: Weakness Policy\n|move|p2b: Ursaluna|Hyper Voice|p1b: Landorus|[spread] p1a,p1b\n|-damage|p1a: Maushold|0 fnt\n|-damage|p1b: Landorus|0 fnt\n|faint|p1a: Maushold\n|faint|p1b: Landorus\n|\n|upkeep\n|\n|t:|1700233046\n|switch|p1b: Dragapult|Dragapult, L50, F|100\/100\n|switch|p1a: Chien-Pao|Chien-Pao, L50|100\/100\n|-ability|p1a: Chien-Pao|Sword of Ruin\n|turn|6\n|inactive|TestJay has 30 seconds left.\n|\n|t:|1700233077\n|switch|p2a: Iron Hands|Iron Hands, L50|89\/100\n|move|p2b: Ursaluna|Protect|p2b: Ursaluna\n|-singleturn|p2b: Ursaluna|Protect\n|move|p1a: Chien-Pao|Sacred Sword|p2b: Ursaluna\n|-activate|p2b: Ursaluna|move: Protect\n|move|p1b: Dragapult|Phantom Force||[still]\n|-prepare|p1b: Dragapult|Phantom Force\n|\n|upkeep\n|turn|7\n|\n|t:|1700233095\n|move|p2b: Ursaluna|Hyper Voice|p1a: Chien-Pao|[spread] p1a\n|-miss|p2b: Ursaluna|p1b: Dragapult\n|-enditem|p1a: Chien-Pao|Focus Sash\n|-damage|p1a: Chien-Pao|1\/100\n|move|p2a: Iron Hands|Volt Switch|p1a: Chien-Pao\n|-damage|p1a: Chien-Pao|0 fnt\n|faint|p1a: Chien-Pao\n|\n|t:|1700233101\n|-end|p2a: Iron Hands|Quark Drive|[silent]\n|switch|p2a: Dusclops|Dusclops, L50, M, shiny|100\/100|[from] Volt Switch\n|-ability|p2a: Dusclops|Pressure\n|move|p1b: Dragapult|Phantom Force|p2a: Dusclops|[from]lockedmove\n|-supereffective|p2a: Dusclops\n|-damage|p2a: Dusclops|31\/100\n|\n|-fieldend|move: Trick Room\n|upkeep\n|turn|8\n|-message|Zsdad forfeited.\n|\n|win|TestJay\n|raw|Zsdad's rating: 1317 &rarr; <strong>1303<\/strong><br \/>(-14 for losing)\n|raw|TestJay's rating: 1426 &rarr; <strong>1440<\/strong><br \/>(+14 for winning)\n|l|\u2606Zsdad\n","uploadtime":1700233121,"views":20,"p1id":"zsdad","p2id":"testjay","formatid":"gen9vgc2023regulatione","rating":1303,"private":0,"password":""}