{"id":"gen9vgc2023regulatione-1993688935","p1":"Ningolland","p2":"MaChmp","format":"[Gen 9] VGC 2023 Regulation E","log":"|j|\u2606Ningolland\n|j|\u2606MaChmp\n|t:|1700345793\n|gametype|doubles\n|player|p1|Ningolland|fisherman-gen4|1028\n|player|p2|MaChmp|170|1110\n|teamsize|p1|6\n|teamsize|p2|6\n|gen|9\n|tier|[Gen 9] VGC 2023 Regulation E\n|rated|\n|rule|Species Clause: Limit one of each Pok\u00e9mon\n|rule|Item Clause: Limit one of each item\n|clearpoke\n|poke|p1|Palossand, L50, F|\n|poke|p1|Iron Bundle, L50|\n|poke|p1|Tyranitar, L50, F|\n|poke|p1|Tornadus, L50, M|\n|poke|p1|Sinistcha-Masterpiece, L50|\n|poke|p1|Lycanroc, L50, M|\n|poke|p2|Kommo-o, L50, M|\n|poke|p2|Tyranitar, L50, F|\n|poke|p2|Rillaboom, L50, F|\n|poke|p2|Flutter Mane, L50|\n|poke|p2|Arcanine-Hisui, L50, M|\n|poke|p2|Iron Bundle, L50|\n|teampreview|4\n|\n|t:|1700345818\n|start\n|switch|p1a: Palossand|Palossand, L50, F|100\/100\n|switch|p1b: Iron Bundle|Iron Bundle, L50|100\/100\n|switch|p2a: Arcanine|Arcanine-Hisui, L50, M|100\/100\n|switch|p2b: Kommo-o|Kommo-o, L50, M|100\/100\n|-ability|p2a: Arcanine|Intimidate|boost\n|-unboost|p1a: Palossand|atk|1\n|-unboost|p1b: Iron Bundle|atk|1\n|-enditem|p1b: Iron Bundle|Booster Energy\n|-activate|p1b: Iron Bundle|ability: Quark Drive|[fromitem]\n|-start|p1b: Iron Bundle|quarkdrivespe\n|turn|1\n|\n|t:|1700345869\n|switch|p2a: Rillaboom|Rillaboom, L50, F|100\/100\n|-fieldstart|move: Grassy Terrain|[from] ability: Grassy Surge|[of] p2a: Rillaboom\n|-terastallize|p1a: Palossand|Grass\n|move|p1b: Iron Bundle|Flip Turn|p1a: Palossand\n|-resisted|p1a: Palossand\n|-damage|p1a: Palossand|96\/100\n|-ability|p1a: Palossand|Water Compaction|boost\n|-boost|p1a: Palossand|def|2\n|-enditem|p1a: Palossand|Absorb Bulb\n|-boost|p1a: Palossand|spa|1|[from] item: Absorb Bulb\n|\n|t:|1700345882\n|-end|p1b: Iron Bundle|Quark Drive|[silent]\n|switch|p1b: Tyranitar|Tyranitar, L50, F, shiny|100\/100|[from] Flip Turn\n|-weather|Sandstorm|[from] ability: Sand Stream|[of] p1b: Tyranitar\n|move|p2b: Kommo-o|Iron Defense|p2b: Kommo-o\n|-boost|p2b: Kommo-o|def|2\n|move|p1a: Palossand|Amnesia|p1a: Palossand\n|-boost|p1a: Palossand|spd|2\n|\n|-weather|Sandstorm|[upkeep]\n|-damage|p2a: Rillaboom|95\/100|[from] Sandstorm\n|-damage|p2b: Kommo-o|94\/100|[from] Sandstorm\n|-damage|p1a: Palossand|90\/100|[from] Sandstorm\n|-heal|p2a: Rillaboom|100\/100|[from] Grassy Terrain\n|-heal|p2b: Kommo-o|100\/100|[from] Grassy Terrain\n|-heal|p1a: Palossand|96\/100|[from] Grassy Terrain\n|upkeep\n|turn|2\n|\n|t:|1700345908\n|move|p2a: Rillaboom|Grassy Glide|p1a: Palossand\n|-resisted|p1a: Palossand\n|-damage|p1a: Palossand|86\/100\n|move|p2b: Kommo-o|Body Press|p1b: Tyranitar\n|-supereffective|p1b: Tyranitar\n|-damage|p1b: Tyranitar|0 fnt\n|faint|p1b: Tyranitar\n|move|p1a: Palossand|Amnesia|p1a: Palossand\n|-boost|p1a: Palossand|spd|2\n|\n|-weather|Sandstorm|[upkeep]\n|-damage|p2a: Rillaboom|95\/100|[from] Sandstorm\n|-damage|p2b: Kommo-o|94\/100|[from] Sandstorm\n|-damage|p1a: Palossand|80\/100|[from] Sandstorm\n|-heal|p2a: Rillaboom|100\/100|[from] Grassy Terrain\n|-heal|p2b: Kommo-o|100\/100|[from] Grassy Terrain\n|-heal|p1a: Palossand|86\/100|[from] Grassy Terrain\n|upkeep\n|\n|t:|1700345933\n|switch|p1b: Sinistcha|Sinistcha-Masterpiece, L50|100\/100\n|-heal|p1a: Palossand|100\/100|[from] ability: Hospitality|[of] p1b: Sinistcha\n|turn|3\n|\n|t:|1700345951\n|move|p2a: Rillaboom|Taunt|p1b: Sinistcha\n|-start|p1b: Sinistcha|move: Taunt\n|move|p2b: Kommo-o|Iron Defense|p2b: Kommo-o\n|-boost|p2b: Kommo-o|def|2\n|move|p1a: Palossand|Earth Power|p2b: Kommo-o\n|-damage|p2b: Kommo-o|63\/100\n|cant|p1b: Sinistcha|move: Taunt|Trick Room\n|\n|-weather|Sandstorm|[upkeep]\n|-damage|p2a: Rillaboom|95\/100|[from] Sandstorm\n|-damage|p2b: Kommo-o|57\/100|[from] Sandstorm\n|-damage|p1b: Sinistcha|94\/100|[from] Sandstorm\n|-damage|p1a: Palossand|94\/100|[from] Sandstorm\n|-heal|p2a: Rillaboom|100\/100|[from] Grassy Terrain\n|-heal|p2b: Kommo-o|63\/100|[from] Grassy Terrain\n|-heal|p2b: Kommo-o|69\/100|[from] item: Leftovers\n|-heal|p1b: Sinistcha|100\/100|[from] Grassy Terrain\n|-heal|p1a: Palossand|100\/100|[from] Grassy Terrain\n|upkeep\n|turn|4\n|\n|t:|1700345985\n|switch|p2a: Flutter Mane|Flutter Mane, L50|100\/100\n|switch|p1b: Iron Bundle|Iron Bundle, L50|100\/100\n|move|p2b: Kommo-o|Body Press|p1a: Palossand\n|-damage|p1a: Palossand|56\/100\n|move|p1a: Palossand|Earth Power|p2b: Kommo-o\n|-damage|p2b: Kommo-o|26\/100\n|\n|-weather|Sandstorm|[upkeep]\n|-damage|p2a: Flutter Mane|94\/100|[from] Sandstorm\n|-damage|p1b: Iron Bundle|94\/100|[from] Sandstorm\n|-damage|p2b: Kommo-o|20\/100|[from] Sandstorm\n|-damage|p1a: Palossand|50\/100|[from] Sandstorm\n|-heal|p2a: Flutter Mane|100\/100|[from] Grassy Terrain\n|-heal|p1b: Iron Bundle|100\/100|[from] Grassy Terrain\n|-heal|p2b: Kommo-o|26\/100|[from] Grassy Terrain\n|-heal|p2b: Kommo-o|32\/100|[from] item: Leftovers\n|-heal|p1a: Palossand|56\/100|[from] Grassy Terrain\n|upkeep\n|turn|5\n|\n|t:|1700346027\n|move|p2a: Flutter Mane|Dazzling Gleam|p1b: Iron Bundle|[spread] p1a,p1b\n|-damage|p1a: Palossand|42\/100\n|-damage|p1b: Iron Bundle|9\/100\n|move|p1b: Iron Bundle|Flip Turn|p1a: Palossand\n|-resisted|p1a: Palossand\n|-damage|p1a: Palossand|39\/100\n|-ability|p1a: Palossand|Water Compaction|boost\n|-boost|p1a: Palossand|def|2\n|\n|t:|1700346035\n|-end|p1b: Iron Bundle|Quark Drive|[silent]\n|switch|p1b: Sinistcha|Sinistcha-Masterpiece, L50|100\/100|[from] Flip Turn\n|-heal|p1a: Palossand|64\/100|[from] ability: Hospitality|[of] p1b: Sinistcha\n|move|p2b: Kommo-o|Body Press|p1b: Sinistcha\n|-immune|p1b: Sinistcha\n|move|p1a: Palossand|Earth Power|p2b: Kommo-o\n|-damage|p2b: Kommo-o|0 fnt\n|faint|p2b: Kommo-o\n|\n|-weather|none\n|-heal|p1a: Palossand|70\/100|[from] Grassy Terrain\n|-fieldend|move: Grassy Terrain\n|upkeep\n|\n|t:|1700346050\n|switch|p2b: Arcanine|Arcanine-Hisui, L50, M|100\/100\n|-ability|p2b: Arcanine|Intimidate|boost\n|-unboost|p1a: Palossand|atk|1\n|-unboost|p1b: Sinistcha|atk|1\n|turn|6\n|\n|t:|1700346066\n|move|p2a: Flutter Mane|Dazzling Gleam|p1a: Palossand|[spread] p1a,p1b\n|-damage|p1a: Palossand|57\/100\n|-damage|p1b: Sinistcha|47\/100\n|move|p2b: Arcanine|Will-O-Wisp|p1a: Palossand\n|-status|p1a: Palossand|brn\n|move|p1b: Sinistcha|Life Dew|p1b: Sinistcha|[spread] p1a,p1b\n|-heal|p1a: Palossand|82\/100 brn\n|-heal|p1b: Sinistcha|72\/100\n|move|p1a: Palossand|Earth Power|p2b: Arcanine\n|-supereffective|p2b: Arcanine\n|-damage|p2b: Arcanine|0 fnt\n|faint|p2b: Arcanine\n|\n|-heal|p1b: Sinistcha|78\/100|[from] item: Leftovers\n|-damage|p1a: Palossand|75\/100 brn|[from] brn\n|upkeep\n|\n|t:|1700346082\n|switch|p2b: Rillaboom|Rillaboom, L50, F|100\/100\n|-fieldstart|move: Grassy Terrain|[from] ability: Grassy Surge|[of] p2b: Rillaboom\n|turn|7\n|\n|t:|1700346093\n|-terastallize|p2a: Flutter Mane|Fairy\n|move|p2a: Flutter Mane|Dazzling Gleam|p1b: Sinistcha|[spread] p1a,p1b\n|-damage|p1a: Palossand|56\/100 brn\n|-damage|p1b: Sinistcha|3\/100\n|move|p2b: Rillaboom|Wood Hammer|p1a: Palossand\n|-resisted|p1a: Palossand\n|-damage|p1a: Palossand|42\/100 brn\n|-damage|p2b: Rillaboom|96\/100|[from] Recoil\n|move|p1b: Sinistcha|Life Dew|p1b: Sinistcha|[spread] p1a,p1b\n|-heal|p1a: Palossand|67\/100 brn\n|-heal|p1b: Sinistcha|28\/100\n|move|p1a: Palossand|Giga Drain|p2a: Flutter Mane\n|-damage|p2a: Flutter Mane|56\/100\n|-heal|p1a: Palossand|84\/100 brn|[from] drain|[of] p2a: Flutter Mane\n|\n|-heal|p2a: Flutter Mane|62\/100|[from] Grassy Terrain\n|-heal|p2b: Rillaboom|100\/100|[from] Grassy Terrain\n|-heal|p1b: Sinistcha|34\/100|[from] Grassy Terrain\n|-heal|p1b: Sinistcha|40\/100|[from] item: Leftovers\n|-heal|p1a: Palossand|90\/100 brn|[from] Grassy Terrain\n|-damage|p1a: Palossand|84\/100 brn|[from] brn\n|upkeep\n|turn|8\n|\n|t:|1700346122\n|move|p2a: Flutter Mane|Dazzling Gleam|p1a: Palossand|[spread] p1a,p1b\n|-damage|p1a: Palossand|65\/100 brn\n|-damage|p1b: Sinistcha|0 fnt\n|faint|p1b: Sinistcha\n|move|p2b: Rillaboom|Wood Hammer|p1a: Palossand\n|-resisted|p1a: Palossand\n|-damage|p1a: Palossand|52\/100 brn\n|-damage|p2b: Rillaboom|97\/100|[from] Recoil\n|move|p1a: Palossand|Giga Drain|p2a: Flutter Mane\n|-damage|p2a: Flutter Mane|15\/100\n|-heal|p1a: Palossand|70\/100 brn|[from] drain|[of] p2a: Flutter Mane\n|\n|-heal|p2a: Flutter Mane|21\/100|[from] Grassy Terrain\n|-heal|p2b: Rillaboom|100\/100|[from] Grassy Terrain\n|-heal|p1a: Palossand|77\/100 brn|[from] Grassy Terrain\n|-damage|p1a: Palossand|70\/100 brn|[from] brn\n|upkeep\n|\n|t:|1700346140\n|switch|p1b: Iron Bundle|Iron Bundle, L50|9\/100\n|turn|9\n|\n|t:|1700346161\n|move|p2a: Flutter Mane|Dazzling Gleam|p1b: Iron Bundle|[spread] p1a,p1b\n|-damage|p1a: Palossand|50\/100 brn\n|-damage|p1b: Iron Bundle|0 fnt\n|faint|p1b: Iron Bundle\n|-end|p1b: Iron Bundle|Quark Drive|[silent]\n|move|p2b: Rillaboom|Wood Hammer|p1a: Palossand\n|-resisted|p1a: Palossand\n|-damage|p1a: Palossand|38\/100 brn\n|-damage|p2b: Rillaboom|97\/100|[from] Recoil\n|move|p1a: Palossand|Giga Drain|p2a: Flutter Mane\n|-damage|p2a: Flutter Mane|0 fnt\n|-heal|p1a: Palossand|46\/100 brn|[from] drain|[of] p2a: Flutter Mane\n|faint|p2a: Flutter Mane\n|-end|p2a: Flutter Mane|Protosynthesis|[silent]\n|\n|-heal|p2b: Rillaboom|100\/100|[from] Grassy Terrain\n|-heal|p1a: Palossand|52\/100 brn|[from] Grassy Terrain\n|-damage|p1a: Palossand|46\/100 brn|[from] brn\n|upkeep\n|turn|10\n|\n|t:|1700346183\n|move|p2b: Rillaboom|Wood Hammer|p1a: Palossand\n|-resisted|p1a: Palossand\n|-damage|p1a: Palossand|32\/100 brn\n|-damage|p2b: Rillaboom|96\/100|[from] Recoil\n|move|p1a: Palossand|Shore Up|p1a: Palossand\n|-heal|p1a: Palossand|82\/100 brn\n|\n|-heal|p2b: Rillaboom|100\/100|[from] Grassy Terrain\n|-heal|p1a: Palossand|88\/100 brn|[from] Grassy Terrain\n|-damage|p1a: Palossand|82\/100 brn|[from] brn\n|upkeep\n|turn|11\n|\n|t:|1700346205\n|move|p2b: Rillaboom|Wood Hammer|p1a: Palossand\n|-resisted|p1a: Palossand\n|-damage|p1a: Palossand|68\/100 brn\n|-damage|p2b: Rillaboom|96\/100|[from] Recoil\n|move|p1a: Palossand|Giga Drain|p2b: Rillaboom\n|-resisted|p2b: Rillaboom\n|-crit|p2b: Rillaboom\n|-damage|p2b: Rillaboom|53\/100\n|-heal|p1a: Palossand|91\/100 brn|[from] drain|[of] p2b: Rillaboom\n|\n|-heal|p2b: Rillaboom|59\/100|[from] Grassy Terrain\n|-heal|p1a: Palossand|97\/100 brn|[from] Grassy Terrain\n|-damage|p1a: Palossand|91\/100 brn|[from] brn\n|-fieldend|move: Grassy Terrain\n|upkeep\n|turn|12\n|-message|MaChmp forfeited.\n|\n|win|Ningolland\n|raw|Ningolland's rating: 1028 &rarr; <strong>1072<\/strong><br \/>(+44 for winning)\n|raw|MaChmp's rating: 1110 &rarr; <strong>1079<\/strong><br \/>(-31 for losing)\n|l|\u2606MaChmp\n|l|\u2606Ningolland\n","uploadtime":1700346268,"views":38,"p1id":"ningolland","p2id":"machmp","formatid":"gen9vgc2023regulatione","rating":1072,"private":0,"password":""}