{"id":"gen9vgc2023regulatione-1989208395","p1":"justin tang fan","p2":"Cozy Snail","format":"[Gen 9] VGC 2023 Regulation E","log":"|j|\u2606justin tang fan\n|j|\u2606Cozy Snail\n|n|\u2606justin tang fan|justintangfan\n|n|\u2606Cozy Snail|cozysnail\n|html|View the match progress at <a href=\"\/game-bestof3-gen9vgc2023regulatione-1989206207\">game-bestof3-gen9vgc2023regulatione-1989206207<\/a>\n|t:|1699823568\n|gametype|doubles\n|player|p1|justin tang fan|aromalady|\n|player|p2|Cozy Snail|fisherman-gen4|\n|teamsize|p1|6\n|teamsize|p2|6\n|gen|9\n|tier|[Gen 9] VGC 2023 Regulation E\n|rule|Species Clause: Limit one of each Pok\u00e9mon\n|rule|Item Clause: Limit one of each item\n|clearpoke\n|poke|p1|Urshifu-*, L50, F|\n|poke|p1|Rillaboom, L50, F|\n|poke|p1|Sylveon, L50, F|\n|poke|p1|Typhlosion-Hisui, L50, F|\n|poke|p1|Kleavor, L50, F|\n|poke|p1|Drifblim, L50, F|\n|poke|p2|Heatran, L50, F|\n|poke|p2|Landorus-Therian, L50, M|\n|poke|p2|Illumise, L50, F|\n|poke|p2|Vikavolt, L50, M|\n|poke|p2|Enamorus-Therian, L50, F|\n|poke|p2|Gothorita, L50, F|\n|teampreview|4\n|j| Pokemon_and_beer\nCozy Snail rejected open team sheets.\n|c|\u2606Cozy Snail|glhf :)\n|c|\u2606justin tang fan|glhf!\n|c| Pokemon_and_beer|Glhf!\n|c|\u2606Cozy Snail|beer that would be  a 4-4 game correct?\n|c|\u2606Cozy Snail|the last one\n|c| Pokemon_and_beer|Yep!\n|c|\u2606Cozy Snail|thats so cool\n|c| Pokemon_and_beer|Dont see that too often\n|\n|t:|1699823703\n|start\n|switch|p1a: Rillaboom|Rillaboom, L50, F|100\/100\n|switch|p1b: Urshifu|Urshifu-Rapid-Strike, L50, F|100\/100\n|switch|p2a: Heatran|Heatran, L50, F, shiny|100\/100\n|switch|p2b: Illumise|Illumise, L50, F, shiny|100\/100\n|-fieldstart|move: Grassy Terrain|[from] ability: Grassy Surge|[of] p1a: Rillaboom\n|turn|1\n|\n|t:|1699823721\n|-terastallize|p2a: Heatran|Grass\n|move|p1a: Rillaboom|Fake Out|p2a: Heatran\n|-damage|p2a: Heatran|88\/100\n|-damage|p1a: Rillaboom|84\/100|[from] item: Rocky Helmet|[of] p2a: Heatran\n|move|p2b: Illumise|Sunny Day|p2b: Illumise\n|-weather|SunnyDay\n|move|p1b: Urshifu|U-turn|p2a: Heatran\n|-supereffective|p2a: Heatran\n|-damage|p2a: Heatran|46\/100\n|-damage|p1b: Urshifu|84\/100|[from] item: Rocky Helmet|[of] p2a: Heatran\n|j| MikeTitan\n|\n|t:|1699823728\n|switch|p1b: Sylveon|Sylveon, L50, F|100\/100|[from] U-turn\n|cant|p2a: Heatran|flinch\n|\n|-weather|SunnyDay|[upkeep]\n|-heal|p1a: Rillaboom|90\/100|[from] Grassy Terrain\n|-heal|p2a: Heatran|52\/100|[from] Grassy Terrain\n|upkeep\n|turn|2\n|\n|t:|1699823747\n|-terastallize|p1a: Rillaboom|Fire\n|move|p2b: Illumise|Helping Hand|p2a: Heatran\n|-singleturn|p2a: Heatran|Helping Hand|[of] p2b: Illumise\n|move|p1a: Rillaboom|U-turn|p2b: Illumise\n|-damage|p2b: Illumise|75\/100\n|\n|t:|1699823757\n|switch|p1a: Drifblim|Drifblim, L50, F, shiny|100\/100|[from] U-turn\n|-enditem|p1a: Drifblim|Grassy Seed\n|-boost|p1a: Drifblim|def|1|[from] item: Grassy Seed\n|move|p2a: Heatran|Heat Wave|p1b: Sylveon|[spread] p1a,p1b\n|-damage|p1a: Drifblim|0 fnt\n|-damage|p1b: Sylveon|41\/100\n|faint|p1a: Drifblim\n|move|p1b: Sylveon|Hyper Voice|p2b: Illumise|[spread] p2a,p2b\n|-damage|p2a: Heatran|0 fnt\n|-damage|p2b: Illumise|7\/100\n|faint|p2a: Heatran\n|\n|-weather|SunnyDay|[upkeep]\n|-heal|p2b: Illumise|13\/100|[from] Grassy Terrain\n|-heal|p1b: Sylveon|47\/100|[from] Grassy Terrain\n|upkeep\n|\n|t:|1699823770\n|switch|p1a: Rillaboom|Rillaboom, L50, F, tera:Fire|90\/100\n|switch|p2a: Vikavolt|Vikavolt, L50, M, shiny|100\/100\n|turn|3\n|\n|t:|1699823782\n|move|p2a: Vikavolt|Protect|p2a: Vikavolt\n|-singleturn|p2a: Vikavolt|Protect\n|move|p1a: Rillaboom|Fake Out|p2a: Vikavolt\n|-activate|p2a: Vikavolt|move: Protect\n|move|p2b: Illumise|Tailwind|p2b: Illumise\n|-sidestart|p2: Cozy Snail|move: Tailwind\n|move|p1b: Sylveon|Hyper Voice|p2b: Illumise|[spread] p2b\n|-activate|p2a: Vikavolt|move: Protect\n|-damage|p2b: Illumise|0 fnt\n|faint|p2b: Illumise\n|\n|-weather|SunnyDay|[upkeep]\n|-heal|p1a: Rillaboom|96\/100|[from] Grassy Terrain\n|-heal|p1b: Sylveon|53\/100|[from] Grassy Terrain\n|upkeep\n|\n|t:|1699823795\n|switch|p2b: Landorus|Landorus-Therian, L50, M, shiny|100\/100\n|-ability|p2b: Landorus|Intimidate|boost\n|-unboost|p1a: Rillaboom|atk|1\n|-unboost|p1b: Sylveon|atk|1\n|turn|4\n|\n|t:|1699823805\n|move|p2b: Landorus|Rock Slide|p1b: Sylveon|[spread] p1a,p1b\n|-supereffective|p1a: Rillaboom\n|-crit|p1a: Rillaboom\n|-damage|p1a: Rillaboom|28\/100\n|-damage|p1b: Sylveon|26\/100\n|move|p2a: Vikavolt|Discharge|p1b: Sylveon|[spread] p1a,p1b\n|-immune|p2b: Landorus\n|-damage|p1a: Rillaboom|0 fnt\n|-damage|p1b: Sylveon|0 fnt\n|faint|p1a: Rillaboom\n|faint|p1b: Sylveon\n|-damage|p2a: Vikavolt|91\/100|[from] item: Life Orb\n|\n|-weather|SunnyDay|[upkeep]\n|upkeep\n|\n|t:|1699823818\n|switch|p1b: Urshifu|Urshifu-Rapid-Strike, L50, F|84\/100\n|turn|5\n|\n|t:|1699823829\n|move|p2b: Landorus|Stomping Tantrum|p1b: Urshifu\n|-damage|p1b: Urshifu|39\/100\n|move|p1b: Urshifu|Surging Strikes|p2a: Vikavolt\n|-crit|p2a: Vikavolt\n|-damage|p2a: Vikavolt|78\/100\n|-crit|p2a: Vikavolt\n|-damage|p2a: Vikavolt|67\/100\n|-crit|p2a: Vikavolt\n|-damage|p2a: Vikavolt|54\/100\n|-hitcount|p2a: Vikavolt|3\n|move|p2a: Vikavolt|Thunderbolt|p1b: Urshifu\n|-supereffective|p1b: Urshifu\n|-damage|p1b: Urshifu|0 fnt\n|faint|p1b: Urshifu\n|-damage|p2a: Vikavolt|44\/100|[from] item: Life Orb\n|\n|win|Cozy Snail\n|c|\u2606justin tang fan|ggs\n|c| Pokemon_and_beer|GGs\n|c|\u2606Cozy Snail|ggs\n|c|\u2606Cozy Snail|that 4-4 was super neat\n|c|\u2606justin tang fan|yeah it was cool\n|l| MikeTitan\n|l| Pokemon_and_beer\n|c|\u2606Cozy Snail|i can get replays if you like\n|c|\u2606justin tang fan|sure\n|c|\u2606Cozy Snail|okie dokie\n","uploadtime":1699824019,"views":15,"p1id":"justintangfan","p2id":"cozysnail","formatid":"gen9vgc2023regulatione","rating":0,"private":0,"password":""}