{"id":"gen9vgc2023regulatione-1995302177","p1":"XJQJ","p2":"palmin","format":"[Gen 9] VGC 2023 Regulation E","log":"|j|\u2606XJQJ\n|j|\u2606palmin\n|t:|1700549905\n|gametype|doubles\n|player|p1|XJQJ|dawn|1364\n|player|p2|palmin|lance|1344\n|teamsize|p1|6\n|teamsize|p2|6\n|gen|9\n|tier|[Gen 9] VGC 2023 Regulation E\n|rated|\n|rule|Species Clause: Limit one of each Pok\u00e9mon\n|rule|Item Clause: Limit one of each item\n|clearpoke\n|poke|p1|Roaring Moon, L50|\n|poke|p1|Iron Hands, L50|\n|poke|p1|Flutter Mane, L50|\n|poke|p1|Amoonguss, L50, F|\n|poke|p1|Heatran, L50, F|\n|poke|p1|Landorus-Therian, L50, M|\n|poke|p2|Iron Hands, L50|\n|poke|p2|Flutter Mane, L50|\n|poke|p2|Roaring Moon, L50|\n|poke|p2|Ogerpon-Wellspring, L50, F|\n|poke|p2|Weezing, L50, M|\n|poke|p2|Landorus-Therian, L50, M|\n|teampreview|4\n|inactive|Battle timer is ON: inactive players will automatically lose when time's up. (requested by palmin)\n|inactive|palmin has 60 seconds left.\n|\n|t:|1700549945\n|start\n|switch|p1a: Heatran|Heatran, L50, F|100\/100\n|switch|p1b: Iron Hands|Iron Hands, L50|100\/100\n|switch|p2a: Weezing|Weezing, L50, M|100\/100\n|switch|p2b: Iron Hands|Iron Hands, L50|100\/100\n|-ability|p2a: Weezing|Neutralizing Gas\n|turn|1\n|\n|t:|1700549956\n|-terastallize|p2a: Weezing|Ghost\n|move|p2b: Iron Hands|Fake Out|p1a: Heatran\n|-resisted|p1a: Heatran\n|-damage|p1a: Heatran|94\/100\n|move|p1b: Iron Hands|Fake Out|p2b: Iron Hands\n|-damage|p2b: Iron Hands|90\/100\n|cant|p1a: Heatran|flinch\n|move|p2a: Weezing|Will-O-Wisp|p1b: Iron Hands|[miss]\n|-miss|p2a: Weezing|p1b: Iron Hands\n|\n|upkeep\n|turn|2\n|\n|t:|1700549974\n|-end|p1b: Iron Hands|Quark Drive|[silent]\n|switch|p1b: Amoonguss|Amoonguss, L50, F|100\/100\n|-terastallize|p1a: Heatran|Fairy\n|move|p1a: Heatran|Earth Power|p2b: Iron Hands\n|-supereffective|p2b: Iron Hands\n|-damage|p2b: Iron Hands|48\/100\n|-damage|p1a: Heatran|85\/100|[from] item: Life Orb\n|move|p2a: Weezing|Will-O-Wisp|p1b: Amoonguss\n|-status|p1b: Amoonguss|brn\n|move|p2b: Iron Hands|Drain Punch|p1a: Heatran\n|-resisted|p1a: Heatran\n|-damage|p1a: Heatran|66\/100\n|-heal|p2b: Iron Hands|56\/100|[from] drain|[of] p1a: Heatran\n|\n|-damage|p1b: Amoonguss|95\/100 brn|[from] brn\n|upkeep\n|turn|3\n|\n|t:|1700549994\n|move|p1a: Heatran|Earth Power|p2b: Iron Hands\n|-supereffective|p2b: Iron Hands\n|-damage|p2b: Iron Hands|11\/100\n|-damage|p1a: Heatran|56\/100|[from] item: Life Orb\n|move|p2a: Weezing|Taunt|p1b: Amoonguss\n|-start|p1b: Amoonguss|move: Taunt\n|move|p2b: Iron Hands|Heavy Slam|p1a: Heatran\n|-supereffective|p1a: Heatran\n|-damage|p1a: Heatran|29\/100\n|move|p1b: Amoonguss|Pollen Puff|p1a: Heatran\n|-heal|p1a: Heatran|78\/100\n|\n|-damage|p1b: Amoonguss|89\/100 brn|[from] brn\n|upkeep\n|turn|4\n|\n|t:|1700550012\n|-end|p2b: Iron Hands|Quark Drive|[silent]\n|switch|p2b: Landorus|Landorus-Therian, L50, M|100\/100\n|-ability|p2b: Landorus|Intimidate|boost\n|-unboost|p1a: Heatran|atk|1\n|-unboost|p1b: Amoonguss|atk|1\n|move|p1a: Heatran|Heat Wave|p2a: Weezing|[spread] p2a,p2b\n|-damage|p2a: Weezing|42\/100\n|-damage|p2b: Landorus|52\/100\n|-enditem|p2a: Weezing|Sitrus Berry|[eat]\n|-heal|p2a: Weezing|67\/100|[from] item: Sitrus Berry\n|-damage|p1a: Heatran|69\/100|[from] item: Life Orb\n|move|p2a: Weezing|Gunk Shot|p1a: Heatran\n|-supereffective|p1a: Heatran\n|-damage|p1a: Heatran|0 fnt\n|faint|p1a: Heatran\n|move|p1b: Amoonguss|Pollen Puff|p1: Heatran|[notarget]\n|-fail|p1b: Amoonguss\n|\n|-damage|p1b: Amoonguss|83\/100 brn|[from] brn\n|upkeep\n|\n|t:|1700550029\n|switch|p1a: Iron Hands|Iron Hands, L50|100\/100\n|turn|5\n|\n|t:|1700550038\n|move|p2b: Landorus|U-turn|p1b: Amoonguss\n|-damage|p1b: Amoonguss|61\/100 brn\n|\n|t:|1700550040\n|switch|p2b: Iron Hands|Iron Hands, L50|11\/100|[from] U-turn\n|move|p2a: Weezing|Will-O-Wisp|p1a: Iron Hands\n|-status|p1a: Iron Hands|brn\n|move|p1a: Iron Hands|Ice Punch|p2b: Iron Hands\n|-damage|p2b: Iron Hands|0 fnt\n|faint|p2b: Iron Hands\n|-end|p2b: Iron Hands|Quark Drive|[silent]\n|move|p1b: Amoonguss|Pollen Puff|p1a: Iron Hands\n|-immune|p1a: Iron Hands\n|\n|-damage|p1a: Iron Hands|95\/100 brn|[from] brn\n|-damage|p1b: Amoonguss|55\/100 brn|[from] brn\n|-end|p1b: Amoonguss|move: Taunt\n|upkeep\n|\n|t:|1700550048\n|switch|p2b: Landorus|Landorus-Therian, L50, M|52\/100\n|-ability|p2b: Landorus|Intimidate|boost\n|-unboost|p1a: Iron Hands|atk|1\n|-unboost|p1b: Amoonguss|atk|1\n|turn|6\n|\n|t:|1700550059\n|move|p2b: Landorus|Stomping Tantrum|p1a: Iron Hands\n|-supereffective|p1a: Iron Hands\n|-crit|p1a: Iron Hands\n|-damage|p1a: Iron Hands|20\/100 brn\n|move|p2a: Weezing|Taunt|p1b: Amoonguss\n|-start|p1b: Amoonguss|move: Taunt\n|move|p1a: Iron Hands|Ice Punch|p2b: Landorus\n|-supereffective|p2b: Landorus\n|-damage|p2b: Landorus|14\/100\n|cant|p1b: Amoonguss|move: Taunt|Spore\n|\n|-damage|p1a: Iron Hands|14\/100 brn|[from] brn\n|-damage|p1b: Amoonguss|49\/100 brn|[from] brn\n|upkeep\n|-enditem|p1b: Amoonguss|Sitrus Berry|[eat]\n|-heal|p1b: Amoonguss|74\/100 brn|[from] item: Sitrus Berry\n|turn|7\n|\n|t:|1700550075\n|-end|p1a: Iron Hands|Quark Drive|[silent]\n|switch|p1a: Landorus|Landorus-Therian, L50, M|100\/100\n|move|p2b: Landorus|U-turn|p1b: Amoonguss\n|-damage|p1b: Amoonguss|55\/100 brn\n|\n|t:|1700550080\n|switch|p2b: Roaring Moon|Roaring Moon, L50|100\/100|[from] U-turn\n|-enditem|p2b: Roaring Moon|Booster Energy\n|-activate|p2b: Roaring Moon|ability: Protosynthesis|[fromitem]\n|-start|p2b: Roaring Moon|protosynthesisatk\n|move|p2a: Weezing|Gunk Shot|p1a: Landorus\n|-resisted|p1a: Landorus\n|-crit|p1a: Landorus\n|-damage|p1a: Landorus|73\/100\n|-status|p1a: Landorus|psn\n|move|p1b: Amoonguss|Pollen Puff|p2b: Roaring Moon\n|-supereffective|p2b: Roaring Moon\n|-damage|p2b: Roaring Moon|66\/100\n|\n|-damage|p1a: Landorus|61\/100 psn|[from] psn\n|-damage|p1b: Amoonguss|49\/100 brn|[from] brn\n|upkeep\n|turn|8\n|\n|t:|1700550098\n|move|p2a: Weezing|Protect|p2a: Weezing\n|-singleturn|p2a: Weezing|Protect\n|move|p1a: Landorus|Rock Slide|p2a: Weezing|[spread] \n|-activate|p2a: Weezing|move: Protect\n|-miss|p1a: Landorus|p2b: Roaring Moon\n|move|p2b: Roaring Moon|Acrobatics|p1b: Amoonguss\n|-supereffective|p1b: Amoonguss\n|-damage|p1b: Amoonguss|0 fnt\n|faint|p1b: Amoonguss\n|\n|-damage|p1a: Landorus|49\/100 psn|[from] psn\n|upkeep\n|\n|t:|1700550107\n|switch|p1b: Iron Hands|Iron Hands, L50|14\/100 brn\n|turn|9\n|\n|t:|1700550114\n|-end|p2b: Roaring Moon|Protosynthesis|[silent]\n|switch|p2b: Landorus|Landorus-Therian, L50, M|14\/100\n|-ability|p2b: Landorus|Intimidate|boost\n|-unboost|p1a: Landorus|atk|1\n|-unboost|p1b: Iron Hands|atk|1\n|move|p1b: Iron Hands|Fake Out|p2a: Weezing\n|-immune|p2a: Weezing\n|move|p1a: Landorus|Rock Slide|p2b: Landorus|[spread] p2a,p2b\n|-damage|p2a: Weezing|55\/100\n|-damage|p2b: Landorus|0 fnt\n|faint|p2b: Landorus\n|move|p2a: Weezing|Gunk Shot|p1a: Landorus\n|-resisted|p1a: Landorus\n|-damage|p1a: Landorus|28\/100 psn\n|\n|-damage|p1a: Landorus|15\/100 psn|[from] psn\n|-damage|p1b: Iron Hands|8\/100 brn|[from] brn\n|upkeep\n|\n|t:|1700550124\n|switch|p2b: Roaring Moon|Roaring Moon, L50|66\/100\n|turn|10\n|\n|t:|1700550130\n|move|p2a: Weezing|Protect|p2a: Weezing\n|-singleturn|p2a: Weezing|Protect\n|move|p1a: Landorus|Rock Slide|p2a: Weezing|[spread] \n|-activate|p2a: Weezing|move: Protect\n|-miss|p1a: Landorus|p2b: Roaring Moon\n|move|p2b: Roaring Moon|Tailwind|p2b: Roaring Moon\n|-sidestart|p2: palmin|move: Tailwind\n|move|p1b: Iron Hands|Drain Punch|p2b: Roaring Moon\n|-supereffective|p2b: Roaring Moon\n|-damage|p2b: Roaring Moon|30\/100\n|-heal|p1b: Iron Hands|23\/100 brn|[from] drain|[of] p2b: Roaring Moon\n|\n|-damage|p1a: Landorus|3\/100 psn|[from] psn\n|-damage|p1b: Iron Hands|17\/100 brn|[from] brn\n|upkeep\n|turn|11\n|\n|t:|1700550148\n|move|p2b: Roaring Moon|Knock Off|p1b: Iron Hands\n|-resisted|p1b: Iron Hands\n|-damage|p1b: Iron Hands|0 fnt\n|-enditem|p1b: Iron Hands|Assault Vest|[from] move: Knock Off|[of] p2b: Roaring Moon\n|faint|p1b: Iron Hands\n|-end|p1b: Iron Hands|Quark Drive|[silent]\n|move|p1a: Landorus|Rock Slide|p2b: Roaring Moon|[spread] p2a\n|-miss|p1a: Landorus|p2b: Roaring Moon\n|-damage|p2a: Weezing|42\/100\n|move|p2a: Weezing|Gunk Shot|p1a: Landorus\n|-resisted|p1a: Landorus\n|-damage|p1a: Landorus|0 fnt\n|faint|p1a: Landorus\n|\n|win|palmin\n|raw|XJQJ's rating: 1364 &rarr; <strong>1343<\/strong><br \/>(-21 for losing)\n|raw|palmin's rating: 1344 &rarr; <strong>1365<\/strong><br \/>(+21 for winning)\n","uploadtime":1700550154,"views":4,"p1id":"xjqj","p2id":"palmin","formatid":"gen9vgc2023regulatione","rating":1343,"private":0,"password":""}