{"id":"gen9vgc2023regulatione-1993190078","p1":"lujan31","p2":"Fancy Cucudrula","format":"[Gen 9] VGC 2023 Regulation E","log":"|j|\u2606lujan31\n|j|\u2606Fancy Cucudrula\n|n|\u2606lujan31|lujan31\n|n|\u2606Fancy Cucudrula|fancycucudrula\n|html|View the match progress at <a href=\"\/game-bestof3-gen9vgc2023regulatione-1993190077\">game-bestof3-gen9vgc2023regulatione-1993190077<\/a>\n|t:|1700275860\n|gametype|doubles\n|player|p1|lujan31|1|\n|player|p2|Fancy Cucudrula|valerie|\n|teamsize|p1|6\n|teamsize|p2|6\n|gen|9\n|tier|[Gen 9] VGC 2023 Regulation E\n|rule|Species Clause: Limit one of each Pok\u00e9mon\n|rule|Item Clause: Limit one of each item\n|clearpoke\n|poke|p1|Salamence, L50, M|\n|poke|p1|Armarouge, L50, M|\n|poke|p1|Ogerpon-Wellspring, L50, F|\n|poke|p1|Politoed, L50, M|\n|poke|p1|Scizor, L50, F|\n|poke|p1|Flutter Mane, L50|\n|poke|p2|Flutter Mane, L50|\n|poke|p2|Amoonguss, L50, F|\n|poke|p2|Heatran, L50, F|\n|poke|p2|Iron Hands, L50|\n|poke|p2|Landorus-Therian, L50, M|\n|poke|p2|Chien-Pao, L50|\n|teampreview|4\nFancy Cucudrula has agreed to open team sheets.\nlujan31 has agreed to open team sheets.\n|showteam|p1|Salamence||ChoiceScarf|Intimidate|Hurricane,DracoMeteor,Tailwind,AirSlash|||M|||50|,,,,,Flying]Armarouge||LifeOrb|FlashFire|ArmorCannon,Psyshock,TrickRoom,WideGuard|||M|||50|,,,,,Grass]Ogerpon-Wellspring||WellspringMask|WaterAbsorb|IvyCudgel,HornLeech,SpikyShield,Taunt|||F|||50|,,,,,Water]Politoed||SitrusBerry|Drizzle|Protect,WeatherBall,Haze,HelpingHand|||M|||50|,,,,,Poison]Scizor||ChoiceBand|Technician|BulletPunch,BugBite,DualWingbeat,CloseCombat|||F|||50|,,,,,Dragon]Flutter Mane||FocusSash|Protosynthesis|Moonblast,ShadowBall,Protect,IcyWind||||||50|,,,,,Fairy\n|showteam|p2|Flutter Mane||ChoiceSpecs|Protosynthesis|DazzlingGleam,Moonblast,ShadowBall,PerishSong||||||50|,,,,,Fairy]Amoonguss||RockyHelmet|Regenerator|RagePowder,PollenPuff,Spore,Protect|||F|||50|,,,,,Water]Heatran||SafetyGoggles|FlashFire|HeatWave,EarthPower,FlashCannon,Protect|||F|||50|,,,,,Fairy]Iron Hands||AssaultVest|QuarkDrive|DrainPunch,WildCharge,HeavySlam,FakeOut||||||50|,,,,,Water]Landorus-Therian||ChoiceScarf|Intimidate|StompingTantrum,TeraBlast,RockSlide,Uturn|||M|||50|,,,,,Flying]Chien-Pao||FocusSash|SwordofRuin|IceSpinner,SuckerPunch,Haze,Protect||||||50|,,,,,Ghost\n|inactive|Battle timer is ON: inactive players will automatically lose when time's up. (requested by Fancy Cucudrula)\n|inactive|lujan31 has 60 seconds left.\n|inactive|Fancy Cucudrula has 60 seconds left.\n|inactive|lujan31 has 30 seconds left.\n|inactive|lujan31 has 20 seconds left.\n|inactive|lujan31 has 15 seconds left.\n|inactive|lujan31 has 10 seconds left.\n|inactive|lujan31 has 5 seconds left.\n|\n|t:|1700275988\n|start\n|switch|p1a: Scizor|Scizor, L50, F|100\/100\n|switch|p1b: Salamence|Salamence, L50, M|100\/100\n|switch|p2a: Luquisha|Landorus-Therian, L50, M|100\/100\n|switch|p2b: Sasha Colby|Flutter Mane, L50|100\/100\n|-ability|p1b: Salamence|Intimidate|boost\n|-unboost|p2a: Luquisha|atk|1\n|-unboost|p2b: Sasha Colby|atk|1\n|-ability|p2a: Luquisha|Intimidate|boost\n|-unboost|p1a: Scizor|atk|1\n|-unboost|p1b: Salamence|atk|1\n|turn|1\n|inactive|lujan31 has 30 seconds left.\n|inactive|Fancy Cucudrula has 30 seconds left.\n|inactive|lujan31 has 20 seconds left.\n|inactive|Fancy Cucudrula has 20 seconds left.\n|inactive|lujan31 has 15 seconds left.\n|inactive|lujan31 has 10 seconds left.\n|inactive|lujan31 has 5 seconds left.\n|\n|t:|1700276042\n|-end|p2b: Sasha Colby|Protosynthesis|[silent]\n|switch|p2b: Mistress|Iron Hands, L50, shiny|100\/100\n|move|p1a: Scizor|Bullet Punch|p2b: Mistress\n|-resisted|p2b: Mistress\n|-damage|p2b: Mistress|89\/100\n|move|p1b: Salamence|Air Slash|p2a: Luquisha\n|-damage|p2a: Luquisha|59\/100\n|move|p2a: Luquisha|U-turn|p1a: Scizor\n|-resisted|p1a: Scizor\n|-damage|p1a: Scizor|89\/100\n|\n|t:|1700276051\n|switch|p2a: Brita Filter|Amoonguss, L50, F, shiny|100\/100|[from] U-turn\n|\n|upkeep\n|turn|2\n|inactive|lujan31 has 30 seconds left.\n|inactive|lujan31 has 20 seconds left.\n|inactive|lujan31 has 15 seconds left.\n|\n|t:|1700276093\n|switch|p1a: Armarouge|Armarouge, L50, M|100\/100\n|move|p2b: Mistress|Fake Out|p1b: Salamence\n|-damage|p1b: Salamence|82\/100\n|cant|p1b: Salamence|flinch\n|move|p2a: Brita Filter|Spore|p1b: Salamence\n|-status|p1b: Salamence|slp|[from] move: Spore\n|\n|upkeep\n|turn|3\n|inactive|lujan31 has 30 seconds left.\n|\n|t:|1700276128\n|-terastallize|p1a: Armarouge|Grass\n|-terastallize|p2a: Brita Filter|Water\n|cant|p1b: Salamence|slp\n|move|p1a: Armarouge|Psyshock|p2b: Mistress\n|-supereffective|p2b: Mistress\n|-damage|p2b: Mistress|23\/100\n|-damage|p1a: Armarouge|91\/100|[from] item: Life Orb\n|move|p2b: Mistress|Wild Charge|p1b: Salamence\n|-damage|p1b: Salamence|23\/100 slp\n|-damage|p2b: Mistress|12\/100|[from] Recoil\n|move|p2a: Brita Filter|Spore|p1a: Armarouge\n|-immune|p1a: Armarouge\n|\n|upkeep\n|turn|4\n|\n|t:|1700276150\n|-curestatus|p1b: Salamence|slp|[msg]\n|move|p1b: Salamence|Air Slash|p2a: Brita Filter\n|-damage|p2a: Brita Filter|68\/100\n|move|p1a: Armarouge|Psyshock|p2b: Mistress\n|-supereffective|p2b: Mistress\n|-damage|p2b: Mistress|0 fnt\n|faint|p2b: Mistress\n|-end|p2b: Mistress|Quark Drive|[silent]\n|-damage|p1a: Armarouge|81\/100|[from] item: Life Orb\n|move|p2a: Brita Filter|Pollen Puff|p1a: Armarouge\n|-supereffective|p1a: Armarouge\n|-damage|p1a: Armarouge|35\/100\n|\n|upkeep\n|\n|t:|1700276156\n|switch|p2b: Luquisha|Landorus-Therian, L50, M|59\/100\n|-ability|p2b: Luquisha|Intimidate|boost\n|-unboost|p1a: Armarouge|atk|1\n|-unboost|p1b: Salamence|atk|1\n|turn|5\n|inactive|lujan31 has 30 seconds left.\n|\n|t:|1700276184\n|move|p1a: Armarouge|Wide Guard|p1a: Armarouge\n|-singleturn|p1a: Armarouge|Wide Guard\n|move|p1b: Salamence|Air Slash|p2b: Luquisha\n|-crit|p2b: Luquisha\n|-damage|p2b: Luquisha|4\/100\n|move|p2b: Luquisha|U-turn|p1a: Armarouge\n|-supereffective|p1a: Armarouge\n|-damage|p1a: Armarouge|0 fnt\n|faint|p1a: Armarouge\n|\n|t:|1700276192\n|switch|p2b: Sasha Colby|Flutter Mane, L50|100\/100|[from] U-turn\n|move|p2a: Brita Filter|Spore|p1b: Salamence\n|-status|p1b: Salamence|slp|[from] move: Spore\n|\n|upkeep\n|\n|t:|1700276202\n|switch|p1a: Scizor|Scizor, L50, F|89\/100\n|turn|6\n|inactive|lujan31 has 30 seconds left.\n|inactive|lujan31 has 20 seconds left.\n|inactive|lujan31 has 15 seconds left.\n|\n|t:|1700276249\n|move|p2a: Brita Filter|Rage Powder|p2a: Brita Filter\n|-singleturn|p2a: Brita Filter|move: Rage Powder\n|cant|p1b: Salamence|slp\n|move|p2b: Sasha Colby|Shadow Ball|p1b: Salamence\n|-damage|p1b: Salamence|0 fnt\n|faint|p1b: Salamence\n|move|p1a: Scizor|Dual Wingbeat|p2a: Brita Filter|[miss]\n|-miss|p1a: Scizor|p2a: Brita Filter\n|\n|upkeep\n|\n|t:|1700276259\n|switch|p1b: Flutter Mane|Flutter Mane, L50|100\/100\n|turn|7\n|inactive|lujan31 has 30 seconds left.\n|inactive|Fancy Cucudrula has 30 seconds left.\n|inactive|lujan31 has 20 seconds left.\n|inactive|lujan31 has 15 seconds left.\n|\n|t:|1700276304\n|move|p1b: Flutter Mane|Protect|p1b: Flutter Mane\n|-singleturn|p1b: Flutter Mane|Protect\n|move|p2a: Brita Filter|Rage Powder|p2a: Brita Filter\n|-singleturn|p2a: Brita Filter|move: Rage Powder\n|move|p2b: Sasha Colby|Shadow Ball|p1b: Flutter Mane\n|-activate|p1b: Flutter Mane|move: Protect\n|move|p1a: Scizor|Dual Wingbeat|p2a: Brita Filter\n|-damage|p2a: Brita Filter|40\/100\n|-damage|p1a: Scizor|73\/100|[from] item: Rocky Helmet|[of] p2a: Brita Filter\n|-damage|p2a: Brita Filter|13\/100\n|-damage|p1a: Scizor|57\/100|[from] item: Rocky Helmet|[of] p2a: Brita Filter\n|-hitcount|p2a: Brita Filter|2\n|\n|upkeep\n|turn|8\n|\n|t:|1700276321\n|move|p2a: Brita Filter|Rage Powder|p2a: Brita Filter\n|-singleturn|p2a: Brita Filter|move: Rage Powder\n|move|p1b: Flutter Mane|Moonblast|p2a: Brita Filter\n|-damage|p2a: Brita Filter|0 fnt\n|faint|p2a: Brita Filter\n|move|p2b: Sasha Colby|Shadow Ball|p1a: Scizor\n|-damage|p1a: Scizor|0 fnt\n|faint|p1a: Scizor\n|\n|upkeep\n|\n|t:|1700276328\n|switch|p2a: Luquisha|Landorus-Therian, L50, M|4\/100\n|-ability|p2a: Luquisha|Intimidate|boost\n|-unboost|p1b: Flutter Mane|atk|1\n|turn|9\n|\n|t:|1700276347\n|move|p2a: Luquisha|Stomping Tantrum|p1b: Flutter Mane\n|-damage|p1b: Flutter Mane|6\/100\n|move|p1b: Flutter Mane|Icy Wind|p2a: Luquisha|[spread] p2a,p2b\n|-supereffective|p2a: Luquisha\n|-damage|p2a: Luquisha|0 fnt\n|-damage|p2b: Sasha Colby|86\/100\n|-unboost|p2b: Sasha Colby|spe|1\n|faint|p2a: Luquisha\n|move|p2b: Sasha Colby|Shadow Ball|p1b: Flutter Mane\n|-supereffective|p1b: Flutter Mane\n|-damage|p1b: Flutter Mane|0 fnt\n|faint|p1b: Flutter Mane\n|-end|p1b: Flutter Mane|Protosynthesis|[silent]\n|\n|win|Fancy Cucudrula\n|c|&|\/uhtml prompt-fancycucudrula,Fancy Cucudrula is ready for game 2!\n|c|&|\/uhtml prompt-lujan31,lujan31 is ready for game 2!\nBoth players are ready! Starting next match!\n","uploadtime":1700276704,"views":15,"p1id":"lujan31","p2id":"fancycucudrula","formatid":"gen9vgc2023regulatione","rating":0,"private":0,"password":""}