{"id":"gen9vgc2023regulatione-1997962278","p1":"LameLiarLeo","p2":"Adroqk","format":"[Gen 9] VGC 2023 Regulation E","log":"|j|\u2606LameLiarLeo\n|j|\u203dAdroqk\n|n|\u2606LameLiarLeo|lameliarleo\n|n|\u203dAdroqk|adroqk\n|html|View the match progress at <a href=\"\/game-bestof3-gen9vgc2023regulatione-1997962277\">game-bestof3-gen9vgc2023regulatione-1997962277<\/a>\n|t:|1700872660\n|gametype|doubles\n|player|p1|LameLiarLeo|caitlin|\n|player|p2|Adroqk|170|\n|teamsize|p1|6\n|teamsize|p2|6\n|gen|9\n|tier|[Gen 9] VGC 2023 Regulation E\n|rule|Species Clause: Limit one of each Pok\u00e9mon\n|rule|Item Clause: Limit one of each item\n|clearpoke\n|poke|p1|Chi-Yu, L50|\n|poke|p1|Iron Hands, L50|\n|poke|p1|Amoonguss, L50, M|\n|poke|p1|Landorus-Therian, L50, M|\n|poke|p1|Flutter Mane, L50|\n|poke|p1|Chien-Pao, L50|\n|poke|p2|Chien-Pao, L50|\n|poke|p2|Ambipom, L50, F|\n|poke|p2|Tornadus, L50, M|\n|poke|p2|Dragonite, L50, F|\n|poke|p2|Ogerpon, L50, F|\n|poke|p2|Scizor, L50, F|\n|teampreview|4\n|inactive|Battle timer is ON: inactive players will automatically lose when time's up. (requested by LameLiarLeo)\nLameLiarLeo has agreed to open team sheets.\nAdroqk has agreed to open team sheets.\n|showteam|p1|Chi-Yu||SafetyGoggles|BeadsofRuin|HeatWave,DarkPulse,NastyPlot,Protect||||||50|,,,,,Fairy]Iron Hands||AssaultVest|QuarkDrive|FakeOut,DrainPunch,WildCharge,HeavySlam||||||50|,,,,,Fairy]Amoonguss||SitrusBerry|Regenerator|Spore,RagePowder,PollenPuff,Protect|||M|||50|,,,,,Water]Landorus-Therian||ChoiceScarf|Intimidate|StompingTantrum,TeraBlast,RockTomb,Uturn|||M|||50|,,,,,Flying]Flutter Mane||ChoiceSpecs|Protosynthesis|Moonblast,ShadowBall,DazzlingGleam,IcyWind||||||50|,,,,,Fairy]Chien-Pao||FocusSash|SwordofRuin|IceSpinner,Crunch,SuckerPunch,Protect||||||50|,,,,,Dark\n|showteam|p2|Chien-Pao||FocusSash|SwordofRuin|Protect,Haze,SuckerPunch,IcicleCrash||||||50|,,,,,Dark]Ambipom||SilkScarf|Technician|FakeOut,LastResort|||F|||50|,,,,,Normal]Tornadus||CovertCloak|Prankster|BleakwindStorm,Tailwind,Substitute,Leer|||M|||50|,,,,,Flying]Dragonite||ChoiceBand|InnerFocus|IronHead,ExtremeSpeed,StompingTantrum,Outrage|||F|||50|,,,,,Normal]Ogerpon||FigyBerry|Defiant|StompingTantrum,FollowMe,IvyCudgel,SpikyShield|||F|||50|,,,,,Grass]Scizor||SitrusBerry|Technician|SwordsDance,BulletPunch,CloseCombat,Protect|||F|||50|,,,,,Water\n|\n|t:|1700872689\n|start\n|switch|p1a: One Puch Mon|Iron Hands, L50|100\/100\n|switch|p1b: Urshi-Who|Amoonguss, L50, M|100\/100\n|switch|p2a: Ogerpon|Ogerpon, L50, F|100\/100\n|switch|p2b: Ambipom|Ambipom, L50, F|100\/100\n|turn|1\n|\n|t:|1700872712\n|move|p2b: Ambipom|Fake Out|p1a: One Puch Mon\n|-damage|p1a: One Puch Mon|78\/100\n|cant|p1a: One Puch Mon|flinch\n|move|p2a: Ogerpon|Follow Me|p2a: Ogerpon\n|-singleturn|p2a: Ogerpon|move: Follow Me\n|move|p1b: Urshi-Who|Spore|p2a: Ogerpon\n|-immune|p2a: Ogerpon\n|\n|upkeep\n|turn|2\n|\n|t:|1700872735\n|-end|p1a: One Puch Mon|Quark Drive|[silent]\n|switch|p1a: Old King|Landorus-Therian, L50, M|100\/100\n|-ability|p1a: Old King|Intimidate|boost\n|-unboost|p2a: Ogerpon|atk|1\n|-ability|p2a: Ogerpon|Defiant|boost\n|-boost|p2a: Ogerpon|atk|2\n|-unboost|p2b: Ambipom|atk|1\n|move|p2a: Ogerpon|Follow Me|p2a: Ogerpon\n|-singleturn|p2a: Ogerpon|move: Follow Me\n|move|p2b: Ambipom|Last Resort|p1a: Old King\n|-damage|p1a: Old King|49\/100\n|move|p1b: Urshi-Who|Pollen Puff|p2a: Ogerpon\n|-supereffective|p2a: Ogerpon\n|-damage|p2a: Ogerpon|55\/100\n|\n|upkeep\n|turn|3\n|inactive|Adroqk has 30 seconds left.\n|inactive|LameLiarLeo has 30 seconds left.\n|\n|t:|1700872772\n|-terastallize|p1a: Old King|Flying\n|move|p2a: Ogerpon|Spiky Shield|p2a: Ogerpon\n|-singleturn|p2a: Ogerpon|move: Protect\n|move|p1a: Old King|Tera Blast|p2b: Ambipom|[anim] Tera Blast Flying\n|-damage|p2b: Ambipom|0 fnt\n|faint|p2b: Ambipom\n|move|p1b: Urshi-Who|Pollen Puff|p2a: Ogerpon\n|-activate|p2a: Ogerpon|move: Protect\n|\n|upkeep\n|\n|t:|1700872787\n|switch|p2b: Chien-Pao|Chien-Pao, L50|100\/100\n|-ability|p2b: Chien-Pao|Sword of Ruin\n|turn|4\n|\n|t:|1700872805\n|-terastallize|p2a: Ogerpon|Grass\n|detailschange|p2a: Ogerpon|Ogerpon-Teal-Tera, L50, F, tera:Grass\n|-ability|p2a: Ogerpon|Embody Aspect (Teal)|boost\n|-boost|p2a: Ogerpon|spe|1\n|move|p2a: Ogerpon|Ivy Cudgel|p1a: Old King\n|-resisted|p1a: Old King\n|-damage|p1a: Old King|0 fnt\n|faint|p1a: Old King\n|move|p2b: Chien-Pao|Icicle Crash|p1b: Urshi-Who\n|-supereffective|p1b: Urshi-Who\n|-damage|p1b: Urshi-Who|5\/100\n|-enditem|p1b: Urshi-Who|Sitrus Berry|[eat]\n|-heal|p1b: Urshi-Who|30\/100|[from] item: Sitrus Berry\n|cant|p1b: Urshi-Who|flinch\n|\n|upkeep\n|\n|t:|1700872815\n|switch|p1a: Tiger Rawr|Chien-Pao, L50|100\/100\n|-ability|p1a: Tiger Rawr|Sword of Ruin\n|turn|5\n|\n|t:|1700872828\n|switch|p1b: One Puch Mon|Iron Hands, L50|78\/100\n|move|p2a: Ogerpon|Spiky Shield|p2a: Ogerpon\n|-singleturn|p2a: Ogerpon|move: Protect\n|move|p2b: Chien-Pao|Protect|p2b: Chien-Pao\n|-singleturn|p2b: Chien-Pao|Protect\n|move|p1a: Tiger Rawr|Ice Spinner|p2a: Ogerpon\n|-activate|p2a: Ogerpon|move: Protect\n|-damage|p1a: Tiger Rawr|88\/100|[from] Spiky Shield|[of] p2a: Ogerpon\n|\n|upkeep\n|turn|6\n|inactive|Adroqk has 30 seconds left.\n|inactive|Adroqk has 20 seconds left.\n|inactive|Adroqk has 15 seconds left.\n|\n|t:|1700872871\n|switch|p2b: Dragonite|Dragonite, L50, F|100\/100\n|move|p1b: One Puch Mon|Fake Out|p2b: Dragonite\n|-damage|p2b: Dragonite|77\/100\n|move|p1a: Tiger Rawr|Sucker Punch|p2a: Ogerpon\n|-damage|p2a: Ogerpon|0 fnt\n|faint|p2a: Ogerpon\n|\n|upkeep\n|\n|t:|1700872880\n|switch|p2a: Chien-Pao|Chien-Pao, L50|100\/100\n|-ability|p2a: Chien-Pao|Sword of Ruin\n|turn|7\n|\n|t:|1700872904\n|move|p1a: Tiger Rawr|Protect|p1a: Tiger Rawr\n|-singleturn|p1a: Tiger Rawr|Protect\n|move|p2b: Dragonite|Extreme Speed|p1a: Tiger Rawr\n|-activate|p1a: Tiger Rawr|move: Protect\n|move|p2a: Chien-Pao|Sucker Punch||[still]\n|-fail|p2a: Chien-Pao\n|move|p1b: One Puch Mon|Drain Punch|p2a: Chien-Pao\n|-supereffective|p2a: Chien-Pao\n|-enditem|p2a: Chien-Pao|Focus Sash\n|-damage|p2a: Chien-Pao|1\/100\n|-heal|p1b: One Puch Mon|100\/100|[from] drain|[of] p2a: Chien-Pao\n|\n|upkeep\n|turn|8\n|-message|Adroqk forfeited.\n|\n|win|LameLiarLeo\n|c|&|\/uhtml prompt-adroqk,Adroqk is ready for game 2!\n|c|&|\/uhtml prompt-lameliarleo,LameLiarLeo is ready for game 2!\nBoth players are ready! Starting next match!\n","uploadtime":1700873131,"views":8,"p1id":"lameliarleo","p2id":"adroqk","formatid":"gen9vgc2023regulatione","rating":0,"private":0,"password":""}