{"id":"gen9vgc2023regulatione-1989909395","p1":"MasterofMetapods5","p2":"TheGamingMammoth","format":"[Gen 9] VGC 2023 Regulation E","log":"|j|\u2606MasterofMetapods5\n|j|\u2606TheGamingMammoth\n|t:|1699905879\n|gametype|doubles\n|player|p1|MasterofMetapods5|lance|\n|player|p2|TheGamingMammoth|169|\n|teamsize|p1|6\n|teamsize|p2|6\n|gen|9\n|tier|[Gen 9] VGC 2023 Regulation E\n|rated|Tournament battle\n|rule|Species Clause: Limit one of each Pok\u00e9mon\n|rule|Item Clause: Limit one of each item\n|clearpoke\n|poke|p1|Flutter Mane, L50|\n|poke|p1|Tyranitar, L50, F|\n|poke|p1|Landorus-Therian, L50, M|\n|poke|p1|Baxcalibur, L50, F|\n|poke|p1|Urshifu-*, L50, M|\n|poke|p1|Heatran, L50, M|\n|poke|p2|Chien-Pao, L50|\n|poke|p2|Rillaboom, L50, M|\n|poke|p2|Arcanine-Hisui, L50, F|\n|poke|p2|Urshifu-*, L50, F|\n|poke|p2|Tornadus, L50, M|\n|poke|p2|Landorus, L50, M|\n|teampreview|4\n|showteam|p1|Flutter Mane||BoosterEnergy|Protosynthesis|Protect,Moonblast,ShadowBall,IcyWind||||||50|,,,,,Fairy]Tyranitar||WeaknessPolicy|SandStream|RockSlide,Taunt,Protect,KnockOff|||F|||50|,,,,,Rock]Landorus-Therian||AssaultVest|Intimidate|SandsearStorm,TeraBlast,Uturn,RockSlide|||M|||50|,,,,,Flying]Baxcalibur||LoadedDice|ThermalExchange|ScaleShot,IcicleSpear,SwordsDance,Protect|||F|||50|,,,,,Fairy]Urshifu-Rapid-Strike||SafetyGoggles|UnseenFist|SurgingStrikes,CloseCombat,AquaJet,Detect|||M|||50|,,,,,Water]Heatran||Leftovers|FlashFire|HeatWave,EarthPower,Protect,TeraBlast|||M|||50|,,,,,Grass\n|showteam|p2|Chien-Pao||FocusSash|SwordofRuin|SuckerPunch,IcicleCrash,SacredSword,Protect||||||50|,,,,,Ghost]Rillaboom||AssaultVest|GrassySurge|WoodHammer,GrassyGlide,Uturn,FakeOut|||M|||50|,,,,,Fire]Arcanine-Hisui||ChoiceBand|Intimidate|FlareBlitz,TeraBlast,RockSlide,ExtremeSpeed|||F|||50|,,,,,Fairy]Urshifu-Rapid-Strike||SplashPlate|UnseenFist|SurgingStrikes,AquaJet,CloseCombat,Detect|||F|||50|,,,,,Water]Tornadus||CovertCloak|Prankster|Tailwind,Taunt,RainDance,BleakwindStorm|||M|||50|,,,,,Dark]Landorus||LifeOrb|SheerForce|SludgeBomb,SandsearStorm,EarthPower,Protect|||M|||50|,,,,,Poison\n|c|\u2606MasterofMetapods5|glhf\n|\n|t:|1699905916\n|start\n|switch|p1a: Flutter Mane|Flutter Mane, L50|100\/100\n|switch|p1b: Landorus|Landorus-Therian, L50, M|100\/100\n|switch|p2a: Tornadus|Tornadus, L50, M|100\/100\n|switch|p2b: Landorus|Landorus, L50, M|100\/100\n|-ability|p1b: Landorus|Intimidate|boost\n|-unboost|p2a: Tornadus|atk|1\n|-unboost|p2b: Landorus|atk|1\n|-enditem|p1a: Flutter Mane|Booster Energy\n|-activate|p1a: Flutter Mane|ability: Protosynthesis|[fromitem]\n|-start|p1a: Flutter Mane|protosynthesisspe\n|turn|1\n|\n|t:|1699905946\n|move|p2b: Landorus|Protect|p2b: Landorus\n|-singleturn|p2b: Landorus|Protect\n|move|p1a: Flutter Mane|Icy Wind|p2a: Tornadus|[spread] p2a\n|-activate|p2b: Landorus|move: Protect\n|-supereffective|p2a: Tornadus\n|-damage|p2a: Tornadus|76\/100\n|move|p2a: Tornadus|Bleakwind Storm|p1b: Landorus|[spread] p1a,p1b\n|-damage|p1a: Flutter Mane|75\/100\n|-damage|p1b: Landorus|79\/100\n|-unboost|p1b: Landorus|spe|1\n|move|p1b: Landorus|Rock Slide|p2a: Tornadus|[spread] p2a\n|-activate|p2b: Landorus|move: Protect\n|-supereffective|p2a: Tornadus\n|-damage|p2a: Tornadus|44\/100\n|\n|upkeep\n|turn|2\n|\n|t:|1699905974\n|-terastallize|p2b: Landorus|Poison\n|move|p2a: Tornadus|Tailwind|p2a: Tornadus\n|-sidestart|p2: TheGamingMammoth|move: Tailwind\n|move|p2b: Landorus|Sludge Bomb|p1a: Flutter Mane\n|-damage|p1a: Flutter Mane|3\/100\n|move|p1a: Flutter Mane|Icy Wind|p2b: Landorus|[spread] p2a,p2b\n|-supereffective|p2a: Tornadus\n|-damage|p2a: Tornadus|14\/100\n|-damage|p2b: Landorus|87\/100\n|-unboost|p2b: Landorus|spe|1\n|move|p1b: Landorus|Rock Slide|p2b: Landorus|[spread] p2a,p2b\n|-supereffective|p2a: Tornadus\n|-damage|p2a: Tornadus|0 fnt\n|-damage|p2b: Landorus|71\/100\n|faint|p2a: Tornadus\n|\n|upkeep\n|\n|t:|1699905995\n|switch|p2a: Urshifu|Urshifu-Rapid-Strike, L50, F|100\/100\n|turn|3\n|\n|t:|1699906004\n|switch|p1b: Urshifu|Urshifu-Rapid-Strike, L50, M|100\/100\n|move|p1a: Flutter Mane|Protect|p1a: Flutter Mane\n|-singleturn|p1a: Flutter Mane|Protect\n|move|p2a: Urshifu|Surging Strikes|p1b: Urshifu\n|-resisted|p1b: Urshifu\n|-crit|p1b: Urshifu\n|-damage|p1b: Urshifu|88\/100\n|-resisted|p1b: Urshifu\n|-crit|p1b: Urshifu\n|-damage|p1b: Urshifu|75\/100\n|-resisted|p1b: Urshifu\n|-crit|p1b: Urshifu\n|-damage|p1b: Urshifu|62\/100\n|-hitcount|p1b: Urshifu|3\n|move|p2b: Landorus|Sandsear Storm|p1b: Urshifu|[spread] p1b\n|-activate|p1a: Flutter Mane|move: Protect\n|-crit|p1b: Urshifu\n|-damage|p1b: Urshifu|0 fnt\n|faint|p1b: Urshifu\n|\n|upkeep\n|\n|t:|1699906012\n|switch|p1b: Heatran|Heatran, L50, M|100\/100\n|turn|4\n|\n|t:|1699906045\n|-terastallize|p1b: Heatran|Grass\n|move|p2b: Landorus|Protect|p2b: Landorus\n|-singleturn|p2b: Landorus|Protect\n|move|p2a: Urshifu|Aqua Jet|p1a: Flutter Mane\n|-damage|p1a: Flutter Mane|0 fnt\n|faint|p1a: Flutter Mane\n|-end|p1a: Flutter Mane|Protosynthesis|[silent]\n|move|p1b: Heatran|Tera Blast|p2a: Urshifu|[anim] Tera Blast Grass\n|-supereffective|p2a: Urshifu\n|-damage|p2a: Urshifu|0 fnt\n|faint|p2a: Urshifu\n|\n|upkeep\n|\n|t:|1699906055\n|switch|p1a: Landorus|Landorus-Therian, L50, M|79\/100\n|switch|p2a: Chien-Pao|Chien-Pao, L50|100\/100\n|-ability|p2a: Chien-Pao|Sword of Ruin\n|-ability|p1a: Landorus|Intimidate|boost\n|-unboost|p2a: Chien-Pao|atk|1\n|-unboost|p2b: Landorus|atk|1\n|turn|5\n|\n|t:|1699906063\n|move|p2a: Chien-Pao|Icicle Crash|p1a: Landorus|[miss]\n|-miss|p2a: Chien-Pao|p1a: Landorus\n|move|p2b: Landorus|Sludge Bomb|p1b: Heatran\n|-supereffective|p1b: Heatran\n|-damage|p1b: Heatran|0 fnt\n|faint|p1b: Heatran\n|move|p1a: Landorus|Sandsear Storm|p2a: Chien-Pao|[spread] p2a,p2b\n|-supereffective|p2b: Landorus\n|-damage|p2a: Chien-Pao|48\/100\n|-damage|p2b: Landorus|0 fnt\n|faint|p2b: Landorus\n|\n|-sideend|p2: TheGamingMammoth|move: Tailwind\n|upkeep\n|turn|6\n|\n|t:|1699906072\n|move|p2a: Chien-Pao|Icicle Crash|p1a: Landorus|[miss]\n|-miss|p2a: Chien-Pao|p1a: Landorus\n|move|p1a: Landorus|U-turn|p2a: Chien-Pao\n|-supereffective|p2a: Chien-Pao\n|-damage|p2a: Chien-Pao|0 fnt\n|faint|p2a: Chien-Pao\n|\n|win|MasterofMetapods5\n|n|\u2606MasterofMetapods5|masterofmetapods5\n|n|\u2606TheGamingMammoth|thegamingmammoth\n|c|\u2606MasterofMetapods5|my b\n|c|\u2606TheGamingMammoth|no fucking way\n|c|\u2606TheGamingMammoth|no fucking way\n|c|\u2606TheGamingMammoth|ima kms\n","uploadtime":1699906219,"views":7,"p1id":"masterofmetapods5","p2id":"thegamingmammoth","formatid":"gen9vgc2023regulatione","rating":0,"private":0,"password":""}