{"id":"gen9vgc2023regulatione-1998428095","p1":"jaymac011","p2":"jomagames12","format":"[Gen 9] VGC 2023 Regulation E","log":"|j|\u2606jaymac011\n|j|\u2606jomagames12\n|t:|1700941194\n|gametype|doubles\n|player|p1|jaymac011|lucas|1244\n|player|p2|jomagames12|giovanni|1212\n|teamsize|p1|6\n|teamsize|p2|6\n|gen|9\n|tier|[Gen 9] VGC 2023 Regulation E\n|rated|\n|rule|Species Clause: Limit one of each Pok\u00e9mon\n|rule|Item Clause: Limit one of each item\n|clearpoke\n|poke|p1|Iron Bundle, L50|\n|poke|p1|Tornadus, L50, M|\n|poke|p1|Flutter Mane, L50|\n|poke|p1|Heatran, L50, M|\n|poke|p1|Ursaluna, L50, F|\n|poke|p1|Rillaboom, L50, F|\n|poke|p2|Sinistcha, L50|\n|poke|p2|Kingambit, L50, F|\n|poke|p2|Rotom-Heat, L50|\n|poke|p2|Kommo-o, L50, F|\n|poke|p2|Tornadus, L50, M|\n|poke|p2|Ursaluna-Bloodmoon, L50, M|\n|teampreview|4\n|\n|t:|1700941245\n|start\n|switch|p1a: Tornadus|Tornadus, L50, M|100\/100\n|switch|p1b: Iron Bundle|Iron Bundle, L50|100\/100\n|switch|p2a: Kommo-o|Kommo-o, L50, F|100\/100\n|switch|p2b: Rotom|Rotom-Heat, L50|100\/100\n|-enditem|p1b: Iron Bundle|Booster Energy\n|-activate|p1b: Iron Bundle|ability: Quark Drive|[fromitem]\n|-start|p1b: Iron Bundle|quarkdrivespe\n|turn|1\n|\n|t:|1700941267\n|move|p1a: Tornadus|Taunt|p2a: Kommo-o\n|-start|p2a: Kommo-o|move: Taunt\n|move|p1b: Iron Bundle|Hydro Pump|p2b: Rotom\n|-supereffective|p2b: Rotom\n|-damage|p2b: Rotom|0 fnt\n|faint|p2b: Rotom\n|cant|p2a: Kommo-o|move: Taunt|Swords Dance\n|\n|upkeep\n|\n|t:|1700941279\n|switch|p2b: Tornadus|Tornadus, L50, M|100\/100\n|turn|2\n|\n|t:|1700941299\n|-terastallize|p2a: Kommo-o|Steel\n|move|p2b: Tornadus|Tailwind|p2b: Tornadus\n|-sidestart|p2: jomagames12|move: Tailwind\n|move|p1a: Tornadus|Taunt|p2b: Tornadus\n|-start|p2b: Tornadus|move: Taunt\n|move|p1b: Iron Bundle|Icy Wind|p2a: Kommo-o|[spread] p2a,p2b\n|-resisted|p2a: Kommo-o\n|-supereffective|p2b: Tornadus\n|-damage|p2a: Kommo-o|91\/100\n|-damage|p2b: Tornadus|51\/100\n|-unboost|p2a: Kommo-o|spe|1\n|move|p2a: Kommo-o|Drain Punch|p1b: Iron Bundle\n|-supereffective|p1b: Iron Bundle\n|-damage|p1b: Iron Bundle|0 fnt\n|-heal|p2a: Kommo-o|100\/100|[from] drain|[of] p1b: Iron Bundle\n|faint|p1b: Iron Bundle\n|-end|p1b: Iron Bundle|Quark Drive|[silent]\n|-damage|p2a: Kommo-o|91\/100|[from] item: Life Orb\n|\n|upkeep\n|\n|t:|1700941319\n|switch|p1b: Heatran|Heatran, L50, M|100\/100\n|turn|3\n|\n|t:|1700941327\n|move|p1a: Tornadus|Tailwind|p1a: Tornadus\n|-sidestart|p1: jaymac011|move: Tailwind\n|move|p2b: Tornadus|Bleakwind Storm|p1a: Tornadus|[spread] p1a,p1b\n|-resisted|p1b: Heatran\n|-damage|p1a: Tornadus|64\/100\n|-damage|p1b: Heatran|88\/100\n|move|p1b: Heatran|Heat Wave|p2b: Tornadus|[spread] p2a,p2b\n|-supereffective|p2a: Kommo-o\n|-damage|p2a: Kommo-o|17\/100\n|-damage|p2b: Tornadus|3\/100\n|move|p2a: Kommo-o|Drain Punch|p1b: Heatran\n|-supereffective|p1b: Heatran\n|-damage|p1b: Heatran|9\/100\n|-heal|p2a: Kommo-o|60\/100|[from] drain|[of] p1b: Heatran\n|-enditem|p1b: Heatran|Sitrus Berry|[eat]\n|-heal|p1b: Heatran|34\/100|[from] item: Sitrus Berry\n|-damage|p2a: Kommo-o|50\/100|[from] item: Life Orb\n|\n|-end|p2a: Kommo-o|move: Taunt\n|upkeep\n|turn|4\n|\n|t:|1700941351\n|-terastallize|p1b: Heatran|Grass\n|move|p2b: Tornadus|Bleakwind Storm|p1a: Tornadus|[spread] p1a,p1b\n|-supereffective|p1b: Heatran\n|-crit|p1b: Heatran\n|-damage|p1a: Tornadus|22\/100\n|-damage|p1b: Heatran|0 fnt\n|faint|p1b: Heatran\n|move|p1a: Tornadus|Bleakwind Storm|p2b: Tornadus|[spread] p2a,p2b\n|-resisted|p2a: Kommo-o\n|-damage|p2a: Kommo-o|32\/100\n|-damage|p2b: Tornadus|0 fnt\n|faint|p2b: Tornadus\n|move|p2a: Kommo-o|Drain Punch|p1a: Tornadus\n|-resisted|p1a: Tornadus\n|-damage|p1a: Tornadus|0 fnt\n|-heal|p2a: Kommo-o|43\/100|[from] drain|[of] p1a: Tornadus\n|faint|p1a: Tornadus\n|-damage|p2a: Kommo-o|33\/100|[from] item: Life Orb\n|\n|upkeep\n|\n|t:|1700941369\n|switch|p2b: Sinistcha|Sinistcha, L50|100\/100\n|switch|p1b: Ursaluna|Ursaluna, L50, F|100\/100\n|-heal|p2a: Kommo-o|58\/100|[from] ability: Hospitality|[of] p2b: Sinistcha\n|turn|5\n|\n|t:|1700941385\n|move|p1b: Ursaluna|Headlong Rush|p2a: Kommo-o\n|-supereffective|p2a: Kommo-o\n|-damage|p2a: Kommo-o|0 fnt\n|-unboost|p1b: Ursaluna|def|1\n|-unboost|p1b: Ursaluna|spd|1\n|faint|p2a: Kommo-o\n|move|p2b: Sinistcha|Matcha Gotcha|p1b: Ursaluna\n|-supereffective|p1b: Ursaluna\n|-damage|p1b: Ursaluna|0 fnt\n|faint|p1b: Ursaluna\n|\n|win|jomagames12\n|raw|jaymac011's rating: 1244 &rarr; <strong>1217<\/strong><br \/>(-27 for losing)\n|raw|jomagames12's rating: 1212 &rarr; <strong>1239<\/strong><br \/>(+27 for winning)\n|l|\u2606jaymac011\n|l|\u2606jomagames12\n|j|\u2606jomagames12\n|player|p2|jomagames12|giovanni\n","uploadtime":1700941497,"views":4,"p1id":"jaymac011","p2id":"jomagames12","formatid":"gen9vgc2023regulatione","rating":1217,"private":0,"password":""}