{"id":"gen9vgc2023regulatione-1988319522","p1":"raykit123","p2":"rpjoca","format":"[Gen 9] VGC 2023 Regulation E","log":"|j|\u2606raykit123\n|j|\u2606rpjoca\n|t:|1699707819\n|gametype|doubles\n|player|p1|raykit123|hilbert|1317\n|player|p2|rpjoca|steven|1310\n|teamsize|p1|6\n|teamsize|p2|6\n|gen|9\n|tier|[Gen 9] VGC 2023 Regulation E\n|rated|\n|rule|Species Clause: Limit one of each Pok\u00e9mon\n|rule|Item Clause: Limit one of each item\n|clearpoke\n|poke|p1|Ursaluna, L50, M|\n|poke|p1|Cresselia, L50, F|\n|poke|p1|Torkoal, L50, M|\n|poke|p1|Lilligant-Hisui, L50, F|\n|poke|p1|Glastrier, L50|\n|poke|p1|Annihilape, L50, M|\n|poke|p2|Zoroark-Hisui, L50, F|\n|poke|p2|Ursaluna, L50, F|\n|poke|p2|Heatran, L50, M|\n|poke|p2|Sylveon, L50, M|\n|poke|p2|Cresselia, L50, F|\n|poke|p2|Kingambit, L50, M|\n|teampreview|4\n|inactive|Battle timer is ON: inactive players will automatically lose when time's up. (requested by rpjoca)\n|\n|t:|1699707842\n|start\n|switch|p1a: Annihilape|Annihilape, L50, M|100\/100\n|switch|p1b: Cresselia|Cresselia, L50, F, shiny|100\/100\n|switch|p2a: Ursaluna|Ursaluna, L50, F|100\/100\n|switch|p2b: Sylveon|Sylveon, L50, M|100\/100\n|turn|1\n|\n|t:|1699707853\n|move|p2a: Ursaluna|Protect|p2a: Ursaluna\n|-singleturn|p2a: Ursaluna|Protect\n|move|p1a: Annihilape|Final Gambit|p2a: Ursaluna\n|-activate|p2a: Ursaluna|move: Protect\n|move|p2b: Sylveon|Hyper Voice|p1a: Annihilape|[spread] p1a,p1b\n|-supereffective|p1a: Annihilape\n|-damage|p1a: Annihilape|19\/100\n|-damage|p1b: Cresselia|78\/100\n|move|p1b: Cresselia|Trick Room|p1b: Cresselia\n|-fieldstart|move: Trick Room|[of] p1b: Cresselia\n|\n|-status|p2a: Ursaluna|brn|[from] item: Flame Orb\n|upkeep\n|turn|2\n|\n|t:|1699707874\n|move|p2b: Sylveon|Hyper Voice|p1b: Cresselia|[spread] p1a,p1b\n|-supereffective|p1a: Annihilape\n|-damage|p1a: Annihilape|0 fnt\n|-damage|p1b: Cresselia|53\/100\n|faint|p1a: Annihilape\n|move|p1b: Cresselia|Moonblast|p2b: Sylveon\n|-damage|p2b: Sylveon|88\/100\n|move|p2a: Ursaluna|Swords Dance|p2a: Ursaluna\n|-boost|p2a: Ursaluna|atk|2\n|\n|-damage|p2a: Ursaluna|94\/100 brn|[from] brn\n|upkeep\n|\n|t:|1699707880\n|switch|p1a: Torkoal|Torkoal, L50, M, shiny|100\/100\n|-weather|SunnyDay|[from] ability: Drought|[of] p1a: Torkoal\n|turn|3\n|\n|t:|1699707894\n|-terastallize|p1a: Torkoal|Fire\n|-terastallize|p2b: Sylveon|Fire\n|move|p2a: Ursaluna|Protect|p2a: Ursaluna\n|-singleturn|p2a: Ursaluna|Protect\n|move|p1a: Torkoal|Eruption|p2a: Ursaluna|[spread] p2b\n|-activate|p2a: Ursaluna|move: Protect\n|-resisted|p2b: Sylveon\n|-damage|p2b: Sylveon|48\/100\n|-enditem|p2b: Sylveon|Sitrus Berry|[eat]\n|-heal|p2b: Sylveon|73\/100|[from] item: Sitrus Berry\n|move|p2b: Sylveon|Tera Blast|p1a: Torkoal|[anim] Tera Blast Fire\n|-resisted|p1a: Torkoal\n|-damage|p1a: Torkoal|54\/100\n|move|p1b: Cresselia|Moonblast|p2a: Ursaluna\n|-activate|p2a: Ursaluna|move: Protect\n|\n|-weather|SunnyDay|[upkeep]\n|-damage|p2a: Ursaluna|88\/100 brn|[from] brn\n|upkeep\n|turn|4\n|inactive|rpjoca has 30 seconds left.\n|\n|t:|1699707920\n|switch|p2a: Cresselia|Cresselia, L50, F|100\/100\n|move|p1a: Torkoal|Heat Wave|p2a: Cresselia|[spread] p2a,p2b\n|-crit|p2a: Cresselia\n|-resisted|p2b: Sylveon\n|-damage|p2a: Cresselia|45\/100\n|-damage|p2b: Sylveon|47\/100\n|move|p2b: Sylveon|Tera Blast|p1a: Torkoal|[anim] Tera Blast Fire\n|-resisted|p1a: Torkoal\n|-damage|p1a: Torkoal|3\/100\n|move|p1b: Cresselia|Moonblast|p2a: Cresselia\n|-damage|p2a: Cresselia|36\/100\n|\n|-weather|SunnyDay|[upkeep]\n|upkeep\n|turn|5\n|\n|t:|1699707935\n|move|p1a: Torkoal|Heat Wave|p2b: Sylveon|[spread] p2a,p2b\n|-resisted|p2b: Sylveon\n|-damage|p2a: Cresselia|0 fnt\n|-damage|p2b: Sylveon|22\/100\n|faint|p2a: Cresselia\n|move|p2b: Sylveon|Tera Blast|p1a: Torkoal|[anim] Tera Blast Fire\n|-resisted|p1a: Torkoal\n|-damage|p1a: Torkoal|0 fnt\n|faint|p1a: Torkoal\n|move|p1b: Cresselia|Moonblast|p2b: Sylveon\n|-resisted|p2b: Sylveon\n|-damage|p2b: Sylveon|16\/100\n|\n|-weather|SunnyDay|[upkeep]\n|-fieldend|move: Trick Room\n|upkeep\n|\n|t:|1699707946\n|switch|p2a: Ursaluna|Ursaluna, L50, F|88\/100 brn\n|switch|p1a: Ursaluna|Ursaluna, L50, M, shiny|100\/100\n|turn|6\n|\n|t:|1699707958\n|move|p1a: Ursaluna|Protect|p1a: Ursaluna\n|-singleturn|p1a: Ursaluna|Protect\n|move|p1b: Cresselia|Ally Switch|p1b: Cresselia\n|swap|p1b: Cresselia|0|[from] move: Ally Switch\n|move|p2a: Ursaluna|Facade|p1b: Ursaluna\n|-activate|p1b: Ursaluna|move: Protect\n|move|p2b: Sylveon|Hyper Voice|p1a: Cresselia|[spread] p1a\n|-activate|p1b: Ursaluna|move: Protect\n|-damage|p1a: Cresselia|28\/100\n|\n|-weather|SunnyDay|[upkeep]\n|-damage|p2a: Ursaluna|82\/100 brn|[from] brn\n|-status|p1b: Ursaluna|brn|[from] item: Flame Orb\n|upkeep\n|turn|7\n|\n|t:|1699707979\n|move|p2b: Sylveon|Protect|p2b: Sylveon\n|-singleturn|p2b: Sylveon|Protect\n|move|p2a: Ursaluna|Facade|p1a: Cresselia\n|-damage|p1a: Cresselia|0 fnt\n|faint|p1a: Cresselia\n|move|p1b: Ursaluna|Drain Punch|p2a: Ursaluna\n|-immune|p2a: Ursaluna\n|\n|-weather|none\n|-damage|p2a: Ursaluna|76\/100 brn|[from] brn\n|-damage|p1b: Ursaluna|95\/100 brn|[from] brn\n|upkeep\n|turn|8\n|inactive|raykit123 has 30 seconds left.\n|-message|raykit123 forfeited.\n|\n|win|rpjoca\n|raw|raykit123's rating: 1317 &rarr; <strong>1297<\/strong><br \/>(-20 for losing)\n|raw|rpjoca's rating: 1310 &rarr; <strong>1330<\/strong><br \/>(+20 for winning)\n|l|\u2606raykit123\n","uploadtime":1699708037,"views":26,"p1id":"raykit123","p2id":"rpjoca","formatid":"gen9vgc2023regulatione","rating":1297,"private":0,"password":""}