{"id":"gen9vgc2023regulatione-1994309904","p1":"PINKYCURCHLORD","p2":"mookystank","format":"[Gen 9] VGC 2023 Regulation E","log":"|j|\u2606PINKYCURCHLORD\n|j|\u2606mookystank\n|t:|1700429646\n|gametype|doubles\n|player|p1|PINKYCURCHLORD|burglar|1141\n|player|p2|mookystank|266|1222\n|teamsize|p1|6\n|teamsize|p2|6\n|gen|9\n|tier|[Gen 9] VGC 2023 Regulation E\n|rated|\n|rule|Species Clause: Limit one of each Pok\u00e9mon\n|rule|Item Clause: Limit one of each item\n|clearpoke\n|poke|p1|Pincurchin, L50, F|\n|poke|p1|Iron Hands, L50|\n|poke|p1|Farigiraf, L50, F|\n|poke|p1|Iron Bundle, L50|\n|poke|p1|Ninetales-Alola, L50, M|\n|poke|p1|Heatran, L50, M|\n|poke|p2|Arcanine-Hisui, L50, M|\n|poke|p2|Ogerpon, L50, F|\n|poke|p2|Chien-Pao, L50|\n|poke|p2|Urshifu-*, L50, M|\n|poke|p2|Salamence, L50, F|\n|poke|p2|Tornadus, L50, M|\n|teampreview|4\n|inactive|Battle timer is ON: inactive players will automatically lose when time's up. (requested by PINKYCURCHLORD)\n|inactive|PINKYCURCHLORD has 60 seconds left.\n|inactive|mookystank has 60 seconds left.\n|inactive|mookystank has 30 seconds left.\n|inactive|mookystank has 20 seconds left.\n|inactive|PINKYCURCHLORD has 30 seconds left.\n|inactive|mookystank has 15 seconds left.\n|inactive|mookystank has 10 seconds left.\n|inactive|mookystank has 5 seconds left.\n|\n|t:|1700429732\n|start\n|switch|p1a: Iron Hands|Iron Hands, L50|100\/100\n|switch|p1b: Farigiraf|Farigiraf, L50, F|100\/100\n|switch|p2a: Tornadus|Tornadus, L50, M|100\/100\n|switch|p2b: Salamence|Salamence, L50, F|100\/100\n|-ability|p2b: Salamence|Intimidate|boost\n|-unboost|p1a: Iron Hands|atk|1\n|-unboost|p1b: Farigiraf|atk|1\n|turn|1\n|inactive|mookystank has 30 seconds left.\n|inactive|mookystank has 20 seconds left.\n|inactive|mookystank has 15 seconds left.\n|\n|t:|1700429774\n|move|p1a: Iron Hands|Fake Out|p2b: Salamence\n|-damage|p2b: Salamence|86\/100\n|move|p2a: Tornadus|Rain Dance|p2a: Tornadus\n|-weather|RainDance\n|cant|p2b: Salamence|flinch\n|move|p1b: Farigiraf|Trick Room|p1b: Farigiraf\n|-fieldstart|move: Trick Room|[of] p1b: Farigiraf\n|\n|-weather|RainDance|[upkeep]\n|upkeep\n|turn|2\n|inactive|mookystank has 30 seconds left.\n|inactive|PINKYCURCHLORD has 30 seconds left.\n|inactive|mookystank has 20 seconds left.\n|inactive|mookystank has 15 seconds left.\n|inactive|mookystank has 10 seconds left.\n|\n|t:|1700429822\n|switch|p2a: Arcanine|Arcanine-Hisui, L50, M|100\/100\n|-ability|p2a: Arcanine|Intimidate|boost\n|-unboost|p1a: Iron Hands|atk|1\n|-unboost|p1b: Farigiraf|atk|1\n|-terastallize|p1b: Farigiraf|Fairy\n|-terastallize|p2b: Salamence|Poison\n|move|p1a: Iron Hands|Wild Charge|p2a: Arcanine\n|-damage|p2a: Arcanine|70\/100\n|-damage|p1a: Iron Hands|94\/100|[from] Recoil\n|move|p1b: Farigiraf|Dazzling Gleam|p2b: Salamence|[spread] p2a,p2b\n|-resisted|p2a: Arcanine\n|-resisted|p2b: Salamence\n|-damage|p2a: Arcanine|60\/100\n|-damage|p2b: Salamence|69\/100\n|move|p2b: Salamence|Hurricane|p1b: Farigiraf\n|-damage|p1b: Farigiraf|44\/100\n|-enditem|p1b: Farigiraf|Sitrus Berry|[eat]\n|-heal|p1b: Farigiraf|68\/100|[from] item: Sitrus Berry\n|-damage|p2b: Salamence|59\/100|[from] item: Life Orb\n|\n|-weather|RainDance|[upkeep]\n|upkeep\n|turn|3\n|inactive|mookystank has 30 seconds left.\n|\n|t:|1700429851\n|-end|p1a: Iron Hands|Quark Drive|[silent]\n|switch|p1a: Pincurchin|Pincurchin, L50, F, shiny|100\/100\n|-fieldstart|move: Electric Terrain|[from] ability: Electric Surge|[of] p1a: Pincurchin\n|switch|p2a: Tornadus|Tornadus, L50, M|100\/100\n|move|p2b: Salamence|Protect|p2b: Salamence\n|-singleturn|p2b: Salamence|Protect\n|move|p1b: Farigiraf|Psychic|p2b: Salamence\n|-activate|p2b: Salamence|move: Protect\n|\n|-weather|RainDance|[upkeep]\n|upkeep\n|turn|4\n|inactive|PINKYCURCHLORD has 30 seconds left.\n|\n|t:|1700429877\n|switch|p2b: Arcanine|Arcanine-Hisui, L50, M|60\/100\n|-ability|p2b: Arcanine|Intimidate|boost\n|-unboost|p1a: Pincurchin|atk|1\n|-unboost|p1b: Farigiraf|atk|1\n|move|p1a: Pincurchin|Acupressure|p1b: Farigiraf\n|-boost|p1b: Farigiraf|def|2\n|move|p1b: Farigiraf|Psychic|p2b: Arcanine\n|-damage|p2b: Arcanine|31\/100\n|move|p2a: Tornadus|Bleakwind Storm|p1b: Farigiraf|[spread] p1a,p1b\n|-resisted|p1a: Pincurchin\n|-damage|p1a: Pincurchin|81\/100\n|-damage|p1b: Farigiraf|31\/100\n|\n|-weather|RainDance|[upkeep]\n|upkeep\n|turn|5\n|inactive|mookystank has 30 seconds left.\n|inactive|PINKYCURCHLORD has 30 seconds left.\n|inactive|mookystank has 20 seconds left.\n|\n|t:|1700429915\n|switch|p1a: Iron Hands|Iron Hands, L50|94\/100\n|-activate|p1a: Iron Hands|ability: Quark Drive\n|-start|p1a: Iron Hands|quarkdriveatk\n|move|p2b: Arcanine|Extreme Speed||[still]\n|cant|p1b: Farigiraf|ability: Armor Tail|Extreme Speed|[of] p2b: Arcanine\n|move|p2a: Tornadus|Tailwind|p2a: Tornadus\n|-sidestart|p2: mookystank|move: Tailwind\n|move|p1b: Farigiraf|Psychic|p2a: Tornadus\n|-damage|p2a: Tornadus|50\/100\n|\n|-weather|none\n|-fieldend|move: Trick Room\n|upkeep\n|turn|6\n|inactive|mookystank has 30 seconds left.\n|\n|t:|1700429949\n|move|p1a: Iron Hands|Fake Out|p2a: Tornadus\n|-damage|p2a: Tornadus|16\/100\n|move|p2a: Tornadus|Bleakwind Storm|p1b: Farigiraf|[spread] p1a,p1b\n|-damage|p1a: Iron Hands|75\/100\n|-damage|p1b: Farigiraf|0 fnt\n|-unboost|p1a: Iron Hands|spe|1\n|faint|p1b: Farigiraf\n|move|p2b: Arcanine|Rock Slide|p1a: Iron Hands\n|-resisted|p1a: Iron Hands\n|-damage|p1a: Iron Hands|61\/100\n|\n|upkeep\n|\n|t:|1700429958\n|switch|p1b: Iron Bundle|Iron Bundle, L50|100\/100\n|-activate|p1b: Iron Bundle|ability: Quark Drive\n|-start|p1b: Iron Bundle|quarkdrivespe\n|turn|7\n|inactive|mookystank has 30 seconds left.\n|\n|t:|1700429989\n|move|p2a: Tornadus|Rain Dance|p2a: Tornadus\n|-weather|RainDance\n|move|p1b: Iron Bundle|Icy Wind|p2a: Tornadus|[spread] p2a,p2b\n|-supereffective|p2a: Tornadus\n|-resisted|p2b: Arcanine\n|-damage|p2a: Tornadus|0 fnt\n|-damage|p2b: Arcanine|23\/100\n|-unboost|p2b: Arcanine|spe|1\n|faint|p2a: Tornadus\n|move|p2b: Arcanine|Rock Slide|p1a: Iron Hands|[spread] p1a,p1b\n|-resisted|p1a: Iron Hands\n|-supereffective|p1b: Iron Bundle\n|-damage|p1a: Iron Hands|51\/100\n|-damage|p1b: Iron Bundle|32\/100\n|cant|p1a: Iron Hands|flinch\n|\n|-weather|RainDance|[upkeep]\n|-fieldend|move: Electric Terrain\n|-end|p1b: Iron Bundle|Quark Drive\n|-end|p1a: Iron Hands|Quark Drive\n|upkeep\n|\n|t:|1700430003\n|switch|p2a: Salamence|Salamence, L50, F, tera:Poison|59\/100\n|-ability|p2a: Salamence|Intimidate|boost\n|-unboost|p1a: Iron Hands|atk|1\n|-unboost|p1b: Iron Bundle|atk|1\n|turn|8\n|inactive|PINKYCURCHLORD has 30 seconds left.\n|inactive|mookystank has 30 seconds left.\n|inactive|PINKYCURCHLORD has 20 seconds left.\n|inactive|mookystank has 20 seconds left.\n|inactive|PINKYCURCHLORD has 15 seconds left.\n|inactive|mookystank has 15 seconds left.\n|inactive|PINKYCURCHLORD has 10 seconds left.\n|inactive|mookystank has 10 seconds left.\n|\n|t:|1700430052\n|-end|p1a: Iron Hands|Quark Drive|[silent]\n|switch|p1a: Pincurchin|Pincurchin, L50, F, shiny|81\/100\n|-fieldstart|move: Electric Terrain|[from] ability: Electric Surge|[of] p1a: Pincurchin\n|-activate|p1b: Iron Bundle|ability: Quark Drive\n|-start|p1b: Iron Bundle|quarkdrivespe\n|move|p2b: Arcanine|Extreme Speed|p1b: Iron Bundle\n|-damage|p1b: Iron Bundle|0 fnt\n|faint|p1b: Iron Bundle\n|-end|p1b: Iron Bundle|Quark Drive|[silent]\n|move|p2a: Salamence|Hurricane|p1a: Pincurchin\n|-resisted|p1a: Pincurchin\n|-damage|p1a: Pincurchin|46\/100\n|-start|p1a: Pincurchin|confusion\n|-damage|p2a: Salamence|49\/100|[from] item: Life Orb\n|\n|-weather|RainDance|[upkeep]\n|-sideend|p2: mookystank|move: Tailwind\n|upkeep\n|\n|t:|1700430061\n|switch|p1b: Iron Hands|Iron Hands, L50|51\/100\n|-activate|p1b: Iron Hands|ability: Quark Drive\n|-start|p1b: Iron Hands|quarkdriveatk\n|turn|9\n|inactive|PINKYCURCHLORD has 30 seconds left.\n|inactive|PINKYCURCHLORD has 20 seconds left.\n|inactive|PINKYCURCHLORD has 15 seconds left.\n|\n|t:|1700430105\n|-activate|p1a: Pincurchin|confusion\n|move|p1a: Pincurchin|Sucker Punch|p2a: Salamence\n|-damage|p2a: Salamence|29\/100\n|move|p2a: Salamence|Draco Meteor|p1b: Iron Hands\n|-damage|p1b: Iron Hands|12\/100\n|-unboost|p2a: Salamence|spa|2\n|-damage|p2a: Salamence|19\/100|[from] item: Life Orb\n|move|p2b: Arcanine|Rock Slide|p1a: Pincurchin|[spread] p1a,p1b\n|-resisted|p1b: Iron Hands\n|-damage|p1a: Pincurchin|17\/100\n|-damage|p1b: Iron Hands|2\/100\n|move|p1b: Iron Hands|Drain Punch|p2b: Arcanine\n|-supereffective|p2b: Arcanine\n|-damage|p2b: Arcanine|0 fnt\n|-heal|p1b: Iron Hands|10\/100|[from] drain|[of] p2b: Arcanine\n|faint|p2b: Arcanine\n|\n|-weather|RainDance|[upkeep]\n|upkeep\n|\n|t:|1700430117\n|switch|p2b: Urshifu|Urshifu-Rapid-Strike, L50, M|100\/100\n|turn|10\n|inactive|mookystank has 30 seconds left.\n|inactive|PINKYCURCHLORD has 30 seconds left.\n|inactive|mookystank has 20 seconds left.\n|inactive|mookystank has 15 seconds left.\n|\n|t:|1700430160\n|-end|p1a: Pincurchin|confusion\n|move|p1a: Pincurchin|Sucker Punch|p2a: Salamence\n|-damage|p2a: Salamence|0 fnt\n|faint|p2a: Salamence\n|move|p2b: Urshifu|Surging Strikes|p1a: Pincurchin\n|-crit|p1a: Pincurchin\n|-damage|p1a: Pincurchin|0 fnt\n|-damage|p2b: Urshifu|84\/100|[from] item: Rocky Helmet|[of] p1a: Pincurchin\n|faint|p1a: Pincurchin\n|-hitcount|p1: Pincurchin|1\n|move|p1b: Iron Hands|Wild Charge|p2b: Urshifu\n|-supereffective|p2b: Urshifu\n|-damage|p2b: Urshifu|0 fnt\n|faint|p2b: Urshifu\n|-damage|p1b: Iron Hands|0 fnt|[from] Recoil\n|faint|p1b: Iron Hands\n|-end|p1b: Iron Hands|Quark Drive|[silent]\n|\n|win|PINKYCURCHLORD\n|raw|PINKYCURCHLORD's rating: 1141 &rarr; <strong>1172<\/strong><br \/>(+31 for winning)\n|raw|mookystank's rating: 1222 &rarr; <strong>1191<\/strong><br \/>(-31 for losing)\n|l|\u2606mookystank\n","uploadtime":1700430190,"views":4,"p1id":"pinkycurchlord","p2id":"mookystank","formatid":"gen9vgc2023regulatione","rating":1172,"private":0,"password":""}