{"id":"gen9vgc2023regulatione-1994508588","p1":"rYN_796","p2":"linguss","format":"[Gen 9] VGC 2023 Regulation E","log":"|j|\u2606rYN_796\n|j|\u2606linguss\n|n|\u2606rYN_796|ryn796\n|n|\u2606linguss|linguss\n|html|View the match progress at <a href=\"\/game-bestof3-gen9vgc2023regulatione-1994505605\">game-bestof3-gen9vgc2023regulatione-1994505605<\/a>\n|t:|1700452321\n|gametype|doubles\n|player|p1|rYN_796|flannery|\n|player|p2|linguss|1|\n|teamsize|p1|6\n|teamsize|p2|6\n|gen|9\n|tier|[Gen 9] VGC 2023 Regulation E\n|rule|Species Clause: Limit one of each Pok\u00e9mon\n|rule|Item Clause: Limit one of each item\n|clearpoke\n|poke|p1|Cresselia, L50, F|\n|poke|p1|Clefairy, L50, M|\n|poke|p1|Sinistcha, L50|\n|poke|p1|Ursaluna-Bloodmoon, L50, M|\n|poke|p1|Palossand, L50, F|\n|poke|p1|Bruxish, L50, F|\n|poke|p2|Okidogi, L50, M|\n|poke|p2|Ogerpon, L50, F|\n|poke|p2|Bronzong, L50|\n|poke|p2|Roaring Moon, L50|\n|poke|p2|Sableye, L50, F|\n|poke|p2|Azumarill, L50, F|\n|teampreview|4\n|c|\u2606rYN_796|g2\n|\n|t:|1700452343\n|start\n|switch|p1a: Cresselia|Cresselia, L50, F|100\/100\n|switch|p1b: Clefairy|Clefairy, L50, M|100\/100\n|switch|p2a: Taco Bell|Bronzong, L50|100\/100\n|switch|p2b: Roronoa Zoro|Ogerpon, L50, F|100\/100\n|turn|1\n|\n|t:|1700452363\n|move|p1b: Clefairy|Follow Me|p1b: Clefairy\n|-singleturn|p1b: Clefairy|move: Follow Me\n|move|p2b: Roronoa Zoro|Knock Off|p1b: Clefairy\n|-resisted|p1b: Clefairy\n|-damage|p1b: Clefairy|76\/100\n|-enditem|p1b: Clefairy|Eviolite|[from] move: Knock Off|[of] p2b: Roronoa Zoro\n|-damage|p2b: Roronoa Zoro|91\/100|[from] item: Life Orb\n|move|p2a: Taco Bell|Imprison|p2a: Taco Bell\n|-start|p2a: Taco Bell|move: Imprison\n|cant|p1a: Cresselia|move: Imprison|Trick Room\n|\n|upkeep\n|turn|2\n|\n|t:|1700452417\n|-terastallize|p2b: Roronoa Zoro|Grass\n|detailschange|p2b: Roronoa Zoro|Ogerpon-Teal-Tera, L50, F, tera:Grass\n|-ability|p2b: Roronoa Zoro|Embody Aspect (Teal)|boost\n|-boost|p2b: Roronoa Zoro|spe|1\n|move|p1b: Clefairy|Helping Hand|p1a: Cresselia\n|-singleturn|p1a: Cresselia|Helping Hand|[of] p1b: Clefairy\n|move|p2b: Roronoa Zoro|Ivy Cudgel|p1a: Cresselia\n|-damage|p1a: Cresselia|51\/100\n|-damage|p2b: Roronoa Zoro|81\/100|[from] item: Life Orb\n|move|p1a: Cresselia|Dazzling Gleam|p2b: Roronoa Zoro|[spread] p2a,p2b\n|-resisted|p2a: Taco Bell\n|-damage|p2a: Taco Bell|94\/100\n|-damage|p2b: Roronoa Zoro|63\/100\n|move|p2a: Taco Bell|Iron Defense|p2a: Taco Bell\n|-boost|p2a: Taco Bell|def|2\n|\n|-heal|p1a: Cresselia|57\/100|[from] item: Leftovers\n|upkeep\n|turn|3\n|\n|t:|1700452450\n|switch|p1b: Sinistcha|Sinistcha, L50|100\/100\n|-heal|p1a: Cresselia|82\/100|[from] ability: Hospitality|[of] p1b: Sinistcha\n|move|p2b: Roronoa Zoro|Knock Off|p1a: Cresselia\n|-supereffective|p1a: Cresselia\n|-crit|p1a: Cresselia\n|-damage|p1a: Cresselia|0 fnt\n|-enditem|p1a: Cresselia|Leftovers|[from] move: Knock Off|[of] p2b: Roronoa Zoro\n|faint|p1a: Cresselia\n|-damage|p2b: Roronoa Zoro|54\/100|[from] item: Life Orb\n|move|p2a: Taco Bell|Iron Defense|p2a: Taco Bell\n|-boost|p2a: Taco Bell|def|2\n|\n|upkeep\n|\n|t:|1700452462\n|switch|p1a: Ursaluna|Ursaluna-Bloodmoon, L50, M|100\/100\n|turn|4\n|\n|t:|1700452481\n|-terastallize|p1a: Ursaluna|Fairy\n|move|p2b: Roronoa Zoro|Knock Off|p1b: Sinistcha\n|-supereffective|p1b: Sinistcha\n|-damage|p1b: Sinistcha|35\/100\n|-enditem|p1b: Sinistcha|Sitrus Berry|[from] move: Knock Off|[of] p2b: Roronoa Zoro\n|-damage|p2b: Roronoa Zoro|44\/100|[from] item: Life Orb\n|move|p1b: Sinistcha|Strength Sap|p2b: Roronoa Zoro\n|-unboost|p2b: Roronoa Zoro|atk|1\n|-heal|p1b: Sinistcha|100\/100\n|move|p1a: Ursaluna|Hyper Voice|p2b: Roronoa Zoro|[spread] p2a,p2b\n|-resisted|p2a: Taco Bell\n|-damage|p2a: Taco Bell|76\/100\n|-damage|p2b: Roronoa Zoro|4\/100\n|-enditem|p1a: Ursaluna|Throat Spray\n|-boost|p1a: Ursaluna|spa|1|[from] item: Throat Spray\n|move|p2a: Taco Bell|Body Press|p1a: Ursaluna\n|-resisted|p1a: Ursaluna\n|-damage|p1a: Ursaluna|72\/100\n|\n|upkeep\n|turn|5\n|\n|t:|1700452527\n|move|p2b: Roronoa Zoro|Ivy Cudgel|p1a: Ursaluna\n|-crit|p1a: Ursaluna\n|-damage|p1a: Ursaluna|0 fnt\n|faint|p1a: Ursaluna\n|-damage|p2b: Roronoa Zoro|0 fnt|[from] item: Life Orb\n|faint|p2b: Roronoa Zoro\n|move|p1b: Sinistcha|Strength Sap|p2a: Taco Bell\n|-unboost|p2a: Taco Bell|atk|1\n|move|p2a: Taco Bell|Iron Defense|p2a: Taco Bell\n|-boost|p2a: Taco Bell|def|2\n|\n|upkeep\n|\n|t:|1700452539\n|switch|p2b: Tha Dawg|Okidogi, L50, M|100\/100\n|switch|p1a: Clefairy|Clefairy, L50, M|76\/100\n|turn|6\n|\n|t:|1700452568\n|move|p1a: Clefairy|Helping Hand|p1b: Sinistcha\n|-singleturn|p1b: Sinistcha|Helping Hand|[of] p1a: Clefairy\n|move|p2b: Tha Dawg|Poison Jab|p1b: Sinistcha\n|-damage|p1b: Sinistcha|76\/100\n|move|p1b: Sinistcha|Matcha Gotcha|p2b: Tha Dawg|[spread] p2a\n|-miss|p1b: Sinistcha|p2b: Tha Dawg\n|-resisted|p2a: Taco Bell\n|-damage|p2a: Taco Bell|62\/100\n|-heal|p1b: Sinistcha|84\/100|[from] drain|[of] p2a: Taco Bell\n|-status|p2a: Taco Bell|brn\n|move|p2a: Taco Bell|Body Press|p1a: Clefairy\n|-resisted|p1a: Clefairy\n|-damage|p1a: Clefairy|28\/100\n|\n|-damage|p2a: Taco Bell|56\/100 brn|[from] brn\n|upkeep\n|turn|7\n|\n|t:|1700452594\n|move|p1a: Clefairy|Helping Hand|p1b: Sinistcha\n|-singleturn|p1b: Sinistcha|Helping Hand|[of] p1a: Clefairy\n|move|p2b: Tha Dawg|Poison Jab|p1b: Sinistcha\n|-damage|p1b: Sinistcha|58\/100\n|move|p1b: Sinistcha|Matcha Gotcha|p2b: Tha Dawg|[spread] p2a\n|-miss|p1b: Sinistcha|p2b: Tha Dawg\n|-resisted|p2a: Taco Bell\n|-damage|p2a: Taco Bell|42\/100 brn\n|-heal|p1b: Sinistcha|66\/100|[from] drain|[of] p2a: Taco Bell\n|move|p2a: Taco Bell|Body Press|p1a: Clefairy\n|-resisted|p1a: Clefairy\n|-damage|p1a: Clefairy|0 fnt\n|faint|p1a: Clefairy\n|\n|-damage|p2a: Taco Bell|36\/100 brn|[from] brn\n|upkeep\n|turn|8\n|\n|t:|1700452634\n|move|p2b: Tha Dawg|Bulk Up|p2b: Tha Dawg\n|-boost|p2b: Tha Dawg|atk|1\n|-boost|p2b: Tha Dawg|def|1\n|move|p1b: Sinistcha|Matcha Gotcha|p2b: Tha Dawg|[spread] p2a,p2b\n|-resisted|p2a: Taco Bell\n|-resisted|p2b: Tha Dawg\n|-damage|p2a: Taco Bell|26\/100 brn\n|-heal|p1b: Sinistcha|71\/100|[from] drain|[of] p2a: Taco Bell\n|-damage|p2b: Tha Dawg|88\/100\n|-heal|p1b: Sinistcha|77\/100|[from] drain|[of] p2b: Tha Dawg\n|move|p2a: Taco Bell|Body Press|p1b: Sinistcha\n|-immune|p1b: Sinistcha\n|\n|-heal|p2b: Tha Dawg|94\/100|[from] item: Leftovers\n|-damage|p2a: Taco Bell|21\/100 brn|[from] brn\n|upkeep\n|-enditem|p2a: Taco Bell|Figy Berry|[eat]\n|-heal|p2a: Taco Bell|54\/100 brn|[from] item: Figy Berry\n|turn|9\n|\n|t:|1700452664\n|move|p2b: Tha Dawg|Bulk Up|p2b: Tha Dawg\n|-boost|p2b: Tha Dawg|atk|1\n|-boost|p2b: Tha Dawg|def|1\n|move|p1b: Sinistcha|Strength Sap|p2b: Tha Dawg\n|-unboost|p2b: Tha Dawg|atk|1\n|-heal|p1b: Sinistcha|100\/100\n|move|p2a: Taco Bell|Body Press|p1b: Sinistcha\n|-immune|p1b: Sinistcha\n|\n|-heal|p2b: Tha Dawg|100\/100|[from] item: Leftovers\n|-damage|p2a: Taco Bell|48\/100 brn|[from] brn\n|upkeep\n|turn|10\n|\n|t:|1700452679\n|move|p2b: Tha Dawg|Poison Jab|p1b: Sinistcha\n|-damage|p1b: Sinistcha|55\/100\n|-status|p1b: Sinistcha|psn\n|move|p1b: Sinistcha|Matcha Gotcha|p2a: Taco Bell|[spread] p2b\n|-miss|p1b: Sinistcha|p2a: Taco Bell\n|-resisted|p2b: Tha Dawg\n|-damage|p2b: Tha Dawg|88\/100\n|-heal|p1b: Sinistcha|62\/100 psn|[from] drain|[of] p2b: Tha Dawg\n|move|p2a: Taco Bell|Body Press|p1b: Sinistcha\n|-immune|p1b: Sinistcha\n|\n|-heal|p2b: Tha Dawg|94\/100|[from] item: Leftovers\n|-damage|p1b: Sinistcha|49\/100 psn|[from] psn\n|-damage|p2a: Taco Bell|42\/100 brn|[from] brn\n|upkeep\n|turn|11\n|-message|rYN_796 forfeited.\n|\n|win|linguss\n|c|&|\/uhtml prompt-linguss,linguss is ready for game 3!\n|c|&|\/uhtml prompt-ryn796,rYN_796 is ready for game 3!\nBoth players are ready! Starting next match!\n","uploadtime":1700453127,"views":30,"p1id":"ryn796","p2id":"linguss","formatid":"gen9vgc2023regulatione","rating":0,"private":0,"password":""}