{"id":"gen9vgc2023regulatione-1998273648","p1":"Fadecampo","p2":"Patrykme","format":"[Gen 9] VGC 2023 Regulation E","log":"|j|\u2606Fadecampo\n|j|\u2606Patrykme\n|t:|1700923172\n|gametype|doubles\n|player|p1|Fadecampo|101|\n|player|p2|Patrykme|cyrus|\n|teamsize|p1|6\n|teamsize|p2|6\n|gen|9\n|tier|[Gen 9] VGC 2023 Regulation E\n|rated|Tournament battle\n|rule|Species Clause: Limit one of each Pok\u00e9mon\n|rule|Item Clause: Limit one of each item\n|clearpoke\n|poke|p1|Amoonguss, L50, M|\n|poke|p1|Tornadus, L50, M|\n|poke|p1|Iron Hands, L50|\n|poke|p1|Arcanine-Hisui, L50, F|\n|poke|p1|Gholdengo, L50|\n|poke|p1|Urshifu-*, L50, F|\n|poke|p2|Flutter Mane, L50|\n|poke|p2|Urshifu-*, L50, F|\n|poke|p2|Tornadus, L50, M|\n|poke|p2|Iron Hands, L50|\n|poke|p2|Arcanine-Hisui, L50, M|\n|poke|p2|Chien-Pao, L50|\n|teampreview|4\n|c|\u2606Patrykme|gl\nPatrykme rejected open team sheets.\n|j| griddy - shrek\n|j| FrostKartana\n|c| griddy - shrek|finals\n|c| griddy - shrek|of anything but bo3 crab off\n|j| TheIceTable\n|\n|t:|1700923212\n|start\n|switch|p1a: Hirofumi|Arcanine-Hisui, L50, F, shiny|100\/100\n|switch|p1b: Xavier|Gholdengo, L50|100\/100\n|switch|p2a: Chien-Pao|Chien-Pao, L50|100\/100\n|switch|p2b: Flutter Mane|Flutter Mane, L50, shiny|100\/100\n|-ability|p2a: Chien-Pao|Sword of Ruin\n|-ability|p1a: Hirofumi|Intimidate|boost\n|-unboost|p2a: Chien-Pao|atk|1\n|-unboost|p2b: Flutter Mane|atk|1\n|-enditem|p2b: Flutter Mane|Booster Energy\n|-activate|p2b: Flutter Mane|ability: Protosynthesis|[fromitem]\n|-start|p2b: Flutter Mane|protosynthesisspa\n|turn|1\n|\n|t:|1700923238\n|move|p1b: Xavier|Protect|p1b: Xavier\n|-singleturn|p1b: Xavier|Protect\n|move|p2a: Chien-Pao|Sacred Sword|p1a: Hirofumi\n|-supereffective|p1a: Hirofumi\n|-damage|p1a: Hirofumi|35\/100\n|move|p2b: Flutter Mane|Shadow Ball|p1b: Xavier\n|-activate|p1b: Xavier|move: Protect\n|move|p1a: Hirofumi|Rock Slide|p2b: Flutter Mane|[spread] p2b\n|-miss|p1a: Hirofumi|p2a: Chien-Pao\n|-damage|p2b: Flutter Mane|0 fnt\n|faint|p2b: Flutter Mane\n|-end|p2b: Flutter Mane|Protosynthesis|[silent]\n|\n|upkeep\n|j| Treeman480\n|\n|t:|1700923251\n|switch|p2b: Urshifu|Urshifu-Rapid-Strike, L50, F|100\/100\n|turn|2\n|\n|t:|1700923271\n|switch|p1a: Snow|Tornadus, L50, M|100\/100\n|switch|p1b: Horiyama|Iron Hands, L50, shiny|100\/100\n|-terastallize|p2b: Urshifu|Water\n|move|p2b: Urshifu|Aqua Jet|p1a: Snow\n|-crit|p1a: Snow\n|-damage|p1a: Snow|31\/100\n|-damage|p2b: Urshifu|84\/100|[from] item: Rocky Helmet|[of] p1a: Snow\n|move|p2a: Chien-Pao|Ice Spinner|p1b: Horiyama\n|-damage|p1b: Horiyama|76\/100\n|\n|upkeep\n|turn|3\n|\n|t:|1700923286\n|-terastallize|p1b: Horiyama|Water\n|move|p1a: Snow|Tailwind|p1a: Snow\n|-sidestart|p1: Fadecampo|move: Tailwind\n|move|p2a: Chien-Pao|Ice Spinner|p1a: Snow\n|-supereffective|p1a: Snow\n|-damage|p1a: Snow|0 fnt\n|-damage|p2a: Chien-Pao|84\/100|[from] item: Rocky Helmet|[of] p1a: Snow\n|faint|p1a: Snow\n|move|p1b: Horiyama|Wild Charge|p2b: Urshifu\n|-supereffective|p2b: Urshifu\n|-damage|p2b: Urshifu|0 fnt\n|faint|p2b: Urshifu\n|-damage|p1b: Horiyama|61\/100|[from] Recoil\n|\n|upkeep\n|\n|t:|1700923299\n|switch|p2b: Arcanine|Arcanine-Hisui, L50, M, shiny|100\/100\n|switch|p1a: Hirofumi|Arcanine-Hisui, L50, F, shiny|35\/100\n|-ability|p1a: Hirofumi|Intimidate|boost\n|-unboost|p2a: Chien-Pao|atk|1\n|-unboost|p2b: Arcanine|atk|1\n|-ability|p2b: Arcanine|Intimidate|boost\n|-unboost|p1a: Hirofumi|atk|1\n|-unboost|p1b: Horiyama|atk|1\n|turn|4\n|c| griddy - shrek|wow\n|\n|t:|1700923313\n|move|p1a: Hirofumi|Rock Slide|p2a: Chien-Pao|[spread] p2a,p2b\n|-supereffective|p2a: Chien-Pao\n|-supereffective|p2b: Arcanine\n|-damage|p2a: Chien-Pao|6\/100\n|-damage|p2b: Arcanine|5\/100\n|cant|p2a: Chien-Pao|flinch\n|move|p1b: Horiyama|Drain Punch|p2b: Arcanine\n|-supereffective|p2b: Arcanine\n|-damage|p2b: Arcanine|0 fnt\n|-heal|p1b: Horiyama|62\/100|[from] drain|[of] p2b: Arcanine\n|faint|p2b: Arcanine\n|\n|upkeep\n|turn|5\n|c| griddy - shrek|pao isnt doing anything now\n|c|\u2606Patrykme|gg\n|c|\u2606Fadecampo|Gg\n|\n|t:|1700923325\n|move|p2a: Chien-Pao|Sucker Punch|p1a: Hirofumi\n|-damage|p1a: Hirofumi|5\/100\n|move|p1a: Hirofumi|Rock Slide|p2a: Chien-Pao|[miss]\n|-miss|p1a: Hirofumi|p2a: Chien-Pao\n|move|p1b: Horiyama|Volt Switch|p2a: Chien-Pao\n|-damage|p2a: Chien-Pao|0 fnt\n|faint|p2a: Chien-Pao\n|\n|win|Fadecampo\n|n|\u2606Fadecampo|fadecampo\n|n|\u2606Patrykme|patrykme\n|n| griddy - shrek|griddyshrek\n|n| FrostKartana|frostkartana\n|n| TheIceTable|theicetable\n|n| Treeman480|treeman480\n","uploadtime":1700923326,"views":2,"p1id":"fadecampo","p2id":"patrykme","formatid":"gen9vgc2023regulatione","rating":0,"private":0,"password":""}