{"id":"gen9vgc2023regulatione-1992507200","p1":"Abro hilo","p2":"Hammy19","format":"[Gen 9] VGC 2023 Regulation E","log":"|j|\u2606Abro hilo\n|j|\u2606Hammy19\n|t:|1700196649\n|gametype|doubles\n|player|p1|Abro hilo|pilot|1407\n|player|p2|Hammy19|steven|1375\n|teamsize|p1|6\n|teamsize|p2|6\n|gen|9\n|tier|[Gen 9] VGC 2023 Regulation E\n|rated|\n|rule|Species Clause: Limit one of each Pok\u00e9mon\n|rule|Item Clause: Limit one of each item\n|clearpoke\n|poke|p1|Empoleon, L50, M|\n|poke|p1|Arcanine-Hisui, L50, M|\n|poke|p1|Landorus-Therian, L50, M|\n|poke|p1|Iron Hands, L50|\n|poke|p1|Flutter Mane, L50|\n|poke|p1|Amoonguss, L50, M|\n|poke|p2|Gholdengo, L50|\n|poke|p2|Iron Hands, L50|\n|poke|p2|Amoonguss, L50, F|\n|poke|p2|Iron Bundle, L50|\n|poke|p2|Pelipper, L50, M|\n|poke|p2|Salamence, L50, M|\n|teampreview|4\n|inactive|Battle timer is ON: inactive players will automatically lose when time's up. (requested by Hammy19)\n|\n|t:|1700196677\n|start\n|switch|p1a: Empoleon|Empoleon, L50, M, shiny|100\/100\n|switch|p1b: Flutter Mane|Flutter Mane, L50|100\/100\n|switch|p2a: Gholdengo|Gholdengo, L50|100\/100\n|switch|p2b: Iron Bundle|Iron Bundle, L50|100\/100\n|-enditem|p2b: Iron Bundle|Booster Energy\n|-activate|p2b: Iron Bundle|ability: Quark Drive|[fromitem]\n|-start|p2b: Iron Bundle|quarkdrivespe\n|turn|1\n|\n|t:|1700196693\n|-end|p1b: Flutter Mane|Protosynthesis|[silent]\n|switch|p1b: Iron Hands|Iron Hands, L50|100\/100\n|move|p2b: Iron Bundle|Icy Wind|p1b: Iron Hands|[spread] p1a,p1b\n|-resisted|p1a: Empoleon\n|-damage|p1a: Empoleon|98\/100\n|-damage|p1b: Iron Hands|86\/100\n|-unboost|p1a: Empoleon|spe|1\n|-ability|p1a: Empoleon|Competitive|boost\n|-boost|p1a: Empoleon|spa|2\n|-unboost|p1b: Iron Hands|spe|1\n|move|p2a: Gholdengo|Nasty Plot|p2a: Gholdengo\n|-boost|p2a: Gholdengo|spa|2\n|move|p1a: Empoleon|Flash Cannon|p2b: Iron Bundle\n|-damage|p2b: Iron Bundle|0 fnt\n|faint|p2b: Iron Bundle\n|-end|p2b: Iron Bundle|Quark Drive|[silent]\n|\n|upkeep\n|c|\u2606Abro hilo|??\n|\n|t:|1700196710\n|switch|p2b: Salamence|Salamence, L50, M|100\/100\n|-ability|p2b: Salamence|Intimidate|boost\n|-unboost|p1a: Empoleon|atk|1\n|-ability|p1a: Empoleon|Competitive|boost\n|-boost|p1a: Empoleon|spa|2\n|-unboost|p1b: Iron Hands|atk|1\n|turn|2\n|\n|t:|1700196730\n|switch|p2b: Pelipper|Pelipper, L50, M|100\/100\n|-weather|RainDance|[from] ability: Drizzle|[of] p2b: Pelipper\n|move|p2a: Gholdengo|Protect|p2a: Gholdengo\n|-singleturn|p2a: Gholdengo|Protect\n|move|p1b: Iron Hands|Fake Out|p2b: Pelipper\n|-damage|p2b: Pelipper|89\/100\n|move|p1a: Empoleon|Hydro Pump|p2a: Gholdengo\n|-activate|p2a: Gholdengo|move: Protect\n|\n|-weather|RainDance|[upkeep]\n|upkeep\n|turn|3\n|inactive|Hammy19 has 30 seconds left.\n|\n|t:|1700196757\n|-terastallize|p2a: Gholdengo|Dragon\n|move|p2a: Gholdengo|Shadow Ball|p1a: Empoleon\n|-damage|p1a: Empoleon|44\/100\n|move|p2b: Pelipper|Hurricane|p1b: Iron Hands\n|-damage|p1b: Iron Hands|54\/100\n|move|p1a: Empoleon|Hydro Pump|p2a: Gholdengo|[miss]\n|-miss|p1a: Empoleon|p2a: Gholdengo\n|move|p1b: Iron Hands|Wild Charge|p2b: Pelipper\n|-supereffective|p2b: Pelipper\n|-damage|p2b: Pelipper|0 fnt\n|faint|p2b: Pelipper\n|-damage|p1b: Iron Hands|41\/100|[from] Recoil\n|-enditem|p1b: Iron Hands|Sitrus Berry|[eat]\n|-heal|p1b: Iron Hands|65\/100|[from] item: Sitrus Berry\n|\n|-weather|RainDance|[upkeep]\n|upkeep\n|\n|t:|1700196763\n|switch|p2b: Salamence|Salamence, L50, M|100\/100\n|-ability|p2b: Salamence|Intimidate|boost\n|-unboost|p1a: Empoleon|atk|1\n|-ability|p1a: Empoleon|Competitive|boost\n|-boost|p1a: Empoleon|spa|2\n|-unboost|p1b: Iron Hands|atk|1\n|turn|4\n|inactive|Hammy19 has 30 seconds left.\n|\n|t:|1700196797\n|-end|p1b: Iron Hands|Quark Drive|[silent]\n|switch|p1b: Arcanine|Arcanine-Hisui, L50, M, shiny|100\/100\n|-ability|p1b: Arcanine|Intimidate|boost\n|-unboost|p2a: Gholdengo|atk|1\n|-unboost|p2b: Salamence|atk|1\n|move|p2b: Salamence|Hurricane|p1a: Empoleon\n|-resisted|p1a: Empoleon\n|-damage|p1a: Empoleon|29\/100\n|move|p2a: Gholdengo|Shadow Ball|p1a: Empoleon\n|-damage|p1a: Empoleon|0 fnt\n|faint|p1a: Empoleon\n|\n|-weather|RainDance|[upkeep]\n|upkeep\n|\n|t:|1700196808\n|switch|p1a: Flutter Mane|Flutter Mane, L50|100\/100\n|turn|5\n|\n|t:|1700196814\n|-terastallize|p1a: Flutter Mane|Fairy\n|move|p2b: Salamence|Hurricane|p1a: Flutter Mane\n|-damage|p1a: Flutter Mane|49\/100\n|-start|p1a: Flutter Mane|confusion\n|-activate|p1a: Flutter Mane|confusion\n|move|p1a: Flutter Mane|Dazzling Gleam|p2b: Salamence|[spread] p2a,p2b\n|-supereffective|p2a: Gholdengo\n|-supereffective|p2b: Salamence\n|-damage|p2a: Gholdengo|0 fnt\n|-damage|p2b: Salamence|0 fnt\n|faint|p2a: Gholdengo\n|faint|p2b: Salamence\n|\n|win|Abro hilo\n|raw|Abro hilo's rating: 1407 &rarr; <strong>1425<\/strong><br \/>(+18 for winning)\n|raw|Hammy19's rating: 1375 &rarr; <strong>1357<\/strong><br \/>(-18 for losing)\n|l|\u2606Hammy19\n","uploadtime":1700196822,"views":11,"p1id":"abrohilo","p2id":"hammy19","formatid":"gen9vgc2023regulatione","rating":1357,"private":0,"password":""}