{"id":"gen9vgc2023regulatione-1995188728","p1":"AndrwApple","p2":"LifeOrbPex","format":"[Gen 9] VGC 2023 Regulation E","log":"|j|\u2606AndrwApple\n|j|\u2606LifeOrbPex\n|n|\u2606AndrwApple|andrwapple\n|n|\u2606LifeOrbPex|lifeorbpex\n|html|View the match progress at <a href=\"\/game-bestof3-gen9vgc2023regulatione-1995185164\">game-bestof3-gen9vgc2023regulatione-1995185164<\/a>\n|t:|1700532535\n|gametype|doubles\n|player|p1|AndrwApple|green|\n|player|p2|LifeOrbPex|2|\n|teamsize|p1|6\n|teamsize|p2|6\n|gen|9\n|tier|[Gen 9] VGC 2023 Regulation E\n|rule|Species Clause: Limit one of each Pok\u00e9mon\n|rule|Item Clause: Limit one of each item\n|clearpoke\n|poke|p1|Ogerpon-Wellspring, L50, F|\n|poke|p1|Flutter Mane, L50|\n|poke|p1|Heatran, L50, M|\n|poke|p1|Landorus-Therian, L50, M|\n|poke|p1|Chien-Pao, L50|\n|poke|p1|Iron Hands, L50|\n|poke|p2|Farigiraf, L50, M|\n|poke|p2|Urshifu-*, L50, M|\n|poke|p2|Ursaluna-Bloodmoon, L50, M|\n|poke|p2|Iron Hands, L50|\n|poke|p2|Heatran, L50, F|\n|poke|p2|Ogerpon-Wellspring, L50, F|\n|teampreview|4\nLifeOrbPex has agreed to open team sheets.\nAndrwApple has agreed to open team sheets.\n|showteam|p1|Ogerpon-Wellspring||WellspringMask|WaterAbsorb|IvyCudgel,HornLeech,SwordsDance,SpikyShield|||F|||50|,,,,,Water]Flutter Mane||ChoiceSpecs|Protosynthesis|Moonblast,ShadowBall,DazzlingGleam,Thunderbolt||||||50|,,,,,Fairy]Heatran||Leftovers|FlashFire|HeatWave,EarthPower,TeraBlast,Protect|||M|||50|,,,,,Grass]Landorus-Therian||ChoiceScarf|Intimidate|StompingTantrum,RockSlide,Uturn,TeraBlast|||M|||50|,,,,,Flying]Chien-Pao||FocusSash|SwordofRuin|IceSpinner,SuckerPunch,SacredSword,Protect||||||50|,,,,,Ghost]Iron Hands||AssaultVest|QuarkDrive|FakeOut,WildCharge,HeavySlam,DrainPunch||||||50|,,,,,Water\n|showteam|p2|Farigiraf||RockyHelmet|ArmorTail|Psychic,DazzlingGleam,HelpingHand,TrickRoom|||M|||50|,,,,,Fairy]Urshifu||ChoiceScarf|UnseenFist|WickedBlow,CloseCombat,SuckerPunch,Uturn|||M|||50|,,,,,Dark]Ursaluna-Bloodmoon||LifeOrb|MindsEye|BloodMoon,HyperVoice,EarthPower,Protect|||M|||50|,,,,,Normal]Iron Hands||AssaultVest|QuarkDrive|DrainPunch,WildCharge,VoltSwitch,FakeOut||||||50|,,,,,Electric]Heatran||SitrusBerry|FlashFire|HeatWave,EarthPower,FlashCannon,Protect|||F|||50|,,,,,Grass]Ogerpon-Wellspring||WellspringMask|WaterAbsorb|IvyCudgel,HornLeech,FollowMe,SpikyShield|||F|||50|,,,,,Water\n|\n|t:|1700532553\n|start\n|switch|p1a: Iron Hands|Iron Hands, L50|100\/100\n|switch|p1b: Chien-Pao|Chien-Pao, L50|100\/100\n|switch|p2a: Pink Flamingiraf|Farigiraf, L50, M|100\/100\n|switch|p2b: Babs Johnson|Urshifu, L50, M|100\/100\n|-ability|p1b: Chien-Pao|Sword of Ruin\n|turn|1\n|\n|t:|1700532573\n|move|p1b: Chien-Pao|Protect|p1b: Chien-Pao\n|-singleturn|p1b: Chien-Pao|Protect\n|move|p2b: Babs Johnson|U-turn|p1b: Chien-Pao\n|-supereffective|p1b: Chien-Pao\n|-damage|p1b: Chien-Pao|22\/100\n|\n|t:|1700532580\n|switch|p2b: Raymond Marble|Iron Hands, L50|100\/100|[from] U-turn\n|move|p1a: Iron Hands|Drain Punch|p2b: Raymond Marble\n|-damage|p2b: Raymond Marble|62\/100\n|move|p2a: Pink Flamingiraf|Dazzling Gleam|p1b: Chien-Pao|[spread] p1a\n|-activate|p1b: Chien-Pao|move: Protect\n|-supereffective|p1a: Iron Hands\n|-damage|p1a: Iron Hands|84\/100\n|\n|upkeep\n|turn|2\n|c|\u2606AndrwApple|I forget it does that\n|c|\u2606AndrwApple|Tip\n|c|\u2606AndrwApple|Rip\n|\n|t:|1700532605\n|move|p2b: Raymond Marble|Fake Out|p1a: Iron Hands\n|-damage|p1a: Iron Hands|70\/100\n|move|p1b: Chien-Pao|Ice Spinner|p2b: Raymond Marble\n|-damage|p2b: Raymond Marble|29\/100\n|move|p2a: Pink Flamingiraf|Dazzling Gleam|p1a: Iron Hands|[spread] p1a,p1b\n|-supereffective|p1a: Iron Hands\n|-supereffective|p1b: Chien-Pao\n|-damage|p1a: Iron Hands|53\/100\n|-damage|p1b: Chien-Pao|0 fnt\n|faint|p1b: Chien-Pao\n|cant|p1a: Iron Hands|flinch\n|\n|upkeep\n|\n|t:|1700532611\n|switch|p1b: Ogerpon|Ogerpon-Wellspring, L50, F|100\/100\n|turn|3\n|\n|t:|1700532650\n|-end|p1a: Iron Hands|Quark Drive|[silent]\n|switch|p1a: Heatran|Heatran, L50, M|100\/100\n|-end|p2b: Raymond Marble|Quark Drive|[silent]\n|switch|p2b: Cookie|Ogerpon-Wellspring, L50, F|100\/100\n|move|p1b: Ogerpon|Swords Dance|p1b: Ogerpon\n|-boost|p1b: Ogerpon|atk|2\n|move|p2a: Pink Flamingiraf|Psychic|p1a: Heatran\n|-resisted|p1a: Heatran\n|-damage|p1a: Heatran|87\/100\n|\n|-heal|p1a: Heatran|93\/100|[from] item: Leftovers\n|upkeep\n|turn|4\n|\n|t:|1700532677\n|move|p2a: Pink Flamingiraf|Helping Hand|p2b: Cookie\n|-singleturn|p2b: Cookie|Helping Hand|[of] p2a: Pink Flamingiraf\n|move|p1a: Heatran|Protect|p1a: Heatran\n|-singleturn|p1a: Heatran|Protect\n|move|p2b: Cookie|Horn Leech|p1b: Ogerpon\n|-damage|p1b: Ogerpon|37\/100\n|move|p1b: Ogerpon|Horn Leech|p2a: Pink Flamingiraf\n|-damage|p2a: Pink Flamingiraf|42\/100\n|-heal|p1b: Ogerpon|73\/100|[from] drain|[of] p2a: Pink Flamingiraf\n|-damage|p1b: Ogerpon|56\/100|[from] item: Rocky Helmet|[of] p2a: Pink Flamingiraf\n|\n|-heal|p1a: Heatran|99\/100|[from] item: Leftovers\n|upkeep\n|turn|5\n|\n|t:|1700532698\n|move|p2a: Pink Flamingiraf|Helping Hand|p2b: Cookie\n|-singleturn|p2b: Cookie|Helping Hand|[of] p2a: Pink Flamingiraf\n|move|p1b: Ogerpon|Spiky Shield|p1b: Ogerpon\n|-singleturn|p1b: Ogerpon|move: Protect\n|move|p2b: Cookie|Horn Leech|p1b: Ogerpon\n|-activate|p1b: Ogerpon|move: Protect\n|-damage|p2b: Cookie|88\/100|[from] Spiky Shield|[of] p1b: Ogerpon\n|move|p1a: Heatran|Heat Wave|p2b: Cookie|[spread] p2a,p2b\n|-damage|p2a: Pink Flamingiraf|0 fnt\n|-damage|p2b: Cookie|54\/100\n|faint|p2a: Pink Flamingiraf\n|\n|-heal|p1a: Heatran|100\/100|[from] item: Leftovers\n|upkeep\n|\n|t:|1700532706\n|switch|p2a: Babs Johnson|Urshifu, L50, M|100\/100\n|turn|6\n|\n|t:|1700532722\n|switch|p1b: Iron Hands|Iron Hands, L50|53\/100\n|-terastallize|p1a: Heatran|Grass\n|move|p2a: Babs Johnson|Wicked Blow|p1b: Iron Hands\n|-resisted|p1b: Iron Hands\n|-crit|p1b: Iron Hands\n|-damage|p1b: Iron Hands|29\/100\n|move|p2b: Cookie|Horn Leech|p1b: Iron Hands\n|-damage|p1b: Iron Hands|0 fnt\n|-heal|p2b: Cookie|72\/100|[from] drain|[of] p1b: Iron Hands\n|faint|p1b: Iron Hands\n|-end|p1b: Iron Hands|Quark Drive|[silent]\n|move|p1a: Heatran|Heat Wave|p2a: Babs Johnson|[spread] p2a,p2b\n|-damage|p2a: Babs Johnson|42\/100\n|-damage|p2b: Cookie|33\/100\n|\n|upkeep\n|\n|t:|1700532738\n|switch|p1b: Ogerpon|Ogerpon-Wellspring, L50, F|56\/100\n|turn|7\n|\n|t:|1700532758\n|-terastallize|p2a: Babs Johnson|Dark\n|move|p2a: Babs Johnson|Wicked Blow|p1b: Ogerpon\n|-crit|p1b: Ogerpon\n|-damage|p1b: Ogerpon|0 fnt\n|faint|p1b: Ogerpon\n|move|p2b: Cookie|Horn Leech|p1a: Heatran\n|-resisted|p1a: Heatran\n|-damage|p1a: Heatran|84\/100\n|-heal|p2b: Cookie|41\/100|[from] drain|[of] p1a: Heatran\n|move|p1a: Heatran|Tera Blast|p2a: Babs Johnson|[anim] Tera Blast Grass\n|-damage|p2a: Babs Johnson|0 fnt\n|faint|p2a: Babs Johnson\n|\n|-heal|p1a: Heatran|90\/100|[from] item: Leftovers\n|upkeep\n|\n|t:|1700532768\n|switch|p2a: Raymond Marble|Iron Hands, L50|29\/100\n|turn|8\n|\n|t:|1700532780\n|move|p1a: Heatran|Protect|p1a: Heatran\n|-singleturn|p1a: Heatran|Protect\n|move|p2a: Raymond Marble|Fake Out|p1a: Heatran\n|-activate|p1a: Heatran|move: Protect\n|move|p2b: Cookie|Ivy Cudgel|p1a: Heatran|[anim] Ivy Cudgel Water\n|-activate|p1a: Heatran|move: Protect\n|\n|-heal|p1a: Heatran|96\/100|[from] item: Leftovers\n|upkeep\n|turn|9\n|\n|t:|1700532789\n|move|p2b: Cookie|Ivy Cudgel|p1a: Heatran|[anim] Ivy Cudgel Water\n|-resisted|p1a: Heatran\n|-damage|p1a: Heatran|74\/100\n|move|p1a: Heatran|Heat Wave|p2b: Cookie|[spread] p2a,p2b\n|-damage|p2a: Raymond Marble|8\/100\n|-damage|p2b: Cookie|4\/100\n|-status|p2b: Cookie|brn\n|move|p2a: Raymond Marble|Drain Punch|p1a: Heatran\n|-damage|p1a: Heatran|35\/100\n|-heal|p2a: Raymond Marble|23\/100|[from] drain|[of] p1a: Heatran\n|\n|-heal|p1a: Heatran|41\/100|[from] item: Leftovers\n|-damage|p2b: Cookie|0 fnt|[from] brn\n|faint|p2b: Cookie\n|upkeep\n|turn|10\n|c|\u2606AndrwApple|T blast gaming\n|\n|t:|1700532805\n|move|p1a: Heatran|Protect|p1a: Heatran\n|-singleturn|p1a: Heatran|Protect\n|move|p2a: Raymond Marble|Drain Punch|p1a: Heatran\n|-activate|p1a: Heatran|move: Protect\n|\n|-heal|p1a: Heatran|47\/100|[from] item: Leftovers\n|upkeep\n|turn|11\n|\n|t:|1700532810\n|move|p1a: Heatran|Earth Power|p2a: Raymond Marble\n|-supereffective|p2a: Raymond Marble\n|-crit|p2a: Raymond Marble\n|-damage|p2a: Raymond Marble|0 fnt\n|faint|p2a: Raymond Marble\n|-end|p2a: Raymond Marble|Quark Drive|[silent]\n|\n|win|AndrwApple\n|c|\u2606AndrwApple|Gg\n|l|\u2606AndrwApple\n|c|\u2606LifeOrbPex|heatran tera grass too good\n","uploadtime":1700532848,"views":8,"p1id":"andrwapple","p2id":"lifeorbpex","formatid":"gen9vgc2023regulatione","rating":0,"private":0,"password":""}