{"id":"gen9vgc2023regulatione-1999625404","p1":"slimejrlegit","p2":"Robert1211","format":"[Gen 9] VGC 2023 Regulation E","log":"|j|\u2606slimejrlegit\n|j|\u2606Robert1211\n|t:|1701102336\n|gametype|doubles\n|player|p1|slimejrlegit|169|1531\n|player|p2|Robert1211|101|1662\n|teamsize|p1|6\n|teamsize|p2|6\n|gen|9\n|tier|[Gen 9] VGC 2023 Regulation E\n|rated|\n|rule|Species Clause: Limit one of each Pok\u00e9mon\n|rule|Item Clause: Limit one of each item\n|clearpoke\n|poke|p1|Armarouge, L50, F|\n|poke|p1|Milotic, L50, M|\n|poke|p1|Regieleki, L50|\n|poke|p1|Enamorus, L50, F|\n|poke|p1|Sneasler, L50, M|\n|poke|p1|Indeedee-F, L50, F|\n|poke|p2|Ogerpon-Wellspring, L50, F|\n|poke|p2|Indeedee-F, L50, F|\n|poke|p2|Tornadus, L50, M|\n|poke|p2|Flutter Mane, L50|\n|poke|p2|Landorus, L50, M|\n|poke|p2|Arcanine-Hisui, L50, F|\n|teampreview|4\n|inactive|Battle timer is ON: inactive players will automatically lose when time's up. (requested by slimejrlegit)\n|\n|t:|1701102379\n|start\n|switch|p1a: Armarouge|Armarouge, L50, F|100\/100\n|switch|p1b: Indeedee|Indeedee-F, L50, F|100\/100\n|switch|p2a: Arcanine|Arcanine-Hisui, L50, F|100\/100\n|switch|p2b: Flutter Mane|Flutter Mane, L50|100\/100\n|-ability|p2a: Arcanine|Intimidate|boost\n|-unboost|p1a: Armarouge|atk|1\n|-unboost|p1b: Indeedee|atk|1\n|-fieldstart|move: Psychic Terrain|[from] ability: Psychic Surge|[of] p1b: Indeedee\n|-enditem|p2b: Flutter Mane|Booster Energy\n|-activate|p2b: Flutter Mane|ability: Protosynthesis|[fromitem]\n|-start|p2b: Flutter Mane|protosynthesisspa\n|turn|1\n|inactive|slimejrlegit has 30 seconds left.\n|\n|t:|1701102412\n|-terastallize|p1a: Armarouge|Psychic\n|move|p1b: Indeedee|Follow Me|p1b: Indeedee\n|-singleturn|p1b: Indeedee|move: Follow Me\n|move|p2b: Flutter Mane|Moonblast|p1b: Indeedee\n|-damage|p1b: Indeedee|56\/100\n|-unboost|p1b: Indeedee|spa|1\n|move|p2a: Arcanine|Rock Slide|p1b: Indeedee|[spread] p1a,p1b\n|-damage|p1a: Armarouge|75\/100\n|-damage|p1b: Indeedee|16\/100\n|move|p1a: Armarouge|Expanding Force|p2b: Flutter Mane|[spread] p2a,p2b\n|-damage|p2a: Arcanine|18\/100\n|-damage|p2b: Flutter Mane|0 fnt\n|faint|p2b: Flutter Mane\n|-end|p2b: Flutter Mane|Protosynthesis|[silent]\n|-damage|p1a: Armarouge|65\/100|[from] item: Life Orb\n|\n|upkeep\n|\n|t:|1701102432\n|switch|p2b: Tornadus|Tornadus, L50, M|100\/100\n|turn|2\n|\n|t:|1701102440\n|move|p1a: Armarouge|Wide Guard|p1a: Armarouge\n|-singleturn|p1a: Armarouge|Wide Guard\n|move|p2b: Tornadus|Bleakwind Storm|p1a: Armarouge|[spread] \n|-activate|p1a: Armarouge|move: Wide Guard\n|-activate|p1b: Indeedee|move: Wide Guard\n|move|p2a: Arcanine|Crunch|p1a: Armarouge\n|-supereffective|p1a: Armarouge\n|-damage|p1a: Armarouge|16\/100\n|move|p1b: Indeedee|Trick Room|p1b: Indeedee\n|-fieldstart|move: Trick Room|[of] p1b: Indeedee\n|\n|upkeep\n|turn|3\n|\n|t:|1701102461\n|-terastallize|p2a: Arcanine|Dark\n|move|p2b: Tornadus|Protect|p2b: Tornadus\n|-singleturn|p2b: Tornadus|Protect\n|move|p1b: Indeedee|Dazzling Gleam|p2a: Arcanine|[spread] p2a\n|-activate|p2b: Tornadus|move: Protect\n|-supereffective|p2a: Arcanine\n|-damage|p2a: Arcanine|6\/100\n|move|p1a: Armarouge|Expanding Force|p2a: Arcanine|[spread] \n|-activate|p2b: Tornadus|move: Protect\n|-immune|p2a: Arcanine\n|move|p2a: Arcanine|Crunch|p1a: Armarouge\n|-supereffective|p1a: Armarouge\n|-damage|p1a: Armarouge|0 fnt\n|faint|p1a: Armarouge\n|\n|upkeep\n|\n|t:|1701102468\n|switch|p1a: Doja Cat|Enamorus, L50, F|100\/100\n|turn|4\n|\n|t:|1701102485\n|move|p2a: Arcanine|Extreme Speed|p1a: Doja Cat\n|-hint|Psychic Terrain doesn't affect Pok\u00e9mon immune to Ground.\n|-damage|p1a: Doja Cat|59\/100\n|move|p1b: Indeedee|Dazzling Gleam|p2b: Tornadus|[spread] p2a,p2b\n|-supereffective|p2a: Arcanine\n|-damage|p2a: Arcanine|0 fnt\n|-damage|p2b: Tornadus|88\/100\n|faint|p2a: Arcanine\n|move|p1a: Doja Cat|Dazzling Gleam|p2b: Tornadus\n|-damage|p2b: Tornadus|0 fnt\n|faint|p2b: Tornadus\n|\n|upkeep\n|\n|t:|1701102496\n|switch|p2b: Ogerpon|Ogerpon-Wellspring, L50, F|100\/100\n|turn|5\n|j| lswagh\n|\n|t:|1701102515\n|move|p2b: Ogerpon|Spiky Shield|p2b: Ogerpon\n|-singleturn|p2b: Ogerpon|move: Protect\n|move|p1b: Indeedee|Follow Me|p1b: Indeedee\n|-singleturn|p1b: Indeedee|move: Follow Me\n|move|p1a: Doja Cat|Dazzling Gleam|p2b: Ogerpon\n|-activate|p2b: Ogerpon|move: Protect\n|\n|-fieldend|move: Psychic Terrain\n|upkeep\n|turn|6\n|\n|t:|1701102523\n|switch|p1a: Regieleki|Regieleki, L50|100\/100\n|move|p1b: Indeedee|Follow Me|p1b: Indeedee\n|-singleturn|p1b: Indeedee|move: Follow Me\n|move|p2b: Ogerpon|Ivy Cudgel|p1b: Indeedee|[anim] Ivy Cudgel Water\n|-damage|p1b: Indeedee|0 fnt\n|faint|p1b: Indeedee\n|\n|-fieldend|move: Trick Room\n|upkeep\n|\n|t:|1701102543\n|switch|p1b: Doja Cat|Enamorus, L50, F|59\/100\n|turn|7\n|\n|t:|1701102555\n|move|p1a: Regieleki|Electroweb|p2b: Ogerpon\n|-damage|p2b: Ogerpon|58\/100\n|-unboost|p2b: Ogerpon|spe|1\n|move|p1b: Doja Cat|Moonblast|p2b: Ogerpon\n|-damage|p2b: Ogerpon|0 fnt\n|faint|p2b: Ogerpon\n|\n|win|slimejrlegit\n|raw|slimejrlegit's rating: 1531 &rarr; <strong>1558<\/strong><br \/>(+27 for winning)\n|raw|Robert1211's rating: 1662 &rarr; <strong>1635<\/strong><br \/>(-27 for losing)\n|l|\u2606Robert1211\n","uploadtime":1701102571,"views":1,"p1id":"slimejrlegit","p2id":"robert1211","formatid":"gen9vgc2023regulatione","rating":1558,"private":0,"password":""}