{"id":"gen9vgc2023regulatione-1990706412","p1":"XTheWanderer117","p2":"Kzjkzj","format":"[Gen 9] VGC 2023 Regulation E","log":"|j|\u203dXTheWanderer117\n|j|\u2606Kzjkzj\n|t:|1699993457\n|gametype|doubles\n|player|p1|XTheWanderer117|102|1009\n|player|p2|Kzjkzj|lance|1036\n|teamsize|p1|6\n|teamsize|p2|6\n|gen|9\n|tier|[Gen 9] VGC 2023 Regulation E\n|rated|\n|rule|Species Clause: Limit one of each Pok\u00e9mon\n|rule|Item Clause: Limit one of each item\n|clearpoke\n|poke|p1|Slaking, L50, F|\n|poke|p1|Weezing, L50, M|\n|poke|p1|Dondozo, L50, M|\n|poke|p1|Clefairy, L50, M|\n|poke|p1|Mimikyu, L50, M|\n|poke|p1|Electrode-Hisui, L50|\n|poke|p2|Flutter Mane, L50|\n|poke|p2|Tornadus, L50, M|\n|poke|p2|Rillaboom, L50, F|\n|poke|p2|Garganacl, L50, F|\n|poke|p2|Arcanine-Hisui, L50, M|\n|poke|p2|Chien-Pao, L50|\n|teampreview|4\n|inactive|Battle timer is ON: inactive players will automatically lose when time's up. (requested by XTheWanderer117)\nXTheWanderer117 rejected open team sheets.\n|\n|t:|1699993480\n|start\n|switch|p1a: Slaking|Slaking, L50, F|100\/100\n|switch|p1b: Dondozo|Dondozo, L50, M|100\/100\n|switch|p2a: Tornadus|Tornadus, L50, M|100\/100\n|switch|p2b: Garganacl|Garganacl, L50, F|100\/100\n|turn|1\n|inactive|XTheWanderer117 has 30 seconds left.\n|inactive|XTheWanderer117 has 20 seconds left.\n|\n|t:|1699993518\n|-terastallize|p1a: Slaking|Fairy\n|-terastallize|p2b: Garganacl|Ghost\n|move|p2a: Tornadus|Taunt|p1b: Dondozo\n|-start|p1b: Dondozo|move: Taunt\n|move|p1a: Slaking|Drain Punch|p2b: Garganacl\n|-immune|p2b: Garganacl\n|move|p2b: Garganacl|Salt Cure|p1b: Dondozo\n|-damage|p1b: Dondozo|92\/100\n|-start|p1b: Dondozo|Salt Cure\n|move|p1b: Dondozo|Avalanche|p2a: Tornadus\n|-supereffective|p2a: Tornadus\n|-damage|p2a: Tornadus|52\/100\n|-damage|p1b: Dondozo|76\/100|[from] item: Rocky Helmet|[of] p2a: Tornadus\n|\n|-damage|p1b: Dondozo|51\/100|[from] Salt Cure\n|upkeep\n|turn|2\n|inactive|XTheWanderer117 has 30 seconds left.\n|\n|t:|1699993546\n|switch|p1b: Weezing|Weezing, L50, M|100\/100\n|-ability|p1b: Weezing|Neutralizing Gas\n|move|p1a: Slaking|Sucker Punch||[still]\n|-fail|p1a: Slaking\n|move|p2a: Tornadus|Tailwind|p2a: Tornadus\n|-sidestart|p2: Kzjkzj|move: Tailwind\n|move|p2b: Garganacl|Iron Defense|p2b: Garganacl\n|-boost|p2b: Garganacl|def|2\n|\n|upkeep\n|turn|3\n|\n|t:|1699993564\n|move|p1a: Slaking|Sucker Punch|p2b: Garganacl\n|-supereffective|p2b: Garganacl\n|-damage|p2b: Garganacl|80\/100\n|move|p2a: Tornadus|Taunt|p1b: Weezing\n|-start|p1b: Weezing|move: Taunt\n|move|p2b: Garganacl|Salt Cure|p1a: Slaking\n|-damage|p1a: Slaking|90\/100\n|cant|p1b: Weezing|move: Taunt|Haze\n|\n|upkeep\n|turn|4\n|\n|t:|1699993586\n|move|p1a: Slaking|Sucker Punch||[still]\n|-fail|p1a: Slaking\n|move|p2a: Tornadus|Bleakwind Storm|p1a: Slaking|[spread] p1a,p1b\n|-damage|p1a: Slaking|57\/100\n|-damage|p1b: Weezing|59\/100\n|move|p2b: Garganacl|Iron Defense|p2b: Garganacl\n|-boost|p2b: Garganacl|def|2\n|move|p1b: Weezing|Sludge Bomb|p2a: Tornadus\n|-damage|p2a: Tornadus|30\/100\n|\n|-heal|p1b: Weezing|64\/100|[from] item: Black Sludge\n|upkeep\n|turn|5\n|-message|XTheWanderer117 forfeited.\n|\n|win|Kzjkzj\n|raw|XTheWanderer117's rating: 1009 &rarr; <strong>1000<\/strong><br \/>(-9 for losing)\n|raw|Kzjkzj's rating: 1036 &rarr; <strong>1068<\/strong><br \/>(+32 for winning)\n|l|\u203dXTheWanderer117\n","uploadtime":1699993596,"views":8,"p1id":"xthewanderer117","p2id":"kzjkzj","formatid":"gen9vgc2023regulatione","rating":1000,"private":0,"password":""}