{"id":"gen9vgc2023regulatione-1990914923","p1":"Aragon_Neotrix","p2":"gan112","format":"[Gen 9] VGC 2023 Regulation E","log":"|j|\u2606Aragon_Neotrix\n|j|\u2606gan112\n|t:|1700014635\n|gametype|doubles\n|player|p1|Aragon_Neotrix|cheren-gen5bw2|1165\n|player|p2|gan112|2|1222\n|teamsize|p1|6\n|teamsize|p2|6\n|gen|9\n|tier|[Gen 9] VGC 2023 Regulation E\n|rated|\n|rule|Species Clause: Limit one of each Pok\u00e9mon\n|rule|Item Clause: Limit one of each item\n|clearpoke\n|poke|p1|Gyarados, L50, F|\n|poke|p1|Dragonite, L50, M|\n|poke|p1|Talonflame, L50, M|\n|poke|p1|Decidueye, L50, M|\n|poke|p1|Umbreon, L50, M|\n|poke|p1|Clefairy, L50, F|\n|poke|p2|Iron Hands, L50|\n|poke|p2|Flutter Mane, L50|\n|poke|p2|Tauros-Paldea-Blaze, L50, M|\n|poke|p2|Armarouge, L50, F|\n|poke|p2|Indeedee-F, L50, F|\n|poke|p2|Moltres-Galar, L50|\n|teampreview|4\n|inactive|Battle timer is ON: inactive players will automatically lose when time's up. (requested by Aragon_Neotrix)\n|inactive|gan112 has 60 seconds left.\n|\n|t:|1700014686\n|start\n|switch|p1a: Gyarados|Gyarados, L50, F|100\/100\n|switch|p1b: Dragonite|Dragonite, L50, M|100\/100\n|switch|p2a: Flutter Mane|Flutter Mane, L50|100\/100\n|switch|p2b: Iron Hands|Iron Hands, L50|100\/100\n|-ability|p1a: Gyarados|Intimidate|boost\n|-unboost|p2a: Flutter Mane|atk|1\n|-unboost|p2b: Iron Hands|atk|1\n|turn|1\n|inactive|Aragon_Neotrix has 30 seconds left.\n|inactive|Aragon_Neotrix has 20 seconds left.\n|\n|t:|1700014725\n|switch|p1a: Clefairy|Clefairy, L50, F|100\/100\n|-terastallize|p1b: Dragonite|Water\n|move|p2a: Flutter Mane|Protect|p2a: Flutter Mane\n|-singleturn|p2a: Flutter Mane|Protect\n|move|p1b: Dragonite|Dragon Dance|p1b: Dragonite\n|-boost|p1b: Dragonite|atk|1\n|-boost|p1b: Dragonite|spe|1\n|move|p2b: Iron Hands|Wild Charge|p1a: Clefairy\n|-damage|p1a: Clefairy|70\/100\n|-damage|p2b: Iron Hands|95\/100|[from] Recoil\n|\n|upkeep\n|turn|2\n|inactive|gan112 has 30 seconds left.\n|\n|t:|1700014756\n|-end|p2a: Flutter Mane|Protosynthesis|[silent]\n|switch|p2a: Indeedee|Indeedee-F, L50, F|100\/100\n|-fieldstart|move: Psychic Terrain|[from] ability: Psychic Surge|[of] p2a: Indeedee\n|-enditem|p2a: Indeedee|Psychic Seed\n|-boost|p2a: Indeedee|spd|1|[from] item: Psychic Seed\n|move|p1a: Clefairy|Helping Hand|p1b: Dragonite\n|-singleturn|p1b: Dragonite|Helping Hand|[of] p1a: Clefairy\n|move|p1b: Dragonite|Earthquake|p2b: Iron Hands|[spread] p1a,p2a,p2b\n|-supereffective|p2b: Iron Hands\n|-damage|p1a: Clefairy|15\/100\n|-damage|p2a: Indeedee|42\/100\n|-damage|p2b: Iron Hands|12\/100\n|move|p2b: Iron Hands|Heavy Slam|p1a: Clefairy\n|-supereffective|p1a: Clefairy\n|-damage|p1a: Clefairy|0 fnt\n|faint|p1a: Clefairy\n|\n|upkeep\n|\n|t:|1700014774\n|switch|p1a: Gyarados|Gyarados, L50, F|100\/100\n|-ability|p1a: Gyarados|Intimidate|boost\n|-unboost|p2a: Indeedee|atk|1\n|-unboost|p2b: Iron Hands|atk|1\n|turn|3\n|\n|t:|1700014785\n|move|p1b: Dragonite|Earthquake|p2b: Iron Hands|[spread] p2a,p2b\n|-immune|p1a: Gyarados\n|-supereffective|p2b: Iron Hands\n|-damage|p2a: Indeedee|2\/100\n|-damage|p2b: Iron Hands|0 fnt\n|faint|p2b: Iron Hands\n|-end|p2b: Iron Hands|Quark Drive|[silent]\n|move|p1a: Gyarados|Dragon Dance|p1a: Gyarados\n|-boost|p1a: Gyarados|atk|1\n|-boost|p1a: Gyarados|spe|1\n|move|p2a: Indeedee|Trick Room|p2a: Indeedee\n|-fieldstart|move: Trick Room|[of] p2a: Indeedee\n|\n|upkeep\n|\n|t:|1700014795\n|switch|p2b: Tauros|Tauros-Paldea-Blaze, L50, M|100\/100\n|-ability|p2b: Tauros|Intimidate|boost\n|-fail|p1a: Gyarados|unboost|[from] item: Clear Amulet|[of] p1a: Gyarados\n|-unboost|p1b: Dragonite|atk|1\n|turn|4\n|\n|t:|1700014814\n|-terastallize|p2b: Tauros|Steel\n|move|p2a: Indeedee|Heal Pulse|p2b: Tauros\n|-fail|p2b: Tauros|heal\n|move|p2b: Tauros|Wild Charge|p1b: Dragonite\n|-supereffective|p1b: Dragonite\n|-damage|p1b: Dragonite|50\/100\n|-damage|p2b: Tauros|85\/100|[from] Recoil\n|move|p1a: Gyarados|Aqua Tail|p2b: Tauros\n|-damage|p2b: Tauros|0 fnt\n|faint|p2b: Tauros\n|move|p1b: Dragonite|Earthquake|p2a: Indeedee|[spread] p2a\n|-immune|p1a: Gyarados\n|-damage|p2a: Indeedee|0 fnt\n|faint|p2a: Indeedee\n|\n|upkeep\n|\n|t:|1700014831\n|switch|p2a: Flutter Mane|Flutter Mane, L50|100\/100\n|turn|5\n|\n|t:|1700014837\n|move|p1a: Gyarados|Aqua Tail|p2a: Flutter Mane\n|-damage|p2a: Flutter Mane|0 fnt\n|faint|p2a: Flutter Mane\n|-end|p2a: Flutter Mane|Protosynthesis|[silent]\n|\n|win|Aragon_Neotrix\n|raw|Aragon_Neotrix's rating: 1165 &rarr; <strong>1194<\/strong><br \/>(+29 for winning)\n|raw|gan112's rating: 1222 &rarr; <strong>1193<\/strong><br \/>(-29 for losing)\n|l|\u2606gan112\n","uploadtime":1700014844,"views":13,"p1id":"aragonneotrix","p2id":"gan112","formatid":"gen9vgc2023regulatione","rating":1193,"private":0,"password":""}