{"id":"gen9vgc2023regulatione-1994826120","p1":"BinaryBishop","p2":"zpoogi","format":"[Gen 9] VGC 2023 Regulation E","log":"|j|\u2606BinaryBishop\n|j|\u2606zpoogi\n|t:|1700496359\n|gametype|doubles\n|player|p1|BinaryBishop|will|1214\n|player|p2|zpoogi|sordward|1245\n|teamsize|p1|6\n|teamsize|p2|6\n|gen|9\n|tier|[Gen 9] VGC 2023 Regulation E\n|rated|\n|rule|Species Clause: Limit one of each Pok\u00e9mon\n|rule|Item Clause: Limit one of each item\n|clearpoke\n|poke|p1|Indeedee-F, L50, F|\n|poke|p1|Armarouge, L50, M|\n|poke|p1|Iron Hands, L50|\n|poke|p1|Sneasler, L50, M|\n|poke|p1|Regidrago, L50|\n|poke|p1|Tornadus, L50, M|\n|poke|p2|Baxcalibur, L50, M|\n|poke|p2|Ninetales-Alola, L50, M|\n|poke|p2|Heatran, L50, F|\n|poke|p2|Ogerpon-Wellspring, L50, F|\n|poke|p2|Landorus-Therian, L50, M|\n|poke|p2|Rillaboom, L50, F|\n|teampreview|4\n|inactive|Battle timer is ON: inactive players will automatically lose when time's up. (requested by BinaryBishop)\n|inactive|BinaryBishop has 60 seconds left.\n|\n|t:|1700496398\n|start\n|switch|p1a: Indeedee|Indeedee-F, L50, F|100\/100\n|switch|p1b: Armarouge|Armarouge, L50, M|100\/100\n|switch|p2a: Baxcalibur|Baxcalibur, L50, M|100\/100\n|switch|p2b: Ninetales|Ninetales-Alola, L50, M|100\/100\n|-weather|Snow|[from] ability: Snow Warning|[of] p2b: Ninetales\n|-fieldstart|move: Psychic Terrain|[from] ability: Psychic Surge|[of] p1a: Indeedee\n|turn|1\n|\n|t:|1700496412\n|switch|p2b: Rillaboom|Rillaboom, L50, F|100\/100\n|-fieldstart|move: Grassy Terrain|[from] ability: Grassy Surge|[of] p2b: Rillaboom\n|switch|p1a: Iron Hands|Iron Hands, L50|100\/100\n|move|p2a: Baxcalibur|Swords Dance|p2a: Baxcalibur\n|-boost|p2a: Baxcalibur|atk|2\n|move|p1b: Armarouge|Trick Room|p1b: Armarouge\n|-fieldstart|move: Trick Room|[of] p1b: Armarouge\n|\n|-weather|Snow|[upkeep]\n|upkeep\n|turn|2\n|\n|t:|1700496434\n|-end|p1a: Iron Hands|Quark Drive|[silent]\n|switch|p1a: Indeedee|Indeedee-F, L50, F|100\/100\n|-fieldstart|move: Psychic Terrain|[from] ability: Psychic Surge|[of] p1a: Indeedee\n|-terastallize|p1b: Armarouge|Psychic\n|move|p2a: Baxcalibur|Protect|p2a: Baxcalibur\n|-singleturn|p2a: Baxcalibur|Protect\n|move|p1b: Armarouge|Expanding Force|p2b: Rillaboom|[spread] p2b\n|-activate|p2a: Baxcalibur|move: Protect\n|-damage|p2b: Rillaboom|31\/100\n|-damage|p1b: Armarouge|91\/100|[from] item: Life Orb\n|move|p2b: Rillaboom|High Horsepower|p1b: Armarouge\n|-damage|p1b: Armarouge|60\/100\n|\n|-weather|Snow|[upkeep]\n|upkeep\n|turn|3\n|\n|t:|1700496451\n|switch|p2b: Ninetales|Ninetales-Alola, L50, M|100\/100\n|move|p1a: Indeedee|Helping Hand|p1b: Armarouge\n|-singleturn|p1b: Armarouge|Helping Hand|[of] p1a: Indeedee\n|move|p1b: Armarouge|Expanding Force|p2a: Baxcalibur|[spread] p2a,p2b\n|-damage|p2a: Baxcalibur|0 fnt\n|-damage|p2b: Ninetales|0 fnt\n|faint|p2a: Baxcalibur\n|faint|p2b: Ninetales\n|-damage|p1b: Armarouge|51\/100|[from] item: Life Orb\n|\n|-weather|Snow|[upkeep]\n|upkeep\n|\n|t:|1700496456\n|switch|p2a: Rillaboom|Rillaboom, L50, F|31\/100\n|switch|p2b: Landorus|Landorus-Therian, L50, M|100\/100\n|-fieldstart|move: Grassy Terrain|[from] ability: Grassy Surge|[of] p2a: Rillaboom\n|-ability|p2b: Landorus|Intimidate|boost\n|-unboost|p1a: Indeedee|atk|1\n|-unboost|p1b: Armarouge|atk|1\n|turn|4\n|\n|t:|1700496469\n|switch|p1a: Iron Hands|Iron Hands, L50|100\/100\n|move|p1b: Armarouge|Protect|p1b: Armarouge\n|-singleturn|p1b: Armarouge|Protect\n|move|p2a: Rillaboom|Fake Out|p1b: Armarouge\n|-activate|p1b: Armarouge|move: Protect\n|move|p2b: Landorus|Stomping Tantrum|p1b: Armarouge\n|-activate|p1b: Armarouge|move: Protect\n|\n|-weather|Snow|[upkeep]\n|-heal|p1b: Armarouge|57\/100|[from] Grassy Terrain\n|-heal|p2a: Rillaboom|37\/100|[from] Grassy Terrain\n|upkeep\n|turn|5\n|\n|t:|1700496484\n|-end|p1a: Iron Hands|Quark Drive|[silent]\n|switch|p1a: Indeedee|Indeedee-F, L50, F|100\/100\n|-fieldstart|move: Psychic Terrain|[from] ability: Psychic Surge|[of] p1a: Indeedee\n|move|p1b: Armarouge|Expanding Force|p2a: Rillaboom|[spread] p2a,p2b\n|-crit|p2a: Rillaboom\n|-damage|p2a: Rillaboom|0 fnt\n|-damage|p2b: Landorus|0 fnt\n|faint|p2a: Rillaboom\n|faint|p2b: Landorus\n|-damage|p1b: Armarouge|47\/100|[from] item: Life Orb\n|\n|win|BinaryBishop\n|raw|BinaryBishop's rating: 1214 &rarr; <strong>1241<\/strong><br \/>(+27 for winning)\n|raw|zpoogi's rating: 1245 &rarr; <strong>1218<\/strong><br \/>(-27 for losing)\n|l|\u2606zpoogi\n","uploadtime":1700496496,"views":1,"p1id":"binarybishop","p2id":"zpoogi","formatid":"gen9vgc2023regulatione","rating":1218,"private":0,"password":""}