{"id":"gen9vgc2023regulatione-1988839024","p1":"Cheeseless","p2":"TrapTus","format":"[Gen 9] VGC 2023 Regulation E","log":"|j|\u203dCheeseless\n|j|\u2606TrapTus\n|t:|1699771238\n|gametype|doubles\n|player|p1|Cheeseless|acetrainerf-gen4dp|1452\n|player|p2|TrapTus|1|1498\n|teamsize|p1|6\n|teamsize|p2|6\n|gen|9\n|tier|[Gen 9] VGC 2023 Regulation E\n|rated|\n|rule|Species Clause: Limit one of each Pok\u00e9mon\n|rule|Item Clause: Limit one of each item\n|clearpoke\n|poke|p1|Indeedee-F, L50, F|\n|poke|p1|Armarouge, L50, F|\n|poke|p1|Sylveon, L50, M|\n|poke|p1|Ursaluna, L50, F|\n|poke|p1|Urshifu-*, L50, M|\n|poke|p1|Torkoal, L50, F|\n|poke|p2|Tornadus, L50, M|\n|poke|p2|Flutter Mane, L50|\n|poke|p2|Roaring Moon, L50|\n|poke|p2|Iron Hands, L50|\n|poke|p2|Landorus-Therian, L50, M|\n|poke|p2|Gholdengo, L50|\n|teampreview|4\n|inactive|Battle timer is ON: inactive players will automatically lose when time's up. (requested by Cheeseless)\n|\n|t:|1699771258\n|start\n|switch|p1a: Indeedee|Indeedee-F, L50, F|100\/100\n|switch|p1b: Armarouge|Armarouge, L50, F|100\/100\n|switch|p2a: Flutter Mane|Flutter Mane, L50|100\/100\n|switch|p2b: Roaring Moon|Roaring Moon, L50|100\/100\n|-fieldstart|move: Psychic Terrain|[from] ability: Psychic Surge|[of] p1a: Indeedee\n|-enditem|p1a: Indeedee|Psychic Seed\n|-boost|p1a: Indeedee|spd|1|[from] item: Psychic Seed\n|-enditem|p2b: Roaring Moon|Booster Energy\n|-activate|p2b: Roaring Moon|ability: Protosynthesis|[fromitem]\n|-start|p2b: Roaring Moon|protosynthesisatk\n|turn|1\n|j| Shneakster\n|l| Shneakster\n|\n|t:|1699771282\n|move|p1a: Indeedee|Follow Me|p1a: Indeedee\n|-singleturn|p1a: Indeedee|move: Follow Me\n|move|p2b: Roaring Moon|Knock Off|p1a: Indeedee\n|-supereffective|p1a: Indeedee\n|-damage|p1a: Indeedee|12\/100\n|move|p2a: Flutter Mane|Shadow Ball|p1a: Indeedee\n|-immune|p1a: Indeedee\n|move|p1b: Armarouge|Trick Room|p1b: Armarouge\n|-fieldstart|move: Trick Room|[of] p1b: Armarouge\n|\n|upkeep\n|turn|2\n|\n|t:|1699771307\n|move|p1b: Armarouge|Expanding Force|p2a: Flutter Mane|[spread] p2a\n|-immune|p2b: Roaring Moon\n|-damage|p2a: Flutter Mane|29\/100\n|move|p1a: Indeedee|Dazzling Gleam|p2b: Roaring Moon|[spread] p2a,p2b\n|-supereffective|p2b: Roaring Moon\n|-damage|p2a: Flutter Mane|16\/100\n|-damage|p2b: Roaring Moon|50\/100\n|move|p2a: Flutter Mane|Shadow Ball|p1b: Armarouge\n|-supereffective|p1b: Armarouge\n|-damage|p1b: Armarouge|0 fnt\n|faint|p1b: Armarouge\n|move|p2b: Roaring Moon|Breaking Swipe|p1a: Indeedee\n|-damage|p1a: Indeedee|0 fnt\n|faint|p1a: Indeedee\n|\n|upkeep\n|\n|t:|1699771320\n|switch|p1b: Ursaluna|Ursaluna, L50, F|100\/100\n|switch|p1a: Sylveon|Sylveon, L50, M|100\/100\n|turn|3\n|\n|t:|1699771330\n|-end|p2a: Flutter Mane|Protosynthesis|[silent]\n|switch|p2a: Landorus|Landorus-Therian, L50, M|100\/100\n|-ability|p2a: Landorus|Intimidate|boost\n|-unboost|p1a: Sylveon|atk|1\n|-unboost|p1b: Ursaluna|atk|1\n|move|p2b: Roaring Moon|Protect|p2b: Roaring Moon\n|-singleturn|p2b: Roaring Moon|Protect\n|move|p1b: Ursaluna|Swords Dance|p1b: Ursaluna\n|-boost|p1b: Ursaluna|atk|2\n|move|p1a: Sylveon|Hyper Voice|p2a: Landorus|[spread] p2a\n|-activate|p2b: Roaring Moon|move: Protect\n|-damage|p2a: Landorus|52\/100\n|-enditem|p1a: Sylveon|Throat Spray\n|-boost|p1a: Sylveon|spa|1|[from] item: Throat Spray\n|\n|-status|p1b: Ursaluna|brn|[from] item: Flame Orb\n|upkeep\n|turn|4\n|j| Jinthewindmaster\n|\n|t:|1699771352\n|-end|p2b: Roaring Moon|Protosynthesis|[silent]\n|switch|p2b: Flutter Mane|Flutter Mane, L50|16\/100\n|-terastallize|p2a: Landorus|Flying\n|move|p1b: Ursaluna|Headlong Rush|p2b: Flutter Mane\n|-damage|p2b: Flutter Mane|0 fnt\n|-unboost|p1b: Ursaluna|def|1\n|-unboost|p1b: Ursaluna|spd|1\n|faint|p2b: Flutter Mane\n|-end|p2b: Flutter Mane|Protosynthesis|[silent]\n|move|p1a: Sylveon|Hyper Voice|p2a: Landorus\n|-damage|p2a: Landorus|0 fnt\n|faint|p2a: Landorus\n|\n|-damage|p1b: Ursaluna|95\/100 brn|[from] brn\n|upkeep\n|\n|t:|1699771365\n|switch|p2a: Iron Hands|Iron Hands, L50|100\/100\n|switch|p2b: Roaring Moon|Roaring Moon, L50|50\/100\n|turn|5\n|\n|t:|1699771382\n|-terastallize|p1b: Ursaluna|Ghost\n|move|p1b: Ursaluna|Headlong Rush|p2a: Iron Hands\n|-supereffective|p2a: Iron Hands\n|-damage|p2a: Iron Hands|0 fnt\n|-unboost|p1b: Ursaluna|def|1\n|-unboost|p1b: Ursaluna|spd|1\n|faint|p2a: Iron Hands\n|-end|p2a: Iron Hands|Quark Drive|[silent]\n|move|p1a: Sylveon|Hyper Voice|p2b: Roaring Moon\n|-supereffective|p2b: Roaring Moon\n|-damage|p2b: Roaring Moon|0 fnt\n|faint|p2b: Roaring Moon\n|-end|p2b: Roaring Moon|Protosynthesis|[silent]\n|\n|win|Cheeseless\n|raw|Cheeseless's rating: 1452 &rarr; <strong>1475<\/strong><br \/>(+23 for winning)\n|raw|TrapTus's rating: 1498 &rarr; <strong>1475<\/strong><br \/>(-23 for losing)\n|l|\u2606TrapTus\n","uploadtime":1699771395,"views":25,"p1id":"cheeseless","p2id":"traptus","formatid":"gen9vgc2023regulatione","rating":1475,"private":0,"password":""}