{"id":"gen9vgc2023regulatione-1995977667","p1":"Tenken11","p2":"Tampico11","format":"[Gen 9] VGC 2023 Regulation E","log":"|j|\u2606Tenken11\n|j|\u2606Tampico11\n|n|\u2606Tenken11|tenken11\n|n|\u2606Tampico11|tampico11\n|html|View the match progress at <a href=\"\/game-bestof3-gen9vgc2023regulatione-1995971345\">game-bestof3-gen9vgc2023regulatione-1995971345<\/a>\n|t:|1700624461\n|gametype|doubles\n|player|p1|Tenken11|266|\n|player|p2|Tampico11|ethan|\n|teamsize|p1|6\n|teamsize|p2|6\n|gen|9\n|tier|[Gen 9] VGC 2023 Regulation E\n|rule|Species Clause: Limit one of each Pok\u00e9mon\n|rule|Item Clause: Limit one of each item\n|clearpoke\n|poke|p1|Clefairy, L50, F|\n|poke|p1|Cetitan, L50, F|\n|poke|p1|Kommo-o, L50, M|\n|poke|p1|Sinistcha-Masterpiece, L50|\n|poke|p1|Landorus-Therian, L50, M|\n|poke|p1|Rillaboom, L50, M|\n|poke|p2|Iron Hands, L50|\n|poke|p2|Amoonguss, L50, M|\n|poke|p2|Grimmsnarl, L50, M|\n|poke|p2|Ursaluna-Bloodmoon, L50, M|\n|poke|p2|Annihilape, L50, M|\n|poke|p2|Cresselia, L50, F|\n|teampreview|4\nTenken11 has agreed to open team sheets.\nTampico11 has agreed to open team sheets.\n|showteam|p1|Clefairy||Eviolite|FriendGuard|FollowMe,HealPulse,HelpingHand,Protect|||F|||50|,,,,,Dark]Cetitan||SitrusBerry|ThickFat|Liquidation,IceShard,BellyDrum,Protect|||F|||50|,,,,,Water]Kommo-o||ThroatSpray|Overcoat|ClangingScales,FlashCannon,ClangorousSoul,Protect|||M|||50|,,,,,Steel]Sinistcha-Masterpiece||WideLens|Hospitality|MatchaGotcha,StrengthSap,RagePowder,TrickRoom||||||50|,,,,,Fire]Landorus-Therian||ChoiceScarf|Intimidate|StompingTantrum,TeraBlast,RockSlide,Uturn|||M|||50|,,,,,Flying]Rillaboom||AssaultVest|GrassySurge|WoodHammer,GrassyGlide,Uturn,FakeOut|||M|||50|,,,,,Fire\n|showteam|p2|Iron Hands||AssaultVest|QuarkDrive|FakeOut,DrainPunch,WildCharge,HeavySlam||||||50|,,,,,Water]Amoonguss||MentalHerb|Regenerator|PollenPuff,ClearSmog,RagePowder,Spore|||M|||50|,,,,,Fire]Grimmsnarl||CovertCloak|Prankster|SpiritBreak,PartingShot,Reflect,LightScreen|||M|||50|,,,,,Water]Ursaluna-Bloodmoon||SilkScarf|MindsEye|HyperVoice,BloodMoon,EarthPower,Protect|||M|||50|,,,,,Grass]Annihilape||SitrusBerry|Defiant|DrainPunch,RageFist,BulkUp,Protect|||M|||50|,,,,,Fire]Cresselia||SafetyGoggles|Levitate|IceBeam,LunarBlessing,HelpingHand,TrickRoom|||F|||50|,,,,,Fire\n|inactive|Battle timer is ON: inactive players will automatically lose when time's up. (requested by Tampico11)\n|inactive|Tenken11 has 60 seconds left.\n|\n|t:|1700624503\n|start\n|switch|p1a: Landorus|Landorus-Therian, L50, M|100\/100\n|switch|p1b: Kommo-o|Kommo-o, L50, M|100\/100\n|switch|p2a: Ferropalmas|Iron Hands, L50, shiny|100\/100\n|switch|p2b: Cresselia|Cresselia, L50, F|100\/100\n|-ability|p1a: Landorus|Intimidate|boost\n|-unboost|p2a: Ferropalmas|atk|1\n|-unboost|p2b: Cresselia|atk|1\n|turn|1\n|inactive|Tenken11 has 30 seconds left.\n|\n|t:|1700624531\n|move|p2a: Ferropalmas|Fake Out|p1b: Kommo-o\n|-damage|p1b: Kommo-o|91\/100\n|move|p1a: Landorus|Stomping Tantrum|p2a: Ferropalmas\n|-supereffective|p2a: Ferropalmas\n|-damage|p2a: Ferropalmas|44\/100\n|cant|p1b: Kommo-o|flinch\n|move|p2b: Cresselia|Trick Room|p2b: Cresselia\n|-fieldstart|move: Trick Room|[of] p2b: Cresselia\n|\n|upkeep\n|turn|2\n|\n|t:|1700624554\n|-end|p2a: Ferropalmas|Quark Drive|[silent]\n|switch|p2a: Ursaluna|Ursaluna-Bloodmoon, L50, M|100\/100\n|switch|p1a: Rillaboom|Rillaboom, L50, M|100\/100\n|-fieldstart|move: Grassy Terrain|[from] ability: Grassy Surge|[of] p1a: Rillaboom\n|move|p1b: Kommo-o|Protect|p1b: Kommo-o\n|-singleturn|p1b: Kommo-o|Protect\n|move|p2b: Cresselia|Ice Beam|p1a: Rillaboom\n|-supereffective|p1a: Rillaboom\n|-crit|p1a: Rillaboom\n|-damage|p1a: Rillaboom|60\/100\n|\n|-heal|p1a: Rillaboom|66\/100|[from] Grassy Terrain\n|-heal|p1b: Kommo-o|96\/100|[from] Grassy Terrain\n|upkeep\n|turn|3\n|inactive|Tampico11 has 30 seconds left.\n|j| Fancy Cucudrula\n|inactive|Tampico11 has 20 seconds left.\n|inactive|Tampico11 has 15 seconds left.\n|inactive|Tampico11 has 10 seconds left.\n|inactive|Tampico11 has 5 seconds left.\n|\n|t:|1700624608\n|move|p2a: Ursaluna|Protect|p2a: Ursaluna\n|-singleturn|p2a: Ursaluna|Protect\n|move|p1a: Rillaboom|Fake Out|p2a: Ursaluna\n|-activate|p2a: Ursaluna|move: Protect\n|move|p2b: Cresselia|Ice Beam|p1a: Rillaboom\n|-supereffective|p1a: Rillaboom\n|-damage|p1a: Rillaboom|36\/100\n|move|p1b: Kommo-o|Clangorous Soul|p1b: Kommo-o\n|-boost|p1b: Kommo-o|atk|1\n|-boost|p1b: Kommo-o|def|1\n|-boost|p1b: Kommo-o|spa|1\n|-boost|p1b: Kommo-o|spd|1\n|-boost|p1b: Kommo-o|spe|1\n|-damage|p1b: Kommo-o|64\/100\n|-enditem|p1b: Kommo-o|Throat Spray\n|-boost|p1b: Kommo-o|spa|1|[from] item: Throat Spray\n|\n|-heal|p1a: Rillaboom|42\/100|[from] Grassy Terrain\n|-heal|p1b: Kommo-o|69\/100|[from] Grassy Terrain\n|upkeep\n|turn|4\n|inactive|Tampico11 has 30 seconds left.\n|inactive|Tampico11 has 20 seconds left.\n|inactive|Tampico11 has 15 seconds left.\n|inactive|Tampico11 has 10 seconds left.\n|inactive|Tampico11 has 5 seconds left.\n|\n|t:|1700624661\n|switch|p1a: Sinistcha|Sinistcha-Masterpiece, L50|100\/100\n|-heal|p1b: Kommo-o|94\/100|[from] ability: Hospitality|[of] p1a: Sinistcha\n|-terastallize|p2a: Ursaluna|Grass\n|-terastallize|p1b: Kommo-o|Steel\n|move|p2b: Cresselia|Helping Hand|p2a: Ursaluna\n|-singleturn|p2a: Ursaluna|Helping Hand|[of] p2b: Cresselia\n|move|p2a: Ursaluna|Earth Power|p1b: Kommo-o\n|-supereffective|p1b: Kommo-o\n|-damage|p1b: Kommo-o|0 fnt\n|faint|p1b: Kommo-o\n|\n|upkeep\n|\n|t:|1700624684\n|switch|p1b: Rillaboom|Rillaboom, L50, M|42\/100\n|turn|5\n|inactive|Tampico11 has 30 seconds left.\n|\n|t:|1700624713\n|move|p2a: Ursaluna|Protect|p2a: Ursaluna\n|-singleturn|p2a: Ursaluna|Protect\n|move|p2b: Cresselia|Ice Beam|p1b: Rillaboom\n|-supereffective|p1b: Rillaboom\n|-damage|p1b: Rillaboom|13\/100\n|move|p1a: Sinistcha|Matcha Gotcha|p2a: Ursaluna|[spread] p2b\n|-activate|p2a: Ursaluna|move: Protect\n|-damage|p2b: Cresselia|81\/100\n|move|p1b: Rillaboom|U-turn|p2b: Cresselia\n|-supereffective|p2b: Cresselia\n|-damage|p2b: Cresselia|49\/100\n|\n|t:|1700624719\n|switch|p1b: Landorus|Landorus-Therian, L50, M|100\/100|[from] U-turn\n|-ability|p1b: Landorus|Intimidate|boost\n|-unboost|p2a: Ursaluna|atk|1\n|-unboost|p2b: Cresselia|atk|1\n|\n|-fieldend|move: Trick Room\n|upkeep\n|turn|6\n|inactive|Tampico11 has 30 seconds left.\n|\n|t:|1700624750\n|move|p2b: Cresselia|Helping Hand|p2a: Ursaluna\n|-singleturn|p2a: Ursaluna|Helping Hand|[of] p2b: Cresselia\n|move|p1b: Landorus|U-turn|p2b: Cresselia\n|-supereffective|p2b: Cresselia\n|-damage|p2b: Cresselia|10\/100\n|\n|t:|1700624755\n|switch|p1b: Rillaboom|Rillaboom, L50, M|13\/100|[from] U-turn\n|move|p1a: Sinistcha|Matcha Gotcha|p2a: Ursaluna|[spread] p2a,p2b\n|-resisted|p2a: Ursaluna\n|-damage|p2a: Ursaluna|82\/100\n|-damage|p2b: Cresselia|0 fnt\n|faint|p2b: Cresselia\n|move|p2a: Ursaluna|Blood Moon|p1a: Sinistcha\n|-damage|p1a: Sinistcha|0 fnt\n|faint|p1a: Sinistcha\n|\n|-heal|p1b: Rillaboom|19\/100|[from] Grassy Terrain\n|-heal|p2a: Ursaluna|88\/100|[from] Grassy Terrain\n|-fieldend|move: Grassy Terrain\n|upkeep\n|\n|t:|1700624773\n|switch|p1a: Landorus|Landorus-Therian, L50, M|100\/100\n|switch|p2b: Ferropalmas|Iron Hands, L50, shiny|44\/100\n|-ability|p1a: Landorus|Intimidate|boost\n|-unboost|p2a: Ursaluna|atk|1\n|-unboost|p2b: Ferropalmas|atk|1\n|turn|7\n|c|\u2606Tenken11|cha, ese read fue todo\n|c|\u2606Tenken11|XD\n|\n|t:|1700624791\n|move|p1b: Rillaboom|Fake Out|p2b: Ferropalmas\n|-damage|p2b: Ferropalmas|33\/100\n|cant|p2b: Ferropalmas|flinch\n|move|p1a: Landorus|U-turn|p2a: Ursaluna\n|-supereffective|p2a: Ursaluna\n|-damage|p2a: Ursaluna|44\/100\n|move|p2a: Ursaluna|Hyper Voice|p1b: Rillaboom|[spread] p1a,p1b\n|-damage|p1a: Landorus|44\/100\n|-damage|p1b: Rillaboom|0 fnt\n|faint|p1b: Rillaboom\n|\n|upkeep\n|turn|8\n|c|\u2606Tampico11|creo q si\n|\n|t:|1700624804\n|-end|p2b: Ferropalmas|Quark Drive|[silent]\n|switch|p2b: Anestesia|Amoonguss, L50, M, shiny|100\/100\n|move|p2a: Ursaluna|Protect|p2a: Ursaluna\n|-singleturn|p2a: Ursaluna|Protect\n|move|p1a: Landorus|U-turn|p2a: Ursaluna\n|-activate|p2a: Ursaluna|move: Protect\n|\n|upkeep\n|turn|9\n|c|\u2606Tenken11|gg\n|-message|Tenken11 forfeited.\n|\n|win|Tampico11\n","uploadtime":1700624814,"views":1,"p1id":"tenken11","p2id":"tampico11","formatid":"gen9vgc2023regulatione","rating":0,"private":0,"password":""}