{"id":"gen9vgc2023regulatione-1997731772","p1":"dcfghuijmhbg","p2":"zane613","format":"[Gen 9] VGC 2023 Regulation E","log":"|j|\u2606dcfghuijmhbg\n|j|\u2606zane613\n|t:|1700846716\n|gametype|doubles\n|player|p1|dcfghuijmhbg|266|1186\n|player|p2|zane613|cynthia-gen4|1163\n|teamsize|p1|6\n|teamsize|p2|6\n|gen|9\n|tier|[Gen 9] VGC 2023 Regulation E\n|rated|\n|rule|Species Clause: Limit one of each Pok\u00e9mon\n|rule|Item Clause: Limit one of each item\n|clearpoke\n|poke|p1|Arcanine, L50, F|\n|poke|p1|Roaring Moon, L50|\n|poke|p1|Iron Hands, L50|\n|poke|p1|Ogerpon, L50, F|\n|poke|p1|Gastrodon-East, L50, M|\n|poke|p1|Sylveon, L50, M|\n|poke|p2|Ursaluna-Bloodmoon, L50, M|\n|poke|p2|Ninetales-Alola, L50, F|\n|poke|p2|Rillaboom, L50, M|\n|poke|p2|Flutter Mane, L50|\n|poke|p2|Urshifu-*, L50, F|\n|poke|p2|Ogerpon-Hearthflame, L50, F|\n|teampreview|4\n|\n|t:|1700846783\n|start\n|switch|p1a: Iron Hands|Iron Hands, L50, shiny|100\/100\n|switch|p1b: Roaring Moon|Roaring Moon, L50, shiny|100\/100\n|switch|p2a: Ninetales|Ninetales-Alola, L50, F|100\/100\n|switch|p2b: Rillaboom|Rillaboom, L50, M|100\/100\n|-weather|Snow|[from] ability: Snow Warning|[of] p2a: Ninetales\n|-fieldstart|move: Grassy Terrain|[from] ability: Grassy Surge|[of] p2b: Rillaboom\n|-enditem|p1b: Roaring Moon|Booster Energy\n|-activate|p1b: Roaring Moon|ability: Protosynthesis|[fromitem]\n|-start|p1b: Roaring Moon|protosynthesisspe\n|turn|1\n|\n|t:|1700846822\n|-terastallize|p1b: Roaring Moon|Poison\n|move|p2b: Rillaboom|Fake Out|p1a: Iron Hands\n|-damage|p1a: Iron Hands|91\/100\n|move|p1b: Roaring Moon|Acrobatics|p2b: Rillaboom\n|-supereffective|p2b: Rillaboom\n|-damage|p2b: Rillaboom|11\/100\n|move|p2a: Ninetales|Blizzard|p1b: Roaring Moon|[spread] p1a,p1b\n|-damage|p1a: Iron Hands|75\/100\n|-damage|p1b: Roaring Moon|70\/100\n|cant|p1a: Iron Hands|flinch\n|\n|-weather|Snow|[upkeep]\n|-heal|p1b: Roaring Moon|75\/100|[from] Grassy Terrain\n|-heal|p2b: Rillaboom|17\/100|[from] Grassy Terrain\n|-heal|p1a: Iron Hands|81\/100|[from] Grassy Terrain\n|upkeep\n|turn|2\n|\n|t:|1700846859\n|move|p1b: Roaring Moon|Breaking Swipe|p2b: Rillaboom|[spread] p2b\n|-immune|p2a: Ninetales\n|-damage|p2b: Rillaboom|0 fnt\n|faint|p2b: Rillaboom\n|move|p2a: Ninetales|Aurora Veil|p2a: Ninetales\n|-sidestart|p2: zane613|move: Aurora Veil\n|move|p1a: Iron Hands|Heavy Slam|p2a: Ninetales\n|-supereffective|p2a: Ninetales\n|-damage|p2a: Ninetales|0 fnt\n|faint|p2a: Ninetales\n|\n|-weather|Snow|[upkeep]\n|-heal|p1b: Roaring Moon|81\/100|[from] Grassy Terrain\n|-heal|p1a: Iron Hands|87\/100|[from] Grassy Terrain\n|upkeep\n|\n|t:|1700846874\n|switch|p2a: Flutter Mane|Flutter Mane, L50|100\/100\n|switch|p2b: Ursaluna|Ursaluna-Bloodmoon, L50, M|100\/100\n|turn|3\n|\n|t:|1700846884\n|move|p1b: Roaring Moon|Tailwind|p1b: Roaring Moon\n|-sidestart|p1: dcfghuijmhbg|move: Tailwind\n|move|p2a: Flutter Mane|Moonblast|p1a: Iron Hands\n|-supereffective|p1a: Iron Hands\n|-damage|p1a: Iron Hands|27\/100\n|move|p1a: Iron Hands|Heavy Slam|p2a: Flutter Mane\n|-supereffective|p2a: Flutter Mane\n|-enditem|p2a: Flutter Mane|Focus Sash\n|-damage|p2a: Flutter Mane|1\/100\n|move|p2b: Ursaluna|Earth Power|p1b: Roaring Moon\n|-supereffective|p1b: Roaring Moon\n|-damage|p1b: Roaring Moon|0 fnt\n|faint|p1b: Roaring Moon\n|-end|p1b: Roaring Moon|Protosynthesis|[silent]\n|\n|-weather|Snow|[upkeep]\n|-heal|p2a: Flutter Mane|7\/100|[from] Grassy Terrain\n|-heal|p1a: Iron Hands|33\/100|[from] Grassy Terrain\n|upkeep\n|\n|t:|1700846906\n|switch|p1b: Ogerpon|Ogerpon, L50, F|100\/100\n|turn|4\n|\n|t:|1700846918\n|-terastallize|p2b: Ursaluna|Normal\n|move|p2a: Flutter Mane|Protect|p2a: Flutter Mane\n|-singleturn|p2a: Flutter Mane|Protect\n|move|p1b: Ogerpon|Ivy Cudgel|p2a: Flutter Mane\n|-activate|p2a: Flutter Mane|move: Protect\n|move|p1a: Iron Hands|Drain Punch|p2b: Ursaluna\n|-supereffective|p2b: Ursaluna\n|-damage|p2b: Ursaluna|58\/100\n|-heal|p1a: Iron Hands|53\/100|[from] drain|[of] p2b: Ursaluna\n|move|p2b: Ursaluna|Blood Moon|p1b: Ogerpon\n|-damage|p1b: Ogerpon|0 fnt\n|faint|p1b: Ogerpon\n|\n|-weather|Snow|[upkeep]\n|-heal|p2a: Flutter Mane|14\/100|[from] Grassy Terrain\n|-heal|p1a: Iron Hands|59\/100|[from] Grassy Terrain\n|-heal|p2b: Ursaluna|64\/100|[from] Grassy Terrain\n|-heal|p2b: Ursaluna|70\/100|[from] item: Leftovers\n|upkeep\n|\n|t:|1700846938\n|switch|p1b: Sylveon|Sylveon, L50, M|100\/100\n|turn|5\n|\n|t:|1700846950\n|move|p2a: Flutter Mane|Moonblast|p1a: Iron Hands\n|-supereffective|p1a: Iron Hands\n|-damage|p1a: Iron Hands|1\/100\n|move|p1b: Sylveon|Hyper Voice|p2b: Ursaluna|[spread] p2a,p2b\n|-damage|p2a: Flutter Mane|0 fnt\n|-damage|p2b: Ursaluna|29\/100\n|faint|p2a: Flutter Mane\n|-end|p2a: Flutter Mane|Protosynthesis|[silent]\n|move|p1a: Iron Hands|Heavy Slam|p2b: Ursaluna\n|-damage|p2b: Ursaluna|22\/100\n|move|p2b: Ursaluna|Hyper Voice|p1a: Iron Hands|[spread] p1a,p1b\n|-damage|p1a: Iron Hands|0 fnt\n|-damage|p1b: Sylveon|62\/100\n|faint|p1a: Iron Hands\n|-end|p1a: Iron Hands|Quark Drive|[silent]\n|\n|-weather|none\n|-heal|p1b: Sylveon|68\/100|[from] Grassy Terrain\n|-heal|p2b: Ursaluna|28\/100|[from] Grassy Terrain\n|-heal|p2b: Ursaluna|34\/100|[from] item: Leftovers\n|-fieldend|move: Grassy Terrain\n|upkeep\n|turn|6\n|\n|t:|1700846974\n|move|p2b: Ursaluna|Protect|p2b: Ursaluna\n|-singleturn|p2b: Ursaluna|Protect\n|move|p1b: Sylveon|Hyper Voice|p2b: Ursaluna\n|-activate|p2b: Ursaluna|move: Protect\n|\n|-heal|p2b: Ursaluna|40\/100|[from] item: Leftovers\n|-sideend|p1: dcfghuijmhbg|move: Tailwind\n|upkeep\n|turn|7\n|\n|t:|1700846987\n|move|p1b: Sylveon|Hyper Voice|p2b: Ursaluna\n|-damage|p2b: Ursaluna|0 fnt\n|faint|p2b: Ursaluna\n|\n|win|dcfghuijmhbg\n|raw|dcfghuijmhbg's rating: 1186 &rarr; <strong>1209<\/strong><br \/>(+23 for winning)\n|raw|zane613's rating: 1163 &rarr; <strong>1140<\/strong><br \/>(-23 for losing)\n|l|\u2606zane613\n","uploadtime":1700847054,"views":3,"p1id":"dcfghuijmhbg","p2id":"zane613","formatid":"gen9vgc2023regulatione","rating":1140,"private":0,"password":""}