{"id":"gen9vgc2023regulatione-1990297373","p1":"MorningElegy","p2":"Tilzy","format":"[Gen 9] VGC 2023 Regulation E","log":"|j|\u2606MorningElegy\n|j|\u2606Tilzy\n|t:|1699952694\n|gametype|doubles\n|player|p1|MorningElegy|psychic-gen2|\n|player|p2|Tilzy|102|\n|teamsize|p1|6\n|teamsize|p2|6\n|gen|9\n|tier|[Gen 9] VGC 2023 Regulation E\n|rated|Tournament battle\n|rule|Species Clause: Limit one of each Pok\u00e9mon\n|rule|Item Clause: Limit one of each item\n|clearpoke\n|poke|p1|Urshifu-*, L50, M|\n|poke|p1|Gholdengo, L50|\n|poke|p1|Iron Hands, L50|\n|poke|p1|Politoed, L50, M|\n|poke|p1|Gothitelle, L50, M|\n|poke|p1|Amoonguss, L50, M|\n|poke|p2|Regidrago, L50|\n|poke|p2|Tornadus, L50, M|\n|poke|p2|Urshifu-*, L50, F|\n|poke|p2|Rillaboom, L50, M|\n|poke|p2|Gholdengo, L50|\n|poke|p2|Ogerpon-Hearthflame, L50, F|\n|teampreview|4\n|showteam|p1|Urshifu-Rapid-Strike||MysticWater|UnseenFist|SurgingStrikes,AquaJet,CloseCombat,Detect|||M|||50|,,,,,Water]Gholdengo||MetalCoat|GoodasGold|MakeItRain,ShadowBall,NastyPlot,Protect||||||50|,,,,,Dragon]Iron Hands||AssaultVest|QuarkDrive|WildCharge,DrainPunch,VoltSwitch,FakeOut||||||50|,,,,,Grass]Politoed||RockyHelmet|Drizzle|MuddyWater,IcyWind,PerishSong,Protect|||M|||50|,,,,,Dark]Gothitelle||SitrusBerry|ShadowTag|Psychic,FakeOut,TrickRoom,Protect|||M|||50|,,,,,Fairy]Amoonguss||EjectButton|Regenerator|PollenPuff,Spore,RagePowder,Protect|||M|||50|,,,,,Water\n|showteam|p2|Regidrago||DragonFang|DragonsMaw|DragonEnergy,DragonPulse,EarthPower,Protect||||||50|,,,,,Steel]Tornadus||FocusSash|Prankster|IcyWind,Protect,BleakwindStorm,Tailwind|||M|||50|,,,,,Ghost]Urshifu-Rapid-Strike||ChoiceScarf|UnseenFist|SurgingStrikes,CloseCombat,AquaJet,RockSlide|||F|||50|,,,,,Water]Rillaboom||AssaultVest|GrassySurge|GrassyGlide,HighHorsepower,WoodHammer,FakeOut|||M|||50|,,,,,Fire]Gholdengo||ChoiceSpecs|GoodasGold|MakeItRain,ShadowBall,Thunderbolt,PowerGem||||||50|,,,,,Steel]Ogerpon-Hearthflame||HearthflameMask|MoldBreaker|IvyCudgel,GrassyGlide,FollowMe,SpikyShield|||F|||50|,,,,,Fire\n|c|\u2606Tilzy|gl hf\n|c|\u2606Tilzy|i hate your team\n|c|\u2606MorningElegy|lmfao\n|c|\u2606Tilzy|:D\n|c|\u2606MorningElegy|gl to you too\n|j| nwjns999\n|\n|t:|1699952829\n|start\n|switch|p1a: K\u00f6zi|Gholdengo, L50|100\/100\n|switch|p1b: Mana|Gothitelle, L50, M, shiny|100\/100\n|switch|p2a: Tornadus|Tornadus, L50, M, shiny|100\/100\n|switch|p2b: Gholdengo|Gholdengo, L50, shiny|100\/100\n|turn|1\n|j| alchemistake\n|\n|t:|1699952903\n|-terastallize|p2b: Gholdengo|Steel\n|move|p1b: Mana|Fake Out|p2b: Gholdengo\n|-resisted|p2b: Gholdengo\n|-damage|p2b: Gholdengo|98\/100\n|move|p2a: Tornadus|Bleakwind Storm|p1b: Mana|[spread] p1b\n|-miss|p2a: Tornadus|p1a: K\u00f6zi\n|-damage|p1b: Mana|70\/100\n|cant|p2b: Gholdengo|flinch\n|move|p1a: K\u00f6zi|Nasty Plot|p1a: K\u00f6zi\n|-boost|p1a: K\u00f6zi|spa|2\n|\n|upkeep\n|turn|2\n|\n|t:|1699952927\n|move|p1a: K\u00f6zi|Protect|p1a: K\u00f6zi\n|-singleturn|p1a: K\u00f6zi|Protect\n|move|p2a: Tornadus|Bleakwind Storm|p1b: Mana|[spread] p1b\n|-activate|p1a: K\u00f6zi|move: Protect\n|-damage|p1b: Mana|40\/100\n|-enditem|p1b: Mana|Sitrus Berry|[eat]\n|-heal|p1b: Mana|65\/100|[from] item: Sitrus Berry\n|move|p2b: Gholdengo|Shadow Ball|p1b: Mana\n|-supereffective|p1b: Mana\n|-damage|p1b: Mana|0 fnt\n|faint|p1b: Mana\n|\n|upkeep\n|j| Jufr1909\n|\n|t:|1699952939\n|switch|p1b: Tetsu|Amoonguss, L50, M, shiny|100\/100\n|turn|3\n|\n|t:|1699952955\n|-terastallize|p1a: K\u00f6zi|Dragon\n|move|p1b: Tetsu|Protect|p1b: Tetsu\n|-singleturn|p1b: Tetsu|Protect\n|move|p2a: Tornadus|Bleakwind Storm|p1b: Tetsu|[spread] \n|-activate|p1b: Tetsu|move: Protect\n|-miss|p2a: Tornadus|p1a: K\u00f6zi\n|move|p2b: Gholdengo|Shadow Ball|p1a: K\u00f6zi\n|-damage|p1a: K\u00f6zi|41\/100\n|move|p1a: K\u00f6zi|Shadow Ball|p2b: Gholdengo\n|-damage|p2b: Gholdengo|3\/100\n|\n|upkeep\n|turn|4\n|c|\u2606MorningElegy|the god spread\n|c|\u2606MorningElegy|holy\n|l| Jufr1909\n|\n|t:|1699952984\n|move|p1a: K\u00f6zi|Protect|p1a: K\u00f6zi\n|-singleturn|p1a: K\u00f6zi|Protect\n|move|p2a: Tornadus|Bleakwind Storm|p1a: K\u00f6zi|[spread] p1b\n|-activate|p1a: K\u00f6zi|move: Protect\n|-supereffective|p1b: Tetsu\n|-damage|p1b: Tetsu|34\/100\n|-enditem|p1b: Tetsu|Eject Button\n|c|\u2606Tilzy|not my spread lol\n|\n|t:|1699952991\n|switch|p1b: Gackt|Urshifu-Rapid-Strike, L50, M|100\/100\n|move|p2b: Gholdengo|Shadow Ball|p1a: K\u00f6zi\n|-activate|p1a: K\u00f6zi|move: Protect\n|\n|upkeep\n|turn|5\n|\n|t:|1699953002\n|switch|p2b: Rillaboom|Rillaboom, L50, M, shiny|100\/100\n|-fieldstart|move: Grassy Terrain|[from] ability: Grassy Surge|[of] p2b: Rillaboom\n|move|p2a: Tornadus|Tailwind|p2a: Tornadus\n|-sidestart|p2: Tilzy|move: Tailwind\n|move|p1b: Gackt|Aqua Jet|p2b: Rillaboom\n|-resisted|p2b: Rillaboom\n|-damage|p2b: Rillaboom|88\/100\n|move|p1a: K\u00f6zi|Shadow Ball|p2a: Tornadus\n|-enditem|p2a: Tornadus|Focus Sash\n|-damage|p2a: Tornadus|1\/100\n|\n|-heal|p2b: Rillaboom|94\/100|[from] Grassy Terrain\n|-heal|p1a: K\u00f6zi|47\/100|[from] Grassy Terrain\n|upkeep\n|turn|6\n|\n|t:|1699953017\n|switch|p1b: Tetsu|Amoonguss, L50, M, shiny|67\/100\n|move|p1a: K\u00f6zi|Protect|p1a: K\u00f6zi\n|-singleturn|p1a: K\u00f6zi|Protect\n|move|p2b: Rillaboom|Fake Out|p1b: Tetsu\n|-damage|p1b: Tetsu|55\/100\n|move|p2a: Tornadus|Bleakwind Storm|p1a: K\u00f6zi|[spread] p1b\n|-activate|p1a: K\u00f6zi|move: Protect\n|-supereffective|p1b: Tetsu\n|-damage|p1b: Tetsu|0 fnt\n|faint|p1b: Tetsu\n|\n|-heal|p2b: Rillaboom|100\/100|[from] Grassy Terrain\n|-heal|p1a: K\u00f6zi|54\/100|[from] Grassy Terrain\n|upkeep\n|\n|t:|1699953028\n|switch|p1b: Gackt|Urshifu-Rapid-Strike, L50, M|100\/100\n|turn|7\n|l| nwjns999\n|\n|t:|1699953058\n|move|p1b: Gackt|Detect|p1b: Gackt\n|-singleturn|p1b: Gackt|Protect\n|move|p2a: Tornadus|Bleakwind Storm|p1b: Gackt|[spread] p1a\n|-activate|p1b: Gackt|move: Protect\n|-damage|p1a: K\u00f6zi|18\/100\n|move|p2b: Rillaboom|Wood Hammer|p1a: K\u00f6zi\n|-resisted|p1a: K\u00f6zi\n|-damage|p1a: K\u00f6zi|0 fnt\n|faint|p1a: K\u00f6zi\n|-damage|p2b: Rillaboom|95\/100|[from] Recoil\n|\n|-heal|p2b: Rillaboom|100\/100|[from] Grassy Terrain\n|upkeep\n|turn|8\n|c|\u2606MorningElegy|oof\n|c|\u2606MorningElegy|hard read\n|c|\u2606MorningElegy|gg\n|c|\u2606Tilzy|knew it\n|c|\u2606Tilzy|gg\n|\n|t:|1699953078\n|move|p2b: Rillaboom|Grassy Glide|p1b: Gackt\n|-supereffective|p1b: Gackt\n|-damage|p1b: Gackt|38\/100\n|move|p1b: Gackt|Aqua Jet|p2a: Tornadus\n|-damage|p2a: Tornadus|0 fnt\n|faint|p2a: Tornadus\n|\n|-heal|p1b: Gackt|45\/100|[from] Grassy Terrain\n|-sideend|p2: Tilzy|move: Tailwind\n|upkeep\n|\n|t:|1699953083\n|switch|p2a: Ogerpon|Ogerpon-Hearthflame, L50, F|100\/100\n|-ability|p2a: Ogerpon|Mold Breaker\n|turn|9\n|c|\u2606MorningElegy|ahhh\n|c|\u2606MorningElegy|i was going to go for surging into torn\n|c|\u2606Tilzy|i was faster anyway\n|c|\u2606MorningElegy|either way i have to play for bleakwind miss\n|c|\u2606Tilzy|ye\n|c|\u2606MorningElegy|gg\n|l| alchemistake\n|c|\u2606Tilzy|gg\n|-message|MorningElegy forfeited.\n|\n|win|Tilzy\n|n|\u2606MorningElegy|morningelegy\n|n|\u2606Tilzy|tilzy\n","uploadtime":1699953132,"views":11,"p1id":"morningelegy","p2id":"tilzy","formatid":"gen9vgc2023regulatione","rating":0,"private":0,"password":""}