{"id":"gen9vgc2023regulatione-1993500779","p1":"Will_18080","p2":"Octobox","format":"[Gen 9] VGC 2023 Regulation E","log":"|j|\u2606Will_18080\n|j|\u2606Octobox\n|t:|1700325302\n|gametype|doubles\n|player|p1|Will_18080|265|1365\n|player|p2|Octobox|irida|1463\n|teamsize|p1|6\n|teamsize|p2|6\n|gen|9\n|tier|[Gen 9] VGC 2023 Regulation E\n|rated|\n|rule|Species Clause: Limit one of each Pok\u00e9mon\n|rule|Item Clause: Limit one of each item\n|clearpoke\n|poke|p1|Heatran, L50, M|\n|poke|p1|Urshifu-*, L50, F|\n|poke|p1|Farigiraf, L50, M|\n|poke|p1|Dragonite, L50, M|\n|poke|p1|Chien-Pao, L50|\n|poke|p1|Rillaboom, L50, F|\n|poke|p2|Dragapult, L50, F|\n|poke|p2|Chien-Pao, L50|\n|poke|p2|Iron Hands, L50|\n|poke|p2|Farigiraf, L50, F|\n|poke|p2|Heatran, L50, F|\n|poke|p2|Urshifu-*, L50, F|\n|teampreview|4\n|inactive|Battle timer is ON: inactive players will automatically lose when time's up. (requested by Will_18080)\n|\n|t:|1700325360\n|start\n|switch|p1a: Chien-Pao|Chien-Pao, L50|100\/100\n|switch|p1b: Urshifu|Urshifu-Rapid-Strike, L50, F|100\/100\n|switch|p2a: Dragapult|Dragapult, L50, F|100\/100\n|switch|p2b: Iron Hands|Iron Hands, L50|100\/100\n|-ability|p1a: Chien-Pao|Sword of Ruin\n|turn|1\n|inactive|Will_18080 has 30 seconds left.\n|\n|t:|1700325389\n|move|p1a: Chien-Pao|Sucker Punch||[still]\n|-fail|p1a: Chien-Pao\n|move|p1b: Urshifu|U-turn|p2a: Dragapult\n|-resisted|p2a: Dragapult\n|-damage|p2a: Dragapult|79\/100\n|\n|t:|1700325408\n|switch|p1b: Heatran|Heatran, L50, M|100\/100|[from] U-turn\n|move|p2a: Dragapult|Dragon Dance|p2a: Dragapult\n|-boost|p2a: Dragapult|atk|1\n|-boost|p2a: Dragapult|spe|1\n|move|p2b: Iron Hands|Wild Charge|p1b: Heatran\n|-damage|p1b: Heatran|41\/100\n|-damage|p2b: Iron Hands|89\/100|[from] Recoil\n|\n|upkeep\n|turn|2\n|inactive|Will_18080 has 30 seconds left.\n|\n|t:|1700325436\n|-end|p2b: Iron Hands|Quark Drive|[silent]\n|switch|p2b: Farigiraf|Farigiraf, L50, F|100\/100\n|move|p1a: Chien-Pao|Sucker Punch||[still]\n|cant|p2b: Farigiraf|ability: Armor Tail|Sucker Punch|[of] p1a: Chien-Pao\n|move|p2a: Dragapult|Dragon Darts|p1a: Chien-Pao\n|-crit|p1a: Chien-Pao\n|-damage|p1a: Chien-Pao|18\/100\n|-anim|p2a: Dragapult|Dragon Darts|p1b: Heatran\n|-resisted|p1b: Heatran\n|-damage|p1b: Heatran|18\/100\n|move|p1b: Heatran|Earth Power|p2b: Farigiraf\n|-damage|p2b: Farigiraf|69\/100\n|\n|upkeep\n|turn|3\n|inactive|Will_18080 has 30 seconds left.\n|\n|t:|1700325469\n|move|p2b: Farigiraf|Helping Hand|p2a: Dragapult\n|-singleturn|p2a: Dragapult|Helping Hand|[of] p2b: Farigiraf\n|move|p1a: Chien-Pao|Protect|p1a: Chien-Pao\n|-singleturn|p1a: Chien-Pao|Protect\n|move|p2a: Dragapult|Dragon Darts|p1b: Heatran\n|-resisted|p1b: Heatran\n|-damage|p1b: Heatran|0 fnt\n|faint|p1b: Heatran\n|\n|upkeep\n|\n|t:|1700325484\n|switch|p1b: Urshifu|Urshifu-Rapid-Strike, L50, F|100\/100\n|turn|4\n|inactive|Will_18080 has 30 seconds left.\n|\n|t:|1700325510\n|-terastallize|p1b: Urshifu|Water\n|move|p2b: Farigiraf|Helping Hand|p2a: Dragapult\n|-singleturn|p2a: Dragapult|Helping Hand|[of] p2b: Farigiraf\n|move|p2a: Dragapult|Dragon Darts|p1b: Urshifu\n|-damage|p1b: Urshifu|15\/100\n|-anim|p2a: Dragapult|Dragon Darts|p1a: Chien-Pao\n|-damage|p1a: Chien-Pao|0 fnt\n|faint|p1a: Chien-Pao\n|move|p1b: Urshifu|Surging Strikes|p2b: Farigiraf\n|-crit|p2b: Farigiraf\n|-damage|p2b: Farigiraf|44\/100\n|-enditem|p2b: Farigiraf|Sitrus Berry|[eat]\n|-heal|p2b: Farigiraf|69\/100|[from] item: Sitrus Berry\n|-crit|p2b: Farigiraf\n|-damage|p2b: Farigiraf|44\/100\n|-crit|p2b: Farigiraf\n|-damage|p2b: Farigiraf|19\/100\n|-hitcount|p2b: Farigiraf|3\n|\n|upkeep\n|\n|t:|1700325529\n|switch|p1a: Rillaboom|Rillaboom, L50, F|100\/100\n|-fieldstart|move: Grassy Terrain|[from] ability: Grassy Surge|[of] p1a: Rillaboom\n|turn|5\n|\n|t:|1700325538\n|move|p2b: Farigiraf|Helping Hand|p2a: Dragapult\n|-singleturn|p2a: Dragapult|Helping Hand|[of] p2b: Farigiraf\n|move|p1a: Rillaboom|Protect|p1a: Rillaboom\n|-singleturn|p1a: Rillaboom|Protect\n|move|p2a: Dragapult|Dragon Darts|p1b: Urshifu\n|-damage|p1b: Urshifu|0 fnt\n|faint|p1b: Urshifu\n|\n|-heal|p2a: Dragapult|85\/100|[from] Grassy Terrain\n|-heal|p2b: Farigiraf|25\/100|[from] Grassy Terrain\n|upkeep\n|turn|6\n|\n|t:|1700325553\n|move|p2b: Farigiraf|Helping Hand|p2a: Dragapult\n|-singleturn|p2a: Dragapult|Helping Hand|[of] p2b: Farigiraf\n|move|p1a: Rillaboom|Grassy Glide||[still]\n|cant|p2b: Farigiraf|ability: Armor Tail|Grassy Glide|[of] p1a: Rillaboom\n|move|p2a: Dragapult|Dragon Darts|p1a: Rillaboom\n|-damage|p1a: Rillaboom|34\/100\n|-anim|p2a: Dragapult|Dragon Darts|p1a: Rillaboom\n|-damage|p1a: Rillaboom|0 fnt\n|faint|p1a: Rillaboom\n|\n|win|Octobox\n|raw|Will_18080's rating: 1365 &rarr; <strong>1350<\/strong><br \/>(-15 for losing)\n|raw|Octobox's rating: 1463 &rarr; <strong>1478<\/strong><br \/>(+15 for winning)\n|l|\u2606Will_18080\n","uploadtime":1700325624,"views":11,"p1id":"will18080","p2id":"octobox","formatid":"gen9vgc2023regulatione","rating":1350,"private":0,"password":""}