{"id":"gen9vgc2023regulatione-2000448350","p1":"Megalos593","p2":"Empanadadefideos44","format":"[Gen 9] VGC 2023 Regulation E","log":"|j|\u2606Megalos593\n|j|\u2606Empanadadefideos44\n|t:|1701195684\n|gametype|doubles\n|player|p1|Megalos593|266|1112\n|player|p2|Empanadadefideos44|red|1198\n|teamsize|p1|6\n|teamsize|p2|6\n|gen|9\n|tier|[Gen 9] VGC 2023 Regulation E\n|rated|\n|rule|Species Clause: Limit one of each Pok\u00e9mon\n|rule|Item Clause: Limit one of each item\n|clearpoke\n|poke|p1|Tornadus, L50, M|\n|poke|p1|Ogerpon-Hearthflame, L50, F|\n|poke|p1|Flutter Mane, L50|\n|poke|p1|Landorus-Therian, L50, M|\n|poke|p1|Kingambit, L50, M|\n|poke|p1|Iron Hands, L50|\n|poke|p2|Armarouge, L50, F|\n|poke|p2|Indeedee-F, L50, F|\n|poke|p2|Ogerpon-Wellspring, L50, F|\n|poke|p2|Landorus-Therian, L50, M|\n|poke|p2|Annihilape, L50, M|\n|poke|p2|Chien-Pao, L50|\n|teampreview|4\n|inactive|Battle timer is ON: inactive players will automatically lose when time's up. (requested by Empanadadefideos44)\n|\n|t:|1701195744\n|start\n|switch|p1a: Flutter Mane|Flutter Mane, L50|100\/100\n|switch|p1b: Ogerpon|Ogerpon-Hearthflame, L50, F|100\/100\n|switch|p2a: Chien-Pao|Chien-Pao, L50|100\/100\n|switch|p2b: Indeedee|Indeedee-F, L50, F|100\/100\n|-ability|p2a: Chien-Pao|Sword of Ruin\n|-ability|p1b: Ogerpon|Mold Breaker\n|-fieldstart|move: Psychic Terrain|[from] ability: Psychic Surge|[of] p2b: Indeedee\n|-enditem|p2b: Indeedee|Psychic Seed\n|-boost|p2b: Indeedee|spd|1|[from] item: Psychic Seed\n|-enditem|p1a: Flutter Mane|Booster Energy\n|-activate|p1a: Flutter Mane|ability: Protosynthesis|[fromitem]\n|-start|p1a: Flutter Mane|protosynthesisspa\n|turn|1\n|inactive|Megalos593 has 30 seconds left.\n|inactive|Megalos593 has 20 seconds left.\n|inactive|Megalos593 has 15 seconds left.\n|inactive|Megalos593 has 10 seconds left.\n|\n|t:|1701195794\n|-terastallize|p1a: Flutter Mane|Fairy\n|move|p1b: Ogerpon|Spiky Shield|p1b: Ogerpon\n|-singleturn|p1b: Ogerpon|move: Protect\n|move|p2a: Chien-Pao|Icicle Crash|p1b: Ogerpon\n|-activate|p1b: Ogerpon|move: Protect\n|move|p1a: Flutter Mane|Dazzling Gleam|p2b: Indeedee|[spread] p2a,p2b\n|-supereffective|p2a: Chien-Pao\n|-enditem|p2a: Chien-Pao|Focus Sash\n|-damage|p2a: Chien-Pao|1\/100\n|-damage|p2b: Indeedee|64\/100\n|move|p2b: Indeedee|Trick Room|p2b: Indeedee\n|-fieldstart|move: Trick Room|[of] p2b: Indeedee\n|\n|upkeep\n|turn|2\n|inactive|Empanadadefideos44 has 30 seconds left.\n|\n|t:|1701195823\n|move|p2b: Indeedee|Follow Me|p2b: Indeedee\n|-singleturn|p2b: Indeedee|move: Follow Me\n|move|p1b: Ogerpon|Ivy Cudgel|p2b: Indeedee|[anim] Ivy Cudgel Fire\n|-damage|p2b: Indeedee|0 fnt\n|faint|p2b: Indeedee\n|move|p2a: Chien-Pao|Icicle Crash|p1b: Ogerpon\n|-damage|p1b: Ogerpon|33\/100\n|move|p1a: Flutter Mane|Trick Room|p1a: Flutter Mane\n|-fieldend|move: Trick Room\n|\n|upkeep\n|\n|t:|1701195836\n|switch|p2b: Ogerpon|Ogerpon-Wellspring, L50, F|100\/100\n|turn|3\n|inactive|Megalos593 has 30 seconds left.\n|\n|t:|1701195866\n|switch|p2a: Armarouge|Armarouge, L50, F|100\/100\n|move|p1b: Ogerpon|Spiky Shield|p1b: Ogerpon\n|-singleturn|p1b: Ogerpon|move: Protect\n|move|p2b: Ogerpon|Follow Me|p2b: Ogerpon\n|-singleturn|p2b: Ogerpon|move: Follow Me\n|move|p1a: Flutter Mane|Dazzling Gleam|p2b: Ogerpon|[spread] p2a,p2b\n|-resisted|p2a: Armarouge\n|-damage|p2a: Armarouge|65\/100\n|-damage|p2b: Ogerpon|27\/100\n|\n|upkeep\n|turn|4\n|inactive|Megalos593 has 30 seconds left.\n|\n|t:|1701195895\n|switch|p1b: Kingambit|Kingambit, L50, M|100\/100\n|move|p2b: Ogerpon|Follow Me|p2b: Ogerpon\n|-singleturn|p2b: Ogerpon|move: Follow Me\n|move|p1a: Flutter Mane|Dazzling Gleam|p2a: Armarouge|[spread] p2a,p2b\n|-resisted|p2a: Armarouge\n|-damage|p2a: Armarouge|32\/100\n|-damage|p2b: Ogerpon|0 fnt\n|faint|p2b: Ogerpon\n|move|p2a: Armarouge|Expanding Force|p1b: Kingambit|[spread] p1a\n|-immune|p1b: Kingambit\n|-damage|p1a: Flutter Mane|30\/100\n|\n|upkeep\n|\n|t:|1701195906\n|switch|p2b: Chien-Pao|Chien-Pao, L50|1\/100\n|-ability|p2b: Chien-Pao|Sword of Ruin\n|turn|5\n|\n|t:|1701195922\n|move|p2b: Chien-Pao|Protect|p2b: Chien-Pao\n|-singleturn|p2b: Chien-Pao|Protect\n|move|p1a: Flutter Mane|Dazzling Gleam|p2a: Armarouge|[spread] p2a\n|-activate|p2b: Chien-Pao|move: Protect\n|-resisted|p2a: Armarouge\n|-damage|p2a: Armarouge|0 fnt\n|faint|p2a: Armarouge\n|move|p1b: Kingambit|Swords Dance|p1b: Kingambit\n|-boost|p1b: Kingambit|atk|2\n|\n|-fieldend|move: Psychic Terrain\n|upkeep\n|turn|6\n|-message|Empanadadefideos44 forfeited.\n|\n|win|Megalos593\n|raw|Megalos593's rating: 1112 &rarr; <strong>1143<\/strong><br \/>(+31 for winning)\n|raw|Empanadadefideos44's rating: 1198 &rarr; <strong>1167<\/strong><br \/>(-31 for losing)\n|l|\u2606Empanadadefideos44\n","uploadtime":1701195943,"views":4,"p1id":"megalos593","p2id":"empanadadefideos44","formatid":"gen9vgc2023regulatione","rating":1143,"private":0,"password":""}