{"id":"gen9vgc2023regulatione-1998295485","p1":"Shutu","p2":"Redacted420","format":"[Gen 9] VGC 2023 Regulation E","log":"|j|\u2606Shutu\n|j|\u2606Redacted420\n|t:|1700926019\n|gametype|doubles\n|player|p1|Shutu|waiter-gen4|1199\n|player|p2|Redacted420|lance|1283\n|teamsize|p1|6\n|teamsize|p2|6\n|gen|9\n|tier|[Gen 9] VGC 2023 Regulation E\n|rated|\n|rule|Species Clause: Limit one of each Pok\u00e9mon\n|rule|Item Clause: Limit one of each item\n|clearpoke\n|poke|p1|Lilligant-Hisui, L50, F|\n|poke|p1|Torkoal, L50, F|\n|poke|p1|Landorus-Therian, L50, M|\n|poke|p1|Flutter Mane, L50|\n|poke|p1|Baxcalibur, L50, F|\n|poke|p1|Ogerpon-Wellspring, L50, F|\n|poke|p2|Amoonguss, L50, M|\n|poke|p2|Iron Hands, L50|\n|poke|p2|Arcanine-Hisui, L50, M|\n|poke|p2|Gholdengo, L50|\n|poke|p2|Tornadus, L50, M|\n|poke|p2|Urshifu-*, L50, M|\n|teampreview|4\n|inactive|Battle timer is ON: inactive players will automatically lose when time's up. (requested by Redacted420)\n|inactive|Shutu has 60 seconds left.\n|\n|t:|1700926058\n|start\n|switch|p1a: Ogerpon|Ogerpon-Wellspring, L50, F|100\/100\n|switch|p1b: Baxcalibur|Baxcalibur, L50, F, shiny|100\/100\n|switch|p2a: Arcanine|Arcanine-Hisui, L50, M, shiny|100\/100\n|switch|p2b: Tornadus|Tornadus, L50, M|100\/100\n|-ability|p2a: Arcanine|Intimidate|boost\n|-unboost|p1a: Ogerpon|atk|1\n|-unboost|p1b: Baxcalibur|atk|1\n|turn|1\n|inactive|Redacted420 has 30 seconds left.\n|\n|t:|1700926087\n|-terastallize|p1a: Ogerpon|Water\n|detailschange|p1a: Ogerpon|Ogerpon-Wellspring-Tera, L50, F, tera:Water\n|-ability|p1a: Ogerpon|Embody Aspect (Wellspring)|boost\n|-boost|p1a: Ogerpon|spd|1\n|move|p2b: Tornadus|Tailwind|p2b: Tornadus\n|-sidestart|p2: Redacted420|move: Tailwind\n|move|p2a: Arcanine|Flare Blitz|p1a: Ogerpon\n|-resisted|p1a: Ogerpon\n|-damage|p1a: Ogerpon|39\/100\n|-damage|p2a: Arcanine|82\/100|[from] Recoil\n|move|p1a: Ogerpon|Ivy Cudgel|p2a: Arcanine|[anim] Ivy Cudgel Water\n|-supereffective|p2a: Arcanine\n|-damage|p2a: Arcanine|0 fnt\n|faint|p2a: Arcanine\n|move|p1b: Baxcalibur|Icicle Crash|p2b: Tornadus\n|-supereffective|p2b: Tornadus\n|-damage|p2b: Tornadus|25\/100\n|\n|upkeep\n|\n|t:|1700926093\n|switch|p2a: Iron Hands|Iron Hands, L50, shiny|100\/100\n|turn|2\n|inactive|Shutu has 30 seconds left.\n|inactive|Shutu has 20 seconds left.\n|inactive|Shutu has 15 seconds left.\n|\n|t:|1700926135\n|move|p2a: Iron Hands|Fake Out|p1b: Baxcalibur\n|-damage|p1b: Baxcalibur|86\/100\n|cant|p1b: Baxcalibur|flinch\n|move|p2b: Tornadus|Bleakwind Storm|p1b: Baxcalibur|[spread] p1a,p1b\n|-damage|p1a: Ogerpon|15\/100\n|-damage|p1b: Baxcalibur|67\/100\n|-unboost|p1a: Ogerpon|spe|1\n|-unboost|p1b: Baxcalibur|spe|1\n|move|p1a: Ogerpon|Horn Leech|p2a: Iron Hands\n|-damage|p2a: Iron Hands|82\/100\n|-heal|p1a: Ogerpon|30\/100|[from] drain|[of] p2a: Iron Hands\n|\n|upkeep\n|turn|3\n|\n|t:|1700926154\n|move|p1b: Baxcalibur|Ice Shard|p2b: Tornadus\n|-supereffective|p2b: Tornadus\n|-damage|p2b: Tornadus|0 fnt\n|faint|p2b: Tornadus\n|move|p2a: Iron Hands|Drain Punch|p1b: Baxcalibur\n|-supereffective|p1b: Baxcalibur\n|-damage|p1b: Baxcalibur|0 fnt\n|-heal|p2a: Iron Hands|100\/100|[from] drain|[of] p1b: Baxcalibur\n|faint|p1b: Baxcalibur\n|move|p1a: Ogerpon|Ivy Cudgel|p2a: Iron Hands|[anim] Ivy Cudgel Water\n|-damage|p2a: Iron Hands|63\/100\n|\n|upkeep\n|\n|t:|1700926166\n|switch|p2b: Urshifu|Urshifu-Rapid-Strike, L50, M|100\/100\n|switch|p1b: Flutter Mane|Flutter Mane, L50, shiny|100\/100\n|turn|4\n|inactive|Shutu has 30 seconds left.\n|inactive|Redacted420 has 30 seconds left.\n|\n|t:|1700926197\n|switch|p1a: Torkoal|Torkoal, L50, F, shiny|100\/100\n|-weather|SunnyDay|[from] ability: Drought|[of] p1a: Torkoal\n|-activate|p1b: Flutter Mane|ability: Protosynthesis\n|-start|p1b: Flutter Mane|protosynthesisspe\n|-terastallize|p2b: Urshifu|Water\n|move|p2b: Urshifu|Surging Strikes|p1b: Flutter Mane\n|-crit|p1b: Flutter Mane\n|-damage|p1b: Flutter Mane|71\/100\n|-crit|p1b: Flutter Mane\n|-damage|p1b: Flutter Mane|44\/100\n|-crit|p1b: Flutter Mane\n|-damage|p1b: Flutter Mane|17\/100\n|-hitcount|p1b: Flutter Mane|3\n|move|p1b: Flutter Mane|Moonblast|p2a: Iron Hands\n|-supereffective|p2a: Iron Hands\n|-damage|p2a: Iron Hands|0 fnt\n|faint|p2a: Iron Hands\n|-end|p2a: Iron Hands|Quark Drive|[silent]\n|\n|-weather|SunnyDay|[upkeep]\n|-sideend|p2: Redacted420|move: Tailwind\n|upkeep\n|turn|5\n|\n|t:|1700926220\n|move|p2b: Urshifu|Aqua Jet|p1b: Flutter Mane\n|-damage|p1b: Flutter Mane|0 fnt\n|faint|p1b: Flutter Mane\n|-end|p1b: Flutter Mane|Protosynthesis|[silent]\n|move|p1a: Torkoal|Yawn|p2b: Urshifu\n|-start|p2b: Urshifu|move: Yawn|[of] p1a: Torkoal\n|\n|-weather|SunnyDay|[upkeep]\n|upkeep\n|\n|t:|1700926226\n|switch|p1b: Ogerpon|Ogerpon-Wellspring-Tera, L50, F, tera:Water|30\/100\n|-ability|p1b: Ogerpon|Embody Aspect (Wellspring)|boost\n|-boost|p1b: Ogerpon|spd|1\n|turn|6\n|\n|t:|1700926238\n|move|p1b: Ogerpon|Spiky Shield|p1b: Ogerpon\n|-singleturn|p1b: Ogerpon|move: Protect\n|move|p2b: Urshifu|Close Combat|p1b: Ogerpon\n|-damage|p1b: Ogerpon|0 fnt\n|-unboost|p2b: Urshifu|def|1\n|-unboost|p2b: Urshifu|spd|1\n|faint|p1b: Ogerpon\n|move|p1a: Torkoal|Fissure|p2b: Urshifu|[miss]\n|-miss|p1a: Torkoal|p2b: Urshifu\n|\n|-weather|SunnyDay|[upkeep]\n|-end|p2b: Urshifu|move: Yawn|[silent]\n|-status|p2b: Urshifu|slp\n|upkeep\n|turn|7\n|\n|t:|1700926249\n|cant|p2b: Urshifu|slp\n|move|p1a: Torkoal|Fissure|p2b: Urshifu|[miss]\n|-miss|p1a: Torkoal|p2b: Urshifu\n|\n|-weather|SunnyDay|[upkeep]\n|upkeep\n|turn|8\n|\n|t:|1700926254\n|cant|p2b: Urshifu|slp\n|move|p1a: Torkoal|Fissure|p2b: Urshifu|[miss]\n|-miss|p1a: Torkoal|p2b: Urshifu\n|\n|-weather|none\n|upkeep\n|turn|9\n|\n|t:|1700926259\n|cant|p2b: Urshifu|slp\n|move|p1a: Torkoal|Fissure|p2b: Urshifu|[miss]\n|-miss|p1a: Torkoal|p2b: Urshifu\n|\n|upkeep\n|turn|10\n|\n|t:|1700926264\n|-curestatus|p2b: Urshifu|slp|[msg]\n|move|p2b: Urshifu|Detect|p2b: Urshifu\n|-singleturn|p2b: Urshifu|Protect\n|move|p1a: Torkoal|Fissure|p2b: Urshifu\n|-activate|p2b: Urshifu|move: Protect\n|\n|upkeep\n|turn|11\n|\n|t:|1700926272\n|move|p2b: Urshifu|Surging Strikes|p1a: Torkoal\n|-supereffective|p1a: Torkoal\n|-crit|p1a: Torkoal\n|-damage|p1a: Torkoal|55\/100\n|-supereffective|p1a: Torkoal\n|-crit|p1a: Torkoal\n|-damage|p1a: Torkoal|7\/100\n|-supereffective|p1a: Torkoal\n|-crit|p1a: Torkoal\n|-damage|p1a: Torkoal|0 fnt\n|faint|p1a: Torkoal\n|-hitcount|p1: Torkoal|3\n|\n|win|Redacted420\n|raw|Shutu's rating: 1199 &rarr; <strong>1180<\/strong><br \/>(-19 for losing)\n|raw|Redacted420's rating: 1283 &rarr; <strong>1302<\/strong><br \/>(+19 for winning)\n|l|\u2606Shutu\n","uploadtime":1700926297,"views":12,"p1id":"shutu","p2id":"redacted420","formatid":"gen9vgc2023regulatione","rating":1180,"private":0,"password":""}