{"id":"gen9vgc2023regulatione-1992391986","p1":"stuss","p2":"Yahar","format":"[Gen 9] VGC 2023 Regulation E","log":"|j|\u203dstuss\n|j|\u2606Yahar\n|t:|1700182222\n|gametype|doubles\n|player|p1|stuss|1|1322\n|player|p2|Yahar|shauntal|1236\n|teamsize|p1|6\n|teamsize|p2|6\n|gen|9\n|tier|[Gen 9] VGC 2023 Regulation E\n|rated|\n|rule|Species Clause: Limit one of each Pok\u00e9mon\n|rule|Item Clause: Limit one of each item\n|clearpoke\n|poke|p1|Chien-Pao, L50|\n|poke|p1|Farigiraf, L50, M|\n|poke|p1|Kingambit, L50, M|\n|poke|p1|Amoonguss, L50, F|\n|poke|p1|Heatran, L50, M|\n|poke|p1|Zapdos-Galar, L50|\n|poke|p2|Zapdos, L50|\n|poke|p2|Iron Bundle, L50|\n|poke|p2|Heatran, L50, F|\n|poke|p2|Ogerpon-Wellspring, L50, F|\n|poke|p2|Rillaboom, L50, F|\n|poke|p2|Urshifu-*, L50, M|\n|teampreview|4\n|inactive|Battle timer is ON: inactive players will automatically lose when time's up. (requested by Yahar)\nYahar has agreed to open team sheets.\n|inactive|stuss has 60 seconds left.\n|inactive|Yahar has 60 seconds left.\n|\n|t:|1700182264\n|start\n|switch|p1a: Zapdos|Zapdos-Galar, L50|100\/100\n|switch|p1b: Farigiraf|Farigiraf, L50, M|100\/100\n|switch|p2a: Urshifu|Urshifu, L50, M|100\/100\n|switch|p2b: Iron Bundle|Iron Bundle, L50|100\/100\n|-enditem|p2b: Iron Bundle|Booster Energy\n|-activate|p2b: Iron Bundle|ability: Quark Drive|[fromitem]\n|-start|p2b: Iron Bundle|quarkdrivespe\n|turn|1\n|inactive|Yahar has 30 seconds left.\n|inactive|Yahar has 20 seconds left.\n|inactive|Yahar has 15 seconds left.\n|\n|t:|1700182307\n|switch|p1a: Heatran|Heatran, L50, M|100\/100\n|-terastallize|p2b: Iron Bundle|Ghost\n|move|p2b: Iron Bundle|Icy Wind|p1b: Farigiraf|[spread] p1a,p1b\n|-resisted|p1a: Heatran\n|-crit|p1a: Heatran\n|-damage|p1a: Heatran|95\/100\n|-damage|p1b: Farigiraf|78\/100\n|-unboost|p1a: Heatran|spe|1\n|-unboost|p1b: Farigiraf|spe|1\n|move|p2a: Urshifu|Wicked Blow|p1b: Farigiraf\n|-supereffective|p1b: Farigiraf\n|-crit|p1b: Farigiraf\n|-damage|p1b: Farigiraf|0 fnt\n|faint|p1b: Farigiraf\n|\n|upkeep\n|\n|t:|1700182321\n|switch|p1b: Zapdos|Zapdos-Galar, L50|100\/100\n|turn|2\n|\n|t:|1700182339\n|switch|p1a: Amoonguss|Amoonguss, L50, F|100\/100\n|move|p2b: Iron Bundle|Icy Wind|p1b: Zapdos|[spread] p1a,p1b\n|-supereffective|p1a: Amoonguss\n|-supereffective|p1b: Zapdos\n|-damage|p1a: Amoonguss|60\/100\n|-damage|p1b: Zapdos|46\/100\n|-unboost|p1a: Amoonguss|spe|1\n|-unboost|p1b: Zapdos|spe|1\n|-ability|p1b: Zapdos|Defiant|boost\n|-boost|p1b: Zapdos|atk|2\n|move|p1b: Zapdos|Brave Bird|p2a: Urshifu\n|-supereffective|p2a: Urshifu\n|-damage|p2a: Urshifu|0 fnt\n|faint|p2a: Urshifu\n|-damage|p1b: Zapdos|11\/100|[from] Recoil\n|\n|upkeep\n|\n|t:|1700182351\n|switch|p2a: Heatran|Heatran, L50, F, shiny|100\/100\n|turn|3\n|\n|t:|1700182364\n|switch|p1b: Heatran|Heatran, L50, M|95\/100\n|-terastallize|p1a: Amoonguss|Water\n|move|p2b: Iron Bundle|Freeze-Dry|p1a: Amoonguss\n|-supereffective|p1a: Amoonguss\n|-damage|p1a: Amoonguss|0 fnt\n|faint|p1a: Amoonguss\n|move|p2a: Heatran|Heat Wave|p1b: Heatran\n|-start|p1b: Heatran|ability: Flash Fire\n|\n|upkeep\n|\n|t:|1700182374\n|switch|p1a: Zapdos|Zapdos-Galar, L50|11\/100\n|turn|4\n|\n|t:|1700182389\n|move|p2b: Iron Bundle|Hydro Pump|p1b: Heatran|[miss]\n|-miss|p2b: Iron Bundle|p1b: Heatran\n|move|p1a: Zapdos|Thunderous Kick|p2a: Heatran\n|-supereffective|p2a: Heatran\n|-damage|p2a: Heatran|35\/100\n|-unboost|p2a: Heatran|def|1\n|move|p1b: Heatran|Heat Wave|p2b: Iron Bundle|[spread] p2b\n|-start|p2a: Heatran|ability: Flash Fire\n|-damage|p2b: Iron Bundle|0 fnt\n|faint|p2b: Iron Bundle\n|-end|p2b: Iron Bundle|Quark Drive|[silent]\n|move|p2a: Heatran|Heat Wave|p1b: Heatran|[spread] p1a\n|-immune|p1b: Heatran|[from] ability: Flash Fire\n|-damage|p1a: Zapdos|0 fnt\n|faint|p1a: Zapdos\n|\n|upkeep\n|\n|t:|1700182392\n|switch|p2b: Ogerpon|Ogerpon-Wellspring, L50, F|100\/100\n|turn|5\n|\n|t:|1700182412\n|move|p2b: Ogerpon|Ivy Cudgel|p1b: Heatran|[anim] Ivy Cudgel Water\n|-supereffective|p1b: Heatran\n|-damage|p1b: Heatran|0 fnt\n|faint|p1b: Heatran\n|\n|win|Yahar\n|raw|stuss's rating: 1322 &rarr; <strong>1297<\/strong><br \/>(-25 for losing)\n|raw|Yahar's rating: 1236 &rarr; <strong>1267<\/strong><br \/>(+31 for winning)\n|l|\u203dstuss\n","uploadtime":1700182430,"views":29,"p1id":"stuss","p2id":"yahar","formatid":"gen9vgc2023regulatione","rating":1267,"private":0,"password":""}