{"id":"gen9vgc2023regulatione-1996701541","p1":"J4ce","p2":"NovaSirius","format":"[Gen 9] VGC 2023 Regulation E","log":"|j|\u2606J4ce\n|j|\u203dNovaSirius\n|n|\u2606J4ce|j4ce\n|n|\u203dNovaSirius|novasirius\n|html|View the match progress at <a href=\"\/game-bestof3-gen9vgc2023regulatione-1996699133\">game-bestof3-gen9vgc2023regulatione-1996699133<\/a>\n|t:|1700711635\n|gametype|doubles\n|player|p1|J4ce|sordward|\n|player|p2|NovaSirius|clair|\n|teamsize|p1|6\n|teamsize|p2|6\n|gen|9\n|tier|[Gen 9] VGC 2023 Regulation E\n|rule|Species Clause: Limit one of each Pok\u00e9mon\n|rule|Item Clause: Limit one of each item\n|clearpoke\n|poke|p1|Dragonite, L50, M|\n|poke|p1|Arcanine, L50, M|\n|poke|p1|Wo-Chien, L50|\n|poke|p1|Fezandipiti, L50, M|\n|poke|p1|Slowking, L50, F|\n|poke|p1|Copperajah, L50, M|\n|poke|p2|Iron Bundle, L50|\n|poke|p2|Krookodile, L50, M|\n|poke|p2|Vulpix-Alola, L50, F|\n|poke|p2|Amoonguss, L50, F|\n|poke|p2|Iron Valiant, L50|\n|poke|p2|Munkidori, L50, M|\n|teampreview|4\n|\n|t:|1700711657\n|start\n|switch|p1a: Nites|Dragonite, L50, M|100\/100\n|switch|p1b: The Fez|Fezandipiti, L50, M|100\/100\n|switch|p2a: Munkidori|Munkidori, L50, M|100\/100\n|switch|p2b: Krookodile|Krookodile, L50, M|100\/100\n|-ability|p2b: Krookodile|Intimidate|boost\n|-fail|p1a: Nites|unboost|Attack|[from] ability: Inner Focus|[of] p1a: Nites\n|-unboost|p1b: The Fez|atk|1\n|-item|p1a: Nites|Choice Band|[from] ability: Frisk|[of] p2a: Munkidori|[identify]\n|-item|p1b: The Fez|Choice Specs|[from] ability: Frisk|[of] p2a: Munkidori|[identify]\n|turn|1\n|j| fizzywizzyglizzy\n|\n|t:|1700711714\n|switch|p1b: Slow End Theory|Slowking, L50, F|100\/100\n|-terastallize|p1a: Nites|Normal\n|move|p2a: Munkidori|Fake Out|p1a: Nites\n|-damage|p1a: Nites|94\/100\n|move|p1a: Nites|Extreme Speed|p2b: Krookodile\n|-damage|p2b: Krookodile|13\/100\n|move|p2b: Krookodile|High Horsepower|p1b: Slow End Theory\n|-damage|p1b: Slow End Theory|65\/100\n|\n|upkeep\n|turn|2\n|\n|t:|1700711729\n|switch|p2b: Amoonguss|Amoonguss, L50, F|100\/100\n|move|p1a: Nites|Extreme Speed|p2b: Amoonguss\n|-damage|p2b: Amoonguss|42\/100\n|-status|p1a: Nites|slp|[from] ability: Effect Spore|[of] p2b: Amoonguss\n|move|p2a: Munkidori|Parting Shot|p1a: Nites\n|-unboost|p1a: Nites|atk|1\n|-unboost|p1a: Nites|spa|1\n|c|\u2606J4ce|Ah jeez lol\n|\n|t:|1700711743\n|switch|p2a: Krookodile|Krookodile, L50, M|13\/100|[from] Parting Shot\n|-ability|p2a: Krookodile|Intimidate|boost\n|-fail|p1a: Nites|unboost|Attack|[from] ability: Inner Focus|[of] p1a: Nites\n|-fail|p1b: Slow End Theory|unboost|Attack|[from] ability: Oblivious|[of] p1b: Slow End Theory\n|move|p1b: Slow End Theory|Trick Room|p1b: Slow End Theory\n|-fieldstart|move: Trick Room|[of] p1b: Slow End Theory\n|\n|upkeep\n|turn|3\n|c|\u2606J4ce|Effect spore sleep is so tough haha\n|\n|t:|1700711772\n|switch|p1a: Don't Copp Me Now|Copperajah, L50, M|100\/100\n|-enditem|p1a: Don't Copp Me Now|Room Service\n|-unboost|p1a: Don't Copp Me Now|spe|1|[from] item: Room Service\n|move|p2b: Amoonguss|Rage Powder|p2b: Amoonguss\n|-singleturn|p2b: Amoonguss|move: Rage Powder\n|move|p1b: Slow End Theory|Brick Break|p2a: Krookodile\n|-supereffective|p2a: Krookodile\n|-damage|p2a: Krookodile|0 fnt\n|faint|p2a: Krookodile\n|\n|upkeep\n|\n|t:|1700711792\n|switch|p2a: Munkidori|Munkidori, L50, M|100\/100\n|-item|p1b: Slow End Theory|Safety Goggles|[from] ability: Frisk|[of] p2a: Munkidori|[identify]\n|turn|4\n|l|\u203dNovaSirius\n|player|p2|\n|j|\u2606NovaSirius\n|player|p2|NovaSirius|clair\n|\n|t:|1700711863\n|move|p2a: Munkidori|Fake Out|p1b: Slow End Theory\n|-damage|p1b: Slow End Theory|59\/100\n|move|p1a: Don't Copp Me Now|Substitute|p1a: Don't Copp Me Now\n|-start|p1a: Don't Copp Me Now|Substitute\n|-damage|p1a: Don't Copp Me Now|75\/100\n|cant|p1b: Slow End Theory|flinch\n|move|p2b: Amoonguss|Spore||[still]\n|-fail|p2b: Amoonguss\n|\n|upkeep\n|turn|5\n|\n|t:|1700711893\n|move|p1a: Don't Copp Me Now|Heat Crash|p2b: Amoonguss\n|-supereffective|p2b: Amoonguss\n|-crit|p2b: Amoonguss\n|-damage|p2b: Amoonguss|0 fnt\n|faint|p2b: Amoonguss\n|move|p1b: Slow End Theory|Psychic|p2a: Munkidori\n|-damage|p2a: Munkidori|68\/100\n|move|p2a: Munkidori|Sludge Bomb|p1b: Slow End Theory\n|-damage|p1b: Slow End Theory|27\/100\n|\n|upkeep\n|\n|t:|1700711902\n|switch|p2b: Iron Bundle|Iron Bundle, L50|100\/100\n|-enditem|p2b: Iron Bundle|Booster Energy\n|-activate|p2b: Iron Bundle|ability: Quark Drive|[fromitem]\n|-start|p2b: Iron Bundle|quarkdrivespe\n|turn|6\n|\n|t:|1700711931\n|-terastallize|p2a: Munkidori|Dark\n|move|p2b: Iron Bundle|Protect|p2b: Iron Bundle\n|-singleturn|p2b: Iron Bundle|Protect\n|move|p1a: Don't Copp Me Now|High Horsepower|p2a: Munkidori\n|-damage|p2a: Munkidori|20\/100\n|move|p1b: Slow End Theory|Focus Blast|p2b: Iron Bundle\n|-activate|p2b: Iron Bundle|move: Protect\n|move|p2a: Munkidori|Sludge Bomb|p1b: Slow End Theory\n|-damage|p1b: Slow End Theory|0 fnt\n|faint|p1b: Slow End Theory\n|\n|-fieldend|move: Trick Room\n|upkeep\n|\n|t:|1700711946\n|switch|p1b: Nites|Dragonite, L50, M, tera:Normal|94\/100 slp\n|turn|7\n|\n|t:|1700711984\n|cant|p1b: Nites|slp\n|move|p2b: Iron Bundle|Hydro Pump|p1a: Don't Copp Me Now\n|-end|p1a: Don't Copp Me Now|Substitute\n|move|p2a: Munkidori|Sludge Bomb|p1b: Nites\n|-damage|p1b: Nites|58\/100 slp\n|move|p1a: Don't Copp Me Now|Heat Crash|p2a: Munkidori\n|-damage|p2a: Munkidori|0 fnt\n|faint|p2a: Munkidori\n|\n|upkeep\n|turn|8\n|\n|t:|1700712002\n|cant|p1b: Nites|slp\n|move|p2b: Iron Bundle|Hydro Pump|p1a: Don't Copp Me Now\n|-damage|p1a: Don't Copp Me Now|18\/100\n|move|p1a: Don't Copp Me Now|Heat Crash|p2b: Iron Bundle\n|-damage|p2b: Iron Bundle|42\/100\n|\n|upkeep\n|turn|9\n|\n|t:|1700712019\n|cant|p1b: Nites|slp\n|move|p2b: Iron Bundle|Hydro Pump|p1a: Don't Copp Me Now\n|-damage|p1a: Don't Copp Me Now|0 fnt\n|faint|p1a: Don't Copp Me Now\n|\n|upkeep\n|\n|t:|1700712023\n|switch|p1a: The Fez|Fezandipiti, L50, M|100\/100\n|turn|10\n|\n|t:|1700712030\n|-curestatus|p1b: Nites|slp|[msg]\n|move|p1b: Nites|Extreme Speed|p2b: Iron Bundle\n|-damage|p2b: Iron Bundle|0 fnt\n|faint|p2b: Iron Bundle\n|-end|p2b: Iron Bundle|Quark Drive|[silent]\n|\n|win|J4ce\n|c|\u2606J4ce|gg!\n|l|\u2606NovaSirius\n","uploadtime":1700712038,"views":38,"p1id":"j4ce","p2id":"novasirius","formatid":"gen9vgc2023regulatione","rating":0,"private":0,"password":""}