{"id":"gen9vgc2023regulatione-2000499852","p1":"Get Squawked","p2":"wxlmdiggityy","format":"[Gen 9] VGC 2023 Regulation E","log":"|j|\u2606Get Squawked\n|j|\u2606wxlmdiggityy\n|t:|1701199988\n|gametype|doubles\n|player|p1|Get Squawked|ltsurge|1000\n|player|p2|wxlmdiggityy|boarder|1064\n|teamsize|p1|6\n|teamsize|p2|6\n|gen|9\n|tier|[Gen 9] VGC 2023 Regulation E\n|rated|\n|rule|Species Clause: Limit one of each Pok\u00e9mon\n|rule|Item Clause: Limit one of each item\n|clearpoke\n|poke|p1|Sinistcha, L50|\n|poke|p1|Heatran, L50, F|\n|poke|p1|Urshifu-*, L50, F|\n|poke|p1|Gholdengo, L50|\n|poke|p1|Squawkabilly-Yellow, L50, M|\n|poke|p1|Iron Hands, L50|\n|poke|p2|Ninetales-Alola, L50, F|\n|poke|p2|Baxcalibur, L50, F|\n|poke|p2|Heatran, L50, M|\n|poke|p2|Iron Hands, L50|\n|poke|p2|Ogerpon-Wellspring, L50, F|\n|poke|p2|Sinistcha-Masterpiece, L50|\n|teampreview|4\n|inactive|Battle timer is ON: inactive players will automatically lose when time's up. (requested by Get Squawked)\n|\n|t:|1701200015\n|start\n|switch|p1a: Gholdengo|Gholdengo, L50|100\/100\n|switch|p1b: Squawkabilly|Squawkabilly-Yellow, L50, M|100\/100\n|switch|p2a: Ninetales|Ninetales-Alola, L50, F|100\/100\n|switch|p2b: Iron Hands|Iron Hands, L50|100\/100\n|-weather|Snow|[from] ability: Snow Warning|[of] p2a: Ninetales\n|-ability|p1b: Squawkabilly|Intimidate|boost\n|-unboost|p2a: Ninetales|atk|1\n|-unboost|p2b: Iron Hands|atk|1\n|turn|1\n|\n|t:|1701200039\n|switch|p2a: Sinistcha|Sinistcha-Masterpiece, L50|100\/100\n|switch|p1b: Iron Hands|Iron Hands, L50|100\/100\n|move|p1a: Gholdengo|Nasty Plot|p1a: Gholdengo\n|-boost|p1a: Gholdengo|spa|2\n|move|p2b: Iron Hands|Wild Charge|p1b: Iron Hands\n|-resisted|p1b: Iron Hands\n|-damage|p1b: Iron Hands|88\/100\n|-damage|p2b: Iron Hands|97\/100|[from] Recoil\n|\n|-weather|Snow|[upkeep]\n|upkeep\n|turn|2\n|inactive|wxlmdiggityy has 30 seconds left.\n|\n|t:|1701200072\n|-end|p1b: Iron Hands|Quark Drive|[silent]\n|switch|p1b: Squawkabilly|Squawkabilly-Yellow, L50, M|100\/100\n|-ability|p1b: Squawkabilly|Intimidate|boost\n|-unboost|p2a: Sinistcha|atk|1\n|-unboost|p2b: Iron Hands|atk|1\n|-end|p2b: Iron Hands|Quark Drive|[silent]\n|switch|p2b: Ninetales|Ninetales-Alola, L50, F|100\/100\n|move|p1a: Gholdengo|Nasty Plot|p1a: Gholdengo\n|-boost|p1a: Gholdengo|spa|2\n|move|p2a: Sinistcha|Trick Room|p2a: Sinistcha\n|-fieldstart|move: Trick Room|[of] p2a: Sinistcha\n|\n|-weather|Snow|[upkeep]\n|upkeep\n|turn|3\n|\n|t:|1701200089\n|switch|p1b: Heatran|Heatran, L50, F|100\/100\n|move|p2a: Sinistcha|Rage Powder|p2a: Sinistcha\n|-singleturn|p2a: Sinistcha|move: Rage Powder\n|move|p1a: Gholdengo|Make It Rain|p2a: Sinistcha|[spread] p2a,p2b\n|-supereffective|p2b: Ninetales\n|-damage|p2a: Sinistcha|0 fnt\n|-damage|p2b: Ninetales|0 fnt\n|-unboost|p1a: Gholdengo|spa|1\n|faint|p2a: Sinistcha\n|faint|p2b: Ninetales\n|\n|-weather|Snow|[upkeep]\n|upkeep\n|\n|t:|1701200102\n|switch|p2a: Iron Hands|Iron Hands, L50|97\/100\n|switch|p2b: Baxcalibur|Baxcalibur, L50, F|100\/100\n|turn|4\n|\n|t:|1701200117\n|switch|p1b: Iron Hands|Iron Hands, L50|88\/100\n|move|p1a: Gholdengo|Protect|p1a: Gholdengo\n|-singleturn|p1a: Gholdengo|Protect\n|move|p2a: Iron Hands|Fake Out|p1a: Gholdengo\n|-activate|p1a: Gholdengo|move: Protect\n|move|p2b: Baxcalibur|Swords Dance|p2b: Baxcalibur\n|-boost|p2b: Baxcalibur|atk|2\n|\n|-weather|Snow|[upkeep]\n|upkeep\n|turn|5\n|inactive|wxlmdiggityy has 30 seconds left.\n|\n|t:|1701200145\n|move|p1b: Iron Hands|Fake Out|p2b: Baxcalibur\n|-damage|p2b: Baxcalibur|88\/100\n|move|p2a: Iron Hands|Wild Charge|p1a: Gholdengo\n|-damage|p1a: Gholdengo|51\/100\n|-damage|p2a: Iron Hands|87\/100|[from] Recoil\n|move|p1a: Gholdengo|Shadow Ball|p2a: Iron Hands\n|-damage|p2a: Iron Hands|35\/100\n|cant|p2b: Baxcalibur|flinch\n|\n|-weather|none\n|upkeep\n|turn|6\n|\n|t:|1701200158\n|-end|p1b: Iron Hands|Quark Drive|[silent]\n|switch|p1b: Squawkabilly|Squawkabilly-Yellow, L50, M|100\/100\n|-ability|p1b: Squawkabilly|Intimidate|boost\n|-unboost|p2a: Iron Hands|atk|1\n|-unboost|p2b: Baxcalibur|atk|1\n|move|p1a: Gholdengo|Protect|p1a: Gholdengo\n|-singleturn|p1a: Gholdengo|Protect\n|move|p2a: Iron Hands|Wild Charge|p1a: Gholdengo\n|-activate|p1a: Gholdengo|move: Protect\n|move|p2b: Baxcalibur|Scale Shot|p1a: Gholdengo\n|-activate|p1a: Gholdengo|move: Protect\n|\n|-fieldend|move: Trick Room\n|upkeep\n|turn|7\n|\n|t:|1701200177\n|move|p2b: Baxcalibur|Scale Shot|p1a: Gholdengo\n|-resisted|p1a: Gholdengo\n|-damage|p1a: Gholdengo|42\/100\n|-resisted|p1a: Gholdengo\n|-damage|p1a: Gholdengo|32\/100\n|-resisted|p1a: Gholdengo\n|-crit|p1a: Gholdengo\n|-damage|p1a: Gholdengo|17\/100\n|-resisted|p1a: Gholdengo\n|-damage|p1a: Gholdengo|7\/100\n|-hitcount|p1a: Gholdengo|4\n|-unboost|p2b: Baxcalibur|def|1\n|-boost|p2b: Baxcalibur|spe|1\n|move|p1a: Gholdengo|Make It Rain|p2a: Iron Hands|[spread] p2a,p2b\n|-resisted|p2a: Iron Hands\n|-supereffective|p2b: Baxcalibur\n|-damage|p2a: Iron Hands|3\/100\n|-damage|p2b: Baxcalibur|0 fnt\n|-unboost|p1a: Gholdengo|spa|1\n|faint|p2b: Baxcalibur\n|move|p1b: Squawkabilly|Tailwind|p1b: Squawkabilly\n|-sidestart|p1: Get Squawked|move: Tailwind\n|move|p2a: Iron Hands|Drain Punch|p1b: Squawkabilly\n|-damage|p1b: Squawkabilly|59\/100\n|-heal|p2a: Iron Hands|20\/100|[from] drain|[of] p1b: Squawkabilly\n|\n|upkeep\n|turn|8\n|\n|t:|1701200201\n|move|p1a: Gholdengo|Protect|p1a: Gholdengo\n|-singleturn|p1a: Gholdengo|Protect\n|move|p1b: Squawkabilly|Brave Bird|p2a: Iron Hands\n|-damage|p2a: Iron Hands|0 fnt\n|faint|p2a: Iron Hands\n|-end|p2a: Iron Hands|Quark Drive|[silent]\n|-damage|p1b: Squawkabilly|51\/100|[from] Recoil\n|\n|win|Get Squawked\n|raw|Get Squawked's rating: 1000 &rarr; <strong>1047<\/strong><br \/>(+47 for winning)\n|raw|wxlmdiggityy's rating: 1064 &rarr; <strong>1041<\/strong><br \/>(-23 for losing)\n|l|\u2606wxlmdiggityy\n","uploadtime":1701200212,"views":9,"p1id":"getsquawked","p2id":"wxlmdiggityy","formatid":"gen9vgc2023regulatione","rating":1041,"private":0,"password":""}