{"id":"gen9vgc2023regulatione-1994785191","p1":"ShadowTriad Lazer","p2":"LoopyJ56","format":"[Gen 9] VGC 2023 Regulation E","log":"|j|\u2606ShadowTriad Lazer\n|j|\u2606LoopyJ56\n|t:|1700492531\n|gametype|doubles\n|player|p1|ShadowTriad Lazer|shadowtriad|1120\n|player|p2|LoopyJ56|266|1040\n|teamsize|p1|6\n|teamsize|p2|6\n|gen|9\n|tier|[Gen 9] VGC 2023 Regulation E\n|rated|\n|rule|Species Clause: Limit one of each Pok\u00e9mon\n|rule|Item Clause: Limit one of each item\n|clearpoke\n|poke|p1|Vaporeon, L50, F|\n|poke|p1|Hatterene, L50, F|\n|poke|p1|Dragalge, L50, F|\n|poke|p1|Gallade, L50, M|\n|poke|p1|Typhlosion-Hisui, L50, M|\n|poke|p1|Bombirdier, L50, F|\n|poke|p2|Ogerpon, L50, F|\n|poke|p2|Okidogi, L50, M|\n|poke|p2|Flutter Mane, L50|\n|poke|p2|Regieleki, L50|\n|poke|p2|Farigiraf, L50, F|\n|poke|p2|Kingambit, L50, F|\n|teampreview|4\n|inactive|Battle timer is ON: inactive players will automatically lose when time's up. (requested by LoopyJ56)\n|inactive|ShadowTriad Lazer has 60 seconds left.\n|inactive|LoopyJ56 has 60 seconds left.\n|\n|t:|1700492578\n|start\n|switch|p1a: Kazeshini|Gallade, L50, M|100\/100\n|switch|p1b: Pairo Obake|Typhlosion-Hisui, L50, M|100\/100\n|switch|p2a: Kingambit|Kingambit, L50, F|100\/100\n|switch|p2b: Okidogi|Okidogi, L50, M|100\/100\n|turn|1\n|inactive|ShadowTriad Lazer has 30 seconds left.\n|inactive|LoopyJ56 has 30 seconds left.\n|inactive|LoopyJ56 has 20 seconds left.\n|\n|t:|1700492613\n|-terastallize|p2b: Okidogi|Dark\n|move|p1a: Kazeshini|Protect|p1a: Kazeshini\n|-singleturn|p1a: Kazeshini|Protect\n|move|p2a: Kingambit|Sucker Punch||[still]\n|-fail|p2a: Kingambit\n|move|p1b: Pairo Obake|Will-O-Wisp|p2a: Kingambit\n|-status|p2a: Kingambit|brn\n|move|p2b: Okidogi|Crunch|p1a: Kazeshini\n|-activate|p1a: Kazeshini|move: Protect\n|\n|-damage|p2a: Kingambit|95\/100 brn|[from] brn\n|upkeep\n|turn|2\n|\n|t:|1700492631\n|move|p1b: Pairo Obake|Will-O-Wisp|p2b: Okidogi|[miss]\n|-miss|p1b: Pairo Obake|p2b: Okidogi\n|move|p2b: Okidogi|Crunch|p1b: Pairo Obake\n|-supereffective|p1b: Pairo Obake\n|-enditem|p1b: Pairo Obake|Focus Sash\n|-damage|p1b: Pairo Obake|1\/100\n|-unboost|p1b: Pairo Obake|def|1\n|move|p1a: Kazeshini|Sacred Sword|p2a: Kingambit\n|-supereffective|p2a: Kingambit\n|-damage|p2a: Kingambit|0 fnt\n|faint|p2a: Kingambit\n|-end|p2a: Kingambit|fallenundefined|[silent]\n|\n|upkeep\n|\n|t:|1700492650\n|switch|p2a: Ogerpon|Ogerpon, L50, F|100\/100\n|turn|3\n|\n|t:|1700492669\n|switch|p1b: Kika Ki|Vaporeon, L50, F|100\/100\n|move|p1a: Kazeshini|Protect|p1a: Kazeshini\n|-singleturn|p1a: Kazeshini|Protect\n|move|p2a: Ogerpon|U-turn|p1b: Kika Ki\n|-damage|p1b: Kika Ki|78\/100\n|\n|t:|1700492677\n|switch|p2a: Flutter Mane|Flutter Mane, L50|100\/100|[from] U-turn\n|move|p2b: Okidogi|Crunch|p1a: Kazeshini\n|-activate|p1a: Kazeshini|move: Protect\n|\n|upkeep\n|turn|4\n|inactive|LoopyJ56 has 30 seconds left.\n|\n|t:|1700492707\n|move|p2a: Flutter Mane|Moonblast|p1a: Kazeshini\n|-supereffective|p1a: Kazeshini\n|-enditem|p1a: Kazeshini|Roseli Berry|[eat]\n|-enditem|p1a: Kazeshini|Roseli Berry|[weaken]\n|-damage|p1a: Kazeshini|32\/100\n|-unboost|p1a: Kazeshini|spa|1\n|move|p2b: Okidogi|Crunch|p1b: Kika Ki\n|-damage|p1b: Kika Ki|43\/100\n|move|p1a: Kazeshini|Psycho Cut|p2a: Flutter Mane\n|-damage|p2a: Flutter Mane|0 fnt\n|faint|p2a: Flutter Mane\n|-end|p2a: Flutter Mane|Protosynthesis|[silent]\n|move|p1b: Kika Ki|Icy Wind|p2b: Okidogi|[miss]\n|-miss|p1b: Kika Ki|p2b: Okidogi\n|\n|upkeep\n|\n|t:|1700492720\n|switch|p2a: Ogerpon|Ogerpon, L50, F|100\/100\n|turn|5\n|\n|t:|1700492728\n|-terastallize|p1b: Kika Ki|Dragon\n|move|p1a: Kazeshini|Protect|p1a: Kazeshini\n|-singleturn|p1a: Kazeshini|Protect\n|move|p2a: Ogerpon|Ivy Cudgel|p1b: Kika Ki\n|-resisted|p1b: Kika Ki\n|-damage|p1b: Kika Ki|18\/100\n|move|p2b: Okidogi|Howl|p2b: Okidogi|[spread] p2a,p2b\n|-boost|p2a: Ogerpon|atk|1\n|-boost|p2b: Okidogi|atk|1\n|move|p1b: Kika Ki|Icy Wind|p2a: Ogerpon|[spread] p2a,p2b\n|-supereffective|p2a: Ogerpon\n|-damage|p2a: Ogerpon|78\/100\n|-damage|p2b: Okidogi|92\/100\n|-unboost|p2a: Ogerpon|spe|1\n|-ability|p2a: Ogerpon|Defiant|boost\n|-boost|p2a: Ogerpon|atk|2\n|-unboost|p2b: Okidogi|spe|1\n|\n|upkeep\n|turn|6\n|inactive|LoopyJ56 has 30 seconds left.\n|\n|t:|1700492755\n|move|p2a: Ogerpon|Ivy Cudgel|p1b: Kika Ki\n|-resisted|p1b: Kika Ki\n|-damage|p1b: Kika Ki|0 fnt\n|faint|p1b: Kika Ki\n|move|p1a: Kazeshini|Sacred Sword|p2b: Okidogi\n|-supereffective|p2b: Okidogi\n|-damage|p2b: Okidogi|0 fnt\n|faint|p2b: Okidogi\n|\n|upkeep\n|\n|t:|1700492767\n|switch|p1b: Pairo Obake|Typhlosion-Hisui, L50, M|1\/100\n|turn|7\n|\n|t:|1700492775\n|switch|p1a: Shakalaka|Bombirdier, L50, F|100\/100\n|move|p1b: Pairo Obake|Overheat|p2a: Ogerpon\n|-supereffective|p2a: Ogerpon\n|-damage|p2a: Ogerpon|0 fnt\n|-unboost|p1b: Pairo Obake|spa|2\n|faint|p2a: Ogerpon\n|\n|win|ShadowTriad Lazer\n|raw|ShadowTriad Lazer's rating: 1120 &rarr; <strong>1139<\/strong><br \/>(+19 for winning)\n|raw|LoopyJ56's rating: 1040 &rarr; <strong>1028<\/strong><br \/>(-12 for losing)\n|c|\u2606ShadowTriad Lazer|gg\n|l|\u2606LoopyJ56\n","uploadtime":1700493238,"views":13,"p1id":"shadowtriadlazer","p2id":"loopyj56","formatid":"gen9vgc2023regulatione","rating":1028,"private":0,"password":""}