{"id":"gen9vgc2023regulatione-1991650350","p1":"holy paws","p2":"notsummer","format":"[Gen 9] VGC 2023 Regulation E","log":"|j|\u2606holy paws\n|j|\u2606notsummer\n|t:|1700098463\n|gametype|doubles\n|player|p1|holy paws|sabrina|1144\n|player|p2|notsummer|lady-gen4|1129\n|teamsize|p1|6\n|teamsize|p2|6\n|gen|9\n|tier|[Gen 9] VGC 2023 Regulation E\n|rated|\n|rule|Species Clause: Limit one of each Pok\u00e9mon\n|rule|Item Clause: Limit one of each item\n|clearpoke\n|poke|p1|Scizor, L50, F|\n|poke|p1|Regidrago, L50|\n|poke|p1|Farigiraf, L50, F|\n|poke|p1|Amoonguss, L50, M|\n|poke|p1|Landorus-Therian, L50, M|\n|poke|p1|Iron Bundle, L50|\n|poke|p2|Gholdengo, L50|\n|poke|p2|Iron Hands, L50|\n|poke|p2|Amoonguss, L50, M|\n|poke|p2|Iron Bundle, L50|\n|poke|p2|Pelipper, L50, M|\n|poke|p2|Salamence, L50, M|\n|teampreview|4\n|inactive|Battle timer is ON: inactive players will automatically lose when time's up. (requested by notsummer)\n|inactive|holy paws has 60 seconds left.\n|inactive|notsummer has 60 seconds left.\n|\n|t:|1700098523\n|start\n|switch|p1a: Farigiraf|Farigiraf, L50, F|100\/100\n|switch|p1b: Iron Bundle|Iron Bundle, L50|100\/100\n|switch|p2a: Iron Hands|Iron Hands, L50|100\/100\n|switch|p2b: Gholdengo|Gholdengo, L50|100\/100\n|-enditem|p1b: Iron Bundle|Booster Energy\n|-activate|p1b: Iron Bundle|ability: Quark Drive|[fromitem]\n|-start|p1b: Iron Bundle|quarkdrivespe\n|turn|1\n|inactive|notsummer has 30 seconds left.\n|\n|t:|1700098558\n|move|p1b: Iron Bundle|Protect|p1b: Iron Bundle\n|-singleturn|p1b: Iron Bundle|Protect\n|move|p2b: Gholdengo|Nasty Plot|p2b: Gholdengo\n|-boost|p2b: Gholdengo|spa|2\n|move|p1a: Farigiraf|Psychic|p2a: Iron Hands\n|-supereffective|p2a: Iron Hands\n|-damage|p2a: Iron Hands|38\/100\n|-damage|p1a: Farigiraf|91\/100|[from] item: Life Orb\n|move|p2a: Iron Hands|Wild Charge|p1b: Iron Bundle\n|-activate|p1b: Iron Bundle|move: Protect\n|\n|upkeep\n|turn|2\n|inactive|holy paws has 30 seconds left.\n|inactive|notsummer has 30 seconds left.\n|\n|t:|1700098583\n|move|p1b: Iron Bundle|Hydro Pump|p2b: Gholdengo\n|-damage|p2b: Gholdengo|40\/100\n|move|p2b: Gholdengo|Make It Rain|p1b: Iron Bundle|[spread] p1a,p1b\n|-crit|p1b: Iron Bundle\n|-damage|p1a: Farigiraf|0 fnt\n|-damage|p1b: Iron Bundle|0 fnt\n|-unboost|p2b: Gholdengo|spa|1\n|faint|p1a: Farigiraf\n|faint|p1b: Iron Bundle\n|-end|p1b: Iron Bundle|Quark Drive|[silent]\n|move|p2a: Iron Hands|Wild Charge|p1: Farigiraf|[notarget]\n|-fail|p2a: Iron Hands\n|\n|-heal|p2b: Gholdengo|46\/100|[from] item: Leftovers\n|upkeep\n|\n|t:|1700098598\n|switch|p1b: Amoonguss|Amoonguss, L50, M|100\/100\n|switch|p1a: Regidrago|Regidrago, L50|100\/100\n|turn|3\n|\n|t:|1700098616\n|-terastallize|p1b: Amoonguss|Water\n|move|p2b: Gholdengo|Protect|p2b: Gholdengo\n|-singleturn|p2b: Gholdengo|Protect\n|move|p1b: Amoonguss|Rage Powder|p1b: Amoonguss\n|-singleturn|p1b: Amoonguss|move: Rage Powder\n|move|p1a: Regidrago|Dragon Energy|p2b: Gholdengo|[spread] p2a\n|-activate|p2b: Gholdengo|move: Protect\n|-damage|p2a: Iron Hands|0 fnt\n|faint|p2a: Iron Hands\n|-end|p2a: Iron Hands|Quark Drive|[silent]\n|\n|-heal|p2b: Gholdengo|52\/100|[from] item: Leftovers\n|upkeep\n|\n|t:|1700098627\n|switch|p2a: Pelipper|Pelipper, L50, M, shiny|100\/100\n|-weather|RainDance|[from] ability: Drizzle|[of] p2a: Pelipper\n|turn|4\n|\n|t:|1700098645\n|move|p1a: Regidrago|Protect|p1a: Regidrago\n|-singleturn|p1a: Regidrago|Protect\n|move|p2a: Pelipper|Wide Guard|p2a: Pelipper\n|-singleturn|p2a: Pelipper|Wide Guard\n|move|p2b: Gholdengo|Make It Rain|p1b: Amoonguss|[spread] p1b\n|-activate|p1a: Regidrago|move: Protect\n|-resisted|p1b: Amoonguss\n|-damage|p1b: Amoonguss|64\/100\n|-unboost|p2b: Gholdengo|spa|1\n|move|p1b: Amoonguss|Spore|p2a: Pelipper\n|-status|p2a: Pelipper|slp|[from] move: Spore\n|\n|-weather|RainDance|[upkeep]\n|-heal|p2b: Gholdengo|58\/100|[from] item: Leftovers\n|upkeep\n|turn|5\n|inactive|holy paws has 30 seconds left.\n|\n|t:|1700098671\n|move|p2b: Gholdengo|Protect|p2b: Gholdengo\n|-singleturn|p2b: Gholdengo|Protect\n|cant|p2a: Pelipper|slp\n|move|p1a: Regidrago|Earth Power|p2b: Gholdengo\n|-activate|p2b: Gholdengo|move: Protect\n|move|p1b: Amoonguss|Pollen Puff|p1a: Regidrago\n|-immune|p1a: Regidrago\n|\n|-weather|RainDance|[upkeep]\n|-heal|p2b: Gholdengo|64\/100|[from] item: Leftovers\n|upkeep\n|turn|6\n|\n|t:|1700098695\n|switch|p2b: Iron Bundle|Iron Bundle, L50|100\/100\n|-enditem|p2b: Iron Bundle|Booster Energy\n|-activate|p2b: Iron Bundle|ability: Quark Drive|[fromitem]\n|-start|p2b: Iron Bundle|quarkdrivespe\n|move|p1b: Amoonguss|Rage Powder|p1b: Amoonguss\n|-singleturn|p1b: Amoonguss|move: Rage Powder\n|cant|p2a: Pelipper|slp\n|move|p1a: Regidrago|Dragon Energy|p2b: Iron Bundle|[spread] p2a,p2b\n|-enditem|p2a: Pelipper|Focus Sash\n|-damage|p2a: Pelipper|1\/100 slp\n|-damage|p2b: Iron Bundle|0 fnt\n|faint|p2b: Iron Bundle\n|-end|p2b: Iron Bundle|Quark Drive|[silent]\n|\n|-weather|RainDance|[upkeep]\n|upkeep\n|\n|t:|1700098705\n|switch|p2b: Gholdengo|Gholdengo, L50|64\/100\n|turn|7\n|\n|t:|1700098723\n|move|p1a: Regidrago|Protect|p1a: Regidrago\n|-singleturn|p1a: Regidrago|Protect\n|-curestatus|p2a: Pelipper|slp|[msg]\n|move|p2a: Pelipper|Wide Guard|p2a: Pelipper\n|-singleturn|p2a: Pelipper|Wide Guard\n|move|p2b: Gholdengo|Nasty Plot|p2b: Gholdengo\n|-boost|p2b: Gholdengo|spa|2\n|move|p1b: Amoonguss|Pollen Puff|p2a: Pelipper\n|-resisted|p2a: Pelipper\n|-damage|p2a: Pelipper|0 fnt\n|faint|p2a: Pelipper\n|\n|-weather|RainDance|[upkeep]\n|-heal|p2b: Gholdengo|70\/100|[from] item: Leftovers\n|upkeep\n|turn|8\n|-message|notsummer forfeited.\n|\n|win|holy paws\n|raw|holy paws's rating: 1144 &rarr; <strong>1168<\/strong><br \/>(+24 for winning)\n|raw|notsummer's rating: 1129 &rarr; <strong>1105<\/strong><br \/>(-24 for losing)\n|l|\u2606notsummer\n","uploadtime":1700098876,"views":16,"p1id":"holypaws","p2id":"notsummer","formatid":"gen9vgc2023regulatione","rating":1105,"private":0,"password":""}