{"id":"gen9vgc2023regulatione-1989303386","p1":"wholesomeisland","p2":"Jop 27 in a row","format":"[Gen 9] VGC 2023 Regulation E","log":"|j|\u2606wholesomeisland\n|j|\u2606Jop 27 in a row\n|t:|1699834009\n|gametype|doubles\n|player|p1|wholesomeisland|102|1067\n|player|p2|Jop 27 in a row|lillie|1064\n|teamsize|p1|6\n|teamsize|p2|6\n|gen|9\n|tier|[Gen 9] VGC 2023 Regulation E\n|rated|\n|rule|Species Clause: Limit one of each Pok\u00e9mon\n|rule|Item Clause: Limit one of each item\n|clearpoke\n|poke|p1|Tornadus, L50, M|\n|poke|p1|Cresselia, L50, F|\n|poke|p1|Arcanine, L50, M|\n|poke|p1|Amoonguss, L50, M|\n|poke|p1|Iron Hands, L50|\n|poke|p1|Ogerpon-Wellspring, L50, F|\n|poke|p2|Moltres-Galar, L50|\n|poke|p2|Arcanine-Hisui, L50, M|\n|poke|p2|Munkidori, L50, M|\n|poke|p2|Sinistcha, L50|\n|poke|p2|Grimmsnarl, L50, M|\n|poke|p2|Milotic, L50, F|\n|teampreview|4\n|inactive|Battle timer is ON: inactive players will automatically lose when time's up. (requested by wholesomeisland)\nwholesomeisland has agreed to open team sheets.\nJop 27 in a row rejected open team sheets.\n|\n|t:|1699834022\n|start\n|switch|p1a: Tornadus|Tornadus, L50, M, shiny|100\/100\n|switch|p1b: Amoonguss|Amoonguss, L50, M|100\/100\n|switch|p2a: Munkidori|Munkidori, L50, M|100\/100\n|switch|p2b: Grimmsnarl|Grimmsnarl, L50, M|100\/100\n|-item|p1a: Tornadus|Covert Cloak|[from] ability: Frisk|[of] p2a: Munkidori|[identify]\n|-item|p1b: Amoonguss|Rocky Helmet|[from] ability: Frisk|[of] p2a: Munkidori|[identify]\n|turn|1\n|\n|t:|1699834045\n|switch|p1b: Iron Hands|Iron Hands, L50|100\/100\n|move|p2a: Munkidori|Fake Out|p1b: Iron Hands\n|-damage|p1b: Iron Hands|95\/100\n|move|p1a: Tornadus|Tailwind|p1a: Tornadus\n|-sidestart|p1: wholesomeisland|move: Tailwind\n|move|p2b: Grimmsnarl|Light Screen|p2b: Grimmsnarl\n|-sidestart|p2: Jop 27 in a row|move: Light Screen\n|\n|upkeep\n|turn|2\n|\n|t:|1699834064\n|move|p2b: Grimmsnarl|Reflect|p2b: Grimmsnarl\n|-sidestart|p2: Jop 27 in a row|Reflect\n|move|p1a: Tornadus|Bleakwind Storm|p2a: Munkidori|[spread] p2a,p2b\n|-damage|p2a: Munkidori|72\/100\n|-damage|p2b: Grimmsnarl|73\/100\n|move|p2a: Munkidori|Parting Shot|p1b: Iron Hands\n|-unboost|p1b: Iron Hands|atk|1\n|-unboost|p1b: Iron Hands|spa|1\n|\n|t:|1699834071\n|switch|p2a: Sinistcha|Sinistcha, L50|100\/100|[from] Parting Shot\n|-heal|p2b: Grimmsnarl|98\/100|[from] ability: Hospitality|[of] p2a: Sinistcha\n|move|p1b: Iron Hands|Drain Punch|p2a: Sinistcha\n|-immune|p2a: Sinistcha\n|\n|upkeep\n|turn|3\n|\n|t:|1699834090\n|switch|p2a: Munkidori|Munkidori, L50, M|72\/100\n|-item|p1a: Tornadus|Covert Cloak|[from] ability: Frisk|[of] p2a: Munkidori|[identify]\n|-item|p1b: Iron Hands|Assault Vest|[from] ability: Frisk|[of] p2a: Munkidori|[identify]\n|move|p2b: Grimmsnarl|Parting Shot|p1b: Iron Hands\n|-unboost|p1b: Iron Hands|atk|1\n|-unboost|p1b: Iron Hands|spa|1\n|\n|t:|1699834099\n|switch|p2b: Moltres|Moltres-Galar, L50, shiny|100\/100|[from] Parting Shot\n|move|p1a: Tornadus|Bleakwind Storm|p2a: Munkidori|[spread] p2a,p2b\n|-damage|p2a: Munkidori|43\/100\n|-damage|p2b: Moltres|81\/100\n|-unboost|p2a: Munkidori|spe|1\n|move|p1b: Iron Hands|Drain Punch|p2a: Munkidori\n|-resisted|p2a: Munkidori\n|-damage|p2a: Munkidori|38\/100\n|-heal|p1b: Iron Hands|98\/100|[from] drain|[of] p2a: Munkidori\n|\n|upkeep\n|turn|4\n|\n|t:|1699834113\n|move|p1a: Tornadus|Bleakwind Storm|p2b: Moltres|[spread] p2a,p2b\n|-damage|p2a: Munkidori|8\/100\n|-damage|p2b: Moltres|60\/100\n|-unboost|p2a: Munkidori|spe|1\n|move|p1b: Iron Hands|Wild Charge|p2b: Moltres\n|-supereffective|p2b: Moltres\n|-damage|p2b: Moltres|25\/100\n|-damage|p1b: Iron Hands|90\/100|[from] Recoil\n|-ability|p2b: Moltres|Berserk|boost\n|-boost|p2b: Moltres|spa|1\n|-enditem|p2b: Moltres|Sitrus Berry|[eat]\n|-heal|p2b: Moltres|50\/100|[from] item: Sitrus Berry\n|move|p2b: Moltres|Nasty Plot|p2b: Moltres\n|-boost|p2b: Moltres|spa|2\n|move|p2a: Munkidori|Psychic|p1b: Iron Hands\n|-supereffective|p1b: Iron Hands\n|-damage|p1b: Iron Hands|44\/100\n|\n|-sideend|p1: wholesomeisland|move: Tailwind\n|upkeep\n|turn|5\n|\n|t:|1699834134\n|switch|p2a: Sinistcha|Sinistcha, L50|100\/100\n|-heal|p2b: Moltres|75\/100|[from] ability: Hospitality|[of] p2a: Sinistcha\n|move|p1a: Tornadus|Bleakwind Storm|p2a: Sinistcha|[spread] p2a\n|-miss|p1a: Tornadus|p2b: Moltres\n|-supereffective|p2a: Sinistcha\n|-damage|p2a: Sinistcha|52\/100\n|move|p2b: Moltres|Fiery Wrath|p1b: Iron Hands|[spread] p1a,p1b\n|-resisted|p1b: Iron Hands\n|-damage|p1a: Tornadus|23\/100\n|-damage|p1b: Iron Hands|22\/100\n|cant|p1b: Iron Hands|flinch\n|\n|upkeep\n|turn|6\n|inactive|wholesomeisland has 30 seconds left.\n|\n|t:|1699834169\n|move|p1a: Tornadus|Bleakwind Storm|p2b: Moltres|[spread] p2a\n|-miss|p1a: Tornadus|p2b: Moltres\n|-supereffective|p2a: Sinistcha\n|-damage|p2a: Sinistcha|6\/100\n|move|p2b: Moltres|Fiery Wrath|p1a: Tornadus|[spread] p1a,p1b\n|-resisted|p1b: Iron Hands\n|-damage|p1a: Tornadus|0 fnt\n|-damage|p1b: Iron Hands|3\/100\n|faint|p1a: Tornadus\n|move|p2a: Sinistcha|Life Dew|p2a: Sinistcha|[spread] p2a,p2b\n|-heal|p2a: Sinistcha|31\/100\n|-heal|p2b: Moltres|99\/100\n|move|p1b: Iron Hands|Wild Charge|p2b: Moltres\n|-supereffective|p2b: Moltres\n|-damage|p2b: Moltres|69\/100\n|-damage|p1b: Iron Hands|0 fnt|[from] Recoil\n|faint|p1b: Iron Hands\n|-end|p1b: Iron Hands|Quark Drive|[silent]\n|\n|upkeep\n|\n|t:|1699834184\n|switch|p1a: Cresselia|Cresselia, L50, F, shiny|100\/100\n|switch|p1b: Amoonguss|Amoonguss, L50, M|100\/100\n|turn|7\n|\n|t:|1699834189\n|move|p1b: Amoonguss|Rage Powder|p1b: Amoonguss\n|-singleturn|p1b: Amoonguss|move: Rage Powder\n|move|p2b: Moltres|Fiery Wrath|p1a: Cresselia|[spread] p1a,p1b\n|-supereffective|p1a: Cresselia\n|-damage|p1a: Cresselia|11\/100\n|-damage|p1b: Amoonguss|44\/100\n|cant|p1a: Cresselia|flinch\n|move|p2a: Sinistcha|Life Dew|p2a: Sinistcha|[spread] p2a,p2b\n|-heal|p2a: Sinistcha|57\/100\n|-heal|p2b: Moltres|94\/100\n|\n|-heal|p1a: Cresselia|17\/100|[from] item: Leftovers\n|upkeep\n|turn|8\n|\n|t:|1699834201\n|-terastallize|p1a: Cresselia|Fairy\n|move|p2b: Moltres|Fiery Wrath|p1a: Cresselia|[spread] p1a,p1b\n|-resisted|p1a: Cresselia\n|-crit|p1a: Cresselia\n|-damage|p1a: Cresselia|0 fnt\n|-damage|p1b: Amoonguss|0 fnt\n|faint|p1a: Cresselia\n|faint|p1b: Amoonguss\n|\n|win|Jop 27 in a row\n|raw|wholesomeisland's rating: 1067 &rarr; <strong>1047<\/strong><br \/>(-20 for losing)\n|raw|Jop 27 in a row's rating: 1064 &rarr; <strong>1095<\/strong><br \/>(+31 for winning)\n|l|\u2606wholesomeisland\n","uploadtime":1699834213,"views":18,"p1id":"wholesomeisland","p2id":"jop27inarow","formatid":"gen9vgc2023regulatione","rating":1047,"private":0,"password":""}