{"id":"gen9vgc2023regulatione-1992436745","p1":"DingusMcRingus","p2":"gen8reallysucks","format":"[Gen 9] VGC 2023 Regulation E","log":"|j|\u2606DingusMcRingus\n|j|\u203dgen8reallysucks\n|t:|1700187425\n|gametype|doubles\n|player|p1|DingusMcRingus|ethan|1499\n|player|p2|gen8reallysucks|n|1607\n|teamsize|p1|6\n|teamsize|p2|6\n|gen|9\n|tier|[Gen 9] VGC 2023 Regulation E\n|rated|\n|rule|Species Clause: Limit one of each Pok\u00e9mon\n|rule|Item Clause: Limit one of each item\n|clearpoke\n|poke|p1|Indeedee-F, L50, F|\n|poke|p1|Armarouge, L50, F|\n|poke|p1|Sneasler, L50, M|\n|poke|p1|Ogerpon-Wellspring, L50, F|\n|poke|p1|Ursaluna, L50, F|\n|poke|p1|Iron Bundle, L50|\n|poke|p2|Wo-Chien, L50|\n|poke|p2|Thundurus, L50, M|\n|poke|p2|Tauros-Paldea-Blaze, L50, M|\n|poke|p2|Flutter Mane, L50|\n|poke|p2|Ursaluna-Bloodmoon, L50, M|\n|poke|p2|Cresselia, L50, F|\n|teampreview|4\n|inactive|Battle timer is ON: inactive players will automatically lose when time's up. (requested by DingusMcRingus)\nDingusMcRingus has agreed to open team sheets.\n|inactive|DingusMcRingus has 60 seconds left.\n|\n|t:|1700187485\n|start\n|switch|p1a: Sneasler|Sneasler, L50, M|100\/100\n|switch|p1b: Iron Bunduli|Iron Bundle, L50|100\/100\n|switch|p2a: Ursaluna|Ursaluna-Bloodmoon, L50, M|100\/100\n|switch|p2b: Cresselia|Cresselia, L50, F|100\/100\n|-enditem|p1b: Iron Bunduli|Booster Energy\n|-activate|p1b: Iron Bunduli|ability: Quark Drive|[fromitem]\n|-start|p1b: Iron Bunduli|quarkdrivespe\n|turn|1\n|\n|t:|1700187508\n|switch|p2a: Wo-Chien|Wo-Chien, L50|100\/100\n|-ability|p2a: Wo-Chien|Tablets of Ruin\n|move|p1b: Iron Bunduli|Freeze-Dry|p2b: Cresselia\n|-damage|p2b: Cresselia|76\/100\n|move|p1a: Sneasler|Dire Claw|p2b: Cresselia\n|-damage|p2b: Cresselia|54\/100\n|move|p2b: Cresselia|Trick Room|p2b: Cresselia\n|-fieldstart|move: Trick Room|[of] p2b: Cresselia\n|\n|upkeep\n|turn|2\n|\n|t:|1700187532\n|move|p2a: Wo-Chien|Giga Drain|p1b: Iron Bunduli\n|-supereffective|p1b: Iron Bunduli\n|-damage|p1b: Iron Bunduli|4\/100\n|move|p2b: Cresselia|Psychic|p1a: Sneasler\n|-supereffective|p1a: Sneasler\n|-damage|p1a: Sneasler|0 fnt\n|faint|p1a: Sneasler\n|move|p1b: Iron Bunduli|Freeze-Dry|p2a: Wo-Chien\n|-supereffective|p2a: Wo-Chien\n|-damage|p2a: Wo-Chien|52\/100\n|\n|-heal|p2a: Wo-Chien|58\/100|[from] item: Leftovers\n|upkeep\n|\n|t:|1700187539\n|switch|p1a: Ursaluna|Ursaluna, L50, F|100\/100\n|turn|3\n|\n|t:|1700187563\n|-end|p1b: Iron Bunduli|Quark Drive|[silent]\n|switch|p1b: Doingus|Indeedee-F, L50, F|100\/100\n|-fieldstart|move: Psychic Terrain|[from] ability: Psychic Surge|[of] p1b: Doingus\n|-terastallize|p1a: Ursaluna|Ghost\n|move|p1a: Ursaluna|Facade|p2a: Wo-Chien\n|-damage|p2a: Wo-Chien|31\/100\n|move|p2a: Wo-Chien|Giga Drain|p1a: Ursaluna\n|-damage|p1a: Ursaluna|79\/100\n|-heal|p2a: Wo-Chien|44\/100|[from] drain|[of] p1a: Ursaluna\n|move|p2b: Cresselia|Lunar Blessing|p2b: Cresselia|[spread] p2a,p2b\n|-heal|p2a: Wo-Chien|70\/100\n|-heal|p2b: Cresselia|79\/100\n|\n|-heal|p2a: Wo-Chien|75\/100|[from] item: Leftovers\n|-status|p1a: Ursaluna|brn|[from] item: Flame Orb\n|upkeep\n|turn|4\n|\n|t:|1700187587\n|switch|p2a: Tauros|Tauros-Paldea-Blaze, L50, M|100\/100\n|-ability|p2a: Tauros|Intimidate|boost\n|-unboost|p1a: Ursaluna|atk|1\n|-unboost|p1b: Doingus|atk|1\n|move|p1b: Doingus|Helping Hand|p1a: Ursaluna\n|-singleturn|p1a: Ursaluna|Helping Hand|[of] p1b: Doingus\n|move|p1a: Ursaluna|Shadow Claw|p2b: Cresselia\n|-supereffective|p2b: Cresselia\n|-damage|p2b: Cresselia|0 fnt\n|faint|p2b: Cresselia\n|\n|-damage|p1a: Ursaluna|73\/100 brn|[from] brn\n|upkeep\n|\n|t:|1700187600\n|switch|p2b: Wo-Chien|Wo-Chien, L50|75\/100\n|-ability|p2b: Wo-Chien|Tablets of Ruin\n|turn|5\n|\n|t:|1700187619\n|move|p1b: Doingus|Helping Hand|p1a: Ursaluna\n|-singleturn|p1a: Ursaluna|Helping Hand|[of] p1b: Doingus\n|move|p2a: Tauros|Protect|p2a: Tauros\n|-singleturn|p2a: Tauros|Protect\n|move|p1a: Ursaluna|Facade|p2b: Wo-Chien\n|-damage|p2b: Wo-Chien|0 fnt\n|faint|p2b: Wo-Chien\n|\n|-damage|p1a: Ursaluna|67\/100 brn|[from] brn\n|-fieldend|move: Trick Room\n|upkeep\n|\n|t:|1700187627\n|switch|p2b: Ursaluna|Ursaluna-Bloodmoon, L50, M|100\/100\n|turn|6\n|inactive|DingusMcRingus has 30 seconds left.\n|\n|t:|1700187653\n|move|p1b: Doingus|Follow Me|p1b: Doingus\n|-singleturn|p1b: Doingus|move: Follow Me\n|move|p2a: Tauros|Raging Bull|p1b: Doingus\n|-damage|p1b: Doingus|61\/100\n|-damage|p2a: Tauros|84\/100|[from] item: Rocky Helmet|[of] p1b: Doingus\n|move|p2b: Ursaluna|Blood Moon|p1b: Doingus\n|-damage|p1b: Doingus|0 fnt\n|faint|p1b: Doingus\n|move|p1a: Ursaluna|Facade|p2a: Tauros\n|-damage|p2a: Tauros|0 fnt\n|faint|p2a: Tauros\n|\n|-damage|p1a: Ursaluna|61\/100 brn|[from] brn\n|upkeep\n|\n|t:|1700187664\n|switch|p1b: Iron Bunduli|Iron Bundle, L50|4\/100\n|turn|7\n|\n|t:|1700187673\n|move|p2b: Ursaluna|Protect|p2b: Ursaluna\n|-singleturn|p2b: Ursaluna|Protect\n|move|p1b: Iron Bunduli|Icy Wind|p2b: Ursaluna\n|-activate|p2b: Ursaluna|move: Protect\n|move|p1a: Ursaluna|Facade|p2b: Ursaluna\n|-activate|p2b: Ursaluna|move: Protect\n|\n|-damage|p1a: Ursaluna|55\/100 brn|[from] brn\n|-fieldend|move: Psychic Terrain\n|upkeep\n|turn|8\n|\n|t:|1700187681\n|move|p1b: Iron Bunduli|Icy Wind|p2b: Ursaluna\n|-supereffective|p2b: Ursaluna\n|-damage|p2b: Ursaluna|50\/100\n|-unboost|p2b: Ursaluna|spe|1\n|-enditem|p2b: Ursaluna|Weakness Policy\n|-boost|p2b: Ursaluna|atk|2|[from] item: Weakness Policy\n|-boost|p2b: Ursaluna|spa|2|[from] item: Weakness Policy\n|move|p1a: Ursaluna|Facade|p2b: Ursaluna\n|-damage|p2b: Ursaluna|0 fnt\n|faint|p2b: Ursaluna\n|\n|win|DingusMcRingus\n|raw|DingusMcRingus's rating: 1499 &rarr; <strong>1525<\/strong><br \/>(+26 for winning)\n|raw|gen8reallysucks's rating: 1607 &rarr; <strong>1581<\/strong><br \/>(-26 for losing)\n|l|\u203dgen8reallysucks\n","uploadtime":1700187771,"views":18,"p1id":"dingusmcringus","p2id":"gen8reallysucks","formatid":"gen9vgc2023regulatione","rating":1525,"private":0,"password":""}