{"id":"gen9vgc2023regulatione-1990150704","p1":"AXELLARAMENA","p2":"gan112","format":"[Gen 9] VGC 2023 Regulation E","log":"|j|\u2606AXELLARAMENA\n|j|\u2606gan112\n|t:|1699930115\n|gametype|doubles\n|player|p1|AXELLARAMENA|1|1049\n|player|p2|gan112|169|1142\n|teamsize|p1|6\n|teamsize|p2|6\n|gen|9\n|tier|[Gen 9] VGC 2023 Regulation E\n|rated|\n|rule|Species Clause: Limit one of each Pok\u00e9mon\n|rule|Item Clause: Limit one of each item\n|clearpoke\n|poke|p1|Golduck, L50, M|\n|poke|p1|Torterra, L50, F|\n|poke|p1|Sinistcha, L50|\n|poke|p1|Slowking, L50, F|\n|poke|p1|Kommo-o, L50, F|\n|poke|p1|Dragonite, L50, F|\n|poke|p2|Urshifu-*, L50, F|\n|poke|p2|Tauros-Paldea-Blaze, L50, M|\n|poke|p2|Farigiraf, L50, F|\n|poke|p2|Milotic, L50, M|\n|poke|p2|Wyrdeer, L50, F|\n|poke|p2|Ogerpon-Wellspring, L50, F|\n|teampreview|4\n|\n|t:|1699930151\n|start\n|switch|p1a: Golduck|Golduck, L50, M|100\/100\n|switch|p1b: Dragonite|Dragonite, L50, F|100\/100\n|switch|p2a: Farigiraf|Farigiraf, L50, F|100\/100\n|switch|p2b: Tauros|Tauros-Paldea-Blaze, L50, M|100\/100\n|-ability|p2b: Tauros|Intimidate|boost\n|-unboost|p1a: Golduck|atk|1\n|-unboost|p1b: Dragonite|atk|1\n|turn|1\n|\n|t:|1699930178\n|switch|p2b: Wyrdeer|Wyrdeer, L50, F|100\/100\n|-ability|p2b: Wyrdeer|Intimidate|boost\n|-unboost|p1a: Golduck|atk|1\n|-unboost|p1b: Dragonite|atk|1\n|-terastallize|p2a: Farigiraf|Fairy\n|move|p1b: Dragonite|Dragon Dance|p1b: Dragonite\n|-boost|p1b: Dragonite|atk|1\n|-boost|p1b: Dragonite|spe|1\n|move|p1a: Golduck|Simple Beam|p1b: Dragonite\n|-endability|p1b: Dragonite|Multiscale|[from] move: Simple Beam\n|-ability|p1b: Dragonite|Simple|[from] move: Simple Beam\n|move|p2a: Farigiraf|Dazzling Gleam|p1a: Golduck|[spread] p1a,p1b\n|-supereffective|p1b: Dragonite\n|-damage|p1a: Golduck|81\/100\n|-damage|p1b: Dragonite|63\/100\n|-enditem|p1b: Dragonite|Weakness Policy\n|-boost|p1b: Dragonite|atk|4|[from] item: Weakness Policy\n|-boost|p1b: Dragonite|spa|4|[from] item: Weakness Policy\n|\n|upkeep\n|turn|2\n|\n|t:|1699930209\n|switch|p1a: Sinistcha|Sinistcha, L50, shiny|100\/100\n|-heal|p1b: Dragonite|88\/100|[from] ability: Hospitality|[of] p1a: Sinistcha\n|move|p1b: Dragonite|Dragon Dance|p1b: Dragonite\n|-boost|p1b: Dragonite|atk|2\n|-boost|p1b: Dragonite|spe|2\n|move|p2b: Wyrdeer|Skill Swap|p1b: Dragonite\n|-activate|p2b: Wyrdeer|move: Skill Swap|Simple|Intimidate|[of] p1b: Dragonite\n|-ability|p1b: Dragonite|Intimidate|boost\n|-unboost|p2a: Farigiraf|atk|1\n|-unboost|p2b: Wyrdeer|atk|2\n|move|p2a: Farigiraf|Dazzling Gleam|p1a: Sinistcha|[spread] p1a,p1b\n|-supereffective|p1b: Dragonite\n|-damage|p1a: Sinistcha|78\/100\n|-damage|p1b: Dragonite|47\/100\n|\n|upkeep\n|turn|3\n|\n|t:|1699930239\n|move|p1b: Dragonite|Ice Punch|p2a: Farigiraf\n|-damage|p2a: Farigiraf|35\/100\n|-enditem|p2a: Farigiraf|Sitrus Berry|[eat]\n|-heal|p2a: Farigiraf|59\/100|[from] item: Sitrus Berry\n|move|p1a: Sinistcha|Life Dew|p1a: Sinistcha|[spread] p1a,p1b\n|-heal|p1a: Sinistcha|100\/100\n|-heal|p1b: Dragonite|72\/100\n|move|p2a: Farigiraf|Dazzling Gleam|p1a: Sinistcha|[spread] p1a,p1b\n|-supereffective|p1b: Dragonite\n|-damage|p1a: Sinistcha|80\/100\n|-damage|p1b: Dragonite|31\/100\n|move|p2b: Wyrdeer|Trick Room|p2b: Wyrdeer\n|-fieldstart|move: Trick Room|[of] p2b: Wyrdeer\n|\n|upkeep\n|turn|4\n|\n|t:|1699930262\n|-terastallize|p1b: Dragonite|Normal\n|move|p2a: Farigiraf|Dazzling Gleam|p1a: Sinistcha|[spread] p1a,p1b\n|-damage|p1a: Sinistcha|59\/100\n|-damage|p1b: Dragonite|13\/100\n|move|p2b: Wyrdeer|Skill Swap|p1a: Sinistcha\n|-activate|p2b: Wyrdeer|move: Skill Swap|Hospitality|Simple|[of] p1a: Sinistcha\n|-heal|p2a: Farigiraf|84\/100|[from] ability: Hospitality|[of] p2b: Wyrdeer\n|move|p1a: Sinistcha|Life Dew|p1a: Sinistcha|[spread] p1a,p1b\n|-heal|p1a: Sinistcha|84\/100\n|-heal|p1b: Dragonite|38\/100\n|move|p1b: Dragonite|Ice Punch|p2a: Farigiraf\n|-damage|p2a: Farigiraf|23\/100\n|\n|upkeep\n|turn|5\n|\n|t:|1699930288\n|move|p2a: Farigiraf|Psychic|p1b: Dragonite\n|-damage|p1b: Dragonite|10\/100\n|move|p2b: Wyrdeer|Tera Blast|p1b: Dragonite\n|-damage|p1b: Dragonite|0 fnt\n|faint|p1b: Dragonite\n|move|p1a: Sinistcha|Life Dew|p1a: Sinistcha\n|-heal|p1a: Sinistcha|100\/100\n|\n|upkeep\n|\n|t:|1699930300\n|switch|p1b: Golduck|Golduck, L50, M|81\/100\n|turn|6\n|\n|t:|1699930320\n|switch|p1a: Torterra|Torterra, L50, F|100\/100\n|move|p2a: Farigiraf|Psychic|p1b: Golduck\n|-damage|p1b: Golduck|50\/100\n|move|p2b: Wyrdeer|Tera Blast|p1b: Golduck\n|-damage|p1b: Golduck|22\/100\n|move|p1b: Golduck|Simple Beam|p1a: Torterra\n|-endability|p1a: Torterra|Shell Armor|[from] move: Simple Beam\n|-ability|p1a: Torterra|Simple|[from] move: Simple Beam\n|\n|upkeep\n|turn|7\n|\n|t:|1699930343\n|move|p1a: Torterra|Shell Smash|p1a: Torterra\n|-unboost|p1a: Torterra|def|2\n|-unboost|p1a: Torterra|spd|2\n|-boost|p1a: Torterra|atk|4\n|-boost|p1a: Torterra|spa|4\n|-boost|p1a: Torterra|spe|4\n|-enditem|p1a: Torterra|White Herb\n|-clearnegativeboost|p1a: Torterra|[silent]\n|move|p2a: Farigiraf|Psychic|p1b: Golduck\n|-damage|p1b: Golduck|0 fnt\n|faint|p1b: Golduck\n|move|p2b: Wyrdeer|Tera Blast|p1a: Torterra\n|-damage|p1a: Torterra|72\/100\n|\n|-fieldend|move: Trick Room\n|upkeep\n|\n|t:|1699930357\n|switch|p1b: Sinistcha|Sinistcha, L50, shiny|100\/100\n|-heal|p1a: Torterra|96\/100|[from] ability: Hospitality|[of] p1b: Sinistcha\n|turn|8\n|\n|t:|1699930367\n|switch|p2a: Ogerpon|Ogerpon-Wellspring, L50, F|100\/100\n|move|p1a: Torterra|Rock Slide|p2a: Ogerpon|[spread] p2a,p2b\n|-damage|p2a: Ogerpon|41\/100\n|-damage|p2b: Wyrdeer|56\/100\n|move|p1b: Sinistcha|Matcha Gotcha|p2b: Wyrdeer|[spread] p2a,p2b\n|-damage|p2a: Ogerpon|10\/100\n|-damage|p2b: Wyrdeer|34\/100\n|-status|p2a: Ogerpon|brn\n|cant|p2b: Wyrdeer|flinch\n|\n|-damage|p2a: Ogerpon|4\/100 brn|[from] brn\n|upkeep\n|turn|9\n|\n|t:|1699930386\n|move|p2a: Ogerpon|Follow Me|p2a: Ogerpon\n|-singleturn|p2a: Ogerpon|move: Follow Me\n|move|p1a: Torterra|Rock Slide|p2a: Ogerpon|[spread] p2a,p2b\n|-damage|p2a: Ogerpon|0 fnt\n|-damage|p2b: Wyrdeer|0 fnt\n|faint|p2a: Ogerpon\n|faint|p2b: Wyrdeer\n|move|p1b: Sinistcha|Matcha Gotcha|p2: Ogerpon|[notarget]\n|-fail|p1b: Sinistcha\n|\n|upkeep\n|\n|t:|1699930395\n|switch|p2a: Tauros|Tauros-Paldea-Blaze, L50, M|100\/100\n|switch|p2b: Farigiraf|Farigiraf, L50, F, tera:Fairy|23\/100\n|-ability|p2a: Tauros|Intimidate|boost\n|-unboost|p1a: Torterra|atk|2\n|-unboost|p1b: Sinistcha|atk|1\n|turn|10\n|\n|t:|1699930408\n|move|p2a: Tauros|Raging Bull|p1a: Torterra\n|-supereffective|p1a: Torterra\n|-damage|p1a: Torterra|26\/100\n|move|p1a: Torterra|Rock Slide|p2b: Farigiraf|[spread] p2a,p2b\n|-damage|p2a: Tauros|61\/100\n|-damage|p2b: Farigiraf|0 fnt\n|faint|p2b: Farigiraf\n|move|p1b: Sinistcha|Strength Sap|p2a: Tauros\n|-unboost|p2a: Tauros|atk|1\n|\n|upkeep\n|turn|11\n|\n|t:|1699930427\n|move|p1b: Sinistcha|Rage Powder|p1b: Sinistcha\n|-singleturn|p1b: Sinistcha|move: Rage Powder\n|move|p1a: Torterra|Rock Slide|p2a: Tauros\n|-damage|p2a: Tauros|7\/100\n|move|p2a: Tauros|Raging Bull|p1b: Sinistcha\n|-supereffective|p1b: Sinistcha\n|-damage|p1b: Sinistcha|52\/100\n|-damage|p2a: Tauros|0 fnt|[from] item: Rocky Helmet|[of] p1b: Sinistcha\n|faint|p2a: Tauros\n|\n|win|AXELLARAMENA\n|raw|AXELLARAMENA's rating: 1049 &rarr; <strong>1090<\/strong><br \/>(+41 for winning)\n|raw|gan112's rating: 1142 &rarr; <strong>1110<\/strong><br \/>(-32 for losing)\n|l|\u2606gan112\n","uploadtime":1699930440,"views":28,"p1id":"axellaramena","p2id":"gan112","formatid":"gen9vgc2023regulatione","rating":1090,"private":0,"password":""}