{"id":"gen9vgc2023regulatione-1989983586","p1":"Alloyedgaming","p2":"Jomina","format":"[Gen 9] VGC 2023 Regulation E","log":"|j|\u2606Alloyedgaming\n|j|\u2606Jomina\n|t:|1699912490\n|gametype|doubles\n|player|p1|Alloyedgaming|266|1056\n|player|p2|Jomina|preschoolerf|1032\n|teamsize|p1|4\n|teamsize|p2|6\n|gen|9\n|tier|[Gen 9] VGC 2023 Regulation E\n|rated|\n|rule|Species Clause: Limit one of each Pok\u00e9mon\n|rule|Item Clause: Limit one of each item\n|clearpoke\n|poke|p1|Golem-Alola, L50, M|\n|poke|p1|Rabsca, L50, F|\n|poke|p1|Iron Hands, L50|\n|poke|p1|Dondozo, L50, M|\n|poke|p2|Ogerpon-Wellspring, L50, F|\n|poke|p2|Iron Hands, L50|\n|poke|p2|Spectrier, L50|\n|poke|p2|Landorus-Therian, L50, M|\n|poke|p2|Kommo-o, L50, M|\n|poke|p2|Clefairy, L50, M|\n|teampreview|4\n|\n|t:|1699912507\n|start\n|switch|p1a: Rabsca|Rabsca, L50, F|100\/100\n|switch|p1b: Golem|Golem-Alola, L50, M|100\/100\n|switch|p2a: Landorus|Landorus-Therian, L50, M|100\/100\n|switch|p2b: Iron Hands|Iron Hands, L50|100\/100\n|-ability|p2a: Landorus|Intimidate|boost\n|-unboost|p1a: Rabsca|atk|1\n|-unboost|p1b: Golem|atk|1\n|turn|1\n|\n|t:|1699912523\n|switch|p1b: Dondozo|Dondozo, L50, M|100\/100\n|move|p1a: Rabsca|Protect|p1a: Rabsca\n|-singleturn|p1a: Rabsca|Protect\n|move|p2b: Iron Hands|Fake Out|p1a: Rabsca\n|-activate|p1a: Rabsca|move: Protect\n|move|p2a: Landorus|Stomping Tantrum|p1b: Dondozo\n|-damage|p1b: Dondozo|79\/100\n|\n|upkeep\n|turn|2\n|\n|t:|1699912537\n|switch|p2a: Clefairy|Clefairy, L50, M|100\/100\n|move|p2b: Iron Hands|Wild Charge|p1b: Dondozo\n|-supereffective|p1b: Dondozo\n|-damage|p1b: Dondozo|28\/100\n|-damage|p2b: Iron Hands|86\/100|[from] Recoil\n|move|p1b: Dondozo|Soak|p2a: Clefairy\n|-start|p2a: Clefairy|typechange|Water\n|move|p1a: Rabsca|Trick Room|p1a: Rabsca\n|-fieldstart|move: Trick Room|[of] p1a: Rabsca\n|\n|upkeep\n|turn|3\n|\n|t:|1699912563\n|switch|p1a: Golem|Golem-Alola, L50, M|100\/100\n|move|p1b: Dondozo|Protect|p1b: Dondozo\n|-singleturn|p1b: Dondozo|Protect\n|move|p2a: Clefairy|Encore|p1b: Dondozo\n|-activate|p1b: Dondozo|move: Protect\n|move|p2b: Iron Hands|Drain Punch|p1b: Dondozo\n|-activate|p1b: Dondozo|move: Protect\n|\n|upkeep\n|turn|4\n|\n|t:|1699912589\n|switch|p2a: Landorus|Landorus-Therian, L50, M|100\/100\n|-ability|p2a: Landorus|Intimidate|boost\n|-unboost|p1a: Golem|atk|1\n|-unboost|p1b: Dondozo|atk|1\n|move|p1b: Dondozo|Soak|p2a: Landorus\n|-start|p2a: Landorus|typechange|Water\n|move|p1a: Golem|Explosion|p2b: Iron Hands|[spread] p1b,p2a,p2b\n|-supereffective|p1b: Dondozo\n|-supereffective|p2a: Landorus\n|-crit|p2a: Landorus\n|-resisted|p2b: Iron Hands\n|-damage|p1b: Dondozo|0 fnt\n|-damage|p2a: Landorus|0 fnt\n|-damage|p2b: Iron Hands|60\/100\n|faint|p1a: Golem\n|faint|p1b: Dondozo\n|faint|p2a: Landorus\n|move|p2b: Iron Hands|Drain Punch|p1: Golem|[notarget]\n|-fail|p2b: Iron Hands\n|\n|upkeep\n|\n|t:|1699912607\n|switch|p1b: Rabsca|Rabsca, L50, F|100\/100\n|switch|p1a: Iron Hands|Iron Hands, L50|100\/100\n|switch|p2a: Spectrier|Spectrier, L50|100\/100\n|-enditem|p1a: Iron Hands|Booster Energy\n|-activate|p1a: Iron Hands|ability: Quark Drive|[fromitem]\n|-start|p1a: Iron Hands|quarkdriveatk\n|turn|5\n|\n|t:|1699912632\n|-end|p2b: Iron Hands|Quark Drive|[silent]\n|switch|p2b: Clefairy|Clefairy, L50, M|100\/100\n|move|p1a: Iron Hands|Fake Out|p2b: Clefairy\n|-damage|p2b: Clefairy|85\/100\n|move|p1b: Rabsca|Revival Blessing|p1b: Rabsca\n|-enditem|p1b: Rabsca|Leppa Berry|[eat]\n|-activate|p1b: Rabsca|item: Leppa Berry|Revival Blessing|[consumed]\n|\n|t:|1699912639\n|-heal|p1: Golem|50\/100|[from] move: Revival Blessing\n|move|p2a: Spectrier|Nasty Plot|p2a: Spectrier\n|-boost|p2a: Spectrier|spa|2\n|\n|upkeep\n|turn|6\n|l|\u2606Jomina\n|player|p2|\n|\n|t:|1699912666\n|-end|p1a: Iron Hands|Quark Drive|[silent]\n|switch|p1a: Golem|Golem-Alola, L50, M|50\/100\n|move|p2b: Clefairy|Encore||[still]\n|-fail|p2b: Clefairy\n|move|p1b: Rabsca|Bug Buzz|p2a: Spectrier\n|-resisted|p2a: Spectrier\n|-damage|p2a: Spectrier|86\/100\n|move|p2a: Spectrier|Shadow Ball|p1b: Rabsca\n|-supereffective|p1b: Rabsca\n|-damage|p1b: Rabsca|0 fnt\n|faint|p1b: Rabsca\n|-ability|p2a: Spectrier|Grim Neigh|boost\n|-boost|p2a: Spectrier|spa|1\n|\n|-heal|p2a: Spectrier|92\/100|[from] item: Leftovers\n|-fieldend|move: Trick Room\n|upkeep\n|\n|t:|1699912683\n|switch|p1b: Iron Hands|Iron Hands, L50|100\/100\n|turn|7\n|inactive|Battle timer is ON: inactive players will automatically lose when time's up. (requested by Alloyedgaming)\n|inactive|Jomina has 30 seconds to reconnect!\n|l|\u2606Alloyedgaming\n|inactive|Alloyedgaming disconnected and has a minute to reconnect!\n|player|p1|\n|j|\u2606Alloyedgaming\n|inactive|Alloyedgaming reconnected.\n|player|p1|Alloyedgaming|266\n|inactive|Jomina has 20 seconds to reconnect!\n|inactive|Jomina has 15 seconds to reconnect!\n|inactive|Jomina has 10 seconds to reconnect!\n|inactive|Jomina has 5 seconds to reconnect!\n|-message|Jomina lost due to inactivity.\n|\n|win|Alloyedgaming\n|raw|Alloyedgaming's rating: 1056 &rarr; <strong>1085<\/strong><br \/>(+29 for winning)\n|raw|Jomina's rating: 1032 &rarr; <strong>1018<\/strong><br \/>(-14 for losing)\n","uploadtime":1699912795,"views":25,"p1id":"alloyedgaming","p2id":"jomina","formatid":"gen9vgc2023regulatione","rating":1018,"private":0,"password":""}