{"id":"gen9vgc2023regulatione-1999162471","p1":"1 Time cp","p2":"IamDanO","format":"[Gen 9] VGC 2023 Regulation E","log":"|j|\u26061 Time cp\n|j|\u2606IamDanO\n|t:|1701040055\n|gametype|doubles\n|player|p1|1 Time cp|lucas|1368\n|player|p2|IamDanO|red|1304\n|teamsize|p1|6\n|teamsize|p2|6\n|gen|9\n|tier|[Gen 9] VGC 2023 Regulation E\n|rated|\n|rule|Species Clause: Limit one of each Pok\u00e9mon\n|rule|Item Clause: Limit one of each item\n|clearpoke\n|poke|p1|Dondozo, L50, F|\n|poke|p1|Tatsugiri, L50, F|\n|poke|p1|Dragonite, L50, F|\n|poke|p1|Chien-Pao, L50|\n|poke|p1|Ogerpon, L50, F|\n|poke|p1|Arcanine-Hisui, L50, M|\n|poke|p2|Dusclops, L50, M|\n|poke|p2|Ursaluna-Bloodmoon, L50, M|\n|poke|p2|Clawitzer, L50, M|\n|poke|p2|Sinistcha, L50|\n|poke|p2|Iron Hands, L50|\n|poke|p2|Landorus-Therian, L50, M|\n|teampreview|4\n|inactive|Battle timer is ON: inactive players will automatically lose when time's up. (requested by IamDanO)\n|inactive|1 Time cp has 60 seconds left.\n|inactive|IamDanO has 60 seconds left.\n|\n|t:|1701040098\n|start\n|switch|p1a: Arcanine|Arcanine-Hisui, L50, M, shiny|100\/100\n|switch|p1b: Dondozo|Dondozo, L50, F, shiny|100\/100\n|switch|p2a: Dusclops|Dusclops, L50, M, shiny|100\/100\n|switch|p2b: Iron Hands|Iron Hands, L50|100\/100\n|-ability|p1a: Arcanine|Intimidate|boost\n|-unboost|p2a: Dusclops|atk|1\n|-unboost|p2b: Iron Hands|atk|1\n|-item|p1a: Arcanine|Choice Scarf|[from] ability: Frisk|[of] p2a: Dusclops|[identify]\n|-item|p1b: Dondozo|Leftovers|[from] ability: Frisk|[of] p2a: Dusclops|[identify]\n|turn|1\n|\n|t:|1701040116\n|move|p1a: Arcanine|Rock Slide|p2a: Dusclops|[spread] p2a\n|-miss|p1a: Arcanine|p2b: Iron Hands\n|-damage|p2a: Dusclops|82\/100\n|move|p1b: Dondozo|Rock Slide|p2a: Dusclops|[spread] p2a,p2b\n|-resisted|p2b: Iron Hands\n|-damage|p2a: Dusclops|71\/100\n|-damage|p2b: Iron Hands|95\/100\n|move|p2b: Iron Hands|Belly Drum|p2b: Iron Hands\n|-damage|p2b: Iron Hands|45\/100\n|-setboost|p2b: Iron Hands|atk|6|[from] move: Belly Drum\n|-enditem|p2b: Iron Hands|Sitrus Berry|[eat]\n|-heal|p2b: Iron Hands|70\/100|[from] item: Sitrus Berry\n|cant|p2a: Dusclops|flinch\n|\n|upkeep\n|turn|2\n|inactive|IamDanO has 30 seconds left.\n|\n|t:|1701040143\n|switch|p1a: Tatsugiri|Tatsugiri, L50, F|100\/100\n|-activate|p1a: Tatsugiri|ability: Commander|[of] p1b: Dondozo\n|-boost|p1b: Dondozo|atk|2\n|-boost|p1b: Dondozo|spa|2\n|-boost|p1b: Dondozo|spe|2\n|-boost|p1b: Dondozo|def|2\n|-boost|p1b: Dondozo|spd|2\n|-terastallize|p1b: Dondozo|Dragon\n|move|p1b: Dondozo|Earthquake|p2a: Dusclops|[spread] p2a,p2b\n|-miss|p1b: Dondozo|p1a: Tatsugiri\n|-supereffective|p2b: Iron Hands\n|-damage|p2a: Dusclops|41\/100\n|-damage|p2b: Iron Hands|12\/100\n|move|p2b: Iron Hands|Thunder Punch|p1b: Dondozo\n|-resisted|p1b: Dondozo\n|-damage|p1b: Dondozo|94\/100\n|move|p2a: Dusclops|Trick Room|p2a: Dusclops\n|-fieldstart|move: Trick Room|[of] p2a: Dusclops\n|\n|-heal|p1b: Dondozo|99\/100|[from] item: Leftovers\n|upkeep\n|turn|3\n|inactive|IamDanO has 30 seconds left.\n|\n|t:|1701040171\n|move|p2b: Iron Hands|Detect|p2b: Iron Hands\n|-singleturn|p2b: Iron Hands|Protect\n|move|p2a: Dusclops|Will-O-Wisp|p1b: Dondozo\n|-status|p1b: Dondozo|brn\n|move|p1b: Dondozo|Earthquake|p2b: Iron Hands|[spread] p2a\n|-miss|p1b: Dondozo|p1a: Tatsugiri\n|-activate|p2b: Iron Hands|move: Protect\n|-damage|p2a: Dusclops|25\/100\n|\n|-heal|p1b: Dondozo|100\/100 brn|[from] item: Leftovers\n|-damage|p1b: Dondozo|95\/100 brn|[from] brn\n|upkeep\n|turn|4\n|\n|t:|1701040184\n|move|p2a: Dusclops|Pain Split|p1b: Dondozo\n|-sethp|p1b: Dondozo|54\/100 brn|[from] move: Pain Split|[silent]\n|-sethp|p2a: Dusclops|99\/100|[from] move: Pain Split\n|move|p2b: Iron Hands|Drain Punch|p1b: Dondozo\n|-damage|p1b: Dondozo|41\/100 brn\n|-heal|p2b: Iron Hands|18\/100|[from] drain|[of] p1b: Dondozo\n|move|p1b: Dondozo|Order Up|p2b: Iron Hands\n|-damage|p2b: Iron Hands|0 fnt\n|faint|p2b: Iron Hands\n|-end|p2b: Iron Hands|Quark Drive|[silent]\n|-boost|p1b: Dondozo|atk|1\n|\n|-heal|p1b: Dondozo|47\/100 brn|[from] item: Leftovers\n|-damage|p1b: Dondozo|41\/100 brn|[from] brn\n|upkeep\n|\n|t:|1701040201\n|switch|p2b: Sinistcha|Sinistcha, L50|100\/100\n|-heal|p2a: Dusclops|100\/100|[from] ability: Hospitality|[of] p2b: Sinistcha\n|turn|5\n|\n|t:|1701040211\n|move|p1b: Dondozo|Protect|p1b: Dondozo\n|-singleturn|p1b: Dondozo|Protect\n|move|p2a: Dusclops|Brick Break|p1b: Dondozo\n|-activate|p1b: Dondozo|move: Protect\n|move|p2b: Sinistcha|Calm Mind|p2b: Sinistcha\n|-boost|p2b: Sinistcha|spa|1\n|-boost|p2b: Sinistcha|spd|1\n|\n|-heal|p1b: Dondozo|47\/100 brn|[from] item: Leftovers\n|-damage|p1b: Dondozo|41\/100 brn|[from] brn\n|upkeep\n|turn|6\n|\n|t:|1701040229\n|move|p2a: Dusclops|Brick Break|p1b: Dondozo\n|-damage|p1b: Dondozo|37\/100 brn\n|move|p2b: Sinistcha|Matcha Gotcha|p1a: Tatsugiri|[spread] p1b\n|-miss|p2b: Sinistcha|p1a: Tatsugiri\n|-resisted|p1b: Dondozo\n|-damage|p1b: Dondozo|30\/100 brn\n|move|p1b: Dondozo|Order Up|p2b: Sinistcha\n|-damage|p2b: Sinistcha|56\/100\n|-boost|p1b: Dondozo|atk|1\n|\n|-heal|p1b: Dondozo|36\/100 brn|[from] item: Leftovers\n|-damage|p1b: Dondozo|30\/100 brn|[from] brn\n|-fieldend|move: Trick Room\n|upkeep\n|turn|7\n|\n|t:|1701040251\n|move|p1b: Dondozo|Order Up|p2b: Sinistcha\n|-damage|p2b: Sinistcha|6\/100\n|-enditem|p2b: Sinistcha|Aguav Berry|[eat]\n|-heal|p2b: Sinistcha|39\/100|[from] item: Aguav Berry\n|-boost|p1b: Dondozo|atk|1\n|move|p2b: Sinistcha|Calm Mind|p2b: Sinistcha\n|-boost|p2b: Sinistcha|spa|1\n|-boost|p2b: Sinistcha|spd|1\n|move|p2a: Dusclops|Trick Room|p2a: Dusclops\n|-fieldstart|move: Trick Room|[of] p2a: Dusclops\n|\n|-heal|p1b: Dondozo|36\/100 brn|[from] item: Leftovers\n|-damage|p1b: Dondozo|30\/100 brn|[from] brn\n|upkeep\n|turn|8\n|\n|t:|1701040271\n|move|p2a: Dusclops|Brick Break|p1b: Dondozo\n|-damage|p1b: Dondozo|26\/100 brn\n|move|p2b: Sinistcha|Shadow Ball|p1b: Dondozo\n|-damage|p1b: Dondozo|6\/100 brn\n|move|p1b: Dondozo|Order Up|p2b: Sinistcha\n|-damage|p2b: Sinistcha|0 fnt\n|faint|p2b: Sinistcha\n|-boost|p1b: Dondozo|atk|1\n|\n|-heal|p1b: Dondozo|11\/100 brn|[from] item: Leftovers\n|-damage|p1b: Dondozo|6\/100 brn|[from] brn\n|upkeep\n|c|\u26061 Time cp|?\n|\n|t:|1701040279\n|switch|p2b: Clawitzer|Clawitzer, L50, M, shiny|100\/100\n|turn|9\n|\n|t:|1701040289\n|move|p2b: Clawitzer|Protect|p2b: Clawitzer\n|-singleturn|p2b: Clawitzer|Protect\n|move|p1b: Dondozo|Protect|p1b: Dondozo\n|-singleturn|p1b: Dondozo|Protect\n|move|p2a: Dusclops|Brick Break|p1b: Dondozo\n|-activate|p1b: Dondozo|move: Protect\n|\n|-heal|p1b: Dondozo|11\/100 brn|[from] item: Leftovers\n|-damage|p1b: Dondozo|6\/100 brn|[from] brn\n|upkeep\n|turn|10\n|inactive|IamDanO has 30 seconds left.\n|\n|t:|1701040320\n|move|p2a: Dusclops|Brick Break|p1b: Dondozo\n|-damage|p1b: Dondozo|2\/100 brn\n|move|p2b: Clawitzer|Dragon Pulse|p1b: Dondozo\n|-supereffective|p1b: Dondozo\n|-crit|p1b: Dondozo\n|-damage|p1b: Dondozo|0 fnt\n|faint|p1b: Dondozo\n|-damage|p2b: Clawitzer|91\/100|[from] item: Life Orb\n|\n|upkeep\n|\n|t:|1701040331\n|switch|p1b: Chien-Pao|Chien-Pao, L50|100\/100\n|-ability|p1b: Chien-Pao|Sword of Ruin\n|turn|11\n|\n|t:|1701040343\n|switch|p1a: Arcanine|Arcanine-Hisui, L50, M, shiny|100\/100\n|-ability|p1a: Arcanine|Intimidate|boost\n|-unboost|p2a: Dusclops|atk|1\n|-unboost|p2b: Clawitzer|atk|1\n|move|p1b: Chien-Pao|Protect|p1b: Chien-Pao\n|-singleturn|p1b: Chien-Pao|Protect\n|move|p2a: Dusclops|Will-O-Wisp|p1b: Chien-Pao\n|-activate|p1b: Chien-Pao|move: Protect\n|move|p2b: Clawitzer|Dragon Pulse|p1a: Arcanine\n|-damage|p1a: Arcanine|31\/100\n|-damage|p2b: Clawitzer|81\/100|[from] item: Life Orb\n|\n|-fieldend|move: Trick Room\n|upkeep\n|turn|12\n|\n|t:|1701040362\n|move|p2b: Clawitzer|Protect|p2b: Clawitzer\n|-singleturn|p2b: Clawitzer|Protect\n|move|p1a: Arcanine|Flare Blitz|p2a: Dusclops\n|-damage|p2a: Dusclops|48\/100\n|-damage|p1a: Arcanine|18\/100|[from] Recoil\n|move|p1b: Chien-Pao|Throat Chop|p2a: Dusclops\n|-supereffective|p2a: Dusclops\n|-damage|p2a: Dusclops|0 fnt\n|faint|p2a: Dusclops\n|\n|upkeep\n|turn|13\n|c|\u26061 Time cp|?\n|\n|t:|1701040379\n|-terastallize|p2b: Clawitzer|Dragon\n|move|p1a: Arcanine|Flare Blitz|p2b: Clawitzer\n|-resisted|p2b: Clawitzer\n|-damage|p2b: Clawitzer|40\/100\n|-damage|p1a: Arcanine|5\/100|[from] Recoil\n|move|p1b: Chien-Pao|Throat Chop|p2b: Clawitzer\n|-damage|p2b: Clawitzer|0 fnt\n|faint|p2b: Clawitzer\n|\n|win|1 Time cp\n|raw|1 Time cp's rating: 1368 &rarr; <strong>1384<\/strong><br \/>(+16 for winning)\n|raw|IamDanO's rating: 1304 &rarr; <strong>1288<\/strong><br \/>(-16 for losing)\n|l|\u2606IamDanO\n","uploadtime":1701040408,"views":33,"p1id":"1timecp","p2id":"iamdano","formatid":"gen9vgc2023regulatione","rating":1288,"private":0,"password":""}