{"id":"gen9vgc2023regulatione-1999701727","p1":"Samglizzyslapper","p2":"whyismynamejeff","format":"[Gen 9] VGC 2023 Regulation E","log":"|j|\u2606Samglizzyslapper\n|j|\u2606whyismynamejeff\n|t:|1701109118\n|gametype|doubles\n|player|p1|Samglizzyslapper|infielder|1128\n|player|p2|whyismynamejeff|colress|1109\n|teamsize|p1|6\n|teamsize|p2|6\n|gen|9\n|tier|[Gen 9] VGC 2023 Regulation E\n|rated|\n|rule|Species Clause: Limit one of each Pok\u00e9mon\n|rule|Item Clause: Limit one of each item\n|clearpoke\n|poke|p1|Arcanine-Hisui, L50, M|\n|poke|p1|Flutter Mane, L50|\n|poke|p1|Ogerpon-Wellspring, L50, F|\n|poke|p1|Okidogi, L50, M|\n|poke|p1|Mamoswine, L50, M|\n|poke|p1|Iron Jugulis, L50|\n|poke|p2|Iron Hands, L50|\n|poke|p2|Landorus-Therian, L50, M|\n|poke|p2|Sinistcha, L50|\n|poke|p2|Grimmsnarl, L50, M|\n|poke|p2|Goodra-Hisui, L50, M|\n|poke|p2|Toxapex, L50, M|\n|teampreview|4\n|inactive|Battle timer is ON: inactive players will automatically lose when time's up. (requested by Samglizzyslapper)\n|inactive|whyismynamejeff has 60 seconds left.\n|\n|t:|1701109172\n|start\n|switch|p1a: Ogerpon|Ogerpon-Wellspring, L50, F|100\/100\n|switch|p1b: Okidogi|Okidogi, L50, M|100\/100\n|switch|p2a: Grimmsnarl|Grimmsnarl, L50, M|100\/100\n|switch|p2b: Toxapex|Toxapex, L50, M|100\/100\n|turn|1\n|\n|t:|1701109192\n|move|p2b: Toxapex|Baneful Bunker|p2b: Toxapex\n|-singleturn|p2b: Toxapex|move: Protect\n|move|p2a: Grimmsnarl|Parting Shot|p1a: Ogerpon\n|-unboost|p1a: Ogerpon|atk|1\n|-unboost|p1a: Ogerpon|spa|1\n|\n|t:|1701109199\n|switch|p2a: Landorus|Landorus-Therian, L50, M|100\/100|[from] Parting Shot\n|-ability|p2a: Landorus|Intimidate|boost\n|-unboost|p1a: Ogerpon|atk|1\n|-ability|p1b: Okidogi|Guard Dog|boost\n|-boost|p1b: Okidogi|atk|1\n|move|p1a: Ogerpon|Swords Dance|p1a: Ogerpon\n|-boost|p1a: Ogerpon|atk|2\n|move|p1b: Okidogi|Bulk Up|p1b: Okidogi\n|-boost|p1b: Okidogi|atk|1\n|-boost|p1b: Okidogi|def|1\n|\n|upkeep\n|turn|2\n|\n|t:|1701109221\n|move|p1b: Okidogi|Protect|p1b: Okidogi\n|-singleturn|p1b: Okidogi|Protect\n|move|p2a: Landorus|U-turn|p1b: Okidogi\n|-activate|p1b: Okidogi|move: Protect\n|move|p1a: Ogerpon|Ivy Cudgel|p2a: Landorus|[anim] Ivy Cudgel Water\n|-supereffective|p2a: Landorus\n|-damage|p2a: Landorus|0 fnt\n|faint|p2a: Landorus\n|move|p2b: Toxapex|Infestation|p1a: Ogerpon\n|-supereffective|p1a: Ogerpon\n|-damage|p1a: Ogerpon|94\/100\n|-activate|p1a: Ogerpon|move: Infestation|[of] p2b: Toxapex\n|\n|-damage|p1a: Ogerpon|78\/100|[from] move: Infestation|[partiallytrapped]\n|upkeep\n|\n|t:|1701109236\n|switch|p2a: Goodra|Goodra-Hisui, L50, M|100\/100\n|turn|3\n|\n|t:|1701109244\n|move|p2b: Toxapex|Baneful Bunker|p2b: Toxapex\n|-singleturn|p2b: Toxapex|move: Protect\n|move|p1a: Ogerpon|Swords Dance|p1a: Ogerpon\n|-boost|p1a: Ogerpon|atk|2\n|move|p1b: Okidogi|Drain Punch|p2a: Goodra\n|-supereffective|p2a: Goodra\n|-damage|p2a: Goodra|11\/100\n|move|p2a: Goodra|Shelter|p2a: Goodra\n|-boost|p2a: Goodra|def|2\n|\n|-heal|p2a: Goodra|17\/100|[from] item: Leftovers\n|-damage|p1a: Ogerpon|61\/100|[from] move: Infestation|[partiallytrapped]\n|upkeep\n|turn|4\n|\n|t:|1701109263\n|move|p1a: Ogerpon|Horn Leech|p2b: Toxapex\n|-damage|p2b: Toxapex|41\/100\n|-heal|p1a: Ogerpon|86\/100|[from] drain|[of] p2b: Toxapex\n|move|p1b: Okidogi|Drain Punch|p2a: Goodra\n|-supereffective|p2a: Goodra\n|-damage|p2a: Goodra|0 fnt\n|faint|p2a: Goodra\n|move|p2b: Toxapex|Infestation|p1b: Okidogi\n|-resisted|p1b: Okidogi\n|-damage|p1b: Okidogi|99\/100\n|-activate|p1b: Okidogi|move: Infestation|[of] p2b: Toxapex\n|\n|-heal|p1b: Okidogi|100\/100|[from] item: Leftovers\n|-damage|p1a: Ogerpon|69\/100|[from] move: Infestation|[partiallytrapped]\n|-damage|p1b: Okidogi|84\/100|[from] move: Infestation|[partiallytrapped]\n|upkeep\n|\n|t:|1701109271\n|switch|p2a: Grimmsnarl|Grimmsnarl, L50, M|100\/100\n|turn|5\n|\n|t:|1701109288\n|move|p2b: Toxapex|Baneful Bunker|p2b: Toxapex\n|-singleturn|p2b: Toxapex|move: Protect\n|move|p2a: Grimmsnarl|Parting Shot|p1a: Ogerpon\n|-unboost|p1a: Ogerpon|atk|1\n|-unboost|p1a: Ogerpon|spa|1\n|move|p1a: Ogerpon|Horn Leech|p2b: Toxapex\n|-activate|p2b: Toxapex|move: Protect\n|-status|p1a: Ogerpon|psn\n|move|p1b: Okidogi|Poison Jab|p2a: Grimmsnarl\n|-supereffective|p2a: Grimmsnarl\n|-damage|p2a: Grimmsnarl|0 fnt\n|faint|p2a: Grimmsnarl\n|\n|-heal|p1b: Okidogi|90\/100|[from] item: Leftovers\n|-damage|p1a: Ogerpon|57\/100 psn|[from] psn\n|-damage|p1a: Ogerpon|41\/100 psn|[from] move: Infestation|[partiallytrapped]\n|-damage|p1b: Okidogi|73\/100|[from] move: Infestation|[partiallytrapped]\n|upkeep\n|turn|6\n|\n|t:|1701109313\n|-terastallize|p2b: Toxapex|Dragon\n|move|p1a: Ogerpon|Horn Leech|p2b: Toxapex\n|-resisted|p2b: Toxapex\n|-damage|p2b: Toxapex|19\/100\n|-heal|p1a: Ogerpon|50\/100 psn|[from] drain|[of] p2b: Toxapex\n|move|p1b: Okidogi|Drain Punch|p2b: Toxapex\n|-damage|p2b: Toxapex|0 fnt\n|-heal|p1b: Okidogi|82\/100|[from] drain|[of] p2b: Toxapex\n|faint|p2b: Toxapex\n|\n|win|Samglizzyslapper\n|raw|Samglizzyslapper's rating: 1128 &rarr; <strong>1152<\/strong><br \/>(+24 for winning)\n|raw|whyismynamejeff's rating: 1109 &rarr; <strong>1085<\/strong><br \/>(-24 for losing)\n|l|\u2606Samglizzyslapper\n","uploadtime":1701109327,"views":2,"p1id":"samglizzyslapper","p2id":"whyismynamejeff","formatid":"gen9vgc2023regulatione","rating":1085,"private":0,"password":""}