{"id":"gen9vgc2023regulatione-2000647817","p1":"r41g3n","p2":"Espara","format":"[Gen 9] VGC 2023 Regulation E","log":"|j|\u2606r41g3n\n|j|\u2606Espara\n|t:|1701214296\n|gametype|doubles\n|player|p1|r41g3n|266|1041\n|player|p2|Espara|lady|1070\n|teamsize|p1|6\n|teamsize|p2|6\n|gen|9\n|tier|[Gen 9] VGC 2023 Regulation E\n|rated|\n|rule|Species Clause: Limit one of each Pok\u00e9mon\n|rule|Item Clause: Limit one of each item\n|clearpoke\n|poke|p1|Rotom-Wash, L50|\n|poke|p1|Fezandipiti, L50, M|\n|poke|p1|Heatran, L50, M|\n|poke|p1|Dragonite, L50, F|\n|poke|p1|Flutter Mane, L50|\n|poke|p1|Urshifu-*, L50, M|\n|poke|p2|Froslass, L50, F|\n|poke|p2|Bombirdier, L50, F|\n|poke|p2|Florges, L50, F|\n|poke|p2|Arcanine-Hisui, L50, M|\n|poke|p2|Sawsbuck-Winter, L50, F|\n|poke|p2|Dragalge, L50, M|\n|teampreview|4\n|\n|t:|1701214324\n|start\n|switch|p1a: Dragonite|Dragonite, L50, F|100\/100\n|switch|p1b: Rotom|Rotom-Wash, L50|100\/100\n|switch|p2a: Florges|Florges, L50, F, shiny|100\/100\n|switch|p2b: Bombirdier|Bombirdier, L50, F, shiny|100\/100\n|turn|1\n|\n|t:|1701214346\n|move|p2b: Bombirdier|Tailwind|p2b: Bombirdier\n|-sidestart|p2: Espara|move: Tailwind\n|move|p2a: Florges|Safeguard|p2a: Florges\n|-sidestart|p2: Espara|Safeguard\n|move|p1b: Rotom|Volt Switch|p2b: Bombirdier\n|-supereffective|p2b: Bombirdier\n|-damage|p2b: Bombirdier|0 fnt\n|faint|p2b: Bombirdier\n|\n|t:|1701214357\n|switch|p1b: Heatran|Heatran, L50, M|100\/100|[from] Volt Switch\n|move|p1a: Dragonite|Tailwind|p1a: Dragonite\n|-sidestart|p1: r41g3n|move: Tailwind\n|\n|upkeep\n|\n|t:|1701214362\n|switch|p2b: Sawsbuck|Sawsbuck-Winter, L50, F, shiny|100\/100\n|turn|2\n|\n|t:|1701214373\n|-terastallize|p2b: Sawsbuck|Ground\n|move|p2b: Sawsbuck|Tera Blast|p1b: Heatran|[anim] Tera Blast Ground\n|-supereffective|p1b: Heatran\n|-damage|p1b: Heatran|0 fnt\n|faint|p1b: Heatran\n|move|p2a: Florges|Pollen Puff|p1a: Dragonite\n|-resisted|p1a: Dragonite\n|-damage|p1a: Dragonite|96\/100\n|move|p1a: Dragonite|Icy Wind|p2b: Sawsbuck|[spread] p2a,p2b\n|-supereffective|p2b: Sawsbuck\n|-damage|p2a: Florges|95\/100\n|-damage|p2b: Sawsbuck|70\/100\n|-unboost|p2a: Florges|spe|1\n|\n|-heal|p1a: Dragonite|100\/100|[from] item: Leftovers\n|upkeep\n|\n|t:|1701214393\n|switch|p1b: Rotom|Rotom-Wash, L50|100\/100\n|turn|3\n|\n|t:|1701214409\n|move|p2b: Sawsbuck|Body Slam|p1a: Dragonite\n|-damage|p1a: Dragonite|81\/100\n|-status|p1a: Dragonite|par\n|move|p1b: Rotom|Hydro Pump|p2b: Sawsbuck\n|-supereffective|p2b: Sawsbuck\n|-damage|p2b: Sawsbuck|0 fnt\n|faint|p2b: Sawsbuck\n|move|p2a: Florges|Moonblast|p1a: Dragonite\n|-supereffective|p1a: Dragonite\n|-damage|p1a: Dragonite|11\/100 par\n|move|p1a: Dragonite|Light Screen|p1a: Dragonite\n|-sidestart|p1: r41g3n|move: Light Screen\n|\n|-heal|p1a: Dragonite|17\/100 par|[from] item: Leftovers\n|upkeep\n|\n|t:|1701214422\n|switch|p2b: Dragalge|Dragalge, L50, M, shiny|100\/100\n|turn|4\n|\n|t:|1701214446\n|move|p1a: Dragonite|Extreme Speed|p2b: Dragalge\n|-damage|p2b: Dragalge|69\/100\n|move|p1b: Rotom|Thunder|p2a: Florges|[miss]\n|-miss|p1b: Rotom|p2a: Florges\n|move|p2a: Florges|Moonblast|p1a: Dragonite\n|-supereffective|p1a: Dragonite\n|-damage|p1a: Dragonite|0 fnt\n|faint|p1a: Dragonite\n|move|p2b: Dragalge|Sludge Bomb|p1b: Rotom\n|-damage|p1b: Rotom|61\/100\n|\n|-sideend|p1: r41g3n|move: Tailwind\n|-sideend|p2: Espara|move: Tailwind\n|upkeep\n|\n|t:|1701214456\n|switch|p1a: Urshifu|Urshifu, L50, M|100\/100\n|turn|5\n|\n|t:|1701214473\n|move|p1a: Urshifu|Swords Dance|p1a: Urshifu\n|-boost|p1a: Urshifu|atk|2\n|move|p1b: Rotom|Thunder|p2a: Florges\n|-damage|p2a: Florges|64\/100\n|move|p2b: Dragalge|Sludge Bomb|p1a: Urshifu\n|-damage|p1a: Urshifu|48\/100\n|move|p2a: Florges|Moonblast|p1a: Urshifu\n|-supereffective|p1a: Urshifu\n|-damage|p1a: Urshifu|0 fnt\n|faint|p1a: Urshifu\n|\n|-sideend|p2: Espara|Safeguard\n|upkeep\n|turn|6\n|\n|t:|1701214497\n|move|p1b: Rotom|Hydro Pump|p2a: Florges\n|-damage|p2a: Florges|33\/100\n|-enditem|p2a: Florges|Sitrus Berry|[eat]\n|-heal|p2a: Florges|58\/100|[from] item: Sitrus Berry\n|move|p2a: Florges|Moonblast|p1b: Rotom\n|-damage|p1b: Rotom|31\/100\n|-unboost|p1b: Rotom|spa|1\n|move|p2b: Dragalge|Sludge Bomb|p1b: Rotom\n|-damage|p1b: Rotom|0 fnt\n|faint|p1b: Rotom\n|\n|win|Espara\n|raw|r41g3n's rating: 1041 &rarr; <strong>1026<\/strong><br \/>(-15 for losing)\n|raw|Espara's rating: 1070 &rarr; <strong>1097<\/strong><br \/>(+27 for winning)\n|l|\u2606r41g3n\n","uploadtime":1701214510,"views":1,"p1id":"r41g3n","p2id":"espara","formatid":"gen9vgc2023regulatione","rating":1026,"private":0,"password":""}