{"id":"gen9vgc2023regulatione-1999351604","p1":"newusernovice","p2":"slimejrlegit","format":"[Gen 9] VGC 2023 Regulation E","log":"|j|\u2606newusernovice\n|j|\u2606slimejrlegit\n|t:|1701065000\n|gametype|doubles\n|player|p1|newusernovice|brawly|1503\n|player|p2|slimejrlegit|169|1415\n|teamsize|p1|6\n|teamsize|p2|6\n|gen|9\n|tier|[Gen 9] VGC 2023 Regulation E\n|rated|\n|rule|Species Clause: Limit one of each Pok\u00e9mon\n|rule|Item Clause: Limit one of each item\n|clearpoke\n|poke|p1|Rillaboom, L50, M|\n|poke|p1|Tornadus, L50, M|\n|poke|p1|Arcanine-Hisui, L50, M|\n|poke|p1|Urshifu-*, L50, M|\n|poke|p1|Gholdengo, L50|\n|poke|p1|Flutter Mane, L50|\n|poke|p2|Armarouge, L50, F|\n|poke|p2|Milotic, L50, F|\n|poke|p2|Regieleki, L50|\n|poke|p2|Enamorus, L50, F|\n|poke|p2|Sneasler, L50, M|\n|poke|p2|Indeedee-F, L50, F|\n|teampreview|4\n|inactive|Battle timer is ON: inactive players will automatically lose when time's up. (requested by newusernovice)\n|inactive|newusernovice has 60 seconds left.\n|j| newbucket\n|\n|t:|1701065055\n|start\n|switch|p1a: Tornadus|Tornadus, L50, M, shiny|100\/100\n|switch|p1b: Arcanine|Arcanine-Hisui, L50, M|100\/100\n|switch|p2a: Milotic|Milotic, L50, F|100\/100\n|switch|p2b: Armarouge|Armarouge, L50, F|100\/100\n|-ability|p1b: Arcanine|Intimidate|boost\n|-unboost|p2a: Milotic|atk|1\n|-ability|p2a: Milotic|Competitive|boost\n|-boost|p2a: Milotic|spa|2\n|-unboost|p2b: Armarouge|atk|1\n|turn|1\n|inactive|newusernovice has 30 seconds left.\n|inactive|newusernovice has 20 seconds left.\n|inactive|newusernovice has 15 seconds left.\n|inactive|newusernovice has 10 seconds left.\n|inactive|newusernovice has 5 seconds left.\n|\n|t:|1701065107\n|switch|p1b: Gholdengo|Gholdengo, L50|100\/100\n|move|p1a: Tornadus|Protect|p1a: Tornadus\n|-singleturn|p1a: Tornadus|Protect\n|move|p2b: Armarouge|Wide Guard|p2b: Armarouge\n|-singleturn|p2b: Armarouge|Wide Guard\n|move|p2a: Milotic|Scald|p1a: Tornadus\n|-activate|p1a: Tornadus|move: Protect\n|\n|upkeep\n|turn|2\n|inactive|newusernovice has 30 seconds left.\n|inactive|newusernovice has 20 seconds left.\n|\n|t:|1701065144\n|switch|p1a: Rillaboom|Rillaboom, L50, M, shiny|100\/100\n|-fieldstart|move: Grassy Terrain|[from] ability: Grassy Surge|[of] p1a: Rillaboom\n|switch|p2b: Indeedee|Indeedee-F, L50, F|100\/100\n|-fieldstart|move: Psychic Terrain|[from] ability: Psychic Surge|[of] p2b: Indeedee\n|move|p1b: Gholdengo|Shadow Ball|p2b: Indeedee\n|-immune|p2b: Indeedee\n|move|p2a: Milotic|Scald|p1b: Gholdengo\n|-damage|p1b: Gholdengo|21\/100\n|-status|p1b: Gholdengo|brn\n|\n|-damage|p1b: Gholdengo|15\/100 brn|[from] brn\n|upkeep\n|turn|3\n|inactive|newusernovice has 30 seconds left.\n|inactive|slimejrlegit has 30 seconds left.\n|inactive|newusernovice has 20 seconds left.\n|inactive|slimejrlegit has 20 seconds left.\n|inactive|newusernovice has 15 seconds left.\n|inactive|slimejrlegit has 15 seconds left.\n|\n|t:|1701065187\n|switch|p1b: Tornadus|Tornadus, L50, M, shiny|100\/100\n|-terastallize|p2a: Milotic|Steel\n|move|p2b: Indeedee|Helping Hand|p2a: Milotic\n|-singleturn|p2a: Milotic|Helping Hand|[of] p2b: Indeedee\n|move|p1a: Rillaboom|Wood Hammer|p2a: Milotic\n|-resisted|p2a: Milotic\n|-damage|p2a: Milotic|63\/100\n|-damage|p1a: Rillaboom|88\/100|[from] Recoil\n|move|p2a: Milotic|Scald|p1a: Rillaboom\n|-resisted|p1a: Rillaboom\n|-damage|p1a: Rillaboom|30\/100\n|-status|p1a: Rillaboom|brn\n|\n|-damage|p1a: Rillaboom|24\/100 brn|[from] brn\n|upkeep\n|-enditem|p1a: Rillaboom|Aguav Berry|[eat]\n|-heal|p1a: Rillaboom|58\/100 brn|[from] item: Aguav Berry\n|turn|4\n|c| newbucket|its joever\n|inactive|newusernovice has 30 seconds left.\n|inactive|newusernovice has 20 seconds left.\n|inactive|newusernovice has 15 seconds left.\n|inactive|newusernovice has 10 seconds left.\n|\n|t:|1701065236\n|move|p2b: Indeedee|Follow Me|p2b: Indeedee\n|-singleturn|p2b: Indeedee|move: Follow Me\n|move|p1b: Tornadus|Tailwind|p1b: Tornadus\n|-sidestart|p1: newusernovice|move: Tailwind\n|move|p1a: Rillaboom|High Horsepower|p2b: Indeedee\n|-damage|p2b: Indeedee|75\/100\n|-damage|p1a: Rillaboom|41\/100 brn|[from] item: Rocky Helmet|[of] p2b: Indeedee\n|move|p2a: Milotic|Scald|p1b: Tornadus\n|-damage|p1b: Tornadus|40\/100\n|\n|-damage|p1a: Rillaboom|35\/100 brn|[from] brn\n|upkeep\n|turn|5\n|inactive|newusernovice has 30 seconds left.\n|inactive|slimejrlegit has 30 seconds left.\n|inactive|slimejrlegit has 20 seconds left.\n|\n|t:|1701065282\n|switch|p2a: Armarouge|Armarouge, L50, F|100\/100\n|move|p1b: Tornadus|Bleakwind Storm|p2b: Indeedee|[spread] p2a,p2b\n|-damage|p2a: Armarouge|66\/100\n|-damage|p2b: Indeedee|53\/100\n|-unboost|p2a: Armarouge|spe|1\n|move|p1a: Rillaboom|High Horsepower|p2a: Armarouge\n|-supereffective|p2a: Armarouge\n|-damage|p2a: Armarouge|36\/100\n|move|p2b: Indeedee|Trick Room|p2b: Indeedee\n|-fieldstart|move: Trick Room|[of] p2b: Indeedee\n|\n|-damage|p1a: Rillaboom|29\/100 brn|[from] brn\n|upkeep\n|turn|6\n|c|\u2606slimejrlegit|Gg\n|\n|t:|1701065306\n|switch|p2b: Milotic|Milotic, L50, F, tera:Steel|63\/100\n|switch|p1a: Arcanine|Arcanine-Hisui, L50, M|100\/100\n|-ability|p1a: Arcanine|Intimidate|boost\n|-unboost|p2a: Armarouge|atk|1\n|-unboost|p2b: Milotic|atk|1\n|-ability|p2b: Milotic|Competitive|boost\n|-boost|p2b: Milotic|spa|2\n|move|p1b: Tornadus|Protect|p1b: Tornadus\n|-singleturn|p1b: Tornadus|Protect\n|move|p2a: Armarouge|Expanding Force|p1b: Tornadus|[spread] p1a\n|-activate|p1b: Tornadus|move: Protect\n|-damage|p1a: Arcanine|10\/100\n|-enditem|p1a: Arcanine|Sitrus Berry|[eat]\n|-heal|p1a: Arcanine|35\/100|[from] item: Sitrus Berry\n|-damage|p2a: Armarouge|26\/100|[from] item: Life Orb\n|\n|-fieldend|move: Psychic Terrain\n|upkeep\n|turn|7\n|c| newbucket|no way\n|inactive|newusernovice has 30 seconds left.\n|inactive|slimejrlegit has 30 seconds left.\n|\n|t:|1701065338\n|switch|p1b: Rillaboom|Rillaboom, L50, M, shiny|29\/100 brn\n|-fieldstart|move: Grassy Terrain|[from] ability: Grassy Surge|[of] p1b: Rillaboom\n|move|p1a: Arcanine|Extreme Speed|p2a: Armarouge\n|-damage|p2a: Armarouge|2\/100\n|move|p2a: Armarouge|Expanding Force|p1b: Rillaboom\n|-damage|p1b: Rillaboom|0 fnt\n|faint|p1b: Rillaboom\n|-damage|p2a: Armarouge|0 fnt|[from] item: Life Orb\n|faint|p2a: Armarouge\n|move|p2b: Milotic|Scald|p1a: Arcanine\n|-supereffective|p1a: Arcanine\n|-damage|p1a: Arcanine|0 fnt\n|faint|p1a: Arcanine\n|\n|-heal|p2b: Milotic|69\/100|[from] Grassy Terrain\n|-sideend|p1: newusernovice|move: Tailwind\n|upkeep\n|\n|t:|1701065353\n|switch|p2a: Indeedee|Indeedee-F, L50, F|53\/100\n|switch|p1b: Tornadus|Tornadus, L50, M, shiny|40\/100\n|switch|p1a: Gholdengo|Gholdengo, L50|15\/100 brn\n|-fieldstart|move: Psychic Terrain|[from] ability: Psychic Surge|[of] p2a: Indeedee\n|turn|8\n|-message|newusernovice forfeited.\n|\n|win|slimejrlegit\n|raw|newusernovice's rating: 1503 &rarr; <strong>1478<\/strong><br \/>(-25 for losing)\n|raw|slimejrlegit's rating: 1415 &rarr; <strong>1440<\/strong><br \/>(+25 for winning)\n|l|\u2606newusernovice\n|j|\u2606newusernovice\n|player|p1|newusernovice|brawly\n|c|\u2606slimejrlegit|You\u2019ve fallen for my trap card\n|c| newbucket|ho is so boring\n|l|\u2606newusernovice\n|player|p1|\n|l| newbucket\n","uploadtime":1701065538,"views":5,"p1id":"newusernovice","p2id":"slimejrlegit","formatid":"gen9vgc2023regulatione","rating":1440,"private":0,"password":""}