{"id":"gen9vgc2023regulatione-1999867135","p1":"AtomX7VGC","p2":"d8finest","format":"[Gen 9] VGC 2023 Regulation E","log":"|j|\u2606AtomX7VGC\n|j|\u2606d8finest\n|n|\u2606AtomX7VGC|atomx7vgc\n|n|\u2606d8finest|d8finest\n|html|View the match progress at <a href=\"\/game-bestof3-gen9vgc2023regulatione-1999860485\">game-bestof3-gen9vgc2023regulatione-1999860485<\/a>\n|t:|1701124375\n|gametype|doubles\n|player|p1|AtomX7VGC|linebacker|\n|player|p2|d8finest|lucas|\n|teamsize|p1|6\n|teamsize|p2|6\n|gen|9\n|tier|[Gen 9] VGC 2023 Regulation E\n|rule|Species Clause: Limit one of each Pok\u00e9mon\n|rule|Item Clause: Limit one of each item\n|clearpoke\n|poke|p1|Heatran, L50, M|\n|poke|p1|Landorus-Therian, L50, M|\n|poke|p1|Iron Hands, L50|\n|poke|p1|Flutter Mane, L50|\n|poke|p1|Roaring Moon, L50|\n|poke|p1|Ogerpon-Wellspring, L50, F|\n|poke|p2|Salamence, L50, M|\n|poke|p2|Rillaboom, L50, M|\n|poke|p2|Kingambit, L50, F|\n|poke|p2|Ogerpon-Wellspring, L50, F|\n|poke|p2|Heatran, L50, F|\n|poke|p2|Flutter Mane, L50|\n|teampreview|4\nd8finest has agreed to open team sheets.\nAtomX7VGC has agreed to open team sheets.\n|showteam|p1|Heatran||LifeOrb|FlashFire|HeatWave,FlashCannon,EarthPower,Protect|||M|||50|,,,,,Fairy]Landorus-Therian||ChoiceScarf|Intimidate|StompingTantrum,TeraBlast,Uturn,RockSlide|||M|||50|,,,,,Flying]Iron Hands||AssaultVest|QuarkDrive|FakeOut,DrainPunch,WildCharge,HeavySlam||||||50|,,,,,Grass]Flutter Mane||ChoiceSpecs|Protosynthesis|Moonblast,ShadowBall,DazzlingGleam,Thunderbolt||||||50|,,,,,Fairy]Roaring Moon||BoosterEnergy|Protosynthesis|Protect,KnockOff,Acrobatics,Tailwind||||||50|,,,,,Poison]Ogerpon-Wellspring||WellspringMask|WaterAbsorb|IvyCudgel,HornLeech,FollowMe,SpikyShield|||F|||50|,,,,,Water\n|showteam|p2|Salamence||RockyHelmet|Intimidate|DracoMeteor,AirSlash,Roost,Tailwind|||M|||50|,,,,,Poison]Rillaboom||AssaultVest|GrassySurge|GrassyGlide,HighHorsepower,WoodHammer,FakeOut|||M|||50|,,,,,Fire]Kingambit||SafetyGoggles|Defiant|Protect,KowtowCleave,SuckerPunch,SwordsDance|||F|||50|,,,,,Poison]Ogerpon-Wellspring||WellspringMask|WaterAbsorb|SpikyShield,FollowMe,IvyCudgel,HornLeech|||F|||50|,,,,,Water]Heatran||SitrusBerry|FlashFire|Protect,MagmaStorm,FlashCannon,EarthPower|||F|||50|,,,,,Grass]Flutter Mane||ChoiceSpecs|Protosynthesis|Moonblast,ShadowBall,DazzlingGleam,Thunderbolt||||||50|,,,,,Fairy\n|\n|t:|1701124445\n|start\n|switch|p1a: Roaring Moon|Roaring Moon, L50|100\/100\n|switch|p1b: Flutter Mane|Flutter Mane, L50|100\/100\n|switch|p2a: Rillaboom|Rillaboom, L50, M|100\/100\n|switch|p2b: Flutter Mane|Flutter Mane, L50|100\/100\n|-fieldstart|move: Grassy Terrain|[from] ability: Grassy Surge|[of] p2a: Rillaboom\n|-enditem|p1a: Roaring Moon|Booster Energy\n|-activate|p1a: Roaring Moon|ability: Protosynthesis|[fromitem]\n|-start|p1a: Roaring Moon|protosynthesisspe\n|turn|1\n|\n|t:|1701124500\n|-end|p1b: Flutter Mane|Protosynthesis|[silent]\n|switch|p1b: Heatran|Heatran, L50, M|100\/100\n|move|p1a: Roaring Moon|Protect|p1a: Roaring Moon\n|-singleturn|p1a: Roaring Moon|Protect\n|move|p2a: Rillaboom|Grassy Glide|p1b: Heatran\n|-resisted|p1b: Heatran\n|-damage|p1b: Heatran|94\/100\n|move|p2b: Flutter Mane|Moonblast|p1b: Heatran\n|-resisted|p1b: Heatran\n|-damage|p1b: Heatran|79\/100\n|-unboost|p1b: Heatran|spa|1\n|\n|-heal|p1b: Heatran|85\/100|[from] Grassy Terrain\n|upkeep\n|turn|2\n|\n|t:|1701124528\n|move|p1a: Roaring Moon|Tailwind|p1a: Roaring Moon\n|-sidestart|p1: AtomX7VGC|move: Tailwind\n|move|p1b: Heatran|Heat Wave|p2b: Flutter Mane|[spread] p2a,p2b\n|-supereffective|p2a: Rillaboom\n|-damage|p2a: Rillaboom|54\/100\n|-damage|p2b: Flutter Mane|68\/100\n|-damage|p1b: Heatran|75\/100|[from] item: Life Orb\n|move|p2b: Flutter Mane|Moonblast|p1a: Roaring Moon\n|-supereffective|p1a: Roaring Moon\n|-damage|p1a: Roaring Moon|0 fnt\n|faint|p1a: Roaring Moon\n|-end|p1a: Roaring Moon|Protosynthesis|[silent]\n|move|p2a: Rillaboom|High Horsepower|p1b: Heatran\n|-supereffective|p1b: Heatran\n|-damage|p1b: Heatran|0 fnt\n|faint|p1b: Heatran\n|\n|-heal|p2b: Flutter Mane|73\/100|[from] Grassy Terrain\n|-heal|p2a: Rillaboom|60\/100|[from] Grassy Terrain\n|upkeep\n|\n|t:|1701124544\n|switch|p1a: Iron Hands|Iron Hands, L50|100\/100\n|switch|p1b: Flutter Mane|Flutter Mane, L50|100\/100\n|turn|3\n|\n|t:|1701124583\n|-end|p2b: Flutter Mane|Protosynthesis|[silent]\n|switch|p2b: Salamence|Salamence, L50, M|100\/100\n|-ability|p2b: Salamence|Intimidate|boost\n|-unboost|p1a: Iron Hands|atk|1\n|-unboost|p1b: Flutter Mane|atk|1\n|-terastallize|p1b: Flutter Mane|Fairy\n|move|p1a: Iron Hands|Fake Out|p2a: Rillaboom\n|-damage|p2a: Rillaboom|50\/100\n|move|p1b: Flutter Mane|Shadow Ball|p2b: Salamence\n|-damage|p2b: Salamence|34\/100\n|cant|p2a: Rillaboom|flinch\n|\n|-heal|p2a: Rillaboom|56\/100|[from] Grassy Terrain\n|upkeep\n|turn|4\n|\n|t:|1701124614\n|move|p1b: Flutter Mane|Shadow Ball|p2b: Salamence\n|-damage|p2b: Salamence|0 fnt\n|faint|p2b: Salamence\n|move|p2a: Rillaboom|Wood Hammer|p1b: Flutter Mane\n|-damage|p1b: Flutter Mane|0 fnt\n|faint|p1b: Flutter Mane\n|-end|p1b: Flutter Mane|Protosynthesis|[silent]\n|-damage|p2a: Rillaboom|34\/100|[from] Recoil\n|move|p1a: Iron Hands|Drain Punch|p2a: Rillaboom\n|-damage|p2a: Rillaboom|7\/100\n|\n|-heal|p2a: Rillaboom|13\/100|[from] Grassy Terrain\n|upkeep\n|\n|t:|1701124625\n|switch|p2b: Ogerpon|Ogerpon-Wellspring, L50, F|100\/100\n|turn|5\n|\n|t:|1701124638\n|move|p2b: Ogerpon|Spiky Shield|p2b: Ogerpon\n|-singleturn|p2b: Ogerpon|move: Protect\n|move|p2a: Rillaboom|Wood Hammer|p1a: Iron Hands\n|-crit|p1a: Iron Hands\n|-damage|p1a: Iron Hands|16\/100\n|-damage|p2a: Rillaboom|0 fnt|[from] Recoil\n|faint|p2a: Rillaboom\n|move|p1a: Iron Hands|Drain Punch|p2b: Ogerpon\n|-activate|p2b: Ogerpon|move: Protect\n|-damage|p1a: Iron Hands|4\/100|[from] Spiky Shield|[of] p2b: Ogerpon\n|\n|-heal|p1a: Iron Hands|10\/100|[from] Grassy Terrain\n|-sideend|p1: AtomX7VGC|move: Tailwind\n|-fieldend|move: Grassy Terrain\n|upkeep\n|\n|t:|1701124646\n|switch|p2a: Flutter Mane|Flutter Mane, L50|73\/100\n|turn|6\n|\n|t:|1701124654\n|move|p2b: Ogerpon|Follow Me|p2b: Ogerpon\n|-singleturn|p2b: Ogerpon|move: Follow Me\n|move|p2a: Flutter Mane|Dazzling Gleam|p1a: Iron Hands\n|-supereffective|p1a: Iron Hands\n|-damage|p1a: Iron Hands|0 fnt\n|faint|p1a: Iron Hands\n|-end|p1a: Iron Hands|Quark Drive|[silent]\n|\n|win|d8finest\n|c|\u2606AtomX7VGC|gg\n|l|\u2606d8finest\n","uploadtime":1701124744,"views":4,"p1id":"atomx7vgc","p2id":"d8finest","formatid":"gen9vgc2023regulatione","rating":0,"private":0,"password":""}