{"id":"gen9vgc2023regulatione-1993833344","p1":"LanaDelReyVGC","p2":"12newb34","format":"[Gen 9] VGC 2023 Regulation E","log":"|j|\u2606LanaDelReyVGC\n|j|\u260612newb34\n|t:|1700362941\n|gametype|doubles\n|player|p1|LanaDelReyVGC|266|1094\n|player|p2|12newb34|2|1183\n|teamsize|p1|6\n|teamsize|p2|6\n|gen|9\n|tier|[Gen 9] VGC 2023 Regulation E\n|rated|\n|rule|Species Clause: Limit one of each Pok\u00e9mon\n|rule|Item Clause: Limit one of each item\n|clearpoke\n|poke|p1|Roaring Moon, L50|\n|poke|p1|Farigiraf, L50, F|\n|poke|p1|Kingambit, L50, M|\n|poke|p1|Heatran, L50, F|\n|poke|p1|Urshifu-*, L50, M|\n|poke|p1|Ogerpon-Cornerstone, L50, F|\n|poke|p2|Heracross, L50, M|\n|poke|p2|Tornadus, L50, M|\n|poke|p2|Urshifu-*, L50, M|\n|poke|p2|Shiftry, L50, M|\n|poke|p2|Iron Bundle, L50|\n|poke|p2|Heatran, L50, F|\n|teampreview|4\n|inactive|Battle timer is ON: inactive players will automatically lose when time's up. (requested by 12newb34)\n12newb34 rejected open team sheets.\n|\n|t:|1700363003\n|start\n|switch|p1a: Budtender|Ogerpon-Cornerstone, L50, F|100\/100\n|switch|p1b: Pilot|Roaring Moon, L50|100\/100\n|switch|p2a: Go brrrrr|Tornadus, L50, M|100\/100\n|switch|p2b: Mega bug at home|Heracross, L50, M|100\/100\n|-enditem|p1b: Pilot|Booster Energy\n|-activate|p1b: Pilot|ability: Protosynthesis|[fromitem]\n|-start|p1b: Pilot|protosynthesisspe\n|turn|1\n|\n|t:|1700363025\n|move|p2a: Go brrrrr|Tailwind|p2a: Go brrrrr\n|-sidestart|p2: 12newb34|move: Tailwind\n|move|p2b: Mega bug at home|Rock Blast|p1b: Pilot\n|-damage|p1b: Pilot|92\/100\n|-damage|p1b: Pilot|81\/100\n|-damage|p1b: Pilot|72\/100\n|-damage|p1b: Pilot|62\/100\n|-hitcount|p1b: Pilot|4\n|move|p1b: Pilot|Acrobatics|p2b: Mega bug at home\n|-supereffective|p2b: Mega bug at home\n|-damage|p2b: Mega bug at home|0 fnt\n|faint|p2b: Mega bug at home\n|move|p1a: Budtender|Ivy Cudgel|p2a: Go brrrrr|[anim] Ivy Cudgel Rock\n|-supereffective|p2a: Go brrrrr\n|-crit|p2a: Go brrrrr\n|-damage|p2a: Go brrrrr|0 fnt\n|faint|p2a: Go brrrrr\n|\n|upkeep\n|\n|t:|1700363045\n|switch|p2a: What r those|Shiftry, L50, M|100\/100\n|switch|p2b: Deli bird|Iron Bundle, L50|100\/100\n|-ability|p2a: What r those|Wind Rider|boost\n|-boost|p2a: What r those|atk|1\n|-enditem|p2b: Deli bird|Booster Energy\n|-activate|p2b: Deli bird|ability: Quark Drive|[fromitem]\n|-start|p2b: Deli bird|quarkdrivespe\n|turn|2\n|\n|t:|1700363069\n|-terastallize|p2b: Deli bird|Water\n|move|p2a: What r those|Fake Out|p1b: Pilot\n|-damage|p1b: Pilot|44\/100\n|move|p1a: Budtender|Follow Me|p1a: Budtender\n|-singleturn|p1a: Budtender|move: Follow Me\n|move|p2b: Deli bird|Hydro Pump|p1a: Budtender|[miss]\n|-miss|p2b: Deli bird|p1a: Budtender\n|cant|p1b: Pilot|flinch\n|\n|upkeep\n|turn|3\n|c|\u2606LanaDelReyVGC|GG\n|\n|t:|1700363092\n|move|p1a: Budtender|Follow Me|p1a: Budtender\n|-singleturn|p1a: Budtender|move: Follow Me\n|move|p2b: Deli bird|Icy Wind|p1a: Budtender|[spread] p1a,p1b\n|-supereffective|p1a: Budtender\n|-supereffective|p1b: Pilot\n|-damage|p1a: Budtender|59\/100\n|-damage|p1b: Pilot|7\/100\n|-unboost|p1a: Budtender|spe|1\n|-unboost|p1b: Pilot|spe|1\n|move|p2a: What r those|Leaf Blade|p1a: Budtender\n|-damage|p1a: Budtender|1\/100\n|move|p1b: Pilot|Acrobatics|p2a: What r those\n|-supereffective|p2a: What r those\n|-damage|p2a: What r those|10\/100\n|\n|upkeep\n|turn|4\n|\n|t:|1700363113\n|-end|p1b: Pilot|Protosynthesis|[silent]\n|switch|p1b: Chef|Kingambit, L50, M|100\/100\n|move|p2a: What r those|Protect|p2a: What r those\n|-singleturn|p2a: What r those|Protect\n|move|p1a: Budtender|Follow Me|p1a: Budtender\n|-singleturn|p1a: Budtender|move: Follow Me\n|move|p2b: Deli bird|Icy Wind|p1a: Budtender|[spread] p1a,p1b\n|-supereffective|p1a: Budtender\n|-resisted|p1b: Chef\n|-damage|p1a: Budtender|0 fnt\n|-damage|p1b: Chef|91\/100\n|-unboost|p1b: Chef|spe|1\n|-ability|p1b: Chef|Defiant|boost\n|-boost|p1b: Chef|atk|2\n|faint|p1a: Budtender\n|\n|-sideend|p2: 12newb34|move: Tailwind\n|upkeep\n|\n|t:|1700363135\n|switch|p1a: Baker|Heatran, L50, F|100\/100\n|turn|5\n|\n|t:|1700363151\n|-terastallize|p1a: Baker|Grass\n|move|p1b: Chef|Sucker Punch|p2b: Deli bird\n|-damage|p2b: Deli bird|0 fnt\n|faint|p2b: Deli bird\n|-end|p2b: Deli bird|Quark Drive|[silent]\n|-damage|p1b: Chef|81\/100|[from] item: Life Orb\n|move|p1a: Baker|Heat Wave|p2a: What r those\n|-ability|p2a: What r those|Wind Rider|boost\n|-boost|p2a: What r those|atk|1\n|move|p2a: What r those|Knock Off|p1a: Baker\n|-damage|p1a: Baker|44\/100\n|-enditem|p1a: Baker|Leftovers|[from] move: Knock Off|[of] p2a: What r those\n|\n|upkeep\n|turn|6\n|c|\u2606LanaDelReyVGC|GG\n|inactive|12newb34 has 30 seconds left.\n|\n|t:|1700363177\n|move|p1b: Chef|Sucker Punch|p2a: What r those\n|-resisted|p2a: What r those\n|-damage|p2a: What r those|0 fnt\n|faint|p2a: What r those\n|-damage|p1b: Chef|71\/100|[from] item: Life Orb\n|\n|win|LanaDelReyVGC\n|raw|LanaDelReyVGC's rating: 1094 &rarr; <strong>1126<\/strong><br \/>(+32 for winning)\n|raw|12newb34's rating: 1183 &rarr; <strong>1152<\/strong><br \/>(-31 for losing)\n|c|\u2606LanaDelReyVGC|Good luck on your future endevors\n|l|\u260612newb34\n","uploadtime":1700363213,"views":20,"p1id":"lanadelreyvgc","p2id":"12newb34","formatid":"gen9vgc2023regulatione","rating":1126,"private":0,"password":""}