{"id":"gen9vgc2023regulatione-1995304658","p1":"xxdemoliconxx","p2":"zhz2021","format":"[Gen 9] VGC 2023 Regulation E","log":"|j|\u2606xxdemoliconxx\n|j|\u2606zhz2021\n|t:|1700550353\n|gametype|doubles\n|player|p1|xxdemoliconxx|whitney|1568\n|player|p2|zhz2021|marley|1629\n|teamsize|p1|6\n|teamsize|p2|6\n|gen|9\n|tier|[Gen 9] VGC 2023 Regulation E\n|rated|\n|rule|Species Clause: Limit one of each Pok\u00e9mon\n|rule|Item Clause: Limit one of each item\n|clearpoke\n|poke|p1|Tornadus, L50, M|\n|poke|p1|Urshifu-*, L50, F|\n|poke|p1|Chien-Pao, L50|\n|poke|p1|Indeedee-F, L50, F|\n|poke|p1|Armarouge, L50, F|\n|poke|p1|Sneasler, L50, M|\n|poke|p2|Weezing-Galar, L50, F|\n|poke|p2|Flutter Mane, L50|\n|poke|p2|Roaring Moon, L50|\n|poke|p2|Iron Hands, L50|\n|poke|p2|Arcanine-Hisui, L50, M|\n|poke|p2|Ogerpon-Wellspring, L50, F|\n|teampreview|4\n|\n|t:|1700550386\n|start\n|switch|p1a: Tornadus|Tornadus, L50, M|100\/100\n|switch|p1b: Chien-Pao|Chien-Pao, L50|100\/100\n|switch|p2a: Roaring Moon|Roaring Moon, L50|100\/100\n|switch|p2b: Weezing|Weezing-Galar, L50, F|100\/100\n|-ability|p2b: Weezing|Neutralizing Gas\n|-enditem|p2a: Roaring Moon|Booster Energy\n|-activate|p2a: Roaring Moon|ability: Protosynthesis|[fromitem]\n|-start|p2a: Roaring Moon|protosynthesisspe\n|turn|1\n|j| meowmeowjoe\n|\n|t:|1700550410\n|move|p1b: Chien-Pao|Protect|p1b: Chien-Pao\n|-singleturn|p1b: Chien-Pao|Protect\n|move|p2a: Roaring Moon|Tailwind|p2a: Roaring Moon\n|-sidestart|p2: zhz2021|move: Tailwind\n|move|p2b: Weezing|Taunt|p1a: Tornadus\n|-start|p1a: Tornadus|move: Taunt\n|cant|p1a: Tornadus|move: Taunt|Taunt\n|\n|upkeep\n|turn|2\n|\n|t:|1700550418\n|move|p2a: Roaring Moon|Knock Off|p1b: Chien-Pao\n|-resisted|p1b: Chien-Pao\n|-damage|p1b: Chien-Pao|63\/100\n|-enditem|p1b: Chien-Pao|Life Orb|[from] move: Knock Off|[of] p2a: Roaring Moon\n|move|p2b: Weezing|Dazzling Gleam|p1b: Chien-Pao|[spread] p1a,p1b\n|-supereffective|p1b: Chien-Pao\n|-damage|p1a: Tornadus|76\/100\n|-damage|p1b: Chien-Pao|0 fnt\n|faint|p1b: Chien-Pao\n|move|p1a: Tornadus|Bleakwind Storm|p2b: Weezing|[spread] p2b\n|-miss|p1a: Tornadus|p2a: Roaring Moon\n|-crit|p2b: Weezing\n|-damage|p2b: Weezing|0 fnt\n|faint|p2b: Weezing\n|-end|p2b: Weezing|ability: Neutralizing Gas\n|\n|upkeep\n|\n|t:|1700550432\n|switch|p1b: Sneasler|Sneasler, L50, M, shiny|100\/100\n|switch|p2b: Flutter Mane|Flutter Mane, L50|100\/100\n|turn|3\n|\n|t:|1700550441\n|switch|p1a: Indeedee|Indeedee-F, L50, F|100\/100\n|-fieldstart|move: Psychic Terrain|[from] ability: Psychic Surge|[of] p1a: Indeedee\n|-enditem|p1b: Sneasler|Psychic Seed\n|-boost|p1b: Sneasler|spd|1|[from] item: Psychic Seed\n|-terastallize|p2b: Flutter Mane|Fairy\n|move|p1b: Sneasler|Protect|p1b: Sneasler\n|-singleturn|p1b: Sneasler|Protect\n|move|p2a: Roaring Moon|Acrobatics|p1b: Sneasler\n|-activate|p1b: Sneasler|move: Protect\n|move|p2b: Flutter Mane|Dazzling Gleam|p1a: Indeedee|[spread] p1a\n|-activate|p1b: Sneasler|move: Protect\n|-damage|p1a: Indeedee|50\/100\n|\n|upkeep\n|turn|4\n|j| MidianVGC\n|\n|t:|1700550459\n|move|p1a: Indeedee|Follow Me|p1a: Indeedee\n|-singleturn|p1a: Indeedee|move: Follow Me\n|move|p2a: Roaring Moon|Acrobatics|p1a: Indeedee\n|-damage|p1a: Indeedee|10\/100\n|-damage|p2a: Roaring Moon|84\/100|[from] item: Rocky Helmet|[of] p1a: Indeedee\n|move|p2b: Flutter Mane|Dazzling Gleam|p1a: Indeedee|[spread] p1a,p1b\n|-damage|p1a: Indeedee|0 fnt\n|-damage|p1b: Sneasler|54\/100\n|faint|p1a: Indeedee\n|move|p1b: Sneasler|Dire Claw|p2b: Flutter Mane\n|-supereffective|p2b: Flutter Mane\n|-damage|p2b: Flutter Mane|0 fnt\n|faint|p2b: Flutter Mane\n|-end|p2b: Flutter Mane|Protosynthesis|[silent]\n|\n|-sideend|p2: zhz2021|move: Tailwind\n|upkeep\n|\n|t:|1700550467\n|switch|p2b: Ogerpon|Ogerpon-Wellspring, L50, F|100\/100\n|switch|p1a: Tornadus|Tornadus, L50, M|76\/100\n|turn|5\n|\n|t:|1700550486\n|move|p1b: Sneasler|Protect|p1b: Sneasler\n|-singleturn|p1b: Sneasler|Protect\n|move|p2b: Ogerpon|Follow Me|p2b: Ogerpon\n|-singleturn|p2b: Ogerpon|move: Follow Me\n|move|p1a: Tornadus|Tailwind|p1a: Tornadus\n|-sidestart|p1: xxdemoliconxx|move: Tailwind\n|move|p2a: Roaring Moon|Tailwind|p2a: Roaring Moon\n|-sidestart|p2: zhz2021|move: Tailwind\n|\n|upkeep\n|turn|6\n|\n|t:|1700550499\n|-terastallize|p1b: Sneasler|Rock\n|move|p1b: Sneasler|Dire Claw|p2b: Ogerpon\n|-supereffective|p2b: Ogerpon\n|-damage|p2b: Ogerpon|0 fnt\n|faint|p2b: Ogerpon\n|move|p2a: Roaring Moon|Acrobatics|p1b: Sneasler\n|-resisted|p1b: Sneasler\n|-damage|p1b: Sneasler|22\/100\n|move|p1a: Tornadus|Bleakwind Storm|p2a: Roaring Moon|[miss]\n|-miss|p1a: Tornadus|p2a: Roaring Moon\n|\n|upkeep\n|turn|7\n|\n|t:|1700550510\n|move|p1b: Sneasler|Close Combat|p2a: Roaring Moon\n|-supereffective|p2a: Roaring Moon\n|-damage|p2a: Roaring Moon|0 fnt\n|-unboost|p1b: Sneasler|def|1\n|-unboost|p1b: Sneasler|spd|1\n|faint|p2a: Roaring Moon\n|-end|p2a: Roaring Moon|Protosynthesis|[silent]\n|\n|win|xxdemoliconxx\n|raw|xxdemoliconxx's rating: 1568 &rarr; <strong>1591<\/strong><br \/>(+23 for winning)\n|raw|zhz2021's rating: 1629 &rarr; <strong>1606<\/strong><br \/>(-23 for losing)\n|l|\u2606zhz2021\n|l| MidianVGC\n|l|\u2606xxdemoliconxx\n","uploadtime":1700550733,"views":6,"p1id":"xxdemoliconxx","p2id":"zhz2021","formatid":"gen9vgc2023regulatione","rating":1591,"private":0,"password":""}