{"id":"gen9vgc2023regulatione-1997982677","p1":"RotovicVGC","p2":"Fancy Cucudrula","format":"[Gen 9] VGC 2023 Regulation E","log":"|j|\u2606RotovicVGC\n|j|\u2606Fancy Cucudrula\n|n|\u2606RotovicVGC|rotovicvgc\n|n|\u2606Fancy Cucudrula|fancycucudrula\n|html|View the match progress at <a href=\"\/game-bestof3-gen9vgc2023regulatione-1997976386\">game-bestof3-gen9vgc2023regulatione-1997976386<\/a>\n|t:|1700875162\n|gametype|doubles\n|player|p1|RotovicVGC|101|\n|player|p2|Fancy Cucudrula|valerie|\n|teamsize|p1|6\n|teamsize|p2|6\n|gen|9\n|tier|[Gen 9] VGC 2023 Regulation E\n|rule|Species Clause: Limit one of each Pok\u00e9mon\n|rule|Item Clause: Limit one of each item\n|clearpoke\n|poke|p1|Tornadus, L50, M|\n|poke|p1|Urshifu-*, L50, M|\n|poke|p1|Chien-Pao, L50|\n|poke|p1|Arcanine-Hisui, L50, M|\n|poke|p1|Rillaboom, L50, F|\n|poke|p1|Flutter Mane, L50|\n|poke|p2|Flutter Mane, L50|\n|poke|p2|Amoonguss, L50, M|\n|poke|p2|Heatran, L50, F|\n|poke|p2|Iron Hands, L50|\n|poke|p2|Landorus-Therian, L50, M|\n|poke|p2|Chien-Pao, L50|\n|teampreview|4\n|inactive|Battle timer is ON: inactive players will automatically lose when time's up. (requested by Fancy Cucudrula)\nFancy Cucudrula has agreed to open team sheets.\nRotovicVGC has agreed to open team sheets.\n|showteam|p1|Tornadus||RockyHelmet|Prankster|BleakwindStorm,Tailwind,Taunt,RainDance|||M|||50|,,,,,Ghost]Urshifu-Rapid-Strike||ChoiceScarf|UnseenFist|SurgingStrikes,CloseCombat,Uturn,AquaJet|||M|||50|,,,,,Water]Chien-Pao||FocusSash|SwordofRuin|SuckerPunch,IcicleCrash,Protect,SacredSword||||||50|,,,,,Ghost]Arcanine-Hisui||ChoiceBand|Intimidate|ExtremeSpeed,FlareBlitz,RockSlide,TeraBlast|||M|||50|,,,,,Fairy]Rillaboom||AssaultVest|GrassySurge|FakeOut,GrassyGlide,Uturn,WoodHammer|||F|||50|,,,,,Poison]Flutter Mane||BoosterEnergy|Protosynthesis|DazzlingGleam,ShadowBall,Moonblast,Protect||||||50|,,,,,Fairy\n|showteam|p2|Flutter Mane||ChoiceSpecs|Protosynthesis|DazzlingGleam,Moonblast,ShadowBall,PerishSong||||||50|,,,,,Fairy]Amoonguss||RockyHelmet|Regenerator|RagePowder,PollenPuff,Spore,Protect|||M|||50|,,,,,Water]Heatran||SafetyGoggles|FlashFire|HeatWave,EarthPower,FlashCannon,Protect|||F|||50|,,,,,Fairy]Iron Hands||AssaultVest|QuarkDrive|DrainPunch,WildCharge,HeavySlam,FakeOut||||||50|,,,,,Water]Landorus-Therian||ChoiceScarf|Intimidate|StompingTantrum,TeraBlast,RockSlide,Uturn|||M|||50|,,,,,Flying]Chien-Pao||FocusSash|SwordofRuin|IceSpinner,SuckerPunch,Haze,Protect||||||50|,,,,,Ghost\n|inactive|RotovicVGC has 30 seconds left.\n|inactive|RotovicVGC has 20 seconds left.\n|inactive|Fancy Cucudrula has 30 seconds left.\n|inactive|RotovicVGC has 15 seconds left.\n|inactive|RotovicVGC has 10 seconds left.\n|inactive|Fancy Cucudrula has 20 seconds left.\n|inactive|Fancy Cucudrula has 15 seconds left.\n|inactive|Fancy Cucudrula has 10 seconds left.\n|inactive|Fancy Cucudrula has 5 seconds left.\n|\n|t:|1700875241\n|start\n|switch|p1a: Urshifu|Urshifu-Rapid-Strike, L50, M|100\/100\n|switch|p1b: Tornadus|Tornadus, L50, M|100\/100\n|switch|p2a: Sasha Colby|Flutter Mane, L50|100\/100\n|switch|p2b: Luquisha|Landorus-Therian, L50, M|100\/100\n|-ability|p2b: Luquisha|Intimidate|boost\n|-unboost|p1a: Urshifu|atk|1\n|-unboost|p1b: Tornadus|atk|1\n|turn|1\n|inactive|RotovicVGC has 30 seconds left.\n|inactive|Fancy Cucudrula has 30 seconds left.\n|\n|t:|1700875272\n|-end|p2a: Sasha Colby|Protosynthesis|[silent]\n|switch|p2a: Brita Filter|Amoonguss, L50, M, shiny|100\/100\n|-terastallize|p1a: Urshifu|Water\n|-terastallize|p2b: Luquisha|Flying\n|move|p1a: Urshifu|Surging Strikes|p2a: Brita Filter\n|-resisted|p2a: Brita Filter\n|-crit|p2a: Brita Filter\n|-damage|p2a: Brita Filter|89\/100\n|-damage|p1a: Urshifu|84\/100|[from] item: Rocky Helmet|[of] p2a: Brita Filter\n|-resisted|p2a: Brita Filter\n|-crit|p2a: Brita Filter\n|-damage|p2a: Brita Filter|78\/100\n|-damage|p1a: Urshifu|68\/100|[from] item: Rocky Helmet|[of] p2a: Brita Filter\n|-resisted|p2a: Brita Filter\n|-crit|p2a: Brita Filter\n|-damage|p2a: Brita Filter|67\/100\n|-damage|p1a: Urshifu|51\/100|[from] item: Rocky Helmet|[of] p2a: Brita Filter\n|-hitcount|p2a: Brita Filter|3\n|move|p2b: Luquisha|Tera Blast|p1a: Urshifu|[anim] Tera Blast Flying\n|-damage|p1a: Urshifu|0 fnt\n|faint|p1a: Urshifu\n|move|p1b: Tornadus|Bleakwind Storm|p2b: Luquisha|[spread] p2a,p2b\n|-supereffective|p2a: Brita Filter\n|-crit|p2a: Brita Filter\n|-damage|p2a: Brita Filter|0 fnt\n|-damage|p2b: Luquisha|63\/100\n|faint|p2a: Brita Filter\n|\n|upkeep\n|\n|t:|1700875292\n|switch|p1a: Chien-Pao|Chien-Pao, L50|100\/100\n|switch|p2a: Lawrence|Heatran, L50, F, shiny|100\/100\n|-ability|p1a: Chien-Pao|Sword of Ruin\n|turn|2\n|\n|t:|1700875311\n|switch|p2b: Sasha Colby|Flutter Mane, L50|100\/100\n|move|p1b: Tornadus|Tailwind|p1b: Tornadus\n|-sidestart|p1: RotovicVGC|move: Tailwind\n|move|p1a: Chien-Pao|Icicle Crash|p2b: Sasha Colby\n|-damage|p2b: Sasha Colby|3\/100\n|move|p2a: Lawrence|Flash Cannon|p1a: Chien-Pao\n|-supereffective|p1a: Chien-Pao\n|-enditem|p1a: Chien-Pao|Focus Sash\n|-damage|p1a: Chien-Pao|1\/100\n|\n|upkeep\n|turn|3\n|inactive|RotovicVGC has 30 seconds left.\n|inactive|RotovicVGC has 20 seconds left.\n|\n|t:|1700875348\n|-end|p2b: Sasha Colby|Protosynthesis|[silent]\n|switch|p2b: Luquisha|Landorus-Therian, L50, M, tera:Flying|63\/100\n|-ability|p2b: Luquisha|Intimidate|boost\n|-unboost|p1a: Chien-Pao|atk|1\n|-unboost|p1b: Tornadus|atk|1\n|move|p1a: Chien-Pao|Icicle Crash|p2a: Lawrence\n|-resisted|p2a: Lawrence\n|-damage|p2a: Lawrence|92\/100\n|move|p1b: Tornadus|Bleakwind Storm|p2a: Lawrence|[spread] p2a,p2b\n|-resisted|p2a: Lawrence\n|-damage|p2a: Lawrence|79\/100\n|-damage|p2b: Luquisha|27\/100\n|-unboost|p2a: Lawrence|spe|1\n|-unboost|p2b: Luquisha|spe|1\n|move|p2a: Lawrence|Flash Cannon|p1a: Chien-Pao\n|-supereffective|p1a: Chien-Pao\n|-damage|p1a: Chien-Pao|0 fnt\n|faint|p1a: Chien-Pao\n|\n|upkeep\n|\n|t:|1700875351\n|switch|p1a: Rillaboom|Rillaboom, L50, F|100\/100\n|-fieldstart|move: Grassy Terrain|[from] ability: Grassy Surge|[of] p1a: Rillaboom\n|turn|4\n|\n|t:|1700875365\n|switch|p2b: Sasha Colby|Flutter Mane, L50|3\/100\n|move|p1a: Rillaboom|Fake Out|p2a: Lawrence\n|-resisted|p2a: Lawrence\n|-damage|p2a: Lawrence|73\/100\n|move|p1b: Tornadus|Bleakwind Storm|p2a: Lawrence|[spread] p2a,p2b\n|-resisted|p2a: Lawrence\n|-damage|p2a: Lawrence|61\/100\n|-damage|p2b: Sasha Colby|0 fnt\n|faint|p2b: Sasha Colby\n|-end|p2b: Sasha Colby|Protosynthesis|[silent]\n|cant|p2a: Lawrence|flinch\n|\n|-heal|p2a: Lawrence|67\/100|[from] Grassy Terrain\n|upkeep\n|\n|t:|1700875372\n|switch|p2b: Luquisha|Landorus-Therian, L50, M, tera:Flying|27\/100\n|-ability|p2b: Luquisha|Intimidate|boost\n|-unboost|p1a: Rillaboom|atk|1\n|-unboost|p1b: Tornadus|atk|1\n|turn|5\n|inactive|RotovicVGC has 30 seconds left.\n|\n|t:|1700875399\n|move|p1b: Tornadus|Rain Dance|p1b: Tornadus\n|-weather|RainDance\n|move|p1a: Rillaboom|Wood Hammer|p2b: Luquisha\n|-resisted|p2b: Luquisha\n|-damage|p2b: Luquisha|2\/100\n|-damage|p1a: Rillaboom|93\/100|[from] Recoil\n|move|p2b: Luquisha|Tera Blast|p1a: Rillaboom|[anim] Tera Blast Flying\n|-supereffective|p1a: Rillaboom\n|-damage|p1a: Rillaboom|0 fnt\n|faint|p1a: Rillaboom\n|move|p2a: Lawrence|Heat Wave|p1b: Tornadus\n|-crit|p1b: Tornadus\n|-damage|p1b: Tornadus|60\/100\n|\n|-weather|RainDance|[upkeep]\n|-heal|p2a: Lawrence|73\/100|[from] Grassy Terrain\n|-sideend|p1: RotovicVGC|move: Tailwind\n|upkeep\n|turn|6\n|c|\u2606RotovicVGC|ggs\n|\n|t:|1700875415\n|move|p2b: Luquisha|Tera Blast|p1b: Tornadus|[anim] Tera Blast Flying\n|-damage|p1b: Tornadus|5\/100\n|move|p1b: Tornadus|Bleakwind Storm|p2b: Luquisha|[spread] p2a,p2b\n|-resisted|p2a: Lawrence\n|-damage|p2a: Lawrence|58\/100\n|-damage|p2b: Luquisha|0 fnt\n|faint|p2b: Luquisha\n|move|p2a: Lawrence|Flash Cannon|p1b: Tornadus\n|-damage|p1b: Tornadus|0 fnt\n|faint|p1b: Tornadus\n|\n|win|Fancy Cucudrula\n|c|\u2606RotovicVGC|jugue super yolo\n|c|\u2606Fancy Cucudrula|ggs bello!\n","uploadtime":1700875536,"views":5,"p1id":"rotovicvgc","p2id":"fancycucudrula","formatid":"gen9vgc2023regulatione","rating":0,"private":0,"password":""}