{"id":"gen9vgc2023regulatione-1992451678","p1":"Chowdah","p2":"Hinkle54","format":"[Gen 9] VGC 2023 Regulation E","log":"|j|\u2606Chowdah\n|j|\u2606Hinkle54\n|n|\u2606Chowdah|chowdah\n|n|\u2606Hinkle54|hinkle54\n|html|View the match progress at <a href=\"\/game-bestof3-gen9vgc2023regulatione-1992445302\">game-bestof3-gen9vgc2023regulatione-1992445302<\/a>\n|t:|1700189221\n|gametype|doubles\n|player|p1|Chowdah|hiker-gen1rb|\n|player|p2|Hinkle54|clown|\n|teamsize|p1|6\n|teamsize|p2|6\n|gen|9\n|tier|[Gen 9] VGC 2023 Regulation E\n|rule|Species Clause: Limit one of each Pok\u00e9mon\n|rule|Item Clause: Limit one of each item\n|clearpoke\n|poke|p1|Urshifu-*, L50, F|\n|poke|p1|Shiftry, L50, M|\n|poke|p1|Heatran, L50, M|\n|poke|p1|Regidrago, L50|\n|poke|p1|Clefairy, L50, M|\n|poke|p1|Azumarill, L50, F|\n|poke|p2|Enamorus-Therian, L50, F|\n|poke|p2|Empoleon, L50, M|\n|poke|p2|Cresselia, L50, F|\n|poke|p2|Milotic, L50, M|\n|poke|p2|Ursaluna, L50, M|\n|poke|p2|Pawmot, L50, F|\n|teampreview|4\nHinkle54 has agreed to open team sheets.\nChowdah has agreed to open team sheets.\n|showteam|p1|Urshifu||LifeOrb|UnseenFist|CloseCombat,SuckerPunch,WickedBlow,Protect|||F|||50|,,,,,Dark]Shiftry||FocusSash|Chlorophyll|Taunt,Tailwind,FakeOut,KnockOff|||M|||50|,,,,,Poison]Heatran||Leftovers|FlashFire|MagmaStorm,FlashCannon,EarthPower,Protect|||M|||50|,,,,,Fairy]Regidrago||DragonFang|DragonsMaw|DracoMeteor,DragonEnergy,EarthPower,Protect||||||50|,,,,,Steel]Clefairy||Eviolite|FriendGuard|IcyWind,HealPulse,FollowMe,Moonblast|||M|||50|,,,,,Fairy]Azumarill||AssaultVest|ThickFat|IceSpinner,AquaJet,Liquidation,PlayRough|||F|||50|,,,,,Grass\n|showteam|p2|Enamorus-Therian||ChoiceSpecs|Overcoat|DazzlingGleam,SludgeBomb,EarthPower,Moonblast|||F|||50|,,,,,Water]Empoleon||AssaultVest|Competitive|KnockOff,WaterPledge,AirSlash,FlashCannon|||M|||50|,,,,,Flying]Cresselia||MentalHerb|Levitate|TrickRoom,HelpingHand,DazzlingGleam,Protect|||F|||50|,,,,,Fairy]Milotic||Leftovers|Competitive|Haze,Scald,IceBeam,Protect|||M|||50|,,,,,Poison]Ursaluna||FlameOrb|Guts|CloseCombat,Protect,GunkShot,HighHorsepower|||M|||50|,,,,,Grass]Pawmot||FocusSash|IronFist|FakeOut,RevivalBlessing,DoubleShock,CloseCombat|||F|||50|,,,,,Electric\n|\n|t:|1700189261\n|start\n|switch|p1a: Community Theatre|Urshifu, L50, F|100\/100\n|switch|p1b: Requis (Big Spoon)|Clefairy, L50, M|100\/100\n|switch|p2a: Big Hoss|Cresselia, L50, F|100\/100\n|switch|p2b: The Gungler|Empoleon, L50, M|100\/100\n|turn|1\n|\n|t:|1700189337\n|-terastallize|p1a: Community Theatre|Dark\n|-terastallize|p2b: The Gungler|Flying\n|move|p1b: Requis (Big Spoon)|Follow Me|p1b: Requis (Big Spoon)\n|-singleturn|p1b: Requis (Big Spoon)|move: Follow Me\n|move|p1a: Community Theatre|Wicked Blow|p2a: Big Hoss\n|-supereffective|p2a: Big Hoss\n|-crit|p2a: Big Hoss\n|-damage|p2a: Big Hoss|0 fnt\n|faint|p2a: Big Hoss\n|-damage|p1a: Community Theatre|91\/100|[from] item: Life Orb\n|move|p2b: The Gungler|Knock Off|p1b: Requis (Big Spoon)\n|-resisted|p1b: Requis (Big Spoon)\n|-damage|p1b: Requis (Big Spoon)|91\/100\n|-enditem|p1b: Requis (Big Spoon)|Eviolite|[from] move: Knock Off|[of] p2b: The Gungler\n|\n|upkeep\n|\n|t:|1700189360\n|switch|p2a: Squirrely Frank|Enamorus-Therian, L50, F|100\/100\n|turn|2\n|\n|t:|1700189381\n|move|p1a: Community Theatre|Protect|p1a: Community Theatre\n|-singleturn|p1a: Community Theatre|Protect\n|move|p2b: The Gungler|Flash Cannon|p1a: Community Theatre\n|-activate|p1a: Community Theatre|move: Protect\n|move|p1b: Requis (Big Spoon)|Icy Wind|p2b: The Gungler|[spread] p2a,p2b\n|-supereffective|p2a: Squirrely Frank\n|-supereffective|p2b: The Gungler\n|-damage|p2a: Squirrely Frank|87\/100\n|-damage|p2b: The Gungler|93\/100\n|-unboost|p2a: Squirrely Frank|spe|1\n|-unboost|p2b: The Gungler|spe|1\n|-ability|p2b: The Gungler|Competitive|boost\n|-boost|p2b: The Gungler|spa|2\n|move|p2a: Squirrely Frank|Dazzling Gleam|p1a: Community Theatre|[spread] p1b\n|-activate|p1a: Community Theatre|move: Protect\n|-damage|p1b: Requis (Big Spoon)|20\/100\n|\n|upkeep\n|turn|3\n|\n|t:|1700189424\n|switch|p1b: Balls on Car|Heatran, L50, M|100\/100\n|move|p1a: Community Theatre|Wicked Blow|p2b: The Gungler\n|-crit|p2b: The Gungler\n|-damage|p2b: The Gungler|0 fnt\n|faint|p2b: The Gungler\n|-damage|p1a: Community Theatre|81\/100|[from] item: Life Orb\n|move|p2a: Squirrely Frank|Dazzling Gleam|p1a: Community Theatre|[spread] p1a,p1b\n|-supereffective|p1a: Community Theatre\n|-resisted|p1b: Balls on Car\n|-damage|p1a: Community Theatre|0 fnt\n|-damage|p1b: Balls on Car|90\/100\n|faint|p1a: Community Theatre\n|\n|-heal|p1b: Balls on Car|96\/100|[from] item: Leftovers\n|upkeep\n|\n|t:|1700189443\n|switch|p1a: Requis (Big Spoon)|Clefairy, L50, M|20\/100\n|switch|p2b: Not a Rock|Ursaluna, L50, M|100\/100\n|turn|4\n|\n|t:|1700189463\n|move|p1a: Requis (Big Spoon)|Follow Me|p1a: Requis (Big Spoon)\n|-singleturn|p1a: Requis (Big Spoon)|move: Follow Me\n|move|p1b: Balls on Car|Flash Cannon|p2a: Squirrely Frank\n|-supereffective|p2a: Squirrely Frank\n|-damage|p2a: Squirrely Frank|0 fnt\n|faint|p2a: Squirrely Frank\n|move|p2b: Not a Rock|High Horsepower|p1a: Requis (Big Spoon)\n|-damage|p1a: Requis (Big Spoon)|0 fnt\n|faint|p1a: Requis (Big Spoon)\n|\n|-heal|p1b: Balls on Car|100\/100|[from] item: Leftovers\n|-status|p2b: Not a Rock|brn|[from] item: Flame Orb\n|upkeep\n|\n|t:|1700189476\n|switch|p1a: Broken Bed|Regidrago, L50|100\/100\n|turn|5\n|\n|t:|1700189488\n|move|p1a: Broken Bed|Dragon Energy|p2b: Not a Rock\n|-damage|p2b: Not a Rock|0 fnt\n|faint|p2b: Not a Rock\n|\n|win|Chowdah\n","uploadtime":1700189494,"views":37,"p1id":"chowdah","p2id":"hinkle54","formatid":"gen9vgc2023regulatione","rating":0,"private":0,"password":""}