{"id":"gen9vgc2023regulatione-1999631106","p1":"Dinozoic","p2":"CaliberChamp","format":"[Gen 9] VGC 2023 Regulation E","log":"|j|\u2606Dinozoic\n|j|\u2606CaliberChamp\n|t:|1701102855\n|gametype|doubles\n|player|p1|Dinozoic|scientist-gen4|1154\n|player|p2|CaliberChamp|red-masters|1195\n|teamsize|p1|6\n|teamsize|p2|6\n|gen|9\n|tier|[Gen 9] VGC 2023 Regulation E\n|rated|\n|rule|Species Clause: Limit one of each Pok\u00e9mon\n|rule|Item Clause: Limit one of each item\n|clearpoke\n|poke|p1|Ursaluna-Bloodmoon, L50, M|\n|poke|p1|Cresselia, L50, F|\n|poke|p1|Ogerpon-Wellspring, L50, F|\n|poke|p1|Flutter Mane, L50|\n|poke|p1|Heatran, L50, M|\n|poke|p1|Iron Hands, L50|\n|poke|p2|Cinderace, L50, M|\n|poke|p2|Corviknight, L50, M|\n|poke|p2|Toxtricity-Low-Key, L50, F|\n|poke|p2|Grimmsnarl, L50, M|\n|poke|p2|Quaquaval, L50, M|\n|poke|p2|Frosmoth, L50, F|\n|teampreview|4\n|inactive|Battle timer is ON: inactive players will automatically lose when time's up. (requested by Dinozoic)\n|inactive|CaliberChamp has 60 seconds left.\n|\n|t:|1701102885\n|start\n|switch|p1a: Ursaluna|Ursaluna-Bloodmoon, L50, M|100\/100\n|switch|p1b: Cresselia|Cresselia, L50, F|100\/100\n|switch|p2a: Ace|Cinderace, L50, M|100\/100\n|switch|p2b: Karasu|Corviknight, L50, M|100\/100\n|turn|1\n|inactive|CaliberChamp has 30 seconds left.\n|\n|t:|1701102914\n|switch|p2a: Hyrok|Grimmsnarl, L50, M|100\/100\n|switch|p2b: Frysa|Frosmoth, L50, F|100\/100\n|move|p1a: Ursaluna|Calm Mind|p1a: Ursaluna\n|-boost|p1a: Ursaluna|spa|1\n|-boost|p1a: Ursaluna|spd|1\n|move|p1b: Cresselia|Trick Room|p1b: Cresselia\n|-fieldstart|move: Trick Room|[of] p1b: Cresselia\n|\n|upkeep\n|turn|2\n|\n|t:|1701102936\n|-terastallize|p1a: Ursaluna|Normal\n|move|p1b: Cresselia|Helping Hand|p1a: Ursaluna\n|-singleturn|p1a: Ursaluna|Helping Hand|[of] p1b: Cresselia\n|move|p2a: Hyrok|Light Screen|p2a: Hyrok\n|-sidestart|p2: CaliberChamp|move: Light Screen\n|move|p1a: Ursaluna|Hyper Voice|p2a: Hyrok|[spread] p2a,p2b\n|-damage|p2a: Hyrok|21\/100\n|-damage|p2b: Frysa|77\/100\n|-enditem|p1a: Ursaluna|Throat Spray\n|-boost|p1a: Ursaluna|spa|1|[from] item: Throat Spray\n|move|p2b: Frysa|Struggle Bug|p1a: Ursaluna|[spread] p1a,p1b\n|-supereffective|p1b: Cresselia\n|-crit|p1b: Cresselia\n|-damage|p1a: Ursaluna|88\/100\n|-damage|p1b: Cresselia|69\/100\n|-unboost|p1a: Ursaluna|spa|1\n|-unboost|p1b: Cresselia|spa|1\n|\n|upkeep\n|turn|3\n|\n|t:|1701102955\n|move|p1b: Cresselia|Helping Hand|p1a: Ursaluna\n|-singleturn|p1a: Ursaluna|Helping Hand|[of] p1b: Cresselia\n|move|p2a: Hyrok|Reflect|p2a: Hyrok\n|-sidestart|p2: CaliberChamp|Reflect\n|move|p1a: Ursaluna|Blood Moon|p2b: Frysa\n|-damage|p2b: Frysa|25\/100\n|move|p2b: Frysa|Struggle Bug|p1b: Cresselia|[spread] p1a,p1b\n|-supereffective|p1b: Cresselia\n|-damage|p1a: Ursaluna|75\/100\n|-damage|p1b: Cresselia|47\/100\n|-unboost|p1a: Ursaluna|spa|1\n|-unboost|p1b: Cresselia|spa|1\n|\n|upkeep\n|turn|4\n|\n|t:|1701102979\n|move|p1b: Cresselia|Helping Hand|p1a: Ursaluna\n|-singleturn|p1a: Ursaluna|Helping Hand|[of] p1b: Cresselia\n|move|p1a: Ursaluna|Hyper Voice|p2b: Frysa|[spread] p2a,p2b\n|-crit|p2a: Hyrok\n|-damage|p2a: Hyrok|0 fnt\n|-damage|p2b: Frysa|9\/100\n|faint|p2a: Hyrok\n|move|p2b: Frysa|Struggle Bug|p1a: Ursaluna|[spread] p1a,p1b\n|-supereffective|p1b: Cresselia\n|-damage|p1a: Ursaluna|63\/100\n|-damage|p1b: Cresselia|26\/100\n|-unboost|p1a: Ursaluna|spa|1\n|-unboost|p1b: Cresselia|spa|1\n|\n|upkeep\n|\n|t:|1701102997\n|switch|p2a: Karasu|Corviknight, L50, M|100\/100\n|turn|5\n|\n|t:|1701103012\n|switch|p1a: Ogerpon|Ogerpon-Wellspring, L50, F|100\/100\n|move|p2b: Frysa|Struggle Bug|p1a: Ogerpon|[spread] p1a,p1b\n|-supereffective|p1a: Ogerpon\n|-supereffective|p1b: Cresselia\n|-damage|p1a: Ogerpon|50\/100\n|-damage|p1b: Cresselia|6\/100\n|-unboost|p1a: Ogerpon|spa|1\n|-unboost|p1b: Cresselia|spa|1\n|move|p2a: Karasu|Bulk Up|p2a: Karasu\n|-boost|p2a: Karasu|atk|1\n|-boost|p2a: Karasu|def|1\n|move|p1b: Cresselia|Psychic|p2b: Frysa\n|-damage|p2b: Frysa|7\/100\n|\n|-fieldend|move: Trick Room\n|upkeep\n|turn|6\n|inactive|CaliberChamp has 30 seconds left.\n|\n|t:|1701103040\n|move|p1a: Ogerpon|Spiky Shield|p1a: Ogerpon\n|-singleturn|p1a: Ogerpon|move: Protect\n|move|p1b: Cresselia|Psychic|p2b: Frysa\n|-damage|p2b: Frysa|5\/100\n|move|p2a: Karasu|Brave Bird|p1a: Ogerpon\n|-activate|p1a: Ogerpon|move: Protect\n|-damage|p2a: Karasu|88\/100|[from] Spiky Shield|[of] p1a: Ogerpon\n|move|p2b: Frysa|Struggle Bug|p1a: Ogerpon|[spread] p1b\n|-activate|p1a: Ogerpon|move: Protect\n|-supereffective|p1b: Cresselia\n|-damage|p1b: Cresselia|0 fnt\n|faint|p1b: Cresselia\n|\n|upkeep\n|\n|t:|1701103057\n|switch|p1b: Heatran|Heatran, L50, M|100\/100\n|turn|7\n|\n|t:|1701103076\n|-terastallize|p2a: Karasu|Fire\n|move|p1a: Ogerpon|Follow Me|p1a: Ogerpon\n|-singleturn|p1a: Ogerpon|move: Follow Me\n|move|p1b: Heatran|Heat Wave|p2b: Frysa|[spread] p2b\n|-miss|p1b: Heatran|p2a: Karasu\n|-supereffective|p2b: Frysa\n|-damage|p2b: Frysa|0 fnt\n|faint|p2b: Frysa\n|move|p2a: Karasu|Brave Bird|p1a: Ogerpon\n|-supereffective|p1a: Ogerpon\n|-damage|p1a: Ogerpon|0 fnt\n|faint|p1a: Ogerpon\n|-damage|p2a: Karasu|76\/100|[from] Recoil\n|\n|upkeep\n|\n|t:|1701103090\n|switch|p1a: Ursaluna|Ursaluna-Bloodmoon, L50, M, tera:Normal|63\/100\n|switch|p2b: Ace|Cinderace, L50, M|100\/100\n|turn|8\n|\n|t:|1701103112\n|move|p2b: Ace|High Jump Kick|p1a: Ursaluna\n|-start|p2b: Ace|typechange|Fighting|[from] ability: Libero\n|-supereffective|p1a: Ursaluna\n|-damage|p1a: Ursaluna|0 fnt\n|faint|p1a: Ursaluna\n|-damage|p2b: Ace|91\/100|[from] item: Life Orb\n|move|p2a: Karasu|Body Press|p1b: Heatran\n|-supereffective|p1b: Heatran\n|-damage|p1b: Heatran|37\/100\n|move|p1b: Heatran|Earth Power|p2a: Karasu\n|-supereffective|p2a: Karasu\n|-damage|p2a: Karasu|28\/100\n|-ability|p2a: Karasu|Mirror Armor\n|-unboost|p1b: Heatran|spd|1\n|\n|-heal|p1b: Heatran|43\/100|[from] item: Leftovers\n|upkeep\n|turn|9\n|-message|Dinozoic forfeited.\n|\n|win|CaliberChamp\n|raw|Dinozoic's rating: 1154 &rarr; <strong>1132<\/strong><br \/>(-22 for losing)\n|raw|CaliberChamp's rating: 1195 &rarr; <strong>1217<\/strong><br \/>(+22 for winning)\n|l|\u2606Dinozoic\n","uploadtime":1701103141,"views":9,"p1id":"dinozoic","p2id":"caliberchamp","formatid":"gen9vgc2023regulatione","rating":1132,"private":0,"password":""}