{"id":"gen9vgc2023regulatione-1998140928","p1":"haamgamer07-R","p2":"Lemonese","format":"[Gen 9] VGC 2023 Regulation E","log":"|j|\u2606haamgamer07-R\n|j|\u2606Lemonese\n|t:|1700899120\n|gametype|doubles\n|player|p1|haamgamer07-R|169|1080\n|player|p2|Lemonese|maid|1151\n|teamsize|p1|6\n|teamsize|p2|6\n|gen|9\n|tier|[Gen 9] VGC 2023 Regulation E\n|rated|\n|rule|Species Clause: Limit one of each Pok\u00e9mon\n|rule|Item Clause: Limit one of each item\n|clearpoke\n|poke|p1|Ursaluna, L50, F|\n|poke|p1|Roaring Moon, L50|\n|poke|p1|Armarouge, L50, F|\n|poke|p1|Torkoal, L50, M|\n|poke|p1|Indeedee-F, L50, F|\n|poke|p1|Bronzong, L50|\n|poke|p2|Ogerpon-Wellspring, L50, F|\n|poke|p2|Iron Hands, L50|\n|poke|p2|Farigiraf, L50, M|\n|poke|p2|Landorus-Therian, L50, M|\n|poke|p2|Flutter Mane, L50|\n|poke|p2|Roaring Moon, L50|\n|teampreview|4\n|inactive|Battle timer is ON: inactive players will automatically lose when time's up. (requested by haamgamer07-R)\n|inactive|haamgamer07-R has 60 seconds left.\n|\n|t:|1700899183\n|start\n|switch|p1a: Roaring Moon|Roaring Moon, L50|100\/100\n|switch|p1b: Indeedee|Indeedee-F, L50, F|100\/100\n|switch|p2a: Iron Hands|Iron Hands, L50|100\/100\n|switch|p2b: Farigiraf|Farigiraf, L50, M|100\/100\n|-fieldstart|move: Psychic Terrain|[from] ability: Psychic Surge|[of] p1b: Indeedee\n|-enditem|p1a: Roaring Moon|Booster Energy\n|-activate|p1a: Roaring Moon|ability: Protosynthesis|[fromitem]\n|-start|p1a: Roaring Moon|protosynthesisspe\n|turn|1\n|inactive|haamgamer07-R has 30 seconds left.\n|inactive|haamgamer07-R has 20 seconds left.\n|inactive|haamgamer07-R has 15 seconds left.\n|inactive|haamgamer07-R has 10 seconds left.\n|\n|t:|1700899229\n|move|p1b: Indeedee|Follow Me|p1b: Indeedee\n|-singleturn|p1b: Indeedee|move: Follow Me\n|move|p1a: Roaring Moon|Breaking Swipe|p2a: Iron Hands|[spread] p2a,p2b\n|-crit|p2a: Iron Hands\n|-damage|p2a: Iron Hands|75\/100\n|-damage|p2b: Farigiraf|77\/100\n|-unboost|p2a: Iron Hands|atk|1\n|-unboost|p2b: Farigiraf|atk|1\n|move|p2b: Farigiraf|Imprison|p2b: Farigiraf\n|-start|p2b: Farigiraf|move: Imprison\n|move|p2a: Iron Hands|Drain Punch|p1b: Indeedee\n|-damage|p1b: Indeedee|72\/100\n|-heal|p2a: Iron Hands|87\/100|[from] drain|[of] p1b: Indeedee\n|\n|upkeep\n|turn|2\n|inactive|haamgamer07-R has 30 seconds left.\n|inactive|Lemonese has 30 seconds left.\n|inactive|haamgamer07-R has 20 seconds left.\n|inactive|haamgamer07-R has 15 seconds left.\n|inactive|haamgamer07-R has 10 seconds left.\n|\n|t:|1700899278\n|move|p1a: Roaring Moon|U-turn|p2b: Farigiraf\n|-supereffective|p2b: Farigiraf\n|-damage|p2b: Farigiraf|25\/100\n|\n|t:|1700899281\n|-end|p1a: Roaring Moon|Protosynthesis|[silent]\n|switch|p1a: Bronzong|Bronzong, L50|100\/100|[from] U-turn\n|move|p1b: Indeedee|Dazzling Gleam|p2a: Iron Hands|[spread] p2a,p2b\n|-supereffective|p2a: Iron Hands\n|-crit|p2a: Iron Hands\n|-damage|p2a: Iron Hands|66\/100\n|-damage|p2b: Farigiraf|11\/100\n|move|p2a: Iron Hands|Drain Punch|p1a: Bronzong\n|-damage|p1a: Bronzong|81\/100\n|-heal|p2a: Iron Hands|74\/100|[from] drain|[of] p1a: Bronzong\n|move|p2b: Farigiraf|Trick Room|p2b: Farigiraf\n|-fieldstart|move: Trick Room|[of] p2b: Farigiraf\n|\n|upkeep\n|turn|3\n|inactive|haamgamer07-R has 30 seconds left.\n|inactive|Lemonese has 30 seconds left.\n|\n|t:|1700899309\n|move|p2b: Farigiraf|Protect|p2b: Farigiraf\n|-singleturn|p2b: Farigiraf|Protect\n|move|p1a: Bronzong|Iron Defense|p1a: Bronzong\n|-boost|p1a: Bronzong|def|2\n|move|p2a: Iron Hands|Wild Charge|p1a: Bronzong\n|-damage|p1a: Bronzong|67\/100\n|-damage|p2a: Iron Hands|71\/100|[from] Recoil\n|move|p1b: Indeedee|Dazzling Gleam|p2a: Iron Hands|[spread] p2a\n|-activate|p2b: Farigiraf|move: Protect\n|-supereffective|p2a: Iron Hands\n|-damage|p2a: Iron Hands|56\/100\n|\n|upkeep\n|turn|4\n|\n|t:|1700899331\n|-end|p2a: Iron Hands|Quark Drive|[silent]\n|switch|p2a: Ogerpon|Ogerpon-Wellspring, L50, F|100\/100\n|move|p1a: Bronzong|Iron Defense|p1a: Bronzong\n|-boost|p1a: Bronzong|def|2\n|move|p2b: Farigiraf|Hyper Voice|p1b: Indeedee|[spread] p1a,p1b\n|-resisted|p1a: Bronzong\n|-damage|p1a: Bronzong|51\/100\n|-damage|p1b: Indeedee|41\/100\n|move|p1b: Indeedee|Dazzling Gleam|p2b: Farigiraf|[spread] p2a,p2b\n|-damage|p2a: Ogerpon|89\/100\n|-damage|p2b: Farigiraf|0 fnt\n|faint|p2b: Farigiraf\n|\n|upkeep\n|\n|t:|1700899342\n|switch|p2b: Iron Hands|Iron Hands, L50|56\/100\n|turn|5\n|inactive|haamgamer07-R has 30 seconds left.\n|inactive|haamgamer07-R has 20 seconds left.\n|inactive|haamgamer07-R has 15 seconds left.\n|inactive|haamgamer07-R has 10 seconds left.\n|\n|t:|1700899388\n|-terastallize|p2a: Ogerpon|Water\n|detailschange|p2a: Ogerpon|Ogerpon-Wellspring-Tera, L50, F, tera:Water\n|-ability|p2a: Ogerpon|Embody Aspect (Wellspring)|boost\n|-boost|p2a: Ogerpon|spd|1\n|move|p1a: Bronzong|Body Press|p2a: Ogerpon\n|-damage|p2a: Ogerpon|0 fnt\n|faint|p2a: Ogerpon\n|move|p2b: Iron Hands|Wild Charge|p1b: Indeedee\n|-damage|p1b: Indeedee|0 fnt\n|faint|p1b: Indeedee\n|-damage|p2b: Iron Hands|49\/100|[from] Recoil\n|\n|-fieldend|move: Psychic Terrain\n|upkeep\n|\n|t:|1700899407\n|switch|p1b: Ursaluna|Ursaluna, L50, F|100\/100\n|switch|p2a: Flutter Mane|Flutter Mane, L50|100\/100\n|turn|6\n|\n|t:|1700899428\n|move|p2a: Flutter Mane|Protect|p2a: Flutter Mane\n|-singleturn|p2a: Flutter Mane|Protect\n|move|p1a: Bronzong|Body Press|p2b: Iron Hands\n|-damage|p2b: Iron Hands|0 fnt\n|faint|p2b: Iron Hands\n|-end|p2b: Iron Hands|Quark Drive|[silent]\n|move|p1b: Ursaluna|Shadow Claw|p2a: Flutter Mane\n|-activate|p2a: Flutter Mane|move: Protect\n|\n|-fieldend|move: Trick Room\n|-status|p1b: Ursaluna|brn|[from] item: Flame Orb\n|upkeep\n|turn|7\n|-message|Lemonese forfeited.\n|\n|win|haamgamer07-R\n|raw|haamgamer07-R's rating: 1080 &rarr; <strong>1114<\/strong><br \/>(+34 for winning)\n|raw|Lemonese's rating: 1151 &rarr; <strong>1121<\/strong><br \/>(-30 for losing)\n|l|\u2606Lemonese\n|l|\u2606haamgamer07-R\n|j|\u2606haamgamer07-R\n|player|p1|haamgamer07-R|169\n","uploadtime":1700899466,"views":2,"p1id":"haamgamer07r","p2id":"lemonese","formatid":"gen9vgc2023regulatione","rating":1114,"private":0,"password":""}