{"id":"gen9vgc2023regulatione-1998330597","p1":"Abused24test","p2":"Cinderlace","format":"[Gen 9] VGC 2023 Regulation E","log":"|j|\u2606Abused24test\n|j|\u2606Cinderlace\n|t:|1700930265\n|gametype|doubles\n|player|p1|Abused24test|dawn|1296\n|player|p2|Cinderlace|ingo|1226\n|teamsize|p1|6\n|teamsize|p2|6\n|gen|9\n|tier|[Gen 9] VGC 2023 Regulation E\n|rated|\n|rule|Species Clause: Limit one of each Pok\u00e9mon\n|rule|Item Clause: Limit one of each item\n|clearpoke\n|poke|p1|Ogerpon-Wellspring, L50, F|\n|poke|p1|Rillaboom, L50, F|\n|poke|p1|Kingambit, L50, M|\n|poke|p1|Arcanine-Hisui, L50, M|\n|poke|p1|Flutter Mane, L50|\n|poke|p1|Tornadus, L50, M|\n|poke|p2|Urshifu-*, L50, F|\n|poke|p2|Roaring Moon, L50|\n|poke|p2|Iron Hands, L50|\n|poke|p2|Landorus-Therian, L50, M|\n|poke|p2|Flutter Mane, L50|\n|poke|p2|Rillaboom, L50, F|\n|teampreview|4\n|inactive|Battle timer is ON: inactive players will automatically lose when time's up. (requested by Cinderlace)\n|\n|t:|1700930297\n|start\n|switch|p1a: Flutter Mane|Flutter Mane, L50|100\/100\n|switch|p1b: Ogerpon|Ogerpon-Wellspring, L50, F|100\/100\n|switch|p2a: Monke|Rillaboom, L50, F, shiny|100\/100\n|switch|p2b: Peridot|Flutter Mane, L50, shiny|100\/100\n|-fieldstart|move: Grassy Terrain|[from] ability: Grassy Surge|[of] p2a: Monke\n|-enditem|p1a: Flutter Mane|Booster Energy\n|-activate|p1a: Flutter Mane|ability: Protosynthesis|[fromitem]\n|-start|p1a: Flutter Mane|protosynthesisspa\n|turn|1\n|inactive|Cinderlace has 30 seconds left.\n|\n|t:|1700930323\n|-terastallize|p2a: Monke|Grass\n|move|p1a: Flutter Mane|Protect|p1a: Flutter Mane\n|-singleturn|p1a: Flutter Mane|Protect\n|move|p1b: Ogerpon|Spiky Shield|p1b: Ogerpon\n|-singleturn|p1b: Ogerpon|move: Protect\n|move|p2a: Monke|Grassy Glide|p1a: Flutter Mane\n|-activate|p1a: Flutter Mane|move: Protect\n|move|p2b: Peridot|Moonblast|p1b: Ogerpon\n|-activate|p1b: Ogerpon|move: Protect\n|\n|upkeep\n|turn|2\n|inactive|Abused24test has 30 seconds left.\n|inactive|Abused24test has 20 seconds left.\n|inactive|Abused24test has 15 seconds left.\n|inactive|Abused24test has 10 seconds left.\n|\n|t:|1700930369\n|-end|p1a: Flutter Mane|Protosynthesis|[silent]\n|switch|p1a: Arcanine|Arcanine-Hisui, L50, M|100\/100\n|-ability|p1a: Arcanine|Intimidate|boost\n|-unboost|p2a: Monke|atk|1\n|-unboost|p2b: Peridot|atk|1\n|-end|p2b: Peridot|Protosynthesis|[silent]\n|switch|p2b: Egg|Iron Hands, L50, shiny|100\/100\n|switch|p1b: Rillaboom|Rillaboom, L50, F|100\/100\n|move|p2a: Monke|Grassy Glide|p1a: Arcanine\n|-damage|p1a: Arcanine|56\/100\n|\n|-heal|p1a: Arcanine|63\/100|[from] Grassy Terrain\n|upkeep\n|turn|3\n|\n|t:|1700930386\n|-terastallize|p1a: Arcanine|Fairy\n|move|p2a: Monke|Protect|p2a: Monke\n|-singleturn|p2a: Monke|Protect\n|move|p1b: Rillaboom|Fake Out|p2b: Egg\n|-damage|p2b: Egg|90\/100\n|move|p1a: Arcanine|Tera Blast|p2b: Egg|[anim] Tera Blast Fairy\n|-supereffective|p2b: Egg\n|-damage|p2b: Egg|10\/100\n|cant|p2b: Egg|flinch\n|\n|-heal|p1a: Arcanine|69\/100|[from] Grassy Terrain\n|-heal|p2b: Egg|16\/100|[from] Grassy Terrain\n|upkeep\n|turn|4\n|inactive|Abused24test has 30 seconds left.\n|\n|t:|1700930419\n|switch|p1a: Flutter Mane|Flutter Mane, L50|100\/100\n|switch|p2a: Roaring Moon|Roaring Moon, L50, shiny|100\/100\n|-enditem|p2a: Roaring Moon|Booster Energy\n|-activate|p2a: Roaring Moon|ability: Protosynthesis|[fromitem]\n|-start|p2a: Roaring Moon|protosynthesisatk\n|move|p1b: Rillaboom|Grassy Glide|p2b: Egg\n|-crit|p2b: Egg\n|-damage|p2b: Egg|0 fnt\n|faint|p2b: Egg\n|-end|p2b: Egg|Quark Drive|[silent]\n|\n|upkeep\n|\n|t:|1700930432\n|switch|p2b: Monke|Rillaboom, L50, F, shiny, tera:Grass|100\/100\n|turn|5\n|\n|t:|1700930441\n|switch|p1b: Arcanine|Arcanine-Hisui, L50, M, tera:Fairy|69\/100\n|-ability|p1b: Arcanine|Intimidate|boost\n|-unboost|p2a: Roaring Moon|atk|1\n|-unboost|p2b: Monke|atk|1\n|move|p1a: Flutter Mane|Protect|p1a: Flutter Mane\n|-singleturn|p1a: Flutter Mane|Protect\n|move|p2b: Monke|Grassy Glide|p1a: Flutter Mane\n|-activate|p1a: Flutter Mane|move: Protect\n|move|p2a: Roaring Moon|Acrobatics|p1b: Arcanine\n|-damage|p1b: Arcanine|29\/100\n|\n|-heal|p1b: Arcanine|36\/100|[from] Grassy Terrain\n|-fieldend|move: Grassy Terrain\n|upkeep\n|turn|6\n|inactive|Abused24test has 30 seconds left.\n|inactive|Abused24test has 20 seconds left.\n|inactive|Abused24test has 15 seconds left.\n|inactive|Abused24test has 10 seconds left.\n|\n|t:|1700930490\n|switch|p2b: Peridot|Flutter Mane, L50, shiny|100\/100\n|move|p2a: Roaring Moon|Acrobatics|p1b: Arcanine\n|-damage|p1b: Arcanine|0 fnt\n|faint|p1b: Arcanine\n|move|p1a: Flutter Mane|Dazzling Gleam|p2b: Peridot|[spread] p2a,p2b\n|-supereffective|p2a: Roaring Moon\n|-damage|p2a: Roaring Moon|0 fnt\n|-damage|p2b: Peridot|69\/100\n|faint|p2a: Roaring Moon\n|-end|p2a: Roaring Moon|Protosynthesis|[silent]\n|\n|upkeep\n|\n|t:|1700930504\n|switch|p2a: Monke|Rillaboom, L50, F, shiny, tera:Grass|100\/100\n|switch|p1b: Ogerpon|Ogerpon-Wellspring, L50, F|100\/100\n|-fieldstart|move: Grassy Terrain|[from] ability: Grassy Surge|[of] p2a: Monke\n|turn|7\n|\n|t:|1700930524\n|move|p1b: Ogerpon|Follow Me|p1b: Ogerpon\n|-singleturn|p1b: Ogerpon|move: Follow Me\n|move|p2a: Monke|Grassy Glide|p1b: Ogerpon\n|-damage|p1b: Ogerpon|49\/100\n|move|p1a: Flutter Mane|Shadow Ball|p2b: Peridot\n|-supereffective|p2b: Peridot\n|-damage|p2b: Peridot|0 fnt\n|faint|p2b: Peridot\n|-end|p2b: Peridot|Protosynthesis|[silent]\n|\n|-heal|p1b: Ogerpon|55\/100|[from] Grassy Terrain\n|upkeep\n|turn|8\n|\n|t:|1700930537\n|move|p1b: Ogerpon|Follow Me|p1b: Ogerpon\n|-singleturn|p1b: Ogerpon|move: Follow Me\n|move|p2a: Monke|Grassy Glide|p1b: Ogerpon\n|-damage|p1b: Ogerpon|0 fnt\n|faint|p1b: Ogerpon\n|move|p1a: Flutter Mane|Moonblast|p2a: Monke\n|-damage|p2a: Monke|47\/100\n|\n|-heal|p2a: Monke|52\/100|[from] Grassy Terrain\n|upkeep\n|\n|t:|1700930547\n|switch|p1b: Rillaboom|Rillaboom, L50, F|100\/100\n|turn|9\n|\n|t:|1700930557\n|move|p2a: Monke|Protect|p2a: Monke\n|-singleturn|p2a: Monke|Protect\n|move|p1b: Rillaboom|Fake Out|p2a: Monke\n|-activate|p2a: Monke|move: Protect\n|move|p1a: Flutter Mane|Moonblast|p2a: Monke\n|-activate|p2a: Monke|move: Protect\n|\n|-heal|p2a: Monke|58\/100|[from] Grassy Terrain\n|upkeep\n|turn|10\n|\n|t:|1700930568\n|move|p2a: Monke|Grassy Glide|p1a: Flutter Mane\n|-damage|p1a: Flutter Mane|0 fnt\n|faint|p1a: Flutter Mane\n|-end|p1a: Flutter Mane|Protosynthesis|[silent]\n|move|p1b: Rillaboom|Wood Hammer|p2a: Monke\n|-resisted|p2a: Monke\n|-damage|p2a: Monke|21\/100\n|-damage|p1b: Rillaboom|88\/100|[from] Recoil\n|\n|-heal|p2a: Monke|27\/100|[from] Grassy Terrain\n|-heal|p1b: Rillaboom|94\/100|[from] Grassy Terrain\n|upkeep\n|turn|11\n|\n|t:|1700930580\n|move|p2a: Monke|Wood Hammer|p1b: Rillaboom\n|-resisted|p1b: Rillaboom\n|-damage|p1b: Rillaboom|34\/100\n|-damage|p2a: Monke|7\/100|[from] Recoil\n|move|p1b: Rillaboom|Wood Hammer|p2a: Monke\n|-resisted|p2a: Monke\n|-damage|p2a: Monke|0 fnt\n|faint|p2a: Monke\n|-damage|p1b: Rillaboom|32\/100|[from] Recoil\n|\n|win|Abused24test\n|raw|Abused24test's rating: 1296 &rarr; <strong>1316<\/strong><br \/>(+20 for winning)\n|raw|Cinderlace's rating: 1226 &rarr; <strong>1206<\/strong><br \/>(-20 for losing)\n|l|\u2606Cinderlace\n","uploadtime":1700930598,"views":14,"p1id":"abused24test","p2id":"cinderlace","formatid":"gen9vgc2023regulatione","rating":1206,"private":0,"password":""}