{"id":"gen9vgc2023regulatione-1993111549","p1":"MidnightV2","p2":"bluejellogamesV2","format":"[Gen 9] VGC 2023 Regulation E","log":"|j|\u2606MidnightV2\n|j|\u2606bluejellogamesV2\n|n|\u2606MidnightV2|midnightv2\n|n|\u2606bluejellogamesV2|bluejellogamesv2\n|html|View the match progress at <a href=\"\/game-bestof3-gen9vgc2023regulatione-1993108352\">game-bestof3-gen9vgc2023regulatione-1993108352<\/a>\n|t:|1700266098\n|gametype|doubles\n|player|p1|MidnightV2|steven|\n|player|p2|bluejellogamesV2|iris|\n|teamsize|p1|6\n|teamsize|p2|6\n|gen|9\n|tier|[Gen 9] VGC 2023 Regulation E\n|rule|Species Clause: Limit one of each Pok\u00e9mon\n|rule|Item Clause: Limit one of each item\n|clearpoke\n|poke|p1|Flutter Mane, L50|\n|poke|p1|Ursaluna-Bloodmoon, L50, M|\n|poke|p1|Glimmora, L50, F|\n|poke|p1|Cetitan, L50, F|\n|poke|p1|Barraskewda, L50, M|\n|poke|p1|Klefki, L50, M|\n|poke|p2|Oricorio-Pom-Pom, L50, F|\n|poke|p2|Lilligant, L50, F|\n|poke|p2|Roaring Moon, L50|\n|poke|p2|Volcarona, L50, F|\n|poke|p2|Torkoal, L50, F|\n|poke|p2|Iron Hands, L50|\n|teampreview|4\n|\n|t:|1700266183\n|start\n|switch|p1a: Ursaluna|Ursaluna-Bloodmoon, L50, M|100\/100\n|switch|p1b: Klefki|Klefki, L50, M|100\/100\n|switch|p2a: Footloose|Oricorio-Pom-Pom, L50, F|100\/100\n|switch|p2b: Dirty Dancing|Lilligant, L50, F|100\/100\n|turn|1\n|\n|t:|1700266236\n|move|p1b: Klefki|Light Screen|p1b: Klefki\n|-sidestart|p1: MidnightV2|move: Light Screen\n|move|p2a: Footloose|Quiver Dance|p2a: Footloose\n|-boost|p2a: Footloose|spa|1\n|-boost|p2a: Footloose|spd|1\n|-boost|p2a: Footloose|spe|1\n|move|p2b: Dirty Dancing|Petal Dance|p1a: Ursaluna\n|-supereffective|p1a: Ursaluna\n|-damage|p1a: Ursaluna|11\/100\n|-activate|p2a: Footloose|ability: Dancer\n|move|p2a: Footloose|Petal Dance|p1b: Klefki|[from]ability: Dancer\n|-resisted|p1b: Klefki\n|-damage|p1b: Klefki|77\/100\n|move|p1a: Ursaluna|Blood Moon|p2b: Dirty Dancing\n|-damage|p2b: Dirty Dancing|0 fnt\n|faint|p2b: Dirty Dancing\n|\n|upkeep\n|\n|t:|1700266259\n|switch|p2b: Mr. Hands|Iron Hands, L50, shiny|100\/100\n|-enditem|p2b: Mr. Hands|Booster Energy\n|-activate|p2b: Mr. Hands|ability: Quark Drive|[fromitem]\n|-start|p2b: Mr. Hands|quarkdriveatk\n|turn|2\n|\n|t:|1700266287\n|-terastallize|p2a: Footloose|Fairy\n|move|p1a: Ursaluna|Protect|p1a: Ursaluna\n|-singleturn|p1a: Ursaluna|Protect\n|move|p1b: Klefki|Reflect|p1b: Klefki\n|-sidestart|p1: MidnightV2|Reflect\n|move|p2a: Footloose|Revelation Dance|p1a: Ursaluna\n|-activate|p1a: Ursaluna|move: Protect\n|move|p2b: Mr. Hands|Heavy Slam|p1b: Klefki\n|-damage|p1b: Klefki|42\/100\n|\n|upkeep\n|turn|3\n|\n|t:|1700266325\n|move|p1a: Ursaluna|Vacuum Wave|p2b: Mr. Hands\n|-damage|p2b: Mr. Hands|88\/100\n|move|p2a: Footloose|Revelation Dance|p1a: Ursaluna\n|-damage|p1a: Ursaluna|0 fnt\n|faint|p1a: Ursaluna\n|move|p1b: Klefki|Foul Play|p2b: Mr. Hands\n|-resisted|p2b: Mr. Hands\n|-crit|p2b: Mr. Hands\n|-damage|p2b: Mr. Hands|69\/100\n|move|p2b: Mr. Hands|Wild Charge|p1b: Klefki\n|-damage|p1b: Klefki|4\/100\n|-damage|p2b: Mr. Hands|62\/100|[from] Recoil\n|\n|upkeep\n|\n|t:|1700266361\n|switch|p1a: Barraskewda|Barraskewda, L50, M, shiny|100\/100\n|turn|4\n|\n|t:|1700266392\n|move|p1b: Klefki|Rain Dance|p1b: Klefki\n|-weather|RainDance\n|move|p1a: Barraskewda|Psychic Fangs|p2b: Mr. Hands\n|-supereffective|p2b: Mr. Hands\n|-damage|p2b: Mr. Hands|0 fnt\n|faint|p2b: Mr. Hands\n|-end|p2b: Mr. Hands|Quark Drive|[silent]\n|move|p2a: Footloose|Revelation Dance|p1b: Klefki\n|-resisted|p1b: Klefki\n|-damage|p1b: Klefki|0 fnt\n|faint|p1b: Klefki\n|\n|-weather|RainDance|[upkeep]\n|upkeep\n|\n|t:|1700266403\n|switch|p1b: Flutter Mane|Flutter Mane, L50|100\/100\n|switch|p2b: Magic Mike|Torkoal, L50, F|100\/100\n|-weather|SunnyDay|[from] ability: Drought|[of] p2b: Magic Mike\n|-activate|p1b: Flutter Mane|ability: Protosynthesis\n|-start|p1b: Flutter Mane|protosynthesisspe\n|turn|5\n|\n|t:|1700266476\n|-terastallize|p1b: Flutter Mane|Fairy\n|move|p1b: Flutter Mane|Dazzling Gleam|p2a: Footloose|[spread] p2a,p2b\n|-resisted|p2b: Magic Mike\n|-crit|p2b: Magic Mike\n|-damage|p2a: Footloose|55\/100\n|-damage|p2b: Magic Mike|59\/100\n|move|p2a: Footloose|Revelation Dance|p1b: Flutter Mane\n|-damage|p1b: Flutter Mane|54\/100\n|move|p1a: Barraskewda|Psychic Fangs|p2a: Footloose\n|-damage|p2a: Footloose|0 fnt\n|faint|p2a: Footloose\n|move|p2b: Magic Mike|Yawn|p1a: Barraskewda\n|-start|p1a: Barraskewda|move: Yawn|[of] p2b: Magic Mike\n|\n|-weather|SunnyDay|[upkeep]\n|upkeep\n|turn|6\n|\n|t:|1700266502\n|move|p2b: Magic Mike|Protect|p2b: Magic Mike\n|-singleturn|p2b: Magic Mike|Protect\n|move|p1b: Flutter Mane|Moonblast|p2b: Magic Mike\n|-activate|p2b: Magic Mike|move: Protect\n|move|p1a: Barraskewda|Psychic Fangs|p2b: Magic Mike\n|-activate|p2b: Magic Mike|move: Protect\n|\n|-weather|SunnyDay|[upkeep]\n|-end|p1a: Barraskewda|move: Yawn|[silent]\n|-status|p1a: Barraskewda|slp\n|upkeep\n|turn|7\n|\n|t:|1700266512\n|move|p1b: Flutter Mane|Protect|p1b: Flutter Mane\n|-singleturn|p1b: Flutter Mane|Protect\n|cant|p1a: Barraskewda|slp\n|move|p2b: Magic Mike|Earth Power|p1b: Flutter Mane\n|-activate|p1b: Flutter Mane|move: Protect\n|\n|-weather|SunnyDay|[upkeep]\n|upkeep\n|turn|8\n|\n|t:|1700266524\n|move|p2b: Magic Mike|Protect|p2b: Magic Mike\n|-singleturn|p2b: Magic Mike|Protect\n|move|p1b: Flutter Mane|Moonblast|p2b: Magic Mike\n|-activate|p2b: Magic Mike|move: Protect\n|-curestatus|p1a: Barraskewda|slp|[msg]\n|move|p1a: Barraskewda|Psychic Fangs|p2b: Magic Mike\n|-activate|p2b: Magic Mike|move: Protect\n|\n|-weather|SunnyDay|[upkeep]\n|-sideend|p1: MidnightV2|move: Light Screen\n|upkeep\n|turn|9\n|\n|t:|1700266533\n|move|p1b: Flutter Mane|Moonblast|p2b: Magic Mike\n|-resisted|p2b: Magic Mike\n|-damage|p2b: Magic Mike|12\/100\n|move|p1a: Barraskewda|Psychic Fangs|p2b: Magic Mike\n|-damage|p2b: Magic Mike|0 fnt\n|faint|p2b: Magic Mike\n|\n|win|MidnightV2\n|l|\u2606bluejellogamesV2\n","uploadtime":1700266630,"views":16,"p1id":"midnightv2","p2id":"bluejellogamesv2","formatid":"gen9vgc2023regulatione","rating":0,"private":0,"password":""}