{"id":"gen9vgc2023regulatione-1994041102","p1":"Piouspoppy41355","p2":"12Joyboy89","format":"[Gen 9] VGC 2023 Regulation E","log":"|j|\u2606Piouspoppy41355\n|j|\u260612Joyboy89\n|t:|1700398468\n|gametype|doubles\n|player|p1|Piouspoppy41355|102|1053\n|player|p2|12Joyboy89|veteran|1000\n|teamsize|p1|6\n|teamsize|p2|6\n|gen|9\n|tier|[Gen 9] VGC 2023 Regulation E\n|rated|\n|rule|Species Clause: Limit one of each Pok\u00e9mon\n|rule|Item Clause: Limit one of each item\n|clearpoke\n|poke|p1|Carbink, L50|\n|poke|p1|Toxapex, L50, F|\n|poke|p1|Uxie, L50|\n|poke|p1|Ting-Lu, L50|\n|poke|p1|Cloyster, L50, F|\n|poke|p1|Avalugg-Hisui, L50, F|\n|poke|p2|Ogerpon-Hearthflame, L50, F|\n|poke|p2|Palafin, L50, F|\n|poke|p2|Lucario, L50, M|\n|poke|p2|Pelipper, L50, M|\n|poke|p2|Clodsire, L50, F|\n|poke|p2|Spidops, L50, F|\n|teampreview|4\n|inactive|Battle timer is ON: inactive players will automatically lose when time's up. (requested by 12Joyboy89)\n|inactive|12Joyboy89 has 60 seconds left.\n|\n|t:|1700398520\n|start\n|switch|p1a: Ting-Lu|Ting-Lu, L50|100\/100\n|switch|p1b: Toxapex|Toxapex, L50, F|100\/100\n|switch|p2a: Palafin|Palafin, L50, F, shiny|100\/100\n|switch|p2b: Pelipper|Pelipper, L50, M|100\/100\n|-weather|RainDance|[from] ability: Drizzle|[of] p2b: Pelipper\n|-ability|p1a: Ting-Lu|Vessel of Ruin\n|turn|1\n|inactive|12Joyboy89 has 30 seconds left.\n|\n|t:|1700398549\n|move|p2a: Palafin|Flip Turn|p1a: Ting-Lu\n|-supereffective|p1a: Ting-Lu\n|-damage|p1a: Ting-Lu|75\/100\n|\n|t:|1700398559\n|detailschange|p2a: Palafin|Palafin-Hero, L50, F, shiny\n|switch|p2a: Clodsire|Clodsire, L50, F|100\/100|[from] Flip Turn\n|move|p2b: Pelipper|Tailwind|p2b: Pelipper\n|-sidestart|p2: 12Joyboy89|move: Tailwind\n|move|p1a: Ting-Lu|Stealth Rock|p2b: Pelipper\n|-sidestart|p2: 12Joyboy89|move: Stealth Rock\n|move|p1b: Toxapex|Ice Beam|p2b: Pelipper\n|-damage|p2b: Pelipper|89\/100\n|\n|-weather|RainDance|[upkeep]\n|upkeep\n|turn|2\n|inactive|Piouspoppy41355 has 30 seconds left.\n|inactive|12Joyboy89 has 30 seconds left.\n|inactive|12Joyboy89 has 20 seconds left.\n|inactive|12Joyboy89 has 15 seconds left.\n|inactive|12Joyboy89 has 10 seconds left.\n|\n|t:|1700398605\n|move|p2b: Pelipper|Hurricane|p1a: Ting-Lu\n|-damage|p1a: Ting-Lu|57\/100\n|move|p2a: Clodsire|Stealth Rock|p1b: Toxapex\n|-sidestart|p1: Piouspoppy41355|move: Stealth Rock\n|move|p1a: Ting-Lu|Fissure|p2a: Clodsire\n|-damage|p2a: Clodsire|0 fnt\n|faint|p2a: Clodsire\n|-ohko\n|move|p1b: Toxapex|Ice Beam|p2b: Pelipper\n|-crit|p2b: Pelipper\n|-damage|p2b: Pelipper|72\/100\n|\n|-weather|RainDance|[upkeep]\n|upkeep\n|\n|t:|1700398617\n|switch|p2a: Palafin|Palafin-Hero, L50, F, shiny|100\/100\n|-damage|p2a: Palafin|88\/100|[from] Stealth Rock\n|-activate|p2a: Palafin|ability: Zero to Hero\n|turn|3\n|\n|t:|1700398634\n|-terastallize|p2a: Palafin|Water\n|-terastallize|p1a: Ting-Lu|Dark\n|move|p2b: Pelipper|Wide Guard|p2b: Pelipper\n|-singleturn|p2b: Pelipper|Wide Guard\n|move|p2a: Palafin|Jet Punch|p1a: Ting-Lu\n|-damage|p1a: Ting-Lu|25\/100\n|-enditem|p1a: Ting-Lu|Aguav Berry|[eat]\n|-heal|p1a: Ting-Lu|58\/100|[from] item: Aguav Berry\n|move|p1a: Ting-Lu|Fissure|p2a: Palafin\n|-damage|p2a: Palafin|0 fnt\n|faint|p2a: Palafin\n|-ohko\n|move|p1b: Toxapex|Ice Beam|p2b: Pelipper\n|-damage|p2b: Pelipper|61\/100\n|\n|-weather|RainDance|[upkeep]\n|upkeep\n|\n|t:|1700398649\n|switch|p2a: Ogerpon|Ogerpon-Hearthflame, L50, F|100\/100\n|-damage|p2a: Ogerpon|76\/100|[from] Stealth Rock\n|-ability|p2a: Ogerpon|Mold Breaker\n|turn|4\n|\n|t:|1700398669\n|move|p2b: Pelipper|Wide Guard|p2b: Pelipper\n|-singleturn|p2b: Pelipper|Wide Guard\n|move|p2a: Ogerpon|Ivy Cudgel|p1a: Ting-Lu|[anim] Ivy Cudgel Fire\n|-damage|p1a: Ting-Lu|44\/100\n|move|p1a: Ting-Lu|Fissure|p2a: Ogerpon|[miss]\n|-miss|p1a: Ting-Lu|p2a: Ogerpon\n|move|p1b: Toxapex|Chilling Water|p2a: Ogerpon\n|-damage|p2a: Ogerpon|65\/100\n|-unboost|p2a: Ogerpon|atk|1\n|\n|-weather|RainDance|[upkeep]\n|-sideend|p2: 12Joyboy89|move: Tailwind\n|upkeep\n|turn|5\n|\n|t:|1700398691\n|move|p2b: Pelipper|Wide Guard|p2b: Pelipper\n|-singleturn|p2b: Pelipper|Wide Guard\n|move|p2a: Ogerpon|Swords Dance|p2a: Ogerpon\n|-boost|p2a: Ogerpon|atk|2\n|move|p1a: Ting-Lu|Stomping Tantrum|p2a: Ogerpon\n|-damage|p2a: Ogerpon|13\/100\n|move|p1b: Toxapex|Chilling Water|p2a: Ogerpon\n|-damage|p2a: Ogerpon|3\/100\n|-unboost|p2a: Ogerpon|atk|1\n|\n|-weather|none\n|upkeep\n|turn|6\n|\n|t:|1700398708\n|move|p2a: Ogerpon|Ivy Cudgel|p1a: Ting-Lu|[anim] Ivy Cudgel Fire\n|-damage|p1a: Ting-Lu|10\/100\n|move|p2b: Pelipper|Hurricane|p1a: Ting-Lu\n|-damage|p1a: Ting-Lu|0 fnt\n|faint|p1a: Ting-Lu\n|move|p1b: Toxapex|Chilling Water|p2a: Ogerpon\n|-damage|p2a: Ogerpon|0 fnt\n|faint|p2a: Ogerpon\n|\n|upkeep\n|-message|12Joyboy89 forfeited.\n|\n|win|Piouspoppy41355\n|raw|Piouspoppy41355's rating: 1053 &rarr; <strong>1080<\/strong><br \/>(+27 for winning)\n|raw|12Joyboy89's rating: 1000 &rarr; <strong>1000<\/strong><br \/>(+0 for losing)\n|l|\u260612Joyboy89\n","uploadtime":1700398765,"views":6,"p1id":"piouspoppy41355","p2id":"12joyboy89","formatid":"gen9vgc2023regulatione","rating":1000,"private":0,"password":""}