{"id":"gen9vgc2023regulatione-1993697601","p1":"Evil Yarrack","p2":"tpw989","format":"[Gen 9] VGC 2023 Regulation E","log":"|j|\u2606Evil Yarrack\n|j|\u2606tpw989\n|t:|1700346747\n|gametype|doubles\n|player|p1|Evil Yarrack|youngster-gen4dp|\n|player|p2|tpw989|blackbelt|\n|teamsize|p1|6\n|teamsize|p2|6\n|gen|9\n|tier|[Gen 9] VGC 2023 Regulation E\n|rule|Species Clause: Limit one of each Pok\u00e9mon\n|rule|Item Clause: Limit one of each item\n|clearpoke\n|poke|p1|Toxtricity, L50, M|\n|poke|p1|Oricorio-Sensu, L50, M|\n|poke|p1|Kommo-o, L50, M|\n|poke|p1|Grimmsnarl, L50, M|\n|poke|p1|Kingambit, L50, M|\n|poke|p1|Sinistcha-Masterpiece, L50|\n|poke|p2|Oricorio-Pom-Pom, L50, F|\n|poke|p2|Volcarona, L50, F|\n|poke|p2|Kommo-o, L50, M|\n|poke|p2|Lilligant-Hisui, L50, F|\n|poke|p2|Quaquaval, L50, F|\n|poke|p2|Talonflame, L50, M|\n|teampreview|4\n|inactive|Battle timer is ON: inactive players will automatically lose when time's up. (requested by Evil Yarrack)\ntpw989 rejected open team sheets.\n|j| Deli(VeryReal)\n|c| Deli(VeryReal)|This makes me want to also use a Oricorio lol\n|inactive|tpw989 has 60 seconds left.\n|c|\u2606tpw989|lmao\n|c|\u2606tpw989|the oricori league\n|\n|t:|1700346801\n|start\n|switch|p1a: Grimmsnarl|Grimmsnarl, L50, M|100\/100\n|switch|p1b: Oricorio|Oricorio-Sensu, L50, M|100\/100\n|switch|p2a: Oricorio|Oricorio-Pom-Pom, L50, F, shiny|100\/100\n|switch|p2b: Volcarona|Volcarona, L50, F, shiny|100\/100\n|turn|1\n|\n|t:|1700346824\n|-terastallize|p2a: Oricorio|Ground\n|move|p1a: Grimmsnarl|Light Screen|p1a: Grimmsnarl\n|-sidestart|p1: Evil Yarrack|move: Light Screen\n|move|p1b: Oricorio|Tailwind|p1b: Oricorio\n|-sidestart|p1: Evil Yarrack|move: Tailwind\n|move|p2b: Volcarona|Bug Buzz|p1b: Oricorio\n|-resisted|p1b: Oricorio\n|-damage|p1b: Oricorio|88\/100\n|move|p2a: Oricorio|Revelation Dance|p1b: Oricorio\n|-immune|p1b: Oricorio\n|\n|upkeep\n|turn|2\n|c|\u2606Evil Yarrack|I love it\n|c|\u2606tpw989|shit i didnt mean to tera .......\n|inactive|tpw989 has 30 seconds left.\n|inactive|tpw989 has 20 seconds left.\n|inactive|tpw989 has 15 seconds left.\n|c|\u2606Evil Yarrack|Uuuf\n|\n|t:|1700346867\n|switch|p2a: Lilligant|Lilligant-Hisui, L50, F|100\/100\n|-terastallize|p1b: Oricorio|Rock\n|move|p1a: Grimmsnarl|Reflect|p1a: Grimmsnarl\n|-sidestart|p1: Evil Yarrack|Reflect\n|move|p1b: Oricorio|Revelation Dance|p2b: Volcarona\n|-supereffective|p2b: Volcarona\n|-damage|p2b: Volcarona|0 fnt\n|faint|p2b: Volcarona\n|\n|upkeep\n|c|\u2606Evil Yarrack|Check this out, btw\n|\n|t:|1700346880\n|switch|p2b: Kommo-o|Kommo-o, L50, M, shiny|100\/100\n|turn|3\n|\n|t:|1700346891\n|move|p1a: Grimmsnarl|Parting Shot|p2b: Kommo-o\n|-unboost|p2b: Kommo-o|atk|1\n|-unboost|p2b: Kommo-o|spa|1\n|\n|t:|1700346894\n|switch|p1a: Kommo-o|Kommo-o, L50, M|100\/100|[from] Parting Shot\n|move|p1b: Oricorio|Icy Wind|p2b: Kommo-o|[spread] p2a,p2b\n|-supereffective|p2a: Lilligant\n|-supereffective|p2b: Kommo-o\n|-damage|p2a: Lilligant|72\/100\n|-damage|p2b: Kommo-o|78\/100\n|-unboost|p2a: Lilligant|spe|1\n|-unboost|p2b: Kommo-o|spe|1\n|move|p2a: Lilligant|Ice Spinner|p1b: Oricorio\n|-damage|p1b: Oricorio|66\/100\n|move|p2b: Kommo-o|Clangorous Soul|p2b: Kommo-o\n|-boost|p2b: Kommo-o|atk|1\n|-boost|p2b: Kommo-o|def|1\n|-boost|p2b: Kommo-o|spa|1\n|-boost|p2b: Kommo-o|spd|1\n|-boost|p2b: Kommo-o|spe|1\n|-damage|p2b: Kommo-o|45\/100\n|-enditem|p2b: Kommo-o|Throat Spray\n|-boost|p2b: Kommo-o|spa|1|[from] item: Throat Spray\n|-activate|p1b: Oricorio|ability: Dancer\n|move|p1b: Oricorio|Clangorous Soul|p1b: Oricorio|[from]ability: Dancer\n|-boost|p1b: Oricorio|atk|1\n|-boost|p1b: Oricorio|def|1\n|-boost|p1b: Oricorio|spa|1\n|-boost|p1b: Oricorio|spd|1\n|-boost|p1b: Oricorio|spe|1\n|-damage|p1b: Oricorio|33\/100\n|\n|upkeep\n|turn|4\n|c| Deli(VeryReal)|I call Psychic Oricorio lmao\n|inactive|tpw989 has 30 seconds left.\n|\n|t:|1700346929\n|move|p1b: Oricorio|Baton Pass|p1b: Oricorio\n|\n|t:|1700346931\n|switch|p1b: Toxtricity|Toxtricity, L50, M|100\/100|[from] Baton Pass\n|move|p1a: Kommo-o|Clanging Scales|p2b: Kommo-o|[spread] p2a,p2b\n|-supereffective|p2b: Kommo-o\n|-damage|p2a: Lilligant|16\/100\n|-damage|p2b: Kommo-o|0 fnt\n|-enditem|p2a: Lilligant|Sitrus Berry|[eat]\n|-heal|p2a: Lilligant|40\/100|[from] item: Sitrus Berry\n|faint|p2b: Kommo-o\n|-unboost|p1a: Kommo-o|def|1\n|-enditem|p1a: Kommo-o|Throat Spray\n|-boost|p1a: Kommo-o|spa|1|[from] item: Throat Spray\n|move|p2a: Lilligant|Sleep Powder|p1b: Toxtricity\n|-status|p1b: Toxtricity|slp|[from] move: Sleep Powder\n|\n|-sideend|p1: Evil Yarrack|move: Tailwind\n|upkeep\n|\n|t:|1700346945\n|switch|p2b: Oricorio|Oricorio-Pom-Pom, L50, F, shiny, tera:Ground|100\/100\n|turn|5\n|\n|t:|1700346956\n|cant|p1b: Toxtricity|slp\n|move|p2b: Oricorio|Revelation Dance|p1b: Toxtricity\n|-supereffective|p1b: Toxtricity\n|-damage|p1b: Toxtricity|5\/100 slp\n|move|p1a: Kommo-o|Clanging Scales|p2b: Oricorio|[spread] p2a,p2b\n|-damage|p2a: Lilligant|0 fnt\n|-damage|p2b: Oricorio|8\/100\n|faint|p2a: Lilligant\n|-unboost|p1a: Kommo-o|def|1\n|\n|upkeep\n|turn|6\n|c|\u2606Evil Yarrack|Omg, he ate that\ud83e\udd23\n|\n|t:|1700346977\n|cant|p1b: Toxtricity|slp\n|move|p2b: Oricorio|Revelation Dance|p1b: Toxtricity\n|-supereffective|p1b: Toxtricity\n|-damage|p1b: Toxtricity|0 fnt\n|faint|p1b: Toxtricity\n|move|p1a: Kommo-o|Clanging Scales|p2b: Oricorio\n|-damage|p2b: Oricorio|0 fnt\n|faint|p2b: Oricorio\n|\n|win|Evil Yarrack\n","uploadtime":1700346986,"views":9,"p1id":"evilyarrack","p2id":"tpw989","formatid":"gen9vgc2023regulatione","rating":0,"private":0,"password":""}