{"id":"gen9vgc2023regulatione-2000522994","p1":"secretstudent","p2":"cradilypickle","format":"[Gen 9] VGC 2023 Regulation E","log":"|j|\u2606secretstudent\n|j|\u2606cradilypickle\n|t:|1701201991\n|gametype|doubles\n|player|p1|secretstudent|beauty|1251\n|player|p2|cradilypickle|pokemaniac|1342\n|teamsize|p1|6\n|teamsize|p2|6\n|gen|9\n|tier|[Gen 9] VGC 2023 Regulation E\n|rated|\n|rule|Species Clause: Limit one of each Pok\u00e9mon\n|rule|Item Clause: Limit one of each item\n|clearpoke\n|poke|p1|Chien-Pao, L50|\n|poke|p1|Amoonguss, L50, M|\n|poke|p1|Hatterene, L50, F|\n|poke|p1|Gyarados, L50, F|\n|poke|p1|Volcarona, L50, F|\n|poke|p1|Ogerpon, L50, F|\n|poke|p2|Ogerpon-Cornerstone, L50, F|\n|poke|p2|Landorus-Therian, L50, M|\n|poke|p2|Tornadus, L50, M|\n|poke|p2|Milotic, L50, M|\n|poke|p2|Annihilape, L50, F|\n|poke|p2|Maushold-Four, L50|\n|teampreview|4\n|\n|t:|1701202052\n|start\n|switch|p1a: Amoonguss|Amoonguss, L50, M|100\/100\n|switch|p1b: Hatterene|Hatterene, L50, F|100\/100\n|switch|p2a: Maushold|Maushold-Four, L50|100\/100\n|switch|p2b: Annihilape|Annihilape, L50, F|100\/100\n|turn|1\n|\n|t:|1701202071\n|move|p1a: Amoonguss|Rage Powder|p1a: Amoonguss\n|-singleturn|p1a: Amoonguss|move: Rage Powder\n|move|p2a: Maushold|Beat Up|p1a: Amoonguss\n|-damage|p1a: Amoonguss|98\/100\n|-damage|p1a: Amoonguss|95\/100\n|-damage|p1a: Amoonguss|92\/100\n|-damage|p1a: Amoonguss|90\/100\n|-hitcount|p1a: Amoonguss|4\n|move|p2b: Annihilape|Rage Fist|p1a: Amoonguss\n|-damage|p1a: Amoonguss|69\/100\n|move|p1b: Hatterene|Trick Room|p1b: Hatterene\n|-fieldstart|move: Trick Room|[of] p1b: Hatterene\n|\n|upkeep\n|turn|2\n|\n|t:|1701202091\n|move|p2b: Annihilape|Protect|p2b: Annihilape\n|-singleturn|p2b: Annihilape|Protect\n|move|p1a: Amoonguss|Rage Powder|p1a: Amoonguss\n|-singleturn|p1a: Amoonguss|move: Rage Powder\n|move|p1b: Hatterene|Dazzling Gleam|p2b: Annihilape|[spread] p2a\n|-activate|p2b: Annihilape|move: Protect\n|-damage|p2a: Maushold|54\/100\n|move|p2a: Maushold|Population Bomb|p1a: Amoonguss\n|-damage|p1a: Amoonguss|64\/100\n|-damage|p1a: Amoonguss|60\/100\n|-damage|p1a: Amoonguss|55\/100\n|-damage|p1a: Amoonguss|51\/100\n|-damage|p1a: Amoonguss|46\/100\n|-damage|p1a: Amoonguss|42\/100\n|-damage|p1a: Amoonguss|37\/100\n|-damage|p1a: Amoonguss|33\/100\n|-damage|p1a: Amoonguss|29\/100\n|-damage|p1a: Amoonguss|24\/100\n|-enditem|p1a: Amoonguss|Iapapa Berry|[eat]\n|-heal|p1a: Amoonguss|57\/100|[from] item: Iapapa Berry\n|-hitcount|p1a: Amoonguss|10\n|\n|upkeep\n|turn|3\n|\n|t:|1701202110\n|switch|p2b: Landorus|Landorus-Therian, L50, M|100\/100\n|-ability|p2b: Landorus|Intimidate|boost\n|-unboost|p1a: Amoonguss|atk|1\n|-unboost|p1b: Hatterene|atk|1\n|move|p1b: Hatterene|Dazzling Gleam|p2a: Maushold|[spread] p2a,p2b\n|-damage|p2a: Maushold|13\/100\n|-damage|p2b: Landorus|71\/100\n|move|p1a: Amoonguss|Spore|p2a: Maushold\n|-status|p2a: Maushold|slp|[from] move: Spore\n|cant|p2a: Maushold|slp\n|\n|upkeep\n|turn|4\n|\n|t:|1701202123\n|cant|p2a: Maushold|slp\n|move|p1b: Hatterene|Psychic|p2b: Landorus\n|-damage|p2b: Landorus|24\/100\n|move|p1a: Amoonguss|Spore|p2b: Landorus\n|-status|p2b: Landorus|slp|[from] move: Spore\n|cant|p2b: Landorus|slp\n|\n|upkeep\n|turn|5\n|-message|cradilypickle forfeited.\n|\n|win|secretstudent\n|raw|secretstudent's rating: 1251 &rarr; <strong>1282<\/strong><br \/>(+31 for winning)\n|raw|cradilypickle's rating: 1342 &rarr; <strong>1317<\/strong><br \/>(-25 for losing)\n|l|\u2606cradilypickle\n","uploadtime":1701202160,"views":0,"p1id":"secretstudent","p2id":"cradilypickle","formatid":"gen9vgc2023regulatione","rating":1282,"private":0,"password":""}