{"id":"gen9vgc2023regulatione-1994528311","p1":"Lu__thewriter","p2":"previouslyunnamed","format":"[Gen 9] VGC 2023 Regulation E","log":"|j|\u2606Lu__thewriter\n|j|\u2606previouslyunnamed\n|t:|1700454980\n|gametype|doubles\n|player|p1|Lu__thewriter|101|1415\n|player|p2|previouslyunnamed|heroine2-conquest|1432\n|teamsize|p1|6\n|teamsize|p2|6\n|gen|9\n|tier|[Gen 9] VGC 2023 Regulation E\n|rated|\n|rule|Species Clause: Limit one of each Pok\u00e9mon\n|rule|Item Clause: Limit one of each item\n|clearpoke\n|poke|p1|Urshifu-*, L50, F|\n|poke|p1|Tornadus, L50, M|\n|poke|p1|Chien-Pao, L50|\n|poke|p1|Flutter Mane, L50|\n|poke|p1|Amoonguss, L50, M|\n|poke|p1|Dragonite, L50, M|\n|poke|p2|Dondozo, L50, F|\n|poke|p2|Tatsugiri, L50, F|\n|poke|p2|Glimmora, L50, F|\n|poke|p2|Iron Hands, L50|\n|poke|p2|Ogerpon-Hearthflame, L50, F|\n|poke|p2|Ninetales-Alola, L50, F|\n|teampreview|4\n|inactive|Battle timer is ON: inactive players will automatically lose when time's up. (requested by previouslyunnamed)\n|inactive|previouslyunnamed has 60 seconds left.\n|\n|t:|1700455017\n|start\n|switch|p1a: Chien-Pao|Chien-Pao, L50|100\/100\n|switch|p1b: Dragonite|Dragonite, L50, M|100\/100\n|switch|p2a: Glimmora|Glimmora, L50, F|100\/100\n|switch|p2b: Ogerpon|Ogerpon-Hearthflame, L50, F|100\/100\n|-ability|p1a: Chien-Pao|Sword of Ruin\n|-ability|p2b: Ogerpon|Mold Breaker\n|turn|1\n|j| meowmeowjoe\n|inactive|Lu__thewriter has 30 seconds left.\n|\n|t:|1700455049\n|move|p2b: Ogerpon|Spiky Shield|p2b: Ogerpon\n|-singleturn|p2b: Ogerpon|move: Protect\n|move|p1a: Chien-Pao|Sacred Sword|p2a: Glimmora\n|-damage|p2a: Glimmora|43\/100\n|-activate|p2a: Glimmora|ability: Toxic Debris\n|-sidestart|p1: Lu__thewriter|move: Toxic Spikes\n|move|p2a: Glimmora|Power Gem|p1a: Chien-Pao\n|-supereffective|p1a: Chien-Pao\n|-crit|p1a: Chien-Pao\n|-enditem|p1a: Chien-Pao|Focus Sash\n|-damage|p1a: Chien-Pao|1\/100\n|move|p1b: Dragonite|Stomping Tantrum|p2a: Glimmora\n|-supereffective|p2a: Glimmora\n|-damage|p2a: Glimmora|0 fnt\n|-activate|p2a: Glimmora|ability: Toxic Debris\n|-sidestart|p1: Lu__thewriter|move: Toxic Spikes\n|faint|p2a: Glimmora\n|\n|upkeep\n|\n|t:|1700455065\n|switch|p2a: Tatsugiri|Tatsugiri, L50, F|100\/100\n|turn|2\n|inactive|Lu__thewriter has 30 seconds left.\n|\n|t:|1700455093\n|-terastallize|p1b: Dragonite|Normal\n|move|p2a: Tatsugiri|Protect|p2a: Tatsugiri\n|-singleturn|p2a: Tatsugiri|Protect\n|move|p1a: Chien-Pao|Sucker Punch|p2b: Ogerpon\n|-damage|p2b: Ogerpon|45\/100\n|move|p2b: Ogerpon|Ivy Cudgel|p1a: Chien-Pao|[anim] Ivy Cudgel Fire\n|-supereffective|p1a: Chien-Pao\n|-damage|p1a: Chien-Pao|0 fnt\n|faint|p1a: Chien-Pao\n|move|p1b: Dragonite|Stomping Tantrum|p2b: Ogerpon\n|-damage|p2b: Ogerpon|0 fnt\n|faint|p2b: Ogerpon\n|\n|upkeep\n|\n|t:|1700455109\n|switch|p1a: Tornadus|Tornadus, L50, M|100\/100\n|switch|p2b: Dondozo|Dondozo, L50, F, shiny|100\/100\n|-activate|p2a: Tatsugiri|ability: Commander|[of] p2b: Dondozo\n|-boost|p2b: Dondozo|atk|2\n|-boost|p2b: Dondozo|spa|2\n|-boost|p2b: Dondozo|spe|2\n|-boost|p2b: Dondozo|def|2\n|-boost|p2b: Dondozo|spd|2\n|turn|3\n|inactive|Lu__thewriter has 30 seconds left.\n|inactive|Lu__thewriter has 20 seconds left.\n|\n|t:|1700455145\n|move|p1a: Tornadus|Tailwind|p1a: Tornadus\n|-sidestart|p1: Lu__thewriter|move: Tailwind\n|move|p1b: Dragonite|Stomping Tantrum|p2b: Dondozo\n|-damage|p2b: Dondozo|84\/100\n|move|p2b: Dondozo|Order Up|p1b: Dragonite\n|-damage|p1b: Dragonite|58\/100\n|-boost|p2b: Dondozo|atk|1\n|\n|-heal|p2b: Dondozo|90\/100|[from] item: Leftovers\n|upkeep\n|turn|4\n|inactive|Lu__thewriter has 30 seconds left.\n|\n|t:|1700455171\n|switch|p1b: Urshifu|Urshifu-Rapid-Strike, L50, F|100\/100\n|-status|p1b: Urshifu|tox\n|move|p1a: Tornadus|Bleakwind Storm|p2a: Tatsugiri|[spread] p2b\n|-miss|p1a: Tornadus|p2a: Tatsugiri\n|-damage|p2b: Dondozo|73\/100\n|move|p2b: Dondozo|Order Up|p1a: Tornadus\n|-damage|p1a: Tornadus|18\/100\n|-boost|p2b: Dondozo|atk|1\n|\n|-heal|p2b: Dondozo|80\/100|[from] item: Leftovers\n|-damage|p1b: Urshifu|94\/100 tox|[from] psn\n|upkeep\n|turn|5\n|\n|t:|1700455194\n|move|p1b: Urshifu|Close Combat|p2b: Dondozo\n|-crit|p2b: Dondozo\n|-damage|p2b: Dondozo|12\/100\n|-unboost|p1b: Urshifu|def|1\n|-unboost|p1b: Urshifu|spd|1\n|move|p1a: Tornadus|Bleakwind Storm|p2a: Tatsugiri|[spread] p2b\n|-miss|p1a: Tornadus|p2a: Tatsugiri\n|-damage|p2b: Dondozo|0 fnt\n|faint|p2b: Dondozo\n|\n|-damage|p1b: Urshifu|82\/100 tox|[from] psn\n|upkeep\n|turn|6\n|-message|previouslyunnamed forfeited.\n|\n|win|Lu__thewriter\n|raw|Lu__thewriter's rating: 1415 &rarr; <strong>1436<\/strong><br \/>(+21 for winning)\n|raw|previouslyunnamed's rating: 1432 &rarr; <strong>1411<\/strong><br \/>(-21 for losing)\n|l|\u2606previouslyunnamed\n","uploadtime":1700455214,"views":9,"p1id":"luthewriter","p2id":"previouslyunnamed","formatid":"gen9vgc2023regulatione","rating":1411,"private":0,"password":""}