{"id":"gen9vgc2023regulatione-1993145309","p1":"just sayori","p2":"TheblackGotenks","format":"[Gen 9] VGC 2023 Regulation E","log":"|j|\u2606just sayori\n|j|\u2606TheblackGotenks\n|n|\u2606just sayori|justsayori\n|n|\u2606TheblackGotenks|theblackgotenks\n|html|View the match progress at <a href=\"\/game-bestof3-gen9vgc2023regulatione-1993145308\">game-bestof3-gen9vgc2023regulatione-1993145308<\/a>\n|t:|1700270208\n|gametype|doubles\n|player|p1|just sayori|102|\n|player|p2|TheblackGotenks|ghetsis-gen5bw|\n|teamsize|p1|6\n|teamsize|p2|6\n|gen|9\n|tier|[Gen 9] VGC 2023 Regulation E\n|rule|Species Clause: Limit one of each Pok\u00e9mon\n|rule|Item Clause: Limit one of each item\n|clearpoke\n|poke|p1|Indeedee-F, L50, F|\n|poke|p1|Armarouge, L50, F|\n|poke|p1|Roaring Moon, L50|\n|poke|p1|Torkoal, L50, M|\n|poke|p1|Lilligant-Hisui, L50, F|\n|poke|p1|Sableye, L50, F|\n|poke|p2|Volcarona, L50, F|\n|poke|p2|Clefairy, L50, M|\n|poke|p2|Ting-Lu, L50|\n|poke|p2|Mienshao, L50, M|\n|poke|p2|Thundurus, L50, M|\n|poke|p2|Azumarill, L50, M|\n|teampreview|4\n|c|\u2606TheblackGotenks|Glhf!\n|c|\u2606just sayori|sorry for the holdup\n|c|\u2606just sayori|hfff\n|c|\u2606TheblackGotenks|Nah you good mobile lag was killing me\n|l|\u2606TheblackGotenks\n|player|p2|\n|j| ShrimpTheShrimp\n|j|\u2606TheblackGotenks\n|player|p2|TheblackGotenks|ghetsis-gen5bw\n|j| CanuckChum\n|l|canuckchum\n|\n|t:|1700270299\n|start\n|switch|p1a: Cat|Indeedee-F, L50, F|100\/100\n|switch|p1b: Armchair GM|Armarouge, L50, F|100\/100\n|switch|p2a: Clefairy|Clefairy, L50, M|100\/100\n|switch|p2b: Volcarona|Volcarona, L50, F|100\/100\n|-fieldstart|move: Psychic Terrain|[from] ability: Psychic Surge|[of] p1a: Cat\n|-enditem|p1a: Cat|Psychic Seed\n|-boost|p1a: Cat|spd|1|[from] item: Psychic Seed\n|turn|1\n|\n|t:|1700270339\n|-terastallize|p2b: Volcarona|Dark\n|move|p1a: Cat|Helping Hand|p1b: Armchair GM\n|-singleturn|p1b: Armchair GM|Helping Hand|[of] p1a: Cat\n|move|p2a: Clefairy|Protect|p2a: Clefairy\n|-singleturn|p2a: Clefairy|Protect\n|move|p2b: Volcarona|Quiver Dance|p2b: Volcarona\n|-boost|p2b: Volcarona|spa|1\n|-boost|p2b: Volcarona|spd|1\n|-boost|p2b: Volcarona|spe|1\n|move|p1b: Armchair GM|Expanding Force|p2b: Volcarona|[spread] \n|-activate|p2a: Clefairy|move: Protect\n|-immune|p2b: Volcarona\n|\n|upkeep\n|turn|2\n|\n|t:|1700270363\n|move|p2a: Clefairy|Helping Hand|p2b: Volcarona\n|-singleturn|p2b: Volcarona|Helping Hand|[of] p2a: Clefairy\n|move|p1a: Cat|Follow Me|p1a: Cat\n|-singleturn|p1a: Cat|move: Follow Me\n|move|p2b: Volcarona|Bug Buzz|p1a: Cat\n|-supereffective|p1a: Cat\n|-damage|p1a: Cat|0 fnt\n|faint|p1a: Cat\n|move|p1b: Armchair GM|Trick Room|p1b: Armchair GM\n|-fieldstart|move: Trick Room|[of] p1b: Armchair GM\n|\n|upkeep\n|\n|t:|1700270370\n|switch|p1a: Turtle Chocolate|Torkoal, L50, M|100\/100\n|-weather|SunnyDay|[from] ability: Drought|[of] p1a: Turtle Chocolate\n|turn|3\n|\n|t:|1700270421\n|move|p1a: Turtle Chocolate|Eruption|p2a: Clefairy|[spread] p2a,p2b\n|-damage|p2a: Clefairy|41\/100\n|-damage|p2b: Volcarona|74\/100\n|move|p2a: Clefairy|Heal Pulse|p2b: Volcarona\n|-heal|p2b: Volcarona|100\/100\n|move|p1b: Armchair GM|Armor Cannon|p2b: Volcarona\n|-damage|p2b: Volcarona|32\/100\n|-unboost|p1b: Armchair GM|def|1\n|-unboost|p1b: Armchair GM|spd|1\n|-damage|p1b: Armchair GM|91\/100|[from] item: Life Orb\n|move|p2b: Volcarona|Bug Buzz|p1b: Armchair GM\n|-damage|p1b: Armchair GM|0 fnt\n|faint|p1b: Armchair GM\n|\n|-weather|SunnyDay|[upkeep]\n|-heal|p2b: Volcarona|38\/100|[from] item: Leftovers\n|upkeep\n|c|\u2606TheblackGotenks|Tankrona\n|\n|t:|1700270438\n|switch|p1b: Fancy Pants|Lilligant-Hisui, L50, F|100\/100\n|turn|4\n|c|\u2606just sayori|u rite\n|\n|t:|1700270467\n|move|p2a: Clefairy|Protect|p2a: Clefairy\n|-singleturn|p2a: Clefairy|Protect\n|move|p1b: Fancy Pants|Protect|p1b: Fancy Pants\n|-singleturn|p1b: Fancy Pants|Protect\n|move|p1a: Turtle Chocolate|Eruption|p2a: Clefairy|[spread] p2b\n|-activate|p2a: Clefairy|move: Protect\n|-damage|p2b: Volcarona|11\/100\n|move|p2b: Volcarona|Heat Wave|p1a: Turtle Chocolate|[spread] p1a\n|-activate|p1b: Fancy Pants|move: Protect\n|-resisted|p1a: Turtle Chocolate\n|-damage|p1a: Turtle Chocolate|43\/100\n|\n|-weather|SunnyDay|[upkeep]\n|-heal|p2b: Volcarona|17\/100|[from] item: Leftovers\n|upkeep\n|turn|5\n|c| ShrimpTheShrimp|what SpD boosts do to a mf\n|\n|t:|1700270489\n|move|p2a: Clefairy|Follow Me|p2a: Clefairy\n|-singleturn|p2a: Clefairy|move: Follow Me\n|move|p1a: Turtle Chocolate|Heat Wave|p2a: Clefairy|[spread] p2a,p2b\n|-damage|p2a: Clefairy|7\/100\n|-damage|p2b: Volcarona|0 fnt\n|faint|p2b: Volcarona\n|move|p1b: Fancy Pants|Solar Blade||[still]\n|-prepare|p1b: Fancy Pants|Solar Blade\n|-anim|p1b: Fancy Pants|Solar Blade|p2a: Clefairy\n|-damage|p2a: Clefairy|0 fnt\n|faint|p2a: Clefairy\n|\n|-weather|SunnyDay|[upkeep]\n|-fieldend|move: Psychic Terrain\n|upkeep\n|\n|t:|1700270500\n|switch|p2a: Mienshao|Mienshao, L50, M|100\/100\n|switch|p2b: Azumarill|Azumarill, L50, M|100\/100\n|turn|6\n|\n|t:|1700270520\n|move|p1b: Fancy Pants|Protect|p1b: Fancy Pants\n|-singleturn|p1b: Fancy Pants|Protect\n|move|p2a: Mienshao|Feint|p1b: Fancy Pants\n|-activate|p1b: Fancy Pants|move: Feint\n|-damage|p1b: Fancy Pants|84\/100\n|move|p1a: Turtle Chocolate|Heat Wave|p2b: Azumarill|[spread] p2a,p2b\n|-resisted|p2b: Azumarill\n|-damage|p2a: Mienshao|29\/100\n|-damage|p2b: Azumarill|88\/100\n|move|p2b: Azumarill|Play Rough|p1b: Fancy Pants\n|-supereffective|p1b: Fancy Pants\n|-damage|p1b: Fancy Pants|0 fnt\n|faint|p1b: Fancy Pants\n|\n|-weather|SunnyDay|[upkeep]\n|-fieldend|move: Trick Room\n|upkeep\n|turn|7\n|j| Beauty Devon\n|\n|t:|1700270539\n|move|p2a: Mienshao|Close Combat|p1a: Turtle Chocolate\n|-damage|p1a: Turtle Chocolate|8\/100\n|-unboost|p2a: Mienshao|def|1\n|-unboost|p2a: Mienshao|spd|1\n|move|p2b: Azumarill|Liquidation|p1a: Turtle Chocolate\n|-supereffective|p1a: Turtle Chocolate\n|-damage|p1a: Turtle Chocolate|0 fnt\n|faint|p1a: Turtle Chocolate\n|\n|win|TheblackGotenks\n|c|\u2606just sayori|ggs\n|c|&|\/uhtml prompt-justsayori,just sayori is ready for game 2!\n","uploadtime":1700270547,"views":12,"p1id":"justsayori","p2id":"theblackgotenks","formatid":"gen9vgc2023regulatione","rating":0,"private":0,"password":""}