{"id":"gen9vgc2023regulatione-1988610711","p1":"Vengeful potato","p2":"Prosarjaime","format":"[Gen 9] VGC 2023 Regulation E","log":"|j|\u2606Vengeful potato\n|j|\u2606Prosarjaime\n|t:|1699741726\n|gametype|doubles\n|player|p1|Vengeful potato|swimmer|1333\n|player|p2|Prosarjaime|hilbert-wonderlauncher|1250\n|teamsize|p1|6\n|teamsize|p2|6\n|gen|9\n|tier|[Gen 9] VGC 2023 Regulation E\n|rated|\n|rule|Species Clause: Limit one of each Pok\u00e9mon\n|rule|Item Clause: Limit one of each item\n|clearpoke\n|poke|p1|Articuno-Galar, L50|\n|poke|p1|Maushold, L50|\n|poke|p1|Urshifu-*, L50, F|\n|poke|p1|Rillaboom, L50, M|\n|poke|p1|Heatran, L50, F|\n|poke|p1|Regidrago, L50|\n|poke|p2|Dusclops, L50, M|\n|poke|p2|Ursaluna-Bloodmoon, L50, M|\n|poke|p2|Ogerpon-Hearthflame, L50, F|\n|poke|p2|Azumarill, L50, M|\n|poke|p2|Iron Hands, L50|\n|poke|p2|Kingambit, L50, M|\n|teampreview|4\n|\n|t:|1699741789\n|start\n|switch|p1a: The Rizzler\ud83d\ude31\ud83d\udcaf\ud83d\udde3\ufe0f|Articuno-Galar, L50, shiny|100\/100\n|switch|p1b: Despereaux|Maushold, L50, shiny|100\/100\n|switch|p2a: Iron Hands|Iron Hands, L50|100\/100\n|switch|p2b: Azumarill|Azumarill, L50, M|100\/100\n|turn|1\n|\n|t:|1699741805\n|move|p2a: Iron Hands|Fake Out|p1b: Despereaux\n|-damage|p1b: Despereaux|88\/100\n|-damage|p2a: Iron Hands|84\/100|[from] item: Rocky Helmet|[of] p1b: Despereaux\n|cant|p1b: Despereaux|flinch\n|move|p1a: The Rizzler\ud83d\ude31\ud83d\udcaf\ud83d\udde3\ufe0f|Freezing Glare|p2a: Iron Hands\n|-supereffective|p2a: Iron Hands\n|-damage|p2a: Iron Hands|36\/100\n|move|p2b: Azumarill|Ice Spinner|p1a: The Rizzler\ud83d\ude31\ud83d\udcaf\ud83d\udde3\ufe0f\n|-supereffective|p1a: The Rizzler\ud83d\ude31\ud83d\udcaf\ud83d\udde3\ufe0f\n|-damage|p1a: The Rizzler\ud83d\ude31\ud83d\udcaf\ud83d\udde3\ufe0f|32\/100\n|\n|upkeep\n|turn|2\n|\n|t:|1699741838\n|-end|p2a: Iron Hands|Quark Drive|[silent]\n|switch|p2a: Kingambit|Kingambit, L50, M|100\/100\n|move|p1b: Despereaux|Super Fang|p2b: Azumarill\n|-damage|p2b: Azumarill|50\/100\n|move|p1a: The Rizzler\ud83d\ude31\ud83d\udcaf\ud83d\udde3\ufe0f|Tailwind|p1a: The Rizzler\ud83d\ude31\ud83d\udcaf\ud83d\udde3\ufe0f\n|-sidestart|p1: Vengeful potato|move: Tailwind\n|move|p2b: Azumarill|Ice Spinner|p1a: The Rizzler\ud83d\ude31\ud83d\udcaf\ud83d\udde3\ufe0f\n|-supereffective|p1a: The Rizzler\ud83d\ude31\ud83d\udcaf\ud83d\udde3\ufe0f\n|-damage|p1a: The Rizzler\ud83d\ude31\ud83d\udcaf\ud83d\udde3\ufe0f|0 fnt\n|faint|p1a: The Rizzler\ud83d\ude31\ud83d\udcaf\ud83d\udde3\ufe0f\n|\n|upkeep\n|\n|t:|1699741846\n|switch|p1a: Donkey Kong|Rillaboom, L50, M, shiny|100\/100\n|-fieldstart|move: Grassy Terrain|[from] ability: Grassy Surge|[of] p1a: Donkey Kong\n|turn|3\n|\n|t:|1699741859\n|switch|p2b: Dusclops|Dusclops, L50, M|100\/100\n|-ability|p2b: Dusclops|Pressure\n|move|p2a: Kingambit|Protect|p2a: Kingambit\n|-singleturn|p2a: Kingambit|Protect\n|move|p1b: Despereaux|Super Fang|p2a: Kingambit\n|-activate|p2a: Kingambit|move: Protect\n|move|p1a: Donkey Kong|High Horsepower|p2a: Kingambit\n|-activate|p2a: Kingambit|move: Protect\n|\n|-heal|p1b: Despereaux|94\/100|[from] Grassy Terrain\n|upkeep\n|turn|4\n|\n|t:|1699741890\n|-terastallize|p2a: Kingambit|Fairy\n|move|p1b: Despereaux|Taunt|p2b: Dusclops\n|-start|p2b: Dusclops|move: Taunt\n|move|p1a: Donkey Kong|High Horsepower|p2a: Kingambit\n|-damage|p2a: Kingambit|72\/100\n|move|p2a: Kingambit|Kowtow Cleave|p1b: Despereaux\n|-damage|p1b: Despereaux|40\/100\n|-damage|p2a: Kingambit|56\/100|[from] item: Rocky Helmet|[of] p1b: Despereaux\n|cant|p2b: Dusclops|move: Taunt|Trick Room\n|\n|-heal|p1b: Despereaux|46\/100|[from] Grassy Terrain\n|-heal|p2a: Kingambit|62\/100|[from] Grassy Terrain\n|upkeep\n|turn|5\n|\n|t:|1699741918\n|switch|p1b: C418 - Wet Hands|Urshifu-Rapid-Strike, L50, F|100\/100\n|move|p1a: Donkey Kong|Grassy Glide|p2b: Dusclops\n|-damage|p2b: Dusclops|79\/100\n|move|p2a: Kingambit|Sucker Punch||[still]\n|-fail|p2a: Kingambit\n|move|p2b: Dusclops|Night Shade|p1a: Donkey Kong\n|-damage|p1a: Donkey Kong|76\/100\n|\n|-heal|p1a: Donkey Kong|82\/100|[from] Grassy Terrain\n|-heal|p2a: Kingambit|68\/100|[from] Grassy Terrain\n|-heal|p2b: Dusclops|86\/100|[from] Grassy Terrain\n|-sideend|p1: Vengeful potato|move: Tailwind\n|upkeep\n|turn|6\n|\n|t:|1699741936\n|move|p1b: C418 - Wet Hands|Surging Strikes|p2a: Kingambit\n|-crit|p2a: Kingambit\n|-damage|p2a: Kingambit|45\/100\n|-crit|p2a: Kingambit\n|-damage|p2a: Kingambit|25\/100\n|-crit|p2a: Kingambit\n|-damage|p2a: Kingambit|4\/100\n|-hitcount|p2a: Kingambit|3\n|move|p1a: Donkey Kong|U-turn|p2b: Dusclops\n|-resisted|p2b: Dusclops\n|-damage|p2b: Dusclops|79\/100\n|\n|t:|1699741943\n|switch|p1a: Despereaux|Maushold, L50, shiny|46\/100|[from] U-turn\n|move|p2a: Kingambit|Kowtow Cleave|p1b: C418 - Wet Hands\n|-resisted|p1b: C418 - Wet Hands\n|-damage|p1b: C418 - Wet Hands|81\/100\n|move|p2b: Dusclops|Night Shade|p1a: Despereaux\n|-immune|p1a: Despereaux\n|\n|-heal|p1a: Despereaux|52\/100|[from] Grassy Terrain\n|-heal|p1b: C418 - Wet Hands|87\/100|[from] Grassy Terrain\n|-heal|p2a: Kingambit|10\/100|[from] Grassy Terrain\n|-heal|p2b: Dusclops|85\/100|[from] Grassy Terrain\n|-end|p2b: Dusclops|move: Taunt\n|upkeep\n|turn|7\n|\n|t:|1699741955\n|move|p2a: Kingambit|Sucker Punch|p1b: C418 - Wet Hands\n|-resisted|p1b: C418 - Wet Hands\n|-damage|p1b: C418 - Wet Hands|72\/100\n|move|p1a: Despereaux|Taunt|p2b: Dusclops\n|-start|p2b: Dusclops|move: Taunt\n|move|p1b: C418 - Wet Hands|Iron Head|p2a: Kingambit\n|-supereffective|p2a: Kingambit\n|-damage|p2a: Kingambit|0 fnt\n|faint|p2a: Kingambit\n|cant|p2b: Dusclops|move: Taunt|Trick Room\n|\n|-heal|p1a: Despereaux|58\/100|[from] Grassy Terrain\n|-heal|p1b: C418 - Wet Hands|78\/100|[from] Grassy Terrain\n|-heal|p2b: Dusclops|91\/100|[from] Grassy Terrain\n|-fieldend|move: Grassy Terrain\n|upkeep\n|\n|t:|1699741958\n|switch|p2a: Iron Hands|Iron Hands, L50|36\/100\n|turn|8\n|\n|t:|1699741974\n|move|p1a: Despereaux|Follow Me|p1a: Despereaux\n|-singleturn|p1a: Despereaux|move: Follow Me\n|move|p1b: C418 - Wet Hands|Surging Strikes|p2a: Iron Hands\n|-crit|p2a: Iron Hands\n|-damage|p2a: Iron Hands|19\/100\n|-crit|p2a: Iron Hands\n|-damage|p2a: Iron Hands|3\/100\n|-crit|p2a: Iron Hands\n|-damage|p2a: Iron Hands|0 fnt\n|faint|p2a: Iron Hands\n|-end|p2a: Iron Hands|Quark Drive|[silent]\n|-hitcount|p2: Iron Hands|3\n|move|p2b: Dusclops|Night Shade|p1a: Despereaux\n|-immune|p1a: Despereaux\n|\n|upkeep\n|\n|t:|1699741981\n|switch|p2a: Azumarill|Azumarill, L50, M|50\/100\n|turn|9\n|\n|t:|1699741997\n|move|p1a: Despereaux|Follow Me|p1a: Despereaux\n|-singleturn|p1a: Despereaux|move: Follow Me\n|move|p1b: C418 - Wet Hands|Iron Head|p2a: Azumarill\n|-damage|p2a: Azumarill|20\/100\n|cant|p2a: Azumarill|flinch\n|move|p2b: Dusclops|Night Shade|p1a: Despereaux\n|-immune|p1a: Despereaux\n|\n|-end|p2b: Dusclops|move: Taunt\n|upkeep\n|turn|10\n|\n|t:|1699742009\n|move|p1a: Despereaux|Taunt|p2b: Dusclops\n|-start|p2b: Dusclops|move: Taunt\n|move|p1b: C418 - Wet Hands|Surging Strikes|p2a: Azumarill\n|-resisted|p2a: Azumarill\n|-crit|p2a: Azumarill\n|-damage|p2a: Azumarill|6\/100\n|-resisted|p2a: Azumarill\n|-crit|p2a: Azumarill\n|-damage|p2a: Azumarill|0 fnt\n|faint|p2a: Azumarill\n|-hitcount|p2: Azumarill|2\n|move|p2b: Dusclops|Night Shade|p1b: C418 - Wet Hands\n|-damage|p1b: C418 - Wet Hands|54\/100\n|\n|upkeep\n|turn|11\n|\n|t:|1699742016\n|switch|p1a: Donkey Kong|Rillaboom, L50, M, shiny|82\/100\n|-fieldstart|move: Grassy Terrain|[from] ability: Grassy Surge|[of] p1a: Donkey Kong\n|move|p1b: C418 - Wet Hands|Surging Strikes|p2b: Dusclops\n|-crit|p2b: Dusclops\n|-damage|p2b: Dusclops|76\/100\n|-crit|p2b: Dusclops\n|-damage|p2b: Dusclops|60\/100\n|-crit|p2b: Dusclops\n|-damage|p2b: Dusclops|43\/100\n|-hitcount|p2b: Dusclops|3\n|move|p2b: Dusclops|Night Shade|p1b: C418 - Wet Hands\n|-damage|p1b: C418 - Wet Hands|29\/100\n|\n|-heal|p1b: C418 - Wet Hands|35\/100|[from] Grassy Terrain\n|-heal|p1a: Donkey Kong|88\/100|[from] Grassy Terrain\n|-heal|p2b: Dusclops|49\/100|[from] Grassy Terrain\n|upkeep\n|turn|12\n|\n|t:|1699742031\n|move|p1a: Donkey Kong|Grassy Glide|p2b: Dusclops\n|-damage|p2b: Dusclops|28\/100\n|move|p1b: C418 - Wet Hands|Surging Strikes|p2b: Dusclops\n|-crit|p2b: Dusclops\n|-damage|p2b: Dusclops|13\/100\n|-crit|p2b: Dusclops\n|-damage|p2b: Dusclops|0 fnt\n|faint|p2b: Dusclops\n|-hitcount|p2: Dusclops|2\n|\n|win|Vengeful potato\n|raw|Vengeful potato's rating: 1333 &rarr; <strong>1348<\/strong><br \/>(+15 for winning)\n|raw|Prosarjaime's rating: 1250 &rarr; <strong>1231<\/strong><br \/>(-19 for losing)\n|l|\u2606Prosarjaime\n","uploadtime":1699742037,"views":10,"p1id":"vengefulpotato","p2id":"prosarjaime","formatid":"gen9vgc2023regulatione","rating":1231,"private":0,"password":""}