{"id":"gen9vgc2023regulatione-1988493924","p1":"MrNiceguyVGC","p2":"Tlgork9top","format":"[Gen 9] VGC 2023 Regulation E","log":"|j|\u2606MrNiceguyVGC\n|j|\u2606Tlgork9top\n|t:|1699728918\n|gametype|doubles\n|player|p1|MrNiceguyVGC|bruno|1076\n|player|p2|Tlgork9top|170|1098\n|teamsize|p1|6\n|teamsize|p2|6\n|gen|9\n|tier|[Gen 9] VGC 2023 Regulation E\n|rated|\n|rule|Species Clause: Limit one of each Pok\u00e9mon\n|rule|Item Clause: Limit one of each item\n|clearpoke\n|poke|p1|Indeedee, L50, M|\n|poke|p1|Armarouge, L50, M|\n|poke|p1|Amoonguss, L50, F|\n|poke|p1|Iron Hands, L50|\n|poke|p1|Sneasler, L50, M|\n|poke|p1|Tornadus, L50, M|\n|poke|p2|Iron Bundle, L50|\n|poke|p2|Pincurchin, L50, M|\n|poke|p2|Mimikyu, L50, F|\n|poke|p2|Iron Thorns, L50|\n|poke|p2|Wo-Chien, L50|\n|poke|p2|Iron Moth, L50|\n|teampreview|4\n|\n|t:|1699728992\n|start\n|switch|p1a: Iron Hands|Iron Hands, L50, shiny|100\/100\n|switch|p1b: Amoonguss|Amoonguss, L50, F, shiny|100\/100\n|switch|p2a: Pincurchin|Pincurchin, L50, M|100\/100\n|switch|p2b: Iron Bundle|Iron Bundle, L50|100\/100\n|-fieldstart|move: Electric Terrain|[from] ability: Electric Surge|[of] p2a: Pincurchin\n|-activate|p2b: Iron Bundle|ability: Quark Drive\n|-start|p2b: Iron Bundle|quarkdrivespe\n|-activate|p1a: Iron Hands|ability: Quark Drive\n|-start|p1a: Iron Hands|quarkdriveatk\n|turn|1\n|\n|t:|1699729024\n|-end|p2b: Iron Bundle|Quark Drive|[silent]\n|switch|p2b: Mimikyu|Mimikyu, L50, F|100\/100\n|switch|p1b: Indeedee|Indeedee, L50, M|100\/100\n|-fieldstart|move: Psychic Terrain|[from] ability: Psychic Surge|[of] p1b: Indeedee\n|-end|p1a: Iron Hands|Quark Drive\n|move|p1a: Iron Hands|Swords Dance|p1a: Iron Hands\n|-boost|p1a: Iron Hands|atk|2\n|move|p2a: Pincurchin|Curse|p2a: Pincurchin\n|-unboost|p2a: Pincurchin|spe|1\n|-boost|p2a: Pincurchin|atk|1\n|-boost|p2a: Pincurchin|def|1\n|\n|upkeep\n|turn|2\n|\n|t:|1699729066\n|-terastallize|p1a: Iron Hands|Fire\n|move|p1b: Indeedee|Dazzling Gleam|p2b: Mimikyu|[spread] p2a,p2b\n|-damage|p2a: Pincurchin|76\/100\n|-activate|p2b: Mimikyu|ability: Disguise\n|-damage|p2b: Mimikyu|100\/100\n|detailschange|p2b: Mimikyu|Mimikyu-Busted, L50, F\n|-damage|p2b: Mimikyu|88\/100|[from] pokemon: Mimikyu-Busted\n|move|p2b: Mimikyu|Play Rough|p1a: Iron Hands\n|-resisted|p1a: Iron Hands\n|-damage|p1a: Iron Hands|87\/100\n|move|p1a: Iron Hands|Drain Punch|p2a: Pincurchin\n|-damage|p2a: Pincurchin|19\/100\n|-heal|p1a: Iron Hands|100\/100|[from] drain|[of] p2a: Pincurchin\n|move|p2a: Pincurchin|Liquidation|p1a: Iron Hands\n|-supereffective|p1a: Iron Hands\n|-damage|p1a: Iron Hands|33\/100\n|-unboost|p1a: Iron Hands|def|1\n|-enditem|p1a: Iron Hands|Sitrus Berry|[eat]\n|-heal|p1a: Iron Hands|57\/100|[from] item: Sitrus Berry\n|-damage|p2a: Pincurchin|10\/100|[from] item: Life Orb\n|\n|upkeep\n|turn|3\n|\n|t:|1699729116\n|switch|p1b: Amoonguss|Amoonguss, L50, F, shiny|100\/100\n|switch|p2b: Iron Bundle|Iron Bundle, L50|100\/100\n|switch|p2a: Iron Moth|Iron Moth, L50|100\/100\n|move|p1a: Iron Hands|Drain Punch|p2a: Iron Moth\n|-resisted|p2a: Iron Moth\n|-damage|p2a: Iron Moth|42\/100\n|-heal|p1a: Iron Hands|77\/100|[from] drain|[of] p2a: Iron Moth\n|\n|upkeep\n|turn|4\n|\n|t:|1699729157\n|-end|p2a: Iron Moth|Quark Drive|[silent]\n|switch|p2a: Mimikyu|Mimikyu-Busted, L50, F|88\/100\n|move|p1b: Amoonguss|Rage Powder|p1b: Amoonguss\n|-singleturn|p1b: Amoonguss|move: Rage Powder\n|move|p2b: Iron Bundle|Flip Turn|p1b: Amoonguss\n|-resisted|p1b: Amoonguss\n|-damage|p1b: Amoonguss|87\/100\n|\n|t:|1699729164\n|-end|p2b: Iron Bundle|Quark Drive|[silent]\n|switch|p2b: Iron Moth|Iron Moth, L50|42\/100|[from] Flip Turn\n|move|p1a: Iron Hands|Drain Punch|p2b: Iron Moth\n|-resisted|p2b: Iron Moth\n|-damage|p2b: Iron Moth|0 fnt\n|-heal|p1a: Iron Hands|91\/100|[from] drain|[of] p2b: Iron Moth\n|faint|p2b: Iron Moth\n|-end|p2b: Iron Moth|Quark Drive|[silent]\n|\n|upkeep\n|\n|t:|1699729173\n|switch|p2b: Iron Bundle|Iron Bundle, L50|100\/100\n|turn|5\n|-message|Tlgork9top forfeited.\n|\n|win|MrNiceguyVGC\n|raw|MrNiceguyVGC's rating: 1076 &rarr; <strong>1106<\/strong><br \/>(+30 for winning)\n|raw|Tlgork9top's rating: 1098 &rarr; <strong>1072<\/strong><br \/>(-26 for losing)\n|l|\u2606Tlgork9top\n","uploadtime":1699729182,"views":9,"p1id":"mrniceguyvgc","p2id":"tlgork9top","formatid":"gen9vgc2023regulatione","rating":1072,"private":0,"password":""}