{"id":"gen9vgc2023regulatione-1999932643","p1":"Kzjzkz","p2":"65rttyyyyyyyyyy","format":"[Gen 9] VGC 2023 Regulation E","log":"|j|\u2606Kzjzkz\n|j|\u260665rttyyyyyyyyyy\n|t:|1701131622\n|gametype|doubles\n|player|p1|Kzjzkz|lance|1000\n|player|p2|65rttyyyyyyyyyy|170|1000\n|teamsize|p1|6\n|teamsize|p2|6\n|gen|9\n|tier|[Gen 9] VGC 2023 Regulation E\n|rated|\n|rule|Species Clause: Limit one of each Pok\u00e9mon\n|rule|Item Clause: Limit one of each item\n|clearpoke\n|poke|p1|Flutter Mane, L50|\n|poke|p1|Tornadus, L50, M|\n|poke|p1|Rillaboom, L50, F|\n|poke|p1|Garganacl, L50, M|\n|poke|p1|Arcanine-Hisui, L50, M|\n|poke|p1|Chien-Pao, L50|\n|poke|p2|Salamence, L50, M|\n|poke|p2|Palafin, L50, F|\n|poke|p2|Amoonguss, L50, M|\n|poke|p2|Pelipper, L50, F|\n|poke|p2|Kingambit, L50, M|\n|poke|p2|Gholdengo, L50|\n|teampreview|4\n|inactive|Battle timer is ON: inactive players will automatically lose when time's up. (requested by Kzjzkz)\n|\n|t:|1701131664\n|start\n|switch|p1a: Tornadus|Tornadus, L50, M|100\/100\n|switch|p1b: Garganacl|Garganacl, L50, M|100\/100\n|switch|p2a: Palafin|Palafin, L50, F|100\/100\n|switch|p2b: Amoonguss|Amoonguss, L50, M|100\/100\n|turn|1\n|inactive|65rttyyyyyyyyyy has 30 seconds left.\n|\n|t:|1701131696\n|-terastallize|p1b: Garganacl|Ghost\n|move|p1a: Tornadus|Taunt|p2b: Amoonguss\n|-start|p2b: Amoonguss|move: Taunt\n|move|p2a: Palafin|Flip Turn|p1b: Garganacl\n|-damage|p1b: Garganacl|80\/100\n|\n|t:|1701131713\n|detailschange|p2a: Palafin|Palafin-Hero, L50, F\n|switch|p2a: Pelipper|Pelipper, L50, F|100\/100|[from] Flip Turn\n|-weather|RainDance|[from] ability: Drizzle|[of] p2a: Pelipper\n|move|p1b: Garganacl|Iron Defense|p1b: Garganacl\n|-boost|p1b: Garganacl|def|2\n|move|p2b: Amoonguss|Leaf Storm|p1b: Garganacl\n|-damage|p1b: Garganacl|52\/100\n|-unboost|p2b: Amoonguss|spa|2\n|\n|-weather|RainDance|[upkeep]\n|upkeep\n|turn|2\n|\n|t:|1701131735\n|switch|p2b: Palafin|Palafin-Hero, L50, F|100\/100\n|-activate|p2b: Palafin|ability: Zero to Hero\n|move|p1b: Garganacl|Protect|p1b: Garganacl\n|-singleturn|p1b: Garganacl|Protect\n|move|p1a: Tornadus|Bleakwind Storm|p2a: Pelipper|[spread] p2a,p2b\n|-damage|p2a: Pelipper|64\/100\n|-damage|p2b: Palafin|64\/100\n|-unboost|p2b: Palafin|spe|1\n|move|p2a: Pelipper|Tailwind|p2a: Pelipper\n|-sidestart|p2: 65rttyyyyyyyyyy|move: Tailwind\n|\n|-weather|RainDance|[upkeep]\n|upkeep\n|turn|3\n|inactive|65rttyyyyyyyyyy has 30 seconds left.\n|inactive|65rttyyyyyyyyyy has 20 seconds left.\n|inactive|65rttyyyyyyyyyy has 15 seconds left.\n|\n|t:|1701131779\n|move|p1a: Tornadus|Sunny Day|p1a: Tornadus\n|-weather|SunnyDay\n|move|p2b: Palafin|Wave Crash|p1b: Garganacl\n|-damage|p1b: Garganacl|34\/100\n|-enditem|p1b: Garganacl|Sitrus Berry|[eat]\n|-heal|p1b: Garganacl|58\/100|[from] item: Sitrus Berry\n|-damage|p2b: Palafin|57\/100|[from] Recoil\n|move|p2a: Pelipper|Hurricane|p1a: Tornadus|[miss]\n|-miss|p2a: Pelipper|p1a: Tornadus\n|move|p1b: Garganacl|Salt Cure|p2b: Palafin\n|-damage|p2b: Palafin|42\/100\n|-start|p2b: Palafin|Salt Cure\n|\n|-weather|SunnyDay|[upkeep]\n|-damage|p2b: Palafin|17\/100|[from] Salt Cure\n|upkeep\n|turn|4\n|inactive|65rttyyyyyyyyyy has 30 seconds left.\n|\n|t:|1701131806\n|switch|p2a: Amoonguss|Amoonguss, L50, M|100\/100\n|move|p2b: Palafin|Wave Crash|p1a: Tornadus\n|-damage|p1a: Tornadus|42\/100\n|-damage|p2b: Palafin|0 fnt|[from] item: Rocky Helmet|[of] p1a: Tornadus\n|faint|p2b: Palafin\n|move|p1a: Tornadus|Bleakwind Storm|p2a: Amoonguss\n|-supereffective|p2a: Amoonguss\n|-damage|p2a: Amoonguss|24\/100\n|-unboost|p2a: Amoonguss|spe|1\n|-enditem|p2a: Amoonguss|Sitrus Berry|[eat]\n|-heal|p2a: Amoonguss|49\/100|[from] item: Sitrus Berry\n|move|p1b: Garganacl|Recover|p1b: Garganacl\n|-heal|p1b: Garganacl|100\/100\n|\n|-weather|SunnyDay|[upkeep]\n|upkeep\n|\n|t:|1701131822\n|switch|p2b: Kingambit|Kingambit, L50, M|100\/100\n|turn|5\n|\n|t:|1701131840\n|-terastallize|p2a: Amoonguss|Dark\n|move|p2a: Amoonguss|Rage Powder|p2a: Amoonguss\n|-singleturn|p2a: Amoonguss|move: Rage Powder\n|move|p1a: Tornadus|Taunt|p2a: Amoonguss\n|-hint|Since gen 7, Dark is immune to Prankster moves.\n|-immune|p2a: Amoonguss\n|move|p2b: Kingambit|Kowtow Cleave|p1b: Garganacl\n|-supereffective|p1b: Garganacl\n|-damage|p1b: Garganacl|68\/100\n|move|p1b: Garganacl|Salt Cure|p2a: Amoonguss\n|-damage|p2a: Amoonguss|38\/100\n|-start|p2a: Amoonguss|Salt Cure\n|\n|-weather|SunnyDay|[upkeep]\n|-damage|p2a: Amoonguss|25\/100|[from] Salt Cure\n|-sideend|p2: 65rttyyyyyyyyyy|move: Tailwind\n|upkeep\n|turn|6\n|-message|65rttyyyyyyyyyy forfeited.\n|\n|win|Kzjzkz\n|raw|Kzjzkz's rating: 1000 &rarr; <strong>1040<\/strong><br \/>(+40 for winning)\n|raw|65rttyyyyyyyyyy's rating: 1000 &rarr; <strong>1000<\/strong><br \/>(+0 for losing)\n|l|\u260665rttyyyyyyyyyy\n","uploadtime":1701131861,"views":5,"p1id":"kzjzkz","p2id":"65rttyyyyyyyyyy","formatid":"gen9vgc2023regulatione","rating":1000,"private":0,"password":""}