{"id":"gen9vgc2023regulatione-1999402651","p1":"Zap-n-Tap","p2":"Jippt351","format":"[Gen 9] VGC 2023 Regulation E","log":"|j|\u2606Zap-n-Tap\n|j|\u2606Jippt351\n|t:|1701074492\n|gametype|doubles\n|player|p1|Zap-n-Tap|170|1355\n|player|p2|Jippt351|266|1223\n|teamsize|p1|6\n|teamsize|p2|6\n|gen|9\n|tier|[Gen 9] VGC 2023 Regulation E\n|rated|\n|rule|Species Clause: Limit one of each Pok\u00e9mon\n|rule|Item Clause: Limit one of each item\n|clearpoke\n|poke|p1|Regieleki, L50|\n|poke|p1|Ninetales-Alola, L50, F|\n|poke|p1|Ogerpon-Wellspring, L50, F|\n|poke|p1|Arcanine-Hisui, L50, M|\n|poke|p1|Rillaboom, L50, F|\n|poke|p1|Kingambit, L50, F|\n|poke|p2|Lilligant-Hisui, L50, F|\n|poke|p2|Torkoal, L50, M|\n|poke|p2|Regidrago, L50|\n|poke|p2|Ursaluna, L50, F|\n|poke|p2|Armarouge, L50, F|\n|poke|p2|Indeedee-F, L50, F|\n|teampreview|4\n|inactive|Battle timer is ON: inactive players will automatically lose when time's up. (requested by Jippt351)\n|inactive|Zap-n-Tap has 60 seconds left.\n|l|\u2606Jippt351\n|inactive|Jippt351 disconnected and has a minute to reconnect!\n|player|p2|\n|\n|t:|1701074550\n|start\n|switch|p1a: :pensivebonk:|Ogerpon-Wellspring, L50, F|100\/100\n|switch|p1b: Saber|Kingambit, L50, F, shiny|100\/100\n|switch|p2a: Armarouge|Armarouge, L50, F|100\/100\n|switch|p2b: Indeedee|Indeedee-F, L50, F|100\/100\n|-fieldstart|move: Psychic Terrain|[from] ability: Psychic Surge|[of] p2b: Indeedee\n|turn|1\n|j|\u2606Jippt351\n|inactive|Jippt351 reconnected and has 55 seconds left.\n|player|p2|Jippt351|266\n|inactive|Zap-n-Tap has 30 seconds left.\n|\n|t:|1701074581\n|-terastallize|p1a: :pensivebonk:|Water\n|detailschange|p1a: :pensivebonk:|Ogerpon-Wellspring-Tera, L50, F, tera:Water\n|-ability|p1a: :pensivebonk:|Embody Aspect (Wellspring)|boost\n|-boost|p1a: :pensivebonk:|spd|1\n|move|p2b: Indeedee|Follow Me|p2b: Indeedee\n|-singleturn|p2b: Indeedee|move: Follow Me\n|move|p1a: :pensivebonk:|Ivy Cudgel|p2b: Indeedee|[anim] Ivy Cudgel Water\n|-damage|p2b: Indeedee|14\/100\n|move|p1b: Saber|Kowtow Cleave|p2b: Indeedee\n|-supereffective|p2b: Indeedee\n|-damage|p2b: Indeedee|0 fnt\n|-damage|p1b: Saber|84\/100|[from] item: Rocky Helmet|[of] p2b: Indeedee\n|faint|p2b: Indeedee\n|move|p2a: Armarouge|Trick Room|p2a: Armarouge\n|-fieldstart|move: Trick Room|[of] p2a: Armarouge\n|\n|upkeep\n|\n|t:|1701074594\n|switch|p2b: Ursaluna|Ursaluna, L50, F|100\/100\n|turn|2\n|inactive|Zap-n-Tap has 30 seconds left.\n|\n|t:|1701074623\n|move|p2b: Ursaluna|Headlong Rush|p1b: Saber\n|-supereffective|p1b: Saber\n|-damage|p1b: Saber|0 fnt\n|-unboost|p2b: Ursaluna|def|1\n|-unboost|p2b: Ursaluna|spd|1\n|faint|p1b: Saber\n|move|p2a: Armarouge|Expanding Force|p1a: :pensivebonk:\n|-damage|p1a: :pensivebonk:|32\/100\n|-damage|p2a: Armarouge|91\/100|[from] item: Life Orb\n|move|p1a: :pensivebonk:|Ivy Cudgel|p2a: Armarouge|[anim] Ivy Cudgel Water\n|-supereffective|p2a: Armarouge\n|-damage|p2a: Armarouge|0 fnt\n|faint|p2a: Armarouge\n|\n|-status|p2b: Ursaluna|brn|[from] item: Flame Orb\n|upkeep\n|\n|t:|1701074637\n|switch|p2a: Torkoal|Torkoal, L50, M|100\/100\n|switch|p1b: Leon|Arcanine-Hisui, L50, M, shiny|100\/100\n|-weather|SunnyDay|[from] ability: Drought|[of] p2a: Torkoal\n|-ability|p1b: Leon|Intimidate|boost\n|-unboost|p2a: Torkoal|atk|1\n|-unboost|p2b: Ursaluna|atk|1\n|turn|3\n|\n|t:|1701074651\n|switch|p1b: Eleanor|Ninetales-Alola, L50, F|100\/100\n|-weather|Snow|[from] ability: Snow Warning|[of] p1b: Eleanor\n|move|p2a: Torkoal|Protect|p2a: Torkoal\n|-singleturn|p2a: Torkoal|Protect\n|move|p1a: :pensivebonk:|Spiky Shield|p1a: :pensivebonk:\n|-singleturn|p1a: :pensivebonk:|move: Protect\n|move|p2b: Ursaluna|Earthquake|p1a: :pensivebonk:|[spread] p1b\n|-activate|p2a: Torkoal|move: Protect\n|-activate|p1a: :pensivebonk:|move: Protect\n|-damage|p1b: Eleanor|65\/100\n|\n|-weather|Snow|[upkeep]\n|-damage|p2b: Ursaluna|95\/100 brn|[from] brn\n|upkeep\n|turn|4\n|l|\u2606Jippt351\n|inactive|Jippt351 disconnected and has a minute to reconnect!\n|player|p2|\n|j|\u2606Jippt351\n|inactive|Jippt351 reconnected and has 35 seconds left.\n|player|p2|Jippt351|266\n|inactive|Zap-n-Tap has 30 seconds left.\n|inactive|Jippt351 has 30 seconds left.\n|inactive|Jippt351 has 20 seconds left.\n|\n|t:|1701074686\n|switch|p1a: Leon|Arcanine-Hisui, L50, M, shiny|100\/100\n|-ability|p1a: Leon|Intimidate|boost\n|-unboost|p2a: Torkoal|atk|1\n|-unboost|p2b: Ursaluna|atk|1\n|-terastallize|p2a: Torkoal|Fire\n|move|p1b: Eleanor|Protect|p1b: Eleanor\n|-singleturn|p1b: Eleanor|Protect\n|move|p2a: Torkoal|Eruption|p1b: Eleanor|[spread] p1a\n|-activate|p1b: Eleanor|move: Protect\n|-resisted|p1a: Leon\n|-damage|p1a: Leon|82\/100\n|move|p2b: Ursaluna|Facade|p1a: Leon\n|-resisted|p1a: Leon\n|-damage|p1a: Leon|46\/100\n|-enditem|p1a: Leon|Sitrus Berry|[eat]\n|-heal|p1a: Leon|71\/100|[from] item: Sitrus Berry\n|\n|-weather|Snow|[upkeep]\n|-damage|p2b: Ursaluna|89\/100 brn|[from] brn\n|upkeep\n|turn|5\n|inactive|Zap-n-Tap has 30 seconds left.\n|inactive|Zap-n-Tap has 20 seconds left.\n|\n|t:|1701074725\n|move|p2a: Torkoal|Eruption|p1a: Leon|[spread] p1a,p1b\n|-resisted|p1a: Leon\n|-supereffective|p1b: Eleanor\n|-damage|p1a: Leon|50\/100\n|-damage|p1b: Eleanor|0 fnt\n|faint|p1b: Eleanor\n|move|p2b: Ursaluna|Headlong Rush|p1a: Leon\n|-supereffective|p1a: Leon\n|-damage|p1a: Leon|0 fnt\n|-unboost|p2b: Ursaluna|def|1\n|-unboost|p2b: Ursaluna|spd|1\n|faint|p1a: Leon\n|\n|-weather|Snow|[upkeep]\n|-damage|p2b: Ursaluna|83\/100 brn|[from] brn\n|-fieldend|move: Trick Room\n|-fieldend|move: Psychic Terrain\n|upkeep\n|\n|t:|1701074733\n|switch|p1b: :pensivebonk:|Ogerpon-Wellspring-Tera, L50, F, tera:Water|32\/100\n|-ability|p1b: :pensivebonk:|Embody Aspect (Wellspring)|boost\n|-boost|p1b: :pensivebonk:|spd|1\n|turn|6\n|inactive|Jippt351 has 30 seconds left.\n|inactive|Jippt351 has 20 seconds left.\n|\n|t:|1701074769\n|move|p1b: :pensivebonk:|Ivy Cudgel|p2b: Ursaluna|[anim] Ivy Cudgel Water\n|-supereffective|p2b: Ursaluna\n|-damage|p2b: Ursaluna|0 fnt\n|faint|p2b: Ursaluna\n|move|p2a: Torkoal|Earth Power|p1b: :pensivebonk:\n|-crit|p1b: :pensivebonk:\n|-damage|p1b: :pensivebonk:|0 fnt\n|faint|p1b: :pensivebonk:\n|\n|win|Jippt351\n|raw|Zap-n-Tap's rating: 1355 &rarr; <strong>1328<\/strong><br \/>(-27 for losing)\n|raw|Jippt351's rating: 1223 &rarr; <strong>1257<\/strong><br \/>(+34 for winning)\n|l|\u2606Zap-n-Tap\n","uploadtime":1701074785,"views":6,"p1id":"zapntap","p2id":"jippt351","formatid":"gen9vgc2023regulatione","rating":1257,"private":0,"password":""}