{"id":"gen9vgc2023regulatione-2000182171","p1":"xingshen","p2":"BlvckTheGamer","format":"[Gen 9] VGC 2023 Regulation E","log":"|j|\u2606xingshen\n|j|\u2606BlvckTheGamer\n|t:|1701168542\n|gametype|doubles\n|player|p1|xingshen|101|1361\n|player|p2|BlvckTheGamer|101|1364\n|teamsize|p1|6\n|teamsize|p2|6\n|gen|9\n|tier|[Gen 9] VGC 2023 Regulation E\n|rated|\n|rule|Species Clause: Limit one of each Pok\u00e9mon\n|rule|Item Clause: Limit one of each item\n|clearpoke\n|poke|p1|Indeedee-F, L50, F|\n|poke|p1|Sneasler, L50, F|\n|poke|p1|Salamence, L50, M|\n|poke|p1|Gholdengo, L50|\n|poke|p1|Ogerpon-Wellspring, L50, F|\n|poke|p1|Urshifu-*, L50, F|\n|poke|p2|Ogerpon, L50, F|\n|poke|p2|Flutter Mane, L50|\n|poke|p2|Chi-Yu, L50|\n|poke|p2|Milotic, L50, F|\n|poke|p2|Tornadus, L50, M|\n|poke|p2|Gholdengo, L50|\n|teampreview|4\n|\n|t:|1701168599\n|start\n|switch|p1a: Gholdengo|Gholdengo, L50|100\/100\n|switch|p1b: Ogerpon|Ogerpon-Wellspring, L50, F|100\/100\n|switch|p2a: Milotic|Milotic, L50, F, shiny|100\/100\n|switch|p2b: Gholdengo|Gholdengo, L50|100\/100\n|turn|1\n|\n|t:|1701168630\n|-terastallize|p1a: Gholdengo|Steel\n|move|p1a: Gholdengo|Nasty Plot|p1a: Gholdengo\n|-boost|p1a: Gholdengo|spa|2\n|move|p1b: Ogerpon|Wood Hammer|p2a: Milotic\n|-supereffective|p2a: Milotic\n|-damage|p2a: Milotic|0 fnt\n|faint|p2a: Milotic\n|-damage|p1b: Ogerpon|65\/100|[from] Recoil\n|move|p2b: Gholdengo|Thunderbolt|p1b: Ogerpon\n|-damage|p1b: Ogerpon|11\/100\n|\n|upkeep\n|\n|t:|1701168649\n|switch|p2a: Flutter Mane|Flutter Mane, L50, shiny|100\/100\n|-enditem|p2a: Flutter Mane|Booster Energy\n|-activate|p2a: Flutter Mane|ability: Protosynthesis|[fromitem]\n|-start|p2a: Flutter Mane|protosynthesisspe\n|turn|2\n|\n|t:|1701168679\n|move|p2a: Flutter Mane|Protect|p2a: Flutter Mane\n|-singleturn|p2a: Flutter Mane|Protect\n|move|p1b: Ogerpon|Follow Me|p1b: Ogerpon\n|-singleturn|p1b: Ogerpon|move: Follow Me\n|move|p1a: Gholdengo|Make It Rain|p2b: Gholdengo|[spread] p2b\n|-activate|p2a: Flutter Mane|move: Protect\n|-resisted|p2b: Gholdengo\n|-damage|p2b: Gholdengo|29\/100\n|-unboost|p1a: Gholdengo|spa|1\n|move|p2b: Gholdengo|Thunderbolt|p1b: Ogerpon\n|-damage|p1b: Ogerpon|0 fnt\n|faint|p1b: Ogerpon\n|\n|upkeep\n|\n|t:|1701168696\n|switch|p1b: Indeedee|Indeedee-F, L50, F|100\/100\n|-fieldstart|move: Psychic Terrain|[from] ability: Psychic Surge|[of] p1b: Indeedee\n|turn|3\n|\n|t:|1701168706\n|move|p1b: Indeedee|Follow Me|p1b: Indeedee\n|-singleturn|p1b: Indeedee|move: Follow Me\n|move|p2a: Flutter Mane|Icy Wind|p1a: Gholdengo|[spread] p1a,p1b\n|-resisted|p1a: Gholdengo\n|-damage|p1a: Gholdengo|93\/100\n|-damage|p1b: Indeedee|88\/100\n|-unboost|p1a: Gholdengo|spe|1\n|-unboost|p1b: Indeedee|spe|1\n|move|p2b: Gholdengo|Thunderbolt|p1b: Indeedee\n|-damage|p1b: Indeedee|35\/100\n|move|p1a: Gholdengo|Make It Rain|p2b: Gholdengo|[spread] p2a,p2b\n|-supereffective|p2a: Flutter Mane\n|-resisted|p2b: Gholdengo\n|-damage|p2a: Flutter Mane|0 fnt\n|-damage|p2b: Gholdengo|0 fnt\n|-unboost|p1a: Gholdengo|spa|1\n|faint|p2a: Flutter Mane\n|-end|p2a: Flutter Mane|Protosynthesis|[silent]\n|faint|p2b: Gholdengo\n|\n|-heal|p1a: Gholdengo|99\/100|[from] item: Leftovers\n|upkeep\n|\n|t:|1701168721\n|switch|p2b: Ogerpon|Ogerpon, L50, F|100\/100\n|turn|4\n|\n|t:|1701168735\n|move|p1b: Indeedee|Follow Me|p1b: Indeedee\n|-singleturn|p1b: Indeedee|move: Follow Me\n|move|p2b: Ogerpon|Ivy Cudgel|p1b: Indeedee\n|-crit|p1b: Indeedee\n|-damage|p1b: Indeedee|0 fnt\n|faint|p1b: Indeedee\n|move|p1a: Gholdengo|Nasty Plot|p1a: Gholdengo\n|-boost|p1a: Gholdengo|spa|2\n|\n|-heal|p1a: Gholdengo|100\/100|[from] item: Leftovers\n|upkeep\n|\n|t:|1701168747\n|switch|p1b: Sneasler|Sneasler, L50, F|100\/100\n|-enditem|p1b: Sneasler|Psychic Seed\n|-boost|p1b: Sneasler|spd|1|[from] item: Psychic Seed\n|turn|5\n|\n|t:|1701168758\n|move|p2b: Ogerpon|Spiky Shield|p2b: Ogerpon\n|-singleturn|p2b: Ogerpon|move: Protect\n|move|p1b: Sneasler|Acrobatics|p2b: Ogerpon\n|-activate|p2b: Ogerpon|move: Protect\n|-damage|p1b: Sneasler|88\/100|[from] Spiky Shield|[of] p2b: Ogerpon\n|move|p1a: Gholdengo|Shadow Ball|p2b: Ogerpon\n|-activate|p2b: Ogerpon|move: Protect\n|\n|upkeep\n|turn|6\n|\n|t:|1701168779\n|-terastallize|p2b: Ogerpon|Grass\n|detailschange|p2b: Ogerpon|Ogerpon-Teal-Tera, L50, F, tera:Grass\n|-ability|p2b: Ogerpon|Embody Aspect (Teal)|boost\n|-boost|p2b: Ogerpon|spe|1\n|move|p1b: Sneasler|Acrobatics|p2b: Ogerpon\n|-supereffective|p2b: Ogerpon\n|-damage|p2b: Ogerpon|10\/100\n|move|p2b: Ogerpon|Stomping Tantrum|p1a: Gholdengo\n|-supereffective|p1a: Gholdengo\n|-damage|p1a: Gholdengo|46\/100\n|move|p1a: Gholdengo|Shadow Ball|p2b: Ogerpon\n|-damage|p2b: Ogerpon|0 fnt\n|faint|p2b: Ogerpon\n|\n|win|xingshen\n|raw|xingshen's rating: 1361 &rarr; <strong>1381<\/strong><br \/>(+20 for winning)\n|raw|BlvckTheGamer's rating: 1364 &rarr; <strong>1344<\/strong><br \/>(-20 for losing)\n|l|\u2606BlvckTheGamer\n","uploadtime":1701168796,"views":3,"p1id":"xingshen","p2id":"blvckthegamer","formatid":"gen9vgc2023regulatione","rating":1344,"private":0,"password":""}