{"id":"gen9vgc2023regulatione-2000261785","p1":"vivamaxben10inches","p2":"yunaker","format":"[Gen 9] VGC 2023 Regulation E","log":"|j|\u2606vivamaxben10inches\n|j|\u2606yunaker\n|t:|1701178869\n|gametype|doubles\n|player|p1|vivamaxben10inches|101|\n|player|p2|yunaker|elesa-masters|\n|teamsize|p1|6\n|teamsize|p2|6\n|gen|9\n|tier|[Gen 9] VGC 2023 Regulation E\n|rule|Species Clause: Limit one of each Pok\u00e9mon\n|rule|Item Clause: Limit one of each item\n|clearpoke\n|poke|p1|Regidrago, L50|\n|poke|p1|Indeedee-F, L50, F|\n|poke|p1|Armarouge, L50, M|\n|poke|p1|Ursaluna, L50, M|\n|poke|p1|Torkoal, L50, M|\n|poke|p1|Lilligant-Hisui, L50, F|\n|poke|p2|Tornadus, L50, M|\n|poke|p2|Arcanine-Hisui, L50, F|\n|poke|p2|Gholdengo, L50|\n|poke|p2|Urshifu-*, L50, M|\n|poke|p2|Iron Hands, L50|\n|poke|p2|Amoonguss, L50, M|\n|teampreview|4\n|c|\u2606vivamaxben10inches|glhf\nvivamaxben10inches has agreed to open team sheets.\n|j| sujowoodo\n|c|\u2606vivamaxben10inches|also i forgot to tick on bo3\n|c|\u2606yunaker|np\nyunaker has agreed to open team sheets.\n|showteam|p1|Regidrago||ChoiceScarf|DragonsMaw|DragonEnergy,DracoMeteor,DragonPulse,EarthPower||||||50|,,,,,Dragon]Indeedee-F||RockyHelmet|PsychicSurge|FollowMe,HelpingHand,TrickRoom,DazzlingGleam|||F|||50|,,,,,Fire]Armarouge||LifeOrb|FlashFire|ExpandingForce,HeatWave,TrickRoom,Protect|||M|||50|,,,,,Psychic]Ursaluna||FlameOrb|Guts|Facade,HeadlongRush,Earthquake,Protect|||M|||50|,,,,,Ghost]Torkoal||Charcoal|Drought|Eruption,HeatWave,EarthPower,Protect|||M|||50|,,,,,Fire]Lilligant-Hisui||FocusSash|Chlorophyll|CloseCombat,SolarBlade,AfterYou,SleepPowder|||F|||50|,,,,,Ghost\n|showteam|p2|Tornadus||RockyHelmet|Prankster|RainDance,Tailwind,Protect,BleakwindStorm|||M|||50|,,,,,Ghost]Arcanine-Hisui||ChoiceBand|Intimidate|FlareBlitz,RockSlide,ExtremeSpeed,HeadSmash|||F|||50|,,,,,Fairy]Gholdengo||Leftovers|GoodasGold|MakeItRain,ShadowBall,NastyPlot,Protect||||||50|,,,,,Dragon]Urshifu-Rapid-Strike||MysticWater|UnseenFist|SurgingStrikes,CloseCombat,AquaJet,Detect|||M|||50|,,,,,Water]Iron Hands||AssaultVest|QuarkDrive|WildCharge,FakeOut,HeavySlam,DrainPunch||||||50|,,,,,Water]Amoonguss||SitrusBerry|Regenerator|Spore,RagePowder,PollenPuff,Protect|||M|||50|,,,,,Water\n|\n|t:|1701178923\n|start\n|switch|p1a: Indeedee|Indeedee-F, L50, F|100\/100\n|switch|p1b: Armarouge|Armarouge, L50, M|100\/100\n|switch|p2a: Gholdengo|Gholdengo, L50, shiny|100\/100\n|switch|p2b: Arcanine|Arcanine-Hisui, L50, F, shiny|100\/100\n|-ability|p2b: Arcanine|Intimidate|boost\n|-unboost|p1a: Indeedee|atk|1\n|-unboost|p1b: Armarouge|atk|1\n|-fieldstart|move: Psychic Terrain|[from] ability: Psychic Surge|[of] p1a: Indeedee\n|turn|1\n|\n|t:|1701178942\n|move|p1a: Indeedee|Follow Me|p1a: Indeedee\n|-singleturn|p1a: Indeedee|move: Follow Me\n|move|p2b: Arcanine|Rock Slide|p1b: Armarouge|[spread] p1a\n|-miss|p2b: Arcanine|p1b: Armarouge\n|-damage|p1a: Indeedee|64\/100\n|move|p2a: Gholdengo|Nasty Plot|p2a: Gholdengo\n|-boost|p2a: Gholdengo|spa|2\n|move|p1b: Armarouge|Trick Room|p1b: Armarouge\n|-fieldstart|move: Trick Room|[of] p1b: Armarouge\n|\n|upkeep\n|turn|2\n|\n|t:|1701178955\n|-terastallize|p1b: Armarouge|Psychic\n|move|p1a: Indeedee|Helping Hand|p1b: Armarouge\n|-singleturn|p1b: Armarouge|Helping Hand|[of] p1a: Indeedee\n|move|p2a: Gholdengo|Protect|p2a: Gholdengo\n|-singleturn|p2a: Gholdengo|Protect\n|move|p1b: Armarouge|Expanding Force|p2a: Gholdengo|[spread] p2b\n|-activate|p2a: Gholdengo|move: Protect\n|-damage|p2b: Arcanine|0 fnt\n|faint|p2b: Arcanine\n|-damage|p1b: Armarouge|90\/100|[from] item: Life Orb\n|\n|upkeep\n|\n|t:|1701178968\n|switch|p2b: Amoonguss|Amoonguss, L50, M|100\/100\n|turn|3\n|\n|t:|1701178983\n|move|p2b: Amoonguss|Protect|p2b: Amoonguss\n|-singleturn|p2b: Amoonguss|Protect\n|move|p1a: Indeedee|Follow Me|p1a: Indeedee\n|-singleturn|p1a: Indeedee|move: Follow Me\n|move|p1b: Armarouge|Expanding Force|p2b: Amoonguss|[spread] p2a\n|-activate|p2b: Amoonguss|move: Protect\n|-resisted|p2a: Gholdengo\n|-damage|p2a: Gholdengo|42\/100\n|-damage|p1b: Armarouge|80\/100|[from] item: Life Orb\n|move|p2a: Gholdengo|Make It Rain|p1a: Indeedee|[spread] p1a,p1b\n|-damage|p1a: Indeedee|0 fnt\n|-damage|p1b: Armarouge|0 fnt\n|-unboost|p2a: Gholdengo|spa|1\n|faint|p1a: Indeedee\n|faint|p1b: Armarouge\n|\n|-heal|p2a: Gholdengo|49\/100|[from] item: Leftovers\n|upkeep\n|\n|t:|1701178994\n|switch|p1b: Regidrago|Regidrago, L50|100\/100\n|switch|p1a: Ursaluna|Ursaluna, L50, M|100\/100\n|turn|4\n|\n|t:|1701179016\n|move|p1a: Ursaluna|Protect|p1a: Ursaluna\n|-singleturn|p1a: Ursaluna|Protect\n|move|p2b: Amoonguss|Spore|p1b: Regidrago\n|-status|p1b: Regidrago|slp|[from] move: Spore\n|move|p2a: Gholdengo|Make It Rain|p1a: Ursaluna|[spread] p1b\n|-activate|p1a: Ursaluna|move: Protect\n|-damage|p1b: Regidrago|25\/100 slp\n|-unboost|p2a: Gholdengo|spa|1\n|cant|p1b: Regidrago|slp\n|\n|-heal|p2a: Gholdengo|55\/100|[from] item: Leftovers\n|-status|p1a: Ursaluna|brn|[from] item: Flame Orb\n|upkeep\n|turn|5\n|\n|t:|1701179040\n|move|p2b: Amoonguss|Protect|p2b: Amoonguss\n|-singleturn|p2b: Amoonguss|Protect\n|move|p2a: Gholdengo|Protect|p2a: Gholdengo\n|-singleturn|p2a: Gholdengo|Protect\n|move|p1a: Ursaluna|Facade|p2b: Amoonguss\n|-activate|p2b: Amoonguss|move: Protect\n|cant|p1b: Regidrago|slp\n|\n|-heal|p2a: Gholdengo|61\/100|[from] item: Leftovers\n|-damage|p1a: Ursaluna|95\/100 brn|[from] brn\n|-fieldend|move: Trick Room\n|-fieldend|move: Psychic Terrain\n|upkeep\n|turn|6\n|\n|t:|1701179050\n|move|p2b: Amoonguss|Rage Powder|p2b: Amoonguss\n|-singleturn|p2b: Amoonguss|move: Rage Powder\n|cant|p1b: Regidrago|slp\n|move|p2a: Gholdengo|Make It Rain|p1b: Regidrago|[spread] p1a,p1b\n|-damage|p1a: Ursaluna|58\/100 brn\n|-damage|p1b: Regidrago|0 fnt\n|-unboost|p2a: Gholdengo|spa|1\n|faint|p1b: Regidrago\n|move|p1a: Ursaluna|Earthquake|p2b: Amoonguss|[spread] p2a,p2b\n|-supereffective|p2a: Gholdengo\n|-damage|p2a: Gholdengo|0 fnt\n|-damage|p2b: Amoonguss|47\/100\n|-enditem|p2b: Amoonguss|Sitrus Berry|[eat]\n|-heal|p2b: Amoonguss|72\/100|[from] item: Sitrus Berry\n|faint|p2a: Gholdengo\n|\n|-damage|p1a: Ursaluna|52\/100 brn|[from] brn\n|upkeep\n|c|\u2606vivamaxben10inches|wpwp\n|\n|t:|1701179059\n|switch|p2a: Iron Hands|Iron Hands, L50|100\/100\n|turn|7\n|c|\u2606yunaker|\ud83d\ude4f\n|\n|t:|1701179076\n|-terastallize|p2a: Iron Hands|Water\n|move|p1a: Ursaluna|Protect|p1a: Ursaluna\n|-singleturn|p1a: Ursaluna|Protect\n|move|p2b: Amoonguss|Rage Powder|p2b: Amoonguss\n|-singleturn|p2b: Amoonguss|move: Rage Powder\n|move|p2a: Iron Hands|Drain Punch|p1a: Ursaluna\n|-activate|p1a: Ursaluna|move: Protect\n|\n|-damage|p1a: Ursaluna|46\/100 brn|[from] brn\n|upkeep\n|turn|8\n|\n|t:|1701179082\n|move|p2b: Amoonguss|Rage Powder|p2b: Amoonguss\n|-singleturn|p2b: Amoonguss|move: Rage Powder\n|move|p2a: Iron Hands|Drain Punch|p1a: Ursaluna\n|-supereffective|p1a: Ursaluna\n|-crit|p1a: Ursaluna\n|-damage|p1a: Ursaluna|0 fnt\n|faint|p1a: Ursaluna\n|\n|win|yunaker\n","uploadtime":1701179529,"views":1,"p1id":"vivamaxben10inches","p2id":"yunaker","formatid":"gen9vgc2023regulatione","rating":0,"private":0,"password":""}