{"id":"gen9vgc2023regulatione-1998006125","p1":"casper6_14","p2":"Mr_Mannerz","format":"[Gen 9] VGC 2023 Regulation E","log":"|j|\u2606casper6_14\n|j|\u2606Mr_Mannerz\n|t:|1700878068\n|gametype|doubles\n|player|p1|casper6_14|2|1019\n|player|p2|Mr_Mannerz|169|1075\n|teamsize|p1|6\n|teamsize|p2|6\n|gen|9\n|tier|[Gen 9] VGC 2023 Regulation E\n|rated|\n|rule|Species Clause: Limit one of each Pok\u00e9mon\n|rule|Item Clause: Limit one of each item\n|clearpoke\n|poke|p1|Landorus-Therian, L50, M|\n|poke|p1|Ogerpon-Wellspring, L50, F|\n|poke|p1|Kingambit, L50, F|\n|poke|p1|Iron Hands, L50|\n|poke|p1|Flutter Mane, L50|\n|poke|p1|Gholdengo, L50|\n|poke|p2|Iron Hands, L50|\n|poke|p2|Landorus-Therian, L50, M|\n|poke|p2|Sinistcha, L50|\n|poke|p2|Grimmsnarl, L50, M|\n|poke|p2|Goodra-Hisui, L50, F|\n|poke|p2|Toxapex, L50, M|\n|teampreview|4\n|\n|t:|1700878109\n|start\n|switch|p1a: Kingambit|Kingambit, L50, F|100\/100\n|switch|p1b: Iron Hands|Iron Hands, L50|100\/100\n|switch|p2a: Toxapex|Toxapex, L50, M|100\/100\n|switch|p2b: Grimmsnarl|Grimmsnarl, L50, M|100\/100\n|turn|1\n|\n|t:|1700878138\n|move|p1b: Iron Hands|Fake Out|p2b: Grimmsnarl\n|-damage|p2b: Grimmsnarl|85\/100\n|move|p2b: Grimmsnarl|Spirit Break|p1a: Kingambit\n|-damage|p1a: Kingambit|79\/100\n|-unboost|p1a: Kingambit|spa|1\n|-ability|p1a: Kingambit|Defiant|boost\n|-boost|p1a: Kingambit|atk|2\n|move|p1a: Kingambit|Swords Dance|p1a: Kingambit\n|-boost|p1a: Kingambit|atk|2\n|move|p2a: Toxapex|Infestation|p1a: Kingambit\n|-damage|p1a: Kingambit|76\/100\n|-activate|p1a: Kingambit|move: Infestation|[of] p2a: Toxapex\n|\n|-heal|p1a: Kingambit|82\/100|[from] item: Leftovers\n|-damage|p1a: Kingambit|65\/100|[from] move: Infestation|[partiallytrapped]\n|upkeep\n|turn|2\n|\n|t:|1700878168\n|move|p2b: Grimmsnarl|Spirit Break|p1a: Kingambit\n|-crit|p1a: Kingambit\n|-damage|p1a: Kingambit|32\/100\n|-unboost|p1a: Kingambit|spa|1\n|-ability|p1a: Kingambit|Defiant|boost\n|-boost|p1a: Kingambit|atk|2\n|move|p1b: Iron Hands|Wild Charge|p2a: Toxapex\n|-supereffective|p2a: Toxapex\n|-damage|p2a: Toxapex|38\/100\n|-damage|p1b: Iron Hands|90\/100|[from] Recoil\n|move|p1a: Kingambit|Iron Head|p2b: Grimmsnarl\n|-supereffective|p2b: Grimmsnarl\n|-damage|p2b: Grimmsnarl|0 fnt\n|faint|p2b: Grimmsnarl\n|move|p2a: Toxapex|Infestation|p1b: Iron Hands\n|-resisted|p1b: Iron Hands\n|-crit|p1b: Iron Hands\n|-damage|p1b: Iron Hands|89\/100\n|-activate|p1b: Iron Hands|move: Infestation|[of] p2a: Toxapex\n|\n|-heal|p1a: Kingambit|38\/100|[from] item: Leftovers\n|-damage|p1a: Kingambit|22\/100|[from] move: Infestation|[partiallytrapped]\n|-damage|p1b: Iron Hands|72\/100|[from] move: Infestation|[partiallytrapped]\n|upkeep\n|\n|t:|1700878191\n|switch|p2b: Iron Hands|Iron Hands, L50|100\/100\n|turn|3\n|\n|t:|1700878204\n|-terastallize|p1a: Kingambit|Ghost\n|move|p2b: Iron Hands|Fake Out|p1a: Kingambit\n|-immune|p1a: Kingambit\n|move|p1b: Iron Hands|Wild Charge|p2a: Toxapex\n|-supereffective|p2a: Toxapex\n|-damage|p2a: Toxapex|0 fnt\n|faint|p2a: Toxapex\n|-damage|p1b: Iron Hands|66\/100|[from] Recoil\n|move|p1a: Kingambit|Iron Head|p2b: Iron Hands\n|-resisted|p2b: Iron Hands\n|-damage|p2b: Iron Hands|40\/100\n|\n|-heal|p1a: Kingambit|28\/100|[from] item: Leftovers\n|-end|p1b: Iron Hands|Infestation|[partiallytrapped]|[silent]\n|-end|p1a: Kingambit|Infestation|[partiallytrapped]|[silent]\n|upkeep\n|\n|t:|1700878216\n|switch|p2a: Sinistcha|Sinistcha, L50|100\/100\n|-heal|p2b: Iron Hands|64\/100|[from] ability: Hospitality|[of] p2a: Sinistcha\n|turn|4\n|\n|t:|1700878237\n|move|p2a: Sinistcha|Calm Mind|p2a: Sinistcha\n|-boost|p2a: Sinistcha|spa|1\n|-boost|p2a: Sinistcha|spd|1\n|move|p2b: Iron Hands|Drain Punch|p1a: Kingambit\n|-immune|p1a: Kingambit\n|move|p1b: Iron Hands|Drain Punch|p2b: Iron Hands\n|-damage|p2b: Iron Hands|37\/100\n|-heal|p1b: Iron Hands|79\/100|[from] drain|[of] p2b: Iron Hands\n|move|p1a: Kingambit|Iron Head|p2a: Sinistcha\n|-damage|p2a: Sinistcha|0 fnt\n|faint|p2a: Sinistcha\n|\n|-heal|p1a: Kingambit|34\/100|[from] item: Leftovers\n|upkeep\n|turn|5\n|-message|Mr_Mannerz forfeited.\n|\n|win|casper6_14\n|raw|casper6_14's rating: 1019 &rarr; <strong>1062<\/strong><br \/>(+43 for winning)\n|raw|Mr_Mannerz's rating: 1075 &rarr; <strong>1050<\/strong><br \/>(-25 for losing)\n|l|\u2606Mr_Mannerz\n","uploadtime":1700878256,"views":1,"p1id":"casper614","p2id":"mrmannerz","formatid":"gen9vgc2023regulatione","rating":1050,"private":0,"password":""}