{"id":"gen9vgc2023regulatione-1995661135","p1":"ScorchSb","p2":"Mr.Play&C","format":"[Gen 9] VGC 2023 Regulation E","log":"|j|\u2606ScorchSb\n|j|\u2606Mr.Play&C\n|n|\u2606ScorchSb|scorchsb\n|n|\u2606Mr.Play&C|mrplayc\n|html|View the match progress at <a href=\"\/game-bestof3-gen9vgc2023regulatione-1995656070\">game-bestof3-gen9vgc2023regulatione-1995656070<\/a>\n|t:|1700591727\n|gametype|doubles\n|player|p1|ScorchSb|101|\n|player|p2|Mr.Play&C|ingo|\n|teamsize|p1|6\n|teamsize|p2|6\n|gen|9\n|tier|[Gen 9] VGC 2023 Regulation E\n|rule|Species Clause: Limit one of each Pok\u00e9mon\n|rule|Item Clause: Limit one of each item\n|clearpoke\n|poke|p1|Landorus-Therian, L50, M|\n|poke|p1|Regieleki, L50|\n|poke|p1|Talonflame, L50, M|\n|poke|p1|Pincurchin, L50, M|\n|poke|p1|Zoroark-Hisui, L50, F|\n|poke|p1|Palafin, L50, M|\n|poke|p2|Rillaboom, L50, M|\n|poke|p2|Annihilape, L50, M|\n|poke|p2|Klefki, L50, M|\n|poke|p2|Rotom-Wash, L50|\n|poke|p2|Weavile, L50, F|\n|poke|p2|Magnezone, L50|\n|teampreview|4\nScorchSb rejected open team sheets.\n|\n|t:|1700591770\n|start\n|switch|p1a: Landorus|Landorus-Therian, L50, M|100\/100\n|switch|p1b: Talonflame|Talonflame, L50, M|100\/100\n|switch|p2a: Klefki|Klefki, L50, M|100\/100\n|switch|p2b: Weavile|Weavile, L50, F|100\/100\n|-ability|p2b: Weavile|Pressure\n|turn|1\n|\n|t:|1700591801\n|move|p2a: Klefki|Reflect|p2a: Klefki\n|-sidestart|p2: Mr.Play&C|Reflect\n|move|p1a: Landorus|Flamethrower|p2b: Weavile\n|-supereffective|p2b: Weavile\n|-enditem|p2b: Weavile|Focus Sash\n|-damage|p2b: Weavile|1\/100\n|move|p2b: Weavile|Icicle Crash|p1a: Landorus\n|-damage|p1a: Landorus|4\/100\n|replace|p1a: Zoroark|Zoroark-Hisui, L50, F\n|-end|p1a: Zoroark|Illusion\n|move|p1b: Talonflame|Tailwind|p1b: Talonflame\n|-sidestart|p1: ScorchSb|move: Tailwind\n|\n|upkeep\n|turn|2\n|\n|t:|1700591828\n|move|p1a: Zoroark|Flamethrower|p2a: Klefki\n|-supereffective|p2a: Klefki\n|-damage|p2a: Klefki|3\/100\n|move|p1b: Talonflame|Air Slash|p2b: Weavile\n|-damage|p2b: Weavile|0 fnt\n|faint|p2b: Weavile\n|move|p2a: Klefki|Play Rough|p1a: Zoroark\n|-damage|p1a: Zoroark|0 fnt\n|faint|p1a: Zoroark\n|\n|-heal|p2a: Klefki|9\/100|[from] item: Leftovers\n|upkeep\n|\n|t:|1700591867\n|switch|p1a: Regieleki|Regieleki, L50|100\/100\n|switch|p2b: Rotom|Rotom-Wash, L50|100\/100\n|turn|3\n|\n|t:|1700591884\n|move|p2a: Klefki|Protect|p2a: Klefki\n|-singleturn|p2a: Klefki|Protect\n|move|p1a: Regieleki|Electroweb|p2a: Klefki|[spread] p2b\n|-activate|p2a: Klefki|move: Protect\n|-damage|p2b: Rotom|76\/100\n|-unboost|p2b: Rotom|spe|1\n|move|p1b: Talonflame|Taunt|p2a: Klefki\n|-activate|p2a: Klefki|move: Protect\n|move|p2b: Rotom|Thunderbolt|p1b: Talonflame\n|-supereffective|p1b: Talonflame\n|-enditem|p1b: Talonflame|Wacan Berry|[eat]\n|-enditem|p1b: Talonflame|Wacan Berry|[weaken]\n|-damage|p1b: Talonflame|39\/100\n|\n|-heal|p2a: Klefki|15\/100|[from] item: Leftovers\n|upkeep\n|turn|4\n|\n|t:|1700591914\n|move|p2a: Klefki|Light Screen|p2a: Klefki\n|-sidestart|p2: Mr.Play&C|move: Light Screen\n|move|p1a: Regieleki|Electroweb|p2a: Klefki|[spread] p2a,p2b\n|-damage|p2a: Klefki|0 fnt\n|-damage|p2b: Rotom|59\/100\n|-unboost|p2b: Rotom|spe|1\n|faint|p2a: Klefki\n|move|p1b: Talonflame|Air Slash|p2b: Rotom\n|-resisted|p2b: Rotom\n|-damage|p2b: Rotom|50\/100\n|cant|p2b: Rotom|flinch\n|\n|-sideend|p1: ScorchSb|move: Tailwind\n|upkeep\n|\n|t:|1700591926\n|switch|p2a: Magnezone|Magnezone, L50|100\/100\n|turn|5\n|\n|t:|1700591969\n|move|p1a: Regieleki|Volt Switch|p2b: Rotom\n|-damage|p2b: Rotom|22\/100\n|\n|t:|1700591973\n|switch|p1a: Landorus|Landorus-Therian, L50, M|100\/100|[from] Volt Switch\n|-ability|p1a: Landorus|Intimidate|boost\n|-unboost|p2a: Magnezone|atk|1\n|-unboost|p2b: Rotom|atk|1\n|move|p1b: Talonflame|Tailwind|p1b: Talonflame\n|-sidestart|p1: ScorchSb|move: Tailwind\n|move|p2a: Magnezone|Thunderbolt|p1b: Talonflame\n|-supereffective|p1b: Talonflame\n|-damage|p1b: Talonflame|0 fnt\n|faint|p1b: Talonflame\n|move|p2b: Rotom|Hydro Pump|p1a: Landorus\n|-supereffective|p1a: Landorus\n|-damage|p1a: Landorus|11\/100\n|\n|-sideend|p2: Mr.Play&C|Reflect\n|upkeep\n|\n|t:|1700591985\n|switch|p1b: Regieleki|Regieleki, L50|100\/100\n|turn|6\n|\n|t:|1700592008\n|move|p1b: Regieleki|Protect|p1b: Regieleki\n|-singleturn|p1b: Regieleki|Protect\n|move|p1a: Landorus|Rock Slide|p2a: Magnezone|[spread] p2a\n|-miss|p1a: Landorus|p2b: Rotom\n|-resisted|p2a: Magnezone\n|-damage|p2a: Magnezone|91\/100\n|move|p2a: Magnezone|Thunderbolt|p1b: Regieleki\n|-activate|p1b: Regieleki|move: Protect\n|move|p2b: Rotom|Hyper Voice|p1b: Regieleki|[spread] p1a\n|-activate|p1b: Regieleki|move: Protect\n|-damage|p1a: Landorus|0 fnt\n|faint|p1a: Landorus\n|\n|upkeep\n|turn|7\n|\n|t:|1700592029\n|move|p1b: Regieleki|Electroweb|p2a: Magnezone|[spread] p2a\n|-miss|p1b: Regieleki|p2b: Rotom\n|-resisted|p2a: Magnezone\n|-damage|p2a: Magnezone|85\/100\n|-unboost|p2a: Magnezone|spe|1\n|move|p2b: Rotom|Hydro Pump|p1b: Regieleki\n|-damage|p1b: Regieleki|2\/100\n|move|p2a: Magnezone|Thunderbolt|p1b: Regieleki\n|-resisted|p1b: Regieleki\n|-damage|p1b: Regieleki|0 fnt\n|faint|p1b: Regieleki\n|\n|win|Mr.Play&C\n|inactive|ScorchSb has 50 seconds to confirm battle start!\n|inactive|Mr.Play&C has 50 seconds to confirm battle start!\n|c|&|\/uhtml prompt-scorchsb,ScorchSb is ready for game 3!\n|c|&|\/uhtml prompt-mrplayc,Mr.Play&amp;C is ready for game 3!\nBoth players are ready! Starting next match!\n","uploadtime":1700592572,"views":12,"p1id":"scorchsb","p2id":"mrplayc","formatid":"gen9vgc2023regulatione","rating":0,"private":0,"password":""}