{"id":"gen9vgc2023regulatione-1996977950","p1":"Masoon","p2":"KoKoKozy","format":"[Gen 9] VGC 2023 Regulation E","log":"|j|\u2606Masoon\n|j|\u2606KoKoKozy\n|t:|1700751853\n|gametype|doubles\n|player|p1|Masoon|lusamine-nihilego|1048\n|player|p2|KoKoKozy|backpacker|1068\n|teamsize|p1|6\n|teamsize|p2|6\n|gen|9\n|tier|[Gen 9] VGC 2023 Regulation E\n|rated|\n|rule|Species Clause: Limit one of each Pok\u00e9mon\n|rule|Item Clause: Limit one of each item\n|clearpoke\n|poke|p1|Sylveon, L50, F|\n|poke|p1|Gastrodon-East, L50, F|\n|poke|p1|Amoonguss, L50, F|\n|poke|p1|Palafin, L50, M|\n|poke|p1|Iron Hands, L50|\n|poke|p1|Chi-Yu, L50|\n|poke|p2|Urshifu-*, L50, M|\n|poke|p2|Gholdengo, L50|\n|poke|p2|Arcanine-Hisui, L50, F|\n|poke|p2|Iron Hands, L50|\n|poke|p2|Sinistcha, L50|\n|poke|p2|Heatran, L50, F|\n|teampreview|4\nMasoon rejected open team sheets.\n|\n|t:|1700751897\n|start\n|switch|p1a: Palafin|Palafin, L50, M|100\/100\n|switch|p1b: Eclaire|Sylveon, L50, F|100\/100\n|switch|p2a: B R I A N|Iron Hands, L50|100\/100\n|switch|p2b: OwO|Urshifu-Rapid-Strike, L50, M|100\/100\n|turn|1\n|\n|t:|1700751923\n|detailschange|p1a: Palafin|Palafin-Hero, L50, M\n|switch|p1a: Gastrodon|Gastrodon-East, L50, F|100\/100\n|move|p2a: B R I A N|Fake Out|p1a: Gastrodon\n|-damage|p1a: Gastrodon|85\/100\n|move|p2b: OwO|U-turn|p1b: Eclaire\n|-resisted|p1b: Eclaire\n|-damage|p1b: Eclaire|83\/100\n|\n|t:|1700751931\n|switch|p2b: AppleJax|Gholdengo, L50|100\/100|[from] U-turn\n|move|p1b: Eclaire|Hyper Voice|p2b: AppleJax|[spread] p2a,p2b\n|-supereffective|p2a: B R I A N\n|-resisted|p2b: AppleJax\n|-damage|p2a: B R I A N|48\/100\n|-damage|p2b: AppleJax|77\/100\n|-enditem|p1b: Eclaire|Throat Spray\n|-boost|p1b: Eclaire|spa|1|[from] item: Throat Spray\n|\n|-heal|p2b: AppleJax|83\/100|[from] item: Leftovers\n|upkeep\n|turn|2\n|\n|t:|1700751950\n|move|p1b: Eclaire|Protect|p1b: Eclaire\n|-singleturn|p1b: Eclaire|Protect\n|move|p2b: AppleJax|Nasty Plot|p2b: AppleJax\n|-boost|p2b: AppleJax|spa|2\n|move|p2a: B R I A N|Drain Punch|p1a: Gastrodon\n|-damage|p1a: Gastrodon|41\/100\n|-heal|p2a: B R I A N|66\/100|[from] drain|[of] p1a: Gastrodon\n|move|p1a: Gastrodon|Earth Power|p2b: AppleJax\n|-supereffective|p2b: AppleJax\n|-damage|p2b: AppleJax|6\/100\n|\n|-heal|p2b: AppleJax|12\/100|[from] item: Leftovers\n|upkeep\n|turn|3\n|\n|t:|1700751971\n|-end|p2a: B R I A N|Quark Drive|[silent]\n|switch|p2a: Fatalitcha|Sinistcha, L50|100\/100\n|-heal|p2b: AppleJax|37\/100|[from] ability: Hospitality|[of] p2a: Fatalitcha\n|-terastallize|p1b: Eclaire|Fire\n|move|p2b: AppleJax|Make It Rain|p1a: Gastrodon|[spread] p1a,p1b\n|-resisted|p1a: Gastrodon\n|-resisted|p1b: Eclaire\n|-damage|p1a: Gastrodon|1\/100\n|-damage|p1b: Eclaire|50\/100\n|-unboost|p2b: AppleJax|spa|1\n|-enditem|p1a: Gastrodon|Aguav Berry|[eat]\n|-heal|p1a: Gastrodon|34\/100|[from] item: Aguav Berry\n|move|p1b: Eclaire|Hyper Voice|p2a: Fatalitcha|[spread] p2a,p2b\n|-resisted|p2b: AppleJax\n|-damage|p2a: Fatalitcha|38\/100\n|-damage|p2b: AppleJax|0 fnt\n|faint|p2b: AppleJax\n|move|p1a: Gastrodon|Earth Power|p2a: Fatalitcha\n|-resisted|p2a: Fatalitcha\n|-damage|p2a: Fatalitcha|23\/100\n|\n|upkeep\n|\n|t:|1700751992\n|switch|p2b: OwO|Urshifu-Rapid-Strike, L50, M|100\/100\n|turn|4\n|\n|t:|1700752007\n|move|p2b: OwO|Close Combat|p1a: Gastrodon\n|-damage|p1a: Gastrodon|0 fnt\n|-unboost|p2b: OwO|def|1\n|-unboost|p2b: OwO|spd|1\n|faint|p1a: Gastrodon\n|move|p2a: Fatalitcha|Strength Sap|p1b: Eclaire\n|-unboost|p1b: Eclaire|atk|1\n|-heal|p2a: Fatalitcha|62\/100\n|move|p1b: Eclaire|Hyper Voice|p2a: Fatalitcha|[spread] p2a,p2b\n|-supereffective|p2b: OwO\n|-damage|p2a: Fatalitcha|5\/100\n|-damage|p2b: OwO|0 fnt\n|faint|p2b: OwO\n|\n|upkeep\n|\n|t:|1700752019\n|switch|p2b: B R I A N|Iron Hands, L50|66\/100\n|switch|p1a: Palafin|Palafin-Hero, L50, M|100\/100\n|-activate|p1a: Palafin|ability: Zero to Hero\n|turn|5\n|\n|t:|1700752033\n|-terastallize|p2b: B R I A N|Grass\n|move|p1a: Palafin|Protect|p1a: Palafin\n|-singleturn|p1a: Palafin|Protect\n|move|p2a: Fatalitcha|Strength Sap|p1a: Palafin\n|-activate|p1a: Palafin|move: Protect\n|move|p1b: Eclaire|Hyper Voice|p2b: B R I A N|[spread] p2a,p2b\n|-damage|p2a: Fatalitcha|0 fnt\n|-damage|p2b: B R I A N|32\/100\n|faint|p2a: Fatalitcha\n|move|p2b: B R I A N|Wild Charge|p1a: Palafin\n|-activate|p1a: Palafin|move: Protect\n|\n|upkeep\n|turn|6\n|-message|KoKoKozy forfeited.\n|\n|win|Masoon\n|raw|Masoon's rating: 1048 &rarr; <strong>1083<\/strong><br \/>(+35 for winning)\n|raw|KoKoKozy's rating: 1068 &rarr; <strong>1047<\/strong><br \/>(-21 for losing)\n|l|\u2606KoKoKozy\n","uploadtime":1700752054,"views":4,"p1id":"masoon","p2id":"kokokozy","formatid":"gen9vgc2023regulatione","rating":1047,"private":0,"password":""}