{"id":"gen9vgc2023regulatione-1994246036","p1":"BuGlezzVGC","p2":"yungwasser","format":"[Gen 9] VGC 2023 Regulation E","log":"|j|\u2606BuGlezzVGC\n|j|\u2606yungwasser\n|n|\u2606BuGlezzVGC|buglezzvgc\n|n|\u2606yungwasser|yungwasser\n|html|View the match progress at <a href=\"\/game-bestof3-gen9vgc2023regulatione-1994246035\">game-bestof3-gen9vgc2023regulatione-1994246035<\/a>\n|t:|1700423006\n|gametype|doubles\n|player|p1|BuGlezzVGC|gambler|\n|player|p2|yungwasser|bodybuilder-gen9|\n|teamsize|p1|6\n|teamsize|p2|6\n|gen|9\n|tier|[Gen 9] VGC 2023 Regulation E\n|rule|Species Clause: Limit one of each Pok\u00e9mon\n|rule|Item Clause: Limit one of each item\n|clearpoke\n|poke|p1|Urshifu-*, L50, F|\n|poke|p1|Iron Hands, L50|\n|poke|p1|Heatran, L50, F|\n|poke|p1|Landorus-Therian, L50, M|\n|poke|p1|Flutter Mane, L50|\n|poke|p1|Ogerpon-Wellspring, L50, F|\n|poke|p2|Gholdengo, L50|\n|poke|p2|Iron Hands, L50|\n|poke|p2|Amoonguss, L50, F|\n|poke|p2|Landorus-Therian, L50, M|\n|poke|p2|Gothitelle, L50, F|\n|poke|p2|Chien-Pao, L50|\n|teampreview|4\nyungwasser has agreed to open team sheets.\n|c|\u2606yungwasser|glhf :)\n|c|\u2606BuGlezzVGC|gl hf\nBuGlezzVGC has agreed to open team sheets.\n|showteam|p1|Urshifu||FocusSash|UnseenFist|WickedBlow,SuckerPunch,SwordsDance,Detect|||F|||50|,,,,,Dark]Iron Hands||AssaultVest|QuarkDrive|FakeOut,WildCharge,DrainPunch,HeavySlam||||||50|,,,,,Water]Heatran||LifeOrb|FlashFire|HeatWave,EarthPower,FlashCannon,Protect|||F|||50|,,,,,Fairy]Landorus-Therian||ChoiceScarf|Intimidate|StompingTantrum,RockSlide,TeraBlast,Uturn|||M|||50|,,,,,Flying]Flutter Mane||BoosterEnergy|Protosynthesis|Moonblast,ShadowBall,IcyWind,Protect||||||50|,,,,,Fairy]Ogerpon-Wellspring||WellspringMask|WaterAbsorb|IvyCudgel,WoodHammer,FollowMe,SpikyShield|||F|||50|,,,,,Water\n|showteam|p2|Gholdengo||Leftovers|GoodasGold|Protect,MakeItRain,ShadowBall,NastyPlot||||||50|,,,,,Dragon]Iron Hands||AssaultVest|QuarkDrive|WildCharge,DrainPunch,FakeOut,VoltSwitch||||||50|,,,,,Fire]Amoonguss||SitrusBerry|Regenerator|Protect,RagePowder,Spore,PollenPuff|||F|||50|,,,,,Water]Landorus-Therian||ChoiceScarf|Intimidate|StompingTantrum,RockSlide,Uturn,TeraBlast|||M|||50|,,,,,Flying]Gothitelle||MentalHerb|ShadowTag|FakeOut,Psychic,TrickRoom,Protect|||F|||50|,,,,,Dragon]Chien-Pao||FocusSash|SwordofRuin|Protect,IceSpinner,Haze,SuckerPunch||||||50|,,,,,Ice\n|\n|t:|1700423069\n|start\n|switch|p1a: Iron Hands|Iron Hands, L50|100\/100\n|switch|p1b: Flutter Mane|Flutter Mane, L50, shiny|100\/100\n|switch|p2a: Iron Hands|Iron Hands, L50|100\/100\n|switch|p2b: Landorus|Landorus-Therian, L50, M|100\/100\n|-ability|p2b: Landorus|Intimidate|boost\n|-unboost|p1a: Iron Hands|atk|1\n|-unboost|p1b: Flutter Mane|atk|1\n|-enditem|p1b: Flutter Mane|Booster Energy\n|-activate|p1b: Flutter Mane|ability: Protosynthesis|[fromitem]\n|-start|p1b: Flutter Mane|protosynthesisspe\n|turn|1\n|\n|t:|1700423096\n|-terastallize|p1b: Flutter Mane|Fairy\n|move|p2a: Iron Hands|Fake Out|p1a: Iron Hands\n|-damage|p1a: Iron Hands|91\/100\n|cant|p1a: Iron Hands|flinch\n|move|p1b: Flutter Mane|Moonblast|p2b: Landorus\n|-damage|p2b: Landorus|30\/100\n|move|p2b: Landorus|Stomping Tantrum|p1b: Flutter Mane\n|-damage|p1b: Flutter Mane|38\/100\n|\n|upkeep\n|turn|2\n|\n|t:|1700423122\n|-end|p1b: Flutter Mane|Protosynthesis|[silent]\n|switch|p1b: Landorus|Landorus-Therian, L50, M, shiny|100\/100\n|-ability|p1b: Landorus|Intimidate|boost\n|-unboost|p2a: Iron Hands|atk|1\n|-unboost|p2b: Landorus|atk|1\n|switch|p2b: Gholdengo|Gholdengo, L50, shiny|100\/100\n|move|p2a: Iron Hands|Wild Charge|p1b: Landorus\n|-immune|p1b: Landorus\n|move|p1a: Iron Hands|Drain Punch|p2a: Iron Hands\n|-damage|p2a: Iron Hands|83\/100\n|-heal|p1a: Iron Hands|100\/100|[from] drain|[of] p2a: Iron Hands\n|\n|upkeep\n|turn|3\n|\n|t:|1700423143\n|-end|p2a: Iron Hands|Quark Drive|[silent]\n|switch|p2a: Landorus|Landorus-Therian, L50, M|30\/100\n|-ability|p2a: Landorus|Intimidate|boost\n|-unboost|p1a: Iron Hands|atk|1\n|-unboost|p1b: Landorus|atk|1\n|-terastallize|p2b: Gholdengo|Dragon\n|move|p1b: Landorus|Stomping Tantrum|p2b: Gholdengo\n|-damage|p2b: Gholdengo|73\/100\n|move|p2b: Gholdengo|Nasty Plot|p2b: Gholdengo\n|-boost|p2b: Gholdengo|spa|2\n|move|p1a: Iron Hands|Drain Punch|p2a: Landorus\n|-resisted|p2a: Landorus\n|-damage|p2a: Landorus|19\/100\n|\n|-heal|p2b: Gholdengo|79\/100|[from] item: Leftovers\n|upkeep\n|turn|4\n|\n|t:|1700423170\n|move|p2a: Landorus|U-turn|p1b: Landorus\n|-resisted|p1b: Landorus\n|-damage|p1b: Landorus|88\/100\n|\n|t:|1700423173\n|switch|p2a: Amoonguss|Amoonguss, L50, F|100\/100|[from] U-turn\n|move|p1b: Landorus|Stomping Tantrum|p2b: Gholdengo\n|-damage|p2b: Gholdengo|51\/100\n|move|p2b: Gholdengo|Nasty Plot|p2b: Gholdengo\n|-boost|p2b: Gholdengo|spa|2\n|move|p1a: Iron Hands|Heavy Slam|p2a: Amoonguss\n|-damage|p2a: Amoonguss|81\/100\n|\n|-heal|p2b: Gholdengo|57\/100|[from] item: Leftovers\n|upkeep\n|turn|5\n|\n|t:|1700423189\n|move|p1b: Landorus|Stomping Tantrum|p2a: Amoonguss\n|-damage|p2a: Amoonguss|55\/100\n|move|p2b: Gholdengo|Shadow Ball|p1b: Landorus\n|-damage|p1b: Landorus|0 fnt\n|faint|p1b: Landorus\n|move|p1a: Iron Hands|Heavy Slam|p2a: Amoonguss\n|-damage|p2a: Amoonguss|34\/100\n|-enditem|p2a: Amoonguss|Sitrus Berry|[eat]\n|-heal|p2a: Amoonguss|59\/100|[from] item: Sitrus Berry\n|move|p2a: Amoonguss|Pollen Puff|p2b: Gholdengo\n|-heal|p2b: Gholdengo|100\/100\n|\n|upkeep\n|\n|t:|1700423204\n|switch|p1b: Heatran|Heatran, L50, F|100\/100\n|turn|6\n|\n|t:|1700423213\n|switch|p2a: Iron Hands|Iron Hands, L50|83\/100\n|move|p2b: Gholdengo|Shadow Ball|p1b: Heatran\n|-damage|p1b: Heatran|0 fnt\n|faint|p1b: Heatran\n|move|p1a: Iron Hands|Drain Punch|p2a: Iron Hands\n|-damage|p2a: Iron Hands|69\/100\n|\n|upkeep\n|-message|BuGlezzVGC forfeited.\n|\n|win|yungwasser\n|l|\u2606BuGlezzVGC\n|c|&|\/uhtml prompt-buglezzvgc,BuGlezzVGC is ready for game 2!\n|c|&|\/uhtml prompt-yungwasser,yungwasser is ready for game 2!\nBoth players are ready! Starting next match!\n","uploadtime":1700423232,"views":21,"p1id":"buglezzvgc","p2id":"yungwasser","formatid":"gen9vgc2023regulatione","rating":0,"private":0,"password":""}