{"id":"gen9vgc2023regulatione-1989747339","p1":"Ayresbrun","p2":"Spaghet9221","format":"[Gen 9] VGC 2023 Regulation E","log":"|j|\u2606Ayresbrun\n|j|\u2606Spaghet9221\n|t:|1699892315\n|gametype|doubles\n|player|p1|Ayresbrun|266|1112\n|player|p2|Spaghet9221|1|1009\n|teamsize|p1|6\n|teamsize|p2|6\n|gen|9\n|tier|[Gen 9] VGC 2023 Regulation E\n|rated|\n|rule|Species Clause: Limit one of each Pok\u00e9mon\n|rule|Item Clause: Limit one of each item\n|clearpoke\n|poke|p1|Flutter Mane, L50|\n|poke|p1|Tornadus, L50, M|\n|poke|p1|Heatran, L50, F|\n|poke|p1|Rillaboom, L50, M|\n|poke|p1|Arcanine, L50, M|\n|poke|p1|Hydreigon, L50, F|\n|poke|p2|Goodra, L50, M|\n|poke|p2|Tornadus, L50, M|\n|poke|p2|Urshifu-*, L50, F|\n|poke|p2|Ogerpon, L50, F|\n|poke|p2|Clefairy, L50, F|\n|poke|p2|Arcanine-Hisui, L50, F|\n|teampreview|4\n|inactive|Battle timer is ON: inactive players will automatically lose when time's up. (requested by Spaghet9221)\nAyresbrun has agreed to open team sheets.\n|inactive|Ayresbrun has 60 seconds left.\nSpaghet9221 rejected open team sheets.\n|inactive|Ayresbrun has 30 seconds left.\n|inactive|Ayresbrun has 20 seconds left.\n|inactive|Ayresbrun has 15 seconds left.\n|\n|t:|1699892395\n|start\n|switch|p1a: Tornadus|Tornadus, L50, M|100\/100\n|switch|p1b: Heatran|Heatran, L50, F|100\/100\n|switch|p2a: Ogerpon|Ogerpon, L50, F|100\/100\n|switch|p2b: Clefairy|Clefairy, L50, F|100\/100\n|turn|1\n|\n|t:|1699892407\n|move|p2b: Clefairy|Follow Me|p2b: Clefairy\n|-singleturn|p2b: Clefairy|move: Follow Me\n|move|p1a: Tornadus|Sunny Day|p1a: Tornadus\n|-weather|SunnyDay\n|move|p2a: Ogerpon|Focus Energy|p2a: Ogerpon\n|-start|p2a: Ogerpon|move: Focus Energy\n|move|p1b: Heatran|Heat Wave|p2a: Ogerpon|[spread] p2a,p2b\n|-supereffective|p2a: Ogerpon\n|-damage|p2a: Ogerpon|0 fnt\n|-damage|p2b: Clefairy|59\/100\n|faint|p2a: Ogerpon\n|-damage|p1b: Heatran|91\/100|[from] item: Life Orb\n|\n|-weather|SunnyDay|[upkeep]\n|upkeep\n|\n|t:|1699892416\n|switch|p2a: Tornadus|Tornadus, L50, M|100\/100\n|turn|2\n|inactive|Spaghet9221 has 30 seconds left.\n|\n|t:|1699892443\n|move|p2b: Clefairy|Follow Me|p2b: Clefairy\n|-singleturn|p2b: Clefairy|move: Follow Me\n|move|p1a: Tornadus|Tailwind|p1a: Tornadus\n|-sidestart|p1: Ayresbrun|move: Tailwind\n|move|p2a: Tornadus|Rain Dance|p2a: Tornadus\n|-weather|RainDance\n|move|p1b: Heatran|Heat Wave|p2a: Tornadus|[spread] p2a,p2b\n|-damage|p2a: Tornadus|85\/100\n|-damage|p2b: Clefairy|45\/100\n|-damage|p1b: Heatran|81\/100|[from] item: Life Orb\n|\n|-weather|RainDance|[upkeep]\n|upkeep\n|turn|3\n|\n|t:|1699892457\n|move|p1b: Heatran|Protect|p1b: Heatran\n|-singleturn|p1b: Heatran|Protect\n|move|p2a: Tornadus|Taunt|p1a: Tornadus\n|-start|p1a: Tornadus|move: Taunt\n|move|p1a: Tornadus|Bleakwind Storm|p2a: Tornadus|[spread] p2a,p2b\n|-damage|p2a: Tornadus|64\/100\n|-damage|p2b: Clefairy|24\/100\n|-unboost|p2a: Tornadus|spe|1\n|move|p2b: Clefairy|Draining Kiss|p1a: Tornadus\n|-damage|p1a: Tornadus|88\/100\n|-heal|p2b: Clefairy|34\/100|[from] drain|[of] p1a: Tornadus\n|\n|-weather|RainDance|[upkeep]\n|upkeep\n|turn|4\n|inactive|Ayresbrun has 30 seconds left.\n|inactive|Spaghet9221 has 30 seconds left.\n|\n|t:|1699892484\n|move|p1a: Tornadus|Bleakwind Storm|p2b: Clefairy|[spread] p2a,p2b\n|-damage|p2a: Tornadus|42\/100\n|-damage|p2b: Clefairy|16\/100\n|move|p1b: Heatran|Flash Cannon|p2b: Clefairy\n|-supereffective|p2b: Clefairy\n|-damage|p2b: Clefairy|0 fnt\n|faint|p2b: Clefairy\n|-damage|p1b: Heatran|72\/100|[from] item: Life Orb\n|move|p2a: Tornadus|Bleakwind Storm|p1b: Heatran|[spread] p1a,p1b\n|-resisted|p1b: Heatran\n|-damage|p1a: Tornadus|57\/100\n|-damage|p1b: Heatran|60\/100\n|\n|-weather|RainDance|[upkeep]\n|upkeep\n|\n|t:|1699892488\n|switch|p2b: Arcanine|Arcanine-Hisui, L50, F|100\/100\n|-ability|p2b: Arcanine|Intimidate|boost\n|-unboost|p1a: Tornadus|atk|1\n|-unboost|p1b: Heatran|atk|1\n|turn|5\n|inactive|Ayresbrun has 30 seconds left.\n|inactive|Ayresbrun has 20 seconds left.\n|inactive|Ayresbrun has 15 seconds left.\n|inactive|Ayresbrun has 10 seconds left.\n|\n|t:|1699892538\n|-terastallize|p2b: Arcanine|Normal\n|move|p1b: Heatran|Protect|p1b: Heatran\n|-singleturn|p1b: Heatran|Protect\n|move|p2b: Arcanine|Extreme Speed|p1a: Tornadus\n|-damage|p1a: Tornadus|7\/100\n|move|p2a: Tornadus|Tailwind|p2a: Tornadus\n|-sidestart|p2: Spaghet9221|move: Tailwind\n|move|p1a: Tornadus|Grass Knot|p2b: Arcanine\n|-damage|p2b: Arcanine|66\/100\n|\n|-weather|RainDance|[upkeep]\n|-end|p1a: Tornadus|move: Taunt\n|-sideend|p1: Ayresbrun|move: Tailwind\n|upkeep\n|turn|6\n|inactive|Ayresbrun has 30 seconds left.\n|inactive|Ayresbrun has 20 seconds left.\n|inactive|Ayresbrun has 15 seconds left.\n|inactive|Ayresbrun has 10 seconds left.\n|\n|t:|1699892583\n|move|p2b: Arcanine|Extreme Speed|p1b: Heatran\n|-resisted|p1b: Heatran\n|-damage|p1b: Heatran|35\/100\n|move|p1a: Tornadus|Tailwind|p1a: Tornadus\n|-sidestart|p1: Ayresbrun|move: Tailwind\n|move|p1b: Heatran|Flash Cannon|p2b: Arcanine\n|-crit|p2b: Arcanine\n|-damage|p2b: Arcanine|0 fnt\n|faint|p2b: Arcanine\n|-damage|p1b: Heatran|26\/100|[from] item: Life Orb\n|move|p2a: Tornadus|Bleakwind Storm|p1b: Heatran|[spread] p1a,p1b\n|-resisted|p1b: Heatran\n|-damage|p1a: Tornadus|0 fnt\n|-damage|p1b: Heatran|12\/100\n|faint|p1a: Tornadus\n|\n|-weather|none\n|upkeep\n|\n|t:|1699892601\n|switch|p1a: Rillaboom|Rillaboom, L50, M|100\/100\n|-fieldstart|move: Grassy Terrain|[from] ability: Grassy Surge|[of] p1a: Rillaboom\n|turn|7\n|\n|t:|1699892609\n|move|p1a: Rillaboom|Fake Out|p2a: Tornadus\n|-damage|p2a: Tornadus|27\/100\n|-damage|p1a: Rillaboom|84\/100|[from] item: Rocky Helmet|[of] p2a: Tornadus\n|move|p1b: Heatran|Flash Cannon|p2a: Tornadus\n|-damage|p2a: Tornadus|0 fnt\n|faint|p2a: Tornadus\n|-damage|p1b: Heatran|3\/100|[from] item: Life Orb\n|\n|win|Ayresbrun\n|raw|Ayresbrun's rating: 1112 &rarr; <strong>1130<\/strong><br \/>(+18 for winning)\n|raw|Spaghet9221's rating: 1009 &rarr; <strong>1001<\/strong><br \/>(-8 for losing)\n|l|\u2606Spaghet9221\n","uploadtime":1699892619,"views":11,"p1id":"ayresbrun","p2id":"spaghet9221","formatid":"gen9vgc2023regulatione","rating":1001,"private":0,"password":""}