{"id":"gen9vgc2023regulatione-1997902157","p1":"russianbluecatOvO","p2":"Jkwills","format":"[Gen 9] VGC 2023 Regulation E","log":"|j|\u2606russianbluecatOvO\n|j|\u2606Jkwills\n|t:|1700865490\n|gametype|doubles\n|player|p1|russianbluecatOvO|dawn-gen4pt|1115\n|player|p2|Jkwills|1|1032\n|teamsize|p1|6\n|teamsize|p2|6\n|gen|9\n|tier|[Gen 9] VGC 2023 Regulation E\n|rated|\n|rule|Species Clause: Limit one of each Pok\u00e9mon\n|rule|Item Clause: Limit one of each item\n|clearpoke\n|poke|p1|Sneasler, L50, M|\n|poke|p1|Indeedee-F, L50, F|\n|poke|p1|Armarouge, L50, M|\n|poke|p1|Urshifu-*, L50, F|\n|poke|p1|Chien-Pao, L50|\n|poke|p1|Tornadus, L50, M|\n|poke|p2|Tyranitar, L50, M|\n|poke|p2|Salamence, L50, M|\n|poke|p2|Iron Hands, L50|\n|poke|p2|Sinistcha, L50|\n|poke|p2|Heatran, L50, F|\n|poke|p2|Ogerpon-Cornerstone, L50, F|\n|teampreview|4\nJkwills rejected open team sheets.\n|\n|t:|1700865575\n|start\n|switch|p1a: Urshifu|Urshifu-Rapid-Strike, L50, F|100\/100\n|switch|p1b: Indeedee|Indeedee-F, L50, F|100\/100\n|switch|p2a: Brian Hands|Iron Hands, L50|100\/100\n|switch|p2b: Cup o' Slow|Sinistcha, L50|100\/100\n|-fieldstart|move: Psychic Terrain|[from] ability: Psychic Surge|[of] p1b: Indeedee\n|turn|1\n|inactive|Battle timer is ON: inactive players will automatically lose when time's up. (requested by russianbluecatOvO)\n|\n|t:|1700865608\n|move|p1a: Urshifu|U-turn|p2b: Cup o' Slow\n|-damage|p2b: Cup o' Slow|80\/100\n|\n|t:|1700865614\n|switch|p1a: Armarouge|Armarouge, L50, M|100\/100|[from] U-turn\n|move|p1b: Indeedee|Psyshock|p2a: Brian Hands\n|-supereffective|p2a: Brian Hands\n|-damage|p2a: Brian Hands|51\/100\n|move|p2a: Brian Hands|Wild Charge|p1a: Armarouge\n|-damage|p1a: Armarouge|43\/100\n|-ability|p1a: Armarouge|Weak Armor|boost\n|-unboost|p1a: Armarouge|def|1\n|-boost|p1a: Armarouge|spe|2\n|-damage|p2a: Brian Hands|43\/100|[from] Recoil\n|move|p2b: Cup o' Slow|Trick Room|p2b: Cup o' Slow\n|-fieldstart|move: Trick Room|[of] p2b: Cup o' Slow\n|\n|upkeep\n|turn|2\n|inactive|Jkwills has 30 seconds left.\n|inactive|Jkwills has 20 seconds left.\n|\n|t:|1700865650\n|-end|p2a: Brian Hands|Quark Drive|[silent]\n|switch|p2a: Zilla|Tyranitar, L50, M, shiny|100\/100\n|-weather|Sandstorm|[from] ability: Sand Stream|[of] p2a: Zilla\n|move|p1b: Indeedee|Follow Me|p1b: Indeedee\n|-singleturn|p1b: Indeedee|move: Follow Me\n|move|p2b: Cup o' Slow|Matcha Gotcha|p1b: Indeedee|[spread] p1a,p1b\n|-resisted|p1a: Armarouge\n|-damage|p1a: Armarouge|27\/100\n|-heal|p2b: Cup o' Slow|87\/100|[from] drain|[of] p1a: Armarouge\n|-damage|p1b: Indeedee|78\/100\n|-heal|p2b: Cup o' Slow|98\/100|[from] drain|[of] p1b: Indeedee\n|move|p1a: Armarouge|Expanding Force|p2a: Zilla|[spread] p2b\n|-immune|p2a: Zilla\n|-damage|p2b: Cup o' Slow|41\/100\n|\n|-weather|Sandstorm|[upkeep]\n|-damage|p2b: Cup o' Slow|35\/100|[from] Sandstorm\n|-damage|p1b: Indeedee|72\/100|[from] Sandstorm\n|-damage|p1a: Armarouge|21\/100|[from] Sandstorm\n|upkeep\n|turn|3\n|inactive|russianbluecatOvO has 30 seconds left.\n|inactive|Jkwills has 30 seconds left.\n|\n|t:|1700865677\n|move|p1a: Armarouge|Wide Guard|p1a: Armarouge\n|-singleturn|p1a: Armarouge|Wide Guard\n|move|p2a: Zilla|Rock Slide|p1a: Armarouge|[spread] \n|-activate|p1a: Armarouge|move: Wide Guard\n|-activate|p1b: Indeedee|move: Wide Guard\n|move|p2b: Cup o' Slow|Matcha Gotcha|p1a: Armarouge|[spread] \n|-activate|p1a: Armarouge|move: Wide Guard\n|-activate|p1b: Indeedee|move: Wide Guard\n|move|p1b: Indeedee|Psyshock|p2b: Cup o' Slow\n|-damage|p2b: Cup o' Slow|3\/100\n|\n|-weather|Sandstorm|[upkeep]\n|-damage|p2b: Cup o' Slow|0 fnt|[from] Sandstorm\n|-damage|p1b: Indeedee|66\/100|[from] Sandstorm\n|-damage|p1a: Armarouge|15\/100|[from] Sandstorm\n|faint|p2b: Cup o' Slow\n|upkeep\n|\n|t:|1700865695\n|switch|p2b: Brian Hands|Iron Hands, L50|43\/100\n|turn|4\n|inactive|russianbluecatOvO has 30 seconds left.\n|\n|t:|1700865721\n|move|p1b: Indeedee|Protect|p1b: Indeedee\n|-singleturn|p1b: Indeedee|Protect\n|move|p1a: Armarouge|Endure|p1a: Armarouge\n|-singleturn|p1a: Armarouge|move: Endure\n|move|p2a: Zilla|Knock Off|p1b: Indeedee\n|-activate|p1b: Indeedee|move: Protect\n|move|p2b: Brian Hands|Drain Punch|p1a: Armarouge\n|-resisted|p1a: Armarouge\n|-activate|p1a: Armarouge|move: Endure\n|-damage|p1a: Armarouge|1\/100\n|-heal|p2b: Brian Hands|47\/100|[from] drain|[of] p1a: Armarouge\n|-ability|p1a: Armarouge|Weak Armor|boost\n|-unboost|p1a: Armarouge|def|1\n|-boost|p1a: Armarouge|spe|2\n|\n|-weather|Sandstorm|[upkeep]\n|-damage|p2b: Brian Hands|41\/100|[from] Sandstorm\n|-damage|p1b: Indeedee|60\/100|[from] Sandstorm\n|-damage|p1a: Armarouge|0 fnt|[from] Sandstorm\n|faint|p1a: Armarouge\n|upkeep\n|inactive|russianbluecatOvO has 30 seconds left.\n|inactive|russianbluecatOvO has 20 seconds left.\n|\n|t:|1700865760\n|switch|p1a: Sneasler|Sneasler, L50, M|100\/100\n|-enditem|p1a: Sneasler|Psychic Seed\n|-boost|p1a: Sneasler|spd|1|[from] item: Psychic Seed\n|turn|5\n|inactive|russianbluecatOvO has 30 seconds left.\n|\n|t:|1700865789\n|-terastallize|p2a: Zilla|Psychic\n|move|p1a: Sneasler|Protect|p1a: Sneasler\n|-singleturn|p1a: Sneasler|Protect\n|move|p2a: Zilla|Tera Blast|p1a: Sneasler|[anim] Tera Blast Psychic\n|-activate|p1a: Sneasler|move: Protect\n|move|p2b: Brian Hands|Wild Charge|p1b: Indeedee\n|-damage|p1b: Indeedee|7\/100\n|-damage|p2b: Brian Hands|24\/100|[from] item: Rocky Helmet|[of] p1b: Indeedee\n|-damage|p2b: Brian Hands|15\/100|[from] Recoil\n|move|p1b: Indeedee|Psyshock|p2b: Brian Hands\n|-supereffective|p2b: Brian Hands\n|-damage|p2b: Brian Hands|0 fnt\n|faint|p2b: Brian Hands\n|-end|p2b: Brian Hands|Quark Drive|[silent]\n|\n|-weather|Sandstorm|[upkeep]\n|-damage|p2a: Zilla|95\/100|[from] Sandstorm\n|-damage|p1b: Indeedee|1\/100|[from] Sandstorm\n|-damage|p1a: Sneasler|95\/100|[from] Sandstorm\n|-fieldend|move: Trick Room\n|-fieldend|move: Psychic Terrain\n|upkeep\n|\n|t:|1700865805\n|switch|p2b: Ogerpon|Ogerpon-Cornerstone, L50, F|100\/100\n|turn|6\n|inactive|russianbluecatOvO has 30 seconds left.\n|\n|t:|1700865832\n|-terastallize|p1a: Sneasler|Rock\n|move|p1b: Indeedee|Helping Hand|p1a: Sneasler\n|-singleturn|p1a: Sneasler|Helping Hand|[of] p1b: Indeedee\n|move|p1a: Sneasler|Dire Claw|p2b: Ogerpon\n|-damage|p2b: Ogerpon|29\/100\n|move|p2b: Ogerpon|Swords Dance|p2b: Ogerpon\n|-boost|p2b: Ogerpon|atk|2\n|move|p2a: Zilla|Tera Blast|p1a: Sneasler|[anim] Tera Blast Psychic\n|-damage|p1a: Sneasler|31\/100\n|\n|-weather|none\n|upkeep\n|turn|7\n|\n|t:|1700865855\n|move|p1b: Indeedee|Helping Hand|p1a: Sneasler\n|-singleturn|p1a: Sneasler|Helping Hand|[of] p1b: Indeedee\n|move|p2b: Ogerpon|Spiky Shield|p2b: Ogerpon\n|-singleturn|p2b: Ogerpon|move: Protect\n|move|p1a: Sneasler|Rock Slide|p2b: Ogerpon|[spread] p2a\n|-activate|p2b: Ogerpon|move: Protect\n|-damage|p2a: Zilla|58\/100\n|move|p2a: Zilla|Rock Slide|p1b: Indeedee|[spread] p1a,p1b\n|-damage|p1a: Sneasler|0 fnt\n|-damage|p1b: Indeedee|0 fnt\n|faint|p1a: Sneasler\n|faint|p1b: Indeedee\n|\n|upkeep\n|\n|t:|1700865871\n|switch|p1a: Urshifu|Urshifu-Rapid-Strike, L50, F|100\/100\n|turn|8\n|\n|t:|1700865880\n|move|p1a: Urshifu|Surging Strikes|p2b: Ogerpon\n|-crit|p2b: Ogerpon\n|-damage|p2b: Ogerpon|7\/100\n|-crit|p2b: Ogerpon\n|-damage|p2b: Ogerpon|0 fnt\n|faint|p2b: Ogerpon\n|-hitcount|p2: Ogerpon|2\n|move|p2a: Zilla|Tera Blast|p1a: Urshifu|[anim] Tera Blast Psychic\n|-supereffective|p1a: Urshifu\n|-damage|p1a: Urshifu|8\/100\n|\n|upkeep\n|turn|9\n|\n|t:|1700865891\n|move|p1a: Urshifu|Surging Strikes|p2a: Zilla\n|-crit|p2a: Zilla\n|-damage|p2a: Zilla|41\/100\n|-crit|p2a: Zilla\n|-damage|p2a: Zilla|23\/100\n|-crit|p2a: Zilla\n|-damage|p2a: Zilla|6\/100\n|-hitcount|p2a: Zilla|3\n|move|p2a: Zilla|Tera Blast|p1a: Urshifu|[anim] Tera Blast Psychic\n|-supereffective|p1a: Urshifu\n|-damage|p1a: Urshifu|0 fnt\n|faint|p1a: Urshifu\n|\n|win|Jkwills\n|raw|russianbluecatOvO's rating: 1115 &rarr; <strong>1084<\/strong><br \/>(-31 for losing)\n|raw|Jkwills's rating: 1032 &rarr; <strong>1075<\/strong><br \/>(+43 for winning)\n|c|\u2606Jkwills|gg\n","uploadtime":1700865906,"views":1,"p1id":"russianbluecatovo","p2id":"jkwills","formatid":"gen9vgc2023regulatione","rating":1075,"private":0,"password":""}