{"id":"gen9vgc2023regulatione-1993273410","p1":"Snarf6969","p2":"whyismynamejeff","format":"[Gen 9] VGC 2023 Regulation E","log":"|j|\u2606Snarf6969\n|j|\u2606whyismynamejeff\n|t:|1700288143\n|gametype|doubles\n|player|p1|Snarf6969|1|1239\n|player|p2|whyismynamejeff|colress|1167\n|teamsize|p1|6\n|teamsize|p2|6\n|gen|9\n|tier|[Gen 9] VGC 2023 Regulation E\n|rated|\n|rule|Species Clause: Limit one of each Pok\u00e9mon\n|rule|Item Clause: Limit one of each item\n|clearpoke\n|poke|p1|Annihilape, L50, F|\n|poke|p1|Cresselia, L50, F|\n|poke|p1|Heatran, L50, F|\n|poke|p1|Iron Hands, L50|\n|poke|p1|Landorus-Therian, L50, M|\n|poke|p1|Iron Bundle, L50|\n|poke|p2|Empoleon, L50, M|\n|poke|p2|Ogerpon-Hearthflame, L50, F|\n|poke|p2|Flutter Mane, L50|\n|poke|p2|Iron Hands, L50|\n|poke|p2|Baxcalibur, L50, F|\n|poke|p2|Landorus-Therian, L50, M|\n|teampreview|4\n|inactive|Battle timer is ON: inactive players will automatically lose when time's up. (requested by Snarf6969)\n|\n|t:|1700288167\n|start\n|switch|p1a: Annihilape|Annihilape, L50, F|100\/100\n|switch|p1b: Cresselia|Cresselia, L50, F|100\/100\n|switch|p2a: Ogerpon|Ogerpon-Hearthflame, L50, F|100\/100\n|switch|p2b: Empoleon|Empoleon, L50, M|100\/100\n|-ability|p2a: Ogerpon|Mold Breaker\n|turn|1\n|\n|t:|1700288181\n|move|p2a: Ogerpon|Spiky Shield|p2a: Ogerpon\n|-singleturn|p2a: Ogerpon|move: Protect\n|move|p1a: Annihilape|Drain Punch|p2b: Empoleon\n|-supereffective|p2b: Empoleon\n|-damage|p2b: Empoleon|18\/100\n|move|p2b: Empoleon|Hydro Pump|p1a: Annihilape\n|-damage|p1a: Annihilape|45\/100\n|-enditem|p1a: Annihilape|Sitrus Berry|[eat]\n|-heal|p1a: Annihilape|70\/100|[from] item: Sitrus Berry\n|move|p1b: Cresselia|Trick Room|p1b: Cresselia\n|-fieldstart|move: Trick Room|[of] p1b: Cresselia\n|\n|-heal|p2b: Empoleon|24\/100|[from] item: Leftovers\n|upkeep\n|turn|2\n|\n|t:|1700288200\n|move|p2b: Empoleon|Protect|p2b: Empoleon\n|-singleturn|p2b: Empoleon|Protect\n|move|p1b: Cresselia|Lunar Blessing|p1b: Cresselia|[spread] p1a,p1b\n|-heal|p1a: Annihilape|95\/100\n|move|p1a: Annihilape|Rage Fist|p2a: Ogerpon\n|-damage|p2a: Ogerpon|31\/100\n|move|p2a: Ogerpon|Ivy Cudgel|p1a: Annihilape|[anim] Ivy Cudgel Fire\n|-damage|p1a: Annihilape|37\/100\n|\n|-heal|p2b: Empoleon|29\/100|[from] item: Leftovers\n|upkeep\n|turn|3\n|\n|t:|1700288218\n|move|p1a: Annihilape|Protect|p1a: Annihilape\n|-singleturn|p1a: Annihilape|Protect\n|move|p2a: Ogerpon|Spiky Shield|p2a: Ogerpon\n|-singleturn|p2a: Ogerpon|move: Protect\n|move|p2b: Empoleon|Ice Beam|p1a: Annihilape\n|-activate|p1a: Annihilape|move: Protect\n|move|p1b: Cresselia|Lunar Blessing|p1b: Cresselia|[spread] p1a,p1b\n|-heal|p1a: Annihilape|62\/100\n|\n|-heal|p2b: Empoleon|35\/100|[from] item: Leftovers\n|upkeep\n|turn|4\n|\n|t:|1700288240\n|move|p2b: Empoleon|Hydro Pump|p1a: Annihilape|[miss]\n|-miss|p2b: Empoleon|p1a: Annihilape\n|move|p1b: Cresselia|Lunar Blessing|p1b: Cresselia|[spread] p1a,p1b\n|-heal|p1a: Annihilape|87\/100\n|move|p1a: Annihilape|Rage Fist|p2a: Ogerpon\n|-damage|p2a: Ogerpon|0 fnt\n|faint|p2a: Ogerpon\n|\n|-heal|p2b: Empoleon|41\/100|[from] item: Leftovers\n|upkeep\n|\n|t:|1700288252\n|switch|p2a: Flutter Mane|Flutter Mane, L50|100\/100\n|-enditem|p2a: Flutter Mane|Booster Energy\n|-activate|p2a: Flutter Mane|ability: Protosynthesis|[fromitem]\n|-start|p2a: Flutter Mane|protosynthesisspe\n|turn|5\n|\n|t:|1700288271\n|move|p2b: Empoleon|Ice Beam|p1b: Cresselia\n|-damage|p1b: Cresselia|80\/100\n|-status|p1b: Cresselia|frz\n|-curestatus|p1b: Cresselia|frz|[msg]\n|move|p1b: Cresselia|Psychic|p2a: Flutter Mane\n|-damage|p2a: Flutter Mane|70\/100\n|move|p1a: Annihilape|Rage Fist|p2a: Flutter Mane\n|-supereffective|p2a: Flutter Mane\n|-crit|p2a: Flutter Mane\n|-damage|p2a: Flutter Mane|0 fnt\n|faint|p2a: Flutter Mane\n|-end|p2a: Flutter Mane|Protosynthesis|[silent]\n|\n|-heal|p2b: Empoleon|47\/100|[from] item: Leftovers\n|-fieldend|move: Trick Room\n|upkeep\n|\n|t:|1700288283\n|switch|p2a: Landorus|Landorus-Therian, L50, M|100\/100\n|-ability|p2a: Landorus|Intimidate|boost\n|-unboost|p1a: Annihilape|atk|1\n|-ability|p1a: Annihilape|Defiant|boost\n|-boost|p1a: Annihilape|atk|2\n|-unboost|p1b: Cresselia|atk|1\n|turn|6\n|\n|t:|1700288292\n|-terastallize|p2a: Landorus|Flying\n|move|p1a: Annihilape|Protect|p1a: Annihilape\n|-singleturn|p1a: Annihilape|Protect\n|move|p2a: Landorus|Tera Blast|p1a: Annihilape|[anim] Tera Blast Flying\n|-activate|p1a: Annihilape|move: Protect\n|move|p2b: Empoleon|Hydro Pump|p1b: Cresselia\n|-damage|p1b: Cresselia|46\/100\n|move|p1b: Cresselia|Trick Room|p1b: Cresselia\n|-fieldstart|move: Trick Room|[of] p1b: Cresselia\n|\n|-heal|p2b: Empoleon|52\/100|[from] item: Leftovers\n|upkeep\n|turn|7\n|\n|t:|1700288310\n|move|p2b: Empoleon|Hydro Pump|p1a: Annihilape\n|-damage|p1a: Annihilape|34\/100\n|move|p1b: Cresselia|Lunar Blessing|p1b: Cresselia|[spread] p1a,p1b\n|-heal|p1a: Annihilape|59\/100\n|-heal|p1b: Cresselia|71\/100\n|move|p1a: Annihilape|Rage Fist|p2a: Landorus\n|-damage|p2a: Landorus|0 fnt\n|faint|p2a: Landorus\n|\n|-heal|p2b: Empoleon|58\/100|[from] item: Leftovers\n|upkeep\n|turn|8\n|\n|t:|1700288323\n|move|p2b: Empoleon|Ice Beam|p1a: Annihilape\n|-damage|p1a: Annihilape|31\/100\n|move|p1b: Cresselia|Lunar Blessing|p1b: Cresselia|[spread] p1a,p1b\n|-heal|p1a: Annihilape|56\/100\n|-heal|p1b: Cresselia|96\/100\n|move|p1a: Annihilape|Drain Punch|p2b: Empoleon\n|-supereffective|p2b: Empoleon\n|-damage|p2b: Empoleon|0 fnt\n|-heal|p1a: Annihilape|81\/100|[from] drain|[of] p2b: Empoleon\n|faint|p2b: Empoleon\n|\n|win|Snarf6969\n|raw|Snarf6969's rating: 1239 &rarr; <strong>1259<\/strong><br \/>(+20 for winning)\n|raw|whyismynamejeff's rating: 1167 &rarr; <strong>1147<\/strong><br \/>(-20 for losing)\n","uploadtime":1700288331,"views":16,"p1id":"snarf6969","p2id":"whyismynamejeff","formatid":"gen9vgc2023regulatione","rating":1147,"private":0,"password":""}