{"id":"gen9vgc2023regulatione-1992330231","p1":"misoup29","p2":"JuiceMan8","format":"[Gen 9] VGC 2023 Regulation E","log":"|j|\u2606misoup29\n|j|\u2606JuiceMan8\n|t:|1700175369\n|gametype|doubles\n|player|p1|misoup29|265|1375\n|player|p2|JuiceMan8|pokemaniac|1376\n|teamsize|p1|6\n|teamsize|p2|6\n|gen|9\n|tier|[Gen 9] VGC 2023 Regulation E\n|rated|\n|rule|Species Clause: Limit one of each Pok\u00e9mon\n|rule|Item Clause: Limit one of each item\n|clearpoke\n|poke|p1|Landorus-Therian, L50, M|\n|poke|p1|Ogerpon-Wellspring, L50, F|\n|poke|p1|Weezing, L50, F|\n|poke|p1|Iron Hands, L50|\n|poke|p1|Flutter Mane, L50|\n|poke|p1|Roaring Moon, L50|\n|poke|p2|Oranguru, L50, F|\n|poke|p2|Tyranitar, L50, M|\n|poke|p2|Maushold-Four, L50|\n|poke|p2|Enamorus-Therian, L50, F|\n|poke|p2|Urshifu-*, L50, F|\n|poke|p2|Iron Hands, L50|\n|teampreview|4\n|inactive|Battle timer is ON: inactive players will automatically lose when time's up. (requested by misoup29)\n|inactive|misoup29 has 60 seconds left.\n|inactive|JuiceMan8 has 60 seconds left.\n|inactive|JuiceMan8 has 30 seconds left.\n|\n|t:|1700175431\n|start\n|switch|p1a: Roaring Moon|Roaring Moon, L50|100\/100\n|switch|p1b: Landorus|Landorus-Therian, L50, M|100\/100\n|switch|p2a: Oranguru|Oranguru, L50, F, shiny|100\/100\n|switch|p2b: Iron Hands|Iron Hands, L50|100\/100\n|-ability|p1b: Landorus|Intimidate|boost\n|-fail|p2a: Oranguru|unboost|Attack|[from] ability: Inner Focus|[of] p2a: Oranguru\n|-unboost|p2b: Iron Hands|atk|1\n|-enditem|p1a: Roaring Moon|Booster Energy\n|-activate|p1a: Roaring Moon|ability: Protosynthesis|[fromitem]\n|-start|p1a: Roaring Moon|protosynthesisspe\n|turn|1\n|\n|t:|1700175455\n|move|p2b: Iron Hands|Fake Out|p1a: Roaring Moon\n|-damage|p1a: Roaring Moon|87\/100\n|cant|p1a: Roaring Moon|flinch\n|move|p1b: Landorus|U-turn|p2a: Oranguru\n|-supereffective|p2a: Oranguru\n|-crit|p2a: Oranguru\n|-damage|p2a: Oranguru|36\/100\n|\n|t:|1700175474\n|switch|p1b: Weezing|Weezing, L50, F, shiny|100\/100|[from] U-turn\n|-ability|p1b: Weezing|Neutralizing Gas\n|move|p2a: Oranguru|Trick Room|p2a: Oranguru\n|-fieldstart|move: Trick Room|[of] p2a: Oranguru\n|\n|upkeep\n|turn|2\n|inactive|JuiceMan8 has 30 seconds left.\n|inactive|JuiceMan8 has 20 seconds left.\n|inactive|JuiceMan8 has 15 seconds left.\n|inactive|JuiceMan8 has 10 seconds left.\n|\n|t:|1700175519\n|-end|p2b: Iron Hands|Quark Drive|[silent]\n|switch|p2b: Tyranitar|Tyranitar, L50, M, shiny|100\/100\n|move|p1a: Roaring Moon|Protect|p1a: Roaring Moon\n|-singleturn|p1a: Roaring Moon|Protect\n|move|p2a: Oranguru|Psyshock|p1b: Weezing\n|-supereffective|p1b: Weezing\n|-damage|p1b: Weezing|59\/100\n|move|p1b: Weezing|Will-O-Wisp|p2b: Tyranitar\n|-status|p2b: Tyranitar|brn\n|\n|-damage|p2b: Tyranitar|95\/100 brn|[from] brn\n|upkeep\n|turn|3\n|inactive|misoup29 has 30 seconds left.\n|inactive|JuiceMan8 has 30 seconds left.\n|inactive|misoup29 has 20 seconds left.\n|inactive|JuiceMan8 has 20 seconds left.\n|inactive|misoup29 has 15 seconds left.\n|inactive|JuiceMan8 has 15 seconds left.\n|inactive|misoup29 has 10 seconds left.\n|inactive|misoup29 has 5 seconds left.\n|\n|t:|1700175571\n|move|p1a: Roaring Moon|Protect|p1a: Roaring Moon\n|-singleturn|p1a: Roaring Moon|Protect\n|move|p2b: Tyranitar|Rock Slide|p1b: Weezing|[spread] p1b\n|-activate|p1a: Roaring Moon|move: Protect\n|-damage|p1b: Weezing|39\/100\n|-enditem|p1b: Weezing|Sitrus Berry|[eat]\n|-heal|p1b: Weezing|64\/100|[from] item: Sitrus Berry\n|move|p2a: Oranguru|Instruct|p2b: Tyranitar\n|-singleturn|p2b: Tyranitar|move: Instruct|[of] p2a: Oranguru\n|move|p2b: Tyranitar|Rock Slide|p1b: Weezing|[spread] p1b\n|-activate|p1a: Roaring Moon|move: Protect\n|-damage|p1b: Weezing|47\/100\n|move|p1b: Weezing|Taunt|p2a: Oranguru\n|-start|p2a: Oranguru|move: Taunt\n|-enditem|p2a: Oranguru|Mental Herb\n|-end|p2a: Oranguru|move: Taunt\n|\n|-damage|p2b: Tyranitar|89\/100 brn|[from] brn\n|upkeep\n|turn|4\n|inactive|misoup29 has 30 seconds left.\n|inactive|JuiceMan8 has 30 seconds left.\n|inactive|misoup29 has 20 seconds left.\n|inactive|JuiceMan8 has 20 seconds left.\n|\n|t:|1700175610\n|-end|p1a: Roaring Moon|Protosynthesis|[silent]\n|switch|p1a: Ogerpon|Ogerpon-Wellspring, L50, F|100\/100\n|move|p2b: Tyranitar|Rock Slide|p1a: Ogerpon|[spread] p1a,p1b\n|-damage|p1a: Ogerpon|69\/100\n|-damage|p1b: Weezing|28\/100\n|move|p2a: Oranguru|Instruct|p2b: Tyranitar\n|-singleturn|p2b: Tyranitar|move: Instruct|[of] p2a: Oranguru\n|move|p2b: Tyranitar|Rock Slide|p1a: Ogerpon|[spread] p1a\n|-miss|p2b: Tyranitar|p1b: Weezing\n|-damage|p1a: Ogerpon|37\/100\n|move|p1b: Weezing|Taunt|p2a: Oranguru\n|-start|p2a: Oranguru|move: Taunt\n|\n|-damage|p2b: Tyranitar|83\/100 brn|[from] brn\n|upkeep\n|turn|5\n|inactive|misoup29 has 30 seconds left.\n|inactive|JuiceMan8 has 30 seconds left.\n|inactive|JuiceMan8 has 20 seconds left.\n|inactive|JuiceMan8 has 15 seconds left.\n|inactive|misoup29 has 20 seconds left.\n|inactive|JuiceMan8 has 10 seconds left.\n|inactive|misoup29 has 15 seconds left.\n|\n|t:|1700175661\n|switch|p2a: Iron Hands|Iron Hands, L50|100\/100\n|-terastallize|p2b: Tyranitar|Grass\n|move|p1b: Weezing|Protect|p1b: Weezing\n|-singleturn|p1b: Weezing|Protect\n|move|p2b: Tyranitar|Rock Slide|p1a: Ogerpon|[spread] p1a\n|-activate|p1b: Weezing|move: Protect\n|-damage|p1a: Ogerpon|7\/100\n|move|p1a: Ogerpon|Swords Dance|p1a: Ogerpon\n|-boost|p1a: Ogerpon|atk|2\n|\n|-damage|p2b: Tyranitar|77\/100 brn|[from] brn\n|-fieldend|move: Trick Room\n|upkeep\n|turn|6\n|inactive|JuiceMan8 has 30 seconds left.\n|\n|t:|1700175689\n|switch|p2b: Oranguru|Oranguru, L50, F, shiny|36\/100\n|move|p1a: Ogerpon|Spiky Shield|p1a: Ogerpon\n|-singleturn|p1a: Ogerpon|move: Protect\n|move|p2a: Iron Hands|Fake Out|p1a: Ogerpon\n|-activate|p1a: Ogerpon|move: Protect\n|-damage|p2a: Iron Hands|88\/100|[from] Spiky Shield|[of] p1a: Ogerpon\n|move|p1b: Weezing|Will-O-Wisp|p2a: Iron Hands\n|-status|p2a: Iron Hands|brn\n|\n|-damage|p2a: Iron Hands|82\/100 brn|[from] brn\n|upkeep\n|turn|7\n|inactive|misoup29 has 30 seconds left.\n|inactive|JuiceMan8 has 30 seconds left.\n|inactive|JuiceMan8 has 20 seconds left.\n|inactive|JuiceMan8 has 15 seconds left.\n|inactive|JuiceMan8 has 10 seconds left.\n|\n|t:|1700175734\n|move|p1a: Ogerpon|Horn Leech|p2a: Iron Hands\n|-damage|p2a: Iron Hands|27\/100 brn\n|-heal|p1a: Ogerpon|50\/100|[from] drain|[of] p2a: Iron Hands\n|move|p1b: Weezing|Taunt|p2b: Oranguru\n|-start|p2b: Oranguru|move: Taunt\n|move|p2a: Iron Hands|Iron Head|p1a: Ogerpon\n|-resisted|p1a: Ogerpon\n|-damage|p1a: Ogerpon|41\/100\n|move|p2b: Oranguru|Psyshock|p1b: Weezing\n|-supereffective|p1b: Weezing\n|-damage|p1b: Weezing|0 fnt\n|faint|p1b: Weezing\n|-end|p1b: Weezing|ability: Neutralizing Gas\n|\n|-damage|p2a: Iron Hands|20\/100 brn|[from] brn\n|upkeep\n|\n|t:|1700175755\n|switch|p1b: Roaring Moon|Roaring Moon, L50|87\/100\n|turn|8\n|\n|t:|1700175772\n|-end|p2a: Iron Hands|Quark Drive|[silent]\n|switch|p2a: Tyranitar|Tyranitar, L50, M, shiny, tera:Grass|77\/100 brn\n|-weather|Sandstorm|[from] ability: Sand Stream|[of] p2a: Tyranitar\n|switch|p2b: Enamorus|Enamorus-Therian, L50, F, shiny|100\/100\n|move|p1b: Roaring Moon|Knock Off|p2b: Enamorus\n|-resisted|p2b: Enamorus\n|-damage|p2b: Enamorus|79\/100\n|-enditem|p2b: Enamorus|Choice Specs|[from] move: Knock Off|[of] p1b: Roaring Moon\n|move|p1a: Ogerpon|Horn Leech|p2a: Tyranitar\n|-resisted|p2a: Tyranitar\n|-damage|p2a: Tyranitar|44\/100 brn\n|-heal|p1a: Ogerpon|61\/100|[from] drain|[of] p2a: Tyranitar\n|\n|-weather|Sandstorm|[upkeep]\n|-damage|p1b: Roaring Moon|81\/100|[from] Sandstorm\n|-damage|p1a: Ogerpon|56\/100|[from] Sandstorm\n|-damage|p2a: Tyranitar|38\/100 brn|[from] Sandstorm\n|-damage|p2a: Tyranitar|32\/100 brn|[from] brn\n|upkeep\n|turn|9\n|inactive|misoup29 has 30 seconds left.\n|inactive|JuiceMan8 has 30 seconds left.\n|inactive|JuiceMan8 has 20 seconds left.\n|inactive|JuiceMan8 has 15 seconds left.\n|\n|t:|1700175812\n|move|p1b: Roaring Moon|Acrobatics|p2a: Tyranitar\n|-supereffective|p2a: Tyranitar\n|-damage|p2a: Tyranitar|0 fnt\n|faint|p2a: Tyranitar\n|move|p1a: Ogerpon|Ivy Cudgel|p2b: Enamorus|[anim] Ivy Cudgel Water\n|-damage|p2b: Enamorus|0 fnt\n|faint|p2b: Enamorus\n|\n|-weather|Sandstorm|[upkeep]\n|-damage|p1b: Roaring Moon|75\/100|[from] Sandstorm\n|-damage|p1a: Ogerpon|50\/100|[from] Sandstorm\n|upkeep\n|\n|t:|1700175819\n|switch|p2a: Iron Hands|Iron Hands, L50|20\/100 brn\n|switch|p2b: Oranguru|Oranguru, L50, F, shiny|36\/100\n|turn|10\n|\n|t:|1700175837\n|move|p2a: Iron Hands|Fake Out|p1a: Ogerpon\n|-damage|p1a: Ogerpon|40\/100\n|move|p1b: Roaring Moon|Knock Off|p2b: Oranguru\n|-supereffective|p2b: Oranguru\n|-damage|p2b: Oranguru|0 fnt\n|faint|p2b: Oranguru\n|cant|p1a: Ogerpon|flinch\n|\n|-weather|Sandstorm|[upkeep]\n|-damage|p1b: Roaring Moon|70\/100|[from] Sandstorm\n|-damage|p1a: Ogerpon|34\/100|[from] Sandstorm\n|-damage|p2a: Iron Hands|14\/100 brn|[from] Sandstorm\n|-damage|p2a: Iron Hands|8\/100 brn|[from] brn\n|upkeep\n|turn|11\n|-message|JuiceMan8 forfeited.\n|\n|win|misoup29\n|raw|misoup29's rating: 1375 &rarr; <strong>1395<\/strong><br \/>(+20 for winning)\n|raw|JuiceMan8's rating: 1376 &rarr; <strong>1356<\/strong><br \/>(-20 for losing)\n|l|\u2606JuiceMan8\n","uploadtime":1700175858,"views":14,"p1id":"misoup29","p2id":"juiceman8","formatid":"gen9vgc2023regulatione","rating":1356,"private":0,"password":""}