{"id":"gen9vgc2023regulatione-1991688866","p1":"HellfireMissile","p2":"WillieDangerously","format":"[Gen 9] VGC 2023 Regulation E","log":"|j|\u2606HellfireMissile\n|j|\u2606WillieDangerously\n|t:|1700102891\n|gametype|doubles\n|player|p1|HellfireMissile|supernerd|1218\n|player|p2|WillieDangerously|101|1159\n|teamsize|p1|6\n|teamsize|p2|6\n|gen|9\n|tier|[Gen 9] VGC 2023 Regulation E\n|rated|\n|rule|Species Clause: Limit one of each Pok\u00e9mon\n|rule|Item Clause: Limit one of each item\n|clearpoke\n|poke|p1|Zapdos, L50|\n|poke|p1|Pelipper, L50, F|\n|poke|p1|Rillaboom, L50, F|\n|poke|p1|Basculegion, L50, M|\n|poke|p1|Goodra-Hisui, L50, F|\n|poke|p1|Landorus-Therian, L50, M|\n|poke|p2|Iron Hands, L50|\n|poke|p2|Iron Bundle, L50|\n|poke|p2|Sinistcha, L50|\n|poke|p2|Landorus-Therian, L50, M|\n|poke|p2|Heatran, L50, F|\n|poke|p2|Ninetales-Alola, L50, M|\n|teampreview|4\n|\n|t:|1700102953\n|start\n|switch|p1a: Hair Dye|Rillaboom, L50, F|100\/100\n|switch|p1b: Sparky|Zapdos, L50|100\/100\n|switch|p2a: Iron Bundle|Iron Bundle, L50|100\/100\n|switch|p2b: Iron Hands|Iron Hands, L50|100\/100\n|-fieldstart|move: Grassy Terrain|[from] ability: Grassy Surge|[of] p1a: Hair Dye\n|-enditem|p2a: Iron Bundle|Booster Energy\n|-activate|p2a: Iron Bundle|ability: Quark Drive|[fromitem]\n|-start|p2a: Iron Bundle|quarkdrivespe\n|turn|1\n|\n|t:|1700102985\n|move|p1b: Sparky|Protect|p1b: Sparky\n|-singleturn|p1b: Sparky|Protect\n|move|p1a: Hair Dye|Fake Out|p2a: Iron Bundle\n|-damage|p2a: Iron Bundle|83\/100\n|move|p2b: Iron Hands|Fake Out|p1b: Sparky\n|-activate|p1b: Sparky|move: Protect\n|cant|p2a: Iron Bundle|flinch\n|\n|-heal|p2a: Iron Bundle|89\/100|[from] Grassy Terrain\n|upkeep\n|turn|2\n|\n|t:|1700103011\n|switch|p1b: Mr. Jowls|Pelipper, L50, F|100\/100\n|-weather|RainDance|[from] ability: Drizzle|[of] p1b: Mr. Jowls\n|-end|p2b: Iron Hands|Quark Drive|[silent]\n|switch|p2b: Ninetales|Ninetales-Alola, L50, M|100\/100\n|-weather|Snow|[from] ability: Snow Warning|[of] p2b: Ninetales\n|-terastallize|p2a: Iron Bundle|Ice\n|move|p1a: Hair Dye|Grassy Glide|p2a: Iron Bundle\n|-damage|p2a: Iron Bundle|57\/100\n|move|p2a: Iron Bundle|Blizzard|p1b: Mr. Jowls|[spread] p1a,p1b\n|-supereffective|p1a: Hair Dye\n|-damage|p1a: Hair Dye|0 fnt\n|-damage|p1b: Mr. Jowls|37\/100\n|faint|p1a: Hair Dye\n|\n|-weather|Snow|[upkeep]\n|-heal|p2a: Iron Bundle|63\/100|[from] Grassy Terrain\n|upkeep\n|\n|t:|1700103030\n|switch|p1a: Sparky|Zapdos, L50|100\/100\n|turn|3\n|\n|t:|1700103038\n|switch|p1b: Fang Fish|Basculegion, L50, M|100\/100\n|move|p1a: Sparky|Protect|p1a: Sparky\n|-singleturn|p1a: Sparky|Protect\n|move|p2a: Iron Bundle|Blizzard|p1a: Sparky|[spread] p1b\n|-activate|p1a: Sparky|move: Protect\n|-resisted|p1b: Fang Fish\n|-damage|p1b: Fang Fish|73\/100\n|-status|p1b: Fang Fish|frz\n|move|p2b: Ninetales|Aurora Veil|p2b: Ninetales\n|-sidestart|p2: WillieDangerously|move: Aurora Veil\n|\n|-weather|Snow|[upkeep]\n|-heal|p2a: Iron Bundle|69\/100|[from] Grassy Terrain\n|-heal|p1b: Fang Fish|79\/100 frz|[from] Grassy Terrain\n|upkeep\n|turn|4\n|\n|t:|1700103063\n|switch|p2b: Sinistcha|Sinistcha, L50|100\/100\n|-heal|p2a: Iron Bundle|94\/100|[from] ability: Hospitality|[of] p2b: Sinistcha\n|switch|p1b: Mr. Jowls|Pelipper, L50, F|37\/100\n|-weather|RainDance|[from] ability: Drizzle|[of] p1b: Mr. Jowls\n|move|p2a: Iron Bundle|Hydro Pump|p1a: Sparky\n|-damage|p1a: Sparky|16\/100\n|move|p1a: Sparky|Thunder|p2a: Iron Bundle\n|-damage|p2a: Iron Bundle|0 fnt\n|faint|p2a: Iron Bundle\n|-end|p2a: Iron Bundle|Quark Drive|[silent]\n|-damage|p1a: Sparky|7\/100|[from] item: Life Orb\n|\n|-weather|RainDance|[upkeep]\n|upkeep\n|\n|t:|1700103078\n|switch|p2a: Ninetales|Ninetales-Alola, L50, M|100\/100\n|-weather|Snow|[from] ability: Snow Warning|[of] p2a: Ninetales\n|turn|5\n|\n|t:|1700103097\n|move|p2a: Ninetales|Blizzard|p1b: Mr. Jowls|[spread] p1a,p1b\n|-supereffective|p1a: Sparky\n|-damage|p1a: Sparky|0 fnt\n|-damage|p1b: Mr. Jowls|8\/100\n|faint|p1a: Sparky\n|move|p1b: Mr. Jowls|Hurricane|p2b: Sinistcha|[miss]\n|-miss|p1b: Mr. Jowls|p2b: Sinistcha\n|move|p2b: Sinistcha|Matcha Gotcha|p1b: Mr. Jowls\n|-damage|p1b: Mr. Jowls|0 fnt\n|faint|p1b: Mr. Jowls\n|\n|-weather|Snow|[upkeep]\n|-fieldend|move: Grassy Terrain\n|upkeep\n|-message|HellfireMissile forfeited.\n|\n|win|WillieDangerously\n|raw|HellfireMissile's rating: 1218 &rarr; <strong>1189<\/strong><br \/>(-29 for losing)\n|raw|WillieDangerously's rating: 1159 &rarr; <strong>1188<\/strong><br \/>(+29 for winning)\n|l|\u2606HellfireMissile\n","uploadtime":1700103115,"views":15,"p1id":"hellfiremissile","p2id":"williedangerously","formatid":"gen9vgc2023regulatione","rating":1188,"private":0,"password":""}