{"id":"gen9vgc2023regulatione-1999053511","p1":"Matt902","p2":"Walexxx","format":"[Gen 9] VGC 2023 Regulation E","log":"|j|\u2606Matt902\n|j|\u2606Walexxx\n|t:|1701028157\n|gametype|doubles\n|player|p1|Matt902|170|1057\n|player|p2|Walexxx|102|1047\n|teamsize|p1|6\n|teamsize|p2|6\n|gen|9\n|tier|[Gen 9] VGC 2023 Regulation E\n|rated|\n|rule|Species Clause: Limit one of each Pok\u00e9mon\n|rule|Item Clause: Limit one of each item\n|clearpoke\n|poke|p1|Landorus-Therian, L50, M|\n|poke|p1|Vikavolt, L50, F|\n|poke|p1|Samurott-Hisui, L50, M|\n|poke|p1|Sinistcha, L50|\n|poke|p1|Heatran, L50, F|\n|poke|p1|Sneasler, L50, F|\n|poke|p2|Dudunsparce-*, L50, F|\n|poke|p2|Sableye, L50, F|\n|poke|p2|Farigiraf, L50, F|\n|poke|p2|Urshifu-*, L50, M|\n|poke|p2|Arcanine-Hisui, L50, M|\n|poke|p2|Sinistcha-Masterpiece, L50|\n|teampreview|4\n|\n|t:|1701028169\n|start\n|switch|p1a: Samurott|Samurott-Hisui, L50, M|100\/100\n|switch|p1b: Sneasler|Sneasler, L50, F|100\/100\n|switch|p2a: Sableye|Sableye, L50, F|100\/100\n|switch|p2b: Dudunsparce|Dudunsparce-Three-Segment, L50, F|100\/100\n|turn|1\n|inactive|Battle timer is ON: inactive players will automatically lose when time's up. (requested by Walexxx)\n|\n|t:|1701028195\n|-terastallize|p2b: Dudunsparce|Ghost\n|move|p1b: Sneasler|Fake Out|p2b: Dudunsparce\n|-immune|p2b: Dudunsparce\n|move|p1a: Samurott|Ceaseless Edge|p2a: Sableye\n|-damage|p2a: Sableye|5\/100\n|-sidestart|p2: Walexxx|Spikes\n|move|p2b: Dudunsparce|Agility|p2b: Dudunsparce\n|-boost|p2b: Dudunsparce|spe|2\n|move|p2a: Sableye|Metal Burst|p1a: Samurott\n|-damage|p1a: Samurott|0 fnt\n|faint|p1a: Samurott\n|\n|upkeep\n|\n|t:|1701028211\n|switch|p1a: Sinistcha|Sinistcha, L50|100\/100\n|turn|2\n|\n|t:|1701028223\n|move|p2a: Sableye|Thunder Wave|p1b: Sneasler\n|-status|p1b: Sneasler|par\n|move|p2b: Dudunsparce|Rock Slide|p1b: Sneasler|[spread] p1a,p1b\n|-resisted|p1b: Sneasler\n|-damage|p1a: Sinistcha|89\/100\n|-damage|p1b: Sneasler|88\/100 par\n|cant|p1a: Sinistcha|flinch\n|cant|p1b: Sneasler|flinch\n|\n|upkeep\n|turn|3\n|\n|t:|1701028246\n|move|p2a: Sableye|Thunder Wave|p1a: Sinistcha\n|-status|p1a: Sinistcha|par\n|move|p2b: Dudunsparce|Rock Slide|p1a: Sinistcha|[spread] p1a,p1b\n|-resisted|p1b: Sneasler\n|-damage|p1a: Sinistcha|76\/100 par\n|-damage|p1b: Sneasler|74\/100 par\n|cant|p1b: Sneasler|flinch\n|cant|p1a: Sinistcha|flinch\n|\n|upkeep\n|turn|4\n|\n|t:|1701028267\n|move|p2b: Dudunsparce|Rock Slide|p1b: Sneasler|[spread] p1a,p1b\n|-resisted|p1b: Sneasler\n|-damage|p1a: Sinistcha|63\/100 par\n|-damage|p1b: Sneasler|60\/100 par\n|cant|p1b: Sneasler|par\n|move|p2a: Sableye|Dark Pulse|p1a: Sinistcha\n|-supereffective|p1a: Sinistcha\n|-damage|p1a: Sinistcha|8\/100 par\n|cant|p1a: Sinistcha|flinch\n|\n|upkeep\n|turn|5\n|\n|t:|1701028285\n|move|p2b: Dudunsparce|Rock Slide|p1a: Sinistcha|[spread] p1a,p1b\n|-resisted|p1b: Sneasler\n|-damage|p1a: Sinistcha|0 fnt\n|-damage|p1b: Sneasler|46\/100 par\n|faint|p1a: Sinistcha\n|cant|p1b: Sneasler|flinch\n|move|p2a: Sableye|Dark Pulse|p1b: Sneasler\n|-resisted|p1b: Sneasler\n|-damage|p1b: Sneasler|28\/100 par\n|\n|upkeep\n|\n|t:|1701028294\n|switch|p1a: Vikavolt|Vikavolt, L50, F|100\/100\n|turn|6\n|\n|t:|1701028313\n|move|p2b: Dudunsparce|Rock Slide|p1b: Sneasler|[spread] p1a,p1b\n|-supereffective|p1a: Vikavolt\n|-resisted|p1b: Sneasler\n|-damage|p1a: Vikavolt|68\/100\n|-damage|p1b: Sneasler|13\/100 par\n|cant|p1b: Sneasler|par\n|move|p2a: Sableye|Dark Pulse|p1b: Sneasler\n|-resisted|p1b: Sneasler\n|-damage|p1b: Sneasler|0 fnt\n|faint|p1b: Sneasler\n|cant|p1a: Vikavolt|flinch\n|\n|upkeep\n|turn|7\n|\n|t:|1701028333\n|move|p2b: Dudunsparce|Rock Slide|p1a: Vikavolt\n|-supereffective|p1a: Vikavolt\n|-damage|p1a: Vikavolt|20\/100\n|move|p2a: Sableye|Dark Pulse|p1a: Vikavolt\n|-crit|p1a: Vikavolt\n|-damage|p1a: Vikavolt|0 fnt\n|faint|p1a: Vikavolt\n|\n|win|Walexxx\n|raw|Matt902's rating: 1057 &rarr; <strong>1038<\/strong><br \/>(-19 for losing)\n|raw|Walexxx's rating: 1047 &rarr; <strong>1081<\/strong><br \/>(+34 for winning)\n|l|\u2606Matt902\n|l|\u2606Walexxx\n","uploadtime":1701028406,"views":9,"p1id":"matt902","p2id":"walexxx","formatid":"gen9vgc2023regulatione","rating":1038,"private":0,"password":""}