{"id":"gen9vgc2023regulatione-1990776966","p1":"Braimanaitor","p2":"sev100","format":"[Gen 9] VGC 2023 Regulation E","log":"|j|\u2606Braimanaitor\n|j|\u2606sev100\n|t:|1699999807\n|gametype|doubles\n|player|p1|Braimanaitor|morty|1101\n|player|p2|sev100|102|1146\n|teamsize|p1|6\n|teamsize|p2|6\n|gen|9\n|tier|[Gen 9] VGC 2023 Regulation E\n|rated|\n|rule|Species Clause: Limit one of each Pok\u00e9mon\n|rule|Item Clause: Limit one of each item\n|clearpoke\n|poke|p1|Grafaiai, L50, M|\n|poke|p1|Sinistcha, L50|\n|poke|p1|Iron Hands, L50|\n|poke|p1|Arcanine-Hisui, L50, F|\n|poke|p1|Dachsbun, L50, M|\n|poke|p1|Mabosstiff, L50, F|\n|poke|p2|Chien-Pao, L50|\n|poke|p2|Rillaboom, L50, F|\n|poke|p2|Arcanine-Hisui, L50, F|\n|poke|p2|Urshifu-*, L50, F|\n|poke|p2|Tornadus, L50, M|\n|poke|p2|Flutter Mane, L50|\n|teampreview|4\nsev100 has agreed to open team sheets.\n|\n|t:|1699999853\n|start\n|switch|p1a: Iron Hands|Iron Hands, L50|100\/100\n|switch|p1b: Picasso|Grafaiai, L50, M|100\/100\n|switch|p2a: Tornadus|Tornadus, L50, M|100\/100\n|switch|p2b: Rillaboom|Rillaboom, L50, F|100\/100\n|-fieldstart|move: Grassy Terrain|[from] ability: Grassy Surge|[of] p2b: Rillaboom\n|turn|1\n|inactive|Battle timer is ON: inactive players will automatically lose when time's up. (requested by Braimanaitor)\n|\n|t:|1699999883\n|switch|p1b: Arcanine|Arcanine-Hisui, L50, F|100\/100\n|-ability|p1b: Arcanine|Intimidate|boost\n|-unboost|p2a: Tornadus|atk|1\n|-unboost|p2b: Rillaboom|atk|1\n|move|p2b: Rillaboom|Fake Out|p1b: Arcanine\n|-resisted|p1b: Arcanine\n|-damage|p1b: Arcanine|95\/100\n|move|p1a: Iron Hands|Fake Out|p2a: Tornadus\n|-damage|p2a: Tornadus|75\/100\n|cant|p2a: Tornadus|flinch\n|\n|-heal|p1b: Arcanine|100\/100|[from] Grassy Terrain\n|upkeep\n|turn|2\n|inactive|Braimanaitor has 30 seconds left.\n|inactive|sev100 has 30 seconds left.\n|inactive|sev100 has 20 seconds left.\n|\n|t:|1699999919\n|-terastallize|p2b: Rillaboom|Fire\n|move|p2a: Tornadus|Bleakwind Storm|p1b: Arcanine|[spread] p1a\n|-miss|p2a: Tornadus|p1b: Arcanine\n|-damage|p1a: Iron Hands|76\/100\n|-unboost|p1a: Iron Hands|spe|1\n|move|p1b: Arcanine|Rock Slide|p2b: Rillaboom|[spread] p2a,p2b\n|-supereffective|p2a: Tornadus\n|-supereffective|p2b: Rillaboom\n|-damage|p2a: Tornadus|0 fnt\n|-damage|p2b: Rillaboom|27\/100\n|faint|p2a: Tornadus\n|move|p2b: Rillaboom|High Horsepower|p1b: Arcanine|[miss]\n|-miss|p2b: Rillaboom|p1b: Arcanine\n|move|p1a: Iron Hands|Wild Charge|p2b: Rillaboom\n|-damage|p2b: Rillaboom|0 fnt\n|faint|p2b: Rillaboom\n|-damage|p1a: Iron Hands|71\/100|[from] Recoil\n|\n|-heal|p1a: Iron Hands|77\/100|[from] Grassy Terrain\n|upkeep\n|\n|t:|1699999939\n|switch|p2a: Arcanine|Arcanine-Hisui, L50, F|100\/100\n|switch|p2b: Flutter Mane|Flutter Mane, L50|100\/100\n|-ability|p2a: Arcanine|Intimidate|boost\n|-unboost|p1a: Iron Hands|atk|1\n|-unboost|p1b: Arcanine|atk|1\n|-enditem|p2b: Flutter Mane|Booster Energy\n|-activate|p2b: Flutter Mane|ability: Protosynthesis|[fromitem]\n|-start|p2b: Flutter Mane|protosynthesisspe\n|turn|3\n|\n|t:|1699999963\n|switch|p1b: Sinistcha|Sinistcha, L50|100\/100\n|-heal|p1a: Iron Hands|100\/100|[from] ability: Hospitality|[of] p1b: Sinistcha\n|move|p2b: Flutter Mane|Moonblast|p1a: Iron Hands\n|-supereffective|p1a: Iron Hands\n|-damage|p1a: Iron Hands|32\/100\n|move|p2a: Arcanine|Rock Slide|p1b: Sinistcha|[spread] p1b\n|-miss|p2a: Arcanine|p1a: Iron Hands\n|-damage|p1b: Sinistcha|68\/100\n|move|p1a: Iron Hands|Volt Switch|p2a: Arcanine\n|-damage|p2a: Arcanine|84\/100\n|\n|t:|1699999986\n|-end|p1a: Iron Hands|Quark Drive|[silent]\n|switch|p1a: Arcanine|Arcanine-Hisui, L50, F|100\/100|[from] Volt Switch\n|-ability|p1a: Arcanine|Intimidate|boost\n|-unboost|p2a: Arcanine|atk|1\n|-unboost|p2b: Flutter Mane|atk|1\n|\n|-heal|p2a: Arcanine|90\/100|[from] Grassy Terrain\n|-heal|p1b: Sinistcha|75\/100|[from] Grassy Terrain\n|upkeep\n|turn|4\n|\n|t:|1700000011\n|move|p2b: Flutter Mane|Protect|p2b: Flutter Mane\n|-singleturn|p2b: Flutter Mane|Protect\n|move|p1a: Arcanine|Rock Slide|p2a: Arcanine|[spread] p2a\n|-activate|p2b: Flutter Mane|move: Protect\n|-supereffective|p2a: Arcanine\n|-damage|p2a: Arcanine|2\/100\n|move|p2a: Arcanine|Rock Slide|p1b: Sinistcha|[spread] p1a,p1b\n|-supereffective|p1a: Arcanine\n|-damage|p1a: Arcanine|26\/100\n|-damage|p1b: Sinistcha|54\/100\n|move|p1b: Sinistcha|Strength Sap|p2a: Arcanine\n|-unboost|p2a: Arcanine|atk|1\n|-heal|p1b: Sinistcha|100\/100\n|\n|-heal|p1a: Arcanine|32\/100|[from] Grassy Terrain\n|-heal|p2a: Arcanine|8\/100|[from] Grassy Terrain\n|upkeep\n|turn|5\n|inactive|Braimanaitor has 30 seconds left.\n|\n|t:|1700000037\n|move|p1b: Sinistcha|Rage Powder|p1b: Sinistcha\n|-singleturn|p1b: Sinistcha|move: Rage Powder\n|move|p2b: Flutter Mane|Shadow Ball|p1b: Sinistcha\n|-supereffective|p1b: Sinistcha\n|-damage|p1b: Sinistcha|2\/100\n|move|p1a: Arcanine|Rock Slide|p2a: Arcanine|[spread] p2a,p2b\n|-supereffective|p2a: Arcanine\n|-damage|p2a: Arcanine|0 fnt\n|-damage|p2b: Flutter Mane|12\/100\n|faint|p2a: Arcanine\n|\n|-heal|p2b: Flutter Mane|18\/100|[from] Grassy Terrain\n|-heal|p1a: Arcanine|38\/100|[from] Grassy Terrain\n|-heal|p1b: Sinistcha|8\/100|[from] Grassy Terrain\n|-fieldend|move: Grassy Terrain\n|upkeep\n|turn|6\n|-message|sev100 forfeited.\n|\n|win|Braimanaitor\n|raw|Braimanaitor's rating: 1101 &rarr; <strong>1129<\/strong><br \/>(+28 for winning)\n|raw|sev100's rating: 1146 &rarr; <strong>1118<\/strong><br \/>(-28 for losing)\n|l|\u2606sev100\n","uploadtime":1700000059,"views":9,"p1id":"braimanaitor","p2id":"sev100","formatid":"gen9vgc2023regulatione","rating":1118,"private":0,"password":""}