{"id":"gen9vgc2023regulatione-1988789301","p1":"GonzaTH","p2":"luzonvgc","format":"[Gen 9] VGC 2023 Regulation E","log":"|j|\u2606GonzaTH\n|j|\u2606luzonvgc\n|n|\u2606GonzaTH|gonzath\n|n|\u2606luzonvgc|luzonvgc\n|html|View the match progress at <a href=\"\/game-bestof3-gen9vgc2023regulatione-1988784325\">game-bestof3-gen9vgc2023regulatione-1988784325<\/a>\n|t:|1699763398\n|gametype|doubles\n|player|p1|GonzaTH|2|\n|player|p2|luzonvgc|lisia|\n|teamsize|p1|6\n|teamsize|p2|6\n|gen|9\n|tier|[Gen 9] VGC 2023 Regulation E\n|rule|Species Clause: Limit one of each Pok\u00e9mon\n|rule|Item Clause: Limit one of each item\n|clearpoke\n|poke|p1|Urshifu-*, L50, M|\n|poke|p1|Rillaboom, L50, M|\n|poke|p1|Farigiraf, L50, F|\n|poke|p1|Chien-Pao, L50|\n|poke|p1|Heatran, L50, M|\n|poke|p1|Dragonite, L50, M|\n|poke|p2|Roaring Moon, L50|\n|poke|p2|Landorus-Therian, L50, M|\n|poke|p2|Amoonguss, L50, F|\n|poke|p2|Heatran, L50, F|\n|poke|p2|Flutter Mane, L50|\n|poke|p2|Iron Hands, L50|\n|teampreview|4\nGonzaTH has agreed to open team sheets.\nluzonvgc has agreed to open team sheets.\n|showteam|p1|Urshifu-Rapid-Strike||ChoiceScarf|UnseenFist|SurgingStrikes,AquaJet,CloseCombat,Uturn|||M|||50|,,,,,Poison]Rillaboom||MiracleSeed|GrassySurge|WoodHammer,GrassyGlide,FakeOut,Protect|||M|||50|,,,,,Grass]Farigiraf||SitrusBerry|ArmorTail|DazzlingGleam,Psychic,HelpingHand,TrickRoom|||F|||50|,,,,,Fairy]Chien-Pao||FocusSash|SwordofRuin|IcicleCrash,SuckerPunch,Haze,Protect||||||50|,,,,,Ghost]Heatran||AssaultVest|FlashFire|HeatWave,FlashCannon,EarthPower,MagmaStorm|||M|||50|,,,,,Grass]Dragonite||ChoiceBand|InnerFocus|ExtremeSpeed,StompingTantrum,AerialAce,Outrage|||M|||50|,,,,,Normal\n|showteam|p2|Roaring Moon||BoosterEnergy|Protosynthesis|KnockOff,Acrobatics,DragonDance,Protect||||||50|,,,,,Flying]Landorus-Therian||ChoiceScarf|Intimidate|RockSlide,StompingTantrum,TeraBlast,Uturn|||M|||50|,,,,,Flying]Amoonguss||SitrusBerry|Regenerator|Protect,PollenPuff,RagePowder,Spore|||F|||50|,,,,,Water]Heatran||ShucaBerry|FlashFire|Protect,FlashCannon,MagmaStorm,EarthPower|||F|||50|,,,,,Fairy]Flutter Mane||ChoiceSpecs|Protosynthesis|DazzlingGleam,Moonblast,ShadowBall,PowerGem||||||50|,,,,,Fairy]Iron Hands||AssaultVest|QuarkDrive|FakeOut,DrainPunch,WildCharge,HeavySlam||||||50|,,,,,Water\n|\n|t:|1699763466\n|start\n|switch|p1a: Chien-Pao|Chien-Pao, L50|100\/100\n|switch|p1b: Urshifu|Urshifu-Rapid-Strike, L50, M|100\/100\n|switch|p2a: Landorus|Landorus-Therian, L50, M|100\/100\n|switch|p2b: Flutter Mane|Flutter Mane, L50|100\/100\n|-ability|p2a: Landorus|Intimidate|boost\n|-unboost|p1a: Chien-Pao|atk|1\n|-unboost|p1b: Urshifu|atk|1\n|-ability|p1a: Chien-Pao|Sword of Ruin\n|turn|1\n|\n|t:|1699763490\n|-end|p2b: Flutter Mane|Protosynthesis|[silent]\n|switch|p2b: Amoonguss|Amoonguss, L50, F|100\/100\n|-terastallize|p1b: Urshifu|Poison\n|move|p1b: Urshifu|Surging Strikes|p2b: Amoonguss\n|-resisted|p2b: Amoonguss\n|-crit|p2b: Amoonguss\n|-damage|p2b: Amoonguss|90\/100\n|-resisted|p2b: Amoonguss\n|-crit|p2b: Amoonguss\n|-damage|p2b: Amoonguss|77\/100\n|-resisted|p2b: Amoonguss\n|-crit|p2b: Amoonguss\n|-damage|p2b: Amoonguss|65\/100\n|-hitcount|p2b: Amoonguss|3\n|move|p2a: Landorus|U-turn|p1a: Chien-Pao\n|-supereffective|p1a: Chien-Pao\n|-damage|p1a: Chien-Pao|29\/100\n|\n|t:|1699763503\n|switch|p2a: Heatran|Heatran, L50, F|100\/100|[from] U-turn\n|move|p1a: Chien-Pao|Icicle Crash|p2a: Heatran\n|-resisted|p2a: Heatran\n|-damage|p2a: Heatran|93\/100\n|\n|upkeep\n|turn|2\n|\n|t:|1699763523\n|switch|p1b: Dragonite|Dragonite, L50, M|100\/100\n|-terastallize|p2b: Amoonguss|Water\n|move|p1a: Chien-Pao|Protect|p1a: Chien-Pao\n|-singleturn|p1a: Chien-Pao|Protect\n|move|p2b: Amoonguss|Rage Powder|p2b: Amoonguss\n|-singleturn|p2b: Amoonguss|move: Rage Powder\n|move|p2a: Heatran|Magma Storm|p1b: Dragonite\n|-resisted|p1b: Dragonite\n|-damage|p1b: Dragonite|75\/100\n|-activate|p1b: Dragonite|move: Magma Storm|[of] p2a: Heatran\n|\n|-damage|p1b: Dragonite|63\/100|[from] move: Magma Storm|[partiallytrapped]\n|upkeep\n|turn|3\n|\n|t:|1699763543\n|switch|p1a: Heatran|Heatran, L50, M|100\/100\n|move|p2b: Amoonguss|Rage Powder|p2b: Amoonguss\n|-singleturn|p2b: Amoonguss|move: Rage Powder\n|move|p2a: Heatran|Flash Cannon|p1b: Dragonite\n|-damage|p1b: Dragonite|27\/100\n|-unboost|p1b: Dragonite|spd|1\n|move|p1b: Dragonite|Outrage|p2b: Amoonguss\n|-damage|p2b: Amoonguss|0 fnt\n|faint|p2b: Amoonguss\n|\n|-damage|p1b: Dragonite|15\/100|[from] move: Magma Storm|[partiallytrapped]\n|upkeep\n|\n|t:|1699763559\n|switch|p2b: Flutter Mane|Flutter Mane, L50|100\/100\n|turn|4\n|\n|t:|1699763570\n|move|p2b: Flutter Mane|Dazzling Gleam|p1a: Heatran|[spread] p1a,p1b\n|-resisted|p1a: Heatran\n|-supereffective|p1b: Dragonite\n|-damage|p1a: Heatran|95\/100\n|-damage|p1b: Dragonite|0 fnt\n|faint|p1b: Dragonite\n|move|p2a: Heatran|Earth Power|p1a: Heatran\n|-supereffective|p1a: Heatran\n|-damage|p1a: Heatran|27\/100\n|move|p1a: Heatran|Flash Cannon|p2b: Flutter Mane\n|-supereffective|p2b: Flutter Mane\n|-damage|p2b: Flutter Mane|14\/100\n|-unboost|p2b: Flutter Mane|spd|1\n|\n|upkeep\n|\n|t:|1699763582\n|switch|p1b: Urshifu|Urshifu-Rapid-Strike, L50, M, tera:Poison|100\/100\n|turn|5\n|\n|t:|1699763595\n|switch|p2a: Landorus|Landorus-Therian, L50, M|100\/100\n|-ability|p2a: Landorus|Intimidate|boost\n|-unboost|p1a: Heatran|atk|1\n|-unboost|p1b: Urshifu|atk|1\n|move|p1b: Urshifu|Surging Strikes|p2a: Landorus\n|-supereffective|p2a: Landorus\n|-crit|p2a: Landorus\n|-damage|p2a: Landorus|53\/100\n|-supereffective|p2a: Landorus\n|-crit|p2a: Landorus\n|-damage|p2a: Landorus|3\/100\n|-supereffective|p2a: Landorus\n|-crit|p2a: Landorus\n|-damage|p2a: Landorus|0 fnt\n|faint|p2a: Landorus\n|-hitcount|p2: Landorus|3\n|move|p2b: Flutter Mane|Dazzling Gleam|p1a: Heatran|[spread] p1a,p1b\n|-resisted|p1a: Heatran\n|-resisted|p1b: Urshifu\n|-damage|p1a: Heatran|21\/100\n|-damage|p1b: Urshifu|66\/100\n|move|p1a: Heatran|Flash Cannon|p2b: Flutter Mane\n|-supereffective|p2b: Flutter Mane\n|-damage|p2b: Flutter Mane|0 fnt\n|faint|p2b: Flutter Mane\n|-end|p2b: Flutter Mane|Protosynthesis|[silent]\n|\n|upkeep\n|\n|t:|1699763611\n|switch|p2b: Heatran|Heatran, L50, F|93\/100\n|turn|6\n|\n|t:|1699763616\n|move|p1b: Urshifu|Surging Strikes|p2b: Heatran\n|-supereffective|p2b: Heatran\n|-crit|p2b: Heatran\n|-damage|p2b: Heatran|54\/100\n|-supereffective|p2b: Heatran\n|-crit|p2b: Heatran\n|-damage|p2b: Heatran|19\/100\n|-supereffective|p2b: Heatran\n|-crit|p2b: Heatran\n|-damage|p2b: Heatran|0 fnt\n|faint|p2b: Heatran\n|-hitcount|p2: Heatran|3\n|\n|win|GonzaTH\n|l|\u2606luzonvgc\n","uploadtime":1699763956,"views":13,"p1id":"gonzath","p2id":"luzonvgc","formatid":"gen9vgc2023regulatione","rating":0,"private":0,"password":""}