{"id":"gen9vgc2023regulatione-1998060075","p1":"Ozwald McFly","p2":"yueguiye233","format":"[Gen 9] VGC 2023 Regulation E","log":"|j|\u2606Ozwald McFly\n|j|\u2606yueguiye233\n|t:|1700885167\n|gametype|doubles\n|player|p1|Ozwald McFly|birdkeeper-gen4dp|1374\n|player|p2|yueguiye233|102|1314\n|teamsize|p1|6\n|teamsize|p2|6\n|gen|9\n|tier|[Gen 9] VGC 2023 Regulation E\n|rated|\n|rule|Species Clause: Limit one of each Pok\u00e9mon\n|rule|Item Clause: Limit one of each item\n|clearpoke\n|poke|p1|Noctowl, L50, F|\n|poke|p1|Sandy Shocks, L50|\n|poke|p1|Espeon, L50, F|\n|poke|p1|Indeedee-F, L50, F|\n|poke|p1|Iron Hands, L50|\n|poke|p1|Decidueye-Hisui, L50, M|\n|poke|p2|Kommo-o, L50, F|\n|poke|p2|Armarouge, L50, M|\n|poke|p2|Indeedee-F, L50, F|\n|poke|p2|Urshifu-*, L50, F|\n|poke|p2|Flutter Mane, L50|\n|poke|p2|Torkoal, L50, F|\n|teampreview|4\n|inactive|Battle timer is ON: inactive players will automatically lose when time's up. (requested by yueguiye233)\n|\n|t:|1700885184\n|start\n|switch|p1a: Sandy Shocks|Sandy Shocks, L50|100\/100\n|switch|p1b: Noctowl|Noctowl, L50, F|100\/100\n|switch|p2a: Armarouge|Armarouge, L50, M|100\/100\n|switch|p2b: Urshifu|Urshifu-Rapid-Strike, L50, F|100\/100\n|-enditem|p1a: Sandy Shocks|Booster Energy\n|-activate|p1a: Sandy Shocks|ability: Protosynthesis|[fromitem]\n|-start|p1a: Sandy Shocks|protosynthesisspe\n|turn|1\n|inactive|Ozwald McFly has 30 seconds left.\n|\n|t:|1700885217\n|-terastallize|p2a: Armarouge|Psychic\n|-terastallize|p1b: Noctowl|Dark\n|move|p1a: Sandy Shocks|Gravity|p1a: Sandy Shocks\n|-fieldstart|move: Gravity\n|move|p2b: Urshifu|U-turn|p2a: Armarouge\n|-supereffective|p2a: Armarouge\n|-damage|p2a: Armarouge|59\/100\n|-ability|p2a: Armarouge|Weak Armor|boost\n|-unboost|p2a: Armarouge|def|1\n|-boost|p2a: Armarouge|spe|2\n|-enditem|p2a: Armarouge|Weakness Policy\n|-boost|p2a: Armarouge|atk|2|[from] item: Weakness Policy\n|-boost|p2a: Armarouge|spa|2|[from] item: Weakness Policy\n|\n|t:|1700885231\n|switch|p2b: Indeedee|Indeedee-F, L50, F|100\/100|[from] U-turn\n|-fieldstart|move: Psychic Terrain|[from] ability: Psychic Surge|[of] p2b: Indeedee\n|move|p2a: Armarouge|Expanding Force|p1b: Noctowl|[spread] p1a\n|-immune|p1b: Noctowl\n|-damage|p1a: Sandy Shocks|0 fnt\n|faint|p1a: Sandy Shocks\n|-end|p1a: Sandy Shocks|Protosynthesis|[silent]\n|move|p1b: Noctowl|Hypnosis|p2a: Armarouge\n|-status|p2a: Armarouge|slp|[from] move: Hypnosis\n|\n|upkeep\n|\n|t:|1700885245\n|switch|p1a: Espeon|Espeon, L50, F|100\/100\n|turn|2\n|\n|t:|1700885254\n|cant|p2a: Armarouge|slp\n|move|p1a: Espeon|Shadow Ball|p2a: Armarouge\n|-supereffective|p2a: Armarouge\n|-damage|p2a: Armarouge|0 fnt\n|faint|p2a: Armarouge\n|move|p1b: Noctowl|Hypnosis|p2b: Indeedee\n|-status|p2b: Indeedee|slp|[from] move: Hypnosis\n|cant|p2b: Indeedee|slp\n|\n|upkeep\n|\n|t:|1700885265\n|switch|p2a: Urshifu|Urshifu-Rapid-Strike, L50, F|100\/100\n|turn|3\n|\n|t:|1700885272\n|cant|p2b: Indeedee|slp\n|move|p2a: Urshifu|U-turn|p1a: Espeon\n|-supereffective|p1a: Espeon\n|-damage|p1a: Espeon|19\/100\n|\n|t:|1700885276\n|switch|p2a: Flutter Mane|Flutter Mane, L50|100\/100|[from] U-turn\n|move|p1a: Espeon|Psychic|p2a: Flutter Mane\n|-damage|p2a: Flutter Mane|42\/100\n|move|p1b: Noctowl|Hypnosis|p2a: Flutter Mane\n|-status|p2a: Flutter Mane|slp|[from] move: Hypnosis\n|\n|upkeep\n|turn|4\n|\n|t:|1700885294\n|cant|p2b: Indeedee|slp\n|cant|p2a: Flutter Mane|slp\n|move|p1a: Espeon|Dazzling Gleam|p2b: Indeedee|[spread] p2a,p2b\n|-damage|p2a: Flutter Mane|20\/100 slp\n|-damage|p2b: Indeedee|82\/100 slp\n|move|p1b: Noctowl|Tailwind|p1b: Noctowl\n|-sidestart|p1: Ozwald McFly|move: Tailwind\n|\n|upkeep\n|turn|5\n|\n|t:|1700885313\n|move|p1a: Espeon|Dazzling Gleam|p2a: Flutter Mane|[spread] p2a,p2b\n|-damage|p2a: Flutter Mane|0 fnt\n|-damage|p2b: Indeedee|62\/100 slp\n|faint|p2a: Flutter Mane\n|-end|p2a: Flutter Mane|Protosynthesis|[silent]\n|move|p1b: Noctowl|Hurricane|p2b: Indeedee\n|-damage|p2b: Indeedee|29\/100 slp\n|-curestatus|p2b: Indeedee|slp|[msg]\n|move|p2b: Indeedee|Trick Room|p2b: Indeedee\n|-fieldstart|move: Trick Room|[of] p2b: Indeedee\n|\n|-fieldend|move: Gravity\n|-fieldend|move: Psychic Terrain\n|upkeep\n|\n|t:|1700885323\n|switch|p2a: Urshifu|Urshifu-Rapid-Strike, L50, F|100\/100\n|turn|6\n|\n|t:|1700885333\n|move|p2b: Indeedee|Follow Me|p2b: Indeedee\n|-singleturn|p2b: Indeedee|move: Follow Me\n|move|p1b: Noctowl|Hypnosis|p2b: Indeedee\n|-status|p2b: Indeedee|slp|[from] move: Hypnosis\n|move|p2a: Urshifu|Surging Strikes|p1a: Espeon\n|-crit|p1a: Espeon\n|-damage|p1a: Espeon|0 fnt\n|faint|p1a: Espeon\n|-hitcount|p1: Espeon|1\n|\n|upkeep\n|\n|t:|1700885341\n|switch|p1a: Iron Hands|Iron Hands, L50|100\/100\n|turn|7\n|\n|t:|1700885348\n|cant|p2b: Indeedee|slp\n|move|p1a: Iron Hands|Wild Charge|p2a: Urshifu\n|-supereffective|p2a: Urshifu\n|-damage|p2a: Urshifu|0 fnt\n|faint|p2a: Urshifu\n|-damage|p1a: Iron Hands|81\/100|[from] Recoil\n|move|p1b: Noctowl|Hypnosis|p2b: Indeedee\n|-fail|p2b: Indeedee|slp\n|\n|-sideend|p1: Ozwald McFly|move: Tailwind\n|upkeep\n|turn|8\n|-message|yueguiye233 forfeited.\n|\n|win|Ozwald McFly\n|raw|Ozwald McFly's rating: 1374 &rarr; <strong>1391<\/strong><br \/>(+17 for winning)\n|raw|yueguiye233's rating: 1314 &rarr; <strong>1297<\/strong><br \/>(-17 for losing)\n|l|\u2606yueguiye233\n","uploadtime":1700885360,"views":6,"p1id":"ozwaldmcfly","p2id":"yueguiye233","formatid":"gen9vgc2023regulatione","rating":1297,"private":0,"password":""}