{"id":"gen9vgc2023regulatione-1994362653","p1":"DarkFlame2013","p2":"probablysupernova","format":"[Gen 9] VGC 2023 Regulation E","log":"|j|\u2606DarkFlame2013\n|j|\u2606probablysupernova\n|t:|1700435320\n|gametype|doubles\n|player|p1|DarkFlame2013|cynthia|\n|player|p2|probablysupernova|2|\n|teamsize|p1|4\n|teamsize|p2|6\n|gen|9\n|tier|[Gen 9] VGC 2023 Regulation E\n|rule|Species Clause: Limit one of each Pok\u00e9mon\n|rule|Item Clause: Limit one of each item\n|clearpoke\n|poke|p1|Lechonk, L50, M|\n|poke|p1|Magikarp, L50, F|\n|poke|p1|Oinkologne, L50, M|\n|poke|p1|Clefable, L50, F|\n|poke|p2|Dondozo, L50, M|\n|poke|p2|Tatsugiri, L50, M|\n|poke|p2|Annihilape, L50, F|\n|poke|p2|Arcanine-Hisui, L50, F|\n|poke|p2|Chien-Pao, L50|\n|poke|p2|Camerupt, L50, F|\n|teampreview|4\n|inactive|Battle timer is ON: inactive players will automatically lose when time's up. (requested by DarkFlame2013)\n|\n|t:|1700435326\n|start\n|switch|p1a: Lechonk|Lechonk, L50, M, shiny|100\/100\n|switch|p1b: Magikarp|Magikarp, L50, F|100\/100\n|switch|p2a: Dondozo|Dondozo, L50, M|100\/100\n|switch|p2b: Tatsugiri|Tatsugiri, L50, M|100\/100\n|-activate|p2b: Tatsugiri|ability: Commander|[of] p2a: Dondozo\n|-boost|p2a: Dondozo|atk|2\n|-boost|p2a: Dondozo|spa|2\n|-boost|p2a: Dondozo|spe|2\n|-boost|p2a: Dondozo|def|2\n|-boost|p2a: Dondozo|spd|2\n|turn|1\n|\n|t:|1700435333\n|move|p1b: Magikarp|Splash|p1b: Magikarp\n|-nothing\n|move|p2a: Dondozo|Order Up|p1a: Lechonk\n|-enditem|p1a: Lechonk|Focus Sash\n|-damage|p1a: Lechonk|1\/100\n|-boost|p2a: Dondozo|atk|1\n|move|p1a: Lechonk|Endeavor|p2a: Dondozo\n|-damage|p2a: Dondozo|1\/100\n|-enditem|p2a: Dondozo|Sitrus Berry|[eat]\n|-heal|p2a: Dondozo|26\/100|[from] item: Sitrus Berry\n|\n|upkeep\n|turn|2\n|\n|t:|1700435348\n|move|p1b: Magikarp|Splash|p1b: Magikarp\n|-nothing\n|move|p2a: Dondozo|Rest|p2a: Dondozo\n|-status|p2a: Dondozo|slp|[from] move: Rest\n|-heal|p2a: Dondozo|100\/100 slp|[silent]\n|move|p1a: Lechonk|Endeavor|p2a: Dondozo\n|-damage|p2a: Dondozo|1\/100 slp\n|\n|upkeep\n|turn|3\n|\n|t:|1700435363\n|move|p1b: Magikarp|Splash|p1b: Magikarp\n|-nothing\n|cant|p2a: Dondozo|slp\n|move|p1a: Lechonk|Body Slam|p2a: Dondozo\n|-damage|p2a: Dondozo|0 fnt\n|faint|p2a: Dondozo\n|\n|upkeep\n|\n|t:|1700435369\n|switch|p2a: Arcanine|Arcanine-Hisui, L50, F|100\/100\n|-ability|p2a: Arcanine|Intimidate|boost\n|-unboost|p1a: Lechonk|atk|1\n|-unboost|p1b: Magikarp|atk|1\n|turn|4\n|\n|t:|1700435377\n|move|p1a: Lechonk|Protect|p1a: Lechonk\n|-singleturn|p1a: Lechonk|Protect\n|move|p2b: Tatsugiri|Muddy Water|p1b: Magikarp|[spread] p1b\n|-activate|p1a: Lechonk|move: Protect\n|-resisted|p1b: Magikarp\n|-damage|p1b: Magikarp|13\/100\n|-unboost|p1b: Magikarp|accuracy|1\n|move|p2a: Arcanine|Agility|p2a: Arcanine\n|-boost|p2a: Arcanine|spe|2\n|move|p1b: Magikarp|Splash|p1b: Magikarp\n|-nothing\n|\n|upkeep\n|turn|5\n|\n|t:|1700435398\n|move|p2a: Arcanine|Agility|p2a: Arcanine\n|-boost|p2a: Arcanine|spe|2\n|move|p2b: Tatsugiri|Hydro Pump|p2a: Arcanine|[miss]\n|-miss|p2b: Tatsugiri|p2a: Arcanine\n|move|p1b: Magikarp|Splash|p1b: Magikarp\n|-nothing\n|move|p1a: Lechonk|Endeavor|p2a: Arcanine\n|-damage|p2a: Arcanine|1\/100\n|-enditem|p2a: Arcanine|Salac Berry|[eat]\n|-boost|p2a: Arcanine|spe|1|[from] item: Salac Berry\n|\n|upkeep\n|turn|6\n|c|\u2606probablysupernova|NO I MISCLICKED\n|\n|t:|1700435419\n|switch|p1b: Oinkologne|Oinkologne, L50, M, shiny|100\/100\n|move|p1a: Lechonk|Protect|p1a: Lechonk\n|-singleturn|p1a: Lechonk|Protect\n|move|p2a: Arcanine|Agility|p2a: Arcanine\n|-boost|p2a: Arcanine|spe|1\n|move|p2b: Tatsugiri|Dragon Pulse|p2a: Arcanine\n|-damage|p2a: Arcanine|0 fnt\n|faint|p2a: Arcanine\n|\n|upkeep\n|c|\u2606probablysupernova|WhAT I DIDNT traget that\n|\n|t:|1700435432\n|switch|p2a: Camerupt|Camerupt, L50, F|100\/100\n|turn|7\n|\n|t:|1700435454\n|move|p2b: Tatsugiri|Hydro Pump|p2a: Camerupt\n|-supereffective|p2a: Camerupt\n|-damage|p2a: Camerupt|0 fnt\n|faint|p2a: Camerupt\n|move|p1b: Oinkologne|Double-Edge|p2b: Tatsugiri\n|-damage|p2b: Tatsugiri|2\/100\n|-damage|p1b: Oinkologne|75\/100|[from] Recoil\n|move|p1a: Lechonk|Zen Headbutt|p2b: Tatsugiri\n|-damage|p2b: Tatsugiri|0 fnt\n|faint|p2b: Tatsugiri\n|\n|win|DarkFlame2013\n|c|\u2606probablysupernova|WTF YOURE HACKE\n|l|\u2606probablysupernova\n","uploadtime":1700435475,"views":4,"p1id":"darkflame2013","p2id":"probablysupernova","formatid":"gen9vgc2023regulatione","rating":0,"private":0,"password":""}