{"id":"gen9vgc2023regulatione-1989368038","p1":"AntonioLFC","p2":"WhereisFr","format":"[Gen 9] VGC 2023 Regulation E","log":"|j|\u2606AntonioLFC\n|j|\u2606WhereisFr\n|t:|1699841536\n|gametype|doubles\n|player|p1|AntonioLFC|266|1043\n|player|p2|WhereisFr|scientist-gen4|1030\n|teamsize|p1|6\n|teamsize|p2|6\n|gen|9\n|tier|[Gen 9] VGC 2023 Regulation E\n|rated|\n|rule|Species Clause: Limit one of each Pok\u00e9mon\n|rule|Item Clause: Limit one of each item\n|clearpoke\n|poke|p1|Scizor, L50, F|\n|poke|p1|Urshifu-*, L50, M|\n|poke|p1|Tornadus, L50, M|\n|poke|p1|Flutter Mane, L50|\n|poke|p1|Garchomp, L50, M|\n|poke|p1|Ogerpon-Hearthflame, L50, F|\n|poke|p2|Medicham, L50, F|\n|poke|p2|Slaking, L50, F|\n|poke|p2|Cresselia, L50, F|\n|poke|p2|Ursaluna, L50, F|\n|poke|p2|Iron Hands, L50|\n|poke|p2|Flutter Mane, L50|\n|teampreview|4\n|inactive|Battle timer is ON: inactive players will automatically lose when time's up. (requested by WhereisFr)\n|inactive|AntonioLFC has 60 seconds left.\n|inactive|AntonioLFC has 30 seconds left.\n|inactive|AntonioLFC has 20 seconds left.\n|inactive|AntonioLFC has 15 seconds left.\n|inactive|AntonioLFC has 10 seconds left.\n|inactive|AntonioLFC has 5 seconds left.\n|\n|t:|1699841627\n|start\n|switch|p1a: Flutter Mane|Flutter Mane, L50|100\/100\n|switch|p1b: Tornadus|Tornadus, L50, M|100\/100\n|switch|p2a: Medicham|Medicham, L50, F|100\/100\n|switch|p2b: Slaking|Slaking, L50, F|100\/100\n|-enditem|p1a: Flutter Mane|Booster Energy\n|-activate|p1a: Flutter Mane|ability: Protosynthesis|[fromitem]\n|-start|p1a: Flutter Mane|protosynthesisspe\n|turn|1\n|inactive|AntonioLFC has 30 seconds left.\n|\n|t:|1699841660\n|move|p2b: Slaking|Protect|p2b: Slaking\n|-singleturn|p2b: Slaking|Protect\n|move|p1b: Tornadus|Taunt|p2b: Slaking\n|-activate|p2b: Slaking|move: Protect\n|move|p1a: Flutter Mane|Dazzling Gleam|p2a: Medicham|[spread] p2a\n|-activate|p2b: Slaking|move: Protect\n|-supereffective|p2a: Medicham\n|-damage|p2a: Medicham|17\/100\n|move|p2a: Medicham|Trick Room|p2a: Medicham\n|-fieldstart|move: Trick Room|[of] p2a: Medicham\n|\n|upkeep\n|turn|2\n|inactive|AntonioLFC has 30 seconds left.\n|\n|t:|1699841694\n|move|p2a: Medicham|Skill Swap|p2b: Slaking\n|-activate|p2a: Medicham|move: Skill Swap|||[of] p2b: Slaking\n|move|p2b: Slaking|Shadow Claw|p1a: Flutter Mane\n|-supereffective|p1a: Flutter Mane\n|-damage|p1a: Flutter Mane|0 fnt\n|faint|p1a: Flutter Mane\n|-end|p1a: Flutter Mane|Protosynthesis|[silent]\n|-damage|p2b: Slaking|91\/100|[from] item: Life Orb\n|move|p1b: Tornadus|Bleakwind Storm|p2b: Slaking|[spread] p2b\n|-miss|p1b: Tornadus|p2a: Medicham\n|-damage|p2b: Slaking|53\/100\n|\n|upkeep\n|\n|t:|1699841711\n|switch|p1a: Scizor|Scizor, L50, F|100\/100\n|turn|3\n|\n|t:|1699841733\n|-terastallize|p2b: Slaking|Ground\n|move|p1a: Scizor|Bullet Punch|p2b: Slaking\n|-damage|p2b: Slaking|20\/100\n|cant|p2a: Medicham|ability: Truant\n|move|p2b: Slaking|Earthquake|p1b: Tornadus|[spread] p2a,p1a\n|-immune|p1b: Tornadus\n|-damage|p2a: Medicham|0 fnt\n|-damage|p1a: Scizor|0 fnt\n|faint|p2a: Medicham\n|faint|p1a: Scizor\n|-damage|p2b: Slaking|10\/100|[from] item: Life Orb\n|move|p1b: Tornadus|Bleakwind Storm|p2b: Slaking\n|-damage|p2b: Slaking|0 fnt\n|faint|p2b: Slaking\n|\n|upkeep\n|\n|t:|1699841750\n|switch|p1a: Urshifu|Urshifu-Rapid-Strike, L50, M|100\/100\n|switch|p2a: Cresselia|Cresselia, L50, F|100\/100\n|switch|p2b: Ursaluna|Ursaluna, L50, F|100\/100\n|turn|4\n|inactive|AntonioLFC has 30 seconds left.\n|inactive|AntonioLFC has 20 seconds left.\n|inactive|AntonioLFC has 15 seconds left.\n|\n|t:|1699841790\n|move|p2a: Cresselia|Helping Hand|p2b: Ursaluna\n|-singleturn|p2b: Ursaluna|Helping Hand|[of] p2a: Cresselia\n|move|p1a: Urshifu|Detect|p1a: Urshifu\n|-singleturn|p1a: Urshifu|Protect\n|move|p1b: Tornadus|Taunt|p2a: Cresselia\n|-start|p2a: Cresselia|move: Taunt\n|move|p2b: Ursaluna|Rock Slide|p1b: Tornadus|[spread] p1b\n|-activate|p1a: Urshifu|move: Protect\n|-supereffective|p1b: Tornadus\n|-damage|p1b: Tornadus|13\/100\n|\n|-status|p2b: Ursaluna|brn|[from] item: Flame Orb\n|upkeep\n|turn|5\n|inactive|AntonioLFC has 30 seconds left.\n|inactive|AntonioLFC has 20 seconds left.\n|inactive|AntonioLFC has 15 seconds left.\n|inactive|AntonioLFC has 10 seconds left.\n|\n|t:|1699841837\n|-terastallize|p1a: Urshifu|Water\n|move|p2b: Ursaluna|Rock Slide|p1b: Tornadus|[spread] p1a,p1b\n|-supereffective|p1b: Tornadus\n|-damage|p1a: Urshifu|65\/100\n|-damage|p1b: Tornadus|0 fnt\n|faint|p1b: Tornadus\n|move|p2a: Cresselia|Moonblast|p1a: Urshifu\n|-damage|p1a: Urshifu|38\/100\n|move|p1a: Urshifu|Surging Strikes|p2b: Ursaluna\n|-supereffective|p2b: Ursaluna\n|-crit|p2b: Ursaluna\n|-damage|p2b: Ursaluna|63\/100 brn\n|-supereffective|p2b: Ursaluna\n|-crit|p2b: Ursaluna\n|-damage|p2b: Ursaluna|25\/100 brn\n|-supereffective|p2b: Ursaluna\n|-crit|p2b: Ursaluna\n|-damage|p2b: Ursaluna|0 fnt\n|faint|p2b: Ursaluna\n|-hitcount|p2: Ursaluna|3\n|\n|-fieldend|move: Trick Room\n|upkeep\n|turn|6\n|\n|t:|1699841858\n|move|p1a: Urshifu|Surging Strikes|p2a: Cresselia\n|-crit|p2a: Cresselia\n|-damage|p2a: Cresselia|85\/100\n|-crit|p2a: Cresselia\n|-damage|p2a: Cresselia|70\/100\n|-crit|p2a: Cresselia\n|-damage|p2a: Cresselia|55\/100\n|-hitcount|p2a: Cresselia|3\n|move|p2a: Cresselia|Moonblast|p1a: Urshifu\n|-damage|p1a: Urshifu|8\/100\n|\n|upkeep\n|turn|7\n|\n|t:|1699841869\n|move|p1a: Urshifu|U-turn|p2a: Cresselia\n|-supereffective|p2a: Cresselia\n|-damage|p2a: Cresselia|27\/100\n|move|p2a: Cresselia|Moonblast|p1a: Urshifu\n|-damage|p1a: Urshifu|0 fnt\n|faint|p1a: Urshifu\n|\n|win|WhereisFr\n|raw|AntonioLFC's rating: 1043 &rarr; <strong>1026<\/strong><br \/>(-17 for losing)\n|raw|WhereisFr's rating: 1030 &rarr; <strong>1067<\/strong><br \/>(+37 for winning)\n","uploadtime":1699841874,"views":21,"p1id":"antoniolfc","p2id":"whereisfr","formatid":"gen9vgc2023regulatione","rating":1026,"private":0,"password":""}