{"id":"gen9vgc2023regulatione-1989781758","p1":"testitos","p2":"bobforte22","format":"[Gen 9] VGC 2023 Regulation E","log":"|j|\u2606testitos\n|j|\u2606bobforte22\n|n|\u2606testitos|testitos\n|n|\u2606bobforte22|bobforte22\n|html|View the match progress at <a href=\"\/game-bestof3-gen9vgc2023regulatione-1989781757\">game-bestof3-gen9vgc2023regulatione-1989781757<\/a>\n|t:|1699895251\n|gametype|doubles\n|player|p1|testitos|fisherman-gen4|\n|player|p2|bobforte22|pilot|\n|teamsize|p1|6\n|teamsize|p2|6\n|gen|9\n|tier|[Gen 9] VGC 2023 Regulation E\n|rated|Tournament battle\n|rule|Species Clause: Limit one of each Pok\u00e9mon\n|rule|Item Clause: Limit one of each item\n|clearpoke\n|poke|p1|Tornadus, L50, M|\n|poke|p1|Landorus-Therian, L50, M|\n|poke|p1|Flutter Mane, L50|\n|poke|p1|Ogerpon-Hearthflame, L50, F|\n|poke|p1|Rillaboom, L50, F|\n|poke|p1|Chien-Pao, L50|\n|poke|p2|Chi-Yu, L50|\n|poke|p2|Jolteon, L50, M|\n|poke|p2|Iron Hands, L50|\n|poke|p2|Iron Bundle, L50|\n|poke|p2|Arcanine, L50, M|\n|poke|p2|Iron Jugulis, L50|\n|teampreview|4\n|showteam|p1|Tornadus||CovertCloak|Prankster|Tailwind,BleakwindStorm,Taunt,Protect|||M|||50|,,,,,Ghost]Landorus-Therian||ChoiceScarf|Intimidate|StompingTantrum,RockSlide,Uturn,TeraBlast|||M|||50|,,,,,Flying]Flutter Mane||ChoiceSpecs|Protosynthesis|Moonblast,ShadowBall,DazzlingGleam,IcyWind||||||50|,,,,,Fairy]Ogerpon-Hearthflame||HearthflameMask|MoldBreaker|FollowMe,IvyCudgel,GrassyGlide,SpikyShield|||F|||50|,,,,,Fire]Rillaboom||AssaultVest|GrassySurge|FakeOut,GrassyGlide,WoodHammer,Uturn|||F|||50|,,,,,Fire]Chien-Pao||FocusSash|SwordofRuin|IcicleCrash,SuckerPunch,SacredSword,Protect||||||50|,,,,,Ghost\n|showteam|p2|Chi-Yu||ChoiceSpecs|BeadsofRuin|DarkPulse,HeatWave,Flamethrower,TeraBlast||||||50|,,,,,Ghost]Jolteon||LifeOrb|VoltAbsorb|FakeTears,Protect,LightScreen,Thunderbolt|||M|||50|,,,,,Grass]Iron Hands||AssaultVest|QuarkDrive|FakeOut,TeraBlast,DrainPunch,WildCharge||||||50|,,,,,Fire]Iron Bundle||CovertCloak|QuarkDrive|FreezeDry,HydroPump,Protect,Encore||||||50|,,,,,Fairy]Arcanine||RockyHelmet|Intimidate|FlareBlitz,WillOWisp,Protect,Roar|||M|||50|,,,,,Water]Iron Jugulis||ChoiceScarf|QuarkDrive|HydroPump,DarkPulse,AirSlash,EarthPower||||||50|,,,,,Water\n|c|\u2606bobforte22|Glhf\n|c|\u2606testitos|glhf\n|l|\u2606bobforte22\n|player|p2|\n|j|\u2606bobforte22\n|player|p2|bobforte22|pilot\n|inactive|Battle timer is ON: inactive players will automatically lose when time's up. (requested by bobforte22)\n|\n|t:|1699895301\n|start\n|switch|p1a: Rillaboom|Rillaboom, L50, F|100\/100\n|switch|p1b: Flutter Mane|Flutter Mane, L50|100\/100\n|switch|p2a: Iron Hands|Iron Hands, L50|100\/100\n|switch|p2b: Iron Bundle|Iron Bundle, L50|100\/100\n|-fieldstart|move: Grassy Terrain|[from] ability: Grassy Surge|[of] p1a: Rillaboom\n|turn|1\n|l|\u2606bobforte22\n|inactive|bobforte22 disconnected and has a minute to reconnect!\n|player|p2|\n|j|\u2606bobforte22\n|inactive|bobforte22 reconnected and has 35 seconds left.\n|player|p2|bobforte22|pilot\n|inactive|testitos has 30 seconds left.\n|inactive|bobforte22 has 30 seconds left.\n|inactive|bobforte22 has 20 seconds left.\n|inactive|testitos has 20 seconds left.\n|\n|t:|1699895344\n|-end|p1b: Flutter Mane|Protosynthesis|[silent]\n|switch|p1b: Landorus|Landorus-Therian, L50, M|100\/100\n|-ability|p1b: Landorus|Intimidate|boost\n|-unboost|p2a: Iron Hands|atk|1\n|-unboost|p2b: Iron Bundle|atk|1\n|-terastallize|p2a: Iron Hands|Fire\n|move|p1a: Rillaboom|Grassy Glide|p2b: Iron Bundle\n|-supereffective|p2b: Iron Bundle\n|-damage|p2b: Iron Bundle|40\/100\n|move|p2b: Iron Bundle|Freeze-Dry|p1a: Rillaboom\n|-supereffective|p1a: Rillaboom\n|-damage|p1a: Rillaboom|57\/100\n|-status|p1a: Rillaboom|frz\n|move|p2a: Iron Hands|Tera Blast|p1b: Landorus|[anim] Tera Blast Fire\n|-damage|p1b: Landorus|69\/100\n|\n|-heal|p2b: Iron Bundle|45\/100|[from] Grassy Terrain\n|-heal|p1a: Rillaboom|63\/100 frz|[from] Grassy Terrain\n|upkeep\n|turn|2\n|inactive|testitos has 30 seconds left.\n|inactive|bobforte22 has 30 seconds left.\n|\n|t:|1699895369\n|-curestatus|p1a: Rillaboom|frz|[msg]\n|move|p1a: Rillaboom|Grassy Glide|p2b: Iron Bundle\n|-supereffective|p2b: Iron Bundle\n|-damage|p2b: Iron Bundle|0 fnt\n|faint|p2b: Iron Bundle\n|-end|p2b: Iron Bundle|Quark Drive|[silent]\n|move|p1b: Landorus|Stomping Tantrum|p2a: Iron Hands\n|-supereffective|p2a: Iron Hands\n|-damage|p2a: Iron Hands|44\/100\n|move|p2a: Iron Hands|Tera Blast|p1a: Rillaboom|[anim] Tera Blast Fire\n|-supereffective|p1a: Rillaboom\n|-damage|p1a: Rillaboom|5\/100\n|\n|-heal|p1a: Rillaboom|11\/100|[from] Grassy Terrain\n|-heal|p2a: Iron Hands|50\/100|[from] Grassy Terrain\n|upkeep\n|\n|t:|1699895376\n|switch|p2b: Arcanine|Arcanine, L50, M, shiny|100\/100\n|-ability|p2b: Arcanine|Intimidate|boost\n|-unboost|p1a: Rillaboom|atk|1\n|-unboost|p1b: Landorus|atk|1\n|turn|3\n|inactive|testitos has 30 seconds left.\n|inactive|testitos has 20 seconds left.\n|\n|t:|1699895413\n|-end|p2a: Iron Hands|Quark Drive|[silent]\n|switch|p2a: Iron Jugulis|Iron Jugulis, L50|100\/100\n|move|p1a: Rillaboom|Grassy Glide|p2b: Arcanine\n|-resisted|p2b: Arcanine\n|-damage|p2b: Arcanine|89\/100\n|-damage|p1a: Rillaboom|0 fnt|[from] item: Rocky Helmet|[of] p2b: Arcanine\n|faint|p1a: Rillaboom\n|move|p1b: Landorus|Stomping Tantrum|p2b: Arcanine\n|-supereffective|p2b: Arcanine\n|-damage|p2b: Arcanine|38\/100\n|-damage|p1b: Landorus|52\/100|[from] item: Rocky Helmet|[of] p2b: Arcanine\n|move|p2b: Arcanine|Flare Blitz|p1b: Landorus\n|-damage|p1b: Landorus|0 fnt\n|faint|p1b: Landorus\n|-damage|p2b: Arcanine|21\/100|[from] Recoil\n|\n|-heal|p2b: Arcanine|27\/100|[from] Grassy Terrain\n|upkeep\n|\n|t:|1699895424\n|switch|p1b: Chien-Pao|Chien-Pao, L50|100\/100\n|switch|p1a: Flutter Mane|Flutter Mane, L50|100\/100\n|-ability|p1b: Chien-Pao|Sword of Ruin\n|turn|4\n|\n|t:|1699895449\n|move|p1b: Chien-Pao|Protect|p1b: Chien-Pao\n|-singleturn|p1b: Chien-Pao|Protect\n|move|p2a: Iron Jugulis|Dark Pulse|p1a: Flutter Mane\n|-damage|p1a: Flutter Mane|64\/100\n|move|p1a: Flutter Mane|Moonblast|p2a: Iron Jugulis\n|-supereffective|p2a: Iron Jugulis\n|-damage|p2a: Iron Jugulis|0 fnt\n|faint|p2a: Iron Jugulis\n|-end|p2a: Iron Jugulis|Quark Drive|[silent]\n|move|p2b: Arcanine|Flare Blitz|p1a: Flutter Mane\n|-damage|p1a: Flutter Mane|0 fnt\n|faint|p1a: Flutter Mane\n|-end|p1a: Flutter Mane|Protosynthesis|[silent]\n|-damage|p2b: Arcanine|9\/100|[from] Recoil\n|\n|-heal|p2b: Arcanine|15\/100|[from] Grassy Terrain\n|upkeep\n|j| MinamiSimp\n|\n|t:|1699895461\n|switch|p2a: Iron Hands|Iron Hands, L50, tera:Fire|50\/100\n|turn|5\n|c|\u2606testitos|gg\n|c|\u2606testitos|wp\n|\n|t:|1699895471\n|move|p1b: Chien-Pao|Sucker Punch||[still]\n|-fail|p1b: Chien-Pao\n|move|p2b: Arcanine|Will-O-Wisp|p1b: Chien-Pao\n|-status|p1b: Chien-Pao|brn\n|move|p2a: Iron Hands|Drain Punch|p1b: Chien-Pao\n|-supereffective|p1b: Chien-Pao\n|-enditem|p1b: Chien-Pao|Focus Sash\n|-damage|p1b: Chien-Pao|1\/100 brn\n|-heal|p2a: Iron Hands|82\/100|[from] drain|[of] p1b: Chien-Pao\n|\n|-heal|p1b: Chien-Pao|7\/100 brn|[from] Grassy Terrain\n|-heal|p2b: Arcanine|21\/100|[from] Grassy Terrain\n|-heal|p2a: Iron Hands|88\/100|[from] Grassy Terrain\n|-damage|p1b: Chien-Pao|1\/100 brn|[from] brn\n|-fieldend|move: Grassy Terrain\n|upkeep\n|turn|6\n|c|\u2606bobforte22|Gg\n|\n|t:|1699895490\n|move|p2b: Arcanine|Protect|p2b: Arcanine\n|-singleturn|p2b: Arcanine|Protect\n|move|p1b: Chien-Pao|Sucker Punch|p2a: Iron Hands\n|-damage|p2a: Iron Hands|69\/100\n|move|p2a: Iron Hands|Drain Punch|p1b: Chien-Pao\n|-supereffective|p1b: Chien-Pao\n|-damage|p1b: Chien-Pao|0 fnt\n|-heal|p2a: Iron Hands|70\/100|[from] drain|[of] p1b: Chien-Pao\n|faint|p1b: Chien-Pao\n|\n|win|bobforte22\n|c|&|\/uhtml prompt-testitos,testitos is ready for game 2!\n|c|&|\/uhtml prompt-testitos,testitos is ready for game 2!\n|inactive|bobforte22 has 50 seconds to confirm battle start!\n","uploadtime":1699895503,"views":8,"p1id":"testitos","p2id":"bobforte22","formatid":"gen9vgc2023regulatione","rating":0,"private":0,"password":""}