{"id":"gen9vgc2023regulatione-1996333072","p1":"Topetinho20","p2":"Heyo16","format":"[Gen 9] VGC 2023 Regulation E","log":"|j|\u2606Topetinho20\n|j|\u2606Heyo16\n|t:|1700672053\n|gametype|doubles\n|player|p1|Topetinho20|barry|1057\n|player|p2|Heyo16|2|1036\n|teamsize|p1|6\n|teamsize|p2|6\n|gen|9\n|tier|[Gen 9] VGC 2023 Regulation E\n|rated|\n|rule|Species Clause: Limit one of each Pok\u00e9mon\n|rule|Item Clause: Limit one of each item\n|clearpoke\n|poke|p1|Volcarona, L50, M|\n|poke|p1|Oricorio-Pom-Pom, L50, M|\n|poke|p1|Scizor, L50, F|\n|poke|p1|Quaquaval, L50, F|\n|poke|p1|Baxcalibur, L50, M|\n|poke|p1|Krookodile, L50, M|\n|poke|p2|Bombirdier, L50, M|\n|poke|p2|Ninetales-Alola, L50, M|\n|poke|p2|Cetitan, L50, M|\n|poke|p2|Flutter Mane, L50|\n|poke|p2|Urshifu-*, L50, M|\n|poke|p2|Cresselia, L50, F|\n|teampreview|4\n|inactive|Battle timer is ON: inactive players will automatically lose when time's up. (requested by Topetinho20)\n|\n|t:|1700672070\n|start\n|switch|p1a: Volcarona|Volcarona, L50, M, shiny|100\/100\n|switch|p1b: Oricorio|Oricorio-Pom-Pom, L50, M, shiny|100\/100\n|switch|p2a: Bombirdier|Bombirdier, L50, M|100\/100\n|switch|p2b: Ninetales|Ninetales-Alola, L50, M|100\/100\n|-weather|Snow|[from] ability: Snow Warning|[of] p2b: Ninetales\n|turn|1\n|inactive|Topetinho20 has 30 seconds left.\n|\n|t:|1700672098\n|-terastallize|p2a: Bombirdier|Rock\n|move|p2b: Ninetales|Aurora Veil|p2b: Ninetales\n|-sidestart|p2: Heyo16|move: Aurora Veil\n|move|p1a: Volcarona|Fiery Dance|p2b: Ninetales\n|-supereffective|p2b: Ninetales\n|-damage|p2b: Ninetales|22\/100\n|-boost|p1a: Volcarona|spa|1\n|-activate|p1b: Oricorio|ability: Dancer\n|move|p1b: Oricorio|Fiery Dance|p2b: Ninetales|[from]ability: Dancer\n|-supereffective|p2b: Ninetales\n|-damage|p2b: Ninetales|0 fnt\n|faint|p2b: Ninetales\n|move|p1b: Oricorio|Tailwind|p1b: Oricorio\n|-sidestart|p1: Topetinho20|move: Tailwind\n|move|p2a: Bombirdier|Rock Blast|p1a: Volcarona\n|-supereffective|p1a: Volcarona\n|-damage|p1a: Volcarona|0 fnt\n|faint|p1a: Volcarona\n|-hitcount|p1: Volcarona|1\n|\n|-weather|Snow|[upkeep]\n|upkeep\n|inactive|Topetinho20 has 30 seconds left.\n|\n|t:|1700672125\n|switch|p2b: Urshifu|Urshifu-Rapid-Strike, L50, M|100\/100\n|switch|p1a: Krookodile|Krookodile, L50, M|100\/100\n|-ability|p1a: Krookodile|Intimidate|boost\n|-unboost|p2a: Bombirdier|atk|1\n|-unboost|p2b: Urshifu|atk|1\n|turn|2\n|\n|t:|1700672141\n|-terastallize|p1b: Oricorio|Steel\n|move|p1a: Krookodile|Protect|p1a: Krookodile\n|-singleturn|p1a: Krookodile|Protect\n|move|p1b: Oricorio|Air Slash|p2b: Urshifu\n|-supereffective|p2b: Urshifu\n|-damage|p2b: Urshifu|40\/100\n|move|p2b: Urshifu|Close Combat|p1a: Krookodile\n|-supereffective|p1a: Krookodile\n|-crit|p1a: Krookodile\n|-damage|p1a: Krookodile|0 fnt\n|-unboost|p2b: Urshifu|def|1\n|-unboost|p2b: Urshifu|spd|1\n|faint|p1a: Krookodile\n|move|p2a: Bombirdier|Knock Off|p1b: Oricorio\n|-damage|p1b: Oricorio|54\/100\n|-enditem|p1b: Oricorio|Weakness Policy|[from] move: Knock Off|[of] p2a: Bombirdier\n|\n|-weather|Snow|[upkeep]\n|upkeep\n|\n|t:|1700672159\n|switch|p1a: Scizor|Scizor, L50, F|100\/100\n|turn|3\n|\n|t:|1700672173\n|move|p1a: Scizor|Bullet Punch|p2a: Bombirdier\n|-supereffective|p2a: Bombirdier\n|-damage|p2a: Bombirdier|40\/100\n|move|p1b: Oricorio|Revelation Dance|p2b: Urshifu\n|-resisted|p2b: Urshifu\n|-damage|p2b: Urshifu|10\/100\n|move|p2b: Urshifu|Close Combat|p1a: Scizor\n|-damage|p1a: Scizor|34\/100\n|-unboost|p2b: Urshifu|def|1\n|-unboost|p2b: Urshifu|spd|1\n|move|p2a: Bombirdier|Rock Blast|p1a: Scizor\n|-damage|p1a: Scizor|20\/100\n|-damage|p1a: Scizor|8\/100\n|-damage|p1a: Scizor|0 fnt\n|faint|p1a: Scizor\n|-hitcount|p1: Scizor|3\n|\n|-weather|Snow|[upkeep]\n|upkeep\n|turn|4\n|inactive|Topetinho20 has 30 seconds left.\n|\n|t:|1700672200\n|move|p1b: Oricorio|Revelation Dance|p2b: Urshifu\n|-resisted|p2b: Urshifu\n|-damage|p2b: Urshifu|0 fnt\n|faint|p2b: Urshifu\n|move|p2a: Bombirdier|Rock Blast|p1b: Oricorio\n|-resisted|p1b: Oricorio\n|-damage|p1b: Oricorio|46\/100\n|-resisted|p1b: Oricorio\n|-damage|p1b: Oricorio|38\/100\n|-resisted|p1b: Oricorio\n|-damage|p1b: Oricorio|29\/100\n|-resisted|p1b: Oricorio\n|-damage|p1b: Oricorio|19\/100\n|-hitcount|p1b: Oricorio|4\n|\n|-weather|Snow|[upkeep]\n|-sideend|p1: Topetinho20|move: Tailwind\n|upkeep\n|\n|t:|1700672207\n|switch|p2b: Cetitan|Cetitan, L50, M|100\/100\n|turn|5\n|\n|t:|1700672221\n|move|p2b: Cetitan|High Horsepower|p1b: Oricorio\n|-supereffective|p1b: Oricorio\n|-damage|p1b: Oricorio|0 fnt\n|faint|p1b: Oricorio\n|\n|win|Heyo16\n|raw|Topetinho20's rating: 1057 &rarr; <strong>1037<\/strong><br \/>(-20 for losing)\n|raw|Heyo16's rating: 1036 &rarr; <strong>1073<\/strong><br \/>(+37 for winning)\n","uploadtime":1700672231,"views":0,"p1id":"topetinho20","p2id":"heyo16","formatid":"gen9vgc2023regulatione","rating":1037,"private":0,"password":""}