{"id":"gen9vgc2023regulatione-1993695590","p1":"Topolatore","p2":"Steve9998","format":"[Gen 9] VGC 2023 Regulation E","log":"|j|\u2606Topolatore\n|j|\u2606Steve9998\n|t:|1700346527\n|gametype|doubles\n|player|p1|Topolatore|cyclistf|1099\n|player|p2|Steve9998|266|1062\n|teamsize|p1|6\n|teamsize|p2|6\n|gen|9\n|tier|[Gen 9] VGC 2023 Regulation E\n|rated|\n|rule|Species Clause: Limit one of each Pok\u00e9mon\n|rule|Item Clause: Limit one of each item\n|clearpoke\n|poke|p1|Chien-Pao, L50|\n|poke|p1|Dragonite, L50, F|\n|poke|p1|Chi-Yu, L50|\n|poke|p1|Flutter Mane, L50|\n|poke|p1|Farigiraf, L50, M|\n|poke|p1|Ursaluna-Bloodmoon, L50, M|\n|poke|p2|Urshifu-*, L50, F|\n|poke|p2|Iron Hands, L50|\n|poke|p2|Chien-Pao, L50|\n|poke|p2|Tornadus, L50, M|\n|poke|p2|Gholdengo, L50|\n|poke|p2|Arcanine-Hisui, L50, F|\n|teampreview|4\n|inactive|Battle timer is ON: inactive players will automatically lose when time's up. (requested by Topolatore)\n|\n|t:|1700346569\n|start\n|switch|p1a: Chien-Pao|Chien-Pao, L50|100\/100\n|switch|p1b: Dragonite|Dragonite, L50, F|100\/100\n|switch|p2a: Iron Hands|Iron Hands, L50, shiny|100\/100\n|switch|p2b: Gholdengo|Gholdengo, L50|100\/100\n|-ability|p1a: Chien-Pao|Sword of Ruin\n|turn|1\n|inactive|Topolatore has 30 seconds left.\n|inactive|Steve9998 has 30 seconds left.\n|inactive|Topolatore has 20 seconds left.\n|inactive|Steve9998 has 20 seconds left.\n|inactive|Topolatore has 15 seconds left.\n|inactive|Steve9998 has 15 seconds left.\n|\n|t:|1700346614\n|move|p1a: Chien-Pao|Protect|p1a: Chien-Pao\n|-singleturn|p1a: Chien-Pao|Protect\n|move|p2a: Iron Hands|Fake Out|p1a: Chien-Pao\n|-activate|p1a: Chien-Pao|move: Protect\n|move|p2b: Gholdengo|Nasty Plot|p2b: Gholdengo\n|-boost|p2b: Gholdengo|spa|2\n|move|p1b: Dragonite|Stomping Tantrum|p2a: Iron Hands\n|-supereffective|p2a: Iron Hands\n|-crit|p2a: Iron Hands\n|-damage|p2a: Iron Hands|0 fnt\n|faint|p2a: Iron Hands\n|-end|p2a: Iron Hands|Quark Drive|[silent]\n|\n|upkeep\n|\n|t:|1700346627\n|switch|p2a: Arcanine|Arcanine-Hisui, L50, F, shiny|100\/100\n|-ability|p2a: Arcanine|Intimidate|boost\n|-unboost|p1a: Chien-Pao|atk|1\n|-fail|p1b: Dragonite|unboost|Attack|[from] ability: Inner Focus|[of] p1b: Dragonite\n|turn|2\n|inactive|Topolatore has 30 seconds left.\n|\n|t:|1700346653\n|-terastallize|p2a: Arcanine|Fairy\n|move|p1a: Chien-Pao|Sucker Punch|p2b: Gholdengo\n|-supereffective|p2b: Gholdengo\n|-damage|p2b: Gholdengo|36\/100\n|move|p2a: Arcanine|Tera Blast|p1b: Dragonite|[anim] Tera Blast Fairy\n|-supereffective|p1b: Dragonite\n|-damage|p1b: Dragonite|0 fnt\n|faint|p1b: Dragonite\n|move|p2b: Gholdengo|Make It Rain|p1a: Chien-Pao\n|-supereffective|p1a: Chien-Pao\n|-enditem|p1a: Chien-Pao|Focus Sash\n|-damage|p1a: Chien-Pao|1\/100\n|-unboost|p2b: Gholdengo|spa|1\n|-damage|p2b: Gholdengo|26\/100|[from] item: Life Orb\n|\n|upkeep\n|\n|t:|1700346668\n|switch|p1b: Farigiraf|Farigiraf, L50, M|100\/100\n|turn|3\n|\n|t:|1700346683\n|move|p1a: Chien-Pao|Protect|p1a: Chien-Pao\n|-singleturn|p1a: Chien-Pao|Protect\n|move|p2b: Gholdengo|Protect|p2b: Gholdengo\n|-singleturn|p2b: Gholdengo|Protect\n|move|p2a: Arcanine|Tera Blast|p1b: Farigiraf|[anim] Tera Blast Fairy\n|-damage|p1b: Farigiraf|19\/100\n|move|p1b: Farigiraf|Trick Room|p1b: Farigiraf\n|-fieldstart|move: Trick Room|[of] p1b: Farigiraf\n|\n|upkeep\n|turn|4\n|inactive|Topolatore has 30 seconds left.\n|\n|t:|1700346713\n|move|p1a: Chien-Pao|Sucker Punch|p2b: Gholdengo\n|-supereffective|p2b: Gholdengo\n|-crit|p2b: Gholdengo\n|-damage|p2b: Gholdengo|0 fnt\n|faint|p2b: Gholdengo\n|move|p1b: Farigiraf|Psychic|p2a: Arcanine\n|-damage|p2a: Arcanine|48\/100\n|move|p2a: Arcanine|Tera Blast|p1b: Farigiraf|[anim] Tera Blast Fairy\n|-damage|p1b: Farigiraf|0 fnt\n|faint|p1b: Farigiraf\n|\n|upkeep\n|\n|t:|1700346722\n|switch|p1b: Ursaluna|Ursaluna-Bloodmoon, L50, M|100\/100\n|switch|p2b: Chien-Pao|Chien-Pao, L50|100\/100\n|-ability|p2b: Chien-Pao|Sword of Ruin\n|turn|5\n|inactive|Steve9998 has 30 seconds left.\n|\n|t:|1700346748\n|-terastallize|p1b: Ursaluna|Normal\n|move|p1a: Chien-Pao|Sucker Punch|p2b: Chien-Pao\n|-resisted|p2b: Chien-Pao\n|-damage|p2b: Chien-Pao|84\/100\n|move|p1b: Ursaluna|Hyper Voice|p2b: Chien-Pao|[spread] p2a,p2b\n|-damage|p2a: Arcanine|0 fnt\n|-damage|p2b: Chien-Pao|0 fnt\n|faint|p2a: Arcanine\n|faint|p2b: Chien-Pao\n|-enditem|p1b: Ursaluna|Throat Spray\n|\n|win|Topolatore\n|raw|Topolatore's rating: 1099 &rarr; <strong>1121<\/strong><br \/>(+22 for winning)\n|raw|Steve9998's rating: 1062 &rarr; <strong>1045<\/strong><br \/>(-17 for losing)\n","uploadtime":1700346758,"views":8,"p1id":"topolatore","p2id":"steve9998","formatid":"gen9vgc2023regulatione","rating":1045,"private":0,"password":""}