{"id":"gen9vgc2023regulatione-1999131186","p1":"Todrom","p2":"Azula Hotstuf","format":"[Gen 9] VGC 2023 Regulation E","log":"|j|\u2606Todrom\n|j|\u2606Azula Hotstuf\n|t:|1701036504\n|gametype|doubles\n|player|p1|Todrom|170|1040\n|player|p2|Azula Hotstuf|emma|1000\n|teamsize|p1|6\n|teamsize|p2|6\n|gen|9\n|tier|[Gen 9] VGC 2023 Regulation E\n|rated|\n|rule|Species Clause: Limit one of each Pok\u00e9mon\n|rule|Item Clause: Limit one of each item\n|clearpoke\n|poke|p1|Tornadus, L50, M|\n|poke|p1|Samurott-Hisui, L50, F|\n|poke|p1|Toedscruel, L50, M|\n|poke|p1|Mesprit, L50|\n|poke|p1|Enamorus, L50, F|\n|poke|p1|Passimian, L50, F|\n|poke|p2|Ninetales, L50, F|\n|poke|p2|Flutter Mane, L50|\n|poke|p2|Sandy Shocks, L50|\n|poke|p2|Landorus-Therian, L50, M|\n|poke|p2|Empoleon, L50, M|\n|poke|p2|Tornadus, L50, M|\n|teampreview|4\n|\n|t:|1701036529\n|start\n|switch|p1a: Passimian|Passimian, L50, F, shiny|100\/100\n|switch|p1b: Enamorus|Enamorus, L50, F|100\/100\n|switch|p2a: Ninetales|Ninetales, L50, F|100\/100\n|switch|p2b: Sandy Shocks|Sandy Shocks, L50|100\/100\n|-weather|SunnyDay|[from] ability: Drought|[of] p2a: Ninetales\n|-activate|p2b: Sandy Shocks|ability: Protosynthesis\n|-start|p2b: Sandy Shocks|protosynthesisspe\n|turn|1\n|\n|t:|1701036544\n|move|p1a: Passimian|Protect|p1a: Passimian\n|-singleturn|p1a: Passimian|Protect\n|move|p2b: Sandy Shocks|Thunderbolt|p1b: Enamorus\n|-supereffective|p1b: Enamorus\n|-damage|p1b: Enamorus|0 fnt\n|faint|p1b: Enamorus\n|-ability|p1a: Passimian|Contrary|[from] ability: Receiver|[of] p1b: Enamorus\n|-damage|p2b: Sandy Shocks|91\/100|[from] item: Life Orb\n|move|p2a: Ninetales|Heat Wave|p1a: Passimian\n|-activate|p1a: Passimian|move: Protect\n|\n|-weather|SunnyDay|[upkeep]\n|upkeep\n|inactive|Battle timer is ON: inactive players will automatically lose when time's up. (requested by Azula Hotstuf)\n|\n|t:|1701036562\n|switch|p1b: Toedscruel|Toedscruel, L50, M, shiny|100\/100\n|turn|2\n|\n|t:|1701036578\n|move|p2b: Sandy Shocks|Gravity|p2b: Sandy Shocks\n|-fieldstart|move: Gravity\n|move|p2a: Ninetales|Hypnosis|p1b: Toedscruel\n|-status|p1b: Toedscruel|slp|[from] move: Hypnosis\n|move|p1a: Passimian|Close Combat|p2b: Sandy Shocks\n|-damage|p2b: Sandy Shocks|29\/100\n|-boost|p1a: Passimian|def|1\n|-boost|p1a: Passimian|spd|1\n|cant|p1b: Toedscruel|slp\n|\n|-weather|SunnyDay|[upkeep]\n|upkeep\n|turn|3\n|\n|t:|1701036595\n|-terastallize|p1a: Passimian|Fire\n|move|p2b: Sandy Shocks|Thunderbolt|p1a: Passimian\n|-damage|p1a: Passimian|62\/100\n|-damage|p2b: Sandy Shocks|20\/100|[from] item: Life Orb\n|move|p2a: Ninetales|Hypnosis|p1a: Passimian\n|-status|p1a: Passimian|slp|[from] move: Hypnosis\n|cant|p1a: Passimian|slp\n|cant|p1b: Toedscruel|slp\n|\n|-weather|SunnyDay|[upkeep]\n|-heal|p1a: Passimian|68\/100 slp|[from] item: Leftovers\n|upkeep\n|turn|4\n|\n|t:|1701036616\n|cant|p1b: Toedscruel|slp\n|move|p2b: Sandy Shocks|Earth Power|p1a: Passimian\n|-supereffective|p1a: Passimian\n|-damage|p1a: Passimian|0 fnt\n|faint|p1a: Passimian\n|-damage|p2b: Sandy Shocks|10\/100|[from] item: Life Orb\n|move|p2a: Ninetales|Heat Wave|p1b: Toedscruel\n|-supereffective|p1b: Toedscruel\n|-damage|p1b: Toedscruel|13\/100 slp\n|\n|-weather|SunnyDay|[upkeep]\n|upkeep\n|\n|t:|1701036627\n|switch|p1a: Tornadus|Tornadus, L50, M|100\/100\n|turn|5\n|\n|t:|1701036637\n|-curestatus|p1b: Toedscruel|slp|[msg]\n|move|p1b: Toedscruel|Rage Powder|p1b: Toedscruel\n|-singleturn|p1b: Toedscruel|move: Rage Powder\n|move|p1a: Tornadus|Tailwind|p1a: Tornadus\n|-sidestart|p1: Todrom|move: Tailwind\n|move|p2b: Sandy Shocks|Thunderbolt|p1b: Toedscruel\n|-immune|p1b: Toedscruel\n|move|p2a: Ninetales|Heat Wave|p1b: Toedscruel|[spread] p1a,p1b\n|-supereffective|p1b: Toedscruel\n|-damage|p1a: Tornadus|40\/100\n|-damage|p1b: Toedscruel|0 fnt\n|faint|p1b: Toedscruel\n|\n|-weather|SunnyDay|[upkeep]\n|upkeep\n|turn|6\n|\n|t:|1701036650\n|move|p1a: Tornadus|Bleakwind Storm|p2a: Ninetales|[spread] p2a,p2b\n|-crit|p2a: Ninetales\n|-resisted|p2b: Sandy Shocks\n|-damage|p2a: Ninetales|38\/100\n|-damage|p2b: Sandy Shocks|0 fnt\n|faint|p2b: Sandy Shocks\n|-end|p2b: Sandy Shocks|Protosynthesis|[silent]\n|move|p2a: Ninetales|Hypnosis|p1a: Tornadus\n|-status|p1a: Tornadus|slp|[from] move: Hypnosis\n|\n|-weather|SunnyDay|[upkeep]\n|-fieldend|move: Gravity\n|upkeep\n|\n|t:|1701036653\n|switch|p2b: Flutter Mane|Flutter Mane, L50|100\/100\n|-activate|p2b: Flutter Mane|ability: Protosynthesis\n|-start|p2b: Flutter Mane|protosynthesisspa\n|turn|7\n|\n|t:|1701036663\n|cant|p1a: Tornadus|slp\n|move|p2b: Flutter Mane|Moonblast|p1a: Tornadus\n|-damage|p1a: Tornadus|0 fnt\n|faint|p1a: Tornadus\n|\n|win|Azula Hotstuf\n|raw|Todrom's rating: 1040 &rarr; <strong>1022<\/strong><br \/>(-18 for losing)\n|raw|Azula Hotstuf's rating: 1000 &rarr; <strong>1045<\/strong><br \/>(+45 for winning)\n|n|\u2606Azula Hotstuf|azulahotstuf\n|c|\u2606Azula Hotstuf|gg!\n","uploadtime":1701036670,"views":2,"p1id":"todrom","p2id":"azulahotstuf","formatid":"gen9vgc2023regulatione","rating":1022,"private":0,"password":""}