{"id":"gen9vgc2023regulatione-1993524721","p1":"tt11823","p2":"Jiak","format":"[Gen 9] VGC 2023 Regulation E","log":"|j|\u2606tt11823\n|j|\u2606Jiak\n|t:|1700327945\n|gametype|doubles\n|player|p1|tt11823|waiter-gen9|1309\n|player|p2|Jiak|blue|1291\n|teamsize|p1|6\n|teamsize|p2|6\n|gen|9\n|tier|[Gen 9] VGC 2023 Regulation E\n|rated|\n|rule|Species Clause: Limit one of each Pok\u00e9mon\n|rule|Item Clause: Limit one of each item\n|clearpoke\n|poke|p1|Heatran, L50, F|\n|poke|p1|Iron Hands, L50|\n|poke|p1|Sinistcha, L50|\n|poke|p1|Goodra-Hisui, L50, M|\n|poke|p1|Urshifu-*, L50, M|\n|poke|p1|Tornadus, L50, M|\n|poke|p2|Thundurus-Therian, L50, M|\n|poke|p2|Murkrow, L50, F|\n|poke|p2|Kingambit, L50, M|\n|poke|p2|Cresselia, L50, F|\n|poke|p2|Landorus-Therian, L50, M|\n|poke|p2|Urshifu-*, L50, F|\n|teampreview|4\n|\n|t:|1700328008\n|start\n|switch|p1a: Tornadus|Tornadus, L50, M|100\/100\n|switch|p1b: Goodra|Goodra-Hisui, L50, M|100\/100\n|switch|p2a: Landorus|Landorus-Therian, L50, M|100\/100\n|switch|p2b: Murkrow|Murkrow, L50, F|100\/100\n|-ability|p2a: Landorus|Intimidate|boost\n|-unboost|p1a: Tornadus|atk|1\n|-unboost|p1b: Goodra|atk|1\n|turn|1\n|\n|t:|1700328026\n|move|p2b: Murkrow|Tailwind|p2b: Murkrow\n|-sidestart|p2: Jiak|move: Tailwind\n|move|p2a: Landorus|Earthquake|p1a: Tornadus|[spread] p1b\n|-immune|p2b: Murkrow\n|-immune|p1a: Tornadus\n|-supereffective|p1b: Goodra\n|-damage|p1b: Goodra|43\/100\n|move|p1a: Tornadus|Icy Wind|p2a: Landorus|[spread] p2a,p2b\n|-supereffective|p2a: Landorus\n|-supereffective|p2b: Murkrow\n|-damage|p2a: Landorus|30\/100\n|-damage|p2b: Murkrow|74\/100\n|-unboost|p2a: Landorus|spe|1\n|-unboost|p2b: Murkrow|spe|1\n|move|p1b: Goodra|Shelter|p1b: Goodra\n|-boost|p1b: Goodra|def|2\n|\n|upkeep\n|turn|2\n|\n|t:|1700328061\n|switch|p2b: Thundurus|Thundurus-Therian, L50, M|100\/100\n|move|p2a: Landorus|Earthquake|p1a: Tornadus|[spread] p1b\n|-immune|p2b: Thundurus\n|-immune|p1a: Tornadus\n|-supereffective|p1b: Goodra\n|-damage|p1b: Goodra|16\/100\n|move|p1a: Tornadus|Bleakwind Storm|p2a: Landorus|[spread] p2a,p2b\n|-crit|p2a: Landorus\n|-resisted|p2b: Thundurus\n|-damage|p2a: Landorus|0 fnt\n|-damage|p2b: Thundurus|79\/100\n|faint|p2a: Landorus\n|move|p1b: Goodra|Life Dew||[still]|[spread] p1a,p1b\n|-fail|p1a: Tornadus|heal\n|-heal|p1b: Goodra|41\/100\n|\n|upkeep\n|\n|t:|1700328079\n|switch|p2a: Kingambit|Kingambit, L50, M, shiny|100\/100\n|turn|3\n|\n|t:|1700328094\n|move|p1a: Tornadus|Protect|p1a: Tornadus\n|-singleturn|p1a: Tornadus|Protect\n|move|p2b: Thundurus|Wildbolt Storm|p1b: Goodra|[spread] p1b\n|-activate|p1a: Tornadus|move: Protect\n|-resisted|p1b: Goodra\n|-damage|p1b: Goodra|27\/100\n|move|p2a: Kingambit|Kowtow Cleave|p1b: Goodra\n|-damage|p1b: Goodra|9\/100\n|-damage|p2a: Kingambit|84\/100|[from] item: Rocky Helmet|[of] p1b: Goodra\n|move|p1b: Goodra|Life Dew||[still]|[spread] p1a,p1b\n|-fail|p1a: Tornadus|heal\n|-heal|p1b: Goodra|34\/100\n|\n|upkeep\n|turn|4\n|\n|t:|1700328111\n|switch|p1a: Heatran|Heatran, L50, F|100\/100\n|move|p2b: Thundurus|Wildbolt Storm|p1b: Goodra|[spread] p1a,p1b\n|-resisted|p1b: Goodra\n|-damage|p1a: Heatran|64\/100\n|-damage|p1b: Goodra|20\/100\n|move|p2a: Kingambit|Kowtow Cleave|p1b: Goodra\n|-damage|p1b: Goodra|4\/100\n|-damage|p2a: Kingambit|67\/100|[from] item: Rocky Helmet|[of] p1b: Goodra\n|move|p1b: Goodra|Body Press|p2a: Kingambit\n|-supereffective|p2a: Kingambit\n|-damage|p2a: Kingambit|0 fnt\n|faint|p2a: Kingambit\n|\n|-heal|p1a: Heatran|70\/100|[from] item: Leftovers\n|-sideend|p2: Jiak|move: Tailwind\n|upkeep\n|\n|t:|1700328126\n|switch|p2a: Murkrow|Murkrow, L50, F|74\/100\n|turn|5\n|\n|t:|1700328134\n|move|p2a: Murkrow|Rain Dance|p2a: Murkrow\n|-weather|RainDance\n|move|p2b: Thundurus|Wildbolt Storm|p1a: Heatran|[spread] p1a,p1b\n|-resisted|p1b: Goodra\n|-damage|p1a: Heatran|35\/100\n|-damage|p1b: Goodra|0 fnt\n|faint|p1b: Goodra\n|move|p1a: Heatran|Heat Wave|p2b: Thundurus|[spread] p2a,p2b\n|-damage|p2a: Murkrow|50\/100\n|-damage|p2b: Thundurus|48\/100\n|\n|-weather|RainDance|[upkeep]\n|-heal|p1a: Heatran|41\/100|[from] item: Leftovers\n|upkeep\n|\n|t:|1700328145\n|switch|p1b: Tornadus|Tornadus, L50, M|100\/100\n|turn|6\n|\n|t:|1700328164\n|move|p1b: Tornadus|Protect|p1b: Tornadus\n|-singleturn|p1b: Tornadus|Protect\n|move|p2a: Murkrow|Tailwind|p2a: Murkrow\n|-sidestart|p2: Jiak|move: Tailwind\n|move|p2b: Thundurus|Wildbolt Storm|p1b: Tornadus|[spread] p1a\n|-activate|p1b: Tornadus|move: Protect\n|-damage|p1a: Heatran|8\/100\n|move|p1a: Heatran|Heat Wave|p2b: Thundurus|[spread] p2a,p2b\n|-damage|p2a: Murkrow|25\/100\n|-damage|p2b: Thundurus|20\/100\n|-status|p2a: Murkrow|brn\n|\n|-weather|RainDance|[upkeep]\n|-heal|p1a: Heatran|14\/100|[from] item: Leftovers\n|-damage|p2a: Murkrow|19\/100 brn|[from] brn\n|upkeep\n|turn|7\n|\n|t:|1700328180\n|-terastallize|p1b: Tornadus|Ghost\n|move|p1a: Heatran|Protect|p1a: Heatran\n|-singleturn|p1a: Heatran|Protect\n|move|p2b: Thundurus|Wildbolt Storm|p1b: Tornadus|[spread] p1b\n|-activate|p1a: Heatran|move: Protect\n|-damage|p1b: Tornadus|42\/100\n|move|p2a: Murkrow|Brave Bird|p1b: Tornadus\n|-damage|p1b: Tornadus|21\/100\n|-damage|p2a: Murkrow|12\/100 brn|[from] Recoil\n|move|p1b: Tornadus|Icy Wind|p2a: Murkrow|[spread] p2a,p2b\n|-supereffective|p2a: Murkrow\n|-supereffective|p2b: Thundurus\n|-damage|p2a: Murkrow|0 fnt\n|-damage|p2b: Thundurus|0 fnt\n|faint|p2a: Murkrow\n|faint|p2b: Thundurus\n|\n|win|tt11823\n|raw|tt11823's rating: 1309 &rarr; <strong>1328<\/strong><br \/>(+19 for winning)\n|raw|Jiak's rating: 1291 &rarr; <strong>1267<\/strong><br \/>(-24 for losing)\n|l|\u2606Jiak\n","uploadtime":1700328196,"views":7,"p1id":"tt11823","p2id":"jiak","formatid":"gen9vgc2023regulatione","rating":1267,"private":0,"password":""}