{"id":"gen9vgc2023regulatione-1993257727","p1":"KingRDGO","p2":"TheTalenAndersen","format":"[Gen 9] VGC 2023 Regulation E","log":"|j|\u2606KingRDGO\n|j|\u2606TheTalenAndersen\n|t:|1700285445\n|gametype|doubles\n|player|p1|KingRDGO|steven|1051\n|player|p2|TheTalenAndersen|acetrainer-gen4dp|1000\n|teamsize|p1|6\n|teamsize|p2|6\n|gen|9\n|tier|[Gen 9] VGC 2023 Regulation E\n|rated|\n|rule|Species Clause: Limit one of each Pok\u00e9mon\n|rule|Item Clause: Limit one of each item\n|clearpoke\n|poke|p1|Roaring Moon, L50|\n|poke|p1|Politoed, L50, M|\n|poke|p1|Landorus-Therian, L50, M|\n|poke|p1|Basculegion, L50, M|\n|poke|p1|Sylveon, L50, F|\n|poke|p1|Electrode-Hisui, L50|\n|poke|p2|Rillaboom, L50, F|\n|poke|p2|Cresselia, L50, F|\n|poke|p2|Zapdos-Galar, L50|\n|poke|p2|Gallade, L50, M|\n|poke|p2|Vaporeon, L50, F|\n|poke|p2|Arcanine-Hisui, L50, M|\n|teampreview|4\nKingRDGO has agreed to open team sheets.\n|\n|t:|1700285469\n|start\n|switch|p1a: Ballin|Electrode-Hisui, L50|100\/100\n|switch|p1b: Lilypad|Politoed, L50, M, shiny|100\/100\n|switch|p2a: HM01|Gallade, L50, M, shiny|100\/100\n|switch|p2b: Meep Meep|Zapdos-Galar, L50, shiny|100\/100\n|-weather|RainDance|[from] ability: Drizzle|[of] p1b: Lilypad\n|turn|1\n|\n|t:|1700285484\n|move|p2a: HM01|Wide Guard|p2a: HM01\n|-singleturn|p2a: HM01|Wide Guard\n|move|p1a: Ballin|Thunder Wave|p2b: Meep Meep\n|-status|p2b: Meep Meep|par\n|move|p1b: Lilypad|Chilling Water|p2a: HM01\n|-damage|p2a: HM01|71\/100\n|-unboost|p2a: HM01|atk|1\n|move|p2b: Meep Meep|Tailwind|p2b: Meep Meep\n|-sidestart|p2: TheTalenAndersen|move: Tailwind\n|\n|-weather|RainDance|[upkeep]\n|upkeep\n|turn|2\n|\n|t:|1700285531\n|switch|p2a: Fleetwood|Rillaboom, L50, F|100\/100\n|-fieldstart|move: Grassy Terrain|[from] ability: Grassy Surge|[of] p2a: Fleetwood\n|-enditem|p2b: Meep Meep|Grassy Seed\n|-boost|p2b: Meep Meep|def|1|[from] item: Grassy Seed\n|move|p1a: Ballin|Thunder|p2b: Meep Meep\n|-supereffective|p2b: Meep Meep\n|-damage|p2b: Meep Meep|0 fnt\n|faint|p2b: Meep Meep\n|-damage|p1a: Ballin|91\/100|[from] item: Life Orb\n|move|p1b: Lilypad|Chilling Water|p2a: Fleetwood\n|-resisted|p2a: Fleetwood\n|-damage|p2a: Fleetwood|92\/100\n|-unboost|p2a: Fleetwood|atk|1\n|\n|-weather|RainDance|[upkeep]\n|-heal|p2a: Fleetwood|98\/100|[from] Grassy Terrain\n|-heal|p1a: Ballin|97\/100|[from] Grassy Terrain\n|upkeep\n|\n|t:|1700285552\n|switch|p2b: HM01|Gallade, L50, M, shiny|71\/100\n|turn|3\n|\n|t:|1700285575\n|switch|p1b: Garfield|Landorus-Therian, L50, M|100\/100\n|-ability|p1b: Garfield|Intimidate|boost\n|-unboost|p2a: Fleetwood|atk|1\n|-unboost|p2b: HM01|atk|1\n|move|p2a: Fleetwood|Grassy Glide|p1b: Garfield\n|-damage|p1b: Garfield|80\/100\n|move|p2b: HM01|Sacred Sword|p1a: Ballin\n|-damage|p1a: Ballin|39\/100\n|-status|p2b: HM01|par|[from] ability: Static|[of] p1a: Ballin\n|move|p1a: Ballin|Thunder Wave|p2b: HM01\n|-fail|p2b: HM01|par\n|\n|-weather|RainDance|[upkeep]\n|-heal|p2a: Fleetwood|100\/100|[from] Grassy Terrain\n|-heal|p1a: Ballin|44\/100|[from] Grassy Terrain\n|-heal|p2b: HM01|77\/100 par|[from] Grassy Terrain\n|upkeep\n|turn|4\n|\n|t:|1700285612\n|-terastallize|p1b: Garfield|Flying\n|move|p2a: Fleetwood|High Horsepower|p1a: Ballin|[miss]\n|-miss|p2a: Fleetwood|p1a: Ballin\n|move|p1a: Ballin|Giga Drain|p2b: HM01\n|-damage|p2b: HM01|31\/100 par\n|-heal|p1a: Ballin|68\/100|[from] drain|[of] p2b: HM01\n|-damage|p1a: Ballin|59\/100|[from] item: Life Orb\n|cant|p2b: HM01|par\n|move|p1b: Garfield|Tera Blast|p2a: Fleetwood|[anim] Tera Blast Flying\n|-supereffective|p2a: Fleetwood\n|-damage|p2a: Fleetwood|0 fnt\n|faint|p2a: Fleetwood\n|\n|-weather|RainDance|[upkeep]\n|-heal|p1a: Ballin|65\/100|[from] Grassy Terrain\n|-heal|p2b: HM01|36\/100 par|[from] Grassy Terrain\n|-sideend|p2: TheTalenAndersen|move: Tailwind\n|upkeep\n|\n|t:|1700285629\n|switch|p2a: Legend|Arcanine-Hisui, L50, M|100\/100\n|-ability|p2a: Legend|Intimidate|boost\n|-unboost|p1a: Ballin|atk|1\n|-unboost|p1b: Garfield|atk|1\n|turn|5\n|\n|t:|1700285659\n|switch|p1b: Lilypad|Politoed, L50, M, shiny|100\/100\n|-terastallize|p2a: Legend|Fairy\n|move|p2b: HM01|Wide Guard|p2b: HM01\n|-singleturn|p2b: HM01|Wide Guard\n|move|p1a: Ballin|Thunder Wave|p2a: Legend\n|-status|p2a: Legend|par\n|cant|p2a: Legend|par\n|\n|-weather|none\n|-heal|p1a: Ballin|70\/100|[from] Grassy Terrain\n|-heal|p2b: HM01|42\/100 par|[from] Grassy Terrain\n|upkeep\n|turn|6\n|\n|t:|1700285688\n|switch|p1b: Garfield|Landorus-Therian, L50, M, tera:Flying|80\/100\n|-ability|p1b: Garfield|Intimidate|boost\n|-unboost|p2a: Legend|atk|1\n|-unboost|p2b: HM01|atk|1\n|move|p1a: Ballin|Giga Drain|p2b: HM01\n|-damage|p2b: HM01|0 fnt\n|-heal|p1a: Ballin|92\/100|[from] drain|[of] p2b: HM01\n|faint|p2b: HM01\n|-damage|p1a: Ballin|83\/100|[from] item: Life Orb\n|cant|p2a: Legend|par\n|\n|-heal|p1a: Ballin|88\/100|[from] Grassy Terrain\n|-fieldend|move: Grassy Terrain\n|upkeep\n|turn|7\n|\n|t:|1700285707\n|switch|p1b: Lilypad|Politoed, L50, M, shiny|100\/100\n|-weather|RainDance|[from] ability: Drizzle|[of] p1b: Lilypad\n|move|p1a: Ballin|Thunder|p2a: Legend\n|-damage|p2a: Legend|43\/100 par\n|-damage|p1a: Ballin|79\/100|[from] item: Life Orb\n|move|p2a: Legend|Rock Slide|p1b: Lilypad|[spread] p1a,p1b\n|-damage|p1a: Ballin|46\/100\n|-damage|p1b: Lilypad|73\/100\n|\n|-weather|RainDance|[upkeep]\n|upkeep\n|turn|8\n|\n|t:|1700285721\n|move|p1b: Lilypad|Helping Hand|p1a: Ballin\n|-singleturn|p1a: Ballin|Helping Hand|[of] p1b: Lilypad\n|move|p1a: Ballin|Thunder|p2a: Legend\n|-damage|p2a: Legend|0 fnt\n|faint|p2a: Legend\n|-damage|p1a: Ballin|36\/100|[from] item: Life Orb\n|\n|win|KingRDGO\n|raw|KingRDGO's rating: 1051 &rarr; <strong>1079<\/strong><br \/>(+28 for winning)\n|raw|TheTalenAndersen's rating: 1000 &rarr; <strong>1000<\/strong><br \/>(+0 for losing)\n|c|\u2606KingRDGO|gg\n|c|\u2606TheTalenAndersen|gg\n","uploadtime":1700285735,"views":17,"p1id":"kingrdgo","p2id":"thetalenandersen","formatid":"gen9vgc2023regulatione","rating":1000,"private":0,"password":""}