{"id":"gen9vgc2023regulatione-1991157160","p1":"Lionex","p2":"Onile","format":"[Gen 9] VGC 2023 Regulation E","log":"|j|\u2606Lionex\n|j|\u2606Onile\n|t:|1700051400\n|gametype|doubles\n|player|p1|Lionex|1|1238\n|player|p2|Onile|169|1183\n|teamsize|p1|6\n|teamsize|p2|6\n|gen|9\n|tier|[Gen 9] VGC 2023 Regulation E\n|rated|\n|rule|Species Clause: Limit one of each Pok\u00e9mon\n|rule|Item Clause: Limit one of each item\n|clearpoke\n|poke|p1|Empoleon, L50, M|\n|poke|p1|Wyrdeer, L50, M|\n|poke|p1|Iron Hands, L50|\n|poke|p1|Trevenant, L50, F|\n|poke|p1|Gastrodon, L50, F|\n|poke|p1|Tornadus, L50, M|\n|poke|p2|Ursaluna-Bloodmoon, L50, M|\n|poke|p2|Iron Hands, L50|\n|poke|p2|Dusclops, L50, M|\n|poke|p2|Grimmsnarl, L50, M|\n|poke|p2|Flutter Mane, L50|\n|poke|p2|Amoonguss, L50, F|\n|teampreview|4\n|inactive|Battle timer is ON: inactive players will automatically lose when time's up. (requested by Onile)\nOnile has agreed to open team sheets.\n|inactive|Lionex has 60 seconds left.\n|\n|t:|1700051451\n|start\n|switch|p1a: Tornadus|Tornadus, L50, M|100\/100\n|switch|p1b: Iron Hands|Iron Hands, L50|100\/100\n|switch|p2a: Dusclops|Dusclops, L50, M|100\/100\n|switch|p2b: Grimmsnarl|Grimmsnarl, L50, M|100\/100\n|-item|p1a: Tornadus|Sharp Beak|[from] ability: Frisk|[of] p2a: Dusclops|[identify]\n|-item|p1b: Iron Hands|Assault Vest|[from] ability: Frisk|[of] p2a: Dusclops|[identify]\n|turn|1\n|\n|t:|1700051460\n|move|p1b: Iron Hands|Fake Out|p2b: Grimmsnarl\n|-damage|p2b: Grimmsnarl|83\/100\n|move|p1a: Tornadus|Taunt|p2a: Dusclops\n|-start|p2a: Dusclops|move: Taunt\n|cant|p2b: Grimmsnarl|flinch\n|cant|p2a: Dusclops|move: Taunt|Trick Room\n|\n|upkeep\n|turn|2\n|\n|t:|1700051481\n|switch|p2a: Iron Hands|Iron Hands, L50|100\/100\n|move|p1a: Tornadus|Nasty Plot|p1a: Tornadus\n|-boost|p1a: Tornadus|spa|2\n|move|p2b: Grimmsnarl|Light Screen|p2b: Grimmsnarl\n|-sidestart|p2: Onile|move: Light Screen\n|move|p1b: Iron Hands|Heavy Slam|p2b: Grimmsnarl\n|-supereffective|p2b: Grimmsnarl\n|-damage|p2b: Grimmsnarl|0 fnt\n|faint|p2b: Grimmsnarl\n|\n|upkeep\n|\n|t:|1700051491\n|switch|p2b: Dusclops|Dusclops, L50, M|100\/100\n|-item|p1a: Tornadus|Sharp Beak|[from] ability: Frisk|[of] p2b: Dusclops|[identify]\n|-item|p1b: Iron Hands|Assault Vest|[from] ability: Frisk|[of] p2b: Dusclops|[identify]\n|turn|3\n|inactive|Lionex has 30 seconds left.\n|\n|t:|1700051522\n|switch|p1a: Empoleon|Empoleon, L50, M|100\/100\n|move|p2a: Iron Hands|Fake Out|p1a: Empoleon\n|-resisted|p1a: Empoleon\n|-damage|p1a: Empoleon|93\/100\n|move|p1b: Iron Hands|Volt Switch|p1a: Empoleon\n|-supereffective|p1a: Empoleon\n|-damage|p1a: Empoleon|71\/100\n|-enditem|p1a: Empoleon|Weakness Policy\n|-boost|p1a: Empoleon|atk|2|[from] item: Weakness Policy\n|-boost|p1a: Empoleon|spa|2|[from] item: Weakness Policy\n|\n|t:|1700051531\n|-end|p1b: Iron Hands|Quark Drive|[silent]\n|switch|p1b: Sluggo Mode|Gastrodon, L50, F|100\/100|[from] Volt Switch\n|move|p2b: Dusclops|Trick Room|p2b: Dusclops\n|-fieldstart|move: Trick Room|[of] p2b: Dusclops\n|\n|upkeep\n|turn|4\n|\n|t:|1700051555\n|-terastallize|p1a: Empoleon|Electric\n|move|p2b: Dusclops|Night Shade|p1b: Sluggo Mode\n|-damage|p1b: Sluggo Mode|78\/100\n|move|p1b: Sluggo Mode|Earth Power|p2a: Iron Hands\n|-supereffective|p2a: Iron Hands\n|-damage|p2a: Iron Hands|56\/100\n|move|p1a: Empoleon|Surf|p2a: Iron Hands|[spread] p2a,p2b\n|-ability|p1b: Sluggo Mode|Storm Drain|boost\n|-boost|p1b: Sluggo Mode|spa|1\n|-damage|p2a: Iron Hands|34\/100\n|-damage|p2b: Dusclops|79\/100\n|move|p2a: Iron Hands|Wild Charge|p1a: Empoleon\n|-resisted|p1a: Empoleon\n|-damage|p1a: Empoleon|44\/100\n|-damage|p2a: Iron Hands|29\/100|[from] Recoil\n|\n|upkeep\n|turn|5\n|\n|t:|1700051577\n|move|p2b: Dusclops|Night Shade|p1b: Sluggo Mode\n|-damage|p1b: Sluggo Mode|55\/100\n|move|p1b: Sluggo Mode|Earth Power|p2a: Iron Hands\n|-supereffective|p2a: Iron Hands\n|-damage|p2a: Iron Hands|0 fnt\n|faint|p2a: Iron Hands\n|-end|p2a: Iron Hands|Quark Drive|[silent]\n|move|p1a: Empoleon|Surf|p2b: Dusclops|[spread] p2b\n|-ability|p1b: Sluggo Mode|Storm Drain|boost\n|-boost|p1b: Sluggo Mode|spa|1\n|-damage|p2b: Dusclops|58\/100\n|\n|upkeep\n|\n|t:|1700051582\n|switch|p2a: Ursaluna|Ursaluna-Bloodmoon, L50, M|100\/100\n|turn|6\n|\n|t:|1700051589\n|-terastallize|p2a: Ursaluna|Normal\n|move|p2b: Dusclops|Night Shade|p1b: Sluggo Mode\n|-damage|p1b: Sluggo Mode|32\/100\n|move|p1b: Sluggo Mode|Earth Power|p2a: Ursaluna\n|-damage|p2a: Ursaluna|20\/100\n|move|p1a: Empoleon|Surf|p2b: Dusclops|[spread] p2a,p2b\n|-ability|p1b: Sluggo Mode|Storm Drain|boost\n|-boost|p1b: Sluggo Mode|spa|1\n|-damage|p2a: Ursaluna|0 fnt\n|-damage|p2b: Dusclops|37\/100\n|faint|p2a: Ursaluna\n|\n|upkeep\n|turn|7\n|-message|Onile forfeited.\n|\n|win|Lionex\n|raw|Lionex's rating: 1238 &rarr; <strong>1259<\/strong><br \/>(+21 for winning)\n|raw|Onile's rating: 1183 &rarr; <strong>1162<\/strong><br \/>(-21 for losing)\n|l|\u2606Onile\n","uploadtime":1700051612,"views":8,"p1id":"lionex","p2id":"onile","formatid":"gen9vgc2023regulatione","rating":1162,"private":0,"password":""}