{"id":"gen9vgc2023regulatione-1993831278","p1":"BlueJayX2","p2":"toastie-boi","format":"[Gen 9] VGC 2023 Regulation E","log":"|j|\u2606BlueJayX2\n|j|\u2606toastie-boi\n|t:|1700362684\n|gametype|doubles\n|player|p1|BlueJayX2|marley|1206\n|player|p2|toastie-boi|ethan|1089\n|teamsize|p1|6\n|teamsize|p2|6\n|gen|9\n|tier|[Gen 9] VGC 2023 Regulation E\n|rated|\n|rule|Species Clause: Limit one of each Pok\u00e9mon\n|rule|Item Clause: Limit one of each item\n|clearpoke\n|poke|p1|Sylveon, L50, F|\n|poke|p1|Indeedee-F, L50, F|\n|poke|p1|Volbeat, L50, M|\n|poke|p1|Tauros-Paldea-Aqua, L50, M|\n|poke|p1|Dudunsparce-*, L50, F|\n|poke|p1|Torterra, L50, M|\n|poke|p2|Arcanine-Hisui, L50, F|\n|poke|p2|Iron Bundle, L50|\n|poke|p2|Grimmsnarl, L50, M|\n|poke|p2|Sinistcha, L50|\n|poke|p2|Iron Hands, L50|\n|poke|p2|Chi-Yu, L50|\n|teampreview|4\n|inactive|Battle timer is ON: inactive players will automatically lose when time's up. (requested by BlueJayX2)\n|\n|t:|1700362693\n|start\n|switch|p1a: Indeedee|Indeedee-F, L50, F, shiny|100\/100\n|switch|p1b: Torterra|Torterra, L50, M, shiny|100\/100\n|switch|p2a: Chi-Yu|Chi-Yu, L50|100\/100\n|switch|p2b: Iron Bundle|Iron Bundle, L50|100\/100\n|-fieldstart|move: Psychic Terrain|[from] ability: Psychic Surge|[of] p1a: Indeedee\n|-ability|p2a: Chi-Yu|Beads of Ruin\n|-enditem|p2b: Iron Bundle|Booster Energy\n|-activate|p2b: Iron Bundle|ability: Quark Drive|[fromitem]\n|-start|p2b: Iron Bundle|quarkdrivespa\n|turn|1\n|inactive|BlueJayX2 has 30 seconds left.\n|\n|t:|1700362720\n|-terastallize|p1b: Torterra|Poison\n|move|p2b: Iron Bundle|Ice Beam|p1b: Torterra\n|-damage|p1b: Torterra|10\/100\n|move|p1a: Indeedee|Light Screen|p1a: Indeedee\n|-sidestart|p1: BlueJayX2|move: Light Screen\n|move|p2a: Chi-Yu|Dark Pulse|p1a: Indeedee\n|-supereffective|p1a: Indeedee\n|-damage|p1a: Indeedee|0 fnt\n|faint|p1a: Indeedee\n|move|p1b: Torterra|Rock Slide|p2a: Chi-Yu|[spread] p2a,p2b\n|-supereffective|p2a: Chi-Yu\n|-supereffective|p2b: Iron Bundle\n|-damage|p2a: Chi-Yu|47\/100\n|-damage|p2b: Iron Bundle|61\/100\n|\n|upkeep\n|\n|t:|1700362735\n|switch|p1a: Volbeat|Volbeat, L50, M, shiny|100\/100\n|turn|2\n|\n|t:|1700362747\n|move|p1a: Volbeat|Tailwind|p1a: Volbeat\n|-sidestart|p1: BlueJayX2|move: Tailwind\n|move|p1b: Torterra|Rock Slide|p2a: Chi-Yu|[spread] p2a,p2b\n|-supereffective|p2a: Chi-Yu\n|-supereffective|p2b: Iron Bundle\n|-damage|p2a: Chi-Yu|0 fnt\n|-damage|p2b: Iron Bundle|19\/100\n|faint|p2a: Chi-Yu\n|move|p2b: Iron Bundle|Ice Beam|p1a: Volbeat\n|-damage|p1a: Volbeat|66\/100\n|\n|upkeep\n|\n|t:|1700362756\n|switch|p2a: Arcanine|Arcanine-Hisui, L50, F|100\/100\n|-ability|p2a: Arcanine|Intimidate|boost\n|-unboost|p1a: Volbeat|atk|1\n|-unboost|p1b: Torterra|atk|1\n|-enditem|p1b: Torterra|White Herb\n|-clearnegativeboost|p1b: Torterra|[silent]\n|turn|3\n|\n|t:|1700362776\n|move|p1a: Volbeat|Helping Hand|p1b: Torterra\n|-singleturn|p1b: Torterra|Helping Hand|[of] p1a: Volbeat\n|move|p2a: Arcanine|Extreme Speed|p1b: Torterra\n|-activate|p1b: Torterra|move: Psychic Terrain\n|move|p1b: Torterra|Rock Slide|p2a: Arcanine|[spread] p2a,p2b\n|-supereffective|p2a: Arcanine\n|-supereffective|p2b: Iron Bundle\n|-damage|p2a: Arcanine|47\/100\n|-damage|p2b: Iron Bundle|0 fnt\n|faint|p2b: Iron Bundle\n|-end|p2b: Iron Bundle|Quark Drive|[silent]\n|\n|upkeep\n|\n|t:|1700362785\n|switch|p2b: Iron Hands|Iron Hands, L50|100\/100\n|turn|4\n|\n|t:|1700362803\n|move|p1a: Volbeat|Helping Hand|p1b: Torterra\n|-singleturn|p1b: Torterra|Helping Hand|[of] p1a: Volbeat\n|move|p2a: Arcanine|Extreme Speed|p1b: Torterra\n|-activate|p1b: Torterra|move: Psychic Terrain\n|move|p1b: Torterra|Headlong Rush|p2b: Iron Hands\n|-supereffective|p2b: Iron Hands\n|-damage|p2b: Iron Hands|0 fnt\n|-unboost|p1b: Torterra|def|1\n|-unboost|p1b: Torterra|spd|1\n|faint|p2b: Iron Hands\n|-end|p2b: Iron Hands|Quark Drive|[silent]\n|\n|upkeep\n|turn|5\n|-message|toastie-boi forfeited.\n|\n|win|BlueJayX2\n|raw|BlueJayX2's rating: 1206 &rarr; <strong>1223<\/strong><br \/>(+17 for winning)\n|raw|toastie-boi's rating: 1089 &rarr; <strong>1073<\/strong><br \/>(-16 for losing)\n|l|\u2606toastie-boi\n|c|\u2606BlueJayX2|Gg.\n","uploadtime":1700362828,"views":12,"p1id":"bluejayx2","p2id":"toastieboi","formatid":"gen9vgc2023regulatione","rating":1073,"private":0,"password":""}