{"id":"gen9vgc2023regulatione-1999348419","p1":"soleilfe","p2":"Zealssb1899","format":"[Gen 9] VGC 2023 Regulation E","log":"|j|\u2606soleilfe\n|j|\u2606Zealssb1899\n|n|\u2606soleilfe|soleilfe\n|n|\u2606Zealssb1899|zealssb1899\n|html|View the match progress at <a href=\"\/game-bestof3-gen9vgc2023regulatione-1999345926\">game-bestof3-gen9vgc2023regulatione-1999345926<\/a>\n|t:|1701064422\n|gametype|doubles\n|player|p1|soleilfe|hilda-wonderlauncher|\n|player|p2|Zealssb1899|roxanne|\n|teamsize|p1|6\n|teamsize|p2|6\n|gen|9\n|tier|[Gen 9] VGC 2023 Regulation E\n|rule|Species Clause: Limit one of each Pok\u00e9mon\n|rule|Item Clause: Limit one of each item\n|clearpoke\n|poke|p1|Ogerpon-Wellspring, L50, F|\n|poke|p1|Zapdos-Galar, L50|\n|poke|p1|Milotic, L50, F|\n|poke|p1|Vaporeon, L50, F|\n|poke|p1|Salamence, L50, F|\n|poke|p1|Victreebel, L50, F|\n|poke|p2|Garchomp, L50, F|\n|poke|p2|Meowscarada, L50, F|\n|poke|p2|Skeledirge, L50, M|\n|poke|p2|Scream Tail, L50|\n|poke|p2|Lilligant-Hisui, L50, F|\n|poke|p2|Ogerpon-Hearthflame, L50, F|\n|teampreview|4\n|\n|t:|1701064460\n|start\n|switch|p1a: Skreeeee|Victreebel, L50, F|100\/100\n|switch|p1b: Saladmince|Salamence, L50, F|100\/100\n|switch|p2a: Land Hoe|Garchomp, L50, F|100\/100\n|switch|p2b: Kirb|Scream Tail, L50|100\/100\n|-ability|p1b: Saladmince|Intimidate|boost\n|-unboost|p2a: Land Hoe|atk|1\n|-unboost|p2b: Kirb|atk|1\n|turn|1\n|inactive|Battle timer is ON: inactive players will automatically lose when time's up. (requested by soleilfe)\n|\n|t:|1701064485\n|move|p2a: Land Hoe|Dragon Claw|p1b: Saladmince\n|-supereffective|p1b: Saladmince\n|-damage|p1b: Saladmince|25\/100\n|move|p2b: Kirb|Reflect|p2b: Kirb\n|-sidestart|p2: Zealssb1899|Reflect\n|move|p1a: Skreeeee|Sludge Bomb|p2b: Kirb\n|-supereffective|p2b: Kirb\n|-damage|p2b: Kirb|51\/100\n|move|p1b: Saladmince|Tailwind|p1b: Saladmince\n|-sidestart|p1: soleilfe|move: Tailwind\n|\n|upkeep\n|turn|2\n|inactive|soleilfe has 30 seconds left.\n|inactive|soleilfe has 20 seconds left.\n|\n|t:|1701064524\n|move|p1a: Skreeeee|Sludge Bomb|p2b: Kirb\n|-supereffective|p2b: Kirb\n|-damage|p2b: Kirb|10\/100\n|-status|p2b: Kirb|psn\n|move|p1b: Saladmince|Draco Meteor|p2a: Land Hoe\n|-supereffective|p2a: Land Hoe\n|-damage|p2a: Land Hoe|0 fnt\n|-unboost|p1b: Saladmince|spa|2\n|faint|p2a: Land Hoe\n|move|p2b: Kirb|Light Screen|p2b: Kirb\n|-sidestart|p2: Zealssb1899|move: Light Screen\n|\n|-damage|p2b: Kirb|0 fnt|[from] psn\n|faint|p2b: Kirb\n|-end|p2b: Kirb|Protosynthesis|[silent]\n|upkeep\n|\n|t:|1701064531\n|switch|p2b: Gex|Skeledirge, L50, M|100\/100\n|switch|p2a: Chumpy|Meowscarada, L50, F|100\/100\n|turn|3\n|\n|t:|1701064555\n|-terastallize|p2b: Gex|Grass\n|move|p2a: Chumpy|Sucker Punch|p1b: Saladmince\n|-start|p2a: Chumpy|typechange|Dark|[from] ability: Protean\n|-damage|p1b: Saladmince|0 fnt\n|faint|p1b: Saladmince\n|move|p1a: Skreeeee|Knock Off|p2b: Gex\n|-damage|p2b: Gex|88\/100\n|-enditem|p2b: Gex|Leftovers|[from] move: Knock Off|[of] p1a: Skreeeee\n|move|p2b: Gex|Torch Song|p1a: Skreeeee\n|-supereffective|p1a: Skreeeee\n|-damage|p1a: Skreeeee|8\/100\n|-boost|p2b: Gex|spa|1\n|\n|upkeep\n|\n|t:|1701064572\n|switch|p1b: Choco-bro|Zapdos-Galar, L50, shiny|100\/100\n|turn|4\n|inactive|Zealssb1899 has 30 seconds left.\n|\n|t:|1701064601\n|move|p1b: Choco-bro|Close Combat|p2a: Chumpy\n|-supereffective|p2a: Chumpy\n|-enditem|p2a: Chumpy|Focus Sash\n|-damage|p2a: Chumpy|1\/100\n|-unboost|p1b: Choco-bro|def|1\n|-unboost|p1b: Choco-bro|spd|1\n|move|p1a: Skreeeee|Sludge Bomb|p2b: Gex\n|-supereffective|p2b: Gex\n|-damage|p2b: Gex|45\/100\n|-status|p2b: Gex|psn\n|move|p2a: Chumpy|Power Gem|p1b: Choco-bro\n|-damage|p1b: Choco-bro|77\/100\n|move|p2b: Gex|Torch Song|p1a: Skreeeee\n|-supereffective|p1a: Skreeeee\n|-crit|p1a: Skreeeee\n|-damage|p1a: Skreeeee|0 fnt\n|-boost|p2b: Gex|spa|1\n|faint|p1a: Skreeeee\n|\n|-damage|p2b: Gex|32\/100 psn|[from] psn\n|-sideend|p1: soleilfe|move: Tailwind\n|upkeep\n|\n|t:|1701064620\n|switch|p1a: ( \u0361\u00b0 \u035c\u0296 \u0361\u00b0)|Vaporeon, L50, F|100\/100\n|turn|5\n|inactive|Zealssb1899 has 30 seconds left.\n|\n|t:|1701064653\n|move|p1b: Choco-bro|Close Combat|p2a: Chumpy\n|-supereffective|p2a: Chumpy\n|-damage|p2a: Chumpy|0 fnt\n|-unboost|p1b: Choco-bro|def|1\n|-unboost|p1b: Choco-bro|spd|1\n|faint|p2a: Chumpy\n|move|p2b: Gex|Torch Song|p1b: Choco-bro\n|-damage|p1b: Choco-bro|12\/100\n|-boost|p2b: Gex|spa|1\n|move|p1a: ( \u0361\u00b0 \u035c\u0296 \u0361\u00b0)|Icy Wind|p2b: Gex\n|-supereffective|p2b: Gex\n|-damage|p2b: Gex|11\/100 psn\n|-unboost|p2b: Gex|spe|1\n|\n|-damage|p2b: Gex|0 fnt|[from] psn\n|faint|p2b: Gex\n|\n|win|soleilfe\n|upkeep\n|c|\u2606Zealssb1899|gg's\n|l|\u2606Zealssb1899\n","uploadtime":1701064758,"views":33,"p1id":"soleilfe","p2id":"zealssb1899","formatid":"gen9vgc2023regulatione","rating":0,"private":0,"password":""}