{"id":"gen9vgc2023regulatione-1993339431","p1":"GervaVGC","p2":"zephiel97","format":"[Gen 9] VGC 2023 Regulation E","log":"|j|\u2606GervaVGC\n|j|\u2606zephiel97\n|n|\u2606GervaVGC|gervavgc\n|n|\u2606zephiel97|zephiel97\n|html|View the match progress at <a href=\"\/game-bestof3-gen9vgc2023regulatione-1993339430\">game-bestof3-gen9vgc2023regulatione-1993339430<\/a>\n|t:|1700301605\n|gametype|doubles\n|player|p1|GervaVGC|clown|\n|player|p2|zephiel97|169|\n|teamsize|p1|6\n|teamsize|p2|6\n|gen|9\n|tier|[Gen 9] VGC 2023 Regulation E\n|rule|Species Clause: Limit one of each Pok\u00e9mon\n|rule|Item Clause: Limit one of each item\n|clearpoke\n|poke|p1|Roaring Moon, L50|\n|poke|p1|Flutter Mane, L50|\n|poke|p1|Iron Hands, L50|\n|poke|p1|Amoonguss, L50, F|\n|poke|p1|Heatran, L50, F|\n|poke|p1|Landorus-Therian, L50, M|\n|poke|p2|Arcanine-Hisui, L50, M|\n|poke|p2|Gholdengo, L50|\n|poke|p2|Urshifu-*, L50, M|\n|poke|p2|Iron Hands, L50|\n|poke|p2|Amoonguss, L50, F|\n|poke|p2|Tornadus, L50, M|\n|teampreview|4\nzephiel97 has agreed to open team sheets.\n|c|\u2606GervaVGC|glhf\nGervaVGC has agreed to open team sheets.\n|showteam|p1|Roaring Moon||BoosterEnergy|Protosynthesis|Acrobatics,KnockOff,DragonDance,Protect||||||50|,,,,,Flying]Flutter Mane||ChoiceSpecs|Protosynthesis|Moonblast,DazzlingGleam,ShadowBall,PerishSong||||||50|,,,,,Fairy]Iron Hands||AssaultVest|QuarkDrive|WildCharge,DrainPunch,VoltSwitch,FakeOut||||||50|,,,,,Water]Amoonguss||RockyHelmet|Regenerator|PollenPuff,Spore,RagePowder,Protect|||F|||50|,,,,,Fire]Heatran||Leftovers|FlashFire|MagmaStorm,Substitute,EarthPower,Protect|||F|||50|,,,,,Fairy]Landorus-Therian||ChoiceScarf|Intimidate|StompingTantrum,TeraBlast,RockSlide,Uturn|||M|||50|,,,,,Flying\n|showteam|p2|Arcanine-Hisui||ChoiceBand|Intimidate|FlareBlitz,HeadSmash,RockSlide,ExtremeSpeed|||M|||50|,,,,,Normal]Gholdengo||Leftovers|GoodasGold|MakeItRain,ShadowBall,NastyPlot,Protect||||||50|,,,,,Dragon]Urshifu-Rapid-Strike||ChoiceScarf|UnseenFist|SurgingStrikes,AquaJet,CloseCombat,Uturn|||M|||50|,,,,,Water]Iron Hands||AssaultVest|QuarkDrive|DrainPunch,WildCharge,HeavySlam,FakeOut||||||50|,,,,,Water]Amoonguss||SitrusBerry|Regenerator|PollenPuff,Spore,RagePowder,Protect|||F|||50|,,,,,Water]Tornadus||RockyHelmet|Prankster|BleakwindStorm,Taunt,Tailwind,RainDance|||M|||50|,,,,,Steel\n|c|\u2606zephiel97|gl hf\n|\n|t:|1700301720\n|start\n|switch|p1a: Iron Hands|Iron Hands, L50|100\/100\n|switch|p1b: Landorus|Landorus-Therian, L50, M|100\/100\n|switch|p2a: Urshifu|Urshifu-Rapid-Strike, L50, M|100\/100\n|switch|p2b: Arcanine|Arcanine-Hisui, L50, M|100\/100\n|-ability|p1b: Landorus|Intimidate|boost\n|-unboost|p2a: Urshifu|atk|1\n|-unboost|p2b: Arcanine|atk|1\n|-ability|p2b: Arcanine|Intimidate|boost\n|-unboost|p1a: Iron Hands|atk|1\n|-unboost|p1b: Landorus|atk|1\n|turn|1\n|\n|t:|1700301752\n|switch|p2a: Iron Hands|Iron Hands, L50|100\/100\n|switch|p1b: Amoonguss|Amoonguss, L50, F|100\/100\n|switch|p2b: Amoonguss|Amoonguss, L50, F|100\/100\n|move|p1a: Iron Hands|Fake Out|p2b: Amoonguss\n|-damage|p2b: Amoonguss|92\/100\n|\n|upkeep\n|turn|2\n|\n|t:|1700301780\n|-end|p1a: Iron Hands|Quark Drive|[silent]\n|switch|p1a: Landorus|Landorus-Therian, L50, M|100\/100\n|-ability|p1a: Landorus|Intimidate|boost\n|-unboost|p2a: Iron Hands|atk|1\n|-unboost|p2b: Amoonguss|atk|1\n|move|p2a: Iron Hands|Fake Out|p1b: Amoonguss\n|-crit|p1b: Amoonguss\n|-damage|p1b: Amoonguss|85\/100\n|-damage|p2a: Iron Hands|84\/100|[from] item: Rocky Helmet|[of] p1b: Amoonguss\n|cant|p1b: Amoonguss|flinch\n|move|p2b: Amoonguss|Spore|p1a: Landorus\n|-status|p1a: Landorus|slp|[from] move: Spore\n|\n|upkeep\n|turn|3\n|l|\u2606zephiel97\n|player|p2|\n|j|\u2606zephiel97\n|player|p2|zephiel97|169\n|j| Chuggl45\n|\n|t:|1700301873\n|switch|p2b: Arcanine|Arcanine-Hisui, L50, M|100\/100\n|-ability|p2b: Arcanine|Intimidate|boost\n|-unboost|p1a: Landorus|atk|1\n|-unboost|p1b: Amoonguss|atk|1\n|cant|p1a: Landorus|slp\n|move|p2a: Iron Hands|Heavy Slam|p1a: Landorus\n|-damage|p1a: Landorus|70\/100 slp\n|move|p1b: Amoonguss|Spore|p2a: Iron Hands\n|-status|p2a: Iron Hands|slp|[from] move: Spore\n|\n|upkeep\n|turn|4\n|l| Chuggl45\n|\n|t:|1700301938\n|switch|p1b: Heatran|Heatran, L50, F|100\/100\n|-curestatus|p1a: Landorus|slp|[msg]\n|move|p1a: Landorus|Stomping Tantrum|p2a: Iron Hands\n|-supereffective|p2a: Iron Hands\n|-damage|p2a: Iron Hands|0 fnt\n|faint|p2a: Iron Hands\n|-end|p2a: Iron Hands|Quark Drive|[silent]\n|move|p2b: Arcanine|Flare Blitz|p1a: Landorus\n|-damage|p1a: Landorus|0 fnt\n|faint|p1a: Landorus\n|-damage|p2b: Arcanine|78\/100|[from] Recoil\n|\n|upkeep\n|\n|t:|1700301965\n|switch|p1a: Iron Hands|Iron Hands, L50|100\/100\n|switch|p2a: Urshifu|Urshifu-Rapid-Strike, L50, M|100\/100\n|turn|5\n|\n|t:|1700302026\n|switch|p2b: Amoonguss|Amoonguss, L50, F|100\/100\n|-terastallize|p1a: Iron Hands|Water\n|move|p1a: Iron Hands|Fake Out|p2a: Urshifu\n|-damage|p2a: Urshifu|85\/100\n|cant|p2a: Urshifu|flinch\n|move|p1b: Heatran|Magma Storm|p2b: Amoonguss\n|-supereffective|p2b: Amoonguss\n|-damage|p2b: Amoonguss|2\/100\n|-activate|p2b: Amoonguss|move: Magma Storm|[of] p1b: Heatran\n|-enditem|p2b: Amoonguss|Sitrus Berry|[eat]\n|-heal|p2b: Amoonguss|27\/100|[from] item: Sitrus Berry\n|\n|-damage|p2b: Amoonguss|15\/100|[from] move: Magma Storm|[partiallytrapped]\n|upkeep\n|turn|6\n|\n|t:|1700302082\n|switch|p1b: Amoonguss|Amoonguss, L50, F|100\/100\n|move|p2a: Urshifu|U-turn|p1a: Iron Hands\n|-damage|p1a: Iron Hands|81\/100\n|l|\u2606zephiel97\n|player|p2|\n|j|\u2606zephiel97\n|player|p2|zephiel97|169\n|\n|t:|1700302145\n|switch|p2a: Arcanine|Arcanine-Hisui, L50, M|78\/100|[from] U-turn\n|-ability|p2a: Arcanine|Intimidate|boost\n|-unboost|p1a: Iron Hands|atk|1\n|-unboost|p1b: Amoonguss|atk|1\n|move|p1a: Iron Hands|Drain Punch|p2b: Amoonguss\n|-resisted|p2b: Amoonguss\n|-damage|p2b: Amoonguss|5\/100\n|-heal|p1a: Iron Hands|86\/100|[from] drain|[of] p2b: Amoonguss\n|move|p2b: Amoonguss|Spore|p1a: Iron Hands\n|-status|p1a: Iron Hands|slp|[from] move: Spore\n|\n|-end|p2b: Amoonguss|Magma Storm|[partiallytrapped]|[silent]\n|upkeep\n|turn|7\n|c|\u2606zephiel97|scusa, sto avendo problemi di connessione\n|c|\u2606GervaVGC|no problem\n|\n|t:|1700302179\n|switch|p2b: Urshifu|Urshifu-Rapid-Strike, L50, M|85\/100\n|move|p1b: Amoonguss|Protect|p1b: Amoonguss\n|-singleturn|p1b: Amoonguss|Protect\n|move|p2a: Arcanine|Rock Slide|p1a: Iron Hands|[spread] \n|-activate|p1b: Amoonguss|move: Protect\n|-miss|p2a: Arcanine|p1a: Iron Hands\n|cant|p1a: Iron Hands|slp\n|\n|upkeep\n|turn|8\n|\n|t:|1700302206\n|-terastallize|p2b: Urshifu|Water\n|move|p1b: Amoonguss|Rage Powder|p1b: Amoonguss\n|-singleturn|p1b: Amoonguss|move: Rage Powder\n|move|p2b: Urshifu|Surging Strikes|p1b: Amoonguss\n|-resisted|p1b: Amoonguss\n|-crit|p1b: Amoonguss\n|-damage|p1b: Amoonguss|90\/100\n|-damage|p2b: Urshifu|68\/100|[from] item: Rocky Helmet|[of] p1b: Amoonguss\n|-resisted|p1b: Amoonguss\n|-crit|p1b: Amoonguss\n|-damage|p1b: Amoonguss|79\/100\n|-damage|p2b: Urshifu|52\/100|[from] item: Rocky Helmet|[of] p1b: Amoonguss\n|-resisted|p1b: Amoonguss\n|-crit|p1b: Amoonguss\n|-damage|p1b: Amoonguss|69\/100\n|-damage|p2b: Urshifu|35\/100|[from] item: Rocky Helmet|[of] p1b: Amoonguss\n|-hitcount|p1b: Amoonguss|3\n|move|p2a: Arcanine|Rock Slide|p1a: Iron Hands|[spread] p1a,p1b\n|-damage|p1a: Iron Hands|56\/100 slp\n|-damage|p1b: Amoonguss|38\/100\n|cant|p1a: Iron Hands|slp\n|\n|upkeep\n|turn|9\n|\n|t:|1700302233\n|switch|p2b: Amoonguss|Amoonguss, L50, F|38\/100\n|move|p2a: Arcanine|Rock Slide|p1b: Amoonguss|[spread] p1a,p1b\n|-damage|p1a: Iron Hands|27\/100 slp\n|-damage|p1b: Amoonguss|4\/100\n|-curestatus|p1a: Iron Hands|slp|[msg]\n|move|p1a: Iron Hands|Wild Charge|p2b: Amoonguss\n|-resisted|p2b: Amoonguss\n|-damage|p2b: Amoonguss|26\/100\n|-damage|p1a: Iron Hands|24\/100|[from] Recoil\n|move|p1b: Amoonguss|Spore|p2a: Arcanine\n|-status|p2a: Arcanine|slp|[from] move: Spore\n|\n|upkeep\n|turn|10\n|\n|t:|1700302250\n|move|p2b: Amoonguss|Rage Powder|p2b: Amoonguss\n|-singleturn|p2b: Amoonguss|move: Rage Powder\n|cant|p2a: Arcanine|slp\n|move|p1a: Iron Hands|Drain Punch|p2b: Amoonguss\n|-resisted|p2b: Amoonguss\n|-damage|p2b: Amoonguss|15\/100\n|-heal|p1a: Iron Hands|29\/100|[from] drain|[of] p2b: Amoonguss\n|move|p1b: Amoonguss|Pollen Puff|p1a: Iron Hands\n|-heal|p1a: Iron Hands|79\/100\n|\n|upkeep\n|turn|11\n|\n|t:|1700302268\n|switch|p1b: Heatran|Heatran, L50, F|100\/100\n|cant|p2a: Arcanine|slp\n|move|p1a: Iron Hands|Drain Punch|p2a: Arcanine\n|-supereffective|p2a: Arcanine\n|-damage|p2a: Arcanine|3\/100 slp\n|-heal|p1a: Iron Hands|100\/100|[from] drain|[of] p2a: Arcanine\n|move|p2b: Amoonguss|Spore|p1a: Iron Hands\n|-status|p1a: Iron Hands|slp|[from] move: Spore\n|\n|upkeep\n|turn|12\n|\n|t:|1700302298\n|switch|p2b: Urshifu|Urshifu-Rapid-Strike, L50, M, tera:Water|35\/100\n|cant|p2a: Arcanine|slp\n|move|p1b: Heatran|Earth Power|p2a: Arcanine\n|-supereffective|p2a: Arcanine\n|-damage|p2a: Arcanine|0 fnt\n|faint|p2a: Arcanine\n|cant|p1a: Iron Hands|slp\n|\n|upkeep\n|\n|t:|1700302304\n|switch|p2a: Amoonguss|Amoonguss, L50, F|48\/100\n|turn|13\n|\n|t:|1700302323\n|switch|p1b: Amoonguss|Amoonguss, L50, F|37\/100\n|move|p2b: Urshifu|Close Combat|p1a: Iron Hands\n|-damage|p1a: Iron Hands|48\/100 slp\n|-unboost|p2b: Urshifu|def|1\n|-unboost|p2b: Urshifu|spd|1\n|cant|p1a: Iron Hands|slp\n|move|p2a: Amoonguss|Pollen Puff|p2b: Urshifu\n|-heal|p2b: Urshifu|85\/100\n|\n|upkeep\n|turn|14\n|\n|t:|1700302343\n|-end|p1a: Iron Hands|Quark Drive|[silent]\n|switch|p1a: Heatran|Heatran, L50, F|100\/100\n|move|p1b: Amoonguss|Rage Powder|p1b: Amoonguss\n|-singleturn|p1b: Amoonguss|move: Rage Powder\n|move|p2b: Urshifu|Close Combat|p1b: Amoonguss\n|-resisted|p1b: Amoonguss\n|-crit|p1b: Amoonguss\n|-damage|p1b: Amoonguss|0 fnt\n|-unboost|p2b: Urshifu|def|1\n|-unboost|p2b: Urshifu|spd|1\n|-damage|p2b: Urshifu|68\/100|[from] item: Rocky Helmet|[of] p1b: Amoonguss\n|faint|p1b: Amoonguss\n|move|p2a: Amoonguss|Pollen Puff|p1a: Heatran\n|-resisted|p1a: Heatran\n|-damage|p1a: Heatran|97\/100\n|\n|-heal|p1a: Heatran|100\/100|[from] item: Leftovers\n|upkeep\n|\n|t:|1700302358\n|switch|p1b: Iron Hands|Iron Hands, L50, tera:Water|48\/100 slp\n|turn|15\n|\n|t:|1700302376\n|move|p2a: Amoonguss|Rage Powder|p2a: Amoonguss\n|-singleturn|p2a: Amoonguss|move: Rage Powder\n|move|p2b: Urshifu|Close Combat|p1a: Heatran\n|-supereffective|p1a: Heatran\n|-damage|p1a: Heatran|0 fnt\n|-unboost|p2b: Urshifu|def|1\n|-unboost|p2b: Urshifu|spd|1\n|faint|p1a: Heatran\n|-curestatus|p1b: Iron Hands|slp|[msg]\n|move|p1b: Iron Hands|Wild Charge|p2a: Amoonguss\n|-resisted|p2a: Amoonguss\n|-damage|p2a: Amoonguss|30\/100\n|-damage|p1b: Iron Hands|44\/100|[from] Recoil\n|\n|upkeep\n|turn|16\n|-message|GervaVGC forfeited.\n|\n|win|zephiel97\n|c|&|\/uhtml prompt-gervavgc,GervaVGC is ready for game 2!\n|c|\u2606zephiel97|gg\n|inactive|zephiel97 has 50 seconds to confirm battle start!\n|c|\u2606GervaVGC|gg\n|inactive|zephiel97 has 40 seconds to confirm battle start!\n|inactive|zephiel97 has 30 seconds to confirm battle start!\n|c|\u2606zephiel97|non mi fa andare avanti\n|inactive|zephiel97 has 20 seconds to confirm battle start!\n|c|\u2606GervaVGC|vai nella bo3\n|c|\u2606zephiel97|Credo di dover aspettare il timer\n|inactive|zephiel97 has 10 seconds to confirm battle start!\n|l|\u2606zephiel97\nBoth players are ready! Starting next match!\n|j|\u2606zephiel97\n|player|p2|zephiel97|169\n","uploadtime":1700302395,"views":43,"p1id":"gervavgc","p2id":"zephiel97","formatid":"gen9vgc2023regulatione","rating":0,"private":0,"password":""}