{"id":"gen9vgc2023regulatione-1998144736","p1":"drmsang","p2":"haamgamer07-R","format":"[Gen 9] VGC 2023 Regulation E","log":"|j|\u2606drmsang\n|j|\u2606haamgamer07-R\n|t:|1700899936\n|gametype|doubles\n|player|p1|drmsang|102|1174\n|player|p2|haamgamer07-R|169|1137\n|teamsize|p1|6\n|teamsize|p2|6\n|gen|9\n|tier|[Gen 9] VGC 2023 Regulation E\n|rated|\n|rule|Species Clause: Limit one of each Pok\u00e9mon\n|rule|Item Clause: Limit one of each item\n|clearpoke\n|poke|p1|Kilowattrel, L50, F|\n|poke|p1|Garganacl, L50, M|\n|poke|p1|Brambleghast, L50, M|\n|poke|p1|Ceruledge, L50, F|\n|poke|p1|Rabsca, L50, F|\n|poke|p1|Iron Valiant, L50|\n|poke|p2|Ursaluna, L50, F|\n|poke|p2|Roaring Moon, L50|\n|poke|p2|Armarouge, L50, F|\n|poke|p2|Torkoal, L50, M|\n|poke|p2|Indeedee-F, L50, F|\n|poke|p2|Bronzong, L50|\n|teampreview|4\n|inactive|Battle timer is ON: inactive players will automatically lose when time's up. (requested by haamgamer07-R)\n|inactive|haamgamer07-R has 60 seconds left.\n|inactive|haamgamer07-R has 30 seconds left.\n|inactive|haamgamer07-R has 20 seconds left.\n|inactive|haamgamer07-R has 15 seconds left.\n|inactive|haamgamer07-R has 10 seconds left.\n|\n|t:|1700900027\n|start\n|switch|p1a: Iron Valiant|Iron Valiant, L50|100\/100\n|switch|p1b: Ceruledge|Ceruledge, L50, F|100\/100\n|switch|p2a: Roaring Moon|Roaring Moon, L50|100\/100\n|switch|p2b: Indeedee|Indeedee-F, L50, F|100\/100\n|-fieldstart|move: Psychic Terrain|[from] ability: Psychic Surge|[of] p2b: Indeedee\n|-enditem|p2a: Roaring Moon|Booster Energy\n|-activate|p2a: Roaring Moon|ability: Protosynthesis|[fromitem]\n|-start|p2a: Roaring Moon|protosynthesisspe\n|-enditem|p1a: Iron Valiant|Booster Energy\n|-activate|p1a: Iron Valiant|ability: Quark Drive|[fromitem]\n|-start|p1a: Iron Valiant|quarkdrivespa\n|turn|1\n|inactive|drmsang has 30 seconds left.\n|inactive|haamgamer07-R has 30 seconds left.\n|inactive|drmsang has 20 seconds left.\n|inactive|haamgamer07-R has 20 seconds left.\n|inactive|drmsang has 15 seconds left.\n|inactive|haamgamer07-R has 15 seconds left.\n|inactive|drmsang has 10 seconds left.\n|inactive|haamgamer07-R has 10 seconds left.\n|inactive|drmsang has 5 seconds left.\n|inactive|haamgamer07-R has 5 seconds left.\n|\n|t:|1700900080\n|-end|p1a: Iron Valiant|Quark Drive|[silent]\n|switch|p1a: Rabsca|Rabsca, L50, F|100\/100\n|-terastallize|p1b: Ceruledge|Fire\n|move|p2a: Roaring Moon|Breaking Swipe|p1a: Rabsca|[spread] p1a,p1b\n|-damage|p1a: Rabsca|76\/100\n|-damage|p1b: Ceruledge|66\/100\n|-unboost|p1a: Rabsca|atk|1\n|-unboost|p1b: Ceruledge|atk|1\n|move|p1b: Ceruledge|Bitter Blade|p2b: Indeedee\n|-damage|p2b: Indeedee|46\/100\n|-heal|p1b: Ceruledge|98\/100|[from] drain|[of] p2b: Indeedee\n|-damage|p1b: Ceruledge|88\/100|[from] item: Life Orb\n|move|p2b: Indeedee|Trick Room|p2b: Indeedee\n|-fieldstart|move: Trick Room|[of] p2b: Indeedee\n|\n|upkeep\n|turn|2\n|inactive|drmsang has 30 seconds left.\n|inactive|haamgamer07-R has 30 seconds left.\n|inactive|drmsang has 20 seconds left.\n|inactive|drmsang has 15 seconds left.\n|inactive|drmsang has 10 seconds left.\n|inactive|drmsang has 5 seconds left.\n|\n|t:|1700900134\n|move|p2b: Indeedee|Follow Me|p2b: Indeedee\n|-singleturn|p2b: Indeedee|move: Follow Me\n|move|p1a: Rabsca|Struggle Bug|p2a: Roaring Moon|[spread] p2a,p2b\n|-supereffective|p2a: Roaring Moon\n|-supereffective|p2b: Indeedee\n|-damage|p2a: Roaring Moon|74\/100\n|-damage|p2b: Indeedee|19\/100\n|-unboost|p2a: Roaring Moon|spa|1\n|-unboost|p2b: Indeedee|spa|1\n|move|p1b: Ceruledge|Bitter Blade|p2b: Indeedee\n|-damage|p2b: Indeedee|0 fnt\n|-heal|p1b: Ceruledge|99\/100|[from] drain|[of] p2b: Indeedee\n|faint|p2b: Indeedee\n|-damage|p1b: Ceruledge|90\/100|[from] item: Life Orb\n|move|p2a: Roaring Moon|U-turn|p1a: Rabsca\n|-supereffective|p1a: Rabsca\n|-damage|p1a: Rabsca|15\/100\n|\n|t:|1700900153\n|-end|p2a: Roaring Moon|Protosynthesis|[silent]\n|switch|p2a: Ursaluna|Ursaluna, L50, F|100\/100|[from] U-turn\n|\n|-status|p2a: Ursaluna|brn|[from] item: Flame Orb\n|upkeep\n|\n|t:|1700900159\n|switch|p2b: Armarouge|Armarouge, L50, F|100\/100\n|turn|3\n|inactive|drmsang has 30 seconds left.\n|inactive|haamgamer07-R has 30 seconds left.\n|\n|t:|1700900194\n|switch|p1a: Garganacl|Garganacl, L50, M|100\/100\n|move|p1b: Ceruledge|Shadow Sneak|p2b: Armarouge\n|-activate|p2b: Armarouge|move: Psychic Terrain\n|move|p2a: Ursaluna|Facade|p1b: Ceruledge\n|-damage|p1b: Ceruledge|0 fnt\n|faint|p1b: Ceruledge\n|move|p2b: Armarouge|Expanding Force|p1a: Garganacl\n|-damage|p1a: Garganacl|16\/100\n|\n|-heal|p1a: Garganacl|22\/100|[from] item: Leftovers\n|-damage|p2a: Ursaluna|95\/100 brn|[from] brn\n|upkeep\n|\n|t:|1700900210\n|switch|p1b: Iron Valiant|Iron Valiant, L50|100\/100\n|turn|4\n|inactive|drmsang has 30 seconds left.\n|\n|t:|1700900238\n|move|p2a: Ursaluna|Facade|p1b: Iron Valiant\n|-damage|p1b: Iron Valiant|0 fnt\n|faint|p1b: Iron Valiant\n|-end|p1b: Iron Valiant|Quark Drive|[silent]\n|move|p1a: Garganacl|Recover|p1a: Garganacl\n|-heal|p1a: Garganacl|72\/100\n|move|p2b: Armarouge|Expanding Force|p1a: Garganacl\n|-damage|p1a: Garganacl|0 fnt\n|faint|p1a: Garganacl\n|\n|-damage|p2a: Ursaluna|89\/100 brn|[from] brn\n|upkeep\n|\n|t:|1700900252\n|switch|p1b: Rabsca|Rabsca, L50, F|15\/100\n|turn|5\n|-enditem|p1b: Rabsca|Custap Berry|[eat]\n|-activate|p1b: Rabsca|item: Custap Berry|[consumed]\n|\n|t:|1700900272\n|switch|p2b: Roaring Moon|Roaring Moon, L50|74\/100\n|move|p1b: Rabsca|Revival Blessing|p1b: Rabsca\n|\n|t:|1700900292\n|-heal|p1: Iron Valiant|50\/100|[from] move: Revival Blessing\n|move|p2a: Ursaluna|Facade|p1b: Rabsca\n|-damage|p1b: Rabsca|0 fnt\n|faint|p1b: Rabsca\n|\n|-damage|p2a: Ursaluna|83\/100 brn|[from] brn\n|-fieldend|move: Trick Room\n|-fieldend|move: Psychic Terrain\n|upkeep\n|\n|t:|1700900304\n|switch|p1b: Iron Valiant|Iron Valiant, L50|50\/100\n|turn|6\n|\n|t:|1700900314\n|move|p1b: Iron Valiant|Vacuum Wave|p2b: Roaring Moon\n|-supereffective|p2b: Roaring Moon\n|-damage|p2b: Roaring Moon|34\/100\n|move|p2b: Roaring Moon|U-turn|p1b: Iron Valiant\n|-resisted|p1b: Iron Valiant\n|-damage|p1b: Iron Valiant|42\/100\n|\n|t:|1700900320\n|-end|p2b: Roaring Moon|Protosynthesis|[silent]\n|switch|p2b: Armarouge|Armarouge, L50, F|100\/100|[from] U-turn\n|move|p2a: Ursaluna|Facade|p1b: Iron Valiant\n|-damage|p1b: Iron Valiant|0 fnt\n|faint|p1b: Iron Valiant\n|-end|p1b: Iron Valiant|Quark Drive|[silent]\n|\n|win|haamgamer07-R\n|raw|drmsang's rating: 1174 &rarr; <strong>1146<\/strong><br \/>(-28 for losing)\n|raw|haamgamer07-R's rating: 1137 &rarr; <strong>1165<\/strong><br \/>(+28 for winning)\n|l|\u2606drmsang\n|j|\u2606drmsang\n|player|p1|drmsang|102\n|l|\u2606haamgamer07-R\n","uploadtime":1700900330,"views":2,"p1id":"drmsang","p2id":"haamgamer07r","formatid":"gen9vgc2023regulatione","rating":1146,"private":0,"password":""}