{"id":"gen9vgc2023regulatione-1995840474","p1":"erikbound","p2":"Moxiemencefan21","format":"[Gen 9] VGC 2023 Regulation E","log":"|j|\u2606erikbound\n|j|\u2606Moxiemencefan21\n|t:|1700608463\n|gametype|doubles\n|player|p1|erikbound|barry|1528\n|player|p2|Moxiemencefan21|169|1617\n|teamsize|p1|6\n|teamsize|p2|6\n|gen|9\n|tier|[Gen 9] VGC 2023 Regulation E\n|rated|\n|rule|Species Clause: Limit one of each Pok\u00e9mon\n|rule|Item Clause: Limit one of each item\n|clearpoke\n|poke|p1|Arcanine-Hisui, L50, F|\n|poke|p1|Zapdos-Galar, L50|\n|poke|p1|Farigiraf, L50, M|\n|poke|p1|Hippowdon, L50, M|\n|poke|p1|Clefairy, L50, M|\n|poke|p1|Houndstone, L50, F|\n|poke|p2|Urshifu-*, L50, M|\n|poke|p2|Moltres-Galar, L50|\n|poke|p2|Chi-Yu, L50|\n|poke|p2|Tornadus, L50, M|\n|poke|p2|Rillaboom, L50, M|\n|poke|p2|Flutter Mane, L50|\n|teampreview|4\n|j| MoonlightPachirisu\n|\n|t:|1700608505\n|start\n|switch|p1a: Arcanine|Arcanine-Hisui, L50, F|100\/100\n|switch|p1b: Clefairy|Clefairy, L50, M|100\/100\n|switch|p2a: Keanu Reeves|Flutter Mane, L50|100\/100\n|switch|p2b: Chi-Yu|Chi-Yu, L50|100\/100\n|-ability|p2b: Chi-Yu|Beads of Ruin\n|-ability|p1a: Arcanine|Intimidate|boost\n|-unboost|p2a: Keanu Reeves|atk|1\n|-unboost|p2b: Chi-Yu|atk|1\n|turn|1\n|\n|t:|1700608564\n|switch|p2b: Urshifu|Urshifu-Rapid-Strike, L50, M|100\/100\n|move|p1b: Clefairy|Helping Hand|p1a: Arcanine\n|-singleturn|p1a: Arcanine|Helping Hand|[of] p1b: Clefairy\n|move|p2a: Keanu Reeves|Shadow Ball|p1a: Arcanine\n|-damage|p1a: Arcanine|80\/100\n|move|p1a: Arcanine|Rock Slide|p2b: Urshifu|[spread] p2a,p2b\n|-resisted|p2b: Urshifu\n|-damage|p2a: Keanu Reeves|29\/100\n|-damage|p2b: Urshifu|79\/100\n|\n|upkeep\n|turn|2\n|l| MoonlightPachirisu\n|\n|t:|1700608599\n|-terastallize|p1a: Arcanine|Fairy\n|move|p2a: Keanu Reeves|Protect|p2a: Keanu Reeves\n|-singleturn|p2a: Keanu Reeves|Protect\n|move|p1b: Clefairy|Follow Me|p1b: Clefairy\n|-singleturn|p1b: Clefairy|move: Follow Me\n|move|p2b: Urshifu|Surging Strikes|p1b: Clefairy\n|-crit|p1b: Clefairy\n|-damage|p1b: Clefairy|86\/100\n|-crit|p1b: Clefairy\n|-damage|p1b: Clefairy|72\/100\n|-crit|p1b: Clefairy\n|-damage|p1b: Clefairy|58\/100\n|-hitcount|p1b: Clefairy|3\n|move|p1a: Arcanine|Tera Blast|p2b: Urshifu|[anim] Tera Blast Fairy\n|-supereffective|p2b: Urshifu\n|-damage|p2b: Urshifu|2\/100\n|\n|upkeep\n|turn|3\n|\n|t:|1700608640\n|move|p1b: Clefairy|Protect|p1b: Clefairy\n|-singleturn|p1b: Clefairy|Protect\n|move|p1a: Arcanine|Extreme Speed|p2b: Urshifu\n|-damage|p2b: Urshifu|0 fnt\n|faint|p2b: Urshifu\n|move|p2a: Keanu Reeves|Dazzling Gleam|p1a: Arcanine|[spread] p1a\n|-activate|p1b: Clefairy|move: Protect\n|-damage|p1a: Arcanine|62\/100\n|\n|upkeep\n|\n|t:|1700608659\n|switch|p2b: Chi-Yu|Chi-Yu, L50|100\/100\n|-ability|p2b: Chi-Yu|Beads of Ruin\n|turn|4\n|\n|t:|1700608678\n|move|p1b: Clefairy|Follow Me|p1b: Clefairy\n|-singleturn|p1b: Clefairy|move: Follow Me\n|move|p2a: Keanu Reeves|Dazzling Gleam|p1b: Clefairy|[spread] p1a,p1b\n|-damage|p1a: Arcanine|39\/100\n|-damage|p1b: Clefairy|19\/100\n|move|p2b: Chi-Yu|Heat Wave|p1b: Clefairy|[spread] p1a,p1b\n|-damage|p1a: Arcanine|11\/100\n|-damage|p1b: Clefairy|0 fnt\n|faint|p1b: Clefairy\n|move|p1a: Arcanine|Rock Slide|p2b: Chi-Yu|[spread] p2a,p2b\n|-supereffective|p2b: Chi-Yu\n|-damage|p2a: Keanu Reeves|0 fnt\n|-damage|p2b: Chi-Yu|9\/100\n|faint|p2a: Keanu Reeves\n|-end|p2a: Keanu Reeves|Protosynthesis|[silent]\n|\n|upkeep\n|\n|t:|1700608690\n|switch|p2a: Moltres|Moltres-Galar, L50|100\/100\n|switch|p1b: Zapdos|Zapdos-Galar, L50|100\/100\n|turn|5\n|\n|t:|1700608733\n|-terastallize|p2a: Moltres|Dark\n|move|p2b: Chi-Yu|Protect|p2b: Chi-Yu\n|-singleturn|p2b: Chi-Yu|Protect\n|move|p1b: Zapdos|U-turn|p2b: Chi-Yu\n|-activate|p2b: Chi-Yu|move: Protect\n|move|p2a: Moltres|Fiery Wrath|p1b: Zapdos|[spread] p1a,p1b\n|-resisted|p1a: Arcanine\n|-resisted|p1b: Zapdos\n|-damage|p1a: Arcanine|0 fnt\n|-damage|p1b: Zapdos|48\/100\n|faint|p1a: Arcanine\n|\n|upkeep\n|\n|t:|1700608741\n|switch|p1a: Farigiraf|Farigiraf, L50, M|100\/100\n|turn|6\n|\n|t:|1700608760\n|move|p1b: Zapdos|U-turn|p2b: Chi-Yu\n|-damage|p2b: Chi-Yu|0 fnt\n|faint|p2b: Chi-Yu\n|move|p2a: Moltres|Fiery Wrath|p1b: Zapdos|[spread] p1a,p1b\n|-supereffective|p1a: Farigiraf\n|-resisted|p1b: Zapdos\n|-damage|p1a: Farigiraf|0 fnt\n|-damage|p1b: Zapdos|9\/100\n|faint|p1a: Farigiraf\n|\n|upkeep\n|turn|7\n|\n|t:|1700608769\n|move|p1b: Zapdos|U-turn|p2a: Moltres\n|-supereffective|p2a: Moltres\n|-damage|p2a: Moltres|48\/100\n|-ability|p2a: Moltres|Berserk|boost\n|-boost|p2a: Moltres|spa|1\n|move|p2a: Moltres|Fiery Wrath|p1b: Zapdos\n|-resisted|p1b: Zapdos\n|-damage|p1b: Zapdos|0 fnt\n|faint|p1b: Zapdos\n|\n|win|Moxiemencefan21\n|raw|erikbound's rating: 1528 &rarr; <strong>1513<\/strong><br \/>(-15 for losing)\n|raw|Moxiemencefan21's rating: 1617 &rarr; <strong>1632<\/strong><br \/>(+15 for winning)\n|l|\u2606erikbound\n","uploadtime":1700608788,"views":6,"p1id":"erikbound","p2id":"moxiemencefan21","formatid":"gen9vgc2023regulatione","rating":1513,"private":0,"password":""}