{"id":"gen9vgc2023regulatione-1991925427","p1":"paracetamor_1","p2":"Paulsicle","format":"[Gen 9] VGC 2023 Regulation E","log":"|j|\u2606paracetamor_1\n|j|\u2606Paulsicle\n|t:|1700138902\n|gametype|doubles\n|player|p1|paracetamor_1|170|1125\n|player|p2|Paulsicle|1|1105\n|teamsize|p1|6\n|teamsize|p2|6\n|gen|9\n|tier|[Gen 9] VGC 2023 Regulation E\n|rated|\n|rule|Species Clause: Limit one of each Pok\u00e9mon\n|rule|Item Clause: Limit one of each item\n|clearpoke\n|poke|p1|Indeedee-F, L50, F|\n|poke|p1|Armarouge, L50, M|\n|poke|p1|Hatterene, L50, F|\n|poke|p1|Ursaluna, L50, M|\n|poke|p1|Lilligant-Hisui, L50, F|\n|poke|p1|Torkoal, L50, M|\n|poke|p2|Urshifu-*, L50, F|\n|poke|p2|Farigiraf, L50, M|\n|poke|p2|Clefairy, L50, M|\n|poke|p2|Ogerpon-Hearthflame, L50, F|\n|poke|p2|Ursaluna-Bloodmoon, L50, M|\n|poke|p2|Okidogi, L50, M|\n|teampreview|4\n|\n|t:|1700138951\n|start\n|switch|p1a: Indeedee|Indeedee-F, L50, F, shiny|100\/100\n|switch|p1b: Armarouge|Armarouge, L50, M, shiny|100\/100\n|switch|p2a: Clefairy|Clefairy, L50, M|100\/100\n|switch|p2b: Urshifu|Urshifu-Rapid-Strike, L50, F|100\/100\n|-fieldstart|move: Psychic Terrain|[from] ability: Psychic Surge|[of] p1a: Indeedee\n|-enditem|p1a: Indeedee|Psychic Seed\n|-boost|p1a: Indeedee|spd|1|[from] item: Psychic Seed\n|turn|1\n|\n|t:|1700138997\n|move|p2a: Clefairy|Helping Hand|p2b: Urshifu\n|-singleturn|p2b: Urshifu|Helping Hand|[of] p2a: Clefairy\n|move|p1b: Armarouge|Protect|p1b: Armarouge\n|-singleturn|p1b: Armarouge|Protect\n|move|p2b: Urshifu|Surging Strikes|p1b: Armarouge\n|-supereffective|p1b: Armarouge\n|-crit|p1b: Armarouge\n|-damage|p1b: Armarouge|43\/100\n|-supereffective|p1b: Armarouge\n|-crit|p1b: Armarouge\n|-damage|p1b: Armarouge|0 fnt\n|faint|p1b: Armarouge\n|-hitcount|p1: Armarouge|2\n|move|p1a: Indeedee|Dazzling Gleam|p2b: Urshifu|[spread] p2a,p2b\n|-crit|p2a: Clefairy\n|-supereffective|p2b: Urshifu\n|-damage|p2a: Clefairy|81\/100\n|-damage|p2b: Urshifu|70\/100\n|\n|upkeep\n|\n|t:|1700139023\n|switch|p1b: Hatterene|Hatterene, L50, F, shiny|100\/100\n|turn|2\n|\n|t:|1700139035\n|move|p2a: Clefairy|Helping Hand|p2b: Urshifu\n|-singleturn|p2b: Urshifu|Helping Hand|[of] p2a: Clefairy\n|move|p1a: Indeedee|Follow Me|p1a: Indeedee\n|-singleturn|p1a: Indeedee|move: Follow Me\n|move|p2b: Urshifu|Surging Strikes|p1a: Indeedee\n|-crit|p1a: Indeedee\n|-damage|p1a: Indeedee|70\/100\n|-crit|p1a: Indeedee\n|-damage|p1a: Indeedee|39\/100\n|-crit|p1a: Indeedee\n|-damage|p1a: Indeedee|10\/100\n|-hitcount|p1a: Indeedee|3\n|move|p1b: Hatterene|Dazzling Gleam|p2a: Clefairy|[spread] p2a,p2b\n|-supereffective|p2b: Urshifu\n|-damage|p2a: Clefairy|34\/100\n|-damage|p2b: Urshifu|0 fnt\n|faint|p2b: Urshifu\n|-damage|p1b: Hatterene|91\/100|[from] item: Life Orb\n|\n|upkeep\n|\n|t:|1700139054\n|switch|p2b: Okidogi|Okidogi, L50, M|100\/100\n|turn|3\n|\n|t:|1700139067\n|move|p2a: Clefairy|Helping Hand|p2b: Okidogi\n|-singleturn|p2b: Okidogi|Helping Hand|[of] p2a: Clefairy\n|move|p2b: Okidogi|Snarl|p1a: Indeedee|[spread] p1a,p1b\n|-supereffective|p1a: Indeedee\n|-damage|p1a: Indeedee|0 fnt\n|-damage|p1b: Hatterene|82\/100\n|-unboost|p1b: Hatterene|spa|1\n|faint|p1a: Indeedee\n|move|p1b: Hatterene|Psychic|p2b: Okidogi\n|-supereffective|p2b: Okidogi\n|-damage|p2b: Okidogi|0 fnt\n|faint|p2b: Okidogi\n|-damage|p1b: Hatterene|72\/100|[from] item: Life Orb\n|\n|upkeep\n|\n|t:|1700139081\n|switch|p2b: Ursaluna|Ursaluna-Bloodmoon, L50, M|100\/100\n|switch|p1a: Ursaluna|Ursaluna, L50, M, shiny|100\/100\n|turn|4\n|\n|t:|1700139118\n|move|p2a: Clefairy|Helping Hand|p2b: Ursaluna\n|-singleturn|p2b: Ursaluna|Helping Hand|[of] p2a: Clefairy\n|move|p2b: Ursaluna|Blood Moon|p1b: Hatterene\n|-damage|p1b: Hatterene|0 fnt\n|faint|p1b: Hatterene\n|-damage|p2b: Ursaluna|91\/100|[from] item: Life Orb\n|move|p1a: Ursaluna|Facade|p2a: Clefairy\n|-damage|p2a: Clefairy|4\/100\n|\n|-status|p1a: Ursaluna|brn|[from] item: Flame Orb\n|upkeep\n|turn|5\n|\n|t:|1700139139\n|move|p2a: Clefairy|Follow Me|p2a: Clefairy\n|-singleturn|p2a: Clefairy|move: Follow Me\n|move|p2b: Ursaluna|Hyper Voice|p1a: Ursaluna\n|-damage|p1a: Ursaluna|38\/100 brn\n|-damage|p2b: Ursaluna|81\/100|[from] item: Life Orb\n|move|p1a: Ursaluna|Facade|p2a: Clefairy\n|-damage|p2a: Clefairy|0 fnt\n|faint|p2a: Clefairy\n|\n|-damage|p1a: Ursaluna|32\/100 brn|[from] brn\n|-fieldend|move: Psychic Terrain\n|upkeep\n|turn|6\n|\n|t:|1700139152\n|move|p1a: Ursaluna|Protect|p1a: Ursaluna\n|-singleturn|p1a: Ursaluna|Protect\n|move|p2b: Ursaluna|Hyper Voice|p1a: Ursaluna\n|-activate|p1a: Ursaluna|move: Protect\n|\n|-damage|p1a: Ursaluna|26\/100 brn|[from] brn\n|upkeep\n|turn|7\n|\n|t:|1700139162\n|move|p2b: Ursaluna|Blood Moon|p1a: Ursaluna\n|-crit|p1a: Ursaluna\n|-damage|p1a: Ursaluna|0 fnt\n|faint|p1a: Ursaluna\n|-damage|p2b: Ursaluna|72\/100|[from] item: Life Orb\n|\n|win|Paulsicle\n|raw|paracetamor_1's rating: 1125 &rarr; <strong>1099<\/strong><br \/>(-26 for losing)\n|raw|Paulsicle's rating: 1105 &rarr; <strong>1131<\/strong><br \/>(+26 for winning)\n","uploadtime":1700139176,"views":26,"p1id":"paracetamor1","p2id":"paulsicle","formatid":"gen9vgc2023regulatione","rating":1099,"private":0,"password":""}