{"id":"gen9vgc2023regulatione-1996616490","p1":"JEMM1992","p2":"OceanRayClark","format":"[Gen 9] VGC 2023 Regulation E","log":"|j|\u2606JEMM1992\n|j|\u2606OceanRayClark\n|t:|1700701036\n|gametype|doubles\n|player|p1|JEMM1992|lucas|1095\n|player|p2|OceanRayClark|marshal|1140\n|teamsize|p1|6\n|teamsize|p2|6\n|gen|9\n|tier|[Gen 9] VGC 2023 Regulation E\n|rated|\n|rule|Species Clause: Limit one of each Pok\u00e9mon\n|rule|Item Clause: Limit one of each item\n|clearpoke\n|poke|p1|Baxcalibur, L50, M|\n|poke|p1|Bronzong, L50|\n|poke|p1|Tornadus, L50, M|\n|poke|p1|Flutter Mane, L50|\n|poke|p1|Indeedee-F, L50, F|\n|poke|p1|Armarouge, L50, M|\n|poke|p2|Annihilape, L50, M|\n|poke|p2|Gallade, L50, M|\n|poke|p2|Iron Hands, L50|\n|poke|p2|Glimmora, L50, F|\n|poke|p2|Ninetales-Alola, L50, F|\n|poke|p2|Haxorus, L50, M|\n|teampreview|4\nOceanRayClark rejected open team sheets.\n|\n|t:|1700701066\n|start\n|switch|p1a: Indeedee|Indeedee-F, L50, F|100\/100\n|switch|p1b: Armarouge|Armarouge, L50, M|100\/100\n|switch|p2a: Beetlemon|Iron Hands, L50, shiny|100\/100\n|switch|p2b: Princess|Ninetales-Alola, L50, F|100\/100\n|-weather|Snow|[from] ability: Snow Warning|[of] p2b: Princess\n|-fieldstart|move: Psychic Terrain|[from] ability: Psychic Surge|[of] p1a: Indeedee\n|-enditem|p1a: Indeedee|Psychic Seed\n|-boost|p1a: Indeedee|spd|1|[from] item: Psychic Seed\n|-enditem|p2a: Beetlemon|Booster Energy\n|-activate|p2a: Beetlemon|ability: Quark Drive|[fromitem]\n|-start|p2a: Beetlemon|quarkdriveatk\n|turn|1\n|inactive|Battle timer is ON: inactive players will automatically lose when time's up. (requested by OceanRayClark)\n|\n|t:|1700701096\n|-terastallize|p2a: Beetlemon|Ground\n|move|p2b: Princess|Protect|p2b: Princess\n|-singleturn|p2b: Princess|Protect\n|move|p1b: Armarouge|Protect|p1b: Armarouge\n|-singleturn|p1b: Armarouge|Protect\n|move|p1a: Indeedee|Fake Out|p2b: Princess\n|-activate|p2b: Princess|move: Psychic Terrain\n|move|p2a: Beetlemon|Earthquake|p1b: Armarouge|[spread] p1a\n|-activate|p2b: Princess|move: Protect\n|-activate|p1b: Armarouge|move: Protect\n|-damage|p1a: Indeedee|45\/100\n|\n|-weather|Snow|[upkeep]\n|upkeep\n|turn|2\n|inactive|JEMM1992 has 30 seconds left.\n|inactive|OceanRayClark has 30 seconds left.\n|inactive|OceanRayClark has 20 seconds left.\n|inactive|OceanRayClark has 15 seconds left.\n|\n|t:|1700701138\n|move|p1a: Indeedee|Helping Hand|p1b: Armarouge\n|-singleturn|p1b: Armarouge|Helping Hand|[of] p1a: Indeedee\n|move|p2b: Princess|Blizzard|p1b: Armarouge|[spread] p1a,p1b\n|-resisted|p1b: Armarouge\n|-damage|p1a: Indeedee|25\/100\n|-damage|p1b: Armarouge|85\/100\n|move|p1b: Armarouge|Expanding Force|p2a: Beetlemon|[spread] p2a,p2b\n|-damage|p2a: Beetlemon|17\/100\n|-damage|p2b: Princess|0 fnt\n|faint|p2b: Princess\n|move|p2a: Beetlemon|Earthquake|p1a: Indeedee|[spread] p1a,p1b\n|-supereffective|p1b: Armarouge\n|-damage|p1a: Indeedee|0 fnt\n|-damage|p1b: Armarouge|0 fnt\n|faint|p1a: Indeedee\n|faint|p1b: Armarouge\n|\n|-weather|Snow|[upkeep]\n|upkeep\n|c|\u2606OceanRayClark|2 for the price of one, ill take it\n|c|\u2606OceanRayClark|lol jk\n|\n|t:|1700701162\n|switch|p2b: Soul Slicer|Gallade, L50, M|100\/100\n|switch|p1a: Bronzong|Bronzong, L50|100\/100\n|switch|p1b: Baxcalibur|Baxcalibur, L50, M|100\/100\n|turn|3\n|\n|t:|1700701177\n|-terastallize|p1b: Baxcalibur|Ground\n|move|p1a: Bronzong|Helping Hand|p1b: Baxcalibur\n|-singleturn|p1b: Baxcalibur|Helping Hand|[of] p1a: Bronzong\n|move|p2b: Soul Slicer|Wide Guard|p2b: Soul Slicer\n|-singleturn|p2b: Soul Slicer|Wide Guard\n|move|p1b: Baxcalibur|Earthquake|p2a: Beetlemon|[spread] \n|-activate|p2a: Beetlemon|move: Wide Guard\n|-activate|p2b: Soul Slicer|move: Wide Guard\n|-immune|p1a: Bronzong|[from] ability: Levitate\n|move|p2a: Beetlemon|Earthquake|p1a: Bronzong|[spread] p1b\n|-activate|p2b: Soul Slicer|move: Wide Guard\n|-immune|p1a: Bronzong|[from] ability: Levitate\n|-damage|p1b: Baxcalibur|46\/100\n|\n|-weather|Snow|[upkeep]\n|upkeep\n|turn|4\n|inactive|JEMM1992 has 30 seconds left.\n|inactive|OceanRayClark has 30 seconds left.\n|\n|t:|1700701206\n|move|p2b: Soul Slicer|Night Slash|p1a: Bronzong\n|-supereffective|p1a: Bronzong\n|-damage|p1a: Bronzong|40\/100\n|move|p1b: Baxcalibur|Icicle Crash|p2a: Beetlemon\n|-supereffective|p2a: Beetlemon\n|-damage|p2a: Beetlemon|0 fnt\n|faint|p2a: Beetlemon\n|-end|p2a: Beetlemon|Quark Drive|[silent]\n|-damage|p1b: Baxcalibur|37\/100|[from] item: Life Orb\n|move|p1a: Bronzong|Gyro Ball|p2b: Soul Slicer\n|-damage|p2b: Soul Slicer|58\/100\n|\n|-weather|Snow|[upkeep]\n|upkeep\n|\n|t:|1700701217\n|switch|p2a: Draco|Haxorus, L50, M, shiny|100\/100\n|-ability|p2a: Draco|Mold Breaker\n|turn|5\n|\n|t:|1700701231\n|move|p1a: Bronzong|Helping Hand|p1b: Baxcalibur\n|-singleturn|p1b: Baxcalibur|Helping Hand|[of] p1a: Bronzong\n|move|p2b: Soul Slicer|Wide Guard|p2b: Soul Slicer\n|-singleturn|p2b: Soul Slicer|Wide Guard\n|move|p2a: Draco|Earthquake|p1a: Bronzong|[spread] p1a,p1b\n|-activate|p2b: Soul Slicer|move: Wide Guard\n|-supereffective|p1a: Bronzong\n|-damage|p1a: Bronzong|0 fnt\n|-damage|p1b: Baxcalibur|13\/100\n|faint|p1a: Bronzong\n|move|p1b: Baxcalibur|Earthquake|p2a: Draco|[spread] \n|-activate|p2a: Draco|move: Wide Guard\n|-activate|p2b: Soul Slicer|move: Wide Guard\n|\n|-weather|Snow|[upkeep]\n|-fieldend|move: Psychic Terrain\n|upkeep\n|turn|6\n|c|\u2606OceanRayClark|gg\n|\n|t:|1700701250\n|move|p2a: Draco|Dragon Claw|p1b: Baxcalibur\n|-damage|p1b: Baxcalibur|0 fnt\n|faint|p1b: Baxcalibur\n|\n|win|OceanRayClark\n|raw|JEMM1992's rating: 1095 &rarr; <strong>1074<\/strong><br \/>(-21 for losing)\n|raw|OceanRayClark's rating: 1140 &rarr; <strong>1162<\/strong><br \/>(+22 for winning)\n|l|\u2606JEMM1992\n|c|\u2606OceanRayClark|mold breaker gets rid of levitate\n","uploadtime":1700701261,"views":2,"p1id":"jemm1992","p2id":"oceanrayclark","formatid":"gen9vgc2023regulatione","rating":1074,"private":0,"password":""}