{"id":"gen9vgc2023regulatione-1999306057","p1":"Jungle211","p2":"Dracula Nosferatu","format":"[Gen 9] VGC 2023 Regulation E","log":"|j|\u2606Jungle211\n|j|\u2606Dracula Nosferatu\n|t:|1701057796\n|gametype|doubles\n|player|p1|Jungle211|burglar|1307\n|player|p2|Dracula Nosferatu|dragontamer|1226\n|teamsize|p1|6\n|teamsize|p2|6\n|gen|9\n|tier|[Gen 9] VGC 2023 Regulation E\n|rated|\n|rule|Species Clause: Limit one of each Pok\u00e9mon\n|rule|Item Clause: Limit one of each item\n|clearpoke\n|poke|p1|Landorus-Therian, L50, M|\n|poke|p1|Iron Hands, L50|\n|poke|p1|Ogerpon-Wellspring, L50, F|\n|poke|p1|Dragapult, L50, M|\n|poke|p1|Chien-Pao, L50|\n|poke|p1|Heatran, L50, M|\n|poke|p2|Regidrago, L50|\n|poke|p2|Indeedee-F, L50, F|\n|poke|p2|Armarouge, L50, M|\n|poke|p2|Ursaluna, L50, F|\n|poke|p2|Torkoal, L50, F|\n|poke|p2|Lilligant-Hisui, L50, F|\n|teampreview|4\n|inactive|Battle timer is ON: inactive players will automatically lose when time's up. (requested by Dracula Nosferatu)\n|j| FGC IRONGOD\n|inactive|Jungle211 has 60 seconds left.\n|inactive|Dracula Nosferatu has 60 seconds left.\n|inactive|Dracula Nosferatu has 30 seconds left.\n|inactive|Jungle211 has 30 seconds left.\n|inactive|Dracula Nosferatu has 20 seconds left.\n|inactive|Dracula Nosferatu has 15 seconds left.\n|\n|t:|1701057872\n|start\n|switch|p1a: Heatran|Heatran, L50, M|100\/100\n|switch|p1b: Chien-Pao|Chien-Pao, L50|100\/100\n|switch|p2a: Torkoal|Torkoal, L50, F|100\/100\n|switch|p2b: Lilligant|Lilligant-Hisui, L50, F|100\/100\n|-ability|p1b: Chien-Pao|Sword of Ruin\n|-weather|SunnyDay|[from] ability: Drought|[of] p2a: Torkoal\n|turn|1\n|\n|t:|1701057883\n|-terastallize|p1a: Heatran|Fairy\n|move|p1b: Chien-Pao|Sucker Punch|p2a: Torkoal\n|-damage|p2a: Torkoal|60\/100\n|move|p2b: Lilligant|Close Combat|p1a: Heatran\n|-resisted|p1a: Heatran\n|-damage|p1a: Heatran|62\/100\n|-unboost|p2b: Lilligant|def|1\n|-unboost|p2b: Lilligant|spd|1\n|move|p1a: Heatran|Heat Wave|p2a: Torkoal|[spread] p2a,p2b\n|-resisted|p2a: Torkoal\n|-supereffective|p2b: Lilligant\n|-damage|p2a: Torkoal|13\/100\n|-enditem|p2b: Lilligant|Focus Sash\n|-damage|p2b: Lilligant|1\/100\n|-damage|p1a: Heatran|53\/100|[from] item: Life Orb\n|move|p2a: Torkoal|Heat Wave|p1b: Chien-Pao|[spread] p1b\n|-start|p1a: Heatran|ability: Flash Fire\n|-supereffective|p1b: Chien-Pao\n|-enditem|p1b: Chien-Pao|Focus Sash\n|-damage|p1b: Chien-Pao|1\/100\n|\n|-weather|SunnyDay|[upkeep]\n|upkeep\n|turn|2\n|inactive|Dracula Nosferatu has 30 seconds left.\n|\n|t:|1701057911\n|switch|p1b: Landorus|Landorus-Therian, L50, M|100\/100\n|-ability|p1b: Landorus|Intimidate|boost\n|-unboost|p2a: Torkoal|atk|1\n|-unboost|p2b: Lilligant|atk|1\n|move|p2b: Lilligant|Sleep Powder|p1b: Landorus\n|-status|p1b: Landorus|slp|[from] move: Sleep Powder\n|move|p1a: Heatran|Heat Wave|p2b: Lilligant|[spread] p2a,p2b\n|-resisted|p2a: Torkoal\n|-supereffective|p2b: Lilligant\n|-damage|p2a: Torkoal|0 fnt\n|-damage|p2b: Lilligant|0 fnt\n|faint|p2a: Torkoal\n|faint|p2b: Lilligant\n|-damage|p1a: Heatran|43\/100|[from] item: Life Orb\n|\n|-weather|SunnyDay|[upkeep]\n|upkeep\n|\n|t:|1701057923\n|switch|p2b: Regidrago|Regidrago, L50|100\/100\n|switch|p2a: Indeedee|Indeedee-F, L50, F|100\/100\n|-fieldstart|move: Psychic Terrain|[from] ability: Psychic Surge|[of] p2a: Indeedee\n|turn|3\n|inactive|Dracula Nosferatu has 30 seconds left.\n|\n|t:|1701057955\n|-terastallize|p2a: Indeedee|Fire\n|cant|p1b: Landorus|slp\n|move|p2b: Regidrago|Dragon Pulse|p1b: Landorus\n|-damage|p1b: Landorus|36\/100 slp\n|move|p1a: Heatran|Tera Blast|p2b: Regidrago|[anim] Tera Blast Fairy\n|-supereffective|p2b: Regidrago\n|-damage|p2b: Regidrago|0 fnt\n|faint|p2b: Regidrago\n|-damage|p1a: Heatran|33\/100|[from] item: Life Orb\n|move|p2a: Indeedee|Dazzling Gleam|p1a: Heatran|[spread] p1a,p1b\n|-crit|p1b: Landorus\n|-damage|p1a: Heatran|21\/100\n|-damage|p1b: Landorus|12\/100 slp\n|\n|-weather|SunnyDay|[upkeep]\n|upkeep\n|turn|4\n|inactive|Jungle211 has 30 seconds left.\n|\n|t:|1701057984\n|cant|p1b: Landorus|slp\n|move|p1a: Heatran|Tera Blast|p2a: Indeedee|[anim] Tera Blast Fairy\n|-resisted|p2a: Indeedee\n|-damage|p2a: Indeedee|73\/100\n|-damage|p1a: Heatran|11\/100|[from] item: Life Orb\n|move|p2a: Indeedee|Trick Room|p2a: Indeedee\n|-fieldstart|move: Trick Room|[of] p2a: Indeedee\n|\n|-weather|SunnyDay|[upkeep]\n|upkeep\n|turn|5\n|\n|t:|1701057992\n|move|p2a: Indeedee|Dazzling Gleam|p1a: Heatran|[spread] p1a,p1b\n|-damage|p1a: Heatran|0 fnt\n|-damage|p1b: Landorus|0 fnt\n|faint|p1a: Heatran\n|faint|p1b: Landorus\n|\n|-weather|none\n|upkeep\n|\n|t:|1701057995\n|switch|p1a: Dragapult|Dragapult, L50, M, shiny|100\/100\n|switch|p1b: Chien-Pao|Chien-Pao, L50|1\/100\n|-ability|p1b: Chien-Pao|Sword of Ruin\n|turn|6\n|c|\u2606Dracula Nosferatu|damn\n|\n|t:|1701058009\n|move|p2a: Indeedee|Dazzling Gleam|p1b: Chien-Pao|[spread] p1a,p1b\n|-supereffective|p1a: Dragapult\n|-supereffective|p1b: Chien-Pao\n|-damage|p1a: Dragapult|65\/100\n|-damage|p1b: Chien-Pao|0 fnt\n|faint|p1b: Chien-Pao\n|move|p1a: Dragapult|U-turn|p2a: Indeedee\n|-resisted|p2a: Indeedee\n|-damage|p2a: Indeedee|57\/100\n|-damage|p1a: Dragapult|48\/100|[from] item: Rocky Helmet|[of] p2a: Indeedee\n|\n|upkeep\n|turn|7\n|\n|t:|1701058017\n|move|p2a: Indeedee|Dazzling Gleam|p1a: Dragapult\n|-supereffective|p1a: Dragapult\n|-damage|p1a: Dragapult|0 fnt\n|faint|p1a: Dragapult\n|\n|win|Dracula Nosferatu\n|raw|Jungle211's rating: 1307 &rarr; <strong>1282<\/strong><br \/>(-25 for losing)\n|raw|Dracula Nosferatu's rating: 1226 &rarr; <strong>1257<\/strong><br \/>(+31 for winning)\n|l|\u2606Jungle211\n","uploadtime":1701058023,"views":1,"p1id":"jungle211","p2id":"draculanosferatu","formatid":"gen9vgc2023regulatione","rating":1257,"private":0,"password":""}