{"id":"gen9vgc2023regulatione-1991754906","p1":"Aerdan","p2":"kidturtle","format":"[Gen 9] VGC 2023 Regulation E","log":"|j|\u2606Aerdan\n|j|\u2606kidturtle\n|t:|1700111604\n|gametype|doubles\n|player|p1|Aerdan|cynthia|\n|player|p2|kidturtle|hoopster|\n|teamsize|p1|6\n|teamsize|p2|6\n|gen|9\n|tier|[Gen 9] VGC 2023 Regulation E\n|rated|Tournament battle\n|rule|Species Clause: Limit one of each Pok\u00e9mon\n|rule|Item Clause: Limit one of each item\n|clearpoke\n|poke|p1|Kommo-o, L50, M|\n|poke|p1|Tyranitar, L50, M|\n|poke|p1|Rillaboom, L50, F|\n|poke|p1|Arcanine-Hisui, L50, F|\n|poke|p1|Iron Bundle, L50|\n|poke|p1|Landorus-Therian, L50, M|\n|poke|p2|Ursaluna, L50, M|\n|poke|p2|Cresselia, L50, F|\n|poke|p2|Flutter Mane, L50|\n|poke|p2|Chi-Yu, L50|\n|poke|p2|Iron Hands, L50|\n|poke|p2|Urshifu-*, L50, M|\n|teampreview|4\n|showteam|p1|Kommo-o||Leftovers|Bulletproof|BodyPress,IronDefense,IronHead,Protect|||M|||50|,,,,,Steel]Tyranitar||AssaultVest|SandStream|KnockOff,RockSlide,LowKick,TeraBlast|||M|||50|,,,,,Psychic]Rillaboom||MiracleSeed|GrassySurge|FakeOut,WoodHammer,GrassyGlide,Taunt|||F|||50|,,,,,Grass]Arcanine-Hisui||SitrusBerry|Intimidate|FlareBlitz,RockSlide,Howl,WillOWisp|||F|||50|,,,,,Water]Iron Bundle||BoosterEnergy|QuarkDrive|FreezeDry,IcyWind,HydroPump,Protect||||||50|,,,,,Ghost]Landorus-Therian||ChoiceScarf|Intimidate|StompingTantrum,Uturn,TeraBlast,RockSlide|||M|||50|,,,,,Flying\n|showteam|p2|Ursaluna||FlameOrb|Guts|Facade,Earthquake,SwordsDance,Protect|||M|||50|,,,,,Ghost]Cresselia||MentalHerb|Levitate|IceBeam,AllySwitch,LunarBlessing,TrickRoom|||F|||50|,,,,,Fairy]Flutter Mane||BoosterEnergy|Protosynthesis|IcyWind,ShadowBall,Moonblast,Protect||||||50|,,,,,Fairy]Chi-Yu||ChoiceSpecs|BeadsofRuin|BurningJealousy,DarkPulse,Overheat,Snarl||||||50|,,,,,Ghost]Iron Hands||SitrusBerry|QuarkDrive|DrainPunch,WildCharge,FakeOut,SwordsDance||||||50|,,,,,Fire]Urshifu||FocusSash|UnseenFist|Detect,WickedBlow,CloseCombat,SuckerPunch|||M|||50|,,,,,Dark\n|inactive|Battle timer is ON: inactive players will automatically lose when time's up. (requested by Aerdan)\n|inactive|kidturtle has 60 seconds left.\n|\n|t:|1700111642\n|start\n|switch|p1a: Kommo-o|Kommo-o, L50, M|100\/100\n|switch|p1b: Tyranitar|Tyranitar, L50, M|100\/100\n|switch|p2a: Flutter Mane|Flutter Mane, L50, shiny|100\/100\n|switch|p2b: Chi-Yu|Chi-Yu, L50|100\/100\n|-ability|p2b: Chi-Yu|Beads of Ruin\n|-weather|Sandstorm|[from] ability: Sand Stream|[of] p1b: Tyranitar\n|-enditem|p2a: Flutter Mane|Booster Energy\n|-activate|p2a: Flutter Mane|ability: Protosynthesis|[fromitem]\n|-start|p2a: Flutter Mane|protosynthesisspe\n|turn|1\n|inactive|Aerdan has 30 seconds left.\n|inactive|kidturtle has 30 seconds left.\n|\n|t:|1700111674\n|move|p1a: Kommo-o|Protect|p1a: Kommo-o\n|-singleturn|p1a: Kommo-o|Protect\n|move|p2a: Flutter Mane|Moonblast|p1b: Tyranitar\n|-supereffective|p1b: Tyranitar\n|-damage|p1b: Tyranitar|41\/100\n|move|p2b: Chi-Yu|Dark Pulse|p1b: Tyranitar\n|-resisted|p1b: Tyranitar\n|-damage|p1b: Tyranitar|21\/100\n|move|p1b: Tyranitar|Knock Off|p2b: Chi-Yu\n|-resisted|p2b: Chi-Yu\n|-damage|p2b: Chi-Yu|53\/100\n|-enditem|p2b: Chi-Yu|Choice Specs|[from] move: Knock Off|[of] p1b: Tyranitar\n|\n|-weather|Sandstorm|[upkeep]\n|-damage|p2a: Flutter Mane|94\/100|[from] Sandstorm\n|-damage|p2b: Chi-Yu|47\/100|[from] Sandstorm\n|-damage|p1a: Kommo-o|94\/100|[from] Sandstorm\n|-heal|p1a: Kommo-o|100\/100|[from] item: Leftovers\n|upkeep\n|turn|2\n|inactive|Aerdan has 30 seconds left.\n|inactive|kidturtle has 30 seconds left.\n|\n|t:|1700111708\n|-terastallize|p1a: Kommo-o|Steel\n|move|p2a: Flutter Mane|Moonblast|p1b: Tyranitar\n|-supereffective|p1b: Tyranitar\n|-damage|p1b: Tyranitar|0 fnt\n|faint|p1b: Tyranitar\n|move|p2b: Chi-Yu|Burning Jealousy|p1a: Kommo-o\n|-supereffective|p1a: Kommo-o\n|-damage|p1a: Kommo-o|14\/100\n|move|p1a: Kommo-o|Iron Head|p2a: Flutter Mane\n|-supereffective|p2a: Flutter Mane\n|-damage|p2a: Flutter Mane|0 fnt\n|faint|p2a: Flutter Mane\n|-end|p2a: Flutter Mane|Protosynthesis|[silent]\n|\n|-weather|Sandstorm|[upkeep]\n|-damage|p2b: Chi-Yu|40\/100|[from] Sandstorm\n|-heal|p1a: Kommo-o|20\/100|[from] item: Leftovers\n|upkeep\n|\n|t:|1700111725\n|switch|p2a: Cresselia|Cresselia, L50, F|100\/100\n|switch|p1b: Landorus|Landorus-Therian, L50, M|100\/100\n|-ability|p1b: Landorus|Intimidate|boost\n|-unboost|p2a: Cresselia|atk|1\n|-unboost|p2b: Chi-Yu|atk|1\n|turn|3\n|\n|t:|1700111736\n|move|p1a: Kommo-o|Protect|p1a: Kommo-o\n|-singleturn|p1a: Kommo-o|Protect\n|move|p1b: Landorus|Rock Slide|p2b: Chi-Yu|[spread] p2a,p2b\n|-supereffective|p2b: Chi-Yu\n|-damage|p2a: Cresselia|88\/100\n|-damage|p2b: Chi-Yu|0 fnt\n|faint|p2b: Chi-Yu\n|cant|p2a: Cresselia|flinch\n|\n|-weather|Sandstorm|[upkeep]\n|-damage|p2a: Cresselia|82\/100|[from] Sandstorm\n|-heal|p1a: Kommo-o|26\/100|[from] item: Leftovers\n|upkeep\n|\n|t:|1700111740\n|switch|p2b: Ursaluna|Ursaluna, L50, M|100\/100\n|turn|4\n|\n|t:|1700111759\n|switch|p1b: Arcanine|Arcanine-Hisui, L50, F|100\/100\n|-ability|p1b: Arcanine|Intimidate|boost\n|-unboost|p2a: Cresselia|atk|1\n|-unboost|p2b: Ursaluna|atk|1\n|-terastallize|p2b: Ursaluna|Ghost\n|move|p1a: Kommo-o|Body Press|p2b: Ursaluna\n|-immune|p2b: Ursaluna\n|move|p2b: Ursaluna|Swords Dance|p2b: Ursaluna\n|-boost|p2b: Ursaluna|atk|2\n|move|p2a: Cresselia|Trick Room|p2a: Cresselia\n|-fieldstart|move: Trick Room|[of] p2a: Cresselia\n|\n|-weather|Sandstorm|[upkeep]\n|-damage|p2b: Ursaluna|95\/100|[from] Sandstorm\n|-damage|p2a: Cresselia|75\/100|[from] Sandstorm\n|-heal|p1a: Kommo-o|32\/100|[from] item: Leftovers\n|-status|p2b: Ursaluna|brn|[from] item: Flame Orb\n|upkeep\n|turn|5\n|\n|t:|1700111783\n|move|p1a: Kommo-o|Protect|p1a: Kommo-o\n|-singleturn|p1a: Kommo-o|Protect\n|move|p2b: Ursaluna|Facade|p1b: Arcanine\n|-resisted|p1b: Arcanine\n|-crit|p1b: Arcanine\n|-damage|p1b: Arcanine|0 fnt\n|faint|p1b: Arcanine\n|move|p2a: Cresselia|Ice Beam|p1a: Kommo-o\n|-activate|p1a: Kommo-o|move: Protect\n|\n|-weather|none\n|-heal|p1a: Kommo-o|38\/100|[from] item: Leftovers\n|-damage|p2b: Ursaluna|89\/100 brn|[from] brn\n|upkeep\n|\n|t:|1700111793\n|switch|p1b: Landorus|Landorus-Therian, L50, M|100\/100\n|-ability|p1b: Landorus|Intimidate|boost\n|-unboost|p2a: Cresselia|atk|1\n|-unboost|p2b: Ursaluna|atk|1\n|turn|6\n|\n|t:|1700111805\n|move|p2b: Ursaluna|Facade|p1b: Landorus\n|-damage|p1b: Landorus|0 fnt\n|faint|p1b: Landorus\n|move|p2a: Cresselia|Ice Beam|p1a: Kommo-o\n|-resisted|p1a: Kommo-o\n|-damage|p1a: Kommo-o|31\/100\n|move|p1a: Kommo-o|Body Press|p2a: Cresselia\n|-resisted|p2a: Cresselia\n|-damage|p2a: Cresselia|63\/100\n|\n|-heal|p1a: Kommo-o|37\/100|[from] item: Leftovers\n|-damage|p2b: Ursaluna|83\/100 brn|[from] brn\n|upkeep\n|turn|7\n|c|\u2606kidturtle|gg\n|\n|t:|1700111816\n|move|p2b: Ursaluna|Earthquake|p1a: Kommo-o|[spread] p1a\n|-immune|p2a: Cresselia|[from] ability: Levitate\n|-supereffective|p1a: Kommo-o\n|-damage|p1a: Kommo-o|0 fnt\n|faint|p1a: Kommo-o\n|\n|win|kidturtle\n|n|\u2606Aerdan|aerdan\n|n|\u2606kidturtle|kidturtle\n","uploadtime":1700111819,"views":15,"p1id":"aerdan","p2id":"kidturtle","formatid":"gen9vgc2023regulatione","rating":0,"private":0,"password":""}