{"id":"gen9vgc2023regulatione-1994868643","p1":"the brit crit","p2":"Tagiruz","format":"[Gen 9] VGC 2023 Regulation E","log":"|j|\u2606the brit crit\n|j|\u2606Tagiruz\n|n|\u2606the brit crit|thebritcrit\n|n|\u2606Tagiruz|tagiruz\n|html|View the match progress at <a href=\"\/game-bestof3-gen9vgc2023regulatione-1994868642\">game-bestof3-gen9vgc2023regulatione-1994868642<\/a>\n|t:|1700500168\n|gametype|doubles\n|player|p1|the brit crit|leon-tower|\n|player|p2|Tagiruz|hugh|\n|teamsize|p1|6\n|teamsize|p2|6\n|gen|9\n|tier|[Gen 9] VGC 2023 Regulation E\n|rated|Tournament battle\n|rule|Species Clause: Limit one of each Pok\u00e9mon\n|rule|Item Clause: Limit one of each item\n|clearpoke\n|poke|p1|Urshifu-*, L50, M|\n|poke|p1|Gothitelle, L50, F|\n|poke|p1|Flutter Mane, L50|\n|poke|p1|Rillaboom, L50, F|\n|poke|p1|Ogerpon-Hearthflame, L50, F|\n|poke|p1|Gastrodon, L50, F|\n|poke|p2|Baxcalibur, L50, F|\n|poke|p2|Tornadus, L50, M|\n|poke|p2|Arcanine-Hisui, L50, M|\n|poke|p2|Ninetales-Alola, L50, M|\n|poke|p2|Rillaboom, L50, F|\n|poke|p2|Urshifu-*, L50, M|\n|teampreview|4\n|showteam|p1|Urshifu-Rapid-Strike||MysticWater|UnseenFist|SurgingStrikes,AquaJet,Uturn,Protect|||M|||50|,,,,,Water]Gothitelle||SitrusBerry|ShadowTag|FakeOut,Psychic,Taunt,Protect|||F|||50|,,,,,Dark]Flutter Mane||BoosterEnergy|Protosynthesis|Moonblast,DazzlingGleam,ShadowBall,Protect||||||50|,,,,,Fairy]Rillaboom||AssaultVest|GrassySurge|FakeOut,DrumBeating,GrassyGlide,Uturn|||F|||50|,,,,,Fire]Ogerpon-Hearthflame||HearthflameMask|MoldBreaker|IvyCudgel,GrassyGlide,FollowMe,SpikyShield|||F|||50|,,,,,Fire]Gastrodon||Leftovers|StickyHold|EarthPower,IcyWind,Yawn,Protect|||F|||50|,,,,,Poison\n|showteam|p2|Baxcalibur||LoadedDice|ThermalExchange|IcicleSpear,HighHorsepower,DragonDance,Protect|||F|||50|,,,,,Poison]Tornadus||CovertCloak|Prankster|BleakwindStorm,RainDance,Taunt,Tailwind|||M|||50|,,,,,Flying]Arcanine-Hisui||SitrusBerry|Intimidate|RockSlide,FlareBlitz,WillOWisp,Protect|||M|||50|,,,,,Fairy]Ninetales-Alola||LightClay|SnowWarning|FreezeDry,Moonblast,Encore,AuroraVeil|||M|||50|,,,,,Water]Rillaboom||MiracleSeed|GrassySurge|WoodHammer,GrassyGlide,FakeOut,Protect|||F|||50|,,,,,Fire]Urshifu-Rapid-Strike||ChoiceScarf|UnseenFist|AquaJet,SurgingStrikes,CloseCombat,Uturn|||M|||50|,,,,,Water\n|j| Poke abir\n|inactive|Battle timer is ON: inactive players will automatically lose when time's up. (requested by the brit crit)\n|\n|t:|1700500252\n|start\n|switch|p1a: Ogerpon|Ogerpon-Hearthflame, L50, F|100\/100\n|switch|p1b: Gothitelle|Gothitelle, L50, F|100\/100\n|switch|p2a: Cobra Kai|Urshifu-Rapid-Strike, L50, M|100\/100\n|switch|p2b: Cloudy|Tornadus, L50, M|100\/100\n|-ability|p1a: Ogerpon|Mold Breaker\n|turn|1\n|inactive|the brit crit has 30 seconds left.\n|inactive|Tagiruz has 30 seconds left.\n|inactive|Tagiruz has 20 seconds left.\n|\n|t:|1700500288\n|-terastallize|p1a: Ogerpon|Fire\n|detailschange|p1a: Ogerpon|Ogerpon-Hearthflame-Tera, L50, F, tera:Fire\n|-ability|p1a: Ogerpon|Embody Aspect (Hearthflame)|boost\n|-boost|p1a: Ogerpon|atk|1\n|move|p1b: Gothitelle|Fake Out|p2a: Cobra Kai\n|-damage|p2a: Cobra Kai|96\/100\n|move|p2b: Cloudy|Rain Dance|p2b: Cloudy\n|-weather|RainDance\n|cant|p2a: Cobra Kai|flinch\n|move|p1a: Ogerpon|Ivy Cudgel|p2b: Cloudy|[anim] Ivy Cudgel Fire\n|-damage|p2b: Cloudy|17\/100\n|\n|-weather|RainDance|[upkeep]\n|upkeep\n|turn|2\n|\n|t:|1700500297\n|switch|p1b: Rillaboom|Rillaboom, L50, F|100\/100\n|-fieldstart|move: Grassy Terrain|[from] ability: Grassy Surge|[of] p1b: Rillaboom\n|move|p2b: Cloudy|Tailwind|p2b: Cloudy\n|-sidestart|p2: Tagiruz|move: Tailwind\n|move|p1a: Ogerpon|Grassy Glide|p2a: Cobra Kai\n|-supereffective|p2a: Cobra Kai\n|-damage|p2a: Cobra Kai|0 fnt\n|faint|p2a: Cobra Kai\n|\n|-weather|RainDance|[upkeep]\n|upkeep\n|\n|t:|1700500306\n|switch|p2a: Kong|Baxcalibur, L50, F|100\/100\n|turn|3\n|inactive|the brit crit has 30 seconds left.\n|\n|t:|1700500334\n|move|p2a: Kong|Protect|p2a: Kong\n|-singleturn|p2a: Kong|Protect\n|move|p1b: Rillaboom|Fake Out|p2a: Kong\n|-activate|p2a: Kong|move: Protect\n|move|p1a: Ogerpon|Grassy Glide|p2b: Cloudy\n|-resisted|p2b: Cloudy\n|-damage|p2b: Cloudy|0 fnt\n|faint|p2b: Cloudy\n|\n|-weather|RainDance|[upkeep]\n|upkeep\n|inactive|Tagiruz has 30 seconds left.\n|\n|t:|1700500362\n|switch|p2b: Rajang|Rillaboom, L50, F, shiny|100\/100\n|turn|4\n|\n|t:|1700500376\n|-terastallize|p2b: Rajang|Fire\n|move|p2b: Rajang|Fake Out|p1b: Rillaboom\n|-damage|p1b: Rillaboom|85\/100\n|move|p2a: Kong|Icicle Spear|p1b: Rillaboom\n|-supereffective|p1b: Rillaboom\n|-damage|p1b: Rillaboom|56\/100\n|-supereffective|p1b: Rillaboom\n|-damage|p1b: Rillaboom|29\/100\n|-supereffective|p1b: Rillaboom\n|-damage|p1b: Rillaboom|2\/100\n|-supereffective|p1b: Rillaboom\n|-damage|p1b: Rillaboom|0 fnt\n|faint|p1b: Rillaboom\n|-hitcount|p1: Rillaboom|4\n|move|p1a: Ogerpon|Ivy Cudgel|p2b: Rajang|[anim] Ivy Cudgel Fire\n|-resisted|p2b: Rajang\n|-damage|p2b: Rajang|67\/100\n|\n|-weather|RainDance|[upkeep]\n|-heal|p2b: Rajang|73\/100|[from] Grassy Terrain\n|upkeep\n|\n|t:|1700500394\n|switch|p1b: Gothitelle|Gothitelle, L50, F|100\/100\n|turn|5\n|inactive|the brit crit has 30 seconds left.\n|inactive|Tagiruz has 30 seconds left.\n|inactive|the brit crit has 20 seconds left.\n|inactive|Tagiruz has 20 seconds left.\n|inactive|the brit crit has 15 seconds left.\n|inactive|Tagiruz has 15 seconds left.\n|inactive|the brit crit has 10 seconds left.\n|inactive|the brit crit has 5 seconds left.\n|\n|t:|1700500448\n|move|p2b: Rajang|Protect|p2b: Rajang\n|-singleturn|p2b: Rajang|Protect\n|move|p1b: Gothitelle|Fake Out|p2a: Kong\n|-damage|p2a: Kong|95\/100\n|cant|p2a: Kong|flinch\n|move|p1a: Ogerpon|Ivy Cudgel|p2b: Rajang|[anim] Ivy Cudgel Fire\n|-activate|p2b: Rajang|move: Protect\n|\n|-weather|none\n|-heal|p2a: Kong|100\/100|[from] Grassy Terrain\n|-heal|p2b: Rajang|79\/100|[from] Grassy Terrain\n|-sideend|p2: Tagiruz|move: Tailwind\n|upkeep\n|turn|6\n|\n|t:|1700500470\n|move|p1a: Ogerpon|Ivy Cudgel|p2a: Kong|[anim] Ivy Cudgel Fire\n|-damage|p2a: Kong|0 fnt\n|faint|p2a: Kong\n|move|p1b: Gothitelle|Psychic|p2b: Rajang\n|-damage|p2b: Rajang|39\/100\n|-unboost|p2b: Rajang|spd|1\n|move|p2b: Rajang|Wood Hammer|p1b: Gothitelle\n|-damage|p1b: Gothitelle|0 fnt\n|faint|p1b: Gothitelle\n|-damage|p2b: Rajang|13\/100|[from] Recoil\n|\n|-heal|p2b: Rajang|19\/100|[from] Grassy Terrain\n|-fieldend|move: Grassy Terrain\n|upkeep\n|\n|t:|1700500474\n|switch|p1b: Flutter Mane|Flutter Mane, L50|100\/100\n|-enditem|p1b: Flutter Mane|Booster Energy\n|-activate|p1b: Flutter Mane|ability: Protosynthesis|[fromitem]\n|-start|p1b: Flutter Mane|protosynthesisspa\n|turn|7\n|\n|t:|1700500482\n|move|p2b: Rajang|Protect|p2b: Rajang\n|-singleturn|p2b: Rajang|Protect\n|move|p1b: Flutter Mane|Moonblast|p2b: Rajang\n|-activate|p2b: Rajang|move: Protect\n|move|p1a: Ogerpon|Ivy Cudgel|p2b: Rajang|[anim] Ivy Cudgel Fire\n|-activate|p2b: Rajang|move: Protect\n|\n|upkeep\n|turn|8\n|c| Poke abir|Gg\n|inactive|Tagiruz has 30 seconds left.\n|\n|t:|1700500509\n|move|p1b: Flutter Mane|Moonblast|p2b: Rajang\n|-resisted|p2b: Rajang\n|-damage|p2b: Rajang|0 fnt\n|faint|p2b: Rajang\n|\n|win|the brit crit\n|c|&|\/uhtml prompt-thebritcrit,the brit crit is ready for game 2!\n|c|&|\/uhtml prompt-tagiruz,Tagiruz is ready for game 2!\nBoth players are ready! Starting next match!\n|l| Poke abir\n","uploadtime":1700501176,"views":2,"p1id":"thebritcrit","p2id":"tagiruz","formatid":"gen9vgc2023regulatione","rating":0,"private":0,"password":""}