{"id":"gen9vgc2023regulatione-1998456776","p1":"Pyrus 1045","p2":"DunsparceBoss23","format":"[Gen 9] VGC 2023 Regulation E","log":"|j|\u2606Pyrus 1045\n|j|\u2606DunsparceBoss23\n|t:|1700944394\n|gametype|doubles\n|player|p1|Pyrus 1045|265|1103\n|player|p2|DunsparceBoss23|iris|1002\n|teamsize|p1|6\n|teamsize|p2|6\n|gen|9\n|tier|[Gen 9] VGC 2023 Regulation E\n|rated|\n|rule|Species Clause: Limit one of each Pok\u00e9mon\n|rule|Item Clause: Limit one of each item\n|clearpoke\n|poke|p1|Arcanine-Hisui, L50, M|\n|poke|p1|Ogerpon-Wellspring, L50, F|\n|poke|p1|Tornadus, L50, M|\n|poke|p1|Flutter Mane, L50|\n|poke|p1|Ursaluna-Bloodmoon, L50, M|\n|poke|p1|Iron Hands, L50|\n|poke|p2|Ninetales-Alola, L50, F|\n|poke|p2|Articuno, L50|\n|poke|p2|Chien-Pao, L50|\n|poke|p2|Cetitan, L50, M|\n|poke|p2|Baxcalibur, L50, F|\n|poke|p2|Iron Bundle, L50|\n|teampreview|4\n|inactive|Battle timer is ON: inactive players will automatically lose when time's up. (requested by DunsparceBoss23)\n|\n|t:|1700944420\n|start\n|switch|p1a: Tornadus|Tornadus, L50, M|100\/100\n|switch|p1b: Arcanine|Arcanine-Hisui, L50, M|100\/100\n|switch|p2a: Ninetales|Ninetales-Alola, L50, F, shiny|100\/100\n|switch|p2b: Iron Bundle|Iron Bundle, L50|100\/100\n|-weather|Snow|[from] ability: Snow Warning|[of] p2a: Ninetales\n|-ability|p1b: Arcanine|Intimidate|boost\n|-unboost|p2a: Ninetales|atk|1\n|-unboost|p2b: Iron Bundle|atk|1\n|-enditem|p2b: Iron Bundle|Booster Energy\n|-activate|p2b: Iron Bundle|ability: Quark Drive|[fromitem]\n|-start|p2b: Iron Bundle|quarkdrivespe\n|turn|1\n|\n|t:|1700944440\n|-terastallize|p1a: Tornadus|Steel\n|move|p1b: Arcanine|Extreme Speed|p2b: Iron Bundle\n|-damage|p2b: Iron Bundle|78\/100\n|move|p1a: Tornadus|Sunny Day|p1a: Tornadus\n|-weather|SunnyDay\n|move|p2b: Iron Bundle|Icy Wind|p1b: Arcanine|[spread] p1a,p1b\n|-resisted|p1a: Tornadus\n|-resisted|p1b: Arcanine\n|-damage|p1a: Tornadus|93\/100\n|-damage|p1b: Arcanine|88\/100\n|-unboost|p1b: Arcanine|spe|1\n|move|p2a: Ninetales|Chilling Water|p1b: Arcanine\n|-supereffective|p1b: Arcanine\n|-damage|p1b: Arcanine|55\/100\n|-unboost|p1b: Arcanine|atk|1\n|\n|-weather|SunnyDay|[upkeep]\n|upkeep\n|turn|2\n|inactive|DunsparceBoss23 has 30 seconds left.\n|inactive|DunsparceBoss23 has 20 seconds left.\n|inactive|DunsparceBoss23 has 15 seconds left.\n|\n|t:|1700944484\n|switch|p2a: Articuno|Articuno, L50, shiny|100\/100\n|move|p1a: Tornadus|Tailwind|p1a: Tornadus\n|-sidestart|p1: Pyrus 1045|move: Tailwind\n|move|p2b: Iron Bundle|Hydro Pump|p1b: Arcanine\n|-supereffective|p1b: Arcanine\n|-damage|p1b: Arcanine|0 fnt\n|faint|p1b: Arcanine\n|\n|-weather|SunnyDay|[upkeep]\n|upkeep\n|\n|t:|1700944497\n|switch|p1b: Flutter Mane|Flutter Mane, L50|100\/100\n|-activate|p1b: Flutter Mane|ability: Protosynthesis\n|-start|p1b: Flutter Mane|protosynthesisspe\n|turn|3\n|\n|t:|1700944515\n|move|p1b: Flutter Mane|Thunderbolt|p2b: Iron Bundle\n|-supereffective|p2b: Iron Bundle\n|-damage|p2b: Iron Bundle|0 fnt\n|faint|p2b: Iron Bundle\n|-end|p2b: Iron Bundle|Quark Drive|[silent]\n|move|p1a: Tornadus|Bleakwind Storm|p2a: Articuno\n|-damage|p2a: Articuno|62\/100\n|move|p2a: Articuno|Snowscape|p2a: Articuno\n|-weather|Snow\n|-end|p1b: Flutter Mane|Protosynthesis\n|\n|-weather|Snow|[upkeep]\n|upkeep\n|\n|t:|1700944520\n|switch|p2b: Cetitan|Cetitan, L50, M, shiny|100\/100\n|turn|4\n|\n|t:|1700944543\n|switch|p2a: Ninetales|Ninetales-Alola, L50, F, shiny|100\/100\n|move|p1a: Tornadus|Sunny Day|p1a: Tornadus\n|-weather|SunnyDay\n|-activate|p1b: Flutter Mane|ability: Protosynthesis\n|-start|p1b: Flutter Mane|protosynthesisspe\n|move|p1b: Flutter Mane|Thunderbolt|p2a: Ninetales\n|-damage|p2a: Ninetales|46\/100\n|move|p2b: Cetitan|Liquidation|p1b: Flutter Mane\n|-damage|p1b: Flutter Mane|71\/100\n|\n|-weather|SunnyDay|[upkeep]\n|upkeep\n|turn|5\n|-message|DunsparceBoss23 forfeited.\n|\n|win|Pyrus 1045\n|raw|Pyrus 1045's rating: 1103 &rarr; <strong>1121<\/strong><br \/>(+18 for winning)\n|raw|DunsparceBoss23's rating: 1002 &rarr; <strong>1000<\/strong><br \/>(-2 for losing)\n|l|\u2606DunsparceBoss23\n","uploadtime":1700944566,"views":1,"p1id":"pyrus1045","p2id":"dunsparceboss23","formatid":"gen9vgc2023regulatione","rating":1000,"private":0,"password":""}