{"id":"gen9vgc2023regulatione-2000099979","p1":"AmongusMaster5678","p2":"Spicy Cigar","format":"[Gen 9] VGC 2023 Regulation E","log":"|j|\u2606AmongusMaster5678\n|j|\u2606Spicy Cigar\n|t:|1701154735\n|gametype|doubles\n|player|p1|AmongusMaster5678|169|1425\n|player|p2|Spicy Cigar|169|1504\n|teamsize|p1|6\n|teamsize|p2|6\n|gen|9\n|tier|[Gen 9] VGC 2023 Regulation E\n|rated|\n|rule|Species Clause: Limit one of each Pok\u00e9mon\n|rule|Item Clause: Limit one of each item\n|clearpoke\n|poke|p1|Rillaboom, L50, F|\n|poke|p1|Arcanine-Hisui, L50, F|\n|poke|p1|Urshifu-*, L50, F|\n|poke|p1|Tornadus, L50, M|\n|poke|p1|Flutter Mane, L50|\n|poke|p1|Chien-Pao, L50|\n|poke|p2|Empoleon, L50, M|\n|poke|p2|Rillaboom, L50, F|\n|poke|p2|Arcanine-Hisui, L50, F|\n|poke|p2|Illumise, L50, F|\n|poke|p2|Farigiraf, L50, F|\n|poke|p2|Moltres-Galar, L50|\n|teampreview|4\n|inactive|Battle timer is ON: inactive players will automatically lose when time's up. (requested by AmongusMaster5678)\n|inactive|Spicy Cigar has 60 seconds left.\n|\n|t:|1701154778\n|start\n|switch|p1a: Flutter Mane|Flutter Mane, L50|100\/100\n|switch|p1b: Arcanine|Arcanine-Hisui, L50, F|100\/100\n|switch|p2a: Empoleon|Empoleon, L50, M|100\/100\n|switch|p2b: Farigiraf|Farigiraf, L50, F, shiny|100\/100\n|-ability|p1b: Arcanine|Intimidate|boost\n|-unboost|p2a: Empoleon|atk|1\n|-ability|p2a: Empoleon|Competitive|boost\n|-boost|p2a: Empoleon|spa|2\n|-unboost|p2b: Farigiraf|atk|1\n|-enditem|p1a: Flutter Mane|Booster Energy\n|-activate|p1a: Flutter Mane|ability: Protosynthesis|[fromitem]\n|-start|p1a: Flutter Mane|protosynthesisspe\n|turn|1\n|\n|t:|1701154797\n|-terastallize|p1b: Arcanine|Fairy\n|move|p1a: Flutter Mane|Taunt|p2b: Farigiraf\n|-start|p2b: Farigiraf|move: Taunt\n|move|p1b: Arcanine|Flare Blitz|p2a: Empoleon\n|-damage|p2a: Empoleon|10\/100\n|-damage|p1b: Arcanine|72\/100|[from] Recoil\n|move|p2a: Empoleon|Flash Cannon|p1a: Flutter Mane\n|-supereffective|p1a: Flutter Mane\n|-damage|p1a: Flutter Mane|0 fnt\n|faint|p1a: Flutter Mane\n|-end|p1a: Flutter Mane|Protosynthesis|[silent]\n|cant|p2b: Farigiraf|move: Taunt|Trick Room\n|\n|upkeep\n|l|\u2606Spicy Cigar\n|inactive|Spicy Cigar disconnected and has a minute to reconnect!\n|player|p2|\n|\n|t:|1701154814\n|switch|p1a: Chien-Pao|Chien-Pao, L50|100\/100\n|-ability|p1a: Chien-Pao|Sword of Ruin\n|turn|2\n|j|\u2606Spicy Cigar\n|inactive|Spicy Cigar reconnected and has 55 seconds left.\n|player|p2|Spicy Cigar|169\n|\n|t:|1701154830\n|-terastallize|p2b: Farigiraf|Fairy\n|move|p2a: Empoleon|Vacuum Wave|p1a: Chien-Pao\n|-supereffective|p1a: Chien-Pao\n|-enditem|p1a: Chien-Pao|Focus Sash\n|-damage|p1a: Chien-Pao|1\/100\n|move|p1a: Chien-Pao|Crunch|p2a: Empoleon\n|-damage|p2a: Empoleon|0 fnt\n|faint|p2a: Empoleon\n|move|p1b: Arcanine|Flare Blitz|p2b: Farigiraf\n|-damage|p2b: Farigiraf|0 fnt\n|-damage|p1b: Arcanine|56\/100|[from] item: Rocky Helmet|[of] p2b: Farigiraf\n|faint|p2b: Farigiraf\n|-damage|p1b: Arcanine|18\/100|[from] Recoil\n|\n|upkeep\n|\n|t:|1701154840\n|switch|p2b: Rillaboom|Rillaboom, L50, F|100\/100\n|switch|p2a: Moltres|Moltres-Galar, L50|100\/100\n|-fieldstart|move: Grassy Terrain|[from] ability: Grassy Surge|[of] p2b: Rillaboom\n|turn|3\n|\n|t:|1701154861\n|move|p2b: Rillaboom|Grassy Glide|p1b: Arcanine\n|-damage|p1b: Arcanine|0 fnt\n|faint|p1b: Arcanine\n|move|p1a: Chien-Pao|Icicle Crash|p2b: Rillaboom\n|-supereffective|p2b: Rillaboom\n|-damage|p2b: Rillaboom|0 fnt\n|faint|p2b: Rillaboom\n|move|p2a: Moltres|Fiery Wrath|p1a: Chien-Pao\n|-resisted|p1a: Chien-Pao\n|-damage|p1a: Chien-Pao|0 fnt\n|faint|p1a: Chien-Pao\n|\n|upkeep\n|\n|t:|1701154871\n|switch|p1b: Tornadus|Tornadus, L50, M|100\/100\n|turn|4\n|\n|t:|1701154877\n|move|p1b: Tornadus|Rain Dance|p1b: Tornadus\n|-weather|RainDance\n|move|p2a: Moltres|Nasty Plot|p2a: Moltres\n|-boost|p2a: Moltres|spa|2\n|\n|-weather|RainDance|[upkeep]\n|upkeep\n|turn|5\n|\n|t:|1701154884\n|move|p1b: Tornadus|Bleakwind Storm|p2a: Moltres\n|-damage|p2a: Moltres|59\/100\n|-unboost|p2a: Moltres|spe|1\n|move|p2a: Moltres|Fiery Wrath|p1b: Tornadus\n|-damage|p1b: Tornadus|17\/100\n|\n|-weather|RainDance|[upkeep]\n|upkeep\n|turn|6\n|\n|t:|1701154893\n|move|p1b: Tornadus|Bleakwind Storm|p2a: Moltres\n|-damage|p2a: Moltres|19\/100\n|-unboost|p2a: Moltres|spe|1\n|-ability|p2a: Moltres|Berserk|boost\n|-boost|p2a: Moltres|spa|1\n|-enditem|p2a: Moltres|Sitrus Berry|[eat]\n|-heal|p2a: Moltres|44\/100|[from] item: Sitrus Berry\n|move|p2a: Moltres|Fiery Wrath|p1b: Tornadus\n|-damage|p1b: Tornadus|0 fnt\n|faint|p1b: Tornadus\n|\n|win|Spicy Cigar\n|raw|AmongusMaster5678's rating: 1425 &rarr; <strong>1409<\/strong><br \/>(-16 for losing)\n|raw|Spicy Cigar's rating: 1504 &rarr; <strong>1520<\/strong><br \/>(+16 for winning)\n|c|\u2606Spicy Cigar|Gg\n|l|\u2606AmongusMaster5678\n","uploadtime":1701154913,"views":2,"p1id":"amongusmaster5678","p2id":"spicycigar","formatid":"gen9vgc2023regulatione","rating":1409,"private":0,"password":""}