{"id":"gen9vgc2023regulatione-1998695458","p1":"adanzio","p2":"TheBeast251","format":"[Gen 9] VGC 2023 Regulation E","log":"|j|\u2606adanzio\n|j|\u2606TheBeast251\n|t:|1700973761\n|gametype|doubles\n|player|p1|adanzio|265|1068\n|player|p2|TheBeast251|flannery|1171\n|teamsize|p1|6\n|teamsize|p2|6\n|gen|9\n|tier|[Gen 9] VGC 2023 Regulation E\n|rated|\n|rule|Species Clause: Limit one of each Pok\u00e9mon\n|rule|Item Clause: Limit one of each item\n|clearpoke\n|poke|p1|Flutter Mane, L50|\n|poke|p1|Tornadus, L50, M|\n|poke|p1|Urshifu-*, L50, F|\n|poke|p1|Arcanine-Hisui, L50, F|\n|poke|p1|Chien-Pao, L50|\n|poke|p1|Rillaboom, L50, F|\n|poke|p2|Tornadus, L50, M|\n|poke|p2|Sylveon, L50, M|\n|poke|p2|Gyarados, L50, F|\n|poke|p2|Brambleghast, L50, F|\n|poke|p2|Iron Hands, L50|\n|poke|p2|Heatran, L50, F|\n|teampreview|4\n|inactive|Battle timer is ON: inactive players will automatically lose when time's up. (requested by TheBeast251)\n|inactive|adanzio has 60 seconds left.\n|\n|t:|1700973837\n|start\n|switch|p1a: Chien-Pao|Chien-Pao, L50|100\/100\n|switch|p1b: Tornadus|Tornadus, L50, M|100\/100\n|switch|p2a: Tornadus|Tornadus, L50, M|100\/100\n|switch|p2b: Brambleghast|Brambleghast, L50, F|100\/100\n|-ability|p1a: Chien-Pao|Sword of Ruin\n|turn|1\n|\n|t:|1700973858\n|move|p2a: Tornadus|Tailwind|p2a: Tornadus\n|-sidestart|p2: TheBeast251|move: Tailwind\n|-ability|p2b: Brambleghast|Wind Rider|boost\n|-boost|p2b: Brambleghast|atk|1\n|move|p1b: Tornadus|Taunt|p2b: Brambleghast\n|-start|p2b: Brambleghast|move: Taunt\n|cant|p2b: Brambleghast|move: Taunt|Strength Sap\n|move|p1a: Chien-Pao|Ice Spinner|p2b: Brambleghast\n|-supereffective|p2b: Brambleghast\n|-damage|p2b: Brambleghast|0 fnt\n|-damage|p1a: Chien-Pao|84\/100|[from] item: Rocky Helmet|[of] p2b: Brambleghast\n|faint|p2b: Brambleghast\n|\n|upkeep\n|\n|t:|1700973868\n|switch|p2b: Iron Hands|Iron Hands, L50|100\/100\n|turn|2\n|\n|t:|1700973876\n|-terastallize|p1a: Chien-Pao|Ghost\n|move|p2b: Iron Hands|Fake Out|p1a: Chien-Pao\n|-immune|p1a: Chien-Pao\n|move|p1b: Tornadus|Tailwind|p1b: Tornadus\n|-sidestart|p1: adanzio|move: Tailwind\n|move|p1a: Chien-Pao|Ice Spinner|p2a: Tornadus\n|-supereffective|p2a: Tornadus\n|-crit|p2a: Tornadus\n|-damage|p2a: Tornadus|0 fnt\n|faint|p2a: Tornadus\n|\n|upkeep\n|\n|t:|1700973880\n|switch|p2a: Gyarados|Gyarados, L50, F, shiny|100\/100\n|-ability|p2a: Gyarados|Intimidate|boost\n|-unboost|p1a: Chien-Pao|atk|1\n|-unboost|p1b: Tornadus|atk|1\n|turn|3\n|inactive|adanzio has 30 seconds left.\n|inactive|adanzio has 20 seconds left.\n|inactive|adanzio has 15 seconds left.\n|inactive|adanzio has 10 seconds left.\n|inactive|adanzio has 5 seconds left.\n|\n|t:|1700973935\n|move|p1a: Chien-Pao|Ice Spinner|p2a: Gyarados\n|-crit|p2a: Gyarados\n|-damage|p2a: Gyarados|0 fnt\n|faint|p2a: Gyarados\n|move|p1b: Tornadus|Bleakwind Storm|p2b: Iron Hands\n|-damage|p2b: Iron Hands|75\/100\n|move|p2b: Iron Hands|Heavy Slam|p1a: Chien-Pao\n|-damage|p1a: Chien-Pao|51\/100\n|\n|upkeep\n|turn|4\n|c|\u2606TheBeast251|dumb as fuck\n|\n|t:|1700973949\n|move|p1a: Chien-Pao|Ice Spinner|p2b: Iron Hands\n|-damage|p2b: Iron Hands|49\/100\n|move|p1b: Tornadus|Bleakwind Storm|p2b: Iron Hands\n|-damage|p2b: Iron Hands|26\/100\n|move|p2b: Iron Hands|Wild Charge|p1b: Tornadus\n|-supereffective|p1b: Tornadus\n|-damage|p1b: Tornadus|0 fnt\n|faint|p1b: Tornadus\n|-damage|p2b: Iron Hands|7\/100|[from] Recoil\n|\n|-sideend|p2: TheBeast251|move: Tailwind\n|upkeep\n|\n|t:|1700973964\n|switch|p1b: Flutter Mane|Flutter Mane, L50|100\/100\n|-enditem|p1b: Flutter Mane|Booster Energy\n|-activate|p1b: Flutter Mane|ability: Protosynthesis|[fromitem]\n|-start|p1b: Flutter Mane|protosynthesisspa\n|turn|5\n|inactive|adanzio has 30 seconds left.\n|inactive|adanzio has 20 seconds left.\n|c|\u2606TheBeast251|pick any move holy shi ur acting like u need to use strategy\n|inactive|adanzio has 15 seconds left.\n|inactive|adanzio has 10 seconds left.\n|inactive|adanzio has 5 seconds left.\n|\n|t:|1700974019\n|move|p1a: Chien-Pao|Ice Spinner|p2b: Iron Hands\n|-damage|p2b: Iron Hands|0 fnt\n|faint|p2b: Iron Hands\n|-end|p2b: Iron Hands|Quark Drive|[silent]\n|\n|win|adanzio\n|raw|adanzio's rating: 1068 &rarr; <strong>1106<\/strong><br \/>(+38 for winning)\n|raw|TheBeast251's rating: 1171 &rarr; <strong>1139<\/strong><br \/>(-32 for losing)\n","uploadtime":1700973945,"views":3,"p1id":"adanzio","p2id":"thebeast251","formatid":"gen9vgc2023regulatione","rating":1106,"private":0,"password":""}