{"id":"gen9vgc2023regulatione-1989180396","p1":"MunchVGC","p2":"Jstardude","format":"[Gen 9] VGC 2023 Regulation E","log":"|j|\u2606MunchVGC\n|j|\u2606Jstardude\n|n|\u2606MunchVGC|munchvgc\n|n|\u2606Jstardude|jstardude\n|html|View the match progress at <a href=\"\/game-bestof3-gen9vgc2023regulatione-1989180395\">game-bestof3-gen9vgc2023regulatione-1989180395<\/a>\n|t:|1699820687\n|gametype|doubles\n|player|p1|MunchVGC|ingo|\n|player|p2|Jstardude|psychic-gen4|\n|teamsize|p1|6\n|teamsize|p2|6\n|gen|9\n|tier|[Gen 9] VGC 2023 Regulation E\n|rule|Species Clause: Limit one of each Pok\u00e9mon\n|rule|Item Clause: Limit one of each item\n|clearpoke\n|poke|p1|Clefairy, L50, F|\n|poke|p1|Snorlax, L50, M|\n|poke|p1|Gyarados, L50, F|\n|poke|p1|Landorus, L50, M|\n|poke|p1|Spiritomb, L50, M|\n|poke|p1|Heracross, L50, F|\n|poke|p2|Ting-Lu, L50|\n|poke|p2|Basculegion-F, L50, F|\n|poke|p2|Fezandipiti, L50, M|\n|poke|p2|Bisharp, L50, M|\n|poke|p2|Moltres, L50|\n|poke|p2|Tauros-Paldea-Combat, L50, M|\n|teampreview|4\n|inactive|Battle timer is ON: inactive players will automatically lose when time's up. (requested by MunchVGC)\n|c|\u2606MunchVGC|glhf\n|c|\u2606Jstardude|Timer off pls\n|inactive|MunchVGC has 60 seconds left.\n|inactive|Jstardude has 60 seconds left.\n|j| LackieLackey\n|j| Tuxmux\n|c| LackieLackey|Speedtour into content wooo\n|inactive|MunchVGC has 30 seconds left.\n|l| Tuxmux\n|j| Tuxmux\n|inactive|MunchVGC has 20 seconds left.\n|inactive|MunchVGC has 15 seconds left.\n|inactive|MunchVGC has 10 seconds left.\n|inactive|Jstardude has 30 seconds left.\n|\n|t:|1699820783\n|start\n|switch|p1a: Clefairy|Clefairy, L50, F|100\/100\n|switch|p1b: Gyara ara|Gyarados, L50, F, shiny|100\/100\n|switch|p2a: Fezandipiti|Fezandipiti, L50, M|100\/100\n|switch|p2b: Basculegion|Basculegion-F, L50, F|100\/100\n|-ability|p1b: Gyara ara|Intimidate|boost\n|-unboost|p2a: Fezandipiti|atk|1\n|-unboost|p2b: Basculegion|atk|1\n|turn|1\n|inactiveoff|Battle timer is now OFF.\n|j| jayballester\n|l| LackieLackey\n|\n|t:|1699820839\n|move|p1b: Gyara ara|Dragon Dance|p1b: Gyara ara\n|-boost|p1b: Gyara ara|atk|1\n|-boost|p1b: Gyara ara|spe|1\n|move|p2b: Basculegion|Shadow Ball|p1b: Gyara ara\n|-damage|p1b: Gyara ara|43\/100\n|-damage|p2b: Basculegion|91\/100|[from] item: Life Orb\n|move|p2a: Fezandipiti|Icy Wind|p1a: Clefairy|[spread] p1a,p1b\n|-damage|p1a: Clefairy|94\/100\n|-damage|p1b: Gyara ara|38\/100\n|-unboost|p1a: Clefairy|spe|1\n|-unboost|p1b: Gyara ara|spe|1\n|move|p1a: Clefairy|Heal Pulse|p1b: Gyara ara\n|-heal|p1b: Gyara ara|88\/100\n|\n|upkeep\n|turn|2\n|j| LackieLackey\n|j| Stryke Out\n|l| LackieLackey\n|j| LackieLackey\n|j| ryanogiggs11\n|\n|t:|1699820912\n|switch|p2b: Ting-Lu|Ting-Lu, L50|100\/100\n|-ability|p2b: Ting-Lu|Vessel of Ruin\n|move|p1a: Clefairy|Follow Me|p1a: Clefairy\n|-singleturn|p1a: Clefairy|move: Follow Me\n|move|p1b: Gyara ara|Waterfall|p2a: Fezandipiti\n|-damage|p2a: Fezandipiti|49\/100\n|move|p2a: Fezandipiti|Icy Wind|p1a: Clefairy|[spread] p1a,p1b\n|-damage|p1a: Clefairy|89\/100\n|-damage|p1b: Gyara ara|83\/100\n|-unboost|p1a: Clefairy|spe|1\n|-unboost|p1b: Gyara ara|spe|1\n|-status|p1a: Clefairy|tox|[from] ability: Toxic Chain|[of] p2a: Fezandipiti\n|\n|-heal|p2a: Fezandipiti|55\/100|[from] item: Leftovers\n|-damage|p1a: Clefairy|83\/100 tox|[from] psn\n|upkeep\n|turn|3\n|\n|t:|1699820956\n|move|p1a: Clefairy|Helping Hand|p1b: Gyara ara\n|-singleturn|p1b: Gyara ara|Helping Hand|[of] p1a: Clefairy\n|move|p2a: Fezandipiti|Icy Wind|p1a: Clefairy|[spread] p1a,p1b\n|-damage|p1a: Clefairy|78\/100 tox\n|-damage|p1b: Gyara ara|79\/100\n|-unboost|p1a: Clefairy|spe|1\n|-unboost|p1b: Gyara ara|spe|1\n|move|p1b: Gyara ara|Waterfall|p2a: Fezandipiti\n|-damage|p2a: Fezandipiti|0 fnt\n|faint|p2a: Fezandipiti\n|move|p2b: Ting-Lu|Ruination|p1b: Gyara ara\n|-damage|p1b: Gyara ara|40\/100\n|\n|-damage|p1a: Clefairy|66\/100 tox|[from] psn\n|upkeep\n|\n|t:|1699820977\n|switch|p2a: Basculegion|Basculegion-F, L50, F|91\/100\n|turn|4\n|\n|t:|1699821018\n|move|p2a: Basculegion|Protect|p2a: Basculegion\n|-singleturn|p2a: Basculegion|Protect\n|move|p1a: Clefairy|Follow Me|p1a: Clefairy\n|-singleturn|p1a: Clefairy|move: Follow Me\n|move|p1b: Gyara ara|Lash Out|p2a: Basculegion\n|-activate|p2a: Basculegion|move: Protect\n|move|p2b: Ting-Lu|Stone Edge|p1a: Clefairy\n|-crit|p1a: Clefairy\n|-damage|p1a: Clefairy|34\/100 tox\n|\n|-damage|p1a: Clefairy|16\/100 tox|[from] psn\n|upkeep\n|turn|5\n|\n|t:|1699821081\n|move|p1a: Clefairy|Follow Me|p1a: Clefairy\n|-singleturn|p1a: Clefairy|move: Follow Me\n|move|p2a: Basculegion|Shadow Ball|p1a: Clefairy\n|-damage|p1a: Clefairy|0 fnt\n|faint|p1a: Clefairy\n|-damage|p2a: Basculegion|81\/100|[from] item: Life Orb\n|move|p1b: Gyara ara|Lash Out|p2a: Basculegion\n|-supereffective|p2a: Basculegion\n|-damage|p2a: Basculegion|0 fnt\n|faint|p2a: Basculegion\n|move|p2b: Ting-Lu|Stone Edge|p1b: Gyara ara\n|-supereffective|p1b: Gyara ara\n|-damage|p1b: Gyara ara|0 fnt\n|faint|p1b: Gyara ara\n|\n|upkeep\n|\n|t:|1699821091\n|switch|p1b: Herbie|Heracross, L50, F, shiny|100\/100\n|switch|p2a: Moltres|Moltres, L50|100\/100\n|switch|p1a: Lando Norris|Landorus, L50, M, shiny|100\/100\n|turn|6\n|\n|t:|1699821119\n|-terastallize|p2a: Moltres|Grass\n|move|p1b: Herbie|Protect|p1b: Herbie\n|-singleturn|p1b: Herbie|Protect\n|move|p1a: Lando Norris|Grass Knot|p2b: Ting-Lu\n|-supereffective|p2b: Ting-Lu\n|-damage|p2b: Ting-Lu|46\/100\n|-damage|p1a: Lando Norris|91\/100|[from] item: Life Orb\n|move|p2a: Moltres|Air Slash|p1b: Herbie\n|-activate|p1b: Herbie|move: Protect\n|move|p2b: Ting-Lu|Ruination|p1a: Lando Norris|[miss]\n|-miss|p2b: Ting-Lu|p1a: Lando Norris\n|\n|upkeep\n|turn|7\n|\n|t:|1699821137\n|-terastallize|p1b: Herbie|Rock\n|move|p1a: Lando Norris|Grass Knot|p2b: Ting-Lu\n|-supereffective|p2b: Ting-Lu\n|-damage|p2b: Ting-Lu|0 fnt\n|faint|p2b: Ting-Lu\n|-damage|p1a: Lando Norris|81\/100|[from] item: Life Orb\n|move|p2a: Moltres|Heat Wave|p1a: Lando Norris|[spread] p1a,p1b\n|-resisted|p1b: Herbie\n|-crit|p1b: Herbie\n|-damage|p1a: Lando Norris|24\/100\n|-damage|p1b: Herbie|68\/100\n|-status|p1b: Herbie|brn\n|move|p1b: Herbie|Pin Missile|p2a: Moltres\n|-supereffective|p2a: Moltres\n|-damage|p2a: Moltres|67\/100\n|-supereffective|p2a: Moltres\n|-damage|p2a: Moltres|29\/100\n|-supereffective|p2a: Moltres\n|-crit|p2a: Moltres\n|-damage|p2a: Moltres|0 fnt\n|faint|p2a: Moltres\n|-hitcount|p2: Moltres|3\n|\n|win|MunchVGC\n|c|\u2606MunchVGC|gg\n|inactive|MunchVGC has 50 seconds to confirm battle start!\n|inactive|Jstardude has 50 seconds to confirm battle start!\n|c|&|\/uhtml prompt-munchvgc,MunchVGC is ready for game 2!\n|j| kodiedunn\n|l| Stryke Out\n|l| jayballester\n|inactive|Jstardude has 40 seconds to confirm battle start!\n|c|&|\/uhtml prompt-jstardude,Jstardude is ready for game 2!\nBoth players are ready! Starting next match!\n|l| ryanogiggs11\n|l| LackieLackey\n|l| kodiedunn\n","uploadtime":1699821673,"views":35,"p1id":"munchvgc","p2id":"jstardude","formatid":"gen9vgc2023regulatione","rating":0,"private":0,"password":""}