{"id":"gen9vgc2023regulatione-1999867628","p1":"DarkMatteruser","p2":"Bramard","format":"[Gen 9] VGC 2023 Regulation E","log":"|j|\u2606DarkMatteruser\n|j|\u2606Bramard\n|t:|1701124427\n|gametype|doubles\n|player|p1|DarkMatteruser|morty|1064\n|player|p2|Bramard|clerk|1000\n|teamsize|p1|6\n|teamsize|p2|6\n|gen|9\n|tier|[Gen 9] VGC 2023 Regulation E\n|rated|\n|rule|Species Clause: Limit one of each Pok\u00e9mon\n|rule|Item Clause: Limit one of each item\n|clearpoke\n|poke|p1|Grimmsnarl, L50, M|\n|poke|p1|Iron Valiant, L50|\n|poke|p1|Dachsbun, L50, M|\n|poke|p1|Sylveon, L50, F|\n|poke|p1|Weezing-Galar, L50, M|\n|poke|p1|Tinkaton, L50, F|\n|poke|p2|Ogerpon-Wellspring, L50, F|\n|poke|p2|Landorus-Therian, L50, M|\n|poke|p2|Iron Hands, L50|\n|poke|p2|Chi-Yu, L50|\n|poke|p2|Flutter Mane, L50|\n|poke|p2|Baxcalibur, L50, M|\n|teampreview|4\n|\n|t:|1701124463\n|start\n|switch|p1a: Kabuki|Grimmsnarl, L50, M, shiny|100\/100\n|switch|p1b: Poppy|Tinkaton, L50, F|100\/100\n|switch|p2a: Landorus|Landorus-Therian, L50, M|100\/100\n|switch|p2b: Iron Hands|Iron Hands, L50|100\/100\n|-ability|p2a: Landorus|Intimidate|boost\n|-unboost|p1a: Kabuki|atk|1\n|-unboost|p1b: Poppy|atk|1\n|-ability|p1b: Poppy|Mold Breaker\n|turn|1\n|\n|t:|1701124507\n|move|p1a: Kabuki|Reflect|p1a: Kabuki\n|-sidestart|p1: DarkMatteruser|Reflect\n|move|p2a: Landorus|Rock Slide|p1b: Poppy|[spread] p1a,p1b\n|-resisted|p1b: Poppy\n|-damage|p1a: Kabuki|88\/100\n|-damage|p1b: Poppy|91\/100\n|cant|p1b: Poppy|flinch\n|move|p2b: Iron Hands|Wild Charge|p1b: Poppy\n|-damage|p1b: Poppy|45\/100\n|-damage|p2b: Iron Hands|93\/100|[from] Recoil\n|\n|upkeep\n|turn|2\n|\n|t:|1701124557\n|move|p1a: Kabuki|Parting Shot|p2a: Landorus\n|-unboost|p2a: Landorus|atk|1\n|-unboost|p2a: Landorus|spa|1\n|\n|t:|1701124591\n|switch|p1a: Idol|Sylveon, L50, F|100\/100|[from] Parting Shot\n|move|p2a: Landorus|Rock Slide|p1a: Idol|[spread] p1a,p1b\n|-resisted|p1b: Poppy\n|-damage|p1a: Idol|88\/100\n|-damage|p1b: Poppy|40\/100\n|move|p1b: Poppy|Ice Hammer|p2a: Landorus\n|-supereffective|p2a: Landorus\n|-damage|p2a: Landorus|27\/100\n|-unboost|p1b: Poppy|spe|1\n|move|p2b: Iron Hands|Drain Punch|p1b: Poppy\n|-damage|p1b: Poppy|0 fnt\n|-heal|p2b: Iron Hands|100\/100|[from] drain|[of] p1b: Poppy\n|faint|p1b: Poppy\n|\n|upkeep\n|\n|t:|1701124609\n|switch|p1b: Croissant|Dachsbun, L50, M|100\/100\n|turn|3\n|\n|t:|1701124658\n|switch|p2a: Chi-Yu|Chi-Yu, L50|100\/100\n|-ability|p2a: Chi-Yu|Beads of Ruin\n|-terastallize|p2b: Iron Hands|Grass\n|move|p1b: Croissant|Draining Kiss|p2b: Iron Hands\n|-damage|p2b: Iron Hands|94\/100\n|move|p1a: Idol|Hyper Voice|p2a: Chi-Yu|[spread] p2a,p2b\n|-damage|p2a: Chi-Yu|59\/100\n|-damage|p2b: Iron Hands|70\/100\n|move|p2b: Iron Hands|Heavy Slam|p1b: Croissant\n|-supereffective|p1b: Croissant\n|-damage|p1b: Croissant|44\/100\n|\n|-heal|p1b: Croissant|50\/100|[from] item: Leftovers\n|upkeep\n|turn|4\n|\n|t:|1701124697\n|-terastallize|p1b: Croissant|Ground\n|move|p2a: Chi-Yu|Dark Pulse|p1b: Croissant\n|-damage|p1b: Croissant|0 fnt\n|faint|p1b: Croissant\n|move|p1a: Idol|Calm Mind|p1a: Idol\n|-boost|p1a: Idol|spa|1\n|-boost|p1a: Idol|spd|1\n|move|p2b: Iron Hands|Drain Punch|p1a: Idol\n|-resisted|p1a: Idol\n|-damage|p1a: Idol|67\/100\n|-heal|p2b: Iron Hands|78\/100|[from] drain|[of] p1a: Idol\n|\n|upkeep\n|c|\u2606DarkMatteruser|AS IF\n|\n|t:|1701124710\n|switch|p1b: Kabuki|Grimmsnarl, L50, M, shiny|88\/100\n|turn|5\n|\n|t:|1701124746\n|switch|p2a: Flutter Mane|Flutter Mane, L50|100\/100\n|-enditem|p2a: Flutter Mane|Booster Energy\n|-activate|p2a: Flutter Mane|ability: Protosynthesis|[fromitem]\n|-start|p2a: Flutter Mane|protosynthesisspe\n|move|p1b: Kabuki|Light Screen|p1b: Kabuki\n|-sidestart|p1: DarkMatteruser|move: Light Screen\n|move|p1a: Idol|Hyper Voice|p2b: Iron Hands|[spread] p2a,p2b\n|-damage|p2a: Flutter Mane|43\/100\n|-damage|p2b: Iron Hands|47\/100\n|move|p2b: Iron Hands|Heavy Slam|p1a: Idol\n|-supereffective|p1a: Idol\n|-damage|p1a: Idol|0 fnt\n|faint|p1a: Idol\n|\n|upkeep\n|turn|6\n|c|\u2606DarkMatteruser|yeah give a fuc about reflect\n|c|\u2606DarkMatteruser|fucking m,eta monkey\n|-message|DarkMatteruser forfeited.\n|\n|win|Bramard\n|raw|DarkMatteruser's rating: 1064 &rarr; <strong>1041<\/strong><br \/>(-23 for losing)\n|raw|Bramard's rating: 1000 &rarr; <strong>1047<\/strong><br \/>(+47 for winning)\n|l|\u2606DarkMatteruser\n","uploadtime":1701124771,"views":1,"p1id":"darkmatteruser","p2id":"bramard","formatid":"gen9vgc2023regulatione","rating":1041,"private":0,"password":""}