{"id":"gen9vgc2023regulatione-1989696144","p1":"krenitos","p2":"Steel Wins","format":"[Gen 9] VGC 2023 Regulation E","log":"|j|\u2606krenitos\n|j|\u2606Steel Wins\n|t:|1699887738\n|gametype|doubles\n|player|p1|krenitos|fisherman|1083\n|player|p2|Steel Wins|roxie|1000\n|teamsize|p1|6\n|teamsize|p2|6\n|gen|9\n|tier|[Gen 9] VGC 2023 Regulation E\n|rated|\n|rule|Species Clause: Limit one of each Pok\u00e9mon\n|rule|Item Clause: Limit one of each item\n|clearpoke\n|poke|p1|Flutter Mane, L50|\n|poke|p1|Glimmora, L50, F|\n|poke|p1|Dusclops, L50, F|\n|poke|p1|Ceruledge, L50, F|\n|poke|p1|Gyarados, L50, F|\n|poke|p1|Annihilape, L50, F|\n|poke|p2|Armarouge, L50, M|\n|poke|p2|Indeedee-F, L50, F|\n|poke|p2|Dondozo, L50, M|\n|poke|p2|Tatsugiri-Droopy, L50, F|\n|poke|p2|Amoonguss, L50, M|\n|poke|p2|Chi-Yu, L50|\n|teampreview|4\n|inactive|Battle timer is ON: inactive players will automatically lose when time's up. (requested by krenitos)\n|j| FunneeMonkee\n|\n|t:|1699887751\n|start\n|switch|p1a: Glimmora|Glimmora, L50, F, shiny|100\/100\n|switch|p1b: Dusclops|Dusclops, L50, F|100\/100\n|switch|p2a: Armarouge|Armarouge, L50, M|100\/100\n|switch|p2b: Indeedee|Indeedee-F, L50, F|100\/100\n|-fieldstart|move: Psychic Terrain|[from] ability: Psychic Surge|[of] p2b: Indeedee\n|-ability|p1b: Dusclops|Pressure\n|turn|1\n|\n|t:|1699887776\n|move|p1b: Dusclops|Helping Hand|p1a: Glimmora\n|-singleturn|p1a: Glimmora|Helping Hand|[of] p1b: Dusclops\n|move|p2a: Armarouge|Protect|p2a: Armarouge\n|-singleturn|p2a: Armarouge|Protect\n|move|p1a: Glimmora|Power Gem|p2a: Armarouge\n|-activate|p2a: Armarouge|move: Protect\n|move|p2b: Indeedee|Trick Room|p2b: Indeedee\n|-fieldstart|move: Trick Room|[of] p2b: Indeedee\n|\n|upkeep\n|turn|2\n|l| FunneeMonkee\n|\n|t:|1699887788\n|move|p1a: Glimmora|Spiky Shield|p1a: Glimmora\n|-singleturn|p1a: Glimmora|move: Protect\n|move|p2b: Indeedee|Follow Me|p2b: Indeedee\n|-singleturn|p2b: Indeedee|move: Follow Me\n|move|p2a: Armarouge|Expanding Force|p1a: Glimmora|[spread] p1b\n|-activate|p1a: Glimmora|move: Protect\n|-damage|p1b: Dusclops|47\/100\n|-damage|p2a: Armarouge|91\/100|[from] item: Life Orb\n|move|p1b: Dusclops|Trick Room|p1b: Dusclops\n|-fieldend|move: Trick Room\n|\n|upkeep\n|turn|3\n|\n|t:|1699887805\n|-terastallize|p1a: Glimmora|Grass\n|move|p1b: Dusclops|Helping Hand|p1a: Glimmora\n|-singleturn|p1a: Glimmora|Helping Hand|[of] p1b: Dusclops\n|move|p2b: Indeedee|Follow Me|p2b: Indeedee\n|-singleturn|p2b: Indeedee|move: Follow Me\n|move|p1a: Glimmora|Sludge Bomb|p2b: Indeedee\n|-damage|p2b: Indeedee|45\/100\n|move|p2a: Armarouge|Expanding Force|p1b: Dusclops|[spread] p1a,p1b\n|-damage|p1a: Glimmora|8\/100\n|-damage|p1b: Dusclops|0 fnt\n|faint|p1b: Dusclops\n|-damage|p2a: Armarouge|81\/100|[from] item: Life Orb\n|\n|-heal|p1a: Glimmora|14\/100|[from] item: Leftovers\n|upkeep\n|\n|t:|1699887821\n|switch|p1b: Flutter Mane|Flutter Mane, L50, shiny|100\/100\n|-enditem|p1b: Flutter Mane|Booster Energy\n|-activate|p1b: Flutter Mane|ability: Protosynthesis|[fromitem]\n|-start|p1b: Flutter Mane|protosynthesisspa\n|turn|4\n|\n|t:|1699887836\n|move|p2b: Indeedee|Follow Me|p2b: Indeedee\n|-singleturn|p2b: Indeedee|move: Follow Me\n|move|p1b: Flutter Mane|Moonblast|p2b: Indeedee\n|-damage|p2b: Indeedee|0 fnt\n|faint|p2b: Indeedee\n|move|p1a: Glimmora|Power Gem|p2a: Armarouge\n|-supereffective|p2a: Armarouge\n|-damage|p2a: Armarouge|0 fnt\n|faint|p2a: Armarouge\n|\n|-heal|p1a: Glimmora|19\/100|[from] item: Leftovers\n|upkeep\n|\n|t:|1699887847\n|switch|p2a: Amoonguss|Amoonguss, L50, M|100\/100\n|switch|p2b: Chi-Yu|Chi-Yu, L50|100\/100\n|-ability|p2b: Chi-Yu|Beads of Ruin\n|turn|5\n|\n|t:|1699887855\n|move|p1a: Glimmora|Spiky Shield|p1a: Glimmora\n|-singleturn|p1a: Glimmora|move: Protect\n|move|p2a: Amoonguss|Rage Powder|p2a: Amoonguss\n|-singleturn|p2a: Amoonguss|move: Rage Powder\n|move|p2b: Chi-Yu|Nasty Plot|p2b: Chi-Yu\n|-boost|p2b: Chi-Yu|spa|2\n|move|p1b: Flutter Mane|Moonblast|p2a: Amoonguss\n|-resisted|p2a: Amoonguss\n|-damage|p2a: Amoonguss|58\/100\n|\n|-heal|p1a: Glimmora|25\/100|[from] item: Leftovers\n|-heal|p2a: Amoonguss|64\/100|[from] item: Black Sludge\n|-fieldend|move: Psychic Terrain\n|upkeep\n|turn|6\n|\n|t:|1699887879\n|move|p2a: Amoonguss|Rage Powder|p2a: Amoonguss\n|-singleturn|p2a: Amoonguss|move: Rage Powder\n|move|p2b: Chi-Yu|Nasty Plot|p2b: Chi-Yu\n|-boost|p2b: Chi-Yu|spa|2\n|move|p1b: Flutter Mane|Icy Wind|p2a: Amoonguss|[spread] p2a,p2b\n|-supereffective|p2a: Amoonguss\n|-resisted|p2b: Chi-Yu\n|-damage|p2a: Amoonguss|12\/100\n|-damage|p2b: Chi-Yu|88\/100\n|-unboost|p2a: Amoonguss|spe|1\n|-unboost|p2b: Chi-Yu|spe|1\n|move|p1a: Glimmora|Power Gem|p2b: Chi-Yu\n|-supereffective|p2b: Chi-Yu\n|-crit|p2b: Chi-Yu\n|-damage|p2b: Chi-Yu|0 fnt\n|faint|p2b: Chi-Yu\n|\n|-heal|p1a: Glimmora|31\/100|[from] item: Leftovers\n|-heal|p2a: Amoonguss|18\/100|[from] item: Black Sludge\n|upkeep\n|turn|7\n|inactive|Steel Wins has 30 seconds left.\n|inactive|Steel Wins has 20 seconds left.\n|inactive|Steel Wins has 15 seconds left.\n|c|\u2606Steel Wins|how!?\n|inactive|Steel Wins has 10 seconds left.\n|\n|t:|1699887924\n|move|p1b: Flutter Mane|Icy Wind|p2a: Amoonguss\n|-supereffective|p2a: Amoonguss\n|-damage|p2a: Amoonguss|0 fnt\n|faint|p2a: Amoonguss\n|\n|win|krenitos\n|raw|krenitos's rating: 1083 &rarr; <strong>1104<\/strong><br \/>(+21 for winning)\n|raw|Steel Wins's rating: 1000 &rarr; <strong>1000<\/strong><br \/>(+0 for losing)\n|c|\u2606krenitos|grass\n|c|\u2606Steel Wins|well ggs ig\n|c|\u2606krenitos|inmune to rage poedrt\n|c|\u2606Steel Wins|oh yeah I forgot\n|c|\u2606Steel Wins|ggs wp\n|c|\u2606krenitos|wpo\n","uploadtime":1699887959,"views":31,"p1id":"krenitos","p2id":"steelwins","formatid":"gen9vgc2023regulatione","rating":1000,"private":0,"password":""}