{"id":"gen9vgc2023regulatione-1994484620","p1":"kakdaddy","p2":"leafyarrow","format":"[Gen 9] VGC 2023 Regulation E","log":"|j|\u2606kakdaddy\n|j|\u2606leafyarrow\n|t:|1700449337\n|gametype|doubles\n|player|p1|kakdaddy|169|1301\n|player|p2|leafyarrow|selene|1296\n|teamsize|p1|6\n|teamsize|p2|6\n|gen|9\n|tier|[Gen 9] VGC 2023 Regulation E\n|rated|\n|rule|Species Clause: Limit one of each Pok\u00e9mon\n|rule|Item Clause: Limit one of each item\n|clearpoke\n|poke|p1|Kingambit, L50, M|\n|poke|p1|Ogerpon-Hearthflame, L50, F|\n|poke|p1|Tornadus, L50, M|\n|poke|p1|Flutter Mane, L50|\n|poke|p1|Urshifu-*, L50, F|\n|poke|p1|Landorus-Therian, L50, M|\n|poke|p2|Enamorus-Therian, L50, F|\n|poke|p2|Ursaluna, L50, M|\n|poke|p2|Indeedee-F, L50, F|\n|poke|p2|Armarouge, L50, M|\n|poke|p2|Roaring Moon, L50|\n|poke|p2|Ninetales-Alola, L50, F|\n|teampreview|4\nleafyarrow has agreed to open team sheets.\n|inactive|Battle timer is ON: inactive players will automatically lose when time's up. (requested by kakdaddy)\n|\n|t:|1700449374\n|start\n|switch|p1a: Kingambit|Kingambit, L50, M|100\/100\n|switch|p1b: Landorus|Landorus-Therian, L50, M|100\/100\n|switch|p2a: Roaring Moon|Roaring Moon, L50|100\/100\n|switch|p2b: Ninetales|Ninetales-Alola, L50, F|100\/100\n|-ability|p1b: Landorus|Intimidate|boost\n|-unboost|p2a: Roaring Moon|atk|1\n|-unboost|p2b: Ninetales|atk|1\n|-weather|Snow|[from] ability: Snow Warning|[of] p2b: Ninetales\n|-enditem|p2a: Roaring Moon|Booster Energy\n|-activate|p2a: Roaring Moon|ability: Protosynthesis|[fromitem]\n|-start|p2a: Roaring Moon|protosynthesisspe\n|turn|1\n|inactive|kakdaddy has 30 seconds left.\n|inactive|leafyarrow has 30 seconds left.\n|inactive|kakdaddy has 20 seconds left.\n|inactive|kakdaddy has 15 seconds left.\n|inactive|kakdaddy has 10 seconds left.\n|\n|t:|1700449421\n|move|p2a: Roaring Moon|Knock Off|p1b: Landorus\n|-damage|p1b: Landorus|63\/100\n|-enditem|p1b: Landorus|Choice Scarf|[from] move: Knock Off|[of] p2a: Roaring Moon\n|move|p2b: Ninetales|Freeze-Dry|p1b: Landorus\n|-supereffective|p1b: Landorus\n|-damage|p1b: Landorus|0 fnt\n|faint|p1b: Landorus\n|move|p1a: Kingambit|Kowtow Cleave|p2a: Roaring Moon\n|-resisted|p2a: Roaring Moon\n|-damage|p2a: Roaring Moon|62\/100\n|\n|-weather|Snow|[upkeep]\n|upkeep\n|\n|t:|1700449431\n|switch|p1b: Tornadus|Tornadus, L50, M|100\/100\n|turn|2\n|\n|t:|1700449440\n|move|p1b: Tornadus|Rain Dance|p1b: Tornadus\n|-weather|RainDance\n|move|p2a: Roaring Moon|Knock Off|p1a: Kingambit\n|-resisted|p1a: Kingambit\n|-damage|p1a: Kingambit|88\/100\n|-enditem|p1a: Kingambit|Black Glasses|[from] move: Knock Off|[of] p2a: Roaring Moon\n|move|p2b: Ninetales|Aurora Veil||[still]\n|-fail|p2b: Ninetales\n|move|p1a: Kingambit|Kowtow Cleave|p2a: Roaring Moon\n|-resisted|p2a: Roaring Moon\n|-damage|p2a: Roaring Moon|32\/100\n|\n|-weather|RainDance|[upkeep]\n|upkeep\n|turn|3\n|\n|t:|1700449458\n|switch|p2b: Indeedee|Indeedee-F, L50, F|100\/100\n|-fieldstart|move: Psychic Terrain|[from] ability: Psychic Surge|[of] p2b: Indeedee\n|-enditem|p2b: Indeedee|Psychic Seed\n|-boost|p2b: Indeedee|spd|1|[from] item: Psychic Seed\n|move|p1a: Kingambit|Protect|p1a: Kingambit\n|-singleturn|p1a: Kingambit|Protect\n|move|p2a: Roaring Moon|Tailwind|p2a: Roaring Moon\n|-sidestart|p2: leafyarrow|move: Tailwind\n|move|p1b: Tornadus|Bleakwind Storm|p2b: Indeedee|[spread] p2a,p2b\n|-damage|p2a: Roaring Moon|0 fnt\n|-damage|p2b: Indeedee|80\/100\n|-unboost|p2b: Indeedee|spe|1\n|faint|p2a: Roaring Moon\n|-end|p2a: Roaring Moon|Protosynthesis|[silent]\n|\n|-weather|RainDance|[upkeep]\n|upkeep\n|\n|t:|1700449475\n|switch|p2a: Armarouge|Armarouge, L50, M|100\/100\n|turn|4\n|\n|t:|1700449499\n|-terastallize|p2b: Indeedee|Fairy\n|-terastallize|p1a: Kingambit|Dark\n|move|p2b: Indeedee|Follow Me|p2b: Indeedee\n|-singleturn|p2b: Indeedee|move: Follow Me\n|move|p1b: Tornadus|Tailwind|p1b: Tornadus\n|-sidestart|p1: kakdaddy|move: Tailwind\n|move|p2a: Armarouge|Expanding Force|p1b: Tornadus|[spread] p1b\n|-immune|p1a: Kingambit\n|-damage|p1b: Tornadus|11\/100\n|-enditem|p1b: Tornadus|Sitrus Berry|[eat]\n|-heal|p1b: Tornadus|36\/100|[from] item: Sitrus Berry\n|move|p1a: Kingambit|Kowtow Cleave|p2b: Indeedee\n|-resisted|p2b: Indeedee\n|-crit|p2b: Indeedee\n|-damage|p2b: Indeedee|29\/100\n|\n|-weather|RainDance|[upkeep]\n|upkeep\n|turn|5\n|\n|t:|1700449519\n|move|p2b: Indeedee|Follow Me|p2b: Indeedee\n|-singleturn|p2b: Indeedee|move: Follow Me\n|move|p1b: Tornadus|Bleakwind Storm|p2a: Armarouge|[spread] p2a,p2b\n|-damage|p2a: Armarouge|66\/100\n|-damage|p2b: Indeedee|7\/100\n|move|p2a: Armarouge|Expanding Force|p1b: Tornadus|[spread] p1b\n|-immune|p1a: Kingambit\n|-damage|p1b: Tornadus|0 fnt\n|faint|p1b: Tornadus\n|move|p1a: Kingambit|Kowtow Cleave|p2b: Indeedee\n|-resisted|p2b: Indeedee\n|-damage|p2b: Indeedee|0 fnt\n|faint|p2b: Indeedee\n|\n|-weather|RainDance|[upkeep]\n|upkeep\n|\n|t:|1700449532\n|switch|p1b: Flutter Mane|Flutter Mane, L50|100\/100\n|switch|p2b: Ninetales|Ninetales-Alola, L50, F|100\/100\n|-weather|Snow|[from] ability: Snow Warning|[of] p2b: Ninetales\n|-enditem|p1b: Flutter Mane|Booster Energy\n|-activate|p1b: Flutter Mane|ability: Protosynthesis|[fromitem]\n|-start|p1b: Flutter Mane|protosynthesisspe\n|turn|6\n|\n|t:|1700449548\n|move|p2a: Armarouge|Protect|p2a: Armarouge\n|-singleturn|p2a: Armarouge|Protect\n|move|p1b: Flutter Mane|Shadow Ball|p2b: Ninetales\n|-damage|p2b: Ninetales|52\/100\n|move|p2b: Ninetales|Blizzard|p1a: Kingambit|[spread] p1a,p1b\n|-crit|p1a: Kingambit\n|-damage|p1a: Kingambit|43\/100\n|-damage|p1b: Flutter Mane|74\/100\n|move|p1a: Kingambit|Kowtow Cleave|p2a: Armarouge\n|-activate|p2a: Armarouge|move: Protect\n|\n|-weather|Snow|[upkeep]\n|-sideend|p2: leafyarrow|move: Tailwind\n|upkeep\n|turn|7\n|\n|t:|1700449564\n|move|p1b: Flutter Mane|Dazzling Gleam|p2a: Armarouge|[spread] p2a,p2b\n|-resisted|p2a: Armarouge\n|-damage|p2a: Armarouge|49\/100\n|-damage|p2b: Ninetales|16\/100\n|move|p2b: Ninetales|Blizzard|p1a: Kingambit|[spread] p1a,p1b\n|-damage|p1a: Kingambit|11\/100\n|-damage|p1b: Flutter Mane|47\/100\n|-status|p1b: Flutter Mane|frz\n|move|p1a: Kingambit|Kowtow Cleave|p2a: Armarouge\n|-supereffective|p2a: Armarouge\n|-damage|p2a: Armarouge|0 fnt\n|faint|p2a: Armarouge\n|\n|-weather|Snow|[upkeep]\n|-sideend|p1: kakdaddy|move: Tailwind\n|-fieldend|move: Psychic Terrain\n|upkeep\n|turn|8\n|c|\u2606kakdaddy|fml\n|\n|t:|1700449577\n|move|p1a: Kingambit|Sucker Punch|p2b: Ninetales\n|-resisted|p2b: Ninetales\n|-damage|p2b: Ninetales|0 fnt\n|faint|p2b: Ninetales\n|\n|win|kakdaddy\n|raw|kakdaddy's rating: 1301 &rarr; <strong>1321<\/strong><br \/>(+20 for winning)\n|raw|leafyarrow's rating: 1296 &rarr; <strong>1271<\/strong><br \/>(-25 for losing)\n","uploadtime":1700449582,"views":18,"p1id":"kakdaddy","p2id":"leafyarrow","formatid":"gen9vgc2023regulatione","rating":1271,"private":0,"password":""}