{"id":"gen9vgc2023regulatione-1992493338","p1":"kakdaddy","p2":"Jdn-2925","format":"[Gen 9] VGC 2023 Regulation E","log":"|j|\u2606kakdaddy\n|j|\u2606Jdn-2925\n|t:|1700194614\n|gametype|doubles\n|player|p1|kakdaddy|266|1182\n|player|p2|Jdn-2925|2|1216\n|teamsize|p1|6\n|teamsize|p2|6\n|gen|9\n|tier|[Gen 9] VGC 2023 Regulation E\n|rated|\n|rule|Species Clause: Limit one of each Pok\u00e9mon\n|rule|Item Clause: Limit one of each item\n|clearpoke\n|poke|p1|Kingambit, L50, M|\n|poke|p1|Ogerpon-Hearthflame, L50, F|\n|poke|p1|Tornadus, L50, M|\n|poke|p1|Flutter Mane, L50|\n|poke|p1|Urshifu-*, L50, F|\n|poke|p1|Landorus-Therian, L50, M|\n|poke|p2|Flutter Mane, L50|\n|poke|p2|Arcanine-Hisui, L50, F|\n|poke|p2|Iron Hands, L50|\n|poke|p2|Grimmsnarl, L50, M|\n|poke|p2|Ogerpon-Wellspring, L50, F|\n|poke|p2|Rillaboom, L50, F|\n|teampreview|4\n|inactive|Battle timer is ON: inactive players will automatically lose when time's up. (requested by kakdaddy)\n|inactive|Jdn-2925 has 60 seconds left.\n|\n|t:|1700194674\n|start\n|switch|p1a: Flutter Mane|Flutter Mane, L50|100\/100\n|switch|p1b: Ogerpon|Ogerpon-Hearthflame, L50, F|100\/100\n|switch|p2a: Grimmsnarl|Grimmsnarl, L50, M|100\/100\n|switch|p2b: Iron Hands|Iron Hands, L50|100\/100\n|-ability|p1b: Ogerpon|Mold Breaker\n|-enditem|p1a: Flutter Mane|Booster Energy\n|-activate|p1a: Flutter Mane|ability: Protosynthesis|[fromitem]\n|-start|p1a: Flutter Mane|protosynthesisspe\n|turn|1\n|inactive|kakdaddy has 30 seconds left.\n|inactive|Jdn-2925 has 30 seconds left.\n|\n|t:|1700194704\n|move|p1b: Ogerpon|Spiky Shield|p1b: Ogerpon\n|-singleturn|p1b: Ogerpon|move: Protect\n|move|p2b: Iron Hands|Protect|p2b: Iron Hands\n|-singleturn|p2b: Iron Hands|Protect\n|move|p2a: Grimmsnarl|Light Screen|p2a: Grimmsnarl\n|-sidestart|p2: Jdn-2925|move: Light Screen\n|move|p1a: Flutter Mane|Dazzling Gleam|p2a: Grimmsnarl|[spread] p2a\n|-activate|p2b: Iron Hands|move: Protect\n|-supereffective|p2a: Grimmsnarl\n|-damage|p2a: Grimmsnarl|67\/100\n|\n|upkeep\n|turn|2\n|inactive|kakdaddy has 30 seconds left.\n|inactive|Jdn-2925 has 30 seconds left.\n|inactive|kakdaddy has 20 seconds left.\n|inactive|kakdaddy has 15 seconds left.\n|inactive|kakdaddy has 10 seconds left.\n|\n|t:|1700194750\n|move|p2a: Grimmsnarl|Parting Shot|p1a: Flutter Mane\n|-unboost|p1a: Flutter Mane|atk|1\n|-unboost|p1a: Flutter Mane|spa|1\n|\n|t:|1700194758\n|switch|p2a: Rillaboom|Rillaboom, L50, F|100\/100|[from] Parting Shot\n|-fieldstart|move: Grassy Terrain|[from] ability: Grassy Surge|[of] p2a: Rillaboom\n|move|p1a: Flutter Mane|Icy Wind|p2b: Iron Hands|[spread] p2a,p2b\n|-supereffective|p2a: Rillaboom\n|-damage|p2a: Rillaboom|91\/100\n|-damage|p2b: Iron Hands|96\/100\n|-unboost|p2a: Rillaboom|spe|1\n|-unboost|p2b: Iron Hands|spe|1\n|move|p1b: Ogerpon|Ivy Cudgel|p2a: Rillaboom|[anim] Ivy Cudgel Fire\n|-supereffective|p2a: Rillaboom\n|-crit|p2a: Rillaboom\n|-damage|p2a: Rillaboom|0 fnt\n|faint|p2a: Rillaboom\n|move|p2b: Iron Hands|Swords Dance|p2b: Iron Hands\n|-boost|p2b: Iron Hands|atk|2\n|\n|-heal|p2b: Iron Hands|100\/100|[from] Grassy Terrain\n|upkeep\n|c|\u2606kakdaddy|tehehe :)\n|\n|t:|1700194777\n|switch|p2a: Grimmsnarl|Grimmsnarl, L50, M|67\/100\n|turn|3\n|\n|t:|1700194792\n|-end|p1a: Flutter Mane|Protosynthesis|[silent]\n|switch|p1a: Landorus|Landorus-Therian, L50, M|100\/100\n|-ability|p1a: Landorus|Intimidate|boost\n|-unboost|p2a: Grimmsnarl|atk|1\n|-unboost|p2b: Iron Hands|atk|1\n|-terastallize|p1b: Ogerpon|Fire\n|detailschange|p1b: Ogerpon|Ogerpon-Hearthflame-Tera, L50, F, tera:Fire\n|-ability|p1b: Ogerpon|Embody Aspect (Hearthflame)|boost\n|-boost|p1b: Ogerpon|atk|1\n|move|p2a: Grimmsnarl|Reflect|p2a: Grimmsnarl\n|-sidestart|p2: Jdn-2925|Reflect\n|move|p1b: Ogerpon|Ivy Cudgel|p2b: Iron Hands|[anim] Ivy Cudgel Fire\n|-damage|p2b: Iron Hands|53\/100\n|move|p2b: Iron Hands|Wild Charge|p1a: Landorus\n|-immune|p1a: Landorus\n|\n|-heal|p2a: Grimmsnarl|73\/100|[from] Grassy Terrain\n|-heal|p2b: Iron Hands|59\/100|[from] Grassy Terrain\n|-heal|p2b: Iron Hands|65\/100|[from] item: Leftovers\n|upkeep\n|turn|4\n|inactive|Jdn-2925 has 30 seconds left.\n|\n|t:|1700194824\n|-terastallize|p2b: Iron Hands|Water\n|move|p2a: Grimmsnarl|Parting Shot|p1b: Ogerpon\n|-unboost|p1b: Ogerpon|atk|1\n|-unboost|p1b: Ogerpon|spa|1\n|\n|t:|1700194829\n|switch|p2a: Ogerpon|Ogerpon-Wellspring, L50, F|100\/100|[from] Parting Shot\n|move|p1a: Landorus|Stomping Tantrum|p2b: Iron Hands\n|-damage|p2b: Iron Hands|46\/100\n|move|p1b: Ogerpon|Ivy Cudgel|p2b: Iron Hands|[anim] Ivy Cudgel Fire\n|-resisted|p2b: Iron Hands\n|-damage|p2b: Iron Hands|28\/100\n|move|p2b: Iron Hands|Drain Punch|p1b: Ogerpon\n|-crit|p1b: Ogerpon\n|-damage|p1b: Ogerpon|8\/100\n|-heal|p2b: Iron Hands|61\/100|[from] drain|[of] p1b: Ogerpon\n|\n|-heal|p1b: Ogerpon|14\/100|[from] Grassy Terrain\n|-heal|p2b: Iron Hands|68\/100|[from] Grassy Terrain\n|-heal|p2b: Iron Hands|74\/100|[from] item: Leftovers\n|upkeep\n|turn|5\n|inactive|kakdaddy has 30 seconds left.\n|inactive|Jdn-2925 has 30 seconds left.\n|\n|t:|1700194857\n|switch|p1a: Flutter Mane|Flutter Mane, L50|100\/100\n|move|p1b: Ogerpon|Spiky Shield|p1b: Ogerpon\n|-singleturn|p1b: Ogerpon|move: Protect\n|move|p2a: Ogerpon|Ivy Cudgel|p1a: Flutter Mane|[anim] Ivy Cudgel Water\n|-damage|p1a: Flutter Mane|12\/100\n|move|p2b: Iron Hands|Drain Punch|p1b: Ogerpon\n|-activate|p1b: Ogerpon|move: Protect\n|-damage|p2b: Iron Hands|61\/100|[from] Spiky Shield|[of] p1b: Ogerpon\n|\n|-heal|p1a: Flutter Mane|18\/100|[from] Grassy Terrain\n|-heal|p1b: Ogerpon|20\/100|[from] Grassy Terrain\n|-heal|p2b: Iron Hands|68\/100|[from] Grassy Terrain\n|-heal|p2b: Iron Hands|74\/100|[from] item: Leftovers\n|upkeep\n|turn|6\n|inactive|Jdn-2925 has 30 seconds left.\n|inactive|Jdn-2925 has 20 seconds left.\n|\n|t:|1700194893\n|move|p2b: Iron Hands|Protect|p2b: Iron Hands\n|-singleturn|p2b: Iron Hands|Protect\n|move|p1a: Flutter Mane|Dazzling Gleam|p2a: Ogerpon|[spread] p2a\n|-activate|p2b: Iron Hands|move: Protect\n|-damage|p2a: Ogerpon|82\/100\n|move|p1b: Ogerpon|Horn Leech|p2b: Iron Hands\n|-activate|p2b: Iron Hands|move: Protect\n|move|p2a: Ogerpon|Ivy Cudgel|p1b: Ogerpon|[anim] Ivy Cudgel Water\n|-supereffective|p1b: Ogerpon\n|-damage|p1b: Ogerpon|0 fnt\n|faint|p1b: Ogerpon\n|\n|-heal|p1a: Flutter Mane|24\/100|[from] Grassy Terrain\n|-heal|p2a: Ogerpon|88\/100|[from] Grassy Terrain\n|-heal|p2b: Iron Hands|80\/100|[from] Grassy Terrain\n|-heal|p2b: Iron Hands|86\/100|[from] item: Leftovers\n|-fieldend|move: Grassy Terrain\n|upkeep\n|\n|t:|1700194905\n|switch|p1b: Landorus|Landorus-Therian, L50, M|100\/100\n|-ability|p1b: Landorus|Intimidate|boost\n|-unboost|p2a: Ogerpon|atk|1\n|-unboost|p2b: Iron Hands|atk|1\n|turn|7\n|\n|t:|1700194921\n|move|p1b: Landorus|Rock Slide|p2b: Iron Hands|[spread] p2a,p2b\n|-damage|p2a: Ogerpon|74\/100\n|-damage|p2b: Iron Hands|77\/100\n|move|p1a: Flutter Mane|Dazzling Gleam|p2b: Iron Hands|[spread] p2a,p2b\n|-damage|p2a: Ogerpon|53\/100\n|-damage|p2b: Iron Hands|61\/100\n|move|p2a: Ogerpon|Ivy Cudgel|p1b: Landorus|[anim] Ivy Cudgel Water\n|-supereffective|p1b: Landorus\n|-crit|p1b: Landorus\n|-damage|p1b: Landorus|0 fnt\n|faint|p1b: Landorus\n|move|p2b: Iron Hands|Wild Charge|p1a: Flutter Mane\n|-damage|p1a: Flutter Mane|0 fnt\n|faint|p1a: Flutter Mane\n|-end|p1a: Flutter Mane|Protosynthesis|[silent]\n|-damage|p2b: Iron Hands|58\/100|[from] Recoil\n|\n|-heal|p2b: Iron Hands|64\/100|[from] item: Leftovers\n|upkeep\n|c|\u2606kakdaddy|this has been a very enjoyable battle dude\n|c|\u2606kakdaddy|nice team\n|\n|t:|1700194939\n|switch|p1b: Urshifu|Urshifu-Rapid-Strike, L50, F|100\/100\n|turn|8\n|\n|t:|1700194954\n|move|p1b: Urshifu|Surging Strikes|p2b: Iron Hands\n|-resisted|p2b: Iron Hands\n|-crit|p2b: Iron Hands\n|-damage|p2b: Iron Hands|57\/100\n|-resisted|p2b: Iron Hands\n|-crit|p2b: Iron Hands\n|-damage|p2b: Iron Hands|50\/100\n|-resisted|p2b: Iron Hands\n|-crit|p2b: Iron Hands\n|-damage|p2b: Iron Hands|43\/100\n|-hitcount|p2b: Iron Hands|3\n|move|p2a: Ogerpon|Horn Leech|p1b: Urshifu\n|-supereffective|p1b: Urshifu\n|-damage|p1b: Urshifu|38\/100\n|-heal|p2a: Ogerpon|83\/100|[from] drain|[of] p1b: Urshifu\n|move|p2b: Iron Hands|Wild Charge|p1b: Urshifu\n|-supereffective|p1b: Urshifu\n|-damage|p1b: Urshifu|0 fnt\n|faint|p1b: Urshifu\n|-damage|p2b: Iron Hands|37\/100|[from] Recoil\n|\n|win|Jdn-2925\n|raw|kakdaddy's rating: 1182 &rarr; <strong>1159<\/strong><br \/>(-23 for losing)\n|raw|Jdn-2925's rating: 1216 &rarr; <strong>1239<\/strong><br \/>(+23 for winning)\n","uploadtime":1700194973,"views":29,"p1id":"kakdaddy","p2id":"jdn2925","formatid":"gen9vgc2023regulatione","rating":1159,"private":0,"password":""}