{"id":"gen9vgc2023regulatione-1988061841","p1":"Marcostap","p2":"PSmonteiro","format":"[Gen 9] VGC 2023 Regulation E","log":"|j|\u2606Marcostap\n|j|\u2606PSmonteiro\n|n|\u2606Marcostap|marcostap\n|n|\u2606PSmonteiro|psmonteiro\n|html|View the match progress at <a href=\"\/game-bestof3-gen9vgc2023regulatione-1988061840\">game-bestof3-gen9vgc2023regulatione-1988061840<\/a>\n|t:|1699664866\n|gametype|doubles\n|player|p1|Marcostap|cynthia-gen4|\n|player|p2|PSmonteiro|drayden|\n|teamsize|p1|6\n|teamsize|p2|6\n|gen|9\n|tier|[Gen 9] VGC 2023 Regulation E\n|rule|Species Clause: Limit one of each Pok\u00e9mon\n|rule|Item Clause: Limit one of each item\n|clearpoke\n|poke|p1|Rillaboom, L50, M|\n|poke|p1|Pelipper, L50, F|\n|poke|p1|Palafin, L50, M|\n|poke|p1|Ursaluna-Bloodmoon, L50, M|\n|poke|p1|Dusclops, L50, M|\n|poke|p1|Cresselia, L50, F|\n|poke|p2|Indeedee-F, L50, F|\n|poke|p2|Armarouge, L50, F|\n|poke|p2|Ursaluna, L50, F|\n|poke|p2|Glastrier, L50|\n|poke|p2|Kingambit, L50, F|\n|poke|p2|Sinistcha-Masterpiece, L50|\n|teampreview|4\n|j| lucasarreguy\nPSmonteiro has agreed to open team sheets.\nMarcostap has agreed to open team sheets.\n|showteam|p1|Rillaboom||AssaultVest|GrassySurge|FakeOut,Uturn,GrassyGlide,WoodHammer|||M|||50|,,,,,Grass]Pelipper||Leftovers|Drizzle|Hurricane,HelpingHand,WideGuard,Protect|||F|||50|,,,,,Flying]Palafin||ChoiceBand|ZerotoHero|JetPunch,WaveCrash,FlipTurn,DrainPunch|||M|||50|,,,,,Fighting]Ursaluna-Bloodmoon||LifeOrb|MindsEye|Protect,EarthPower,BloodMoon,HyperVoice|||M|||50|,,,,,Normal]Dusclops||Eviolite|Pressure|NightShade,WillOWisp,PainSplit,TrickRoom|||M|||50|,,,,,Poison]Cresselia||RockyHelmet|Levitate|LunarBlessing,Psychic,HelpingHand,Protect|||F|||50|,,,,,Psychic\n|showteam|p2|Indeedee-F||Leftovers|PsychicSurge|TrickRoom,Psychic,FollowMe,HealPulse|||F|||50|,,,,,Steel]Armarouge||TwistedSpoon|FlashFire|AllySwitch,ExpandingForce,ArmorCannon,WideGuard|||F|||50|,,,,,Psychic]Ursaluna||FlameOrb|Guts|Protect,Facade,HeadlongRush,ShadowClaw|||F|||50|,,,,,Ghost]Glastrier||AssaultVest|ChillingNeigh|Avalanche,TeraBlast,StompingTantrum,CloseCombat||||||50|,,,,,Water]Kingambit||LifeOrb|Defiant|Protect,KowtowCleave,IronHead,SuckerPunch|||F|||50|,,,,,Dark]Sinistcha-Masterpiece||RedCard|Hospitality|TrickRoom,Scald,MatchaGotcha,StrengthSap||||||50|,,,,,Water\n|j| Rebornsan93\n|c| lucasarreguy|podem come\u00e7ar\n|j| DorititosKiller\n|j| Leon1das\n|c| DorititosKiller|Cl\u00e1ssico :O\n|j| Yuri\n|\n|t:|1699664996\n|start\n|switch|p1a: Ursaluna|Ursaluna-Bloodmoon, L50, M|100\/100\n|switch|p1b: Cresselia|Cresselia, L50, F|100\/100\n|switch|p2a: Armarouge|Armarouge, L50, F|100\/100\n|switch|p2b: Ursaluna|Ursaluna, L50, F|100\/100\n|turn|1\n|l| Yuri\n|\n|t:|1699665060\n|-terastallize|p1a: Ursaluna|Normal\n|move|p1b: Cresselia|Helping Hand|p1a: Ursaluna\n|-singleturn|p1a: Ursaluna|Helping Hand|[of] p1b: Cresselia\n|move|p2b: Ursaluna|Protect|p2b: Ursaluna\n|-singleturn|p2b: Ursaluna|Protect\n|move|p1a: Ursaluna|Hyper Voice|p2b: Ursaluna|[spread] p2a\n|-activate|p2b: Ursaluna|move: Protect\n|-damage|p2a: Armarouge|0 fnt\n|faint|p2a: Armarouge\n|-damage|p1a: Ursaluna|91\/100|[from] item: Life Orb\n|\n|-status|p2b: Ursaluna|brn|[from] item: Flame Orb\n|upkeep\n|\n|t:|1699665077\n|switch|p2a: Glastrier|Glastrier, L50|100\/100\n|turn|2\n|c| DorititosKiller|Socorrrr, Ursalunaaaaa\n|\n|t:|1699665121\n|-terastallize|p2b: Ursaluna|Ghost\n|move|p1b: Cresselia|Protect|p1b: Cresselia\n|-singleturn|p1b: Cresselia|Protect\n|move|p1a: Ursaluna|Blood Moon|p2a: Glastrier\n|-damage|p2a: Glastrier|24\/100\n|-damage|p1a: Ursaluna|81\/100|[from] item: Life Orb\n|move|p2b: Ursaluna|Shadow Claw|p1b: Cresselia\n|-activate|p1b: Cresselia|move: Protect\n|move|p2a: Glastrier|Close Combat|p1a: Ursaluna\n|-supereffective|p1a: Ursaluna\n|-damage|p1a: Ursaluna|0 fnt\n|-unboost|p2a: Glastrier|def|1\n|-unboost|p2a: Glastrier|spd|1\n|faint|p1a: Ursaluna\n|-ability|p2a: Glastrier|Chilling Neigh|boost\n|-boost|p2a: Glastrier|atk|1\n|\n|-damage|p2b: Ursaluna|95\/100 brn|[from] brn\n|upkeep\n|\n|t:|1699665140\n|switch|p1a: Pelipper|Pelipper, L50, F|100\/100\n|-weather|RainDance|[from] ability: Drizzle|[of] p1a: Pelipper\n|turn|3\n|\n|t:|1699665180\n|move|p1b: Cresselia|Psychic|p2b: Ursaluna\n|-damage|p2b: Ursaluna|72\/100 brn\n|move|p1a: Pelipper|Hurricane|p2a: Glastrier\n|-damage|p2a: Glastrier|0 fnt\n|faint|p2a: Glastrier\n|move|p2b: Ursaluna|Shadow Claw|p1b: Cresselia\n|-supereffective|p1b: Cresselia\n|-crit|p1b: Cresselia\n|-damage|p1b: Cresselia|4\/100\n|-damage|p2b: Ursaluna|55\/100 brn|[from] item: Rocky Helmet|[of] p1b: Cresselia\n|\n|-weather|RainDance|[upkeep]\n|-damage|p2b: Ursaluna|49\/100 brn|[from] brn\n|upkeep\n|\n|t:|1699665193\n|switch|p2a: Kingambit|Kingambit, L50, F|100\/100\n|turn|4\n|\n|t:|1699665233\n|move|p2b: Ursaluna|Protect|p2b: Ursaluna\n|-singleturn|p2b: Ursaluna|Protect\n|move|p1b: Cresselia|Lunar Blessing|p1b: Cresselia|[spread] p1a,p1b\n|-heal|p1b: Cresselia|30\/100\n|move|p1a: Pelipper|Hurricane|p2b: Ursaluna\n|-activate|p2b: Ursaluna|move: Protect\n|move|p2a: Kingambit|Kowtow Cleave|p1a: Pelipper\n|-damage|p1a: Pelipper|40\/100\n|-damage|p2a: Kingambit|91\/100|[from] item: Life Orb\n|\n|-weather|RainDance|[upkeep]\n|-heal|p1a: Pelipper|46\/100|[from] item: Leftovers\n|-damage|p2b: Ursaluna|44\/100 brn|[from] brn\n|upkeep\n|turn|5\n|\n|t:|1699665278\n|move|p1b: Cresselia|Helping Hand|p1a: Pelipper\n|-singleturn|p1a: Pelipper|Helping Hand|[of] p1b: Cresselia\n|move|p2a: Kingambit|Sucker Punch|p1a: Pelipper\n|-damage|p1a: Pelipper|0 fnt\n|faint|p1a: Pelipper\n|-damage|p2a: Kingambit|81\/100|[from] item: Life Orb\n|move|p2b: Ursaluna|Shadow Claw|p1b: Cresselia\n|-supereffective|p1b: Cresselia\n|-damage|p1b: Cresselia|0 fnt\n|-damage|p2b: Ursaluna|27\/100 brn|[from] item: Rocky Helmet|[of] p1b: Cresselia\n|faint|p1b: Cresselia\n|\n|-weather|RainDance|[upkeep]\n|-damage|p2b: Ursaluna|21\/100 brn|[from] brn\n|upkeep\n|-message|Marcostap forfeited.\n|\n|win|PSmonteiro\n|c|&|\/uhtml prompt-psmonteiro,PSmonteiro is ready for game 2!\n|c|&|\/uhtml prompt-marcostap,Marcostap is ready for game 2!\nBoth players are ready! Starting next match!\n|c| DorititosKiller|jojjsssss\n|l| DorititosKiller\n|j| DorititosKiller\n|l| DorititosKiller\n","uploadtime":1699665379,"views":27,"p1id":"marcostap","p2id":"psmonteiro","formatid":"gen9vgc2023regulatione","rating":0,"private":0,"password":""}