{"id":"gen9vgc2023regulatione-2000275120","p1":"viaan","p2":"clovehitch","format":"[Gen 9] VGC 2023 Regulation E","log":"|j|\u2606viaan\n|j|\u2606clovehitch\n|n|\u2606viaan|viaan\n|n|\u2606clovehitch|clovehitch\n|html|View the match progress at <a href=\"\/game-bestof3-gen9vgc2023regulatione-2000275119\">game-bestof3-gen9vgc2023regulatione-2000275119<\/a>\n|t:|1701180297\n|gametype|doubles\n|player|p1|viaan|hero-conquest|\n|player|p2|clovehitch|iris-gen5bw2|\n|teamsize|p1|6\n|teamsize|p2|6\n|gen|9\n|tier|[Gen 9] VGC 2023 Regulation E\n|rated|Tournament battle\n|rule|Species Clause: Limit one of each Pok\u00e9mon\n|rule|Item Clause: Limit one of each item\n|clearpoke\n|poke|p1|Ogerpon-Wellspring, L50, F|\n|poke|p1|Volcarona, L50, F|\n|poke|p1|Landorus-Therian, L50, M|\n|poke|p1|Chien-Pao, L50|\n|poke|p1|Iron Hands, L50|\n|poke|p1|Cresselia, L50, F|\n|poke|p2|Indeedee-F, L50, F|\n|poke|p2|Armarouge, L50, M|\n|poke|p2|Torkoal, L50, F|\n|poke|p2|Iron Hands, L50|\n|poke|p2|Gallade, L50, M|\n|poke|p2|Ogerpon-Cornerstone, L50, F|\n|teampreview|4\n|showteam|p1|Ogerpon-Wellspring||WellspringMask|WaterAbsorb|SpikyShield,FollowMe,HornLeech,IvyCudgel|||F|||50|,,,,,Water]Volcarona||SitrusBerry|FlameBody|QuiverDance,Protect,BugBuzz,HeatWave|||F|||50|,,,,,Dragon]Landorus-Therian||ChoiceScarf|Intimidate|Uturn,RockTomb,TeraBlast,StompingTantrum|||M|||50|,,,,,Flying]Chien-Pao||FocusSash|SwordofRuin|Protect,LashOut,IceShard,IcicleCrash||||||50|,,,,,Ghost]Iron Hands||AssaultVest|QuarkDrive|WildCharge,VoltSwitch,DrainPunch,FakeOut||||||50|,,,,,Grass]Cresselia||SafetyGoggles|Levitate|TrickRoom,HelpingHand,LunarBlessing,Psychic|||F|||50|,,,,,Poison\n|showteam|p2|Indeedee-F||PsychicSeed|PsychicSurge|DazzlingGleam,HelpingHand,FollowMe,TrickRoom|||F|||50|,,,,,Fire]Armarouge||LifeOrb|FlashFire|ExpandingForce,ArmorCannon,TrickRoom,Protect|||M|||50|,,,,,Grass]Torkoal||Charcoal|Drought|Eruption,EarthPower,Yawn,Protect|||F|||50|,,,,,Fire]Iron Hands||BoosterEnergy|QuarkDrive|FakeOut,CloseCombat,WildCharge,IcePunch||||||50|,,,,,Grass]Gallade||ClearAmulet|Sharpness|SacredSword,PsychoCut,TrickRoom,Protect|||M|||50|,,,,,Fire]Ogerpon-Cornerstone||CornerstoneMask|Sturdy|WoodHammer,IvyCudgel,FollowMe,SpikyShield|||F|||50|,,,,,Rock\n|inactive|Battle timer is ON: inactive players will automatically lose when time's up. (requested by viaan)\n|inactive|clovehitch has 60 seconds left.\n|\n|t:|1701180389\n|start\n|switch|p1a: Volcarona|Volcarona, L50, F|100\/100\n|switch|p1b: Cresselia|Cresselia, L50, F|100\/100\n|switch|p2a: Indeedee|Indeedee-F, L50, F|100\/100\n|switch|p2b: Celuredge|Gallade, L50, M|100\/100\n|-fieldstart|move: Psychic Terrain|[from] ability: Psychic Surge|[of] p2a: Indeedee\n|-enditem|p2a: Indeedee|Psychic Seed\n|-boost|p2a: Indeedee|spd|1|[from] item: Psychic Seed\n|turn|1\n|j| IcicleStorm13\n|l| IcicleStorm13\n|\n|t:|1701180409\n|move|p2a: Indeedee|Helping Hand|p2b: Celuredge\n|-singleturn|p2b: Celuredge|Helping Hand|[of] p2a: Indeedee\n|move|p1a: Volcarona|Quiver Dance|p1a: Volcarona\n|-boost|p1a: Volcarona|spa|1\n|-boost|p1a: Volcarona|spd|1\n|-boost|p1a: Volcarona|spe|1\n|move|p1b: Cresselia|Psychic|p2b: Celuredge\n|-damage|p2b: Celuredge|78\/100\n|move|p2b: Celuredge|Psycho Cut|p1a: Volcarona\n|-damage|p1a: Volcarona|0 fnt\n|faint|p1a: Volcarona\n|\n|upkeep\n|\n|t:|1701180422\n|switch|p1a: Chien-Pao|Chien-Pao, L50|100\/100\n|-ability|p1a: Chien-Pao|Sword of Ruin\n|turn|2\n|inactive|clovehitch has 30 seconds left.\n|inactive|clovehitch has 20 seconds left.\n|inactive|clovehitch has 15 seconds left.\n|inactive|clovehitch has 10 seconds left.\n|\n|t:|1701180468\n|-terastallize|p1a: Chien-Pao|Ghost\n|move|p1b: Cresselia|Helping Hand|p1a: Chien-Pao\n|-singleturn|p1a: Chien-Pao|Helping Hand|[of] p1b: Cresselia\n|move|p2a: Indeedee|Follow Me|p2a: Indeedee\n|-singleturn|p2a: Indeedee|move: Follow Me\n|move|p1a: Chien-Pao|Lash Out|p2a: Indeedee\n|-supereffective|p2a: Indeedee\n|-damage|p2a: Indeedee|0 fnt\n|faint|p2a: Indeedee\n|move|p2b: Celuredge|Trick Room|p2b: Celuredge\n|-fieldstart|move: Trick Room|[of] p2b: Celuredge\n|\n|upkeep\n|\n|t:|1701180481\n|switch|p2a: Iron Hands|Iron Hands, L50|100\/100\n|-enditem|p2a: Iron Hands|Booster Energy\n|-activate|p2a: Iron Hands|ability: Quark Drive|[fromitem]\n|-start|p2a: Iron Hands|quarkdriveatk\n|turn|3\n|\n|t:|1701180490\n|move|p1a: Chien-Pao|Protect|p1a: Chien-Pao\n|-singleturn|p1a: Chien-Pao|Protect\n|move|p2a: Iron Hands|Wild Charge|p1a: Chien-Pao\n|-activate|p1a: Chien-Pao|move: Protect\n|move|p2b: Celuredge|Psycho Cut|p1a: Chien-Pao\n|-activate|p1a: Chien-Pao|move: Protect\n|move|p1b: Cresselia|Trick Room|p1b: Cresselia\n|-fieldend|move: Trick Room\n|\n|upkeep\n|turn|4\n|inactive|viaan has 30 seconds left.\n|\n|t:|1701180516\n|move|p1b: Cresselia|Helping Hand|p1a: Chien-Pao\n|-singleturn|p1a: Chien-Pao|Helping Hand|[of] p1b: Cresselia\n|move|p1a: Chien-Pao|Lash Out|p2b: Celuredge\n|-damage|p2b: Celuredge|0 fnt\n|faint|p2b: Celuredge\n|move|p2a: Iron Hands|Wild Charge|p1a: Chien-Pao\n|-enditem|p1a: Chien-Pao|Focus Sash\n|-damage|p1a: Chien-Pao|1\/100\n|-damage|p2a: Iron Hands|84\/100|[from] Recoil\n|\n|upkeep\n|\n|t:|1701180525\n|switch|p2b: Armarouge|Armarouge, L50, M|100\/100\n|turn|5\n|\n|t:|1701180534\n|-terastallize|p2b: Armarouge|Grass\n|move|p1b: Cresselia|Helping Hand|p1a: Chien-Pao\n|-singleturn|p1a: Chien-Pao|Helping Hand|[of] p1b: Cresselia\n|move|p1a: Chien-Pao|Icicle Crash|p2a: Iron Hands\n|-damage|p2a: Iron Hands|19\/100\n|move|p2a: Iron Hands|Wild Charge|p1a: Chien-Pao\n|-damage|p1a: Chien-Pao|0 fnt\n|faint|p1a: Chien-Pao\n|-damage|p2a: Iron Hands|19\/100|[from] Recoil\n|move|p2b: Armarouge|Trick Room|p2b: Armarouge\n|-fieldstart|move: Trick Room|[of] p2b: Armarouge\n|\n|-fieldend|move: Psychic Terrain\n|upkeep\n|\n|t:|1701180540\n|switch|p1a: Landorus|Landorus-Therian, L50, M|100\/100\n|-ability|p1a: Landorus|Intimidate|boost\n|-unboost|p2a: Iron Hands|atk|1\n|-unboost|p2b: Armarouge|atk|1\n|turn|6\n|\n|t:|1701180557\n|move|p2a: Iron Hands|Ice Punch|p1a: Landorus\n|-supereffective|p1a: Landorus\n|-damage|p1a: Landorus|0 fnt\n|faint|p1a: Landorus\n|move|p2b: Armarouge|Armor Cannon|p1b: Cresselia\n|-damage|p1b: Cresselia|49\/100\n|-unboost|p2b: Armarouge|def|1\n|-unboost|p2b: Armarouge|spd|1\n|-damage|p2b: Armarouge|91\/100|[from] item: Life Orb\n|move|p1b: Cresselia|Trick Room|p1b: Cresselia\n|-fieldend|move: Trick Room\n|\n|upkeep\n|turn|7\n|\n|t:|1701180571\n|move|p1b: Cresselia|Lunar Blessing|p1b: Cresselia\n|-heal|p1b: Cresselia|74\/100\n|move|p2b: Armarouge|Armor Cannon|p1b: Cresselia\n|-damage|p1b: Cresselia|22\/100\n|-unboost|p2b: Armarouge|def|1\n|-unboost|p2b: Armarouge|spd|1\n|-damage|p2b: Armarouge|81\/100|[from] item: Life Orb\n|move|p2a: Iron Hands|Wild Charge|p1b: Cresselia\n|-damage|p1b: Cresselia|0 fnt\n|faint|p1b: Cresselia\n|-damage|p2a: Iron Hands|14\/100|[from] Recoil\n|\n|win|clovehitch\n|l|\u2606viaan\n|c|\u2606clovehitch|gg\n|c|&|\/uhtml prompt-viaan,viaan is ready for game 2!\n|inactive|clovehitch has 50 seconds to confirm battle start!\n|c|&|\/uhtml prompt-viaan,viaan is ready for game 2!\n","uploadtime":1701180586,"views":2,"p1id":"viaan","p2id":"clovehitch","formatid":"gen9vgc2023regulatione","rating":0,"private":0,"password":""}