{"id":"gen9vgc2023regulatione-1988083131","p1":"Gyaramax2020","p2":"Welder Watt","format":"[Gen 9] VGC 2023 Regulation E","log":"|j|\u2606Gyaramax2020\n|j|\u2606Welder Watt\n|t:|1699667451\n|gametype|doubles\n|player|p1|Gyaramax2020|lance|\n|player|p2|Welder Watt|pokemoncenterlady|\n|teamsize|p1|6\n|teamsize|p2|6\n|gen|9\n|tier|[Gen 9] VGC 2023 Regulation E\n|rule|Species Clause: Limit one of each Pok\u00e9mon\n|rule|Item Clause: Limit one of each item\n|clearpoke\n|poke|p1|Heatran, L50, M|\n|poke|p1|Clefairy, L50, F|\n|poke|p1|Sinistcha-Masterpiece, L50|\n|poke|p1|Iron Hands, L50|\n|poke|p1|Ursaluna-Bloodmoon, L50, M|\n|poke|p1|Landorus-Therian, L50, M|\n|poke|p2|Magneton, L50|\n|poke|p2|Landorus-Therian, L50, M|\n|poke|p2|Iron Hands, L50|\n|poke|p2|Clefable, L50, F|\n|poke|p2|Hatterene, L50, F|\n|poke|p2|Ogerpon-Hearthflame, L50, F|\n|teampreview|4\nWelder Watt has agreed to open team sheets.\n|\n|t:|1699667485\n|start\n|switch|p1a: Iron Hands|Iron Hands, L50, shiny|100\/100\n|switch|p1b: Heatran|Heatran, L50, M, shiny|100\/100\n|switch|p2a: Iron Hands|Iron Hands, L50|100\/100\n|switch|p2b: Landorus|Landorus-Therian, L50, M|100\/100\n|-ability|p2b: Landorus|Intimidate|boost\n|-unboost|p1a: Iron Hands|atk|1\n|-unboost|p1b: Heatran|atk|1\n|turn|1\n|\n|t:|1699667510\n|move|p1a: Iron Hands|Fake Out|p2b: Landorus\n|-damage|p2b: Landorus|87\/100\n|cant|p2b: Landorus|flinch\n|move|p1b: Heatran|Earth Power|p2a: Iron Hands\n|-supereffective|p2a: Iron Hands\n|-damage|p2a: Iron Hands|50\/100\n|move|p2a: Iron Hands|Drain Punch|p1b: Heatran\n|-supereffective|p1b: Heatran\n|-damage|p1b: Heatran|22\/100\n|-heal|p2a: Iron Hands|84\/100|[from] drain|[of] p1b: Heatran\n|\n|upkeep\n|turn|2\n|\n|t:|1699667531\n|switch|p1b: Sinistcha|Sinistcha-Masterpiece, L50, shiny|100\/100\n|-terastallize|p2a: Iron Hands|Grass\n|move|p2b: Landorus|Earthquake|p1b: Sinistcha|[spread] p2a,p1a,p1b\n|-resisted|p2a: Iron Hands\n|-supereffective|p1a: Iron Hands\n|-resisted|p1b: Sinistcha\n|-damage|p2a: Iron Hands|67\/100\n|-damage|p1a: Iron Hands|45\/100\n|-damage|p1b: Sinistcha|84\/100\n|move|p2a: Iron Hands|Drain Punch|p1a: Iron Hands\n|-damage|p1a: Iron Hands|16\/100\n|-heal|p2a: Iron Hands|84\/100|[from] drain|[of] p1a: Iron Hands\n|move|p1a: Iron Hands|Heavy Slam|p2b: Landorus\n|-damage|p2b: Landorus|50\/100\n|\n|upkeep\n|turn|3\n|\n|t:|1699667568\n|-end|p1a: Iron Hands|Quark Drive|[silent]\n|switch|p1a: Ursaluna|Ursaluna-Bloodmoon, L50, M|100\/100\n|move|p2b: Landorus|Earthquake|p1a: Ursaluna|[spread] p2a,p1a,p1b\n|-resisted|p2a: Iron Hands\n|-resisted|p1b: Sinistcha\n|-damage|p2a: Iron Hands|67\/100\n|-damage|p1a: Ursaluna|69\/100\n|-damage|p1b: Sinistcha|66\/100\n|move|p1b: Sinistcha|Strength Sap|p2b: Landorus\n|-unboost|p2b: Landorus|atk|1\n|-heal|p1b: Sinistcha|100\/100\n|move|p2a: Iron Hands|Heavy Slam|p1b: Sinistcha\n|-damage|p1b: Sinistcha|61\/100\n|\n|-heal|p1a: Ursaluna|75\/100|[from] item: Leftovers\n|upkeep\n|turn|4\n|\n|t:|1699667595\n|switch|p2b: Hatterene|Hatterene, L50, F|100\/100\n|move|p1b: Sinistcha|Matcha Gotcha|p2b: Hatterene|[spread] p2a,p2b\n|-resisted|p2a: Iron Hands\n|-damage|p2a: Iron Hands|61\/100\n|-heal|p1b: Sinistcha|65\/100|[from] drain|[of] p2a: Iron Hands\n|-damage|p2b: Hatterene|73\/100\n|-heal|p1b: Sinistcha|78\/100|[from] drain|[of] p2b: Hatterene\n|-status|p2a: Iron Hands|brn\n|move|p1a: Ursaluna|Calm Mind|p1a: Ursaluna\n|-boost|p1a: Ursaluna|spa|1\n|-boost|p1a: Ursaluna|spd|1\n|move|p2a: Iron Hands|Drain Punch|p1a: Ursaluna\n|-supereffective|p1a: Ursaluna\n|-crit|p1a: Ursaluna\n|-damage|p1a: Ursaluna|31\/100\n|-heal|p2a: Iron Hands|81\/100 brn|[from] drain|[of] p1a: Ursaluna\n|\n|-heal|p1a: Ursaluna|37\/100|[from] item: Leftovers\n|-damage|p2a: Iron Hands|75\/100 brn|[from] brn\n|upkeep\n|turn|5\n|\n|t:|1699667646\n|-end|p2a: Iron Hands|Quark Drive|[silent]\n|switch|p2a: Landorus|Landorus-Therian, L50, M|50\/100\n|-ability|p2a: Landorus|Intimidate|boost\n|-unboost|p1a: Ursaluna|atk|1\n|-unboost|p1b: Sinistcha|atk|1\n|-terastallize|p1a: Ursaluna|Normal\n|move|p1a: Ursaluna|Blood Moon|p2a: Landorus\n|-damage|p2a: Landorus|0 fnt\n|faint|p2a: Landorus\n|move|p2b: Hatterene|Psychic|p1a: Ursaluna\n|-damage|p1a: Ursaluna|0 fnt\n|faint|p1a: Ursaluna\n|move|p1b: Sinistcha|Trick Room|p1b: Sinistcha\n|-fieldstart|move: Trick Room|[of] p1b: Sinistcha\n|\n|upkeep\n|\n|t:|1699667664\n|switch|p1a: Iron Hands|Iron Hands, L50, shiny|16\/100\n|switch|p2a: Iron Hands|Iron Hands, L50, tera:Grass|75\/100 brn\n|turn|6\n|\n|t:|1699667681\n|move|p1a: Iron Hands|Fake Out|p2a: Iron Hands\n|-damage|p2a: Iron Hands|64\/100 brn\n|cant|p2a: Iron Hands|flinch\n|move|p1b: Sinistcha|Rage Powder|p1b: Sinistcha\n|-singleturn|p1b: Sinistcha|move: Rage Powder\n|move|p2b: Hatterene|Dazzling Gleam|p1a: Iron Hands|[spread] p1a,p1b\n|-supereffective|p1a: Iron Hands\n|-damage|p1a: Iron Hands|0 fnt\n|-damage|p1b: Sinistcha|44\/100\n|faint|p1a: Iron Hands\n|-end|p1a: Iron Hands|Quark Drive|[silent]\n|\n|-damage|p2a: Iron Hands|58\/100 brn|[from] brn\n|upkeep\n|\n|t:|1699667695\n|switch|p1a: Heatran|Heatran, L50, M, shiny|22\/100\n|turn|7\n|\n|t:|1699667706\n|move|p2b: Hatterene|Mystical Fire|p1b: Sinistcha\n|-supereffective|p1b: Sinistcha\n|-damage|p1b: Sinistcha|0 fnt\n|faint|p1b: Sinistcha\n|move|p2a: Iron Hands|Drain Punch|p1a: Heatran\n|-supereffective|p1a: Heatran\n|-damage|p1a: Heatran|0 fnt\n|-heal|p2a: Iron Hands|67\/100 brn|[from] drain|[of] p1a: Heatran\n|faint|p1a: Heatran\n|\n|win|Welder Watt\n","uploadtime":1699667717,"views":20,"p1id":"gyaramax2020","p2id":"welderwatt","formatid":"gen9vgc2023regulatione","rating":0,"private":0,"password":""}