{"id":"gen9vgc2023regulatione-1988663536","p1":"BananenErik","p2":"Rexluser","format":"[Gen 9] VGC 2023 Regulation E","log":"|j|\u2606BananenErik\n|j|\u2606Rexluser\n|t:|1699747807\n|gametype|doubles\n|player|p1|BananenErik|169|1176\n|player|p2|Rexluser|266|1096\n|teamsize|p1|6\n|teamsize|p2|6\n|gen|9\n|tier|[Gen 9] VGC 2023 Regulation E\n|rated|\n|rule|Species Clause: Limit one of each Pok\u00e9mon\n|rule|Item Clause: Limit one of each item\n|clearpoke\n|poke|p1|Bronzong, L50|\n|poke|p1|Sableye, L50, F|\n|poke|p1|Iron Bundle, L50|\n|poke|p1|Arcanine-Hisui, L50, F|\n|poke|p1|Ursaluna-Bloodmoon, L50, M|\n|poke|p1|Amoonguss, L50, F|\n|poke|p2|Tornadus, L50, M|\n|poke|p2|Rillaboom, L50, F|\n|poke|p2|Urshifu-*, L50, M|\n|poke|p2|Gholdengo, L50|\n|poke|p2|Landorus-Therian, L50, M|\n|poke|p2|Ogerpon-Hearthflame, L50, F|\n|teampreview|4\n|inactive|Battle timer is ON: inactive players will automatically lose when time's up. (requested by Rexluser)\n|inactive|Rexluser has 60 seconds left.\n|\n|t:|1699747847\n|start\n|switch|p1a: Iron Bundle|Iron Bundle, L50|100\/100\n|switch|p1b: Sableye|Sableye, L50, F, shiny|100\/100\n|switch|p2a: Tornadus|Tornadus, L50, M|100\/100\n|switch|p2b: Rillaboom|Rillaboom, L50, F|100\/100\n|-fieldstart|move: Grassy Terrain|[from] ability: Grassy Surge|[of] p2b: Rillaboom\n|turn|1\n|inactive|BananenErik has 30 seconds left.\n|\n|t:|1699747878\n|-terastallize|p1a: Iron Bundle|Ice\n|move|p2b: Rillaboom|Fake Out|p1a: Iron Bundle\n|-damage|p1a: Iron Bundle|84\/100\n|move|p1b: Sableye|Fake Out|p2b: Rillaboom\n|-damage|p2b: Rillaboom|94\/100\n|move|p2a: Tornadus|Tailwind|p2a: Tornadus\n|-sidestart|p2: Rexluser|move: Tailwind\n|cant|p1a: Iron Bundle|flinch\n|\n|-heal|p2b: Rillaboom|100\/100|[from] Grassy Terrain\n|-heal|p1a: Iron Bundle|90\/100|[from] Grassy Terrain\n|upkeep\n|turn|2\n|inactive|Rexluser has 30 seconds left.\n|inactive|Rexluser has 20 seconds left.\n|inactive|Rexluser has 15 seconds left.\n|\n|t:|1699747921\n|move|p1a: Iron Bundle|Protect|p1a: Iron Bundle\n|-singleturn|p1a: Iron Bundle|Protect\n|move|p2b: Rillaboom|Grassy Glide|p1a: Iron Bundle\n|-activate|p1a: Iron Bundle|move: Protect\n|move|p1b: Sableye|Will-O-Wisp|p2b: Rillaboom|[miss]\n|-miss|p1b: Sableye|p2b: Rillaboom\n|move|p2a: Tornadus|Air Slash|p1a: Iron Bundle\n|-activate|p1a: Iron Bundle|move: Protect\n|\n|-heal|p1a: Iron Bundle|96\/100|[from] Grassy Terrain\n|upkeep\n|turn|3\n|\n|t:|1699747935\n|move|p2b: Rillaboom|Grassy Glide|p1a: Iron Bundle\n|-damage|p1a: Iron Bundle|47\/100\n|move|p1b: Sableye|Gravity|p1b: Sableye\n|-fieldstart|move: Gravity\n|move|p2a: Tornadus|Air Slash|p1a: Iron Bundle\n|-damage|p1a: Iron Bundle|0 fnt\n|faint|p1a: Iron Bundle\n|-end|p1a: Iron Bundle|Quark Drive|[silent]\n|\n|upkeep\n|\n|t:|1699747941\n|switch|p1a: Bronzong|Bronzong, L50, shiny|100\/100\n|turn|4\n|\n|t:|1699747953\n|move|p1b: Sableye|Will-O-Wisp|p2b: Rillaboom\n|-status|p2b: Rillaboom|brn\n|move|p2a: Tornadus|Air Slash|p1b: Sableye\n|-damage|p1b: Sableye|51\/100\n|move|p2b: Rillaboom|High Horsepower|p1a: Bronzong\n|-supereffective|p1a: Bronzong\n|-damage|p1a: Bronzong|70\/100\n|move|p1a: Bronzong|Trick Room|p1a: Bronzong\n|-fieldstart|move: Trick Room|[of] p1a: Bronzong\n|\n|-heal|p1a: Bronzong|76\/100|[from] Grassy Terrain\n|-heal|p1b: Sableye|57\/100|[from] Grassy Terrain\n|-damage|p2b: Rillaboom|94\/100 brn|[from] brn\n|-sideend|p2: Rexluser|move: Tailwind\n|upkeep\n|turn|5\n|inactive|BananenErik has 30 seconds left.\n|inactive|Rexluser has 30 seconds left.\n|inactive|BananenErik has 20 seconds left.\n|\n|t:|1699747991\n|switch|p1b: Ursaluna|Ursaluna-Bloodmoon, L50, M|100\/100\n|move|p2a: Tornadus|Scary Face|p2b: Rillaboom\n|-unboost|p2b: Rillaboom|spe|2\n|move|p1a: Bronzong|Reflect|p1a: Bronzong\n|-sidestart|p1: BananenErik|Reflect\n|move|p2b: Rillaboom|High Horsepower|p1a: Bronzong\n|-supereffective|p1a: Bronzong\n|-damage|p1a: Bronzong|57\/100\n|\n|-heal|p1a: Bronzong|63\/100|[from] Grassy Terrain\n|-heal|p2b: Rillaboom|100\/100 brn|[from] Grassy Terrain\n|-damage|p2b: Rillaboom|94\/100 brn|[from] brn\n|-fieldend|move: Grassy Terrain\n|upkeep\n|turn|6\n|\n|t:|1699748008\n|move|p1a: Bronzong|Hypnosis|p2a: Tornadus\n|-status|p2a: Tornadus|slp|[from] move: Hypnosis\n|move|p1b: Ursaluna|Blood Moon|p2b: Rillaboom\n|-damage|p2b: Rillaboom|42\/100 brn\n|move|p2b: Rillaboom|Grassy Glide|p1b: Ursaluna\n|-supereffective|p1b: Ursaluna\n|-damage|p1b: Ursaluna|88\/100\n|-enditem|p1b: Ursaluna|Weakness Policy\n|-boost|p1b: Ursaluna|atk|2|[from] item: Weakness Policy\n|-boost|p1b: Ursaluna|spa|2|[from] item: Weakness Policy\n|cant|p2a: Tornadus|slp\n|\n|-damage|p2b: Rillaboom|36\/100 brn|[from] brn\n|upkeep\n|turn|7\n|\n|t:|1699748029\n|cant|p2a: Tornadus|slp\n|move|p1a: Bronzong|Gyro Ball|p2b: Rillaboom\n|-damage|p2b: Rillaboom|20\/100 brn\n|move|p1b: Ursaluna|Hyper Voice|p2b: Rillaboom|[spread] p2a,p2b\n|-damage|p2a: Tornadus|17\/100 slp\n|-damage|p2b: Rillaboom|0 fnt\n|faint|p2b: Rillaboom\n|\n|-fieldend|move: Gravity\n|upkeep\n|\n|t:|1699748049\n|switch|p2b: Ogerpon|Ogerpon-Hearthflame, L50, F|100\/100\n|-ability|p2b: Ogerpon|Mold Breaker\n|turn|8\n|\n|t:|1699748056\n|move|p2b: Ogerpon|Spiky Shield|p2b: Ogerpon\n|-singleturn|p2b: Ogerpon|move: Protect\n|cant|p2a: Tornadus|slp\n|move|p1a: Bronzong|Gyro Ball|p2a: Tornadus\n|-damage|p2a: Tornadus|0 fnt\n|faint|p2a: Tornadus\n|move|p1b: Ursaluna|Hyper Voice|p2b: Ogerpon\n|-activate|p2b: Ogerpon|move: Protect\n|\n|-fieldend|move: Trick Room\n|upkeep\n|\n|t:|1699748067\n|switch|p2a: Urshifu|Urshifu, L50, M|100\/100\n|turn|9\n|\n|t:|1699748078\n|switch|p1b: Sableye|Sableye, L50, F, shiny|57\/100\n|-terastallize|p2b: Ogerpon|Fire\n|detailschange|p2b: Ogerpon|Ogerpon-Hearthflame-Tera, L50, F, tera:Fire\n|-ability|p2b: Ogerpon|Embody Aspect (Hearthflame)|boost\n|-boost|p2b: Ogerpon|atk|1\n|move|p2a: Urshifu|Wicked Blow|p1a: Bronzong\n|-supereffective|p1a: Bronzong\n|-crit|p1a: Bronzong\n|-damage|p1a: Bronzong|0 fnt\n|faint|p1a: Bronzong\n|move|p2b: Ogerpon|Ivy Cudgel|p1b: Sableye\n|-damage|p1b: Sableye|0 fnt\n|faint|p1b: Sableye\n|\n|-sideend|p1: BananenErik|Reflect\n|upkeep\n|c|\u2606BananenErik|huh??!?!?\n|\n|t:|1699748094\n|switch|p1a: Ursaluna|Ursaluna-Bloodmoon, L50, M|88\/100\n|turn|10\n|\n|t:|1699748108\n|move|p2a: Urshifu|Wicked Blow|p1a: Ursaluna\n|-crit|p1a: Ursaluna\n|-damage|p1a: Ursaluna|33\/100\n|move|p2b: Ogerpon|Ivy Cudgel|p1a: Ursaluna\n|-crit|p1a: Ursaluna\n|-damage|p1a: Ursaluna|0 fnt\n|faint|p1a: Ursaluna\n|\n|win|Rexluser\n|raw|BananenErik's rating: 1176 &rarr; <strong>1145<\/strong><br \/>(-31 for losing)\n|raw|Rexluser's rating: 1096 &rarr; <strong>1127<\/strong><br \/>(+31 for winning)\n|c|\u2606BananenErik|whuatt\n|l|\u2606BananenErik\n|c|\u2606Rexluser|gg\n","uploadtime":1699748120,"views":8,"p1id":"bananenerik","p2id":"rexluser","formatid":"gen9vgc2023regulatione","rating":1127,"private":0,"password":""}