{"id":"gen9vgc2023regulatione-2000088107","p1":"Abused24","p2":"queen_lel","format":"[Gen 9] VGC 2023 Regulation E","log":"|j|\u2606Abused24\n|j|\u2606queen_lel\n|t:|1701152512\n|gametype|doubles\n|player|p1|Abused24|2|1316\n|player|p2|queen_lel|1|1404\n|teamsize|p1|6\n|teamsize|p2|6\n|gen|9\n|tier|[Gen 9] VGC 2023 Regulation E\n|rated|\n|rule|Species Clause: Limit one of each Pok\u00e9mon\n|rule|Item Clause: Limit one of each item\n|clearpoke\n|poke|p1|Tornadus, L50, M|\n|poke|p1|Regidrago, L50|\n|poke|p1|Gholdengo, L50|\n|poke|p1|Amoonguss, L50, F|\n|poke|p1|Iron Hands, L50|\n|poke|p1|Rillaboom, L50, F|\n|poke|p2|Iron Hands, L50|\n|poke|p2|Chi-Yu, L50|\n|poke|p2|Ogerpon-Wellspring, L50, F|\n|poke|p2|Landorus-Therian, L50, M|\n|poke|p2|Weezing, L50, F|\n|poke|p2|Iron Bundle, L50|\n|teampreview|4\n|inactive|Battle timer is ON: inactive players will automatically lose when time's up. (requested by queen_lel)\n|inactive|Abused24 has 60 seconds left.\n|inactive|Abused24 has 30 seconds left.\n|inactive|Abused24 has 20 seconds left.\n|inactive|Abused24 has 15 seconds left.\n|\n|t:|1701152591\n|start\n|switch|p1a: Tornadus|Tornadus, L50, M|100\/100\n|switch|p1b: Regidrago|Regidrago, L50|100\/100\n|switch|p2a: Landorus|Landorus-Therian, L50, M|100\/100\n|switch|p2b: Weezing|Weezing, L50, F|100\/100\n|-ability|p2b: Weezing|Neutralizing Gas\n|turn|1\n|inactive|Abused24 has 30 seconds left.\n|\n|t:|1701152622\n|move|p2a: Landorus|Rock Slide|p1b: Regidrago|[spread] p1a,p1b\n|-supereffective|p1a: Tornadus\n|-damage|p1a: Tornadus|61\/100\n|-damage|p1b: Regidrago|77\/100\n|move|p1a: Tornadus|Tailwind|p1a: Tornadus\n|-sidestart|p1: Abused24|move: Tailwind\n|cant|p1b: Regidrago|flinch\n|move|p2b: Weezing|Taunt|p1a: Tornadus\n|-start|p1a: Tornadus|move: Taunt\n|\n|upkeep\n|turn|2\n|\n|t:|1701152640\n|move|p2b: Weezing|Protect|p2b: Weezing\n|-singleturn|p2b: Weezing|Protect\n|move|p1a: Tornadus|Bleakwind Storm|p2b: Weezing|[spread] \n|-activate|p2b: Weezing|move: Protect\n|-miss|p1a: Tornadus|p2a: Landorus\n|move|p1b: Regidrago|Draco Meteor|p2a: Landorus\n|-damage|p2a: Landorus|0 fnt\n|-unboost|p1b: Regidrago|spa|2\n|faint|p2a: Landorus\n|\n|upkeep\n|\n|t:|1701152654\n|switch|p2a: Iron Bundle|Iron Bundle, L50|100\/100\n|-enditem|p2a: Iron Bundle|Booster Energy\n|-activate|p2a: Iron Bundle|ability: Quark Drive|[fromitem]\n|-start|p2a: Iron Bundle|quarkdrivespe\n|turn|3\n|\n|t:|1701152672\n|switch|p1a: Rillaboom|Rillaboom, L50, F|100\/100\n|switch|p1b: Iron Hands|Iron Hands, L50|100\/100\n|-end|p2b: Weezing|ability: Neutralizing Gas\n|-fieldstart|move: Grassy Terrain|[from] ability: Grassy Surge|[of] p1a: Rillaboom\n|switch|p2b: Chi-Yu|Chi-Yu, L50|100\/100\n|-ability|p2b: Chi-Yu|Beads of Ruin\n|move|p2a: Iron Bundle|Icy Wind|p1a: Rillaboom|[spread] p1b\n|-miss|p2a: Iron Bundle|p1a: Rillaboom\n|-damage|p1b: Iron Hands|87\/100\n|-unboost|p1b: Iron Hands|spe|1\n|\n|-heal|p1b: Iron Hands|93\/100|[from] Grassy Terrain\n|upkeep\n|turn|4\n|inactive|Abused24 has 30 seconds left.\n|inactive|queen_lel has 30 seconds left.\n|\n|t:|1701152707\n|-terastallize|p1a: Rillaboom|Grass\n|-terastallize|p2b: Chi-Yu|Ghost\n|move|p1b: Iron Hands|Fake Out|p2b: Chi-Yu\n|-immune|p2b: Chi-Yu\n|move|p1a: Rillaboom|Grassy Glide|p2a: Iron Bundle\n|-supereffective|p2a: Iron Bundle\n|-damage|p2a: Iron Bundle|0 fnt\n|faint|p2a: Iron Bundle\n|-end|p2a: Iron Bundle|Quark Drive|[silent]\n|move|p2b: Chi-Yu|Heat Wave|p1a: Rillaboom|[spread] p1a,p1b\n|-supereffective|p1a: Rillaboom\n|-damage|p1a: Rillaboom|0 fnt\n|-damage|p1b: Iron Hands|58\/100\n|faint|p1a: Rillaboom\n|\n|-heal|p1b: Iron Hands|64\/100|[from] Grassy Terrain\n|-sideend|p1: Abused24|move: Tailwind\n|upkeep\n|inactive|Abused24 has 30 seconds left.\n|\n|t:|1701152733\n|switch|p2a: Weezing|Weezing, L50, F|100\/100\n|switch|p1a: Tornadus|Tornadus, L50, M|61\/100\n|-ability|p2a: Weezing|Neutralizing Gas\n|turn|5\n|\n|t:|1701152749\n|move|p2b: Chi-Yu|Heat Wave|p1b: Iron Hands|[spread] p1a,p1b\n|-damage|p1a: Tornadus|2\/100\n|-damage|p1b: Iron Hands|34\/100\n|move|p1a: Tornadus|Tailwind|p1a: Tornadus\n|-sidestart|p1: Abused24|move: Tailwind\n|move|p1b: Iron Hands|Wild Charge|p2b: Chi-Yu\n|-damage|p2b: Chi-Yu|24\/100\n|-damage|p1b: Iron Hands|22\/100|[from] Recoil\n|move|p2a: Weezing|Will-O-Wisp|p1b: Iron Hands\n|-status|p1b: Iron Hands|brn\n|\n|-heal|p2b: Chi-Yu|30\/100|[from] Grassy Terrain\n|-heal|p1b: Iron Hands|28\/100 brn|[from] Grassy Terrain\n|-damage|p1b: Iron Hands|22\/100 brn|[from] brn\n|upkeep\n|turn|6\n|\n|t:|1701152772\n|move|p2a: Weezing|Protect|p2a: Weezing\n|-singleturn|p2a: Weezing|Protect\n|move|p1a: Tornadus|Rain Dance|p1a: Tornadus\n|-weather|RainDance\n|move|p2b: Chi-Yu|Heat Wave|p1a: Tornadus|[spread] p1a\n|-miss|p2b: Chi-Yu|p1b: Iron Hands\n|-damage|p1a: Tornadus|0 fnt\n|faint|p1a: Tornadus\n|move|p1b: Iron Hands|Wild Charge|p2b: Chi-Yu\n|-damage|p2b: Chi-Yu|0 fnt\n|faint|p2b: Chi-Yu\n|-damage|p1b: Iron Hands|18\/100 brn|[from] Recoil\n|\n|-weather|RainDance|[upkeep]\n|-heal|p1b: Iron Hands|24\/100 brn|[from] Grassy Terrain\n|-damage|p1b: Iron Hands|18\/100 brn|[from] brn\n|upkeep\n|\n|t:|1701152789\n|switch|p1a: Regidrago|Regidrago, L50|77\/100\n|turn|7\n|inactive|Abused24 has 30 seconds left.\n|inactive|Abused24 has 20 seconds left.\n|inactive|Abused24 has 15 seconds left.\n|\n|t:|1701152830\n|move|p1a: Regidrago|Earth Power|p2a: Weezing\n|-supereffective|p2a: Weezing\n|-damage|p2a: Weezing|14\/100\n|move|p1b: Iron Hands|Wild Charge|p2a: Weezing\n|-damage|p2a: Weezing|0 fnt\n|faint|p2a: Weezing\n|-end|p2a: Weezing|ability: Neutralizing Gas\n|-damage|p1b: Iron Hands|15\/100 brn|[from] Recoil\n|\n|win|Abused24\n|raw|Abused24's rating: 1316 &rarr; <strong>1341<\/strong><br \/>(+25 for winning)\n|raw|queen_lel's rating: 1404 &rarr; <strong>1379<\/strong><br \/>(-25 for losing)\n","uploadtime":1701152846,"views":4,"p1id":"abused24","p2id":"queenlel","formatid":"gen9vgc2023regulatione","rating":1341,"private":0,"password":""}