{"id":"gen9vgc2023regulatione-1999674045","p1":"Remote Worker","p2":"eEmeraldl","format":"[Gen 9] VGC 2023 Regulation E","log":"|j|\u2606Remote Worker\n|j|\u2606eEmeraldl\n|t:|1701106689\n|gametype|doubles\n|player|p1|Remote Worker|1|1416\n|player|p2|eEmeraldl|ethan|1421\n|teamsize|p1|6\n|teamsize|p2|6\n|gen|9\n|tier|[Gen 9] VGC 2023 Regulation E\n|rated|\n|rule|Species Clause: Limit one of each Pok\u00e9mon\n|rule|Item Clause: Limit one of each item\n|clearpoke\n|poke|p1|Urshifu-*, L50, F|\n|poke|p1|Tornadus, L50, M|\n|poke|p1|Arcanine-Hisui, L50, M|\n|poke|p1|Brute Bonnet, L50|\n|poke|p1|Flutter Mane, L50|\n|poke|p1|Munkidori, L50, M|\n|poke|p2|Murkrow, L50, F|\n|poke|p2|Flutter Mane, L50|\n|poke|p2|Urshifu-*, L50, F|\n|poke|p2|Indeedee-F, L50, F|\n|poke|p2|Chi-Yu, L50|\n|poke|p2|Landorus-Therian, L50, M|\n|teampreview|4\n|inactive|Battle timer is ON: inactive players will automatically lose when time's up. (requested by eEmeraldl)\n|inactive|Remote Worker also wants the timer to be on.\n|inactive|Remote Worker has 60 seconds left.\n|inactive|eEmeraldl has 60 seconds left.\n|inactive|eEmeraldl has 30 seconds left.\n|inactive|eEmeraldl has 20 seconds left.\n|inactive|eEmeraldl has 15 seconds left.\n|inactive|eEmeraldl has 10 seconds left.\n|\n|t:|1701106774\n|start\n|switch|p1a: Tornadus|Tornadus, L50, M|100\/100\n|switch|p1b: Urshifu|Urshifu-Rapid-Strike, L50, F|100\/100\n|switch|p2a: Murkrow|Murkrow, L50, F|100\/100\n|switch|p2b: Chi-Yu|Chi-Yu, L50|100\/100\n|-ability|p2b: Chi-Yu|Beads of Ruin\n|turn|1\n|inactive|Remote Worker has 30 seconds left.\n|inactive|Remote Worker has 20 seconds left.\n|\n|t:|1701106812\n|-terastallize|p1b: Urshifu|Fire\n|-terastallize|p2b: Chi-Yu|Psychic\n|move|p1a: Tornadus|Tailwind|p1a: Tornadus\n|-sidestart|p1: Remote Worker|move: Tailwind\n|move|p2a: Murkrow|Sunny Day|p2a: Murkrow\n|-weather|SunnyDay\n|move|p1b: Urshifu|Surging Strikes|p2b: Chi-Yu\n|-crit|p2b: Chi-Yu\n|-damage|p2b: Chi-Yu|82\/100\n|-crit|p2b: Chi-Yu\n|-damage|p2b: Chi-Yu|66\/100\n|-crit|p2b: Chi-Yu\n|-damage|p2b: Chi-Yu|49\/100\n|-hitcount|p2b: Chi-Yu|3\n|-damage|p1b: Urshifu|91\/100|[from] item: Life Orb\n|move|p2b: Chi-Yu|Heat Wave|p1b: Urshifu|[spread] p1a,p1b\n|-resisted|p1b: Urshifu\n|-damage|p1a: Tornadus|9\/100\n|-damage|p1b: Urshifu|37\/100\n|\n|-weather|SunnyDay|[upkeep]\n|upkeep\n|turn|2\n|inactive|Remote Worker has 30 seconds left.\n|inactive|eEmeraldl has 30 seconds left.\n|inactive|eEmeraldl has 20 seconds left.\n|inactive|eEmeraldl has 15 seconds left.\n|inactive|eEmeraldl has 10 seconds left.\n|\n|t:|1701106858\n|switch|p1a: Arcanine|Arcanine-Hisui, L50, M|100\/100\n|-ability|p1a: Arcanine|Intimidate|boost\n|-unboost|p2a: Murkrow|atk|1\n|-unboost|p2b: Chi-Yu|atk|1\n|move|p1b: Urshifu|Detect|p1b: Urshifu\n|-singleturn|p1b: Urshifu|Protect\n|move|p2a: Murkrow|Quash|p1b: Urshifu\n|-activate|p1b: Urshifu|move: Protect\n|move|p2b: Chi-Yu|Heat Wave|p1b: Urshifu|[spread] p1a\n|-activate|p1b: Urshifu|move: Protect\n|-resisted|p1a: Arcanine\n|-damage|p1a: Arcanine|78\/100\n|\n|-weather|SunnyDay|[upkeep]\n|upkeep\n|turn|3\n|inactive|eEmeraldl has 30 seconds left.\n|\n|t:|1701106883\n|switch|p2b: Landorus|Landorus-Therian, L50, M, shiny|100\/100\n|-ability|p2b: Landorus|Intimidate|boost\n|-unboost|p1a: Arcanine|atk|1\n|-unboost|p1b: Urshifu|atk|1\n|move|p1a: Arcanine|Extreme Speed|p2b: Landorus\n|-damage|p2b: Landorus|75\/100\n|move|p2a: Murkrow|Tailwind|p2a: Murkrow\n|-sidestart|p2: eEmeraldl|move: Tailwind\n|move|p1b: Urshifu|Fire Punch|p2a: Murkrow\n|-damage|p2a: Murkrow|49\/100\n|-damage|p1b: Urshifu|27\/100|[from] item: Life Orb\n|\n|-weather|SunnyDay|[upkeep]\n|upkeep\n|turn|4\n|inactive|eEmeraldl has 30 seconds left.\n|inactive|eEmeraldl has 20 seconds left.\n|inactive|eEmeraldl has 15 seconds left.\n|inactive|eEmeraldl has 10 seconds left.\n|\n|t:|1701106932\n|switch|p1a: Tornadus|Tornadus, L50, M|9\/100\n|move|p1b: Urshifu|Detect|p1b: Urshifu\n|-singleturn|p1b: Urshifu|Protect\n|move|p2a: Murkrow|Quash|p1b: Urshifu\n|-activate|p1b: Urshifu|move: Protect\n|move|p2b: Landorus|Rock Slide|p1a: Tornadus|[spread] p1a\n|-activate|p1b: Urshifu|move: Protect\n|-supereffective|p1a: Tornadus\n|-damage|p1a: Tornadus|0 fnt\n|faint|p1a: Tornadus\n|\n|-weather|SunnyDay|[upkeep]\n|-sideend|p1: Remote Worker|move: Tailwind\n|upkeep\n|\n|t:|1701106944\n|switch|p1a: Arcanine|Arcanine-Hisui, L50, M|78\/100\n|-ability|p1a: Arcanine|Intimidate|boost\n|-unboost|p2a: Murkrow|atk|1\n|-unboost|p2b: Landorus|atk|1\n|turn|5\n|inactive|Remote Worker has 30 seconds left.\n|\n|t:|1701106970\n|switch|p1b: Flutter Mane|Flutter Mane, L50|100\/100\n|-activate|p1b: Flutter Mane|ability: Protosynthesis\n|-start|p1b: Flutter Mane|protosynthesisspe\n|move|p1a: Arcanine|Extreme Speed|p2a: Murkrow\n|-damage|p2a: Murkrow|8\/100\n|move|p2b: Landorus|Rock Slide|p1b: Flutter Mane|[spread] p1a,p1b\n|-supereffective|p1a: Arcanine\n|-damage|p1a: Arcanine|45\/100\n|-damage|p1b: Flutter Mane|79\/100\n|move|p2a: Murkrow|Foul Play|p1a: Arcanine\n|-damage|p1a: Arcanine|0 fnt\n|faint|p1a: Arcanine\n|\n|-weather|none\n|-end|p1b: Flutter Mane|Protosynthesis\n|upkeep\n|-enditem|p1b: Flutter Mane|Booster Energy\n|-activate|p1b: Flutter Mane|ability: Protosynthesis|[fromitem]\n|-start|p1b: Flutter Mane|protosynthesisspe\n|\n|t:|1701106987\n|switch|p1a: Urshifu|Urshifu-Rapid-Strike, L50, F, tera:Fire|27\/100\n|turn|6\n|\n|t:|1701107001\n|move|p1a: Urshifu|Detect|p1a: Urshifu\n|-singleturn|p1a: Urshifu|Protect\n|move|p2a: Murkrow|Quash|p1b: Flutter Mane\n|-activate|p1b: Flutter Mane|move: Quash\n|move|p2b: Landorus|Stomping Tantrum|p1a: Urshifu\n|-activate|p1a: Urshifu|move: Protect\n|move|p1b: Flutter Mane|Icy Wind|p2a: Murkrow|[spread] p2a\n|-miss|p1b: Flutter Mane|p2b: Landorus\n|-supereffective|p2a: Murkrow\n|-damage|p2a: Murkrow|0 fnt\n|faint|p2a: Murkrow\n|\n|-sideend|p2: eEmeraldl|move: Tailwind\n|upkeep\n|\n|t:|1701107017\n|switch|p2a: Ursula|Urshifu, L50, F|100\/100\n|turn|7\n|\n|t:|1701107035\n|move|p2a: Ursula|Sucker Punch|p1a: Urshifu\n|-damage|p1a: Urshifu|0 fnt\n|faint|p1a: Urshifu\n|-damage|p2a: Ursula|91\/100|[from] item: Life Orb\n|move|p1b: Flutter Mane|Icy Wind|p2a: Ursula|[spread] p2a,p2b\n|-supereffective|p2b: Landorus\n|-damage|p2a: Ursula|73\/100\n|-damage|p2b: Landorus|33\/100\n|-unboost|p2a: Ursula|spe|1\n|-unboost|p2b: Landorus|spe|1\n|move|p2b: Landorus|Fissure|p1b: Flutter Mane|[miss]\n|-miss|p2b: Landorus|p1b: Flutter Mane\n|\n|upkeep\n|turn|8\n|\n|t:|1701107054\n|move|p2a: Ursula|Sucker Punch|p1b: Flutter Mane\n|-damage|p1b: Flutter Mane|0 fnt\n|faint|p1b: Flutter Mane\n|-end|p1b: Flutter Mane|Protosynthesis|[silent]\n|-damage|p2a: Ursula|63\/100|[from] item: Life Orb\n|\n|win|eEmeraldl\n|raw|Remote Worker's rating: 1416 &rarr; <strong>1396<\/strong><br \/>(-20 for losing)\n|raw|eEmeraldl's rating: 1421 &rarr; <strong>1441<\/strong><br \/>(+20 for winning)\n|l|\u2606Remote Worker\n","uploadtime":1701107063,"views":14,"p1id":"remoteworker","p2id":"eemeraldl","formatid":"gen9vgc2023regulatione","rating":1396,"private":0,"password":""}