{"id":"gen9vgc2023regulatione-1990094198","p1":"niubmaccioz","p2":"chadABOMASNOW","format":"[Gen 9] VGC 2023 Regulation E","log":"|j|\u2606niubmaccioz\n|j|\u2606chadABOMASNOW\n|t:|1699923894\n|gametype|doubles\n|player|p1|niubmaccioz|266|1284\n|player|p2|chadABOMASNOW|102|1325\n|teamsize|p1|6\n|teamsize|p2|6\n|gen|9\n|tier|[Gen 9] VGC 2023 Regulation E\n|rated|\n|rule|Species Clause: Limit one of each Pok\u00e9mon\n|rule|Item Clause: Limit one of each item\n|clearpoke\n|poke|p1|Muk-Alola, L50, M|\n|poke|p1|Arbok, L50, M|\n|poke|p1|Azumarill, L50, F|\n|poke|p1|Rillaboom, L50, M|\n|poke|p1|Flutter Mane, L50|\n|poke|p1|Clefairy, L50, F|\n|poke|p2|Kommo-o, L50, F|\n|poke|p2|Oricorio, L50, F|\n|poke|p2|Muk-Alola, L50, F|\n|poke|p2|Gyarados, L50, F|\n|poke|p2|Rillaboom, L50, M|\n|poke|p2|Volcarona, L50, M|\n|teampreview|4\n|c|\u2606chadABOMASNOW|spiderman meme\n|c|\u2606chadABOMASNOW|lol\n|c|\u2606chadABOMASNOW|glhf\n|\n|t:|1699923931\n|start\n|switch|p1a: Flutter Mane|Flutter Mane, L50|100\/100\n|switch|p1b: Arbok|Arbok, L50, M|100\/100\n|switch|p2a: Oricorio|Oricorio, L50, F|100\/100\n|switch|p2b: Muk|Muk-Alola, L50, F|100\/100\n|-ability|p1b: Arbok|Intimidate|boost\n|-unboost|p2a: Oricorio|atk|1\n|-unboost|p2b: Muk|atk|1\n|turn|1\n|c|\u2606chadABOMASNOW|I love the arbok\n|inactive|Battle timer is ON: inactive players will automatically lose when time's up. (requested by chadABOMASNOW)\n|\n|t:|1699923958\n|move|p1a: Flutter Mane|Dazzling Gleam|p2b: Muk|[spread] p2a,p2b\n|-resisted|p2a: Oricorio\n|-damage|p2a: Oricorio|65\/100\n|-damage|p2b: Muk|52\/100\n|move|p2a: Oricorio|Tailwind|p2a: Oricorio\n|-sidestart|p2: chadABOMASNOW|move: Tailwind\n|move|p2b: Muk|Substitute|p2b: Muk\n|-start|p2b: Muk|Substitute\n|-damage|p2b: Muk|28\/100\n|move|p1b: Arbok|Glare|p2a: Oricorio\n|-status|p2a: Oricorio|par\n|\n|-heal|p2b: Muk|34\/100|[from] item: Leftovers\n|upkeep\n|turn|2\n|inactive|chadABOMASNOW has 30 seconds left.\n|inactive|chadABOMASNOW has 20 seconds left.\n|inactive|chadABOMASNOW has 15 seconds left.\n|\n|t:|1699924001\n|switch|p2a: Gyarados|Gyarados, L50, F|100\/100\n|-ability|p2a: Gyarados|Intimidate|boost\n|-unboost|p1a: Flutter Mane|atk|1\n|-unboost|p1b: Arbok|atk|1\n|move|p2b: Muk|Knock Off|p1a: Flutter Mane\n|-damage|p1a: Flutter Mane|41\/100\n|-enditem|p1a: Flutter Mane|Choice Specs|[from] move: Knock Off|[of] p2b: Muk\n|move|p1a: Flutter Mane|Dazzling Gleam|p2a: Gyarados|[spread] p2a,p2b\n|-end|p2b: Muk|Substitute\n|-damage|p2a: Gyarados|70\/100\n|move|p1b: Arbok|Glare|p2b: Muk\n|-status|p2b: Muk|par\n|\n|-heal|p2b: Muk|40\/100 par|[from] item: Leftovers\n|upkeep\n|turn|3\n|inactive|chadABOMASNOW has 30 seconds left.\n|\n|t:|1699924027\n|move|p2a: Gyarados|Taunt|p1b: Arbok\n|-start|p1b: Arbok|move: Taunt\n|move|p1a: Flutter Mane|Dazzling Gleam|p2b: Muk|[spread] p2a,p2b\n|-damage|p2a: Gyarados|41\/100\n|-damage|p2b: Muk|7\/100 par\n|cant|p1b: Arbok|move: Taunt|Glare\n|move|p2b: Muk|Poison Jab|p1a: Flutter Mane\n|-damage|p1a: Flutter Mane|0 fnt\n|faint|p1a: Flutter Mane\n|-end|p1a: Flutter Mane|Protosynthesis|[silent]\n|\n|-heal|p2b: Muk|13\/100 par|[from] item: Leftovers\n|upkeep\n|\n|t:|1699924043\n|switch|p1a: Azumarill|Azumarill, L50, F|100\/100\n|turn|4\n|\n|t:|1699924057\n|cant|p2b: Muk|par\n|move|p2a: Gyarados|Thunder Wave|p1a: Azumarill\n|-status|p1a: Azumarill|par\n|move|p1b: Arbok|Rock Slide|p2a: Gyarados|[spread] p2b\n|-miss|p1b: Arbok|p2a: Gyarados\n|-damage|p2b: Muk|0 fnt\n|faint|p2b: Muk\n|cant|p1a: Azumarill|par\n|\n|-sideend|p2: chadABOMASNOW|move: Tailwind\n|upkeep\n|\n|t:|1699924068\n|switch|p2b: Rillaboom|Rillaboom, L50, M|100\/100\n|-fieldstart|move: Grassy Terrain|[from] ability: Grassy Surge|[of] p2b: Rillaboom\n|turn|5\n|\n|t:|1699924082\n|switch|p1b: Muk|Muk-Alola, L50, M|100\/100\n|switch|p2a: Oricorio|Oricorio, L50, F|65\/100 par\n|move|p2b: Rillaboom|Fake Out|p1b: Muk\n|-damage|p1b: Muk|87\/100\n|cant|p1a: Azumarill|par\n|\n|-heal|p1b: Muk|93\/100|[from] Grassy Terrain\n|-heal|p1b: Muk|99\/100|[from] item: Leftovers\n|upkeep\n|turn|6\n|inactive|chadABOMASNOW has 30 seconds left.\n|inactive|chadABOMASNOW has 20 seconds left.\n|\n|t:|1699924117\n|switch|p1a: Arbok|Arbok, L50, M|100\/100\n|-ability|p1a: Arbok|Intimidate|boost\n|-unboost|p2a: Oricorio|atk|1\n|-unboost|p2b: Rillaboom|atk|1\n|move|p2b: Rillaboom|Wood Hammer|p1a: Arbok\n|-resisted|p1a: Arbok\n|-damage|p1a: Arbok|43\/100\n|-damage|p2b: Rillaboom|87\/100|[from] Recoil\n|-enditem|p1a: Arbok|Eject Button\n|\n|t:|1699924127\n|switch|p1a: Azumarill|Azumarill, L50, F|100\/100 par\n|move|p2a: Oricorio|Air Cutter|p1b: Muk|[spread] p1a,p1b\n|-crit|p1a: Azumarill\n|-damage|p1a: Azumarill|61\/100 par\n|-damage|p1b: Muk|77\/100\n|-damage|p2a: Oricorio|55\/100 par|[from] item: Life Orb\n|move|p1b: Muk|Stone Edge|p2a: Oricorio\n|-supereffective|p2a: Oricorio\n|-damage|p2a: Oricorio|0 fnt\n|faint|p2a: Oricorio\n|\n|-heal|p2b: Rillaboom|93\/100|[from] Grassy Terrain\n|-heal|p1b: Muk|84\/100|[from] Grassy Terrain\n|-heal|p1b: Muk|90\/100|[from] item: Leftovers\n|-heal|p1a: Azumarill|67\/100 par|[from] Grassy Terrain\n|upkeep\n|\n|t:|1699924142\n|switch|p2a: Gyarados|Gyarados, L50, F|41\/100\n|-ability|p2a: Gyarados|Intimidate|boost\n|-unboost|p1a: Azumarill|atk|1\n|-unboost|p1b: Muk|atk|1\n|turn|7\n|\n|t:|1699924152\n|switch|p1a: Arbok|Arbok, L50, M|43\/100\n|-ability|p1a: Arbok|Intimidate|boost\n|-fail|p2a: Gyarados|unboost|[from] item: Clear Amulet|[of] p2a: Gyarados\n|-unboost|p2b: Rillaboom|atk|1\n|move|p2b: Rillaboom|Grassy Glide|p1a: Arbok\n|-resisted|p1a: Arbok\n|-damage|p1a: Arbok|25\/100\n|move|p2a: Gyarados|Dragon Dance|p2a: Gyarados\n|-boost|p2a: Gyarados|atk|1\n|-boost|p2a: Gyarados|spe|1\n|move|p1b: Muk|Stone Edge|p2a: Gyarados\n|-supereffective|p2a: Gyarados\n|-damage|p2a: Gyarados|0 fnt\n|faint|p2a: Gyarados\n|\n|-heal|p1a: Arbok|31\/100|[from] Grassy Terrain\n|-heal|p2b: Rillaboom|99\/100|[from] Grassy Terrain\n|-heal|p1b: Muk|96\/100|[from] Grassy Terrain\n|-heal|p1b: Muk|100\/100|[from] item: Leftovers\n|upkeep\n|turn|8\n|-message|chadABOMASNOW forfeited.\n|\n|win|niubmaccioz\n|raw|niubmaccioz's rating: 1284 &rarr; <strong>1312<\/strong><br \/>(+28 for winning)\n|raw|chadABOMASNOW's rating: 1325 &rarr; <strong>1303<\/strong><br \/>(-22 for losing)\n|l|\u2606chadABOMASNOW\n","uploadtime":1699924178,"views":10,"p1id":"niubmaccioz","p2id":"chadabomasnow","formatid":"gen9vgc2023regulatione","rating":1303,"private":0,"password":""}