{"id":"gen9vgc2023regulatione-1996443199","p1":"Thehoppa117","p2":"Kaizxr1906","format":"[Gen 9] VGC 2023 Regulation E","log":"|j|\u2606Thehoppa117\n|j|\u2606Kaizxr1906\n|t:|1700682496\n|gametype|doubles\n|player|p1|Thehoppa117|benga|1110\n|player|p2|Kaizxr1906|102|1085\n|teamsize|p1|6\n|teamsize|p2|6\n|gen|9\n|tier|[Gen 9] VGC 2023 Regulation E\n|rated|\n|rule|Species Clause: Limit one of each Pok\u00e9mon\n|rule|Item Clause: Limit one of each item\n|clearpoke\n|poke|p1|Iron Jugulis, L50|\n|poke|p1|Iron Hands, L50|\n|poke|p1|Iron Moth, L50|\n|poke|p1|Ogerpon-Hearthflame, L50, F|\n|poke|p1|Flutter Mane, L50|\n|poke|p1|Sinistcha, L50|\n|poke|p2|Chandelure, L50, F|\n|poke|p2|Ninetales-Alola, L50, M|\n|poke|p2|Baxcalibur, L50, M|\n|poke|p2|Ogerpon-Wellspring, L50, F|\n|poke|p2|Mamoswine, L50, M|\n|poke|p2|Sinistcha, L50|\n|teampreview|4\n|inactive|Battle timer is ON: inactive players will automatically lose when time's up. (requested by Thehoppa117)\n|inactive|Kaizxr1906 has 60 seconds left.\n|\n|t:|1700682534\n|start\n|switch|p1a: Iron Jugulis|Iron Jugulis, L50|100\/100\n|switch|p1b: Iron Hands|Iron Hands, L50|100\/100\n|switch|p2a: Ninetales|Ninetales-Alola, L50, M|100\/100\n|switch|p2b: Mamoswine|Mamoswine, L50, M|100\/100\n|-weather|Snow|[from] ability: Snow Warning|[of] p2a: Ninetales\n|-enditem|p1a: Iron Jugulis|Booster Energy\n|-activate|p1a: Iron Jugulis|ability: Quark Drive|[fromitem]\n|-start|p1a: Iron Jugulis|quarkdrivespe\n|turn|1\n|inactive|Kaizxr1906 has 30 seconds left.\n|inactive|Kaizxr1906 has 20 seconds left.\n|\n|t:|1700682569\n|-terastallize|p1b: Iron Hands|Ground\n|move|p1a: Iron Jugulis|Sunny Day|p1a: Iron Jugulis\n|-weather|SunnyDay\n|move|p2b: Mamoswine|Earthquake|p1b: Iron Hands|[spread] p2a,p1b\n|-immune|p1a: Iron Jugulis\n|-damage|p2a: Ninetales|52\/100\n|-damage|p1b: Iron Hands|75\/100\n|move|p2a: Ninetales|Blizzard|p1a: Iron Jugulis|[spread] p1a\n|-miss|p2a: Ninetales|p1b: Iron Hands\n|-supereffective|p1a: Iron Jugulis\n|-damage|p1a: Iron Jugulis|50\/100\n|move|p1b: Iron Hands|Drain Punch|p2b: Mamoswine\n|-supereffective|p2b: Mamoswine\n|-damage|p2b: Mamoswine|0 fnt\n|-heal|p1b: Iron Hands|100\/100|[from] drain|[of] p2b: Mamoswine\n|faint|p2b: Mamoswine\n|\n|-weather|SunnyDay|[upkeep]\n|upkeep\n|inactive|Kaizxr1906 has 30 seconds left.\n|\n|t:|1700682599\n|switch|p2b: Ogerpon|Ogerpon-Wellspring, L50, F|100\/100\n|turn|2\n|\n|t:|1700682611\n|move|p2a: Ninetales|Protect|p2a: Ninetales\n|-singleturn|p2a: Ninetales|Protect\n|move|p1a: Iron Jugulis|Electric Terrain|p1a: Iron Jugulis\n|-fieldstart|move: Electric Terrain\n|-activate|p1b: Iron Hands|ability: Quark Drive\n|-start|p1b: Iron Hands|quarkdriveatk\n|move|p2b: Ogerpon|Horn Leech|p1b: Iron Hands\n|-supereffective|p1b: Iron Hands\n|-damage|p1b: Iron Hands|45\/100\n|move|p1b: Iron Hands|Thunder Punch|p2b: Ogerpon\n|-damage|p2b: Ogerpon|4\/100\n|\n|-weather|SunnyDay|[upkeep]\n|upkeep\n|turn|3\n|\n|t:|1700682633\n|move|p2b: Ogerpon|Spiky Shield|p2b: Ogerpon\n|-singleturn|p2b: Ogerpon|move: Protect\n|move|p1a: Iron Jugulis|Air Slash|p2b: Ogerpon\n|-activate|p2b: Ogerpon|move: Protect\n|move|p2a: Ninetales|Blizzard|p1b: Iron Hands|[spread] p1a,p1b\n|-supereffective|p1a: Iron Jugulis\n|-supereffective|p1b: Iron Hands\n|-damage|p1a: Iron Jugulis|0 fnt\n|-damage|p1b: Iron Hands|12\/100\n|faint|p1a: Iron Jugulis\n|-end|p1a: Iron Jugulis|Quark Drive|[silent]\n|move|p1b: Iron Hands|Drain Punch|p2a: Ninetales\n|-damage|p2a: Ninetales|0 fnt\n|-heal|p1b: Iron Hands|30\/100|[from] drain|[of] p2a: Ninetales\n|faint|p2a: Ninetales\n|\n|-weather|SunnyDay|[upkeep]\n|upkeep\n|inactive|Thehoppa117 has 30 seconds left.\n|inactive|Thehoppa117 has 20 seconds left.\n|inactive|Thehoppa117 has 15 seconds left.\n|inactive|Thehoppa117 has 10 seconds left.\n|inactive|Thehoppa117 has 5 seconds left.\n|\n|t:|1700682686\n|switch|p2a: Baxcalibur|Baxcalibur, L50, M|100\/100\n|switch|p1a: Ogerpon|Ogerpon-Hearthflame, L50, F|100\/100\n|-ability|p1a: Ogerpon|Mold Breaker\n|turn|4\n|\n|t:|1700682703\n|move|p2a: Baxcalibur|Protect|p2a: Baxcalibur\n|-singleturn|p2a: Baxcalibur|Protect\n|move|p1a: Ogerpon|Horn Leech|p2b: Ogerpon\n|-damage|p2b: Ogerpon|0 fnt\n|faint|p2b: Ogerpon\n|move|p1b: Iron Hands|Drain Punch|p2a: Baxcalibur\n|-activate|p2a: Baxcalibur|move: Protect\n|\n|-weather|SunnyDay|[upkeep]\n|upkeep\n|turn|5\n|\n|t:|1700682720\n|-terastallize|p2a: Baxcalibur|Poison\n|move|p1a: Ogerpon|Ivy Cudgel|p2a: Baxcalibur|[anim] Ivy Cudgel Fire\n|-damage|p2a: Baxcalibur|9\/100\n|move|p2a: Baxcalibur|Icicle Spear|p1b: Iron Hands\n|-supereffective|p1b: Iron Hands\n|-damage|p1b: Iron Hands|11\/100\n|-supereffective|p1b: Iron Hands\n|-damage|p1b: Iron Hands|0 fnt\n|faint|p1b: Iron Hands\n|-end|p1b: Iron Hands|Quark Drive|[silent]\n|-hitcount|p1: Iron Hands|2\n|\n|-weather|none\n|upkeep\n|\n|t:|1700682728\n|switch|p1b: Iron Moth|Iron Moth, L50|100\/100\n|-activate|p1b: Iron Moth|ability: Quark Drive\n|-start|p1b: Iron Moth|quarkdrivespa\n|turn|6\n|-message|Kaizxr1906 forfeited.\n|\n|win|Thehoppa117\n|raw|Thehoppa117's rating: 1110 &rarr; <strong>1133<\/strong><br \/>(+23 for winning)\n|raw|Kaizxr1906's rating: 1085 &rarr; <strong>1064<\/strong><br \/>(-21 for losing)\n|l|\u2606Kaizxr1906\n","uploadtime":1700682769,"views":1,"p1id":"thehoppa117","p2id":"kaizxr1906","formatid":"gen9vgc2023regulatione","rating":1064,"private":0,"password":""}