{"id":"gen9vgc2023regulatione-1988089123","p1":"dlll woop","p2":"luca8","format":"[Gen 9] VGC 2023 Regulation E","log":"|j|\u2606dlll woop\n|j|\u2606luca8\n|t:|1699668181\n|gametype|doubles\n|player|p1|dlll woop|lucas-gen4pt|1536\n|player|p2|luca8|flint|1553\n|teamsize|p1|6\n|teamsize|p2|6\n|gen|9\n|tier|[Gen 9] VGC 2023 Regulation E\n|rated|\n|rule|Species Clause: Limit one of each Pok\u00e9mon\n|rule|Item Clause: Limit one of each item\n|clearpoke\n|poke|p1|Farigiraf, L50, F|\n|poke|p1|Maushold-Four, L50|\n|poke|p1|Torkoal, L50, M|\n|poke|p1|Staraptor, L50, F|\n|poke|p1|Urshifu-*, L50, F|\n|poke|p1|Hariyama, L50, F|\n|poke|p2|Urshifu-*, L50, M|\n|poke|p2|Farigiraf, L50, M|\n|poke|p2|Torkoal, L50, F|\n|poke|p2|Flutter Mane, L50|\n|poke|p2|Chi-Yu, L50|\n|poke|p2|Ogerpon-Wellspring, L50, F|\n|teampreview|4\n|j| SlimeSenshiGalaxy\n|j| FelipePaze\n|c| FelipePaze|dill woop\n|\n|t:|1699668230\n|start\n|switch|p1a: Farigiraf|Farigiraf, L50, F|100\/100\n|switch|p1b: Urshifu|Urshifu, L50, F|100\/100\n|switch|p2a: Flutter Mane|Flutter Mane, L50|100\/100\n|switch|p2b: Chi-Yu|Chi-Yu, L50|100\/100\n|-ability|p2b: Chi-Yu|Beads of Ruin\n|turn|1\n|c| FelipePaze|rooting for you\n|c|\u2606dlll woop|<3\n|\n|t:|1699668250\n|-terastallize|p2a: Flutter Mane|Fairy\n|-terastallize|p1a: Farigiraf|Fire\n|move|p1b: Urshifu|Detect|p1b: Urshifu\n|-singleturn|p1b: Urshifu|Protect\n|move|p2a: Flutter Mane|Dazzling Gleam|p1a: Farigiraf|[spread] p1a\n|-activate|p1b: Urshifu|move: Protect\n|-resisted|p1a: Farigiraf\n|-crit|p1a: Farigiraf\n|-damage|p1a: Farigiraf|46\/100\n|move|p2b: Chi-Yu|Heat Wave|p1a: Farigiraf|[spread] p1a\n|-activate|p1b: Urshifu|move: Protect\n|-resisted|p1a: Farigiraf\n|-damage|p1a: Farigiraf|25\/100\n|move|p1a: Farigiraf|Trick Room|p1a: Farigiraf\n|-fieldstart|move: Trick Room|[of] p1a: Farigiraf\n|\n|upkeep\n|turn|2\n|c| SlimeSenshiGalaxy|XD\n|\n|t:|1699668272\n|move|p1a: Farigiraf|Psychic|p2a: Flutter Mane\n|-damage|p2a: Flutter Mane|51\/100\n|move|p1b: Urshifu|Close Combat|p2b: Chi-Yu\n|-supereffective|p2b: Chi-Yu\n|-damage|p2b: Chi-Yu|0 fnt\n|-unboost|p1b: Urshifu|def|1\n|-unboost|p1b: Urshifu|spd|1\n|faint|p2b: Chi-Yu\n|move|p2a: Flutter Mane|Dazzling Gleam|p1b: Urshifu|[spread] p1a,p1b\n|-resisted|p1a: Farigiraf\n|-supereffective|p1b: Urshifu\n|-damage|p1a: Farigiraf|0 fnt\n|-damage|p1b: Urshifu|0 fnt\n|faint|p1a: Farigiraf\n|faint|p1b: Urshifu\n|\n|upkeep\n|\n|t:|1699668290\n|switch|p1a: Torkoal|Torkoal, L50, M|100\/100\n|switch|p1b: Hariyama|Hariyama, L50, F|100\/100\n|switch|p2b: Torkoal|Torkoal, L50, F|100\/100\n|-weather|SunnyDay|[from] ability: Drought|[of] p2b: Torkoal\n|-activate|p2a: Flutter Mane|ability: Protosynthesis\n|-start|p2a: Flutter Mane|protosynthesisspa\n|turn|3\n|\n|t:|1699668300\n|move|p2b: Torkoal|Protect|p2b: Torkoal\n|-singleturn|p2b: Torkoal|Protect\n|move|p1b: Hariyama|Fake Out|p2b: Torkoal\n|-activate|p2b: Torkoal|move: Protect\n|move|p1a: Torkoal|Eruption|p2b: Torkoal|[spread] p2a\n|-activate|p2b: Torkoal|move: Protect\n|-damage|p2a: Flutter Mane|0 fnt\n|faint|p2a: Flutter Mane\n|-end|p2a: Flutter Mane|Protosynthesis|[silent]\n|\n|-weather|SunnyDay|[upkeep]\n|-status|p1b: Hariyama|brn|[from] item: Flame Orb\n|upkeep\n|\n|t:|1699668314\n|switch|p2a: Urshifu|Urshifu, L50, M|100\/100\n|-enditem|p2a: Urshifu|Room Service\n|-unboost|p2a: Urshifu|spe|1|[from] item: Room Service\n|turn|4\n|c| FelipePaze|lest gooo dilll\n|\n|t:|1699668325\n|move|p2a: Urshifu|Sucker Punch|p1a: Torkoal\n|-damage|p1a: Torkoal|68\/100\n|move|p1a: Torkoal|Eruption|p2b: Torkoal|[spread] p2a,p2b\n|-resisted|p2b: Torkoal\n|-damage|p2a: Urshifu|37\/100\n|-damage|p2b: Torkoal|61\/100\n|move|p2b: Torkoal|Eruption|p1b: Hariyama|[spread] p1a,p1b\n|-resisted|p1a: Torkoal\n|-damage|p1a: Torkoal|35\/100\n|-damage|p1b: Hariyama|48\/100 brn\n|move|p1b: Hariyama|Earthquake|p2b: Torkoal|[spread] p1a,p2a,p2b\n|-supereffective|p1a: Torkoal\n|-supereffective|p2b: Torkoal\n|-damage|p1a: Torkoal|0 fnt\n|-damage|p2a: Urshifu|1\/100\n|-damage|p2b: Torkoal|0 fnt\n|faint|p1a: Torkoal\n|faint|p2b: Torkoal\n|\n|-weather|SunnyDay|[upkeep]\n|-damage|p1b: Hariyama|42\/100 brn|[from] brn\n|upkeep\n|turn|5\n|c| SlimeSenshiGalaxy|dafuk\n|\n|t:|1699668347\n|move|p1b: Hariyama|Facade|p2a: Urshifu\n|-damage|p2a: Urshifu|0 fnt\n|faint|p2a: Urshifu\n|\n|win|dlll woop\n|raw|dlll woop's rating: 1536 &rarr; <strong>1557<\/strong><br \/>(+21 for winning)\n|raw|luca8's rating: 1553 &rarr; <strong>1532<\/strong><br \/>(-21 for losing)\n|l|\u2606luca8\n|c|\u2606dlll woop|xD\n|c| SlimeSenshiGalaxy|gg\n|c| SlimeSenshiGalaxy|amazing earthquake\n|c|\u2606dlll woop|thnx\n|c|\u2606dlll woop|gg wp\n|c| SlimeSenshiGalaxy|<3\n|l| SlimeSenshiGalaxy\n","uploadtime":1699668387,"views":33,"p1id":"dlllwoop","p2id":"luca8","formatid":"gen9vgc2023regulatione","rating":1532,"private":0,"password":""}