{"id":"gen9vgc2023regulatione-1988766017","p1":"LiluziHit","p2":"OMGPACHIMARI","format":"[Gen 9] VGC 2023 Regulation E","log":"|j|\u2606LiluziHit\n|j|\u2606OMGPACHIMARI\n|n|\u2606LiluziHit|liluzihit\n|n|\u2606OMGPACHIMARI|omgpachimari\n|html|View the match progress at <a href=\"\/game-bestof3-gen9vgc2023regulatione-1988764227\">game-bestof3-gen9vgc2023regulatione-1988764227<\/a>\n|t:|1699760340\n|gametype|doubles\n|player|p1|LiluziHit|blue|\n|player|p2|OMGPACHIMARI|norman|\n|teamsize|p1|6\n|teamsize|p2|6\n|gen|9\n|tier|[Gen 9] VGC 2023 Regulation E\n|rule|Species Clause: Limit one of each Pok\u00e9mon\n|rule|Item Clause: Limit one of each item\n|clearpoke\n|poke|p1|Kingambit, L50, F|\n|poke|p1|Landorus-Therian, L50, M|\n|poke|p1|Ursaluna-Bloodmoon, L50, M|\n|poke|p1|Dusknoir, L50, F|\n|poke|p1|Munkidori, L50, M|\n|poke|p1|Bruxish, L50, M|\n|poke|p2|Dragonite, L50, M|\n|poke|p2|Bombirdier, L50, M|\n|poke|p2|Volcarona, L50, F|\n|poke|p2|Tsareena, L50, F|\n|poke|p2|Grumpig, L50, F|\n|poke|p2|Primeape, L50, F|\n|teampreview|4\n|inactive|Battle timer is ON: inactive players will automatically lose when time's up. (requested by OMGPACHIMARI)\nOMGPACHIMARI rejected open team sheets.\n|inactiveoff|Battle timer is now OFF.\n|j| Tuxmux\n|\n|t:|1699760439\n|start\n|switch|p1a: Landorus|Landorus-Therian, L50, M|100\/100\n|switch|p1b: Dusknoir|Dusknoir, L50, F|100\/100\n|switch|p2a: Dragonite|Dragonite, L50, M|100\/100\n|switch|p2b: Bombirdier|Bombirdier, L50, M|100\/100\n|-ability|p1a: Landorus|Intimidate|boost\n|-unboost|p2a: Dragonite|atk|1\n|-unboost|p2b: Bombirdier|atk|1\n|-item|p2a: Dragonite|Soft Sand|[from] ability: Frisk|[of] p1b: Dusknoir|[identify]\n|-item|p2b: Bombirdier|Mental Herb|[from] ability: Frisk|[of] p1b: Dusknoir|[identify]\n|turn|1\n|c|\u2606OMGPACHIMARI|damn I'm just gonna lose right here methinks\n|\n|t:|1699760468\n|-terastallize|p2a: Dragonite|Steel\n|move|p1b: Dusknoir|Helping Hand|p1a: Landorus\n|-singleturn|p1a: Landorus|Helping Hand|[of] p1b: Dusknoir\n|move|p2b: Bombirdier|Rock Slide|p1b: Dusknoir|[spread] p1a\n|-miss|p2b: Bombirdier|p1b: Dusknoir\n|-damage|p1a: Landorus|86\/100\n|move|p2a: Dragonite|Rock Slide|p1b: Dusknoir|[spread] p1a,p1b\n|-damage|p1a: Landorus|72\/100\n|-damage|p1b: Dusknoir|89\/100\n|cant|p1a: Landorus|flinch\n|\n|upkeep\n|turn|2\n|c|\u2606LiluziHit|lmao\n|\n|t:|1699760499\n|move|p2b: Bombirdier|Rock Slide|p1b: Dusknoir|[spread] p1a,p1b\n|-damage|p1a: Landorus|58\/100\n|-damage|p1b: Dusknoir|77\/100\n|move|p2a: Dragonite|Rock Slide|p1a: Landorus|[spread] p1a,p1b\n|-crit|p1b: Dusknoir\n|-damage|p1a: Landorus|45\/100\n|-damage|p1b: Dusknoir|51\/100\n|cant|p1a: Landorus|flinch\n|move|p1b: Dusknoir|Will-O-Wisp|p2a: Dragonite|[miss]\n|-miss|p1b: Dusknoir|p2a: Dragonite\n|\n|upkeep\n|turn|3\n|c|\u2606LiluziHit|dawg\n|\n|t:|1699760511\n|move|p1b: Dusknoir|Helping Hand|p1a: Landorus\n|-singleturn|p1a: Landorus|Helping Hand|[of] p1b: Dusknoir\n|move|p2b: Bombirdier|Rock Slide|p1b: Dusknoir|[spread] p1a\n|-miss|p2b: Bombirdier|p1b: Dusknoir\n|-crit|p1a: Landorus\n|-damage|p1a: Landorus|10\/100\n|move|p2a: Dragonite|Rock Slide|p1a: Landorus|[spread] p1a,p1b\n|-crit|p1b: Dusknoir\n|-damage|p1a: Landorus|0 fnt\n|-damage|p1b: Dusknoir|24\/100\n|faint|p1a: Landorus\n|\n|upkeep\n|c| Tuxmux|just click a move bro\n|\n|t:|1699760520\n|switch|p1a: Munkidori|Munkidori, L50, M|100\/100\n|turn|4\n|\n|t:|1699760538\n|move|p1a: Munkidori|Fake Out|p2b: Bombirdier\n|-damage|p2b: Bombirdier|92\/100\n|cant|p2b: Bombirdier|flinch\n|move|p2a: Dragonite|Earthquake|p1a: Munkidori|[spread] p1a,p1b\n|-immune|p2b: Bombirdier\n|-supereffective|p1a: Munkidori\n|-damage|p1a: Munkidori|50\/100\n|-damage|p1b: Dusknoir|6\/100\n|move|p1b: Dusknoir|Trick Room|p1b: Dusknoir\n|-fieldstart|move: Trick Room|[of] p1b: Dusknoir\n|\n|upkeep\n|turn|5\n|c|\u2606LiluziHit|im trying\n|\n|t:|1699760566\n|move|p1b: Dusknoir|Helping Hand|p1a: Munkidori\n|-singleturn|p1a: Munkidori|Helping Hand|[of] p1b: Dusknoir\n|move|p2a: Dragonite|Earthquake|p1a: Munkidori|[spread] p1a,p1b\n|-immune|p2b: Bombirdier\n|-supereffective|p1a: Munkidori\n|-damage|p1a: Munkidori|0 fnt\n|-damage|p1b: Dusknoir|0 fnt\n|faint|p1a: Munkidori\n|faint|p1b: Dusknoir\n|move|p2b: Bombirdier|Parting Shot|p1: Munkidori|[notarget]\n|-fail|p2b: Bombirdier\n|\n|upkeep\n|\n|t:|1699760570\n|switch|p1b: Ursaluna|Ursaluna-Bloodmoon, L50, M|100\/100\n|turn|6\n|\n|t:|1699760592\n|-terastallize|p1b: Ursaluna|Normal\n|move|p2a: Dragonite|Extreme Speed|p1b: Ursaluna\n|-damage|p1b: Ursaluna|88\/100\n|move|p1b: Ursaluna|Earth Power|p2a: Dragonite\n|-supereffective|p2a: Dragonite\n|-damage|p2a: Dragonite|42\/100\n|move|p2b: Bombirdier|Parting Shot|p1b: Ursaluna\n|-unboost|p1b: Ursaluna|atk|1\n|-unboost|p1b: Ursaluna|spa|1\n|\n|t:|1699760604\n|switch|p2b: Grumpig|Grumpig, L50, F|100\/100|[from] Parting Shot\n|\n|upkeep\n|turn|7\n|\n|t:|1699760616\n|move|p2a: Dragonite|Protect|p2a: Dragonite\n|-singleturn|p2a: Dragonite|Protect\n|move|p1b: Ursaluna|Hyper Voice|p2a: Dragonite|[spread] p2b\n|-activate|p2a: Dragonite|move: Protect\n|-damage|p2b: Grumpig|75\/100\n|move|p2b: Grumpig|Imprison|p2b: Grumpig\n|-start|p2b: Grumpig|move: Imprison\n|\n|upkeep\n|turn|8\n|\n|t:|1699760639\n|move|p2a: Dragonite|Extreme Speed|p1b: Ursaluna\n|-damage|p1b: Ursaluna|75\/100\n|move|p1b: Ursaluna|Blood Moon|p2b: Grumpig\n|-damage|p2b: Grumpig|14\/100\n|-enditem|p2b: Grumpig|Iapapa Berry|[eat]\n|-heal|p2b: Grumpig|47\/100|[from] item: Iapapa Berry\n|move|p2b: Grumpig|Earth Power|p1b: Ursaluna\n|-damage|p1b: Ursaluna|53\/100\n|\n|-fieldend|move: Trick Room\n|upkeep\n|turn|9\n|\n|t:|1699760653\n|move|p1b: Ursaluna|Protect|p1b: Ursaluna\n|-singleturn|p1b: Ursaluna|Protect\n|move|p2a: Dragonite|Rock Slide|p1b: Ursaluna\n|-activate|p1b: Ursaluna|move: Protect\n|move|p2b: Grumpig|Earth Power|p1b: Ursaluna\n|-activate|p1b: Ursaluna|move: Protect\n|\n|upkeep\n|turn|10\n|\n|t:|1699760666\n|move|p2a: Dragonite|Extreme Speed|p1b: Ursaluna\n|-damage|p1b: Ursaluna|40\/100\n|move|p2b: Grumpig|Earth Power|p1b: Ursaluna\n|-damage|p1b: Ursaluna|18\/100\n|move|p1b: Ursaluna|Blood Moon|p2a: Dragonite\n|-resisted|p2a: Dragonite\n|-damage|p2a: Dragonite|4\/100\n|\n|upkeep\n|turn|11\n|\n|t:|1699760677\n|move|p1b: Ursaluna|Protect|p1b: Ursaluna\n|-singleturn|p1b: Ursaluna|Protect\n|move|p2a: Dragonite|Extreme Speed|p1b: Ursaluna\n|-activate|p1b: Ursaluna|move: Protect\n|move|p2b: Grumpig|Earth Power|p1b: Ursaluna\n|-activate|p1b: Ursaluna|move: Protect\n|\n|upkeep\n|turn|12\n|c|\u2606LiluziHit|god u dont like me today huh\n|\n|t:|1699760686\n|move|p2a: Dragonite|Extreme Speed|p1b: Ursaluna\n|-crit|p1b: Ursaluna\n|-damage|p1b: Ursaluna|0 fnt\n|faint|p1b: Ursaluna\n|\n|win|OMGPACHIMARI\n|c|&|\/uhtml prompt-liluzihit,LiluziHit is ready for game 3!\n|c|&|\/uhtml prompt-omgpachimari,OMGPACHIMARI is ready for game 3!\nBoth players are ready! Starting next match!\n|l|\u2606LiluziHit\n|j|\u2606LiluziHit\n|player|p1|LiluziHit|blue\n","uploadtime":1699761283,"views":56,"p1id":"liluzihit","p2id":"omgpachimari","formatid":"gen9vgc2023regulatione","rating":0,"private":0,"password":""}