{"id":"gen9vgc2023regulatione-1999447559","p1":"Sobiris","p2":"SCARCITY25","format":"[Gen 9] VGC 2023 Regulation E","log":"|j|\u2606Sobiris\n|j|\u2606SCARCITY25\n|n|\u2606Sobiris|sobiris\n|n|\u2606SCARCITY25|scarcity25\n|html|View the match progress at <a href=\"\/game-bestof3-gen9vgc2023regulatione-1999443458\">game-bestof3-gen9vgc2023regulatione-1999443458<\/a>\n|t:|1701082033\n|gametype|doubles\n|player|p1|Sobiris|2|\n|player|p2|SCARCITY25|cynthia-gen4|\n|teamsize|p1|6\n|teamsize|p2|6\n|gen|9\n|tier|[Gen 9] VGC 2023 Regulation E\n|rule|Species Clause: Limit one of each Pok\u00e9mon\n|rule|Item Clause: Limit one of each item\n|clearpoke\n|poke|p1|Ninetales-Alola, L50, M|\n|poke|p1|Baxcalibur, L50, M|\n|poke|p1|Landorus-Therian, L50, M|\n|poke|p1|Heatran, L50, F|\n|poke|p1|Rillaboom, L50, F|\n|poke|p1|Flutter Mane, L50|\n|poke|p2|Flutter Mane, L50|\n|poke|p2|Tornadus, L50, M|\n|poke|p2|Regieleki, L50|\n|poke|p2|Chi-Yu, L50|\n|poke|p2|Ogerpon-Wellspring, L50, F|\n|poke|p2|Indeedee-F, L50, F|\n|teampreview|4\nSobiris has agreed to open team sheets.\nSCARCITY25 has agreed to open team sheets.\n|showteam|p1|Ninetales-Alola||LightClay|SnowWarning|Protect,AuroraVeil,IcyWind,FreezeDry|||M|||50|,,,,,Water]Baxcalibur||LoadedDice|IceBody|Protect,SwordsDance,ScaleShot,IcicleSpear|||M|||50|,,,,,Poison]Landorus-Therian||ChoiceScarf|Intimidate|RockSlide,StompingTantrum,TeraBlast,Uturn|||M|||50|,,,,,Flying]Heatran||Leftovers|FlashFire|HeatWave,EarthPower,Substitute,Protect|||F|||50|,,,,,Fairy]Rillaboom||AssaultVest|GrassySurge|FakeOut,GrassyGlide,Uturn,StompingTantrum|||F|||50|,,,,,Grass]Flutter Mane||BoosterEnergy|Protosynthesis|Moonblast,DazzlingGleam,ShadowBall,Protect||||||50|,,,,,Fairy\n|showteam|p2|Flutter Mane||FocusSash|Protosynthesis|DazzlingGleam,Moonblast,ShadowBall,Protect||||||50|,,,,,Fairy]Tornadus||SafetyGoggles|Prankster|BleakwindStorm,Tailwind,RainDance,Protect|||M|||50|,,,,,Dark]Regieleki||Magnet|Transistor|Thunderbolt,Electroweb,TeraBlast,Protect||||||50|,,,,,Ice]Chi-Yu||LifeOrb|BeadsofRuin|HeatWave,Overheat,Snarl,Protect||||||50|,,,,,Fire]Ogerpon-Wellspring||WellspringMask|WaterAbsorb|IvyCudgel,HornLeech,SwordsDance,SpikyShield|||F|||50|,,,,,Water]Indeedee-F||PsychicSeed|PsychicSurge|Psychic,FollowMe,HelpingHand,Protect|||F|||50|,,,,,Dragon\n|\n|t:|1701082109\n|start\n|switch|p1a: Landorus|Landorus-Therian, L50, M, shiny|100\/100\n|switch|p1b: Rillaboom|Rillaboom, L50, F|100\/100\n|switch|p2a: Tornadus|Tornadus, L50, M|100\/100\n|switch|p2b: Ogerpon|Ogerpon-Wellspring, L50, F|100\/100\n|-ability|p1a: Landorus|Intimidate|boost\n|-unboost|p2a: Tornadus|atk|1\n|-unboost|p2b: Ogerpon|atk|1\n|-fieldstart|move: Grassy Terrain|[from] ability: Grassy Surge|[of] p1b: Rillaboom\n|turn|1\n|\n|t:|1701082135\n|move|p2a: Tornadus|Protect|p2a: Tornadus\n|-singleturn|p2a: Tornadus|Protect\n|move|p2b: Ogerpon|Spiky Shield|p2b: Ogerpon\n|-singleturn|p2b: Ogerpon|move: Protect\n|move|p1b: Rillaboom|Fake Out|p2a: Tornadus\n|-activate|p2a: Tornadus|move: Protect\n|move|p1a: Landorus|Rock Slide|p2b: Ogerpon|[spread] \n|-activate|p2a: Tornadus|move: Protect\n|-activate|p2b: Ogerpon|move: Protect\n|\n|upkeep\n|turn|2\n|\n|t:|1701082196\n|-terastallize|p1a: Landorus|Flying\n|move|p2a: Tornadus|Tailwind|p2a: Tornadus\n|-sidestart|p2: SCARCITY25|move: Tailwind\n|move|p1b: Rillaboom|Grassy Glide|p2b: Ogerpon\n|-damage|p2b: Ogerpon|58\/100\n|move|p2b: Ogerpon|Swords Dance|p2b: Ogerpon\n|-boost|p2b: Ogerpon|atk|2\n|move|p1a: Landorus|Rock Slide|p2b: Ogerpon|[spread] p2a,p2b\n|-supereffective|p2a: Tornadus\n|-damage|p2a: Tornadus|66\/100\n|-damage|p2b: Ogerpon|33\/100\n|\n|-heal|p2b: Ogerpon|39\/100|[from] Grassy Terrain\n|upkeep\n|turn|3\n|\n|t:|1701082243\n|move|p2b: Ogerpon|Spiky Shield|p2b: Ogerpon\n|-singleturn|p2b: Ogerpon|move: Protect\n|move|p2a: Tornadus|Rain Dance|p2a: Tornadus\n|-weather|RainDance\n|move|p1b: Rillaboom|Grassy Glide|p2b: Ogerpon\n|-activate|p2b: Ogerpon|move: Protect\n|-damage|p1b: Rillaboom|88\/100|[from] Spiky Shield|[of] p2b: Ogerpon\n|move|p1a: Landorus|Rock Slide|p2a: Tornadus|[spread] \n|-activate|p2b: Ogerpon|move: Protect\n|-miss|p1a: Landorus|p2a: Tornadus\n|\n|-weather|RainDance|[upkeep]\n|-heal|p2b: Ogerpon|45\/100|[from] Grassy Terrain\n|-heal|p1b: Rillaboom|94\/100|[from] Grassy Terrain\n|upkeep\n|turn|4\n|\n|t:|1701082309\n|switch|p2a: Indeedee|Indeedee-F, L50, F|100\/100\n|-fieldstart|move: Psychic Terrain|[from] ability: Psychic Surge|[of] p2a: Indeedee\n|-enditem|p2a: Indeedee|Psychic Seed\n|-boost|p2a: Indeedee|spd|1|[from] item: Psychic Seed\n|move|p2b: Ogerpon|Ivy Cudgel|p1a: Landorus|[anim] Ivy Cudgel Water\n|-damage|p1a: Landorus|0 fnt\n|faint|p1a: Landorus\n|move|p1b: Rillaboom|Grassy Glide|p2b: Ogerpon\n|-damage|p2b: Ogerpon|13\/100\n|\n|-weather|RainDance|[upkeep]\n|upkeep\n|\n|t:|1701082322\n|switch|p1a: Tigress|Flutter Mane, L50, shiny|100\/100\n|-enditem|p1a: Tigress|Booster Energy\n|-activate|p1a: Tigress|ability: Protosynthesis|[fromitem]\n|-start|p1a: Tigress|protosynthesisspa\n|turn|5\n|\n|t:|1701082353\n|switch|p2a: Tornadus|Tornadus, L50, M|66\/100\n|move|p2b: Ogerpon|Spiky Shield|p2b: Ogerpon\n|-singleturn|p2b: Ogerpon|move: Protect\n|move|p1a: Tigress|Protect|p1a: Tigress\n|-singleturn|p1a: Tigress|Protect\n|move|p1b: Rillaboom|U-turn|p2a: Tornadus\n|-resisted|p2a: Tornadus\n|-damage|p2a: Tornadus|55\/100\n|\n|t:|1701082363\n|switch|p1b: Heatran|Heatran, L50, F|100\/100|[from] U-turn\n|\n|-weather|RainDance|[upkeep]\n|-sideend|p2: SCARCITY25|move: Tailwind\n|upkeep\n|turn|6\n|\n|t:|1701082407\n|move|p1b: Heatran|Protect|p1b: Heatran\n|-singleturn|p1b: Heatran|Protect\n|move|p2a: Tornadus|Tailwind|p2a: Tornadus\n|-sidestart|p2: SCARCITY25|move: Tailwind\n|move|p2b: Ogerpon|Ivy Cudgel|p1b: Heatran|[anim] Ivy Cudgel Water\n|-activate|p1b: Heatran|move: Protect\n|move|p1a: Tigress|Dazzling Gleam|p2a: Tornadus|[spread] p2a,p2b\n|-damage|p2a: Tornadus|4\/100\n|-damage|p2b: Ogerpon|0 fnt\n|faint|p2b: Ogerpon\n|\n|-weather|RainDance|[upkeep]\n|upkeep\n|\n|t:|1701082412\n|switch|p2b: Chi-Yu|Chi-Yu, L50|100\/100\n|-ability|p2b: Chi-Yu|Beads of Ruin\n|turn|7\n|\n|t:|1701082424\n|move|p1a: Tigress|Protect|p1a: Tigress\n|-singleturn|p1a: Tigress|Protect\n|move|p2b: Chi-Yu|Snarl|p1a: Tigress|[spread] p1b\n|-activate|p1a: Tigress|move: Protect\n|-damage|p1b: Heatran|68\/100\n|-unboost|p1b: Heatran|spa|1\n|-damage|p2b: Chi-Yu|91\/100|[from] item: Life Orb\n|move|p2a: Tornadus|Bleakwind Storm|p1a: Tigress|[spread] p1b\n|-activate|p1a: Tigress|move: Protect\n|-resisted|p1b: Heatran\n|-crit|p1b: Heatran\n|-damage|p1b: Heatran|42\/100\n|move|p1b: Heatran|Earth Power|p2b: Chi-Yu\n|-supereffective|p2b: Chi-Yu\n|-damage|p2b: Chi-Yu|41\/100\n|\n|-weather|none\n|-heal|p1b: Heatran|48\/100|[from] item: Leftovers\n|upkeep\n|turn|8\n|\n|t:|1701082513\n|move|p2b: Chi-Yu|Snarl|p1a: Tigress|[spread] p1a\n|-miss|p2b: Chi-Yu|p1b: Heatran\n|-crit|p1a: Tigress\n|-damage|p1a: Tigress|44\/100\n|-unboost|p1a: Tigress|spa|1\n|-damage|p2b: Chi-Yu|31\/100|[from] item: Life Orb\n|move|p2a: Tornadus|Bleakwind Storm|p1b: Heatran|[spread] p1a\n|-miss|p2a: Tornadus|p1b: Heatran\n|-damage|p1a: Tigress|7\/100\n|move|p1a: Tigress|Dazzling Gleam|p2b: Chi-Yu|[spread] p2a,p2b\n|-damage|p2a: Tornadus|0 fnt\n|-damage|p2b: Chi-Yu|0 fnt\n|faint|p2a: Tornadus\n|faint|p2b: Chi-Yu\n|move|p1b: Heatran|Earth Power|p2: Tornadus|[notarget]\n|-fail|p1b: Heatran\n|\n|-heal|p1b: Heatran|55\/100|[from] item: Leftovers\n|-fieldend|move: Psychic Terrain\n|upkeep\n|\n|t:|1701082525\n|switch|p2b: Indeedee|Indeedee-F, L50, F|100\/100\n|-fieldstart|move: Psychic Terrain|[from] ability: Psychic Surge|[of] p2b: Indeedee\n|turn|9\n|\n|t:|1701082535\n|move|p2b: Indeedee|Psychic|p1b: Heatran\n|-resisted|p1b: Heatran\n|-crit|p1b: Heatran\n|-damage|p1b: Heatran|30\/100\n|move|p1a: Tigress|Moonblast|p2b: Indeedee\n|-damage|p2b: Indeedee|58\/100\n|move|p1b: Heatran|Substitute|p1b: Heatran\n|-start|p1b: Heatran|Substitute\n|-damage|p1b: Heatran|6\/100\n|\n|-heal|p1b: Heatran|12\/100|[from] item: Leftovers\n|-sideend|p2: SCARCITY25|move: Tailwind\n|upkeep\n|turn|10\n|\n|t:|1701082543\n|move|p1a: Tigress|Moonblast|p2b: Indeedee\n|-damage|p2b: Indeedee|16\/100\n|move|p2b: Indeedee|Psychic|p1a: Tigress\n|-crit|p1a: Tigress\n|-damage|p1a: Tigress|0 fnt\n|faint|p1a: Tigress\n|-end|p1a: Tigress|Protosynthesis|[silent]\n|move|p1b: Heatran|Earth Power|p2b: Indeedee\n|-damage|p2b: Indeedee|0 fnt\n|faint|p2b: Indeedee\n|\n|win|Sobiris\n|c|\u2606Sobiris|these crits\n|c|\u2606SCARCITY25|gg\n|c|\u2606Sobiris|gg\n","uploadtime":1701082552,"views":9,"p1id":"sobiris","p2id":"scarcity25","formatid":"gen9vgc2023regulatione","rating":0,"private":0,"password":""}