{"id":"gen9vgc2023regulatione-1999062694","p1":"paldeano86","p2":"Thugdrio","format":"[Gen 9] VGC 2023 Regulation E","log":"|j|\u2606paldeano86\n|j|\u2606Thugdrio\n|t:|1701029153\n|gametype|doubles\n|player|p1|paldeano86|cyclist|1378\n|player|p2|Thugdrio|marshal|1280\n|teamsize|p1|6\n|teamsize|p2|6\n|gen|9\n|tier|[Gen 9] VGC 2023 Regulation E\n|rated|\n|rule|Species Clause: Limit one of each Pok\u00e9mon\n|rule|Item Clause: Limit one of each item\n|clearpoke\n|poke|p1|Iron Hands, L50|\n|poke|p1|Iron Bundle, L50|\n|poke|p1|Iron Treads, L50|\n|poke|p1|Iron Moth, L50|\n|poke|p1|Pincurchin, L50, F|\n|poke|p1|Iron Jugulis, L50|\n|poke|p2|Torkoal, L50, F|\n|poke|p2|Grimmsnarl, L50, M|\n|poke|p2|Oranguru, L50, M|\n|poke|p2|Conkeldurr, L50, F|\n|poke|p2|Staraptor, L50, M|\n|poke|p2|Ursaluna-Bloodmoon, L50, M|\n|teampreview|4\npaldeano86 has agreed to open team sheets.\n|\n|t:|1701029192\n|start\n|switch|p1a: The audacity|Iron Hands, L50|100\/100\n|switch|p1b: Pincurchin|Pincurchin, L50, F|100\/100\n|switch|p2a: Staraptor|Staraptor, L50, M|100\/100\n|switch|p2b: Oranguru|Oranguru, L50, M|100\/100\n|-ability|p2a: Staraptor|Intimidate|boost\n|-unboost|p1a: The audacity|atk|1\n|-unboost|p1b: Pincurchin|atk|1\n|-fieldstart|move: Electric Terrain|[from] ability: Electric Surge|[of] p1b: Pincurchin\n|-activate|p1a: The audacity|ability: Quark Drive\n|-start|p1a: The audacity|quarkdriveatk\n|turn|1\n|\n|t:|1701029216\n|switch|p2a: Conkeldurr|Conkeldurr, L50, F|100\/100\n|move|p1a: The audacity|Fake Out|p2a: Conkeldurr\n|-damage|p2a: Conkeldurr|88\/100\n|move|p1b: Pincurchin|Thunder Wave|p2b: Oranguru\n|-status|p2b: Oranguru|par\n|move|p2b: Oranguru|Trick Room|p2b: Oranguru\n|-fieldstart|move: Trick Room|[of] p2b: Oranguru\n|\n|-status|p2a: Conkeldurr|brn|[from] item: Flame Orb\n|upkeep\n|turn|2\n|inactive|Battle timer is ON: inactive players will automatically lose when time's up. (requested by Thugdrio)\n|\n|t:|1701029247\n|-terastallize|p2a: Conkeldurr|Rock\n|move|p1b: Pincurchin|Chilling Water|p2a: Conkeldurr\n|-supereffective|p2a: Conkeldurr\n|-crit|p2a: Conkeldurr\n|-damage|p2a: Conkeldurr|48\/100 brn\n|-unboost|p2a: Conkeldurr|atk|1\n|move|p2b: Oranguru|Instruct||[still]\n|-fail|p2b: Oranguru\n|move|p2a: Conkeldurr|Rock Slide|p1a: The audacity|[spread] p1b\n|-miss|p2a: Conkeldurr|p1a: The audacity\n|-damage|p1b: Pincurchin|67\/100\n|move|p1a: The audacity|Drain Punch|p2b: Oranguru\n|-damage|p2b: Oranguru|68\/100 par\n|\n|-damage|p2a: Conkeldurr|42\/100 brn|[from] brn\n|upkeep\n|turn|3\n|c|\u2606Thugdrio|based on this team I can assume you dont get out much.\n|inactive|paldeano86 has 30 seconds left.\n|inactive|paldeano86 has 20 seconds left.\n|c|\u2606paldeano86|just got top cut at Gdansk lol\n|inactive|paldeano86 has 15 seconds left.\n|inactive|paldeano86 has 10 seconds left.\n|\n|t:|1701029292\n|move|p1b: Pincurchin|Chilling Water|p2a: Conkeldurr\n|-supereffective|p2a: Conkeldurr\n|-damage|p2a: Conkeldurr|15\/100 brn\n|-unboost|p2a: Conkeldurr|atk|1\n|cant|p2b: Oranguru|par\n|move|p2a: Conkeldurr|Knock Off|p1b: Pincurchin\n|-damage|p1b: Pincurchin|39\/100\n|-enditem|p1b: Pincurchin|Bright Powder|[from] move: Knock Off|[of] p2a: Conkeldurr\n|move|p1a: The audacity|Drain Punch|p2b: Oranguru\n|-damage|p2b: Oranguru|39\/100 par\n|\n|-damage|p2a: Conkeldurr|8\/100 brn|[from] brn\n|upkeep\n|turn|4\n|\n|t:|1701029315\n|move|p1b: Pincurchin|Chilling Water|p2a: Conkeldurr\n|-supereffective|p2a: Conkeldurr\n|-damage|p2a: Conkeldurr|0 fnt\n|faint|p2a: Conkeldurr\n|move|p2b: Oranguru|Instruct|p2: Conkeldurr|[notarget]\n|-fail|p2b: Oranguru\n|move|p1a: The audacity|Drain Punch|p2b: Oranguru\n|-damage|p2b: Oranguru|7\/100 par\n|\n|upkeep\n|c|\u2606Thugdrio|haha whatever helps you sleep at night bud.\n|\n|t:|1701029326\n|switch|p2a: Torkoal|Torkoal, L50, F|100\/100\n|-weather|SunnyDay|[from] ability: Drought|[of] p2a: Torkoal\n|turn|5\n|\n|t:|1701029336\n|switch|p1b: Iron Jugulis|Iron Jugulis, L50|100\/100\n|-activate|p1b: Iron Jugulis|ability: Quark Drive\n|-start|p1b: Iron Jugulis|quarkdrivespa\n|-terastallize|p1a: The audacity|Water\n|move|p2a: Torkoal|Eruption|p1b: Iron Jugulis|[spread] p1a,p1b\n|-resisted|p1a: The audacity\n|-damage|p1a: The audacity|78\/100\n|-enditem|p1b: Iron Jugulis|Focus Sash\n|-damage|p1b: Iron Jugulis|1\/100\n|move|p2b: Oranguru|Instruct|p2a: Torkoal\n|-singleturn|p2a: Torkoal|move: Instruct|[of] p2b: Oranguru\n|move|p2a: Torkoal|Eruption|p1b: Iron Jugulis|[spread] p1a,p1b\n|-resisted|p1a: The audacity\n|-damage|p1a: The audacity|58\/100\n|-damage|p1b: Iron Jugulis|0 fnt\n|faint|p1b: Iron Jugulis\n|-end|p1b: Iron Jugulis|Quark Drive|[silent]\n|move|p1a: The audacity|Drain Punch|p2a: Torkoal\n|-crit|p2a: Torkoal\n|-damage|p2a: Torkoal|32\/100\n|-heal|p1a: The audacity|82\/100|[from] drain|[of] p2a: Torkoal\n|\n|-weather|SunnyDay|[upkeep]\n|-fieldend|move: Trick Room\n|-fieldend|move: Electric Terrain\n|-end|p1a: The audacity|Quark Drive\n|upkeep\n|\n|t:|1701029358\n|switch|p1b: Pincurchin|Pincurchin, L50, F|39\/100\n|-fieldstart|move: Electric Terrain|[from] ability: Electric Surge|[of] p1b: Pincurchin\n|-activate|p1a: The audacity|ability: Quark Drive\n|-start|p1a: The audacity|quarkdriveatk\n|turn|6\n|inactive|Thugdrio has 30 seconds left.\n|\n|t:|1701029389\n|move|p1a: The audacity|Drain Punch|p2a: Torkoal\n|-damage|p2a: Torkoal|4\/100\n|-heal|p1a: The audacity|92\/100|[from] drain|[of] p2a: Torkoal\n|move|p2a: Torkoal|Heat Wave|p1a: The audacity|[spread] p1b\n|-miss|p2a: Torkoal|p1a: The audacity\n|-damage|p1b: Pincurchin|0 fnt\n|faint|p1b: Pincurchin\n|move|p2b: Oranguru|Instruct|p2a: Torkoal\n|-singleturn|p2a: Torkoal|move: Instruct|[of] p2b: Oranguru\n|move|p2a: Torkoal|Heat Wave|p1a: The audacity\n|-resisted|p1a: The audacity\n|-damage|p1a: The audacity|72\/100\n|\n|-weather|SunnyDay|[upkeep]\n|upkeep\n|c|\u2606paldeano86|At the MSS but true\n|\n|t:|1701029405\n|switch|p1b: Iron Moth|Iron Moth, L50|100\/100\n|-activate|p1b: Iron Moth|ability: Quark Drive\n|-start|p1b: Iron Moth|quarkdrivespa\n|turn|7\n|\n|t:|1701029412\n|switch|p2b: Staraptor|Staraptor, L50, M|100\/100\n|-ability|p2b: Staraptor|Intimidate|boost\n|-unboost|p1a: The audacity|atk|1\n|-unboost|p1b: Iron Moth|atk|1\n|move|p2a: Torkoal|Protect|p2a: Torkoal\n|-singleturn|p2a: Torkoal|Protect\n|move|p1b: Iron Moth|Discharge|p2b: Staraptor|[spread] p1a,p2b\n|-activate|p2a: Torkoal|move: Protect\n|-supereffective|p1a: The audacity\n|-supereffective|p2b: Staraptor\n|-damage|p1a: The audacity|18\/100\n|-damage|p2b: Staraptor|0 fnt\n|faint|p2b: Staraptor\n|-damage|p1b: Iron Moth|91\/100|[from] item: Life Orb\n|move|p1a: The audacity|Drain Punch|p2a: Torkoal\n|-activate|p2a: Torkoal|move: Protect\n|\n|-weather|SunnyDay|[upkeep]\n|upkeep\n|-message|Thugdrio forfeited.\n|\n|win|paldeano86\n|raw|paldeano86's rating: 1378 &rarr; <strong>1393<\/strong><br \/>(+15 for winning)\n|raw|Thugdrio's rating: 1280 &rarr; <strong>1262<\/strong><br \/>(-18 for losing)\n|l|\u2606Thugdrio\n","uploadtime":1701029432,"views":3,"p1id":"paldeano86","p2id":"thugdrio","formatid":"gen9vgc2023regulatione","rating":1262,"private":0,"password":""}