{"id":"gen9vgc2023regulatione-1990134682","p1":"Drago1938463","p2":"Sparhawk782","format":"[Gen 9] VGC 2023 Regulation E","log":"|j|\u2606Drago1938463\n|j|\u2606Sparhawk782\n|t:|1699928296\n|gametype|doubles\n|player|p1|Drago1938463|streetthug|1050\n|player|p2|Sparhawk782|buck|1099\n|teamsize|p1|6\n|teamsize|p2|6\n|gen|9\n|tier|[Gen 9] VGC 2023 Regulation E\n|rated|\n|rule|Species Clause: Limit one of each Pok\u00e9mon\n|rule|Item Clause: Limit one of each item\n|clearpoke\n|poke|p1|Ninetales-Alola, L50, F|\n|poke|p1|Iron Bundle, L50|\n|poke|p1|Landorus-Therian, L50, M|\n|poke|p1|Rillaboom, L50, M|\n|poke|p1|Heatran, L50, M|\n|poke|p1|Okidogi, L50, M|\n|poke|p2|Articuno, L50|\n|poke|p2|Ninetales-Alola, L50, M|\n|poke|p2|Shiftry, L50, M|\n|poke|p2|Heatran, L50, M|\n|poke|p2|Ogerpon, L50, F|\n|poke|p2|Landorus-Therian, L50, M|\n|teampreview|4\n|\n|t:|1699928327\n|start\n|switch|p1a: Pingu|Iron Bundle, L50, shiny|100\/100\n|switch|p1b: Ruby|Ninetales-Alola, L50, F, shiny|100\/100\n|switch|p2a: Ninetales|Ninetales-Alola, L50, M|100\/100\n|switch|p2b: Articuno|Articuno, L50|100\/100\n|-weather|Snow|[from] ability: Snow Warning|[of] p2a: Ninetales\n|-enditem|p1a: Pingu|Booster Energy\n|-activate|p1a: Pingu|ability: Quark Drive|[fromitem]\n|-start|p1a: Pingu|quarkdrivespe\n|turn|1\n|\n|t:|1699928348\n|-terastallize|p2b: Articuno|Fire\n|move|p1a: Pingu|Icy Wind|p2b: Articuno|[spread] p2a,p2b\n|-resisted|p2a: Ninetales\n|-resisted|p2b: Articuno\n|-damage|p2a: Ninetales|87\/100\n|-damage|p2b: Articuno|91\/100\n|-unboost|p2a: Ninetales|spe|1\n|-unboost|p2b: Articuno|spe|1\n|move|p1b: Ruby|Aurora Veil|p1b: Ruby\n|-sidestart|p1: Drago1938463|move: Aurora Veil\n|move|p2a: Ninetales|Aurora Veil|p2a: Ninetales\n|-sidestart|p2: Sparhawk782|move: Aurora Veil\n|move|p2b: Articuno|Tailwind|p2b: Articuno\n|-sidestart|p2: Sparhawk782|move: Tailwind\n|\n|-weather|Snow|[upkeep]\n|upkeep\n|turn|2\n|\n|t:|1699928366\n|move|p1a: Pingu|Encore|p2b: Articuno\n|-start|p2b: Articuno|Encore\n|move|p2a: Ninetales|Blizzard|p1b: Ruby|[spread] p1a,p1b\n|-resisted|p1a: Pingu\n|-resisted|p1b: Ruby\n|-damage|p1a: Pingu|91\/100\n|-damage|p1b: Ruby|90\/100\n|move|p2b: Articuno|Tailwind||[still]\n|-fail|p2b: Articuno\n|move|p1b: Ruby|Moonblast|p2a: Ninetales\n|-crit|p2a: Ninetales\n|-damage|p2a: Ninetales|22\/100\n|\n|-weather|Snow|[upkeep]\n|upkeep\n|turn|3\n|\n|t:|1699928388\n|switch|p2b: Landorus|Landorus-Therian, L50, M|100\/100\n|-ability|p2b: Landorus|Intimidate|boost\n|-unboost|p1a: Pingu|atk|1\n|-unboost|p1b: Ruby|atk|1\n|move|p1a: Pingu|Icy Wind|p2a: Ninetales|[spread] p2a,p2b\n|-resisted|p2a: Ninetales\n|-supereffective|p2b: Landorus\n|-damage|p2a: Ninetales|13\/100\n|-damage|p2b: Landorus|60\/100\n|-unboost|p2a: Ninetales|spe|1\n|-unboost|p2b: Landorus|spe|1\n|move|p2a: Ninetales|Moonblast|p1a: Pingu\n|-damage|p1a: Pingu|45\/100\n|move|p1b: Ruby|Moonblast|p2a: Ninetales\n|-damage|p2a: Ninetales|0 fnt\n|faint|p2a: Ninetales\n|\n|-weather|Snow|[upkeep]\n|upkeep\n|\n|t:|1699928404\n|switch|p2a: Heatran|Heatran, L50, M|100\/100\n|turn|4\n|\n|t:|1699928413\n|switch|p1b: Sully|Landorus-Therian, L50, M|100\/100\n|-ability|p1b: Sully|Intimidate|boost\n|-unboost|p2a: Heatran|atk|1\n|-unboost|p2b: Landorus|atk|1\n|move|p1a: Pingu|Protect|p1a: Pingu\n|-singleturn|p1a: Pingu|Protect\n|move|p2a: Heatran|Heat Wave|p1a: Pingu|[spread] p1b\n|-activate|p1a: Pingu|move: Protect\n|-damage|p1b: Sully|64\/100\n|-damage|p2a: Heatran|91\/100|[from] item: Life Orb\n|move|p2b: Landorus|Rock Slide|p1b: Sully|[spread] p1b\n|-activate|p1a: Pingu|move: Protect\n|-damage|p1b: Sully|54\/100\n|\n|-weather|Snow|[upkeep]\n|-sideend|p2: Sparhawk782|move: Tailwind\n|upkeep\n|turn|5\n|\n|t:|1699928441\n|move|p1a: Pingu|Icy Wind|p2a: Heatran|[spread] p2a,p2b\n|-resisted|p2a: Heatran\n|-supereffective|p2b: Landorus\n|-damage|p2a: Heatran|88\/100\n|-damage|p2b: Landorus|19\/100\n|-unboost|p2a: Heatran|spe|1\n|-unboost|p2b: Landorus|spe|1\n|move|p1b: Sully|Rock Slide|p2a: Heatran|[spread] p2a,p2b\n|-damage|p2a: Heatran|68\/100\n|-damage|p2b: Landorus|0 fnt\n|faint|p2b: Landorus\n|move|p2a: Heatran|Heat Wave|p1b: Sully|[spread] p1b\n|-miss|p2a: Heatran|p1a: Pingu\n|-damage|p1b: Sully|15\/100\n|-damage|p2a: Heatran|58\/100|[from] item: Life Orb\n|\n|-weather|none\n|upkeep\n|\n|t:|1699928456\n|switch|p2b: Articuno|Articuno, L50, tera:Fire|91\/100\n|turn|6\n|\n|t:|1699928472\n|switch|p1b: Ifrit|Heatran, L50, M|100\/100\n|move|p1a: Pingu|Protect|p1a: Pingu\n|-singleturn|p1a: Pingu|Protect\n|move|p2b: Articuno|Blizzard|p1b: Ifrit|[spread] p1b\n|-activate|p1a: Pingu|move: Protect\n|-resisted|p1b: Ifrit\n|-damage|p1b: Ifrit|97\/100\n|move|p2a: Heatran|Heat Wave|p1b: Ifrit|[spread] \n|-activate|p1a: Pingu|move: Protect\n|-start|p1b: Ifrit|ability: Flash Fire\n|\n|upkeep\n|turn|7\n|\n|t:|1699928491\n|move|p2b: Articuno|Protect|p2b: Articuno\n|-singleturn|p2b: Articuno|Protect\n|move|p2a: Heatran|Protect|p2a: Heatran\n|-singleturn|p2a: Heatran|Protect\n|move|p1a: Pingu|Encore|p2b: Articuno\n|-activate|p2b: Articuno|move: Protect\n|move|p1b: Ifrit|Earth Power|p2a: Heatran\n|-activate|p2a: Heatran|move: Protect\n|\n|upkeep\n|turn|8\n|\n|t:|1699928508\n|move|p1a: Pingu|Encore|p2b: Articuno\n|-start|p2b: Articuno|Encore\n|move|p2b: Articuno|Protect||[still]\n|-fail|p2b: Articuno\n|move|p1b: Ifrit|Earth Power|p2a: Heatran\n|-supereffective|p2a: Heatran\n|-damage|p2a: Heatran|0 fnt\n|faint|p2a: Heatran\n|\n|-sideend|p2: Sparhawk782|move: Aurora Veil\n|-sideend|p1: Drago1938463|move: Aurora Veil\n|upkeep\n|turn|9\n|-message|Sparhawk782 forfeited.\n|\n|win|Drago1938463\n|raw|Drago1938463's rating: 1050 &rarr; <strong>1087<\/strong><br \/>(+37 for winning)\n|raw|Sparhawk782's rating: 1099 &rarr; <strong>1071<\/strong><br \/>(-28 for losing)\n|l|\u2606Sparhawk782\n","uploadtime":1699928523,"views":9,"p1id":"drago1938463","p2id":"sparhawk782","formatid":"gen9vgc2023regulatione","rating":1071,"private":0,"password":""}