{"id":"gen9vgc2023regulatione-1998530369","p1":"Chazzitup4200","p2":"Testmaymay","format":"[Gen 9] VGC 2023 Regulation E","log":"|j|\u2606Chazzitup4200\n|j|\u2606Testmaymay\n|t:|1700952829\n|gametype|doubles\n|player|p1|Chazzitup4200|169|1514\n|player|p2|Testmaymay|102|1548\n|teamsize|p1|6\n|teamsize|p2|6\n|gen|9\n|tier|[Gen 9] VGC 2023 Regulation E\n|rated|\n|rule|Species Clause: Limit one of each Pok\u00e9mon\n|rule|Item Clause: Limit one of each item\n|clearpoke\n|poke|p1|Weezing, L50, F|\n|poke|p1|Flutter Mane, L50|\n|poke|p1|Iron Hands, L50|\n|poke|p1|Ogerpon-Wellspring, L50, F|\n|poke|p1|Roaring Moon, L50|\n|poke|p1|Landorus-Therian, L50, M|\n|poke|p2|Ninetales-Alola, L50, M|\n|poke|p2|Iron Bundle, L50|\n|poke|p2|Armarouge, L50, F|\n|poke|p2|Indeedee-F, L50, F|\n|poke|p2|Sneasler, L50, M|\n|poke|p2|Mamoswine, L50, M|\n|teampreview|4\n|j| hidekimotsua\n|inactive|Battle timer is ON: inactive players will automatically lose when time's up. (requested by Testmaymay)\n|\n|t:|1700952911\n|start\n|switch|p1a: Ojama Blue|Weezing, L50, F, shiny|100\/100\n|switch|p1b: Ojama Yellow|Iron Hands, L50, shiny|100\/100\n|switch|p2a: Mrs. Claus|Ninetales-Alola, L50, M|100\/100\n|switch|p2b: Rudolph|Mamoswine, L50, M|100\/100\n|-ability|p1a: Ojama Blue|Neutralizing Gas\n|turn|1\n|inactive|Chazzitup4200 has 30 seconds left.\n|c|\u2606Chazzitup4200|if santa isnt bundle im ff\n|inactive|Chazzitup4200 has 20 seconds left.\n|inactive|Chazzitup4200 has 15 seconds left.\n|inactive|Chazzitup4200 has 10 seconds left.\n|\n|t:|1700952959\n|switch|p2b: Grinch|Armarouge, L50, F|100\/100\n|move|p2a: Mrs. Claus|Protect|p2a: Mrs. Claus\n|-singleturn|p2a: Mrs. Claus|Protect\n|move|p1b: Ojama Yellow|Fake Out|p2b: Grinch\n|-damage|p2b: Grinch|83\/100\n|move|p1a: Ojama Blue|Will-O-Wisp|p2b: Grinch\n|-immune|p2b: Grinch\n|\n|upkeep\n|turn|2\n|inactive|Chazzitup4200 has 30 seconds left.\n|inactive|Chazzitup4200 has 20 seconds left.\n|inactive|Chazzitup4200 has 15 seconds left.\n|\n|t:|1700953003\n|-terastallize|p2b: Grinch|Psychic\n|move|p1a: Ojama Blue|Protect|p1a: Ojama Blue\n|-singleturn|p1a: Ojama Blue|Protect\n|move|p2a: Mrs. Claus|Encore|p1b: Ojama Yellow\n|-start|p1b: Ojama Yellow|Encore\n|move|p2b: Grinch|Expanding Force|p1a: Ojama Blue\n|-activate|p1a: Ojama Blue|move: Protect\n|move|p1b: Ojama Yellow|Fake Out||[still]\n|-hint|Fake Out only works on your first turn out.\n|-fail|p1b: Ojama Yellow\n|\n|upkeep\n|turn|3\n|inactive|Chazzitup4200 has 30 seconds left.\n|inactive|Chazzitup4200 has 20 seconds left.\n|\n|t:|1700953041\n|-end|p1b: Ojama Yellow|Quark Drive|[silent]\n|switch|p1b: Ojama Black|Flutter Mane, L50|100\/100\n|-terastallize|p1a: Ojama Blue|Flying\n|move|p2a: Mrs. Claus|Encore|p1a: Ojama Blue\n|-start|p1a: Ojama Blue|Encore\n|move|p2b: Grinch|Expanding Force|p1a: Ojama Blue\n|-damage|p1a: Ojama Blue|40\/100\n|-enditem|p1a: Ojama Blue|Sitrus Berry|[eat]\n|-heal|p1a: Ojama Blue|65\/100|[from] item: Sitrus Berry\n|move|p1a: Ojama Blue|Protect||[still]\n|-fail|p1a: Ojama Blue\n|\n|upkeep\n|turn|4\n|l| hidekimotsua\n|inactive|Chazzitup4200 has 30 seconds left.\n|inactive|Testmaymay has 30 seconds left.\n|\n|t:|1700953072\n|switch|p2b: Rudolph|Mamoswine, L50, M|100\/100\n|move|p1a: Ojama Blue|Protect|p1a: Ojama Blue\n|-singleturn|p1a: Ojama Blue|Protect\n|move|p1b: Ojama Black|Dazzling Gleam|p2b: Rudolph|[spread] p2a,p2b\n|-damage|p2a: Mrs. Claus|48\/100\n|-damage|p2b: Rudolph|63\/100\n|move|p2a: Mrs. Claus|Moonblast|p1b: Ojama Black\n|-damage|p1b: Ojama Black|61\/100\n|\n|upkeep\n|turn|5\n|inactive|Chazzitup4200 has 30 seconds left.\n|inactive|Testmaymay has 30 seconds left.\n|\n|t:|1700953108\n|-end|p1a: Ojama Blue|ability: Neutralizing Gas\n|-weather|Snow|[from] ability: Snow Warning|[of] p2a: Mrs. Claus\n|switch|p1a: Ojama Yellow|Iron Hands, L50, shiny|100\/100\n|move|p2a: Mrs. Claus|Protect|p2a: Mrs. Claus\n|-singleturn|p2a: Mrs. Claus|Protect\n|move|p1b: Ojama Black|Dazzling Gleam|p2b: Rudolph|[spread] p2b\n|-activate|p2a: Mrs. Claus|move: Protect\n|-damage|p2b: Rudolph|29\/100\n|move|p2b: Rudolph|Heavy Slam|p1b: Ojama Black\n|-supereffective|p1b: Ojama Black\n|-damage|p1b: Ojama Black|0 fnt\n|faint|p1b: Ojama Black\n|-end|p1b: Ojama Black|Protosynthesis|[silent]\n|\n|-weather|Snow|[upkeep]\n|upkeep\n|\n|t:|1700953126\n|switch|p1b: Ojama Blue|Weezing, L50, F, shiny, tera:Flying|65\/100\n|-ability|p1b: Ojama Blue|Neutralizing Gas\n|turn|6\n|\n|t:|1700953134\n|move|p1a: Ojama Yellow|Fake Out|p2a: Mrs. Claus\n|-damage|p2a: Mrs. Claus|33\/100\n|cant|p2a: Mrs. Claus|flinch\n|move|p2b: Rudolph|High Horsepower|p1a: Ojama Yellow\n|-supereffective|p1a: Ojama Yellow\n|-damage|p1a: Ojama Yellow|25\/100\n|move|p1b: Ojama Blue|Sludge Bomb|p2a: Mrs. Claus\n|-supereffective|p2a: Mrs. Claus\n|-damage|p2a: Mrs. Claus|0 fnt\n|faint|p2a: Mrs. Claus\n|\n|-weather|Snow|[upkeep]\n|upkeep\n|\n|t:|1700953142\n|switch|p2a: Grinch|Armarouge, L50, F, tera:Psychic|83\/100\n|turn|7\n|inactive|Chazzitup4200 has 30 seconds left.\n|\n|t:|1700953176\n|-end|p1a: Ojama Yellow|Quark Drive|[silent]\n|switch|p1a: Ojama Green|Ogerpon-Wellspring, L50, F|100\/100\n|move|p1b: Ojama Blue|Protect|p1b: Ojama Blue\n|-singleturn|p1b: Ojama Blue|Protect\n|move|p2a: Grinch|Expanding Force|p1a: Ojama Green\n|-damage|p1a: Ojama Green|27\/100\n|move|p2b: Rudolph|Icicle Crash|p1b: Ojama Blue\n|-activate|p1b: Ojama Blue|move: Protect\n|\n|-weather|Snow|[upkeep]\n|upkeep\n|turn|8\n|inactive|Chazzitup4200 has 30 seconds left.\n|inactive|Chazzitup4200 has 20 seconds left.\n|inactive|Testmaymay has 30 seconds left.\n|\n|t:|1700953222\n|switch|p2b: Cindy Lou|Indeedee-F, L50, F|100\/100\n|move|p1a: Ojama Green|Ivy Cudgel|p2a: Grinch|[anim] Ivy Cudgel Water\n|-crit|p2a: Grinch\n|-damage|p2a: Grinch|0 fnt\n|faint|p2a: Grinch\n|move|p1b: Ojama Blue|Sludge Bomb|p2b: Cindy Lou\n|-damage|p2b: Cindy Lou|75\/100\n|\n|-weather|Snow|[upkeep]\n|upkeep\n|\n|t:|1700953227\n|switch|p2a: Rudolph|Mamoswine, L50, M|29\/100\n|turn|9\n|\n|t:|1700953242\n|move|p2b: Cindy Lou|Follow Me|p2b: Cindy Lou\n|-singleturn|p2b: Cindy Lou|move: Follow Me\n|move|p1a: Ojama Green|Horn Leech|p2b: Cindy Lou\n|-damage|p2b: Cindy Lou|32\/100\n|-heal|p1a: Ojama Green|51\/100|[from] drain|[of] p2b: Cindy Lou\n|-damage|p1a: Ojama Green|35\/100|[from] item: Rocky Helmet|[of] p2b: Cindy Lou\n|move|p2a: Rudolph|Icicle Crash|p1a: Ojama Green\n|-damage|p1a: Ojama Green|0 fnt\n|faint|p1a: Ojama Green\n|move|p1b: Ojama Blue|Sludge Bomb|p2b: Cindy Lou\n|-damage|p2b: Cindy Lou|6\/100\n|\n|-weather|none\n|upkeep\n|\n|t:|1700953254\n|switch|p1a: Ojama Yellow|Iron Hands, L50, shiny|25\/100\n|turn|10\n|\n|t:|1700953269\n|move|p1a: Ojama Yellow|Fake Out|p2a: Rudolph\n|-damage|p2a: Rudolph|13\/100\n|cant|p2a: Rudolph|flinch\n|move|p2b: Cindy Lou|Psychic|p1a: Ojama Yellow\n|-supereffective|p1a: Ojama Yellow\n|-damage|p1a: Ojama Yellow|0 fnt\n|faint|p1a: Ojama Yellow\n|-end|p1a: Ojama Yellow|Quark Drive|[silent]\n|move|p1b: Ojama Blue|Sludge Bomb|p2a: Rudolph\n|-resisted|p2a: Rudolph\n|-damage|p2a: Rudolph|3\/100\n|\n|upkeep\n|turn|11\n|\n|t:|1700953287\n|move|p2b: Cindy Lou|Follow Me|p2b: Cindy Lou\n|-singleturn|p2b: Cindy Lou|move: Follow Me\n|move|p2a: Rudolph|Icicle Crash|p1b: Ojama Blue\n|-supereffective|p1b: Ojama Blue\n|-damage|p1b: Ojama Blue|0 fnt\n|faint|p1b: Ojama Blue\n|-end|p1b: Ojama Blue|ability: Neutralizing Gas\n|-fieldstart|move: Psychic Terrain|[from] ability: Psychic Surge|[of] p2b: Cindy Lou\n|\n|win|Testmaymay\n|raw|Chazzitup4200's rating: 1514 &rarr; <strong>1496<\/strong><br \/>(-18 for losing)\n|raw|Testmaymay's rating: 1548 &rarr; <strong>1566<\/strong><br \/>(+18 for winning)\n|c|\u2606Chazzitup4200|gg\n|l|\u2606Chazzitup4200\n|l|\u2606Testmaymay\n|j|\u2606Testmaymay\n|player|p2|Testmaymay|102\n","uploadtime":1700953346,"views":7,"p1id":"chazzitup4200","p2id":"testmaymay","formatid":"gen9vgc2023regulatione","rating":1496,"private":0,"password":""}