{"id":"gen9vgc2023regulatione-1989530573","p1":"bormanda","p2":"kritath","format":"[Gen 9] VGC 2023 Regulation E","log":"|j|\u2606bormanda\n|j|\u2606kritath\n|t:|1699866544\n|gametype|doubles\n|player|p1|bormanda|guitarist|1431\n|player|p2|kritath|policeman-gen4|1452\n|teamsize|p1|6\n|teamsize|p2|6\n|gen|9\n|tier|[Gen 9] VGC 2023 Regulation E\n|rated|\n|rule|Species Clause: Limit one of each Pok\u00e9mon\n|rule|Item Clause: Limit one of each item\n|clearpoke\n|poke|p1|Brambleghast, L50, F|\n|poke|p1|Tornadus, L50, M|\n|poke|p1|Urshifu-*, L50, F|\n|poke|p1|Iron Hands, L50|\n|poke|p1|Flutter Mane, L50|\n|poke|p1|Arcanine-Hisui, L50, M|\n|poke|p2|Armarouge, L50, M|\n|poke|p2|Indeedee-F, L50, F|\n|poke|p2|Meowscarada, L50, F|\n|poke|p2|Urshifu-*, L50, F|\n|poke|p2|Tornadus, L50, M|\n|poke|p2|Flutter Mane, L50|\n|teampreview|4\n|inactive|Battle timer is ON: inactive players will automatically lose when time's up. (requested by kritath)\nkritath has agreed to open team sheets.\n|inactive|bormanda has 60 seconds left.\n|inactive|kritath has 60 seconds left.\n|inactive|kritath has 30 seconds left.\n|inactive|kritath has 20 seconds left.\n|inactive|kritath has 15 seconds left.\n|inactive|kritath has 10 seconds left.\n|inactive|kritath has 5 seconds left.\n|\n|t:|1699866636\n|start\n|switch|p1a: Brambleghast|Brambleghast, L50, F|100\/100\n|switch|p1b: Arcanine|Arcanine-Hisui, L50, M|100\/100\n|switch|p2a: Tornadus|Tornadus, L50, M|100\/100\n|switch|p2b: Urshifu|Urshifu-Rapid-Strike, L50, F|100\/100\n|-ability|p1b: Arcanine|Intimidate|boost\n|-unboost|p2a: Tornadus|atk|1\n|-unboost|p2b: Urshifu|atk|1\n|turn|1\n|inactive|bormanda has 30 seconds left.\n|\n|t:|1699866663\n|switch|p1b: Iron Hands|Iron Hands, L50|100\/100\n|move|p2b: Urshifu|U-turn|p1a: Brambleghast\n|-damage|p1a: Brambleghast|73\/100\n|\n|t:|1699866671\n|switch|p2b: Meowscarada|Meowscarada, L50, F|100\/100|[from] U-turn\n|move|p2a: Tornadus|U-turn|p1b: Iron Hands\n|-resisted|p1b: Iron Hands\n|-damage|p1b: Iron Hands|96\/100\n|\n|t:|1699866679\n|switch|p2a: Urshifu|Urshifu-Rapid-Strike, L50, F|100\/100|[from] U-turn\n|move|p1a: Brambleghast|Power Whip|p2b: Meowscarada|[miss]\n|-miss|p1a: Brambleghast|p2b: Meowscarada\n|\n|upkeep\n|turn|2\n|inactive|kritath has 30 seconds left.\n|inactive|kritath has 20 seconds left.\n|inactive|kritath has 15 seconds left.\n|inactive|kritath has 10 seconds left.\n|inactive|kritath has 5 seconds left.\n|\n|t:|1699866734\n|move|p2b: Meowscarada|Protect|p2b: Meowscarada\n|-start|p2b: Meowscarada|typechange|Normal|[from] ability: Protean\n|-singleturn|p2b: Meowscarada|Protect\n|move|p1a: Brambleghast|Protect|p1a: Brambleghast\n|-singleturn|p1a: Brambleghast|Protect\n|move|p2a: Urshifu|Aqua Jet|p1a: Brambleghast\n|-resisted|p1a: Brambleghast\n|-damage|p1a: Brambleghast|54\/100\n|move|p1b: Iron Hands|Drain Punch|p2b: Meowscarada\n|-activate|p2b: Meowscarada|move: Protect\n|\n|upkeep\n|turn|3\n|inactive|kritath has 30 seconds left.\n|inactive|bormanda has 30 seconds left.\n|\n|t:|1699866768\n|switch|p2a: Flutter Mane|Flutter Mane, L50|100\/100\n|switch|p1a: Tornadus|Tornadus, L50, M|100\/100\n|move|p2b: Meowscarada|Knock Off|p1a: Tornadus\n|-damage|p1a: Tornadus|75\/100\n|-enditem|p1a: Tornadus|Covert Cloak|[from] move: Knock Off|[of] p2b: Meowscarada\n|move|p1b: Iron Hands|Drain Punch|p2b: Meowscarada\n|-supereffective|p2b: Meowscarada\n|-enditem|p2b: Meowscarada|Focus Sash\n|-damage|p2b: Meowscarada|1\/100\n|-heal|p1b: Iron Hands|100\/100|[from] drain|[of] p2b: Meowscarada\n|\n|upkeep\n|turn|4\n|\n|t:|1699866793\n|switch|p1a: Arcanine|Arcanine-Hisui, L50, M|100\/100\n|-ability|p1a: Arcanine|Intimidate|boost\n|-unboost|p2a: Flutter Mane|atk|1\n|-unboost|p2b: Meowscarada|atk|1\n|-terastallize|p2a: Flutter Mane|Fairy\n|-terastallize|p1b: Iron Hands|Fire\n|move|p2a: Flutter Mane|Dazzling Gleam|p1b: Iron Hands|[spread] p1a,p1b\n|-resisted|p1a: Arcanine\n|-resisted|p1b: Iron Hands\n|-damage|p1a: Arcanine|68\/100\n|-damage|p1b: Iron Hands|84\/100\n|move|p2b: Meowscarada|U-turn|p1b: Iron Hands\n|-resisted|p1b: Iron Hands\n|-damage|p1b: Iron Hands|79\/100\n|\n|t:|1699866807\n|switch|p2b: Urshifu|Urshifu-Rapid-Strike, L50, F|100\/100|[from] U-turn\n|move|p1b: Iron Hands|Heavy Slam|p2a: Flutter Mane\n|-supereffective|p2a: Flutter Mane\n|-damage|p2a: Flutter Mane|0 fnt\n|faint|p2a: Flutter Mane\n|-end|p2a: Flutter Mane|Protosynthesis|[silent]\n|\n|upkeep\n|\n|t:|1699866821\n|switch|p2a: Meowscarada|Meowscarada, L50, F|1\/100\n|turn|5\n|inactive|bormanda has 30 seconds left.\n|inactive|bormanda has 20 seconds left.\n|inactive|bormanda has 15 seconds left.\n|inactive|bormanda has 10 seconds left.\n|\n|t:|1699866866\n|-end|p1b: Iron Hands|Quark Drive|[silent]\n|switch|p1b: Brambleghast|Brambleghast, L50, F|54\/100\n|move|p2a: Meowscarada|Protect|p2a: Meowscarada\n|-start|p2a: Meowscarada|typechange|Normal|[from] ability: Protean\n|-singleturn|p2a: Meowscarada|Protect\n|move|p1a: Arcanine|Extreme Speed|p2b: Urshifu\n|-damage|p2b: Urshifu|58\/100\n|move|p2b: Urshifu|Surging Strikes|p1b: Brambleghast\n|-resisted|p1b: Brambleghast\n|-crit|p1b: Brambleghast\n|-damage|p1b: Brambleghast|36\/100\n|-resisted|p1b: Brambleghast\n|-crit|p1b: Brambleghast\n|-damage|p1b: Brambleghast|17\/100\n|-resisted|p1b: Brambleghast\n|-crit|p1b: Brambleghast\n|-damage|p1b: Brambleghast|0 fnt\n|faint|p1b: Brambleghast\n|-hitcount|p1: Brambleghast|3\n|\n|upkeep\n|\n|t:|1699866888\n|switch|p1b: Iron Hands|Iron Hands, L50, tera:Fire|79\/100\n|turn|6\n|\n|t:|1699866902\n|switch|p2a: Tornadus|Tornadus, L50, M|100\/100\n|move|p1a: Arcanine|Extreme Speed|p2a: Tornadus\n|-damage|p2a: Tornadus|50\/100\n|-enditem|p2a: Tornadus|Eject Button\n|\n|t:|1699866913\n|switch|p2a: Meowscarada|Meowscarada, L50, F|1\/100\n|move|p2b: Urshifu|Surging Strikes|p1a: Arcanine\n|-supereffective|p1a: Arcanine\n|-crit|p1a: Arcanine\n|-damage|p1a: Arcanine|0 fnt\n|faint|p1a: Arcanine\n|-hitcount|p1: Arcanine|1\n|move|p1b: Iron Hands|Wild Charge|p2b: Urshifu\n|-supereffective|p2b: Urshifu\n|-damage|p2b: Urshifu|0 fnt\n|faint|p2b: Urshifu\n|-damage|p1b: Iron Hands|69\/100|[from] Recoil\n|\n|upkeep\n|\n|t:|1699866926\n|switch|p2b: Tornadus|Tornadus, L50, M|50\/100\n|switch|p1a: Tornadus|Tornadus, L50, M|75\/100\n|turn|7\n|inactive|kritath has 30 seconds left.\n|\n|t:|1699866952\n|move|p2a: Meowscarada|Knock Off|p1b: Iron Hands\n|-start|p2a: Meowscarada|typechange|Dark|[from] ability: Protean\n|-damage|p1b: Iron Hands|37\/100\n|-enditem|p1b: Iron Hands|Assault Vest|[from] move: Knock Off|[of] p2a: Meowscarada\n|move|p2b: Tornadus|Bleakwind Storm|p1a: Tornadus|[spread] p1a,p1b\n|-damage|p1a: Tornadus|37\/100\n|-damage|p1b: Iron Hands|11\/100\n|move|p1a: Tornadus|Icy Wind|p2b: Tornadus|[spread] p2a,p2b\n|-supereffective|p2b: Tornadus\n|-damage|p2a: Meowscarada|0 fnt\n|-damage|p2b: Tornadus|23\/100\n|-unboost|p2b: Tornadus|spe|1\n|faint|p2a: Meowscarada\n|move|p1b: Iron Hands|Wild Charge|p2b: Tornadus\n|-supereffective|p2b: Tornadus\n|-damage|p2b: Tornadus|0 fnt\n|faint|p2b: Tornadus\n|-damage|p1b: Iron Hands|6\/100|[from] Recoil\n|\n|win|bormanda\n|raw|bormanda's rating: 1431 &rarr; <strong>1452<\/strong><br \/>(+21 for winning)\n|raw|kritath's rating: 1452 &rarr; <strong>1431<\/strong><br \/>(-21 for losing)\n","uploadtime":1699866966,"views":13,"p1id":"bormanda","p2id":"kritath","formatid":"gen9vgc2023regulatione","rating":1431,"private":0,"password":""}