{"id":"gen9vgc2023regulatione-1990174467","p1":"haruto1706","p2":"FuzzThatWuzz","format":"[Gen 9] VGC 2023 Regulation E","log":"|j|\u2606haruto1706\n|j|\u2606FuzzThatWuzz\n|t:|1699932943\n|gametype|doubles\n|player|p1|haruto1706|265|1564\n|player|p2|FuzzThatWuzz|cynthia-gen4|1679\n|teamsize|p1|6\n|teamsize|p2|6\n|gen|9\n|tier|[Gen 9] VGC 2023 Regulation E\n|rated|\n|rule|Species Clause: Limit one of each Pok\u00e9mon\n|rule|Item Clause: Limit one of each item\n|clearpoke\n|poke|p1|Dondozo, L50, M|\n|poke|p1|Dragonite, L50, M|\n|poke|p1|Ogerpon-Wellspring, L50, F|\n|poke|p1|Flutter Mane, L50|\n|poke|p1|Glimmora, L50, F|\n|poke|p1|Chi-Yu, L50|\n|poke|p2|Ogerpon, L50, F|\n|poke|p2|Tornadus, L50, M|\n|poke|p2|Farigiraf, L50, F|\n|poke|p2|Iron Hands, L50|\n|poke|p2|Heatran, L50, M|\n|poke|p2|Regidrago, L50|\n|teampreview|4\n|inactive|Battle timer is ON: inactive players will automatically lose when time's up. (requested by haruto1706)\n|j| GymLeader Avery\n|l| GymLeader Avery\nFuzzThatWuzz has agreed to open team sheets.\n|inactive|FuzzThatWuzz has 60 seconds left.\n|\n|t:|1699932979\n|start\n|switch|p1a: Dondozo|Dondozo, L50, M, shiny|100\/100\n|switch|p1b: Dragonite|Dragonite, L50, M|100\/100\n|switch|p2a: Tornadus|Tornadus, L50, M|100\/100\n|switch|p2b: Regidrago|Regidrago, L50|100\/100\n|turn|1\n|inactive|haruto1706 has 30 seconds left.\n|inactive|haruto1706 has 20 seconds left.\n|\n|t:|1699933019\n|-terastallize|p2b: Regidrago|Steel\n|-terastallize|p1b: Dragonite|Normal\n|move|p1b: Dragonite|Extreme Speed|p2b: Regidrago\n|-resisted|p2b: Regidrago\n|-damage|p2b: Regidrago|62\/100\n|move|p2a: Tornadus|Taunt|p1a: Dondozo\n|-immune|p1a: Dondozo|[from] ability: Oblivious\n|move|p2b: Regidrago|Dragon Energy|p1b: Dragonite|[spread] p1a,p1b\n|-damage|p1a: Dondozo|58\/100\n|-damage|p1b: Dragonite|74\/100\n|move|p1a: Dondozo|Yawn|p2a: Tornadus\n|-start|p2a: Tornadus|move: Yawn|[of] p1a: Dondozo\n|\n|-heal|p1a: Dondozo|64\/100|[from] item: Leftovers\n|upkeep\n|turn|2\n|inactive|haruto1706 has 30 seconds left.\n|\n|t:|1699933048\n|switch|p2a: Heatran|Heatran, L50, M|100\/100\n|move|p1b: Dragonite|Extreme Speed|p2a: Heatran\n|-resisted|p2a: Heatran\n|-damage|p2a: Heatran|66\/100\n|move|p2b: Regidrago|Draco Meteor|p1b: Dragonite\n|-damage|p1b: Dragonite|0 fnt\n|-unboost|p2b: Regidrago|spa|2\n|faint|p1b: Dragonite\n|move|p1a: Dondozo|Yawn|p2b: Regidrago\n|-start|p2b: Regidrago|move: Yawn|[of] p1a: Dondozo\n|\n|-heal|p1a: Dondozo|71\/100|[from] item: Leftovers\n|upkeep\n|\n|t:|1699933067\n|switch|p1b: Chi-Yu|Chi-Yu, L50|100\/100\n|-ability|p1b: Chi-Yu|Beads of Ruin\n|turn|3\n|inactive|haruto1706 has 30 seconds left.\n|\n|t:|1699933094\n|move|p2a: Heatran|Protect|p2a: Heatran\n|-singleturn|p2a: Heatran|Protect\n|move|p1b: Chi-Yu|Snarl|p2b: Regidrago|[spread] p2b\n|-activate|p2a: Heatran|move: Protect\n|-damage|p2b: Regidrago|21\/100\n|-unboost|p2b: Regidrago|spa|1\n|move|p2b: Regidrago|Draco Meteor|p1b: Chi-Yu\n|-damage|p1b: Chi-Yu|55\/100\n|-unboost|p2b: Regidrago|spa|2\n|move|p1a: Dondozo|Yawn|p2a: Heatran\n|-activate|p2a: Heatran|move: Protect\n|\n|-heal|p1a: Dondozo|77\/100|[from] item: Leftovers\n|-end|p2b: Regidrago|move: Yawn|[silent]\n|-status|p2b: Regidrago|slp\n|upkeep\n|turn|4\n|\n|t:|1699933116\n|switch|p2b: Ogerpon|Ogerpon, L50, F|100\/100\n|move|p1b: Chi-Yu|Snarl|p2a: Heatran|[spread] p2a,p2b\n|-damage|p2a: Heatran|34\/100\n|-damage|p2b: Ogerpon|57\/100\n|-unboost|p2a: Heatran|spa|1\n|-unboost|p2b: Ogerpon|spa|1\n|-ability|p2b: Ogerpon|Defiant|boost\n|-boost|p2b: Ogerpon|atk|2\n|move|p2a: Heatran|Earth Power|p1b: Chi-Yu\n|-supereffective|p1b: Chi-Yu\n|-damage|p1b: Chi-Yu|1\/100\n|-damage|p2a: Heatran|25\/100|[from] item: Life Orb\n|move|p1a: Dondozo|Yawn|p2a: Heatran\n|-start|p2a: Heatran|move: Yawn|[of] p1a: Dondozo\n|\n|-heal|p1a: Dondozo|83\/100|[from] item: Leftovers\n|upkeep\n|turn|5\n|inactive|haruto1706 has 30 seconds left.\n|inactive|FuzzThatWuzz has 30 seconds left.\n|inactive|FuzzThatWuzz has 20 seconds left.\n|\n|t:|1699933152\n|switch|p2a: Tornadus|Tornadus, L50, M|100\/100\n|move|p1a: Dondozo|Protect|p1a: Dondozo\n|-singleturn|p1a: Dondozo|Protect\n|move|p2b: Ogerpon|Ivy Cudgel|p1a: Dondozo\n|-activate|p1a: Dondozo|move: Protect\n|move|p1b: Chi-Yu|Snarl|p2b: Ogerpon|[spread] p2a,p2b\n|-damage|p2a: Tornadus|57\/100\n|-damage|p2b: Ogerpon|11\/100\n|-unboost|p2a: Tornadus|spa|1\n|-unboost|p2b: Ogerpon|spa|1\n|-ability|p2b: Ogerpon|Defiant|boost\n|-boost|p2b: Ogerpon|atk|2\n|\n|-heal|p1a: Dondozo|89\/100|[from] item: Leftovers\n|upkeep\n|turn|6\n|inactive|FuzzThatWuzz has 30 seconds left.\n|\n|t:|1699933183\n|move|p1a: Dondozo|Protect||[still]\n|-fail|p1a: Dondozo\n|move|p2a: Tornadus|Tailwind|p2a: Tornadus\n|-sidestart|p2: FuzzThatWuzz|move: Tailwind\n|move|p2b: Ogerpon|Ivy Cudgel|p1a: Dondozo\n|-supereffective|p1a: Dondozo\n|-damage|p1a: Dondozo|0 fnt\n|faint|p1a: Dondozo\n|move|p1b: Chi-Yu|Snarl|p2b: Ogerpon|[spread] p2a,p2b\n|-damage|p2a: Tornadus|13\/100\n|-damage|p2b: Ogerpon|0 fnt\n|-unboost|p2a: Tornadus|spa|1\n|faint|p2b: Ogerpon\n|\n|upkeep\n|\n|t:|1699933195\n|switch|p2b: Heatran|Heatran, L50, M|25\/100\n|switch|p1a: Flutter Mane|Flutter Mane, L50|100\/100\n|-enditem|p1a: Flutter Mane|Booster Energy\n|-activate|p1a: Flutter Mane|ability: Protosynthesis|[fromitem]\n|-start|p1a: Flutter Mane|protosynthesisspe\n|turn|7\n|\n|t:|1699933212\n|move|p2a: Tornadus|Bleakwind Storm|p1a: Flutter Mane|[spread] p1a,p1b\n|-damage|p1a: Flutter Mane|81\/100\n|-damage|p1b: Chi-Yu|0 fnt\n|faint|p1b: Chi-Yu\n|move|p2b: Heatran|Flash Cannon|p1a: Flutter Mane\n|-supereffective|p1a: Flutter Mane\n|-damage|p1a: Flutter Mane|0 fnt\n|faint|p1a: Flutter Mane\n|-end|p1a: Flutter Mane|Protosynthesis|[silent]\n|-damage|p2b: Heatran|15\/100|[from] item: Life Orb\n|\n|win|FuzzThatWuzz\n|raw|haruto1706's rating: 1564 &rarr; <strong>1550<\/strong><br \/>(-14 for losing)\n|raw|FuzzThatWuzz's rating: 1679 &rarr; <strong>1693<\/strong><br \/>(+14 for winning)\n|l|\u2606haruto1706\n","uploadtime":1699933249,"views":28,"p1id":"haruto1706","p2id":"fuzzthatwuzz","formatid":"gen9vgc2023regulatione","rating":1550,"private":0,"password":""}