{"id":"gen9vgc2023regulatione-1992371372","p1":"Felix.D.Costa","p2":"Jop 31 in a row","format":"[Gen 9] VGC 2023 Regulation E","log":"|j|\u2606Felix.D.Costa\n|j|\u2606Jop 31 in a row\n|t:|1700179861\n|gametype|doubles\n|player|p1|Felix.D.Costa|n|1000\n|player|p2|Jop 31 in a row|lillie|1000\n|teamsize|p1|6\n|teamsize|p2|6\n|gen|9\n|tier|[Gen 9] VGC 2023 Regulation E\n|rated|\n|rule|Species Clause: Limit one of each Pok\u00e9mon\n|rule|Item Clause: Limit one of each item\n|clearpoke\n|poke|p1|Regidrago, L50|\n|poke|p1|Tornadus, L50, M|\n|poke|p1|Maushold-Four, L50|\n|poke|p1|Gholdengo, L50|\n|poke|p1|Amoonguss, L50, M|\n|poke|p1|Chi-Yu, L50|\n|poke|p2|Moltres-Galar, L50|\n|poke|p2|Arcanine-Hisui, L50, M|\n|poke|p2|Munkidori, L50, M|\n|poke|p2|Sinistcha, L50|\n|poke|p2|Grimmsnarl, L50, M|\n|poke|p2|Milotic, L50, F|\n|teampreview|4\n|inactive|Battle timer is ON: inactive players will automatically lose when time's up. (requested by Jop 31 in a row)\n|\n|t:|1700179900\n|start\n|switch|p1a: Tornadus|Tornadus, L50, M|100\/100\n|switch|p1b: Regidrago|Regidrago, L50|100\/100\n|switch|p2a: Grimmsnarl|Grimmsnarl, L50, M, shiny|100\/100\n|switch|p2b: Arcanine|Arcanine-Hisui, L50, M, shiny|100\/100\n|-ability|p2b: Arcanine|Intimidate|boost\n|-unboost|p1a: Tornadus|atk|1\n|-unboost|p1b: Regidrago|atk|1\n|turn|1\n|inactive|Felix.D.Costa has 30 seconds left.\n|\n|t:|1700179935\n|move|p1a: Tornadus|Protect|p1a: Tornadus\n|-singleturn|p1a: Tornadus|Protect\n|move|p2a: Grimmsnarl|Light Screen|p2a: Grimmsnarl\n|-sidestart|p2: Jop 31 in a row|move: Light Screen\n|move|p1b: Regidrago|Dragon Energy|p2b: Arcanine|[spread] p2b\n|-immune|p2a: Grimmsnarl\n|-damage|p2b: Arcanine|54\/100\n|move|p2b: Arcanine|Rock Slide|p1a: Tornadus|[spread] p1b\n|-activate|p1a: Tornadus|move: Protect\n|-damage|p1b: Regidrago|69\/100\n|\n|upkeep\n|turn|2\n|inactive|Felix.D.Costa has 30 seconds left.\n|inactive|Jop 31 in a row has 30 seconds left.\n|\n|t:|1700179967\n|move|p1b: Regidrago|Protect|p1b: Regidrago\n|-singleturn|p1b: Regidrago|Protect\n|move|p1a: Tornadus|Tailwind|p1a: Tornadus\n|-sidestart|p1: Felix.D.Costa|move: Tailwind\n|move|p2a: Grimmsnarl|Parting Shot|p1b: Regidrago\n|-activate|p1b: Regidrago|move: Protect\n|move|p2b: Arcanine|Rock Slide|p1a: Tornadus|[spread] \n|-activate|p1b: Regidrago|move: Protect\n|-miss|p2b: Arcanine|p1a: Tornadus\n|\n|upkeep\n|turn|3\n|inactive|Felix.D.Costa has 30 seconds left.\n|\n|t:|1700179999\n|switch|p1a: Gholdengo|Gholdengo, L50|100\/100\n|move|p2a: Grimmsnarl|Parting Shot|p1b: Regidrago\n|-unboost|p1b: Regidrago|atk|1\n|-unboost|p1b: Regidrago|spa|1\n|\n|t:|1700180004\n|switch|p2a: Sinistcha|Sinistcha, L50, shiny|100\/100|[from] Parting Shot\n|-heal|p2b: Arcanine|78\/100|[from] ability: Hospitality|[of] p2a: Sinistcha\n|move|p1b: Regidrago|Draco Meteor|p2b: Arcanine\n|-damage|p2b: Arcanine|43\/100\n|-unboost|p1b: Regidrago|spa|2\n|move|p2b: Arcanine|Rock Slide|p1b: Regidrago|[spread] p1a\n|-miss|p2b: Arcanine|p1b: Regidrago\n|-resisted|p1a: Gholdengo\n|-damage|p1a: Gholdengo|86\/100\n|\n|upkeep\n|turn|4\n|inactive|Felix.D.Costa has 30 seconds left.\n|inactive|Felix.D.Costa has 20 seconds left.\n|\n|t:|1700180041\n|move|p1a: Gholdengo|Protect|p1a: Gholdengo\n|-singleturn|p1a: Gholdengo|Protect\n|move|p1b: Regidrago|Dragon Energy|p2a: Sinistcha|[spread] p2a,p2b\n|-damage|p2a: Sinistcha|84\/100\n|-damage|p2b: Arcanine|30\/100\n|move|p2b: Arcanine|Flare Blitz|p1a: Gholdengo\n|-activate|p1a: Gholdengo|move: Protect\n|move|p2a: Sinistcha|Life Dew|p2a: Sinistcha|[spread] p2a,p2b\n|-heal|p2a: Sinistcha|100\/100\n|-heal|p2b: Arcanine|55\/100\n|\n|upkeep\n|turn|5\n|\n|t:|1700180064\n|switch|p1b: Tornadus|Tornadus, L50, M|100\/100\n|move|p1a: Gholdengo|Shadow Ball|p2b: Arcanine\n|-damage|p2b: Arcanine|36\/100\n|move|p2b: Arcanine|Flare Blitz|p1a: Gholdengo\n|-supereffective|p1a: Gholdengo\n|-damage|p1a: Gholdengo|0 fnt\n|faint|p1a: Gholdengo\n|-damage|p2b: Arcanine|10\/100|[from] Recoil\n|move|p2a: Sinistcha|Life Dew||[still]|[spread] p2a,p2b\n|-fail|p2a: Sinistcha|heal\n|-heal|p2b: Arcanine|35\/100\n|\n|-sideend|p1: Felix.D.Costa|move: Tailwind\n|upkeep\n|\n|t:|1700180077\n|switch|p1a: Regidrago|Regidrago, L50|69\/100\n|turn|6\n|\n|t:|1700180099\n|switch|p2b: Grimmsnarl|Grimmsnarl, L50, M, shiny|100\/100\n|-terastallize|p1b: Tornadus|Ghost\n|move|p1b: Tornadus|Taunt|p2a: Sinistcha\n|-start|p2a: Sinistcha|move: Taunt\n|move|p1a: Regidrago|Dragon Energy|p2b: Grimmsnarl|[spread] p2a\n|-immune|p2b: Grimmsnarl\n|-damage|p2a: Sinistcha|55\/100\n|cant|p2a: Sinistcha|move: Taunt|Trick Room\n|\n|upkeep\n|turn|7\n|inactive|Jop 31 in a row has 30 seconds left.\n|\n|t:|1700180134\n|switch|p1a: Amoonguss|Amoonguss, L50, M|100\/100\n|move|p2b: Grimmsnarl|Parting Shot|p1a: Amoonguss\n|-unboost|p1a: Amoonguss|atk|1\n|-unboost|p1a: Amoonguss|spa|1\n|\n|t:|1700180140\n|switch|p2b: Moltres|Moltres-Galar, L50, shiny|100\/100|[from] Parting Shot\n|move|p1b: Tornadus|Bleakwind Storm|p2b: Moltres|[spread] p2b\n|-miss|p1b: Tornadus|p2a: Sinistcha\n|-damage|p2b: Moltres|81\/100\n|move|p2a: Sinistcha|Matcha Gotcha|p1b: Tornadus|[spread] p1a,p1b\n|-resisted|p1a: Amoonguss\n|-damage|p1a: Amoonguss|95\/100\n|-heal|p2a: Sinistcha|59\/100|[from] drain|[of] p1a: Amoonguss\n|-damage|p1b: Tornadus|74\/100\n|-heal|p2a: Sinistcha|73\/100|[from] drain|[of] p1b: Tornadus\n|-status|p1a: Amoonguss|brn\n|\n|-damage|p1a: Amoonguss|90\/100 brn|[from] brn\n|upkeep\n|turn|8\n|inactive|Felix.D.Costa has 30 seconds left.\n|inactive|Felix.D.Costa has 20 seconds left.\n|\n|t:|1700180176\n|switch|p2a: Arcanine|Arcanine-Hisui, L50, M, shiny|35\/100\n|-ability|p2a: Arcanine|Intimidate|boost\n|-unboost|p1a: Amoonguss|atk|1\n|-unboost|p1b: Tornadus|atk|1\n|move|p1b: Tornadus|Protect|p1b: Tornadus\n|-singleturn|p1b: Tornadus|Protect\n|move|p2b: Moltres|Protect|p2b: Moltres\n|-singleturn|p2b: Moltres|Protect\n|move|p1a: Amoonguss|Spore|p2b: Moltres\n|-activate|p2b: Moltres|move: Protect\n|\n|-damage|p1a: Amoonguss|84\/100 brn|[from] brn\n|-sideend|p2: Jop 31 in a row|move: Light Screen\n|upkeep\n|turn|9\n|inactive|Felix.D.Costa has 30 seconds left.\n|inactive|Jop 31 in a row has 30 seconds left.\n|inactive|Jop 31 in a row has 20 seconds left.\n|\n|t:|1700180214\n|move|p1b: Tornadus|Tailwind|p1b: Tornadus\n|-sidestart|p1: Felix.D.Costa|move: Tailwind\n|move|p2a: Arcanine|Flare Blitz|p1a: Amoonguss\n|-supereffective|p1a: Amoonguss\n|-damage|p1a: Amoonguss|0 fnt\n|faint|p1a: Amoonguss\n|-damage|p2a: Arcanine|5\/100|[from] Recoil\n|move|p2b: Moltres|Fiery Wrath|p1b: Tornadus\n|-supereffective|p1b: Tornadus\n|-damage|p1b: Tornadus|0 fnt\n|faint|p1b: Tornadus\n|\n|upkeep\n|\n|t:|1700180224\n|switch|p1b: Regidrago|Regidrago, L50|69\/100\n|turn|10\n|\n|t:|1700180228\n|move|p2a: Arcanine|Extreme Speed|p1b: Regidrago\n|-damage|p1b: Regidrago|42\/100\n|move|p1b: Regidrago|Dragon Energy|p2b: Moltres|[spread] p2a,p2b\n|-damage|p2a: Arcanine|0 fnt\n|-damage|p2b: Moltres|48\/100\n|faint|p2a: Arcanine\n|-ability|p2b: Moltres|Berserk|boost\n|-boost|p2b: Moltres|spa|1\n|-enditem|p2b: Moltres|Sitrus Berry|[eat]\n|-heal|p2b: Moltres|73\/100|[from] item: Sitrus Berry\n|move|p2b: Moltres|Fiery Wrath|p1b: Regidrago\n|-damage|p1b: Regidrago|0 fnt\n|faint|p1b: Regidrago\n|\n|win|Jop 31 in a row\n|raw|Felix.D.Costa's rating: 1000 &rarr; <strong>1000<\/strong><br \/>(+0 for losing)\n|raw|Jop 31 in a row's rating: 1000 &rarr; <strong>1040<\/strong><br \/>(+40 for winning)\n|l|\u2606Felix.D.Costa\n","uploadtime":1700180627,"views":13,"p1id":"felixdcosta","p2id":"jop31inarow","formatid":"gen9vgc2023regulatione","rating":1000,"private":0,"password":""}