{"id":"gen9vgc2023regulatione-1991611907","p1":"jvjvjv1717","p2":"shadowclause","format":"[Gen 9] VGC 2023 Regulation E","log":"|j|\u2606jvjvjv1717\n|j|\u2606shadowclause\n|t:|1700094113\n|gametype|doubles\n|player|p1|jvjvjv1717|169|1062\n|player|p2|shadowclause|101|1110\n|teamsize|p1|6\n|teamsize|p2|6\n|gen|9\n|tier|[Gen 9] VGC 2023 Regulation E\n|rated|\n|rule|Species Clause: Limit one of each Pok\u00e9mon\n|rule|Item Clause: Limit one of each item\n|clearpoke\n|poke|p1|Illumise, L50, F|\n|poke|p1|Ogerpon-Wellspring, L50, F|\n|poke|p1|Okidogi, L50, M|\n|poke|p1|Tauros-Paldea-Blaze, L50, M|\n|poke|p1|Arcanine-Hisui, L50, M|\n|poke|p1|Kilowattrel, L50, F|\n|poke|p2|Dipplin, L50, M|\n|poke|p2|Torkoal, L50, F|\n|poke|p2|Sawsbuck-Autumn, L50, M|\n|poke|p2|Scovillain, L50, F|\n|poke|p2|Lilligant-Hisui, L50, F|\n|poke|p2|Gastrodon-East, L50, F|\n|teampreview|4\nshadowclause has agreed to open team sheets.\n|\n|t:|1700094179\n|start\n|switch|p1a: Kilowattrel|Kilowattrel, L50, F|100\/100\n|switch|p1b: Arcanine|Arcanine-Hisui, L50, M|100\/100\n|switch|p2a: Torkoal|Torkoal, L50, F|100\/100\n|switch|p2b: Lilligant|Lilligant-Hisui, L50, F|100\/100\n|-weather|SunnyDay|[from] ability: Drought|[of] p2a: Torkoal\n|turn|1\n|\n|t:|1700094208\n|-terastallize|p2b: Lilligant|Poison\n|-terastallize|p1b: Arcanine|Grass\n|move|p2b: Lilligant|Victory Dance|p2b: Lilligant\n|-boost|p2b: Lilligant|atk|1\n|-boost|p2b: Lilligant|def|1\n|-boost|p2b: Lilligant|spe|1\n|move|p1a: Kilowattrel|Eerie Impulse|p2a: Torkoal\n|-unboost|p2a: Torkoal|spa|2\n|move|p1b: Arcanine|Power Gem|p2a: Torkoal\n|-supereffective|p2a: Torkoal\n|-damage|p2a: Torkoal|16\/100\n|move|p2a: Torkoal|Stealth Rock|p1b: Arcanine\n|-sidestart|p1: jvjvjv1717|move: Stealth Rock\n|\n|-weather|SunnyDay|[upkeep]\n|upkeep\n|turn|2\n|\n|t:|1700094246\n|move|p2b: Lilligant|Poison Jab|p1b: Arcanine\n|-supereffective|p1b: Arcanine\n|-damage|p1b: Arcanine|0 fnt\n|faint|p1b: Arcanine\n|move|p1a: Kilowattrel|Feather Dance|p2b: Lilligant\n|-unboost|p2b: Lilligant|atk|2\n|move|p2a: Torkoal|Heat Wave|p1a: Kilowattrel\n|-damage|p1a: Kilowattrel|45\/100\n|-status|p1a: Kilowattrel|brn\n|\n|-weather|SunnyDay|[upkeep]\n|-damage|p1a: Kilowattrel|38\/100 brn|[from] brn\n|upkeep\n|\n|t:|1700094261\n|switch|p1b: Okidogi|Okidogi, L50, M|100\/100\n|-damage|p1b: Okidogi|94\/100|[from] Stealth Rock\n|turn|3\n|\n|t:|1700094292\n|move|p2b: Lilligant|After You|p2a: Torkoal\n|-activate|p2a: Torkoal|move: After You\n|move|p2a: Torkoal|Earth Power|p1b: Okidogi\n|-supereffective|p1b: Okidogi\n|-damage|p1b: Okidogi|69\/100\n|move|p1a: Kilowattrel|Feather Dance|p2b: Lilligant\n|-unboost|p2b: Lilligant|atk|2\n|move|p1b: Okidogi|Knock Off|p2a: Torkoal\n|-damage|p2a: Torkoal|0 fnt\n|-enditem|p2a: Torkoal|Heat Rock|[from] move: Knock Off|[of] p1b: Okidogi\n|faint|p2a: Torkoal\n|\n|-weather|SunnyDay|[upkeep]\n|-damage|p1a: Kilowattrel|32\/100 brn|[from] brn\n|upkeep\n|\n|t:|1700094317\n|switch|p2a: Dipplin|Dipplin, L50, M|100\/100\n|-ability|p2a: Dipplin|Supersweet Syrup\n|-ability|p2a: Dipplin|Supersweet Syrup|boost\n|-unboost|p1a: Kilowattrel|evasion|1\n|-ability|p1a: Kilowattrel|Competitive|boost\n|-boost|p1a: Kilowattrel|spa|2\n|-unboost|p1b: Okidogi|evasion|1\n|turn|4\n|\n|t:|1700094353\n|move|p2b: Lilligant|Poison Jab|p1a: Kilowattrel\n|-damage|p1a: Kilowattrel|3\/100 brn\n|move|p1a: Kilowattrel|Thunderbolt|p2b: Lilligant\n|-enditem|p2b: Lilligant|Focus Sash\n|-damage|p2b: Lilligant|1\/100\n|move|p1b: Okidogi|Bulk Up|p1b: Okidogi\n|-boost|p1b: Okidogi|atk|1\n|-boost|p1b: Okidogi|def|1\n|move|p2a: Dipplin|Infestation|p1b: Okidogi\n|-resisted|p1b: Okidogi\n|-damage|p1b: Okidogi|68\/100\n|-activate|p1b: Okidogi|move: Infestation|[of] p2a: Dipplin\n|\n|-weather|SunnyDay|[upkeep]\n|-damage|p1a: Kilowattrel|0 fnt|[from] brn\n|faint|p1a: Kilowattrel\n|-damage|p1b: Okidogi|55\/100|[from] move: Infestation|[partiallytrapped]\n|upkeep\n|\n|t:|1700094369\n|switch|p1a: Lloro|Ogerpon-Wellspring, L50, F|100\/100\n|-damage|p1a: Lloro|88\/100|[from] Stealth Rock\n|turn|5\n|\n|t:|1700094398\n|move|p1a: Lloro|Spiky Shield|p1a: Lloro\n|-singleturn|p1a: Lloro|move: Protect\n|move|p2b: Lilligant|Poison Jab|p1a: Lloro\n|-activate|p1a: Lloro|move: Protect\n|-damage|p2b: Lilligant|0 fnt|[from] Spiky Shield|[of] p1a: Lloro\n|faint|p2b: Lilligant\n|move|p1b: Okidogi|Knock Off|p2a: Dipplin\n|-damage|p2a: Dipplin|74\/100\n|-enditem|p2a: Dipplin|Eviolite|[from] move: Knock Off|[of] p1b: Okidogi\n|move|p2a: Dipplin|Syrup Bomb|p1a: Lloro\n|-activate|p1a: Lloro|move: Protect\n|\n|-weather|SunnyDay|[upkeep]\n|-damage|p1b: Okidogi|43\/100|[from] move: Infestation|[partiallytrapped]\n|upkeep\n|-enditem|p1b: Okidogi|Sitrus Berry|[eat]\n|-heal|p1b: Okidogi|68\/100|[from] item: Sitrus Berry\n|\n|t:|1700094413\n|switch|p2b: Scovillain|Scovillain, L50, F|100\/100\n|turn|6\n|\n|t:|1700094462\n|move|p2b: Scovillain|Solar Beam||[still]\n|-prepare|p2b: Scovillain|Solar Beam\n|-anim|p2b: Scovillain|Solar Beam|p1a: Lloro\n|-damage|p1a: Lloro|16\/100\n|move|p1a: Lloro|Ivy Cudgel|p2b: Scovillain|[anim] Ivy Cudgel Water\n|-damage|p2b: Scovillain|52\/100\n|move|p1b: Okidogi|Drain Punch|p2a: Dipplin\n|-damage|p2a: Dipplin|25\/100\n|-heal|p1b: Okidogi|87\/100|[from] drain|[of] p2a: Dipplin\n|move|p2a: Dipplin|Syrup Bomb|p1a: Lloro\n|-damage|p1a: Lloro|0 fnt\n|faint|p1a: Lloro\n|\n|-weather|SunnyDay|[upkeep]\n|-damage|p1b: Okidogi|75\/100|[from] move: Infestation|[partiallytrapped]\n|upkeep\n|turn|7\n|\n|t:|1700094518\n|move|p2b: Scovillain|Flamethrower|p1b: Okidogi\n|-damage|p1b: Okidogi|7\/100\n|move|p1b: Okidogi|Knock Off|p2b: Scovillain\n|-damage|p2b: Scovillain|0 fnt\n|-enditem|p2b: Scovillain|Bright Powder|[from] move: Knock Off|[of] p1b: Okidogi\n|faint|p2b: Scovillain\n|move|p2a: Dipplin|Syrup Bomb|p1b: Okidogi\n|-resisted|p1b: Okidogi\n|-damage|p1b: Okidogi|0 fnt\n|faint|p1b: Okidogi\n|\n|win|shadowclause\n|raw|jvjvjv1717's rating: 1062 &rarr; <strong>1045<\/strong><br \/>(-17 for losing)\n|raw|shadowclause's rating: 1110 &rarr; <strong>1132<\/strong><br \/>(+22 for winning)\n","uploadtime":1700094539,"views":7,"p1id":"jvjvjv1717","p2id":"shadowclause","formatid":"gen9vgc2023regulatione","rating":1045,"private":0,"password":""}