{"id":"gen9vgc2023regulatione-1987973856","p1":"Chazzitup4200","p2":"ThiagoPrates23","format":"[Gen 9] VGC 2023 Regulation E","log":"|j|\u2606Chazzitup4200\n|j|\u2606ThiagoPrates23\n|t:|1699654812\n|gametype|doubles\n|player|p1|Chazzitup4200|265|1490\n|player|p2|ThiagoPrates23|lance|1398\n|teamsize|p1|6\n|teamsize|p2|6\n|gen|9\n|tier|[Gen 9] VGC 2023 Regulation E\n|rated|\n|rule|Species Clause: Limit one of each Pok\u00e9mon\n|rule|Item Clause: Limit one of each item\n|clearpoke\n|poke|p1|Weezing, L50, M|\n|poke|p1|Flutter Mane, L50|\n|poke|p1|Iron Hands, L50|\n|poke|p1|Tornadus, L50, M|\n|poke|p1|Dragonite, L50, F|\n|poke|p1|Ogerpon-Wellspring, L50, F|\n|poke|p2|Dragonite, L50, M|\n|poke|p2|Chien-Pao, L50|\n|poke|p2|Urshifu-*, L50, M|\n|poke|p2|Tornadus, L50, M|\n|poke|p2|Flutter Mane, L50|\n|poke|p2|Chi-Yu, L50|\n|teampreview|4\n|\n|t:|1699654840\n|start\n|switch|p1a: Weezing|Weezing, L50, M, shiny|100\/100\n|switch|p1b: Iron Hands|Iron Hands, L50, shiny|100\/100\n|switch|p2a: Flutter Mane|Flutter Mane, L50, shiny|100\/100\n|switch|p2b: Chi-Yu|Chi-Yu, L50|100\/100\n|-ability|p1a: Weezing|Neutralizing Gas\n|-enditem|p2a: Flutter Mane|Booster Energy\n|-activate|p2a: Flutter Mane|ability: Protosynthesis|[fromitem]\n|-start|p2a: Flutter Mane|protosynthesisspa\n|turn|1\n|\n|t:|1699654877\n|-terastallize|p2b: Chi-Yu|Ghost\n|move|p1b: Iron Hands|Fake Out|p2b: Chi-Yu\n|-immune|p2b: Chi-Yu\n|move|p2a: Flutter Mane|Moonblast|p1b: Iron Hands\n|-supereffective|p1b: Iron Hands\n|-damage|p1b: Iron Hands|34\/100\n|move|p2b: Chi-Yu|Will-O-Wisp|p1b: Iron Hands\n|-status|p1b: Iron Hands|brn\n|move|p1a: Weezing|Sludge Bomb|p2a: Flutter Mane\n|-damage|p2a: Flutter Mane|75\/100\n|-status|p2a: Flutter Mane|psn\n|\n|-damage|p2a: Flutter Mane|63\/100 psn|[from] psn\n|-damage|p1b: Iron Hands|27\/100 brn|[from] brn\n|upkeep\n|turn|2\n|\n|t:|1699654902\n|move|p2a: Flutter Mane|Protect|p2a: Flutter Mane\n|-singleturn|p2a: Flutter Mane|Protect\n|move|p1a: Weezing|Protect|p1a: Weezing\n|-singleturn|p1a: Weezing|Protect\n|move|p2b: Chi-Yu|Snarl|p1a: Weezing|[spread] p1b\n|-activate|p1a: Weezing|move: Protect\n|-resisted|p1b: Iron Hands\n|-damage|p1b: Iron Hands|22\/100 brn\n|-unboost|p1b: Iron Hands|spa|1\n|move|p1b: Iron Hands|Heavy Slam|p2a: Flutter Mane\n|-activate|p2a: Flutter Mane|move: Protect\n|\n|-damage|p2a: Flutter Mane|51\/100 psn|[from] psn\n|-damage|p1b: Iron Hands|16\/100 brn|[from] brn\n|upkeep\n|turn|3\n|\n|t:|1699654934\n|move|p2a: Flutter Mane|Shadow Ball|p1a: Weezing\n|-damage|p1a: Weezing|48\/100\n|move|p2b: Chi-Yu|Flamethrower|p1a: Weezing\n|-damage|p1a: Weezing|9\/100\n|move|p1a: Weezing|Sludge Bomb|p2a: Flutter Mane\n|-damage|p2a: Flutter Mane|26\/100 psn\n|move|p1b: Iron Hands|Wild Charge|p2b: Chi-Yu\n|-damage|p2b: Chi-Yu|70\/100\n|-damage|p1b: Iron Hands|11\/100 brn|[from] Recoil\n|\n|-heal|p1a: Weezing|15\/100|[from] item: Leftovers\n|-damage|p2a: Flutter Mane|14\/100 psn|[from] psn\n|-damage|p1b: Iron Hands|5\/100 brn|[from] brn\n|upkeep\n|turn|4\n|\n|t:|1699654956\n|move|p2b: Chi-Yu|Protect|p2b: Chi-Yu\n|-singleturn|p2b: Chi-Yu|Protect\n|move|p1a: Weezing|Protect|p1a: Weezing\n|-singleturn|p1a: Weezing|Protect\n|move|p2a: Flutter Mane|Dazzling Gleam|p1b: Iron Hands|[spread] p1b\n|-activate|p1a: Weezing|move: Protect\n|-supereffective|p1b: Iron Hands\n|-damage|p1b: Iron Hands|0 fnt\n|faint|p1b: Iron Hands\n|-end|p1b: Iron Hands|Quark Drive|[silent]\n|\n|-heal|p1a: Weezing|21\/100|[from] item: Leftovers\n|-damage|p2a: Flutter Mane|2\/100 psn|[from] psn\n|upkeep\n|\n|t:|1699654974\n|switch|p1b: Flutter Mane|Flutter Mane, L50|100\/100\n|-enditem|p1b: Flutter Mane|Booster Energy\n|-activate|p1b: Flutter Mane|ability: Protosynthesis|[fromitem]\n|-start|p1b: Flutter Mane|protosynthesisspa\n|turn|5\n|\n|t:|1699655002\n|-end|p1a: Weezing|ability: Neutralizing Gas\n|-ability|p2b: Chi-Yu|Beads of Ruin\n|switch|p1a: Ogerpon|Ogerpon-Wellspring, L50, F|100\/100\n|move|p1b: Flutter Mane|Shadow Ball|p2b: Chi-Yu\n|-supereffective|p2b: Chi-Yu\n|-damage|p2b: Chi-Yu|0 fnt\n|faint|p2b: Chi-Yu\n|move|p2a: Flutter Mane|Dazzling Gleam|p1b: Flutter Mane|[spread] p1a,p1b\n|-damage|p1a: Ogerpon|56\/100\n|-damage|p1b: Flutter Mane|57\/100\n|\n|-damage|p2a: Flutter Mane|0 fnt|[from] psn\n|faint|p2a: Flutter Mane\n|-end|p2a: Flutter Mane|Protosynthesis|[silent]\n|upkeep\n|\n|t:|1699655018\n|switch|p2a: Dragonite|Dragonite, L50, M, shiny|100\/100\n|switch|p2b: Chien-Pao|Chien-Pao, L50|100\/100\n|-ability|p2b: Chien-Pao|Sword of Ruin\n|turn|6\n|inactive|Battle timer is ON: inactive players will automatically lose when time's up. (requested by ThiagoPrates23)\n|\n|t:|1699655049\n|move|p1b: Flutter Mane|Protect|p1b: Flutter Mane\n|-singleturn|p1b: Flutter Mane|Protect\n|move|p1a: Ogerpon|Spiky Shield|p1a: Ogerpon\n|-singleturn|p1a: Ogerpon|move: Protect\n|move|p2b: Chien-Pao|Sucker Punch||[still]\n|-fail|p2b: Chien-Pao\n|move|p2a: Dragonite|Aerial Ace|p1a: Ogerpon\n|-activate|p1a: Ogerpon|move: Protect\n|-damage|p2a: Dragonite|88\/100|[from] Spiky Shield|[of] p1a: Ogerpon\n|\n|upkeep\n|turn|7\n|\n|t:|1699655066\n|move|p1a: Ogerpon|Follow Me|p1a: Ogerpon\n|-singleturn|p1a: Ogerpon|move: Follow Me\n|move|p2b: Chien-Pao|Sucker Punch||[still]\n|-fail|p2b: Chien-Pao\n|move|p1b: Flutter Mane|Dazzling Gleam|p2a: Dragonite|[spread] p2a,p2b\n|-supereffective|p2a: Dragonite\n|-supereffective|p2b: Chien-Pao\n|-damage|p2a: Dragonite|9\/100\n|-enditem|p2b: Chien-Pao|Focus Sash\n|-damage|p2b: Chien-Pao|1\/100\n|move|p2a: Dragonite|Aerial Ace|p1a: Ogerpon\n|-supereffective|p1a: Ogerpon\n|-damage|p1a: Ogerpon|0 fnt\n|faint|p1a: Ogerpon\n|\n|upkeep\n|\n|t:|1699655079\n|switch|p1a: Weezing|Weezing, L50, M, shiny|21\/100\n|-ability|p1a: Weezing|Neutralizing Gas\n|turn|8\n|\n|t:|1699655101\n|move|p1b: Flutter Mane|Protect|p1b: Flutter Mane\n|-singleturn|p1b: Flutter Mane|Protect\n|move|p1a: Weezing|Protect|p1a: Weezing\n|-singleturn|p1a: Weezing|Protect\n|move|p2b: Chien-Pao|Sucker Punch||[still]\n|-fail|p2b: Chien-Pao\n|move|p2a: Dragonite|Aerial Ace|p1a: Weezing\n|-activate|p1a: Weezing|move: Protect\n|\n|-heal|p1a: Weezing|27\/100|[from] item: Leftovers\n|upkeep\n|turn|9\n|inactive|Chazzitup4200 has 30 seconds left.\n|\n|t:|1699655130\n|-terastallize|p1a: Weezing|Flying\n|move|p2b: Chien-Pao|Sucker Punch|p1b: Flutter Mane\n|-damage|p1b: Flutter Mane|0 fnt\n|faint|p1b: Flutter Mane\n|-end|p1b: Flutter Mane|Protosynthesis|[silent]\n|move|p2a: Dragonite|Aerial Ace|p1a: Weezing\n|-damage|p1a: Weezing|0 fnt\n|faint|p1a: Weezing\n|-end|p1a: Weezing|ability: Neutralizing Gas\n|-ability|p2b: Chien-Pao|Sword of Ruin\n|\n|win|ThiagoPrates23\n|raw|Chazzitup4200's rating: 1490 &rarr; <strong>1465<\/strong><br \/>(-25 for losing)\n|raw|ThiagoPrates23's rating: 1398 &rarr; <strong>1423<\/strong><br \/>(+25 for winning)\n|l|\u2606Chazzitup4200\n","uploadtime":1699655156,"views":13,"p1id":"chazzitup4200","p2id":"thiagoprates23","formatid":"gen9vgc2023regulatione","rating":1423,"private":0,"password":""}