{"id":"gen9vgc2023regulatione-1999045083","p1":"Sobiris","p2":"AlolanSandslashOU","format":"[Gen 9] VGC 2023 Regulation E","log":"|j|\u2606Sobiris\n|j|\u2606AlolanSandslashOU\n|n|\u2606Sobiris|sobiris\n|n|\u2606AlolanSandslashOU|alolansandslashou\n|html|View the match progress at <a href=\"\/game-bestof3-gen9vgc2023regulatione-1999037570\">game-bestof3-gen9vgc2023regulatione-1999037570<\/a>\n|t:|1701027260\n|gametype|doubles\n|player|p1|Sobiris|hugh|\n|player|p2|AlolanSandslashOU|volkner|\n|teamsize|p1|6\n|teamsize|p2|6\n|gen|9\n|tier|[Gen 9] VGC 2023 Regulation E\n|rule|Species Clause: Limit one of each Pok\u00e9mon\n|rule|Item Clause: Limit one of each item\n|clearpoke\n|poke|p1|Ninetales-Alola, L50, M|\n|poke|p1|Baxcalibur, L50, F|\n|poke|p1|Landorus-Therian, L50, M|\n|poke|p1|Heatran, L50, F|\n|poke|p1|Rillaboom, L50, F|\n|poke|p1|Flutter Mane, L50|\n|poke|p2|Cresselia, L50, F|\n|poke|p2|Glastrier, L50|\n|poke|p2|Amoonguss, L50, F|\n|poke|p2|Indeedee-F, L50, F|\n|poke|p2|Conkeldurr, L50, M|\n|poke|p2|Crawdaunt, L50, F|\n|teampreview|4\nSobiris has agreed to open team sheets.\nAlolanSandslashOU has agreed to open team sheets.\n|showteam|p1|Ninetales-Alola||LightClay|SnowWarning|Protect,AuroraVeil,IcyWind,FreezeDry|||M|||50|,,,,,Water]Baxcalibur||LoadedDice|IceBody|Protect,SwordsDance,ScaleShot,IcicleSpear|||F|||50|,,,,,Poison]Landorus-Therian||ChoiceScarf|Intimidate|RockSlide,StompingTantrum,TeraBlast,Uturn|||M|||50|,,,,,Flying]Heatran||Leftovers|FlashFire|HeatWave,EarthPower,Substitute,Protect|||F|||50|,,,,,Fairy]Rillaboom||AssaultVest|GrassySurge|FakeOut,GrassyGlide,Uturn,StompingTantrum|||F|||50|,,,,,Grass]Flutter Mane||BoosterEnergy|Protosynthesis|Moonblast,DazzlingGleam,ShadowBall,Protect||||||50|,,,,,Fairy\n|showteam|p2|Cresselia||Leftovers|Levitate|Protect,TrickRoom,Moonlight,Moonblast|||F|||50|,,,,,Fairy]Glastrier||ExpertBelt|ChillingNeigh|CloseCombat,IcicleCrash,HighHorsepower,ZenHeadbutt||||||50|,,,,,Ground]Amoonguss||RockyHelmet|Regenerator|PollenPuff,Spore,RagePowder,GigaDrain|||F|||50|,,,,,Water]Indeedee-F||FocusSash|PsychicSurge|FollowMe,TrickRoom,Psyshock,Protect|||F|||50|,,,,,Psychic]Conkeldurr||AssaultVest|IronFist|DrainPunch,ThunderPunch,IcePunch,FirePunch|||M|||50|,,,,,Steel]Crawdaunt||ChoiceBand|Adaptability|Crabhammer,KnockOff,CloseCombat,XScissor|||F|||50|,,,,,Water\n|c|\u2606AlolanSandslashOU|Keep forgetting sorry\n|\n|t:|1701027331\n|start\n|switch|p1a: Heatran|Heatran, L50, F|100\/100\n|switch|p1b: Landorus|Landorus-Therian, L50, M, shiny|100\/100\n|switch|p2a: Cresselia|Cresselia, L50, F|100\/100\n|switch|p2b: Glastrier|Glastrier, L50|100\/100\n|-ability|p1b: Landorus|Intimidate|boost\n|-unboost|p2a: Cresselia|atk|1\n|-unboost|p2b: Glastrier|atk|1\n|turn|1\n|\n|t:|1701027357\n|-terastallize|p1a: Heatran|Fairy\n|move|p1b: Landorus|U-turn|p2a: Cresselia\n|-supereffective|p2a: Cresselia\n|-damage|p2a: Cresselia|69\/100\n|\n|t:|1701027361\n|switch|p1b: Ninetales|Ninetales-Alola, L50, M, shiny|100\/100|[from] U-turn\n|-weather|Snow|[from] ability: Snow Warning|[of] p1b: Ninetales\n|move|p1a: Heatran|Heat Wave|p2a: Cresselia|[spread] p2a,p2b\n|-supereffective|p2b: Glastrier\n|-damage|p2a: Cresselia|45\/100\n|-damage|p2b: Glastrier|39\/100\n|move|p2b: Glastrier|High Horsepower|p1a: Heatran\n|-crit|p1a: Heatran\n|-damage|p1a: Heatran|50\/100\n|move|p2a: Cresselia|Trick Room|p2a: Cresselia\n|-fieldstart|move: Trick Room|[of] p2a: Cresselia\n|\n|-weather|Snow|[upkeep]\n|-heal|p1a: Heatran|56\/100|[from] item: Leftovers\n|-heal|p2a: Cresselia|51\/100|[from] item: Leftovers\n|upkeep\n|turn|2\n|\n|t:|1701027381\n|move|p1a: Heatran|Protect|p1a: Heatran\n|-singleturn|p1a: Heatran|Protect\n|move|p2b: Glastrier|Icicle Crash|p1a: Heatran\n|-activate|p1a: Heatran|move: Protect\n|move|p2a: Cresselia|Moonlight|p2a: Cresselia\n|-heal|p2a: Cresselia|76\/100\n|move|p1b: Ninetales|Aurora Veil|p1b: Ninetales\n|-sidestart|p1: Sobiris|move: Aurora Veil\n|\n|-weather|Snow|[upkeep]\n|-heal|p1a: Heatran|62\/100|[from] item: Leftovers\n|-heal|p2a: Cresselia|82\/100|[from] item: Leftovers\n|upkeep\n|turn|3\n|\n|t:|1701027405\n|switch|p2b: Crawdaunt|Crawdaunt, L50, F|100\/100\n|switch|p1b: Baxcalibur|Baxcalibur, L50, F|100\/100\n|move|p1a: Heatran|Heat Wave|p2b: Crawdaunt|[spread] p2a,p2b\n|-resisted|p2b: Crawdaunt\n|-damage|p2a: Cresselia|61\/100\n|-damage|p2b: Crawdaunt|68\/100\n|move|p2a: Cresselia|Moonblast|p1b: Baxcalibur\n|-supereffective|p1b: Baxcalibur\n|-damage|p1b: Baxcalibur|82\/100\n|\n|-weather|Snow|[upkeep]\n|-heal|p1b: Baxcalibur|87\/100|[from] ability: Ice Body\n|-heal|p1a: Heatran|68\/100|[from] item: Leftovers\n|-heal|p2a: Cresselia|67\/100|[from] item: Leftovers\n|upkeep\n|turn|4\n|\n|t:|1701027421\n|-terastallize|p2b: Crawdaunt|Water\n|move|p1a: Heatran|Protect|p1a: Heatran\n|-singleturn|p1a: Heatran|Protect\n|move|p2b: Crawdaunt|Crabhammer|p1a: Heatran\n|-activate|p1a: Heatran|move: Protect\n|move|p2a: Cresselia|Moonlight|p2a: Cresselia\n|-heal|p2a: Cresselia|93\/100\n|move|p1b: Baxcalibur|Swords Dance|p1b: Baxcalibur\n|-boost|p1b: Baxcalibur|atk|2\n|\n|-weather|Snow|[upkeep]\n|-heal|p1b: Baxcalibur|93\/100|[from] ability: Ice Body\n|-heal|p1a: Heatran|74\/100|[from] item: Leftovers\n|-heal|p2a: Cresselia|99\/100|[from] item: Leftovers\n|upkeep\n|turn|5\n|\n|t:|1701027441\n|switch|p1a: Ninetales|Ninetales-Alola, L50, M, shiny|100\/100\n|move|p2b: Crawdaunt|Crabhammer|p1a: Ninetales\n|-damage|p1a: Ninetales|30\/100\n|move|p2a: Cresselia|Moonblast|p1b: Baxcalibur\n|-supereffective|p1b: Baxcalibur\n|-damage|p1b: Baxcalibur|75\/100\n|move|p1b: Baxcalibur|Icicle Spear|p2a: Cresselia\n|-damage|p2a: Cresselia|80\/100\n|-damage|p2a: Cresselia|62\/100\n|-damage|p2a: Cresselia|45\/100\n|-damage|p2a: Cresselia|27\/100\n|-damage|p2a: Cresselia|8\/100\n|-hitcount|p2a: Cresselia|5\n|\n|-weather|none\n|-heal|p2a: Cresselia|15\/100|[from] item: Leftovers\n|-fieldend|move: Trick Room\n|upkeep\n|turn|6\n|\n|t:|1701027469\n|move|p2a: Cresselia|Protect|p2a: Cresselia\n|-singleturn|p2a: Cresselia|Protect\n|move|p1a: Ninetales|Freeze-Dry|p2b: Crawdaunt\n|-supereffective|p2b: Crawdaunt\n|-damage|p2b: Crawdaunt|0 fnt\n|faint|p2b: Crawdaunt\n|move|p1b: Baxcalibur|Scale Shot|p2a: Cresselia\n|-activate|p2a: Cresselia|move: Protect\n|\n|-heal|p2a: Cresselia|21\/100|[from] item: Leftovers\n|upkeep\n|\n|t:|1701027476\n|switch|p2b: Glastrier|Glastrier, L50|39\/100\n|turn|7\n|\n|t:|1701027491\n|move|p1a: Ninetales|Freeze-Dry|p2a: Cresselia\n|-damage|p2a: Cresselia|8\/100\n|move|p1b: Baxcalibur|Icicle Spear|p2b: Glastrier\n|-resisted|p2b: Glastrier\n|-damage|p2b: Glastrier|29\/100\n|-resisted|p2b: Glastrier\n|-damage|p2b: Glastrier|19\/100\n|-resisted|p2b: Glastrier\n|-damage|p2b: Glastrier|9\/100\n|-resisted|p2b: Glastrier\n|-crit|p2b: Glastrier\n|-damage|p2b: Glastrier|0 fnt\n|faint|p2b: Glastrier\n|-hitcount|p2: Glastrier|4\n|move|p2a: Cresselia|Trick Room|p2a: Cresselia\n|-fieldstart|move: Trick Room|[of] p2a: Cresselia\n|\n|-heal|p2a: Cresselia|15\/100|[from] item: Leftovers\n|upkeep\n|\n|t:|1701027502\n|switch|p2b: Amoonguss|Amoonguss, L50, F|100\/100\n|turn|8\n|\n|t:|1701027525\n|move|p2b: Amoonguss|Spore|p1b: Baxcalibur\n|-status|p1b: Baxcalibur|slp|[from] move: Spore\n|move|p2a: Cresselia|Moonlight|p2a: Cresselia\n|-heal|p2a: Cresselia|64\/100\n|cant|p1b: Baxcalibur|slp\n|move|p1a: Ninetales|Freeze-Dry|p2b: Amoonguss\n|-supereffective|p2b: Amoonguss\n|-damage|p2b: Amoonguss|70\/100\n|\n|-heal|p2a: Cresselia|71\/100|[from] item: Leftovers\n|upkeep\n|turn|9\n|\n|t:|1701027539\n|move|p1a: Ninetales|Protect|p1a: Ninetales\n|-singleturn|p1a: Ninetales|Protect\n|move|p2b: Amoonguss|Giga Drain|p1a: Ninetales\n|-activate|p1a: Ninetales|move: Protect\n|move|p2a: Cresselia|Moonblast|p1b: Baxcalibur\n|-supereffective|p1b: Baxcalibur\n|-damage|p1b: Baxcalibur|56\/100 slp\n|-unboost|p1b: Baxcalibur|spa|1\n|-curestatus|p1b: Baxcalibur|slp|[msg]\n|move|p1b: Baxcalibur|Icicle Spear|p2b: Amoonguss\n|-supereffective|p2b: Amoonguss\n|-damage|p2b: Amoonguss|10\/100\n|-supereffective|p2b: Amoonguss\n|-damage|p2b: Amoonguss|0 fnt\n|faint|p2b: Amoonguss\n|-hitcount|p2: Amoonguss|2\n|\n|-heal|p2a: Cresselia|77\/100|[from] item: Leftovers\n|-sideend|p1: Sobiris|move: Aurora Veil\n|upkeep\n|turn|10\n|c|\u2606AlolanSandslashOU|Instant wake up is so gaming\n|\n|t:|1701027555\n|move|p2a: Cresselia|Moonblast|p1b: Baxcalibur\n|-supereffective|p1b: Baxcalibur\n|-damage|p1b: Baxcalibur|27\/100\n|move|p1b: Baxcalibur|Icicle Spear|p2a: Cresselia\n|-damage|p2a: Cresselia|58\/100\n|-damage|p2a: Cresselia|40\/100\n|-crit|p2a: Cresselia\n|-damage|p2a: Cresselia|15\/100\n|-crit|p2a: Cresselia\n|-damage|p2a: Cresselia|0 fnt\n|faint|p2a: Cresselia\n|-hitcount|p2: Cresselia|4\n|\n|win|Sobiris\n|c|\u2606AlolanSandslashOU|Ggs lol\n|c|\u2606Sobiris|I finished my chicken\n|c|\u2606Sobiris|with rice\n|c|\u2606Sobiris|GGs\n","uploadtime":1701027569,"views":3,"p1id":"sobiris","p2id":"alolansandslashou","formatid":"gen9vgc2023regulatione","rating":0,"private":0,"password":""}