{"id":"gen9vgc2023regulatione-1989411324","p1":"TonkyB","p2":"MangledGalah","format":"[Gen 9] VGC 2023 Regulation E","log":"|j|\u2606TonkyB\n|j|\u2606MangledGalah\n|t:|1699846793\n|gametype|doubles\n|player|p1|TonkyB|266|1342\n|player|p2|MangledGalah|linebacker|1392\n|teamsize|p1|6\n|teamsize|p2|6\n|gen|9\n|tier|[Gen 9] VGC 2023 Regulation E\n|rated|\n|rule|Species Clause: Limit one of each Pok\u00e9mon\n|rule|Item Clause: Limit one of each item\n|clearpoke\n|poke|p1|Weezing-Galar, L50, M|\n|poke|p1|Torkoal, L50, M|\n|poke|p1|Cresselia, L50, F|\n|poke|p1|Chi-Yu, L50|\n|poke|p1|Slaking, L50, F|\n|poke|p1|Flutter Mane, L50|\n|poke|p2|Regidrago, L50|\n|poke|p2|Meowscarada, L50, M|\n|poke|p2|Armarouge, L50, M|\n|poke|p2|Indeedee-F, L50, F|\n|poke|p2|Ursaluna, L50, M|\n|poke|p2|Cresselia, L50, F|\n|teampreview|4\n|inactive|Battle timer is ON: inactive players will automatically lose when time's up. (requested by MangledGalah)\n|\n|t:|1699846860\n|start\n|switch|p1a: Flutter Mane|Flutter Mane, L50|100\/100\n|switch|p1b: Chi-Yu|Chi-Yu, L50|100\/100\n|switch|p2a: Indeedee|Indeedee-F, L50, F, shiny|100\/100\n|switch|p2b: Ursaluna|Ursaluna, L50, M, shiny|100\/100\n|-ability|p1b: Chi-Yu|Beads of Ruin\n|-fieldstart|move: Psychic Terrain|[from] ability: Psychic Surge|[of] p2a: Indeedee\n|turn|1\n|\n|t:|1699846878\n|-terastallize|p2a: Indeedee|Fairy\n|move|p1b: Chi-Yu|Dark Pulse|p2b: Ursaluna\n|-damage|p2b: Ursaluna|50\/100\n|move|p1a: Flutter Mane|Dazzling Gleam|p2b: Ursaluna|[spread] p2a,p2b\n|-damage|p2a: Indeedee|28\/100\n|-damage|p2b: Ursaluna|0 fnt\n|faint|p2b: Ursaluna\n|move|p2a: Indeedee|Trick Room|p2a: Indeedee\n|-fieldstart|move: Trick Room|[of] p2a: Indeedee\n|\n|upkeep\n|\n|t:|1699846886\n|switch|p2b: Regidrago|Regidrago, L50, shiny|100\/100\n|turn|2\n|\n|t:|1699846894\n|move|p2b: Regidrago|Protect|p2b: Regidrago\n|-singleturn|p2b: Regidrago|Protect\n|move|p2a: Indeedee|Dazzling Gleam|p1b: Chi-Yu|[spread] p1a,p1b\n|-damage|p1a: Flutter Mane|70\/100\n|-damage|p1b: Chi-Yu|77\/100\n|move|p1a: Flutter Mane|Dazzling Gleam|p2b: Regidrago|[spread] p2a\n|-activate|p2b: Regidrago|move: Protect\n|-damage|p2a: Indeedee|0 fnt\n|faint|p2a: Indeedee\n|move|p1b: Chi-Yu|Dark Pulse|p2b: Regidrago\n|-activate|p2b: Regidrago|move: Protect\n|\n|upkeep\n|\n|t:|1699846897\n|switch|p2a: Cresselia|Cresselia, L50, F, shiny|100\/100\n|turn|3\n|\n|t:|1699846909\n|move|p2b: Regidrago|Earth Power|p1a: Flutter Mane\n|-damage|p1a: Flutter Mane|28\/100\n|move|p2a: Cresselia|Moonblast|p1a: Flutter Mane\n|-damage|p1a: Flutter Mane|0 fnt\n|faint|p1a: Flutter Mane\n|-end|p1a: Flutter Mane|Protosynthesis|[silent]\n|move|p1b: Chi-Yu|Dark Pulse|p2a: Cresselia\n|-supereffective|p2a: Cresselia\n|-damage|p2a: Cresselia|34\/100\n|\n|upkeep\n|\n|t:|1699846919\n|switch|p1a: Slaking|Slaking, L50, F|100\/100\n|turn|4\n|j| PcistaMasterRace\n|\n|t:|1699846928\n|move|p2a: Cresselia|Helping Hand|p2b: Regidrago\n|-singleturn|p2b: Regidrago|Helping Hand|[of] p2a: Cresselia\n|move|p2b: Regidrago|Dragon Energy|p1a: Slaking|[spread] p1a,p1b\n|-damage|p1a: Slaking|0 fnt\n|-damage|p1b: Chi-Yu|0 fnt\n|faint|p1a: Slaking\n|faint|p1b: Chi-Yu\n|\n|upkeep\n|\n|t:|1699846935\n|switch|p1b: Weezing|Weezing-Galar, L50, M|100\/100\n|-ability|p1b: Weezing|Neutralizing Gas\n|turn|5\n|\n|t:|1699846949\n|-terastallize|p1b: Weezing|Flying\n|move|p2a: Cresselia|Helping Hand|p2b: Regidrago\n|-singleturn|p2b: Regidrago|Helping Hand|[of] p2a: Cresselia\n|move|p2b: Regidrago|Earth Power|p1b: Weezing\n|-immune|p1b: Weezing\n|move|p1b: Weezing|Substitute|p1b: Weezing\n|-start|p1b: Weezing|Substitute\n|-damage|p1b: Weezing|75\/100\n|\n|-heal|p1b: Weezing|81\/100|[from] item: Leftovers\n|-fieldend|move: Trick Room\n|-fieldend|move: Psychic Terrain\n|upkeep\n|turn|6\n|\n|t:|1699846962\n|move|p1b: Weezing|Dazzling Gleam|p2a: Cresselia|[spread] p2a,p2b\n|-supereffective|p2b: Regidrago\n|-damage|p2a: Cresselia|23\/100\n|-damage|p2b: Regidrago|65\/100\n|move|p2b: Regidrago|Dragon Energy|p1b: Weezing\n|-end|p1b: Weezing|Substitute\n|move|p2a: Cresselia|Trick Room|p2a: Cresselia\n|-fieldstart|move: Trick Room|[of] p2a: Cresselia\n|\n|-heal|p2b: Regidrago|72\/100|[from] item: Leftovers\n|-heal|p1b: Weezing|87\/100|[from] item: Leftovers\n|upkeep\n|turn|7\n|\n|t:|1699846977\n|move|p2a: Cresselia|Helping Hand|p2b: Regidrago\n|-singleturn|p2b: Regidrago|Helping Hand|[of] p2a: Cresselia\n|move|p2b: Regidrago|Dragon Energy|p1b: Weezing\n|-damage|p1b: Weezing|0 fnt\n|faint|p1b: Weezing\n|-end|p1b: Weezing|ability: Neutralizing Gas\n|\n|win|MangledGalah\n|raw|TonkyB's rating: 1342 &rarr; <strong>1325<\/strong><br \/>(-17 for losing)\n|raw|MangledGalah's rating: 1392 &rarr; <strong>1409<\/strong><br \/>(+17 for winning)\n|l|\u2606MangledGalah\n|l|\u2606TonkyB\n","uploadtime":1699847154,"views":16,"p1id":"tonkyb","p2id":"mangledgalah","formatid":"gen9vgc2023regulatione","rating":1325,"private":0,"password":""}