{"id":"gen9vgc2023regulatione-1991001738","p1":"taytayla","p2":"fenteniles","format":"[Gen 9] VGC 2023 Regulation E","log":"|j|\u2606taytayla\n|j|\u2606fenteniles\n|t:|1700026024\n|gametype|doubles\n|player|p1|taytayla|lady|1181\n|player|p2|fenteniles|dawn|1250\n|teamsize|p1|6\n|teamsize|p2|6\n|gen|9\n|tier|[Gen 9] VGC 2023 Regulation E\n|rated|\n|rule|Species Clause: Limit one of each Pok\u00e9mon\n|rule|Item Clause: Limit one of each item\n|clearpoke\n|poke|p1|Ambipom, L50, M|\n|poke|p1|Ninetales, L50, F|\n|poke|p1|Ogerpon-Hearthflame, L50, F|\n|poke|p1|Landorus-Therian, L50, M|\n|poke|p1|Mandibuzz, L50, F|\n|poke|p1|Muk, L50, F|\n|poke|p2|Landorus-Therian, L50, M|\n|poke|p2|Iron Hands, L50|\n|poke|p2|Flutter Mane, L50|\n|poke|p2|Dragonite, L50, F|\n|poke|p2|Cresselia, L50, F|\n|poke|p2|Tyranitar, L50, M|\n|teampreview|4\n|\n|t:|1700026062\n|start\n|switch|p1a: Landorus|Landorus-Therian, L50, M|100\/100\n|switch|p1b: Ambipom|Ambipom, L50, M|100\/100\n|switch|p2a: Iron Hands|Iron Hands, L50|100\/100\n|switch|p2b: Dragonite|Dragonite, L50, F|100\/100\n|-ability|p1a: Landorus|Intimidate|boost\n|-unboost|p2a: Iron Hands|atk|1\n|-unboost|p2b: Dragonite|atk|1\n|turn|1\n|\n|t:|1700026077\n|switch|p2b: Landorus|Landorus-Therian, L50, M|100\/100\n|-ability|p2b: Landorus|Intimidate|boost\n|-unboost|p1a: Landorus|atk|1\n|-unboost|p1b: Ambipom|atk|1\n|move|p1b: Ambipom|Fake Out|p2b: Landorus\n|-enditem|p1b: Ambipom|Normal Gem|[from] gem\n|-damage|p2b: Landorus|84\/100\n|move|p2a: Iron Hands|Fake Out|p1a: Landorus\n|-damage|p1a: Landorus|87\/100\n|cant|p1a: Landorus|flinch\n|\n|upkeep\n|turn|2\n|\n|t:|1700026104\n|switch|p1b: Mandibuzz|Mandibuzz, L50, F|100\/100\n|move|p1a: Landorus|Stomping Tantrum|p2a: Iron Hands\n|-supereffective|p2a: Iron Hands\n|-damage|p2a: Iron Hands|18\/100\n|move|p2b: Landorus|Rock Slide|p1a: Landorus|[spread] p1a,p1b\n|-supereffective|p1b: Mandibuzz\n|-damage|p1a: Landorus|58\/100\n|-damage|p1b: Mandibuzz|73\/100\n|move|p2a: Iron Hands|Drain Punch|p1b: Mandibuzz\n|-damage|p1b: Mandibuzz|56\/100\n|-heal|p2a: Iron Hands|25\/100|[from] drain|[of] p1b: Mandibuzz\n|\n|upkeep\n|turn|3\n|\n|t:|1700026125\n|switch|p1a: Ambipom|Ambipom, L50, M|100\/100\n|-end|p2a: Iron Hands|Quark Drive|[silent]\n|switch|p2a: Dragonite|Dragonite, L50, F|100\/100\n|move|p2b: Landorus|Rock Slide|p1a: Ambipom|[spread] p1a,p1b\n|-supereffective|p1b: Mandibuzz\n|-damage|p1a: Ambipom|61\/100\n|-damage|p1b: Mandibuzz|31\/100\n|move|p1b: Mandibuzz|Foul Play|p2b: Landorus\n|-damage|p2b: Landorus|13\/100\n|\n|upkeep\n|turn|4\n|\n|t:|1700026143\n|move|p1a: Ambipom|Fake Out|p2a: Dragonite\n|-damage|p2a: Dragonite|91\/100\n|move|p2b: Landorus|Rock Slide|p1b: Mandibuzz|[spread] p1a,p1b\n|-supereffective|p1b: Mandibuzz\n|-damage|p1a: Ambipom|25\/100\n|-damage|p1b: Mandibuzz|6\/100\n|cant|p2a: Dragonite|flinch\n|move|p1b: Mandibuzz|Tailwind|p1b: Mandibuzz\n|-sidestart|p1: taytayla|move: Tailwind\n|\n|upkeep\n|turn|5\n|\n|t:|1700026161\n|switch|p2b: Iron Hands|Iron Hands, L50|25\/100\n|move|p2a: Dragonite|Extreme Speed|p1b: Mandibuzz\n|-damage|p1b: Mandibuzz|0 fnt\n|faint|p1b: Mandibuzz\n|move|p1a: Ambipom|Last Resort|p2b: Iron Hands\n|-damage|p2b: Iron Hands|0 fnt\n|faint|p2b: Iron Hands\n|-end|p2b: Iron Hands|Quark Drive|[silent]\n|\n|upkeep\n|\n|t:|1700026172\n|switch|p1b: Landorus|Landorus-Therian, L50, M|58\/100\n|switch|p2b: Landorus|Landorus-Therian, L50, M|13\/100\n|-ability|p1b: Landorus|Intimidate|boost\n|-unboost|p2a: Dragonite|atk|1\n|-unboost|p2b: Landorus|atk|1\n|-ability|p2b: Landorus|Intimidate|boost\n|-unboost|p1a: Ambipom|atk|1\n|-unboost|p1b: Landorus|atk|1\n|turn|6\n|\n|t:|1700026188\n|switch|p1a: Muk|Muk, L50, F|100\/100\n|-terastallize|p2a: Dragonite|Normal\n|move|p2a: Dragonite|Extreme Speed|p1b: Landorus\n|-damage|p1b: Landorus|5\/100\n|move|p1b: Landorus|Rock Slide|p2a: Dragonite|[spread] p2a,p2b\n|-damage|p2a: Dragonite|77\/100\n|-damage|p2b: Landorus|0 fnt\n|faint|p2b: Landorus\n|\n|upkeep\n|\n|t:|1700026198\n|switch|p2b: Flutter Mane|Flutter Mane, L50|100\/100\n|-enditem|p2b: Flutter Mane|Booster Energy\n|-activate|p2b: Flutter Mane|ability: Protosynthesis|[fromitem]\n|-start|p2b: Flutter Mane|protosynthesisspa\n|turn|7\n|\n|t:|1700026220\n|move|p2b: Flutter Mane|Protect|p2b: Flutter Mane\n|-singleturn|p2b: Flutter Mane|Protect\n|move|p2a: Dragonite|Extreme Speed|p1b: Landorus\n|-damage|p1b: Landorus|0 fnt\n|faint|p1b: Landorus\n|move|p1a: Muk|Poison Jab|p2b: Flutter Mane\n|-activate|p2b: Flutter Mane|move: Protect\n|\n|-sideend|p1: taytayla|move: Tailwind\n|upkeep\n|\n|t:|1700026222\n|switch|p1b: Ambipom|Ambipom, L50, M|25\/100\n|turn|8\n|\n|t:|1700026245\n|-terastallize|p1b: Ambipom|Normal\n|move|p1b: Ambipom|Fake Out|p2a: Dragonite\n|-damage|p2a: Dragonite|52\/100\n|cant|p2a: Dragonite|flinch\n|move|p2b: Flutter Mane|Dazzling Gleam|p1b: Ambipom|[spread] p1a,p1b\n|-resisted|p1a: Muk\n|-damage|p1a: Muk|80\/100\n|-damage|p1b: Ambipom|0 fnt\n|faint|p1b: Ambipom\n|move|p1a: Muk|Poison Jab|p2a: Dragonite\n|-damage|p2a: Dragonite|15\/100\n|-status|p2a: Dragonite|psn|[from] ability: Poison Touch|[of] p1a: Muk\n|\n|-damage|p2a: Dragonite|3\/100 psn|[from] psn\n|upkeep\n|turn|9\n|c|\u2606fenteniles|nice\n|\n|t:|1700026264\n|move|p1a: Muk|Protect|p1a: Muk\n|-singleturn|p1a: Muk|Protect\n|move|p2a: Dragonite|Extreme Speed|p1a: Muk\n|-activate|p1a: Muk|move: Protect\n|move|p2b: Flutter Mane|Power Gem|p1a: Muk\n|-activate|p1a: Muk|move: Protect\n|\n|-damage|p2a: Dragonite|0 fnt|[from] psn\n|faint|p2a: Dragonite\n|upkeep\n|turn|10\n|\n|t:|1700026307\n|move|p2b: Flutter Mane|Shadow Ball|p1a: Muk\n|-damage|p1a: Muk|31\/100\n|move|p1a: Muk|Poison Jab|p2b: Flutter Mane\n|-damage|p2b: Flutter Mane|10\/100\n|-status|p2b: Flutter Mane|psn\n|\n|-damage|p2b: Flutter Mane|0 fnt|[from] psn\n|faint|p2b: Flutter Mane\n|-end|p2b: Flutter Mane|Protosynthesis|[silent]\n|\n|win|taytayla\n|upkeep\n|raw|taytayla's rating: 1181 &rarr; <strong>1211<\/strong><br \/>(+30 for winning)\n|raw|fenteniles's rating: 1250 &rarr; <strong>1220<\/strong><br \/>(-30 for losing)\n|l|\u2606fenteniles\n|c|\u2606taytayla|gg\n","uploadtime":1700026319,"views":9,"p1id":"taytayla","p2id":"fenteniles","formatid":"gen9vgc2023regulatione","rating":1211,"private":0,"password":""}