{"id":"gen9vgc2023regulatione-1996715331","p1":"RIKASLOVER","p2":"xmex180","format":"[Gen 9] VGC 2023 Regulation E","log":"|j|\u2606RIKASLOVER\n|j|\u2606xmex180\n|t:|1700713544\n|gametype|doubles\n|player|p1|RIKASLOVER|cynthia-masters|1135\n|player|p2|xmex180|2|1069\n|teamsize|p1|6\n|teamsize|p2|6\n|gen|9\n|tier|[Gen 9] VGC 2023 Regulation E\n|rated|\n|rule|Species Clause: Limit one of each Pok\u00e9mon\n|rule|Item Clause: Limit one of each item\n|clearpoke\n|poke|p1|Tornadus, L50, M|\n|poke|p1|Arcanine-Hisui, L50, F|\n|poke|p1|Iron Hands, L50|\n|poke|p1|Amoonguss, L50, F|\n|poke|p1|Urshifu-*, L50, F|\n|poke|p1|Ogerpon-Wellspring, L50, F|\n|poke|p2|Tyranitar, L50, F|\n|poke|p2|Lycanroc, L50, M|\n|poke|p2|Corviknight, L50, F|\n|poke|p2|Arcanine-Hisui, L50, F|\n|poke|p2|Kommo-o, L50, M|\n|poke|p2|Ogerpon-Cornerstone, L50, F|\n|teampreview|4\n|inactive|Battle timer is ON: inactive players will automatically lose when time's up. (requested by RIKASLOVER)\n|\n|t:|1700713582\n|start\n|switch|p1a: Tornadus|Tornadus, L50, M|100\/100\n|switch|p1b: Urshifu|Urshifu, L50, F|100\/100\n|switch|p2a: Ogerpon|Ogerpon-Cornerstone, L50, F|100\/100\n|switch|p2b: Corviknight|Corviknight, L50, F|100\/100\n|turn|1\n|\n|t:|1700713599\n|move|p1a: Tornadus|Tailwind|p1a: Tornadus\n|-sidestart|p1: RIKASLOVER|move: Tailwind\n|move|p1b: Urshifu|Wicked Blow|p2b: Corviknight\n|-crit|p2b: Corviknight\n|-damage|p2b: Corviknight|56\/100\n|move|p2a: Ogerpon|Ivy Cudgel|p1a: Tornadus|[anim] Ivy Cudgel Rock\n|-supereffective|p1a: Tornadus\n|-damage|p1a: Tornadus|0 fnt\n|faint|p1a: Tornadus\n|move|p2b: Corviknight|Bulk Up|p2b: Corviknight\n|-boost|p2b: Corviknight|atk|1\n|-boost|p2b: Corviknight|def|1\n|\n|upkeep\n|\n|t:|1700713609\n|switch|p1a: Iron Hands|Iron Hands, L50|100\/100\n|turn|2\n|\n|t:|1700713625\n|move|p1a: Iron Hands|Fake Out|p2a: Ogerpon\n|-resisted|p2a: Ogerpon\n|-damage|p2a: Ogerpon|90\/100\n|cant|p2a: Ogerpon|flinch\n|move|p1b: Urshifu|Close Combat|p2a: Ogerpon\n|-supereffective|p2a: Ogerpon\n|-damage|p2a: Ogerpon|0 fnt\n|-unboost|p1b: Urshifu|def|1\n|-unboost|p1b: Urshifu|spd|1\n|faint|p2a: Ogerpon\n|move|p2b: Corviknight|Drill Peck|p1b: Urshifu\n|-supereffective|p1b: Urshifu\n|-enditem|p1b: Urshifu|Focus Sash\n|-damage|p1b: Urshifu|1\/100\n|\n|upkeep\n|\n|t:|1700713638\n|switch|p2a: Tyranitar|Tyranitar, L50, F|100\/100\n|-weather|Sandstorm|[from] ability: Sand Stream|[of] p2a: Tyranitar\n|turn|3\n|\n|t:|1700713657\n|move|p2a: Tyranitar|Protect|p2a: Tyranitar\n|-singleturn|p2a: Tyranitar|Protect\n|move|p1b: Urshifu|Wicked Blow|p2b: Corviknight\n|-crit|p2b: Corviknight\n|-damage|p2b: Corviknight|10\/100\n|-enditem|p2b: Corviknight|Sitrus Berry|[eat]\n|-heal|p2b: Corviknight|35\/100|[from] item: Sitrus Berry\n|move|p1a: Iron Hands|Wild Charge|p2b: Corviknight\n|-supereffective|p2b: Corviknight\n|-damage|p2b: Corviknight|0 fnt\n|faint|p2b: Corviknight\n|-damage|p1a: Iron Hands|93\/100|[from] Recoil\n|\n|-weather|Sandstorm|[upkeep]\n|-damage|p1b: Urshifu|0 fnt|[from] Sandstorm\n|-damage|p1a: Iron Hands|87\/100|[from] Sandstorm\n|faint|p1b: Urshifu\n|upkeep\n|\n|t:|1700713670\n|switch|p1b: Arcanine|Arcanine-Hisui, L50, F|100\/100\n|switch|p2b: Lycanroc|Lycanroc, L50, M|100\/100\n|-ability|p1b: Arcanine|Intimidate|boost\n|-unboost|p2a: Tyranitar|atk|1\n|-unboost|p2b: Lycanroc|atk|1\n|turn|4\n|\n|t:|1700713688\n|-terastallize|p1b: Arcanine|Fairy\n|move|p2b: Lycanroc|Rock Slide|p1a: Iron Hands|[spread] p1a\n|-miss|p2b: Lycanroc|p1b: Arcanine\n|-resisted|p1a: Iron Hands\n|-damage|p1a: Iron Hands|81\/100\n|move|p1b: Arcanine|Rock Slide|p2a: Tyranitar|[spread] p2b\n|-miss|p1b: Arcanine|p2a: Tyranitar\n|-damage|p2b: Lycanroc|30\/100\n|move|p1a: Iron Hands|Drain Punch|p2a: Tyranitar\n|-supereffective|p2a: Tyranitar\n|-damage|p2a: Tyranitar|0 fnt\n|-heal|p1a: Iron Hands|100\/100|[from] drain|[of] p2a: Tyranitar\n|faint|p2a: Tyranitar\n|\n|-weather|Sandstorm|[upkeep]\n|-damage|p1b: Arcanine|94\/100|[from] Sandstorm\n|-damage|p1a: Iron Hands|95\/100|[from] Sandstorm\n|-sideend|p1: RIKASLOVER|move: Tailwind\n|upkeep\n|turn|5\n|-message|xmex180 forfeited.\n|\n|win|RIKASLOVER\n|raw|RIKASLOVER's rating: 1135 &rarr; <strong>1155<\/strong><br \/>(+20 for winning)\n|raw|xmex180's rating: 1069 &rarr; <strong>1052<\/strong><br \/>(-17 for losing)\n|l|\u2606xmex180\n","uploadtime":1700713705,"views":12,"p1id":"rikaslover","p2id":"xmex180","formatid":"gen9vgc2023regulatione","rating":1052,"private":0,"password":""}