{"id":"gen9vgc2023regulatione-1992333958","p1":"Squirtle Soldier","p2":"JabsGR","format":"[Gen 9] VGC 2023 Regulation E","log":"|j|\u2606Squirtle Soldier\n|j|\u2606JabsGR\n|t:|1700175771\n|gametype|doubles\n|player|p1|Squirtle Soldier|1|1312\n|player|p2|JabsGR|veteran-gen4|1321\n|teamsize|p1|4\n|teamsize|p2|6\n|gen|9\n|tier|[Gen 9] VGC 2023 Regulation E\n|rated|\n|rule|Species Clause: Limit one of each Pok\u00e9mon\n|rule|Item Clause: Limit one of each item\n|clearpoke\n|poke|p1|Iron Hands, L50|\n|poke|p1|Sinistcha, L50|\n|poke|p1|Arcanine-Hisui, L50, M|\n|poke|p1|Lumineon, L50, F|\n|poke|p2|Slither Wing, L50|\n|poke|p2|Volbeat, L50, M|\n|poke|p2|Volcarona, L50, F|\n|poke|p2|Scizor, L50, F|\n|poke|p2|Kleavor, L50, M|\n|poke|p2|Vivillon, L50, M|\n|teampreview|4\n|inactive|Battle timer is ON: inactive players will automatically lose when time's up. (requested by JabsGR)\n|\n|t:|1700175796\n|start\n|switch|p1a: Lumineon|Lumineon, L50, F|100\/100\n|switch|p1b: Iron Hands|Iron Hands, L50|100\/100\n|switch|p2a: Volbeat|Volbeat, L50, M|100\/100\n|switch|p2b: Kleavor|Kleavor, L50, M|100\/100\n|turn|1\n|\n|t:|1700175816\n|move|p2b: Kleavor|Protect|p2b: Kleavor\n|-singleturn|p2b: Kleavor|Protect\n|move|p2a: Volbeat|Tailwind|p2a: Volbeat\n|-sidestart|p2: JabsGR|move: Tailwind\n|move|p1a: Lumineon|Encore|p2a: Volbeat\n|-start|p2a: Volbeat|Encore\n|move|p1b: Iron Hands|Heavy Slam|p2b: Kleavor\n|-activate|p2b: Kleavor|move: Protect\n|\n|upkeep\n|turn|2\n|\n|t:|1700175840\n|switch|p2a: Volcarona|Volcarona, L50, F|100\/100\n|move|p2b: Kleavor|Stone Axe|p1a: Lumineon\n|-damage|p1a: Lumineon|23\/100\n|-sidestart|p1: Squirtle Soldier|move: Stealth Rock\n|move|p1a: Lumineon|Tailwind|p1a: Lumineon\n|-sidestart|p1: Squirtle Soldier|move: Tailwind\n|move|p1b: Iron Hands|Heavy Slam|p2b: Kleavor\n|-supereffective|p2b: Kleavor\n|-damage|p2b: Kleavor|3\/100\n|\n|upkeep\n|turn|3\n|\n|t:|1700175864\n|switch|p2a: Volbeat|Volbeat, L50, M|100\/100\n|move|p1a: Lumineon|Flip Turn|p2b: Kleavor\n|-supereffective|p2b: Kleavor\n|-damage|p2b: Kleavor|0 fnt\n|faint|p2b: Kleavor\n|\n|t:|1700175881\n|switch|p1a: Arcanine|Arcanine-Hisui, L50, M|100\/100|[from] Flip Turn\n|-damage|p1a: Arcanine|76\/100|[from] Stealth Rock\n|-ability|p1a: Arcanine|Intimidate|boost\n|-unboost|p2a: Volbeat|atk|1\n|move|p1b: Iron Hands|Wild Charge|p2a: Volbeat\n|-damage|p2a: Volbeat|39\/100\n|-damage|p1b: Iron Hands|89\/100|[from] Recoil\n|\n|upkeep\n|\n|t:|1700175895\n|switch|p2b: Scizor|Scizor, L50, F|100\/100\n|turn|4\n|\n|t:|1700175911\n|-terastallize|p2b: Scizor|Water\n|move|p2a: Volbeat|Seismic Toss|p1a: Arcanine\n|-damage|p1a: Arcanine|48\/100\n|move|p1a: Arcanine|Flare Blitz|p2b: Scizor\n|-resisted|p2b: Scizor\n|-damage|p2b: Scizor|67\/100\n|-damage|p1a: Arcanine|37\/100|[from] Recoil\n|move|p2b: Scizor|Dual Wingbeat|p1a: Arcanine\n|-resisted|p1a: Arcanine\n|-damage|p1a: Arcanine|24\/100\n|-resisted|p1a: Arcanine\n|-damage|p1a: Arcanine|11\/100\n|-hitcount|p1a: Arcanine|2\n|move|p1b: Iron Hands|Heavy Slam|p2a: Volbeat\n|-damage|p2a: Volbeat|0 fnt\n|faint|p2a: Volbeat\n|\n|-sideend|p2: JabsGR|move: Tailwind\n|upkeep\n|\n|t:|1700175928\n|switch|p2a: Volcarona|Volcarona, L50, F|100\/100\n|turn|5\n|\n|t:|1700175943\n|move|p1a: Arcanine|Protect|p1a: Arcanine\n|-singleturn|p1a: Arcanine|Protect\n|move|p2b: Scizor|Bullet Punch|p1a: Arcanine\n|-activate|p1a: Arcanine|move: Protect\n|move|p1b: Iron Hands|Wild Charge|p2b: Scizor\n|-supereffective|p2b: Scizor\n|-damage|p2b: Scizor|0 fnt\n|faint|p2b: Scizor\n|-damage|p1b: Iron Hands|76\/100|[from] Recoil\n|move|p2a: Volcarona|Quiver Dance|p2a: Volcarona\n|-boost|p2a: Volcarona|spa|1\n|-boost|p2a: Volcarona|spd|1\n|-boost|p2a: Volcarona|spe|1\n|\n|-sideend|p1: Squirtle Soldier|move: Tailwind\n|upkeep\n|turn|6\n|inactive|Squirtle Soldier has 30 seconds left.\n|\n|t:|1700175969\n|move|p2a: Volcarona|Giga Drain|p1a: Arcanine\n|-damage|p1a: Arcanine|0 fnt\n|faint|p1a: Arcanine\n|move|p1b: Iron Hands|Wild Charge|p2a: Volcarona\n|-damage|p2a: Volcarona|39\/100\n|-damage|p1b: Iron Hands|60\/100|[from] item: Rocky Helmet|[of] p2a: Volcarona\n|-damage|p1b: Iron Hands|49\/100|[from] Recoil\n|\n|upkeep\n|\n|t:|1700175975\n|switch|p1a: Sinistcha|Sinistcha, L50|100\/100\n|-damage|p1a: Sinistcha|88\/100|[from] Stealth Rock\n|-heal|p1b: Iron Hands|74\/100|[from] ability: Hospitality|[of] p1a: Sinistcha\n|turn|7\n|\n|t:|1700175986\n|move|p2a: Volcarona|Giga Drain|p1b: Iron Hands\n|-damage|p1b: Iron Hands|49\/100\n|-heal|p2a: Volcarona|56\/100|[from] drain|[of] p1b: Iron Hands\n|move|p1a: Sinistcha|Hex|p2a: Volcarona\n|-damage|p2a: Volcarona|38\/100\n|move|p1b: Iron Hands|Wild Charge|p2a: Volcarona\n|-damage|p2a: Volcarona|0 fnt\n|-damage|p1b: Iron Hands|33\/100|[from] item: Rocky Helmet|[of] p2a: Volcarona\n|faint|p2a: Volcarona\n|-damage|p1b: Iron Hands|26\/100|[from] Recoil\n|\n|win|Squirtle Soldier\n|raw|Squirtle Soldier's rating: 1312 &rarr; <strong>1333<\/strong><br \/>(+21 for winning)\n|raw|JabsGR's rating: 1321 &rarr; <strong>1300<\/strong><br \/>(-21 for losing)\n","uploadtime":1700175996,"views":21,"p1id":"squirtlesoldier","p2id":"jabsgr","formatid":"gen9vgc2023regulatione","rating":1300,"private":0,"password":""}