{"id":"gen9vgc2023regulatione-1993626176","p1":"realrightchris","p2":"MagicUser618","format":"[Gen 9] VGC 2023 Regulation E","log":"|j|\u2606realrightchris\n|j|\u2606MagicUser618\n|t:|1700338935\n|gametype|doubles\n|player|p1|realrightchris|norman|1140\n|player|p2|MagicUser618|volo|1088\n|teamsize|p1|6\n|teamsize|p2|6\n|gen|9\n|tier|[Gen 9] VGC 2023 Regulation E\n|rated|\n|rule|Species Clause: Limit one of each Pok\u00e9mon\n|rule|Item Clause: Limit one of each item\n|clearpoke\n|poke|p1|Landorus-Therian, L50, M|\n|poke|p1|Thundurus, L50, M|\n|poke|p1|Cresselia, L50, F|\n|poke|p1|Heatran, L50, F|\n|poke|p1|Flutter Mane, L50|\n|poke|p1|Ogerpon-Wellspring, L50, F|\n|poke|p2|Chien-Pao, L50|\n|poke|p2|Rillaboom, L50, M|\n|poke|p2|Arcanine-Hisui, L50, F|\n|poke|p2|Urshifu-*, L50, M|\n|poke|p2|Tornadus, L50, M|\n|poke|p2|Flutter Mane, L50|\n|teampreview|4\n|inactive|Battle timer is ON: inactive players will automatically lose when time's up. (requested by MagicUser618)\nMagicUser618 has agreed to open team sheets.\n|inactive|realrightchris has 60 seconds left.\n|\n|t:|1700338973\n|start\n|switch|p1a: Flutter Mane|Flutter Mane, L50|100\/100\n|switch|p1b: Landorus|Landorus-Therian, L50, M, shiny|100\/100\n|switch|p2a: Urshifu|Urshifu-Rapid-Strike, L50, M|100\/100\n|switch|p2b: Tornadus|Tornadus, L50, M|100\/100\n|-ability|p1b: Landorus|Intimidate|boost\n|-unboost|p2a: Urshifu|atk|1\n|-unboost|p2b: Tornadus|atk|1\n|turn|1\n|inactive|realrightchris has 30 seconds left.\n|\n|t:|1700339007\n|-end|p1a: Flutter Mane|Protosynthesis|[silent]\n|switch|p1a: Cresselia|Cresselia, L50, F|100\/100\n|-terastallize|p1b: Landorus|Flying\n|move|p2b: Tornadus|Tailwind|p2b: Tornadus\n|-sidestart|p2: MagicUser618|move: Tailwind\n|move|p2a: Urshifu|Surging Strikes|p1b: Landorus\n|-crit|p1b: Landorus\n|-damage|p1b: Landorus|71\/100\n|-crit|p1b: Landorus\n|-damage|p1b: Landorus|43\/100\n|-crit|p1b: Landorus\n|-damage|p1b: Landorus|13\/100\n|-hitcount|p1b: Landorus|3\n|move|p1b: Landorus|Tera Blast|p2a: Urshifu|[anim] Tera Blast Flying\n|-supereffective|p2a: Urshifu\n|-damage|p2a: Urshifu|0 fnt\n|faint|p2a: Urshifu\n|\n|upkeep\n|\n|t:|1700339021\n|switch|p2a: Arcanine|Arcanine-Hisui, L50, F|100\/100\n|-ability|p2a: Arcanine|Intimidate|boost\n|-unboost|p1a: Cresselia|atk|1\n|-unboost|p1b: Landorus|atk|1\n|turn|2\n|\n|t:|1700339040\n|move|p2b: Tornadus|Taunt|p1a: Cresselia\n|-start|p1a: Cresselia|move: Taunt\n|-enditem|p1a: Cresselia|Mental Herb\n|-end|p1a: Cresselia|move: Taunt\n|move|p2a: Arcanine|Rock Slide|p1a: Cresselia|[spread] p1b\n|-miss|p2a: Arcanine|p1a: Cresselia\n|-supereffective|p1b: Landorus\n|-damage|p1b: Landorus|0 fnt\n|faint|p1b: Landorus\n|move|p1a: Cresselia|Trick Room|p1a: Cresselia\n|-fieldstart|move: Trick Room|[of] p1a: Cresselia\n|\n|upkeep\n|\n|t:|1700339052\n|switch|p1b: Heatran|Heatran, L50, F|100\/100\n|turn|3\n|\n|t:|1700339068\n|switch|p2a: Chien-Pao|Chien-Pao, L50|100\/100\n|-ability|p2a: Chien-Pao|Sword of Ruin\n|move|p2b: Tornadus|Taunt|p1a: Cresselia\n|-start|p1a: Cresselia|move: Taunt\n|move|p1a: Cresselia|Ice Beam|p2b: Tornadus\n|-supereffective|p2b: Tornadus\n|-damage|p2b: Tornadus|74\/100\n|move|p1b: Heatran|Earth Power|p2a: Chien-Pao\n|-damage|p2a: Chien-Pao|27\/100\n|-unboost|p2a: Chien-Pao|spd|1\n|-damage|p1b: Heatran|91\/100|[from] item: Life Orb\n|\n|upkeep\n|turn|4\n|\n|t:|1700339088\n|switch|p2b: Arcanine|Arcanine-Hisui, L50, F|100\/100\n|-ability|p2b: Arcanine|Intimidate|boost\n|-unboost|p1a: Cresselia|atk|1\n|-unboost|p1b: Heatran|atk|1\n|move|p2a: Chien-Pao|Sucker Punch|p1a: Cresselia\n|-supereffective|p1a: Cresselia\n|-damage|p1a: Cresselia|34\/100\n|move|p1a: Cresselia|Ice Beam|p2b: Arcanine\n|-resisted|p2b: Arcanine\n|-damage|p2b: Arcanine|90\/100\n|move|p1b: Heatran|Earth Power|p2a: Chien-Pao\n|-damage|p2a: Chien-Pao|0 fnt\n|faint|p2a: Chien-Pao\n|-damage|p1b: Heatran|81\/100|[from] item: Life Orb\n|\n|-sideend|p2: MagicUser618|move: Tailwind\n|upkeep\n|\n|t:|1700339101\n|switch|p2a: Tornadus|Tornadus, L50, M|74\/100\n|turn|5\n|\n|t:|1700339114\n|move|p1a: Cresselia|Ice Beam|p2a: Tornadus\n|-supereffective|p2a: Tornadus\n|-damage|p2a: Tornadus|49\/100\n|move|p1b: Heatran|Earth Power|p2b: Arcanine\n|-supereffective|p2b: Arcanine\n|-damage|p2b: Arcanine|0 fnt\n|faint|p2b: Arcanine\n|-damage|p1b: Heatran|72\/100|[from] item: Life Orb\n|move|p2a: Tornadus|Bleakwind Storm|p1a: Cresselia|[spread] p1a,p1b\n|-resisted|p1b: Heatran\n|-damage|p1a: Cresselia|17\/100\n|-damage|p1b: Heatran|59\/100\n|-unboost|p1b: Heatran|spe|1\n|\n|-end|p1a: Cresselia|move: Taunt\n|upkeep\n|turn|6\n|\n|t:|1700339134\n|move|p1b: Heatran|Flash Cannon|p2a: Tornadus\n|-damage|p2a: Tornadus|0 fnt\n|faint|p2a: Tornadus\n|-damage|p1b: Heatran|49\/100|[from] item: Life Orb\n|\n|win|realrightchris\n|raw|realrightchris's rating: 1140 &rarr; <strong>1161<\/strong><br \/>(+21 for winning)\n|raw|MagicUser618's rating: 1088 &rarr; <strong>1068<\/strong><br \/>(-20 for losing)\n|l|\u2606MagicUser618\n","uploadtime":1700339152,"views":7,"p1id":"realrightchris","p2id":"magicuser618","formatid":"gen9vgc2023regulatione","rating":1068,"private":0,"password":""}