{"id":"gen9vgc2023regulatione-1990067071","p1":"ScaryQwQ","p2":"suffyrin","format":"[Gen 9] VGC 2023 Regulation E","log":"|j|\u2606ScaryQwQ\n|j|\u2606suffyrin\n|t:|1699920985\n|gametype|doubles\n|player|p1|ScaryQwQ|veteran|\n|player|p2|suffyrin|1|\n|teamsize|p1|6\n|teamsize|p2|6\n|gen|9\n|tier|[Gen 9] VGC 2023 Regulation E\n|rated|Tournament battle\n|rule|Species Clause: Limit one of each Pok\u00e9mon\n|rule|Item Clause: Limit one of each item\n|clearpoke\n|poke|p1|Roaring Moon, L50|\n|poke|p1|Ogerpon-Hearthflame, L50, F|\n|poke|p1|Rillaboom, L50, F|\n|poke|p1|Urshifu-*, L50, M|\n|poke|p1|Arcanine-Hisui, L50, M|\n|poke|p1|Gholdengo, L50|\n|poke|p2|Dragonite, L50, F|\n|poke|p2|Chien-Pao, L50|\n|poke|p2|Urshifu-*, L50, F|\n|poke|p2|Heatran, L50, M|\n|poke|p2|Farigiraf, L50, M|\n|poke|p2|Rillaboom, L50, M|\n|teampreview|4\n|showteam|p1|Roaring Moon||BoosterEnergy|Protosynthesis|KnockOff,BreakingSwipe,Tailwind,Protect||||||50|,,,,,Poison]Ogerpon-Hearthflame||HearthflameMask|MoldBreaker|IvyCudgel,GrassyGlide,SwordsDance,SpikyShield|||F|||50|,,,,,Fire]Rillaboom||AssaultVest|GrassySurge|WoodHammer,GrassyGlide,Uturn,FakeOut|||F|||50|,,,,,Grass]Urshifu-Rapid-Strike||MysticWater|UnseenFist|SurgingStrikes,CloseCombat,Substitute,Protect|||M|||50|,,,,,Water]Arcanine-Hisui||ChoiceBand|Intimidate|FlareBlitz,RockSlide,ExtremeSpeed,TeraBlast|||M|||50|,,,,,Fairy]Gholdengo||LifeOrb|GoodasGold|MakeItRain,ShadowBall,NastyPlot,Protect||||||50|,,,,,Steel\n|showteam|p2|Dragonite||ChoiceBand|InnerFocus|Outrage,ExtremeSpeed,AerialAce,StompingTantrum|||F|||50|,,,,,Normal]Chien-Pao||FocusSash|SwordofRuin|SuckerPunch,SacredSword,IcicleCrash,Protect||||||50|,,,,,Ghost]Urshifu-Rapid-Strike||ChoiceScarf|UnseenFist|SurgingStrikes,Uturn,AquaJet,CloseCombat|||F|||50|,,,,,Poison]Heatran||AssaultVest|FlashFire|HeatWave,TeraBlast,FlashCannon,EarthPower|||M|||50|,,,,,Fairy]Farigiraf||RockyHelmet|ArmorTail|DazzlingGleam,HelpingHand,Psychic,TrickRoom|||M|||50|,,,,,Fairy]Rillaboom||MiracleSeed|GrassySurge|WoodHammer,GrassyGlide,FakeOut,Protect|||M|||50|,,,,,Grass\n|j| Oshawott\n|j| GlitchUnbound\n|l| GlitchUnbound\n|\n|t:|1699921036\n|start\n|switch|p1a: Roaring Moon|Roaring Moon, L50|100\/100\n|switch|p1b: Gholdengo|Gholdengo, L50|100\/100\n|switch|p2a: Heatran|Heatran, L50, M|100\/100\n|switch|p2b: Rillaboom|Rillaboom, L50, M|100\/100\n|-fieldstart|move: Grassy Terrain|[from] ability: Grassy Surge|[of] p2b: Rillaboom\n|-enditem|p1a: Roaring Moon|Booster Energy\n|-activate|p1a: Roaring Moon|ability: Protosynthesis|[fromitem]\n|-start|p1a: Roaring Moon|protosynthesisspe\n|turn|1\n|\n|t:|1699921093\n|-end|p1a: Roaring Moon|Protosynthesis|[silent]\n|switch|p1a: Rillaboom|Rillaboom, L50, F|100\/100\n|switch|p1b: Urshifu|Urshifu-Rapid-Strike, L50, M|100\/100\n|move|p2b: Rillaboom|Fake Out|p1a: Rillaboom\n|-damage|p1a: Rillaboom|85\/100\n|move|p2a: Heatran|Heat Wave|p1a: Rillaboom|[spread] p1a,p1b\n|-supereffective|p1a: Rillaboom\n|-resisted|p1b: Urshifu\n|-damage|p1a: Rillaboom|23\/100\n|-damage|p1b: Urshifu|72\/100\n|-status|p1a: Rillaboom|brn\n|\n|-heal|p1b: Urshifu|78\/100|[from] Grassy Terrain\n|-heal|p1a: Rillaboom|29\/100 brn|[from] Grassy Terrain\n|-damage|p1a: Rillaboom|23\/100 brn|[from] brn\n|upkeep\n|turn|2\n|\n|t:|1699921125\n|switch|p2a: Dragonite|Dragonite, L50, F|100\/100\n|-terastallize|p1b: Urshifu|Water\n|move|p1a: Rillaboom|Fake Out|p2b: Rillaboom\n|-damage|p2b: Rillaboom|94\/100\n|move|p1b: Urshifu|Surging Strikes|p2a: Dragonite\n|-resisted|p2a: Dragonite\n|-crit|p2a: Dragonite\n|-damage|p2a: Dragonite|86\/100\n|-resisted|p2a: Dragonite\n|-crit|p2a: Dragonite\n|-damage|p2a: Dragonite|69\/100\n|-resisted|p2a: Dragonite\n|-crit|p2a: Dragonite\n|-damage|p2a: Dragonite|55\/100\n|-hitcount|p2a: Dragonite|3\n|cant|p2b: Rillaboom|flinch\n|\n|-heal|p1b: Urshifu|84\/100|[from] Grassy Terrain\n|-heal|p2b: Rillaboom|99\/100|[from] Grassy Terrain\n|-heal|p1a: Rillaboom|29\/100 brn|[from] Grassy Terrain\n|-damage|p1a: Rillaboom|23\/100 brn|[from] brn\n|upkeep\n|turn|3\n|j| KingFoofle\n|\n|t:|1699921147\n|move|p1b: Urshifu|Protect|p1b: Urshifu\n|-singleturn|p1b: Urshifu|Protect\n|move|p2b: Rillaboom|Wood Hammer|p1b: Urshifu\n|-activate|p1b: Urshifu|move: Protect\n|move|p1a: Rillaboom|U-turn|p2b: Rillaboom\n|-supereffective|p2b: Rillaboom\n|-damage|p2b: Rillaboom|76\/100\n|j| txxhey01\n|j| Logan522\n|\n|t:|1699921155\n|switch|p1a: Gholdengo|Gholdengo, L50|100\/100|[from] U-turn\n|move|p2a: Dragonite|Outrage|p1b: Urshifu\n|-activate|p1b: Urshifu|move: Protect\n|\n|-heal|p1b: Urshifu|90\/100|[from] Grassy Terrain\n|-heal|p2b: Rillaboom|82\/100|[from] Grassy Terrain\n|upkeep\n|turn|4\n|j|%Radio Free C-Side\n|\n|t:|1699921188\n|switch|p1b: Rillaboom|Rillaboom, L50, F|23\/100 brn\n|switch|p2b: Chien-Pao|Chien-Pao, L50|100\/100\n|-ability|p2b: Chien-Pao|Sword of Ruin\n|switch|p2a: Heatran|Heatran, L50, M|100\/100\n|move|p1a: Gholdengo|Protect||[still]\n|-fail|p1a: Gholdengo\n|\n|-heal|p1b: Rillaboom|29\/100 brn|[from] Grassy Terrain\n|-damage|p1b: Rillaboom|23\/100 brn|[from] brn\n|upkeep\n|turn|5\n|j| LifeOrbPex\n|l| LifeOrbPex\n|l| KingFoofle\n|l| Logan522\n|j| KingFoofle\n|\n|t:|1699921265\n|switch|p1a: Roaring Moon|Roaring Moon, L50|100\/100\n|move|p2b: Chien-Pao|Protect|p2b: Chien-Pao\n|-singleturn|p2b: Chien-Pao|Protect\n|move|p1b: Rillaboom|Fake Out|p2b: Chien-Pao\n|-activate|p2b: Chien-Pao|move: Protect\n|move|p2a: Heatran|Heat Wave|p1a: Roaring Moon|[spread] p1a,p1b\n|-resisted|p1a: Roaring Moon\n|-supereffective|p1b: Rillaboom\n|-damage|p1a: Roaring Moon|82\/100\n|-damage|p1b: Rillaboom|0 fnt\n|faint|p1b: Rillaboom\n|\n|-heal|p1a: Roaring Moon|88\/100|[from] Grassy Terrain\n|-fieldend|move: Grassy Terrain\n|upkeep\n|l| KingFoofle\n|\n|t:|1699921282\n|switch|p1b: Urshifu|Urshifu-Rapid-Strike, L50, M, tera:Water|90\/100\n|turn|6\n|\n|t:|1699921320\n|switch|p2b: Rillaboom|Rillaboom, L50, M|82\/100\n|-fieldstart|move: Grassy Terrain|[from] ability: Grassy Surge|[of] p2b: Rillaboom\n|-terastallize|p2a: Heatran|Fairy\n|move|p1a: Roaring Moon|Protect|p1a: Roaring Moon\n|-singleturn|p1a: Roaring Moon|Protect\n|move|p1b: Urshifu|Surging Strikes|p2b: Rillaboom\n|-resisted|p2b: Rillaboom\n|-crit|p2b: Rillaboom\n|-damage|p2b: Rillaboom|65\/100\n|-resisted|p2b: Rillaboom\n|-crit|p2b: Rillaboom\n|-damage|p2b: Rillaboom|51\/100\n|-resisted|p2b: Rillaboom\n|-crit|p2b: Rillaboom\n|-damage|p2b: Rillaboom|35\/100\n|-hitcount|p2b: Rillaboom|3\n|move|p2a: Heatran|Tera Blast|p1b: Urshifu|[anim] Tera Blast Fairy\n|-damage|p1b: Urshifu|18\/100\n|\n|-heal|p1a: Roaring Moon|94\/100|[from] Grassy Terrain\n|-heal|p1b: Urshifu|23\/100|[from] Grassy Terrain\n|-heal|p2b: Rillaboom|41\/100|[from] Grassy Terrain\n|upkeep\n|turn|7\n|\n|t:|1699921406\n|move|p1b: Urshifu|Protect|p1b: Urshifu\n|-singleturn|p1b: Urshifu|Protect\n|move|p2b: Rillaboom|Grassy Glide|p1b: Urshifu\n|-activate|p1b: Urshifu|move: Protect\n|move|p1a: Roaring Moon|Tailwind|p1a: Roaring Moon\n|-sidestart|p1: ScaryQwQ|move: Tailwind\n|move|p2a: Heatran|Tera Blast|p1a: Roaring Moon|[anim] Tera Blast Fairy\n|-supereffective|p1a: Roaring Moon\n|-damage|p1a: Roaring Moon|0 fnt\n|faint|p1a: Roaring Moon\n|-end|p1a: Roaring Moon|Protosynthesis|[silent]\n|\n|-heal|p1b: Urshifu|29\/100|[from] Grassy Terrain\n|-heal|p2b: Rillaboom|47\/100|[from] Grassy Terrain\n|upkeep\n|\n|t:|1699921414\n|switch|p1a: Gholdengo|Gholdengo, L50|100\/100\n|turn|8\n|\n|t:|1699921432\n|move|p1b: Urshifu|Protect|p1b: Urshifu\n|-singleturn|p1b: Urshifu|Protect\n|move|p2b: Rillaboom|Grassy Glide|p1b: Urshifu\n|-activate|p1b: Urshifu|move: Protect\n|move|p1a: Gholdengo|Make It Rain|p2a: Heatran|[spread] p2a,p2b\n|-supereffective|p2a: Heatran\n|-damage|p2a: Heatran|28\/100\n|-damage|p2b: Rillaboom|0 fnt\n|-unboost|p1a: Gholdengo|spa|1\n|faint|p2b: Rillaboom\n|-damage|p1a: Gholdengo|91\/100|[from] item: Life Orb\n|move|p2a: Heatran|Heat Wave|p1a: Gholdengo|[spread] p1a\n|-activate|p1b: Urshifu|move: Protect\n|-supereffective|p1a: Gholdengo\n|-damage|p1a: Gholdengo|5\/100\n|\n|-heal|p1b: Urshifu|35\/100|[from] Grassy Terrain\n|-heal|p1a: Gholdengo|12\/100|[from] Grassy Terrain\n|-heal|p2a: Heatran|34\/100|[from] Grassy Terrain\n|upkeep\n|j| buddyeric4564\n|\n|t:|1699921453\n|switch|p2b: Dragonite|Dragonite, L50, F|55\/100\n|turn|9\n|j| Mikunji19\n|\n|t:|1699921483\n|move|p1b: Urshifu|Protect|p1b: Urshifu\n|-singleturn|p1b: Urshifu|Protect\n|move|p2b: Dragonite|Extreme Speed|p1b: Urshifu\n|-activate|p1b: Urshifu|move: Protect\n|move|p1a: Gholdengo|Make It Rain|p2a: Heatran|[spread] p2a,p2b\n|-supereffective|p2a: Heatran\n|-crit|p2b: Dragonite\n|-damage|p2a: Heatran|0 fnt\n|-damage|p2b: Dragonite|0 fnt\n|-unboost|p1a: Gholdengo|spa|1\n|faint|p2a: Heatran\n|faint|p2b: Dragonite\n|-damage|p1a: Gholdengo|2\/100|[from] item: Life Orb\n|\n|-heal|p1b: Urshifu|40\/100|[from] Grassy Terrain\n|-heal|p1a: Gholdengo|8\/100|[from] Grassy Terrain\n|upkeep\n|\n|t:|1699921492\n|switch|p2b: Chien-Pao|Chien-Pao, L50|100\/100\n|-ability|p2b: Chien-Pao|Sword of Ruin\n|turn|10\n|j| testudoudoudo\n|\n|t:|1699921550\n|move|p2b: Chien-Pao|Sucker Punch||[still]\n|-fail|p2b: Chien-Pao\n|move|p1b: Urshifu|Substitute|p1b: Urshifu\n|-start|p1b: Urshifu|Substitute\n|-damage|p1b: Urshifu|16\/100\n|move|p1a: Gholdengo|Make It Rain|p2b: Chien-Pao\n|-supereffective|p2b: Chien-Pao\n|-crit|p2b: Chien-Pao\n|-enditem|p2b: Chien-Pao|Focus Sash\n|-damage|p2b: Chien-Pao|1\/100\n|-unboost|p1a: Gholdengo|spa|1\n|-damage|p1a: Gholdengo|0 fnt|[from] item: Life Orb\n|faint|p1a: Gholdengo\n|\n|-heal|p1b: Urshifu|22\/100|[from] Grassy Terrain\n|-heal|p2b: Chien-Pao|7\/100|[from] Grassy Terrain\n|-sideend|p1: ScaryQwQ|move: Tailwind\n|-fieldend|move: Grassy Terrain\n|upkeep\n|turn|11\n|\n|t:|1699921559\n|move|p2b: Chien-Pao|Sacred Sword|p1b: Urshifu\n|-end|p1b: Urshifu|Substitute\n|move|p1b: Urshifu|Surging Strikes|p2b: Chien-Pao\n|-crit|p2b: Chien-Pao\n|-damage|p2b: Chien-Pao|0 fnt\n|faint|p2b: Chien-Pao\n|-hitcount|p2: Chien-Pao|1\n|\n|win|ScaryQwQ\n|n|\u2606ScaryQwQ|scaryqwq\n|n|\u2606suffyrin|suffyrin\n|n| Oshawott|oshawott\n|n| txxhey01|txxhey01\n|n| Radio Free C-Side|radiofreecside\n|n| buddyeric4564|buddyeric4564\n|n| Mikunji19|mikunji19\n|n| testudoudoudo|testudoudoudo\n|l| Radio Free C-Side\n|c|\u2606ScaryQwQ|gg i got so lucky\n|l| buddyeric4564\n|l|\u2606suffyrin\n","uploadtime":1699921574,"views":23,"p1id":"scaryqwq","p2id":"suffyrin","formatid":"gen9vgc2023regulatione","rating":0,"private":0,"password":""}