{"id":"gen9vgc2023regulatione-1996135414","p1":"shadowgames2800","p2":"WeRrsome","format":"[Gen 9] VGC 2023 Regulation E","log":"|j|\u203dshadowgames2800\n|j|\u2606WeRrsome\n|t:|1700649512\n|gametype|doubles\n|player|p1|shadowgames2800|266|1383\n|player|p2|WeRrsome|170|1327\n|teamsize|p1|6\n|teamsize|p2|6\n|gen|9\n|tier|[Gen 9] VGC 2023 Regulation E\n|rated|\n|rule|Species Clause: Limit one of each Pok\u00e9mon\n|rule|Item Clause: Limit one of each item\n|clearpoke\n|poke|p1|Tornadus, L50, M|\n|poke|p1|Chi-Yu, L50|\n|poke|p1|Flutter Mane, L50|\n|poke|p1|Landorus-Therian, L50, M|\n|poke|p1|Iron Hands, L50|\n|poke|p1|Amoonguss, L50, M|\n|poke|p2|Heatran, L50, M|\n|poke|p2|Ogerpon-Wellspring, L50, F|\n|poke|p2|Chi-Yu, L50|\n|poke|p2|Perrserker, L50, M|\n|poke|p2|Scizor, L50, F|\n|poke|p2|Gliscor, L50, F|\n|teampreview|4\n|j| Shoob62\n|inactive|Battle timer is ON: inactive players will automatically lose when time's up. (requested by shadowgames2800)\n|\n|t:|1700649588\n|start\n|switch|p1a: Tornadus|Tornadus, L50, M|100\/100\n|switch|p1b: Chi-Yu|Chi-Yu, L50|100\/100\n|switch|p2a: Chi-Yu|Chi-Yu, L50|100\/100\n|switch|p2b: Perrserker|Perrserker, L50, M|100\/100\n|-ability|p1b: Chi-Yu|Beads of Ruin\n|-ability|p2a: Chi-Yu|Beads of Ruin\n|turn|1\n|inactive|WeRrsome has 30 seconds left.\n|\n|t:|1700649613\n|move|p2b: Perrserker|Fake Out|p1b: Chi-Yu\n|-damage|p1b: Chi-Yu|83\/100\n|move|p1a: Tornadus|Tailwind|p1a: Tornadus\n|-sidestart|p1: shadowgames2800|move: Tailwind\n|cant|p1b: Chi-Yu|flinch\n|move|p2a: Chi-Yu|Nasty Plot|p2a: Chi-Yu\n|-boost|p2a: Chi-Yu|spa|2\n|\n|upkeep\n|turn|2\n|inactive|WeRrsome has 30 seconds left.\n|\n|t:|1700649643\n|move|p2b: Perrserker|Helping Hand|p2a: Chi-Yu\n|-singleturn|p2a: Chi-Yu|Helping Hand|[of] p2b: Perrserker\n|move|p1b: Chi-Yu|Heat Wave|p2a: Chi-Yu|[spread] p2a,p2b\n|-resisted|p2a: Chi-Yu\n|-supereffective|p2b: Perrserker\n|-damage|p2a: Chi-Yu|67\/100\n|-damage|p2b: Perrserker|0 fnt\n|faint|p2b: Perrserker\n|move|p1a: Tornadus|Bleakwind Storm|p2a: Chi-Yu\n|-damage|p2a: Chi-Yu|21\/100\n|move|p2a: Chi-Yu|Snarl|p1a: Tornadus|[spread] p1a,p1b\n|-resisted|p1b: Chi-Yu\n|-damage|p1a: Tornadus|0 fnt\n|-damage|p1b: Chi-Yu|35\/100\n|-unboost|p1b: Chi-Yu|spa|1\n|faint|p1a: Tornadus\n|-damage|p2a: Chi-Yu|11\/100|[from] item: Life Orb\n|\n|upkeep\n|\n|t:|1700649660\n|switch|p1a: Iron Hands|Iron Hands, L50|100\/100\n|switch|p2b: Scizor|Scizor, L50, F|100\/100\n|turn|3\n|\n|t:|1700649683\n|-terastallize|p2b: Scizor|Steel\n|move|p2a: Chi-Yu|Protect|p2a: Chi-Yu\n|-singleturn|p2a: Chi-Yu|Protect\n|move|p1a: Iron Hands|Fake Out|p2a: Chi-Yu\n|-activate|p2a: Chi-Yu|move: Protect\n|move|p2b: Scizor|Bullet Punch|p1b: Chi-Yu\n|-resisted|p1b: Chi-Yu\n|-damage|p1b: Chi-Yu|0 fnt\n|faint|p1b: Chi-Yu\n|\n|upkeep\n|\n|t:|1700649697\n|switch|p1b: Landorus|Landorus-Therian, L50, M|100\/100\n|-ability|p1b: Landorus|Intimidate|boost\n|-unboost|p2a: Chi-Yu|atk|1\n|-unboost|p2b: Scizor|atk|1\n|turn|4\n|\n|t:|1700649718\n|switch|p2b: Gliscor|Gliscor, L50, F|100\/100\n|move|p1b: Landorus|Stomping Tantrum|p2a: Chi-Yu\n|-supereffective|p2a: Chi-Yu\n|-damage|p2a: Chi-Yu|0 fnt\n|faint|p2a: Chi-Yu\n|move|p1a: Iron Hands|Drain Punch|p2b: Gliscor\n|-resisted|p2b: Gliscor\n|-damage|p2b: Gliscor|87\/100\n|\n|-sideend|p1: shadowgames2800|move: Tailwind\n|-status|p2b: Gliscor|tox|[from] item: Toxic Orb\n|upkeep\n|\n|t:|1700649727\n|switch|p2a: Scizor|Scizor, L50, F, tera:Steel|100\/100\n|turn|5\n|\n|t:|1700649737\n|move|p2a: Scizor|Protect|p2a: Scizor\n|-singleturn|p2a: Scizor|Protect\n|move|p1b: Landorus|Stomping Tantrum|p2a: Scizor\n|-activate|p2a: Scizor|move: Protect\n|move|p2b: Gliscor|Rock Slide|p1a: Iron Hands|[spread] p1a,p1b\n|-resisted|p1a: Iron Hands\n|-damage|p1a: Iron Hands|96\/100\n|-damage|p1b: Landorus|86\/100\n|move|p1a: Iron Hands|Drain Punch|p2a: Scizor\n|-activate|p2a: Scizor|move: Protect\n|\n|-heal|p2b: Gliscor|99\/100 tox|[from] ability: Poison Heal\n|upkeep\n|turn|6\n|\n|t:|1700649755\n|move|p1b: Landorus|Stomping Tantrum|p2a: Scizor\n|-supereffective|p2a: Scizor\n|-damage|p2a: Scizor|1\/100\n|move|p2b: Gliscor|Rock Slide|p1a: Iron Hands|[spread] p1a,p1b\n|-resisted|p1a: Iron Hands\n|-damage|p1a: Iron Hands|92\/100\n|-damage|p1b: Landorus|70\/100\n|move|p2a: Scizor|Swords Dance|p2a: Scizor\n|-boost|p2a: Scizor|atk|2\n|cant|p1a: Iron Hands|flinch\n|\n|-heal|p2b: Gliscor|100\/100 tox|[from] ability: Poison Heal\n|upkeep\n|turn|7\n|\n|t:|1700649771\n|move|p2a: Scizor|Protect|p2a: Scizor\n|-singleturn|p2a: Scizor|Protect\n|move|p1b: Landorus|Stomping Tantrum|p2a: Scizor\n|-activate|p2a: Scizor|move: Protect\n|move|p2b: Gliscor|Rock Slide|p1a: Iron Hands|[spread] p1b\n|-miss|p2b: Gliscor|p1a: Iron Hands\n|-damage|p1b: Landorus|56\/100\n|move|p1a: Iron Hands|Drain Punch|p2b: Gliscor\n|-resisted|p2b: Gliscor\n|-damage|p2b: Gliscor|86\/100 tox\n|-heal|p1a: Iron Hands|98\/100|[from] drain|[of] p2b: Gliscor\n|\n|-heal|p2b: Gliscor|98\/100 tox|[from] ability: Poison Heal\n|upkeep\n|turn|8\n|l|\u203dshadowgames2800\n|inactive|shadowgames2800 disconnected and has a minute to reconnect!\n|player|p1|\n|inactive|shadowgames2800 has 30 seconds left.\n|j|\u203dshadowgames2800\n|inactive|shadowgames2800 reconnected and has 30 seconds left.\n|player|p1|shadowgames2800|266\n|n|\u203dshadowgames2800|shadowgames2800\n|inactive|shadowgames2800 has 20 seconds left.\n|\n|t:|1700649807\n|move|p2a: Scizor|Bullet Punch|p1b: Landorus\n|-damage|p1b: Landorus|0 fnt\n|faint|p1b: Landorus\n|move|p2b: Gliscor|Rock Slide|p1a: Iron Hands\n|-resisted|p1a: Iron Hands\n|-damage|p1a: Iron Hands|92\/100\n|cant|p1a: Iron Hands|flinch\n|\n|-heal|p2b: Gliscor|100\/100 tox|[from] ability: Poison Heal\n|upkeep\n|turn|9\n|inactive|WeRrsome has 30 seconds left.\n|inactive|WeRrsome has 20 seconds left.\n|\n|t:|1700649846\n|move|p2b: Gliscor|Rock Slide|p1a: Iron Hands|[miss]\n|-miss|p2b: Gliscor|p1a: Iron Hands\n|move|p2a: Scizor|Close Combat|p1a: Iron Hands\n|-damage|p1a: Iron Hands|36\/100\n|-unboost|p2a: Scizor|def|1\n|-unboost|p2a: Scizor|spd|1\n|move|p1a: Iron Hands|Drain Punch|p2a: Scizor\n|-supereffective|p2a: Scizor\n|-damage|p2a: Scizor|0 fnt\n|-heal|p1a: Iron Hands|37\/100|[from] drain|[of] p2a: Scizor\n|faint|p2a: Scizor\n|\n|upkeep\n|turn|10\n|\n|t:|1700649862\n|move|p2b: Gliscor|Rock Slide|p1a: Iron Hands\n|-resisted|p1a: Iron Hands\n|-damage|p1a: Iron Hands|31\/100\n|cant|p1a: Iron Hands|flinch\n|\n|upkeep\n|turn|11\n|\n|t:|1700649869\n|move|p2b: Gliscor|Rock Slide|p1a: Iron Hands|[miss]\n|-miss|p2b: Gliscor|p1a: Iron Hands\n|move|p1a: Iron Hands|Drain Punch|p2b: Gliscor\n|-resisted|p2b: Gliscor\n|-damage|p2b: Gliscor|86\/100 tox\n|-heal|p1a: Iron Hands|36\/100|[from] drain|[of] p2b: Gliscor\n|\n|-heal|p2b: Gliscor|98\/100 tox|[from] ability: Poison Heal\n|upkeep\n|turn|12\n|\n|t:|1700649880\n|move|p2b: Gliscor|Rock Slide|p1a: Iron Hands\n|-resisted|p1a: Iron Hands\n|-damage|p1a: Iron Hands|31\/100\n|move|p1a: Iron Hands|Drain Punch|p2b: Gliscor\n|-resisted|p2b: Gliscor\n|-damage|p2b: Gliscor|84\/100 tox\n|-heal|p1a: Iron Hands|36\/100|[from] drain|[of] p2b: Gliscor\n|\n|-heal|p2b: Gliscor|96\/100 tox|[from] ability: Poison Heal\n|upkeep\n|turn|13\n|\n|t:|1700649890\n|move|p2b: Gliscor|Rock Slide|p1a: Iron Hands\n|-resisted|p1a: Iron Hands\n|-damage|p1a: Iron Hands|31\/100\n|cant|p1a: Iron Hands|flinch\n|\n|-heal|p2b: Gliscor|100\/100 tox|[from] ability: Poison Heal\n|upkeep\n|turn|14\n|\n|t:|1700649904\n|move|p2b: Gliscor|Rock Slide|p1a: Iron Hands\n|-resisted|p1a: Iron Hands\n|-damage|p1a: Iron Hands|25\/100\n|move|p1a: Iron Hands|Drain Punch|p2b: Gliscor\n|-resisted|p2b: Gliscor\n|-crit|p2b: Gliscor\n|-damage|p2b: Gliscor|81\/100 tox\n|-heal|p1a: Iron Hands|33\/100|[from] drain|[of] p2b: Gliscor\n|\n|-heal|p2b: Gliscor|93\/100 tox|[from] ability: Poison Heal\n|upkeep\n|turn|15\n|\n|t:|1700649916\n|move|p2b: Gliscor|Rock Slide|p1a: Iron Hands\n|-resisted|p1a: Iron Hands\n|-damage|p1a: Iron Hands|27\/100\n|move|p1a: Iron Hands|Drain Punch|p2b: Gliscor\n|-resisted|p2b: Gliscor\n|-damage|p2b: Gliscor|79\/100 tox\n|-heal|p1a: Iron Hands|32\/100|[from] drain|[of] p2b: Gliscor\n|\n|-heal|p2b: Gliscor|91\/100 tox|[from] ability: Poison Heal\n|upkeep\n|turn|16\n|\n|t:|1700649928\n|move|p2b: Gliscor|Rock Slide|p1a: Iron Hands\n|-resisted|p1a: Iron Hands\n|-damage|p1a: Iron Hands|27\/100\n|cant|p1a: Iron Hands|flinch\n|\n|-heal|p2b: Gliscor|100\/100 tox|[from] ability: Poison Heal\n|upkeep\n|turn|17\n|\n|t:|1700649937\n|move|p2b: Gliscor|Rock Slide|p1a: Iron Hands\n|-resisted|p1a: Iron Hands\n|-damage|p1a: Iron Hands|22\/100\n|move|p1a: Iron Hands|Drain Punch|p2b: Gliscor\n|-resisted|p2b: Gliscor\n|-damage|p2b: Gliscor|87\/100 tox\n|-heal|p1a: Iron Hands|27\/100|[from] drain|[of] p2b: Gliscor\n|\n|-heal|p2b: Gliscor|99\/100 tox|[from] ability: Poison Heal\n|upkeep\n|turn|18\n|\n|t:|1700649947\n|move|p2b: Gliscor|Rock Slide|p1a: Iron Hands\n|-resisted|p1a: Iron Hands\n|-damage|p1a: Iron Hands|21\/100\n|cant|p1a: Iron Hands|flinch\n|\n|-heal|p2b: Gliscor|100\/100 tox|[from] ability: Poison Heal\n|upkeep\n|turn|19\n|\n|t:|1700649962\n|move|p2b: Gliscor|Rock Slide|p1a: Iron Hands\n|-resisted|p1a: Iron Hands\n|-damage|p1a: Iron Hands|16\/100\n|move|p1a: Iron Hands|Drain Punch|p2b: Gliscor\n|-resisted|p2b: Gliscor\n|-damage|p2b: Gliscor|87\/100 tox\n|-heal|p1a: Iron Hands|21\/100|[from] drain|[of] p2b: Gliscor\n|\n|-heal|p2b: Gliscor|99\/100 tox|[from] ability: Poison Heal\n|upkeep\n|turn|20\n|inactive|WeRrsome has 30 seconds left.\n|\n|t:|1700649995\n|move|p2b: Gliscor|Rock Slide|p1a: Iron Hands\n|-resisted|p1a: Iron Hands\n|-damage|p1a: Iron Hands|16\/100\n|cant|p1a: Iron Hands|flinch\n|\n|-heal|p2b: Gliscor|100\/100 tox|[from] ability: Poison Heal\n|upkeep\n|turn|21\n|\n|t:|1700650004\n|move|p2b: Gliscor|Protect|p2b: Gliscor\n|-singleturn|p2b: Gliscor|Protect\n|move|p1a: Iron Hands|Drain Punch|p2b: Gliscor\n|-activate|p2b: Gliscor|move: Protect\n|\n|upkeep\n|turn|22\n|\n|t:|1700650013\n|move|p2b: Gliscor|Taunt|p1a: Iron Hands\n|-start|p1a: Iron Hands|move: Taunt\n|move|p1a: Iron Hands|Drain Punch|p2b: Gliscor\n|-resisted|p2b: Gliscor\n|-damage|p2b: Gliscor|87\/100 tox\n|-heal|p1a: Iron Hands|21\/100|[from] drain|[of] p2b: Gliscor\n|\n|-heal|p2b: Gliscor|99\/100 tox|[from] ability: Poison Heal\n|upkeep\n|turn|23\n|\n|t:|1700650025\n|move|p2b: Gliscor|Taunt||[still]\n|-fail|p2b: Gliscor\n|move|p1a: Iron Hands|Wild Charge|p2b: Gliscor\n|-immune|p2b: Gliscor\n|\n|-heal|p2b: Gliscor|100\/100 tox|[from] ability: Poison Heal\n|upkeep\n|turn|24\n|\n|t:|1700650033\n|move|p2b: Gliscor|Taunt||[still]\n|-fail|p2b: Gliscor\n|move|p1a: Iron Hands|Wild Charge|p2b: Gliscor\n|-immune|p2b: Gliscor\n|\n|-end|p1a: Iron Hands|move: Taunt\n|upkeep\n|turn|25\n|\n|t:|1700650040\n|move|p2b: Gliscor|Taunt|p1a: Iron Hands\n|-start|p1a: Iron Hands|move: Taunt\n|move|p1a: Iron Hands|Wild Charge|p2b: Gliscor\n|-immune|p2b: Gliscor\n|\n|upkeep\n|turn|26\n|\n|t:|1700650046\n|move|p2b: Gliscor|Taunt||[still]\n|-fail|p2b: Gliscor\n|move|p1a: Iron Hands|Wild Charge|p2b: Gliscor\n|-immune|p2b: Gliscor\n|\n|upkeep\n|turn|27\n|c| Shoob62|this may be the best thing I've ever seen\n|\n|t:|1700650052\n|move|p2b: Gliscor|Taunt||[still]\n|-fail|p2b: Gliscor\n|move|p1a: Iron Hands|Wild Charge|p2b: Gliscor\n|-immune|p2b: Gliscor\n|\n|-end|p1a: Iron Hands|move: Taunt\n|upkeep\n|turn|28\n|\n|t:|1700650060\n|move|p2b: Gliscor|Taunt|p1a: Iron Hands\n|-start|p1a: Iron Hands|move: Taunt\n|move|p1a: Iron Hands|Wild Charge|p2b: Gliscor\n|-immune|p2b: Gliscor\n|\n|upkeep\n|turn|29\n|\n|t:|1700650067\n|move|p2b: Gliscor|Taunt||[still]\n|-fail|p2b: Gliscor\n|move|p1a: Iron Hands|Wild Charge|p2b: Gliscor\n|-immune|p2b: Gliscor\n|\n|upkeep\n|turn|30\n|\n|t:|1700650072\n|move|p2b: Gliscor|Taunt||[still]\n|-fail|p2b: Gliscor\n|move|p1a: Iron Hands|Wild Charge|p2b: Gliscor\n|-immune|p2b: Gliscor\n|\n|-end|p1a: Iron Hands|move: Taunt\n|upkeep\n|turn|31\n|\n|t:|1700650079\n|move|p2b: Gliscor|Tailwind|p2b: Gliscor\n|-sidestart|p2: WeRrsome|move: Tailwind\n|move|p1a: Iron Hands|Wild Charge|p2b: Gliscor\n|-immune|p2b: Gliscor\n|\n|upkeep\n|turn|32\n|\n|t:|1700650086\n|move|p2b: Gliscor|Tailwind||[still]\n|-fail|p2b: Gliscor\n|move|p1a: Iron Hands|Wild Charge|p2b: Gliscor\n|-immune|p2b: Gliscor\n|\n|upkeep\n|turn|33\n|\n|t:|1700650094\n|move|p2b: Gliscor|Tailwind||[still]\n|-fail|p2b: Gliscor\n|move|p1a: Iron Hands|Wild Charge|p2b: Gliscor\n|-immune|p2b: Gliscor\n|\n|upkeep\n|turn|34\n|\n|t:|1700650100\n|move|p2b: Gliscor|Tailwind||[still]\n|-fail|p2b: Gliscor\n|move|p1a: Iron Hands|Wild Charge|p2b: Gliscor\n|-immune|p2b: Gliscor\n|\n|-sideend|p2: WeRrsome|move: Tailwind\n|upkeep\n|turn|35\n|\n|t:|1700650106\n|move|p2b: Gliscor|Tailwind|p2b: Gliscor\n|-sidestart|p2: WeRrsome|move: Tailwind\n|move|p1a: Iron Hands|Wild Charge|p2b: Gliscor\n|-immune|p2b: Gliscor\n|\n|upkeep\n|turn|36\n|\n|t:|1700650111\n|move|p2b: Gliscor|Tailwind||[still]\n|-fail|p2b: Gliscor\n|move|p1a: Iron Hands|Wild Charge|p2b: Gliscor\n|-immune|p2b: Gliscor\n|\n|upkeep\n|turn|37\n|\n|t:|1700650118\n|move|p2b: Gliscor|Tailwind||[still]\n|-fail|p2b: Gliscor\n|move|p1a: Iron Hands|Wild Charge|p2b: Gliscor\n|-immune|p2b: Gliscor\n|\n|upkeep\n|turn|38\n|\n|t:|1700650124\n|move|p2b: Gliscor|Tailwind||[still]\n|-fail|p2b: Gliscor\n|move|p1a: Iron Hands|Drain Punch|p2b: Gliscor\n|-resisted|p2b: Gliscor\n|-damage|p2b: Gliscor|87\/100 tox\n|-heal|p1a: Iron Hands|26\/100|[from] drain|[of] p2b: Gliscor\n|\n|-heal|p2b: Gliscor|99\/100 tox|[from] ability: Poison Heal\n|-sideend|p2: WeRrsome|move: Tailwind\n|upkeep\n|turn|39\n|\n|t:|1700650133\n|move|p2b: Gliscor|Tailwind|p2b: Gliscor\n|-sidestart|p2: WeRrsome|move: Tailwind\n|move|p1a: Iron Hands|Wild Charge|p2b: Gliscor\n|-immune|p2b: Gliscor\n|\n|-heal|p2b: Gliscor|100\/100 tox|[from] ability: Poison Heal\n|upkeep\n|turn|40\n|\n|t:|1700650140\n|move|p2b: Gliscor|Tailwind||[still]\n|-fail|p2b: Gliscor\n|move|p1a: Iron Hands|Wild Charge|p2b: Gliscor\n|-immune|p2b: Gliscor\n|\n|upkeep\n|turn|41\n|\n|t:|1700650146\n|move|p2b: Gliscor|Tailwind||[still]\n|-fail|p2b: Gliscor\n|move|p1a: Iron Hands|Wild Charge|p2b: Gliscor\n|-immune|p2b: Gliscor\n|\n|upkeep\n|turn|42\n|\n|t:|1700650152\n|move|p2b: Gliscor|Tailwind||[still]\n|-fail|p2b: Gliscor\n|move|p1a: Iron Hands|Wild Charge|p2b: Gliscor\n|-immune|p2b: Gliscor\n|\n|-sideend|p2: WeRrsome|move: Tailwind\n|upkeep\n|turn|43\n|\n|t:|1700650158\n|move|p2b: Gliscor|Tailwind|p2b: Gliscor\n|-sidestart|p2: WeRrsome|move: Tailwind\n|move|p1a: Iron Hands|Wild Charge|p2b: Gliscor\n|-immune|p2b: Gliscor\n|\n|upkeep\n|turn|44\n|\n|t:|1700650163\n|move|p2b: Gliscor|Tailwind||[still]\n|-fail|p2b: Gliscor\n|move|p1a: Iron Hands|Wild Charge|p2b: Gliscor\n|-immune|p2b: Gliscor\n|\n|upkeep\n|turn|45\n|inactive|shadowgames2800 has 30 seconds left.\n|\n|t:|1700650169\n|move|p2b: Gliscor|Tailwind||[still]\n|-fail|p2b: Gliscor\n|move|p1a: Iron Hands|Wild Charge|p2b: Gliscor\n|-immune|p2b: Gliscor\n|\n|upkeep\n|turn|46\n|inactive|shadowgames2800 has 30 seconds left this turn.\n|\n|t:|1700650174\n|move|p2b: Gliscor|Tailwind||[still]\n|-fail|p2b: Gliscor\n|move|p1a: Iron Hands|Wild Charge|p2b: Gliscor\n|-immune|p2b: Gliscor\n|\n|-sideend|p2: WeRrsome|move: Tailwind\n|upkeep\n|turn|47\n|inactive|shadowgames2800 has 25 seconds left this turn.\n|inactive|shadowgames2800 has 20 seconds left.\n|\n|t:|1700650180\n|move|p2b: Gliscor|Tailwind|p2b: Gliscor\n|-sidestart|p2: WeRrsome|move: Tailwind\n|move|p1a: Iron Hands|Drain Punch|p2b: Gliscor\n|-resisted|p2b: Gliscor\n|-damage|p2b: Gliscor|87\/100 tox\n|-heal|p1a: Iron Hands|31\/100|[from] drain|[of] p2b: Gliscor\n|\n|-heal|p2b: Gliscor|99\/100 tox|[from] ability: Poison Heal\n|upkeep\n|turn|48\n|inactive|shadowgames2800 has 20 seconds left this turn.\n|inactive|shadowgames2800 has 15 seconds left.\n|\n|t:|1700650189\n|move|p2b: Gliscor|Tailwind||[still]\n|-fail|p2b: Gliscor\n|move|p1a: Iron Hands|Drain Punch|p2b: Gliscor\n|-resisted|p2b: Gliscor\n|-damage|p2b: Gliscor|86\/100 tox\n|-heal|p1a: Iron Hands|36\/100|[from] drain|[of] p2b: Gliscor\n|\n|-heal|p2b: Gliscor|98\/100 tox|[from] ability: Poison Heal\n|upkeep\n|turn|49\n|inactive|shadowgames2800 has 15 seconds left this turn.\n|inactive|shadowgames2800 has 10 seconds left.\n|\n|t:|1700650198\n|move|p2b: Gliscor|Tailwind||[still]\n|-fail|p2b: Gliscor\n|move|p1a: Iron Hands|Drain Punch|p2b: Gliscor\n|-resisted|p2b: Gliscor\n|-damage|p2b: Gliscor|86\/100 tox\n|-heal|p1a: Iron Hands|40\/100|[from] drain|[of] p2b: Gliscor\n|\n|-heal|p2b: Gliscor|98\/100 tox|[from] ability: Poison Heal\n|upkeep\n|turn|50\n|inactive|shadowgames2800 has 10 seconds left this turn.\n|inactive|shadowgames2800 has 5 seconds left.\n|inactiveoff|Battle timer is now OFF.\n|\n|t:|1700650208\n|move|p2b: Gliscor|Tailwind||[still]\n|-fail|p2b: Gliscor\n|move|p1a: Iron Hands|Wild Charge|p2b: Gliscor\n|-immune|p2b: Gliscor\n|\n|-heal|p2b: Gliscor|100\/100 tox|[from] ability: Poison Heal\n|-sideend|p2: WeRrsome|move: Tailwind\n|upkeep\n|turn|51\n|inactive|Battle timer is ON: inactive players will automatically lose when time's up. (requested by WeRrsome)\n|inactive|shadowgames2800 has 5 seconds left this turn.\n|\n|t:|1700650218\n|move|p1a: Iron Hands|Fake Out||[still]\n|-hint|Fake Out only works on your first turn out.\n|-fail|p1a: Iron Hands\n|move|p2b: Gliscor|Tailwind|p2b: Gliscor\n|-sidestart|p2: WeRrsome|move: Tailwind\n|\n|upkeep\n|turn|52\n|inactive|shadowgames2800 has 5 seconds left this turn.\n|-message|shadowgames2800 lost due to inactivity.\n|\n|win|WeRrsome\n|raw|shadowgames2800's rating: 1383 &rarr; <strong>1360<\/strong><br \/>(-23 for losing)\n|raw|WeRrsome's rating: 1327 &rarr; <strong>1350<\/strong><br \/>(+23 for winning)\n","uploadtime":1700650229,"views":6,"p1id":"shadowgames2800","p2id":"werrsome","formatid":"gen9vgc2023regulatione","rating":1350,"private":0,"password":""}