{"id":"gen9vgc2023regulatione-1996305655","p1":"festivebake","p2":"CaltonD","format":"[Gen 9] VGC 2023 Regulation E","log":"|j|\u2606festivebake\n|j|\u2606CaltonD\n|t:|1700669474\n|gametype|doubles\n|player|p1|festivebake|irida|1278\n|player|p2|CaltonD|170|1337\n|teamsize|p1|6\n|teamsize|p2|6\n|gen|9\n|tier|[Gen 9] VGC 2023 Regulation E\n|rated|\n|rule|Species Clause: Limit one of each Pok\u00e9mon\n|rule|Item Clause: Limit one of each item\n|clearpoke\n|poke|p1|Tornadus, L50, M|\n|poke|p1|Flutter Mane, L50|\n|poke|p1|Heatran, L50, F|\n|poke|p1|Iron Hands, L50|\n|poke|p1|Landorus, L50, M|\n|poke|p1|Ninetales-Alola, L50, F|\n|poke|p2|Ogerpon-Cornerstone, L50, F|\n|poke|p2|Dusclops, L50, F|\n|poke|p2|Spectrier, L50|\n|poke|p2|Iron Hands, L50|\n|poke|p2|Rillaboom, L50, F|\n|poke|p2|Kingambit, L50, F|\n|teampreview|4\n|\n|t:|1700669520\n|start\n|switch|p1a: Tornadus|Tornadus, L50, M|100\/100\n|switch|p1b: Ninetales|Ninetales-Alola, L50, F|100\/100\n|switch|p2a: Ogerpon|Ogerpon-Cornerstone, L50, F|100\/100\n|switch|p2b: Rillaboom|Rillaboom, L50, F, shiny|100\/100\n|-weather|Snow|[from] ability: Snow Warning|[of] p1b: Ninetales\n|-fieldstart|move: Grassy Terrain|[from] ability: Grassy Surge|[of] p2b: Rillaboom\n|turn|1\n|inactive|Battle timer is ON: inactive players will automatically lose when time's up. (requested by festivebake)\n|inactive|festivebake has 60 seconds left.\n|c|\u2606CaltonD|Glhf\n|\n|t:|1700669558\n|move|p1b: Ninetales|Protect|p1b: Ninetales\n|-singleturn|p1b: Ninetales|Protect\n|move|p2b: Rillaboom|Fake Out|p1b: Ninetales\n|-activate|p1b: Ninetales|move: Protect\n|move|p2a: Ogerpon|Ivy Cudgel|p1a: Tornadus|[anim] Ivy Cudgel Rock\n|-supereffective|p1a: Tornadus\n|-damage|p1a: Tornadus|0 fnt\n|faint|p1a: Tornadus\n|\n|-weather|Snow|[upkeep]\n|upkeep\n|\n|t:|1700669571\n|switch|p1a: Flutter Mane|Flutter Mane, L50|100\/100\n|turn|2\n|\n|t:|1700669595\n|-terastallize|p2b: Rillaboom|Dark\n|move|p2a: Ogerpon|Grassy Glide|p1a: Flutter Mane\n|-damage|p1a: Flutter Mane|27\/100\n|move|p2b: Rillaboom|Grassy Glide|p1a: Flutter Mane\n|-damage|p1a: Flutter Mane|0 fnt\n|faint|p1a: Flutter Mane\n|-end|p1a: Flutter Mane|Protosynthesis|[silent]\n|move|p1b: Ninetales|Aurora Veil|p1b: Ninetales\n|-sidestart|p1: festivebake|move: Aurora Veil\n|\n|-weather|Snow|[upkeep]\n|upkeep\n|\n|t:|1700669609\n|switch|p1a: Heatran|Heatran, L50, F|100\/100\n|turn|3\n|\n|t:|1700669627\n|-terastallize|p1a: Heatran|Fairy\n|move|p1b: Ninetales|Blizzard|p2b: Rillaboom|[spread] p2a,p2b\n|-supereffective|p2a: Ogerpon\n|-damage|p2a: Ogerpon|50\/100\n|-damage|p2b: Rillaboom|80\/100\n|move|p2a: Ogerpon|Ivy Cudgel|p1b: Ninetales|[anim] Ivy Cudgel Rock\n|-supereffective|p1b: Ninetales\n|-crit|p1b: Ninetales\n|-damage|p1b: Ninetales|0 fnt\n|faint|p1b: Ninetales\n|move|p1a: Heatran|Heat Wave|p2a: Ogerpon|[spread] p2b\n|-miss|p1a: Heatran|p2a: Ogerpon\n|-damage|p2b: Rillaboom|46\/100\n|move|p2b: Rillaboom|Knock Off|p1a: Heatran\n|-resisted|p1a: Heatran\n|-damage|p1a: Heatran|85\/100\n|-enditem|p1a: Heatran|Safety Goggles|[from] move: Knock Off|[of] p2b: Rillaboom\n|\n|-weather|Snow|[upkeep]\n|-heal|p2a: Ogerpon|56\/100|[from] Grassy Terrain\n|-heal|p1a: Heatran|92\/100|[from] Grassy Terrain\n|-heal|p2b: Rillaboom|52\/100|[from] Grassy Terrain\n|upkeep\n|turn|4\n|inactive|CaltonD has 30 seconds left.\n|\n|t:|1700669656\n|move|p2a: Ogerpon|Ivy Cudgel|p1a: Heatran|[anim] Ivy Cudgel Rock\n|-damage|p1a: Heatran|60\/100\n|move|p1a: Heatran|Heat Wave|p2a: Ogerpon|[spread] p2a,p2b\n|-damage|p2a: Ogerpon|15\/100\n|-damage|p2b: Rillaboom|20\/100\n|move|p2b: Rillaboom|Wood Hammer|p1a: Heatran\n|-damage|p1a: Heatran|10\/100\n|-damage|p2b: Rillaboom|3\/100|[from] Recoil\n|\n|-weather|Snow|[upkeep]\n|-heal|p2a: Ogerpon|21\/100|[from] Grassy Terrain\n|-heal|p1a: Heatran|17\/100|[from] Grassy Terrain\n|-heal|p2b: Rillaboom|9\/100|[from] Grassy Terrain\n|upkeep\n|turn|5\n|c|\u2606CaltonD|Gg\n|\n|t:|1700669680\n|switch|p2b: Dusclops|Dusclops, L50, F, shiny|100\/100\n|move|p2a: Ogerpon|Spiky Shield|p2a: Ogerpon\n|-singleturn|p2a: Ogerpon|move: Protect\n|move|p1a: Heatran|Protect||[still]\n|-fail|p1a: Heatran\n|\n|-weather|none\n|-heal|p2a: Ogerpon|27\/100|[from] Grassy Terrain\n|-heal|p1a: Heatran|23\/100|[from] Grassy Terrain\n|-fieldend|move: Grassy Terrain\n|upkeep\n|turn|6\n|\n|t:|1700669700\n|move|p2a: Ogerpon|Follow Me|p2a: Ogerpon\n|-singleturn|p2a: Ogerpon|move: Follow Me\n|move|p1a: Heatran|Earth Power|p2a: Ogerpon\n|-damage|p2a: Ogerpon|0 fnt\n|faint|p2a: Ogerpon\n|move|p2b: Dusclops|Pain Split|p1a: Heatran\n|-sethp|p1a: Heatran|42\/100|[from] move: Pain Split|[silent]\n|-sethp|p2b: Dusclops|69\/100|[from] move: Pain Split\n|\n|upkeep\n|\n|t:|1700669710\n|switch|p2a: Rillaboom|Rillaboom, L50, F, shiny, tera:Dark|9\/100\n|-fieldstart|move: Grassy Terrain|[from] ability: Grassy Surge|[of] p2a: Rillaboom\n|turn|7\n|\n|t:|1700669718\n|move|p2a: Rillaboom|Fake Out|p1a: Heatran\n|-damage|p1a: Heatran|32\/100\n|cant|p1a: Heatran|flinch\n|move|p2b: Dusclops|Trick Room|p2b: Dusclops\n|-fieldstart|move: Trick Room|[of] p2b: Dusclops\n|\n|-heal|p2b: Dusclops|75\/100|[from] Grassy Terrain\n|-heal|p2a: Rillaboom|15\/100|[from] Grassy Terrain\n|-heal|p1a: Heatran|39\/100|[from] Grassy Terrain\n|upkeep\n|turn|8\n|\n|t:|1700669739\n|move|p2a: Rillaboom|Grassy Glide|p1a: Heatran\n|-damage|p1a: Heatran|16\/100\n|move|p2b: Dusclops|Pain Split|p2a: Rillaboom\n|-sethp|p2a: Rillaboom|31\/100|[from] move: Pain Split|[silent]\n|-sethp|p2b: Dusclops|49\/100|[from] move: Pain Split\n|move|p1a: Heatran|Heat Wave|p2b: Dusclops|[spread] p2a,p2b\n|-damage|p2a: Rillaboom|2\/100\n|-damage|p2b: Dusclops|25\/100\n|-status|p2b: Dusclops|brn\n|\n|-heal|p2b: Dusclops|31\/100 brn|[from] Grassy Terrain\n|-heal|p2a: Rillaboom|8\/100|[from] Grassy Terrain\n|-heal|p1a: Heatran|22\/100|[from] Grassy Terrain\n|-damage|p2b: Dusclops|25\/100 brn|[from] brn\n|upkeep\n|turn|9\n|inactive|CaltonD has 30 seconds left.\n|\n|t:|1700669769\n|switch|p2a: Iron Hands|Iron Hands, L50, shiny|100\/100\n|-enditem|p2a: Iron Hands|Booster Energy\n|-activate|p2a: Iron Hands|ability: Quark Drive|[fromitem]\n|-start|p2a: Iron Hands|quarkdriveatk\n|move|p1a: Heatran|Protect|p1a: Heatran\n|-singleturn|p1a: Heatran|Protect\n|move|p2b: Dusclops|Will-O-Wisp|p1a: Heatran\n|-activate|p1a: Heatran|move: Protect\n|\n|-heal|p2b: Dusclops|31\/100 brn|[from] Grassy Terrain\n|-heal|p1a: Heatran|29\/100|[from] Grassy Terrain\n|-damage|p2b: Dusclops|25\/100 brn|[from] brn\n|-sideend|p1: festivebake|move: Aurora Veil\n|upkeep\n|turn|10\n|\n|t:|1700669792\n|move|p2a: Iron Hands|Fake Out|p1a: Heatran\n|-damage|p1a: Heatran|8\/100\n|move|p2b: Dusclops|Pain Split|p2a: Iron Hands\n|-sethp|p2a: Iron Hands|56\/100|[from] move: Pain Split|[silent]\n|-sethp|p2b: Dusclops|100\/100 brn|[from] move: Pain Split\n|cant|p1a: Heatran|flinch\n|\n|-heal|p2a: Iron Hands|62\/100|[from] Grassy Terrain\n|-heal|p1a: Heatran|15\/100|[from] Grassy Terrain\n|-damage|p2b: Dusclops|94\/100 brn|[from] brn\n|upkeep\n|turn|11\n|inactive|CaltonD has 30 seconds left.\n|\n|t:|1700669817\n|move|p1a: Heatran|Protect|p1a: Heatran\n|-singleturn|p1a: Heatran|Protect\n|move|p2b: Dusclops|Pain Split|p1a: Heatran\n|-activate|p1a: Heatran|move: Protect\n|move|p2a: Iron Hands|Ice Punch|p1a: Heatran\n|-activate|p1a: Heatran|move: Protect\n|\n|-heal|p2b: Dusclops|100\/100 brn|[from] Grassy Terrain\n|-heal|p2a: Iron Hands|68\/100|[from] Grassy Terrain\n|-heal|p1a: Heatran|21\/100|[from] Grassy Terrain\n|-damage|p2b: Dusclops|94\/100 brn|[from] brn\n|-fieldend|move: Trick Room\n|-fieldend|move: Grassy Terrain\n|upkeep\n|turn|12\n|\n|t:|1700669836\n|move|p1a: Heatran|Earth Power|p2a: Iron Hands\n|-supereffective|p2a: Iron Hands\n|-damage|p2a: Iron Hands|10\/100\n|move|p2a: Iron Hands|Ice Punch|p1a: Heatran\n|-crit|p1a: Heatran\n|-damage|p1a: Heatran|0 fnt\n|faint|p1a: Heatran\n|\n|win|CaltonD\n|raw|festivebake's rating: 1278 &rarr; <strong>1257<\/strong><br \/>(-21 for losing)\n|raw|CaltonD's rating: 1337 &rarr; <strong>1354<\/strong><br \/>(+17 for winning)\n|l|\u2606festivebake\n|c|\u2606CaltonD|LOLOL\n","uploadtime":1700669859,"views":4,"p1id":"festivebake","p2id":"caltond","formatid":"gen9vgc2023regulatione","rating":1257,"private":0,"password":""}