{"id":"gen9vgc2023regulatione-1990907715","p1":"RNG can't stop me","p2":"DogeStarAtWork2","format":"[Gen 9] VGC 2023 Regulation E","log":"|j|\u2606RNG can't stop me\n|j|\u2606DogeStarAtWork2\n|t:|1700013814\n|gametype|doubles\n|player|p1|RNG can't stop me|n|1383\n|player|p2|DogeStarAtWork2|pokemaniac|1449\n|teamsize|p1|6\n|teamsize|p2|6\n|gen|9\n|tier|[Gen 9] VGC 2023 Regulation E\n|rated|\n|rule|Species Clause: Limit one of each Pok\u00e9mon\n|rule|Item Clause: Limit one of each item\n|clearpoke\n|poke|p1|Tornadus, L50, M|\n|poke|p1|Urshifu-*, L50, M|\n|poke|p1|Ogerpon-Wellspring, L50, F|\n|poke|p1|Farigiraf, L50, F|\n|poke|p1|Heatran, L50, M|\n|poke|p1|Landorus, L50, M|\n|poke|p2|Ogerpon-Wellspring, L50, F|\n|poke|p2|Politoed, L50, F|\n|poke|p2|Flutter Mane, L50|\n|poke|p2|Tornadus, L50, M|\n|poke|p2|Chi-Yu, L50|\n|poke|p2|Iron Hands, L50|\n|teampreview|4\n|inactive|Battle timer is ON: inactive players will automatically lose when time's up. (requested by RNG can't stop me)\nRNG can't stop me has agreed to open team sheets.\n|c|\u2606RNG can't stop me|gl hf\n|\n|t:|1700013846\n|start\n|switch|p1a: Ramirez|Tornadus, L50, M|100\/100\n|switch|p1b: Jackie chan|Urshifu-Rapid-Strike, L50, M|100\/100\n|switch|p2a: Tailwind pls|Tornadus, L50, M|100\/100\n|switch|p2b: :(|Ogerpon-Wellspring, L50, F|100\/100\n|turn|1\n|c|\u2606DogeStarAtWork2|Oh i didnt see the ots my bad\n|inactive|DogeStarAtWork2 has 30 seconds left.\n|inactive|DogeStarAtWork2 has 20 seconds left.\n|\n|t:|1700013885\n|-terastallize|p1b: Jackie chan|Poison\n|move|p2b: :(|Follow Me|p2b: :(\n|-singleturn|p2b: :(|move: Follow Me\n|move|p2a: Tailwind pls|Tailwind|p2a: Tailwind pls\n|-sidestart|p2: DogeStarAtWork2|move: Tailwind\n|move|p1a: Ramirez|Rain Dance|p1a: Ramirez\n|-weather|RainDance\n|move|p1b: Jackie chan|Surging Strikes|p2b: :(\n|-immune|p2b: :(|[from] ability: Water Absorb\n|\n|-weather|RainDance|[upkeep]\n|upkeep\n|turn|2\n|\n|t:|1700013900\n|-terastallize|p2b: :(|Water\n|detailschange|p2b: :(|Ogerpon-Wellspring-Tera, L50, F, tera:Water\n|-ability|p2b: :(|Embody Aspect (Wellspring)|boost\n|-boost|p2b: :(|spd|1\n|move|p1b: Jackie chan|Detect|p1b: Jackie chan\n|-singleturn|p1b: Jackie chan|Protect\n|move|p2a: Tailwind pls|Taunt|p1a: Ramirez\n|-start|p1a: Ramirez|move: Taunt\n|cant|p1a: Ramirez|move: Taunt|Tailwind\n|move|p2b: :(|Ivy Cudgel|p1b: Jackie chan|[anim] Ivy Cudgel Water\n|-activate|p1b: Jackie chan|move: Protect\n|\n|-weather|RainDance|[upkeep]\n|upkeep\n|turn|3\n|\n|t:|1700013915\n|switch|p1b: Sakuya|Ogerpon-Wellspring, L50, F|100\/100\n|move|p2a: Tailwind pls|Bleakwind Storm|p1a: Ramirez|[spread] p1a,p1b\n|-supereffective|p1b: Sakuya\n|-damage|p1a: Ramirez|59\/100\n|-damage|p1b: Sakuya|17\/100\n|-unboost|p1b: Sakuya|spe|1\n|move|p2b: :(|Ivy Cudgel|p1a: Ramirez|[anim] Ivy Cudgel Water\n|-damage|p1a: Ramirez|0 fnt\n|faint|p1a: Ramirez\n|\n|-weather|RainDance|[upkeep]\n|upkeep\n|\n|t:|1700013918\n|switch|p1a: Jackie chan|Urshifu-Rapid-Strike, L50, M, tera:Poison|100\/100\n|turn|4\n|\n|t:|1700013927\n|move|p2a: Tailwind pls|Bleakwind Storm|p1a: Jackie chan|[spread] p1a,p1b\n|-supereffective|p1b: Sakuya\n|-damage|p1a: Jackie chan|44\/100\n|-damage|p1b: Sakuya|0 fnt\n|faint|p1b: Sakuya\n|move|p2b: :(|Ivy Cudgel|p1a: Jackie chan|[anim] Ivy Cudgel Water\n|-damage|p1a: Jackie chan|0 fnt\n|faint|p1a: Jackie chan\n|\n|-weather|RainDance|[upkeep]\n|-sideend|p2: DogeStarAtWork2|move: Tailwind\n|upkeep\n|\n|t:|1700013930\n|switch|p1b: MMMMM 4(Beep)|Heatran, L50, M|100\/100\n|turn|5\n|c|\u2606RNG can't stop me|gg\n|\n|t:|1700013935\n|move|p2a: Tailwind pls|Bleakwind Storm|p1b: MMMMM 4(Beep)\n|-resisted|p1b: MMMMM 4(Beep)\n|-damage|p1b: MMMMM 4(Beep)|86\/100\n|move|p2b: :(|Ivy Cudgel|p1b: MMMMM 4(Beep)|[anim] Ivy Cudgel Water\n|-supereffective|p1b: MMMMM 4(Beep)\n|-damage|p1b: MMMMM 4(Beep)|0 fnt\n|faint|p1b: MMMMM 4(Beep)\n|\n|win|DogeStarAtWork2\n|raw|RNG can&apos;t stop me's rating: 1383 &rarr; <strong>1367<\/strong><br \/>(-16 for losing)\n|raw|DogeStarAtWork2's rating: 1449 &rarr; <strong>1465<\/strong><br \/>(+16 for winning)\n|c|\u2606DogeStarAtWork2|Ggs\n|l|\u2606RNG can't stop me\n|c|\u2606DogeStarAtWork2|im on mobile at work sorry\n","uploadtime":1700013967,"views":22,"p1id":"rngcantstopme","p2id":"dogestaratwork2","formatid":"gen9vgc2023regulatione","rating":1367,"private":0,"password":""}