{"id":"gen9vgc2023regulatione-1999042047","p1":"Venefici","p2":"Coquelin","format":"[Gen 9] VGC 2023 Regulation E","log":"|j|\u2606Venefici\n|j|\u2606Coquelin\n|t:|1701026945\n|gametype|doubles\n|player|p1|Venefici|hugh|1080\n|player|p2|Coquelin|266|1005\n|teamsize|p1|6\n|teamsize|p2|6\n|gen|9\n|tier|[Gen 9] VGC 2023 Regulation E\n|rated|\n|rule|Species Clause: Limit one of each Pok\u00e9mon\n|rule|Item Clause: Limit one of each item\n|clearpoke\n|poke|p1|Volcarona, L50, F|\n|poke|p1|Sinistcha, L50|\n|poke|p1|Cetitan, L50, F|\n|poke|p1|Milotic, L50, M|\n|poke|p1|Ninetales-Alola, L50, M|\n|poke|p1|Iron Hands, L50|\n|poke|p2|Cyclizar, L50, F|\n|poke|p2|Scizor, L50, M|\n|poke|p2|Meowscarada, L50, F|\n|poke|p2|Talonflame, L50, F|\n|poke|p2|Flutter Mane, L50|\n|poke|p2|Gholdengo, L50|\n|teampreview|4\n|inactive|Battle timer is ON: inactive players will automatically lose when time's up. (requested by Venefici)\n|inactive|Coquelin has 60 seconds left.\n|\n|t:|1701026980\n|start\n|switch|p1a: Ninetales|Ninetales-Alola, L50, M|100\/100\n|switch|p1b: Volcarona|Volcarona, L50, F|100\/100\n|switch|p2a: Flutter Mane|Flutter Mane, L50|100\/100\n|switch|p2b: Cyclizar|Cyclizar, L50, F|100\/100\n|-weather|Snow|[from] ability: Snow Warning|[of] p1a: Ninetales\n|-enditem|p2a: Flutter Mane|Booster Energy\n|-activate|p2a: Flutter Mane|ability: Protosynthesis|[fromitem]\n|-start|p2a: Flutter Mane|protosynthesisspe\n|turn|1\n|inactive|Venefici has 30 seconds left.\n|\n|t:|1701027011\n|move|p2a: Flutter Mane|Imprison|p2a: Flutter Mane\n|-start|p2a: Flutter Mane|move: Imprison\n|move|p2b: Cyclizar|Taunt|p1a: Ninetales\n|-start|p1a: Ninetales|move: Taunt\n|cant|p1a: Ninetales|move: Taunt|Aurora Veil\n|move|p1b: Volcarona|Fiery Dance|p2a: Flutter Mane\n|-damage|p2a: Flutter Mane|57\/100\n|\n|-weather|Snow|[upkeep]\n|upkeep\n|turn|2\n|inactive|Coquelin has 30 seconds left.\n|inactive|Coquelin has 20 seconds left.\n|\n|t:|1701027048\n|move|p2a: Flutter Mane|Shadow Ball|p1a: Ninetales\n|-damage|p1a: Ninetales|60\/100\n|move|p2b: Cyclizar|Breaking Swipe|p1a: Ninetales|[spread] p1b\n|-immune|p1a: Ninetales\n|-damage|p1b: Volcarona|86\/100\n|-unboost|p1b: Volcarona|atk|1\n|-status|p2b: Cyclizar|brn|[from] ability: Flame Body|[of] p1b: Volcarona\n|move|p1a: Ninetales|Icy Wind|p2b: Cyclizar|[spread] p2a,p2b\n|-supereffective|p2b: Cyclizar\n|-damage|p2a: Flutter Mane|45\/100\n|-damage|p2b: Cyclizar|63\/100 brn\n|-unboost|p2a: Flutter Mane|spe|1\n|-unboost|p2b: Cyclizar|spe|1\n|move|p1b: Volcarona|Fiery Dance|p2a: Flutter Mane\n|-damage|p2a: Flutter Mane|4\/100\n|\n|-weather|Snow|[upkeep]\n|-heal|p2b: Cyclizar|69\/100 brn|[from] item: Leftovers\n|-heal|p1b: Volcarona|92\/100|[from] item: Leftovers\n|-damage|p2b: Cyclizar|63\/100 brn|[from] brn\n|upkeep\n|turn|3\n|\n|t:|1701027072\n|move|p2a: Flutter Mane|Dazzling Gleam|p1b: Volcarona|[spread] p1a,p1b\n|-resisted|p1b: Volcarona\n|-damage|p1a: Ninetales|33\/100\n|-damage|p1b: Volcarona|79\/100\n|move|p1a: Ninetales|Icy Wind|p2a: Flutter Mane|[spread] p2a,p2b\n|-supereffective|p2b: Cyclizar\n|-damage|p2a: Flutter Mane|0 fnt\n|-damage|p2b: Cyclizar|26\/100 brn\n|-unboost|p2b: Cyclizar|spe|1\n|faint|p2a: Flutter Mane\n|-end|p2a: Flutter Mane|Protosynthesis|[silent]\n|move|p1b: Volcarona|Quiver Dance|p1b: Volcarona\n|-boost|p1b: Volcarona|spa|1\n|-boost|p1b: Volcarona|spd|1\n|-boost|p1b: Volcarona|spe|1\n|move|p2b: Cyclizar|Shed Tail|p2b: Cyclizar\n|-fail|p2b: Cyclizar|move: Shed Tail|[weak]\n|\n|-weather|Snow|[upkeep]\n|-heal|p1b: Volcarona|84\/100|[from] item: Leftovers\n|-heal|p2b: Cyclizar|32\/100 brn|[from] item: Leftovers\n|-damage|p2b: Cyclizar|26\/100 brn|[from] brn\n|-end|p1a: Ninetales|move: Taunt\n|upkeep\n|\n|t:|1701027094\n|switch|p2a: Gholdengo|Gholdengo, L50|100\/100\n|turn|4\n|\n|t:|1701027117\n|switch|p1a: Cetitan|Cetitan, L50, F|100\/100\n|move|p1b: Volcarona|Fiery Dance|p2a: Gholdengo\n|-supereffective|p2a: Gholdengo\n|-damage|p2a: Gholdengo|0 fnt\n|faint|p2a: Gholdengo\n|move|p2b: Cyclizar|Ice Spinner|p1a: Cetitan\n|-resisted|p1a: Cetitan\n|-damage|p1a: Cetitan|99\/100\n|\n|-weather|Snow|[upkeep]\n|-heal|p1b: Volcarona|90\/100|[from] item: Leftovers\n|-heal|p2b: Cyclizar|32\/100 brn|[from] item: Leftovers\n|-damage|p2b: Cyclizar|26\/100 brn|[from] brn\n|upkeep\n|\n|t:|1701027131\n|switch|p2a: Meowscarada|Meowscarada, L50, F|100\/100\n|turn|5\n|inactive|Coquelin has 30 seconds left.\n|\n|t:|1701027161\n|-terastallize|p2a: Meowscarada|Grass\n|move|p2a: Meowscarada|Flower Trick|p1a: Cetitan\n|-crit|p1a: Cetitan\n|-damage|p1a: Cetitan|44\/100\n|-enditem|p1a: Cetitan|Sitrus Berry|[eat]\n|-heal|p1a: Cetitan|69\/100|[from] item: Sitrus Berry\n|-damage|p2a: Meowscarada|91\/100|[from] item: Life Orb\n|move|p1b: Volcarona|Fiery Dance|p2a: Meowscarada\n|-supereffective|p2a: Meowscarada\n|-damage|p2a: Meowscarada|0 fnt\n|-boost|p1b: Volcarona|spa|1\n|faint|p2a: Meowscarada\n|move|p1a: Cetitan|Belly Drum|p1a: Cetitan\n|-damage|p1a: Cetitan|19\/100\n|-setboost|p1a: Cetitan|atk|6|[from] move: Belly Drum\n|move|p2b: Cyclizar|Ice Spinner|p1b: Volcarona\n|-resisted|p1b: Volcarona\n|-damage|p1b: Volcarona|86\/100\n|\n|-weather|none\n|-heal|p1b: Volcarona|92\/100|[from] item: Leftovers\n|-heal|p2b: Cyclizar|32\/100 brn|[from] item: Leftovers\n|-damage|p2b: Cyclizar|26\/100 brn|[from] brn\n|upkeep\n|turn|6\n|inactive|Venefici has 30 seconds left.\n|inactive|Coquelin has 30 seconds left.\n|inactive|Venefici has 20 seconds left.\n|inactive|Venefici has 15 seconds left.\n|\n|t:|1701027202\n|move|p1a: Cetitan|Ice Shard|p2b: Cyclizar\n|-supereffective|p2b: Cyclizar\n|-damage|p2b: Cyclizar|0 fnt\n|faint|p2b: Cyclizar\n|\n|win|Venefici\n|raw|Venefici's rating: 1080 &rarr; <strong>1102<\/strong><br \/>(+22 for winning)\n|raw|Coquelin's rating: 1005 &rarr; <strong>1000<\/strong><br \/>(-5 for losing)\n|l|\u2606Coquelin\n","uploadtime":1701027462,"views":5,"p1id":"venefici","p2id":"coquelin","formatid":"gen9vgc2023regulatione","rating":1000,"private":0,"password":""}