{"id":"gen9vgc2023regulatione-1992508837","p1":"WillieDangerously","p2":"jomina","format":"[Gen 9] VGC 2023 Regulation E","log":"|j|\u2606WillieDangerously\n|j|\u2606jomina\n|t:|1700196902\n|gametype|doubles\n|player|p1|WillieDangerously|psychic-gen4|1425\n|player|p2|jomina|2|1336\n|teamsize|p1|6\n|teamsize|p2|6\n|gen|9\n|tier|[Gen 9] VGC 2023 Regulation E\n|rated|\n|rule|Species Clause: Limit one of each Pok\u00e9mon\n|rule|Item Clause: Limit one of each item\n|clearpoke\n|poke|p1|Iron Hands, L50|\n|poke|p1|Iron Bundle, L50|\n|poke|p1|Landorus-Therian, L50, M|\n|poke|p1|Sinistcha, L50|\n|poke|p1|Ninetales-Alola, L50, F|\n|poke|p1|Heatran, L50, M|\n|poke|p2|Tornadus, L50, M|\n|poke|p2|Heatran, L50, F|\n|poke|p2|Ogerpon-Wellspring, L50, F|\n|poke|p2|Iron Hands, L50|\n|poke|p2|Mamoswine, L50, M|\n|poke|p2|Urshifu-*, L50, M|\n|teampreview|4\n|inactive|Battle timer is ON: inactive players will automatically lose when time's up. (requested by jomina)\n|inactive|WillieDangerously has 60 seconds left.\n|inactive|jomina has 60 seconds left.\n|\n|t:|1700196962\n|start\n|switch|p1a: Ninetales|Ninetales-Alola, L50, F|100\/100\n|switch|p1b: Iron Hands|Iron Hands, L50|100\/100\n|switch|p2a: Mamoswine|Mamoswine, L50, M|100\/100\n|switch|p2b: Iron Hands|Iron Hands, L50|100\/100\n|-weather|Snow|[from] ability: Snow Warning|[of] p1a: Ninetales\n|turn|1\n|\n|t:|1700196978\n|-terastallize|p1b: Iron Hands|Flying\n|move|p1b: Iron Hands|Fake Out|p2b: Iron Hands\n|-damage|p2b: Iron Hands|89\/100\n|move|p1a: Ninetales|Aurora Veil|p1a: Ninetales\n|-sidestart|p1: WillieDangerously|move: Aurora Veil\n|move|p2a: Mamoswine|High Horsepower|p1b: Iron Hands\n|-immune|p1b: Iron Hands\n|cant|p2b: Iron Hands|flinch\n|\n|-weather|Snow|[upkeep]\n|upkeep\n|turn|2\n|\n|t:|1700197000\n|-end|p1b: Iron Hands|Quark Drive|[silent]\n|switch|p1b: Landorus|Landorus-Therian, L50, M|100\/100\n|-ability|p1b: Landorus|Intimidate|boost\n|-unboost|p2a: Mamoswine|atk|1\n|-unboost|p2b: Iron Hands|atk|1\n|move|p1a: Ninetales|Blizzard|p2a: Mamoswine|[spread] p2a,p2b\n|-damage|p2a: Mamoswine|85\/100\n|-damage|p2b: Iron Hands|75\/100\n|move|p2a: Mamoswine|Icicle Crash|p1b: Landorus\n|-supereffective|p1b: Landorus\n|-damage|p1b: Landorus|0 fnt\n|faint|p1b: Landorus\n|-damage|p2a: Mamoswine|75\/100|[from] item: Life Orb\n|move|p2b: Iron Hands|Heavy Slam|p1a: Ninetales\n|-supereffective|p1a: Ninetales\n|-damage|p1a: Ninetales|37\/100\n|\n|-weather|Snow|[upkeep]\n|upkeep\n|\n|t:|1700197020\n|switch|p1b: Sinistcha|Sinistcha, L50|100\/100\n|-heal|p1a: Ninetales|62\/100|[from] ability: Hospitality|[of] p1b: Sinistcha\n|turn|3\n|\n|t:|1700197041\n|switch|p1a: Iron Hands|Iron Hands, L50, tera:Flying|100\/100\n|move|p2a: Mamoswine|Icicle Crash|p1b: Sinistcha|[miss]\n|-miss|p2a: Mamoswine|p1b: Sinistcha\n|move|p2b: Iron Hands|Heavy Slam|p1a: Iron Hands\n|-damage|p1a: Iron Hands|96\/100\n|move|p1b: Sinistcha|Matcha Gotcha|p2b: Iron Hands|[spread] p2a,p2b\n|-supereffective|p2a: Mamoswine\n|-damage|p2a: Mamoswine|6\/100\n|-damage|p2b: Iron Hands|60\/100\n|\n|-weather|Snow|[upkeep]\n|upkeep\n|turn|4\n|\n|t:|1700197062\n|switch|p2a: Tornadus|Tornadus, L50, M|100\/100\n|-terastallize|p2b: Iron Hands|Fire\n|move|p1a: Iron Hands|Fake Out|p2b: Iron Hands\n|-damage|p2b: Iron Hands|49\/100\n|cant|p2b: Iron Hands|flinch\n|move|p1b: Sinistcha|Matcha Gotcha|p2b: Iron Hands|[spread] p2a,p2b\n|-resisted|p2a: Tornadus\n|-resisted|p2b: Iron Hands\n|-damage|p2a: Tornadus|82\/100\n|-damage|p2b: Iron Hands|40\/100\n|\n|-weather|Snow|[upkeep]\n|upkeep\n|turn|5\n|inactive|WillieDangerously has 30 seconds left.\n|inactive|WillieDangerously has 20 seconds left.\n|\n|t:|1700197099\n|move|p2a: Tornadus|Tailwind|p2a: Tornadus\n|-sidestart|p2: jomina|move: Tailwind\n|move|p2b: Iron Hands|Wild Charge|p1a: Iron Hands\n|-supereffective|p1a: Iron Hands\n|-damage|p1a: Iron Hands|63\/100\n|-damage|p2b: Iron Hands|32\/100|[from] Recoil\n|move|p1a: Iron Hands|Drain Punch|p2b: Iron Hands\n|-crit|p2b: Iron Hands\n|-damage|p2b: Iron Hands|0 fnt\n|-heal|p1a: Iron Hands|79\/100|[from] drain|[of] p2b: Iron Hands\n|faint|p2b: Iron Hands\n|-end|p2b: Iron Hands|Quark Drive|[silent]\n|move|p1b: Sinistcha|Trick Room|p1b: Sinistcha\n|-fieldstart|move: Trick Room|[of] p1b: Sinistcha\n|\n|-weather|none\n|upkeep\n|inactive|jomina has 30 seconds left.\n|\n|t:|1700197131\n|switch|p2b: Mamoswine|Mamoswine, L50, M|6\/100\n|turn|6\n|\n|t:|1700197155\n|move|p2b: Mamoswine|Protect|p2b: Mamoswine\n|-singleturn|p2b: Mamoswine|Protect\n|move|p1b: Sinistcha|Matcha Gotcha|p2b: Mamoswine|[spread] p2a\n|-activate|p2b: Mamoswine|move: Protect\n|-resisted|p2a: Tornadus\n|-damage|p2a: Tornadus|65\/100\n|move|p1a: Iron Hands|Wild Charge|p2a: Tornadus\n|-supereffective|p2a: Tornadus\n|-damage|p2a: Tornadus|0 fnt\n|faint|p2a: Tornadus\n|-damage|p1a: Iron Hands|66\/100|[from] Recoil\n|\n|upkeep\n|inactive|jomina has 30 seconds left.\n|\n|t:|1700197180\n|switch|p2a: Urshifu|Urshifu-Rapid-Strike, L50, M|100\/100\n|turn|7\n|\n|t:|1700197201\n|move|p1b: Sinistcha|Matcha Gotcha|p2b: Mamoswine|[spread] \n|-miss|p1b: Sinistcha|p2a: Urshifu\n|-miss|p1b: Sinistcha|p2b: Mamoswine\n|move|p1a: Iron Hands|Wild Charge|p2a: Urshifu\n|-supereffective|p2a: Urshifu\n|-damage|p2a: Urshifu|0 fnt\n|faint|p2a: Urshifu\n|-damage|p1a: Iron Hands|47\/100|[from] Recoil\n|move|p2b: Mamoswine|Icicle Crash|p1a: Iron Hands\n|-supereffective|p1a: Iron Hands\n|-damage|p1a: Iron Hands|0 fnt\n|faint|p1a: Iron Hands\n|-end|p1a: Iron Hands|Quark Drive|[silent]\n|-damage|p2b: Mamoswine|0 fnt|[from] item: Life Orb\n|faint|p2b: Mamoswine\n|\n|win|WillieDangerously\n|raw|WillieDangerously's rating: 1425 &rarr; <strong>1440<\/strong><br \/>(+15 for winning)\n|raw|jomina's rating: 1336 &rarr; <strong>1321<\/strong><br \/>(-15 for losing)\n|l|\u2606jomina\n","uploadtime":1700197220,"views":11,"p1id":"williedangerously","p2id":"jomina","formatid":"gen9vgc2023regulatione","rating":1321,"private":0,"password":""}