{"id":"gen9vgc2023regulatione-1996136142","p1":"Jungle211","p2":"wonder gawd","format":"[Gen 9] VGC 2023 Regulation E","log":"|j|\u2606Jungle211\n|j|\u2606wonder gawd\n|t:|1700649617\n|gametype|doubles\n|player|p1|Jungle211|burglar|1265\n|player|p2|wonder gawd|shadowtriad|1306\n|teamsize|p1|6\n|teamsize|p2|6\n|gen|9\n|tier|[Gen 9] VGC 2023 Regulation E\n|rated|\n|rule|Species Clause: Limit one of each Pok\u00e9mon\n|rule|Item Clause: Limit one of each item\n|clearpoke\n|poke|p1|Chi-Yu, L50|\n|poke|p1|Ogerpon-Wellspring, L50, F|\n|poke|p1|Orthworm, L50, M|\n|poke|p1|Ursaluna, L50, F|\n|poke|p1|Indeedee-F, L50, F|\n|poke|p1|Zapdos, L50|\n|poke|p2|Hariyama, L50, F|\n|poke|p2|Ogerpon-Cornerstone, L50, F|\n|poke|p2|Hatterene, L50, F|\n|poke|p2|Avalugg-Hisui, L50, M|\n|poke|p2|Tyranitar, L50, M|\n|poke|p2|Lycanroc, L50, M|\n|teampreview|4\n|inactive|Battle timer is ON: inactive players will automatically lose when time's up. (requested by wonder gawd)\n|inactive|Jungle211 has 60 seconds left.\n|\n|t:|1700649653\n|start\n|switch|p1a: Orthworm|Orthworm, L50, M|100\/100\n|switch|p1b: Indeedee|Indeedee-F, L50, F|100\/100\n|switch|p2a: horimiya|Hariyama, L50, F, shiny|100\/100\n|switch|p2b: One Yas Pls|Hatterene, L50, F, shiny|100\/100\n|-fieldstart|move: Psychic Terrain|[from] ability: Psychic Surge|[of] p1b: Indeedee\n|turn|1\n|inactive|wonder gawd has 30 seconds left.\n|inactive|wonder gawd has 20 seconds left.\n|inactive|wonder gawd has 15 seconds left.\n|\n|t:|1700649696\n|-terastallize|p1a: Orthworm|Fire\n|move|p1b: Indeedee|Psychic|p2a: horimiya\n|-supereffective|p2a: horimiya\n|-damage|p2a: horimiya|4\/100\n|move|p1a: Orthworm|Iron Defense|p1a: Orthworm\n|-boost|p1a: Orthworm|def|2\n|move|p2a: horimiya|Drain Punch|p1a: Orthworm\n|-damage|p1a: Orthworm|86\/100\n|-heal|p2a: horimiya|9\/100|[from] drain|[of] p1a: Orthworm\n|move|p2b: One Yas Pls|Dazzling Gleam|p1a: Orthworm|[spread] p1a,p1b\n|-resisted|p1a: Orthworm\n|-crit|p1b: Indeedee\n|-damage|p1a: Orthworm|66\/100\n|-damage|p1b: Indeedee|48\/100\n|\n|-heal|p1a: Orthworm|72\/100|[from] item: Leftovers\n|-status|p2a: horimiya|brn|[from] item: Flame Orb\n|upkeep\n|turn|2\n|inactive|Jungle211 has 30 seconds left.\n|inactive|wonder gawd has 30 seconds left.\n|\n|t:|1700649730\n|switch|p2a: Gwiddy|Tyranitar, L50, M, shiny|100\/100\n|-weather|Sandstorm|[from] ability: Sand Stream|[of] p2a: Gwiddy\n|move|p1b: Indeedee|Protect|p1b: Indeedee\n|-singleturn|p1b: Indeedee|Protect\n|move|p1a: Orthworm|Protect|p1a: Orthworm\n|-singleturn|p1a: Orthworm|Protect\n|move|p2b: One Yas Pls|Dazzling Gleam|p1b: Indeedee|[spread] \n|-activate|p1a: Orthworm|move: Protect\n|-activate|p1b: Indeedee|move: Protect\n|\n|-weather|Sandstorm|[upkeep]\n|-damage|p1b: Indeedee|42\/100|[from] Sandstorm\n|-damage|p1a: Orthworm|66\/100|[from] Sandstorm\n|-damage|p2b: One Yas Pls|94\/100|[from] Sandstorm\n|-heal|p1a: Orthworm|72\/100|[from] item: Leftovers\n|upkeep\n|turn|3\n|inactive|Jungle211 has 30 seconds left.\n|\n|t:|1700649760\n|switch|p1b: Ursaluna|Ursaluna, L50, F, shiny|100\/100\n|-terastallize|p2a: Gwiddy|Fairy\n|move|p2a: Gwiddy|Rock Slide|p1b: Ursaluna|[spread] p1a,p1b\n|-supereffective|p1a: Orthworm\n|-resisted|p1b: Ursaluna\n|-damage|p1a: Orthworm|43\/100\n|-damage|p1b: Ursaluna|84\/100\n|-damage|p2a: Gwiddy|91\/100|[from] item: Life Orb\n|move|p1a: Orthworm|Heavy Slam|p2b: One Yas Pls\n|-supereffective|p2b: One Yas Pls\n|-damage|p2b: One Yas Pls|5\/100\n|move|p2b: One Yas Pls|Dazzling Gleam|p1b: Ursaluna|[spread] p1a,p1b\n|-resisted|p1a: Orthworm\n|-damage|p1a: Orthworm|23\/100\n|-damage|p1b: Ursaluna|56\/100\n|\n|-weather|Sandstorm|[upkeep]\n|-damage|p2a: Gwiddy|85\/100|[from] Sandstorm\n|-damage|p1a: Orthworm|17\/100|[from] Sandstorm\n|-damage|p2b: One Yas Pls|0 fnt|[from] Sandstorm\n|faint|p2b: One Yas Pls\n|-heal|p1a: Orthworm|23\/100|[from] item: Leftovers\n|-status|p1b: Ursaluna|brn|[from] item: Flame Orb\n|upkeep\n|\n|t:|1700649781\n|switch|p2b: oh nana|Lycanroc, L50, M, shiny|100\/100\n|turn|4\n|inactive|Jungle211 has 30 seconds left.\n|inactive|Jungle211 has 20 seconds left.\n|inactive|Jungle211 has 15 seconds left.\n|inactive|Jungle211 has 10 seconds left.\n|\n|t:|1700649830\n|move|p2b: oh nana|Rock Slide|p1a: Orthworm|[spread] p1a,p1b\n|-supereffective|p1a: Orthworm\n|-resisted|p1b: Ursaluna\n|-damage|p1a: Orthworm|4\/100\n|-damage|p1b: Ursaluna|45\/100 brn\n|move|p2a: Gwiddy|Rock Slide|p1b: Ursaluna|[spread] p1a,p1b\n|-supereffective|p1a: Orthworm\n|-resisted|p1b: Ursaluna\n|-damage|p1a: Orthworm|0 fnt\n|-damage|p1b: Ursaluna|28\/100 brn\n|faint|p1a: Orthworm\n|-damage|p2a: Gwiddy|75\/100|[from] item: Life Orb\n|move|p1b: Ursaluna|Earthquake|p2b: oh nana|[spread] p2a,p2b\n|-supereffective|p2b: oh nana\n|-damage|p2a: Gwiddy|25\/100\n|-enditem|p2b: oh nana|Focus Sash\n|-damage|p2b: oh nana|1\/100\n|\n|-weather|Sandstorm|[upkeep]\n|-damage|p2a: Gwiddy|19\/100|[from] Sandstorm\n|-damage|p1b: Ursaluna|22\/100 brn|[from] brn\n|upkeep\n|\n|t:|1700649836\n|switch|p1a: Indeedee|Indeedee-F, L50, F|42\/100\n|turn|5\n|\n|t:|1700649853\n|move|p1b: Ursaluna|Protect|p1b: Ursaluna\n|-singleturn|p1b: Ursaluna|Protect\n|move|p2b: oh nana|Rock Slide|p1b: Ursaluna|[spread] p1a\n|-activate|p1b: Ursaluna|move: Protect\n|-damage|p1a: Indeedee|8\/100\n|move|p2a: Gwiddy|Rock Slide|p1b: Ursaluna|[spread] p1a\n|-activate|p1b: Ursaluna|move: Protect\n|-damage|p1a: Indeedee|0 fnt\n|faint|p1a: Indeedee\n|-damage|p2a: Gwiddy|9\/100|[from] item: Life Orb\n|\n|-weather|Sandstorm|[upkeep]\n|-damage|p2a: Gwiddy|3\/100|[from] Sandstorm\n|-damage|p1b: Ursaluna|16\/100 brn|[from] brn\n|-fieldend|move: Psychic Terrain\n|upkeep\n|\n|t:|1700649855\n|switch|p1a: Ogerpon|Ogerpon-Wellspring, L50, F|100\/100\n|turn|6\n|\n|t:|1700649880\n|move|p2b: oh nana|Rock Slide|p1a: Ogerpon|[spread] p1a,p1b\n|-resisted|p1b: Ursaluna\n|-damage|p1a: Ogerpon|65\/100\n|-damage|p1b: Ursaluna|5\/100 brn\n|move|p1a: Ogerpon|Ivy Cudgel|p2b: oh nana|[anim] Ivy Cudgel Water\n|-supereffective|p2b: oh nana\n|-damage|p2b: oh nana|0 fnt\n|faint|p2b: oh nana\n|move|p2a: Gwiddy|Rock Slide|p1b: Ursaluna|[spread] p1a,p1b\n|-resisted|p1b: Ursaluna\n|-damage|p1a: Ogerpon|16\/100\n|-damage|p1b: Ursaluna|0 fnt\n|faint|p1b: Ursaluna\n|-damage|p2a: Gwiddy|0 fnt|[from] item: Life Orb\n|faint|p2a: Gwiddy\n|\n|-weather|none\n|upkeep\n|\n|t:|1700649895\n|switch|p2a: horimiya|Hariyama, L50, F, shiny|9\/100 brn\n|turn|7\n|\n|t:|1700649916\n|move|p1a: Ogerpon|Spiky Shield|p1a: Ogerpon\n|-singleturn|p1a: Ogerpon|move: Protect\n|move|p2a: horimiya|Fake Out|p1a: Ogerpon\n|-activate|p1a: Ogerpon|move: Protect\n|-damage|p2a: horimiya|0 fnt|[from] Spiky Shield|[of] p1a: Ogerpon\n|faint|p2a: horimiya\n|\n|win|Jungle211\n|raw|Jungle211's rating: 1265 &rarr; <strong>1293<\/strong><br \/>(+28 for winning)\n|raw|wonder gawd's rating: 1306 &rarr; <strong>1284<\/strong><br \/>(-22 for losing)\n|l|\u2606wonder gawd\n","uploadtime":1700649936,"views":2,"p1id":"jungle211","p2id":"wondergawd","formatid":"gen9vgc2023regulatione","rating":1284,"private":0,"password":""}