{"id":"gen9vgc2023regulatione-1994882899","p1":"Qsdq","p2":"PunkRockObstagoon","format":"[Gen 9] VGC 2023 Regulation E","log":"|j|\u2606Qsdq\n|j|\u2606PunkRockObstagoon\n|t:|1700501430\n|gametype|doubles\n|player|p1|Qsdq|bruno|1580\n|player|p2|PunkRockObstagoon|hilbert|1484\n|teamsize|p1|6\n|teamsize|p2|6\n|gen|9\n|tier|[Gen 9] VGC 2023 Regulation E\n|rated|\n|rule|Species Clause: Limit one of each Pok\u00e9mon\n|rule|Item Clause: Limit one of each item\n|clearpoke\n|poke|p1|Sneasler, L50, M|\n|poke|p1|Indeedee-F, L50, F|\n|poke|p1|Armarouge, L50, M|\n|poke|p1|Urshifu-*, L50, F|\n|poke|p1|Chien-Pao, L50|\n|poke|p1|Tornadus, L50, M|\n|poke|p2|Spinarak, L50, M|\n|poke|p2|Tatsugiri-Droopy, L50, M|\n|poke|p2|Lurantis, L50, F|\n|poke|p2|Farigiraf, L50, F|\n|poke|p2|Houndstone, L50, M|\n|poke|p2|Roaring Moon, L50|\n|teampreview|4\n|inactive|Battle timer is ON: inactive players will automatically lose when time's up. (requested by PunkRockObstagoon)\n|inactive|Qsdq also wants the timer to be on.\n|inactive|PunkRockObstagoon has 60 seconds left.\n|\n|t:|1700501468\n|start\n|switch|p1a: Armarouge|Armarouge, L50, M|100\/100\n|switch|p1b: Urshifu|Urshifu-Rapid-Strike, L50, F|100\/100\n|switch|p2a: Farigiraf|Farigiraf, L50, F|100\/100\n|switch|p2b: Roaring Moon|Roaring Moon, L50|100\/100\n|-enditem|p2b: Roaring Moon|Booster Energy\n|-activate|p2b: Roaring Moon|ability: Protosynthesis|[fromitem]\n|-start|p2b: Roaring Moon|protosynthesisspe\n|turn|1\n|\n|t:|1700501486\n|move|p1a: Armarouge|Endure|p1a: Armarouge\n|-singleturn|p1a: Armarouge|move: Endure\n|move|p2b: Roaring Moon|Knock Off|p1a: Armarouge\n|-supereffective|p1a: Armarouge\n|-activate|p1a: Armarouge|move: Endure\n|-damage|p1a: Armarouge|1\/100\n|-ability|p1a: Armarouge|Weak Armor|boost\n|-unboost|p1a: Armarouge|def|1\n|-boost|p1a: Armarouge|spe|2\n|-enditem|p1a: Armarouge|Focus Sash|[from] move: Knock Off|[of] p2b: Roaring Moon\n|move|p1b: Urshifu|Close Combat|p2b: Roaring Moon\n|-supereffective|p2b: Roaring Moon\n|-damage|p2b: Roaring Moon|0 fnt\n|-unboost|p1b: Urshifu|def|1\n|-unboost|p1b: Urshifu|spd|1\n|faint|p2b: Roaring Moon\n|-end|p2b: Roaring Moon|Protosynthesis|[silent]\n|move|p2a: Farigiraf|Trick Room|p2a: Farigiraf\n|-fieldstart|move: Trick Room|[of] p2a: Farigiraf\n|\n|upkeep\n|inactive|PunkRockObstagoon has 30 seconds left.\n|\n|t:|1700501518\n|switch|p2b: Houndstone|Houndstone, L50, M|100\/100\n|turn|2\n|\n|t:|1700501531\n|move|p2a: Farigiraf|Hyper Voice|p1a: Armarouge|[spread] p1a,p1b\n|-damage|p1a: Armarouge|0 fnt\n|-damage|p1b: Urshifu|31\/100\n|faint|p1a: Armarouge\n|move|p2b: Houndstone|Last Respects|p1b: Urshifu\n|-damage|p1b: Urshifu|0 fnt\n|faint|p1b: Urshifu\n|\n|upkeep\n|\n|t:|1700501537\n|switch|p1a: Chien-Pao|Chien-Pao, L50|100\/100\n|switch|p1b: Tornadus|Tornadus, L50, M|100\/100\n|-ability|p1a: Chien-Pao|Sword of Ruin\n|turn|3\n|\n|t:|1700501543\n|move|p1a: Chien-Pao|Protect|p1a: Chien-Pao\n|-singleturn|p1a: Chien-Pao|Protect\n|move|p1b: Tornadus|Substitute|p1b: Tornadus\n|-start|p1b: Tornadus|Substitute\n|-damage|p1b: Tornadus|76\/100\n|move|p2a: Farigiraf|Hyper Voice|p1a: Chien-Pao|[spread] p1b\n|-activate|p1a: Chien-Pao|move: Protect\n|-damage|p1b: Tornadus|27\/100\n|move|p2b: Houndstone|Last Respects|p1b: Tornadus\n|-end|p1b: Tornadus|Substitute\n|\n|upkeep\n|turn|4\n|\n|t:|1700501563\n|-terastallize|p2b: Houndstone|Fairy\n|move|p1b: Tornadus|Protect|p1b: Tornadus\n|-singleturn|p1b: Tornadus|Protect\n|move|p2a: Farigiraf|Hyper Voice|p1b: Tornadus|[spread] p1a\n|-activate|p1b: Tornadus|move: Protect\n|-damage|p1a: Chien-Pao|48\/100\n|move|p2b: Houndstone|Play Rough|p1a: Chien-Pao\n|-supereffective|p1a: Chien-Pao\n|-damage|p1a: Chien-Pao|0 fnt\n|faint|p1a: Chien-Pao\n|\n|upkeep\n|turn|5\n|\n|t:|1700501576\n|move|p1b: Tornadus|Protect||[still]\n|-fail|p1b: Tornadus\n|move|p2a: Farigiraf|Psychic|p1b: Tornadus\n|-damage|p1b: Tornadus|0 fnt\n|faint|p1b: Tornadus\n|\n|win|PunkRockObstagoon\n|raw|Qsdq's rating: 1580 &rarr; <strong>1553<\/strong><br \/>(-27 for losing)\n|raw|PunkRockObstagoon's rating: 1459 &rarr; <strong>1486<\/strong><br \/>(+27 for winning)\n","uploadtime":1700501579,"views":10,"p1id":"qsdq","p2id":"punkrockobstagoon","formatid":"gen9vgc2023regulatione","rating":1486,"private":0,"password":""}