{"id":"gen9vgc2023regulatione-1992875856","p1":"FunKMeistR","p2":"Dryslide","format":"[Gen 9] VGC 2023 Regulation E","log":"|j|\u2606FunKMeistR\n|j|\u2606Dryslide\n|t:|1700243045\n|gametype|doubles\n|player|p1|FunKMeistR|hilda|1222\n|player|p2|Dryslide|flannery|1237\n|teamsize|p1|6\n|teamsize|p2|6\n|gen|9\n|tier|[Gen 9] VGC 2023 Regulation E\n|rated|\n|rule|Species Clause: Limit one of each Pok\u00e9mon\n|rule|Item Clause: Limit one of each item\n|clearpoke\n|poke|p1|Ogerpon-Hearthflame, L50, F|\n|poke|p1|Urshifu-*, L50, M|\n|poke|p1|Sinistcha, L50|\n|poke|p1|Tornadus, L50, M|\n|poke|p1|Landorus-Therian, L50, M|\n|poke|p1|Flutter Mane, L50|\n|poke|p2|Flutter Mane, L50|\n|poke|p2|Urshifu-*, L50, M|\n|poke|p2|Arcanine-Hisui, L50, F|\n|poke|p2|Rillaboom, L50, F|\n|poke|p2|Chien-Pao, L50|\n|poke|p2|Tornadus, L50, M|\n|teampreview|4\n|inactive|Battle timer is ON: inactive players will automatically lose when time's up. (requested by FunKMeistR)\n|\n|t:|1700243061\n|start\n|switch|p1a: Landorus|Landorus-Therian, L50, M|100\/100\n|switch|p1b: Flutter Mane|Flutter Mane, L50|100\/100\n|switch|p2a: Arcanine|Arcanine-Hisui, L50, F, shiny|100\/100\n|switch|p2b: Tornadus|Tornadus, L50, M|100\/100\n|-ability|p1a: Landorus|Intimidate|boost\n|-unboost|p2a: Arcanine|atk|1\n|-unboost|p2b: Tornadus|atk|1\n|-ability|p2a: Arcanine|Intimidate|boost\n|-unboost|p1a: Landorus|atk|1\n|-unboost|p1b: Flutter Mane|atk|1\n|-enditem|p1b: Flutter Mane|Booster Energy\n|-activate|p1b: Flutter Mane|ability: Protosynthesis|[fromitem]\n|-start|p1b: Flutter Mane|protosynthesisspe\n|turn|1\n|\n|t:|1700243085\n|-terastallize|p2a: Arcanine|Fairy\n|move|p1b: Flutter Mane|Protect|p1b: Flutter Mane\n|-singleturn|p1b: Flutter Mane|Protect\n|move|p2b: Tornadus|Tailwind|p2b: Tornadus\n|-sidestart|p2: Dryslide|move: Tailwind\n|move|p2a: Arcanine|Rock Slide|p1b: Flutter Mane|[spread] p1a\n|-activate|p1b: Flutter Mane|move: Protect\n|-damage|p1a: Landorus|63\/100\n|move|p1a: Landorus|Stomping Tantrum|p2a: Arcanine\n|-damage|p2a: Arcanine|67\/100\n|\n|upkeep\n|turn|2\n|inactive|FunKMeistR has 30 seconds left.\n|inactive|Dryslide has 30 seconds left.\n|inactive|Dryslide has 20 seconds left.\n|\n|t:|1700243121\n|switch|p2b: Chien-Pao|Chien-Pao, L50|100\/100\n|-ability|p2b: Chien-Pao|Sword of Ruin\n|switch|p1a: Sinistcha|Sinistcha, L50|100\/100\n|move|p1b: Flutter Mane|Icy Wind|p2a: Arcanine|[spread] p2a\n|-miss|p1b: Flutter Mane|p2b: Chien-Pao\n|-damage|p2a: Arcanine|49\/100\n|-unboost|p2a: Arcanine|spe|1\n|move|p2a: Arcanine|Rock Slide|p1b: Flutter Mane|[spread] p1a,p1b\n|-damage|p1a: Sinistcha|59\/100\n|-damage|p1b: Flutter Mane|13\/100\n|\n|upkeep\n|turn|3\n|inactive|FunKMeistR has 30 seconds left.\n|inactive|FunKMeistR has 20 seconds left.\n|\n|t:|1700243157\n|switch|p1a: Landorus|Landorus-Therian, L50, M|63\/100\n|-ability|p1a: Landorus|Intimidate|boost\n|-unboost|p2a: Arcanine|atk|1\n|-unboost|p2b: Chien-Pao|atk|1\n|move|p2b: Chien-Pao|Sucker Punch|p1b: Flutter Mane\n|-damage|p1b: Flutter Mane|0 fnt\n|faint|p1b: Flutter Mane\n|-end|p1b: Flutter Mane|Protosynthesis|[silent]\n|move|p2a: Arcanine|Rock Slide|p1a: Landorus\n|-damage|p1a: Landorus|16\/100\n|\n|upkeep\n|\n|t:|1700243168\n|switch|p1b: Sinistcha|Sinistcha, L50|59\/100\n|-heal|p1a: Landorus|41\/100|[from] ability: Hospitality|[of] p1b: Sinistcha\n|turn|4\n|inactive|FunKMeistR has 30 seconds left.\n|inactive|Dryslide has 30 seconds left.\n|\n|t:|1700243199\n|switch|p2b: Flutter Mane|Flutter Mane, L50|100\/100\n|-enditem|p2b: Flutter Mane|Booster Energy\n|-activate|p2b: Flutter Mane|ability: Protosynthesis|[fromitem]\n|-start|p2b: Flutter Mane|protosynthesisspa\n|switch|p2a: Tornadus|Tornadus, L50, M|100\/100\n|move|p1b: Sinistcha|Protect|p1b: Sinistcha\n|-singleturn|p1b: Sinistcha|Protect\n|move|p1a: Landorus|U-turn|p2b: Flutter Mane\n|-resisted|p2b: Flutter Mane\n|-damage|p2b: Flutter Mane|91\/100\n|\n|t:|1700243211\n|switch|p1a: Ogerpon|Ogerpon-Hearthflame, L50, F|100\/100|[from] U-turn\n|-ability|p1a: Ogerpon|Mold Breaker\n|\n|-sideend|p2: Dryslide|move: Tailwind\n|upkeep\n|turn|5\n|\n|t:|1700243234\n|-terastallize|p1b: Sinistcha|Fire\n|move|p2b: Flutter Mane|Protect|p2b: Flutter Mane\n|-singleturn|p2b: Flutter Mane|Protect\n|move|p2a: Tornadus|Rain Dance|p2a: Tornadus\n|-weather|RainDance\n|move|p1a: Ogerpon|Swords Dance|p1a: Ogerpon\n|-boost|p1a: Ogerpon|atk|2\n|move|p1b: Sinistcha|Matcha Gotcha|p2b: Flutter Mane|[spread] p2a\n|-activate|p2b: Flutter Mane|move: Protect\n|-resisted|p2a: Tornadus\n|-damage|p2a: Tornadus|82\/100\n|-heal|p1b: Sinistcha|72\/100|[from] drain|[of] p2a: Tornadus\n|-status|p2a: Tornadus|brn\n|-damage|p1b: Sinistcha|62\/100|[from] item: Life Orb\n|\n|-weather|RainDance|[upkeep]\n|-damage|p2a: Tornadus|76\/100 brn|[from] brn\n|upkeep\n|turn|6\n|inactive|FunKMeistR has 30 seconds left.\n|\n|t:|1700243263\n|-end|p2b: Flutter Mane|Protosynthesis|[silent]\n|switch|p2b: Arcanine|Arcanine-Hisui, L50, F, shiny, tera:Fairy|49\/100\n|-ability|p2b: Arcanine|Intimidate|boost\n|-unboost|p1a: Ogerpon|atk|1\n|-unboost|p1b: Sinistcha|atk|1\n|move|p1a: Ogerpon|Horn Leech|p2b: Arcanine\n|-damage|p2b: Arcanine|0 fnt\n|faint|p2b: Arcanine\n|move|p2a: Tornadus|Bleakwind Storm|p1b: Sinistcha|[spread] p1a,p1b\n|-supereffective|p1a: Ogerpon\n|-damage|p1a: Ogerpon|22\/100\n|-damage|p1b: Sinistcha|31\/100\n|move|p1b: Sinistcha|Shadow Ball|p2a: Tornadus\n|-damage|p2a: Tornadus|29\/100 brn\n|-damage|p1b: Sinistcha|21\/100|[from] item: Life Orb\n|\n|-weather|RainDance|[upkeep]\n|-damage|p2a: Tornadus|23\/100 brn|[from] brn\n|upkeep\n|inactive|Dryslide has 30 seconds left.\n|\n|t:|1700243292\n|switch|p2b: Flutter Mane|Flutter Mane, L50|91\/100\n|turn|7\n|\n|t:|1700243302\n|switch|p1b: Landorus|Landorus-Therian, L50, M|41\/100\n|-ability|p1b: Landorus|Intimidate|boost\n|-unboost|p2a: Tornadus|atk|1\n|-unboost|p2b: Flutter Mane|atk|1\n|move|p2b: Flutter Mane|Protect|p2b: Flutter Mane\n|-singleturn|p2b: Flutter Mane|Protect\n|move|p1a: Ogerpon|Spiky Shield|p1a: Ogerpon\n|-singleturn|p1a: Ogerpon|move: Protect\n|move|p2a: Tornadus|Bleakwind Storm|p1b: Landorus|[spread] p1b\n|-activate|p1a: Ogerpon|move: Protect\n|-damage|p1b: Landorus|0 fnt\n|faint|p1b: Landorus\n|\n|-weather|RainDance|[upkeep]\n|-damage|p2a: Tornadus|17\/100 brn|[from] brn\n|upkeep\n|\n|t:|1700243318\n|switch|p1b: Sinistcha|Sinistcha, L50, tera:Fire|21\/100\n|-heal|p1a: Ogerpon|46\/100|[from] ability: Hospitality|[of] p1b: Sinistcha\n|turn|8\n|\n|t:|1700243333\n|move|p2b: Flutter Mane|Shadow Ball|p1a: Ogerpon\n|-damage|p1a: Ogerpon|0 fnt\n|faint|p1a: Ogerpon\n|move|p2a: Tornadus|Bleakwind Storm|p1b: Sinistcha\n|-damage|p1b: Sinistcha|0 fnt\n|faint|p1b: Sinistcha\n|\n|win|Dryslide\n|raw|FunKMeistR's rating: 1222 &rarr; <strong>1198<\/strong><br \/>(-24 for losing)\n|raw|Dryslide's rating: 1237 &rarr; <strong>1261<\/strong><br \/>(+24 for winning)\n|l|\u2606FunKMeistR\n","uploadtime":1700243344,"views":10,"p1id":"funkmeistr","p2id":"dryslide","formatid":"gen9vgc2023regulatione","rating":1198,"private":0,"password":""}