{"id":"gen9vgc2023regulatione-1988495399","p1":"challengedacepted","p2":"Jippt351","format":"[Gen 9] VGC 2023 Regulation E","log":"|j|\u2606challengedacepted\n|j|\u2606Jippt351\n|t:|1699729075\n|gametype|doubles\n|player|p1|challengedacepted|102|1267\n|player|p2|Jippt351|1|1235\n|teamsize|p1|6\n|teamsize|p2|6\n|gen|9\n|tier|[Gen 9] VGC 2023 Regulation E\n|rated|\n|rule|Species Clause: Limit one of each Pok\u00e9mon\n|rule|Item Clause: Limit one of each item\n|clearpoke\n|poke|p1|Rillaboom, L50, F|\n|poke|p1|Slowbro, L50, F|\n|poke|p1|Gengar, L50, M|\n|poke|p1|Torkoal, L50, M|\n|poke|p1|Conkeldurr, L50, M|\n|poke|p1|Hatterene, L50, F|\n|poke|p2|Tornadus, L50, M|\n|poke|p2|Flutter Mane, L50|\n|poke|p2|Regidrago, L50|\n|poke|p2|Heatran, L50, F|\n|poke|p2|Urshifu-*, L50, M|\n|poke|p2|Farigiraf, L50, M|\n|teampreview|4\n|inactive|Battle timer is ON: inactive players will automatically lose when time's up. (requested by Jippt351)\n|l|\u2606Jippt351\n|inactive|Jippt351 disconnected and has a minute to reconnect!\n|player|p2|\n|j|\u2606Jippt351\n|inactive|Jippt351 reconnected and has 65 seconds left.\n|player|p2|Jippt351|1\n|inactive|Jippt351 has 60 seconds left.\n|\n|t:|1699729112\n|start\n|switch|p1a: Slowbro|Slowbro, L50, F|100\/100\n|switch|p1b: Rillaboom|Rillaboom, L50, F|100\/100\n|switch|p2a: Farigiraf|Farigiraf, L50, M|100\/100\n|switch|p2b: Urshifu|Urshifu, L50, M|100\/100\n|-fieldstart|move: Grassy Terrain|[from] ability: Grassy Surge|[of] p1b: Rillaboom\n|turn|1\n|inactive|challengedacepted has 30 seconds left.\n|inactive|Jippt351 has 30 seconds left.\n|\n|t:|1699729140\n|-terastallize|p1a: Slowbro|Grass\n|move|p2b: Urshifu|Wicked Blow|p1b: Rillaboom\n|-crit|p1b: Rillaboom\n|-damage|p1b: Rillaboom|41\/100\n|move|p1b: Rillaboom|Knock Off|p2a: Farigiraf\n|-supereffective|p2a: Farigiraf\n|-damage|p2a: Farigiraf|33\/100\n|-damage|p1b: Rillaboom|25\/100|[from] item: Rocky Helmet|[of] p2a: Farigiraf\n|-enditem|p2a: Farigiraf|Rocky Helmet|[from] move: Knock Off|[of] p1b: Rillaboom\n|move|p2a: Farigiraf|Imprison|p2a: Farigiraf\n|-start|p2a: Farigiraf|move: Imprison\n|cant|p1a: Slowbro|move: Imprison|Trick Room\n|\n|-heal|p1b: Rillaboom|30\/100|[from] Grassy Terrain\n|-heal|p2a: Farigiraf|39\/100|[from] Grassy Terrain\n|upkeep\n|turn|2\n|\n|t:|1699729163\n|move|p2b: Urshifu|Wicked Blow|p1b: Rillaboom\n|-crit|p1b: Rillaboom\n|-damage|p1b: Rillaboom|0 fnt\n|faint|p1b: Rillaboom\n|move|p2a: Farigiraf|Dazzling Gleam|p1a: Slowbro\n|-damage|p1a: Slowbro|80\/100\n|move|p1a: Slowbro|Psyshock|p2b: Urshifu\n|-immune|p2b: Urshifu\n|\n|-heal|p2a: Farigiraf|45\/100|[from] Grassy Terrain\n|-heal|p1a: Slowbro|86\/100|[from] Grassy Terrain\n|-heal|p1a: Slowbro|92\/100|[from] item: Leftovers\n|upkeep\n|\n|t:|1699729174\n|switch|p1b: Conkeldurr|Conkeldurr, L50, M|100\/100\n|turn|3\n|inactive|Jippt351 has 30 seconds left.\n|\n|t:|1699729209\n|move|p2b: Urshifu|Wicked Blow|p1a: Slowbro\n|-crit|p1a: Slowbro\n|-damage|p1a: Slowbro|43\/100\n|move|p1b: Conkeldurr|Close Combat|p2b: Urshifu\n|-supereffective|p2b: Urshifu\n|-damage|p2b: Urshifu|0 fnt\n|-unboost|p1b: Conkeldurr|def|1\n|-unboost|p1b: Conkeldurr|spd|1\n|faint|p2b: Urshifu\n|move|p2a: Farigiraf|Psychic|p1b: Conkeldurr\n|-supereffective|p1b: Conkeldurr\n|-damage|p1b: Conkeldurr|0 fnt\n|faint|p1b: Conkeldurr\n|move|p1a: Slowbro|Scald|p2a: Farigiraf\n|-damage|p2a: Farigiraf|18\/100\n|-status|p2a: Farigiraf|brn\n|\n|-heal|p2a: Farigiraf|24\/100 brn|[from] Grassy Terrain\n|-heal|p1a: Slowbro|49\/100|[from] Grassy Terrain\n|-heal|p1a: Slowbro|54\/100|[from] item: Leftovers\n|-damage|p2a: Farigiraf|18\/100 brn|[from] brn\n|upkeep\n|\n|t:|1699729222\n|switch|p2b: Heatran|Heatran, L50, F|100\/100\n|switch|p1b: Hatterene|Hatterene, L50, F|100\/100\n|turn|4\n|\n|t:|1699729240\n|-terastallize|p2b: Heatran|Fairy\n|move|p1b: Hatterene|Protect|p1b: Hatterene\n|-singleturn|p1b: Hatterene|Protect\n|move|p2b: Heatran|Heat Wave|p1a: Slowbro|[spread] p1a\n|-activate|p1b: Hatterene|move: Protect\n|-supereffective|p1a: Slowbro\n|-damage|p1a: Slowbro|0 fnt\n|faint|p1a: Slowbro\n|-damage|p2b: Heatran|91\/100|[from] item: Life Orb\n|move|p2a: Farigiraf|Dazzling Gleam|p1b: Hatterene\n|-activate|p1b: Hatterene|move: Protect\n|\n|-heal|p2b: Heatran|97\/100|[from] Grassy Terrain\n|-heal|p2a: Farigiraf|24\/100 brn|[from] Grassy Terrain\n|-damage|p2a: Farigiraf|18\/100 brn|[from] brn\n|upkeep\n|turn|5\n|l|\u2606challengedacepted\n|inactive|challengedacepted disconnected and has a minute to reconnect!\n|player|p1|\n|inactive|Jippt351 has 30 seconds left.\n|inactive|Jippt351 has 20 seconds left.\n|\n|t:|1699729277\n|move|p1b: Hatterene|Protect||[still]\n|-fail|p1b: Hatterene\n|move|p2b: Heatran|Earth Power|p1b: Hatterene\n|-damage|p1b: Hatterene|52\/100\n|-damage|p2b: Heatran|87\/100|[from] item: Life Orb\n|move|p2a: Farigiraf|Psychic|p1b: Hatterene\n|-resisted|p1b: Hatterene\n|-damage|p1b: Hatterene|33\/100\n|\n|-heal|p2b: Heatran|93\/100|[from] Grassy Terrain\n|-heal|p2a: Farigiraf|24\/100 brn|[from] Grassy Terrain\n|-heal|p1b: Hatterene|40\/100|[from] Grassy Terrain\n|-damage|p2a: Farigiraf|18\/100 brn|[from] brn\n|-fieldend|move: Grassy Terrain\n|upkeep\n|turn|6\n|inactive|challengedacepted has 30 seconds left.\n|inactive|challengedacepted has 20 seconds left.\n|inactive|challengedacepted has 15 seconds left.\n|inactive|challengedacepted has 10 seconds left.\n|inactive|challengedacepted has 5 seconds left.\n|-message|challengedacepted lost due to inactivity.\n|\n|win|Jippt351\n|raw|challengedacepted's rating: 1267 &rarr; <strong>1240<\/strong><br \/>(-27 for losing)\n|raw|Jippt351's rating: 1235 &rarr; <strong>1262<\/strong><br \/>(+27 for winning)\n","uploadtime":1699729336,"views":35,"p1id":"challengedacepted","p2id":"jippt351","formatid":"gen9vgc2023regulatione","rating":1240,"private":0,"password":""}