{"id":"gen9vgc2023regulatione-1989026736","p1":"TokyoFlavourBongo","p2":"tibo2904","format":"[Gen 9] VGC 2023 Regulation E","log":"|j|\u2606TokyoFlavourBongo\n|j|\u2606tibo2904\n|t:|1699803829\n|gametype|doubles\n|player|p1|TokyoFlavourBongo|psychic-gen2|1120\n|player|p2|tibo2904|102|1107\n|teamsize|p1|6\n|teamsize|p2|6\n|gen|9\n|tier|[Gen 9] VGC 2023 Regulation E\n|rated|\n|rule|Species Clause: Limit one of each Pok\u00e9mon\n|rule|Item Clause: Limit one of each item\n|clearpoke\n|poke|p1|Scizor, L50, M|\n|poke|p1|Samurott-Hisui, L50, F|\n|poke|p1|Indeedee-F, L50, F|\n|poke|p1|Klefki, L50, M|\n|poke|p1|Iron Hands, L50|\n|poke|p1|Heatran, L50, M|\n|poke|p2|Scizor, L50, F|\n|poke|p2|Milotic, L50, M|\n|poke|p2|Sinistcha-Masterpiece, L50|\n|poke|p2|Volcarona, L50, M|\n|poke|p2|Noivern, L50, F|\n|poke|p2|Grimmsnarl, L50, M|\n|teampreview|4\n|inactive|Battle timer is ON: inactive players will automatically lose when time's up. (requested by tibo2904)\n|\n|t:|1699803847\n|start\n|switch|p1a: Samurott|Samurott-Hisui, L50, F|100\/100\n|switch|p1b: Iron Hands|Iron Hands, L50|100\/100\n|switch|p2a: Scizor|Scizor, L50, F|100\/100\n|switch|p2b: Noivern|Noivern, L50, F|100\/100\n|turn|1\n|\n|t:|1699803870\n|move|p1b: Iron Hands|Fake Out|p2a: Scizor\n|-resisted|p2a: Scizor\n|-damage|p2a: Scizor|92\/100\n|move|p2b: Noivern|Screech|p1a: Samurott\n|-unboost|p1a: Samurott|def|2\n|-enditem|p2b: Noivern|Throat Spray\n|-boost|p2b: Noivern|spa|1|[from] item: Throat Spray\n|move|p1a: Samurott|Aqua Cutter|p2b: Noivern\n|-resisted|p2b: Noivern\n|-damage|p2b: Noivern|60\/100\n|-damage|p1a: Samurott|91\/100|[from] item: Life Orb\n|cant|p2a: Scizor|flinch\n|\n|upkeep\n|turn|2\n|\n|t:|1699803889\n|switch|p1a: Heatran|Heatran, L50, M|100\/100\n|move|p2b: Noivern|Tailwind|p2b: Noivern\n|-sidestart|p2: tibo2904|move: Tailwind\n|move|p2a: Scizor|Lunge|p1a: Heatran\n|-resisted|p1a: Heatran\n|-damage|p1a: Heatran|91\/100\n|-unboost|p1a: Heatran|atk|1\n|move|p1b: Iron Hands|Wild Charge|p2b: Noivern\n|-damage|p2b: Noivern|0 fnt\n|faint|p2b: Noivern\n|-damage|p1b: Iron Hands|91\/100|[from] Recoil\n|\n|-heal|p1a: Heatran|97\/100|[from] item: Leftovers\n|upkeep\n|\n|t:|1699803906\n|switch|p2b: Grimmsnarl|Grimmsnarl, L50, M|100\/100\n|turn|3\n|\n|t:|1699803918\n|move|p2b: Grimmsnarl|Fake Out|p1b: Iron Hands\n|-damage|p1b: Iron Hands|84\/100\n|move|p2a: Scizor|Close Combat|p1a: Heatran\n|-supereffective|p1a: Heatran\n|-damage|p1a: Heatran|18\/100\n|-unboost|p2a: Scizor|def|1\n|-unboost|p2a: Scizor|spd|1\n|move|p1a: Heatran|Magma Storm|p2a: Scizor\n|-supereffective|p2a: Scizor\n|-damage|p2a: Scizor|0 fnt\n|faint|p2a: Scizor\n|cant|p1b: Iron Hands|flinch\n|\n|-heal|p1a: Heatran|24\/100|[from] item: Leftovers\n|upkeep\n|\n|t:|1699803931\n|switch|p2a: Sinistcha|Sinistcha-Masterpiece, L50|100\/100\n|turn|4\n|\n|t:|1699803940\n|-terastallize|p2a: Sinistcha|Dragon\n|move|p1a: Heatran|Protect|p1a: Heatran\n|-singleturn|p1a: Heatran|Protect\n|move|p2b: Grimmsnarl|Light Screen|p2b: Grimmsnarl\n|-sidestart|p2: tibo2904|move: Light Screen\n|move|p2a: Sinistcha|Calm Mind|p2a: Sinistcha\n|-boost|p2a: Sinistcha|spa|1\n|-boost|p2a: Sinistcha|spd|1\n|move|p1b: Iron Hands|Play Rough|p2a: Sinistcha\n|-supereffective|p2a: Sinistcha\n|-damage|p2a: Sinistcha|49\/100\n|\n|-heal|p1a: Heatran|30\/100|[from] item: Leftovers\n|upkeep\n|turn|5\n|inactive|TokyoFlavourBongo has 30 seconds left.\n|\n|t:|1699803965\n|move|p2b: Grimmsnarl|Reflect|p2b: Grimmsnarl\n|-sidestart|p2: tibo2904|Reflect\n|move|p2a: Sinistcha|Strength Sap|p1b: Iron Hands\n|-unboost|p1b: Iron Hands|atk|1\n|-heal|p2a: Sinistcha|100\/100\n|move|p1a: Heatran|Magma Storm|p2b: Grimmsnarl\n|-damage|p2b: Grimmsnarl|75\/100\n|-activate|p2b: Grimmsnarl|move: Magma Storm|[of] p1a: Heatran\n|move|p1b: Iron Hands|Play Rough|p2a: Sinistcha\n|-supereffective|p2a: Sinistcha\n|-crit|p2a: Sinistcha\n|-damage|p2a: Sinistcha|29\/100\n|\n|-heal|p1a: Heatran|36\/100|[from] item: Leftovers\n|-damage|p2b: Grimmsnarl|62\/100|[from] move: Magma Storm|[partiallytrapped]\n|-sideend|p2: tibo2904|move: Tailwind\n|upkeep\n|turn|6\n|inactive|tibo2904 has 30 seconds left.\n|\n|t:|1699803991\n|switch|p1a: Scizor|Scizor, L50, M|100\/100\n|move|p2b: Grimmsnarl|Fake Tears|p1a: Scizor\n|-unboost|p1a: Scizor|spd|2\n|move|p2a: Sinistcha|Strength Sap|p1b: Iron Hands\n|-unboost|p1b: Iron Hands|atk|1\n|-heal|p2a: Sinistcha|100\/100\n|move|p1b: Iron Hands|Play Rough|p2a: Sinistcha\n|-supereffective|p2a: Sinistcha\n|-damage|p2a: Sinistcha|84\/100\n|-unboost|p2a: Sinistcha|atk|1\n|\n|-end|p2b: Grimmsnarl|Magma Storm|[partiallytrapped]|[silent]\n|upkeep\n|turn|7\n|\n|t:|1699804014\n|move|p1a: Scizor|Bullet Punch|p2b: Grimmsnarl\n|-supereffective|p2b: Grimmsnarl\n|-damage|p2b: Grimmsnarl|0 fnt\n|faint|p2b: Grimmsnarl\n|move|p2a: Sinistcha|Calm Mind|p2a: Sinistcha\n|-boost|p2a: Sinistcha|spa|1\n|-boost|p2a: Sinistcha|spd|1\n|move|p1b: Iron Hands|Play Rough|p2a: Sinistcha\n|-supereffective|p2a: Sinistcha\n|-damage|p2a: Sinistcha|67\/100\n|-unboost|p2a: Sinistcha|atk|1\n|\n|upkeep\n|turn|8\n|\n|t:|1699804032\n|switch|p1a: Heatran|Heatran, L50, M|36\/100\n|move|p2a: Sinistcha|Strength Sap|p1a: Heatran\n|-unboost|p1a: Heatran|atk|1\n|-heal|p2a: Sinistcha|100\/100\n|move|p1b: Iron Hands|Play Rough|p2a: Sinistcha|[miss]\n|-miss|p1b: Iron Hands|p2a: Sinistcha\n|\n|-heal|p1a: Heatran|42\/100|[from] item: Leftovers\n|upkeep\n|turn|9\n|\n|t:|1699804049\n|move|p1a: Heatran|Magma Storm|p2a: Sinistcha|[miss]\n|-miss|p1a: Heatran|p2a: Sinistcha\n|move|p2a: Sinistcha|Calm Mind|p2a: Sinistcha\n|-boost|p2a: Sinistcha|spa|1\n|-boost|p2a: Sinistcha|spd|1\n|move|p1b: Iron Hands|Play Rough|p2a: Sinistcha\n|-supereffective|p2a: Sinistcha\n|-damage|p2a: Sinistcha|81\/100\n|\n|-heal|p1a: Heatran|48\/100|[from] item: Leftovers\n|upkeep\n|turn|10\n|\n|t:|1699804066\n|move|p1a: Heatran|Magma Storm|p2a: Sinistcha|[miss]\n|-miss|p1a: Heatran|p2a: Sinistcha\n|move|p2a: Sinistcha|Calm Mind|p2a: Sinistcha\n|-boost|p2a: Sinistcha|spa|1\n|-boost|p2a: Sinistcha|spd|1\n|move|p1b: Iron Hands|Play Rough|p2a: Sinistcha\n|-supereffective|p2a: Sinistcha\n|-damage|p2a: Sinistcha|65\/100\n|\n|-heal|p1a: Heatran|54\/100|[from] item: Leftovers\n|upkeep\n|turn|11\n|\n|t:|1699804081\n|move|p1a: Heatran|Magma Storm|p2a: Sinistcha\n|-resisted|p2a: Sinistcha\n|-damage|p2a: Sinistcha|58\/100\n|-activate|p2a: Sinistcha|move: Magma Storm|[of] p1a: Heatran\n|move|p2a: Sinistcha|Strength Sap|p1b: Iron Hands\n|-unboost|p1b: Iron Hands|atk|1\n|-heal|p2a: Sinistcha|100\/100\n|move|p1b: Iron Hands|Play Rough|p2a: Sinistcha\n|-supereffective|p2a: Sinistcha\n|-damage|p2a: Sinistcha|85\/100\n|\n|-heal|p1a: Heatran|60\/100|[from] item: Leftovers\n|-damage|p2a: Sinistcha|73\/100|[from] move: Magma Storm|[partiallytrapped]\n|-sideend|p2: tibo2904|move: Light Screen\n|upkeep\n|turn|12\n|inactive|TokyoFlavourBongo has 30 seconds left.\n|\n|t:|1699804107\n|move|p1a: Heatran|Earth Power|p2a: Sinistcha\n|-damage|p2a: Sinistcha|62\/100\n|move|p2a: Sinistcha|Shadow Ball|p1a: Heatran\n|-damage|p1a: Heatran|0 fnt\n|faint|p1a: Heatran\n|move|p1b: Iron Hands|Play Rough|p2a: Sinistcha\n|-supereffective|p2a: Sinistcha\n|-damage|p2a: Sinistcha|49\/100\n|\n|-end|p2a: Sinistcha|Magma Storm|[partiallytrapped]|[silent]\n|-sideend|p2: tibo2904|Reflect\n|upkeep\n|\n|t:|1699804117\n|switch|p1a: Scizor|Scizor, L50, M|100\/100\n|turn|13\n|\n|t:|1699804124\n|-end|p1b: Iron Hands|Quark Drive|[silent]\n|switch|p1b: Samurott|Samurott-Hisui, L50, F|91\/100\n|move|p1a: Scizor|Bullet Punch|p2a: Sinistcha\n|-damage|p2a: Sinistcha|10\/100\n|-enditem|p2a: Sinistcha|Wiki Berry|[eat]\n|-heal|p2a: Sinistcha|43\/100|[from] item: Wiki Berry\n|move|p2a: Sinistcha|Strength Sap|p1a: Scizor\n|-unboost|p1a: Scizor|atk|1\n|-heal|p2a: Sinistcha|100\/100\n|\n|upkeep\n|turn|14\n|\n|t:|1699804141\n|-terastallize|p1b: Samurott|Water\n|move|p1a: Scizor|Bullet Punch|p2a: Sinistcha\n|-damage|p2a: Sinistcha|74\/100\n|move|p1b: Samurott|Aqua Cutter|p2a: Sinistcha\n|-resisted|p2a: Sinistcha\n|-damage|p2a: Sinistcha|47\/100\n|-damage|p1b: Samurott|81\/100|[from] item: Life Orb\n|move|p2a: Sinistcha|Matcha Gotcha|p1b: Samurott|[spread] p1a\n|-miss|p2a: Sinistcha|p1b: Samurott\n|-resisted|p1a: Scizor\n|-damage|p1a: Scizor|77\/100\n|-heal|p2a: Sinistcha|58\/100|[from] drain|[of] p1a: Scizor\n|\n|upkeep\n|turn|15\n|\n|t:|1699804159\n|switch|p1b: Iron Hands|Iron Hands, L50|84\/100\n|move|p1a: Scizor|Bullet Punch|p2a: Sinistcha\n|-damage|p2a: Sinistcha|33\/100\n|move|p2a: Sinistcha|Strength Sap|p1b: Iron Hands\n|-unboost|p1b: Iron Hands|atk|1\n|-heal|p2a: Sinistcha|100\/100\n|\n|upkeep\n|turn|16\n|\n|t:|1699804178\n|switch|p1a: Samurott|Samurott-Hisui, L50, F, tera:Water|81\/100\n|move|p1b: Iron Hands|Fake Out|p2a: Sinistcha\n|-damage|p2a: Sinistcha|92\/100\n|cant|p2a: Sinistcha|flinch\n|\n|upkeep\n|turn|17\n|\n|t:|1699804193\n|-end|p1b: Iron Hands|Quark Drive|[silent]\n|switch|p1b: Scizor|Scizor, L50, M|77\/100\n|move|p1a: Samurott|Ceaseless Edge|p2a: Sinistcha\n|-damage|p2a: Sinistcha|53\/100\n|-sidestart|p2: tibo2904|Spikes\n|-damage|p1a: Samurott|71\/100|[from] item: Life Orb\n|move|p2a: Sinistcha|Matcha Gotcha|p1b: Scizor|[spread] p1a,p1b\n|-supereffective|p1a: Samurott\n|-resisted|p1b: Scizor\n|-damage|p1a: Samurott|0 fnt\n|-heal|p2a: Sinistcha|86\/100|[from] drain|[of] p1a: Samurott\n|-damage|p1b: Scizor|56\/100\n|-heal|p2a: Sinistcha|97\/100|[from] drain|[of] p1b: Scizor\n|faint|p1a: Samurott\n|\n|upkeep\n|\n|t:|1699804206\n|switch|p1a: Iron Hands|Iron Hands, L50|84\/100\n|turn|18\n|\n|t:|1699804215\n|move|p1a: Iron Hands|Fake Out|p2a: Sinistcha\n|-damage|p2a: Sinistcha|85\/100\n|move|p1b: Scizor|Bullet Punch|p2a: Sinistcha\n|-damage|p2a: Sinistcha|46\/100\n|cant|p2a: Sinistcha|flinch\n|\n|upkeep\n|turn|19\n|\n|t:|1699804233\n|move|p1b: Scizor|Bullet Punch|p2a: Sinistcha\n|-damage|p2a: Sinistcha|10\/100\n|move|p2a: Sinistcha|Strength Sap|p1b: Scizor\n|-unboost|p1b: Scizor|atk|1\n|-heal|p2a: Sinistcha|100\/100\n|move|p1a: Iron Hands|Play Rough|p2a: Sinistcha\n|-supereffective|p2a: Sinistcha\n|-damage|p2a: Sinistcha|49\/100\n|\n|upkeep\n|turn|20\n|\n|t:|1699804245\n|move|p1b: Scizor|Bullet Punch|p2a: Sinistcha\n|-damage|p2a: Sinistcha|25\/100\n|move|p2a: Sinistcha|Strength Sap|p1a: Iron Hands\n|-unboost|p1a: Iron Hands|atk|1\n|-heal|p2a: Sinistcha|100\/100\n|move|p1a: Iron Hands|Play Rough|p2a: Sinistcha\n|-supereffective|p2a: Sinistcha\n|-damage|p2a: Sinistcha|68\/100\n|-unboost|p2a: Sinistcha|atk|1\n|\n|upkeep\n|turn|21\n|\n|t:|1699804259\n|move|p1b: Scizor|Bullet Punch|p2a: Sinistcha\n|-damage|p2a: Sinistcha|45\/100\n|move|p2a: Sinistcha|Matcha Gotcha|p1b: Scizor|[spread] p1a,p1b\n|-resisted|p1b: Scizor\n|-damage|p1a: Iron Hands|41\/100\n|-heal|p2a: Sinistcha|77\/100|[from] drain|[of] p1a: Iron Hands\n|-damage|p1b: Scizor|33\/100\n|-heal|p2a: Sinistcha|88\/100|[from] drain|[of] p1b: Scizor\n|move|p1a: Iron Hands|Play Rough|p2a: Sinistcha\n|-supereffective|p2a: Sinistcha\n|-damage|p2a: Sinistcha|51\/100\n|\n|upkeep\n|turn|22\n|\n|t:|1699804277\n|move|p1b: Scizor|Bullet Punch|p2a: Sinistcha\n|-damage|p2a: Sinistcha|26\/100\n|move|p2a: Sinistcha|Strength Sap|p1b: Scizor\n|-unboost|p1b: Scizor|atk|1\n|-heal|p2a: Sinistcha|100\/100\n|move|p1a: Iron Hands|Play Rough|p2a: Sinistcha\n|-supereffective|p2a: Sinistcha\n|-damage|p2a: Sinistcha|67\/100\n|\n|upkeep\n|turn|23\n|\n|t:|1699804292\n|move|p1b: Scizor|Bullet Punch|p2a: Sinistcha\n|-damage|p2a: Sinistcha|48\/100\n|move|p2a: Sinistcha|Matcha Gotcha|p1a: Iron Hands|[spread] p1a,p1b\n|-resisted|p1b: Scizor\n|-damage|p1a: Iron Hands|0 fnt\n|-heal|p2a: Sinistcha|77\/100|[from] drain|[of] p1a: Iron Hands\n|-damage|p1b: Scizor|12\/100\n|-heal|p2a: Sinistcha|88\/100|[from] drain|[of] p1b: Scizor\n|faint|p1a: Iron Hands\n|-end|p1a: Iron Hands|Quark Drive|[silent]\n|\n|upkeep\n|turn|24\n|-message|TokyoFlavourBongo forfeited.\n|\n|win|tibo2904\n|raw|TokyoFlavourBongo's rating: 1099 &rarr; <strong>1075<\/strong><br \/>(-24 for losing)\n|raw|tibo2904's rating: 1107 &rarr; <strong>1131<\/strong><br \/>(+24 for winning)\n|c|\u2606tibo2904|gg\n","uploadtime":1699804575,"views":7,"p1id":"tokyoflavourbongo","p2id":"tibo2904","formatid":"gen9vgc2023regulatione","rating":1075,"private":0,"password":""}