{"id":"gen9vgc2023regulatione-1990409031","p1":"Tilzy","p2":"Dragon_MLG","format":"[Gen 9] VGC 2023 Regulation E","log":"|j|\u2606Tilzy\n|j|\u2606Dragon_MLG\n|t:|1699967977\n|gametype|doubles\n|player|p1|Tilzy|102|\n|player|p2|Dragon_MLG|riley|\n|teamsize|p1|6\n|teamsize|p2|6\n|gen|9\n|tier|[Gen 9] VGC 2023 Regulation E\n|rated|Tournament battle\n|rule|Species Clause: Limit one of each Pok\u00e9mon\n|rule|Item Clause: Limit one of each item\n|clearpoke\n|poke|p1|Regidrago, L50|\n|poke|p1|Tornadus, L50, M|\n|poke|p1|Urshifu-*, L50, M|\n|poke|p1|Rillaboom, L50, M|\n|poke|p1|Gholdengo, L50|\n|poke|p1|Ogerpon-Hearthflame, L50, F|\n|poke|p2|Urshifu-*, L50, F|\n|poke|p2|Ogerpon-Cornerstone, L50, F|\n|poke|p2|Indeedee-F, L50, F|\n|poke|p2|Armarouge, L50, M|\n|poke|p2|Hatterene, L50, F|\n|poke|p2|Kingambit, L50, F|\n|teampreview|4\n|showteam|p1|Regidrago||DragonFang|DragonsMaw|DragonEnergy,DragonPulse,EarthPower,Protect||||||50|,,,,,Steel]Tornadus||FocusSash|Prankster|IcyWind,Protect,BleakwindStorm,Tailwind|||M|||50|,,,,,Ghost]Urshifu-Rapid-Strike||ChoiceScarf|UnseenFist|SurgingStrikes,CloseCombat,AquaJet,RockSlide|||M|||50|,,,,,Water]Rillaboom||AssaultVest|GrassySurge|GrassyGlide,HighHorsepower,WoodHammer,FakeOut|||M|||50|,,,,,Fire]Gholdengo||ChoiceSpecs|GoodasGold|MakeItRain,ShadowBall,Thunderbolt,PowerGem||||||50|,,,,,Steel]Ogerpon-Hearthflame||HearthflameMask|MoldBreaker|IvyCudgel,GrassyGlide,FollowMe,SpikyShield|||F|||50|,,,,,Fire\n|showteam|p2|Urshifu-Rapid-Strike||ChoiceScarf|UnseenFist|SurgingStrikes,CloseCombat,AquaJet,Uturn|||F|||50|,,,,,Water]Ogerpon-Cornerstone||CornerstoneMask|Sturdy|IvyCudgel,WoodHammer,FollowMe,SpikyShield|||F|||50|,,,,,Rock]Indeedee-F||PsychicSeed|PsychicSurge|FollowMe,SkillSwap,TrickRoom,HelpingHand|||F|||50|,,,,,Fire]Armarouge||LifeOrb|FlashFire|ExpandingForce,ArmorCannon,TrickRoom,Protect|||M|||50|,,,,,Psychic]Hatterene||FocusSash|MagicBounce|DazzlingGleam,Psychic,TrickRoom,Protect|||F|||50|,,,,,Fire]Kingambit||BlackGlasses|Defiant|KowtowCleave,SuckerPunch,IronHead,Protect|||F|||50|,,,,,Fire\n|j| fyfyyalt1\n|\n|t:|1699968069\n|start\n|switch|p1a: Gholdengo|Gholdengo, L50, shiny|100\/100\n|switch|p1b: Tornadus|Tornadus, L50, M, shiny|100\/100\n|switch|p2a: Armarouge|Armarouge, L50, M|100\/100\n|switch|p2b: Hatterene|Hatterene, L50, F|100\/100\n|turn|1\n|\n|t:|1699968101\n|-terastallize|p1a: Gholdengo|Steel\n|-terastallize|p2b: Hatterene|Fire\n|move|p2a: Armarouge|Protect|p2a: Armarouge\n|-singleturn|p2a: Armarouge|Protect\n|move|p1b: Tornadus|Bleakwind Storm|p2b: Hatterene|[spread] p2b\n|-activate|p2a: Armarouge|move: Protect\n|-damage|p2b: Hatterene|58\/100\n|move|p1a: Gholdengo|Make It Rain|p2b: Hatterene|[spread] p2b\n|-activate|p2a: Armarouge|move: Protect\n|-resisted|p2b: Hatterene\n|-damage|p2b: Hatterene|8\/100\n|-unboost|p1a: Gholdengo|spa|1\n|move|p2b: Hatterene|Trick Room|p2b: Hatterene\n|-fieldstart|move: Trick Room|[of] p2b: Hatterene\n|\n|upkeep\n|turn|2\n|\n|t:|1699968149\n|move|p2b: Hatterene|Psychic|p1b: Tornadus\n|-crit|p1b: Tornadus\n|-enditem|p1b: Tornadus|Focus Sash\n|-damage|p1b: Tornadus|1\/100\n|move|p2a: Armarouge|Armor Cannon|p1a: Gholdengo\n|-supereffective|p1a: Gholdengo\n|-damage|p1a: Gholdengo|0 fnt\n|-unboost|p2a: Armarouge|def|1\n|-unboost|p2a: Armarouge|spd|1\n|faint|p1a: Gholdengo\n|-damage|p2a: Armarouge|91\/100|[from] item: Life Orb\n|move|p1b: Tornadus|Bleakwind Storm|p2b: Hatterene|[spread] p2b\n|-miss|p1b: Tornadus|p2a: Armarouge\n|-damage|p2b: Hatterene|0 fnt\n|faint|p2b: Hatterene\n|\n|upkeep\n|\n|t:|1699968167\n|switch|p2b: Indeedee|Indeedee-F, L50, F|100\/100\n|switch|p1a: Rillaboom|Rillaboom, L50, M, shiny|100\/100\n|-fieldstart|move: Psychic Terrain|[from] ability: Psychic Surge|[of] p2b: Indeedee\n|-enditem|p2b: Indeedee|Psychic Seed\n|-boost|p2b: Indeedee|spd|1|[from] item: Psychic Seed\n|-fieldstart|move: Grassy Terrain|[from] ability: Grassy Surge|[of] p1a: Rillaboom\n|turn|3\n|c|\u2606Tilzy|that miss hurt\n|c| fyfyyalt1|rng lords\n|c| fyfyyalt1|:0\n|\n|t:|1699968195\n|switch|p1b: Ogerpon|Ogerpon-Hearthflame, L50, F|100\/100\n|-ability|p1b: Ogerpon|Mold Breaker\n|move|p2a: Armarouge|Protect|p2a: Armarouge\n|-singleturn|p2a: Armarouge|Protect\n|move|p2b: Indeedee|Skill Swap|p1b: Ogerpon\n|-activate|p2b: Indeedee|move: Skill Swap|Mold Breaker|Psychic Surge|[of] p1b: Ogerpon\n|-ability|p2b: Indeedee|Mold Breaker\n|-fieldstart|move: Psychic Terrain|[from] ability: Psychic Surge|[of] p1b: Ogerpon\n|move|p1a: Rillaboom|High Horsepower|p2a: Armarouge\n|-activate|p2a: Armarouge|move: Protect\n|\n|upkeep\n|turn|4\n|c| fyfyyalt1|Damnnnnnn\n|\n|t:|1699968213\n|switch|p1a: Tornadus|Tornadus, L50, M, shiny|1\/100\n|move|p2b: Indeedee|Helping Hand|p2a: Armarouge\n|-singleturn|p2a: Armarouge|Helping Hand|[of] p2b: Indeedee\n|move|p1b: Ogerpon|Spiky Shield|p1b: Ogerpon\n|-singleturn|p1b: Ogerpon|move: Protect\n|move|p2a: Armarouge|Expanding Force|p1b: Ogerpon|[spread] p1a\n|-activate|p1b: Ogerpon|move: Protect\n|-damage|p1a: Tornadus|0 fnt\n|faint|p1a: Tornadus\n|-damage|p2a: Armarouge|81\/100|[from] item: Life Orb\n|\n|upkeep\n|c| fyfyyalt1|Wtf that was a broken strat\n|j| FunneeMonkee\n|\n|t:|1699968221\n|switch|p1a: Rillaboom|Rillaboom, L50, M, shiny|100\/100\n|-fieldstart|move: Grassy Terrain|[from] ability: Grassy Surge|[of] p1a: Rillaboom\n|turn|5\n|l| FunneeMonkee\n|\n|t:|1699968239\n|switch|p2b: Kingambit|Kingambit, L50, F|100\/100\n|move|p2a: Armarouge|Armor Cannon|p1a: Rillaboom\n|-supereffective|p1a: Rillaboom\n|-damage|p1a: Rillaboom|0 fnt\n|-unboost|p2a: Armarouge|def|1\n|-unboost|p2a: Armarouge|spd|1\n|faint|p1a: Rillaboom\n|-damage|p2a: Armarouge|72\/100|[from] item: Life Orb\n|move|p1b: Ogerpon|Ivy Cudgel|p2b: Kingambit|[anim] Ivy Cudgel Fire\n|-supereffective|p2b: Kingambit\n|-damage|p2b: Kingambit|7\/100\n|\n|-heal|p2b: Kingambit|13\/100|[from] Grassy Terrain\n|-heal|p2a: Armarouge|78\/100|[from] Grassy Terrain\n|-fieldend|move: Trick Room\n|upkeep\n|turn|6\n|c|\u2606Tilzy|thats a good one indeed\n|j| FunneeMonkee\n|c| fyfyyalt1|fr\n|c| fyfyyalt1|Funnee\n|\n|t:|1699968265\n|switch|p2a: Indeedee|Indeedee-F, L50, F|100\/100\n|-fieldstart|move: Psychic Terrain|[from] ability: Psychic Surge|[of] p2a: Indeedee\n|move|p1b: Ogerpon|Spiky Shield|p1b: Ogerpon\n|-singleturn|p1b: Ogerpon|move: Protect\n|move|p2b: Kingambit|Kowtow Cleave|p1b: Ogerpon\n|-activate|p1b: Ogerpon|move: Protect\n|-damage|p2b: Kingambit|0 fnt|[from] Spiky Shield|[of] p1b: Ogerpon\n|faint|p2b: Kingambit\n|\n|upkeep\n|\n|t:|1699968274\n|switch|p2b: Armarouge|Armarouge, L50, M|78\/100\n|turn|7\n|\n|t:|1699968284\n|move|p2a: Indeedee|Follow Me|p2a: Indeedee\n|-singleturn|p2a: Indeedee|move: Follow Me\n|move|p1b: Ogerpon|Grassy Glide|p2a: Indeedee\n|-damage|p2a: Indeedee|71\/100\n|move|p2b: Armarouge|Trick Room|p2b: Armarouge\n|-fieldstart|move: Trick Room|[of] p2b: Armarouge\n|\n|upkeep\n|turn|8\n|\n|t:|1699968292\n|move|p2a: Indeedee|Helping Hand|p2b: Armarouge\n|-singleturn|p2b: Armarouge|Helping Hand|[of] p2a: Indeedee\n|move|p2b: Armarouge|Expanding Force|p1b: Ogerpon\n|-damage|p1b: Ogerpon|0 fnt\n|faint|p1b: Ogerpon\n|-damage|p2b: Armarouge|68\/100|[from] item: Life Orb\n|\n|win|Dragon_MLG\n|n|\u2606Tilzy|tilzy\n|n|\u2606Dragon_MLG|dragonmlg\n|n| fyfyyalt1|fyfyyalt1\n|n| FunneeMonkee|funneemonkee\n","uploadtime":1699968293,"views":11,"p1id":"tilzy","p2id":"dragonmlg","formatid":"gen9vgc2023regulatione","rating":0,"private":0,"password":""}