{"id":"gen9vgc2023regulatione-1988131661","p1":"GreenMachine798","p2":"Crumbeldum","format":"[Gen 9] VGC 2023 Regulation E","log":"|j|\u2606GreenMachine798\n|j|\u2606Crumbeldum\n|t:|1699673513\n|gametype|doubles\n|player|p1|GreenMachine798|steven|1167\n|player|p2|Crumbeldum|266|1258\n|teamsize|p1|6\n|teamsize|p2|6\n|gen|9\n|tier|[Gen 9] VGC 2023 Regulation E\n|rated|\n|rule|Species Clause: Limit one of each Pok\u00e9mon\n|rule|Item Clause: Limit one of each item\n|clearpoke\n|poke|p1|Ursaluna-Bloodmoon, L50, M|\n|poke|p1|Indeedee-F, L50, F|\n|poke|p1|Lilligant-Hisui, L50, F|\n|poke|p1|Torkoal, L50, M|\n|poke|p1|Armarouge, L50, F|\n|poke|p1|Sneasler, L50, M|\n|poke|p2|Tornadus, L50, M|\n|poke|p2|Rillaboom, L50, F|\n|poke|p2|Arcanine-Hisui, L50, M|\n|poke|p2|Flutter Mane, L50|\n|poke|p2|Urshifu-*, L50, M|\n|poke|p2|Roaring Moon, L50|\n|teampreview|4\n|inactive|Battle timer is ON: inactive players will automatically lose when time's up. (requested by GreenMachine798)\n|\n|t:|1699673567\n|start\n|switch|p1a: Indeedee|Indeedee-F, L50, F|100\/100\n|switch|p1b: Sneasler|Sneasler, L50, M|100\/100\n|switch|p2a: Roaring Moon|Roaring Moon, L50|100\/100\n|switch|p2b: Urshifu|Urshifu-Rapid-Strike, L50, M|100\/100\n|-fieldstart|move: Psychic Terrain|[from] ability: Psychic Surge|[of] p1a: Indeedee\n|-enditem|p1b: Sneasler|Psychic Seed\n|-boost|p1b: Sneasler|spd|1|[from] item: Psychic Seed\n|-enditem|p2a: Roaring Moon|Booster Energy\n|-activate|p2a: Roaring Moon|ability: Protosynthesis|[fromitem]\n|-start|p2a: Roaring Moon|protosynthesisatk\n|turn|1\n|inactive|Crumbeldum has 30 seconds left.\n|inactive|Crumbeldum has 20 seconds left.\n|inactive|Crumbeldum has 15 seconds left.\n|inactive|Crumbeldum has 10 seconds left.\n|\n|t:|1699673615\n|move|p2b: Urshifu|Detect|p2b: Urshifu\n|-singleturn|p2b: Urshifu|Protect\n|move|p1a: Indeedee|Follow Me|p1a: Indeedee\n|-singleturn|p1a: Indeedee|move: Follow Me\n|move|p1b: Sneasler|Acrobatics|p2b: Urshifu\n|-activate|p2b: Urshifu|move: Protect\n|move|p2a: Roaring Moon|Knock Off|p1a: Indeedee\n|-supereffective|p1a: Indeedee\n|-damage|p1a: Indeedee|0 fnt\n|-damage|p2a: Roaring Moon|84\/100|[from] item: Rocky Helmet|[of] p1a: Indeedee\n|-enditem|p1a: Indeedee|Rocky Helmet|[from] move: Knock Off|[of] p2a: Roaring Moon\n|faint|p1a: Indeedee\n|\n|upkeep\n|\n|t:|1699673621\n|switch|p1a: Lilligant|Lilligant-Hisui, L50, F|100\/100\n|turn|2\n|inactive|Crumbeldum has 30 seconds left.\n|\n|t:|1699673654\n|switch|p2b: Arcanine|Arcanine-Hisui, L50, M|100\/100\n|-ability|p2b: Arcanine|Intimidate|boost\n|-unboost|p1a: Lilligant|atk|1\n|-unboost|p1b: Sneasler|atk|1\n|move|p1b: Sneasler|Acrobatics|p2b: Arcanine\n|-resisted|p2b: Arcanine\n|-damage|p2b: Arcanine|84\/100\n|move|p2a: Roaring Moon|Acrobatics|p1b: Sneasler\n|-supereffective|p1b: Sneasler\n|-damage|p1b: Sneasler|0 fnt\n|faint|p1b: Sneasler\n|move|p1a: Lilligant|Sleep Powder|p2a: Roaring Moon\n|-status|p2a: Roaring Moon|slp|[from] move: Sleep Powder\n|\n|upkeep\n|\n|t:|1699673666\n|switch|p1b: Torkoal|Torkoal, L50, M|100\/100\n|-weather|SunnyDay|[from] ability: Drought|[of] p1b: Torkoal\n|turn|3\n|\n|t:|1699673690\n|cant|p2a: Roaring Moon|slp\n|move|p1a: Lilligant|Sleep Powder|p2b: Arcanine|[miss]\n|-miss|p1a: Lilligant|p2b: Arcanine\n|move|p2b: Arcanine|Rock Slide|p1a: Lilligant|[spread] p1a,p1b\n|-resisted|p1a: Lilligant\n|-supereffective|p1b: Torkoal\n|-damage|p1a: Lilligant|67\/100\n|-damage|p1b: Torkoal|42\/100\n|move|p1b: Torkoal|Body Press|p2b: Arcanine\n|-supereffective|p2b: Arcanine\n|-crit|p2b: Arcanine\n|-damage|p2b: Arcanine|0 fnt\n|faint|p2b: Arcanine\n|\n|-weather|SunnyDay|[upkeep]\n|upkeep\n|\n|t:|1699673708\n|switch|p2b: Rillaboom|Rillaboom, L50, F|100\/100\n|-fieldstart|move: Grassy Terrain|[from] ability: Grassy Surge|[of] p2b: Rillaboom\n|turn|4\n|\n|t:|1699673721\n|move|p2b: Rillaboom|Fake Out|p1b: Torkoal\n|-damage|p1b: Torkoal|32\/100\n|move|p1a: Lilligant|Close Combat|p2a: Roaring Moon\n|-supereffective|p2a: Roaring Moon\n|-damage|p2a: Roaring Moon|0 fnt\n|-unboost|p1a: Lilligant|def|1\n|-unboost|p1a: Lilligant|spd|1\n|faint|p2a: Roaring Moon\n|-end|p2a: Roaring Moon|Protosynthesis|[silent]\n|cant|p1b: Torkoal|flinch\n|\n|-weather|SunnyDay|[upkeep]\n|-heal|p1a: Lilligant|74\/100|[from] Grassy Terrain\n|-heal|p1b: Torkoal|38\/100|[from] Grassy Terrain\n|upkeep\n|\n|t:|1699673736\n|switch|p2a: Urshifu|Urshifu-Rapid-Strike, L50, M|100\/100\n|turn|5\n|inactive|Crumbeldum has 30 seconds left.\n|\n|t:|1699673769\n|-terastallize|p2b: Rillaboom|Fire\n|move|p1a: Lilligant|Close Combat|p2b: Rillaboom\n|-damage|p2b: Rillaboom|67\/100\n|-unboost|p1a: Lilligant|def|1\n|-unboost|p1a: Lilligant|spd|1\n|move|p2a: Urshifu|Close Combat|p1a: Lilligant\n|-damage|p1a: Lilligant|0 fnt\n|-unboost|p2a: Urshifu|def|1\n|-unboost|p2a: Urshifu|spd|1\n|faint|p1a: Lilligant\n|move|p2b: Rillaboom|Wood Hammer|p1b: Torkoal\n|-resisted|p1b: Torkoal\n|-damage|p1b: Torkoal|12\/100\n|-damage|p2b: Rillaboom|60\/100|[from] Recoil\n|move|p1b: Torkoal|Heat Wave|p2a: Urshifu|[spread] p2a,p2b\n|-resisted|p2a: Urshifu\n|-resisted|p2b: Rillaboom\n|-damage|p2a: Urshifu|66\/100\n|-damage|p2b: Rillaboom|46\/100\n|\n|-weather|SunnyDay|[upkeep]\n|-heal|p2a: Urshifu|72\/100|[from] Grassy Terrain\n|-heal|p2b: Rillaboom|52\/100|[from] Grassy Terrain\n|-heal|p1b: Torkoal|19\/100|[from] Grassy Terrain\n|upkeep\n|turn|6\n|-message|GreenMachine798 forfeited.\n|\n|win|Crumbeldum\n|raw|GreenMachine798's rating: 1167 &rarr; <strong>1148<\/strong><br \/>(-19 for losing)\n|raw|Crumbeldum's rating: 1258 &rarr; <strong>1277<\/strong><br \/>(+19 for winning)\n|l|\u2606GreenMachine798\n","uploadtime":1699673804,"views":13,"p1id":"greenmachine798","p2id":"crumbeldum","formatid":"gen9vgc2023regulatione","rating":1148,"private":0,"password":""}