{"id":"gen9vgc2023regulatione-2000415778","p1":"Ensioa","p2":"Bize10","format":"[Gen 9] VGC 2023 Regulation E","log":"|j|\u2606Ensioa\n|j|\u2606Bize10\n|t:|1701192930\n|gametype|doubles\n|player|p1|Ensioa|cynthia-anime|\n|player|p2|Bize10|ghetsis|\n|teamsize|p1|6\n|teamsize|p2|6\n|gen|9\n|tier|[Gen 9] VGC 2023 Regulation E\n|rated|Tournament battle\n|rule|Species Clause: Limit one of each Pok\u00e9mon\n|rule|Item Clause: Limit one of each item\n|clearpoke\n|poke|p1|Chien-Pao, L50|\n|poke|p1|Arcanine-Hisui, L50, M|\n|poke|p1|Rillaboom, L50, M|\n|poke|p1|Urshifu-*, L50, F|\n|poke|p1|Tornadus, L50, M|\n|poke|p1|Gholdengo, L50|\n|poke|p2|Tornadus, L50, M|\n|poke|p2|Flutter Mane, L50|\n|poke|p2|Landorus-Therian, L50, M|\n|poke|p2|Rillaboom, L50, M|\n|poke|p2|Ogerpon-Hearthflame, L50, F|\n|poke|p2|Farigiraf, L50, M|\n|teampreview|4\n|showteam|p1|Chien-Pao||FocusSash|SwordofRuin|IcicleCrash,SuckerPunch,SacredSword,Protect||||||50|,,,,,Ghost]Arcanine-Hisui||ChoiceBand|Intimidate|FlareBlitz,RockSlide,ExtremeSpeed,HeadSmash|||M|||50|,,,,,Fairy]Rillaboom||AssaultVest|GrassySurge|HighHorsepower,WoodHammer,GrassyGlide,FakeOut|||M|||50|,,,,,Grass]Urshifu-Rapid-Strike||ChoiceScarf|UnseenFist|SurgingStrikes,CloseCombat,AquaJet,Uturn|||F|||50|,,,,,Water]Tornadus||RockyHelmet|Prankster|BleakwindStorm,Tailwind,RainDance,Protect|||M|||50|,,,,,Steel]Gholdengo||Leftovers|GoodasGold|MakeItRain,ShadowBall,NastyPlot,Protect||||||50|,,,,,Dragon\n|showteam|p2|Tornadus||FocusSash|Prankster|BleakwindStorm,IcyWind,ScaryFace,Tailwind|||M|||50|,,,,,Ghost]Flutter Mane||BoosterEnergy|Protosynthesis|Moonblast,DazzlingGleam,ShadowBall,Protect||||||50|,,,,,Fairy]Landorus-Therian||ChoiceScarf|Intimidate|StompingTantrum,TeraBlast,RockSlide,Uturn|||M|||50|,,,,,Flying]Rillaboom||AssaultVest|GrassySurge|GrassyGlide,HighHorsepower,WoodHammer,FakeOut|||M|||50|,,,,,Fire]Ogerpon-Hearthflame||HearthflameMask|MoldBreaker|IvyCudgel,GrassyGlide,StompingTantrum,SpikyShield|||F|||50|,,,,,Fire]Farigiraf||RockyHelmet|ArmorTail|DazzlingGleam,Psychic,Imprison,TrickRoom|||M|||50|,,,,,Fairy\n|inactive|Battle timer is ON: inactive players will automatically lose when time's up. (requested by Ensioa)\n|inactive|Ensioa has 60 seconds left.\n|inactive|Bize10 has 60 seconds left.\n|\n|t:|1701192983\n|start\n|switch|p1a: Rillaboom|Rillaboom, L50, M, shiny|100\/100\n|switch|p1b: Gholdengo|Gholdengo, L50, shiny|100\/100\n|switch|p2a: Landorus|Landorus-Therian, L50, M|100\/100\n|switch|p2b: Tornadus|Tornadus, L50, M|100\/100\n|-ability|p2a: Landorus|Intimidate|boost\n|-unboost|p1a: Rillaboom|atk|1\n|-unboost|p1b: Gholdengo|atk|1\n|-fieldstart|move: Grassy Terrain|[from] ability: Grassy Surge|[of] p1a: Rillaboom\n|turn|1\n|inactive|Bize10 has 30 seconds left.\n|\n|t:|1701193018\n|move|p1a: Rillaboom|Fake Out|p2a: Landorus\n|-damage|p2a: Landorus|90\/100\n|move|p2b: Tornadus|Tailwind|p2b: Tornadus\n|-sidestart|p2: Bize10|move: Tailwind\n|cant|p2a: Landorus|flinch\n|move|p1b: Gholdengo|Nasty Plot|p1b: Gholdengo\n|-boost|p1b: Gholdengo|spa|2\n|\n|upkeep\n|turn|2\n|inactive|Ensioa has 30 seconds left.\n|\n|t:|1701193045\n|switch|p1a: Arcanine|Arcanine-Hisui, L50, M, shiny|100\/100\n|-ability|p1a: Arcanine|Intimidate|boost\n|-unboost|p2a: Landorus|atk|1\n|-unboost|p2b: Tornadus|atk|1\n|-terastallize|p1b: Gholdengo|Dragon\n|move|p2a: Landorus|Stomping Tantrum|p1b: Gholdengo\n|-damage|p1b: Gholdengo|44\/100\n|move|p2b: Tornadus|Bleakwind Storm|p1a: Arcanine|[spread] p1a,p1b\n|-resisted|p1a: Arcanine\n|-damage|p1a: Arcanine|80\/100\n|-damage|p1b: Gholdengo|5\/100\n|-unboost|p1a: Arcanine|spe|1\n|move|p1b: Gholdengo|Make It Rain|p2b: Tornadus|[spread] p2a,p2b\n|-damage|p2a: Landorus|0 fnt\n|-enditem|p2b: Tornadus|Focus Sash\n|-damage|p2b: Tornadus|1\/100\n|-unboost|p1b: Gholdengo|spa|1\n|faint|p2a: Landorus\n|\n|-heal|p1b: Gholdengo|11\/100|[from] Grassy Terrain\n|-heal|p1b: Gholdengo|17\/100|[from] item: Leftovers\n|-heal|p1a: Arcanine|86\/100|[from] Grassy Terrain\n|upkeep\n|inactive|Bize10 has 30 seconds left.\n|inactive|Bize10 has 20 seconds left.\n|inactive|Bize10 has 15 seconds left.\n|\n|t:|1701193086\n|switch|p2a: Ogerpon|Ogerpon-Hearthflame, L50, F|100\/100\n|-ability|p2a: Ogerpon|Mold Breaker\n|turn|3\n|\n|t:|1701193099\n|switch|p1a: Tornadus|Tornadus, L50, M, shiny|100\/100\n|move|p2a: Ogerpon|Spiky Shield|p2a: Ogerpon\n|-singleturn|p2a: Ogerpon|move: Protect\n|move|p1b: Gholdengo|Protect|p1b: Gholdengo\n|-singleturn|p1b: Gholdengo|Protect\n|move|p2b: Tornadus|Bleakwind Storm|p1b: Gholdengo|[spread] p1a\n|-activate|p1b: Gholdengo|move: Protect\n|-damage|p1a: Tornadus|61\/100\n|-unboost|p1a: Tornadus|spe|1\n|\n|-heal|p1b: Gholdengo|23\/100|[from] Grassy Terrain\n|-heal|p1b: Gholdengo|30\/100|[from] item: Leftovers\n|upkeep\n|turn|4\n|inactive|Ensioa has 30 seconds left.\n|inactive|Bize10 has 30 seconds left.\n|inactive|Ensioa has 20 seconds left.\n|\n|t:|1701193135\n|-terastallize|p2a: Ogerpon|Fire\n|detailschange|p2a: Ogerpon|Ogerpon-Hearthflame-Tera, L50, F, tera:Fire\n|-ability|p2a: Ogerpon|Embody Aspect (Hearthflame)|boost\n|-boost|p2a: Ogerpon|atk|1\n|move|p2a: Ogerpon|Grassy Glide|p1b: Gholdengo\n|-resisted|p1b: Gholdengo\n|-damage|p1b: Gholdengo|0 fnt\n|faint|p1b: Gholdengo\n|move|p1a: Tornadus|Tailwind|p1a: Tornadus\n|-sidestart|p1: Ensioa|move: Tailwind\n|move|p2b: Tornadus|Bleakwind Storm|p1a: Tornadus\n|-damage|p1a: Tornadus|14\/100\n|\n|-sideend|p2: Bize10|move: Tailwind\n|upkeep\n|inactive|Ensioa has 30 seconds left.\n|\n|t:|1701193165\n|switch|p1b: Rillaboom|Rillaboom, L50, M, shiny|100\/100\n|turn|5\n|\n|t:|1701193174\n|move|p2a: Ogerpon|Spiky Shield|p2a: Ogerpon\n|-singleturn|p2a: Ogerpon|move: Protect\n|move|p1b: Rillaboom|Grassy Glide|p2b: Tornadus\n|-resisted|p2b: Tornadus\n|-damage|p2b: Tornadus|0 fnt\n|faint|p2b: Tornadus\n|move|p1a: Tornadus|Bleakwind Storm|p2a: Ogerpon\n|-activate|p2a: Ogerpon|move: Protect\n|\n|-fieldend|move: Grassy Terrain\n|upkeep\n|\n|t:|1701193188\n|switch|p2b: Rillaboom|Rillaboom, L50, M|100\/100\n|-fieldstart|move: Grassy Terrain|[from] ability: Grassy Surge|[of] p2b: Rillaboom\n|turn|6\n|inactive|Ensioa has 30 seconds left.\n|\n|t:|1701193215\n|switch|p1b: Arcanine|Arcanine-Hisui, L50, M, shiny|86\/100\n|-ability|p1b: Arcanine|Intimidate|boost\n|-unboost|p2a: Ogerpon|atk|1\n|-unboost|p2b: Rillaboom|atk|1\n|move|p2b: Rillaboom|Fake Out|p1a: Tornadus\n|-damage|p1a: Tornadus|3\/100\n|-damage|p2b: Rillaboom|84\/100|[from] item: Rocky Helmet|[of] p1a: Tornadus\n|cant|p1a: Tornadus|flinch\n|move|p2a: Ogerpon|Ivy Cudgel|p1b: Arcanine|[anim] Ivy Cudgel Fire\n|-resisted|p1b: Arcanine\n|-damage|p1b: Arcanine|62\/100\n|\n|-heal|p1b: Arcanine|68\/100|[from] Grassy Terrain\n|-heal|p2b: Rillaboom|90\/100|[from] Grassy Terrain\n|upkeep\n|turn|7\n|inactive|Ensioa has 30 seconds left.\n|inactive|Bize10 has 30 seconds left.\n|inactive|Bize10 has 20 seconds left.\n|\n|t:|1701193251\n|move|p1a: Tornadus|Protect|p1a: Tornadus\n|-singleturn|p1a: Tornadus|Protect\n|move|p2b: Rillaboom|Grassy Glide|p1a: Tornadus\n|-activate|p1a: Tornadus|move: Protect\n|move|p1b: Arcanine|Flare Blitz|p2b: Rillaboom\n|-supereffective|p2b: Rillaboom\n|-damage|p2b: Rillaboom|0 fnt\n|faint|p2b: Rillaboom\n|-damage|p1b: Arcanine|36\/100|[from] Recoil\n|move|p2a: Ogerpon|Stomping Tantrum|p1b: Arcanine\n|-supereffective|p1b: Arcanine\n|-damage|p1b: Arcanine|0 fnt\n|faint|p1b: Arcanine\n|\n|-sideend|p1: Ensioa|move: Tailwind\n|upkeep\n|\n|t:|1701193258\n|switch|p1b: Rillaboom|Rillaboom, L50, M, shiny|100\/100\n|turn|8\n|\n|t:|1701193271\n|move|p2a: Ogerpon|Spiky Shield|p2a: Ogerpon\n|-singleturn|p2a: Ogerpon|move: Protect\n|move|p1b: Rillaboom|Fake Out|p2a: Ogerpon\n|-activate|p2a: Ogerpon|move: Protect\n|-damage|p1b: Rillaboom|88\/100|[from] Spiky Shield|[of] p2a: Ogerpon\n|move|p1a: Tornadus|Tailwind|p1a: Tornadus\n|-sidestart|p1: Ensioa|move: Tailwind\n|\n|-heal|p1b: Rillaboom|94\/100|[from] Grassy Terrain\n|upkeep\n|turn|9\n|\n|t:|1701193284\n|move|p1b: Rillaboom|High Horsepower|p2a: Ogerpon\n|-supereffective|p2a: Ogerpon\n|-damage|p2a: Ogerpon|24\/100\n|move|p1a: Tornadus|Bleakwind Storm|p2a: Ogerpon\n|-damage|p2a: Ogerpon|0 fnt\n|faint|p2a: Ogerpon\n|\n|win|Ensioa\n|n|\u2606Ensioa|ensioa\n|n|\u2606Bize10|bize10\n","uploadtime":1701193290,"views":2,"p1id":"ensioa","p2id":"bize10","formatid":"gen9vgc2023regulatione","rating":0,"private":0,"password":""}