{"id":"gen9vgc2023regulatione-1990252555","p1":"Snacqky","p2":"qz231114","format":"[Gen 9] VGC 2023 Regulation E","log":"|j|\u2606Snacqky\n|j|\u2606qz231114\n|t:|1699945014\n|gametype|doubles\n|player|p1|Snacqky|102|1128\n|player|p2|qz231114|102|1085\n|teamsize|p1|6\n|teamsize|p2|6\n|gen|9\n|tier|[Gen 9] VGC 2023 Regulation E\n|rated|\n|rule|Species Clause: Limit one of each Pok\u00e9mon\n|rule|Item Clause: Limit one of each item\n|clearpoke\n|poke|p1|Typhlosion, L50, M|\n|poke|p1|Tornadus, L50, M|\n|poke|p1|Iron Hands, L50|\n|poke|p1|Farigiraf, L50, M|\n|poke|p1|Flutter Mane, L50|\n|poke|p1|Clefairy, L50, M|\n|poke|p2|Tornadus, L50, M|\n|poke|p2|Volcarona, L50, F|\n|poke|p2|Basculegion, L50, M|\n|poke|p2|Ludicolo, L50, F|\n|poke|p2|Scizor, L50, M|\n|poke|p2|Flutter Mane, L50|\n|teampreview|4\nqz231114 rejected open team sheets.\n|inactive|Battle timer is ON: inactive players will automatically lose when time's up. (requested by qz231114)\n|\n|t:|1699945049\n|start\n|switch|p1a: Tornadus|Tornadus, L50, M|100\/100\n|switch|p1b: Clefairy|Clefairy, L50, M|100\/100\n|switch|p2a: Tornadus|Tornadus, L50, M|100\/100\n|switch|p2b: Basculegion|Basculegion, L50, M|100\/100\n|turn|1\n|\n|t:|1699945062\n|move|p1b: Clefairy|Follow Me|p1b: Clefairy\n|-singleturn|p1b: Clefairy|move: Follow Me\n|move|p1a: Tornadus|Taunt|p2a: Tornadus\n|-start|p2a: Tornadus|move: Taunt\n|cant|p2a: Tornadus|move: Taunt|Rain Dance\n|move|p2b: Basculegion|Wave Crash|p1b: Clefairy\n|-damage|p1b: Clefairy|34\/100\n|-damage|p2b: Basculegion|81\/100|[from] Recoil\n|\n|upkeep\n|turn|2\n|\n|t:|1699945080\n|switch|p1b: Flutter Mane|Flutter Mane, L50|100\/100\n|move|p1a: Tornadus|Sunny Day|p1a: Tornadus\n|-weather|SunnyDay\n|-activate|p1b: Flutter Mane|ability: Protosynthesis\n|-start|p1b: Flutter Mane|protosynthesisspa\n|move|p2a: Tornadus|Bleakwind Storm|p1b: Flutter Mane|[spread] p1a,p1b\n|-damage|p1a: Tornadus|58\/100\n|-damage|p1b: Flutter Mane|54\/100\n|move|p2b: Basculegion|Wave Crash|p1a: Tornadus\n|-damage|p1a: Tornadus|1\/100\n|-damage|p2b: Basculegion|63\/100|[from] Recoil\n|\n|-weather|SunnyDay|[upkeep]\n|upkeep\n|turn|3\n|\n|t:|1699945096\n|switch|p2b: Volcarona|Volcarona, L50, F|100\/100\n|move|p1a: Tornadus|Tailwind|p1a: Tornadus\n|-sidestart|p1: Snacqky|move: Tailwind\n|move|p1b: Flutter Mane|Dazzling Gleam|p2b: Volcarona|[spread] p2a,p2b\n|-crit|p2a: Tornadus\n|-resisted|p2b: Volcarona\n|-damage|p2a: Tornadus|20\/100\n|-damage|p2b: Volcarona|81\/100\n|move|p2a: Tornadus|Bleakwind Storm|p1b: Flutter Mane|[spread] p1a,p1b\n|-damage|p1a: Tornadus|0 fnt\n|-damage|p1b: Flutter Mane|13\/100\n|-unboost|p1b: Flutter Mane|spe|1\n|faint|p1a: Tornadus\n|\n|-weather|SunnyDay|[upkeep]\n|-end|p2a: Tornadus|move: Taunt\n|upkeep\n|\n|t:|1699945109\n|switch|p1a: Typhlosion|Typhlosion, L50, M|100\/100\n|turn|4\n|\n|t:|1699945122\n|-terastallize|p1a: Typhlosion|Fire\n|move|p2a: Tornadus|Rain Dance|p2a: Tornadus\n|-weather|RainDance\n|-end|p1b: Flutter Mane|Protosynthesis\n|move|p1a: Typhlosion|Eruption|p2b: Volcarona|[spread] p2a,p2b\n|-damage|p2a: Tornadus|0 fnt\n|-damage|p2b: Volcarona|34\/100\n|faint|p2a: Tornadus\n|move|p1b: Flutter Mane|Dazzling Gleam|p2b: Volcarona\n|-resisted|p2b: Volcarona\n|-damage|p2b: Volcarona|15\/100\n|move|p2b: Volcarona|Quiver Dance|p2b: Volcarona\n|-boost|p2b: Volcarona|spa|1\n|-boost|p2b: Volcarona|spd|1\n|-boost|p2b: Volcarona|spe|1\n|\n|-weather|RainDance|[upkeep]\n|upkeep\n|\n|t:|1699945132\n|switch|p2a: Basculegion|Basculegion, L50, M|63\/100\n|turn|5\n|inactive|qz231114 has 30 seconds left.\n|\n|t:|1699945157\n|move|p2a: Basculegion|Aqua Jet|p1a: Typhlosion\n|-supereffective|p1a: Typhlosion\n|-crit|p1a: Typhlosion\n|-damage|p1a: Typhlosion|0 fnt\n|faint|p1a: Typhlosion\n|move|p1b: Flutter Mane|Shadow Ball|p2a: Basculegion\n|-supereffective|p2a: Basculegion\n|-damage|p2a: Basculegion|0 fnt\n|faint|p2a: Basculegion\n|move|p2b: Volcarona|Giga Drain|p1b: Flutter Mane\n|-damage|p1b: Flutter Mane|0 fnt\n|-heal|p2b: Volcarona|19\/100|[from] drain|[of] p1b: Flutter Mane\n|faint|p1b: Flutter Mane\n|-end|p1b: Flutter Mane|Protosynthesis|[silent]\n|\n|-weather|RainDance|[upkeep]\n|upkeep\n|-message|Snacqky forfeited.\n|\n|win|qz231114\n|raw|Snacqky's rating: 1128 &rarr; <strong>1100<\/strong><br \/>(-28 for losing)\n|raw|qz231114's rating: 1085 &rarr; <strong>1116<\/strong><br \/>(+31 for winning)\n|l|\u2606Snacqky\n","uploadtime":1699945171,"views":12,"p1id":"snacqky","p2id":"qz231114","formatid":"gen9vgc2023regulatione","rating":1100,"private":0,"password":""}