{"id":"gen9vgc2023regulatione-1990194836","p1":"MCsquidzy","p2":"LasermanZ11","format":"[Gen 9] VGC 2023 Regulation E","log":"|j|\u2606MCsquidzy\n|j|\u2606LasermanZ11\n|t:|1699935631\n|gametype|doubles\n|player|p1|MCsquidzy|wattson|1365\n|player|p2|LasermanZ11|ash|1501\n|teamsize|p1|6\n|teamsize|p2|6\n|gen|9\n|tier|[Gen 9] VGC 2023 Regulation E\n|rated|\n|rule|Species Clause: Limit one of each Pok\u00e9mon\n|rule|Item Clause: Limit one of each item\n|clearpoke\n|poke|p1|Iron Bundle, L50|\n|poke|p1|Rillaboom, L50, F|\n|poke|p1|Farigiraf, L50, F|\n|poke|p1|Iron Hands, L50|\n|poke|p1|Arcanine-Hisui, L50, M|\n|poke|p1|Urshifu-*, L50, F|\n|poke|p2|Mamoswine, L50, M|\n|poke|p2|Roaring Moon, L50|\n|poke|p2|Heatran, L50, M|\n|poke|p2|Flutter Mane, L50|\n|poke|p2|Ogerpon-Wellspring, L50, F|\n|poke|p2|Iron Hands, L50|\n|teampreview|4\nLasermanZ11 has agreed to open team sheets.\nMCsquidzy has agreed to open team sheets.\n|inactive|Battle timer is ON: inactive players will automatically lose when time's up. (requested by MCsquidzy)\n|inactive|LasermanZ11 has 60 seconds left.\n|\n|t:|1699935822\n|start\n|switch|p1a: Iron Bundle|Iron Bundle, L50|100\/100\n|switch|p1b: Urshifu|Urshifu, L50, F|100\/100\n|switch|p2a: Mamoswine|Mamoswine, L50, M|100\/100\n|switch|p2b: Flutter Mane|Flutter Mane, L50|100\/100\n|-enditem|p1a: Iron Bundle|Booster Energy\n|-activate|p1a: Iron Bundle|ability: Quark Drive|[fromitem]\n|-start|p1a: Iron Bundle|quarkdrivespe\n|turn|1\n|inactive|LasermanZ11 has 30 seconds left.\n|inactive|LasermanZ11 has 20 seconds left.\n|\n|t:|1699935860\n|switch|p2a: Iron Hands|Iron Hands, L50|100\/100\n|-terastallize|p2b: Flutter Mane|Fairy\n|move|p1a: Iron Bundle|Icy Wind|p2b: Flutter Mane|[spread] p2a,p2b\n|-damage|p2a: Iron Hands|91\/100\n|-damage|p2b: Flutter Mane|83\/100\n|-unboost|p2a: Iron Hands|spe|1\n|-unboost|p2b: Flutter Mane|spe|1\n|move|p1b: Urshifu|Wicked Blow|p2b: Flutter Mane\n|-resisted|p2b: Flutter Mane\n|-crit|p2b: Flutter Mane\n|-damage|p2b: Flutter Mane|33\/100\n|move|p2b: Flutter Mane|Moonblast|p1b: Urshifu\n|-supereffective|p1b: Urshifu\n|-enditem|p1b: Urshifu|Focus Sash\n|-damage|p1b: Urshifu|1\/100\n|\n|upkeep\n|turn|2\n|inactive|LasermanZ11 has 30 seconds left.\n|\n|t:|1699935893\n|-end|p1a: Iron Bundle|Quark Drive|[silent]\n|switch|p1a: Rillaboom|Rillaboom, L50, F|100\/100\n|-fieldstart|move: Grassy Terrain|[from] ability: Grassy Surge|[of] p1a: Rillaboom\n|move|p1b: Urshifu|Protect|p1b: Urshifu\n|-singleturn|p1b: Urshifu|Protect\n|move|p2a: Iron Hands|Fake Out|p1a: Rillaboom\n|-damage|p1a: Rillaboom|84\/100\n|move|p2b: Flutter Mane|Moonblast|p1a: Rillaboom\n|-damage|p1a: Rillaboom|0 fnt\n|faint|p1a: Rillaboom\n|\n|-heal|p1b: Urshifu|7\/100|[from] Grassy Terrain\n|-heal|p2b: Flutter Mane|39\/100|[from] Grassy Terrain\n|-heal|p2a: Iron Hands|97\/100|[from] Grassy Terrain\n|upkeep\n|\n|t:|1699935909\n|switch|p1a: Iron Hands|Iron Hands, L50, shiny|100\/100\n|turn|3\n|\n|t:|1699935928\n|move|p1a: Iron Hands|Fake Out|p2a: Iron Hands\n|-damage|p2a: Iron Hands|85\/100\n|move|p1b: Urshifu|Wicked Blow|p2b: Flutter Mane\n|-resisted|p2b: Flutter Mane\n|-crit|p2b: Flutter Mane\n|-damage|p2b: Flutter Mane|0 fnt\n|faint|p2b: Flutter Mane\n|-end|p2b: Flutter Mane|Protosynthesis|[silent]\n|cant|p2a: Iron Hands|flinch\n|\n|-heal|p1b: Urshifu|14\/100|[from] Grassy Terrain\n|-heal|p2a: Iron Hands|91\/100|[from] Grassy Terrain\n|upkeep\n|\n|t:|1699935943\n|switch|p2b: Ogerpon|Ogerpon-Wellspring, L50, F|100\/100\n|turn|4\n|\n|t:|1699935963\n|move|p1b: Urshifu|Protect|p1b: Urshifu\n|-singleturn|p1b: Urshifu|Protect\n|move|p2b: Ogerpon|Horn Leech|p1a: Iron Hands\n|-damage|p1a: Iron Hands|61\/100\n|move|p1a: Iron Hands|Wild Charge|p2b: Ogerpon\n|-damage|p2b: Ogerpon|52\/100\n|-damage|p1a: Iron Hands|52\/100|[from] Recoil\n|move|p2a: Iron Hands|Drain Punch|p1b: Urshifu\n|-activate|p1b: Urshifu|move: Protect\n|\n|-heal|p1b: Urshifu|20\/100|[from] Grassy Terrain\n|-heal|p2b: Ogerpon|58\/100|[from] Grassy Terrain\n|-heal|p1a: Iron Hands|58\/100|[from] Grassy Terrain\n|-heal|p2a: Iron Hands|97\/100|[from] Grassy Terrain\n|upkeep\n|turn|5\n|\n|t:|1699935982\n|move|p2b: Ogerpon|Horn Leech|p1a: Iron Hands\n|-damage|p1a: Iron Hands|23\/100\n|-heal|p2b: Ogerpon|81\/100|[from] drain|[of] p1a: Iron Hands\n|move|p1b: Urshifu|Wicked Blow|p2b: Ogerpon\n|-crit|p2b: Ogerpon\n|-damage|p2b: Ogerpon|9\/100\n|move|p1a: Iron Hands|Drain Punch|p2a: Iron Hands\n|-damage|p2a: Iron Hands|64\/100\n|-heal|p1a: Iron Hands|39\/100|[from] drain|[of] p2a: Iron Hands\n|move|p2a: Iron Hands|Drain Punch|p1b: Urshifu\n|-supereffective|p1b: Urshifu\n|-damage|p1b: Urshifu|0 fnt\n|-heal|p2a: Iron Hands|72\/100|[from] drain|[of] p1b: Urshifu\n|faint|p1b: Urshifu\n|\n|-heal|p2b: Ogerpon|14\/100|[from] Grassy Terrain\n|-heal|p1a: Iron Hands|45\/100|[from] Grassy Terrain\n|-heal|p2a: Iron Hands|78\/100|[from] Grassy Terrain\n|upkeep\n|\n|t:|1699935991\n|switch|p1b: Iron Bundle|Iron Bundle, L50|100\/100\n|turn|6\n|\n|t:|1699936012\n|-terastallize|p1b: Iron Bundle|Ghost\n|move|p2b: Ogerpon|Follow Me|p2b: Ogerpon\n|-singleturn|p2b: Ogerpon|move: Follow Me\n|move|p1b: Iron Bundle|Freeze-Dry|p2b: Ogerpon\n|-supereffective|p2b: Ogerpon\n|-damage|p2b: Ogerpon|0 fnt\n|faint|p2b: Ogerpon\n|move|p1a: Iron Hands|Drain Punch|p2a: Iron Hands\n|-damage|p2a: Iron Hands|48\/100\n|-heal|p1a: Iron Hands|59\/100|[from] drain|[of] p2a: Iron Hands\n|move|p2a: Iron Hands|Wild Charge|p1b: Iron Bundle\n|-damage|p1b: Iron Bundle|48\/100\n|-damage|p2a: Iron Hands|39\/100|[from] Recoil\n|\n|-heal|p1b: Iron Bundle|54\/100|[from] Grassy Terrain\n|-heal|p1a: Iron Hands|65\/100|[from] Grassy Terrain\n|-heal|p2a: Iron Hands|45\/100|[from] Grassy Terrain\n|-fieldend|move: Grassy Terrain\n|upkeep\n|\n|t:|1699936029\n|switch|p2b: Mamoswine|Mamoswine, L50, M|100\/100\n|turn|7\n|inactive|LasermanZ11 has 30 seconds left.\n|\n|t:|1699936058\n|move|p1b: Iron Bundle|Protect|p1b: Iron Bundle\n|-singleturn|p1b: Iron Bundle|Protect\n|move|p2b: Mamoswine|High Horsepower|p1a: Iron Hands\n|-supereffective|p1a: Iron Hands\n|-damage|p1a: Iron Hands|0 fnt\n|faint|p1a: Iron Hands\n|-end|p1a: Iron Hands|Quark Drive|[silent]\n|move|p2a: Iron Hands|Wild Charge|p1b: Iron Bundle\n|-activate|p1b: Iron Bundle|move: Protect\n|\n|upkeep\n|turn|8\n|\n|t:|1699936073\n|move|p1b: Iron Bundle|Hydro Pump|p2a: Iron Hands\n|-damage|p2a: Iron Hands|19\/100\n|move|p2b: Mamoswine|High Horsepower|p1b: Iron Bundle\n|-damage|p1b: Iron Bundle|3\/100\n|move|p2a: Iron Hands|Wild Charge|p1b: Iron Bundle\n|-damage|p1b: Iron Bundle|0 fnt\n|faint|p1b: Iron Bundle\n|-end|p1b: Iron Bundle|Quark Drive|[silent]\n|-damage|p2a: Iron Hands|19\/100|[from] Recoil\n|\n|win|LasermanZ11\n|raw|MCsquidzy's rating: 1365 &rarr; <strong>1352<\/strong><br \/>(-13 for losing)\n|raw|LasermanZ11's rating: 1501 &rarr; <strong>1514<\/strong><br \/>(+13 for winning)\n|l|\u2606MCsquidzy\n","uploadtime":1699936084,"views":7,"p1id":"mcsquidzy","p2id":"lasermanz11","formatid":"gen9vgc2023regulatione","rating":1352,"private":0,"password":""}