{"id":"gen9vgc2023regulatione-1994517981","p1":"LandorusPrime","p2":"Felip_Obi","format":"[Gen 9] VGC 2023 Regulation E","log":"|j|\u2606LandorusPrime\n|j|\u2606Felip_Obi\n|t:|1700453559\n|gametype|doubles\n|player|p1|LandorusPrime|steven|1250\n|player|p2|Felip_Obi|hilbert|1359\n|teamsize|p1|6\n|teamsize|p2|6\n|gen|9\n|tier|[Gen 9] VGC 2023 Regulation E\n|rated|\n|rule|Species Clause: Limit one of each Pok\u00e9mon\n|rule|Item Clause: Limit one of each item\n|clearpoke\n|poke|p1|Dusclops, L50, F|\n|poke|p1|Ogerpon-Cornerstone, L50, F|\n|poke|p1|Ursaluna-Bloodmoon, L50, M|\n|poke|p1|Iron Hands, L50|\n|poke|p1|Dragonite, L50, F|\n|poke|p1|Chien-Pao, L50|\n|poke|p2|Clefable, L50, M|\n|poke|p2|Murkrow, L50, M|\n|poke|p2|Quaquaval, L50, M|\n|poke|p2|Gholdengo, L50|\n|poke|p2|Dragonite, L50, M|\n|poke|p2|Regidrago, L50|\n|teampreview|4\n|inactive|Battle timer is ON: inactive players will automatically lose when time's up. (requested by LandorusPrime)\n|\n|t:|1700453613\n|start\n|switch|p1a: Dusclops|Dusclops, L50, F|100\/100\n|switch|p1b: Ursaluna|Ursaluna-Bloodmoon, L50, M|100\/100\n|switch|p2a: Murkrow|Murkrow, L50, M|100\/100\n|switch|p2b: Quaquaval|Quaquaval, L50, M|100\/100\n|-ability|p1a: Dusclops|Pressure\n|turn|1\n|inactive|LandorusPrime has 30 seconds left.\n|inactive|LandorusPrime has 20 seconds left.\n|inactive|LandorusPrime has 15 seconds left.\n|inactive|LandorusPrime has 10 seconds left.\n|inactive|LandorusPrime has 5 seconds left.\n|\n|t:|1700453668\n|move|p2a: Murkrow|Taunt|p1a: Dusclops\n|-start|p1a: Dusclops|move: Taunt\n|move|p2b: Quaquaval|Aqua Step|p1b: Ursaluna\n|-supereffective|p1b: Ursaluna\n|-damage|p1b: Ursaluna|34\/100\n|-boost|p2b: Quaquaval|spe|1\n|move|p1b: Ursaluna|Blood Moon|p2b: Quaquaval\n|-damage|p2b: Quaquaval|0 fnt\n|faint|p2b: Quaquaval\n|move|p1a: Dusclops|Night Shade|p2a: Murkrow\n|-damage|p2a: Murkrow|69\/100\n|\n|upkeep\n|\n|t:|1700453684\n|switch|p2b: Regidrago|Regidrago, L50|100\/100\n|turn|2\n|\n|t:|1700453705\n|switch|p1b: Iron Hands|Iron Hands, L50|100\/100\n|move|p2a: Murkrow|Foul Play|p1a: Dusclops\n|-supereffective|p1a: Dusclops\n|-damage|p1a: Dusclops|72\/100\n|move|p2b: Regidrago|Dragon Energy|p1a: Dusclops|[spread] p1a,p1b\n|-damage|p1a: Dusclops|12\/100\n|-damage|p1b: Iron Hands|28\/100\n|move|p1a: Dusclops|Night Shade|p2b: Regidrago\n|-damage|p2b: Regidrago|84\/100\n|\n|upkeep\n|turn|3\n|inactive|LandorusPrime has 30 seconds left.\n|\n|t:|1700453737\n|-terastallize|p2b: Regidrago|Ghost\n|move|p1b: Iron Hands|Fake Out|p2b: Regidrago\n|-immune|p2b: Regidrago\n|move|p2a: Murkrow|Tailwind|p2a: Murkrow\n|-sidestart|p2: Felip_Obi|move: Tailwind\n|move|p2b: Regidrago|Dragon Energy|p1a: Dusclops|[spread] p1a,p1b\n|-damage|p1a: Dusclops|0 fnt\n|-damage|p1b: Iron Hands|0 fnt\n|faint|p1a: Dusclops\n|faint|p1b: Iron Hands\n|-end|p1b: Iron Hands|Quark Drive|[silent]\n|\n|upkeep\n|\n|t:|1700453740\n|switch|p1b: Chien-Pao|Chien-Pao, L50|100\/100\n|switch|p1a: Ursaluna|Ursaluna-Bloodmoon, L50, M|34\/100\n|-ability|p1b: Chien-Pao|Sword of Ruin\n|turn|4\n|inactive|Felip_Obi has 30 seconds left.\n|\n|t:|1700453766\n|switch|p2b: Clefable|Clefable, L50, M|100\/100\n|move|p2a: Murkrow|Tailwind||[still]\n|-fail|p2a: Murkrow\n|move|p1b: Chien-Pao|Sucker Punch||[still]\n|-fail|p1b: Chien-Pao\n|move|p1a: Ursaluna|Blood Moon|p2a: Murkrow\n|-damage|p2a: Murkrow|0 fnt\n|faint|p2a: Murkrow\n|\n|upkeep\n|\n|t:|1700453779\n|switch|p2a: Regidrago|Regidrago, L50, tera:Ghost|84\/100\n|turn|5\n|\n|t:|1700453797\n|move|p2b: Clefable|Follow Me|p2b: Clefable\n|-singleturn|p2b: Clefable|move: Follow Me\n|move|p2a: Regidrago|Dragon Energy|p1a: Ursaluna|[spread] p1a,p1b\n|-crit|p1b: Chien-Pao\n|-damage|p1a: Ursaluna|0 fnt\n|-enditem|p1b: Chien-Pao|Focus Sash\n|-damage|p1b: Chien-Pao|1\/100\n|faint|p1a: Ursaluna\n|move|p1b: Chien-Pao|Icicle Crash|p2b: Clefable\n|-damage|p2b: Clefable|48\/100\n|\n|upkeep\n|turn|6\n|-message|LandorusPrime forfeited.\n|\n|win|Felip_Obi\n|raw|LandorusPrime's rating: 1250 &rarr; <strong>1233<\/strong><br \/>(-17 for losing)\n|raw|Felip_Obi's rating: 1359 &rarr; <strong>1373<\/strong><br \/>(+14 for winning)\n|l|\u2606LandorusPrime\n","uploadtime":1700453811,"views":5,"p1id":"landorusprime","p2id":"felipobi","formatid":"gen9vgc2023regulatione","rating":1233,"private":0,"password":""}