{"id":"gen9vgc2023regulatione-1990958041","p1":"z3nn!3","p2":"alecfromkanto","format":"[Gen 9] VGC 2023 Regulation E","log":"|j|\u2606z3nn!3\n|j|\u2606alecfromkanto\n|n|\u2606z3nn!3|z3nn3\n|n|\u2606alecfromkanto|alecfromkanto\n|html|View the match progress at <a href=\"\/game-bestof3-gen9vgc2023regulatione-1990945439\">game-bestof3-gen9vgc2023regulatione-1990945439<\/a>\n|t:|1700019763\n|gametype|doubles\n|player|p1|z3nn!3|roxie|\n|player|p2|alecfromkanto|cynthia-gen4|\n|teamsize|p1|6\n|teamsize|p2|6\n|gen|9\n|tier|[Gen 9] VGC 2023 Regulation E\n|rule|Species Clause: Limit one of each Pok\u00e9mon\n|rule|Item Clause: Limit one of each item\n|clearpoke\n|poke|p1|Gholdengo, L50|\n|poke|p1|Iron Hands, L50|\n|poke|p1|Amoonguss, L50, M|\n|poke|p1|Iron Bundle, L50|\n|poke|p1|Pelipper, L50, F|\n|poke|p1|Salamence, L50, M|\n|poke|p2|Ogerpon-Wellspring, L50, F|\n|poke|p2|Tornadus, L50, M|\n|poke|p2|Tyranitar, L50, F|\n|poke|p2|Kommo-o, L50, F|\n|poke|p2|Scizor, L50, M|\n|poke|p2|Iron Bundle, L50|\n|teampreview|4\nalecfromkanto has agreed to open team sheets.\nz3nn!3 has agreed to open team sheets.\n|showteam|p1|Gholdengo||Leftovers|GoodasGold|MakeItRain,NastyPlot,ShadowBall,Protect||||||50|,,,,,Dragon]Iron Hands||AssaultVest|QuarkDrive|FakeOut,HeavySlam,WildCharge,DrainPunch||||||50|,,,,,Water]Amoonguss||SitrusBerry|Regenerator|Spore,RagePowder,PollenPuff,Protect|||M|||50|,,,,,Water]Iron Bundle||BoosterEnergy|QuarkDrive|IcyWind,FreezeDry,HydroPump,Protect||||||50|,,,,,Ghost]Pelipper||FocusSash|Drizzle|Hurricane,WeatherBall,Protect,WideGuard|||F|||50|,,,,,Flying]Salamence||ChoiceScarf|Intimidate|Hurricane,DracoMeteor,Tailwind,AirSlash|||M|||50|,,,,,Flying\n|showteam|p2|Ogerpon-Wellspring||WellspringMask|WaterAbsorb|HornLeech,IvyCudgel,SpikyShield,FollowMe|||F|||50|,,,,,Water]Tornadus||CovertCloak|Prankster|BleakwindStorm,Taunt,Tailwind,IcyWind|||M|||50|,,,,,Steel]Tyranitar||AssaultVest|SandStream|KnockOff,RockSlide,TeraBlast,IcePunch|||F|||50|,,,,,Fairy]Kommo-o||Leftovers|Bulletproof|IronDefense,BodyPress,ShadowClaw,Protect|||F|||50|,,,,,Steel]Scizor||ClearAmulet|Technician|DualWingbeat,BulletPunch,Protect,BugBite|||M|||50|,,,,,Dragon]Iron Bundle||BoosterEnergy|QuarkDrive|Protect,IcyWind,HydroPump,FreezeDry||||||50|,,,,,Ghost\n|\n|t:|1700020343\n|start\n|switch|p1a: Iron Hands|Iron Hands, L50|100\/100\n|switch|p1b: Iron Bundle|Iron Bundle, L50|100\/100\n|switch|p2a: Tornadus|Tornadus, L50, M, shiny|100\/100\n|switch|p2b: Tyranitar|Tyranitar, L50, F, shiny|100\/100\n|-weather|Sandstorm|[from] ability: Sand Stream|[of] p2b: Tyranitar\n|-enditem|p1b: Iron Bundle|Booster Energy\n|-activate|p1b: Iron Bundle|ability: Quark Drive|[fromitem]\n|-start|p1b: Iron Bundle|quarkdrivespe\n|turn|1\n|\n|t:|1700020671\n|move|p2a: Tornadus|Tailwind|p2a: Tornadus\n|-sidestart|p2: alecfromkanto|move: Tailwind\n|move|p1b: Iron Bundle|Hydro Pump|p2b: Tyranitar\n|-supereffective|p2b: Tyranitar\n|-damage|p2b: Tyranitar|67\/100\n|move|p2b: Tyranitar|Rock Slide|p1a: Iron Hands|[spread] p1a,p1b\n|-resisted|p1a: Iron Hands\n|-supereffective|p1b: Iron Bundle\n|-damage|p1a: Iron Hands|90\/100\n|-damage|p1b: Iron Bundle|48\/100\n|move|p1a: Iron Hands|Wild Charge|p2a: Tornadus\n|-supereffective|p2a: Tornadus\n|-damage|p2a: Tornadus|0 fnt\n|faint|p2a: Tornadus\n|-damage|p1a: Iron Hands|74\/100|[from] Recoil\n|\n|-weather|Sandstorm|[upkeep]\n|-damage|p1b: Iron Bundle|42\/100|[from] Sandstorm\n|-damage|p1a: Iron Hands|68\/100|[from] Sandstorm\n|upkeep\n|\n|t:|1700021115\n|switch|p2a: Ogerpon|Ogerpon-Wellspring, L50, F|100\/100\n|turn|2\n|\n|t:|1700021490\n|-terastallize|p2b: Tyranitar|Fairy\n|move|p1b: Iron Bundle|Protect|p1b: Iron Bundle\n|-singleturn|p1b: Iron Bundle|Protect\n|move|p2a: Ogerpon|Horn Leech|p1b: Iron Bundle\n|-activate|p1b: Iron Bundle|move: Protect\n|move|p2b: Tyranitar|Tera Blast|p1a: Iron Hands|[anim] Tera Blast Fairy\n|-supereffective|p1a: Iron Hands\n|-damage|p1a: Iron Hands|2\/100\n|move|p1a: Iron Hands|Drain Punch|p2b: Tyranitar\n|-resisted|p2b: Tyranitar\n|-damage|p2b: Tyranitar|49\/100\n|-heal|p1a: Iron Hands|10\/100|[from] drain|[of] p2b: Tyranitar\n|\n|-weather|Sandstorm|[upkeep]\n|-damage|p2a: Ogerpon|95\/100|[from] Sandstorm\n|-damage|p1b: Iron Bundle|35\/100|[from] Sandstorm\n|-damage|p2b: Tyranitar|43\/100|[from] Sandstorm\n|-damage|p1a: Iron Hands|4\/100|[from] Sandstorm\n|upkeep\n|turn|3\n|\n|t:|1700021818\n|-end|p1b: Iron Bundle|Quark Drive|[silent]\n|switch|p1b: Salamence|Salamence, L50, M|100\/100\n|-ability|p1b: Salamence|Intimidate|boost\n|-unboost|p2a: Ogerpon|atk|1\n|-unboost|p2b: Tyranitar|atk|1\n|move|p2a: Ogerpon|Horn Leech|p1b: Salamence\n|-resisted|p1b: Salamence\n|-damage|p1b: Salamence|93\/100\n|-heal|p2a: Ogerpon|98\/100|[from] drain|[of] p1b: Salamence\n|move|p2b: Tyranitar|Rock Slide|p1b: Salamence|[spread] p1a\n|-miss|p2b: Tyranitar|p1b: Salamence\n|-resisted|p1a: Iron Hands\n|-crit|p1a: Iron Hands\n|-damage|p1a: Iron Hands|0 fnt\n|faint|p1a: Iron Hands\n|-end|p1a: Iron Hands|Quark Drive|[silent]\n|\n|-weather|Sandstorm|[upkeep]\n|-damage|p2a: Ogerpon|92\/100|[from] Sandstorm\n|-damage|p1b: Salamence|87\/100|[from] Sandstorm\n|-damage|p2b: Tyranitar|37\/100|[from] Sandstorm\n|upkeep\n|\n|t:|1700021849\n|switch|p1a: Iron Bundle|Iron Bundle, L50|35\/100\n|turn|4\n|\n|t:|1700022132\n|switch|p2a: Iron Bundle|Iron Bundle, L50, shiny|100\/100\n|-enditem|p2a: Iron Bundle|Booster Energy\n|-activate|p2a: Iron Bundle|ability: Quark Drive|[fromitem]\n|-start|p2a: Iron Bundle|quarkdrivespe\n|-terastallize|p1b: Salamence|Flying\n|move|p1a: Iron Bundle|Protect|p1a: Iron Bundle\n|-singleturn|p1a: Iron Bundle|Protect\n|move|p1b: Salamence|Air Slash|p2b: Tyranitar\n|-damage|p2b: Tyranitar|8\/100\n|move|p2b: Tyranitar|Rock Slide|p1b: Salamence|[spread] p1b\n|-activate|p1a: Iron Bundle|move: Protect\n|-supereffective|p1b: Salamence\n|-damage|p1b: Salamence|35\/100\n|\n|-weather|Sandstorm|[upkeep]\n|-damage|p2a: Iron Bundle|94\/100|[from] Sandstorm\n|-damage|p1b: Salamence|29\/100|[from] Sandstorm\n|-damage|p2b: Tyranitar|2\/100|[from] Sandstorm\n|-damage|p1a: Iron Bundle|29\/100|[from] Sandstorm\n|-sideend|p2: alecfromkanto|move: Tailwind\n|upkeep\n|turn|5\n|\n|t:|1700022330\n|switch|p1b: Gholdengo|Gholdengo, L50|100\/100\n|switch|p2b: Ogerpon|Ogerpon-Wellspring, L50, F|92\/100\n|move|p2a: Iron Bundle|Icy Wind|p1a: Iron Bundle|[spread] p1a,p1b\n|-resisted|p1a: Iron Bundle\n|-resisted|p1b: Gholdengo\n|-damage|p1a: Iron Bundle|22\/100\n|-damage|p1b: Gholdengo|91\/100\n|-unboost|p1a: Iron Bundle|spe|1\n|-unboost|p1b: Gholdengo|spe|1\n|move|p1a: Iron Bundle|Icy Wind|p2a: Iron Bundle|[spread] p2a,p2b\n|-resisted|p2a: Iron Bundle\n|-damage|p2a: Iron Bundle|85\/100\n|-damage|p2b: Ogerpon|76\/100\n|-unboost|p2a: Iron Bundle|spe|1\n|-unboost|p2b: Ogerpon|spe|1\n|\n|-weather|none\n|-heal|p1b: Gholdengo|97\/100|[from] item: Leftovers\n|upkeep\n|turn|6\n|\n|t:|1700022616\n|switch|p1b: Salamence|Salamence, L50, M, tera:Flying|29\/100\n|-ability|p1b: Salamence|Intimidate|boost\n|-unboost|p2a: Iron Bundle|atk|1\n|-unboost|p2b: Ogerpon|atk|1\n|move|p1a: Iron Bundle|Protect|p1a: Iron Bundle\n|-singleturn|p1a: Iron Bundle|Protect\n|move|p2a: Iron Bundle|Freeze-Dry|p1b: Salamence\n|-supereffective|p1b: Salamence\n|-damage|p1b: Salamence|0 fnt\n|faint|p1b: Salamence\n|move|p2b: Ogerpon|Ivy Cudgel|p1a: Iron Bundle|[anim] Ivy Cudgel Water\n|-activate|p1a: Iron Bundle|move: Protect\n|\n|upkeep\n|\n|t:|1700022628\n|switch|p1b: Gholdengo|Gholdengo, L50|97\/100\n|turn|7\n|\n|t:|1700022651\n|move|p1b: Gholdengo|Protect|p1b: Gholdengo\n|-singleturn|p1b: Gholdengo|Protect\n|move|p2a: Iron Bundle|Freeze-Dry|p1a: Iron Bundle\n|-crit|p1a: Iron Bundle\n|-damage|p1a: Iron Bundle|0 fnt\n|faint|p1a: Iron Bundle\n|-end|p1a: Iron Bundle|Quark Drive|[silent]\n|move|p2b: Ogerpon|Ivy Cudgel|p1b: Gholdengo|[anim] Ivy Cudgel Water\n|-activate|p1b: Gholdengo|move: Protect\n|\n|-heal|p1b: Gholdengo|100\/100|[from] item: Leftovers\n|upkeep\n|turn|8\n|\n|t:|1700022678\n|move|p2a: Iron Bundle|Freeze-Dry|p1b: Gholdengo\n|-resisted|p1b: Gholdengo\n|-damage|p1b: Gholdengo|83\/100\n|move|p1b: Gholdengo|Nasty Plot|p1b: Gholdengo\n|-boost|p1b: Gholdengo|spa|2\n|move|p2b: Ogerpon|Ivy Cudgel|p1b: Gholdengo|[anim] Ivy Cudgel Water\n|-damage|p1b: Gholdengo|53\/100\n|\n|-heal|p1b: Gholdengo|59\/100|[from] item: Leftovers\n|upkeep\n|turn|9\n|\n|t:|1700022719\n|move|p1b: Gholdengo|Protect|p1b: Gholdengo\n|-singleturn|p1b: Gholdengo|Protect\n|move|p2a: Iron Bundle|Icy Wind|p1b: Gholdengo\n|-activate|p1b: Gholdengo|move: Protect\n|move|p2b: Ogerpon|Ivy Cudgel|p1b: Gholdengo|[anim] Ivy Cudgel Water\n|-activate|p1b: Gholdengo|move: Protect\n|\n|-heal|p1b: Gholdengo|65\/100|[from] item: Leftovers\n|upkeep\n|turn|10\n|\n|t:|1700022757\n|move|p2a: Iron Bundle|Icy Wind|p1b: Gholdengo\n|-resisted|p1b: Gholdengo\n|-damage|p1b: Gholdengo|51\/100\n|-unboost|p1b: Gholdengo|spe|1\n|move|p2b: Ogerpon|Ivy Cudgel|p1b: Gholdengo|[anim] Ivy Cudgel Water\n|-damage|p1b: Gholdengo|16\/100\n|move|p1b: Gholdengo|Nasty Plot|p1b: Gholdengo\n|-boost|p1b: Gholdengo|spa|2\n|\n|-heal|p1b: Gholdengo|22\/100|[from] item: Leftovers\n|upkeep\n|turn|11\n|\n|t:|1700022777\n|move|p1b: Gholdengo|Protect|p1b: Gholdengo\n|-singleturn|p1b: Gholdengo|Protect\n|move|p2a: Iron Bundle|Freeze-Dry|p1b: Gholdengo\n|-activate|p1b: Gholdengo|move: Protect\n|move|p2b: Ogerpon|Ivy Cudgel|p1b: Gholdengo|[anim] Ivy Cudgel Water\n|-activate|p1b: Gholdengo|move: Protect\n|\n|-heal|p1b: Gholdengo|28\/100|[from] item: Leftovers\n|upkeep\n|turn|12\n|\n|t:|1700022792\n|move|p2a: Iron Bundle|Freeze-Dry|p1b: Gholdengo\n|-resisted|p1b: Gholdengo\n|-crit|p1b: Gholdengo\n|-damage|p1b: Gholdengo|2\/100\n|move|p2b: Ogerpon|Ivy Cudgel|p1b: Gholdengo|[anim] Ivy Cudgel Water\n|-damage|p1b: Gholdengo|0 fnt\n|faint|p1b: Gholdengo\n|\n|win|alecfromkanto\n","uploadtime":1700022870,"views":10,"p1id":"z3nn3","p2id":"alecfromkanto","formatid":"gen9vgc2023regulatione","rating":0,"private":0,"password":""}