{"id":"gen9vgc2023regulatione-1988423926","p1":"AvianRoseline","p2":"biuyufj","format":"[Gen 9] VGC 2023 Regulation E","log":"|j|\u2606AvianRoseline\n|j|\u2606biuyufj\n|t:|1699721413\n|gametype|doubles\n|player|p1|AvianRoseline|cynthia-gen4|1061\n|player|p2|biuyufj|101|1109\n|teamsize|p1|6\n|teamsize|p2|5\n|gen|9\n|tier|[Gen 9] VGC 2023 Regulation E\n|rated|\n|rule|Species Clause: Limit one of each Pok\u00e9mon\n|rule|Item Clause: Limit one of each item\n|clearpoke\n|poke|p1|Landorus-Therian, L50, M|\n|poke|p1|Snorlax, L50, F|\n|poke|p1|Ogerpon-Hearthflame, L50, F|\n|poke|p1|Cresselia, L50, F|\n|poke|p1|Baxcalibur, L50, F|\n|poke|p1|Rillaboom, L50, F|\n|poke|p2|Sinistcha, L50|\n|poke|p2|Kingambit, L50, M|\n|poke|p2|Salamence, L50, F|\n|poke|p2|Gastrodon, L50, F|\n|poke|p2|Tornadus, L50, M|\n|teampreview|4\n|\n|t:|1699721437\n|start\n|switch|p1a: Support Madness|Cresselia, L50, F, shiny|100\/100\n|switch|p1b: Snoozelax|Snorlax, L50, F, shiny|100\/100\n|switch|p2a: Sinistcha|Sinistcha, L50|100\/100\n|switch|p2b: Kingambit|Kingambit, L50, M|100\/100\n|turn|1\n|\n|t:|1699721450\n|move|p2a: Sinistcha|Matcha Gotcha|p1b: Snoozelax|[spread] p1a,p1b\n|-damage|p1a: Support Madness|83\/100\n|-damage|p1b: Snoozelax|84\/100\n|-status|p1b: Snoozelax|brn\n|move|p2b: Kingambit|Swords Dance|p2b: Kingambit\n|-boost|p2b: Kingambit|atk|2\n|move|p1b: Snoozelax|Belly Drum|p1b: Snoozelax\n|-damage|p1b: Snoozelax|34\/100 brn\n|-setboost|p1b: Snoozelax|atk|6|[from] move: Belly Drum\n|-enditem|p1b: Snoozelax|Iapapa Berry|[eat]\n|-heal|p1b: Snoozelax|67\/100 brn|[from] item: Iapapa Berry\n|move|p1a: Support Madness|Trick Room|p1a: Support Madness\n|-fieldstart|move: Trick Room|[of] p1a: Support Madness\n|\n|-damage|p1b: Snoozelax|61\/100 brn|[from] brn\n|upkeep\n|turn|2\n|\n|t:|1699721481\n|-terastallize|p1b: Snoozelax|Fairy\n|move|p2b: Kingambit|Protect|p2b: Kingambit\n|-singleturn|p2b: Kingambit|Protect\n|move|p1b: Snoozelax|Earthquake|p2a: Sinistcha|[spread] p2a\n|-activate|p2b: Kingambit|move: Protect\n|-immune|p1a: Support Madness|[from] ability: Levitate\n|-resisted|p2a: Sinistcha\n|-damage|p2a: Sinistcha|77\/100\n|move|p2a: Sinistcha|Matcha Gotcha|p1a: Support Madness|[spread] p1a,p1b\n|-damage|p1a: Support Madness|66\/100\n|-heal|p2a: Sinistcha|89\/100|[from] drain|[of] p1a: Support Madness\n|-damage|p1b: Snoozelax|46\/100 brn\n|-heal|p2a: Sinistcha|99\/100|[from] drain|[of] p1b: Snoozelax\n|move|p1a: Support Madness|Lunar Blessing|p1a: Support Madness|[spread] p1a,p1b\n|-heal|p1a: Support Madness|91\/100\n|-heal|p1b: Snoozelax|71\/100 brn\n|-curestatus|p1b: Snoozelax|brn|[msg]\n|\n|upkeep\n|turn|3\n|\n|t:|1699721513\n|switch|p2b: Salamence|Salamence, L50, F|100\/100\n|-ability|p2b: Salamence|Intimidate|boost\n|-unboost|p1a: Support Madness|atk|1\n|-unboost|p1b: Snoozelax|atk|1\n|move|p1b: Snoozelax|Earthquake|p2a: Sinistcha|[spread] p2a\n|-immune|p1a: Support Madness|[from] ability: Levitate\n|-immune|p2b: Salamence\n|-resisted|p2a: Sinistcha\n|-damage|p2a: Sinistcha|58\/100\n|move|p2a: Sinistcha|Matcha Gotcha|p1b: Snoozelax|[spread] p1a,p1b\n|-crit|p1a: Support Madness\n|-damage|p1a: Support Madness|68\/100\n|-heal|p2a: Sinistcha|73\/100|[from] drain|[of] p1a: Support Madness\n|-damage|p1b: Snoozelax|56\/100\n|-heal|p2a: Sinistcha|84\/100|[from] drain|[of] p1b: Snoozelax\n|-status|p1a: Support Madness|brn\n|move|p1a: Support Madness|Lunar Blessing|p1a: Support Madness|[spread] p1a,p1b\n|-heal|p1a: Support Madness|93\/100 brn\n|-curestatus|p1a: Support Madness|brn|[msg]\n|-heal|p1b: Snoozelax|81\/100\n|\n|upkeep\n|turn|4\n|\n|t:|1699721545\n|-terastallize|p2b: Salamence|Steel\n|move|p1b: Snoozelax|Body Slam|p2b: Salamence\n|-resisted|p2b: Salamence\n|-damage|p2b: Salamence|32\/100\n|-enditem|p2b: Salamence|Sitrus Berry|[eat]\n|-heal|p2b: Salamence|56\/100|[from] item: Sitrus Berry\n|move|p1a: Support Madness|Lunar Blessing|p1a: Support Madness|[spread] p1a,p1b\n|-heal|p1a: Support Madness|100\/100\n|-heal|p1b: Snoozelax|100\/100\n|move|p2b: Salamence|Dragon Dance|p2b: Salamence\n|-boost|p2b: Salamence|atk|1\n|-boost|p2b: Salamence|spe|1\n|move|p2a: Sinistcha|Trick Room|p2a: Sinistcha\n|-fieldend|move: Trick Room\n|\n|upkeep\n|turn|5\n|\n|t:|1699721566\n|move|p2b: Salamence|Dual Wingbeat|p1b: Snoozelax\n|-damage|p1b: Snoozelax|72\/100\n|-damage|p1b: Snoozelax|45\/100\n|-hitcount|p1b: Snoozelax|2\n|move|p2a: Sinistcha|Matcha Gotcha|p1b: Snoozelax|[spread] p1a,p1b\n|-damage|p1a: Support Madness|83\/100\n|-heal|p2a: Sinistcha|95\/100|[from] drain|[of] p1a: Support Madness\n|-damage|p1b: Snoozelax|31\/100\n|-heal|p2a: Sinistcha|100\/100|[from] drain|[of] p1b: Snoozelax\n|-status|p1a: Support Madness|brn\n|move|p1b: Snoozelax|Body Slam|p2b: Salamence\n|-resisted|p2b: Salamence\n|-damage|p2b: Salamence|0 fnt\n|faint|p2b: Salamence\n|move|p1a: Support Madness|Trick Room|p1a: Support Madness\n|-fieldstart|move: Trick Room|[of] p1a: Support Madness\n|\n|-damage|p1a: Support Madness|77\/100 brn|[from] brn\n|upkeep\n|\n|t:|1699721585\n|switch|p2b: Gastrodon|Gastrodon, L50, F|100\/100\n|turn|6\n|\n|t:|1699721593\n|move|p1b: Snoozelax|Body Slam|p2b: Gastrodon\n|-damage|p2b: Gastrodon|0 fnt\n|faint|p2b: Gastrodon\n|move|p1a: Support Madness|Lunar Blessing|p1a: Support Madness|[spread] p1a,p1b\n|-heal|p1a: Support Madness|100\/100 brn\n|-curestatus|p1a: Support Madness|brn|[msg]\n|-heal|p1b: Snoozelax|56\/100\n|move|p2a: Sinistcha|Trick Room|p2a: Sinistcha\n|-fieldend|move: Trick Room\n|\n|upkeep\n|\n|t:|1699721603\n|switch|p2b: Kingambit|Kingambit, L50, M|100\/100\n|turn|7\n|\n|t:|1699721621\n|move|p1a: Support Madness|Lunar Blessing|p1a: Support Madness|[spread] p1a,p1b\n|-heal|p1b: Snoozelax|81\/100\n|move|p2a: Sinistcha|Shadow Ball|p1b: Snoozelax\n|-damage|p1b: Snoozelax|62\/100\n|move|p2b: Kingambit|Kowtow Cleave|p1b: Snoozelax\n|-resisted|p1b: Snoozelax\n|-damage|p1b: Snoozelax|36\/100\n|move|p1b: Snoozelax|Body Slam|p2b: Kingambit\n|-resisted|p2b: Kingambit\n|-damage|p2b: Kingambit|48\/100\n|\n|upkeep\n|turn|8\n|\n|t:|1699721649\n|move|p2b: Kingambit|Protect|p2b: Kingambit\n|-singleturn|p2b: Kingambit|Protect\n|move|p2a: Sinistcha|Shadow Ball|p1b: Snoozelax\n|-damage|p1b: Snoozelax|16\/100\n|move|p1b: Snoozelax|Earthquake|p2b: Kingambit|[spread] p2a\n|-activate|p2b: Kingambit|move: Protect\n|-immune|p1a: Support Madness|[from] ability: Levitate\n|-resisted|p2a: Sinistcha\n|-damage|p2a: Sinistcha|59\/100\n|move|p1a: Support Madness|Trick Room|p1a: Support Madness\n|-fieldstart|move: Trick Room|[of] p1a: Support Madness\n|\n|upkeep\n|turn|9\n|\n|t:|1699721683\n|move|p2b: Kingambit|Sucker Punch||[still]\n|-fail|p2b: Kingambit\n|move|p1b: Snoozelax|Rest|p1b: Snoozelax\n|-status|p1b: Snoozelax|slp|[from] move: Rest\n|-heal|p1b: Snoozelax|100\/100 slp|[silent]\n|move|p2a: Sinistcha|Matcha Gotcha|p1b: Snoozelax|[spread] p1a,p1b\n|-damage|p1a: Support Madness|83\/100\n|-heal|p2a: Sinistcha|70\/100|[from] drain|[of] p1a: Support Madness\n|-damage|p1b: Snoozelax|84\/100 slp\n|-heal|p2a: Sinistcha|83\/100|[from] drain|[of] p1b: Snoozelax\n|move|p1a: Support Madness|Lunar Blessing|p1a: Support Madness|[spread] p1a,p1b\n|-heal|p1a: Support Madness|100\/100\n|-heal|p1b: Snoozelax|100\/100 slp\n|-curestatus|p1b: Snoozelax|slp|[msg]\n|\n|upkeep\n|turn|10\n|-message|biuyufj forfeited.\n|\n|win|AvianRoseline\n|raw|AvianRoseline's rating: 1061 &rarr; <strong>1096<\/strong><br \/>(+35 for winning)\n|raw|biuyufj's rating: 1109 &rarr; <strong>1081<\/strong><br \/>(-28 for losing)\n|l|\u2606biuyufj\n","uploadtime":1699721710,"views":16,"p1id":"avianroseline","p2id":"biuyufj","formatid":"gen9vgc2023regulatione","rating":1081,"private":0,"password":""}