{"id":"gen9vgc2023regulatione-1998006884","p1":"OmegaAlpha01","p2":"Cozy Snail","format":"[Gen 9] VGC 2023 Regulation E","log":"|j|\u2606OmegaAlpha01\n|j|\u2606Cozy Snail\n|n|\u2606OmegaAlpha01|omegaalpha01\n|n|\u2606Cozy Snail|cozysnail\n|html|View the match progress at <a href=\"\/game-bestof3-gen9vgc2023regulatione-1998001373\">game-bestof3-gen9vgc2023regulatione-1998001373<\/a>\n|t:|1700878163\n|gametype|doubles\n|player|p1|OmegaAlpha01|caitlin|\n|player|p2|Cozy Snail|fisherman-gen4|\n|teamsize|p1|6\n|teamsize|p2|6\n|gen|9\n|tier|[Gen 9] VGC 2023 Regulation E\n|rule|Species Clause: Limit one of each Pok\u00e9mon\n|rule|Item Clause: Limit one of each item\n|clearpoke\n|poke|p1|Ninetales-Alola, L50, M|\n|poke|p1|Baxcalibur, L50, F|\n|poke|p1|Skiploom, L50, M|\n|poke|p1|Mesprit, L50|\n|poke|p1|Meowscarada, L50, F|\n|poke|p1|Glaceon, L50, F|\n|poke|p2|Heatran, L50, F|\n|poke|p2|Landorus-Therian, L50, M|\n|poke|p2|Illumise, L50, F|\n|poke|p2|Drednaw, L50, M|\n|poke|p2|Enamorus-Therian, L50, F|\n|poke|p2|Vikavolt, L50, F|\n|teampreview|4\nOmegaAlpha01 rejected open team sheets.\n|c|\u2606OmegaAlpha01|glhf\n|c|\u2606Cozy Snail|glhf!\n|\n|t:|1700878212\n|start\n|switch|p1a: Espathra Wannanbe|Mesprit, L50|100\/100\n|switch|p1b: LCQ|Glaceon, L50, F|100\/100\n|switch|p2a: Illumise|Illumise, L50, F, shiny|100\/100\n|switch|p2b: Enamorus|Enamorus-Therian, L50, F|100\/100\n|turn|1\n|\n|t:|1700878227\n|-terastallize|p2b: Enamorus|Fairy\n|move|p2a: Illumise|Rain Dance|p2a: Illumise\n|-weather|RainDance\n|move|p2b: Enamorus|Springtide Storm|p1b: LCQ|[spread] p1a\n|-miss|p2b: Enamorus|p1b: LCQ\n|-damage|p1a: Espathra Wannanbe|37\/100\n|-enditem|p1a: Espathra Wannanbe|Sitrus Berry|[eat]\n|-heal|p1a: Espathra Wannanbe|62\/100|[from] item: Sitrus Berry\n|move|p1b: LCQ|Freeze-Dry|p2b: Enamorus\n|-damage|p2b: Enamorus|55\/100\n|move|p1a: Espathra Wannanbe|Trick Room|p1a: Espathra Wannanbe\n|-fieldstart|move: Trick Room|[of] p1a: Espathra Wannanbe\n|\n|-weather|RainDance|[upkeep]\n|upkeep\n|turn|2\n|c|\u2606Cozy Snail|is it not 100 in rain?\n|c|\u2606OmegaAlpha01|only one of the 4\n|\n|t:|1700878248\n|switch|p1a: See ... Me?|Ninetales-Alola, L50, M|100\/100\n|-weather|Snow|[from] ability: Snow Warning|[of] p1a: See ... Me?\n|move|p2a: Illumise|Encore||[still]\n|-fail|p2a: Illumise\n|move|p1b: LCQ|Blizzard|p2b: Enamorus|[spread] p2a,p2b\n|-damage|p2a: Illumise|48\/100\n|-damage|p2b: Enamorus|0 fnt\n|faint|p2b: Enamorus\n|\n|-weather|Snow|[upkeep]\n|upkeep\n|\n|t:|1700878259\n|switch|p2b: Heatran|Heatran, L50, F, shiny|100\/100\n|turn|3\n|\n|t:|1700878267\n|switch|p1a: Espathra Wannanbe|Mesprit, L50|62\/100\n|move|p2a: Illumise|Rain Dance|p2a: Illumise\n|-weather|RainDance\n|move|p1b: LCQ|Freeze-Dry|p2a: Illumise\n|-damage|p2a: Illumise|7\/100\n|move|p2b: Heatran|Flash Cannon|p1b: LCQ\n|-supereffective|p1b: LCQ\n|-damage|p1b: LCQ|17\/100\n|-damage|p2b: Heatran|91\/100|[from] item: Life Orb\n|\n|-weather|RainDance|[upkeep]\n|upkeep\n|turn|4\n|\n|t:|1700878289\n|switch|p2a: Vikavolt|Vikavolt, L50, F, shiny|100\/100\n|move|p1b: LCQ|Freeze-Dry|p2b: Heatran\n|-resisted|p2b: Heatran\n|-damage|p2b: Heatran|83\/100\n|move|p1a: Espathra Wannanbe|Dazzling Gleam|p2b: Heatran|[spread] p2a,p2b\n|-resisted|p2b: Heatran\n|-damage|p2a: Vikavolt|82\/100\n|-damage|p2b: Heatran|79\/100\n|move|p2b: Heatran|Flash Cannon|p1b: LCQ\n|-supereffective|p1b: LCQ\n|-damage|p1b: LCQ|0 fnt\n|faint|p1b: LCQ\n|-damage|p2b: Heatran|70\/100|[from] item: Life Orb\n|\n|-weather|RainDance|[upkeep]\n|upkeep\n|\n|t:|1700878302\n|switch|p1b: Gun|Meowscarada, L50, F|100\/100\n|turn|5\n|\n|t:|1700878309\n|move|p2b: Heatran|Protect|p2b: Heatran\n|-singleturn|p2b: Heatran|Protect\n|move|p1b: Gun|Protect|p1b: Gun\n|-start|p1b: Gun|typechange|Normal|[from] ability: Protean\n|-singleturn|p1b: Gun|Protect\n|move|p2a: Vikavolt|Discharge|p1b: Gun|[spread] p1a\n|-activate|p2b: Heatran|move: Protect\n|-activate|p1b: Gun|move: Protect\n|-damage|p1a: Espathra Wannanbe|35\/100\n|move|p1a: Espathra Wannanbe|Dazzling Gleam|p2b: Heatran|[spread] p2a\n|-activate|p2b: Heatran|move: Protect\n|-damage|p2a: Vikavolt|63\/100\n|\n|-weather|RainDance|[upkeep]\n|-fieldend|move: Trick Room\n|upkeep\n|turn|6\n|\n|t:|1700878332\n|switch|p1b: See ... Me?|Ninetales-Alola, L50, M|100\/100\n|-weather|Snow|[from] ability: Snow Warning|[of] p1b: See ... Me?\n|move|p2b: Heatran|Flash Cannon|p1a: Espathra Wannanbe\n|-damage|p1a: Espathra Wannanbe|0 fnt\n|faint|p1a: Espathra Wannanbe\n|-damage|p2b: Heatran|60\/100|[from] item: Life Orb\n|move|p2a: Vikavolt|Thunderbolt|p1b: See ... Me?\n|-damage|p1b: See ... Me?|42\/100\n|\n|-weather|Snow|[upkeep]\n|upkeep\n|\n|t:|1700878343\n|switch|p1a: Gun|Meowscarada, L50, F|100\/100\n|turn|7\n|\n|t:|1700878359\n|move|p1a: Gun|Knock Off|p2a: Vikavolt\n|-start|p1a: Gun|typechange|Dark|[from] ability: Protean\n|-damage|p2a: Vikavolt|2\/100\n|-enditem|p2a: Vikavolt|Sitrus Berry|[from] move: Knock Off|[of] p1a: Gun\n|move|p1b: See ... Me?|Aurora Veil|p1b: See ... Me?\n|-sidestart|p1: OmegaAlpha01|move: Aurora Veil\n|move|p2b: Heatran|Heat Wave|p1a: Gun|[spread] p1a,p1b\n|-supereffective|p1b: See ... Me?\n|-crit|p1b: See ... Me?\n|-damage|p1a: Gun|54\/100\n|-damage|p1b: See ... Me?|0 fnt\n|faint|p1b: See ... Me?\n|-damage|p2b: Heatran|51\/100|[from] item: Life Orb\n|move|p2a: Vikavolt|Bug Buzz|p1a: Gun\n|-supereffective|p1a: Gun\n|-damage|p1a: Gun|0 fnt\n|faint|p1a: Gun\n|\n|win|Cozy Snail\n|c|\u2606OmegaAlpha01|ggwp\n|c|\u2606Cozy Snail|ggs man\n","uploadtime":1700878487,"views":8,"p1id":"omegaalpha01","p2id":"cozysnail","formatid":"gen9vgc2023regulatione","rating":0,"private":0,"password":""}