{"id":"gen9vgc2023regulatione-1994334602","p1":"hydracrew","p2":"Sunny Omri","format":"[Gen 9] VGC 2023 Regulation E","log":"|j|\u2606hydracrew\n|j|\u2606Sunny Omri\n|t:|1700432279\n|gametype|doubles\n|player|p1|hydracrew|170|1000\n|player|p2|Sunny Omri|cheren-gen5bw2|1000\n|teamsize|p1|6\n|teamsize|p2|4\n|gen|9\n|tier|[Gen 9] VGC 2023 Regulation E\n|rated|\n|rule|Species Clause: Limit one of each Pok\u00e9mon\n|rule|Item Clause: Limit one of each item\n|clearpoke\n|poke|p1|Chi-Yu, L50|\n|poke|p1|Flutter Mane, L50|\n|poke|p1|Annihilape, L50, F|\n|poke|p1|Eelektross, L50, F|\n|poke|p1|Ditto, L50|\n|poke|p1|Landorus-Therian, L50, M|\n|poke|p2|Grumpig, L50, M|\n|poke|p2|Armarouge, L50, M|\n|poke|p2|Sawsbuck, L50, F|\n|poke|p2|Basculegion, L50, M|\n|teampreview|4\n|inactive|Battle timer is ON: inactive players will automatically lose when time's up. (requested by Sunny Omri)\n|\n|t:|1700432300\n|start\n|switch|p1a: Landorus|Landorus-Therian, L50, M|100\/100\n|switch|p1b: Eelektross|Eelektross, L50, F|100\/100\n|switch|p2a: Grumpig|Grumpig, L50, M|100\/100\n|switch|p2b: Basculegion|Basculegion, L50, M|100\/100\n|-ability|p1a: Landorus|Intimidate|boost\n|-unboost|p2a: Grumpig|atk|1\n|-unboost|p2b: Basculegion|atk|1\n|-ability|p2b: Basculegion|Mold Breaker\n|turn|1\n|\n|t:|1700432324\n|move|p1a: Landorus|U-turn|p2a: Grumpig\n|-supereffective|p2a: Grumpig\n|-damage|p2a: Grumpig|32\/100\n|\n|t:|1700432331\n|switch|p1a: Chi-Yu|Chi-Yu, L50|100\/100|[from] U-turn\n|-ability|p1a: Chi-Yu|Beads of Ruin\n|move|p2b: Basculegion|Liquidation|p1a: Chi-Yu\n|-supereffective|p1a: Chi-Yu\n|-damage|p1a: Chi-Yu|0 fnt\n|faint|p1a: Chi-Yu\n|move|p2a: Grumpig|Light Screen|p2a: Grumpig\n|-sidestart|p2: Sunny Omri|move: Light Screen\n|move|p1b: Eelektross|Discharge|p2b: Basculegion|[spread] p2a,p2b\n|-supereffective|p2b: Basculegion\n|-damage|p2a: Grumpig|19\/100\n|-damage|p2b: Basculegion|44\/100\n|\n|upkeep\n|\n|t:|1700432344\n|switch|p1a: Landorus|Landorus-Therian, L50, M|100\/100\n|-ability|p1a: Landorus|Intimidate|boost\n|-unboost|p2a: Grumpig|atk|1\n|-unboost|p2b: Basculegion|atk|1\n|turn|2\n|\n|t:|1700432354\n|move|p1a: Landorus|U-turn|p2a: Grumpig\n|-supereffective|p2a: Grumpig\n|-damage|p2a: Grumpig|0 fnt\n|faint|p2a: Grumpig\n|\n|t:|1700432358\n|switch|p1a: Ditto|Ditto, L50|100\/100|[from] U-turn\n|-transform|p1a: Ditto|p2b: Basculegion|[from] ability: Imposter\n|-ability|p1a: Ditto|Mold Breaker\n|move|p2b: Basculegion|Liquidation|p1a: Ditto\n|-resisted|p1a: Ditto\n|-crit|p1a: Ditto\n|-damage|p1a: Ditto|30\/100\n|-unboost|p1a: Ditto|def|1\n|move|p1b: Eelektross|Discharge|p2b: Basculegion|[spread] p1a,p2b\n|-supereffective|p1a: Ditto\n|-supereffective|p2b: Basculegion\n|-damage|p1a: Ditto|0 fnt\n|-damage|p2b: Basculegion|0 fnt\n|faint|p1a: Ditto\n|faint|p2b: Basculegion\n|\n|upkeep\n|\n|t:|1700432373\n|switch|p2b: Sawsbuck|Sawsbuck, L50, F|100\/100\n|switch|p2a: Armarouge|Armarouge, L50, M|100\/100\n|switch|p1a: Landorus|Landorus-Therian, L50, M|100\/100\n|-ability|p1a: Landorus|Intimidate|boost\n|-unboost|p2a: Armarouge|atk|1\n|-unboost|p2b: Sawsbuck|atk|1\n|turn|3\n|\n|t:|1700432387\n|-terastallize|p2b: Sawsbuck|Normal\n|move|p2a: Armarouge|Ally Switch|p2a: Armarouge\n|swap|p2a: Armarouge|1|[from] move: Ally Switch\n|move|p2a: Sawsbuck|Facade|p1a: Landorus\n|-crit|p1a: Landorus\n|-damage|p1a: Landorus|25\/100\n|move|p1a: Landorus|Earthquake|p2a: Sawsbuck|[spread] p2a,p2b\n|-immune|p1b: Eelektross|[from] ability: Levitate\n|-supereffective|p2b: Armarouge\n|-damage|p2a: Sawsbuck|33\/100\n|-damage|p2b: Armarouge|47\/100\n|move|p1b: Eelektross|Flamethrower|p2b: Armarouge\n|-start|p2b: Armarouge|ability: Flash Fire\n|\n|upkeep\n|turn|4\n|\n|t:|1700432405\n|move|p2b: Armarouge|Protect|p2b: Armarouge\n|-singleturn|p2b: Armarouge|Protect\n|move|p2a: Sawsbuck|Facade|p1a: Landorus\n|-damage|p1a: Landorus|0 fnt\n|faint|p1a: Landorus\n|move|p1b: Eelektross|Dragon Pulse|p2a: Sawsbuck\n|-damage|p2a: Sawsbuck|3\/100\n|\n|upkeep\n|turn|5\n|-message|hydracrew forfeited.\n|\n|win|Sunny Omri\n|raw|hydracrew's rating: 1000 &rarr; <strong>1000<\/strong><br \/>(+0 for losing)\n|raw|Sunny Omri's rating: 1000 &rarr; <strong>1040<\/strong><br \/>(+40 for winning)\n|l|\u2606hydracrew\n|l|\u2606Sunny Omri\n|j|\u2606Sunny Omri\n|player|p2|Sunny Omri|cheren-gen5bw2\n","uploadtime":1700432487,"views":10,"p1id":"hydracrew","p2id":"sunnyomri","formatid":"gen9vgc2023regulatione","rating":1000,"private":0,"password":""}