{"id":"gen9vgc2023regulatione-1999917133","p1":"ChickyNugMan","p2":"M0ckingEJ","format":"[Gen 9] VGC 2023 Regulation E","log":"|j|\u2606ChickyNugMan\n|j|\u2606M0ckingEJ\n|t:|1701129815\n|gametype|doubles\n|player|p1|ChickyNugMan|101|1062\n|player|p2|M0ckingEJ|n|1065\n|teamsize|p1|6\n|teamsize|p2|5\n|gen|9\n|tier|[Gen 9] VGC 2023 Regulation E\n|rated|\n|rule|Species Clause: Limit one of each Pok\u00e9mon\n|rule|Item Clause: Limit one of each item\n|clearpoke\n|poke|p1|Sinistcha-Masterpiece, L50|\n|poke|p1|Urshifu-*, L50, F|\n|poke|p1|Rillaboom, L50, M|\n|poke|p1|Flutter Mane, L50|\n|poke|p1|Tornadus, L50, M|\n|poke|p1|Arcanine-Hisui, L50, F|\n|poke|p2|Pelipper, L50, F|\n|poke|p2|Glastrier, L50|\n|poke|p2|Amoonguss, L50, M|\n|poke|p2|Gholdengo, L50|\n|poke|p2|Urshifu-*, L50, M|\n|teampreview|4\nChickyNugMan rejected open team sheets.\n|inactive|Battle timer is ON: inactive players will automatically lose when time's up. (requested by ChickyNugMan)\n|\n|t:|1701129861\n|start\n|switch|p1a: Tornadus|Tornadus, L50, M|100\/100\n|switch|p1b: Rillaboom|Rillaboom, L50, M|100\/100\n|switch|p2a: Pelipper|Pelipper, L50, F, shiny|100\/100\n|switch|p2b: Glastrier|Glastrier, L50|100\/100\n|-fieldstart|move: Grassy Terrain|[from] ability: Grassy Surge|[of] p1b: Rillaboom\n|-weather|RainDance|[from] ability: Drizzle|[of] p2a: Pelipper\n|turn|1\n|\n|t:|1701129878\n|switch|p2b: Gholdengo|Gholdengo, L50|100\/100\n|-terastallize|p2a: Pelipper|Ghost\n|move|p1b: Rillaboom|Fake Out|p2b: Gholdengo\n|-immune|p2b: Gholdengo\n|move|p1a: Tornadus|Tailwind|p1a: Tornadus\n|-sidestart|p1: ChickyNugMan|move: Tailwind\n|move|p2a: Pelipper|Hurricane|p1b: Rillaboom\n|-supereffective|p1b: Rillaboom\n|-damage|p1b: Rillaboom|0 fnt\n|faint|p1b: Rillaboom\n|\n|-weather|RainDance|[upkeep]\n|upkeep\n|\n|t:|1701129891\n|switch|p1b: Flutter Mane|Flutter Mane, L50|100\/100\n|turn|2\n|inactive|M0ckingEJ has 30 seconds left.\n|\n|t:|1701129917\n|switch|p1a: Arcanine|Arcanine-Hisui, L50, F|100\/100\n|-ability|p1a: Arcanine|Intimidate|boost\n|-unboost|p2a: Pelipper|atk|1\n|-unboost|p2b: Gholdengo|atk|1\n|-terastallize|p1b: Flutter Mane|Fairy\n|move|p1b: Flutter Mane|Shadow Ball|p2a: Pelipper\n|-supereffective|p2a: Pelipper\n|-enditem|p2a: Pelipper|Focus Sash\n|-damage|p2a: Pelipper|1\/100\n|-unboost|p2a: Pelipper|spd|1\n|move|p2b: Gholdengo|Make It Rain|p1b: Flutter Mane|[spread] p1a,p1b\n|-supereffective|p1b: Flutter Mane\n|-damage|p1a: Arcanine|42\/100\n|-damage|p1b: Flutter Mane|3\/100\n|-unboost|p2b: Gholdengo|spa|1\n|move|p2a: Pelipper|Weather Ball|p1b: Flutter Mane\n|-damage|p1b: Flutter Mane|0 fnt\n|faint|p1b: Flutter Mane\n|-end|p1b: Flutter Mane|Protosynthesis|[silent]\n|\n|-weather|RainDance|[upkeep]\n|-heal|p1a: Arcanine|48\/100|[from] Grassy Terrain\n|-heal|p2a: Pelipper|7\/100|[from] Grassy Terrain\n|upkeep\n|\n|t:|1701129939\n|switch|p1b: Tornadus|Tornadus, L50, M|100\/100\n|turn|3\n|\n|t:|1701129945\n|move|p2a: Pelipper|Wide Guard|p2a: Pelipper\n|-singleturn|p2a: Pelipper|Wide Guard\n|move|p1b: Tornadus|Bleakwind Storm|p2a: Pelipper|[spread] \n|-activate|p2a: Pelipper|move: Wide Guard\n|-activate|p2b: Gholdengo|move: Wide Guard\n|move|p1a: Arcanine|Flare Blitz|p2b: Gholdengo\n|-supereffective|p2b: Gholdengo\n|-damage|p2b: Gholdengo|41\/100\n|-damage|p1a: Arcanine|27\/100|[from] Recoil\n|move|p2b: Gholdengo|Make It Rain|p1a: Arcanine|[spread] p1a,p1b\n|-damage|p1a: Arcanine|0 fnt\n|-damage|p1b: Tornadus|71\/100\n|-unboost|p2b: Gholdengo|spa|1\n|faint|p1a: Arcanine\n|\n|-weather|RainDance|[upkeep]\n|-heal|p2b: Gholdengo|47\/100|[from] Grassy Terrain\n|-heal|p2a: Pelipper|13\/100|[from] Grassy Terrain\n|upkeep\n|turn|4\n|\n|t:|1701129963\n|switch|p2b: Amoonguss|Amoonguss, L50, M, shiny|100\/100\n|move|p2a: Pelipper|Wide Guard|p2a: Pelipper\n|-singleturn|p2a: Pelipper|Wide Guard\n|move|p1b: Tornadus|Bleakwind Storm|p2a: Pelipper|[spread] \n|-activate|p2a: Pelipper|move: Wide Guard\n|-activate|p2b: Amoonguss|move: Wide Guard\n|\n|-weather|RainDance|[upkeep]\n|-heal|p2a: Pelipper|19\/100|[from] Grassy Terrain\n|-sideend|p1: ChickyNugMan|move: Tailwind\n|upkeep\n|turn|5\n|-message|ChickyNugMan forfeited.\n|\n|win|M0ckingEJ\n|raw|ChickyNugMan's rating: 1062 &rarr; <strong>1043<\/strong><br \/>(-19 for losing)\n|raw|M0ckingEJ's rating: 1065 &rarr; <strong>1095<\/strong><br \/>(+30 for winning)\n|l|\u2606ChickyNugMan\n","uploadtime":1701129972,"views":6,"p1id":"chickynugman","p2id":"m0ckingej","formatid":"gen9vgc2023regulatione","rating":1043,"private":0,"password":""}