{"id":"gen9vgc2023regulatione-1987908783","p1":"Gill x Mayhem","p2":"katterene","format":"[Gen 9] VGC 2023 Regulation E","log":"|j|\u2606Gill x Mayhem\n|j|\u2606katterene\n|n|\u2606Gill x Mayhem|gillxmayhem\n|n|\u2606katterene|katterene\n|html|View the match progress at <a href=\"\/game-bestof3-gen9vgc2023regulatione-1987902601\">game-bestof3-gen9vgc2023regulatione-1987902601<\/a>\n|t:|1699648123\n|gametype|doubles\n|player|p1|Gill x Mayhem|infielder|\n|player|p2|katterene|parasollady|\n|teamsize|p1|6\n|teamsize|p2|6\n|gen|9\n|tier|[Gen 9] VGC 2023 Regulation E\n|rule|Species Clause: Limit one of each Pok\u00e9mon\n|rule|Item Clause: Limit one of each item\n|clearpoke\n|poke|p1|Hatterene, L50, F|\n|poke|p1|Indeedee-F, L50, F|\n|poke|p1|Armarouge, L50, F|\n|poke|p1|Torkoal, L50, M|\n|poke|p1|Ursaluna, L50, F|\n|poke|p1|Crabominable, L50, F|\n|poke|p2|Slowbro-Galar, L50, F|\n|poke|p2|Milotic, L50, F|\n|poke|p2|Urshifu-*, L50, M|\n|poke|p2|Tinkaton, L50, F|\n|poke|p2|Skeledirge, L50, F|\n|poke|p2|Avalugg-Hisui, L50, M|\n|teampreview|4\n|\n|t:|1699648199\n|start\n|switch|p1a: Indeedee|Indeedee-F, L50, F|100\/100\n|switch|p1b: Armarouge|Armarouge, L50, F|100\/100\n|switch|p2a: Slowbro|Slowbro-Galar, L50, F|100\/100\n|switch|p2b: Avalugg|Avalugg-Hisui, L50, M|100\/100\n|-fieldstart|move: Psychic Terrain|[from] ability: Psychic Surge|[of] p1a: Indeedee\n|-enditem|p2b: Avalugg|Psychic Seed\n|-boost|p2b: Avalugg|spd|1|[from] item: Psychic Seed\n|turn|1\n|\n|t:|1699648236\n|-terastallize|p1b: Armarouge|Fairy\n|move|p2b: Avalugg|Wide Guard|p2b: Avalugg\n|-singleturn|p2b: Avalugg|Wide Guard\n|move|p1b: Armarouge|Tera Blast|p2b: Avalugg|[anim] Tera Blast Fairy\n|-damage|p2b: Avalugg|41\/100\n|move|p2a: Slowbro|Shell Side Arm|p1a: Indeedee|[anim] Shell Side Arm Physical\n|-damage|p1a: Indeedee|64\/100\n|-hint|Physical Shell Side Arm\n|-status|p1a: Indeedee|psn\n|-damage|p2a: Slowbro|84\/100|[from] item: Rocky Helmet|[of] p1a: Indeedee\n|move|p1a: Indeedee|Trick Room|p1a: Indeedee\n|-fieldstart|move: Trick Room|[of] p1a: Indeedee\n|\n|-heal|p2a: Slowbro|90\/100|[from] item: Leftovers\n|-damage|p1a: Indeedee|52\/100 psn|[from] psn\n|upkeep\n|turn|2\n|\n|t:|1699648278\n|move|p1a: Indeedee|Follow Me|p1a: Indeedee\n|-singleturn|p1a: Indeedee|move: Follow Me\n|move|p2b: Avalugg|Ice Spinner|p1a: Indeedee\n|-damage|p1a: Indeedee|7\/100 psn\n|-damage|p2b: Avalugg|25\/100|[from] item: Rocky Helmet|[of] p1a: Indeedee\n|-fieldend|move: Psychic Terrain\n|move|p2a: Slowbro|Shell Side Arm|p1a: Indeedee|[anim] Shell Side Arm Physical\n|-damage|p1a: Indeedee|0 fnt\n|-hint|Physical Shell Side Arm\n|-damage|p2a: Slowbro|74\/100|[from] item: Rocky Helmet|[of] p1a: Indeedee\n|faint|p1a: Indeedee\n|move|p1b: Armarouge|Tera Blast|p2b: Avalugg|[anim] Tera Blast Fairy\n|-damage|p2b: Avalugg|0 fnt\n|faint|p2b: Avalugg\n|\n|-heal|p2a: Slowbro|80\/100|[from] item: Leftovers\n|upkeep\n|\n|t:|1699648296\n|switch|p2b: Skeledirge|Skeledirge, L50, F|100\/100\n|switch|p1a: Torkoal|Torkoal, L50, M|100\/100\n|-weather|SunnyDay|[from] ability: Drought|[of] p1a: Torkoal\n|turn|3\n|\n|t:|1699648332\n|move|p1a: Torkoal|Eruption|p2a: Slowbro|[spread] p2a,p2b\n|-resisted|p2b: Skeledirge\n|-damage|p2a: Slowbro|0 fnt\n|-damage|p2b: Skeledirge|58\/100\n|faint|p2a: Slowbro\n|move|p1b: Armarouge|Expanding Force|p2b: Skeledirge\n|-damage|p2b: Skeledirge|12\/100\n|move|p2b: Skeledirge|Torch Song|p1b: Armarouge\n|-start|p1b: Armarouge|ability: Flash Fire\n|\n|-weather|SunnyDay|[upkeep]\n|upkeep\n|\n|t:|1699648343\n|switch|p2a: Urshifu - X|Urshifu, L50, M|100\/100\n|turn|4\n|\n|t:|1699648355\n|move|p2b: Skeledirge|Protect|p2b: Skeledirge\n|-singleturn|p2b: Skeledirge|Protect\n|move|p2a: Urshifu - X|Protect|p2a: Urshifu - X\n|-singleturn|p2a: Urshifu - X|Protect\n|move|p1a: Torkoal|Eruption|p2a: Urshifu - X|[spread] \n|-activate|p2a: Urshifu - X|move: Protect\n|-activate|p2b: Skeledirge|move: Protect\n|move|p1b: Armarouge|Tera Blast|p2a: Urshifu - X|[anim] Tera Blast Fairy\n|-activate|p2a: Urshifu - X|move: Protect\n|\n|-weather|SunnyDay|[upkeep]\n|upkeep\n|turn|5\n|\n|t:|1699648400\n|move|p2b: Skeledirge|Protect|p2b: Skeledirge\n|-singleturn|p2b: Skeledirge|Protect\n|move|p2a: Urshifu - X|Protect||[still]\n|-fail|p2a: Urshifu - X\n|move|p1a: Torkoal|Eruption|p2b: Skeledirge|[spread] p2a\n|-activate|p2b: Skeledirge|move: Protect\n|-enditem|p2a: Urshifu - X|Focus Sash\n|-damage|p2a: Urshifu - X|1\/100\n|move|p1b: Armarouge|Tera Blast|p2a: Urshifu - X|[anim] Tera Blast Fairy\n|-supereffective|p2a: Urshifu - X\n|-damage|p2a: Urshifu - X|0 fnt\n|faint|p2a: Urshifu - X\n|\n|-weather|SunnyDay|[upkeep]\n|-fieldend|move: Trick Room\n|upkeep\n|turn|6\n|\n|t:|1699648420\n|move|p2b: Skeledirge|Hyper Voice|p1b: Armarouge|[spread] p1a,p1b\n|-damage|p1a: Torkoal|70\/100\n|-damage|p1b: Armarouge|75\/100\n|-enditem|p2b: Skeledirge|Throat Spray\n|-boost|p2b: Skeledirge|spa|1|[from] item: Throat Spray\n|move|p1b: Armarouge|Expanding Force|p2b: Skeledirge\n|-damage|p2b: Skeledirge|0 fnt\n|faint|p2b: Skeledirge\n|\n|win|Gill x Mayhem\n|c|\u2606katterene|GG!\n|c|\u2606Gill x Mayhem|Gg\u2019s! That was a great set!\n","uploadtime":1699648472,"views":18,"p1id":"gillxmayhem","p2id":"katterene","formatid":"gen9vgc2023regulatione","rating":0,"private":0,"password":""}