{"id":"gen9vgc2023regulatione-1990959168","p1":"Astra15","p2":"lopkihdas f","format":"[Gen 9] VGC 2023 Regulation E","log":"|j|\u2606Astra15\n|j|\u2606lopkihdas f\n|t:|1700019908\n|gametype|doubles\n|player|p1|Astra15|hugh|1246\n|player|p2|lopkihdas f|265|1156\n|teamsize|p1|6\n|teamsize|p2|6\n|gen|9\n|tier|[Gen 9] VGC 2023 Regulation E\n|rated|\n|rule|Species Clause: Limit one of each Pok\u00e9mon\n|rule|Item Clause: Limit one of each item\n|clearpoke\n|poke|p1|Politoed, L50, F|\n|poke|p1|Tornadus, L50, M|\n|poke|p1|Basculegion, L50, M|\n|poke|p1|Iron Hands, L50|\n|poke|p1|Ogerpon-Wellspring, L50, F|\n|poke|p1|Landorus-Therian, L50, M|\n|poke|p2|Ogerpon-Wellspring, L50, F|\n|poke|p2|Sinistcha, L50|\n|poke|p2|Arcanine-Hisui, L50, M|\n|poke|p2|Indeedee-F, L50, F|\n|poke|p2|Kingambit, L50, F|\n|poke|p2|Ursaluna-Bloodmoon, L50, M|\n|teampreview|4\n|inactive|Battle timer is ON: inactive players will automatically lose when time's up. (requested by lopkihdas f)\n|inactive|Astra15 has 60 seconds left.\n|\n|t:|1700019997\n|start\n|switch|p1a: Tornadus|Tornadus, L50, M|100\/100\n|switch|p1b: Ogerpon|Ogerpon-Wellspring, L50, F|100\/100\n|switch|p2a: Ursaluna|Ursaluna-Bloodmoon, L50, M|100\/100\n|switch|p2b: Arcanine|Arcanine-Hisui, L50, M|100\/100\n|-ability|p2b: Arcanine|Intimidate|boost\n|-unboost|p1a: Tornadus|atk|1\n|-unboost|p1b: Ogerpon|atk|1\n|-item|p2b: Arcanine|Air Balloon\n|turn|1\n|inactive|lopkihdas f has 30 seconds left.\n|\n|t:|1700020024\n|switch|p2b: Ogerpon|Ogerpon-Wellspring, L50, F|100\/100\n|-terastallize|p2a: Ursaluna|Normal\n|move|p1a: Tornadus|Icy Wind|p2a: Ursaluna|[spread] p2a,p2b\n|-damage|p2a: Ursaluna|95\/100\n|-damage|p2b: Ogerpon|89\/100\n|-unboost|p2a: Ursaluna|spe|1\n|-unboost|p2b: Ogerpon|spe|1\n|move|p1b: Ogerpon|Ivy Cudgel|p2a: Ursaluna|[anim] Ivy Cudgel Water\n|-damage|p2a: Ursaluna|72\/100\n|move|p2a: Ursaluna|Hyper Voice|p1b: Ogerpon|[spread] p1a,p1b\n|-damage|p1a: Tornadus|59\/100\n|-damage|p1b: Ogerpon|62\/100\n|\n|upkeep\n|turn|2\n|inactive|Astra15 has 30 seconds left.\n|\n|t:|1700020055\n|-terastallize|p1b: Ogerpon|Water\n|detailschange|p1b: Ogerpon|Ogerpon-Wellspring-Tera, L50, F, tera:Water\n|-ability|p1b: Ogerpon|Embody Aspect (Wellspring)|boost\n|-boost|p1b: Ogerpon|spd|1\n|move|p1a: Tornadus|Bleakwind Storm|p2b: Ogerpon|[spread] p2a\n|-miss|p1a: Tornadus|p2b: Ogerpon\n|-damage|p2a: Ursaluna|55\/100\n|-unboost|p2a: Ursaluna|spe|1\n|move|p1b: Ogerpon|Ivy Cudgel|p2a: Ursaluna|[anim] Ivy Cudgel Water\n|-damage|p2a: Ursaluna|23\/100\n|move|p2b: Ogerpon|Horn Leech|p1b: Ogerpon\n|-supereffective|p1b: Ogerpon\n|-damage|p1b: Ogerpon|10\/100\n|-heal|p2b: Ogerpon|100\/100|[from] drain|[of] p1b: Ogerpon\n|move|p2a: Ursaluna|Blood Moon|p1a: Tornadus\n|-damage|p1a: Tornadus|0 fnt\n|faint|p1a: Tornadus\n|\n|upkeep\n|\n|t:|1700020077\n|switch|p1a: Iron Hands|Iron Hands, L50|100\/100\n|turn|3\n|inactive|lopkihdas f has 30 seconds left.\n|\n|t:|1700020105\n|switch|p2a: Indeedee|Indeedee-F, L50, F|100\/100\n|-fieldstart|move: Psychic Terrain|[from] ability: Psychic Surge|[of] p2a: Indeedee\n|-enditem|p2a: Indeedee|Psychic Seed\n|-boost|p2a: Indeedee|spd|1|[from] item: Psychic Seed\n|move|p1b: Ogerpon|Ivy Cudgel|p2a: Indeedee|[anim] Ivy Cudgel Water\n|-damage|p2a: Indeedee|62\/100\n|move|p2b: Ogerpon|Horn Leech|p1b: Ogerpon\n|-supereffective|p1b: Ogerpon\n|-damage|p1b: Ogerpon|0 fnt\n|faint|p1b: Ogerpon\n|move|p1a: Iron Hands|Swords Dance|p1a: Iron Hands\n|-boost|p1a: Iron Hands|atk|2\n|\n|upkeep\n|\n|t:|1700020119\n|switch|p1b: Basculegion|Basculegion, L50, M|100\/100\n|turn|4\n|\n|t:|1700020143\n|move|p2b: Ogerpon|Follow Me|p2b: Ogerpon\n|-singleturn|p2b: Ogerpon|move: Follow Me\n|move|p1b: Basculegion|Wave Crash|p2b: Ogerpon\n|-immune|p2b: Ogerpon|[from] ability: Water Absorb\n|move|p1a: Iron Hands|Wild Charge|p2b: Ogerpon\n|-damage|p2b: Ogerpon|0 fnt\n|faint|p2b: Ogerpon\n|-damage|p1a: Iron Hands|82\/100|[from] Recoil\n|-damage|p1a: Iron Hands|73\/100|[from] item: Life Orb\n|move|p2a: Indeedee|Trick Room|p2a: Indeedee\n|-fieldstart|move: Trick Room|[of] p2a: Indeedee\n|\n|upkeep\n|\n|t:|1700020162\n|switch|p2b: Ursaluna|Ursaluna-Bloodmoon, L50, M, tera:Normal|23\/100\n|turn|5\n|\n|t:|1700020176\n|move|p1a: Iron Hands|Protect|p1a: Iron Hands\n|-singleturn|p1a: Iron Hands|Protect\n|move|p2b: Ursaluna|Blood Moon|p1b: Basculegion\n|-damage|p1b: Basculegion|11\/100\n|move|p2a: Indeedee|Psychic|p1a: Iron Hands\n|-activate|p1a: Iron Hands|move: Protect\n|move|p1b: Basculegion|Wave Crash|p2b: Ursaluna\n|-damage|p2b: Ursaluna|0 fnt\n|faint|p2b: Ursaluna\n|-damage|p1b: Basculegion|3\/100|[from] Recoil\n|\n|upkeep\n|\n|t:|1700020187\n|switch|p2b: Arcanine|Arcanine-Hisui, L50, M|100\/100\n|-ability|p2b: Arcanine|Intimidate|boost\n|-unboost|p1a: Iron Hands|atk|1\n|-unboost|p1b: Basculegion|atk|1\n|-item|p2b: Arcanine|Air Balloon\n|turn|6\n|\n|t:|1700020200\n|move|p1a: Iron Hands|Drain Punch|p2b: Arcanine\n|-supereffective|p2b: Arcanine\n|-damage|p2b: Arcanine|0 fnt\n|-heal|p1a: Iron Hands|100\/100|[from] drain|[of] p2b: Arcanine\n|-enditem|p2b: Arcanine|Air Balloon\n|faint|p2b: Arcanine\n|-damage|p1a: Iron Hands|91\/100|[from] item: Life Orb\n|move|p2a: Indeedee|Dazzling Gleam|p1b: Basculegion|[spread] p1a,p1b\n|-supereffective|p1a: Iron Hands\n|-damage|p1a: Iron Hands|66\/100\n|-damage|p1b: Basculegion|0 fnt\n|faint|p1b: Basculegion\n|\n|upkeep\n|turn|7\n|\n|t:|1700020219\n|move|p1a: Iron Hands|Wild Charge|p2a: Indeedee\n|-damage|p2a: Indeedee|0 fnt\n|faint|p2a: Indeedee\n|-damage|p1a: Iron Hands|56\/100|[from] Recoil\n|-damage|p1a: Iron Hands|46\/100|[from] item: Life Orb\n|\n|win|Astra15\n|raw|Astra15's rating: 1246 &rarr; <strong>1265<\/strong><br \/>(+19 for winning)\n|raw|lopkihdas f's rating: 1156 &rarr; <strong>1137<\/strong><br \/>(-19 for losing)\n|l|\u2606lopkihdas f\n","uploadtime":1700020232,"views":12,"p1id":"astra15","p2id":"lopkihdasf","formatid":"gen9vgc2023regulatione","rating":1137,"private":0,"password":""}