{"id":"gen9vgc2023regulatione-1989427030","p1":"SlopMcFlopsters","p2":"averagerandbats","format":"[Gen 9] VGC 2023 Regulation E","log":"|j|\u2606SlopMcFlopsters\n|j|\u2606averagerandbats\n|t:|1699848880\n|gametype|doubles\n|player|p1|SlopMcFlopsters|li|\n|player|p2|averagerandbats|janitor|\n|teamsize|p1|6\n|teamsize|p2|6\n|gen|9\n|tier|[Gen 9] VGC 2023 Regulation E\n|rated|Tournament battle\n|rule|Species Clause: Limit one of each Pok\u00e9mon\n|rule|Item Clause: Limit one of each item\n|clearpoke\n|poke|p1|Tornadus, L50, M|\n|poke|p1|Urshifu-*, L50, M|\n|poke|p1|Iron Hands, L50|\n|poke|p1|Farigiraf, L50, M|\n|poke|p1|Chien-Pao, L50|\n|poke|p1|Decidueye-Hisui, L50, F|\n|poke|p2|Zapdos, L50|\n|poke|p2|Arcanine-Hisui, L50, F|\n|poke|p2|Urshifu-*, L50, F|\n|poke|p2|Rillaboom, L50, F|\n|poke|p2|Gholdengo, L50|\n|poke|p2|Ogerpon-Wellspring, L50, F|\n|teampreview|4\n|showteam|p1|Tornadus||RockyHelmet|Prankster|BleakwindStorm,Tailwind,RainDance,Taunt|||M|||50|,,,,,Steel]Urshifu-Rapid-Strike||MysticWater|UnseenFist|SurgingStrikes,CloseCombat,AquaJet,Detect|||M|||50|,,,,,Water]Iron Hands||AssaultVest|QuarkDrive|WildCharge,DrainPunch,HeavySlam,FakeOut||||||50|,,,,,Grass]Farigiraf||SitrusBerry|ArmorTail|Psychic,HyperVoice,Imprison,TrickRoom|||M|||50|,,,,,Fairy]Chien-Pao||FocusSash|SwordofRuin|IceSpinner,SuckerPunch,SacredSword,Protect||||||50|,,,,,Poison]Decidueye-Hisui||ScopeLens|Scrappy|TripleArrows,LeafBlade,KnockOff,Protect|||F|||50|,,,,,Fire\n|showteam|p2|Zapdos||RockyHelmet|Static|Thunderbolt,Hurricane,RainDance,Tailwind||||||50|,,,,,Ghost]Arcanine-Hisui||ChoiceBand|Intimidate|RockSlide,FlareBlitz,ExtremeSpeed,TeraBlast|||F|||50|,,,,,Fairy]Urshifu-Rapid-Strike||ChoiceScarf|UnseenFist|SurgingStrikes,CloseCombat,IceSpinner,Uturn|||F|||50|,,,,,Water]Rillaboom||AssaultVest|GrassySurge|FakeOut,GrassyGlide,WoodHammer,HighHorsepower|||F|||50|,,,,,Fire]Gholdengo||Leftovers|GoodasGold|Protect,NastyPlot,MakeItRain,ShadowBall||||||50|,,,,,Dragon]Ogerpon-Wellspring||WellspringMask|WaterAbsorb|SpikyShield,FollowMe,IvyCudgel,PowerWhip|||F|||50|,,,,,Water\n|inactive|Battle timer is ON: inactive players will automatically lose when time's up. (requested by SlopMcFlopsters)\n|c|\u2606SlopMcFlopsters|GLHF\n|c|\u2606averagerandbats|you too\n|\n|t:|1699848909\n|start\n|switch|p1a: Tornadus|Tornadus, L50, M|100\/100\n|switch|p1b: Urshifu|Urshifu-Rapid-Strike, L50, M|100\/100\n|switch|p2a: Zapdos|Zapdos, L50|100\/100\n|switch|p2b: Gholdengo|Gholdengo, L50|100\/100\n|turn|1\n|j|%Radio Free C-Side\n|j| LasermanZ11\n|\n|t:|1699848925\n|-terastallize|p1b: Urshifu|Water\n|move|p1a: Tornadus|Tailwind|p1a: Tornadus\n|-sidestart|p1: SlopMcFlopsters|move: Tailwind\n|move|p1b: Urshifu|Surging Strikes|p2a: Zapdos\n|-crit|p2a: Zapdos\n|-damage|p2a: Zapdos|75\/100\n|-damage|p1b: Urshifu|84\/100|[from] item: Rocky Helmet|[of] p2a: Zapdos\n|-crit|p2a: Zapdos\n|-damage|p2a: Zapdos|49\/100\n|-damage|p1b: Urshifu|67\/100|[from] item: Rocky Helmet|[of] p2a: Zapdos\n|-status|p1b: Urshifu|par|[from] ability: Static|[of] p2a: Zapdos\n|-crit|p2a: Zapdos\n|-damage|p2a: Zapdos|22\/100\n|-damage|p1b: Urshifu|51\/100 par|[from] item: Rocky Helmet|[of] p2a: Zapdos\n|-hitcount|p2a: Zapdos|3\n|move|p2a: Zapdos|Thunderbolt|p1b: Urshifu\n|-supereffective|p1b: Urshifu\n|-damage|p1b: Urshifu|0 fnt\n|faint|p1b: Urshifu\n|move|p2b: Gholdengo|Nasty Plot|p2b: Gholdengo\n|-boost|p2b: Gholdengo|spa|2\n|\n|upkeep\n|\n|t:|1699848944\n|switch|p1b: Chien-Pao|Chien-Pao, L50|100\/100\n|-ability|p1b: Chien-Pao|Sword of Ruin\n|turn|2\n|\n|t:|1699848956\n|switch|p2a: Arcanine|Arcanine-Hisui, L50, F|100\/100\n|-ability|p2a: Arcanine|Intimidate|boost\n|-unboost|p1a: Tornadus|atk|1\n|-unboost|p1b: Chien-Pao|atk|1\n|move|p1b: Chien-Pao|Protect|p1b: Chien-Pao\n|-singleturn|p1b: Chien-Pao|Protect\n|move|p2b: Gholdengo|Protect|p2b: Gholdengo\n|-singleturn|p2b: Gholdengo|Protect\n|move|p1a: Tornadus|Bleakwind Storm|p2b: Gholdengo|[spread] \n|-activate|p2b: Gholdengo|move: Protect\n|-miss|p1a: Tornadus|p2a: Arcanine\n|\n|upkeep\n|turn|3\n|\n|t:|1699848971\n|switch|p1b: Iron Hands|Iron Hands, L50|100\/100\n|move|p1a: Tornadus|Bleakwind Storm|p2a: Arcanine|[spread] p2a,p2b\n|-resisted|p2a: Arcanine\n|-resisted|p2b: Gholdengo\n|-damage|p2a: Arcanine|83\/100\n|-damage|p2b: Gholdengo|86\/100\n|move|p2a: Arcanine|Rock Slide|p1b: Iron Hands|[spread] p1a,p1b\n|-supereffective|p1a: Tornadus\n|-resisted|p1b: Iron Hands\n|-damage|p1a: Tornadus|25\/100\n|-damage|p1b: Iron Hands|87\/100\n|move|p2b: Gholdengo|Nasty Plot|p2b: Gholdengo\n|-boost|p2b: Gholdengo|spa|2\n|\n|-heal|p2b: Gholdengo|92\/100|[from] item: Leftovers\n|upkeep\n|turn|4\n|\n|t:|1699848994\n|switch|p2a: Zapdos|Zapdos, L50|22\/100\n|move|p1a: Tornadus|Bleakwind Storm|p2a: Zapdos|[spread] p2a\n|-miss|p1a: Tornadus|p2b: Gholdengo\n|-resisted|p2a: Zapdos\n|-damage|p2a: Zapdos|6\/100\n|move|p2b: Gholdengo|Nasty Plot|p2b: Gholdengo\n|-boost|p2b: Gholdengo|spa|2\n|move|p1b: Iron Hands|Drain Punch|p2a: Zapdos\n|-resisted|p2a: Zapdos\n|-damage|p2a: Zapdos|0 fnt\n|-heal|p1b: Iron Hands|89\/100|[from] drain|[of] p2a: Zapdos\n|-damage|p1b: Iron Hands|73\/100|[from] item: Rocky Helmet|[of] p2a: Zapdos\n|faint|p2a: Zapdos\n|\n|-heal|p2b: Gholdengo|98\/100|[from] item: Leftovers\n|-sideend|p1: SlopMcFlopsters|move: Tailwind\n|upkeep\n|c|\u2606SlopMcFlopsters|yo chill with the nasty plot\n|j| ale cog\n|\n|t:|1699849015\n|switch|p2a: Arcanine|Arcanine-Hisui, L50, F|83\/100\n|-ability|p2a: Arcanine|Intimidate|boost\n|-unboost|p1a: Tornadus|atk|1\n|-unboost|p1b: Iron Hands|atk|1\n|turn|5\n|\n|t:|1699849027\n|move|p1a: Tornadus|Tailwind|p1a: Tornadus\n|-sidestart|p1: SlopMcFlopsters|move: Tailwind\n|move|p2a: Arcanine|Rock Slide|p1b: Iron Hands|[spread] p1a,p1b\n|-supereffective|p1a: Tornadus\n|-resisted|p1b: Iron Hands\n|-damage|p1a: Tornadus|0 fnt\n|-damage|p1b: Iron Hands|60\/100\n|faint|p1a: Tornadus\n|move|p2b: Gholdengo|Make It Rain|p1b: Iron Hands\n|-resisted|p1b: Iron Hands\n|-damage|p1b: Iron Hands|0 fnt\n|-unboost|p2b: Gholdengo|spa|1\n|faint|p1b: Iron Hands\n|-end|p1b: Iron Hands|Quark Drive|[silent]\n|\n|-heal|p2b: Gholdengo|100\/100|[from] item: Leftovers\n|upkeep\n|c|\u2606SlopMcFlopsters|ggwp\n|\n|t:|1699849044\n|switch|p1b: Chien-Pao|Chien-Pao, L50|100\/100\n|-ability|p1b: Chien-Pao|Sword of Ruin\n|turn|6\n|\n|t:|1699849051\n|move|p1b: Chien-Pao|Sacred Sword|p2a: Arcanine\n|-supereffective|p2a: Arcanine\n|-damage|p2a: Arcanine|1\/100\n|move|p2a: Arcanine|Rock Slide|p1b: Chien-Pao\n|-supereffective|p1b: Chien-Pao\n|-enditem|p1b: Chien-Pao|Focus Sash\n|-damage|p1b: Chien-Pao|1\/100\n|move|p2b: Gholdengo|Make It Rain|p1b: Chien-Pao\n|-supereffective|p1b: Chien-Pao\n|-damage|p1b: Chien-Pao|0 fnt\n|-unboost|p2b: Gholdengo|spa|1\n|faint|p1b: Chien-Pao\n|\n|win|averagerandbats\n|n|\u2606SlopMcFlopsters|slopmcflopsters\n|n|\u2606averagerandbats|averagerandbats\n|n| Radio Free C-Side|radiofreecside\n|n| LasermanZ11|lasermanz11\n|n| ale cog|alecog\n|c|\u2606averagerandbats|gg\n|l|\u2606SlopMcFlopsters\n|l| Radio Free C-Side\n|l| ale cog\n","uploadtime":1699849067,"views":17,"p1id":"slopmcflopsters","p2id":"averagerandbats","formatid":"gen9vgc2023regulatione","rating":0,"private":0,"password":""}