{"id":"gen9vgc2023regulatione-1988912995","p1":"Aylona","p2":"faiRyVGC","format":"[Gen 9] VGC 2023 Regulation E","log":"|j|\u2606Aylona\n|j|\u2606faiRyVGC\n|t:|1699786543\n|gametype|doubles\n|player|p1|Aylona|morty|\n|player|p2|faiRyVGC|lucas-gen4pt|\n|teamsize|p1|6\n|teamsize|p2|6\n|gen|9\n|tier|[Gen 9] VGC 2023 Regulation E\n|rated|Tournament battle\n|rule|Species Clause: Limit one of each Pok\u00e9mon\n|rule|Item Clause: Limit one of each item\n|clearpoke\n|poke|p1|Annihilape, L50, F|\n|poke|p1|Iron Hands, L50|\n|poke|p1|Arcanine-Hisui, L50, M|\n|poke|p1|Sinistcha, L50|\n|poke|p1|Indeedee-F, L50, F|\n|poke|p1|Hatterene, L50, F|\n|poke|p2|Sableye, L50, F|\n|poke|p2|Ogerpon-Wellspring, L50, F|\n|poke|p2|Iron Hands, L50|\n|poke|p2|Arcanine-Hisui, L50, M|\n|poke|p2|Flutter Mane, L50|\n|poke|p2|Mamoswine, L50, M|\n|teampreview|4\nAylona has agreed to open team sheets.\nfaiRyVGC has agreed to open team sheets.\n|showteam|p1|Annihilape||Leftovers|Defiant|RageFist,DrainPunch,BulkUp,Protect|||F|||50|,,,,,Fire]Iron Hands||AssaultVest|QuarkDrive|WildCharge,DrainPunch,HeavySlam,FakeOut||||||50|,,,,,Grass]Arcanine-Hisui||ChoiceBand|Intimidate|FlareBlitz,RockSlide,ExtremeSpeed,TeraBlast|||M|||50|,,,,,Fairy]Sinistcha||SitrusBerry|Hospitality|MatchaGotcha,StrengthSap,TrickRoom,RagePowder||||||50|,,,,,Water]Indeedee-F||RockyHelmet|PsychicSurge|DazzlingGleam,HelpingHand,TrickRoom,FollowMe|||F|||50|,,,,,Dragon]Hatterene||LifeOrb|MagicBounce|Psychic,DazzlingGleam,TrickRoom,Protect|||F|||50|,,,,,Water\n|showteam|p2|Sableye||RockyHelmet|Prankster|Encore,FakeOut,WillOWisp,Quash|||F|||50|,,,,,Dragon]Ogerpon-Wellspring||WellspringMask|WaterAbsorb|IvyCudgel,HornLeech,SpikyShield,SwordsDance|||F|||50|,,,,,Water]Iron Hands||AssaultVest|QuarkDrive|WildCharge,DrainPunch,FakeOut,HeavySlam||||||50|,,,,,Water]Arcanine-Hisui||ChoiceBand|Intimidate|FlareBlitz,RockSlide,ExtremeSpeed,TeraBlast|||M|||50|,,,,,Fairy]Flutter Mane||BoosterEnergy|Protosynthesis|DazzlingGleam,ShadowBall,Moonblast,Protect||||||50|,,,,,Fairy]Mamoswine||ChoiceScarf|Oblivious|IcicleCrash,IceShard,HighHorsepower,RockSlide|||M|||50|,,,,,Poison\n|\n|t:|1699786638\n|start\n|switch|p1a: Arcanine|Arcanine-Hisui, L50, M|100\/100\n|switch|p1b: Indeedee|Indeedee-F, L50, F|100\/100\n|switch|p2a: Arcanine|Arcanine-Hisui, L50, M, shiny|100\/100\n|switch|p2b: Flutter Mane|Flutter Mane, L50, shiny|100\/100\n|-ability|p1a: Arcanine|Intimidate|boost\n|-unboost|p2a: Arcanine|atk|1\n|-unboost|p2b: Flutter Mane|atk|1\n|-ability|p2a: Arcanine|Intimidate|boost\n|-unboost|p1a: Arcanine|atk|1\n|-unboost|p1b: Indeedee|atk|1\n|-fieldstart|move: Psychic Terrain|[from] ability: Psychic Surge|[of] p1b: Indeedee\n|-enditem|p2b: Flutter Mane|Booster Energy\n|-activate|p2b: Flutter Mane|ability: Protosynthesis|[fromitem]\n|-start|p2b: Flutter Mane|protosynthesisspe\n|turn|1\n|\n|t:|1699786686\n|switch|p2a: Iron Hands|Iron Hands, L50, shiny|100\/100\n|move|p1b: Indeedee|Helping Hand|p1a: Arcanine\n|-singleturn|p1a: Arcanine|Helping Hand|[of] p1b: Indeedee\n|move|p2b: Flutter Mane|Protect|p2b: Flutter Mane\n|-singleturn|p2b: Flutter Mane|Protect\n|move|p1a: Arcanine|Rock Slide|p2a: Iron Hands|[spread] p2a\n|-activate|p2b: Flutter Mane|move: Protect\n|-resisted|p2a: Iron Hands\n|-damage|p2a: Iron Hands|84\/100\n|\n|upkeep\n|turn|2\n|\n|t:|1699786730\n|-end|p2b: Flutter Mane|Protosynthesis|[silent]\n|switch|p2b: Arcanine|Arcanine-Hisui, L50, M, shiny|100\/100\n|-ability|p2b: Arcanine|Intimidate|boost\n|-unboost|p1a: Arcanine|atk|1\n|-unboost|p1b: Indeedee|atk|1\n|move|p1b: Indeedee|Follow Me|p1b: Indeedee\n|-singleturn|p1b: Indeedee|move: Follow Me\n|move|p1a: Arcanine|Rock Slide|p2a: Iron Hands|[spread] p2a,p2b\n|-resisted|p2a: Iron Hands\n|-supereffective|p2b: Arcanine\n|-damage|p2a: Iron Hands|77\/100\n|-damage|p2b: Arcanine|53\/100\n|move|p2a: Iron Hands|Drain Punch|p1b: Indeedee\n|-damage|p1b: Indeedee|60\/100\n|-heal|p2a: Iron Hands|92\/100|[from] drain|[of] p1b: Indeedee\n|-damage|p2a: Iron Hands|75\/100|[from] item: Rocky Helmet|[of] p1b: Indeedee\n|\n|upkeep\n|turn|3\n|\n|t:|1699786765\n|-terastallize|p2b: Arcanine|Fairy\n|move|p1b: Indeedee|Helping Hand|p1a: Arcanine\n|-singleturn|p1a: Arcanine|Helping Hand|[of] p1b: Indeedee\n|move|p1a: Arcanine|Rock Slide|p2a: Iron Hands|[spread] p2a\n|-miss|p1a: Arcanine|p2b: Arcanine\n|-resisted|p2a: Iron Hands\n|-damage|p2a: Iron Hands|64\/100\n|move|p2b: Arcanine|Rock Slide|p1a: Arcanine|[spread] p1a,p1b\n|-supereffective|p1a: Arcanine\n|-damage|p1a: Arcanine|0 fnt\n|-damage|p1b: Indeedee|22\/100\n|faint|p1a: Arcanine\n|move|p2a: Iron Hands|Drain Punch|p1b: Indeedee\n|-damage|p1b: Indeedee|0 fnt\n|-heal|p2a: Iron Hands|72\/100|[from] drain|[of] p1b: Indeedee\n|-damage|p2a: Iron Hands|56\/100|[from] item: Rocky Helmet|[of] p1b: Indeedee\n|faint|p1b: Indeedee\n|\n|upkeep\n|\n|t:|1699786782\n|switch|p1a: Sinistcha|Sinistcha, L50|100\/100\n|switch|p1b: Annihilape|Annihilape, L50, F|100\/100\n|turn|4\n|\n|t:|1699786810\n|move|p2b: Arcanine|Rock Slide|p1a: Sinistcha|[spread] p1a,p1b\n|-resisted|p1b: Annihilape\n|-damage|p1a: Sinistcha|63\/100\n|-damage|p1b: Annihilape|81\/100\n|cant|p1b: Annihilape|flinch\n|move|p1a: Sinistcha|Matcha Gotcha|p2b: Arcanine|[spread] p2a,p2b\n|-damage|p2a: Iron Hands|43\/100\n|-heal|p1a: Sinistcha|72\/100|[from] drain|[of] p2a: Iron Hands\n|-damage|p2b: Arcanine|24\/100\n|-heal|p1a: Sinistcha|86\/100|[from] drain|[of] p2b: Arcanine\n|move|p2a: Iron Hands|Wild Charge|p1b: Annihilape\n|-damage|p1b: Annihilape|40\/100\n|-damage|p2a: Iron Hands|33\/100|[from] Recoil\n|\n|-heal|p1b: Annihilape|46\/100|[from] item: Leftovers\n|upkeep\n|turn|5\n|\n|t:|1699786829\n|move|p1b: Annihilape|Protect|p1b: Annihilape\n|-singleturn|p1b: Annihilape|Protect\n|move|p2b: Arcanine|Rock Slide|p1b: Annihilape|[spread] p1a\n|-activate|p1b: Annihilape|move: Protect\n|-damage|p1a: Sinistcha|46\/100\n|-enditem|p1a: Sinistcha|Sitrus Berry|[eat]\n|-heal|p1a: Sinistcha|71\/100|[from] item: Sitrus Berry\n|cant|p1a: Sinistcha|flinch\n|move|p2a: Iron Hands|Wild Charge|p1b: Annihilape\n|-activate|p1b: Annihilape|move: Protect\n|\n|-heal|p1b: Annihilape|52\/100|[from] item: Leftovers\n|-fieldend|move: Psychic Terrain\n|upkeep\n|turn|6\n|\n|t:|1699786851\n|move|p1b: Annihilape|Protect|p1b: Annihilape\n|-singleturn|p1b: Annihilape|Protect\n|move|p2b: Arcanine|Rock Slide|p1b: Annihilape|[spread] p1a\n|-activate|p1b: Annihilape|move: Protect\n|-damage|p1a: Sinistcha|34\/100\n|cant|p1a: Sinistcha|flinch\n|move|p2a: Iron Hands|Heavy Slam|p1a: Sinistcha\n|-damage|p1a: Sinistcha|0 fnt\n|faint|p1a: Sinistcha\n|\n|-heal|p1b: Annihilape|58\/100|[from] item: Leftovers\n|upkeep\n|turn|7\n|c|\u2606Aylona|bruuuuh\n|-message|Aylona forfeited.\n|\n|win|faiRyVGC\n|n|\u2606Aylona|aylona\n|n|\u2606faiRyVGC|fairyvgc\n|c|\u2606faiRyVGC|gg\n|l|\u2606faiRyVGC\n","uploadtime":1699786936,"views":18,"p1id":"aylona","p2id":"fairyvgc","formatid":"gen9vgc2023regulatione","rating":0,"private":0,"password":""}