{"id":"gen9vgc2023regulatione-1994218991","p1":"SquidBox","p2":"hunter16k","format":"[Gen 9] VGC 2023 Regulation E","log":"|j|\u2606SquidBox\n|j|\u2606hunter16k\n|t:|1700420190\n|gametype|doubles\n|player|p1|SquidBox|cyrus|\n|player|p2|hunter16k|skyla|\n|teamsize|p1|6\n|teamsize|p2|6\n|gen|9\n|tier|[Gen 9] VGC 2023 Regulation E\n|rule|Species Clause: Limit one of each Pok\u00e9mon\n|rule|Item Clause: Limit one of each item\n|clearpoke\n|poke|p1|Mudsdale, L50, F|\n|poke|p1|Ogerpon-Hearthflame, L50, F|\n|poke|p1|Qwilfish-Hisui, L50, M|\n|poke|p1|Talonflame, L50, M|\n|poke|p1|Walking Wake, L50|\n|poke|p1|Flutter Mane, L50|\n|poke|p2|Arcanine, L50, M|\n|poke|p2|Dragonite, L50, M|\n|poke|p2|Scizor, L50, M|\n|poke|p2|Milotic, L50, M|\n|poke|p2|Regieleki, L50|\n|poke|p2|Mesprit, L50|\n|teampreview|4\n|inactive|Battle timer is ON: inactive players will automatically lose when time's up. (requested by SquidBox)\n|inactive|SquidBox has 60 seconds left.\n|\n|t:|1700420221\n|start\n|switch|p1a: Talonflame|Talonflame, L50, M|100\/100\n|switch|p1b: Flutter Mane|Flutter Mane, L50|100\/100\n|switch|p2a: Mesprit|Mesprit, L50|100\/100\n|switch|p2b: Milotic|Milotic, L50, M|100\/100\n|turn|1\n|\n|t:|1700420245\n|-terastallize|p2a: Mesprit|Fairy\n|move|p1b: Flutter Mane|Dazzling Gleam|p2b: Milotic|[spread] p2a,p2b\n|-damage|p2a: Mesprit|58\/100\n|-damage|p2b: Milotic|67\/100\n|move|p1a: Talonflame|Sunny Day|p1a: Talonflame\n|-weather|SunnyDay\n|-activate|p1b: Flutter Mane|ability: Protosynthesis\n|-start|p1b: Flutter Mane|protosynthesisspe\n|move|p2a: Mesprit|Nasty Plot|p2a: Mesprit\n|-boost|p2a: Mesprit|spa|2\n|move|p2b: Milotic|Scald|p1a: Talonflame\n|-supereffective|p1a: Talonflame\n|-damage|p1a: Talonflame|67\/100\n|\n|-weather|SunnyDay|[upkeep]\n|-heal|p2b: Milotic|73\/100|[from] item: Leftovers\n|upkeep\n|turn|2\n|inactive|SquidBox has 30 seconds left.\n|inactive|hunter16k has 30 seconds left.\n|inactive|hunter16k has 20 seconds left.\n|inactive|hunter16k has 15 seconds left.\n|\n|t:|1700420287\n|move|p2a: Mesprit|Protect|p2a: Mesprit\n|-singleturn|p2a: Mesprit|Protect\n|move|p1b: Flutter Mane|Dazzling Gleam|p2b: Milotic|[spread] p2b\n|-activate|p2a: Mesprit|move: Protect\n|-damage|p2b: Milotic|44\/100\n|move|p1a: Talonflame|Brave Bird|p2a: Mesprit\n|-activate|p2a: Mesprit|move: Protect\n|move|p2b: Milotic|Recover|p2b: Milotic\n|-heal|p2b: Milotic|94\/100\n|\n|-weather|SunnyDay|[upkeep]\n|-heal|p2b: Milotic|100\/100|[from] item: Leftovers\n|upkeep\n|turn|3\n|inactive|hunter16k has 30 seconds left.\n|\n|t:|1700420316\n|switch|p1a: Ogerpon|Ogerpon-Hearthflame, L50, F|100\/100\n|-ability|p1a: Ogerpon|Mold Breaker\n|move|p1b: Flutter Mane|Dazzling Gleam|p2b: Milotic|[spread] p2a,p2b\n|-damage|p2a: Mesprit|15\/100\n|-damage|p2b: Milotic|69\/100\n|move|p2b: Milotic|Scald|p1a: Ogerpon\n|-damage|p1a: Ogerpon|84\/100\n|move|p2a: Mesprit|Shadow Ball|p1b: Flutter Mane\n|-supereffective|p1b: Flutter Mane\n|-damage|p1b: Flutter Mane|0 fnt\n|faint|p1b: Flutter Mane\n|-end|p1b: Flutter Mane|Protosynthesis|[silent]\n|-damage|p2a: Mesprit|6\/100|[from] item: Life Orb\n|\n|-weather|SunnyDay|[upkeep]\n|-heal|p2b: Milotic|75\/100|[from] item: Leftovers\n|upkeep\n|inactive|SquidBox has 30 seconds left.\n|\n|t:|1700420342\n|switch|p1b: Talonflame|Talonflame, L50, M|67\/100\n|turn|4\n|\n|t:|1700420357\n|switch|p2b: Regieleki|Regieleki, L50|100\/100\n|move|p2a: Mesprit|Protect|p2a: Mesprit\n|-singleturn|p2a: Mesprit|Protect\n|move|p1b: Talonflame|Brave Bird|p2a: Mesprit\n|-activate|p2a: Mesprit|move: Protect\n|move|p1a: Ogerpon|Horn Leech|p2b: Regieleki\n|-damage|p2b: Regieleki|13\/100\n|-heal|p1a: Ogerpon|100\/100|[from] drain|[of] p2b: Regieleki\n|\n|-weather|SunnyDay|[upkeep]\n|upkeep\n|turn|5\n|inactive|SquidBox has 30 seconds left.\n|inactive|hunter16k has 30 seconds left.\n|inactive|hunter16k has 20 seconds left.\n|\n|t:|1700420395\n|-terastallize|p1b: Talonflame|Grass\n|move|p2b: Regieleki|Volt Switch|p1b: Talonflame\n|-resisted|p1b: Talonflame\n|-damage|p1b: Talonflame|40\/100\n|\n|t:|1700420401\n|switch|p2b: Dragonite|Dragonite, L50, M|100\/100|[from] Volt Switch\n|move|p1b: Talonflame|Tailwind|p1b: Talonflame\n|-sidestart|p1: SquidBox|move: Tailwind\n|move|p1a: Ogerpon|Horn Leech|p2a: Mesprit\n|-crit|p2a: Mesprit\n|-damage|p2a: Mesprit|0 fnt\n|faint|p2a: Mesprit\n|\n|-weather|SunnyDay|[upkeep]\n|upkeep\n|\n|t:|1700420414\n|switch|p2a: Regieleki|Regieleki, L50|13\/100\n|turn|6\n|inactive|hunter16k has 30 seconds left.\n|\n|t:|1700420440\n|move|p1b: Talonflame|Brave Bird|p2a: Regieleki\n|-resisted|p2a: Regieleki\n|-damage|p2a: Regieleki|0 fnt\n|faint|p2a: Regieleki\n|-damage|p1b: Talonflame|36\/100|[from] Recoil\n|move|p1a: Ogerpon|Knock Off|p2b: Dragonite\n|-damage|p2b: Dragonite|67\/100\n|-enditem|p2b: Dragonite|Assault Vest|[from] move: Knock Off|[of] p1a: Ogerpon\n|move|p2b: Dragonite|Aerial Ace|p1a: Ogerpon\n|-supereffective|p1a: Ogerpon\n|-damage|p1a: Ogerpon|6\/100\n|\n|-weather|SunnyDay|[upkeep]\n|upkeep\n|\n|t:|1700420451\n|switch|p2a: Milotic|Milotic, L50, M|75\/100\n|turn|7\n|\n|t:|1700420474\n|move|p1a: Ogerpon|Spiky Shield|p1a: Ogerpon\n|-singleturn|p1a: Ogerpon|move: Protect\n|move|p2b: Dragonite|Extreme Speed|p1b: Talonflame\n|-damage|p1b: Talonflame|0 fnt\n|faint|p1b: Talonflame\n|move|p2a: Milotic|Recover|p2a: Milotic\n|-heal|p2a: Milotic|100\/100\n|\n|-weather|SunnyDay|[upkeep]\n|upkeep\n|\n|t:|1700420480\n|switch|p1b: Mudsdale|Mudsdale, L50, F|100\/100\n|turn|8\n|inactive|hunter16k has 30 seconds left.\n|\n|t:|1700420507\n|move|p1a: Ogerpon|Spiky Shield||[still]\n|-fail|p1a: Ogerpon\n|move|p2b: Dragonite|Extreme Speed|p1a: Ogerpon\n|-damage|p1a: Ogerpon|0 fnt\n|faint|p1a: Ogerpon\n|move|p1b: Mudsdale|Rock Slide|p2a: Milotic|[spread] p2a,p2b\n|-supereffective|p2b: Dragonite\n|-damage|p2a: Milotic|82\/100\n|-damage|p2b: Dragonite|28\/100\n|move|p2a: Milotic|Scald|p1b: Mudsdale\n|-supereffective|p1b: Mudsdale\n|-damage|p1b: Mudsdale|83\/100\n|\n|-weather|none\n|-heal|p2a: Milotic|88\/100|[from] item: Leftovers\n|-sideend|p1: SquidBox|move: Tailwind\n|upkeep\n|turn|9\n|inactive|hunter16k has 30 seconds left.\n|\n|t:|1700420534\n|move|p2a: Milotic|Helping Hand|p2b: Dragonite\n|-singleturn|p2b: Dragonite|Helping Hand|[of] p2a: Milotic\n|move|p2b: Dragonite|Dragon Claw|p1b: Mudsdale\n|-damage|p1b: Mudsdale|20\/100\n|move|p1b: Mudsdale|Rock Slide|p2a: Milotic|[spread] p2a,p2b\n|-supereffective|p2b: Dragonite\n|-damage|p2a: Milotic|71\/100\n|-damage|p2b: Dragonite|0 fnt\n|faint|p2b: Dragonite\n|\n|-heal|p2a: Milotic|77\/100|[from] item: Leftovers\n|upkeep\n|turn|10\n|\n|t:|1700420545\n|move|p2a: Milotic|Scald|p1b: Mudsdale\n|-supereffective|p1b: Mudsdale\n|-damage|p1b: Mudsdale|0 fnt\n|faint|p1b: Mudsdale\n|\n|win|hunter16k\n|l|\u2606SquidBox\n|c|\u2606hunter16k|ggs\n","uploadtime":1700420676,"views":6,"p1id":"squidbox","p2id":"hunter16k","formatid":"gen9vgc2023regulatione","rating":0,"private":0,"password":""}