{"id":"gen9vgc2023regulatione-1998507759","p1":"KYAKID","p2":"Rean411","format":"[Gen 9] VGC 2023 Regulation E","log":"|j|\u2606KYAKID\n|j|\u2606Rean411\n|t:|1700950219\n|gametype|doubles\n|player|p1|KYAKID|102|\n|player|p2|Rean411|101|\n|teamsize|p1|6\n|teamsize|p2|6\n|gen|9\n|tier|[Gen 9] VGC 2023 Regulation E\n|rated|Tournament battle\n|rule|Species Clause: Limit one of each Pok\u00e9mon\n|rule|Item Clause: Limit one of each item\n|clearpoke\n|poke|p1|Ninetales-Alola, L50, F|\n|poke|p1|Baxcalibur, L50, M|\n|poke|p1|Iron Bundle, L50|\n|poke|p1|Landorus-Therian, L50, M|\n|poke|p1|Heatran, L50, F|\n|poke|p1|Amoonguss, L50, M|\n|poke|p2|Iron Hands, L50|\n|poke|p2|Chien-Pao, L50|\n|poke|p2|Annihilape, L50, M|\n|poke|p2|Ninetales-Alola, L50, F|\n|poke|p2|Amoonguss, L50, M|\n|poke|p2|Arcanine-Hisui, L50, F|\n|teampreview|4\n|showteam|p1|Ninetales-Alola||LightClay|SnowWarning|AuroraVeil,Blizzard,DrainingKiss,Moonblast|||F|||50|,,,,,Dragon]Baxcalibur||LoadedDice|ThermalExchange|GlaiveRush,IceShard,IcicleSpear,Protect|||M|||50|,,,,,Steel]Iron Bundle||BoosterEnergy|QuarkDrive|FreezeDry,HydroPump,IcyWind,Protect||||||50|,,,,,Ground]Landorus-Therian||RockyHelmet|Intimidate|Earthquake,BrickBreak,Protect,Uturn|||M|||50|,,,,,Rock]Heatran||AirBalloon|FlashFire|TeraBlast,MagmaStorm,FlashCannon,EarthPower|||F|||50|,,,,,Flying]Amoonguss||Leftovers|Regenerator|Spore,RagePowder,PollenPuff,Protect|||M|||50|,,,,,Grass\n|showteam|p2|Iron Hands||AssaultVest|QuarkDrive|WildCharge,DrainPunch,HeavySlam,FakeOut||||||50|,,,,,Water]Chien-Pao||FocusSash|SwordofRuin|IceSpinner,SuckerPunch,ThroatChop,Protect||||||50|,,,,,Ghost]Annihilape||Leftovers|Defiant|RageFist,DrainPunch,BulkUp,Protect|||M|||50|,,,,,Fire]Ninetales-Alola||LightClay|SnowWarning|IcyWind,Howl,AuroraVeil,Blizzard|||F|||50|,,,,,Water]Amoonguss||RockyHelmet|Regenerator|PollenPuff,Spore,RagePowder,Protect|||M|||50|,,,,,Water]Arcanine-Hisui||SitrusBerry|Intimidate|FlareBlitz,WillOWisp,Snarl,RockSlide|||F|||50|,,,,,Grass\n|\n|t:|1700950293\n|start\n|switch|p1a: Heatran|Heatran, L50, F|100\/100\n|switch|p1b: Amoonguss|Amoonguss, L50, M|100\/100\n|switch|p2a: Ninetales|Ninetales-Alola, L50, F|100\/100\n|switch|p2b: Iron Hands|Iron Hands, L50|100\/100\n|-weather|Snow|[from] ability: Snow Warning|[of] p2a: Ninetales\n|-item|p1a: Heatran|Air Balloon\n|turn|1\n|\n|t:|1700950338\n|-terastallize|p2a: Ninetales|Water\n|move|p2b: Iron Hands|Fake Out|p1b: Amoonguss\n|-damage|p1b: Amoonguss|83\/100\n|move|p2a: Ninetales|Blizzard|p1b: Amoonguss|[spread] p1a,p1b\n|-resisted|p1a: Heatran\n|-supereffective|p1b: Amoonguss\n|-damage|p1a: Heatran|95\/100\n|-damage|p1b: Amoonguss|53\/100\n|-enditem|p1a: Heatran|Air Balloon\n|move|p1a: Heatran|Magma Storm|p2a: Ninetales\n|-resisted|p2a: Ninetales\n|-damage|p2a: Ninetales|71\/100\n|-activate|p2a: Ninetales|move: Magma Storm|[of] p1a: Heatran\n|cant|p1b: Amoonguss|flinch\n|\n|-weather|Snow|[upkeep]\n|-heal|p1b: Amoonguss|58\/100|[from] item: Leftovers\n|-damage|p2a: Ninetales|58\/100|[from] move: Magma Storm|[partiallytrapped]\n|upkeep\n|turn|2\n|\n|t:|1700950390\n|move|p2a: Ninetales|Howl|p2a: Ninetales|[spread] p2a,p2b\n|-boost|p2a: Ninetales|atk|1\n|-boost|p2b: Iron Hands|atk|1\n|move|p1a: Heatran|Earth Power|p2b: Iron Hands\n|-supereffective|p2b: Iron Hands\n|-damage|p2b: Iron Hands|63\/100\n|move|p2b: Iron Hands|Heavy Slam|p1b: Amoonguss\n|-damage|p1b: Amoonguss|0 fnt\n|faint|p1b: Amoonguss\n|\n|-weather|Snow|[upkeep]\n|-damage|p2a: Ninetales|46\/100|[from] move: Magma Storm|[partiallytrapped]\n|upkeep\n|\n|t:|1700950400\n|switch|p1b: Ninetales|Ninetales-Alola, L50, F|100\/100\n|turn|3\n|c|\u2606Rean411|This could go really good. Or really bad\n|\n|t:|1700950432\n|move|p1b: Ninetales|Aurora Veil|p1b: Ninetales\n|-sidestart|p1: KYAKID|move: Aurora Veil\n|move|p2a: Ninetales|Aurora Veil|p2a: Ninetales\n|-sidestart|p2: Rean411|move: Aurora Veil\n|move|p1a: Heatran|Earth Power|p2b: Iron Hands\n|-supereffective|p2b: Iron Hands\n|-damage|p2b: Iron Hands|40\/100\n|move|p2b: Iron Hands|Drain Punch|p1a: Heatran\n|-supereffective|p1a: Heatran\n|-damage|p1a: Heatran|24\/100\n|-heal|p2b: Iron Hands|69\/100|[from] drain|[of] p1a: Heatran\n|\n|-weather|Snow|[upkeep]\n|-damage|p2a: Ninetales|33\/100|[from] move: Magma Storm|[partiallytrapped]\n|upkeep\n|turn|4\n|j| Red Fang X\n|c|\u2606KYAKID|LOLLLL\n|j| Hazey\n|l| Red Fang X\n|\n|t:|1700950470\n|-end|p2b: Iron Hands|Quark Drive|[silent]\n|switch|p2b: Amoonguss|Amoonguss, L50, M|100\/100\n|move|p2a: Ninetales|Icy Wind|p1a: Heatran|[spread] p1a,p1b\n|-resisted|p1a: Heatran\n|-resisted|p1b: Ninetales\n|-damage|p1a: Heatran|23\/100\n|-damage|p1b: Ninetales|96\/100\n|-unboost|p1a: Heatran|spe|1\n|-unboost|p1b: Ninetales|spe|1\n|move|p1b: Ninetales|Moonblast|p2b: Amoonguss\n|-resisted|p2b: Amoonguss\n|-damage|p2b: Amoonguss|91\/100\n|-unboost|p2b: Amoonguss|spa|1\n|move|p1a: Heatran|Earth Power|p2b: Amoonguss\n|-damage|p2b: Amoonguss|72\/100\n|\n|-weather|Snow|[upkeep]\n|-damage|p2a: Ninetales|21\/100|[from] move: Magma Storm|[partiallytrapped]\n|upkeep\n|turn|5\n|\n|t:|1700950512\n|-terastallize|p1a: Heatran|Flying\n|move|p2b: Amoonguss|Protect|p2b: Amoonguss\n|-singleturn|p2b: Amoonguss|Protect\n|move|p2a: Ninetales|Icy Wind|p1a: Heatran|[spread] p1a,p1b\n|-supereffective|p1a: Heatran\n|-resisted|p1b: Ninetales\n|-crit|p1b: Ninetales\n|-damage|p1a: Heatran|9\/100\n|-damage|p1b: Ninetales|86\/100\n|-unboost|p1a: Heatran|spe|1\n|-unboost|p1b: Ninetales|spe|1\n|move|p1b: Ninetales|Moonblast|p2a: Ninetales\n|-damage|p2a: Ninetales|0 fnt\n|faint|p2a: Ninetales\n|move|p1a: Heatran|Tera Blast|p2b: Amoonguss|[anim] Tera Blast Flying\n|-activate|p2b: Amoonguss|move: Protect\n|\n|-weather|none\n|upkeep\n|\n|t:|1700950529\n|switch|p2a: Iron Hands|Iron Hands, L50|69\/100\n|turn|6\n|\n|t:|1700950540\n|switch|p1a: Baxcalibur|Baxcalibur, L50, M, shiny|100\/100\n|move|p2a: Iron Hands|Fake Out|p1b: Ninetales\n|-damage|p1b: Ninetales|71\/100\n|cant|p1b: Ninetales|flinch\n|move|p2b: Amoonguss|Spore|p1a: Baxcalibur\n|-status|p1a: Baxcalibur|slp|[from] move: Spore\n|\n|upkeep\n|turn|7\n|\n|t:|1700950562\n|switch|p2b: Annihilape|Annihilape, L50, M|100\/100\n|cant|p1a: Baxcalibur|slp\n|move|p1b: Ninetales|Draining Kiss|p2a: Iron Hands\n|-supereffective|p2a: Iron Hands\n|-damage|p2a: Iron Hands|55\/100\n|-heal|p1b: Ninetales|88\/100|[from] drain|[of] p2a: Iron Hands\n|move|p2a: Iron Hands|Heavy Slam|p1b: Ninetales\n|-supereffective|p1b: Ninetales\n|-damage|p1b: Ninetales|0 fnt\n|faint|p1b: Ninetales\n|\n|upkeep\n|\n|t:|1700950572\n|switch|p1b: Heatran|Heatran, L50, F, tera:Flying|9\/100\n|turn|8\n|\n|t:|1700950592\n|move|p2b: Annihilape|Protect|p2b: Annihilape\n|-singleturn|p2b: Annihilape|Protect\n|cant|p1a: Baxcalibur|slp\n|move|p1b: Heatran|Earth Power|p2a: Iron Hands\n|-supereffective|p2a: Iron Hands\n|-damage|p2a: Iron Hands|33\/100\n|-unboost|p2a: Iron Hands|spd|1\n|move|p2a: Iron Hands|Wild Charge|p1b: Heatran\n|-supereffective|p1b: Heatran\n|-damage|p1b: Heatran|0 fnt\n|faint|p1b: Heatran\n|-damage|p2a: Iron Hands|32\/100|[from] Recoil\n|\n|upkeep\n|turn|9\n|c|\u2606KYAKID|GG\n|c|\u2606Rean411|GGWP\n|c|\u2606Rean411|i have no idea how I did that\n|\n|t:|1700950625\n|-end|p2a: Iron Hands|Quark Drive|[silent]\n|switch|p2a: Amoonguss|Amoonguss, L50, M|100\/100\n|move|p2b: Annihilape|Bulk Up|p2b: Annihilape\n|-boost|p2b: Annihilape|atk|1\n|-boost|p2b: Annihilape|def|1\n|cant|p1a: Baxcalibur|slp\n|\n|upkeep\n|turn|10\n|c|\u2606KYAKID|ik it was over when my amoongus died\n|\n|t:|1700950644\n|move|p2b: Annihilape|Bulk Up|p2b: Annihilape\n|-boost|p2b: Annihilape|atk|1\n|-boost|p2b: Annihilape|def|1\n|-curestatus|p1a: Baxcalibur|slp|[msg]\n|move|p1a: Baxcalibur|Icicle Spear|p2a: Amoonguss\n|-supereffective|p2a: Amoonguss\n|-damage|p2a: Amoonguss|84\/100\n|-supereffective|p2a: Amoonguss\n|-damage|p2a: Amoonguss|66\/100\n|-supereffective|p2a: Amoonguss\n|-damage|p2a: Amoonguss|49\/100\n|-supereffective|p2a: Amoonguss\n|-damage|p2a: Amoonguss|32\/100\n|-hitcount|p2a: Amoonguss|4\n|move|p2a: Amoonguss|Spore|p1a: Baxcalibur\n|-status|p1a: Baxcalibur|slp|[from] move: Spore\n|\n|-sideend|p1: KYAKID|move: Aurora Veil\n|-sideend|p2: Rean411|move: Aurora Veil\n|upkeep\n|turn|11\n|c|\u2606Rean411|I was kinda curious if it koed\n|\n|t:|1700950675\n|switch|p2a: Iron Hands|Iron Hands, L50|32\/100\n|move|p2b: Annihilape|Drain Punch|p1a: Baxcalibur\n|-supereffective|p1a: Baxcalibur\n|-damage|p1a: Baxcalibur|0 fnt\n|faint|p1a: Baxcalibur\n|\n|win|Rean411\n|n|\u2606KYAKID|kyakid\n|n|\u2606Rean411|rean411\n|n| Hazey|hazey\n","uploadtime":1700950691,"views":1,"p1id":"kyakid","p2id":"rean411","formatid":"gen9vgc2023regulatione","rating":0,"private":0,"password":""}