{"id":"gen9vgc2023regulatione-1996456201","p1":"EnigmaticEevee","p2":"natek19","format":"[Gen 9] VGC 2023 Regulation E","log":"|j|\u2606EnigmaticEevee\n|j|\u2606natek19\n|t:|1700683756\n|gametype|doubles\n|player|p1|EnigmaticEevee|cynthia|1088\n|player|p2|natek19|265|1090\n|teamsize|p1|6\n|teamsize|p2|6\n|gen|9\n|tier|[Gen 9] VGC 2023 Regulation E\n|rated|\n|rule|Species Clause: Limit one of each Pok\u00e9mon\n|rule|Item Clause: Limit one of each item\n|clearpoke\n|poke|p1|Sinistcha-Masterpiece, L50|\n|poke|p1|Iron Valiant, L50|\n|poke|p1|Tornadus, L50, M|\n|poke|p1|Chi-Yu, L50|\n|poke|p1|Dragonite, L50, F|\n|poke|p1|Chien-Pao, L50|\n|poke|p2|Spiritomb, L50, M|\n|poke|p2|Hatterene, L50, F|\n|poke|p2|Indeedee, L50, M|\n|poke|p2|Rabsca, L50, M|\n|poke|p2|Iron Hands, L50|\n|poke|p2|Maushold, L50|\n|teampreview|4\n|inactive|Battle timer is ON: inactive players will automatically lose when time's up. (requested by EnigmaticEevee)\nEnigmaticEevee rejected open team sheets.\n|\n|t:|1700683802\n|start\n|switch|p1a: Sinistcha|Sinistcha-Masterpiece, L50, shiny|100\/100\n|switch|p1b: Tornadus|Tornadus, L50, M, shiny|100\/100\n|switch|p2a: Spiritomb|Spiritomb, L50, M|100\/100\n|switch|p2b: Iron Hands|Iron Hands, L50|100\/100\n|turn|1\n|inactive|natek19 has 30 seconds left.\n|\n|t:|1700683835\n|-terastallize|p1a: Sinistcha|Ice\n|move|p1b: Tornadus|Tailwind|p1b: Tornadus\n|-sidestart|p1: EnigmaticEevee|move: Tailwind\n|move|p1a: Sinistcha|Matcha Gotcha|p2b: Iron Hands|[spread] p2a\n|-miss|p1a: Sinistcha|p2b: Iron Hands\n|-damage|p2a: Spiritomb|62\/100\n|-damage|p1a: Sinistcha|91\/100|[from] item: Life Orb\n|move|p2b: Iron Hands|Ice Punch|p1b: Tornadus\n|-supereffective|p1b: Tornadus\n|-damage|p1b: Tornadus|10\/100\n|move|p2a: Spiritomb|Trick Room|p2a: Spiritomb\n|-fieldstart|move: Trick Room|[of] p2a: Spiritomb\n|\n|upkeep\n|turn|2\n|\n|t:|1700683857\n|move|p2a: Spiritomb|Shadow Ball|p1b: Tornadus\n|-damage|p1b: Tornadus|0 fnt\n|faint|p1b: Tornadus\n|move|p2b: Iron Hands|Swords Dance|p2b: Iron Hands\n|-boost|p2b: Iron Hands|atk|2\n|move|p1a: Sinistcha|Matcha Gotcha|p2b: Iron Hands|[spread] p2a\n|-miss|p1a: Sinistcha|p2b: Iron Hands\n|-damage|p2a: Spiritomb|24\/100\n|-heal|p1a: Sinistcha|100\/100|[from] drain|[of] p2a: Spiritomb\n|-status|p2a: Spiritomb|brn\n|-damage|p1a: Sinistcha|91\/100|[from] item: Life Orb\n|\n|-damage|p2a: Spiritomb|18\/100 brn|[from] brn\n|upkeep\n|\n|t:|1700683872\n|switch|p1b: Chi-Yu|Chi-Yu, L50|100\/100\n|-ability|p1b: Chi-Yu|Beads of Ruin\n|turn|3\n|\n|t:|1700683893\n|move|p2a: Spiritomb|Helping Hand|p2b: Iron Hands\n|-singleturn|p2b: Iron Hands|Helping Hand|[of] p2a: Spiritomb\n|move|p2b: Iron Hands|Drain Punch|p1b: Chi-Yu\n|-supereffective|p1b: Chi-Yu\n|-enditem|p1b: Chi-Yu|Focus Sash\n|-damage|p1b: Chi-Yu|1\/100\n|move|p1a: Sinistcha|Matcha Gotcha|p2b: Iron Hands|[spread] p2a,p2b\n|-crit|p2b: Iron Hands\n|-damage|p2a: Spiritomb|0 fnt\n|-heal|p1a: Sinistcha|98\/100|[from] drain|[of] p2a: Spiritomb\n|-damage|p2b: Iron Hands|29\/100\n|-heal|p1a: Sinistcha|100\/100|[from] drain|[of] p2b: Iron Hands\n|-status|p2b: Iron Hands|brn\n|faint|p2a: Spiritomb\n|-damage|p1a: Sinistcha|91\/100|[from] item: Life Orb\n|move|p1b: Chi-Yu|Heat Wave|p2b: Iron Hands\n|-damage|p2b: Iron Hands|0 fnt\n|faint|p2b: Iron Hands\n|-end|p2b: Iron Hands|Quark Drive|[silent]\n|\n|upkeep\n|inactive|natek19 has 30 seconds left.\n|\n|t:|1700683919\n|switch|p2a: Indeedee|Indeedee, L50, M|100\/100\n|switch|p2b: Hatterene|Hatterene, L50, F|100\/100\n|-fieldstart|move: Psychic Terrain|[from] ability: Psychic Surge|[of] p2a: Indeedee\n|turn|4\n|\n|t:|1700683933\n|move|p2b: Hatterene|Protect|p2b: Hatterene\n|-singleturn|p2b: Hatterene|Protect\n|move|p1a: Sinistcha|Matcha Gotcha|p2b: Hatterene|[spread] p2a\n|-activate|p2b: Hatterene|move: Protect\n|-damage|p2a: Indeedee|59\/100\n|-heal|p1a: Sinistcha|100\/100|[from] drain|[of] p2a: Indeedee\n|-damage|p1a: Sinistcha|91\/100|[from] item: Life Orb\n|move|p1b: Chi-Yu|Heat Wave|p2b: Hatterene|[spread] p2a\n|-activate|p2b: Hatterene|move: Protect\n|-damage|p2a: Indeedee|15\/100\n|move|p2a: Indeedee|Trick Room|p2a: Indeedee\n|-fieldend|move: Trick Room\n|\n|-sideend|p1: EnigmaticEevee|move: Tailwind\n|upkeep\n|turn|5\n|inactive|natek19 has 30 seconds left.\n|\n|t:|1700683964\n|move|p1b: Chi-Yu|Heat Wave|p2a: Indeedee|[spread] p2a,p2b\n|-damage|p2a: Indeedee|0 fnt\n|-damage|p2b: Hatterene|44\/100\n|faint|p2a: Indeedee\n|move|p1a: Sinistcha|Matcha Gotcha|p2b: Hatterene\n|-damage|p2b: Hatterene|0 fnt\n|-heal|p1a: Sinistcha|100\/100|[from] drain|[of] p2b: Hatterene\n|faint|p2b: Hatterene\n|-damage|p1a: Sinistcha|91\/100|[from] item: Life Orb\n|\n|win|EnigmaticEevee\n|raw|EnigmaticEevee's rating: 1088 &rarr; <strong>1115<\/strong><br \/>(+27 for winning)\n|raw|natek19's rating: 1090 &rarr; <strong>1066<\/strong><br \/>(-24 for losing)\n","uploadtime":1700683977,"views":1,"p1id":"enigmaticeevee","p2id":"natek19","formatid":"gen9vgc2023regulatione","rating":1066,"private":0,"password":""}