{"id":"gen9vgc2023regulatione-1998772666","p1":"blackjack0817","p2":"Jop 37 in a row","format":"[Gen 9] VGC 2023 Regulation E","log":"|j|\u2606blackjack0817\n|j|\u2606Jop 37 in a row\n|t:|1700987708\n|gametype|doubles\n|player|p1|blackjack0817|dragontamer|1066\n|player|p2|Jop 37 in a row|lillie|1040\n|teamsize|p1|6\n|teamsize|p2|6\n|gen|9\n|tier|[Gen 9] VGC 2023 Regulation E\n|rated|\n|rule|Species Clause: Limit one of each Pok\u00e9mon\n|rule|Item Clause: Limit one of each item\n|clearpoke\n|poke|p1|Politoed, L50, F|\n|poke|p1|Iron Bundle, L50|\n|poke|p1|Urshifu-*, L50, M|\n|poke|p1|Thundurus, L50, M|\n|poke|p1|Sneasler, L50, M|\n|poke|p1|Flutter Mane, L50|\n|poke|p2|Moltres-Galar, L50|\n|poke|p2|Arcanine-Hisui, L50, M|\n|poke|p2|Munkidori, L50, M|\n|poke|p2|Sinistcha, L50|\n|poke|p2|Grimmsnarl, L50, M|\n|poke|p2|Milotic, L50, F|\n|teampreview|4\n|inactive|Battle timer is ON: inactive players will automatically lose when time's up. (requested by blackjack0817)\n|inactive|blackjack0817 has 60 seconds left.\n|inactive|Jop 37 in a row has 60 seconds left.\n|\n|t:|1700987743\n|start\n|switch|p1a: Politoed|Politoed, L50, F|100\/100\n|switch|p1b: Iron Bundle|Iron Bundle, L50|100\/100\n|switch|p2a: Grimmsnarl|Grimmsnarl, L50, M, shiny|100\/100\n|switch|p2b: Arcanine|Arcanine-Hisui, L50, M, shiny|100\/100\n|-ability|p2b: Arcanine|Intimidate|boost\n|-unboost|p1a: Politoed|atk|1\n|-unboost|p1b: Iron Bundle|atk|1\n|turn|1\n|inactive|blackjack0817 has 30 seconds left.\n|\n|t:|1700987771\n|-terastallize|p2b: Arcanine|Fairy\n|move|p2a: Grimmsnarl|Light Screen|p2a: Grimmsnarl\n|-sidestart|p2: Jop 37 in a row|move: Light Screen\n|move|p1b: Iron Bundle|Flip Turn|p2b: Arcanine\n|-damage|p2b: Arcanine|88\/100\n|\n|t:|1700987776\n|-end|p1b: Iron Bundle|Quark Drive|[silent]\n|switch|p1b: Thundurus|Thundurus, L50, M|100\/100|[from] Flip Turn\n|move|p2b: Arcanine|Rock Slide|p1a: Politoed|[spread] p1a\n|-miss|p2b: Arcanine|p1b: Thundurus\n|-damage|p1a: Politoed|71\/100\n|move|p1a: Politoed|Muddy Water|p2b: Arcanine|[spread] p2a,p2b\n|-damage|p2a: Grimmsnarl|86\/100\n|-damage|p2b: Arcanine|77\/100\n|-unboost|p2b: Arcanine|accuracy|1\n|\n|upkeep\n|turn|2\n|\n|t:|1700987799\n|move|p1b: Thundurus|Electric Terrain|p1b: Thundurus\n|-fieldstart|move: Electric Terrain\n|move|p2a: Grimmsnarl|Reflect|p2a: Grimmsnarl\n|-sidestart|p2: Jop 37 in a row|Reflect\n|move|p2b: Arcanine|Rock Slide|p1a: Politoed|[spread] p1a,p1b\n|-supereffective|p1b: Thundurus\n|-damage|p1a: Politoed|42\/100\n|-damage|p1b: Thundurus|30\/100\n|-enditem|p1a: Politoed|Sitrus Berry|[eat]\n|-heal|p1a: Politoed|67\/100|[from] item: Sitrus Berry\n|move|p1a: Politoed|Icy Wind|p2b: Arcanine|[spread] p2a,p2b\n|-damage|p2a: Grimmsnarl|79\/100\n|-damage|p2b: Arcanine|72\/100\n|-unboost|p2a: Grimmsnarl|spe|1\n|-unboost|p2b: Arcanine|spe|1\n|\n|upkeep\n|turn|3\n|\n|t:|1700987824\n|move|p2a: Grimmsnarl|Parting Shot|p1a: Politoed\n|-unboost|p1a: Politoed|atk|1\n|-unboost|p1a: Politoed|spa|1\n|\n|t:|1700987827\n|switch|p2a: Sinistcha|Sinistcha, L50, shiny|100\/100|[from] Parting Shot\n|-heal|p2b: Arcanine|97\/100|[from] ability: Hospitality|[of] p2a: Sinistcha\n|move|p1b: Thundurus|Wildbolt Storm|p2b: Arcanine|[spread] p2a,p2b\n|-resisted|p2a: Sinistcha\n|-damage|p2a: Sinistcha|91\/100\n|-damage|p2b: Arcanine|83\/100\n|move|p1a: Politoed|Muddy Water|p2b: Arcanine|[spread] p2a,p2b\n|-resisted|p2a: Sinistcha\n|-damage|p2a: Sinistcha|87\/100\n|-damage|p2b: Arcanine|75\/100\n|move|p2b: Arcanine|Rock Slide|p1a: Politoed|[spread] p1a,p1b\n|-supereffective|p1b: Thundurus\n|-damage|p1a: Politoed|38\/100\n|-damage|p1b: Thundurus|0 fnt\n|faint|p1b: Thundurus\n|\n|upkeep\n|\n|t:|1700987842\n|switch|p1b: Sneasler|Sneasler, L50, M|100\/100\n|-enditem|p1b: Sneasler|Electric Seed\n|-boost|p1b: Sneasler|def|1|[from] item: Electric Seed\n|turn|4\n|\n|t:|1700987864\n|switch|p2b: Grimmsnarl|Grimmsnarl, L50, M, shiny|79\/100\n|move|p1b: Sneasler|Dire Claw|p2b: Grimmsnarl\n|-supereffective|p2b: Grimmsnarl\n|-damage|p2b: Grimmsnarl|27\/100\n|move|p2a: Sinistcha|Matcha Gotcha|p1a: Politoed|[spread] p1a,p1b\n|-supereffective|p1a: Politoed\n|-resisted|p1b: Sneasler\n|-damage|p1a: Politoed|0 fnt\n|-heal|p2a: Sinistcha|100\/100|[from] drain|[of] p1a: Politoed\n|-damage|p1b: Sneasler|83\/100\n|faint|p1a: Politoed\n|\n|upkeep\n|\n|t:|1700987877\n|switch|p1a: Iron Bundle|Iron Bundle, L50|100\/100\n|-activate|p1a: Iron Bundle|ability: Quark Drive\n|-start|p1a: Iron Bundle|quarkdrivespe\n|turn|5\n|\n|t:|1700987889\n|move|p2b: Grimmsnarl|Parting Shot|p1b: Sneasler\n|-unboost|p1b: Sneasler|atk|1\n|-unboost|p1b: Sneasler|spa|1\n|\n|t:|1700987892\n|switch|p2b: Arcanine|Arcanine-Hisui, L50, M, shiny, tera:Fairy|75\/100|[from] Parting Shot\n|-ability|p2b: Arcanine|Intimidate|boost\n|-unboost|p1a: Iron Bundle|atk|1\n|-unboost|p1b: Sneasler|atk|1\n|move|p1b: Sneasler|Dire Claw|p2b: Arcanine\n|-supereffective|p2b: Arcanine\n|-damage|p2b: Arcanine|42\/100\n|move|p1a: Iron Bundle|Freeze-Dry|p2a: Sinistcha\n|-supereffective|p2a: Sinistcha\n|-damage|p2a: Sinistcha|59\/100\n|move|p2a: Sinistcha|Trick Room|p2a: Sinistcha\n|-fieldstart|move: Trick Room|[of] p2a: Sinistcha\n|\n|upkeep\n|turn|6\n|inactive|blackjack0817 has 30 seconds left.\n|inactive|blackjack0817 has 20 seconds left.\n|\n|t:|1700987927\n|move|p2a: Sinistcha|Matcha Gotcha|p1b: Sneasler|[spread] p1a\n|-miss|p2a: Sinistcha|p1b: Sneasler\n|-supereffective|p1a: Iron Bundle\n|-damage|p1a: Iron Bundle|48\/100\n|-heal|p2a: Sinistcha|84\/100|[from] drain|[of] p1a: Iron Bundle\n|-status|p1a: Iron Bundle|brn\n|move|p2b: Arcanine|Rock Slide|p1b: Sneasler|[spread] p1a,p1b\n|-supereffective|p1a: Iron Bundle\n|-resisted|p1b: Sneasler\n|-damage|p1a: Iron Bundle|0 fnt\n|-damage|p1b: Sneasler|66\/100\n|faint|p1a: Iron Bundle\n|-end|p1a: Iron Bundle|Quark Drive|[silent]\n|move|p1b: Sneasler|Dire Claw|p2b: Arcanine\n|-supereffective|p2b: Arcanine\n|-damage|p2b: Arcanine|5\/100\n|\n|-fieldend|move: Electric Terrain\n|upkeep\n|turn|7\n|-message|blackjack0817 forfeited.\n|\n|win|Jop 37 in a row\n|raw|blackjack0817's rating: 1066 &rarr; <strong>1045<\/strong><br \/>(-21 for losing)\n|raw|Jop 37 in a row's rating: 1040 &rarr; <strong>1077<\/strong><br \/>(+37 for winning)\n|l|\u2606blackjack0817\n","uploadtime":1700987946,"views":2,"p1id":"blackjack0817","p2id":"jop37inarow","formatid":"gen9vgc2023regulatione","rating":1045,"private":0,"password":""}