{"id":"gen9vgc2023regulatione-1991981118","p1":"F4R4W4Y","p2":"BeckerVGC","format":"[Gen 9] VGC 2023 Regulation E","log":"|j|\u2606F4R4W4Y\n|j|\u2606BeckerVGC\n|t:|1700144791\n|gametype|doubles\n|player|p1|F4R4W4Y|pokemonranger-gen4|1233\n|player|p2|BeckerVGC|hiker-gen4|1237\n|teamsize|p1|6\n|teamsize|p2|6\n|gen|9\n|tier|[Gen 9] VGC 2023 Regulation E\n|rated|\n|rule|Species Clause: Limit one of each Pok\u00e9mon\n|rule|Item Clause: Limit one of each item\n|clearpoke\n|poke|p1|Gallade, L50, M|\n|poke|p1|Roaring Moon, L50|\n|poke|p1|Volcarona, L50, F|\n|poke|p1|Grimmsnarl, L50, M|\n|poke|p1|Gastrodon, L50, M|\n|poke|p1|Arcanine, L50, F|\n|poke|p2|Urshifu-*, L50, F|\n|poke|p2|Iron Hands, L50|\n|poke|p2|Heatran, L50, F|\n|poke|p2|Flutter Mane, L50|\n|poke|p2|Tornadus, L50, M|\n|poke|p2|Amoonguss, L50, F|\n|teampreview|4\n|\n|t:|1700144830\n|start\n|switch|p1a: Grimmsnarl|Grimmsnarl, L50, M|100\/100\n|switch|p1b: Arcanine|Arcanine, L50, F|100\/100\n|switch|p2a: Urshifu|Urshifu, L50, F|100\/100\n|switch|p2b: Tornadus|Tornadus, L50, M|100\/100\n|-ability|p1b: Arcanine|Intimidate|boost\n|-unboost|p2a: Urshifu|atk|1\n|-unboost|p2b: Tornadus|atk|1\n|turn|1\n|\n|t:|1700144875\n|switch|p2a: Heatran|Heatran, L50, F|100\/100\n|move|p1a: Grimmsnarl|Parting Shot|p2a: Heatran\n|-unboost|p2a: Heatran|atk|1\n|-unboost|p2a: Heatran|spa|1\n|\n|t:|1700144881\n|switch|p1a: Gastrodon|Gastrodon, L50, M|100\/100|[from] Parting Shot\n|move|p2b: Tornadus|Bleakwind Storm|p1a: Gastrodon|[spread] p1a,p1b\n|-damage|p1a: Gastrodon|80\/100\n|-damage|p1b: Arcanine|72\/100\n|move|p1b: Arcanine|Will-O-Wisp|p2a: Heatran\n|-start|p2a: Heatran|ability: Flash Fire\n|\n|upkeep\n|turn|2\n|\n|t:|1700144918\n|-terastallize|p2a: Heatran|Fairy\n|move|p2b: Tornadus|Taunt|p1a: Gastrodon\n|-start|p1a: Gastrodon|move: Taunt\n|move|p1b: Arcanine|Snarl|p2b: Tornadus|[spread] p2a,p2b\n|-resisted|p2a: Heatran\n|-damage|p2a: Heatran|96\/100\n|-damage|p2b: Tornadus|90\/100\n|-unboost|p2a: Heatran|spa|1\n|move|p2a: Heatran|Earth Power|p1b: Arcanine\n|-supereffective|p1b: Arcanine\n|-damage|p1b: Arcanine|35\/100\n|-damage|p2a: Heatran|87\/100|[from] item: Life Orb\n|move|p1a: Gastrodon|Earth Power|p2a: Heatran\n|-damage|p2a: Heatran|57\/100\n|\n|upkeep\n|turn|3\n|\n|t:|1700144947\n|move|p1b: Arcanine|Protect|p1b: Arcanine\n|-singleturn|p1b: Arcanine|Protect\n|move|p2b: Tornadus|Bleakwind Storm|p1a: Gastrodon|[spread] \n|-activate|p1b: Arcanine|move: Protect\n|-miss|p2b: Tornadus|p1a: Gastrodon\n|move|p2a: Heatran|Earth Power|p1b: Arcanine\n|-activate|p1b: Arcanine|move: Protect\n|move|p1a: Gastrodon|Earth Power|p2a: Heatran\n|-damage|p2a: Heatran|29\/100\n|\n|upkeep\n|turn|4\n|\n|t:|1700144968\n|switch|p1b: Grimmsnarl|Grimmsnarl, L50, M|100\/100\n|-end|p2a: Heatran|ability: Flash Fire|[silent]\n|switch|p2a: Iron Hands|Iron Hands, L50|100\/100\n|move|p2b: Tornadus|Bleakwind Storm|p1a: Gastrodon|[spread] p1b\n|-miss|p2b: Tornadus|p1a: Gastrodon\n|-damage|p1b: Grimmsnarl|74\/100\n|move|p1a: Gastrodon|Earth Power|p2a: Iron Hands\n|-supereffective|p2a: Iron Hands\n|-damage|p2a: Iron Hands|70\/100\n|\n|-end|p1a: Gastrodon|move: Taunt\n|upkeep\n|turn|5\n|\n|t:|1700144998\n|switch|p1a: Arcanine|Arcanine, L50, F|35\/100\n|-ability|p1a: Arcanine|Intimidate|boost\n|-unboost|p2a: Iron Hands|atk|1\n|-unboost|p2b: Tornadus|atk|1\n|move|p1b: Grimmsnarl|Parting Shot|p2a: Iron Hands\n|-unboost|p2a: Iron Hands|atk|1\n|-unboost|p2a: Iron Hands|spa|1\n|\n|t:|1700145006\n|switch|p1b: Gastrodon|Gastrodon, L50, M|80\/100|[from] Parting Shot\n|move|p2b: Tornadus|Bleakwind Storm|p1a: Arcanine|[spread] p1b\n|-miss|p2b: Tornadus|p1a: Arcanine\n|-crit|p1b: Gastrodon\n|-damage|p1b: Gastrodon|48\/100\n|move|p2a: Iron Hands|Heavy Slam|p1b: Gastrodon\n|-resisted|p1b: Gastrodon\n|-damage|p1b: Gastrodon|38\/100\n|\n|upkeep\n|turn|6\n|\n|t:|1700145026\n|-end|p2a: Iron Hands|Quark Drive|[silent]\n|switch|p2a: Heatran|Heatran, L50, F, tera:Fairy|29\/100\n|move|p2b: Tornadus|Bleakwind Storm|p1a: Arcanine|[spread] p1a,p1b\n|-damage|p1a: Arcanine|10\/100\n|-damage|p1b: Gastrodon|17\/100\n|move|p1a: Arcanine|Will-O-Wisp|p2a: Heatran\n|-start|p2a: Heatran|ability: Flash Fire\n|move|p1b: Gastrodon|Ice Beam|p2b: Tornadus\n|-supereffective|p2b: Tornadus\n|-damage|p2b: Tornadus|38\/100\n|\n|upkeep\n|turn|7\n|\n|t:|1700145052\n|move|p1a: Arcanine|Protect|p1a: Arcanine\n|-singleturn|p1a: Arcanine|Protect\n|move|p2b: Tornadus|Tailwind|p2b: Tornadus\n|-sidestart|p2: BeckerVGC|move: Tailwind\n|move|p2a: Heatran|Heat Wave|p1a: Arcanine|[spread] p1b\n|-activate|p1a: Arcanine|move: Protect\n|-resisted|p1b: Gastrodon\n|-damage|p1b: Gastrodon|0 fnt\n|faint|p1b: Gastrodon\n|-damage|p2a: Heatran|20\/100|[from] item: Life Orb\n|\n|upkeep\n|\n|t:|1700145064\n|switch|p1b: Grimmsnarl|Grimmsnarl, L50, M|74\/100\n|turn|8\n|\n|t:|1700145082\n|move|p2b: Tornadus|Sunny Day|p2b: Tornadus\n|-weather|SunnyDay\n|move|p1b: Grimmsnarl|Thunder Wave|p2a: Heatran\n|-status|p2a: Heatran|par\n|move|p1a: Arcanine|Snarl|p2b: Tornadus|[spread] p2a,p2b\n|-resisted|p2a: Heatran\n|-damage|p2a: Heatran|16\/100 par\n|-damage|p2b: Tornadus|26\/100\n|-unboost|p2a: Heatran|spa|1\n|move|p2a: Heatran|Heat Wave|p1b: Grimmsnarl|[spread] p1a,p1b\n|-resisted|p1a: Arcanine\n|-damage|p1a: Arcanine|0 fnt\n|-damage|p1b: Grimmsnarl|9\/100\n|faint|p1a: Arcanine\n|-damage|p2a: Heatran|6\/100 par|[from] item: Life Orb\n|\n|-weather|SunnyDay|[upkeep]\n|upkeep\n|\n|t:|1700145094\n|switch|p1a: Gallade|Gallade, L50, M, shiny|100\/100\n|turn|9\n|\n|t:|1700145112\n|-terastallize|p1a: Gallade|Fire\n|move|p1b: Grimmsnarl|Thunder Wave|p2b: Tornadus\n|-status|p2b: Tornadus|par\n|move|p2b: Tornadus|Bleakwind Storm|p1a: Gallade|[spread] p1b\n|-miss|p2b: Tornadus|p1a: Gallade\n|-damage|p1b: Grimmsnarl|0 fnt\n|faint|p1b: Grimmsnarl\n|move|p1a: Gallade|Psycho Cut|p2b: Tornadus\n|-damage|p2b: Tornadus|0 fnt\n|faint|p2b: Tornadus\n|move|p2a: Heatran|Heat Wave|p1a: Gallade\n|-resisted|p1a: Gallade\n|-damage|p1a: Gallade|49\/100\n|-enditem|p1a: Gallade|Sitrus Berry|[eat]\n|-heal|p1a: Gallade|74\/100|[from] item: Sitrus Berry\n|-damage|p2a: Heatran|0 fnt|[from] item: Life Orb\n|faint|p2a: Heatran\n|\n|-weather|SunnyDay|[upkeep]\n|upkeep\n|\n|t:|1700145130\n|switch|p2b: Iron Hands|Iron Hands, L50|70\/100\n|switch|p2a: Urshifu|Urshifu, L50, F|100\/100\n|turn|10\n|\n|t:|1700145140\n|move|p2b: Iron Hands|Fake Out|p1a: Gallade\n|-damage|p1a: Gallade|50\/100\n|move|p2a: Urshifu|Wicked Blow|p1a: Gallade\n|-crit|p1a: Gallade\n|-damage|p1a: Gallade|0 fnt\n|faint|p1a: Gallade\n|\n|win|BeckerVGC\n|raw|F4R4W4Y's rating: 1233 &rarr; <strong>1208<\/strong><br \/>(-25 for losing)\n|raw|BeckerVGC's rating: 1237 &rarr; <strong>1262<\/strong><br \/>(+25 for winning)\n|l|\u2606F4R4W4Y\n","uploadtime":1700145151,"views":34,"p1id":"f4r4w4y","p2id":"beckervgc","formatid":"gen9vgc2023regulatione","rating":1208,"private":0,"password":""}