{"id":"gen9vgc2023regulatione-1992113720","p1":"Cjj22","p2":"Bluelaser447","format":"[Gen 9] VGC 2023 Regulation E","log":"|j|\u2606Cjj22\n|j|\u2606Bluelaser447\n|t:|1700156216\n|gametype|doubles\n|player|p1|Cjj22|n|1183\n|player|p2|Bluelaser447|2|1119\n|teamsize|p1|6\n|teamsize|p2|6\n|gen|9\n|tier|[Gen 9] VGC 2023 Regulation E\n|rated|\n|rule|Species Clause: Limit one of each Pok\u00e9mon\n|rule|Item Clause: Limit one of each item\n|clearpoke\n|poke|p1|Articuno, L50|\n|poke|p1|Chien-Pao, L50|\n|poke|p1|Dragonite, L50, F|\n|poke|p1|Amoonguss, L50, M|\n|poke|p1|Flutter Mane, L50|\n|poke|p1|Arcanine-Hisui, L50, F|\n|poke|p2|Snorlax, L50, M|\n|poke|p2|Sinistcha, L50|\n|poke|p2|Landorus-Therian, L50, M|\n|poke|p2|Iron Hands, L50|\n|poke|p2|Clefairy, L50, F|\n|poke|p2|Kommo-o, L50, F|\n|teampreview|4\n|inactive|Battle timer is ON: inactive players will automatically lose when time's up. (requested by Cjj22)\n|inactive|Cjj22 has 60 seconds left.\n|inactive|Bluelaser447 has 60 seconds left.\n|\n|t:|1700156278\n|start\n|switch|p1a: Chien-Pao|Chien-Pao, L50|100\/100\n|switch|p1b: Dragonite|Dragonite, L50, F|100\/100\n|switch|p2a: Landorus|Landorus-Therian, L50, M|100\/100\n|switch|p2b: Iron Hands|Iron Hands, L50|100\/100\n|-ability|p1a: Chien-Pao|Sword of Ruin\n|-ability|p2a: Landorus|Intimidate|boost\n|-unboost|p1a: Chien-Pao|atk|1\n|-fail|p1b: Dragonite|unboost|Attack|[from] ability: Inner Focus|[of] p1b: Dragonite\n|turn|1\n|inactive|Bluelaser447 has 30 seconds left.\n|inactive|Bluelaser447 has 20 seconds left.\n|inactive|Bluelaser447 has 15 seconds left.\n|\n|t:|1700156323\n|-terastallize|p1a: Chien-Pao|Ghost\n|move|p2b: Iron Hands|Fake Out|p1b: Dragonite\n|-damage|p1b: Dragonite|80\/100\n|move|p1a: Chien-Pao|Ice Spinner|p2a: Landorus\n|-supereffective|p2a: Landorus\n|-damage|p2a: Landorus|0 fnt\n|faint|p2a: Landorus\n|move|p1b: Dragonite|Stomping Tantrum|p2b: Iron Hands\n|-supereffective|p2b: Iron Hands\n|-damage|p2b: Iron Hands|47\/100\n|\n|upkeep\n|\n|t:|1700156331\n|switch|p2a: Snorlax|Snorlax, L50, M|100\/100\n|turn|2\n|\n|t:|1700156346\n|-terastallize|p2a: Snorlax|Fairy\n|move|p1b: Dragonite|Extreme Speed|p2b: Iron Hands\n|-damage|p2b: Iron Hands|21\/100\n|move|p1a: Chien-Pao|Ice Spinner|p2b: Iron Hands\n|-damage|p2b: Iron Hands|0 fnt\n|faint|p2b: Iron Hands\n|-end|p2b: Iron Hands|Quark Drive|[silent]\n|move|p2a: Snorlax|Belly Drum|p2a: Snorlax\n|-damage|p2a: Snorlax|50\/100\n|-setboost|p2a: Snorlax|atk|6|[from] move: Belly Drum\n|-enditem|p2a: Snorlax|Sitrus Berry|[eat]\n|-heal|p2a: Snorlax|75\/100|[from] item: Sitrus Berry\n|\n|upkeep\n|\n|t:|1700156348\n|switch|p2b: Sinistcha|Sinistcha, L50|100\/100\n|-heal|p2a: Snorlax|100\/100|[from] ability: Hospitality|[of] p2b: Sinistcha\n|turn|3\n|\n|t:|1700156371\n|switch|p1a: Flutter Mane|Flutter Mane, L50|100\/100\n|move|p1b: Dragonite|Iron Head|p2a: Snorlax\n|-supereffective|p2a: Snorlax\n|-damage|p2a: Snorlax|52\/100\n|move|p2a: Snorlax|Facade|p1b: Dragonite\n|-damage|p1b: Dragonite|0 fnt\n|faint|p1b: Dragonite\n|move|p2b: Sinistcha|Trick Room|p2b: Sinistcha\n|-fieldstart|move: Trick Room|[of] p2b: Sinistcha\n|\n|upkeep\n|\n|t:|1700156381\n|switch|p1b: Amoonguss|Amoonguss, L50, M|100\/100\n|turn|4\n|\n|t:|1700156397\n|move|p1b: Amoonguss|Spore|p2a: Snorlax\n|-status|p2a: Snorlax|slp|[from] move: Spore\n|cant|p2a: Snorlax|slp\n|move|p2b: Sinistcha|Matcha Gotcha|p1b: Amoonguss|[spread] p1a,p1b\n|-resisted|p1b: Amoonguss\n|-damage|p1a: Flutter Mane|75\/100\n|-damage|p1b: Amoonguss|96\/100\n|-status|p1b: Amoonguss|brn\n|move|p1a: Flutter Mane|Trick Room|p1a: Flutter Mane\n|-fieldend|move: Trick Room\n|\n|-damage|p1b: Amoonguss|90\/100 brn|[from] brn\n|upkeep\n|turn|5\n|\n|t:|1700156415\n|move|p1a: Flutter Mane|Shadow Ball|p2b: Sinistcha\n|-supereffective|p2b: Sinistcha\n|-damage|p2b: Sinistcha|26\/100\n|move|p2b: Sinistcha|Matcha Gotcha|p1a: Flutter Mane|[spread] p1a,p1b\n|-resisted|p1b: Amoonguss\n|-damage|p1a: Flutter Mane|52\/100\n|-heal|p2b: Sinistcha|35\/100|[from] drain|[of] p1a: Flutter Mane\n|-damage|p1b: Amoonguss|84\/100 brn\n|-heal|p2b: Sinistcha|39\/100|[from] drain|[of] p1b: Amoonguss\n|cant|p2a: Snorlax|slp\n|move|p1b: Amoonguss|Pollen Puff|p1a: Flutter Mane\n|-heal|p1a: Flutter Mane|100\/100\n|\n|-damage|p1b: Amoonguss|78\/100 brn|[from] brn\n|upkeep\n|turn|6\n|inactive|Cjj22 has 30 seconds left.\n|inactive|Cjj22 has 20 seconds left.\n|\n|t:|1700156451\n|move|p1a: Flutter Mane|Shadow Ball|p2b: Sinistcha\n|-supereffective|p2b: Sinistcha\n|-damage|p2b: Sinistcha|0 fnt\n|faint|p2b: Sinistcha\n|-curestatus|p2a: Snorlax|slp|[msg]\n|move|p2a: Snorlax|Facade|p1b: Amoonguss\n|-damage|p1b: Amoonguss|0 fnt\n|faint|p1b: Amoonguss\n|\n|upkeep\n|\n|t:|1700156461\n|switch|p1b: Chien-Pao|Chien-Pao, L50, tera:Ghost|100\/100\n|-ability|p1b: Chien-Pao|Sword of Ruin\n|turn|7\n|\n|t:|1700156479\n|move|p1b: Chien-Pao|Lash Out|p2a: Snorlax\n|-resisted|p2a: Snorlax\n|-crit|p2a: Snorlax\n|-damage|p2a: Snorlax|24\/100\n|move|p1a: Flutter Mane|Shadow Ball|p2a: Snorlax\n|-damage|p2a: Snorlax|0 fnt\n|faint|p2a: Snorlax\n|\n|win|Cjj22\n|raw|Cjj22's rating: 1183 &rarr; <strong>1203<\/strong><br \/>(+20 for winning)\n|raw|Bluelaser447's rating: 1119 &rarr; <strong>1099<\/strong><br \/>(-20 for losing)\n|l|\u2606Bluelaser447\n","uploadtime":1700156489,"views":12,"p1id":"cjj22","p2id":"bluelaser447","formatid":"gen9vgc2023regulatione","rating":1099,"private":0,"password":""}