{"id":"gen9vgc2023regulatione-1996653804","p1":"Wierdo2_0","p2":"someguy459","format":"[Gen 9] VGC 2023 Regulation E","log":"|j|\u2606Wierdo2_0\n|j|\u2606someguy459\n|t:|1700705616\n|gametype|doubles\n|player|p1|Wierdo2_0|102|1153\n|player|p2|someguy459|ingo|1063\n|teamsize|p1|6\n|teamsize|p2|6\n|gen|9\n|tier|[Gen 9] VGC 2023 Regulation E\n|rated|\n|rule|Species Clause: Limit one of each Pok\u00e9mon\n|rule|Item Clause: Limit one of each item\n|clearpoke\n|poke|p1|Flutter Mane, L50|\n|poke|p1|Urshifu-*, L50, M|\n|poke|p1|Iron Hands, L50|\n|poke|p1|Amoonguss, L50, M|\n|poke|p1|Ogerpon-Hearthflame, L50, F|\n|poke|p1|Tornadus, L50, M|\n|poke|p2|Illumise, L50, F|\n|poke|p2|Ninetales-Alola, L50, M|\n|poke|p2|Baxcalibur, L50, M|\n|poke|p2|Rillaboom, L50, M|\n|poke|p2|Heatran, L50, F|\n|poke|p2|Gholdengo, L50|\n|teampreview|4\n|\n|t:|1700705639\n|start\n|switch|p1a: Tornadus|Tornadus, L50, M|100\/100\n|switch|p1b: Urshifu|Urshifu-Rapid-Strike, L50, M|100\/100\n|switch|p2a: Illumise|Illumise, L50, F|100\/100\n|switch|p2b: Rillaboom|Rillaboom, L50, M|100\/100\n|-fieldstart|move: Grassy Terrain|[from] ability: Grassy Surge|[of] p2b: Rillaboom\n|turn|1\n|\n|t:|1700705655\n|switch|p1b: Ogerpon|Ogerpon-Hearthflame, L50, F|100\/100\n|-ability|p1b: Ogerpon|Mold Breaker\n|move|p2b: Rillaboom|Fake Out|p1a: Tornadus\n|-damage|p1a: Tornadus|82\/100\n|move|p2a: Illumise|Tailwind|p2a: Illumise\n|-sidestart|p2: someguy459|move: Tailwind\n|move|p1a: Tornadus|Tailwind|p1a: Tornadus\n|-sidestart|p1: Wierdo2_0|move: Tailwind\n|\n|upkeep\n|turn|2\n|\n|t:|1700705682\n|-terastallize|p1b: Ogerpon|Fire\n|detailschange|p1b: Ogerpon|Ogerpon-Hearthflame-Tera, L50, F, tera:Fire\n|-ability|p1b: Ogerpon|Embody Aspect (Hearthflame)|boost\n|-boost|p1b: Ogerpon|atk|1\n|move|p2a: Illumise|Encore|p1a: Tornadus\n|-start|p1a: Tornadus|Encore\n|move|p1b: Ogerpon|Ivy Cudgel|p2b: Rillaboom|[anim] Ivy Cudgel Fire\n|-supereffective|p2b: Rillaboom\n|-damage|p2b: Rillaboom|0 fnt\n|faint|p2b: Rillaboom\n|move|p1a: Tornadus|Tailwind||[still]\n|-fail|p1a: Tornadus\n|\n|upkeep\n|\n|t:|1700705693\n|switch|p2b: Heatran|Heatran, L50, F|100\/100\n|turn|3\n|\n|t:|1700705719\n|switch|p1a: Urshifu|Urshifu-Rapid-Strike, L50, M|100\/100\n|move|p2a: Illumise|Thunder Wave|p1b: Ogerpon\n|-status|p1b: Ogerpon|par\n|move|p2b: Heatran|Heat Wave|p1b: Ogerpon|[spread] p1a,p1b\n|-resisted|p1a: Urshifu\n|-resisted|p1b: Ogerpon\n|-crit|p1b: Ogerpon\n|-damage|p1a: Urshifu|66\/100\n|-damage|p1b: Ogerpon|53\/100 par\n|-damage|p2b: Heatran|91\/100|[from] item: Life Orb\n|move|p1b: Ogerpon|Ivy Cudgel|p2a: Illumise|[anim] Ivy Cudgel Fire\n|-supereffective|p2a: Illumise\n|-enditem|p2a: Illumise|Focus Sash\n|-damage|p2a: Illumise|1\/100\n|\n|-heal|p2a: Illumise|7\/100|[from] Grassy Terrain\n|-heal|p1a: Urshifu|72\/100|[from] Grassy Terrain\n|-heal|p2b: Heatran|97\/100|[from] Grassy Terrain\n|-heal|p1b: Ogerpon|59\/100 par|[from] Grassy Terrain\n|upkeep\n|turn|4\n|\n|t:|1700705765\n|move|p2a: Illumise|Thunder Wave|p1a: Urshifu\n|-status|p1a: Urshifu|par\n|move|p2b: Heatran|Heat Wave|p1a: Urshifu|[spread] p1a,p1b\n|-resisted|p1a: Urshifu\n|-resisted|p1b: Ogerpon\n|-damage|p1a: Urshifu|41\/100 par\n|-damage|p1b: Ogerpon|29\/100 par\n|-damage|p2b: Heatran|87\/100|[from] item: Life Orb\n|cant|p1b: Ogerpon|par\n|move|p1a: Urshifu|Surging Strikes|p2b: Heatran\n|-supereffective|p2b: Heatran\n|-crit|p2b: Heatran\n|-damage|p2b: Heatran|42\/100\n|-supereffective|p2b: Heatran\n|-crit|p2b: Heatran\n|-damage|p2b: Heatran|0 fnt\n|faint|p2b: Heatran\n|-hitcount|p2: Heatran|2\n|\n|-heal|p2a: Illumise|13\/100|[from] Grassy Terrain\n|-heal|p1b: Ogerpon|35\/100 par|[from] Grassy Terrain\n|-heal|p1a: Urshifu|47\/100 par|[from] Grassy Terrain\n|-sideend|p2: someguy459|move: Tailwind\n|-sideend|p1: Wierdo2_0|move: Tailwind\n|upkeep\n|\n|t:|1700705784\n|switch|p2b: Baxcalibur|Baxcalibur, L50, M|100\/100\n|turn|5\n|inactive|Battle timer is ON: inactive players will automatically lose when time's up. (requested by Wierdo2_0)\n|\n|t:|1700705807\n|move|p2a: Illumise|Tailwind|p2a: Illumise\n|-sidestart|p2: someguy459|move: Tailwind\n|move|p1a: Urshifu|Aqua Jet|p2a: Illumise\n|-damage|p2a: Illumise|0 fnt\n|faint|p2a: Illumise\n|move|p2b: Baxcalibur|Scale Shot|p1a: Urshifu\n|-damage|p1a: Urshifu|32\/100 par\n|-damage|p1a: Urshifu|18\/100 par\n|-damage|p1a: Urshifu|2\/100 par\n|-damage|p1a: Urshifu|0 fnt\n|faint|p1a: Urshifu\n|-hitcount|p1: Urshifu|4\n|-unboost|p2b: Baxcalibur|def|1\n|-boost|p2b: Baxcalibur|spe|1\n|cant|p1b: Ogerpon|par\n|\n|-heal|p1b: Ogerpon|41\/100 par|[from] Grassy Terrain\n|-fieldend|move: Grassy Terrain\n|upkeep\n|\n|t:|1700705831\n|switch|p1a: Tornadus|Tornadus, L50, M|82\/100\n|turn|6\n|\n|t:|1700705846\n|move|p1a: Tornadus|Tailwind|p1a: Tornadus\n|-sidestart|p1: Wierdo2_0|move: Tailwind\n|move|p2b: Baxcalibur|Icicle Spear|p1a: Tornadus\n|-supereffective|p1a: Tornadus\n|-damage|p1a: Tornadus|43\/100\n|-supereffective|p1a: Tornadus\n|-damage|p1a: Tornadus|0 fnt\n|faint|p1a: Tornadus\n|-hitcount|p1: Tornadus|2\n|cant|p1b: Ogerpon|par\n|\n|upkeep\n|\n|t:|1700705855\n|switch|p1a: Flutter Mane|Flutter Mane, L50|100\/100\n|-enditem|p1a: Flutter Mane|Booster Energy\n|-activate|p1a: Flutter Mane|ability: Protosynthesis|[fromitem]\n|-start|p1a: Flutter Mane|protosynthesisspa\n|turn|7\n|\n|t:|1700705874\n|-terastallize|p2b: Baxcalibur|Fire\n|move|p2b: Baxcalibur|Icicle Spear|p1a: Flutter Mane\n|-damage|p1a: Flutter Mane|75\/100\n|-damage|p1a: Flutter Mane|50\/100\n|-damage|p1a: Flutter Mane|26\/100\n|-damage|p1a: Flutter Mane|0 fnt\n|faint|p1a: Flutter Mane\n|-end|p1a: Flutter Mane|Protosynthesis|[silent]\n|-hitcount|p1: Flutter Mane|4\n|cant|p1b: Ogerpon|par\n|\n|upkeep\n|turn|8\n|inactive|Wierdo2_0 has 30 seconds left.\n|inactive|Wierdo2_0 has 20 seconds left.\n|inactive|Wierdo2_0 has 15 seconds left.\n|inactive|Wierdo2_0 has 10 seconds left.\n|inactive|Wierdo2_0 has 5 seconds left.\n|\n|t:|1700705924\n|move|p2b: Baxcalibur|Scale Shot|p1b: Ogerpon\n|-crit|p1b: Ogerpon\n|-damage|p1b: Ogerpon|10\/100 par\n|-damage|p1b: Ogerpon|0 fnt\n|faint|p1b: Ogerpon\n|-hitcount|p1: Ogerpon|2\n|\n|win|someguy459\n|raw|Wierdo2_0's rating: 1153 &rarr; <strong>1122<\/strong><br \/>(-31 for losing)\n|raw|someguy459's rating: 1063 &rarr; <strong>1101<\/strong><br \/>(+38 for winning)\n|l|\u2606Wierdo2_0\n","uploadtime":1700705934,"views":11,"p1id":"wierdo20","p2id":"someguy459","formatid":"gen9vgc2023regulatione","rating":1101,"private":0,"password":""}