{"id":"gen9vgc2023regulatione-1996831092","p1":"Olabama","p2":"Stroia","format":"[Gen 9] VGC 2023 Regulation E","log":"|j|\u2606Olabama\n|j|\u2606Stroia\n|t:|1700732299\n|gametype|doubles\n|player|p1|Olabama|169|1210\n|player|p2|Stroia|266|1236\n|teamsize|p1|6\n|teamsize|p2|6\n|gen|9\n|tier|[Gen 9] VGC 2023 Regulation E\n|rated|\n|rule|Species Clause: Limit one of each Pok\u00e9mon\n|rule|Item Clause: Limit one of each item\n|clearpoke\n|poke|p1|Iron Hands, L50|\n|poke|p1|Landorus-Therian, L50, M|\n|poke|p1|Tornadus, L50, M|\n|poke|p1|Flutter Mane, L50|\n|poke|p1|Arcanine, L50, F|\n|poke|p1|Urshifu-*, L50, M|\n|poke|p2|Farigiraf, L50, M|\n|poke|p2|Ursaluna-Bloodmoon, L50, M|\n|poke|p2|Torkoal, L50, F|\n|poke|p2|Flutter Mane, L50|\n|poke|p2|Slowking, L50, M|\n|poke|p2|Sinistcha-Masterpiece, L50|\n|teampreview|4\n|inactive|Battle timer is ON: inactive players will automatically lose when time's up. (requested by Olabama)\n|inactive|Stroia has 60 seconds left.\n|\n|t:|1700732336\n|start\n|switch|p1a: Wind Mage|Tornadus, L50, M|100\/100\n|switch|p1b: Beauty Soserer|Flutter Mane, L50|100\/100\n|switch|p2a: Farigiraf|Farigiraf, L50, M|100\/100\n|switch|p2b: Flutter Mane|Flutter Mane, L50|100\/100\n|-enditem|p1b: Beauty Soserer|Booster Energy\n|-activate|p1b: Beauty Soserer|ability: Protosynthesis|[fromitem]\n|-start|p1b: Beauty Soserer|protosynthesisspa\n|-enditem|p2b: Flutter Mane|Booster Energy\n|-activate|p2b: Flutter Mane|ability: Protosynthesis|[fromitem]\n|-start|p2b: Flutter Mane|protosynthesisspa\n|turn|1\n|\n|t:|1700732354\n|-terastallize|p1b: Beauty Soserer|Fairy\n|move|p1b: Beauty Soserer|Dazzling Gleam|p2a: Farigiraf|[spread] p2a,p2b\n|-damage|p2a: Farigiraf|40\/100\n|-damage|p2b: Flutter Mane|44\/100\n|move|p1a: Wind Mage|Bleakwind Storm|p2b: Flutter Mane|[spread] p2a,p2b\n|-damage|p2a: Farigiraf|9\/100\n|-damage|p2b: Flutter Mane|16\/100\n|-unboost|p2a: Farigiraf|spe|1\n|move|p2b: Flutter Mane|Dark Pulse|p1b: Beauty Soserer\n|-resisted|p1b: Beauty Soserer\n|-damage|p1b: Beauty Soserer|78\/100\n|move|p2a: Farigiraf|Trick Room|p2a: Farigiraf\n|-fieldstart|move: Trick Room|[of] p2a: Farigiraf\n|\n|upkeep\n|turn|2\n|inactive|Stroia has 30 seconds left.\n|\n|t:|1700732387\n|switch|p2a: Ursaluna|Ursaluna-Bloodmoon, L50, M|100\/100\n|move|p2b: Flutter Mane|Mystical Fire|p1b: Beauty Soserer\n|-damage|p1b: Beauty Soserer|40\/100\n|-unboost|p1b: Beauty Soserer|spa|1\n|move|p1a: Wind Mage|Bleakwind Storm|p2b: Flutter Mane|[spread] p2a,p2b\n|-damage|p2a: Ursaluna|60\/100\n|-damage|p2b: Flutter Mane|0 fnt\n|faint|p2b: Flutter Mane\n|-end|p2b: Flutter Mane|Protosynthesis|[silent]\n|move|p1b: Beauty Soserer|Dazzling Gleam|p2a: Ursaluna\n|-damage|p2a: Ursaluna|0 fnt\n|faint|p2a: Ursaluna\n|\n|upkeep\n|\n|t:|1700732400\n|switch|p2a: Sinistcha|Sinistcha-Masterpiece, L50|100\/100\n|switch|p2b: Farigiraf|Farigiraf, L50, M|9\/100\n|-heal|p2b: Farigiraf|34\/100|[from] ability: Hospitality|[of] p2a: Sinistcha\n|turn|3\n|\n|t:|1700732414\n|-terastallize|p2a: Sinistcha|Grass\n|move|p2b: Farigiraf|Helping Hand|p2a: Sinistcha\n|-singleturn|p2a: Sinistcha|Helping Hand|[of] p2b: Farigiraf\n|move|p2a: Sinistcha|Matcha Gotcha|p1a: Wind Mage|[spread] p1b\n|-miss|p2a: Sinistcha|p1a: Wind Mage\n|-damage|p1b: Beauty Soserer|0 fnt\n|faint|p1b: Beauty Soserer\n|-end|p1b: Beauty Soserer|Protosynthesis|[silent]\n|move|p1a: Wind Mage|Bleakwind Storm|p2b: Farigiraf|[spread] \n|-miss|p1a: Wind Mage|p2a: Sinistcha\n|-miss|p1a: Wind Mage|p2b: Farigiraf\n|\n|upkeep\n|\n|t:|1700732427\n|switch|p1b: Brawler Hand|Iron Hands, L50|100\/100\n|turn|4\n|\n|t:|1700732435\n|move|p2b: Farigiraf|Helping Hand|p2a: Sinistcha\n|-singleturn|p2a: Sinistcha|Helping Hand|[of] p2b: Farigiraf\n|move|p1b: Brawler Hand|Wild Charge|p2b: Farigiraf\n|-damage|p2b: Farigiraf|0 fnt\n|faint|p2b: Farigiraf\n|-damage|p1b: Brawler Hand|93\/100|[from] Recoil\n|move|p2a: Sinistcha|Matcha Gotcha|p1a: Wind Mage|[spread] p1a,p1b\n|-resisted|p1a: Wind Mage\n|-damage|p1a: Wind Mage|62\/100\n|-damage|p1b: Brawler Hand|60\/100\n|move|p1a: Wind Mage|Bleakwind Storm|p2a: Sinistcha|[miss]\n|-miss|p1a: Wind Mage|p2a: Sinistcha\n|\n|upkeep\n|turn|5\n|\n|t:|1700732453\n|move|p1b: Brawler Hand|Heavy Slam|p2a: Sinistcha\n|-damage|p2a: Sinistcha|52\/100\n|move|p2a: Sinistcha|Strength Sap|p1b: Brawler Hand\n|-unboost|p1b: Brawler Hand|atk|1\n|-heal|p2a: Sinistcha|100\/100\n|move|p1a: Wind Mage|Bleakwind Storm|p2a: Sinistcha\n|-supereffective|p2a: Sinistcha\n|-damage|p2a: Sinistcha|0 fnt\n|faint|p2a: Sinistcha\n|\n|win|Olabama\n|raw|Olabama's rating: 1210 &rarr; <strong>1237<\/strong><br \/>(+27 for winning)\n|raw|Stroia's rating: 1236 &rarr; <strong>1209<\/strong><br \/>(-27 for losing)\n|l|\u2606Stroia\n","uploadtime":1700732469,"views":12,"p1id":"olabama","p2id":"stroia","formatid":"gen9vgc2023regulatione","rating":1209,"private":0,"password":""}