{"id":"gen9vgc2023regulatione-1995509196","p1":"Clllouuudddddd","p2":"Junkman3713","format":"[Gen 9] VGC 2023 Regulation E","log":"|j|\u2606Clllouuudddddd\n|j|\u2606Junkman3713\n|t:|1700578309\n|gametype|doubles\n|player|p1|Clllouuudddddd|1|1400\n|player|p2|Junkman3713|2|1331\n|teamsize|p1|6\n|teamsize|p2|6\n|gen|9\n|tier|[Gen 9] VGC 2023 Regulation E\n|rated|\n|rule|Species Clause: Limit one of each Pok\u00e9mon\n|rule|Item Clause: Limit one of each item\n|clearpoke\n|poke|p1|Gastrodon, L50, M|\n|poke|p1|Ogerpon-Hearthflame, L50, F|\n|poke|p1|Gholdengo, L50|\n|poke|p1|Landorus-Therian, L50, M|\n|poke|p1|Roaring Moon, L50|\n|poke|p1|Iron Hands, L50|\n|poke|p2|Thundurus-Therian, L50, M|\n|poke|p2|Tornadus, L50, M|\n|poke|p2|Urshifu-*, L50, F|\n|poke|p2|Chi-Yu, L50|\n|poke|p2|Dipplin, L50, M|\n|poke|p2|Munkidori, L50, M|\n|teampreview|4\n|inactive|Battle timer is ON: inactive players will automatically lose when time's up. (requested by Clllouuudddddd)\n|inactive|Junkman3713 has 60 seconds left.\n|\n|t:|1700578437\n|start\n|switch|p1a: Gastrodon|Gastrodon, L50, M|100\/100\n|switch|p1b: Roaring Moon|Roaring Moon, L50|100\/100\n|switch|p2a: Tornadus|Tornadus, L50, M|100\/100\n|switch|p2b: Munkidori|Munkidori, L50, M|100\/100\n|-enditem|p1b: Roaring Moon|Booster Energy\n|-activate|p1b: Roaring Moon|ability: Protosynthesis|[fromitem]\n|-start|p1b: Roaring Moon|protosynthesisspe\n|turn|1\n|inactive|Clllouuudddddd has 30 seconds left.\n|inactive|Junkman3713 has 30 seconds left.\n|inactive|Clllouuudddddd has 20 seconds left.\n|inactive|Junkman3713 has 20 seconds left.\n|inactive|Junkman3713 has 15 seconds left.\n|\n|t:|1700578479\n|move|p1b: Roaring Moon|Protect|p1b: Roaring Moon\n|-singleturn|p1b: Roaring Moon|Protect\n|move|p2b: Munkidori|Fake Out|p1a: Gastrodon\n|-damage|p1a: Gastrodon|94\/100\n|-status|p1a: Gastrodon|tox|[from] ability: Toxic Chain|[of] p2b: Munkidori\n|move|p2a: Tornadus|Tailwind|p2a: Tornadus\n|-sidestart|p2: Junkman3713|move: Tailwind\n|cant|p1a: Gastrodon|flinch\n|\n|-damage|p1a: Gastrodon|88\/100 tox|[from] psn\n|upkeep\n|turn|2\n|inactive|Junkman3713 has 30 seconds left.\n|inactive|Junkman3713 has 20 seconds left.\n|inactive|Junkman3713 has 15 seconds left.\n|\n|t:|1700578521\n|switch|p2a: Chi-Yu|Chi-Yu, L50|100\/100\n|-ability|p2a: Chi-Yu|Beads of Ruin\n|move|p2b: Munkidori|Sludge Bomb|p1b: Roaring Moon\n|-damage|p1b: Roaring Moon|40\/100\n|-status|p1b: Roaring Moon|psn\n|move|p1b: Roaring Moon|Tailwind|p1b: Roaring Moon\n|-sidestart|p1: Clllouuudddddd|move: Tailwind\n|move|p1a: Gastrodon|Ice Beam|p2a: Chi-Yu\n|-resisted|p2a: Chi-Yu\n|-damage|p2a: Chi-Yu|88\/100\n|\n|-damage|p1b: Roaring Moon|27\/100 psn|[from] psn\n|-damage|p1a: Gastrodon|76\/100 tox|[from] psn\n|upkeep\n|turn|3\n|inactive|Clllouuudddddd has 30 seconds left.\n|inactive|Junkman3713 has 30 seconds left.\n|inactive|Junkman3713 has 20 seconds left.\n|inactive|Junkman3713 has 15 seconds left.\n|inactive|Junkman3713 has 10 seconds left.\n|\n|t:|1700578568\n|switch|p2b: Tornadus|Tornadus, L50, M|100\/100\n|move|p1b: Roaring Moon|Protect|p1b: Roaring Moon\n|-singleturn|p1b: Roaring Moon|Protect\n|move|p2a: Chi-Yu|Heat Wave|p1b: Roaring Moon|[spread] p1a\n|-activate|p1b: Roaring Moon|move: Protect\n|-resisted|p1a: Gastrodon\n|-damage|p1a: Gastrodon|57\/100 tox\n|move|p1a: Gastrodon|Earth Power|p2a: Chi-Yu\n|-supereffective|p2a: Chi-Yu\n|-damage|p2a: Chi-Yu|13\/100\n|\n|-damage|p1b: Roaring Moon|15\/100 psn|[from] psn\n|-damage|p1a: Gastrodon|39\/100 tox|[from] psn\n|upkeep\n|-enditem|p1a: Gastrodon|Sitrus Berry|[eat]\n|-heal|p1a: Gastrodon|64\/100 tox|[from] item: Sitrus Berry\n|turn|4\n|inactive|Clllouuudddddd has 30 seconds left.\n|inactive|Junkman3713 has 30 seconds left.\n|\n|t:|1700578598\n|move|p2a: Chi-Yu|Protect|p2a: Chi-Yu\n|-singleturn|p2a: Chi-Yu|Protect\n|move|p1b: Roaring Moon|Breaking Swipe|p2a: Chi-Yu|[spread] p2b\n|-activate|p2a: Chi-Yu|move: Protect\n|-damage|p2b: Tornadus|71\/100\n|-unboost|p2b: Tornadus|atk|1\n|move|p2b: Tornadus|Bleakwind Storm|p1a: Gastrodon|[spread] \n|-miss|p2b: Tornadus|p1a: Gastrodon\n|-miss|p2b: Tornadus|p1b: Roaring Moon\n|move|p1a: Gastrodon|Ice Beam|p2b: Tornadus\n|-supereffective|p2b: Tornadus\n|-damage|p2b: Tornadus|4\/100\n|\n|-damage|p1b: Roaring Moon|2\/100 psn|[from] psn\n|-damage|p1a: Gastrodon|40\/100 tox|[from] psn\n|-sideend|p2: Junkman3713|move: Tailwind\n|upkeep\n|turn|5\n|inactive|Clllouuudddddd has 30 seconds left.\n|inactive|Junkman3713 has 30 seconds left.\n|\n|t:|1700578631\n|switch|p2a: Thundurus|Thundurus-Therian, L50, M|100\/100\n|move|p2b: Tornadus|Tailwind|p2b: Tornadus\n|-sidestart|p2: Junkman3713|move: Tailwind\n|move|p1b: Roaring Moon|Breaking Swipe|p2a: Thundurus|[spread] p2a,p2b\n|-damage|p2a: Thundurus|61\/100\n|-damage|p2b: Tornadus|0 fnt\n|-unboost|p2a: Thundurus|atk|1\n|faint|p2b: Tornadus\n|move|p1a: Gastrodon|Earth Power|p2a: Thundurus\n|-immune|p2a: Thundurus\n|\n|-damage|p1b: Roaring Moon|0 fnt|[from] psn\n|faint|p1b: Roaring Moon\n|-end|p1b: Roaring Moon|Protosynthesis|[silent]\n|-damage|p1a: Gastrodon|10\/100 tox|[from] psn\n|-sideend|p1: Clllouuudddddd|move: Tailwind\n|upkeep\n|inactive|Clllouuudddddd has 30 seconds left.\n|inactive|Clllouuudddddd has 20 seconds left.\n|\n|t:|1700578668\n|switch|p1b: Gholdengo|Gholdengo, L50|100\/100\n|switch|p2b: Munkidori|Munkidori, L50, M|100\/100\n|turn|6\n|inactive|Clllouuudddddd has 30 seconds left.\n|inactive|Junkman3713 has 30 seconds left.\n|\n|t:|1700578698\n|-terastallize|p1b: Gholdengo|Steel\n|move|p1a: Gastrodon|Helping Hand|p1b: Gholdengo\n|-immune|p1b: Gholdengo|[from] ability: Good as Gold\n|move|p2b: Munkidori|Fake Out|p1a: Gastrodon\n|-damage|p1a: Gastrodon|3\/100 tox\n|move|p2a: Thundurus|Psychic|p1b: Gholdengo\n|-resisted|p1b: Gholdengo\n|-damage|p1b: Gholdengo|83\/100\n|move|p1b: Gholdengo|Make It Rain|p2a: Thundurus|[spread] p2a,p2b\n|-resisted|p2a: Thundurus\n|-damage|p2a: Thundurus|0 fnt\n|-enditem|p2b: Munkidori|Focus Sash\n|-damage|p2b: Munkidori|1\/100\n|-unboost|p1b: Gholdengo|spa|1\n|faint|p2a: Thundurus\n|\n|-damage|p1a: Gastrodon|0 fnt|[from] psn\n|faint|p1a: Gastrodon\n|upkeep\n|c|\u2606Clllouuudddddd|lmap\n|c|\u2606Clllouuudddddd|oppsies\n|\n|t:|1700578720\n|switch|p2a: Chi-Yu|Chi-Yu, L50|13\/100\n|switch|p1a: Iron Hands|Iron Hands, L50|100\/100\n|-ability|p2a: Chi-Yu|Beads of Ruin\n|turn|7\n|c|\u2606Clllouuudddddd|gg\n|\n|t:|1700578742\n|move|p2a: Chi-Yu|Protect|p2a: Chi-Yu\n|-singleturn|p2a: Chi-Yu|Protect\n|move|p2b: Munkidori|Psychic|p1a: Iron Hands\n|-supereffective|p1a: Iron Hands\n|-damage|p1a: Iron Hands|28\/100\n|move|p1b: Gholdengo|Make It Rain|p2b: Munkidori|[spread] p2b\n|-activate|p2a: Chi-Yu|move: Protect\n|-damage|p2b: Munkidori|0 fnt\n|-unboost|p1b: Gholdengo|spa|1\n|faint|p2b: Munkidori\n|move|p1a: Iron Hands|Wild Charge|p2a: Chi-Yu\n|-activate|p2a: Chi-Yu|move: Protect\n|\n|upkeep\n|turn|8\n|\n|t:|1700578761\n|-terastallize|p2a: Chi-Yu|Fire\n|move|p2a: Chi-Yu|Heat Wave|p1a: Iron Hands|[spread] p1a,p1b\n|-supereffective|p1b: Gholdengo\n|-damage|p1a: Iron Hands|0 fnt\n|-damage|p1b: Gholdengo|0 fnt\n|faint|p1a: Iron Hands\n|-end|p1a: Iron Hands|Quark Drive|[silent]\n|faint|p1b: Gholdengo\n|\n|win|Junkman3713\n|raw|Clllouuudddddd's rating: 1400 &rarr; <strong>1376<\/strong><br \/>(-24 for losing)\n|raw|Junkman3713's rating: 1331 &rarr; <strong>1355<\/strong><br \/>(+24 for winning)\n|c|\u2606Clllouuudddddd|hax\n|c|\u2606Clllouuudddddd|lucky accuracy hit\n|l|\u2606Clllouuudddddd\n","uploadtime":1700578809,"views":7,"p1id":"clllouuudddddd","p2id":"junkman3713","formatid":"gen9vgc2023regulatione","rating":1355,"private":0,"password":""}