{"id":"gen9vgc2023regulatione-1999774566","p1":"Horuskoria","p2":"Chien-Meow","format":"[Gen 9] VGC 2023 Regulation E","log":"|j|\u2606Horuskoria\n|j|\u2606Chien-Meow\n|t:|1701115504\n|gametype|doubles\n|player|p1|Horuskoria|102|\n|player|p2|Chien-Meow|benga|\n|teamsize|p1|6\n|teamsize|p2|6\n|gen|9\n|tier|[Gen 9] VGC 2023 Regulation E\n|rule|Species Clause: Limit one of each Pok\u00e9mon\n|rule|Item Clause: Limit one of each item\n|clearpoke\n|poke|p1|Hariyama, L50, F|\n|poke|p1|Gastrodon-East, L50, F|\n|poke|p1|Salamence, L50, M|\n|poke|p1|Brambleghast, L50, M|\n|poke|p1|Talonflame, L50, M|\n|poke|p1|Flutter Mane, L50|\n|poke|p2|Dragapult, L50, F|\n|poke|p2|Kingambit, L50, F|\n|poke|p2|Sylveon, L50, M|\n|poke|p2|Palafin, L50, F|\n|poke|p2|Garganacl, L50, F|\n|poke|p2|Infernape, L50, F|\n|teampreview|4\n|inactive|Battle timer is ON: inactive players will automatically lose when time's up. (requested by Chien-Meow)\nHoruskoria rejected open team sheets.\n|c|\u2606Chien-Meow|Have Fun ^^\n|j| Cpt. Niveau\n|c|\u2606Horuskoria|gl hf\n|inactive|Chien-Meow has 60 seconds left.\n|\n|t:|1701115545\n|start\n|switch|p1a: Salamence|Salamence, L50, M|100\/100\n|switch|p1b: Brambleghast|Brambleghast, L50, M|100\/100\n|switch|p2a: Casper|Dragapult, L50, F|100\/100\n|switch|p2b: Feuerlocke|Infernape, L50, F|100\/100\n|-ability|p1a: Salamence|Intimidate|boost\n|-fail|p2a: Casper|unboost|[from] ability: Clear Body|[of] p2a: Casper\n|-unboost|p2b: Feuerlocke|atk|1\n|turn|1\n|inactive|Horuskoria has 30 seconds left.\n|\n|t:|1701115571\n|switch|p1a: Flutter Mane|Flutter Mane, L50|100\/100\n|-enditem|p1a: Flutter Mane|Booster Energy\n|-activate|p1a: Flutter Mane|ability: Protosynthesis|[fromitem]\n|-start|p1a: Flutter Mane|protosynthesisspa\n|-terastallize|p2a: Casper|Ghost\n|move|p1b: Brambleghast|Protect|p1b: Brambleghast\n|-singleturn|p1b: Brambleghast|Protect\n|move|p2b: Feuerlocke|Fling|p2a: Casper\n|-supereffective|p2a: Casper\n|-damage|p2a: Casper|95\/100\n|-enditem|p2a: Casper|Weakness Policy\n|-boost|p2a: Casper|atk|2|[from] item: Weakness Policy\n|-boost|p2a: Casper|spa|2|[from] item: Weakness Policy\n|-enditem|p2b: Feuerlocke|Choice Scarf|[from] move: Fling\n|move|p2a: Casper|Dragon Darts|p1a: Flutter Mane\n|-immune|p1a: Flutter Mane\n|\n|upkeep\n|turn|2\n|inactive|Horuskoria has 30 seconds left.\n|\n|t:|1701115597\n|switch|p2b: Kirchenchor|Sylveon, L50, M|100\/100\n|-terastallize|p1b: Brambleghast|Ghost\n|move|p2a: Casper|Protect|p2a: Casper\n|-singleturn|p2a: Casper|Protect\n|move|p1a: Flutter Mane|Protect|p1a: Flutter Mane\n|-singleturn|p1a: Flutter Mane|Protect\n|move|p1b: Brambleghast|Shadow Sneak|p2a: Casper\n|-activate|p2a: Casper|move: Protect\n|\n|upkeep\n|turn|3\n|inactive|Chien-Meow has 30 seconds left.\n|\n|t:|1701115631\n|move|p1b: Brambleghast|Shadow Sneak|p2a: Casper\n|-supereffective|p2a: Casper\n|-damage|p2a: Casper|15\/100\n|move|p2a: Casper|Tera Blast|p1a: Flutter Mane|[anim] Tera Blast Ghost\n|-supereffective|p1a: Flutter Mane\n|-damage|p1a: Flutter Mane|0 fnt\n|faint|p1a: Flutter Mane\n|-end|p1a: Flutter Mane|Protosynthesis|[silent]\n|move|p2b: Kirchenchor|Hyper Voice|p1b: Brambleghast\n|-damage|p1b: Brambleghast|6\/100\n|\n|upkeep\n|\n|t:|1701115642\n|switch|p1a: Gastrodon|Gastrodon-East, L50, F|100\/100\n|turn|4\n|\n|t:|1701115652\n|move|p2a: Casper|Protect|p2a: Casper\n|-singleturn|p2a: Casper|Protect\n|move|p1b: Brambleghast|Poltergeist|p2b: Kirchenchor\n|-activate|p2b: Kirchenchor|move: Poltergeist|Light Clay\n|-damage|p2b: Kirchenchor|6\/100\n|move|p2b: Kirchenchor|Hyper Voice|p1b: Brambleghast|[spread] p1a,p1b\n|-damage|p1a: Gastrodon|65\/100\n|-damage|p1b: Brambleghast|0 fnt\n|faint|p1b: Brambleghast\n|move|p1a: Gastrodon|Yawn|p2b: Kirchenchor\n|-start|p2b: Kirchenchor|move: Yawn|[of] p1a: Gastrodon\n|\n|upkeep\n|\n|t:|1701115664\n|switch|p1b: Salamence|Salamence, L50, M|100\/100\n|-ability|p1b: Salamence|Intimidate|boost\n|-fail|p2a: Casper|unboost|[from] ability: Clear Body|[of] p2a: Casper\n|-unboost|p2b: Kirchenchor|atk|1\n|turn|5\n|\n|t:|1701115681\n|move|p2a: Casper|Dragon Darts|p1b: Salamence\n|-supereffective|p1b: Salamence\n|-damage|p1b: Salamence|0 fnt\n|-anim|p2a: Casper|Dragon Darts|p1a: Gastrodon\n|-damage|p1a: Gastrodon|16\/100\n|-enditem|p1a: Gastrodon|Sitrus Berry|[eat]\n|-heal|p1a: Gastrodon|41\/100|[from] item: Sitrus Berry\n|faint|p1b: Salamence\n|move|p2b: Kirchenchor|Hyper Voice|p1a: Gastrodon\n|-damage|p1a: Gastrodon|0 fnt\n|faint|p1a: Gastrodon\n|\n|win|Chien-Meow\n|c|\u2606Chien-Meow|ggs\n|c|\u2606Horuskoria|jo gg das ging schnell\n","uploadtime":1701115701,"views":6,"p1id":"horuskoria","p2id":"chienmeow","formatid":"gen9vgc2023regulatione","rating":0,"private":0,"password":""}