{"id":"gen9vgc2023regulatione-2000620426","p1":"Tutkan","p2":"BluSyl","format":"[Gen 9] VGC 2023 Regulation E","log":"|j|\u2606Tutkan\n|j|\u2606BluSyl\n|t:|1701211305\n|gametype|doubles\n|player|p1|Tutkan|1|1390\n|player|p2|BluSyl|170|1380\n|teamsize|p1|6\n|teamsize|p2|6\n|gen|9\n|tier|[Gen 9] VGC 2023 Regulation E\n|rated|\n|rule|Species Clause: Limit one of each Pok\u00e9mon\n|rule|Item Clause: Limit one of each item\n|clearpoke\n|poke|p1|Heatran, L50, F|\n|poke|p1|Chien-Pao, L50|\n|poke|p1|Dragonite, L50, F|\n|poke|p1|Urshifu-*, L50, M|\n|poke|p1|Flutter Mane, L50|\n|poke|p1|Tornadus, L50, M|\n|poke|p2|Ogerpon-Hearthflame, L50, F|\n|poke|p2|Flutter Mane, L50|\n|poke|p2|Tornadus, L50, M|\n|poke|p2|Chien-Pao, L50|\n|poke|p2|Iron Hands, L50|\n|poke|p2|Landorus-Therian, L50, M|\n|teampreview|4\n|inactive|Battle timer is ON: inactive players will automatically lose when time's up. (requested by BluSyl)\n|\n|t:|1701211347\n|start\n|switch|p1a: Tornadus|Tornadus, L50, M|100\/100\n|switch|p1b: Urshifu|Urshifu-Rapid-Strike, L50, M|100\/100\n|switch|p2a: Flutter Mane|Flutter Mane, L50|100\/100\n|switch|p2b: Landorus|Landorus-Therian, L50, M|100\/100\n|-ability|p2b: Landorus|Intimidate|boost\n|-unboost|p1a: Tornadus|atk|1\n|-unboost|p1b: Urshifu|atk|1\n|turn|1\n|inactive|Tutkan has 30 seconds left.\n|\n|t:|1701211380\n|-end|p2a: Flutter Mane|Protosynthesis|[silent]\n|switch|p2a: Iron Hands|Iron Hands, L50|100\/100\n|-terastallize|p1b: Urshifu|Water\n|-terastallize|p2b: Landorus|Flying\n|move|p1a: Tornadus|Rain Dance|p1a: Tornadus\n|-weather|RainDance\n|move|p1b: Urshifu|Surging Strikes|p2b: Landorus\n|-crit|p2b: Landorus\n|-damage|p2b: Landorus|55\/100\n|-crit|p2b: Landorus\n|-damage|p2b: Landorus|8\/100\n|-crit|p2b: Landorus\n|-damage|p2b: Landorus|0 fnt\n|faint|p2b: Landorus\n|-hitcount|p2: Landorus|3\n|\n|-weather|RainDance|[upkeep]\n|upkeep\n|\n|t:|1701211399\n|switch|p2b: Flutter Mane|Flutter Mane, L50|100\/100\n|turn|2\n|inactive|Tutkan has 30 seconds left.\n|\n|t:|1701211431\n|-end|p2b: Flutter Mane|Protosynthesis|[silent]\n|switch|p2b: Tornadus|Tornadus, L50, M|100\/100\n|move|p1b: Urshifu|Surging Strikes|p2a: Iron Hands\n|-crit|p2a: Iron Hands\n|-damage|p2a: Iron Hands|69\/100\n|-crit|p2a: Iron Hands\n|-damage|p2a: Iron Hands|41\/100\n|-crit|p2a: Iron Hands\n|-damage|p2a: Iron Hands|12\/100\n|-hitcount|p2a: Iron Hands|3\n|move|p1a: Tornadus|Bleakwind Storm|p2b: Tornadus|[spread] p2a,p2b\n|-damage|p2a: Iron Hands|0 fnt\n|-damage|p2b: Tornadus|62\/100\n|faint|p2a: Iron Hands\n|-end|p2a: Iron Hands|Quark Drive|[silent]\n|\n|-weather|RainDance|[upkeep]\n|upkeep\n|c|\u2606BluSyl|Def read that wrong\n|\n|t:|1701211450\n|switch|p2a: Flutter Mane|Flutter Mane, L50|100\/100\n|turn|3\n|\n|t:|1701211462\n|move|p1a: Tornadus|Tailwind|p1a: Tornadus\n|-sidestart|p1: Tutkan|move: Tailwind\n|move|p2b: Tornadus|Sunny Day|p2b: Tornadus\n|-weather|SunnyDay\n|-activate|p2a: Flutter Mane|ability: Protosynthesis\n|-start|p2a: Flutter Mane|protosynthesisspe\n|move|p1b: Urshifu|Surging Strikes|p2a: Flutter Mane\n|-crit|p2a: Flutter Mane\n|-damage|p2a: Flutter Mane|78\/100\n|-crit|p2a: Flutter Mane\n|-damage|p2a: Flutter Mane|56\/100\n|-crit|p2a: Flutter Mane\n|-damage|p2a: Flutter Mane|34\/100\n|-hitcount|p2a: Flutter Mane|3\n|move|p2a: Flutter Mane|Moonblast|p1b: Urshifu\n|-damage|p1b: Urshifu|5\/100\n|\n|-weather|SunnyDay|[upkeep]\n|upkeep\n|turn|4\n|inactive|Tutkan has 30 seconds left.\n|inactive|BluSyl has 30 seconds left.\n|inactive|Tutkan has 20 seconds left.\n|inactive|Tutkan has 15 seconds left.\n|inactive|Tutkan has 10 seconds left.\n|inactive|Tutkan has 5 seconds left.\n|\n|t:|1701211513\n|move|p1b: Urshifu|Surging Strikes|p2a: Flutter Mane\n|-crit|p2a: Flutter Mane\n|-damage|p2a: Flutter Mane|12\/100\n|-crit|p2a: Flutter Mane\n|-damage|p2a: Flutter Mane|0 fnt\n|faint|p2a: Flutter Mane\n|-end|p2a: Flutter Mane|Protosynthesis|[silent]\n|-hitcount|p2: Flutter Mane|2\n|move|p1a: Tornadus|Bleakwind Storm|p2b: Tornadus\n|-damage|p2b: Tornadus|10\/100\n|move|p2b: Tornadus|Bleakwind Storm|p1b: Urshifu|[spread] p1a,p1b\n|-damage|p1a: Tornadus|54\/100\n|-damage|p1b: Urshifu|0 fnt\n|faint|p1b: Urshifu\n|\n|-weather|SunnyDay|[upkeep]\n|upkeep\n|\n|t:|1701211531\n|switch|p1b: Dragonite|Dragonite, L50, F|100\/100\n|turn|5\n|c|\u2606BluSyl|Ggs\n|\n|t:|1701211547\n|move|p1b: Dragonite|Extreme Speed|p2b: Tornadus\n|-damage|p2b: Tornadus|0 fnt\n|faint|p2b: Tornadus\n|\n|win|Tutkan\n|raw|Tutkan's rating: 1390 &rarr; <strong>1409<\/strong><br \/>(+19 for winning)\n|raw|BluSyl's rating: 1380 &rarr; <strong>1361<\/strong><br \/>(-19 for losing)\n|l|\u2606BluSyl\n","uploadtime":1701211560,"views":4,"p1id":"tutkan","p2id":"blusyl","formatid":"gen9vgc2023regulatione","rating":1361,"private":0,"password":""}