{"id":"gen9vgc2023regulatione-1987901011","p1":"donezohh","p2":"Ozwald McFly","format":"[Gen 9] VGC 2023 Regulation E","log":"|j|\u2606donezohh\n|j|\u2606Ozwald McFly\n|t:|1699647365\n|gametype|doubles\n|player|p1|donezohh|brock|1382\n|player|p2|Ozwald McFly|169|1329\n|teamsize|p1|6\n|teamsize|p2|6\n|gen|9\n|tier|[Gen 9] VGC 2023 Regulation E\n|rated|\n|rule|Species Clause: Limit one of each Pok\u00e9mon\n|rule|Item Clause: Limit one of each item\n|clearpoke\n|poke|p1|Iron Hands, L50|\n|poke|p1|Landorus-Therian, L50, M|\n|poke|p1|Ogerpon-Wellspring, L50, F|\n|poke|p1|Heatran, L50, F|\n|poke|p1|Mimikyu, L50, F|\n|poke|p1|Roaring Moon, L50|\n|poke|p2|Noctowl, L50, F|\n|poke|p2|Sandy Shocks, L50|\n|poke|p2|Espeon, L50, F|\n|poke|p2|Indeedee-F, L50, F|\n|poke|p2|Iron Hands, L50|\n|poke|p2|Decidueye-Hisui, L50, M|\n|teampreview|4\n|\n|t:|1699647430\n|start\n|switch|p1a: Iron Hands|Iron Hands, L50|100\/100\n|switch|p1b: Roaring Moon|Roaring Moon, L50|100\/100\n|switch|p2a: Decidueye|Decidueye-Hisui, L50, M, shiny|100\/100\n|switch|p2b: Indeedee|Indeedee-F, L50, F|100\/100\n|-fieldstart|move: Psychic Terrain|[from] ability: Psychic Surge|[of] p2b: Indeedee\n|-enditem|p1b: Roaring Moon|Booster Energy\n|-activate|p1b: Roaring Moon|ability: Protosynthesis|[fromitem]\n|-start|p1b: Roaring Moon|protosynthesisspe\n|turn|1\n|\n|t:|1699647468\n|-end|p1a: Iron Hands|Quark Drive|[silent]\n|switch|p1a: Landorus|Landorus-Therian, L50, M|100\/100\n|-ability|p1a: Landorus|Intimidate|boost\n|-fail|p2a: Decidueye|unboost|Attack|[from] ability: Scrappy|[of] p2a: Decidueye\n|-unboost|p2b: Indeedee|atk|1\n|move|p2a: Decidueye|Protect|p2a: Decidueye\n|-singleturn|p2a: Decidueye|Protect\n|move|p1b: Roaring Moon|Knock Off|p2b: Indeedee\n|-supereffective|p2b: Indeedee\n|-damage|p2b: Indeedee|0 fnt\n|-enditem|p2b: Indeedee|Sitrus Berry|[from] move: Knock Off|[of] p1b: Roaring Moon\n|faint|p2b: Indeedee\n|\n|upkeep\n|\n|t:|1699647484\n|switch|p2b: Iron Hands|Iron Hands, L50|100\/100\n|turn|2\n|\n|t:|1699647521\n|-terastallize|p1a: Landorus|Flying\n|-terastallize|p2a: Decidueye|Fighting\n|move|p1b: Roaring Moon|Breaking Swipe|p2a: Decidueye|[spread] p2a,p2b\n|-damage|p2a: Decidueye|75\/100\n|-damage|p2b: Iron Hands|84\/100\n|-unboost|p2a: Decidueye|atk|1\n|-unboost|p2b: Iron Hands|atk|1\n|move|p1a: Landorus|Tera Blast|p2a: Decidueye|[anim] Tera Blast Flying\n|-supereffective|p2a: Decidueye\n|-damage|p2a: Decidueye|0 fnt\n|faint|p2a: Decidueye\n|move|p2b: Iron Hands|Heavy Slam|p1a: Landorus\n|-damage|p1a: Landorus|65\/100\n|\n|upkeep\n|\n|t:|1699647536\n|switch|p2a: Espeon|Espeon, L50, F|100\/100\n|turn|3\n|\n|t:|1699647546\n|move|p1b: Roaring Moon|Knock Off|p2a: Espeon\n|-supereffective|p2a: Espeon\n|-enditem|p2a: Espeon|Focus Sash\n|-damage|p2a: Espeon|1\/100\n|move|p1a: Landorus|Tera Blast|p2b: Iron Hands|[anim] Tera Blast Flying\n|-damage|p2b: Iron Hands|48\/100\n|move|p2a: Espeon|Dazzling Gleam|p1b: Roaring Moon|[spread] p1a,p1b\n|-supereffective|p1b: Roaring Moon\n|-damage|p1a: Landorus|42\/100\n|-damage|p1b: Roaring Moon|14\/100\n|move|p2b: Iron Hands|Wild Charge|p1a: Landorus\n|-supereffective|p1a: Landorus\n|-damage|p1a: Landorus|0 fnt\n|faint|p1a: Landorus\n|-damage|p2b: Iron Hands|41\/100|[from] Recoil\n|\n|upkeep\n|\n|t:|1699647560\n|switch|p1a: Ogerpon|Ogerpon-Wellspring, L50, F|100\/100\n|turn|4\n|\n|t:|1699647571\n|move|p2a: Espeon|Detect|p2a: Espeon\n|-singleturn|p2a: Espeon|Protect\n|move|p1a: Ogerpon|Follow Me|p1a: Ogerpon\n|-singleturn|p1a: Ogerpon|move: Follow Me\n|move|p1b: Roaring Moon|Breaking Swipe|p2b: Iron Hands|[spread] p2b\n|-activate|p2a: Espeon|move: Protect\n|-damage|p2b: Iron Hands|23\/100\n|-unboost|p2b: Iron Hands|atk|1\n|move|p2b: Iron Hands|Earthquake|p1a: Ogerpon|[spread] p1a,p1b\n|-activate|p2a: Espeon|move: Protect\n|-resisted|p1a: Ogerpon\n|-damage|p1a: Ogerpon|93\/100\n|-damage|p1b: Roaring Moon|0 fnt\n|faint|p1b: Roaring Moon\n|-end|p1b: Roaring Moon|Protosynthesis|[silent]\n|\n|upkeep\n|\n|t:|1699647584\n|switch|p1b: Iron Hands|Iron Hands, L50|100\/100\n|turn|5\n|\n|t:|1699647604\n|move|p2a: Espeon|Psychic|p1a: Ogerpon\n|-damage|p1a: Ogerpon|30\/100\n|move|p1a: Ogerpon|Ivy Cudgel|p2a: Espeon\n|-damage|p2a: Espeon|0 fnt\n|faint|p2a: Espeon\n|move|p1b: Iron Hands|Drain Punch|p2b: Iron Hands\n|-damage|p2b: Iron Hands|0 fnt\n|faint|p2b: Iron Hands\n|-end|p2b: Iron Hands|Quark Drive|[silent]\n|\n|win|donezohh\n|raw|donezohh's rating: 1382 &rarr; <strong>1399<\/strong><br \/>(+17 for winning)\n|raw|Ozwald McFly's rating: 1329 &rarr; <strong>1312<\/strong><br \/>(-17 for losing)\n|l|\u2606donezohh\n","uploadtime":1699647618,"views":12,"p1id":"donezohh","p2id":"ozwaldmcfly","formatid":"gen9vgc2023regulatione","rating":1312,"private":0,"password":""}