{"id":"gen9vgc2023regulatione-2000459107","p1":"charlesgamer13","p2":"GilArgaiz","format":"[Gen 9] VGC 2023 Regulation E","log":"|j|\u2606charlesgamer13\n|j|\u2606GilArgaiz\n|t:|1701196580\n|gametype|doubles\n|player|p1|charlesgamer13|265|1145\n|player|p2|GilArgaiz|elesa|1063\n|teamsize|p1|6\n|teamsize|p2|6\n|gen|9\n|tier|[Gen 9] VGC 2023 Regulation E\n|rated|\n|rule|Species Clause: Limit one of each Pok\u00e9mon\n|rule|Item Clause: Limit one of each item\n|clearpoke\n|poke|p1|Empoleon, L50, F|\n|poke|p1|Sinistcha, L50|\n|poke|p1|Weezing-Galar, L50, M|\n|poke|p1|Scizor, L50, M|\n|poke|p1|Roaring Moon, L50|\n|poke|p1|Landorus-Therian, L50, M|\n|poke|p2|Tornadus, L50, M|\n|poke|p2|Flutter Mane, L50|\n|poke|p2|Rillaboom, L50, M|\n|poke|p2|Iron Bundle, L50|\n|poke|p2|Urshifu-*, L50, M|\n|poke|p2|Arcanine-Hisui, L50, F|\n|teampreview|4\n|\n|t:|1701196617\n|start\n|switch|p1a: Empoleon|Empoleon, L50, F, shiny|100\/100\n|switch|p1b: Scizor|Scizor, L50, M, shiny|100\/100\n|switch|p2a: Flutter Mane|Flutter Mane, L50|100\/100\n|switch|p2b: Arcanine|Arcanine-Hisui, L50, F|100\/100\n|-ability|p2b: Arcanine|Intimidate|boost\n|-unboost|p1a: Empoleon|atk|1\n|-ability|p1a: Empoleon|Competitive|boost\n|-boost|p1a: Empoleon|spa|2\n|-fail|p1b: Scizor|unboost|[from] item: Clear Amulet|[of] p1b: Scizor\n|turn|1\n|inactive|Battle timer is ON: inactive players will automatically lose when time's up. (requested by GilArgaiz)\n|\n|t:|1701196636\n|move|p2a: Flutter Mane|Protect|p2a: Flutter Mane\n|-singleturn|p2a: Flutter Mane|Protect\n|move|p1b: Scizor|Bullet Punch|p2a: Flutter Mane\n|-activate|p2a: Flutter Mane|move: Protect\n|move|p2b: Arcanine|Will-O-Wisp|p1b: Scizor\n|-status|p1b: Scizor|brn\n|move|p1a: Empoleon|Hydro Pump|p2b: Arcanine\n|-supereffective|p2b: Arcanine\n|-damage|p2b: Arcanine|0 fnt\n|faint|p2b: Arcanine\n|\n|-damage|p1b: Scizor|95\/100 brn|[from] brn\n|upkeep\n|\n|t:|1701196654\n|switch|p2b: Tornadus|Tornadus, L50, M|100\/100\n|turn|2\n|\n|t:|1701196676\n|-terastallize|p2a: Flutter Mane|Fairy\n|move|p2b: Tornadus|Sunny Day|p2b: Tornadus\n|-weather|SunnyDay\n|-activate|p2a: Flutter Mane|ability: Protosynthesis\n|-start|p2a: Flutter Mane|protosynthesisspa\n|move|p1b: Scizor|Bullet Punch|p2a: Flutter Mane\n|-supereffective|p2a: Flutter Mane\n|-damage|p2a: Flutter Mane|29\/100\n|move|p2a: Flutter Mane|Dazzling Gleam|p1b: Scizor|[spread] p1a,p1b\n|-resisted|p1a: Empoleon\n|-resisted|p1b: Scizor\n|-damage|p1a: Empoleon|66\/100\n|-damage|p1b: Scizor|53\/100 brn\n|move|p1a: Empoleon|Ice Beam|p2b: Tornadus\n|-supereffective|p2b: Tornadus\n|-enditem|p2b: Tornadus|Focus Sash\n|-damage|p2b: Tornadus|1\/100\n|\n|-weather|SunnyDay|[upkeep]\n|-damage|p1b: Scizor|47\/100 brn|[from] brn\n|upkeep\n|turn|3\n|\n|t:|1701196697\n|move|p2a: Flutter Mane|Protect|p2a: Flutter Mane\n|-singleturn|p2a: Flutter Mane|Protect\n|move|p1b: Scizor|Bullet Punch|p2a: Flutter Mane\n|-activate|p2a: Flutter Mane|move: Protect\n|move|p2b: Tornadus|Bleakwind Storm|p1a: Empoleon|[spread] p1b\n|-miss|p2b: Tornadus|p1a: Empoleon\n|-damage|p1b: Scizor|0 fnt\n|faint|p1b: Scizor\n|move|p1a: Empoleon|Ice Beam|p2b: Tornadus\n|-supereffective|p2b: Tornadus\n|-damage|p2b: Tornadus|0 fnt\n|faint|p2b: Tornadus\n|\n|-weather|SunnyDay|[upkeep]\n|upkeep\n|\n|t:|1701196714\n|switch|p2b: Iron Bundle|Iron Bundle, L50|100\/100\n|switch|p1b: Weezing|Weezing-Galar, L50, M, shiny|100\/100\n|-ability|p1b: Weezing|Neutralizing Gas\n|-enditem|p2b: Iron Bundle|Booster Energy\n|-activate|p2b: Iron Bundle|ability: Quark Drive|[fromitem]\n|-start|p2b: Iron Bundle|quarkdrivespe\n|turn|4\n|inactive|GilArgaiz has 30 seconds left.\n|\n|t:|1701196743\n|-terastallize|p1b: Weezing|Fairy\n|move|p1a: Empoleon|Protect|p1a: Empoleon\n|-singleturn|p1a: Empoleon|Protect\n|move|p2b: Iron Bundle|Freeze-Dry|p1b: Weezing\n|-damage|p1b: Weezing|55\/100\n|move|p2a: Flutter Mane|Shadow Ball|p1a: Empoleon\n|-activate|p1a: Empoleon|move: Protect\n|move|p1b: Weezing|Sludge Bomb|p2a: Flutter Mane\n|-supereffective|p2a: Flutter Mane\n|-damage|p2a: Flutter Mane|0 fnt\n|faint|p2a: Flutter Mane\n|-end|p2a: Flutter Mane|Protosynthesis|[silent]\n|\n|-weather|SunnyDay|[upkeep]\n|-heal|p1b: Weezing|61\/100|[from] item: Leftovers\n|upkeep\n|turn|5\n|-message|GilArgaiz forfeited.\n|\n|win|charlesgamer13\n|raw|charlesgamer13's rating: 1145 &rarr; <strong>1164<\/strong><br \/>(+19 for winning)\n|raw|GilArgaiz's rating: 1063 &rarr; <strong>1048<\/strong><br \/>(-15 for losing)\n|l|\u2606GilArgaiz\n","uploadtime":1701196763,"views":7,"p1id":"charlesgamer13","p2id":"gilargaiz","formatid":"gen9vgc2023regulatione","rating":1048,"private":0,"password":""}