{"id":"gen9vgc2023regulatione-1995976166","p1":"lazerDono","p2":"JohanDK","format":"[Gen 9] VGC 2023 Regulation E","log":"|j|\u2606lazerDono\n|j|\u2606JohanDK\n|t:|1700624270\n|gametype|doubles\n|player|p1|lazerDono|burglar|1237\n|player|p2|JohanDK|nate|1336\n|teamsize|p1|6\n|teamsize|p2|6\n|gen|9\n|tier|[Gen 9] VGC 2023 Regulation E\n|rated|\n|rule|Species Clause: Limit one of each Pok\u00e9mon\n|rule|Item Clause: Limit one of each item\n|clearpoke\n|poke|p1|Glimmora, L50, F|\n|poke|p1|Hippowdon, L50, M|\n|poke|p1|Gyarados, L50, F|\n|poke|p1|Grimmsnarl, L50, M|\n|poke|p1|Spectrier, L50|\n|poke|p1|Arcanine-Hisui, L50, M|\n|poke|p2|Urshifu-*, L50, M|\n|poke|p2|Rillaboom, L50, M|\n|poke|p2|Gholdengo, L50|\n|poke|p2|Tornadus, L50, M|\n|poke|p2|Arcanine-Hisui, L50, M|\n|poke|p2|Flutter Mane, L50|\n|teampreview|4\n|\n|t:|1700624306\n|start\n|switch|p1a: Grimmsnarl|Grimmsnarl, L50, M|100\/100\n|switch|p1b: Spectrier|Spectrier, L50|100\/100\n|switch|p2a: KumaTetsu|Urshifu-Rapid-Strike, L50, M|100\/100\n|switch|p2b: Boros|Tornadus, L50, M|100\/100\n|turn|1\n|\n|t:|1700624326\n|move|p2a: KumaTetsu|Detect|p2a: KumaTetsu\n|-singleturn|p2a: KumaTetsu|Protect\n|move|p2b: Boros|Tailwind|p2b: Boros\n|-sidestart|p2: JohanDK|move: Tailwind\n|move|p1a: Grimmsnarl|Light Screen|p1a: Grimmsnarl\n|-sidestart|p1: lazerDono|move: Light Screen\n|move|p1b: Spectrier|Draining Kiss|p2a: KumaTetsu\n|-activate|p2a: KumaTetsu|move: Protect\n|\n|upkeep\n|turn|2\n|\n|t:|1700624344\n|-terastallize|p2a: KumaTetsu|Water\n|-terastallize|p1b: Spectrier|Fairy\n|move|p2b: Boros|Bleakwind Storm|p1b: Spectrier|[spread] p1b\n|-miss|p2b: Boros|p1a: Grimmsnarl\n|-damage|p1b: Spectrier|74\/100\n|move|p2a: KumaTetsu|Swords Dance|p2a: KumaTetsu\n|-boost|p2a: KumaTetsu|atk|2\n|move|p1b: Spectrier|Draining Kiss|p2a: KumaTetsu\n|-damage|p2a: KumaTetsu|54\/100\n|-heal|p1b: Spectrier|100\/100|[from] drain|[of] p2a: KumaTetsu\n|move|p1a: Grimmsnarl|Spirit Break|p2b: Boros\n|-damage|p2b: Boros|68\/100\n|\n|upkeep\n|turn|3\n|\n|t:|1700624366\n|switch|p1b: Gyarados|Gyarados, L50, F|100\/100\n|-ability|p1b: Gyarados|Intimidate|boost\n|-unboost|p2a: KumaTetsu|atk|1\n|-unboost|p2b: Boros|atk|1\n|move|p2b: Boros|Rain Dance|p2b: Boros\n|-weather|RainDance\n|move|p2a: KumaTetsu|Surging Strikes|p1b: Gyarados\n|-resisted|p1b: Gyarados\n|-crit|p1b: Gyarados\n|-damage|p1b: Gyarados|77\/100\n|-resisted|p1b: Gyarados\n|-crit|p1b: Gyarados\n|-damage|p1b: Gyarados|52\/100\n|-resisted|p1b: Gyarados\n|-crit|p1b: Gyarados\n|-damage|p1b: Gyarados|24\/100\n|-hitcount|p1b: Gyarados|3\n|move|p1a: Grimmsnarl|Spirit Break|p2a: KumaTetsu\n|-damage|p2a: KumaTetsu|32\/100\n|-unboost|p2a: KumaTetsu|spa|1\n|\n|-weather|RainDance|[upkeep]\n|upkeep\n|turn|4\n|\n|t:|1700624393\n|move|p1a: Grimmsnarl|Parting Shot|p2b: Boros\n|-unboost|p2b: Boros|atk|1\n|-unboost|p2b: Boros|spa|1\n|\n|t:|1700624397\n|switch|p1a: Arcanine|Arcanine-Hisui, L50, M|100\/100|[from] Parting Shot\n|-ability|p1a: Arcanine|Intimidate|boost\n|-unboost|p2a: KumaTetsu|atk|1\n|-unboost|p2b: Boros|atk|1\n|move|p2b: Boros|Bleakwind Storm|p1b: Gyarados|[spread] p1a,p1b\n|-resisted|p1a: Arcanine\n|-damage|p1a: Arcanine|93\/100\n|-damage|p1b: Gyarados|13\/100\n|move|p2a: KumaTetsu|Surging Strikes|p1a: Arcanine\n|-supereffective|p1a: Arcanine\n|-crit|p1a: Arcanine\n|-damage|p1a: Arcanine|0 fnt\n|faint|p1a: Arcanine\n|-hitcount|p1: Arcanine|1\n|move|p1b: Gyarados|Thunder Wave|p2a: KumaTetsu\n|-status|p2a: KumaTetsu|par\n|\n|-weather|RainDance|[upkeep]\n|-sideend|p2: JohanDK|move: Tailwind\n|upkeep\n|\n|t:|1700624420\n|switch|p1a: Spectrier|Spectrier, L50, tera:Fairy|100\/100\n|turn|5\n|\n|t:|1700624434\n|move|p1b: Gyarados|Protect|p1b: Gyarados\n|-singleturn|p1b: Gyarados|Protect\n|move|p2a: KumaTetsu|Detect|p2a: KumaTetsu\n|-singleturn|p2a: KumaTetsu|Protect\n|move|p2b: Boros|Tailwind|p2b: Boros\n|-sidestart|p2: JohanDK|move: Tailwind\n|move|p1a: Spectrier|Nasty Plot|p1a: Spectrier\n|-boost|p1a: Spectrier|spa|2\n|\n|-weather|RainDance|[upkeep]\n|-sideend|p1: lazerDono|move: Light Screen\n|upkeep\n|turn|6\n|\n|t:|1700624448\n|switch|p1b: Grimmsnarl|Grimmsnarl, L50, M|100\/100\n|move|p2b: Boros|Bleakwind Storm|p1b: Grimmsnarl|[spread] p1a,p1b\n|-damage|p1a: Spectrier|76\/100\n|-damage|p1b: Grimmsnarl|81\/100\n|move|p1a: Spectrier|Draining Kiss|p2a: KumaTetsu\n|-damage|p2a: KumaTetsu|0 fnt\n|-heal|p1a: Spectrier|100\/100|[from] drain|[of] p2a: KumaTetsu\n|faint|p2a: KumaTetsu\n|-ability|p1a: Spectrier|Grim Neigh|boost\n|-boost|p1a: Spectrier|spa|1\n|\n|-weather|RainDance|[upkeep]\n|upkeep\n|\n|t:|1700624463\n|switch|p2a: Midas|Gholdengo, L50|100\/100\n|turn|7\n|\n|t:|1700624489\n|move|p1b: Grimmsnarl|Parting Shot|p2b: Boros\n|-unboost|p2b: Boros|atk|1\n|-unboost|p2b: Boros|spa|1\n|\n|t:|1700624492\n|switch|p1b: Gyarados|Gyarados, L50, F|13\/100|[from] Parting Shot\n|-ability|p1b: Gyarados|Intimidate|boost\n|-unboost|p2a: Midas|atk|1\n|-unboost|p2b: Boros|atk|1\n|move|p2b: Boros|Bleakwind Storm|p1a: Spectrier|[spread] p1a,p1b\n|-damage|p1a: Spectrier|83\/100\n|-damage|p1b: Gyarados|1\/100\n|move|p2a: Midas|Steel Beam|p1a: Spectrier\n|-supereffective|p1a: Spectrier\n|-damage|p1a: Spectrier|0 fnt\n|-damage|p2a: Midas|50\/100|[from] steelbeam\n|faint|p1a: Spectrier\n|\n|-weather|none\n|upkeep\n|\n|t:|1700624508\n|switch|p1a: Grimmsnarl|Grimmsnarl, L50, M|81\/100\n|turn|8\n|\n|t:|1700624519\n|move|p1a: Grimmsnarl|Light Screen|p1a: Grimmsnarl\n|-sidestart|p1: lazerDono|move: Light Screen\n|move|p2b: Boros|Bleakwind Storm|p1a: Grimmsnarl|[spread] p1a,p1b\n|-damage|p1a: Grimmsnarl|72\/100\n|-damage|p1b: Gyarados|0 fnt\n|faint|p1b: Gyarados\n|move|p2a: Midas|Steel Beam|p1a: Grimmsnarl\n|-supereffective|p1a: Grimmsnarl\n|-damage|p1a: Grimmsnarl|0 fnt\n|-damage|p2a: Midas|0 fnt|[from] steelbeam\n|faint|p2a: Midas\n|faint|p1a: Grimmsnarl\n|\n|win|JohanDK\n|raw|lazerDono's rating: 1237 &rarr; <strong>1219<\/strong><br \/>(-18 for losing)\n|raw|JohanDK's rating: 1336 &rarr; <strong>1350<\/strong><br \/>(+14 for winning)\n|l|\u2606lazerDono\n","uploadtime":1700624559,"views":0,"p1id":"lazerdono","p2id":"johandk","formatid":"gen9vgc2023regulatione","rating":1219,"private":0,"password":""}