{"id":"gen9vgc2023regulatione-1997030504","p1":"steelysspirit","p2":"mochipupusa","format":"[Gen 9] VGC 2023 Regulation E","log":"|j|\u2606steelysspirit\n|j|\u2606mochipupusa\n|t:|1700757471\n|gametype|doubles\n|player|p1|steelysspirit|266|1293\n|player|p2|mochipupusa|collector|1256\n|teamsize|p1|6\n|teamsize|p2|6\n|gen|9\n|tier|[Gen 9] VGC 2023 Regulation E\n|rated|\n|rule|Species Clause: Limit one of each Pok\u00e9mon\n|rule|Item Clause: Limit one of each item\n|clearpoke\n|poke|p1|Rabsca, L50, F|\n|poke|p1|Iron Bundle, L50|\n|poke|p1|Iron Hands, L50|\n|poke|p1|Dragonite, L50, F|\n|poke|p1|Golem-Alola, L50, M|\n|poke|p1|Gliscor, L50, M|\n|poke|p2|Roaring Moon, L50|\n|poke|p2|Milotic, L50, F|\n|poke|p2|Landorus-Therian, L50, M|\n|poke|p2|Flutter Mane, L50|\n|poke|p2|Iron Hands, L50|\n|poke|p2|Ogerpon-Hearthflame, L50, F|\n|teampreview|4\n|inactive|Battle timer is ON: inactive players will automatically lose when time's up. (requested by steelysspirit)\nmochipupusa has agreed to open team sheets.\n|inactive|mochipupusa has 60 seconds left.\n|\n|t:|1700757510\n|start\n|switch|p1a: Iron Bundle|Iron Bundle, L50|100\/100\n|switch|p1b: Iron Hands|Iron Hands, L50|100\/100\n|switch|p2a: Flutter Mane|Flutter Mane, L50|100\/100\n|switch|p2b: Ogerpon|Ogerpon-Hearthflame, L50, F|100\/100\n|-ability|p2b: Ogerpon|Mold Breaker\n|-enditem|p1a: Iron Bundle|Booster Energy\n|-activate|p1a: Iron Bundle|ability: Quark Drive|[fromitem]\n|-start|p1a: Iron Bundle|quarkdrivespe\n|turn|1\n|\n|t:|1700757532\n|-terastallize|p1b: Iron Hands|Fire\n|move|p1a: Iron Bundle|Protect|p1a: Iron Bundle\n|-singleturn|p1a: Iron Bundle|Protect\n|move|p2a: Flutter Mane|Moonblast|p1a: Iron Bundle\n|-activate|p1a: Iron Bundle|move: Protect\n|move|p2b: Ogerpon|Ivy Cudgel|p1a: Iron Bundle|[anim] Ivy Cudgel Fire\n|-activate|p1a: Iron Bundle|move: Protect\n|move|p1b: Iron Hands|Heavy Slam|p2a: Flutter Mane\n|-supereffective|p2a: Flutter Mane\n|-damage|p2a: Flutter Mane|0 fnt\n|faint|p2a: Flutter Mane\n|-end|p2a: Flutter Mane|Protosynthesis|[silent]\n|\n|upkeep\n|\n|t:|1700757541\n|switch|p2a: Milotic|Milotic, L50, F|100\/100\n|turn|2\n|\n|t:|1700757558\n|move|p1a: Iron Bundle|Freeze-Dry|p2a: Milotic\n|-supereffective|p2a: Milotic\n|-damage|p2a: Milotic|51\/100\n|move|p2b: Ogerpon|Wood Hammer|p1a: Iron Bundle\n|-supereffective|p1a: Iron Bundle\n|-damage|p1a: Iron Bundle|0 fnt\n|faint|p1a: Iron Bundle\n|-end|p1a: Iron Bundle|Quark Drive|[silent]\n|-damage|p2b: Ogerpon|76\/100|[from] Recoil\n|move|p2a: Milotic|Scald|p1b: Iron Hands\n|-supereffective|p1b: Iron Hands\n|-crit|p1b: Iron Hands\n|-damage|p1b: Iron Hands|51\/100\n|move|p1b: Iron Hands|Wild Charge|p2a: Milotic\n|-supereffective|p2a: Milotic\n|-damage|p2a: Milotic|0 fnt\n|faint|p2a: Milotic\n|-damage|p1b: Iron Hands|40\/100|[from] Recoil\n|\n|upkeep\n|\n|t:|1700757574\n|switch|p1a: Rabsca|Rabsca, L50, F|100\/100\n|switch|p2a: Roaring Moon|Roaring Moon, L50|100\/100\n|-enditem|p2a: Roaring Moon|Booster Energy\n|-activate|p2a: Roaring Moon|ability: Protosynthesis|[fromitem]\n|-start|p2a: Roaring Moon|protosynthesisatk\n|turn|3\n|\n|t:|1700757598\n|-end|p1b: Iron Hands|Quark Drive|[silent]\n|switch|p1b: Golem|Golem-Alola, L50, M|100\/100\n|move|p2a: Roaring Moon|Acrobatics|p1a: Rabsca\n|-supereffective|p1a: Rabsca\n|-damage|p1a: Rabsca|0 fnt\n|faint|p1a: Rabsca\n|move|p2b: Ogerpon|Ivy Cudgel|p1b: Golem|[anim] Ivy Cudgel Fire\n|-resisted|p1b: Golem\n|-crit|p1b: Golem\n|-damage|p1b: Golem|67\/100\n|\n|upkeep\n|\n|t:|1700757607\n|switch|p1a: Iron Hands|Iron Hands, L50, tera:Fire|40\/100\n|turn|4\n|inactive|steelysspirit has 30 seconds left.\n|\n|t:|1700757641\n|move|p2a: Roaring Moon|Protect|p2a: Roaring Moon\n|-singleturn|p2a: Roaring Moon|Protect\n|move|p2b: Ogerpon|Spiky Shield|p2b: Ogerpon\n|-singleturn|p2b: Ogerpon|move: Protect\n|move|p1a: Iron Hands|Fake Out|p2a: Roaring Moon\n|-activate|p2a: Roaring Moon|move: Protect\n|move|p1b: Golem|Body Slam|p2b: Ogerpon\n|-activate|p2b: Ogerpon|move: Protect\n|-damage|p1b: Golem|55\/100|[from] Spiky Shield|[of] p2b: Ogerpon\n|\n|upkeep\n|turn|5\n|inactive|mochipupusa has 30 seconds left.\n|inactive|mochipupusa has 20 seconds left.\n|\n|t:|1700757678\n|-terastallize|p2a: Roaring Moon|Flying\n|move|p2a: Roaring Moon|Acrobatics|p1a: Iron Hands\n|-damage|p1a: Iron Hands|0 fnt\n|faint|p1a: Iron Hands\n|-end|p1a: Iron Hands|Quark Drive|[silent]\n|move|p2b: Ogerpon|Wood Hammer|p1b: Golem\n|-supereffective|p1b: Golem\n|-damage|p1b: Golem|0 fnt\n|faint|p1b: Golem\n|-damage|p2b: Ogerpon|57\/100|[from] Recoil\n|\n|win|mochipupusa\n|raw|steelysspirit's rating: 1293 &rarr; <strong>1265<\/strong><br \/>(-28 for losing)\n|raw|mochipupusa's rating: 1256 &rarr; <strong>1284<\/strong><br \/>(+28 for winning)\n|l|\u2606steelysspirit\n","uploadtime":1700757694,"views":0,"p1id":"steelysspirit","p2id":"mochipupusa","formatid":"gen9vgc2023regulatione","rating":1265,"private":0,"password":""}