{"id":"gen9vgc2023regulatione-2000152235","p1":"Domrilla","p2":"TeraDedenee","format":"[Gen 9] VGC 2023 Regulation E","log":"|j|\u2606Domrilla\n|j|\u2606TeraDedenee\n|t:|1701163865\n|gametype|doubles\n|player|p1|Domrilla|265|1180\n|player|p2|TeraDedenee|102|1253\n|teamsize|p1|6\n|teamsize|p2|6\n|gen|9\n|tier|[Gen 9] VGC 2023 Regulation E\n|rated|\n|rule|Species Clause: Limit one of each Pok\u00e9mon\n|rule|Item Clause: Limit one of each item\n|clearpoke\n|poke|p1|Ting-Lu, L50|\n|poke|p1|Oranguru, L50, F|\n|poke|p1|Landorus-Therian, L50, M|\n|poke|p1|Indeedee-F, L50, F|\n|poke|p1|Armarouge, L50, F|\n|poke|p1|Kingambit, L50, M|\n|poke|p2|Typhlosion-Hisui, L50, M|\n|poke|p2|Urshifu-*, L50, M|\n|poke|p2|Flutter Mane, L50|\n|poke|p2|Tornadus, L50, M|\n|poke|p2|Indeedee-F, L50, F|\n|poke|p2|Ogerpon-Wellspring, L50, F|\n|teampreview|4\n|inactive|Battle timer is ON: inactive players will automatically lose when time's up. (requested by Domrilla)\n|inactive|TeraDedenee has 60 seconds left.\n|\n|t:|1701163982\n|start\n|switch|p1a: Armarouge|Armarouge, L50, F|100\/100\n|switch|p1b: Indeedee|Indeedee-F, L50, F|100\/100\n|switch|p2a: Urshifu|Urshifu, L50, M|100\/100\n|switch|p2b: Typhlosion|Typhlosion-Hisui, L50, M|100\/100\n|-item|p1a: Armarouge|Life Orb|[from] ability: Frisk|[of] p2b: Typhlosion|[identify]\n|-item|p1b: Indeedee|Rocky Helmet|[from] ability: Frisk|[of] p2b: Typhlosion|[identify]\n|-fieldstart|move: Psychic Terrain|[from] ability: Psychic Surge|[of] p1b: Indeedee\n|turn|1\n|inactive|Domrilla has 30 seconds left.\n|inactive|TeraDedenee has 30 seconds left.\n|inactive|Domrilla has 20 seconds left.\n|inactive|TeraDedenee has 20 seconds left.\n|inactive|Domrilla has 15 seconds left.\n|inactive|TeraDedenee has 15 seconds left.\n|inactive|Domrilla has 10 seconds left.\n|inactive|Domrilla has 5 seconds left.\n|inactive|TeraDedenee has 10 seconds left.\n|\n|t:|1701164040\n|-terastallize|p1b: Indeedee|Fairy\n|move|p1b: Indeedee|Follow Me|p1b: Indeedee\n|-singleturn|p1b: Indeedee|move: Follow Me\n|move|p2b: Typhlosion|Eruption|p1a: Armarouge|[spread] p1b\n|-start|p1a: Armarouge|ability: Flash Fire\n|-damage|p1b: Indeedee|17\/100\n|move|p2a: Urshifu|Wicked Blow|p1b: Indeedee\n|-resisted|p1b: Indeedee\n|-crit|p1b: Indeedee\n|-damage|p1b: Indeedee|0 fnt\n|-damage|p2a: Urshifu|84\/100|[from] item: Rocky Helmet|[of] p1b: Indeedee\n|faint|p1b: Indeedee\n|move|p1a: Armarouge|Trick Room|p1a: Armarouge\n|-fieldstart|move: Trick Room|[of] p1a: Armarouge\n|\n|upkeep\n|\n|t:|1701164061\n|switch|p1b: Ting-Lu|Ting-Lu, L50|100\/100\n|-ability|p1b: Ting-Lu|Vessel of Ruin\n|turn|2\n|inactive|TeraDedenee has 30 seconds left.\n|\n|t:|1701164087\n|move|p1b: Ting-Lu|Stomping Tantrum|p2b: Typhlosion\n|-supereffective|p2b: Typhlosion\n|-damage|p2b: Typhlosion|7\/100\n|move|p1a: Armarouge|Armor Cannon|p2a: Urshifu\n|-damage|p2a: Urshifu|0 fnt\n|-unboost|p1a: Armarouge|def|1\n|-unboost|p1a: Armarouge|spd|1\n|faint|p2a: Urshifu\n|-damage|p1a: Armarouge|91\/100|[from] item: Life Orb\n|move|p2b: Typhlosion|Eruption|p1a: Armarouge|[spread] p1b\n|-immune|p1a: Armarouge|[from] ability: Flash Fire\n|-damage|p1b: Ting-Lu|99\/100\n|\n|upkeep\n|\n|t:|1701164099\n|switch|p2a: Ogerpon|Ogerpon-Wellspring, L50, F|100\/100\n|turn|3\n|\n|t:|1701164115\n|switch|p2b: Indeedee|Indeedee-F, L50, F|100\/100\n|move|p2a: Ogerpon|Spiky Shield|p2a: Ogerpon\n|-singleturn|p2a: Ogerpon|move: Protect\n|move|p1b: Ting-Lu|Stomping Tantrum|p2a: Ogerpon\n|-activate|p2a: Ogerpon|move: Protect\n|-damage|p1b: Ting-Lu|86\/100|[from] Spiky Shield|[of] p2a: Ogerpon\n|move|p1a: Armarouge|Expanding Force|p2b: Indeedee|[spread] p2b\n|-activate|p2a: Ogerpon|move: Protect\n|-resisted|p2b: Indeedee\n|-damage|p2b: Indeedee|71\/100\n|-damage|p1a: Armarouge|81\/100|[from] item: Life Orb\n|\n|upkeep\n|turn|4\n|inactive|Domrilla has 30 seconds left.\n|\n|t:|1701164147\n|-end|p1a: Armarouge|ability: Flash Fire|[silent]\n|switch|p1a: Oranguru|Oranguru, L50, F|100\/100\n|-terastallize|p2a: Ogerpon|Water\n|detailschange|p2a: Ogerpon|Ogerpon-Wellspring-Tera, L50, F, tera:Water\n|-ability|p2a: Ogerpon|Embody Aspect (Wellspring)|boost\n|-boost|p2a: Ogerpon|spd|1\n|move|p1b: Ting-Lu|Stomping Tantrum|p2b: Indeedee\n|-damage|p2b: Indeedee|42\/100\n|-damage|p1b: Ting-Lu|70\/100|[from] item: Rocky Helmet|[of] p2b: Indeedee\n|move|p2a: Ogerpon|Ivy Cudgel|p1b: Ting-Lu|[anim] Ivy Cudgel Water\n|-supereffective|p1b: Ting-Lu\n|-damage|p1b: Ting-Lu|0 fnt\n|faint|p1b: Ting-Lu\n|move|p2b: Indeedee|Trick Room|p2b: Indeedee\n|-fieldend|move: Trick Room\n|\n|upkeep\n|\n|t:|1701164162\n|switch|p1b: Armarouge|Armarouge, L50, F|81\/100\n|turn|5\n|\n|t:|1701164187\n|move|p2b: Indeedee|Protect|p2b: Indeedee\n|-singleturn|p2b: Indeedee|Protect\n|move|p1b: Armarouge|Protect|p1b: Armarouge\n|-singleturn|p1b: Armarouge|Protect\n|move|p2a: Ogerpon|Ivy Cudgel|p1b: Armarouge|[anim] Ivy Cudgel Water\n|-activate|p1b: Armarouge|move: Protect\n|move|p1a: Oranguru|Encore|p2b: Indeedee\n|-activate|p2b: Indeedee|move: Protect\n|\n|-fieldend|move: Psychic Terrain\n|upkeep\n|turn|6\n|\n|t:|1701164202\n|move|p1b: Armarouge|Protect||[still]\n|-fail|p1b: Armarouge\n|move|p2b: Indeedee|Follow Me|p2b: Indeedee\n|-singleturn|p2b: Indeedee|move: Follow Me\n|move|p2a: Ogerpon|Ivy Cudgel|p1b: Armarouge|[anim] Ivy Cudgel Water\n|-supereffective|p1b: Armarouge\n|-damage|p1b: Armarouge|0 fnt\n|faint|p1b: Armarouge\n|move|p1a: Oranguru|Trick Room|p1a: Oranguru\n|-fieldstart|move: Trick Room|[of] p1a: Oranguru\n|\n|upkeep\n|turn|7\n|-message|Domrilla forfeited.\n|\n|win|TeraDedenee\n|raw|Domrilla's rating: 1180 &rarr; <strong>1160<\/strong><br \/>(-20 for losing)\n|raw|TeraDedenee's rating: 1253 &rarr; <strong>1273<\/strong><br \/>(+20 for winning)\n|l|\u2606Domrilla\n","uploadtime":1701164211,"views":15,"p1id":"domrilla","p2id":"teradedenee","formatid":"gen9vgc2023regulatione","rating":1160,"private":0,"password":""}