{"id":"gen9vgc2023regulatione-1987960998","p1":"Allluckz","p2":"topfox444","format":"[Gen 9] VGC 2023 Regulation E","log":"|j|\u2606Allluckz\n|j|\u2606topfox444\n|t:|1699653437\n|gametype|doubles\n|player|p1|Allluckz|266|1372\n|player|p2|topfox444|2|1302\n|teamsize|p1|6\n|teamsize|p2|6\n|gen|9\n|tier|[Gen 9] VGC 2023 Regulation E\n|rated|\n|rule|Species Clause: Limit one of each Pok\u00e9mon\n|rule|Item Clause: Limit one of each item\n|clearpoke\n|poke|p1|Ursaluna-Bloodmoon, L50, M|\n|poke|p1|Flutter Mane, L50|\n|poke|p1|Grimmsnarl, L50, M|\n|poke|p1|Ogerpon-Hearthflame, L50, F|\n|poke|p1|Iron Hands, L50|\n|poke|p1|Goodra-Hisui, L50, F|\n|poke|p2|Sinistcha, L50|\n|poke|p2|Iron Hands, L50|\n|poke|p2|Landorus-Therian, L50, M|\n|poke|p2|Heatran, L50, M|\n|poke|p2|Milotic, L50, F|\n|poke|p2|Clefairy, L50, M|\n|teampreview|4\n|\n|t:|1699653498\n|start\n|switch|p1a: Ursaluna|Ursaluna-Bloodmoon, L50, M|100\/100\n|switch|p1b: Goodra|Goodra-Hisui, L50, F|100\/100\n|switch|p2a: Landorus|Landorus-Therian, L50, M|100\/100\n|switch|p2b: Iron Hands|Iron Hands, L50|100\/100\n|-ability|p2a: Landorus|Intimidate|boost\n|-unboost|p1a: Ursaluna|atk|1\n|-unboost|p1b: Goodra|atk|1\n|turn|1\n|inactive|Battle timer is ON: inactive players will automatically lose when time's up. (requested by topfox444)\n|\n|t:|1699653575\n|-terastallize|p1a: Ursaluna|Fighting\n|move|p2b: Iron Hands|Fake Out|p1a: Ursaluna\n|-damage|p1a: Ursaluna|89\/100\n|move|p2a: Landorus|Stomping Tantrum|p1b: Goodra\n|-supereffective|p1b: Goodra\n|-damage|p1b: Goodra|30\/100\n|move|p1b: Goodra|Life Dew|p1b: Goodra|[spread] p1a,p1b\n|-heal|p1a: Ursaluna|100\/100\n|-heal|p1b: Goodra|55\/100\n|cant|p1a: Ursaluna|flinch\n|\n|-heal|p1b: Goodra|61\/100|[from] item: Leftovers\n|upkeep\n|turn|2\n|inactive|topfox444 has 30 seconds left.\n|\n|t:|1699653608\n|move|p2a: Landorus|Stomping Tantrum|p1b: Goodra\n|-supereffective|p1b: Goodra\n|-damage|p1b: Goodra|0 fnt\n|faint|p1b: Goodra\n|move|p2b: Iron Hands|Drain Punch|p1a: Ursaluna\n|-damage|p1a: Ursaluna|70\/100\n|move|p1a: Ursaluna|Hyper Voice|p2b: Iron Hands|[spread] p2a,p2b\n|-damage|p2a: Landorus|36\/100\n|-damage|p2b: Iron Hands|74\/100\n|-damage|p1a: Ursaluna|60\/100|[from] item: Life Orb\n|\n|upkeep\n|\n|t:|1699653616\n|switch|p1b: Flutter Mane|Flutter Mane, L50|100\/100\n|-enditem|p1b: Flutter Mane|Booster Energy\n|-activate|p1b: Flutter Mane|ability: Protosynthesis|[fromitem]\n|-start|p1b: Flutter Mane|protosynthesisspa\n|turn|3\n|\n|t:|1699653626\n|switch|p2a: Sinistcha|Sinistcha, L50|100\/100\n|-heal|p2b: Iron Hands|99\/100|[from] ability: Hospitality|[of] p2a: Sinistcha\n|move|p2b: Iron Hands|Heavy Slam|p1b: Flutter Mane\n|-supereffective|p1b: Flutter Mane\n|-damage|p1b: Flutter Mane|0 fnt\n|faint|p1b: Flutter Mane\n|-end|p1b: Flutter Mane|Protosynthesis|[silent]\n|move|p1a: Ursaluna|Earth Power|p2b: Iron Hands\n|-supereffective|p2b: Iron Hands\n|-damage|p2b: Iron Hands|30\/100\n|-unboost|p2b: Iron Hands|spd|1\n|-damage|p1a: Ursaluna|50\/100|[from] item: Life Orb\n|\n|upkeep\n|\n|t:|1699653634\n|switch|p1b: Iron Hands|Iron Hands, L50|100\/100\n|turn|4\n|\n|t:|1699653659\n|-end|p2b: Iron Hands|Quark Drive|[silent]\n|switch|p2b: Landorus|Landorus-Therian, L50, M|36\/100\n|-ability|p2b: Landorus|Intimidate|boost\n|-unboost|p1a: Ursaluna|atk|1\n|-unboost|p1b: Iron Hands|atk|1\n|move|p2a: Sinistcha|Matcha Gotcha|p1b: Iron Hands|[spread] p1a,p1b\n|-damage|p1a: Ursaluna|22\/100\n|-damage|p1b: Iron Hands|89\/100\n|-status|p1a: Ursaluna|brn\n|move|p1a: Ursaluna|Hyper Voice|p2b: Landorus|[spread] p2a,p2b\n|-damage|p2a: Sinistcha|55\/100\n|-damage|p2b: Landorus|0 fnt\n|faint|p2b: Landorus\n|-damage|p1a: Ursaluna|12\/100 brn|[from] item: Life Orb\n|move|p1b: Iron Hands|Ice Punch|p2a: Sinistcha\n|-supereffective|p2a: Sinistcha\n|-damage|p2a: Sinistcha|21\/100\n|-damage|p1b: Iron Hands|72\/100|[from] item: Rocky Helmet|[of] p2a: Sinistcha\n|\n|-damage|p1a: Ursaluna|6\/100 brn|[from] brn\n|upkeep\n|\n|t:|1699653678\n|switch|p2b: Iron Hands|Iron Hands, L50|30\/100\n|turn|5\n|\n|t:|1699653685\n|move|p2b: Iron Hands|Fake Out|p1a: Ursaluna\n|-damage|p1a: Ursaluna|0 fnt\n|faint|p1a: Ursaluna\n|move|p2a: Sinistcha|Strength Sap|p1b: Iron Hands\n|-unboost|p1b: Iron Hands|atk|1\n|-heal|p2a: Sinistcha|100\/100\n|move|p1b: Iron Hands|Drain Punch|p2b: Iron Hands\n|-damage|p2b: Iron Hands|13\/100\n|-heal|p1b: Iron Hands|81\/100|[from] drain|[of] p2b: Iron Hands\n|\n|upkeep\n|turn|6\n|\n|t:|1699653699\n|move|p2a: Sinistcha|Rage Powder|p2a: Sinistcha\n|-singleturn|p2a: Sinistcha|move: Rage Powder\n|move|p2b: Iron Hands|Drain Punch|p1b: Iron Hands\n|-crit|p1b: Iron Hands\n|-damage|p1b: Iron Hands|36\/100\n|-heal|p2b: Iron Hands|35\/100|[from] drain|[of] p1b: Iron Hands\n|move|p1b: Iron Hands|Drain Punch|p2a: Sinistcha\n|-immune|p2a: Sinistcha\n|\n|upkeep\n|turn|7\n|\n|t:|1699653709\n|move|p2a: Sinistcha|Rage Powder|p2a: Sinistcha\n|-singleturn|p2a: Sinistcha|move: Rage Powder\n|move|p2b: Iron Hands|Drain Punch|p1b: Iron Hands\n|-damage|p1b: Iron Hands|2\/100\n|-heal|p2b: Iron Hands|52\/100|[from] drain|[of] p1b: Iron Hands\n|move|p1b: Iron Hands|Ice Punch|p2a: Sinistcha\n|-supereffective|p2a: Sinistcha\n|-damage|p2a: Sinistcha|75\/100\n|-damage|p1b: Iron Hands|0 fnt|[from] item: Rocky Helmet|[of] p2a: Sinistcha\n|faint|p1b: Iron Hands\n|-end|p1b: Iron Hands|Quark Drive|[silent]\n|\n|win|topfox444\n|raw|Allluckz's rating: 1372 &rarr; <strong>1348<\/strong><br \/>(-24 for losing)\n|raw|topfox444's rating: 1302 &rarr; <strong>1326<\/strong><br \/>(+24 for winning)\n|l|\u2606Allluckz\n","uploadtime":1699653723,"views":15,"p1id":"allluckz","p2id":"topfox444","formatid":"gen9vgc2023regulatione","rating":1326,"private":0,"password":""}