{"id":"gen9vgc2023regulatione-1996586036","p1":"Daniel1018","p2":"SCRUMPTIOUSBREAD","format":"[Gen 9] VGC 2023 Regulation E","log":"|j|\u2606Daniel1018\n|j|\u2606SCRUMPTIOUSBREAD\n|n|\u2606Daniel1018|daniel1018\n|n|\u2606SCRUMPTIOUSBREAD|scrumptiousbread\n|html|View the match progress at <a href=\"\/game-bestof3-gen9vgc2023regulatione-1996586035\">game-bestof3-gen9vgc2023regulatione-1996586035<\/a>\n|t:|1700697351\n|gametype|doubles\n|player|p1|Daniel1018|volo-ginkgo|\n|player|p2|SCRUMPTIOUSBREAD|lance|\n|teamsize|p1|6\n|teamsize|p2|6\n|gen|9\n|tier|[Gen 9] VGC 2023 Regulation E\n|rule|Species Clause: Limit one of each Pok\u00e9mon\n|rule|Item Clause: Limit one of each item\n|clearpoke\n|poke|p1|Cresselia, L50, F|\n|poke|p1|Ursaluna-Bloodmoon, L50, M|\n|poke|p1|Iron Hands, L50|\n|poke|p1|Rabsca, L50, M|\n|poke|p1|Decidueye-Hisui, L50, M|\n|poke|p1|Slowbro, L50, M|\n|poke|p2|Electrode-Hisui, L50|\n|poke|p2|Espathra, L50, M|\n|poke|p2|Raichu, L50, M|\n|poke|p2|Ogerpon-Wellspring, L50, F|\n|poke|p2|Cetitan, L50, M|\n|poke|p2|Corviknight, L50, M|\n|teampreview|4\n|inactive|Battle timer is ON: inactive players will automatically lose when time's up. (requested by Daniel1018)\nDaniel1018 rejected open team sheets.\n|inactiveoff|Battle timer is now OFF.\n|\n|t:|1700697435\n|start\n|switch|p1a: Artemis|Cresselia, L50, F, shiny|100\/100\n|switch|p1b: Zeus|Iron Hands, L50|100\/100\n|switch|p2a: Muffin|Ogerpon-Wellspring, L50, F|100\/100\n|switch|p2b: Cumberbatch|Espathra, L50, M, shiny|100\/100\n|turn|1\n|inactive|Battle timer is ON: inactive players will automatically lose when time's up. (requested by SCRUMPTIOUSBREAD)\n|\n|t:|1700697452\n|move|p1b: Zeus|Fake Out|p2a: Muffin\n|-damage|p2a: Muffin|87\/100\n|cant|p2a: Muffin|flinch\n|move|p2b: Cumberbatch|Feather Dance|p1b: Zeus\n|-unboost|p1b: Zeus|atk|2\n|move|p1a: Artemis|Trick Room|p1a: Artemis\n|-fieldstart|move: Trick Room|[of] p1a: Artemis\n|\n|upkeep\n|turn|2\n|inactive|Daniel1018 has 30 seconds left.\n|\n|t:|1700697484\n|move|p1a: Artemis|Ally Switch|p1a: Artemis\n|swap|p1a: Artemis|1|[from] move: Ally Switch\n|move|p1a: Zeus|Volt Switch|p2a: Muffin\n|-damage|p2a: Muffin|74\/100\n|\n|t:|1700697489\n|-end|p1a: Zeus|Quark Drive|[silent]\n|switch|p1a: Mor'du|Ursaluna-Bloodmoon, L50, M|100\/100|[from] Volt Switch\n|move|p2a: Muffin|Swords Dance|p2a: Muffin\n|-boost|p2a: Muffin|atk|2\n|move|p2b: Cumberbatch|Trick Room|p2b: Cumberbatch\n|-fieldend|move: Trick Room\n|\n|upkeep\n|turn|3\n|inactive|Daniel1018 has 30 seconds left.\n|inactive|SCRUMPTIOUSBREAD has 30 seconds left.\n|\n|t:|1700697522\n|-terastallize|p2a: Muffin|Water\n|detailschange|p2a: Muffin|Ogerpon-Wellspring-Tera, L50, F, tera:Water\n|-ability|p2a: Muffin|Embody Aspect (Wellspring)|boost\n|-boost|p2a: Muffin|spd|1\n|-terastallize|p1a: Mor'du|Fairy\n|move|p2b: Cumberbatch|Ally Switch|p2b: Cumberbatch\n|swap|p2b: Cumberbatch|0|[from] move: Ally Switch\n|move|p2b: Muffin|Ivy Cudgel|p1a: Mor'du|[anim] Ivy Cudgel Water\n|-damage|p1a: Mor'du|0 fnt\n|faint|p1a: Mor'du\n|move|p1b: Artemis|Dazzling Gleam|p2b: Muffin|[spread] p2a,p2b\n|-damage|p2a: Cumberbatch|85\/100\n|-damage|p2b: Muffin|66\/100\n|\n|upkeep\n|\n|t:|1700697537\n|switch|p1a: Zeus|Iron Hands, L50|100\/100\n|turn|4\n|\n|t:|1700697554\n|move|p2b: Muffin|Spiky Shield|p2b: Muffin\n|-singleturn|p2b: Muffin|move: Protect\n|move|p1a: Zeus|Fake Out|p2b: Muffin\n|-activate|p2b: Muffin|move: Protect\n|-damage|p1a: Zeus|88\/100|[from] Spiky Shield|[of] p2b: Muffin\n|move|p2a: Cumberbatch|Feather Dance|p1a: Zeus\n|-unboost|p1a: Zeus|atk|2\n|move|p1b: Artemis|Trick Room|p1b: Artemis\n|-fieldstart|move: Trick Room|[of] p1b: Artemis\n|\n|upkeep\n|turn|5\n|inactive|SCRUMPTIOUSBREAD has 30 seconds left.\n|\n|t:|1700697581\n|switch|p2a: Gorochu|Raichu, L50, M, shiny|100\/100\n|move|p1a: Zeus|Wild Charge|p2a: Gorochu\n|-activate|p2a: Gorochu|ability: Lightning Rod\n|-ability|p2a: Gorochu|Lightning Rod|boost\n|-boost|p2a: Gorochu|spa|1\n|move|p1b: Artemis|Dazzling Gleam|p2a: Gorochu|[spread] p2a,p2b\n|-damage|p2a: Gorochu|88\/100\n|-damage|p2b: Muffin|58\/100\n|-enditem|p2a: Gorochu|Eject Button\n|\n|t:|1700697600\n|switch|p2a: Cumberbatch|Espathra, L50, M, shiny|85\/100\n|move|p2b: Muffin|Ivy Cudgel|p1a: Zeus|[anim] Ivy Cudgel Water\n|-damage|p1a: Zeus|0 fnt\n|faint|p1a: Zeus\n|-end|p1a: Zeus|Quark Drive|[silent]\n|\n|upkeep\n|\n|t:|1700697606\n|switch|p1a: Argo|Slowbro, L50, M, shiny|100\/100\n|turn|6\n|\n|t:|1700697620\n|move|p2a: Cumberbatch|Ally Switch|p2a: Cumberbatch\n|swap|p2a: Cumberbatch|1|[from] move: Ally Switch\n|move|p1a: Argo|Scald|p2b: Cumberbatch\n|-damage|p2b: Cumberbatch|50\/100\n|move|p1b: Artemis|Lunar Blessing||[still]|[spread] \n|-fail|p1b: Artemis\n|move|p2a: Muffin|Horn Leech|p1a: Argo\n|-supereffective|p1a: Argo\n|-damage|p1a: Argo|7\/100\n|-heal|p2a: Muffin|100\/100|[from] drain|[of] p1a: Argo\n|\n|upkeep\n|turn|7\n|\n|t:|1700697637\n|move|p1b: Artemis|Ally Switch|p1b: Artemis\n|swap|p1b: Artemis|0|[from] move: Ally Switch\n|move|p1b: Argo|Scald|p2a: Muffin\n|-resisted|p2a: Muffin\n|-damage|p2a: Muffin|92\/100\n|-status|p2a: Muffin|brn\n|move|p2b: Cumberbatch|Lumina Crash|p1a: Artemis\n|-resisted|p1a: Artemis\n|-damage|p1a: Artemis|90\/100\n|-unboost|p1a: Artemis|spd|2\n|move|p2a: Muffin|Horn Leech|p1b: Argo\n|-supereffective|p1b: Argo\n|-damage|p1b: Argo|0 fnt\n|-heal|p2a: Muffin|95\/100 brn|[from] drain|[of] p1b: Argo\n|faint|p1b: Argo\n|\n|-damage|p2a: Muffin|89\/100 brn|[from] brn\n|upkeep\n|turn|8\n|\n|t:|1700697655\n|move|p1a: Artemis|Dazzling Gleam|p2b: Cumberbatch|[spread] p2a,p2b\n|-damage|p2a: Muffin|82\/100 brn\n|-damage|p2b: Cumberbatch|35\/100\n|move|p2b: Cumberbatch|Lumina Crash|p1a: Artemis\n|-resisted|p1a: Artemis\n|-damage|p1a: Artemis|71\/100\n|-unboost|p1a: Artemis|spd|2\n|move|p2a: Muffin|Swords Dance|p2a: Muffin\n|-boost|p2a: Muffin|atk|2\n|\n|-damage|p2a: Muffin|76\/100 brn|[from] brn\n|-fieldend|move: Trick Room\n|upkeep\n|turn|9\n|\n|t:|1700697675\n|move|p2b: Cumberbatch|Ally Switch|p2b: Cumberbatch\n|swap|p2b: Cumberbatch|0|[from] move: Ally Switch\n|move|p2b: Muffin|Swords Dance|p2b: Muffin\n|-boost|p2b: Muffin|atk|2\n|move|p1a: Artemis|Dazzling Gleam|p2b: Muffin|[spread] p2a,p2b\n|-damage|p2a: Cumberbatch|20\/100\n|-damage|p2b: Muffin|68\/100 brn\n|\n|-damage|p2b: Muffin|62\/100 brn|[from] brn\n|upkeep\n|turn|10\n|\n|t:|1700697690\n|move|p2b: Muffin|Ivy Cudgel|p1a: Artemis|[anim] Ivy Cudgel Water\n|-crit|p1a: Artemis\n|-damage|p1a: Artemis|0 fnt\n|faint|p1a: Artemis\n|\n|win|SCRUMPTIOUSBREAD\n|c|&|\/uhtml prompt-daniel1018,Daniel1018 is ready for game 2!\n|c|&|\/uhtml prompt-scrumptiousbread,SCRUMPTIOUSBREAD is ready for game 2!\nBoth players are ready! Starting next match!\n","uploadtime":1700698203,"views":23,"p1id":"daniel1018","p2id":"scrumptiousbread","formatid":"gen9vgc2023regulatione","rating":0,"private":0,"password":""}