{"id":"gen9vgc2023regulatione-1999380888","p1":"sbhyuthhaen","p2":"whyismynamejeff","format":"[Gen 9] VGC 2023 Regulation E","log":"|j|\u2606sbhyuthhaen\n|j|\u2606whyismynamejeff\n|t:|1701070539\n|gametype|doubles\n|player|p1|sbhyuthhaen|101|1182\n|player|p2|whyismynamejeff|colress|1062\n|teamsize|p1|6\n|teamsize|p2|6\n|gen|9\n|tier|[Gen 9] VGC 2023 Regulation E\n|rated|\n|rule|Species Clause: Limit one of each Pok\u00e9mon\n|rule|Item Clause: Limit one of each item\n|clearpoke\n|poke|p1|Iron Bundle, L50|\n|poke|p1|Ogerpon-Hearthflame, L50, F|\n|poke|p1|Ninetales-Alola, L50, M|\n|poke|p1|Baxcalibur, L50, F|\n|poke|p1|Flutter Mane, L50|\n|poke|p1|Chien-Pao, L50|\n|poke|p2|Ninetales-Alola, L50, F|\n|poke|p2|Empoleon, L50, M|\n|poke|p2|Roaring Moon, L50|\n|poke|p2|Sinistcha, L50|\n|poke|p2|Urshifu-*, L50, M|\n|poke|p2|Arcanine-Hisui, L50, M|\n|teampreview|4\n|inactive|Battle timer is ON: inactive players will automatically lose when time's up. (requested by sbhyuthhaen)\n|\n|t:|1701070566\n|start\n|switch|p1a: Ninetales|Ninetales-Alola, L50, M|100\/100\n|switch|p1b: Iron Bundle|Iron Bundle, L50|100\/100\n|switch|p2a: Empoleon|Empoleon, L50, M|100\/100\n|switch|p2b: Arcanine|Arcanine-Hisui, L50, M|100\/100\n|-weather|Snow|[from] ability: Snow Warning|[of] p1a: Ninetales\n|-ability|p2b: Arcanine|Intimidate|boost\n|-unboost|p1a: Ninetales|atk|1\n|-unboost|p1b: Iron Bundle|atk|1\n|-enditem|p1b: Iron Bundle|Booster Energy\n|-activate|p1b: Iron Bundle|ability: Quark Drive|[fromitem]\n|-start|p1b: Iron Bundle|quarkdrivespe\n|turn|1\n|\n|t:|1701070586\n|move|p2b: Arcanine|Protect|p2b: Arcanine\n|-singleturn|p2b: Arcanine|Protect\n|move|p1b: Iron Bundle|Aurora Veil|p1b: Iron Bundle\n|-sidestart|p1: sbhyuthhaen|move: Aurora Veil\n|move|p1a: Ninetales|Blizzard|p2b: Arcanine|[spread] p2a\n|-activate|p2b: Arcanine|move: Protect\n|-resisted|p2a: Empoleon\n|-damage|p2a: Empoleon|95\/100\n|move|p2a: Empoleon|Flash Cannon|p1a: Ninetales\n|-supereffective|p1a: Ninetales\n|-damage|p1a: Ninetales|0 fnt\n|faint|p1a: Ninetales\n|\n|-weather|Snow|[upkeep]\n|upkeep\n|\n|t:|1701070598\n|switch|p1a: Baxcalibur|Baxcalibur, L50, F|100\/100\n|turn|2\n|inactive|whyismynamejeff has 30 seconds left.\n|\n|t:|1701070629\n|-terastallize|p1a: Baxcalibur|Poison\n|-terastallize|p2b: Arcanine|Grass\n|move|p2b: Arcanine|Extreme Speed|p1b: Iron Bundle\n|-damage|p1b: Iron Bundle|88\/100\n|move|p2a: Empoleon|Vacuum Wave|p1a: Baxcalibur\n|-resisted|p1a: Baxcalibur\n|-damage|p1a: Baxcalibur|96\/100\n|move|p1b: Iron Bundle|Hydro Pump|p2b: Arcanine\n|-resisted|p2b: Arcanine\n|-damage|p2b: Arcanine|76\/100\n|move|p1a: Baxcalibur|Swords Dance|p1a: Baxcalibur\n|-boost|p1a: Baxcalibur|atk|2\n|\n|-weather|Snow|[upkeep]\n|upkeep\n|turn|3\n|inactive|sbhyuthhaen has 30 seconds left.\n|inactive|whyismynamejeff has 30 seconds left.\n|inactive|whyismynamejeff has 20 seconds left.\n|\n|t:|1701070670\n|move|p1b: Iron Bundle|Freeze-Dry|p2a: Empoleon\n|-damage|p2a: Empoleon|70\/100\n|move|p1a: Baxcalibur|Glaive Rush|p2b: Arcanine\n|-crit|p2b: Arcanine\n|-damage|p2b: Arcanine|0 fnt\n|-singlemove|p1a: Baxcalibur|Glaive Rush|[silent]\n|faint|p2b: Arcanine\n|move|p2a: Empoleon|Flash Cannon|p1a: Baxcalibur\n|-damage|p1a: Baxcalibur|50\/100\n|\n|-weather|Snow|[upkeep]\n|upkeep\n|\n|t:|1701070688\n|switch|p2b: Sinistcha|Sinistcha, L50|100\/100\n|-heal|p2a: Empoleon|95\/100|[from] ability: Hospitality|[of] p2b: Sinistcha\n|turn|4\n|\n|t:|1701070701\n|move|p1a: Baxcalibur|Protect|p1a: Baxcalibur\n|-singleturn|p1a: Baxcalibur|Protect\n|move|p1b: Iron Bundle|Freeze-Dry|p2b: Sinistcha\n|-supereffective|p2b: Sinistcha\n|-damage|p2b: Sinistcha|8\/100\n|move|p2a: Empoleon|Flash Cannon|p1a: Baxcalibur\n|-activate|p1a: Baxcalibur|move: Protect\n|move|p2b: Sinistcha|Strength Sap|p1a: Baxcalibur\n|-activate|p1a: Baxcalibur|move: Protect\n|\n|-weather|Snow|[upkeep]\n|upkeep\n|turn|5\n|\n|t:|1701070716\n|move|p1a: Baxcalibur|Ice Shard|p2b: Sinistcha\n|-supereffective|p2b: Sinistcha\n|-damage|p2b: Sinistcha|0 fnt\n|faint|p2b: Sinistcha\n|move|p1b: Iron Bundle|Freeze-Dry|p2a: Empoleon\n|-damage|p2a: Empoleon|70\/100\n|move|p2a: Empoleon|Flash Cannon|p1a: Baxcalibur\n|-damage|p1a: Baxcalibur|24\/100\n|\n|-weather|none\n|-sideend|p1: sbhyuthhaen|move: Aurora Veil\n|upkeep\n|\n|t:|1701070726\n|switch|p2b: Urshifu|Urshifu, L50, M|100\/100\n|turn|6\n|\n|t:|1701070739\n|move|p1b: Iron Bundle|Protect|p1b: Iron Bundle\n|-singleturn|p1b: Iron Bundle|Protect\n|move|p1a: Baxcalibur|Protect|p1a: Baxcalibur\n|-singleturn|p1a: Baxcalibur|Protect\n|move|p2b: Urshifu|Close Combat|p1b: Iron Bundle\n|-supereffective|p1b: Iron Bundle\n|-damage|p1b: Iron Bundle|0 fnt\n|-unboost|p2b: Urshifu|def|1\n|-unboost|p2b: Urshifu|spd|1\n|faint|p1b: Iron Bundle\n|-end|p1b: Iron Bundle|Quark Drive|[silent]\n|move|p2a: Empoleon|Flash Cannon|p1a: Baxcalibur\n|-activate|p1a: Baxcalibur|move: Protect\n|\n|upkeep\n|\n|t:|1701070742\n|switch|p1b: Chien-Pao|Chien-Pao, L50|100\/100\n|-ability|p1b: Chien-Pao|Sword of Ruin\n|turn|7\n|\n|t:|1701070757\n|move|p2b: Urshifu|Protect|p2b: Urshifu\n|-singleturn|p2b: Urshifu|Protect\n|move|p1a: Baxcalibur|Ice Shard|p2b: Urshifu\n|-activate|p2b: Urshifu|move: Protect\n|move|p2a: Empoleon|Vacuum Wave|p1b: Chien-Pao\n|-supereffective|p1b: Chien-Pao\n|-damage|p1b: Chien-Pao|5\/100\n|move|p1b: Chien-Pao|Sacred Sword|p2b: Urshifu\n|-activate|p2b: Urshifu|move: Protect\n|\n|upkeep\n|turn|8\n|-message|sbhyuthhaen forfeited.\n|\n|win|whyismynamejeff\n|raw|sbhyuthhaen's rating: 1182 &rarr; <strong>1149<\/strong><br \/>(-33 for losing)\n|raw|whyismynamejeff's rating: 1062 &rarr; <strong>1103<\/strong><br \/>(+41 for winning)\n|l|\u2606sbhyuthhaen\n","uploadtime":1701070776,"views":5,"p1id":"sbhyuthhaen","p2id":"whyismynamejeff","formatid":"gen9vgc2023regulatione","rating":1103,"private":0,"password":""}