{"id":"gen9vgc2023regulatione-1996210218","p1":"Bakekp","p2":"Yahar","format":"[Gen 9] VGC 2023 Regulation E","log":"|j|\u2606Bakekp\n|j|\u2606Yahar\n|t:|1700659523\n|gametype|doubles\n|player|p1|Bakekp|scientist|1213\n|player|p2|Yahar|shauntal|1289\n|teamsize|p1|6\n|teamsize|p2|6\n|gen|9\n|tier|[Gen 9] VGC 2023 Regulation E\n|rated|\n|rule|Species Clause: Limit one of each Pok\u00e9mon\n|rule|Item Clause: Limit one of each item\n|clearpoke\n|poke|p1|Ogerpon-Hearthflame, L50, F|\n|poke|p1|Torkoal, L50, M|\n|poke|p1|Flutter Mane, L50|\n|poke|p1|Chi-Yu, L50|\n|poke|p1|Lilligant-Hisui, L50, F|\n|poke|p1|Farigiraf, L50, F|\n|poke|p2|Zapdos, L50|\n|poke|p2|Iron Bundle, L50|\n|poke|p2|Heatran, L50, F|\n|poke|p2|Ogerpon-Wellspring, L50, F|\n|poke|p2|Rillaboom, L50, F|\n|poke|p2|Urshifu-*, L50, M|\n|teampreview|4\n|inactive|Battle timer is ON: inactive players will automatically lose when time's up. (requested by Yahar)\nYahar has agreed to open team sheets.\n|inactive|Yahar has 60 seconds left.\n|inactive|Yahar has 30 seconds left.\n|inactive|Yahar has 20 seconds left.\n|inactive|Yahar has 15 seconds left.\n|inactive|Yahar has 10 seconds left.\n|\n|t:|1700659607\n|start\n|switch|p1a: Flutter Mane|Flutter Mane, L50|100\/100\n|switch|p1b: Chi-Yu|Chi-Yu, L50|100\/100\n|switch|p2a: Urshifu|Urshifu, L50, M|100\/100\n|switch|p2b: Heatran|Heatran, L50, F, shiny|100\/100\n|-ability|p1b: Chi-Yu|Beads of Ruin\n|turn|1\n|inactive|Bakekp has 30 seconds left.\n|inactive|Bakekp has 20 seconds left.\n|inactive|Bakekp has 15 seconds left.\n|inactive|Bakekp has 10 seconds left.\n|\n|t:|1700659656\n|switch|p1b: Torkoal|Torkoal, L50, M|100\/100\n|-weather|SunnyDay|[from] ability: Drought|[of] p1b: Torkoal\n|-activate|p1a: Flutter Mane|ability: Protosynthesis\n|-start|p1a: Flutter Mane|protosynthesisspe\n|-terastallize|p1a: Flutter Mane|Ground\n|-terastallize|p2b: Heatran|Grass\n|move|p2a: Urshifu|Protect|p2a: Urshifu\n|-singleturn|p2a: Urshifu|Protect\n|move|p1a: Flutter Mane|Tera Blast|p2b: Heatran|[anim] Tera Blast Ground\n|-resisted|p2b: Heatran\n|-damage|p2b: Heatran|81\/100\n|move|p2b: Heatran|Heat Wave|p1b: Torkoal|[spread] p1a,p1b\n|-resisted|p1b: Torkoal\n|-damage|p1a: Flutter Mane|47\/100\n|-damage|p1b: Torkoal|63\/100\n|\n|-weather|SunnyDay|[upkeep]\n|upkeep\n|turn|2\n|inactive|Yahar has 30 seconds left.\n|\n|t:|1700659688\n|-end|p1a: Flutter Mane|Protosynthesis|[silent]\n|switch|p1a: Lilligant|Lilligant-Hisui, L50, F|100\/100\n|move|p2a: Urshifu|Sucker Punch||[still]\n|-fail|p2a: Urshifu\n|move|p2b: Heatran|Earth Power|p1b: Torkoal\n|-supereffective|p1b: Torkoal\n|-damage|p1b: Torkoal|0 fnt\n|faint|p1b: Torkoal\n|\n|-weather|SunnyDay|[upkeep]\n|upkeep\n|\n|t:|1700659707\n|switch|p1b: Flutter Mane|Flutter Mane, L50, tera:Ground|47\/100\n|-activate|p1b: Flutter Mane|ability: Protosynthesis\n|-start|p1b: Flutter Mane|protosynthesisspe\n|turn|3\n|\n|t:|1700659724\n|move|p2a: Urshifu|Protect|p2a: Urshifu\n|-singleturn|p2a: Urshifu|Protect\n|move|p1a: Lilligant|Sleep Powder|p2a: Urshifu\n|-activate|p2a: Urshifu|move: Protect\n|move|p1b: Flutter Mane|Moonblast|p2b: Heatran\n|-damage|p2b: Heatran|38\/100\n|move|p2b: Heatran|Heat Wave|p1b: Flutter Mane|[spread] p1b\n|-miss|p2b: Heatran|p1a: Lilligant\n|-damage|p1b: Flutter Mane|0 fnt\n|faint|p1b: Flutter Mane\n|-end|p1b: Flutter Mane|Protosynthesis|[silent]\n|\n|-weather|SunnyDay|[upkeep]\n|upkeep\n|\n|t:|1700659742\n|switch|p1b: Chi-Yu|Chi-Yu, L50|100\/100\n|-ability|p1b: Chi-Yu|Beads of Ruin\n|turn|4\n|\n|t:|1700659759\n|switch|p2a: Zapdos|Zapdos, L50|100\/100\n|move|p1b: Chi-Yu|Protect|p1b: Chi-Yu\n|-singleturn|p1b: Chi-Yu|Protect\n|move|p1a: Lilligant|Sleep Powder|p2a: Zapdos\n|-status|p2a: Zapdos|slp|[from] move: Sleep Powder\n|move|p2b: Heatran|Earth Power|p1b: Chi-Yu\n|-activate|p1b: Chi-Yu|move: Protect\n|\n|-weather|SunnyDay|[upkeep]\n|upkeep\n|turn|5\n|inactive|Bakekp has 30 seconds left.\n|\n|t:|1700659789\n|move|p1a: Lilligant|Brick Break|p2b: Heatran\n|-damage|p2b: Heatran|11\/100\n|move|p1b: Chi-Yu|Dark Pulse|p2a: Zapdos\n|-damage|p2a: Zapdos|38\/100 slp\n|-damage|p1b: Chi-Yu|90\/100|[from] item: Life Orb\n|cant|p2a: Zapdos|slp\n|move|p2b: Heatran|Earth Power|p1b: Chi-Yu\n|-supereffective|p1b: Chi-Yu\n|-damage|p1b: Chi-Yu|12\/100\n|\n|-weather|none\n|upkeep\n|turn|6\n|\n|t:|1700659807\n|move|p1a: Lilligant|Brick Break|p2b: Heatran\n|-damage|p2b: Heatran|0 fnt\n|faint|p2b: Heatran\n|move|p1b: Chi-Yu|Snarl|p2a: Zapdos\n|-damage|p2a: Zapdos|0 fnt\n|faint|p2a: Zapdos\n|-damage|p1b: Chi-Yu|2\/100|[from] item: Life Orb\n|\n|upkeep\n|\n|t:|1700659810\n|switch|p2a: Iron Bundle|Iron Bundle, L50|100\/100\n|switch|p2b: Urshifu|Urshifu, L50, M|100\/100\n|-enditem|p2a: Iron Bundle|Booster Energy\n|-activate|p2a: Iron Bundle|ability: Quark Drive|[fromitem]\n|-start|p2a: Iron Bundle|quarkdrivespe\n|turn|7\n|\n|t:|1700659821\n|move|p1b: Chi-Yu|Protect|p1b: Chi-Yu\n|-singleturn|p1b: Chi-Yu|Protect\n|move|p2a: Iron Bundle|Icy Wind|p1a: Lilligant|[spread] p1a\n|-activate|p1b: Chi-Yu|move: Protect\n|-supereffective|p1a: Lilligant\n|-damage|p1a: Lilligant|8\/100\n|-unboost|p1a: Lilligant|spe|1\n|move|p2b: Urshifu|Wicked Blow|p1a: Lilligant\n|-resisted|p1a: Lilligant\n|-crit|p1a: Lilligant\n|-damage|p1a: Lilligant|0 fnt\n|faint|p1a: Lilligant\n|\n|upkeep\n|turn|8\n|inactive|Yahar has 30 seconds left.\n|\n|t:|1700659854\n|move|p2b: Urshifu|Protect|p2b: Urshifu\n|-singleturn|p2b: Urshifu|Protect\n|move|p2a: Iron Bundle|Hydro Pump|p1b: Chi-Yu|[miss]\n|-miss|p2a: Iron Bundle|p1b: Chi-Yu\n|move|p1b: Chi-Yu|Heat Wave|p2a: Iron Bundle|[spread] p2a\n|-activate|p2b: Urshifu|move: Protect\n|-damage|p2a: Iron Bundle|0 fnt\n|faint|p2a: Iron Bundle\n|-end|p2a: Iron Bundle|Quark Drive|[silent]\n|-damage|p1b: Chi-Yu|0 fnt|[from] item: Life Orb\n|faint|p1b: Chi-Yu\n|\n|win|Yahar\n|raw|Bakekp's rating: 1213 &rarr; <strong>1193<\/strong><br \/>(-20 for losing)\n|raw|Yahar's rating: 1289 &rarr; <strong>1309<\/strong><br \/>(+20 for winning)\n","uploadtime":1700659886,"views":8,"p1id":"bakekp","p2id":"yahar","formatid":"gen9vgc2023regulatione","rating":1193,"private":0,"password":""}