{"id":"gen9vgc2023regulatione-1994483759","p1":"Aquarsene","p2":"Daniel1018","format":"[Gen 9] VGC 2023 Regulation E","log":"|j|\u2606Aquarsene\n|j|\u2606Daniel1018\n|n|\u2606Aquarsene|aquarsene\n|n|\u2606Daniel1018|daniel1018\n|html|View the match progress at <a href=\"\/game-bestof3-gen9vgc2023regulatione-1994480726\">game-bestof3-gen9vgc2023regulatione-1994480726<\/a>\n|t:|1700449234\n|gametype|doubles\n|player|p1|Aquarsene|102|\n|player|p2|Daniel1018|volo-ginkgo|\n|teamsize|p1|6\n|teamsize|p2|6\n|gen|9\n|tier|[Gen 9] VGC 2023 Regulation E\n|rule|Species Clause: Limit one of each Pok\u00e9mon\n|rule|Item Clause: Limit one of each item\n|clearpoke\n|poke|p1|Murkrow, L50, F|\n|poke|p1|Great Tusk, L50|\n|poke|p1|Slowking, L50, F|\n|poke|p1|Hydreigon, L50, F|\n|poke|p1|Gholdengo, L50|\n|poke|p1|Ninetales-Alola, L50, M|\n|poke|p2|Cresselia, L50, F|\n|poke|p2|Ursaluna-Bloodmoon, L50, M|\n|poke|p2|Iron Hands, L50|\n|poke|p2|Slowbro, L50, F|\n|poke|p2|Sylveon, L50, M|\n|poke|p2|Glastrier, L50|\n|teampreview|4\n|inactive|Battle timer is ON: inactive players will automatically lose when time's up. (requested by Daniel1018)\n|j| SCRUMPTIOUSBREAD\n|inactive|Aquarsene has 60 seconds left.\n|inactive|Daniel1018 has 60 seconds left.\nDaniel1018 rejected open team sheets.\n|inactiveoff|Battle timer is now OFF.\n|\n|t:|1700449302\n|start\n|switch|p1a: Murkrow|Murkrow, L50, F|100\/100\n|switch|p1b: Ninetales|Ninetales-Alola, L50, M|100\/100\n|switch|p2a: Artemis|Cresselia, L50, F, shiny|100\/100\n|switch|p2b: Zeus|Iron Hands, L50|100\/100\n|-weather|Snow|[from] ability: Snow Warning|[of] p1b: Ninetales\n|turn|1\n|\n|t:|1700449326\n|-terastallize|p1b: Ninetales|Water\n|move|p2b: Zeus|Fake Out|p1a: Murkrow\n|-damage|p1a: Murkrow|82\/100\n|cant|p1a: Murkrow|flinch\n|move|p1b: Ninetales|Moonblast|p2b: Zeus\n|-supereffective|p2b: Zeus\n|-damage|p2b: Zeus|65\/100\n|-unboost|p2b: Zeus|spa|1\n|move|p2a: Artemis|Trick Room|p2a: Artemis\n|-fieldstart|move: Trick Room|[of] p2a: Artemis\n|\n|-weather|Snow|[upkeep]\n|upkeep\n|turn|2\n|\n|t:|1700449345\n|move|p2b: Zeus|Wild Charge|p1b: Ninetales\n|-supereffective|p1b: Ninetales\n|-damage|p1b: Ninetales|0 fnt\n|faint|p1b: Ninetales\n|-damage|p2b: Zeus|48\/100|[from] Recoil\n|move|p2a: Artemis|Lunar Blessing|p2a: Artemis|[spread] p2a,p2b\n|-heal|p2b: Zeus|73\/100\n|move|p1a: Murkrow|Foul Play|p2a: Artemis\n|-supereffective|p2a: Artemis\n|-damage|p2a: Artemis|71\/100\n|\n|-weather|Snow|[upkeep]\n|-heal|p2a: Artemis|78\/100|[from] item: Leftovers\n|upkeep\n|\n|t:|1700449357\n|switch|p1b: Hydreigon|Hydreigon, L50, F|100\/100\n|turn|3\n|\n|t:|1700449380\n|-terastallize|p2a: Artemis|Poison\n|move|p2b: Zeus|Brick Break|p1b: Hydreigon\n|-supereffective|p1b: Hydreigon\n|-damage|p1b: Hydreigon|0 fnt\n|faint|p1b: Hydreigon\n|move|p2a: Artemis|Lunar Blessing|p2a: Artemis|[spread] p2a,p2b\n|-heal|p2a: Artemis|100\/100\n|-heal|p2b: Zeus|98\/100\n|move|p1a: Murkrow|Foul Play|p2a: Artemis\n|-damage|p2a: Artemis|85\/100\n|\n|-weather|Snow|[upkeep]\n|-heal|p2a: Artemis|91\/100|[from] item: Leftovers\n|upkeep\n|\n|t:|1700449392\n|switch|p1b: Great Tusk|Great Tusk, L50|100\/100\n|turn|4\n|\n|t:|1700449402\n|move|p2b: Zeus|Wild Charge|p1a: Murkrow\n|-supereffective|p1a: Murkrow\n|-damage|p1a: Murkrow|0 fnt\n|faint|p1a: Murkrow\n|-damage|p2b: Zeus|85\/100|[from] Recoil\n|move|p2a: Artemis|Psychic|p1b: Great Tusk\n|-supereffective|p1b: Great Tusk\n|-damage|p1b: Great Tusk|49\/100\n|move|p1b: Great Tusk|Headlong Rush|p2b: Zeus\n|-supereffective|p2b: Zeus\n|-damage|p2b: Zeus|5\/100\n|-unboost|p1b: Great Tusk|def|1\n|-unboost|p1b: Great Tusk|spd|1\n|\n|-weather|Snow|[upkeep]\n|-heal|p2a: Artemis|97\/100|[from] item: Leftovers\n|upkeep\n|turn|5\n|\n|t:|1700449419\n|move|p2b: Zeus|Brick Break|p1b: Great Tusk\n|-damage|p1b: Great Tusk|0 fnt\n|faint|p1b: Great Tusk\n|-end|p1b: Great Tusk|Protosynthesis|[silent]\n|\n|win|Daniel1018\n|c|\u2606Daniel1018|ggs\n|c|\u2606Aquarsene|ggs :)\n","uploadtime":1700449425,"views":20,"p1id":"aquarsene","p2id":"daniel1018","formatid":"gen9vgc2023regulatione","rating":0,"private":0,"password":""}