{"id":"gen9vgc2023regulatione-1989300264","p1":"Yuri","p2":"Marcostap","format":"[Gen 9] VGC 2023 Regulation E","log":"|j|\u2606Yuri\n|j|\u2606Marcostap\n|n|\u2606Yuri|yuri\n|n|\u2606Marcostap|marcostap\n|html|View the match progress at <a href=\"\/game-bestof3-gen9vgc2023regulatione-1989296683\">game-bestof3-gen9vgc2023regulatione-1989296683<\/a>\n|t:|1699833644\n|gametype|doubles\n|player|p1|Yuri|galacticgrunt|\n|player|p2|Marcostap|cynthia-gen4|\n|teamsize|p1|6\n|teamsize|p2|6\n|gen|9\n|tier|[Gen 9] VGC 2023 Regulation E\n|rule|Species Clause: Limit one of each Pok\u00e9mon\n|rule|Item Clause: Limit one of each item\n|clearpoke\n|poke|p1|Tornadus, L50, M|\n|poke|p1|Arcanine-Hisui, L50, M|\n|poke|p1|Iron Hands, L50|\n|poke|p1|Gholdengo, L50|\n|poke|p1|Urshifu-*, L50, M|\n|poke|p1|Ogerpon-Wellspring, L50, F|\n|poke|p2|Rillaboom, L50, M|\n|poke|p2|Pelipper, L50, M|\n|poke|p2|Palafin, L50, F|\n|poke|p2|Ursaluna-Bloodmoon, L50, M|\n|poke|p2|Dusclops, L50, F|\n|poke|p2|Cresselia, L50, F|\n|teampreview|4\nYuri has agreed to open team sheets.\n|j| Rebornsan93\n|j| PSmonteiro\n|j| lucasarreguy\n|j| bb_hachi8\n|c| lucasarreguy|abre a\u00ed Marcostap kkkk\nMarcostap has agreed to open team sheets.\n|showteam|p1|Tornadus||CovertCloak|Prankster|BleakwindStorm,Tailwind,Taunt,RainDance|||M|||50|,,,,,Dragon]Arcanine-Hisui||ChoiceBand|Intimidate|FlareBlitz,RockSlide,ExtremeSpeed,TeraBlast|||M|||50|,,,,,Fairy]Iron Hands||AssaultVest|QuarkDrive|WildCharge,DrainPunch,HeavySlam,FakeOut||||||50|,,,,,Grass]Gholdengo||Leftovers|GoodasGold|MakeItRain,ShadowBall,NastyPlot,Protect||||||50|,,,,,Dragon]Urshifu-Rapid-Strike||ChoiceScarf|UnseenFist|SurgingStrikes,CloseCombat,AquaJet,Uturn|||M|||50|,,,,,Water]Ogerpon-Wellspring||WellspringMask|WaterAbsorb|IvyCudgel,PowerWhip,FollowMe,SpikyShield|||F|||50|,,,,,Water\n|showteam|p2|Rillaboom||AssaultVest|GrassySurge|FakeOut,Uturn,GrassyGlide,WoodHammer|||M|||50|,,,,,Grass]Pelipper||Leftovers|Drizzle|Hurricane,HelpingHand,WideGuard,Protect|||M|||50|,,,,,Flying]Palafin||ChoiceBand|ZerotoHero|JetPunch,WaveCrash,FlipTurn,DrainPunch|||F|||50|,,,,,Fighting]Ursaluna-Bloodmoon||LifeOrb|MindsEye|Protect,EarthPower,BloodMoon,HyperVoice|||M|||50|,,,,,Normal]Dusclops||Eviolite|Pressure|NightShade,WillOWisp,PainSplit,TrickRoom|||F|||50|,,,,,Poison]Cresselia||RockyHelmet|Levitate|LunarBlessing,Psychic,HelpingHand,Protect|||F|||50|,,,,,Psychic\n|c|\u2606Marcostap|calma cara\n|c| lucasarreguy|COME\u00c7A A 2\u00aa PARTIDA DA FINAL DA OGRO P\u00c3O\n|\n|t:|1699833764\n|start\n|switch|p1a: Tornadus|Tornadus, L50, M|100\/100\n|switch|p1b: Urshifu|Urshifu-Rapid-Strike, L50, M|100\/100\n|switch|p2a: Ursaluna|Ursaluna-Bloodmoon, L50, M|100\/100\n|switch|p2b: Pelipper|Pelipper, L50, M|100\/100\n|-weather|RainDance|[from] ability: Drizzle|[of] p2b: Pelipper\n|turn|1\n|\n|t:|1699833795\n|-terastallize|p1b: Urshifu|Water\n|-terastallize|p2a: Ursaluna|Normal\n|move|p2b: Pelipper|Helping Hand|p2a: Ursaluna\n|-singleturn|p2a: Ursaluna|Helping Hand|[of] p2b: Pelipper\n|move|p1a: Tornadus|Taunt|p2b: Pelipper\n|-start|p2b: Pelipper|move: Taunt\n|move|p1b: Urshifu|Surging Strikes|p2a: Ursaluna\n|-crit|p2a: Ursaluna\n|-damage|p2a: Ursaluna|72\/100\n|-crit|p2a: Ursaluna\n|-damage|p2a: Ursaluna|43\/100\n|-crit|p2a: Ursaluna\n|-damage|p2a: Ursaluna|11\/100\n|-hitcount|p2a: Ursaluna|3\n|move|p2a: Ursaluna|Hyper Voice|p1b: Urshifu|[spread] p1a,p1b\n|-damage|p1a: Tornadus|5\/100\n|-damage|p1b: Urshifu|0 fnt\n|faint|p1b: Urshifu\n|-damage|p2a: Ursaluna|2\/100|[from] item: Life Orb\n|\n|-weather|RainDance|[upkeep]\n|upkeep\n|\n|t:|1699833834\n|switch|p1b: Gholdengo|Gholdengo, L50|100\/100\n|turn|2\n|\n|t:|1699833868\n|move|p2a: Ursaluna|Protect|p2a: Ursaluna\n|-singleturn|p2a: Ursaluna|Protect\n|move|p1a: Tornadus|Bleakwind Storm|p2a: Ursaluna|[spread] p2b\n|-activate|p2a: Ursaluna|move: Protect\n|-damage|p2b: Pelipper|57\/100\n|move|p1b: Gholdengo|Shadow Ball|p2b: Pelipper\n|-damage|p2b: Pelipper|1\/100\n|move|p2b: Pelipper|Hurricane|p1a: Tornadus\n|-damage|p1a: Tornadus|0 fnt\n|faint|p1a: Tornadus\n|\n|-weather|RainDance|[upkeep]\n|-heal|p2b: Pelipper|7\/100|[from] item: Leftovers\n|upkeep\n|\n|t:|1699833888\n|switch|p1a: Ogerpon|Ogerpon-Wellspring, L50, F|100\/100\n|turn|3\n|\n|t:|1699833899\n|move|p1a: Ogerpon|Ivy Cudgel|p2a: Ursaluna\n|-damage|p2a: Ursaluna|0 fnt\n|faint|p2a: Ursaluna\n|move|p1b: Gholdengo|Shadow Ball|p2b: Pelipper\n|-damage|p2b: Pelipper|0 fnt\n|faint|p2b: Pelipper\n|\n|-weather|RainDance|[upkeep]\n|upkeep\n|\n|t:|1699833907\n|switch|p2b: Rillaboom|Rillaboom, L50, M|100\/100\n|switch|p2a: Palafin|Palafin, L50, F|100\/100\n|-fieldstart|move: Grassy Terrain|[from] ability: Grassy Surge|[of] p2b: Rillaboom\n|turn|4\n|\n|t:|1699833943\n|move|p2b: Rillaboom|Fake Out|p1a: Ogerpon\n|-damage|p1a: Ogerpon|85\/100\n|cant|p1a: Ogerpon|flinch\n|move|p1b: Gholdengo|Shadow Ball|p2b: Rillaboom\n|-damage|p2b: Rillaboom|74\/100\n|-unboost|p2b: Rillaboom|spd|1\n|move|p2a: Palafin|Wave Crash|p1b: Gholdengo\n|-damage|p1b: Gholdengo|9\/100\n|-damage|p2a: Palafin|67\/100|[from] Recoil\n|\n|-weather|RainDance|[upkeep]\n|-heal|p1a: Ogerpon|91\/100|[from] Grassy Terrain\n|-heal|p1b: Gholdengo|15\/100|[from] Grassy Terrain\n|-heal|p1b: Gholdengo|21\/100|[from] item: Leftovers\n|-heal|p2a: Palafin|73\/100|[from] Grassy Terrain\n|-heal|p2b: Rillaboom|81\/100|[from] Grassy Terrain\n|upkeep\n|turn|5\n|\n|t:|1699833968\n|move|p1b: Gholdengo|Protect|p1b: Gholdengo\n|-singleturn|p1b: Gholdengo|Protect\n|move|p2b: Rillaboom|Grassy Glide|p1b: Gholdengo\n|-activate|p1b: Gholdengo|move: Protect\n|move|p1a: Ogerpon|Power Whip|p2a: Palafin\n|-supereffective|p2a: Palafin\n|-damage|p2a: Palafin|0 fnt\n|faint|p2a: Palafin\n|\n|-weather|none\n|-heal|p1a: Ogerpon|97\/100|[from] Grassy Terrain\n|-heal|p1b: Gholdengo|27\/100|[from] Grassy Terrain\n|-heal|p1b: Gholdengo|34\/100|[from] item: Leftovers\n|-heal|p2b: Rillaboom|87\/100|[from] Grassy Terrain\n|upkeep\n|turn|6\n|\n|t:|1699833989\n|move|p1a: Ogerpon|Follow Me|p1a: Ogerpon\n|-singleturn|p1a: Ogerpon|move: Follow Me\n|move|p1b: Gholdengo|Shadow Ball|p2b: Rillaboom\n|-damage|p2b: Rillaboom|46\/100\n|move|p2b: Rillaboom|Wood Hammer|p1a: Ogerpon\n|-damage|p1a: Ogerpon|13\/100\n|-damage|p2b: Rillaboom|16\/100|[from] Recoil\n|\n|-heal|p1a: Ogerpon|19\/100|[from] Grassy Terrain\n|-heal|p1b: Gholdengo|40\/100|[from] Grassy Terrain\n|-heal|p1b: Gholdengo|46\/100|[from] item: Leftovers\n|-heal|p2b: Rillaboom|23\/100|[from] Grassy Terrain\n|upkeep\n|turn|7\n|c|\u2606Marcostap|qq\n|-message|Marcostap forfeited.\n|\n|win|Yuri\n|l|\u2606Marcostap\n|c|\u2606Yuri|Gg\n|c| bb_hachi8|gg\n|l|\u2606Yuri\n|l| Rebornsan93\n|j|\u2606Marcostap\n|player|p2|Marcostap|cynthia-gen4\n","uploadtime":1699834233,"views":13,"p1id":"yuri","p2id":"marcostap","formatid":"gen9vgc2023regulatione","rating":0,"private":0,"password":""}