{"id":"gen9vgc2023regulatione-1995003837","p1":"Bilbo444","p2":"haamgamer07","format":"[Gen 9] VGC 2023 Regulation E","log":"|j|\u2606Bilbo444\n|j|\u2606haamgamer07\n|t:|1700512448\n|gametype|doubles\n|player|p1|Bilbo444|2|1074\n|player|p2|haamgamer07|169|1000\n|teamsize|p1|6\n|teamsize|p2|6\n|gen|9\n|tier|[Gen 9] VGC 2023 Regulation E\n|rated|\n|rule|Species Clause: Limit one of each Pok\u00e9mon\n|rule|Item Clause: Limit one of each item\n|clearpoke\n|poke|p1|Perrserker, L50, F|\n|poke|p1|Iron Bundle, L50|\n|poke|p1|Dragapult, L50, F|\n|poke|p1|Lurantis, L50, F|\n|poke|p1|Ursaluna, L50, F|\n|poke|p1|Tornadus, L50, M|\n|poke|p2|Flutter Mane, L50|\n|poke|p2|Iron Hands, L50|\n|poke|p2|Ursaluna-Bloodmoon, L50, M|\n|poke|p2|Cresselia, L50, F|\n|poke|p2|Torkoal, L50, F|\n|poke|p2|Ogerpon-Wellspring, L50, F|\n|teampreview|4\n|inactive|Battle timer is ON: inactive players will automatically lose when time's up. (requested by haamgamer07)\nhaamgamer07 has agreed to open team sheets.\n|inactive|Bilbo444 has 60 seconds left.\n|inactive|haamgamer07 has 60 seconds left.\n|\n|t:|1700512534\n|start\n|switch|p1a: Iron Bundle|Iron Bundle, L50|100\/100\n|switch|p1b: Perrserker|Perrserker, L50, F|100\/100\n|switch|p2a: Flutter Mane|Flutter Mane, L50|100\/100\n|switch|p2b: Iron Hands|Iron Hands, L50|100\/100\n|-enditem|p1a: Iron Bundle|Booster Energy\n|-activate|p1a: Iron Bundle|ability: Quark Drive|[fromitem]\n|-start|p1a: Iron Bundle|quarkdrivespe\n|turn|1\n|inactive|haamgamer07 has 30 seconds left.\n|\n|t:|1700512562\n|move|p1a: Iron Bundle|Protect|p1a: Iron Bundle\n|-singleturn|p1a: Iron Bundle|Protect\n|move|p2a: Flutter Mane|Protect|p2a: Flutter Mane\n|-singleturn|p2a: Flutter Mane|Protect\n|move|p1b: Perrserker|Iron Head|p2a: Flutter Mane\n|-activate|p2a: Flutter Mane|move: Protect\n|move|p2b: Iron Hands|Drain Punch|p1b: Perrserker\n|-supereffective|p1b: Perrserker\n|-damage|p1b: Perrserker|19\/100\n|\n|upkeep\n|turn|2\n|\n|t:|1700512587\n|-end|p2a: Flutter Mane|Protosynthesis|[silent]\n|switch|p2a: Cresselia|Cresselia, L50, F|100\/100\n|move|p1a: Iron Bundle|Icy Wind|p2b: Iron Hands|[spread] p2a,p2b\n|-damage|p2a: Cresselia|87\/100\n|-damage|p2b: Iron Hands|89\/100\n|-unboost|p2a: Cresselia|spe|1\n|-unboost|p2b: Iron Hands|spe|1\n|move|p1b: Perrserker|Iron Head|p2a: Cresselia\n|-damage|p2a: Cresselia|47\/100\n|-damage|p1b: Perrserker|10\/100|[from] item: Life Orb\n|move|p2b: Iron Hands|Thunder Punch|p1b: Perrserker\n|-damage|p1b: Perrserker|0 fnt\n|faint|p1b: Perrserker\n|\n|upkeep\n|\n|t:|1700512605\n|switch|p1b: Ursaluna|Ursaluna, L50, F|100\/100\n|turn|3\n|\n|t:|1700512621\n|move|p1a: Iron Bundle|Protect|p1a: Iron Bundle\n|-singleturn|p1a: Iron Bundle|Protect\n|move|p1b: Ursaluna|High Horsepower|p2b: Iron Hands\n|-supereffective|p2b: Iron Hands\n|-damage|p2b: Iron Hands|10\/100\n|move|p2b: Iron Hands|Drain Punch|p1b: Ursaluna\n|-supereffective|p1b: Ursaluna\n|-damage|p1b: Ursaluna|40\/100\n|-heal|p2b: Iron Hands|39\/100|[from] drain|[of] p1b: Ursaluna\n|move|p2a: Cresselia|Trick Room|p2a: Cresselia\n|-fieldstart|move: Trick Room|[of] p2a: Cresselia\n|\n|-status|p1b: Ursaluna|brn|[from] item: Flame Orb\n|upkeep\n|turn|4\n|inactive|Bilbo444 has 30 seconds left.\n|\n|t:|1700512649\n|move|p2b: Iron Hands|Drain Punch|p1b: Ursaluna\n|-supereffective|p1b: Ursaluna\n|-damage|p1b: Ursaluna|0 fnt\n|-heal|p2b: Iron Hands|58\/100|[from] drain|[of] p1b: Ursaluna\n|faint|p1b: Ursaluna\n|move|p2a: Cresselia|Lunar Blessing|p2a: Cresselia|[spread] p2a,p2b\n|-heal|p2a: Cresselia|72\/100\n|-heal|p2b: Iron Hands|83\/100\n|move|p1a: Iron Bundle|Freeze-Dry|p2a: Cresselia\n|-damage|p2a: Cresselia|48\/100\n|\n|upkeep\n|\n|t:|1700512661\n|switch|p1b: Lurantis|Lurantis, L50, F|100\/100\n|turn|5\n|inactive|haamgamer07 has 30 seconds left.\n|\n|t:|1700512696\n|move|p2b: Iron Hands|Volt Switch|p1a: Iron Bundle\n|-supereffective|p1a: Iron Bundle\n|-damage|p1a: Iron Bundle|44\/100\n|\n|t:|1700512705\n|-end|p2b: Iron Hands|Quark Drive|[silent]\n|switch|p2b: Flutter Mane|Flutter Mane, L50|100\/100|[from] Volt Switch\n|move|p1b: Lurantis|Knock Off|p2a: Cresselia\n|-supereffective|p2a: Cresselia\n|-damage|p2a: Cresselia|17\/100\n|-enditem|p2a: Cresselia|Safety Goggles|[from] move: Knock Off|[of] p1b: Lurantis\n|move|p2a: Cresselia|Psychic|p1b: Lurantis\n|-damage|p1b: Lurantis|80\/100\n|move|p1a: Iron Bundle|Icy Wind|p2b: Flutter Mane|[spread] p2a,p2b\n|-damage|p2a: Cresselia|4\/100\n|-damage|p2b: Flutter Mane|78\/100\n|-unboost|p2a: Cresselia|spe|1\n|-unboost|p2b: Flutter Mane|spe|1\n|\n|upkeep\n|turn|6\n|inactive|Bilbo444 has 30 seconds left.\n|inactive|haamgamer07 has 30 seconds left.\n|\n|t:|1700512736\n|-end|p2b: Flutter Mane|Protosynthesis|[silent]\n|switch|p2b: Iron Hands|Iron Hands, L50|83\/100\n|move|p1a: Iron Bundle|Protect|p1a: Iron Bundle\n|-singleturn|p1a: Iron Bundle|Protect\n|move|p2a: Cresselia|Lunar Blessing|p2a: Cresselia|[spread] p2a,p2b\n|-heal|p2a: Cresselia|29\/100\n|-heal|p2b: Iron Hands|100\/100\n|move|p1b: Lurantis|Leaf Storm|p2a: Cresselia\n|-damage|p2a: Cresselia|7\/100\n|-boost|p1b: Lurantis|spa|2\n|\n|upkeep\n|turn|7\n|inactive|haamgamer07 has 30 seconds left.\n|\n|t:|1700512766\n|-terastallize|p1b: Lurantis|Grass\n|move|p2b: Iron Hands|Drain Punch|p1a: Iron Bundle\n|-supereffective|p1a: Iron Bundle\n|-damage|p1a: Iron Bundle|0 fnt\n|faint|p1a: Iron Bundle\n|-end|p1a: Iron Bundle|Quark Drive|[silent]\n|move|p2a: Cresselia|Lunar Blessing|p2a: Cresselia|[spread] p2a,p2b\n|-heal|p2a: Cresselia|32\/100\n|move|p1b: Lurantis|Leaf Storm|p2a: Cresselia|[miss]\n|-miss|p1b: Lurantis|p2a: Cresselia\n|\n|-fieldend|move: Trick Room\n|upkeep\n|turn|8\n|\n|t:|1700512791\n|-end|p2b: Iron Hands|Quark Drive|[silent]\n|switch|p2b: Flutter Mane|Flutter Mane, L50|78\/100\n|move|p1b: Lurantis|Leaf Storm|p2a: Cresselia\n|-damage|p2a: Cresselia|0 fnt\n|-boost|p1b: Lurantis|spa|2\n|faint|p2a: Cresselia\n|\n|upkeep\n|\n|t:|1700512801\n|switch|p2a: Iron Hands|Iron Hands, L50|100\/100\n|turn|9\n|\n|t:|1700512814\n|-terastallize|p2b: Flutter Mane|Fairy\n|move|p2a: Iron Hands|Fake Out|p1b: Lurantis\n|-damage|p1b: Lurantis|64\/100\n|move|p2b: Flutter Mane|Dazzling Gleam|p1b: Lurantis\n|-damage|p1b: Lurantis|20\/100\n|cant|p1b: Lurantis|flinch\n|\n|upkeep\n|turn|10\n|\n|t:|1700512828\n|move|p2b: Flutter Mane|Dazzling Gleam|p1b: Lurantis\n|-damage|p1b: Lurantis|0 fnt\n|faint|p1b: Lurantis\n|\n|win|haamgamer07\n|raw|Bilbo444's rating: 1074 &rarr; <strong>1048<\/strong><br \/>(-26 for losing)\n|raw|haamgamer07's rating: 1000 &rarr; <strong>1048<\/strong><br \/>(+48 for winning)\n|l|\u2606Bilbo444\n","uploadtime":1700512846,"views":3,"p1id":"bilbo444","p2id":"haamgamer07","formatid":"gen9vgc2023regulatione","rating":1048,"private":0,"password":""}