{"id":"gen9vgc2023regulatione-1989066989","p1":"maxiass","p2":"ChoccyMilkMafia","format":"[Gen 9] VGC 2023 Regulation E","log":"|j|\u2606maxiass\n|j|\u2606ChoccyMilkMafia\n|t:|1699808543\n|gametype|doubles\n|player|p1|maxiass|170|1047\n|player|p2|ChoccyMilkMafia|kieran|1047\n|teamsize|p1|5\n|teamsize|p2|6\n|gen|9\n|tier|[Gen 9] VGC 2023 Regulation E\n|rated|\n|rule|Species Clause: Limit one of each Pok\u00e9mon\n|rule|Item Clause: Limit one of each item\n|clearpoke\n|poke|p1|Dondozo, L50, F|\n|poke|p1|Volbeat, L50, M|\n|poke|p1|Tatsugiri, L50, F|\n|poke|p1|Flamigo, L50, F|\n|poke|p1|Iron Hands, L50|\n|poke|p2|Kommo-o, L50, M|\n|poke|p2|Kingambit, L50, F|\n|poke|p2|Sinistcha, L50|\n|poke|p2|Farigiraf, L50, F|\n|poke|p2|Fezandipiti, L50, M|\n|poke|p2|Ninetales-Alola, L50, M|\n|teampreview|4\n|c|\u2606maxiass|gl hf\n|inactive|Battle timer is ON: inactive players will automatically lose when time's up. (requested by maxiass)\nChoccyMilkMafia has agreed to open team sheets.\nmaxiass has agreed to open team sheets.\n|\n|t:|1699808626\n|start\n|switch|p1a: Volbeat|Volbeat, L50, M|100\/100\n|switch|p1b: Iron Hands|Iron Hands, L50|100\/100\n|switch|p2a: Ninetales|Ninetales-Alola, L50, M|100\/100\n|switch|p2b: Fezandipiti|Fezandipiti, L50, M|100\/100\n|-weather|Snow|[from] ability: Snow Warning|[of] p2a: Ninetales\n|turn|1\n|\n|t:|1699808651\n|switch|p2b: Kommo-o|Kommo-o, L50, M|100\/100\n|move|p1b: Iron Hands|Fake Out|p2a: Ninetales\n|-damage|p2a: Ninetales|89\/100\n|cant|p2a: Ninetales|flinch\n|move|p1a: Volbeat|Tail Glow|p1a: Volbeat\n|-boost|p1a: Volbeat|spa|3\n|\n|-weather|Snow|[upkeep]\n|upkeep\n|turn|2\n|\n|t:|1699808665\n|move|p2a: Ninetales|Aurora Veil|p2a: Ninetales\n|-sidestart|p2: ChoccyMilkMafia|move: Aurora Veil\n|move|p1a: Volbeat|Baton Pass|p1a: Volbeat\n|\n|t:|1699808680\n|switch|p1a: Dondozo|Dondozo, L50, F|100\/100|[from] Baton Pass\n|move|p2b: Kommo-o|Clangorous Soul|p2b: Kommo-o\n|-boost|p2b: Kommo-o|atk|1\n|-boost|p2b: Kommo-o|def|1\n|-boost|p2b: Kommo-o|spa|1\n|-boost|p2b: Kommo-o|spd|1\n|-boost|p2b: Kommo-o|spe|1\n|-damage|p2b: Kommo-o|68\/100\n|move|p1b: Iron Hands|Rock Slide|p2a: Ninetales|[spread] p2a,p2b\n|-supereffective|p2a: Ninetales\n|-resisted|p2b: Kommo-o\n|-damage|p2a: Ninetales|64\/100\n|-damage|p2b: Kommo-o|64\/100\n|\n|-weather|Snow|[upkeep]\n|upkeep\n|turn|3\n|inactive|ChoccyMilkMafia has 30 seconds left.\n|inactive|ChoccyMilkMafia has 20 seconds left.\n|inactive|ChoccyMilkMafia has 15 seconds left.\n|inactive|ChoccyMilkMafia has 10 seconds left.\n|\n|t:|1699808728\n|-end|p1b: Iron Hands|Quark Drive|[silent]\n|switch|p1b: Tatsugiri|Tatsugiri, L50, F|100\/100\n|-activate|p1b: Tatsugiri|ability: Commander|[of] p1a: Dondozo\n|-boost|p1a: Dondozo|atk|2\n|-boost|p1a: Dondozo|spa|2\n|-boost|p1a: Dondozo|spe|2\n|-boost|p1a: Dondozo|def|2\n|-boost|p1a: Dondozo|spd|2\n|move|p2a: Ninetales|Icy Wind|p1b: Tatsugiri|[spread] p1a\n|-miss|p2a: Ninetales|p1b: Tatsugiri\n|-resisted|p1a: Dondozo\n|-damage|p1a: Dondozo|97\/100\n|move|p1a: Dondozo|Earthquake|p2a: Ninetales|[spread] p2a,p2b\n|-miss|p1a: Dondozo|p1b: Tatsugiri\n|-damage|p2a: Ninetales|43\/100\n|-damage|p2b: Kommo-o|42\/100\n|move|p2b: Kommo-o|Drain Punch|p1a: Dondozo\n|-damage|p1a: Dondozo|86\/100\n|-heal|p2b: Kommo-o|50\/100|[from] drain|[of] p1a: Dondozo\n|\n|-weather|Snow|[upkeep]\n|upkeep\n|turn|4\n|inactive|ChoccyMilkMafia has 30 seconds left.\n|\n|t:|1699808757\n|switch|p2a: Sinistcha|Sinistcha, L50|100\/100\n|-heal|p2b: Kommo-o|75\/100|[from] ability: Hospitality|[of] p2a: Sinistcha\n|move|p1a: Dondozo|Earthquake|p2a: Sinistcha|[spread] p2a,p2b\n|-miss|p1a: Dondozo|p1b: Tatsugiri\n|-resisted|p2a: Sinistcha\n|-damage|p2a: Sinistcha|91\/100\n|-damage|p2b: Kommo-o|54\/100\n|move|p2b: Kommo-o|Drain Punch|p1a: Dondozo\n|-damage|p1a: Dondozo|77\/100\n|-heal|p2b: Kommo-o|61\/100|[from] drain|[of] p1a: Dondozo\n|\n|-weather|Snow|[upkeep]\n|upkeep\n|turn|5\n|inactive|maxiass has 30 seconds left.\n|\n|t:|1699808786\n|move|p1a: Dondozo|Protect|p1a: Dondozo\n|-singleturn|p1a: Dondozo|Protect\n|move|p2b: Kommo-o|Protect|p2b: Kommo-o\n|-singleturn|p2b: Kommo-o|Protect\n|move|p2a: Sinistcha|Trick Room|p2a: Sinistcha\n|-fieldstart|move: Trick Room|[of] p2a: Sinistcha\n|\n|-weather|none\n|upkeep\n|turn|6\n|\n|t:|1699808802\n|-terastallize|p1a: Dondozo|Water\n|move|p2a: Sinistcha|Matcha Gotcha|p1a: Dondozo|[spread] p1a\n|-miss|p2a: Sinistcha|p1b: Tatsugiri\n|-supereffective|p1a: Dondozo\n|-damage|p1a: Dondozo|50\/100\n|-heal|p2a: Sinistcha|100\/100|[from] drain|[of] p1a: Dondozo\n|move|p2b: Kommo-o|Drain Punch|p1a: Dondozo\n|-damage|p1a: Dondozo|39\/100\n|-heal|p2b: Kommo-o|69\/100|[from] drain|[of] p1a: Dondozo\n|move|p1a: Dondozo|Wave Crash|p2b: Kommo-o\n|-resisted|p2b: Kommo-o\n|-damage|p2b: Kommo-o|38\/100\n|-damage|p1a: Dondozo|32\/100|[from] Recoil\n|\n|upkeep\n|turn|7\n|\n|t:|1699808819\n|move|p2a: Sinistcha|Matcha Gotcha|p1b: Tatsugiri|[spread] p1a\n|-miss|p2a: Sinistcha|p1b: Tatsugiri\n|-supereffective|p1a: Dondozo\n|-damage|p1a: Dondozo|6\/100\n|move|p2b: Kommo-o|Drain Punch|p1a: Dondozo\n|-damage|p1a: Dondozo|0 fnt\n|-heal|p2b: Kommo-o|42\/100|[from] drain|[of] p1a: Dondozo\n|faint|p1a: Dondozo\n|\n|upkeep\n|\n|t:|1699808823\n|switch|p1a: Iron Hands|Iron Hands, L50|100\/100\n|turn|8\n|\n|t:|1699808834\n|move|p1a: Iron Hands|Fake Out|p2b: Kommo-o\n|-damage|p2b: Kommo-o|36\/100\n|move|p2a: Sinistcha|Strength Sap|p1a: Iron Hands\n|-unboost|p1a: Iron Hands|atk|1\n|move|p1b: Tatsugiri|Draco Meteor|p2b: Kommo-o\n|-supereffective|p2b: Kommo-o\n|-damage|p2b: Kommo-o|0 fnt\n|-unboost|p1b: Tatsugiri|spa|2\n|faint|p2b: Kommo-o\n|\n|upkeep\n|\n|t:|1699808847\n|switch|p2b: Fezandipiti|Fezandipiti, L50, M|100\/100\n|turn|9\n|\n|t:|1699808863\n|move|p1a: Iron Hands|Earthquake|p2a: Sinistcha|[spread] p1b,p2a,p2b\n|-resisted|p2a: Sinistcha\n|-supereffective|p2b: Fezandipiti\n|-damage|p1b: Tatsugiri|65\/100\n|-damage|p2a: Sinistcha|97\/100\n|-damage|p2b: Fezandipiti|76\/100\n|move|p2a: Sinistcha|Matcha Gotcha|p1b: Tatsugiri|[spread] p1a,p1b\n|-damage|p1a: Iron Hands|83\/100\n|-heal|p2a: Sinistcha|100\/100|[from] drain|[of] p1a: Iron Hands\n|-damage|p1b: Tatsugiri|33\/100\n|move|p2b: Fezandipiti|Icy Wind|p1a: Iron Hands|[spread] p1a,p1b\n|-damage|p1a: Iron Hands|79\/100\n|-damage|p1b: Tatsugiri|23\/100\n|-unboost|p1a: Iron Hands|spe|1\n|-unboost|p1b: Tatsugiri|spe|1\n|-status|p1b: Tatsugiri|tox|[from] ability: Toxic Chain|[of] p2b: Fezandipiti\n|-enditem|p1b: Tatsugiri|Aguav Berry|[eat]\n|-heal|p1b: Tatsugiri|57\/100 tox|[from] item: Aguav Berry\n|move|p1b: Tatsugiri|Nasty Plot|p1b: Tatsugiri\n|-boost|p1b: Tatsugiri|spa|2\n|\n|-damage|p1b: Tatsugiri|50\/100 tox|[from] psn\n|-sideend|p2: ChoccyMilkMafia|move: Aurora Veil\n|-fieldend|move: Trick Room\n|upkeep\n|turn|10\n|-message|maxiass forfeited.\n|\n|win|ChoccyMilkMafia\n|raw|maxiass's rating: 1028 &rarr; <strong>1015<\/strong><br \/>(-13 for losing)\n|raw|ChoccyMilkMafia's rating: 1047 &rarr; <strong>1078<\/strong><br \/>(+31 for winning)\n|l|\u2606maxiass\n","uploadtime":1699808893,"views":10,"p1id":"maxiass","p2id":"choccymilkmafia","formatid":"gen9vgc2023regulatione","rating":1015,"private":0,"password":""}