{"id":"gen9vgc2023regulatione-1999009200","p1":"xingshen","p2":"UFOrbeetles15","format":"[Gen 9] VGC 2023 Regulation E","log":"|j|\u2606xingshen\n|j|\u2606UFOrbeetles15\n|t:|1701023443\n|gametype|doubles\n|player|p1|xingshen|1|1226\n|player|p2|UFOrbeetles15|102|1276\n|teamsize|p1|6\n|teamsize|p2|6\n|gen|9\n|tier|[Gen 9] VGC 2023 Regulation E\n|rated|\n|rule|Species Clause: Limit one of each Pok\u00e9mon\n|rule|Item Clause: Limit one of each item\n|clearpoke\n|poke|p1|Dondozo, L50, F|\n|poke|p1|Flutter Mane, L50|\n|poke|p1|Urshifu-*, L50, F|\n|poke|p1|Amoonguss, L50, F|\n|poke|p1|Tatsugiri, L50, F|\n|poke|p1|Ogerpon-Cornerstone, L50, F|\n|poke|p2|Iron Hands, L50|\n|poke|p2|Flutter Mane, L50|\n|poke|p2|Tornadus, L50, M|\n|poke|p2|Urshifu-*, L50, F|\n|poke|p2|Chien-Pao, L50|\n|poke|p2|Arcanine-Hisui, L50, F|\n|teampreview|4\n|\n|t:|1701023490\n|start\n|switch|p1a: Dondozo|Dondozo, L50, F|100\/100\n|switch|p1b: Urshifu|Urshifu, L50, F|100\/100\n|switch|p2a: Tornadus|Tornadus, L50, M, shiny|100\/100\n|switch|p2b: Urshifu|Urshifu-Rapid-Strike, L50, F|100\/100\n|turn|1\n|\n|t:|1701023519\n|switch|p1b: Tatsugiri|Tatsugiri, L50, F|100\/100\n|-activate|p1b: Tatsugiri|ability: Commander|[of] p1a: Dondozo\n|-boost|p1a: Dondozo|atk|2\n|-boost|p1a: Dondozo|spa|2\n|-boost|p1a: Dondozo|spe|2\n|-boost|p1a: Dondozo|def|2\n|-boost|p1a: Dondozo|spd|2\n|move|p2a: Tornadus|Bleakwind Storm|p1b: Tatsugiri|[spread] p1a\n|-miss|p2a: Tornadus|p1b: Tatsugiri\n|-damage|p1a: Dondozo|86\/100\n|move|p2b: Urshifu|Close Combat|p1a: Dondozo\n|-damage|p1a: Dondozo|66\/100\n|-unboost|p2b: Urshifu|def|1\n|-unboost|p2b: Urshifu|spd|1\n|move|p1a: Dondozo|Wave Crash|p2a: Tornadus\n|-damage|p2a: Tornadus|0 fnt\n|faint|p2a: Tornadus\n|-damage|p1a: Dondozo|46\/100|[from] Recoil\n|\n|upkeep\n|\n|t:|1701023532\n|switch|p2a: Iron Hands|Iron Hands, L50|100\/100\n|turn|2\n|\n|t:|1701023553\n|switch|p2b: Arcanine|Arcanine-Hisui, L50, F|100\/100\n|-ability|p2b: Arcanine|Intimidate|boost\n|-fail|p1a: Dondozo|unboost|Attack|[from] ability: Oblivious|[of] p1a: Dondozo\n|-unboost|p1b: Tatsugiri|atk|1\n|move|p2a: Iron Hands|Fake Out|p1a: Dondozo\n|-damage|p1a: Dondozo|41\/100\n|cant|p1a: Dondozo|flinch\n|\n|upkeep\n|turn|3\n|\n|t:|1701023592\n|switch|p2b: Urshifu|Urshifu-Rapid-Strike, L50, F|100\/100\n|-terastallize|p1a: Dondozo|Fire\n|move|p1a: Dondozo|Earthquake|p2b: Urshifu|[spread] p2a,p2b\n|-miss|p1a: Dondozo|p1b: Tatsugiri\n|-supereffective|p2a: Iron Hands\n|-damage|p2a: Iron Hands|41\/100\n|-damage|p2b: Urshifu|59\/100\n|move|p2a: Iron Hands|Wild Charge|p1a: Dondozo\n|-damage|p1a: Dondozo|26\/100\n|-damage|p2a: Iron Hands|37\/100|[from] Recoil\n|\n|upkeep\n|turn|4\n|\n|t:|1701023614\n|move|p2b: Urshifu|Surging Strikes|p1a: Dondozo\n|-supereffective|p1a: Dondozo\n|-crit|p1a: Dondozo\n|-damage|p1a: Dondozo|0 fnt\n|faint|p1a: Dondozo\n|-hitcount|p1: Dondozo|1\n|move|p2a: Iron Hands|Wild Charge|p1b: Tatsugiri\n|-damage|p1b: Tatsugiri|17\/100\n|-damage|p2a: Iron Hands|24\/100|[from] Recoil\n|\n|upkeep\n|\n|t:|1701023636\n|switch|p1a: Flutter Mane|Flutter Mane, L50|100\/100\n|-enditem|p1a: Flutter Mane|Booster Energy\n|-activate|p1a: Flutter Mane|ability: Protosynthesis|[fromitem]\n|-start|p1a: Flutter Mane|protosynthesisspe\n|turn|5\n|inactive|Battle timer is ON: inactive players will automatically lose when time's up. (requested by xingshen)\n|j| Raul2004\n|\n|t:|1701023717\n|move|p2b: Urshifu|Protect|p2b: Urshifu\n|-singleturn|p2b: Urshifu|Protect\n|move|p1a: Flutter Mane|Dazzling Gleam|p2b: Urshifu|[spread] p2a\n|-activate|p2b: Urshifu|move: Protect\n|-supereffective|p2a: Iron Hands\n|-damage|p2a: Iron Hands|0 fnt\n|faint|p2a: Iron Hands\n|-end|p2a: Iron Hands|Quark Drive|[silent]\n|move|p1b: Tatsugiri|Muddy Water|p2b: Urshifu\n|-activate|p2b: Urshifu|move: Protect\n|\n|upkeep\n|\n|t:|1701023722\n|switch|p2a: Arcanine|Arcanine-Hisui, L50, F|100\/100\n|-ability|p2a: Arcanine|Intimidate|boost\n|-unboost|p1a: Flutter Mane|atk|1\n|-unboost|p1b: Tatsugiri|atk|1\n|turn|6\n|inactive|UFOrbeetles15 has 30 seconds left.\n|inactive|UFOrbeetles15 has 20 seconds left.\n|l| Raul2004\n|inactive|UFOrbeetles15 has 15 seconds left.\n|\n|t:|1701023762\n|-terastallize|p2b: Urshifu|Water\n|move|p2b: Urshifu|Aqua Jet|p1a: Flutter Mane\n|-damage|p1a: Flutter Mane|39\/100\n|move|p1a: Flutter Mane|Thunderbolt|p2b: Urshifu\n|-supereffective|p2b: Urshifu\n|-damage|p2b: Urshifu|0 fnt\n|faint|p2b: Urshifu\n|move|p2a: Arcanine|Rock Slide|p1a: Flutter Mane|[spread] p1b\n|-miss|p2a: Arcanine|p1a: Flutter Mane\n|-crit|p1b: Tatsugiri\n|-damage|p1b: Tatsugiri|0 fnt\n|faint|p1b: Tatsugiri\n|\n|upkeep\n|\n|t:|1701023779\n|switch|p1b: Urshifu|Urshifu, L50, F|100\/100\n|turn|7\n|\n|t:|1701023790\n|move|p1b: Urshifu|Sucker Punch|p2a: Arcanine\n|-damage|p2a: Arcanine|53\/100\n|move|p1a: Flutter Mane|Shadow Ball|p2a: Arcanine\n|-damage|p2a: Arcanine|5\/100\n|-unboost|p2a: Arcanine|spd|1\n|-enditem|p2a: Arcanine|Sitrus Berry|[eat]\n|-heal|p2a: Arcanine|29\/100|[from] item: Sitrus Berry\n|move|p2a: Arcanine|Rock Slide|p1b: Urshifu|[spread] p1a,p1b\n|-resisted|p1b: Urshifu\n|-damage|p1a: Flutter Mane|0 fnt\n|-damage|p1b: Urshifu|88\/100\n|faint|p1a: Flutter Mane\n|-end|p1a: Flutter Mane|Protosynthesis|[silent]\n|\n|upkeep\n|turn|8\n|\n|t:|1701023811\n|move|p2a: Arcanine|Extreme Speed|p1b: Urshifu\n|-damage|p1b: Urshifu|60\/100\n|move|p1b: Urshifu|Sucker Punch||[still]\n|-fail|p1b: Urshifu\n|\n|upkeep\n|turn|9\n|\n|t:|1701023830\n|move|p2a: Arcanine|Extreme Speed|p1b: Urshifu\n|-damage|p1b: Urshifu|35\/100\n|move|p1b: Urshifu|Wicked Blow|p2a: Arcanine\n|-crit|p2a: Arcanine\n|-damage|p2a: Arcanine|0 fnt\n|faint|p2a: Arcanine\n|\n|win|xingshen\n|raw|xingshen's rating: 1206 &rarr; <strong>1236<\/strong><br \/>(+30 for winning)\n|raw|UFOrbeetles15's rating: 1276 &rarr; <strong>1246<\/strong><br \/>(-30 for losing)\n|l|\u2606UFOrbeetles15\n","uploadtime":1701023845,"views":5,"p1id":"xingshen","p2id":"uforbeetles15","formatid":"gen9vgc2023regulatione","rating":1236,"private":0,"password":""}