{"id":"gen9vgc2023regulatione-1989252162","p1":"WilfredVGC","p2":"5wamp","format":"[Gen 9] VGC 2023 Regulation E","log":"|j|\u2606WilfredVGC\n|j|\u26065wamp\n|n|\u2606WilfredVGC|wilfredvgc\n|n|\u26065wamp|5wamp\n|html|View the match progress at <a href=\"\/game-bestof3-gen9vgc2023regulatione-1989252161\">game-bestof3-gen9vgc2023regulatione-1989252161<\/a>\n|t:|1699828225\n|gametype|doubles\n|player|p1|WilfredVGC|roxanne|\n|player|p2|5wamp|carmine-festival|\n|teamsize|p1|6\n|teamsize|p2|6\n|gen|9\n|tier|[Gen 9] VGC 2023 Regulation E\n|rule|Species Clause: Limit one of each Pok\u00e9mon\n|rule|Item Clause: Limit one of each item\n|clearpoke\n|poke|p1|Bronzong, L50|\n|poke|p1|Ursaluna, L50, F|\n|poke|p1|Regidrago, L50|\n|poke|p1|Iron Hands, L50|\n|poke|p1|Ogerpon-Cornerstone, L50, F|\n|poke|p1|Gastrodon, L50, M|\n|poke|p2|Dondozo, L50, M|\n|poke|p2|Tatsugiri, L50, F|\n|poke|p2|Rillaboom, L50, F|\n|poke|p2|Volcarona, L50, M|\n|poke|p2|Kingambit, L50, F|\n|poke|p2|Clefairy, L50, M|\n|teampreview|4\n5wamp has agreed to open team sheets.\n|c|\u26065wamp|glhf\n|j| MattC (Banned)\n|j| Renjuu\nWilfredVGC has agreed to open team sheets.\n|showteam|p1|Bronzong||MentalHerb|Levitate|Safeguard,TrickRoom,GyroBall,Protect||||||50|,,,,,Fire]Ursaluna||FlameOrb|Guts|HeadlongRush,Facade,SwordsDance,Protect|||F|||50|,,,,,Ghost]Regidrago||DragonFang|DragonsMaw|DragonEnergy,DracoMeteor,EarthPower,Protect||||||50|,,,,,Steel]Iron Hands||SitrusBerry|QuarkDrive|DrainPunch,WildCharge,FakeOut,Whirlwind||||||50|,,,,,Water]Ogerpon-Cornerstone||CornerstoneMask|Sturdy|IvyCudgel,WoodHammer,FollowMe,Uturn|||F|||50|,,,,,Rock]Gastrodon||Leftovers|StormDrain|Yawn,IceBeam,HelpingHand,Protect|||M|||50|,,,,,Fire\n|showteam|p2|Dondozo||Leftovers|Unaware|OrderUp,Earthquake,WaveCrash,Protect|||M|||50|,,,,,Grass]Tatsugiri||ChoiceScarf|Commander|DracoMeteor,MuddyWater,IcyWind,TeraBlast|||F|||50|,,,,,Steel]Rillaboom||AssaultVest|GrassySurge|WoodHammer,GrassyGlide,Uturn,FakeOut|||F|||50|,,,,,Fire]Volcarona||SitrusBerry|FlameBody|Protect,HeatWave,TeraBlast,QuiverDance|||M|||50|,,,,,Ground]Kingambit||BlackGlasses|Defiant|Protect,KowtowCleave,SuckerPunch,SwordsDance|||F|||50|,,,,,Dark]Clefairy||Eviolite|FriendGuard|Protect,HelpingHand,FollowMe,HealPulse|||M|||50|,,,,,Grass\n|c| Renjuu|DAWG\n|inactive|Battle timer is ON: inactive players will automatically lose when time's up. (requested by 5wamp)\n|j| Natnat_24\n|\n|t:|1699828289\n|start\n|switch|p1a: Bronzong|Bronzong, L50|100\/100\n|switch|p1b: Gastrodon|Gastrodon, L50, M, shiny|100\/100\n|switch|p2a: Volcarona|Volcarona, L50, M|100\/100\n|switch|p2b: Clefairy|Clefairy, L50, M|100\/100\n|turn|1\n|c| MattC (Banned)|volcarona\n|c| MattC (Banned)|but why\n|c| Natnat_24|volc clef is crazy\n|j| iPetBigfoot\n|c| Renjuu|send me this team fr\n|inactive|5wamp has 30 seconds left.\n|\n|t:|1699828317\n|switch|p1a: Ogerpon|Ogerpon-Cornerstone, L50, F|100\/100\n|move|p2b: Clefairy|Follow Me|p2b: Clefairy\n|-singleturn|p2b: Clefairy|move: Follow Me\n|move|p2a: Volcarona|Quiver Dance|p2a: Volcarona\n|-boost|p2a: Volcarona|spa|1\n|-boost|p2a: Volcarona|spd|1\n|-boost|p2a: Volcarona|spe|1\n|move|p1b: Gastrodon|Yawn|p2b: Clefairy\n|-start|p2b: Clefairy|move: Yawn|[of] p1b: Gastrodon\n|\n|upkeep\n|turn|2\n|c| iPetBigfoot|is this for week 1 or 2\n|c|\u26065wamp|3\n|c| MattC (Banned)|oooof\n|c| Renjuu|this is for week 1\n|inactive|WilfredVGC has 30 seconds left.\n|inactive|5wamp has 30 seconds left.\n|c| Renjuu|swamp got banned by sock]\n|\n|t:|1699828350\n|switch|p1a: Bronzong|Bronzong, L50|100\/100\n|switch|p2b: Rillaboom|Rillaboom, L50, F|100\/100\n|-fieldstart|move: Grassy Terrain|[from] ability: Grassy Surge|[of] p2b: Rillaboom\n|move|p2a: Volcarona|Protect|p2a: Volcarona\n|-singleturn|p2a: Volcarona|Protect\n|move|p1b: Gastrodon|Protect||[still]\n|-fail|p1b: Gastrodon\n|\n|upkeep\n|turn|3\n|c| Renjuu|so did me and aaron\n|\n|t:|1699828368\n|-terastallize|p1b: Gastrodon|Fire\n|move|p1a: Bronzong|Protect|p1a: Bronzong\n|-singleturn|p1a: Bronzong|Protect\n|move|p2b: Rillaboom|Fake Out|p1b: Gastrodon\n|-damage|p1b: Gastrodon|88\/100\n|move|p2a: Volcarona|Quiver Dance|p2a: Volcarona\n|-boost|p2a: Volcarona|spa|1\n|-boost|p2a: Volcarona|spd|1\n|-boost|p2a: Volcarona|spe|1\n|cant|p1b: Gastrodon|flinch\n|\n|-heal|p1b: Gastrodon|95\/100|[from] Grassy Terrain\n|-heal|p1b: Gastrodon|100\/100|[from] item: Leftovers\n|upkeep\n|turn|4\n|c| Natnat_24|moment\n|\n|t:|1699828385\n|-terastallize|p2a: Volcarona|Ground\n|move|p2a: Volcarona|Tera Blast|p1b: Gastrodon|[anim] Tera Blast Ground\n|-supereffective|p1b: Gastrodon\n|-damage|p1b: Gastrodon|0 fnt\n|faint|p1b: Gastrodon\n|move|p2b: Rillaboom|U-turn|p1a: Bronzong\n|-damage|p1a: Bronzong|79\/100\n|c| iPetBigfoot|I can see why swamp was banned\n|\n|t:|1699828392\n|switch|p2b: Clefairy|Clefairy, L50, M|100\/100|[from] U-turn\n|move|p1a: Bronzong|Trick Room|p1a: Bronzong\n|-fieldstart|move: Trick Room|[of] p1a: Bronzong\n|\n|upkeep\n|c|\u2606WilfredVGC|Shiylt\n|c|\u2606WilfredVGC|Shit\n|c|\u26065wamp|volcarona\n|c|\u2606WilfredVGC|Im in danger\n|\n|t:|1699828412\n|switch|p1b: Ursaluna|Ursaluna, L50, F|100\/100\n|turn|5\n|\n|t:|1699828426\n|move|p1b: Ursaluna|Protect|p1b: Ursaluna\n|-singleturn|p1b: Ursaluna|Protect\n|move|p2b: Clefairy|Follow Me|p2b: Clefairy\n|-singleturn|p2b: Clefairy|move: Follow Me\n|move|p1a: Bronzong|Gyro Ball|p2b: Clefairy\n|-supereffective|p2b: Clefairy\n|-damage|p2b: Clefairy|80\/100\n|move|p2a: Volcarona|Heat Wave|p1b: Ursaluna|[spread] p1a\n|-activate|p1b: Ursaluna|move: Protect\n|-supereffective|p1a: Bronzong\n|-damage|p1a: Bronzong|0 fnt\n|faint|p1a: Bronzong\n|\n|-heal|p2b: Clefairy|86\/100|[from] Grassy Terrain\n|-status|p1b: Ursaluna|brn|[from] item: Flame Orb\n|upkeep\n|j| Breloom3912\n|\n|t:|1699828432\n|switch|p1a: Ogerpon|Ogerpon-Cornerstone, L50, F|100\/100\n|turn|6\n|c| Natnat_24|huge damage\n|l| Breloom3912\n|c| MattC (Banned)|facade\n|\n|t:|1699828446\n|move|p2b: Clefairy|Protect|p2b: Clefairy\n|-singleturn|p2b: Clefairy|Protect\n|move|p2a: Volcarona|Protect|p2a: Volcarona\n|-singleturn|p2a: Volcarona|Protect\n|move|p1b: Ursaluna|Facade|p2b: Clefairy\n|-activate|p2b: Clefairy|move: Protect\n|move|p1a: Ogerpon|Wood Hammer|p2a: Volcarona\n|-activate|p2a: Volcarona|move: Protect\n|\n|-heal|p2b: Clefairy|93\/100|[from] Grassy Terrain\n|-damage|p1b: Ursaluna|95\/100 brn|[from] brn\n|-fieldend|move: Grassy Terrain\n|upkeep\n|turn|7\n|c| MattC (Banned)|moof\n|inactive|5wamp has 30 seconds left.\n|inactive|5wamp has 20 seconds left.\n|inactive|5wamp has 15 seconds left.\n|\n|t:|1699828491\n|switch|p2b: Kingambit|Kingambit, L50, F|100\/100\n|switch|p2a: Rillaboom|Rillaboom, L50, F|100\/100\n|-fieldstart|move: Grassy Terrain|[from] ability: Grassy Surge|[of] p2a: Rillaboom\n|move|p1b: Ursaluna|Facade|p2a: Rillaboom\n|-damage|p2a: Rillaboom|0 fnt\n|faint|p2a: Rillaboom\n|move|p1a: Ogerpon|Wood Hammer|p2b: Kingambit\n|-resisted|p2b: Kingambit\n|-damage|p2b: Kingambit|63\/100\n|-damage|p1a: Ogerpon|86\/100|[from] Recoil\n|\n|-heal|p1b: Ursaluna|100\/100 brn|[from] Grassy Terrain\n|-heal|p2b: Kingambit|69\/100|[from] Grassy Terrain\n|-heal|p1a: Ogerpon|92\/100|[from] Grassy Terrain\n|-damage|p1b: Ursaluna|95\/100 brn|[from] brn\n|upkeep\n|inactive|5wamp has 30 seconds left.\n|c| Natnat_24|did he really just switch out the +2 spa spdef speed volc\n|\n|t:|1699828520\n|switch|p2a: Clefairy|Clefairy, L50, M|93\/100\n|turn|8\n|c| MattC (Banned)|huge turn\n|c| MattC (Banned)|ngl\n|\n|t:|1699828548\n|move|p2a: Clefairy|Protect|p2a: Clefairy\n|-singleturn|p2a: Clefairy|Protect\n|move|p2b: Kingambit|Protect|p2b: Kingambit\n|-singleturn|p2b: Kingambit|Protect\n|move|p1b: Ursaluna|Facade|p2a: Clefairy\n|-activate|p2a: Clefairy|move: Protect\n|move|p1a: Ogerpon|Ivy Cudgel|p2b: Kingambit\n|-activate|p2b: Kingambit|move: Protect\n|\n|-heal|p1b: Ursaluna|100\/100 brn|[from] Grassy Terrain\n|-heal|p2a: Clefairy|99\/100|[from] Grassy Terrain\n|-heal|p2b: Kingambit|75\/100|[from] Grassy Terrain\n|-heal|p1a: Ogerpon|98\/100|[from] Grassy Terrain\n|-damage|p1b: Ursaluna|95\/100 brn|[from] brn\n|-fieldend|move: Trick Room\n|upkeep\n|turn|9\n|\n|t:|1699828563\n|move|p2a: Clefairy|Helping Hand|p2b: Kingambit\n|-singleturn|p2b: Kingambit|Helping Hand|[of] p2a: Clefairy\n|move|p2b: Kingambit|Sucker Punch|p1b: Ursaluna\n|-damage|p1b: Ursaluna|44\/100 brn\n|move|p1a: Ogerpon|Ivy Cudgel|p2a: Clefairy\n|-damage|p2a: Clefairy|49\/100\n|move|p1b: Ursaluna|Facade|p2a: Clefairy\n|-damage|p2a: Clefairy|0 fnt\n|faint|p2a: Clefairy\n|\n|-heal|p1a: Ogerpon|100\/100|[from] Grassy Terrain\n|-heal|p2b: Kingambit|80\/100|[from] Grassy Terrain\n|-heal|p1b: Ursaluna|49\/100 brn|[from] Grassy Terrain\n|-damage|p1b: Ursaluna|44\/100 brn|[from] brn\n|upkeep\n|\n|t:|1699828571\n|switch|p2a: Volcarona|Volcarona, L50, M, tera:Ground|100\/100\n|turn|10\n|\n|t:|1699828588\n|move|p2a: Volcarona|Protect|p2a: Volcarona\n|-singleturn|p2a: Volcarona|Protect\n|move|p2b: Kingambit|Sucker Punch|p1a: Ogerpon\n|-damage|p1a: Ogerpon|43\/100\n|move|p1a: Ogerpon|Wood Hammer|p2a: Volcarona\n|-activate|p2a: Volcarona|move: Protect\n|move|p1b: Ursaluna|Headlong Rush|p2b: Kingambit\n|-supereffective|p2b: Kingambit\n|-damage|p2b: Kingambit|0 fnt\n|-unboost|p1b: Ursaluna|def|1\n|-unboost|p1b: Ursaluna|spd|1\n|faint|p2b: Kingambit\n|\n|-heal|p1a: Ogerpon|49\/100|[from] Grassy Terrain\n|-heal|p1b: Ursaluna|49\/100 brn|[from] Grassy Terrain\n|-damage|p1b: Ursaluna|44\/100 brn|[from] brn\n|upkeep\n|turn|11\n|\n|t:|1699828598\n|move|p1a: Ogerpon|Wood Hammer|p2a: Volcarona\n|-supereffective|p2a: Volcarona\n|-damage|p2a: Volcarona|0 fnt\n|-status|p1a: Ogerpon|brn|[from] ability: Flame Body|[of] p2a: Volcarona\n|faint|p2a: Volcarona\n|-damage|p1a: Ogerpon|11\/100 brn|[from] Recoil\n|\n|win|WilfredVGC\n|c|\u26065wamp|gg\n|c| MattC (Banned)|ooof\n|c|&|\/uhtml prompt-5wamp,5wamp is ready for game 2!\n","uploadtime":1699828608,"views":12,"p1id":"wilfredvgc","p2id":"5wamp","formatid":"gen9vgc2023regulatione","rating":0,"private":0,"password":""}