{"id":"gen9vgc2023regulatione-1989758744","p1":"AngelilloVGC","p2":"fargleborf","format":"[Gen 9] VGC 2023 Regulation E","log":"|j|\u2606AngelilloVGC\n|j|\u2606fargleborf\n|t:|1699893287\n|gametype|doubles\n|player|p1|AngelilloVGC|roughneck-gen4|1111\n|player|p2|fargleborf|adaman|1148\n|teamsize|p1|6\n|teamsize|p2|6\n|gen|9\n|tier|[Gen 9] VGC 2023 Regulation E\n|rated|\n|rule|Species Clause: Limit one of each Pok\u00e9mon\n|rule|Item Clause: Limit one of each item\n|clearpoke\n|poke|p1|Empoleon, L50, F|\n|poke|p1|Wyrdeer, L50, M|\n|poke|p1|Zapdos-Galar, L50|\n|poke|p1|Chien-Pao, L50|\n|poke|p1|Gastrodon, L50, M|\n|poke|p1|Iron Moth, L50|\n|poke|p2|Armarouge, L50, M|\n|poke|p2|Indeedee-F, L50, F|\n|poke|p2|Gardevoir, L50, F|\n|poke|p2|Murkrow, L50, F|\n|poke|p2|Flamigo, L50, F|\n|poke|p2|Sandy Shocks, L50|\n|teampreview|4\n|inactive|Battle timer is ON: inactive players will automatically lose when time's up. (requested by fargleborf)\n|c|\u2606fargleborf|hi again\n|c|\u2606AngelilloVGC|hi bro\n|c|\u2606AngelilloVGC|suerte\n|c|\u2606AngelilloVGC|good luck\n|c|\u2606fargleborf|good luck, have fun\n|\n|t:|1699893316\n|start\n|switch|p1a: Empoleon|Empoleon, L50, F|100\/100\n|switch|p1b: Wyrdeer|Wyrdeer, L50, M|100\/100\n|switch|p2a: Sandy Shocks|Sandy Shocks, L50|100\/100\n|switch|p2b: Indeedee|Indeedee-F, L50, F|100\/100\n|-fieldstart|move: Psychic Terrain|[from] ability: Psychic Surge|[of] p2b: Indeedee\n|-ability|p1b: Wyrdeer|Intimidate|boost\n|-unboost|p2a: Sandy Shocks|atk|1\n|-unboost|p2b: Indeedee|atk|1\n|-enditem|p2a: Sandy Shocks|Booster Energy\n|-activate|p2a: Sandy Shocks|ability: Protosynthesis|[fromitem]\n|-start|p2a: Sandy Shocks|protosynthesisspe\n|turn|1\n|inactive|fargleborf has 30 seconds left.\n|\n|t:|1699893345\n|move|p1a: Empoleon|Protect|p1a: Empoleon\n|-singleturn|p1a: Empoleon|Protect\n|move|p2b: Indeedee|Follow Me|p2b: Indeedee\n|-singleturn|p2b: Indeedee|move: Follow Me\n|move|p2a: Sandy Shocks|Earth Power|p1b: Wyrdeer\n|-damage|p1b: Wyrdeer|69\/100\n|move|p1b: Wyrdeer|Skill Swap|p2b: Indeedee\n|-activate|p1b: Wyrdeer|move: Skill Swap|Psychic Surge|Intimidate|[of] p2b: Indeedee\n|-ability|p2b: Indeedee|Intimidate|boost\n|-unboost|p1a: Empoleon|atk|1\n|-ability|p1a: Empoleon|Competitive|boost\n|-boost|p1a: Empoleon|spa|2\n|-unboost|p1b: Wyrdeer|atk|1\n|\n|upkeep\n|turn|2\n|\n|t:|1699893368\n|-terastallize|p1a: Empoleon|Fairy\n|move|p2a: Sandy Shocks|Protect|p2a: Sandy Shocks\n|-singleturn|p2a: Sandy Shocks|Protect\n|move|p2b: Indeedee|Dazzling Gleam|p1b: Wyrdeer|[spread] p1a,p1b\n|-damage|p1a: Empoleon|89\/100\n|-damage|p1b: Wyrdeer|59\/100\n|move|p1a: Empoleon|Blizzard|p2a: Sandy Shocks|[spread] p2b\n|-activate|p2a: Sandy Shocks|move: Protect\n|-damage|p2b: Indeedee|46\/100\n|move|p1b: Wyrdeer|Gravity|p1b: Wyrdeer\n|-fieldstart|move: Gravity\n|\n|-heal|p1a: Empoleon|95\/100|[from] item: Leftovers\n|upkeep\n|turn|3\n|inactive|AngelilloVGC has 30 seconds left.\n|\n|t:|1699893395\n|switch|p2b: Armarouge|Armarouge, L50, M|100\/100\n|move|p1b: Wyrdeer|Helping Hand|p1a: Empoleon\n|-singleturn|p1a: Empoleon|Helping Hand|[of] p1b: Wyrdeer\n|move|p2a: Sandy Shocks|Bulldoze|p1b: Wyrdeer|[spread] p2b,p1a,p1b\n|-supereffective|p2b: Armarouge\n|-damage|p2b: Armarouge|84\/100\n|-damage|p1a: Empoleon|86\/100\n|-damage|p1b: Wyrdeer|50\/100\n|-unboost|p2b: Armarouge|spe|1\n|-unboost|p1a: Empoleon|spe|1\n|-ability|p1a: Empoleon|Competitive|boost\n|-boost|p1a: Empoleon|spa|2\n|-unboost|p1b: Wyrdeer|spe|1\n|-ability|p2b: Armarouge|Weak Armor|boost\n|-unboost|p2b: Armarouge|def|1\n|-boost|p2b: Armarouge|spe|2\n|-enditem|p2b: Armarouge|Weakness Policy\n|-boost|p2b: Armarouge|atk|2|[from] item: Weakness Policy\n|-boost|p2b: Armarouge|spa|2|[from] item: Weakness Policy\n|move|p1a: Empoleon|Blizzard|p2b: Armarouge|[spread] p2a,p2b\n|-supereffective|p2a: Sandy Shocks\n|-resisted|p2b: Armarouge\n|-damage|p2a: Sandy Shocks|0 fnt\n|-damage|p2b: Armarouge|5\/100\n|faint|p2a: Sandy Shocks\n|-end|p2a: Sandy Shocks|Protosynthesis|[silent]\n|\n|-heal|p1a: Empoleon|92\/100|[from] item: Leftovers\n|upkeep\n|\n|t:|1699893404\n|switch|p2a: Flamigo|Flamigo, L50, F|100\/100\n|-copyboost|p2a: Flamigo|p2b: Armarouge|[from] ability: Costar\n|turn|4\n|c|\u2606fargleborf|Close again! \ud83d\ude04\n|inactive|AngelilloVGC has 30 seconds left.\n|inactive|AngelilloVGC has 20 seconds left.\n|inactive|AngelilloVGC has 15 seconds left.\n|\n|t:|1699893447\n|move|p1a: Empoleon|Protect|p1a: Empoleon\n|-singleturn|p1a: Empoleon|Protect\n|move|p2a: Flamigo|Close Combat|p1b: Wyrdeer\n|-damage|p1b: Wyrdeer|0 fnt\n|-unboost|p2a: Flamigo|def|1\n|-unboost|p2a: Flamigo|spd|1\n|faint|p1b: Wyrdeer\n|move|p2b: Armarouge|Expanding Force|p1a: Empoleon\n|-activate|p1a: Empoleon|move: Protect\n|\n|-heal|p1a: Empoleon|98\/100|[from] item: Leftovers\n|upkeep\n|\n|t:|1699893459\n|switch|p1b: Chien-Pao|Chien-Pao, L50|100\/100\n|-ability|p1b: Chien-Pao|Sword of Ruin\n|turn|5\n|inactive|fargleborf has 30 seconds left.\n|\n|t:|1699893492\n|-terastallize|p2a: Flamigo|Steel\n|move|p2a: Flamigo|Close Combat|p1b: Chien-Pao\n|-supereffective|p1b: Chien-Pao\n|-enditem|p1b: Chien-Pao|Focus Sash\n|-damage|p1b: Chien-Pao|1\/100\n|-unboost|p2a: Flamigo|def|1\n|-unboost|p2a: Flamigo|spd|1\n|move|p2b: Armarouge|Expanding Force|p1b: Chien-Pao|[spread] p1a\n|-immune|p1b: Chien-Pao\n|-damage|p1a: Empoleon|0 fnt\n|faint|p1a: Empoleon\n|move|p1b: Chien-Pao|Ice Spinner|p2a: Flamigo\n|-resisted|p2a: Flamigo\n|-damage|p2a: Flamigo|5\/100\n|-fieldend|move: Psychic Terrain\n|\n|upkeep\n|\n|t:|1699893506\n|switch|p1a: Zapdos|Zapdos-Galar, L50|100\/100\n|turn|6\n|\n|t:|1699893529\n|switch|p2a: Indeedee|Indeedee-F, L50, F|46\/100\n|-fieldstart|move: Psychic Terrain|[from] ability: Psychic Surge|[of] p2a: Indeedee\n|move|p2b: Armarouge|Protect|p2b: Armarouge\n|-singleturn|p2b: Armarouge|Protect\n|move|p1b: Chien-Pao|Sucker Punch||[still]\n|-fail|p1b: Chien-Pao\n|move|p1a: Zapdos|Stomping Tantrum|p2a: Indeedee\n|-damage|p2a: Indeedee|0 fnt\n|faint|p2a: Indeedee\n|\n|-fieldend|move: Gravity\n|upkeep\n|\n|t:|1699893540\n|switch|p2a: Flamigo|Flamigo, L50, F, tera:Steel|5\/100\n|-copyboost|p2a: Flamigo|p2b: Armarouge|[from] ability: Costar\n|turn|7\n|\n|t:|1699893555\n|move|p1b: Chien-Pao|Protect|p1b: Chien-Pao\n|-singleturn|p1b: Chien-Pao|Protect\n|move|p1a: Zapdos|Stomping Tantrum|p2b: Armarouge\n|-supereffective|p2b: Armarouge\n|-damage|p2b: Armarouge|0 fnt\n|faint|p2b: Armarouge\n|move|p2a: Flamigo|Brave Bird|p1a: Zapdos\n|-supereffective|p1a: Zapdos\n|-damage|p1a: Zapdos|0 fnt\n|faint|p1a: Zapdos\n|-damage|p2a: Flamigo|0 fnt|[from] Recoil\n|faint|p2a: Flamigo\n|\n|win|AngelilloVGC\n|raw|AngelilloVGC's rating: 1111 &rarr; <strong>1139<\/strong><br \/>(+28 for winning)\n|raw|fargleborf's rating: 1148 &rarr; <strong>1120<\/strong><br \/>(-28 for losing)\n|c|\u2606fargleborf|DUDE\n|c|\u2606fargleborf|THAT WAS AWESOME\n|c|\u2606AngelilloVGC|gg\n|c|\u2606fargleborf|GGGGGGGGG\n|c|\u2606AngelilloVGC|thanks bro gg\n|c|\u2606fargleborf|Well played man, have a great day\n","uploadtime":1699893575,"views":7,"p1id":"angelillovgc","p2id":"fargleborf","formatid":"gen9vgc2023regulatione","rating":1120,"private":0,"password":""}