{"id":"gen9vgc2023regulatione-1990733162","p1":"Kill_Ko_Kill","p2":"zakpaskal","format":"[Gen 9] VGC 2023 Regulation E","log":"|j|\u203dKill_Ko_Kill\n|j|\u2606zakpaskal\n|t:|1699995774\n|gametype|doubles\n|player|p1|Kill_Ko_Kill|ingo|1456\n|player|p2|zakpaskal|crasherwake|1453\n|teamsize|p1|6\n|teamsize|p2|6\n|gen|9\n|tier|[Gen 9] VGC 2023 Regulation E\n|rated|\n|rule|Species Clause: Limit one of each Pok\u00e9mon\n|rule|Item Clause: Limit one of each item\n|clearpoke\n|poke|p1|Ursaluna-Bloodmoon, L50, M|\n|poke|p1|Armarouge, L50, M|\n|poke|p1|Glastrier, L50|\n|poke|p1|Torkoal, L50, M|\n|poke|p1|Oranguru, L50, M|\n|poke|p1|Indeedee-F, L50, F|\n|poke|p2|Tornadus, L50, M|\n|poke|p2|Chien-Pao, L50|\n|poke|p2|Landorus-Therian, L50, M|\n|poke|p2|Heatran, L50, M|\n|poke|p2|Goodra-Hisui, L50, F|\n|poke|p2|Annihilape, L50, M|\n|teampreview|4\n|\n|t:|1699995872\n|start\n|switch|p1a: Armarouge|Armarouge, L50, M|100\/100\n|switch|p1b: Indeedee|Indeedee-F, L50, F|100\/100\n|switch|p2a: Landorus|Landorus-Therian, L50, M|100\/100\n|switch|p2b: Tornadus|Tornadus, L50, M|100\/100\n|-ability|p2a: Landorus|Intimidate|boost\n|-unboost|p1a: Armarouge|atk|1\n|-unboost|p1b: Indeedee|atk|1\n|-fieldstart|move: Psychic Terrain|[from] ability: Psychic Surge|[of] p1b: Indeedee\n|turn|1\n|l|\u203dKill_Ko_Kill\n|player|p1|\n|j|\u203dKill_Ko_Kill\n|player|p1|Kill_Ko_Kill|ingo\n|n|\u203dKill_Ko_Kill|killkokill\n|inactive|Battle timer is ON: inactive players will automatically lose when time's up. (requested by zakpaskal)\n|\n|t:|1699995898\n|move|p1a: Armarouge|Wide Guard|p1a: Armarouge\n|-singleturn|p1a: Armarouge|Wide Guard\n|move|p2b: Tornadus|Taunt|p1b: Indeedee\n|-activate|p1b: Indeedee|move: Psychic Terrain\n|move|p2a: Landorus|Earthquake|p1a: Armarouge|[spread] \n|-activate|p1a: Armarouge|move: Wide Guard\n|-activate|p1b: Indeedee|move: Wide Guard\n|-immune|p2b: Tornadus\n|move|p1b: Indeedee|Trick Room|p1b: Indeedee\n|-fieldstart|move: Trick Room|[of] p1b: Indeedee\n|\n|upkeep\n|turn|2\n|inactive|zakpaskal has 30 seconds left.\n|\n|t:|1699995929\n|switch|p2a: Chien-Pao|Chien-Pao, L50|100\/100\n|-ability|p2a: Chien-Pao|Sword of Ruin\n|move|p1b: Indeedee|Helping Hand|p1a: Armarouge\n|-singleturn|p1a: Armarouge|Helping Hand|[of] p1b: Indeedee\n|move|p2b: Tornadus|Tailwind|p2b: Tornadus\n|-sidestart|p2: zakpaskal|move: Tailwind\n|move|p1a: Armarouge|Expanding Force|p2b: Tornadus|[spread] p2b\n|-immune|p2a: Chien-Pao\n|-damage|p2b: Tornadus|0 fnt\n|faint|p2b: Tornadus\n|-damage|p1a: Armarouge|91\/100|[from] item: Life Orb\n|\n|upkeep\n|\n|t:|1699995939\n|switch|p2b: Annihilape|Annihilape, L50, M|100\/100\n|turn|3\n|\n|t:|1699995961\n|-terastallize|p2b: Annihilape|Fire\n|move|p1b: Indeedee|Follow Me|p1b: Indeedee\n|-singleturn|p1b: Indeedee|move: Follow Me\n|move|p1a: Armarouge|Expanding Force|p2a: Chien-Pao|[spread] p2b\n|-immune|p2a: Chien-Pao\n|-damage|p2b: Annihilape|26\/100\n|-enditem|p2b: Annihilape|Sitrus Berry|[eat]\n|-heal|p2b: Annihilape|51\/100|[from] item: Sitrus Berry\n|-damage|p1a: Armarouge|81\/100|[from] item: Life Orb\n|move|p2b: Annihilape|Rage Fist|p1b: Indeedee\n|-immune|p1b: Indeedee\n|move|p2a: Chien-Pao|Icicle Crash|p1b: Indeedee\n|-damage|p1b: Indeedee|39\/100\n|\n|upkeep\n|turn|4\n|l|\u2606zakpaskal\n|inactive|zakpaskal disconnected and has a minute to reconnect!\n|player|p2|\n|\n|t:|1699995984\n|move|p2b: Annihilape|Protect|p2b: Annihilape\n|-singleturn|p2b: Annihilape|Protect\n|move|p2a: Chien-Pao|Protect|p2a: Chien-Pao\n|-singleturn|p2a: Chien-Pao|Protect\n|move|p1b: Indeedee|Follow Me|p1b: Indeedee\n|-singleturn|p1b: Indeedee|move: Follow Me\n|move|p1a: Armarouge|Expanding Force|p2b: Annihilape|[spread] \n|-activate|p2a: Chien-Pao|move: Protect\n|-activate|p2b: Annihilape|move: Protect\n|\n|upkeep\n|turn|5\n|inactive|zakpaskal has 30 seconds left.\n|inactive|zakpaskal has 20 seconds left.\n|inactive|zakpaskal has 15 seconds left.\n|inactive|zakpaskal has 10 seconds left.\n|inactive|zakpaskal has 5 seconds left.\n|-message|zakpaskal lost due to inactivity.\n|\n|win|Kill_Ko_Kill\n|raw|Kill_Ko_Kill's rating: 1456 &rarr; <strong>1476<\/strong><br \/>(+20 for winning)\n|raw|zakpaskal's rating: 1453 &rarr; <strong>1433<\/strong><br \/>(-20 for losing)\n","uploadtime":1699996048,"views":10,"p1id":"killkokill","p2id":"zakpaskal","formatid":"gen9vgc2023regulatione","rating":1433,"private":0,"password":""}