{"id":"gen9vgc2023regulatione-1991211305","p1":"matthewssandslash","p2":"Twodie","format":"[Gen 9] VGC 2023 Regulation E","log":"|j|\u2606matthewssandslash\n|j|\u2606Twodie\n|n|\u2606matthewssandslash|matthewssandslash\n|n|\u2606Twodie|twodie\n|html|View the match progress at <a href=\"\/game-bestof3-gen9vgc2023regulatione-1991207055\">game-bestof3-gen9vgc2023regulatione-1991207055<\/a>\n|t:|1700057590\n|gametype|doubles\n|player|p1|matthewssandslash|1|\n|player|p2|Twodie|170|\n|teamsize|p1|6\n|teamsize|p2|6\n|gen|9\n|tier|[Gen 9] VGC 2023 Regulation E\n|rule|Species Clause: Limit one of each Pok\u00e9mon\n|rule|Item Clause: Limit one of each item\n|clearpoke\n|poke|p1|Piloswine, L50, F|\n|poke|p1|Toxicroak, L50, F|\n|poke|p1|Mabosstiff, L50, M|\n|poke|p1|Oricorio, L50, F|\n|poke|p1|Dudunsparce-*, L50, M|\n|poke|p1|Ribombee, L50, F|\n|poke|p2|Avalugg, L50, M|\n|poke|p2|Slowking-Galar, L50, F|\n|poke|p2|Vikavolt, L50, M|\n|poke|p2|Houndstone, L50, F|\n|poke|p2|Magnezone, L50|\n|poke|p2|Toxapex, L50, M|\n|teampreview|4\n|c|\u2606matthewssandslash|glhf!\n|c|\u2606Twodie|u2\n|\n|t:|1700057678\n|start\n|switch|p1a: Unrecognized Duo|Dudunsparce-Three-Segment, L50, M|100\/100\n|switch|p1b: Unseen Combo|Oricorio, L50, F|100\/100\n|switch|p2a: Slowking|Slowking-Galar, L50, F|100\/100\n|switch|p2b: Vikavolt|Vikavolt, L50, M, shiny|100\/100\n|turn|1\n|\n|t:|1700057803\n|-terastallize|p1a: Unrecognized Duo|Psychic\n|move|p2b: Vikavolt|Protect|p2b: Vikavolt\n|-singleturn|p2b: Vikavolt|Protect\n|move|p1b: Unseen Combo|U-turn|p1a: Unrecognized Duo\n|-supereffective|p1a: Unrecognized Duo\n|-damage|p1a: Unrecognized Duo|71\/100\n|-ability|p1a: Unrecognized Duo|Rattled|boost\n|-boost|p1a: Unrecognized Duo|spe|1\n|-enditem|p1a: Unrecognized Duo|Weakness Policy\n|-boost|p1a: Unrecognized Duo|atk|2|[from] item: Weakness Policy\n|-boost|p1a: Unrecognized Duo|spa|2|[from] item: Weakness Policy\n|-damage|p1b: Unseen Combo|91\/100|[from] item: Life Orb\n|\n|t:|1700057817\n|switch|p1b: Invisible Couple|Toxicroak, L50, F|100\/100|[from] U-turn\n|move|p1a: Unrecognized Duo|Stored Power|p2a: Slowking\n|-damage|p2a: Slowking|19\/100\n|move|p2a: Slowking|Trick Room|p2a: Slowking\n|-fieldstart|move: Trick Room|[of] p2a: Slowking\n|\n|upkeep\n|turn|2\n|j| GlennIsAFrog\n|\n|t:|1700057866\n|move|p1b: Invisible Couple|Fake Out|p2b: Vikavolt\n|-damage|p2b: Vikavolt|85\/100\n|-status|p2b: Vikavolt|psn|[from] ability: Poison Touch|[of] p1b: Invisible Couple\n|move|p2a: Slowking|Psychic|p1b: Invisible Couple\n|-supereffective|p1b: Invisible Couple\n|-crit|p1b: Invisible Couple\n|-damage|p1b: Invisible Couple|0 fnt\n|faint|p1b: Invisible Couple\n|cant|p2b: Vikavolt|flinch\n|move|p1a: Unrecognized Duo|Stored Power|p2b: Vikavolt\n|-crit|p2b: Vikavolt\n|-damage|p2b: Vikavolt|0 fnt\n|faint|p2b: Vikavolt\n|\n|upkeep\n|\n|t:|1700057895\n|switch|p2b: Magnezone|Magnezone, L50, shiny|100\/100\n|switch|p1b: Hidden Pair|Piloswine, L50, F|100\/100\n|turn|3\n|c|\u2606matthewssandslash|morning, Glenn!\n|\n|t:|1700057938\n|move|p1b: Hidden Pair|Protect|p1b: Hidden Pair\n|-singleturn|p1b: Hidden Pair|Protect\n|move|p1a: Unrecognized Duo|Protect|p1a: Unrecognized Duo\n|-singleturn|p1a: Unrecognized Duo|Protect\n|move|p2a: Slowking|Flamethrower|p1b: Hidden Pair\n|-activate|p1b: Hidden Pair|move: Protect\n|move|p2b: Magnezone|Thunderbolt|p1a: Unrecognized Duo\n|-activate|p1a: Unrecognized Duo|move: Protect\n|\n|upkeep\n|turn|4\n|\n|t:|1700057974\n|move|p2a: Slowking|Flamethrower|p1b: Hidden Pair\n|-supereffective|p1b: Hidden Pair\n|-damage|p1b: Hidden Pair|76\/100\n|move|p1b: Hidden Pair|High Horsepower|p2b: Magnezone\n|-supereffective|p2b: Magnezone\n|-damage|p2b: Magnezone|0 fnt\n|faint|p2b: Magnezone\n|move|p1a: Unrecognized Duo|Hyper Voice|p2a: Slowking\n|-damage|p2a: Slowking|0 fnt\n|faint|p2a: Slowking\n|\n|upkeep\n|\n|t:|1700057987\n|switch|p2a: Avalugg|Avalugg, L50, M, shiny|100\/100\n|turn|5\n|\n|t:|1700057997\n|move|p2a: Avalugg|Body Press|p1a: Unrecognized Duo\n|-resisted|p1a: Unrecognized Duo\n|-damage|p1a: Unrecognized Duo|50\/100\n|move|p1b: Hidden Pair|High Horsepower|p2a: Avalugg\n|-damage|p2a: Avalugg|83\/100\n|move|p1a: Unrecognized Duo|Stored Power|p2a: Avalugg\n|-damage|p2a: Avalugg|0 fnt\n|faint|p2a: Avalugg\n|\n|win|matthewssandslash\n|c|\u2606matthewssandslash|gg!\n|inactive|matthewssandslash has 50 seconds to confirm battle start!\n|inactive|Twodie has 50 seconds to confirm battle start!\n|c|\u2606Twodie|gg\n|inactive|matthewssandslash has 40 seconds to confirm battle start!\n|inactive|Twodie has 40 seconds to confirm battle start!\n|l| GlennIsAFrog\n|c|&|\/uhtml prompt-twodie,Twodie is ready for game 3!\n|c|&|\/uhtml prompt-matthewssandslash,matthewssandslash is ready for game 3!\nBoth players are ready! Starting next match!\n","uploadtime":1700058016,"views":21,"p1id":"matthewssandslash","p2id":"twodie","formatid":"gen9vgc2023regulatione","rating":0,"private":0,"password":""}