{"id":"gen9vgc2023regulatione-1999534376","p1":"Lucawufflekinz","p2":"Jayroyd1124","format":"[Gen 9] VGC 2023 Regulation E","log":"|j|\u2606Lucawufflekinz\n|j|\u2606Jayroyd1124\n|t:|1701093497\n|gametype|doubles\n|player|p1|Lucawufflekinz|169|1208\n|player|p2|Jayroyd1124|swimmerf-gen4|1257\n|teamsize|p1|6\n|teamsize|p2|6\n|gen|9\n|tier|[Gen 9] VGC 2023 Regulation E\n|rated|\n|rule|Species Clause: Limit one of each Pok\u00e9mon\n|rule|Item Clause: Limit one of each item\n|clearpoke\n|poke|p1|Scream Tail, L50|\n|poke|p1|Ninetales-Alola, L50, M|\n|poke|p1|Baxcalibur, L50, M|\n|poke|p1|Arcanine-Hisui, L50, M|\n|poke|p1|Ogerpon, L50, F|\n|poke|p1|Gyarados, L50, M|\n|poke|p2|Flutter Mane, L50|\n|poke|p2|Chien-Pao, L50|\n|poke|p2|Urshifu-*, L50, M|\n|poke|p2|Iron Hands, L50|\n|poke|p2|Tornadus, L50, M|\n|poke|p2|Arcanine-Hisui, L50, F|\n|teampreview|4\n|\n|t:|1701093517\n|start\n|switch|p1a: Gyarados|Gyarados, L50, M|100\/100\n|switch|p1b: Scream Tail|Scream Tail, L50|100\/100\n|switch|p2a: :) 2|Tornadus, L50, M|100\/100\n|switch|p2b: dat dawg in him|Arcanine-Hisui, L50, F|100\/100\n|-ability|p2b: dat dawg in him|Intimidate|boost\n|-unboost|p1a: Gyarados|atk|1\n|-unboost|p1b: Scream Tail|atk|1\n|-ability|p1a: Gyarados|Intimidate|boost\n|-unboost|p2a: :) 2|atk|1\n|-unboost|p2b: dat dawg in him|atk|1\n|-enditem|p1b: Scream Tail|Booster Energy\n|-activate|p1b: Scream Tail|ability: Protosynthesis|[fromitem]\n|-start|p1b: Scream Tail|protosynthesisspe\n|turn|1\n|\n|t:|1701093549\n|-terastallize|p2b: dat dawg in him|Fairy\n|move|p2a: :) 2|Tailwind|p2a: :) 2\n|-sidestart|p2: Jayroyd1124|move: Tailwind\n|move|p2b: dat dawg in him|Will-O-Wisp|p1a: Gyarados\n|-status|p1a: Gyarados|brn\n|move|p1b: Scream Tail|Encore|p2a: :) 2\n|-start|p2a: :) 2|Encore\n|move|p1a: Gyarados|Thunder Wave|p2a: :) 2\n|-status|p2a: :) 2|par\n|\n|-damage|p1a: Gyarados|95\/100 brn|[from] brn\n|upkeep\n|turn|2\n|\n|t:|1701093573\n|switch|p2a: Brian Hands|Iron Hands, L50|100\/100\n|move|p2b: dat dawg in him|Rock Slide|p1b: Scream Tail|[spread] p1a,p1b\n|-supereffective|p1a: Gyarados\n|-damage|p1a: Gyarados|56\/100 brn\n|-damage|p1b: Scream Tail|85\/100\n|move|p1b: Scream Tail|Play Rough|p2a: Brian Hands\n|-supereffective|p2a: Brian Hands\n|-damage|p2a: Brian Hands|78\/100\n|move|p1a: Gyarados|Thunder Wave|p2b: dat dawg in him\n|-status|p2b: dat dawg in him|par\n|\n|-damage|p1a: Gyarados|50\/100 brn|[from] brn\n|upkeep\n|-enditem|p1a: Gyarados|Sitrus Berry|[eat]\n|-heal|p1a: Gyarados|75\/100 brn|[from] item: Sitrus Berry\n|turn|3\n|\n|t:|1701093618\n|switch|p1a: Ninetales|Ninetales-Alola, L50, M|100\/100\n|-weather|Snow|[from] ability: Snow Warning|[of] p1a: Ninetales\n|move|p1b: Scream Tail|Disable|p2b: dat dawg in him\n|-start|p2b: dat dawg in him|Disable|Rock Slide\n|move|p2a: Brian Hands|Wild Charge|p1a: Ninetales\n|-damage|p1a: Ninetales|62\/100\n|-damage|p2a: Brian Hands|70\/100|[from] Recoil\n|cant|p2b: dat dawg in him|par\n|\n|-weather|Snow|[upkeep]\n|upkeep\n|turn|4\n|\n|t:|1701093638\n|move|p1b: Scream Tail|Encore|p2b: dat dawg in him\n|-start|p2b: dat dawg in him|Encore\n|move|p1a: Ninetales|Aurora Veil|p1a: Ninetales\n|-sidestart|p1: Lucawufflekinz|move: Aurora Veil\n|move|p2a: Brian Hands|Heavy Slam|p1b: Scream Tail\n|-supereffective|p1b: Scream Tail\n|-damage|p1b: Scream Tail|39\/100\n|cant|p2b: dat dawg in him|Disable|Rock Slide\n|\n|-weather|Snow|[upkeep]\n|-sideend|p2: Jayroyd1124|move: Tailwind\n|upkeep\n|turn|5\n|\n|t:|1701093660\n|switch|p2b: :) 2|Tornadus, L50, M|100\/100 par\n|move|p1b: Scream Tail|Play Rough|p2a: Brian Hands\n|-supereffective|p2a: Brian Hands\n|-damage|p2a: Brian Hands|49\/100\n|move|p1a: Ninetales|Moonblast|p2a: Brian Hands\n|-supereffective|p2a: Brian Hands\n|-damage|p2a: Brian Hands|22\/100\n|move|p2a: Brian Hands|Heavy Slam|p1a: Ninetales\n|-supereffective|p1a: Ninetales\n|-damage|p1a: Ninetales|0 fnt\n|faint|p1a: Ninetales\n|\n|-weather|Snow|[upkeep]\n|upkeep\n|\n|t:|1701093676\n|switch|p1a: Baxcalibur|Baxcalibur, L50, M|100\/100\n|turn|6\n|\n|t:|1701093697\n|move|p2b: :) 2|Tailwind|p2b: :) 2\n|-sidestart|p2: Jayroyd1124|move: Tailwind\n|move|p1b: Scream Tail|Howl|p1b: Scream Tail|[spread] p1a,p1b\n|-boost|p1a: Baxcalibur|atk|1\n|-boost|p1b: Scream Tail|atk|1\n|move|p2a: Brian Hands|Drain Punch|p1a: Baxcalibur\n|-supereffective|p1a: Baxcalibur\n|-damage|p1a: Baxcalibur|70\/100\n|-heal|p2a: Brian Hands|36\/100|[from] drain|[of] p1a: Baxcalibur\n|move|p1a: Baxcalibur|Scale Shot|p2a: Brian Hands\n|-damage|p2a: Brian Hands|19\/100\n|-damage|p2a: Brian Hands|4\/100\n|-damage|p2a: Brian Hands|0 fnt\n|faint|p2a: Brian Hands\n|-end|p2a: Brian Hands|Quark Drive|[silent]\n|-hitcount|p2: Brian Hands|3\n|-unboost|p1a: Baxcalibur|def|1\n|-boost|p1a: Baxcalibur|spe|1\n|\n|-weather|Snow|[upkeep]\n|upkeep\n|\n|t:|1701093714\n|switch|p2a: futter man|Flutter Mane, L50|100\/100\n|turn|7\n|\n|t:|1701093746\n|move|p1a: Baxcalibur|Protect|p1a: Baxcalibur\n|-singleturn|p1a: Baxcalibur|Protect\n|move|p2a: futter man|Dazzling Gleam|p1b: Scream Tail|[spread] p1b\n|-activate|p1a: Baxcalibur|move: Protect\n|-damage|p1b: Scream Tail|14\/100\n|move|p1b: Scream Tail|Encore|p2b: :) 2\n|-start|p2b: :) 2|Encore\n|move|p2b: :) 2|Tailwind||[still]\n|-fail|p2b: :) 2\n|\n|-weather|none\n|upkeep\n|turn|8\n|\n|t:|1701093770\n|switch|p2b: dat dawg in him|Arcanine-Hisui, L50, F, tera:Fairy|100\/100 par\n|-ability|p2b: dat dawg in him|Intimidate|boost\n|-unboost|p1a: Baxcalibur|atk|1\n|-unboost|p1b: Scream Tail|atk|1\n|-terastallize|p1a: Baxcalibur|Water\n|move|p2a: futter man|Dazzling Gleam|p1b: Scream Tail|[spread] p1a,p1b\n|-damage|p1a: Baxcalibur|41\/100\n|-damage|p1b: Scream Tail|0 fnt\n|faint|p1b: Scream Tail\n|-end|p1b: Scream Tail|Protosynthesis|[silent]\n|move|p1a: Baxcalibur|Icicle Spear|p2a: futter man\n|-damage|p2a: futter man|67\/100\n|-damage|p2a: futter man|35\/100\n|-damage|p2a: futter man|0 fnt\n|faint|p2a: futter man\n|-end|p2a: futter man|Protosynthesis|[silent]\n|-hitcount|p2: futter man|3\n|\n|upkeep\n|\n|t:|1701093810\n|switch|p2a: :) 2|Tornadus, L50, M|100\/100 par\n|switch|p1b: Gyarados|Gyarados, L50, M|75\/100 brn\n|-ability|p1b: Gyarados|Intimidate|boost\n|-unboost|p2a: :) 2|atk|1\n|-unboost|p2b: dat dawg in him|atk|1\n|turn|9\n|\n|t:|1701093830\n|move|p1a: Baxcalibur|Protect|p1a: Baxcalibur\n|-singleturn|p1a: Baxcalibur|Protect\n|move|p2a: :) 2|Icy Wind|p1b: Gyarados|[spread] p1b\n|-activate|p1a: Baxcalibur|move: Protect\n|-damage|p1b: Gyarados|67\/100 brn\n|-unboost|p1b: Gyarados|spe|1\n|move|p2b: dat dawg in him|Rock Slide|p1a: Baxcalibur|[spread] p1b\n|-activate|p1a: Baxcalibur|move: Protect\n|-supereffective|p1b: Gyarados\n|-damage|p1b: Gyarados|44\/100 brn\n|move|p1b: Gyarados|Waterfall|p2b: dat dawg in him\n|-damage|p2b: dat dawg in him|79\/100 par\n|\n|-damage|p1b: Gyarados|38\/100 brn|[from] brn\n|-sideend|p2: Jayroyd1124|move: Tailwind\n|upkeep\n|turn|10\n|\n|t:|1701093858\n|move|p1b: Gyarados|Helping Hand|p1a: Baxcalibur\n|-singleturn|p1a: Baxcalibur|Helping Hand|[of] p1b: Gyarados\n|move|p2a: :) 2|Tailwind|p2a: :) 2\n|-sidestart|p2: Jayroyd1124|move: Tailwind\n|move|p1a: Baxcalibur|Icicle Spear|p2b: dat dawg in him\n|-damage|p2b: dat dawg in him|54\/100 par\n|-damage|p2b: dat dawg in him|28\/100 par\n|-enditem|p2b: dat dawg in him|Sitrus Berry|[eat]\n|-heal|p2b: dat dawg in him|52\/100 par|[from] item: Sitrus Berry\n|-damage|p2b: dat dawg in him|28\/100 par\n|-damage|p2b: dat dawg in him|0 fnt\n|faint|p2b: dat dawg in him\n|-hitcount|p2: dat dawg in him|4\n|\n|-damage|p1b: Gyarados|32\/100 brn|[from] brn\n|upkeep\n|turn|11\n|\n|t:|1701093885\n|move|p1b: Gyarados|Helping Hand|p1a: Baxcalibur\n|-singleturn|p1a: Baxcalibur|Helping Hand|[of] p1b: Gyarados\n|move|p1a: Baxcalibur|Ice Shard|p2a: :) 2\n|-supereffective|p2a: :) 2\n|-damage|p2a: :) 2|0 fnt\n|faint|p2a: :) 2\n|\n|win|Lucawufflekinz\n|raw|Lucawufflekinz's rating: 1208 &rarr; <strong>1237<\/strong><br \/>(+29 for winning)\n|raw|Jayroyd1124's rating: 1257 &rarr; <strong>1228<\/strong><br \/>(-29 for losing)\n|l|\u2606Jayroyd1124\n","uploadtime":1701093923,"views":25,"p1id":"lucawufflekinz","p2id":"jayroyd1124","formatid":"gen9vgc2023regulatione","rating":1228,"private":0,"password":""}