{"id":"gen9vgc2023regulatione-1990904512","p1":"Beard387","p2":"5Sscreen","format":"[Gen 9] VGC 2023 Regulation E","log":"|j|\u2606Beard387\n|j|\u26065Sscreen\n|t:|1700013452\n|gametype|doubles\n|player|p1|Beard387|biker|1060\n|player|p2|5Sscreen|pokekid|1097\n|teamsize|p1|6\n|teamsize|p2|6\n|gen|9\n|tier|[Gen 9] VGC 2023 Regulation E\n|rated|\n|rule|Species Clause: Limit one of each Pok\u00e9mon\n|rule|Item Clause: Limit one of each item\n|clearpoke\n|poke|p1|Sinistcha-Masterpiece, L50|\n|poke|p1|Indeedee-F, L50, F|\n|poke|p1|Clefairy, L50, M|\n|poke|p1|Iron Bundle, L50|\n|poke|p1|Kingambit, L50, M|\n|poke|p1|Salazzle, L50, F|\n|poke|p2|Annihilape, L50, M|\n|poke|p2|Sinistcha, L50|\n|poke|p2|Grimmsnarl, L50, M|\n|poke|p2|Landorus-Therian, L50, M|\n|poke|p2|Bellibolt, L50, M|\n|poke|p2|Corviknight, L50, M|\n|teampreview|4\n|inactive|Battle timer is ON: inactive players will automatically lose when time's up. (requested by Beard387)\n|inactive|Beard387 has 60 seconds left.\n|inactive|5Sscreen has 60 seconds left.\n|\n|t:|1700013495\n|start\n|switch|p1a: Iron Bundle|Iron Bundle, L50|100\/100\n|switch|p1b: Indeedee|Indeedee-F, L50, F|100\/100\n|switch|p2a: Grimmsnarl|Grimmsnarl, L50, M, shiny|100\/100\n|switch|p2b: Bellibolt|Bellibolt, L50, M, shiny|100\/100\n|-fieldstart|move: Psychic Terrain|[from] ability: Psychic Surge|[of] p1b: Indeedee\n|-enditem|p1b: Indeedee|Psychic Seed\n|-boost|p1b: Indeedee|spd|1|[from] item: Psychic Seed\n|-enditem|p1a: Iron Bundle|Booster Energy\n|-activate|p1a: Iron Bundle|ability: Quark Drive|[fromitem]\n|-start|p1a: Iron Bundle|quarkdrivespe\n|turn|1\n|inactive|Beard387 has 30 seconds left.\n|inactive|5Sscreen has 30 seconds left.\n|inactive|Beard387 has 20 seconds left.\n|\n|t:|1700013531\n|-terastallize|p1a: Iron Bundle|Ice\n|move|p1b: Indeedee|Follow Me|p1b: Indeedee\n|-singleturn|p1b: Indeedee|move: Follow Me\n|move|p2a: Grimmsnarl|Light Screen|p2a: Grimmsnarl\n|-sidestart|p2: 5Sscreen|move: Light Screen\n|move|p1a: Iron Bundle|Blizzard|p2b: Bellibolt|[spread] p2a,p2b\n|-damage|p2a: Grimmsnarl|69\/100\n|-damage|p2b: Bellibolt|79\/100\n|-start|p2b: Bellibolt|Charge|Blizzard|[from] ability: Electromorphosis\n|move|p2b: Bellibolt|Parabolic Charge|p1b: Indeedee|[spread] p2a,p1a,p1b\n|-damage|p2a: Grimmsnarl|47\/100\n|-heal|p2b: Bellibolt|89\/100|[from] drain|[of] p2a: Grimmsnarl\n|-damage|p1a: Iron Bundle|10\/100\n|-heal|p2b: Bellibolt|100\/100|[from] drain|[of] p1a: Iron Bundle\n|-damage|p1b: Indeedee|82\/100\n|-end|p2b: Bellibolt|Charge|[silent]\n|\n|upkeep\n|turn|2\n|inactive|Beard387 has 30 seconds left.\n|inactive|5Sscreen has 30 seconds left.\n|\n|t:|1700013564\n|move|p2a: Grimmsnarl|Parting Shot|p1a: Iron Bundle\n|-activate|p1a: Iron Bundle|move: Psychic Terrain\n|move|p1a: Iron Bundle|Thief|p2a: Grimmsnarl\n|-resisted|p2a: Grimmsnarl\n|-damage|p2a: Grimmsnarl|44\/100\n|-enditem|p2a: Grimmsnarl|Light Clay|[silent]|[from] move: Thief|[of] p1a: Iron Bundle\n|-item|p1a: Iron Bundle|Light Clay|[from] move: Thief|[of] p2a: Grimmsnarl\n|move|p1b: Indeedee|Calm Mind|p1b: Indeedee\n|-boost|p1b: Indeedee|spa|1\n|-boost|p1b: Indeedee|spd|1\n|move|p2b: Bellibolt|Parabolic Charge|p1b: Indeedee|[spread] p2a,p1a,p1b\n|-damage|p2a: Grimmsnarl|33\/100\n|-damage|p1a: Iron Bundle|0 fnt\n|-damage|p1b: Indeedee|75\/100\n|faint|p1a: Iron Bundle\n|-end|p1a: Iron Bundle|Quark Drive|[silent]\n|\n|upkeep\n|\n|t:|1700013581\n|switch|p1a: Sinistcha|Sinistcha-Masterpiece, L50|100\/100\n|turn|3\n|\n|t:|1700013599\n|switch|p2a: Annihilape|Annihilape, L50, M|100\/100\n|move|p1b: Indeedee|Dazzling Gleam|p2a: Annihilape|[spread] p2a,p2b\n|-supereffective|p2a: Annihilape\n|-damage|p2a: Annihilape|79\/100\n|-damage|p2b: Bellibolt|93\/100\n|-start|p2b: Bellibolt|Charge|Dazzling Gleam|[from] ability: Electromorphosis\n|move|p1a: Sinistcha|Nasty Plot|p1a: Sinistcha\n|-boost|p1a: Sinistcha|spa|2\n|move|p2b: Bellibolt|Acid Spray|p1b: Indeedee\n|-damage|p1b: Indeedee|71\/100\n|-unboost|p1b: Indeedee|spd|2\n|\n|-heal|p2a: Annihilape|85\/100|[from] item: Leftovers\n|upkeep\n|turn|4\n|inactive|Beard387 has 30 seconds left.\n|inactive|5Sscreen has 30 seconds left.\n|\n|t:|1700013631\n|-terastallize|p2a: Annihilape|Fire\n|move|p2a: Annihilape|Rage Fist|p1a: Sinistcha\n|-supereffective|p1a: Sinistcha\n|-damage|p1a: Sinistcha|15\/100\n|move|p1b: Indeedee|Calm Mind|p1b: Indeedee\n|-boost|p1b: Indeedee|spa|1\n|-boost|p1b: Indeedee|spd|1\n|move|p1a: Sinistcha|Matcha Gotcha|p2b: Bellibolt|[spread] p2a\n|-miss|p1a: Sinistcha|p2b: Bellibolt\n|-resisted|p2a: Annihilape\n|-damage|p2a: Annihilape|69\/100\n|-heal|p1a: Sinistcha|27\/100|[from] drain|[of] p2a: Annihilape\n|move|p2b: Bellibolt|Thunderbolt|p1b: Indeedee\n|-damage|p1b: Indeedee|40\/100\n|-status|p1b: Indeedee|par\n|-end|p2b: Bellibolt|Charge|[silent]\n|\n|-heal|p2a: Annihilape|75\/100|[from] item: Leftovers\n|upkeep\n|turn|5\n|inactive|Beard387 has 30 seconds left.\n|inactive|5Sscreen has 30 seconds left.\n|inactive|Beard387 has 20 seconds left.\n|inactive|Beard387 has 15 seconds left.\n|\n|t:|1700013671\n|switch|p1a: Kingambit|Kingambit, L50, M|100\/100\n|move|p2a: Annihilape|Rage Fist|p1a: Kingambit\n|-resisted|p1a: Kingambit\n|-damage|p1a: Kingambit|72\/100\n|move|p1b: Indeedee|Calm Mind|p1b: Indeedee\n|-boost|p1b: Indeedee|spa|1\n|-boost|p1b: Indeedee|spd|1\n|move|p2b: Bellibolt|Parabolic Charge|p1a: Kingambit|[spread] p2a,p1a,p1b\n|-damage|p2a: Annihilape|64\/100\n|-heal|p2b: Bellibolt|98\/100|[from] drain|[of] p2a: Annihilape\n|-damage|p1a: Kingambit|53\/100\n|-heal|p2b: Bellibolt|100\/100|[from] drain|[of] p1a: Kingambit\n|-damage|p1b: Indeedee|33\/100 par\n|\n|-heal|p2a: Annihilape|71\/100|[from] item: Leftovers\n|-fieldend|move: Psychic Terrain\n|upkeep\n|turn|6\n|inactive|Beard387 has 30 seconds left.\n|inactive|5Sscreen has 30 seconds left.\n|inactive|Beard387 has 20 seconds left.\n|inactive|5Sscreen has 20 seconds left.\n|\n|t:|1700013710\n|move|p2a: Annihilape|Protect|p2a: Annihilape\n|-singleturn|p2a: Annihilape|Protect\n|move|p1a: Kingambit|Night Slash|p2a: Annihilape\n|-activate|p2a: Annihilape|move: Protect\n|move|p1b: Indeedee|Calm Mind|p1b: Indeedee\n|-boost|p1b: Indeedee|spa|1\n|-boost|p1b: Indeedee|spd|1\n|move|p2b: Bellibolt|Thunderbolt|p1b: Indeedee\n|-damage|p1b: Indeedee|23\/100 par\n|\n|-heal|p2a: Annihilape|77\/100|[from] item: Leftovers\n|upkeep\n|turn|7\n|\n|t:|1700013734\n|move|p2a: Annihilape|Drain Punch|p1a: Kingambit\n|-supereffective|p1a: Kingambit\n|-damage|p1a: Kingambit|0 fnt\n|-heal|p2a: Annihilape|100\/100|[from] drain|[of] p1a: Kingambit\n|faint|p1a: Kingambit\n|move|p1b: Indeedee|Heal Pulse|p1: Kingambit|[notarget]\n|-fail|p1b: Indeedee\n|move|p2b: Bellibolt|Thunderbolt|p1b: Indeedee\n|-damage|p1b: Indeedee|12\/100 par\n|\n|upkeep\n|\n|t:|1700013746\n|switch|p1a: Sinistcha|Sinistcha-Masterpiece, L50|27\/100\n|turn|8\n|\n|t:|1700013761\n|cant|p1b: Indeedee|par\n|move|p2a: Annihilape|Rage Fist|p1b: Indeedee\n|-immune|p1b: Indeedee\n|move|p1a: Sinistcha|Strength Sap|p2a: Annihilape\n|-unboost|p2a: Annihilape|atk|1\n|-ability|p2a: Annihilape|Defiant|boost\n|-boost|p2a: Annihilape|atk|2\n|-heal|p1a: Sinistcha|100\/100\n|move|p2b: Bellibolt|Acid Spray|p1a: Sinistcha\n|-damage|p1a: Sinistcha|89\/100\n|-unboost|p1a: Sinistcha|spd|2\n|\n|-sideend|p2: 5Sscreen|move: Light Screen\n|upkeep\n|turn|9\n|inactive|Beard387 has 30 seconds left.\n|\n|t:|1700013789\n|move|p1b: Indeedee|Follow Me|p1b: Indeedee\n|-singleturn|p1b: Indeedee|move: Follow Me\n|move|p2a: Annihilape|Drain Punch|p1b: Indeedee\n|-damage|p1b: Indeedee|0 fnt\n|faint|p1b: Indeedee\n|move|p1a: Sinistcha|Nasty Plot|p1a: Sinistcha\n|-boost|p1a: Sinistcha|spa|2\n|move|p2b: Bellibolt|Parabolic Charge|p1a: Sinistcha|[spread] p2a,p1a\n|-resisted|p1a: Sinistcha\n|-damage|p2a: Annihilape|85\/100\n|-damage|p1a: Sinistcha|69\/100\n|\n|-heal|p2a: Annihilape|91\/100|[from] item: Leftovers\n|upkeep\n|turn|10\n|\n|t:|1700013804\n|move|p2a: Annihilape|Rage Fist|p1a: Sinistcha\n|-supereffective|p1a: Sinistcha\n|-damage|p1a: Sinistcha|0 fnt\n|faint|p1a: Sinistcha\n|\n|win|5Sscreen\n|raw|Beard387's rating: 1060 &rarr; <strong>1043<\/strong><br \/>(-17 for losing)\n|raw|5Sscreen's rating: 1097 &rarr; <strong>1120<\/strong><br \/>(+23 for winning)\n","uploadtime":1700013811,"views":18,"p1id":"beard387","p2id":"5sscreen","formatid":"gen9vgc2023regulatione","rating":1043,"private":0,"password":""}