{"id":"gen9vgc2023regulatione-1991256554","p1":"j5677","p2":"334yopf","format":"[Gen 9] VGC 2023 Regulation E","log":"|j|\u2606j5677\n|j|\u2606334yopf\n|t:|1700061821\n|gametype|doubles\n|player|p1|j5677|acetrainer-gen4dp|1075\n|player|p2|334yopf|102|1042\n|teamsize|p1|6\n|teamsize|p2|6\n|gen|9\n|tier|[Gen 9] VGC 2023 Regulation E\n|rated|\n|rule|Species Clause: Limit one of each Pok\u00e9mon\n|rule|Item Clause: Limit one of each item\n|clearpoke\n|poke|p1|Ogerpon-Hearthflame, L50, F|\n|poke|p1|Ursaluna-Bloodmoon, L50, M|\n|poke|p1|Zoroark-Hisui, L50, F|\n|poke|p1|Tornadus, L50, M|\n|poke|p1|Mesprit, L50|\n|poke|p1|Klefki, L50, M|\n|poke|p2|Snorlax, L50, F|\n|poke|p2|Ogerpon-Hearthflame, L50, F|\n|poke|p2|Urshifu-*, L50, F|\n|poke|p2|Squawkabilly-Yellow, L50, F|\n|poke|p2|Cresselia, L50, F|\n|poke|p2|Chi-Yu, L50|\n|teampreview|4\n|inactive|Battle timer is ON: inactive players will automatically lose when time's up. (requested by j5677)\n|j| BaoEnder\n|inactive|j5677 has 60 seconds left.\n|\n|t:|1700061854\n|start\n|switch|p1a: Tornadus|Tornadus, L50, M|100\/100\n|switch|p1b: Mesprit|Mesprit, L50, shiny|100\/100\n|switch|p2a: Urshifu|Urshifu-Rapid-Strike, L50, F|100\/100\n|switch|p2b: pain|Squawkabilly-Yellow, L50, F|100\/100\n|-ability|p2b: pain|Intimidate|boost\n|-unboost|p1a: Tornadus|atk|1\n|-unboost|p1b: Mesprit|atk|1\n|turn|1\n|l| BaoEnder\n|inactive|j5677 has 30 seconds left.\n|inactive|j5677 has 20 seconds left.\n|\n|t:|1700061897\n|switch|p2a: Snorlax|Snorlax, L50, F|100\/100\n|move|p1b: Mesprit|Ally Switch|p1b: Mesprit\n|swap|p1b: Mesprit|0|[from] move: Ally Switch\n|move|p1b: Tornadus|Shadow Ball|p2a: Snorlax\n|-immune|p2a: Snorlax\n|move|p2b: pain|Tailwind|p2b: pain\n|-sidestart|p2: 334yopf|move: Tailwind\n|\n|upkeep\n|turn|2\n|\n|t:|1700061919\n|switch|p1b: Ogerpon|Ogerpon-Hearthflame, L50, F|100\/100\n|-ability|p1b: Ogerpon|Mold Breaker\n|move|p2b: pain|Parting Shot|p1a: Mesprit\n|-unboost|p1a: Mesprit|atk|1\n|-unboost|p1a: Mesprit|spa|1\n|\n|t:|1700061928\n|switch|p2b: Urshifu|Urshifu-Rapid-Strike, L50, F|100\/100|[from] Parting Shot\n|move|p2a: Snorlax|Belly Drum|p2a: Snorlax\n|-damage|p2a: Snorlax|50\/100\n|-setboost|p2a: Snorlax|atk|6|[from] move: Belly Drum\n|-enditem|p2a: Snorlax|Aguav Berry|[eat]\n|-heal|p2a: Snorlax|84\/100|[from] item: Aguav Berry\n|move|p1a: Mesprit|Trick Room|p1a: Mesprit\n|-fieldstart|move: Trick Room|[of] p1a: Mesprit\n|\n|upkeep\n|turn|3\n|inactive|j5677 has 30 seconds left.\n|\n|t:|1700061962\n|-terastallize|p2a: Snorlax|Dragon\n|move|p2b: Urshifu|Protect|p2b: Urshifu\n|-singleturn|p2b: Urshifu|Protect\n|move|p1a: Mesprit|Dazzling Gleam|p2a: Snorlax|[spread] p2a\n|-activate|p2b: Urshifu|move: Protect\n|-supereffective|p2a: Snorlax\n|-damage|p2a: Snorlax|71\/100\n|move|p2a: Snorlax|Outrage|p1a: Mesprit\n|-damage|p1a: Mesprit|0 fnt\n|faint|p1a: Mesprit\n|move|p1b: Ogerpon|Ivy Cudgel|p2a: Snorlax|[anim] Ivy Cudgel Fire\n|-resisted|p2a: Snorlax\n|-damage|p2a: Snorlax|38\/100\n|\n|upkeep\n|\n|t:|1700061974\n|switch|p1a: Tornadus|Tornadus, L50, M|100\/100\n|turn|4\n|\n|t:|1700061987\n|move|p2a: Snorlax|Outrage|p1b: Ogerpon|[from]lockedmove\n|-damage|p1b: Ogerpon|0 fnt\n|faint|p1b: Ogerpon\n|-start|p2a: Snorlax|confusion|[fatigue]\n|move|p1a: Tornadus|Bleakwind Storm|p2b: Urshifu|[spread] p2a\n|-miss|p1a: Tornadus|p2b: Urshifu\n|-damage|p2a: Snorlax|19\/100\n|move|p2b: Urshifu|Surging Strikes|p1a: Tornadus\n|-crit|p1a: Tornadus\n|-damage|p1a: Tornadus|73\/100\n|-damage|p2b: Urshifu|84\/100|[from] item: Rocky Helmet|[of] p1a: Tornadus\n|-crit|p1a: Tornadus\n|-damage|p1a: Tornadus|43\/100\n|-damage|p2b: Urshifu|67\/100|[from] item: Rocky Helmet|[of] p1a: Tornadus\n|-crit|p1a: Tornadus\n|-damage|p1a: Tornadus|12\/100\n|-damage|p2b: Urshifu|51\/100|[from] item: Rocky Helmet|[of] p1a: Tornadus\n|-hitcount|p1a: Tornadus|3\n|-damage|p2b: Urshifu|41\/100|[from] item: Life Orb\n|\n|-sideend|p2: 334yopf|move: Tailwind\n|upkeep\n|\n|t:|1700061994\n|switch|p1b: Zoroark|Zoroark-Hisui, L50, F, shiny|100\/100\n|turn|5\n|inactive|j5677 has 30 seconds left.\n|\n|t:|1700062026\n|-terastallize|p1b: Zoroark|Grass\n|-activate|p2a: Snorlax|confusion\n|move|p2a: Snorlax|Outrage|p1b: Zoroark\n|-enditem|p1b: Zoroark|Focus Sash\n|-damage|p1b: Zoroark|1\/100\n|move|p1a: Tornadus|Bleakwind Storm|p2a: Snorlax|[spread] p2a,p2b\n|-supereffective|p2b: Urshifu\n|-damage|p2a: Snorlax|2\/100\n|-damage|p2b: Urshifu|0 fnt\n|faint|p2b: Urshifu\n|move|p1b: Zoroark|Nasty Plot|p1b: Zoroark\n|-boost|p1b: Zoroark|spa|2\n|\n|upkeep\n|\n|t:|1700062039\n|switch|p2b: Cresselia|Cresselia, L50, F|100\/100\n|turn|6\n|\n|t:|1700062050\n|move|p1a: Tornadus|Protect|p1a: Tornadus\n|-singleturn|p1a: Tornadus|Protect\n|move|p1b: Zoroark|Protect|p1b: Zoroark\n|-singleturn|p1b: Zoroark|Protect\n|-activate|p2a: Snorlax|confusion\n|-damage|p2a: Snorlax|0 fnt|[from] confusion\n|faint|p2a: Snorlax\n|move|p2b: Cresselia|Psychic|p1a: Tornadus\n|-activate|p1a: Tornadus|move: Protect\n|\n|-fieldend|move: Trick Room\n|upkeep\n|\n|t:|1700062060\n|switch|p2a: pain|Squawkabilly-Yellow, L50, F|100\/100\n|-ability|p2a: pain|Intimidate|boost\n|-unboost|p1a: Tornadus|atk|1\n|-unboost|p1b: Zoroark|atk|1\n|turn|7\n|inactive|334yopf has 30 seconds left.\n|\n|t:|1700062089\n|move|p1b: Zoroark|Shadow Ball|p2b: Cresselia\n|-supereffective|p2b: Cresselia\n|-damage|p2b: Cresselia|19\/100\n|move|p2a: pain|Tailwind|p2a: pain\n|-sidestart|p2: 334yopf|move: Tailwind\n|move|p2b: Cresselia|Psychic|p1b: Zoroark\n|-damage|p1b: Zoroark|0 fnt\n|faint|p1b: Zoroark\n|move|p1a: Tornadus|Bleakwind Storm|p2a: pain|[spread] p2a\n|-miss|p1a: Tornadus|p2b: Cresselia\n|-damage|p2a: pain|48\/100\n|-unboost|p2a: pain|spe|1\n|\n|upkeep\n|turn|8\n|\n|t:|1700062106\n|move|p2b: Cresselia|Psychic|p1a: Tornadus\n|-damage|p1a: Tornadus|0 fnt\n|faint|p1a: Tornadus\n|\n|win|334yopf\n|raw|j5677's rating: 1075 &rarr; <strong>1052<\/strong><br \/>(-23 for losing)\n|raw|334yopf's rating: 1042 &rarr; <strong>1079<\/strong><br \/>(+37 for winning)\n|c|\u2606j5677|gg\n|l|\u2606j5677\n|c|\u2606334yopf|gg\n","uploadtime":1700062117,"views":8,"p1id":"j5677","p2id":"334yopf","formatid":"gen9vgc2023regulatione","rating":1052,"private":0,"password":""}