{"id":"gen9vgc2023regulatione-1993376752","p1":"Trykzz","p2":"zydjumping64","format":"[Gen 9] VGC 2023 Regulation E","log":"|j|\u2606Trykzz\n|j|\u2606zydjumping64\n|t:|1700308708\n|gametype|doubles\n|player|p1|Trykzz|101|1072\n|player|p2|zydjumping64|169|1000\n|teamsize|p1|6\n|teamsize|p2|6\n|gen|9\n|tier|[Gen 9] VGC 2023 Regulation E\n|rated|\n|rule|Species Clause: Limit one of each Pok\u00e9mon\n|rule|Item Clause: Limit one of each item\n|clearpoke\n|poke|p1|Farigiraf, L50, M|\n|poke|p1|Gholdengo, L50|\n|poke|p1|Dragonite, L50, M|\n|poke|p1|Ogerpon-Hearthflame, L50, F|\n|poke|p1|Maushold, L50|\n|poke|p1|Poliwrath, L50, M|\n|poke|p2|Tornadus, L50, M|\n|poke|p2|Ogerpon-Wellspring, L50, F|\n|poke|p2|Heatran, L50, F|\n|poke|p2|Iron Hands, L50|\n|poke|p2|Urshifu-*, L50, M|\n|poke|p2|Rillaboom, L50, F|\n|teampreview|4\n|inactive|Battle timer is ON: inactive players will automatically lose when time's up. (requested by Trykzz)\nTrykzz has agreed to open team sheets.\n|inactive|Trykzz has 60 seconds left.\n|inactive|zydjumping64 has 60 seconds left.\n|\n|t:|1700308760\n|start\n|switch|p1a: Ogerpon|Ogerpon-Hearthflame, L50, F|100\/100\n|switch|p1b: Maushold|Maushold, L50|100\/100\n|switch|p2a: Tornadus|Tornadus, L50, M|100\/100\n|switch|p2b: Urshifu|Urshifu-Rapid-Strike, L50, M|100\/100\n|-ability|p1a: Ogerpon|Mold Breaker\n|turn|1\n|inactive|Trykzz has 30 seconds left.\n|\n|t:|1700308785\n|move|p2b: Urshifu|U-turn|p1a: Ogerpon\n|-damage|p1a: Ogerpon|74\/100\n|\n|t:|1700308789\n|switch|p2b: Heatran|Heatran, L50, F|100\/100|[from] U-turn\n|move|p2a: Tornadus|Bleakwind Storm|p1b: Maushold|[spread] p1a,p1b\n|-supereffective|p1a: Ogerpon\n|-damage|p1a: Ogerpon|7\/100\n|-damage|p1b: Maushold|60\/100\n|move|p1a: Ogerpon|Horn Leech|p2b: Heatran\n|-resisted|p2b: Heatran\n|-damage|p2b: Heatran|90\/100\n|-heal|p1a: Ogerpon|13\/100|[from] drain|[of] p2b: Heatran\n|move|p1b: Maushold|Encore|p2a: Tornadus\n|-start|p2a: Tornadus|Encore\n|\n|-heal|p2b: Heatran|96\/100|[from] item: Leftovers\n|upkeep\n|turn|2\n|inactive|Trykzz has 30 seconds left.\n|\n|t:|1700308819\n|switch|p1a: Gholdengo|Gholdengo, L50|100\/100\n|move|p1b: Maushold|Protect|p1b: Maushold\n|-singleturn|p1b: Maushold|Protect\n|move|p2a: Tornadus|Bleakwind Storm|p1a: Gholdengo|[spread] p1a\n|-activate|p1b: Maushold|move: Protect\n|-resisted|p1a: Gholdengo\n|-damage|p1a: Gholdengo|86\/100\n|move|p2b: Heatran|Heat Wave|p1b: Maushold|[spread] p1a\n|-activate|p1b: Maushold|move: Protect\n|-supereffective|p1a: Gholdengo\n|-crit|p1a: Gholdengo\n|-damage|p1a: Gholdengo|11\/100\n|\n|-heal|p1a: Gholdengo|17\/100|[from] item: Leftovers\n|-heal|p2b: Heatran|100\/100|[from] item: Leftovers\n|upkeep\n|turn|3\n|\n|t:|1700308839\n|move|p1a: Gholdengo|Protect|p1a: Gholdengo\n|-singleturn|p1a: Gholdengo|Protect\n|move|p2a: Tornadus|Bleakwind Storm|p1b: Maushold|[spread] \n|-activate|p1a: Gholdengo|move: Protect\n|-miss|p2a: Tornadus|p1b: Maushold\n|move|p1b: Maushold|Super Fang|p2b: Heatran\n|-damage|p2b: Heatran|50\/100\n|move|p2b: Heatran|Heat Wave|p1b: Maushold|[spread] \n|-activate|p1a: Gholdengo|move: Protect\n|-miss|p2b: Heatran|p1b: Maushold\n|\n|-heal|p1a: Gholdengo|23\/100|[from] item: Leftovers\n|-heal|p2b: Heatran|56\/100|[from] item: Leftovers\n|upkeep\n|turn|4\n|\n|t:|1700308863\n|switch|p1a: Ogerpon|Ogerpon-Hearthflame, L50, F|13\/100\n|-ability|p1a: Ogerpon|Mold Breaker\n|move|p2a: Tornadus|Bleakwind Storm|p1a: Ogerpon|[spread] p1a,p1b\n|-supereffective|p1a: Ogerpon\n|-damage|p1a: Ogerpon|0 fnt\n|-damage|p1b: Maushold|20\/100\n|-unboost|p1b: Maushold|spe|1\n|faint|p1a: Ogerpon\n|move|p2b: Heatran|Heat Wave|p1b: Maushold\n|-damage|p1b: Maushold|0 fnt\n|faint|p1b: Maushold\n|\n|-heal|p2b: Heatran|62\/100|[from] item: Leftovers\n|-end|p2a: Tornadus|Encore\n|upkeep\n|\n|t:|1700308865\n|switch|p1a: Gholdengo|Gholdengo, L50|23\/100\n|switch|p1b: Poliwrath|Poliwrath, L50, M|100\/100\n|turn|5\n|\n|t:|1700308888\n|-terastallize|p2b: Heatran|Grass\n|move|p1a: Gholdengo|Protect|p1a: Gholdengo\n|-singleturn|p1a: Gholdengo|Protect\n|move|p2a: Tornadus|Bleakwind Storm|p1b: Poliwrath|[spread] p1b\n|-activate|p1a: Gholdengo|move: Protect\n|-supereffective|p1b: Poliwrath\n|-damage|p1b: Poliwrath|27\/100\n|-unboost|p1b: Poliwrath|spe|1\n|-enditem|p1b: Poliwrath|Sitrus Berry|[eat]\n|-heal|p1b: Poliwrath|52\/100|[from] item: Sitrus Berry\n|move|p2b: Heatran|Tera Blast|p1b: Poliwrath|[anim] Tera Blast Grass\n|-supereffective|p1b: Poliwrath\n|-damage|p1b: Poliwrath|0 fnt\n|faint|p1b: Poliwrath\n|\n|-heal|p1a: Gholdengo|29\/100|[from] item: Leftovers\n|-heal|p2b: Heatran|68\/100|[from] item: Leftovers\n|upkeep\n|turn|6\n|-message|Trykzz forfeited.\n|\n|win|zydjumping64\n|raw|Trykzz's rating: 1072 &rarr; <strong>1047<\/strong><br \/>(-25 for losing)\n|raw|zydjumping64's rating: 1000 &rarr; <strong>1048<\/strong><br \/>(+48 for winning)\n|l|\u2606Trykzz\n","uploadtime":1700308906,"views":10,"p1id":"trykzz","p2id":"zydjumping64","formatid":"gen9vgc2023regulatione","rating":1047,"private":0,"password":""}