{"id":"gen9vgc2023regulatione-2000527522","p1":"pls be kind to me","p2":"Nielssie","format":"[Gen 9] VGC 2023 Regulation E","log":"|j|\u2606pls be kind to me\n|j|\u2606Nielssie\n|t:|1701202404\n|gametype|doubles\n|player|p1|pls be kind to me|lyra-masters2|1440\n|player|p2|Nielssie|2|1481\n|teamsize|p1|6\n|teamsize|p2|6\n|gen|9\n|tier|[Gen 9] VGC 2023 Regulation E\n|rated|\n|rule|Species Clause: Limit one of each Pok\u00e9mon\n|rule|Item Clause: Limit one of each item\n|clearpoke\n|poke|p1|Landorus-Therian, L50, M|\n|poke|p1|Kingambit, L50, M|\n|poke|p1|Iron Hands, L50|\n|poke|p1|Sinistcha, L50|\n|poke|p1|Ogerpon-Wellspring, L50, F|\n|poke|p1|Flutter Mane, L50|\n|poke|p2|Roaring Moon, L50|\n|poke|p2|Weezing, L50, M|\n|poke|p2|Clefairy, L50, F|\n|poke|p2|Heatran, L50, M|\n|poke|p2|Rillaboom, L50, M|\n|poke|p2|Flutter Mane, L50|\n|teampreview|4\npls be kind to me has agreed to open team sheets.\n|\n|t:|1701202466\n|start\n|switch|p1a: Ogerpon|Ogerpon-Wellspring, L50, F|100\/100\n|switch|p1b: Landorus|Landorus-Therian, L50, M|100\/100\n|switch|p2a: Clefairy|Clefairy, L50, F|100\/100\n|switch|p2b: Heatran|Heatran, L50, M|100\/100\n|-ability|p1b: Landorus|Intimidate|boost\n|-unboost|p2a: Clefairy|atk|1\n|-unboost|p2b: Heatran|atk|1\n|turn|1\n|inactive|Battle timer is ON: inactive players will automatically lose when time's up. (requested by Nielssie)\n|\n|t:|1701202505\n|move|p2a: Clefairy|Follow Me|p2a: Clefairy\n|-singleturn|p2a: Clefairy|move: Follow Me\n|move|p1b: Landorus|U-turn|p2a: Clefairy\n|-resisted|p2a: Clefairy\n|-damage|p2a: Clefairy|87\/100\n|\n|t:|1701202510\n|switch|p1b: Iron Hands|Iron Hands, L50|100\/100|[from] U-turn\n|move|p1a: Ogerpon|Ivy Cudgel|p2a: Clefairy|[anim] Ivy Cudgel Water\n|-damage|p2a: Clefairy|34\/100\n|move|p2b: Heatran|Heat Wave|p1a: Ogerpon|[spread] p1a,p1b\n|-damage|p1a: Ogerpon|65\/100\n|-damage|p1b: Iron Hands|82\/100\n|\n|upkeep\n|turn|2\n|inactive|Nielssie has 30 seconds left.\n|\n|t:|1701202543\n|switch|p2b: Flutter Mane|Flutter Mane, L50|100\/100\n|move|p2a: Clefairy|Protect|p2a: Clefairy\n|-singleturn|p2a: Clefairy|Protect\n|move|p1b: Iron Hands|Fake Out|p2b: Flutter Mane\n|-immune|p2b: Flutter Mane\n|move|p1a: Ogerpon|Ivy Cudgel|p2a: Clefairy|[anim] Ivy Cudgel Water\n|-activate|p2a: Clefairy|move: Protect\n|\n|upkeep\n|turn|3\n|inactive|pls be kind to me has 30 seconds left.\n|inactive|Nielssie has 30 seconds left.\n|inactive|pls be kind to me has 20 seconds left.\n|inactive|pls be kind to me has 15 seconds left.\n|\n|t:|1701202586\n|-terastallize|p2b: Flutter Mane|Water\n|move|p2a: Clefairy|Helping Hand|p2b: Flutter Mane\n|-singleturn|p2b: Flutter Mane|Helping Hand|[of] p2a: Clefairy\n|move|p2b: Flutter Mane|Moonblast|p1a: Ogerpon\n|-damage|p1a: Ogerpon|0 fnt\n|faint|p1a: Ogerpon\n|move|p1b: Iron Hands|Heavy Slam|p2b: Flutter Mane\n|-resisted|p2b: Flutter Mane\n|-damage|p2b: Flutter Mane|63\/100\n|\n|upkeep\n|\n|t:|1701202597\n|switch|p1a: Flutter Mane|Flutter Mane, L50|100\/100\n|-enditem|p1a: Flutter Mane|Booster Energy\n|-activate|p1a: Flutter Mane|ability: Protosynthesis|[fromitem]\n|-start|p1a: Flutter Mane|protosynthesisspe\n|turn|4\n|inactive|pls be kind to me has 30 seconds left.\n|inactive|Nielssie has 30 seconds left.\n|\n|t:|1701202627\n|-terastallize|p1b: Iron Hands|Grass\n|move|p2b: Flutter Mane|Protect|p2b: Flutter Mane\n|-singleturn|p2b: Flutter Mane|Protect\n|move|p1a: Flutter Mane|Moonblast|p2a: Clefairy\n|-damage|p2a: Clefairy|0 fnt\n|faint|p2a: Clefairy\n|move|p1b: Iron Hands|Drain Punch|p2b: Flutter Mane\n|-activate|p2b: Flutter Mane|move: Protect\n|\n|upkeep\n|\n|t:|1701202642\n|switch|p2a: Roaring Moon|Roaring Moon, L50|100\/100\n|-enditem|p2a: Roaring Moon|Booster Energy\n|-activate|p2a: Roaring Moon|ability: Protosynthesis|[fromitem]\n|-start|p2a: Roaring Moon|protosynthesisspe\n|turn|5\n|inactive|Nielssie has 30 seconds left.\n|\n|t:|1701202674\n|move|p2a: Roaring Moon|Knock Off|p1b: Iron Hands\n|-damage|p1b: Iron Hands|48\/100\n|-enditem|p1b: Iron Hands|Assault Vest|[from] move: Knock Off|[of] p2a: Roaring Moon\n|move|p1a: Flutter Mane|Icy Wind|p2a: Roaring Moon|[spread] p2a,p2b\n|-supereffective|p2a: Roaring Moon\n|-resisted|p2b: Flutter Mane\n|-damage|p2a: Roaring Moon|75\/100\n|-damage|p2b: Flutter Mane|56\/100\n|-unboost|p2a: Roaring Moon|spe|1\n|-unboost|p2b: Flutter Mane|spe|1\n|move|p2b: Flutter Mane|Shadow Ball|p1a: Flutter Mane\n|-supereffective|p1a: Flutter Mane\n|-damage|p1a: Flutter Mane|17\/100\n|move|p1b: Iron Hands|Drain Punch|p2b: Flutter Mane\n|-damage|p2b: Flutter Mane|0 fnt\n|-heal|p1b: Iron Hands|63\/100|[from] drain|[of] p2b: Flutter Mane\n|faint|p2b: Flutter Mane\n|-end|p2b: Flutter Mane|Protosynthesis|[silent]\n|\n|upkeep\n|\n|t:|1701202692\n|switch|p2b: Heatran|Heatran, L50, M|100\/100\n|turn|6\n|\n|t:|1701202705\n|move|p2b: Heatran|Protect|p2b: Heatran\n|-singleturn|p2b: Heatran|Protect\n|move|p1a: Flutter Mane|Icy Wind|p2b: Heatran|[spread] p2a\n|-activate|p2b: Heatran|move: Protect\n|-supereffective|p2a: Roaring Moon\n|-damage|p2a: Roaring Moon|52\/100\n|-unboost|p2a: Roaring Moon|spe|1\n|move|p2a: Roaring Moon|Tailwind|p2a: Roaring Moon\n|-sidestart|p2: Nielssie|move: Tailwind\n|move|p1b: Iron Hands|Drain Punch|p2a: Roaring Moon\n|-supereffective|p2a: Roaring Moon\n|-damage|p2a: Roaring Moon|0 fnt\n|-heal|p1b: Iron Hands|82\/100|[from] drain|[of] p2a: Roaring Moon\n|faint|p2a: Roaring Moon\n|-end|p2a: Roaring Moon|Protosynthesis|[silent]\n|\n|upkeep\n|turn|7\n|\n|t:|1701202723\n|move|p1a: Flutter Mane|Icy Wind|p2b: Heatran\n|-resisted|p2b: Heatran\n|-damage|p2b: Heatran|97\/100\n|-unboost|p2b: Heatran|spe|1\n|move|p2b: Heatran|Heat Wave|p1b: Iron Hands|[spread] p1a,p1b\n|-supereffective|p1b: Iron Hands\n|-crit|p1b: Iron Hands\n|-damage|p1a: Flutter Mane|0 fnt\n|-damage|p1b: Iron Hands|2\/100\n|faint|p1a: Flutter Mane\n|-end|p1a: Flutter Mane|Protosynthesis|[silent]\n|move|p1b: Iron Hands|Drain Punch|p2b: Heatran\n|-supereffective|p2b: Heatran\n|-damage|p2b: Heatran|37\/100\n|-heal|p1b: Iron Hands|23\/100|[from] drain|[of] p2b: Heatran\n|\n|-heal|p2b: Heatran|43\/100|[from] item: Leftovers\n|upkeep\n|\n|t:|1701202732\n|switch|p1a: Landorus|Landorus-Therian, L50, M|100\/100\n|-ability|p1a: Landorus|Intimidate|boost\n|-unboost|p2b: Heatran|atk|1\n|turn|8\n|\n|t:|1701202742\n|move|p1a: Landorus|Stomping Tantrum|p2b: Heatran\n|-supereffective|p2b: Heatran\n|-damage|p2b: Heatran|0 fnt\n|faint|p2b: Heatran\n|\n|win|pls be kind to me\n|raw|pls be kind to me's rating: 1440 &rarr; <strong>1462<\/strong><br \/>(+22 for winning)\n|raw|Nielssie's rating: 1481 &rarr; <strong>1459<\/strong><br \/>(-22 for losing)\n","uploadtime":1701202746,"views":0,"p1id":"plsbekindtome","p2id":"nielssie","formatid":"gen9vgc2023regulatione","rating":1459,"private":0,"password":""}