{"id":"gen9vgc2023regulatione-1995006563","p1":"bassdrops666","p2":"wdytyaia","format":"[Gen 9] VGC 2023 Regulation E","log":"|j|\u2606bassdrops666\n|j|\u2606wdytyaia\n|t:|1700512715\n|gametype|doubles\n|player|p1|bassdrops666|101|1440\n|player|p2|wdytyaia|irida|1384\n|teamsize|p1|6\n|teamsize|p2|6\n|gen|9\n|tier|[Gen 9] VGC 2023 Regulation E\n|rated|\n|rule|Species Clause: Limit one of each Pok\u00e9mon\n|rule|Item Clause: Limit one of each item\n|clearpoke\n|poke|p1|Scream Tail, L50|\n|poke|p1|Weezing, L50, M|\n|poke|p1|Heatran, L50, M|\n|poke|p1|Annihilape, L50, F|\n|poke|p1|Flutter Mane, L50|\n|poke|p1|Ogerpon-Wellspring, L50, F|\n|poke|p2|Chien-Pao, L50|\n|poke|p2|Dragonite, L50, F|\n|poke|p2|Rillaboom, L50, M|\n|poke|p2|Heatran, L50, M|\n|poke|p2|Urshifu-*, L50, F|\n|poke|p2|Farigiraf, L50, M|\n|teampreview|4\nwdytyaia has agreed to open team sheets.\n|\n|t:|1700512750\n|start\n|switch|p1a: Annihilape|Annihilape, L50, F|100\/100\n|switch|p1b: Weezing|Weezing, L50, M, shiny|100\/100\n|switch|p2a: Chien-Pao|Chien-Pao, L50|100\/100\n|switch|p2b: Dragonite|Dragonite, L50, F|100\/100\n|-ability|p1b: Weezing|Neutralizing Gas\n|turn|1\n|\n|t:|1700512771\n|move|p1b: Weezing|Protect|p1b: Weezing\n|-singleturn|p1b: Weezing|Protect\n|move|p1a: Annihilape|Final Gambit|p2b: Dragonite\n|-damage|p2b: Dragonite|0 fnt\n|faint|p1a: Annihilape\n|faint|p2b: Dragonite\n|move|p2a: Chien-Pao|Icicle Crash|p1b: Weezing\n|-activate|p1b: Weezing|move: Protect\n|\n|upkeep\n|\n|t:|1700512783\n|switch|p1a: Scream Tail|Scream Tail, L50|100\/100\n|switch|p2b: Heatran|Heatran, L50, M|100\/100\n|-enditem|p1a: Scream Tail|Booster Energy\n|-activate|p1a: Scream Tail|ability: Protosynthesis|[fromitem]\n|-start|p1a: Scream Tail|protosynthesisspe\n|turn|2\n|\n|t:|1700512800\n|switch|p2a: Urshifu|Urshifu-Rapid-Strike, L50, F|100\/100\n|move|p1a: Scream Tail|Protect|p1a: Scream Tail\n|-singleturn|p1a: Scream Tail|Protect\n|move|p2b: Heatran|Flash Cannon|p1a: Scream Tail\n|-activate|p1a: Scream Tail|move: Protect\n|move|p1b: Weezing|Will-O-Wisp|p2a: Urshifu\n|-status|p2a: Urshifu|brn\n|\n|-damage|p2a: Urshifu|94\/100 brn|[from] brn\n|upkeep\n|turn|3\n|\n|t:|1700512832\n|move|p1a: Scream Tail|Disable|p2b: Heatran\n|-start|p2b: Heatran|Disable|Flash Cannon\n|move|p2a: Urshifu|Surging Strikes|p1a: Scream Tail\n|-crit|p1a: Scream Tail\n|-damage|p1a: Scream Tail|93\/100\n|-crit|p1a: Scream Tail\n|-damage|p1a: Scream Tail|85\/100\n|-crit|p1a: Scream Tail\n|-damage|p1a: Scream Tail|77\/100\n|-hitcount|p1a: Scream Tail|3\n|move|p2b: Heatran|Heat Wave|p1b: Weezing|[spread] p1a,p1b\n|-damage|p1a: Scream Tail|51\/100\n|-damage|p1b: Weezing|64\/100\n|-status|p1a: Scream Tail|brn\n|move|p1b: Weezing|Sludge Bomb|p2a: Urshifu\n|-damage|p2a: Urshifu|57\/100 brn\n|\n|-damage|p1a: Scream Tail|45\/100 brn|[from] brn\n|-damage|p2a: Urshifu|51\/100 brn|[from] brn\n|upkeep\n|turn|4\n|\n|t:|1700512866\n|-end|p1b: Weezing|ability: Neutralizing Gas\n|switch|p1b: Ogerpon|Ogerpon-Wellspring, L50, F|100\/100\n|move|p1a: Scream Tail|Protect|p1a: Scream Tail\n|-singleturn|p1a: Scream Tail|Protect\n|move|p2a: Urshifu|Surging Strikes|p1a: Scream Tail\n|-crit|p1a: Scream Tail\n|-damage|p1a: Scream Tail|37\/100 brn\n|-crit|p1a: Scream Tail\n|-damage|p1a: Scream Tail|29\/100 brn\n|-crit|p1a: Scream Tail\n|-damage|p1a: Scream Tail|21\/100 brn\n|-hitcount|p1a: Scream Tail|3\n|move|p2b: Heatran|Heat Wave|p1b: Ogerpon|[spread] p1b\n|-activate|p1a: Scream Tail|move: Protect\n|-damage|p1b: Ogerpon|60\/100\n|\n|-damage|p1a: Scream Tail|15\/100 brn|[from] brn\n|-damage|p2a: Urshifu|45\/100 brn|[from] brn\n|upkeep\n|turn|5\n|\n|t:|1700512914\n|switch|p2a: Chien-Pao|Chien-Pao, L50|100\/100\n|-ability|p2a: Chien-Pao|Sword of Ruin\n|-terastallize|p1b: Ogerpon|Water\n|detailschange|p1b: Ogerpon|Ogerpon-Wellspring-Tera, L50, F, tera:Water\n|-ability|p1b: Ogerpon|Embody Aspect (Wellspring)|boost\n|-boost|p1b: Ogerpon|spd|1\n|-terastallize|p2b: Heatran|Fairy\n|move|p1a: Scream Tail|Dazzling Gleam|p2b: Heatran|[spread] p2a,p2b\n|-supereffective|p2a: Chien-Pao\n|-damage|p2a: Chien-Pao|50\/100\n|-damage|p2b: Heatran|91\/100\n|move|p1b: Ogerpon|Horn Leech|p2a: Chien-Pao\n|-damage|p2a: Chien-Pao|0 fnt\n|-heal|p1b: Ogerpon|83\/100|[from] drain|[of] p2a: Chien-Pao\n|faint|p2a: Chien-Pao\n|move|p2b: Heatran|Heat Wave|p1a: Scream Tail|[spread] p1a,p1b\n|-resisted|p1b: Ogerpon\n|-damage|p1a: Scream Tail|0 fnt\n|-damage|p1b: Ogerpon|70\/100\n|faint|p1a: Scream Tail\n|-end|p1a: Scream Tail|Protosynthesis|[silent]\n|\n|upkeep\n|\n|t:|1700512937\n|switch|p2a: Urshifu|Urshifu-Rapid-Strike, L50, F|45\/100 brn\n|switch|p1a: Weezing|Weezing, L50, M, shiny|64\/100\n|-ability|p1a: Weezing|Neutralizing Gas\n|turn|6\n|\n|t:|1700512948\n|move|p2a: Urshifu|Close Combat|p1b: Ogerpon\n|-damage|p1b: Ogerpon|40\/100\n|-unboost|p2a: Urshifu|def|1\n|-unboost|p2a: Urshifu|spd|1\n|move|p1b: Ogerpon|Horn Leech|p2a: Urshifu\n|-supereffective|p2a: Urshifu\n|-damage|p2a: Urshifu|0 fnt\n|-heal|p1b: Ogerpon|64\/100|[from] drain|[of] p2a: Urshifu\n|faint|p2a: Urshifu\n|move|p2b: Heatran|Tera Blast|p1b: Ogerpon|[anim] Tera Blast Fairy\n|-damage|p1b: Ogerpon|34\/100\n|move|p1a: Weezing|Sludge Bomb|p2b: Heatran\n|-supereffective|p2b: Heatran\n|-damage|p2b: Heatran|56\/100\n|-status|p2b: Heatran|psn\n|\n|-damage|p2b: Heatran|44\/100 psn|[from] psn\n|-end|p2b: Heatran|Disable\n|upkeep\n|turn|7\n|\n|t:|1700512973\n|move|p1b: Ogerpon|Ivy Cudgel|p2b: Heatran|[anim] Ivy Cudgel Water\n|-damage|p2b: Heatran|0 fnt\n|faint|p2b: Heatran\n|\n|win|bassdrops666\n|raw|bassdrops666's rating: 1440 &rarr; <strong>1457<\/strong><br \/>(+17 for winning)\n|raw|wdytyaia's rating: 1384 &rarr; <strong>1367<\/strong><br \/>(-17 for losing)\n","uploadtime":1700512983,"views":2,"p1id":"bassdrops666","p2id":"wdytyaia","formatid":"gen9vgc2023regulatione","rating":1367,"private":0,"password":""}