{"id":"gen9vgc2023regulatione-1999306373","p1":"Abelonche21","p2":"Calmnic","format":"[Gen 9] VGC 2023 Regulation E","log":"|j|\u2606Abelonche21\n|j|\u2606Calmnic\n|t:|1701057838\n|gametype|doubles\n|player|p1|Abelonche21|elesa-masters|1424\n|player|p2|Calmnic|petrel|1330\n|teamsize|p1|6\n|teamsize|p2|6\n|gen|9\n|tier|[Gen 9] VGC 2023 Regulation E\n|rated|\n|rule|Species Clause: Limit one of each Pok\u00e9mon\n|rule|Item Clause: Limit one of each item\n|clearpoke\n|poke|p1|Gholdengo, L50|\n|poke|p1|Iron Hands, L50|\n|poke|p1|Amoonguss, L50, M|\n|poke|p1|Iron Bundle, L50|\n|poke|p1|Pelipper, L50, F|\n|poke|p1|Salamence, L50, F|\n|poke|p2|Amoonguss, L50, M|\n|poke|p2|Tornadus, L50, M|\n|poke|p2|Iron Hands, L50|\n|poke|p2|Arcanine-Hisui, L50, M|\n|poke|p2|Gholdengo, L50|\n|poke|p2|Urshifu-*, L50, M|\n|teampreview|4\n|inactive|Battle timer is ON: inactive players will automatically lose when time's up. (requested by Calmnic)\nAbelonche21 has agreed to open team sheets.\nCalmnic has agreed to open team sheets.\n|inactive|Calmnic has 30 seconds left.\n|inactive|Calmnic has 20 seconds left.\n|inactive|Calmnic has 15 seconds left.\n|inactive|Calmnic has 10 seconds left.\n|inactive|Calmnic has 5 seconds left.\n|\n|t:|1701057919\n|start\n|switch|p1a: Salamence|Salamence, L50, F|100\/100\n|switch|p1b: Pelipper|Pelipper, L50, F|100\/100\n|switch|p2a: Tornadus|Tornadus, L50, M|100\/100\n|switch|p2b: Arcanine|Arcanine-Hisui, L50, M|100\/100\n|-ability|p1a: Salamence|Intimidate|boost\n|-unboost|p2a: Tornadus|atk|1\n|-unboost|p2b: Arcanine|atk|1\n|-ability|p2b: Arcanine|Intimidate|boost\n|-unboost|p1a: Salamence|atk|1\n|-unboost|p1b: Pelipper|atk|1\n|-weather|RainDance|[from] ability: Drizzle|[of] p1b: Pelipper\n|turn|1\n|\n|t:|1701057943\n|-terastallize|p2b: Arcanine|Fairy\n|move|p2a: Tornadus|Tailwind|p2a: Tornadus\n|-sidestart|p2: Calmnic|move: Tailwind\n|move|p2b: Arcanine|Rock Slide|p1b: Pelipper|[spread] p1a\n|-miss|p2b: Arcanine|p1b: Pelipper\n|-supereffective|p1a: Salamence\n|-damage|p1a: Salamence|33\/100\n|cant|p1a: Salamence|flinch\n|move|p1b: Pelipper|Weather Ball|p2b: Arcanine\n|-damage|p2b: Arcanine|36\/100\n|\n|-weather|RainDance|[upkeep]\n|upkeep\n|turn|2\n|\n|t:|1701057958\n|move|p1b: Pelipper|Wide Guard|p1b: Pelipper\n|-singleturn|p1b: Pelipper|Wide Guard\n|move|p2a: Tornadus|Bleakwind Storm|p1a: Salamence|[spread] \n|-activate|p1a: Salamence|move: Wide Guard\n|-activate|p1b: Pelipper|move: Wide Guard\n|move|p2b: Arcanine|Rock Slide|p1b: Pelipper|[spread] \n|-activate|p1a: Salamence|move: Wide Guard\n|-activate|p1b: Pelipper|move: Wide Guard\n|move|p1a: Salamence|Tailwind|p1a: Salamence\n|-sidestart|p1: Abelonche21|move: Tailwind\n|\n|-weather|RainDance|[upkeep]\n|upkeep\n|turn|3\n|\n|t:|1701057980\n|switch|p1a: Iron Hands|Iron Hands, L50|100\/100\n|switch|p2b: Iron Hands|Iron Hands, L50|100\/100\n|move|p1b: Pelipper|Protect|p1b: Pelipper\n|-singleturn|p1b: Pelipper|Protect\n|move|p2a: Tornadus|Bleakwind Storm|p1a: Iron Hands|[spread] p1a\n|-activate|p1b: Pelipper|move: Protect\n|-damage|p1a: Iron Hands|80\/100\n|\n|-weather|RainDance|[upkeep]\n|upkeep\n|turn|4\n|inactive|Calmnic has 30 seconds left.\n|\n|t:|1701058008\n|move|p2a: Tornadus|Protect|p2a: Tornadus\n|-singleturn|p2a: Tornadus|Protect\n|move|p1a: Iron Hands|Fake Out|p2b: Iron Hands\n|-damage|p2b: Iron Hands|89\/100\n|move|p1b: Pelipper|Weather Ball|p2a: Tornadus\n|-activate|p2a: Tornadus|move: Protect\n|cant|p2b: Iron Hands|flinch\n|\n|-weather|RainDance|[upkeep]\n|-sideend|p2: Calmnic|move: Tailwind\n|upkeep\n|turn|5\n|\n|t:|1701058025\n|move|p2a: Tornadus|Tailwind|p2a: Tornadus\n|-sidestart|p2: Calmnic|move: Tailwind\n|move|p1b: Pelipper|Weather Ball|p2b: Iron Hands\n|-damage|p2b: Iron Hands|53\/100\n|move|p1a: Iron Hands|Drain Punch|p2b: Iron Hands\n|-damage|p2b: Iron Hands|27\/100\n|-heal|p1a: Iron Hands|95\/100|[from] drain|[of] p2b: Iron Hands\n|move|p2b: Iron Hands|Volt Switch|p1b: Pelipper\n|-supereffective|p1b: Pelipper\n|-damage|p1b: Pelipper|17\/100\n|\n|t:|1701058039\n|-end|p2b: Iron Hands|Quark Drive|[silent]\n|switch|p2b: Urshifu|Urshifu-Rapid-Strike, L50, M|100\/100|[from] Volt Switch\n|\n|-weather|none\n|-sideend|p1: Abelonche21|move: Tailwind\n|upkeep\n|turn|6\n|\n|t:|1701058065\n|-terastallize|p1a: Iron Hands|Water\n|move|p2a: Tornadus|Bleakwind Storm|p1a: Iron Hands|[spread] p1a\n|-miss|p2a: Tornadus|p1b: Pelipper\n|-damage|p1a: Iron Hands|75\/100\n|move|p2b: Urshifu|Close Combat|p1a: Iron Hands\n|-damage|p1a: Iron Hands|31\/100\n|-unboost|p2b: Urshifu|def|1\n|-unboost|p2b: Urshifu|spd|1\n|move|p1b: Pelipper|Hurricane|p2a: Tornadus\n|-damage|p2a: Tornadus|44\/100\n|move|p1a: Iron Hands|Wild Charge|p2b: Urshifu\n|-supereffective|p2b: Urshifu\n|-damage|p2b: Urshifu|0 fnt\n|faint|p2b: Urshifu\n|-damage|p1a: Iron Hands|13\/100|[from] Recoil\n|\n|upkeep\n|\n|t:|1701058083\n|switch|p2b: Iron Hands|Iron Hands, L50|27\/100\n|turn|7\n|\n|t:|1701058097\n|-end|p2b: Iron Hands|Quark Drive|[silent]\n|switch|p2b: Arcanine|Arcanine-Hisui, L50, M, tera:Fairy|36\/100\n|-ability|p2b: Arcanine|Intimidate|boost\n|-unboost|p1a: Iron Hands|atk|1\n|-unboost|p1b: Pelipper|atk|1\n|move|p1b: Pelipper|Protect|p1b: Pelipper\n|-singleturn|p1b: Pelipper|Protect\n|move|p2a: Tornadus|Bleakwind Storm|p1a: Iron Hands|[spread] p1a\n|-activate|p1b: Pelipper|move: Protect\n|-damage|p1a: Iron Hands|0 fnt\n|faint|p1a: Iron Hands\n|-end|p1a: Iron Hands|Quark Drive|[silent]\n|\n|upkeep\n|\n|t:|1701058106\n|switch|p1a: Salamence|Salamence, L50, F|33\/100\n|-ability|p1a: Salamence|Intimidate|boost\n|-unboost|p2a: Tornadus|atk|1\n|-unboost|p2b: Arcanine|atk|1\n|turn|8\n|\n|t:|1701058119\n|move|p1b: Pelipper|Wide Guard|p1b: Pelipper\n|-singleturn|p1b: Pelipper|Wide Guard\n|move|p2a: Tornadus|Bleakwind Storm|p1b: Pelipper|[spread] \n|-activate|p1a: Salamence|move: Wide Guard\n|-activate|p1b: Pelipper|move: Wide Guard\n|move|p2b: Arcanine|Rock Slide|p1b: Pelipper|[spread] \n|-activate|p1a: Salamence|move: Wide Guard\n|-activate|p1b: Pelipper|move: Wide Guard\n|move|p1a: Salamence|Air Slash|p2b: Arcanine\n|-damage|p2b: Arcanine|0 fnt\n|faint|p2b: Arcanine\n|\n|-sideend|p2: Calmnic|move: Tailwind\n|upkeep\n|\n|t:|1701058124\n|switch|p2b: Iron Hands|Iron Hands, L50|27\/100\n|turn|9\n|\n|t:|1701058145\n|move|p2b: Iron Hands|Fake Out|p1a: Salamence\n|-damage|p1a: Salamence|14\/100\n|cant|p1a: Salamence|flinch\n|move|p2a: Tornadus|Bleakwind Storm|p1b: Pelipper|[spread] p1a,p1b\n|-damage|p1a: Salamence|0 fnt\n|-damage|p1b: Pelipper|0 fnt\n|faint|p1a: Salamence\n|faint|p1b: Pelipper\n|\n|upkeep\n|\n|t:|1701058148\n|switch|p1b: Iron Bundle|Iron Bundle, L50|100\/100\n|-enditem|p1b: Iron Bundle|Booster Energy\n|-activate|p1b: Iron Bundle|ability: Quark Drive|[fromitem]\n|-start|p1b: Iron Bundle|quarkdrivespe\n|turn|10\n|inactive|Calmnic has 30 seconds left.\n|\n|t:|1701058178\n|move|p1b: Iron Bundle|Hydro Pump|p2b: Iron Hands\n|-damage|p2b: Iron Hands|0 fnt\n|faint|p2b: Iron Hands\n|-end|p2b: Iron Hands|Quark Drive|[silent]\n|move|p2a: Tornadus|Bleakwind Storm|p1b: Iron Bundle\n|-damage|p1b: Iron Bundle|23\/100\n|\n|upkeep\n|turn|11\n|\n|t:|1701058189\n|move|p1b: Iron Bundle|Freeze-Dry|p2a: Tornadus\n|-supereffective|p2a: Tornadus\n|-damage|p2a: Tornadus|0 fnt\n|faint|p2a: Tornadus\n|\n|win|Abelonche21\n|raw|Abelonche21's rating: 1424 &rarr; <strong>1439<\/strong><br \/>(+15 for winning)\n|raw|Calmnic's rating: 1330 &rarr; <strong>1315<\/strong><br \/>(-15 for losing)\n|c|\u2606Abelonche21|gg\n|c|\u2606Calmnic|gg\n","uploadtime":1701058194,"views":1,"p1id":"abelonche21","p2id":"calmnic","formatid":"gen9vgc2023regulatione","rating":1315,"private":0,"password":""}