{"id":"gen9vgc2023regulatione-1988102193","p1":"justincaseuforgot","p2":"Jayanni","format":"[Gen 9] VGC 2023 Regulation E","log":"|j|\u2606justincaseuforgot\n|j|\u2606Jayanni\n|t:|1699669767\n|gametype|doubles\n|player|p1|justincaseuforgot|alder|\n|player|p2|Jayanni|169|\n|teamsize|p1|6\n|teamsize|p2|6\n|gen|9\n|tier|[Gen 9] VGC 2023 Regulation E\n|rule|Species Clause: Limit one of each Pok\u00e9mon\n|rule|Item Clause: Limit one of each item\n|clearpoke\n|poke|p1|Typhlosion-Hisui, L50, M|\n|poke|p1|Torkoal, L50, M|\n|poke|p1|Forretress, L50, M|\n|poke|p1|Clefairy, L50, F|\n|poke|p1|Gengar, L50, M|\n|poke|p1|Espeon, L50, F|\n|poke|p2|Trevenant, L50, F|\n|poke|p2|Dragalge, L50, M|\n|poke|p2|Gliscor, L50, M|\n|poke|p2|Ludicolo, L50, F|\n|poke|p2|Meowscarada, L50, M|\n|poke|p2|Umbreon, L50, M|\n|teampreview|4\nJayanni has agreed to open team sheets.\n|j| loneleon\n|l| loneleon\njustincaseuforgot has agreed to open team sheets.\n|showteam|p1|Typhlosion-Hisui||AssaultVest|Blaze|TeraBlast,InfernalParade,Eruption,Flamethrower|||M|||50|,,,,,Ice]Torkoal||HeatRock|Drought|Protect,Yawn,EarthPower,HeatWave|||M|||50|,,,,,Fire]Forretress||Leftovers|Sturdy|GyroBall,Protect,Curse,ThunderWave|||M|||50|,,,,,Steel]Clefairy||Eviolite|FriendGuard|HelpingHand,HealPulse,DazzlingGleam,FollowMe|||F|||50|,,,,,Fairy]Gengar||LifeOrb|CursedBody|Hex,SludgeBomb,NastyPlot,DazzlingGleam|||M|||50|,,,,,Fairy]Espeon||FocusSash|MagicBounce|WeatherBall,Psyshock,TrickRoom,Protect|||F|||50|,,,,,Fire\n|showteam|p2|Trevenant||SitrusBerry|Frisk|TrickRoom,LeechSeed,Protect,KnockOff|||F|||50|,,,,,Normal]Dragalge||LifeOrb|Adaptability|SludgeBomb,DracoMeteor,Scald,Protect|||M|||50|,,,,,Poison]Gliscor||ToxicOrb|PoisonHeal|SwordsDance,BrickBreak,HighHorsepower,RockSlide|||M|||50|,,,,,Fairy]Ludicolo||AssaultVest|RainDish|RainDance,GigaDrain,Protect,Encore|||F|||50|,,,,,Dragon]Meowscarada||ChoiceBand|Protean|Uturn,KnockOff,BulletSeed,FlowerTrick|||M|||50|,,,,,Grass]Umbreon||Leftovers|InnerFocus|Toxic,Moonlight,Snarl,Curse|||M|||50|,,,,,Steel\n|j| loneleon\n|\n|t:|1699669835\n|start\n|switch|p1a: tanky sunny poo|Torkoal, L50, M, shiny|100\/100\n|switch|p1b: glow|Typhlosion-Hisui, L50, M, shiny|100\/100\n|switch|p2a: Gliscor|Gliscor, L50, M, shiny|100\/100\n|switch|p2b: Meowscarada|Meowscarada, L50, M, shiny|100\/100\n|-weather|SunnyDay|[from] ability: Drought|[of] p1a: tanky sunny poo\n|turn|1\n|\n|t:|1699669853\n|switch|p1b: greatest showman|Espeon, L50, F, shiny|100\/100\n|switch|p1a: another pokedoll|Clefairy, L50, F, shiny|100\/100\n|move|p2b: Meowscarada|U-turn|p1b: greatest showman\n|-start|p2b: Meowscarada|typechange|Bug|[from] ability: Protean\n|-supereffective|p1b: greatest showman\n|-damage|p1b: greatest showman|8\/100\n|\n|t:|1699669863\n|switch|p2b: Treva|Trevenant, L50, F, shiny|100\/100|[from] U-turn\n|-item|p1a: another pokedoll|Eviolite|[from] ability: Frisk|[of] p2b: Treva|[identify]\n|-item|p1b: greatest showman|Focus Sash|[from] ability: Frisk|[of] p2b: Treva|[identify]\n|move|p2a: Gliscor|High Horsepower|p1b: greatest showman\n|-damage|p1b: greatest showman|0 fnt\n|faint|p1b: greatest showman\n|\n|-weather|SunnyDay|[upkeep]\n|-status|p2a: Gliscor|tox|[from] item: Toxic Orb\n|upkeep\n|\n|t:|1699669874\n|switch|p1b: glow|Typhlosion-Hisui, L50, M, shiny|100\/100\n|turn|2\n|\n|t:|1699669882\n|-terastallize|p1b: glow|Ice\n|move|p2b: Treva|Protect|p2b: Treva\n|-singleturn|p2b: Treva|Protect\n|move|p1a: another pokedoll|Follow Me|p1a: another pokedoll\n|-singleturn|p1a: another pokedoll|move: Follow Me\n|move|p1b: glow|Tera Blast|p2a: Gliscor|[anim] Tera Blast Ice\n|-supereffective|p2a: Gliscor\n|-damage|p2a: Gliscor|0 fnt\n|faint|p2a: Gliscor\n|\n|-weather|SunnyDay|[upkeep]\n|upkeep\n|\n|t:|1699669897\n|switch|p2a: Meowscarada|Meowscarada, L50, M, shiny|100\/100\n|turn|3\n|\n|t:|1699669915\n|-terastallize|p2b: Treva|Normal\n|move|p1a: another pokedoll|Follow Me|p1a: another pokedoll\n|-singleturn|p1a: another pokedoll|move: Follow Me\n|move|p2a: Meowscarada|U-turn|p1a: another pokedoll\n|-start|p2a: Meowscarada|typechange|Bug|[from] ability: Protean\n|-resisted|p1a: another pokedoll\n|-damage|p1a: another pokedoll|77\/100\n|\n|t:|1699669923\n|switch|p2a: Mister|Dragalge, L50, M, shiny|100\/100|[from] U-turn\n|move|p1b: glow|Eruption|p2b: Treva|[spread] p2a,p2b\n|-resisted|p2a: Mister\n|-damage|p2a: Mister|59\/100\n|-damage|p2b: Treva|24\/100\n|-enditem|p2b: Treva|Sitrus Berry|[eat]\n|-heal|p2b: Treva|49\/100|[from] item: Sitrus Berry\n|move|p2b: Treva|Trick Room|p2b: Treva\n|-fieldstart|move: Trick Room|[of] p2b: Treva\n|\n|-weather|SunnyDay|[upkeep]\n|upkeep\n|turn|4\n|\n|t:|1699669958\n|move|p1a: another pokedoll|Helping Hand|p1b: glow\n|-singleturn|p1b: glow|Helping Hand|[of] p1a: another pokedoll\n|move|p2a: Mister|Draco Meteor|p1b: glow|[miss]\n|-miss|p2a: Mister|p1b: glow\n|move|p2b: Treva|Leech Seed|p1a: another pokedoll\n|-start|p1a: another pokedoll|move: Leech Seed\n|move|p1b: glow|Tera Blast|p2a: Mister|[anim] Tera Blast Ice\n|-supereffective|p2a: Mister\n|-damage|p2a: Mister|0 fnt\n|faint|p2a: Mister\n|\n|-weather|SunnyDay|[upkeep]\n|-damage|p1a: another pokedoll|64\/100|[from] Leech Seed|[of] p2b: Treva\n|-heal|p2b: Treva|58\/100|[silent]\n|upkeep\n|\n|t:|1699669974\n|switch|p2a: Meowscarada|Meowscarada, L50, M, shiny|100\/100\n|turn|5\n|\n|t:|1699669998\n|move|p1a: another pokedoll|Helping Hand|p1b: glow\n|-singleturn|p1b: glow|Helping Hand|[of] p1a: another pokedoll\n|move|p2b: Treva|Leech Seed|p1b: glow\n|-start|p1b: glow|move: Leech Seed\n|move|p1b: glow|Eruption|p2a: Meowscarada|[spread] p2a,p2b\n|-supereffective|p2a: Meowscarada\n|-damage|p2a: Meowscarada|0 fnt\n|-damage|p2b: Treva|0 fnt\n|faint|p2a: Meowscarada\n|faint|p2b: Treva\n|\n|win|justincaseuforgot\n","uploadtime":1699670010,"views":49,"p1id":"justincaseuforgot","p2id":"jayanni","formatid":"gen9vgc2023regulatione","rating":0,"private":0,"password":""}