{"id":"gen9vgc2023regulatione-1993563479","p1":"AgenteDino","p2":"carlosc1b19","format":"[Gen 9] VGC 2023 Regulation E","log":"|j|\u2606AgenteDino\n|j|\u2606carlosc1b19\n|n|\u2606AgenteDino|agentedino\n|n|\u2606carlosc1b19|carlosc1b19\n|html|View the match progress at <a href=\"\/game-bestof3-gen9vgc2023regulatione-1993563478\">game-bestof3-gen9vgc2023regulatione-1993563478<\/a>\n|t:|1700332156\n|gametype|doubles\n|player|p1|AgenteDino|guitarist-gen4|\n|player|p2|carlosc1b19|101|\n|teamsize|p1|6\n|teamsize|p2|6\n|gen|9\n|tier|[Gen 9] VGC 2023 Regulation E\n|rule|Species Clause: Limit one of each Pok\u00e9mon\n|rule|Item Clause: Limit one of each item\n|clearpoke\n|poke|p1|Tornadus, L50, M|\n|poke|p1|Urshifu-*, L50, M|\n|poke|p1|Chien-Pao, L50|\n|poke|p1|Dragonite, L50, M|\n|poke|p1|Iron Hands, L50|\n|poke|p1|Flutter Mane, L50|\n|poke|p2|Tornadus, L50, M|\n|poke|p2|Flutter Mane, L50|\n|poke|p2|Rillaboom, L50, F|\n|poke|p2|Ogerpon-Hearthflame, L50, F|\n|poke|p2|Chien-Pao, L50|\n|poke|p2|Dragonite, L50, F|\n|teampreview|4\n|c|\u2606carlosc1b19|dame un sec que envie\n|c|\u2606AgenteDino|Vale\n|c|\u2606carlosc1b19|listo\n|c|\u2606carlosc1b19|glhf\ncarlosc1b19 has agreed to open team sheets.\nAgenteDino has agreed to open team sheets.\n|showteam|p1|Tornadus||SitrusBerry|Prankster|Tailwind,Taunt,BleakwindStorm,RainDance|||M|||50|,,,,,Ghost]Urshifu-Rapid-Strike||MysticWater|UnseenFist|CloseCombat,AquaJet,SurgingStrikes,Detect|||M|||50|,,,,,Water]Chien-Pao||FocusSash|SwordofRuin|IceSpinner,SacredSword,SuckerPunch,Protect||||||50|,,,,,Ghost]Dragonite||ChoiceBand|InnerFocus|ExtremeSpeed,IronHead,Outrage,StompingTantrum|||M|||50|,,,,,Normal]Iron Hands||AssaultVest|QuarkDrive|WildCharge,DrainPunch,VoltSwitch,FakeOut||||||50|,,,,,Grass]Flutter Mane||BoosterEnergy|Protosynthesis|Protect,ShadowBall,Substitute,DazzlingGleam||||||50|,,,,,Water\n|showteam|p2|Tornadus||CovertCloak|Prankster|BleakwindStorm,SunnyDay,Tailwind,Taunt|||M|||50|,,,,,Dark]Flutter Mane||ChoiceSpecs|Protosynthesis|Moonblast,ShadowBall,DazzlingGleam,Thunderbolt||||||50|,,,,,Fairy]Rillaboom||AssaultVest|GrassySurge|StompingTantrum,WoodHammer,GrassyGlide,FakeOut|||F|||50|,,,,,Water]Ogerpon-Hearthflame||HearthflameMask|MoldBreaker|IvyCudgel,WoodHammer,GrassyGlide,SpikyShield|||F|||50|,,,,,Fire]Chien-Pao||FocusSash|SwordofRuin|IcicleCrash,Crunch,SuckerPunch,Protect||||||50|,,,,,Ghost]Dragonite||ChoiceBand|InnerFocus|ExtremeSpeed,Outrage,StompingTantrum,AquaJet|||F|||50|,,,,,Normal\n|\n|t:|1700332248\n|start\n|switch|p1a: Tornadus|Tornadus, L50, M|100\/100\n|switch|p1b: Dragonite|Dragonite, L50, M|100\/100\n|switch|p2a: Ventisca|Tornadus, L50, M|100\/100\n|switch|p2b: Rillaboom|Rillaboom, L50, F|100\/100\n|-fieldstart|move: Grassy Terrain|[from] ability: Grassy Surge|[of] p2b: Rillaboom\n|turn|1\n|\n|t:|1700332273\n|-terastallize|p1a: Tornadus|Ghost\n|move|p1a: Tornadus|Taunt|p2a: Ventisca\n|-start|p2a: Ventisca|move: Taunt\n|cant|p2a: Ventisca|move: Taunt|Tailwind\n|move|p2b: Rillaboom|Wood Hammer|p1a: Tornadus\n|-damage|p1a: Tornadus|0 fnt\n|faint|p1a: Tornadus\n|-damage|p2b: Rillaboom|72\/100|[from] Recoil\n|move|p1b: Dragonite|Outrage|p2a: Ventisca\n|-damage|p2a: Ventisca|0 fnt\n|faint|p2a: Ventisca\n|\n|-heal|p2b: Rillaboom|78\/100|[from] Grassy Terrain\n|upkeep\n|\n|t:|1700332294\n|switch|p1a: Chien-Pao|Chien-Pao, L50|100\/100\n|switch|p2a: Chien-Pao|Chien-Pao, L50|100\/100\n|-ability|p1a: Chien-Pao|Sword of Ruin\n|-ability|p2a: Chien-Pao|Sword of Ruin\n|turn|2\n|\n|t:|1700332309\n|switch|p2b: Ogerpon|Ogerpon-Hearthflame, L50, F|100\/100\n|-ability|p2b: Ogerpon|Mold Breaker\n|move|p1a: Chien-Pao|Ice Spinner|p2b: Ogerpon\n|-damage|p2b: Ogerpon|32\/100\n|-fieldend|move: Grassy Terrain\n|move|p2a: Chien-Pao|Icicle Crash|p1b: Dragonite\n|-supereffective|p1b: Dragonite\n|-damage|p1b: Dragonite|0 fnt\n|faint|p1b: Dragonite\n|\n|upkeep\n|\n|t:|1700332321\n|switch|p1b: Flutter Mane|Flutter Mane, L50|100\/100\n|-enditem|p1b: Flutter Mane|Booster Energy\n|-activate|p1b: Flutter Mane|ability: Protosynthesis|[fromitem]\n|-start|p1b: Flutter Mane|protosynthesisspa\n|turn|3\n|\n|t:|1700332372\n|move|p2a: Chien-Pao|Protect|p2a: Chien-Pao\n|-singleturn|p2a: Chien-Pao|Protect\n|move|p2b: Ogerpon|Spiky Shield|p2b: Ogerpon\n|-singleturn|p2b: Ogerpon|move: Protect\n|move|p1a: Chien-Pao|Sacred Sword|p2a: Chien-Pao\n|-activate|p2a: Chien-Pao|move: Protect\n|move|p1b: Flutter Mane|Dazzling Gleam|p2b: Ogerpon|[spread] \n|-activate|p2a: Chien-Pao|move: Protect\n|-activate|p2b: Ogerpon|move: Protect\n|\n|upkeep\n|turn|4\n|\n|t:|1700332421\n|switch|p2a: Rillaboom|Rillaboom, L50, F|78\/100\n|-fieldstart|move: Grassy Terrain|[from] ability: Grassy Surge|[of] p2a: Rillaboom\n|move|p2b: Ogerpon|Grassy Glide|p1b: Flutter Mane\n|-damage|p1b: Flutter Mane|1\/100\n|move|p1a: Chien-Pao|Sacred Sword|p2a: Rillaboom\n|-damage|p2a: Rillaboom|35\/100\n|move|p1b: Flutter Mane|Dazzling Gleam|p2a: Rillaboom|[spread] p2a,p2b\n|-resisted|p2b: Ogerpon\n|-damage|p2a: Rillaboom|8\/100\n|-damage|p2b: Ogerpon|10\/100\n|\n|-heal|p1b: Flutter Mane|7\/100|[from] Grassy Terrain\n|-heal|p2b: Ogerpon|16\/100|[from] Grassy Terrain\n|-heal|p2a: Rillaboom|14\/100|[from] Grassy Terrain\n|upkeep\n|turn|5\n|\n|t:|1700332440\n|move|p1a: Chien-Pao|Protect|p1a: Chien-Pao\n|-singleturn|p1a: Chien-Pao|Protect\n|move|p1b: Flutter Mane|Protect|p1b: Flutter Mane\n|-singleturn|p1b: Flutter Mane|Protect\n|move|p2a: Rillaboom|Fake Out|p1a: Chien-Pao\n|-activate|p1a: Chien-Pao|move: Protect\n|move|p2b: Ogerpon|Grassy Glide|p1b: Flutter Mane\n|-activate|p1b: Flutter Mane|move: Protect\n|\n|-heal|p1b: Flutter Mane|14\/100|[from] Grassy Terrain\n|-heal|p2b: Ogerpon|22\/100|[from] Grassy Terrain\n|-heal|p2a: Rillaboom|20\/100|[from] Grassy Terrain\n|upkeep\n|turn|6\n|\n|t:|1700332469\n|move|p2b: Ogerpon|Spiky Shield|p2b: Ogerpon\n|-singleturn|p2b: Ogerpon|move: Protect\n|move|p1a: Chien-Pao|Sucker Punch|p2a: Rillaboom\n|-damage|p2a: Rillaboom|0 fnt\n|faint|p2a: Rillaboom\n|move|p1b: Flutter Mane|Dazzling Gleam|p2b: Ogerpon\n|-activate|p2b: Ogerpon|move: Protect\n|\n|-heal|p1b: Flutter Mane|20\/100|[from] Grassy Terrain\n|-heal|p2b: Ogerpon|29\/100|[from] Grassy Terrain\n|upkeep\n|\n|t:|1700332475\n|switch|p2a: Chien-Pao|Chien-Pao, L50|100\/100\n|-ability|p2a: Chien-Pao|Sword of Ruin\n|turn|7\n|\n|t:|1700332483\n|-terastallize|p2a: Chien-Pao|Ghost\n|move|p1b: Flutter Mane|Protect|p1b: Flutter Mane\n|-singleturn|p1b: Flutter Mane|Protect\n|move|p2a: Chien-Pao|Sucker Punch||[still]\n|-fail|p2a: Chien-Pao\n|move|p1a: Chien-Pao|Ice Spinner|p2b: Ogerpon\n|-damage|p2b: Ogerpon|0 fnt\n|-fieldend|move: Grassy Terrain\n|faint|p2b: Ogerpon\n|\n|upkeep\n|turn|8\n|\n|t:|1700332501\n|move|p2a: Chien-Pao|Sucker Punch|p1b: Flutter Mane\n|-damage|p1b: Flutter Mane|0 fnt\n|faint|p1b: Flutter Mane\n|-end|p1b: Flutter Mane|Protosynthesis|[silent]\n|move|p1a: Chien-Pao|Sucker Punch||[still]\n|-fail|p1a: Chien-Pao\n|\n|upkeep\n|turn|9\n|\n|t:|1700332512\n|move|p1a: Chien-Pao|Protect|p1a: Chien-Pao\n|-singleturn|p1a: Chien-Pao|Protect\n|move|p2a: Chien-Pao|Protect||[still]\n|-fail|p2a: Chien-Pao\n|\n|upkeep\n|turn|10\n|\n|t:|1700332531\n|move|p1a: Chien-Pao|Sucker Punch|p2a: Chien-Pao\n|-supereffective|p2a: Chien-Pao\n|-damage|p2a: Chien-Pao|2\/100\n|move|p2a: Chien-Pao|Sucker Punch||[still]\n|-fail|p2a: Chien-Pao\n|\n|upkeep\n|turn|11\n|\n|t:|1700332537\n|move|p2a: Chien-Pao|Sucker Punch|p1a: Chien-Pao\n|-resisted|p1a: Chien-Pao\n|-damage|p1a: Chien-Pao|75\/100\n|move|p1a: Chien-Pao|Ice Spinner|p2a: Chien-Pao\n|-damage|p2a: Chien-Pao|0 fnt\n|faint|p2a: Chien-Pao\n|\n|win|AgenteDino\n|c|&|\/uhtml prompt-carlosc1b19,carlosc1b19 is ready for game 2!\n|c|&|\/uhtml prompt-agentedino,AgenteDino is ready for game 2!\nBoth players are ready! Starting next match!\n|l|\u2606carlosc1b19\n","uploadtime":1700332881,"views":21,"p1id":"agentedino","p2id":"carlosc1b19","formatid":"gen9vgc2023regulatione","rating":0,"private":0,"password":""}