{"id":"gen9vgc2023regulatione-1998117855","p1":"KrisBlazeKick","p2":"That_Leek","format":"[Gen 9] VGC 2023 Regulation E","log":"|j|\u2606KrisBlazeKick\n|j|\u2606That_Leek\n|t:|1700894497\n|gametype|doubles\n|player|p1|KrisBlazeKick|baker|1610\n|player|p2|That_Leek|blue|1619\n|teamsize|p1|6\n|teamsize|p2|6\n|gen|9\n|tier|[Gen 9] VGC 2023 Regulation E\n|rated|\n|rule|Species Clause: Limit one of each Pok\u00e9mon\n|rule|Item Clause: Limit one of each item\n|clearpoke\n|poke|p1|Torkoal, L50, M|\n|poke|p1|Flutter Mane, L50|\n|poke|p1|Tornadus, L50, M|\n|poke|p1|Rillaboom, L50, F|\n|poke|p1|Ogerpon-Hearthflame, L50, F|\n|poke|p1|Empoleon, L50, M|\n|poke|p2|Gholdengo, L50|\n|poke|p2|Ogerpon-Wellspring, L50, F|\n|poke|p2|Arcanine-Hisui, L50, M|\n|poke|p2|Chien-Pao, L50|\n|poke|p2|Scream Tail, L50|\n|poke|p2|Dragonite, L50, M|\n|teampreview|4\nThat_Leek has agreed to open team sheets.\nKrisBlazeKick has agreed to open team sheets.\n|inactive|Battle timer is ON: inactive players will automatically lose when time's up. (requested by KrisBlazeKick)\n|inactive|KrisBlazeKick has 60 seconds left.\n|j| DJR1012\n|\n|t:|1700894567\n|start\n|switch|p1a: Tornadus|Tornadus, L50, M|100\/100\n|switch|p1b: Flutter Mane|Flutter Mane, L50|100\/100\n|switch|p2a: Ogerpon|Ogerpon-Wellspring, L50, F|100\/100\n|switch|p2b: Chien-Pao|Chien-Pao, L50|100\/100\n|-ability|p2b: Chien-Pao|Sword of Ruin\n|turn|1\n|inactive|That_Leek has 30 seconds left.\n|\n|t:|1700894595\n|-terastallize|p1b: Flutter Mane|Fairy\n|move|p2a: Ogerpon|Spiky Shield|p2a: Ogerpon\n|-singleturn|p2a: Ogerpon|move: Protect\n|move|p1a: Tornadus|Tailwind|p1a: Tornadus\n|-sidestart|p1: KrisBlazeKick|move: Tailwind\n|move|p1b: Flutter Mane|Dazzling Gleam|p2b: Chien-Pao|[spread] p2b\n|-activate|p2a: Ogerpon|move: Protect\n|-supereffective|p2b: Chien-Pao\n|-enditem|p2b: Chien-Pao|Focus Sash\n|-damage|p2b: Chien-Pao|1\/100\n|move|p2b: Chien-Pao|Ice Spinner|p1a: Tornadus\n|-supereffective|p1a: Tornadus\n|-damage|p1a: Tornadus|0 fnt\n|faint|p1a: Tornadus\n|\n|upkeep\n|inactive|KrisBlazeKick has 30 seconds left.\n|\n|t:|1700894629\n|switch|p1a: Ogerpon|Ogerpon-Hearthflame, L50, F|100\/100\n|-ability|p1a: Ogerpon|Mold Breaker\n|turn|2\n|\n|t:|1700894650\n|switch|p1a: Rillaboom|Rillaboom, L50, F|100\/100\n|-fieldstart|move: Grassy Terrain|[from] ability: Grassy Surge|[of] p1a: Rillaboom\n|switch|p2b: Arcanine|Arcanine-Hisui, L50, M|100\/100\n|-ability|p2b: Arcanine|Intimidate|boost\n|-unboost|p1a: Rillaboom|atk|1\n|-unboost|p1b: Flutter Mane|atk|1\n|-terastallize|p2a: Ogerpon|Water\n|detailschange|p2a: Ogerpon|Ogerpon-Wellspring-Tera, L50, F, tera:Water\n|-ability|p2a: Ogerpon|Embody Aspect (Wellspring)|boost\n|-boost|p2a: Ogerpon|spd|1\n|move|p1b: Flutter Mane|Dazzling Gleam|p2a: Ogerpon|[spread] p2a,p2b\n|-resisted|p2b: Arcanine\n|-damage|p2a: Ogerpon|57\/100\n|-damage|p2b: Arcanine|62\/100\n|move|p2a: Ogerpon|Ivy Cudgel|p1b: Flutter Mane|[anim] Ivy Cudgel Water\n|-damage|p1b: Flutter Mane|0 fnt\n|faint|p1b: Flutter Mane\n|-end|p1b: Flutter Mane|Protosynthesis|[silent]\n|\n|-heal|p2b: Arcanine|69\/100|[from] Grassy Terrain\n|-heal|p2a: Ogerpon|63\/100|[from] Grassy Terrain\n|upkeep\n|\n|t:|1700894670\n|switch|p1b: Ogerpon|Ogerpon-Hearthflame, L50, F|100\/100\n|-ability|p1b: Ogerpon|Mold Breaker\n|turn|3\n|inactive|KrisBlazeKick has 30 seconds left.\n|\n|t:|1700894700\n|switch|p2b: Gholdengo|Gholdengo, L50|100\/100\n|move|p2a: Ogerpon|Spiky Shield|p2a: Ogerpon\n|-singleturn|p2a: Ogerpon|move: Protect\n|move|p1a: Rillaboom|Fake Out|p2a: Ogerpon\n|-activate|p2a: Ogerpon|move: Protect\n|-damage|p1a: Rillaboom|88\/100|[from] Spiky Shield|[of] p2a: Ogerpon\n|move|p1b: Ogerpon|Grassy Glide|p2b: Gholdengo\n|-resisted|p2b: Gholdengo\n|-damage|p2b: Gholdengo|80\/100\n|\n|-heal|p1a: Rillaboom|94\/100|[from] Grassy Terrain\n|-heal|p2a: Ogerpon|68\/100|[from] Grassy Terrain\n|-heal|p2b: Gholdengo|86\/100|[from] Grassy Terrain\n|upkeep\n|turn|4\n|inactive|KrisBlazeKick has 30 seconds left.\n|inactive|That_Leek has 30 seconds left.\n|\n|t:|1700894731\n|move|p1b: Ogerpon|Grassy Glide|p2a: Ogerpon\n|-supereffective|p2a: Ogerpon\n|-damage|p2a: Ogerpon|0 fnt\n|faint|p2a: Ogerpon\n|move|p1a: Rillaboom|Stomping Tantrum|p2b: Gholdengo\n|-supereffective|p2b: Gholdengo\n|-damage|p2b: Gholdengo|52\/100\n|move|p2b: Gholdengo|Make It Rain|p1b: Ogerpon|[spread] p1a,p1b\n|-resisted|p1b: Ogerpon\n|-damage|p1a: Rillaboom|48\/100\n|-damage|p1b: Ogerpon|70\/100\n|-unboost|p2b: Gholdengo|spa|1\n|\n|-heal|p1b: Ogerpon|75\/100|[from] Grassy Terrain\n|-heal|p1a: Rillaboom|54\/100|[from] Grassy Terrain\n|-heal|p2b: Gholdengo|57\/100|[from] Grassy Terrain\n|-sideend|p1: KrisBlazeKick|move: Tailwind\n|upkeep\n|\n|t:|1700894734\n|switch|p2a: Arcanine|Arcanine-Hisui, L50, M|69\/100\n|-ability|p2a: Arcanine|Intimidate|boost\n|-unboost|p1a: Rillaboom|atk|1\n|-unboost|p1b: Ogerpon|atk|1\n|turn|5\n|inactive|That_Leek has 30 seconds left.\n|\n|t:|1700894765\n|switch|p2b: Chien-Pao|Chien-Pao, L50|1\/100\n|-ability|p2b: Chien-Pao|Sword of Ruin\n|move|p2a: Arcanine|Extreme Speed|p1a: Rillaboom\n|-damage|p1a: Rillaboom|0 fnt\n|faint|p1a: Rillaboom\n|move|p1b: Ogerpon|Grassy Glide|p2a: Arcanine\n|-damage|p2a: Arcanine|20\/100\n|\n|-heal|p2b: Chien-Pao|7\/100|[from] Grassy Terrain\n|-heal|p1b: Ogerpon|81\/100|[from] Grassy Terrain\n|-heal|p2a: Arcanine|27\/100|[from] Grassy Terrain\n|upkeep\n|turn|6\n|\n|t:|1700894776\n|move|p1b: Ogerpon|Spiky Shield|p1b: Ogerpon\n|-singleturn|p1b: Ogerpon|move: Protect\n|move|p2a: Arcanine|Extreme Speed|p1b: Ogerpon\n|-activate|p1b: Ogerpon|move: Protect\n|-damage|p2a: Arcanine|14\/100|[from] Spiky Shield|[of] p1b: Ogerpon\n|move|p2b: Chien-Pao|Sucker Punch||[still]\n|-fail|p2b: Chien-Pao\n|\n|-heal|p2b: Chien-Pao|13\/100|[from] Grassy Terrain\n|-heal|p1b: Ogerpon|87\/100|[from] Grassy Terrain\n|-heal|p2a: Arcanine|20\/100|[from] Grassy Terrain\n|-fieldend|move: Grassy Terrain\n|upkeep\n|turn|7\n|inactive|KrisBlazeKick has 30 seconds left.\n|\n|t:|1700894806\n|move|p2a: Arcanine|Extreme Speed|p1b: Ogerpon\n|-damage|p1b: Ogerpon|10\/100\n|move|p2b: Chien-Pao|Sucker Punch|p1b: Ogerpon\n|-damage|p1b: Ogerpon|0 fnt\n|faint|p1b: Ogerpon\n|\n|win|That_Leek\n|raw|KrisBlazeKick's rating: 1610 &rarr; <strong>1591<\/strong><br \/>(-19 for losing)\n|raw|That_Leek's rating: 1619 &rarr; <strong>1638<\/strong><br \/>(+19 for winning)\n|l|\u2606KrisBlazeKick\n|l| DJR1012\n","uploadtime":1700894812,"views":6,"p1id":"krisblazekick","p2id":"thatleek","formatid":"gen9vgc2023regulatione","rating":1591,"private":0,"password":""}