{"id":"gen9vgc2023regulatione-1999086587","p1":"Pard Mafia","p2":"RUBEN GUARDA QUA","format":"[Gen 9] VGC 2023 Regulation E","log":"|j|\u2606Pard Mafia\n|j|\u2606RUBEN GUARDA QUA\n|n|\u2606Pard Mafia|pardmafia\n|n|\u2606RUBEN GUARDA QUA|rubenguardaqua\n|html|View the match progress at <a href=\"\/game-bestof3-gen9vgc2023regulatione-1999086586\">game-bestof3-gen9vgc2023regulatione-1999086586<\/a>\n|t:|1701031699\n|gametype|doubles\n|player|p1|Pard Mafia|petrel|\n|player|p2|RUBEN GUARDA QUA|lucas|\n|teamsize|p1|6\n|teamsize|p2|6\n|gen|9\n|tier|[Gen 9] VGC 2023 Regulation E\n|rule|Species Clause: Limit one of each Pok\u00e9mon\n|rule|Item Clause: Limit one of each item\n|clearpoke\n|poke|p1|Flutter Mane, L50|\n|poke|p1|Tornadus, L50, M|\n|poke|p1|Regieleki, L50|\n|poke|p1|Chi-Yu, L50|\n|poke|p1|Ogerpon-Wellspring, L50, F|\n|poke|p1|Indeedee-F, L50, F|\n|poke|p2|Tornadus, L50, M|\n|poke|p2|Gholdengo, L50|\n|poke|p2|Amoonguss, L50, F|\n|poke|p2|Arcanine-Hisui, L50, F|\n|poke|p2|Urshifu-*, L50, F|\n|poke|p2|Iron Hands, L50|\n|teampreview|4\nRUBEN GUARDA QUA has agreed to open team sheets.\nPard Mafia has agreed to open team sheets.\n|showteam|p1|Flutter Mane||FocusSash|Protosynthesis|DazzlingGleam,Moonblast,ShadowBall,Protect||||||50|,,,,,Fairy]Tornadus||SafetyGoggles|Prankster|BleakwindStorm,Tailwind,RainDance,Protect|||M|||50|,,,,,Dark]Regieleki||Magnet|Transistor|Thunderbolt,Electroweb,TeraBlast,Protect||||||50|,,,,,Ice]Chi-Yu||LifeOrb|BeadsofRuin|HeatWave,Overheat,Snarl,Protect||||||50|,,,,,Fire]Ogerpon-Wellspring||WellspringMask|WaterAbsorb|IvyCudgel,HornLeech,SwordsDance,SpikyShield|||F|||50|,,,,,Water]Indeedee-F||PsychicSeed|PsychicSurge|Psychic,FollowMe,HelpingHand,Protect|||F|||50|,,,,,Dragon\n|showteam|p2|Tornadus||RockyHelmet|Prankster|BleakwindStorm,Tailwind,RainDance,Protect|||M|||50|,,,,,Steel]Gholdengo||Leftovers|GoodasGold|MakeItRain,ShadowBall,NastyPlot,Protect||||||50|,,,,,Dragon]Amoonguss||SitrusBerry|Regenerator|RagePowder,Spore,PollenPuff,Protect|||F|||50|,,,,,Fire]Arcanine-Hisui||ChoiceBand|Intimidate|FlareBlitz,RockSlide,ExtremeSpeed,TeraBlast|||F|||50|,,,,,Fairy]Urshifu-Rapid-Strike||MysticWater|UnseenFist|SurgingStrikes,CloseCombat,AquaJet,Protect|||F|||50|,,,,,Water]Iron Hands||AssaultVest|QuarkDrive|WildCharge,DrainPunch,VoltSwitch,FakeOut||||||50|,,,,,Water\n|c|\u2606Pard Mafia|Bastaaa\n|j| HH mEMA\n|c|\u2606Pard Mafia|Gg hai vinto\n|c|\u2606Pard Mafia|Glhf\n|c|\u2606RUBEN GUARDA QUA|prevedibile per\u00f2\n|\n|t:|1701031768\n|start\n|switch|p1a: Bad|Tornadus, L50, M|100\/100\n|switch|p1b: Thriller|Regieleki, L50|100\/100\n|switch|p2a: Danetty|Amoonguss, L50, F|100\/100\n|switch|p2b: Mava|Iron Hands, L50|100\/100\n|turn|1\n|c|\u2606Pard Mafia|Vabb\u00e8 non gioco a pokemon\n|c|\u2606RUBEN GUARDA QUA|aspetta che scrivo a marco\n|c|\u2606RUBEN GUARDA QUA|un attimo eh\n|c| HH mEMA|arbitro\n|c|\u2606Pard Mafia|Eh si eh\n|\n|t:|1701031816\n|switch|p1b: Blue Gangsta|Ogerpon-Wellspring, L50, F|100\/100\n|switch|p2a: Brezza man|Arcanine-Hisui, L50, F|100\/100\n|-ability|p2a: Brezza man|Intimidate|boost\n|-unboost|p1a: Bad|atk|1\n|-unboost|p1b: Blue Gangsta|atk|1\n|move|p1a: Bad|Bleakwind Storm|p2a: Brezza man|[spread] p2a,p2b\n|-resisted|p2a: Brezza man\n|-damage|p2a: Brezza man|81\/100\n|-damage|p2b: Mava|85\/100\n|move|p2b: Mava|Drain Punch|p1b: Blue Gangsta\n|-damage|p1b: Blue Gangsta|53\/100\n|-heal|p2b: Mava|100\/100|[from] drain|[of] p1b: Blue Gangsta\n|\n|upkeep\n|turn|2\n|j| GervaVGC\n|c|\u2606Pard Mafia|Che schifo fa diocane ogerpon\n|c|\u2606RUBEN GUARDA QUA|dai che vai a fare economia\n|c|\u2606RUBEN GUARDA QUA|non opporre resistenza\n|\n|t:|1701031866\n|switch|p2a: Danetty|Amoonguss, L50, F|100\/100\n|move|p1b: Blue Gangsta|Ivy Cudgel|p2a: Danetty|[anim] Ivy Cudgel Water\n|-resisted|p2a: Danetty\n|-damage|p2a: Danetty|83\/100\n|move|p1a: Bad|Bleakwind Storm|p2b: Mava|[spread] p2a,p2b\n|-supereffective|p2a: Danetty\n|-damage|p2a: Danetty|37\/100\n|-damage|p2b: Mava|86\/100\n|-enditem|p2a: Danetty|Sitrus Berry|[eat]\n|-heal|p2a: Danetty|62\/100|[from] item: Sitrus Berry\n|move|p2b: Mava|Volt Switch|p1a: Bad\n|-supereffective|p1a: Bad\n|-damage|p1a: Bad|74\/100\n|\n|t:|1701031880\n|-end|p2b: Mava|Quark Drive|[silent]\n|switch|p2b: Brezza man|Arcanine-Hisui, L50, F|81\/100|[from] Volt Switch\n|-ability|p2b: Brezza man|Intimidate|boost\n|-unboost|p1a: Bad|atk|1\n|-unboost|p1b: Blue Gangsta|atk|1\n|\n|upkeep\n|turn|3\n|j| Pennainglese12\n|l| GervaVGC\n|\n|t:|1701031933\n|switch|p1b: Baby Be Mine|Indeedee-F, L50, F|100\/100\n|-fieldstart|move: Psychic Terrain|[from] ability: Psychic Surge|[of] p1b: Baby Be Mine\n|-enditem|p1b: Baby Be Mine|Psychic Seed\n|-boost|p1b: Baby Be Mine|spd|1|[from] item: Psychic Seed\n|-terastallize|p2b: Brezza man|Fairy\n|move|p2a: Danetty|Protect|p2a: Danetty\n|-singleturn|p2a: Danetty|Protect\n|move|p2b: Brezza man|Flare Blitz|p1a: Bad\n|-damage|p1a: Bad|0 fnt\n|faint|p1a: Bad\n|-damage|p2b: Brezza man|57\/100|[from] Recoil\n|\n|upkeep\n|c| Pennainglese12|Sun fammi italiano\n|\n|t:|1701031953\n|switch|p1a: Blue Gangsta|Ogerpon-Wellspring, L50, F|53\/100\n|turn|4\n|\n|t:|1701031983\n|move|p1a: Blue Gangsta|Swords Dance|p1a: Blue Gangsta\n|-boost|p1a: Blue Gangsta|atk|2\n|move|p2b: Brezza man|Flare Blitz|p1a: Blue Gangsta\n|-damage|p1a: Blue Gangsta|0 fnt\n|faint|p1a: Blue Gangsta\n|-damage|p2b: Brezza man|40\/100|[from] Recoil\n|move|p1b: Baby Be Mine|Psychic|p2a: Danetty\n|-supereffective|p2a: Danetty\n|-damage|p2a: Danetty|1\/100\n|move|p2a: Danetty|Spore|p1b: Baby Be Mine\n|-status|p1b: Baby Be Mine|slp|[from] move: Spore\n|\n|upkeep\n|\n|t:|1701031989\n|switch|p1a: Thriller|Regieleki, L50|100\/100\n|turn|5\n|\n|t:|1701031999\n|switch|p2a: Mava|Iron Hands, L50|86\/100\n|move|p1a: Thriller|Protect|p1a: Thriller\n|-singleturn|p1a: Thriller|Protect\n|move|p2b: Brezza man|Flare Blitz|p1a: Thriller\n|-activate|p1a: Thriller|move: Protect\n|cant|p1b: Baby Be Mine|slp\n|\n|upkeep\n|turn|6\n|c|\u2606Pard Mafia|Vabb\u00e8 ers\n|\n|t:|1701032017\n|switch|p2b: Danetty|Amoonguss, L50, F|34\/100\n|move|p1a: Thriller|Thunderbolt|p2b: Danetty\n|-resisted|p2b: Danetty\n|-damage|p2b: Danetty|12\/100\n|cant|p1b: Baby Be Mine|slp\n|move|p2a: Mava|Drain Punch|p1a: Thriller\n|-damage|p1a: Thriller|31\/100\n|-heal|p2a: Mava|100\/100|[from] drain|[of] p1a: Thriller\n|\n|upkeep\n|turn|7\n|\n|t:|1701032030\n|move|p2b: Danetty|Rage Powder|p2b: Danetty\n|-singleturn|p2b: Danetty|move: Rage Powder\n|move|p1a: Thriller|Electroweb|p2b: Danetty|[spread] p2a,p2b\n|-resisted|p2a: Mava\n|-resisted|p2b: Danetty\n|-damage|p2a: Mava|94\/100\n|-damage|p2b: Danetty|3\/100\n|-unboost|p2a: Mava|spe|1\n|-unboost|p2b: Danetty|spe|1\n|-curestatus|p1b: Baby Be Mine|slp|[msg]\n|move|p1b: Baby Be Mine|Psychic|p2b: Danetty\n|-supereffective|p2b: Danetty\n|-damage|p2b: Danetty|0 fnt\n|faint|p2b: Danetty\n|move|p2a: Mava|Wild Charge|p1b: Baby Be Mine\n|-damage|p1b: Baby Be Mine|53\/100\n|-damage|p2a: Mava|86\/100|[from] Recoil\n|\n|-fieldend|move: Psychic Terrain\n|upkeep\n|\n|t:|1701032053\n|switch|p2b: Pokemon bilanciato|Tornadus, L50, M|100\/100\n|turn|8\n|\n|t:|1701032063\n|move|p1b: Baby Be Mine|Follow Me|p1b: Baby Be Mine\n|-singleturn|p1b: Baby Be Mine|move: Follow Me\n|move|p2b: Pokemon bilanciato|Tailwind|p2b: Pokemon bilanciato\n|-sidestart|p2: RUBEN GUARDA QUA|move: Tailwind\n|move|p1a: Thriller|Thunderbolt|p2b: Pokemon bilanciato\n|-supereffective|p2b: Pokemon bilanciato\n|-damage|p2b: Pokemon bilanciato|0 fnt\n|faint|p2b: Pokemon bilanciato\n|move|p2a: Mava|Drain Punch|p1b: Baby Be Mine\n|-damage|p1b: Baby Be Mine|12\/100\n|-heal|p2a: Mava|100\/100|[from] drain|[of] p1b: Baby Be Mine\n|\n|upkeep\n|c| Pennainglese12|Che scarso chuggle\n|\n|t:|1701032070\n|switch|p2b: Brezza man|Arcanine-Hisui, L50, F, tera:Fairy|40\/100\n|-ability|p2b: Brezza man|Intimidate|boost\n|-unboost|p1a: Thriller|atk|1\n|-unboost|p1b: Baby Be Mine|atk|1\n|turn|9\n|-message|Pard Mafia forfeited.\n|\n|win|RUBEN GUARDA QUA\n|c|&|\/uhtml prompt-rubenguardaqua,RUBEN GUARDA QUA is ready for game 2!\n|c|&|\/uhtml prompt-pardmafia,Pard Mafia is ready for game 2!\nBoth players are ready! Starting next match!\n|l| Pennainglese12\n|j| Pennainglese12\n|l| Pennainglese12\n|j| Pennainglese12\n|l|\u2606RUBEN GUARDA QUA\n","uploadtime":1701033055,"views":10,"p1id":"pardmafia","p2id":"rubenguardaqua","formatid":"gen9vgc2023regulatione","rating":0,"private":0,"password":""}