{"id":"gen9vgc2023regulatione-1999120806","p1":"usuwuuw","p2":"MarianoFarv","format":"[Gen 9] VGC 2023 Regulation E","log":"|j|\u2606usuwuuw\n|j|\u2606MarianoFarv\n|t:|1701035360\n|gametype|doubles\n|player|p1|usuwuuw|swimmer|1131\n|player|p2|MarianoFarv|ghetsis-gen5bw|1150\n|teamsize|p1|6\n|teamsize|p2|6\n|gen|9\n|tier|[Gen 9] VGC 2023 Regulation E\n|rated|\n|rule|Species Clause: Limit one of each Pok\u00e9mon\n|rule|Item Clause: Limit one of each item\n|clearpoke\n|poke|p1|Iron Bundle, L50|\n|poke|p1|Ninetales-Alola, L50, F|\n|poke|p1|Baxcalibur, L50, M|\n|poke|p1|Chien-Pao, L50|\n|poke|p1|Flutter Mane, L50|\n|poke|p1|Iron Hands, L50|\n|poke|p2|Iron Bundle, L50|\n|poke|p2|Gholdengo, L50|\n|poke|p2|Chien-Pao, L50|\n|poke|p2|Urshifu-*, L50, M|\n|poke|p2|Iron Hands, L50|\n|poke|p2|Dragonite, L50, F|\n|teampreview|4\nMarianoFarv has agreed to open team sheets.\n|\n|t:|1701035424\n|start\n|switch|p1a: Iron Bundle|Iron Bundle, L50|100\/100\n|switch|p1b: Iron Hands|Iron Hands, L50|100\/100\n|switch|p2a: Grinch|Chien-Pao, L50|100\/100\n|switch|p2b: Chunk|Dragonite, L50, F|100\/100\n|-ability|p2a: Grinch|Sword of Ruin\n|-enditem|p1a: Iron Bundle|Booster Energy\n|-activate|p1a: Iron Bundle|ability: Quark Drive|[fromitem]\n|-start|p1a: Iron Bundle|quarkdrivespe\n|turn|1\n|l|\u2606usuwuuw\n|player|p1|\n|j|\u2606usuwuuw\n|player|p1|usuwuuw|swimmer\n|\n|t:|1701035448\n|-terastallize|p2b: Chunk|Normal\n|move|p1b: Iron Hands|Fake Out|p2b: Chunk\n|-damage|p2b: Chunk|76\/100\n|move|p2b: Chunk|Extreme Speed|p1a: Iron Bundle\n|-damage|p1a: Iron Bundle|0 fnt\n|faint|p1a: Iron Bundle\n|-end|p1a: Iron Bundle|Quark Drive|[silent]\n|move|p2a: Grinch|Sucker Punch||[still]\n|-fail|p2a: Grinch\n|\n|upkeep\n|\n|t:|1701035466\n|switch|p1a: Flutter Mane|Flutter Mane, L50|100\/100\n|turn|2\n|\n|t:|1701035486\n|move|p2b: Chunk|Extreme Speed|p1b: Iron Hands\n|-damage|p1b: Iron Hands|39\/100\n|move|p2a: Grinch|Ice Spinner|p1b: Iron Hands\n|-crit|p1b: Iron Hands\n|-damage|p1b: Iron Hands|0 fnt\n|faint|p1b: Iron Hands\n|-end|p1b: Iron Hands|Quark Drive|[silent]\n|move|p1a: Flutter Mane|Moonblast|p2b: Chunk\n|-damage|p2b: Chunk|0 fnt\n|faint|p2b: Chunk\n|\n|upkeep\n|\n|t:|1701035499\n|switch|p2b: Garou|Urshifu-Rapid-Strike, L50, M|100\/100\n|switch|p1b: Baxcalibur|Baxcalibur, L50, M|100\/100\n|turn|3\n|\n|t:|1701035522\n|-terastallize|p1b: Baxcalibur|Poison\n|move|p1a: Flutter Mane|Moonblast|p2b: Garou\n|-supereffective|p2b: Garou\n|-damage|p2b: Garou|0 fnt\n|faint|p2b: Garou\n|move|p2a: Grinch|Sacred Sword|p1b: Baxcalibur\n|-resisted|p1b: Baxcalibur\n|-damage|p1b: Baxcalibur|82\/100\n|move|p1b: Baxcalibur|Glaive Rush|p2a: Grinch\n|-enditem|p2a: Grinch|Focus Sash\n|-damage|p2a: Grinch|1\/100\n|-singlemove|p1b: Baxcalibur|Glaive Rush|[silent]\n|\n|upkeep\n|\n|t:|1701035532\n|switch|p2b: Bundling|Iron Bundle, L50|100\/100\n|-enditem|p2b: Bundling|Booster Energy\n|-activate|p2b: Bundling|ability: Quark Drive|[fromitem]\n|-start|p2b: Bundling|quarkdrivespe\n|turn|4\n|\n|t:|1701035543\n|move|p2a: Grinch|Sucker Punch|p1a: Flutter Mane\n|-crit|p1a: Flutter Mane\n|-damage|p1a: Flutter Mane|0 fnt\n|faint|p1a: Flutter Mane\n|-end|p1a: Flutter Mane|Protosynthesis|[silent]\n|move|p1b: Baxcalibur|Ice Shard|p2a: Grinch\n|-resisted|p2a: Grinch\n|-damage|p2a: Grinch|0 fnt\n|faint|p2a: Grinch\n|move|p2b: Bundling|Hydro Pump|p1b: Baxcalibur\n|-damage|p1b: Baxcalibur|18\/100\n|\n|upkeep\n|turn|5\n|\n|t:|1701035558\n|move|p2b: Bundling|Encore|p1b: Baxcalibur\n|-start|p1b: Baxcalibur|Encore\n|move|p1b: Baxcalibur|Ice Shard|p2b: Bundling\n|-resisted|p2b: Bundling\n|-damage|p2b: Bundling|93\/100\n|\n|upkeep\n|turn|6\n|\n|t:|1701035569\n|move|p1b: Baxcalibur|Ice Shard|p2b: Bundling\n|-resisted|p2b: Bundling\n|-damage|p2b: Bundling|85\/100\n|move|p2b: Bundling|Hydro Pump|p1b: Baxcalibur|[miss]\n|-miss|p2b: Bundling|p1b: Baxcalibur\n|\n|upkeep\n|turn|7\n|\n|t:|1701035574\n|move|p1b: Baxcalibur|Ice Shard|p2b: Bundling\n|-resisted|p2b: Bundling\n|-damage|p2b: Bundling|78\/100\n|move|p2b: Bundling|Hydro Pump|p1b: Baxcalibur\n|-damage|p1b: Baxcalibur|0 fnt\n|faint|p1b: Baxcalibur\n|\n|win|MarianoFarv\n|raw|usuwuuw's rating: 1131 &rarr; <strong>1107<\/strong><br \/>(-24 for losing)\n|raw|MarianoFarv's rating: 1150 &rarr; <strong>1174<\/strong><br \/>(+24 for winning)\n","uploadtime":1701035580,"views":2,"p1id":"usuwuuw","p2id":"marianofarv","formatid":"gen9vgc2023regulatione","rating":1107,"private":0,"password":""}