{"id":"gen9vgc2023regulatione-1998270022","p1":"Xekooooooo","p2":"SilentMoonYT_","format":"[Gen 9] VGC 2023 Regulation E","log":"|j|\u2606Xekooooooo\n|j|\u2606SilentMoonYT_\n|t:|1700922690\n|gametype|doubles\n|player|p1|Xekooooooo|2|1053\n|player|p2|SilentMoonYT_|skyla|1073\n|teamsize|p1|6\n|teamsize|p2|6\n|gen|9\n|tier|[Gen 9] VGC 2023 Regulation E\n|rated|\n|rule|Species Clause: Limit one of each Pok\u00e9mon\n|rule|Item Clause: Limit one of each item\n|clearpoke\n|poke|p1|Numel, L50, F|\n|poke|p1|Torkoal, L50, M|\n|poke|p1|Lilligant-Hisui, L50, F|\n|poke|p1|Oranguru, L50, M|\n|poke|p1|Espeon, L50, F|\n|poke|p1|Ogerpon-Wellspring, L50, F|\n|poke|p2|Tornadus, L50, M|\n|poke|p2|Ogerpon-Wellspring, L50, F|\n|poke|p2|Urshifu-*, L50, F|\n|poke|p2|Zapdos, L50|\n|poke|p2|Scizor, L50, F|\n|poke|p2|Ludicolo, L50, M|\n|teampreview|4\n|inactive|Battle timer is ON: inactive players will automatically lose when time's up. (requested by Xekooooooo)\n|\n|t:|1700922701\n|start\n|switch|p1a: Numel|Numel, L50, F|100\/100\n|switch|p1b: Oranguru|Oranguru, L50, M|100\/100\n|switch|p2a: Tornadus|Tornadus, L50, M, shiny|100\/100\n|switch|p2b: Ogerpon|Ogerpon-Wellspring, L50, F|100\/100\n|turn|1\n|\n|t:|1700922717\n|-terastallize|p2b: Ogerpon|Water\n|detailschange|p2b: Ogerpon|Ogerpon-Wellspring-Tera, L50, F, tera:Water\n|-ability|p2b: Ogerpon|Embody Aspect (Wellspring)|boost\n|-boost|p2b: Ogerpon|spd|1\n|move|p1a: Numel|Protect|p1a: Numel\n|-singleturn|p1a: Numel|Protect\n|move|p2a: Tornadus|Taunt|p1b: Oranguru\n|-start|p1b: Oranguru|move: Taunt\n|-enditem|p1b: Oranguru|Mental Herb\n|-end|p1b: Oranguru|move: Taunt\n|move|p2b: Ogerpon|Ivy Cudgel|p1a: Numel|[anim] Ivy Cudgel Water\n|-activate|p1a: Numel|move: Protect\n|move|p1b: Oranguru|Trick Room|p1b: Oranguru\n|-fieldstart|move: Trick Room|[of] p1b: Oranguru\n|\n|upkeep\n|turn|2\n|inactive|Xekooooooo has 30 seconds left.\n|\n|t:|1700922744\n|-terastallize|p1a: Numel|Fairy\n|move|p2a: Tornadus|Rain Dance|p2a: Tornadus\n|-weather|RainDance\n|move|p1a: Numel|Stockpile|p1a: Numel\n|-start|p1a: Numel|stockpile1\n|-boost|p1a: Numel|def|2\n|-boost|p1a: Numel|spd|2\n|move|p1b: Oranguru|Instruct|p1a: Numel\n|-singleturn|p1a: Numel|move: Instruct|[of] p1b: Oranguru\n|move|p1a: Numel|Stockpile|p1a: Numel\n|-start|p1a: Numel|stockpile2\n|-boost|p1a: Numel|def|2\n|-boost|p1a: Numel|spd|2\n|move|p2b: Ogerpon|Ivy Cudgel|p1a: Numel|[anim] Ivy Cudgel Water\n|-damage|p1a: Numel|58\/100\n|\n|-weather|RainDance|[upkeep]\n|upkeep\n|turn|3\n|inactive|Xekooooooo has 30 seconds left.\n|\n|t:|1700922775\n|switch|p1b: Torkoal|Torkoal, L50, M|100\/100\n|-weather|SunnyDay|[from] ability: Drought|[of] p1b: Torkoal\n|move|p1a: Numel|Growth|p1a: Numel\n|-boost|p1a: Numel|atk|4\n|-boost|p1a: Numel|spa|4\n|move|p2b: Ogerpon|Ivy Cudgel|p1a: Numel|[anim] Ivy Cudgel Water\n|-damage|p1a: Numel|43\/100\n|move|p2a: Tornadus|Bleakwind Storm|p1b: Torkoal|[spread] p1a,p1b\n|-damage|p1a: Numel|30\/100\n|-damage|p1b: Torkoal|51\/100\n|-unboost|p1a: Numel|spe|2\n|\n|-weather|SunnyDay|[upkeep]\n|upkeep\n|turn|4\n|inactive|Xekooooooo has 30 seconds left.\n|\n|t:|1700922806\n|switch|p1b: Oranguru|Oranguru, L50, M|100\/100\n|move|p1a: Numel|Protect|p1a: Numel\n|-singleturn|p1a: Numel|Protect\n|move|p2a: Tornadus|Rain Dance|p2a: Tornadus\n|-weather|RainDance\n|move|p2b: Ogerpon|Ivy Cudgel|p1a: Numel|[anim] Ivy Cudgel Water\n|-activate|p1a: Numel|move: Protect\n|\n|-weather|RainDance|[upkeep]\n|upkeep\n|turn|5\n|\n|t:|1700922830\n|move|p2a: Tornadus|Taunt|p1a: Numel\n|-start|p1a: Numel|move: Taunt\n|cant|p1a: Numel|move: Taunt|Stockpile\n|move|p1b: Oranguru|Psych Up|p1a: Numel\n|-copyboost|p1b: Oranguru|p1a: Numel|[from] move: Psych Up\n|move|p2b: Ogerpon|Ivy Cudgel|p1b: Oranguru|[anim] Ivy Cudgel Water\n|-damage|p1b: Oranguru|62\/100\n|\n|-weather|RainDance|[upkeep]\n|-fieldend|move: Trick Room\n|upkeep\n|turn|6\n|\n|t:|1700922851\n|move|p2a: Tornadus|Bleakwind Storm|p1b: Oranguru|[spread] p1a,p1b\n|-crit|p1a: Numel\n|-damage|p1a: Numel|0 fnt\n|-damage|p1b: Oranguru|52\/100\n|faint|p1a: Numel\n|move|p2b: Ogerpon|Ivy Cudgel|p1b: Oranguru|[anim] Ivy Cudgel Water\n|-damage|p1b: Oranguru|16\/100\n|move|p1b: Oranguru|Stored Power|p2a: Tornadus\n|-damage|p2a: Tornadus|0 fnt\n|faint|p2a: Tornadus\n|\n|-weather|RainDance|[upkeep]\n|upkeep\n|\n|t:|1700922867\n|switch|p2a: Zapdos|Zapdos, L50, shiny|100\/100\n|switch|p1a: Espeon|Espeon, L50, F|100\/100\n|-ability|p2a: Zapdos|Pressure\n|turn|7\n|\n|t:|1700922882\n|move|p1a: Espeon|Psych Up|p1b: Oranguru\n|-copyboost|p1a: Espeon|p1b: Oranguru|[from] move: Psych Up\n|move|p2a: Zapdos|Hurricane|p1a: Espeon\n|-damage|p1a: Espeon|77\/100\n|move|p2b: Ogerpon|Ivy Cudgel|p1b: Oranguru|[anim] Ivy Cudgel Water\n|-crit|p1b: Oranguru\n|-damage|p1b: Oranguru|0 fnt\n|faint|p1b: Oranguru\n|\n|-weather|RainDance|[upkeep]\n|upkeep\n|\n|t:|1700922894\n|switch|p1b: Torkoal|Torkoal, L50, M|51\/100\n|-weather|SunnyDay|[from] ability: Drought|[of] p1b: Torkoal\n|turn|8\n|\n|t:|1700922907\n|move|p2a: Zapdos|Weather Ball|p1a: Espeon\n|-damage|p1a: Espeon|54\/100\n|move|p2b: Ogerpon|Ivy Cudgel|p1b: Torkoal|[anim] Ivy Cudgel Water\n|-supereffective|p1b: Torkoal\n|-crit|p1b: Torkoal\n|-damage|p1b: Torkoal|0 fnt\n|faint|p1b: Torkoal\n|move|p1a: Espeon|Stored Power|p2a: Zapdos\n|-damage|p2a: Zapdos|0 fnt\n|faint|p2a: Zapdos\n|\n|-weather|SunnyDay|[upkeep]\n|upkeep\n|\n|t:|1700922918\n|switch|p2a: Ludicolo|Ludicolo, L50, M|100\/100\n|turn|9\n|\n|t:|1700922929\n|move|p1a: Espeon|Protect|p1a: Espeon\n|-singleturn|p1a: Espeon|Protect\n|move|p2b: Ogerpon|Ivy Cudgel|p1a: Espeon|[anim] Ivy Cudgel Water\n|-activate|p1a: Espeon|move: Protect\n|move|p2a: Ludicolo|Ice Beam|p1a: Espeon\n|-activate|p1a: Espeon|move: Protect\n|\n|-weather|SunnyDay|[upkeep]\n|upkeep\n|turn|10\n|\n|t:|1700922941\n|move|p2b: Ogerpon|Ivy Cudgel|p1a: Espeon|[anim] Ivy Cudgel Water\n|-crit|p1a: Espeon\n|-damage|p1a: Espeon|0 fnt\n|faint|p1a: Espeon\n|\n|win|SilentMoonYT_\n|raw|Xekooooooo's rating: 1053 &rarr; <strong>1036<\/strong><br \/>(-17 for losing)\n|raw|SilentMoonYT_'s rating: 1073 &rarr; <strong>1100<\/strong><br \/>(+27 for winning)\n|l|\u2606Xekooooooo\n|c|\u2606SilentMoonYT_|gg\n","uploadtime":1700922951,"views":1,"p1id":"xekooooooo","p2id":"silentmoonyt","formatid":"gen9vgc2023regulatione","rating":1036,"private":0,"password":""}