{"id":"gen9vgc2023regulatione-1994976633","p1":"wdytyaia","p2":"brodietop","format":"[Gen 9] VGC 2023 Regulation E","log":"|j|\u2606wdytyaia\n|j|\u2606brodietop\n|t:|1700509751\n|gametype|doubles\n|player|p1|wdytyaia|irida|1358\n|player|p2|brodietop|1|1458\n|teamsize|p1|6\n|teamsize|p2|6\n|gen|9\n|tier|[Gen 9] VGC 2023 Regulation E\n|rated|\n|rule|Species Clause: Limit one of each Pok\u00e9mon\n|rule|Item Clause: Limit one of each item\n|clearpoke\n|poke|p1|Chien-Pao, L50|\n|poke|p1|Dragonite, L50, F|\n|poke|p1|Rillaboom, L50, M|\n|poke|p1|Heatran, L50, M|\n|poke|p1|Urshifu-*, L50, M|\n|poke|p1|Farigiraf, L50, M|\n|poke|p2|Indeedee-F, L50, F|\n|poke|p2|Armarouge, L50, M|\n|poke|p2|Ursaluna, L50, F|\n|poke|p2|Torkoal, L50, M|\n|poke|p2|Urshifu-*, L50, M|\n|poke|p2|Roaring Moon, L50|\n|teampreview|4\nwdytyaia has agreed to open team sheets.\n|\n|t:|1700509801\n|start\n|switch|p1a: Chien-Pao|Chien-Pao, L50|100\/100\n|switch|p1b: Dragonite|Dragonite, L50, F|100\/100\n|switch|p2a: Armarouge|Armarouge, L50, M|100\/100\n|switch|p2b: Urshifu|Urshifu-Rapid-Strike, L50, M|100\/100\n|-ability|p1a: Chien-Pao|Sword of Ruin\n|turn|1\n|inactive|Battle timer is ON: inactive players will automatically lose when time's up. (requested by brodietop)\n|inactive|wdytyaia has 60 seconds left.\n|inactive|brodietop has 60 seconds left.\n|\n|t:|1700509853\n|-terastallize|p2b: Urshifu|Water\n|move|p2a: Armarouge|Endure|p2a: Armarouge\n|-singleturn|p2a: Armarouge|move: Endure\n|move|p2b: Urshifu|Surging Strikes|p1a: Chien-Pao\n|-crit|p1a: Chien-Pao\n|-damage|p1a: Chien-Pao|65\/100\n|-crit|p1a: Chien-Pao\n|-damage|p1a: Chien-Pao|29\/100\n|-crit|p1a: Chien-Pao\n|-damage|p1a: Chien-Pao|0 fnt\n|faint|p1a: Chien-Pao\n|-hitcount|p1: Chien-Pao|3\n|move|p1b: Dragonite|Aerial Ace|p2b: Urshifu\n|-damage|p2b: Urshifu|47\/100\n|\n|upkeep\n|\n|t:|1700509863\n|switch|p1a: Rillaboom|Rillaboom, L50, M|100\/100\n|-fieldstart|move: Grassy Terrain|[from] ability: Grassy Surge|[of] p1a: Rillaboom\n|turn|2\n|\n|t:|1700509885\n|switch|p2b: Indeedee|Indeedee-F, L50, F|100\/100\n|-fieldstart|move: Psychic Terrain|[from] ability: Psychic Surge|[of] p2b: Indeedee\n|-enditem|p2b: Indeedee|Psychic Seed\n|-boost|p2b: Indeedee|spd|1|[from] item: Psychic Seed\n|move|p1b: Dragonite|Aerial Ace|p2a: Armarouge\n|-damage|p2a: Armarouge|48\/100\n|-ability|p2a: Armarouge|Weak Armor|boost\n|-unboost|p2a: Armarouge|def|1\n|-boost|p2a: Armarouge|spe|2\n|move|p1a: Rillaboom|Grassy Glide|p2b: Indeedee\n|-damage|p2b: Indeedee|56\/100\n|move|p2a: Armarouge|Trick Room|p2a: Armarouge\n|-fieldstart|move: Trick Room|[of] p2a: Armarouge\n|\n|upkeep\n|turn|3\n|inactive|brodietop has 30 seconds left.\n|inactive|wdytyaia has 30 seconds left.\n|inactive|brodietop has 20 seconds left.\n|inactive|brodietop has 15 seconds left.\n|\n|t:|1700509932\n|move|p2b: Indeedee|Follow Me|p2b: Indeedee\n|-singleturn|p2b: Indeedee|move: Follow Me\n|move|p1a: Rillaboom|Wood Hammer|p2b: Indeedee\n|-damage|p2b: Indeedee|0 fnt\n|faint|p2b: Indeedee\n|-damage|p1a: Rillaboom|83\/100|[from] Recoil\n|move|p1b: Dragonite|Aerial Ace|p2a: Armarouge\n|-damage|p2a: Armarouge|0 fnt\n|faint|p2a: Armarouge\n|\n|upkeep\n|\n|t:|1700509940\n|switch|p2b: Ursaluna|Ursaluna, L50, F|100\/100\n|switch|p2a: Urshifu|Urshifu-Rapid-Strike, L50, M, tera:Water|47\/100\n|turn|4\n|inactive|wdytyaia has 30 seconds left.\n|\n|t:|1700509971\n|switch|p1a: Heatran|Heatran, L50, M|100\/100\n|move|p2b: Ursaluna|Protect|p2b: Ursaluna\n|-singleturn|p2b: Ursaluna|Protect\n|move|p1b: Dragonite|Aerial Ace|p2a: Urshifu\n|-damage|p2a: Urshifu|0 fnt\n|faint|p2a: Urshifu\n|\n|-status|p2b: Ursaluna|brn|[from] item: Flame Orb\n|upkeep\n|turn|5\n|inactive|brodietop has 30 seconds left.\n|inactive|brodietop has 20 seconds left.\n|\n|t:|1700510007\n|move|p2b: Ursaluna|Facade|p1b: Dragonite\n|-damage|p1b: Dragonite|0 fnt\n|faint|p1b: Dragonite\n|move|p1a: Heatran|Flash Cannon|p2b: Ursaluna\n|-damage|p2b: Ursaluna|60\/100 brn\n|\n|-damage|p2b: Ursaluna|54\/100 brn|[from] brn\n|upkeep\n|\n|t:|1700510017\n|switch|p1b: Rillaboom|Rillaboom, L50, M|83\/100\n|-fieldstart|move: Grassy Terrain|[from] ability: Grassy Surge|[of] p1b: Rillaboom\n|turn|6\n|\n|t:|1700510033\n|move|p1b: Rillaboom|Fake Out|p2b: Ursaluna\n|-damage|p2b: Ursaluna|44\/100 brn\n|cant|p2b: Ursaluna|flinch\n|move|p1a: Heatran|Flash Cannon|p2b: Ursaluna\n|-damage|p2b: Ursaluna|3\/100 brn\n|\n|-heal|p2b: Ursaluna|9\/100 brn|[from] Grassy Terrain\n|-heal|p1b: Rillaboom|90\/100|[from] Grassy Terrain\n|-damage|p2b: Ursaluna|3\/100 brn|[from] brn\n|-fieldend|move: Trick Room\n|upkeep\n|turn|7\n|-message|brodietop forfeited.\n|\n|win|wdytyaia\n|raw|wdytyaia's rating: 1358 &rarr; <strong>1384<\/strong><br \/>(+26 for winning)\n|raw|brodietop's rating: 1458 &rarr; <strong>1432<\/strong><br \/>(-26 for losing)\n|l|\u2606brodietop\n","uploadtime":1700510048,"views":2,"p1id":"wdytyaia","p2id":"brodietop","formatid":"gen9vgc2023regulatione","rating":1384,"private":0,"password":""}