{"id":"gen9vgc2023regulatione-1999364325","p1":"DeclanB53","p2":"iMatCia","format":"[Gen 9] VGC 2023 Regulation E","log":"|j|\u2606DeclanB53\n|j|\u2606iMatCia\n|t:|1701067362\n|gametype|doubles\n|player|p1|DeclanB53|shadowtriad|1175\n|player|p2|iMatCia|101|1096\n|teamsize|p1|6\n|teamsize|p2|6\n|gen|9\n|tier|[Gen 9] VGC 2023 Regulation E\n|rated|\n|rule|Species Clause: Limit one of each Pok\u00e9mon\n|rule|Item Clause: Limit one of each item\n|clearpoke\n|poke|p1|Urshifu-*, L50, M|\n|poke|p1|Iron Hands, L50|\n|poke|p1|Tornadus, L50, M|\n|poke|p1|Gholdengo, L50|\n|poke|p1|Chi-Yu, L50|\n|poke|p1|Salamence, L50, F|\n|poke|p2|Ogerpon-Hearthflame, L50, F|\n|poke|p2|Iron Hands, L50|\n|poke|p2|Tornadus, L50, M|\n|poke|p2|Roaring Moon, L50|\n|poke|p2|Flutter Mane, L50|\n|poke|p2|Landorus-Therian, L50, M|\n|teampreview|4\n|inactive|Battle timer is ON: inactive players will automatically lose when time's up. (requested by iMatCia)\n|inactive|DeclanB53 also wants the timer to be on.\n|inactive|iMatCia has 60 seconds left.\n|\n|t:|1701067406\n|start\n|switch|p1a: Tornadus|Tornadus, L50, M|100\/100\n|switch|p1b: Iron Hands|Iron Hands, L50|100\/100\n|switch|p2a: Tornadus|Tornadus, L50, M|100\/100\n|switch|p2b: Ogerpon|Ogerpon-Hearthflame, L50, F|100\/100\n|-ability|p2b: Ogerpon|Mold Breaker\n|turn|1\n|inactive|DeclanB53 has 30 seconds left.\n|inactive|iMatCia has 30 seconds left.\n|\n|t:|1701067436\n|move|p2b: Ogerpon|Spiky Shield|p2b: Ogerpon\n|-singleturn|p2b: Ogerpon|move: Protect\n|move|p1b: Iron Hands|Fake Out|p2a: Tornadus\n|-damage|p2a: Tornadus|87\/100\n|move|p1a: Tornadus|Taunt|p2a: Tornadus\n|-start|p2a: Tornadus|move: Taunt\n|cant|p2a: Tornadus|move: Taunt|Sunny Day\n|\n|upkeep\n|turn|2\n|inactive|DeclanB53 has 30 seconds left.\n|\n|t:|1701067462\n|-terastallize|p2b: Ogerpon|Fire\n|detailschange|p2b: Ogerpon|Ogerpon-Hearthflame-Tera, L50, F, tera:Fire\n|-ability|p2b: Ogerpon|Embody Aspect (Hearthflame)|boost\n|-boost|p2b: Ogerpon|atk|1\n|move|p1a: Tornadus|Tailwind|p1a: Tornadus\n|-sidestart|p1: DeclanB53|move: Tailwind\n|move|p2b: Ogerpon|Ivy Cudgel|p1b: Iron Hands|[anim] Ivy Cudgel Fire\n|-damage|p1b: Iron Hands|20\/100\n|move|p1b: Iron Hands|Heavy Slam|p2a: Tornadus\n|-crit|p2a: Tornadus\n|-damage|p2a: Tornadus|26\/100\n|move|p2a: Tornadus|Bleakwind Storm|p1b: Iron Hands|[spread] p1a,p1b\n|-crit|p1b: Iron Hands\n|-damage|p1a: Tornadus|70\/100\n|-damage|p1b: Iron Hands|0 fnt\n|faint|p1b: Iron Hands\n|-end|p1b: Iron Hands|Quark Drive|[silent]\n|\n|upkeep\n|\n|t:|1701067480\n|switch|p1b: Salamence|Salamence, L50, F|100\/100\n|-ability|p1b: Salamence|Intimidate|boost\n|-unboost|p2a: Tornadus|atk|1\n|-unboost|p2b: Ogerpon|atk|1\n|turn|3\n|\n|t:|1701067492\n|move|p2b: Ogerpon|Spiky Shield|p2b: Ogerpon\n|-singleturn|p2b: Ogerpon|move: Protect\n|move|p1a: Tornadus|Rain Dance|p1a: Tornadus\n|-weather|RainDance\n|move|p1b: Salamence|Dragon Dance|p1b: Salamence\n|-boost|p1b: Salamence|atk|1\n|-boost|p1b: Salamence|spe|1\n|move|p2a: Tornadus|Icy Wind|p1a: Tornadus|[spread] p1a,p1b\n|-supereffective|p1a: Tornadus\n|-supereffective|p1b: Salamence\n|-damage|p1a: Tornadus|49\/100\n|-damage|p1b: Salamence|54\/100\n|-unboost|p1b: Salamence|spe|1\n|\n|-weather|RainDance|[upkeep]\n|-end|p2a: Tornadus|move: Taunt\n|upkeep\n|turn|4\n|inactive|DeclanB53 has 30 seconds left.\n|\n|t:|1701067521\n|move|p2a: Tornadus|Sunny Day|p2a: Tornadus\n|-weather|SunnyDay\n|move|p1a: Tornadus|Bleakwind Storm|p2b: Ogerpon|[spread] \n|-miss|p1a: Tornadus|p2a: Tornadus\n|-miss|p1a: Tornadus|p2b: Ogerpon\n|move|p1b: Salamence|Dual Wingbeat|p2b: Ogerpon\n|-damage|p2b: Ogerpon|42\/100\n|-damage|p2b: Ogerpon|0 fnt\n|faint|p2b: Ogerpon\n|-hitcount|p2: Ogerpon|2\n|-damage|p1b: Salamence|44\/100|[from] item: Life Orb\n|\n|-weather|SunnyDay|[upkeep]\n|upkeep\n|\n|t:|1701067538\n|switch|p2b: Iron Hands|Iron Hands, L50|100\/100\n|turn|5\n|\n|t:|1701067552\n|move|p2b: Iron Hands|Fake Out|p1b: Salamence\n|-damage|p1b: Salamence|25\/100\n|move|p1a: Tornadus|Rain Dance|p1a: Tornadus\n|-weather|RainDance\n|cant|p1b: Salamence|flinch\n|move|p2a: Tornadus|Icy Wind|p1b: Salamence|[spread] p1a,p1b\n|-supereffective|p1a: Tornadus\n|-supereffective|p1b: Salamence\n|-damage|p1a: Tornadus|29\/100\n|-damage|p1b: Salamence|0 fnt\n|faint|p1b: Salamence\n|\n|-weather|RainDance|[upkeep]\n|-sideend|p1: DeclanB53|move: Tailwind\n|upkeep\n|\n|t:|1701067561\n|switch|p1b: Chi-Yu|Chi-Yu, L50|100\/100\n|-ability|p1b: Chi-Yu|Beads of Ruin\n|turn|6\n|\n|t:|1701067572\n|-terastallize|p1b: Chi-Yu|Dark\n|move|p2a: Tornadus|Tailwind|p2a: Tornadus\n|-sidestart|p2: iMatCia|move: Tailwind\n|move|p1b: Chi-Yu|Dark Pulse|p2b: Iron Hands\n|-resisted|p2b: Iron Hands\n|-damage|p2b: Iron Hands|75\/100\n|move|p2b: Iron Hands|Drain Punch|p1b: Chi-Yu\n|-supereffective|p1b: Chi-Yu\n|-enditem|p1b: Chi-Yu|Focus Sash\n|-damage|p1b: Chi-Yu|1\/100\n|-heal|p2b: Iron Hands|99\/100|[from] drain|[of] p1b: Chi-Yu\n|move|p1a: Tornadus|Bleakwind Storm|p2a: Tornadus|[spread] p2a,p2b\n|-damage|p2a: Tornadus|0 fnt\n|-damage|p2b: Iron Hands|76\/100\n|faint|p2a: Tornadus\n|\n|-weather|RainDance|[upkeep]\n|upkeep\n|\n|t:|1701067588\n|switch|p2a: Landorus|Landorus-Therian, L50, M|100\/100\n|-ability|p2a: Landorus|Intimidate|boost\n|-unboost|p1a: Tornadus|atk|1\n|-unboost|p1b: Chi-Yu|atk|1\n|turn|7\n|\n|t:|1701067598\n|move|p1b: Chi-Yu|Protect|p1b: Chi-Yu\n|-singleturn|p1b: Chi-Yu|Protect\n|move|p1a: Tornadus|Tailwind|p1a: Tornadus\n|-sidestart|p1: DeclanB53|move: Tailwind\n|move|p2a: Landorus|Rock Slide|p1b: Chi-Yu|[spread] p1a\n|-activate|p1b: Chi-Yu|move: Protect\n|-supereffective|p1a: Tornadus\n|-damage|p1a: Tornadus|0 fnt\n|faint|p1a: Tornadus\n|move|p2b: Iron Hands|Wild Charge|p1b: Chi-Yu\n|-activate|p1b: Chi-Yu|move: Protect\n|\n|-weather|RainDance|[upkeep]\n|upkeep\n|turn|8\n|\n|t:|1701067623\n|move|p2a: Landorus|Rock Slide|p1b: Chi-Yu\n|-damage|p1b: Chi-Yu|0 fnt\n|faint|p1b: Chi-Yu\n|\n|win|iMatCia\n|raw|DeclanB53's rating: 1175 &rarr; <strong>1144<\/strong><br \/>(-31 for losing)\n|raw|iMatCia's rating: 1096 &rarr; <strong>1127<\/strong><br \/>(+31 for winning)\n","uploadtime":1701067630,"views":14,"p1id":"declanb53","p2id":"imatcia","formatid":"gen9vgc2023regulatione","rating":1127,"private":0,"password":""}