{"id":"gen9vgc2023regulatione-1995602646","p1":"DCandR","p2":"Dom testes","format":"[Gen 9] VGC 2023 Regulation E","log":"|j|\u2606DCandR\n|j|\u2606Dom testes\n|t:|1700586613\n|gametype|doubles\n|player|p1|DCandR|266|1086\n|player|p2|Dom testes|2|1103\n|teamsize|p1|6\n|teamsize|p2|6\n|gen|9\n|tier|[Gen 9] VGC 2023 Regulation E\n|rated|\n|rule|Species Clause: Limit one of each Pok\u00e9mon\n|rule|Item Clause: Limit one of each item\n|clearpoke\n|poke|p1|Flutter Mane, L50|\n|poke|p1|Sneasler, L50, F|\n|poke|p1|Regieleki, L50|\n|poke|p1|Chi-Yu, L50|\n|poke|p1|Ogerpon-Wellspring, L50, F|\n|poke|p1|Indeedee-F, L50, F|\n|poke|p2|Flutter Mane, L50|\n|poke|p2|Tornadus, L50, M|\n|poke|p2|Regieleki, L50|\n|poke|p2|Chi-Yu, L50|\n|poke|p2|Ogerpon-Wellspring, L50, F|\n|poke|p2|Indeedee-F, L50, F|\n|teampreview|4\n|\n|t:|1700586658\n|start\n|switch|p1a: Indeedee|Indeedee-F, L50, F|100\/100\n|switch|p1b: Sneasler|Sneasler, L50, F|100\/100\n|switch|p2a: Regieleki|Regieleki, L50|100\/100\n|switch|p2b: Tornadus|Tornadus, L50, M|100\/100\n|-fieldstart|move: Psychic Terrain|[from] ability: Psychic Surge|[of] p1a: Indeedee\n|-enditem|p1b: Sneasler|Psychic Seed\n|-boost|p1b: Sneasler|spd|1|[from] item: Psychic Seed\n|turn|1\n|inactive|Battle timer is ON: inactive players will automatically lose when time's up. (requested by Dom testes)\n|l|\u2606Dom testes\n|inactive|Dom testes disconnected and has a minute to reconnect!\n|player|p2|\n|j|\u2606Dom testes\n|inactive|Dom testes reconnected and has 70 seconds left.\n|player|p2|Dom testes|2\n|inactive|Dom testes has 60 seconds left.\n|inactive|DCandR has 60 seconds left.\n|\n|t:|1700586708\n|move|p2b: Tornadus|Protect|p2b: Tornadus\n|-singleturn|p2b: Tornadus|Protect\n|move|p1b: Sneasler|Dire Claw|p2b: Tornadus\n|-activate|p2b: Tornadus|move: Protect\n|move|p2a: Regieleki|Electroweb|p1b: Sneasler|[spread] p1a,p1b\n|-damage|p1a: Indeedee|75\/100\n|-damage|p1b: Sneasler|81\/100\n|-unboost|p1a: Indeedee|spe|1\n|-unboost|p1b: Sneasler|spe|1\n|move|p1a: Indeedee|Psychic|p2b: Tornadus\n|-activate|p2b: Tornadus|move: Protect\n|\n|upkeep\n|turn|2\n|\n|t:|1700586733\n|switch|p2b: Chi-Yu|Chi-Yu, L50|100\/100\n|-ability|p2b: Chi-Yu|Beads of Ruin\n|move|p1a: Indeedee|Follow Me|p1a: Indeedee\n|-singleturn|p1a: Indeedee|move: Follow Me\n|move|p2a: Regieleki|Thunderbolt|p1a: Indeedee\n|-damage|p1a: Indeedee|0 fnt\n|faint|p1a: Indeedee\n|move|p1b: Sneasler|Dire Claw|p2b: Chi-Yu\n|-damage|p2b: Chi-Yu|29\/100\n|-status|p2b: Chi-Yu|par\n|\n|upkeep\n|\n|t:|1700586745\n|switch|p1a: Regieleki|Regieleki, L50|100\/100\n|turn|3\n|\n|t:|1700586757\n|move|p1b: Sneasler|Protect|p1b: Sneasler\n|-singleturn|p1b: Sneasler|Protect\n|move|p1a: Regieleki|Electroweb|p2b: Chi-Yu|[spread] p2a,p2b\n|-resisted|p2a: Regieleki\n|-damage|p2a: Regieleki|75\/100\n|-damage|p2b: Chi-Yu|0 fnt\n|-unboost|p2a: Regieleki|spe|1\n|faint|p2b: Chi-Yu\n|move|p2a: Regieleki|Electroweb|p1b: Sneasler|[spread] p1a\n|-activate|p1b: Sneasler|move: Protect\n|-resisted|p1a: Regieleki\n|-damage|p1a: Regieleki|80\/100\n|-unboost|p1a: Regieleki|spe|1\n|\n|upkeep\n|\n|t:|1700586764\n|switch|p2b: Tornadus|Tornadus, L50, M|100\/100\n|turn|4\n|\n|t:|1700586779\n|move|p2b: Tornadus|Tailwind|p2b: Tornadus\n|-sidestart|p2: Dom testes|move: Tailwind\n|move|p2a: Regieleki|Thunderbolt|p1b: Sneasler\n|-damage|p1b: Sneasler|36\/100\n|move|p1b: Sneasler|Dire Claw|p2a: Regieleki\n|-crit|p2a: Regieleki\n|-damage|p2a: Regieleki|0 fnt\n|faint|p2a: Regieleki\n|move|p1a: Regieleki|Electroweb|p2b: Tornadus\n|-supereffective|p2b: Tornadus\n|-crit|p2b: Tornadus\n|-damage|p2b: Tornadus|0 fnt\n|faint|p2b: Tornadus\n|\n|upkeep\n|\n|t:|1700586787\n|switch|p2b: Flutter Mane|Flutter Mane, L50|100\/100\n|turn|5\n|\n|t:|1700586797\n|-terastallize|p2b: Flutter Mane|Fairy\n|move|p1b: Sneasler|Protect|p1b: Sneasler\n|-singleturn|p1b: Sneasler|Protect\n|move|p1a: Regieleki|Protect|p1a: Regieleki\n|-singleturn|p1a: Regieleki|Protect\n|move|p2b: Flutter Mane|Dazzling Gleam|p1b: Sneasler|[spread] \n|-activate|p1a: Regieleki|move: Protect\n|-activate|p1b: Sneasler|move: Protect\n|\n|-fieldend|move: Psychic Terrain\n|upkeep\n|turn|6\n|\n|t:|1700586813\n|move|p2b: Flutter Mane|Dazzling Gleam|p1a: Regieleki|[spread] p1a,p1b\n|-damage|p1a: Regieleki|15\/100\n|-damage|p1b: Sneasler|0 fnt\n|faint|p1b: Sneasler\n|move|p1a: Regieleki|Electroweb|p2b: Flutter Mane\n|-damage|p2b: Flutter Mane|64\/100\n|-unboost|p2b: Flutter Mane|spe|1\n|\n|upkeep\n|\n|t:|1700586821\n|switch|p1b: Flutter Mane|Flutter Mane, L50|100\/100\n|turn|7\n|\n|t:|1700586825\n|move|p1b: Flutter Mane|Protect|p1b: Flutter Mane\n|-singleturn|p1b: Flutter Mane|Protect\n|move|p1a: Regieleki|Protect|p1a: Regieleki\n|-singleturn|p1a: Regieleki|Protect\n|move|p2b: Flutter Mane|Dazzling Gleam|p1b: Flutter Mane|[spread] \n|-activate|p1a: Regieleki|move: Protect\n|-activate|p1b: Flutter Mane|move: Protect\n|\n|-sideend|p2: Dom testes|move: Tailwind\n|upkeep\n|turn|8\n|-message|Dom testes forfeited.\n|\n|win|DCandR\n|raw|DCandR's rating: 1086 &rarr; <strong>1114<\/strong><br \/>(+28 for winning)\n|raw|Dom testes's rating: 1103 &rarr; <strong>1077<\/strong><br \/>(-26 for losing)\n|l|\u2606Dom testes\n","uploadtime":1700586843,"views":1,"p1id":"dcandr","p2id":"domtestes","formatid":"gen9vgc2023regulatione","rating":1077,"private":0,"password":""}