{"id":"gen9vgc2023regulatione-1990111784","p1":"Spiro99","p2":"silver82","format":"[Gen 9] VGC 2023 Regulation E","log":"|j|\u2606Spiro99\n|j|\u2606silver82\n|t:|1699925793\n|gametype|doubles\n|player|p1|Spiro99|265|1000\n|player|p2|silver82|erika|1000\n|teamsize|p1|6\n|teamsize|p2|6\n|gen|9\n|tier|[Gen 9] VGC 2023 Regulation E\n|rated|\n|rule|Species Clause: Limit one of each Pok\u00e9mon\n|rule|Item Clause: Limit one of each item\n|clearpoke\n|poke|p1|Basculegion, L50, M|\n|poke|p1|Pelipper, L50, M|\n|poke|p1|Amoonguss, L50, M|\n|poke|p1|Landorus-Therian, L50, M|\n|poke|p1|Sinistcha-Masterpiece, L50|\n|poke|p1|Palafin, L50, M|\n|poke|p2|Cresselia, L50, F|\n|poke|p2|Heatran, L50, M|\n|poke|p2|Lilligant-Hisui, L50, F|\n|poke|p2|Landorus-Therian, L50, M|\n|poke|p2|Urshifu-*, L50, M|\n|poke|p2|Brute Bonnet, L50|\n|teampreview|4\n|j| GymLeader Avery\n|\n|t:|1699925848\n|start\n|switch|p1a: Landorus|Landorus-Therian, L50, M|100\/100\n|switch|p1b: Pelipper|Pelipper, L50, M|100\/100\n|switch|p2a: Cresselia|Cresselia, L50, F|100\/100\n|switch|p2b: Urshifu|Urshifu, L50, M|100\/100\n|-ability|p1a: Landorus|Intimidate|boost\n|-unboost|p2a: Cresselia|atk|1\n|-unboost|p2b: Urshifu|atk|1\n|-weather|RainDance|[from] ability: Drizzle|[of] p1b: Pelipper\n|turn|1\n|inactive|Battle timer is ON: inactive players will automatically lose when time's up. (requested by silver82)\n|inactive|silver82 has 60 seconds left.\n|\n|t:|1699925890\n|move|p2b: Urshifu|Wicked Blow|p1a: Landorus\n|-crit|p1a: Landorus\n|-damage|p1a: Landorus|10\/100\n|-damage|p2b: Urshifu|91\/100|[from] item: Life Orb\n|move|p1a: Landorus|U-turn|p2a: Cresselia\n|-supereffective|p2a: Cresselia\n|-damage|p2a: Cresselia|59\/100\n|\n|t:|1699925898\n|switch|p1a: Amoonguss|Amoonguss, L50, M|100\/100|[from] U-turn\n|move|p2a: Cresselia|Icy Wind|p1b: Pelipper|[spread] p1a,p1b\n|-supereffective|p1a: Amoonguss\n|-damage|p1a: Amoonguss|91\/100\n|-damage|p1b: Pelipper|90\/100\n|-unboost|p1a: Amoonguss|spe|1\n|-unboost|p1b: Pelipper|spe|1\n|move|p1b: Pelipper|Hurricane|p2b: Urshifu\n|-supereffective|p2b: Urshifu\n|-damage|p2b: Urshifu|0 fnt\n|faint|p2b: Urshifu\n|\n|-weather|RainDance|[upkeep]\n|-heal|p1a: Amoonguss|96\/100|[from] item: Black Sludge\n|upkeep\n|\n|t:|1699925923\n|switch|p2b: Lilligant|Lilligant-Hisui, L50, F|100\/100\n|turn|2\n|\n|t:|1699925945\n|move|p2b: Lilligant|Protect|p2b: Lilligant\n|-singleturn|p2b: Lilligant|Protect\n|move|p2a: Cresselia|Sunny Day|p2a: Cresselia\n|-weather|SunnyDay\n|move|p1b: Pelipper|Tailwind|p1b: Pelipper\n|-sidestart|p1: Spiro99|move: Tailwind\n|move|p1a: Amoonguss|Spore|p2a: Cresselia\n|-status|p2a: Cresselia|slp|[from] move: Spore\n|\n|-weather|SunnyDay|[upkeep]\n|-heal|p1a: Amoonguss|100\/100|[from] item: Black Sludge\n|upkeep\n|turn|3\n|inactive|Spiro99 has 30 seconds left.\n|\n|t:|1699925970\n|cant|p2a: Cresselia|slp\n|move|p2b: Lilligant|Victory Dance|p2b: Lilligant\n|-boost|p2b: Lilligant|atk|1\n|-boost|p2b: Lilligant|def|1\n|-boost|p2b: Lilligant|spe|1\n|move|p1b: Pelipper|Weather Ball|p2b: Lilligant\n|-supereffective|p2b: Lilligant\n|-enditem|p2b: Lilligant|Focus Sash\n|-damage|p2b: Lilligant|1\/100\n|move|p1a: Amoonguss|Pollen Puff|p2a: Cresselia\n|-supereffective|p2a: Cresselia\n|-damage|p2a: Cresselia|40\/100 slp\n|\n|-weather|SunnyDay|[upkeep]\n|upkeep\n|turn|4\n|\n|t:|1699925994\n|switch|p1b: Basculegion|Basculegion, L50, M|100\/100\n|move|p2b: Lilligant|Protect|p2b: Lilligant\n|-singleturn|p2b: Lilligant|Protect\n|move|p1a: Amoonguss|Rage Powder|p1a: Amoonguss\n|-singleturn|p1a: Amoonguss|move: Rage Powder\n|-curestatus|p2a: Cresselia|slp|[msg]\n|move|p2a: Cresselia|Icy Wind|p1b: Basculegion|[spread] p1a,p1b\n|-supereffective|p1a: Amoonguss\n|-resisted|p1b: Basculegion\n|-damage|p1a: Amoonguss|90\/100\n|-damage|p1b: Basculegion|96\/100\n|-unboost|p1a: Amoonguss|spe|1\n|-unboost|p1b: Basculegion|spe|1\n|\n|-weather|SunnyDay|[upkeep]\n|-heal|p1a: Amoonguss|96\/100|[from] item: Black Sludge\n|upkeep\n|turn|5\n|inactive|silver82 has 30 seconds left.\n|inactive|Spiro99 has 30 seconds left.\n|inactive|silver82 has 20 seconds left.\n|\n|t:|1699926030\n|switch|p1b: Landorus|Landorus-Therian, L50, M|10\/100\n|-ability|p1b: Landorus|Intimidate|boost\n|-unboost|p2a: Cresselia|atk|1\n|-unboost|p2b: Lilligant|atk|1\n|move|p2a: Cresselia|Ally Switch|p2a: Cresselia\n|swap|p2a: Cresselia|1|[from] move: Ally Switch\n|move|p2a: Lilligant|Leaf Blade|p1b: Landorus\n|-damage|p1b: Landorus|0 fnt\n|faint|p1b: Landorus\n|move|p1a: Amoonguss|Pollen Puff|p2b: Cresselia\n|-supereffective|p2b: Cresselia\n|-damage|p2b: Cresselia|20\/100\n|\n|-weather|SunnyDay|[upkeep]\n|-heal|p1a: Amoonguss|100\/100|[from] item: Black Sludge\n|-sideend|p1: Spiro99|move: Tailwind\n|upkeep\n|\n|t:|1699926045\n|switch|p1b: Pelipper|Pelipper, L50, M|90\/100\n|-weather|RainDance|[from] ability: Drizzle|[of] p1b: Pelipper\n|turn|6\n|\n|t:|1699926069\n|move|p2a: Lilligant|Protect|p2a: Lilligant\n|-singleturn|p2a: Lilligant|Protect\n|move|p2b: Cresselia|Sunny Day|p2b: Cresselia\n|-weather|SunnyDay\n|move|p1b: Pelipper|Weather Ball|p2a: Lilligant\n|-activate|p2a: Lilligant|move: Protect\n|move|p1a: Amoonguss|Pollen Puff|p2a: Lilligant\n|-activate|p2a: Lilligant|move: Protect\n|\n|-weather|SunnyDay|[upkeep]\n|upkeep\n|turn|7\n|\n|t:|1699926089\n|move|p2b: Cresselia|Ally Switch|p2b: Cresselia\n|swap|p2b: Cresselia|0|[from] move: Ally Switch\n|move|p2b: Lilligant|Leaf Blade|p1b: Pelipper\n|-damage|p1b: Pelipper|41\/100\n|move|p1b: Pelipper|Weather Ball|p2a: Cresselia\n|-damage|p2a: Cresselia|0 fnt\n|faint|p2a: Cresselia\n|move|p1a: Amoonguss|Pollen Puff|p2b: Lilligant\n|-damage|p2b: Lilligant|0 fnt\n|faint|p2b: Lilligant\n|\n|-weather|SunnyDay|[upkeep]\n|upkeep\n|\n|t:|1699926102\n|switch|p2b: Brute Bonnet|Brute Bonnet, L50|100\/100\n|-activate|p2b: Brute Bonnet|ability: Protosynthesis\n|-start|p2b: Brute Bonnet|protosynthesisatk\n|turn|8\n|\n|t:|1699926113\n|move|p2b: Brute Bonnet|Sucker Punch|p1b: Pelipper\n|-damage|p1b: Pelipper|0 fnt\n|faint|p1b: Pelipper\n|move|p1a: Amoonguss|Pollen Puff|p2b: Brute Bonnet\n|-supereffective|p2b: Brute Bonnet\n|-damage|p2b: Brute Bonnet|45\/100\n|\n|-weather|SunnyDay|[upkeep]\n|upkeep\n|\n|t:|1699926116\n|switch|p1b: Basculegion|Basculegion, L50, M|96\/100\n|turn|9\n|\n|t:|1699926129\n|-terastallize|p2b: Brute Bonnet|Grass\n|move|p2b: Brute Bonnet|Sucker Punch|p1b: Basculegion\n|-supereffective|p1b: Basculegion\n|-damage|p1b: Basculegion|0 fnt\n|faint|p1b: Basculegion\n|move|p1a: Amoonguss|Pollen Puff|p2b: Brute Bonnet\n|-supereffective|p2b: Brute Bonnet\n|-damage|p2b: Brute Bonnet|17\/100\n|-enditem|p2b: Brute Bonnet|Aguav Berry|[eat]\n|-heal|p2b: Brute Bonnet|50\/100|[from] item: Aguav Berry\n|\n|-weather|SunnyDay|[upkeep]\n|upkeep\n|turn|10\n|\n|t:|1699926144\n|move|p2b: Brute Bonnet|Sucker Punch|p1a: Amoonguss\n|-damage|p1a: Amoonguss|57\/100\n|move|p1a: Amoonguss|Foul Play|p2b: Brute Bonnet\n|-damage|p2b: Brute Bonnet|31\/100\n|\n|-weather|none\n|-end|p2b: Brute Bonnet|Protosynthesis\n|-heal|p1a: Amoonguss|63\/100|[from] item: Black Sludge\n|upkeep\n|turn|11\n|\n|t:|1699926156\n|move|p2b: Brute Bonnet|Sucker Punch|p1a: Amoonguss\n|-crit|p1a: Amoonguss\n|-damage|p1a: Amoonguss|10\/100\n|move|p1a: Amoonguss|Foul Play|p2b: Brute Bonnet\n|-damage|p2b: Brute Bonnet|13\/100\n|\n|-heal|p1a: Amoonguss|15\/100|[from] item: Black Sludge\n|upkeep\n|turn|12\n|\n|t:|1699926170\n|move|p1a: Amoonguss|Rage Powder|p1a: Amoonguss\n|-singleturn|p1a: Amoonguss|move: Rage Powder\n|move|p2b: Brute Bonnet|Seed Bomb|p1a: Amoonguss\n|-resisted|p1a: Amoonguss\n|-damage|p1a: Amoonguss|3\/100\n|\n|-heal|p1a: Amoonguss|9\/100|[from] item: Black Sludge\n|upkeep\n|turn|13\n|\n|t:|1699926179\n|move|p2b: Brute Bonnet|Seed Bomb|p1a: Amoonguss\n|-resisted|p1a: Amoonguss\n|-damage|p1a: Amoonguss|0 fnt\n|faint|p1a: Amoonguss\n|\n|win|silver82\n|raw|Spiro99's rating: 1000 &rarr; <strong>1000<\/strong><br \/>(+0 for losing)\n|raw|silver82's rating: 1000 &rarr; <strong>1040<\/strong><br \/>(+40 for winning)\n|c|\u2606silver82|gg\n|l|\u2606Spiro99\n","uploadtime":1699926188,"views":12,"p1id":"spiro99","p2id":"silver82","formatid":"gen9vgc2023regulatione","rating":1000,"private":0,"password":""}