{"id":"gen9vgc2023regulatione-1993317431","p1":"yulvez","p2":"shiny_jed","format":"[Gen 9] VGC 2023 Regulation E","log":"|j|\u2606yulvez\n|j|\u2606shiny_jed\n|t:|1700297018\n|gametype|doubles\n|player|p1|yulvez|blue|1102\n|player|p2|shiny_jed|benga|1204\n|teamsize|p1|6\n|teamsize|p2|6\n|gen|9\n|tier|[Gen 9] VGC 2023 Regulation E\n|rated|\n|rule|Species Clause: Limit one of each Pok\u00e9mon\n|rule|Item Clause: Limit one of each item\n|clearpoke\n|poke|p1|Arcanine-Hisui, L50, M|\n|poke|p1|Regidrago, L50|\n|poke|p1|Roaring Moon, L50|\n|poke|p1|Tornadus, L50, M|\n|poke|p1|Gyarados, L50, M|\n|poke|p1|Umbreon, L50, M|\n|poke|p2|Clefable, L50, F|\n|poke|p2|Ting-Lu, L50|\n|poke|p2|Maushold, L50|\n|poke|p2|Volcarona, L50, F|\n|poke|p2|Gliscor, L50, M|\n|poke|p2|Chien-Pao, L50|\n|teampreview|4\n|inactive|Battle timer is ON: inactive players will automatically lose when time's up. (requested by shiny_jed)\nshiny_jed has agreed to open team sheets.\n|\n|t:|1700297039\n|start\n|switch|p1a: Tornadus|Tornadus, L50, M|100\/100\n|switch|p1b: Arcanine|Arcanine-Hisui, L50, M|100\/100\n|switch|p2a: OVERHERE|Clefable, L50, F, shiny|100\/100\n|switch|p2b: Mousse|Ting-Lu, L50|100\/100\n|-ability|p1b: Arcanine|Intimidate|boost\n|-unboost|p2a: OVERHERE|atk|1\n|-unboost|p2b: Mousse|atk|1\n|-ability|p2b: Mousse|Vessel of Ruin\n|turn|1\n|\n|t:|1700297063\n|move|p1b: Arcanine|Rock Slide|p2a: OVERHERE|[spread] p2b\n|-miss|p1b: Arcanine|p2a: OVERHERE\n|-resisted|p2b: Mousse\n|-damage|p2b: Mousse|90\/100\n|move|p1a: Tornadus|Bleakwind Storm|p2a: OVERHERE|[spread] p2a,p2b\n|-damage|p2a: OVERHERE|79\/100\n|-damage|p2b: Mousse|73\/100\n|-unboost|p2a: OVERHERE|spe|1\n|cant|p2b: Mousse|flinch\n|move|p2a: OVERHERE|Cosmic Power|p2a: OVERHERE\n|-boost|p2a: OVERHERE|def|1\n|-boost|p2a: OVERHERE|spd|1\n|\n|upkeep\n|turn|2\n|-activate|p2b: Mousse|item: Quick Claw\n|\n|t:|1700297081\n|switch|p1b: Gyarados|Gyarados, L50, M, shiny|100\/100\n|-ability|p1b: Gyarados|Intimidate|boost\n|-unboost|p2a: OVERHERE|atk|1\n|-unboost|p2b: Mousse|atk|1\n|move|p1a: Tornadus|Taunt|p2a: OVERHERE\n|-start|p2a: OVERHERE|move: Taunt\n|move|p2b: Mousse|Fissure|p1b: Gyarados\n|-immune|p1b: Gyarados\n|cant|p2a: OVERHERE|move: Taunt|Cosmic Power\n|\n|upkeep\n|turn|3\n|\n|t:|1700297104\n|switch|p1a: Arcanine|Arcanine-Hisui, L50, M|100\/100\n|-ability|p1a: Arcanine|Intimidate|boost\n|-unboost|p2a: OVERHERE|atk|1\n|-unboost|p2b: Mousse|atk|1\n|move|p1b: Gyarados|Waterfall|p2b: Mousse\n|-supereffective|p2b: Mousse\n|-damage|p2b: Mousse|29\/100\n|move|p2b: Mousse|Rock Slide|p1a: Arcanine|[spread] p1a,p1b\n|-supereffective|p1a: Arcanine\n|-supereffective|p1b: Gyarados\n|-damage|p1a: Arcanine|86\/100\n|-damage|p1b: Gyarados|84\/100\n|move|p2a: OVERHERE|Icy Wind|p1a: Arcanine|[spread] p1a,p1b\n|-resisted|p1a: Arcanine\n|-damage|p1a: Arcanine|82\/100\n|-damage|p1b: Gyarados|76\/100\n|-unboost|p1a: Arcanine|spe|1\n|-unboost|p1b: Gyarados|spe|1\n|\n|upkeep\n|turn|4\n|\n|t:|1700297127\n|move|p1a: Arcanine|Flare Blitz|p2a: OVERHERE\n|-damage|p2a: OVERHERE|18\/100\n|-damage|p1a: Arcanine|61\/100|[from] Recoil\n|move|p1b: Gyarados|Waterfall|p2b: Mousse\n|-supereffective|p2b: Mousse\n|-damage|p2b: Mousse|0 fnt\n|faint|p2b: Mousse\n|move|p2a: OVERHERE|Icy Wind|p1a: Arcanine|[spread] p1a,p1b\n|-resisted|p1a: Arcanine\n|-damage|p1a: Arcanine|55\/100\n|-damage|p1b: Gyarados|65\/100\n|-unboost|p1a: Arcanine|spe|1\n|-unboost|p1b: Gyarados|spe|1\n|\n|-end|p2a: OVERHERE|move: Taunt\n|upkeep\n|\n|t:|1700297140\n|switch|p2b: Rad|Gliscor, L50, M, shiny|100\/100\n|turn|5\n|\n|t:|1700297150\n|-terastallize|p2b: Rad|Water\n|move|p2b: Rad|Rock Slide|p1b: Gyarados|[spread] p1a,p1b\n|-supereffective|p1a: Arcanine\n|-supereffective|p1b: Gyarados\n|-damage|p1a: Arcanine|23\/100\n|-damage|p1b: Gyarados|33\/100\n|-enditem|p1b: Gyarados|Sitrus Berry|[eat]\n|-heal|p1b: Gyarados|58\/100|[from] item: Sitrus Berry\n|move|p1a: Arcanine|Flare Blitz|p2a: OVERHERE|[miss]\n|-miss|p1a: Arcanine|p2a: OVERHERE\n|move|p1b: Gyarados|Waterfall|p2b: Rad\n|-resisted|p2b: Rad\n|-damage|p2b: Rad|80\/100\n|move|p2a: OVERHERE|Moonlight|p2a: OVERHERE\n|-heal|p2a: OVERHERE|68\/100\n|\n|-status|p2b: Rad|tox|[from] item: Toxic Orb\n|upkeep\n|turn|6\n|inactive|yulvez has 30 seconds left.\n|\n|t:|1700297179\n|switch|p1a: Roaring Moon|Roaring Moon, L50|100\/100\n|-enditem|p1a: Roaring Moon|Booster Energy\n|-activate|p1a: Roaring Moon|ability: Protosynthesis|[fromitem]\n|-start|p1a: Roaring Moon|protosynthesisatk\n|move|p1b: Gyarados|Protect|p1b: Gyarados\n|-singleturn|p1b: Gyarados|Protect\n|move|p2b: Rad|Rock Slide|p1a: Roaring Moon|[spread] p1a\n|-activate|p1b: Gyarados|move: Protect\n|-damage|p1a: Roaring Moon|82\/100\n|move|p2a: OVERHERE|Cosmic Power|p2a: OVERHERE\n|-boost|p2a: OVERHERE|def|1\n|-boost|p2a: OVERHERE|spd|1\n|\n|-heal|p2b: Rad|92\/100 tox|[from] ability: Poison Heal\n|upkeep\n|turn|7\n|\n|t:|1700297206\n|switch|p1b: Tornadus|Tornadus, L50, M|100\/100\n|move|p1a: Roaring Moon|Breaking Swipe|p2a: OVERHERE|[spread] p2b\n|-immune|p2a: OVERHERE\n|-damage|p2b: Rad|58\/100 tox\n|-unboost|p2b: Rad|atk|1\n|move|p2b: Rad|Rock Slide|p1a: Roaring Moon|[spread] p1a,p1b\n|-supereffective|p1b: Tornadus\n|-crit|p1b: Tornadus\n|-damage|p1a: Roaring Moon|71\/100\n|-damage|p1b: Tornadus|56\/100\n|move|p2a: OVERHERE|Icy Wind|p1a: Roaring Moon|[spread] p1a\n|-miss|p2a: OVERHERE|p1b: Tornadus\n|-supereffective|p1a: Roaring Moon\n|-damage|p1a: Roaring Moon|49\/100\n|-unboost|p1a: Roaring Moon|spe|1\n|\n|-heal|p2b: Rad|70\/100 tox|[from] ability: Poison Heal\n|upkeep\n|turn|8\n|\n|t:|1700297230\n|-end|p1a: Roaring Moon|Protosynthesis|[silent]\n|switch|p1a: Arcanine|Arcanine-Hisui, L50, M|23\/100\n|-ability|p1a: Arcanine|Intimidate|boost\n|-unboost|p2a: OVERHERE|atk|1\n|-unboost|p2b: Rad|atk|1\n|move|p1b: Tornadus|Taunt|p2a: OVERHERE\n|-start|p2a: OVERHERE|move: Taunt\n|move|p2b: Rad|Rock Slide|p1a: Arcanine|[spread] p1a,p1b\n|-supereffective|p1a: Arcanine\n|-supereffective|p1b: Tornadus\n|-damage|p1a: Arcanine|8\/100\n|-damage|p1b: Tornadus|40\/100\n|move|p2a: OVERHERE|Icy Wind|p1a: Arcanine|[spread] p1a,p1b\n|-resisted|p1a: Arcanine\n|-supereffective|p1b: Tornadus\n|-damage|p1a: Arcanine|1\/100\n|-damage|p1b: Tornadus|22\/100\n|-unboost|p1a: Arcanine|spe|1\n|\n|-heal|p2b: Rad|82\/100 tox|[from] ability: Poison Heal\n|upkeep\n|turn|9\n|inactive|yulvez has 30 seconds left.\n|\n|t:|1700297264\n|switch|p1b: Roaring Moon|Roaring Moon, L50|49\/100\n|move|p2b: Rad|Rock Slide|p1b: Roaring Moon|[spread] p1a\n|-miss|p2b: Rad|p1b: Roaring Moon\n|-supereffective|p1a: Arcanine\n|-damage|p1a: Arcanine|0 fnt\n|faint|p1a: Arcanine\n|move|p2a: OVERHERE|Icy Wind|p1b: Roaring Moon\n|-supereffective|p1b: Roaring Moon\n|-damage|p1b: Roaring Moon|19\/100\n|-unboost|p1b: Roaring Moon|spe|1\n|\n|-heal|p2b: Rad|94\/100 tox|[from] ability: Poison Heal\n|upkeep\n|\n|t:|1700297279\n|switch|p1a: Gyarados|Gyarados, L50, M, shiny|58\/100\n|-ability|p1a: Gyarados|Intimidate|boost\n|-unboost|p2a: OVERHERE|atk|1\n|-unboost|p2b: Rad|atk|1\n|turn|10\n|\n|t:|1700297302\n|switch|p2b: tai-lung|Chien-Pao, L50|100\/100\n|-ability|p2b: tai-lung|Sword of Ruin\n|move|p1a: Gyarados|Waterfall|p2a: OVERHERE\n|-damage|p2a: OVERHERE|36\/100\n|move|p1b: Roaring Moon|Knock Off|p2b: tai-lung\n|-resisted|p2b: tai-lung\n|-damage|p2b: tai-lung|64\/100\n|-enditem|p2b: tai-lung|Focus Sash|[from] move: Knock Off|[of] p1b: Roaring Moon\n|move|p2a: OVERHERE|Icy Wind|p1b: Roaring Moon|[spread] p1a,p1b\n|-supereffective|p1b: Roaring Moon\n|-damage|p1a: Gyarados|48\/100\n|-damage|p1b: Roaring Moon|0 fnt\n|-unboost|p1a: Gyarados|spe|1\n|faint|p1b: Roaring Moon\n|-end|p1b: Roaring Moon|Protosynthesis|[silent]\n|\n|-end|p2a: OVERHERE|move: Taunt\n|upkeep\n|\n|t:|1700297321\n|switch|p1b: Tornadus|Tornadus, L50, M|22\/100\n|turn|11\n|\n|t:|1700297333\n|move|p1b: Tornadus|Tailwind|p1b: Tornadus\n|-sidestart|p1: yulvez|move: Tailwind\n|move|p2b: tai-lung|Icicle Crash|p1a: Gyarados|[miss]\n|-miss|p2b: tai-lung|p1a: Gyarados\n|move|p1a: Gyarados|Earthquake|p2b: tai-lung|[spread] p2a,p2b\n|-immune|p1b: Tornadus\n|-damage|p2a: OVERHERE|18\/100\n|-damage|p2b: tai-lung|27\/100\n|move|p2a: OVERHERE|Icy Wind|p1a: Gyarados|[spread] p1a,p1b\n|-supereffective|p1b: Tornadus\n|-damage|p1a: Gyarados|36\/100\n|-damage|p1b: Tornadus|6\/100\n|-unboost|p1a: Gyarados|spe|1\n|\n|upkeep\n|turn|12\n|inactive|yulvez has 30 seconds left.\n|\n|t:|1700297359\n|move|p1b: Tornadus|Bleakwind Storm|p2b: tai-lung|[spread] p2a,p2b\n|-damage|p2a: OVERHERE|3\/100\n|-damage|p2b: tai-lung|0 fnt\n|faint|p2b: tai-lung\n|move|p1a: Gyarados|Earthquake|p2a: OVERHERE|[spread] p2a\n|-immune|p1b: Tornadus\n|-damage|p2a: OVERHERE|0 fnt\n|faint|p2a: OVERHERE\n|\n|upkeep\n|\n|t:|1700297364\n|switch|p2b: Rad|Gliscor, L50, M, shiny, tera:Water|94\/100 tox\n|turn|13\n|inactive|yulvez has 30 seconds left.\n|\n|t:|1700297394\n|move|p1b: Tornadus|Bleakwind Storm|p2b: Rad\n|-damage|p2b: Rad|52\/100 tox\n|-unboost|p2b: Rad|spe|1\n|move|p1a: Gyarados|Waterfall|p2b: Rad\n|-resisted|p2b: Rad\n|-damage|p2b: Rad|31\/100 tox\n|move|p2b: Rad|Rock Slide|p1b: Tornadus|[spread] p1a,p1b\n|-supereffective|p1a: Gyarados\n|-supereffective|p1b: Tornadus\n|-damage|p1a: Gyarados|5\/100\n|-damage|p1b: Tornadus|0 fnt\n|faint|p1b: Tornadus\n|\n|-heal|p2b: Rad|43\/100 tox|[from] ability: Poison Heal\n|upkeep\n|turn|14\n|inactive|yulvez has 30 seconds left.\n|inactive|yulvez has 20 seconds left.\n|\n|t:|1700297433\n|-terastallize|p1a: Gyarados|Steel\n|move|p2b: Rad|Protect|p2b: Rad\n|-singleturn|p2b: Rad|Protect\n|move|p1a: Gyarados|Waterfall|p2b: Rad\n|-activate|p2b: Rad|move: Protect\n|\n|-heal|p2b: Rad|55\/100 tox|[from] ability: Poison Heal\n|-sideend|p1: yulvez|move: Tailwind\n|upkeep\n|turn|15\n|\n|t:|1700297444\n|move|p2b: Rad|Dual Wingbeat|p1a: Gyarados\n|-resisted|p1a: Gyarados\n|-damage|p1a: Gyarados|0 fnt\n|faint|p1a: Gyarados\n|-hitcount|p1: Gyarados|1\n|\n|win|shiny_jed\n|raw|yulvez's rating: 1102 &rarr; <strong>1084<\/strong><br \/>(-18 for losing)\n|raw|shiny_jed's rating: 1204 &rarr; <strong>1222<\/strong><br \/>(+18 for winning)\n","uploadtime":1700297451,"views":10,"p1id":"yulvez","p2id":"shinyjed","formatid":"gen9vgc2023regulatione","rating":1084,"private":0,"password":""}