{"id":"gen9vgc2023regulatione-1996211684","p1":"Joull","p2":"Rocksim","format":"[Gen 9] VGC 2023 Regulation E","log":"|j|\u2606Joull\n|j|\u2606Rocksim\n|t:|1700659697\n|gametype|doubles\n|player|p1|Joull|psychic-gen2|1075\n|player|p2|Rocksim|266|1148\n|teamsize|p1|6\n|teamsize|p2|6\n|gen|9\n|tier|[Gen 9] VGC 2023 Regulation E\n|rated|\n|rule|Species Clause: Limit one of each Pok\u00e9mon\n|rule|Item Clause: Limit one of each item\n|clearpoke\n|poke|p1|Arcanine-Hisui, L50, M|\n|poke|p1|Rillaboom, L50, M|\n|poke|p1|Flutter Mane, L50|\n|poke|p1|Urshifu-*, L50, M|\n|poke|p1|Pachirisu, L50, F|\n|poke|p1|Roaring Moon, L50|\n|poke|p2|Houndstone, L50, M|\n|poke|p2|Tyranitar, L50, F|\n|poke|p2|Landorus, L50, M|\n|poke|p2|Kingambit, L50, M|\n|poke|p2|Chien-Pao, L50|\n|poke|p2|Regieleki, L50|\n|teampreview|4\n|inactive|Battle timer is ON: inactive players will automatically lose when time's up. (requested by Joull)\nJoull rejected open team sheets.\n|\n|t:|1700659737\n|start\n|switch|p1a: Pachirisu|Pachirisu, L50, F, shiny|100\/100\n|switch|p1b: Roaring Moon|Roaring Moon, L50|100\/100\n|switch|p2a: Kingambit|Kingambit, L50, M|100\/100\n|switch|p2b: Chien-Pao|Chien-Pao, L50|100\/100\n|-ability|p2b: Chien-Pao|Sword of Ruin\n|-enditem|p1b: Roaring Moon|Booster Energy\n|-activate|p1b: Roaring Moon|ability: Protosynthesis|[fromitem]\n|-start|p1b: Roaring Moon|protosynthesisspe\n|turn|1\n|inactive|Joull has 30 seconds left.\n|inactive|Rocksim has 30 seconds left.\n|inactive|Rocksim has 20 seconds left.\n|inactive|Rocksim has 15 seconds left.\n|inactive|Rocksim has 10 seconds left.\n|\n|t:|1700659784\n|move|p1b: Roaring Moon|Protect|p1b: Roaring Moon\n|-singleturn|p1b: Roaring Moon|Protect\n|move|p2b: Chien-Pao|Protect|p2b: Chien-Pao\n|-singleturn|p2b: Chien-Pao|Protect\n|move|p2a: Kingambit|Protect|p2a: Kingambit\n|-singleturn|p2a: Kingambit|Protect\n|move|p1a: Pachirisu|Nuzzle|p2b: Chien-Pao\n|-activate|p2b: Chien-Pao|move: Protect\n|\n|upkeep\n|turn|2\n|\n|t:|1700659807\n|-end|p1b: Roaring Moon|Protosynthesis|[silent]\n|switch|p1b: Urshifu|Urshifu-Rapid-Strike, L50, M|100\/100\n|move|p2b: Chien-Pao|Ice Spinner|p1b: Urshifu\n|-resisted|p1b: Urshifu\n|-damage|p1b: Urshifu|73\/100\n|move|p1a: Pachirisu|Nuzzle|p2b: Chien-Pao\n|-damage|p2b: Chien-Pao|95\/100\n|-status|p2b: Chien-Pao|par\n|move|p2a: Kingambit|Kowtow Cleave|p1b: Urshifu\n|-resisted|p1b: Urshifu\n|-damage|p1b: Urshifu|47\/100\n|\n|upkeep\n|turn|3\n|inactive|Joull has 30 seconds left.\n|\n|t:|1700659836\n|move|p1b: Urshifu|Protect|p1b: Urshifu\n|-singleturn|p1b: Urshifu|Protect\n|move|p2b: Chien-Pao|Sucker Punch||[still]\n|-fail|p2b: Chien-Pao\n|move|p1a: Pachirisu|Rain Dance|p1a: Pachirisu\n|-weather|RainDance\n|move|p2a: Kingambit|Kowtow Cleave|p1a: Pachirisu\n|-damage|p1a: Pachirisu|9\/100\n|\n|-weather|RainDance|[upkeep]\n|upkeep\n|turn|4\n|\n|t:|1700659856\n|move|p1a: Pachirisu|Follow Me|p1a: Pachirisu\n|-singleturn|p1a: Pachirisu|move: Follow Me\n|move|p2b: Chien-Pao|Sucker Punch||[still]\n|-fail|p2b: Chien-Pao\n|move|p1b: Urshifu|Close Combat|p2a: Kingambit\n|-supereffective|p2a: Kingambit\n|-damage|p2a: Kingambit|0 fnt\n|-unboost|p1b: Urshifu|def|1\n|-unboost|p1b: Urshifu|spd|1\n|faint|p2a: Kingambit\n|\n|-weather|RainDance|[upkeep]\n|upkeep\n|\n|t:|1700659868\n|switch|p2a: Regieleki|Regieleki, L50|100\/100\n|turn|5\n|\n|t:|1700659877\n|move|p2a: Regieleki|Protect|p2a: Regieleki\n|-singleturn|p2a: Regieleki|Protect\n|move|p1b: Urshifu|Protect|p1b: Urshifu\n|-singleturn|p1b: Urshifu|Protect\n|move|p1a: Pachirisu|Follow Me|p1a: Pachirisu\n|-singleturn|p1a: Pachirisu|move: Follow Me\n|cant|p2b: Chien-Pao|par\n|\n|-weather|RainDance|[upkeep]\n|upkeep\n|turn|6\n|\n|t:|1700659900\n|switch|p1b: Roaring Moon|Roaring Moon, L50|100\/100\n|move|p2a: Regieleki|Electroweb|p1b: Roaring Moon|[spread] p1b\n|-heal|p1a: Pachirisu|33\/100|[from] ability: Volt Absorb|[of] p2a: Regieleki\n|-resisted|p1b: Roaring Moon\n|-damage|p1b: Roaring Moon|89\/100\n|-unboost|p1b: Roaring Moon|spe|1\n|move|p1a: Pachirisu|Super Fang|p2a: Regieleki\n|-damage|p2a: Regieleki|51\/100\n|cant|p2b: Chien-Pao|par\n|\n|-weather|RainDance|[upkeep]\n|upkeep\n|turn|7\n|inactive|Joull has 30 seconds left.\n|\n|t:|1700659926\n|move|p1b: Roaring Moon|Protect|p1b: Roaring Moon\n|-singleturn|p1b: Roaring Moon|Protect\n|move|p2a: Regieleki|Electroweb|p1b: Roaring Moon|[spread] \n|-activate|p1b: Roaring Moon|move: Protect\n|-heal|p1a: Pachirisu|58\/100|[from] ability: Volt Absorb|[of] p2a: Regieleki\n|move|p1a: Pachirisu|Super Fang|p2b: Chien-Pao\n|-damage|p2b: Chien-Pao|48\/100 par\n|cant|p2b: Chien-Pao|par\n|\n|-weather|none\n|upkeep\n|turn|8\n|\n|t:|1700659944\n|move|p2a: Regieleki|Electroweb|p1a: Pachirisu|[spread] p1b\n|-heal|p1a: Pachirisu|83\/100|[from] ability: Volt Absorb|[of] p2a: Regieleki\n|-resisted|p1b: Roaring Moon\n|-damage|p1b: Roaring Moon|79\/100\n|-unboost|p1b: Roaring Moon|spe|1\n|move|p1a: Pachirisu|Rain Dance|p1a: Pachirisu\n|-weather|RainDance\n|cant|p2b: Chien-Pao|par\n|move|p1b: Roaring Moon|Knock Off|p2a: Regieleki\n|-damage|p2a: Regieleki|0 fnt\n|-enditem|p2a: Regieleki|Magnet|[from] move: Knock Off|[of] p1b: Roaring Moon\n|faint|p2a: Regieleki\n|\n|-weather|RainDance|[upkeep]\n|upkeep\n|\n|t:|1700659960\n|switch|p2a: Houndstone|Houndstone, L50, M|100\/100\n|turn|9\n|\n|t:|1700659966\n|move|p1a: Pachirisu|Nuzzle|p2a: Houndstone\n|-damage|p2a: Houndstone|94\/100\n|-status|p2a: Houndstone|par\n|move|p2b: Chien-Pao|Ice Spinner|p1b: Roaring Moon\n|-supereffective|p1b: Roaring Moon\n|-damage|p1b: Roaring Moon|0 fnt\n|faint|p1b: Roaring Moon\n|-end|p1b: Roaring Moon|Protosynthesis|[silent]\n|move|p2a: Houndstone|Last Respects|p1a: Pachirisu\n|-damage|p1a: Pachirisu|0 fnt\n|faint|p1a: Pachirisu\n|-damage|p2a: Houndstone|84\/100 par|[from] item: Life Orb\n|\n|-weather|RainDance|[upkeep]\n|upkeep\n|\n|t:|1700659984\n|switch|p1b: Urshifu|Urshifu-Rapid-Strike, L50, M|47\/100\n|switch|p1a: Flutter Mane|Flutter Mane, L50|100\/100\n|turn|10\n|\n|t:|1700659997\n|-terastallize|p1b: Urshifu|Water\n|move|p1a: Flutter Mane|Dazzling Gleam|p2a: Houndstone|[spread] p2a,p2b\n|-supereffective|p2b: Chien-Pao\n|-damage|p2a: Houndstone|21\/100 par\n|-damage|p2b: Chien-Pao|0 fnt\n|faint|p2b: Chien-Pao\n|move|p1b: Urshifu|Surging Strikes|p2a: Houndstone\n|-crit|p2a: Houndstone\n|-damage|p2a: Houndstone|0 fnt\n|faint|p2a: Houndstone\n|-hitcount|p2: Houndstone|1\n|\n|win|Joull\n|raw|Joull's rating: 1075 &rarr; <strong>1110<\/strong><br \/>(+35 for winning)\n|raw|Rocksim's rating: 1148 &rarr; <strong>1118<\/strong><br \/>(-30 for losing)\n|c|\u2606Joull|Gg\n|l|\u2606Rocksim\n","uploadtime":1700660173,"views":0,"p1id":"joull","p2id":"rocksim","formatid":"gen9vgc2023regulatione","rating":1110,"private":0,"password":""}