{"id":"gen9vgc2023regulatione-1996425374","p1":"gen8reallysucks","p2":"N4nD1tt0","format":"[Gen 9] VGC 2023 Regulation E","log":"|j|\u2606gen8reallysucks\n|j|\u2606N4nD1tt0\n|t:|1700680800\n|gametype|doubles\n|player|p1|gen8reallysucks|n|1311\n|player|p2|N4nD1tt0|169|1251\n|teamsize|p1|6\n|teamsize|p2|6\n|gen|9\n|tier|[Gen 9] VGC 2023 Regulation E\n|rated|\n|rule|Species Clause: Limit one of each Pok\u00e9mon\n|rule|Item Clause: Limit one of each item\n|clearpoke\n|poke|p1|Wo-Chien, L50|\n|poke|p1|Thundurus, L50, M|\n|poke|p1|Flutter Mane, L50|\n|poke|p1|Arcanine-Hisui, L50, M|\n|poke|p1|Ogerpon-Wellspring, L50, F|\n|poke|p1|Landorus, L50, M|\n|poke|p2|Gliscor, L50, M|\n|poke|p2|Arcanine-Hisui, L50, M|\n|poke|p2|Gholdengo, L50|\n|poke|p2|Ogerpon-Wellspring, L50, F|\n|poke|p2|Urshifu-*, L50, M|\n|poke|p2|Rillaboom, L50, F|\n|teampreview|4\n|\n|t:|1700680835\n|start\n|switch|p1a: The Atheist|Landorus, L50, M|100\/100\n|switch|p1b: Zeus|Thundurus, L50, M|100\/100\n|switch|p2a: Gliscor|Gliscor, L50, M|100\/100\n|switch|p2b: Gholdengo|Gholdengo, L50|100\/100\n|turn|1\n|\n|t:|1700680850\n|move|p2b: Gholdengo|Protect|p2b: Gholdengo\n|-singleturn|p2b: Gholdengo|Protect\n|move|p1b: Zeus|Taunt|p2a: Gliscor\n|-start|p2a: Gliscor|move: Taunt\n|move|p1a: The Atheist|Earth Power|p2b: Gholdengo\n|-activate|p2b: Gholdengo|move: Protect\n|cant|p2a: Gliscor|move: Taunt|Tailwind\n|\n|-status|p2a: Gliscor|tox|[from] item: Toxic Orb\n|upkeep\n|turn|2\n|\n|t:|1700680882\n|switch|p1b: The Ghost|Flutter Mane, L50|100\/100\n|-terastallize|p2b: Gholdengo|Dragon\n|move|p2b: Gholdengo|Shadow Ball|p1b: The Ghost\n|-supereffective|p1b: The Ghost\n|-damage|p1b: The Ghost|13\/100\n|move|p1a: The Atheist|Earth Power|p2b: Gholdengo\n|-damage|p2b: Gholdengo|28\/100\n|move|p2a: Gliscor|Rock Slide|p1a: The Atheist|[spread] p1a,p1b\n|-damage|p1a: The Atheist|90\/100\n|-damage|p1b: The Ghost|0 fnt\n|faint|p1b: The Ghost\n|-end|p1b: The Ghost|Protosynthesis|[silent]\n|\n|-heal|p2b: Gholdengo|34\/100|[from] item: Leftovers\n|upkeep\n|\n|t:|1700680902\n|switch|p1b: Zeus|Thundurus, L50, M|100\/100\n|turn|3\n|\n|t:|1700680908\n|move|p2b: Gholdengo|Protect|p2b: Gholdengo\n|-singleturn|p2b: Gholdengo|Protect\n|move|p1b: Zeus|Wildbolt Storm|p2b: Gholdengo|[spread] \n|-activate|p2b: Gholdengo|move: Protect\n|-immune|p2a: Gliscor\n|move|p1a: The Atheist|Earth Power|p2b: Gholdengo\n|-activate|p2b: Gholdengo|move: Protect\n|move|p2a: Gliscor|Rock Slide|p1b: Zeus|[spread] p1a,p1b\n|-supereffective|p1b: Zeus\n|-damage|p1a: The Atheist|77\/100\n|-damage|p1b: Zeus|78\/100\n|\n|-heal|p2b: Gholdengo|40\/100|[from] item: Leftovers\n|-end|p2a: Gliscor|move: Taunt\n|upkeep\n|turn|4\n|\n|t:|1700680932\n|switch|p1b: The Chef|Arcanine-Hisui, L50, M, shiny|100\/100\n|-ability|p1b: The Chef|Intimidate|boost\n|-unboost|p2a: Gliscor|atk|1\n|-unboost|p2b: Gholdengo|atk|1\n|switch|p2b: Rillaboom|Rillaboom, L50, F|100\/100\n|-fieldstart|move: Grassy Terrain|[from] ability: Grassy Surge|[of] p2b: Rillaboom\n|move|p1a: The Atheist|Earth Power|p2b: Rillaboom\n|-resisted|p2b: Rillaboom\n|-damage|p2b: Rillaboom|74\/100\n|move|p2a: Gliscor|Rock Slide|p1a: The Atheist|[spread] p1a,p1b\n|-supereffective|p1b: The Chef\n|-damage|p1a: The Atheist|70\/100\n|-damage|p1b: The Chef|83\/100\n|\n|-heal|p1b: The Chef|89\/100|[from] Grassy Terrain\n|-heal|p2b: Rillaboom|80\/100|[from] Grassy Terrain\n|upkeep\n|turn|5\n|\n|t:|1700680956\n|move|p2b: Rillaboom|Fake Out|p1b: The Chef\n|-resisted|p1b: The Chef\n|-damage|p1b: The Chef|82\/100\n|move|p1a: The Atheist|Sludge Bomb|p2b: Rillaboom\n|-supereffective|p2b: Rillaboom\n|-damage|p2b: Rillaboom|12\/100\n|move|p2a: Gliscor|Toxic Spikes|p1b: The Chef\n|-sidestart|p1: gen8reallysucks|move: Toxic Spikes\n|cant|p1b: The Chef|flinch\n|\n|-heal|p1b: The Chef|88\/100|[from] Grassy Terrain\n|-heal|p2b: Rillaboom|17\/100|[from] Grassy Terrain\n|upkeep\n|turn|6\n|\n|t:|1700680978\n|move|p1b: The Chef|Extreme Speed|p2b: Rillaboom\n|-damage|p2b: Rillaboom|0 fnt\n|faint|p2b: Rillaboom\n|move|p1a: The Atheist|Psychic|p2a: Gliscor\n|-damage|p2a: Gliscor|62\/100 tox\n|move|p2a: Gliscor|Tailwind|p2a: Gliscor\n|-sidestart|p2: N4nD1tt0|move: Tailwind\n|\n|-heal|p1b: The Chef|94\/100|[from] Grassy Terrain\n|-heal|p2a: Gliscor|74\/100 tox|[from] ability: Poison Heal\n|upkeep\n|\n|t:|1700680991\n|switch|p2b: Ogerpon|Ogerpon-Wellspring, L50, F|100\/100\n|turn|7\n|\n|t:|1700681014\n|switch|p1b: Zeus|Thundurus, L50, M|78\/100\n|move|p1a: The Atheist|Protect|p1a: The Atheist\n|-singleturn|p1a: The Atheist|Protect\n|move|p2b: Ogerpon|Ivy Cudgel|p1a: The Atheist|[anim] Ivy Cudgel Water\n|-activate|p1a: The Atheist|move: Protect\n|move|p2a: Gliscor|Rock Slide|p1b: Zeus|[spread] \n|-activate|p1a: The Atheist|move: Protect\n|-miss|p2a: Gliscor|p1b: Zeus\n|\n|-heal|p2a: Gliscor|86\/100 tox|[from] ability: Poison Heal\n|upkeep\n|turn|8\n|\n|t:|1700681037\n|switch|p1b: The Chef|Arcanine-Hisui, L50, M, shiny|94\/100\n|-status|p1b: The Chef|psn\n|-ability|p1b: The Chef|Intimidate|boost\n|-unboost|p2a: Gliscor|atk|1\n|-unboost|p2b: Ogerpon|atk|1\n|-terastallize|p1a: The Atheist|Water\n|move|p2b: Ogerpon|Spiky Shield|p2b: Ogerpon\n|-singleturn|p2b: Ogerpon|move: Protect\n|move|p2a: Gliscor|Rock Slide|p1a: The Atheist|[spread] p1a,p1b\n|-supereffective|p1b: The Chef\n|-damage|p1a: The Atheist|64\/100\n|-damage|p1b: The Chef|82\/100 psn\n|cant|p1a: The Atheist|flinch\n|\n|-heal|p1a: The Atheist|70\/100|[from] Grassy Terrain\n|-heal|p1b: The Chef|88\/100 psn|[from] Grassy Terrain\n|-heal|p2a: Gliscor|98\/100 tox|[from] ability: Poison Heal\n|-damage|p1b: The Chef|76\/100 psn|[from] psn\n|-fieldend|move: Grassy Terrain\n|upkeep\n|turn|9\n|\n|t:|1700681064\n|move|p1b: The Chef|Extreme Speed|p2b: Ogerpon\n|-damage|p2b: Ogerpon|74\/100\n|move|p2b: Ogerpon|Horn Leech|p1a: The Atheist\n|-supereffective|p1a: The Atheist\n|-damage|p1a: The Atheist|10\/100\n|-heal|p2b: Ogerpon|100\/100|[from] drain|[of] p1a: The Atheist\n|move|p2a: Gliscor|Toxic Spikes|p1a: The Atheist\n|-sidestart|p1: gen8reallysucks|move: Toxic Spikes\n|move|p1a: The Atheist|Sludge Bomb|p2b: Ogerpon\n|-supereffective|p2b: Ogerpon\n|-damage|p2b: Ogerpon|5\/100\n|\n|-heal|p2a: Gliscor|100\/100 tox|[from] ability: Poison Heal\n|-damage|p1b: The Chef|63\/100 psn|[from] psn\n|-sideend|p2: N4nD1tt0|move: Tailwind\n|upkeep\n|turn|10\n|\n|t:|1700681085\n|move|p2b: Ogerpon|Spiky Shield|p2b: Ogerpon\n|-singleturn|p2b: Ogerpon|move: Protect\n|move|p1a: The Atheist|Protect|p1a: The Atheist\n|-singleturn|p1a: The Atheist|Protect\n|move|p2a: Gliscor|Tailwind|p2a: Gliscor\n|-sidestart|p2: N4nD1tt0|move: Tailwind\n|move|p1b: The Chef|Flare Blitz|p2a: Gliscor\n|-damage|p2a: Gliscor|52\/100 tox\n|-damage|p1b: The Chef|47\/100 psn|[from] Recoil\n|-enditem|p1b: The Chef|Sitrus Berry|[eat]\n|-heal|p1b: The Chef|72\/100 psn|[from] item: Sitrus Berry\n|\n|-heal|p2a: Gliscor|64\/100 tox|[from] ability: Poison Heal\n|-damage|p1b: The Chef|60\/100 psn|[from] psn\n|upkeep\n|turn|11\n|\n|t:|1700681106\n|switch|p2b: Gholdengo|Gholdengo, L50, tera:Dragon|40\/100\n|move|p1b: The Chef|Extreme Speed|p2b: Gholdengo\n|-damage|p2b: Gholdengo|15\/100\n|move|p2a: Gliscor|Rock Slide|p1a: The Atheist|[spread] p1a\n|-miss|p2a: Gliscor|p1b: The Chef\n|-damage|p1a: The Atheist|4\/100\n|move|p1a: The Atheist|Psychic|p2a: Gliscor\n|-damage|p2a: Gliscor|25\/100 tox\n|\n|-heal|p2b: Gholdengo|21\/100|[from] item: Leftovers\n|-heal|p2a: Gliscor|38\/100 tox|[from] ability: Poison Heal\n|-damage|p1b: The Chef|48\/100 psn|[from] psn\n|upkeep\n|turn|12\n|\n|t:|1700681151\n|move|p1b: The Chef|Extreme Speed|p2a: Gliscor\n|-damage|p2a: Gliscor|18\/100 tox\n|move|p2b: Gholdengo|Shadow Ball|p1b: The Chef\n|-crit|p1b: The Chef\n|-damage|p1b: The Chef|0 fnt\n|faint|p1b: The Chef\n|move|p2a: Gliscor|Rock Slide|p1a: The Atheist\n|-damage|p1a: The Atheist|0 fnt\n|faint|p1a: The Atheist\n|\n|-heal|p2b: Gholdengo|27\/100|[from] item: Leftovers\n|-heal|p2a: Gliscor|30\/100 tox|[from] ability: Poison Heal\n|upkeep\n|\n|t:|1700681159\n|switch|p1a: Zeus|Thundurus, L50, M|78\/100\n|turn|13\n|-message|gen8reallysucks forfeited.\n|\n|win|N4nD1tt0\n|raw|gen8reallysucks's rating: 1311 &rarr; <strong>1288<\/strong><br \/>(-23 for losing)\n|raw|N4nD1tt0's rating: 1251 &rarr; <strong>1280<\/strong><br \/>(+29 for winning)\n|l|\u2606gen8reallysucks\n","uploadtime":1700681180,"views":23,"p1id":"gen8reallysucks","p2id":"n4nd1tt0","formatid":"gen9vgc2023regulatione","rating":1280,"private":0,"password":""}