{"id":"gen9vgc2023regulatione-1990868116","p1":"888Dollar","p2":"lildreamer32","format":"[Gen 9] VGC 2023 Regulation E","log":"|j|\u2606888Dollar\n|j|\u2606lildreamer32\n|t:|1700009402\n|gametype|doubles\n|player|p1|888Dollar|teamrocket|1141\n|player|p2|lildreamer32|leaf-masters|1175\n|teamsize|p1|6\n|teamsize|p2|6\n|gen|9\n|tier|[Gen 9] VGC 2023 Regulation E\n|rated|\n|rule|Species Clause: Limit one of each Pok\u00e9mon\n|rule|Item Clause: Limit one of each item\n|clearpoke\n|poke|p1|Snorlax, L50, M|\n|poke|p1|Azumarill, L50, F|\n|poke|p1|Iron Hands, L50|\n|poke|p1|Hatterene, L50, F|\n|poke|p1|Muk-Alola, L50, F|\n|poke|p1|Sinistcha-Masterpiece, L50|\n|poke|p2|Gothitelle, L50, F|\n|poke|p2|Scream Tail, L50|\n|poke|p2|Arcanine-Hisui, L50, F|\n|poke|p2|Flutter Mane, L50|\n|poke|p2|Rillaboom, L50, F|\n|poke|p2|Chien-Pao, L50|\n|teampreview|4\n|inactive|Battle timer is ON: inactive players will automatically lose when time's up. (requested by lildreamer32)\n|inactive|888Dollar also wants the timer to be on.\n|inactive|lildreamer32 has 60 seconds left.\n|\n|t:|1700009447\n|start\n|switch|p1a: Hatterene|Hatterene, L50, F, shiny|100\/100\n|switch|p1b: Muk|Muk-Alola, L50, F, shiny|100\/100\n|switch|p2a: Scream Tail|Scream Tail, L50|100\/100\n|switch|p2b: Arcanine|Arcanine-Hisui, L50, F|100\/100\n|-ability|p2b: Arcanine|Intimidate|boost\n|-unboost|p1a: Hatterene|atk|1\n|-unboost|p1b: Muk|atk|1\n|turn|1\n|\n|t:|1700009467\n|switch|p1a: Azumarill|Azumarill, L50, F, shiny|100\/100\n|move|p2b: Arcanine|Snarl|p1a: Azumarill|[spread] p1a,p1b\n|-resisted|p1a: Azumarill\n|-resisted|p1b: Muk\n|-damage|p1a: Azumarill|97\/100\n|-damage|p1b: Muk|98\/100\n|-unboost|p1a: Azumarill|spa|1\n|-unboost|p1b: Muk|spa|1\n|move|p2a: Scream Tail|Perish Song|p2a: Scream Tail\n|-start|p1a: Azumarill|perish3|[silent]\n|-start|p1b: Muk|perish3|[silent]\n|-start|p2a: Scream Tail|perish3|[silent]\n|-start|p2b: Arcanine|perish3|[silent]\n|-fieldactivate|move: Perish Song\n|move|p1b: Muk|Minimize|p1b: Muk\n|-boost|p1b: Muk|evasion|2\n|\n|-heal|p1b: Muk|100\/100|[from] item: Leftovers\n|-start|p2b: Arcanine|perish3\n|-start|p2a: Scream Tail|perish3\n|-start|p1b: Muk|perish3\n|-start|p1a: Azumarill|perish3\n|upkeep\n|turn|2\n|inactive|lildreamer32 has 30 seconds left.\n|\n|t:|1700009495\n|switch|p2b: Chien-Pao|Chien-Pao, L50|100\/100\n|-ability|p2b: Chien-Pao|Sword of Ruin\n|-end|p2a: Scream Tail|Protosynthesis|[silent]\n|switch|p2a: Gothitelle|Gothitelle, L50, F|100\/100\n|switch|p1a: Hatterene|Hatterene, L50, F, shiny|100\/100\n|move|p1b: Muk|Knock Off|p2b: Chien-Pao\n|-resisted|p2b: Chien-Pao\n|-damage|p2b: Chien-Pao|80\/100\n|-enditem|p2b: Chien-Pao|Focus Sash|[from] move: Knock Off|[of] p1b: Muk\n|\n|-start|p1b: Muk|perish2\n|upkeep\n|turn|3\n|inactive|888Dollar has 30 seconds left.\n|inactive|lildreamer32 has 30 seconds left.\n|\n|t:|1700009523\n|move|p2a: Gothitelle|Fake Out|p1a: Hatterene\n|-damage|p1a: Hatterene|91\/100\n|move|p2b: Chien-Pao|Sacred Sword|p1b: Muk\n|-crit|p1b: Muk\n|-damage|p1b: Muk|43\/100\n|move|p1b: Muk|Knock Off|p2a: Gothitelle\n|-supereffective|p2a: Gothitelle\n|-damage|p2a: Gothitelle|25\/100\n|-enditem|p2a: Gothitelle|Iapapa Berry|[from] move: Knock Off|[of] p1b: Muk\n|cant|p1a: Hatterene|flinch\n|\n|-heal|p1b: Muk|49\/100|[from] item: Leftovers\n|-start|p1b: Muk|perish1\n|upkeep\n|turn|4\n|inactive|lildreamer32 has 30 seconds left.\n|inactive|lildreamer32 has 20 seconds left.\n|\n|t:|1700009559\n|move|p2b: Chien-Pao|Icicle Crash|p1a: Hatterene\n|-damage|p1a: Hatterene|32\/100\n|move|p2a: Gothitelle|Psychic|p1a: Hatterene\n|-resisted|p1a: Hatterene\n|-damage|p1a: Hatterene|16\/100\n|move|p1b: Muk|Poison Jab|p2b: Chien-Pao\n|-damage|p2b: Chien-Pao|49\/100\n|move|p1a: Hatterene|Dazzling Gleam|p2a: Gothitelle|[spread] p2a,p2b\n|-supereffective|p2b: Chien-Pao\n|-damage|p2a: Gothitelle|2\/100\n|-damage|p2b: Chien-Pao|0 fnt\n|faint|p2b: Chien-Pao\n|\n|-heal|p1b: Muk|55\/100|[from] item: Leftovers\n|-start|p1b: Muk|perish0\n|upkeep\n|faint|p1b: Muk\n|\n|t:|1700009579\n|switch|p2b: Arcanine|Arcanine-Hisui, L50, F|100\/100\n|switch|p1b: Iron Hands|Iron Hands, L50, shiny|100\/100\n|-ability|p2b: Arcanine|Intimidate|boost\n|-unboost|p1a: Hatterene|atk|1\n|-unboost|p1b: Iron Hands|atk|1\n|turn|5\n|c|\u2606888Dollar|perish trap...\n|c|\u2606888Dollar|how fun\n|c|\u2606lildreamer32|yes\n|inactive|888Dollar has 30 seconds left.\n|\n|t:|1700009608\n|switch|p2a: Scream Tail|Scream Tail, L50|100\/100\n|-terastallize|p2b: Arcanine|Water\n|move|p2b: Arcanine|Rock Slide|p1a: Hatterene|[spread] p1a,p1b\n|-resisted|p1b: Iron Hands\n|-damage|p1a: Hatterene|0 fnt\n|-damage|p1b: Iron Hands|91\/100\n|faint|p1a: Hatterene\n|cant|p1b: Iron Hands|flinch\n|\n|upkeep\n|c|\u2606888Dollar|probably the lamest mechanic the game has ever had\n|\n|t:|1700009624\n|switch|p1a: Azumarill|Azumarill, L50, F, shiny|97\/100\n|turn|6\n|inactive|888Dollar has 30 seconds left.\n|inactive|lildreamer32 has 30 seconds left.\n|\n|t:|1700009657\n|move|p2b: Arcanine|Rock Slide|p1b: Iron Hands|[spread] p1a,p1b\n|-resisted|p1b: Iron Hands\n|-damage|p1a: Azumarill|65\/100\n|-damage|p1b: Iron Hands|82\/100\n|move|p2a: Scream Tail|Perish Song|p2a: Scream Tail\n|-start|p1a: Azumarill|perish3|[silent]\n|-start|p1b: Iron Hands|perish3|[silent]\n|-start|p2a: Scream Tail|perish3|[silent]\n|-start|p2b: Arcanine|perish3|[silent]\n|-fieldactivate|move: Perish Song\n|move|p1b: Iron Hands|Wild Charge|p2b: Arcanine\n|-supereffective|p2b: Arcanine\n|-damage|p2b: Arcanine|12\/100\n|-enditem|p2b: Arcanine|Sitrus Berry|[eat]\n|-heal|p2b: Arcanine|37\/100|[from] item: Sitrus Berry\n|-damage|p1b: Iron Hands|66\/100|[from] Recoil\n|move|p1a: Azumarill|Liquidation|p2a: Scream Tail\n|-damage|p2a: Scream Tail|45\/100\n|-damage|p1a: Azumarill|55\/100|[from] item: Life Orb\n|\n|-start|p2b: Arcanine|perish3\n|-start|p2a: Scream Tail|perish3\n|-start|p1a: Azumarill|perish3\n|-start|p1b: Iron Hands|perish3\n|upkeep\n|turn|7\n|inactive|888Dollar has 30 seconds left.\n|inactive|lildreamer32 has 30 seconds left.\n|\n|t:|1700009682\n|switch|p2b: Gothitelle|Gothitelle, L50, F|2\/100\n|move|p2a: Scream Tail|Protect|p2a: Scream Tail\n|-singleturn|p2a: Scream Tail|Protect\n|move|p1a: Azumarill|Liquidation|p2a: Scream Tail\n|-activate|p2a: Scream Tail|move: Protect\n|move|p1b: Iron Hands|Wild Charge|p2b: Gothitelle\n|-damage|p2b: Gothitelle|0 fnt\n|faint|p2b: Gothitelle\n|-damage|p1b: Iron Hands|66\/100|[from] Recoil\n|\n|-start|p2a: Scream Tail|perish2\n|-start|p1a: Azumarill|perish2\n|-start|p1b: Iron Hands|perish2\n|upkeep\n|\n|t:|1700009685\n|switch|p2b: Arcanine|Arcanine-Hisui, L50, F, tera:Water|37\/100\n|-ability|p2b: Arcanine|Intimidate|boost\n|-unboost|p1a: Azumarill|atk|1\n|-unboost|p1b: Iron Hands|atk|1\n|turn|8\n|\n|t:|1700009717\n|move|p2b: Arcanine|Rock Slide|p1a: Azumarill|[spread] p1a,p1b\n|-resisted|p1b: Iron Hands\n|-damage|p1a: Azumarill|22\/100\n|-damage|p1b: Iron Hands|57\/100\n|move|p2a: Scream Tail|Dazzling Gleam|p1b: Iron Hands|[spread] p1a,p1b\n|-supereffective|p1b: Iron Hands\n|-damage|p1a: Azumarill|8\/100\n|-damage|p1b: Iron Hands|38\/100\n|cant|p1a: Azumarill|flinch\n|move|p1b: Iron Hands|Wild Charge|p2a: Scream Tail\n|-damage|p2a: Scream Tail|26\/100\n|-damage|p1b: Iron Hands|33\/100|[from] Recoil\n|\n|-start|p2a: Scream Tail|perish1\n|-start|p1a: Azumarill|perish1\n|-start|p1b: Iron Hands|perish1\n|upkeep\n|turn|9\n|c|\u2606888Dollar|hack gameplay...rock slide hope for flinch and bleed out\n|inactive|lildreamer32 has 30 seconds left.\n|\n|t:|1700009745\n|move|p2b: Arcanine|Rock Slide|p1b: Iron Hands|[spread] p1a,p1b\n|-resisted|p1b: Iron Hands\n|-damage|p1a: Azumarill|0 fnt\n|-damage|p1b: Iron Hands|24\/100\n|faint|p1a: Azumarill\n|move|p2a: Scream Tail|Dazzling Gleam|p1b: Iron Hands\n|-supereffective|p1b: Iron Hands\n|-damage|p1b: Iron Hands|0 fnt\n|faint|p1b: Iron Hands\n|-end|p1b: Iron Hands|Quark Drive|[silent]\n|\n|win|lildreamer32\n|raw|888Dollar's rating: 1141 &rarr; <strong>1118<\/strong><br \/>(-23 for losing)\n|raw|lildreamer32's rating: 1175 &rarr; <strong>1198<\/strong><br \/>(+23 for winning)\n|c|\u2606lildreamer32|lol\n|c|\u2606lildreamer32|gg\n|c|\u2606lildreamer32|Had a lot of fun\n|c|\u2606888Dollar|u have no honor\n|l|\u2606888Dollar\n|c|\u2606lildreamer32|what?\n|c|\u2606lildreamer32|:(\n","uploadtime":1700009847,"views":25,"p1id":"888dollar","p2id":"lildreamer32","formatid":"gen9vgc2023regulatione","rating":1118,"private":0,"password":""}