{"id":"gen9vgc2023regulatione-1996751301","p1":"mochipupusa","p2":"zzerosss","format":"[Gen 9] VGC 2023 Regulation E","log":"|j|\u2606mochipupusa\n|j|\u2606zzerosss\n|t:|1700719050\n|gametype|doubles\n|player|p1|mochipupusa|101|1241\n|player|p2|zzerosss|2|1358\n|teamsize|p1|6\n|teamsize|p2|6\n|gen|9\n|tier|[Gen 9] VGC 2023 Regulation E\n|rated|\n|rule|Species Clause: Limit one of each Pok\u00e9mon\n|rule|Item Clause: Limit one of each item\n|clearpoke\n|poke|p1|Roaring Moon, L50|\n|poke|p1|Milotic, L50, F|\n|poke|p1|Landorus-Therian, L50, M|\n|poke|p1|Flutter Mane, L50|\n|poke|p1|Iron Hands, L50|\n|poke|p1|Ogerpon-Hearthflame, L50, F|\n|poke|p2|Landorus, L50, M|\n|poke|p2|Iron Bundle, L50|\n|poke|p2|Chi-Yu, L50|\n|poke|p2|Flutter Mane, L50|\n|poke|p2|Indeedee-F, L50, F|\n|poke|p2|Tornadus, L50, M|\n|teampreview|4\nmochipupusa has agreed to open team sheets.\n|\n|t:|1700719112\n|start\n|switch|p1a: Roaring Moon|Roaring Moon, L50|100\/100\n|switch|p1b: Iron Hands|Iron Hands, L50|100\/100\n|switch|p2a: Iron Bundle|Iron Bundle, L50|100\/100\n|switch|p2b: Landorus|Landorus, L50, M|100\/100\n|-enditem|p2a: Iron Bundle|Booster Energy\n|-activate|p2a: Iron Bundle|ability: Quark Drive|[fromitem]\n|-start|p2a: Iron Bundle|quarkdrivespe\n|-enditem|p1a: Roaring Moon|Booster Energy\n|-activate|p1a: Roaring Moon|ability: Protosynthesis|[fromitem]\n|-start|p1a: Roaring Moon|protosynthesisatk\n|turn|1\n|\n|t:|1700719133\n|move|p2a: Iron Bundle|Protect|p2a: Iron Bundle\n|-singleturn|p2a: Iron Bundle|Protect\n|move|p2b: Landorus|Protect|p2b: Landorus\n|-singleturn|p2b: Landorus|Protect\n|move|p1a: Roaring Moon|Tailwind|p1a: Roaring Moon\n|-sidestart|p1: mochipupusa|move: Tailwind\n|move|p1b: Iron Hands|Drain Punch|p2a: Iron Bundle\n|-activate|p2a: Iron Bundle|move: Protect\n|\n|upkeep\n|turn|2\n|\n|t:|1700719148\n|move|p1a: Roaring Moon|Acrobatics|p2b: Landorus\n|-damage|p2b: Landorus|34\/100\n|move|p2a: Iron Bundle|Icy Wind|p1b: Iron Hands|[spread] p1a,p1b\n|-supereffective|p1a: Roaring Moon\n|-damage|p1a: Roaring Moon|73\/100\n|-damage|p1b: Iron Hands|92\/100\n|-unboost|p1a: Roaring Moon|spe|1\n|-unboost|p1b: Iron Hands|spe|1\n|move|p2b: Landorus|Sandsear Storm|p1b: Iron Hands|[spread] p1b\n|-miss|p2b: Landorus|p1a: Roaring Moon\n|-supereffective|p1b: Iron Hands\n|-damage|p1b: Iron Hands|25\/100\n|move|p1b: Iron Hands|Drain Punch|p2a: Iron Bundle\n|-supereffective|p2a: Iron Bundle\n|-damage|p2a: Iron Bundle|18\/100\n|-heal|p1b: Iron Hands|53\/100|[from] drain|[of] p2a: Iron Bundle\n|\n|upkeep\n|turn|3\n|\n|t:|1700719172\n|move|p2b: Landorus|Protect|p2b: Landorus\n|-singleturn|p2b: Landorus|Protect\n|move|p2a: Iron Bundle|Icy Wind|p1a: Roaring Moon|[spread] p1a,p1b\n|-supereffective|p1a: Roaring Moon\n|-crit|p1b: Iron Hands\n|-damage|p1a: Roaring Moon|47\/100\n|-damage|p1b: Iron Hands|40\/100\n|-unboost|p1a: Roaring Moon|spe|1\n|-unboost|p1b: Iron Hands|spe|1\n|move|p1a: Roaring Moon|Acrobatics|p2b: Landorus\n|-activate|p2b: Landorus|move: Protect\n|move|p1b: Iron Hands|Drain Punch|p2a: Iron Bundle\n|-supereffective|p2a: Iron Bundle\n|-damage|p2a: Iron Bundle|0 fnt\n|-heal|p1b: Iron Hands|47\/100|[from] drain|[of] p2a: Iron Bundle\n|faint|p2a: Iron Bundle\n|-end|p2a: Iron Bundle|Quark Drive|[silent]\n|\n|upkeep\n|\n|t:|1700719191\n|switch|p2a: Chi-Yu|Chi-Yu, L50|100\/100\n|-ability|p2a: Chi-Yu|Beads of Ruin\n|turn|4\n|\n|t:|1700719209\n|-end|p1a: Roaring Moon|Protosynthesis|[silent]\n|switch|p1a: Milotic|Milotic, L50, F|100\/100\n|move|p2b: Landorus|Sandsear Storm|p1a: Milotic|[spread] p1a,p1b\n|-supereffective|p1b: Iron Hands\n|-damage|p1a: Milotic|40\/100\n|-damage|p1b: Iron Hands|0 fnt\n|faint|p1b: Iron Hands\n|-end|p1b: Iron Hands|Quark Drive|[silent]\n|move|p2a: Chi-Yu|Heat Wave|p1a: Milotic\n|-resisted|p1a: Milotic\n|-damage|p1a: Milotic|0 fnt\n|faint|p1a: Milotic\n|\n|-sideend|p1: mochipupusa|move: Tailwind\n|upkeep\n|\n|t:|1700719221\n|switch|p1a: Landorus|Landorus-Therian, L50, M|100\/100\n|switch|p1b: Roaring Moon|Roaring Moon, L50|47\/100\n|-ability|p1a: Landorus|Intimidate|boost\n|-unboost|p2a: Chi-Yu|atk|1\n|-unboost|p2b: Landorus|atk|1\n|turn|5\n|\n|t:|1700719255\n|move|p2b: Landorus|Protect|p2b: Landorus\n|-singleturn|p2b: Landorus|Protect\n|move|p1a: Landorus|Stomping Tantrum|p2a: Chi-Yu\n|-supereffective|p2a: Chi-Yu\n|-damage|p2a: Chi-Yu|0 fnt\n|faint|p2a: Chi-Yu\n|move|p1b: Roaring Moon|Acrobatics|p2b: Landorus\n|-activate|p2b: Landorus|move: Protect\n|\n|upkeep\n|\n|t:|1700719265\n|switch|p2a: Flutter Mane|Flutter Mane, L50|100\/100\n|turn|6\n|\n|t:|1700719288\n|move|p1a: Landorus|Stomping Tantrum|p2a: Flutter Mane\n|-damage|p2a: Flutter Mane|20\/100\n|move|p2a: Flutter Mane|Dazzling Gleam|p1a: Landorus|[spread] p1a,p1b\n|-supereffective|p1b: Roaring Moon\n|-damage|p1a: Landorus|58\/100\n|-damage|p1b: Roaring Moon|0 fnt\n|faint|p1b: Roaring Moon\n|-end|p1b: Roaring Moon|Protosynthesis|[silent]\n|move|p2b: Landorus|Sludge Bomb|p1a: Landorus\n|-resisted|p1a: Landorus\n|-damage|p1a: Landorus|26\/100\n|\n|upkeep\n|turn|7\n|c|\u2606mochipupusa|gg\n|\n|t:|1700719307\n|-terastallize|p2b: Landorus|Poison\n|move|p1a: Landorus|Stomping Tantrum|p2a: Flutter Mane\n|-crit|p2a: Flutter Mane\n|-damage|p2a: Flutter Mane|0 fnt\n|faint|p2a: Flutter Mane\n|-end|p2a: Flutter Mane|Protosynthesis|[silent]\n|move|p2b: Landorus|Sludge Bomb|p1a: Landorus\n|-resisted|p1a: Landorus\n|-damage|p1a: Landorus|0 fnt\n|faint|p1a: Landorus\n|\n|win|zzerosss\n|raw|mochipupusa's rating: 1241 &rarr; <strong>1224<\/strong><br \/>(-17 for losing)\n|raw|zzerosss's rating: 1358 &rarr; <strong>1372<\/strong><br \/>(+14 for winning)\n|l|\u2606zzerosss\n","uploadtime":1700719324,"views":12,"p1id":"mochipupusa","p2id":"zzerosss","formatid":"gen9vgc2023regulatione","rating":1224,"private":0,"password":""}