{"id":"gen9vgc2023regulatione-1998740797","p1":"CharlienoB","p2":"Brockl3e","format":"[Gen 9] VGC 2023 Regulation E","log":"|j|\u2606CharlienoB\n|j|\u2606Brockl3e\n|t:|1700981258\n|gametype|doubles\n|player|p1|CharlienoB|169|1068\n|player|p2|Brockl3e|2|1086\n|teamsize|p1|6\n|teamsize|p2|6\n|gen|9\n|tier|[Gen 9] VGC 2023 Regulation E\n|rated|\n|rule|Species Clause: Limit one of each Pok\u00e9mon\n|rule|Item Clause: Limit one of each item\n|clearpoke\n|poke|p1|Glimmora, L50, F|\n|poke|p1|Hippowdon, L50, M|\n|poke|p1|Arcanine-Hisui, L50, M|\n|poke|p1|Tatsugiri, L50, F|\n|poke|p1|Dondozo, L50, F|\n|poke|p1|Rillaboom, L50, M|\n|poke|p2|Fezandipiti, L50, M|\n|poke|p2|Umbreon, L50, F|\n|poke|p2|Flutter Mane, L50|\n|poke|p2|Illumise, L50, F|\n|poke|p2|Ogerpon-Hearthflame, L50, F|\n|poke|p2|Blissey, L50, F|\n|teampreview|4\n|inactive|Battle timer is ON: inactive players will automatically lose when time's up. (requested by CharlienoB)\n|\n|t:|1700981293\n|start\n|switch|p1a: Glimmora|Glimmora, L50, F|100\/100\n|switch|p1b: Rillaboom|Rillaboom, L50, M|100\/100\n|switch|p2a: Illumise|Illumise, L50, F|100\/100\n|switch|p2b: Fezandipiti|Fezandipiti, L50, M|100\/100\n|-fieldstart|move: Grassy Terrain|[from] ability: Grassy Surge|[of] p1b: Rillaboom\n|turn|1\n|\n|t:|1700981315\n|move|p1b: Rillaboom|Fake Out|p2b: Fezandipiti\n|-damage|p2b: Fezandipiti|85\/100\n|move|p2a: Illumise|Sunny Day|p2a: Illumise\n|-weather|SunnyDay\n|move|p2b: Fezandipiti|Icy Wind|p1b: Rillaboom|[spread] p1a,p1b\n|-supereffective|p1b: Rillaboom\n|-damage|p1a: Glimmora|90\/100\n|-damage|p1b: Rillaboom|85\/100\n|-unboost|p1a: Glimmora|spe|1\n|-unboost|p1b: Rillaboom|spe|1\n|-status|p1b: Rillaboom|tox|[from] ability: Toxic Chain|[of] p2b: Fezandipiti\n|move|p1a: Glimmora|Power Gem|p2b: Fezandipiti\n|-damage|p2b: Fezandipiti|55\/100\n|\n|-weather|SunnyDay|[upkeep]\n|-heal|p2b: Fezandipiti|61\/100|[from] Grassy Terrain\n|-heal|p1a: Glimmora|96\/100|[from] Grassy Terrain\n|-heal|p1b: Rillaboom|91\/100 tox|[from] Grassy Terrain\n|-damage|p1b: Rillaboom|85\/100 tox|[from] psn\n|upkeep\n|turn|2\n|\n|t:|1700981338\n|move|p2b: Fezandipiti|Heat Wave|p1b: Rillaboom|[spread] p1a\n|-miss|p2b: Fezandipiti|p1b: Rillaboom\n|-resisted|p1a: Glimmora\n|-damage|p1a: Glimmora|84\/100\n|move|p2a: Illumise|Struggle Bug|p1b: Rillaboom|[spread] p1a,p1b\n|-resisted|p1a: Glimmora\n|-supereffective|p1b: Rillaboom\n|-damage|p1a: Glimmora|77\/100\n|-damage|p1b: Rillaboom|64\/100 tox\n|-unboost|p1a: Glimmora|spa|1\n|-unboost|p1b: Rillaboom|spa|1\n|move|p1a: Glimmora|Mortal Spin|p2b: Fezandipiti|[spread] p2a,p2b\n|-damage|p2a: Illumise|93\/100\n|-damage|p2b: Fezandipiti|56\/100\n|-status|p2a: Illumise|psn\n|move|p1b: Rillaboom|Taunt|p2a: Illumise\n|-start|p2a: Illumise|move: Taunt\n|\n|-weather|SunnyDay|[upkeep]\n|-heal|p2b: Fezandipiti|63\/100|[from] Grassy Terrain\n|-heal|p2a: Illumise|99\/100 psn|[from] Grassy Terrain\n|-heal|p1a: Glimmora|83\/100|[from] Grassy Terrain\n|-heal|p1b: Rillaboom|70\/100 tox|[from] Grassy Terrain\n|-damage|p2a: Illumise|87\/100 psn|[from] psn\n|-damage|p1b: Rillaboom|59\/100 tox|[from] psn\n|upkeep\n|turn|3\n|inactive|CharlienoB has 30 seconds left.\n|inactive|CharlienoB has 20 seconds left.\n|\n|t:|1700981377\n|switch|p1a: Hippowdon|Hippowdon, L50, M|100\/100\n|-weather|Sandstorm|[from] ability: Sand Stream|[of] p1a: Hippowdon\n|move|p1b: Rillaboom|Grassy Glide|p2a: Illumise\n|-resisted|p2a: Illumise\n|-damage|p2a: Illumise|58\/100 psn\n|move|p2b: Fezandipiti|Heat Wave|p1b: Rillaboom|[spread] p1a,p1b\n|-supereffective|p1b: Rillaboom\n|-damage|p1a: Hippowdon|90\/100\n|-damage|p1b: Rillaboom|33\/100 tox\n|move|p2a: Illumise|Struggle Bug|p1b: Rillaboom|[spread] p1a,p1b\n|-supereffective|p1b: Rillaboom\n|-damage|p1a: Hippowdon|83\/100\n|-damage|p1b: Rillaboom|13\/100 tox\n|-unboost|p1a: Hippowdon|spa|1\n|-unboost|p1b: Rillaboom|spa|1\n|\n|-weather|Sandstorm|[upkeep]\n|-damage|p2b: Fezandipiti|56\/100|[from] Sandstorm\n|-damage|p2a: Illumise|53\/100 psn|[from] Sandstorm\n|-damage|p1b: Rillaboom|7\/100 tox|[from] Sandstorm\n|-heal|p2b: Fezandipiti|63\/100|[from] Grassy Terrain\n|-heal|p2a: Illumise|58\/100 psn|[from] Grassy Terrain\n|-heal|p1b: Rillaboom|13\/100 tox|[from] Grassy Terrain\n|-heal|p1a: Hippowdon|89\/100|[from] Grassy Terrain\n|-heal|p1a: Hippowdon|95\/100|[from] item: Leftovers\n|-damage|p2a: Illumise|46\/100 psn|[from] psn\n|-damage|p1b: Rillaboom|0 fnt|[from] psn\n|faint|p1b: Rillaboom\n|upkeep\n|\n|t:|1700981380\n|switch|p1b: Arcanine|Arcanine-Hisui, L50, M|100\/100\n|-ability|p1b: Arcanine|Intimidate|boost\n|-unboost|p2a: Illumise|atk|1\n|-unboost|p2b: Fezandipiti|atk|1\n|turn|4\n|inactive|Brockl3e has 30 seconds left.\n|\n|t:|1700981406\n|switch|p2a: Blissey|Blissey, L50, F|100\/100\n|-terastallize|p1a: Hippowdon|Poison\n|move|p2b: Fezandipiti|Dazzling Gleam|p1a: Hippowdon|[spread] p1a,p1b\n|-resisted|p1a: Hippowdon\n|-resisted|p1b: Arcanine\n|-damage|p1a: Hippowdon|89\/100\n|-damage|p1b: Arcanine|96\/100\n|move|p1b: Arcanine|Rock Slide|p2a: Blissey|[spread] p2a,p2b\n|-damage|p2a: Blissey|83\/100\n|-damage|p2b: Fezandipiti|38\/100\n|move|p1a: Hippowdon|Substitute|p1a: Hippowdon\n|-start|p1a: Hippowdon|Substitute\n|-damage|p1a: Hippowdon|64\/100\n|\n|-weather|Sandstorm|[upkeep]\n|-damage|p2b: Fezandipiti|32\/100|[from] Sandstorm\n|-damage|p2a: Blissey|77\/100|[from] Sandstorm\n|-damage|p1a: Hippowdon|58\/100|[from] Sandstorm\n|-heal|p2b: Fezandipiti|38\/100|[from] Grassy Terrain\n|-heal|p1b: Arcanine|100\/100|[from] Grassy Terrain\n|-heal|p2a: Blissey|83\/100|[from] Grassy Terrain\n|-heal|p1a: Hippowdon|64\/100|[from] Grassy Terrain\n|-heal|p1a: Hippowdon|70\/100|[from] item: Leftovers\n|upkeep\n|turn|5\n|inactive|CharlienoB has 30 seconds left.\n|inactive|Brockl3e has 30 seconds left.\n|inactive|CharlienoB has 20 seconds left.\n|\n|t:|1700981442\n|move|p2b: Fezandipiti|Icy Wind|p1a: Hippowdon|[spread] p1a,p1b\n|-activate|p1a: Hippowdon|move: Substitute|[damage]\n|-resisted|p1b: Arcanine\n|-damage|p1b: Arcanine|98\/100\n|-unboost|p1b: Arcanine|spe|1\n|-status|p1b: Arcanine|tox|[from] ability: Toxic Chain|[of] p2b: Fezandipiti\n|move|p1b: Arcanine|Howl||[still]|[spread] p1a,p1b\n|-fail|p1b: Arcanine\n|-boost|p1b: Arcanine|atk|1\n|move|p2a: Blissey|Seismic Toss|p1a: Hippowdon\n|-end|p1a: Hippowdon|Substitute\n|move|p1a: Hippowdon|Heavy Slam|p2b: Fezandipiti\n|-supereffective|p2b: Fezandipiti\n|-damage|p2b: Fezandipiti|0 fnt\n|faint|p2b: Fezandipiti\n|\n|-weather|Sandstorm|[upkeep]\n|-damage|p2a: Blissey|77\/100|[from] Sandstorm\n|-damage|p1a: Hippowdon|64\/100|[from] Sandstorm\n|-heal|p1b: Arcanine|100\/100 tox|[from] Grassy Terrain\n|-heal|p2a: Blissey|83\/100|[from] Grassy Terrain\n|-heal|p1a: Hippowdon|70\/100|[from] Grassy Terrain\n|-heal|p1a: Hippowdon|76\/100|[from] item: Leftovers\n|-damage|p1b: Arcanine|94\/100 tox|[from] psn\n|-fieldend|move: Grassy Terrain\n|upkeep\n|\n|t:|1700981459\n|switch|p2b: Illumise|Illumise, L50, F|46\/100 psn\n|turn|6\n|inactive|Brockl3e has 30 seconds left.\n|inactive|Brockl3e has 20 seconds left.\n|\n|t:|1700981495\n|move|p2b: Illumise|Sunny Day|p2b: Illumise\n|-weather|SunnyDay\n|move|p1b: Arcanine|Howl|p1b: Arcanine|[spread] p1a,p1b\n|-boost|p1a: Hippowdon|atk|1\n|-boost|p1b: Arcanine|atk|1\n|move|p2a: Blissey|Seismic Toss|p1b: Arcanine\n|-damage|p1b: Arcanine|69\/100 tox\n|move|p1a: Hippowdon|High Horsepower|p2a: Blissey\n|-damage|p2a: Blissey|31\/100\n|-enditem|p2a: Blissey|Sitrus Berry|[eat]\n|-heal|p2a: Blissey|56\/100|[from] item: Sitrus Berry\n|\n|-weather|SunnyDay|[upkeep]\n|-heal|p1a: Hippowdon|83\/100|[from] item: Leftovers\n|-damage|p2b: Illumise|34\/100 psn|[from] psn\n|-damage|p1b: Arcanine|57\/100 tox|[from] psn\n|upkeep\n|turn|7\n|inactive|Brockl3e has 30 seconds left.\n|\n|t:|1700981520\n|move|p2b: Illumise|Roost|p2b: Illumise\n|-heal|p2b: Illumise|84\/100 psn\n|-singleturn|p2b: Illumise|move: Roost\n|move|p1b: Arcanine|Rock Slide|p2b: Illumise|[spread] p2a\n|-miss|p1b: Arcanine|p2b: Illumise\n|-damage|p2a: Blissey|20\/100\n|cant|p2a: Blissey|flinch\n|move|p1a: Hippowdon|Heavy Slam|p2a: Blissey\n|-damage|p2a: Blissey|0 fnt\n|faint|p2a: Blissey\n|\n|-weather|SunnyDay|[upkeep]\n|-heal|p1a: Hippowdon|89\/100|[from] item: Leftovers\n|-damage|p2b: Illumise|72\/100 psn|[from] psn\n|-damage|p1b: Arcanine|39\/100 tox|[from] psn\n|upkeep\n|-enditem|p1b: Arcanine|Sitrus Berry|[eat]\n|-heal|p1b: Arcanine|64\/100 tox|[from] item: Sitrus Berry\n|\n|t:|1700981531\n|switch|p2a: Flutter Mane|Flutter Mane, L50|100\/100\n|-activate|p2a: Flutter Mane|ability: Protosynthesis\n|-start|p2a: Flutter Mane|protosynthesisspe\n|turn|8\n|inactive|CharlienoB has 30 seconds left.\n|inactive|Brockl3e has 30 seconds left.\n|\n|t:|1700981561\n|switch|p1b: Glimmora|Glimmora, L50, F|83\/100\n|move|p2a: Flutter Mane|Shadow Ball|p1b: Glimmora\n|-damage|p1b: Glimmora|0 fnt\n|faint|p1b: Glimmora\n|move|p2b: Illumise|Struggle Bug|p1a: Hippowdon\n|-resisted|p1a: Hippowdon\n|-damage|p1a: Hippowdon|83\/100\n|-unboost|p1a: Hippowdon|spa|1\n|move|p1a: Hippowdon|Heavy Slam|p2a: Flutter Mane\n|-supereffective|p2a: Flutter Mane\n|-damage|p2a: Flutter Mane|0 fnt\n|faint|p2a: Flutter Mane\n|-end|p2a: Flutter Mane|Protosynthesis|[silent]\n|\n|-weather|SunnyDay|[upkeep]\n|-heal|p1a: Hippowdon|89\/100|[from] item: Leftovers\n|-damage|p2b: Illumise|60\/100 psn|[from] psn\n|upkeep\n|-message|Brockl3e forfeited.\n|\n|win|CharlienoB\n|raw|CharlienoB's rating: 1068 &rarr; <strong>1099<\/strong><br \/>(+31 for winning)\n|raw|Brockl3e's rating: 1086 &rarr; <strong>1062<\/strong><br \/>(-24 for losing)\n|l|\u2606Brockl3e\n","uploadtime":1700981575,"views":16,"p1id":"charlienob","p2id":"brockl3e","formatid":"gen9vgc2023regulatione","rating":1062,"private":0,"password":""}