{"id":"gen9vgc2023regulatione-1999114825","p1":"The Greech","p2":"Walt Whitman VGC","format":"[Gen 9] VGC 2023 Regulation E","log":"|j|\u2606The Greech\n|j|\u2606Walt Whitman VGC\n|t:|1701034707\n|gametype|doubles\n|player|p1|The Greech|infielder|1339\n|player|p2|Walt Whitman VGC|backpacker|1411\n|teamsize|p1|6\n|teamsize|p2|6\n|gen|9\n|tier|[Gen 9] VGC 2023 Regulation E\n|rated|\n|rule|Species Clause: Limit one of each Pok\u00e9mon\n|rule|Item Clause: Limit one of each item\n|clearpoke\n|poke|p1|Salamence, L50, F|\n|poke|p1|Kingambit, L50, M|\n|poke|p1|Urshifu-*, L50, F|\n|poke|p1|Tornadus, L50, M|\n|poke|p1|Ogerpon-Wellspring, L50, F|\n|poke|p1|Farigiraf, L50, M|\n|poke|p2|Ursaring, L50, M|\n|poke|p2|Iron Bundle, L50|\n|poke|p2|Armarouge, L50, M|\n|poke|p2|Indeedee-F, L50, F|\n|poke|p2|Cresselia, L50, F|\n|poke|p2|Hatterene, L50, F|\n|teampreview|4\nThe Greech has agreed to open team sheets.\n|inactive|Battle timer is ON: inactive players will automatically lose when time's up. (requested by Walt Whitman VGC)\n|inactive|The Greech has 60 seconds left.\n|inactive|Walt Whitman VGC has 60 seconds left.\n|\n|t:|1701034769\n|start\n|switch|p1a: Farigiraf|Farigiraf, L50, M|100\/100\n|switch|p1b: Kingambit|Kingambit, L50, M|100\/100\n|switch|p2a: Iron Bundle|Iron Bundle, L50|100\/100\n|switch|p2b: Armarouge|Armarouge, L50, M|100\/100\n|-enditem|p2a: Iron Bundle|Booster Energy\n|-activate|p2a: Iron Bundle|ability: Quark Drive|[fromitem]\n|-start|p2a: Iron Bundle|quarkdrivespe\n|turn|1\n|inactive|Walt Whitman VGC has 30 seconds left.\n|\n|t:|1701034801\n|move|p1b: Kingambit|Sucker Punch|p2b: Armarouge\n|-supereffective|p2b: Armarouge\n|-damage|p2b: Armarouge|17\/100\n|-ability|p2b: Armarouge|Weak Armor|boost\n|-unboost|p2b: Armarouge|def|1\n|-boost|p2b: Armarouge|spe|2\n|-enditem|p2b: Armarouge|Weakness Policy\n|-boost|p2b: Armarouge|atk|2|[from] item: Weakness Policy\n|-boost|p2b: Armarouge|spa|2|[from] item: Weakness Policy\n|move|p2a: Iron Bundle|Flip Turn|p2b: Armarouge\n|-supereffective|p2b: Armarouge\n|-damage|p2b: Armarouge|0 fnt\n|faint|p2b: Armarouge\n|\n|t:|1701034819\n|-end|p2a: Iron Bundle|Quark Drive|[silent]\n|switch|p2a: Ursaring|Ursaring, L50, M|100\/100|[from] Flip Turn\n|move|p1a: Farigiraf|Imprison|p1a: Farigiraf\n|-start|p1a: Farigiraf|move: Imprison\n|\n|upkeep\n|\n|t:|1701034829\n|switch|p2b: Indeedee|Indeedee-F, L50, F|100\/100\n|-fieldstart|move: Psychic Terrain|[from] ability: Psychic Surge|[of] p2b: Indeedee\n|-enditem|p2b: Indeedee|Psychic Seed\n|-boost|p2b: Indeedee|spd|1|[from] item: Psychic Seed\n|turn|2\n|\n|t:|1701034851\n|switch|p1b: Salamence|Salamence, L50, F|100\/100\n|-ability|p1b: Salamence|Intimidate|boost\n|-unboost|p2a: Ursaring|atk|1\n|-unboost|p2b: Indeedee|atk|1\n|move|p2b: Indeedee|Fake Out||[still]\n|cant|p1a: Farigiraf|ability: Armor Tail|Fake Out|[of] p2b: Indeedee\n|move|p1a: Farigiraf|Psychic|p2a: Ursaring\n|-damage|p2a: Ursaring|68\/100\n|move|p2a: Ursaring|Bulk Up|p2a: Ursaring\n|-boost|p2a: Ursaring|atk|1\n|-boost|p2a: Ursaring|def|1\n|\n|upkeep\n|turn|3\n|\n|t:|1701034871\n|move|p2b: Indeedee|Follow Me|p2b: Indeedee\n|-singleturn|p2b: Indeedee|move: Follow Me\n|move|p1b: Salamence|Dragon Dance|p1b: Salamence\n|-boost|p1b: Salamence|atk|1\n|-boost|p1b: Salamence|spe|1\n|move|p1a: Farigiraf|Psychic|p2b: Indeedee\n|-resisted|p2b: Indeedee\n|-damage|p2b: Indeedee|84\/100\n|move|p2a: Ursaring|Bulk Up|p2a: Ursaring\n|-boost|p2a: Ursaring|atk|1\n|-boost|p2a: Ursaring|def|1\n|\n|upkeep\n|turn|4\n|inactive|The Greech has 30 seconds left.\n|\n|t:|1701034897\n|move|p2b: Indeedee|Follow Me|p2b: Indeedee\n|-singleturn|p2b: Indeedee|move: Follow Me\n|move|p1b: Salamence|Dual Wingbeat|p2b: Indeedee\n|-damage|p2b: Indeedee|50\/100\n|-damage|p2b: Indeedee|20\/100\n|-hitcount|p2b: Indeedee|2\n|move|p1a: Farigiraf|Dazzling Gleam|p2a: Ursaring|[spread] p2a,p2b\n|-damage|p2a: Ursaring|57\/100\n|-damage|p2b: Indeedee|8\/100\n|move|p2a: Ursaring|Bulk Up|p2a: Ursaring\n|-boost|p2a: Ursaring|atk|1\n|-boost|p2a: Ursaring|def|1\n|\n|upkeep\n|turn|5\n|inactive|The Greech has 30 seconds left.\n|inactive|Walt Whitman VGC has 30 seconds left.\n|\n|t:|1701034928\n|-terastallize|p2a: Ursaring|Normal\n|move|p2b: Indeedee|Follow Me|p2b: Indeedee\n|-singleturn|p2b: Indeedee|move: Follow Me\n|move|p1b: Salamence|Rock Slide|p2b: Indeedee|[spread] p2a,p2b\n|-damage|p2a: Ursaring|49\/100\n|-damage|p2b: Indeedee|0 fnt\n|faint|p2b: Indeedee\n|move|p1a: Farigiraf|Dazzling Gleam|p2a: Ursaring\n|-damage|p2a: Ursaring|34\/100\n|cant|p2a: Ursaring|flinch\n|\n|upkeep\n|\n|t:|1701034943\n|switch|p2b: Iron Bundle|Iron Bundle, L50|100\/100\n|turn|6\n|inactive|The Greech has 30 seconds left.\n|\n|t:|1701034973\n|-terastallize|p1b: Salamence|Steel\n|move|p1b: Salamence|Rock Slide|p2b: Iron Bundle|[spread] p2a\n|-miss|p1b: Salamence|p2b: Iron Bundle\n|-damage|p2a: Ursaring|26\/100\n|move|p2b: Iron Bundle|Icy Wind|p1b: Salamence|[spread] p1a,p1b\n|-resisted|p1b: Salamence\n|-damage|p1a: Farigiraf|83\/100\n|-damage|p1b: Salamence|90\/100\n|-unboost|p1a: Farigiraf|spe|1\n|move|p2a: Ursaring|Facade|p1a: Farigiraf\n|-damage|p1a: Farigiraf|0 fnt\n|faint|p1a: Farigiraf\n|\n|-fieldend|move: Psychic Terrain\n|upkeep\n|\n|t:|1701034990\n|switch|p1a: Kingambit|Kingambit, L50, M|100\/100\n|turn|7\n|inactive|Walt Whitman VGC has 30 seconds left.\n|inactive|Walt Whitman VGC has 20 seconds left.\n|\n|t:|1701035028\n|move|p1a: Kingambit|Sucker Punch|p2a: Ursaring\n|-damage|p2a: Ursaring|15\/100\n|move|p1b: Salamence|Dual Wingbeat|p2a: Ursaring\n|-damage|p2a: Ursaring|6\/100\n|-damage|p2a: Ursaring|0 fnt\n|faint|p2a: Ursaring\n|-hitcount|p2: Ursaring|2\n|move|p2b: Iron Bundle|Encore|p1a: Kingambit\n|-start|p1a: Kingambit|Encore\n|\n|upkeep\n|turn|8\n|-message|Walt Whitman VGC forfeited.\n|\n|win|The Greech\n|raw|The Greech's rating: 1339 &rarr; <strong>1363<\/strong><br \/>(+24 for winning)\n|raw|Walt Whitman VGC's rating: 1411 &rarr; <strong>1387<\/strong><br \/>(-24 for losing)\n|l|\u2606Walt Whitman VGC\n","uploadtime":1701035041,"views":5,"p1id":"thegreech","p2id":"waltwhitmanvgc","formatid":"gen9vgc2023regulatione","rating":1363,"private":0,"password":""}