{"id":"gen9vgc2023regulatione-1993838562","p1":"PacInBlac","p2":"gilga95","format":"[Gen 9] VGC 2023 Regulation E","log":"|j|\u2606PacInBlac\n|j|\u2606gilga95\n|t:|1700363604\n|gametype|doubles\n|player|p1|PacInBlac|volkner|\n|player|p2|gilga95|169|\n|teamsize|p1|6\n|teamsize|p2|6\n|gen|9\n|tier|[Gen 9] VGC 2023 Regulation E\n|rule|Species Clause: Limit one of each Pok\u00e9mon\n|rule|Item Clause: Limit one of each item\n|clearpoke\n|poke|p1|Palafin, L50, M|\n|poke|p1|Pelipper, L50, F|\n|poke|p1|Basculegion, L50, M|\n|poke|p1|Sinistcha, L50|\n|poke|p1|Fezandipiti, L50, M|\n|poke|p1|Garchomp, L50, M|\n|poke|p2|Goodra-Hisui, L50, F|\n|poke|p2|Dragonite, L50, M|\n|poke|p2|Maushold-Four, L50|\n|poke|p2|Bronzong, L50|\n|poke|p2|Rotom-Wash, L50|\n|poke|p2|Volcarona, L50, F|\n|teampreview|4\nPacInBlac has agreed to open team sheets.\n|j| fernata\ngilga95 rejected open team sheets.\n|\n|t:|1700363717\n|start\n|switch|p1a: Pelipper|Pelipper, L50, F|100\/100\n|switch|p1b: Palafin|Palafin, L50, M|100\/100\n|switch|p2a: Bronzong|Bronzong, L50|100\/100\n|switch|p2b: Rotom|Rotom-Wash, L50|100\/100\n|-weather|RainDance|[from] ability: Drizzle|[of] p1a: Pelipper\n|turn|1\n|\n|t:|1700363763\n|switch|p1a: Sinistcha|Sinistcha, L50|100\/100\n|move|p1b: Palafin|Protect|p1b: Palafin\n|-singleturn|p1b: Palafin|Protect\n|move|p2b: Rotom|Volt Switch|p1a: Sinistcha\n|-resisted|p1a: Sinistcha\n|-damage|p1a: Sinistcha|82\/100\n|\n|t:|1700363772\n|switch|p2b: Goodra|Goodra-Hisui, L50, F|100\/100|[from] Volt Switch\n|move|p2a: Bronzong|Reflect|p2a: Bronzong\n|-sidestart|p2: gilga95|Reflect\n|\n|-weather|RainDance|[upkeep]\n|upkeep\n|turn|2\n|\n|t:|1700363794\n|detailschange|p1b: Palafin|Palafin-Hero, L50, M\n|switch|p1b: Pelipper|Pelipper, L50, F|100\/100\n|move|p1a: Sinistcha|Shadow Ball|p2a: Bronzong\n|-supereffective|p2a: Bronzong\n|-damage|p2a: Bronzong|45\/100\n|move|p2b: Goodra|Curse|p2b: Goodra\n|-unboost|p2b: Goodra|spe|1\n|-boost|p2b: Goodra|atk|1\n|-boost|p2b: Goodra|def|1\n|move|p2a: Bronzong|Light Screen|p2a: Bronzong\n|-sidestart|p2: gilga95|move: Light Screen\n|\n|-weather|RainDance|[upkeep]\n|upkeep\n|turn|3\n|\n|t:|1700363835\n|move|p1b: Pelipper|Helping Hand|p1a: Sinistcha\n|-singleturn|p1a: Sinistcha|Helping Hand|[of] p1b: Pelipper\n|move|p1a: Sinistcha|Shadow Ball|p2b: Goodra\n|-damage|p2b: Goodra|76\/100\n|move|p2b: Goodra|Curse|p2b: Goodra\n|-unboost|p2b: Goodra|spe|1\n|-boost|p2b: Goodra|atk|1\n|-boost|p2b: Goodra|def|1\n|move|p2a: Bronzong|Psyshock|p1b: Pelipper\n|-damage|p1b: Pelipper|77\/100\n|\n|-weather|RainDance|[upkeep]\n|-heal|p2b: Goodra|82\/100|[from] item: Leftovers\n|upkeep\n|turn|4\n|\n|t:|1700363883\n|move|p1b: Pelipper|Helping Hand|p1a: Sinistcha\n|-singleturn|p1a: Sinistcha|Helping Hand|[of] p1b: Pelipper\n|move|p1a: Sinistcha|Shadow Ball|p2b: Goodra\n|-damage|p2b: Goodra|58\/100\n|move|p2a: Bronzong|Psyshock|p1a: Sinistcha\n|-damage|p1a: Sinistcha|61\/100\n|move|p2b: Goodra|Heavy Slam|p1a: Sinistcha\n|-damage|p1a: Sinistcha|0 fnt\n|-damage|p2b: Goodra|41\/100|[from] item: Rocky Helmet|[of] p1a: Sinistcha\n|faint|p1a: Sinistcha\n|\n|-weather|RainDance|[upkeep]\n|-heal|p2b: Goodra|47\/100|[from] item: Leftovers\n|upkeep\n|\n|t:|1700363912\n|switch|p1a: Palafin|Palafin-Hero, L50, M|100\/100\n|-activate|p1a: Palafin|ability: Zero to Hero\n|turn|5\n|\n|t:|1700363933\n|move|p1a: Palafin|Wave Crash|p2a: Bronzong\n|-damage|p2a: Bronzong|0 fnt\n|faint|p2a: Bronzong\n|-damage|p1a: Palafin|88\/100|[from] Recoil\n|move|p1b: Pelipper|Hurricane|p2b: Goodra\n|-resisted|p2b: Goodra\n|-damage|p2b: Goodra|40\/100\n|move|p2b: Goodra|Counter||[still]\n|-fail|p2b: Goodra\n|\n|-weather|RainDance|[upkeep]\n|-heal|p2b: Goodra|45\/100|[from] item: Leftovers\n|upkeep\n|\n|t:|1700363947\n|switch|p2a: Rotom|Rotom-Wash, L50|100\/100\n|turn|6\n|\n|t:|1700363963\n|-terastallize|p1b: Pelipper|Ground\n|move|p1b: Pelipper|Helping Hand|p1a: Palafin\n|-singleturn|p1a: Palafin|Helping Hand|[of] p1b: Pelipper\n|move|p2a: Rotom|Volt Switch|p1a: Palafin\n|-supereffective|p1a: Palafin\n|-damage|p1a: Palafin|26\/100\n|\n|t:|1700363971\n|switch|p2a: Maushold|Maushold-Four, L50|100\/100|[from] Volt Switch\n|move|p1a: Palafin|Close Combat|p2b: Goodra\n|-supereffective|p2b: Goodra\n|-damage|p2b: Goodra|0 fnt\n|-unboost|p1a: Palafin|def|1\n|-unboost|p1a: Palafin|spd|1\n|faint|p2b: Goodra\n|\n|-weather|RainDance|[upkeep]\n|upkeep\n|\n|t:|1700363978\n|switch|p2b: Rotom|Rotom-Wash, L50|100\/100\n|turn|7\n|\n|t:|1700363997\n|move|p1a: Palafin|Protect|p1a: Palafin\n|-singleturn|p1a: Palafin|Protect\n|move|p2b: Rotom|Volt Switch|p1a: Palafin\n|-activate|p1a: Palafin|move: Protect\n|move|p2a: Maushold|Tidy Up|p2a: Maushold\n|-boost|p2a: Maushold|atk|1\n|-boost|p2a: Maushold|spe|1\n|move|p1b: Pelipper|Hurricane|p2b: Rotom\n|-resisted|p2b: Rotom\n|-crit|p2b: Rotom\n|-damage|p2b: Rotom|60\/100\n|-start|p2b: Rotom|confusion\n|\n|-weather|RainDance|[upkeep]\n|upkeep\n|turn|8\n|\n|t:|1700364026\n|move|p2a: Maushold|Population Bomb|p1b: Pelipper\n|-damage|p1b: Pelipper|57\/100\n|-damage|p1b: Pelipper|39\/100\n|-damage|p1b: Pelipper|22\/100\n|-hitcount|p1b: Pelipper|3\n|-activate|p2b: Rotom|confusion\n|move|p2b: Rotom|Volt Switch|p1a: Palafin\n|-supereffective|p1a: Palafin\n|-damage|p1a: Palafin|0 fnt\n|faint|p1a: Palafin\n|move|p1b: Pelipper|Hurricane|p2b: Rotom\n|-resisted|p2b: Rotom\n|-damage|p2b: Rotom|41\/100\n|\n|-weather|none\n|-sideend|p2: gilga95|Reflect\n|upkeep\n|\n|t:|1700364034\n|switch|p1a: Basculegion|Basculegion, L50, M|100\/100\n|turn|9\n|\n|t:|1700364050\n|-terastallize|p2b: Rotom|Electric\n|move|p1b: Pelipper|Helping Hand|p1a: Basculegion\n|-singleturn|p1a: Basculegion|Helping Hand|[of] p1b: Pelipper\n|move|p1a: Basculegion|Aqua Jet|p2b: Rotom\n|-damage|p2b: Rotom|0 fnt\n|faint|p2b: Rotom\n|-damage|p1a: Basculegion|91\/100|[from] item: Life Orb\n|move|p2a: Maushold|Population Bomb|p1b: Pelipper\n|-damage|p1b: Pelipper|4\/100\n|-damage|p1b: Pelipper|0 fnt\n|faint|p1b: Pelipper\n|-hitcount|p1: Pelipper|2\n|\n|-sideend|p2: gilga95|move: Light Screen\n|upkeep\n|turn|10\n|\n|t:|1700364081\n|move|p1a: Basculegion|Aqua Jet|p2a: Maushold\n|-damage|p2a: Maushold|60\/100\n|-damage|p1a: Basculegion|81\/100|[from] item: Life Orb\n|move|p2a: Maushold|Bite|p1a: Basculegion\n|-supereffective|p1a: Basculegion\n|-damage|p1a: Basculegion|4\/100\n|\n|upkeep\n|turn|11\n|\n|t:|1700364100\n|move|p2a: Maushold|Bite|p1a: Basculegion\n|-supereffective|p1a: Basculegion\n|-damage|p1a: Basculegion|0 fnt\n|faint|p1a: Basculegion\n|\n|win|gilga95\n|c|\u2606PacInBlac|gg\n|l|\u2606PacInBlac\n|c|\u2606gilga95|Ggs\n|l| fernata\n|j|\u2606PacInBlac\n|player|p1|PacInBlac|volkner\n","uploadtime":1700364651,"views":10,"p1id":"pacinblac","p2id":"gilga95","formatid":"gen9vgc2023regulatione","rating":0,"private":0,"password":""}