{"id":"gen9vgc2023regulatione-1995277439","p1":"Venefici","p2":"Brxzzo","format":"[Gen 9] VGC 2023 Regulation E","log":"|j|\u2606Venefici\n|j|\u2606Brxzzo\n|t:|1700545557\n|gametype|doubles\n|player|p1|Venefici|hugh|1076\n|player|p2|Brxzzo|170|1000\n|teamsize|p1|6\n|teamsize|p2|6\n|gen|9\n|tier|[Gen 9] VGC 2023 Regulation E\n|rated|\n|rule|Species Clause: Limit one of each Pok\u00e9mon\n|rule|Item Clause: Limit one of each item\n|clearpoke\n|poke|p1|Volcarona, L50, M|\n|poke|p1|Sinistcha, L50|\n|poke|p1|Snorlax, L50, F|\n|poke|p1|Milotic, L50, M|\n|poke|p1|Indeedee-F, L50, F|\n|poke|p1|Iron Hands, L50|\n|poke|p2|Cresselia, L50, F|\n|poke|p2|Iron Hands, L50|\n|poke|p2|Ursaluna-Bloodmoon, L50, M|\n|poke|p2|Ogerpon-Hearthflame, L50, F|\n|poke|p2|Chien-Pao, L50|\n|poke|p2|Landorus-Therian, L50, M|\n|teampreview|4\n|inactive|Battle timer is ON: inactive players will automatically lose when time's up. (requested by Venefici)\n|inactive|Venefici has 60 seconds left.\n|inactive|Brxzzo has 60 seconds left.\n|\n|t:|1700545605\n|start\n|switch|p1a: Snorlax|Snorlax, L50, F|100\/100\n|switch|p1b: Indeedee|Indeedee-F, L50, F|100\/100\n|switch|p2a: Iron Hands|Iron Hands, L50, shiny|100\/100\n|switch|p2b: Cresselia|Cresselia, L50, F|100\/100\n|-fieldstart|move: Psychic Terrain|[from] ability: Psychic Surge|[of] p1b: Indeedee\n|turn|1\n|\n|t:|1700545626\n|move|p2a: Iron Hands|Drain Punch|p1b: Indeedee\n|-damage|p1b: Indeedee|58\/100\n|-damage|p2a: Iron Hands|84\/100|[from] item: Rocky Helmet|[of] p1b: Indeedee\n|move|p1a: Snorlax|Belly Drum|p1a: Snorlax\n|-damage|p1a: Snorlax|50\/100\n|-setboost|p1a: Snorlax|atk|6|[from] move: Belly Drum\n|-enditem|p1a: Snorlax|Sitrus Berry|[eat]\n|-heal|p1a: Snorlax|75\/100|[from] item: Sitrus Berry\n|move|p1b: Indeedee|Trick Room|p1b: Indeedee\n|-fieldstart|move: Trick Room|[of] p1b: Indeedee\n|move|p2b: Cresselia|Trick Room|p2b: Cresselia\n|-fieldend|move: Trick Room\n|\n|upkeep\n|turn|2\n|inactive|Brxzzo has 30 seconds left.\n|\n|t:|1700545653\n|switch|p2b: Ogerpon|Ogerpon-Hearthflame, L50, F|100\/100\n|-ability|p2b: Ogerpon|Mold Breaker\n|switch|p1b: Sinistcha|Sinistcha, L50|100\/100\n|-heal|p1a: Snorlax|99\/100|[from] ability: Hospitality|[of] p1b: Sinistcha\n|move|p2a: Iron Hands|Drain Punch|p1a: Snorlax\n|-supereffective|p1a: Snorlax\n|-damage|p1a: Snorlax|32\/100\n|-heal|p2a: Iron Hands|100\/100|[from] drain|[of] p1a: Snorlax\n|move|p1a: Snorlax|Body Slam|p2b: Ogerpon\n|-damage|p2b: Ogerpon|0 fnt\n|faint|p2b: Ogerpon\n|\n|upkeep\n|\n|t:|1700545670\n|switch|p2b: Cresselia|Cresselia, L50, F|100\/100\n|turn|3\n|inactive|Venefici has 30 seconds left.\n|\n|t:|1700545703\n|-terastallize|p1a: Snorlax|Grass\n|move|p2a: Iron Hands|Fake Out||[still]\n|-hint|Fake Out only works on your first turn out.\n|-fail|p2a: Iron Hands\n|move|p1b: Sinistcha|Rage Powder|p1b: Sinistcha\n|-singleturn|p1b: Sinistcha|move: Rage Powder\n|move|p2b: Cresselia|Moonblast|p1b: Sinistcha\n|-crit|p1b: Sinistcha\n|-damage|p1b: Sinistcha|77\/100\n|move|p1a: Snorlax|Body Slam|p2a: Iron Hands\n|-damage|p2a: Iron Hands|0 fnt\n|faint|p2a: Iron Hands\n|-end|p2a: Iron Hands|Quark Drive|[silent]\n|\n|upkeep\n|\n|t:|1700545715\n|switch|p2a: Ursaluna|Ursaluna-Bloodmoon, L50, M|100\/100\n|turn|4\n|\n|t:|1700545740\n|-terastallize|p2a: Ursaluna|Ghost\n|move|p1b: Sinistcha|Rage Powder|p1b: Sinistcha\n|-singleturn|p1b: Sinistcha|move: Rage Powder\n|move|p2b: Cresselia|Lunar Blessing||[still]|[spread] \n|-fail|p2b: Cresselia\n|move|p2a: Ursaluna|Blood Moon|p1b: Sinistcha\n|-damage|p1b: Sinistcha|3\/100\n|-enditem|p1b: Sinistcha|Wiki Berry|[eat]\n|-heal|p1b: Sinistcha|36\/100|[from] item: Wiki Berry\n|move|p1a: Snorlax|Ice Punch|p2a: Ursaluna\n|-damage|p2a: Ursaluna|26\/100\n|\n|upkeep\n|turn|5\n|inactive|Brxzzo has 30 seconds left.\n|\n|t:|1700545770\n|move|p2b: Cresselia|Ally Switch|p2b: Cresselia\n|swap|p2b: Cresselia|0|[from] move: Ally Switch\n|move|p1b: Sinistcha|Rage Powder|p1b: Sinistcha\n|-singleturn|p1b: Sinistcha|move: Rage Powder\n|move|p2b: Ursaluna|Earth Power|p1b: Sinistcha\n|-resisted|p1b: Sinistcha\n|-damage|p1b: Sinistcha|9\/100\n|move|p1a: Snorlax|Ice Punch|p2a: Cresselia\n|-damage|p2a: Cresselia|45\/100\n|\n|-fieldend|move: Psychic Terrain\n|upkeep\n|turn|6\n|inactive|Venefici has 30 seconds left.\n|inactive|Brxzzo has 30 seconds left.\n|\n|t:|1700545799\n|move|p2a: Cresselia|Ally Switch|p2a: Cresselia\n|swap|p2a: Cresselia|1|[from] move: Ally Switch\n|move|p1b: Sinistcha|Rage Powder|p1b: Sinistcha\n|-singleturn|p1b: Sinistcha|move: Rage Powder\n|move|p2a: Ursaluna|Blood Moon|p1b: Sinistcha\n|-damage|p1b: Sinistcha|0 fnt\n|faint|p1b: Sinistcha\n|move|p1a: Snorlax|Ice Punch|p2b: Cresselia\n|-damage|p2b: Cresselia|0 fnt\n|faint|p2b: Cresselia\n|\n|upkeep\n|\n|t:|1700545814\n|switch|p1b: Indeedee|Indeedee-F, L50, F|58\/100\n|-fieldstart|move: Psychic Terrain|[from] ability: Psychic Surge|[of] p1b: Indeedee\n|turn|7\n|\n|t:|1700545836\n|move|p1a: Snorlax|Protect|p1a: Snorlax\n|-singleturn|p1a: Snorlax|Protect\n|move|p1b: Indeedee|Dazzling Gleam|p2a: Ursaluna\n|-damage|p2a: Ursaluna|5\/100\n|move|p2a: Ursaluna|Hyper Voice|p1b: Indeedee|[spread] p1b\n|-activate|p1a: Snorlax|move: Protect\n|-damage|p1b: Indeedee|22\/100\n|-enditem|p2a: Ursaluna|Throat Spray\n|-boost|p2a: Ursaluna|spa|1|[from] item: Throat Spray\n|\n|upkeep\n|turn|8\n|\n|t:|1700545853\n|switch|p1a: Milotic|Milotic, L50, M|100\/100\n|move|p1b: Indeedee|Dazzling Gleam|p2a: Ursaluna\n|-damage|p2a: Ursaluna|0 fnt\n|faint|p2a: Ursaluna\n|\n|win|Venefici\n|raw|Venefici's rating: 1076 &rarr; <strong>1098<\/strong><br \/>(+22 for winning)\n|raw|Brxzzo's rating: 1000 &rarr; <strong>1000<\/strong><br \/>(+0 for losing)\n|l|\u2606Brxzzo\n","uploadtime":1700545867,"views":9,"p1id":"venefici","p2id":"brxzzo","formatid":"gen9vgc2023regulatione","rating":1000,"private":0,"password":""}