{"id":"gen9vgc2023regulatione-1995995052","p1":"Cassatol","p2":"1shing1","format":"[Gen 9] VGC 2023 Regulation E","log":"|j|\u2606Cassatol\n|j|\u26061shing1\n|t:|1700626771\n|gametype|doubles\n|player|p1|Cassatol|2|1193\n|player|p2|1shing1|102|1235\n|teamsize|p1|6\n|teamsize|p2|6\n|gen|9\n|tier|[Gen 9] VGC 2023 Regulation E\n|rated|\n|rule|Species Clause: Limit one of each Pok\u00e9mon\n|rule|Item Clause: Limit one of each item\n|clearpoke\n|poke|p1|Arcanine-Hisui, L50, F|\n|poke|p1|Gholdengo, L50|\n|poke|p1|Tornadus, L50, M|\n|poke|p1|Amoonguss, L50, F|\n|poke|p1|Urshifu-*, L50, M|\n|poke|p1|Iron Bundle, L50|\n|poke|p2|Ninetales-Alola, L50, F|\n|poke|p2|Indeedee-F, L50, F|\n|poke|p2|Roaring Moon, L50|\n|poke|p2|Milotic, L50, F|\n|poke|p2|Brambleghast, L50, M|\n|poke|p2|Articuno, L50|\n|teampreview|4\n|inactive|Battle timer is ON: inactive players will automatically lose when time's up. (requested by Cassatol)\nCassatol has agreed to open team sheets.\n|inactive|Cassatol has 60 seconds left.\n|\n|t:|1700626829\n|start\n|switch|p1a: Urshifu|Urshifu, L50, M|100\/100\n|switch|p1b: Iron Bundle|Iron Bundle, L50|100\/100\n|switch|p2a: Ninetales|Ninetales-Alola, L50, F|100\/100\n|switch|p2b: Milotic|Milotic, L50, F|100\/100\n|-weather|Snow|[from] ability: Snow Warning|[of] p2a: Ninetales\n|-enditem|p1b: Iron Bundle|Booster Energy\n|-activate|p1b: Iron Bundle|ability: Quark Drive|[fromitem]\n|-start|p1b: Iron Bundle|quarkdrivespe\n|turn|1\n|inactive|1shing1 has 30 seconds left.\n|inactive|1shing1 has 20 seconds left.\n|\n|t:|1700626868\n|-terastallize|p1a: Urshifu|Poison\n|move|p1b: Iron Bundle|Freeze-Dry|p2b: Milotic\n|-supereffective|p2b: Milotic\n|-damage|p2b: Milotic|43\/100\n|-enditem|p2b: Milotic|Sitrus Berry|[eat]\n|-heal|p2b: Milotic|68\/100|[from] item: Sitrus Berry\n|move|p2a: Ninetales|Moonblast|p1a: Urshifu\n|-resisted|p1a: Urshifu\n|-damage|p1a: Urshifu|82\/100\n|move|p1a: Urshifu|Poison Jab|p2a: Ninetales\n|-supereffective|p2a: Ninetales\n|-damage|p2a: Ninetales|0 fnt\n|faint|p2a: Ninetales\n|move|p2b: Milotic|Coil|p2b: Milotic\n|-boost|p2b: Milotic|atk|1\n|-boost|p2b: Milotic|def|1\n|-boost|p2b: Milotic|accuracy|1\n|\n|-weather|Snow|[upkeep]\n|upkeep\n|\n|t:|1700626886\n|switch|p2a: Brambleghast|Brambleghast, L50, M|100\/100\n|turn|2\n|\n|t:|1700626893\n|move|p1b: Iron Bundle|Freeze-Dry|p2b: Milotic\n|-supereffective|p2b: Milotic\n|-damage|p2b: Milotic|11\/100\n|move|p2a: Brambleghast|Power Whip|p1b: Iron Bundle\n|-supereffective|p1b: Iron Bundle\n|-damage|p1b: Iron Bundle|0 fnt\n|faint|p1b: Iron Bundle\n|-end|p1b: Iron Bundle|Quark Drive|[silent]\n|move|p1a: Urshifu|Poison Jab|p2a: Brambleghast\n|-enditem|p2a: Brambleghast|Focus Sash\n|-damage|p2a: Brambleghast|1\/100\n|move|p2b: Milotic|Hydro Pump|p1a: Urshifu\n|-damage|p1a: Urshifu|28\/100\n|\n|-weather|Snow|[upkeep]\n|upkeep\n|\n|t:|1700626904\n|switch|p1b: Arcanine|Arcanine-Hisui, L50, F|100\/100\n|-ability|p1b: Arcanine|Intimidate|boost\n|-unboost|p2a: Brambleghast|atk|1\n|-unboost|p2b: Milotic|atk|1\n|-ability|p2b: Milotic|Competitive|boost\n|-boost|p2b: Milotic|spa|2\n|turn|3\n|\n|t:|1700626928\n|switch|p1a: Gholdengo|Gholdengo, L50|100\/100\n|move|p2a: Brambleghast|Shadow Sneak|p1a: Gholdengo\n|-supereffective|p1a: Gholdengo\n|-damage|p1a: Gholdengo|74\/100\n|move|p1b: Arcanine|Rock Slide|p2a: Brambleghast|[spread] p2a,p2b\n|-damage|p2a: Brambleghast|0 fnt\n|-damage|p2b: Milotic|0 fnt\n|faint|p2a: Brambleghast\n|faint|p2b: Milotic\n|\n|-weather|Snow|[upkeep]\n|upkeep\n|\n|t:|1700626939\n|switch|p2b: Roaring Moon|Roaring Moon, L50|100\/100\n|-enditem|p2b: Roaring Moon|Booster Energy\n|-activate|p2b: Roaring Moon|ability: Protosynthesis|[fromitem]\n|-start|p2b: Roaring Moon|protosynthesisatk\n|turn|4\n|\n|t:|1700626944\n|move|p2b: Roaring Moon|Earthquake|p1a: Gholdengo|[spread] p1a,p1b\n|-supereffective|p1a: Gholdengo\n|-supereffective|p1b: Arcanine\n|-damage|p1a: Gholdengo|5\/100\n|-damage|p1b: Arcanine|0 fnt\n|faint|p1b: Arcanine\n|move|p1a: Gholdengo|Make It Rain|p2b: Roaring Moon\n|-damage|p2b: Roaring Moon|27\/100\n|-unboost|p1a: Gholdengo|spa|1\n|-damage|p1a: Gholdengo|0 fnt|[from] item: Life Orb\n|faint|p1a: Gholdengo\n|\n|-weather|Snow|[upkeep]\n|upkeep\n|\n|t:|1700626948\n|switch|p1b: Urshifu|Urshifu, L50, M, tera:Poison|28\/100\n|turn|5\n|\n|t:|1700626959\n|move|p1b: Urshifu|Sucker Punch|p2b: Roaring Moon\n|-resisted|p2b: Roaring Moon\n|-damage|p2b: Roaring Moon|0 fnt\n|faint|p2b: Roaring Moon\n|-end|p2b: Roaring Moon|Protosynthesis|[silent]\n|\n|win|Cassatol\n|raw|Cassatol's rating: 1193 &rarr; <strong>1221<\/strong><br \/>(+28 for winning)\n|raw|1shing1's rating: 1235 &rarr; <strong>1207<\/strong><br \/>(-28 for losing)\n|l|\u26061shing1\n","uploadtime":1700626970,"views":12,"p1id":"cassatol","p2id":"1shing1","formatid":"gen9vgc2023regulatione","rating":1207,"private":0,"password":""}