{"id":"gen9vgc2023regulatione-1998389265","p1":"Felip_Obi","p2":"newusernovice","format":"[Gen 9] VGC 2023 Regulation E","log":"|j|\u2606Felip_Obi\n|j|\u2606newusernovice\n|t:|1700936836\n|gametype|doubles\n|player|p1|Felip_Obi|hilbert|1336\n|player|p2|newusernovice|brawly|1443\n|teamsize|p1|6\n|teamsize|p2|6\n|gen|9\n|tier|[Gen 9] VGC 2023 Regulation E\n|rated|\n|rule|Species Clause: Limit one of each Pok\u00e9mon\n|rule|Item Clause: Limit one of each item\n|clearpoke\n|poke|p1|Clefable, L50, F|\n|poke|p1|Murkrow, L50, M|\n|poke|p1|Quaquaval, L50, M|\n|poke|p1|Gholdengo, L50|\n|poke|p1|Regidrago, L50|\n|poke|p1|Arcanine-Hisui, L50, F|\n|poke|p2|Regieleki, L50|\n|poke|p2|Indeedee-F, L50, F|\n|poke|p2|Flutter Mane, L50|\n|poke|p2|Chi-Yu, L50|\n|poke|p2|Tornadus, L50, M|\n|poke|p2|Ogerpon-Wellspring, L50, F|\n|teampreview|4\n|inactive|Battle timer is ON: inactive players will automatically lose when time's up. (requested by newusernovice)\n|inactive|Felip_Obi has 60 seconds left.\n|inactive|newusernovice has 60 seconds left.\n|\n|t:|1700936869\n|start\n|switch|p1a: Arcanine|Arcanine-Hisui, L50, F|100\/100\n|switch|p1b: Clefable|Clefable, L50, F|100\/100\n|switch|p2a: Tornadus|Tornadus, L50, M, shiny|100\/100\n|switch|p2b: Flutter Mane|Flutter Mane, L50|100\/100\n|-ability|p1a: Arcanine|Intimidate|boost\n|-unboost|p2a: Tornadus|atk|1\n|-unboost|p2b: Flutter Mane|atk|1\n|turn|1\n|inactive|Felip_Obi has 30 seconds left.\n|\n|t:|1700936894\n|move|p1b: Clefable|Follow Me|p1b: Clefable\n|-singleturn|p1b: Clefable|move: Follow Me\n|move|p2a: Tornadus|Sunny Day|p2a: Tornadus\n|-weather|SunnyDay\n|-activate|p2b: Flutter Mane|ability: Protosynthesis\n|-start|p2b: Flutter Mane|protosynthesisspa\n|move|p2b: Flutter Mane|Shadow Ball|p1b: Clefable\n|-damage|p1b: Clefable|46\/100\n|move|p1a: Arcanine|Rock Slide|p2a: Tornadus|[spread] p2a,p2b\n|-supereffective|p2a: Tornadus\n|-damage|p2a: Tornadus|0 fnt\n|-enditem|p2b: Flutter Mane|Focus Sash\n|-damage|p2b: Flutter Mane|1\/100\n|faint|p2a: Tornadus\n|\n|-weather|SunnyDay|[upkeep]\n|upkeep\n|inactive|newusernovice has 30 seconds left.\n|\n|t:|1700936920\n|switch|p2a: Ogerpon|Ogerpon-Wellspring, L50, F|100\/100\n|turn|2\n|\n|t:|1700936942\n|-terastallize|p1a: Arcanine|Water\n|move|p1b: Clefable|Follow Me|p1b: Clefable\n|-singleturn|p1b: Clefable|move: Follow Me\n|move|p2b: Flutter Mane|Shadow Ball|p1b: Clefable\n|-damage|p1b: Clefable|0 fnt\n|faint|p1b: Clefable\n|move|p1a: Arcanine|Rock Slide|p2a: Ogerpon|[spread] p2a,p2b\n|-damage|p2a: Ogerpon|57\/100\n|-damage|p2b: Flutter Mane|0 fnt\n|faint|p2b: Flutter Mane\n|-end|p2b: Flutter Mane|Protosynthesis|[silent]\n|cant|p2a: Ogerpon|flinch\n|\n|-weather|SunnyDay|[upkeep]\n|upkeep\n|\n|t:|1700936959\n|switch|p2b: Regieleki|Regieleki, L50, shiny|100\/100\n|switch|p1b: Regidrago|Regidrago, L50|100\/100\n|turn|3\n|\n|t:|1700936980\n|switch|p1a: Gholdengo|Gholdengo, L50|100\/100\n|-terastallize|p2b: Regieleki|Ice\n|move|p2b: Regieleki|Tera Blast|p1b: Regidrago|[anim] Tera Blast Ice\n|-supereffective|p1b: Regidrago\n|-damage|p1b: Regidrago|26\/100\n|move|p2a: Ogerpon|Horn Leech|p1a: Gholdengo\n|-resisted|p1a: Gholdengo\n|-damage|p1a: Gholdengo|78\/100\n|-heal|p2a: Ogerpon|68\/100|[from] drain|[of] p1a: Gholdengo\n|move|p1b: Regidrago|Earth Power|p2b: Regieleki\n|-damage|p2b: Regieleki|17\/100\n|\n|-weather|SunnyDay|[upkeep]\n|-heal|p1a: Gholdengo|84\/100|[from] item: Leftovers\n|upkeep\n|turn|4\n|inactive|newusernovice has 30 seconds left.\n|\n|t:|1700937009\n|move|p2b: Regieleki|Thunderbolt|p1a: Gholdengo\n|-damage|p1a: Gholdengo|14\/100\n|move|p2a: Ogerpon|Horn Leech|p1a: Gholdengo\n|-resisted|p1a: Gholdengo\n|-damage|p1a: Gholdengo|0 fnt\n|-heal|p2a: Ogerpon|75\/100|[from] drain|[of] p1a: Gholdengo\n|faint|p1a: Gholdengo\n|move|p1b: Regidrago|Earth Power|p2b: Regieleki\n|-damage|p2b: Regieleki|0 fnt\n|faint|p2b: Regieleki\n|\n|-weather|SunnyDay|[upkeep]\n|upkeep\n|\n|t:|1700937022\n|switch|p1a: Arcanine|Arcanine-Hisui, L50, F, tera:Water|100\/100\n|-ability|p1a: Arcanine|Intimidate|boost\n|-unboost|p2a: Ogerpon|atk|1\n|turn|5\n|\n|t:|1700937039\n|move|p2a: Ogerpon|Spiky Shield|p2a: Ogerpon\n|-singleturn|p2a: Ogerpon|move: Protect\n|move|p1a: Arcanine|Extreme Speed|p2a: Ogerpon\n|-activate|p2a: Ogerpon|move: Protect\n|-damage|p1a: Arcanine|88\/100|[from] Spiky Shield|[of] p2a: Ogerpon\n|move|p1b: Regidrago|Earth Power|p2a: Ogerpon\n|-activate|p2a: Ogerpon|move: Protect\n|\n|-weather|none\n|upkeep\n|turn|6\n|\n|t:|1700937053\n|move|p1a: Arcanine|Extreme Speed|p2a: Ogerpon\n|-damage|p2a: Ogerpon|36\/100\n|move|p2a: Ogerpon|Horn Leech|p1a: Arcanine\n|-supereffective|p1a: Arcanine\n|-damage|p1a: Arcanine|11\/100\n|-heal|p2a: Ogerpon|73\/100|[from] drain|[of] p1a: Arcanine\n|move|p1b: Regidrago|Earth Power|p2a: Ogerpon\n|-resisted|p2a: Ogerpon\n|-damage|p2a: Ogerpon|52\/100\n|\n|upkeep\n|turn|7\n|\n|t:|1700937070\n|move|p2a: Ogerpon|Spiky Shield|p2a: Ogerpon\n|-singleturn|p2a: Ogerpon|move: Protect\n|move|p1a: Arcanine|Extreme Speed|p2a: Ogerpon\n|-activate|p2a: Ogerpon|move: Protect\n|-damage|p1a: Arcanine|0 fnt|[from] Spiky Shield|[of] p2a: Ogerpon\n|faint|p1a: Arcanine\n|move|p1b: Regidrago|Earth Power|p2a: Ogerpon\n|-activate|p2a: Ogerpon|move: Protect\n|\n|upkeep\n|turn|8\n|-message|Felip_Obi forfeited.\n|\n|win|newusernovice\n|raw|Felip_Obi's rating: 1336 &rarr; <strong>1322<\/strong><br \/>(-14 for losing)\n|raw|newusernovice's rating: 1443 &rarr; <strong>1457<\/strong><br \/>(+14 for winning)\n|l|\u2606Felip_Obi\n","uploadtime":1700937094,"views":1,"p1id":"felipobi","p2id":"newusernovice","formatid":"gen9vgc2023regulatione","rating":1322,"private":0,"password":""}