{"id":"gen9vgc2023regulatione-1989108121","p1":"Axel316","p2":"uxie808","format":"[Gen 9] VGC 2023 Regulation E","log":"|j|\u2606Axel316\n|j|\u2606uxie808\n|t:|1699813065\n|gametype|doubles\n|player|p1|Axel316|2|1432\n|player|p2|uxie808|backersf|1452\n|teamsize|p1|6\n|teamsize|p2|6\n|gen|9\n|tier|[Gen 9] VGC 2023 Regulation E\n|rated|\n|rule|Species Clause: Limit one of each Pok\u00e9mon\n|rule|Item Clause: Limit one of each item\n|clearpoke\n|poke|p1|Spiritomb, L50, M|\n|poke|p1|Ursaluna-Bloodmoon, L50, M|\n|poke|p1|Torkoal, L50, F|\n|poke|p1|Rillaboom, L50, M|\n|poke|p1|Iron Hands, L50|\n|poke|p1|Ogerpon-Hearthflame, L50, F|\n|poke|p2|Charjabug, L50, M|\n|poke|p2|Chi-Yu, L50|\n|poke|p2|Tornadus, L50, M|\n|poke|p2|Flutter Mane, L50|\n|poke|p2|Urshifu-*, L50, F|\n|poke|p2|Amoonguss, L50, M|\n|teampreview|4\nuxie808 has agreed to open team sheets.\nAxel316 has agreed to open team sheets.\n|\n|t:|1699813157\n|start\n|switch|p1a: Spiritomb|Spiritomb, L50, M|100\/100\n|switch|p1b: Iron Hands|Iron Hands, L50, shiny|100\/100\n|switch|p2a: Flutter Mane|Flutter Mane, L50|100\/100\n|switch|p2b: Chi-Yu|Chi-Yu, L50|100\/100\n|-ability|p2b: Chi-Yu|Beads of Ruin\n|-enditem|p2a: Flutter Mane|Booster Energy\n|-activate|p2a: Flutter Mane|ability: Protosynthesis|[fromitem]\n|-start|p2a: Flutter Mane|protosynthesisspe\n|turn|1\n|inactive|Battle timer is ON: inactive players will automatically lose when time's up. (requested by Axel316)\n|inactive|Axel316 has 60 seconds left.\n|\n|t:|1699813193\n|-terastallize|p2a: Flutter Mane|Fairy\n|-terastallize|p1b: Iron Hands|Water\n|move|p2a: Flutter Mane|Moonblast|p1a: Spiritomb\n|-supereffective|p1a: Spiritomb\n|-enditem|p1a: Spiritomb|Roseli Berry|[eat]\n|-enditem|p1a: Spiritomb|Roseli Berry|[weaken]\n|-damage|p1a: Spiritomb|18\/100\n|move|p2b: Chi-Yu|Heat Wave|p1b: Iron Hands|[spread] p1a,p1b\n|-resisted|p1b: Iron Hands\n|-damage|p1a: Spiritomb|0 fnt\n|-damage|p1b: Iron Hands|80\/100\n|faint|p1a: Spiritomb\n|move|p1b: Iron Hands|Wild Charge|p2a: Flutter Mane\n|-damage|p2a: Flutter Mane|0 fnt\n|faint|p2a: Flutter Mane\n|-end|p2a: Flutter Mane|Protosynthesis|[silent]\n|-damage|p1b: Iron Hands|67\/100|[from] Recoil\n|\n|upkeep\n|\n|t:|1699813212\n|switch|p2a: Amoonguss|Amoonguss, L50, M|100\/100\n|switch|p1a: Rillaboom|Rillaboom, L50, M|100\/100\n|-fieldstart|move: Grassy Terrain|[from] ability: Grassy Surge|[of] p1a: Rillaboom\n|turn|2\n|\n|t:|1699813231\n|switch|p2b: Urshifu|Urshifu-Rapid-Strike, L50, F|100\/100\n|move|p1a: Rillaboom|Fake Out|p2a: Amoonguss\n|-damage|p2a: Amoonguss|85\/100\n|move|p1b: Iron Hands|Drain Punch|p2b: Urshifu\n|-damage|p2b: Urshifu|59\/100\n|-heal|p1b: Iron Hands|82\/100|[from] drain|[of] p2b: Urshifu\n|cant|p2a: Amoonguss|flinch\n|\n|-heal|p2b: Urshifu|64\/100|[from] Grassy Terrain\n|-heal|p1b: Iron Hands|88\/100|[from] Grassy Terrain\n|-heal|p2a: Amoonguss|91\/100|[from] Grassy Terrain\n|upkeep\n|turn|3\n|\n|t:|1699813255\n|move|p2b: Urshifu|Protect|p2b: Urshifu\n|-singleturn|p2b: Urshifu|Protect\n|move|p1a: Rillaboom|Grassy Glide|p2b: Urshifu\n|-activate|p2b: Urshifu|move: Protect\n|move|p1b: Iron Hands|Ice Punch|p2a: Amoonguss\n|-supereffective|p2a: Amoonguss\n|-damage|p2a: Amoonguss|27\/100\n|-enditem|p2a: Amoonguss|Sitrus Berry|[eat]\n|-heal|p2a: Amoonguss|52\/100|[from] item: Sitrus Berry\n|move|p2a: Amoonguss|Spore|p1b: Iron Hands\n|-status|p1b: Iron Hands|slp|[from] move: Spore\n|\n|-heal|p2b: Urshifu|70\/100|[from] Grassy Terrain\n|-heal|p1b: Iron Hands|94\/100 slp|[from] Grassy Terrain\n|-heal|p2a: Amoonguss|58\/100|[from] Grassy Terrain\n|upkeep\n|turn|4\n|\n|t:|1699813277\n|switch|p2a: Chi-Yu|Chi-Yu, L50|100\/100\n|-ability|p2a: Chi-Yu|Beads of Ruin\n|move|p2b: Urshifu|Close Combat|p1b: Iron Hands\n|-damage|p1b: Iron Hands|53\/100 slp\n|-unboost|p2b: Urshifu|def|1\n|-unboost|p2b: Urshifu|spd|1\n|move|p1a: Rillaboom|High Horsepower|p2b: Urshifu|[miss]\n|-miss|p1a: Rillaboom|p2b: Urshifu\n|cant|p1b: Iron Hands|slp\n|\n|-heal|p2b: Urshifu|76\/100|[from] Grassy Terrain\n|-heal|p1b: Iron Hands|59\/100 slp|[from] Grassy Terrain\n|upkeep\n|turn|5\n|inactive|Axel316 has 30 seconds left.\n|inactive|uxie808 has 30 seconds left.\n|inactive|uxie808 has 20 seconds left.\n|inactive|uxie808 has 15 seconds left.\n|\n|t:|1699813321\n|switch|p2b: Amoonguss|Amoonguss, L50, M|91\/100\n|switch|p1a: Ogerpon|Ogerpon-Hearthflame, L50, F|100\/100\n|-ability|p1a: Ogerpon|Mold Breaker\n|move|p2a: Chi-Yu|Heat Wave|p1b: Iron Hands|[spread] p1a,p1b\n|-resisted|p1b: Iron Hands\n|-damage|p1a: Ogerpon|30\/100\n|-damage|p1b: Iron Hands|41\/100 slp\n|cant|p1b: Iron Hands|slp\n|\n|-heal|p1a: Ogerpon|36\/100|[from] Grassy Terrain\n|-heal|p1b: Iron Hands|47\/100 slp|[from] Grassy Terrain\n|-heal|p2b: Amoonguss|96\/100|[from] Grassy Terrain\n|upkeep\n|turn|6\n|\n|t:|1699813344\n|move|p1a: Ogerpon|Spiky Shield|p1a: Ogerpon\n|-singleturn|p1a: Ogerpon|move: Protect\n|move|p2b: Amoonguss|Rage Powder|p2b: Amoonguss\n|-singleturn|p2b: Amoonguss|move: Rage Powder\n|move|p2a: Chi-Yu|Heat Wave|p1a: Ogerpon|[spread] p1b\n|-activate|p1a: Ogerpon|move: Protect\n|-resisted|p1b: Iron Hands\n|-damage|p1b: Iron Hands|28\/100 slp\n|cant|p1b: Iron Hands|slp\n|\n|-heal|p1a: Ogerpon|42\/100|[from] Grassy Terrain\n|-heal|p1b: Iron Hands|35\/100 slp|[from] Grassy Terrain\n|-heal|p2b: Amoonguss|100\/100|[from] Grassy Terrain\n|-fieldend|move: Grassy Terrain\n|upkeep\n|turn|7\n|inactive|uxie808 has 30 seconds left.\n|\n|t:|1699813370\n|switch|p2a: Urshifu|Urshifu-Rapid-Strike, L50, F|76\/100\n|move|p1a: Ogerpon|Ivy Cudgel|p2b: Amoonguss\n|-supereffective|p2b: Amoonguss\n|-damage|p2b: Amoonguss|0 fnt\n|faint|p2b: Amoonguss\n|-curestatus|p1b: Iron Hands|slp|[msg]\n|move|p1b: Iron Hands|Ice Punch|p2a: Urshifu\n|-resisted|p2a: Urshifu\n|-damage|p2a: Urshifu|62\/100\n|\n|upkeep\n|\n|t:|1699813379\n|switch|p2b: Chi-Yu|Chi-Yu, L50|100\/100\n|-ability|p2b: Chi-Yu|Beads of Ruin\n|turn|8\n|inactive|Axel316 has 30 seconds left.\n|inactive|Axel316 has 20 seconds left.\n|inactive|Axel316 has 15 seconds left.\n|\n|t:|1699813423\n|-end|p1b: Iron Hands|Quark Drive|[silent]\n|switch|p1b: Rillaboom|Rillaboom, L50, M|100\/100\n|-fieldstart|move: Grassy Terrain|[from] ability: Grassy Surge|[of] p1b: Rillaboom\n|move|p1a: Ogerpon|Grassy Glide|p2a: Urshifu\n|-supereffective|p2a: Urshifu\n|-damage|p2a: Urshifu|0 fnt\n|faint|p2a: Urshifu\n|move|p2b: Chi-Yu|Heat Wave|p1a: Ogerpon|[spread] p1a,p1b\n|-supereffective|p1b: Rillaboom\n|-damage|p1a: Ogerpon|0 fnt\n|-damage|p1b: Rillaboom|0 fnt\n|faint|p1a: Ogerpon\n|faint|p1b: Rillaboom\n|\n|upkeep\n|\n|t:|1699813437\n|switch|p1a: Iron Hands|Iron Hands, L50, shiny, tera:Water|35\/100\n|turn|9\n|\n|t:|1699813441\n|move|p1a: Iron Hands|Fake Out|p2b: Chi-Yu\n|-damage|p2b: Chi-Yu|77\/100\n|cant|p2b: Chi-Yu|flinch\n|\n|-heal|p2b: Chi-Yu|84\/100|[from] Grassy Terrain\n|-heal|p1a: Iron Hands|41\/100|[from] Grassy Terrain\n|upkeep\n|turn|10\n|\n|t:|1699813450\n|move|p2b: Chi-Yu|Heat Wave|p1a: Iron Hands\n|-resisted|p1a: Iron Hands\n|-damage|p1a: Iron Hands|14\/100\n|-status|p1a: Iron Hands|brn\n|move|p1a: Iron Hands|Drain Punch|p2b: Chi-Yu\n|-supereffective|p2b: Chi-Yu\n|-damage|p2b: Chi-Yu|18\/100\n|-heal|p1a: Iron Hands|32\/100 brn|[from] drain|[of] p2b: Chi-Yu\n|\n|-heal|p2b: Chi-Yu|24\/100|[from] Grassy Terrain\n|-heal|p1a: Iron Hands|38\/100 brn|[from] Grassy Terrain\n|-damage|p1a: Iron Hands|32\/100 brn|[from] brn\n|upkeep\n|turn|11\n|\n|t:|1699813463\n|move|p2b: Chi-Yu|Heat Wave|p1a: Iron Hands\n|-resisted|p1a: Iron Hands\n|-damage|p1a: Iron Hands|3\/100 brn\n|move|p1a: Iron Hands|Drain Punch|p2b: Chi-Yu\n|-supereffective|p2b: Chi-Yu\n|-crit|p2b: Chi-Yu\n|-damage|p2b: Chi-Yu|0 fnt\n|-heal|p1a: Iron Hands|10\/100 brn|[from] drain|[of] p2b: Chi-Yu\n|faint|p2b: Chi-Yu\n|\n|win|Axel316\n|raw|Axel316's rating: 1432 &rarr; <strong>1453<\/strong><br \/>(+21 for winning)\n|raw|uxie808's rating: 1452 &rarr; <strong>1431<\/strong><br \/>(-21 for losing)\n|l|\u2606uxie808\n|l|\u2606Axel316\n|j|\u2606Axel316\n|player|p1|Axel316|2\n","uploadtime":1699813640,"views":28,"p1id":"axel316","p2id":"uxie808","formatid":"gen9vgc2023regulatione","rating":1431,"private":0,"password":""}